{"id":"gen9vgc2023regulatione-1994955792","p1":"Gill x Mayhem","p2":"Ljhartman","format":"[Gen 9] VGC 2023 Regulation E","log":"|j|\u2606Gill x Mayhem\n|j|\u2606Ljhartman\n|n|\u2606Gill x Mayhem|gillxmayhem\n|n|\u2606Ljhartman|ljhartman\n|html|View the match progress at <a href=\"\/game-bestof3-gen9vgc2023regulatione-1994955791\">game-bestof3-gen9vgc2023regulatione-1994955791<\/a>\n|t:|1700507896\n|gametype|doubles\n|player|p1|Gill x Mayhem|265|\n|player|p2|Ljhartman|2|\n|teamsize|p1|6\n|teamsize|p2|6\n|gen|9\n|tier|[Gen 9] VGC 2023 Regulation E\n|rule|Species Clause: Limit one of each Pok\u00e9mon\n|rule|Item Clause: Limit one of each item\n|clearpoke\n|poke|p1|Indeedee-F, L50, F|\n|poke|p1|Armarouge, L50, M|\n|poke|p1|Ursaluna, L50, F|\n|poke|p1|Oranguru, L50, F|\n|poke|p1|Hatterene, L50, F|\n|poke|p1|Bruxish, L50, F|\n|poke|p2|Mimikyu, L50, F|\n|poke|p2|Snorlax, L50, M|\n|poke|p2|Gyarados, L50, F|\n|poke|p2|Talonflame, L50, F|\n|poke|p2|Golem-Alola, L50, M|\n|poke|p2|Rillaboom, L50, M|\n|teampreview|4\nLjhartman rejected open team sheets.\n|\n|t:|1700507964\n|start\n|switch|p1a: Bruxish|Bruxish, L50, F|100\/100\n|switch|p1b: Armarouge|Armarouge, L50, M|100\/100\n|switch|p2a: Snorlax|Snorlax, L50, M, shiny|100\/100\n|switch|p2b: Golem|Golem-Alola, L50, M|100\/100\n|turn|1\n|\n|t:|1700508024\n|move|p2b: Golem|Wide Guard|p2b: Golem\n|-singleturn|p2b: Golem|Wide Guard\n|move|p1a: Bruxish|Flip Turn|p1b: Armarouge\n|-supereffective|p1b: Armarouge\n|-damage|p1b: Armarouge|62\/100\n|-ability|p1b: Armarouge|Weak Armor|boost\n|-unboost|p1b: Armarouge|def|1\n|-boost|p1b: Armarouge|spe|2\n|-enditem|p1b: Armarouge|Weakness Policy\n|-boost|p1b: Armarouge|atk|2|[from] item: Weakness Policy\n|-boost|p1b: Armarouge|spa|2|[from] item: Weakness Policy\n|\n|t:|1700508033\n|switch|p1a: Indeedee|Indeedee-F, L50, F|100\/100|[from] Flip Turn\n|-fieldstart|move: Psychic Terrain|[from] ability: Psychic Surge|[of] p1a: Indeedee\n|-enditem|p1a: Indeedee|Psychic Seed\n|-boost|p1a: Indeedee|spd|1|[from] item: Psychic Seed\n|move|p1b: Armarouge|Expanding Force|p2b: Golem|[spread] \n|-activate|p2a: Snorlax|move: Wide Guard\n|-activate|p2b: Golem|move: Wide Guard\n|move|p2a: Snorlax|Belly Drum|p2a: Snorlax\n|-damage|p2a: Snorlax|51\/100\n|-setboost|p2a: Snorlax|atk|6|[from] move: Belly Drum\n|\n|upkeep\n|turn|2\n|\n|t:|1700508086\n|-terastallize|p1b: Armarouge|Psychic\n|-terastallize|p2a: Snorlax|Ghost\n|move|p2b: Golem|Wide Guard|p2b: Golem\n|-singleturn|p2b: Golem|Wide Guard\n|move|p1a: Indeedee|Follow Me|p1a: Indeedee\n|-singleturn|p1a: Indeedee|move: Follow Me\n|move|p1b: Armarouge|Stored Power|p2a: Snorlax\n|-damage|p2a: Snorlax|0 fnt\n|faint|p2a: Snorlax\n|\n|upkeep\n|\n|t:|1700508096\n|switch|p2a: Rillaboom|Rillaboom, L50, M|100\/100\n|-fieldstart|move: Grassy Terrain|[from] ability: Grassy Surge|[of] p2a: Rillaboom\n|turn|3\n|\n|t:|1700508125\n|switch|p1a: Bruxish|Bruxish, L50, F|100\/100\n|move|p1b: Armarouge|Stored Power|p2a: Rillaboom\n|-damage|p2a: Rillaboom|0 fnt\n|faint|p2a: Rillaboom\n|move|p2b: Golem|Rock Blast|p1b: Armarouge\n|-damage|p1b: Armarouge|44\/100\n|-ability|p1b: Armarouge|Weak Armor|boost\n|-unboost|p1b: Armarouge|def|1\n|-boost|p1b: Armarouge|spe|2\n|-damage|p1b: Armarouge|16\/100\n|-ability|p1b: Armarouge|Weak Armor|boost\n|-unboost|p1b: Armarouge|def|1\n|-boost|p1b: Armarouge|spe|2\n|-damage|p1b: Armarouge|0 fnt\n|faint|p1b: Armarouge\n|-hitcount|p1: Armarouge|3\n|\n|upkeep\n|\n|t:|1700508144\n|switch|p1b: Ursaluna|Ursaluna, L50, F|100\/100\n|switch|p2a: reddragon|Gyarados, L50, F, shiny|100\/100\n|-ability|p2a: reddragon|Intimidate|boost\n|-unboost|p1a: Bruxish|atk|1\n|-unboost|p1b: Ursaluna|atk|1\n|turn|4\n|\n|t:|1700508157\n|switch|p1b: Indeedee|Indeedee-F, L50, F|100\/100\n|-fieldstart|move: Psychic Terrain|[from] ability: Psychic Surge|[of] p1b: Indeedee\n|move|p1a: Bruxish|Chilling Water|p2b: Golem\n|-supereffective|p2b: Golem\n|-damage|p2b: Golem|67\/100\n|-unboost|p2b: Golem|atk|1\n|move|p2a: reddragon|Waterfall|p1b: Indeedee\n|-damage|p1b: Indeedee|54\/100\n|move|p2b: Golem|Rock Blast|p1a: Bruxish\n|-damage|p1a: Bruxish|88\/100\n|-damage|p1a: Bruxish|76\/100\n|-damage|p1a: Bruxish|64\/100\n|-damage|p1a: Bruxish|51\/100\n|-damage|p1a: Bruxish|39\/100\n|-hitcount|p1a: Bruxish|5\n|\n|upkeep\n|turn|5\n|\n|t:|1700508181\n|move|p2b: Golem|Protect|p2b: Golem\n|-singleturn|p2b: Golem|Protect\n|move|p1b: Indeedee|Follow Me|p1b: Indeedee\n|-singleturn|p1b: Indeedee|move: Follow Me\n|move|p1a: Bruxish|Chilling Water|p2b: Golem\n|-activate|p2b: Golem|move: Protect\n|move|p2a: reddragon|Waterfall|p1b: Indeedee\n|-damage|p1b: Indeedee|10\/100\n|\n|upkeep\n|turn|6\n|\n|t:|1700508208\n|move|p1b: Indeedee|Follow Me|p1b: Indeedee\n|-singleturn|p1b: Indeedee|move: Follow Me\n|move|p1a: Bruxish|Chilling Water|p2b: Golem\n|-supereffective|p2b: Golem\n|-damage|p2b: Golem|34\/100\n|-unboost|p2b: Golem|atk|1\n|move|p2a: reddragon|Waterfall|p1b: Indeedee\n|-damage|p1b: Indeedee|0 fnt\n|faint|p1b: Indeedee\n|move|p2b: Golem|Rock Blast|p1a: Bruxish\n|-damage|p1a: Bruxish|30\/100\n|-damage|p1a: Bruxish|21\/100\n|-damage|p1a: Bruxish|11\/100\n|-damage|p1a: Bruxish|2\/100\n|-hitcount|p1a: Bruxish|4\n|\n|upkeep\n|\n|t:|1700508221\n|switch|p1b: Ursaluna|Ursaluna, L50, F|100\/100\n|turn|7\n|\n|t:|1700508243\n|move|p1a: Bruxish|Chilling Water|p2a: reddragon\n|-resisted|p2a: reddragon\n|-damage|p2a: reddragon|93\/100\n|-unboost|p2a: reddragon|atk|1\n|move|p2a: reddragon|Waterfall|p1b: Ursaluna\n|-supereffective|p1b: Ursaluna\n|-damage|p1b: Ursaluna|55\/100\n|move|p2b: Golem|Rock Blast|p1a: Bruxish\n|-damage|p1a: Bruxish|0 fnt\n|faint|p1a: Bruxish\n|-hitcount|p1: Bruxish|1\n|move|p1b: Ursaluna|Yawn|p2a: reddragon\n|-start|p2a: reddragon|move: Yawn|[of] p1b: Ursaluna\n|\n|-status|p1b: Ursaluna|brn|[from] item: Flame Orb\n|upkeep\n|turn|8\n|\n|t:|1700508264\n|move|p1b: Ursaluna|Protect|p1b: Ursaluna\n|-singleturn|p1b: Ursaluna|Protect\n|move|p2a: reddragon|Waterfall|p1b: Ursaluna\n|-activate|p1b: Ursaluna|move: Protect\n|move|p2b: Golem|Rock Blast|p1b: Ursaluna\n|-activate|p1b: Ursaluna|move: Protect\n|\n|-damage|p1b: Ursaluna|49\/100 brn|[from] brn\n|-end|p2a: reddragon|move: Yawn|[silent]\n|-status|p2a: reddragon|slp\n|-fieldend|move: Psychic Terrain\n|upkeep\n|turn|9\n|\n|t:|1700508295\n|cant|p2a: reddragon|slp\n|move|p2b: Golem|Rock Blast|p1b: Ursaluna\n|-resisted|p1b: Ursaluna\n|-damage|p1b: Ursaluna|46\/100 brn\n|-resisted|p1b: Ursaluna\n|-damage|p1b: Ursaluna|44\/100 brn\n|-resisted|p1b: Ursaluna\n|-damage|p1b: Ursaluna|41\/100 brn\n|-resisted|p1b: Ursaluna\n|-damage|p1b: Ursaluna|39\/100 brn\n|-resisted|p1b: Ursaluna\n|-damage|p1b: Ursaluna|36\/100 brn\n|-hitcount|p1b: Ursaluna|5\n|move|p1b: Ursaluna|Facade|p2a: reddragon\n|-damage|p2a: reddragon|0 fnt\n|faint|p2a: reddragon\n|\n|-damage|p1b: Ursaluna|30\/100 brn|[from] brn\n|upkeep\n|turn|10\n|\n|t:|1700508311\n|move|p2b: Golem|Protect|p2b: Golem\n|-singleturn|p2b: Golem|Protect\n|move|p1b: Ursaluna|Headlong Rush|p2b: Golem\n|-activate|p2b: Golem|move: Protect\n|\n|-damage|p1b: Ursaluna|25\/100 brn|[from] brn\n|upkeep\n|turn|11\n|\n|t:|1700508340\n|move|p2b: Golem|Rock Blast|p1b: Ursaluna\n|-resisted|p1b: Ursaluna\n|-damage|p1b: Ursaluna|22\/100 brn\n|-resisted|p1b: Ursaluna\n|-damage|p1b: Ursaluna|19\/100 brn\n|-resisted|p1b: Ursaluna\n|-damage|p1b: Ursaluna|16\/100 brn\n|-resisted|p1b: Ursaluna\n|-damage|p1b: Ursaluna|14\/100 brn\n|-resisted|p1b: Ursaluna\n|-damage|p1b: Ursaluna|11\/100 brn\n|-hitcount|p1b: Ursaluna|5\n|move|p1b: Ursaluna|Headlong Rush|p2b: Golem\n|-supereffective|p2b: Golem\n|-damage|p2b: Golem|0 fnt\n|-unboost|p1b: Ursaluna|def|1\n|-unboost|p1b: Ursaluna|spd|1\n|faint|p2b: Golem\n|\n|win|Gill x Mayhem\n|c|\u2606Ljhartman|ggs\n|c|&|\/uhtml prompt-ljhartman,Ljhartman is ready for game 2!\n|inactive|Gill x Mayhem has 50 seconds to confirm battle start!\n|c|\u2606Gill x Mayhem|gg\n|c|&|\/uhtml prompt-gillxmayhem,Gill x Mayhem is ready for game 2!\nBoth players are ready! Starting next match!\n","uploadtime":1700508673,"views":21,"p1id":"gillxmayhem","p2id":"ljhartman","formatid":"gen9vgc2023regulatione","rating":0,"private":0,"password":""}