{"id":"gen9vgc2023regulatione-1995632779","p1":"Elektrogod","p2":"Chien-Meow","format":"[Gen 9] VGC 2023 Regulation E","log":"|j|\u2606Elektrogod\n|j|\u2606Chien-Meow\n|n|\u2606Elektrogod|elektrogod\n|n|\u2606Chien-Meow|chienmeow\n|html|View the match progress at <a href=\"\/game-bestof3-gen9vgc2023regulatione-1995632778\">game-bestof3-gen9vgc2023regulatione-1995632778<\/a>\n|t:|1700589250\n|gametype|doubles\n|player|p1|Elektrogod|265|\n|player|p2|Chien-Meow|benga|\n|teamsize|p1|6\n|teamsize|p2|6\n|gen|9\n|tier|[Gen 9] VGC 2023 Regulation E\n|rule|Species Clause: Limit one of each Pok\u00e9mon\n|rule|Item Clause: Limit one of each item\n|clearpoke\n|poke|p1|Ninetales-Alola, L50, F|\n|poke|p1|Iron Bundle, L50|\n|poke|p1|Brute Bonnet, L50|\n|poke|p1|Iron Hands, L50|\n|poke|p1|Talonflame, L50, F|\n|poke|p1|Farigiraf, L50, F|\n|poke|p2|Dragapult, L50, F|\n|poke|p2|Meowscarada, L50, F|\n|poke|p2|Infernape, L50, F|\n|poke|p2|Clefable, L50, F|\n|poke|p2|Samurott-Hisui, L50, M|\n|poke|p2|Garganacl, L50, F|\n|teampreview|4\n|inactive|Battle timer is ON: inactive players will automatically lose when time's up. (requested by Elektrogod)\n|c|\u2606Elektrogod|Gl Hf\n|c|\u2606Chien-Meow|u2\n|inactive|Elektrogod has 60 seconds left.\n|inactive|Chien-Meow has 60 seconds left.\n|inactiveoff|Battle timer is now OFF.\n|c|\u2606Elektrogod|einen Moment\n|j| PlayingKlefki\n|inactive|Battle timer is ON: inactive players will automatically lose when time's up. (requested by Elektrogod)\n|c| PlayingKlefki|nvmd hab euch xD\n|c|\u2606Chien-Meow|Troll :^)\n|inactive|Elektrogod has 30 seconds left.\n|inactive|Elektrogod has 20 seconds left.\n|c| PlayingKlefki|Will mal gutes Game Play sehen nicht wie meins\n|inactive|Elektrogod has 15 seconds left.\n|\n|t:|1700589380\n|start\n|switch|p1a: Nezuko|Ninetales-Alola, L50, F, shiny|100\/100\n|switch|p1b: Ayaka Kamisato|Iron Bundle, L50|100\/100\n|switch|p2a: Eren|Clefable, L50, F|100\/100\n|switch|p2b: Nie gebraucht|Samurott-Hisui, L50, M|100\/100\n|-weather|Snow|[from] ability: Snow Warning|[of] p1a: Nezuko\n|-enditem|p1b: Ayaka Kamisato|Booster Energy\n|-activate|p1b: Ayaka Kamisato|ability: Quark Drive|[fromitem]\n|-start|p1b: Ayaka Kamisato|quarkdrivespe\n|turn|1\n|j| MenofCulture2\n|c| MenofCulture2|Was geht\n|c| MenofCulture2|Gibbe hax\n|inactive|Chien-Meow has 30 seconds left.\n|inactive|Chien-Meow has 20 seconds left.\n|c| PlayingKlefki|xD\n|inactive|Chien-Meow has 15 seconds left.\n|inactive|Chien-Meow has 10 seconds left.\n|\n|t:|1700589428\n|move|p2a: Eren|Follow Me|p2a: Eren\n|-singleturn|p2a: Eren|move: Follow Me\n|move|p1b: Ayaka Kamisato|Icy Wind|p2b: Nie gebraucht|[spread] p2a,p2b\n|-resisted|p2b: Nie gebraucht\n|-damage|p2a: Eren|86\/100\n|-damage|p2b: Nie gebraucht|84\/100\n|-unboost|p2a: Eren|spe|1\n|-unboost|p2b: Nie gebraucht|spe|1\n|move|p1a: Nezuko|Aurora Veil|p1a: Nezuko\n|-sidestart|p1: Elektrogod|move: Aurora Veil\n|move|p2b: Nie gebraucht|Ceaseless Edge|p1b: Ayaka Kamisato\n|-damage|p1b: Ayaka Kamisato|69\/100\n|-sidestart|p1: Elektrogod|Spikes\n|\n|-weather|Snow|[upkeep]\n|upkeep\n|turn|2\n|inactive|Chien-Meow has 30 seconds left.\n|c| PlayingKlefki|GLeo mit den Hazards man kennt ihn\n|inactive|Chien-Meow has 20 seconds left.\n|inactive|Chien-Meow has 15 seconds left.\n|\n|t:|1700589472\n|move|p1b: Ayaka Kamisato|Protect|p1b: Ayaka Kamisato\n|-singleturn|p1b: Ayaka Kamisato|Protect\n|move|p2a: Eren|Follow Me|p2a: Eren\n|-singleturn|p2a: Eren|move: Follow Me\n|move|p1a: Nezuko|Disable|p2a: Eren\n|-start|p2a: Eren|Disable|Follow Me\n|move|p2b: Nie gebraucht|Ceaseless Edge|p1b: Ayaka Kamisato\n|-activate|p1b: Ayaka Kamisato|move: Protect\n|\n|-weather|Snow|[upkeep]\n|upkeep\n|turn|3\n|l| MenofCulture2\n|\n|t:|1700589489\n|-terastallize|p2b: Nie gebraucht|Ghost\n|move|p1b: Ayaka Kamisato|Freeze-Dry|p2b: Nie gebraucht\n|-damage|p2b: Nie gebraucht|34\/100\n|-status|p2b: Nie gebraucht|frz\n|move|p1a: Nezuko|Dazzling Gleam|p2a: Eren|[spread] p2a,p2b\n|-damage|p2a: Eren|66\/100\n|-damage|p2b: Nie gebraucht|0 fnt\n|faint|p2b: Nie gebraucht\n|-damage|p1a: Nezuko|91\/100|[from] item: Life Orb\n|move|p2a: Eren|Icy Wind|p1a: Nezuko|[spread] p1a,p1b\n|-resisted|p1a: Nezuko\n|-resisted|p1b: Ayaka Kamisato\n|-damage|p1a: Nezuko|88\/100\n|-damage|p1b: Ayaka Kamisato|66\/100\n|-unboost|p1a: Nezuko|spe|1\n|-unboost|p1b: Ayaka Kamisato|spe|1\n|\n|-weather|Snow|[upkeep]\n|upkeep\n|\n|t:|1700589510\n|switch|p2b: W\u00fcrgdieg\u00fcrk|Dragapult, L50, F|100\/100\n|turn|4\n|\n|t:|1700589524\n|move|p2b: W\u00fcrgdieg\u00fcrk|Protect|p2b: W\u00fcrgdieg\u00fcrk\n|-singleturn|p2b: W\u00fcrgdieg\u00fcrk|Protect\n|move|p1b: Ayaka Kamisato|Freeze-Dry|p2a: Eren\n|-damage|p2a: Eren|43\/100\n|-enditem|p2a: Eren|Sitrus Berry|[eat]\n|-heal|p2a: Eren|67\/100|[from] item: Sitrus Berry\n|move|p1a: Nezuko|Dazzling Gleam|p2b: W\u00fcrgdieg\u00fcrk|[spread] p2a\n|-activate|p2b: W\u00fcrgdieg\u00fcrk|move: Protect\n|-damage|p2a: Eren|48\/100\n|-damage|p1a: Nezuko|78\/100|[from] item: Life Orb\n|move|p2a: Eren|Dazzling Gleam|p1a: Nezuko|[spread] p1a,p1b\n|-damage|p1a: Nezuko|64\/100\n|-damage|p1b: Ayaka Kamisato|46\/100\n|\n|-weather|Snow|[upkeep]\n|upkeep\n|turn|5\n|inactive|Chien-Meow has 30 seconds left.\n|\n|t:|1700589554\n|-terastallize|p1a: Nezuko|Fairy\n|move|p1b: Ayaka Kamisato|Protect|p1b: Ayaka Kamisato\n|-singleturn|p1b: Ayaka Kamisato|Protect\n|move|p2b: W\u00fcrgdieg\u00fcrk|Dragon Darts|p1b: Ayaka Kamisato\n|-immune|p1a: Nezuko\n|move|p1a: Nezuko|Dazzling Gleam|p2a: Eren|[spread] p2a,p2b\n|-supereffective|p2b: W\u00fcrgdieg\u00fcrk\n|-damage|p2a: Eren|22\/100\n|-damage|p2b: W\u00fcrgdieg\u00fcrk|2\/100\n|-enditem|p2b: W\u00fcrgdieg\u00fcrk|Weakness Policy\n|-boost|p2b: W\u00fcrgdieg\u00fcrk|atk|2|[from] item: Weakness Policy\n|-boost|p2b: W\u00fcrgdieg\u00fcrk|spa|2|[from] item: Weakness Policy\n|-damage|p1a: Nezuko|54\/100|[from] item: Life Orb\n|move|p2a: Eren|Dazzling Gleam|p1a: Nezuko|[spread] p1a\n|-activate|p1b: Ayaka Kamisato|move: Protect\n|-damage|p1a: Nezuko|40\/100\n|\n|-weather|none\n|-sideend|p1: Elektrogod|move: Aurora Veil\n|upkeep\n|turn|6\n|c|\u2606Elektrogod|Wtf wie bulky ist dein Pult xD\n|inactive|Elektrogod has 30 seconds left.\n|inactive|Chien-Meow has 30 seconds left.\n|inactive|Chien-Meow has 20 seconds left.\n|\n|t:|1700589591\n|move|p2b: W\u00fcrgdieg\u00fcrk|Protect|p2b: W\u00fcrgdieg\u00fcrk\n|-singleturn|p2b: W\u00fcrgdieg\u00fcrk|Protect\n|move|p1b: Ayaka Kamisato|Icy Wind|p2b: W\u00fcrgdieg\u00fcrk|[spread] p2a\n|-activate|p2b: W\u00fcrgdieg\u00fcrk|move: Protect\n|-damage|p2a: Eren|8\/100\n|-unboost|p2a: Eren|spe|1\n|move|p1a: Nezuko|Dazzling Gleam|p2b: W\u00fcrgdieg\u00fcrk|[spread] p2a\n|-activate|p2b: W\u00fcrgdieg\u00fcrk|move: Protect\n|-damage|p2a: Eren|0 fnt\n|faint|p2a: Eren\n|-damage|p1a: Nezuko|30\/100|[from] item: Life Orb\n|\n|upkeep\n|\n|t:|1700589605\n|switch|p2a: Kitkatze|Meowscarada, L50, F|100\/100\n|turn|7\n|inactive|Elektrogod has 30 seconds left.\n|\n|t:|1700589633\n|switch|p1a: Yoimiya|Brute Bonnet, L50|100\/100\n|-damage|p1a: Yoimiya|88\/100|[from] Spikes\n|move|p1b: Ayaka Kamisato|Protect|p1b: Ayaka Kamisato\n|-singleturn|p1b: Ayaka Kamisato|Protect\n|move|p2a: Kitkatze|Flower Trick|p1a: Yoimiya\n|-start|p2a: Kitkatze|typechange|Grass|[from] ability: Protean\n|-resisted|p1a: Yoimiya\n|-crit|p1a: Yoimiya\n|-damage|p1a: Yoimiya|70\/100\n|move|p2b: W\u00fcrgdieg\u00fcrk|Acrobatics|p1b: Ayaka Kamisato\n|-activate|p1b: Ayaka Kamisato|move: Protect\n|\n|upkeep\n|turn|8\n|\n|t:|1700589658\n|-end|p1b: Ayaka Kamisato|Quark Drive|[silent]\n|switch|p1b: Aschenpelz|Iron Hands, L50|100\/100\n|-damage|p1b: Aschenpelz|88\/100|[from] Spikes\n|move|p2b: W\u00fcrgdieg\u00fcrk|Protect|p2b: W\u00fcrgdieg\u00fcrk\n|-singleturn|p2b: W\u00fcrgdieg\u00fcrk|Protect\n|move|p1a: Yoimiya|Sucker Punch||[still]\n|-fail|p1a: Yoimiya\n|move|p2a: Kitkatze|Flower Trick|p1b: Aschenpelz\n|-crit|p1b: Aschenpelz\n|-damage|p1b: Aschenpelz|55\/100\n|\n|-heal|p1b: Aschenpelz|61\/100|[from] item: Leftovers\n|upkeep\n|turn|9\n|\n|t:|1700589677\n|move|p2b: W\u00fcrgdieg\u00fcrk|Protect||[still]\n|-fail|p2b: W\u00fcrgdieg\u00fcrk\n|move|p1b: Aschenpelz|Fake Out|p2a: Kitkatze\n|-damage|p2a: Kitkatze|77\/100\n|move|p1a: Yoimiya|Sucker Punch||[still]\n|-fail|p1a: Yoimiya\n|cant|p2a: Kitkatze|flinch\n|\n|-heal|p1b: Aschenpelz|67\/100|[from] item: Leftovers\n|upkeep\n|turn|10\n|\n|t:|1700589696\n|move|p2b: W\u00fcrgdieg\u00fcrk|Protect|p2b: W\u00fcrgdieg\u00fcrk\n|-singleturn|p2b: W\u00fcrgdieg\u00fcrk|Protect\n|move|p1a: Yoimiya|Sucker Punch|p2a: Kitkatze\n|-damage|p2a: Kitkatze|28\/100\n|move|p2a: Kitkatze|Flower Trick|p1b: Aschenpelz\n|-crit|p1b: Aschenpelz\n|-damage|p1b: Aschenpelz|34\/100\n|move|p1b: Aschenpelz|Wild Charge|p2b: W\u00fcrgdieg\u00fcrk\n|-activate|p2b: W\u00fcrgdieg\u00fcrk|move: Protect\n|\n|-heal|p1b: Aschenpelz|40\/100|[from] item: Leftovers\n|upkeep\n|turn|11\n|\n|t:|1700589715\n|move|p1a: Yoimiya|Sucker Punch|p2b: W\u00fcrgdieg\u00fcrk\n|-supereffective|p2b: W\u00fcrgdieg\u00fcrk\n|-damage|p2b: W\u00fcrgdieg\u00fcrk|0 fnt\n|faint|p2b: W\u00fcrgdieg\u00fcrk\n|move|p2a: Kitkatze|Flower Trick|p1b: Aschenpelz\n|-crit|p1b: Aschenpelz\n|-damage|p1b: Aschenpelz|8\/100\n|move|p1b: Aschenpelz|Drain Punch|p2a: Kitkatze\n|-damage|p2a: Kitkatze|0 fnt\n|-heal|p1b: Aschenpelz|18\/100|[from] drain|[of] p2a: Kitkatze\n|faint|p2a: Kitkatze\n|\n|win|Elektrogod\n|c|&|\/uhtml prompt-elektrogod,Elektrogod is ready for game 2!\n|c|&|\/uhtml prompt-chienmeow,Chien-Meow is ready for game 2!\nBoth players are ready! Starting next match!\n|l| PlayingKlefki\n","uploadtime":1700590934,"views":2,"p1id":"elektrogod","p2id":"chienmeow","formatid":"gen9vgc2023regulatione","rating":0,"private":0,"password":""}