{"id":"gen9vgc2023regulatione-1998366417","p1":"Syblaze","p2":"Levelup_yaman","format":"[Gen 9] VGC 2023 Regulation E","log":"|j|\u2606Syblaze\n|j|\u2606Levelup_yaman\n|t:|1700934338\n|gametype|doubles\n|player|p1|Syblaze|1|1084\n|player|p2|Levelup_yaman|picnicker|1151\n|teamsize|p1|6\n|teamsize|p2|6\n|gen|9\n|tier|[Gen 9] VGC 2023 Regulation E\n|rated|\n|rule|Species Clause: Limit one of each Pok\u00e9mon\n|rule|Item Clause: Limit one of each item\n|clearpoke\n|poke|p1|Skeledirge, L50, M|\n|poke|p1|Samurott-Hisui, L50, M|\n|poke|p1|Meowscarada, L50, F|\n|poke|p1|Landorus-Therian, L50, M|\n|poke|p1|Sinistcha, L50|\n|poke|p1|Hydreigon, L50, F|\n|poke|p2|Pawmot, L50, M|\n|poke|p2|Baxcalibur, L50, M|\n|poke|p2|Garganacl, L50, M|\n|poke|p2|Skeledirge, L50, F|\n|poke|p2|Arboliva, L50, M|\n|poke|p2|Kingambit, L50, M|\n|teampreview|4\n|inactive|Battle timer is ON: inactive players will automatically lose when time's up. (requested by Levelup_yaman)\n|inactive|Syblaze has 60 seconds left.\n|inactive|Levelup_yaman has 60 seconds left.\n|inactive|Levelup_yaman has 30 seconds left.\n|inactive|Levelup_yaman has 20 seconds left.\nSyblaze rejected open team sheets.\n|inactive|Levelup_yaman has 15 seconds left.\n|\n|t:|1700934418\n|start\n|switch|p1a: Skeledirge|Skeledirge, L50, M|100\/100\n|switch|p1b: Meowscarada|Meowscarada, L50, F|100\/100\n|switch|p2a: Arboliva|Arboliva, L50, M|100\/100\n|switch|p2b: Skeledirge|Skeledirge, L50, F|100\/100\n|turn|1\n|\n|t:|1700934438\n|-terastallize|p1b: Meowscarada|Rock\n|move|p2b: Skeledirge|Torch Song|p1b: Meowscarada\n|-resisted|p1b: Meowscarada\n|-damage|p1b: Meowscarada|78\/100\n|-boost|p2b: Skeledirge|spa|1\n|move|p1b: Meowscarada|Grass Pledge|p2a: Arboliva\n|-waiting|p1b: Meowscarada|p1a: Skeledirge\n|move|p1a: Skeledirge|Fire Pledge|p2a: Arboliva|[from]move: Grass Pledge\n|-combine\n|-supereffective|p2a: Arboliva\n|-damage|p2a: Arboliva|6\/100\n|-sidestart|p2: Levelup_yaman|Fire Pledge\n|-fieldstart|move: Grassy Terrain|[from] ability: Seed Sower|[of] p2a: Arboliva\n|move|p2a: Arboliva|Earth Power|p1a: Skeledirge\n|-supereffective|p1a: Skeledirge\n|-damage|p1a: Skeledirge|35\/100\n|\n|-heal|p1b: Meowscarada|84\/100|[from] Grassy Terrain\n|-heal|p1a: Skeledirge|41\/100|[from] Grassy Terrain\n|-heal|p1a: Skeledirge|47\/100|[from] item: Leftovers\n|-damage|p2a: Arboliva|0 fnt|[from] Fire Pledge\n|faint|p2a: Arboliva\n|upkeep\n|\n|t:|1700934459\n|switch|p2a: Baxcalibur|Baxcalibur, L50, M|100\/100\n|turn|2\n|c|\u2606Syblaze|g-max wildfire is back\n|inactive|Syblaze has 30 seconds left.\n|\n|t:|1700934490\n|move|p2b: Skeledirge|Torch Song|p1b: Meowscarada\n|-resisted|p1b: Meowscarada\n|-damage|p1b: Meowscarada|50\/100\n|-boost|p2b: Skeledirge|spa|1\n|move|p1b: Meowscarada|Tera Blast|p2b: Skeledirge|[anim] Tera Blast Rock\n|-supereffective|p2b: Skeledirge\n|-damage|p2b: Skeledirge|40\/100\n|move|p2a: Baxcalibur|Icicle Spear|p1b: Meowscarada\n|-damage|p1b: Meowscarada|28\/100\n|-damage|p1b: Meowscarada|9\/100\n|-damage|p1b: Meowscarada|0 fnt\n|faint|p1b: Meowscarada\n|-hitcount|p1: Meowscarada|3\n|move|p1a: Skeledirge|Torch Song|p2a: Baxcalibur\n|-damage|p2a: Baxcalibur|59\/100\n|-boost|p1a: Skeledirge|spa|1\n|-ability|p2a: Baxcalibur|Thermal Exchange|boost\n|-boost|p2a: Baxcalibur|atk|1\n|\n|-heal|p2b: Skeledirge|46\/100|[from] Grassy Terrain\n|-damage|p2a: Baxcalibur|47\/100|[from] Fire Pledge\n|-heal|p2a: Baxcalibur|53\/100|[from] Grassy Terrain\n|-heal|p1a: Skeledirge|54\/100|[from] Grassy Terrain\n|-heal|p1a: Skeledirge|60\/100|[from] item: Leftovers\n|upkeep\n|\n|t:|1700934509\n|switch|p1b: Sinistcha|Sinistcha, L50|100\/100\n|-heal|p1a: Skeledirge|84\/100|[from] ability: Hospitality|[of] p1b: Sinistcha\n|turn|3\n|\n|t:|1700934527\n|move|p2b: Skeledirge|Torch Song|p1b: Sinistcha\n|-supereffective|p1b: Sinistcha\n|-damage|p1b: Sinistcha|0 fnt\n|-boost|p2b: Skeledirge|spa|1\n|faint|p1b: Sinistcha\n|move|p2a: Baxcalibur|Crunch|p1a: Skeledirge\n|-supereffective|p1a: Skeledirge\n|-damage|p1a: Skeledirge|34\/100\n|move|p1a: Skeledirge|Torch Song|p2b: Skeledirge\n|-resisted|p2b: Skeledirge\n|-damage|p2b: Skeledirge|19\/100\n|-boost|p1a: Skeledirge|spa|1\n|\n|-heal|p2b: Skeledirge|26\/100|[from] Grassy Terrain\n|-damage|p2a: Baxcalibur|41\/100|[from] Fire Pledge\n|-heal|p2a: Baxcalibur|47\/100|[from] Grassy Terrain\n|-heal|p1a: Skeledirge|40\/100|[from] Grassy Terrain\n|-heal|p1a: Skeledirge|46\/100|[from] item: Leftovers\n|upkeep\n|\n|t:|1700934544\n|switch|p1b: Landorus|Landorus-Therian, L50, M|100\/100\n|-ability|p1b: Landorus|Intimidate|boost\n|-unboost|p2a: Baxcalibur|atk|1\n|-unboost|p2b: Skeledirge|atk|1\n|turn|4\n|\n|t:|1700934555\n|move|p2b: Skeledirge|Torch Song|p1a: Skeledirge\n|-resisted|p1a: Skeledirge\n|-damage|p1a: Skeledirge|26\/100\n|-boost|p2b: Skeledirge|spa|1\n|move|p2a: Baxcalibur|Icicle Spear|p1b: Landorus\n|-supereffective|p1b: Landorus\n|-damage|p1b: Landorus|35\/100\n|-supereffective|p1b: Landorus\n|-damage|p1b: Landorus|0 fnt\n|faint|p1b: Landorus\n|-hitcount|p1: Landorus|2\n|move|p1a: Skeledirge|Torch Song|p2a: Baxcalibur\n|-damage|p2a: Baxcalibur|0 fnt\n|-boost|p1a: Skeledirge|spa|1\n|faint|p2a: Baxcalibur\n|\n|-heal|p2b: Skeledirge|32\/100|[from] Grassy Terrain\n|-heal|p1a: Skeledirge|32\/100|[from] Grassy Terrain\n|-heal|p1a: Skeledirge|38\/100|[from] item: Leftovers\n|-sideend|p2: Levelup_yaman|Fire Pledge\n|upkeep\n|\n|t:|1700934567\n|switch|p2a: Garganacl|Garganacl, L50, M|100\/100\n|-item|p2a: Garganacl|Air Balloon\n|turn|5\n|\n|t:|1700934580\n|-terastallize|p2a: Garganacl|Fire\n|move|p2b: Skeledirge|Torch Song|p1a: Skeledirge\n|-resisted|p1a: Skeledirge\n|-damage|p1a: Skeledirge|18\/100\n|-boost|p2b: Skeledirge|spa|1\n|move|p1a: Skeledirge|Torch Song|p2a: Garganacl\n|-resisted|p2a: Garganacl\n|-damage|p2a: Garganacl|49\/100\n|-boost|p1a: Skeledirge|spa|1\n|-enditem|p2a: Garganacl|Air Balloon\n|move|p2a: Garganacl|Stomping Tantrum|p1a: Skeledirge\n|-supereffective|p1a: Skeledirge\n|-damage|p1a: Skeledirge|0 fnt\n|faint|p1a: Skeledirge\n|\n|win|Levelup_yaman\n|raw|Syblaze's rating: 1084 &rarr; <strong>1066<\/strong><br \/>(-18 for losing)\n|raw|Levelup_yaman's rating: 1151 &rarr; <strong>1171<\/strong><br \/>(+20 for winning)\n","uploadtime":1700934600,"views":0,"p1id":"syblaze","p2id":"levelupyaman","formatid":"gen9vgc2023regulatione","rating":1066,"private":0,"password":""}