{"id":"gen9vgc2023regulatione-1999090676","p1":"NotRubyVGC","p2":"aylart3","format":"[Gen 9] VGC 2023 Regulation E","log":"|j|\u2606NotRubyVGC\n|j|\u2606aylart3\n|t:|1701032133\n|gametype|doubles\n|player|p1|NotRubyVGC|266|1528\n|player|p2|aylart3|102|1434\n|teamsize|p1|6\n|teamsize|p2|6\n|gen|9\n|tier|[Gen 9] VGC 2023 Regulation E\n|rated|\n|rule|Species Clause: Limit one of each Pok\u00e9mon\n|rule|Item Clause: Limit one of each item\n|clearpoke\n|poke|p1|Salamence, L50, M|\n|poke|p1|Ogerpon-Wellspring, L50, F|\n|poke|p1|Heatran, L50, M|\n|poke|p1|Rillaboom, L50, M|\n|poke|p1|Flutter Mane, L50|\n|poke|p1|Kingambit, L50, M|\n|poke|p2|Roaring Moon, L50|\n|poke|p2|Rillaboom, L50, M|\n|poke|p2|Iron Hands, L50|\n|poke|p2|Flutter Mane, L50|\n|poke|p2|Heatran, L50, F|\n|poke|p2|Ogerpon-Wellspring, L50, F|\n|teampreview|4\n|inactive|Battle timer is ON: inactive players will automatically lose when time's up. (requested by aylart3)\n|inactive|NotRubyVGC has 60 seconds left.\n|inactive|aylart3 has 60 seconds left.\n|inactive|NotRubyVGC has 30 seconds left.\n|inactive|NotRubyVGC has 20 seconds left.\n|\n|t:|1701032208\n|start\n|switch|p1a: Ogerpon|Ogerpon-Wellspring, L50, F|100\/100\n|switch|p1b: Salamence|Salamence, L50, M|100\/100\n|switch|p2a: Roaring Moon|Roaring Moon, L50|100\/100\n|switch|p2b: Flutter Mane|Flutter Mane, L50|100\/100\n|-ability|p1b: Salamence|Intimidate|boost\n|-unboost|p2a: Roaring Moon|atk|1\n|-unboost|p2b: Flutter Mane|atk|1\n|-enditem|p2a: Roaring Moon|Booster Energy\n|-activate|p2a: Roaring Moon|ability: Protosynthesis|[fromitem]\n|-start|p2a: Roaring Moon|protosynthesisspe\n|turn|1\n|inactive|aylart3 has 30 seconds left.\n|inactive|aylart3 has 20 seconds left.\n|\n|t:|1701032248\n|switch|p1b: Heatran|Heatran, L50, M|100\/100\n|-terastallize|p2b: Flutter Mane|Fairy\n|-terastallize|p1a: Ogerpon|Water\n|detailschange|p1a: Ogerpon|Ogerpon-Wellspring-Tera, L50, F, tera:Water\n|-ability|p1a: Ogerpon|Embody Aspect (Wellspring)|boost\n|-boost|p1a: Ogerpon|spd|1\n|move|p2a: Roaring Moon|Breaking Swipe|p1b: Heatran|[spread] p1a,p1b\n|-resisted|p1b: Heatran\n|-damage|p1a: Ogerpon|84\/100\n|-damage|p1b: Heatran|94\/100\n|-unboost|p1a: Ogerpon|atk|1\n|-unboost|p1b: Heatran|atk|1\n|move|p2b: Flutter Mane|Dazzling Gleam|p1a: Ogerpon|[spread] p1a,p1b\n|-resisted|p1b: Heatran\n|-damage|p1a: Ogerpon|45\/100\n|-damage|p1b: Heatran|83\/100\n|move|p1a: Ogerpon|Ivy Cudgel|p2b: Flutter Mane|[anim] Ivy Cudgel Water\n|-damage|p2b: Flutter Mane|27\/100\n|\n|-heal|p1b: Heatran|89\/100|[from] item: Leftovers\n|upkeep\n|turn|2\n|inactive|NotRubyVGC has 30 seconds left.\n|inactive|NotRubyVGC has 20 seconds left.\n|\n|t:|1701032288\n|-end|p2b: Flutter Mane|Protosynthesis|[silent]\n|switch|p2b: Iron Hands|Iron Hands, L50|100\/100\n|switch|p1a: Rillaboom|Rillaboom, L50, M|100\/100\n|-fieldstart|move: Grassy Terrain|[from] ability: Grassy Surge|[of] p1a: Rillaboom\n|move|p2a: Roaring Moon|Knock Off|p1b: Heatran\n|-damage|p1b: Heatran|60\/100\n|-enditem|p1b: Heatran|Leftovers|[from] move: Knock Off|[of] p2a: Roaring Moon\n|move|p1b: Heatran|Magma Storm|p2b: Iron Hands\n|-crit|p2b: Iron Hands\n|-damage|p2b: Iron Hands|56\/100\n|-activate|p2b: Iron Hands|move: Magma Storm|[of] p1b: Heatran\n|\n|-heal|p1b: Heatran|66\/100|[from] Grassy Terrain\n|-heal|p2b: Iron Hands|62\/100|[from] Grassy Terrain\n|-damage|p2b: Iron Hands|49\/100|[from] move: Magma Storm|[partiallytrapped]\n|upkeep\n|turn|3\n|inactive|NotRubyVGC has 30 seconds left.\n|inactive|aylart3 has 30 seconds left.\n|inactive|NotRubyVGC has 20 seconds left.\n|inactive|aylart3 has 20 seconds left.\n|inactive|NotRubyVGC has 15 seconds left.\n|inactive|aylart3 has 15 seconds left.\n|inactive|NotRubyVGC has 10 seconds left.\n|inactive|aylart3 has 10 seconds left.\n|inactive|aylart3 has 5 seconds left.\n|\n|t:|1701032343\n|move|p1a: Rillaboom|Fake Out|p2b: Iron Hands\n|-damage|p2b: Iron Hands|40\/100\n|move|p2a: Roaring Moon|Knock Off|p1b: Heatran\n|-damage|p1b: Heatran|48\/100\n|move|p1b: Heatran|Magma Storm|p2a: Roaring Moon\n|-resisted|p2a: Roaring Moon\n|-damage|p2a: Roaring Moon|76\/100\n|-activate|p2a: Roaring Moon|move: Magma Storm|[of] p1b: Heatran\n|cant|p2b: Iron Hands|flinch\n|\n|-heal|p2a: Roaring Moon|82\/100|[from] Grassy Terrain\n|-heal|p1b: Heatran|54\/100|[from] Grassy Terrain\n|-heal|p2b: Iron Hands|46\/100|[from] Grassy Terrain\n|-damage|p2a: Roaring Moon|70\/100|[from] move: Magma Storm|[partiallytrapped]\n|-damage|p2b: Iron Hands|34\/100|[from] move: Magma Storm|[partiallytrapped]\n|upkeep\n|turn|4\n|inactive|NotRubyVGC has 30 seconds left.\n|inactive|NotRubyVGC has 20 seconds left.\n|inactive|NotRubyVGC has 15 seconds left.\n|inactive|NotRubyVGC has 10 seconds left.\n|\n|t:|1701032393\n|switch|p1b: Salamence|Salamence, L50, M|100\/100\n|-ability|p1b: Salamence|Intimidate|boost\n|-unboost|p2a: Roaring Moon|atk|1\n|-unboost|p2b: Iron Hands|atk|1\n|move|p2a: Roaring Moon|Breaking Swipe|p1a: Rillaboom|[spread] p1a,p1b\n|-supereffective|p1b: Salamence\n|-damage|p1a: Rillaboom|91\/100\n|-damage|p1b: Salamence|72\/100\n|-unboost|p1a: Rillaboom|atk|1\n|-unboost|p1b: Salamence|atk|1\n|-damage|p2a: Roaring Moon|53\/100|[from] item: Rocky Helmet|[of] p1b: Salamence\n|move|p1a: Rillaboom|Wood Hammer|p2a: Roaring Moon\n|-resisted|p2a: Roaring Moon\n|-damage|p2a: Roaring Moon|22\/100\n|-damage|p1a: Rillaboom|82\/100|[from] Recoil\n|move|p2b: Iron Hands|Drain Punch|p1b: Salamence\n|-resisted|p1b: Salamence\n|-damage|p1b: Salamence|54\/100\n|-heal|p2b: Iron Hands|41\/100|[from] drain|[of] p1b: Salamence\n|-damage|p2b: Iron Hands|24\/100|[from] item: Rocky Helmet|[of] p1b: Salamence\n|\n|-heal|p2a: Roaring Moon|28\/100|[from] Grassy Terrain\n|-heal|p1a: Rillaboom|88\/100|[from] Grassy Terrain\n|-heal|p2b: Iron Hands|30\/100|[from] Grassy Terrain\n|-end|p2a: Roaring Moon|Magma Storm|[partiallytrapped]|[silent]\n|-end|p2b: Iron Hands|Magma Storm|[partiallytrapped]|[silent]\n|upkeep\n|turn|5\n|inactive|NotRubyVGC has 30 seconds left.\n|inactive|aylart3 has 30 seconds left.\n|inactive|NotRubyVGC has 20 seconds left.\n|inactive|aylart3 has 20 seconds left.\n|inactive|aylart3 has 15 seconds left.\n|inactive|aylart3 has 10 seconds left.\n|\n|t:|1701032439\n|move|p2a: Roaring Moon|Breaking Swipe|p1a: Rillaboom|[spread] p1a,p1b\n|-supereffective|p1b: Salamence\n|-damage|p1a: Rillaboom|78\/100\n|-damage|p1b: Salamence|26\/100\n|-unboost|p1a: Rillaboom|atk|1\n|-unboost|p1b: Salamence|atk|1\n|-damage|p2a: Roaring Moon|12\/100|[from] item: Rocky Helmet|[of] p1b: Salamence\n|move|p1b: Salamence|Air Slash|p2b: Iron Hands\n|-damage|p2b: Iron Hands|10\/100\n|move|p1a: Rillaboom|High Horsepower|p2b: Iron Hands\n|-supereffective|p2b: Iron Hands\n|-damage|p2b: Iron Hands|0 fnt\n|faint|p2b: Iron Hands\n|-end|p2b: Iron Hands|Quark Drive|[silent]\n|\n|-heal|p2a: Roaring Moon|18\/100|[from] Grassy Terrain\n|-heal|p1a: Rillaboom|84\/100|[from] Grassy Terrain\n|upkeep\n|\n|t:|1701032452\n|switch|p2b: Ogerpon|Ogerpon-Wellspring, L50, F|100\/100\n|turn|6\n|inactive|NotRubyVGC has 30 seconds left.\n|\n|t:|1701032487\n|switch|p1b: Ogerpon|Ogerpon-Wellspring-Tera, L50, F, tera:Water|45\/100\n|-ability|p1b: Ogerpon|Embody Aspect (Wellspring)|boost\n|-boost|p1b: Ogerpon|spd|1\n|move|p2b: Ogerpon|Spiky Shield|p2b: Ogerpon\n|-singleturn|p2b: Ogerpon|move: Protect\n|move|p2a: Roaring Moon|Tailwind|p2a: Roaring Moon\n|-sidestart|p2: aylart3|move: Tailwind\n|move|p1a: Rillaboom|Wood Hammer|p2b: Ogerpon\n|-activate|p2b: Ogerpon|move: Protect\n|-damage|p1a: Rillaboom|71\/100|[from] Spiky Shield|[of] p2b: Ogerpon\n|\n|-heal|p2a: Roaring Moon|24\/100|[from] Grassy Terrain\n|-heal|p1b: Ogerpon|51\/100|[from] Grassy Terrain\n|-heal|p1a: Rillaboom|77\/100|[from] Grassy Terrain\n|-fieldend|move: Grassy Terrain\n|upkeep\n|turn|7\n|\n|t:|1701032507\n|switch|p1b: Salamence|Salamence, L50, M|26\/100\n|-ability|p1b: Salamence|Intimidate|boost\n|-unboost|p2a: Roaring Moon|atk|1\n|-unboost|p2b: Ogerpon|atk|1\n|switch|p1a: Heatran|Heatran, L50, M|54\/100\n|move|p2a: Roaring Moon|Breaking Swipe|p1b: Salamence|[spread] p1a,p1b\n|-resisted|p1a: Heatran\n|-supereffective|p1b: Salamence\n|-damage|p1a: Heatran|49\/100\n|-damage|p1b: Salamence|3\/100\n|-unboost|p1a: Heatran|atk|1\n|-unboost|p1b: Salamence|atk|1\n|-damage|p2a: Roaring Moon|7\/100|[from] item: Rocky Helmet|[of] p1b: Salamence\n|move|p2b: Ogerpon|Swords Dance|p2b: Ogerpon\n|-boost|p2b: Ogerpon|atk|2\n|\n|upkeep\n|turn|8\n|inactive|NotRubyVGC has 30 seconds left.\n|inactive|NotRubyVGC has 20 seconds left.\n|\n|t:|1701032547\n|move|p1a: Heatran|Protect|p1a: Heatran\n|-singleturn|p1a: Heatran|Protect\n|move|p2a: Roaring Moon|Breaking Swipe|p1a: Heatran|[spread] p1b\n|-activate|p1a: Heatran|move: Protect\n|-supereffective|p1b: Salamence\n|-damage|p1b: Salamence|0 fnt\n|-damage|p2a: Roaring Moon|0 fnt|[from] item: Rocky Helmet|[of] p1b: Salamence\n|faint|p1b: Salamence\n|faint|p2a: Roaring Moon\n|-end|p2a: Roaring Moon|Protosynthesis|[silent]\n|move|p2b: Ogerpon|Ivy Cudgel|p1a: Heatran|[anim] Ivy Cudgel Water\n|-activate|p1a: Heatran|move: Protect\n|\n|upkeep\n|\n|t:|1701032566\n|switch|p2a: Flutter Mane|Flutter Mane, L50, tera:Fairy|27\/100\n|switch|p1b: Rillaboom|Rillaboom, L50, M|77\/100\n|-fieldstart|move: Grassy Terrain|[from] ability: Grassy Surge|[of] p1b: Rillaboom\n|turn|9\n|\n|t:|1701032583\n|move|p1b: Rillaboom|Fake Out|p2b: Ogerpon\n|-damage|p2b: Ogerpon|86\/100\n|move|p2a: Flutter Mane|Moonblast|p1b: Rillaboom\n|-damage|p1b: Rillaboom|8\/100\n|cant|p2b: Ogerpon|flinch\n|move|p1a: Heatran|Flash Cannon|p2a: Flutter Mane\n|-supereffective|p2a: Flutter Mane\n|-damage|p2a: Flutter Mane|0 fnt\n|faint|p2a: Flutter Mane\n|-end|p2a: Flutter Mane|Protosynthesis|[silent]\n|\n|-heal|p2b: Ogerpon|92\/100|[from] Grassy Terrain\n|-heal|p1b: Rillaboom|14\/100|[from] Grassy Terrain\n|-heal|p1a: Heatran|56\/100|[from] Grassy Terrain\n|-sideend|p2: aylart3|move: Tailwind\n|upkeep\n|turn|10\n|inactive|NotRubyVGC has 30 seconds left.\n|inactive|NotRubyVGC has 20 seconds left.\n|\n|t:|1701032622\n|move|p2b: Ogerpon|Grassy Glide|p1b: Rillaboom\n|-resisted|p1b: Rillaboom\n|-damage|p1b: Rillaboom|0 fnt\n|faint|p1b: Rillaboom\n|move|p1a: Heatran|Magma Storm|p2b: Ogerpon\n|-crit|p2b: Ogerpon\n|-damage|p2b: Ogerpon|12\/100\n|-activate|p2b: Ogerpon|move: Magma Storm|[of] p1a: Heatran\n|\n|-heal|p2b: Ogerpon|18\/100|[from] Grassy Terrain\n|-heal|p1a: Heatran|62\/100|[from] Grassy Terrain\n|-damage|p2b: Ogerpon|6\/100|[from] move: Magma Storm|[partiallytrapped]\n|upkeep\n|\n|t:|1701032629\n|switch|p1b: Ogerpon|Ogerpon-Wellspring-Tera, L50, F, tera:Water|51\/100\n|-ability|p1b: Ogerpon|Embody Aspect (Wellspring)|boost\n|-boost|p1b: Ogerpon|spd|1\n|turn|11\n|\n|t:|1701032635\n|move|p1b: Ogerpon|Spiky Shield|p1b: Ogerpon\n|-singleturn|p1b: Ogerpon|move: Protect\n|move|p1a: Heatran|Protect|p1a: Heatran\n|-singleturn|p1a: Heatran|Protect\n|move|p2b: Ogerpon|Grassy Glide|p1b: Ogerpon\n|-activate|p1b: Ogerpon|move: Protect\n|-damage|p2b: Ogerpon|0 fnt|[from] Spiky Shield|[of] p1b: Ogerpon\n|faint|p2b: Ogerpon\n|\n|win|NotRubyVGC\n|raw|NotRubyVGC's rating: 1528 &rarr; <strong>1542<\/strong><br \/>(+14 for winning)\n|raw|aylart3's rating: 1416 &rarr; <strong>1402<\/strong><br \/>(-14 for losing)\n","uploadtime":1701032647,"views":2,"p1id":"notrubyvgc","p2id":"aylart3","formatid":"gen9vgc2023regulatione","rating":1402,"private":0,"password":""}