{"id":"gen9vgc2023regulatione-1991301395","p1":"Jammin2","p2":"ccmanny","format":"[Gen 9] VGC 2023 Regulation E","log":"|j|\u2606Jammin2\n|j|\u2606ccmanny\n|t:|1700065666\n|gametype|doubles\n|player|p1|Jammin2|blackbelt|1493\n|player|p2|ccmanny|ethan|1450\n|teamsize|p1|6\n|teamsize|p2|6\n|gen|9\n|tier|[Gen 9] VGC 2023 Regulation E\n|rated|\n|rule|Species Clause: Limit one of each Pok\u00e9mon\n|rule|Item Clause: Limit one of each item\n|clearpoke\n|poke|p1|Urshifu-*, L50, F|\n|poke|p1|Farigiraf, L50, M|\n|poke|p1|Clefairy, L50, F|\n|poke|p1|Ogerpon-Hearthflame, L50, F|\n|poke|p1|Ursaluna-Bloodmoon, L50, M|\n|poke|p1|Okidogi, L50, M|\n|poke|p2|Arcanine-Hisui, L50, M|\n|poke|p2|Rillaboom, L50, F|\n|poke|p2|Sinistcha, L50|\n|poke|p2|Gholdengo, L50|\n|poke|p2|Tyranitar, L50, F|\n|poke|p2|Gastrodon, L50, M|\n|teampreview|4\n|inactive|Battle timer is ON: inactive players will automatically lose when time's up. (requested by Jammin2)\n|inactive|Jammin2 has 60 seconds left.\n|inactive|ccmanny has 60 seconds left.\n|\n|t:|1700065713\n|start\n|switch|p1a: Ogerpon|Ogerpon-Hearthflame, L50, F|100\/100\n|switch|p1b: Clefairy|Clefairy, L50, F|100\/100\n|switch|p2a: Tyranitar|Tyranitar, L50, F|100\/100\n|switch|p2b: Rillaboom|Rillaboom, L50, F|100\/100\n|-ability|p1a: Ogerpon|Mold Breaker\n|-fieldstart|move: Grassy Terrain|[from] ability: Grassy Surge|[of] p2b: Rillaboom\n|-weather|Sandstorm|[from] ability: Sand Stream|[of] p2a: Tyranitar\n|turn|1\n|inactive|Jammin2 has 30 seconds left.\n|inactive|ccmanny has 30 seconds left.\n|\n|t:|1700065743\n|move|p1a: Ogerpon|Spiky Shield|p1a: Ogerpon\n|-singleturn|p1a: Ogerpon|move: Protect\n|move|p1b: Clefairy|Protect|p1b: Clefairy\n|-singleturn|p1b: Clefairy|Protect\n|move|p2b: Rillaboom|Bullet Seed|p1b: Clefairy\n|-activate|p1b: Clefairy|move: Protect\n|move|p2a: Tyranitar|Knock Off|p1b: Clefairy\n|-activate|p1b: Clefairy|move: Protect\n|\n|-weather|Sandstorm|[upkeep]\n|-damage|p1a: Ogerpon|95\/100|[from] Sandstorm\n|-damage|p2b: Rillaboom|95\/100|[from] Sandstorm\n|-damage|p1b: Clefairy|94\/100|[from] Sandstorm\n|-heal|p1a: Ogerpon|100\/100|[from] Grassy Terrain\n|-heal|p2b: Rillaboom|100\/100|[from] Grassy Terrain\n|-heal|p1b: Clefairy|100\/100|[from] Grassy Terrain\n|upkeep\n|turn|2\n|inactive|Jammin2 has 30 seconds left.\n|\n|t:|1700065777\n|-terastallize|p2a: Tyranitar|Flying\n|move|p1b: Clefairy|Follow Me|p1b: Clefairy\n|-singleturn|p1b: Clefairy|move: Follow Me\n|move|p1a: Ogerpon|Swords Dance|p1a: Ogerpon\n|-boost|p1a: Ogerpon|atk|2\n|move|p2b: Rillaboom|Leech Seed|p1b: Clefairy\n|-start|p1b: Clefairy|move: Leech Seed\n|move|p2a: Tyranitar|Tera Blast|p1b: Clefairy|[anim] Tera Blast Flying\n|-damage|p1b: Clefairy|67\/100\n|\n|-weather|Sandstorm|[upkeep]\n|-damage|p1a: Ogerpon|95\/100|[from] Sandstorm\n|-damage|p2b: Rillaboom|95\/100|[from] Sandstorm\n|-damage|p2a: Tyranitar|95\/100|[from] Sandstorm\n|-damage|p1b: Clefairy|60\/100|[from] Sandstorm\n|-heal|p1a: Ogerpon|100\/100|[from] Grassy Terrain\n|-heal|p2b: Rillaboom|100\/100|[from] Grassy Terrain\n|-heal|p1b: Clefairy|67\/100|[from] Grassy Terrain\n|-damage|p1b: Clefairy|54\/100|[from] Leech Seed|[of] p2b: Rillaboom\n|upkeep\n|turn|3\n|\n|t:|1700065802\n|switch|p2b: Gastrodon|Gastrodon, L50, M|100\/100\n|-terastallize|p1a: Ogerpon|Fire\n|detailschange|p1a: Ogerpon|Ogerpon-Hearthflame-Tera, L50, F, tera:Fire\n|-ability|p1a: Ogerpon|Embody Aspect (Hearthflame)|boost\n|-boost|p1a: Ogerpon|atk|1\n|move|p1b: Clefairy|Helping Hand|p1a: Ogerpon\n|-singleturn|p1a: Ogerpon|Helping Hand|[of] p1b: Clefairy\n|move|p1a: Ogerpon|Ivy Cudgel|p2a: Tyranitar|[anim] Ivy Cudgel Fire\n|-damage|p2a: Tyranitar|0 fnt\n|faint|p2a: Tyranitar\n|\n|-weather|Sandstorm|[upkeep]\n|-damage|p1a: Ogerpon|95\/100|[from] Sandstorm\n|-damage|p1b: Clefairy|48\/100|[from] Sandstorm\n|-heal|p1a: Ogerpon|100\/100|[from] Grassy Terrain\n|-heal|p1b: Clefairy|54\/100|[from] Grassy Terrain\n|-damage|p1b: Clefairy|42\/100|[from] Leech Seed|[of] p2b: Gastrodon\n|upkeep\n|\n|t:|1700065821\n|switch|p2a: Gholdengo|Gholdengo, L50|100\/100\n|turn|4\n|\n|t:|1700065839\n|move|p2a: Gholdengo|Protect|p2a: Gholdengo\n|-singleturn|p2a: Gholdengo|Protect\n|move|p1b: Clefairy|Follow Me|p1b: Clefairy\n|-singleturn|p1b: Clefairy|move: Follow Me\n|move|p1a: Ogerpon|Horn Leech|p2b: Gastrodon\n|-supereffective|p2b: Gastrodon\n|-damage|p2b: Gastrodon|0 fnt\n|-damage|p1a: Ogerpon|84\/100|[from] item: Rocky Helmet|[of] p2b: Gastrodon\n|faint|p2b: Gastrodon\n|\n|-weather|Sandstorm|[upkeep]\n|-damage|p1a: Ogerpon|78\/100|[from] Sandstorm\n|-damage|p1b: Clefairy|36\/100|[from] Sandstorm\n|-heal|p1a: Ogerpon|84\/100|[from] Grassy Terrain\n|-heal|p1b: Clefairy|42\/100|[from] Grassy Terrain\n|upkeep\n|\n|t:|1700065853\n|switch|p2b: Rillaboom|Rillaboom, L50, F|100\/100\n|turn|5\n|\n|t:|1700065871\n|move|p1b: Clefairy|Follow Me|p1b: Clefairy\n|-singleturn|p1b: Clefairy|move: Follow Me\n|move|p1a: Ogerpon|Ivy Cudgel|p2a: Gholdengo|[anim] Ivy Cudgel Fire\n|-supereffective|p2a: Gholdengo\n|-damage|p2a: Gholdengo|0 fnt\n|faint|p2a: Gholdengo\n|move|p2b: Rillaboom|Bullet Seed|p1b: Clefairy\n|-damage|p1b: Clefairy|28\/100\n|-damage|p1b: Clefairy|16\/100\n|-damage|p1b: Clefairy|4\/100\n|-damage|p1b: Clefairy|0 fnt\n|faint|p1b: Clefairy\n|-hitcount|p1: Clefairy|4\n|\n|-weather|none\n|-heal|p1a: Ogerpon|90\/100|[from] Grassy Terrain\n|-fieldend|move: Grassy Terrain\n|upkeep\n|\n|t:|1700065876\n|switch|p1b: Farigiraf|Farigiraf, L50, M|100\/100\n|turn|6\n|\n|t:|1700065896\n|move|p1a: Ogerpon|Ivy Cudgel|p2b: Rillaboom|[anim] Ivy Cudgel Fire\n|-supereffective|p2b: Rillaboom\n|-damage|p2b: Rillaboom|0 fnt\n|faint|p2b: Rillaboom\n|\n|win|Jammin2\n|raw|Jammin2's rating: 1493 &rarr; <strong>1511<\/strong><br \/>(+18 for winning)\n|raw|ccmanny's rating: 1450 &rarr; <strong>1432<\/strong><br \/>(-18 for losing)\n|l|\u2606ccmanny\n","uploadtime":1700065904,"views":11,"p1id":"jammin2","p2id":"ccmanny","formatid":"gen9vgc2023regulatione","rating":1432,"private":0,"password":""}