{"id":"gen9vgc2023regulatione-1994732358","p1":"Electry Games","p2":"Whiskeylemonade","format":"[Gen 9] VGC 2023 Regulation E","log":"|j|\u2606Electry Games\n|j|\u2606Whiskeylemonade\n|t:|1700486950\n|gametype|doubles\n|player|p1|Electry Games|waitress-gen4|1116\n|player|p2|Whiskeylemonade|lucas|1070\n|teamsize|p1|6\n|teamsize|p2|6\n|gen|9\n|tier|[Gen 9] VGC 2023 Regulation E\n|rated|\n|rule|Species Clause: Limit one of each Pok\u00e9mon\n|rule|Item Clause: Limit one of each item\n|clearpoke\n|poke|p1|Tornadus, L50, M|\n|poke|p1|Landorus-Therian, L50, M|\n|poke|p1|Gholdengo, L50|\n|poke|p1|Ogerpon-Wellspring, L50, F|\n|poke|p1|Flutter Mane, L50|\n|poke|p1|Amoonguss, L50, F|\n|poke|p2|Hatterene, L50, F|\n|poke|p2|Rabsca, L50, F|\n|poke|p2|Golem-Alola, L50, F|\n|poke|p2|Indeedee-F, L50, F|\n|poke|p2|Houndstone, L50, M|\n|poke|p2|Shiftry, L50, M|\n|teampreview|4\n|inactive|Battle timer is ON: inactive players will automatically lose when time's up. (requested by Whiskeylemonade)\nWhiskeylemonade rejected open team sheets.\n|\n|t:|1700486984\n|start\n|switch|p1a: Gholdengo|Gholdengo, L50|100\/100\n|switch|p1b: Amoonguss|Amoonguss, L50, F|100\/100\n|switch|p2a: Shiftry|Shiftry, L50, M|100\/100\n|switch|p2b: PooPeetle|Rabsca, L50, F, shiny|100\/100\n|turn|1\n|\n|t:|1700487004\n|move|p1b: Amoonguss|Protect|p1b: Amoonguss\n|-singleturn|p1b: Amoonguss|Protect\n|move|p1a: Gholdengo|Shadow Ball|p2b: PooPeetle\n|-supereffective|p2b: PooPeetle\n|-damage|p2b: PooPeetle|38\/100\n|-unboost|p2b: PooPeetle|spd|1\n|move|p2a: Shiftry|Knock Off|p1a: Gholdengo\n|-supereffective|p1a: Gholdengo\n|-damage|p1a: Gholdengo|20\/100\n|-enditem|p1a: Gholdengo|Leftovers|[from] move: Knock Off|[of] p2a: Shiftry\n|move|p2b: PooPeetle|Trick Room|p2b: PooPeetle\n|-fieldstart|move: Trick Room|[of] p2b: PooPeetle\n|\n|upkeep\n|turn|2\n|inactive|Electry Games has 30 seconds left.\n|inactive|Whiskeylemonade has 30 seconds left.\n|\n|t:|1700487036\n|switch|p2b: Fascinator|Hatterene, L50, F|100\/100\n|move|p1b: Amoonguss|Pollen Puff|p2a: Shiftry\n|-supereffective|p2a: Shiftry\n|-damage|p2a: Shiftry|0 fnt\n|faint|p2a: Shiftry\n|move|p1a: Gholdengo|Shadow Ball|p2b: Fascinator\n|-supereffective|p2b: Fascinator\n|-damage|p2b: Fascinator|24\/100\n|-unboost|p2b: Fascinator|spd|1\n|\n|upkeep\n|\n|t:|1700487049\n|switch|p2a: PooPeetle|Rabsca, L50, F, shiny|38\/100\n|turn|3\n|\n|t:|1700487062\n|move|p1b: Amoonguss|Protect|p1b: Amoonguss\n|-singleturn|p1b: Amoonguss|Protect\n|move|p2b: Fascinator|Mystical Fire|p1b: Amoonguss\n|-activate|p1b: Amoonguss|move: Protect\n|move|p2a: PooPeetle|Revival Blessing|p2a: PooPeetle\n|\n|t:|1700487070\n|-heal|p2: Shiftry|50\/100|[from] move: Revival Blessing\n|move|p1a: Gholdengo|Make It Rain|p2a: PooPeetle|[spread] p2a,p2b\n|-supereffective|p2b: Fascinator\n|-damage|p2a: PooPeetle|5\/100\n|-damage|p2b: Fascinator|0 fnt\n|-unboost|p1a: Gholdengo|spa|1\n|faint|p2b: Fascinator\n|\n|upkeep\n|\n|t:|1700487078\n|switch|p2b: Shiftry|Shiftry, L50, M|50\/100\n|turn|4\n|\n|t:|1700487094\n|switch|p2b: MedicineBall|Golem-Alola, L50, F, shiny|100\/100\n|move|p1a: Gholdengo|Protect|p1a: Gholdengo\n|-singleturn|p1a: Gholdengo|Protect\n|move|p1b: Amoonguss|Rage Powder|p1b: Amoonguss\n|-singleturn|p1b: Amoonguss|move: Rage Powder\n|move|p2a: PooPeetle|Extrasensory|p1b: Amoonguss\n|-supereffective|p1b: Amoonguss\n|-damage|p1b: Amoonguss|42\/100\n|-enditem|p1b: Amoonguss|Sitrus Berry|[eat]\n|-heal|p1b: Amoonguss|67\/100|[from] item: Sitrus Berry\n|\n|upkeep\n|turn|5\n|\n|t:|1700487114\n|switch|p2b: Shiftry|Shiftry, L50, M|50\/100\n|move|p1b: Amoonguss|Protect|p1b: Amoonguss\n|-singleturn|p1b: Amoonguss|Protect\n|move|p2a: PooPeetle|Extrasensory|p1b: Amoonguss\n|-activate|p1b: Amoonguss|move: Protect\n|move|p1a: Gholdengo|Make It Rain|p2a: PooPeetle|[spread] p2a,p2b\n|-damage|p2a: PooPeetle|0 fnt\n|-damage|p2b: Shiftry|4\/100\n|-unboost|p1a: Gholdengo|spa|1\n|faint|p2a: PooPeetle\n|\n|-fieldend|move: Trick Room\n|upkeep\n|-message|Whiskeylemonade forfeited.\n|\n|win|Electry Games\n|raw|Electry Games's rating: 1116 &rarr; <strong>1138<\/strong><br \/>(+22 for winning)\n|raw|Whiskeylemonade's rating: 1070 &rarr; <strong>1052<\/strong><br \/>(-18 for losing)\n|l|\u2606Whiskeylemonade\n","uploadtime":1700487135,"views":3,"p1id":"electrygames","p2id":"whiskeylemonade","formatid":"gen9vgc2023regulatione","rating":1052,"private":0,"password":""}