{"id":"gen9vgc2023regulatione-1999154441","p1":"Scaramouche_UwU6","p2":"danyelos","format":"[Gen 9] VGC 2023 Regulation E","log":"|j|\u2606Scaramouche_UwU6\n|j|\u2606danyelos\n|t:|1701039131\n|gametype|doubles\n|player|p1|Scaramouche_UwU6|lusamine-nihilego|1071\n|player|p2|danyelos|102|1144\n|teamsize|p1|6\n|teamsize|p2|6\n|gen|9\n|tier|[Gen 9] VGC 2023 Regulation E\n|rated|\n|rule|Species Clause: Limit one of each Pok\u00e9mon\n|rule|Item Clause: Limit one of each item\n|clearpoke\n|poke|p1|Skeledirge, L50, M|\n|poke|p1|Wo-Chien, L50|\n|poke|p1|Thundurus, L50, M|\n|poke|p1|Flutter Mane, L50|\n|poke|p1|Tornadus, L50, M|\n|poke|p1|Kingambit, L50, M|\n|poke|p2|Tatsugiri, L50, M|\n|poke|p2|Dondozo, L50, M|\n|poke|p2|Flamigo, L50, M|\n|poke|p2|Annihilape, L50, M|\n|poke|p2|Cetitan, L50, F|\n|poke|p2|Maushold, L50|\n|teampreview|4\n|inactive|Battle timer is ON: inactive players will automatically lose when time's up. (requested by Scaramouche_UwU6)\n|c|\u2606Scaramouche_UwU6|oh\n|c|\u2606Scaramouche_UwU6|hello wolfe's reg a team\n|inactive|Scaramouche_UwU6 has 60 seconds left.\n|\n|t:|1701039183\n|start\n|switch|p1a: Navia|Flutter Mane, L50, shiny|100\/100\n|switch|p1b: Tornadus|Tornadus, L50, M, shiny|100\/100\n|switch|p2a: Tatsugiri|Tatsugiri, L50, M|100\/100\n|switch|p2b: Annihilape|Annihilape, L50, M|100\/100\n|turn|1\n|\n|t:|1701039198\n|move|p2a: Tatsugiri|Endure|p2a: Tatsugiri\n|-singleturn|p2a: Tatsugiri|move: Endure\n|move|p1b: Tornadus|Tailwind|p1b: Tornadus\n|-sidestart|p1: Scaramouche_UwU6|move: Tailwind\n|move|p1a: Navia|Dazzling Gleam|p2a: Tatsugiri|[spread] p2a,p2b\n|-supereffective|p2a: Tatsugiri\n|-supereffective|p2b: Annihilape\n|-activate|p2a: Tatsugiri|move: Endure\n|-damage|p2a: Tatsugiri|1\/100\n|-damage|p2b: Annihilape|14\/100\n|move|p2b: Annihilape|Final Gambit|p2a: Tatsugiri\n|-activate|p2a: Tatsugiri|move: Endure\n|-damage|p2a: Tatsugiri|1\/100\n|faint|p2b: Annihilape\n|\n|-status|p2a: Tatsugiri|tox|[from] item: Toxic Orb\n|upkeep\n|\n|t:|1701039215\n|switch|p2b: Dondozo|Dondozo, L50, M|100\/100\n|-activate|p2a: Tatsugiri|ability: Commander|[of] p2b: Dondozo\n|-boost|p2b: Dondozo|atk|2\n|-boost|p2b: Dondozo|spa|2\n|-boost|p2b: Dondozo|spe|2\n|-boost|p2b: Dondozo|def|2\n|-boost|p2b: Dondozo|spd|2\n|turn|2\n|\n|t:|1701039225\n|move|p1b: Tornadus|Sunny Day|p1b: Tornadus\n|-weather|SunnyDay\n|-activate|p1a: Navia|ability: Protosynthesis\n|-start|p1a: Navia|protosynthesisspa\n|move|p1a: Navia|Dazzling Gleam|p2b: Dondozo|[spread] p2b\n|-miss|p1a: Navia|p2a: Tatsugiri\n|-damage|p2b: Dondozo|68\/100\n|move|p2b: Dondozo|Order Up|p1b: Tornadus\n|-damage|p1b: Tornadus|44\/100\n|-boost|p2b: Dondozo|atk|1\n|\n|-weather|SunnyDay|[upkeep]\n|-heal|p2b: Dondozo|75\/100|[from] item: Leftovers\n|-damage|p2a: Tatsugiri|0 fnt|[from] psn\n|faint|p2a: Tatsugiri\n|upkeep\n|\n|t:|1701039240\n|switch|p2a: Flamigo|Flamigo, L50, M|100\/100\n|-copyboost|p2a: Flamigo|p2b: Dondozo|[from] ability: Costar\n|turn|3\n|\n|t:|1701039270\n|switch|p1b: Basil|Wo-Chien, L50|100\/100\n|-ability|p1b: Basil|Tablets of Ruin\n|-terastallize|p2a: Flamigo|Steel\n|move|p2b: Dondozo|Protect|p2b: Dondozo\n|-singleturn|p2b: Dondozo|Protect\n|move|p1a: Navia|Dazzling Gleam|p2b: Dondozo|[spread] p2a\n|-activate|p2b: Dondozo|move: Protect\n|-resisted|p2a: Flamigo\n|-damage|p2a: Flamigo|75\/100\n|move|p2a: Flamigo|Brave Bird|p1a: Navia\n|-damage|p1a: Navia|0 fnt\n|faint|p1a: Navia\n|-end|p1a: Navia|Protosynthesis|[silent]\n|-damage|p2a: Flamigo|44\/100|[from] Recoil\n|\n|-weather|SunnyDay|[upkeep]\n|-heal|p2b: Dondozo|81\/100|[from] item: Leftovers\n|upkeep\n|\n|t:|1701039278\n|switch|p1a: Banshee|Skeledirge, L50, M, shiny|100\/100\n|turn|4\n|inactive|danyelos has 30 seconds left.\n|\n|t:|1701039312\n|move|p2a: Flamigo|Detect|p2a: Flamigo\n|-singleturn|p2a: Flamigo|Protect\n|move|p2b: Dondozo|Substitute|p2b: Dondozo\n|-start|p2b: Dondozo|Substitute\n|-damage|p2b: Dondozo|56\/100\n|move|p1b: Basil|Grass Knot|p2b: Dondozo\n|-supereffective|p2b: Dondozo\n|-end|p2b: Dondozo|Substitute\n|move|p1a: Banshee|Torch Song|p2a: Flamigo\n|-activate|p2a: Flamigo|move: Protect\n|\n|-weather|SunnyDay|[upkeep]\n|-heal|p2b: Dondozo|62\/100|[from] item: Leftovers\n|-sideend|p1: Scaramouche_UwU6|move: Tailwind\n|upkeep\n|turn|5\n|c|\u2606Scaramouche_UwU6|ty friend for the inspiration to add back haze\n|inactive|Scaramouche_UwU6 has 30 seconds left.\n|inactive|danyelos has 30 seconds left.\n|\n|t:|1701039341\n|move|p2a: Flamigo|Close Combat|p1b: Basil\n|-supereffective|p1b: Basil\n|-damage|p1b: Basil|0 fnt\n|-unboost|p2a: Flamigo|def|1\n|-unboost|p2a: Flamigo|spd|1\n|faint|p1b: Basil\n|move|p2b: Dondozo|Substitute|p2b: Dondozo\n|-start|p2b: Dondozo|Substitute\n|-damage|p2b: Dondozo|37\/100\n|move|p1a: Banshee|Torch Song|p2a: Flamigo\n|-supereffective|p2a: Flamigo\n|-damage|p2a: Flamigo|0 fnt\n|-boost|p1a: Banshee|spa|1\n|faint|p2a: Flamigo\n|\n|-weather|SunnyDay|[upkeep]\n|-heal|p2b: Dondozo|44\/100|[from] item: Leftovers\n|upkeep\n|\n|t:|1701039351\n|switch|p1b: Tornadus|Tornadus, L50, M, shiny|44\/100\n|turn|6\n|\n|t:|1701039366\n|move|p1b: Tornadus|Tailwind|p1b: Tornadus\n|-sidestart|p1: Scaramouche_UwU6|move: Tailwind\n|move|p2b: Dondozo|Wave Crash|p1b: Tornadus\n|-damage|p1b: Tornadus|0 fnt\n|faint|p1b: Tornadus\n|-damage|p2b: Dondozo|32\/100|[from] Recoil\n|move|p1a: Banshee|Torch Song|p2b: Dondozo\n|-resisted|p2b: Dondozo\n|-damage|p2b: Dondozo|1\/100\n|-boost|p1a: Banshee|spa|1\n|\n|-weather|none\n|-heal|p2b: Dondozo|7\/100|[from] item: Leftovers\n|upkeep\n|turn|7\n|\n|t:|1701039388\n|-terastallize|p1a: Banshee|Grass\n|move|p2b: Dondozo|Protect|p2b: Dondozo\n|-singleturn|p2b: Dondozo|Protect\n|move|p1a: Banshee|Torch Song|p2b: Dondozo\n|-activate|p2b: Dondozo|move: Protect\n|\n|-heal|p2b: Dondozo|13\/100|[from] item: Leftovers\n|upkeep\n|turn|8\n|\n|t:|1701039402\n|move|p2b: Dondozo|Order Up|p1a: Banshee\n|-damage|p1a: Banshee|80\/100\n|-boost|p2b: Dondozo|atk|1\n|move|p1a: Banshee|Torch Song|p2b: Dondozo\n|-resisted|p2b: Dondozo\n|-crit|p2b: Dondozo\n|-damage|p2b: Dondozo|0 fnt\n|-boost|p1a: Banshee|spa|1\n|faint|p2b: Dondozo\n|\n|win|Scaramouche_UwU6\n|raw|Scaramouche_UwU6's rating: 1071 &rarr; <strong>1106<\/strong><br \/>(+35 for winning)\n|raw|danyelos's rating: 1144 &rarr; <strong>1114<\/strong><br \/>(-30 for losing)\n|l|\u2606danyelos\n","uploadtime":1701039420,"views":16,"p1id":"scaramoucheuwu6","p2id":"danyelos","formatid":"gen9vgc2023regulatione","rating":1106,"private":0,"password":""}