{"id":"gen9vgc2023regulatione-1988488859","p1":"Steve9999","p2":"filthytrashgoblin","format":"[Gen 9] VGC 2023 Regulation E","log":"|j|\u2606Steve9999\n|j|\u2606filthytrashgoblin\n|t:|1699728378\n|gametype|doubles\n|player|p1|Steve9999|265|1165\n|player|p2|filthytrashgoblin|ghetsis|1151\n|teamsize|p1|6\n|teamsize|p2|6\n|gen|9\n|tier|[Gen 9] VGC 2023 Regulation E\n|rated|\n|rule|Species Clause: Limit one of each Pok\u00e9mon\n|rule|Item Clause: Limit one of each item\n|clearpoke\n|poke|p1|Ogerpon-Wellspring, L50, F|\n|poke|p1|Flutter Mane, L50|\n|poke|p1|Roaring Moon, L50|\n|poke|p1|Iron Hands, L50|\n|poke|p1|Weezing, L50, M|\n|poke|p1|Landorus-Therian, L50, M|\n|poke|p2|Cresselia, L50, F|\n|poke|p2|Urshifu-*, L50, M|\n|poke|p2|Ogerpon-Hearthflame, L50, F|\n|poke|p2|Flutter Mane, L50|\n|poke|p2|Landorus-Therian, L50, M|\n|poke|p2|Heatran, L50, M|\n|teampreview|4\n|inactive|Battle timer is ON: inactive players will automatically lose when time's up. (requested by filthytrashgoblin)\nfilthytrashgoblin has agreed to open team sheets.\n|inactive|Steve9999 has 60 seconds left.\n|\n|t:|1699728417\n|start\n|switch|p1a: Iron Hands|Iron Hands, L50, shiny|100\/100\n|switch|p1b: Flutter Mane|Flutter Mane, L50, shiny|100\/100\n|switch|p2a: poyo!!|Ogerpon-Hearthflame, L50, F|100\/100\n|switch|p2b: head|Heatran, L50, M|100\/100\n|-ability|p2a: poyo!!|Mold Breaker\n|turn|1\n|inactive|Steve9999 has 30 seconds left.\n|inactive|Steve9999 has 20 seconds left.\n|inactive|Steve9999 has 15 seconds left.\n|inactive|Steve9999 has 10 seconds left.\n|\n|t:|1699728466\n|move|p2a: poyo!!|Spiky Shield|p2a: poyo!!\n|-singleturn|p2a: poyo!!|move: Protect\n|move|p1a: Iron Hands|Fake Out|p2b: head\n|-resisted|p2b: head\n|-damage|p2b: head|94\/100\n|move|p1b: Flutter Mane|Dazzling Gleam|p2a: poyo!!|[spread] p2b\n|-activate|p2a: poyo!!|move: Protect\n|-resisted|p2b: head\n|-damage|p2b: head|83\/100\n|cant|p2b: head|flinch\n|\n|upkeep\n|turn|2\n|inactive|Steve9999 has 30 seconds left.\n|\n|t:|1699728494\n|-end|p1b: Flutter Mane|Protosynthesis|[silent]\n|switch|p1b: Ogerpon|Ogerpon-Wellspring, L50, F|100\/100\n|move|p2a: poyo!!|Ivy Cudgel|p1a: Iron Hands\n|-damage|p1a: Iron Hands|68\/100\n|move|p2b: head|Flash Cannon|p1b: Ogerpon\n|-resisted|p1b: Ogerpon\n|-damage|p1b: Ogerpon|65\/100\n|-damage|p2b: head|74\/100|[from] item: Life Orb\n|move|p1a: Iron Hands|Drain Punch|p2b: head\n|-supereffective|p2b: head\n|-damage|p2b: head|3\/100\n|-heal|p1a: Iron Hands|95\/100|[from] drain|[of] p2b: head\n|\n|upkeep\n|turn|3\n|inactive|Steve9999 has 30 seconds left.\n|inactive|Steve9999 has 20 seconds left.\n|\n|t:|1699728531\n|-terastallize|p1b: Ogerpon|Water\n|detailschange|p1b: Ogerpon|Ogerpon-Wellspring-Tera, L50, F, tera:Water\n|-ability|p1b: Ogerpon|Embody Aspect (Wellspring)|boost\n|-boost|p1b: Ogerpon|spd|1\n|move|p1b: Ogerpon|Ivy Cudgel|p2a: poyo!!\n|-crit|p2a: poyo!!\n|-damage|p2a: poyo!!|0 fnt\n|faint|p2a: poyo!!\n|move|p2b: head|Earth Power|p1a: Iron Hands\n|-supereffective|p1a: Iron Hands\n|-crit|p1a: Iron Hands\n|-damage|p1a: Iron Hands|18\/100\n|-damage|p2b: head|0 fnt|[from] item: Life Orb\n|faint|p2b: head\n|move|p1a: Iron Hands|Drain Punch|p2: poyo!!|[notarget]\n|-fail|p1a: Iron Hands\n|\n|upkeep\n|\n|t:|1699728546\n|switch|p2a: DOG|Landorus-Therian, L50, M|100\/100\n|switch|p2b: floofadoof|Flutter Mane, L50|100\/100\n|-ability|p2a: DOG|Intimidate|boost\n|-unboost|p1a: Iron Hands|atk|1\n|-unboost|p1b: Ogerpon|atk|1\n|-enditem|p2b: floofadoof|Booster Energy\n|-activate|p2b: floofadoof|ability: Protosynthesis|[fromitem]\n|-start|p2b: floofadoof|protosynthesisspe\n|turn|4\n|\n|t:|1699728563\n|-terastallize|p2a: DOG|Flying\n|move|p2b: floofadoof|Protect|p2b: floofadoof\n|-singleturn|p2b: floofadoof|Protect\n|move|p1b: Ogerpon|Follow Me|p1b: Ogerpon\n|-singleturn|p1b: Ogerpon|move: Follow Me\n|move|p2a: DOG|Tera Blast|p1b: Ogerpon|[anim] Tera Blast Flying\n|-damage|p1b: Ogerpon|0 fnt\n|faint|p1b: Ogerpon\n|move|p1a: Iron Hands|Heavy Slam|p2b: floofadoof\n|-activate|p2b: floofadoof|move: Protect\n|\n|upkeep\n|\n|t:|1699728575\n|switch|p1b: Flutter Mane|Flutter Mane, L50, shiny|100\/100\n|turn|5\n|\n|t:|1699728588\n|move|p2b: floofadoof|Shadow Ball|p1b: Flutter Mane\n|-supereffective|p1b: Flutter Mane\n|-damage|p1b: Flutter Mane|17\/100\n|move|p2a: DOG|Tera Blast|p1a: Iron Hands|[anim] Tera Blast Flying\n|-damage|p1a: Iron Hands|0 fnt\n|faint|p1a: Iron Hands\n|-end|p1a: Iron Hands|Quark Drive|[silent]\n|move|p1b: Flutter Mane|Shadow Ball|p2b: floofadoof\n|-supereffective|p2b: floofadoof\n|-damage|p2b: floofadoof|0 fnt\n|faint|p2b: floofadoof\n|-end|p2b: floofadoof|Protosynthesis|[silent]\n|\n|upkeep\n|\n|t:|1699728598\n|switch|p1a: Landorus|Landorus-Therian, L50, M|100\/100\n|-ability|p1a: Landorus|Intimidate|boost\n|-unboost|p2a: DOG|atk|1\n|turn|6\n|\n|t:|1699728607\n|move|p1a: Landorus|Rock Slide|p2a: DOG\n|-supereffective|p2a: DOG\n|-damage|p2a: DOG|44\/100\n|move|p2a: DOG|Tera Blast|p1b: Flutter Mane|[anim] Tera Blast Flying\n|-damage|p1b: Flutter Mane|0 fnt\n|faint|p1b: Flutter Mane\n|-end|p1b: Flutter Mane|Protosynthesis|[silent]\n|\n|upkeep\n|turn|7\n|\n|t:|1699728615\n|move|p1a: Landorus|Rock Slide|p2a: DOG\n|-supereffective|p2a: DOG\n|-crit|p2a: DOG\n|-damage|p2a: DOG|0 fnt\n|faint|p2a: DOG\n|\n|win|Steve9999\n|raw|Steve9999's rating: 1165 &rarr; <strong>1189<\/strong><br \/>(+24 for winning)\n|raw|filthytrashgoblin's rating: 1151 &rarr; <strong>1127<\/strong><br \/>(-24 for losing)\n|c|\u2606filthytrashgoblin|gg\n","uploadtime":1699728624,"views":10,"p1id":"steve9999","p2id":"filthytrashgoblin","formatid":"gen9vgc2023regulatione","rating":1127,"private":0,"password":""}