{"id":"gen9vgc2023regulatione-1988076340","p1":"Leon1das","p2":"YoraeRasante","format":"[Gen 9] VGC 2023 Regulation E","log":"|j|\u2606Leon1das\n|j|\u2606YoraeRasante\n|n|\u2606Leon1das|leon1das\n|n|\u2606YoraeRasante|yoraerasante\n|html|View the match progress at <a href=\"\/game-bestof3-gen9vgc2023regulatione-1988071261\">game-bestof3-gen9vgc2023regulatione-1988071261<\/a>\n|t:|1699666613\n|gametype|doubles\n|player|p1|Leon1das|170|\n|player|p2|YoraeRasante|red|\n|teamsize|p1|6\n|teamsize|p2|6\n|gen|9\n|tier|[Gen 9] VGC 2023 Regulation E\n|rule|Species Clause: Limit one of each Pok\u00e9mon\n|rule|Item Clause: Limit one of each item\n|clearpoke\n|poke|p1|Cresselia, L50, F|\n|poke|p1|Ursaluna-Bloodmoon, L50, M|\n|poke|p1|Iron Hands, L50|\n|poke|p1|Ogerpon-Wellspring, L50, F|\n|poke|p1|Arcanine-Hisui, L50, M|\n|poke|p1|Flutter Mane, L50|\n|poke|p2|Tyranitar, L50, F|\n|poke|p2|Flutter Mane, L50|\n|poke|p2|Urshifu-*, L50, F|\n|poke|p2|Iron Hands, L50|\n|poke|p2|Rillaboom, L50, M|\n|poke|p2|Tornadus, L50, M|\n|teampreview|4\nYoraeRasante has agreed to open team sheets.\nLeon1das has agreed to open team sheets.\n|showteam|p1|Cresselia||MentalHerb|Levitate|Psychic,HelpingHand,LunarBlessing,TrickRoom|||F|||50|,,,,,Fire]Ursaluna-Bloodmoon||ThroatSpray|MindsEye|BloodMoon,EarthPower,HyperVoice,Protect|||M|||50|,,,,,Grass]Iron Hands||AssaultVest|QuarkDrive|FakeOut,DrainPunch,WildCharge,HeavySlam||||||50|,,,,,Fire]Ogerpon-Wellspring||WellspringMask|WaterAbsorb|IvyCudgel,FollowMe,HornLeech,SpikyShield|||F|||50|,,,,,Water]Arcanine-Hisui||SitrusBerry|Intimidate|RockSlide,FlareBlitz,ExtremeSpeed,Protect|||M|||50|,,,,,Grass]Flutter Mane||BoosterEnergy|Protosynthesis|Moonblast,ShadowBall,DazzlingGleam,Protect||||||50|,,,,,Fairy\n|showteam|p2|Tyranitar||LifeOrb|SandStream|KnockOff,RockSlide,LowKick,TeraBlast|||F|||50|,,,,,Psychic]Flutter Mane||ChoiceSpecs|Protosynthesis|ShadowBall,Moonblast,DazzlingGleam,TrickRoom||||||50|,,,,,Fairy]Urshifu-Rapid-Strike||ChoiceScarf|UnseenFist|SurgingStrikes,CloseCombat,AquaJet,Uturn|||F|||50|,,,,,Water]Iron Hands||AssaultVest|QuarkDrive|WildCharge,DrainPunch,HeavySlam,FakeOut||||||50|,,,,,Grass]Rillaboom||MiracleSeed|GrassySurge|FakeOut,WoodHammer,GrassyGlide,Taunt|||M|||50|,,,,,Grass]Tornadus||CovertCloak|Prankster|BleakwindStorm,Tailwind,Taunt,RainDance|||M|||50|,,,,,Flying\n|j| Rebornsan93\n|c|\u2606YoraeRasante|showdown dando spoiler, mostrando que a batalha terminou e pra ir pra segunda antes do turno terminar\n|j| DorititosKiller\n|j| Marcostap\n|j| lucasarreguy\n|j| Yuri\n|c| lucasarreguy|podem come\u00e7ar\n|j| Bard0_Gamer\n|\n|t:|1699666702\n|start\n|switch|p1a: Celinha|Cresselia, L50, F|100\/100\n|switch|p1b: Michelangelo|Iron Hands, L50|100\/100\n|switch|p2a: Iron Hands|Iron Hands, L50|100\/100\n|switch|p2b: Rillaboom|Rillaboom, L50, M|100\/100\n|-fieldstart|move: Grassy Terrain|[from] ability: Grassy Surge|[of] p2b: Rillaboom\n|turn|1\n|\n|t:|1699666732\n|move|p2b: Rillaboom|Fake Out|p1b: Michelangelo\n|-damage|p1b: Michelangelo|89\/100\n|cant|p1b: Michelangelo|flinch\n|move|p2a: Iron Hands|Heavy Slam|p1a: Celinha\n|-crit|p1a: Celinha\n|-damage|p1a: Celinha|70\/100\n|move|p1a: Celinha|Trick Room|p1a: Celinha\n|-fieldstart|move: Trick Room|[of] p1a: Celinha\n|\n|-heal|p1b: Michelangelo|95\/100|[from] Grassy Terrain\n|upkeep\n|turn|2\n|\n|t:|1699666761\n|move|p1a: Celinha|Helping Hand|p1b: Michelangelo\n|-singleturn|p1b: Michelangelo|Helping Hand|[of] p1a: Celinha\n|move|p2a: Iron Hands|Wild Charge|p1a: Celinha\n|-damage|p1a: Celinha|39\/100\n|-damage|p2a: Iron Hands|93\/100|[from] Recoil\n|move|p1b: Michelangelo|Drain Punch|p2a: Iron Hands\n|-damage|p2a: Iron Hands|54\/100\n|-heal|p1b: Michelangelo|100\/100|[from] drain|[of] p2a: Iron Hands\n|move|p2b: Rillaboom|Wood Hammer|p1b: Michelangelo\n|-damage|p1b: Michelangelo|30\/100\n|-damage|p2b: Rillaboom|73\/100|[from] Recoil\n|\n|-heal|p2a: Iron Hands|60\/100|[from] Grassy Terrain\n|-heal|p1b: Michelangelo|36\/100|[from] Grassy Terrain\n|-heal|p2b: Rillaboom|79\/100|[from] Grassy Terrain\n|upkeep\n|turn|3\n|j| lainshy\n|c| DorititosKiller|Dps olhem o chat pt asdasdasdasdasd\n|c| lucasarreguy|principalmente vc Le\u00f4nidas kkkkk\n|\n|t:|1699666803\n|move|p2b: Rillaboom|Grassy Glide|p1b: Michelangelo\n|-damage|p1b: Michelangelo|3\/100\n|move|p2a: Iron Hands|Drain Punch|p1a: Celinha\n|-resisted|p1a: Celinha\n|-damage|p1a: Celinha|25\/100\n|-heal|p2a: Iron Hands|67\/100|[from] drain|[of] p1a: Celinha\n|move|p1b: Michelangelo|Drain Punch|p2a: Iron Hands\n|-damage|p2a: Iron Hands|41\/100\n|-heal|p1b: Michelangelo|16\/100|[from] drain|[of] p2a: Iron Hands\n|move|p1a: Celinha|Lunar Blessing|p1a: Celinha|[spread] p1a,p1b\n|-heal|p1a: Celinha|50\/100\n|-heal|p1b: Michelangelo|42\/100\n|\n|-heal|p2a: Iron Hands|47\/100|[from] Grassy Terrain\n|-heal|p1b: Michelangelo|47\/100|[from] Grassy Terrain\n|-heal|p2b: Rillaboom|85\/100|[from] Grassy Terrain\n|upkeep\n|turn|4\n|\n|t:|1699666836\n|move|p1a: Celinha|Helping Hand|p1b: Michelangelo\n|-singleturn|p1b: Michelangelo|Helping Hand|[of] p1a: Celinha\n|move|p2b: Rillaboom|Grassy Glide|p1b: Michelangelo\n|-damage|p1b: Michelangelo|15\/100\n|move|p2a: Iron Hands|Drain Punch|p1b: Michelangelo\n|-damage|p1b: Michelangelo|0 fnt\n|-heal|p2a: Iron Hands|54\/100|[from] drain|[of] p1b: Michelangelo\n|faint|p1b: Michelangelo\n|-end|p1b: Michelangelo|Quark Drive|[silent]\n|\n|-heal|p2a: Iron Hands|60\/100|[from] Grassy Terrain\n|-heal|p2b: Rillaboom|91\/100|[from] Grassy Terrain\n|upkeep\n|\n|t:|1699666849\n|switch|p1b: Hachiko|Arcanine-Hisui, L50, M|100\/100\n|-ability|p1b: Hachiko|Intimidate|boost\n|-unboost|p2a: Iron Hands|atk|1\n|-unboost|p2b: Rillaboom|atk|1\n|turn|5\n|\n|t:|1699666875\n|switch|p2b: Tyranitar|Tyranitar, L50, F|100\/100\n|-weather|Sandstorm|[from] ability: Sand Stream|[of] p2b: Tyranitar\n|move|p1b: Hachiko|Protect|p1b: Hachiko\n|-singleturn|p1b: Hachiko|Protect\n|move|p2a: Iron Hands|Drain Punch|p1b: Hachiko\n|-activate|p1b: Hachiko|move: Protect\n|move|p1a: Celinha|Psychic|p2a: Iron Hands\n|-supereffective|p2a: Iron Hands\n|-damage|p2a: Iron Hands|37\/100\n|\n|-weather|Sandstorm|[upkeep]\n|-damage|p2a: Iron Hands|31\/100|[from] Sandstorm\n|-damage|p1a: Celinha|44\/100|[from] Sandstorm\n|-heal|p2a: Iron Hands|37\/100|[from] Grassy Terrain\n|-fieldend|move: Trick Room\n|-fieldend|move: Grassy Terrain\n|upkeep\n|turn|6\n|\n|t:|1699666928\n|-terastallize|p1b: Hachiko|Grass\n|move|p1b: Hachiko|Flare Blitz|p2a: Iron Hands\n|-damage|p2a: Iron Hands|3\/100\n|-damage|p1b: Hachiko|87\/100|[from] Recoil\n|move|p2b: Tyranitar|Knock Off|p1a: Celinha\n|-supereffective|p1a: Celinha\n|-damage|p1a: Celinha|0 fnt\n|-enditem|p1a: Celinha|Mental Herb|[from] move: Knock Off|[of] p2b: Tyranitar\n|faint|p1a: Celinha\n|-damage|p2b: Tyranitar|91\/100|[from] item: Life Orb\n|move|p2a: Iron Hands|Drain Punch|p1b: Hachiko\n|-damage|p1b: Hachiko|58\/100\n|-heal|p2a: Iron Hands|15\/100|[from] drain|[of] p1b: Hachiko\n|\n|-weather|Sandstorm|[upkeep]\n|-damage|p1b: Hachiko|52\/100|[from] Sandstorm\n|-damage|p2a: Iron Hands|9\/100|[from] Sandstorm\n|upkeep\n|\n|t:|1699666944\n|switch|p1a: Melanie|Flutter Mane, L50|100\/100\n|-enditem|p1a: Melanie|Booster Energy\n|-activate|p1a: Melanie|ability: Protosynthesis|[fromitem]\n|-start|p1a: Melanie|protosynthesisspa\n|turn|7\n|\n|t:|1699666992\n|-end|p2a: Iron Hands|Quark Drive|[silent]\n|switch|p2a: Flutter Mane|Flutter Mane, L50|100\/100\n|move|p1a: Melanie|Moonblast|p2b: Tyranitar\n|-supereffective|p2b: Tyranitar\n|-damage|p2b: Tyranitar|2\/100\n|-unboost|p2b: Tyranitar|spa|1\n|move|p1b: Hachiko|Flare Blitz|p2b: Tyranitar\n|-resisted|p2b: Tyranitar\n|-damage|p2b: Tyranitar|0 fnt\n|faint|p2b: Tyranitar\n|-damage|p1b: Hachiko|52\/100|[from] Recoil\n|\n|-weather|Sandstorm|[upkeep]\n|-damage|p2a: Flutter Mane|94\/100|[from] Sandstorm\n|-damage|p1a: Melanie|94\/100|[from] Sandstorm\n|-damage|p1b: Hachiko|46\/100|[from] Sandstorm\n|-enditem|p1b: Hachiko|Sitrus Berry|[eat]\n|-heal|p1b: Hachiko|71\/100|[from] item: Sitrus Berry\n|upkeep\n|\n|t:|1699667013\n|switch|p2b: Iron Hands|Iron Hands, L50|9\/100\n|turn|8\n|\n|t:|1699667022\n|move|p1a: Melanie|Protect|p1a: Melanie\n|-singleturn|p1a: Melanie|Protect\n|move|p1b: Hachiko|Extreme Speed|p2b: Iron Hands\n|-damage|p2b: Iron Hands|0 fnt\n|faint|p2b: Iron Hands\n|-end|p2b: Iron Hands|Quark Drive|[silent]\n|move|p2a: Flutter Mane|Shadow Ball|p1a: Melanie\n|-activate|p1a: Melanie|move: Protect\n|\n|-weather|Sandstorm|[upkeep]\n|-damage|p2a: Flutter Mane|88\/100|[from] Sandstorm\n|-damage|p1a: Melanie|88\/100|[from] Sandstorm\n|-damage|p1b: Hachiko|65\/100|[from] Sandstorm\n|upkeep\n|\n|t:|1699667033\n|switch|p2b: Rillaboom|Rillaboom, L50, M|91\/100\n|-fieldstart|move: Grassy Terrain|[from] ability: Grassy Surge|[of] p2b: Rillaboom\n|turn|9\n|\n|t:|1699667052\n|move|p2b: Rillaboom|Fake Out|p1b: Hachiko\n|-damage|p1b: Hachiko|48\/100\n|move|p2a: Flutter Mane|Shadow Ball|p1a: Melanie\n|-supereffective|p1a: Melanie\n|-damage|p1a: Melanie|0 fnt\n|faint|p1a: Melanie\n|-end|p1a: Melanie|Protosynthesis|[silent]\n|cant|p1b: Hachiko|flinch\n|\n|-weather|none\n|-heal|p2a: Flutter Mane|94\/100|[from] Grassy Terrain\n|-heal|p1b: Hachiko|54\/100|[from] Grassy Terrain\n|-heal|p2b: Rillaboom|97\/100|[from] Grassy Terrain\n|upkeep\n|turn|10\n|\n|t:|1699667074\n|move|p2b: Rillaboom|Grassy Glide|p1b: Hachiko\n|-resisted|p1b: Hachiko\n|-damage|p1b: Hachiko|30\/100\n|move|p2a: Flutter Mane|Shadow Ball|p1b: Hachiko\n|-damage|p1b: Hachiko|0 fnt\n|faint|p1b: Hachiko\n|\n|win|YoraeRasante\n|c|&|\/uhtml prompt-leon1das,Leon1das is ready for game 3!\n|c| DorititosKiller|Jorannnn\n|c|&|\/uhtml prompt-leon1das,Leon1das is ready for game 3!\n","uploadtime":1699667084,"views":23,"p1id":"leon1das","p2id":"yoraerasante","formatid":"gen9vgc2023regulatione","rating":0,"private":0,"password":""}