{"id":"gen9vgc2023regulatione-1988734598","p1":"ZPokeProfessor","p2":"Ogskive","format":"[Gen 9] VGC 2023 Regulation E","log":"|j|\u2606ZPokeProfessor\n|j|\u2606Ogskive\n|t:|1699756396\n|gametype|doubles\n|player|p1|ZPokeProfessor|scientist-gen4|1154\n|player|p2|Ogskive|fisherman-gen4|1170\n|teamsize|p1|6\n|teamsize|p2|6\n|gen|9\n|tier|[Gen 9] VGC 2023 Regulation E\n|rated|\n|rule|Species Clause: Limit one of each Pok\u00e9mon\n|rule|Item Clause: Limit one of each item\n|clearpoke\n|poke|p1|Roaring Moon, L50|\n|poke|p1|Chien-Pao, L50|\n|poke|p1|Arcanine-Hisui, L50, M|\n|poke|p1|Flutter Mane, L50|\n|poke|p1|Landorus-Therian, L50, M|\n|poke|p1|Iron Hands, L50|\n|poke|p2|Flutter Mane, L50|\n|poke|p2|Overqwil, L50, F|\n|poke|p2|Pelipper, L50, M|\n|poke|p2|Barraskewda, L50, M|\n|poke|p2|Amoonguss, L50, F|\n|poke|p2|Rotom-Mow, L50|\n|teampreview|4\n|inactive|Battle timer is ON: inactive players will automatically lose when time's up. (requested by Ogskive)\n|\n|t:|1699756421\n|start\n|switch|p1a: Chien-Pao|Chien-Pao, L50|100\/100\n|switch|p1b: Arcanine|Arcanine-Hisui, L50, M, shiny|100\/100\n|switch|p2a: Pelipper|Pelipper, L50, M|100\/100\n|switch|p2b: Barraskewda|Barraskewda, L50, M|100\/100\n|-ability|p1a: Chien-Pao|Sword of Ruin\n|-ability|p1b: Arcanine|Intimidate|boost\n|-unboost|p2a: Pelipper|atk|1\n|-unboost|p2b: Barraskewda|atk|1\n|-weather|RainDance|[from] ability: Drizzle|[of] p2a: Pelipper\n|turn|1\n|\n|t:|1699756440\n|move|p1a: Chien-Pao|Sucker Punch|p2b: Barraskewda\n|-enditem|p2b: Barraskewda|Focus Sash\n|-damage|p2b: Barraskewda|1\/100\n|move|p2b: Barraskewda|Liquidation|p1a: Chien-Pao\n|-damage|p1a: Chien-Pao|39\/100\n|move|p1b: Arcanine|Wild Charge|p2a: Pelipper\n|-supereffective|p2a: Pelipper\n|-damage|p2a: Pelipper|0 fnt\n|faint|p2a: Pelipper\n|-damage|p1b: Arcanine|76\/100|[from] Recoil\n|\n|-weather|RainDance|[upkeep]\n|upkeep\n|\n|t:|1699756451\n|switch|p2a: Overqwil|Overqwil, L50, F|100\/100\n|turn|2\n|inactive|ZPokeProfessor has 30 seconds left.\n|\n|t:|1699756479\n|switch|p1b: Iron Hands|Iron Hands, L50|100\/100\n|move|p2b: Barraskewda|Protect|p2b: Barraskewda\n|-singleturn|p2b: Barraskewda|Protect\n|move|p1a: Chien-Pao|Sucker Punch||[still]\n|-fail|p1a: Chien-Pao\n|move|p2a: Overqwil|Fell Stinger|p1a: Chien-Pao\n|-supereffective|p1a: Chien-Pao\n|-damage|p1a: Chien-Pao|0 fnt\n|faint|p1a: Chien-Pao\n|-boost|p2a: Overqwil|atk|3\n|\n|-weather|RainDance|[upkeep]\n|upkeep\n|\n|t:|1699756493\n|switch|p1a: Arcanine|Arcanine-Hisui, L50, M, shiny|76\/100\n|-ability|p1a: Arcanine|Intimidate|boost\n|-unboost|p2a: Overqwil|atk|1\n|-unboost|p2b: Barraskewda|atk|1\n|turn|3\n|\n|t:|1699756501\n|-terastallize|p2b: Barraskewda|Ghost\n|move|p1b: Iron Hands|Fake Out|p2a: Overqwil\n|-damage|p2a: Overqwil|86\/100\n|move|p1a: Arcanine|Extreme Speed|p2b: Barraskewda\n|-immune|p2b: Barraskewda\n|move|p2b: Barraskewda|Liquidation|p1a: Arcanine\n|-supereffective|p1a: Arcanine\n|-damage|p1a: Arcanine|0 fnt\n|faint|p1a: Arcanine\n|cant|p2a: Overqwil|flinch\n|\n|-weather|RainDance|[upkeep]\n|upkeep\n|\n|t:|1699756511\n|switch|p1a: Landorus|Landorus-Therian, L50, M|100\/100\n|-ability|p1a: Landorus|Intimidate|boost\n|-unboost|p2a: Overqwil|atk|1\n|-unboost|p2b: Barraskewda|atk|1\n|turn|4\n|\n|t:|1699756519\n|move|p2b: Barraskewda|Liquidation|p1a: Landorus\n|-supereffective|p1a: Landorus\n|-damage|p1a: Landorus|41\/100\n|move|p1a: Landorus|Rock Slide|p2a: Overqwil|[spread] p2a,p2b\n|-damage|p2a: Overqwil|65\/100\n|-damage|p2b: Barraskewda|0 fnt\n|faint|p2b: Barraskewda\n|move|p2a: Overqwil|Poison Jab|p1b: Iron Hands\n|-damage|p1b: Iron Hands|57\/100\n|-status|p1b: Iron Hands|psn\n|move|p1b: Iron Hands|Drain Punch|p2a: Overqwil\n|-damage|p2a: Overqwil|21\/100\n|-heal|p1b: Iron Hands|75\/100 psn|[from] drain|[of] p2a: Overqwil\n|\n|-weather|RainDance|[upkeep]\n|-damage|p1b: Iron Hands|63\/100 psn|[from] psn\n|upkeep\n|\n|t:|1699756533\n|switch|p2b: Flutter Mane|Flutter Mane, L50|100\/100\n|-enditem|p2b: Flutter Mane|Booster Energy\n|-activate|p2b: Flutter Mane|ability: Protosynthesis|[fromitem]\n|-start|p2b: Flutter Mane|protosynthesisspe\n|turn|5\n|\n|t:|1699756544\n|move|p2b: Flutter Mane|Shadow Ball|p1a: Landorus\n|-damage|p1a: Landorus|0 fnt\n|faint|p1a: Landorus\n|move|p2a: Overqwil|Poison Jab|p1b: Iron Hands\n|-damage|p1b: Iron Hands|21\/100 psn\n|move|p1b: Iron Hands|Heavy Slam|p2b: Flutter Mane\n|-supereffective|p2b: Flutter Mane\n|-damage|p2b: Flutter Mane|0 fnt\n|faint|p2b: Flutter Mane\n|-end|p2b: Flutter Mane|Protosynthesis|[silent]\n|\n|-weather|RainDance|[upkeep]\n|-damage|p1b: Iron Hands|9\/100 psn|[from] psn\n|upkeep\n|turn|6\n|\n|t:|1699756555\n|move|p2a: Overqwil|Poison Jab|p1b: Iron Hands\n|-damage|p1b: Iron Hands|0 fnt\n|faint|p1b: Iron Hands\n|-end|p1b: Iron Hands|Quark Drive|[silent]\n|\n|win|Ogskive\n|raw|ZPokeProfessor's rating: 1154 &rarr; <strong>1130<\/strong><br \/>(-24 for losing)\n|raw|Ogskive's rating: 1170 &rarr; <strong>1194<\/strong><br \/>(+24 for winning)\n|c|\u2606Ogskive|gg\n","uploadtime":1699756564,"views":15,"p1id":"zpokeprofessor","p2id":"ogskive","formatid":"gen9vgc2023regulatione","rating":1130,"private":0,"password":""}