{"id":"gen9vgc2023regulatione-1998117335","p1":"ThunderBall101","p2":"Spookz_Legend","format":"[Gen 9] VGC 2023 Regulation E","log":"|j|\u2606ThunderBall101\n|j|\u2606Spookz_Legend\n|n|\u2606ThunderBall101|thunderball101\n|n|\u2606Spookz_Legend|spookzlegend\n|html|View the match progress at <a href=\"\/game-bestof3-gen9vgc2023regulatione-1998117334\">game-bestof3-gen9vgc2023regulatione-1998117334<\/a>\n|t:|1700894397\n|gametype|doubles\n|player|p1|ThunderBall101|wattson|\n|player|p2|Spookz_Legend|cheren|\n|teamsize|p1|6\n|teamsize|p2|6\n|gen|9\n|tier|[Gen 9] VGC 2023 Regulation E\n|rule|Species Clause: Limit one of each Pok\u00e9mon\n|rule|Item Clause: Limit one of each item\n|clearpoke\n|poke|p1|Tornadus, L50, M|\n|poke|p1|Regidrago, L50|\n|poke|p1|Chi-Yu, L50|\n|poke|p1|Dondozo, L50, F|\n|poke|p1|Tatsugiri, L50, M|\n|poke|p1|Spiritomb, L50, F|\n|poke|p2|Fezandipiti, L50, M|\n|poke|p2|Trevenant, L50, M|\n|poke|p2|Magnezone, L50|\n|poke|p2|Iron Bundle, L50|\n|poke|p2|Maushold, L50|\n|poke|p2|Medicham, L50, M|\n|teampreview|4\nThunderBall101 rejected open team sheets.\n|c|\u2606ThunderBall101|Glhf\n|c|\u2606Spookz_Legend|gl hf\n|\n|t:|1700894446\n|start\n|switch|p1a: Will|Tornadus, L50, M|100\/100\n|switch|p1b: Bubbles|Chi-Yu, L50|100\/100\n|switch|p2a: Maushold|Maushold, L50|100\/100\n|switch|p2b: Medicham|Medicham, L50, M|100\/100\n|-ability|p1b: Bubbles|Beads of Ruin\n|turn|1\n|\n|t:|1700894461\n|move|p1b: Bubbles|Protect|p1b: Bubbles\n|-singleturn|p1b: Bubbles|Protect\n|move|p2b: Medicham|Fake Out|p1b: Bubbles\n|-activate|p1b: Bubbles|move: Protect\n|move|p1a: Will|Tailwind|p1a: Will\n|-sidestart|p1: ThunderBall101|move: Tailwind\n|move|p2a: Maushold|Population Bomb|p1a: Will\n|-damage|p1a: Will|84\/100\n|-damage|p1a: Will|69\/100\n|-damage|p1a: Will|54\/100\n|-damage|p1a: Will|39\/100\n|-damage|p1a: Will|24\/100\n|-damage|p1a: Will|8\/100\n|-damage|p1a: Will|0 fnt\n|faint|p1a: Will\n|-hitcount|p1: Will|7\n|\n|upkeep\n|\n|t:|1700894479\n|switch|p1a: Bonbozo|Dondozo, L50, F|100\/100\n|turn|2\n|\n|t:|1700894506\n|switch|p1b: Sashimi|Tatsugiri, L50, M|100\/100\n|-activate|p1b: Sashimi|ability: Commander|[of] p1a: Bonbozo\n|-boost|p1a: Bonbozo|atk|2\n|-boost|p1a: Bonbozo|spa|2\n|-boost|p1a: Bonbozo|spe|2\n|-boost|p1a: Bonbozo|def|2\n|-boost|p1a: Bonbozo|spd|2\n|move|p2a: Maushold|Protect|p2a: Maushold\n|-singleturn|p2a: Maushold|Protect\n|move|p1a: Bonbozo|Earthquake|p2a: Maushold|[spread] p2b\n|-miss|p1a: Bonbozo|p1b: Sashimi\n|-activate|p2a: Maushold|move: Protect\n|-damage|p2b: Medicham|33\/100\n|move|p2b: Medicham|Thunder Punch|p1a: Bonbozo\n|-supereffective|p1a: Bonbozo\n|-damage|p1a: Bonbozo|74\/100\n|-damage|p2b: Medicham|17\/100|[from] item: Rocky Helmet|[of] p1a: Bonbozo\n|\n|upkeep\n|turn|3\n|\n|t:|1700894577\n|-terastallize|p1a: Bonbozo|Steel\n|move|p2b: Medicham|Protect|p2b: Medicham\n|-singleturn|p2b: Medicham|Protect\n|move|p1a: Bonbozo|Order Up|p2a: Maushold\n|-crit|p2a: Maushold\n|-damage|p2a: Maushold|0 fnt\n|faint|p2a: Maushold\n|-boost|p1a: Bonbozo|atk|1\n|\n|upkeep\n|\n|t:|1700894591\n|switch|p2a: Iron Bundle|Iron Bundle, L50|100\/100\n|turn|4\n|\n|t:|1700894599\n|switch|p2b: Fezandipiti|Fezandipiti, L50, M|100\/100\n|move|p1a: Bonbozo|Rock Slide|p2b: Fezandipiti|[spread] p2b\n|-miss|p1a: Bonbozo|p2a: Iron Bundle\n|-damage|p2b: Fezandipiti|55\/100\n|move|p2a: Iron Bundle|Encore|p1a: Bonbozo\n|-start|p1a: Bonbozo|Encore\n|\n|-sideend|p1: ThunderBall101|move: Tailwind\n|upkeep\n|turn|5\n|\n|t:|1700894617\n|move|p2a: Iron Bundle|Hydro Pump|p1a: Bonbozo\n|-damage|p1a: Bonbozo|40\/100\n|move|p1a: Bonbozo|Rock Slide|p2a: Iron Bundle|[spread] p2a,p2b\n|-supereffective|p2a: Iron Bundle\n|-damage|p2a: Iron Bundle|2\/100\n|-damage|p2b: Fezandipiti|10\/100\n|move|p2b: Fezandipiti|Tailwind|p2b: Fezandipiti\n|-sidestart|p2: Spookz_Legend|move: Tailwind\n|\n|upkeep\n|turn|6\n|\n|t:|1700894639\n|move|p2b: Fezandipiti|Protect|p2b: Fezandipiti\n|-singleturn|p2b: Fezandipiti|Protect\n|move|p2a: Iron Bundle|Hydro Pump|p1a: Bonbozo|[miss]\n|-miss|p2a: Iron Bundle|p1a: Bonbozo\n|move|p1a: Bonbozo|Rock Slide|p2a: Iron Bundle|[spread] p2a\n|-activate|p2b: Fezandipiti|move: Protect\n|-supereffective|p2a: Iron Bundle\n|-damage|p2a: Iron Bundle|0 fnt\n|faint|p2a: Iron Bundle\n|-end|p2a: Iron Bundle|Quark Drive|[silent]\n|\n|upkeep\n|\n|t:|1700894647\n|switch|p2a: Medicham|Medicham, L50, M|17\/100\n|turn|7\n|\n|t:|1700894657\n|move|p2a: Medicham|Close Combat|p1a: Bonbozo\n|-supereffective|p1a: Bonbozo\n|-damage|p1a: Bonbozo|0 fnt\n|-unboost|p2a: Medicham|def|1\n|-unboost|p2a: Medicham|spd|1\n|-damage|p2a: Medicham|0 fnt|[from] item: Rocky Helmet|[of] p1a: Bonbozo\n|faint|p1a: Bonbozo\n|faint|p2a: Medicham\n|move|p2b: Fezandipiti|Play Rough|p1b: Sashimi\n|-supereffective|p1b: Sashimi\n|-damage|p1b: Sashimi|0 fnt\n|faint|p1b: Sashimi\n|\n|upkeep\n|\n|t:|1700894660\n|switch|p1b: Bubbles|Chi-Yu, L50|100\/100\n|-ability|p1b: Bubbles|Beads of Ruin\n|turn|8\n|\n|t:|1700894669\n|move|p1b: Bubbles|Protect|p1b: Bubbles\n|-singleturn|p1b: Bubbles|Protect\n|move|p2b: Fezandipiti|Poison Jab|p1b: Bubbles\n|-activate|p1b: Bubbles|move: Protect\n|\n|-sideend|p2: Spookz_Legend|move: Tailwind\n|upkeep\n|turn|9\n|\n|t:|1700894675\n|move|p1b: Bubbles|Dark Pulse|p2b: Fezandipiti\n|-resisted|p2b: Fezandipiti\n|-damage|p2b: Fezandipiti|0 fnt\n|faint|p2b: Fezandipiti\n|\n|win|ThunderBall101\n|c|&|\/uhtml prompt-thunderball101,ThunderBall101 is ready for game 2!\n|inactive|Spookz_Legend has 50 seconds to confirm battle start!\n|c|&|\/uhtml prompt-spookzlegend,Spookz_Legend is ready for game 2!\nBoth players are ready! Starting next match!\n","uploadtime":1700895346,"views":12,"p1id":"thunderball101","p2id":"spookzlegend","formatid":"gen9vgc2023regulatione","rating":0,"private":0,"password":""}