{"id":"gen9vgc2023regulatione-1991864832","p1":"tyredes","p2":"Luiz Red","format":"[Gen 9] VGC 2023 Regulation E","log":"|j|\u2606tyredes\n|j|\u2606Luiz Red\n|t:|1700130511\n|gametype|doubles\n|player|p1|tyredes|linebacker|1126\n|player|p2|Luiz Red|clown|1119\n|teamsize|p1|6\n|teamsize|p2|6\n|gen|9\n|tier|[Gen 9] VGC 2023 Regulation E\n|rated|\n|rule|Species Clause: Limit one of each Pok\u00e9mon\n|rule|Item Clause: Limit one of each item\n|clearpoke\n|poke|p1|Gholdengo, L50|\n|poke|p1|Amoonguss, L50, M|\n|poke|p1|Iron Bundle, L50|\n|poke|p1|Pelipper, L50, M|\n|poke|p1|Salamence, L50, F|\n|poke|p1|Great Tusk, L50|\n|poke|p2|Tyranitar, L50, F|\n|poke|p2|Houndstone, L50, M|\n|poke|p2|Gholdengo, L50|\n|poke|p2|Landorus-Therian, L50, M|\n|poke|p2|Cresselia, L50, F|\n|poke|p2|Gastrodon-East, L50, F|\n|teampreview|4\nLuiz Red rejected open team sheets.\n|\n|t:|1700130594\n|start\n|switch|p1a: Gholdengo|Gholdengo, L50|100\/100\n|switch|p1b: Amoonguss|Amoonguss, L50, M|100\/100\n|switch|p2a: Gholdengo|Gholdengo, L50, shiny|100\/100\n|switch|p2b: Tyranitar|Tyranitar, L50, F, shiny|100\/100\n|-weather|Sandstorm|[from] ability: Sand Stream|[of] p2b: Tyranitar\n|turn|1\n|\n|t:|1700130620\n|switch|p1b: Pelipper|Pelipper, L50, M|100\/100\n|-weather|RainDance|[from] ability: Drizzle|[of] p1b: Pelipper\n|-terastallize|p1a: Gholdengo|Dragon\n|move|p2b: Tyranitar|Protect|p2b: Tyranitar\n|-singleturn|p2b: Tyranitar|Protect\n|move|p1a: Gholdengo|Make It Rain|p2a: Gholdengo|[spread] p2a\n|-activate|p2b: Tyranitar|move: Protect\n|-resisted|p2a: Gholdengo\n|-damage|p2a: Gholdengo|79\/100\n|-unboost|p1a: Gholdengo|spa|1\n|move|p2a: Gholdengo|Nasty Plot|p2a: Gholdengo\n|-boost|p2a: Gholdengo|spa|2\n|\n|-weather|RainDance|[upkeep]\n|upkeep\n|turn|2\n|\n|t:|1700130650\n|switch|p2b: Landorus|Landorus-Therian, L50, M|100\/100\n|-ability|p2b: Landorus|Intimidate|boost\n|-unboost|p1a: Gholdengo|atk|1\n|-unboost|p1b: Pelipper|atk|1\n|-terastallize|p2a: Gholdengo|Fairy\n|move|p1b: Pelipper|Wide Guard|p1b: Pelipper\n|-singleturn|p1b: Pelipper|Wide Guard\n|move|p1a: Gholdengo|Shadow Ball|p2a: Gholdengo\n|-damage|p2a: Gholdengo|55\/100\n|-unboost|p2a: Gholdengo|spd|1\n|move|p2a: Gholdengo|Dazzling Gleam|p1b: Pelipper|[spread] \n|-activate|p1a: Gholdengo|move: Wide Guard\n|-activate|p1b: Pelipper|move: Wide Guard\n|\n|-weather|RainDance|[upkeep]\n|upkeep\n|turn|3\n|\n|t:|1700130686\n|move|p1a: Gholdengo|Make It Rain|p2a: Gholdengo|[spread] p2a,p2b\n|-supereffective|p2a: Gholdengo\n|-damage|p2a: Gholdengo|0 fnt\n|-damage|p2b: Landorus|77\/100\n|-unboost|p1a: Gholdengo|spa|1\n|faint|p2a: Gholdengo\n|move|p1b: Pelipper|U-turn|p2b: Landorus\n|-resisted|p2b: Landorus\n|-damage|p2b: Landorus|74\/100\n|-damage|p1b: Pelipper|91\/100|[from] item: Life Orb\n|\n|t:|1700130699\n|switch|p1b: Salamence|Salamence, L50, F|100\/100|[from] U-turn\n|-ability|p1b: Salamence|Intimidate|boost\n|-unboost|p2b: Landorus|atk|1\n|move|p2b: Landorus|Stomping Tantrum|p1a: Gholdengo\n|-damage|p1a: Gholdengo|62\/100\n|\n|-weather|RainDance|[upkeep]\n|upkeep\n|\n|t:|1700130709\n|switch|p2a: Tyranitar|Tyranitar, L50, F, shiny|100\/100\n|-weather|Sandstorm|[from] ability: Sand Stream|[of] p2a: Tyranitar\n|turn|4\n|\n|t:|1700130738\n|switch|p1a: Pelipper|Pelipper, L50, M|91\/100\n|-weather|RainDance|[from] ability: Drizzle|[of] p1a: Pelipper\n|switch|p2b: Houndstone|Houndstone, L50, M|100\/100\n|move|p1b: Salamence|Hurricane|p2b: Houndstone\n|-damage|p2b: Houndstone|34\/100\n|move|p2a: Tyranitar|Dragon Dance|p2a: Tyranitar\n|-boost|p2a: Tyranitar|atk|1\n|-boost|p2a: Tyranitar|spe|1\n|\n|-weather|RainDance|[upkeep]\n|upkeep\n|turn|5\n|\n|t:|1700130763\n|switch|p2b: Landorus|Landorus-Therian, L50, M|74\/100\n|-ability|p2b: Landorus|Intimidate|boost\n|-unboost|p1a: Pelipper|atk|1\n|-unboost|p1b: Salamence|atk|1\n|move|p1a: Pelipper|Wide Guard|p1a: Pelipper\n|-singleturn|p1a: Pelipper|Wide Guard\n|move|p1b: Salamence|Hurricane|p2b: Landorus\n|-damage|p2b: Landorus|25\/100\n|-start|p2b: Landorus|confusion\n|move|p2a: Tyranitar|Crunch|p1a: Pelipper\n|-damage|p1a: Pelipper|16\/100\n|\n|-weather|RainDance|[upkeep]\n|upkeep\n|turn|6\n|l|\u2606tyredes\n|player|p1|\n|inactive|Battle timer is ON: inactive players will automatically lose when time's up. (requested by Luiz Red)\n|inactive|tyredes has 30 seconds to reconnect!\n|inactive|tyredes has 20 seconds to reconnect!\n|inactive|tyredes has 15 seconds to reconnect!\n|inactive|tyredes has 10 seconds to reconnect!\n|inactive|tyredes has 5 seconds to reconnect!\n|-message|tyredes lost due to inactivity.\n|\n|win|Luiz Red\n|raw|tyredes's rating: 1126 &rarr; <strong>1100<\/strong><br \/>(-26 for losing)\n|raw|Luiz Red's rating: 1119 &rarr; <strong>1145<\/strong><br \/>(+26 for winning)\n","uploadtime":1700130964,"views":28,"p1id":"tyredes","p2id":"luizred","formatid":"gen9vgc2023regulatione","rating":1100,"private":0,"password":""}