{"id":"gen9vgc2023regulatione-1990806819","p1":"icantstall","p2":"CharlienoB","format":"[Gen 9] VGC 2023 Regulation E","log":"|j|\u2606icantstall\n|j|\u2606CharlienoB\n|t:|1700002783\n|gametype|doubles\n|player|p1|icantstall|cynthia-masters|1000\n|player|p2|CharlienoB|169|1029\n|teamsize|p1|6\n|teamsize|p2|6\n|gen|9\n|tier|[Gen 9] VGC 2023 Regulation E\n|rated|\n|rule|Species Clause: Limit one of each Pok\u00e9mon\n|rule|Item Clause: Limit one of each item\n|clearpoke\n|poke|p1|Ting-Lu, L50|\n|poke|p1|Tornadus, L50, M|\n|poke|p1|Iron Hands, L50|\n|poke|p1|Arcanine-Hisui, L50, F|\n|poke|p1|Farigiraf, L50, F|\n|poke|p1|Milotic, L50, F|\n|poke|p2|Wigglytuff, L50, F|\n|poke|p2|Sinistcha, L50|\n|poke|p2|Ceruledge, L50, F|\n|poke|p2|Bruxish, L50, M|\n|poke|p2|Iron Hands, L50|\n|poke|p2|Chien-Pao, L50|\n|teampreview|4\n|inactive|Battle timer is ON: inactive players will automatically lose when time's up. (requested by icantstall)\n|inactive|icantstall has 60 seconds left.\n|\n|t:|1700002821\n|start\n|switch|p1a: Milotic|Milotic, L50, F|100\/100\n|switch|p1b: Iron Hands|Iron Hands, L50|100\/100\n|switch|p2a: Bruxish|Bruxish, L50, M|100\/100\n|switch|p2b: Iron Hands|Iron Hands, L50|100\/100\n|turn|1\n|\n|t:|1700002840\n|move|p1b: Iron Hands|Fake Out||[still]\n|cant|p2a: Bruxish|ability: Dazzling|Fake Out|[of] p1b: Iron Hands\n|move|p2b: Iron Hands|Fake Out|p1b: Iron Hands\n|-damage|p1b: Iron Hands|91\/100\n|move|p1a: Milotic|Icy Wind|p2a: Bruxish|[spread] p2a\n|-miss|p1a: Milotic|p2b: Iron Hands\n|-resisted|p2a: Bruxish\n|-damage|p2a: Bruxish|95\/100\n|-unboost|p2a: Bruxish|spe|1\n|move|p2a: Bruxish|Trick Room|p2a: Bruxish\n|-fieldstart|move: Trick Room|[of] p2a: Bruxish\n|\n|upkeep\n|turn|2\n|inactive|icantstall has 30 seconds left.\n|\n|t:|1700002865\n|-end|p1b: Iron Hands|Quark Drive|[silent]\n|switch|p1b: Ting-Lu|Ting-Lu, L50|100\/100\n|-ability|p1b: Ting-Lu|Vessel of Ruin\n|-terastallize|p2a: Bruxish|Dragon\n|move|p2a: Bruxish|Bulk Up|p2a: Bruxish\n|-boost|p2a: Bruxish|atk|1\n|-boost|p2a: Bruxish|def|1\n|move|p2b: Iron Hands|Wild Charge|p1a: Milotic\n|-supereffective|p1a: Milotic\n|-damage|p1a: Milotic|29\/100\n|-damage|p2b: Iron Hands|85\/100|[from] Recoil\n|move|p1a: Milotic|Life Dew||[still]|[spread] p1a,p1b\n|-heal|p1a: Milotic|54\/100\n|-fail|p1b: Ting-Lu|heal\n|\n|-heal|p1a: Milotic|60\/100|[from] item: Leftovers\n|upkeep\n|turn|3\n|inactive|icantstall has 30 seconds left.\n|\n|t:|1700002893\n|-terastallize|p1b: Ting-Lu|Fairy\n|move|p2a: Bruxish|Aqua Jet|p1b: Ting-Lu\n|-damage|p1b: Ting-Lu|87\/100\n|move|p1b: Ting-Lu|Fissure|p2a: Bruxish|[miss]\n|-miss|p1b: Ting-Lu|p2a: Bruxish\n|move|p2b: Iron Hands|Wild Charge|p1a: Milotic\n|-supereffective|p1a: Milotic\n|-damage|p1a: Milotic|0 fnt\n|faint|p1a: Milotic\n|-damage|p2b: Iron Hands|72\/100|[from] Recoil\n|\n|upkeep\n|\n|t:|1700002910\n|switch|p1a: Iron Hands|Iron Hands, L50|91\/100\n|turn|4\n|\n|t:|1700002930\n|move|p1b: Ting-Lu|Stomping Tantrum|p2b: Iron Hands\n|-supereffective|p2b: Iron Hands\n|-damage|p2b: Iron Hands|0 fnt\n|faint|p2b: Iron Hands\n|-end|p2b: Iron Hands|Quark Drive|[silent]\n|move|p2a: Bruxish|Bulk Up|p2a: Bruxish\n|-boost|p2a: Bruxish|atk|1\n|-boost|p2a: Bruxish|def|1\n|move|p1a: Iron Hands|Drain Punch|p2a: Bruxish\n|-damage|p2a: Bruxish|70\/100\n|-heal|p1a: Iron Hands|99\/100|[from] drain|[of] p2a: Bruxish\n|\n|upkeep\n|\n|t:|1700002945\n|switch|p2b: Sinistcha|Sinistcha, L50|100\/100\n|-heal|p2a: Bruxish|95\/100|[from] ability: Hospitality|[of] p2b: Sinistcha\n|turn|5\n|\n|t:|1700002959\n|move|p1b: Ting-Lu|Fissure|p2a: Bruxish|[miss]\n|-miss|p1b: Ting-Lu|p2a: Bruxish\n|move|p2a: Bruxish|Psychic Fangs|p1b: Ting-Lu\n|-damage|p1b: Ting-Lu|50\/100\n|move|p1a: Iron Hands|Heavy Slam|p2b: Sinistcha\n|-damage|p2b: Sinistcha|56\/100\n|-damage|p1a: Iron Hands|82\/100|[from] item: Rocky Helmet|[of] p2b: Sinistcha\n|move|p2b: Sinistcha|Strength Sap|p1b: Ting-Lu\n|-unboost|p1b: Ting-Lu|atk|1\n|-heal|p2b: Sinistcha|100\/100\n|\n|-fieldend|move: Trick Room\n|upkeep\n|turn|6\n|\n|t:|1700002981\n|-end|p1a: Iron Hands|Quark Drive|[silent]\n|switch|p1a: Arcanine|Arcanine-Hisui, L50, F|100\/100\n|-ability|p1a: Arcanine|Intimidate|boost\n|-unboost|p2a: Bruxish|atk|1\n|-unboost|p2b: Sinistcha|atk|1\n|move|p2b: Sinistcha|Rage Powder|p2b: Sinistcha\n|-singleturn|p2b: Sinistcha|move: Rage Powder\n|move|p2a: Bruxish|Psychic Fangs|p1b: Ting-Lu\n|-damage|p1b: Ting-Lu|23\/100\n|move|p1b: Ting-Lu|Fissure|p2b: Sinistcha|[miss]\n|-miss|p1b: Ting-Lu|p2b: Sinistcha\n|\n|upkeep\n|turn|7\n|\n|t:|1700003002\n|move|p2a: Bruxish|Aqua Jet|p1a: Arcanine\n|-supereffective|p1a: Arcanine\n|-damage|p1a: Arcanine|0 fnt\n|faint|p1a: Arcanine\n|move|p2b: Sinistcha|Strength Sap|p1b: Ting-Lu\n|-unboost|p1b: Ting-Lu|atk|1\n|move|p1b: Ting-Lu|Fissure|p2a: Bruxish|[miss]\n|-miss|p1b: Ting-Lu|p2a: Bruxish\n|\n|upkeep\n|\n|t:|1700003011\n|switch|p1a: Iron Hands|Iron Hands, L50|82\/100\n|turn|8\n|\n|t:|1700003020\n|move|p2b: Sinistcha|Strength Sap|p1a: Iron Hands\n|-unboost|p1a: Iron Hands|atk|1\n|move|p1a: Iron Hands|Heavy Slam|p2b: Sinistcha\n|-damage|p2b: Sinistcha|70\/100\n|-damage|p1a: Iron Hands|66\/100|[from] item: Rocky Helmet|[of] p2b: Sinistcha\n|move|p2a: Bruxish|Psychic Fangs|p1a: Iron Hands\n|-supereffective|p1a: Iron Hands\n|-damage|p1a: Iron Hands|8\/100\n|-enditem|p1a: Iron Hands|Sitrus Berry|[eat]\n|-heal|p1a: Iron Hands|33\/100|[from] item: Sitrus Berry\n|move|p1b: Ting-Lu|Lash Out|p2b: Sinistcha\n|-supereffective|p2b: Sinistcha\n|-damage|p2b: Sinistcha|45\/100\n|-damage|p1b: Ting-Lu|7\/100|[from] item: Rocky Helmet|[of] p2b: Sinistcha\n|\n|upkeep\n|turn|9\n|-message|icantstall forfeited.\n|\n|win|CharlienoB\n|raw|icantstall's rating: 1000 &rarr; <strong>1000<\/strong><br \/>(+0 for losing)\n|raw|CharlienoB's rating: 1029 &rarr; <strong>1062<\/strong><br \/>(+33 for winning)\n|l|\u2606icantstall\n","uploadtime":1700003043,"views":18,"p1id":"icantstall","p2id":"charlienob","formatid":"gen9vgc2023regulatione","rating":1000,"private":0,"password":""}