{"id":"gen9vgc2023regulatione-1998215117","p1":"IDontKnw","p2":"borpox","format":"[Gen 9] VGC 2023 Regulation E","log":"|j|\u2606IDontKnw\n|j|\u2606borpox\n|t:|1700914088\n|gametype|doubles\n|player|p1|IDontKnw|170|1166\n|player|p2|borpox|steven|1115\n|teamsize|p1|6\n|teamsize|p2|6\n|gen|9\n|tier|[Gen 9] VGC 2023 Regulation E\n|rated|\n|rule|Species Clause: Limit one of each Pok\u00e9mon\n|rule|Item Clause: Limit one of each item\n|clearpoke\n|poke|p1|Heatran, L50, M|\n|poke|p1|Sinistcha-Masterpiece, L50|\n|poke|p1|Ninetales-Alola, L50, M|\n|poke|p1|Landorus-Therian, L50, M|\n|poke|p1|Iron Hands, L50|\n|poke|p1|Ogerpon-Wellspring, L50, F|\n|poke|p2|Moltres-Galar, L50|\n|poke|p2|Sinistcha-Masterpiece, L50|\n|poke|p2|Chi-Yu, L50|\n|poke|p2|Ogerpon-Wellspring, L50, F|\n|poke|p2|Inteleon, L50, M|\n|poke|p2|Infernape, L50, F|\n|teampreview|4\n|inactive|Battle timer is ON: inactive players will automatically lose when time's up. (requested by borpox)\n|inactive|IDontKnw has 60 seconds left.\n|inactive|borpox has 60 seconds left.\n|\n|t:|1700914133\n|start\n|switch|p1a: Ninetales|Ninetales-Alola, L50, M|100\/100\n|switch|p1b: Iron Hands|Iron Hands, L50|100\/100\n|switch|p2a: Inteleon|Inteleon, L50, M|100\/100\n|switch|p2b: Infernape|Infernape, L50, F|100\/100\n|-weather|Snow|[from] ability: Snow Warning|[of] p1a: Ninetales\n|turn|1\n|inactive|borpox has 30 seconds left.\n|inactive|borpox has 20 seconds left.\n|\n|t:|1700914173\n|-terastallize|p1a: Ninetales|Ghost\n|move|p2b: Infernape|Fake Out|p1b: Iron Hands\n|-damage|p1b: Iron Hands|92\/100\n|cant|p1b: Iron Hands|flinch\n|move|p2a: Inteleon|Snipe Shot|p1b: Iron Hands\n|-damage|p1b: Iron Hands|72\/100\n|move|p1a: Ninetales|Aurora Veil|p1a: Ninetales\n|-sidestart|p1: IDontKnw|move: Aurora Veil\n|\n|-weather|Snow|[upkeep]\n|upkeep\n|turn|2\n|\n|t:|1700914194\n|move|p2a: Inteleon|Water Pledge|p1b: Iron Hands\n|-waiting|p2a: Inteleon|p2b: Infernape\n|move|p2b: Infernape|Fire Pledge|p1b: Iron Hands|[from]move: Water Pledge\n|-combine\n|-damage|p1b: Iron Hands|55\/100\n|-sidestart|p2: borpox|Water Pledge\n|move|p1a: Ninetales|Icy Wind|p2b: Infernape|[spread] p2a,p2b\n|-resisted|p2a: Inteleon\n|-resisted|p2b: Infernape\n|-damage|p2a: Inteleon|88\/100\n|-damage|p2b: Infernape|93\/100\n|-unboost|p2a: Inteleon|spe|1\n|-unboost|p2b: Infernape|spe|1\n|move|p1b: Iron Hands|Wild Charge|p2a: Inteleon\n|-supereffective|p2a: Inteleon\n|-damage|p2a: Inteleon|0 fnt\n|faint|p2a: Inteleon\n|-damage|p1b: Iron Hands|42\/100|[from] Recoil\n|\n|-weather|Snow|[upkeep]\n|upkeep\n|\n|t:|1700914209\n|switch|p2a: Moltres|Moltres-Galar, L50, shiny|100\/100\n|turn|3\n|inactive|IDontKnw has 30 seconds left.\n|inactive|borpox has 30 seconds left.\n|\n|t:|1700914237\n|switch|p2b: Ogerpon|Ogerpon-Wellspring, L50, F|100\/100\n|-terastallize|p2a: Moltres|Fire\n|move|p1a: Ninetales|Icy Wind|p2b: Ogerpon|[spread] p2a,p2b\n|-resisted|p2a: Moltres\n|-damage|p2a: Moltres|95\/100\n|-damage|p2b: Ogerpon|84\/100\n|-unboost|p2a: Moltres|spe|1\n|-unboost|p2b: Ogerpon|spe|1\n|move|p2a: Moltres|Nasty Plot|p2a: Moltres\n|-boost|p2a: Moltres|spa|2\n|move|p1b: Iron Hands|Wild Charge|p2a: Moltres\n|-damage|p2a: Moltres|49\/100\n|-damage|p1b: Iron Hands|33\/100|[from] Recoil\n|-ability|p2a: Moltres|Berserk|boost\n|-boost|p2a: Moltres|spa|1\n|-enditem|p2a: Moltres|Sitrus Berry|[eat]\n|-heal|p2a: Moltres|74\/100|[from] item: Sitrus Berry\n|\n|-weather|Snow|[upkeep]\n|upkeep\n|turn|4\n|inactive|IDontKnw has 30 seconds left.\n|\n|t:|1700914266\n|move|p1a: Ninetales|Protect|p1a: Ninetales\n|-singleturn|p1a: Ninetales|Protect\n|move|p2b: Ogerpon|Follow Me|p2b: Ogerpon\n|-singleturn|p2b: Ogerpon|move: Follow Me\n|move|p1b: Iron Hands|Drain Punch|p2b: Ogerpon\n|-damage|p2b: Ogerpon|42\/100\n|-heal|p1b: Iron Hands|48\/100|[from] drain|[of] p2b: Ogerpon\n|move|p2a: Moltres|Fiery Wrath|p1b: Iron Hands|[spread] p1b\n|-activate|p1a: Ninetales|move: Protect\n|-resisted|p1b: Iron Hands\n|-damage|p1b: Iron Hands|36\/100\n|\n|-weather|Snow|[upkeep]\n|upkeep\n|turn|5\n|inactive|IDontKnw has 30 seconds left.\n|\n|t:|1700914292\n|switch|p1a: Sinistcha|Sinistcha-Masterpiece, L50|100\/100\n|-heal|p1b: Iron Hands|60\/100|[from] ability: Hospitality|[of] p1a: Sinistcha\n|move|p2b: Ogerpon|Ivy Cudgel|p1b: Iron Hands|[anim] Ivy Cudgel Water\n|-damage|p1b: Iron Hands|33\/100\n|move|p2a: Moltres|Fiery Wrath|p1b: Iron Hands|[spread] p1a,p1b\n|-supereffective|p1a: Sinistcha\n|-resisted|p1b: Iron Hands\n|-damage|p1a: Sinistcha|0 fnt\n|-damage|p1b: Iron Hands|21\/100\n|faint|p1a: Sinistcha\n|cant|p1b: Iron Hands|flinch\n|\n|-weather|none\n|-sideend|p2: borpox|Water Pledge\n|upkeep\n|\n|t:|1700914304\n|switch|p1a: Ogerpon|Ogerpon-Wellspring, L50, F|100\/100\n|turn|6\n|inactive|IDontKnw has 30 seconds left.\n|inactive|borpox has 30 seconds left.\n|\n|t:|1700914336\n|move|p1a: Ogerpon|Power Whip|p2b: Ogerpon|[miss]\n|-miss|p1a: Ogerpon|p2b: Ogerpon\n|move|p2b: Ogerpon|Ivy Cudgel|p1b: Iron Hands|[anim] Ivy Cudgel Water\n|-damage|p1b: Iron Hands|0 fnt\n|faint|p1b: Iron Hands\n|-end|p1b: Iron Hands|Quark Drive|[silent]\n|move|p2a: Moltres|Fiery Wrath|p1a: Ogerpon\n|-damage|p1a: Ogerpon|35\/100\n|\n|upkeep\n|\n|t:|1700914341\n|switch|p1b: Ninetales|Ninetales-Alola, L50, M, tera:Ghost|100\/100\n|-weather|Snow|[from] ability: Snow Warning|[of] p1b: Ninetales\n|turn|7\n|\n|t:|1700914353\n|move|p2b: Ogerpon|Follow Me|p2b: Ogerpon\n|-singleturn|p2b: Ogerpon|move: Follow Me\n|move|p1b: Ninetales|Icy Wind|p2b: Ogerpon|[spread] p2a,p2b\n|-resisted|p2a: Moltres\n|-damage|p2a: Moltres|69\/100\n|-damage|p2b: Ogerpon|27\/100\n|-unboost|p2a: Moltres|spe|1\n|-unboost|p2b: Ogerpon|spe|1\n|move|p1a: Ogerpon|Ivy Cudgel|p2b: Ogerpon|[anim] Ivy Cudgel Water\n|-heal|p2b: Ogerpon|52\/100|[from] ability: Water Absorb|[of] p1a: Ogerpon\n|move|p2a: Moltres|Fiery Wrath|p1a: Ogerpon|[spread] p1a,p1b\n|-supereffective|p1b: Ninetales\n|-damage|p1a: Ogerpon|0 fnt\n|-damage|p1b: Ninetales|0 fnt\n|faint|p1a: Ogerpon\n|faint|p1b: Ninetales\n|\n|win|borpox\n|raw|IDontKnw's rating: 1166 &rarr; <strong>1137<\/strong><br \/>(-29 for losing)\n|raw|borpox's rating: 1115 &rarr; <strong>1144<\/strong><br \/>(+29 for winning)\n|l|\u2606IDontKnw\n","uploadtime":1700914369,"views":8,"p1id":"idontknw","p2id":"borpox","formatid":"gen9vgc2023regulatione","rating":1137,"private":0,"password":""}