{"id":"gen9vgc2023regulatione-1999573840","p1":"Vugatti","p2":"Remote Worker","format":"[Gen 9] VGC 2023 Regulation E","log":"|j|\u2606Vugatti\n|j|\u2606Remote Worker\n|t:|1701097546\n|gametype|doubles\n|player|p1|Vugatti|alec-anime|1413\n|player|p2|Remote Worker|1|1360\n|teamsize|p1|6\n|teamsize|p2|6\n|gen|9\n|tier|[Gen 9] VGC 2023 Regulation E\n|rated|\n|rule|Species Clause: Limit one of each Pok\u00e9mon\n|rule|Item Clause: Limit one of each item\n|clearpoke\n|poke|p1|Dragapult, L50, F|\n|poke|p1|Amoonguss, L50, M|\n|poke|p1|Urshifu-*, L50, F|\n|poke|p1|Arcanine-Hisui, L50, M|\n|poke|p1|Ting-Lu, L50|\n|poke|p1|Farigiraf, L50, M|\n|poke|p2|Urshifu-*, L50, F|\n|poke|p2|Tornadus, L50, M|\n|poke|p2|Arcanine-Hisui, L50, F|\n|poke|p2|Brute Bonnet, L50|\n|poke|p2|Flutter Mane, L50|\n|poke|p2|Munkidori, L50, M|\n|teampreview|4\n|inactive|Battle timer is ON: inactive players will automatically lose when time's up. (requested by Remote Worker)\n|inactive|Vugatti also wants the timer to be on.\n|inactive|Vugatti has 60 seconds left.\n|inactive|Remote Worker has 60 seconds left.\n|\n|t:|1701097600\n|start\n|switch|p1a: Dragapult|Dragapult, L50, F|100\/100\n|switch|p1b: Amoonguss|Amoonguss, L50, M|100\/100\n|switch|p2a: Tornadus|Tornadus, L50, M|100\/100\n|switch|p2b: Munkidori|Munkidori, L50, M|100\/100\n|-item|p1a: Dragapult|Sitrus Berry|[from] ability: Frisk|[of] p2b: Munkidori|[identify]\n|-item|p1b: Amoonguss|Rocky Helmet|[from] ability: Frisk|[of] p2b: Munkidori|[identify]\n|turn|1\n|inactive|Remote Worker has 30 seconds left.\n|inactive|Remote Worker has 20 seconds left.\n|inactive|Remote Worker has 15 seconds left.\n|\n|t:|1701097644\n|switch|p1a: Arcanine|Arcanine-Hisui, L50, M|100\/100\n|-ability|p1a: Arcanine|Intimidate|boost\n|-unboost|p2a: Tornadus|atk|1\n|-unboost|p2b: Munkidori|atk|1\n|switch|p1b: Ting-Lu|Ting-Lu, L50|100\/100\n|-ability|p1b: Ting-Lu|Vessel of Ruin\n|move|p2a: Tornadus|Taunt|p1b: Ting-Lu\n|-hint|Since gen 7, Dark is immune to Prankster moves.\n|-immune|p1b: Ting-Lu\n|move|p2b: Munkidori|Psychic|p1a: Arcanine\n|-damage|p1a: Arcanine|80\/100\n|\n|upkeep\n|turn|2\n|\n|t:|1701097667\n|move|p2a: Tornadus|Tailwind|p2a: Tornadus\n|-sidestart|p2: Remote Worker|move: Tailwind\n|move|p2b: Munkidori|Parting Shot|p1a: Arcanine\n|-unboost|p1a: Arcanine|atk|1\n|-unboost|p1a: Arcanine|spa|1\n|\n|t:|1701097680\n|switch|p2b: Brute Bonnet|Brute Bonnet, L50|100\/100|[from] Parting Shot\n|move|p1a: Arcanine|Rock Slide|p2a: Tornadus|[spread] p2a,p2b\n|-supereffective|p2a: Tornadus\n|-damage|p2a: Tornadus|57\/100\n|-damage|p2b: Brute Bonnet|84\/100\n|move|p1b: Ting-Lu|Lash Out|p2b: Brute Bonnet\n|-resisted|p2b: Brute Bonnet\n|-damage|p2b: Brute Bonnet|69\/100\n|\n|upkeep\n|turn|3\n|inactive|Vugatti has 30 seconds left.\n|inactive|Remote Worker has 30 seconds left.\n|\n|t:|1701097708\n|switch|p2a: Urshifu|Urshifu-Rapid-Strike, L50, F|100\/100\n|-terastallize|p1b: Ting-Lu|Grass\n|move|p2b: Brute Bonnet|Stomping Tantrum|p1a: Arcanine\n|-supereffective|p1a: Arcanine\n|-damage|p1a: Arcanine|0 fnt\n|faint|p1a: Arcanine\n|move|p1b: Ting-Lu|Lash Out|p2a: Urshifu\n|-resisted|p2a: Urshifu\n|-damage|p2a: Urshifu|84\/100\n|\n|upkeep\n|\n|t:|1701097721\n|switch|p1a: Amoonguss|Amoonguss, L50, M|100\/100\n|turn|4\n|inactive|Remote Worker has 30 seconds left.\n|\n|t:|1701097749\n|-end|p2b: Brute Bonnet|Protosynthesis|[silent]\n|switch|p2b: Tornadus|Tornadus, L50, M|57\/100\n|move|p2a: Urshifu|Detect|p2a: Urshifu\n|-singleturn|p2a: Urshifu|Protect\n|move|p1b: Ting-Lu|Stomping Tantrum|p2a: Urshifu\n|-activate|p2a: Urshifu|move: Protect\n|move|p1a: Amoonguss|Spore|p2a: Urshifu\n|-activate|p2a: Urshifu|move: Protect\n|\n|upkeep\n|turn|5\n|inactive|Vugatti has 30 seconds left.\n|inactive|Remote Worker has 30 seconds left.\n|\n|t:|1701097781\n|switch|p1a: Dragapult|Dragapult, L50, F|100\/100\n|move|p2b: Tornadus|Taunt|p1a: Dragapult\n|-start|p1a: Dragapult|move: Taunt\n|move|p2a: Urshifu|Fire Punch|p1b: Ting-Lu\n|-supereffective|p1b: Ting-Lu\n|-damage|p1b: Ting-Lu|56\/100\n|-damage|p2a: Urshifu|74\/100|[from] item: Life Orb\n|move|p1b: Ting-Lu|Heavy Slam|p2b: Tornadus\n|-damage|p2b: Tornadus|12\/100\n|\n|-heal|p1b: Ting-Lu|62\/100|[from] item: Leftovers\n|-sideend|p2: Remote Worker|move: Tailwind\n|upkeep\n|turn|6\n|c|\u2606Vugatti|Some funky sets\n|inactive|Remote Worker has 30 seconds left.\n|c|\u2606Remote Worker|yup. outside the box stuff\n|inactive|Vugatti has 30 seconds left.\n|inactive|Remote Worker has 20 seconds left.\n|inactive|Remote Worker has 15 seconds left.\n|inactive|Remote Worker has 10 seconds left.\n|\n|t:|1701097831\n|switch|p1b: Amoonguss|Amoonguss, L50, M|100\/100\n|-terastallize|p2a: Urshifu|Fire\n|move|p2b: Tornadus|Tailwind|p2b: Tornadus\n|-sidestart|p2: Remote Worker|move: Tailwind\n|move|p2a: Urshifu|Fire Punch|p1b: Amoonguss\n|-supereffective|p1b: Amoonguss\n|-damage|p1b: Amoonguss|16\/100\n|-damage|p2a: Urshifu|57\/100|[from] item: Rocky Helmet|[of] p1b: Amoonguss\n|-damage|p2a: Urshifu|47\/100|[from] item: Life Orb\n|move|p1a: Dragapult|Dragon Pulse|p2b: Tornadus\n|-damage|p2b: Tornadus|0 fnt\n|faint|p2b: Tornadus\n|\n|upkeep\n|\n|t:|1701097846\n|switch|p2b: Brute Bonnet|Brute Bonnet, L50|69\/100\n|turn|7\n|\n|t:|1701097864\n|switch|p1a: Ting-Lu|Ting-Lu, L50, tera:Grass|62\/100\n|-ability|p1a: Ting-Lu|Vessel of Ruin\n|move|p1b: Amoonguss|Rage Powder|p1b: Amoonguss\n|-singleturn|p1b: Amoonguss|move: Rage Powder\n|move|p2b: Brute Bonnet|Sucker Punch||[still]\n|-fail|p2b: Brute Bonnet\n|move|p2a: Urshifu|Fire Punch|p1b: Amoonguss\n|-supereffective|p1b: Amoonguss\n|-damage|p1b: Amoonguss|0 fnt\n|-damage|p2a: Urshifu|31\/100|[from] item: Rocky Helmet|[of] p1b: Amoonguss\n|faint|p1b: Amoonguss\n|-damage|p2a: Urshifu|21\/100|[from] item: Life Orb\n|\n|-heal|p1a: Ting-Lu|69\/100|[from] item: Leftovers\n|upkeep\n|\n|t:|1701097878\n|switch|p1b: Dragapult|Dragapult, L50, F|100\/100\n|turn|8\n|\n|t:|1701097894\n|move|p2a: Urshifu|Detect|p2a: Urshifu\n|-singleturn|p2a: Urshifu|Protect\n|move|p2b: Brute Bonnet|Spore|p1b: Dragapult\n|-status|p1b: Dragapult|slp|[from] move: Spore\n|cant|p1b: Dragapult|slp\n|move|p1a: Ting-Lu|Stomping Tantrum|p2a: Urshifu\n|-activate|p2a: Urshifu|move: Protect\n|\n|-heal|p1a: Ting-Lu|75\/100|[from] item: Leftovers\n|upkeep\n|turn|9\n|\n|t:|1701097918\n|-curestatus|p1b: Dragapult|slp|[msg]\n|move|p1b: Dragapult|Protect|p1b: Dragapult\n|-singleturn|p1b: Dragapult|Protect\n|move|p2a: Urshifu|Fire Punch|p1a: Ting-Lu\n|-supereffective|p1a: Ting-Lu\n|-damage|p1a: Ting-Lu|12\/100\n|-damage|p2a: Urshifu|11\/100|[from] item: Life Orb\n|move|p2b: Brute Bonnet|Stomping Tantrum|p1b: Dragapult\n|-activate|p1b: Dragapult|move: Protect\n|move|p1a: Ting-Lu|Stomping Tantrum|p2a: Urshifu\n|-supereffective|p2a: Urshifu\n|-damage|p2a: Urshifu|0 fnt\n|faint|p2a: Urshifu\n|\n|-heal|p1a: Ting-Lu|18\/100|[from] item: Leftovers\n|-sideend|p2: Remote Worker|move: Tailwind\n|upkeep\n|\n|t:|1701097922\n|switch|p2a: Munkidori|Munkidori, L50, M|100\/100\n|-item|p1a: Ting-Lu|Leftovers|[from] ability: Frisk|[of] p2a: Munkidori|[identify]\n|-item|p1b: Dragapult|Sitrus Berry|[from] ability: Frisk|[of] p2a: Munkidori|[identify]\n|turn|10\n|\n|t:|1701097938\n|move|p1a: Ting-Lu|Protect|p1a: Ting-Lu\n|-singleturn|p1a: Ting-Lu|Protect\n|move|p2a: Munkidori|Fake Out|p1a: Ting-Lu\n|-activate|p1a: Ting-Lu|move: Protect\n|move|p2b: Brute Bonnet|Sucker Punch||[still]\n|-fail|p2b: Brute Bonnet\n|move|p1b: Dragapult|Will-O-Wisp|p2b: Brute Bonnet\n|-status|p2b: Brute Bonnet|brn\n|\n|-heal|p1a: Ting-Lu|25\/100|[from] item: Leftovers\n|-damage|p2b: Brute Bonnet|63\/100 brn|[from] brn\n|upkeep\n|turn|11\n|c|\u2606Remote Worker|urs is pretty funky too\n|c|\u2606Vugatti|Ty lol\n|inactive|Vugatti has 30 seconds left.\n|inactive|Remote Worker has 30 seconds left.\n|\n|t:|1701097970\n|move|p2b: Brute Bonnet|Sucker Punch|p1b: Dragapult\n|-supereffective|p1b: Dragapult\n|-damage|p1b: Dragapult|59\/100\n|move|p1b: Dragapult|Shadow Ball|p2a: Munkidori\n|-supereffective|p2a: Munkidori\n|-damage|p2a: Munkidori|49\/100\n|move|p2a: Munkidori|Clear Smog|p1a: Ting-Lu\n|-supereffective|p1a: Ting-Lu\n|-damage|p1a: Ting-Lu|0 fnt\n|-clearboost|p1a: Ting-Lu\n|faint|p1a: Ting-Lu\n|\n|-damage|p2b: Brute Bonnet|57\/100 brn|[from] brn\n|upkeep\n|turn|12\n|\n|t:|1701097993\n|move|p1b: Dragapult|Protect|p1b: Dragapult\n|-singleturn|p1b: Dragapult|Protect\n|move|p2a: Munkidori|Psychic|p1b: Dragapult\n|-activate|p1b: Dragapult|move: Protect\n|move|p2b: Brute Bonnet|Spore|p1b: Dragapult\n|-activate|p1b: Dragapult|move: Protect\n|\n|-damage|p2b: Brute Bonnet|52\/100 brn|[from] brn\n|upkeep\n|turn|13\n|\n|t:|1701098007\n|move|p1b: Dragapult|Shadow Ball|p2a: Munkidori\n|-supereffective|p2a: Munkidori\n|-damage|p2a: Munkidori|0 fnt\n|faint|p2a: Munkidori\n|move|p2b: Brute Bonnet|Spore|p1b: Dragapult\n|-status|p1b: Dragapult|slp|[from] move: Spore\n|\n|-damage|p2b: Brute Bonnet|46\/100 brn|[from] brn\n|upkeep\n|-enditem|p2b: Brute Bonnet|Sitrus Berry|[eat]\n|-heal|p2b: Brute Bonnet|70\/100 brn|[from] item: Sitrus Berry\n|turn|14\n|\n|t:|1701098018\n|cant|p1b: Dragapult|slp\n|move|p2b: Brute Bonnet|Stomping Tantrum|p1b: Dragapult\n|-damage|p1b: Dragapult|42\/100 slp\n|-enditem|p1b: Dragapult|Sitrus Berry|[eat]\n|-heal|p1b: Dragapult|67\/100 slp|[from] item: Sitrus Berry\n|\n|-damage|p2b: Brute Bonnet|64\/100 brn|[from] brn\n|upkeep\n|turn|15\n|\n|t:|1701098026\n|-curestatus|p1b: Dragapult|slp|[msg]\n|move|p1b: Dragapult|Protect|p1b: Dragapult\n|-singleturn|p1b: Dragapult|Protect\n|move|p2b: Brute Bonnet|Stomping Tantrum|p1b: Dragapult\n|-activate|p1b: Dragapult|move: Protect\n|\n|-damage|p2b: Brute Bonnet|59\/100 brn|[from] brn\n|upkeep\n|turn|16\n|\n|t:|1701098035\n|move|p2b: Brute Bonnet|Sucker Punch||[still]\n|-fail|p2b: Brute Bonnet\n|move|p1b: Dragapult|Will-O-Wisp|p2b: Brute Bonnet|[miss]\n|-miss|p1b: Dragapult|p2b: Brute Bonnet\n|\n|-damage|p2b: Brute Bonnet|53\/100 brn|[from] brn\n|upkeep\n|turn|17\n|\n|t:|1701098047\n|move|p1b: Dragapult|Protect|p1b: Dragapult\n|-singleturn|p1b: Dragapult|Protect\n|move|p2b: Brute Bonnet|Stomping Tantrum|p1b: Dragapult\n|-activate|p1b: Dragapult|move: Protect\n|\n|-damage|p2b: Brute Bonnet|47\/100 brn|[from] brn\n|upkeep\n|turn|18\n|\n|t:|1701098063\n|move|p2b: Brute Bonnet|Sucker Punch|p1b: Dragapult\n|-supereffective|p1b: Dragapult\n|-damage|p1b: Dragapult|22\/100\n|move|p1b: Dragapult|Dragon Pulse|p2b: Brute Bonnet\n|-damage|p2b: Brute Bonnet|16\/100 brn\n|\n|-damage|p2b: Brute Bonnet|10\/100 brn|[from] brn\n|upkeep\n|turn|19\n|\n|t:|1701098077\n|move|p1b: Dragapult|Protect|p1b: Dragapult\n|-singleturn|p1b: Dragapult|Protect\n|move|p2b: Brute Bonnet|Stomping Tantrum|p1b: Dragapult\n|-activate|p1b: Dragapult|move: Protect\n|\n|-damage|p2b: Brute Bonnet|4\/100 brn|[from] brn\n|upkeep\n|turn|20\n|\n|t:|1701098082\n|move|p1b: Dragapult|Protect||[still]\n|-fail|p1b: Dragapult\n|move|p2b: Brute Bonnet|Stomping Tantrum|p1b: Dragapult\n|-damage|p1b: Dragapult|7\/100\n|\n|-damage|p2b: Brute Bonnet|0 fnt|[from] brn\n|faint|p2b: Brute Bonnet\n|-end|p2b: Brute Bonnet|Protosynthesis|[silent]\n|\n|win|Vugatti\n|upkeep\n|raw|Vugatti's rating: 1413 &rarr; <strong>1430<\/strong><br \/>(+17 for winning)\n|raw|Remote Worker's rating: 1360 &rarr; <strong>1343<\/strong><br \/>(-17 for losing)\n|c|\u2606Remote Worker|ggwp\n|c|\u2606Vugatti|ggwp\n|l|\u2606Remote Worker\n","uploadtime":1701098116,"views":14,"p1id":"vugatti","p2id":"remoteworker","formatid":"gen9vgc2023regulatione","rating":1343,"private":0,"password":""}