{"id":"gen9vgc2023regulatione-1991783841","p1":"py123456","p2":"Egyptowl777","format":"[Gen 9] VGC 2023 Regulation E","log":"|j|\u2606py123456\n|j|\u2606Egyptowl777\n|t:|1700116620\n|gametype|doubles\n|player|p1|py123456|169|1138\n|player|p2|Egyptowl777|brycenman|1028\n|teamsize|p1|6\n|teamsize|p2|6\n|gen|9\n|tier|[Gen 9] VGC 2023 Regulation E\n|rated|\n|rule|Species Clause: Limit one of each Pok\u00e9mon\n|rule|Item Clause: Limit one of each item\n|clearpoke\n|poke|p1|Flutter Mane, L50|\n|poke|p1|Ogerpon-Wellspring, L50, F|\n|poke|p1|Iron Hands, L50|\n|poke|p1|Sableye, L50, M|\n|poke|p1|Espathra, L50, M|\n|poke|p1|Chi-Yu, L50|\n|poke|p2|Medicham, L50, F|\n|poke|p2|Revavroom, L50, F|\n|poke|p2|Pyroar, L50, F|\n|poke|p2|Toedscruel, L50, M|\n|poke|p2|Crawdaunt, L50, M|\n|poke|p2|Carbink, L50|\n|teampreview|4\n|inactive|Battle timer is ON: inactive players will automatically lose when time's up. (requested by Egyptowl777)\n|inactive|py123456 has 60 seconds left.\n|inactive|Egyptowl777 has 60 seconds left.\n|\n|t:|1700116664\n|start\n|switch|p1a: Sableye|Sableye, L50, M, shiny|100\/100\n|switch|p1b: Espathra|Espathra, L50, M|100\/100\n|switch|p2a: Carbink|Carbink, L50|100\/100\n|switch|p2b: Toedscruel|Toedscruel, L50, M|100\/100\n|turn|1\n|inactive|py123456 has 30 seconds left.\n|\n|t:|1700116697\n|move|p1a: Sableye|Gravity|p1a: Sableye\n|-fieldstart|move: Gravity\n|move|p1b: Espathra|Hypnosis|p2b: Toedscruel\n|-status|p2b: Toedscruel|slp|[from] move: Hypnosis\n|move|p2a: Carbink|Light Screen|p2a: Carbink\n|-sidestart|p2: Egyptowl777|move: Light Screen\n|cant|p2b: Toedscruel|slp\n|\n|-ability|p1b: Espathra|Speed Boost|boost\n|-boost|p1b: Espathra|spe|1\n|upkeep\n|turn|2\n|\n|t:|1700116720\n|move|p1a: Sableye|Encore|p2a: Carbink\n|-start|p2a: Carbink|Encore\n|move|p1b: Espathra|Lumina Crash|p2b: Toedscruel\n|-damage|p2b: Toedscruel|83\/100 slp\n|-unboost|p2b: Toedscruel|spd|2\n|cant|p2b: Toedscruel|slp\n|move|p2a: Carbink|Light Screen||[still]\n|-fail|p2a: Carbink\n|\n|-ability|p1b: Espathra|Speed Boost|boost\n|-boost|p1b: Espathra|spe|1\n|upkeep\n|turn|3\n|inactive|py123456 has 30 seconds left.\n|\n|t:|1700116746\n|switch|p2a: Pyroar|Pyroar, L50, F|100\/100\n|move|p1a: Sableye|Will-O-Wisp|p2a: Pyroar\n|-immune|p2a: Pyroar\n|move|p1b: Espathra|Lumina Crash|p2b: Toedscruel\n|-damage|p2b: Toedscruel|48\/100 slp\n|-unboost|p2b: Toedscruel|spd|2\n|-curestatus|p2b: Toedscruel|slp|[msg]\n|move|p2b: Toedscruel|Knock Off|p1b: Espathra\n|-supereffective|p1b: Espathra\n|-damage|p1b: Espathra|55\/100\n|-enditem|p1b: Espathra|Mental Herb|[from] move: Knock Off|[of] p2b: Toedscruel\n|\n|-ability|p1b: Espathra|Speed Boost|boost\n|-boost|p1b: Espathra|spe|1\n|upkeep\n|turn|4\n|inactive|py123456 has 30 seconds left.\n|\n|t:|1700116775\n|switch|p2b: Crawdaunt|Crawdaunt, L50, M|100\/100\n|move|p1a: Sableye|Quash|p2b: Crawdaunt\n|-hint|Since gen 7, Dark is immune to Prankster moves.\n|-immune|p2b: Crawdaunt\n|move|p1b: Espathra|Hypnosis|p2a: Pyroar\n|-status|p2a: Pyroar|slp|[from] move: Hypnosis\n|cant|p2a: Pyroar|slp\n|\n|-ability|p1b: Espathra|Speed Boost|boost\n|-boost|p1b: Espathra|spe|1\n|upkeep\n|turn|5\n|\n|t:|1700116799\n|move|p1a: Sableye|Will-O-Wisp|p2b: Crawdaunt\n|-hint|Since gen 7, Dark is immune to Prankster moves.\n|-immune|p2b: Crawdaunt\n|move|p1b: Espathra|Lumina Crash|p2a: Pyroar\n|-damage|p2a: Pyroar|80\/100 slp\n|-unboost|p2a: Pyroar|spd|2\n|cant|p2a: Pyroar|slp\n|move|p2b: Crawdaunt|Rock Slide|p1a: Sableye|[spread] p1a,p1b\n|-damage|p1a: Sableye|61\/100\n|-damage|p1b: Espathra|25\/100\n|-enditem|p1a: Sableye|Eject Button\n|-damage|p2b: Crawdaunt|91\/100|[from] item: Life Orb\n|\n|t:|1700116823\n|switch|p1a: Iron Hands|Iron Hands, L50|100\/100\n|\n|-heal|p2a: Pyroar|86\/100 slp|[from] item: Leftovers\n|-fieldend|move: Gravity\n|-ability|p1b: Espathra|Speed Boost|boost\n|-boost|p1b: Espathra|spe|1\n|upkeep\n|turn|6\n|\n|t:|1700116838\n|move|p1b: Espathra|Skill Swap||[still]\n|-fail|p1b: Espathra\n|-curestatus|p2a: Pyroar|slp|[msg]\n|move|p2a: Pyroar|Entrainment|p2b: Crawdaunt\n|-endability|p2b: Crawdaunt|Adaptability|[from] move: Entrainment\n|-ability|p2b: Crawdaunt|Moxie|[from] move: Entrainment\n|move|p2b: Crawdaunt|Rock Slide|p1b: Espathra|[spread] p1a,p1b\n|-resisted|p1a: Iron Hands\n|-damage|p1a: Iron Hands|92\/100\n|-damage|p1b: Espathra|0 fnt\n|faint|p1b: Espathra\n|-ability|p2b: Crawdaunt|Moxie|boost\n|-boost|p2b: Crawdaunt|atk|1\n|-damage|p2b: Crawdaunt|82\/100|[from] item: Life Orb\n|move|p1a: Iron Hands|Belly Drum|p1a: Iron Hands\n|-damage|p1a: Iron Hands|42\/100\n|-setboost|p1a: Iron Hands|atk|6|[from] move: Belly Drum\n|-enditem|p1a: Iron Hands|Sitrus Berry|[eat]\n|-heal|p1a: Iron Hands|66\/100|[from] item: Sitrus Berry\n|\n|-heal|p2a: Pyroar|92\/100|[from] item: Leftovers\n|upkeep\n|\n|t:|1700116860\n|switch|p1b: Ogerpon|Ogerpon-Wellspring, L50, F|100\/100\n|turn|7\n|\n|t:|1700116874\n|move|p1b: Ogerpon|Follow Me|p1b: Ogerpon\n|-singleturn|p1b: Ogerpon|move: Follow Me\n|move|p2a: Pyroar|Hyper Voice|p1b: Ogerpon|[spread] p1a,p1b\n|-damage|p1a: Iron Hands|41\/100\n|-damage|p1b: Ogerpon|73\/100\n|move|p2b: Crawdaunt|Liquidation|p1b: Ogerpon\n|-heal|p1b: Ogerpon|98\/100|[from] ability: Water Absorb|[of] p2b: Crawdaunt\n|move|p1a: Iron Hands|Drain Punch|p2a: Pyroar\n|-supereffective|p2a: Pyroar\n|-damage|p2a: Pyroar|0 fnt\n|-heal|p1a: Iron Hands|77\/100|[from] drain|[of] p2a: Pyroar\n|faint|p2a: Pyroar\n|\n|upkeep\n|\n|t:|1700116881\n|switch|p2a: Carbink|Carbink, L50|100\/100\n|turn|8\n|\n|t:|1700116900\n|move|p1b: Ogerpon|Follow Me|p1b: Ogerpon\n|-singleturn|p1b: Ogerpon|move: Follow Me\n|move|p2b: Crawdaunt|Rock Slide|p1a: Iron Hands|[spread] p1a,p1b\n|-resisted|p1a: Iron Hands\n|-damage|p1a: Iron Hands|64\/100\n|-damage|p1b: Ogerpon|55\/100\n|-damage|p2b: Crawdaunt|72\/100|[from] item: Life Orb\n|cant|p1a: Iron Hands|flinch\n|move|p2a: Carbink|Reflect|p2a: Carbink\n|-sidestart|p2: Egyptowl777|Reflect\n|\n|-sideend|p2: Egyptowl777|move: Light Screen\n|upkeep\n|turn|9\n|\n|t:|1700116921\n|move|p1b: Ogerpon|Horn Leech|p2b: Crawdaunt\n|-supereffective|p2b: Crawdaunt\n|-damage|p2b: Crawdaunt|0 fnt\n|-heal|p1b: Ogerpon|81\/100|[from] drain|[of] p2b: Crawdaunt\n|faint|p2b: Crawdaunt\n|move|p1a: Iron Hands|Drain Punch|p2a: Carbink\n|-damage|p2a: Carbink|33\/100\n|-heal|p1a: Iron Hands|86\/100|[from] drain|[of] p2a: Carbink\n|move|p2a: Carbink|Body Press|p1a: Iron Hands\n|-damage|p1a: Iron Hands|63\/100\n|\n|upkeep\n|\n|t:|1700116925\n|switch|p2b: Toedscruel|Toedscruel, L50, M|48\/100\n|turn|10\n|\n|t:|1700116945\n|move|p1b: Ogerpon|Follow Me|p1b: Ogerpon\n|-singleturn|p1b: Ogerpon|move: Follow Me\n|move|p1a: Iron Hands|Drain Punch|p2b: Toedscruel\n|-damage|p2b: Toedscruel|0 fnt\n|-heal|p1a: Iron Hands|78\/100|[from] drain|[of] p2b: Toedscruel\n|-damage|p1a: Iron Hands|61\/100|[from] item: Rocky Helmet|[of] p2b: Toedscruel\n|faint|p2b: Toedscruel\n|move|p2a: Carbink|Body Press|p1b: Ogerpon\n|-damage|p1b: Ogerpon|42\/100\n|\n|upkeep\n|turn|11\n|c|\u2606Egyptowl777|gg\n|\n|t:|1700116962\n|move|p1b: Ogerpon|Ivy Cudgel|p2a: Carbink|[anim] Ivy Cudgel Water\n|-supereffective|p2a: Carbink\n|-damage|p2a: Carbink|0 fnt\n|faint|p2a: Carbink\n|\n|win|py123456\n|raw|py123456's rating: 1138 &rarr; <strong>1155<\/strong><br \/>(+17 for winning)\n|raw|Egyptowl777's rating: 1028 &rarr; <strong>1018<\/strong><br \/>(-10 for losing)\n|l|\u2606Egyptowl777\n","uploadtime":1700116970,"views":16,"p1id":"py123456","p2id":"egyptowl777","formatid":"gen9vgc2023regulatione","rating":1018,"private":0,"password":""}