{"id":"gen9vgc2023regulatione-1996994613","p1":"ulomomu","p2":"Natsoph","format":"[Gen 9] VGC 2023 Regulation E","log":"|j|\u2606ulomomu\n|j|\u2606Natsoph\n|t:|1700753654\n|gametype|doubles\n|player|p1|ulomomu|juggler|1235\n|player|p2|Natsoph|265|1350\n|teamsize|p1|6\n|teamsize|p2|6\n|gen|9\n|tier|[Gen 9] VGC 2023 Regulation E\n|rated|\n|rule|Species Clause: Limit one of each Pok\u00e9mon\n|rule|Item Clause: Limit one of each item\n|clearpoke\n|poke|p1|Annihilape, L50, M|\n|poke|p1|Sinistcha, L50|\n|poke|p1|Sableye, L50, M|\n|poke|p1|Landorus, L50, M|\n|poke|p1|Arcanine-Hisui, L50, M|\n|poke|p1|Iron Bundle, L50|\n|poke|p2|Flutter Mane, L50|\n|poke|p2|Landorus-Therian, L50, M|\n|poke|p2|Iron Hands, L50|\n|poke|p2|Farigiraf, L50, F|\n|poke|p2|Ursaluna-Bloodmoon, L50, M|\n|poke|p2|Sinistcha-Masterpiece, L50|\n|teampreview|4\nNatsoph has agreed to open team sheets.\nulomomu rejected open team sheets.\n|inactive|Battle timer is ON: inactive players will automatically lose when time's up. (requested by Natsoph)\n|\n|t:|1700753732\n|start\n|switch|p1a: Sableye|Sableye, L50, M|100\/100\n|switch|p1b: Annihilape|Annihilape, L50, M|100\/100\n|switch|p2a: Farigiraf|Farigiraf, L50, F|100\/100\n|switch|p2b: Iron Hands|Iron Hands, L50|100\/100\n|turn|1\n|inactive|Natsoph has 30 seconds left.\n|\n|t:|1700753766\n|-terastallize|p1b: Annihilape|Fire\n|move|p1a: Sableye|Shadow Sneak|p1b: Annihilape\n|-damage|p1b: Annihilape|91\/100\n|move|p1b: Annihilape|Bulk Up|p1b: Annihilape\n|-boost|p1b: Annihilape|atk|1\n|-boost|p1b: Annihilape|def|1\n|move|p2b: Iron Hands|Wild Charge|p1b: Annihilape\n|-damage|p1b: Annihilape|55\/100\n|-damage|p2b: Iron Hands|92\/100|[from] Recoil\n|move|p2a: Farigiraf|Trick Room|p2a: Farigiraf\n|-fieldstart|move: Trick Room|[of] p2a: Farigiraf\n|\n|upkeep\n|turn|2\n|\n|t:|1700753782\n|move|p1b: Annihilape|Protect|p1b: Annihilape\n|-singleturn|p1b: Annihilape|Protect\n|move|p1a: Sableye|Light Screen|p1a: Sableye\n|-sidestart|p1: ulomomu|move: Light Screen\n|move|p2b: Iron Hands|Wild Charge|p1b: Annihilape\n|-activate|p1b: Annihilape|move: Protect\n|move|p2a: Farigiraf|Psychic|p1b: Annihilape\n|-activate|p1b: Annihilape|move: Protect\n|\n|upkeep\n|turn|3\n|\n|t:|1700753798\n|switch|p1a: Sinistcha|Sinistcha, L50|100\/100\n|-heal|p1b: Annihilape|80\/100|[from] ability: Hospitality|[of] p1a: Sinistcha\n|move|p2b: Iron Hands|Wild Charge|p1b: Annihilape\n|-crit|p1b: Annihilape\n|-damage|p1b: Annihilape|10\/100\n|-damage|p2b: Iron Hands|76\/100|[from] Recoil\n|move|p2a: Farigiraf|Psychic|p1b: Annihilape\n|-damage|p1b: Annihilape|0 fnt\n|faint|p1b: Annihilape\n|\n|upkeep\n|\n|t:|1700753809\n|switch|p1b: Arcanine|Arcanine-Hisui, L50, M|100\/100\n|-ability|p1b: Arcanine|Intimidate|boost\n|-unboost|p2a: Farigiraf|atk|1\n|-unboost|p2b: Iron Hands|atk|1\n|turn|4\n|\n|t:|1700753831\n|-end|p2b: Iron Hands|Quark Drive|[silent]\n|switch|p2b: Ursaluna|Ursaluna-Bloodmoon, L50, M|100\/100\n|switch|p1b: Sableye|Sableye, L50, M|100\/100\n|move|p2a: Farigiraf|Psychic|p1b: Sableye\n|-immune|p1b: Sableye\n|move|p1a: Sinistcha|Matcha Gotcha|p2b: Ursaluna|[spread] p2a,p2b\n|-supereffective|p2b: Ursaluna\n|-damage|p2a: Farigiraf|75\/100\n|-damage|p2b: Ursaluna|45\/100\n|\n|upkeep\n|turn|5\n|inactive|Natsoph has 30 seconds left.\n|inactive|ulomomu has 30 seconds left.\n|\n|t:|1700753863\n|switch|p1b: Arcanine|Arcanine-Hisui, L50, M|100\/100\n|-ability|p1b: Arcanine|Intimidate|boost\n|-unboost|p2a: Farigiraf|atk|1\n|-unboost|p2b: Ursaluna|atk|1\n|move|p2b: Ursaluna|Blood Moon|p1a: Sinistcha\n|-damage|p1a: Sinistcha|36\/100\n|-damage|p2b: Ursaluna|36\/100|[from] item: Life Orb\n|move|p2a: Farigiraf|Dazzling Gleam|p1a: Sinistcha|[spread] p1a,p1b\n|-resisted|p1b: Arcanine\n|-damage|p1a: Sinistcha|24\/100\n|-damage|p1b: Arcanine|95\/100\n|move|p1a: Sinistcha|Matcha Gotcha|p2b: Ursaluna|[spread] p2a,p2b\n|-supereffective|p2b: Ursaluna\n|-damage|p2a: Farigiraf|47\/100\n|-heal|p1a: Sinistcha|43\/100|[from] drain|[of] p2a: Farigiraf\n|-damage|p2b: Ursaluna|0 fnt\n|-heal|p1a: Sinistcha|64\/100|[from] drain|[of] p2b: Ursaluna\n|faint|p2b: Ursaluna\n|\n|-fieldend|move: Trick Room\n|upkeep\n|\n|t:|1700753881\n|switch|p2b: Sinistcha|Sinistcha-Masterpiece, L50|100\/100\n|-heal|p2a: Farigiraf|72\/100|[from] ability: Hospitality|[of] p2b: Sinistcha\n|turn|6\n|\n|t:|1700753897\n|switch|p2b: Iron Hands|Iron Hands, L50|76\/100\n|move|p1b: Arcanine|Rock Slide|p2a: Farigiraf|[spread] p2a,p2b\n|-resisted|p2b: Iron Hands\n|-damage|p2a: Farigiraf|45\/100\n|-damage|p2b: Iron Hands|65\/100\n|move|p1a: Sinistcha|Matcha Gotcha|p2a: Farigiraf|[spread] p2a,p2b\n|-damage|p2a: Farigiraf|22\/100\n|-heal|p1a: Sinistcha|79\/100|[from] drain|[of] p2a: Farigiraf\n|-damage|p2b: Iron Hands|52\/100\n|-heal|p1a: Sinistcha|88\/100|[from] drain|[of] p2b: Iron Hands\n|-status|p2b: Iron Hands|brn\n|cant|p2a: Farigiraf|flinch\n|\n|-damage|p2b: Iron Hands|46\/100 brn|[from] brn\n|-sideend|p1: ulomomu|move: Light Screen\n|upkeep\n|turn|7\n|inactive|Natsoph has 30 seconds left.\n|\n|t:|1700753923\n|-end|p2b: Iron Hands|Quark Drive|[silent]\n|switch|p2b: Sinistcha|Sinistcha-Masterpiece, L50|100\/100\n|-heal|p2a: Farigiraf|46\/100|[from] ability: Hospitality|[of] p2b: Sinistcha\n|move|p1b: Arcanine|Rock Slide|p2a: Farigiraf|[spread] p2a,p2b\n|-damage|p2a: Farigiraf|20\/100\n|-damage|p2b: Sinistcha|76\/100\n|move|p1a: Sinistcha|Matcha Gotcha|p2b: Sinistcha|[spread] p2a,p2b\n|-resisted|p2b: Sinistcha\n|-damage|p2a: Farigiraf|0 fnt\n|-heal|p1a: Sinistcha|100\/100|[from] drain|[of] p2a: Farigiraf\n|-damage|p2b: Sinistcha|65\/100\n|faint|p2a: Farigiraf\n|\n|upkeep\n|\n|t:|1700753931\n|switch|p2a: Iron Hands|Iron Hands, L50|46\/100 brn\n|turn|8\n|\n|t:|1700753945\n|switch|p1b: Sableye|Sableye, L50, M|100\/100\n|move|p2a: Iron Hands|Fake Out|p1b: Sableye\n|-immune|p1b: Sableye\n|move|p1a: Sinistcha|Matcha Gotcha|p2a: Iron Hands|[spread] p2a,p2b\n|-resisted|p2b: Sinistcha\n|-damage|p2a: Iron Hands|32\/100 brn\n|-damage|p2b: Sinistcha|54\/100\n|move|p2b: Sinistcha|Trick Room|p2b: Sinistcha\n|-fieldstart|move: Trick Room|[of] p2b: Sinistcha\n|\n|-damage|p2a: Iron Hands|26\/100 brn|[from] brn\n|upkeep\n|turn|9\n|\n|t:|1700753967\n|move|p1b: Sableye|Encore|p2a: Iron Hands\n|-start|p2a: Iron Hands|Encore\n|move|p2a: Iron Hands|Fake Out||[still]\n|-hint|Fake Out only works on your first turn out.\n|-fail|p2a: Iron Hands\n|move|p2b: Sinistcha|Strength Sap|p1a: Sinistcha\n|-unboost|p1a: Sinistcha|atk|1\n|-heal|p2b: Sinistcha|87\/100\n|move|p1a: Sinistcha|Matcha Gotcha|p2b: Sinistcha|[spread] p2a,p2b\n|-resisted|p2b: Sinistcha\n|-damage|p2a: Iron Hands|14\/100 brn\n|-damage|p2b: Sinistcha|75\/100\n|-status|p2b: Sinistcha|brn\n|\n|-damage|p2a: Iron Hands|8\/100 brn|[from] brn\n|-damage|p2b: Sinistcha|69\/100 brn|[from] brn\n|upkeep\n|turn|10\n|\n|t:|1700753989\n|-terastallize|p2b: Sinistcha|Grass\n|move|p2a: Iron Hands|Fake Out||[still]\n|-hint|Fake Out only works on your first turn out.\n|-fail|p2a: Iron Hands\n|move|p1b: Sableye|Encore|p2b: Sinistcha\n|-start|p2b: Sinistcha|Encore\n|move|p2b: Sinistcha|Strength Sap|p1a: Sinistcha\n|-unboost|p1a: Sinistcha|atk|1\n|-heal|p2b: Sinistcha|90\/100 brn\n|move|p1a: Sinistcha|Matcha Gotcha|p2a: Iron Hands|[spread] p2a,p2b\n|-resisted|p2b: Sinistcha\n|-damage|p2a: Iron Hands|0 fnt\n|-damage|p2b: Sinistcha|80\/100 brn\n|faint|p2a: Iron Hands\n|-end|p2a: Iron Hands|Quark Drive|[silent]\n|\n|-damage|p2b: Sinistcha|74\/100 brn|[from] brn\n|upkeep\n|turn|11\n|-message|Natsoph forfeited.\n|\n|win|ulomomu\n|raw|ulomomu's rating: 1235 &rarr; <strong>1268<\/strong><br \/>(+33 for winning)\n|raw|Natsoph's rating: 1350 &rarr; <strong>1324<\/strong><br \/>(-26 for losing)\n|l|\u2606Natsoph\n","uploadtime":1700754014,"views":5,"p1id":"ulomomu","p2id":"natsoph","formatid":"gen9vgc2023regulatione","rating":1268,"private":0,"password":""}