{"id":"gen9vgc2023regulatione-1990774955","p1":"wolfenite","p2":"Forrest02","format":"[Gen 9] VGC 2023 Regulation E","log":"|j|\u2606wolfenite\n|j|\u2606Forrest02\n|n|\u2606wolfenite|wolfenite\n|n|\u2606Forrest02|forrest02\n|html|View the match progress at <a href=\"\/game-bestof3-gen9vgc2023regulatione-1990767683\">game-bestof3-gen9vgc2023regulatione-1990767683<\/a>\n|t:|1699999617\n|gametype|doubles\n|player|p1|wolfenite|pokemonranger-gen4|\n|player|p2|Forrest02|wallace|\n|teamsize|p1|6\n|teamsize|p2|6\n|gen|9\n|tier|[Gen 9] VGC 2023 Regulation E\n|rule|Species Clause: Limit one of each Pok\u00e9mon\n|rule|Item Clause: Limit one of each item\n|clearpoke\n|poke|p1|Ogerpon, L50, F|\n|poke|p1|Garchomp, L50, F|\n|poke|p1|Rotom-Wash, L50|\n|poke|p1|Chien-Pao, L50|\n|poke|p1|Orthworm, L50, F|\n|poke|p1|Chandelure, L50, F|\n|poke|p2|Hariyama, L50, M|\n|poke|p2|Rillaboom, L50, M|\n|poke|p2|Milotic, L50, M|\n|poke|p2|Florges-Blue, L50, F|\n|poke|p2|Krookodile, L50, F|\n|poke|p2|Sneasler, L50, F|\n|teampreview|4\n|inactive|Battle timer is ON: inactive players will automatically lose when time's up. (requested by wolfenite)\n|inactiveoff|Battle timer is now OFF.\n|j| SleepySheepy22\n|c|\u2606Forrest02|https:\/\/pokepast.es\/08f942a508d8f9c3\n|j| JeromeMuskrat\n|c|\u2606Forrest02|OTS\n|c|\u2606Forrest02|glhf, fun games for sure\n|c|\u2606wolfenite|https:\/\/pokepast.es\/f36d17f125e4f5f4\n|c|\u2606wolfenite|glhf same!\n|\n|t:|1699999679\n|start\n|switch|p1a: Garchomp|Garchomp, L50, F|100\/100\n|switch|p1b: Orthworm|Orthworm, L50, F|100\/100\n|switch|p2a: Hariyama|Hariyama, L50, M|100\/100\n|switch|p2b: Rillaboom|Rillaboom, L50, M|100\/100\n|-fieldstart|move: Grassy Terrain|[from] ability: Grassy Surge|[of] p2b: Rillaboom\n|turn|1\n|\n|t:|1699999695\n|move|p2b: Rillaboom|Fake Out|p1a: Garchomp\n|-damage|p1a: Garchomp|87\/100\n|-damage|p2b: Rillaboom|88\/100|[from] ability: Rough Skin|[of] p1a: Garchomp\n|cant|p1a: Garchomp|flinch\n|move|p1b: Orthworm|Iron Defense|p1b: Orthworm\n|-boost|p1b: Orthworm|def|2\n|move|p2a: Hariyama|Drain Punch|p1b: Orthworm\n|-supereffective|p1b: Orthworm\n|-damage|p1b: Orthworm|72\/100\n|\n|-heal|p1a: Garchomp|93\/100|[from] Grassy Terrain\n|-heal|p2b: Rillaboom|94\/100|[from] Grassy Terrain\n|-heal|p1b: Orthworm|78\/100|[from] Grassy Terrain\n|-heal|p1b: Orthworm|85\/100|[from] item: Leftovers\n|upkeep\n|turn|2\n|\n|t:|1699999720\n|move|p2b: Rillaboom|Grassy Glide|p1a: Garchomp\n|-damage|p1a: Garchomp|52\/100\n|-damage|p2b: Rillaboom|82\/100|[from] ability: Rough Skin|[of] p1a: Garchomp\n|move|p1a: Garchomp|Earthquake|p2a: Hariyama|[spread] p2a,p2b\n|-heal|p1b: Orthworm|100\/100|[from] ability: Earth Eater|[of] p1a: Garchomp\n|-resisted|p2b: Rillaboom\n|-damage|p2a: Hariyama|83\/100\n|-damage|p2b: Rillaboom|75\/100\n|move|p1b: Orthworm|Body Press|p2a: Hariyama\n|-damage|p2a: Hariyama|44\/100\n|move|p2a: Hariyama|Drain Punch|p1a: Garchomp\n|-damage|p1a: Garchomp|14\/100\n|-heal|p2a: Hariyama|59\/100|[from] drain|[of] p1a: Garchomp\n|-damage|p2a: Hariyama|46\/100|[from] ability: Rough Skin|[of] p1a: Garchomp\n|\n|-heal|p1a: Garchomp|20\/100|[from] Grassy Terrain\n|-heal|p2b: Rillaboom|81\/100|[from] Grassy Terrain\n|-heal|p2a: Hariyama|52\/100|[from] Grassy Terrain\n|upkeep\n|turn|3\n|\n|t:|1699999740\n|move|p2b: Rillaboom|Grassy Glide|p1a: Garchomp\n|-damage|p1a: Garchomp|0 fnt\n|-damage|p2b: Rillaboom|69\/100|[from] ability: Rough Skin|[of] p1a: Garchomp\n|faint|p1a: Garchomp\n|move|p1b: Orthworm|Body Press|p2a: Hariyama\n|-damage|p2a: Hariyama|12\/100\n|move|p2a: Hariyama|Drain Punch|p1b: Orthworm\n|-supereffective|p1b: Orthworm\n|-damage|p1b: Orthworm|73\/100\n|-heal|p2a: Hariyama|22\/100|[from] drain|[of] p1b: Orthworm\n|\n|-heal|p2b: Rillaboom|74\/100|[from] Grassy Terrain\n|-heal|p1b: Orthworm|80\/100|[from] Grassy Terrain\n|-heal|p1b: Orthworm|86\/100|[from] item: Leftovers\n|-heal|p2a: Hariyama|29\/100|[from] Grassy Terrain\n|upkeep\n|\n|t:|1699999744\n|switch|p1a: Chandelure|Chandelure, L50, F|100\/100\n|turn|4\n|l| JeromeMuskrat\n|\n|t:|1699999764\n|move|p2b: Rillaboom|Protect|p2b: Rillaboom\n|-singleturn|p2b: Rillaboom|Protect\n|move|p1a: Chandelure|Heat Wave|p2a: Hariyama|[spread] p2a\n|-activate|p2b: Rillaboom|move: Protect\n|-damage|p2a: Hariyama|14\/100\n|move|p1b: Orthworm|Body Press|p2a: Hariyama\n|-damage|p2a: Hariyama|0 fnt\n|faint|p2a: Hariyama\n|\n|-heal|p2b: Rillaboom|80\/100|[from] Grassy Terrain\n|-heal|p1b: Orthworm|92\/100|[from] Grassy Terrain\n|-heal|p1b: Orthworm|98\/100|[from] item: Leftovers\n|upkeep\n|\n|t:|1699999773\n|switch|p2a: Milotic|Milotic, L50, M|100\/100\n|turn|5\n|j| JeromeMuskrat\n|\n|t:|1699999798\n|-terastallize|p1a: Chandelure|Grass\n|move|p2b: Rillaboom|Protect||[still]\n|-fail|p2b: Rillaboom\n|move|p1a: Chandelure|Heat Wave|p2a: Milotic|[spread] p2a\n|-miss|p1a: Chandelure|p2b: Rillaboom\n|-resisted|p2a: Milotic\n|-damage|p2a: Milotic|85\/100\n|-status|p2a: Milotic|brn\n|move|p2a: Milotic|Scald|p1a: Chandelure\n|-resisted|p1a: Chandelure\n|-damage|p1a: Chandelure|79\/100\n|-status|p1a: Chandelure|brn\n|move|p1b: Orthworm|Body Press|p2a: Milotic\n|-damage|p2a: Milotic|43\/100 brn\n|\n|-heal|p1a: Chandelure|85\/100 brn|[from] Grassy Terrain\n|-heal|p2b: Rillaboom|86\/100|[from] Grassy Terrain\n|-heal|p2a: Milotic|49\/100 brn|[from] Grassy Terrain\n|-heal|p2a: Milotic|55\/100 brn|[from] item: Leftovers\n|-heal|p1b: Orthworm|100\/100|[from] Grassy Terrain\n|-damage|p1a: Chandelure|79\/100 brn|[from] brn\n|-damage|p2a: Milotic|49\/100 brn|[from] brn\n|-fieldend|move: Grassy Terrain\n|upkeep\n|turn|6\n|l| JeromeMuskrat\n|\n|t:|1699999830\n|move|p2a: Milotic|Protect|p2a: Milotic\n|-singleturn|p2a: Milotic|Protect\n|move|p1a: Chandelure|Heat Wave|p2a: Milotic|[spread] p2b\n|-activate|p2a: Milotic|move: Protect\n|-supereffective|p2b: Rillaboom\n|-damage|p2b: Rillaboom|0 fnt\n|faint|p2b: Rillaboom\n|move|p1b: Orthworm|Body Press|p2a: Milotic\n|-activate|p2a: Milotic|move: Protect\n|\n|-heal|p2a: Milotic|55\/100 brn|[from] item: Leftovers\n|-damage|p1a: Chandelure|73\/100 brn|[from] brn\n|-damage|p2a: Milotic|49\/100 brn|[from] brn\n|upkeep\n|\n|t:|1699999842\n|switch|p2b: Sneasler|Sneasler, L50, F|100\/100\n|turn|7\n|\n|t:|1699999850\n|move|p1a: Chandelure|Heat Wave|p2a: Milotic|[spread] p2a,p2b\n|-resisted|p2a: Milotic\n|-damage|p2a: Milotic|34\/100 brn\n|-damage|p2b: Sneasler|48\/100\n|move|p2b: Sneasler|Dire Claw|p1a: Chandelure\n|-supereffective|p1a: Chandelure\n|-damage|p1a: Chandelure|0 fnt\n|faint|p1a: Chandelure\n|move|p2a: Milotic|Ice Beam|p1b: Orthworm\n|-resisted|p1b: Orthworm\n|-damage|p1b: Orthworm|87\/100\n|move|p1b: Orthworm|Body Press|p2a: Milotic\n|-damage|p2a: Milotic|0 fnt\n|faint|p2a: Milotic\n|\n|-heal|p1b: Orthworm|93\/100|[from] item: Leftovers\n|upkeep\n|\n|t:|1699999857\n|switch|p1a: Ogerpon|Ogerpon, L50, F|100\/100\n|turn|8\n|j| JeromeMuskrat\n|\n|t:|1699999871\n|move|p1a: Ogerpon|Stomping Tantrum|p2b: Sneasler\n|-supereffective|p2b: Sneasler\n|-damage|p2b: Sneasler|0 fnt\n|faint|p2b: Sneasler\n|\n|win|wolfenite\n|c|\u2606wolfenite|gg\n|c|\u2606Forrest02|ggwp!\n|l| JeromeMuskrat\n","uploadtime":1699999880,"views":34,"p1id":"wolfenite","p2id":"forrest02","formatid":"gen9vgc2023regulatione","rating":0,"private":0,"password":""}