{"id":"gen9vgc2023regulatione-1990708203","p1":"tkinthemiddle","p2":"MurphyTheMut","format":"[Gen 9] VGC 2023 Regulation E","log":"|j|\u2606tkinthemiddle\n|j|\u2606MurphyTheMut\n|t:|1699993613\n|gametype|doubles\n|player|p1|tkinthemiddle|pokemonbreederf-gen4|1398\n|player|p2|MurphyTheMut|roughneck-gen4|1337\n|teamsize|p1|6\n|teamsize|p2|6\n|gen|9\n|tier|[Gen 9] VGC 2023 Regulation E\n|rated|\n|rule|Species Clause: Limit one of each Pok\u00e9mon\n|rule|Item Clause: Limit one of each item\n|clearpoke\n|poke|p1|Kilowattrel, L50, M|\n|poke|p1|Tauros-Paldea-Aqua, L50, M|\n|poke|p1|Gholdengo, L50|\n|poke|p1|Iron Hands, L50|\n|poke|p1|Hydreigon, L50, F|\n|poke|p1|Tsareena, L50, F|\n|poke|p2|Hippowdon, L50, F|\n|poke|p2|Tyranitar, L50, F|\n|poke|p2|Flutter Mane, L50|\n|poke|p2|Sinistcha, L50|\n|poke|p2|Ninetales-Alola, L50, M|\n|poke|p2|Kommo-o, L50, M|\n|teampreview|4\n|inactive|Battle timer is ON: inactive players will automatically lose when time's up. (requested by tkinthemiddle)\n|inactive|MurphyTheMut has 60 seconds left.\n|\n|t:|1699993702\n|start\n|switch|p1a: Tauros|Tauros-Paldea-Aqua, L50, M|100\/100\n|switch|p1b: Iron Hands|Iron Hands, L50|100\/100\n|switch|p2a: Sinistcha|Sinistcha, L50|100\/100\n|switch|p2b: Kommo-o|Kommo-o, L50, M|100\/100\n|-ability|p1a: Tauros|Intimidate|boost\n|-unboost|p2a: Sinistcha|atk|1\n|-unboost|p2b: Kommo-o|atk|1\n|turn|1\n|inactive|tkinthemiddle has 30 seconds left.\n|inactive|MurphyTheMut has 30 seconds left.\n|inactive|MurphyTheMut has 20 seconds left.\n|inactive|MurphyTheMut has 15 seconds left.\n|inactive|tkinthemiddle has 20 seconds left.\n|inactive|tkinthemiddle has 15 seconds left.\n|inactive|tkinthemiddle has 10 seconds left.\n|inactive|tkinthemiddle has 5 seconds left.\n|\n|t:|1699993763\n|-end|p1b: Iron Hands|Quark Drive|[silent]\n|switch|p1b: Hydreigon|Hydreigon, L50, F|100\/100\n|move|p2b: Kommo-o|Protect|p2b: Kommo-o\n|-singleturn|p2b: Kommo-o|Protect\n|move|p1a: Tauros|Zen Headbutt|p2b: Kommo-o\n|-activate|p2b: Kommo-o|move: Protect\n|move|p2a: Sinistcha|Strength Sap|p1b: Hydreigon\n|-unboost|p1b: Hydreigon|atk|1\n|\n|upkeep\n|turn|2\n|\n|t:|1699993783\n|move|p2a: Sinistcha|Rage Powder|p2a: Sinistcha\n|-singleturn|p2a: Sinistcha|move: Rage Powder\n|move|p1a: Tauros|Zen Headbutt|p2a: Sinistcha\n|-damage|p2a: Sinistcha|67\/100\n|move|p1b: Hydreigon|Heat Wave|p2b: Kommo-o|[spread] p2a\n|-miss|p1b: Hydreigon|p2b: Kommo-o\n|-supereffective|p2a: Sinistcha\n|-damage|p2a: Sinistcha|0 fnt\n|faint|p2a: Sinistcha\n|move|p2b: Kommo-o|Iron Defense|p2b: Kommo-o\n|-boost|p2b: Kommo-o|def|2\n|\n|upkeep\n|\n|t:|1699993798\n|switch|p2a: Flutter Mane|Flutter Mane, L50|100\/100\n|turn|3\n|inactive|MurphyTheMut has 30 seconds left.\n|\n|t:|1699993826\n|-terastallize|p1b: Hydreigon|Fire\n|move|p2a: Flutter Mane|Dazzling Gleam|p1b: Hydreigon|[spread] p1a,p1b\n|-supereffective|p1a: Tauros\n|-resisted|p1b: Hydreigon\n|-damage|p1a: Tauros|0 fnt\n|-damage|p1b: Hydreigon|77\/100\n|faint|p1a: Tauros\n|move|p1b: Hydreigon|Heat Wave|p2a: Flutter Mane|[spread] p2a\n|-miss|p1b: Hydreigon|p2b: Kommo-o\n|-damage|p2a: Flutter Mane|47\/100\n|move|p2b: Kommo-o|Iron Defense|p2b: Kommo-o\n|-boost|p2b: Kommo-o|def|2\n|\n|upkeep\n|\n|t:|1699993840\n|switch|p1a: Iron Hands|Iron Hands, L50|100\/100\n|turn|4\n|\n|t:|1699993853\n|-end|p2a: Flutter Mane|Protosynthesis|[silent]\n|switch|p2a: Tyranitar|Tyranitar, L50, F|100\/100\n|-weather|Sandstorm|[from] ability: Sand Stream|[of] p2a: Tyranitar\n|move|p2b: Kommo-o|Protect|p2b: Kommo-o\n|-singleturn|p2b: Kommo-o|Protect\n|move|p1a: Iron Hands|Fake Out|p2b: Kommo-o\n|-activate|p2b: Kommo-o|move: Protect\n|move|p1b: Hydreigon|Heat Wave|p2a: Tyranitar|[spread] p2a\n|-activate|p2b: Kommo-o|move: Protect\n|-resisted|p2a: Tyranitar\n|-damage|p2a: Tyranitar|83\/100\n|\n|-weather|Sandstorm|[upkeep]\n|-damage|p1b: Hydreigon|71\/100|[from] Sandstorm\n|-damage|p1a: Iron Hands|94\/100|[from] Sandstorm\n|upkeep\n|turn|5\n|inactive|MurphyTheMut has 30 seconds left.\n|\n|t:|1699993879\n|switch|p2a: Flutter Mane|Flutter Mane, L50|47\/100\n|move|p1b: Hydreigon|Heat Wave|p2a: Flutter Mane|[spread] p2b\n|-miss|p1b: Hydreigon|p2a: Flutter Mane\n|-resisted|p2b: Kommo-o\n|-damage|p2b: Kommo-o|77\/100\n|move|p2b: Kommo-o|Body Press|p1b: Hydreigon\n|-damage|p1b: Hydreigon|0 fnt\n|faint|p1b: Hydreigon\n|move|p1a: Iron Hands|Drain Punch|p2a: Flutter Mane\n|-immune|p2a: Flutter Mane\n|\n|-weather|Sandstorm|[upkeep]\n|-damage|p2a: Flutter Mane|41\/100|[from] Sandstorm\n|-damage|p1a: Iron Hands|88\/100|[from] Sandstorm\n|-heal|p2b: Kommo-o|83\/100|[from] item: Leftovers\n|upkeep\n|\n|t:|1699993884\n|switch|p1b: Gholdengo|Gholdengo, L50|100\/100\n|turn|6\n|inactive|MurphyTheMut has 30 seconds left.\n|\n|t:|1699993909\n|move|p1b: Gholdengo|Protect|p1b: Gholdengo\n|-singleturn|p1b: Gholdengo|Protect\n|move|p2a: Flutter Mane|Shadow Ball|p1b: Gholdengo\n|-activate|p1b: Gholdengo|move: Protect\n|move|p2b: Kommo-o|Body Press|p1a: Iron Hands\n|-damage|p1a: Iron Hands|1\/100\n|move|p1a: Iron Hands|Heavy Slam|p2a: Flutter Mane\n|-supereffective|p2a: Flutter Mane\n|-damage|p2a: Flutter Mane|0 fnt\n|faint|p2a: Flutter Mane\n|-end|p2a: Flutter Mane|Protosynthesis|[silent]\n|\n|-weather|Sandstorm|[upkeep]\n|-damage|p1a: Iron Hands|0 fnt|[from] Sandstorm\n|faint|p1a: Iron Hands\n|-end|p1a: Iron Hands|Quark Drive|[silent]\n|-heal|p2b: Kommo-o|90\/100|[from] item: Leftovers\n|upkeep\n|\n|t:|1699993924\n|switch|p2a: Tyranitar|Tyranitar, L50, F|83\/100\n|turn|7\n|inactive|MurphyTheMut has 30 seconds left.\n|\n|t:|1699993957\n|-terastallize|p2a: Tyranitar|Flying\n|move|p1b: Gholdengo|Make It Rain|p2a: Tyranitar|[spread] p2a,p2b\n|-damage|p2a: Tyranitar|25\/100\n|-damage|p2b: Kommo-o|35\/100\n|-unboost|p1b: Gholdengo|spa|1\n|-damage|p1b: Gholdengo|91\/100|[from] item: Life Orb\n|move|p2b: Kommo-o|Iron Head|p1b: Gholdengo\n|-resisted|p1b: Gholdengo\n|-damage|p1b: Gholdengo|83\/100\n|move|p2a: Tyranitar|Knock Off|p1b: Gholdengo\n|-supereffective|p1b: Gholdengo\n|-crit|p1b: Gholdengo\n|-damage|p1b: Gholdengo|0 fnt\n|-enditem|p1b: Gholdengo|Life Orb|[from] move: Knock Off|[of] p2a: Tyranitar\n|faint|p1b: Gholdengo\n|\n|win|MurphyTheMut\n|raw|tkinthemiddle's rating: 1398 &rarr; <strong>1375<\/strong><br \/>(-23 for losing)\n|raw|MurphyTheMut's rating: 1337 &rarr; <strong>1360<\/strong><br \/>(+23 for winning)\n|l|\u2606tkinthemiddle\n|c|\u2606MurphyTheMut|gg\n","uploadtime":1699994129,"views":21,"p1id":"tkinthemiddle","p2id":"murphythemut","formatid":"gen9vgc2023regulatione","rating":1360,"private":0,"password":""}