{"id":"gen9vgc2023regulatione-1992277536","p1":"kidturtle","p2":"Marco1927ASR","format":"[Gen 9] VGC 2023 Regulation E","log":"|j|\u2606kidturtle\n|j|\u2606Marco1927ASR\n|t:|1700170189\n|gametype|doubles\n|player|p1|kidturtle|hoopster|\n|player|p2|Marco1927ASR|266|\n|teamsize|p1|6\n|teamsize|p2|6\n|gen|9\n|tier|[Gen 9] VGC 2023 Regulation E\n|rated|Tournament battle\n|rule|Species Clause: Limit one of each Pok\u00e9mon\n|rule|Item Clause: Limit one of each item\n|clearpoke\n|poke|p1|Ursaluna, L50, M|\n|poke|p1|Cresselia, L50, F|\n|poke|p1|Flutter Mane, L50|\n|poke|p1|Chi-Yu, L50|\n|poke|p1|Iron Hands, L50|\n|poke|p1|Urshifu-*, L50, M|\n|poke|p2|Sinistcha, L50|\n|poke|p2|Cresselia, L50, F|\n|poke|p2|Flutter Mane, L50|\n|poke|p2|Ursaluna, L50, M|\n|poke|p2|Landorus-Therian, L50, M|\n|poke|p2|Iron Hands, L50|\n|teampreview|4\n|showteam|p1|Ursaluna||FlameOrb|Guts|Facade,Earthquake,SwordsDance,Protect|||M|||50|,,,,,Ghost]Cresselia||MentalHerb|Levitate|IceBeam,AllySwitch,LunarBlessing,TrickRoom|||F|||50|,,,,,Fairy]Flutter Mane||BoosterEnergy|Protosynthesis|IcyWind,ShadowBall,Moonblast,Protect||||||50|,,,,,Fairy]Chi-Yu||ChoiceSpecs|BeadsofRuin|BurningJealousy,DarkPulse,Overheat,Snarl||||||50|,,,,,Ghost]Iron Hands||SitrusBerry|QuarkDrive|DrainPunch,WildCharge,FakeOut,SwordsDance||||||50|,,,,,Fire]Urshifu||FocusSash|UnseenFist|Detect,WickedBlow,CloseCombat,SuckerPunch|||M|||50|,,,,,Dark\n|showteam|p2|Sinistcha||RockyHelmet|Hospitality|StrengthSap,MatchaGotcha,NastyPlot,RagePowder||||||50|,,,,,Water]Cresselia||AguavBerry|Levitate|LunarBlessing,TrickRoom,HelpingHand,Psychic|||F|||50|,,,,,Fairy]Flutter Mane||BoosterEnergy|Protosynthesis|ShadowBall,DazzlingGleam,Substitute,Protect||||||50|,,,,,Ghost]Ursaluna||FlameOrb|Guts|Facade,Earthquake,Protect,HeavySlam|||M|||50|,,,,,Grass]Landorus-Therian||ChoiceScarf|Intimidate|Uturn,RockSlide,StompingTantrum,TeraBlast|||M|||50|,,,,,Flying]Iron Hands||IapapaBerry|QuarkDrive|FakeOut,SwordsDance,DrainPunch,HeavySlam||||||50|,,,,,Grass\n|j| Jesuuuus\n|j| fyfyyalt1\n|inactive|Battle timer is ON: inactive players will automatically lose when time's up. (requested by kidturtle)\n|j| SOLOLUMINEONING\n|\n|t:|1700170215\n|start\n|switch|p1a: Flutter Mane|Flutter Mane, L50, shiny|100\/100\n|switch|p1b: Chi-Yu|Chi-Yu, L50|100\/100\n|switch|p2a: Landorus|Landorus-Therian, L50, M|100\/100\n|switch|p2b: Cresselia|Cresselia, L50, F|100\/100\n|-ability|p2a: Landorus|Intimidate|boost\n|-unboost|p1a: Flutter Mane|atk|1\n|-unboost|p1b: Chi-Yu|atk|1\n|-ability|p1b: Chi-Yu|Beads of Ruin\n|-enditem|p1a: Flutter Mane|Booster Energy\n|-activate|p1a: Flutter Mane|ability: Protosynthesis|[fromitem]\n|-start|p1a: Flutter Mane|protosynthesisspe\n|turn|1\n|inactive|kidturtle has 30 seconds left.\n|inactive|Marco1927ASR has 30 seconds left.\n|inactive|kidturtle has 20 seconds left.\n|\n|t:|1700170252\n|-terastallize|p2b: Cresselia|Fairy\n|move|p1a: Flutter Mane|Icy Wind|p2b: Cresselia|[spread] p2a,p2b\n|-supereffective|p2a: Landorus\n|-damage|p2a: Landorus|6\/100\n|-damage|p2b: Cresselia|89\/100\n|-unboost|p2a: Landorus|spe|1\n|-unboost|p2b: Cresselia|spe|1\n|move|p1b: Chi-Yu|Burning Jealousy|p2b: Cresselia|[spread] p2a,p2b\n|-damage|p2a: Landorus|0 fnt\n|-damage|p2b: Cresselia|63\/100\n|faint|p2a: Landorus\n|move|p2b: Cresselia|Trick Room|p2b: Cresselia\n|-fieldstart|move: Trick Room|[of] p2b: Cresselia\n|\n|upkeep\n|j| Airend~\n|\n|t:|1700170269\n|switch|p2a: Ursaluna|Ursaluna, L50, M|100\/100\n|turn|2\n|inactive|Marco1927ASR has 30 seconds left.\n|\n|t:|1700170302\n|-end|p1a: Flutter Mane|Protosynthesis|[silent]\n|switch|p1a: Ursaluna|Ursaluna, L50, M|100\/100\n|move|p2a: Ursaluna|Heavy Slam|p1a: Ursaluna\n|-damage|p1a: Ursaluna|89\/100\n|move|p2b: Cresselia|Lunar Blessing|p2b: Cresselia|[spread] p2a,p2b\n|-heal|p2b: Cresselia|88\/100\n|move|p1b: Chi-Yu|Burning Jealousy|p2b: Cresselia|[spread] p2a,p2b\n|-damage|p2a: Ursaluna|46\/100\n|-damage|p2b: Cresselia|57\/100\n|\n|-status|p2a: Ursaluna|brn|[from] item: Flame Orb\n|-status|p1a: Ursaluna|brn|[from] item: Flame Orb\n|upkeep\n|turn|3\n|l| Jesuuuus\n|\n|t:|1700170327\n|switch|p1b: Cresselia|Cresselia, L50, F|100\/100\n|-terastallize|p1a: Ursaluna|Ghost\n|move|p2b: Cresselia|Helping Hand|p2a: Ursaluna\n|-singleturn|p2a: Ursaluna|Helping Hand|[of] p2b: Cresselia\n|move|p2a: Ursaluna|Earthquake|p1b: Cresselia|[spread] p1a\n|-immune|p2b: Cresselia|[from] ability: Levitate\n|-immune|p1b: Cresselia|[from] ability: Levitate\n|-damage|p1a: Ursaluna|23\/100 brn\n|move|p1a: Ursaluna|Facade|p2a: Ursaluna\n|-damage|p2a: Ursaluna|0 fnt\n|faint|p2a: Ursaluna\n|\n|-damage|p1a: Ursaluna|17\/100 brn|[from] brn\n|upkeep\n|\n|t:|1700170343\n|switch|p2a: Sinistcha|Sinistcha, L50|100\/100\n|-heal|p2b: Cresselia|82\/100|[from] ability: Hospitality|[of] p2a: Sinistcha\n|turn|4\n|\n|t:|1700170365\n|move|p1a: Ursaluna|Facade|p2b: Cresselia\n|-damage|p2b: Cresselia|0 fnt\n|faint|p2b: Cresselia\n|move|p2a: Sinistcha|Nasty Plot|p2a: Sinistcha\n|-boost|p2a: Sinistcha|spa|2\n|move|p1b: Cresselia|Lunar Blessing|p1b: Cresselia|[spread] p1a,p1b\n|-heal|p1a: Ursaluna|42\/100 brn\n|-curestatus|p1a: Ursaluna|brn|[msg]\n|\n|-status|p1a: Ursaluna|brn|[from] item: Flame Orb\n|upkeep\n|turn|5\n|\n|t:|1700170379\n|move|p1a: Ursaluna|Earthquake|p2a: Sinistcha|[spread] p2a\n|-immune|p1b: Cresselia|[from] ability: Levitate\n|-resisted|p2a: Sinistcha\n|-damage|p2a: Sinistcha|76\/100\n|move|p2a: Sinistcha|Matcha Gotcha|p1a: Ursaluna|[spread] p1a,p1b\n|-damage|p1a: Ursaluna|0 fnt\n|-heal|p2a: Sinistcha|100\/100|[from] drain|[of] p1a: Ursaluna\n|-damage|p1b: Cresselia|71\/100\n|faint|p1a: Ursaluna\n|move|p1b: Cresselia|Ice Beam|p2a: Sinistcha\n|-supereffective|p2a: Sinistcha\n|-crit|p2a: Sinistcha\n|-damage|p2a: Sinistcha|40\/100\n|\n|-fieldend|move: Trick Room\n|upkeep\n|\n|t:|1700170385\n|switch|p1a: Flutter Mane|Flutter Mane, L50, shiny|100\/100\n|turn|6\n|\n|t:|1700170393\n|switch|p1b: Chi-Yu|Chi-Yu, L50|100\/100\n|-ability|p1b: Chi-Yu|Beads of Ruin\n|move|p1a: Flutter Mane|Shadow Ball|p2a: Sinistcha\n|-supereffective|p2a: Sinistcha\n|-damage|p2a: Sinistcha|0 fnt\n|faint|p2a: Sinistcha\n|\n|win|kidturtle\n|n|\u2606kidturtle|kidturtle\n|n|\u2606Marco1927ASR|marco1927asr\n|n| fyfyyalt1|fyfyyalt1\n|n| SOLOLUMINEONING|sololumineoning\n|n| Airend~|airend\n|l|\u2606Marco1927ASR\n","uploadtime":1700170415,"views":24,"p1id":"kidturtle","p2id":"marco1927asr","formatid":"gen9vgc2023regulatione","rating":0,"private":0,"password":""}