{"id":"gen9vgc2023regulatione-1996299370","p1":"QrdeJegoMac","p2":"Allluckz","format":"[Gen 9] VGC 2023 Regulation E","log":"|j|\u2606QrdeJegoMac\n|j|\u2606Allluckz\n|t:|1700668872\n|gametype|doubles\n|player|p1|QrdeJegoMac|265|1557\n|player|p2|Allluckz|265|1603\n|teamsize|p1|6\n|teamsize|p2|6\n|gen|9\n|tier|[Gen 9] VGC 2023 Regulation E\n|rated|\n|rule|Species Clause: Limit one of each Pok\u00e9mon\n|rule|Item Clause: Limit one of each item\n|clearpoke\n|poke|p1|Chien-Pao, L50|\n|poke|p1|Arcanine-Hisui, L50, F|\n|poke|p1|Urshifu-*, L50, F|\n|poke|p1|Tornadus, L50, M|\n|poke|p1|Rillaboom, L50, M|\n|poke|p1|Flutter Mane, L50|\n|poke|p2|Flutter Mane, L50|\n|poke|p2|Goodra-Hisui, L50, M|\n|poke|p2|Iron Hands, L50|\n|poke|p2|Chi-Yu, L50|\n|poke|p2|Dusclops, L50, F|\n|poke|p2|Ogerpon-Hearthflame, L50, F|\n|teampreview|4\n|inactive|Battle timer is ON: inactive players will automatically lose when time's up. (requested by QrdeJegoMac)\nQrdeJegoMac has agreed to open team sheets.\n|inactive|Allluckz has 60 seconds left.\n|\n|t:|1700668903\n|start\n|switch|p1a: Tornadus|Tornadus, L50, M|100\/100\n|switch|p1b: Flutter Mane|Flutter Mane, L50|100\/100\n|switch|p2a: Flutter Mane|Flutter Mane, L50|100\/100\n|switch|p2b: Iron Hands|Iron Hands, L50|100\/100\n|-enditem|p1b: Flutter Mane|Booster Energy\n|-activate|p1b: Flutter Mane|ability: Protosynthesis|[fromitem]\n|-start|p1b: Flutter Mane|protosynthesisspe\n|-enditem|p2a: Flutter Mane|Booster Energy\n|-activate|p2a: Flutter Mane|ability: Protosynthesis|[fromitem]\n|-start|p2a: Flutter Mane|protosynthesisspa\n|turn|1\n|\n|t:|1700668923\n|move|p1b: Flutter Mane|Protect|p1b: Flutter Mane\n|-singleturn|p1b: Flutter Mane|Protect\n|move|p1a: Tornadus|Taunt|p2a: Flutter Mane\n|-start|p2a: Flutter Mane|move: Taunt\n|move|p2b: Iron Hands|Wild Charge|p1b: Flutter Mane\n|-activate|p1b: Flutter Mane|move: Protect\n|cant|p2a: Flutter Mane|move: Taunt|Trick Room\n|\n|upkeep\n|turn|2\n|\n|t:|1700668939\n|-terastallize|p1b: Flutter Mane|Grass\n|move|p1b: Flutter Mane|Calm Mind|p1b: Flutter Mane\n|-boost|p1b: Flutter Mane|spa|1\n|-boost|p1b: Flutter Mane|spd|1\n|move|p1a: Tornadus|Bleakwind Storm|p2b: Iron Hands|[spread] p2a,p2b\n|-damage|p2a: Flutter Mane|75\/100\n|-damage|p2b: Iron Hands|84\/100\n|-unboost|p2a: Flutter Mane|spe|1\n|move|p2a: Flutter Mane|Shadow Ball|p1b: Flutter Mane\n|-damage|p1b: Flutter Mane|72\/100\n|move|p2b: Iron Hands|Wild Charge|p1a: Tornadus\n|-supereffective|p1a: Tornadus\n|-damage|p1a: Tornadus|0 fnt\n|faint|p1a: Tornadus\n|-damage|p2b: Iron Hands|64\/100|[from] Recoil\n|\n|upkeep\n|\n|t:|1700668946\n|switch|p1a: Arcanine|Arcanine-Hisui, L50, F|100\/100\n|-ability|p1a: Arcanine|Intimidate|boost\n|-unboost|p2a: Flutter Mane|atk|1\n|-unboost|p2b: Iron Hands|atk|1\n|turn|3\n|c|\u2606QrdeJegoMac|Youre playing harder tr than i expected\n|inactive|Allluckz has 30 seconds left.\n|inactive|Allluckz has 20 seconds left.\n|\n|t:|1700668982\n|-terastallize|p2b: Iron Hands|Grass\n|move|p1b: Flutter Mane|Dazzling Gleam|p2a: Flutter Mane|[spread] p2a,p2b\n|-damage|p2a: Flutter Mane|35\/100\n|-damage|p2b: Iron Hands|40\/100\n|move|p1a: Arcanine|Rock Slide|p2a: Flutter Mane|[spread] p2a\n|-miss|p1a: Arcanine|p2b: Iron Hands\n|-damage|p2a: Flutter Mane|0 fnt\n|faint|p2a: Flutter Mane\n|-end|p2a: Flutter Mane|Protosynthesis|[silent]\n|move|p2b: Iron Hands|Ice Punch|p1b: Flutter Mane\n|-supereffective|p1b: Flutter Mane\n|-damage|p1b: Flutter Mane|20\/100\n|\n|upkeep\n|inactive|Allluckz has 30 seconds left.\n|\n|t:|1700669016\n|switch|p2a: Dusclops|Dusclops, L50, F|100\/100\n|-ability|p2a: Dusclops|Pressure\n|turn|4\n|\n|t:|1700669022\n|move|p1b: Flutter Mane|Shadow Ball|p2a: Dusclops\n|-supereffective|p2a: Dusclops\n|-damage|p2a: Dusclops|39\/100\n|move|p1a: Arcanine|Rock Slide|p2b: Iron Hands|[spread] p2a,p2b\n|-damage|p2a: Dusclops|11\/100\n|-damage|p2b: Iron Hands|10\/100\n|cant|p2b: Iron Hands|flinch\n|cant|p2a: Dusclops|flinch\n|\n|upkeep\n|turn|5\n|inactive|Allluckz has 30 seconds left.\n|inactive|Allluckz has 20 seconds left.\n|inactive|Allluckz has 15 seconds left.\n|inactive|Allluckz has 10 seconds left.\n|inactive|Allluckz has 5 seconds left.\n|\n|t:|1700669077\n|switch|p1a: Urshifu|Urshifu-Rapid-Strike, L50, F|100\/100\n|move|p1b: Flutter Mane|Dazzling Gleam|p2a: Dusclops|[spread] p2a,p2b\n|-damage|p2a: Dusclops|0 fnt\n|-damage|p2b: Iron Hands|0 fnt\n|faint|p2a: Dusclops\n|faint|p2b: Iron Hands\n|-end|p2b: Iron Hands|Quark Drive|[silent]\n|\n|upkeep\n|\n|t:|1700669100\n|switch|p2a: Goodra|Goodra-Hisui, L50, M|100\/100\n|turn|6\n|\n|t:|1700669115\n|move|p1b: Flutter Mane|Shadow Ball|p2a: Goodra\n|-damage|p2a: Goodra|60\/100\n|move|p1a: Urshifu|Close Combat|p2a: Goodra\n|-supereffective|p2a: Goodra\n|-damage|p2a: Goodra|0 fnt\n|-unboost|p1a: Urshifu|def|1\n|-unboost|p1a: Urshifu|spd|1\n|faint|p2a: Goodra\n|\n|win|QrdeJegoMac\n|raw|QrdeJegoMac's rating: 1557 &rarr; <strong>1580<\/strong><br \/>(+23 for winning)\n|raw|Allluckz's rating: 1603 &rarr; <strong>1580<\/strong><br \/>(-23 for losing)\n|l|\u2606Allluckz\n","uploadtime":1700669130,"views":7,"p1id":"qrdejegomac","p2id":"allluckz","formatid":"gen9vgc2023regulatione","rating":1580,"private":0,"password":""}