{"id":"gen9vgc2023regulatione-1990053677","p1":"oRinNeGa7V1","p2":"westleyfsm","format":"[Gen 9] VGC 2023 Regulation E","log":"|j|\u2606oRinNeGa7V1\n|j|\u2606westleyfsm\n|t:|1699919539\n|gametype|doubles\n|player|p1|oRinNeGa7V1|miriam|1322\n|player|p2|westleyfsm|2|1329\n|teamsize|p1|6\n|teamsize|p2|6\n|gen|9\n|tier|[Gen 9] VGC 2023 Regulation E\n|rated|\n|rule|Species Clause: Limit one of each Pok\u00e9mon\n|rule|Item Clause: Limit one of each item\n|clearpoke\n|poke|p1|Moltres-Galar, L50|\n|poke|p1|Arcanine-Hisui, L50, F|\n|poke|p1|Munkidori, L50, M|\n|poke|p1|Sinistcha, L50|\n|poke|p1|Grimmsnarl, L50, M|\n|poke|p1|Milotic, L50, M|\n|poke|p2|Empoleon, L50, M|\n|poke|p2|Oranguru, L50, M|\n|poke|p2|Iron Hands, L50|\n|poke|p2|Ninetales-Alola, L50, M|\n|poke|p2|Ogerpon-Hearthflame, L50, F|\n|poke|p2|Braviary-Hisui, L50, M|\n|teampreview|4\n|j| buckmatic\n|inactive|Battle timer is ON: inactive players will automatically lose when time's up. (requested by oRinNeGa7V1)\n|\n|t:|1699919580\n|start\n|switch|p1a: Moltres|Moltres-Galar, L50|100\/100\n|switch|p1b: Munkidori|Munkidori, L50, M|100\/100\n|switch|p2a: Empoleon|Empoleon, L50, M|100\/100\n|switch|p2b: Oranguru|Oranguru, L50, M|100\/100\n|-item|p2a: Empoleon|Weakness Policy|[from] ability: Frisk|[of] p1b: Munkidori|[identify]\n|-item|p2b: Oranguru|Mental Herb|[from] ability: Frisk|[of] p1b: Munkidori|[identify]\n|turn|1\n|\n|t:|1699919601\n|-terastallize|p2b: Oranguru|Ghost\n|move|p1b: Munkidori|Fake Out|p2a: Empoleon\n|-resisted|p2a: Empoleon\n|-damage|p2a: Empoleon|97\/100\n|move|p1a: Moltres|Fiery Wrath|p2b: Oranguru|[spread] p2a,p2b\n|-supereffective|p2b: Oranguru\n|-damage|p2a: Empoleon|66\/100\n|-damage|p2b: Oranguru|55\/100\n|cant|p2a: Empoleon|flinch\n|move|p2b: Oranguru|Trick Room|p2b: Oranguru\n|-fieldstart|move: Trick Room|[of] p2b: Oranguru\n|\n|upkeep\n|turn|2\n|inactive|oRinNeGa7V1 has 30 seconds left.\n|\n|t:|1699919627\n|move|p2a: Empoleon|Surf|p1a: Moltres|[spread] p1a,p1b\n|-activate|p2b: Oranguru|ability: Telepathy\n|-damage|p1a: Moltres|74\/100\n|-damage|p1b: Munkidori|60\/100\n|move|p2b: Oranguru|Encore|p1b: Munkidori\n|-start|p1b: Munkidori|Encore\n|move|p1a: Moltres|Nasty Plot|p1a: Moltres\n|-boost|p1a: Moltres|spa|2\n|move|p1b: Munkidori|Fake Out||[still]\n|-hint|Fake Out only works on your first turn out.\n|-fail|p1b: Munkidori\n|\n|upkeep\n|turn|3\n|\n|t:|1699919638\n|switch|p1b: Grimmsnarl|Grimmsnarl, L50, M|100\/100\n|move|p1a: Moltres|Protect|p1a: Moltres\n|-singleturn|p1a: Moltres|Protect\n|move|p2a: Empoleon|Surf|p1b: Grimmsnarl|[spread] p1b\n|-activate|p1a: Moltres|move: Protect\n|-activate|p2b: Oranguru|ability: Telepathy\n|-damage|p1b: Grimmsnarl|66\/100\n|move|p2b: Oranguru|Encore|p1a: Moltres\n|-activate|p1a: Moltres|move: Protect\n|\n|upkeep\n|turn|4\n|\n|t:|1699919662\n|move|p1b: Grimmsnarl|Light Screen|p1b: Grimmsnarl\n|-sidestart|p1: oRinNeGa7V1|move: Light Screen\n|move|p2a: Empoleon|Flash Cannon|p1b: Grimmsnarl\n|-supereffective|p1b: Grimmsnarl\n|-damage|p1b: Grimmsnarl|16\/100\n|move|p2b: Oranguru|Encore|p1a: Moltres\n|-start|p1a: Moltres|Encore\n|move|p1a: Moltres|Protect||[still]\n|-fail|p1a: Moltres\n|\n|upkeep\n|turn|5\n|inactive|oRinNeGa7V1 has 30 seconds left.\n|inactive|oRinNeGa7V1 has 20 seconds left.\n|\n|t:|1699919698\n|move|p1a: Moltres|Protect|p1a: Moltres\n|-singleturn|p1a: Moltres|Protect\n|move|p2a: Empoleon|Surf|p1a: Moltres|[spread] p1b\n|-activate|p1a: Moltres|move: Protect\n|-activate|p2b: Oranguru|ability: Telepathy\n|-damage|p1b: Grimmsnarl|0 fnt\n|faint|p1b: Grimmsnarl\n|move|p2b: Oranguru|Instruct|p2a: Empoleon\n|-singleturn|p2a: Empoleon|move: Instruct|[of] p2b: Oranguru\n|move|p2a: Empoleon|Surf|p1a: Moltres|[spread] \n|-activate|p1a: Moltres|move: Protect\n|-activate|p2b: Oranguru|ability: Telepathy\n|\n|-fieldend|move: Trick Room\n|upkeep\n|\n|t:|1699919713\n|switch|p1b: Munkidori|Munkidori, L50, M|60\/100\n|-item|p2a: Empoleon|Weakness Policy|[from] ability: Frisk|[of] p1b: Munkidori|[identify]\n|-item|p2b: Oranguru|Mental Herb|[from] ability: Frisk|[of] p1b: Munkidori|[identify]\n|turn|6\n|\n|t:|1699919726\n|move|p1a: Moltres|Protect||[still]\n|-fail|p1a: Moltres\n|move|p1b: Munkidori|Sludge Bomb|p2b: Oranguru\n|-resisted|p2b: Oranguru\n|-damage|p2b: Oranguru|38\/100\n|-status|p2b: Oranguru|psn\n|move|p2a: Empoleon|Surf|p1b: Munkidori|[spread] p1a,p1b\n|-activate|p2b: Oranguru|ability: Telepathy\n|-crit|p1a: Moltres\n|-damage|p1a: Moltres|34\/100\n|-damage|p1b: Munkidori|33\/100\n|-ability|p1a: Moltres|Berserk|boost\n|-boost|p1a: Moltres|spa|1\n|-enditem|p1a: Moltres|Sitrus Berry|[eat]\n|-heal|p1a: Moltres|59\/100|[from] item: Sitrus Berry\n|move|p2b: Oranguru|Trick Room|p2b: Oranguru\n|-fieldstart|move: Trick Room|[of] p2b: Oranguru\n|\n|-damage|p2b: Oranguru|25\/100 psn|[from] psn\n|-end|p1a: Moltres|Encore\n|upkeep\n|turn|7\n|\n|t:|1699919744\n|switch|p1b: Sinistcha|Sinistcha, L50|100\/100\n|-heal|p1a: Moltres|84\/100|[from] ability: Hospitality|[of] p1b: Sinistcha\n|move|p2a: Empoleon|Surf|p1b: Sinistcha|[spread] p1a,p1b\n|-activate|p2b: Oranguru|ability: Telepathy\n|-resisted|p1b: Sinistcha\n|-damage|p1a: Moltres|67\/100\n|-damage|p1b: Sinistcha|90\/100\n|move|p2b: Oranguru|Encore|p1a: Moltres\n|-start|p1a: Moltres|Encore\n|move|p1a: Moltres|Protect||[still]\n|-fail|p1a: Moltres\n|\n|-damage|p2b: Oranguru|13\/100 psn|[from] psn\n|upkeep\n|turn|8\n|\n|t:|1699919767\n|move|p1a: Moltres|Protect|p1a: Moltres\n|-singleturn|p1a: Moltres|Protect\n|move|p2a: Empoleon|Air Cutter|p1b: Sinistcha|[spread] p1b\n|-activate|p1a: Moltres|move: Protect\n|-supereffective|p1b: Sinistcha\n|-damage|p1b: Sinistcha|69\/100\n|move|p2b: Oranguru|Instruct|p2a: Empoleon\n|-singleturn|p2a: Empoleon|move: Instruct|[of] p2b: Oranguru\n|move|p2a: Empoleon|Air Cutter|p1a: Moltres|[spread] p1b\n|-activate|p1a: Moltres|move: Protect\n|-supereffective|p1b: Sinistcha\n|-damage|p1b: Sinistcha|50\/100\n|move|p1b: Sinistcha|Life Dew|p1b: Sinistcha|[spread] p1a,p1b\n|-heal|p1a: Moltres|92\/100\n|-heal|p1b: Sinistcha|75\/100\n|\n|-damage|p2b: Oranguru|1\/100 psn|[from] psn\n|upkeep\n|turn|9\n|\n|t:|1699919789\n|switch|p1b: Munkidori|Munkidori, L50, M|33\/100\n|-item|p2a: Empoleon|Weakness Policy|[from] ability: Frisk|[of] p1b: Munkidori|[identify]\n|-item|p2b: Oranguru|Mental Herb|[from] ability: Frisk|[of] p1b: Munkidori|[identify]\n|move|p1a: Moltres|Protect||[still]\n|-fail|p1a: Moltres\n|move|p2a: Empoleon|Surf|p1b: Munkidori|[spread] p1a,p1b\n|-activate|p2b: Oranguru|ability: Telepathy\n|-damage|p1a: Moltres|74\/100\n|-damage|p1b: Munkidori|5\/100\n|move|p2b: Oranguru|Instruct|p2a: Empoleon\n|-singleturn|p2a: Empoleon|move: Instruct|[of] p2b: Oranguru\n|move|p2a: Empoleon|Surf|p1a: Moltres|[spread] p1a,p1b\n|-activate|p2b: Oranguru|ability: Telepathy\n|-damage|p1a: Moltres|57\/100\n|-damage|p1b: Munkidori|0 fnt\n|faint|p1b: Munkidori\n|\n|-damage|p2b: Oranguru|0 fnt|[from] psn\n|faint|p2b: Oranguru\n|-end|p1a: Moltres|Encore\n|upkeep\n|\n|t:|1699919809\n|switch|p2b: Iron Hands|Iron Hands, L50|100\/100\n|switch|p1b: Sinistcha|Sinistcha, L50|75\/100\n|-heal|p1a: Moltres|82\/100|[from] ability: Hospitality|[of] p1b: Sinistcha\n|turn|10\n|\n|t:|1699919833\n|move|p1a: Moltres|Protect|p1a: Moltres\n|-singleturn|p1a: Moltres|Protect\n|move|p2b: Iron Hands|Thunder Punch|p1a: Moltres\n|-activate|p1a: Moltres|move: Protect\n|move|p2a: Empoleon|Air Cutter|p1b: Sinistcha|[spread] p1b\n|-activate|p1a: Moltres|move: Protect\n|-supereffective|p1b: Sinistcha\n|-damage|p1b: Sinistcha|57\/100\n|move|p1b: Sinistcha|Matcha Gotcha|p2a: Empoleon|[spread] p2a,p2b\n|-damage|p2a: Empoleon|42\/100\n|-heal|p1b: Sinistcha|70\/100|[from] drain|[of] p2a: Empoleon\n|-damage|p2b: Iron Hands|85\/100\n|-heal|p1b: Sinistcha|81\/100|[from] drain|[of] p2b: Iron Hands\n|\n|-fieldend|move: Trick Room\n|upkeep\n|turn|11\n|\n|t:|1699919852\n|-terastallize|p1a: Moltres|Poison\n|move|p1b: Sinistcha|Rage Powder|p1b: Sinistcha\n|-singleturn|p1b: Sinistcha|move: Rage Powder\n|move|p1a: Moltres|Fiery Wrath|p2a: Empoleon|[spread] p2a,p2b\n|-resisted|p2b: Iron Hands\n|-damage|p2a: Empoleon|0 fnt\n|-damage|p2b: Iron Hands|63\/100\n|faint|p2a: Empoleon\n|move|p2b: Iron Hands|Thunder Punch|p1b: Sinistcha\n|-resisted|p1b: Sinistcha\n|-damage|p1b: Sinistcha|61\/100\n|-damage|p2b: Iron Hands|46\/100|[from] item: Rocky Helmet|[of] p1b: Sinistcha\n|\n|-sideend|p1: oRinNeGa7V1|move: Light Screen\n|upkeep\n|\n|t:|1699919854\n|switch|p2a: Braviary|Braviary-Hisui, L50, M|100\/100\n|turn|12\n|\n|t:|1699919867\n|move|p1b: Sinistcha|Rage Powder|p1b: Sinistcha\n|-singleturn|p1b: Sinistcha|move: Rage Powder\n|move|p1a: Moltres|Fiery Wrath|p2a: Braviary|[spread] p2a,p2b\n|-supereffective|p2a: Braviary\n|-resisted|p2b: Iron Hands\n|-damage|p2a: Braviary|0 fnt\n|-damage|p2b: Iron Hands|22\/100\n|faint|p2a: Braviary\n|move|p2b: Iron Hands|Thunder Punch|p1b: Sinistcha\n|-resisted|p1b: Sinistcha\n|-damage|p1b: Sinistcha|41\/100\n|-damage|p2b: Iron Hands|5\/100|[from] item: Rocky Helmet|[of] p1b: Sinistcha\n|\n|upkeep\n|turn|13\n|-message|westleyfsm forfeited.\n|\n|win|oRinNeGa7V1\n|raw|oRinNeGa7V1's rating: 1322 &rarr; <strong>1342<\/strong><br \/>(+20 for winning)\n|raw|westleyfsm's rating: 1329 &rarr; <strong>1309<\/strong><br \/>(-20 for losing)\n|l|\u2606westleyfsm\n","uploadtime":1699919882,"views":14,"p1id":"orinnega7v1","p2id":"westleyfsm","formatid":"gen9vgc2023regulatione","rating":1309,"private":0,"password":""}