{"id":"gen9vgc2023regulatione-1988599903","p1":"larskorrie","p2":"BerbasaurVGC","format":"[Gen 9] VGC 2023 Regulation E","log":"|j|\u203dlarskorrie\n|j|\u2606BerbasaurVGC\n|t:|1699740527\n|gametype|doubles\n|player|p1|larskorrie|skyla|1258\n|player|p2|BerbasaurVGC|will|1208\n|teamsize|p1|6\n|teamsize|p2|6\n|gen|9\n|tier|[Gen 9] VGC 2023 Regulation E\n|rated|\n|rule|Species Clause: Limit one of each Pok\u00e9mon\n|rule|Item Clause: Limit one of each item\n|clearpoke\n|poke|p1|Gholdengo, L50|\n|poke|p1|Oranguru, L50, M|\n|poke|p1|Garchomp, L50, F|\n|poke|p1|Tyranitar, L50, M|\n|poke|p1|Tornadus, L50, M|\n|poke|p1|Iron Bundle, L50|\n|poke|p2|Arcanine-Hisui, L50, M|\n|poke|p2|Chien-Pao, L50|\n|poke|p2|Rillaboom, L50, F|\n|poke|p2|Urshifu-*, L50, M|\n|poke|p2|Tornadus, L50, M|\n|poke|p2|Flutter Mane, L50|\n|teampreview|4\n|inactive|Battle timer is ON: inactive players will automatically lose when time's up. (requested by BerbasaurVGC)\n|\n|t:|1699740553\n|start\n|switch|p1a: Tornadus|Tornadus, L50, M|100\/100\n|switch|p1b: Gholdengo|Gholdengo, L50|100\/100\n|switch|p2a: Arcanine|Arcanine-Hisui, L50, M|100\/100\n|switch|p2b: Tornadus|Tornadus, L50, M|100\/100\n|-ability|p2a: Arcanine|Intimidate|boost\n|-unboost|p1a: Tornadus|atk|1\n|-unboost|p1b: Gholdengo|atk|1\n|turn|1\n|inactive|larskorrie has 30 seconds left.\n|inactive|larskorrie has 20 seconds left.\n|inactive|larskorrie has 15 seconds left.\n|inactive|larskorrie has 10 seconds left.\n|inactive|larskorrie has 5 seconds left.\n|\n|t:|1699740607\n|move|p2b: Tornadus|Tailwind|p2b: Tornadus\n|-sidestart|p2: BerbasaurVGC|move: Tailwind\n|move|p1a: Tornadus|Tailwind|p1a: Tornadus\n|-sidestart|p1: larskorrie|move: Tailwind\n|move|p1b: Gholdengo|Shadow Ball|p2a: Arcanine\n|-damage|p2a: Arcanine|59\/100\n|-unboost|p2a: Arcanine|spd|1\n|move|p2a: Arcanine|Rock Slide|p1a: Tornadus|[spread] p1a,p1b\n|-supereffective|p1a: Tornadus\n|-resisted|p1b: Gholdengo\n|-damage|p1a: Tornadus|7\/100\n|-damage|p1b: Gholdengo|81\/100\n|\n|upkeep\n|turn|2\n|inactive|larskorrie has 30 seconds left.\n|\n|t:|1699740635\n|switch|p2a: Urshifu|Urshifu-Rapid-Strike, L50, M|100\/100\n|move|p1a: Tornadus|Protect|p1a: Tornadus\n|-singleturn|p1a: Tornadus|Protect\n|move|p2b: Tornadus|Icy Wind|p1a: Tornadus|[spread] p1b\n|-activate|p1a: Tornadus|move: Protect\n|-resisted|p1b: Gholdengo\n|-damage|p1b: Gholdengo|75\/100\n|-unboost|p1b: Gholdengo|spe|1\n|move|p1b: Gholdengo|Shadow Ball|p2a: Urshifu\n|-damage|p2a: Urshifu|40\/100\n|\n|upkeep\n|turn|3\n|inactive|larskorrie has 30 seconds left.\n|\n|t:|1699740665\n|move|p2b: Tornadus|Icy Wind|p1a: Tornadus|[spread] p1a,p1b\n|-supereffective|p1a: Tornadus\n|-resisted|p1b: Gholdengo\n|-damage|p1a: Tornadus|0 fnt\n|-damage|p1b: Gholdengo|69\/100\n|-unboost|p1b: Gholdengo|spe|1\n|faint|p1a: Tornadus\n|move|p2a: Urshifu|Surging Strikes|p1b: Gholdengo\n|-crit|p1b: Gholdengo\n|-damage|p1b: Gholdengo|45\/100\n|-crit|p1b: Gholdengo\n|-damage|p1b: Gholdengo|22\/100\n|-crit|p1b: Gholdengo\n|-damage|p1b: Gholdengo|0 fnt\n|faint|p1b: Gholdengo\n|-hitcount|p1: Gholdengo|3\n|\n|upkeep\n|\n|t:|1699740678\n|switch|p1a: Tyranitar|Tyranitar, L50, M|100\/100\n|switch|p1b: Iron Bundle|Iron Bundle, L50|100\/100\n|-weather|Sandstorm|[from] ability: Sand Stream|[of] p1a: Tyranitar\n|-enditem|p1b: Iron Bundle|Booster Energy\n|-activate|p1b: Iron Bundle|ability: Quark Drive|[fromitem]\n|-start|p1b: Iron Bundle|quarkdrivespe\n|turn|4\n|\n|t:|1699740697\n|-terastallize|p2b: Tornadus|Ghost\n|move|p2a: Urshifu|Protect|p2a: Urshifu\n|-singleturn|p2a: Urshifu|Protect\n|move|p1b: Iron Bundle|Freeze-Dry|p2a: Urshifu\n|-activate|p2a: Urshifu|move: Protect\n|move|p2b: Tornadus|Icy Wind|p1b: Iron Bundle|[spread] p1a,p1b\n|-resisted|p1b: Iron Bundle\n|-damage|p1a: Tyranitar|94\/100\n|-damage|p1b: Iron Bundle|94\/100\n|-unboost|p1a: Tyranitar|spe|1\n|-unboost|p1b: Iron Bundle|spe|1\n|move|p1a: Tyranitar|Rock Slide|p2b: Tornadus|[spread] p2b\n|-activate|p2a: Urshifu|move: Protect\n|-damage|p2b: Tornadus|54\/100\n|\n|-weather|Sandstorm|[upkeep]\n|-damage|p1b: Iron Bundle|88\/100|[from] Sandstorm\n|-damage|p2b: Tornadus|48\/100|[from] Sandstorm\n|-damage|p2a: Urshifu|35\/100|[from] Sandstorm\n|-sideend|p1: larskorrie|move: Tailwind\n|-sideend|p2: BerbasaurVGC|move: Tailwind\n|upkeep\n|turn|5\n|inactive|larskorrie has 30 seconds left.\n|inactive|larskorrie has 20 seconds left.\n|\n|t:|1699740733\n|-terastallize|p1b: Iron Bundle|Ice\n|move|p2b: Tornadus|Tailwind|p2b: Tornadus\n|-sidestart|p2: BerbasaurVGC|move: Tailwind\n|move|p2a: Urshifu|Close Combat|p1b: Iron Bundle\n|-supereffective|p1b: Iron Bundle\n|-damage|p1b: Iron Bundle|0 fnt\n|-unboost|p2a: Urshifu|def|1\n|-unboost|p2a: Urshifu|spd|1\n|faint|p1b: Iron Bundle\n|-end|p1b: Iron Bundle|Quark Drive|[silent]\n|move|p1a: Tyranitar|Rock Slide|p2a: Urshifu|[spread] p2a,p2b\n|-resisted|p2a: Urshifu\n|-damage|p2a: Urshifu|11\/100\n|-damage|p2b: Tornadus|2\/100\n|\n|-weather|Sandstorm|[upkeep]\n|-damage|p2b: Tornadus|0 fnt|[from] Sandstorm\n|-damage|p2a: Urshifu|6\/100|[from] Sandstorm\n|faint|p2b: Tornadus\n|upkeep\n|\n|t:|1699740747\n|switch|p2b: Arcanine|Arcanine-Hisui, L50, M|59\/100\n|-ability|p2b: Arcanine|Intimidate|boost\n|-unboost|p1a: Tyranitar|atk|1\n|turn|6\n|\n|t:|1699740753\n|move|p2a: Urshifu|Close Combat|p1a: Tyranitar\n|-supereffective|p1a: Tyranitar\n|-damage|p1a: Tyranitar|0 fnt\n|-unboost|p2a: Urshifu|def|1\n|-unboost|p2a: Urshifu|spd|1\n|faint|p1a: Tyranitar\n|\n|win|BerbasaurVGC\n|raw|larskorrie's rating: 1258 &rarr; <strong>1229<\/strong><br \/>(-29 for losing)\n|raw|BerbasaurVGC's rating: 1208 &rarr; <strong>1237<\/strong><br \/>(+29 for winning)\n|l|\u203dlarskorrie\n","uploadtime":1699740772,"views":20,"p1id":"larskorrie","p2id":"berbasaurvgc","formatid":"gen9vgc2023regulatione","rating":1229,"private":0,"password":""}