{"id":"gen9vgc2023regulatione-2000283290","p1":"RogueDemon42","p2":"vamplordyt","format":"[Gen 9] VGC 2023 Regulation E","log":"|j|\u2606RogueDemon42\n|j|\u2606vamplordyt\n|t:|1701181140\n|gametype|doubles\n|player|p1|RogueDemon42|alder|1140\n|player|p2|vamplordyt|acerola|1240\n|teamsize|p1|6\n|teamsize|p2|6\n|gen|9\n|tier|[Gen 9] VGC 2023 Regulation E\n|rated|\n|rule|Species Clause: Limit one of each Pok\u00e9mon\n|rule|Item Clause: Limit one of each item\n|clearpoke\n|poke|p1|Furret, L50, F|\n|poke|p1|Kommo-o, L50, F|\n|poke|p1|Flutter Mane, L50|\n|poke|p1|Armarouge, L50, F|\n|poke|p1|Tyranitar, L50, M|\n|poke|p1|Copperajah, L50, M|\n|poke|p2|Espathra, L50, F|\n|poke|p2|Milotic, L50, M|\n|poke|p2|Chi-Yu, L50|\n|poke|p2|Stonjourner, L50, F|\n|poke|p2|Gholdengo, L50|\n|poke|p2|Gastrodon, L50, F|\n|teampreview|4\n|inactive|Battle timer is ON: inactive players will automatically lose when time's up. (requested by vamplordyt)\nvamplordyt has agreed to open team sheets.\n|inactive|vamplordyt has 60 seconds left.\n|\n|t:|1701181178\n|start\n|switch|p1a: Furret|Furret, L50, F, shiny|100\/100\n|switch|p1b: Kommo-o|Kommo-o, L50, F|100\/100\n|switch|p2a: Espathra|Espathra, L50, F|100\/100\n|switch|p2b: Chi-Yu|Chi-Yu, L50|100\/100\n|-ability|p2b: Chi-Yu|Beads of Ruin\n|turn|1\n|\n|t:|1701181201\n|-terastallize|p2b: Chi-Yu|Ghost\n|move|p2a: Espathra|Lumina Crash|p1b: Kommo-o\n|-supereffective|p1b: Kommo-o\n|-damage|p1b: Kommo-o|15\/100\n|-unboost|p1b: Kommo-o|spd|2\n|move|p2b: Chi-Yu|Heat Wave|p1b: Kommo-o|[spread] p1a,p1b\n|-resisted|p1b: Kommo-o\n|-damage|p1a: Furret|23\/100\n|-damage|p1b: Kommo-o|0 fnt\n|faint|p1b: Kommo-o\n|move|p1a: Furret|Super Fang|p2b: Chi-Yu\n|-immune|p2b: Chi-Yu\n|\n|-ability|p2a: Espathra|Speed Boost|boost\n|-boost|p2a: Espathra|spe|1\n|upkeep\n|\n|t:|1701181213\n|switch|p1b: Tyranitar|Tyranitar, L50, M|100\/100\n|-weather|Sandstorm|[from] ability: Sand Stream|[of] p1b: Tyranitar\n|turn|2\n|\n|t:|1701181220\n|move|p1a: Furret|Follow Me|p1a: Furret\n|-singleturn|p1a: Furret|move: Follow Me\n|move|p2a: Espathra|Lumina Crash|p1a: Furret\n|-damage|p1a: Furret|0 fnt\n|faint|p1a: Furret\n|move|p2b: Chi-Yu|Heat Wave|p1b: Tyranitar\n|-resisted|p1b: Tyranitar\n|-damage|p1b: Tyranitar|79\/100\n|move|p1b: Tyranitar|Rock Slide|p2a: Espathra|[spread] p2a,p2b\n|-crit|p2b: Chi-Yu\n|-damage|p2a: Espathra|59\/100\n|-damage|p2b: Chi-Yu|24\/100\n|\n|-weather|Sandstorm|[upkeep]\n|-damage|p2a: Espathra|53\/100|[from] Sandstorm\n|-damage|p2b: Chi-Yu|17\/100|[from] Sandstorm\n|-ability|p2a: Espathra|Speed Boost|boost\n|-boost|p2a: Espathra|spe|1\n|upkeep\n|\n|t:|1701181224\n|switch|p1a: Flutter Mane|Flutter Mane, L50|100\/100\n|-enditem|p1a: Flutter Mane|Booster Energy\n|-activate|p1a: Flutter Mane|ability: Protosynthesis|[fromitem]\n|-start|p1a: Flutter Mane|protosynthesisspe\n|turn|3\n|\n|t:|1701181234\n|-terastallize|p1a: Flutter Mane|Fairy\n|move|p2a: Espathra|Lumina Crash|p1a: Flutter Mane\n|-damage|p1a: Flutter Mane|46\/100\n|-unboost|p1a: Flutter Mane|spd|2\n|move|p1a: Flutter Mane|Dazzling Gleam|p2a: Espathra|[spread] p2a,p2b\n|-damage|p2a: Espathra|0 fnt\n|-damage|p2b: Chi-Yu|0 fnt\n|faint|p2a: Espathra\n|faint|p2b: Chi-Yu\n|move|p1b: Tyranitar|Rock Slide|p2: Espathra|[notarget]\n|-fail|p1b: Tyranitar\n|\n|-weather|Sandstorm|[upkeep]\n|-damage|p1a: Flutter Mane|39\/100|[from] Sandstorm\n|upkeep\n|\n|t:|1701181243\n|switch|p2a: Stonjourner|Stonjourner, L50, F|100\/100\n|switch|p2b: Milotic|Milotic, L50, M|100\/100\n|turn|4\n|\n|t:|1701181254\n|move|p2a: Stonjourner|Wide Guard|p2a: Stonjourner\n|-singleturn|p2a: Stonjourner|Wide Guard\n|move|p1a: Flutter Mane|Dazzling Gleam|p2b: Milotic|[spread] \n|-activate|p2a: Stonjourner|move: Wide Guard\n|-activate|p2b: Milotic|move: Wide Guard\n|move|p2b: Milotic|Scald|p1a: Flutter Mane\n|-damage|p1a: Flutter Mane|0 fnt\n|faint|p1a: Flutter Mane\n|-end|p1a: Flutter Mane|Protosynthesis|[silent]\n|-damage|p2b: Milotic|91\/100|[from] item: Life Orb\n|move|p1b: Tyranitar|Knock Off|p2b: Milotic\n|-damage|p2b: Milotic|45\/100\n|-enditem|p2b: Milotic|Life Orb|[from] move: Knock Off|[of] p1b: Tyranitar\n|\n|-weather|Sandstorm|[upkeep]\n|-damage|p2b: Milotic|39\/100|[from] Sandstorm\n|upkeep\n|turn|5\n|\n|t:|1701181273\n|move|p2b: Milotic|Scald|p1b: Tyranitar\n|-supereffective|p1b: Tyranitar\n|-damage|p1b: Tyranitar|46\/100\n|move|p2a: Stonjourner|High Horsepower|p1b: Tyranitar\n|-supereffective|p1b: Tyranitar\n|-damage|p1b: Tyranitar|3\/100\n|move|p1b: Tyranitar|Rock Slide|p2a: Stonjourner|[spread] p2a,p2b\n|-damage|p2a: Stonjourner|85\/100\n|-damage|p2b: Milotic|15\/100\n|\n|-weather|Sandstorm|[upkeep]\n|-damage|p2b: Milotic|9\/100|[from] Sandstorm\n|upkeep\n|turn|6\n|c|\u2606vamplordyt|gg\n|-message|RogueDemon42 forfeited.\n|\n|win|vamplordyt\n|raw|RogueDemon42's rating: 1140 &rarr; <strong>1122<\/strong><br \/>(-18 for losing)\n|raw|vamplordyt's rating: 1240 &rarr; <strong>1258<\/strong><br \/>(+18 for winning)\n|l|\u2606RogueDemon42\n","uploadtime":1701181294,"views":2,"p1id":"roguedemon42","p2id":"vamplordyt","formatid":"gen9vgc2023regulatione","rating":1122,"private":0,"password":""}