{"id":"gen9vgc2023regulatione-1996747052","p1":"mochipupusa","p2":"TheManOfSausage","format":"[Gen 9] VGC 2023 Regulation E","log":"|j|\u2606mochipupusa\n|j|\u2606TheManOfSausage\n|t:|1700718351\n|gametype|doubles\n|player|p1|mochipupusa|101|1284\n|player|p2|TheManOfSausage|guitarist|1319\n|teamsize|p1|6\n|teamsize|p2|6\n|gen|9\n|tier|[Gen 9] VGC 2023 Regulation E\n|rated|\n|rule|Species Clause: Limit one of each Pok\u00e9mon\n|rule|Item Clause: Limit one of each item\n|clearpoke\n|poke|p1|Roaring Moon, L50|\n|poke|p1|Milotic, L50, F|\n|poke|p1|Landorus-Therian, L50, M|\n|poke|p1|Flutter Mane, L50|\n|poke|p1|Iron Hands, L50|\n|poke|p1|Ogerpon-Hearthflame, L50, F|\n|poke|p2|Flutter Mane, L50|\n|poke|p2|Chi-Yu, L50|\n|poke|p2|Urshifu-*, L50, M|\n|poke|p2|Rillaboom, L50, M|\n|poke|p2|Kingambit, L50, F|\n|poke|p2|Landorus-Therian, L50, M|\n|teampreview|4\nmochipupusa has agreed to open team sheets.\nTheManOfSausage has agreed to open team sheets.\n|\n|t:|1700718427\n|start\n|switch|p1a: Landorus|Landorus-Therian, L50, M|100\/100\n|switch|p1b: Ogerpon|Ogerpon-Hearthflame, L50, F|100\/100\n|switch|p2a: Rillaboom|Rillaboom, L50, M|100\/100\n|switch|p2b: Harmony|Kingambit, L50, F, shiny|100\/100\n|-ability|p1a: Landorus|Intimidate|boost\n|-unboost|p2a: Rillaboom|atk|1\n|-unboost|p2b: Harmony|atk|1\n|-ability|p2b: Harmony|Defiant|boost\n|-boost|p2b: Harmony|atk|2\n|-ability|p1b: Ogerpon|Mold Breaker\n|-fieldstart|move: Grassy Terrain|[from] ability: Grassy Surge|[of] p2a: Rillaboom\n|turn|1\n|\n|t:|1700718453\n|-terastallize|p2b: Harmony|Dark\n|move|p2a: Rillaboom|Fake Out|p1b: Ogerpon\n|-damage|p1b: Ogerpon|88\/100\n|move|p2b: Harmony|Sucker Punch|p1a: Landorus\n|-damage|p1a: Landorus|0 fnt\n|faint|p1a: Landorus\n|cant|p1b: Ogerpon|flinch\n|\n|-heal|p1b: Ogerpon|94\/100|[from] Grassy Terrain\n|upkeep\n|\n|t:|1700718466\n|switch|p1a: Iron Hands|Iron Hands, L50|100\/100\n|turn|2\n|\n|t:|1700718489\n|switch|p2a: Landorus|Landorus-Therian, L50, M|100\/100\n|-ability|p2a: Landorus|Intimidate|boost\n|-unboost|p1a: Iron Hands|atk|1\n|-unboost|p1b: Ogerpon|atk|1\n|move|p2b: Harmony|Protect|p2b: Harmony\n|-singleturn|p2b: Harmony|Protect\n|move|p1b: Ogerpon|Ivy Cudgel|p2a: Landorus|[anim] Ivy Cudgel Fire\n|-damage|p2a: Landorus|50\/100\n|move|p1a: Iron Hands|Drain Punch|p2b: Harmony\n|-activate|p2b: Harmony|move: Protect\n|\n|-heal|p1b: Ogerpon|99\/100|[from] Grassy Terrain\n|upkeep\n|turn|3\n|\n|t:|1700718515\n|-end|p1a: Iron Hands|Quark Drive|[silent]\n|switch|p1a: Milotic|Milotic, L50, F|100\/100\n|move|p1b: Ogerpon|Spiky Shield|p1b: Ogerpon\n|-singleturn|p1b: Ogerpon|move: Protect\n|move|p2b: Harmony|Sucker Punch||[still]\n|-fail|p2b: Harmony\n|move|p2a: Landorus|Stomping Tantrum|p1a: Milotic\n|-damage|p1a: Milotic|55\/100\n|\n|-heal|p1b: Ogerpon|100\/100|[from] Grassy Terrain\n|-heal|p1a: Milotic|61\/100|[from] Grassy Terrain\n|-heal|p1a: Milotic|67\/100|[from] item: Leftovers\n|upkeep\n|turn|4\n|\n|t:|1700718545\n|switch|p2a: Rillaboom|Rillaboom, L50, M|100\/100\n|move|p2b: Harmony|Sucker Punch|p1b: Ogerpon\n|-damage|p1b: Ogerpon|0 fnt\n|faint|p1b: Ogerpon\n|move|p1a: Milotic|Scald|p2a: Rillaboom\n|-resisted|p2a: Rillaboom\n|-damage|p2a: Rillaboom|87\/100\n|-status|p2a: Rillaboom|brn\n|\n|-heal|p2a: Rillaboom|93\/100 brn|[from] Grassy Terrain\n|-heal|p1a: Milotic|73\/100|[from] Grassy Terrain\n|-heal|p1a: Milotic|79\/100|[from] item: Leftovers\n|-damage|p2a: Rillaboom|87\/100 brn|[from] brn\n|upkeep\n|\n|t:|1700718559\n|switch|p1b: Iron Hands|Iron Hands, L50|100\/100\n|turn|5\n|\n|t:|1700718576\n|move|p1a: Milotic|Protect|p1a: Milotic\n|-singleturn|p1a: Milotic|Protect\n|move|p2a: Rillaboom|Fake Out|p1b: Iron Hands\n|-damage|p1b: Iron Hands|95\/100\n|move|p2b: Harmony|Swords Dance|p2b: Harmony\n|-boost|p2b: Harmony|atk|2\n|cant|p1b: Iron Hands|flinch\n|\n|-heal|p2a: Rillaboom|93\/100 brn|[from] Grassy Terrain\n|-heal|p1a: Milotic|85\/100|[from] Grassy Terrain\n|-heal|p1a: Milotic|91\/100|[from] item: Leftovers\n|-heal|p1b: Iron Hands|100\/100|[from] Grassy Terrain\n|-damage|p2a: Rillaboom|87\/100 brn|[from] brn\n|-fieldend|move: Grassy Terrain\n|upkeep\n|turn|6\n|\n|t:|1700718618\n|switch|p2a: Landorus|Landorus-Therian, L50, M|50\/100\n|-ability|p2a: Landorus|Intimidate|boost\n|-unboost|p1a: Milotic|atk|1\n|-ability|p1a: Milotic|Competitive|boost\n|-boost|p1a: Milotic|spa|2\n|-unboost|p1b: Iron Hands|atk|1\n|-terastallize|p1a: Milotic|Dragon\n|move|p2b: Harmony|Sucker Punch||[still]\n|-fail|p2b: Harmony\n|move|p1a: Milotic|Haze|p1a: Milotic\n|-clearallboost\n|move|p1b: Iron Hands|Drain Punch|p2b: Harmony\n|-supereffective|p2b: Harmony\n|-damage|p2b: Harmony|30\/100\n|\n|-heal|p1a: Milotic|97\/100|[from] item: Leftovers\n|upkeep\n|turn|7\n|\n|t:|1700718650\n|switch|p2b: Flutter Mane|Flutter Mane, L50|100\/100\n|-enditem|p2b: Flutter Mane|Booster Energy\n|-activate|p2b: Flutter Mane|ability: Protosynthesis|[fromitem]\n|-start|p2b: Flutter Mane|protosynthesisspa\n|move|p2a: Landorus|Stomping Tantrum|p1b: Iron Hands\n|-supereffective|p1b: Iron Hands\n|-damage|p1b: Iron Hands|39\/100\n|move|p1a: Milotic|Icy Wind|p2b: Flutter Mane|[spread] p2a,p2b\n|-supereffective|p2a: Landorus\n|-damage|p2a: Landorus|0 fnt\n|-damage|p2b: Flutter Mane|88\/100\n|-unboost|p2b: Flutter Mane|spe|1\n|faint|p2a: Landorus\n|move|p1b: Iron Hands|Drain Punch|p2b: Flutter Mane\n|-immune|p2b: Flutter Mane\n|\n|-heal|p1a: Milotic|100\/100|[from] item: Leftovers\n|upkeep\n|\n|t:|1700718666\n|switch|p2a: Rillaboom|Rillaboom, L50, M|87\/100 brn\n|-fieldstart|move: Grassy Terrain|[from] ability: Grassy Surge|[of] p2a: Rillaboom\n|turn|8\n|\n|t:|1700718672\n|move|p1a: Milotic|Protect|p1a: Milotic\n|-singleturn|p1a: Milotic|Protect\n|move|p2a: Rillaboom|Fake Out|p1a: Milotic\n|-activate|p1a: Milotic|move: Protect\n|move|p2b: Flutter Mane|Dazzling Gleam|p1b: Iron Hands|[spread] p1b\n|-activate|p1a: Milotic|move: Protect\n|-supereffective|p1b: Iron Hands\n|-damage|p1b: Iron Hands|0 fnt\n|faint|p1b: Iron Hands\n|-end|p1b: Iron Hands|Quark Drive|[silent]\n|\n|-heal|p2a: Rillaboom|93\/100 brn|[from] Grassy Terrain\n|-heal|p2b: Flutter Mane|94\/100|[from] Grassy Terrain\n|-damage|p2a: Rillaboom|87\/100 brn|[from] brn\n|upkeep\n|turn|9\n|\n|t:|1700718695\n|move|p2a: Rillaboom|U-turn|p1a: Milotic\n|-damage|p1a: Milotic|88\/100\n|\n|t:|1700718697\n|switch|p2a: Harmony|Kingambit, L50, F, shiny, tera:Dark|30\/100|[from] U-turn\n|move|p2b: Flutter Mane|Taunt|p1a: Milotic\n|-start|p1a: Milotic|move: Taunt\n|move|p1a: Milotic|Scald|p2b: Flutter Mane\n|-damage|p2b: Flutter Mane|62\/100\n|\n|-heal|p2b: Flutter Mane|68\/100|[from] Grassy Terrain\n|-heal|p1a: Milotic|94\/100|[from] Grassy Terrain\n|-heal|p1a: Milotic|99\/100|[from] item: Leftovers\n|-heal|p2a: Harmony|36\/100|[from] Grassy Terrain\n|upkeep\n|turn|10\n|\n|t:|1700718727\n|move|p2a: Harmony|Protect|p2a: Harmony\n|-singleturn|p2a: Harmony|Protect\n|move|p2b: Flutter Mane|Dazzling Gleam|p1a: Milotic\n|-supereffective|p1a: Milotic\n|-damage|p1a: Milotic|15\/100\n|move|p1a: Milotic|Scald|p2b: Flutter Mane\n|-damage|p2b: Flutter Mane|34\/100\n|\n|-heal|p2b: Flutter Mane|40\/100|[from] Grassy Terrain\n|-heal|p1a: Milotic|21\/100|[from] Grassy Terrain\n|-heal|p1a: Milotic|27\/100|[from] item: Leftovers\n|-heal|p2a: Harmony|42\/100|[from] Grassy Terrain\n|upkeep\n|turn|11\n|c|\u2606TheManOfSausage|gg\n|\n|t:|1700718740\n|move|p2a: Harmony|Sucker Punch|p1a: Milotic\n|-damage|p1a: Milotic|0 fnt\n|faint|p1a: Milotic\n|\n|win|TheManOfSausage\n|raw|mochipupusa's rating: 1284 &rarr; <strong>1262<\/strong><br \/>(-22 for losing)\n|raw|TheManOfSausage's rating: 1319 &rarr; <strong>1337<\/strong><br \/>(+18 for winning)\n|c|\u2606mochipupusa|gg\n","uploadtime":1700718750,"views":7,"p1id":"mochipupusa","p2id":"themanofsausage","formatid":"gen9vgc2023regulatione","rating":1262,"private":0,"password":""}