{"id":"gen9vgc2023regulatione-1996965110","p1":"qwerchr","p2":"Fizzayyy","format":"[Gen 9] VGC 2023 Regulation E","log":"|j|\u2606qwerchr\n|j|\u2606Fizzayyy\n|t:|1700750416\n|gametype|doubles\n|player|p1|qwerchr|265|1261\n|player|p2|Fizzayyy|1|1358\n|teamsize|p1|6\n|teamsize|p2|6\n|gen|9\n|tier|[Gen 9] VGC 2023 Regulation E\n|rated|\n|rule|Species Clause: Limit one of each Pok\u00e9mon\n|rule|Item Clause: Limit one of each item\n|clearpoke\n|poke|p1|Shiftry, L50, M|\n|poke|p1|Chien-Pao, L50|\n|poke|p1|Ogerpon-Hearthflame, L50, F|\n|poke|p1|Flutter Mane, L50|\n|poke|p1|Murkrow, L50, M|\n|poke|p1|Okidogi, L50, M|\n|poke|p2|Urshifu-*, L50, F|\n|poke|p2|Tornadus, L50, M|\n|poke|p2|Chien-Pao, L50|\n|poke|p2|Iron Hands, L50|\n|poke|p2|Dragonite, L50, F|\n|poke|p2|Flutter Mane, L50|\n|teampreview|4\n|inactive|Battle timer is ON: inactive players will automatically lose when time's up. (requested by qwerchr)\n|inactive|Fizzayyy has 60 seconds left.\n|\n|t:|1700750474\n|start\n|switch|p1a: Murkrow|Murkrow, L50, M, shiny|100\/100\n|switch|p1b: Shiftry|Shiftry, L50, M, shiny|100\/100\n|switch|p2a: Tornadus|Tornadus, L50, M|100\/100\n|switch|p2b: Iron Hands|Iron Hands, L50, shiny|100\/100\n|turn|1\n|inactive|qwerchr has 30 seconds left.\n|\n|t:|1700750501\n|move|p1b: Shiftry|Protect|p1b: Shiftry\n|-singleturn|p1b: Shiftry|Protect\n|move|p2b: Iron Hands|Fake Out|p1b: Shiftry\n|-activate|p1b: Shiftry|move: Protect\n|move|p2a: Tornadus|Tailwind|p2a: Tornadus\n|-sidestart|p2: Fizzayyy|move: Tailwind\n|move|p1a: Murkrow|Tailwind|p1a: Murkrow\n|-sidestart|p1: qwerchr|move: Tailwind\n|-ability|p1b: Shiftry|Wind Rider|boost\n|-boost|p1b: Shiftry|atk|1\n|\n|upkeep\n|turn|2\n|inactive|Fizzayyy has 30 seconds left.\n|\n|t:|1700750527\n|move|p1a: Murkrow|Sunny Day|p1a: Murkrow\n|-weather|SunnyDay\n|move|p2a: Tornadus|Icy Wind|p1a: Murkrow|[spread] p1a\n|-ability|p1b: Shiftry|Wind Rider|boost\n|-boost|p1b: Shiftry|atk|1\n|-supereffective|p1a: Murkrow\n|-damage|p1a: Murkrow|74\/100\n|-unboost|p1a: Murkrow|spe|1\n|move|p1b: Shiftry|Explosion|p2a: Tornadus|[spread] p1a,p2a,p2b\n|-enditem|p1b: Shiftry|Normal Gem|[from] gem\n|-damage|p1a: Murkrow|0 fnt\n|-damage|p2a: Tornadus|0 fnt\n|-damage|p2b: Iron Hands|8\/100\n|faint|p1b: Shiftry\n|faint|p1a: Murkrow\n|faint|p2a: Tornadus\n|move|p2b: Iron Hands|Drain Punch|p1: Murkrow|[notarget]\n|-fail|p2b: Iron Hands\n|\n|-weather|SunnyDay|[upkeep]\n|upkeep\n|\n|t:|1700750546\n|switch|p2a: Chien-Pao|Chien-Pao, L50|100\/100\n|switch|p1b: Flutter Mane|Flutter Mane, L50, shiny|100\/100\n|switch|p1a: Ogerpon|Ogerpon-Hearthflame, L50, F|100\/100\n|-ability|p2a: Chien-Pao|Sword of Ruin\n|-activate|p1b: Flutter Mane|ability: Protosynthesis\n|-start|p1b: Flutter Mane|protosynthesisspa\n|-ability|p1a: Ogerpon|Mold Breaker\n|turn|3\n|\n|t:|1700750568\n|-terastallize|p1a: Ogerpon|Fire\n|detailschange|p1a: Ogerpon|Ogerpon-Hearthflame-Tera, L50, F, tera:Fire\n|-ability|p1a: Ogerpon|Embody Aspect (Hearthflame)|boost\n|-boost|p1a: Ogerpon|atk|1\n|move|p2a: Chien-Pao|Protect|p2a: Chien-Pao\n|-singleturn|p2a: Chien-Pao|Protect\n|move|p1b: Flutter Mane|Dazzling Gleam|p2a: Chien-Pao|[spread] p2b\n|-activate|p2a: Chien-Pao|move: Protect\n|-supereffective|p2b: Iron Hands\n|-damage|p2b: Iron Hands|0 fnt\n|faint|p2b: Iron Hands\n|-end|p2b: Iron Hands|Quark Drive|[silent]\n|move|p1a: Ogerpon|Ivy Cudgel|p2a: Chien-Pao|[anim] Ivy Cudgel Fire\n|-activate|p2a: Chien-Pao|move: Protect\n|\n|-weather|SunnyDay|[upkeep]\n|upkeep\n|\n|t:|1700750584\n|switch|p2b: Urshifu|Urshifu-Rapid-Strike, L50, F|100\/100\n|turn|4\n|\n|t:|1700750604\n|-terastallize|p2b: Urshifu|Water\n|move|p2a: Chien-Pao|Sucker Punch|p1a: Ogerpon\n|-damage|p1a: Ogerpon|36\/100\n|move|p2b: Urshifu|Aqua Jet|p1a: Ogerpon\n|-supereffective|p1a: Ogerpon\n|-damage|p1a: Ogerpon|0 fnt\n|faint|p1a: Ogerpon\n|move|p1b: Flutter Mane|Dazzling Gleam|p2a: Chien-Pao|[spread] p2a,p2b\n|-supereffective|p2a: Chien-Pao\n|-enditem|p2a: Chien-Pao|Focus Sash\n|-damage|p2a: Chien-Pao|1\/100\n|-damage|p2b: Urshifu|8\/100\n|\n|-weather|SunnyDay|[upkeep]\n|-sideend|p1: qwerchr|move: Tailwind\n|-sideend|p2: Fizzayyy|move: Tailwind\n|upkeep\n|turn|5\n|inactive|Fizzayyy has 30 seconds left.\n|\n|t:|1700750629\n|move|p2a: Chien-Pao|Sucker Punch|p1b: Flutter Mane\n|-damage|p1b: Flutter Mane|35\/100\n|move|p2b: Urshifu|Aqua Jet|p1b: Flutter Mane\n|-damage|p1b: Flutter Mane|0 fnt\n|faint|p1b: Flutter Mane\n|-end|p1b: Flutter Mane|Protosynthesis|[silent]\n|\n|win|Fizzayyy\n|raw|qwerchr's rating: 1261 &rarr; <strong>1243<\/strong><br \/>(-18 for losing)\n|raw|Fizzayyy's rating: 1358 &rarr; <strong>1373<\/strong><br \/>(+15 for winning)\n","uploadtime":1700750642,"views":7,"p1id":"qwerchr","p2id":"fizzayyy","formatid":"gen9vgc2023regulatione","rating":1243,"private":0,"password":""}