{"id":"gen9vgc2023regulatione-1992665955","p1":"Davide2001","p2":"Th3D3b","format":"[Gen 9] VGC 2023 Regulation E","log":"|j|\u2606Davide2001\n|j|\u2606Th3D3b\n|t:|1700222566\n|gametype|doubles\n|player|p1|Davide2001|1|1351\n|player|p2|Th3D3b|170|1319\n|teamsize|p1|6\n|teamsize|p2|6\n|gen|9\n|tier|[Gen 9] VGC 2023 Regulation E\n|rated|\n|rule|Species Clause: Limit one of each Pok\u00e9mon\n|rule|Item Clause: Limit one of each item\n|clearpoke\n|poke|p1|Ursaluna, L50, M|\n|poke|p1|Cresselia, L50, F|\n|poke|p1|Arcanine, L50, M|\n|poke|p1|Tinkaton, L50, F|\n|poke|p1|Thundurus, L50, M|\n|poke|p1|Urshifu-*, L50, F|\n|poke|p2|Illumise, L50, F|\n|poke|p2|Farigiraf, L50, M|\n|poke|p2|Chi-Yu, L50|\n|poke|p2|Rillaboom, L50, M|\n|poke|p2|Flutter Mane, L50|\n|poke|p2|Kleavor, L50, M|\n|teampreview|4\nDavide2001 rejected open team sheets.\n|inactive|Battle timer is ON: inactive players will automatically lose when time's up. (requested by Davide2001)\n|\n|t:|1700222594\n|start\n|switch|p1a: Thundurus|Thundurus, L50, M|100\/100\n|switch|p1b: Urshifu|Urshifu-Rapid-Strike, L50, F|100\/100\n|switch|p2a: Chi-Yu|Chi-Yu, L50|100\/100\n|switch|p2b: Flutter Mane|Flutter Mane, L50|100\/100\n|-ability|p2a: Chi-Yu|Beads of Ruin\n|turn|1\n|\n|t:|1700222617\n|switch|p2a: Farigiraf|Farigiraf, L50, M|100\/100\n|-terastallize|p2b: Flutter Mane|Fairy\n|move|p1a: Thundurus|Thunder Wave||[still]\n|cant|p2a: Farigiraf|ability: Armor Tail|Thunder Wave|[of] p1a: Thundurus\n|move|p2b: Flutter Mane|Dazzling Gleam|p1b: Urshifu|[spread] p1a,p1b\n|-supereffective|p1b: Urshifu\n|-damage|p1a: Thundurus|15\/100\n|-enditem|p1b: Urshifu|Focus Sash\n|-damage|p1b: Urshifu|1\/100\n|move|p1b: Urshifu|Surging Strikes|p2a: Farigiraf\n|-crit|p2a: Farigiraf\n|-damage|p2a: Farigiraf|83\/100\n|-crit|p2a: Farigiraf\n|-damage|p2a: Farigiraf|67\/100\n|-crit|p2a: Farigiraf\n|-damage|p2a: Farigiraf|48\/100\n|-enditem|p2a: Farigiraf|Sitrus Berry|[eat]\n|-heal|p2a: Farigiraf|72\/100|[from] item: Sitrus Berry\n|-hitcount|p2a: Farigiraf|3\n|\n|upkeep\n|turn|2\n|\n|t:|1700222639\n|switch|p1a: Arcanine|Arcanine, L50, M|100\/100\n|-ability|p1a: Arcanine|Intimidate|boost\n|-unboost|p2a: Farigiraf|atk|1\n|-unboost|p2b: Flutter Mane|atk|1\n|switch|p1b: Tinkaton|Tinkaton, L50, F|100\/100\n|switch|p2a: Chi-Yu|Chi-Yu, L50|100\/100\n|-ability|p2a: Chi-Yu|Beads of Ruin\n|move|p2b: Flutter Mane|Dazzling Gleam|p1a: Arcanine|[spread] p1a,p1b\n|-resisted|p1a: Arcanine\n|-resisted|p1b: Tinkaton\n|-damage|p1a: Arcanine|68\/100\n|-damage|p1b: Tinkaton|74\/100\n|\n|upkeep\n|turn|3\n|\n|t:|1700222661\n|-end|p2b: Flutter Mane|Protosynthesis|[silent]\n|switch|p2b: Farigiraf|Farigiraf, L50, M|72\/100\n|move|p2a: Chi-Yu|Heat Wave|p1b: Tinkaton|[spread] p1a,p1b\n|-resisted|p1a: Arcanine\n|-supereffective|p1b: Tinkaton\n|-damage|p1a: Arcanine|45\/100\n|-damage|p1b: Tinkaton|6\/100\n|move|p1b: Tinkaton|Gigaton Hammer|p2b: Farigiraf\n|-damage|p2b: Farigiraf|34\/100\n|move|p1a: Arcanine|Snarl|p2b: Farigiraf|[spread] p2a,p2b\n|-resisted|p2a: Chi-Yu\n|-supereffective|p2b: Farigiraf\n|-damage|p2a: Chi-Yu|96\/100\n|-damage|p2b: Farigiraf|11\/100\n|-unboost|p2a: Chi-Yu|spa|1\n|-unboost|p2b: Farigiraf|spa|1\n|\n|upkeep\n|turn|4\n|\n|t:|1700222679\n|move|p2b: Farigiraf|Helping Hand|p2a: Chi-Yu\n|-singleturn|p2a: Chi-Yu|Helping Hand|[of] p2b: Farigiraf\n|move|p2a: Chi-Yu|Heat Wave|p1a: Arcanine|[spread] p1a,p1b\n|-resisted|p1a: Arcanine\n|-supereffective|p1b: Tinkaton\n|-damage|p1a: Arcanine|23\/100\n|-damage|p1b: Tinkaton|0 fnt\n|-enditem|p1a: Arcanine|Aguav Berry|[eat]\n|-heal|p1a: Arcanine|56\/100|[from] item: Aguav Berry\n|faint|p1b: Tinkaton\n|move|p1a: Arcanine|Snarl|p2b: Farigiraf|[spread] p2a,p2b\n|-resisted|p2a: Chi-Yu\n|-supereffective|p2b: Farigiraf\n|-damage|p2a: Chi-Yu|91\/100\n|-damage|p2b: Farigiraf|0 fnt\n|-unboost|p2a: Chi-Yu|spa|1\n|faint|p2b: Farigiraf\n|\n|upkeep\n|\n|t:|1700222690\n|switch|p1b: Thundurus|Thundurus, L50, M|15\/100\n|switch|p2b: Rillaboom|Rillaboom, L50, M|100\/100\n|-fieldstart|move: Grassy Terrain|[from] ability: Grassy Surge|[of] p2b: Rillaboom\n|turn|5\n|\n|t:|1700222698\n|switch|p2a: Flutter Mane|Flutter Mane, L50, tera:Fairy|100\/100\n|move|p1b: Thundurus|Protect|p1b: Thundurus\n|-singleturn|p1b: Thundurus|Protect\n|move|p2b: Rillaboom|Fake Out|p1a: Arcanine\n|-damage|p1a: Arcanine|43\/100\n|cant|p1a: Arcanine|flinch\n|\n|-heal|p1a: Arcanine|49\/100|[from] Grassy Terrain\n|upkeep\n|turn|6\n|\n|t:|1700222718\n|move|p1b: Thundurus|Thunder Wave|p2a: Flutter Mane\n|-status|p2a: Flutter Mane|par\n|move|p2b: Rillaboom|Grassy Glide|p1b: Thundurus\n|-resisted|p1b: Thundurus\n|-damage|p1b: Thundurus|0 fnt\n|faint|p1b: Thundurus\n|move|p1a: Arcanine|Flamethrower|p2b: Rillaboom\n|-supereffective|p2b: Rillaboom\n|-damage|p2b: Rillaboom|54\/100\n|move|p2a: Flutter Mane|Power Gem|p1a: Arcanine\n|-supereffective|p1a: Arcanine\n|-damage|p1a: Arcanine|0 fnt\n|faint|p1a: Arcanine\n|\n|-heal|p2b: Rillaboom|60\/100|[from] Grassy Terrain\n|upkeep\n|-message|Davide2001 forfeited.\n|\n|win|Th3D3b\n|raw|Davide2001's rating: 1351 &rarr; <strong>1329<\/strong><br \/>(-22 for losing)\n|raw|Th3D3b's rating: 1319 &rarr; <strong>1341<\/strong><br \/>(+22 for winning)\n|l|\u2606Davide2001\n","uploadtime":1700222744,"views":10,"p1id":"davide2001","p2id":"th3d3b","formatid":"gen9vgc2023regulatione","rating":1329,"private":0,"password":""}