{"id":"gen9vgc2023regulatione-1988729144","p1":"Tempest brute","p2":"Radio Free C-Side","format":"[Gen 9] VGC 2023 Regulation E","log":"|j|\u2606Tempest brute\n|j|\u2606Radio Free C-Side\n|t:|1699755732\n|gametype|doubles\n|player|p1|Tempest brute|veteran|\n|player|p2|Radio Free C-Side|steven-masters|\n|teamsize|p1|6\n|teamsize|p2|6\n|gen|9\n|tier|[Gen 9] VGC 2023 Regulation E\n|rated|Tournament battle\n|rule|Species Clause: Limit one of each Pok\u00e9mon\n|rule|Item Clause: Limit one of each item\n|clearpoke\n|poke|p1|Iron Valiant, L50|\n|poke|p1|Ting-Lu, L50|\n|poke|p1|Ogerpon-Hearthflame, L50, F|\n|poke|p1|Rotom-Wash, L50|\n|poke|p1|Gholdengo, L50|\n|poke|p1|Dragonite, L50, F|\n|poke|p2|Toxicroak, L50, F|\n|poke|p2|Politoed, L50, M|\n|poke|p2|Iron Hands, L50|\n|poke|p2|Sinistcha, L50|\n|poke|p2|Gyarados, L50, M|\n|poke|p2|Gholdengo, L50|\n|teampreview|4\n|showteam|p1|Iron Valiant||BoosterEnergy|QuarkDrive|SpiritBreak,CloseCombat,Encore,Protect||||||50|,,,,,Ghost]Ting-Lu||Leftovers|VesselofRuin|BodyPress,ThroatChop,Whirlwind,Protect||||||50|,,,,,Poison]Ogerpon-Hearthflame||HearthflameMask|MoldBreaker|IvyCudgel,HornLeech,LeechSeed,SpikyShield|||F|||50|,,,,,Fire]Rotom-Wash||SitrusBerry|Levitate|WillOWisp,HydroPump,Thunderbolt,Protect||||||50|,,,,,Dragon]Gholdengo||RockyHelmet|GoodasGold|MakeItRain,ShadowBall,Recover,Protect||||||50|,,,,,Steel]Dragonite||AssaultVest|Multiscale|ExtremeSpeed,AerialAce,Outrage,StompingTantrum|||F|||50|,,,,,Grass\n|showteam|p2|Toxicroak||AssaultVest|DrySkin|GunkShot,FakeOut,LowKick,IcePunch|||F|||50|,,,,,Fire]Politoed||SitrusBerry|Drizzle|PerishSong,Surf,IcyWind,Protect|||M|||50|,,,,,Steel]Iron Hands||Leftovers|QuarkDrive|DrainPunch,WildCharge,SwordsDance,Protect||||||50|,,,,,Fire]Sinistcha||RockyHelmet|Hospitality|RagePowder,MatchaGotcha,TrickRoom,StrengthSap||||||50|,,,,,Water]Gyarados||CovertCloak|Intimidate|Taunt,ThunderWave,Waterfall,Protect|||M|||50|,,,,,Grass]Gholdengo||ChoiceScarf|GoodasGold|MakeItRain,ShadowBall,Thunderbolt,Trick||||||50|,,,,,Steel\n|j| Grewt\n|c|\u2606Radio Free C-Side|glhf\n|j| nicolas rainier\n|j| sweedish man\n|c| Grewt|Idk who to go for now\n|c| nicolas rainier|wo chien is kinda a ferrothorn but bad typing\n|j| WolfeyVGCHotLips\n|j| Choruto\n|j| Flarefox_7\n|c| Choruto|Tempest get him!!\n|j| politp\n|c| Flarefox_7|radio\n|c|\u2606Radio Free C-Side|I'm ngl I don't want to think this hard\n|c| nicolas rainier|wow cool team radio\n|c| Flarefox_7|tempest\n|c|\u2606Tempest brute|if iwin\n|c|\u2606Radio Free C-Side|ty nicolas\n|c|\u2606Tempest brute|i deddicate to\n|c| Flarefox_7|raddio 1v2'd me with pult when i was in tr\n|c|\u2606Tempest brute|alridch\n|c| Flarefox_7|i definitly didnt tera normal e-speed my own farig\n|j| Osgar\n|c| Flarefox_7|but like\n|c| Flarefox_7|he beat me\n|c|\u2606Tempest brute|clown villain time\n|c| nicolas rainier|bruh\n|\n|t:|1699755822\n|start\n|switch|p1a: Mimi \"Incen\" Rotom|Rotom-Wash, L50|100\/100\n|switch|p1b: Gholdengo|Gholdengo, L50|100\/100\n|switch|p2a: Toxicroak|Toxicroak, L50, F|100\/100\n|switch|p2b: Iron Hands|Iron Hands, L50|100\/100\n|turn|1\n|n| da bik wong|sweedishman\n|\n|t:|1699755842\n|move|p1a: Mimi \"Incen\" Rotom|Protect|p1a: Mimi \"Incen\" Rotom\n|-singleturn|p1a: Mimi \"Incen\" Rotom|Protect\n|move|p2a: Toxicroak|Fake Out|p1a: Mimi \"Incen\" Rotom\n|-activate|p1a: Mimi \"Incen\" Rotom|move: Protect\n|move|p1b: Gholdengo|Shadow Ball|p2a: Toxicroak\n|-damage|p2a: Toxicroak|73\/100\n|move|p2b: Iron Hands|Swords Dance|p2b: Iron Hands\n|-boost|p2b: Iron Hands|atk|2\n|\n|upkeep\n|turn|2\n|c| Flarefox_7|can you guys use some more creative teams??? Like take inspiration from my creative team of Tornadus, Urshifu, Flutter mane, Arcanine-Hisui, Rillaboom, and Chien-Pao!!!\n|\n|t:|1699755865\n|switch|p2a: Gyarados|Gyarados, L50, M|100\/100\n|-ability|p2a: Gyarados|Intimidate|boost\n|-unboost|p1a: Mimi \"Incen\" Rotom|atk|1\n|-unboost|p1b: Gholdengo|atk|1\n|-terastallize|p2b: Iron Hands|Fire\n|move|p1a: Mimi \"Incen\" Rotom|Hydro Pump|p2b: Iron Hands|[miss]\n|-miss|p1a: Mimi \"Incen\" Rotom|p2b: Iron Hands\n|move|p1b: Gholdengo|Shadow Ball|p2b: Iron Hands\n|-damage|p2b: Iron Hands|71\/100\n|move|p2b: Iron Hands|Wild Charge|p1a: Mimi \"Incen\" Rotom\n|-damage|p1a: Mimi \"Incen\" Rotom|24\/100\n|-enditem|p1a: Mimi \"Incen\" Rotom|Sitrus Berry|[eat]\n|-heal|p1a: Mimi \"Incen\" Rotom|49\/100|[from] item: Sitrus Berry\n|-damage|p2b: Iron Hands|59\/100|[from] Recoil\n|\n|-heal|p2b: Iron Hands|65\/100|[from] item: Leftovers\n|upkeep\n|turn|3\n|n| sweedish man|dabikwong\n|\n|t:|1699755883\n|switch|p2a: Sinistcha|Sinistcha, L50|100\/100\n|-heal|p2b: Iron Hands|90\/100|[from] ability: Hospitality|[of] p2a: Sinistcha\n|move|p2b: Iron Hands|Protect|p2b: Iron Hands\n|-singleturn|p2b: Iron Hands|Protect\n|move|p1a: Mimi \"Incen\" Rotom|Thunderbolt|p2a: Sinistcha\n|-resisted|p2a: Sinistcha\n|-damage|p2a: Sinistcha|86\/100\n|move|p1b: Gholdengo|Shadow Ball|p2b: Iron Hands\n|-activate|p2b: Iron Hands|move: Protect\n|\n|-heal|p2b: Iron Hands|96\/100|[from] item: Leftovers\n|upkeep\n|turn|4\n|c| Choruto|Mish flarefox_7\n|c| nicolas rainier|dude I use intelion in this tournament and klefki\n|c| Flarefox_7|wait tera fire???\n|\n|t:|1699755904\n|move|p2a: Sinistcha|Rage Powder|p2a: Sinistcha\n|-singleturn|p2a: Sinistcha|move: Rage Powder\n|move|p1a: Mimi \"Incen\" Rotom|Hydro Pump|p2a: Sinistcha\n|-resisted|p2a: Sinistcha\n|-crit|p2a: Sinistcha\n|-damage|p2a: Sinistcha|58\/100\n|move|p1b: Gholdengo|Shadow Ball|p2a: Sinistcha\n|-supereffective|p2a: Sinistcha\n|-damage|p2a: Sinistcha|0 fnt\n|faint|p2a: Sinistcha\n|move|p2b: Iron Hands|Swords Dance|p2b: Iron Hands\n|-boost|p2b: Iron Hands|atk|2\n|\n|-heal|p2b: Iron Hands|100\/100|[from] item: Leftovers\n|upkeep\n|\n|t:|1699755912\n|switch|p2a: Toxicroak|Toxicroak, L50, F|73\/100\n|turn|5\n|c| Choruto|He got greedy\n|\n|t:|1699755916\n|move|p1a: Mimi \"Incen\" Rotom|Protect|p1a: Mimi \"Incen\" Rotom\n|-singleturn|p1a: Mimi \"Incen\" Rotom|Protect\n|move|p1b: Gholdengo|Protect|p1b: Gholdengo\n|-singleturn|p1b: Gholdengo|Protect\n|move|p2a: Toxicroak|Fake Out|p1a: Mimi \"Incen\" Rotom\n|-activate|p1a: Mimi \"Incen\" Rotom|move: Protect\n|move|p2b: Iron Hands|Wild Charge|p1b: Gholdengo\n|-activate|p1b: Gholdengo|move: Protect\n|\n|upkeep\n|turn|6\n|j| SupaJello\n|j| ale cog\n|\n|t:|1699755924\n|move|p2b: Iron Hands|Protect|p2b: Iron Hands\n|-singleturn|p2b: Iron Hands|Protect\n|move|p2a: Toxicroak|Gunk Shot|p1a: Mimi \"Incen\" Rotom|[miss]\n|-miss|p2a: Toxicroak|p1a: Mimi \"Incen\" Rotom\n|move|p1a: Mimi \"Incen\" Rotom|Hydro Pump|p2b: Iron Hands\n|-activate|p2b: Iron Hands|move: Protect\n|move|p1b: Gholdengo|Shadow Ball|p2b: Iron Hands\n|-activate|p2b: Iron Hands|move: Protect\n|\n|upkeep\n|turn|7\n|j| SlowHomie\n|\n|t:|1699755939\n|move|p2a: Toxicroak|Gunk Shot|p1a: Mimi \"Incen\" Rotom\n|-damage|p1a: Mimi \"Incen\" Rotom|2\/100\n|move|p1a: Mimi \"Incen\" Rotom|Hydro Pump|p2b: Iron Hands\n|-supereffective|p2b: Iron Hands\n|-damage|p2b: Iron Hands|44\/100\n|move|p1b: Gholdengo|Shadow Ball|p2b: Iron Hands\n|-damage|p2b: Iron Hands|19\/100\n|-unboost|p2b: Iron Hands|spd|1\n|move|p2b: Iron Hands|Wild Charge|p1b: Gholdengo\n|-damage|p1b: Gholdengo|0 fnt\n|-damage|p2b: Iron Hands|2\/100|[from] item: Rocky Helmet|[of] p1b: Gholdengo\n|faint|p1b: Gholdengo\n|-damage|p2b: Iron Hands|0 fnt|[from] Recoil\n|faint|p2b: Iron Hands\n|-end|p2b: Iron Hands|Quark Drive|[silent]\n|\n|upkeep\n|c| nicolas rainier|only ting lu can kill hands\n|c| nicolas rainier|now\n|c| Choruto|Rooootom\n|j| Renjuu\n|j| Dizzyfuzzy\n|c| Choruto|Chunky boy\n|\n|t:|1699755953\n|switch|p1b: Klefki Lu|Ting-Lu, L50|100\/100\n|switch|p2b: Gyarados|Gyarados, L50, M|100\/100\n|-ability|p2b: Gyarados|Intimidate|boost\n|-unboost|p1a: Mimi \"Incen\" Rotom|atk|1\n|-unboost|p1b: Klefki Lu|atk|1\n|-ability|p1b: Klefki Lu|Vessel of Ruin\n|turn|8\n|l| Dizzyfuzzy\n|c| nicolas rainier|rotom hydro pump can miss and also drain punch lol\n|j| magicalarcher57\n|c| magicalarcher57|get ready to say rigged guys\n|c|\u2606Tempest brute|for the crime of defeating aldrich\n|c| magicalarcher57|damm 15 users in one game\n|\n|t:|1699755999\n|-terastallize|p1b: Klefki Lu|Poison\n|move|p2a: Toxicroak|Low Kick|p1a: Mimi \"Incen\" Rotom\n|-damage|p1a: Mimi \"Incen\" Rotom|0 fnt\n|faint|p1a: Mimi \"Incen\" Rotom\n|move|p2b: Gyarados|Waterfall|p1b: Klefki Lu\n|-damage|p1b: Klefki Lu|83\/100\n|move|p1b: Klefki Lu|Throat Chop|p2b: Gyarados\n|-damage|p2b: Gyarados|82\/100\n|\n|-heal|p1b: Klefki Lu|89\/100|[from] item: Leftovers\n|upkeep\n|\n|t:|1699756002\n|switch|p1a: Dragonite|Dragonite, L50, F|100\/100\n|turn|9\n|c| Flarefox_7|flinch\n|c| nicolas rainier|why is this like a comic villain series\n|\n|t:|1699756014\n|move|p1a: Dragonite|Extreme Speed|p2a: Toxicroak\n|-damage|p2a: Toxicroak|41\/100\n|move|p2a: Toxicroak|Ice Punch|p1a: Dragonite\n|-supereffective|p1a: Dragonite\n|-damage|p1a: Dragonite|66\/100\n|move|p2b: Gyarados|Thunder Wave|p1a: Dragonite\n|-status|p1a: Dragonite|par\n|move|p1b: Klefki Lu|Body Press|p2a: Toxicroak\n|-resisted|p2a: Toxicroak\n|-damage|p2a: Toxicroak|21\/100\n|\n|-heal|p1b: Klefki Lu|95\/100|[from] item: Leftovers\n|upkeep\n|turn|10\n|c| Flarefox_7|o...\n|\n|t:|1699756029\n|move|p1a: Dragonite|Extreme Speed|p2a: Toxicroak\n|-damage|p2a: Toxicroak|0 fnt\n|faint|p2a: Toxicroak\n|move|p2b: Gyarados|Thunder Wave|p1b: Klefki Lu\n|-status|p1b: Klefki Lu|par\n|move|p1b: Klefki Lu|Body Press|p2b: Gyarados\n|-resisted|p2b: Gyarados\n|-damage|p2b: Gyarados|70\/100\n|\n|-heal|p1b: Klefki Lu|100\/100 par|[from] item: Leftovers\n|upkeep\n|turn|11\n|l| Osgar\n|\n|t:|1699756034\n|move|p2b: Gyarados|Waterfall|p1a: Dragonite\n|-resisted|p1a: Dragonite\n|-damage|p1a: Dragonite|51\/100 par\n|cant|p1a: Dragonite|flinch\n|cant|p1b: Klefki Lu|par\n|\n|upkeep\n|turn|12\n|c| magicalarcher57|oh shit\n|\n|t:|1699756040\n|move|p2b: Gyarados|Waterfall|p1a: Dragonite\n|-resisted|p1a: Dragonite\n|-crit|p1a: Dragonite\n|-damage|p1a: Dragonite|29\/100 par\n|cant|p1a: Dragonite|par\n|cant|p1b: Klefki Lu|par\n|\n|upkeep\n|turn|13\n|c| nicolas rainier|lol\n|c| magicalarcher57|lol flinch\n|c| Flarefox_7|guys radio can win\n|c| magicalarcher57|and crit\n|c| Grewt|This is the way\n|\n|t:|1699756051\n|move|p1a: Dragonite|Extreme Speed|p2b: Gyarados\n|-damage|p2b: Gyarados|49\/100\n|move|p2b: Gyarados|Waterfall|p1a: Dragonite\n|-resisted|p1a: Dragonite\n|-damage|p1a: Dragonite|14\/100 par\n|move|p1b: Klefki Lu|Body Press|p2b: Gyarados\n|-resisted|p2b: Gyarados\n|-damage|p2b: Gyarados|38\/100\n|\n|upkeep\n|turn|14\n|c| Flarefox_7|wait\n|c| nicolas rainier|no wayyyy\n|j| Osgar\n|c| magicalarcher57|get ready to say rigged everyone\n|\n|t:|1699756058\n|cant|p1a: Dragonite|par\n|move|p2b: Gyarados|Waterfall|p1a: Dragonite\n|-resisted|p1a: Dragonite\n|-damage|p1a: Dragonite|0 fnt\n|faint|p1a: Dragonite\n|move|p1b: Klefki Lu|Body Press|p2b: Gyarados\n|-resisted|p2b: Gyarados\n|-damage|p2b: Gyarados|25\/100\n|\n|upkeep\n|turn|15\n|c| Flarefox_7|is this fr???\n|c| WolfeyVGCHotLips|:O\n|\n|t:|1699756061\n|move|p1b: Klefki Lu|Protect|p1b: Klefki Lu\n|-singleturn|p1b: Klefki Lu|Protect\n|move|p2b: Gyarados|Waterfall|p1b: Klefki Lu\n|-activate|p1b: Klefki Lu|move: Protect\n|\n|upkeep\n|turn|16\n|c| nicolas rainier|fr\n|c| nicolas rainier|nooo way\n|c| Flarefox_7|...\n|c| magicalarcher57|get ready to spam rigged guys\n|\n|t:|1699756068\n|move|p2b: Gyarados|Protect|p2b: Gyarados\n|-singleturn|p2b: Gyarados|Protect\n|move|p1b: Klefki Lu|Body Press|p2b: Gyarados\n|-activate|p2b: Gyarados|move: Protect\n|\n|upkeep\n|turn|17\n|\n|t:|1699756076\n|move|p2b: Gyarados|Waterfall|p1b: Klefki Lu\n|-damage|p1b: Klefki Lu|83\/100 par\n|move|p1b: Klefki Lu|Throat Chop|p2b: Gyarados\n|-damage|p2b: Gyarados|6\/100\n|\n|-heal|p1b: Klefki Lu|89\/100 par|[from] item: Leftovers\n|upkeep\n|turn|18\n|c| nicolas rainier|flinch and para to dead\n|c| Flarefox_7|ok\n|c| Flarefox_7|ppara flinch\n|\n|t:|1699756084\n|move|p2b: Gyarados|Protect|p2b: Gyarados\n|-singleturn|p2b: Gyarados|Protect\n|cant|p1b: Klefki Lu|par\n|\n|-heal|p1b: Klefki Lu|95\/100 par|[from] item: Leftovers\n|upkeep\n|turn|19\n|c| magicalarcher57|spamm\n|\n|t:|1699756089\n|move|p2b: Gyarados|Waterfall|p1b: Klefki Lu\n|-damage|p1b: Klefki Lu|79\/100 par\n|move|p1b: Klefki Lu|Throat Chop|p2b: Gyarados\n|-damage|p2b: Gyarados|0 fnt\n|faint|p2b: Gyarados\n|\n|win|Tempest brute\n|n|\u2606Tempest brute|tempestbrute\n|n|\u2606Radio Free C-Side|radiofreecside\n|n| Grewt|grewt\n|n| nicolas rainier|nicolasrainier\n|n| WolfeyVGCHotLips|wolfeyvgchotlips\n|n| Choruto|choruto\n|n| Flarefox_7|flarefox7\n|n| politp|politp\n|n| sweedish man|sweedishman\n|n| SupaJello|supajello\n|n| ale cog|alecog\n|n| SlowHomie|slowhomie\n|n| Renjuu|renjuu\n|n| magicalarcher57|magicalarcher57\n|n| Osgar|osgar\n","uploadtime":1699756091,"views":27,"p1id":"tempestbrute","p2id":"radiofreecside","formatid":"gen9vgc2023regulatione","rating":0,"private":0,"password":""}