{"id":"gen9vgc2023regulatione-1989514152","p1":"kam1998","p2":"Killerkats_1","format":"[Gen 9] VGC 2023 Regulation E","log":"|j|\u2606kam1998\n|j|\u2606Killerkats_1\n|t:|1699863726\n|gametype|doubles\n|player|p1|kam1998|101|1152\n|player|p2|Killerkats_1|jupiter|1086\n|teamsize|p1|6\n|teamsize|p2|6\n|gen|9\n|tier|[Gen 9] VGC 2023 Regulation E\n|rated|\n|rule|Species Clause: Limit one of each Pok\u00e9mon\n|rule|Item Clause: Limit one of each item\n|clearpoke\n|poke|p1|Chi-Yu, L50|\n|poke|p1|Iron Hands, L50|\n|poke|p1|Sinistcha, L50|\n|poke|p1|Farigiraf, L50, M|\n|poke|p1|Gyarados, L50, M|\n|poke|p1|Garganacl, L50, M|\n|poke|p2|Clefairy, L50, F|\n|poke|p2|Milotic, L50, F|\n|poke|p2|Mimikyu, L50, F|\n|poke|p2|Lilligant, L50, F|\n|poke|p2|Dragonite, L50, F|\n|poke|p2|Arcanine-Hisui, L50, F|\n|teampreview|4\nKillerkats_1 has agreed to open team sheets.\nkam1998 has agreed to open team sheets.\n|inactive|Battle timer is ON: inactive players will automatically lose when time's up. (requested by Killerkats_1)\n|inactive|kam1998 has 60 seconds left.\n|inactive|kam1998 has 30 seconds left.\n|inactive|kam1998 has 20 seconds left.\n|inactive|kam1998 has 15 seconds left.\n|inactive|kam1998 has 10 seconds left.\n|inactive|kam1998 has 5 seconds left.\n|\n|t:|1699863826\n|start\n|switch|p1a: Farigiraf|Farigiraf, L50, M|100\/100\n|switch|p1b: Iron Hands|Iron Hands, L50|100\/100\n|switch|p2a: Arcanin|Arcanine-Hisui, L50, F, shiny|100\/100\n|switch|p2b: Milobellus|Milotic, L50, F, shiny|100\/100\n|-ability|p2a: Arcanin|Intimidate|boost\n|-unboost|p1a: Farigiraf|atk|1\n|-unboost|p1b: Iron Hands|atk|1\n|turn|1\n|inactive|kam1998 has 30 seconds left.\n|\n|t:|1699863853\n|move|p1b: Iron Hands|Fake Out|p2a: Arcanin\n|-resisted|p2a: Arcanin\n|-damage|p2a: Arcanin|94\/100\n|cant|p2a: Arcanin|flinch\n|move|p2b: Milobellus|Scald|p1a: Farigiraf\n|-damage|p1a: Farigiraf|71\/100\n|move|p1a: Farigiraf|Reflect|p1a: Farigiraf\n|-sidestart|p1: kam1998|Reflect\n|\n|upkeep\n|turn|2\n|inactive|kam1998 has 30 seconds left.\n|\n|t:|1699863884\n|switch|p2a: M\u00e9lof\u00e9e|Clefairy, L50, F, shiny|100\/100\n|move|p2b: Milobellus|Coil|p2b: Milobellus\n|-boost|p2b: Milobellus|atk|1\n|-boost|p2b: Milobellus|def|1\n|-boost|p2b: Milobellus|accuracy|1\n|move|p1a: Farigiraf|Light Screen|p1a: Farigiraf\n|-sidestart|p1: kam1998|move: Light Screen\n|move|p1b: Iron Hands|Drain Punch|p2a: M\u00e9lof\u00e9e\n|-resisted|p2a: M\u00e9lof\u00e9e\n|-damage|p2a: M\u00e9lof\u00e9e|83\/100\n|\n|upkeep\n|turn|3\n|inactive|kam1998 has 30 seconds left.\n|\n|t:|1699863917\n|move|p2b: Milobellus|Scald|p1a: Farigiraf\n|-crit|p1a: Farigiraf\n|-damage|p1a: Farigiraf|27\/100\n|move|p1a: Farigiraf|Psychic|p2a: M\u00e9lof\u00e9e\n|-damage|p2a: M\u00e9lof\u00e9e|54\/100\n|move|p1b: Iron Hands|Heavy Slam|p2a: M\u00e9lof\u00e9e\n|-supereffective|p2a: M\u00e9lof\u00e9e\n|-damage|p2a: M\u00e9lof\u00e9e|0 fnt\n|faint|p2a: M\u00e9lof\u00e9e\n|\n|upkeep\n|\n|t:|1699863930\n|switch|p2a: Arcanin|Arcanine-Hisui, L50, F, shiny|94\/100\n|-ability|p2a: Arcanin|Intimidate|boost\n|-unboost|p1a: Farigiraf|atk|1\n|-unboost|p1b: Iron Hands|atk|1\n|turn|4\n|inactive|kam1998 has 30 seconds left.\n|\n|t:|1699863963\n|switch|p2a: Mimiqui|Mimikyu, L50, F, shiny|100\/100\n|-end|p1b: Iron Hands|Quark Drive|[silent]\n|switch|p1b: Sinistcha|Sinistcha, L50|100\/100\n|-heal|p1a: Farigiraf|52\/100|[from] ability: Hospitality|[of] p1b: Sinistcha\n|move|p2b: Milobellus|Scald|p1a: Farigiraf\n|-damage|p1a: Farigiraf|33\/100\n|-status|p1a: Farigiraf|brn\n|move|p1a: Farigiraf|Psychic|p2b: Milobellus\n|-damage|p2b: Milobellus|66\/100\n|\n|-heal|p2b: Milobellus|72\/100|[from] item: Leftovers\n|-damage|p1a: Farigiraf|26\/100 brn|[from] brn\n|upkeep\n|turn|5\n|inactive|kam1998 has 30 seconds left.\n|inactive|kam1998 has 20 seconds left.\n|inactive|kam1998 has 15 seconds left.\n|inactive|kam1998 has 10 seconds left.\n|\n|t:|1699864010\n|move|p2a: Mimiqui|Swords Dance|p2a: Mimiqui\n|-boost|p2a: Mimiqui|atk|2\n|move|p2b: Milobellus|Ice Beam|p1b: Sinistcha\n|-supereffective|p1b: Sinistcha\n|-damage|p1b: Sinistcha|73\/100\n|move|p1b: Sinistcha|Shadow Ball|p2a: Mimiqui\n|-activate|p2a: Mimiqui|ability: Disguise\n|-damage|p2a: Mimiqui|100\/100\n|-unboost|p2a: Mimiqui|spd|1\n|detailschange|p2a: Mimiqui|Mimikyu-Busted, L50, F, shiny\n|-damage|p2a: Mimiqui|88\/100|[from] pokemon: Mimikyu-Busted\n|move|p1a: Farigiraf|Dazzling Gleam|p2a: Mimiqui|[spread] p2a,p2b\n|-damage|p2a: Mimiqui|50\/100\n|-damage|p2b: Milobellus|55\/100\n|\n|-heal|p2b: Milobellus|61\/100|[from] item: Leftovers\n|-damage|p1a: Farigiraf|20\/100 brn|[from] brn\n|upkeep\n|turn|6\n|inactive|kam1998 has 30 seconds left.\n|inactive|kam1998 has 20 seconds left.\n|inactive|kam1998 has 15 seconds left.\n|inactive|kam1998 has 10 seconds left.\n|\n|t:|1699864056\n|switch|p1b: Garganacl|Garganacl, L50, M|100\/100\n|move|p2a: Mimiqui|Shadow Sneak||[still]\n|cant|p1a: Farigiraf|ability: Armor Tail|Shadow Sneak|[of] p2a: Mimiqui\n|move|p2b: Milobellus|Scald|p1a: Farigiraf\n|-damage|p1a: Farigiraf|0 fnt\n|faint|p1a: Farigiraf\n|\n|-heal|p2b: Milobellus|67\/100|[from] item: Leftovers\n|upkeep\n|\n|t:|1699864069\n|switch|p1a: Iron Hands|Iron Hands, L50|100\/100\n|turn|7\n|inactive|kam1998 has 30 seconds left.\n|inactive|kam1998 has 20 seconds left.\n|inactive|kam1998 has 15 seconds left.\n|\n|t:|1699864111\n|-terastallize|p1a: Iron Hands|Water\n|move|p2a: Mimiqui|Play Rough|p1a: Iron Hands\n|-damage|p1a: Iron Hands|66\/100\n|-unboost|p1a: Iron Hands|atk|1\n|move|p2b: Milobellus|Scald|p1b: Garganacl\n|-supereffective|p1b: Garganacl\n|-damage|p1b: Garganacl|77\/100\n|move|p1a: Iron Hands|Heavy Slam|p2a: Mimiqui\n|-supereffective|p2a: Mimiqui\n|-damage|p2a: Mimiqui|0 fnt\n|faint|p2a: Mimiqui\n|move|p1b: Garganacl|Iron Defense|p1b: Garganacl\n|-boost|p1b: Garganacl|def|2\n|\n|-heal|p2b: Milobellus|73\/100|[from] item: Leftovers\n|-heal|p1b: Garganacl|83\/100|[from] item: Leftovers\n|upkeep\n|\n|t:|1699864127\n|switch|p2a: Arcanin|Arcanine-Hisui, L50, F, shiny|94\/100\n|-ability|p2a: Arcanin|Intimidate|boost\n|-unboost|p1a: Iron Hands|atk|1\n|-unboost|p1b: Garganacl|atk|1\n|turn|8\n|\n|t:|1699864151\n|-end|p1a: Iron Hands|Quark Drive|[silent]\n|switch|p1a: Sinistcha|Sinistcha, L50|73\/100\n|-heal|p1b: Garganacl|100\/100|[from] ability: Hospitality|[of] p1a: Sinistcha\n|-terastallize|p2a: Arcanin|Rock\n|move|p2a: Arcanin|Rock Slide|p1a: Sinistcha|[spread] p1a,p1b\n|-damage|p1a: Sinistcha|41\/100\n|-damage|p1b: Garganacl|86\/100\n|-enditem|p1a: Sinistcha|Sitrus Berry|[eat]\n|-heal|p1a: Sinistcha|66\/100|[from] item: Sitrus Berry\n|move|p2b: Milobellus|Recover|p2b: Milobellus\n|-heal|p2b: Milobellus|100\/100\n|move|p1b: Garganacl|Body Press|p2a: Arcanin\n|-supereffective|p2a: Arcanin\n|-damage|p2a: Arcanin|0 fnt\n|faint|p2a: Arcanin\n|\n|-heal|p1b: Garganacl|92\/100|[from] item: Leftovers\n|-sideend|p1: kam1998|Reflect\n|upkeep\n|turn|9\n|-message|Killerkats_1 forfeited.\n|\n|win|kam1998\n|raw|kam1998's rating: 1152 &rarr; <strong>1172<\/strong><br \/>(+20 for winning)\n|raw|Killerkats_1's rating: 1086 &rarr; <strong>1067<\/strong><br \/>(-19 for losing)\n|l|\u2606Killerkats_1\n","uploadtime":1699864170,"views":10,"p1id":"kam1998","p2id":"killerkats1","formatid":"gen9vgc2023regulatione","rating":1067,"private":0,"password":""}