{"id":"gen9vgc2023regulatione-1996513576","p1":"Dhdjdkdk","p2":"Kzkzrjzrhzk","format":"[Gen 9] VGC 2023 Regulation E","log":"|j|\u2606Dhdjdkdk\n|j|\u2606Kzkzrjzrhzk\n|t:|1700689414\n|gametype|doubles\n|player|p1|Dhdjdkdk|265|1093\n|player|p2|Kzkzrjzrhzk|lance|1000\n|teamsize|p1|6\n|teamsize|p2|6\n|gen|9\n|tier|[Gen 9] VGC 2023 Regulation E\n|rated|\n|rule|Species Clause: Limit one of each Pok\u00e9mon\n|rule|Item Clause: Limit one of each item\n|clearpoke\n|poke|p1|Espeon, L50, M|\n|poke|p1|Iron Jugulis, L50|\n|poke|p1|Chi-Yu, L50|\n|poke|p1|Iron Hands, L50|\n|poke|p1|Gyarados, L50, F|\n|poke|p1|Grimmsnarl, L50, M|\n|poke|p2|Flutter Mane, L50|\n|poke|p2|Tornadus, L50, M|\n|poke|p2|Rillaboom, L50, M|\n|poke|p2|Garganacl, L50, F|\n|poke|p2|Arcanine-Hisui, L50, F|\n|poke|p2|Chien-Pao, L50|\n|teampreview|4\n|inactive|Battle timer is ON: inactive players will automatically lose when time's up. (requested by Kzkzrjzrhzk)\n|\n|t:|1700689461\n|start\n|switch|p1a: Iron Jugulis|Iron Jugulis, L50|100\/100\n|switch|p1b: Espeon|Espeon, L50, M|100\/100\n|switch|p2a: Tornadus|Tornadus, L50, M|100\/100\n|switch|p2b: Garganacl|Garganacl, L50, F|100\/100\n|turn|1\n|\n|t:|1700689481\n|move|p2a: Tornadus|Tailwind|p2a: Tornadus\n|-sidestart|p2: Kzkzrjzrhzk|move: Tailwind\n|move|p1b: Espeon|Psychic|p2b: Garganacl\n|-damage|p2b: Garganacl|69\/100\n|move|p1a: Iron Jugulis|Earth Power|p2b: Garganacl\n|-supereffective|p2b: Garganacl\n|-damage|p2b: Garganacl|34\/100\n|-enditem|p2b: Garganacl|Sitrus Berry|[eat]\n|-heal|p2b: Garganacl|58\/100|[from] item: Sitrus Berry\n|move|p2b: Garganacl|Salt Cure|p1a: Iron Jugulis\n|-supereffective|p1a: Iron Jugulis\n|-damage|p1a: Iron Jugulis|70\/100\n|\n|upkeep\n|turn|2\n|\n|t:|1700689495\n|move|p1b: Espeon|Protect|p1b: Espeon\n|-singleturn|p1b: Espeon|Protect\n|move|p2b: Garganacl|Protect|p2b: Garganacl\n|-singleturn|p2b: Garganacl|Protect\n|move|p2a: Tornadus|Bleakwind Storm|p1b: Espeon|[spread] p1a\n|-activate|p1b: Espeon|move: Protect\n|-crit|p1a: Iron Jugulis\n|-damage|p1a: Iron Jugulis|23\/100\n|move|p1a: Iron Jugulis|Tailwind|p1a: Iron Jugulis\n|-sidestart|p1: Dhdjdkdk|move: Tailwind\n|\n|upkeep\n|turn|3\n|\n|t:|1700689512\n|-terastallize|p2b: Garganacl|Ghost\n|move|p1b: Espeon|Psychic|p2b: Garganacl\n|-damage|p2b: Garganacl|26\/100\n|move|p1a: Iron Jugulis|Flash Cannon|p2b: Garganacl\n|-damage|p2b: Garganacl|9\/100\n|-unboost|p2b: Garganacl|spd|1\n|move|p2a: Tornadus|Bleakwind Storm|p1b: Espeon|[spread] p1a,p1b\n|-damage|p1a: Iron Jugulis|0 fnt\n|-damage|p1b: Espeon|62\/100\n|faint|p1a: Iron Jugulis\n|-end|p1a: Iron Jugulis|Quark Drive|[silent]\n|move|p2b: Garganacl|Salt Cure|p1b: Espeon\n|-damage|p1b: Espeon|33\/100\n|-start|p1b: Espeon|Salt Cure\n|\n|-damage|p1b: Espeon|21\/100|[from] Salt Cure\n|upkeep\n|\n|t:|1700689519\n|switch|p1a: Iron Hands|Iron Hands, L50|100\/100\n|turn|4\n|\n|t:|1700689528\n|switch|p2a: Arcanine|Arcanine-Hisui, L50, F|100\/100\n|-ability|p2a: Arcanine|Intimidate|boost\n|-unboost|p1a: Iron Hands|atk|1\n|-unboost|p1b: Espeon|atk|1\n|move|p2b: Garganacl|Protect|p2b: Garganacl\n|-singleturn|p2b: Garganacl|Protect\n|move|p1a: Iron Hands|Fake Out|p2a: Arcanine\n|-resisted|p2a: Arcanine\n|-damage|p2a: Arcanine|94\/100\n|move|p1b: Espeon|Psychic|p2a: Arcanine\n|-damage|p2a: Arcanine|39\/100\n|\n|-damage|p1b: Espeon|9\/100|[from] Salt Cure\n|-sideend|p2: Kzkzrjzrhzk|move: Tailwind\n|upkeep\n|turn|5\n|\n|t:|1700689543\n|switch|p1b: Gyarados|Gyarados, L50, F|100\/100\n|-ability|p1b: Gyarados|Intimidate|boost\n|-unboost|p2a: Arcanine|atk|1\n|-unboost|p2b: Garganacl|atk|1\n|switch|p2a: Tornadus|Tornadus, L50, M|100\/100\n|move|p1a: Iron Hands|Drain Punch|p2a: Tornadus\n|-resisted|p2a: Tornadus\n|-crit|p2a: Tornadus\n|-damage|p2a: Tornadus|58\/100\n|-damage|p1a: Iron Hands|84\/100|[from] item: Rocky Helmet|[of] p2a: Tornadus\n|move|p2b: Garganacl|Recover|p2b: Garganacl\n|-heal|p2b: Garganacl|59\/100\n|\n|-sideend|p1: Dhdjdkdk|move: Tailwind\n|upkeep\n|turn|6\n|\n|t:|1700689552\n|move|p2a: Tornadus|Tailwind|p2a: Tornadus\n|-sidestart|p2: Kzkzrjzrhzk|move: Tailwind\n|move|p1b: Gyarados|Thunder Wave|p2b: Garganacl\n|-immune|p2b: Garganacl|[from] ability: Purifying Salt\n|move|p2b: Garganacl|Iron Defense|p2b: Garganacl\n|-boost|p2b: Garganacl|def|2\n|move|p1a: Iron Hands|Wild Charge|p2a: Tornadus\n|-supereffective|p2a: Tornadus\n|-damage|p2a: Tornadus|0 fnt\n|-damage|p1a: Iron Hands|67\/100|[from] item: Rocky Helmet|[of] p2a: Tornadus\n|faint|p2a: Tornadus\n|-damage|p1a: Iron Hands|57\/100|[from] Recoil\n|\n|upkeep\n|\n|t:|1700689560\n|switch|p2a: Arcanine|Arcanine-Hisui, L50, F|39\/100\n|-ability|p2a: Arcanine|Intimidate|boost\n|-unboost|p1a: Iron Hands|atk|1\n|-unboost|p1b: Gyarados|atk|1\n|turn|7\n|-message|Dhdjdkdk forfeited.\n|\n|win|Kzkzrjzrhzk\n|raw|Dhdjdkdk's rating: 1093 &rarr; <strong>1063<\/strong><br \/>(-30 for losing)\n|raw|Kzkzrjzrhzk's rating: 1000 &rarr; <strong>1050<\/strong><br \/>(+50 for winning)\n|l|\u2606Dhdjdkdk\n","uploadtime":1700689565,"views":1,"p1id":"dhdjdkdk","p2id":"kzkzrjzrhzk","formatid":"gen9vgc2023regulatione","rating":1050,"private":0,"password":""}