{"id":"gen9vgc2023regulatione-2000481293","p1":"SLOWBOOOHO","p2":"billyg91","format":"[Gen 9] VGC 2023 Regulation E","log":"|j|\u2606SLOWBOOOHO\n|j|\u2606billyg91\n|t:|1701198420\n|gametype|doubles\n|player|p1|SLOWBOOOHO|colress|1104\n|player|p2|billyg91|1|1099\n|teamsize|p1|6\n|teamsize|p2|6\n|gen|9\n|tier|[Gen 9] VGC 2023 Regulation E\n|rated|\n|rule|Species Clause: Limit one of each Pok\u00e9mon\n|rule|Item Clause: Limit one of each item\n|clearpoke\n|poke|p1|Armarouge, L50, F|\n|poke|p1|Indeedee-F, L50, F|\n|poke|p1|Farigiraf, L50, M|\n|poke|p1|Urshifu-*, L50, F|\n|poke|p1|Chien-Pao, L50|\n|poke|p1|Dragapult, L50, M|\n|poke|p2|Espathra, L50, F|\n|poke|p2|Sableye, L50, F|\n|poke|p2|Iron Valiant, L50|\n|poke|p2|Wyrdeer, L50, F|\n|poke|p2|Milotic, L50, M|\n|poke|p2|Chimecho, L50, M|\n|teampreview|4\nSLOWBOOOHO has agreed to open team sheets.\n|inactive|Battle timer is ON: inactive players will automatically lose when time's up. (requested by SLOWBOOOHO)\n|\n|t:|1701198447\n|start\n|switch|p1a: Armarouge|Armarouge, L50, F|100\/100\n|switch|p1b: Urshifu|Urshifu-Rapid-Strike, L50, F|100\/100\n|switch|p2a: Chimecho|Chimecho, L50, M|100\/100\n|switch|p2b: Sableye|Sableye, L50, F|100\/100\n|turn|1\n|\n|t:|1701198462\n|switch|p2b: Wyrdeer|Wyrdeer, L50, F|100\/100\n|-ability|p2b: Wyrdeer|Intimidate|boost\n|-unboost|p1a: Armarouge|atk|1\n|-unboost|p1b: Urshifu|atk|1\n|move|p1a: Armarouge|Endure|p1a: Armarouge\n|-singleturn|p1a: Armarouge|move: Endure\n|move|p1b: Urshifu|Surging Strikes|p1a: Armarouge\n|-supereffective|p1a: Armarouge\n|-crit|p1a: Armarouge\n|-damage|p1a: Armarouge|60\/100\n|-ability|p1a: Armarouge|Weak Armor|boost\n|-unboost|p1a: Armarouge|def|1\n|-boost|p1a: Armarouge|spe|2\n|-enditem|p1a: Armarouge|Weakness Policy\n|-boost|p1a: Armarouge|atk|2|[from] item: Weakness Policy\n|-boost|p1a: Armarouge|spa|2|[from] item: Weakness Policy\n|-supereffective|p1a: Armarouge\n|-crit|p1a: Armarouge\n|-damage|p1a: Armarouge|4\/100\n|-ability|p1a: Armarouge|Weak Armor|boost\n|-unboost|p1a: Armarouge|def|1\n|-boost|p1a: Armarouge|spe|2\n|-supereffective|p1a: Armarouge\n|-crit|p1a: Armarouge\n|-activate|p1a: Armarouge|move: Endure\n|-damage|p1a: Armarouge|1\/100\n|-ability|p1a: Armarouge|Weak Armor|boost\n|-unboost|p1a: Armarouge|def|1\n|-boost|p1a: Armarouge|spe|2\n|-hitcount|p1a: Armarouge|3\n|move|p2a: Chimecho|Cosmic Power|p2a: Chimecho\n|-boost|p2a: Chimecho|def|1\n|-boost|p2a: Chimecho|spd|1\n|\n|upkeep\n|turn|2\n|inactive|SLOWBOOOHO has 30 seconds left.\n|inactive|billyg91 has 30 seconds left.\n|inactive|SLOWBOOOHO has 20 seconds left.\n|inactive|billyg91 has 20 seconds left.\n|inactive|billyg91 has 15 seconds left.\n|\n|t:|1701198506\n|switch|p1b: Indeedee|Indeedee-F, L50, F|100\/100\n|-fieldstart|move: Psychic Terrain|[from] ability: Psychic Surge|[of] p1b: Indeedee\n|-terastallize|p1a: Armarouge|Psychic\n|-terastallize|p2a: Chimecho|Electric\n|move|p1a: Armarouge|Expanding Force|p2a: Chimecho|[spread] p2a,p2b\n|-resisted|p2b: Wyrdeer\n|-damage|p2a: Chimecho|9\/100\n|-damage|p2b: Wyrdeer|37\/100\n|move|p2a: Chimecho|Dazzling Gleam|p1a: Armarouge|[spread] p1a,p1b\n|-damage|p1a: Armarouge|0 fnt\n|-damage|p1b: Indeedee|88\/100\n|faint|p1a: Armarouge\n|move|p2b: Wyrdeer|Trick Room|p2b: Wyrdeer\n|-fieldstart|move: Trick Room|[of] p2b: Wyrdeer\n|\n|upkeep\n|\n|t:|1701198520\n|switch|p1a: Farigiraf|Farigiraf, L50, M|100\/100\n|-enditem|p1a: Farigiraf|Psychic Seed\n|-boost|p1a: Farigiraf|spd|1|[from] item: Psychic Seed\n|turn|3\n|\n|t:|1701198542\n|move|p1b: Indeedee|Follow Me|p1b: Indeedee\n|-singleturn|p1b: Indeedee|move: Follow Me\n|move|p2b: Wyrdeer|Hypnosis|p1b: Indeedee|[miss]\n|-miss|p2b: Wyrdeer|p1b: Indeedee\n|move|p1a: Farigiraf|Psychic|p2a: Chimecho\n|-damage|p2a: Chimecho|0 fnt\n|faint|p2a: Chimecho\n|\n|upkeep\n|\n|t:|1701198551\n|switch|p2a: Sableye|Sableye, L50, F|100\/100\n|turn|4\n|\n|t:|1701198562\n|move|p1b: Indeedee|Follow Me|p1b: Indeedee\n|-singleturn|p1b: Indeedee|move: Follow Me\n|move|p2a: Sableye|Gravity|p2a: Sableye\n|-fieldstart|move: Gravity\n|move|p2b: Wyrdeer|Hypnosis|p1b: Indeedee\n|-status|p1b: Indeedee|slp|[from] move: Hypnosis\n|move|p1a: Farigiraf|Calm Mind|p1a: Farigiraf\n|-boost|p1a: Farigiraf|spa|1\n|-boost|p1a: Farigiraf|spd|1\n|\n|upkeep\n|turn|5\n|\n|t:|1701198585\n|switch|p2a: Milotic|Milotic, L50, M, shiny|100\/100\n|move|p2b: Wyrdeer|Hypnosis|p1a: Farigiraf\n|-status|p1a: Farigiraf|slp|[from] move: Hypnosis\n|cant|p1a: Farigiraf|slp\n|cant|p1b: Indeedee|slp\n|\n|upkeep\n|turn|6\n|inactive|SLOWBOOOHO has 30 seconds left.\n|\n|t:|1701198614\n|move|p2b: Wyrdeer|Skill Swap|p1a: Farigiraf\n|-activate|p2b: Wyrdeer|move: Skill Swap|Armor Tail|Intimidate|[of] p1a: Farigiraf\n|-ability|p1a: Farigiraf|Intimidate|boost\n|-unboost|p2a: Milotic|atk|1\n|-ability|p2a: Milotic|Competitive|boost\n|-boost|p2a: Milotic|spa|2\n|-unboost|p2b: Wyrdeer|atk|1\n|cant|p1a: Farigiraf|slp\n|-curestatus|p1b: Indeedee|slp|[msg]\n|move|p1b: Indeedee|Psychic|p2a: Milotic\n|-damage|p2a: Milotic|74\/100\n|move|p2a: Milotic|Scald|p1a: Farigiraf\n|-damage|p1a: Farigiraf|73\/100 slp\n|\n|-heal|p2a: Milotic|80\/100|[from] item: Leftovers\n|-fieldend|move: Trick Room\n|-fieldend|move: Psychic Terrain\n|upkeep\n|turn|7\n|inactive|billyg91 has 30 seconds left.\n|\n|t:|1701198640\n|move|p2a: Milotic|Hypnosis|p1b: Indeedee\n|-status|p1b: Indeedee|slp|[from] move: Hypnosis\n|cant|p1b: Indeedee|slp\n|cant|p1a: Farigiraf|slp\n|move|p2b: Wyrdeer|Skill Swap|p1a: Farigiraf\n|-activate|p2b: Wyrdeer|move: Skill Swap|Intimidate|Armor Tail|[of] p1a: Farigiraf\n|-ability|p2b: Wyrdeer|Intimidate|boost\n|-unboost|p1a: Farigiraf|atk|1\n|-unboost|p1b: Indeedee|atk|1\n|\n|-heal|p2a: Milotic|86\/100|[from] item: Leftovers\n|upkeep\n|turn|8\n|\n|t:|1701198660\n|move|p2a: Milotic|Icy Wind|p1a: Farigiraf|[spread] p1a,p1b\n|-damage|p1a: Farigiraf|61\/100 slp\n|-damage|p1b: Indeedee|67\/100 slp\n|-unboost|p1a: Farigiraf|spe|1\n|-unboost|p1b: Indeedee|spe|1\n|move|p2b: Wyrdeer|Skill Swap|p1a: Farigiraf\n|-activate|p2b: Wyrdeer|move: Skill Swap|Armor Tail|Intimidate|[of] p1a: Farigiraf\n|-ability|p1a: Farigiraf|Intimidate|boost\n|-unboost|p2a: Milotic|atk|1\n|-ability|p2a: Milotic|Competitive|boost\n|-boost|p2a: Milotic|spa|2\n|-unboost|p2b: Wyrdeer|atk|1\n|cant|p1b: Indeedee|slp\n|-curestatus|p1a: Farigiraf|slp|[msg]\n|move|p1a: Farigiraf|Psychic|p2b: Wyrdeer\n|-resisted|p2b: Wyrdeer\n|-damage|p2b: Wyrdeer|11\/100\n|\n|-heal|p2a: Milotic|92\/100|[from] item: Leftovers\n|-fieldend|move: Gravity\n|upkeep\n|turn|9\n|\n|t:|1701198684\n|move|p2a: Milotic|Scald|p1a: Farigiraf\n|-damage|p1a: Farigiraf|14\/100\n|-status|p1a: Farigiraf|brn\n|move|p2b: Wyrdeer|Psyshield Bash|p1a: Farigiraf\n|-resisted|p1a: Farigiraf\n|-damage|p1a: Farigiraf|9\/100 brn\n|-boost|p2b: Wyrdeer|def|1\n|-curestatus|p1b: Indeedee|slp|[msg]\n|move|p1b: Indeedee|Psychic|p2b: Wyrdeer\n|-resisted|p2b: Wyrdeer\n|-damage|p2b: Wyrdeer|0 fnt\n|faint|p2b: Wyrdeer\n|move|p1a: Farigiraf|Psychic|p2a: Milotic\n|-damage|p2a: Milotic|57\/100\n|\n|-heal|p2a: Milotic|63\/100|[from] item: Leftovers\n|-damage|p1a: Farigiraf|2\/100 brn|[from] brn\n|upkeep\n|\n|t:|1701198703\n|switch|p2b: Sableye|Sableye, L50, F|100\/100\n|turn|10\n|\n|t:|1701198712\n|move|p2b: Sableye|Gravity|p2b: Sableye\n|-fieldstart|move: Gravity\n|move|p2a: Milotic|Icy Wind|p1a: Farigiraf|[spread] p1a,p1b\n|-damage|p1a: Farigiraf|0 fnt\n|-damage|p1b: Indeedee|39\/100\n|-unboost|p1b: Indeedee|spe|1\n|faint|p1a: Farigiraf\n|move|p1b: Indeedee|Psychic|p2a: Milotic\n|-damage|p2a: Milotic|45\/100\n|\n|-heal|p2a: Milotic|51\/100|[from] item: Leftovers\n|upkeep\n|\n|t:|1701198721\n|switch|p1a: Urshifu|Urshifu-Rapid-Strike, L50, F|100\/100\n|turn|11\n|\n|t:|1701198740\n|move|p1b: Indeedee|Follow Me|p1b: Indeedee\n|-singleturn|p1b: Indeedee|move: Follow Me\n|move|p2b: Sableye|Will-O-Wisp|p1b: Indeedee\n|-status|p1b: Indeedee|brn\n|move|p1a: Urshifu|Poison Jab|p2a: Milotic\n|-damage|p2a: Milotic|26\/100\n|move|p2a: Milotic|Icy Wind|p1b: Indeedee|[spread] p1a,p1b\n|-resisted|p1a: Urshifu\n|-damage|p1a: Urshifu|79\/100\n|-damage|p1b: Indeedee|8\/100 brn\n|-unboost|p1a: Urshifu|spe|1\n|-unboost|p1b: Indeedee|spe|1\n|\n|-heal|p2a: Milotic|32\/100|[from] item: Leftovers\n|-damage|p1b: Indeedee|2\/100 brn|[from] brn\n|upkeep\n|turn|12\n|\n|t:|1701198765\n|move|p1b: Indeedee|Follow Me|p1b: Indeedee\n|-singleturn|p1b: Indeedee|move: Follow Me\n|move|p1a: Urshifu|Poison Jab|p2a: Milotic\n|-damage|p2a: Milotic|6\/100\n|-status|p2a: Milotic|psn\n|move|p2a: Milotic|Icy Wind|p1b: Indeedee|[spread] p1a,p1b\n|-resisted|p1a: Urshifu\n|-damage|p1a: Urshifu|59\/100\n|-damage|p1b: Indeedee|0 fnt\n|-unboost|p1a: Urshifu|spe|1\n|faint|p1b: Indeedee\n|move|p2b: Sableye|Foul Play|p1a: Urshifu\n|-resisted|p1a: Urshifu\n|-damage|p1a: Urshifu|34\/100\n|\n|-heal|p2a: Milotic|12\/100 psn|[from] item: Leftovers\n|-damage|p2a: Milotic|0 fnt|[from] psn\n|faint|p2a: Milotic\n|upkeep\n|turn|13\n|\n|t:|1701198786\n|move|p2b: Sableye|Will-O-Wisp|p1a: Urshifu\n|-status|p1a: Urshifu|brn\n|move|p1a: Urshifu|Poison Jab|p2b: Sableye\n|-resisted|p2b: Sableye\n|-damage|p2b: Sableye|92\/100\n|\n|-damage|p1a: Urshifu|28\/100 brn|[from] brn\n|upkeep\n|turn|14\n|\n|t:|1701198796\n|move|p1a: Urshifu|Poison Jab|p2b: Sableye\n|-resisted|p2b: Sableye\n|-damage|p2b: Sableye|85\/100\n|-status|p2b: Sableye|psn\n|move|p2b: Sableye|Foul Play|p1a: Urshifu\n|-resisted|p1a: Urshifu\n|-damage|p1a: Urshifu|6\/100 brn\n|\n|-damage|p2b: Sableye|72\/100 psn|[from] psn\n|-damage|p1a: Urshifu|0 fnt|[from] brn\n|faint|p1a: Urshifu\n|\n|win|billyg91\n|upkeep\n|raw|SLOWBOOOHO's rating: 1104 &rarr; <strong>1079<\/strong><br \/>(-25 for losing)\n|raw|billyg91's rating: 1099 &rarr; <strong>1125<\/strong><br \/>(+26 for winning)\n","uploadtime":1701198817,"views":4,"p1id":"slowboooho","p2id":"billyg91","formatid":"gen9vgc2023regulatione","rating":1079,"private":0,"password":""}