{"id":"gen9vgc2023regulatione-1995226320","p1":"SnrubYesthatlldo","p2":"bishmii","format":"[Gen 9] VGC 2023 Regulation E","log":"|j|\u2606SnrubYesthatlldo\n|j|\u2606bishmii\n|t:|1700536951\n|gametype|doubles\n|player|p1|SnrubYesthatlldo|170|1736\n|player|p2|bishmii|266|1608\n|teamsize|p1|6\n|teamsize|p2|6\n|gen|9\n|tier|[Gen 9] VGC 2023 Regulation E\n|rated|\n|rule|Species Clause: Limit one of each Pok\u00e9mon\n|rule|Item Clause: Limit one of each item\n|clearpoke\n|poke|p1|Roaring Moon, L50|\n|poke|p1|Chi-Yu, L50|\n|poke|p1|Flutter Mane, L50|\n|poke|p1|Amoonguss, L50, M|\n|poke|p1|Corviknight, L50, F|\n|poke|p1|Urshifu-*, L50, M|\n|poke|p2|Chien-Pao, L50|\n|poke|p2|Tornadus, L50, M|\n|poke|p2|Dragapult, L50, F|\n|poke|p2|Flutter Mane, L50|\n|poke|p2|Ogerpon-Wellspring, L50, F|\n|poke|p2|Rillaboom, L50, M|\n|teampreview|4\n|inactive|Battle timer is ON: inactive players will automatically lose when time's up. (requested by bishmii)\n|inactive|SnrubYesthatlldo has 60 seconds left.\n|j| yarcii\n|\n|t:|1700537004\n|start\n|switch|p1a: Roaring Moon|Roaring Moon, L50|100\/100\n|switch|p1b: Flutter Mane|Flutter Mane, L50|100\/100\n|switch|p2a: Tornadus|Tornadus, L50, M|100\/100\n|switch|p2b: Dragapult|Dragapult, L50, F|100\/100\n|-enditem|p1a: Roaring Moon|Booster Energy\n|-activate|p1a: Roaring Moon|ability: Protosynthesis|[fromitem]\n|-start|p1a: Roaring Moon|protosynthesisspe\n|turn|1\n|inactive|SnrubYesthatlldo has 30 seconds left.\n|\n|t:|1700537031\n|switch|p2b: Rillaboom|Rillaboom, L50, M|100\/100\n|-fieldstart|move: Grassy Terrain|[from] ability: Grassy Surge|[of] p2b: Rillaboom\n|move|p1a: Roaring Moon|Knock Off|p2b: Rillaboom\n|-damage|p2b: Rillaboom|61\/100\n|-enditem|p2b: Rillaboom|Assault Vest|[from] move: Knock Off|[of] p1a: Roaring Moon\n|move|p1b: Flutter Mane|Shadow Ball|p2b: Rillaboom\n|-damage|p2b: Rillaboom|0 fnt\n|faint|p2b: Rillaboom\n|move|p2a: Tornadus|Bleakwind Storm|p1b: Flutter Mane|[spread] p1a,p1b\n|-damage|p1a: Roaring Moon|69\/100\n|-damage|p1b: Flutter Mane|67\/100\n|\n|-heal|p1a: Roaring Moon|75\/100|[from] Grassy Terrain\n|-heal|p1b: Flutter Mane|73\/100|[from] Grassy Terrain\n|upkeep\n|\n|t:|1700537045\n|switch|p2b: Chien-Pao|Chien-Pao, L50|100\/100\n|-ability|p2b: Chien-Pao|Sword of Ruin\n|turn|2\n|inactive|SnrubYesthatlldo has 30 seconds left.\n|inactive|SnrubYesthatlldo has 20 seconds left.\n|\n|t:|1700537085\n|-end|p1b: Flutter Mane|Protosynthesis|[silent]\n|switch|p1b: Corviknight|Corviknight, L50, F|100\/100\n|-terastallize|p1a: Roaring Moon|Ghost\n|move|p2b: Chien-Pao|Sucker Punch||[still]\n|-fail|p2b: Chien-Pao\n|move|p1a: Roaring Moon|Breaking Swipe|p2a: Tornadus|[spread] p2a,p2b\n|-damage|p2a: Tornadus|59\/100\n|-damage|p2b: Chien-Pao|71\/100\n|-unboost|p2b: Chien-Pao|atk|1\n|move|p2a: Tornadus|Bleakwind Storm|p1b: Corviknight|[spread] p1b\n|-miss|p2a: Tornadus|p1a: Roaring Moon\n|-resisted|p1b: Corviknight\n|-damage|p1b: Corviknight|82\/100\n|\n|-heal|p1a: Roaring Moon|82\/100|[from] Grassy Terrain\n|-heal|p2b: Chien-Pao|77\/100|[from] Grassy Terrain\n|upkeep\n|turn|3\n|inactive|bishmii has 30 seconds left.\n|inactive|bishmii has 20 seconds left.\n|\n|t:|1700537120\n|move|p2b: Chien-Pao|Sucker Punch||[still]\n|-fail|p2b: Chien-Pao\n|move|p1a: Roaring Moon|Tailwind|p1a: Roaring Moon\n|-sidestart|p1: SnrubYesthatlldo|move: Tailwind\n|move|p1b: Corviknight|Iron Head|p2b: Chien-Pao\n|-supereffective|p2b: Chien-Pao\n|-damage|p2b: Chien-Pao|0 fnt\n|faint|p2b: Chien-Pao\n|move|p2a: Tornadus|Bleakwind Storm|p1b: Corviknight|[spread] p1a,p1b\n|-resisted|p1b: Corviknight\n|-damage|p1a: Roaring Moon|47\/100\n|-damage|p1b: Corviknight|65\/100\n|\n|-heal|p1a: Roaring Moon|54\/100|[from] Grassy Terrain\n|upkeep\n|\n|t:|1700537123\n|switch|p2b: Dragapult|Dragapult, L50, F|100\/100\n|turn|4\n|\n|t:|1700537139\n|-terastallize|p2b: Dragapult|Ghost\n|move|p2a: Tornadus|Tailwind|p2a: Tornadus\n|-sidestart|p2: bishmii|move: Tailwind\n|move|p1a: Roaring Moon|Knock Off|p2b: Dragapult\n|-supereffective|p2b: Dragapult\n|-damage|p2b: Dragapult|0 fnt\n|-enditem|p2b: Dragapult|Choice Band|[from] move: Knock Off|[of] p1a: Roaring Moon\n|faint|p2b: Dragapult\n|move|p1b: Corviknight|Iron Head|p2a: Tornadus\n|-damage|p2a: Tornadus|10\/100\n|\n|-heal|p1a: Roaring Moon|60\/100|[from] Grassy Terrain\n|upkeep\n|turn|5\n|-message|bishmii forfeited.\n|\n|win|SnrubYesthatlldo\n|raw|SnrubYesthatlldo's rating: 1736 &rarr; <strong>1749<\/strong><br \/>(+13 for winning)\n|raw|bishmii's rating: 1608 &rarr; <strong>1595<\/strong><br \/>(-13 for losing)\n|l|\u2606bishmii\n","uploadtime":1700537174,"views":7,"p1id":"snrubyesthatlldo","p2id":"bishmii","formatid":"gen9vgc2023regulatione","rating":1595,"private":0,"password":""}