{"id":"gen9vgc2023regulatione-1989297711","p1":"DeAndreRicketts","p2":"candid&credible","format":"[Gen 9] VGC 2023 Regulation E","log":"|j|\u2606DeAndreRicketts\n|j|\u2606candid&credible\n|t:|1699833344\n|gametype|doubles\n|player|p1|DeAndreRicketts|101|1059\n|player|p2|candid&credible|1|1013\n|teamsize|p1|6\n|teamsize|p2|6\n|gen|9\n|tier|[Gen 9] VGC 2023 Regulation E\n|rated|\n|rule|Species Clause: Limit one of each Pok\u00e9mon\n|rule|Item Clause: Limit one of each item\n|clearpoke\n|poke|p1|Armarouge, L50, F|\n|poke|p1|Torkoal, L50, F|\n|poke|p1|Indeedee-F, L50, F|\n|poke|p1|Urshifu-*, L50, F|\n|poke|p1|Ursaluna, L50, M|\n|poke|p1|Hatterene, L50, F|\n|poke|p2|Flutter Mane, L50|\n|poke|p2|Urshifu-*, L50, F|\n|poke|p2|Tornadus, L50, M|\n|poke|p2|Rillaboom, L50, M|\n|poke|p2|Arcanine-Hisui, L50, F|\n|poke|p2|Chien-Pao, L50|\n|teampreview|4\n|\n|t:|1699833384\n|start\n|switch|p1a: Indeedee|Indeedee-F, L50, F|100\/100\n|switch|p1b: Armarouge|Armarouge, L50, F|100\/100\n|switch|p2a: Arcanine|Arcanine-Hisui, L50, F|100\/100\n|switch|p2b: Tornadus|Tornadus, L50, M|100\/100\n|-ability|p2a: Arcanine|Intimidate|boost\n|-unboost|p1a: Indeedee|atk|1\n|-unboost|p1b: Armarouge|atk|1\n|-fieldstart|move: Psychic Terrain|[from] ability: Psychic Surge|[of] p1a: Indeedee\n|-enditem|p1a: Indeedee|Psychic Seed\n|-boost|p1a: Indeedee|spd|1|[from] item: Psychic Seed\n|turn|1\n|\n|t:|1699833424\n|move|p1a: Indeedee|Follow Me|p1a: Indeedee\n|-singleturn|p1a: Indeedee|move: Follow Me\n|move|p2b: Tornadus|Taunt|p1a: Indeedee\n|-activate|p1a: Indeedee|move: Psychic Terrain\n|move|p2a: Arcanine|Rock Slide|p1a: Indeedee|[spread] p1a,p1b\n|-supereffective|p1b: Armarouge\n|-damage|p1a: Indeedee|36\/100\n|-damage|p1b: Armarouge|15\/100\n|cant|p1b: Armarouge|flinch\n|\n|upkeep\n|turn|2\n|\n|t:|1699833442\n|move|p2b: Tornadus|Tailwind|p2b: Tornadus\n|-sidestart|p2: candid&credible|move: Tailwind\n|move|p2a: Arcanine|Rock Slide|p1a: Indeedee|[spread] p1a,p1b\n|-supereffective|p1b: Armarouge\n|-damage|p1a: Indeedee|0 fnt\n|-damage|p1b: Armarouge|0 fnt\n|faint|p1a: Indeedee\n|faint|p1b: Armarouge\n|\n|upkeep\n|\n|t:|1699833449\n|switch|p1a: Ursaluna|Ursaluna, L50, M|100\/100\n|switch|p1b: Torkoal|Torkoal, L50, F|100\/100\n|-weather|SunnyDay|[from] ability: Drought|[of] p1b: Torkoal\n|turn|3\n|\n|t:|1699833469\n|-terastallize|p1b: Torkoal|Fire\n|move|p1a: Ursaluna|Protect|p1a: Ursaluna\n|-singleturn|p1a: Ursaluna|Protect\n|move|p2b: Tornadus|Rain Dance|p2b: Tornadus\n|-weather|RainDance\n|move|p2a: Arcanine|Rock Slide|p1b: Torkoal|[spread] p1b\n|-activate|p1a: Ursaluna|move: Protect\n|-supereffective|p1b: Torkoal\n|-damage|p1b: Torkoal|35\/100\n|move|p1b: Torkoal|Eruption|p2b: Tornadus|[spread] p2a,p2b\n|-resisted|p2a: Arcanine\n|-damage|p2a: Arcanine|97\/100\n|-damage|p2b: Tornadus|84\/100\n|\n|-weather|RainDance|[upkeep]\n|-status|p1a: Ursaluna|brn|[from] item: Flame Orb\n|upkeep\n|turn|4\n|\n|t:|1699833492\n|move|p1b: Torkoal|Protect|p1b: Torkoal\n|-singleturn|p1b: Torkoal|Protect\n|move|p2b: Tornadus|Bleakwind Storm|p1a: Ursaluna|[spread] p1a\n|-activate|p1b: Torkoal|move: Protect\n|-damage|p1a: Ursaluna|69\/100 brn\n|move|p2a: Arcanine|Rock Slide|p1b: Torkoal|[spread] p1a\n|-activate|p1b: Torkoal|move: Protect\n|-resisted|p1a: Ursaluna\n|-damage|p1a: Ursaluna|52\/100 brn\n|cant|p1a: Ursaluna|flinch\n|\n|-weather|RainDance|[upkeep]\n|-damage|p1a: Ursaluna|46\/100 brn|[from] brn\n|upkeep\n|turn|5\n|\n|t:|1699833521\n|move|p1b: Torkoal|Protect|p1b: Torkoal\n|-singleturn|p1b: Torkoal|Protect\n|move|p2b: Tornadus|Bleakwind Storm|p1b: Torkoal|[spread] p1a\n|-activate|p1b: Torkoal|move: Protect\n|-damage|p1a: Ursaluna|15\/100 brn\n|-unboost|p1a: Ursaluna|spe|1\n|move|p2a: Arcanine|Rock Slide|p1a: Ursaluna|[spread] p1a\n|-activate|p1b: Torkoal|move: Protect\n|-resisted|p1a: Ursaluna\n|-damage|p1a: Ursaluna|0 fnt\n|faint|p1a: Ursaluna\n|\n|-weather|RainDance|[upkeep]\n|-sideend|p2: candid&credible|move: Tailwind\n|-fieldend|move: Psychic Terrain\n|upkeep\n|turn|6\n|\n|t:|1699833537\n|move|p2b: Tornadus|Bleakwind Storm|p1b: Torkoal\n|-damage|p1b: Torkoal|0 fnt\n|faint|p1b: Torkoal\n|\n|win|candid&credible\n|raw|DeAndreRicketts's rating: 1059 &rarr; <strong>1038<\/strong><br \/>(-21 for losing)\n|raw|candid&amp;credible's rating: 1013 &rarr; <strong>1056<\/strong><br \/>(+43 for winning)\n|l|\u2606candid&credible\n","uploadtime":1699833560,"views":13,"p1id":"deandrericketts","p2id":"candidcredible","formatid":"gen9vgc2023regulatione","rating":1038,"private":0,"password":""}