{"id":"gen9vgc2023regulatione-1991701105","p1":"Chef__Diazz","p2":"ShadowTriad Lazer","format":"[Gen 9] VGC 2023 Regulation E","log":"|j|\u2606Chef__Diazz\n|j|\u2606ShadowTriad Lazer\n|t:|1700104330\n|gametype|doubles\n|player|p1|Chef__Diazz|169|1077\n|player|p2|ShadowTriad Lazer|shadowtriad|1126\n|teamsize|p1|6\n|teamsize|p2|6\n|gen|9\n|tier|[Gen 9] VGC 2023 Regulation E\n|rated|\n|rule|Species Clause: Limit one of each Pok\u00e9mon\n|rule|Item Clause: Limit one of each item\n|clearpoke\n|poke|p1|Typhlosion-Hisui, L50, F|\n|poke|p1|Tornadus, L50, M|\n|poke|p1|Glimmora, L50, F|\n|poke|p1|Chi-Yu, L50|\n|poke|p1|Farigiraf, L50, F|\n|poke|p1|Iron Hands, L50|\n|poke|p2|Sneasler, L50, F|\n|poke|p2|Weavile, L50, M|\n|poke|p2|Sneasel, L50, M|\n|poke|p2|Espeon, L50, F|\n|poke|p2|Chandelure, L50, F|\n|poke|p2|Milotic, L50, F|\n|teampreview|4\n|\n|t:|1700104355\n|start\n|switch|p1a: Tornadus|Tornadus, L50, M|100\/100\n|switch|p1b: Iron Hands|Iron Hands, L50|100\/100\n|switch|p2a: Chandelure|Chandelure, L50, F|100\/100\n|switch|p2b: Weavile|Weavile, L50, M|100\/100\n|-ability|p2b: Weavile|Pressure\n|turn|1\n|\n|t:|1700104379\n|move|p2b: Weavile|Protect|p2b: Weavile\n|-singleturn|p2b: Weavile|Protect\n|move|p1a: Tornadus|Tailwind|p1a: Tornadus\n|-sidestart|p1: Chef__Diazz|move: Tailwind\n|move|p2a: Chandelure|Will-O-Wisp|p1b: Iron Hands\n|-status|p1b: Iron Hands|brn\n|move|p1b: Iron Hands|Drain Punch|p2b: Weavile\n|-activate|p2b: Weavile|move: Protect\n|\n|-damage|p1b: Iron Hands|95\/100 brn|[from] brn\n|upkeep\n|turn|2\n|\n|t:|1700104399\n|switch|p2a: Espeon|Espeon, L50, F|100\/100\n|switch|p2b: Milotic|Milotic, L50, F|100\/100\n|move|p1a: Tornadus|Taunt|p2a: Espeon\n|move|p2a: Espeon|Taunt|p1a: Tornadus|[from]ability: Magic Bounce\n|-start|p1a: Tornadus|move: Taunt\n|move|p1b: Iron Hands|Drain Punch|p2b: Milotic\n|-damage|p2b: Milotic|82\/100\n|-heal|p1b: Iron Hands|100\/100 brn|[from] drain|[of] p2b: Milotic\n|-enditem|p2b: Milotic|Kee Berry|[eat]\n|-boost|p2b: Milotic|def|1|[from] item: Kee Berry\n|\n|-damage|p1b: Iron Hands|95\/100 brn|[from] brn\n|upkeep\n|turn|3\n|\n|t:|1700104427\n|move|p1a: Tornadus|Bleakwind Storm|p2a: Espeon|[spread] p2a,p2b\n|-damage|p2a: Espeon|56\/100\n|-damage|p2b: Milotic|62\/100\n|move|p2a: Espeon|Power Gem|p1a: Tornadus\n|-supereffective|p1a: Tornadus\n|-damage|p1a: Tornadus|48\/100\n|move|p1b: Iron Hands|Wild Charge|p2b: Milotic\n|-supereffective|p2b: Milotic\n|-damage|p2b: Milotic|34\/100\n|-damage|p1b: Iron Hands|89\/100 brn|[from] Recoil\n|move|p2b: Milotic|Chilling Water|p1b: Iron Hands\n|-damage|p1b: Iron Hands|77\/100 brn\n|-unboost|p1b: Iron Hands|atk|1\n|\n|-damage|p1b: Iron Hands|71\/100 brn|[from] brn\n|upkeep\n|turn|4\n|\n|t:|1700104450\n|-terastallize|p1b: Iron Hands|Water\n|move|p1a: Tornadus|Bleakwind Storm|p2b: Milotic|[spread] \n|-miss|p1a: Tornadus|p2a: Espeon\n|-miss|p1a: Tornadus|p2b: Milotic\n|move|p2a: Espeon|Power Gem|p1a: Tornadus\n|-supereffective|p1a: Tornadus\n|-damage|p1a: Tornadus|0 fnt\n|faint|p1a: Tornadus\n|move|p1b: Iron Hands|Wild Charge|p2b: Milotic\n|-supereffective|p2b: Milotic\n|-damage|p2b: Milotic|13\/100\n|-damage|p1b: Iron Hands|67\/100 brn|[from] Recoil\n|move|p2b: Milotic|Recover|p2b: Milotic\n|-heal|p2b: Milotic|63\/100\n|\n|-damage|p1b: Iron Hands|61\/100 brn|[from] brn\n|-sideend|p1: Chef__Diazz|move: Tailwind\n|upkeep\n|\n|t:|1700104468\n|switch|p1a: Chi-Yu|Chi-Yu, L50|100\/100\n|-ability|p1a: Chi-Yu|Beads of Ruin\n|turn|5\n|\n|t:|1700104497\n|-end|p1b: Iron Hands|Quark Drive|[silent]\n|switch|p1b: Typhlosion|Typhlosion-Hisui, L50, F|100\/100\n|-terastallize|p2b: Milotic|Dragon\n|move|p2a: Espeon|Protect|p2a: Espeon\n|-singleturn|p2a: Espeon|Protect\n|move|p1a: Chi-Yu|Protect|p1a: Chi-Yu\n|-singleturn|p1a: Chi-Yu|Protect\n|move|p2b: Milotic|Icy Wind|p1a: Chi-Yu|[spread] p1b\n|-activate|p1a: Chi-Yu|move: Protect\n|-resisted|p1b: Typhlosion\n|-damage|p1b: Typhlosion|92\/100\n|-unboost|p1b: Typhlosion|spe|1\n|\n|upkeep\n|turn|6\n|\n|t:|1700104538\n|switch|p2a: Chandelure|Chandelure, L50, F|100\/100\n|switch|p1b: Iron Hands|Iron Hands, L50, tera:Water|61\/100 brn\n|move|p1a: Chi-Yu|Dark Pulse|p2a: Chandelure\n|-supereffective|p2a: Chandelure\n|-damage|p2a: Chandelure|0 fnt\n|faint|p2a: Chandelure\n|move|p2b: Milotic|Icy Wind|p1b: Iron Hands|[spread] p1a,p1b\n|-resisted|p1a: Chi-Yu\n|-resisted|p1b: Iron Hands\n|-damage|p1a: Chi-Yu|95\/100\n|-damage|p1b: Iron Hands|57\/100 brn\n|-unboost|p1a: Chi-Yu|spe|1\n|-unboost|p1b: Iron Hands|spe|1\n|\n|-damage|p1b: Iron Hands|51\/100 brn|[from] brn\n|upkeep\n|\n|t:|1700104565\n|switch|p2a: Espeon|Espeon, L50, F|56\/100\n|turn|7\n|\n|t:|1700104577\n|move|p2a: Espeon|Protect|p2a: Espeon\n|-singleturn|p2a: Espeon|Protect\n|move|p1a: Chi-Yu|Protect|p1a: Chi-Yu\n|-singleturn|p1a: Chi-Yu|Protect\n|move|p1b: Iron Hands|Fake Out|p2b: Milotic\n|-damage|p2b: Milotic|58\/100\n|cant|p2b: Milotic|flinch\n|\n|-damage|p1b: Iron Hands|45\/100 brn|[from] brn\n|upkeep\n|turn|8\n|\n|t:|1700104595\n|move|p2a: Espeon|Power Gem|p1a: Chi-Yu\n|-supereffective|p1a: Chi-Yu\n|-damage|p1a: Chi-Yu|27\/100\n|move|p2b: Milotic|Chilling Water|p1a: Chi-Yu\n|-supereffective|p1a: Chi-Yu\n|-damage|p1a: Chi-Yu|0 fnt\n|faint|p1a: Chi-Yu\n|move|p1b: Iron Hands|Wild Charge|p2b: Milotic\n|-resisted|p2b: Milotic\n|-damage|p2b: Milotic|52\/100\n|-damage|p1b: Iron Hands|44\/100 brn|[from] Recoil\n|\n|-damage|p1b: Iron Hands|38\/100 brn|[from] brn\n|upkeep\n|\n|t:|1700104606\n|switch|p1a: Typhlosion|Typhlosion-Hisui, L50, F|92\/100\n|turn|9\n|\n|t:|1700104616\n|move|p2a: Espeon|Protect|p2a: Espeon\n|-singleturn|p2a: Espeon|Protect\n|move|p1a: Typhlosion|Infernal Parade|p2b: Milotic\n|-damage|p2b: Milotic|31\/100\n|-status|p2b: Milotic|brn\n|move|p2b: Milotic|Icy Wind|p1a: Typhlosion|[spread] p1a,p1b\n|-resisted|p1a: Typhlosion\n|-resisted|p1b: Iron Hands\n|-damage|p1a: Typhlosion|86\/100\n|-damage|p1b: Iron Hands|35\/100 brn\n|-unboost|p1a: Typhlosion|spe|1\n|-unboost|p1b: Iron Hands|spe|1\n|move|p1b: Iron Hands|Drain Punch|p2b: Milotic\n|-damage|p2b: Milotic|22\/100 brn\n|-heal|p1b: Iron Hands|39\/100 brn|[from] drain|[of] p2b: Milotic\n|\n|-damage|p2b: Milotic|16\/100 brn|[from] brn\n|-damage|p1b: Iron Hands|33\/100 brn|[from] brn\n|upkeep\n|turn|10\n|\n|t:|1700104642\n|move|p2a: Espeon|Power Gem|p1a: Typhlosion\n|-supereffective|p1a: Typhlosion\n|-damage|p1a: Typhlosion|18\/100\n|move|p1a: Typhlosion|Infernal Parade|p2b: Milotic\n|-damage|p2b: Milotic|0 fnt\n|faint|p2b: Milotic\n|move|p1b: Iron Hands|Heavy Slam|p2a: Espeon\n|-damage|p2a: Espeon|12\/100\n|\n|-damage|p1b: Iron Hands|27\/100 brn|[from] brn\n|upkeep\n|\n|t:|1700104653\n|switch|p2b: Weavile|Weavile, L50, M|100\/100\n|-ability|p2b: Weavile|Pressure\n|turn|11\n|\n|t:|1700104661\n|move|p2b: Weavile|Lash Out|p1a: Typhlosion\n|-supereffective|p1a: Typhlosion\n|-damage|p1a: Typhlosion|0 fnt\n|faint|p1a: Typhlosion\n|move|p2a: Espeon|Psychic|p1b: Iron Hands\n|-damage|p1b: Iron Hands|0 fnt\n|faint|p1b: Iron Hands\n|-end|p1b: Iron Hands|Quark Drive|[silent]\n|\n|win|ShadowTriad Lazer\n|raw|Chef__Diazz's rating: 1077 &rarr; <strong>1058<\/strong><br \/>(-19 for losing)\n|raw|ShadowTriad Lazer's rating: 1126 &rarr; <strong>1147<\/strong><br \/>(+21 for winning)\n|c|\u2606ShadowTriad Lazer|gg\n|l|\u2606Chef__Diazz\n","uploadtime":1700104683,"views":30,"p1id":"chefdiazz","p2id":"shadowtriadlazer","formatid":"gen9vgc2023regulatione","rating":1058,"private":0,"password":""}