{"id":"gen9vgc2023regulatione-1993926771","p1":"SpaceCP","p2":"kingofspades13","format":"[Gen 9] VGC 2023 Regulation E","log":"|j|\u2606SpaceCP\n|j|\u2606kingofspades13\n|n|\u2606SpaceCP|spacecp\n|n|\u2606kingofspades13|kingofspades13\n|html|View the match progress at <a href=\"\/game-bestof3-gen9vgc2023regulatione-1993920353\">game-bestof3-gen9vgc2023regulatione-1993920353<\/a>\n|t:|1700376760\n|gametype|doubles\n|player|p1|SpaceCP|youngster-gen4dp|\n|player|p2|kingofspades13|ghetsis-gen5bw|\n|teamsize|p1|6\n|teamsize|p2|6\n|gen|9\n|tier|[Gen 9] VGC 2023 Regulation E\n|rule|Species Clause: Limit one of each Pok\u00e9mon\n|rule|Item Clause: Limit one of each item\n|clearpoke\n|poke|p1|Sandaconda, L50, M|\n|poke|p1|Chi-Yu, L50|\n|poke|p1|Vulpix, L50, F|\n|poke|p1|Clefable, L50, F|\n|poke|p1|Lokix, L50, M|\n|poke|p1|Sunflora, L50, M|\n|poke|p2|Milotic, L50, F|\n|poke|p2|Ampharos, L50, M|\n|poke|p2|Conkeldurr, L50, F|\n|poke|p2|Gogoat, L50, M|\n|poke|p2|Spiritomb, L50, M|\n|poke|p2|Hatterene, L50, F|\n|teampreview|4\n|j| ruwisc\n|c|\u2606SpaceCP|glhf\n|c|\u2606kingofspades13|u2\n|\n|t:|1700376928\n|start\n|switch|p1a: Vulpix|Vulpix, L50, F|100\/100\n|switch|p1b: Sunflora|Sunflora, L50, M|100\/100\n|switch|p2a: Milotic|Milotic, L50, F|100\/100\n|switch|p2b: Conkeldurr|Conkeldurr, L50, F|100\/100\n|-weather|SunnyDay|[from] ability: Drought|[of] p1a: Vulpix\n|turn|1\n|\n|t:|1700376960\n|move|p2a: Milotic|Protect|p2a: Milotic\n|-singleturn|p2a: Milotic|Protect\n|move|p2b: Conkeldurr|Earthquake|p1b: Sunflora|[spread] p1a,p1b\n|-activate|p2a: Milotic|move: Protect\n|-supereffective|p1a: Vulpix\n|-resisted|p1b: Sunflora\n|-damage|p1a: Vulpix|1\/100\n|-damage|p1b: Sunflora|76\/100\n|move|p1b: Sunflora|Solar Beam||[still]\n|-prepare|p1b: Sunflora|Solar Beam\n|-anim|p1b: Sunflora|Solar Beam|p2a: Milotic\n|-activate|p2a: Milotic|move: Protect\n|move|p1a: Vulpix|Roar|p2b: Conkeldurr\n|drag|p2b: Ampharos|Ampharos, L50, M|100\/100\n|\n|-weather|SunnyDay|[upkeep]\n|-damage|p1b: Sunflora|63\/100|[from] ability: Solar Power|[of] p1b: Sunflora\n|upkeep\n|turn|2\n|\n|t:|1700377000\n|switch|p2a: Gogoat|Gogoat, L50, M|100\/100\n|-terastallize|p1b: Sunflora|Fairy\n|move|p2b: Ampharos|Thunderbolt|p1a: Vulpix\n|-damage|p1a: Vulpix|0 fnt\n|faint|p1a: Vulpix\n|move|p1b: Sunflora|Solar Beam||[still]\n|-prepare|p1b: Sunflora|Solar Beam\n|-anim|p1b: Sunflora|Solar Beam|p2a: Gogoat\n|-ability|p2a: Gogoat|Sap Sipper|boost\n|-boost|p2a: Gogoat|atk|1\n|\n|-weather|SunnyDay|[upkeep]\n|-damage|p1b: Sunflora|51\/100|[from] ability: Solar Power|[of] p1b: Sunflora\n|upkeep\n|\n|t:|1700377007\n|switch|p1a: Chi-Yu|Chi-Yu, L50|100\/100\n|-ability|p1a: Chi-Yu|Beads of Ruin\n|turn|3\n|\n|t:|1700377021\n|-terastallize|p2a: Gogoat|Ground\n|move|p2b: Ampharos|Protect|p2b: Ampharos\n|-singleturn|p2b: Ampharos|Protect\n|move|p1a: Chi-Yu|Heat Wave|p2a: Gogoat|[spread] p2a\n|-activate|p2b: Ampharos|move: Protect\n|-damage|p2a: Gogoat|44\/100\n|move|p2a: Gogoat|Earthquake|p1a: Chi-Yu|[spread] p1a,p1b\n|-activate|p2b: Ampharos|move: Protect\n|-supereffective|p1a: Chi-Yu\n|-damage|p1a: Chi-Yu|0 fnt\n|-damage|p1b: Sunflora|0 fnt\n|faint|p1a: Chi-Yu\n|faint|p1b: Sunflora\n|\n|-weather|SunnyDay|[upkeep]\n|upkeep\n|\n|t:|1700377027\n|switch|p1b: Lokix|Lokix, L50, M|100\/100\n|turn|4\n|c|\u2606SpaceCP|gg\n|c|\u2606kingofspades13|gg\n|\n|t:|1700377043\n|move|p1b: Lokix|First Impression|p2a: Gogoat\n|-damage|p2a: Gogoat|0 fnt\n|faint|p2a: Gogoat\n|move|p2b: Ampharos|Focus Blast|p1b: Lokix\n|-damage|p1b: Lokix|30\/100\n|\n|-weather|SunnyDay|[upkeep]\n|upkeep\n|\n|t:|1700377051\n|switch|p2a: Conkeldurr|Conkeldurr, L50, F|100\/100\n|turn|5\n|c|\u2606SpaceCP|Idk if i could've played last game worse\n|\n|t:|1700377059\n|move|p1b: Lokix|Sucker Punch|p2b: Ampharos\n|-damage|p2b: Ampharos|69\/100\n|-status|p1b: Lokix|par|[from] ability: Static|[of] p2b: Ampharos\n|move|p2a: Conkeldurr|Mach Punch|p1b: Lokix\n|-damage|p1b: Lokix|0 fnt\n|faint|p1b: Lokix\n|\n|win|kingofspades13\n|c| ruwisc|literally, the goat\n|c|\u2606kingofspades13|yeah that sap sipper was pretty bruta;\n|c|\u2606kingofspades13|ggs though man\n|c|\u2606kingofspades13|that second game had me biting my nails\n|c|\u2606SpaceCP|ggs yeah im a dumbass\n|c|\u2606SpaceCP|i'll dlo results dw\n|c|\u2606kingofspades13|sweet sounds good\n|l|\u2606kingofspades13\n","uploadtime":1700377171,"views":44,"p1id":"spacecp","p2id":"kingofspades13","formatid":"gen9vgc2023regulatione","rating":0,"private":0,"password":""}