{"id":"gen9vgc2023regulatione-1988496286","p1":"BlindMagneton","p2":"azumarillsky","format":"[Gen 9] VGC 2023 Regulation E","log":"|j|\u2606BlindMagneton\n|j|\u203dazumarillsky\n|t:|1699729172\n|gametype|doubles\n|player|p1|BlindMagneton|wattson|1404\n|player|p2|azumarillsky|170|1405\n|teamsize|p1|6\n|teamsize|p2|6\n|gen|9\n|tier|[Gen 9] VGC 2023 Regulation E\n|rated|\n|rule|Species Clause: Limit one of each Pok\u00e9mon\n|rule|Item Clause: Limit one of each item\n|clearpoke\n|poke|p1|Zoroark-Hisui, L50, M|\n|poke|p1|Grimmsnarl, L50, M|\n|poke|p1|Magnezone, L50|\n|poke|p1|Sinistcha, L50|\n|poke|p1|Farigiraf, L50, F|\n|poke|p1|Pelipper, L50, F|\n|poke|p2|Glimmora, L50, M|\n|poke|p2|Goodra-Hisui, L50, F|\n|poke|p2|Roaring Moon, L50|\n|poke|p2|Chi-Yu, L50|\n|poke|p2|Sinistcha-Masterpiece, L50|\n|poke|p2|Wigglytuff, L50, M|\n|teampreview|4\n|inactive|Battle timer is ON: inactive players will automatically lose when time's up. (requested by azumarillsky)\n|\n|t:|1699729215\n|start\n|switch|p1a: Grimmsnarl|Grimmsnarl, L50, M|100\/100\n|switch|p1b: Magnezone|Magnezone, L50|100\/100\n|switch|p2a: Glimmora|Glimmora, L50, M|100\/100\n|switch|p2b: Chi-Yu|Chi-Yu, L50|100\/100\n|-ability|p2b: Chi-Yu|Beads of Ruin\n|turn|1\n|inactive|BlindMagneton has 30 seconds left.\n|inactive|BlindMagneton has 20 seconds left.\n|\n|t:|1699729252\n|switch|p1b: Pelipper|Pelipper, L50, F|100\/100\n|-weather|RainDance|[from] ability: Drizzle|[of] p1b: Pelipper\n|move|p1a: Grimmsnarl|Fake Out|p2b: Chi-Yu\n|-damage|p2b: Chi-Yu|89\/100\n|cant|p2b: Chi-Yu|flinch\n|move|p2a: Glimmora|Earth Power|p1b: Pelipper\n|-immune|p1b: Pelipper\n|\n|-weather|RainDance|[upkeep]\n|upkeep\n|turn|2\n|inactive|BlindMagneton has 30 seconds left.\n|inactive|BlindMagneton has 20 seconds left.\n|inactive|BlindMagneton has 15 seconds left.\n|inactive|BlindMagneton has 10 seconds left.\n|\n|t:|1699729299\n|move|p1b: Pelipper|Protect|p1b: Pelipper\n|-singleturn|p1b: Pelipper|Protect\n|move|p1a: Grimmsnarl|Sucker Punch|p2b: Chi-Yu\n|-resisted|p2b: Chi-Yu\n|-damage|p2b: Chi-Yu|72\/100\n|move|p2b: Chi-Yu|Snarl|p1a: Grimmsnarl|[spread] p1a\n|-activate|p1b: Pelipper|move: Protect\n|-resisted|p1a: Grimmsnarl\n|-damage|p1a: Grimmsnarl|95\/100\n|move|p2a: Glimmora|Power Gem|p1b: Pelipper\n|-activate|p1b: Pelipper|move: Protect\n|\n|-weather|RainDance|[upkeep]\n|upkeep\n|turn|3\n|inactive|BlindMagneton has 30 seconds left.\n|inactive|azumarillsky has 30 seconds left.\n|inactive|BlindMagneton has 20 seconds left.\n|\n|t:|1699729334\n|switch|p2b: Goodra|Goodra-Hisui, L50, F|100\/100\n|switch|p1a: Magnezone|Magnezone, L50|100\/100\n|move|p1b: Pelipper|Wide Guard|p1b: Pelipper\n|-singleturn|p1b: Pelipper|Wide Guard\n|move|p2a: Glimmora|Power Gem|p1b: Pelipper\n|-supereffective|p1b: Pelipper\n|-enditem|p1b: Pelipper|Focus Sash\n|-damage|p1b: Pelipper|1\/100\n|\n|-weather|RainDance|[upkeep]\n|upkeep\n|turn|4\n|\n|t:|1699729358\n|move|p1a: Magnezone|Protect|p1a: Magnezone\n|-singleturn|p1a: Magnezone|Protect\n|move|p2a: Glimmora|Earth Power|p1a: Magnezone\n|-activate|p1a: Magnezone|move: Protect\n|move|p1b: Pelipper|Weather Ball|p2a: Glimmora\n|-supereffective|p2a: Glimmora\n|-enditem|p2a: Glimmora|Focus Sash\n|-damage|p2a: Glimmora|1\/100\n|move|p2b: Goodra|Acid Armor|p2b: Goodra\n|-boost|p2b: Goodra|def|2\n|\n|-weather|RainDance|[upkeep]\n|upkeep\n|turn|5\n|j| gfhtgfkhkl\n|inactive|BlindMagneton has 30 seconds left.\n|inactive|BlindMagneton has 20 seconds left.\n|inactive|BlindMagneton has 15 seconds left.\n|\n|t:|1699729401\n|switch|p1b: Grimmsnarl|Grimmsnarl, L50, M|95\/100\n|switch|p1a: Pelipper|Pelipper, L50, F|100\/100\n|move|p2a: Glimmora|Power Gem|p1b: Grimmsnarl\n|-damage|p1b: Grimmsnarl|52\/100\n|move|p2b: Goodra|Body Press|p1a: Pelipper\n|-immune|p1a: Pelipper\n|\n|-weather|none\n|upkeep\n|turn|6\n|inactive|BlindMagneton has 30 seconds left.\n|inactive|BlindMagneton has 20 seconds left.\n|\n|t:|1699729440\n|move|p2a: Glimmora|Spiky Shield|p2a: Glimmora\n|-singleturn|p2a: Glimmora|move: Protect\n|move|p2b: Goodra|Protect|p2b: Goodra\n|-singleturn|p2b: Goodra|Protect\n|move|p1b: Grimmsnarl|Fake Out|p2b: Goodra\n|-activate|p2b: Goodra|move: Protect\n|move|p1a: Pelipper|Hyper Voice|p2a: Glimmora|[spread] \n|-activate|p2a: Glimmora|move: Protect\n|-activate|p2b: Goodra|move: Protect\n|\n|upkeep\n|turn|7\n|inactive|BlindMagneton has 30 seconds left.\n|inactive|BlindMagneton has 20 seconds left.\n|\n|t:|1699729477\n|switch|p1b: Pelipper|Pelipper, L50, F|1\/100\n|-weather|RainDance|[from] ability: Drizzle|[of] p1b: Pelipper\n|move|p1a: Pelipper|Hyper Voice|p2b: Goodra|[spread] p2a,p2b\n|-resisted|p2a: Glimmora\n|-resisted|p2b: Goodra\n|-damage|p2a: Glimmora|0 fnt\n|-damage|p2b: Goodra|83\/100\n|faint|p2a: Glimmora\n|move|p2b: Goodra|Heavy Slam|p1a: Pelipper\n|-damage|p1a: Pelipper|31\/100\n|replace|p1a: Zoroark|Zoroark-Hisui, L50, M\n|-end|p1a: Zoroark|Illusion\n|\n|-weather|RainDance|[upkeep]\n|-heal|p2b: Goodra|89\/100|[from] item: Leftovers\n|upkeep\n|\n|t:|1699729494\n|switch|p2a: Chi-Yu|Chi-Yu, L50|72\/100\n|-ability|p2a: Chi-Yu|Beads of Ruin\n|turn|8\n|\n|t:|1699729513\n|switch|p1a: Magnezone|Magnezone, L50|100\/100\n|move|p1b: Pelipper|Wide Guard|p1b: Pelipper\n|-singleturn|p1b: Pelipper|Wide Guard\n|move|p2a: Chi-Yu|Flamethrower|p1b: Pelipper\n|-resisted|p1b: Pelipper\n|-damage|p1b: Pelipper|0 fnt\n|faint|p1b: Pelipper\n|move|p2b: Goodra|Heavy Slam|p1a: Magnezone\n|-resisted|p1a: Magnezone\n|-damage|p1a: Magnezone|98\/100\n|\n|-weather|RainDance|[upkeep]\n|-heal|p2b: Goodra|95\/100|[from] item: Leftovers\n|-heal|p1a: Magnezone|100\/100|[from] item: Leftovers\n|upkeep\n|\n|t:|1699729525\n|switch|p1b: Grimmsnarl|Grimmsnarl, L50, M|31\/100\n|turn|9\n|\n|t:|1699729550\n|-terastallize|p1a: Magnezone|Dragon\n|move|p2a: Chi-Yu|Protect|p2a: Chi-Yu\n|-singleturn|p2a: Chi-Yu|Protect\n|move|p1b: Grimmsnarl|Trick|p2b: Goodra\n|-activate|p1b: Grimmsnarl|move: Trick|[of] p2b: Goodra\n|-item|p2b: Goodra|Choice Specs|[from] move: Trick\n|-item|p1b: Grimmsnarl|Leftovers|[from] move: Trick\n|move|p2b: Goodra|Body Press|p1a: Magnezone\n|-damage|p1a: Magnezone|65\/100\n|move|p1a: Magnezone|Iron Defense|p1a: Magnezone\n|-boost|p1a: Magnezone|def|2\n|\n|-weather|RainDance|[upkeep]\n|-heal|p1b: Grimmsnarl|37\/100|[from] item: Leftovers\n|-heal|p1a: Magnezone|71\/100|[from] item: Leftovers\n|upkeep\n|turn|10\n|inactive|BlindMagneton has 30 seconds left.\n|inactive|azumarillsky has 30 seconds left.\n|\n|t:|1699729585\n|move|p1b: Grimmsnarl|Bitter Malice|p2a: Chi-Yu\n|-resisted|p2a: Chi-Yu\n|-damage|p2a: Chi-Yu|54\/100\n|-unboost|p2a: Chi-Yu|atk|1\n|move|p2a: Chi-Yu|Will-O-Wisp|p1a: Magnezone|[miss]\n|-miss|p2a: Chi-Yu|p1a: Magnezone\n|move|p2b: Goodra|Body Press|p1a: Magnezone\n|-crit|p1a: Magnezone\n|-damage|p1a: Magnezone|14\/100\n|move|p1a: Magnezone|Body Press|p2a: Chi-Yu\n|-supereffective|p2a: Chi-Yu\n|-damage|p2a: Chi-Yu|0 fnt\n|faint|p2a: Chi-Yu\n|\n|-weather|RainDance|[upkeep]\n|-heal|p1b: Grimmsnarl|44\/100|[from] item: Leftovers\n|-heal|p1a: Magnezone|20\/100|[from] item: Leftovers\n|upkeep\n|\n|t:|1699729602\n|switch|p2a: Wigglytuff|Wigglytuff, L50, M|100\/100\n|turn|11\n|l| gfhtgfkhkl\n|\n|t:|1699729625\n|switch|p1b: Grimmsnarl|Grimmsnarl, L50, M|52\/100\n|move|p1a: Magnezone|Protect|p1a: Magnezone\n|-singleturn|p1a: Magnezone|Protect\n|move|p2b: Goodra|Body Press|p1a: Magnezone\n|-activate|p1a: Magnezone|move: Protect\n|move|p2a: Wigglytuff|Dazzling Gleam|p1b: Grimmsnarl|[spread] p1b\n|-activate|p1a: Magnezone|move: Protect\n|-supereffective|p1b: Grimmsnarl\n|-damage|p1b: Grimmsnarl|8\/100\n|\n|-weather|none\n|-heal|p1a: Magnezone|26\/100|[from] item: Leftovers\n|upkeep\n|turn|12\n|j| gfhtgfkhkl\n|inactive|BlindMagneton has 30 seconds left.\n|inactive|azumarillsky has 30 seconds left.\n|inactive|azumarillsky has 20 seconds left.\n|\n|t:|1699729662\n|-terastallize|p2a: Wigglytuff|Fire\n|move|p1b: Grimmsnarl|Fake Out|p2a: Wigglytuff\n|-damage|p2a: Wigglytuff|88\/100\n|move|p2b: Goodra|Body Press|p1a: Magnezone\n|-damage|p1a: Magnezone|7\/100\n|move|p1a: Magnezone|Body Press|p2a: Wigglytuff\n|-damage|p2a: Wigglytuff|35\/100\n|cant|p2a: Wigglytuff|flinch\n|\n|-heal|p1a: Magnezone|13\/100|[from] item: Leftovers\n|upkeep\n|turn|13\n|\n|t:|1699729677\n|move|p1a: Magnezone|Protect|p1a: Magnezone\n|-singleturn|p1a: Magnezone|Protect\n|move|p1b: Grimmsnarl|Sucker Punch|p2a: Wigglytuff\n|-damage|p2a: Wigglytuff|7\/100\n|move|p2b: Goodra|Body Press|p1a: Magnezone\n|-activate|p1a: Magnezone|move: Protect\n|move|p2a: Wigglytuff|Dazzling Gleam|p1b: Grimmsnarl|[spread] p1b\n|-activate|p1a: Magnezone|move: Protect\n|-supereffective|p1b: Grimmsnarl\n|-damage|p1b: Grimmsnarl|0 fnt\n|faint|p1b: Grimmsnarl\n|\n|-heal|p1a: Magnezone|20\/100|[from] item: Leftovers\n|upkeep\n|\n|t:|1699729685\n|switch|p1b: Zoroark|Zoroark-Hisui, L50, M|44\/100\n|turn|14\n|inactive|BlindMagneton has 30 seconds left.\n|\n|t:|1699729698\n|move|p1b: Zoroark|Hyper Voice|p2a: Wigglytuff|[spread] p2a,p2b\n|-resisted|p2b: Goodra\n|-damage|p2a: Wigglytuff|0 fnt\n|-damage|p2b: Goodra|84\/100\n|faint|p2a: Wigglytuff\n|move|p2b: Goodra|Body Press|p1a: Magnezone\n|-damage|p1a: Magnezone|0 fnt\n|faint|p1a: Magnezone\n|\n|-heal|p1b: Zoroark|50\/100|[from] item: Leftovers\n|upkeep\n|turn|15\n|inactive|BlindMagneton has 30 seconds left this turn.\n|inactive|BlindMagneton has 20 seconds left.\n|\n|t:|1699729710\n|move|p1b: Zoroark|Bitter Malice|p2b: Goodra\n|-damage|p2b: Goodra|57\/100\n|-unboost|p2b: Goodra|atk|1\n|move|p2b: Goodra|Body Press|p1b: Zoroark\n|-immune|p1b: Zoroark\n|\n|-heal|p1b: Zoroark|56\/100|[from] item: Leftovers\n|upkeep\n|turn|16\n|inactive|BlindMagneton has 20 seconds left this turn.\n|-message|azumarillsky forfeited.\n|\n|win|BlindMagneton\n|inactive|BlindMagneton has 20 seconds left this turn.\n|raw|BlindMagneton's rating: 1404 &rarr; <strong>1424<\/strong><br \/>(+20 for winning)\n|raw|azumarillsky's rating: 1405 &rarr; <strong>1385<\/strong><br \/>(-20 for losing)\n|l|\u203dazumarillsky\n","uploadtime":1699729721,"views":18,"p1id":"blindmagneton","p2id":"azumarillsky","formatid":"gen9vgc2023regulatione","rating":1385,"private":0,"password":""}