{"id":"gen9vgc2023regulatione-1988080836","p1":"loneleon","p2":"Snowfly96","format":"[Gen 9] VGC 2023 Regulation E","log":"|j|\u2606loneleon\n|j|\u2606Snowfly96\n|n|\u2606loneleon|loneleon\n|n|\u2606Snowfly96|snowfly96\n|html|View the match progress at <a href=\"\/game-bestof3-gen9vgc2023regulatione-1988075760\">game-bestof3-gen9vgc2023regulatione-1988075760<\/a>\n|t:|1699667162\n|gametype|doubles\n|player|p1|loneleon|roxie|\n|player|p2|Snowfly96|skier|\n|teamsize|p1|6\n|teamsize|p2|6\n|gen|9\n|tier|[Gen 9] VGC 2023 Regulation E\n|rule|Species Clause: Limit one of each Pok\u00e9mon\n|rule|Item Clause: Limit one of each item\n|clearpoke\n|poke|p1|Overqwil, L50, F|\n|poke|p1|Politoed, L50, F|\n|poke|p1|Dragapult, L50, M|\n|poke|p1|Sylveon, L50, M|\n|poke|p1|Espathra, L50, M|\n|poke|p1|Baxcalibur, L50, F|\n|poke|p2|Avalugg-Hisui, L50, M|\n|poke|p2|Lycanroc, L50, M|\n|poke|p2|Ninetales-Alola, L50, F|\n|poke|p2|Sinistcha-Masterpiece, L50|\n|poke|p2|Ursaluna-Bloodmoon, L50, M|\n|poke|p2|Tinkaton, L50, F|\n|teampreview|4\n|j| justincaseuforgot\nloneleon has agreed to open team sheets.\n|c|\u2606Snowfly96|Hi\nSnowfly96 has agreed to open team sheets.\n|showteam|p1|Overqwil||AssaultVest|SwiftSwim|BarbBarrage,Crunch,Liquidation,AquaJet|||F|||50|,,,,,Water]Politoed||Leftovers|Drizzle|IcyWind,MuddyWater,Haze,Protect|||F|||50|,,,,,Ice]Dragapult||LifeOrb|Infiltrator|LightScreen,ThunderWave,Hex,Protect|||M|||50|,,,,,Ghost]Sylveon||ThroatSpray|Pixilate|HyperVoice,TeraBlast,Yawn,Protect|||M|||50|,,,,,Fire]Espathra||LumBerry|Opportunist|TrickRoom,LuminaCrash,TeraBlast,Protect|||M|||50|,,,,,Fighting]Baxcalibur||WeaknessPolicy|ThermalExchange|IcicleCrash,TeraBlast,IronHead,Protect|||F|||50|,,,,,Rock\n|showteam|p2|Avalugg-Hisui||AssaultVest|Sturdy|IceSpinner,RockSlide,HeavySlam,BodyPress|||M|||50|,,,,,Steel]Lycanroc||FocusSash|SandRush|Sandstorm,StoneEdge,Accelerock,CloseCombat|||M|||50|,,,,,Rock]Ninetales-Alola||LightClay|SnowWarning|AuroraBeam,Blizzard,FreezeDry,Moonblast|||F|||50|,,,,,Fairy]Sinistcha-Masterpiece||Leftovers|Hospitality|RagePowder,MatchaGotcha,StrengthSap,TrickRoom||||||50|,,,,,Steel]Ursaluna-Bloodmoon||ThroatSpray|MindsEye|Protect,BloodMoon,HyperVoice,VacuumWave|||M|||50|,,,,,Normal]Tinkaton||SitrusBerry|Pickpocket|FakeOut,GigatonHammer,BabyDollEyes,KnockOff|||F|||50|,,,,,Steel\n|\n|t:|1699667296\n|start\n|switch|p1a: Social Distancing|Overqwil, L50, F, shiny|100\/100\n|switch|p1b: Bax Dat Ass Up|Baxcalibur, L50, F, shiny|100\/100\n|switch|p2a: Clues|Lycanroc, L50, M, shiny|100\/100\n|switch|p2b: Ruby|Tinkaton, L50, F|100\/100\n|turn|1\n|\n|t:|1699667331\n|switch|p1a: Hilary Duff|Politoed, L50, F, shiny|100\/100\n|-weather|RainDance|[from] ability: Drizzle|[of] p1a: Hilary Duff\n|move|p2a: Clues|Stone Edge|p1b: Bax Dat Ass Up\n|-supereffective|p1b: Bax Dat Ass Up\n|-damage|p1b: Bax Dat Ass Up|11\/100\n|-enditem|p1b: Bax Dat Ass Up|Weakness Policy\n|-boost|p1b: Bax Dat Ass Up|atk|2|[from] item: Weakness Policy\n|-boost|p1b: Bax Dat Ass Up|spa|2|[from] item: Weakness Policy\n|move|p1b: Bax Dat Ass Up|Iron Head|p2a: Clues\n|-supereffective|p2a: Clues\n|-enditem|p2a: Clues|Focus Sash\n|-damage|p2a: Clues|1\/100\n|move|p2b: Ruby|Gigaton Hammer|p1b: Bax Dat Ass Up\n|-supereffective|p1b: Bax Dat Ass Up\n|-damage|p1b: Bax Dat Ass Up|0 fnt\n|faint|p1b: Bax Dat Ass Up\n|\n|-weather|RainDance|[upkeep]\n|upkeep\n|\n|t:|1699667344\n|switch|p1b: Social Distancing|Overqwil, L50, F, shiny|100\/100\n|turn|2\n|\n|t:|1699667369\n|move|p2a: Clues|Accelerock|p1b: Social Distancing\n|-damage|p1b: Social Distancing|77\/100\n|move|p2b: Ruby|Baby-Doll Eyes|p1b: Social Distancing\n|-unboost|p1b: Social Distancing|atk|1\n|move|p1b: Social Distancing|Liquidation|p2a: Clues\n|-supereffective|p2a: Clues\n|-damage|p2a: Clues|0 fnt\n|faint|p2a: Clues\n|move|p1a: Hilary Duff|Muddy Water|p2b: Ruby\n|-damage|p2b: Ruby|53\/100\n|\n|-weather|RainDance|[upkeep]\n|upkeep\n|\n|t:|1699667379\n|switch|p2a: Green Tea|Sinistcha-Masterpiece, L50|100\/100\n|-heal|p2b: Ruby|78\/100|[from] ability: Hospitality|[of] p2a: Green Tea\n|turn|3\n|\n|t:|1699667403\n|switch|p1b: 2pc Combo|Espathra, L50, M, shiny|100\/100\n|move|p1a: Hilary Duff|Muddy Water|p2a: Green Tea|[spread] p2a,p2b\n|-resisted|p2a: Green Tea\n|-crit|p2a: Green Tea\n|-damage|p2a: Green Tea|66\/100\n|-damage|p2b: Ruby|41\/100\n|-enditem|p2b: Ruby|Sitrus Berry|[eat]\n|-heal|p2b: Ruby|66\/100|[from] item: Sitrus Berry\n|move|p2b: Ruby|Knock Off|p1b: 2pc Combo\n|-supereffective|p1b: 2pc Combo\n|-damage|p1b: 2pc Combo|30\/100\n|-enditem|p1b: 2pc Combo|Lum Berry|[from] move: Knock Off|[of] p2b: Ruby\n|move|p2a: Green Tea|Trick Room|p2a: Green Tea\n|-fieldstart|move: Trick Room|[of] p2a: Green Tea\n|\n|-weather|RainDance|[upkeep]\n|-heal|p2a: Green Tea|73\/100|[from] item: Leftovers\n|upkeep\n|turn|4\n|\n|t:|1699667441\n|-terastallize|p1b: 2pc Combo|Fighting\n|move|p2b: Ruby|Knock Off|p1a: Hilary Duff\n|-damage|p1a: Hilary Duff|74\/100\n|-enditem|p1a: Hilary Duff|Leftovers|[from] move: Knock Off|[of] p2b: Ruby\n|move|p2a: Green Tea|Matcha Gotcha|p1b: 2pc Combo|[spread] p1a,p1b\n|-supereffective|p1a: Hilary Duff\n|-damage|p1a: Hilary Duff|32\/100\n|-heal|p2a: Green Tea|95\/100|[from] drain|[of] p1a: Hilary Duff\n|-damage|p1b: 2pc Combo|0 fnt\n|-heal|p2a: Green Tea|100\/100|[from] drain|[of] p1b: 2pc Combo\n|faint|p1b: 2pc Combo\n|move|p1a: Hilary Duff|Muddy Water|p2a: Green Tea|[spread] p2a\n|-miss|p1a: Hilary Duff|p2b: Ruby\n|-resisted|p2a: Green Tea\n|-damage|p2a: Green Tea|78\/100\n|-unboost|p2a: Green Tea|accuracy|1\n|\n|-weather|RainDance|[upkeep]\n|-heal|p2a: Green Tea|85\/100|[from] item: Leftovers\n|upkeep\n|\n|t:|1699667450\n|switch|p1b: Social Distancing|Overqwil, L50, F, shiny|77\/100\n|turn|5\n|\n|t:|1699667468\n|move|p2b: Ruby|Baby-Doll Eyes|p1b: Social Distancing\n|-unboost|p1b: Social Distancing|atk|1\n|move|p2a: Green Tea|Matcha Gotcha|p1a: Hilary Duff|[spread] p1b\n|-miss|p2a: Green Tea|p1a: Hilary Duff\n|-resisted|p1b: Social Distancing\n|-damage|p1b: Social Distancing|68\/100\n|-heal|p2a: Green Tea|89\/100|[from] drain|[of] p1b: Social Distancing\n|move|p1a: Hilary Duff|Muddy Water|p2a: Green Tea|[spread] p2a,p2b\n|-resisted|p2a: Green Tea\n|-damage|p2a: Green Tea|68\/100\n|-damage|p2b: Ruby|26\/100\n|move|p1b: Social Distancing|Liquidation|p2b: Ruby\n|-damage|p2b: Ruby|0 fnt\n|faint|p2b: Ruby\n|\n|-weather|none\n|-heal|p2a: Green Tea|74\/100|[from] item: Leftovers\n|upkeep\n|\n|t:|1699667473\n|switch|p2b: Sawyer|Avalugg-Hisui, L50, M|100\/100\n|turn|6\n|\n|t:|1699667486\n|-terastallize|p2b: Sawyer|Steel\n|move|p2b: Sawyer|Body Press|p1b: Social Distancing\n|-damage|p1b: Social Distancing|32\/100\n|move|p2a: Green Tea|Matcha Gotcha|p1a: Hilary Duff|[spread] p1a\n|-miss|p2a: Green Tea|p1b: Social Distancing\n|-supereffective|p1a: Hilary Duff\n|-damage|p1a: Hilary Duff|0 fnt\n|-heal|p2a: Green Tea|91\/100|[from] drain|[of] p1a: Hilary Duff\n|faint|p1a: Hilary Duff\n|move|p1b: Social Distancing|Liquidation|p2b: Sawyer\n|-damage|p2b: Sawyer|90\/100\n|\n|-heal|p2a: Green Tea|98\/100|[from] item: Leftovers\n|upkeep\n|turn|7\n|\n|t:|1699667501\n|move|p2b: Sawyer|Body Press|p1b: Social Distancing\n|-damage|p1b: Social Distancing|0 fnt\n|faint|p1b: Social Distancing\n|\n|win|Snowfly96\n|l|\u2606loneleon\n","uploadtime":1699667543,"views":28,"p1id":"loneleon","p2id":"snowfly96","formatid":"gen9vgc2023regulatione","rating":0,"private":0,"password":""}