{"id":"gen9vgc2023regulatione-1994784546","p1":"ty2k.mp3","p2":"Madruguinha27","format":"[Gen 9] VGC 2023 Regulation E","log":"|j|\u2606ty2k.mp3\n|j|\u2606Madruguinha27\n|t:|1700492469\n|gametype|doubles\n|player|p1|ty2k.mp3|clerk-boss|1127\n|player|p2|Madruguinha27|bugcatcher-gen4dp|1129\n|teamsize|p1|6\n|teamsize|p2|6\n|gen|9\n|tier|[Gen 9] VGC 2023 Regulation E\n|rated|\n|rule|Species Clause: Limit one of each Pok\u00e9mon\n|rule|Item Clause: Limit one of each item\n|clearpoke\n|poke|p1|Dragonite, L50, M|\n|poke|p1|Iron Hands, L50|\n|poke|p1|Amoonguss, L50, M|\n|poke|p1|Rillaboom, L50, F|\n|poke|p1|Lucario, L50, M|\n|poke|p1|Maushold, L50|\n|poke|p2|Tyranitar, L50, M|\n|poke|p2|Annihilape, L50, M|\n|poke|p2|Amoonguss, L50, M|\n|poke|p2|Talonflame, L50, M|\n|poke|p2|Maushold-Four, L50|\n|poke|p2|Flutter Mane, L50|\n|teampreview|4\n|inactive|Battle timer is ON: inactive players will automatically lose when time's up. (requested by ty2k.mp3)\n|\n|t:|1700492518\n|start\n|switch|p1a: Knight|Dragonite, L50, M|100\/100\n|switch|p1b: Iron Hands|Iron Hands, L50|100\/100\n|switch|p2a: Talonflame|Talonflame, L50, M|100\/100\n|switch|p2b: Annihilape|Annihilape, L50, M|100\/100\n|turn|1\n|c|\u2606ty2k.mp3|hi\n|c|\u2606Madruguinha27|hello\n|c|\u2606Madruguinha27|god match!\n|c|\u2606ty2k.mp3|im excited\n|c|\u2606ty2k.mp3|my team hasn't been doing too well tbh lol\n|inactive|ty2k.mp3 has 30 seconds left.\n|c|\u2606ty2k.mp3|nice to talk to someone tho\n|inactive|ty2k.mp3 has 20 seconds left.\n|c|\u2606ty2k.mp3|hope ur having a nice day\n|inactive|ty2k.mp3 has 15 seconds left.\n|inactive|ty2k.mp3 has 10 seconds left.\n|\n|t:|1700492565\n|switch|p2a: Flutter Mane|Flutter Mane, L50|100\/100\n|-enditem|p2a: Flutter Mane|Booster Energy\n|-activate|p2a: Flutter Mane|ability: Protosynthesis|[fromitem]\n|-start|p2a: Flutter Mane|protosynthesisspe\n|switch|p2b: Amoonguss|Amoonguss, L50, M|100\/100\n|move|p1a: Knight|Dragon Dance|p1a: Knight\n|-boost|p1a: Knight|atk|1\n|-boost|p1a: Knight|spe|1\n|move|p1b: Iron Hands|Wild Charge|p2a: Flutter Mane\n|-crit|p2a: Flutter Mane\n|-damage|p2a: Flutter Mane|0 fnt\n|faint|p2a: Flutter Mane\n|-end|p2a: Flutter Mane|Protosynthesis|[silent]\n|-damage|p1b: Iron Hands|88\/100|[from] Recoil\n|\n|upkeep\n|c|\u2606Madruguinha27|you too\n|inactive|Madruguinha27 has 30 seconds left.\n|c|\u2606Madruguinha27|Don't worry, dosen't doing well and learn it's part of build a team\n|\n|t:|1700492594\n|switch|p2a: Annihilape|Annihilape, L50, M|100\/100\n|turn|2\n|\n|t:|1700492619\n|move|p2a: Annihilape|Protect|p2a: Annihilape\n|-singleturn|p2a: Annihilape|Protect\n|move|p1a: Knight|Ice Spinner|p2b: Amoonguss\n|-supereffective|p2b: Amoonguss\n|-crit|p2b: Amoonguss\n|-damage|p2b: Amoonguss|0 fnt\n|faint|p2b: Amoonguss\n|move|p1b: Iron Hands|Heavy Slam|p2a: Annihilape\n|-activate|p2a: Annihilape|move: Protect\n|\n|upkeep\n|\n|t:|1700492628\n|switch|p2b: Talonflame|Talonflame, L50, M|100\/100\n|turn|3\n|c|\u2606ty2k.mp3|im trying to build this team around lucario but honestly lucario not very good\n|c|\u2606ty2k.mp3|too delicate\n|inactive|ty2k.mp3 has 30 seconds left.\n|c|\u2606ty2k.mp3|team is only good when I don't bring lucario\n|inactive|ty2k.mp3 has 20 seconds left.\n|\n|t:|1700492666\n|-terastallize|p2a: Annihilape|Steel\n|move|p1a: Knight|Extreme Speed|p2b: Talonflame\n|-damage|p2b: Talonflame|19\/100\n|move|p2b: Talonflame|Tailwind|p2b: Talonflame\n|-sidestart|p2: Madruguinha27|move: Tailwind\n|move|p2a: Annihilape|Bulk Up|p2a: Annihilape\n|-boost|p2a: Annihilape|atk|1\n|-boost|p2a: Annihilape|def|1\n|move|p1b: Iron Hands|Wild Charge|p2a: Annihilape\n|-damage|p2a: Annihilape|63\/100\n|-damage|p1b: Iron Hands|80\/100|[from] Recoil\n|\n|-heal|p2a: Annihilape|69\/100|[from] item: Leftovers\n|upkeep\n|turn|4\n|inactive|Madruguinha27 has 30 seconds left.\n|\n|t:|1700492701\n|-terastallize|p1a: Knight|Normal\n|move|p1a: Knight|Extreme Speed|p2a: Annihilape\n|-resisted|p2a: Annihilape\n|-damage|p2a: Annihilape|41\/100\n|move|p2b: Talonflame|Will-O-Wisp|p1b: Iron Hands\n|-status|p1b: Iron Hands|brn\n|move|p2a: Annihilape|Drain Punch|p1b: Iron Hands\n|-damage|p1b: Iron Hands|40\/100 brn\n|-heal|p2a: Annihilape|65\/100|[from] drain|[of] p1b: Iron Hands\n|move|p1b: Iron Hands|Drain Punch|p2a: Annihilape\n|-supereffective|p2a: Annihilape\n|-damage|p2a: Annihilape|34\/100\n|-heal|p1b: Iron Hands|53\/100 brn|[from] drain|[of] p2a: Annihilape\n|\n|-heal|p2a: Annihilape|40\/100|[from] item: Leftovers\n|-damage|p1b: Iron Hands|47\/100 brn|[from] brn\n|upkeep\n|turn|5\n|c|\u2606ty2k.mp3|oof I made a mistake there shit\n|inactive|ty2k.mp3 has 30 seconds left.\n|inactive|Madruguinha27 has 30 seconds left.\n|inactive|Madruguinha27 has 20 seconds left.\n|\n|t:|1700492741\n|-end|p1b: Iron Hands|Quark Drive|[silent]\n|switch|p1b: Napoleon|Amoonguss, L50, M|100\/100\n|move|p1a: Knight|Extreme Speed|p2b: Talonflame\n|-damage|p2b: Talonflame|0 fnt\n|faint|p2b: Talonflame\n|move|p2a: Annihilape|Drain Punch|p1a: Knight\n|-supereffective|p1a: Knight\n|-damage|p1a: Knight|43\/100\n|-heal|p2a: Annihilape|63\/100|[from] drain|[of] p1a: Knight\n|\n|-heal|p2a: Annihilape|69\/100|[from] item: Leftovers\n|upkeep\n|turn|6\n|\n|t:|1700492757\n|move|p1a: Knight|Protect|p1a: Knight\n|-singleturn|p1a: Knight|Protect\n|move|p2a: Annihilape|Rage Fist|p1b: Napoleon\n|-damage|p1b: Napoleon|0 fnt\n|faint|p1b: Napoleon\n|\n|-heal|p2a: Annihilape|75\/100|[from] item: Leftovers\n|-sideend|p2: Madruguinha27|move: Tailwind\n|upkeep\n|c|\u2606ty2k.mp3|DAMN\n|c|\u2606ty2k.mp3|unexpected\n|\n|t:|1700492769\n|switch|p1b: Rillaboom|Rillaboom, L50, F|100\/100\n|-fieldstart|move: Grassy Terrain|[from] ability: Grassy Surge|[of] p1b: Rillaboom\n|-enditem|p1b: Rillaboom|Grassy Seed\n|-boost|p1b: Rillaboom|def|1|[from] item: Grassy Seed\n|turn|7\n|\n|t:|1700492783\n|move|p1b: Rillaboom|Fake Out|p2a: Annihilape\n|-resisted|p2a: Annihilape\n|-damage|p2a: Annihilape|71\/100\n|move|p1a: Knight|Dragon Dance|p1a: Knight\n|-boost|p1a: Knight|atk|1\n|-boost|p1a: Knight|spe|1\n|cant|p2a: Annihilape|flinch\n|\n|-heal|p1a: Knight|49\/100|[from] Grassy Terrain\n|-heal|p2a: Annihilape|77\/100|[from] Grassy Terrain\n|-heal|p2a: Annihilape|83\/100|[from] item: Leftovers\n|upkeep\n|turn|8\n|c|\u2606Madruguinha27|I coundn't take spore\n|c|\u2606ty2k.mp3|watch this one mon sweep my team\n|inactive|ty2k.mp3 has 30 seconds left.\n|\n|t:|1700492813\n|move|p1a: Knight|Extreme Speed|p2a: Annihilape\n|-resisted|p2a: Annihilape\n|-damage|p2a: Annihilape|46\/100\n|move|p2a: Annihilape|Drain Punch|p1a: Knight\n|-supereffective|p1a: Knight\n|-damage|p1a: Knight|0 fnt\n|-heal|p2a: Annihilape|66\/100|[from] drain|[of] p1a: Knight\n|faint|p1a: Knight\n|move|p1b: Rillaboom|Drum Beating|p2a: Annihilape\n|-resisted|p2a: Annihilape\n|-damage|p2a: Annihilape|51\/100\n|-unboost|p2a: Annihilape|spe|1\n|-ability|p2a: Annihilape|Defiant|boost\n|-boost|p2a: Annihilape|atk|2\n|\n|-heal|p2a: Annihilape|57\/100|[from] Grassy Terrain\n|-heal|p2a: Annihilape|63\/100|[from] item: Leftovers\n|upkeep\n|c|\u2606ty2k.mp3|fuckckckckckckckck\n|\n|t:|1700492828\n|switch|p1a: Iron Hands|Iron Hands, L50|47\/100 brn\n|turn|9\n|\n|t:|1700492833\n|move|p1a: Iron Hands|Fake Out|p2a: Annihilape\n|-resisted|p2a: Annihilape\n|-damage|p2a: Annihilape|61\/100\n|move|p1b: Rillaboom|Acrobatics|p2a: Annihilape\n|-resisted|p2a: Annihilape\n|-damage|p2a: Annihilape|49\/100\n|cant|p2a: Annihilape|flinch\n|\n|-heal|p2a: Annihilape|55\/100|[from] Grassy Terrain\n|-heal|p2a: Annihilape|61\/100|[from] item: Leftovers\n|-heal|p1a: Iron Hands|53\/100 brn|[from] Grassy Terrain\n|-damage|p1a: Iron Hands|47\/100 brn|[from] brn\n|upkeep\n|turn|10\n|c|\u2606ty2k.mp3|wow\n|\n|t:|1700492847\n|move|p1b: Rillaboom|Drum Beating|p2a: Annihilape\n|-resisted|p2a: Annihilape\n|-damage|p2a: Annihilape|46\/100\n|-unboost|p2a: Annihilape|spe|1\n|-ability|p2a: Annihilape|Defiant|boost\n|-boost|p2a: Annihilape|atk|2\n|move|p1a: Iron Hands|Drain Punch|p2a: Annihilape\n|-supereffective|p2a: Annihilape\n|-damage|p2a: Annihilape|15\/100\n|-heal|p1a: Iron Hands|60\/100 brn|[from] drain|[of] p2a: Annihilape\n|move|p2a: Annihilape|Rage Fist|p1a: Iron Hands\n|-damage|p1a: Iron Hands|0 fnt\n|faint|p1a: Iron Hands\n|-end|p1a: Iron Hands|Quark Drive|[silent]\n|\n|-heal|p2a: Annihilape|21\/100|[from] Grassy Terrain\n|-heal|p2a: Annihilape|27\/100|[from] item: Leftovers\n|upkeep\n|turn|11\n|c|\u2606ty2k.mp3|thought I had it\n|c|\u2606ty2k.mp3|gg\n|c|\u2606Madruguinha27|defiant bro\n|inactive|ty2k.mp3 has 30 seconds left.\n|c|\u2606ty2k.mp3|my only chance is a crit at this point\n|inactive|ty2k.mp3 has 20 seconds left.\n|\n|t:|1700492883\n|move|p1b: Rillaboom|Drum Beating|p2a: Annihilape\n|-resisted|p2a: Annihilape\n|-damage|p2a: Annihilape|11\/100\n|-unboost|p2a: Annihilape|spe|1\n|-ability|p2a: Annihilape|Defiant|boost\n|-boost|p2a: Annihilape|atk|1\n|move|p2a: Annihilape|Rage Fist|p1b: Rillaboom\n|-damage|p1b: Rillaboom|0 fnt\n|faint|p1b: Rillaboom\n|\n|win|Madruguinha27\n|raw|ty2k.mp3's rating: 1127 &rarr; <strong>1102<\/strong><br \/>(-25 for losing)\n|raw|Madruguinha27's rating: 1129 &rarr; <strong>1154<\/strong><br \/>(+25 for winning)\n","uploadtime":1700492827,"views":1,"p1id":"ty2kmp3","p2id":"madruguinha27","formatid":"gen9vgc2023regulatione","rating":1102,"private":0,"password":""}