{"id":"gen9vgc2023regulatione-1993719579","p1":"theantienderman","p2":"breezedrw","format":"[Gen 9] VGC 2023 Regulation E","log":"|j|\u2606theantienderman\n|j|\u2606breezedrw\n|t:|1700349228\n|gametype|doubles\n|player|p1|theantienderman|supernerd|1105\n|player|p2|breezedrw|flannery|1016\n|teamsize|p1|6\n|teamsize|p2|6\n|gen|9\n|tier|[Gen 9] VGC 2023 Regulation E\n|rated|\n|rule|Species Clause: Limit one of each Pok\u00e9mon\n|rule|Item Clause: Limit one of each item\n|clearpoke\n|poke|p1|Ninetales-Alola, L50, F|\n|poke|p1|Grimmsnarl, L50, M|\n|poke|p1|Chien-Pao, L50|\n|poke|p1|Heatran, L50, F|\n|poke|p1|Rillaboom, L50, F|\n|poke|p1|Annihilape, L50, F|\n|poke|p2|Espathra, L50, F|\n|poke|p2|Toxapex, L50, F|\n|poke|p2|Delphox, L50, F|\n|poke|p2|Sableye, L50, F|\n|poke|p2|Regieleki, L50|\n|poke|p2|Arbok, L50, F|\n|teampreview|4\n|c|\u2606theantienderman|glhf\n|c|\u2606breezedrw|you too\n|\n|t:|1700349275\n|start\n|switch|p1a: Ninetales|Ninetales-Alola, L50, F|100\/100\n|switch|p1b: Rillaboom|Rillaboom, L50, F|100\/100\n|switch|p2a: Mynor|Sableye, L50, F|100\/100\n|switch|p2b: Maude|Espathra, L50, F, shiny|100\/100\n|-weather|Snow|[from] ability: Snow Warning|[of] p1a: Ninetales\n|-fieldstart|move: Grassy Terrain|[from] ability: Grassy Surge|[of] p1b: Rillaboom\n|turn|1\n|\n|t:|1700349302\n|move|p2b: Maude|Protect|p2b: Maude\n|-singleturn|p2b: Maude|Protect\n|move|p2a: Mynor|Gravity|p2a: Mynor\n|-fieldstart|move: Gravity\n|move|p1a: Ninetales|Aurora Veil|p1a: Ninetales\n|-sidestart|p1: theantienderman|move: Aurora Veil\n|move|p1b: Rillaboom|Wood Hammer|p2a: Mynor\n|-damage|p2a: Mynor|0 fnt\n|faint|p2a: Mynor\n|-damage|p1b: Rillaboom|79\/100|[from] Recoil\n|\n|-weather|Snow|[upkeep]\n|-heal|p1b: Rillaboom|85\/100|[from] Grassy Terrain\n|-ability|p2b: Maude|Speed Boost|boost\n|-boost|p2b: Maude|spe|1\n|upkeep\n|\n|t:|1700349317\n|switch|p2a: Cobra Commander|Arbok, L50, F, shiny|100\/100\n|-ability|p2a: Cobra Commander|Intimidate|boost\n|-unboost|p1a: Ninetales|atk|1\n|-unboost|p1b: Rillaboom|atk|1\n|turn|2\n|\n|t:|1700349336\n|move|p1b: Rillaboom|Grassy Glide|p2b: Maude\n|-damage|p2b: Maude|72\/100\n|move|p2b: Maude|Hypnosis|p1b: Rillaboom\n|-status|p1b: Rillaboom|slp|[from] move: Hypnosis\n|move|p1a: Ninetales|Blizzard|p2b: Maude|[spread] p2a,p2b\n|-damage|p2a: Cobra Commander|60\/100\n|-damage|p2b: Maude|35\/100\n|move|p2a: Cobra Commander|Coil|p2a: Cobra Commander\n|-boost|p2a: Cobra Commander|atk|1\n|-boost|p2a: Cobra Commander|def|1\n|-boost|p2a: Cobra Commander|accuracy|1\n|\n|-weather|Snow|[upkeep]\n|-heal|p2b: Maude|41\/100|[from] Grassy Terrain\n|-heal|p2a: Cobra Commander|66\/100|[from] Grassy Terrain\n|-heal|p1b: Rillaboom|91\/100 slp|[from] Grassy Terrain\n|-ability|p2b: Maude|Speed Boost|boost\n|-boost|p2b: Maude|spe|1\n|upkeep\n|turn|3\n|\n|t:|1700349377\n|switch|p1b: Annihilape|Annihilape, L50, F|100\/100\n|move|p1a: Ninetales|Protect|p1a: Ninetales\n|-singleturn|p1a: Ninetales|Protect\n|move|p2b: Maude|Hypnosis|p1a: Ninetales\n|-activate|p1a: Ninetales|move: Protect\n|move|p2a: Cobra Commander|Gunk Shot|p1b: Annihilape\n|-resisted|p1b: Annihilape\n|-damage|p1b: Annihilape|78\/100\n|\n|-weather|Snow|[upkeep]\n|-heal|p2b: Maude|47\/100|[from] Grassy Terrain\n|-heal|p2a: Cobra Commander|72\/100|[from] Grassy Terrain\n|-heal|p1b: Annihilape|84\/100|[from] Grassy Terrain\n|-ability|p2b: Maude|Speed Boost|boost\n|-boost|p2b: Maude|spe|1\n|upkeep\n|turn|4\n|\n|t:|1700349408\n|-terastallize|p1b: Annihilape|Ghost\n|move|p2b: Maude|Hypnosis|p1b: Annihilape\n|-status|p1b: Annihilape|slp|[from] move: Hypnosis\n|move|p1a: Ninetales|Blizzard|p2b: Maude|[spread] p2a,p2b\n|-damage|p2a: Cobra Commander|27\/100\n|-damage|p2b: Maude|7\/100\n|move|p2a: Cobra Commander|Gunk Shot|p1a: Ninetales\n|-supereffective|p1a: Ninetales\n|-damage|p1a: Ninetales|34\/100\n|cant|p1b: Annihilape|slp\n|\n|-weather|Snow|[upkeep]\n|-heal|p2b: Maude|13\/100|[from] Grassy Terrain\n|-heal|p1a: Ninetales|40\/100|[from] Grassy Terrain\n|-heal|p2a: Cobra Commander|33\/100|[from] Grassy Terrain\n|-heal|p1b: Annihilape|90\/100 slp|[from] Grassy Terrain\n|-ability|p2b: Maude|Speed Boost|boost\n|-boost|p2b: Maude|spe|1\n|upkeep\n|turn|5\n|\n|t:|1700349433\n|switch|p1a: Heatran|Heatran, L50, F|100\/100\n|move|p2b: Maude|Hypnosis|p1a: Heatran\n|-status|p1a: Heatran|slp|[from] move: Hypnosis\n|move|p2a: Cobra Commander|Scale Shot|p1b: Annihilape\n|-damage|p1b: Annihilape|83\/100 slp\n|-damage|p1b: Annihilape|77\/100 slp\n|-hitcount|p1b: Annihilape|2\n|-unboost|p2a: Cobra Commander|def|1\n|-boost|p2a: Cobra Commander|spe|1\n|cant|p1b: Annihilape|slp\n|\n|-weather|Snow|[upkeep]\n|-heal|p2b: Maude|19\/100|[from] Grassy Terrain\n|-heal|p2a: Cobra Commander|39\/100|[from] Grassy Terrain\n|-heal|p1b: Annihilape|83\/100 slp|[from] Grassy Terrain\n|-sideend|p1: theantienderman|move: Aurora Veil\n|-fieldend|move: Gravity\n|-fieldend|move: Grassy Terrain\n|-ability|p2b: Maude|Speed Boost|boost\n|-boost|p2b: Maude|spe|1\n|upkeep\n|turn|6\n|\n|t:|1700349460\n|switch|p1a: Rillaboom|Rillaboom, L50, F|91\/100 slp\n|-fieldstart|move: Grassy Terrain|[from] ability: Grassy Surge|[of] p1a: Rillaboom\n|move|p2b: Maude|Protect|p2b: Maude\n|-singleturn|p2b: Maude|Protect\n|move|p2a: Cobra Commander|Earthquake|p1b: Annihilape|[spread] p1a,p1b\n|-activate|p2b: Maude|move: Protect\n|-resisted|p1a: Rillaboom\n|-damage|p1a: Rillaboom|85\/100 slp\n|-damage|p1b: Annihilape|68\/100 slp\n|cant|p1b: Annihilape|slp\n|\n|-weather|Snow|[upkeep]\n|-heal|p2b: Maude|25\/100|[from] Grassy Terrain\n|-heal|p2a: Cobra Commander|45\/100|[from] Grassy Terrain\n|-heal|p1b: Annihilape|74\/100 slp|[from] Grassy Terrain\n|-heal|p1a: Rillaboom|91\/100 slp|[from] Grassy Terrain\n|-ability|p2b: Maude|Speed Boost|boost\n|-boost|p2b: Maude|spe|1\n|upkeep\n|turn|7\n|\n|t:|1700349492\n|-terastallize|p2a: Cobra Commander|Dragon\n|-curestatus|p1b: Annihilape|slp|[msg]\n|move|p1b: Annihilape|Protect|p1b: Annihilape\n|-singleturn|p1b: Annihilape|Protect\n|cant|p1a: Rillaboom|slp\n|move|p2b: Maude|Lumina Crash|p1b: Annihilape\n|-activate|p1b: Annihilape|move: Protect\n|move|p2a: Cobra Commander|Gunk Shot|p1a: Rillaboom\n|-supereffective|p1a: Rillaboom\n|-damage|p1a: Rillaboom|0 fnt\n|faint|p1a: Rillaboom\n|\n|-weather|Snow|[upkeep]\n|-heal|p2b: Maude|32\/100|[from] Grassy Terrain\n|-heal|p2a: Cobra Commander|51\/100|[from] Grassy Terrain\n|-heal|p1b: Annihilape|80\/100|[from] Grassy Terrain\n|upkeep\n|\n|t:|1700349512\n|switch|p1a: Ninetales|Ninetales-Alola, L50, F|40\/100\n|turn|8\n|\n|t:|1700349522\n|move|p2b: Maude|Hypnosis|p1b: Annihilape\n|-status|p1b: Annihilape|slp|[from] move: Hypnosis\n|move|p2a: Cobra Commander|Gunk Shot|p1a: Ninetales\n|-supereffective|p1a: Ninetales\n|-damage|p1a: Ninetales|0 fnt\n|faint|p1a: Ninetales\n|cant|p1b: Annihilape|slp\n|\n|-weather|none\n|-heal|p2b: Maude|38\/100|[from] Grassy Terrain\n|-heal|p2a: Cobra Commander|57\/100|[from] Grassy Terrain\n|-heal|p1b: Annihilape|86\/100 slp|[from] Grassy Terrain\n|upkeep\n|\n|t:|1700349533\n|switch|p1a: Heatran|Heatran, L50, F|100\/100 slp\n|turn|9\n|\n|t:|1700349548\n|move|p2b: Maude|Protect|p2b: Maude\n|-singleturn|p2b: Maude|Protect\n|move|p2a: Cobra Commander|Earthquake|p1b: Annihilape|[spread] p1a,p1b\n|-activate|p2b: Maude|move: Protect\n|-supereffective|p1a: Heatran\n|-damage|p1a: Heatran|52\/100 slp\n|-damage|p1b: Annihilape|71\/100 slp\n|cant|p1b: Annihilape|slp\n|cant|p1a: Heatran|slp\n|\n|-heal|p2b: Maude|44\/100|[from] Grassy Terrain\n|-heal|p2a: Cobra Commander|63\/100|[from] Grassy Terrain\n|-heal|p1b: Annihilape|77\/100 slp|[from] Grassy Terrain\n|-heal|p1a: Heatran|57\/100 slp|[from] Grassy Terrain\n|upkeep\n|turn|10\n|\n|t:|1700349566\n|move|p2b: Maude|Lumina Crash|p1b: Annihilape\n|-damage|p1b: Annihilape|50\/100 slp\n|-unboost|p1b: Annihilape|spd|2\n|-ability|p1b: Annihilape|Defiant|boost\n|-boost|p1b: Annihilape|atk|2\n|-enditem|p1b: Annihilape|Sitrus Berry|[eat]\n|-heal|p1b: Annihilape|75\/100 slp|[from] item: Sitrus Berry\n|move|p2a: Cobra Commander|Scale Shot|p1b: Annihilape\n|-damage|p1b: Annihilape|61\/100 slp\n|-damage|p1b: Annihilape|46\/100 slp\n|-hitcount|p1b: Annihilape|2\n|-unboost|p2a: Cobra Commander|def|1\n|-boost|p2a: Cobra Commander|spe|1\n|-curestatus|p1b: Annihilape|slp|[msg]\n|move|p1b: Annihilape|Rage Fist|p2a: Cobra Commander\n|-damage|p2a: Cobra Commander|0 fnt\n|faint|p2a: Cobra Commander\n|-curestatus|p1a: Heatran|slp|[msg]\n|move|p1a: Heatran|Heat Wave|p2b: Maude\n|-damage|p2b: Maude|0 fnt\n|faint|p2b: Maude\n|-damage|p1a: Heatran|48\/100|[from] item: Life Orb\n|\n|-heal|p1b: Annihilape|52\/100|[from] Grassy Terrain\n|-heal|p1a: Heatran|54\/100|[from] Grassy Terrain\n|-fieldend|move: Grassy Terrain\n|upkeep\n|\n|t:|1700349598\n|switch|p2b: I-no|Delphox, L50, F|100\/100\n|turn|11\n|\n|t:|1700349608\n|move|p2b: I-no|Flamethrower|p1b: Annihilape\n|-damage|p1b: Annihilape|0 fnt\n|faint|p1b: Annihilape\n|move|p1a: Heatran|Earth Power|p2b: I-no\n|-supereffective|p2b: I-no\n|-damage|p2b: I-no|12\/100\n|-damage|p1a: Heatran|44\/100|[from] item: Life Orb\n|\n|upkeep\n|turn|12\n|\n|t:|1700349622\n|move|p2b: I-no|Skill Swap|p1a: Heatran\n|-activate|p2b: I-no|move: Skill Swap|Flash Fire|Blaze|[of] p1a: Heatran\n|move|p1a: Heatran|Earth Power|p2b: I-no\n|-supereffective|p2b: I-no\n|-damage|p2b: I-no|0 fnt\n|faint|p2b: I-no\n|-damage|p1a: Heatran|35\/100|[from] item: Life Orb\n|\n|win|theantienderman\n|raw|theantienderman's rating: 1105 &rarr; <strong>1124<\/strong><br \/>(+19 for winning)\n|raw|breezedrw's rating: 1016 &rarr; <strong>1007<\/strong><br \/>(-9 for losing)\n|c|\u2606breezedrw|gg\n|c|\u2606theantienderman|gg\n|l|\u2606breezedrw\n","uploadtime":1700349647,"views":10,"p1id":"theantienderman","p2id":"breezedrw","formatid":"gen9vgc2023regulatione","rating":1007,"private":0,"password":""}