{"id":"gen9vgc2023regulatione-1992765585","p1":"suchmeta","p2":"Akromancer","format":"[Gen 9] VGC 2023 Regulation E","log":"|j|\u2606suchmeta\n|j|\u2606Akromancer\n|t:|1700233488\n|gametype|doubles\n|player|p1|suchmeta|li|1342\n|player|p2|Akromancer|1|1262\n|teamsize|p1|6\n|teamsize|p2|6\n|gen|9\n|tier|[Gen 9] VGC 2023 Regulation E\n|rated|\n|rule|Species Clause: Limit one of each Pok\u00e9mon\n|rule|Item Clause: Limit one of each item\n|clearpoke\n|poke|p1|Ogerpon-Wellspring, L50, F|\n|poke|p1|Arcanine-Hisui, L50, F|\n|poke|p1|Zapdos-Galar, L50|\n|poke|p1|Tornadus, L50, M|\n|poke|p1|Flutter Mane, L50|\n|poke|p1|Gholdengo, L50|\n|poke|p2|Arcanine-Hisui, L50, F|\n|poke|p2|Ogerpon-Wellspring, L50, F|\n|poke|p2|Tornadus, L50, M|\n|poke|p2|Iron Hands, L50|\n|poke|p2|Gholdengo, L50|\n|poke|p2|Ursaluna, L50, M|\n|teampreview|4\n|inactive|Battle timer is ON: inactive players will automatically lose when time's up. (requested by Akromancer)\n|inactive|suchmeta has 60 seconds left.\n|\n|t:|1700233578\n|start\n|switch|p1a: Ogerpon|Ogerpon-Wellspring, L50, F|100\/100\n|switch|p1b: Gholdengo|Gholdengo, L50|100\/100\n|switch|p2a: Tornadus|Tornadus, L50, M|100\/100\n|switch|p2b: Ogerpon|Ogerpon-Wellspring, L50, F|100\/100\n|turn|1\n|inactive|Akromancer has 30 seconds left.\n|inactive|Akromancer has 20 seconds left.\n|inactive|Akromancer has 15 seconds left.\n|inactive|Akromancer has 10 seconds left.\n|\n|t:|1700233624\n|move|p1a: Ogerpon|Follow Me|p1a: Ogerpon\n|-singleturn|p1a: Ogerpon|move: Follow Me\n|move|p2a: Tornadus|Taunt|p1a: Ogerpon\n|-start|p1a: Ogerpon|move: Taunt\n|move|p2b: Ogerpon|Horn Leech|p1a: Ogerpon\n|-damage|p1a: Ogerpon|47\/100\n|move|p1b: Gholdengo|Nasty Plot|p1b: Gholdengo\n|-boost|p1b: Gholdengo|spa|2\n|\n|upkeep\n|turn|2\n|inactive|Akromancer has 30 seconds left.\n|inactive|Akromancer has 20 seconds left.\n|inactive|Akromancer has 15 seconds left.\n|inactive|Akromancer has 10 seconds left.\n|inactive|Akromancer has 5 seconds left.\n|\n|t:|1700233678\n|switch|p2b: Iron Hands|Iron Hands, L50|100\/100\n|move|p1a: Ogerpon|Horn Leech|p2b: Iron Hands\n|-damage|p2b: Iron Hands|73\/100\n|-heal|p1a: Ogerpon|66\/100|[from] drain|[of] p2b: Iron Hands\n|move|p2a: Tornadus|Bleakwind Storm|p1a: Ogerpon|[spread] p1a,p1b\n|-supereffective|p1a: Ogerpon\n|-resisted|p1b: Gholdengo\n|-damage|p1a: Ogerpon|7\/100\n|-damage|p1b: Gholdengo|86\/100\n|move|p1b: Gholdengo|Make It Rain|p2a: Tornadus|[spread] p2a,p2b\n|-resisted|p2b: Iron Hands\n|-damage|p2a: Tornadus|0 fnt\n|-damage|p2b: Iron Hands|43\/100\n|-unboost|p1b: Gholdengo|spa|1\n|faint|p2a: Tornadus\n|\n|upkeep\n|\n|t:|1700233698\n|switch|p2a: Ursaluna|Ursaluna, L50, M|100\/100\n|turn|3\n|inactive|Akromancer has 30 seconds left.\n|\n|t:|1700233727\n|switch|p1a: Arcanine|Arcanine-Hisui, L50, F|100\/100\n|-ability|p1a: Arcanine|Intimidate|boost\n|-unboost|p2a: Ursaluna|atk|1\n|-unboost|p2b: Iron Hands|atk|1\n|move|p1b: Gholdengo|Protect|p1b: Gholdengo\n|-singleturn|p1b: Gholdengo|Protect\n|move|p2b: Iron Hands|Fake Out|p1a: Arcanine\n|-resisted|p1a: Arcanine\n|-damage|p1a: Arcanine|94\/100\n|move|p2a: Ursaluna|High Horsepower|p1b: Gholdengo\n|-activate|p1b: Gholdengo|move: Protect\n|\n|-status|p2a: Ursaluna|brn|[from] item: Flame Orb\n|upkeep\n|turn|4\n|inactive|suchmeta has 30 seconds left.\n|\n|t:|1700233757\n|-terastallize|p1b: Gholdengo|Dragon\n|move|p1a: Arcanine|Flare Blitz|p2b: Iron Hands\n|-damage|p2b: Iron Hands|0 fnt\n|faint|p2b: Iron Hands\n|-end|p2b: Iron Hands|Quark Drive|[silent]\n|-damage|p1a: Arcanine|76\/100|[from] Recoil\n|move|p1b: Gholdengo|Make It Rain|p2a: Ursaluna\n|-damage|p2a: Ursaluna|0 fnt\n|-unboost|p1b: Gholdengo|spa|1\n|faint|p2a: Ursaluna\n|\n|upkeep\n|\n|t:|1700233768\n|switch|p2b: Ogerpon|Ogerpon-Wellspring, L50, F|100\/100\n|turn|5\n|\n|t:|1700233780\n|switch|p1a: Ogerpon|Ogerpon-Wellspring, L50, F|7\/100\n|-terastallize|p2b: Ogerpon|Water\n|detailschange|p2b: Ogerpon|Ogerpon-Wellspring-Tera, L50, F, tera:Water\n|-ability|p2b: Ogerpon|Embody Aspect (Wellspring)|boost\n|-boost|p2b: Ogerpon|spd|1\n|move|p2b: Ogerpon|Ivy Cudgel|p1a: Ogerpon|[anim] Ivy Cudgel Water\n|-heal|p1a: Ogerpon|31\/100|[from] ability: Water Absorb|[of] p2b: Ogerpon\n|move|p1b: Gholdengo|Nasty Plot|p1b: Gholdengo\n|-boost|p1b: Gholdengo|spa|2\n|\n|upkeep\n|turn|6\n|inactive|suchmeta has 30 seconds left.\n|\n|t:|1700233808\n|move|p1a: Ogerpon|Follow Me|p1a: Ogerpon\n|-singleturn|p1a: Ogerpon|move: Follow Me\n|move|p2b: Ogerpon|Horn Leech|p1a: Ogerpon\n|-damage|p1a: Ogerpon|0 fnt\n|faint|p1a: Ogerpon\n|move|p1b: Gholdengo|Shadow Ball|p2b: Ogerpon\n|-damage|p2b: Ogerpon|49\/100\n|-unboost|p2b: Ogerpon|spd|1\n|\n|upkeep\n|\n|t:|1700233814\n|switch|p1a: Arcanine|Arcanine-Hisui, L50, F|76\/100\n|-ability|p1a: Arcanine|Intimidate|boost\n|-unboost|p2b: Ogerpon|atk|1\n|turn|7\n|\n|t:|1700233821\n|move|p1a: Arcanine|Extreme Speed|p2b: Ogerpon\n|-damage|p2b: Ogerpon|10\/100\n|move|p2b: Ogerpon|Ivy Cudgel|p1b: Gholdengo|[anim] Ivy Cudgel Water\n|-resisted|p1b: Gholdengo\n|-damage|p1b: Gholdengo|62\/100\n|move|p1b: Gholdengo|Shadow Ball|p2b: Ogerpon\n|-damage|p2b: Ogerpon|0 fnt\n|faint|p2b: Ogerpon\n|\n|win|suchmeta\n|raw|suchmeta's rating: 1342 &rarr; <strong>1357<\/strong><br \/>(+15 for winning)\n|raw|Akromancer's rating: 1262 &rarr; <strong>1243<\/strong><br \/>(-19 for losing)\n|l|\u2606Akromancer\n","uploadtime":1700233843,"views":23,"p1id":"suchmeta","p2id":"akromancer","formatid":"gen9vgc2023regulatione","rating":1243,"private":0,"password":""}