{"id":"gen9vgc2023regulatione-1990134009","p1":"project g1","p2":"gamer3DRider","format":"[Gen 9] VGC 2023 Regulation E","log":"|j|\u2606project g1\n|j|\u2606gamer3DRider\n|t:|1699928221\n|gametype|doubles\n|player|p1|project g1|102|1084\n|player|p2|gamer3DRider|steven|1029\n|teamsize|p1|6\n|teamsize|p2|6\n|gen|9\n|tier|[Gen 9] VGC 2023 Regulation E\n|rated|\n|rule|Species Clause: Limit one of each Pok\u00e9mon\n|rule|Item Clause: Limit one of each item\n|clearpoke\n|poke|p1|Flutter Mane, L50|\n|poke|p1|Farigiraf, L50, F|\n|poke|p1|Torkoal, L50, F|\n|poke|p1|Sunflora, L50, F|\n|poke|p1|Ambipom, L50, M|\n|poke|p1|Arboliva, L50, M|\n|poke|p2|Ogerpon-Cornerstone, L50, F|\n|poke|p2|Volcarona, L50, F|\n|poke|p2|Oricorio-Pom-Pom, L50, M|\n|poke|p2|Wo-Chien, L50|\n|poke|p2|Urshifu-*, L50, M|\n|poke|p2|Iron Hands, L50|\n|teampreview|4\n|\n|t:|1699928244\n|start\n|switch|p1a: Farigiraf|Farigiraf, L50, F|100\/100\n|switch|p1b: Ambipom|Ambipom, L50, M|100\/100\n|switch|p2a: Wo-Chien|Wo-Chien, L50|100\/100\n|switch|p2b: Urshifu|Urshifu-Rapid-Strike, L50, M|100\/100\n|-ability|p2a: Wo-Chien|Tablets of Ruin\n|turn|1\n|\n|t:|1699928259\n|move|p1b: Ambipom|Fake Out|p2b: Urshifu\n|-enditem|p1b: Ambipom|Normal Gem|[from] gem\n|-damage|p2b: Urshifu|78\/100\n|cant|p2b: Urshifu|flinch\n|move|p2a: Wo-Chien|Leech Seed|p1a: Farigiraf\n|-start|p1a: Farigiraf|move: Leech Seed\n|move|p1a: Farigiraf|Trick Room|p1a: Farigiraf\n|-fieldstart|move: Trick Room|[of] p1a: Farigiraf\n|\n|-damage|p1a: Farigiraf|88\/100|[from] Leech Seed|[of] p2a: Wo-Chien\n|upkeep\n|turn|2\n|\n|t:|1699928285\n|-terastallize|p1a: Farigiraf|Fairy\n|move|p1b: Ambipom|Helping Hand|p1a: Farigiraf\n|-singleturn|p1a: Farigiraf|Helping Hand|[of] p1b: Ambipom\n|move|p2b: Urshifu|Detect|p2b: Urshifu\n|-singleturn|p2b: Urshifu|Protect\n|move|p1a: Farigiraf|Dazzling Gleam|p2b: Urshifu|[spread] p2a\n|-activate|p2b: Urshifu|move: Protect\n|-supereffective|p2a: Wo-Chien\n|-damage|p2a: Wo-Chien|59\/100\n|move|p2a: Wo-Chien|Leech Seed|p1b: Ambipom|[miss]\n|-miss|p2a: Wo-Chien|p1b: Ambipom\n|\n|-heal|p1a: Farigiraf|94\/100|[from] item: Leftovers\n|-heal|p2a: Wo-Chien|65\/100|[from] item: Leftovers\n|-damage|p1a: Farigiraf|82\/100|[from] Leech Seed|[of] p2a: Wo-Chien\n|-heal|p2a: Wo-Chien|80\/100|[silent]\n|upkeep\n|turn|3\n|inactive|Battle timer is ON: inactive players will automatically lose when time's up. (requested by project g1)\n|\n|t:|1699928331\n|-terastallize|p2b: Urshifu|Water\n|move|p1b: Ambipom|Helping Hand|p1a: Farigiraf\n|-singleturn|p1a: Farigiraf|Helping Hand|[of] p1b: Ambipom\n|move|p1a: Farigiraf|Dazzling Gleam|p2a: Wo-Chien|[spread] p2a,p2b\n|-supereffective|p2a: Wo-Chien\n|-damage|p2a: Wo-Chien|42\/100\n|-damage|p2b: Urshifu|30\/100\n|move|p2a: Wo-Chien|Pollen Puff|p2b: Urshifu\n|-heal|p2b: Urshifu|80\/100\n|move|p2b: Urshifu|Surging Strikes|p1b: Ambipom\n|-crit|p1b: Ambipom\n|-damage|p1b: Ambipom|69\/100\n|-crit|p1b: Ambipom\n|-damage|p1b: Ambipom|35\/100\n|-crit|p1b: Ambipom\n|-damage|p1b: Ambipom|3\/100\n|-hitcount|p1b: Ambipom|3\n|\n|-heal|p1a: Farigiraf|88\/100|[from] item: Leftovers\n|-heal|p2a: Wo-Chien|48\/100|[from] item: Leftovers\n|-damage|p1a: Farigiraf|76\/100|[from] Leech Seed|[of] p2a: Wo-Chien\n|-heal|p2a: Wo-Chien|63\/100|[silent]\n|upkeep\n|turn|4\n|inactive|gamer3DRider has 30 seconds left.\n|\n|t:|1699928357\n|move|p1b: Ambipom|Helping Hand|p1a: Farigiraf\n|-singleturn|p1a: Farigiraf|Helping Hand|[of] p1b: Ambipom\n|move|p2a: Wo-Chien|Protect|p2a: Wo-Chien\n|-singleturn|p2a: Wo-Chien|Protect\n|move|p2b: Urshifu|Aqua Jet||[still]\n|cant|p1a: Farigiraf|ability: Armor Tail|Aqua Jet|[of] p2b: Urshifu\n|move|p1a: Farigiraf|Hyper Voice|p2b: Urshifu|[spread] p2b\n|-activate|p2a: Wo-Chien|move: Protect\n|-damage|p2b: Urshifu|19\/100\n|\n|-heal|p1a: Farigiraf|82\/100|[from] item: Leftovers\n|-heal|p2a: Wo-Chien|69\/100|[from] item: Leftovers\n|-damage|p1a: Farigiraf|70\/100|[from] Leech Seed|[of] p2a: Wo-Chien\n|-heal|p2a: Wo-Chien|84\/100|[silent]\n|upkeep\n|turn|5\n|\n|t:|1699928374\n|switch|p1a: Torkoal|Torkoal, L50, F|100\/100\n|-weather|SunnyDay|[from] ability: Drought|[of] p1a: Torkoal\n|switch|p2b: Ogerpon|Ogerpon-Cornerstone, L50, F|100\/100\n|switch|p1b: Sunflora|Sunflora, L50, F|100\/100\n|move|p2a: Wo-Chien|Pollen Puff|p1b: Sunflora\n|-supereffective|p1b: Sunflora\n|-damage|p1b: Sunflora|55\/100\n|\n|-weather|SunnyDay|[upkeep]\n|-damage|p1b: Sunflora|43\/100|[from] ability: Solar Power|[of] p1b: Sunflora\n|-heal|p2a: Wo-Chien|90\/100|[from] item: Leftovers\n|-fieldend|move: Trick Room\n|upkeep\n|turn|6\n|inactive|gamer3DRider has 30 seconds left.\n|\n|t:|1699928408\n|switch|p1b: Farigiraf|Farigiraf, L50, F, tera:Fairy|70\/100\n|switch|p1a: Ambipom|Ambipom, L50, M|3\/100\n|move|p2b: Ogerpon|Ivy Cudgel|p1a: Ambipom\n|-damage|p1a: Ambipom|0 fnt\n|faint|p1a: Ambipom\n|move|p2a: Wo-Chien|Pollen Puff|p1b: Farigiraf\n|-resisted|p1b: Farigiraf\n|-damage|p1b: Farigiraf|62\/100\n|\n|-weather|SunnyDay|[upkeep]\n|-heal|p2a: Wo-Chien|96\/100|[from] item: Leftovers\n|-heal|p1b: Farigiraf|68\/100|[from] item: Leftovers\n|upkeep\n|\n|t:|1699928425\n|switch|p1a: Sunflora|Sunflora, L50, F|43\/100\n|turn|7\n|\n|t:|1699928440\n|move|p2b: Ogerpon|Ivy Cudgel|p1b: Farigiraf\n|-damage|p1b: Farigiraf|19\/100\n|move|p2a: Wo-Chien|Pollen Puff|p1a: Sunflora\n|-supereffective|p1a: Sunflora\n|-damage|p1a: Sunflora|0 fnt\n|faint|p1a: Sunflora\n|move|p1b: Farigiraf|Trick Room|p1b: Farigiraf\n|-fieldstart|move: Trick Room|[of] p1b: Farigiraf\n|\n|-weather|SunnyDay|[upkeep]\n|-heal|p1b: Farigiraf|25\/100|[from] item: Leftovers\n|-heal|p2a: Wo-Chien|100\/100|[from] item: Leftovers\n|upkeep\n|\n|t:|1699928447\n|switch|p1a: Torkoal|Torkoal, L50, F|100\/100\n|turn|8\n|\n|t:|1699928472\n|move|p1b: Farigiraf|Helping Hand|p1a: Torkoal\n|-singleturn|p1a: Torkoal|Helping Hand|[of] p1b: Farigiraf\n|move|p2b: Ogerpon|Spiky Shield|p2b: Ogerpon\n|-singleturn|p2b: Ogerpon|move: Protect\n|move|p1a: Torkoal|Eruption|p2a: Wo-Chien|[spread] p2a\n|-activate|p2b: Ogerpon|move: Protect\n|-supereffective|p2a: Wo-Chien\n|-damage|p2a: Wo-Chien|0 fnt\n|faint|p2a: Wo-Chien\n|\n|-weather|SunnyDay|[upkeep]\n|-heal|p1b: Farigiraf|31\/100|[from] item: Leftovers\n|upkeep\n|\n|t:|1699928484\n|switch|p2a: Volcarona|Volcarona, L50, F|100\/100\n|turn|9\n|\n|t:|1699928498\n|switch|p2b: Urshifu|Urshifu-Rapid-Strike, L50, M, tera:Water|19\/100\n|move|p1b: Farigiraf|Helping Hand|p1a: Torkoal\n|-singleturn|p1a: Torkoal|Helping Hand|[of] p1b: Farigiraf\n|move|p2a: Volcarona|Protect|p2a: Volcarona\n|-singleturn|p2a: Volcarona|Protect\n|move|p1a: Torkoal|Eruption|p2b: Urshifu|[spread] p2b\n|-activate|p2a: Volcarona|move: Protect\n|-resisted|p2b: Urshifu\n|-damage|p2b: Urshifu|0 fnt\n|faint|p2b: Urshifu\n|\n|-weather|none\n|-heal|p1b: Farigiraf|38\/100|[from] item: Leftovers\n|upkeep\n|\n|t:|1699928511\n|switch|p2b: Ogerpon|Ogerpon-Cornerstone, L50, F|100\/100\n|turn|10\n|\n|t:|1699928522\n|move|p2b: Ogerpon|Spiky Shield|p2b: Ogerpon\n|-singleturn|p2b: Ogerpon|move: Protect\n|move|p1a: Torkoal|Eruption|p2b: Ogerpon|[spread] p2a\n|-activate|p2b: Ogerpon|move: Protect\n|-damage|p2a: Volcarona|22\/100\n|move|p1b: Farigiraf|Hyper Voice|p2a: Volcarona|[spread] p2a\n|-activate|p2b: Ogerpon|move: Protect\n|-damage|p2a: Volcarona|0 fnt\n|faint|p2a: Volcarona\n|\n|-heal|p1b: Farigiraf|44\/100|[from] item: Leftovers\n|upkeep\n|turn|11\n|\n|t:|1699928545\n|move|p1b: Farigiraf|Helping Hand|p1a: Torkoal\n|-singleturn|p1a: Torkoal|Helping Hand|[of] p1b: Farigiraf\n|move|p2b: Ogerpon|Spiky Shield|p2b: Ogerpon\n|-singleturn|p2b: Ogerpon|move: Protect\n|move|p1a: Torkoal|Eruption|p2b: Ogerpon\n|-activate|p2b: Ogerpon|move: Protect\n|\n|-heal|p1b: Farigiraf|50\/100|[from] item: Leftovers\n|-fieldend|move: Trick Room\n|upkeep\n|turn|12\n|\n|t:|1699928556\n|move|p2b: Ogerpon|Ivy Cudgel|p1a: Torkoal\n|-supereffective|p1a: Torkoal\n|-damage|p1a: Torkoal|0 fnt\n|faint|p1a: Torkoal\n|move|p1b: Farigiraf|Dazzling Gleam|p2b: Ogerpon\n|-damage|p2b: Ogerpon|68\/100\n|\n|-heal|p1b: Farigiraf|56\/100|[from] item: Leftovers\n|upkeep\n|turn|13\n|\n|t:|1699928567\n|move|p2b: Ogerpon|Ivy Cudgel|p1b: Farigiraf\n|-damage|p1b: Farigiraf|0 fnt\n|faint|p1b: Farigiraf\n|\n|win|gamer3DRider\n|raw|project g1's rating: 1084 &rarr; <strong>1058<\/strong><br \/>(-26 for losing)\n|raw|gamer3DRider's rating: 1029 &rarr; <strong>1070<\/strong><br \/>(+41 for winning)\n","uploadtime":1699928575,"views":7,"p1id":"projectg1","p2id":"gamer3drider","formatid":"gen9vgc2023regulatione","rating":1058,"private":0,"password":""}