{"id":"gen9vgc2023regulatione-1992205551","p1":"B10X","p2":"AndrewsWho","format":"[Gen 9] VGC 2023 Regulation E","log":"|j|\u2606B10X\n|j|\u2606AndrewsWho\n|n|\u2606B10X|b10x\n|n|\u2606AndrewsWho|andrewswho\n|html|View the match progress at <a href=\"\/game-bestof3-gen9vgc2023regulatione-1992203822\">game-bestof3-gen9vgc2023regulatione-1992203822<\/a>\n|t:|1700163759\n|gametype|doubles\n|player|p1|B10X|marlon|\n|player|p2|AndrewsWho|lucas|\n|teamsize|p1|6\n|teamsize|p2|6\n|gen|9\n|tier|[Gen 9] VGC 2023 Regulation E\n|rule|Species Clause: Limit one of each Pok\u00e9mon\n|rule|Item Clause: Limit one of each item\n|clearpoke\n|poke|p1|Landorus-Therian, L50, M|\n|poke|p1|Iron Hands, L50|\n|poke|p1|Chien-Pao, L50|\n|poke|p1|Flutter Mane, L50|\n|poke|p1|Ogerpon-Wellspring, L50, F|\n|poke|p1|Arcanine-Hisui, L50, M|\n|poke|p2|Rillaboom, L50, M|\n|poke|p2|Urshifu-*, L50, M|\n|poke|p2|Arcanine-Hisui, L50, M|\n|poke|p2|Kingambit, L50, M|\n|poke|p2|Roaring Moon, L50|\n|poke|p2|Flutter Mane, L50|\n|teampreview|4\nB10X has agreed to open team sheets.\nAndrewsWho has agreed to open team sheets.\n|showteam|p1|Landorus-Therian||ChoiceScarf|Intimidate|StompingTantrum,RockSlide,Uturn,TeraBlast|||M|||50|,,,,,Flying]Iron Hands||AssaultVest|QuarkDrive|DrainPunch,WildCharge,HeavySlam,FakeOut||||||50|,,,,,Fire]Chien-Pao||FocusSash|SwordofRuin|IceSpinner,SacredSword,SuckerPunch,Protect||||||50|,,,,,Ghost]Flutter Mane||ChoiceSpecs|Protosynthesis|Moonblast,ShadowBall,DazzlingGleam,IcyWind||||||50|,,,,,Fairy]Ogerpon-Wellspring||WellspringMask|WaterAbsorb|IvyCudgel,HornLeech,SwordsDance,SpikyShield|||F|||50|,,,,,Water]Arcanine-Hisui||ChoiceBand|Intimidate|FlareBlitz,RockSlide,ExtremeSpeed,HeadSmash|||M|||50|,,,,,Normal\n|showteam|p2|Rillaboom||AssaultVest|GrassySurge|GrassyGlide,FakeOut,WoodHammer,HighHorsepower|||M|||50|,,,,,Fire]Urshifu-Rapid-Strike||MysticWater|UnseenFist|SurgingStrikes,AquaJet,CloseCombat,Protect|||M|||50|,,,,,Water]Arcanine-Hisui||ChoiceBand|Intimidate|RockSlide,FlareBlitz,ExtremeSpeed,TeraBlast|||M|||50|,,,,,Fairy]Kingambit||BlackGlasses|Defiant|Protect,KowtowCleave,SuckerPunch,SwordsDance|||M|||50|,,,,,Dark]Roaring Moon||BoosterEnergy|Protosynthesis|Protect,Tailwind,KnockOff,Acrobatics||||||50|,,,,,Flying]Flutter Mane||ChoiceSpecs|Protosynthesis|Moonblast,DazzlingGleam,ShadowBall,PowerGem||||||50|,,,,,Fairy\n|\n|t:|1700163788\n|start\n|switch|p1a: Landorus|Landorus-Therian, L50, M|100\/100\n|switch|p1b: Flutter Mane|Flutter Mane, L50|100\/100\n|switch|p2a: Roaring Moon|Roaring Moon, L50|100\/100\n|switch|p2b: Rillaboom|Rillaboom, L50, M|100\/100\n|-ability|p1a: Landorus|Intimidate|boost\n|-unboost|p2a: Roaring Moon|atk|1\n|-unboost|p2b: Rillaboom|atk|1\n|-fieldstart|move: Grassy Terrain|[from] ability: Grassy Surge|[of] p2b: Rillaboom\n|-enditem|p2a: Roaring Moon|Booster Energy\n|-activate|p2a: Roaring Moon|ability: Protosynthesis|[fromitem]\n|-start|p2a: Roaring Moon|protosynthesisspe\n|turn|1\n|\n|t:|1700163815\n|move|p2a: Roaring Moon|Tailwind|p2a: Roaring Moon\n|-sidestart|p2: AndrewsWho|move: Tailwind\n|move|p2b: Rillaboom|Wood Hammer|p1b: Flutter Mane\n|-damage|p1b: Flutter Mane|0 fnt\n|faint|p1b: Flutter Mane\n|-end|p1b: Flutter Mane|Protosynthesis|[silent]\n|-damage|p2b: Rillaboom|79\/100|[from] Recoil\n|move|p1a: Landorus|U-turn|p2b: Rillaboom\n|-supereffective|p2b: Rillaboom\n|-damage|p2b: Rillaboom|29\/100\n|\n|t:|1700163823\n|switch|p1a: Iron Hands|Iron Hands, L50|100\/100|[from] U-turn\n|\n|-heal|p2b: Rillaboom|35\/100|[from] Grassy Terrain\n|upkeep\n|\n|t:|1700163824\n|switch|p1b: Chien-Pao|Chien-Pao, L50|100\/100\n|-ability|p1b: Chien-Pao|Sword of Ruin\n|turn|2\n|\n|t:|1700163841\n|switch|p2b: Arcanine|Arcanine-Hisui, L50, M|100\/100\n|-ability|p2b: Arcanine|Intimidate|boost\n|-unboost|p1a: Iron Hands|atk|1\n|-unboost|p1b: Chien-Pao|atk|1\n|move|p2a: Roaring Moon|Protect|p2a: Roaring Moon\n|-singleturn|p2a: Roaring Moon|Protect\n|move|p1a: Iron Hands|Fake Out|p2b: Arcanine\n|-resisted|p2b: Arcanine\n|-damage|p2b: Arcanine|91\/100\n|move|p1b: Chien-Pao|Sacred Sword|p2b: Arcanine\n|-supereffective|p2b: Arcanine\n|-damage|p2b: Arcanine|30\/100\n|\n|-heal|p2b: Arcanine|36\/100|[from] Grassy Terrain\n|upkeep\n|turn|3\n|\n|t:|1700163875\n|switch|p1b: Landorus|Landorus-Therian, L50, M|100\/100\n|-ability|p1b: Landorus|Intimidate|boost\n|-unboost|p2a: Roaring Moon|atk|1\n|-unboost|p2b: Arcanine|atk|1\n|-terastallize|p2b: Arcanine|Fairy\n|move|p2a: Roaring Moon|Acrobatics|p1b: Landorus\n|-damage|p1b: Landorus|80\/100\n|move|p2b: Arcanine|Tera Blast|p1a: Iron Hands|[anim] Tera Blast Fairy\n|-supereffective|p1a: Iron Hands\n|-damage|p1a: Iron Hands|46\/100\n|move|p1a: Iron Hands|Drain Punch|p2b: Arcanine\n|-resisted|p2b: Arcanine\n|-damage|p2b: Arcanine|17\/100\n|-heal|p1a: Iron Hands|53\/100|[from] drain|[of] p2b: Arcanine\n|\n|-heal|p2b: Arcanine|23\/100|[from] Grassy Terrain\n|-heal|p1a: Iron Hands|59\/100|[from] Grassy Terrain\n|upkeep\n|turn|4\n|\n|t:|1700163903\n|switch|p2b: Rillaboom|Rillaboom, L50, M|35\/100\n|move|p2a: Roaring Moon|Protect|p2a: Roaring Moon\n|-singleturn|p2a: Roaring Moon|Protect\n|move|p1b: Landorus|Rock Slide|p2b: Rillaboom|[spread] p2b\n|-activate|p2a: Roaring Moon|move: Protect\n|-damage|p2b: Rillaboom|15\/100\n|move|p1a: Iron Hands|Drain Punch|p2a: Roaring Moon\n|-activate|p2a: Roaring Moon|move: Protect\n|\n|-heal|p2b: Rillaboom|21\/100|[from] Grassy Terrain\n|-heal|p1a: Iron Hands|65\/100|[from] Grassy Terrain\n|-sideend|p2: AndrewsWho|move: Tailwind\n|upkeep\n|turn|5\n|\n|t:|1700163924\n|-terastallize|p1a: Iron Hands|Fire\n|move|p2b: Rillaboom|Fake Out|p1a: Iron Hands\n|-damage|p1a: Iron Hands|55\/100\n|move|p2a: Roaring Moon|Tailwind|p2a: Roaring Moon\n|-sidestart|p2: AndrewsWho|move: Tailwind\n|move|p1b: Landorus|Rock Slide|p2a: Roaring Moon|[spread] p2a,p2b\n|-damage|p2a: Roaring Moon|75\/100\n|-damage|p2b: Rillaboom|0 fnt\n|faint|p2b: Rillaboom\n|cant|p1a: Iron Hands|flinch\n|\n|-heal|p2a: Roaring Moon|81\/100|[from] Grassy Terrain\n|-heal|p1a: Iron Hands|61\/100|[from] Grassy Terrain\n|-fieldend|move: Grassy Terrain\n|upkeep\n|\n|t:|1700163935\n|switch|p2b: Arcanine|Arcanine-Hisui, L50, M, tera:Fairy|23\/100\n|-ability|p2b: Arcanine|Intimidate|boost\n|-unboost|p1a: Iron Hands|atk|1\n|-unboost|p1b: Landorus|atk|1\n|turn|6\n|\n|t:|1700163941\n|-end|p2a: Roaring Moon|Protosynthesis|[silent]\n|switch|p2a: Flutter Mane|Flutter Mane, L50|100\/100\n|move|p2b: Arcanine|Rock Slide|p1a: Iron Hands|[spread] p1a\n|-miss|p2b: Arcanine|p1b: Landorus\n|-supereffective|p1a: Iron Hands\n|-damage|p1a: Iron Hands|1\/100\n|move|p1b: Landorus|Rock Slide|p2b: Arcanine|[spread] p2a,p2b\n|-damage|p2a: Flutter Mane|76\/100\n|-damage|p2b: Arcanine|3\/100\n|cant|p1a: Iron Hands|flinch\n|\n|upkeep\n|turn|7\n|\n|t:|1700163955\n|move|p2a: Flutter Mane|Moonblast|p1b: Landorus\n|-damage|p1b: Landorus|0 fnt\n|faint|p1b: Landorus\n|move|p2b: Arcanine|Rock Slide|p1a: Iron Hands|[miss]\n|-miss|p2b: Arcanine|p1a: Iron Hands\n|move|p1a: Iron Hands|Heavy Slam|p2a: Flutter Mane\n|-supereffective|p2a: Flutter Mane\n|-damage|p2a: Flutter Mane|0 fnt\n|faint|p2a: Flutter Mane\n|-end|p2a: Flutter Mane|Protosynthesis|[silent]\n|\n|upkeep\n|\n|t:|1700163959\n|switch|p2a: Roaring Moon|Roaring Moon, L50|81\/100\n|switch|p1b: Chien-Pao|Chien-Pao, L50|100\/100\n|-ability|p1b: Chien-Pao|Sword of Ruin\n|turn|8\n|\n|t:|1700163976\n|move|p1b: Chien-Pao|Sucker Punch|p2b: Arcanine\n|-resisted|p2b: Arcanine\n|-damage|p2b: Arcanine|0 fnt\n|faint|p2b: Arcanine\n|move|p2a: Roaring Moon|Acrobatics|p1b: Chien-Pao\n|-damage|p1b: Chien-Pao|50\/100\n|move|p1a: Iron Hands|Drain Punch|p2a: Roaring Moon\n|-supereffective|p2a: Roaring Moon\n|-damage|p2a: Roaring Moon|6\/100\n|-heal|p1a: Iron Hands|31\/100|[from] drain|[of] p2a: Roaring Moon\n|\n|-sideend|p2: AndrewsWho|move: Tailwind\n|upkeep\n|turn|9\n|-message|AndrewsWho forfeited.\n|\n|win|B10X\n|c|&|\/uhtml prompt-andrewswho,AndrewsWho is ready for game 3!\n|c|&|\/uhtml prompt-b10x,B10X is ready for game 3!\nBoth players are ready! Starting next match!\n|l|\u2606AndrewsWho\n","uploadtime":1700164179,"views":11,"p1id":"b10x","p2id":"andrewswho","formatid":"gen9vgc2023regulatione","rating":0,"private":0,"password":""}