{"id":"gen9vgc2023regulatione-1988607618","p1":"kcsodhsdf","p2":"filthytrashgoblin","format":"[Gen 9] VGC 2023 Regulation E","log":"|j|\u2606kcsodhsdf\n|j|\u2606filthytrashgoblin\n|t:|1699741382\n|gametype|doubles\n|player|p1|kcsodhsdf|265|1050\n|player|p2|filthytrashgoblin|ghetsis|1019\n|teamsize|p1|6\n|teamsize|p2|6\n|gen|9\n|tier|[Gen 9] VGC 2023 Regulation E\n|rated|\n|rule|Species Clause: Limit one of each Pok\u00e9mon\n|rule|Item Clause: Limit one of each item\n|clearpoke\n|poke|p1|Slowking-Galar, L50, M|\n|poke|p1|Dipplin, L50, M|\n|poke|p1|Ursaluna-Bloodmoon, L50, M|\n|poke|p1|Ogerpon-Hearthflame, L50, F|\n|poke|p1|Toxapex, L50, M|\n|poke|p1|Indeedee-F, L50, F|\n|poke|p2|Cresselia, L50, F|\n|poke|p2|Urshifu-*, L50, F|\n|poke|p2|Ogerpon-Hearthflame, L50, F|\n|poke|p2|Flutter Mane, L50|\n|poke|p2|Landorus-Therian, L50, M|\n|poke|p2|Heatran, L50, F|\n|teampreview|4\n|inactive|Battle timer is ON: inactive players will automatically lose when time's up. (requested by filthytrashgoblin)\n|\n|t:|1699741409\n|start\n|switch|p1a: Ogerpon|Ogerpon-Hearthflame, L50, F|100\/100\n|switch|p1b: Slowking|Slowking-Galar, L50, M|100\/100\n|switch|p2a: head|Heatran, L50, F|100\/100\n|switch|p2b: DOG|Landorus-Therian, L50, M|100\/100\n|-ability|p2b: DOG|Intimidate|boost\n|-unboost|p1a: Ogerpon|atk|1\n|-unboost|p1b: Slowking|atk|1\n|-ability|p1a: Ogerpon|Mold Breaker\n|turn|1\n|\n|t:|1699741434\n|switch|p1a: Indeedee|Indeedee-F, L50, F|100\/100\n|-fieldstart|move: Psychic Terrain|[from] ability: Psychic Surge|[of] p1a: Indeedee\n|move|p2b: DOG|Stomping Tantrum|p1a: Indeedee\n|-damage|p1a: Indeedee|58\/100\n|move|p2a: head|Flash Cannon|p1b: Slowking\n|-damage|p1b: Slowking|54\/100\n|-damage|p2a: head|91\/100|[from] item: Life Orb\n|move|p1b: Slowking|Trick Room|p1b: Slowking\n|-fieldstart|move: Trick Room|[of] p1b: Slowking\n|\n|upkeep\n|turn|2\n|inactive|filthytrashgoblin has 30 seconds left.\n|\n|t:|1699741460\n|move|p2a: head|Protect|p2a: head\n|-singleturn|p2a: head|Protect\n|move|p1a: Indeedee|Follow Me|p1a: Indeedee\n|-singleturn|p1a: Indeedee|move: Follow Me\n|move|p1b: Slowking|Acid Spray|p2b: DOG\n|-resisted|p2b: DOG\n|-damage|p2b: DOG|88\/100\n|-unboost|p2b: DOG|spd|2\n|move|p2b: DOG|Stomping Tantrum|p1a: Indeedee\n|-damage|p1a: Indeedee|14\/100\n|\n|upkeep\n|turn|3\n|inactive|kcsodhsdf has 30 seconds left.\n|\n|t:|1699741493\n|switch|p1a: Ursaluna|Ursaluna-Bloodmoon, L50, M|100\/100\n|move|p1b: Slowking|Psyshock|p2b: DOG\n|-damage|p2b: DOG|38\/100\n|move|p2a: head|Heat Wave|p1a: Ursaluna|[spread] p1a,p1b\n|-damage|p1a: Ursaluna|56\/100\n|-damage|p1b: Slowking|15\/100\n|-enditem|p1b: Slowking|Sitrus Berry|[eat]\n|-heal|p1b: Slowking|40\/100|[from] item: Sitrus Berry\n|-damage|p2a: head|81\/100|[from] item: Life Orb\n|move|p2b: DOG|Stomping Tantrum|p1b: Slowking\n|-supereffective|p1b: Slowking\n|-crit|p1b: Slowking\n|-damage|p1b: Slowking|0 fnt\n|faint|p1b: Slowking\n|\n|upkeep\n|\n|t:|1699741511\n|switch|p1b: Indeedee|Indeedee-F, L50, F|14\/100\n|turn|4\n|\n|t:|1699741521\n|switch|p2b: BEAR!!!|Urshifu, L50, F|100\/100\n|move|p1b: Indeedee|Follow Me|p1b: Indeedee\n|-singleturn|p1b: Indeedee|move: Follow Me\n|move|p1a: Ursaluna|Hyper Voice|p2b: BEAR!!!|[spread] p2a,p2b\n|-resisted|p2a: head\n|-damage|p2a: head|67\/100\n|-damage|p2b: BEAR!!!|47\/100\n|-enditem|p1a: Ursaluna|Throat Spray\n|-boost|p1a: Ursaluna|spa|1|[from] item: Throat Spray\n|move|p2a: head|Heat Wave|p1a: Ursaluna|[spread] p1a,p1b\n|-damage|p1a: Ursaluna|10\/100\n|-damage|p1b: Indeedee|0 fnt\n|faint|p1b: Indeedee\n|-damage|p2a: head|57\/100|[from] item: Life Orb\n|\n|upkeep\n|\n|t:|1699741534\n|switch|p1b: Ogerpon|Ogerpon-Hearthflame, L50, F|100\/100\n|-ability|p1b: Ogerpon|Mold Breaker\n|turn|5\n|\n|t:|1699741559\n|move|p2b: BEAR!!!|Sucker Punch|p1a: Ursaluna\n|-activate|p1a: Ursaluna|move: Psychic Terrain\n|move|p1a: Ursaluna|Earth Power|p2a: head\n|-supereffective|p2a: head\n|-damage|p2a: head|0 fnt\n|faint|p2a: head\n|move|p1b: Ogerpon|Ivy Cudgel|p2b: BEAR!!!\n|-damage|p2b: BEAR!!!|0 fnt\n|faint|p2b: BEAR!!!\n|\n|-fieldend|move: Trick Room\n|-fieldend|move: Psychic Terrain\n|upkeep\n|\n|t:|1699741568\n|switch|p2b: DOG|Landorus-Therian, L50, M|38\/100\n|switch|p2a: floofadoof|Flutter Mane, L50|100\/100\n|-ability|p2b: DOG|Intimidate|boost\n|-unboost|p1a: Ursaluna|atk|1\n|-unboost|p1b: Ogerpon|atk|1\n|-enditem|p2a: floofadoof|Booster Energy\n|-activate|p2a: floofadoof|ability: Protosynthesis|[fromitem]\n|-start|p2a: floofadoof|protosynthesisspe\n|turn|6\n|\n|t:|1699741584\n|-terastallize|p2b: DOG|Flying\n|-terastallize|p1b: Ogerpon|Fire\n|detailschange|p1b: Ogerpon|Ogerpon-Hearthflame-Tera, L50, F, tera:Fire\n|-ability|p1b: Ogerpon|Embody Aspect (Hearthflame)|boost\n|-boost|p1b: Ogerpon|atk|1\n|move|p1a: Ursaluna|Protect|p1a: Ursaluna\n|-singleturn|p1a: Ursaluna|Protect\n|move|p2a: floofadoof|Moonblast|p1a: Ursaluna\n|-activate|p1a: Ursaluna|move: Protect\n|move|p2b: DOG|Tera Blast|p1b: Ogerpon|[anim] Tera Blast Flying\n|-damage|p1b: Ogerpon|22\/100\n|move|p1b: Ogerpon|Ivy Cudgel|p2a: floofadoof\n|-damage|p2a: floofadoof|0 fnt\n|faint|p2a: floofadoof\n|-end|p2a: floofadoof|Protosynthesis|[silent]\n|\n|upkeep\n|turn|7\n|\n|t:|1699741606\n|move|p2b: DOG|Tera Blast|p1b: Ogerpon|[anim] Tera Blast Flying\n|-damage|p1b: Ogerpon|0 fnt\n|faint|p1b: Ogerpon\n|move|p1a: Ursaluna|Blood Moon|p2b: DOG\n|-damage|p2b: DOG|0 fnt\n|faint|p2b: DOG\n|\n|win|kcsodhsdf\n|raw|kcsodhsdf's rating: 1050 &rarr; <strong>1080<\/strong><br \/>(+30 for winning)\n|raw|filthytrashgoblin's rating: 1019 &rarr; <strong>1007<\/strong><br \/>(-12 for losing)\n","uploadtime":1699741615,"views":10,"p1id":"kcsodhsdf","p2id":"filthytrashgoblin","formatid":"gen9vgc2023regulatione","rating":1007,"private":0,"password":""}