{"id":"gen9vgc2023regulatione-1998403310","p1":"Willipino","p2":"Y4kle","format":"[Gen 9] VGC 2023 Regulation E","log":"|j|\u2606Willipino\n|j|\u2606Y4kle\n|t:|1700938430\n|gametype|doubles\n|player|p1|Willipino|101|1432\n|player|p2|Y4kle|bugcatcher-gen4dp|1360\n|teamsize|p1|6\n|teamsize|p2|6\n|gen|9\n|tier|[Gen 9] VGC 2023 Regulation E\n|rated|\n|rule|Species Clause: Limit one of each Pok\u00e9mon\n|rule|Item Clause: Limit one of each item\n|clearpoke\n|poke|p1|Tornadus, L50, M|\n|poke|p1|Heatran, L50, M|\n|poke|p1|Farigiraf, L50, F|\n|poke|p1|Rillaboom, L50, M|\n|poke|p1|Iron Bundle, L50|\n|poke|p1|Urshifu-*, L50, M|\n|poke|p2|Arcanine-Hisui, L50, F|\n|poke|p2|Tornadus, L50, M|\n|poke|p2|Flutter Mane, L50|\n|poke|p2|Amoonguss, L50, M|\n|poke|p2|Kingambit, L50, F|\n|poke|p2|Iron Bundle, L50|\n|teampreview|4\n|inactive|Battle timer is ON: inactive players will automatically lose when time's up. (requested by Y4kle)\nWillipino has agreed to open team sheets.\n|\n|t:|1700938458\n|start\n|switch|p1a: Tornadus|Tornadus, L50, M|100\/100\n|switch|p1b: Heatran|Heatran, L50, M|100\/100\n|switch|p2a: Bl\u00e6st|Tornadus, L50, M|100\/100\n|switch|p2b: Carli|Arcanine-Hisui, L50, F|100\/100\n|-ability|p2b: Carli|Intimidate|boost\n|-unboost|p1a: Tornadus|atk|1\n|-unboost|p1b: Heatran|atk|1\n|turn|1\n|\n|t:|1700938478\n|-terastallize|p1b: Heatran|Fairy\n|move|p1a: Tornadus|Tailwind|p1a: Tornadus\n|-sidestart|p1: Willipino|move: Tailwind\n|move|p2a: Bl\u00e6st|Tailwind|p2a: Bl\u00e6st\n|-sidestart|p2: Y4kle|move: Tailwind\n|move|p2b: Carli|Rock Slide|p1b: Heatran|[spread] p1a,p1b\n|-supereffective|p1a: Tornadus\n|-damage|p1a: Tornadus|0 fnt\n|-damage|p1b: Heatran|63\/100\n|faint|p1a: Tornadus\n|move|p1b: Heatran|Earth Power|p2b: Carli\n|-supereffective|p2b: Carli\n|-damage|p2b: Carli|0 fnt\n|faint|p2b: Carli\n|-damage|p1b: Heatran|53\/100|[from] item: Life Orb\n|\n|upkeep\n|\n|t:|1700938497\n|switch|p1a: Iron Bundle|Iron Bundle, L50, shiny|100\/100\n|switch|p2b: Pingunator|Iron Bundle, L50|100\/100\n|-enditem|p1a: Iron Bundle|Booster Energy\n|-activate|p1a: Iron Bundle|ability: Quark Drive|[fromitem]\n|-start|p1a: Iron Bundle|quarkdrivespe\n|-enditem|p2b: Pingunator|Booster Energy\n|-activate|p2b: Pingunator|ability: Quark Drive|[fromitem]\n|-start|p2b: Pingunator|quarkdrivespe\n|turn|2\n|inactive|Y4kle has 30 seconds left.\n|\n|t:|1700938523\n|-terastallize|p2b: Pingunator|Ice\n|move|p1b: Heatran|Protect|p1b: Heatran\n|-singleturn|p1b: Heatran|Protect\n|move|p1a: Iron Bundle|Icy Wind|p2b: Pingunator|[spread] p2a,p2b\n|-supereffective|p2a: Bl\u00e6st\n|-resisted|p2b: Pingunator\n|-damage|p2a: Bl\u00e6st|64\/100\n|-damage|p2b: Pingunator|89\/100\n|-unboost|p2a: Bl\u00e6st|spe|1\n|-unboost|p2b: Pingunator|spe|1\n|move|p2b: Pingunator|Freeze-Dry|p1a: Iron Bundle\n|-damage|p1a: Iron Bundle|27\/100\n|move|p2a: Bl\u00e6st|Bleakwind Storm|p1a: Iron Bundle|[spread] p1a\n|-activate|p1b: Heatran|move: Protect\n|-crit|p1a: Iron Bundle\n|-damage|p1a: Iron Bundle|0 fnt\n|faint|p1a: Iron Bundle\n|-end|p1a: Iron Bundle|Quark Drive|[silent]\n|\n|upkeep\n|\n|t:|1700938535\n|switch|p1a: Rillaboom|Rillaboom, L50, M|100\/100\n|-fieldstart|move: Grassy Terrain|[from] ability: Grassy Surge|[of] p1a: Rillaboom\n|turn|3\n|\n|t:|1700938547\n|move|p2a: Bl\u00e6st|Protect|p2a: Bl\u00e6st\n|-singleturn|p2a: Bl\u00e6st|Protect\n|move|p2b: Pingunator|Protect|p2b: Pingunator\n|-singleturn|p2b: Pingunator|Protect\n|move|p1a: Rillaboom|Fake Out|p2b: Pingunator\n|-activate|p2b: Pingunator|move: Protect\n|move|p1b: Heatran|Heat Wave|p2a: Bl\u00e6st|[spread] \n|-activate|p2a: Bl\u00e6st|move: Protect\n|-activate|p2b: Pingunator|move: Protect\n|\n|-heal|p2b: Pingunator|95\/100|[from] Grassy Terrain\n|-heal|p1b: Heatran|59\/100|[from] Grassy Terrain\n|upkeep\n|turn|4\n|inactive|Y4kle has 30 seconds left.\n|\n|t:|1700938573\n|move|p1a: Rillaboom|Grassy Glide|p2b: Pingunator\n|-damage|p2b: Pingunator|52\/100\n|move|p2b: Pingunator|Encore|p1a: Rillaboom\n|-start|p1a: Rillaboom|Encore\n|move|p1b: Heatran|Heat Wave|p2a: Bl\u00e6st|[spread] p2a,p2b\n|-supereffective|p2b: Pingunator\n|-damage|p2a: Bl\u00e6st|7\/100\n|-damage|p2b: Pingunator|0 fnt\n|faint|p2b: Pingunator\n|-end|p2b: Pingunator|Quark Drive|[silent]\n|-damage|p1b: Heatran|49\/100|[from] item: Life Orb\n|move|p2a: Bl\u00e6st|Bleakwind Storm|p1b: Heatran|[spread] p1a\n|-miss|p2a: Bl\u00e6st|p1b: Heatran\n|-supereffective|p1a: Rillaboom\n|-crit|p1a: Rillaboom\n|-damage|p1a: Rillaboom|0 fnt\n|faint|p1a: Rillaboom\n|\n|-heal|p1b: Heatran|55\/100|[from] Grassy Terrain\n|-sideend|p1: Willipino|move: Tailwind\n|-sideend|p2: Y4kle|move: Tailwind\n|upkeep\n|\n|t:|1700938593\n|switch|p2b: FlutaG|Flutter Mane, L50|100\/100\n|turn|5\n|\n|t:|1700938603\n|move|p2a: Bl\u00e6st|Sunny Day|p2a: Bl\u00e6st\n|-weather|SunnyDay\n|-activate|p2b: FlutaG|ability: Protosynthesis\n|-start|p2b: FlutaG|protosynthesisspa\n|move|p2b: FlutaG|Shadow Ball|p1b: Heatran\n|-damage|p1b: Heatran|0 fnt\n|faint|p1b: Heatran\n|-damage|p2b: FlutaG|91\/100|[from] item: Life Orb\n|\n|win|Y4kle\n|raw|Willipino's rating: 1432 &rarr; <strong>1408<\/strong><br \/>(-24 for losing)\n|raw|Y4kle's rating: 1360 &rarr; <strong>1384<\/strong><br \/>(+24 for winning)\n|l|\u2606Y4kle\n","uploadtime":1700938619,"views":10,"p1id":"willipino","p2id":"y4kle","formatid":"gen9vgc2023regulatione","rating":1384,"private":0,"password":""}