{"id":"gen9vgc2023regulatione-1990842562","p1":"5Sscreen","p2":"bug kid charlie","format":"[Gen 9] VGC 2023 Regulation E","log":"|j|\u26065Sscreen\n|j|\u2606bug kid charlie\n|t:|1700006578\n|gametype|doubles\n|player|p1|5Sscreen|pokekid|1085\n|player|p2|bug kid charlie|bugcatcher-gen4dp|1039\n|teamsize|p1|6\n|teamsize|p2|6\n|gen|9\n|tier|[Gen 9] VGC 2023 Regulation E\n|rated|\n|rule|Species Clause: Limit one of each Pok\u00e9mon\n|rule|Item Clause: Limit one of each item\n|clearpoke\n|poke|p1|Annihilape, L50, F|\n|poke|p1|Sinistcha, L50|\n|poke|p1|Grimmsnarl, L50, M|\n|poke|p1|Landorus-Therian, L50, M|\n|poke|p1|Bellibolt, L50, M|\n|poke|p1|Corviknight, L50, M|\n|poke|p2|Amoonguss, L50, F|\n|poke|p2|Landorus-Therian, L50, M|\n|poke|p2|Roaring Moon, L50|\n|poke|p2|Heatran, L50, M|\n|poke|p2|Flutter Mane, L50|\n|poke|p2|Iron Hands, L50|\n|teampreview|4\n|inactive|Battle timer is ON: inactive players will automatically lose when time's up. (requested by 5Sscreen)\n|\n|t:|1700006624\n|start\n|switch|p1a: Grimmsnarl|Grimmsnarl, L50, M, shiny|100\/100\n|switch|p1b: Landorus|Landorus-Therian, L50, M|100\/100\n|switch|p2a: Iron Hands|Iron Hands, L50|100\/100\n|switch|p2b: Flutter Mane|Flutter Mane, L50|100\/100\n|-ability|p1b: Landorus|Intimidate|boost\n|-unboost|p2a: Iron Hands|atk|1\n|-unboost|p2b: Flutter Mane|atk|1\n|turn|1\n|inactive|bug kid charlie has 30 seconds left.\n|\n|t:|1700006658\n|-terastallize|p2b: Flutter Mane|Fairy\n|move|p2a: Iron Hands|Fake Out|p1b: Landorus\n|-damage|p1b: Landorus|87\/100\n|move|p1a: Grimmsnarl|Light Screen|p1a: Grimmsnarl\n|-sidestart|p1: 5Sscreen|move: Light Screen\n|cant|p1b: Landorus|flinch\n|move|p2b: Flutter Mane|Dazzling Gleam|p1a: Grimmsnarl|[spread] p1a,p1b\n|-supereffective|p1a: Grimmsnarl\n|-crit|p1a: Grimmsnarl\n|-damage|p1a: Grimmsnarl|0 fnt\n|-damage|p1b: Landorus|44\/100\n|faint|p1a: Grimmsnarl\n|\n|upkeep\n|\n|t:|1700006670\n|switch|p1a: Annihilape|Annihilape, L50, F|100\/100\n|turn|2\n|\n|t:|1700006695\n|-end|p2a: Iron Hands|Quark Drive|[silent]\n|switch|p2a: Roaring Moon|Roaring Moon, L50|100\/100\n|-enditem|p2a: Roaring Moon|Booster Energy\n|-activate|p2a: Roaring Moon|ability: Protosynthesis|[fromitem]\n|-start|p2a: Roaring Moon|protosynthesisatk\n|-terastallize|p1a: Annihilape|Fire\n|move|p1b: Landorus|U-turn|p2b: Flutter Mane\n|-resisted|p2b: Flutter Mane\n|-damage|p2b: Flutter Mane|81\/100\n|\n|t:|1700006703\n|switch|p1b: Sinistcha|Sinistcha, L50|100\/100|[from] U-turn\n|move|p2b: Flutter Mane|Dazzling Gleam|p1b: Sinistcha|[spread] p1a,p1b\n|-resisted|p1a: Annihilape\n|-damage|p1a: Annihilape|86\/100\n|-damage|p1b: Sinistcha|62\/100\n|move|p1a: Annihilape|Drain Punch|p2a: Roaring Moon\n|-supereffective|p2a: Roaring Moon\n|-damage|p2a: Roaring Moon|19\/100\n|-heal|p1a: Annihilape|100\/100|[from] drain|[of] p2a: Roaring Moon\n|\n|upkeep\n|turn|3\n|\n|t:|1700006722\n|-end|p2a: Roaring Moon|Protosynthesis|[silent]\n|switch|p2a: Iron Hands|Iron Hands, L50|100\/100\n|move|p1b: Sinistcha|Protect|p1b: Sinistcha\n|-singleturn|p1b: Sinistcha|Protect\n|move|p2b: Flutter Mane|Dazzling Gleam|p1a: Annihilape|[spread] p1a\n|-activate|p1b: Sinistcha|move: Protect\n|-resisted|p1a: Annihilape\n|-damage|p1a: Annihilape|87\/100\n|move|p1a: Annihilape|Rage Fist|p2b: Flutter Mane\n|-damage|p2b: Flutter Mane|0 fnt\n|faint|p2b: Flutter Mane\n|-end|p2b: Flutter Mane|Protosynthesis|[silent]\n|\n|-heal|p1a: Annihilape|93\/100|[from] item: Leftovers\n|upkeep\n|\n|t:|1700006739\n|switch|p2b: Heatran|Heatran, L50, M|100\/100\n|turn|4\n|\n|t:|1700006755\n|switch|p1b: Landorus|Landorus-Therian, L50, M|44\/100\n|-ability|p1b: Landorus|Intimidate|boost\n|-unboost|p2a: Iron Hands|atk|1\n|-unboost|p2b: Heatran|atk|1\n|move|p1a: Annihilape|Protect|p1a: Annihilape\n|-singleturn|p1a: Annihilape|Protect\n|move|p2b: Heatran|Heat Wave|p1b: Landorus|[spread] \n|-activate|p1a: Annihilape|move: Protect\n|-miss|p2b: Heatran|p1b: Landorus\n|move|p2a: Iron Hands|Wild Charge|p1a: Annihilape\n|-activate|p1a: Annihilape|move: Protect\n|\n|-heal|p1a: Annihilape|99\/100|[from] item: Leftovers\n|upkeep\n|turn|5\n|inactive|5Sscreen has 30 seconds left.\n|inactive|bug kid charlie has 30 seconds left.\n|\n|t:|1700006787\n|move|p1b: Landorus|Stomping Tantrum|p2b: Heatran\n|-supereffective|p2b: Heatran\n|-damage|p2b: Heatran|0 fnt\n|faint|p2b: Heatran\n|move|p1a: Annihilape|Drain Punch|p2a: Iron Hands\n|-damage|p2a: Iron Hands|75\/100\n|-heal|p1a: Annihilape|100\/100|[from] drain|[of] p2a: Iron Hands\n|move|p2a: Iron Hands|Drain Punch|p1b: Landorus\n|-resisted|p1b: Landorus\n|-damage|p1b: Landorus|27\/100\n|-heal|p2a: Iron Hands|81\/100|[from] drain|[of] p1b: Landorus\n|\n|upkeep\n|\n|t:|1700006800\n|switch|p2b: Roaring Moon|Roaring Moon, L50|19\/100\n|turn|6\n|\n|t:|1700006813\n|move|p2b: Roaring Moon|Protect|p2b: Roaring Moon\n|-singleturn|p2b: Roaring Moon|Protect\n|move|p1b: Landorus|Stomping Tantrum|p2a: Iron Hands\n|-supereffective|p2a: Iron Hands\n|-damage|p2a: Iron Hands|22\/100\n|move|p1a: Annihilape|Drain Punch|p2b: Roaring Moon\n|-activate|p2b: Roaring Moon|move: Protect\n|move|p2a: Iron Hands|Drain Punch|p1a: Annihilape\n|-damage|p1a: Annihilape|71\/100\n|-heal|p2a: Iron Hands|35\/100|[from] drain|[of] p1a: Annihilape\n|\n|-heal|p1a: Annihilape|77\/100|[from] item: Leftovers\n|upkeep\n|turn|7\n|inactive|bug kid charlie has 30 seconds left.\n|\n|t:|1700006841\n|switch|p1b: Sinistcha|Sinistcha, L50|62\/100\n|-heal|p1a: Annihilape|100\/100|[from] ability: Hospitality|[of] p1b: Sinistcha\n|move|p2b: Roaring Moon|Acrobatics|p1b: Sinistcha\n|-supereffective|p1b: Sinistcha\n|-damage|p1b: Sinistcha|0 fnt\n|faint|p1b: Sinistcha\n|move|p1a: Annihilape|Drain Punch|p2b: Roaring Moon\n|-supereffective|p2b: Roaring Moon\n|-damage|p2b: Roaring Moon|0 fnt\n|faint|p2b: Roaring Moon\n|-end|p2b: Roaring Moon|Protosynthesis|[silent]\n|move|p2a: Iron Hands|Drain Punch|p1a: Annihilape\n|-damage|p1a: Annihilape|73\/100\n|-heal|p2a: Iron Hands|47\/100|[from] drain|[of] p1a: Annihilape\n|\n|-heal|p1a: Annihilape|79\/100|[from] item: Leftovers\n|upkeep\n|\n|t:|1700006857\n|switch|p1b: Landorus|Landorus-Therian, L50, M|27\/100\n|-ability|p1b: Landorus|Intimidate|boost\n|-unboost|p2a: Iron Hands|atk|1\n|turn|8\n|\n|t:|1700006867\n|move|p1b: Landorus|Stomping Tantrum|p2a: Iron Hands\n|-supereffective|p2a: Iron Hands\n|-damage|p2a: Iron Hands|0 fnt\n|faint|p2a: Iron Hands\n|-end|p2a: Iron Hands|Quark Drive|[silent]\n|\n|win|5Sscreen\n|raw|5Sscreen's rating: 1085 &rarr; <strong>1109<\/strong><br \/>(+24 for winning)\n|raw|bug kid charlie's rating: 1039 &rarr; <strong>1025<\/strong><br \/>(-14 for losing)\n|l|\u2606bug kid charlie\n","uploadtime":1700006878,"views":21,"p1id":"5sscreen","p2id":"bugkidcharlie","formatid":"gen9vgc2023regulatione","rating":1025,"private":0,"password":""}