{"id":"gen9vgc2023regulatione-1988437300","p1":"LegendVGC","p2":"Everybo-D","format":"[Gen 9] VGC 2023 Regulation E","log":"|j|\u2606LegendVGC\n|j|\u2606Everybo-D\n|n|\u2606LegendVGC|legendvgc\n|n|\u2606Everybo-D|everybod\n|html|View the match progress at <a href=\"\/game-bestof3-gen9vgc2023regulatione-1988430484\">game-bestof3-gen9vgc2023regulatione-1988430484<\/a>\n|t:|1699722861\n|gametype|doubles\n|player|p1|LegendVGC|102|\n|player|p2|Everybo-D|265|\n|teamsize|p1|6\n|teamsize|p2|6\n|gen|9\n|tier|[Gen 9] VGC 2023 Regulation E\n|rule|Species Clause: Limit one of each Pok\u00e9mon\n|rule|Item Clause: Limit one of each item\n|clearpoke\n|poke|p1|Toxapex, L50, M|\n|poke|p1|Revavroom, L50, F|\n|poke|p1|Articuno-Galar, L50|\n|poke|p1|Regidrago, L50|\n|poke|p1|Sneasler, L50, F|\n|poke|p1|Tauros-Paldea-Aqua, L50, M|\n|poke|p2|Iron Bundle, L50|\n|poke|p2|Thundurus, L50, M|\n|poke|p2|Arcanine, L50, M|\n|poke|p2|Tyranitar, L50, F|\n|poke|p2|Landorus, L50, M|\n|poke|p2|Hariyama, L50, M|\n|teampreview|4\nLegendVGC rejected open team sheets.\n|c|\u2606LegendVGC|so much for trying to be a fun guy\n|\n|t:|1699722969\n|start\n|switch|p1a: Articuno|Articuno-Galar, L50|100\/100\n|switch|p1b: Sneasler|Sneasler, L50, F|100\/100\n|switch|p2a: FlyingFortress|Landorus, L50, M|100\/100\n|switch|p2b: Bloon Impact|Tyranitar, L50, F|100\/100\n|-weather|Sandstorm|[from] ability: Sand Stream|[of] p2b: Bloon Impact\n|turn|1\n|\n|t:|1699723003\n|-terastallize|p1a: Articuno|Poison\n|move|p1b: Sneasler|Fake Out|p2a: FlyingFortress\n|-damage|p2a: FlyingFortress|85\/100\n|cant|p2a: FlyingFortress|flinch\n|move|p2b: Bloon Impact|Crunch|p1a: Articuno\n|-damage|p1a: Articuno|65\/100\n|move|p1a: Articuno|Trick Room|p1a: Articuno\n|-fieldstart|move: Trick Room|[of] p1a: Articuno\n|-enditem|p1a: Articuno|Room Service\n|-unboost|p1a: Articuno|spe|1|[from] item: Room Service\n|\n|-weather|Sandstorm|[upkeep]\n|-damage|p1a: Articuno|59\/100|[from] Sandstorm\n|-damage|p1b: Sneasler|95\/100|[from] Sandstorm\n|upkeep\n|turn|2\n|\n|t:|1699723080\n|switch|p2b: Big Bob|Hariyama, L50, M|100\/100\n|move|p2a: FlyingFortress|Protect|p2a: FlyingFortress\n|-singleturn|p2a: FlyingFortress|Protect\n|move|p1a: Articuno|Air Slash|p2a: FlyingFortress\n|-activate|p2a: FlyingFortress|move: Protect\n|move|p1b: Sneasler|Close Combat|p2b: Big Bob\n|-damage|p2b: Big Bob|47\/100\n|-unboost|p1b: Sneasler|def|1\n|-unboost|p1b: Sneasler|spd|1\n|\n|-weather|Sandstorm|[upkeep]\n|-damage|p1a: Articuno|53\/100|[from] Sandstorm\n|-damage|p2b: Big Bob|41\/100|[from] Sandstorm\n|-damage|p1b: Sneasler|89\/100|[from] Sandstorm\n|upkeep\n|turn|3\n|\n|t:|1699723152\n|move|p2b: Big Bob|Fake Out|p1a: Articuno\n|-damage|p1a: Articuno|41\/100\n|cant|p1a: Articuno|flinch\n|move|p1b: Sneasler|Close Combat|p2b: Big Bob\n|-damage|p2b: Big Bob|0 fnt\n|-unboost|p1b: Sneasler|def|1\n|-unboost|p1b: Sneasler|spd|1\n|faint|p2b: Big Bob\n|move|p2a: FlyingFortress|Earth Power|p1b: Sneasler\n|-supereffective|p1b: Sneasler\n|-damage|p1b: Sneasler|0 fnt\n|faint|p1b: Sneasler\n|\n|-weather|Sandstorm|[upkeep]\n|-damage|p1a: Articuno|35\/100|[from] Sandstorm\n|upkeep\n|\n|t:|1699723167\n|switch|p2b: Bloon Impact|Tyranitar, L50, F|100\/100\n|switch|p1b: Regidrago|Regidrago, L50|100\/100\n|turn|4\n|\n|t:|1699723230\n|-terastallize|p2a: FlyingFortress|Steel\n|move|p1a: Articuno|Air Slash|p2b: Bloon Impact\n|-resisted|p2b: Bloon Impact\n|-damage|p2b: Bloon Impact|93\/100\n|cant|p2b: Bloon Impact|flinch\n|move|p1b: Regidrago|Dragon Energy|p2b: Bloon Impact|[spread] p2a,p2b\n|-resisted|p2a: FlyingFortress\n|-damage|p2a: FlyingFortress|15\/100\n|-damage|p2b: Bloon Impact|47\/100\n|move|p2a: FlyingFortress|Earth Power|p1b: Regidrago\n|-damage|p1b: Regidrago|49\/100\n|\n|-weather|Sandstorm|[upkeep]\n|-damage|p1a: Articuno|28\/100|[from] Sandstorm\n|-damage|p1b: Regidrago|43\/100|[from] Sandstorm\n|upkeep\n|turn|5\n|\n|t:|1699723266\n|move|p2a: FlyingFortress|Protect|p2a: FlyingFortress\n|-singleturn|p2a: FlyingFortress|Protect\n|move|p1a: Articuno|Air Slash|p2b: Bloon Impact\n|-resisted|p2b: Bloon Impact\n|-damage|p2b: Bloon Impact|38\/100\n|move|p2b: Bloon Impact|Bulldoze|p1a: Articuno|[spread] p1a,p1b\n|-activate|p2a: FlyingFortress|move: Protect\n|-supereffective|p1a: Articuno\n|-damage|p1a: Articuno|2\/100\n|-damage|p1b: Regidrago|29\/100\n|-unboost|p1a: Articuno|spe|1\n|-ability|p1a: Articuno|Competitive|boost\n|-boost|p1a: Articuno|spa|2\n|-enditem|p2a: FlyingFortress|Mirror Herb\n|-boost|p2a: FlyingFortress|spa|2|[from] item: Mirror Herb\n|-unboost|p1b: Regidrago|spe|1\n|move|p1b: Regidrago|Dragon Energy|p2b: Bloon Impact|[spread] p2b\n|-activate|p2a: FlyingFortress|move: Protect\n|-damage|p2b: Bloon Impact|25\/100\n|\n|-weather|none\n|-fieldend|move: Trick Room\n|upkeep\n|turn|6\n|\n|t:|1699723287\n|switch|p1a: Tauros|Tauros-Paldea-Aqua, L50, M|100\/100\n|-ability|p1a: Tauros|Intimidate|boost\n|-unboost|p2a: FlyingFortress|atk|1\n|-unboost|p2b: Bloon Impact|atk|1\n|move|p2a: FlyingFortress|Earth Power|p1b: Regidrago\n|-damage|p1b: Regidrago|0 fnt\n|faint|p1b: Regidrago\n|move|p2b: Bloon Impact|Crunch|p1a: Tauros\n|-resisted|p1a: Tauros\n|-damage|p1a: Tauros|90\/100\n|\n|upkeep\n|\n|t:|1699723290\n|switch|p1b: Articuno|Articuno-Galar, L50, tera:Poison|2\/100\n|turn|7\n|\n|t:|1699723313\n|move|p2a: FlyingFortress|Psychic|p1a: Tauros\n|-supereffective|p1a: Tauros\n|-damage|p1a: Tauros|0 fnt\n|faint|p1a: Tauros\n|move|p1b: Articuno|Freezing Glare|p2a: FlyingFortress\n|-resisted|p2a: FlyingFortress\n|-damage|p2a: FlyingFortress|0 fnt\n|faint|p2a: FlyingFortress\n|move|p2b: Bloon Impact|Bulldoze|p1b: Articuno\n|-supereffective|p1b: Articuno\n|-damage|p1b: Articuno|0 fnt\n|faint|p1b: Articuno\n|\n|win|Everybo-D\n|c|\u2606LegendVGC|gg\n|c|\u2606Everybo-D|Gg\n|l|\u2606Everybo-D\n","uploadtime":1699723333,"views":34,"p1id":"legendvgc","p2id":"everybod","formatid":"gen9vgc2023regulatione","rating":0,"private":0,"password":""}