{"id":"gen9vgc2023regulatione-1996090338","p1":"tyl8","p2":"shivers6412","format":"[Gen 9] VGC 2023 Regulation E","log":"|j|\u2606tyl8\n|j|\u2606shivers6412\n|t:|1700642498\n|gametype|doubles\n|player|p1|tyl8|dawn|1529\n|player|p2|shivers6412|2|1457\n|teamsize|p1|6\n|teamsize|p2|6\n|gen|9\n|tier|[Gen 9] VGC 2023 Regulation E\n|rated|\n|rule|Species Clause: Limit one of each Pok\u00e9mon\n|rule|Item Clause: Limit one of each item\n|clearpoke\n|poke|p1|Ninetales-Alola, L50, M|\n|poke|p1|Glastrier, L50|\n|poke|p1|Farigiraf, L50, F|\n|poke|p1|Rillaboom, L50, F|\n|poke|p1|Ting-Lu, L50|\n|poke|p1|Arcanine-Hisui, L50, F|\n|poke|p2|Ninetales-Alola, L50, M|\n|poke|p2|Moltres-Galar, L50|\n|poke|p2|Sinistcha-Masterpiece, L50|\n|poke|p2|Arcanine-Hisui, L50, F|\n|poke|p2|Iron Hands, L50|\n|poke|p2|Baxcalibur, L50, M|\n|teampreview|4\n|inactive|Battle timer is ON: inactive players will automatically lose when time's up. (requested by tyl8)\n|inactive|shivers6412 has 60 seconds left.\n|\n|t:|1700642532\n|start\n|switch|p1a: Glastrier|Glastrier, L50|100\/100\n|switch|p1b: Arcanine|Arcanine-Hisui, L50, F|100\/100\n|switch|p2a: Arcanine|Arcanine-Hisui, L50, F|100\/100\n|switch|p2b: Moltres|Moltres-Galar, L50|100\/100\n|-ability|p2a: Arcanine|Intimidate|boost\n|-unboost|p1a: Glastrier|atk|1\n|-unboost|p1b: Arcanine|atk|1\n|-ability|p1b: Arcanine|Intimidate|boost\n|-unboost|p2a: Arcanine|atk|1\n|-unboost|p2b: Moltres|atk|1\n|turn|1\n|\n|t:|1700642553\n|switch|p1b: Ting-Lu|Ting-Lu, L50|100\/100\n|-ability|p1b: Ting-Lu|Vessel of Ruin\n|-terastallize|p2b: Moltres|Poison\n|move|p2a: Arcanine|Rock Slide|p1b: Ting-Lu|[spread] p1b\n|-miss|p2a: Arcanine|p1a: Glastrier\n|-resisted|p1b: Ting-Lu\n|-damage|p1b: Ting-Lu|95\/100\n|move|p2b: Moltres|Fiery Wrath|p1b: Ting-Lu|[spread] p1a,p1b\n|-resisted|p1b: Ting-Lu\n|-damage|p1a: Glastrier|88\/100\n|-damage|p1b: Ting-Lu|91\/100\n|move|p1a: Glastrier|Iron Defense|p1a: Glastrier\n|-boost|p1a: Glastrier|def|2\n|\n|-heal|p1a: Glastrier|94\/100|[from] item: Leftovers\n|upkeep\n|turn|2\n|inactive|shivers6412 has 30 seconds left.\n|\n|t:|1700642579\n|switch|p2a: Iron Hands|Iron Hands, L50|100\/100\n|move|p2b: Moltres|Nasty Plot|p2b: Moltres\n|-boost|p2b: Moltres|spa|2\n|move|p1b: Ting-Lu|Stomping Tantrum|p2a: Iron Hands\n|-supereffective|p2a: Iron Hands\n|-damage|p2a: Iron Hands|52\/100\n|move|p1a: Glastrier|Iron Defense|p1a: Glastrier\n|-boost|p1a: Glastrier|def|2\n|\n|-heal|p1a: Glastrier|100\/100|[from] item: Leftovers\n|upkeep\n|turn|3\n|inactive|shivers6412 has 30 seconds left.\n|\n|t:|1700642605\n|move|p1a: Glastrier|Protect|p1a: Glastrier\n|-singleturn|p1a: Glastrier|Protect\n|move|p2a: Iron Hands|Fake Out|p1b: Ting-Lu\n|-damage|p1b: Ting-Lu|81\/100\n|move|p2b: Moltres|Fiery Wrath|p1a: Glastrier|[spread] p1b\n|-activate|p1a: Glastrier|move: Protect\n|-resisted|p1b: Ting-Lu\n|-damage|p1b: Ting-Lu|73\/100\n|cant|p1b: Ting-Lu|flinch\n|\n|upkeep\n|turn|4\n|\n|t:|1700642623\n|move|p2b: Moltres|Fiery Wrath|p1a: Glastrier|[spread] p1a,p1b\n|-crit|p1a: Glastrier\n|-resisted|p1b: Ting-Lu\n|-damage|p1a: Glastrier|66\/100\n|-damage|p1b: Ting-Lu|65\/100\n|move|p2a: Iron Hands|Drain Punch|p1b: Ting-Lu\n|-supereffective|p1b: Ting-Lu\n|-damage|p1b: Ting-Lu|10\/100\n|-heal|p2a: Iron Hands|82\/100|[from] drain|[of] p1b: Ting-Lu\n|move|p1b: Ting-Lu|Stomping Tantrum|p2b: Moltres\n|-supereffective|p2b: Moltres\n|-damage|p2b: Moltres|0 fnt\n|faint|p2b: Moltres\n|move|p1a: Glastrier|Body Press|p2a: Iron Hands\n|-damage|p2a: Iron Hands|30\/100\n|\n|-heal|p1a: Glastrier|72\/100|[from] item: Leftovers\n|upkeep\n|\n|t:|1700642642\n|switch|p2b: Arcanine|Arcanine-Hisui, L50, F|100\/100\n|-ability|p2b: Arcanine|Intimidate|boost\n|-unboost|p1a: Glastrier|atk|1\n|-unboost|p1b: Ting-Lu|atk|1\n|turn|5\n|\n|t:|1700642654\n|switch|p1b: Arcanine|Arcanine-Hisui, L50, F|100\/100\n|-ability|p1b: Arcanine|Intimidate|boost\n|-unboost|p2a: Iron Hands|atk|1\n|-unboost|p2b: Arcanine|atk|1\n|-terastallize|p1a: Glastrier|Dragon\n|move|p2b: Arcanine|Rock Slide|p1b: Arcanine|[spread] p1a,p1b\n|-supereffective|p1b: Arcanine\n|-damage|p1a: Glastrier|67\/100\n|-damage|p1b: Arcanine|56\/100\n|move|p2a: Iron Hands|Drain Punch|p1a: Glastrier\n|-damage|p1a: Glastrier|59\/100\n|-heal|p2a: Iron Hands|33\/100|[from] drain|[of] p1a: Glastrier\n|move|p1a: Glastrier|Iron Defense|p1a: Glastrier\n|-boost|p1a: Glastrier|def|2\n|\n|-heal|p1a: Glastrier|66\/100|[from] item: Leftovers\n|upkeep\n|turn|6\n|inactive|tyl8 has 30 seconds left.\n|\n|t:|1700642681\n|move|p1b: Arcanine|Extreme Speed|p2a: Iron Hands\n|-crit|p2a: Iron Hands\n|-damage|p2a: Iron Hands|0 fnt\n|faint|p2a: Iron Hands\n|-end|p2a: Iron Hands|Quark Drive|[silent]\n|move|p2b: Arcanine|Rock Slide|p1a: Glastrier|[spread] p1a,p1b\n|-supereffective|p1b: Arcanine\n|-damage|p1a: Glastrier|62\/100\n|-damage|p1b: Arcanine|11\/100\n|move|p1a: Glastrier|Body Press|p2b: Arcanine\n|-supereffective|p2b: Arcanine\n|-damage|p2b: Arcanine|0 fnt\n|faint|p2b: Arcanine\n|-ability|p1a: Glastrier|Chilling Neigh|boost\n|-boost|p1a: Glastrier|atk|1\n|\n|-heal|p1a: Glastrier|69\/100|[from] item: Leftovers\n|upkeep\n|\n|t:|1700642699\n|switch|p2b: Baxcalibur|Baxcalibur, L50, M|100\/100\n|turn|7\n|\n|t:|1700642705\n|move|p1b: Arcanine|Extreme Speed|p2b: Baxcalibur\n|-damage|p2b: Baxcalibur|63\/100\n|move|p2b: Baxcalibur|Scale Shot|p1a: Glastrier\n|-supereffective|p1a: Glastrier\n|-damage|p1a: Glastrier|62\/100\n|-supereffective|p1a: Glastrier\n|-damage|p1a: Glastrier|56\/100\n|-supereffective|p1a: Glastrier\n|-damage|p1a: Glastrier|50\/100\n|-supereffective|p1a: Glastrier\n|-damage|p1a: Glastrier|44\/100\n|-hitcount|p1a: Glastrier|4\n|-unboost|p2b: Baxcalibur|def|1\n|-boost|p2b: Baxcalibur|spe|1\n|move|p1a: Glastrier|Body Press|p2b: Baxcalibur\n|-supereffective|p2b: Baxcalibur\n|-damage|p2b: Baxcalibur|0 fnt\n|faint|p2b: Baxcalibur\n|\n|win|tyl8\n|raw|tyl8's rating: 1529 &rarr; <strong>1545<\/strong><br \/>(+16 for winning)\n|raw|shivers6412's rating: 1457 &rarr; <strong>1441<\/strong><br \/>(-16 for losing)\n|c|\u2606tyl8|Gg\n|l|\u2606shivers6412\n","uploadtime":1700642724,"views":15,"p1id":"tyl8","p2id":"shivers6412","formatid":"gen9vgc2023regulatione","rating":1441,"private":0,"password":""}