{"id":"gen9vgc2023regulatione-1992706228","p1":"hellobeutifull","p2":"sumperkenny","format":"[Gen 9] VGC 2023 Regulation E","log":"|j|\u2606hellobeutifull\n|j|\u2606sumperkenny\n|t:|1700227444\n|gametype|doubles\n|player|p1|hellobeutifull|harlequin|1063\n|player|p2|sumperkenny|fisherman-gen4|1110\n|teamsize|p1|6\n|teamsize|p2|6\n|gen|9\n|tier|[Gen 9] VGC 2023 Regulation E\n|rated|\n|rule|Species Clause: Limit one of each Pok\u00e9mon\n|rule|Item Clause: Limit one of each item\n|clearpoke\n|poke|p1|Tornadus, L50, M|\n|poke|p1|Arcanine-Hisui, L50, M|\n|poke|p1|Iron Hands, L50|\n|poke|p1|Gholdengo, L50|\n|poke|p1|Urshifu-*, L50, M|\n|poke|p1|Ogerpon-Wellspring, L50, F|\n|poke|p2|Krookodile, L50, M|\n|poke|p2|Flamigo, L50, F|\n|poke|p2|Meowscarada, L50, F|\n|poke|p2|Flutter Mane, L50|\n|poke|p2|Iron Hands, L50|\n|poke|p2|Arcanine-Hisui, L50, F|\n|teampreview|4\n|inactive|Battle timer is ON: inactive players will automatically lose when time's up. (requested by sumperkenny)\nsumperkenny rejected open team sheets.\n|\n|t:|1700227458\n|start\n|switch|p1a: Ogerpon|Ogerpon-Wellspring, L50, F|100\/100\n|switch|p1b: Gholdengo|Gholdengo, L50|100\/100\n|switch|p2a: Krookodile|Krookodile, L50, M|100\/100\n|switch|p2b: Meowscarada|Meowscarada, L50, F|100\/100\n|turn|1\n|\n|t:|1700227479\n|-terastallize|p2a: Krookodile|Flying\n|move|p1a: Ogerpon|Follow Me|p1a: Ogerpon\n|-singleturn|p1a: Ogerpon|move: Follow Me\n|move|p2b: Meowscarada|Flower Trick|p1a: Ogerpon\n|-crit|p1a: Ogerpon\n|-damage|p1a: Ogerpon|63\/100\n|move|p2a: Krookodile|Stomping Tantrum|p1a: Ogerpon\n|-resisted|p1a: Ogerpon\n|-damage|p1a: Ogerpon|46\/100\n|move|p1b: Gholdengo|Nasty Plot|p1b: Gholdengo\n|-boost|p1b: Gholdengo|spa|2\n|\n|upkeep\n|turn|2\n|\n|t:|1700227498\n|move|p1a: Ogerpon|Spiky Shield|p1a: Ogerpon\n|-singleturn|p1a: Ogerpon|move: Protect\n|move|p2b: Meowscarada|Flower Trick|p2a: Krookodile\n|-resisted|p2a: Krookodile\n|-crit|p2a: Krookodile\n|-damage|p2a: Krookodile|77\/100\n|-setboost|p2a: Krookodile|atk|6|[from] ability: Anger Point\n|move|p2a: Krookodile|Stomping Tantrum|p1b: Gholdengo\n|-supereffective|p1b: Gholdengo\n|-damage|p1b: Gholdengo|0 fnt\n|faint|p1b: Gholdengo\n|\n|upkeep\n|\n|t:|1700227508\n|switch|p1b: Arcanine|Arcanine-Hisui, L50, M|100\/100\n|-ability|p1b: Arcanine|Intimidate|boost\n|-unboost|p2a: Krookodile|atk|1\n|-unboost|p2b: Meowscarada|atk|1\n|turn|3\n|\n|t:|1700227531\n|switch|p2b: Flamigo|Flamigo, L50, F|100\/100\n|-copyboost|p2b: Flamigo|p2a: Krookodile|[from] ability: Costar\n|-terastallize|p1b: Arcanine|Fairy\n|move|p2a: Krookodile|Stomping Tantrum|p1b: Arcanine\n|-damage|p1b: Arcanine|0 fnt\n|faint|p1b: Arcanine\n|move|p1a: Ogerpon|Ivy Cudgel|p2a: Krookodile|[anim] Ivy Cudgel Water\n|-damage|p2a: Krookodile|8\/100\n|-enditem|p2a: Krookodile|Salac Berry|[eat]\n|-boost|p2a: Krookodile|spe|1|[from] item: Salac Berry\n|\n|upkeep\n|\n|t:|1700227543\n|switch|p1b: Iron Hands|Iron Hands, L50|100\/100\n|turn|4\n|\n|t:|1700227550\n|move|p2a: Krookodile|Protect|p2a: Krookodile\n|-singleturn|p2a: Krookodile|Protect\n|move|p2b: Flamigo|Detect|p2b: Flamigo\n|-singleturn|p2b: Flamigo|Protect\n|move|p1a: Ogerpon|Spiky Shield|p1a: Ogerpon\n|-singleturn|p1a: Ogerpon|move: Protect\n|move|p1b: Iron Hands|Fake Out|p2a: Krookodile\n|-activate|p2a: Krookodile|move: Protect\n|\n|upkeep\n|turn|5\n|\n|t:|1700227563\n|move|p1b: Iron Hands|Fake Out||[still]\n|-hint|Fake Out only works on your first turn out.\n|-fail|p1b: Iron Hands\n|move|p2a: Krookodile|Stomping Tantrum|p1b: Iron Hands\n|-supereffective|p1b: Iron Hands\n|-damage|p1b: Iron Hands|0 fnt\n|faint|p1b: Iron Hands\n|-end|p1b: Iron Hands|Quark Drive|[silent]\n|move|p2b: Flamigo|Close Combat|p1a: Ogerpon\n|-damage|p1a: Ogerpon|0 fnt\n|-unboost|p2b: Flamigo|def|1\n|-unboost|p2b: Flamigo|spd|1\n|faint|p1a: Ogerpon\n|\n|win|sumperkenny\n|raw|hellobeutifull's rating: 1063 &rarr; <strong>1046<\/strong><br \/>(-17 for losing)\n|raw|sumperkenny's rating: 1110 &rarr; <strong>1132<\/strong><br \/>(+22 for winning)\n","uploadtime":1700227568,"views":16,"p1id":"hellobeutifull","p2id":"sumperkenny","formatid":"gen9vgc2023regulatione","rating":1046,"private":0,"password":""}