{"id":"gen9vgc2023regulatione-1999857075","p1":"The Carkol Rider","p2":"MyDressUpDeerling","format":"[Gen 9] VGC 2023 Regulation E","log":"|j|\u2606The Carkol Rider\n|j|\u2606MyDressUpDeerling\n|n|\u2606The Carkol Rider|thecarkolrider\n|n|\u2606MyDressUpDeerling|mydressupdeerling\n|html|View the match progress at <a href=\"\/game-bestof3-gen9vgc2023regulatione-1999853509\">game-bestof3-gen9vgc2023regulatione-1999853509<\/a>\n|t:|1701123330\n|gametype|doubles\n|player|p1|The Carkol Rider|grimsley|\n|player|p2|MyDressUpDeerling|carmine-festival|\n|teamsize|p1|6\n|teamsize|p2|6\n|gen|9\n|tier|[Gen 9] VGC 2023 Regulation E\n|rule|Species Clause: Limit one of each Pok\u00e9mon\n|rule|Item Clause: Limit one of each item\n|clearpoke\n|poke|p1|Chien-Pao, L50|\n|poke|p1|Dragonite, L50, F|\n|poke|p1|Tornadus, L50, M|\n|poke|p1|Ogerpon-Wellspring, L50, F|\n|poke|p1|Coalossal, L50, M|\n|poke|p1|Poltchageist, L50|\n|poke|p2|Landorus-Therian, L50, M|\n|poke|p2|Farigiraf, L50, F|\n|poke|p2|Ogerpon, L50, F|\n|poke|p2|Thundurus-Therian, L50, M|\n|poke|p2|Urshifu-*, L50, M|\n|poke|p2|Basculin-White-Striped, L50, M|\n|teampreview|4\nMyDressUpDeerling rejected open team sheets.\n|c|\u2606MyDressUpDeerling|glhf\n|c|\u2606The Carkol Rider|glhf\n|\n|t:|1701123382\n|start\n|switch|p1a: Tornadus|Tornadus, L50, M|100\/100\n|switch|p1b: Poltchageist|Poltchageist, L50|100\/100\n|switch|p2a: Landorus|Landorus-Therian, L50, M|100\/100\n|switch|p2b: Farigiraf|Farigiraf, L50, F|100\/100\n|-ability|p2a: Landorus|Intimidate|boost\n|-unboost|p1a: Tornadus|atk|1\n|-ability|p1a: Tornadus|Defiant|boost\n|-boost|p1a: Tornadus|atk|2\n|-enditem|p1a: Tornadus|Adrenaline Orb\n|-boost|p1a: Tornadus|spe|1|[from] item: Adrenaline Orb\n|-unboost|p1b: Poltchageist|atk|1\n|turn|1\n|\n|t:|1701123439\n|-terastallize|p1a: Tornadus|Ice\n|-terastallize|p2a: Landorus|Water\n|move|p1a: Tornadus|Tera Blast|p2a: Landorus|[anim] Tera Blast Ice\n|-resisted|p2a: Landorus\n|-damage|p2a: Landorus|70\/100\n|move|p2a: Landorus|Rock Slide|p1a: Tornadus|[spread] p1a,p1b\n|-supereffective|p1a: Tornadus\n|-damage|p1a: Tornadus|26\/100\n|-damage|p1b: Poltchageist|77\/100\n|move|p2b: Farigiraf|Dazzling Gleam|p1b: Poltchageist|[spread] p1a,p1b\n|-damage|p1a: Tornadus|1\/100\n|-damage|p1b: Poltchageist|56\/100\n|move|p1b: Poltchageist|Imprison|p1b: Poltchageist\n|-start|p1b: Poltchageist|move: Imprison\n|\n|upkeep\n|turn|2\n|\n|t:|1701123463\n|switch|p1b: Chien-Pao|Chien-Pao, L50|100\/100\n|-ability|p1b: Chien-Pao|Sword of Ruin\n|move|p2a: Landorus|Protect|p2a: Landorus\n|-singleturn|p2a: Landorus|Protect\n|move|p1a: Tornadus|Acrobatics|p2b: Farigiraf\n|-damage|p2b: Farigiraf|25\/100\n|-enditem|p2b: Farigiraf|Sitrus Berry|[eat]\n|-heal|p2b: Farigiraf|50\/100|[from] item: Sitrus Berry\n|move|p2b: Farigiraf|Dazzling Gleam|p1a: Tornadus|[spread] p1a,p1b\n|-supereffective|p1b: Chien-Pao\n|-damage|p1a: Tornadus|0 fnt\n|-damage|p1b: Chien-Pao|56\/100\n|faint|p1a: Tornadus\n|\n|upkeep\n|\n|t:|1701123477\n|switch|p1a: Ogerpon|Ogerpon-Wellspring, L50, F|100\/100\n|turn|3\n|\n|t:|1701123496\n|switch|p2a: Ogerpon|Ogerpon, L50, F|100\/100\n|move|p1b: Chien-Pao|Throat Chop|p2b: Farigiraf\n|-supereffective|p2b: Farigiraf\n|-damage|p2b: Farigiraf|0 fnt\n|faint|p2b: Farigiraf\n|move|p1a: Ogerpon|Horn Leech|p2a: Ogerpon\n|-resisted|p2a: Ogerpon\n|-damage|p2a: Ogerpon|72\/100\n|\n|upkeep\n|\n|t:|1701123510\n|switch|p2b: Urshifu|Urshifu, L50, M|100\/100\n|turn|4\n|\n|t:|1701123522\n|switch|p1b: Poltchageist|Poltchageist, L50|56\/100\n|move|p1a: Ogerpon|Ivy Cudgel|p2b: Urshifu|[anim] Ivy Cudgel Water\n|-damage|p2b: Urshifu|48\/100\n|move|p2a: Ogerpon|Ivy Cudgel|p1a: Ogerpon\n|-damage|p1a: Ogerpon|50\/100\n|move|p2b: Urshifu|Close Combat|p1b: Poltchageist\n|-immune|p1b: Poltchageist\n|\n|upkeep\n|turn|5\n|\n|t:|1701123552\n|switch|p2b: Landorus|Landorus-Therian, L50, M, tera:Water|70\/100\n|-ability|p2b: Landorus|Intimidate|boost\n|-unboost|p1a: Ogerpon|atk|1\n|-unboost|p1b: Poltchageist|atk|1\n|move|p1a: Ogerpon|Spiky Shield|p1a: Ogerpon\n|-singleturn|p1a: Ogerpon|move: Protect\n|move|p1b: Poltchageist|Rage Powder|p1b: Poltchageist\n|-singleturn|p1b: Poltchageist|move: Rage Powder\n|move|p2a: Ogerpon|Play Rough|p1b: Poltchageist\n|-crit|p1b: Poltchageist\n|-damage|p1b: Poltchageist|14\/100\n|\n|upkeep\n|turn|6\n|\n|t:|1701123570\n|move|p1a: Ogerpon|Horn Leech|p2b: Landorus\n|-supereffective|p2b: Landorus\n|-damage|p2b: Landorus|19\/100\n|-heal|p1a: Ogerpon|74\/100|[from] drain|[of] p2b: Landorus\n|move|p2a: Ogerpon|Ivy Cudgel|p1a: Ogerpon\n|-damage|p1a: Ogerpon|23\/100\n|move|p2b: Landorus|Rock Slide|p1b: Poltchageist|[spread] p1a\n|-miss|p2b: Landorus|p1b: Poltchageist\n|-damage|p1a: Ogerpon|0 fnt\n|faint|p1a: Ogerpon\n|move|p1b: Poltchageist|Memento|p2b: Landorus\n|-unboost|p2b: Landorus|atk|2\n|-unboost|p2b: Landorus|spa|2\n|faint|p1b: Poltchageist\n|\n|upkeep\n|\n|t:|1701123581\n|switch|p1b: Chien-Pao|Chien-Pao, L50|56\/100\n|-ability|p1b: Chien-Pao|Sword of Ruin\n|turn|7\n|c|\u2606MyDressUpDeerling|f\n|\n|t:|1701123595\n|move|p1b: Chien-Pao|Ice Spinner|p2b: Landorus\n|-resisted|p2b: Landorus\n|-damage|p2b: Landorus|0 fnt\n|faint|p2b: Landorus\n|move|p2a: Ogerpon|Play Rough|p1b: Chien-Pao\n|-supereffective|p1b: Chien-Pao\n|-damage|p1b: Chien-Pao|0 fnt\n|faint|p1b: Chien-Pao\n|\n|win|MyDressUpDeerling\n|c|\u2606The Carkol Rider|gg\n|c|\u2606MyDressUpDeerling|gg\n|c|&|\/uhtml prompt-mydressupdeerling,MyDressUpDeerling is ready for game 3!\n|c|&|\/uhtml prompt-thecarkolrider,The Carkol Rider is ready for game 3!\nBoth players are ready! Starting next match!\n","uploadtime":1701123607,"views":12,"p1id":"thecarkolrider","p2id":"mydressupdeerling","formatid":"gen9vgc2023regulatione","rating":0,"private":0,"password":""}