{"id":"gen9vgc2023regulatione-1996583851","p1":"exclusvty94","p2":"haamgamer07","format":"[Gen 9] VGC 2023 Regulation E","log":"|j|\u2606exclusvty94\n|j|\u2606haamgamer07\n|t:|1700697095\n|gametype|doubles\n|player|p1|exclusvty94|170|1191\n|player|p2|haamgamer07|266|1293\n|teamsize|p1|6\n|teamsize|p2|6\n|gen|9\n|tier|[Gen 9] VGC 2023 Regulation E\n|rated|\n|rule|Species Clause: Limit one of each Pok\u00e9mon\n|rule|Item Clause: Limit one of each item\n|clearpoke\n|poke|p1|Ursaluna-Bloodmoon, L50, M|\n|poke|p1|Iron Hands, L50|\n|poke|p1|Chien-Pao, L50|\n|poke|p1|Farigiraf, L50, M|\n|poke|p1|Roaring Moon, L50|\n|poke|p1|Urshifu-*, L50, F|\n|poke|p2|Flutter Mane, L50|\n|poke|p2|Iron Hands, L50|\n|poke|p2|Ogerpon-Hearthflame, L50, F|\n|poke|p2|Cresselia, L50, F|\n|poke|p2|Ursaluna, L50, F|\n|poke|p2|Empoleon, L50, M|\n|teampreview|4\n|inactive|Battle timer is ON: inactive players will automatically lose when time's up. (requested by haamgamer07)\n|inactive|exclusvty94 has 60 seconds left.\n|inactive|haamgamer07 has 60 seconds left.\n|inactive|haamgamer07 has 30 seconds left.\n|inactive|haamgamer07 has 20 seconds left.\n|\n|t:|1700697172\n|start\n|switch|p1a: Farigiraf|Farigiraf, L50, M|100\/100\n|switch|p1b: Roaring Moon|Roaring Moon, L50|100\/100\n|switch|p2a: Flutter Mane|Flutter Mane, L50|100\/100\n|switch|p2b: Ogerpon|Ogerpon-Hearthflame, L50, F|100\/100\n|-ability|p2b: Ogerpon|Mold Breaker\n|-enditem|p1b: Roaring Moon|Booster Energy\n|-activate|p1b: Roaring Moon|ability: Protosynthesis|[fromitem]\n|-start|p1b: Roaring Moon|protosynthesisspe\n|turn|1\n|inactive|haamgamer07 has 30 seconds left.\n|\n|t:|1700697201\n|-terastallize|p2b: Ogerpon|Fire\n|detailschange|p2b: Ogerpon|Ogerpon-Hearthflame-Tera, L50, F, tera:Fire\n|-ability|p2b: Ogerpon|Embody Aspect (Hearthflame)|boost\n|-boost|p2b: Ogerpon|atk|1\n|move|p1a: Farigiraf|Helping Hand|p1b: Roaring Moon\n|-singleturn|p1b: Roaring Moon|Helping Hand|[of] p1a: Farigiraf\n|move|p2a: Flutter Mane|Protect|p2a: Flutter Mane\n|-singleturn|p2a: Flutter Mane|Protect\n|move|p1b: Roaring Moon|Knock Off|p2a: Flutter Mane\n|-activate|p2a: Flutter Mane|move: Protect\n|move|p2b: Ogerpon|Ivy Cudgel|p1b: Roaring Moon|[anim] Ivy Cudgel Fire\n|-resisted|p1b: Roaring Moon\n|-damage|p1b: Roaring Moon|20\/100\n|\n|upkeep\n|turn|2\n|inactive|haamgamer07 has 30 seconds left.\n|\n|t:|1700697227\n|move|p1a: Farigiraf|Helping Hand|p1b: Roaring Moon\n|-singleturn|p1b: Roaring Moon|Helping Hand|[of] p1a: Farigiraf\n|move|p2b: Ogerpon|Follow Me|p2b: Ogerpon\n|-singleturn|p2b: Ogerpon|move: Follow Me\n|move|p1b: Roaring Moon|Knock Off|p2b: Ogerpon\n|-damage|p2b: Ogerpon|44\/100\n|move|p2a: Flutter Mane|Dazzling Gleam|p1a: Farigiraf|[spread] p1a,p1b\n|-supereffective|p1b: Roaring Moon\n|-damage|p1a: Farigiraf|68\/100\n|-damage|p1b: Roaring Moon|0 fnt\n|faint|p1b: Roaring Moon\n|-end|p1b: Roaring Moon|Protosynthesis|[silent]\n|\n|upkeep\n|inactive|exclusvty94 has 30 seconds left.\n|inactive|exclusvty94 has 20 seconds left.\n|inactive|exclusvty94 has 15 seconds left.\n|inactive|exclusvty94 has 10 seconds left.\n|inactive|exclusvty94 has 5 seconds left.\n|\n|t:|1700697282\n|switch|p1b: Chien-Pao|Chien-Pao, L50|100\/100\n|-ability|p1b: Chien-Pao|Sword of Ruin\n|turn|3\n|inactive|exclusvty94 has 30 seconds left.\n|inactive|exclusvty94 has 20 seconds left.\n|inactive|exclusvty94 has 15 seconds left.\n|inactive|exclusvty94 has 10 seconds left.\n|inactive|exclusvty94 has 5 seconds left.\n|\n|t:|1700697333\n|move|p2b: Ogerpon|Follow Me|p2b: Ogerpon\n|-singleturn|p2b: Ogerpon|move: Follow Me\n|move|p1b: Chien-Pao|Sucker Punch||[still]\n|-fail|p1b: Chien-Pao\n|move|p2a: Flutter Mane|Dazzling Gleam|p1b: Chien-Pao|[spread] p1a,p1b\n|-supereffective|p1b: Chien-Pao\n|-damage|p1a: Farigiraf|36\/100\n|-damage|p1b: Chien-Pao|0 fnt\n|faint|p1b: Chien-Pao\n|move|p1a: Farigiraf|Psychic|p2b: Ogerpon\n|-damage|p2b: Ogerpon|4\/100\n|\n|upkeep\n|\n|t:|1700697346\n|switch|p1b: Ursaluna|Ursaluna-Bloodmoon, L50, M|100\/100\n|turn|4\n|\n|t:|1700697360\n|-terastallize|p1b: Ursaluna|Ghost\n|move|p1a: Farigiraf|Helping Hand|p1b: Ursaluna\n|-singleturn|p1b: Ursaluna|Helping Hand|[of] p1a: Farigiraf\n|move|p2a: Flutter Mane|Dazzling Gleam|p1b: Ursaluna|[spread] p1a,p1b\n|-damage|p1a: Farigiraf|3\/100\n|-damage|p1b: Ursaluna|66\/100\n|move|p2b: Ogerpon|Horn Leech|p1b: Ursaluna\n|-damage|p1b: Ursaluna|12\/100\n|-heal|p2b: Ogerpon|35\/100|[from] drain|[of] p1b: Ursaluna\n|move|p1b: Ursaluna|Hyper Voice|p2b: Ogerpon|[spread] p2a,p2b\n|-damage|p2a: Flutter Mane|33\/100\n|-damage|p2b: Ogerpon|0 fnt\n|faint|p2b: Ogerpon\n|-enditem|p1b: Ursaluna|Throat Spray\n|-boost|p1b: Ursaluna|spa|1|[from] item: Throat Spray\n|\n|upkeep\n|\n|t:|1700697385\n|switch|p2b: Iron Hands|Iron Hands, L50|100\/100\n|turn|5\n|\n|t:|1700697399\n|move|p1a: Farigiraf|Helping Hand|p1b: Ursaluna\n|-singleturn|p1b: Ursaluna|Helping Hand|[of] p1a: Farigiraf\n|move|p1b: Ursaluna|Vacuum Wave|p2a: Flutter Mane\n|-resisted|p2a: Flutter Mane\n|-damage|p2a: Flutter Mane|14\/100\n|move|p2a: Flutter Mane|Dazzling Gleam|p1a: Farigiraf|[spread] p1a,p1b\n|-damage|p1a: Farigiraf|0 fnt\n|-damage|p1b: Ursaluna|0 fnt\n|faint|p1a: Farigiraf\n|faint|p1b: Ursaluna\n|\n|win|haamgamer07\n|raw|exclusvty94's rating: 1191 &rarr; <strong>1173<\/strong><br \/>(-18 for losing)\n|raw|haamgamer07's rating: 1293 &rarr; <strong>1311<\/strong><br \/>(+18 for winning)\n","uploadtime":1700697416,"views":20,"p1id":"exclusvty94","p2id":"haamgamer07","formatid":"gen9vgc2023regulatione","rating":1173,"private":0,"password":""}