{"id":"gen9vgc2023regulatione-1999309083","p1":"BattleBlazikenVGC","p2":"LegnaK","format":"[Gen 9] VGC 2023 Regulation E","log":"|j|\u2606BattleBlazikenVGC\n|j|\u2606LegnaK\n|n|\u2606BattleBlazikenVGC|battleblazikenvgc\n|n|\u2606LegnaK|legnak\n|html|View the match progress at <a href=\"\/game-bestof3-gen9vgc2023regulatione-1999304575\">game-bestof3-gen9vgc2023regulatione-1999304575<\/a>\n|t:|1701058222\n|gametype|doubles\n|player|p1|BattleBlazikenVGC|ltsurge|\n|player|p2|LegnaK|colress|\n|teamsize|p1|6\n|teamsize|p2|6\n|gen|9\n|tier|[Gen 9] VGC 2023 Regulation E\n|rule|Species Clause: Limit one of each Pok\u00e9mon\n|rule|Item Clause: Limit one of each item\n|clearpoke\n|poke|p1|Drifblim, L50, M|\n|poke|p1|Clefairy, L50, F|\n|poke|p1|Dondozo, L50, F|\n|poke|p1|Tatsugiri, L50, F|\n|poke|p1|Azelf, L50|\n|poke|p1|Flamigo, L50, M|\n|poke|p2|Arcanine-Hisui, L50, F|\n|poke|p2|Ogerpon, L50, F|\n|poke|p2|Dondozo, L50, M|\n|poke|p2|Tatsugiri, L50, F|\n|poke|p2|Gholdengo, L50|\n|poke|p2|Tornadus, L50, M|\n|teampreview|4\n|\n|t:|1701058286\n|start\n|switch|p1a: Flamigo|Flamigo, L50, M|100\/100\n|switch|p1b: Dondozo|Dondozo, L50, F|100\/100\n|switch|p2a: Derecho|Tornadus, L50, M, shiny|100\/100\n|switch|p2b: Chedda|Gholdengo, L50|100\/100\n|-copyboost|p1a: Flamigo|p1b: Dondozo|[from] ability: Costar\n|turn|1\n|\n|t:|1701058302\n|switch|p1b: Tatsugiri|Tatsugiri, L50, F|100\/100\n|move|p2a: Derecho|Bleakwind Storm|p1b: Tatsugiri|[spread] p1a,p1b\n|-supereffective|p1a: Flamigo\n|-damage|p1a: Flamigo|0 fnt\n|-damage|p1b: Tatsugiri|58\/100\n|faint|p1a: Flamigo\n|move|p2b: Chedda|Trick|p1b: Tatsugiri\n|-activate|p2b: Chedda|move: Trick|[of] p1b: Tatsugiri\n|-item|p1b: Tatsugiri|Choice Specs|[from] move: Trick\n|-item|p2b: Chedda|Toxic Orb|[from] move: Trick\n|\n|upkeep\n|\n|t:|1701058316\n|switch|p1a: Dondozo|Dondozo, L50, F|100\/100\n|-activate|p1b: Tatsugiri|ability: Commander|[of] p1a: Dondozo\n|-boost|p1a: Dondozo|atk|2\n|-boost|p1a: Dondozo|spa|2\n|-boost|p1a: Dondozo|spe|2\n|-boost|p1a: Dondozo|def|2\n|-boost|p1a: Dondozo|spd|2\n|turn|2\n|\n|t:|1701058331\n|-terastallize|p1a: Dondozo|Poison\n|move|p2a: Derecho|Tailwind|p2a: Derecho\n|-sidestart|p2: LegnaK|move: Tailwind\n|move|p2b: Chedda|Trick|p1a: Dondozo\n|-activate|p2b: Chedda|move: Trick|[of] p1a: Dondozo\n|-item|p1a: Dondozo|Toxic Orb|[from] move: Trick\n|-item|p2b: Chedda|Leftovers|[from] move: Trick\n|move|p1a: Dondozo|Order Up|p2a: Derecho\n|-damage|p2a: Derecho|38\/100\n|-boost|p1a: Dondozo|atk|1\n|\n|upkeep\n|turn|3\n|\n|t:|1701058345\n|move|p2a: Derecho|Bleakwind Storm|p1a: Dondozo|[spread] \n|-miss|p2a: Derecho|p1b: Tatsugiri\n|-miss|p2a: Derecho|p1a: Dondozo\n|move|p2b: Chedda|Make It Rain|p1a: Dondozo|[spread] p1a\n|-miss|p2b: Chedda|p1b: Tatsugiri\n|-damage|p1a: Dondozo|74\/100\n|-unboost|p2b: Chedda|spa|1\n|move|p1a: Dondozo|Order Up|p2a: Derecho\n|-damage|p2a: Derecho|0 fnt\n|faint|p2a: Derecho\n|-boost|p1a: Dondozo|atk|1\n|\n|upkeep\n|\n|t:|1701058350\n|switch|p2a: Sushi|Tatsugiri, L50, F|100\/100\n|turn|4\n|\n|t:|1701058358\n|move|p2b: Chedda|Make It Rain|p1a: Dondozo|[spread] p1a\n|-miss|p2b: Chedda|p1b: Tatsugiri\n|-crit|p1a: Dondozo\n|-damage|p1a: Dondozo|0 fnt\n|-unboost|p2b: Chedda|spa|1\n|faint|p1a: Dondozo\n|move|p2a: Sushi|Draco Meteor|p1b: Tatsugiri\n|-supereffective|p1b: Tatsugiri\n|-damage|p1b: Tatsugiri|0 fnt\n|-unboost|p2a: Sushi|spa|2\n|faint|p1b: Tatsugiri\n|\n|upkeep\n|c|\u2606BattleBlazikenVGC|HE KNEW IT WAS COMING\n|c|\u2606BattleBlazikenVGC|that is terrifying\n|\n|t:|1701058380\n|switch|p1a: Drifblim|Drifblim, L50, M|100\/100\n|turn|5\n|\n|t:|1701058387\n|move|p2b: Chedda|Shadow Ball|p1a: Drifblim\n|-supereffective|p1a: Drifblim\n|-damage|p1a: Drifblim|51\/100\n|move|p2a: Sushi|Draco Meteor|p1a: Drifblim\n|-damage|p1a: Drifblim|15\/100\n|-unboost|p2a: Sushi|spa|2\n|-enditem|p1a: Drifblim|Sitrus Berry|[eat]\n|-heal|p1a: Drifblim|40\/100|[from] item: Sitrus Berry\n|move|p1a: Drifblim|Minimize|p1a: Drifblim\n|-boost|p1a: Drifblim|evasion|2\n|\n|-sideend|p2: LegnaK|move: Tailwind\n|upkeep\n|turn|6\n|\n|t:|1701058406\n|move|p1a: Drifblim|Calm Mind|p1a: Drifblim\n|-boost|p1a: Drifblim|spa|1\n|-boost|p1a: Drifblim|spd|1\n|move|p2b: Chedda|Shadow Ball|p1a: Drifblim\n|-supereffective|p1a: Drifblim\n|-damage|p1a: Drifblim|9\/100\n|move|p2a: Sushi|Draco Meteor|p1a: Drifblim\n|-damage|p1a: Drifblim|0 fnt\n|-unboost|p2a: Sushi|spa|2\n|faint|p1a: Drifblim\n|\n|win|LegnaK\n","uploadtime":1701058431,"views":2,"p1id":"battleblazikenvgc","p2id":"legnak","formatid":"gen9vgc2023regulatione","rating":0,"private":0,"password":""}