{"id":"gen9vgc2023regulatione-1993672894","p1":"Steve9998","p2":"RobDaBob","format":"[Gen 9] VGC 2023 Regulation E","log":"|j|\u2606Steve9998\n|j|\u2606RobDaBob\n|t:|1700344027\n|gametype|doubles\n|player|p1|Steve9998|266|1047\n|player|p2|RobDaBob|rood|1132\n|teamsize|p1|6\n|teamsize|p2|6\n|gen|9\n|tier|[Gen 9] VGC 2023 Regulation E\n|rated|\n|rule|Species Clause: Limit one of each Pok\u00e9mon\n|rule|Item Clause: Limit one of each item\n|clearpoke\n|poke|p1|Urshifu-*, L50, F|\n|poke|p1|Iron Hands, L50|\n|poke|p1|Chien-Pao, L50|\n|poke|p1|Tornadus, L50, M|\n|poke|p1|Gholdengo, L50|\n|poke|p1|Arcanine-Hisui, L50, F|\n|poke|p2|Dondozo, L50, F|\n|poke|p2|Tatsugiri, L50, M|\n|poke|p2|Urshifu-*, L50, F|\n|poke|p2|Chi-Yu, L50|\n|poke|p2|Amoonguss, L50, F|\n|poke|p2|Flutter Mane, L50|\n|teampreview|4\n|\n|t:|1700344068\n|start\n|switch|p1a: Iron Hands|Iron Hands, L50, shiny|100\/100\n|switch|p1b: Gholdengo|Gholdengo, L50|100\/100\n|switch|p2a: Dondozo|Dondozo, L50, F|100\/100\n|switch|p2b: Tatsugiri|Tatsugiri, L50, M, shiny|100\/100\n|-activate|p2b: Tatsugiri|ability: Commander|[of] p2a: Dondozo\n|-boost|p2a: Dondozo|atk|2\n|-boost|p2a: Dondozo|spa|2\n|-boost|p2a: Dondozo|spe|2\n|-boost|p2a: Dondozo|def|2\n|-boost|p2a: Dondozo|spd|2\n|turn|1\n|\n|t:|1700344087\n|-terastallize|p2a: Dondozo|Electric\n|move|p1a: Iron Hands|Fake Out|p2a: Dondozo\n|-damage|p2a: Dondozo|94\/100\n|cant|p2a: Dondozo|flinch\n|move|p1b: Gholdengo|Nasty Plot|p1b: Gholdengo\n|-boost|p1b: Gholdengo|spa|2\n|\n|-heal|p2a: Dondozo|100\/100|[from] item: Leftovers\n|-status|p2b: Tatsugiri|tox|[from] item: Toxic Orb\n|upkeep\n|turn|2\n|\n|t:|1700344117\n|-terastallize|p1a: Iron Hands|Grass\n|move|p2a: Dondozo|Order Up|p1b: Gholdengo\n|-resisted|p1b: Gholdengo\n|-damage|p1b: Gholdengo|76\/100\n|-boost|p2a: Dondozo|atk|1\n|move|p1b: Gholdengo|Shadow Ball|p2a: Dondozo\n|-damage|p2a: Dondozo|71\/100\n|-unboost|p2a: Dondozo|spd|1\n|-damage|p1b: Gholdengo|66\/100|[from] item: Life Orb\n|move|p1a: Iron Hands|Drain Punch|p2a: Dondozo\n|-crit|p2a: Dondozo\n|-damage|p2a: Dondozo|31\/100\n|\n|-heal|p2a: Dondozo|38\/100|[from] item: Leftovers\n|-damage|p2b: Tatsugiri|95\/100 tox|[from] psn\n|upkeep\n|turn|3\n|\n|t:|1700344140\n|move|p2a: Dondozo|Protect|p2a: Dondozo\n|-singleturn|p2a: Dondozo|Protect\n|move|p1b: Gholdengo|Shadow Ball|p2a: Dondozo\n|-activate|p2a: Dondozo|move: Protect\n|move|p1a: Iron Hands|Drain Punch|p2a: Dondozo\n|-activate|p2a: Dondozo|move: Protect\n|\n|-heal|p2a: Dondozo|44\/100|[from] item: Leftovers\n|-damage|p2b: Tatsugiri|84\/100 tox|[from] psn\n|upkeep\n|turn|4\n|\n|t:|1700344154\n|move|p2a: Dondozo|Order Up|p1b: Gholdengo\n|-resisted|p1b: Gholdengo\n|-damage|p1b: Gholdengo|37\/100\n|-boost|p2a: Dondozo|atk|1\n|move|p1b: Gholdengo|Shadow Ball|p2a: Dondozo\n|-damage|p2a: Dondozo|6\/100\n|-damage|p1b: Gholdengo|27\/100|[from] item: Life Orb\n|move|p1a: Iron Hands|Drain Punch|p2a: Dondozo\n|-damage|p2a: Dondozo|0 fnt\n|faint|p2a: Dondozo\n|\n|-damage|p2b: Tatsugiri|67\/100 tox|[from] psn\n|upkeep\n|\n|t:|1700344169\n|switch|p2a: Flutter Mane|Flutter Mane, L50|100\/100\n|turn|5\n|\n|t:|1700344179\n|move|p2a: Flutter Mane|Shadow Ball|p1b: Gholdengo\n|-supereffective|p1b: Gholdengo\n|-damage|p1b: Gholdengo|0 fnt\n|faint|p1b: Gholdengo\n|move|p2b: Tatsugiri|Memento|p1a: Iron Hands\n|-unboost|p1a: Iron Hands|atk|2\n|-unboost|p1a: Iron Hands|spa|2\n|faint|p2b: Tatsugiri\n|move|p1a: Iron Hands|Heavy Slam|p2a: Flutter Mane\n|-supereffective|p2a: Flutter Mane\n|-damage|p2a: Flutter Mane|10\/100\n|\n|upkeep\n|\n|t:|1700344191\n|switch|p2b: Amoonguss|Amoonguss, L50, F|100\/100\n|switch|p1b: Urshifu|Urshifu-Rapid-Strike, L50, F|100\/100\n|turn|6\n|\n|t:|1700344201\n|move|p2b: Amoonguss|Rage Powder|p2b: Amoonguss\n|-singleturn|p2b: Amoonguss|move: Rage Powder\n|move|p1b: Urshifu|Aqua Jet|p2b: Amoonguss\n|-resisted|p2b: Amoonguss\n|-damage|p2b: Amoonguss|93\/100\n|move|p2a: Flutter Mane|Dazzling Gleam|p1a: Iron Hands|[spread] p1a,p1b\n|-supereffective|p1b: Urshifu\n|-damage|p1a: Iron Hands|86\/100\n|-damage|p1b: Urshifu|0 fnt\n|faint|p1b: Urshifu\n|move|p1a: Iron Hands|Drain Punch|p2b: Amoonguss\n|-resisted|p2b: Amoonguss\n|-damage|p2b: Amoonguss|85\/100\n|-heal|p1a: Iron Hands|89\/100|[from] drain|[of] p2b: Amoonguss\n|\n|upkeep\n|\n|t:|1700344213\n|switch|p1b: Arcanine|Arcanine-Hisui, L50, F, shiny|100\/100\n|-ability|p1b: Arcanine|Intimidate|boost\n|-unboost|p2a: Flutter Mane|atk|1\n|-unboost|p2b: Amoonguss|atk|1\n|turn|7\n|\n|t:|1700344243\n|move|p2b: Amoonguss|Rage Powder|p2b: Amoonguss\n|-singleturn|p2b: Amoonguss|move: Rage Powder\n|move|p2a: Flutter Mane|Power Gem|p1b: Arcanine\n|-supereffective|p1b: Arcanine\n|-damage|p1b: Arcanine|36\/100\n|move|p1b: Arcanine|Rock Slide|p2a: Flutter Mane|[spread] p2a,p2b\n|-damage|p2a: Flutter Mane|0 fnt\n|-damage|p2b: Amoonguss|52\/100\n|faint|p2a: Flutter Mane\n|-end|p2a: Flutter Mane|Protosynthesis|[silent]\n|move|p1a: Iron Hands|Drain Punch|p2b: Amoonguss\n|-resisted|p2b: Amoonguss\n|-damage|p2b: Amoonguss|44\/100\n|-heal|p1a: Iron Hands|93\/100|[from] drain|[of] p2b: Amoonguss\n|-enditem|p2b: Amoonguss|Sitrus Berry|[eat]\n|-heal|p2b: Amoonguss|69\/100|[from] item: Sitrus Berry\n|\n|upkeep\n|turn|8\n|-message|RobDaBob forfeited.\n|\n|win|Steve9998\n|raw|Steve9998's rating: 1047 &rarr; <strong>1088<\/strong><br \/>(+41 for winning)\n|raw|RobDaBob's rating: 1132 &rarr; <strong>1101<\/strong><br \/>(-31 for losing)\n|l|\u2606RobDaBob\n","uploadtime":1700344268,"views":7,"p1id":"steve9998","p2id":"robdabob","formatid":"gen9vgc2023regulatione","rating":1088,"private":0,"password":""}