{"id":"gen9vgc2023regulatione-1992457074","p1":"WobbahYT","p2":"Sketch Hero","format":"[Gen 9] VGC 2023 Regulation E","log":"|j|\u2606WobbahYT\n|j|\u2606Sketch Hero\n|t:|1700189871\n|gametype|doubles\n|player|p1|WobbahYT|emmet|1129\n|player|p2|Sketch Hero|red|1104\n|teamsize|p1|6\n|teamsize|p2|6\n|gen|9\n|tier|[Gen 9] VGC 2023 Regulation E\n|rated|\n|rule|Species Clause: Limit one of each Pok\u00e9mon\n|rule|Item Clause: Limit one of each item\n|clearpoke\n|poke|p1|Zapdos, L50|\n|poke|p1|Politoed, L50, M|\n|poke|p1|Weezing-Galar, L50, M|\n|poke|p1|Chien-Pao, L50|\n|poke|p1|Kingambit, L50, F|\n|poke|p1|Basculegion, L50, M|\n|poke|p2|Tornadus, L50, M|\n|poke|p2|Ceruledge, L50, M|\n|poke|p2|Regidrago, L50|\n|poke|p2|Iron Hands, L50|\n|poke|p2|Amoonguss, L50, M|\n|poke|p2|Falinks, L50|\n|teampreview|4\nSketch Hero has agreed to open team sheets.\n|c|\u2606Sketch Hero|glhf\n|c|\u2606WobbahYT|Hf\nWobbahYT has agreed to open team sheets.\n|\n|t:|1700189924\n|start\n|switch|p1a: Weezing|Weezing-Galar, L50, M, shiny|100\/100\n|switch|p1b: Zapdos|Zapdos, L50|100\/100\n|switch|p2a: Big Tony|Iron Hands, L50, shiny|100\/100\n|switch|p2b: Bit Windy|Tornadus, L50, M|100\/100\n|-ability|p1a: Weezing|Neutralizing Gas\n|turn|1\n|\n|t:|1700189949\n|switch|p2b: Sussus Amogus|Amoonguss, L50, M, shiny|100\/100\n|move|p1b: Zapdos|Hurricane|p2a: Big Tony\n|-damage|p2a: Big Tony|46\/100\n|-start|p2a: Big Tony|confusion\n|move|p1a: Weezing|Thunder|p2b: Sussus Amogus|[miss]\n|-miss|p1a: Weezing|p2b: Sussus Amogus\n|-activate|p2a: Big Tony|confusion\n|-damage|p2a: Big Tony|35\/100|[from] confusion\n|\n|upkeep\n|turn|2\n|\n|t:|1700189967\n|move|p1b: Zapdos|Hurricane|p2b: Sussus Amogus\n|-supereffective|p2b: Sussus Amogus\n|-damage|p2b: Sussus Amogus|0 fnt\n|faint|p2b: Sussus Amogus\n|move|p1a: Weezing|Will-O-Wisp|p2a: Big Tony\n|-status|p2a: Big Tony|brn\n|-activate|p2a: Big Tony|confusion\n|move|p2a: Big Tony|Heavy Slam|p1a: Weezing\n|-supereffective|p1a: Weezing\n|-damage|p1a: Weezing|67\/100\n|\n|-heal|p1a: Weezing|73\/100|[from] item: Leftovers\n|-damage|p2a: Big Tony|29\/100 brn|[from] brn\n|upkeep\n|\n|t:|1700189980\n|switch|p2b: Bit Windy|Tornadus, L50, M|100\/100\n|turn|3\n|\n|t:|1700189991\n|move|p1b: Zapdos|Hurricane|p2a: Big Tony\n|-damage|p2a: Big Tony|0 fnt\n|faint|p2a: Big Tony\n|-end|p2a: Big Tony|Quark Drive|[silent]\n|move|p2b: Bit Windy|Tailwind|p2b: Bit Windy\n|-sidestart|p2: Sketch Hero|move: Tailwind\n|move|p1a: Weezing|Thunder|p2b: Bit Windy\n|-supereffective|p2b: Bit Windy\n|-damage|p2b: Bit Windy|59\/100\n|\n|-heal|p1a: Weezing|79\/100|[from] item: Leftovers\n|upkeep\n|\n|t:|1700190001\n|switch|p2a: All My Fellas|Falinks, L50, shiny|100\/100\n|turn|4\n|\n|t:|1700190010\n|-terastallize|p2a: All My Fellas|Steel\n|move|p2b: Bit Windy|Bleakwind Storm|p1b: Zapdos|[spread] p1a\n|-miss|p2b: Bit Windy|p1b: Zapdos\n|-damage|p1a: Weezing|37\/100\n|move|p2a: All My Fellas|No Retreat|p2a: All My Fellas\n|-boost|p2a: All My Fellas|atk|1\n|-boost|p2a: All My Fellas|def|1\n|-boost|p2a: All My Fellas|spa|1\n|-boost|p2a: All My Fellas|spd|1\n|-boost|p2a: All My Fellas|spe|1\n|-start|p2a: All My Fellas|move: No Retreat\n|move|p1b: Zapdos|Hurricane|p2a: All My Fellas\n|-resisted|p2a: All My Fellas\n|-damage|p2a: All My Fellas|53\/100\n|-start|p2a: All My Fellas|confusion\n|move|p1a: Weezing|Will-O-Wisp|p2a: All My Fellas\n|-status|p2a: All My Fellas|brn\n|\n|-heal|p1a: Weezing|42\/100|[from] item: Leftovers\n|-damage|p2a: All My Fellas|48\/100 brn|[from] brn\n|upkeep\n|turn|5\n|c|\u2606WobbahYT|All my fellas\n|\n|t:|1700190031\n|move|p2b: Bit Windy|Bleakwind Storm|p1b: Zapdos|[spread] p1a,p1b\n|-resisted|p1b: Zapdos\n|-crit|p1b: Zapdos\n|-damage|p1a: Weezing|0 fnt\n|-damage|p1b: Zapdos|75\/100\n|faint|p1a: Weezing\n|-end|p1a: Weezing|ability: Neutralizing Gas\n|-ability|p1b: Zapdos|Pressure\n|-activate|p2a: All My Fellas|confusion\n|move|p2a: All My Fellas|Iron Head|p1b: Zapdos\n|-resisted|p1b: Zapdos\n|-damage|p1b: Zapdos|57\/100\n|move|p1b: Zapdos|Hurricane|p2a: All My Fellas|[miss]\n|-miss|p1b: Zapdos|p2a: All My Fellas\n|\n|-damage|p2a: All My Fellas|42\/100 brn|[from] brn\n|upkeep\n|\n|t:|1700190041\n|switch|p1a: Kingambit|Kingambit, L50, F, shiny|100\/100\n|turn|6\n|\n|t:|1700190052\n|-terastallize|p1a: Kingambit|Fairy\n|move|p1a: Kingambit|Sucker Punch|p2b: Bit Windy\n|-damage|p2b: Bit Windy|0 fnt\n|faint|p2b: Bit Windy\n|-activate|p2a: All My Fellas|confusion\n|move|p2a: All My Fellas|Close Combat|p1a: Kingambit\n|-resisted|p1a: Kingambit\n|-crit|p1a: Kingambit\n|-damage|p1a: Kingambit|70\/100\n|-unboost|p2a: All My Fellas|def|1\n|-unboost|p2a: All My Fellas|spd|1\n|move|p1b: Zapdos|Hurricane|p2a: All My Fellas|[miss]\n|-miss|p1b: Zapdos|p2a: All My Fellas\n|\n|-damage|p2a: All My Fellas|36\/100 brn|[from] brn\n|-sideend|p2: Sketch Hero|move: Tailwind\n|upkeep\n|turn|7\n|\n|t:|1700190067\n|move|p1a: Kingambit|Sucker Punch|p2a: All My Fellas\n|-damage|p2a: All My Fellas|0 fnt\n|faint|p2a: All My Fellas\n|\n|win|WobbahYT\n|raw|WobbahYT's rating: 1129 &rarr; <strong>1152<\/strong><br \/>(+23 for winning)\n|raw|Sketch Hero's rating: 1104 &rarr; <strong>1081<\/strong><br \/>(-23 for losing)\n|c|\u2606Sketch Hero|gg\n|l|\u2606Sketch Hero\n|c|\u2606WobbahYT|Gg\n","uploadtime":1700190077,"views":26,"p1id":"wobbahyt","p2id":"sketchhero","formatid":"gen9vgc2023regulatione","rating":1081,"private":0,"password":""}