{"id":"gen9vgc2023regulatione-1998863596","p1":"Kiwigal","p2":"tetraz","format":"[Gen 9] VGC 2023 Regulation E","log":"|j|\u2606Kiwigal\n|j|\u2606tetraz\n|n|\u2606Kiwigal|kiwigal\n|n|\u2606tetraz|tetraz\n|html|View the match progress at <a href=\"\/game-bestof3-gen9vgc2023regulatione-1998862298\">game-bestof3-gen9vgc2023regulatione-1998862298<\/a>\n|t:|1701005151\n|gametype|doubles\n|player|p1|Kiwigal|carmine|\n|player|p2|tetraz|juan|\n|teamsize|p1|6\n|teamsize|p2|6\n|gen|9\n|tier|[Gen 9] VGC 2023 Regulation E\n|rated|Tournament battle\n|rule|Species Clause: Limit one of each Pok\u00e9mon\n|rule|Item Clause: Limit one of each item\n|clearpoke\n|poke|p1|Arcanine-Hisui, L50, F|\n|poke|p1|Iron Bundle, L50|\n|poke|p1|Urshifu-*, L50, M|\n|poke|p1|Amoonguss, L50, M|\n|poke|p1|Gholdengo, L50|\n|poke|p1|Iron Hands, L50|\n|poke|p2|Magnezone, L50|\n|poke|p2|Tornadus, L50, M|\n|poke|p2|Basculegion, L50, M|\n|poke|p2|Urshifu-*, L50, F|\n|poke|p2|Landorus-Therian, L50, M|\n|poke|p2|Arcanine-Hisui, L50, M|\n|teampreview|4\n|showteam|p1|Arcanine-Hisui||LifeOrb|Intimidate|FlareBlitz,RockSlide,ExtremeSpeed,Protect|||F|||50|,,,,,Fairy]Iron Bundle||BoosterEnergy|QuarkDrive|FreezeDry,IcyWind,HydroPump,Protect||||||50|,,,,,Poison]Urshifu-Rapid-Strike||MysticWater|UnseenFist|SurgingStrikes,AquaJet,IceSpinner,Protect|||M|||50|,,,,,Poison]Amoonguss||MentalHerb|Regenerator|Spore,RagePowder,PollenPuff,Protect|||M|||50|,,,,,Water]Gholdengo||Leftovers|GoodasGold|MakeItRain,ShadowBall,NastyPlot,Protect||||||50|,,,,,Dragon]Iron Hands||AssaultVest|QuarkDrive|FakeOut,WildCharge,DrainPunch,HeavySlam||||||50|,,,,,Water\n|showteam|p2|Magnezone||SitrusBerry|Analytic|Thunder,FlashCannon,Protect,RainDance||||||50|,,,,,Grass]Tornadus||CovertCloak|Prankster|Tailwind,Taunt,BleakwindStorm,RainDance|||M|||50|,,,,,Dark]Basculegion||LifeOrb|SwiftSwim|Protect,LastRespects,WaveCrash,AquaJet|||M|||50|,,,,,Fire]Urshifu-Rapid-Strike||MysticWater|UnseenFist|SurgingStrikes,Protect,AquaJet,CloseCombat|||F|||50|,,,,,Water]Landorus-Therian||ChoiceScarf|Intimidate|TeraBlast,StompingTantrum,Uturn,RockSlide|||M|||50|,,,,,Flying]Arcanine-Hisui||ChoiceBand|Intimidate|RockSlide,FlareBlitz,ExtremeSpeed,IronHead|||M|||50|,,,,,Rock\n|inactive|Battle timer is ON: inactive players will automatically lose when time's up. (requested by tetraz)\n|j| IamSandyman\n|j| magicaltheretired\n|l| magicaltheretired\n|inactive|Kiwigal has 60 seconds left.\n|j| pokeveteran04\n|c|\u2606tetraz|ngl i feel like u just have an incredibly bad mu here lol\n|\n|t:|1701005193\n|start\n|switch|p1a: Arcanine|Arcanine-Hisui, L50, F|100\/100\n|switch|p1b: Amoonguss|Amoonguss, L50, M|100\/100\n|switch|p2a: Tornadus|Tornadus, L50, M|100\/100\n|switch|p2b: Magnezone|Magnezone, L50|100\/100\n|-ability|p1a: Arcanine|Intimidate|boost\n|-unboost|p2a: Tornadus|atk|1\n|-unboost|p2b: Magnezone|atk|1\n|turn|1\n|c|\u2606Kiwigal|maybe\n|\n|t:|1701005217\n|move|p2a: Tornadus|Rain Dance|p2a: Tornadus\n|-weather|RainDance\n|move|p1a: Arcanine|Flare Blitz|p2b: Magnezone\n|-supereffective|p2b: Magnezone\n|-damage|p2b: Magnezone|43\/100\n|-enditem|p2b: Magnezone|Sitrus Berry|[eat]\n|-heal|p2b: Magnezone|68\/100|[from] item: Sitrus Berry\n|-damage|p1a: Arcanine|82\/100|[from] Recoil\n|-damage|p1a: Arcanine|72\/100|[from] item: Life Orb\n|move|p2b: Magnezone|Thunder|p1a: Arcanine\n|-damage|p1a: Arcanine|14\/100\n|move|p1b: Amoonguss|Spore|p2a: Tornadus\n|-status|p2a: Tornadus|slp|[from] move: Spore\n|\n|-weather|RainDance|[upkeep]\n|upkeep\n|turn|2\n|\n|t:|1701005237\n|move|p2b: Magnezone|Protect|p2b: Magnezone\n|-singleturn|p2b: Magnezone|Protect\n|cant|p2a: Tornadus|slp\n|move|p1a: Arcanine|Rock Slide|p2b: Magnezone|[spread] p2a\n|-activate|p2b: Magnezone|move: Protect\n|-supereffective|p2a: Tornadus\n|-damage|p2a: Tornadus|11\/100 slp\n|-damage|p1a: Arcanine|4\/100|[from] item: Life Orb\n|move|p1b: Amoonguss|Pollen Puff|p2b: Magnezone\n|-activate|p2b: Magnezone|move: Protect\n|\n|-weather|RainDance|[upkeep]\n|upkeep\n|turn|3\n|j| Mr Yokai\n|\n|t:|1701005251\n|move|p1a: Arcanine|Extreme Speed|p2a: Tornadus\n|-damage|p2a: Tornadus|0 fnt\n|faint|p2a: Tornadus\n|-damage|p1a: Arcanine|0 fnt|[from] item: Life Orb\n|faint|p1a: Arcanine\n|move|p2b: Magnezone|Flash Cannon|p1b: Amoonguss\n|-damage|p1b: Amoonguss|66\/100\n|move|p1b: Amoonguss|Spore|p2b: Magnezone\n|-status|p2b: Magnezone|slp|[from] move: Spore\n|\n|-weather|RainDance|[upkeep]\n|upkeep\n|\n|t:|1701005265\n|switch|p2a: Basculegion|Basculegion, L50, M|100\/100\n|switch|p1a: Iron Bundle|Iron Bundle, L50|100\/100\n|-enditem|p1a: Iron Bundle|Booster Energy\n|-activate|p1a: Iron Bundle|ability: Quark Drive|[fromitem]\n|-start|p1a: Iron Bundle|quarkdrivespe\n|turn|4\n|\n|t:|1701005279\n|move|p2a: Basculegion|Protect|p2a: Basculegion\n|-singleturn|p2a: Basculegion|Protect\n|move|p1a: Iron Bundle|Icy Wind|p2b: Magnezone|[spread] p2b\n|-activate|p2a: Basculegion|move: Protect\n|-resisted|p2b: Magnezone\n|-damage|p2b: Magnezone|59\/100 slp\n|-unboost|p2b: Magnezone|spe|1\n|cant|p2b: Magnezone|slp\n|move|p1b: Amoonguss|Spore|p2a: Basculegion\n|-activate|p2a: Basculegion|move: Protect\n|\n|-weather|RainDance|[upkeep]\n|upkeep\n|turn|5\n|\n|t:|1701005295\n|-terastallize|p2a: Basculegion|Fire\n|move|p1a: Iron Bundle|Protect|p1a: Iron Bundle\n|-singleturn|p1a: Iron Bundle|Protect\n|move|p2a: Basculegion|Last Respects|p1b: Amoonguss\n|-damage|p1b: Amoonguss|15\/100\n|-damage|p2a: Basculegion|91\/100|[from] item: Life Orb\n|cant|p2b: Magnezone|slp\n|move|p1b: Amoonguss|Spore|p2a: Basculegion\n|-status|p2a: Basculegion|slp|[from] move: Spore\n|\n|-weather|none\n|upkeep\n|turn|6\n|j| Topperlecat\n|\n|t:|1701005308\n|move|p1b: Amoonguss|Rage Powder|p1b: Amoonguss\n|-singleturn|p1b: Amoonguss|move: Rage Powder\n|cant|p2a: Basculegion|slp\n|move|p1a: Iron Bundle|Hydro Pump|p2a: Basculegion\n|-supereffective|p2a: Basculegion\n|-damage|p2a: Basculegion|0 fnt\n|faint|p2a: Basculegion\n|cant|p2b: Magnezone|slp\n|\n|upkeep\n|j| tiaguitovgc\n|\n|t:|1701005313\n|switch|p2a: Urshifu|Urshifu-Rapid-Strike, L50, F|100\/100\n|turn|7\n|\n|t:|1701005336\n|-terastallize|p1a: Iron Bundle|Poison\n|move|p2a: Urshifu|Protect|p2a: Urshifu\n|-singleturn|p2a: Urshifu|Protect\n|move|p1a: Iron Bundle|Freeze-Dry|p2a: Urshifu\n|-activate|p2a: Urshifu|move: Protect\n|-curestatus|p2b: Magnezone|slp|[msg]\n|move|p2b: Magnezone|Thunder|p1a: Iron Bundle\n|-damage|p1a: Iron Bundle|29\/100\n|move|p1b: Amoonguss|Spore|p2a: Urshifu\n|-activate|p2a: Urshifu|move: Protect\n|\n|upkeep\n|turn|8\n|\n|t:|1701005358\n|switch|p1b: Urshifu|Urshifu-Rapid-Strike, L50, M|100\/100\n|move|p2a: Urshifu|Aqua Jet|p1a: Iron Bundle\n|-damage|p1a: Iron Bundle|3\/100\n|move|p1a: Iron Bundle|Freeze-Dry|p2a: Urshifu\n|-supereffective|p2a: Urshifu\n|-crit|p2a: Urshifu\n|-damage|p2a: Urshifu|0 fnt\n|faint|p2a: Urshifu\n|move|p2b: Magnezone|Flash Cannon|p1b: Urshifu\n|-resisted|p1b: Urshifu\n|-damage|p1b: Urshifu|66\/100\n|\n|upkeep\n|turn|9\n|c|\u2606Kiwigal|bulky bunle\n|l| Mr Yokai\n|-message|tetraz forfeited.\n|\n|win|Kiwigal\n|c|\u2606tetraz|truly is\n|c|&|\/uhtml prompt-tetraz,tetraz is ready for game 3!\n|c|&|\/uhtml prompt-kiwigal,Kiwigal is ready for game 3!\nBoth players are ready! Starting next match!\n|l| tiaguitovgc\n|l| Topperlecat\n|l| pokeveteran04\n|l|\u2606tetraz\n","uploadtime":1701005882,"views":35,"p1id":"kiwigal","p2id":"tetraz","formatid":"gen9vgc2023regulatione","rating":0,"private":0,"password":""}