{"id":"gen9vgc2023regulatione-1991122301","p1":"jayballester","p2":"Xopas","format":"[Gen 9] VGC 2023 Regulation E","log":"|j|\u2606jayballester\n|j|\u2606Xopas\n|n|\u2606jayballester|jayballester\n|n|\u2606Xopas|xopas\n|html|View the match progress at <a href=\"\/game-bestof3-gen9vgc2023regulatione-1991120138\">game-bestof3-gen9vgc2023regulatione-1991120138<\/a>\n|t:|1700046338\n|gametype|doubles\n|player|p1|jayballester|riley|\n|player|p2|Xopas|unknown|\n|teamsize|p1|6\n|teamsize|p2|6\n|gen|9\n|tier|[Gen 9] VGC 2023 Regulation E\n|rule|Species Clause: Limit one of each Pok\u00e9mon\n|rule|Item Clause: Limit one of each item\n|clearpoke\n|poke|p1|Chien-Pao, L50|\n|poke|p1|Empoleon, L50, M|\n|poke|p1|Arcanine-Hisui, L50, M|\n|poke|p1|Medicham, L50, F|\n|poke|p1|Noivern, L50, M|\n|poke|p1|Rotom-Mow, L50|\n|poke|p2|Flutter Mane, L50|\n|poke|p2|Zapdos-Galar, L50|\n|poke|p2|Shiftry, L50, M|\n|poke|p2|Passimian, L50, F|\n|poke|p2|Bellibolt, L50, M|\n|poke|p2|Gholdengo, L50|\n|teampreview|4\n|j| Stryke Out\n|j| Jstardude\n|c|\u2606jayballester|glhf\n|c|\u2606Xopas|Glhf\n|\n|t:|1700046402\n|start\n|switch|p1a: Chien-Pao|Chien-Pao, L50|100\/100\n|switch|p1b: Medicham|Medicham, L50, F|100\/100\n|switch|p2a: Zapdos|Zapdos-Galar, L50|100\/100\n|switch|p2b: Shiftry|Shiftry, L50, M|100\/100\n|-ability|p1a: Chien-Pao|Sword of Ruin\n|turn|1\n|\n|t:|1700046494\n|switch|p2a: Gholdengo|Gholdengo, L50|100\/100\n|move|p1b: Medicham|Fake Out|p2b: Shiftry\n|-damage|p2b: Shiftry|64\/100\n|move|p1a: Chien-Pao|Ice Spinner|p2a: Gholdengo\n|-resisted|p2a: Gholdengo\n|-damage|p2a: Gholdengo|80\/100\n|-damage|p1a: Chien-Pao|84\/100|[from] item: Rocky Helmet|[of] p2a: Gholdengo\n|cant|p2b: Shiftry|flinch\n|\n|upkeep\n|turn|2\n|\n|t:|1700046549\n|-terastallize|p2a: Gholdengo|Water\n|move|p1a: Chien-Pao|Ice Spinner|p2b: Shiftry\n|-supereffective|p2b: Shiftry\n|-damage|p2b: Shiftry|0 fnt\n|faint|p2b: Shiftry\n|move|p1b: Medicham|Fling|p2a: Gholdengo\n|-damage|p2a: Gholdengo|20\/100\n|-enditem|p1b: Medicham|Big Nugget|[from] move: Fling\n|move|p2a: Gholdengo|Dazzling Gleam|p1b: Medicham|[spread] p1a,p1b\n|-supereffective|p1a: Chien-Pao\n|-supereffective|p1b: Medicham\n|-damage|p1a: Chien-Pao|17\/100\n|-damage|p1b: Medicham|47\/100\n|\n|upkeep\n|\n|t:|1700046556\n|switch|p2b: Flutter Mane|Flutter Mane, L50|100\/100\n|turn|3\n|\n|t:|1700046580\n|-terastallize|p1b: Medicham|Steel\n|move|p2b: Flutter Mane|Protect|p2b: Flutter Mane\n|-singleturn|p2b: Flutter Mane|Protect\n|move|p1a: Chien-Pao|Sucker Punch||[still]\n|-fail|p1a: Chien-Pao\n|move|p1b: Medicham|Close Combat|p2a: Gholdengo\n|-damage|p2a: Gholdengo|0 fnt\n|-unboost|p1b: Medicham|def|1\n|-unboost|p1b: Medicham|spd|1\n|-damage|p1b: Medicham|31\/100|[from] item: Rocky Helmet|[of] p2a: Gholdengo\n|faint|p2a: Gholdengo\n|\n|upkeep\n|\n|t:|1700046585\n|switch|p2a: Zapdos|Zapdos-Galar, L50|100\/100\n|turn|4\n|l| Jstardude\n|\n|t:|1700046706\n|move|p1a: Chien-Pao|Protect|p1a: Chien-Pao\n|-singleturn|p1a: Chien-Pao|Protect\n|move|p2b: Flutter Mane|Moonblast|p1b: Medicham\n|-resisted|p1b: Medicham\n|-damage|p1b: Medicham|0 fnt\n|faint|p1b: Medicham\n|move|p2a: Zapdos|Thunderous Kick|p1a: Chien-Pao\n|-activate|p1a: Chien-Pao|move: Protect\n|\n|upkeep\n|j| Jstardude\n|\n|t:|1700046756\n|switch|p1b: Empoleon|Empoleon, L50, M|100\/100\n|turn|5\n|c| Stryke Out|Medicham lowkey a beast\n|\n|t:|1700046784\n|move|p1a: Chien-Pao|Sucker Punch|p2b: Flutter Mane\n|-damage|p2b: Flutter Mane|3\/100\n|move|p2b: Flutter Mane|Thunderbolt|p1a: Chien-Pao\n|-damage|p1a: Chien-Pao|0 fnt\n|faint|p1a: Chien-Pao\n|move|p2a: Zapdos|Thunderous Kick|p1b: Empoleon\n|-supereffective|p1b: Empoleon\n|-damage|p1b: Empoleon|16\/100\n|-unboost|p1b: Empoleon|def|1\n|-ability|p1b: Empoleon|Competitive|boost\n|-boost|p1b: Empoleon|spa|2\n|move|p1b: Empoleon|Ice Beam|p2a: Zapdos\n|-supereffective|p2a: Zapdos\n|-damage|p2a: Zapdos|10\/100\n|\n|upkeep\n|\n|t:|1700046797\n|switch|p1a: Arcanine|Arcanine-Hisui, L50, M|100\/100\n|turn|6\n|\n|t:|1700046829\n|move|p1b: Empoleon|Vacuum Wave|p2a: Zapdos\n|-resisted|p2a: Zapdos\n|-damage|p2a: Zapdos|0 fnt\n|faint|p2a: Zapdos\n|move|p2b: Flutter Mane|Thunderbolt|p1b: Empoleon\n|-supereffective|p1b: Empoleon\n|-damage|p1b: Empoleon|0 fnt\n|faint|p1b: Empoleon\n|move|p1a: Arcanine|Flare Blitz|p2b: Flutter Mane\n|-damage|p2b: Flutter Mane|0 fnt\n|faint|p2b: Flutter Mane\n|-end|p2b: Flutter Mane|Protosynthesis|[silent]\n|-damage|p1a: Arcanine|91\/100|[from] item: Life Orb\n|\n|win|jayballester\n|c|\u2606Xopas|fuck\n|l| Stryke Out\n|c|\u2606jayballester|gg\n|c|\u2606Xopas|it learns vacuum wave\n|c|\u2606Xopas|gg\n|c|\u2606jayballester|I thought I was cooked lol\n|l| Jstardude\n|c|\u2606Xopas|nah i played that horribly\n","uploadtime":1700046887,"views":40,"p1id":"jayballester","p2id":"xopas","formatid":"gen9vgc2023regulatione","rating":0,"private":0,"password":""}