{"id":"gen9vgc2023regulatione-1988222231","p1":"ThatOneGuy1337","p2":"cl123","format":"[Gen 9] VGC 2023 Regulation E","log":"|j|\u2606ThatOneGuy1337\n|j|\u2606cl123\n|t:|1699688355\n|gametype|doubles\n|player|p1|ThatOneGuy1337|elesa|1250\n|player|p2|cl123|102|1309\n|teamsize|p1|6\n|teamsize|p2|6\n|gen|9\n|tier|[Gen 9] VGC 2023 Regulation E\n|rated|\n|rule|Species Clause: Limit one of each Pok\u00e9mon\n|rule|Item Clause: Limit one of each item\n|clearpoke\n|poke|p1|Ogerpon-Hearthflame, L50, F|\n|poke|p1|Urshifu-*, L50, M|\n|poke|p1|Tornadus, L50, M|\n|poke|p1|Landorus-Therian, L50, M|\n|poke|p1|Flutter Mane, L50|\n|poke|p1|Kingambit, L50, M|\n|poke|p2|Chien-Pao, L50|\n|poke|p2|Gothitelle, L50, F|\n|poke|p2|Chi-Yu, L50|\n|poke|p2|Kommo-o, L50, M|\n|poke|p2|Dragonite, L50, M|\n|poke|p2|Munkidori, L50, M|\n|teampreview|4\n|inactive|Battle timer is ON: inactive players will automatically lose when time's up. (requested by ThatOneGuy1337)\n|inactive|cl123 has 60 seconds left.\n|\n|t:|1699688445\n|start\n|switch|p1a: Flutter Mane|Flutter Mane, L50|100\/100\n|switch|p1b: Ogerpon|Ogerpon-Hearthflame, L50, F|100\/100\n|switch|p2a: Kommo-o|Kommo-o, L50, M|100\/100\n|switch|p2b: Gothitelle|Gothitelle, L50, F|100\/100\n|-ability|p1b: Ogerpon|Mold Breaker\n|turn|1\n|\n|t:|1699688468\n|-terastallize|p2a: Kommo-o|Steel\n|move|p1b: Ogerpon|Spiky Shield|p1b: Ogerpon\n|-singleturn|p1b: Ogerpon|move: Protect\n|move|p2b: Gothitelle|Fake Out|p1b: Ogerpon\n|-activate|p1b: Ogerpon|move: Protect\n|-damage|p2b: Gothitelle|88\/100|[from] Spiky Shield|[of] p1b: Ogerpon\n|move|p1a: Flutter Mane|Moonblast|p2b: Gothitelle\n|-damage|p2b: Gothitelle|33\/100\n|move|p2a: Kommo-o|Clangorous Soul|p2a: Kommo-o\n|-boost|p2a: Kommo-o|atk|1\n|-boost|p2a: Kommo-o|def|1\n|-boost|p2a: Kommo-o|spa|1\n|-boost|p2a: Kommo-o|spd|1\n|-boost|p2a: Kommo-o|spe|1\n|-damage|p2a: Kommo-o|68\/100\n|\n|upkeep\n|turn|2\n|inactive|ThatOneGuy1337 has 30 seconds left.\n|inactive|cl123 has 30 seconds left.\n|inactive|cl123 has 20 seconds left.\n|inactive|cl123 has 15 seconds left.\n|\n|t:|1699688512\n|-end|p1a: Flutter Mane|Protosynthesis|[silent]\n|switch|p1a: Tornadus|Tornadus, L50, M|100\/100\n|move|p2a: Kommo-o|Clanging Scales|p1a: Tornadus|[spread] p1a,p1b\n|-damage|p1a: Tornadus|47\/100\n|-damage|p1b: Ogerpon|54\/100\n|-enditem|p1a: Tornadus|Sitrus Berry|[eat]\n|-heal|p1a: Tornadus|72\/100|[from] item: Sitrus Berry\n|-unboost|p2a: Kommo-o|def|1\n|move|p1b: Ogerpon|Ivy Cudgel|p2a: Kommo-o\n|-supereffective|p2a: Kommo-o\n|-damage|p2a: Kommo-o|0 fnt\n|faint|p2a: Kommo-o\n|move|p2b: Gothitelle|Psych Up|p2: Kommo-o|[notarget]\n|-fail|p2b: Gothitelle\n|\n|upkeep\n|\n|t:|1699688530\n|switch|p2a: Dragonite|Dragonite, L50, M|100\/100\n|turn|3\n|\n|t:|1699688546\n|switch|p2b: Chien-Pao|Chien-Pao, L50|100\/100\n|-ability|p2b: Chien-Pao|Sword of Ruin\n|move|p2a: Dragonite|Extreme Speed|p1a: Tornadus\n|-crit|p1a: Tornadus\n|-damage|p1a: Tornadus|0 fnt\n|faint|p1a: Tornadus\n|move|p1b: Ogerpon|Ivy Cudgel|p2a: Dragonite\n|-resisted|p2a: Dragonite\n|-damage|p2a: Dragonite|63\/100\n|\n|upkeep\n|\n|t:|1699688556\n|switch|p1a: Urshifu|Urshifu-Rapid-Strike, L50, M|100\/100\n|turn|4\n|\n|t:|1699688567\n|-terastallize|p1a: Urshifu|Water\n|move|p1b: Ogerpon|Follow Me|p1b: Ogerpon\n|-singleturn|p1b: Ogerpon|move: Follow Me\n|move|p2a: Dragonite|Extreme Speed|p1b: Ogerpon\n|-damage|p1b: Ogerpon|0 fnt\n|faint|p1b: Ogerpon\n|move|p2b: Chien-Pao|Sucker Punch|p1a: Urshifu\n|-damage|p1a: Urshifu|51\/100\n|move|p1a: Urshifu|Surging Strikes|p2b: Chien-Pao\n|-crit|p2b: Chien-Pao\n|-damage|p2b: Chien-Pao|54\/100\n|-crit|p2b: Chien-Pao\n|-damage|p2b: Chien-Pao|12\/100\n|-crit|p2b: Chien-Pao\n|-damage|p2b: Chien-Pao|0 fnt\n|faint|p2b: Chien-Pao\n|-hitcount|p2: Chien-Pao|3\n|\n|upkeep\n|\n|t:|1699688585\n|switch|p2b: Gothitelle|Gothitelle, L50, F|33\/100\n|switch|p1b: Flutter Mane|Flutter Mane, L50|100\/100\n|turn|5\n|\n|t:|1699688605\n|move|p1a: Urshifu|Protect|p1a: Urshifu\n|-singleturn|p1a: Urshifu|Protect\n|move|p2a: Dragonite|Extreme Speed|p1a: Urshifu\n|-activate|p1a: Urshifu|move: Protect\n|move|p1b: Flutter Mane|Dazzling Gleam|p2b: Gothitelle|[spread] p2a,p2b\n|-supereffective|p2a: Dragonite\n|-damage|p2a: Dragonite|0 fnt\n|-damage|p2b: Gothitelle|0 fnt\n|faint|p2a: Dragonite\n|faint|p2b: Gothitelle\n|\n|win|ThatOneGuy1337\n|raw|ThatOneGuy1337's rating: 1250 &rarr; <strong>1279<\/strong><br \/>(+29 for winning)\n|raw|cl123's rating: 1309 &rarr; <strong>1286<\/strong><br \/>(-23 for losing)\n|l|\u2606ThatOneGuy1337\n","uploadtime":1699688623,"views":29,"p1id":"thatoneguy1337","p2id":"cl123","formatid":"gen9vgc2023regulatione","rating":1279,"private":0,"password":""}