{"id":"gen9vgc2023regulatione-1994162650","p1":"ChiaraVGC","p2":"Ryum","format":"[Gen 9] VGC 2023 Regulation E","log":"|j|\u2606ChiaraVGC\n|j|\u2606Ryum\n|n|\u2606ChiaraVGC|chiaravgc\n|n|\u2606Ryum|ryum\n|html|View the match progress at <a href=\"\/game-bestof3-gen9vgc2023regulatione-1994152813\">game-bestof3-gen9vgc2023regulatione-1994152813<\/a>\n|t:|1700414131\n|gametype|doubles\n|player|p1|ChiaraVGC|dawn-gen4pt|\n|player|p2|Ryum|cress|\n|teamsize|p1|6\n|teamsize|p2|6\n|gen|9\n|tier|[Gen 9] VGC 2023 Regulation E\n|rule|Species Clause: Limit one of each Pok\u00e9mon\n|rule|Item Clause: Limit one of each item\n|clearpoke\n|poke|p1|Dusclops, L50, F|\n|poke|p1|Rillaboom, L50, F|\n|poke|p1|Ursaluna-Bloodmoon, L50, M|\n|poke|p1|Ogerpon-Wellspring, L50, F|\n|poke|p1|Arcanine-Hisui, L50, M|\n|poke|p1|Flutter Mane, L50|\n|poke|p2|Heatran, L50, F|\n|poke|p2|Dragonite, L50, M|\n|poke|p2|Chien-Pao, L50|\n|poke|p2|Farigiraf, L50, M|\n|poke|p2|Rillaboom, L50, F|\n|poke|p2|Urshifu-*, L50, M|\n|teampreview|4\n|j| DigioVGC\nChiaraVGC has agreed to open team sheets.\nRyum has agreed to open team sheets.\n|showteam|p1|Dusclops||Eviolite|Pressure|NightShade,WillOWisp,PainSplit,TrickRoom|||F|||50|,,,,,Dark]Rillaboom||AssaultVest|GrassySurge|GrassyGlide,FakeOut,WoodHammer,Uturn|||F|||50|,,,,,Fire]Ursaluna-Bloodmoon||SilkScarf|MindsEye|BloodMoon,HyperVoice,EarthPower,Protect|||M|||50|,,,,,Normal]Ogerpon-Wellspring||WellspringMask|WaterAbsorb|IvyCudgel,WoodHammer,FollowMe,SpikyShield|||F|||50|,,,,,Water]Arcanine-Hisui||ChoiceBand|Intimidate|FlareBlitz,RockSlide,ExtremeSpeed,TeraBlast|||M|||50|,,,,,Fairy]Flutter Mane||ChoiceSpecs|Protosynthesis|Moonblast,ShadowBall,DazzlingGleam,IcyWind||||||50|,,,,,Fairy\n|showteam|p2|Heatran||AssaultVest|FlashFire|HeatWave,FlashCannon,TeraBlast,EarthPower|||F|||50|,,,,,Fairy]Dragonite||ChoiceBand|InnerFocus|ExtremeSpeed,Outrage,AerialAce,StompingTantrum|||M|||50|,,,,,Normal]Chien-Pao||FocusSash|SwordofRuin|IcicleCrash,SuckerPunch,SacredSword,Protect||||||50|,,,,,Ghost]Farigiraf||RockyHelmet|ArmorTail|Psychic,HelpingHand,Imprison,TrickRoom|||M|||50|,,,,,Fairy]Rillaboom||MiracleSeed|GrassySurge|Protect,WoodHammer,GrassyGlide,FakeOut|||F|||50|,,,,,Grass]Urshifu-Rapid-Strike||ChoiceScarf|UnseenFist|AquaJet,SurgingStrikes,CloseCombat,Uturn|||M|||50|,,,,,Water\n|j| PiaxVGC\n|j| HellVGC\n|j| pardicipio passato\n|j| Triir\n|j| ilpalmi\n|j| PizzelVGC\n|\n|t:|1700414299\n|start\n|switch|p1a: Ogerpon|Ogerpon-Wellspring, L50, F|100\/100\n|switch|p1b: Flutter Mane|Flutter Mane, L50|100\/100\n|switch|p2a: Rillaboom|Rillaboom, L50, F|100\/100\n|switch|p2b: Urshifu|Urshifu-Rapid-Strike, L50, M|100\/100\n|-fieldstart|move: Grassy Terrain|[from] ability: Grassy Surge|[of] p2a: Rillaboom\n|turn|1\n|\n|t:|1700414374\n|-terastallize|p2b: Urshifu|Water\n|move|p2a: Rillaboom|Fake Out|p1a: Ogerpon\n|-damage|p1a: Ogerpon|86\/100\n|move|p2b: Urshifu|Surging Strikes|p1b: Flutter Mane\n|-crit|p1b: Flutter Mane\n|-damage|p1b: Flutter Mane|60\/100\n|-crit|p1b: Flutter Mane\n|-damage|p1b: Flutter Mane|14\/100\n|-crit|p1b: Flutter Mane\n|-damage|p1b: Flutter Mane|0 fnt\n|faint|p1b: Flutter Mane\n|-end|p1b: Flutter Mane|Protosynthesis|[silent]\n|-hitcount|p1: Flutter Mane|3\n|cant|p1a: Ogerpon|flinch\n|\n|-heal|p1a: Ogerpon|92\/100|[from] Grassy Terrain\n|upkeep\n|\n|t:|1700414387\n|switch|p1b: Dusclops|Dusclops, L50, F|100\/100\n|-ability|p1b: Dusclops|Pressure\n|turn|2\n|\n|t:|1700414416\n|switch|p2b: Heatran|Heatran, L50, F|100\/100\n|move|p1a: Ogerpon|Follow Me|p1a: Ogerpon\n|-singleturn|p1a: Ogerpon|move: Follow Me\n|move|p2a: Rillaboom|Wood Hammer|p1a: Ogerpon\n|-damage|p1a: Ogerpon|0 fnt\n|faint|p1a: Ogerpon\n|-damage|p2a: Rillaboom|73\/100|[from] Recoil\n|move|p1b: Dusclops|Trick Room|p1b: Dusclops\n|-fieldstart|move: Trick Room|[of] p1b: Dusclops\n|\n|-heal|p2a: Rillaboom|79\/100|[from] Grassy Terrain\n|upkeep\n|\n|t:|1700414427\n|switch|p1a: Ursaluna|Ursaluna-Bloodmoon, L50, M|100\/100\n|turn|3\n|\n|t:|1700414478\n|-terastallize|p1a: Ursaluna|Normal\n|move|p2a: Rillaboom|Protect|p2a: Rillaboom\n|-singleturn|p2a: Rillaboom|Protect\n|move|p1b: Dusclops|Will-O-Wisp|p2a: Rillaboom\n|-activate|p2a: Rillaboom|move: Protect\n|move|p1a: Ursaluna|Earth Power|p2b: Heatran\n|-supereffective|p2b: Heatran\n|-damage|p2b: Heatran|0 fnt\n|faint|p2b: Heatran\n|\n|-heal|p2a: Rillaboom|85\/100|[from] Grassy Terrain\n|upkeep\n|\n|t:|1700414488\n|switch|p2b: Dragonite|Dragonite, L50, M|100\/100\n|turn|4\n|\n|t:|1700414521\n|move|p1a: Ursaluna|Protect|p1a: Ursaluna\n|-singleturn|p1a: Ursaluna|Protect\n|move|p2b: Dragonite|Extreme Speed|p1a: Ursaluna\n|-activate|p1a: Ursaluna|move: Protect\n|move|p2a: Rillaboom|Grassy Glide|p1a: Ursaluna\n|-activate|p1a: Ursaluna|move: Protect\n|move|p1b: Dusclops|Will-O-Wisp|p2b: Dragonite\n|-status|p2b: Dragonite|brn\n|\n|-heal|p2a: Rillaboom|91\/100|[from] Grassy Terrain\n|-damage|p2b: Dragonite|95\/100 brn|[from] brn\n|upkeep\n|turn|5\n|\n|t:|1700414627\n|move|p2a: Rillaboom|Protect|p2a: Rillaboom\n|-singleturn|p2a: Rillaboom|Protect\n|move|p2b: Dragonite|Extreme Speed|p1a: Ursaluna\n|-crit|p1a: Ursaluna\n|-damage|p1a: Ursaluna|78\/100\n|move|p1b: Dusclops|Will-O-Wisp|p2a: Rillaboom\n|-activate|p2a: Rillaboom|move: Protect\n|move|p1a: Ursaluna|Blood Moon|p2b: Dragonite\n|-damage|p2b: Dragonite|0 fnt\n|faint|p2b: Dragonite\n|\n|-heal|p1a: Ursaluna|84\/100|[from] Grassy Terrain\n|-heal|p2a: Rillaboom|97\/100|[from] Grassy Terrain\n|-fieldend|move: Grassy Terrain\n|upkeep\n|\n|t:|1700414638\n|switch|p2b: Urshifu|Urshifu-Rapid-Strike, L50, M, tera:Water|100\/100\n|turn|6\n|\n|t:|1700414653\n|move|p1b: Dusclops|Will-O-Wisp|p2b: Urshifu\n|-status|p2b: Urshifu|brn\n|move|p1a: Ursaluna|Hyper Voice|p2a: Rillaboom|[spread] p2a,p2b\n|-damage|p2a: Rillaboom|26\/100\n|-damage|p2b: Urshifu|11\/100 brn\n|move|p2a: Rillaboom|Wood Hammer|p1a: Ursaluna\n|-damage|p1a: Ursaluna|31\/100\n|-damage|p2a: Rillaboom|7\/100|[from] Recoil\n|move|p2b: Urshifu|Close Combat|p1a: Ursaluna\n|-supereffective|p1a: Ursaluna\n|-crit|p1a: Ursaluna\n|-damage|p1a: Ursaluna|0 fnt\n|-unboost|p2b: Urshifu|def|1\n|-unboost|p2b: Urshifu|spd|1\n|faint|p1a: Ursaluna\n|\n|-damage|p2b: Urshifu|5\/100 brn|[from] brn\n|-fieldend|move: Trick Room\n|upkeep\n|turn|7\n|j| ChrissssVIGISI\n|c|\u2606Ryum|gg\n|l| HellVGC\n|\n|t:|1700414699\n|move|p2b: Urshifu|Close Combat|p1b: Dusclops\n|-immune|p1b: Dusclops\n|move|p2a: Rillaboom|Wood Hammer|p1b: Dusclops\n|-damage|p1b: Dusclops|55\/100\n|-damage|p2a: Rillaboom|0 fnt|[from] Recoil\n|faint|p2a: Rillaboom\n|move|p1b: Dusclops|Trick Room|p1b: Dusclops\n|-fieldstart|move: Trick Room|[of] p1b: Dusclops\n|\n|-damage|p2b: Urshifu|0 fnt|[from] brn\n|faint|p2b: Urshifu\n|\n|win|ChiaraVGC\n|upkeep\n|l|\u2606Ryum\n|c|\u2606ChiaraVGC|gg\n|l| DigioVGC\n|l| pardicipio passato\n|l| ilpalmi\n|l| PiaxVGC\n|l| Triir\n","uploadtime":1700414857,"views":12,"p1id":"chiaravgc","p2id":"ryum","formatid":"gen9vgc2023regulatione","rating":0,"private":0,"password":""}