{"id":"gen9vgc2023regulatione-1990318908","p1":"Aatasc","p2":"Soolers","format":"[Gen 9] VGC 2023 Regulation E","log":"|j|\u2606Aatasc\n|j|\u2606Soolers\n|t:|1699956044\n|gametype|doubles\n|player|p1|Aatasc|266|1404\n|player|p2|Soolers|hooligans|1410\n|teamsize|p1|6\n|teamsize|p2|6\n|gen|9\n|tier|[Gen 9] VGC 2023 Regulation E\n|rated|\n|rule|Species Clause: Limit one of each Pok\u00e9mon\n|rule|Item Clause: Limit one of each item\n|clearpoke\n|poke|p1|Torkoal, L50, F|\n|poke|p1|Lilligant-Hisui, L50, F|\n|poke|p1|Farigiraf, L50, F|\n|poke|p1|Chi-Yu, L50|\n|poke|p1|Flutter Mane, L50|\n|poke|p1|Iron Hands, L50|\n|poke|p2|Drednaw, L50, F|\n|poke|p2|Flutter Mane, L50|\n|poke|p2|Pelipper, L50, F|\n|poke|p2|Maushold, L50|\n|poke|p2|Sinistcha, L50|\n|poke|p2|Clefairy, L50, F|\n|teampreview|4\n|inactive|Battle timer is ON: inactive players will automatically lose when time's up. (requested by Soolers)\n|inactive|Aatasc has 60 seconds left.\n|\n|t:|1699956081\n|start\n|switch|p1a: Lilligant|Lilligant-Hisui, L50, F|100\/100\n|switch|p1b: Iron Hands|Iron Hands, L50|100\/100\n|switch|p2a: Drednaw|Drednaw, L50, F|100\/100\n|switch|p2b: Clefairy|Clefairy, L50, F|100\/100\n|turn|1\n|\n|t:|1699956090\n|move|p2a: Drednaw|Protect|p2a: Drednaw\n|-singleturn|p2a: Drednaw|Protect\n|move|p2b: Clefairy|Protect|p2b: Clefairy\n|-singleturn|p2b: Clefairy|Protect\n|move|p1b: Iron Hands|Fake Out|p2a: Drednaw\n|-activate|p2a: Drednaw|move: Protect\n|move|p1a: Lilligant|Sleep Powder|p2b: Clefairy\n|-activate|p2b: Clefairy|move: Protect\n|\n|upkeep\n|turn|2\n|\n|t:|1699956106\n|move|p2b: Clefairy|Follow Me|p2b: Clefairy\n|-singleturn|p2b: Clefairy|move: Follow Me\n|move|p1a: Lilligant|Sleep Powder|p2b: Clefairy\n|-status|p2b: Clefairy|slp|[from] move: Sleep Powder\n|move|p2a: Drednaw|Shell Smash|p2a: Drednaw\n|-unboost|p2a: Drednaw|def|1\n|-unboost|p2a: Drednaw|spd|1\n|-boost|p2a: Drednaw|atk|2\n|-boost|p2a: Drednaw|spa|2\n|-boost|p2a: Drednaw|spe|2\n|-enditem|p2a: Drednaw|White Herb\n|-clearnegativeboost|p2a: Drednaw|[silent]\n|move|p1b: Iron Hands|Wild Charge|p2b: Clefairy\n|-damage|p2b: Clefairy|39\/100 slp\n|-damage|p1b: Iron Hands|90\/100|[from] Recoil\n|\n|upkeep\n|turn|3\n|inactive|Aatasc has 30 seconds left.\n|\n|t:|1699956135\n|-end|p1b: Iron Hands|Quark Drive|[silent]\n|switch|p1b: Torkoal|Torkoal, L50, F|100\/100\n|-weather|SunnyDay|[from] ability: Drought|[of] p1b: Torkoal\n|switch|p2b: Sinistcha|Sinistcha, L50|100\/100\n|move|p2a: Drednaw|Protect|p2a: Drednaw\n|-singleturn|p2a: Drednaw|Protect\n|move|p1a: Lilligant|Leaf Blade|p2a: Drednaw\n|-activate|p2a: Drednaw|move: Protect\n|\n|-weather|SunnyDay|[upkeep]\n|upkeep\n|turn|4\n|\n|t:|1699956154\n|switch|p2b: Pelipper|Pelipper, L50, F|100\/100\n|-weather|RainDance|[from] ability: Drizzle|[of] p2b: Pelipper\n|-terastallize|p2a: Drednaw|Steel\n|move|p2a: Drednaw|Rock Slide|p1b: Torkoal|[spread] p1a,p1b\n|-resisted|p1a: Lilligant\n|-crit|p1a: Lilligant\n|-supereffective|p1b: Torkoal\n|-damage|p1a: Lilligant|43\/100\n|-damage|p1b: Torkoal|21\/100\n|move|p1a: Lilligant|Leaf Blade|p2a: Drednaw\n|-resisted|p2a: Drednaw\n|-crit|p2a: Drednaw\n|-damage|p2a: Drednaw|67\/100\n|move|p1b: Torkoal|Eruption|p2a: Drednaw|[spread] p2a,p2b\n|-supereffective|p2a: Drednaw\n|-resisted|p2b: Pelipper\n|-damage|p2a: Drednaw|56\/100\n|-damage|p2b: Pelipper|95\/100\n|\n|-weather|RainDance|[upkeep]\n|upkeep\n|turn|5\n|\n|t:|1699956176\n|switch|p1a: Iron Hands|Iron Hands, L50|90\/100\n|switch|p2b: Sinistcha|Sinistcha, L50|100\/100\n|-heal|p2a: Drednaw|81\/100|[from] ability: Hospitality|[of] p2b: Sinistcha\n|switch|p1b: Farigiraf|Farigiraf, L50, F|100\/100\n|move|p2a: Drednaw|Rock Slide|p1a: Iron Hands|[spread] p1a,p1b\n|-resisted|p1a: Iron Hands\n|-damage|p1a: Iron Hands|75\/100\n|-damage|p1b: Farigiraf|44\/100\n|\n|-weather|RainDance|[upkeep]\n|upkeep\n|turn|6\n|\n|t:|1699956199\n|move|p1a: Iron Hands|Fake Out|p2a: Drednaw\n|-resisted|p2a: Drednaw\n|-damage|p2a: Drednaw|74\/100\n|move|p2b: Sinistcha|Rage Powder|p2b: Sinistcha\n|-singleturn|p2b: Sinistcha|move: Rage Powder\n|cant|p2a: Drednaw|flinch\n|move|p1b: Farigiraf|Trick Room|p1b: Farigiraf\n|-fieldstart|move: Trick Room|[of] p1b: Farigiraf\n|\n|-weather|RainDance|[upkeep]\n|upkeep\n|turn|7\n|\n|t:|1699956221\n|move|p2a: Drednaw|Protect|p2a: Drednaw\n|-singleturn|p2a: Drednaw|Protect\n|move|p1a: Iron Hands|Drain Punch|p2a: Drednaw\n|-activate|p2a: Drednaw|move: Protect\n|move|p1b: Farigiraf|Psychic|p2a: Drednaw\n|-activate|p2a: Drednaw|move: Protect\n|move|p2b: Sinistcha|Trick Room|p2b: Sinistcha\n|-fieldend|move: Trick Room\n|\n|-weather|RainDance|[upkeep]\n|upkeep\n|turn|8\n|\n|t:|1699956229\n|move|p1b: Farigiraf|Protect|p1b: Farigiraf\n|-singleturn|p1b: Farigiraf|Protect\n|move|p2b: Sinistcha|Rage Powder|p2b: Sinistcha\n|-singleturn|p2b: Sinistcha|move: Rage Powder\n|move|p2a: Drednaw|Rock Slide|p1b: Farigiraf|[spread] p1a\n|-activate|p1b: Farigiraf|move: Protect\n|-resisted|p1a: Iron Hands\n|-damage|p1a: Iron Hands|58\/100\n|cant|p1a: Iron Hands|flinch\n|\n|-weather|none\n|upkeep\n|turn|9\n|inactive|Aatasc has 30 seconds left.\n|j| 5Sscreen\n|\n|t:|1699956263\n|move|p2b: Sinistcha|Rage Powder|p2b: Sinistcha\n|-singleturn|p2b: Sinistcha|move: Rage Powder\n|move|p2a: Drednaw|Rock Slide|p1a: Iron Hands|[spread] p1a,p1b\n|-resisted|p1a: Iron Hands\n|-damage|p1a: Iron Hands|41\/100\n|-damage|p1b: Farigiraf|0 fnt\n|faint|p1b: Farigiraf\n|move|p1a: Iron Hands|Wild Charge|p2b: Sinistcha\n|-resisted|p2b: Sinistcha\n|-damage|p2b: Sinistcha|83\/100\n|-damage|p1a: Iron Hands|38\/100|[from] Recoil\n|\n|upkeep\n|\n|t:|1699956268\n|switch|p1b: Lilligant|Lilligant-Hisui, L50, F|43\/100\n|turn|10\n|\n|t:|1699956281\n|-end|p1a: Iron Hands|Quark Drive|[silent]\n|switch|p1a: Torkoal|Torkoal, L50, F|21\/100\n|-weather|SunnyDay|[from] ability: Drought|[of] p1a: Torkoal\n|move|p2a: Drednaw|Protect|p2a: Drednaw\n|-singleturn|p2a: Drednaw|Protect\n|move|p1b: Lilligant|Close Combat|p2a: Drednaw\n|-activate|p2a: Drednaw|move: Protect\n|move|p2b: Sinistcha|Matcha Gotcha|p1a: Torkoal|[spread] p1a,p1b\n|-resisted|p1a: Torkoal\n|-resisted|p1b: Lilligant\n|-damage|p1a: Torkoal|4\/100\n|-heal|p2b: Sinistcha|92\/100|[from] drain|[of] p1a: Torkoal\n|-damage|p1b: Lilligant|24\/100\n|-heal|p2b: Sinistcha|99\/100|[from] drain|[of] p1b: Lilligant\n|\n|-weather|SunnyDay|[upkeep]\n|upkeep\n|turn|11\n|-message|Aatasc forfeited.\n|\n|win|Soolers\n|raw|Aatasc's rating: 1404 &rarr; <strong>1384<\/strong><br \/>(-20 for losing)\n|raw|Soolers's rating: 1410 &rarr; <strong>1430<\/strong><br \/>(+20 for winning)\n|l|\u2606Aatasc\n","uploadtime":1699956378,"views":12,"p1id":"aatasc","p2id":"soolers","formatid":"gen9vgc2023regulatione","rating":1384,"private":0,"password":""}