{"id":"gen9vgc2023regulatione-1998756453","p1":"tealpens4","p2":"hihi9876","format":"[Gen 9] VGC 2023 Regulation E","log":"|j|\u2606tealpens4\n|j|\u2606hihi9876\n|t:|1700984330\n|gametype|doubles\n|player|p1|tealpens4|169|1224\n|player|p2|hihi9876|lady-gen4|1317\n|teamsize|p1|6\n|teamsize|p2|6\n|gen|9\n|tier|[Gen 9] VGC 2023 Regulation E\n|rated|\n|rule|Species Clause: Limit one of each Pok\u00e9mon\n|rule|Item Clause: Limit one of each item\n|clearpoke\n|poke|p1|Tornadus, L50, M|\n|poke|p1|Politoed, L50, M|\n|poke|p1|Gholdengo, L50|\n|poke|p1|Urshifu-*, L50, F|\n|poke|p1|Arcanine-Hisui, L50, M|\n|poke|p1|Rillaboom, L50, M|\n|poke|p2|Klefki, L50, M|\n|poke|p2|Flutter Mane, L50|\n|poke|p2|Oranguru, L50, M|\n|poke|p2|Drednaw, L50, M|\n|poke|p2|Politoed, L50, M|\n|poke|p2|Gothitelle, L50, F|\n|teampreview|4\n|inactive|Battle timer is ON: inactive players will automatically lose when time's up. (requested by hihi9876)\n|\n|t:|1700984358\n|start\n|switch|p1a: Rillaboom|Rillaboom, L50, M|100\/100\n|switch|p1b: Gholdengo|Gholdengo, L50|100\/100\n|switch|p2a: Flutter Mane|Flutter Mane, L50|100\/100\n|switch|p2b: Klefki|Klefki, L50, M|100\/100\n|-fieldstart|move: Grassy Terrain|[from] ability: Grassy Surge|[of] p1a: Rillaboom\n|-enditem|p2a: Flutter Mane|Booster Energy\n|-activate|p2a: Flutter Mane|ability: Protosynthesis|[fromitem]\n|-start|p2a: Flutter Mane|protosynthesisspe\n|turn|1\n|inactive|hihi9876 has 30 seconds left.\n|\n|t:|1700984389\n|move|p2a: Flutter Mane|Protect|p2a: Flutter Mane\n|-singleturn|p2a: Flutter Mane|Protect\n|move|p1b: Gholdengo|Protect|p1b: Gholdengo\n|-singleturn|p1b: Gholdengo|Protect\n|move|p2b: Klefki|Magic Room|p2b: Klefki\n|-fieldstart|move: Magic Room|[of] p2b: Klefki\n|move|p1a: Rillaboom|Wood Hammer|p2a: Flutter Mane\n|-activate|p2a: Flutter Mane|move: Protect\n|\n|upkeep\n|turn|2\n|inactive|tealpens4 has 30 seconds left.\n|inactive|hihi9876 has 30 seconds left.\n|\n|t:|1700984421\n|-terastallize|p1b: Gholdengo|Dragon\n|move|p1a: Rillaboom|Grassy Glide|p2a: Flutter Mane\n|-damage|p2a: Flutter Mane|41\/100\n|move|p2a: Flutter Mane|Charm|p1a: Rillaboom\n|-unboost|p1a: Rillaboom|atk|2\n|move|p1b: Gholdengo|Make It Rain|p2b: Klefki|[spread] p2a,p2b\n|-supereffective|p2a: Flutter Mane\n|-damage|p2a: Flutter Mane|0 fnt\n|-damage|p2b: Klefki|54\/100\n|-unboost|p1b: Gholdengo|spa|1\n|faint|p2a: Flutter Mane\n|-end|p2a: Flutter Mane|Protosynthesis|[silent]\n|move|p2b: Klefki|Steel Beam|p1b: Gholdengo\n|-damage|p1b: Gholdengo|61\/100\n|-damage|p2b: Klefki|4\/100|[from] steelbeam\n|\n|-heal|p1b: Gholdengo|67\/100|[from] Grassy Terrain\n|-heal|p2b: Klefki|10\/100|[from] Grassy Terrain\n|upkeep\n|\n|t:|1700984441\n|switch|p2a: Drednaw|Drednaw, L50, M|100\/100\n|turn|3\n|inactive|tealpens4 has 30 seconds left.\n|\n|t:|1700984469\n|move|p2a: Drednaw|Protect|p2a: Drednaw\n|-singleturn|p2a: Drednaw|Protect\n|move|p1a: Rillaboom|Grassy Glide|p2a: Drednaw\n|-activate|p2a: Drednaw|move: Protect\n|move|p1b: Gholdengo|Make It Rain|p2b: Klefki|[spread] p2b\n|-activate|p2a: Drednaw|move: Protect\n|-damage|p2b: Klefki|0 fnt\n|-unboost|p1b: Gholdengo|spa|1\n|faint|p2b: Klefki\n|\n|-heal|p1b: Gholdengo|73\/100|[from] Grassy Terrain\n|upkeep\n|\n|t:|1700984483\n|switch|p2b: Oranguru|Oranguru, L50, M|100\/100\n|turn|4\n|\n|t:|1700984496\n|-terastallize|p2a: Drednaw|Grass\n|move|p1b: Gholdengo|Make It Rain|p2b: Oranguru|[spread] p2a,p2b\n|-crit|p2a: Drednaw\n|-damage|p2a: Drednaw|11\/100\n|-damage|p2b: Oranguru|82\/100\n|-unboost|p1b: Gholdengo|spa|1\n|move|p1a: Rillaboom|Wood Hammer|p2a: Drednaw\n|-resisted|p2a: Drednaw\n|-damage|p2a: Drednaw|0 fnt\n|faint|p2a: Drednaw\n|-damage|p1a: Rillaboom|97\/100|[from] Recoil\n|move|p2b: Oranguru|Instruct|p2: Drednaw|[notarget]\n|-fail|p2b: Oranguru\n|\n|-heal|p1b: Gholdengo|80\/100|[from] Grassy Terrain\n|-heal|p1a: Rillaboom|100\/100|[from] Grassy Terrain\n|-heal|p2b: Oranguru|88\/100|[from] Grassy Terrain\n|upkeep\n|turn|5\n|c|\u2606tealpens4|lol\n|c|\u2606tealpens4|where is the gholdengo check?!\n|c|\u2606hihi9876|LOL\n|c|\u2606hihi9876|GG\n|inactive|hihi9876 has 30 seconds left.\n|c|\u2606tealpens4|gg\n|c|\u2606tealpens4|xD\n|-message|hihi9876 forfeited.\n|\n|win|tealpens4\n|raw|tealpens4's rating: 1224 &rarr; <strong>1256<\/strong><br \/>(+32 for winning)\n|raw|hihi9876's rating: 1317 &rarr; <strong>1292<\/strong><br \/>(-25 for losing)\n|l|\u2606hihi9876\n","uploadtime":1700984533,"views":13,"p1id":"tealpens4","p2id":"hihi9876","formatid":"gen9vgc2023regulatione","rating":1256,"private":0,"password":""}