{"id":"gen9vgc2023regulatione-1996640079","p1":"Quinteh","p2":"ThePhantom_356","format":"[Gen 9] VGC 2023 Regulation E","log":"|j|\u2606Quinteh\n|j|\u2606ThePhantom_356\n|t:|1700703937\n|gametype|doubles\n|player|p1|Quinteh|266|1089\n|player|p2|ThePhantom_356|fantina|1067\n|teamsize|p1|6\n|teamsize|p2|6\n|gen|9\n|tier|[Gen 9] VGC 2023 Regulation E\n|rated|\n|rule|Species Clause: Limit one of each Pok\u00e9mon\n|rule|Item Clause: Limit one of each item\n|clearpoke\n|poke|p1|Heatran, L50, F|\n|poke|p1|Murkrow, L50, M|\n|poke|p1|Ogerpon-Wellspring, L50, F|\n|poke|p1|Iron Hands, L50|\n|poke|p1|Landorus-Therian, L50, M|\n|poke|p1|Flutter Mane, L50|\n|poke|p2|Hatterene, L50, F|\n|poke|p2|Indeedee-F, L50, F|\n|poke|p2|Torkoal, L50, F|\n|poke|p2|Ursaluna, L50, F|\n|poke|p2|Lilligant-Hisui, L50, F|\n|poke|p2|Flutter Mane, L50|\n|teampreview|4\n|\n|t:|1700703990\n|start\n|switch|p1a: Murkrow|Murkrow, L50, M|100\/100\n|switch|p1b: Landorus|Landorus-Therian, L50, M|100\/100\n|switch|p2a: Blair Witch|Hatterene, L50, F, shiny|100\/100\n|switch|p2b: Cecilia|Indeedee-F, L50, F|100\/100\n|-ability|p1b: Landorus|Intimidate|boost\n|-unboost|p2a: Blair Witch|atk|1\n|-unboost|p2b: Cecilia|atk|1\n|-fieldstart|move: Psychic Terrain|[from] ability: Psychic Surge|[of] p2b: Cecilia\n|turn|1\n|\n|t:|1700704010\n|switch|p1a: Heatran|Heatran, L50, F|100\/100\n|move|p2b: Cecilia|Follow Me|p2b: Cecilia\n|-singleturn|p2b: Cecilia|move: Follow Me\n|move|p1b: Landorus|Rock Slide|p2a: Blair Witch|[spread] p2a,p2b\n|-damage|p2a: Blair Witch|75\/100\n|-damage|p2b: Cecilia|80\/100\n|move|p2a: Blair Witch|Trick Room|p2a: Blair Witch\n|-fieldstart|move: Trick Room|[of] p2a: Blair Witch\n|\n|upkeep\n|turn|2\n|\n|t:|1700704040\n|switch|p2b: Eggnog|Ursaluna, L50, F|100\/100\n|-terastallize|p2a: Blair Witch|Fire\n|move|p2a: Blair Witch|Psychic|p1b: Landorus\n|-damage|p1b: Landorus|5\/100\n|move|p1a: Heatran|Heat Wave|p2a: Blair Witch|[spread] p2a,p2b\n|-resisted|p2a: Blair Witch\n|-crit|p2a: Blair Witch\n|-damage|p2a: Blair Witch|43\/100\n|-damage|p2b: Eggnog|62\/100\n|move|p1b: Landorus|Rock Slide|p2b: Eggnog|[spread] p2a,p2b\n|-supereffective|p2a: Blair Witch\n|-resisted|p2b: Eggnog\n|-damage|p2a: Blair Witch|0 fnt\n|-damage|p2b: Eggnog|55\/100\n|faint|p2a: Blair Witch\n|\n|-status|p2b: Eggnog|brn|[from] item: Flame Orb\n|upkeep\n|\n|t:|1700704059\n|switch|p2a: Torq|Torkoal, L50, F|100\/100\n|-weather|SunnyDay|[from] ability: Drought|[of] p2a: Torq\n|turn|3\n|\n|t:|1700704085\n|switch|p1b: Murkrow|Murkrow, L50, M|100\/100\n|-terastallize|p1a: Heatran|Grass\n|move|p2a: Torq|Yawn|p1a: Heatran\n|-start|p1a: Heatran|move: Yawn|[of] p2a: Torq\n|move|p2b: Eggnog|Facade|p1b: Murkrow\n|-damage|p1b: Murkrow|0 fnt\n|faint|p1b: Murkrow\n|move|p1a: Heatran|Earth Power|p2a: Torq\n|-supereffective|p2a: Torq\n|-damage|p2a: Torq|15\/100\n|\n|-weather|SunnyDay|[upkeep]\n|-damage|p2b: Eggnog|49\/100 brn|[from] brn\n|upkeep\n|\n|t:|1700704101\n|switch|p1b: Landorus|Landorus-Therian, L50, M|5\/100\n|-ability|p1b: Landorus|Intimidate|boost\n|-unboost|p2a: Torq|atk|1\n|-unboost|p2b: Eggnog|atk|1\n|turn|4\n|\n|t:|1700704114\n|switch|p2b: Cecilia|Indeedee-F, L50, F|80\/100\n|move|p2a: Torq|Heat Wave|p1a: Heatran|[spread] p1b\n|-start|p1a: Heatran|ability: Flash Fire\n|-damage|p1b: Landorus|0 fnt\n|faint|p1b: Landorus\n|move|p1a: Heatran|Heat Wave|p2a: Torq|[spread] p2a,p2b\n|-resisted|p2a: Torq\n|-damage|p2a: Torq|0 fnt\n|-damage|p2b: Cecilia|0 fnt\n|faint|p2a: Torq\n|faint|p2b: Cecilia\n|\n|-weather|SunnyDay|[upkeep]\n|-end|p1a: Heatran|move: Yawn|[silent]\n|-status|p1a: Heatran|slp\n|upkeep\n|\n|t:|1700704128\n|switch|p2b: Eggnog|Ursaluna, L50, F|49\/100 brn\n|switch|p1b: Flutter Mane|Flutter Mane, L50|100\/100\n|-activate|p1b: Flutter Mane|ability: Protosynthesis\n|-start|p1b: Flutter Mane|protosynthesisspe\n|turn|5\n|\n|t:|1700704147\n|move|p2b: Eggnog|Earthquake|p1a: Heatran|[spread] p1a,p1b\n|-resisted|p1a: Heatran\n|-damage|p1a: Heatran|72\/100 slp\n|-damage|p1b: Flutter Mane|0 fnt\n|faint|p1b: Flutter Mane\n|-end|p1b: Flutter Mane|Protosynthesis|[silent]\n|cant|p1a: Heatran|slp\n|\n|-weather|SunnyDay|[upkeep]\n|-heal|p1a: Heatran|78\/100 slp|[from] item: Leftovers\n|-damage|p2b: Eggnog|43\/100 brn|[from] brn\n|-fieldend|move: Trick Room\n|-fieldend|move: Psychic Terrain\n|upkeep\n|turn|6\n|\n|t:|1700704157\n|-curestatus|p1a: Heatran|slp|[msg]\n|move|p1a: Heatran|Magma Storm|p2b: Eggnog\n|-damage|p2b: Eggnog|0 fnt\n|faint|p2b: Eggnog\n|\n|win|Quinteh\n|raw|Quinteh's rating: 1089 &rarr; <strong>1114<\/strong><br \/>(+25 for winning)\n|raw|ThePhantom_356's rating: 1067 &rarr; <strong>1048<\/strong><br \/>(-19 for losing)\n","uploadtime":1700704166,"views":8,"p1id":"quinteh","p2id":"thephantom356","formatid":"gen9vgc2023regulatione","rating":1048,"private":0,"password":""}