{"id":"gen9vgc2023regulatione-1992912001","p1":"CarmiCorn","p2":"BenevolentWhale","format":"[Gen 9] VGC 2023 Regulation E","log":"|j|\u2606CarmiCorn\n|j|\u2606BenevolentWhale\n|t:|1700246175\n|gametype|doubles\n|player|p1|CarmiCorn|swimmer-gen4dp|\n|player|p2|BenevolentWhale|1|\n|teamsize|p1|6\n|teamsize|p2|6\n|gen|9\n|tier|[Gen 9] VGC 2023 Regulation E\n|rule|Species Clause: Limit one of each Pok\u00e9mon\n|rule|Item Clause: Limit one of each item\n|clearpoke\n|poke|p1|Wigglytuff, L50, M|\n|poke|p1|Morgrem, L50, M|\n|poke|p1|Gastrodon, L50, F|\n|poke|p1|Goodra, L50, M|\n|poke|p1|Noivern, L50, M|\n|poke|p1|Pawmot, L50, F|\n|poke|p2|Qwilfish, L50, M|\n|poke|p2|Murkrow, L50, M|\n|poke|p2|Farigiraf, L50, M|\n|poke|p2|Gholdengo, L50|\n|poke|p2|Polteageist, L50|\n|poke|p2|Blissey, L50, F|\n|teampreview|4\nBenevolentWhale rejected open team sheets.\n|\n|t:|1700246318\n|start\n|switch|p1a: Goober One|Gastrodon, L50, F|100\/100\n|switch|p1b: Goober Two|Goodra, L50, M|100\/100\n|switch|p2a: \ud835\udde4\ud835\uddea\ud835\udddc\ud835\udddf \ud835\udff0\ud835\udff1.|Qwilfish, L50, M, shiny|100\/100\n|switch|p2b: \uff34\uff28\uff25 \uff37\uff2f\uff32\uff24|Murkrow, L50, M|100\/100\n|-ability|p2a: \ud835\udde4\ud835\uddea\ud835\udddc\ud835\udddf \ud835\udff0\ud835\udff1.|Intimidate|boost\n|-unboost|p1a: Goober One|atk|1\n|-unboost|p1b: Goober Two|atk|1\n|turn|1\n|\n|t:|1700246363\n|-terastallize|p1b: Goober Two|Steel\n|move|p2a: \ud835\udde4\ud835\uddea\ud835\udddc\ud835\udddf \ud835\udff0\ud835\udff1.|Pin Missile|p1b: Goober Two\n|-resisted|p1b: Goober Two\n|-damage|p1b: Goober Two|97\/100\n|-resisted|p1b: Goober Two\n|-damage|p1b: Goober Two|93\/100\n|-resisted|p1b: Goober Two\n|-damage|p1b: Goober Two|90\/100\n|-resisted|p1b: Goober Two\n|-damage|p1b: Goober Two|87\/100\n|-resisted|p1b: Goober Two\n|-damage|p1b: Goober Two|83\/100\n|-hitcount|p1b: Goober Two|5\n|move|p2b: \uff34\uff28\uff25 \uff37\uff2f\uff32\uff24|U-turn|p1b: Goober Two\n|-resisted|p1b: Goober Two\n|-damage|p1b: Goober Two|77\/100\n|-damage|p2b: \uff34\uff28\uff25 \uff37\uff2f\uff32\uff24|84\/100|[from] item: Rocky Helmet|[of] p1b: Goober Two\n|\n|t:|1700246391\n|switch|p2b: Scrambler|Blissey, L50, F|100\/100|[from] U-turn\n|move|p1b: Goober Two|Surf|p2b: Scrambler|[spread] p2a,p2b\n|-ability|p1a: Goober One|Storm Drain|boost\n|-boost|p1a: Goober One|spa|1\n|-resisted|p2a: \ud835\udde4\ud835\uddea\ud835\udddc\ud835\udddf \ud835\udff0\ud835\udff1.\n|-damage|p2a: \ud835\udde4\ud835\uddea\ud835\udddc\ud835\udddf \ud835\udff0\ud835\udff1.|82\/100\n|-damage|p2b: Scrambler|94\/100\n|move|p1a: Goober One|Earth Power|p2a: \ud835\udde4\ud835\uddea\ud835\udddc\ud835\udddf \ud835\udff0\ud835\udff1.\n|-supereffective|p2a: \ud835\udde4\ud835\uddea\ud835\udddc\ud835\udddf \ud835\udff0\ud835\udff1.\n|-damage|p2a: \ud835\udde4\ud835\uddea\ud835\udddc\ud835\udddf \ud835\udff0\ud835\udff1.|0 fnt\n|faint|p2a: \ud835\udde4\ud835\uddea\ud835\udddc\ud835\udddf \ud835\udff0\ud835\udff1.\n|\n|-heal|p2b: Scrambler|100\/100|[from] item: Leftovers\n|upkeep\n|\n|t:|1700246407\n|switch|p2a: \uff34\uff28\uff25 \uff37\uff2f\uff32\uff24|Murkrow, L50, M|84\/100\n|turn|2\n|\n|t:|1700246438\n|move|p2a: \uff34\uff28\uff25 \uff37\uff2f\uff32\uff24|Tailwind|p2a: \uff34\uff28\uff25 \uff37\uff2f\uff32\uff24\n|-sidestart|p2: BenevolentWhale|move: Tailwind\n|move|p2b: Scrambler|Flamethrower|p1b: Goober Two\n|-supereffective|p1b: Goober Two\n|-damage|p1b: Goober Two|49\/100\n|move|p1b: Goober Two|Rain Dance|p1b: Goober Two\n|-weather|RainDance\n|move|p1a: Goober One|Hydro Pump|p2a: \uff34\uff28\uff25 \uff37\uff2f\uff32\uff24\n|-damage|p2a: \uff34\uff28\uff25 \uff37\uff2f\uff32\uff24|3\/100\n|\n|-weather|RainDance|[upkeep]\n|upkeep\n|turn|3\n|\n|t:|1700246491\n|move|p2a: \uff34\uff28\uff25 \uff37\uff2f\uff32\uff24|Protect|p2a: \uff34\uff28\uff25 \uff37\uff2f\uff32\uff24\n|-singleturn|p2a: \uff34\uff28\uff25 \uff37\uff2f\uff32\uff24|Protect\n|move|p2b: Scrambler|Grass Knot|p1b: Goober Two\n|-resisted|p1b: Goober Two\n|-damage|p1b: Goober Two|41\/100\n|-damage|p2b: Scrambler|84\/100|[from] item: Rocky Helmet|[of] p1b: Goober Two\n|move|p1b: Goober Two|Surf|p2a: \uff34\uff28\uff25 \uff37\uff2f\uff32\uff24|[spread] p2b\n|-activate|p2a: \uff34\uff28\uff25 \uff37\uff2f\uff32\uff24|move: Protect\n|-ability|p1a: Goober One|Storm Drain|boost\n|-boost|p1a: Goober One|spa|1\n|-damage|p2b: Scrambler|75\/100\n|move|p1a: Goober One|Tera Blast|p2a: \uff34\uff28\uff25 \uff37\uff2f\uff32\uff24\n|-activate|p2a: \uff34\uff28\uff25 \uff37\uff2f\uff32\uff24|move: Protect\n|\n|-weather|RainDance|[upkeep]\n|-heal|p2b: Scrambler|81\/100|[from] item: Leftovers\n|upkeep\n|turn|4\n|\n|t:|1700246540\n|switch|p1a: The Kid|Pawmot, L50, F|100\/100\n|move|p2a: \uff34\uff28\uff25 \uff37\uff2f\uff32\uff24|Dark Pulse|p1b: Goober Two\n|-damage|p1b: Goober Two|29\/100\n|move|p2b: Scrambler|Flamethrower|p1b: Goober Two\n|-supereffective|p1b: Goober Two\n|-damage|p1b: Goober Two|17\/100\n|move|p1b: Goober Two|Life Dew||[still]|[spread] p1a,p1b\n|-fail|p1a: The Kid|heal\n|-heal|p1b: Goober Two|42\/100\n|\n|-weather|RainDance|[upkeep]\n|-heal|p2b: Scrambler|87\/100|[from] item: Leftovers\n|upkeep\n|turn|5\n|\n|t:|1700246623\n|-terastallize|p2b: Scrambler|Ghost\n|move|p2a: \uff34\uff28\uff25 \uff37\uff2f\uff32\uff24|Dark Pulse|p1b: Goober Two\n|-damage|p1b: Goober Two|28\/100\n|move|p1a: The Kid|Close Combat|p2b: Scrambler\n|-immune|p2b: Scrambler\n|move|p2b: Scrambler|Flamethrower|p1b: Goober Two\n|-supereffective|p1b: Goober Two\n|-damage|p1b: Goober Two|16\/100\n|move|p1b: Goober Two|Life Dew||[still]|[spread] p1a,p1b\n|-fail|p1a: The Kid|heal\n|-heal|p1b: Goober Two|41\/100\n|\n|-weather|RainDance|[upkeep]\n|-heal|p2b: Scrambler|93\/100|[from] item: Leftovers\n|-sideend|p2: BenevolentWhale|move: Tailwind\n|upkeep\n|turn|6\n|\n|t:|1700246686\n|move|p2a: \uff34\uff28\uff25 \uff37\uff2f\uff32\uff24|Protect|p2a: \uff34\uff28\uff25 \uff37\uff2f\uff32\uff24\n|-singleturn|p2a: \uff34\uff28\uff25 \uff37\uff2f\uff32\uff24|Protect\n|move|p1a: The Kid|Double Shock|p2b: Scrambler\n|-damage|p2b: Scrambler|0 fnt\n|-start|p1a: The Kid|typechange|???\/Fighting|[from] move: Double Shock\n|faint|p2b: Scrambler\n|move|p1b: Goober Two|Life Dew||[still]|[spread] p1a,p1b\n|-fail|p1a: The Kid|heal\n|-heal|p1b: Goober Two|65\/100\n|\n|-weather|none\n|upkeep\n|\n|t:|1700246696\n|switch|p2b: \ud83e\udd92|Farigiraf, L50, M|100\/100\n|turn|7\n|\n|t:|1700246798\n|move|p2a: \uff34\uff28\uff25 \uff37\uff2f\uff32\uff24|Tailwind|p2a: \uff34\uff28\uff25 \uff37\uff2f\uff32\uff24\n|-sidestart|p2: BenevolentWhale|move: Tailwind\n|move|p1a: The Kid|Close Combat|p2b: \ud83e\udd92\n|-damage|p2b: \ud83e\udd92|35\/100\n|-unboost|p1a: The Kid|def|1\n|-unboost|p1a: The Kid|spd|1\n|move|p2b: \ud83e\udd92|Dazzling Gleam|p1a: The Kid|[spread] p1a,p1b\n|-supereffective|p1a: The Kid\n|-resisted|p1b: Goober Two\n|-enditem|p1a: The Kid|Focus Sash\n|-damage|p1a: The Kid|1\/100\n|-damage|p1b: Goober Two|59\/100\n|move|p1b: Goober Two|Flamethrower|p2a: \uff34\uff28\uff25 \uff37\uff2f\uff32\uff24\n|-damage|p2a: \uff34\uff28\uff25 \uff37\uff2f\uff32\uff24|0 fnt\n|faint|p2a: \uff34\uff28\uff25 \uff37\uff2f\uff32\uff24\n|\n|upkeep\n|turn|8\n|\n|t:|1700246829\n|move|p1a: The Kid|Close Combat|p2b: \ud83e\udd92\n|-damage|p2b: \ud83e\udd92|0 fnt\n|-unboost|p1a: The Kid|def|1\n|-unboost|p1a: The Kid|spd|1\n|faint|p2b: \ud83e\udd92\n|\n|win|CarmiCorn\n","uploadtime":1700246837,"views":24,"p1id":"carmicorn","p2id":"benevolentwhale","formatid":"gen9vgc2023regulatione","rating":0,"private":0,"password":""}