{"id":"gen9vgc2023regulatione-1992007327","p1":"Refanner","p2":"Uwe1","format":"[Gen 9] VGC 2023 Regulation E","log":"|j|\u2606Refanner\n|j|\u2606Uwe1\n|t:|1700147205\n|gametype|doubles\n|player|p1|Refanner|265|1287\n|player|p2|Uwe1|170|1308\n|teamsize|p1|6\n|teamsize|p2|6\n|gen|9\n|tier|[Gen 9] VGC 2023 Regulation E\n|rated|\n|rule|Species Clause: Limit one of each Pok\u00e9mon\n|rule|Item Clause: Limit one of each item\n|clearpoke\n|poke|p1|Glimmora, L50, M|\n|poke|p1|Urshifu-*, L50, M|\n|poke|p1|Tornadus, L50, M|\n|poke|p1|Rillaboom, L50, M|\n|poke|p1|Clefairy, L50, F|\n|poke|p1|Regieleki, L50|\n|poke|p2|Gholdengo, L50|\n|poke|p2|Iron Hands, L50|\n|poke|p2|Amoonguss, L50, F|\n|poke|p2|Iron Bundle, L50|\n|poke|p2|Pelipper, L50, M|\n|poke|p2|Salamence, L50, M|\n|teampreview|4\n|inactive|Battle timer is ON: inactive players will automatically lose when time's up. (requested by Uwe1)\n|inactive|Refanner has 60 seconds left.\n|inactive|Uwe1 has 60 seconds left.\n|inactive|Refanner has 30 seconds left.\n|inactive|Uwe1 has 30 seconds left.\n|inactive|Refanner has 20 seconds left.\nUwe1 rejected open team sheets.\n|inactive|Refanner has 15 seconds left.\n|inactive|Refanner has 10 seconds left.\n|inactive|Refanner has 5 seconds left.\n|\n|t:|1700147295\n|start\n|switch|p1a: Rillaboom|Rillaboom, L50, M|100\/100\n|switch|p1b: Regieleki|Regieleki, L50|100\/100\n|switch|p2a: Gholdengo|Gholdengo, L50|100\/100\n|switch|p2b: Amoonguss|Amoonguss, L50, F|100\/100\n|-fieldstart|move: Grassy Terrain|[from] ability: Grassy Surge|[of] p1a: Rillaboom\n|turn|1\n|inactive|Refanner has 30 seconds left.\n|inactive|Refanner has 20 seconds left.\n|inactive|Refanner has 15 seconds left.\n|inactive|Refanner has 10 seconds left.\n|inactive|Refanner has 5 seconds left.\n|\n|t:|1700147349\n|-terastallize|p1b: Regieleki|Ice\n|-terastallize|p2a: Gholdengo|Dragon\n|move|p2b: Amoonguss|Protect|p2b: Amoonguss\n|-singleturn|p2b: Amoonguss|Protect\n|move|p1a: Rillaboom|Fake Out|p2b: Amoonguss\n|-activate|p2b: Amoonguss|move: Protect\n|move|p1b: Regieleki|Tera Blast|p2b: Amoonguss|[anim] Tera Blast Ice\n|-activate|p2b: Amoonguss|move: Protect\n|move|p2a: Gholdengo|Nasty Plot|p2a: Gholdengo\n|-boost|p2a: Gholdengo|spa|2\n|\n|upkeep\n|turn|2\n|inactive|Refanner has 30 seconds left.\n|inactive|Uwe1 has 30 seconds left.\n|inactive|Refanner has 20 seconds left.\n|inactive|Uwe1 has 20 seconds left.\n|\n|t:|1700147389\n|move|p2b: Amoonguss|Rage Powder|p2b: Amoonguss\n|-singleturn|p2b: Amoonguss|move: Rage Powder\n|move|p1b: Regieleki|Tera Blast|p2b: Amoonguss|[anim] Tera Blast Ice\n|-supereffective|p2b: Amoonguss\n|-crit|p2b: Amoonguss\n|-damage|p2b: Amoonguss|0 fnt\n|faint|p2b: Amoonguss\n|-damage|p1b: Regieleki|91\/100|[from] item: Life Orb\n|move|p2a: Gholdengo|Make It Rain|p1b: Regieleki|[spread] p1a,p1b\n|-supereffective|p1b: Regieleki\n|-damage|p1a: Rillaboom|30\/100\n|-damage|p1b: Regieleki|0 fnt\n|-unboost|p2a: Gholdengo|spa|1\n|faint|p1b: Regieleki\n|move|p1a: Rillaboom|Wood Hammer|p2a: Gholdengo\n|-resisted|p2a: Gholdengo\n|-damage|p2a: Gholdengo|63\/100\n|-damage|p1a: Rillaboom|19\/100|[from] Recoil\n|\n|-heal|p2a: Gholdengo|69\/100|[from] Grassy Terrain\n|-heal|p2a: Gholdengo|75\/100|[from] item: Leftovers\n|-heal|p1a: Rillaboom|25\/100|[from] Grassy Terrain\n|upkeep\n|inactive|Refanner has 30 seconds left.\n|\n|t:|1700147417\n|switch|p1b: Urshifu|Urshifu, L50, M|100\/100\n|switch|p2b: Iron Hands|Iron Hands, L50|100\/100\n|turn|3\n|inactive|Refanner has 30 seconds left.\n|inactive|Uwe1 has 30 seconds left.\n|\n|t:|1700147447\n|move|p2b: Iron Hands|Fake Out|p1a: Rillaboom\n|-damage|p1a: Rillaboom|12\/100\n|move|p1b: Urshifu|Substitute|p1b: Urshifu\n|-start|p1b: Urshifu|Substitute\n|-damage|p1b: Urshifu|76\/100\n|move|p2a: Gholdengo|Shadow Ball|p1a: Rillaboom\n|-damage|p1a: Rillaboom|0 fnt\n|faint|p1a: Rillaboom\n|\n|-heal|p1b: Urshifu|82\/100|[from] Grassy Terrain\n|-heal|p2a: Gholdengo|81\/100|[from] Grassy Terrain\n|-heal|p2a: Gholdengo|87\/100|[from] item: Leftovers\n|upkeep\n|\n|t:|1700147458\n|switch|p1a: Glimmora|Glimmora, L50, M|100\/100\n|turn|4\n|inactive|Refanner has 30 seconds left.\n|inactive|Refanner has 20 seconds left.\n|inactive|Refanner has 15 seconds left.\n|\n|t:|1700147499\n|-end|p2b: Iron Hands|Quark Drive|[silent]\n|switch|p2b: Iron Bundle|Iron Bundle, L50|100\/100\n|-enditem|p2b: Iron Bundle|Booster Energy\n|-activate|p2b: Iron Bundle|ability: Quark Drive|[fromitem]\n|-start|p2b: Iron Bundle|quarkdrivespe\n|move|p1a: Glimmora|Sludge Bomb|p2a: Gholdengo\n|-damage|p2a: Gholdengo|34\/100\n|move|p1b: Urshifu|Wicked Blow|p2a: Gholdengo\n|-crit|p2a: Gholdengo\n|-damage|p2a: Gholdengo|0 fnt\n|faint|p2a: Gholdengo\n|\n|-heal|p1b: Urshifu|88\/100|[from] Grassy Terrain\n|upkeep\n|\n|t:|1700147510\n|switch|p2a: Iron Hands|Iron Hands, L50|100\/100\n|turn|5\n|\n|t:|1700147526\n|move|p2b: Iron Bundle|Protect|p2b: Iron Bundle\n|-singleturn|p2b: Iron Bundle|Protect\n|move|p1a: Glimmora|Spiky Shield|p1a: Glimmora\n|-singleturn|p1a: Glimmora|move: Protect\n|move|p1b: Urshifu|Protect|p1b: Urshifu\n|-singleturn|p1b: Urshifu|Protect\n|move|p2a: Iron Hands|Drain Punch|p1b: Urshifu\n|-activate|p1b: Urshifu|move: Protect\n|\n|-heal|p1b: Urshifu|94\/100|[from] Grassy Terrain\n|-fieldend|move: Grassy Terrain\n|upkeep\n|turn|6\n|inactive|Refanner has 30 seconds left.\n|\n|t:|1700147555\n|move|p2b: Iron Bundle|Hydro Pump|p1a: Glimmora\n|-supereffective|p1a: Glimmora\n|-enditem|p1a: Glimmora|Focus Sash\n|-damage|p1a: Glimmora|1\/100\n|move|p1a: Glimmora|Earth Power|p2a: Iron Hands\n|-supereffective|p2a: Iron Hands\n|-damage|p2a: Iron Hands|67\/100\n|move|p1b: Urshifu|Close Combat|p2a: Iron Hands\n|-damage|p2a: Iron Hands|28\/100\n|-unboost|p1b: Urshifu|def|1\n|-unboost|p1b: Urshifu|spd|1\n|move|p2a: Iron Hands|Drain Punch|p1b: Urshifu\n|-supereffective|p1b: Urshifu\n|-end|p1b: Urshifu|Substitute\n|-heal|p2a: Iron Hands|37\/100|[from] drain|[of] p1b: Urshifu\n|\n|upkeep\n|turn|7\n|l|\u2606Uwe1\n|inactive|Uwe1 disconnected and has a minute to reconnect!\n|player|p2|\n|inactive|Refanner has 30 seconds left.\n|inactive|Uwe1 has 30 seconds left.\n|j|\u2606Uwe1\n|inactive|Uwe1 reconnected and has 25 seconds left.\n|player|p2|Uwe1|170\n|inactive|Uwe1 has 20 seconds left.\n|inactive|Uwe1 has 15 seconds left.\n|inactive|Uwe1 has 10 seconds left.\n|\n|t:|1700147604\n|move|p2b: Iron Bundle|Icy Wind|p1b: Urshifu|[spread] p1b\n|-miss|p2b: Iron Bundle|p1a: Glimmora\n|-damage|p1b: Urshifu|62\/100\n|-unboost|p1b: Urshifu|spe|1\n|move|p1a: Glimmora|Earth Power|p2a: Iron Hands\n|-supereffective|p2a: Iron Hands\n|-damage|p2a: Iron Hands|5\/100\n|move|p1b: Urshifu|Close Combat|p2b: Iron Bundle\n|-supereffective|p2b: Iron Bundle\n|-damage|p2b: Iron Bundle|0 fnt\n|-unboost|p1b: Urshifu|def|1\n|-unboost|p1b: Urshifu|spd|1\n|faint|p2b: Iron Bundle\n|-end|p2b: Iron Bundle|Quark Drive|[silent]\n|move|p2a: Iron Hands|Drain Punch|p1b: Urshifu\n|-supereffective|p1b: Urshifu\n|-damage|p1b: Urshifu|0 fnt\n|-heal|p2a: Iron Hands|28\/100|[from] drain|[of] p1b: Urshifu\n|faint|p1b: Urshifu\n|\n|upkeep\n|turn|8\n|\n|t:|1700147623\n|move|p1a: Glimmora|Earth Power|p2a: Iron Hands\n|-supereffective|p2a: Iron Hands\n|-damage|p2a: Iron Hands|0 fnt\n|faint|p2a: Iron Hands\n|-end|p2a: Iron Hands|Quark Drive|[silent]\n|\n|win|Refanner\n|raw|Refanner's rating: 1287 &rarr; <strong>1314<\/strong><br \/>(+27 for winning)\n|raw|Uwe1's rating: 1308 &rarr; <strong>1287<\/strong><br \/>(-21 for losing)\n","uploadtime":1700147630,"views":24,"p1id":"refanner","p2id":"uwe1","formatid":"gen9vgc2023regulatione","rating":1287,"private":0,"password":""}