{"id":"gen9vgc2023regulatione-1993874251","p1":"PunkRockObstagoon","p2":"FlopyFlopsters","format":"[Gen 9] VGC 2023 Regulation E","log":"|j|\u2606PunkRockObstagoon\n|j|\u2606FlopyFlopsters\n|t:|1700368417\n|gametype|doubles\n|player|p1|PunkRockObstagoon|hilbert|1450\n|player|p2|FlopyFlopsters|nate|1554\n|teamsize|p1|6\n|teamsize|p2|6\n|gen|9\n|tier|[Gen 9] VGC 2023 Regulation E\n|rated|\n|rule|Species Clause: Limit one of each Pok\u00e9mon\n|rule|Item Clause: Limit one of each item\n|clearpoke\n|poke|p1|Spinarak, L50, M|\n|poke|p1|Tatsugiri-Droopy, L50, M|\n|poke|p1|Urshifu-*, L50, M|\n|poke|p1|Lurantis, L50, F|\n|poke|p1|Armarouge, L50, M|\n|poke|p1|Farigiraf, L50, F|\n|poke|p2|Tornadus, L50, M|\n|poke|p2|Urshifu-*, L50, M|\n|poke|p2|Iron Hands, L50|\n|poke|p2|Farigiraf, L50, F|\n|poke|p2|Chien-Pao, L50|\n|poke|p2|Arcanine-Hisui, L50, M|\n|teampreview|4\n|inactive|Battle timer is ON: inactive players will automatically lose when time's up. (requested by PunkRockObstagoon)\n|inactive|FlopyFlopsters also wants the timer to be on.\n|c|\u2606FlopyFlopsters|oh no\n|inactive|PunkRockObstagoon has 60 seconds left.\n|\n|t:|1700368474\n|start\n|switch|p1a: Urshifu|Urshifu-Rapid-Strike, L50, M|100\/100\n|switch|p1b: Farigiraf|Farigiraf, L50, F|100\/100\n|switch|p2a: Jerry|Farigiraf, L50, F|100\/100\n|switch|p2b: Billy|Iron Hands, L50|100\/100\n|turn|1\n|\n|t:|1700368490\n|move|p1a: Urshifu|U-turn|p2a: Jerry\n|-supereffective|p2a: Jerry\n|-damage|p2a: Jerry|56\/100\n|\n|t:|1700368492\n|switch|p1a: Lurantis|Lurantis, L50, F|100\/100|[from] U-turn\n|move|p1b: Farigiraf|Hyper Voice|p2b: Billy|[spread] p2a,p2b\n|-damage|p2a: Jerry|23\/100\n|-damage|p2b: Billy|83\/100\n|-enditem|p2a: Jerry|Sitrus Berry|[eat]\n|-heal|p2a: Jerry|48\/100|[from] item: Sitrus Berry\n|move|p2b: Billy|Wild Charge|p1a: Lurantis\n|-resisted|p1a: Lurantis\n|-damage|p1a: Lurantis|72\/100\n|-damage|p2b: Billy|77\/100|[from] Recoil\n|move|p2a: Jerry|Trick Room|p2a: Jerry\n|-fieldstart|move: Trick Room|[of] p2a: Jerry\n|\n|upkeep\n|turn|2\n|\n|t:|1700368507\n|move|p1a: Lurantis|Knock Off|p2a: Jerry\n|-supereffective|p2a: Jerry\n|-damage|p2a: Jerry|16\/100\n|move|p2b: Billy|Drain Punch|p1a: Lurantis\n|-damage|p1a: Lurantis|21\/100\n|-heal|p2b: Billy|96\/100|[from] drain|[of] p1a: Lurantis\n|move|p1b: Farigiraf|Psychic|p2b: Billy\n|-supereffective|p2b: Billy\n|-damage|p2b: Billy|41\/100\n|move|p2a: Jerry|Hyper Voice|p1b: Farigiraf|[spread] p1a,p1b\n|-damage|p1a: Lurantis|2\/100\n|-damage|p1b: Farigiraf|65\/100\n|\n|upkeep\n|turn|3\n|\n|t:|1700368527\n|move|p1a: Lurantis|Superpower|p2a: Jerry\n|-damage|p2a: Jerry|0 fnt\n|-boost|p1a: Lurantis|atk|1\n|-boost|p1a: Lurantis|def|1\n|faint|p2a: Jerry\n|move|p2b: Billy|Drain Punch|p1b: Farigiraf\n|-damage|p1b: Farigiraf|13\/100\n|-heal|p2b: Billy|62\/100|[from] drain|[of] p1b: Farigiraf\n|move|p1b: Farigiraf|Psychic|p2b: Billy\n|-supereffective|p2b: Billy\n|-damage|p2b: Billy|13\/100\n|-unboost|p2b: Billy|spd|1\n|\n|upkeep\n|\n|t:|1700368547\n|switch|p2a: Jimmy|Tornadus, L50, M|100\/100\n|turn|4\n|\n|t:|1700368557\n|move|p1a: Lurantis|Leaf Blade|p2b: Billy\n|-damage|p2b: Billy|0 fnt\n|faint|p2b: Billy\n|-end|p2b: Billy|Quark Drive|[silent]\n|move|p1b: Farigiraf|Hyper Voice|p2a: Jimmy\n|-crit|p2a: Jimmy\n|-damage|p2a: Jimmy|28\/100\n|move|p2a: Jimmy|Bleakwind Storm|p1a: Lurantis|[spread] p1a,p1b\n|-supereffective|p1a: Lurantis\n|-damage|p1a: Lurantis|0 fnt\n|-damage|p1b: Farigiraf|0 fnt\n|faint|p1a: Lurantis\n|faint|p1b: Farigiraf\n|\n|upkeep\n|\n|t:|1700368570\n|switch|p1a: Urshifu|Urshifu-Rapid-Strike, L50, M|100\/100\n|switch|p2b: Johnny|Chien-Pao, L50|100\/100\n|switch|p1b: Tatsugiri|Tatsugiri-Droopy, L50, M|100\/100\n|-ability|p2b: Johnny|Sword of Ruin\n|turn|5\n|\n|t:|1700368583\n|-terastallize|p1a: Urshifu|Steel\n|move|p2b: Johnny|Sucker Punch|p1b: Tatsugiri\n|-damage|p1b: Tatsugiri|32\/100\n|move|p1b: Tatsugiri|Muddy Water|p2a: Jimmy|[spread] p2a,p2b\n|-damage|p2a: Jimmy|0 fnt\n|-damage|p2b: Johnny|42\/100\n|faint|p2a: Jimmy\n|move|p1a: Urshifu|Iron Head|p2b: Johnny\n|-supereffective|p2b: Johnny\n|-damage|p2b: Johnny|0 fnt\n|faint|p2b: Johnny\n|\n|win|PunkRockObstagoon\n|raw|PunkRockObstagoon's rating: 1450 &rarr; <strong>1476<\/strong><br \/>(+26 for winning)\n|raw|FlopyFlopsters's rating: 1554 &rarr; <strong>1528<\/strong><br \/>(-26 for losing)\n","uploadtime":1700368587,"views":7,"p1id":"punkrockobstagoon","p2id":"flopyflopsters","formatid":"gen9vgc2023regulatione","rating":1476,"private":0,"password":""}