{"id":"gen9vgc2023regulatione-1997485353","p1":"JabsGR","p2":"finiro","format":"[Gen 9] VGC 2023 Regulation E","log":"|j|\u2606JabsGR\n|j|\u2606finiro\n|n|\u2606JabsGR|jabsgr\n|n|\u2606finiro|finiro\n|html|View the match progress at <a href=\"\/game-bestof3-gen9vgc2023regulatione-1997481472\">game-bestof3-gen9vgc2023regulatione-1997481472<\/a>\n|t:|1700813621\n|gametype|doubles\n|player|p1|JabsGR|veteran-gen4|\n|player|p2|finiro|gambler|\n|teamsize|p1|6\n|teamsize|p2|6\n|gen|9\n|tier|[Gen 9] VGC 2023 Regulation E\n|rule|Species Clause: Limit one of each Pok\u00e9mon\n|rule|Item Clause: Limit one of each item\n|clearpoke\n|poke|p1|Sandy Shocks, L50|\n|poke|p1|Espathra, L50, F|\n|poke|p1|Indeedee, L50, M|\n|poke|p1|Armarouge, L50, M|\n|poke|p1|Annihilape, L50, M|\n|poke|p1|Maushold-Four, L50|\n|poke|p2|Ogerpon-Cornerstone, L50, F|\n|poke|p2|Thwackey, L50, F|\n|poke|p2|Clefairy, L50, M|\n|poke|p2|Cetitan, L50, F|\n|poke|p2|Volcarona, L50, M|\n|poke|p2|Grimmsnarl, L50, M|\n|teampreview|4\n|inactive|Battle timer is ON: inactive players will automatically lose when time's up. (requested by JabsGR)\n|j| Stryke Out\n|j| F3athers\n|j| Jstardude\n|inactive|JabsGR has 60 seconds left.\n|inactive|JabsGR has 30 seconds left.\n|inactive|JabsGR has 20 seconds left.\n|\n|t:|1700813693\n|start\n|switch|p1a: Sandy Shocks|Sandy Shocks, L50|100\/100\n|switch|p1b: Indeedee|Indeedee, L50, M|100\/100\n|switch|p2a: Ogerpon|Ogerpon-Cornerstone, L50, F|100\/100\n|switch|p2b: Thwackey|Thwackey, L50, F|100\/100\n|-fieldstart|move: Psychic Terrain|[from] ability: Psychic Surge|[of] p1b: Indeedee\n|-fieldstart|move: Grassy Terrain|[from] ability: Grassy Surge|[of] p2b: Thwackey\n|-enditem|p1a: Sandy Shocks|Booster Energy\n|-activate|p1a: Sandy Shocks|ability: Protosynthesis|[fromitem]\n|-start|p1a: Sandy Shocks|protosynthesisspe\n|turn|1\n|inactive|JabsGR has 30 seconds left.\n|\n|t:|1700813718\n|switch|p1b: Annihilape|Annihilape, L50, M|100\/100\n|move|p2a: Ogerpon|Grassy Glide|p1a: Sandy Shocks\n|-supereffective|p1a: Sandy Shocks\n|-damage|p1a: Sandy Shocks|9\/100\n|move|p2b: Thwackey|Grassy Glide|p1a: Sandy Shocks\n|-supereffective|p1a: Sandy Shocks\n|-damage|p1a: Sandy Shocks|0 fnt\n|faint|p1a: Sandy Shocks\n|-end|p1a: Sandy Shocks|Protosynthesis|[silent]\n|\n|upkeep\n|\n|t:|1700813729\n|switch|p1a: Indeedee|Indeedee, L50, M|100\/100\n|-fieldstart|move: Psychic Terrain|[from] ability: Psychic Surge|[of] p1a: Indeedee\n|turn|2\n|inactive|finiro has 30 seconds left.\n|\n|t:|1700813764\n|move|p1a: Indeedee|Helping Hand|p1b: Annihilape\n|-singleturn|p1b: Annihilape|Helping Hand|[of] p1a: Indeedee\n|move|p2a: Ogerpon|Spiky Shield|p2a: Ogerpon\n|-singleturn|p2a: Ogerpon|move: Protect\n|move|p1b: Annihilape|Rage Fist|p2b: Thwackey\n|-damage|p2b: Thwackey|52\/100\n|move|p2b: Thwackey|U-turn|p1a: Indeedee\n|-supereffective|p1a: Indeedee\n|-damage|p1a: Indeedee|21\/100\n|\n|t:|1700813778\n|switch|p2b: Grimmsnarl|Grimmsnarl, L50, M|100\/100|[from] U-turn\n|\n|upkeep\n|turn|3\n|\n|t:|1700813802\n|switch|p2a: Thwackey|Thwackey, L50, F|52\/100\n|-fieldstart|move: Grassy Terrain|[from] ability: Grassy Surge|[of] p2a: Thwackey\n|switch|p1a: Espathra|Espathra, L50, F|100\/100\n|move|p1b: Annihilape|Bulk Up|p1b: Annihilape\n|-boost|p1b: Annihilape|atk|1\n|-boost|p1b: Annihilape|def|1\n|move|p2b: Grimmsnarl|Spirit Break|p1b: Annihilape\n|-supereffective|p1b: Annihilape\n|-damage|p1b: Annihilape|32\/100\n|-unboost|p1b: Annihilape|spa|1\n|-ability|p1b: Annihilape|Defiant|boost\n|-boost|p1b: Annihilape|atk|2\n|\n|-heal|p1b: Annihilape|38\/100|[from] Grassy Terrain\n|-heal|p1b: Annihilape|44\/100|[from] item: Leftovers\n|-heal|p2a: Thwackey|58\/100|[from] Grassy Terrain\n|upkeep\n|turn|4\n|inactive|JabsGR has 30 seconds left.\n|inactive|finiro has 30 seconds left.\n|inactive|JabsGR has 20 seconds left.\n|j| austinerzs\n|inactive|JabsGR has 15 seconds left.\n|\n|t:|1700813843\n|switch|p1a: Indeedee|Indeedee, L50, M|21\/100\n|-fieldstart|move: Psychic Terrain|[from] ability: Psychic Surge|[of] p1a: Indeedee\n|-terastallize|p1b: Annihilape|Fire\n|move|p2a: Thwackey|Fake Out|p1a: Indeedee\n|-activate|p1a: Indeedee|move: Psychic Terrain\n|move|p1b: Annihilape|Drain Punch|p2a: Thwackey\n|-damage|p2a: Thwackey|0 fnt\n|-heal|p1b: Annihilape|70\/100|[from] drain|[of] p2a: Thwackey\n|faint|p2a: Thwackey\n|move|p2b: Grimmsnarl|Spirit Break|p1b: Annihilape\n|-resisted|p1b: Annihilape\n|-damage|p1b: Annihilape|53\/100\n|-unboost|p1b: Annihilape|spa|1\n|-ability|p1b: Annihilape|Defiant|boost\n|-boost|p1b: Annihilape|atk|2\n|\n|-heal|p1b: Annihilape|59\/100|[from] item: Leftovers\n|upkeep\n|inactive|finiro has 30 seconds left.\n|c| austinerzs|what is bro cooking\ud83d\udd25\ud83d\udd25\n|inactive|finiro has 20 seconds left.\n|\n|t:|1700813880\n|switch|p2a: Ogerpon|Ogerpon-Cornerstone, L50, F|100\/100\n|turn|5\n|inactive|JabsGR has 30 seconds left.\n|\n|t:|1700813911\n|move|p2a: Ogerpon|Spiky Shield|p2a: Ogerpon\n|-singleturn|p2a: Ogerpon|move: Protect\n|move|p1b: Annihilape|Protect|p1b: Annihilape\n|-singleturn|p1b: Annihilape|Protect\n|move|p2b: Grimmsnarl|False Surrender|p1a: Indeedee\n|-supereffective|p1a: Indeedee\n|-damage|p1a: Indeedee|0 fnt\n|faint|p1a: Indeedee\n|\n|-heal|p1b: Annihilape|65\/100|[from] item: Leftovers\n|upkeep\n|l|\u2606finiro\n|inactive|finiro disconnected!\n|player|p2|\n|\n|t:|1700813920\n|switch|p1a: Espathra|Espathra, L50, F|100\/100\n|turn|6\n|j|\u2606finiro\n|inactive|finiro reconnected and has 50 seconds left.\n|player|p2|finiro|gambler\n|\n|t:|1700813941\n|-terastallize|p2a: Ogerpon|Rock\n|detailschange|p2a: Ogerpon|Ogerpon-Cornerstone-Tera, L50, F, tera:Rock\n|-ability|p2a: Ogerpon|Embody Aspect (Cornerstone)|boost\n|-boost|p2a: Ogerpon|def|1\n|move|p2b: Grimmsnarl|Sucker Punch|p1a: Espathra\n|-activate|p1a: Espathra|move: Psychic Terrain\n|move|p2a: Ogerpon|Ivy Cudgel|p1b: Annihilape|[anim] Ivy Cudgel Rock\n|-supereffective|p1b: Annihilape\n|-damage|p1b: Annihilape|0 fnt\n|faint|p1b: Annihilape\n|move|p1a: Espathra|Lumina Crash|p2a: Ogerpon\n|-damage|p2a: Ogerpon|45\/100\n|-unboost|p2a: Ogerpon|spd|2\n|\n|-ability|p1a: Espathra|Speed Boost|boost\n|-boost|p1a: Espathra|spe|1\n|upkeep\n|turn|7\n|c|\u2606finiro|whoops\n|c|\u2606finiro|i do that every game\n|\n|t:|1700813962\n|move|p2a: Ogerpon|Follow Me|p2a: Ogerpon\n|-singleturn|p2a: Ogerpon|move: Follow Me\n|move|p1a: Espathra|Dazzling Gleam|p2b: Grimmsnarl|[spread] p2a,p2b\n|-supereffective|p2b: Grimmsnarl\n|-damage|p2a: Ogerpon|0 fnt\n|-damage|p2b: Grimmsnarl|55\/100\n|faint|p2a: Ogerpon\n|move|p2b: Grimmsnarl|False Surrender|p1a: Espathra\n|-supereffective|p1a: Espathra\n|-damage|p1a: Espathra|0 fnt\n|faint|p1a: Espathra\n|\n|win|finiro\n|c|\u2606JabsGR|gg\n|c|\u2606finiro|ggs\n|l| austinerzs\n|l|\u2606JabsGR\n|l| Jstardude\n|l| Stryke Out\n","uploadtime":1700814047,"views":5,"p1id":"jabsgr","p2id":"finiro","formatid":"gen9vgc2023regulatione","rating":0,"private":0,"password":""}