{"id":"gen9vgc2023regulatione-1990531853","p1":"Mr.CCCC","p2":"josh14josh","format":"[Gen 9] VGC 2023 Regulation E","log":"|j|\u2606Mr.CCCC\n|j|\u2606josh14josh\n|t:|1699979170\n|gametype|doubles\n|player|p1|Mr.CCCC|clemont|1055\n|player|p2|josh14josh|102|1106\n|teamsize|p1|6\n|teamsize|p2|6\n|gen|9\n|tier|[Gen 9] VGC 2023 Regulation E\n|rated|\n|rule|Species Clause: Limit one of each Pok\u00e9mon\n|rule|Item Clause: Limit one of each item\n|clearpoke\n|poke|p1|Politoed, L50, M|\n|poke|p1|Basculegion, L50, M|\n|poke|p1|Ogerpon-Wellspring, L50, F|\n|poke|p1|Urshifu-*, L50, M|\n|poke|p1|Iron Bundle, L50|\n|poke|p1|Cloyster, L50, F|\n|poke|p2|Okidogi, L50, M|\n|poke|p2|Grimmsnarl, L50, M|\n|poke|p2|Flutter Mane, L50|\n|poke|p2|Ogerpon-Hearthflame, L50, F|\n|poke|p2|Urshifu-*, L50, M|\n|poke|p2|Arcanine-Hisui, L50, F|\n|teampreview|4\n|inactive|Battle timer is ON: inactive players will automatically lose when time's up. (requested by Mr.CCCC)\n|inactive|josh14josh has 60 seconds left.\n|\n|t:|1699979205\n|start\n|switch|p1a: Politoed|Politoed, L50, M, shiny|100\/100\n|switch|p1b: Basculegion|Basculegion, L50, M|100\/100\n|switch|p2a: Arcanine|Arcanine-Hisui, L50, F|100\/100\n|switch|p2b: Grimmsnarl|Grimmsnarl, L50, M|100\/100\n|-ability|p2a: Arcanine|Intimidate|boost\n|-unboost|p1a: Politoed|atk|1\n|-unboost|p1b: Basculegion|atk|1\n|-weather|RainDance|[from] ability: Drizzle|[of] p1a: Politoed\n|turn|1\n|inactive|Mr.CCCC has 30 seconds left.\n|\n|t:|1699979233\n|-terastallize|p2a: Arcanine|Fairy\n|move|p2b: Grimmsnarl|Reflect|p2b: Grimmsnarl\n|-sidestart|p2: josh14josh|Reflect\n|move|p1b: Basculegion|Flip Turn|p2b: Grimmsnarl\n|-damage|p2b: Grimmsnarl|80\/100\n|\n|t:|1699979240\n|switch|p1b: Cloyster|Cloyster, L50, F|100\/100|[from] Flip Turn\n|move|p2a: Arcanine|Rock Slide|p1b: Cloyster|[spread] p1b\n|-miss|p2a: Arcanine|p1a: Politoed\n|-supereffective|p1b: Cloyster\n|-damage|p1b: Cloyster|51\/100\n|move|p1a: Politoed|Encore|p2a: Arcanine\n|-start|p2a: Arcanine|Encore\n|\n|-weather|RainDance|[upkeep]\n|upkeep\n|turn|2\n|\n|t:|1699979262\n|move|p2b: Grimmsnarl|Light Screen|p2b: Grimmsnarl\n|-sidestart|p2: josh14josh|move: Light Screen\n|move|p2a: Arcanine|Rock Slide|p1b: Cloyster|[spread] p1a,p1b\n|-supereffective|p1b: Cloyster\n|-damage|p1a: Politoed|67\/100\n|-damage|p1b: Cloyster|6\/100\n|move|p1b: Cloyster|Shell Smash|p1b: Cloyster\n|-unboost|p1b: Cloyster|def|1\n|-unboost|p1b: Cloyster|spd|1\n|-boost|p1b: Cloyster|atk|2\n|-boost|p1b: Cloyster|spa|2\n|-boost|p1b: Cloyster|spe|2\n|-enditem|p1b: Cloyster|White Herb\n|-clearnegativeboost|p1b: Cloyster|[silent]\n|move|p1a: Politoed|Encore|p2b: Grimmsnarl\n|-start|p2b: Grimmsnarl|Encore\n|\n|-weather|RainDance|[upkeep]\n|upkeep\n|turn|3\n|inactive|Mr.CCCC has 30 seconds left.\n|\n|t:|1699979289\n|move|p2b: Grimmsnarl|Light Screen||[still]\n|-fail|p2b: Grimmsnarl\n|move|p1b: Cloyster|Icicle Spear|p2a: Arcanine\n|-damage|p2a: Arcanine|82\/100\n|-damage|p2a: Arcanine|63\/100\n|-damage|p2a: Arcanine|45\/100\n|-crit|p2a: Arcanine\n|-damage|p2a: Arcanine|4\/100\n|-damage|p2a: Arcanine|0 fnt\n|faint|p2a: Arcanine\n|-hitcount|p2: Arcanine|5\n|move|p1a: Politoed|Icy Wind|p2b: Grimmsnarl\n|-damage|p2b: Grimmsnarl|71\/100\n|-unboost|p2b: Grimmsnarl|spe|1\n|\n|-weather|RainDance|[upkeep]\n|upkeep\n|\n|t:|1699979310\n|switch|p2a: Flutter Mane|Flutter Mane, L50|100\/100\n|turn|4\n|\n|t:|1699979328\n|move|p2b: Grimmsnarl|Light Screen||[still]\n|-fail|p2b: Grimmsnarl\n|move|p1b: Cloyster|Icicle Spear|p2a: Flutter Mane\n|-damage|p2a: Flutter Mane|78\/100\n|-damage|p2a: Flutter Mane|55\/100\n|-damage|p2a: Flutter Mane|35\/100\n|-damage|p2a: Flutter Mane|14\/100\n|-crit|p2a: Flutter Mane\n|-damage|p2a: Flutter Mane|0 fnt\n|faint|p2a: Flutter Mane\n|-end|p2a: Flutter Mane|Protosynthesis|[silent]\n|-hitcount|p2: Flutter Mane|5\n|move|p1a: Politoed|Icy Wind|p2b: Grimmsnarl\n|-damage|p2b: Grimmsnarl|63\/100\n|-unboost|p2b: Grimmsnarl|spe|1\n|\n|-weather|RainDance|[upkeep]\n|upkeep\n|\n|t:|1699979334\n|switch|p2a: Ogerpon|Ogerpon-Hearthflame, L50, F|100\/100\n|-ability|p2a: Ogerpon|Mold Breaker\n|turn|5\n|\n|t:|1699979354\n|move|p2a: Ogerpon|Spiky Shield|p2a: Ogerpon\n|-singleturn|p2a: Ogerpon|move: Protect\n|move|p2b: Grimmsnarl|Light Screen||[still]\n|-fail|p2b: Grimmsnarl\n|move|p1b: Cloyster|Icicle Spear|p2a: Ogerpon\n|-activate|p2a: Ogerpon|move: Protect\n|move|p1a: Politoed|Hydro Pump|p2a: Ogerpon\n|-activate|p2a: Ogerpon|move: Protect\n|\n|-weather|none\n|-end|p2b: Grimmsnarl|Encore\n|upkeep\n|turn|6\n|\n|t:|1699979374\n|move|p2b: Grimmsnarl|Parting Shot|p1b: Cloyster\n|-unboost|p1b: Cloyster|atk|1\n|-unboost|p1b: Cloyster|spa|1\n|move|p1b: Cloyster|Icicle Spear|p2a: Ogerpon\n|-crit|p2a: Ogerpon\n|-damage|p2a: Ogerpon|72\/100\n|-damage|p2a: Ogerpon|59\/100\n|-damage|p2a: Ogerpon|44\/100\n|-damage|p2a: Ogerpon|31\/100\n|-damage|p2a: Ogerpon|18\/100\n|-hitcount|p2a: Ogerpon|5\n|move|p2a: Ogerpon|Horn Leech|p1a: Politoed\n|-supereffective|p1a: Politoed\n|-damage|p1a: Politoed|0 fnt\n|-heal|p2a: Ogerpon|55\/100|[from] drain|[of] p1a: Politoed\n|faint|p1a: Politoed\n|\n|upkeep\n|\n|t:|1699979388\n|switch|p1a: Urshifu|Urshifu-Rapid-Strike, L50, M|100\/100\n|turn|7\n|\n|t:|1699979398\n|move|p1a: Urshifu|Aqua Jet|p2a: Ogerpon\n|-damage|p2a: Ogerpon|32\/100\n|-damage|p1a: Urshifu|91\/100|[from] item: Life Orb\n|move|p2b: Grimmsnarl|Parting Shot|p1b: Cloyster\n|-unboost|p1b: Cloyster|atk|1\n|-unboost|p1b: Cloyster|spa|1\n|move|p1b: Cloyster|Icicle Spear|p2a: Ogerpon\n|-damage|p2a: Ogerpon|23\/100\n|-damage|p2a: Ogerpon|15\/100\n|-damage|p2a: Ogerpon|7\/100\n|-damage|p2a: Ogerpon|0 fnt\n|faint|p2a: Ogerpon\n|-hitcount|p2: Ogerpon|4\n|\n|upkeep\n|turn|8\n|\n|t:|1699979412\n|-terastallize|p1a: Urshifu|Water\n|move|p1b: Cloyster|Icicle Spear|p2b: Grimmsnarl\n|-damage|p2b: Grimmsnarl|55\/100\n|-damage|p2b: Grimmsnarl|48\/100\n|-damage|p2b: Grimmsnarl|40\/100\n|-damage|p2b: Grimmsnarl|34\/100\n|-damage|p2b: Grimmsnarl|27\/100\n|-hitcount|p2b: Grimmsnarl|5\n|move|p1a: Urshifu|Surging Strikes|p2b: Grimmsnarl\n|-crit|p2b: Grimmsnarl\n|-damage|p2b: Grimmsnarl|0 fnt\n|faint|p2b: Grimmsnarl\n|-hitcount|p2: Grimmsnarl|1\n|-damage|p1a: Urshifu|81\/100|[from] item: Life Orb\n|\n|win|Mr.CCCC\n|raw|Mr.CCCC's rating: 1055 &rarr; <strong>1091<\/strong><br \/>(+36 for winning)\n|raw|josh14josh's rating: 1106 &rarr; <strong>1077<\/strong><br \/>(-29 for losing)\n|l|\u2606josh14josh\n|c|\u2606Mr.CCCC|gg\n","uploadtime":1699979431,"views":12,"p1id":"mrcccc","p2id":"josh14josh","formatid":"gen9vgc2023regulatione","rating":1077,"private":0,"password":""}