{"id":"gen9vgc2023regulatione-1998661975","p1":"That_Leek","p2":"Feverqweem","format":"[Gen 9] VGC 2023 Regulation E","log":"|j|\u2606That_Leek\n|j|\u203dFeverqweem\n|t:|1700969139\n|gametype|doubles\n|player|p1|That_Leek|blue|1479\n|player|p2|Feverqweem|102|1409\n|teamsize|p1|6\n|teamsize|p2|6\n|gen|9\n|tier|[Gen 9] VGC 2023 Regulation E\n|rated|\n|rule|Species Clause: Limit one of each Pok\u00e9mon\n|rule|Item Clause: Limit one of each item\n|clearpoke\n|poke|p1|Gholdengo, L50|\n|poke|p1|Ogerpon-Wellspring, L50, F|\n|poke|p1|Arcanine-Hisui, L50, F|\n|poke|p1|Chien-Pao, L50|\n|poke|p1|Scream Tail, L50|\n|poke|p1|Dragonite, L50, M|\n|poke|p2|Roaring Moon, L50|\n|poke|p2|Gholdengo, L50|\n|poke|p2|Chien-Pao, L50|\n|poke|p2|Arcanine-Hisui, L50, M|\n|poke|p2|Urshifu-*, L50, F|\n|poke|p2|Rillaboom, L50, F|\n|teampreview|4\nThat_Leek has agreed to open team sheets.\n|\n|t:|1700969158\n|start\n|switch|p1a: Scream Tail|Scream Tail, L50|100\/100\n|switch|p1b: Gholdengo|Gholdengo, L50|100\/100\n|switch|p2a: Arcanine|Arcanine-Hisui, L50, M|100\/100\n|switch|p2b: Gholdengo|Gholdengo, L50|100\/100\n|-ability|p2a: Arcanine|Intimidate|boost\n|-unboost|p1a: Scream Tail|atk|1\n|-unboost|p1b: Gholdengo|atk|1\n|-enditem|p1a: Scream Tail|Booster Energy\n|-activate|p1a: Scream Tail|ability: Protosynthesis|[fromitem]\n|-start|p1a: Scream Tail|protosynthesisspe\n|turn|1\n|\n|t:|1700969179\n|-terastallize|p1b: Gholdengo|Water\n|move|p1a: Scream Tail|Thunder Wave|p2a: Arcanine\n|-status|p2a: Arcanine|par\n|move|p2b: Gholdengo|Nasty Plot|p2b: Gholdengo\n|-boost|p2b: Gholdengo|spa|2\n|move|p1b: Gholdengo|Nasty Plot|p1b: Gholdengo\n|-boost|p1b: Gholdengo|spa|2\n|cant|p2a: Arcanine|par\n|\n|upkeep\n|turn|2\n|\n|t:|1700969207\n|switch|p2a: Roaring Moon|Roaring Moon, L50|100\/100\n|-enditem|p2a: Roaring Moon|Booster Energy\n|-activate|p2a: Roaring Moon|ability: Protosynthesis|[fromitem]\n|-start|p2a: Roaring Moon|protosynthesisspe\n|move|p1a: Scream Tail|Howl|p1a: Scream Tail|[spread] p1a\n|-immune|p1b: Gholdengo|[from] ability: Good as Gold\n|-boost|p1a: Scream Tail|atk|1\n|move|p2b: Gholdengo|Make It Rain|p1a: Scream Tail|[spread] p1a,p1b\n|-supereffective|p1a: Scream Tail\n|-crit|p1a: Scream Tail\n|-resisted|p1b: Gholdengo\n|-damage|p1a: Scream Tail|0 fnt\n|-damage|p1b: Gholdengo|52\/100\n|-unboost|p2b: Gholdengo|spa|1\n|faint|p1a: Scream Tail\n|-end|p1a: Scream Tail|Protosynthesis|[silent]\n|move|p1b: Gholdengo|Shadow Ball|p2b: Gholdengo\n|-supereffective|p2b: Gholdengo\n|-damage|p2b: Gholdengo|0 fnt\n|faint|p2b: Gholdengo\n|\n|upkeep\n|\n|t:|1700969221\n|switch|p1a: Arcanine|Arcanine-Hisui, L50, F|100\/100\n|switch|p2b: Arcanine|Arcanine-Hisui, L50, M|100\/100 par\n|-ability|p1a: Arcanine|Intimidate|boost\n|-unboost|p2a: Roaring Moon|atk|1\n|-unboost|p2b: Arcanine|atk|1\n|-ability|p2b: Arcanine|Intimidate|boost\n|-unboost|p1a: Arcanine|atk|1\n|-unboost|p1b: Gholdengo|atk|1\n|turn|3\n|\n|t:|1700969233\n|move|p2a: Roaring Moon|Knock Off|p1b: Gholdengo\n|-damage|p1b: Gholdengo|26\/100\n|-enditem|p1b: Gholdengo|Sitrus Berry|[from] move: Knock Off|[of] p2a: Roaring Moon\n|move|p1a: Arcanine|Rock Slide|p2b: Arcanine|[spread] p2a,p2b\n|-supereffective|p2b: Arcanine\n|-damage|p2a: Roaring Moon|70\/100\n|-damage|p2b: Arcanine|33\/100 par\n|move|p1b: Gholdengo|Make It Rain|p2b: Arcanine|[spread] p2a,p2b\n|-damage|p2a: Roaring Moon|0 fnt\n|-damage|p2b: Arcanine|0 fnt\n|-unboost|p1b: Gholdengo|spa|1\n|faint|p2a: Roaring Moon\n|-end|p2a: Roaring Moon|Protosynthesis|[silent]\n|faint|p2b: Arcanine\n|\n|upkeep\n|\n|t:|1700969243\n|switch|p2b: Chien-Pao|Chien-Pao, L50|100\/100\n|-ability|p2b: Chien-Pao|Sword of Ruin\n|turn|4\n|\n|t:|1700969262\n|move|p2b: Chien-Pao|Sucker Punch|p1b: Gholdengo\n|-damage|p1b: Gholdengo|0 fnt\n|faint|p1b: Gholdengo\n|move|p1a: Arcanine|Rock Slide|p2b: Chien-Pao\n|-supereffective|p2b: Chien-Pao\n|-enditem|p2b: Chien-Pao|Focus Sash\n|-damage|p2b: Chien-Pao|1\/100\n|\n|upkeep\n|\n|t:|1700969265\n|switch|p1b: Chien-Pao|Chien-Pao, L50|100\/100\n|-ability|p1b: Chien-Pao|Sword of Ruin\n|turn|5\n|\n|t:|1700969273\n|move|p2b: Chien-Pao|Protect|p2b: Chien-Pao\n|-singleturn|p2b: Chien-Pao|Protect\n|move|p1b: Chien-Pao|Sucker Punch||[still]\n|-fail|p1b: Chien-Pao\n|move|p1a: Arcanine|Rock Slide|p2b: Chien-Pao\n|-activate|p2b: Chien-Pao|move: Protect\n|\n|upkeep\n|turn|6\n|-message|Feverqweem forfeited.\n|\n|win|That_Leek\n|raw|That_Leek's rating: 1479 &rarr; <strong>1495<\/strong><br \/>(+16 for winning)\n|raw|Feverqweem's rating: 1409 &rarr; <strong>1393<\/strong><br \/>(-16 for losing)\n|l|\u203dFeverqweem\n","uploadtime":1700969315,"views":1,"p1id":"thatleek","p2id":"feverqweem","formatid":"gen9vgc2023regulatione","rating":1393,"private":0,"password":""}