{"id":"gen9vgc2023regulatione-1996889836","p1":"FloridaParkingLot","p2":"VGCMAMASHENGDE","format":"[Gen 9] VGC 2023 Regulation E","log":"|j|\u2606FloridaParkingLot\n|j|\u2606VGCMAMASHENGDE\n|t:|1700740866\n|gametype|doubles\n|player|p1|FloridaParkingLot|170|1340\n|player|p2|VGCMAMASHENGDE|266|1447\n|teamsize|p1|6\n|teamsize|p2|6\n|gen|9\n|tier|[Gen 9] VGC 2023 Regulation E\n|rated|\n|rule|Species Clause: Limit one of each Pok\u00e9mon\n|rule|Item Clause: Limit one of each item\n|clearpoke\n|poke|p1|Iron Hands, L50|\n|poke|p1|Chi-Yu, L50|\n|poke|p1|Flutter Mane, L50|\n|poke|p1|Tornadus, L50, M|\n|poke|p1|Landorus-Therian, L50, M|\n|poke|p1|Urshifu-*, L50, F|\n|poke|p2|Snorlax, L50, M|\n|poke|p2|Flutter Mane, L50|\n|poke|p2|Munkidori, L50, M|\n|poke|p2|Dragonite, L50, M|\n|poke|p2|Regieleki, L50|\n|poke|p2|Annihilape, L50, M|\n|teampreview|4\n|\n|t:|1700740921\n|start\n|switch|p1a: Tornadus|Tornadus, L50, M|100\/100\n|switch|p1b: Flutter Mane|Flutter Mane, L50|100\/100\n|switch|p2a: Regieleki|Regieleki, L50|100\/100\n|switch|p2b: Annihilape|Annihilape, L50, M|100\/100\n|turn|1\n|inactive|Battle timer is ON: inactive players will automatically lose when time's up. (requested by FloridaParkingLot)\n|inactive|VGCMAMASHENGDE has 60 seconds left.\n|\n|t:|1700741008\n|switch|p2a: Munkidori|Munkidori, L50, M|100\/100\n|-item|p1a: Tornadus|Covert Cloak|[from] ability: Frisk|[of] p2a: Munkidori|[identify]\n|-item|p1b: Flutter Mane|Focus Sash|[from] ability: Frisk|[of] p2a: Munkidori|[identify]\n|-terastallize|p2b: Annihilape|Water\n|move|p1b: Flutter Mane|Protect|p1b: Flutter Mane\n|-singleturn|p1b: Flutter Mane|Protect\n|move|p1a: Tornadus|Tailwind|p1a: Tornadus\n|-sidestart|p1: FloridaParkingLot|move: Tailwind\n|move|p2b: Annihilape|Rage Fist|p1b: Flutter Mane\n|-activate|p1b: Flutter Mane|move: Protect\n|\n|upkeep\n|turn|2\n|inactive|VGCMAMASHENGDE has 30 seconds left.\n|inactive|VGCMAMASHENGDE has 20 seconds left.\n|\n|t:|1700741044\n|move|p1b: Flutter Mane|Shadow Ball|p2a: Munkidori\n|-supereffective|p2a: Munkidori\n|-enditem|p2a: Munkidori|Focus Sash\n|-damage|p2a: Munkidori|1\/100\n|move|p1a: Tornadus|Bleakwind Storm|p2a: Munkidori|[spread] p2a,p2b\n|-damage|p2a: Munkidori|0 fnt\n|-damage|p2b: Annihilape|76\/100\n|faint|p2a: Munkidori\n|move|p2b: Annihilape|Bulk Up|p2b: Annihilape\n|-boost|p2b: Annihilape|atk|1\n|-boost|p2b: Annihilape|def|1\n|\n|-heal|p2b: Annihilape|82\/100|[from] item: Leftovers\n|upkeep\n|\n|t:|1700741051\n|switch|p2a: Regieleki|Regieleki, L50|100\/100\n|turn|3\n|\n|t:|1700741063\n|move|p1a: Tornadus|Scary Face|p2a: Regieleki\n|-unboost|p2a: Regieleki|spe|2\n|move|p1b: Flutter Mane|Shadow Ball|p2a: Regieleki\n|-damage|p2a: Regieleki|20\/100\n|move|p2a: Regieleki|Electroweb|p1a: Tornadus|[spread] p1a,p1b\n|-supereffective|p1a: Tornadus\n|-damage|p1a: Tornadus|39\/100\n|-damage|p1b: Flutter Mane|75\/100\n|-unboost|p1b: Flutter Mane|spe|1\n|move|p2b: Annihilape|Rage Fist|p1b: Flutter Mane\n|-supereffective|p1b: Flutter Mane\n|-damage|p1b: Flutter Mane|0 fnt\n|faint|p1b: Flutter Mane\n|-end|p1b: Flutter Mane|Protosynthesis|[silent]\n|\n|-heal|p2b: Annihilape|88\/100|[from] item: Leftovers\n|upkeep\n|\n|t:|1700741073\n|switch|p1b: Iron Hands|Iron Hands, L50|100\/100\n|turn|4\n|inactive|VGCMAMASHENGDE has 30 seconds left.\n|\n|t:|1700741106\n|move|p2b: Annihilape|Protect|p2b: Annihilape\n|-singleturn|p2b: Annihilape|Protect\n|move|p1b: Iron Hands|Fake Out|p2b: Annihilape\n|-activate|p2b: Annihilape|move: Protect\n|move|p1a: Tornadus|Bleakwind Storm|p2b: Annihilape|[spread] p2a\n|-activate|p2b: Annihilape|move: Protect\n|-resisted|p2a: Regieleki\n|-damage|p2a: Regieleki|0 fnt\n|faint|p2a: Regieleki\n|\n|-heal|p2b: Annihilape|94\/100|[from] item: Leftovers\n|-sideend|p1: FloridaParkingLot|move: Tailwind\n|upkeep\n|inactive|VGCMAMASHENGDE has 30 seconds left.\n|\n|t:|1700741131\n|switch|p2a: Dragonite|Dragonite, L50, M|100\/100\n|turn|5\n|\n|t:|1700741150\n|move|p2a: Dragonite|Extreme Speed|p1a: Tornadus\n|-damage|p1a: Tornadus|0 fnt\n|faint|p1a: Tornadus\n|move|p2b: Annihilape|Rage Fist|p1b: Iron Hands\n|-damage|p1b: Iron Hands|62\/100\n|move|p1b: Iron Hands|Wild Charge|p2b: Annihilape\n|-supereffective|p2b: Annihilape\n|-damage|p2b: Annihilape|37\/100\n|-damage|p1b: Iron Hands|50\/100|[from] Recoil\n|\n|-heal|p2b: Annihilape|43\/100|[from] item: Leftovers\n|upkeep\n|\n|t:|1700741153\n|switch|p1a: Urshifu|Urshifu, L50, F|100\/100\n|turn|6\n|\n|t:|1700741167\n|move|p1a: Urshifu|Detect|p1a: Urshifu\n|-singleturn|p1a: Urshifu|Protect\n|move|p2a: Dragonite|Extreme Speed|p1b: Iron Hands\n|-damage|p1b: Iron Hands|19\/100\n|move|p2b: Annihilape|Drain Punch|p1a: Urshifu\n|-activate|p1a: Urshifu|move: Protect\n|move|p1b: Iron Hands|Wild Charge|p2b: Annihilape\n|-supereffective|p2b: Annihilape\n|-damage|p2b: Annihilape|0 fnt\n|faint|p2b: Annihilape\n|-damage|p1b: Iron Hands|11\/100|[from] Recoil\n|\n|upkeep\n|turn|7\n|\n|t:|1700741190\n|-terastallize|p1a: Urshifu|Dark\n|move|p2a: Dragonite|Extreme Speed|p1a: Urshifu\n|-damage|p1a: Urshifu|55\/100\n|move|p1a: Urshifu|Wicked Blow|p2a: Dragonite\n|-crit|p2a: Dragonite\n|-damage|p2a: Dragonite|4\/100\n|move|p1b: Iron Hands|Wild Charge|p2a: Dragonite\n|-damage|p2a: Dragonite|0 fnt\n|faint|p2a: Dragonite\n|-damage|p1b: Iron Hands|10\/100|[from] Recoil\n|\n|win|FloridaParkingLot\n|raw|FloridaParkingLot's rating: 1340 &rarr; <strong>1366<\/strong><br \/>(+26 for winning)\n|raw|VGCMAMASHENGDE's rating: 1447 &rarr; <strong>1421<\/strong><br \/>(-26 for losing)\n|l|\u2606VGCMAMASHENGDE\n","uploadtime":1700741206,"views":8,"p1id":"floridaparkinglot","p2id":"vgcmamashengde","formatid":"gen9vgc2023regulatione","rating":1366,"private":0,"password":""}