{"id":"gen9vgc2023regulatione-1992382496","p1":"CHAMPNIZER","p2":"zanethrillseek","format":"[Gen 9] VGC 2023 Regulation E","log":"|j|\u2606CHAMPNIZER\n|j|\u2606zanethrillseek\n|t:|1700181146\n|gametype|doubles\n|player|p1|CHAMPNIZER|swimmer|1126\n|player|p2|zanethrillseek|hilbert-wonderlauncher|1166\n|teamsize|p1|4\n|teamsize|p2|6\n|gen|9\n|tier|[Gen 9] VGC 2023 Regulation E\n|rated|\n|rule|Species Clause: Limit one of each Pok\u00e9mon\n|rule|Item Clause: Limit one of each item\n|clearpoke\n|poke|p1|Samurott-Hisui, L50, F|\n|poke|p1|Kleavor, L50, F|\n|poke|p1|Gastrodon, L50, F|\n|poke|p1|Gholdengo, L50|\n|poke|p2|Baxcalibur, L50, M|\n|poke|p2|Ninetales-Alola, L50, F|\n|poke|p2|Heatran, L50, F|\n|poke|p2|Ogerpon-Wellspring, L50, F|\n|poke|p2|Landorus-Therian, L50, M|\n|poke|p2|Iron Hands, L50|\n|teampreview|4\n|\n|t:|1700181175\n|start\n|switch|p1a: Samurott|Samurott-Hisui, L50, F|100\/100\n|switch|p1b: Kleavor|Kleavor, L50, F|100\/100\n|switch|p2a: Baxcalibur|Baxcalibur, L50, M|100\/100\n|switch|p2b: Ninetales|Ninetales-Alola, L50, F|100\/100\n|-weather|Snow|[from] ability: Snow Warning|[of] p2b: Ninetales\n|turn|1\n|\n|t:|1700181197\n|move|p1a: Samurott|Flip Turn|p2a: Baxcalibur\n|-resisted|p2a: Baxcalibur\n|-damage|p2a: Baxcalibur|92\/100\n|\n|t:|1700181209\n|switch|p1a: Gholdengo|Gholdengo, L50|100\/100|[from] Flip Turn\n|move|p2b: Ninetales|Aurora Veil|p2b: Ninetales\n|-sidestart|p2: zanethrillseek|move: Aurora Veil\n|move|p2a: Baxcalibur|Swords Dance|p2a: Baxcalibur\n|-boost|p2a: Baxcalibur|atk|2\n|move|p1b: Kleavor|Stone Axe|p2a: Baxcalibur\n|-supereffective|p2a: Baxcalibur\n|-damage|p2a: Baxcalibur|45\/100\n|-sidestart|p2: zanethrillseek|move: Stealth Rock\n|\n|-weather|Snow|[upkeep]\n|upkeep\n|turn|2\n|\n|t:|1700181243\n|switch|p2b: Heatran|Heatran, L50, F|100\/100\n|-damage|p2b: Heatran|88\/100|[from] Stealth Rock\n|move|p1a: Gholdengo|Protect|p1a: Gholdengo\n|-singleturn|p1a: Gholdengo|Protect\n|move|p2a: Baxcalibur|Icicle Spear|p1b: Kleavor\n|-damage|p1b: Kleavor|68\/100\n|-damage|p1b: Kleavor|41\/100\n|-crit|p1b: Kleavor\n|-damage|p1b: Kleavor|0 fnt\n|faint|p1b: Kleavor\n|-hitcount|p1: Kleavor|3\n|\n|-weather|Snow|[upkeep]\n|-heal|p2b: Heatran|94\/100|[from] item: Leftovers\n|upkeep\n|\n|t:|1700181255\n|switch|p1b: Samurott|Samurott-Hisui, L50, F|100\/100\n|turn|3\n|\n|t:|1700181286\n|-terastallize|p1a: Gholdengo|Dragon\n|-terastallize|p2b: Heatran|Grass\n|move|p1b: Samurott|Ceaseless Edge|p2a: Baxcalibur\n|-damage|p2a: Baxcalibur|27\/100\n|-sidestart|p2: zanethrillseek|Spikes\n|move|p2a: Baxcalibur|Scale Shot|p1b: Samurott\n|-damage|p1b: Samurott|64\/100\n|-damage|p1b: Samurott|29\/100\n|-damage|p1b: Samurott|0 fnt\n|faint|p1b: Samurott\n|-hitcount|p1: Samurott|3\n|-unboost|p2a: Baxcalibur|def|1\n|-boost|p2a: Baxcalibur|spe|1\n|move|p1a: Gholdengo|Make It Rain|p2b: Heatran|[spread] p2a,p2b\n|-supereffective|p2a: Baxcalibur\n|-damage|p2a: Baxcalibur|0 fnt\n|-damage|p2b: Heatran|66\/100\n|-unboost|p1a: Gholdengo|spa|1\n|faint|p2a: Baxcalibur\n|move|p2b: Heatran|Heat Wave|p1a: Gholdengo\n|-resisted|p1a: Gholdengo\n|-damage|p1a: Gholdengo|75\/100\n|-status|p1a: Gholdengo|brn\n|\n|-weather|Snow|[upkeep]\n|-heal|p1a: Gholdengo|81\/100 brn|[from] item: Leftovers\n|-heal|p2b: Heatran|72\/100|[from] item: Leftovers\n|-damage|p1a: Gholdengo|75\/100 brn|[from] brn\n|upkeep\n|\n|t:|1700181318\n|switch|p1b: Gastrodon|Gastrodon, L50, F|100\/100\n|switch|p2a: Ninetales|Ninetales-Alola, L50, F|100\/100\n|-damage|p2a: Ninetales|75\/100|[from] Stealth Rock\n|-damage|p2a: Ninetales|63\/100|[from] Spikes\n|turn|4\n|\n|t:|1700181358\n|move|p2b: Heatran|Protect|p2b: Heatran\n|-singleturn|p2b: Heatran|Protect\n|move|p2a: Ninetales|Moonblast|p1a: Gholdengo\n|-supereffective|p1a: Gholdengo\n|-damage|p1a: Gholdengo|16\/100 brn\n|move|p1a: Gholdengo|Nasty Plot|p1a: Gholdengo\n|-boost|p1a: Gholdengo|spa|2\n|move|p1b: Gastrodon|Yawn|p2a: Ninetales\n|-start|p2a: Ninetales|move: Yawn|[of] p1b: Gastrodon\n|\n|-weather|Snow|[upkeep]\n|-heal|p1a: Gholdengo|22\/100 brn|[from] item: Leftovers\n|-heal|p2b: Heatran|78\/100|[from] item: Leftovers\n|-damage|p1a: Gholdengo|16\/100 brn|[from] brn\n|upkeep\n|turn|5\n|inactive|Battle timer is ON: inactive players will automatically lose when time's up. (requested by CHAMPNIZER)\n|\n|t:|1700181416\n|switch|p2a: Ogerpon|Ogerpon-Wellspring, L50, F|100\/100\n|-damage|p2a: Ogerpon|88\/100|[from] Stealth Rock\n|-damage|p2a: Ogerpon|75\/100|[from] Spikes\n|move|p1a: Gholdengo|Protect|p1a: Gholdengo\n|-singleturn|p1a: Gholdengo|Protect\n|move|p2b: Heatran|Earth Power|p1a: Gholdengo\n|-activate|p1a: Gholdengo|move: Protect\n|move|p1b: Gastrodon|Yawn|p2b: Heatran\n|-start|p2b: Heatran|move: Yawn|[of] p1b: Gastrodon\n|\n|-weather|none\n|-heal|p1a: Gholdengo|22\/100 brn|[from] item: Leftovers\n|-heal|p2b: Heatran|84\/100|[from] item: Leftovers\n|-damage|p1a: Gholdengo|16\/100 brn|[from] brn\n|upkeep\n|turn|6\n|inactive|CHAMPNIZER has 30 seconds left.\n|inactive|zanethrillseek has 30 seconds left.\n|\n|t:|1700181450\n|move|p2a: Ogerpon|Horn Leech|p1b: Gastrodon\n|-supereffective|p1b: Gastrodon\n|-damage|p1b: Gastrodon|0 fnt\n|-heal|p2a: Ogerpon|100\/100|[from] drain|[of] p1b: Gastrodon\n|faint|p1b: Gastrodon\n|move|p1a: Gholdengo|Shadow Ball|p2a: Ogerpon\n|-damage|p2a: Ogerpon|57\/100\n|move|p2b: Heatran|Earth Power|p1a: Gholdengo\n|-damage|p1a: Gholdengo|0 fnt\n|faint|p1a: Gholdengo\n|\n|win|zanethrillseek\n|raw|CHAMPNIZER's rating: 1126 &rarr; <strong>1104<\/strong><br \/>(-22 for losing)\n|raw|zanethrillseek's rating: 1166 &rarr; <strong>1188<\/strong><br \/>(+22 for winning)\n|l|\u2606CHAMPNIZER\n","uploadtime":1700181511,"views":8,"p1id":"champnizer","p2id":"zanethrillseek","formatid":"gen9vgc2023regulatione","rating":1104,"private":0,"password":""}