{"id":"gen9vgc2023regulatione-2000075258","p1":"SCRUMPTIOUSBREAD","p2":"hunter16k","format":"[Gen 9] VGC 2023 Regulation E","log":"|j|\u2606SCRUMPTIOUSBREAD\n|j|\u2606hunter16k\n|n|\u2606SCRUMPTIOUSBREAD|scrumptiousbread\n|n|\u2606hunter16k|hunter16k\n|html|View the match progress at <a href=\"\/game-bestof3-gen9vgc2023regulatione-2000069253\">game-bestof3-gen9vgc2023regulatione-2000069253<\/a>\n|t:|1701150165\n|gametype|doubles\n|player|p1|SCRUMPTIOUSBREAD|lance|\n|player|p2|hunter16k|skyla|\n|teamsize|p1|6\n|teamsize|p2|6\n|gen|9\n|tier|[Gen 9] VGC 2023 Regulation E\n|rule|Species Clause: Limit one of each Pok\u00e9mon\n|rule|Item Clause: Limit one of each item\n|clearpoke\n|poke|p1|Espathra, L50, M|\n|poke|p1|Raichu, L50, M|\n|poke|p1|Ogerpon-Wellspring, L50, F|\n|poke|p1|Okidogi, L50, M|\n|poke|p1|Arcanine-Hisui, L50, M|\n|poke|p1|Dragapult, L50, M|\n|poke|p2|Dragonite, L50, F|\n|poke|p2|Scizor, L50, M|\n|poke|p2|Arcanine, L50, F|\n|poke|p2|Milotic, L50, M|\n|poke|p2|Regieleki, L50|\n|poke|p2|Mesprit, L50|\n|teampreview|4\nSCRUMPTIOUSBREAD rejected open team sheets.\n|\n|t:|1701150224\n|start\n|switch|p1a: Hashbrown|Okidogi, L50, M|100\/100\n|switch|p1b: Duke|Arcanine-Hisui, L50, M|100\/100\n|switch|p2a: ikeleigeR|Regieleki, L50, shiny|100\/100\n|switch|p2b: etinogarD|Dragonite, L50, F, shiny|100\/100\n|-ability|p1b: Duke|Intimidate|boost\n|-unboost|p2a: ikeleigeR|atk|1\n|-fail|p2b: etinogarD|unboost|Attack|[from] ability: Inner Focus|[of] p2b: etinogarD\n|turn|1\n|\n|t:|1701150278\n|switch|p1b: Gorochu|Raichu, L50, M, shiny|100\/100\n|switch|p2b: citoliM|Milotic, L50, M, shiny|100\/100\n|switch|p1a: Whisper|Dragapult, L50, M, shiny|100\/100\n|-terastallize|p2a: ikeleigeR|Ground\n|move|p2a: ikeleigeR|Tera Blast|p1b: Gorochu|[anim] Tera Blast Ground\n|-supereffective|p1b: Gorochu\n|-damage|p1b: Gorochu|0 fnt\n|faint|p1b: Gorochu\n|\n|upkeep\n|\n|t:|1701150310\n|switch|p1b: Hashbrown|Okidogi, L50, M|100\/100\n|turn|2\n|\n|t:|1701150326\n|-terastallize|p1b: Hashbrown|Dark\n|move|p2a: ikeleigeR|Protect|p2a: ikeleigeR\n|-singleturn|p2a: ikeleigeR|Protect\n|move|p1a: Whisper|Light Screen|p1a: Whisper\n|-sidestart|p1: SCRUMPTIOUSBREAD|move: Light Screen\n|move|p2b: citoliM|Hypnosis|p1a: Whisper\n|-status|p1a: Whisper|slp|[from] move: Hypnosis\n|move|p1b: Hashbrown|Gunk Shot|p2b: citoliM\n|-damage|p2b: citoliM|51\/100\n|-status|p2b: citoliM|psn\n|\n|-heal|p2b: citoliM|57\/100 psn|[from] item: Leftovers\n|-damage|p2b: citoliM|45\/100 psn|[from] psn\n|upkeep\n|turn|3\n|\n|t:|1701150386\n|move|p2a: ikeleigeR|Volt Switch|p1b: Hashbrown\n|-damage|p1b: Hashbrown|79\/100\n|\n|t:|1701150390\n|switch|p2a: etinogarD|Dragonite, L50, F, shiny|100\/100|[from] Volt Switch\n|cant|p1a: Whisper|slp\n|move|p2b: citoliM|Scald|p1b: Hashbrown\n|-damage|p1b: Hashbrown|64\/100\n|move|p1b: Hashbrown|Drain Punch|p2a: etinogarD\n|-resisted|p2a: etinogarD\n|-damage|p2a: etinogarD|85\/100\n|-heal|p1b: Hashbrown|72\/100|[from] drain|[of] p2a: etinogarD\n|\n|-heal|p2b: citoliM|51\/100 psn|[from] item: Leftovers\n|-damage|p2b: citoliM|39\/100 psn|[from] psn\n|upkeep\n|turn|4\n|\n|t:|1701150427\n|-curestatus|p1a: Whisper|slp|[msg]\n|move|p1a: Whisper|Draco Meteor|p2a: etinogarD\n|-supereffective|p2a: etinogarD\n|-damage|p2a: etinogarD|0 fnt\n|-unboost|p1a: Whisper|spa|2\n|faint|p2a: etinogarD\n|-damage|p1a: Whisper|91\/100|[from] item: Life Orb\n|move|p1b: Hashbrown|Gunk Shot|p2b: citoliM\n|-damage|p2b: citoliM|5\/100 psn\n|move|p2b: citoliM|Hypnosis|p1b: Hashbrown\n|-status|p1b: Hashbrown|slp|[from] move: Hypnosis\n|\n|-heal|p2b: citoliM|11\/100 psn|[from] item: Leftovers\n|-damage|p2b: citoliM|0 fnt|[from] psn\n|faint|p2b: citoliM\n|upkeep\n|\n|t:|1701150446\n|switch|p2a: ikeleigeR|Regieleki, L50, shiny, tera:Ground|100\/100\n|switch|p2b: eninacrA|Arcanine, L50, F, shiny|100\/100\n|-ability|p2b: eninacrA|Intimidate|boost\n|-unboost|p1a: Whisper|atk|1\n|-ability|p1b: Hashbrown|Guard Dog|boost\n|-boost|p1b: Hashbrown|atk|1\n|turn|5\n|\n|t:|1701150503\n|move|p2b: eninacrA|Helping Hand|p2a: ikeleigeR\n|-singleturn|p2a: ikeleigeR|Helping Hand|[of] p2b: eninacrA\n|move|p1a: Whisper|Protect|p1a: Whisper\n|-singleturn|p1a: Whisper|Protect\n|move|p2a: ikeleigeR|Tera Blast|p1a: Whisper|[anim] Tera Blast Ground\n|-activate|p1a: Whisper|move: Protect\n|cant|p1b: Hashbrown|slp\n|\n|upkeep\n|turn|6\n|\n|t:|1701150616\n|switch|p1a: Duke|Arcanine-Hisui, L50, M|100\/100\n|-ability|p1a: Duke|Intimidate|boost\n|-unboost|p2a: ikeleigeR|atk|1\n|-unboost|p2b: eninacrA|atk|1\n|move|p2b: eninacrA|Helping Hand|p2a: ikeleigeR\n|-singleturn|p2a: ikeleigeR|Helping Hand|[of] p2b: eninacrA\n|move|p2a: ikeleigeR|Tera Blast|p1a: Duke|[anim] Tera Blast Ground\n|-supereffective|p1a: Duke\n|-damage|p1a: Duke|0 fnt\n|faint|p1a: Duke\n|cant|p1b: Hashbrown|slp\n|\n|-sideend|p1: SCRUMPTIOUSBREAD|move: Light Screen\n|upkeep\n|\n|t:|1701150627\n|switch|p1a: Whisper|Dragapult, L50, M, shiny|91\/100\n|turn|7\n|\n|t:|1701150653\n|move|p2a: ikeleigeR|Volt Switch|p1b: Hashbrown\n|-damage|p1b: Hashbrown|40\/100 slp\n|move|p1a: Whisper|Light Screen|p1a: Whisper\n|-sidestart|p1: SCRUMPTIOUSBREAD|move: Light Screen\n|move|p2b: eninacrA|Heat Wave|p1a: Whisper|[spread] p1a\n|-miss|p2b: eninacrA|p1b: Hashbrown\n|-resisted|p1a: Whisper\n|-damage|p1a: Whisper|82\/100\n|cant|p1b: Hashbrown|slp\n|\n|upkeep\n|turn|8\n|\n|t:|1701150689\n|move|p2a: ikeleigeR|Protect|p2a: ikeleigeR\n|-singleturn|p2a: ikeleigeR|Protect\n|move|p1a: Whisper|Shadow Ball|p2a: ikeleigeR\n|-activate|p2a: ikeleigeR|move: Protect\n|move|p2b: eninacrA|Heat Wave|p1b: Hashbrown|[spread] p1a\n|-miss|p2b: eninacrA|p1b: Hashbrown\n|-resisted|p1a: Whisper\n|-damage|p1a: Whisper|72\/100\n|-curestatus|p1b: Hashbrown|slp|[msg]\n|move|p1b: Hashbrown|Gunk Shot|p2b: eninacrA\n|-damage|p2b: eninacrA|15\/100\n|-status|p2b: eninacrA|psn\n|\n|-damage|p2b: eninacrA|3\/100 psn|[from] psn\n|upkeep\n|turn|9\n|inactive|Battle timer is ON: inactive players will automatically lose when time's up. (requested by SCRUMPTIOUSBREAD)\n|inactive|hunter16k has 60 seconds left.\n|\n|t:|1701150856\n|move|p2b: eninacrA|Helping Hand|p2a: ikeleigeR\n|-singleturn|p2a: ikeleigeR|Helping Hand|[of] p2b: eninacrA\n|move|p2a: ikeleigeR|Volt Switch|p1b: Hashbrown\n|-damage|p1b: Hashbrown|9\/100\n|move|p1a: Whisper|Draco Meteor|p2a: ikeleigeR\n|-enditem|p2a: ikeleigeR|Focus Sash\n|-damage|p2a: ikeleigeR|1\/100\n|-unboost|p1a: Whisper|spa|2\n|-damage|p1a: Whisper|63\/100|[from] item: Life Orb\n|move|p1b: Hashbrown|Drain Punch|p2a: ikeleigeR\n|-damage|p2a: ikeleigeR|0 fnt\n|-heal|p1b: Hashbrown|9\/100|[from] drain|[of] p2a: ikeleigeR\n|faint|p2a: ikeleigeR\n|\n|-damage|p2b: eninacrA|0 fnt|[from] psn\n|faint|p2b: eninacrA\n|\n|win|SCRUMPTIOUSBREAD\n|upkeep\n|c|\u2606hunter16k|ggs\n|c|\u2606SCRUMPTIOUSBREAD|ggs\n|c|\u2606hunter16k|two gunk poisons sadness\n|c|\u2606SCRUMPTIOUSBREAD|tbf you got two hypnosis\n|c|\u2606hunter16k|yeah no I'm not complaining\n|c|\u2606SCRUMPTIOUSBREAD|still good shit\n|c|\u2606hunter16k|good job getting around ground eleki\n|c|\u2606SCRUMPTIOUSBREAD|bro when you tera ground my raichu\n|c|\u2606SCRUMPTIOUSBREAD|i was like its so over\n|c|\u2606hunter16k|I know\n","uploadtime":1701150912,"views":9,"p1id":"scrumptiousbread","p2id":"hunter16k","formatid":"gen9vgc2023regulatione","rating":0,"private":0,"password":""}