{"id":"gen9vgc2023regulatione-1993543625","p1":"lgh925","p2":"The Pringle Pirate","format":"[Gen 9] VGC 2023 Regulation E","log":"|j|\u2606lgh925\n|j|\u2606The Pringle Pirate\n|t:|1700329992\n|gametype|doubles\n|player|p1|lgh925|dawn|1487\n|player|p2|The Pringle Pirate|sailor|1604\n|teamsize|p1|6\n|teamsize|p2|6\n|gen|9\n|tier|[Gen 9] VGC 2023 Regulation E\n|rated|\n|rule|Species Clause: Limit one of each Pok\u00e9mon\n|rule|Item Clause: Limit one of each item\n|clearpoke\n|poke|p1|Weezing, L50, M|\n|poke|p1|Landorus-Therian, L50, M|\n|poke|p1|Iron Hands, L50|\n|poke|p1|Flutter Mane, L50|\n|poke|p1|Kommo-o, L50, F|\n|poke|p1|Roaring Moon, L50|\n|poke|p2|Gliscor, L50, M|\n|poke|p2|Orthworm, L50, M|\n|poke|p2|Thundurus, L50, M|\n|poke|p2|Roaring Moon, L50|\n|poke|p2|Rotom-Heat, L50|\n|poke|p2|Tauros-Paldea-Aqua, L50, M|\n|teampreview|4\n|\n|t:|1700330046\n|start\n|switch|p1a: Roaring Moon|Roaring Moon, L50|100\/100\n|switch|p1b: Weezing|Weezing, L50, M|100\/100\n|switch|p2a: Orthworm|Orthworm, L50, M|100\/100\n|switch|p2b: Rotom|Rotom-Heat, L50|100\/100\n|-ability|p1b: Weezing|Neutralizing Gas\n|-enditem|p1a: Roaring Moon|Booster Energy\n|-activate|p1a: Roaring Moon|ability: Protosynthesis|[fromitem]\n|-start|p1a: Roaring Moon|protosynthesisspe\n|turn|1\n|j| verylonelysole\n|\n|t:|1700330095\n|move|p1a: Roaring Moon|Knock Off|p2a: Orthworm\n|-damage|p2a: Orthworm|64\/100\n|-enditem|p2a: Orthworm|Sitrus Berry|[from] move: Knock Off|[of] p1a: Roaring Moon\n|move|p2b: Rotom|Will-O-Wisp|p1a: Roaring Moon\n|-status|p1a: Roaring Moon|brn\n|move|p2a: Orthworm|Iron Defense|p2a: Orthworm\n|-boost|p2a: Orthworm|def|2\n|move|p1b: Weezing|Taunt|p2a: Orthworm\n|-start|p2a: Orthworm|move: Taunt\n|\n|-damage|p1a: Roaring Moon|94\/100 brn|[from] brn\n|upkeep\n|turn|2\n|\n|t:|1700330113\n|move|p1a: Roaring Moon|Knock Off|p2b: Rotom\n|-damage|p2b: Rotom|78\/100\n|-enditem|p2b: Rotom|Choice Scarf|[from] move: Knock Off|[of] p1a: Roaring Moon\n|move|p2b: Rotom|Will-O-Wisp|p1b: Weezing\n|-status|p1b: Weezing|brn\n|move|p2a: Orthworm|Body Press|p1a: Roaring Moon\n|-supereffective|p1a: Roaring Moon\n|-damage|p1a: Roaring Moon|0 fnt\n|faint|p1a: Roaring Moon\n|-end|p1a: Roaring Moon|Protosynthesis|[silent]\n|move|p1b: Weezing|Taunt|p2b: Rotom\n|-start|p2b: Rotom|move: Taunt\n|\n|-damage|p1b: Weezing|95\/100 brn|[from] brn\n|upkeep\n|\n|t:|1700330120\n|switch|p1a: Kommo-o|Kommo-o, L50, F|100\/100\n|turn|3\n|\n|t:|1700330153\n|switch|p2b: Tauros|Tauros-Paldea-Aqua, L50, M|100\/100\n|move|p1a: Kommo-o|Iron Defense|p1a: Kommo-o\n|-boost|p1a: Kommo-o|def|2\n|-enditem|p2b: Tauros|Mirror Herb\n|-boost|p2b: Tauros|def|2|[from] item: Mirror Herb\n|move|p2a: Orthworm|Body Press|p1a: Kommo-o\n|-damage|p1a: Kommo-o|83\/100\n|move|p1b: Weezing|Gunk Shot|p2b: Tauros|[miss]\n|-miss|p1b: Weezing|p2b: Tauros\n|\n|-heal|p1a: Kommo-o|89\/100|[from] item: Leftovers\n|-damage|p1b: Weezing|89\/100 brn|[from] brn\n|upkeep\n|turn|4\n|c|\u2606lgh925|lol\n|\n|t:|1700330174\n|move|p2b: Tauros|Raging Bull|p1a: Kommo-o\n|-resisted|p1a: Kommo-o\n|-damage|p1a: Kommo-o|82\/100\n|move|p1a: Kommo-o|Body Press|p2a: Orthworm\n|-supereffective|p2a: Orthworm\n|-damage|p2a: Orthworm|2\/100\n|move|p2a: Orthworm|Body Press|p1a: Kommo-o\n|-damage|p1a: Kommo-o|64\/100\n|move|p1b: Weezing|Will-O-Wisp|p2b: Tauros\n|-status|p2b: Tauros|brn\n|\n|-heal|p1a: Kommo-o|70\/100|[from] item: Leftovers\n|-damage|p2b: Tauros|94\/100 brn|[from] brn\n|-damage|p1b: Weezing|83\/100 brn|[from] brn\n|-end|p2a: Orthworm|move: Taunt\n|upkeep\n|turn|5\n|c|\u2606lgh925|interesting\n|\n|t:|1700330195\n|move|p2b: Tauros|Raging Bull|p1b: Weezing\n|-damage|p1b: Weezing|68\/100 brn\n|move|p1a: Kommo-o|Body Press|p2a: Orthworm\n|-supereffective|p2a: Orthworm\n|-damage|p2a: Orthworm|0 fnt\n|faint|p2a: Orthworm\n|move|p1b: Weezing|Taunt|p2b: Tauros\n|-start|p2b: Tauros|move: Taunt\n|\n|-heal|p1a: Kommo-o|76\/100|[from] item: Leftovers\n|-damage|p2b: Tauros|88\/100 brn|[from] brn\n|-damage|p1b: Weezing|62\/100 brn|[from] brn\n|upkeep\n|\n|t:|1700330203\n|switch|p2a: Gliscor|Gliscor, L50, M|100\/100\n|turn|6\n|\n|t:|1700330214\n|move|p2a: Gliscor|Protect|p2a: Gliscor\n|-singleturn|p2a: Gliscor|Protect\n|move|p2b: Tauros|Raging Bull|p1b: Weezing\n|-damage|p1b: Weezing|47\/100 brn\n|-enditem|p1b: Weezing|Sitrus Berry|[eat]\n|-heal|p1b: Weezing|72\/100 brn|[from] item: Sitrus Berry\n|move|p1a: Kommo-o|Body Press|p2b: Tauros\n|-damage|p2b: Tauros|40\/100 brn\n|move|p1b: Weezing|Will-O-Wisp|p2a: Gliscor\n|-activate|p2a: Gliscor|move: Protect\n|\n|-heal|p1a: Kommo-o|82\/100|[from] item: Leftovers\n|-damage|p2b: Tauros|34\/100 brn|[from] brn\n|-damage|p1b: Weezing|66\/100 brn|[from] brn\n|-status|p2a: Gliscor|tox|[from] item: Toxic Orb\n|upkeep\n|turn|7\n|\n|t:|1700330224\n|switch|p2b: Rotom|Rotom-Heat, L50|78\/100\n|move|p2a: Gliscor|Swords Dance|p2a: Gliscor\n|-boost|p2a: Gliscor|atk|2\n|move|p1a: Kommo-o|Body Press|p2b: Rotom\n|-damage|p2b: Rotom|0 fnt\n|faint|p2b: Rotom\n|move|p1b: Weezing|Taunt|p2a: Gliscor\n|-start|p2a: Gliscor|move: Taunt\n|\n|-heal|p1a: Kommo-o|88\/100|[from] item: Leftovers\n|-damage|p2a: Gliscor|94\/100 tox|[from] psn\n|-damage|p1b: Weezing|60\/100 brn|[from] brn\n|upkeep\n|\n|t:|1700330231\n|switch|p2b: Tauros|Tauros-Paldea-Aqua, L50, M|34\/100 brn\n|turn|8\n|\n|t:|1700330238\n|move|p2b: Tauros|Protect|p2b: Tauros\n|-singleturn|p2b: Tauros|Protect\n|move|p1b: Weezing|Protect|p1b: Weezing\n|-singleturn|p1b: Weezing|Protect\n|move|p2a: Gliscor|Earthquake|p1b: Weezing|[spread] p1a\n|-activate|p2b: Tauros|move: Protect\n|-activate|p1b: Weezing|move: Protect\n|-damage|p1a: Kommo-o|67\/100\n|move|p1a: Kommo-o|Body Press|p2b: Tauros\n|-activate|p2b: Tauros|move: Protect\n|\n|-heal|p1a: Kommo-o|73\/100|[from] item: Leftovers\n|-damage|p2a: Gliscor|82\/100 tox|[from] psn\n|-damage|p2b: Tauros|29\/100 brn|[from] brn\n|-damage|p1b: Weezing|54\/100 brn|[from] brn\n|upkeep\n|turn|9\n|\n|t:|1700330254\n|move|p1b: Weezing|Protect||[still]\n|-fail|p1b: Weezing\n|move|p2b: Tauros|Aqua Jet|p1a: Kommo-o\n|-resisted|p1a: Kommo-o\n|-damage|p1a: Kommo-o|72\/100\n|move|p2a: Gliscor|Earthquake|p1a: Kommo-o|[spread] p2b,p1a,p1b\n|-supereffective|p1b: Weezing\n|-damage|p2b: Tauros|0 fnt\n|-damage|p1a: Kommo-o|48\/100\n|-damage|p1b: Weezing|0 fnt\n|faint|p2b: Tauros\n|faint|p1b: Weezing\n|-end|p1b: Weezing|ability: Neutralizing Gas\n|move|p1a: Kommo-o|Body Press|p2a: Gliscor\n|-resisted|p2a: Gliscor\n|-damage|p2a: Gliscor|49\/100 tox\n|\n|-heal|p1a: Kommo-o|54\/100|[from] item: Leftovers\n|-heal|p2a: Gliscor|61\/100 tox|[from] ability: Poison Heal\n|upkeep\n|\n|t:|1700330256\n|switch|p1b: Flutter Mane|Flutter Mane, L50|100\/100\n|turn|10\n|\n|t:|1700330267\n|move|p1b: Flutter Mane|Moonblast|p2a: Gliscor\n|-damage|p2a: Gliscor|0 fnt\n|faint|p2a: Gliscor\n|\n|win|lgh925\n|raw|lgh925's rating: 1487 &rarr; <strong>1513<\/strong><br \/>(+26 for winning)\n|raw|The Pringle Pirate's rating: 1604 &rarr; <strong>1578<\/strong><br \/>(-26 for losing)\n|c|\u2606lgh925|gg\n|c|\u2606lgh925|interesting tauros\n|l|\u2606lgh925\n|l|\u2606The Pringle Pirate\n|j|\u2606lgh925\n|player|p1|lgh925|dawn\n|l|\u2606lgh925\n|player|p1|\n|j| lgh139\n","uploadtime":1700330393,"views":12,"p1id":"lgh925","p2id":"thepringlepirate","formatid":"gen9vgc2023regulatione","rating":1513,"private":0,"password":""}