{"id":"gen9vgc2023regulatione-2000648955","p1":"Przzy","p2":"Spearstorms","format":"[Gen 9] VGC 2023 Regulation E","log":"|j|\u2606Przzy\n|j|\u2606Spearstorms\n|n|\u2606Przzy|przzy\n|n|\u2606Spearstorms|spearstorms\n|html|View the match progress at <a href=\"\/game-bestof3-gen9vgc2023regulatione-2000648954\">game-bestof3-gen9vgc2023regulatione-2000648954<\/a>\n|t:|1701214424\n|gametype|doubles\n|player|p1|Przzy|fisherman-gen4|\n|player|p2|Spearstorms|169|\n|teamsize|p1|6\n|teamsize|p2|6\n|gen|9\n|tier|[Gen 9] VGC 2023 Regulation E\n|rule|Species Clause: Limit one of each Pok\u00e9mon\n|rule|Item Clause: Limit one of each item\n|clearpoke\n|poke|p1|Farigiraf, L50, F|\n|poke|p1|Talonflame, L50, M|\n|poke|p1|Brambleghast, L50, F|\n|poke|p1|Gholdengo, L50|\n|poke|p1|Chi-Yu, L50|\n|poke|p1|Zapdos, L50|\n|poke|p2|Rillaboom, L50, M|\n|poke|p2|Urshifu-*, L50, F|\n|poke|p2|Ninetales-Alola, L50, M|\n|poke|p2|Articuno, L50|\n|poke|p2|Arcanine, L50, M|\n|poke|p2|Illumise, L50, F|\n|teampreview|4\nPrzzy has agreed to open team sheets.\nSpearstorms has agreed to open team sheets.\n|showteam|p1|Farigiraf||RockyHelmet|ArmorTail|NastyPlot,TrickRoom,Imprison,Psychic|||F|||50|,,,,,Water]Talonflame||SharpBeak|GaleWings|Tailwind,BraveBird,Taunt,WillOWisp|||M|||50|,,,,,Ghost]Brambleghast||FocusSash|WindRider|ShadowSneak,Poltergeist,PowerWhip,StrengthSap|||F|||50|,,,,,Ghost]Gholdengo||ChoiceScarf|GoodasGold|MakeItRain,Trick,Thunderbolt,ShadowBall||||||50|,,,,,Steel]Chi-Yu||ChoiceSpecs|BeadsofRuin|HeatWave,Overheat,Snarl,DarkPulse||||||50|,,,,,Ghost]Zapdos||AssaultVest|Static|Thunderbolt,WeatherBall,TeraBlast,HeatWave||||||50|,,,,,Water\n|showteam|p2|Rillaboom||MiracleSeed|GrassySurge|WoodHammer,FakeOut,GrassyGlide,TeraBlast|||M|||50|,,,,,Fire]Urshifu-Rapid-Strike||ChoiceScarf|UnseenFist|SurgingStrikes,CloseCombat,AquaJet,TeraBlast|||F|||50|,,,,,Fire]Ninetales-Alola||FocusSash|SnowWarning|FreezeDry,AuroraVeil,Protect,Moonblast|||M|||50|,,,,,Fire]Articuno||BrightPowder|SnowCloak|Haze,Blizzard,Roost,Tailwind||||||50|,,,,,Fire]Arcanine||AssaultVest|Intimidate|Snarl,FlareBlitz,TeraBlast,ExtremeSpeed|||M|||50|,,,,,Water]Illumise||MentalHerb|Prankster|Tailwind,Encore,Protect,StruggleBug|||F|||50|,,,,,Fire\n|c|\u2606Przzy|have enough tera fires\n|c|\u2606Przzy|?\n|c|\u2606Spearstorms|no i need more\n|c|\u2606Spearstorms|tbh\n|c|\u2606Spearstorms|LOL\n|\n|t:|1701214489\n|start\n|switch|p1a: WOOOOOOOOO!|Talonflame, L50, M|100\/100\n|switch|p1b: MAMBA MOMENT!|Gholdengo, L50|100\/100\n|switch|p2a: Ninetales|Ninetales-Alola, L50, M|100\/100\n|switch|p2b: Articuno|Articuno, L50|100\/100\n|-weather|Snow|[from] ability: Snow Warning|[of] p2a: Ninetales\n|turn|1\n|\n|t:|1701214534\n|-terastallize|p1b: MAMBA MOMENT!|Steel\n|move|p1a: WOOOOOOOOO!|Tailwind|p1a: WOOOOOOOOO!\n|-sidestart|p1: Przzy|move: Tailwind\n|move|p1b: MAMBA MOMENT!|Make It Rain|p2a: Ninetales|[spread] p2a,p2b\n|-supereffective|p2a: Ninetales\n|-supereffective|p2b: Articuno\n|-enditem|p2a: Ninetales|Focus Sash\n|-damage|p2a: Ninetales|1\/100\n|-damage|p2b: Articuno|0 fnt\n|-unboost|p1b: MAMBA MOMENT!|spa|1\n|faint|p2b: Articuno\n|move|p2a: Ninetales|Aurora Veil|p2a: Ninetales\n|-sidestart|p2: Spearstorms|move: Aurora Veil\n|\n|-weather|Snow|[upkeep]\n|upkeep\n|\n|t:|1701214541\n|switch|p2b: Arcanine|Arcanine, L50, M|100\/100\n|-ability|p2b: Arcanine|Intimidate|boost\n|-unboost|p1a: WOOOOOOOOO!|atk|1\n|-unboost|p1b: MAMBA MOMENT!|atk|1\n|turn|2\n|\n|t:|1701214589\n|move|p1a: WOOOOOOOOO!|Brave Bird|p2b: Arcanine\n|-damage|p2b: Arcanine|75\/100\n|-damage|p1a: WOOOOOOOOO!|89\/100|[from] Recoil\n|move|p1b: MAMBA MOMENT!|Make It Rain|p2b: Arcanine|[spread] p2a,p2b\n|-supereffective|p2a: Ninetales\n|-resisted|p2b: Arcanine\n|-damage|p2a: Ninetales|0 fnt\n|-damage|p2b: Arcanine|62\/100\n|-unboost|p1b: MAMBA MOMENT!|spa|1\n|faint|p2a: Ninetales\n|move|p2b: Arcanine|Flare Blitz|p1b: MAMBA MOMENT!\n|-supereffective|p1b: MAMBA MOMENT!\n|-damage|p1b: MAMBA MOMENT!|0 fnt\n|faint|p1b: MAMBA MOMENT!\n|-damage|p2b: Arcanine|36\/100|[from] Recoil\n|\n|-weather|Snow|[upkeep]\n|upkeep\n|\n|t:|1701214608\n|switch|p2a: Urshifu|Urshifu-Rapid-Strike, L50, F|100\/100\n|switch|p1b: BIG FIHS!|Chi-Yu, L50|100\/100\n|-ability|p1b: BIG FIHS!|Beads of Ruin\n|turn|3\n|\n|t:|1701214653\n|switch|p1a: him.|Brambleghast, L50, F|100\/100\n|-ability|p1a: him.|Wind Rider|boost\n|-boost|p1a: him.|atk|1\n|-terastallize|p2a: Urshifu|Fire\n|move|p2b: Arcanine|Extreme Speed|p1a: him.\n|-immune|p1a: him.\n|move|p1b: BIG FIHS!|Dark Pulse|p2b: Arcanine\n|-damage|p2b: Arcanine|0 fnt\n|faint|p2b: Arcanine\n|move|p2a: Urshifu|Surging Strikes|p1b: BIG FIHS!\n|-supereffective|p1b: BIG FIHS!\n|-crit|p1b: BIG FIHS!\n|-damage|p1b: BIG FIHS!|30\/100\n|-supereffective|p1b: BIG FIHS!\n|-crit|p1b: BIG FIHS!\n|-damage|p1b: BIG FIHS!|0 fnt\n|faint|p1b: BIG FIHS!\n|-hitcount|p1: BIG FIHS!|2\n|\n|-weather|Snow|[upkeep]\n|upkeep\n|j| Milkshook\n|\n|t:|1701214670\n|switch|p1b: WOOOOOOOOO!|Talonflame, L50, M|89\/100\n|turn|4\n|\n|t:|1701214679\n|move|p1b: WOOOOOOOOO!|Brave Bird|p2a: Urshifu\n|-damage|p2a: Urshifu|61\/100\n|-damage|p1b: WOOOOOOOOO!|74\/100|[from] Recoil\n|move|p1a: him.|Poltergeist|p2a: Urshifu\n|-activate|p2a: Urshifu|move: Poltergeist|Choice Scarf\n|-damage|p2a: Urshifu|5\/100\n|move|p2a: Urshifu|Surging Strikes|p1b: WOOOOOOOOO!\n|-supereffective|p1b: WOOOOOOOOO!\n|-crit|p1b: WOOOOOOOOO!\n|-damage|p1b: WOOOOOOOOO!|4\/100\n|-supereffective|p1b: WOOOOOOOOO!\n|-crit|p1b: WOOOOOOOOO!\n|-damage|p1b: WOOOOOOOOO!|0 fnt\n|faint|p1b: WOOOOOOOOO!\n|-hitcount|p1: WOOOOOOOOO!|2\n|\n|-weather|Snow|[upkeep]\n|-sideend|p1: Przzy|move: Tailwind\n|upkeep\n|turn|5\n|\n|t:|1701214691\n|move|p1a: him.|Shadow Sneak|p2a: Urshifu\n|-damage|p2a: Urshifu|0 fnt\n|faint|p2a: Urshifu\n|\n|win|Przzy\n|c|&|\/uhtml prompt-spearstorms,Spearstorms is ready for game 2!\n|c|&|\/uhtml prompt-spearstorms,Spearstorms is ready for game 2!\n|inactive|Przzy has 50 seconds to confirm battle start!\n|c|&|\/uhtml prompt-przzy,Przzy is ready for game 2!\nBoth players are ready! Starting next match!\n","uploadtime":1701214698,"views":5,"p1id":"przzy","p2id":"spearstorms","formatid":"gen9vgc2023regulatione","rating":0,"private":0,"password":""}