{"id":"gen9vgc2023regulatione-1993420000","p1":"LetsGetFluffy","p2":"ruwisc","format":"[Gen 9] VGC 2023 Regulation E","log":"|j|\u2606LetsGetFluffy\n|j|\u2606ruwisc\n|n|\u2606LetsGetFluffy|letsgetfluffy\n|n|\u2606ruwisc|ruwisc\n|html|View the match progress at <a href=\"\/game-bestof3-gen9vgc2023regulatione-1993419999\">game-bestof3-gen9vgc2023regulatione-1993419999<\/a>\n|t:|1700315514\n|gametype|doubles\n|player|p1|LetsGetFluffy|169|\n|player|p2|ruwisc|ethan|\n|teamsize|p1|6\n|teamsize|p2|6\n|gen|9\n|tier|[Gen 9] VGC 2023 Regulation E\n|rule|Species Clause: Limit one of each Pok\u00e9mon\n|rule|Item Clause: Limit one of each item\n|clearpoke\n|poke|p1|Zapdos, L50|\n|poke|p1|Salazzle, L50, F|\n|poke|p1|Scream Tail, L50|\n|poke|p1|Spectrier, L50|\n|poke|p1|Garchomp, L50, M|\n|poke|p1|Orthworm, L50, F|\n|poke|p2|Farigiraf, L50, M|\n|poke|p2|Rillaboom, L50, M|\n|poke|p2|Sableye, L50, F|\n|poke|p2|Sandy Shocks, L50|\n|poke|p2|Sneasler, L50, F|\n|poke|p2|Squawkabilly-Yellow, L50, F|\n|teampreview|4\n|j| SpaceCP\n|c| SpaceCP|glhf both\n|c|\u2606ruwisc|glhf\n|c|\u2606LetsGetFluffy|glhf\n|\n|t:|1700315598\n|start\n|switch|p1a: Scream Tail|Scream Tail, L50|100\/100\n|switch|p1b: Spectrier|Spectrier, L50|100\/100\n|switch|p2a: Sandy Shocks|Sandy Shocks, L50|100\/100\n|switch|p2b: Sableye|Sableye, L50, F|100\/100\n|-enditem|p2a: Sandy Shocks|Booster Energy\n|-activate|p2a: Sandy Shocks|ability: Protosynthesis|[fromitem]\n|-start|p2a: Sandy Shocks|protosynthesisspe\n|-enditem|p1a: Scream Tail|Booster Energy\n|-activate|p1a: Scream Tail|ability: Protosynthesis|[fromitem]\n|-start|p1a: Scream Tail|protosynthesisdef\n|turn|1\n|j| tommy.jdw\n|\n|t:|1700315666\n|move|p2a: Sandy Shocks|Protect|p2a: Sandy Shocks\n|-singleturn|p2a: Sandy Shocks|Protect\n|move|p1b: Spectrier|Protect|p1b: Spectrier\n|-singleturn|p1b: Spectrier|Protect\n|move|p2b: Sableye|Light Screen|p2b: Sableye\n|-sidestart|p2: ruwisc|move: Light Screen\n|move|p1a: Scream Tail|Fake Tears|p2a: Sandy Shocks\n|-activate|p2a: Sandy Shocks|move: Protect\n|\n|upkeep\n|turn|2\n|\n|t:|1700315736\n|switch|p1b: Zapdos|Zapdos, L50|100\/100\n|move|p1a: Scream Tail|Protect|p1a: Scream Tail\n|-singleturn|p1a: Scream Tail|Protect\n|move|p2b: Sableye|Encore||[still]\n|-fail|p2b: Sableye\n|move|p2a: Sandy Shocks|Thunderbolt|p1a: Scream Tail\n|-activate|p1a: Scream Tail|move: Protect\n|\n|upkeep\n|turn|3\n|\n|t:|1700315808\n|-end|p1a: Scream Tail|Protosynthesis|[silent]\n|switch|p1a: Garchomp|Garchomp, L50, M|100\/100\n|switch|p2b: Rillaboom|Rillaboom, L50, M|100\/100\n|-fieldstart|move: Grassy Terrain|[from] ability: Grassy Surge|[of] p2b: Rillaboom\n|move|p2a: Sandy Shocks|Thunderbolt|p1a: Garchomp\n|-immune|p1a: Garchomp\n|move|p1b: Zapdos|Tailwind|p1b: Zapdos\n|-sidestart|p1: LetsGetFluffy|move: Tailwind\n|\n|upkeep\n|turn|4\n|\n|t:|1700315850\n|move|p2a: Sandy Shocks|Protect|p2a: Sandy Shocks\n|-singleturn|p2a: Sandy Shocks|Protect\n|move|p1a: Garchomp|Protect|p1a: Garchomp\n|-singleturn|p1a: Garchomp|Protect\n|move|p1b: Zapdos|Hurricane|p2b: Rillaboom\n|-supereffective|p2b: Rillaboom\n|-damage|p2b: Rillaboom|41\/100\n|-start|p2b: Rillaboom|confusion\n|-activate|p2b: Rillaboom|confusion\n|-damage|p2b: Rillaboom|28\/100|[from] confusion\n|\n|-heal|p2b: Rillaboom|34\/100|[from] Grassy Terrain\n|upkeep\n|turn|5\n|j| XcRunner\n|\n|t:|1700315905\n|-end|p2a: Sandy Shocks|Protosynthesis|[silent]\n|switch|p2a: Sableye|Sableye, L50, F|100\/100\n|move|p1a: Garchomp|Stomping Tantrum|p2a: Sableye\n|-damage|p2a: Sableye|57\/100\n|move|p1b: Zapdos|Air Cutter|p2b: Rillaboom|[spread] p2a,p2b\n|-supereffective|p2b: Rillaboom\n|-damage|p2a: Sableye|34\/100\n|-damage|p2b: Rillaboom|12\/100\n|-end|p2b: Rillaboom|confusion\n|move|p2b: Rillaboom|Knock Off|p1b: Zapdos\n|-damage|p1b: Zapdos|70\/100\n|-status|p2b: Rillaboom|par|[from] ability: Static|[of] p1b: Zapdos\n|-enditem|p1b: Zapdos|Covert Cloak|[from] move: Knock Off|[of] p2b: Rillaboom\n|\n|-heal|p2a: Sableye|40\/100|[from] Grassy Terrain\n|-heal|p2b: Rillaboom|18\/100 par|[from] Grassy Terrain\n|-sideend|p2: ruwisc|move: Light Screen\n|upkeep\n|turn|6\n|\n|t:|1700315963\n|move|p2a: Sableye|Light Screen|p2a: Sableye\n|-sidestart|p2: ruwisc|move: Light Screen\n|move|p2b: Rillaboom|Grassy Glide|p1a: Garchomp\n|-damage|p1a: Garchomp|73\/100\n|-damage|p2b: Rillaboom|5\/100 par|[from] ability: Rough Skin|[of] p1a: Garchomp\n|-damage|p2b: Rillaboom|0 fnt|[from] item: Rocky Helmet|[of] p1a: Garchomp\n|faint|p2b: Rillaboom\n|move|p1a: Garchomp|Swords Dance|p1a: Garchomp\n|-boost|p1a: Garchomp|atk|2\n|move|p1b: Zapdos|Hurricane|p2a: Sableye\n|-damage|p2a: Sableye|0 fnt\n|faint|p2a: Sableye\n|\n|-heal|p1a: Garchomp|79\/100|[from] Grassy Terrain\n|-sideend|p1: LetsGetFluffy|move: Tailwind\n|upkeep\n|\n|t:|1700315980\n|switch|p2b: Sneasler|Sneasler, L50, F|100\/100\n|switch|p2a: Sandy Shocks|Sandy Shocks, L50|100\/100\n|-enditem|p2b: Sneasler|Grassy Seed\n|-boost|p2b: Sneasler|def|1|[from] item: Grassy Seed\n|turn|7\n|\n|t:|1700316092\n|-terastallize|p2b: Sneasler|Flying\n|move|p2b: Sneasler|Rock Slide|p1b: Zapdos|[spread] p1a,p1b\n|-resisted|p1a: Garchomp\n|-supereffective|p1b: Zapdos\n|-damage|p1a: Garchomp|71\/100\n|-damage|p1b: Zapdos|33\/100\n|move|p2a: Sandy Shocks|Thunderbolt|p1b: Zapdos\n|-damage|p1b: Zapdos|0 fnt\n|faint|p1b: Zapdos\n|cant|p1a: Garchomp|flinch\n|\n|-heal|p1a: Garchomp|77\/100|[from] Grassy Terrain\n|-fieldend|move: Grassy Terrain\n|upkeep\n|j| Oddball_Otter\n|c| Oddball_Otter|Not the flinchhh\n|\n|t:|1700316163\n|switch|p1b: Spectrier|Spectrier, L50|100\/100\n|turn|8\n|c|\u2606ruwisc|first piece of hax in my favor so far though lol\n|\n|t:|1700316218\n|move|p1b: Spectrier|Protect|p1b: Spectrier\n|-singleturn|p1b: Spectrier|Protect\n|move|p2b: Sneasler|Close Combat|p1a: Garchomp\n|-damage|p1a: Garchomp|32\/100\n|-unboost|p2b: Sneasler|def|1\n|-unboost|p2b: Sneasler|spd|1\n|-damage|p2b: Sneasler|88\/100|[from] ability: Rough Skin|[of] p1a: Garchomp\n|-damage|p2b: Sneasler|72\/100|[from] item: Rocky Helmet|[of] p1a: Garchomp\n|move|p2a: Sandy Shocks|Thunderbolt|p1b: Spectrier\n|-activate|p1b: Spectrier|move: Protect\n|move|p1a: Garchomp|Dragon Claw|p2b: Sneasler\n|-damage|p2b: Sneasler|0 fnt\n|faint|p2b: Sneasler\n|\n|upkeep\n|turn|9\n|c| Oddball_Otter|Oh just looked back to see rillaboom confusion\n|\n|t:|1700316252\n|move|p1b: Spectrier|Shadow Ball|p2a: Sandy Shocks\n|-damage|p2a: Sandy Shocks|70\/100\n|-unboost|p2a: Sandy Shocks|spd|1\n|move|p2a: Sandy Shocks|Earth Power|p1a: Garchomp\n|-damage|p1a: Garchomp|0 fnt\n|faint|p1a: Garchomp\n|\n|upkeep\n|\n|t:|1700316260\n|switch|p1a: Scream Tail|Scream Tail, L50|100\/100\n|turn|10\n|\n|t:|1700316273\n|move|p1b: Spectrier|Protect|p1b: Spectrier\n|-singleturn|p1b: Spectrier|Protect\n|move|p2a: Sandy Shocks|Earth Power|p1b: Spectrier\n|-activate|p1b: Spectrier|move: Protect\n|move|p1a: Scream Tail|Fake Tears|p2a: Sandy Shocks\n|-unboost|p2a: Sandy Shocks|spd|2\n|\n|-sideend|p2: ruwisc|move: Light Screen\n|upkeep\n|turn|11\n|c|\u2606ruwisc|gg\n|\n|t:|1700316285\n|move|p1b: Spectrier|Shadow Ball|p2a: Sandy Shocks\n|-damage|p2a: Sandy Shocks|0 fnt\n|faint|p2a: Sandy Shocks\n|-end|p2a: Sandy Shocks|Protosynthesis|[silent]\n|\n|win|LetsGetFluffy\n|c|\u2606LetsGetFluffy|gg\n|c|&|\/uhtml prompt-letsgetfluffy,LetsGetFluffy is ready for game 2!\n|inactive|ruwisc has 50 seconds to confirm battle start!\n|c|&|\/uhtml prompt-ruwisc,ruwisc is ready for game 2!\nBoth players are ready! Starting next match!\n|c| tommy.jdw|Wp both of you\n|l| Oddball_Otter\n|l| XcRunner\n|j| Oddball_Otter\n|l| Oddball_Otter\n|l| tommy.jdw\n|l| SpaceCP\n|l|\u2606ruwisc\n","uploadtime":1700317099,"views":50,"p1id":"letsgetfluffy","p2id":"ruwisc","formatid":"gen9vgc2023regulatione","rating":0,"private":0,"password":""}