{"id":"gen9vgc2023regulatione-1999289421","p1":"Mazovin","p2":"Frozencomp0","format":"[Gen 9] VGC 2023 Regulation E","log":"|j|\u2606Mazovin\n|j|\u2606Frozencomp0\n|t:|1701055608\n|gametype|doubles\n|player|p1|Mazovin|lance|1157\n|player|p2|Frozencomp0|wallace|1056\n|teamsize|p1|6\n|teamsize|p2|6\n|gen|9\n|tier|[Gen 9] VGC 2023 Regulation E\n|rated|\n|rule|Species Clause: Limit one of each Pok\u00e9mon\n|rule|Item Clause: Limit one of each item\n|clearpoke\n|poke|p1|Flutter Mane, L50|\n|poke|p1|Tornadus, L50, M|\n|poke|p1|Rillaboom, L50, M|\n|poke|p1|Garganacl, L50, M|\n|poke|p1|Arcanine-Hisui, L50, F|\n|poke|p1|Chien-Pao, L50|\n|poke|p2|Typhlosion-Hisui, L50, F|\n|poke|p2|Hydreigon, L50, M|\n|poke|p2|Amoonguss, L50, M|\n|poke|p2|Sableye, L50, F|\n|poke|p2|Ninetales, L50, F|\n|poke|p2|Alomomola, L50, F|\n|teampreview|4\n|inactive|Battle timer is ON: inactive players will automatically lose when time's up. (requested by Frozencomp0)\n|\n|t:|1701055633\n|start\n|switch|p1a: Tornadus|Tornadus, L50, M|100\/100\n|switch|p1b: Arcanine|Arcanine-Hisui, L50, F|100\/100\n|switch|p2a: Sableye|Sableye, L50, F|100\/100\n|switch|p2b: Alomomola|Alomomola, L50, F|100\/100\n|-ability|p1b: Arcanine|Intimidate|boost\n|-unboost|p2a: Sableye|atk|1\n|-unboost|p2b: Alomomola|atk|1\n|turn|1\n|\n|t:|1701055650\n|move|p2a: Sableye|Taunt|p1a: Tornadus\n|-start|p1a: Tornadus|move: Taunt\n|move|p1b: Arcanine|Rock Slide|p2b: Alomomola|[spread] p2a,p2b\n|-damage|p2a: Sableye|48\/100\n|-damage|p2b: Alomomola|78\/100\n|move|p1a: Tornadus|Bleakwind Storm|p2a: Sableye|[spread] p2b\n|-miss|p1a: Tornadus|p2a: Sableye\n|-damage|p2b: Alomomola|57\/100\n|move|p2b: Alomomola|Scald|p1b: Arcanine\n|-supereffective|p1b: Arcanine\n|-damage|p1b: Arcanine|30\/100\n|\n|-heal|p2a: Sableye|54\/100|[from] item: Leftovers\n|upkeep\n|turn|2\n|inactive|Frozencomp0 has 30 seconds left.\n|\n|t:|1701055675\n|switch|p1b: Garganacl|Garganacl, L50, M|100\/100\n|move|p2a: Sableye|Reflect|p2a: Sableye\n|-sidestart|p2: Frozencomp0|Reflect\n|move|p1a: Tornadus|Bleakwind Storm|p2b: Alomomola|[spread] p2b\n|-miss|p1a: Tornadus|p2a: Sableye\n|-damage|p2b: Alomomola|35\/100\n|move|p2b: Alomomola|Scald|p1b: Garganacl\n|-supereffective|p1b: Garganacl\n|-damage|p1b: Garganacl|80\/100\n|\n|-heal|p2a: Sableye|60\/100|[from] item: Leftovers\n|upkeep\n|turn|3\n|\n|t:|1701055697\n|move|p2a: Sableye|Will-O-Wisp|p1b: Garganacl\n|-immune|p1b: Garganacl|[from] ability: Purifying Salt\n|move|p1a: Tornadus|Bleakwind Storm|p2b: Alomomola|[spread] p2a\n|-miss|p1a: Tornadus|p2b: Alomomola\n|-damage|p2a: Sableye|27\/100\n|-unboost|p2a: Sableye|spe|1\n|move|p2b: Alomomola|Flip Turn|p1b: Garganacl\n|-supereffective|p1b: Garganacl\n|-damage|p1b: Garganacl|66\/100\n|\n|t:|1701055709\n|switch|p2b: Hydreigon|Hydreigon, L50, M|100\/100|[from] Flip Turn\n|move|p1b: Garganacl|Salt Cure|p2a: Sableye\n|-damage|p2a: Sableye|14\/100\n|-start|p2a: Sableye|Salt Cure\n|\n|-heal|p2a: Sableye|20\/100|[from] item: Leftovers\n|-damage|p2a: Sableye|8\/100|[from] Salt Cure\n|-end|p1a: Tornadus|move: Taunt\n|upkeep\n|turn|4\n|\n|t:|1701055725\n|move|p2a: Sableye|Taunt|p1a: Tornadus\n|-start|p1a: Tornadus|move: Taunt\n|move|p2b: Hydreigon|Flash Cannon|p1b: Garganacl\n|-supereffective|p1b: Garganacl\n|-damage|p1b: Garganacl|7\/100\n|-enditem|p1b: Garganacl|Sitrus Berry|[eat]\n|-heal|p1b: Garganacl|31\/100|[from] item: Sitrus Berry\n|move|p1a: Tornadus|Bleakwind Storm|p2b: Hydreigon|[spread] p2a,p2b\n|-crit|p2b: Hydreigon\n|-damage|p2a: Sableye|0 fnt\n|-damage|p2b: Hydreigon|48\/100\n|faint|p2a: Sableye\n|move|p1b: Garganacl|Salt Cure|p2b: Hydreigon\n|-crit|p2b: Hydreigon\n|-damage|p2b: Hydreigon|23\/100\n|-start|p2b: Hydreigon|Salt Cure\n|\n|-damage|p2b: Hydreigon|11\/100|[from] Salt Cure\n|upkeep\n|\n|t:|1701055742\n|switch|p2a: Typhlosion|Typhlosion-Hisui, L50, F|100\/100\n|-item|p1a: Tornadus|Rocky Helmet|[from] ability: Frisk|[of] p2a: Typhlosion|[identify]\n|turn|5\n|\n|t:|1701055749\n|-terastallize|p2a: Typhlosion|Fire\n|move|p1b: Garganacl|Protect|p1b: Garganacl\n|-singleturn|p1b: Garganacl|Protect\n|move|p2a: Typhlosion|Eruption|p1b: Garganacl|[spread] p1a\n|-activate|p1b: Garganacl|move: Protect\n|-damage|p1a: Tornadus|40\/100\n|move|p2b: Hydreigon|Flash Cannon|p1a: Tornadus\n|-damage|p1a: Tornadus|7\/100\n|move|p1a: Tornadus|Bleakwind Storm|p2b: Hydreigon|[spread] p2a\n|-miss|p1a: Tornadus|p2b: Hydreigon\n|-damage|p2a: Typhlosion|56\/100\n|\n|-damage|p2b: Hydreigon|0 fnt|[from] Salt Cure\n|faint|p2b: Hydreigon\n|upkeep\n|\n|t:|1701055767\n|switch|p2b: Alomomola|Alomomola, L50, F|68\/100\n|turn|6\n|\n|t:|1701055776\n|move|p2a: Typhlosion|Eruption|p1b: Garganacl|[spread] p1a,p1b\n|-resisted|p1b: Garganacl\n|-damage|p1a: Tornadus|0 fnt\n|-damage|p1b: Garganacl|19\/100\n|faint|p1a: Tornadus\n|move|p2b: Alomomola|Scald|p1b: Garganacl\n|-supereffective|p1b: Garganacl\n|-damage|p1b: Garganacl|0 fnt\n|faint|p1b: Garganacl\n|\n|-sideend|p2: Frozencomp0|Reflect\n|upkeep\n|\n|t:|1701055779\n|switch|p1a: Arcanine|Arcanine-Hisui, L50, F|30\/100\n|switch|p1b: Rillaboom|Rillaboom, L50, M|100\/100\n|-ability|p1a: Arcanine|Intimidate|boost\n|-unboost|p2a: Typhlosion|atk|1\n|-unboost|p2b: Alomomola|atk|1\n|-fieldstart|move: Grassy Terrain|[from] ability: Grassy Surge|[of] p1b: Rillaboom\n|turn|7\n|inactive|Mazovin has 30 seconds left.\n|\n|t:|1701055808\n|-terastallize|p1a: Arcanine|Normal\n|move|p1a: Arcanine|Extreme Speed|p2a: Typhlosion\n|-damage|p2a: Typhlosion|0 fnt\n|faint|p2a: Typhlosion\n|move|p1b: Rillaboom|Wood Hammer|p2b: Alomomola\n|-supereffective|p2b: Alomomola\n|-damage|p2b: Alomomola|0 fnt\n|faint|p2b: Alomomola\n|-damage|p1b: Rillaboom|71\/100|[from] Recoil\n|\n|win|Mazovin\n|raw|Mazovin's rating: 1157 &rarr; <strong>1175<\/strong><br \/>(+18 for winning)\n|raw|Frozencomp0's rating: 1056 &rarr; <strong>1043<\/strong><br \/>(-13 for losing)\n|l|\u2606Frozencomp0\n","uploadtime":1701055818,"views":1,"p1id":"mazovin","p2id":"frozencomp0","formatid":"gen9vgc2023regulatione","rating":1043,"private":0,"password":""}