{"id":"gen9vgc2023regulatione-1995671641","p1":"Lux2821","p2":"OMGPACHIMARI","format":"[Gen 9] VGC 2023 Regulation E","log":"|j|\u2606Lux2821\n|j|\u2606OMGPACHIMARI\n|n|\u2606Lux2821|lux2821\n|n|\u2606OMGPACHIMARI|omgpachimari\n|html|View the match progress at <a href=\"\/game-bestof3-gen9vgc2023regulatione-1995666875\">game-bestof3-gen9vgc2023regulatione-1995666875<\/a>\n|t:|1700592619\n|gametype|doubles\n|player|p1|Lux2821|lusamine-nihilego|\n|player|p2|OMGPACHIMARI|norman|\n|teamsize|p1|6\n|teamsize|p2|6\n|gen|9\n|tier|[Gen 9] VGC 2023 Regulation E\n|rule|Species Clause: Limit one of each Pok\u00e9mon\n|rule|Item Clause: Limit one of each item\n|clearpoke\n|poke|p1|Tornadus, L50, M|\n|poke|p1|Chi-Yu, L50|\n|poke|p1|Arcanine, L50, M|\n|poke|p1|Dachsbun, L50, F|\n|poke|p1|Chesnaught, L50, M|\n|poke|p1|Pachirisu, L50, M|\n|poke|p2|Grumpig, L50, F|\n|poke|p2|Dragonite, L50, F|\n|poke|p2|Golduck, L50, F|\n|poke|p2|Flareon, L50, M|\n|poke|p2|Bombirdier, L50, F|\n|poke|p2|Volcarona, L50, F|\n|teampreview|4\n|inactive|Battle timer is ON: inactive players will automatically lose when time's up. (requested by Lux2821)\n|inactive|OMGPACHIMARI also wants the timer to be on.\n|j| Stryke Out\n|inactive|OMGPACHIMARI no longer wants the timer on, but the timer is staying on because lux2821 still does.\nOMGPACHIMARI rejected open team sheets.\n|j| Jstardude\n|inactive|Lux2821 has 60 seconds left.\n|inactive|OMGPACHIMARI has 60 seconds left.\n|l| Jstardude\n|\n|t:|1700592654\n|start\n|switch|p1a: Doritos|Chi-Yu, L50|100\/100\n|switch|p1b: Doughee|Dachsbun, L50, F|100\/100\n|switch|p2a: Dragonite|Dragonite, L50, F|100\/100\n|switch|p2b: Bombirdier|Bombirdier, L50, F|100\/100\n|-ability|p1a: Doritos|Beads of Ruin\n|turn|1\n|j| Tuxmux\n|inactive|Lux2821 has 30 seconds left.\n|inactive|OMGPACHIMARI has 30 seconds left.\n|\n|t:|1700592686\n|-terastallize|p1a: Doritos|Ghost\n|move|p2a: Dragonite|Protect|p2a: Dragonite\n|-singleturn|p2a: Dragonite|Protect\n|move|p1a: Doritos|Lava Plume|p2a: Dragonite|[spread] p2b\n|-activate|p2a: Dragonite|move: Protect\n|-ability|p1b: Doughee|Well-Baked Body|boost\n|-boost|p1b: Doughee|def|2\n|-damage|p2b: Bombirdier|16\/100\n|move|p2b: Bombirdier|Tailwind|p2b: Bombirdier\n|-sidestart|p2: OMGPACHIMARI|move: Tailwind\n|move|p1b: Doughee|Yawn|p2b: Bombirdier\n|-start|p2b: Bombirdier|move: Yawn|[of] p1b: Doughee\n|\n|upkeep\n|turn|2\n|\n|t:|1700592710\n|-terastallize|p2a: Dragonite|Water\n|move|p2b: Bombirdier|Stealth Rock|p1a: Doritos\n|-sidestart|p1: Lux2821|move: Stealth Rock\n|move|p2a: Dragonite|Waterfall|p1a: Doritos\n|-crit|p1a: Doritos\n|-damage|p1a: Doritos|0 fnt\n|faint|p1a: Doritos\n|-damage|p2a: Dragonite|91\/100|[from] item: Life Orb\n|move|p1b: Doughee|Play Rough|p2a: Dragonite\n|-damage|p2a: Dragonite|65\/100\n|\n|-end|p2b: Bombirdier|move: Yawn|[silent]\n|-status|p2b: Bombirdier|slp\n|upkeep\n|j| Jstardude\n|\n|t:|1700592721\n|switch|p1a: Pachi w Rizz u|Pachirisu, L50, M, shiny|100\/100\n|-damage|p1a: Pachi w Rizz u|89\/100|[from] Stealth Rock\n|turn|3\n|\n|t:|1700592738\n|move|p1a: Pachi w Rizz u|Follow Me|p1a: Pachi w Rizz u\n|-singleturn|p1a: Pachi w Rizz u|move: Follow Me\n|cant|p2b: Bombirdier|slp\n|move|p2a: Dragonite|Waterfall|p1a: Pachi w Rizz u\n|-damage|p1a: Pachi w Rizz u|9\/100\n|-damage|p2a: Dragonite|49\/100|[from] item: Rocky Helmet|[of] p1a: Pachi w Rizz u\n|-damage|p2a: Dragonite|39\/100|[from] item: Life Orb\n|move|p1b: Doughee|Body Press|p2a: Dragonite\n|-damage|p2a: Dragonite|0 fnt\n|faint|p2a: Dragonite\n|\n|upkeep\n|\n|t:|1700592749\n|switch|p2a: Volcarona|Volcarona, L50, F|100\/100\n|turn|4\n|\n|t:|1700592763\n|move|p1a: Pachi w Rizz u|Follow Me|p1a: Pachi w Rizz u\n|-singleturn|p1a: Pachi w Rizz u|move: Follow Me\n|cant|p2b: Bombirdier|slp\n|move|p2a: Volcarona|Heat Wave|p1b: Doughee|[spread] p1a\n|-ability|p1b: Doughee|Well-Baked Body|boost\n|-boost|p1b: Doughee|def|2\n|-damage|p1a: Pachi w Rizz u|0 fnt\n|faint|p1a: Pachi w Rizz u\n|move|p1b: Doughee|Yawn|p2a: Volcarona\n|-start|p2a: Volcarona|move: Yawn|[of] p1b: Doughee\n|\n|-sideend|p2: OMGPACHIMARI|move: Tailwind\n|upkeep\n|c|\u2606OMGPACHIMARI|oh\n|c|\u2606OMGPACHIMARI|I'm dumb\n|c|\u2606OMGPACHIMARI|LMFAOOO\n|\n|t:|1700592773\n|switch|p1a: Me no likely this|Chesnaught, L50, M, shiny|100\/100\n|-damage|p1a: Me no likely this|94\/100|[from] Stealth Rock\n|turn|5\n|inactive|OMGPACHIMARI has 30 seconds left.\n|\n|t:|1700592806\n|move|p1a: Me no likely this|Wide Guard|p1a: Me no likely this\n|-singleturn|p1a: Me no likely this|Wide Guard\n|-curestatus|p2b: Bombirdier|slp|[msg]\n|move|p2b: Bombirdier|Rock Slide|p1b: Doughee|[spread] \n|-activate|p1a: Me no likely this|move: Wide Guard\n|-activate|p1b: Doughee|move: Wide Guard\n|move|p2a: Volcarona|Struggle Bug|p1a: Me no likely this|[spread] \n|-activate|p1a: Me no likely this|move: Wide Guard\n|-activate|p1b: Doughee|move: Wide Guard\n|move|p1b: Doughee|Body Press|p2a: Volcarona\n|-resisted|p2a: Volcarona\n|-damage|p2a: Volcarona|53\/100\n|\n|-end|p2a: Volcarona|move: Yawn|[silent]\n|-status|p2a: Volcarona|slp\n|upkeep\n|turn|6\n|inactive|Lux2821 has 30 seconds left.\n|inactive|OMGPACHIMARI has 30 seconds left.\n|inactive|OMGPACHIMARI has 20 seconds left.\n|inactive|OMGPACHIMARI has 15 seconds left.\n|inactive|OMGPACHIMARI has 10 seconds left.\n|\n|t:|1700592855\n|move|p2b: Bombirdier|Rock Slide|p1b: Doughee|[spread] p1b\n|-miss|p2b: Bombirdier|p1a: Me no likely this\n|-damage|p1b: Doughee|94\/100\n|cant|p2a: Volcarona|slp\n|move|p1b: Doughee|Body Press|p2a: Volcarona\n|-resisted|p2a: Volcarona\n|-damage|p2a: Volcarona|8\/100 slp\n|-enditem|p2a: Volcarona|Aguav Berry|[eat]\n|-heal|p2a: Volcarona|41\/100 slp|[from] item: Aguav Berry\n|move|p1a: Me no likely this|Rock Slide|p2a: Volcarona|[spread] p2a,p2b\n|-supereffective|p2a: Volcarona\n|-supereffective|p2b: Bombirdier\n|-damage|p2a: Volcarona|0 fnt\n|-damage|p2b: Bombirdier|0 fnt\n|faint|p2a: Volcarona\n|faint|p2b: Bombirdier\n|\n|-heal|p1b: Doughee|100\/100|[from] item: Leftovers\n|upkeep\n|\n|t:|1700592874\n|switch|p2b: Golduck|Golduck, L50, F|100\/100\n|-ability|p2b: Golduck|Cloud Nine\n|turn|7\n|\n|t:|1700592888\n|move|p1b: Doughee|Body Press|p2b: Golduck\n|-damage|p2b: Golduck|0 fnt\n|faint|p2b: Golduck\n|\n|win|Lux2821\n|c|\u2606Lux2821|gr\n|c|\u2606OMGPACHIMARI|gr\n|inactive|Lux2821 has 50 seconds to confirm battle start!\n|inactive|OMGPACHIMARI has 50 seconds to confirm battle start!\n|c|&|\/uhtml prompt-omgpachimari,OMGPACHIMARI is ready for game 3!\n|c|&|\/uhtml prompt-lux2821,Lux2821 is ready for game 3!\nBoth players are ready! Starting next match!\n|l| Stryke Out\n|l| Jstardude\n","uploadtime":1700592894,"views":2,"p1id":"lux2821","p2id":"omgpachimari","formatid":"gen9vgc2023regulatione","rating":0,"private":0,"password":""}