{"id":"gen9vgc2023regulatione-1991941342","p1":"Trentlypop","p2":"maiomar","format":"[Gen 9] VGC 2023 Regulation E","log":"|j|\u2606Trentlypop\n|j|\u2606maiomar\n|t:|1700140746\n|gametype|doubles\n|player|p1|Trentlypop|169|1000\n|player|p2|maiomar|red|1046\n|teamsize|p1|6\n|teamsize|p2|6\n|gen|9\n|tier|[Gen 9] VGC 2023 Regulation E\n|rated|\n|rule|Species Clause: Limit one of each Pok\u00e9mon\n|rule|Item Clause: Limit one of each item\n|clearpoke\n|poke|p1|Flutter Mane, L50|\n|poke|p1|Iron Hands, L50|\n|poke|p1|Landorus-Therian, L50, M|\n|poke|p1|Ogerpon-Wellspring, L50, F|\n|poke|p1|Tornadus, L50, M|\n|poke|p1|Urshifu-*, L50, M|\n|poke|p2|Amoonguss, L50, M|\n|poke|p2|Sableye, L50, M|\n|poke|p2|Arcanine-Hisui, L50, M|\n|poke|p2|Flutter Mane, L50|\n|poke|p2|Chien-Pao, L50|\n|poke|p2|Urshifu-*, L50, M|\n|teampreview|4\n|inactive|Battle timer is ON: inactive players will automatically lose when time's up. (requested by maiomar)\n|\n|t:|1700140785\n|start\n|switch|p1a: Flutter Mane|Flutter Mane, L50|100\/100\n|switch|p1b: Iron Hands|Iron Hands, L50|100\/100\n|switch|p2a: Amoonguss|Amoonguss, L50, M|100\/100\n|switch|p2b: Sableye|Sableye, L50, M|100\/100\n|turn|1\n|inactive|Trentlypop has 30 seconds left.\n|\n|t:|1700140814\n|-terastallize|p1a: Flutter Mane|Grass\n|move|p2a: Amoonguss|Protect|p2a: Amoonguss\n|-singleturn|p2a: Amoonguss|Protect\n|move|p1b: Iron Hands|Fake Out|p2a: Amoonguss\n|-activate|p2a: Amoonguss|move: Protect\n|move|p2b: Sableye|Will-O-Wisp|p1b: Iron Hands\n|-status|p1b: Iron Hands|brn\n|move|p1a: Flutter Mane|Moonblast|p2b: Sableye\n|-supereffective|p2b: Sableye\n|-damage|p2b: Sableye|0 fnt\n|faint|p2b: Sableye\n|\n|-damage|p1b: Iron Hands|94\/100 brn|[from] brn\n|upkeep\n|\n|t:|1700140828\n|switch|p2b: Arcanine|Arcanine-Hisui, L50, M|100\/100\n|turn|2\n|inactive|Trentlypop has 30 seconds left.\n|\n|t:|1700140854\n|-end|p1a: Flutter Mane|Protosynthesis|[silent]\n|switch|p1a: Landorus|Landorus-Therian, L50, M|100\/100\n|-ability|p1a: Landorus|Intimidate|boost\n|-unboost|p2a: Amoonguss|atk|1\n|-unboost|p2b: Arcanine|atk|1\n|move|p2a: Amoonguss|Rage Powder|p2a: Amoonguss\n|-singleturn|p2a: Amoonguss|move: Rage Powder\n|move|p2b: Arcanine|Flare Blitz|p1a: Landorus\n|-damage|p1a: Landorus|59\/100\n|-status|p1a: Landorus|brn\n|move|p1b: Iron Hands|Drain Punch|p2a: Amoonguss\n|-resisted|p2a: Amoonguss\n|-damage|p2a: Amoonguss|91\/100\n|-heal|p1b: Iron Hands|99\/100 brn|[from] drain|[of] p2a: Amoonguss\n|\n|-heal|p2a: Amoonguss|96\/100|[from] item: Leftovers\n|-damage|p1a: Landorus|54\/100 brn|[from] brn\n|-damage|p1b: Iron Hands|93\/100 brn|[from] brn\n|upkeep\n|turn|3\n|inactive|maiomar has 30 seconds left.\n|\n|t:|1700140879\n|switch|p2b: Urshifu|Urshifu-Rapid-Strike, L50, M|100\/100\n|-end|p1b: Iron Hands|Quark Drive|[silent]\n|switch|p1b: Ogerpon|Ogerpon-Wellspring, L50, F|100\/100\n|move|p2a: Amoonguss|Rage Powder|p2a: Amoonguss\n|-singleturn|p2a: Amoonguss|move: Rage Powder\n|move|p1a: Landorus|U-turn|p2a: Amoonguss\n|-damage|p2a: Amoonguss|83\/100\n|\n|t:|1700140894\n|switch|p1a: Iron Hands|Iron Hands, L50|93\/100 brn|[from] U-turn\n|\n|-heal|p2a: Amoonguss|89\/100|[from] item: Leftovers\n|-damage|p1a: Iron Hands|86\/100 brn|[from] brn\n|upkeep\n|turn|4\n|inactive|Trentlypop has 30 seconds left.\n|\n|t:|1700140922\n|move|p1a: Iron Hands|Fake Out|p2b: Urshifu\n|-damage|p2b: Urshifu|94\/100\n|move|p2a: Amoonguss|Rage Powder|p2a: Amoonguss\n|-singleturn|p2a: Amoonguss|move: Rage Powder\n|cant|p2b: Urshifu|flinch\n|move|p1b: Ogerpon|Swords Dance|p1b: Ogerpon\n|-boost|p1b: Ogerpon|atk|2\n|\n|-heal|p2a: Amoonguss|95\/100|[from] item: Leftovers\n|-damage|p1a: Iron Hands|80\/100 brn|[from] brn\n|upkeep\n|turn|5\n|inactive|Trentlypop has 30 seconds left.\n|inactive|Trentlypop has 20 seconds left.\n|\n|t:|1700140958\n|-end|p1a: Iron Hands|Quark Drive|[silent]\n|switch|p1a: Flutter Mane|Flutter Mane, L50, tera:Grass|100\/100\n|-terastallize|p2b: Urshifu|Fighting\n|move|p2a: Amoonguss|Rage Powder|p2a: Amoonguss\n|-singleturn|p2a: Amoonguss|move: Rage Powder\n|move|p2b: Urshifu|Close Combat|p1b: Ogerpon\n|-damage|p1b: Ogerpon|16\/100\n|-unboost|p2b: Urshifu|def|1\n|-unboost|p2b: Urshifu|spd|1\n|move|p1b: Ogerpon|Horn Leech|p2b: Urshifu\n|-damage|p2b: Urshifu|0 fnt\n|-heal|p1b: Ogerpon|60\/100|[from] drain|[of] p2b: Urshifu\n|faint|p2b: Urshifu\n|\n|-heal|p2a: Amoonguss|100\/100|[from] item: Leftovers\n|upkeep\n|-message|maiomar forfeited.\n|\n|win|Trentlypop\n|raw|Trentlypop's rating: 1000 &rarr; <strong>1045<\/strong><br \/>(+45 for winning)\n|raw|maiomar's rating: 1046 &rarr; <strong>1027<\/strong><br \/>(-19 for losing)\n|l|\u2606maiomar\n","uploadtime":1700141067,"views":36,"p1id":"trentlypop","p2id":"maiomar","formatid":"gen9vgc2023regulatione","rating":1027,"private":0,"password":""}