{"id":"gen9vgc2023regulatione-1995151161","p1":"Orionseas","p2":"DarkMcL0vin","format":"[Gen 9] VGC 2023 Regulation E","log":"|j|\u2606Orionseas\n|j|\u2606DarkMcL0vin\n|t:|1700528288\n|gametype|doubles\n|player|p1|Orionseas|265|1144\n|player|p2|DarkMcL0vin|milo|1063\n|teamsize|p1|6\n|teamsize|p2|6\n|gen|9\n|tier|[Gen 9] VGC 2023 Regulation E\n|rated|\n|rule|Species Clause: Limit one of each Pok\u00e9mon\n|rule|Item Clause: Limit one of each item\n|clearpoke\n|poke|p1|Landorus-Therian, L50, M|\n|poke|p1|Rillaboom, L50, F|\n|poke|p1|Roaring Moon, L50|\n|poke|p1|Sinistcha-Masterpiece, L50|\n|poke|p1|Heatran, L50, F|\n|poke|p1|Flutter Mane, L50|\n|poke|p2|Iron Hands, L50|\n|poke|p2|Landorus-Therian, L50, M|\n|poke|p2|Ursaluna-Bloodmoon, L50, M|\n|poke|p2|Espathra, L50, F|\n|poke|p2|Clefairy, L50, F|\n|poke|p2|Kommo-o, L50, M|\n|teampreview|4\n|inactive|Battle timer is ON: inactive players will automatically lose when time's up. (requested by DarkMcL0vin)\n|inactive|Orionseas has 60 seconds left.\n|\n|t:|1700528333\n|start\n|switch|p1a: Roaring Moon|Roaring Moon, L50|100\/100\n|switch|p1b: Landorus|Landorus-Therian, L50, M|100\/100\n|switch|p2a: Espathra|Espathra, L50, F, shiny|100\/100\n|switch|p2b: Clefairy|Clefairy, L50, F|100\/100\n|-ability|p1b: Landorus|Intimidate|boost\n|-unboost|p2a: Espathra|atk|1\n|-unboost|p2b: Clefairy|atk|1\n|-enditem|p1a: Roaring Moon|Booster Energy\n|-activate|p1a: Roaring Moon|ability: Protosynthesis|[fromitem]\n|-start|p1a: Roaring Moon|protosynthesisspe\n|turn|1\n|\n|t:|1700528355\n|move|p2b: Clefairy|Follow Me|p2b: Clefairy\n|-singleturn|p2b: Clefairy|move: Follow Me\n|move|p1a: Roaring Moon|Knock Off|p2b: Clefairy\n|-resisted|p2b: Clefairy\n|-damage|p2b: Clefairy|78\/100\n|-enditem|p2b: Clefairy|Eviolite|[from] move: Knock Off|[of] p1a: Roaring Moon\n|move|p1b: Landorus|U-turn|p2b: Clefairy\n|-resisted|p2b: Clefairy\n|-damage|p2b: Clefairy|60\/100\n|\n|t:|1700528360\n|switch|p1b: Heatran|Heatran, L50, F|100\/100|[from] U-turn\n|move|p2a: Espathra|Calm Mind|p2a: Espathra\n|-boost|p2a: Espathra|spa|1\n|-boost|p2a: Espathra|spd|1\n|\n|-ability|p2a: Espathra|Speed Boost|boost\n|-boost|p2a: Espathra|spe|1\n|upkeep\n|turn|2\n|inactive|Orionseas has 30 seconds left.\n|\n|t:|1700528395\n|move|p2b: Clefairy|Follow Me|p2b: Clefairy\n|-singleturn|p2b: Clefairy|move: Follow Me\n|move|p1a: Roaring Moon|Tailwind|p1a: Roaring Moon\n|-sidestart|p1: Orionseas|move: Tailwind\n|move|p2a: Espathra|Calm Mind|p2a: Espathra\n|-boost|p2a: Espathra|spa|1\n|-boost|p2a: Espathra|spd|1\n|move|p1b: Heatran|Heat Wave|p2b: Clefairy|[spread] p2a,p2b\n|-crit|p2a: Espathra\n|-damage|p2a: Espathra|25\/100\n|-damage|p2b: Clefairy|12\/100\n|-status|p2b: Clefairy|brn\n|\n|-damage|p2b: Clefairy|6\/100 brn|[from] brn\n|-ability|p2a: Espathra|Speed Boost|boost\n|-boost|p2a: Espathra|spe|1\n|upkeep\n|turn|3\n|\n|t:|1700528414\n|move|p1a: Roaring Moon|Protect|p1a: Roaring Moon\n|-singleturn|p1a: Roaring Moon|Protect\n|move|p2a: Espathra|Baton Pass|p2a: Espathra\n|\n|t:|1700528418\n|switch|p2a: Ursaluna|Ursaluna-Bloodmoon, L50, M|100\/100|[from] Baton Pass\n|move|p1b: Heatran|Heat Wave|p2b: Clefairy|[spread] p2a,p2b\n|-damage|p2a: Ursaluna|83\/100\n|-damage|p2b: Clefairy|0 fnt\n|faint|p2b: Clefairy\n|\n|upkeep\n|\n|t:|1700528424\n|switch|p2b: Landorus|Landorus-Therian, L50, M|100\/100\n|-ability|p2b: Landorus|Intimidate|boost\n|-unboost|p1a: Roaring Moon|atk|1\n|-unboost|p1b: Heatran|atk|1\n|turn|4\n|\n|t:|1700528445\n|-terastallize|p2a: Ursaluna|Water\n|move|p1a: Roaring Moon|Knock Off|p2a: Ursaluna\n|-damage|p2a: Ursaluna|60\/100\n|-enditem|p2a: Ursaluna|Sitrus Berry|[from] move: Knock Off|[of] p1a: Roaring Moon\n|move|p2b: Landorus|Stomping Tantrum|p1b: Heatran\n|-supereffective|p1b: Heatran\n|-crit|p1b: Heatran\n|-damage|p1b: Heatran|0 fnt\n|faint|p1b: Heatran\n|move|p2a: Ursaluna|Hyper Voice|p1a: Roaring Moon\n|-damage|p1a: Roaring Moon|5\/100\n|\n|upkeep\n|\n|t:|1700528458\n|switch|p1b: Landorus|Landorus-Therian, L50, M|100\/100\n|-ability|p1b: Landorus|Intimidate|boost\n|-unboost|p2a: Ursaluna|atk|1\n|-unboost|p2b: Landorus|atk|1\n|turn|5\n|\n|t:|1700528481\n|-terastallize|p1b: Landorus|Flying\n|move|p1a: Roaring Moon|Acrobatics|p2a: Ursaluna\n|-damage|p2a: Ursaluna|41\/100\n|move|p1b: Landorus|Tera Blast|p2a: Ursaluna|[anim] Tera Blast Flying\n|-damage|p2a: Ursaluna|0 fnt\n|faint|p2a: Ursaluna\n|move|p2b: Landorus|Stomping Tantrum|p1a: Roaring Moon\n|-damage|p1a: Roaring Moon|0 fnt\n|faint|p1a: Roaring Moon\n|-end|p1a: Roaring Moon|Protosynthesis|[silent]\n|\n|-sideend|p1: Orionseas|move: Tailwind\n|upkeep\n|\n|t:|1700528490\n|switch|p1a: Sinistcha|Sinistcha-Masterpiece, L50|100\/100\n|switch|p2a: Espathra|Espathra, L50, F, shiny|25\/100\n|turn|6\n|\n|t:|1700528504\n|move|p2a: Espathra|Protect|p2a: Espathra\n|-singleturn|p2a: Espathra|Protect\n|move|p1b: Landorus|Tera Blast|p2a: Espathra|[anim] Tera Blast Flying\n|-activate|p2a: Espathra|move: Protect\n|move|p2b: Landorus|Stomping Tantrum|p1a: Sinistcha\n|-resisted|p1a: Sinistcha\n|-damage|p1a: Sinistcha|86\/100\n|-damage|p2b: Landorus|84\/100|[from] item: Rocky Helmet|[of] p1a: Sinistcha\n|move|p1a: Sinistcha|Matcha Gotcha|p2b: Landorus|[spread] p2b\n|-activate|p2a: Espathra|move: Protect\n|-crit|p2b: Landorus\n|-damage|p2b: Landorus|27\/100\n|-heal|p1a: Sinistcha|100\/100|[from] drain|[of] p2b: Landorus\n|\n|-ability|p2a: Espathra|Speed Boost|boost\n|-boost|p2a: Espathra|spe|1\n|upkeep\n|turn|7\n|\n|t:|1700528527\n|move|p2a: Espathra|Stored Power|p1a: Sinistcha\n|-damage|p1a: Sinistcha|80\/100\n|move|p1b: Landorus|Tera Blast|p2a: Espathra|[anim] Tera Blast Flying\n|-damage|p2a: Espathra|0 fnt\n|faint|p2a: Espathra\n|move|p2b: Landorus|Stomping Tantrum|p1a: Sinistcha\n|-resisted|p1a: Sinistcha\n|-damage|p1a: Sinistcha|63\/100\n|-damage|p2b: Landorus|11\/100|[from] item: Rocky Helmet|[of] p1a: Sinistcha\n|move|p1a: Sinistcha|Matcha Gotcha|p2b: Landorus\n|-damage|p2b: Landorus|0 fnt\n|-heal|p1a: Sinistcha|69\/100|[from] drain|[of] p2b: Landorus\n|faint|p2b: Landorus\n|\n|win|Orionseas\n|raw|Orionseas's rating: 1144 &rarr; <strong>1163<\/strong><br \/>(+19 for winning)\n|raw|DarkMcL0vin's rating: 1063 &rarr; <strong>1048<\/strong><br \/>(-15 for losing)\n|l|\u2606DarkMcL0vin\n","uploadtime":1700528549,"views":9,"p1id":"orionseas","p2id":"darkmcl0vin","formatid":"gen9vgc2023regulatione","rating":1048,"private":0,"password":""}