{"id":"gen9vgc2023regulatione-1998545059","p1":"Dyrewolf52","p2":"haerbade258","format":"[Gen 9] VGC 2023 Regulation E","log":"|j|\u2606Dyrewolf52\n|j|\u2606haerbade258\n|t:|1700954563\n|gametype|doubles\n|player|p1|Dyrewolf52|benga|1365\n|player|p2|haerbade258|steven|1346\n|teamsize|p1|6\n|teamsize|p2|6\n|gen|9\n|tier|[Gen 9] VGC 2023 Regulation E\n|rated|\n|rule|Species Clause: Limit one of each Pok\u00e9mon\n|rule|Item Clause: Limit one of each item\n|clearpoke\n|poke|p1|Cresselia, L50, F|\n|poke|p1|Ursaluna, L50, M|\n|poke|p1|Enamorus-Therian, L50, F|\n|poke|p1|Iron Hands, L50|\n|poke|p1|Ogerpon-Wellspring, L50, F|\n|poke|p1|Moltres-Galar, L50|\n|poke|p2|Dondozo, L50, F|\n|poke|p2|Tatsugiri, L50, F|\n|poke|p2|Flutter Mane, L50|\n|poke|p2|Dragonite, L50, F|\n|poke|p2|Chien-Pao, L50|\n|poke|p2|Chi-Yu, L50|\n|teampreview|4\n|\n|t:|1700954599\n|start\n|switch|p1a: Cresselia|Cresselia, L50, F, shiny|100\/100\n|switch|p1b: Iron Hands|Iron Hands, L50, shiny|100\/100\n|switch|p2a: Chien-Pao|Chien-Pao, L50|100\/100\n|switch|p2b: Dragonite|Dragonite, L50, F|100\/100\n|-ability|p2a: Chien-Pao|Sword of Ruin\n|turn|1\n|\n|t:|1700954629\n|-terastallize|p1a: Cresselia|Fairy\n|move|p2a: Chien-Pao|Protect|p2a: Chien-Pao\n|-singleturn|p2a: Chien-Pao|Protect\n|move|p2b: Dragonite|Dragon Claw|p1a: Cresselia\n|-immune|p1a: Cresselia\n|move|p1b: Iron Hands|Volt Switch|p2a: Chien-Pao\n|-activate|p2a: Chien-Pao|move: Protect\n|move|p1a: Cresselia|Trick Room|p1a: Cresselia\n|-fieldstart|move: Trick Room|[of] p1a: Cresselia\n|\n|upkeep\n|turn|2\n|\n|t:|1700954646\n|switch|p2b: Dondozo|Dondozo, L50, F|100\/100\n|move|p2a: Chien-Pao|Protect||[still]\n|-fail|p2a: Chien-Pao\n|move|p1b: Iron Hands|Drain Punch|p2a: Chien-Pao\n|-supereffective|p2a: Chien-Pao\n|-enditem|p2a: Chien-Pao|Focus Sash\n|-damage|p2a: Chien-Pao|1\/100\n|move|p1a: Cresselia|Moonblast|p2b: Dondozo\n|-damage|p2b: Dondozo|79\/100\n|\n|-heal|p2b: Dondozo|85\/100|[from] item: Leftovers\n|upkeep\n|turn|3\n|\n|t:|1700954674\n|move|p2a: Chien-Pao|Sucker Punch|p1b: Iron Hands\n|-resisted|p1b: Iron Hands\n|-damage|p1b: Iron Hands|85\/100\n|move|p1b: Iron Hands|Volt Switch|p2b: Dondozo\n|-supereffective|p2b: Dondozo\n|-damage|p2b: Dondozo|63\/100\n|\n|t:|1700954681\n|-end|p1b: Iron Hands|Quark Drive|[silent]\n|switch|p1b: Enamorus|Enamorus-Therian, L50, F|100\/100|[from] Volt Switch\n|move|p2b: Dondozo|Substitute|p2b: Dondozo\n|-start|p2b: Dondozo|Substitute\n|-damage|p2b: Dondozo|38\/100\n|move|p1a: Cresselia|Moonblast|p2a: Chien-Pao\n|-supereffective|p2a: Chien-Pao\n|-damage|p2a: Chien-Pao|0 fnt\n|faint|p2a: Chien-Pao\n|\n|-heal|p2b: Dondozo|44\/100|[from] item: Leftovers\n|upkeep\n|\n|t:|1700954694\n|switch|p2a: Dragonite|Dragonite, L50, F|100\/100\n|turn|4\n|\n|t:|1700954711\n|-terastallize|p2a: Dragonite|Normal\n|move|p2b: Dondozo|Protect|p2b: Dondozo\n|-singleturn|p2b: Dondozo|Protect\n|move|p2a: Dragonite|Extreme Speed|p1b: Enamorus\n|-damage|p1b: Enamorus|46\/100\n|move|p1b: Enamorus|Calm Mind|p1b: Enamorus\n|-boost|p1b: Enamorus|spa|1\n|-boost|p1b: Enamorus|spd|1\n|move|p1a: Cresselia|Moonblast|p2a: Dragonite\n|-damage|p2a: Dragonite|76\/100\n|\n|-heal|p1b: Enamorus|52\/100|[from] item: Leftovers\n|-heal|p2b: Dondozo|50\/100|[from] item: Leftovers\n|upkeep\n|turn|5\n|inactive|Battle timer is ON: inactive players will automatically lose when time's up. (requested by haerbade258)\n|\n|t:|1700954774\n|move|p2a: Dragonite|Extreme Speed|p1b: Enamorus\n|-damage|p1b: Enamorus|0 fnt\n|faint|p1b: Enamorus\n|move|p2b: Dondozo|Wave Crash|p1a: Cresselia\n|-damage|p1a: Cresselia|67\/100\n|-damage|p2b: Dondozo|40\/100|[from] Recoil\n|move|p1a: Cresselia|Moonblast|p2a: Dragonite\n|-damage|p2a: Dragonite|53\/100\n|-unboost|p2a: Dragonite|spa|1\n|\n|-heal|p2b: Dondozo|46\/100|[from] item: Leftovers\n|-fieldend|move: Trick Room\n|upkeep\n|\n|t:|1700954788\n|switch|p1b: Iron Hands|Iron Hands, L50, shiny|85\/100\n|turn|6\n|\n|t:|1700954794\n|switch|p2a: Tatsugiri|Tatsugiri, L50, F|100\/100\n|-activate|p2a: Tatsugiri|ability: Commander|[of] p2b: Dondozo\n|-boost|p2b: Dondozo|atk|2\n|-boost|p2b: Dondozo|spa|2\n|-boost|p2b: Dondozo|spe|2\n|-boost|p2b: Dondozo|def|2\n|-boost|p2b: Dondozo|spd|2\n|move|p2b: Dondozo|Protect|p2b: Dondozo\n|-singleturn|p2b: Dondozo|Protect\n|move|p1b: Iron Hands|Drain Punch|p2a: Tatsugiri|[miss]\n|-miss|p1b: Iron Hands|p2a: Tatsugiri\n|move|p1a: Cresselia|Trick Room|p1a: Cresselia\n|-fieldstart|move: Trick Room|[of] p1a: Cresselia\n|\n|-heal|p2b: Dondozo|52\/100|[from] item: Leftovers\n|upkeep\n|turn|7\n|inactive|haerbade258 has 30 seconds left.\n|inactive|haerbade258 has 20 seconds left.\n|\n|t:|1700954834\n|move|p1b: Iron Hands|Wild Charge|p2b: Dondozo\n|-supereffective|p2b: Dondozo\n|-end|p2b: Dondozo|Substitute\n|-damage|p1b: Iron Hands|79\/100|[from] Recoil|[of] p2b: Dondozo\n|move|p1a: Cresselia|Lunar Blessing|p1a: Cresselia|[spread] p1a,p1b\n|-heal|p1a: Cresselia|91\/100\n|-heal|p1b: Iron Hands|100\/100\n|move|p2b: Dondozo|Order Up|p1b: Iron Hands\n|-damage|p1b: Iron Hands|73\/100\n|-boost|p2b: Dondozo|atk|1\n|\n|-heal|p2b: Dondozo|59\/100|[from] item: Leftovers\n|upkeep\n|turn|8\n|\n|t:|1700954858\n|move|p2b: Dondozo|Protect|p2b: Dondozo\n|-singleturn|p2b: Dondozo|Protect\n|move|p1b: Iron Hands|Wild Charge|p2b: Dondozo\n|-activate|p2b: Dondozo|move: Protect\n|move|p1a: Cresselia|Lunar Blessing|p1a: Cresselia|[spread] p1a,p1b\n|-heal|p1a: Cresselia|100\/100\n|-heal|p1b: Iron Hands|97\/100\n|\n|-heal|p2b: Dondozo|65\/100|[from] item: Leftovers\n|upkeep\n|turn|9\n|\n|t:|1700954872\n|move|p1a: Cresselia|Helping Hand|p1b: Iron Hands\n|-singleturn|p1b: Iron Hands|Helping Hand|[of] p1a: Cresselia\n|move|p1b: Iron Hands|Wild Charge|p2b: Dondozo\n|-supereffective|p2b: Dondozo\n|-damage|p2b: Dondozo|4\/100\n|-damage|p1b: Iron Hands|82\/100|[from] Recoil\n|move|p2b: Dondozo|Order Up|p1b: Iron Hands\n|-damage|p1b: Iron Hands|48\/100\n|-boost|p2b: Dondozo|atk|1\n|\n|-heal|p2b: Dondozo|10\/100|[from] item: Leftovers\n|upkeep\n|turn|10\n|\n|t:|1700954889\n|move|p2b: Dondozo|Protect|p2b: Dondozo\n|-singleturn|p2b: Dondozo|Protect\n|move|p1b: Iron Hands|Drain Punch|p2b: Dondozo\n|-activate|p2b: Dondozo|move: Protect\n|move|p1a: Cresselia|Lunar Blessing|p1a: Cresselia|[spread] p1a,p1b\n|-heal|p1b: Iron Hands|73\/100\n|\n|-heal|p2b: Dondozo|16\/100|[from] item: Leftovers\n|-fieldend|move: Trick Room\n|upkeep\n|turn|11\n|\n|t:|1700954910\n|move|p2b: Dondozo|Wave Crash|p1b: Iron Hands\n|-damage|p1b: Iron Hands|0 fnt\n|faint|p1b: Iron Hands\n|-end|p1b: Iron Hands|Quark Drive|[silent]\n|-damage|p2b: Dondozo|0 fnt|[from] Recoil\n|faint|p2b: Dondozo\n|move|p1a: Cresselia|Trick Room|p1a: Cresselia\n|-fieldstart|move: Trick Room|[of] p1a: Cresselia\n|\n|upkeep\n|\n|t:|1700954918\n|switch|p1b: Ursaluna|Ursaluna, L50, M, shiny|100\/100\n|switch|p2b: Dragonite|Dragonite, L50, F, tera:Normal|53\/100\n|turn|12\n|\n|t:|1700954937\n|move|p2b: Dragonite|Extreme Speed|p1a: Cresselia\n|-damage|p1a: Cresselia|51\/100\n|move|p1b: Ursaluna|Earthquake|p2a: Tatsugiri|[spread] p2a,p2b\n|-immune|p1a: Cresselia|[from] ability: Levitate\n|-damage|p2a: Tatsugiri|24\/100\n|-damage|p2b: Dragonite|15\/100\n|move|p1a: Cresselia|Moonblast|p2a: Tatsugiri\n|-supereffective|p2a: Tatsugiri\n|-damage|p2a: Tatsugiri|0 fnt\n|faint|p2a: Tatsugiri\n|\n|-status|p1b: Ursaluna|brn|[from] item: Flame Orb\n|upkeep\n|turn|13\n|inactive|Dyrewolf52 has 30 seconds left.\n|inactive|Dyrewolf52 has 20 seconds left.\n|\n|t:|1700954975\n|move|p2b: Dragonite|Extreme Speed|p1b: Ursaluna\n|-damage|p1b: Ursaluna|43\/100 brn\n|move|p1b: Ursaluna|Facade|p2b: Dragonite\n|-damage|p2b: Dragonite|0 fnt\n|faint|p2b: Dragonite\n|\n|win|Dyrewolf52\n|raw|Dyrewolf52's rating: 1365 &rarr; <strong>1384<\/strong><br \/>(+19 for winning)\n|raw|haerbade258's rating: 1346 &rarr; <strong>1327<\/strong><br \/>(-19 for losing)\n|l|\u2606haerbade258\n|j|\u2606haerbade258\n|player|p2|haerbade258|steven\n|l|\u2606haerbade258\n|player|p2|\n","uploadtime":1700955196,"views":10,"p1id":"dyrewolf52","p2id":"haerbade258","formatid":"gen9vgc2023regulatione","rating":1327,"private":0,"password":""}