{"id":"gen9vgc2023regulatione-2000159346","p1":"Astano","p2":"Test4sum","format":"[Gen 9] VGC 2023 Regulation E","log":"|j|\u2606Astano\n|j|\u2606Test4sum\n|t:|1701165001\n|gametype|doubles\n|player|p1|Astano|102|1165\n|player|p2|Test4sum|170|1122\n|teamsize|p1|6\n|teamsize|p2|6\n|gen|9\n|tier|[Gen 9] VGC 2023 Regulation E\n|rated|\n|rule|Species Clause: Limit one of each Pok\u00e9mon\n|rule|Item Clause: Limit one of each item\n|clearpoke\n|poke|p1|Cresselia, L50, F|\n|poke|p1|Flutter Mane, L50|\n|poke|p1|Iron Hands, L50|\n|poke|p1|Ursaluna, L50, M|\n|poke|p1|Sinistcha, L50|\n|poke|p1|Heatran, L50, M|\n|poke|p2|Enamorus, L50, F|\n|poke|p2|Thundurus, L50, M|\n|poke|p2|Illumise, L50, F|\n|poke|p2|Regieleki, L50|\n|poke|p2|Dusclops, L50, M|\n|poke|p2|Ursaluna-Bloodmoon, L50, M|\n|teampreview|4\nAstano has agreed to open team sheets.\n|inactive|Battle timer is ON: inactive players will automatically lose when time's up. (requested by Test4sum)\n|\n|t:|1701165031\n|start\n|switch|p1a: Iron Hands|Iron Hands, L50|100\/100\n|switch|p1b: Cresselia|Cresselia, L50, F|100\/100\n|switch|p2a: Enamorus|Enamorus, L50, F|100\/100\n|switch|p2b: Thundurus|Thundurus, L50, M|100\/100\n|turn|1\n|\n|t:|1701165046\n|-terastallize|p2a: Enamorus|Fairy\n|move|p1a: Iron Hands|Fake Out|p2b: Thundurus\n|-damage|p2b: Thundurus|83\/100\n|cant|p2b: Thundurus|flinch\n|move|p2a: Enamorus|Springtide Storm|p1b: Cresselia|[spread] p1a,p1b\n|-supereffective|p1a: Iron Hands\n|-damage|p1a: Iron Hands|46\/100\n|-damage|p1b: Cresselia|69\/100\n|-unboost|p1b: Cresselia|atk|1\n|move|p1b: Cresselia|Trick Room|p1b: Cresselia\n|-fieldstart|move: Trick Room|[of] p1b: Cresselia\n|\n|upkeep\n|turn|2\n|inactive|Test4sum has 30 seconds left.\n|\n|t:|1701165079\n|switch|p2b: Ursaluna|Ursaluna-Bloodmoon, L50, M|100\/100\n|move|p1a: Iron Hands|Heavy Slam|p2a: Enamorus\n|-supereffective|p2a: Enamorus\n|-damage|p2a: Enamorus|0 fnt\n|faint|p2a: Enamorus\n|move|p1b: Cresselia|Lunar Blessing|p1b: Cresselia|[spread] p1a,p1b\n|-heal|p1a: Iron Hands|71\/100\n|-heal|p1b: Cresselia|94\/100\n|\n|upkeep\n|\n|t:|1701165090\n|switch|p2a: Dusclops|Dusclops, L50, M|100\/100\n|-item|p1a: Iron Hands|Assault Vest|[from] ability: Frisk|[of] p2a: Dusclops|[identify]\n|-item|p1b: Cresselia|Safety Goggles|[from] ability: Frisk|[of] p2a: Dusclops|[identify]\n|turn|3\n|\n|t:|1701165105\n|-terastallize|p1a: Iron Hands|Grass\n|move|p2a: Dusclops|Brick Break|p2b: Ursaluna\n|-supereffective|p2b: Ursaluna\n|-damage|p2b: Ursaluna|82\/100\n|-enditem|p2b: Ursaluna|Weakness Policy\n|-boost|p2b: Ursaluna|atk|2|[from] item: Weakness Policy\n|-boost|p2b: Ursaluna|spa|2|[from] item: Weakness Policy\n|move|p2b: Ursaluna|Earth Power|p1a: Iron Hands\n|-resisted|p1a: Iron Hands\n|-damage|p1a: Iron Hands|47\/100\n|move|p1a: Iron Hands|Drain Punch|p2b: Ursaluna\n|-supereffective|p2b: Ursaluna\n|-damage|p2b: Ursaluna|25\/100\n|-heal|p1a: Iron Hands|72\/100|[from] drain|[of] p2b: Ursaluna\n|move|p1b: Cresselia|Moonblast|p2b: Ursaluna\n|-damage|p2b: Ursaluna|5\/100\n|-unboost|p2b: Ursaluna|spa|1\n|\n|upkeep\n|turn|4\n|\n|t:|1701165118\n|move|p2a: Dusclops|Pain Split|p2b: Ursaluna\n|-sethp|p2b: Ursaluna|36\/100|[from] move: Pain Split|[silent]\n|-sethp|p2a: Dusclops|54\/100|[from] move: Pain Split\n|move|p2b: Ursaluna|Hyper Voice|p1a: Iron Hands|[spread] p1a,p1b\n|-damage|p1a: Iron Hands|43\/100\n|-damage|p1b: Cresselia|58\/100\n|move|p1a: Iron Hands|Heavy Slam|p2b: Ursaluna\n|-damage|p2b: Ursaluna|25\/100\n|move|p1b: Cresselia|Psychic|p2a: Dusclops\n|-damage|p2a: Dusclops|39\/100\n|-unboost|p2a: Dusclops|spd|1\n|\n|upkeep\n|turn|5\n|\n|t:|1701165133\n|move|p2a: Dusclops|Pain Split|p1b: Cresselia\n|-sethp|p1b: Cresselia|41\/100|[from] move: Pain Split|[silent]\n|-sethp|p2a: Dusclops|64\/100|[from] move: Pain Split\n|move|p2b: Ursaluna|Hyper Voice|p1b: Cresselia|[spread] p1a,p1b\n|-damage|p1a: Iron Hands|15\/100\n|-damage|p1b: Cresselia|8\/100\n|move|p1a: Iron Hands|Drain Punch|p2b: Ursaluna\n|-supereffective|p2b: Ursaluna\n|-damage|p2b: Ursaluna|0 fnt\n|-heal|p1a: Iron Hands|26\/100|[from] drain|[of] p2b: Ursaluna\n|faint|p2b: Ursaluna\n|move|p1b: Cresselia|Psychic|p2a: Dusclops\n|-damage|p2a: Dusclops|43\/100\n|\n|-fieldend|move: Trick Room\n|upkeep\n|c|\u2606Astano|gg\n|\n|t:|1701165151\n|switch|p2b: Thundurus|Thundurus, L50, M|83\/100\n|turn|6\n|\n|t:|1701165164\n|move|p2b: Thundurus|Wildbolt Storm|p1b: Cresselia|[spread] p1a,p1b\n|-resisted|p1a: Iron Hands\n|-damage|p1a: Iron Hands|18\/100\n|-damage|p1b: Cresselia|0 fnt\n|-status|p1a: Iron Hands|par\n|faint|p1b: Cresselia\n|move|p1a: Iron Hands|Heavy Slam|p2b: Thundurus\n|-resisted|p2b: Thundurus\n|-damage|p2b: Thundurus|57\/100\n|move|p2a: Dusclops|Brick Break|p1a: Iron Hands\n|-damage|p1a: Iron Hands|9\/100 par\n|\n|upkeep\n|\n|t:|1701165169\n|switch|p1b: Sinistcha|Sinistcha, L50|100\/100\n|-heal|p1a: Iron Hands|34\/100 par|[from] ability: Hospitality|[of] p1b: Sinistcha\n|turn|7\n|\n|t:|1701165189\n|move|p2b: Thundurus|Wildbolt Storm|p1b: Sinistcha|[spread] p1a,p1b\n|-resisted|p1a: Iron Hands\n|-resisted|p1b: Sinistcha\n|-damage|p1a: Iron Hands|27\/100 par\n|-damage|p1b: Sinistcha|82\/100\n|move|p1a: Iron Hands|Heavy Slam|p2b: Thundurus\n|-resisted|p2b: Thundurus\n|-damage|p2b: Thundurus|30\/100\n|move|p2a: Dusclops|Pain Split|p1b: Sinistcha\n|-sethp|p1b: Sinistcha|59\/100|[from] move: Pain Split|[silent]\n|-sethp|p2a: Dusclops|71\/100|[from] move: Pain Split\n|move|p1b: Sinistcha|Trick Room|p1b: Sinistcha\n|-fieldstart|move: Trick Room|[of] p1b: Sinistcha\n|\n|upkeep\n|turn|8\n|\n|t:|1701165207\n|move|p2a: Dusclops|Pain Split|p2b: Thundurus\n|-sethp|p2b: Thundurus|44\/100|[from] move: Pain Split|[silent]\n|-sethp|p2a: Dusclops|54\/100|[from] move: Pain Split\n|cant|p1a: Iron Hands|par\n|move|p1b: Sinistcha|Matcha Gotcha|p2a: Dusclops|[spread] p2b\n|-miss|p1b: Sinistcha|p2a: Dusclops\n|-resisted|p2b: Thundurus\n|-damage|p2b: Thundurus|24\/100\n|-heal|p1b: Sinistcha|69\/100|[from] drain|[of] p2b: Thundurus\n|move|p2b: Thundurus|Wildbolt Storm|p1a: Iron Hands|[spread] p1b\n|-miss|p2b: Thundurus|p1a: Iron Hands\n|-resisted|p1b: Sinistcha\n|-damage|p1b: Sinistcha|53\/100\n|\n|upkeep\n|turn|9\n|\n|t:|1701165226\n|move|p2a: Dusclops|Pain Split|p2b: Thundurus\n|-sethp|p2b: Thundurus|34\/100|[from] move: Pain Split|[silent]\n|-sethp|p2a: Dusclops|41\/100|[from] move: Pain Split\n|move|p1a: Iron Hands|Heavy Slam|p2b: Thundurus\n|-resisted|p2b: Thundurus\n|-damage|p2b: Thundurus|4\/100\n|move|p1b: Sinistcha|Matcha Gotcha|p2b: Thundurus|[spread] p2b\n|-miss|p1b: Sinistcha|p2a: Dusclops\n|-resisted|p2b: Thundurus\n|-damage|p2b: Thundurus|0 fnt\n|-heal|p1b: Sinistcha|55\/100|[from] drain|[of] p2b: Thundurus\n|faint|p2b: Thundurus\n|\n|upkeep\n|turn|10\n|-message|Test4sum forfeited.\n|\n|win|Astano\n|raw|Astano's rating: 1165 &rarr; <strong>1187<\/strong><br \/>(+22 for winning)\n|raw|Test4sum's rating: 1122 &rarr; <strong>1100<\/strong><br \/>(-22 for losing)\n|l|\u2606Test4sum\n","uploadtime":1701165247,"views":8,"p1id":"astano","p2id":"test4sum","formatid":"gen9vgc2023regulatione","rating":1100,"private":0,"password":""}