{"id":"gen9vgc2023regulatione-1993582488","p1":"Sndusjshs","p2":"VeeGey","format":"[Gen 9] VGC 2023 Regulation E","log":"|j|\u2606Sndusjshs\n|j|\u2606VeeGey\n|t:|1700334219\n|gametype|doubles\n|player|p1|Sndusjshs|101|1000\n|player|p2|VeeGey|crasherwake|1069\n|teamsize|p1|6\n|teamsize|p2|6\n|gen|9\n|tier|[Gen 9] VGC 2023 Regulation E\n|rated|\n|rule|Species Clause: Limit one of each Pok\u00e9mon\n|rule|Item Clause: Limit one of each item\n|clearpoke\n|poke|p1|Azelf, L50|\n|poke|p1|Espeon, L50, F|\n|poke|p1|Mandibuzz, L50, F|\n|poke|p1|Dondozo, L50, M|\n|poke|p1|Tatsugiri, L50, M|\n|poke|p1|Cresselia, L50, F|\n|poke|p2|Illumise, L50, F|\n|poke|p2|Iron Bundle, L50|\n|poke|p2|Pincurchin, L50, M|\n|poke|p2|Iron Moth, L50|\n|poke|p2|Dusknoir, L50, M|\n|poke|p2|Dugtrio-Alola, L50, F|\n|teampreview|4\n|inactive|Battle timer is ON: inactive players will automatically lose when time's up. (requested by VeeGey)\n|\n|t:|1700334240\n|start\n|switch|p1a: Azelf|Azelf, L50|100\/100\n|switch|p1b: Tatsugiri|Tatsugiri, L50, M|100\/100\n|switch|p2a: Illumise|Illumise, L50, F|100\/100\n|switch|p2b: Iron Bundle|Iron Bundle, L50|100\/100\n|-enditem|p2b: Iron Bundle|Booster Energy\n|-activate|p2b: Iron Bundle|ability: Quark Drive|[fromitem]\n|-start|p2b: Iron Bundle|quarkdrivespe\n|turn|1\n|inactive|VeeGey has 30 seconds left.\n|inactive|VeeGey has 20 seconds left.\n|inactive|VeeGey has 15 seconds left.\n|\n|t:|1700334283\n|move|p1b: Tatsugiri|Endure|p1b: Tatsugiri\n|-singleturn|p1b: Tatsugiri|move: Endure\n|move|p2a: Illumise|Fake Tears|p1a: Azelf\n|-unboost|p1a: Azelf|spd|2\n|move|p2b: Iron Bundle|Hydro Pump|p1a: Azelf\n|-damage|p1a: Azelf|0 fnt\n|faint|p1a: Azelf\n|\n|-status|p1b: Tatsugiri|tox|[from] item: Toxic Orb\n|upkeep\n|\n|t:|1700334296\n|switch|p1a: Cresselia|Cresselia, L50, F|100\/100\n|turn|2\n|inactive|VeeGey has 30 seconds left.\n|\n|t:|1700334324\n|switch|p1a: Dondozo|Dondozo, L50, M|100\/100\n|-activate|p1b: Tatsugiri|ability: Commander|[of] p1a: Dondozo\n|-boost|p1a: Dondozo|atk|2\n|-boost|p1a: Dondozo|spa|2\n|-boost|p1a: Dondozo|spe|2\n|-boost|p1a: Dondozo|def|2\n|-boost|p1a: Dondozo|spd|2\n|move|p2a: Illumise|Sweet Scent|p1a: Dondozo|[spread] p1a\n|-miss|p2a: Illumise|p1b: Tatsugiri\n|-unboost|p1a: Dondozo|evasion|2\n|move|p2b: Iron Bundle|Taunt|p1a: Dondozo\n|-start|p1a: Dondozo|move: Taunt\n|\n|-damage|p1b: Tatsugiri|94\/100 tox|[from] psn\n|upkeep\n|turn|3\n|\n|t:|1700334340\n|move|p2b: Iron Bundle|Protect|p2b: Iron Bundle\n|-singleturn|p2b: Iron Bundle|Protect\n|move|p2a: Illumise|Fake Tears|p1a: Dondozo\n|-unboost|p1a: Dondozo|spd|2\n|move|p1a: Dondozo|Order Up|p2b: Iron Bundle\n|-activate|p2b: Iron Bundle|move: Protect\n|\n|-damage|p1b: Tatsugiri|82\/100 tox|[from] psn\n|upkeep\n|turn|4\n|inactive|VeeGey has 30 seconds left.\n|\n|t:|1700334367\n|-end|p2b: Iron Bundle|Quark Drive|[silent]\n|switch|p2b: Pincurchin|Pincurchin, L50, M|100\/100\n|-fieldstart|move: Electric Terrain|[from] ability: Electric Surge|[of] p2b: Pincurchin\n|move|p2a: Illumise|Fake Tears|p1a: Dondozo\n|-unboost|p1a: Dondozo|spd|2\n|move|p1a: Dondozo|Order Up|p2b: Pincurchin\n|-damage|p2b: Pincurchin|22\/100\n|-boost|p1a: Dondozo|atk|1\n|\n|-damage|p1b: Tatsugiri|63\/100 tox|[from] psn\n|-end|p1a: Dondozo|move: Taunt\n|upkeep\n|turn|5\n|\n|t:|1700334373\n|move|p1a: Dondozo|Wave Crash|p2a: Illumise\n|-enditem|p2a: Illumise|Focus Sash\n|-damage|p2a: Illumise|1\/100\n|-damage|p1a: Dondozo|76\/100|[from] Recoil\n|move|p2a: Illumise|Thunder|p1a: Dondozo\n|-supereffective|p1a: Dondozo\n|-damage|p1a: Dondozo|19\/100\n|move|p2b: Pincurchin|Zing Zap|p1a: Dondozo\n|-supereffective|p1a: Dondozo\n|-damage|p1a: Dondozo|0 fnt\n|faint|p1a: Dondozo\n|\n|-damage|p1b: Tatsugiri|38\/100 tox|[from] psn\n|upkeep\n|\n|t:|1700334375\n|switch|p1a: Cresselia|Cresselia, L50, F|100\/100\n|turn|6\n|\n|t:|1700334398\n|move|p2a: Illumise|Sweet Scent|p1a: Cresselia|[spread] p1a,p1b\n|-unboost|p1a: Cresselia|evasion|2\n|-unboost|p1b: Tatsugiri|evasion|2\n|move|p1b: Tatsugiri|Icy Wind|p2a: Illumise|[spread] p2a,p2b\n|-damage|p2a: Illumise|0 fnt\n|-damage|p2b: Pincurchin|11\/100\n|-unboost|p2b: Pincurchin|spe|1\n|faint|p2a: Illumise\n|move|p1a: Cresselia|Lunar Blessing|p1a: Cresselia|[spread] p1a,p1b\n|-heal|p1b: Tatsugiri|63\/100 tox\n|-curestatus|p1b: Tatsugiri|tox|[msg]\n|move|p2b: Pincurchin|Zing Zap|p1a: Cresselia\n|-damage|p1a: Cresselia|71\/100\n|\n|-heal|p1a: Cresselia|78\/100|[from] item: Leftovers\n|-status|p1b: Tatsugiri|tox|[from] item: Toxic Orb\n|upkeep\n|\n|t:|1700334405\n|switch|p2a: Iron Bundle|Iron Bundle, L50|100\/100\n|-activate|p2a: Iron Bundle|ability: Quark Drive\n|-start|p2a: Iron Bundle|quarkdrivespe\n|turn|7\n|\n|t:|1700334411\n|move|p1a: Cresselia|Ally Switch|p1a: Cresselia\n|swap|p1a: Cresselia|1|[from] move: Ally Switch\n|move|p2a: Iron Bundle|Taunt|p1a: Tatsugiri\n|-start|p1a: Tatsugiri|move: Taunt\n|move|p1a: Tatsugiri|Draco Meteor|p2a: Iron Bundle\n|-damage|p2a: Iron Bundle|0 fnt\n|-unboost|p1a: Tatsugiri|spa|2\n|faint|p2a: Iron Bundle\n|-end|p2a: Iron Bundle|Quark Drive|[silent]\n|move|p2b: Pincurchin|Poison Jab|p1a: Tatsugiri\n|-damage|p1a: Tatsugiri|22\/100 tox\n|\n|-heal|p1b: Cresselia|84\/100|[from] item: Leftovers\n|-damage|p1a: Tatsugiri|16\/100 tox|[from] psn\n|upkeep\n|\n|t:|1700334414\n|switch|p2a: Iron Moth|Iron Moth, L50|100\/100\n|-activate|p2a: Iron Moth|ability: Quark Drive\n|-start|p2a: Iron Moth|quarkdrivespa\n|turn|8\n|inactive|Sndusjshs has 30 seconds left.\n|inactive|VeeGey has 30 seconds left.\n|\n|t:|1700334446\n|move|p2b: Pincurchin|Sucker Punch|p1a: Tatsugiri\n|-damage|p1a: Tatsugiri|0 fnt\n|faint|p1a: Tatsugiri\n|move|p2a: Iron Moth|Sludge Wave|p1b: Cresselia|[spread] p2b,p1b\n|-damage|p2b: Pincurchin|0 fnt\n|-damage|p1b: Cresselia|45\/100\n|faint|p2b: Pincurchin\n|move|p1b: Cresselia|Light Screen|p1b: Cresselia\n|-sidestart|p1: Sndusjshs|move: Light Screen\n|\n|-heal|p1b: Cresselia|51\/100|[from] item: Leftovers\n|-fieldend|move: Electric Terrain\n|-end|p2a: Iron Moth|Quark Drive\n|upkeep\n|turn|9\n|-message|Sndusjshs forfeited.\n|\n|win|VeeGey\n|raw|Sndusjshs's rating: 1000 &rarr; <strong>1000<\/strong><br \/>(+0 for losing)\n|raw|VeeGey's rating: 1069 &rarr; <strong>1093<\/strong><br \/>(+24 for winning)\n|l|\u2606Sndusjshs\n","uploadtime":1700334458,"views":7,"p1id":"sndusjshs","p2id":"veegey","formatid":"gen9vgc2023regulatione","rating":1000,"private":0,"password":""}