{"id":"gen9vgc2023regulatione-1988934772","p1":"daddychuck","p2":"Bullema","format":"[Gen 9] VGC 2023 Regulation E","log":"|j|\u2606daddychuck\n|j|\u2606Bullema\n|t:|1699790626\n|gametype|doubles\n|player|p1|daddychuck|firebreather|1472\n|player|p2|Bullema|bugcatcher-gen4dp|1473\n|teamsize|p1|6\n|teamsize|p2|6\n|gen|9\n|tier|[Gen 9] VGC 2023 Regulation E\n|rated|\n|rule|Species Clause: Limit one of each Pok\u00e9mon\n|rule|Item Clause: Limit one of each item\n|clearpoke\n|poke|p1|Tornadus, L50, M|\n|poke|p1|Rillaboom, L50, M|\n|poke|p1|Urshifu-*, L50, F|\n|poke|p1|Gholdengo, L50|\n|poke|p1|Arcanine-Hisui, L50, F|\n|poke|p1|Regidrago, L50|\n|poke|p2|Cresselia, L50, F|\n|poke|p2|Iron Hands, L50|\n|poke|p2|Ursaluna-Bloodmoon, L50, M|\n|poke|p2|Zoroark-Hisui, L50, M|\n|poke|p2|Thundurus, L50, M|\n|poke|p2|Kingambit, L50, M|\n|teampreview|4\n|inactive|Battle timer is ON: inactive players will automatically lose when time's up. (requested by daddychuck)\n|inactive|Bullema has 60 seconds left.\n|\n|t:|1699790657\n|start\n|switch|p1a: Gholdengo|Gholdengo, L50|100\/100\n|switch|p1b: Urshifu|Urshifu-Rapid-Strike, L50, F|100\/100\n|switch|p2a: Iron Hands|Iron Hands, L50|100\/100\n|switch|p2b: Kingambit|Kingambit, L50, M|100\/100\n|turn|1\n|inactive|daddychuck has 30 seconds left.\n|\n|t:|1699790687\n|move|p2a: Iron Hands|Fake Out|p1b: Urshifu\n|-damage|p1b: Urshifu|87\/100\n|move|p2b: Kingambit|Shadow Ball|p1a: Gholdengo\n|-supereffective|p1a: Gholdengo\n|-damage|p1a: Gholdengo|19\/100\n|cant|p1b: Urshifu|flinch\n|move|p1a: Gholdengo|Trick|p2a: Iron Hands\n|-activate|p1a: Gholdengo|move: Trick|[of] p2a: Iron Hands\n|-item|p2a: Iron Hands|Choice Specs|[from] move: Trick\n|-item|p1a: Gholdengo|Assault Vest|[from] move: Trick\n|\n|upkeep\n|turn|2\n|inactive|daddychuck has 30 seconds left.\n|\n|t:|1699790721\n|switch|p1a: Rillaboom|Rillaboom, L50, M|100\/100\n|-fieldstart|move: Grassy Terrain|[from] ability: Grassy Surge|[of] p1a: Rillaboom\n|-terastallize|p1b: Urshifu|Water\n|move|p2b: Kingambit|Shadow Ball|p1a: Rillaboom\n|-damage|p1a: Rillaboom|68\/100\n|move|p1b: Urshifu|Surging Strikes|p2a: Iron Hands\n|-crit|p2a: Iron Hands\n|-damage|p2a: Iron Hands|76\/100\n|-crit|p2a: Iron Hands\n|-damage|p2a: Iron Hands|51\/100\n|-crit|p2a: Iron Hands\n|-damage|p2a: Iron Hands|29\/100\n|-hitcount|p2a: Iron Hands|3\n|move|p2a: Iron Hands|Wild Charge|p1b: Urshifu\n|-supereffective|p1b: Urshifu\n|-damage|p1b: Urshifu|0 fnt\n|faint|p1b: Urshifu\n|-damage|p2a: Iron Hands|12\/100|[from] Recoil\n|\n|-heal|p1a: Rillaboom|74\/100|[from] Grassy Terrain\n|-heal|p2a: Iron Hands|18\/100|[from] Grassy Terrain\n|upkeep\n|\n|t:|1699790733\n|switch|p1b: Arcanine|Arcanine-Hisui, L50, F|100\/100\n|-ability|p1b: Arcanine|Intimidate|boost\n|-unboost|p2a: Iron Hands|atk|1\n|-unboost|p2b: Kingambit|atk|1\n|turn|3\n|\n|t:|1699790752\n|-end|p2a: Iron Hands|Quark Drive|[silent]\n|switch|p2a: Cresselia|Cresselia, L50, F|100\/100\n|move|p1a: Rillaboom|Grassy Glide|p2b: Kingambit\n|-damage|p2b: Kingambit|21\/100\n|replace|p2b: Zoroark|Zoroark-Hisui, L50, M\n|-end|p2b: Zoroark|Illusion\n|move|p2b: Zoroark|Shadow Ball|p1b: Arcanine\n|-damage|p1b: Arcanine|54\/100\n|-unboost|p1b: Arcanine|spd|1\n|move|p1b: Arcanine|Rock Slide|p2a: Cresselia|[spread] p2a,p2b\n|-damage|p2a: Cresselia|78\/100\n|-damage|p2b: Zoroark|0 fnt\n|faint|p2b: Zoroark\n|\n|-heal|p1b: Arcanine|60\/100|[from] Grassy Terrain\n|-heal|p1a: Rillaboom|80\/100|[from] Grassy Terrain\n|upkeep\n|\n|t:|1699790760\n|switch|p2b: Kingambit|Kingambit, L50, M|100\/100\n|turn|4\n|\n|t:|1699790779\n|-terastallize|p2a: Cresselia|Poison\n|move|p2b: Kingambit|Protect|p2b: Kingambit\n|-singleturn|p2b: Kingambit|Protect\n|move|p1b: Arcanine|Rock Slide|p2b: Kingambit|[spread] p2a\n|-activate|p2b: Kingambit|move: Protect\n|-damage|p2a: Cresselia|57\/100\n|move|p1a: Rillaboom|High Horsepower|p2b: Kingambit\n|-activate|p2b: Kingambit|move: Protect\n|move|p2a: Cresselia|Trick Room|p2a: Cresselia\n|-fieldstart|move: Trick Room|[of] p2a: Cresselia\n|\n|-heal|p1a: Rillaboom|86\/100|[from] Grassy Terrain\n|-heal|p1b: Arcanine|67\/100|[from] Grassy Terrain\n|upkeep\n|turn|5\n|\n|t:|1699790789\n|move|p2b: Kingambit|Kowtow Cleave|p1b: Arcanine\n|-damage|p1b: Arcanine|0 fnt\n|faint|p1b: Arcanine\n|move|p2a: Cresselia|Psychic|p1a: Rillaboom\n|-damage|p1a: Rillaboom|67\/100\n|move|p1a: Rillaboom|High Horsepower|p2a: Cresselia\n|-immune|p2a: Cresselia|[from] ability: Levitate\n|\n|-heal|p1a: Rillaboom|72\/100|[from] Grassy Terrain\n|upkeep\n|\n|t:|1699790792\n|switch|p1b: Gholdengo|Gholdengo, L50|19\/100\n|turn|6\n|\n|t:|1699790802\n|move|p2b: Kingambit|Kowtow Cleave|p1b: Gholdengo\n|-supereffective|p1b: Gholdengo\n|-damage|p1b: Gholdengo|0 fnt\n|faint|p1b: Gholdengo\n|move|p2a: Cresselia|Lunar Blessing|p2a: Cresselia|[spread] p2a,p2b\n|-heal|p2a: Cresselia|82\/100\n|move|p1a: Rillaboom|High Horsepower|p2b: Kingambit\n|-supereffective|p2b: Kingambit\n|-damage|p2b: Kingambit|48\/100\n|\n|-heal|p2b: Kingambit|54\/100|[from] Grassy Terrain\n|-heal|p1a: Rillaboom|78\/100|[from] Grassy Terrain\n|-fieldend|move: Grassy Terrain\n|upkeep\n|turn|7\n|\n|t:|1699790812\n|move|p2b: Kingambit|Kowtow Cleave|p1a: Rillaboom\n|-damage|p1a: Rillaboom|30\/100\n|move|p2a: Cresselia|Lunar Blessing|p2a: Cresselia|[spread] p2a,p2b\n|-heal|p2a: Cresselia|100\/100\n|-heal|p2b: Kingambit|79\/100\n|move|p1a: Rillaboom|High Horsepower|p2b: Kingambit\n|-supereffective|p2b: Kingambit\n|-damage|p2b: Kingambit|31\/100\n|\n|upkeep\n|turn|8\n|-message|daddychuck forfeited.\n|\n|win|Bullema\n|raw|daddychuck's rating: 1472 &rarr; <strong>1452<\/strong><br \/>(-20 for losing)\n|raw|Bullema's rating: 1473 &rarr; <strong>1493<\/strong><br \/>(+20 for winning)\n","uploadtime":1699790828,"views":18,"p1id":"daddychuck","p2id":"bullema","formatid":"gen9vgc2023regulatione","rating":1452,"private":0,"password":""}