{"id":"gen9vgc2023regulatione-2000558137","p1":"Lurvas","p2":"FlexicanVGC","format":"[Gen 9] VGC 2023 Regulation E","log":"|j|\u2606Lurvas\n|j|\u2606FlexicanVGC\n|t:|1701205177\n|gametype|doubles\n|player|p1|Lurvas|alder|1294\n|player|p2|FlexicanVGC|cyrus|1263\n|teamsize|p1|6\n|teamsize|p2|6\n|gen|9\n|tier|[Gen 9] VGC 2023 Regulation E\n|rated|\n|rule|Species Clause: Limit one of each Pok\u00e9mon\n|rule|Item Clause: Limit one of each item\n|clearpoke\n|poke|p1|Urshifu-*, L50, M|\n|poke|p1|Rillaboom, L50, F|\n|poke|p1|Flutter Mane, L50|\n|poke|p1|Arcanine-Hisui, L50, F|\n|poke|p1|Chien-Pao, L50|\n|poke|p1|Tornadus, L50, M|\n|poke|p2|Weezing, L50, M|\n|poke|p2|Urshifu-*, L50, F|\n|poke|p2|Iron Hands, L50|\n|poke|p2|Landorus-Therian, L50, M|\n|poke|p2|Flutter Mane, L50|\n|poke|p2|Heatran, L50, F|\n|teampreview|4\nLurvas has agreed to open team sheets.\n|inactive|Battle timer is ON: inactive players will automatically lose when time's up. (requested by Lurvas)\n|\n|t:|1701205212\n|start\n|switch|p1a: Rillaboom|Rillaboom, L50, F|100\/100\n|switch|p1b: Arcanine|Arcanine-Hisui, L50, F|100\/100\n|switch|p2a: Weezing|Weezing, L50, M|100\/100\n|switch|p2b: Flutter Mane|Flutter Mane, L50|100\/100\n|-ability|p2a: Weezing|Neutralizing Gas\n|-enditem|p2b: Flutter Mane|Booster Energy\n|-activate|p2b: Flutter Mane|ability: Protosynthesis|[fromitem]\n|-start|p2b: Flutter Mane|protosynthesisspa\n|turn|1\n|\n|t:|1701205232\n|-end|p2b: Flutter Mane|Protosynthesis|[silent]\n|switch|p2b: Landorus|Landorus-Therian, L50, M|100\/100\n|-ability|p2b: Landorus|Intimidate|boost\n|-unboost|p1a: Rillaboom|atk|1\n|-unboost|p1b: Arcanine|atk|1\n|-terastallize|p2a: Weezing|Ghost\n|move|p1b: Arcanine|Rock Slide|p2a: Weezing|[spread] p2a,p2b\n|-damage|p2a: Weezing|75\/100\n|-damage|p2b: Landorus|70\/100\n|move|p1a: Rillaboom|Stomping Tantrum|p2a: Weezing\n|-damage|p2a: Weezing|62\/100\n|move|p2a: Weezing|Will-O-Wisp|p1a: Rillaboom\n|-status|p1a: Rillaboom|brn\n|\n|-damage|p1a: Rillaboom|95\/100 brn|[from] brn\n|upkeep\n|turn|2\n|\n|t:|1701205256\n|switch|p1b: Urshifu|Urshifu-Rapid-Strike, L50, M|100\/100\n|move|p2a: Weezing|Protect|p2a: Weezing\n|-singleturn|p2a: Weezing|Protect\n|move|p2b: Landorus|Stomping Tantrum|p1b: Urshifu\n|-damage|p1b: Urshifu|61\/100\n|move|p1a: Rillaboom|Drum Beating|p2a: Weezing\n|-activate|p2a: Weezing|move: Protect\n|\n|-damage|p1a: Rillaboom|89\/100 brn|[from] brn\n|upkeep\n|turn|3\n|\n|t:|1701205276\n|switch|p2b: Iron Hands|Iron Hands, L50|100\/100\n|move|p2a: Weezing|Protect||[still]\n|-fail|p2a: Weezing\n|move|p1b: Urshifu|Surging Strikes|p2b: Iron Hands\n|-crit|p2b: Iron Hands\n|-damage|p2b: Iron Hands|81\/100\n|-crit|p2b: Iron Hands\n|-damage|p2b: Iron Hands|63\/100\n|-crit|p2b: Iron Hands\n|-damage|p2b: Iron Hands|46\/100\n|-hitcount|p2b: Iron Hands|3\n|move|p1a: Rillaboom|Drum Beating|p2a: Weezing\n|-damage|p2a: Weezing|50\/100\n|-unboost|p2a: Weezing|spe|1\n|-enditem|p2a: Weezing|Sitrus Berry|[eat]\n|-heal|p2a: Weezing|75\/100|[from] item: Sitrus Berry\n|\n|-damage|p1a: Rillaboom|83\/100 brn|[from] brn\n|upkeep\n|turn|4\n|inactive|Lurvas has 30 seconds left.\n|\n|t:|1701205303\n|move|p2b: Iron Hands|Fake Out|p1b: Urshifu\n|-damage|p1b: Urshifu|45\/100\n|cant|p1b: Urshifu|flinch\n|move|p1a: Rillaboom|Stomping Tantrum|p2b: Iron Hands\n|-supereffective|p2b: Iron Hands\n|-damage|p2b: Iron Hands|33\/100\n|move|p2a: Weezing|Sludge Bomb|p1a: Rillaboom\n|-supereffective|p1a: Rillaboom\n|-damage|p1a: Rillaboom|43\/100 brn\n|\n|-damage|p1a: Rillaboom|37\/100 brn|[from] brn\n|upkeep\n|turn|5\n|inactive|FlexicanVGC has 30 seconds left.\n|\n|t:|1701205334\n|-end|p2b: Iron Hands|Quark Drive|[silent]\n|switch|p2b: Landorus|Landorus-Therian, L50, M|70\/100\n|-ability|p2b: Landorus|Intimidate|boost\n|-unboost|p1a: Rillaboom|atk|1\n|-unboost|p1b: Urshifu|atk|1\n|move|p1b: Urshifu|Surging Strikes|p2a: Weezing\n|-crit|p2a: Weezing\n|-damage|p2a: Weezing|56\/100\n|-crit|p2a: Weezing\n|-damage|p2a: Weezing|38\/100\n|-crit|p2a: Weezing\n|-damage|p2a: Weezing|20\/100\n|-hitcount|p2a: Weezing|3\n|move|p1a: Rillaboom|Stomping Tantrum|p2b: Landorus\n|-immune|p2b: Landorus\n|move|p2a: Weezing|Will-O-Wisp|p1b: Urshifu\n|-status|p1b: Urshifu|brn\n|\n|-damage|p1b: Urshifu|39\/100 brn|[from] brn\n|-damage|p1a: Rillaboom|31\/100 brn|[from] brn\n|upkeep\n|turn|6\n|inactive|Lurvas has 30 seconds left.\n|inactive|FlexicanVGC has 30 seconds left.\n|\n|t:|1701205363\n|-end|p2a: Weezing|ability: Neutralizing Gas\n|-fieldstart|move: Grassy Terrain|[from] ability: Grassy Surge|[of] p1a: Rillaboom\n|switch|p2a: Iron Hands|Iron Hands, L50|33\/100\n|move|p2b: Landorus|Protect|p2b: Landorus\n|-singleturn|p2b: Landorus|Protect\n|move|p1b: Urshifu|Surging Strikes|p2a: Iron Hands\n|-crit|p2a: Iron Hands\n|-damage|p2a: Iron Hands|24\/100\n|-crit|p2a: Iron Hands\n|-damage|p2a: Iron Hands|16\/100\n|-crit|p2a: Iron Hands\n|-damage|p2a: Iron Hands|6\/100\n|-hitcount|p2a: Iron Hands|3\n|move|p1a: Rillaboom|Drum Beating|p2b: Landorus\n|-activate|p2b: Landorus|move: Protect\n|\n|-heal|p1b: Urshifu|45\/100 brn|[from] Grassy Terrain\n|-heal|p1a: Rillaboom|37\/100 brn|[from] Grassy Terrain\n|-heal|p2a: Iron Hands|12\/100|[from] Grassy Terrain\n|-damage|p1b: Urshifu|39\/100 brn|[from] brn\n|-damage|p1a: Rillaboom|31\/100 brn|[from] brn\n|upkeep\n|turn|7\n|inactive|FlexicanVGC has 30 seconds left.\n|\n|t:|1701205388\n|switch|p1b: Arcanine|Arcanine-Hisui, L50, F|100\/100\n|-ability|p1b: Arcanine|Intimidate|boost\n|-unboost|p2a: Iron Hands|atk|1\n|-unboost|p2b: Landorus|atk|1\n|move|p2a: Iron Hands|Fake Out|p1b: Arcanine\n|-resisted|p1b: Arcanine\n|-damage|p1b: Arcanine|94\/100\n|move|p1a: Rillaboom|Grassy Glide|p2a: Iron Hands\n|-damage|p2a: Iron Hands|6\/100\n|move|p2b: Landorus|Stomping Tantrum|p1b: Arcanine\n|-supereffective|p1b: Arcanine\n|-damage|p1b: Arcanine|0 fnt\n|faint|p1b: Arcanine\n|\n|-heal|p1a: Rillaboom|37\/100 brn|[from] Grassy Terrain\n|-heal|p2a: Iron Hands|12\/100|[from] Grassy Terrain\n|-damage|p1a: Rillaboom|31\/100 brn|[from] brn\n|upkeep\n|\n|t:|1701205403\n|switch|p1b: Urshifu|Urshifu-Rapid-Strike, L50, M|39\/100 brn\n|turn|8\n|\n|t:|1701205425\n|switch|p1a: Flutter Mane|Flutter Mane, L50|100\/100\n|-enditem|p1a: Flutter Mane|Booster Energy\n|-activate|p1a: Flutter Mane|ability: Protosynthesis|[fromitem]\n|-start|p1a: Flutter Mane|protosynthesisspe\n|-end|p2a: Iron Hands|Quark Drive|[silent]\n|switch|p2a: Weezing|Weezing, L50, M, tera:Ghost|20\/100\n|-ability|p2a: Weezing|Neutralizing Gas\n|-block|p2b: Landorus|item: Ability Shield\n|move|p2b: Landorus|Protect|p2b: Landorus\n|-singleturn|p2b: Landorus|Protect\n|move|p1b: Urshifu|Aqua Jet|p2a: Weezing\n|-damage|p2a: Weezing|10\/100\n|\n|-heal|p1b: Urshifu|45\/100 brn|[from] Grassy Terrain\n|-heal|p2a: Weezing|16\/100|[from] Grassy Terrain\n|-damage|p1b: Urshifu|39\/100 brn|[from] brn\n|upkeep\n|turn|9\n|inactive|FlexicanVGC has 30 seconds left.\n|\n|t:|1701205450\n|switch|p2b: Iron Hands|Iron Hands, L50|12\/100\n|move|p1a: Flutter Mane|Shadow Ball|p2a: Weezing\n|-supereffective|p2a: Weezing\n|-damage|p2a: Weezing|0 fnt\n|faint|p2a: Weezing\n|-end|p2a: Weezing|ability: Neutralizing Gas\n|move|p1b: Urshifu|Surging Strikes|p2b: Iron Hands\n|-crit|p2b: Iron Hands\n|-damage|p2b: Iron Hands|3\/100\n|-crit|p2b: Iron Hands\n|-damage|p2b: Iron Hands|0 fnt\n|faint|p2b: Iron Hands\n|-end|p2b: Iron Hands|Quark Drive|[silent]\n|-hitcount|p2: Iron Hands|2\n|\n|-heal|p1b: Urshifu|45\/100 brn|[from] Grassy Terrain\n|-damage|p1b: Urshifu|39\/100 brn|[from] brn\n|upkeep\n|\n|t:|1701205457\n|switch|p2a: Landorus|Landorus-Therian, L50, M|70\/100\n|switch|p2b: Flutter Mane|Flutter Mane, L50|100\/100\n|-ability|p2a: Landorus|Intimidate|boost\n|-unboost|p1a: Flutter Mane|atk|1\n|-unboost|p1b: Urshifu|atk|1\n|turn|10\n|\n|t:|1701205478\n|move|p1b: Urshifu|Aqua Jet|p2b: Flutter Mane\n|-damage|p2b: Flutter Mane|89\/100\n|move|p1a: Flutter Mane|Shadow Ball|p2b: Flutter Mane\n|-supereffective|p2b: Flutter Mane\n|-damage|p2b: Flutter Mane|19\/100\n|move|p2b: Flutter Mane|Shadow Ball|p1b: Urshifu\n|-damage|p1b: Urshifu|0 fnt\n|faint|p1b: Urshifu\n|move|p2a: Landorus|Stomping Tantrum|p1a: Flutter Mane\n|-damage|p1a: Flutter Mane|29\/100\n|\n|-heal|p1a: Flutter Mane|36\/100|[from] Grassy Terrain\n|-heal|p2b: Flutter Mane|25\/100|[from] Grassy Terrain\n|-fieldend|move: Grassy Terrain\n|upkeep\n|\n|t:|1701205491\n|switch|p1b: Rillaboom|Rillaboom, L50, F|31\/100 brn\n|-fieldstart|move: Grassy Terrain|[from] ability: Grassy Surge|[of] p1b: Rillaboom\n|turn|11\n|\n|t:|1701205514\n|move|p2b: Flutter Mane|Protect|p2b: Flutter Mane\n|-singleturn|p2b: Flutter Mane|Protect\n|move|p1b: Rillaboom|Fake Out|p2a: Landorus\n|-damage|p2a: Landorus|62\/100\n|move|p1a: Flutter Mane|Shadow Ball|p2b: Flutter Mane\n|-activate|p2b: Flutter Mane|move: Protect\n|cant|p2a: Landorus|flinch\n|\n|-heal|p1a: Flutter Mane|42\/100|[from] Grassy Terrain\n|-heal|p2b: Flutter Mane|31\/100|[from] Grassy Terrain\n|-heal|p1b: Rillaboom|37\/100 brn|[from] Grassy Terrain\n|-damage|p1b: Rillaboom|31\/100 brn|[from] brn\n|upkeep\n|turn|12\n|\n|t:|1701205533\n|move|p1a: Flutter Mane|Shadow Ball|p2b: Flutter Mane\n|-supereffective|p2b: Flutter Mane\n|-damage|p2b: Flutter Mane|0 fnt\n|faint|p2b: Flutter Mane\n|-end|p2b: Flutter Mane|Protosynthesis|[silent]\n|move|p2a: Landorus|Stomping Tantrum|p1a: Flutter Mane\n|-damage|p1a: Flutter Mane|0 fnt\n|faint|p1a: Flutter Mane\n|-end|p1a: Flutter Mane|Protosynthesis|[silent]\n|move|p1b: Rillaboom|Drum Beating|p2a: Landorus\n|-crit|p2a: Landorus\n|-damage|p2a: Landorus|17\/100\n|-unboost|p2a: Landorus|spe|1\n|\n|-heal|p1b: Rillaboom|37\/100 brn|[from] Grassy Terrain\n|-damage|p1b: Rillaboom|31\/100 brn|[from] brn\n|upkeep\n|turn|13\n|\n|t:|1701205548\n|move|p2a: Landorus|Protect|p2a: Landorus\n|-singleturn|p2a: Landorus|Protect\n|move|p1b: Rillaboom|Drum Beating|p2a: Landorus\n|-activate|p2a: Landorus|move: Protect\n|\n|-heal|p1b: Rillaboom|37\/100 brn|[from] Grassy Terrain\n|-damage|p1b: Rillaboom|31\/100 brn|[from] brn\n|upkeep\n|turn|14\n|\n|t:|1701205559\n|move|p1b: Rillaboom|Drum Beating|p2a: Landorus\n|-damage|p2a: Landorus|0 fnt\n|faint|p2a: Landorus\n|\n|win|Lurvas\n|raw|Lurvas's rating: 1294 &rarr; <strong>1317<\/strong><br \/>(+23 for winning)\n|raw|FlexicanVGC's rating: 1263 &rarr; <strong>1240<\/strong><br \/>(-23 for losing)\n|c|\u2606Lurvas|gg\n","uploadtime":1701205572,"views":4,"p1id":"lurvas","p2id":"flexicanvgc","formatid":"gen9vgc2023regulatione","rating":1240,"private":0,"password":""}