{"id":"gen9vgc2023regulatione-1992664812","p1":"aquartertwo","p2":"fairylilipad","format":"[Gen 9] VGC 2023 Regulation E","log":"|j|\u2606aquartertwo\n|j|\u2606fairylilipad\n|n|\u2606aquartertwo|aquartertwo\n|n|\u2606fairylilipad|fairylilipad\n|html|View the match progress at <a href=\"\/game-bestof3-gen9vgc2023regulatione-1992661625\">game-bestof3-gen9vgc2023regulatione-1992661625<\/a>\n|t:|1700222412\n|gametype|doubles\n|player|p1|aquartertwo|clerk|\n|player|p2|fairylilipad|guitarist|\n|teamsize|p1|6\n|teamsize|p2|6\n|gen|9\n|tier|[Gen 9] VGC 2023 Regulation E\n|rule|Species Clause: Limit one of each Pok\u00e9mon\n|rule|Item Clause: Limit one of each item\n|clearpoke\n|poke|p1|Tornadus, L50, M|\n|poke|p1|Flutter Mane, L50|\n|poke|p1|Regidrago, L50|\n|poke|p1|Heatran, L50, F|\n|poke|p1|Urshifu-*, L50, F|\n|poke|p1|Farigiraf, L50, M|\n|poke|p2|Weezing, L50, M|\n|poke|p2|Roaring Moon, L50|\n|poke|p2|Flutter Mane, L50|\n|poke|p2|Ogerpon-Hearthflame, L50, F|\n|poke|p2|Rillaboom, L50, M|\n|poke|p2|Urshifu-*, L50, M|\n|teampreview|4\nfairylilipad has agreed to open team sheets.\naquartertwo has agreed to open team sheets.\n|showteam|p1|Tornadus||MentalHerb|Prankster|BleakwindStorm,Tailwind,SunnyDay,Protect|||M|||50|,,,,,Ghost]Flutter Mane||BoosterEnergy|Protosynthesis|DazzlingGleam,ShadowBall,Substitute,Protect||||||50|,,,,,Water]Regidrago||DragonFang|DragonsMaw|DragonEnergy,DracoMeteor,EarthPower,Protect||||||50|,,,,,Poison]Heatran||LifeOrb|FlashFire|HeatWave,FlashCannon,EarthPower,Protect|||F|||50|,,,,,Fairy]Urshifu||ChoiceScarf|UnseenFist|WickedBlow,SuckerPunch,CloseCombat,IronHead|||F|||50|,,,,,Dark]Farigiraf||RockyHelmet|ArmorTail|Psychic,DazzlingGleam,TrickRoom,Imprison|||M|||50|,,,,,Fairy\n|showteam|p2|Weezing||SitrusBerry|NeutralizingGas|WillOWisp,Taunt,GunkShot,Protect|||M|||50|,,,,,Ghost]Roaring Moon||BoosterEnergy|Protosynthesis|BreakingSwipe,Tailwind,KnockOff,Protect||||||50|,,,,,Poison]Flutter Mane||ChoiceSpecs|Protosynthesis|Thunderbolt,DazzlingGleam,ShadowBall,Moonblast||||||50|,,,,,Fairy]Ogerpon-Hearthflame||HearthflameMask|MoldBreaker|IvyCudgel,GrassyGlide,HornLeech,SpikyShield|||F|||50|,,,,,Fire]Rillaboom||AssaultVest|GrassySurge|FakeOut,HighHorsepower,WoodHammer,GrassyGlide|||M|||50|,,,,,Fire]Urshifu-Rapid-Strike||ChoiceScarf|UnseenFist|SurgingStrikes,CloseCombat,AquaJet,Uturn|||M|||50|,,,,,Water\n|\n|t:|1700222468\n|start\n|switch|p1a: Tornadus|Tornadus, L50, M|100\/100\n|switch|p1b: Flutter Mane|Flutter Mane, L50|100\/100\n|switch|p2a: Roaring Moon|Roaring Moon, L50|100\/100\n|switch|p2b: Urshifu|Urshifu-Rapid-Strike, L50, M|100\/100\n|-enditem|p1b: Flutter Mane|Booster Energy\n|-activate|p1b: Flutter Mane|ability: Protosynthesis|[fromitem]\n|-start|p1b: Flutter Mane|protosynthesisspa\n|-enditem|p2a: Roaring Moon|Booster Energy\n|-activate|p2a: Roaring Moon|ability: Protosynthesis|[fromitem]\n|-start|p2a: Roaring Moon|protosynthesisspe\n|turn|1\n|\n|t:|1700222547\n|switch|p2b: Rillaboom|Rillaboom, L50, M|100\/100\n|-fieldstart|move: Grassy Terrain|[from] ability: Grassy Surge|[of] p2b: Rillaboom\n|-terastallize|p2a: Roaring Moon|Poison\n|-terastallize|p1b: Flutter Mane|Water\n|move|p1a: Tornadus|Tailwind|p1a: Tornadus\n|-sidestart|p1: aquartertwo|move: Tailwind\n|move|p1b: Flutter Mane|Dazzling Gleam|p2b: Rillaboom|[spread] p2a,p2b\n|-resisted|p2a: Roaring Moon\n|-crit|p2a: Roaring Moon\n|-crit|p2b: Rillaboom\n|-damage|p2a: Roaring Moon|73\/100\n|-damage|p2b: Rillaboom|59\/100\n|move|p2a: Roaring Moon|Tailwind|p2a: Roaring Moon\n|-sidestart|p2: fairylilipad|move: Tailwind\n|\n|-heal|p2a: Roaring Moon|79\/100|[from] Grassy Terrain\n|-heal|p2b: Rillaboom|65\/100|[from] Grassy Terrain\n|upkeep\n|turn|2\n|\n|t:|1700222580\n|-end|p1b: Flutter Mane|Protosynthesis|[silent]\n|switch|p1b: Heatran|Heatran, L50, F|100\/100\n|move|p2b: Rillaboom|Grassy Glide|p1a: Tornadus\n|-resisted|p1a: Tornadus\n|-damage|p1a: Tornadus|75\/100\n|move|p2a: Roaring Moon|Knock Off|p1a: Tornadus\n|-damage|p1a: Tornadus|2\/100\n|-enditem|p1a: Tornadus|Mental Herb|[from] move: Knock Off|[of] p2a: Roaring Moon\n|move|p1a: Tornadus|Bleakwind Storm|p2a: Roaring Moon|[spread] p2a,p2b\n|-supereffective|p2b: Rillaboom\n|-damage|p2a: Roaring Moon|48\/100\n|-damage|p2b: Rillaboom|18\/100\n|-unboost|p2a: Roaring Moon|spe|1\n|\n|-heal|p2a: Roaring Moon|54\/100|[from] Grassy Terrain\n|-heal|p2b: Rillaboom|24\/100|[from] Grassy Terrain\n|upkeep\n|turn|3\n|\n|t:|1700222631\n|switch|p2b: Urshifu|Urshifu-Rapid-Strike, L50, M|100\/100\n|move|p2a: Roaring Moon|Protect|p2a: Roaring Moon\n|-singleturn|p2a: Roaring Moon|Protect\n|move|p1a: Tornadus|Sunny Day|p1a: Tornadus\n|-weather|SunnyDay\n|move|p1b: Heatran|Heat Wave|p2b: Urshifu|[spread] p2b\n|-activate|p2a: Roaring Moon|move: Protect\n|-resisted|p2b: Urshifu\n|-damage|p2b: Urshifu|45\/100\n|-damage|p1b: Heatran|91\/100|[from] item: Life Orb\n|\n|-weather|SunnyDay|[upkeep]\n|-heal|p2b: Urshifu|51\/100|[from] Grassy Terrain\n|-heal|p2a: Roaring Moon|59\/100|[from] Grassy Terrain\n|-heal|p1b: Heatran|97\/100|[from] Grassy Terrain\n|upkeep\n|turn|4\n|\n|t:|1700222718\n|move|p1a: Tornadus|Protect|p1a: Tornadus\n|-singleturn|p1a: Tornadus|Protect\n|move|p2b: Urshifu|Surging Strikes|p1b: Heatran\n|-supereffective|p1b: Heatran\n|-crit|p1b: Heatran\n|-damage|p1b: Heatran|76\/100\n|-supereffective|p1b: Heatran\n|-crit|p1b: Heatran\n|-damage|p1b: Heatran|57\/100\n|-supereffective|p1b: Heatran\n|-crit|p1b: Heatran\n|-damage|p1b: Heatran|38\/100\n|-hitcount|p1b: Heatran|3\n|move|p2a: Roaring Moon|Knock Off|p1a: Tornadus\n|-activate|p1a: Tornadus|move: Protect\n|move|p1b: Heatran|Heat Wave|p2b: Urshifu|[spread] p2b\n|-miss|p1b: Heatran|p2a: Roaring Moon\n|-resisted|p2b: Urshifu\n|-damage|p2b: Urshifu|0 fnt\n|faint|p2b: Urshifu\n|-damage|p1b: Heatran|28\/100|[from] item: Life Orb\n|\n|-weather|SunnyDay|[upkeep]\n|-heal|p2a: Roaring Moon|65\/100|[from] Grassy Terrain\n|-heal|p1b: Heatran|34\/100|[from] Grassy Terrain\n|-sideend|p1: aquartertwo|move: Tailwind\n|-sideend|p2: fairylilipad|move: Tailwind\n|upkeep\n|\n|t:|1700222742\n|switch|p2b: Rillaboom|Rillaboom, L50, M|24\/100\n|turn|5\n|c|\u2606aquartertwo|brb 2 mins\n|c|\u2606fairylilipad|ayt\n|\n|t:|1700222848\n|switch|p1a: Regidrago|Regidrago, L50|100\/100\n|move|p2b: Rillaboom|Fake Out|p1a: Regidrago\n|-damage|p1a: Regidrago|86\/100\n|move|p2a: Roaring Moon|Knock Off|p1b: Heatran\n|-damage|p1b: Heatran|0 fnt\n|-enditem|p1b: Heatran|Life Orb|[from] move: Knock Off|[of] p2a: Roaring Moon\n|faint|p1b: Heatran\n|\n|-weather|SunnyDay|[upkeep]\n|-heal|p2a: Roaring Moon|71\/100|[from] Grassy Terrain\n|-heal|p1a: Regidrago|93\/100|[from] Grassy Terrain\n|-heal|p2b: Rillaboom|29\/100|[from] Grassy Terrain\n|-fieldend|move: Grassy Terrain\n|upkeep\n|\n|t:|1700222862\n|switch|p1b: Tornadus|Tornadus, L50, M|2\/100\n|turn|6\n|\n|t:|1700222875\n|switch|p2b: Flutter Mane|Flutter Mane, L50|100\/100\n|-activate|p2b: Flutter Mane|ability: Protosynthesis\n|-start|p2b: Flutter Mane|protosynthesisspe\n|move|p1b: Tornadus|Tailwind|p1b: Tornadus\n|-sidestart|p1: aquartertwo|move: Tailwind\n|move|p1a: Regidrago|Dragon Energy|p2b: Flutter Mane|[spread] p2a\n|-immune|p2b: Flutter Mane\n|-damage|p2a: Roaring Moon|0 fnt\n|faint|p2a: Roaring Moon\n|-end|p2a: Roaring Moon|Protosynthesis|[silent]\n|\n|-weather|SunnyDay|[upkeep]\n|upkeep\n|\n|t:|1700222886\n|switch|p2a: Rillaboom|Rillaboom, L50, M|29\/100\n|-fieldstart|move: Grassy Terrain|[from] ability: Grassy Surge|[of] p2a: Rillaboom\n|turn|7\n|\n|t:|1700222968\n|move|p1b: Tornadus|Protect|p1b: Tornadus\n|-singleturn|p1b: Tornadus|Protect\n|move|p2a: Rillaboom|Fake Out|p1b: Tornadus\n|-activate|p1b: Tornadus|move: Protect\n|move|p2b: Flutter Mane|Dazzling Gleam|p1b: Tornadus|[spread] p1a\n|-activate|p1b: Tornadus|move: Protect\n|-supereffective|p1a: Regidrago\n|-damage|p1a: Regidrago|0 fnt\n|faint|p1a: Regidrago\n|\n|-weather|none\n|-end|p2b: Flutter Mane|Protosynthesis\n|-heal|p2a: Rillaboom|35\/100|[from] Grassy Terrain\n|upkeep\n|\n|t:|1700222981\n|switch|p1a: Flutter Mane|Flutter Mane, L50, tera:Water|100\/100\n|turn|8\n|\n|t:|1700222997\n|move|p2a: Rillaboom|Grassy Glide|p1a: Flutter Mane\n|-supereffective|p1a: Flutter Mane\n|-damage|p1a: Flutter Mane|0 fnt\n|faint|p1a: Flutter Mane\n|-end|p1a: Flutter Mane|Protosynthesis|[silent]\n|move|p1b: Tornadus|Bleakwind Storm|p2b: Flutter Mane|[spread] p2a,p2b\n|-supereffective|p2a: Rillaboom\n|-damage|p2a: Rillaboom|0 fnt\n|-damage|p2b: Flutter Mane|67\/100\n|faint|p2a: Rillaboom\n|move|p2b: Flutter Mane|Dazzling Gleam|p1b: Tornadus\n|-damage|p1b: Tornadus|0 fnt\n|faint|p1b: Tornadus\n|\n|win|fairylilipad\n|inactive|aquartertwo has 50 seconds to confirm battle start!\n|inactive|fairylilipad has 50 seconds to confirm battle start!\n|c|\u2606aquartertwo|wait lang\n|c|\u2606fairylilipad|ayt\n|inactive|aquartertwo has 40 seconds to confirm battle start!\n|inactive|fairylilipad has 40 seconds to confirm battle start!\n|c|&|\/uhtml prompt-fairylilipad,fairylilipad is ready for game 3!\n|inactive|aquartertwo has 30 seconds to confirm battle start!\n|inactive|aquartertwo has 20 seconds to confirm battle start!\n|inactive|aquartertwo has 10 seconds to confirm battle start!\n|c|&|\/uhtml prompt-aquartertwo,aquartertwo is ready for game 3!\nBoth players are ready! Starting next match!\n","uploadtime":1700223397,"views":16,"p1id":"aquartertwo","p2id":"fairylilipad","formatid":"gen9vgc2023regulatione","rating":0,"private":0,"password":""}