{"id":"gen9vgc2023regulatione-1990728160","p1":"Dilly-Jo","p2":"don drapion","format":"[Gen 9] VGC 2023 Regulation E","log":"|j|\u2606Dilly-Jo\n|j|\u2606don drapion\n|t:|1699995332\n|gametype|doubles\n|player|p1|Dilly-Jo|101|1367\n|player|p2|don drapion|2|1280\n|teamsize|p1|6\n|teamsize|p2|6\n|gen|9\n|tier|[Gen 9] VGC 2023 Regulation E\n|rated|\n|rule|Species Clause: Limit one of each Pok\u00e9mon\n|rule|Item Clause: Limit one of each item\n|clearpoke\n|poke|p1|Torkoal, L50, M|\n|poke|p1|Dachsbun, L50, F|\n|poke|p1|Chi-Yu, L50|\n|poke|p1|Flutter Mane, L50|\n|poke|p1|Brute Bonnet, L50|\n|poke|p1|Great Tusk, L50|\n|poke|p2|Sinistcha-Masterpiece, L50|\n|poke|p2|Iron Hands, L50|\n|poke|p2|Typhlosion-Hisui, L50, F|\n|poke|p2|Corviknight, L50, F|\n|poke|p2|Grimmsnarl, L50, M|\n|poke|p2|Roaring Moon, L50|\n|teampreview|4\nDilly-Jo has agreed to open team sheets.\ndon drapion rejected open team sheets.\n|\n|t:|1699995372\n|start\n|switch|p1a: Torkoal|Torkoal, L50, M|100\/100\n|switch|p1b: Flutter Mane|Flutter Mane, L50|100\/100\n|switch|p2a: Iron Hands|Iron Hands, L50|100\/100\n|switch|p2b: Grimmsnarl|Grimmsnarl, L50, M|100\/100\n|-weather|SunnyDay|[from] ability: Drought|[of] p1a: Torkoal\n|-activate|p1b: Flutter Mane|ability: Protosynthesis\n|-start|p1b: Flutter Mane|protosynthesisspe\n|turn|1\n|inactive|Battle timer is ON: inactive players will automatically lose when time's up. (requested by Dilly-Jo)\n|\n|t:|1699995396\n|-terastallize|p1b: Flutter Mane|Fairy\n|-terastallize|p2a: Iron Hands|Fire\n|move|p1a: Torkoal|Helping Hand|p1b: Flutter Mane\n|-singleturn|p1b: Flutter Mane|Helping Hand|[of] p1a: Torkoal\n|move|p1b: Flutter Mane|Dazzling Gleam|p2b: Grimmsnarl|[spread] p2a,p2b\n|-resisted|p2a: Iron Hands\n|-supereffective|p2b: Grimmsnarl\n|-enditem|p2b: Grimmsnarl|Roseli Berry|[eat]\n|-enditem|p2b: Grimmsnarl|Roseli Berry|[weaken]\n|-damage|p2a: Iron Hands|59\/100\n|-damage|p2b: Grimmsnarl|0 fnt\n|faint|p2b: Grimmsnarl\n|move|p2a: Iron Hands|Drain Punch|p1a: Torkoal\n|-damage|p1a: Torkoal|73\/100\n|-heal|p2a: Iron Hands|70\/100|[from] drain|[of] p1a: Torkoal\n|\n|-weather|SunnyDay|[upkeep]\n|upkeep\n|\n|t:|1699995414\n|switch|p2b: Corviknight|Corviknight, L50, F|100\/100\n|turn|2\n|\n|t:|1699995435\n|-end|p1b: Flutter Mane|Protosynthesis|[silent]\n|switch|p1b: Chi-Yu|Chi-Yu, L50|100\/100\n|-ability|p1b: Chi-Yu|Beads of Ruin\n|switch|p2b: Roaring Moon|Roaring Moon, L50|100\/100\n|-activate|p2b: Roaring Moon|ability: Protosynthesis\n|-start|p2b: Roaring Moon|protosynthesisatk\n|move|p1a: Torkoal|Protect|p1a: Torkoal\n|-singleturn|p1a: Torkoal|Protect\n|move|p2a: Iron Hands|Wild Charge|p1b: Chi-Yu\n|-damage|p1b: Chi-Yu|17\/100\n|-damage|p2a: Iron Hands|58\/100|[from] Recoil\n|\n|-weather|SunnyDay|[upkeep]\n|upkeep\n|turn|3\n|inactive|Dilly-Jo has 30 seconds left.\n|inactive|don drapion has 30 seconds left.\n|\n|t:|1699995467\n|switch|p1a: Brute Bonnet|Brute Bonnet, L50|100\/100\n|-activate|p1a: Brute Bonnet|ability: Protosynthesis\n|-start|p1a: Brute Bonnet|protosynthesisatk\n|move|p2b: Roaring Moon|Tailwind|p2b: Roaring Moon\n|-sidestart|p2: don drapion|move: Tailwind\n|move|p1b: Chi-Yu|Dark Pulse|p2a: Iron Hands\n|-damage|p2a: Iron Hands|0 fnt\n|faint|p2a: Iron Hands\n|-end|p2a: Iron Hands|Quark Drive|[silent]\n|-damage|p1b: Chi-Yu|7\/100|[from] item: Life Orb\n|\n|-weather|SunnyDay|[upkeep]\n|upkeep\n|\n|t:|1699995478\n|switch|p2a: Corviknight|Corviknight, L50, F|100\/100\n|turn|4\n|\n|t:|1699995500\n|move|p2b: Roaring Moon|Breaking Swipe|p1a: Brute Bonnet|[spread] p1a,p1b\n|-damage|p1a: Brute Bonnet|73\/100\n|-damage|p1b: Chi-Yu|0 fnt\n|-unboost|p1a: Brute Bonnet|atk|1\n|faint|p1b: Chi-Yu\n|move|p2a: Corviknight|Taunt|p1a: Brute Bonnet\n|-start|p1a: Brute Bonnet|move: Taunt\n|cant|p1a: Brute Bonnet|move: Taunt|Spore\n|\n|-weather|SunnyDay|[upkeep]\n|upkeep\n|\n|t:|1699995511\n|switch|p1b: Torkoal|Torkoal, L50, M|73\/100\n|turn|5\n|\n|t:|1699995534\n|move|p1a: Brute Bonnet|Sucker Punch|p2b: Roaring Moon\n|-resisted|p2b: Roaring Moon\n|-damage|p2b: Roaring Moon|81\/100\n|move|p2b: Roaring Moon|Rock Slide|p1b: Torkoal|[spread] p1a,p1b\n|-supereffective|p1b: Torkoal\n|-damage|p1a: Brute Bonnet|51\/100\n|-damage|p1b: Torkoal|44\/100\n|move|p2a: Corviknight|Brave Bird|p1b: Torkoal\n|-damage|p1b: Torkoal|13\/100\n|-damage|p2a: Corviknight|91\/100|[from] Recoil\n|cant|p1b: Torkoal|flinch\n|\n|-weather|none\n|-end|p2b: Roaring Moon|Protosynthesis\n|-end|p1a: Brute Bonnet|Protosynthesis\n|upkeep\n|-enditem|p2b: Roaring Moon|Booster Energy\n|-activate|p2b: Roaring Moon|ability: Protosynthesis|[fromitem]\n|-start|p2b: Roaring Moon|protosynthesisatk\n|turn|6\n|inactive|Dilly-Jo has 30 seconds left.\n|\n|t:|1699995566\n|move|p1b: Torkoal|Protect|p1b: Torkoal\n|-singleturn|p1b: Torkoal|Protect\n|move|p1a: Brute Bonnet|Sucker Punch|p2a: Corviknight\n|-damage|p2a: Corviknight|64\/100\n|move|p2b: Roaring Moon|Breaking Swipe|p1a: Brute Bonnet|[spread] p1a\n|-activate|p1b: Torkoal|move: Protect\n|-damage|p1a: Brute Bonnet|28\/100\n|-unboost|p1a: Brute Bonnet|atk|1\n|move|p2a: Corviknight|Brave Bird|p1a: Brute Bonnet\n|-supereffective|p1a: Brute Bonnet\n|-damage|p1a: Brute Bonnet|0 fnt\n|faint|p1a: Brute Bonnet\n|-end|p1a: Brute Bonnet|Protosynthesis|[silent]\n|-damage|p2a: Corviknight|54\/100|[from] Recoil\n|\n|-sideend|p2: don drapion|move: Tailwind\n|upkeep\n|\n|t:|1699995581\n|switch|p1a: Flutter Mane|Flutter Mane, L50, tera:Fairy|100\/100\n|turn|7\n|\n|t:|1699995602\n|move|p1b: Torkoal|Helping Hand|p1a: Flutter Mane\n|-singleturn|p1a: Flutter Mane|Helping Hand|[of] p1b: Torkoal\n|move|p1a: Flutter Mane|Moonblast|p2a: Corviknight\n|-resisted|p2a: Corviknight\n|-damage|p2a: Corviknight|0 fnt\n|faint|p2a: Corviknight\n|move|p2b: Roaring Moon|Rock Slide|p1b: Torkoal|[spread] p1a,p1b\n|-supereffective|p1b: Torkoal\n|-damage|p1a: Flutter Mane|45\/100\n|-damage|p1b: Torkoal|0 fnt\n|faint|p1b: Torkoal\n|\n|upkeep\n|turn|8\n|\n|t:|1699995616\n|move|p1a: Flutter Mane|Moonblast|p2b: Roaring Moon\n|-supereffective|p2b: Roaring Moon\n|-damage|p2b: Roaring Moon|0 fnt\n|faint|p2b: Roaring Moon\n|-end|p2b: Roaring Moon|Protosynthesis|[silent]\n|\n|win|Dilly-Jo\n|raw|Dilly-Jo's rating: 1367 &rarr; <strong>1382<\/strong><br \/>(+15 for winning)\n|raw|don drapion's rating: 1280 &rarr; <strong>1261<\/strong><br \/>(-19 for losing)\n|l|\u2606don drapion\n","uploadtime":1699995622,"views":7,"p1id":"dillyjo","p2id":"dondrapion","formatid":"gen9vgc2023regulatione","rating":1261,"private":0,"password":""}