{"id":"gen9vgc2023regulatione-1997821515","p1":"samo00001","p2":"Treecko25","format":"[Gen 9] VGC 2023 Regulation E","log":"|j|\u2606samo00001\n|j|\u2606Treecko25\n|t:|1700856358\n|gametype|doubles\n|player|p1|samo00001|2|1200\n|player|p2|Treecko25|hilda|1266\n|teamsize|p1|6\n|teamsize|p2|6\n|gen|9\n|tier|[Gen 9] VGC 2023 Regulation E\n|rated|\n|rule|Species Clause: Limit one of each Pok\u00e9mon\n|rule|Item Clause: Limit one of each item\n|clearpoke\n|poke|p1|Murkrow, L50, M|\n|poke|p1|Iron Valiant, L50|\n|poke|p1|Rillaboom, L50, F|\n|poke|p1|Landorus-Therian, L50, M|\n|poke|p1|Urshifu-*, L50, M|\n|poke|p1|Heatran, L50, M|\n|poke|p2|Landorus-Therian, L50, M|\n|poke|p2|Ogerpon-Hearthflame, L50, F|\n|poke|p2|Rillaboom, L50, F|\n|poke|p2|Urshifu-*, L50, F|\n|poke|p2|Flutter Mane, L50|\n|poke|p2|Clefairy, L50, F|\n|teampreview|4\n|inactive|Battle timer is ON: inactive players will automatically lose when time's up. (requested by Treecko25)\n|inactive|samo00001 has 60 seconds left.\n|\n|t:|1700856397\n|start\n|switch|p1a: Murkrow|Murkrow, L50, M|100\/100\n|switch|p1b: Heatran|Heatran, L50, M|100\/100\n|switch|p2a: Flutter Mane|Flutter Mane, L50, shiny|100\/100\n|switch|p2b: Rillaboom|Rillaboom, L50, F|100\/100\n|-fieldstart|move: Grassy Terrain|[from] ability: Grassy Surge|[of] p2b: Rillaboom\n|turn|1\n|\n|t:|1700856411\n|move|p1b: Heatran|Protect|p1b: Heatran\n|-singleturn|p1b: Heatran|Protect\n|move|p2b: Rillaboom|Fake Out|p1b: Heatran\n|-activate|p1b: Heatran|move: Protect\n|move|p1a: Murkrow|Tailwind|p1a: Murkrow\n|-sidestart|p1: samo00001|move: Tailwind\n|move|p2a: Flutter Mane|Icy Wind|p1b: Heatran|[spread] p1a\n|-activate|p1b: Heatran|move: Protect\n|-supereffective|p1a: Murkrow\n|-damage|p1a: Murkrow|67\/100\n|-unboost|p1a: Murkrow|spe|1\n|\n|upkeep\n|turn|2\n|\n|t:|1700856431\n|move|p2a: Flutter Mane|Protect|p2a: Flutter Mane\n|-singleturn|p2a: Flutter Mane|Protect\n|move|p1a: Murkrow|Quash|p2a: Flutter Mane\n|-activate|p2a: Flutter Mane|move: Protect\n|move|p1b: Heatran|Flash Cannon|p2a: Flutter Mane\n|-activate|p2a: Flutter Mane|move: Protect\n|move|p2b: Rillaboom|U-turn|p1a: Murkrow\n|-damage|p1a: Murkrow|41\/100\n|\n|t:|1700856442\n|switch|p2b: Urshifu|Urshifu-Rapid-Strike, L50, F|100\/100|[from] U-turn\n|\n|upkeep\n|turn|3\n|inactive|samo00001 has 30 seconds left.\n|\n|t:|1700856471\n|switch|p1b: Rillaboom|Rillaboom, L50, F|100\/100\n|-end|p2a: Flutter Mane|Protosynthesis|[silent]\n|switch|p2a: Rillaboom|Rillaboom, L50, F|100\/100\n|-terastallize|p2b: Urshifu|Water\n|move|p1a: Murkrow|Foul Play|p2b: Urshifu\n|-damage|p2b: Urshifu|60\/100\n|move|p2b: Urshifu|Surging Strikes|p1a: Murkrow\n|-crit|p1a: Murkrow\n|-damage|p1a: Murkrow|6\/100\n|-crit|p1a: Murkrow\n|-damage|p1a: Murkrow|0 fnt\n|faint|p1a: Murkrow\n|-hitcount|p1: Murkrow|2\n|\n|-heal|p2b: Urshifu|66\/100|[from] Grassy Terrain\n|upkeep\n|\n|t:|1700856486\n|switch|p1a: Landorus|Landorus-Therian, L50, M|100\/100\n|-ability|p1a: Landorus|Intimidate|boost\n|-unboost|p2a: Rillaboom|atk|1\n|-unboost|p2b: Urshifu|atk|1\n|turn|4\n|inactive|samo00001 has 30 seconds left.\n|\n|t:|1700856512\n|switch|p2b: Landorus|Landorus-Therian, L50, M|100\/100\n|-ability|p2b: Landorus|Intimidate|boost\n|-unboost|p1a: Landorus|atk|1\n|-unboost|p1b: Rillaboom|atk|1\n|move|p1b: Rillaboom|Fake Out|p2b: Landorus\n|-damage|p2b: Landorus|90\/100\n|move|p2a: Rillaboom|Fake Out|p1a: Landorus\n|-damage|p1a: Landorus|91\/100\n|cant|p1a: Landorus|flinch\n|\n|-sideend|p1: samo00001|move: Tailwind\n|upkeep\n|turn|5\n|inactive|samo00001 has 30 seconds left.\n|inactive|samo00001 has 20 seconds left.\n|inactive|samo00001 has 15 seconds left.\n|\n|t:|1700856557\n|move|p1a: Landorus|U-turn|p2a: Rillaboom\n|-supereffective|p2a: Rillaboom\n|-damage|p2a: Rillaboom|71\/100\n|\n|t:|1700856559\n|switch|p1a: Heatran|Heatran, L50, M|100\/100|[from] U-turn\n|move|p2b: Landorus|U-turn|p1b: Rillaboom\n|-supereffective|p1b: Rillaboom\n|-damage|p1b: Rillaboom|47\/100\n|\n|t:|1700856567\n|switch|p2b: Urshifu|Urshifu-Rapid-Strike, L50, F, tera:Water|66\/100|[from] U-turn\n|move|p1b: Rillaboom|U-turn|p2a: Rillaboom\n|-supereffective|p2a: Rillaboom\n|-damage|p2a: Rillaboom|43\/100\n|\n|t:|1700856572\n|switch|p1b: Landorus|Landorus-Therian, L50, M|91\/100|[from] U-turn\n|-ability|p1b: Landorus|Intimidate|boost\n|-unboost|p2a: Rillaboom|atk|1\n|-unboost|p2b: Urshifu|atk|1\n|move|p2a: Rillaboom|Wood Hammer|p1a: Heatran\n|-resisted|p1a: Heatran\n|-damage|p1a: Heatran|92\/100\n|-damage|p2a: Rillaboom|40\/100|[from] Recoil\n|\n|-heal|p2b: Urshifu|72\/100|[from] Grassy Terrain\n|-heal|p2a: Rillaboom|46\/100|[from] Grassy Terrain\n|-heal|p1a: Heatran|98\/100|[from] Grassy Terrain\n|-fieldend|move: Grassy Terrain\n|upkeep\n|turn|6\n|inactive|Treecko25 has 30 seconds left.\n|\n|t:|1700856598\n|switch|p1a: Rillaboom|Rillaboom, L50, F|47\/100\n|-fieldstart|move: Grassy Terrain|[from] ability: Grassy Surge|[of] p1a: Rillaboom\n|move|p1b: Landorus|U-turn|p2a: Rillaboom\n|-supereffective|p2a: Rillaboom\n|-damage|p2a: Rillaboom|4\/100\n|\n|t:|1700856607\n|switch|p1b: Heatran|Heatran, L50, M|98\/100|[from] U-turn\n|move|p2b: Urshifu|Surging Strikes|p1b: Heatran\n|-supereffective|p1b: Heatran\n|-crit|p1b: Heatran\n|-damage|p1b: Heatran|48\/100\n|-supereffective|p1b: Heatran\n|-crit|p1b: Heatran\n|-damage|p1b: Heatran|0 fnt\n|faint|p1b: Heatran\n|-hitcount|p1: Heatran|2\n|move|p2a: Rillaboom|U-turn|p1a: Rillaboom\n|-supereffective|p1a: Rillaboom\n|-damage|p1a: Rillaboom|24\/100\n|\n|t:|1700856620\n|switch|p2a: Landorus|Landorus-Therian, L50, M|90\/100|[from] U-turn\n|-ability|p2a: Landorus|Intimidate|boost\n|-unboost|p1a: Rillaboom|atk|1\n|\n|-heal|p2b: Urshifu|78\/100|[from] Grassy Terrain\n|-heal|p1a: Rillaboom|30\/100|[from] Grassy Terrain\n|upkeep\n|\n|t:|1700856622\n|switch|p1b: Landorus|Landorus-Therian, L50, M|91\/100\n|-ability|p1b: Landorus|Intimidate|boost\n|-unboost|p2a: Landorus|atk|1\n|-unboost|p2b: Urshifu|atk|1\n|turn|7\n|\n|t:|1700856639\n|switch|p2b: Rillaboom|Rillaboom, L50, F|4\/100\n|move|p1a: Rillaboom|Grassy Glide|p2b: Rillaboom\n|-resisted|p2b: Rillaboom\n|-damage|p2b: Rillaboom|0 fnt\n|faint|p2b: Rillaboom\n|move|p1b: Landorus|Rock Slide|p2a: Landorus\n|-damage|p2a: Landorus|60\/100\n|move|p2a: Landorus|U-turn|p1a: Rillaboom\n|-supereffective|p1a: Rillaboom\n|-damage|p1a: Rillaboom|0 fnt\n|faint|p1a: Rillaboom\n|\n|t:|1700856653\n|switch|p2a: Flutter Mane|Flutter Mane, L50, shiny|100\/100|[from] U-turn\n|\n|upkeep\n|\n|t:|1700856657\n|switch|p2b: Landorus|Landorus-Therian, L50, M|60\/100\n|-ability|p2b: Landorus|Intimidate|boost\n|-unboost|p1b: Landorus|atk|1\n|turn|8\n|\n|t:|1700856679\n|move|p1b: Landorus|Rock Slide|p2b: Landorus|[spread] p2a,p2b\n|-damage|p2a: Flutter Mane|72\/100\n|-damage|p2b: Landorus|47\/100\n|move|p2b: Landorus|Rock Slide|p1b: Landorus\n|-damage|p1b: Landorus|59\/100\n|cant|p2a: Flutter Mane|flinch\n|\n|-heal|p2a: Flutter Mane|78\/100|[from] Grassy Terrain\n|upkeep\n|turn|9\n|\n|t:|1700856692\n|move|p1b: Landorus|Rock Slide|p2a: Flutter Mane|[spread] p2a,p2b\n|-damage|p2a: Flutter Mane|52\/100\n|-damage|p2b: Landorus|33\/100\n|move|p2b: Landorus|Rock Slide|p1b: Landorus\n|-damage|p1b: Landorus|25\/100\n|move|p2a: Flutter Mane|Icy Wind|p1b: Landorus\n|-supereffective|p1b: Landorus\n|-damage|p1b: Landorus|0 fnt\n|faint|p1b: Landorus\n|\n|win|Treecko25\n|raw|samo00001's rating: 1200 &rarr; <strong>1180<\/strong><br \/>(-20 for losing)\n|raw|Treecko25's rating: 1266 &rarr; <strong>1286<\/strong><br \/>(+20 for winning)\n|l|\u2606samo00001\n","uploadtime":1700856719,"views":6,"p1id":"samo00001","p2id":"treecko25","formatid":"gen9vgc2023regulatione","rating":1180,"private":0,"password":""}