{"id":"gen9vgc2023regulatione-1988529147","p1":"testlings","p2":"anirudhthe","format":"[Gen 9] VGC 2023 Regulation E","log":"|j|\u2606testlings\n|j|\u2606anirudhthe\n|t:|1699732706\n|gametype|doubles\n|player|p1|testlings|102|1103\n|player|p2|anirudhthe|101|1064\n|teamsize|p1|6\n|teamsize|p2|6\n|gen|9\n|tier|[Gen 9] VGC 2023 Regulation E\n|rated|\n|rule|Species Clause: Limit one of each Pok\u00e9mon\n|rule|Item Clause: Limit one of each item\n|clearpoke\n|poke|p1|Heatran, L50, F|\n|poke|p1|Ninetales-Alola, L50, M|\n|poke|p1|Clefairy, L50, F|\n|poke|p1|Landorus-Therian, L50, M|\n|poke|p1|Iron Hands, L50|\n|poke|p1|Sinistcha, L50|\n|poke|p2|Gholdengo, L50|\n|poke|p2|Kommo-o, L50, M|\n|poke|p2|Urshifu-*, L50, M|\n|poke|p2|Flutter Mane, L50|\n|poke|p2|Armarouge, L50, M|\n|poke|p2|Indeedee-F, L50, F|\n|teampreview|4\n|\n|t:|1699732735\n|start\n|switch|p1a: Ninetales|Ninetales-Alola, L50, M|100\/100\n|switch|p1b: Heatran|Heatran, L50, F|100\/100\n|switch|p2a: Kommo-o|Kommo-o, L50, M|100\/100\n|switch|p2b: Indeedee|Indeedee-F, L50, F|100\/100\n|-weather|Snow|[from] ability: Snow Warning|[of] p1a: Ninetales\n|-fieldstart|move: Psychic Terrain|[from] ability: Psychic Surge|[of] p2b: Indeedee\n|turn|1\n|inactive|Battle timer is ON: inactive players will automatically lose when time's up. (requested by testlings)\n|\n|t:|1699732766\n|-terastallize|p2a: Kommo-o|Steel\n|move|p2b: Indeedee|Follow Me|p2b: Indeedee\n|-singleturn|p2b: Indeedee|move: Follow Me\n|move|p1a: Ninetales|Aurora Veil|p1a: Ninetales\n|-sidestart|p1: testlings|move: Aurora Veil\n|move|p2a: Kommo-o|Clangorous Soul|p2a: Kommo-o\n|-boost|p2a: Kommo-o|atk|1\n|-boost|p2a: Kommo-o|def|1\n|-boost|p2a: Kommo-o|spa|1\n|-boost|p2a: Kommo-o|spd|1\n|-boost|p2a: Kommo-o|spe|1\n|-damage|p2a: Kommo-o|68\/100\n|-enditem|p2a: Kommo-o|Throat Spray\n|-boost|p2a: Kommo-o|spa|1|[from] item: Throat Spray\n|move|p1b: Heatran|Heat Wave|p2a: Kommo-o|[spread] p2a,p2b\n|-supereffective|p2a: Kommo-o\n|-crit|p2b: Indeedee\n|-damage|p2a: Kommo-o|0 fnt\n|-damage|p2b: Indeedee|29\/100\n|faint|p2a: Kommo-o\n|-damage|p1b: Heatran|91\/100|[from] item: Life Orb\n|\n|-weather|Snow|[upkeep]\n|upkeep\n|\n|t:|1699732787\n|switch|p2a: Urshifu|Urshifu-Rapid-Strike, L50, M|100\/100\n|turn|2\n|inactive|testlings has 30 seconds left.\n|\n|t:|1699732813\n|-terastallize|p1b: Heatran|Grass\n|move|p2b: Indeedee|Follow Me|p2b: Indeedee\n|-singleturn|p2b: Indeedee|move: Follow Me\n|move|p1a: Ninetales|Moonblast|p2b: Indeedee\n|-damage|p2b: Indeedee|6\/100\n|move|p2a: Urshifu|Surging Strikes|p1b: Heatran\n|-resisted|p1b: Heatran\n|-crit|p1b: Heatran\n|-damage|p1b: Heatran|81\/100\n|-resisted|p1b: Heatran\n|-crit|p1b: Heatran\n|-damage|p1b: Heatran|72\/100\n|-resisted|p1b: Heatran\n|-crit|p1b: Heatran\n|-damage|p1b: Heatran|63\/100\n|-hitcount|p1b: Heatran|3\n|move|p1b: Heatran|Heat Wave|p2a: Urshifu|[spread] p2a\n|-miss|p1b: Heatran|p2b: Indeedee\n|-resisted|p2a: Urshifu\n|-damage|p2a: Urshifu|66\/100\n|-damage|p1b: Heatran|53\/100|[from] item: Life Orb\n|\n|-weather|Snow|[upkeep]\n|upkeep\n|turn|3\n|inactive|testlings has 30 seconds left.\n|inactive|anirudhthe has 30 seconds left.\n|\n|t:|1699732839\n|switch|p1a: Sinistcha|Sinistcha, L50|100\/100\n|-heal|p1b: Heatran|78\/100|[from] ability: Hospitality|[of] p1a: Sinistcha\n|move|p2b: Indeedee|Follow Me|p2b: Indeedee\n|-singleturn|p2b: Indeedee|move: Follow Me\n|move|p2a: Urshifu|Ice Spinner|p1b: Heatran\n|-supereffective|p1b: Heatran\n|-damage|p1b: Heatran|43\/100\n|-fieldend|move: Psychic Terrain\n|move|p1b: Heatran|Heat Wave|p2a: Urshifu|[spread] p2b\n|-miss|p1b: Heatran|p2a: Urshifu\n|-damage|p2b: Indeedee|0 fnt\n|faint|p2b: Indeedee\n|-damage|p1b: Heatran|33\/100|[from] item: Life Orb\n|\n|-weather|Snow|[upkeep]\n|upkeep\n|\n|t:|1699732853\n|switch|p2b: Armarouge|Armarouge, L50, M|100\/100\n|turn|4\n|inactive|testlings has 30 seconds left.\n|\n|t:|1699732880\n|move|p1a: Sinistcha|Rage Powder|p1a: Sinistcha\n|-singleturn|p1a: Sinistcha|move: Rage Powder\n|move|p2a: Urshifu|Ice Spinner|p1a: Sinistcha\n|-supereffective|p1a: Sinistcha\n|-damage|p1a: Sinistcha|64\/100\n|move|p2b: Armarouge|Heat Wave|p1a: Sinistcha|[spread] p1a\n|-start|p1b: Heatran|ability: Flash Fire\n|-supereffective|p1a: Sinistcha\n|-damage|p1a: Sinistcha|4\/100\n|move|p1b: Heatran|Earth Power|p2b: Armarouge\n|-supereffective|p2b: Armarouge\n|-damage|p2b: Armarouge|0 fnt\n|faint|p2b: Armarouge\n|-damage|p1b: Heatran|24\/100|[from] item: Life Orb\n|\n|-weather|Snow|[upkeep]\n|-heal|p1a: Sinistcha|10\/100|[from] item: Leftovers\n|upkeep\n|turn|5\n|\n|t:|1699732901\n|-end|p1b: Heatran|ability: Flash Fire|[silent]\n|switch|p1b: Ninetales|Ninetales-Alola, L50, M|100\/100\n|switch|p1a: Clefairy|Clefairy, L50, F, shiny|100\/100\n|move|p2a: Urshifu|Ice Spinner|p1b: Ninetales\n|-resisted|p1b: Ninetales\n|-damage|p1b: Ninetales|95\/100\n|\n|-weather|none\n|upkeep\n|turn|6\n|\n|t:|1699732914\n|move|p1a: Clefairy|Helping Hand|p1b: Ninetales\n|-singleturn|p1b: Ninetales|Helping Hand|[of] p1a: Clefairy\n|move|p1b: Ninetales|Moonblast|p2a: Urshifu\n|-supereffective|p2a: Urshifu\n|-damage|p2a: Urshifu|0 fnt\n|faint|p2a: Urshifu\n|\n|win|testlings\n|raw|testlings's rating: 1103 &rarr; <strong>1125<\/strong><br \/>(+22 for winning)\n|raw|anirudhthe's rating: 1064 &rarr; <strong>1047<\/strong><br \/>(-17 for losing)\n|l|\u2606anirudhthe\n","uploadtime":1699732937,"views":20,"p1id":"testlings","p2id":"anirudhthe","formatid":"gen9vgc2023regulatione","rating":1047,"private":0,"password":""}