{"id":"gen9vgc2023regulatione-1991328422","p1":"Angelo Neres","p2":"givi","format":"[Gen 9] VGC 2023 Regulation E","log":"|j|\u2606Angelo Neres\n|j|\u2606givi\n|t:|1700067998\n|gametype|doubles\n|player|p1|Angelo Neres|101|1586\n|player|p2|givi|lucas|1481\n|teamsize|p1|6\n|teamsize|p2|6\n|gen|9\n|tier|[Gen 9] VGC 2023 Regulation E\n|rated|\n|rule|Species Clause: Limit one of each Pok\u00e9mon\n|rule|Item Clause: Limit one of each item\n|clearpoke\n|poke|p1|Talonflame, L50, F|\n|poke|p1|Flutter Mane, L50|\n|poke|p1|Iron Hands, L50|\n|poke|p1|Landorus-Therian, L50, M|\n|poke|p1|Gastrodon, L50, M|\n|poke|p1|Chi-Yu, L50|\n|poke|p2|Scream Tail, L50|\n|poke|p2|Flutter Mane, L50|\n|poke|p2|Iron Hands, L50|\n|poke|p2|Iron Bundle, L50|\n|poke|p2|Sinistcha-Masterpiece, L50|\n|poke|p2|Arcanine-Hisui, L50, M|\n|teampreview|4\n|inactive|Battle timer is ON: inactive players will automatically lose when time's up. (requested by Angelo Neres)\nAngelo Neres has agreed to open team sheets.\n|\n|t:|1700068023\n|start\n|switch|p1a: Edilson Capetinha|Talonflame, L50, F, shiny|100\/100\n|switch|p1b: Vampeta\u00e7o|Chi-Yu, L50|100\/100\n|switch|p2a: Iron Hands|Iron Hands, L50|100\/100\n|switch|p2b: Arcanine|Arcanine-Hisui, L50, M|100\/100\n|-ability|p1b: Vampeta\u00e7o|Beads of Ruin\n|-ability|p2b: Arcanine|Intimidate|boost\n|-unboost|p1a: Edilson Capetinha|atk|1\n|-unboost|p1b: Vampeta\u00e7o|atk|1\n|turn|1\n|\n|t:|1700068040\n|switch|p1a: Diniz|Landorus-Therian, L50, M|100\/100\n|-ability|p1a: Diniz|Intimidate|boost\n|-unboost|p2a: Iron Hands|atk|1\n|-unboost|p2b: Arcanine|atk|1\n|switch|p1b: Walter Gordo|Iron Hands, L50|100\/100\n|move|p2a: Iron Hands|Fake Out|p1a: Diniz\n|-damage|p1a: Diniz|87\/100\n|move|p2b: Arcanine|Rock Slide|p1b: Walter Gordo|[spread] p1a,p1b\n|-resisted|p1b: Walter Gordo\n|-damage|p1a: Diniz|54\/100\n|-damage|p1b: Walter Gordo|91\/100\n|\n|upkeep\n|turn|2\n|inactive|givi has 30 seconds left.\n|\n|t:|1700068067\n|switch|p2b: Flutter Mane|Flutter Mane, L50|100\/100\n|move|p1a: Diniz|Stomping Tantrum|p2a: Iron Hands\n|-supereffective|p2a: Iron Hands\n|-damage|p2a: Iron Hands|42\/100\n|move|p2a: Iron Hands|Heavy Slam|p1a: Diniz\n|-damage|p1a: Diniz|14\/100\n|move|p1b: Walter Gordo|Drain Punch|p2a: Iron Hands\n|-damage|p2a: Iron Hands|14\/100\n|-heal|p1b: Walter Gordo|100\/100|[from] drain|[of] p2a: Iron Hands\n|\n|upkeep\n|turn|3\n|inactive|Angelo Neres has 30 seconds left.\n|\n|t:|1700068100\n|-terastallize|p2b: Flutter Mane|Fairy\n|move|p1a: Diniz|Stomping Tantrum|p2a: Iron Hands\n|-supereffective|p2a: Iron Hands\n|-damage|p2a: Iron Hands|0 fnt\n|faint|p2a: Iron Hands\n|-end|p2a: Iron Hands|Quark Drive|[silent]\n|move|p2b: Flutter Mane|Dazzling Gleam|p1a: Diniz|[spread] p1a,p1b\n|-supereffective|p1b: Walter Gordo\n|-damage|p1a: Diniz|0 fnt\n|-damage|p1b: Walter Gordo|28\/100\n|faint|p1a: Diniz\n|move|p1b: Walter Gordo|Heavy Slam|p2b: Flutter Mane\n|-supereffective|p2b: Flutter Mane\n|-damage|p2b: Flutter Mane|0 fnt\n|faint|p2b: Flutter Mane\n|-end|p2b: Flutter Mane|Protosynthesis|[silent]\n|\n|upkeep\n|j| Playsterco\n|\n|t:|1700068118\n|switch|p2b: Arcanine|Arcanine-Hisui, L50, M|100\/100\n|switch|p1a: Edilson Capetinha|Talonflame, L50, F, shiny|100\/100\n|switch|p2a: Iron Bundle|Iron Bundle, L50|100\/100\n|-ability|p2b: Arcanine|Intimidate|boost\n|-unboost|p1a: Edilson Capetinha|atk|1\n|-unboost|p1b: Walter Gordo|atk|1\n|-enditem|p2a: Iron Bundle|Booster Energy\n|-activate|p2a: Iron Bundle|ability: Quark Drive|[fromitem]\n|-start|p2a: Iron Bundle|quarkdrivespe\n|turn|4\n|\n|t:|1700068136\n|move|p1a: Edilson Capetinha|Tailwind|p1a: Edilson Capetinha\n|-sidestart|p1: Angelo Neres|move: Tailwind\n|move|p2a: Iron Bundle|Freeze-Dry|p1b: Walter Gordo\n|-damage|p1b: Walter Gordo|11\/100\n|move|p1b: Walter Gordo|Drain Punch|p2b: Arcanine\n|-supereffective|p2b: Arcanine\n|-damage|p2b: Arcanine|30\/100\n|-heal|p1b: Walter Gordo|38\/100|[from] drain|[of] p2b: Arcanine\n|move|p2b: Arcanine|Rock Slide|p1a: Edilson Capetinha|[spread] p1a,p1b\n|-supereffective|p1a: Edilson Capetinha\n|-resisted|p1b: Walter Gordo\n|-damage|p1a: Edilson Capetinha|0 fnt\n|-damage|p1b: Walter Gordo|24\/100\n|faint|p1a: Edilson Capetinha\n|\n|upkeep\n|\n|t:|1700068148\n|switch|p1a: Vampeta\u00e7o|Chi-Yu, L50|100\/100\n|-ability|p1a: Vampeta\u00e7o|Beads of Ruin\n|turn|5\n|inactive|Angelo Neres has 30 seconds left.\n|\n|t:|1700068179\n|-terastallize|p1a: Vampeta\u00e7o|Ghost\n|move|p1a: Vampeta\u00e7o|Dark Pulse|p2b: Arcanine\n|-damage|p2b: Arcanine|0 fnt\n|faint|p2b: Arcanine\n|move|p2a: Iron Bundle|Hydro Pump|p1b: Walter Gordo\n|-damage|p1b: Walter Gordo|0 fnt\n|faint|p1b: Walter Gordo\n|-end|p1b: Walter Gordo|Quark Drive|[silent]\n|\n|upkeep\n|turn|6\n|\n|t:|1700068188\n|move|p2a: Iron Bundle|Protect|p2a: Iron Bundle\n|-singleturn|p2a: Iron Bundle|Protect\n|move|p1a: Vampeta\u00e7o|Dark Pulse|p2a: Iron Bundle\n|-activate|p2a: Iron Bundle|move: Protect\n|\n|upkeep\n|turn|7\n|\n|t:|1700068202\n|move|p1a: Vampeta\u00e7o|Dark Pulse|p2a: Iron Bundle\n|-damage|p2a: Iron Bundle|0 fnt\n|faint|p2a: Iron Bundle\n|-end|p2a: Iron Bundle|Quark Drive|[silent]\n|\n|win|Angelo Neres\n|raw|Angelo Neres's rating: 1586 &rarr; <strong>1600<\/strong><br \/>(+14 for winning)\n|raw|givi's rating: 1481 &rarr; <strong>1467<\/strong><br \/>(-14 for losing)\n|l|\u2606givi\n","uploadtime":1700068345,"views":20,"p1id":"angeloneres","p2id":"givi","formatid":"gen9vgc2023regulatione","rating":1467,"private":0,"password":""}