{"id":"gen9vgc2023regulatione-1995548263","p1":"Almonds245","p2":"DaWoblefet","format":"[Gen 9] VGC 2023 Regulation E","log":"|j|\u2606Almonds245\n|j|\u2606DaWoblefet\n|n|\u2606Almonds245|almonds245\n|n|\u2606DaWoblefet|dawoblefet\n|html|View the match progress at <a href=\"\/game-bestof3-gen9vgc2023regulatione-1995543123\">game-bestof3-gen9vgc2023regulatione-1995543123<\/a>\n|t:|1700581859\n|gametype|doubles\n|player|p1|Almonds245|170|\n|player|p2|DaWoblefet|#dawoblefet|\n|teamsize|p1|6\n|teamsize|p2|6\n|gen|9\n|tier|[Gen 9] VGC 2023 Regulation E\n|rated|Tournament battle\n|rule|Species Clause: Limit one of each Pok\u00e9mon\n|rule|Item Clause: Limit one of each item\n|clearpoke\n|poke|p1|Iron Hands, L50|\n|poke|p1|Farigiraf, L50, M|\n|poke|p1|Landorus-Therian, L50, M|\n|poke|p1|Tornadus, L50, M|\n|poke|p1|Urshifu-*, L50, M|\n|poke|p1|Basculegion, L50, M|\n|poke|p2|Dusclops, L50, M|\n|poke|p2|Ursaluna-Bloodmoon, L50, M|\n|poke|p2|Iron Hands, L50|\n|poke|p2|Ogerpon-Wellspring, L50, F|\n|poke|p2|Landorus-Therian, L50, M|\n|poke|p2|Chi-Yu, L50|\n|teampreview|4\n|showteam|p1|Iron Hands||BoosterEnergy|QuarkDrive|CloseCombat,WildCharge,FakeOut,Detect||||||50|,,,,,Grass]Farigiraf||SafetyGoggles|ArmorTail|Psychic,DazzlingGleam,NastyPlot,TrickRoom|||M|||50|,,,,,Fairy]Landorus-Therian||ChoiceScarf|Intimidate|Earthquake,RockSlide,TeraBlast,Uturn|||M|||50|,,,,,Flying]Tornadus||SkyPlate|Prankster|BleakwindStorm,Tailwind,Taunt,Protect|||M|||50|,,,,,Flying]Urshifu||BlackGlasses|UnseenFist|WickedBlow,SuckerPunch,SwordsDance,Detect|||M|||50|,,,,,Poison]Basculegion||AssaultVest|Adaptability|WaveCrash,LastRespects,AquaJet,PhantomForce|||M|||50|,,,,,Grass\n|showteam|p2|Dusclops||Eviolite|Pressure|TrickRoom,WillOWisp,PainSplit,BrickBreak|||M|||50|,,,,,Dark]Ursaluna-Bloodmoon||WeaknessPolicy|MindsEye|HyperVoice,EarthPower,BloodMoon,Protect|||M|||50|,,,,,Normal]Iron Hands||AssaultVest|QuarkDrive|DrainPunch,HeavySlam,FakeOut,VoltSwitch||||||50|,,,,,Fire]Ogerpon-Wellspring||WellspringMask|WaterAbsorb|FollowMe,IvyCudgel,HornLeech,SpikyShield|||F|||50|,,,,,Water]Landorus-Therian||ChoiceScarf|Intimidate|RockSlide,Uturn,StompingTantrum,TeraBlast|||M|||50|,,,,,Flying]Chi-Yu||SitrusBerry|BeadsofRuin|HeatWave,DarkPulse,NastyPlot,Protect||||||50|,,,,,Ghost\n|c|\u2606DaWoblefet|gl hf\n|j| croix-mer\n|c|\u2606Almonds245|glhf\n|l| croix-mer\n|\n|t:|1700581895\n|start\n|switch|p1a: Merkrow|Tornadus, L50, M|100\/100\n|switch|p1b: Wicked Shades|Urshifu, L50, M|100\/100\n|switch|p2a: Dusclops|Dusclops, L50, M|100\/100\n|switch|p2b: Iron Hands|Iron Hands, L50, shiny|100\/100\n|-ability|p2a: Dusclops|Pressure\n|turn|1\n|j| babiwi bewey\u2714\ufe0f\n|l| babiwi bewey\u2714\ufe0f\n|j| babiwi bewey\u2714\ufe0f\n|\n|t:|1700581945\n|switch|p1b: Hand$|Iron Hands, L50, shiny|100\/100\n|-enditem|p1b: Hand$|Booster Energy\n|-activate|p1b: Hand$|ability: Quark Drive|[fromitem]\n|-start|p1b: Hand$|quarkdriveatk\n|move|p2b: Iron Hands|Fake Out|p1a: Merkrow\n|-damage|p1a: Merkrow|84\/100\n|cant|p1a: Merkrow|flinch\n|move|p2a: Dusclops|Trick Room|p2a: Dusclops\n|-fieldstart|move: Trick Room|[of] p2a: Dusclops\n|\n|upkeep\n|turn|2\n|l| babiwi bewey\u2714\ufe0f\n|j| croix-mer\n|\n|t:|1700581984\n|switch|p2a: Ursaluna|Ursaluna-Bloodmoon, L50, M|100\/100\n|move|p1b: Hand$|Fake Out|p2b: Iron Hands\n|-damage|p2b: Iron Hands|85\/100\n|move|p1a: Merkrow|Taunt|p2a: Ursaluna\n|-start|p2a: Ursaluna|move: Taunt\n|cant|p2b: Iron Hands|flinch\n|\n|upkeep\n|turn|3\n|\n|t:|1700582011\n|switch|p2a: Dusclops|Dusclops, L50, M|100\/100\n|-ability|p2a: Dusclops|Pressure\n|-terastallize|p1b: Hand$|Grass\n|move|p1a: Merkrow|Protect|p1a: Merkrow\n|-singleturn|p1a: Merkrow|Protect\n|move|p2b: Iron Hands|Volt Switch|p1a: Merkrow\n|-activate|p1a: Merkrow|move: Protect\n|move|p1b: Hand$|Close Combat|p2a: Dusclops\n|-immune|p2a: Dusclops\n|\n|upkeep\n|turn|4\n|j| miniat\n|\n|t:|1700582031\n|switch|p2a: Ursaluna|Ursaluna-Bloodmoon, L50, M|100\/100\n|move|p1a: Merkrow|Taunt|p2a: Ursaluna\n|-start|p2a: Ursaluna|move: Taunt\n|move|p2b: Iron Hands|Volt Switch|p1a: Merkrow\n|-supereffective|p1a: Merkrow\n|-damage|p1a: Merkrow|51\/100\n|\n|t:|1700582038\n|-end|p2b: Iron Hands|Quark Drive|[silent]\n|switch|p2b: Dusclops|Dusclops, L50, M|100\/100|[from] Volt Switch\n|-ability|p2b: Dusclops|Pressure\n|move|p1b: Hand$|Close Combat|p2b: Dusclops\n|-immune|p2b: Dusclops\n|\n|upkeep\n|turn|5\n|\n|t:|1700582049\n|switch|p2a: Iron Hands|Iron Hands, L50, shiny|85\/100\n|move|p1a: Merkrow|Taunt|p2b: Dusclops\n|-start|p2b: Dusclops|move: Taunt\n|cant|p2b: Dusclops|move: Taunt|Will-O-Wisp\n|move|p1b: Hand$|Close Combat|p2a: Iron Hands\n|-damage|p2a: Iron Hands|13\/100\n|-unboost|p1b: Hand$|def|1\n|-unboost|p1b: Hand$|spd|1\n|\n|-fieldend|move: Trick Room\n|upkeep\n|turn|6\n|\n|t:|1700582066\n|switch|p2b: Ogerpon|Ogerpon-Wellspring, L50, F|100\/100\n|move|p2a: Iron Hands|Fake Out|p1a: Merkrow\n|-damage|p1a: Merkrow|34\/100\n|cant|p1a: Merkrow|flinch\n|move|p1b: Hand$|Close Combat|p2a: Iron Hands\n|-damage|p2a: Iron Hands|0 fnt\n|-unboost|p1b: Hand$|def|1\n|-unboost|p1b: Hand$|spd|1\n|faint|p2a: Iron Hands\n|-end|p2a: Iron Hands|Quark Drive|[silent]\n|\n|upkeep\n|\n|t:|1700582073\n|switch|p2a: Dusclops|Dusclops, L50, M|100\/100\n|-ability|p2a: Dusclops|Pressure\n|turn|7\n|\n|t:|1700582087\n|move|p2b: Ogerpon|Follow Me|p2b: Ogerpon\n|-singleturn|p2b: Ogerpon|move: Follow Me\n|move|p1a: Merkrow|Taunt|p2b: Ogerpon\n|-start|p2b: Ogerpon|move: Taunt\n|move|p1b: Hand$|Close Combat|p2b: Ogerpon\n|-damage|p2b: Ogerpon|10\/100\n|-unboost|p1b: Hand$|def|1\n|-unboost|p1b: Hand$|spd|1\n|move|p2a: Dusclops|Trick Room|p2a: Dusclops\n|-fieldstart|move: Trick Room|[of] p2a: Dusclops\n|\n|upkeep\n|turn|8\n|\n|t:|1700582147\n|-end|p1b: Hand$|Quark Drive|[silent]\n|switch|p1b: Wicked Shades|Urshifu, L50, M|100\/100\n|move|p1a: Merkrow|Taunt|p2a: Dusclops\n|-start|p2a: Dusclops|move: Taunt\n|move|p2a: Dusclops|Brick Break|p1b: Wicked Shades\n|-supereffective|p1b: Wicked Shades\n|-damage|p1b: Wicked Shades|80\/100\n|move|p2b: Ogerpon|Ivy Cudgel|p1b: Wicked Shades|[anim] Ivy Cudgel Water\n|-damage|p1b: Wicked Shades|28\/100\n|\n|upkeep\n|turn|9\n|\n|t:|1700582167\n|switch|p1a: Hand$|Iron Hands, L50, shiny, tera:Grass|100\/100\n|move|p1b: Wicked Shades|Detect|p1b: Wicked Shades\n|-singleturn|p1b: Wicked Shades|Protect\n|move|p2a: Dusclops|Brick Break|p1b: Wicked Shades\n|-activate|p1b: Wicked Shades|move: Protect\n|move|p2b: Ogerpon|Ivy Cudgel|p1a: Hand$|[anim] Ivy Cudgel Water\n|-resisted|p1a: Hand$\n|-crit|p1a: Hand$\n|-damage|p1a: Hand$|67\/100\n|\n|upkeep\n|turn|10\n|j| Mortal1\n|\n|t:|1700582255\n|-end|p1a: Hand$|Quark Drive|[silent]\n|switch|p1a: Merkrow|Tornadus, L50, M|34\/100\n|switch|p2b: Ursaluna|Ursaluna-Bloodmoon, L50, M|100\/100\n|move|p1b: Wicked Shades|Sucker Punch||[still]\n|-fail|p1b: Wicked Shades\n|move|p2a: Dusclops|Brick Break|p1b: Wicked Shades\n|-supereffective|p1b: Wicked Shades\n|-damage|p1b: Wicked Shades|7\/100\n|\n|-end|p2a: Dusclops|move: Taunt\n|upkeep\n|turn|11\n|\n|t:|1700582332\n|switch|p2b: Ogerpon|Ogerpon-Wellspring, L50, F|10\/100\n|-terastallize|p2a: Dusclops|Dark\n|move|p1a: Merkrow|Protect|p1a: Merkrow\n|-singleturn|p1a: Merkrow|Protect\n|move|p1b: Wicked Shades|Detect|p1b: Wicked Shades\n|-singleturn|p1b: Wicked Shades|Protect\n|move|p2a: Dusclops|Brick Break|p1b: Wicked Shades\n|-activate|p1b: Wicked Shades|move: Protect\n|\n|-fieldend|move: Trick Room\n|upkeep\n|turn|12\n|\n|t:|1700582376\n|move|p1b: Wicked Shades|Swords Dance|p1b: Wicked Shades\n|-boost|p1b: Wicked Shades|atk|2\n|move|p1a: Merkrow|Bleakwind Storm|p2a: Dusclops|[spread] \n|-miss|p1a: Merkrow|p2a: Dusclops\n|-miss|p1a: Merkrow|p2b: Ogerpon\n|move|p2b: Ogerpon|Ivy Cudgel|p1b: Wicked Shades|[anim] Ivy Cudgel Water\n|-crit|p1b: Wicked Shades\n|-damage|p1b: Wicked Shades|0 fnt\n|faint|p1b: Wicked Shades\n|move|p2a: Dusclops|Trick Room|p2a: Dusclops\n|-fieldstart|move: Trick Room|[of] p2a: Dusclops\n|\n|upkeep\n|\n|t:|1700582395\n|switch|p1b: Hand$|Iron Hands, L50, shiny, tera:Grass|67\/100\n|turn|13\n|c|\u2606Almonds245|hm\n|inactive|Battle timer is ON: inactive players will automatically lose when time's up. (requested by DaWoblefet)\n|inactive|Almonds245 has 60 seconds left.\n|\n|t:|1700582460\n|switch|p1a: Houndfish|Basculegion, L50, M|100\/100\n|move|p1b: Hand$|Detect|p1b: Hand$\n|-singleturn|p1b: Hand$|Protect\n|move|p2a: Dusclops|Will-O-Wisp|p1b: Hand$\n|-activate|p1b: Hand$|move: Protect\n|move|p2b: Ogerpon|Ivy Cudgel|p1a: Houndfish|[anim] Ivy Cudgel Water\n|-resisted|p1a: Houndfish\n|-damage|p1a: Houndfish|73\/100\n|\n|upkeep\n|turn|14\n|j| Loudwinner\n|inactive|DaWoblefet has 30 seconds left.\n|inactive|Almonds245 has 30 seconds left.\n|\n|t:|1700582491\n|-end|p1b: Hand$|Quark Drive|[silent]\n|switch|p1b: Merkrow|Tornadus, L50, M|34\/100\n|move|p2a: Dusclops|Will-O-Wisp|p1b: Merkrow|[miss]\n|-miss|p2a: Dusclops|p1b: Merkrow\n|move|p1a: Houndfish|Last Respects|p2b: Ogerpon\n|-damage|p2b: Ogerpon|0 fnt\n|faint|p2b: Ogerpon\n|\n|upkeep\n|\n|t:|1700582497\n|switch|p2b: Ursaluna|Ursaluna-Bloodmoon, L50, M|100\/100\n|turn|15\n|\n|t:|1700582516\n|move|p2a: Dusclops|Brick Break|p2b: Ursaluna\n|-supereffective|p2b: Ursaluna\n|-damage|p2b: Ursaluna|83\/100\n|-enditem|p2b: Ursaluna|Weakness Policy\n|-boost|p2b: Ursaluna|atk|2|[from] item: Weakness Policy\n|-boost|p2b: Ursaluna|spa|2|[from] item: Weakness Policy\n|move|p2b: Ursaluna|Hyper Voice|p1a: Houndfish|[spread] p1a,p1b\n|-crit|p1b: Merkrow\n|-damage|p1a: Houndfish|10\/100\n|-damage|p1b: Merkrow|0 fnt\n|faint|p1b: Merkrow\n|move|p1a: Houndfish|Wave Crash|p2b: Ursaluna\n|-supereffective|p2b: Ursaluna\n|-damage|p2b: Ursaluna|0 fnt\n|faint|p2b: Ursaluna\n|-damage|p1a: Houndfish|0 fnt|[from] Recoil\n|faint|p1a: Houndfish\n|\n|upkeep\n|\n|t:|1700582520\n|switch|p1b: Hand$|Iron Hands, L50, shiny, tera:Grass|67\/100\n|turn|16\n|\n|t:|1700582527\n|move|p1b: Hand$|Fake Out|p2a: Dusclops\n|-damage|p2a: Dusclops|92\/100\n|cant|p2a: Dusclops|flinch\n|\n|-fieldend|move: Trick Room\n|upkeep\n|turn|17\n|\n|t:|1700582539\n|move|p1b: Hand$|Close Combat|p2a: Dusclops\n|-supereffective|p2a: Dusclops\n|-damage|p2a: Dusclops|18\/100\n|-unboost|p1b: Hand$|def|1\n|-unboost|p1b: Hand$|spd|1\n|move|p2a: Dusclops|Trick Room|p2a: Dusclops\n|-fieldstart|move: Trick Room|[of] p2a: Dusclops\n|\n|upkeep\n|turn|18\n|\n|t:|1700582549\n|move|p1b: Hand$|Detect|p1b: Hand$\n|-singleturn|p1b: Hand$|Protect\n|move|p2a: Dusclops|Pain Split|p1b: Hand$\n|-activate|p1b: Hand$|move: Protect\n|\n|upkeep\n|turn|19\n|\n|t:|1700582552\n|move|p2a: Dusclops|Pain Split|p1b: Hand$\n|-sethp|p1b: Hand$|39\/100|[from] move: Pain Split|[silent]\n|-sethp|p2a: Dusclops|61\/100|[from] move: Pain Split\n|move|p1b: Hand$|Wild Charge|p2a: Dusclops\n|-damage|p2a: Dusclops|32\/100\n|-damage|p1b: Hand$|34\/100|[from] Recoil\n|\n|upkeep\n|turn|20\n|\n|t:|1700582565\n|move|p1b: Hand$|Detect|p1b: Hand$\n|-singleturn|p1b: Hand$|Protect\n|move|p2a: Dusclops|Will-O-Wisp|p1b: Hand$\n|-activate|p1b: Hand$|move: Protect\n|\n|upkeep\n|turn|21\n|\n|t:|1700582575\n|move|p1b: Hand$|Detect|p1b: Hand$\n|-singleturn|p1b: Hand$|Protect\n|move|p2a: Dusclops|Will-O-Wisp|p1b: Hand$\n|-activate|p1b: Hand$|move: Protect\n|\n|-fieldend|move: Trick Room\n|upkeep\n|turn|22\n|\n|t:|1700582583\n|move|p1b: Hand$|Wild Charge|p2a: Dusclops\n|-damage|p2a: Dusclops|5\/100\n|-damage|p1b: Hand$|30\/100|[from] Recoil\n|move|p2a: Dusclops|Trick Room|p2a: Dusclops\n|-fieldstart|move: Trick Room|[of] p2a: Dusclops\n|\n|upkeep\n|turn|23\n|\n|t:|1700582590\n|move|p2a: Dusclops|Pain Split|p1b: Hand$\n|-sethp|p1b: Hand$|17\/100|[from] move: Pain Split|[silent]\n|-sethp|p2a: Dusclops|26\/100|[from] move: Pain Split\n|move|p1b: Hand$|Wild Charge|p2a: Dusclops\n|-damage|p2a: Dusclops|0 fnt\n|faint|p2a: Dusclops\n|-damage|p1b: Hand$|13\/100|[from] Recoil\n|\n|win|Almonds245\n|c|\u2606Almonds245|ggs wp\n|c|\u2606DaWoblefet|gg\n|l|\u2606DaWoblefet\n|l| Mortal1\n|l| croix-mer\n","uploadtime":1700582626,"views":0,"p1id":"almonds245","p2id":"dawoblefet","formatid":"gen9vgc2023regulatione","rating":0,"private":0,"password":""}