{"id":"gen9vgc2023regulatione-1988127186","p1":"NickC_VGC","p2":"neebieplayersea","format":"[Gen 9] VGC 2023 Regulation E","log":"|j|\u2606NickC_VGC\n|j|\u2606neebieplayersea\n|t:|1699672928\n|gametype|doubles\n|player|p1|NickC_VGC|169|1341\n|player|p2|neebieplayersea|2|1314\n|teamsize|p1|6\n|teamsize|p2|6\n|gen|9\n|tier|[Gen 9] VGC 2023 Regulation E\n|rated|\n|rule|Species Clause: Limit one of each Pok\u00e9mon\n|rule|Item Clause: Limit one of each item\n|clearpoke\n|poke|p1|Landorus-Therian, L50, M|\n|poke|p1|Ogerpon-Wellspring, L50, F|\n|poke|p1|Farigiraf, L50, M|\n|poke|p1|Sylveon, L50, M|\n|poke|p1|Kommo-o, L50, M|\n|poke|p1|Pelipper, L50, F|\n|poke|p2|Landorus, L50, M|\n|poke|p2|Tornadus, L50, M|\n|poke|p2|Flutter Mane, L50|\n|poke|p2|Arcanine-Hisui, L50, M|\n|poke|p2|Iron Hands, L50|\n|poke|p2|Rillaboom, L50, M|\n|teampreview|4\n|\n|t:|1699672988\n|start\n|switch|p1a: Farigiraf|Farigiraf, L50, M|100\/100\n|switch|p1b: Landorus|Landorus-Therian, L50, M|100\/100\n|switch|p2a: Tornadus|Tornadus, L50, M|100\/100\n|switch|p2b: Rillaboom|Rillaboom, L50, M|100\/100\n|-ability|p1b: Landorus|Intimidate|boost\n|-unboost|p2a: Tornadus|atk|1\n|-unboost|p2b: Rillaboom|atk|1\n|-fieldstart|move: Grassy Terrain|[from] ability: Grassy Surge|[of] p2b: Rillaboom\n|turn|1\n|j| NakiYMD\n|j| LasermanZ11\n|\n|t:|1699673019\n|switch|p2a: Arcanine|Arcanine-Hisui, L50, M|100\/100\n|-ability|p2a: Arcanine|Intimidate|boost\n|-unboost|p1a: Farigiraf|atk|1\n|-unboost|p1b: Landorus|atk|1\n|-terastallize|p1b: Landorus|Flying\n|move|p1b: Landorus|Tera Blast|p2b: Rillaboom|[anim] Tera Blast Flying\n|-supereffective|p2b: Rillaboom\n|-damage|p2b: Rillaboom|9\/100\n|move|p2b: Rillaboom|Knock Off|p1a: Farigiraf\n|-supereffective|p1a: Farigiraf\n|-damage|p1a: Farigiraf|51\/100\n|-damage|p2b: Rillaboom|0 fnt|[from] item: Rocky Helmet|[of] p1a: Farigiraf\n|faint|p2b: Rillaboom\n|move|p1a: Farigiraf|Trick Room|p1a: Farigiraf\n|-fieldstart|move: Trick Room|[of] p1a: Farigiraf\n|\n|-heal|p1a: Farigiraf|57\/100|[from] Grassy Terrain\n|upkeep\n|\n|t:|1699673035\n|switch|p2b: Iron Hands|Iron Hands, L50|100\/100\n|turn|2\n|\n|t:|1699673059\n|switch|p1b: Kommo-o|Kommo-o, L50, M|100\/100\n|move|p2b: Iron Hands|Wild Charge|p1b: Kommo-o\n|-resisted|p1b: Kommo-o\n|-damage|p1b: Kommo-o|81\/100\n|-damage|p2b: Iron Hands|97\/100|[from] Recoil\n|move|p1a: Farigiraf|Psyshock|p2b: Iron Hands\n|-supereffective|p2b: Iron Hands\n|-damage|p2b: Iron Hands|39\/100\n|move|p2a: Arcanine|Rock Slide|p1b: Kommo-o|[spread] p1a,p1b\n|-resisted|p1b: Kommo-o\n|-damage|p1a: Farigiraf|25\/100\n|-damage|p1b: Kommo-o|70\/100\n|\n|-heal|p2b: Iron Hands|45\/100|[from] Grassy Terrain\n|-heal|p1a: Farigiraf|31\/100|[from] Grassy Terrain\n|-heal|p1b: Kommo-o|76\/100|[from] Grassy Terrain\n|-heal|p1b: Kommo-o|82\/100|[from] item: Leftovers\n|upkeep\n|turn|3\n|\n|t:|1699673084\n|switch|p1a: Landorus|Landorus-Therian, L50, M, tera:Flying|100\/100\n|-ability|p1a: Landorus|Intimidate|boost\n|-unboost|p2a: Arcanine|atk|1\n|-unboost|p2b: Iron Hands|atk|1\n|-terastallize|p2b: Iron Hands|Grass\n|move|p2b: Iron Hands|Drain Punch|p1b: Kommo-o\n|-damage|p1b: Kommo-o|59\/100\n|-heal|p2b: Iron Hands|55\/100|[from] drain|[of] p1b: Kommo-o\n|move|p1b: Kommo-o|Iron Defense|p1b: Kommo-o\n|-boost|p1b: Kommo-o|def|2\n|move|p2a: Arcanine|Will-O-Wisp|p1b: Kommo-o\n|-status|p1b: Kommo-o|brn\n|\n|-heal|p2b: Iron Hands|61\/100|[from] Grassy Terrain\n|-heal|p1b: Kommo-o|65\/100 brn|[from] Grassy Terrain\n|-heal|p1b: Kommo-o|71\/100 brn|[from] item: Leftovers\n|-damage|p1b: Kommo-o|65\/100 brn|[from] brn\n|upkeep\n|turn|4\n|\n|t:|1699673122\n|move|p2b: Iron Hands|Drain Punch|p1a: Landorus\n|-resisted|p1a: Landorus\n|-damage|p1a: Landorus|83\/100\n|-heal|p2b: Iron Hands|67\/100|[from] drain|[of] p1a: Landorus\n|move|p1b: Kommo-o|Iron Defense|p1b: Kommo-o\n|-boost|p1b: Kommo-o|def|2\n|move|p2a: Arcanine|Rock Slide|p1b: Kommo-o|[spread] p1a\n|-miss|p2a: Arcanine|p1b: Kommo-o\n|-supereffective|p1a: Landorus\n|-damage|p1a: Landorus|38\/100\n|move|p1a: Landorus|Tera Blast|p2b: Iron Hands|[anim] Tera Blast Flying\n|-supereffective|p2b: Iron Hands\n|-damage|p2b: Iron Hands|0 fnt\n|faint|p2b: Iron Hands\n|-end|p2b: Iron Hands|Quark Drive|[silent]\n|\n|-heal|p1b: Kommo-o|71\/100 brn|[from] Grassy Terrain\n|-heal|p1b: Kommo-o|77\/100 brn|[from] item: Leftovers\n|-damage|p1b: Kommo-o|71\/100 brn|[from] brn\n|upkeep\n|\n|t:|1699673138\n|switch|p2b: Tornadus|Tornadus, L50, M|100\/100\n|turn|5\n|\n|t:|1699673163\n|switch|p1a: Farigiraf|Farigiraf, L50, M|31\/100\n|move|p1b: Kommo-o|Body Press|p2a: Arcanine\n|-supereffective|p2a: Arcanine\n|-damage|p2a: Arcanine|0 fnt\n|faint|p2a: Arcanine\n|move|p2b: Tornadus|Bleakwind Storm|p1b: Kommo-o|[spread] p1a\n|-miss|p2b: Tornadus|p1b: Kommo-o\n|-damage|p1a: Farigiraf|0 fnt\n|faint|p1a: Farigiraf\n|\n|-heal|p1b: Kommo-o|77\/100 brn|[from] Grassy Terrain\n|-heal|p1b: Kommo-o|83\/100 brn|[from] item: Leftovers\n|-damage|p1b: Kommo-o|77\/100 brn|[from] brn\n|-fieldend|move: Trick Room\n|-fieldend|move: Grassy Terrain\n|upkeep\n|\n|t:|1699673179\n|switch|p1a: Sylveon|Sylveon, L50, M|100\/100\n|turn|6\n|c|\u2606NickC_VGC|any suggestions for what to put in pelipper slot?\n|\n|t:|1699673202\n|move|p2b: Tornadus|Bleakwind Storm|p1a: Sylveon|[spread] p1a,p1b\n|-supereffective|p1b: Kommo-o\n|-crit|p1b: Kommo-o\n|-damage|p1a: Sylveon|77\/100\n|-damage|p1b: Kommo-o|1\/100 brn\n|move|p1b: Kommo-o|Body Press|p2b: Tornadus\n|-resisted|p2b: Tornadus\n|-damage|p2b: Tornadus|65\/100\n|-damage|p1b: Kommo-o|0 fnt|[from] item: Rocky Helmet|[of] p2b: Tornadus\n|faint|p1b: Kommo-o\n|move|p1a: Sylveon|Hyper Voice|p2b: Tornadus\n|-damage|p2b: Tornadus|0 fnt\n|faint|p2b: Tornadus\n|\n|win|NickC_VGC\n|raw|NickC_VGC's rating: 1341 &rarr; <strong>1359<\/strong><br \/>(+18 for winning)\n|raw|neebieplayersea's rating: 1314 &rarr; <strong>1296<\/strong><br \/>(-18 for losing)\n|c|\u2606NickC_VGC|gg\n|c|\u2606neebieplayersea|not really\n|l|\u2606NickC_VGC\n|l| NakiYMD\n","uploadtime":1699673222,"views":21,"p1id":"nickcvgc","p2id":"neebieplayersea","formatid":"gen9vgc2023regulatione","rating":1296,"private":0,"password":""}