{"id":"gen9vgc2023regulatione-2000376272","p1":"0c3an m4n","p2":"Lurvas","format":"[Gen 9] VGC 2023 Regulation E","log":"|j|\u26060c3an m4n\n|j|\u2606Lurvas\n|t:|1701189607\n|gametype|doubles\n|player|p1|0c3an m4n|iscan|1100\n|player|p2|Lurvas|alder|1120\n|teamsize|p1|6\n|teamsize|p2|6\n|gen|9\n|tier|[Gen 9] VGC 2023 Regulation E\n|rated|\n|rule|Species Clause: Limit one of each Pok\u00e9mon\n|rule|Item Clause: Limit one of each item\n|clearpoke\n|poke|p1|Tornadus, L50, M|\n|poke|p1|Slither Wing, L50|\n|poke|p1|Brambleghast, L50, F|\n|poke|p1|Tatsugiri, L50, M|\n|poke|p1|Dondozo, L50, F|\n|poke|p1|Iron Moth, L50|\n|poke|p2|Urshifu-*, L50, M|\n|poke|p2|Rillaboom, L50, F|\n|poke|p2|Flutter Mane, L50|\n|poke|p2|Arcanine-Hisui, L50, F|\n|poke|p2|Chien-Pao, L50|\n|poke|p2|Tornadus, L50, M|\n|teampreview|4\nLurvas has agreed to open team sheets.\n|inactive|Battle timer is ON: inactive players will automatically lose when time's up. (requested by Lurvas)\n|\n|t:|1701189636\n|start\n|switch|p1a: E.N.O.S|Tornadus, L50, M, shiny|100\/100\n|switch|p1b: Tomboy|Dondozo, L50, F, shiny|100\/100\n|switch|p2a: Tornadus|Tornadus, L50, M|100\/100\n|switch|p2b: Chien-Pao|Chien-Pao, L50|100\/100\n|-ability|p2b: Chien-Pao|Sword of Ruin\n|turn|1\n|inactive|0c3an m4n has 30 seconds left.\n|\n|t:|1701189668\n|move|p2b: Chien-Pao|Sucker Punch|p1b: Tomboy\n|-damage|p1b: Tomboy|69\/100\n|move|p1a: E.N.O.S|Tailwind|p1a: E.N.O.S\n|-sidestart|p1: 0c3an m4n|move: Tailwind\n|move|p2a: Tornadus|Tailwind|p2a: Tornadus\n|-sidestart|p2: Lurvas|move: Tailwind\n|move|p1b: Tomboy|Wave Crash|p2a: Tornadus\n|-damage|p2a: Tornadus|28\/100\n|-damage|p1b: Tomboy|51\/100|[from] Recoil\n|\n|-heal|p1b: Tomboy|58\/100|[from] item: Leftovers\n|upkeep\n|turn|2\n|\n|t:|1701189684\n|switch|p1b: Stick|Brambleghast, L50, F|100\/100\n|-ability|p1b: Stick|Wind Rider|boost\n|-boost|p1b: Stick|atk|1\n|move|p2b: Chien-Pao|Sucker Punch||[still]\n|-fail|p2b: Chien-Pao\n|move|p1a: E.N.O.S|Heat Wave|p2b: Chien-Pao|[spread] p2a,p2b\n|-supereffective|p2b: Chien-Pao\n|-crit|p2b: Chien-Pao\n|-damage|p2a: Tornadus|0 fnt\n|-enditem|p2b: Chien-Pao|Focus Sash\n|-damage|p2b: Chien-Pao|1\/100\n|faint|p2a: Tornadus\n|\n|upkeep\n|\n|t:|1701189696\n|switch|p2a: Arcanine|Arcanine-Hisui, L50, F|100\/100\n|-ability|p2a: Arcanine|Intimidate|boost\n|-unboost|p1a: E.N.O.S|atk|1\n|-unboost|p1b: Stick|atk|1\n|turn|3\n|\n|t:|1701189706\n|move|p1b: Stick|Protect|p1b: Stick\n|-singleturn|p1b: Stick|Protect\n|move|p2b: Chien-Pao|Sucker Punch||[still]\n|-fail|p2b: Chien-Pao\n|move|p1a: E.N.O.S|Heat Wave|p2a: Arcanine|[spread] p2a,p2b\n|-resisted|p2a: Arcanine\n|-supereffective|p2b: Chien-Pao\n|-damage|p2a: Arcanine|94\/100\n|-damage|p2b: Chien-Pao|0 fnt\n|faint|p2b: Chien-Pao\n|move|p2a: Arcanine|Rock Slide|p1b: Stick|[spread] p1a\n|-activate|p1b: Stick|move: Protect\n|-supereffective|p1a: E.N.O.S\n|-damage|p1a: E.N.O.S|0 fnt\n|faint|p1a: E.N.O.S\n|\n|upkeep\n|\n|t:|1701189726\n|switch|p2b: Rillaboom|Rillaboom, L50, F|100\/100\n|switch|p1a: Femboy|Tatsugiri, L50, M, shiny|100\/100\n|-fieldstart|move: Grassy Terrain|[from] ability: Grassy Surge|[of] p2b: Rillaboom\n|turn|4\n|\n|t:|1701189735\n|switch|p1b: Tomboy|Dondozo, L50, F, shiny|58\/100\n|-activate|p1a: Femboy|ability: Commander|[of] p1b: Tomboy\n|-boost|p1b: Tomboy|atk|2\n|-boost|p1b: Tomboy|spa|2\n|-boost|p1b: Tomboy|spe|2\n|-boost|p1b: Tomboy|def|2\n|-boost|p1b: Tomboy|spd|2\n|move|p2b: Rillaboom|Grassy Glide|p1a: Femboy|[miss]\n|-miss|p2b: Rillaboom|p1a: Femboy\n|move|p2a: Arcanine|Rock Slide|p1a: Femboy|[spread] p1b\n|-miss|p2a: Arcanine|p1a: Femboy\n|-damage|p1b: Tomboy|44\/100\n|\n|-heal|p2a: Arcanine|99\/100|[from] Grassy Terrain\n|-heal|p1b: Tomboy|51\/100|[from] Grassy Terrain\n|-heal|p1b: Tomboy|57\/100|[from] item: Leftovers\n|-sideend|p1: 0c3an m4n|move: Tailwind\n|-sideend|p2: Lurvas|move: Tailwind\n|upkeep\n|turn|5\n|\n|t:|1701189755\n|-terastallize|p2a: Arcanine|Fairy\n|move|p1b: Tomboy|Protect|p1b: Tomboy\n|-singleturn|p1b: Tomboy|Protect\n|move|p2a: Arcanine|Rock Slide|p1a: Femboy|[spread] \n|-miss|p2a: Arcanine|p1a: Femboy\n|-activate|p1b: Tomboy|move: Protect\n|move|p2b: Rillaboom|Drum Beating|p1b: Tomboy\n|-activate|p1b: Tomboy|move: Protect\n|\n|-heal|p2a: Arcanine|100\/100|[from] Grassy Terrain\n|-heal|p1b: Tomboy|63\/100|[from] Grassy Terrain\n|-heal|p1b: Tomboy|69\/100|[from] item: Leftovers\n|upkeep\n|turn|6\n|\n|t:|1701189777\n|-terastallize|p1b: Tomboy|Fairy\n|move|p2a: Arcanine|Rock Slide|p1b: Tomboy|[spread] p1b\n|-miss|p2a: Arcanine|p1a: Femboy\n|-damage|p1b: Tomboy|57\/100\n|move|p2b: Rillaboom|Drum Beating|p1b: Tomboy\n|-damage|p1b: Tomboy|37\/100\n|-unboost|p1b: Tomboy|spe|1\n|move|p1b: Tomboy|Order Up|p2b: Rillaboom\n|-damage|p2b: Rillaboom|59\/100\n|-boost|p1b: Tomboy|atk|1\n|\n|-heal|p2b: Rillaboom|65\/100|[from] Grassy Terrain\n|-heal|p1b: Tomboy|44\/100|[from] Grassy Terrain\n|-heal|p1b: Tomboy|50\/100|[from] item: Leftovers\n|upkeep\n|turn|7\n|\n|t:|1701189797\n|move|p1b: Tomboy|Protect|p1b: Tomboy\n|-singleturn|p1b: Tomboy|Protect\n|move|p2a: Arcanine|Rock Slide|p1a: Femboy|[spread] \n|-miss|p2a: Arcanine|p1a: Femboy\n|-activate|p1b: Tomboy|move: Protect\n|move|p2b: Rillaboom|Drum Beating|p1b: Tomboy\n|-activate|p1b: Tomboy|move: Protect\n|\n|-heal|p2b: Rillaboom|71\/100|[from] Grassy Terrain\n|-heal|p1b: Tomboy|56\/100|[from] Grassy Terrain\n|-heal|p1b: Tomboy|62\/100|[from] item: Leftovers\n|upkeep\n|turn|8\n|\n|t:|1701189820\n|move|p2a: Arcanine|Rock Slide|p1b: Tomboy|[spread] \n|-miss|p2a: Arcanine|p1a: Femboy\n|-miss|p2a: Arcanine|p1b: Tomboy\n|move|p2b: Rillaboom|Drum Beating|p1b: Tomboy\n|-damage|p1b: Tomboy|46\/100\n|-unboost|p1b: Tomboy|spe|1\n|move|p1b: Tomboy|Wave Crash|p2a: Arcanine\n|-damage|p2a: Arcanine|0 fnt\n|faint|p2a: Arcanine\n|-damage|p1b: Tomboy|23\/100|[from] Recoil\n|\n|-heal|p2b: Rillaboom|77\/100|[from] Grassy Terrain\n|-heal|p1b: Tomboy|29\/100|[from] Grassy Terrain\n|-heal|p1b: Tomboy|35\/100|[from] item: Leftovers\n|-fieldend|move: Grassy Terrain\n|upkeep\n|turn|9\n|\n|t:|1701189839\n|move|p1b: Tomboy|Protect|p1b: Tomboy\n|-singleturn|p1b: Tomboy|Protect\n|move|p2b: Rillaboom|Drum Beating|p1b: Tomboy\n|-activate|p1b: Tomboy|move: Protect\n|\n|-heal|p1b: Tomboy|41\/100|[from] item: Leftovers\n|upkeep\n|turn|10\n|\n|t:|1701189848\n|move|p2b: Rillaboom|Drum Beating|p1b: Tomboy\n|-damage|p1b: Tomboy|29\/100\n|-unboost|p1b: Tomboy|spe|1\n|move|p1b: Tomboy|Order Up|p2b: Rillaboom\n|-damage|p2b: Rillaboom|20\/100\n|-boost|p1b: Tomboy|atk|1\n|\n|-heal|p1b: Tomboy|35\/100|[from] item: Leftovers\n|upkeep\n|turn|11\n|\n|t:|1701189863\n|move|p2b: Rillaboom|Stomping Tantrum|p1b: Tomboy\n|-damage|p1b: Tomboy|27\/100\n|move|p1b: Tomboy|Wave Crash|p2b: Rillaboom\n|-resisted|p2b: Rillaboom\n|-damage|p2b: Rillaboom|0 fnt\n|faint|p2b: Rillaboom\n|-damage|p1b: Tomboy|22\/100|[from] Recoil\n|\n|win|0c3an m4n\n|raw|0c3an m4n's rating: 1100 &rarr; <strong>1126<\/strong><br \/>(+26 for winning)\n|raw|Lurvas's rating: 1120 &rarr; <strong>1094<\/strong><br \/>(-26 for losing)\n|c|\u2606Lurvas|gg\n|l|\u26060c3an m4n\n","uploadtime":1701189874,"views":15,"p1id":"0c3anm4n","p2id":"lurvas","formatid":"gen9vgc2023regulatione","rating":1094,"private":0,"password":""}