{"id":"gen9vgc2023regulatione-1999830917","p1":"Junkman3713","p2":"Bale_007","format":"[Gen 9] VGC 2023 Regulation E","log":"|j|\u2606Junkman3713\n|j|\u2606Bale_007\n|t:|1701120764\n|gametype|doubles\n|player|p1|Junkman3713|266|1246\n|player|p2|Bale_007|265|1342\n|teamsize|p1|6\n|teamsize|p2|6\n|gen|9\n|tier|[Gen 9] VGC 2023 Regulation E\n|rated|\n|rule|Species Clause: Limit one of each Pok\u00e9mon\n|rule|Item Clause: Limit one of each item\n|clearpoke\n|poke|p1|Corviknight, L50, F|\n|poke|p1|Indeedee-F, L50, F|\n|poke|p1|Gyarados, L50, M|\n|poke|p1|Sinistcha-Masterpiece, L50|\n|poke|p1|Chien-Pao, L50|\n|poke|p1|Sableye, L50, F|\n|poke|p2|Farigiraf, L50, F|\n|poke|p2|Heatran, L50, M|\n|poke|p2|Dragonite, L50, M|\n|poke|p2|Chien-Pao, L50|\n|poke|p2|Annihilape, L50, F|\n|poke|p2|Amoonguss, L50, F|\n|teampreview|4\n|inactive|Battle timer is ON: inactive players will automatically lose when time's up. (requested by Bale_007)\n|inactive|Junkman3713 has 60 seconds left.\n|inactive|Junkman3713 has 30 seconds left.\n|\n|t:|1701120856\n|start\n|switch|p1a: Chien-Pao|Chien-Pao, L50|100\/100\n|switch|p1b: Indeedee|Indeedee-F, L50, F|100\/100\n|switch|p2a: Farigiraf|Farigiraf, L50, F|100\/100\n|switch|p2b: Heatran|Heatran, L50, M|100\/100\n|-ability|p1a: Chien-Pao|Sword of Ruin\n|-fieldstart|move: Psychic Terrain|[from] ability: Psychic Surge|[of] p1b: Indeedee\n|-enditem|p1b: Indeedee|Psychic Seed\n|-boost|p1b: Indeedee|spd|1|[from] item: Psychic Seed\n|turn|1\n|inactive|Junkman3713 has 30 seconds left.\n|inactive|Bale_007 has 30 seconds left.\n|inactive|Junkman3713 has 20 seconds left.\n|inactive|Bale_007 has 20 seconds left.\n|inactive|Junkman3713 has 15 seconds left.\n|inactive|Bale_007 has 15 seconds left.\n|\n|t:|1701120901\n|move|p2a: Farigiraf|Ally Switch|p2a: Farigiraf\n|swap|p2a: Farigiraf|1|[from] move: Ally Switch\n|move|p1a: Chien-Pao|Throat Chop|p2a: Heatran\n|-damage|p2a: Heatran|64\/100\n|-start|p2a: Heatran|Throat Chop|[silent]\n|move|p2a: Heatran|Heat Wave|p1b: Indeedee|[spread] p1a,p1b\n|-supereffective|p1a: Chien-Pao\n|-enditem|p1a: Chien-Pao|Focus Sash\n|-damage|p1a: Chien-Pao|1\/100\n|-damage|p1b: Indeedee|78\/100\n|move|p1b: Indeedee|Hyper Voice|p2a: Heatran|[spread] p2a,p2b\n|-resisted|p2a: Heatran\n|-damage|p2a: Heatran|58\/100\n|-damage|p2b: Farigiraf|81\/100\n|\n|upkeep\n|turn|2\n|inactive|Junkman3713 has 30 seconds left.\n|inactive|Junkman3713 has 20 seconds left.\n|inactive|Bale_007 has 30 seconds left.\n|inactive|Junkman3713 has 15 seconds left.\n|\n|t:|1701120943\n|switch|p2b: Dragonite|Dragonite, L50, M|100\/100\n|move|p1a: Chien-Pao|Sacred Sword|p2a: Heatran\n|-supereffective|p2a: Heatran\n|-damage|p2a: Heatran|4\/100\n|move|p2a: Heatran|Heat Wave|p1a: Chien-Pao|[spread] p1a,p1b\n|-supereffective|p1a: Chien-Pao\n|-damage|p1a: Chien-Pao|0 fnt\n|-damage|p1b: Indeedee|56\/100\n|faint|p1a: Chien-Pao\n|move|p1b: Indeedee|Hyper Voice|p2b: Dragonite|[spread] p2a,p2b\n|-resisted|p2a: Heatran\n|-damage|p2a: Heatran|0 fnt\n|-damage|p2b: Dragonite|91\/100\n|faint|p2a: Heatran\n|\n|upkeep\n|inactive|Junkman3713 has 30 seconds left.\n|\n|t:|1701120970\n|switch|p1a: Corviknight|Corviknight, L50, F|100\/100\n|switch|p2a: Chien-Pao|Chien-Pao, L50|100\/100\n|-ability|p2a: Chien-Pao|Sword of Ruin\n|turn|3\n|inactive|Junkman3713 has 30 seconds left.\n|inactive|Junkman3713 has 20 seconds left.\n|inactive|Junkman3713 has 15 seconds left.\n|\n|t:|1701121014\n|switch|p1b: Gyarados|Gyarados, L50, M|100\/100\n|-ability|p1b: Gyarados|Intimidate|boost\n|-unboost|p2a: Chien-Pao|atk|1\n|-unboost|p2b: Dragonite|atk|1\n|-terastallize|p1a: Corviknight|Fire\n|move|p2a: Chien-Pao|Icicle Crash|p1b: Gyarados\n|-damage|p1b: Gyarados|56\/100\n|move|p2b: Dragonite|Outrage|p1a: Corviknight\n|-damage|p1a: Corviknight|53\/100\n|move|p1a: Corviknight|Bulk Up|p1a: Corviknight\n|-boost|p1a: Corviknight|atk|1\n|-boost|p1a: Corviknight|def|1\n|\n|upkeep\n|turn|4\n|inactive|Junkman3713 has 30 seconds left.\n|inactive|Bale_007 has 30 seconds left.\n|\n|t:|1701121044\n|move|p2a: Chien-Pao|Icicle Crash|p1b: Gyarados\n|-damage|p1b: Gyarados|15\/100\n|move|p2b: Dragonite|Outrage|p1a: Corviknight|[from]lockedmove\n|-damage|p1a: Corviknight|22\/100\n|-enditem|p1a: Corviknight|Sitrus Berry|[eat]\n|-heal|p1a: Corviknight|47\/100|[from] item: Sitrus Berry\n|-start|p2b: Dragonite|confusion|[fatigue]\n|move|p1a: Corviknight|Bulk Up|p1a: Corviknight\n|-boost|p1a: Corviknight|atk|1\n|-boost|p1a: Corviknight|def|1\n|move|p1b: Gyarados|Avalanche|p2b: Dragonite\n|-supereffective|p2b: Dragonite\n|-damage|p2b: Dragonite|2\/100\n|-enditem|p2b: Dragonite|Weakness Policy\n|-boost|p2b: Dragonite|atk|2|[from] item: Weakness Policy\n|-boost|p2b: Dragonite|spa|2|[from] item: Weakness Policy\n|\n|upkeep\n|turn|5\n|inactive|Junkman3713 has 30 seconds left.\n|inactive|Bale_007 has 30 seconds left.\n|\n|t:|1701121075\n|move|p2a: Chien-Pao|Sucker Punch|p1b: Gyarados\n|-hint|Psychic Terrain doesn't affect Pok\u00e9mon immune to Ground.\n|-damage|p1b: Gyarados|0 fnt\n|faint|p1b: Gyarados\n|-activate|p2b: Dragonite|confusion\n|-damage|p2b: Dragonite|0 fnt|[from] confusion\n|faint|p2b: Dragonite\n|move|p1a: Corviknight|Iron Head|p2a: Chien-Pao\n|-supereffective|p2a: Chien-Pao\n|-enditem|p2a: Chien-Pao|Focus Sash\n|-damage|p2a: Chien-Pao|1\/100\n|\n|-fieldend|move: Psychic Terrain\n|upkeep\n|\n|t:|1701121086\n|switch|p1b: Indeedee|Indeedee-F, L50, F|56\/100\n|switch|p2b: Farigiraf|Farigiraf, L50, F|81\/100\n|-fieldstart|move: Psychic Terrain|[from] ability: Psychic Surge|[of] p1b: Indeedee\n|turn|6\n|inactive|Bale_007 has 30 seconds left.\n|\n|t:|1701121112\n|move|p2a: Chien-Pao|Sacred Sword|p1a: Corviknight\n|-damage|p1a: Corviknight|22\/100\n|move|p1b: Indeedee|Heal Pulse|p1a: Corviknight\n|-heal|p1a: Corviknight|72\/100\n|move|p1a: Corviknight|Power Trip|p2b: Farigiraf\n|-supereffective|p2b: Farigiraf\n|-damage|p2b: Farigiraf|0 fnt\n|faint|p2b: Farigiraf\n|\n|upkeep\n|turn|7\n|-message|Bale_007 forfeited.\n|\n|win|Junkman3713\n|raw|Junkman3713's rating: 1246 &rarr; <strong>1278<\/strong><br \/>(+32 for winning)\n|raw|Bale_007's rating: 1342 &rarr; <strong>1317<\/strong><br \/>(-25 for losing)\n|l|\u2606Bale_007\n","uploadtime":1701121133,"views":1,"p1id":"junkman3713","p2id":"bale007","formatid":"gen9vgc2023regulatione","rating":1278,"private":0,"password":""}