{"id":"gen9vgc2023regulatione-1990988714","p1":"poop00","p2":"R3N92","format":"[Gen 9] VGC 2023 Regulation E","log":"|j|\u2606poop00\n|j|\u2606R3N92\n|t:|1700023996\n|gametype|doubles\n|player|p1|poop00|102|1274\n|player|p2|R3N92|169|1348\n|teamsize|p1|6\n|teamsize|p2|6\n|gen|9\n|tier|[Gen 9] VGC 2023 Regulation E\n|rated|\n|rule|Species Clause: Limit one of each Pok\u00e9mon\n|rule|Item Clause: Limit one of each item\n|clearpoke\n|poke|p1|Landorus-Therian, L50, M|\n|poke|p1|Gastrodon, L50, M|\n|poke|p1|Heatran, L50, F|\n|poke|p1|Ogerpon-Wellspring, L50, F|\n|poke|p1|Grimmsnarl, L50, M|\n|poke|p1|Spectrier, L50|\n|poke|p2|Roaring Moon, L50|\n|poke|p2|Sinistcha, L50|\n|poke|p2|Landorus-Therian, L50, M|\n|poke|p2|Iron Hands, L50|\n|poke|p2|Flutter Mane, L50|\n|poke|p2|Kingambit, L50, M|\n|teampreview|4\n|\n|t:|1700024066\n|start\n|switch|p1a: Grimmsnarl|Grimmsnarl, L50, M|100\/100\n|switch|p1b: Gastrodon|Gastrodon, L50, M|100\/100\n|switch|p2a: Landorus|Landorus-Therian, L50, M|100\/100\n|switch|p2b: Kingambit|Kingambit, L50, M|100\/100\n|-ability|p2a: Landorus|Intimidate|boost\n|-unboost|p1a: Grimmsnarl|atk|1\n|-unboost|p1b: Gastrodon|atk|1\n|turn|1\n|\n|t:|1700024091\n|move|p1a: Grimmsnarl|Reflect|p1a: Grimmsnarl\n|-sidestart|p1: poop00|Reflect\n|move|p2a: Landorus|U-turn|p1a: Grimmsnarl\n|-damage|p1a: Grimmsnarl|81\/100\n|\n|t:|1700024095\n|switch|p2a: Flutter Mane|Flutter Mane, L50|100\/100|[from] U-turn\n|move|p2b: Kingambit|Swords Dance|p2b: Kingambit\n|-boost|p2b: Kingambit|atk|2\n|move|p1b: Gastrodon|Yawn|p2b: Kingambit\n|-start|p2b: Kingambit|move: Yawn|[of] p1b: Gastrodon\n|\n|upkeep\n|turn|2\n|\n|t:|1700024125\n|switch|p1b: Ogerpon|Ogerpon-Wellspring, L50, F|100\/100\n|-terastallize|p2a: Flutter Mane|Fairy\n|move|p1a: Grimmsnarl|Parting Shot|p2a: Flutter Mane\n|-unboost|p2a: Flutter Mane|atk|1\n|-unboost|p2a: Flutter Mane|spa|1\n|\n|t:|1700024132\n|switch|p1a: Gastrodon|Gastrodon, L50, M|100\/100|[from] Parting Shot\n|move|p2a: Flutter Mane|Moonblast|p1b: Ogerpon\n|-damage|p1b: Ogerpon|41\/100\n|-unboost|p1b: Ogerpon|spa|1\n|move|p2b: Kingambit|Iron Head|p1b: Ogerpon\n|-resisted|p1b: Ogerpon\n|-damage|p1b: Ogerpon|10\/100\n|\n|-end|p2b: Kingambit|move: Yawn|[silent]\n|-status|p2b: Kingambit|slp\n|upkeep\n|turn|3\n|\n|t:|1700024153\n|cant|p2b: Kingambit|slp\n|move|p2a: Flutter Mane|Moonblast|p1a: Gastrodon\n|-damage|p1a: Gastrodon|43\/100\n|-enditem|p1a: Gastrodon|Sitrus Berry|[eat]\n|-heal|p1a: Gastrodon|67\/100|[from] item: Sitrus Berry\n|move|p1b: Ogerpon|Horn Leech|p2a: Flutter Mane\n|-damage|p2a: Flutter Mane|14\/100\n|-heal|p1b: Ogerpon|43\/100|[from] drain|[of] p2a: Flutter Mane\n|move|p1a: Gastrodon|Yawn|p2a: Flutter Mane\n|-start|p2a: Flutter Mane|move: Yawn|[of] p1a: Gastrodon\n|\n|upkeep\n|turn|4\n|\n|t:|1700024175\n|-end|p2a: Flutter Mane|Protosynthesis|[silent]\n|switch|p2a: Landorus|Landorus-Therian, L50, M|100\/100\n|-ability|p2a: Landorus|Intimidate|boost\n|-unboost|p1a: Gastrodon|atk|1\n|-unboost|p1b: Ogerpon|atk|1\n|move|p1b: Ogerpon|Ivy Cudgel|p1a: Gastrodon|[anim] Ivy Cudgel Water\n|-activate|p1a: Gastrodon|ability: Storm Drain\n|-ability|p1a: Gastrodon|Storm Drain|boost\n|-boost|p1a: Gastrodon|spa|1\n|cant|p2b: Kingambit|slp\n|move|p1a: Gastrodon|Earth Power|p2b: Kingambit\n|-supereffective|p2b: Kingambit\n|-damage|p2b: Kingambit|27\/100 slp\n|\n|-heal|p2b: Kingambit|33\/100 slp|[from] item: Leftovers\n|upkeep\n|turn|5\n|\n|t:|1700024197\n|move|p1b: Ogerpon|Spiky Shield|p1b: Ogerpon\n|-singleturn|p1b: Ogerpon|move: Protect\n|-curestatus|p2b: Kingambit|slp|[msg]\n|move|p2b: Kingambit|Protect|p2b: Kingambit\n|-singleturn|p2b: Kingambit|Protect\n|move|p2a: Landorus|Stomping Tantrum|p1a: Gastrodon\n|-damage|p1a: Gastrodon|42\/100\n|move|p1a: Gastrodon|Earth Power|p2b: Kingambit\n|-activate|p2b: Kingambit|move: Protect\n|\n|-heal|p2b: Kingambit|38\/100|[from] item: Leftovers\n|upkeep\n|turn|6\n|\n|t:|1700024230\n|move|p1a: Gastrodon|Protect|p1a: Gastrodon\n|-singleturn|p1a: Gastrodon|Protect\n|move|p2a: Landorus|Stomping Tantrum|p1a: Gastrodon\n|-activate|p1a: Gastrodon|move: Protect\n|move|p1b: Ogerpon|Ivy Cudgel|p1a: Gastrodon|[anim] Ivy Cudgel Water\n|-activate|p1a: Gastrodon|ability: Storm Drain\n|-activate|p1a: Gastrodon|move: Protect\n|move|p2b: Kingambit|Iron Head|p1a: Gastrodon\n|-activate|p1a: Gastrodon|move: Protect\n|\n|-heal|p2b: Kingambit|44\/100|[from] item: Leftovers\n|upkeep\n|turn|7\n|\n|t:|1700024257\n|switch|p2a: Sinistcha|Sinistcha, L50|100\/100\n|-heal|p2b: Kingambit|69\/100|[from] ability: Hospitality|[of] p2a: Sinistcha\n|move|p2b: Kingambit|Sucker Punch|p1a: Gastrodon\n|-damage|p1a: Gastrodon|0 fnt\n|faint|p1a: Gastrodon\n|move|p1b: Ogerpon|Horn Leech|p2b: Kingambit\n|-resisted|p2b: Kingambit\n|-damage|p2b: Kingambit|59\/100\n|-heal|p1b: Ogerpon|50\/100|[from] drain|[of] p2b: Kingambit\n|\n|-heal|p2b: Kingambit|65\/100|[from] item: Leftovers\n|upkeep\n|\n|t:|1700024280\n|switch|p1a: Grimmsnarl|Grimmsnarl, L50, M|81\/100\n|turn|8\n|\n|t:|1700024296\n|switch|p2a: Landorus|Landorus-Therian, L50, M|100\/100\n|-ability|p2a: Landorus|Intimidate|boost\n|-unboost|p1a: Grimmsnarl|atk|1\n|-unboost|p1b: Ogerpon|atk|1\n|move|p1b: Ogerpon|Spiky Shield|p1b: Ogerpon\n|-singleturn|p1b: Ogerpon|move: Protect\n|move|p1a: Grimmsnarl|Light Screen|p1a: Grimmsnarl\n|-sidestart|p1: poop00|move: Light Screen\n|move|p2b: Kingambit|Swords Dance|p2b: Kingambit\n|-boost|p2b: Kingambit|atk|2\n|\n|-heal|p2b: Kingambit|70\/100|[from] item: Leftovers\n|-sideend|p1: poop00|Reflect\n|upkeep\n|turn|9\n|\n|t:|1700024334\n|switch|p1b: Spectrier|Spectrier, L50|100\/100\n|move|p1a: Grimmsnarl|Parting Shot|p2a: Landorus\n|-unboost|p2a: Landorus|atk|1\n|-unboost|p2a: Landorus|spa|1\n|\n|t:|1700024339\n|switch|p1a: Ogerpon|Ogerpon-Wellspring, L50, F|50\/100|[from] Parting Shot\n|move|p2a: Landorus|Stomping Tantrum|p1b: Spectrier\n|-damage|p1b: Spectrier|68\/100\n|move|p2b: Kingambit|Iron Head|p1b: Spectrier\n|-damage|p1b: Spectrier|0 fnt\n|faint|p1b: Spectrier\n|\n|-heal|p2b: Kingambit|76\/100|[from] item: Leftovers\n|upkeep\n|\n|t:|1700024346\n|switch|p1b: Grimmsnarl|Grimmsnarl, L50, M|81\/100\n|turn|10\n|\n|t:|1700024358\n|switch|p2a: Sinistcha|Sinistcha, L50|100\/100\n|-heal|p2b: Kingambit|100\/100|[from] ability: Hospitality|[of] p2a: Sinistcha\n|move|p1b: Grimmsnarl|Reflect|p1b: Grimmsnarl\n|-sidestart|p1: poop00|Reflect\n|move|p1a: Ogerpon|Ivy Cudgel|p2b: Kingambit|[anim] Ivy Cudgel Water\n|-damage|p2b: Kingambit|57\/100\n|move|p2b: Kingambit|Iron Head|p1b: Grimmsnarl\n|-supereffective|p1b: Grimmsnarl\n|-damage|p1b: Grimmsnarl|0 fnt\n|faint|p1b: Grimmsnarl\n|\n|-heal|p2b: Kingambit|63\/100|[from] item: Leftovers\n|upkeep\n|turn|11\n|-message|poop00 forfeited.\n|\n|win|R3N92\n|raw|poop00's rating: 1274 &rarr; <strong>1254<\/strong><br \/>(-20 for losing)\n|raw|R3N92's rating: 1348 &rarr; <strong>1364<\/strong><br \/>(+16 for winning)\n|l|\u2606poop00\n","uploadtime":1700024382,"views":13,"p1id":"poop00","p2id":"r3n92","formatid":"gen9vgc2023regulatione","rating":1254,"private":0,"password":""}