{"id":"gen9vgc2023regulatione-1998560260","p1":"superseriousboii","p2":"Schmalzbrot","format":"[Gen 9] VGC 2023 Regulation E","log":"|j|\u2606superseriousboii\n|j|\u2606Schmalzbrot\n|t:|1700956414\n|gametype|doubles\n|player|p1|superseriousboii|drayden|1124\n|player|p2|Schmalzbrot|shadowtriad|1051\n|teamsize|p1|6\n|teamsize|p2|6\n|gen|9\n|tier|[Gen 9] VGC 2023 Regulation E\n|rated|\n|rule|Species Clause: Limit one of each Pok\u00e9mon\n|rule|Item Clause: Limit one of each item\n|clearpoke\n|poke|p1|Sinistcha-Masterpiece, L50|\n|poke|p1|Ursaluna-Bloodmoon, L50, M|\n|poke|p1|Iron Hands, L50|\n|poke|p1|Scizor, L50, F|\n|poke|p1|Kingambit, L50, M|\n|poke|p1|Armarouge, L50, M|\n|poke|p2|Articuno, L50|\n|poke|p2|Ninetales-Alola, L50, M|\n|poke|p2|Cetitan, L50, M|\n|poke|p2|Flutter Mane, L50|\n|poke|p2|Ursaluna-Bloodmoon, L50, M|\n|poke|p2|Gastrodon-East, L50, F|\n|teampreview|4\nSchmalzbrot has agreed to open team sheets.\n|\n|t:|1700956450\n|start\n|switch|p1a: Sinistcha|Sinistcha-Masterpiece, L50|100\/100\n|switch|p1b: Scizor|Scizor, L50, F|100\/100\n|switch|p2a: Tales never Fales|Ninetales-Alola, L50, M|100\/100\n|switch|p2b: Articooni|Articuno, L50|100\/100\n|-weather|Snow|[from] ability: Snow Warning|[of] p2a: Tales never Fales\n|turn|1\n|inactive|Battle timer is ON: inactive players will automatically lose when time's up. (requested by Schmalzbrot)\n|\n|t:|1700956492\n|switch|p2a: Don Giorno|Gastrodon-East, L50, F|100\/100\n|-terastallize|p1a: Sinistcha|Normal\n|move|p1b: Scizor|Bullet Punch|p2a: Don Giorno\n|-resisted|p2a: Don Giorno\n|-damage|p2a: Don Giorno|70\/100\n|move|p2b: Articooni|Freeze-Dry|p1a: Sinistcha\n|-damage|p1a: Sinistcha|63\/100\n|move|p1a: Sinistcha|Trick Room|p1a: Sinistcha\n|-fieldstart|move: Trick Room|[of] p1a: Sinistcha\n|\n|-weather|Snow|[upkeep]\n|upkeep\n|turn|2\n|\n|t:|1700956513\n|move|p2b: Articooni|Protect|p2b: Articooni\n|-singleturn|p2b: Articooni|Protect\n|move|p1b: Scizor|Bullet Punch|p2b: Articooni\n|-activate|p2b: Articooni|move: Protect\n|move|p2a: Don Giorno|Yawn|p1b: Scizor\n|-start|p1b: Scizor|move: Yawn|[of] p2a: Don Giorno\n|move|p1a: Sinistcha|Matcha Gotcha|p2b: Articooni|[spread] p2a\n|-activate|p2b: Articooni|move: Protect\n|-supereffective|p2a: Don Giorno\n|-damage|p2a: Don Giorno|9\/100\n|-heal|p1a: Sinistcha|99\/100|[from] drain|[of] p2a: Don Giorno\n|-enditem|p2a: Don Giorno|Sitrus Berry|[eat]\n|-heal|p2a: Don Giorno|34\/100|[from] item: Sitrus Berry\n|\n|-weather|Snow|[upkeep]\n|upkeep\n|turn|3\n|inactive|superseriousboii has 30 seconds left.\n|inactive|superseriousboii has 20 seconds left.\n|\n|t:|1700956550\n|switch|p1b: Ursaluna|Ursaluna-Bloodmoon, L50, M|100\/100\n|switch|p2b: Furry Potter|Flutter Mane, L50|100\/100\n|-enditem|p2b: Furry Potter|Booster Energy\n|-activate|p2b: Furry Potter|ability: Protosynthesis|[fromitem]\n|-start|p2b: Furry Potter|protosynthesisspe\n|-terastallize|p2a: Don Giorno|Ghost\n|move|p2a: Don Giorno|Earth Power|p1a: Sinistcha\n|-damage|p1a: Sinistcha|65\/100\n|move|p1a: Sinistcha|Matcha Gotcha|p2a: Don Giorno|[spread] p2a\n|-miss|p1a: Sinistcha|p2b: Furry Potter\n|-damage|p2a: Don Giorno|17\/100\n|-heal|p1a: Sinistcha|75\/100|[from] drain|[of] p2a: Don Giorno\n|\n|-weather|Snow|[upkeep]\n|upkeep\n|turn|4\n|inactive|superseriousboii has 30 seconds left.\n|inactive|Schmalzbrot has 30 seconds left.\n|inactive|superseriousboii has 20 seconds left.\n|\n|t:|1700956590\n|move|p1b: Ursaluna|Calm Mind|p1b: Ursaluna\n|-boost|p1b: Ursaluna|spa|1\n|-boost|p1b: Ursaluna|spd|1\n|move|p2a: Don Giorno|Icy Wind|p1a: Sinistcha|[spread] p1a,p1b\n|-supereffective|p1b: Ursaluna\n|-damage|p1a: Sinistcha|63\/100\n|-damage|p1b: Ursaluna|88\/100\n|-unboost|p1a: Sinistcha|spe|1\n|-unboost|p1b: Ursaluna|spe|1\n|move|p1a: Sinistcha|Calm Mind|p1a: Sinistcha\n|-boost|p1a: Sinistcha|spa|1\n|-boost|p1a: Sinistcha|spd|1\n|move|p2b: Furry Potter|Moonblast|p1a: Sinistcha\n|-damage|p1a: Sinistcha|24\/100\n|\n|-weather|Snow|[upkeep]\n|-heal|p1b: Ursaluna|94\/100|[from] item: Leftovers\n|upkeep\n|turn|5\n|-message|Schmalzbrot forfeited.\n|\n|win|superseriousboii\n|raw|superseriousboii's rating: 1124 &rarr; <strong>1144<\/strong><br \/>(+20 for winning)\n|raw|Schmalzbrot's rating: 1051 &rarr; <strong>1037<\/strong><br \/>(-14 for losing)\n|l|\u2606Schmalzbrot\n","uploadtime":1700956613,"views":3,"p1id":"superseriousboii","p2id":"schmalzbrot","formatid":"gen9vgc2023regulatione","rating":1037,"private":0,"password":""}