{"id":"gen9vgc2023regulatione-1988647426","p1":"WestDevil","p2":"Profily","format":"[Gen 9] VGC 2023 Regulation E","log":"|j|\u2606WestDevil\n|j|\u2606Profily\n|t:|1699745921\n|gametype|doubles\n|player|p1|WestDevil|101|1408\n|player|p2|Profily|bruno|1401\n|teamsize|p1|6\n|teamsize|p2|6\n|gen|9\n|tier|[Gen 9] VGC 2023 Regulation E\n|rated|\n|rule|Species Clause: Limit one of each Pok\u00e9mon\n|rule|Item Clause: Limit one of each item\n|clearpoke\n|poke|p1|Cresselia, L50, F|\n|poke|p1|Dondozo, L50, F|\n|poke|p1|Tatsugiri, L50, M|\n|poke|p1|Ogerpon-Hearthflame, L50, F|\n|poke|p1|Tornadus, L50, M|\n|poke|p1|Flutter Mane, L50|\n|poke|p2|Spinarak, L50, M|\n|poke|p2|Tatsugiri-Droopy, L50, M|\n|poke|p2|Arcanine-Hisui, L50, M|\n|poke|p2|Lurantis, L50, F|\n|poke|p2|Hatterene, L50, F|\n|poke|p2|Farigiraf, L50, M|\n|teampreview|4\n|inactive|Battle timer is ON: inactive players will automatically lose when time's up. (requested by Profily)\n|inactive|Profily has 60 seconds left.\n|\n|t:|1699745952\n|start\n|switch|p1a: Cresselia|Cresselia, L50, F|100\/100\n|switch|p1b: Ogerpon|Ogerpon-Hearthflame, L50, F|100\/100\n|switch|p2a: Arcanine|Arcanine-Hisui, L50, M|100\/100\n|switch|p2b: Farigiraf|Farigiraf, L50, M|100\/100\n|-ability|p2a: Arcanine|Intimidate|boost\n|-unboost|p1a: Cresselia|atk|1\n|-unboost|p1b: Ogerpon|atk|1\n|-ability|p1b: Ogerpon|Mold Breaker\n|turn|1\n|\n|t:|1699745963\n|switch|p1b: Tatsugiri|Tatsugiri, L50, M|100\/100\n|move|p2a: Arcanine|Rock Slide|p1a: Cresselia|[spread] p1a,p1b\n|-damage|p1a: Cresselia|83\/100\n|-damage|p1b: Tatsugiri|45\/100\n|cant|p1a: Cresselia|flinch\n|move|p2b: Farigiraf|Trick Room|p2b: Farigiraf\n|-fieldstart|move: Trick Room|[of] p2b: Farigiraf\n|\n|upkeep\n|turn|2\n|\n|t:|1699745975\n|switch|p1a: Dondozo|Dondozo, L50, F|100\/100\n|-activate|p1b: Tatsugiri|ability: Commander|[of] p1a: Dondozo\n|-boost|p1a: Dondozo|atk|2\n|-boost|p1a: Dondozo|spa|2\n|-boost|p1a: Dondozo|spe|2\n|-boost|p1a: Dondozo|def|2\n|-boost|p1a: Dondozo|spd|2\n|switch|p2a: Tatsugiri|Tatsugiri-Droopy, L50, M|100\/100\n|move|p2b: Farigiraf|Hyper Voice|p1b: Tatsugiri|[spread] p1a\n|-miss|p2b: Farigiraf|p1b: Tatsugiri\n|-damage|p1a: Dondozo|82\/100\n|\n|-heal|p1a: Dondozo|88\/100|[from] item: Leftovers\n|upkeep\n|turn|3\n|\n|t:|1699745987\n|switch|p2b: Spinarak|Spinarak, L50, M, shiny|100\/100\n|-terastallize|p2a: Tatsugiri|Fairy\n|move|p2a: Tatsugiri|Substitute|p2a: Tatsugiri\n|-start|p2a: Tatsugiri|Substitute\n|-damage|p2a: Tatsugiri|76\/100\n|move|p1a: Dondozo|Order Up|p2b: Spinarak\n|-damage|p2b: Spinarak|52\/100\n|-boost|p1a: Dondozo|atk|1\n|\n|-heal|p2a: Tatsugiri|82\/100|[from] item: Leftovers\n|-heal|p1a: Dondozo|94\/100|[from] item: Leftovers\n|upkeep\n|turn|4\n|\n|t:|1699745999\n|move|p2b: Spinarak|Acid Spray|p1a: Dondozo\n|-damage|p1a: Dondozo|90\/100\n|-unboost|p1a: Dondozo|spd|2\n|move|p2a: Tatsugiri|Dragon Pulse|p1a: Dondozo\n|-damage|p1a: Dondozo|40\/100\n|move|p1a: Dondozo|Earthquake|p2b: Spinarak|[spread] p2a,p2b\n|-miss|p1a: Dondozo|p1b: Tatsugiri\n|-end|p2a: Tatsugiri|Substitute\n|-damage|p2b: Spinarak|0 fnt\n|faint|p2b: Spinarak\n|\n|-heal|p2a: Tatsugiri|87\/100|[from] item: Leftovers\n|-heal|p1a: Dondozo|46\/100|[from] item: Leftovers\n|upkeep\n|\n|t:|1699746004\n|switch|p2b: Farigiraf|Farigiraf, L50, M|100\/100\n|turn|5\n|\n|t:|1699746017\n|move|p1a: Dondozo|Protect|p1a: Dondozo\n|-singleturn|p1a: Dondozo|Protect\n|move|p2b: Farigiraf|Psychic|p1a: Dondozo\n|-activate|p1a: Dondozo|move: Protect\n|move|p2a: Tatsugiri|Substitute|p2a: Tatsugiri\n|-start|p2a: Tatsugiri|Substitute\n|-damage|p2a: Tatsugiri|63\/100\n|\n|-heal|p2a: Tatsugiri|68\/100|[from] item: Leftovers\n|-heal|p1a: Dondozo|52\/100|[from] item: Leftovers\n|-fieldend|move: Trick Room\n|upkeep\n|turn|6\n|\n|t:|1699746028\n|move|p1a: Dondozo|Wave Crash|p2a: Tatsugiri\n|-activate|p2a: Tatsugiri|ability: Storm Drain\n|-ability|p2a: Tatsugiri|Storm Drain|boost\n|-boost|p2a: Tatsugiri|spa|1\n|move|p2a: Tatsugiri|Dragon Pulse|p1a: Dondozo\n|-damage|p1a: Dondozo|0 fnt\n|faint|p1a: Dondozo\n|move|p2b: Farigiraf|Trick Room|p2b: Farigiraf\n|-fieldstart|move: Trick Room|[of] p2b: Farigiraf\n|\n|-heal|p2a: Tatsugiri|74\/100|[from] item: Leftovers\n|upkeep\n|\n|t:|1699746032\n|switch|p1a: Cresselia|Cresselia, L50, F|83\/100\n|turn|7\n|\n|t:|1699746042\n|-terastallize|p1b: Tatsugiri|Steel\n|move|p2b: Farigiraf|Hyper Voice|p1b: Tatsugiri|[spread] p1a,p1b\n|-resisted|p1b: Tatsugiri\n|-damage|p1a: Cresselia|62\/100\n|-damage|p1b: Tatsugiri|23\/100\n|move|p2a: Tatsugiri|Dragon Pulse|p1a: Cresselia\n|-damage|p1a: Cresselia|23\/100\n|move|p1b: Tatsugiri|Draco Meteor|p2b: Farigiraf\n|-damage|p2b: Farigiraf|32\/100\n|-unboost|p1b: Tatsugiri|spa|2\n|move|p1a: Cresselia|Trick Room|p1a: Cresselia\n|-fieldend|move: Trick Room\n|\n|-heal|p2a: Tatsugiri|80\/100|[from] item: Leftovers\n|upkeep\n|turn|8\n|\n|t:|1699746061\n|switch|p2b: Arcanine|Arcanine-Hisui, L50, M|100\/100\n|-ability|p2b: Arcanine|Intimidate|boost\n|-unboost|p1a: Cresselia|atk|1\n|-unboost|p1b: Tatsugiri|atk|1\n|move|p1a: Cresselia|Helping Hand|p1b: Tatsugiri\n|-singleturn|p1b: Tatsugiri|Helping Hand|[of] p1a: Cresselia\n|move|p1b: Tatsugiri|Draco Meteor|p2b: Arcanine|[miss]\n|-miss|p1b: Tatsugiri|p2b: Arcanine\n|move|p2a: Tatsugiri|Muddy Water|p1a: Cresselia|[spread] p1a,p1b\n|-damage|p1a: Cresselia|0 fnt\n|-damage|p1b: Tatsugiri|0 fnt\n|faint|p1a: Cresselia\n|faint|p1b: Tatsugiri\n|\n|-heal|p2a: Tatsugiri|86\/100|[from] item: Leftovers\n|upkeep\n|\n|t:|1699746072\n|switch|p1b: Ogerpon|Ogerpon-Hearthflame, L50, F|100\/100\n|-ability|p1b: Ogerpon|Mold Breaker\n|turn|9\n|c|\u2606WestDevil|flinch at the start really screwed me :(\n|c|\u2606WestDevil|ggs\n|c|\u2606Profily|gg\n|\n|t:|1699746089\n|move|p2b: Arcanine|Rock Slide|p1b: Ogerpon\n|-supereffective|p1b: Ogerpon\n|-damage|p1b: Ogerpon|0 fnt\n|faint|p1b: Ogerpon\n|\n|win|Profily\n|raw|WestDevil's rating: 1408 &rarr; <strong>1388<\/strong><br \/>(-20 for losing)\n|raw|Profily's rating: 1401 &rarr; <strong>1421<\/strong><br \/>(+20 for winning)\n","uploadtime":1699746093,"views":30,"p1id":"westdevil","p2id":"profily","formatid":"gen9vgc2023regulatione","rating":1388,"private":0,"password":""}