{"id":"gen9vgc2023regulatione-1995852418","p1":"Abro hilo","p2":"Fiekd","format":"[Gen 9] VGC 2023 Regulation E","log":"|j|\u2606Abro hilo\n|j|\u2606Fiekd\n|t:|1700609752\n|gametype|doubles\n|player|p1|Abro hilo|pilot|1234\n|player|p2|Fiekd|n|1279\n|teamsize|p1|6\n|teamsize|p2|6\n|gen|9\n|tier|[Gen 9] VGC 2023 Regulation E\n|rated|\n|rule|Species Clause: Limit one of each Pok\u00e9mon\n|rule|Item Clause: Limit one of each item\n|clearpoke\n|poke|p1|Ninetales-Alola, L50, F|\n|poke|p1|Empoleon, L50, F|\n|poke|p1|Roaring Moon, L50|\n|poke|p1|Sinistcha, L50|\n|poke|p1|Urshifu-*, L50, F|\n|poke|p1|Arcanine-Hisui, L50, F|\n|poke|p2|Cresselia, L50, F|\n|poke|p2|Ursaluna-Bloodmoon, L50, M|\n|poke|p2|Iron Hands, L50|\n|poke|p2|Ogerpon-Wellspring, L50, F|\n|poke|p2|Arcanine-Hisui, L50, M|\n|poke|p2|Flutter Mane, L50|\n|teampreview|4\n|\n|t:|1700609772\n|start\n|switch|p1a: Urshifu|Urshifu, L50, F|100\/100\n|switch|p1b: Ninetales|Ninetales-Alola, L50, F|100\/100\n|switch|p2a: crescendo|Cresselia, L50, F|100\/100\n|switch|p2b: kurt souma|Iron Hands, L50|100\/100\n|-weather|Snow|[from] ability: Snow Warning|[of] p1b: Ninetales\n|turn|1\n|\n|t:|1700609788\n|move|p2b: kurt souma|Fake Out|p1a: Urshifu\n|-damage|p1a: Urshifu|85\/100\n|move|p1b: Ninetales|Aurora Veil|p1b: Ninetales\n|-sidestart|p1: Abro hilo|move: Aurora Veil\n|cant|p1a: Urshifu|flinch\n|move|p2a: crescendo|Trick Room|p2a: crescendo\n|-fieldstart|move: Trick Room|[of] p2a: crescendo\n|\n|-weather|Snow|[upkeep]\n|upkeep\n|turn|2\n|\n|t:|1700609819\n|switch|p1a: Arcanine|Arcanine-Hisui, L50, F|100\/100\n|-ability|p1a: Arcanine|Intimidate|boost\n|-unboost|p2a: crescendo|atk|1\n|-unboost|p2b: kurt souma|atk|1\n|move|p2a: crescendo|Helping Hand|p2b: kurt souma\n|-singleturn|p2b: kurt souma|Helping Hand|[of] p2a: crescendo\n|move|p2b: kurt souma|Drain Punch|p1a: Arcanine\n|-supereffective|p1a: Arcanine\n|-damage|p1a: Arcanine|34\/100\n|move|p1b: Ninetales|Moonblast|p2b: kurt souma\n|-supereffective|p2b: kurt souma\n|-damage|p2b: kurt souma|64\/100\n|\n|-weather|Snow|[upkeep]\n|upkeep\n|turn|3\n|\n|t:|1700609868\n|switch|p1b: Empoleon|Empoleon, L50, F|100\/100\n|-terastallize|p1a: Arcanine|Fairy\n|move|p2a: crescendo|Helping Hand|p2b: kurt souma\n|-singleturn|p2b: kurt souma|Helping Hand|[of] p2a: crescendo\n|move|p2b: kurt souma|Heavy Slam|p1b: Empoleon\n|-resisted|p1b: Empoleon\n|-damage|p1b: Empoleon|94\/100\n|move|p1a: Arcanine|Tera Blast|p2b: kurt souma|[anim] Tera Blast Fairy\n|-supereffective|p2b: kurt souma\n|-damage|p2b: kurt souma|0 fnt\n|faint|p2b: kurt souma\n|-end|p2b: kurt souma|Quark Drive|[silent]\n|\n|-weather|Snow|[upkeep]\n|upkeep\n|\n|t:|1700609875\n|switch|p2b: going lunar|Ursaluna-Bloodmoon, L50, M|100\/100\n|turn|4\n|\n|t:|1700609889\n|switch|p1a: Ninetales|Ninetales-Alola, L50, F|100\/100\n|-terastallize|p2b: going lunar|Grass\n|move|p2a: crescendo|Helping Hand|p2b: going lunar\n|-singleturn|p2b: going lunar|Helping Hand|[of] p2a: crescendo\n|move|p2b: going lunar|Hyper Voice|p1b: Empoleon|[spread] p1a,p1b\n|-resisted|p1b: Empoleon\n|-damage|p1a: Ninetales|60\/100\n|-damage|p1b: Empoleon|81\/100\n|-enditem|p2b: going lunar|Throat Spray\n|-boost|p2b: going lunar|spa|1|[from] item: Throat Spray\n|move|p1b: Empoleon|Hydro Pump|p2b: going lunar\n|-resisted|p2b: going lunar\n|-crit|p2b: going lunar\n|-damage|p2b: going lunar|56\/100\n|\n|-weather|Snow|[upkeep]\n|upkeep\n|turn|5\n|\n|t:|1700609906\n|move|p1a: Ninetales|Protect|p1a: Ninetales\n|-singleturn|p1a: Ninetales|Protect\n|move|p2b: going lunar|Blood Moon|p1a: Ninetales\n|-activate|p1a: Ninetales|move: Protect\n|move|p1b: Empoleon|Ice Beam|p2b: going lunar\n|-supereffective|p2b: going lunar\n|-damage|p2b: going lunar|0 fnt\n|faint|p2b: going lunar\n|move|p2a: crescendo|Lunar Blessing||[still]\n|-fail|p2a: crescendo\n|\n|-weather|none\n|-fieldend|move: Trick Room\n|upkeep\n|\n|t:|1700609910\n|switch|p2b: Flutter Mane|Flutter Mane, L50|100\/100\n|turn|6\n|\n|t:|1700609926\n|switch|p1a: Arcanine|Arcanine-Hisui, L50, F, tera:Fairy|34\/100\n|-ability|p1a: Arcanine|Intimidate|boost\n|-unboost|p2a: crescendo|atk|1\n|-unboost|p2b: Flutter Mane|atk|1\n|move|p2a: crescendo|Helping Hand|p2b: Flutter Mane\n|-singleturn|p2b: Flutter Mane|Helping Hand|[of] p2a: crescendo\n|move|p2b: Flutter Mane|Shadow Ball|p1a: Arcanine\n|-damage|p1a: Arcanine|0 fnt\n|faint|p1a: Arcanine\n|move|p1b: Empoleon|Flash Cannon|p2b: Flutter Mane\n|-supereffective|p2b: Flutter Mane\n|-damage|p2b: Flutter Mane|8\/100\n|\n|upkeep\n|\n|t:|1700609937\n|switch|p1a: Ninetales|Ninetales-Alola, L50, F|60\/100\n|-weather|Snow|[from] ability: Snow Warning|[of] p1a: Ninetales\n|turn|7\n|\n|t:|1700609944\n|move|p2a: crescendo|Helping Hand|p2b: Flutter Mane\n|-singleturn|p2b: Flutter Mane|Helping Hand|[of] p2a: crescendo\n|move|p2b: Flutter Mane|Shadow Ball|p1b: Empoleon\n|-damage|p1b: Empoleon|41\/100\n|-unboost|p1b: Empoleon|spd|1\n|-ability|p1b: Empoleon|Competitive|boost\n|-boost|p1b: Empoleon|spa|2\n|move|p1a: Ninetales|Blizzard|p2b: Flutter Mane|[spread] p2a,p2b\n|-damage|p2a: crescendo|88\/100\n|-damage|p2b: Flutter Mane|0 fnt\n|-status|p2a: crescendo|frz\n|faint|p2b: Flutter Mane\n|-end|p2b: Flutter Mane|Protosynthesis|[silent]\n|move|p1b: Empoleon|Flash Cannon|p2a: crescendo\n|-damage|p2a: crescendo|45\/100 frz\n|\n|-weather|Snow|[upkeep]\n|upkeep\n|turn|8\n|\n|t:|1700609960\n|move|p1a: Ninetales|Blizzard|p2a: crescendo\n|-damage|p2a: crescendo|27\/100 frz\n|cant|p2a: crescendo|frz\n|move|p1b: Empoleon|Flash Cannon|p2a: crescendo\n|-damage|p2a: crescendo|0 fnt\n|faint|p2a: crescendo\n|\n|win|Abro hilo\n|raw|Abro hilo's rating: 1234 &rarr; <strong>1262<\/strong><br \/>(+28 for winning)\n|raw|Fiekd's rating: 1279 &rarr; <strong>1251<\/strong><br \/>(-28 for losing)\n|l|\u2606Fiekd\n","uploadtime":1700609973,"views":8,"p1id":"abrohilo","p2id":"fiekd","formatid":"gen9vgc2023regulatione","rating":1251,"private":0,"password":""}