{"id":"gen9vgc2023regulatione-1992862759","p1":"XxBuTcHeRxX","p2":"Prf.Anu","format":"[Gen 9] VGC 2023 Regulation E","log":"|j|\u2606XxBuTcHeRxX\n|j|\u2606Prf.Anu\n|t:|1700241930\n|gametype|doubles\n|player|p1|XxBuTcHeRxX|1|1014\n|player|p2|Prf.Anu|unknown|1005\n|teamsize|p1|6\n|teamsize|p2|6\n|gen|9\n|tier|[Gen 9] VGC 2023 Regulation E\n|rated|\n|rule|Species Clause: Limit one of each Pok\u00e9mon\n|rule|Item Clause: Limit one of each item\n|clearpoke\n|poke|p1|Kommo-o, L50, F|\n|poke|p1|Espeon, L50, F|\n|poke|p1|Tornadus, L50, M|\n|poke|p1|Iron Hands, L50|\n|poke|p1|Arcanine-Hisui, L50, M|\n|poke|p1|Sinistcha-Masterpiece, L50|\n|poke|p2|Ogerpon-Wellspring, L50, F|\n|poke|p2|Heatran, L50, F|\n|poke|p2|Armarouge, L50, M|\n|poke|p2|Flutter Mane, L50|\n|poke|p2|Indeedee-F, L50, F|\n|poke|p2|Iron Hands, L50|\n|teampreview|4\n|inactive|Battle timer is ON: inactive players will automatically lose when time's up. (requested by Prf.Anu)\nPrf.Anu rejected open team sheets.\n|\n|t:|1700241944\n|start\n|switch|p1a: Kommo-o|Kommo-o, L50, F|100\/100\n|switch|p1b: Iron Hands|Iron Hands, L50|100\/100\n|switch|p2a: Ogerpon|Ogerpon-Wellspring, L50, F|100\/100\n|switch|p2b: Indeedee|Indeedee-F, L50, F, shiny|100\/100\n|-fieldstart|move: Psychic Terrain|[from] ability: Psychic Surge|[of] p2b: Indeedee\n|turn|1\n|\n|t:|1700241960\n|switch|p2b: Armarouge|Armarouge, L50, M, shiny|100\/100\n|-terastallize|p1a: Kommo-o|Steel\n|move|p1b: Iron Hands|Fake Out|p2a: Ogerpon\n|-activate|p2a: Ogerpon|move: Psychic Terrain\n|move|p2a: Ogerpon|Swords Dance|p2a: Ogerpon\n|-boost|p2a: Ogerpon|atk|2\n|move|p1a: Kommo-o|Clangorous Soul|p1a: Kommo-o\n|-boost|p1a: Kommo-o|atk|1\n|-boost|p1a: Kommo-o|def|1\n|-boost|p1a: Kommo-o|spa|1\n|-boost|p1a: Kommo-o|spd|1\n|-boost|p1a: Kommo-o|spe|1\n|-damage|p1a: Kommo-o|68\/100\n|\n|upkeep\n|turn|2\n|inactive|Prf.Anu has 30 seconds left.\n|\n|t:|1700241986\n|-terastallize|p2a: Ogerpon|Water\n|detailschange|p2a: Ogerpon|Ogerpon-Wellspring-Tera, L50, F, tera:Water\n|-ability|p2a: Ogerpon|Embody Aspect (Wellspring)|boost\n|-boost|p2a: Ogerpon|spd|1\n|move|p1a: Kommo-o|Drain Punch|p2a: Ogerpon\n|-damage|p2a: Ogerpon|30\/100\n|-heal|p1a: Kommo-o|98\/100|[from] drain|[of] p2a: Ogerpon\n|move|p2a: Ogerpon|Ivy Cudgel|p1a: Kommo-o|[anim] Ivy Cudgel Water\n|-damage|p1a: Kommo-o|9\/100\n|move|p2b: Armarouge|Expanding Force|p1a: Kommo-o|[spread] p1a,p1b\n|-resisted|p1a: Kommo-o\n|-supereffective|p1b: Iron Hands\n|-damage|p1a: Kommo-o|0 fnt\n|-damage|p1b: Iron Hands|3\/100\n|faint|p1a: Kommo-o\n|move|p1b: Iron Hands|Wild Charge|p2b: Armarouge\n|-damage|p2b: Armarouge|45\/100\n|-damage|p1b: Iron Hands|0 fnt|[from] Recoil\n|faint|p1b: Iron Hands\n|-end|p1b: Iron Hands|Quark Drive|[silent]\n|\n|upkeep\n|\n|t:|1700242004\n|switch|p1a: Espeon|Espeon, L50, F|100\/100\n|switch|p1b: Tornadus|Tornadus, L50, M|100\/100\n|turn|3\n|\n|t:|1700242015\n|switch|p2a: Indeedee|Indeedee-F, L50, F, shiny|100\/100\n|move|p1b: Tornadus|Tailwind|p1b: Tornadus\n|-sidestart|p1: XxBuTcHeRxX|move: Tailwind\n|move|p1a: Espeon|Draining Kiss|p2b: Armarouge\n|-resisted|p2b: Armarouge\n|-damage|p2b: Armarouge|34\/100\n|move|p2b: Armarouge|Expanding Force|p1a: Espeon|[spread] p1a,p1b\n|-resisted|p1a: Espeon\n|-damage|p1a: Espeon|51\/100\n|-damage|p1b: Tornadus|18\/100\n|\n|upkeep\n|turn|4\n|\n|t:|1700242030\n|switch|p2b: Flutter Mane|Flutter Mane, L50, shiny|100\/100\n|-enditem|p2b: Flutter Mane|Booster Energy\n|-activate|p2b: Flutter Mane|ability: Protosynthesis|[fromitem]\n|-start|p2b: Flutter Mane|protosynthesisspa\n|move|p1b: Tornadus|Bleakwind Storm|p2b: Flutter Mane|[spread] p2b\n|-miss|p1b: Tornadus|p2a: Indeedee\n|-damage|p2b: Flutter Mane|65\/100\n|move|p1a: Espeon|Draining Kiss|p2a: Indeedee\n|-damage|p2a: Indeedee|85\/100\n|-heal|p1a: Espeon|62\/100|[from] drain|[of] p2a: Indeedee\n|move|p2a: Indeedee|Trick Room|p2a: Indeedee\n|-fieldstart|move: Trick Room|[of] p2a: Indeedee\n|\n|-heal|p2a: Indeedee|91\/100|[from] item: Leftovers\n|upkeep\n|turn|5\n|-message|XxBuTcHeRxX forfeited.\n|\n|win|Prf.Anu\n|raw|XxBuTcHeRxX's rating: 1014 &rarr; <strong>1002<\/strong><br \/>(-12 for losing)\n|raw|Prf.Anu's rating: 1005 &rarr; <strong>1045<\/strong><br \/>(+40 for winning)\n|l|\u2606XxBuTcHeRxX\n","uploadtime":1700242134,"views":17,"p1id":"xxbutcherxx","p2id":"prfanu","formatid":"gen9vgc2023regulatione","rating":1002,"private":0,"password":""}