{"id":"gen9vgc2023regulatione-1998956018","p1":"Angelo Neres","p2":"TapedCrusader","format":"[Gen 9] VGC 2023 Regulation E","log":"|j|\u2606Angelo Neres\n|j|\u2606TapedCrusader\n|t:|1701017508\n|gametype|doubles\n|player|p1|Angelo Neres|169|1462\n|player|p2|TapedCrusader|blue|1472\n|teamsize|p1|6\n|teamsize|p2|6\n|gen|9\n|tier|[Gen 9] VGC 2023 Regulation E\n|rated|\n|rule|Species Clause: Limit one of each Pok\u00e9mon\n|rule|Item Clause: Limit one of each item\n|clearpoke\n|poke|p1|Ursaluna-Bloodmoon, L50, M|\n|poke|p1|Gholdengo, L50|\n|poke|p1|Scream Tail, L50|\n|poke|p1|Dondozo, L50, M|\n|poke|p1|Tauros-Paldea-Blaze, L50, M|\n|poke|p1|Chien-Pao, L50|\n|poke|p2|Iron Hands, L50|\n|poke|p2|Urshifu-*, L50, M|\n|poke|p2|Tornadus, L50, M|\n|poke|p2|Gholdengo, L50|\n|poke|p2|Arcanine-Hisui, L50, F|\n|poke|p2|Rillaboom, L50, F|\n|teampreview|4\n|inactive|Battle timer is ON: inactive players will automatically lose when time's up. (requested by Angelo Neres)\n|inactive|TapedCrusader also wants the timer to be on.\nAngelo Neres has agreed to open team sheets.\n|inactive|Angelo Neres has 60 seconds left.\n|j| PoggibonsiCity\n|inactive|Angelo Neres has 30 seconds left.\n|inactive|Angelo Neres has 20 seconds left.\n|inactive|Angelo Neres has 15 seconds left.\n|inactive|Angelo Neres has 10 seconds left.\n|inactive|Angelo Neres has 5 seconds left.\n|\n|t:|1701017595\n|start\n|switch|p1a: Ronaldo|Dondozo, L50, M|100\/100\n|switch|p1b: Scream Tail|Scream Tail, L50|100\/100\n|switch|p2a: Tornadus|Tornadus, L50, M|100\/100\n|switch|p2b: Urshifu|Urshifu-Rapid-Strike, L50, M|100\/100\n|turn|1\n|inactive|Angelo Neres has 30 seconds left.\n|inactive|TapedCrusader has 30 seconds left.\n|c|\u2606TapedCrusader|Ill be real, i appreciate conceptually that you'd go OTS with a team like that, but I'm on mobile. Im not bothering with that\n|inactive|Angelo Neres has 20 seconds left.\n|inactive|TapedCrusader has 20 seconds left.\n|\n|t:|1701017634\n|-terastallize|p2b: Urshifu|Water\n|move|p2a: Tornadus|Tailwind|p2a: Tornadus\n|-sidestart|p2: TapedCrusader|move: Tailwind\n|move|p2b: Urshifu|Surging Strikes|p1b: Scream Tail\n|-crit|p1b: Scream Tail\n|-damage|p1b: Scream Tail|77\/100\n|-crit|p1b: Scream Tail\n|-damage|p1b: Scream Tail|53\/100\n|-crit|p1b: Scream Tail\n|-damage|p1b: Scream Tail|30\/100\n|-hitcount|p1b: Scream Tail|3\n|move|p1b: Scream Tail|Disable|p2b: Urshifu\n|-start|p2b: Urshifu|Disable|Surging Strikes\n|move|p1a: Ronaldo|Yawn|p2b: Urshifu\n|-start|p2b: Urshifu|move: Yawn|[of] p1a: Ronaldo\n|\n|upkeep\n|turn|2\n|\n|t:|1701017659\n|switch|p2b: Rillaboom|Rillaboom, L50, F|100\/100\n|-fieldstart|move: Grassy Terrain|[from] ability: Grassy Surge|[of] p2b: Rillaboom\n|move|p2a: Tornadus|Rain Dance|p2a: Tornadus\n|-weather|RainDance\n|move|p1a: Ronaldo|Yawn|p2b: Rillaboom\n|-start|p2b: Rillaboom|move: Yawn|[of] p1a: Ronaldo\n|move|p1b: Scream Tail|Trick Room|p1b: Scream Tail\n|-fieldstart|move: Trick Room|[of] p1b: Scream Tail\n|\n|-weather|RainDance|[upkeep]\n|-heal|p1b: Scream Tail|36\/100|[from] Grassy Terrain\n|upkeep\n|turn|3\n|inactive|Angelo Neres has 30 seconds left.\n|inactive|Angelo Neres has 20 seconds left.\n|inactive|Angelo Neres has 15 seconds left.\n|inactive|Angelo Neres has 10 seconds left.\n|\n|t:|1701017704\n|-end|p1b: Scream Tail|Protosynthesis|[silent]\n|switch|p1b: Gholdengo|Gholdengo, L50|100\/100\n|switch|p2b: Urshifu|Urshifu-Rapid-Strike, L50, M, tera:Water|100\/100\n|-terastallize|p1a: Ronaldo|Grass\n|move|p1a: Ronaldo|Wave Crash|p2a: Tornadus\n|-damage|p2a: Tornadus|28\/100\n|-damage|p1a: Ronaldo|84\/100|[from] Recoil\n|move|p2a: Tornadus|Bleakwind Storm|p1a: Ronaldo|[spread] p1a,p1b\n|-supereffective|p1a: Ronaldo\n|-resisted|p1b: Gholdengo\n|-damage|p1a: Ronaldo|41\/100\n|-damage|p1b: Gholdengo|86\/100\n|\n|-weather|RainDance|[upkeep]\n|-heal|p1a: Ronaldo|47\/100|[from] Grassy Terrain\n|-heal|p1a: Ronaldo|53\/100|[from] item: Leftovers\n|-heal|p1b: Gholdengo|92\/100|[from] Grassy Terrain\n|upkeep\n|turn|4\n|inactive|Angelo Neres has 30 seconds left.\n|inactive|TapedCrusader has 30 seconds left.\n|inactive|Angelo Neres has 20 seconds left.\n|inactive|TapedCrusader has 20 seconds left.\n|inactive|Angelo Neres has 15 seconds left.\n|inactive|Angelo Neres has 10 seconds left.\n|inactive|Angelo Neres has 5 seconds left.\n|\n|t:|1701017755\n|switch|p1b: Scream Tail|Scream Tail, L50|36\/100\n|move|p1a: Ronaldo|Wave Crash|p2a: Tornadus\n|-damage|p2a: Tornadus|0 fnt\n|faint|p2a: Tornadus\n|-damage|p1a: Ronaldo|47\/100|[from] Recoil\n|move|p2b: Urshifu|Surging Strikes|p1b: Scream Tail\n|-crit|p1b: Scream Tail\n|-damage|p1b: Scream Tail|1\/100\n|-crit|p1b: Scream Tail\n|-damage|p1b: Scream Tail|0 fnt\n|faint|p1b: Scream Tail\n|-end|p1b: Scream Tail|Protosynthesis|[silent]\n|-hitcount|p1: Scream Tail|2\n|\n|-weather|RainDance|[upkeep]\n|-heal|p1a: Ronaldo|53\/100|[from] Grassy Terrain\n|-heal|p1a: Ronaldo|59\/100|[from] item: Leftovers\n|-sideend|p2: TapedCrusader|move: Tailwind\n|upkeep\n|\n|t:|1701017773\n|switch|p1b: Gholdengo|Gholdengo, L50|92\/100\n|switch|p2a: Rillaboom|Rillaboom, L50, F|100\/100\n|turn|5\n|\n|t:|1701017794\n|move|p2a: Rillaboom|Fake Out|p1a: Ronaldo\n|-damage|p1a: Ronaldo|50\/100\n|cant|p1a: Ronaldo|flinch\n|move|p1b: Gholdengo|Shadow Ball|p2b: Urshifu\n|-damage|p2b: Urshifu|44\/100\n|-unboost|p2b: Urshifu|spd|1\n|move|p2b: Urshifu|Surging Strikes|p1b: Gholdengo\n|-crit|p1b: Gholdengo\n|-damage|p1b: Gholdengo|52\/100\n|-crit|p1b: Gholdengo\n|-damage|p1b: Gholdengo|9\/100\n|-enditem|p1b: Gholdengo|Sitrus Berry|[eat]\n|-heal|p1b: Gholdengo|34\/100|[from] item: Sitrus Berry\n|-crit|p1b: Gholdengo\n|-damage|p1b: Gholdengo|0 fnt\n|faint|p1b: Gholdengo\n|-hitcount|p1: Gholdengo|3\n|\n|-weather|RainDance|[upkeep]\n|-heal|p1a: Ronaldo|56\/100|[from] Grassy Terrain\n|-heal|p1a: Ronaldo|62\/100|[from] item: Leftovers\n|-heal|p2b: Urshifu|50\/100|[from] Grassy Terrain\n|upkeep\n|\n|t:|1701017802\n|switch|p1b: Tauros|Tauros-Paldea-Blaze, L50, M|100\/100\n|-ability|p1b: Tauros|Intimidate|boost\n|-unboost|p2a: Rillaboom|atk|1\n|-unboost|p2b: Urshifu|atk|1\n|turn|6\n|inactive|TapedCrusader has 30 seconds left.\n|\n|t:|1701017828\n|move|p2a: Rillaboom|Protect|p2a: Rillaboom\n|-singleturn|p2a: Rillaboom|Protect\n|move|p2b: Urshifu|Detect|p2b: Urshifu\n|-singleturn|p2b: Urshifu|Protect\n|move|p1a: Ronaldo|Yawn|p2a: Rillaboom\n|-activate|p2a: Rillaboom|move: Protect\n|move|p1b: Tauros|Close Combat|p2b: Urshifu\n|-activate|p2b: Urshifu|move: Protect\n|\n|-weather|none\n|-heal|p1a: Ronaldo|69\/100|[from] Grassy Terrain\n|-heal|p1a: Ronaldo|75\/100|[from] item: Leftovers\n|-heal|p2b: Urshifu|56\/100|[from] Grassy Terrain\n|-fieldend|move: Trick Room\n|-fieldend|move: Grassy Terrain\n|upkeep\n|turn|7\n|inactive|TapedCrusader has 30 seconds left.\n|\n|t:|1701017862\n|switch|p2a: Arcanine|Arcanine-Hisui, L50, F|100\/100\n|-ability|p2a: Arcanine|Intimidate|boost\n|-fail|p1a: Ronaldo|unboost|Attack|[from] ability: Oblivious|[of] p1a: Ronaldo\n|-unboost|p1b: Tauros|atk|1\n|move|p1b: Tauros|Close Combat|p2b: Urshifu\n|-damage|p2b: Urshifu|24\/100\n|-unboost|p1b: Tauros|def|1\n|-unboost|p1b: Tauros|spd|1\n|move|p2b: Urshifu|Surging Strikes|p1b: Tauros\n|-supereffective|p1b: Tauros\n|-crit|p1b: Tauros\n|-damage|p1b: Tauros|0 fnt\n|faint|p1b: Tauros\n|-hitcount|p1: Tauros|1\n|move|p1a: Ronaldo|Yawn|p2a: Arcanine\n|-start|p2a: Arcanine|move: Yawn|[of] p1a: Ronaldo\n|\n|-heal|p1a: Ronaldo|81\/100|[from] item: Leftovers\n|upkeep\n|turn|8\n|inactive|TapedCrusader has 30 seconds left.\n|\n|t:|1701017887\n|switch|p2a: Rillaboom|Rillaboom, L50, F|100\/100\n|-fieldstart|move: Grassy Terrain|[from] ability: Grassy Surge|[of] p2a: Rillaboom\n|move|p2b: Urshifu|Close Combat|p1a: Ronaldo\n|-damage|p1a: Ronaldo|50\/100\n|-unboost|p2b: Urshifu|def|1\n|-unboost|p2b: Urshifu|spd|1\n|move|p1a: Ronaldo|Wave Crash|p2a: Rillaboom\n|-resisted|p2a: Rillaboom\n|-damage|p2a: Rillaboom|80\/100\n|-damage|p1a: Ronaldo|44\/100|[from] Recoil\n|\n|-heal|p2b: Urshifu|30\/100|[from] Grassy Terrain\n|-heal|p2a: Rillaboom|86\/100|[from] Grassy Terrain\n|-heal|p1a: Ronaldo|50\/100|[from] Grassy Terrain\n|-heal|p1a: Ronaldo|57\/100|[from] item: Leftovers\n|upkeep\n|turn|9\n|-message|Angelo Neres forfeited.\n|\n|win|TapedCrusader\n|raw|Angelo Neres's rating: 1462 &rarr; <strong>1443<\/strong><br \/>(-19 for losing)\n|raw|TapedCrusader's rating: 1472 &rarr; <strong>1491<\/strong><br \/>(+19 for winning)\n|l|\u2606Angelo Neres\n|c|\u2606TapedCrusader|Gg\n","uploadtime":1701017954,"views":5,"p1id":"angeloneres","p2id":"tapedcrusader","formatid":"gen9vgc2023regulatione","rating":1443,"private":0,"password":""}