{"id":"gen9vgc2023regulatione-1991334856","p1":"Slaw Goodman","p2":"whyismynamejeff","format":"[Gen 9] VGC 2023 Regulation E","log":"|j|\u2606Slaw Goodman\n|j|\u2606whyismynamejeff\n|t:|1700068543\n|gametype|doubles\n|player|p1|Slaw Goodman|1|1112\n|player|p2|whyismynamejeff|colress|1015\n|teamsize|p1|6\n|teamsize|p2|6\n|gen|9\n|tier|[Gen 9] VGC 2023 Regulation E\n|rated|\n|rule|Species Clause: Limit one of each Pok\u00e9mon\n|rule|Item Clause: Limit one of each item\n|clearpoke\n|poke|p1|Garganacl, L50, F|\n|poke|p1|Infernape, L50, M|\n|poke|p1|Yanmega, L50, F|\n|poke|p1|Sandslash-Alola, L50, M|\n|poke|p1|Abomasnow, L50, F|\n|poke|p1|Regieleki, L50|\n|poke|p2|Farigiraf, L50, F|\n|poke|p2|Iron Hands, L50|\n|poke|p2|Urshifu-*, L50, F|\n|poke|p2|Chien-Pao, L50|\n|poke|p2|Tornadus, L50, M|\n|poke|p2|Flutter Mane, L50|\n|teampreview|4\n|inactive|Battle timer is ON: inactive players will automatically lose when time's up. (requested by Slaw Goodman)\n|inactive|whyismynamejeff has 60 seconds left.\n|\n|t:|1700068616\n|start\n|switch|p1a: 4 Leon|Regieleki, L50, shiny|100\/100\n|switch|p1b: Monkey (you)|Infernape, L50, M, shiny|100\/100\n|switch|p2a: Big Girafarig|Farigiraf, L50, F|100\/100\n|switch|p2b: Clowdy Howdy|Tornadus, L50, M|100\/100\n|turn|1\n|\n|t:|1700068635\n|switch|p2b: Big Misdreavus|Flutter Mane, L50|100\/100\n|move|p1a: 4 Leon|Thunderbolt|p2b: Big Misdreavus\n|-damage|p2b: Big Misdreavus|52\/100\n|move|p1b: Monkey (you)|Thunder Punch|p2b: Big Misdreavus\n|-damage|p2b: Big Misdreavus|5\/100\n|move|p2a: Big Girafarig|Trick Room|p2a: Big Girafarig\n|-fieldstart|move: Trick Room|[of] p2a: Big Girafarig\n|\n|upkeep\n|turn|2\n|inactive|Slaw Goodman has 30 seconds left.\n|inactive|whyismynamejeff has 30 seconds left.\n|\n|t:|1700068666\n|-terastallize|p1b: Monkey (you)|Steel\n|move|p2a: Big Girafarig|Psychic|p1b: Monkey (you)\n|-resisted|p1b: Monkey (you)\n|-damage|p1b: Monkey (you)|71\/100\n|move|p1b: Monkey (you)|Knock Off|p2a: Big Girafarig\n|-supereffective|p2a: Big Girafarig\n|-damage|p2a: Big Girafarig|50\/100\n|-enditem|p2a: Big Girafarig|Sitrus Berry|[from] move: Knock Off|[of] p1b: Monkey (you)\n|move|p2b: Big Misdreavus|Dazzling Gleam|p1b: Monkey (you)|[spread] p1a,p1b\n|-resisted|p1b: Monkey (you)\n|-damage|p1a: 4 Leon|17\/100\n|-damage|p1b: Monkey (you)|37\/100\n|move|p1a: 4 Leon|Volt Switch|p2b: Big Misdreavus\n|-crit|p2b: Big Misdreavus\n|-damage|p2b: Big Misdreavus|0 fnt\n|faint|p2b: Big Misdreavus\n|-end|p2b: Big Misdreavus|Protosynthesis|[silent]\n|\n|t:|1700068682\n|switch|p1a: Garganacl|Garganacl, L50, F, shiny|100\/100|[from] Volt Switch\n|\n|upkeep\n|\n|t:|1700068686\n|switch|p2b: Water Bear|Urshifu-Rapid-Strike, L50, F|100\/100\n|turn|3\n|\n|t:|1700068698\n|move|p1a: Garganacl|Salt Cure|p2b: Water Bear\n|-resisted|p2b: Water Bear\n|-damage|p2b: Water Bear|94\/100\n|-start|p2b: Water Bear|Salt Cure\n|move|p2a: Big Girafarig|Dazzling Gleam|p1a: Garganacl|[spread] p1a,p1b\n|-resisted|p1b: Monkey (you)\n|-damage|p1a: Garganacl|84\/100\n|-damage|p1b: Monkey (you)|24\/100\n|move|p1b: Monkey (you)|Thunder Punch|p2b: Water Bear\n|-supereffective|p2b: Water Bear\n|-damage|p2b: Water Bear|35\/100\n|move|p2b: Water Bear|Close Combat|p1a: Garganacl\n|-supereffective|p1a: Garganacl\n|-damage|p1a: Garganacl|14\/100\n|-unboost|p2b: Water Bear|def|1\n|-unboost|p2b: Water Bear|spd|1\n|-damage|p2b: Water Bear|19\/100|[from] item: Rocky Helmet|[of] p1a: Garganacl\n|\n|-damage|p2b: Water Bear|0 fnt|[from] Salt Cure\n|faint|p2b: Water Bear\n|upkeep\n|\n|t:|1700068715\n|switch|p2b: Clowdy Howdy|Tornadus, L50, M|100\/100\n|turn|4\n|\n|t:|1700068727\n|move|p1a: Garganacl|Salt Cure|p2b: Clowdy Howdy\n|-supereffective|p2b: Clowdy Howdy\n|-damage|p2b: Clowdy Howdy|66\/100\n|move|p2a: Big Girafarig|Dazzling Gleam|p1b: Monkey (you)|[spread] p1a,p1b\n|-resisted|p1b: Monkey (you)\n|-damage|p1a: Garganacl|0 fnt\n|-damage|p1b: Monkey (you)|12\/100\n|faint|p1a: Garganacl\n|move|p2b: Clowdy Howdy|Bleakwind Storm|p1b: Monkey (you)\n|-resisted|p1b: Monkey (you)\n|-damage|p1b: Monkey (you)|0 fnt\n|faint|p1b: Monkey (you)\n|\n|upkeep\n|\n|t:|1700068747\n|switch|p1a: 4 Leon|Regieleki, L50, shiny|17\/100\n|switch|p1b: Yanmega|Yanmega, L50, F, shiny|100\/100\n|turn|5\n|inactive|Slaw Goodman has 30 seconds left.\n|c|\u2606whyismynamejeff|tf is obama doing here\n|\n|t:|1700068778\n|move|p2a: Big Girafarig|Dazzling Gleam|p1b: Yanmega|[spread] p1a,p1b\n|-damage|p1a: 4 Leon|0 fnt\n|-damage|p1b: Yanmega|73\/100\n|faint|p1a: 4 Leon\n|move|p2b: Clowdy Howdy|Bleakwind Storm|p1b: Yanmega\n|-supereffective|p1b: Yanmega\n|-damage|p1b: Yanmega|0 fnt\n|faint|p1b: Yanmega\n|\n|win|whyismynamejeff\n|raw|Slaw Goodman's rating: 1112 &rarr; <strong>1080<\/strong><br \/>(-32 for losing)\n|raw|whyismynamejeff's rating: 1015 &rarr; <strong>1063<\/strong><br \/>(+48 for winning)\n|l|\u2606Slaw Goodman\n|j|\u2606Slaw Goodman\n|player|p1|Slaw Goodman|1\n|l|\u2606Slaw Goodman\n|player|p1|\n","uploadtime":1700068797,"views":18,"p1id":"slawgoodman","p2id":"whyismynamejeff","formatid":"gen9vgc2023regulatione","rating":1063,"private":0,"password":""}