{"id":"gen9vgc2023regulatione-1996954387","p1":"mathtass","p2":"tomcheung22","format":"[Gen 9] VGC 2023 Regulation E","log":"|j|\u2606mathtass\n|j|\u2606tomcheung22\n|t:|1700749167\n|gametype|doubles\n|player|p1|mathtass|170|\n|player|p2|tomcheung22|lady-gen4|\n|teamsize|p1|6\n|teamsize|p2|6\n|gen|9\n|tier|[Gen 9] VGC 2023 Regulation E\n|rated|Tournament battle\n|rule|Species Clause: Limit one of each Pok\u00e9mon\n|rule|Item Clause: Limit one of each item\n|clearpoke\n|poke|p1|Landorus-Therian, L50, M|\n|poke|p1|Flutter Mane, L50|\n|poke|p1|Rillaboom, L50, M|\n|poke|p1|Dragonite, L50, F|\n|poke|p1|Heatran, L50, M|\n|poke|p1|Tornadus, L50, M|\n|poke|p2|Armarouge, L50, M|\n|poke|p2|Indeedee-F, L50, F|\n|poke|p2|Scream Tail, L50|\n|poke|p2|Dondozo, L50, M|\n|poke|p2|Tatsugiri, L50, M|\n|poke|p2|Iron Hands, L50|\n|teampreview|4\n|showteam|p1|Landorus-Therian||ChoiceScarf|Intimidate|TeraBlast,RockSlide,StompingTantrum,Uturn|||M|||50|,,,,,Flying]Flutter Mane||BoosterEnergy|Protosynthesis|Moonblast,DazzlingGleam,ShadowBall,Protect||||||50|,,,,,Fairy]Rillaboom||AssaultVest|GrassySurge|WoodHammer,StompingTantrum,GrassyGlide,FakeOut|||M|||50|,,,,,Fire]Dragonite||SilkScarf|InnerFocus|ExtremeSpeed,Protect,DragonDance,Earthquake|||F|||50|,,,,,Normal]Heatran||LifeOrb|FlashFire|Protect,HeatWave,FlashCannon,WillOWisp|||M|||50|,,,,,Grass]Tornadus||CovertCloak|Prankster|Taunt,BleakwindStorm,IcyWind,Tailwind|||M|||50|,,,,,Ghost\n|showteam|p2|Armarouge||MindPlate|FlashFire|ArmorCannon,ExpandingForce,WideGuard,TrickRoom|||M|||50|,,,,,Psychic]Indeedee-F||PsychicSeed|PsychicSurge|DazzlingGleam,FollowMe,HelpingHand,TrickRoom|||F|||50|,,,,,Grass]Scream Tail||RoomService|Protosynthesis|PsychicFangs,DrainPunch,Howl,TrickRoom||||||50|,,,,,Water]Dondozo||SafetyGoggles|Oblivious|WaveCrash,TeraBlast,Earthquake,Protect|||M|||50|,,,,,Flying]Tatsugiri||AbilityShield|Commander|MuddyWater,DracoMeteor,Taunt,Protect|||M|||50|,,,,,Steel]Iron Hands||ClearAmulet|QuarkDrive|WildCharge,DrainPunch,IcePunch,FakeOut||||||50|,,,,,Grass\n|j| bloodcurseuk\n|\n|t:|1700749210\n|start\n|switch|p1a: Dragonite|Dragonite, L50, F, shiny|100\/100\n|switch|p1b: Storm|Tornadus, L50, M, shiny|100\/100\n|switch|p2a: Indeedee|Indeedee-F, L50, F|100\/100\n|switch|p2b: Armarouge|Armarouge, L50, M|100\/100\n|-fieldstart|move: Psychic Terrain|[from] ability: Psychic Surge|[of] p2a: Indeedee\n|-enditem|p2a: Indeedee|Psychic Seed\n|-boost|p2a: Indeedee|spd|1|[from] item: Psychic Seed\n|turn|1\n|\n|t:|1700749240\n|switch|p1b: Godzila|Rillaboom, L50, M, shiny|100\/100\n|-fieldstart|move: Grassy Terrain|[from] ability: Grassy Surge|[of] p1b: Godzila\n|switch|p2a: Iron Hands|Iron Hands, L50|100\/100\n|-terastallize|p1a: Dragonite|Normal\n|move|p1a: Dragonite|Extreme Speed|p2b: Armarouge\n|-damage|p2b: Armarouge|43\/100\n|move|p2b: Armarouge|Trick Room|p2b: Armarouge\n|-fieldstart|move: Trick Room|[of] p2b: Armarouge\n|\n|-heal|p2b: Armarouge|49\/100|[from] Grassy Terrain\n|upkeep\n|turn|2\n|\n|t:|1700749260\n|-end|p2a: Iron Hands|Quark Drive|[silent]\n|switch|p2a: Indeedee|Indeedee-F, L50, F|100\/100\n|-fieldstart|move: Psychic Terrain|[from] ability: Psychic Surge|[of] p2a: Indeedee\n|switch|p1b: Landorus|Landorus-Therian, L50, M, shiny|100\/100\n|-ability|p1b: Landorus|Intimidate|boost\n|-unboost|p2a: Indeedee|atk|1\n|-unboost|p2b: Armarouge|atk|1\n|-terastallize|p2b: Armarouge|Psychic\n|move|p1a: Dragonite|Protect|p1a: Dragonite\n|-singleturn|p1a: Dragonite|Protect\n|move|p2b: Armarouge|Expanding Force|p1b: Landorus|[spread] p1b\n|-activate|p1a: Dragonite|move: Protect\n|-damage|p1b: Landorus|0 fnt\n|faint|p1b: Landorus\n|\n|upkeep\n|\n|t:|1700749266\n|switch|p1b: Godzila|Rillaboom, L50, M, shiny|100\/100\n|-fieldstart|move: Grassy Terrain|[from] ability: Grassy Surge|[of] p1b: Godzila\n|turn|3\n|\n|t:|1700749278\n|switch|p2b: Scream Tail|Scream Tail, L50|100\/100\n|-enditem|p2b: Scream Tail|Room Service\n|-unboost|p2b: Scream Tail|spe|1|[from] item: Room Service\n|switch|p2a: Iron Hands|Iron Hands, L50|100\/100\n|move|p1b: Godzila|Fake Out|p2a: Iron Hands\n|-damage|p2a: Iron Hands|91\/100\n|move|p1a: Dragonite|Extreme Speed|p2b: Scream Tail\n|-damage|p2b: Scream Tail|65\/100\n|\n|-heal|p2b: Scream Tail|71\/100|[from] Grassy Terrain\n|-heal|p2a: Iron Hands|97\/100|[from] Grassy Terrain\n|upkeep\n|turn|4\n|\n|t:|1700749290\n|move|p1a: Dragonite|Protect|p1a: Dragonite\n|-singleturn|p1a: Dragonite|Protect\n|move|p2b: Scream Tail|Howl|p2b: Scream Tail|[spread] p2a,p2b\n|-boost|p2a: Iron Hands|atk|1\n|-boost|p2b: Scream Tail|atk|1\n|move|p2a: Iron Hands|Drain Punch|p1a: Dragonite\n|-activate|p1a: Dragonite|move: Protect\n|move|p1b: Godzila|Wood Hammer|p2b: Scream Tail\n|-damage|p2b: Scream Tail|18\/100\n|-damage|p1b: Godzila|81\/100|[from] Recoil\n|\n|-heal|p2b: Scream Tail|23\/100|[from] Grassy Terrain\n|-heal|p2a: Iron Hands|100\/100|[from] Grassy Terrain\n|-heal|p1b: Godzila|87\/100|[from] Grassy Terrain\n|upkeep\n|turn|5\n|\n|t:|1700749315\n|switch|p1a: Storm|Tornadus, L50, M, shiny|100\/100\n|move|p2b: Scream Tail|Howl|p2b: Scream Tail|[spread] p2a,p2b\n|-boost|p2a: Iron Hands|atk|1\n|-boost|p2b: Scream Tail|atk|1\n|move|p2a: Iron Hands|Ice Punch|p1b: Godzila\n|-supereffective|p1b: Godzila\n|-damage|p1b: Godzila|0 fnt\n|faint|p1b: Godzila\n|\n|-heal|p2b: Scream Tail|29\/100|[from] Grassy Terrain\n|-fieldend|move: Trick Room\n|upkeep\n|\n|t:|1700749317\n|switch|p1b: Dragonite|Dragonite, L50, F, shiny, tera:Normal|100\/100\n|turn|6\n|\n|t:|1700749333\n|move|p1b: Dragonite|Protect|p1b: Dragonite\n|-singleturn|p1b: Dragonite|Protect\n|move|p1a: Storm|Bleakwind Storm|p2a: Iron Hands|[spread] p2a,p2b\n|-damage|p2a: Iron Hands|77\/100\n|-damage|p2b: Scream Tail|7\/100\n|move|p2a: Iron Hands|Drain Punch|p1b: Dragonite\n|-activate|p1b: Dragonite|move: Protect\n|move|p2b: Scream Tail|Trick Room|p2b: Scream Tail\n|-fieldstart|move: Trick Room|[of] p2b: Scream Tail\n|\n|-heal|p2b: Scream Tail|13\/100|[from] Grassy Terrain\n|-heal|p2a: Iron Hands|83\/100|[from] Grassy Terrain\n|upkeep\n|turn|7\n|inactive|Battle timer is ON: inactive players will automatically lose when time's up. (requested by tomcheung22)\n|\n|t:|1700749366\n|-end|p2b: Scream Tail|Protosynthesis|[silent]\n|switch|p2b: Indeedee|Indeedee-F, L50, F|100\/100\n|-fieldstart|move: Psychic Terrain|[from] ability: Psychic Surge|[of] p2b: Indeedee\n|move|p1b: Dragonite|Extreme Speed|p2b: Indeedee\n|-activate|p2b: Indeedee|move: Psychic Terrain\n|move|p2a: Iron Hands|Drain Punch|p1b: Dragonite\n|-supereffective|p1b: Dragonite\n|-damage|p1b: Dragonite|0 fnt\n|-heal|p2a: Iron Hands|100\/100|[from] drain|[of] p1b: Dragonite\n|faint|p1b: Dragonite\n|move|p1a: Storm|Bleakwind Storm|p2b: Indeedee|[spread] p2a\n|-miss|p1a: Storm|p2b: Indeedee\n|-damage|p2a: Iron Hands|74\/100\n|\n|upkeep\n|turn|8\n|-message|mathtass forfeited.\n|\n|win|tomcheung22\n|n|\u2606mathtass|mathtass\n|n|\u2606tomcheung22|tomcheung22\n|n| bloodcurseuk|bloodcurseuk\n|l|\u2606mathtass\n","uploadtime":1700749381,"views":1,"p1id":"mathtass","p2id":"tomcheung22","formatid":"gen9vgc2023regulatione","rating":0,"private":0,"password":""}