{"id":"gen9vgc2023regulatione-1996669527","p1":"iStockphoto","p2":"heavenz11","format":"[Gen 9] VGC 2023 Regulation E","log":"|j|\u2606iStockphoto\n|j|\u2606heavenz11\n|t:|1700707535\n|gametype|doubles\n|player|p1|iStockphoto|2|1279\n|player|p2|heavenz11|volkner|1342\n|teamsize|p1|6\n|teamsize|p2|6\n|gen|9\n|tier|[Gen 9] VGC 2023 Regulation E\n|rated|\n|rule|Species Clause: Limit one of each Pok\u00e9mon\n|rule|Item Clause: Limit one of each item\n|clearpoke\n|poke|p1|Roaring Moon, L50|\n|poke|p1|Chien-Pao, L50|\n|poke|p1|Rillaboom, L50, F|\n|poke|p1|Meowscarada, L50, F|\n|poke|p1|Heatran, L50, F|\n|poke|p1|Flutter Mane, L50|\n|poke|p2|Tornadus, L50, M|\n|poke|p2|Urshifu-*, L50, F|\n|poke|p2|Farigiraf, L50, F|\n|poke|p2|Rillaboom, L50, M|\n|poke|p2|Heatran, L50, F|\n|poke|p2|Flutter Mane, L50|\n|teampreview|4\niStockphoto has agreed to open team sheets.\n|inactive|Battle timer is ON: inactive players will automatically lose when time's up. (requested by iStockphoto)\n|inactive|heavenz11 has 60 seconds left.\n|inactive|heavenz11 has 30 seconds left.\n|inactive|heavenz11 has 20 seconds left.\n|inactive|heavenz11 has 15 seconds left.\n|inactive|heavenz11 has 10 seconds left.\n|inactive|heavenz11 has 5 seconds left.\n|\n|t:|1700707646\n|start\n|switch|p1a: Monkey Wrench|Rillaboom, L50, F|100\/100\n|switch|p1b: The Pretender|Meowscarada, L50, F|100\/100\n|switch|p2a: Tornadus|Tornadus, L50, M|100\/100\n|switch|p2b: Urshifu|Urshifu-Rapid-Strike, L50, F|100\/100\n|-fieldstart|move: Grassy Terrain|[from] ability: Grassy Surge|[of] p1a: Monkey Wrench\n|turn|1\n|inactive|heavenz11 has 30 seconds left.\n|inactive|heavenz11 has 20 seconds left.\n|inactive|heavenz11 has 15 seconds left.\n|inactive|heavenz11 has 10 seconds left.\n|inactive|iStockphoto has 30 seconds left.\n|inactive|heavenz11 has 5 seconds left.\n|\n|t:|1700707703\n|-terastallize|p1b: The Pretender|Grass\n|move|p1a: Monkey Wrench|Fake Out|p2a: Tornadus\n|-damage|p2a: Tornadus|89\/100\n|move|p1b: The Pretender|Grassy Glide|p2b: Urshifu\n|-supereffective|p2b: Urshifu\n|-damage|p2b: Urshifu|0 fnt\n|faint|p2b: Urshifu\n|move|p2a: Tornadus|Bleakwind Storm|p1b: The Pretender|[spread] p1a,p1b\n|-supereffective|p1a: Monkey Wrench\n|-supereffective|p1b: The Pretender\n|-damage|p1a: Monkey Wrench|48\/100\n|-damage|p1b: The Pretender|1\/100\n|-unboost|p1a: Monkey Wrench|spe|1\n|\n|-heal|p1b: The Pretender|7\/100|[from] Grassy Terrain\n|-heal|p1a: Monkey Wrench|54\/100|[from] Grassy Terrain\n|upkeep\n|\n|t:|1700707727\n|switch|p2b: Rillaboom|Rillaboom, L50, M|100\/100\n|turn|2\n|\n|t:|1700707740\n|switch|p1b: Everlong|Flutter Mane, L50|100\/100\n|move|p2b: Rillaboom|Fake Out|p1b: Everlong\n|-immune|p1b: Everlong\n|move|p2a: Tornadus|Bleakwind Storm|p1a: Monkey Wrench|[spread] p1b\n|-miss|p2a: Tornadus|p1a: Monkey Wrench\n|-damage|p1b: Everlong|67\/100\n|move|p1a: Monkey Wrench|U-turn|p2b: Rillaboom\n|-supereffective|p2b: Rillaboom\n|-crit|p2b: Rillaboom\n|-damage|p2b: Rillaboom|34\/100\n|\n|t:|1700707756\n|switch|p1a: The Pretender|Meowscarada, L50, F, tera:Grass|7\/100|[from] U-turn\n|\n|-heal|p1b: Everlong|74\/100|[from] Grassy Terrain\n|-heal|p1a: The Pretender|13\/100|[from] Grassy Terrain\n|-heal|p2b: Rillaboom|40\/100|[from] Grassy Terrain\n|upkeep\n|turn|3\n|inactive|iStockphoto has 30 seconds left.\n|\n|t:|1700707783\n|move|p2a: Tornadus|Tailwind|p2a: Tornadus\n|-sidestart|p2: heavenz11|move: Tailwind\n|move|p2b: Rillaboom|Grassy Glide|p1a: The Pretender\n|-resisted|p1a: The Pretender\n|-damage|p1a: The Pretender|0 fnt\n|faint|p1a: The Pretender\n|move|p1b: Everlong|Moonblast|p2a: Tornadus\n|-damage|p2a: Tornadus|7\/100\n|\n|-heal|p2b: Rillaboom|45\/100|[from] Grassy Terrain\n|-heal|p1b: Everlong|80\/100|[from] Grassy Terrain\n|upkeep\n|\n|t:|1700707795\n|switch|p1a: Monkey Wrench|Rillaboom, L50, F|54\/100\n|turn|4\n|\n|t:|1700707803\n|move|p2a: Tornadus|Protect|p2a: Tornadus\n|-singleturn|p2a: Tornadus|Protect\n|move|p1a: Monkey Wrench|Fake Out|p2a: Tornadus\n|-activate|p2a: Tornadus|move: Protect\n|move|p2b: Rillaboom|U-turn|p1a: Monkey Wrench\n|-supereffective|p1a: Monkey Wrench\n|-damage|p1a: Monkey Wrench|0 fnt\n|faint|p1a: Monkey Wrench\n|\n|t:|1700707811\n|switch|p2b: Farigiraf|Farigiraf, L50, F|100\/100|[from] U-turn\n|move|p1b: Everlong|Moonblast|p2b: Farigiraf\n|-damage|p2b: Farigiraf|23\/100\n|-unboost|p2b: Farigiraf|spa|1\n|-enditem|p2b: Farigiraf|Sitrus Berry|[eat]\n|-heal|p2b: Farigiraf|47\/100|[from] item: Sitrus Berry\n|\n|-heal|p1b: Everlong|86\/100|[from] Grassy Terrain\n|-heal|p2b: Farigiraf|53\/100|[from] Grassy Terrain\n|upkeep\n|\n|t:|1700707823\n|switch|p1a: Bridges Burning|Heatran, L50, F|100\/100\n|turn|5\n|\n|t:|1700707839\n|move|p1a: Bridges Burning|Protect|p1a: Bridges Burning\n|-singleturn|p1a: Bridges Burning|Protect\n|move|p2a: Tornadus|Bleakwind Storm|p1b: Everlong|[spread] p1b\n|-activate|p1a: Bridges Burning|move: Protect\n|-damage|p1b: Everlong|56\/100\n|move|p1b: Everlong|Moonblast|p2b: Farigiraf\n|-damage|p2b: Farigiraf|0 fnt\n|faint|p2b: Farigiraf\n|\n|-heal|p1b: Everlong|62\/100|[from] Grassy Terrain\n|-fieldend|move: Grassy Terrain\n|upkeep\n|\n|t:|1700707850\n|switch|p2b: Rillaboom|Rillaboom, L50, M|45\/100\n|-fieldstart|move: Grassy Terrain|[from] ability: Grassy Surge|[of] p2b: Rillaboom\n|turn|6\n|-message|heavenz11 forfeited.\n|\n|win|iStockphoto\n|raw|iStockphoto's rating: 1279 &rarr; <strong>1308<\/strong><br \/>(+29 for winning)\n|raw|heavenz11's rating: 1342 &rarr; <strong>1318<\/strong><br \/>(-24 for losing)\n|l|\u2606heavenz11\n","uploadtime":1700707861,"views":7,"p1id":"istockphoto","p2id":"heavenz11","formatid":"gen9vgc2023regulatione","rating":1308,"private":0,"password":""}