{"id":"gen9vgc2023regulatione-1990960564","p1":"Tazsea","p2":"datbishgames","format":"[Gen 9] VGC 2023 Regulation E","log":"|j|\u2606Tazsea\n|j|\u2606datbishgames\n|t:|1700020091\n|gametype|doubles\n|player|p1|Tazsea|iris-gen5bw2|1392\n|player|p2|datbishgames|mira|1478\n|teamsize|p1|6\n|teamsize|p2|6\n|gen|9\n|tier|[Gen 9] VGC 2023 Regulation E\n|rated|\n|rule|Species Clause: Limit one of each Pok\u00e9mon\n|rule|Item Clause: Limit one of each item\n|clearpoke\n|poke|p1|Glimmora, L50, M|\n|poke|p1|Articuno-Galar, L50|\n|poke|p1|Kommo-o, L50, M|\n|poke|p1|Fezandipiti, L50, M|\n|poke|p1|Sinistcha, L50|\n|poke|p1|Mimikyu, L50, M|\n|poke|p2|Iron Hands, L50|\n|poke|p2|Stantler, L50, F|\n|poke|p2|Milotic, L50, F|\n|poke|p2|Sinistcha, L50|\n|poke|p2|Ursaluna, L50, F|\n|poke|p2|Farigiraf, L50, F|\n|teampreview|4\n|inactive|Battle timer is ON: inactive players will automatically lose when time's up. (requested by datbishgames)\n|inactive|Tazsea also wants the timer to be on.\n|\n|t:|1700020121\n|start\n|switch|p1a: Articuno|Articuno-Galar, L50|100\/100\n|switch|p1b: Mimikyu|Mimikyu, L50, M|100\/100\n|switch|p2a: Iron Hands|Iron Hands, L50|100\/100\n|switch|p2b: Stantler|Stantler, L50, F|100\/100\n|-ability|p2b: Stantler|Intimidate|boost\n|-unboost|p1a: Articuno|atk|1\n|-ability|p1a: Articuno|Competitive|boost\n|-boost|p1a: Articuno|spa|2\n|-unboost|p1b: Mimikyu|atk|1\n|turn|1\n|\n|t:|1700020136\n|move|p2a: Iron Hands|Fake Out|p1a: Articuno\n|-damage|p1a: Articuno|81\/100\n|move|p1b: Mimikyu|Play Rough|p2a: Iron Hands\n|-supereffective|p2a: Iron Hands\n|-damage|p2a: Iron Hands|60\/100\n|-damage|p1b: Mimikyu|91\/100|[from] item: Life Orb\n|cant|p1a: Articuno|flinch\n|move|p2b: Stantler|Skill Swap|p1a: Articuno\n|-activate|p2b: Stantler|move: Skill Swap|Competitive|Intimidate|[of] p1a: Articuno\n|-ability|p1a: Articuno|Intimidate|boost\n|-unboost|p2a: Iron Hands|atk|1\n|-unboost|p2b: Stantler|atk|1\n|-ability|p2b: Stantler|Competitive|boost\n|-boost|p2b: Stantler|spa|2\n|\n|upkeep\n|turn|2\n|inactive|datbishgames has 30 seconds left.\n|\n|t:|1700020166\n|move|p1b: Mimikyu|Will-O-Wisp|p2a: Iron Hands|[miss]\n|-miss|p1b: Mimikyu|p2a: Iron Hands\n|move|p1a: Articuno|Freezing Glare|p2b: Stantler\n|-damage|p2b: Stantler|30\/100\n|move|p2a: Iron Hands|Thunder Punch|p1a: Articuno\n|-supereffective|p1a: Articuno\n|-damage|p1a: Articuno|11\/100\n|-enditem|p1a: Articuno|Weakness Policy\n|-boost|p1a: Articuno|atk|2|[from] item: Weakness Policy\n|-boost|p1a: Articuno|spa|2|[from] item: Weakness Policy\n|move|p2b: Stantler|Trick Room|p2b: Stantler\n|-fieldstart|move: Trick Room|[of] p2b: Stantler\n|\n|upkeep\n|turn|3\n|\n|t:|1700020189\n|move|p1a: Articuno|Protect|p1a: Articuno\n|-singleturn|p1a: Articuno|Protect\n|move|p2a: Iron Hands|Heavy Slam|p1b: Mimikyu\n|-activate|p1b: Mimikyu|ability: Disguise\n|-damage|p1b: Mimikyu|91\/100\n|detailschange|p1b: Mimikyu|Mimikyu-Busted, L50, M\n|-damage|p1b: Mimikyu|78\/100|[from] pokemon: Mimikyu-Busted\n|move|p2b: Stantler|Tera Blast|p1a: Articuno\n|-activate|p1a: Articuno|move: Protect\n|move|p1b: Mimikyu|Will-O-Wisp|p2a: Iron Hands\n|-status|p2a: Iron Hands|brn\n|\n|-damage|p2a: Iron Hands|54\/100 brn|[from] brn\n|upkeep\n|turn|4\n|inactive|datbishgames has 30 seconds left.\n|\n|t:|1700020214\n|switch|p1b: Sinistcha|Sinistcha, L50|100\/100\n|-heal|p1a: Articuno|36\/100|[from] ability: Hospitality|[of] p1b: Sinistcha\n|move|p2a: Iron Hands|Heavy Slam|p1b: Sinistcha\n|-damage|p1b: Sinistcha|87\/100\n|-damage|p2a: Iron Hands|38\/100 brn|[from] item: Rocky Helmet|[of] p1b: Sinistcha\n|move|p2b: Stantler|Tera Blast|p1a: Articuno\n|-damage|p1a: Articuno|0 fnt\n|faint|p1a: Articuno\n|\n|-damage|p2a: Iron Hands|32\/100 brn|[from] brn\n|upkeep\n|\n|t:|1700020227\n|switch|p1a: Mimikyu|Mimikyu-Busted, L50, M|78\/100\n|turn|5\n|\n|t:|1700020240\n|switch|p1b: Kommo-o|Kommo-o, L50, M|100\/100\n|move|p2a: Iron Hands|Heavy Slam|p1a: Mimikyu\n|-supereffective|p1a: Mimikyu\n|-damage|p1a: Mimikyu|31\/100\n|move|p2b: Stantler|Skill Swap|p1b: Kommo-o\n|-activate|p2b: Stantler|move: Skill Swap|Bulletproof|Competitive|[of] p1b: Kommo-o\n|move|p1a: Mimikyu|Play Rough|p2b: Stantler\n|-damage|p2b: Stantler|0 fnt\n|faint|p2b: Stantler\n|-damage|p1a: Mimikyu|21\/100|[from] item: Life Orb\n|\n|-damage|p2a: Iron Hands|25\/100 brn|[from] brn\n|upkeep\n|\n|t:|1700020256\n|switch|p2b: Sinistcha|Sinistcha, L50|100\/100\n|-heal|p2a: Iron Hands|50\/100 brn|[from] ability: Hospitality|[of] p2b: Sinistcha\n|turn|6\n|\n|t:|1700020274\n|move|p1a: Mimikyu|Shadow Sneak|p2b: Sinistcha\n|-supereffective|p2b: Sinistcha\n|-damage|p2b: Sinistcha|64\/100\n|-damage|p1a: Mimikyu|11\/100|[from] item: Life Orb\n|move|p2a: Iron Hands|Drain Punch|p1b: Kommo-o\n|-damage|p1b: Kommo-o|90\/100\n|-heal|p2a: Iron Hands|54\/100 brn|[from] drain|[of] p1b: Kommo-o\n|move|p2b: Sinistcha|Matcha Gotcha|p1b: Kommo-o|[spread] p1a,p1b\n|-resisted|p1b: Kommo-o\n|-damage|p1a: Mimikyu|0 fnt\n|-heal|p2b: Sinistcha|68\/100|[from] drain|[of] p1a: Mimikyu\n|-damage|p1b: Kommo-o|80\/100\n|-heal|p2b: Sinistcha|73\/100|[from] drain|[of] p1b: Kommo-o\n|faint|p1a: Mimikyu\n|move|p1b: Kommo-o|Iron Defense|p1b: Kommo-o\n|-boost|p1b: Kommo-o|def|2\n|\n|-heal|p1b: Kommo-o|86\/100|[from] item: Leftovers\n|-damage|p2a: Iron Hands|48\/100 brn|[from] brn\n|-fieldend|move: Trick Room\n|upkeep\n|\n|t:|1700020286\n|switch|p1a: Sinistcha|Sinistcha, L50|87\/100\n|-heal|p1b: Kommo-o|100\/100|[from] ability: Hospitality|[of] p1a: Sinistcha\n|turn|7\n|\n|t:|1700020307\n|move|p1b: Kommo-o|Body Press|p2a: Iron Hands\n|-damage|p2a: Iron Hands|0 fnt\n|faint|p2a: Iron Hands\n|-end|p2a: Iron Hands|Quark Drive|[silent]\n|move|p1a: Sinistcha|Matcha Gotcha|p2b: Sinistcha\n|-resisted|p2b: Sinistcha\n|-damage|p2b: Sinistcha|54\/100\n|-heal|p1a: Sinistcha|96\/100|[from] drain|[of] p2b: Sinistcha\n|move|p2b: Sinistcha|Trick Room|p2b: Sinistcha\n|-fieldstart|move: Trick Room|[of] p2b: Sinistcha\n|\n|upkeep\n|\n|t:|1700020318\n|switch|p2a: Milotic|Milotic, L50, F|100\/100\n|turn|8\n|\n|t:|1700020331\n|move|p2a: Milotic|Protect|p2a: Milotic\n|-singleturn|p2a: Milotic|Protect\n|move|p1a: Sinistcha|Rage Powder|p1a: Sinistcha\n|-singleturn|p1a: Sinistcha|move: Rage Powder\n|move|p2b: Sinistcha|Strength Sap|p1b: Kommo-o\n|-unboost|p1b: Kommo-o|atk|1\n|-ability|p1b: Kommo-o|Competitive|boost\n|-boost|p1b: Kommo-o|spa|2\n|-heal|p2b: Sinistcha|100\/100\n|move|p1b: Kommo-o|Body Press|p2a: Milotic\n|-activate|p2a: Milotic|move: Protect\n|\n|upkeep\n|turn|9\n|\n|t:|1700020354\n|move|p2b: Sinistcha|Rage Powder|p2b: Sinistcha\n|-singleturn|p2b: Sinistcha|move: Rage Powder\n|move|p1a: Sinistcha|Matcha Gotcha|p2a: Milotic|[spread] p2b\n|-miss|p1a: Sinistcha|p2a: Milotic\n|-resisted|p2b: Sinistcha\n|-damage|p2b: Sinistcha|86\/100\n|-heal|p1a: Sinistcha|100\/100|[from] drain|[of] p2b: Sinistcha\n|-status|p2b: Sinistcha|brn\n|move|p2a: Milotic|Icy Wind|p1b: Kommo-o|[spread] p1a,p1b\n|-supereffective|p1a: Sinistcha\n|-supereffective|p1b: Kommo-o\n|-damage|p1a: Sinistcha|75\/100\n|-damage|p1b: Kommo-o|81\/100\n|-unboost|p1a: Sinistcha|spe|1\n|-unboost|p1b: Kommo-o|spe|1\n|-ability|p1b: Kommo-o|Competitive|boost\n|-boost|p1b: Kommo-o|spa|2\n|move|p1b: Kommo-o|Body Press|p2b: Sinistcha\n|-immune|p2b: Sinistcha\n|\n|-heal|p1b: Kommo-o|87\/100|[from] item: Leftovers\n|-damage|p2b: Sinistcha|80\/100 brn|[from] brn\n|upkeep\n|turn|10\n|inactive|datbishgames has 30 seconds left.\n|\n|t:|1700020384\n|move|p2a: Milotic|Protect|p2a: Milotic\n|-singleturn|p2a: Milotic|Protect\n|move|p1a: Sinistcha|Matcha Gotcha|p2b: Sinistcha|[spread] p2b\n|-activate|p2a: Milotic|move: Protect\n|-resisted|p2b: Sinistcha\n|-damage|p2b: Sinistcha|67\/100 brn\n|-heal|p1a: Sinistcha|82\/100|[from] drain|[of] p2b: Sinistcha\n|move|p1b: Kommo-o|Iron Defense|p1b: Kommo-o\n|-boost|p1b: Kommo-o|def|2\n|move|p2b: Sinistcha|Strength Sap|p1b: Kommo-o\n|-unboost|p1b: Kommo-o|atk|1\n|-ability|p1b: Kommo-o|Competitive|boost\n|-boost|p1b: Kommo-o|spa|2\n|-heal|p2b: Sinistcha|100\/100 brn\n|\n|-heal|p1b: Kommo-o|94\/100|[from] item: Leftovers\n|-damage|p2b: Sinistcha|94\/100 brn|[from] brn\n|upkeep\n|turn|11\n|\n|t:|1700020406\n|-terastallize|p2a: Milotic|Dragon\n|move|p2b: Sinistcha|Rage Powder|p2b: Sinistcha\n|-singleturn|p2b: Sinistcha|move: Rage Powder\n|move|p1a: Sinistcha|Matcha Gotcha|p2a: Milotic|[spread] p2a,p2b\n|-resisted|p2a: Milotic\n|-resisted|p2b: Sinistcha\n|-damage|p2a: Milotic|89\/100\n|-heal|p1a: Sinistcha|89\/100|[from] drain|[of] p2a: Milotic\n|-damage|p2b: Sinistcha|80\/100 brn\n|-heal|p1a: Sinistcha|96\/100|[from] drain|[of] p2b: Sinistcha\n|-status|p2a: Milotic|brn\n|move|p1b: Kommo-o|Iron Head|p2b: Sinistcha\n|-damage|p2b: Sinistcha|71\/100 brn\n|move|p2a: Milotic|Icy Wind|p1b: Kommo-o|[spread] p1a,p1b\n|-supereffective|p1a: Sinistcha\n|-supereffective|p1b: Kommo-o\n|-damage|p1a: Sinistcha|69\/100\n|-damage|p1b: Kommo-o|73\/100\n|-unboost|p1a: Sinistcha|spe|1\n|-unboost|p1b: Kommo-o|spe|1\n|-boost|p1b: Kommo-o|spa|0\n|\n|-heal|p1b: Kommo-o|79\/100|[from] item: Leftovers\n|-heal|p2a: Milotic|95\/100 brn|[from] item: Leftovers\n|-damage|p2b: Sinistcha|65\/100 brn|[from] brn\n|-damage|p2a: Milotic|89\/100 brn|[from] brn\n|-fieldend|move: Trick Room\n|upkeep\n|turn|12\n|inactive|Tazsea has 30 seconds left.\n|inactive|datbishgames has 30 seconds left.\n|inactive|Tazsea has 20 seconds left.\n|\n|t:|1700020443\n|-terastallize|p1a: Sinistcha|Grass\n|move|p1b: Kommo-o|Protect|p1b: Kommo-o\n|-singleturn|p1b: Kommo-o|Protect\n|move|p2b: Sinistcha|Rage Powder|p2b: Sinistcha\n|-singleturn|p2b: Sinistcha|move: Rage Powder\n|move|p2a: Milotic|Icy Wind|p1a: Sinistcha|[spread] p1a\n|-activate|p1b: Kommo-o|move: Protect\n|-supereffective|p1a: Sinistcha\n|-damage|p1a: Sinistcha|42\/100\n|-unboost|p1a: Sinistcha|spe|1\n|move|p1a: Sinistcha|Matcha Gotcha|p2a: Milotic|[spread] p2a,p2b\n|-resisted|p2a: Milotic\n|-resisted|p2b: Sinistcha\n|-damage|p2a: Milotic|75\/100 brn\n|-heal|p1a: Sinistcha|50\/100|[from] drain|[of] p2a: Milotic\n|-damage|p2b: Sinistcha|47\/100 brn\n|-heal|p1a: Sinistcha|59\/100|[from] drain|[of] p2b: Sinistcha\n|\n|-heal|p2a: Milotic|81\/100 brn|[from] item: Leftovers\n|-heal|p1b: Kommo-o|86\/100|[from] item: Leftovers\n|-damage|p2a: Milotic|75\/100 brn|[from] brn\n|-damage|p2b: Sinistcha|41\/100 brn|[from] brn\n|upkeep\n|turn|13\n|inactive|Tazsea has 30 seconds left.\n|inactive|datbishgames has 30 seconds left.\n|\n|t:|1700020469\n|move|p2b: Sinistcha|Rage Powder|p2b: Sinistcha\n|-singleturn|p2b: Sinistcha|move: Rage Powder\n|move|p2a: Milotic|Icy Wind|p1b: Kommo-o|[spread] p1a,p1b\n|-supereffective|p1a: Sinistcha\n|-supereffective|p1b: Kommo-o\n|-damage|p1a: Sinistcha|34\/100\n|-damage|p1b: Kommo-o|68\/100\n|-unboost|p1a: Sinistcha|spe|1\n|-unboost|p1b: Kommo-o|spe|1\n|-boost|p1b: Kommo-o|spa|0\n|move|p1b: Kommo-o|Iron Head|p2b: Sinistcha\n|-damage|p2b: Sinistcha|32\/100 brn\n|move|p1a: Sinistcha|Matcha Gotcha|p2a: Milotic|[spread] p2a,p2b\n|-resisted|p2a: Milotic\n|-resisted|p2b: Sinistcha\n|-damage|p2a: Milotic|61\/100 brn\n|-heal|p1a: Sinistcha|42\/100|[from] drain|[of] p2a: Milotic\n|-damage|p2b: Sinistcha|14\/100 brn\n|-heal|p1a: Sinistcha|51\/100|[from] drain|[of] p2b: Sinistcha\n|\n|-heal|p2a: Milotic|67\/100 brn|[from] item: Leftovers\n|-heal|p1b: Kommo-o|74\/100|[from] item: Leftovers\n|-damage|p2a: Milotic|61\/100 brn|[from] brn\n|-damage|p2b: Sinistcha|8\/100 brn|[from] brn\n|upkeep\n|turn|14\n|inactive|Tazsea has 30 seconds left.\n|\n|t:|1700020501\n|move|p2a: Milotic|Recover|p2a: Milotic\n|-heal|p2a: Milotic|100\/100 brn\n|move|p2b: Sinistcha|Strength Sap|p1b: Kommo-o\n|-unboost|p1b: Kommo-o|atk|1\n|-boost|p1b: Kommo-o|spa|0\n|-heal|p2b: Sinistcha|44\/100 brn\n|move|p1b: Kommo-o|Body Press|p2a: Milotic\n|-damage|p2a: Milotic|0 fnt\n|faint|p2a: Milotic\n|move|p1a: Sinistcha|Matcha Gotcha|p2b: Sinistcha|[miss]\n|-miss|p1a: Sinistcha|p2b: Sinistcha\n|\n|-heal|p1b: Kommo-o|80\/100|[from] item: Leftovers\n|-damage|p2b: Sinistcha|38\/100 brn|[from] brn\n|upkeep\n|turn|15\n|-message|datbishgames forfeited.\n|\n|win|Tazsea\n|raw|Tazsea's rating: 1392 &rarr; <strong>1417<\/strong><br \/>(+25 for winning)\n|raw|datbishgames's rating: 1478 &rarr; <strong>1453<\/strong><br \/>(-25 for losing)\n|l|\u2606datbishgames\n","uploadtime":1700020526,"views":18,"p1id":"tazsea","p2id":"datbishgames","formatid":"gen9vgc2023regulatione","rating":1417,"private":0,"password":""}