{"id":"gen9vgc2023regulatione-1993792169","p1":"Josue_29","p2":"BasedTransSchizo","format":"[Gen 9] VGC 2023 Regulation E","log":"|j|\u2606Josue_29\n|j|\u2606BasedTransSchizo\n|t:|1700357815\n|gametype|doubles\n|player|p1|Josue_29|red|1112\n|player|p2|BasedTransSchizo|hexmaniac-gen6|1151\n|teamsize|p1|6\n|teamsize|p2|6\n|gen|9\n|tier|[Gen 9] VGC 2023 Regulation E\n|rated|\n|rule|Species Clause: Limit one of each Pok\u00e9mon\n|rule|Item Clause: Limit one of each item\n|clearpoke\n|poke|p1|Landorus-Therian, L50, M|\n|poke|p1|Iron Hands, L50|\n|poke|p1|Heatran, L50, M|\n|poke|p1|Flutter Mane, L50|\n|poke|p1|Roaring Moon, L50|\n|poke|p1|Tornadus, L50, M|\n|poke|p2|Cresselia, L50, F|\n|poke|p2|Ursaluna-Bloodmoon, L50, M|\n|poke|p2|Iron Hands, L50|\n|poke|p2|Ogerpon-Wellspring, L50, F|\n|poke|p2|Arcanine-Hisui, L50, F|\n|poke|p2|Flutter Mane, L50|\n|teampreview|4\nBasedTransSchizo has agreed to open team sheets.\n|\n|t:|1700357887\n|start\n|switch|p1a: Iron Hands|Iron Hands, L50|100\/100\n|switch|p1b: Roaring Moon|Roaring Moon, L50, shiny|100\/100\n|switch|p2a: Iron Hands|Iron Hands, L50|100\/100\n|switch|p2b: Cresselia|Cresselia, L50, F|100\/100\n|-enditem|p1b: Roaring Moon|Booster Energy\n|-activate|p1b: Roaring Moon|ability: Protosynthesis|[fromitem]\n|-start|p1b: Roaring Moon|protosynthesisspe\n|turn|1\n|\n|t:|1700357904\n|move|p1a: Iron Hands|Fake Out|p2a: Iron Hands\n|-damage|p2a: Iron Hands|90\/100\n|cant|p2a: Iron Hands|flinch\n|move|p1b: Roaring Moon|Knock Off|p2b: Cresselia\n|-supereffective|p2b: Cresselia\n|-damage|p2b: Cresselia|40\/100\n|-enditem|p2b: Cresselia|Mental Herb|[from] move: Knock Off|[of] p1b: Roaring Moon\n|move|p2b: Cresselia|Trick Room|p2b: Cresselia\n|-fieldstart|move: Trick Room|[of] p2b: Cresselia\n|\n|upkeep\n|turn|2\n|\n|t:|1700357942\n|switch|p2b: Ursaluna|Ursaluna-Bloodmoon, L50, M|100\/100\n|-terastallize|p1b: Roaring Moon|Fire\n|move|p2a: Iron Hands|Drain Punch|p1b: Roaring Moon\n|-damage|p1b: Roaring Moon|52\/100\n|-heal|p2a: Iron Hands|100\/100|[from] drain|[of] p1b: Roaring Moon\n|move|p1a: Iron Hands|Drain Punch|p2a: Iron Hands\n|-damage|p2a: Iron Hands|74\/100\n|move|p1b: Roaring Moon|Knock Off|p2b: Ursaluna\n|-damage|p2b: Ursaluna|63\/100\n|-enditem|p2b: Ursaluna|Throat Spray|[from] move: Knock Off|[of] p1b: Roaring Moon\n|\n|upkeep\n|turn|3\n|\n|t:|1700357974\n|move|p1b: Roaring Moon|Protect|p1b: Roaring Moon\n|-singleturn|p1b: Roaring Moon|Protect\n|move|p2b: Ursaluna|Earth Power|p1a: Iron Hands\n|-supereffective|p1a: Iron Hands\n|-damage|p1a: Iron Hands|24\/100\n|move|p2a: Iron Hands|Wild Charge|p1b: Roaring Moon\n|-activate|p1b: Roaring Moon|move: Protect\n|move|p1a: Iron Hands|Drain Punch|p2b: Ursaluna\n|-supereffective|p2b: Ursaluna\n|-damage|p2b: Ursaluna|4\/100\n|-heal|p1a: Iron Hands|51\/100|[from] drain|[of] p2b: Ursaluna\n|\n|upkeep\n|turn|4\n|\n|t:|1700358019\n|move|p2b: Ursaluna|Blood Moon|p1a: Iron Hands\n|-damage|p1a: Iron Hands|0 fnt\n|faint|p1a: Iron Hands\n|-end|p1a: Iron Hands|Quark Drive|[silent]\n|move|p2a: Iron Hands|Wild Charge|p1b: Roaring Moon\n|-damage|p1b: Roaring Moon|3\/100\n|-damage|p2a: Iron Hands|64\/100|[from] Recoil\n|move|p1b: Roaring Moon|Knock Off|p2a: Iron Hands\n|-resisted|p2a: Iron Hands\n|-damage|p2a: Iron Hands|47\/100\n|-enditem|p2a: Iron Hands|Assault Vest|[from] move: Knock Off|[of] p1b: Roaring Moon\n|\n|upkeep\n|\n|t:|1700358035\n|switch|p1a: Landorus|Landorus-Therian, L50, M|100\/100\n|-ability|p1a: Landorus|Intimidate|boost\n|-unboost|p2a: Iron Hands|atk|1\n|-unboost|p2b: Ursaluna|atk|1\n|turn|5\n|\n|t:|1700358051\n|move|p2b: Ursaluna|Protect|p2b: Ursaluna\n|-singleturn|p2b: Ursaluna|Protect\n|move|p1a: Landorus|Protect|p1a: Landorus\n|-singleturn|p1a: Landorus|Protect\n|move|p1b: Roaring Moon|Protect|p1b: Roaring Moon\n|-singleturn|p1b: Roaring Moon|Protect\n|move|p2a: Iron Hands|Drain Punch|p1b: Roaring Moon\n|-activate|p1b: Roaring Moon|move: Protect\n|\n|-fieldend|move: Trick Room\n|upkeep\n|turn|6\n|\n|t:|1700358089\n|move|p2b: Ursaluna|Protect||[still]\n|-fail|p2b: Ursaluna\n|move|p1b: Roaring Moon|Acrobatics|p2b: Ursaluna\n|-damage|p2b: Ursaluna|0 fnt\n|faint|p2b: Ursaluna\n|move|p1a: Landorus|Rock Slide|p2a: Iron Hands\n|-resisted|p2a: Iron Hands\n|-damage|p2a: Iron Hands|37\/100\n|move|p2a: Iron Hands|Drain Punch|p1b: Roaring Moon\n|-damage|p1b: Roaring Moon|0 fnt\n|-heal|p2a: Iron Hands|38\/100|[from] drain|[of] p1b: Roaring Moon\n|faint|p1b: Roaring Moon\n|-end|p1b: Roaring Moon|Protosynthesis|[silent]\n|\n|upkeep\n|\n|t:|1700358104\n|switch|p1b: Heatran|Heatran, L50, M|100\/100\n|switch|p2b: Cresselia|Cresselia, L50, F|40\/100\n|turn|7\n|\n|t:|1700358119\n|move|p1a: Landorus|Crunch|p2b: Cresselia\n|-supereffective|p2b: Cresselia\n|-damage|p2b: Cresselia|3\/100\n|move|p1b: Heatran|Earth Power|p2a: Iron Hands\n|-supereffective|p2a: Iron Hands\n|-damage|p2a: Iron Hands|0 fnt\n|faint|p2a: Iron Hands\n|-end|p2a: Iron Hands|Quark Drive|[silent]\n|move|p2b: Cresselia|Trick Room|p2b: Cresselia\n|-fieldstart|move: Trick Room|[of] p2b: Cresselia\n|\n|upkeep\n|\n|t:|1700358130\n|switch|p2a: Arcanine|Arcanine-Hisui, L50, F|100\/100\n|-ability|p2a: Arcanine|Intimidate|boost\n|-unboost|p1a: Landorus|atk|1\n|-unboost|p1b: Heatran|atk|1\n|turn|8\n|\n|t:|1700358144\n|move|p2b: Cresselia|Helping Hand|p2a: Arcanine\n|-singleturn|p2a: Arcanine|Helping Hand|[of] p2b: Cresselia\n|move|p1b: Heatran|Flash Cannon|p2b: Cresselia\n|-damage|p2b: Cresselia|0 fnt\n|faint|p2b: Cresselia\n|move|p2a: Arcanine|Rock Slide|p1a: Landorus|[spread] p1a,p1b\n|-damage|p1a: Landorus|59\/100\n|-damage|p1b: Heatran|68\/100\n|move|p1a: Landorus|Rock Slide|p2a: Arcanine\n|-supereffective|p2a: Arcanine\n|-damage|p2a: Arcanine|60\/100\n|\n|-heal|p1a: Landorus|65\/100|[from] item: Leftovers\n|upkeep\n|turn|9\n|\n|t:|1700358169\n|move|p1b: Heatran|Earth Power|p2a: Arcanine\n|-supereffective|p2a: Arcanine\n|-damage|p2a: Arcanine|0 fnt\n|faint|p2a: Arcanine\n|\n|win|Josue_29\n|raw|Josue_29's rating: 1112 &rarr; <strong>1140<\/strong><br \/>(+28 for winning)\n|raw|BasedTransSchizo's rating: 1151 &rarr; <strong>1123<\/strong><br \/>(-28 for losing)\n|l|\u2606BasedTransSchizo\n","uploadtime":1700358177,"views":15,"p1id":"josue29","p2id":"basedtransschizo","formatid":"gen9vgc2023regulatione","rating":1123,"private":0,"password":""}