{"id":"gen9vgc2023regulatione-2000507802","p1":"Postitobrien","p2":"superinsaiyan18","format":"[Gen 9] VGC 2023 Regulation E","log":"|j|\u2606Postitobrien\n|j|\u2606superinsaiyan18\n|t:|1701200650\n|gametype|doubles\n|player|p1|Postitobrien|2|1417\n|player|p2|superinsaiyan18|guitarist|1492\n|teamsize|p1|6\n|teamsize|p2|6\n|gen|9\n|tier|[Gen 9] VGC 2023 Regulation E\n|rated|\n|rule|Species Clause: Limit one of each Pok\u00e9mon\n|rule|Item Clause: Limit one of each item\n|clearpoke\n|poke|p1|Farigiraf, L50, M|\n|poke|p1|Trevenant, L50, F|\n|poke|p1|Ursaluna-Bloodmoon, L50, M|\n|poke|p1|Arcanine-Hisui, L50, M|\n|poke|p1|Ogerpon-Wellspring, L50, F|\n|poke|p1|Roaring Moon, L50|\n|poke|p2|Tornadus, L50, M|\n|poke|p2|Landorus, L50, M|\n|poke|p2|Goodra-Hisui, L50, M|\n|poke|p2|Sinistcha-Masterpiece, L50|\n|poke|p2|Urshifu-*, L50, M|\n|poke|p2|Iron Hands, L50|\n|teampreview|4\n|inactive|Battle timer is ON: inactive players will automatically lose when time's up. (requested by superinsaiyan18)\nsuperinsaiyan18 rejected open team sheets.\n|\n|t:|1701200675\n|start\n|switch|p1a: Arcanine|Arcanine-Hisui, L50, M|100\/100\n|switch|p1b: Roaring Moon|Roaring Moon, L50|100\/100\n|switch|p2a: Tornadus|Tornadus, L50, M|100\/100\n|switch|p2b: Landorus|Landorus, L50, M|100\/100\n|-ability|p1a: Arcanine|Intimidate|boost\n|-unboost|p2a: Tornadus|atk|1\n|-unboost|p2b: Landorus|atk|1\n|-enditem|p1b: Roaring Moon|Booster Energy\n|-activate|p1b: Roaring Moon|ability: Protosynthesis|[fromitem]\n|-start|p1b: Roaring Moon|protosynthesisatk\n|turn|1\n|inactive|Postitobrien has 30 seconds left.\n|\n|t:|1701200706\n|switch|p1a: Trevenant|Trevenant, L50, F, shiny|100\/100\n|move|p2a: Tornadus|Rain Dance|p2a: Tornadus\n|-weather|RainDance\n|move|p1b: Roaring Moon|Knock Off|p2b: Landorus\n|-damage|p2b: Landorus|16\/100\n|-enditem|p2b: Landorus|Life Orb|[from] move: Knock Off|[of] p1b: Roaring Moon\n|move|p2b: Landorus|Sandsear Storm|p1a: Trevenant|[spread] p1a,p1b\n|-resisted|p1a: Trevenant\n|-damage|p1a: Trevenant|82\/100\n|-damage|p1b: Roaring Moon|57\/100\n|\n|-weather|RainDance|[upkeep]\n|upkeep\n|turn|2\n|\n|t:|1701200729\n|switch|p1a: Ogerpon|Ogerpon-Wellspring, L50, F|100\/100\n|move|p2b: Landorus|Protect|p2b: Landorus\n|-singleturn|p2b: Landorus|Protect\n|move|p2a: Tornadus|Tailwind|p2a: Tornadus\n|-sidestart|p2: superinsaiyan18|move: Tailwind\n|move|p1b: Roaring Moon|Breaking Swipe|p2b: Landorus|[spread] p2a\n|-activate|p2b: Landorus|move: Protect\n|-damage|p2a: Tornadus|57\/100\n|\n|-weather|RainDance|[upkeep]\n|upkeep\n|turn|3\n|\n|t:|1701200746\n|move|p1b: Roaring Moon|Protect|p1b: Roaring Moon\n|-singleturn|p1b: Roaring Moon|Protect\n|move|p2b: Landorus|Sandsear Storm|p1a: Ogerpon|[spread] p1a\n|-activate|p1b: Roaring Moon|move: Protect\n|-resisted|p1a: Ogerpon\n|-damage|p1a: Ogerpon|79\/100\n|move|p2a: Tornadus|Bleakwind Storm|p1a: Ogerpon|[spread] p1a\n|-activate|p1b: Roaring Moon|move: Protect\n|-supereffective|p1a: Ogerpon\n|-damage|p1a: Ogerpon|0 fnt\n|faint|p1a: Ogerpon\n|\n|-weather|RainDance|[upkeep]\n|upkeep\n|\n|t:|1701200760\n|switch|p1a: Arcanine|Arcanine-Hisui, L50, M|100\/100\n|-ability|p1a: Arcanine|Intimidate|boost\n|-unboost|p2a: Tornadus|atk|1\n|-unboost|p2b: Landorus|atk|1\n|turn|4\n|\n|t:|1701200774\n|move|p1a: Arcanine|Extreme Speed|p2b: Landorus\n|-damage|p2b: Landorus|0 fnt\n|faint|p2b: Landorus\n|move|p2a: Tornadus|Bleakwind Storm|p1b: Roaring Moon|[spread] p1a,p1b\n|-resisted|p1a: Arcanine\n|-damage|p1a: Arcanine|76\/100\n|-damage|p1b: Roaring Moon|22\/100\n|move|p1b: Roaring Moon|Knock Off|p2a: Tornadus\n|-damage|p2a: Tornadus|0 fnt\n|-enditem|p2a: Tornadus|Covert Cloak|[from] move: Knock Off|[of] p1b: Roaring Moon\n|faint|p2a: Tornadus\n|\n|-weather|RainDance|[upkeep]\n|upkeep\n|\n|t:|1701200778\n|switch|p2b: Sinistcha|Sinistcha-Masterpiece, L50|100\/100\n|switch|p2a: Goodra|Goodra-Hisui, L50, M|100\/100\n|turn|5\n|\n|t:|1701200795\n|switch|p1a: Trevenant|Trevenant, L50, F, shiny|82\/100\n|-terastallize|p2b: Sinistcha|Water\n|move|p2a: Goodra|Shelter|p2a: Goodra\n|-boost|p2a: Goodra|def|2\n|move|p2b: Sinistcha|Matcha Gotcha|p1a: Trevenant|[spread] p1b\n|-miss|p2b: Sinistcha|p1a: Trevenant\n|-resisted|p1b: Roaring Moon\n|-damage|p1b: Roaring Moon|11\/100\n|move|p1b: Roaring Moon|Knock Off|p2b: Sinistcha\n|-damage|p2b: Sinistcha|45\/100\n|-damage|p1b: Roaring Moon|0 fnt|[from] item: Rocky Helmet|[of] p2b: Sinistcha\n|faint|p1b: Roaring Moon\n|-end|p1b: Roaring Moon|Protosynthesis|[silent]\n|\n|-weather|none\n|-sideend|p2: superinsaiyan18|move: Tailwind\n|upkeep\n|\n|t:|1701200811\n|switch|p1b: Arcanine|Arcanine-Hisui, L50, M|76\/100\n|-ability|p1b: Arcanine|Intimidate|boost\n|-unboost|p2a: Goodra|atk|1\n|-unboost|p2b: Sinistcha|atk|1\n|turn|6\n|\n|t:|1701200833\n|move|p1b: Arcanine|Extreme Speed|p2b: Sinistcha\n|-damage|p2b: Sinistcha|12\/100\n|-damage|p1b: Arcanine|60\/100|[from] item: Rocky Helmet|[of] p2b: Sinistcha\n|move|p2b: Sinistcha|Strength Sap|p1b: Arcanine\n|-unboost|p1b: Arcanine|atk|1\n|-heal|p2b: Sinistcha|100\/100\n|move|p2a: Goodra|Shelter|p2a: Goodra\n|-boost|p2a: Goodra|def|2\n|move|p1a: Trevenant|Will-O-Wisp|p2a: Goodra\n|-status|p2a: Goodra|brn\n|\n|-damage|p2a: Goodra|94\/100 brn|[from] brn\n|upkeep\n|turn|7\n|inactive|superinsaiyan18 has 30 seconds left.\n|\n|t:|1701200860\n|move|p1b: Arcanine|Extreme Speed|p2b: Sinistcha\n|-damage|p2b: Sinistcha|77\/100\n|-damage|p1b: Arcanine|44\/100|[from] item: Rocky Helmet|[of] p2b: Sinistcha\n|move|p2a: Goodra|Shelter|p2a: Goodra\n|-boost|p2a: Goodra|def|2\n|move|p2b: Sinistcha|Strength Sap|p1a: Trevenant\n|-unboost|p1a: Trevenant|atk|1\n|-heal|p2b: Sinistcha|100\/100\n|move|p1a: Trevenant|Leech Seed|p2a: Goodra\n|-start|p2a: Goodra|move: Leech Seed\n|\n|-heal|p2a: Goodra|100\/100 brn|[from] item: Leftovers\n|-damage|p2a: Goodra|88\/100 brn|[from] Leech Seed|[of] p1a: Trevenant\n|-heal|p1a: Trevenant|93\/100|[silent]\n|-damage|p2a: Goodra|82\/100 brn|[from] brn\n|upkeep\n|turn|8\n|\n|t:|1701200878\n|move|p1b: Arcanine|Extreme Speed|p2b: Sinistcha\n|-damage|p2b: Sinistcha|76\/100\n|-damage|p1b: Arcanine|28\/100|[from] item: Rocky Helmet|[of] p2b: Sinistcha\n|move|p2a: Goodra|Body Press|p1b: Arcanine\n|-supereffective|p1b: Arcanine\n|-crit|p1b: Arcanine\n|-damage|p1b: Arcanine|0 fnt\n|faint|p1b: Arcanine\n|move|p2b: Sinistcha|Matcha Gotcha|p1a: Trevenant\n|-resisted|p1a: Trevenant\n|-damage|p1a: Trevenant|80\/100\n|-heal|p2b: Sinistcha|84\/100|[from] drain|[of] p1a: Trevenant\n|move|p1a: Trevenant|Leech Seed|p2b: Sinistcha\n|-start|p2b: Sinistcha|move: Leech Seed\n|\n|-heal|p2a: Goodra|88\/100 brn|[from] item: Leftovers\n|-damage|p2b: Sinistcha|72\/100|[from] Leech Seed|[of] p1a: Trevenant\n|-heal|p1a: Trevenant|91\/100|[silent]\n|-damage|p2a: Goodra|76\/100 brn|[from] Leech Seed|[of] p1a: Trevenant\n|-heal|p1a: Trevenant|100\/100|[silent]\n|-damage|p2a: Goodra|70\/100 brn|[from] brn\n|upkeep\n|turn|9\n|inactive|Postitobrien has 30 seconds left.\n|\n|t:|1701200905\n|move|p2a: Goodra|Heavy Slam|p1a: Trevenant\n|-damage|p1a: Trevenant|89\/100\n|move|p2b: Sinistcha|Matcha Gotcha|p1a: Trevenant\n|-resisted|p1a: Trevenant\n|-damage|p1a: Trevenant|74\/100\n|-heal|p2b: Sinistcha|80\/100|[from] drain|[of] p1a: Trevenant\n|move|p1a: Trevenant|Shadow Claw|p2b: Sinistcha\n|-damage|p2b: Sinistcha|64\/100\n|-damage|p1a: Trevenant|57\/100|[from] item: Rocky Helmet|[of] p2b: Sinistcha\n|\n|-heal|p2a: Goodra|76\/100 brn|[from] item: Leftovers\n|-damage|p2b: Sinistcha|52\/100|[from] Leech Seed|[of] p1a: Trevenant\n|-heal|p1a: Trevenant|68\/100|[silent]\n|-damage|p2a: Goodra|63\/100 brn|[from] Leech Seed|[of] p1a: Trevenant\n|-heal|p1a: Trevenant|80\/100|[silent]\n|-damage|p2a: Goodra|57\/100 brn|[from] brn\n|upkeep\n|turn|10\n|\n|t:|1701200922\n|move|p2a: Goodra|Heavy Slam|p1a: Trevenant\n|-damage|p1a: Trevenant|69\/100\n|move|p2b: Sinistcha|Matcha Gotcha|p1a: Trevenant|[miss]\n|-miss|p2b: Sinistcha|p1a: Trevenant\n|move|p1a: Trevenant|Trick Room|p1a: Trevenant\n|-fieldstart|move: Trick Room|[of] p1a: Trevenant\n|\n|-heal|p2a: Goodra|63\/100 brn|[from] item: Leftovers\n|-damage|p2a: Goodra|51\/100 brn|[from] Leech Seed|[of] p1a: Trevenant\n|-heal|p1a: Trevenant|80\/100|[silent]\n|-damage|p2b: Sinistcha|40\/100|[from] Leech Seed|[of] p1a: Trevenant\n|-heal|p1a: Trevenant|91\/100|[silent]\n|-damage|p2a: Goodra|45\/100 brn|[from] brn\n|upkeep\n|turn|11\n|\n|t:|1701200936\n|move|p1a: Trevenant|Will-O-Wisp|p2b: Sinistcha\n|-status|p2b: Sinistcha|brn\n|move|p2a: Goodra|Heavy Slam|p1a: Trevenant\n|-damage|p1a: Trevenant|80\/100\n|move|p2b: Sinistcha|Strength Sap|p1a: Trevenant\n|-unboost|p1a: Trevenant|atk|1\n|-heal|p2b: Sinistcha|90\/100 brn\n|\n|-heal|p2a: Goodra|51\/100 brn|[from] item: Leftovers\n|-damage|p2b: Sinistcha|78\/100 brn|[from] Leech Seed|[of] p1a: Trevenant\n|-heal|p1a: Trevenant|91\/100|[silent]\n|-damage|p2a: Goodra|39\/100 brn|[from] Leech Seed|[of] p1a: Trevenant\n|-heal|p1a: Trevenant|100\/100|[silent]\n|-damage|p2b: Sinistcha|72\/100 brn|[from] brn\n|-damage|p2a: Goodra|33\/100 brn|[from] brn\n|upkeep\n|turn|12\n|\n|t:|1701200952\n|move|p1a: Trevenant|Shadow Claw|p2b: Sinistcha\n|-damage|p2b: Sinistcha|61\/100 brn\n|-damage|p1a: Trevenant|84\/100|[from] item: Rocky Helmet|[of] p2b: Sinistcha\n|move|p2a: Goodra|Heavy Slam|p1a: Trevenant\n|-damage|p1a: Trevenant|73\/100\n|move|p2b: Sinistcha|Matcha Gotcha|p1a: Trevenant\n|-resisted|p1a: Trevenant\n|-damage|p1a: Trevenant|59\/100\n|-heal|p2b: Sinistcha|69\/100 brn|[from] drain|[of] p1a: Trevenant\n|-status|p1a: Trevenant|brn\n|\n|-heal|p2a: Goodra|39\/100 brn|[from] item: Leftovers\n|-damage|p2b: Sinistcha|57\/100 brn|[from] Leech Seed|[of] p1a: Trevenant\n|-heal|p1a: Trevenant|70\/100 brn|[silent]\n|-damage|p2a: Goodra|26\/100 brn|[from] Leech Seed|[of] p1a: Trevenant\n|-heal|p1a: Trevenant|81\/100 brn|[silent]\n|-damage|p1a: Trevenant|75\/100 brn|[from] brn\n|-damage|p2a: Goodra|20\/100 brn|[from] brn\n|-damage|p2b: Sinistcha|51\/100 brn|[from] brn\n|upkeep\n|turn|13\n|\n|t:|1701200976\n|move|p1a: Trevenant|Shadow Claw|p2b: Sinistcha\n|-damage|p2b: Sinistcha|46\/100 brn\n|-damage|p1a: Trevenant|58\/100 brn|[from] item: Rocky Helmet|[of] p2b: Sinistcha\n|move|p2a: Goodra|Heavy Slam|p1a: Trevenant\n|-damage|p1a: Trevenant|47\/100 brn\n|-enditem|p1a: Trevenant|Sitrus Berry|[eat]\n|-heal|p1a: Trevenant|72\/100 brn|[from] item: Sitrus Berry\n|move|p2b: Sinistcha|Strength Sap|p1a: Trevenant\n|-unboost|p1a: Trevenant|atk|1\n|-heal|p2b: Sinistcha|83\/100 brn\n|\n|-heal|p2a: Goodra|26\/100 brn|[from] item: Leftovers\n|-damage|p2b: Sinistcha|71\/100 brn|[from] Leech Seed|[of] p1a: Trevenant\n|-heal|p1a: Trevenant|83\/100 brn|[silent]\n|-damage|p2a: Goodra|14\/100 brn|[from] Leech Seed|[of] p1a: Trevenant\n|-heal|p1a: Trevenant|94\/100 brn|[silent]\n|-damage|p1a: Trevenant|88\/100 brn|[from] brn\n|-damage|p2b: Sinistcha|66\/100 brn|[from] brn\n|-damage|p2a: Goodra|8\/100 brn|[from] brn\n|-item|p1a: Trevenant|Sitrus Berry|[from] ability: Harvest\n|upkeep\n|turn|14\n|\n|t:|1701200997\n|move|p1a: Trevenant|Shadow Claw|p2b: Sinistcha\n|-damage|p2b: Sinistcha|61\/100 brn\n|-damage|p1a: Trevenant|71\/100 brn|[from] item: Rocky Helmet|[of] p2b: Sinistcha\n|move|p2a: Goodra|Heavy Slam|p1a: Trevenant\n|-damage|p1a: Trevenant|59\/100 brn\n|move|p2b: Sinistcha|Strength Sap|p1a: Trevenant\n|-unboost|p1a: Trevenant|atk|1\n|-heal|p2b: Sinistcha|91\/100 brn\n|\n|-heal|p2a: Goodra|14\/100 brn|[from] item: Leftovers\n|-damage|p2a: Goodra|2\/100 brn|[from] Leech Seed|[of] p1a: Trevenant\n|-heal|p1a: Trevenant|71\/100 brn|[silent]\n|-damage|p2b: Sinistcha|79\/100 brn|[from] Leech Seed|[of] p1a: Trevenant\n|-heal|p1a: Trevenant|82\/100 brn|[silent]\n|-damage|p1a: Trevenant|75\/100 brn|[from] brn\n|-damage|p2b: Sinistcha|73\/100 brn|[from] brn\n|-damage|p2a: Goodra|0 fnt|[from] brn\n|faint|p2a: Goodra\n|-fieldend|move: Trick Room\n|upkeep\n|turn|15\n|\n|t:|1701201014\n|move|p2b: Sinistcha|Matcha Gotcha|p1a: Trevenant|[miss]\n|-miss|p2b: Sinistcha|p1a: Trevenant\n|move|p1a: Trevenant|Trick Room|p1a: Trevenant\n|-fieldstart|move: Trick Room|[of] p1a: Trevenant\n|\n|-damage|p2b: Sinistcha|61\/100 brn|[from] Leech Seed|[of] p1a: Trevenant\n|-heal|p1a: Trevenant|86\/100 brn|[silent]\n|-damage|p1a: Trevenant|80\/100 brn|[from] brn\n|-damage|p2b: Sinistcha|55\/100 brn|[from] brn\n|upkeep\n|turn|16\n|\n|t:|1701201023\n|move|p1a: Trevenant|Shadow Claw|p2b: Sinistcha\n|-damage|p2b: Sinistcha|52\/100 brn\n|-damage|p1a: Trevenant|64\/100 brn|[from] item: Rocky Helmet|[of] p2b: Sinistcha\n|move|p2b: Sinistcha|Matcha Gotcha|p1a: Trevenant\n|-resisted|p1a: Trevenant\n|-damage|p1a: Trevenant|48\/100 brn\n|-heal|p2b: Sinistcha|60\/100 brn|[from] drain|[of] p1a: Trevenant\n|-enditem|p1a: Trevenant|Sitrus Berry|[eat]\n|-heal|p1a: Trevenant|73\/100 brn|[from] item: Sitrus Berry\n|\n|-damage|p2b: Sinistcha|48\/100 brn|[from] Leech Seed|[of] p1a: Trevenant\n|-heal|p1a: Trevenant|84\/100 brn|[silent]\n|-damage|p1a: Trevenant|78\/100 brn|[from] brn\n|-damage|p2b: Sinistcha|43\/100 brn|[from] brn\n|-item|p1a: Trevenant|Sitrus Berry|[from] ability: Harvest\n|upkeep\n|turn|17\n|\n|t:|1701201040\n|move|p1a: Trevenant|Shadow Claw|p2b: Sinistcha\n|-damage|p2b: Sinistcha|39\/100 brn\n|-damage|p1a: Trevenant|61\/100 brn|[from] item: Rocky Helmet|[of] p2b: Sinistcha\n|move|p2b: Sinistcha|Strength Sap|p1a: Trevenant\n|-unboost|p1a: Trevenant|atk|1\n|-heal|p2b: Sinistcha|63\/100 brn\n|\n|-damage|p2b: Sinistcha|51\/100 brn|[from] Leech Seed|[of] p1a: Trevenant\n|-heal|p1a: Trevenant|72\/100 brn|[silent]\n|-damage|p1a: Trevenant|66\/100 brn|[from] brn\n|-damage|p2b: Sinistcha|46\/100 brn|[from] brn\n|upkeep\n|turn|18\n|\n|t:|1701201053\n|move|p1a: Trevenant|Shadow Claw|p2b: Sinistcha\n|-damage|p2b: Sinistcha|42\/100 brn\n|-damage|p1a: Trevenant|49\/100 brn|[from] item: Rocky Helmet|[of] p2b: Sinistcha\n|-enditem|p1a: Trevenant|Sitrus Berry|[eat]\n|-heal|p1a: Trevenant|74\/100 brn|[from] item: Sitrus Berry\n|move|p2b: Sinistcha|Strength Sap|p1a: Trevenant\n|-unboost|p1a: Trevenant|atk|1\n|-heal|p2b: Sinistcha|63\/100 brn\n|\n|-damage|p2b: Sinistcha|51\/100 brn|[from] Leech Seed|[of] p1a: Trevenant\n|-heal|p1a: Trevenant|85\/100 brn|[silent]\n|-damage|p1a: Trevenant|79\/100 brn|[from] brn\n|-damage|p2b: Sinistcha|46\/100 brn|[from] brn\n|upkeep\n|turn|19\n|j| MadTyphlosion\n|\n|t:|1701201067\n|move|p1a: Trevenant|Shadow Claw|p2b: Sinistcha\n|-damage|p2b: Sinistcha|43\/100 brn\n|-damage|p1a: Trevenant|62\/100 brn|[from] item: Rocky Helmet|[of] p2b: Sinistcha\n|move|p2b: Sinistcha|Strength Sap||[still]\n|-fail|p2b: Sinistcha\n|\n|-damage|p2b: Sinistcha|31\/100 brn|[from] Leech Seed|[of] p1a: Trevenant\n|-heal|p1a: Trevenant|73\/100 brn|[silent]\n|-damage|p1a: Trevenant|67\/100 brn|[from] brn\n|-damage|p2b: Sinistcha|25\/100 brn|[from] brn\n|-fieldend|move: Trick Room\n|-item|p1a: Trevenant|Sitrus Berry|[from] ability: Harvest\n|upkeep\n|turn|20\n|\n|t:|1701201078\n|move|p2b: Sinistcha|Matcha Gotcha|p1a: Trevenant\n|-resisted|p1a: Trevenant\n|-damage|p1a: Trevenant|52\/100 brn\n|-heal|p2b: Sinistcha|33\/100 brn|[from] drain|[of] p1a: Trevenant\n|move|p1a: Trevenant|Trick Room|p1a: Trevenant\n|-fieldstart|move: Trick Room|[of] p1a: Trevenant\n|\n|-damage|p2b: Sinistcha|21\/100 brn|[from] Leech Seed|[of] p1a: Trevenant\n|-heal|p1a: Trevenant|63\/100 brn|[silent]\n|-damage|p1a: Trevenant|57\/100 brn|[from] brn\n|-damage|p2b: Sinistcha|15\/100 brn|[from] brn\n|upkeep\n|turn|21\n|\n|t:|1701201088\n|move|p1a: Trevenant|Shadow Claw|p2b: Sinistcha\n|-damage|p2b: Sinistcha|12\/100 brn\n|-damage|p1a: Trevenant|40\/100 brn|[from] item: Rocky Helmet|[of] p2b: Sinistcha\n|-enditem|p1a: Trevenant|Sitrus Berry|[eat]\n|-heal|p1a: Trevenant|65\/100 brn|[from] item: Sitrus Berry\n|move|p2b: Sinistcha|Strength Sap||[still]\n|-fail|p2b: Sinistcha\n|\n|-damage|p2b: Sinistcha|0 fnt|[from] Leech Seed|[of] p1a: Trevenant\n|-heal|p1a: Trevenant|75\/100 brn|[silent]\n|faint|p2b: Sinistcha\n|\n|win|Postitobrien\n|upkeep\n|raw|Postitobrien's rating: 1417 &rarr; <strong>1441<\/strong><br \/>(+24 for winning)\n|raw|superinsaiyan18's rating: 1492 &rarr; <strong>1468<\/strong><br \/>(-24 for losing)\n|l|\u2606Postitobrien\n|l| MadTyphlosion\n","uploadtime":1701201196,"views":0,"p1id":"postitobrien","p2id":"superinsaiyan18","formatid":"gen9vgc2023regulatione","rating":1441,"private":0,"password":""}