{"id":"gen9vgc2023regulatione-1996713818","p1":"eltlxee","p2":"Zebbygene","format":"[Gen 9] VGC 2023 Regulation E","log":"|j|\u2606eltlxee\n|j|\u2606Zebbygene\n|n|\u2606eltlxee|eltlxee\n|n|\u2606Zebbygene|zebbygene\n|html|View the match progress at <a href=\"\/game-bestof3-gen9vgc2023regulatione-1996713817\">game-bestof3-gen9vgc2023regulatione-1996713817<\/a>\n|t:|1700713330\n|gametype|doubles\n|player|p1|eltlxee|ghetsis-gen5bw|\n|player|p2|Zebbygene|marlon|\n|teamsize|p1|6\n|teamsize|p2|6\n|gen|9\n|tier|[Gen 9] VGC 2023 Regulation E\n|rule|Species Clause: Limit one of each Pok\u00e9mon\n|rule|Item Clause: Limit one of each item\n|clearpoke\n|poke|p1|Gardevoir, L50, F|\n|poke|p1|Magnezone, L50|\n|poke|p1|Foongus, L50, M|\n|poke|p1|Thundurus-Therian, L50, M|\n|poke|p1|Urshifu-*, L50, M|\n|poke|p1|Politoed, L50, M|\n|poke|p2|Dondozo, L50, M|\n|poke|p2|Tatsugiri, L50, M|\n|poke|p2|Murkrow, L50, M|\n|poke|p2|Kleavor, L50, F|\n|poke|p2|Vespiquen, L50, F|\n|poke|p2|Dipplin, L50, M|\n|teampreview|4\neltlxee rejected open team sheets.\n|c|\u2606Zebbygene|https:\/\/pokepast.es\/d60a767e53a56479\n|c|\u2606eltlxee|https:\/\/pokepast.es\/8e0526bf33adb8e3\n|c|\u2606Zebbygene|glhf\n|c|\u2606eltlxee|glhf\n|c|\u2606Zebbygene|should we turn timer on or nah?\n|c|\u2606eltlxee|im fine without it\n|c|\u2606Zebbygene|k\n|\n|t:|1700713465\n|start\n|switch|p1a: mental|Gardevoir, L50, F, shiny|100\/100\n|switch|p1b: foonger|Foongus, L50, M|100\/100\n|switch|p2a: Big Fish|Dondozo, L50, M, shiny|100\/100\n|switch|p2b: Small Fish|Tatsugiri, L50, M, shiny|100\/100\n|-activate|p2b: Small Fish|ability: Commander|[of] p2a: Big Fish\n|-boost|p2a: Big Fish|atk|2\n|-boost|p2a: Big Fish|spa|2\n|-boost|p2a: Big Fish|spe|2\n|-boost|p2a: Big Fish|def|2\n|-boost|p2a: Big Fish|spd|2\n|-ability|p1a: mental|Unaware|[from] ability: Trace|[of] p2a: Big Fish\n|turn|1\n|\n|t:|1700713513\n|-terastallize|p2a: Big Fish|Steel\n|-terastallize|p1a: mental|Grass\n|move|p2a: Big Fish|Tera Blast|p1a: mental|[anim] Tera Blast Steel\n|-damage|p1a: mental|54\/100\n|move|p1b: foonger|Spore|p2a: Big Fish\n|-status|p2a: Big Fish|slp|[from] move: Spore\n|move|p1a: mental|Trick Room|p1a: mental\n|-fieldstart|move: Trick Room|[of] p1a: mental\n|\n|-heal|p1a: mental|59\/100|[from] item: Leftovers\n|upkeep\n|turn|2\n|\n|t:|1700713574\n|switch|p1a: \u707e\u7978|Urshifu-Rapid-Strike, L50, M|100\/100\n|move|p1b: foonger|Pollen Puff|p2a: Big Fish\n|-resisted|p2a: Big Fish\n|-damage|p2a: Big Fish|97\/100 slp\n|cant|p2a: Big Fish|slp\n|\n|-heal|p2a: Big Fish|100\/100 slp|[from] item: Leftovers\n|upkeep\n|turn|3\n|\n|t:|1700713592\n|move|p1b: foonger|Rage Powder|p1b: foonger\n|-singleturn|p1b: foonger|move: Rage Powder\n|-curestatus|p2a: Big Fish|slp|[msg]\n|move|p2a: Big Fish|Order Up|p1b: foonger\n|-damage|p1b: foonger|64\/100\n|-boost|p2a: Big Fish|atk|1\n|move|p1a: \u707e\u7978|Surging Strikes|p2a: Big Fish\n|-crit|p2a: Big Fish\n|-damage|p2a: Big Fish|86\/100\n|-crit|p2a: Big Fish\n|-damage|p2a: Big Fish|73\/100\n|-crit|p2a: Big Fish\n|-damage|p2a: Big Fish|57\/100\n|-hitcount|p2a: Big Fish|3\n|\n|-heal|p2a: Big Fish|64\/100|[from] item: Leftovers\n|upkeep\n|turn|4\n|\n|t:|1700713613\n|move|p1b: foonger|Spore|p2a: Big Fish\n|-status|p2a: Big Fish|slp|[from] move: Spore\n|cant|p2a: Big Fish|slp\n|move|p1a: \u707e\u7978|Surging Strikes|p2a: Big Fish\n|-crit|p2a: Big Fish\n|-damage|p2a: Big Fish|50\/100 slp\n|-crit|p2a: Big Fish\n|-damage|p2a: Big Fish|34\/100 slp\n|-crit|p2a: Big Fish\n|-damage|p2a: Big Fish|20\/100 slp\n|-hitcount|p2a: Big Fish|3\n|\n|-heal|p2a: Big Fish|26\/100 slp|[from] item: Leftovers\n|upkeep\n|turn|5\n|\n|t:|1700713635\n|switch|p1b: mental|Gardevoir, L50, F, shiny, tera:Grass|59\/100\n|-ability|p1b: mental|Unaware|[from] ability: Trace|[of] p2a: Big Fish\n|-curestatus|p2a: Big Fish|slp|[msg]\n|move|p2a: Big Fish|Order Up|p1b: mental\n|-damage|p1b: mental|32\/100\n|-boost|p2a: Big Fish|atk|1\n|move|p1a: \u707e\u7978|Surging Strikes|p2a: Big Fish\n|-crit|p2a: Big Fish\n|-damage|p2a: Big Fish|12\/100\n|-crit|p2a: Big Fish\n|-damage|p2a: Big Fish|0 fnt\n|faint|p2a: Big Fish\n|-hitcount|p2: Big Fish|2\n|\n|-heal|p1b: mental|38\/100|[from] item: Leftovers\n|-fieldend|move: Trick Room\n|upkeep\n|\n|t:|1700713664\n|switch|p2a: Dipplin|Dipplin, L50, M, shiny|100\/100\n|-ability|p2a: Dipplin|Supersweet Syrup\n|-ability|p2a: Dipplin|Supersweet Syrup|boost\n|-unboost|p1a: \u707e\u7978|evasion|1\n|-unboost|p1b: mental|evasion|1\n|turn|6\n|\n|t:|1700713697\n|switch|p1a: foonger|Foongus, L50, M|97\/100\n|move|p1b: mental|Protect|p1b: mental\n|-singleturn|p1b: mental|Protect\n|move|p2b: Small Fish|Dragon Pulse|p1a: foonger\n|-damage|p1a: foonger|31\/100\n|move|p2a: Dipplin|Syrup Bomb|p1a: foonger\n|-resisted|p1a: foonger\n|-damage|p1a: foonger|26\/100\n|-start|p1a: foonger|Syrup Bomb\n|\n|-heal|p1b: mental|44\/100|[from] item: Leftovers\n|-unboost|p1a: foonger|spe|1\n|upkeep\n|turn|7\n|\n|t:|1700713734\n|move|p1a: foonger|Rage Powder|p1a: foonger\n|-singleturn|p1a: foonger|move: Rage Powder\n|move|p2b: Small Fish|Dragon Pulse|p1a: foonger\n|-damage|p1a: foonger|0 fnt\n|faint|p1a: foonger\n|move|p2a: Dipplin|Pollen Puff|p1b: mental\n|-supereffective|p1b: mental\n|-damage|p1b: mental|10\/100\n|move|p1b: mental|Trick Room|p1b: mental\n|-fieldstart|move: Trick Room|[of] p1b: mental\n|\n|-heal|p1b: mental|15\/100|[from] item: Leftovers\n|upkeep\n|\n|t:|1700713748\n|switch|p1a: u-fo|Magnezone, L50|100\/100\n|turn|8\n|\n|t:|1700713801\n|move|p1b: mental|Protect|p1b: mental\n|-singleturn|p1b: mental|Protect\n|move|p1a: u-fo|Flash Cannon|p2a: Dipplin\n|-damage|p2a: Dipplin|54\/100\n|move|p2a: Dipplin|Pollen Puff|p1b: mental\n|-activate|p1b: mental|move: Protect\n|move|p2b: Small Fish|Dragon Pulse|p1b: mental\n|-activate|p1b: mental|move: Protect\n|\n|-heal|p1b: mental|21\/100|[from] item: Leftovers\n|upkeep\n|turn|9\n|\n|t:|1700713837\n|move|p1a: u-fo|Flash Cannon|p2a: Dipplin\n|-damage|p2a: Dipplin|11\/100\n|move|p2a: Dipplin|Pollen Puff|p1b: mental\n|-supereffective|p1b: mental\n|-damage|p1b: mental|0 fnt\n|faint|p1b: mental\n|move|p2b: Small Fish|Dragon Pulse|p1a: u-fo\n|-resisted|p1a: u-fo\n|-damage|p1a: u-fo|65\/100\n|\n|upkeep\n|\n|t:|1700713850\n|switch|p1b: \u707e\u7978|Urshifu-Rapid-Strike, L50, M|100\/100\n|turn|10\n|\n|t:|1700713869\n|move|p1a: u-fo|Flash Cannon|p2a: Dipplin\n|-damage|p2a: Dipplin|0 fnt\n|faint|p2a: Dipplin\n|move|p2b: Small Fish|Dragon Pulse|p1b: \u707e\u7978\n|-damage|p1b: \u707e\u7978|3\/100\n|move|p1b: \u707e\u7978|Close Combat|p2b: Small Fish\n|-damage|p2b: Small Fish|0 fnt\n|-unboost|p1b: \u707e\u7978|def|1\n|-unboost|p1b: \u707e\u7978|spd|1\n|faint|p2b: Small Fish\n|\n|upkeep\n|\n|t:|1700713882\n|switch|p2a: Vespiquen|Vespiquen, L50, F, shiny|100\/100\n|-ability|p2a: Vespiquen|Pressure\n|turn|11\n|\n|t:|1700713901\n|move|p1b: \u707e\u7978|Detect|p1b: \u707e\u7978\n|-singleturn|p1b: \u707e\u7978|Protect\n|move|p1a: u-fo|Flash Cannon|p2a: Vespiquen\n|-damage|p2a: Vespiquen|52\/100\n|move|p2a: Vespiquen|Air Slash|p1b: \u707e\u7978\n|-activate|p1b: \u707e\u7978|move: Protect\n|\n|-fieldend|move: Trick Room\n|upkeep\n|turn|12\n|\n|t:|1700713913\n|move|p1b: \u707e\u7978|Surging Strikes|p2a: Vespiquen\n|-crit|p2a: Vespiquen\n|-damage|p2a: Vespiquen|35\/100\n|-crit|p2a: Vespiquen\n|-damage|p2a: Vespiquen|19\/100\n|-crit|p2a: Vespiquen\n|-damage|p2a: Vespiquen|3\/100\n|-hitcount|p2a: Vespiquen|3\n|move|p2a: Vespiquen|Air Slash|p1b: \u707e\u7978\n|-supereffective|p1b: \u707e\u7978\n|-damage|p1b: \u707e\u7978|0 fnt\n|faint|p1b: \u707e\u7978\n|move|p1a: u-fo|Flash Cannon|p2a: Vespiquen\n|-damage|p2a: Vespiquen|0 fnt\n|faint|p2a: Vespiquen\n|\n|win|eltlxee\n|c|\u2606Zebbygene|gr\n|inactive|eltlxee has 50 seconds to confirm battle start!\n|inactive|Zebbygene has 50 seconds to confirm battle start!\n|c|&|\/uhtml prompt-zebbygene,Zebbygene is ready for game 2!\n|c|&|\/uhtml prompt-eltlxee,eltlxee is ready for game 2!\nBoth players are ready! Starting next match!\n|l|\u2606Zebbygene\n","uploadtime":1700714298,"views":5,"p1id":"eltlxee","p2id":"zebbygene","formatid":"gen9vgc2023regulatione","rating":0,"private":0,"password":""}