{"id":"gen9vgc2023regulatione-1992901309","p1":"JohanDK","p2":"MigraineMan","format":"[Gen 9] VGC 2023 Regulation E","log":"|j|\u2606JohanDK\n|j|\u2606MigraineMan\n|t:|1700245248\n|gametype|doubles\n|player|p1|JohanDK|nate|1422\n|player|p2|MigraineMan|emmet|1372\n|teamsize|p1|6\n|teamsize|p2|6\n|gen|9\n|tier|[Gen 9] VGC 2023 Regulation E\n|rated|\n|rule|Species Clause: Limit one of each Pok\u00e9mon\n|rule|Item Clause: Limit one of each item\n|clearpoke\n|poke|p1|Kommo-o, L50, M|\n|poke|p1|Tyranitar, L50, M|\n|poke|p1|Rillaboom, L50, F|\n|poke|p1|Flutter Mane, L50|\n|poke|p1|Arcanine-Hisui, L50, M|\n|poke|p1|Iron Bundle, L50|\n|poke|p2|Annihilape, L50, F|\n|poke|p2|Grimmsnarl, L50, M|\n|poke|p2|Sinistcha-Masterpiece, L50|\n|poke|p2|Landorus-Therian, L50, M|\n|poke|p2|Iron Hands, L50|\n|poke|p2|Maushold-Four, L50|\n|teampreview|4\n|\n|t:|1700245286\n|start\n|switch|p1a: Kommo-o|Kommo-o, L50, M|100\/100\n|switch|p1b: Flutter Mane|Flutter Mane, L50|100\/100\n|switch|p2a: Annihilape|Annihilape, L50, F|100\/100\n|switch|p2b: Maushold|Maushold-Four, L50|100\/100\n|turn|1\n|\n|t:|1700245309\n|-terastallize|p2a: Annihilape|Fire\n|move|p1b: Flutter Mane|Dazzling Gleam|p2a: Annihilape|[spread] p2a,p2b\n|-resisted|p2a: Annihilape\n|-damage|p2a: Annihilape|86\/100\n|-damage|p2b: Maushold|46\/100\n|move|p2b: Maushold|Beat Up|p2a: Annihilape\n|-damage|p2a: Annihilape|83\/100\n|-damage|p2a: Annihilape|81\/100\n|-damage|p2a: Annihilape|79\/100\n|-damage|p2a: Annihilape|76\/100\n|-hitcount|p2a: Annihilape|4\n|move|p2a: Annihilape|Rage Fist|p1a: Kommo-o\n|-damage|p1a: Kommo-o|14\/100\n|move|p1a: Kommo-o|Iron Defense|p1a: Kommo-o\n|-boost|p1a: Kommo-o|def|2\n|\n|-heal|p2a: Annihilape|83\/100|[from] item: Leftovers\n|-heal|p1a: Kommo-o|20\/100|[from] item: Leftovers\n|upkeep\n|turn|2\n|\n|t:|1700245334\n|move|p2b: Maushold|Protect|p2b: Maushold\n|-singleturn|p2b: Maushold|Protect\n|move|p1a: Kommo-o|Protect|p1a: Kommo-o\n|-singleturn|p1a: Kommo-o|Protect\n|move|p1b: Flutter Mane|Dazzling Gleam|p2a: Annihilape|[spread] p2a\n|-activate|p2b: Maushold|move: Protect\n|-resisted|p2a: Annihilape\n|-damage|p2a: Annihilape|66\/100\n|move|p2a: Annihilape|Rage Fist|p1a: Kommo-o\n|-activate|p1a: Kommo-o|move: Protect\n|\n|-heal|p2a: Annihilape|73\/100|[from] item: Leftovers\n|-heal|p1a: Kommo-o|26\/100|[from] item: Leftovers\n|upkeep\n|turn|3\n|\n|t:|1700245352\n|switch|p2b: Landorus|Landorus-Therian, L50, M|100\/100\n|-ability|p2b: Landorus|Intimidate|boost\n|-unboost|p1a: Kommo-o|atk|1\n|-unboost|p1b: Flutter Mane|atk|1\n|switch|p1a: Tyranitar|Tyranitar, L50, M|100\/100\n|-weather|Sandstorm|[from] ability: Sand Stream|[of] p1a: Tyranitar\n|move|p1b: Flutter Mane|Dazzling Gleam|p2a: Annihilape|[spread] p2a,p2b\n|-resisted|p2a: Annihilape\n|-damage|p2a: Annihilape|50\/100\n|-damage|p2b: Landorus|40\/100\n|move|p2a: Annihilape|Rage Fist|p1a: Tyranitar\n|-resisted|p1a: Tyranitar\n|-damage|p1a: Tyranitar|33\/100\n|\n|-weather|Sandstorm|[upkeep]\n|-damage|p1b: Flutter Mane|94\/100|[from] Sandstorm\n|-damage|p2a: Annihilape|44\/100|[from] Sandstorm\n|-heal|p2a: Annihilape|50\/100|[from] item: Leftovers\n|upkeep\n|turn|4\n|\n|t:|1700245381\n|-terastallize|p1b: Flutter Mane|Fairy\n|move|p2b: Landorus|U-turn|p1a: Tyranitar\n|-supereffective|p1a: Tyranitar\n|-damage|p1a: Tyranitar|0 fnt\n|faint|p1a: Tyranitar\n|\n|t:|1700245385\n|switch|p2b: Sinistcha|Sinistcha-Masterpiece, L50|100\/100|[from] U-turn\n|-heal|p2a: Annihilape|75\/100|[from] ability: Hospitality|[of] p2b: Sinistcha\n|move|p1b: Flutter Mane|Dazzling Gleam|p2a: Annihilape|[spread] p2a,p2b\n|-resisted|p2a: Annihilape\n|-damage|p2a: Annihilape|45\/100\n|-damage|p2b: Sinistcha|45\/100\n|-enditem|p2b: Sinistcha|Eject Button\n|\n|t:|1700245393\n|switch|p2b: Maushold|Maushold-Four, L50|46\/100\n|move|p2a: Annihilape|Rage Fist|p1b: Flutter Mane\n|-damage|p1b: Flutter Mane|0 fnt\n|faint|p1b: Flutter Mane\n|-end|p1b: Flutter Mane|Protosynthesis|[silent]\n|\n|-weather|Sandstorm|[upkeep]\n|-damage|p2b: Maushold|40\/100|[from] Sandstorm\n|-damage|p2a: Annihilape|38\/100|[from] Sandstorm\n|-heal|p2a: Annihilape|45\/100|[from] item: Leftovers\n|upkeep\n|\n|t:|1700245407\n|switch|p1b: Arcanine|Arcanine-Hisui, L50, M|100\/100\n|switch|p1a: Kommo-o|Kommo-o, L50, M|26\/100\n|-ability|p1b: Arcanine|Intimidate|boost\n|-unboost|p2a: Annihilape|atk|1\n|-ability|p2a: Annihilape|Defiant|boost\n|-boost|p2a: Annihilape|atk|2\n|-unboost|p2b: Maushold|atk|1\n|turn|5\n|\n|t:|1700245417\n|switch|p2b: Landorus|Landorus-Therian, L50, M|40\/100\n|-ability|p2b: Landorus|Intimidate|boost\n|-unboost|p1a: Kommo-o|atk|1\n|-unboost|p1b: Arcanine|atk|1\n|move|p2a: Annihilape|Protect|p2a: Annihilape\n|-singleturn|p2a: Annihilape|Protect\n|move|p1b: Arcanine|Rock Slide|p2b: Landorus|[spread] p2b\n|-activate|p2a: Annihilape|move: Protect\n|-damage|p2b: Landorus|21\/100\n|move|p1a: Kommo-o|Iron Defense|p1a: Kommo-o\n|-boost|p1a: Kommo-o|def|2\n|\n|-weather|Sandstorm|[upkeep]\n|-damage|p2a: Annihilape|38\/100|[from] Sandstorm\n|-damage|p1a: Kommo-o|20\/100|[from] Sandstorm\n|-heal|p2a: Annihilape|45\/100|[from] item: Leftovers\n|-heal|p1a: Kommo-o|26\/100|[from] item: Leftovers\n|upkeep\n|turn|6\n|\n|t:|1700245438\n|move|p2b: Landorus|Stomping Tantrum|p1b: Arcanine\n|-supereffective|p1b: Arcanine\n|-damage|p1b: Arcanine|0 fnt\n|faint|p1b: Arcanine\n|move|p2a: Annihilape|Rage Fist|p1a: Kommo-o\n|-damage|p1a: Kommo-o|0 fnt\n|faint|p1a: Kommo-o\n|\n|win|MigraineMan\n|raw|JohanDK's rating: 1422 &rarr; <strong>1399<\/strong><br \/>(-23 for losing)\n|raw|MigraineMan's rating: 1372 &rarr; <strong>1395<\/strong><br \/>(+23 for winning)\n","uploadtime":1700245442,"views":13,"p1id":"johandk","p2id":"migraineman","formatid":"gen9vgc2023regulatione","rating":1395,"private":0,"password":""}