{"id":"gen9vgc2023regulatione-1996684924","p1":"feelinbuggy","p2":"krlxjms","format":"[Gen 9] VGC 2023 Regulation E","log":"|j|\u2606feelinbuggy\n|j|\u2606krlxjms\n|t:|1700709474\n|gametype|doubles\n|player|p1|feelinbuggy|bugcatcher|1051\n|player|p2|krlxjms|ethan|1062\n|teamsize|p1|6\n|teamsize|p2|6\n|gen|9\n|tier|[Gen 9] VGC 2023 Regulation E\n|rated|\n|rule|Species Clause: Limit one of each Pok\u00e9mon\n|rule|Item Clause: Limit one of each item\n|clearpoke\n|poke|p1|Amoonguss, L50, F|\n|poke|p1|Heatran, L50, M|\n|poke|p1|Roaring Moon, L50|\n|poke|p1|Iron Hands, L50|\n|poke|p1|Flutter Mane, L50|\n|poke|p1|Landorus-Therian, L50, M|\n|poke|p2|Zoroark-Hisui, L50, M|\n|poke|p2|Heatran, L50, M|\n|poke|p2|Roaring Moon, L50|\n|poke|p2|Rillaboom, L50, F|\n|poke|p2|Gastrodon, L50, M|\n|poke|p2|Landorus-Therian, L50, M|\n|teampreview|4\n|c|\u2606feelinbuggy|glhf\nfeelinbuggy has agreed to open team sheets.\n|c|\u2606krlxjms|glhf\nkrlxjms has agreed to open team sheets.\n|\n|t:|1700709566\n|start\n|switch|p1a: Roaring Moon|Roaring Moon, L50|100\/100\n|switch|p1b: Flutter Mane|Flutter Mane, L50|100\/100\n|switch|p2a: Roaring Moon|Roaring Moon, L50|100\/100\n|switch|p2b: Heatran|Heatran, L50, M|100\/100\n|-enditem|p1a: Roaring Moon|Booster Energy\n|-activate|p1a: Roaring Moon|ability: Protosynthesis|[fromitem]\n|-start|p1a: Roaring Moon|protosynthesisspe\n|turn|1\n|\n|t:|1700709610\n|move|p1a: Roaring Moon|Knock Off|p2b: Heatran\n|-damage|p2b: Heatran|58\/100\n|-enditem|p2b: Heatran|Assault Vest|[from] move: Knock Off|[of] p1a: Roaring Moon\n|move|p2a: Roaring Moon|Sludge Bomb|p1b: Flutter Mane\n|-damage|p1b: Flutter Mane|68\/100\n|move|p1b: Flutter Mane|Dazzling Gleam|p2a: Roaring Moon|[spread] p2a,p2b\n|-resisted|p2b: Heatran\n|-damage|p2a: Roaring Moon|0 fnt\n|-damage|p2b: Heatran|47\/100\n|replace|p2a: Zoroark|Zoroark-Hisui, L50, M\n|-end|p2a: Zoroark|Illusion\n|faint|p2a: Zoroark\n|move|p2b: Heatran|Heat Wave|p1a: Roaring Moon|[spread] p1a,p1b\n|-resisted|p1a: Roaring Moon\n|-crit|p1a: Roaring Moon\n|-damage|p1a: Roaring Moon|72\/100\n|-damage|p1b: Flutter Mane|28\/100\n|\n|upkeep\n|\n|t:|1700709625\n|switch|p2a: Gastrodon|Gastrodon, L50, M|100\/100\n|turn|2\n|\n|t:|1700709636\n|-end|p1b: Flutter Mane|Protosynthesis|[silent]\n|switch|p1b: Heatran|Heatran, L50, M|100\/100\n|-terastallize|p2b: Heatran|Fairy\n|move|p1a: Roaring Moon|Knock Off|p2a: Gastrodon\n|-damage|p2a: Gastrodon|41\/100\n|-enditem|p2a: Gastrodon|Leftovers|[from] move: Knock Off|[of] p1a: Roaring Moon\n|move|p2b: Heatran|Flash Cannon|p1b: Heatran\n|-resisted|p1b: Heatran\n|-damage|p1b: Heatran|92\/100\n|move|p2a: Gastrodon|Muddy Water|p1b: Heatran|[spread] p1a,p1b\n|-resisted|p1a: Roaring Moon\n|-supereffective|p1b: Heatran\n|-damage|p1a: Roaring Moon|61\/100\n|-damage|p1b: Heatran|56\/100\n|-unboost|p1a: Roaring Moon|accuracy|1\n|\n|upkeep\n|turn|3\n|\n|t:|1700709663\n|switch|p1b: Landorus|Landorus-Therian, L50, M|100\/100\n|-ability|p1b: Landorus|Intimidate|boost\n|-unboost|p2a: Gastrodon|atk|1\n|-unboost|p2b: Heatran|atk|1\n|move|p1a: Roaring Moon|Protect|p1a: Roaring Moon\n|-singleturn|p1a: Roaring Moon|Protect\n|move|p2a: Gastrodon|Protect|p2a: Gastrodon\n|-singleturn|p2a: Gastrodon|Protect\n|move|p2b: Heatran|Earth Power|p1b: Landorus\n|-immune|p1b: Landorus\n|\n|upkeep\n|turn|4\n|\n|t:|1700709686\n|-end|p1a: Roaring Moon|Protosynthesis|[silent]\n|switch|p1a: Heatran|Heatran, L50, M|56\/100\n|switch|p2a: Roaring Moon|Roaring Moon, L50|100\/100\n|-enditem|p2a: Roaring Moon|Booster Energy\n|-activate|p2a: Roaring Moon|ability: Protosynthesis|[fromitem]\n|-start|p2a: Roaring Moon|protosynthesisatk\n|-terastallize|p1b: Landorus|Flying\n|move|p1b: Landorus|Tera Blast|p2a: Roaring Moon|[anim] Tera Blast Flying\n|-damage|p2a: Roaring Moon|23\/100\n|move|p2b: Heatran|Flash Cannon|p1a: Heatran\n|-resisted|p1a: Heatran\n|-crit|p1a: Heatran\n|-damage|p1a: Heatran|44\/100\n|\n|upkeep\n|turn|5\n|\n|t:|1700709706\n|move|p1b: Landorus|Tera Blast|p2a: Roaring Moon|[anim] Tera Blast Flying\n|-damage|p2a: Roaring Moon|0 fnt\n|faint|p2a: Roaring Moon\n|-end|p2a: Roaring Moon|Protosynthesis|[silent]\n|move|p1a: Heatran|Flash Cannon|p2b: Heatran\n|-supereffective|p2b: Heatran\n|-damage|p2b: Heatran|0 fnt\n|faint|p2b: Heatran\n|\n|upkeep\n|\n|t:|1700709713\n|switch|p2a: Gastrodon|Gastrodon, L50, M|41\/100\n|turn|6\n|\n|t:|1700709722\n|move|p1b: Landorus|Tera Blast|p2a: Gastrodon|[anim] Tera Blast Flying\n|-damage|p2a: Gastrodon|0 fnt\n|faint|p2a: Gastrodon\n|\n|win|feelinbuggy\n|raw|feelinbuggy's rating: 1051 &rarr; <strong>1084<\/strong><br \/>(+33 for winning)\n|raw|krlxjms's rating: 1062 &rarr; <strong>1042<\/strong><br \/>(-20 for losing)\n|c|\u2606krlxjms|gg\n|l|\u2606krlxjms\n|c|\u2606feelinbuggy|gg\n","uploadtime":1700709731,"views":21,"p1id":"feelinbuggy","p2id":"krlxjms","formatid":"gen9vgc2023regulatione","rating":1042,"private":0,"password":""}