{"id":"gen9vgc2023regulatione-1993694341","p1":"Wobbuffap","p2":"Momma DAk","format":"[Gen 9] VGC 2023 Regulation E","log":"|j|\u2606Wobbuffap\n|j|\u2606Momma DAk\n|t:|1700346385\n|gametype|doubles\n|player|p1|Wobbuffap|clown|1130\n|player|p2|Momma DAk|169|1197\n|teamsize|p1|6\n|teamsize|p2|6\n|gen|9\n|tier|[Gen 9] VGC 2023 Regulation E\n|rated|\n|rule|Species Clause: Limit one of each Pok\u00e9mon\n|rule|Item Clause: Limit one of each item\n|clearpoke\n|poke|p1|Indeedee-F, L50, F|\n|poke|p1|Armarouge, L50, M|\n|poke|p1|Ribombee, L50, M|\n|poke|p1|Ninetales-Alola, L50, M|\n|poke|p1|Sinistcha-Masterpiece, L50|\n|poke|p1|Slowking-Galar, L50, M|\n|poke|p2|Illumise, L50, F|\n|poke|p2|Brambleghast, L50, F|\n|poke|p2|Iron Valiant, L50|\n|poke|p2|Infernape, L50, F|\n|poke|p2|Tauros-Paldea-Aqua, L50, M|\n|poke|p2|Gallade, L50, M|\n|teampreview|4\n|\n|t:|1700346409\n|start\n|switch|p1a: Indeedee|Indeedee-F, L50, F, shiny|100\/100\n|switch|p1b: Slowking|Slowking-Galar, L50, M|100\/100\n|switch|p2a: Illumise|Illumise, L50, F, shiny|100\/100\n|switch|p2b: Infernape|Infernape, L50, F|100\/100\n|-fieldstart|move: Psychic Terrain|[from] ability: Psychic Surge|[of] p1a: Indeedee\n|-enditem|p1a: Indeedee|Psychic Seed\n|-boost|p1a: Indeedee|spd|1|[from] item: Psychic Seed\n|turn|1\n|\n|t:|1700346448\n|-terastallize|p1a: Indeedee|Fairy\n|move|p2b: Infernape|Protect|p2b: Infernape\n|-singleturn|p2b: Infernape|Protect\n|move|p1a: Indeedee|Follow Me|p1a: Indeedee\n|-singleturn|p1a: Indeedee|move: Follow Me\n|move|p2a: Illumise|Tailwind|p2a: Illumise\n|-sidestart|p2: Momma DAk|move: Tailwind\n|move|p1b: Slowking|Belly Drum|p1b: Slowking\n|-damage|p1b: Slowking|51\/100\n|-setboost|p1b: Slowking|atk|6|[from] move: Belly Drum\n|\n|upkeep\n|turn|2\n|\n|t:|1700346465\n|move|p1b: Slowking|Protect|p1b: Slowking\n|-singleturn|p1b: Slowking|Protect\n|move|p2b: Infernape|Fire Punch|p1b: Slowking\n|-activate|p1b: Slowking|move: Protect\n|move|p2a: Illumise|U-turn|p1b: Slowking\n|-activate|p1b: Slowking|move: Protect\n|move|p1a: Indeedee|Trick Room|p1a: Indeedee\n|-fieldstart|move: Trick Room|[of] p1a: Indeedee\n|\n|upkeep\n|turn|3\n|\n|t:|1700346483\n|move|p2b: Infernape|Protect|p2b: Infernape\n|-singleturn|p2b: Infernape|Protect\n|move|p1b: Slowking|Drain Punch|p2a: Illumise\n|-resisted|p2a: Illumise\n|-damage|p2a: Illumise|63\/100\n|-heal|p1b: Slowking|67\/100|[from] drain|[of] p2a: Illumise\n|move|p1a: Indeedee|Psychic|p2b: Infernape\n|-activate|p2b: Infernape|move: Protect\n|move|p2a: Illumise|U-turn|p1b: Slowking\n|-damage|p1b: Slowking|53\/100\n|\n|t:|1700346495\n|switch|p2a: Brambleghast|Brambleghast, L50, F|100\/100|[from] U-turn\n|-ability|p2a: Brambleghast|Wind Rider|boost\n|-boost|p2a: Brambleghast|atk|1\n|\n|upkeep\n|turn|4\n|\n|t:|1700346513\n|move|p1a: Indeedee|Follow Me|p1a: Indeedee\n|-singleturn|p1a: Indeedee|move: Follow Me\n|move|p1b: Slowking|Drain Punch|p2b: Infernape\n|-damage|p2b: Infernape|0 fnt\n|-heal|p1b: Slowking|91\/100|[from] drain|[of] p2b: Infernape\n|faint|p2b: Infernape\n|move|p2a: Brambleghast|Bullet Seed|p1a: Indeedee\n|-damage|p1a: Indeedee|80\/100\n|-damage|p1a: Indeedee|62\/100\n|-damage|p1a: Indeedee|44\/100\n|-damage|p1a: Indeedee|24\/100\n|-damage|p1a: Indeedee|3\/100\n|-hitcount|p1a: Indeedee|5\n|\n|-sideend|p2: Momma DAk|move: Tailwind\n|upkeep\n|\n|t:|1700346528\n|switch|p2b: Illumise|Illumise, L50, F, shiny|63\/100\n|turn|5\n|\n|t:|1700346544\n|move|p2a: Brambleghast|Protect|p2a: Brambleghast\n|-singleturn|p2a: Brambleghast|Protect\n|move|p1a: Indeedee|Follow Me|p1a: Indeedee\n|-singleturn|p1a: Indeedee|move: Follow Me\n|move|p2b: Illumise|Tailwind|p2b: Illumise\n|-sidestart|p2: Momma DAk|move: Tailwind\n|-ability|p2a: Brambleghast|Wind Rider|boost\n|-boost|p2a: Brambleghast|atk|1\n|move|p1b: Slowking|Gunk Shot|p2a: Brambleghast\n|-activate|p2a: Brambleghast|move: Protect\n|\n|-fieldend|move: Psychic Terrain\n|upkeep\n|turn|6\n|\n|t:|1700346567\n|move|p1a: Indeedee|Follow Me|p1a: Indeedee\n|-singleturn|p1a: Indeedee|move: Follow Me\n|move|p2b: Illumise|Thunder Wave|p1a: Indeedee|[miss]\n|-miss|p2b: Illumise|p1a: Indeedee\n|move|p2a: Brambleghast|Shadow Sneak|p1a: Indeedee\n|-damage|p1a: Indeedee|0 fnt\n|faint|p1a: Indeedee\n|move|p1b: Slowking|Gunk Shot|p2a: Brambleghast\n|-damage|p2a: Brambleghast|0 fnt\n|faint|p2a: Brambleghast\n|\n|-fieldend|move: Trick Room\n|upkeep\n|\n|t:|1700346581\n|switch|p2a: Iron Valiant|Iron Valiant, L50|100\/100\n|switch|p1a: Sinistcha|Sinistcha-Masterpiece, L50|100\/100\n|-heal|p1b: Slowking|100\/100|[from] ability: Hospitality|[of] p1a: Sinistcha\n|-enditem|p2a: Iron Valiant|Booster Energy\n|-activate|p2a: Iron Valiant|ability: Quark Drive|[fromitem]\n|-start|p2a: Iron Valiant|quarkdrivespa\n|turn|7\n|\n|t:|1700346599\n|move|p2a: Iron Valiant|Protect|p2a: Iron Valiant\n|-singleturn|p2a: Iron Valiant|Protect\n|move|p1b: Slowking|Protect|p1b: Slowking\n|-singleturn|p1b: Slowking|Protect\n|move|p2b: Illumise|Thunder Wave|p1b: Slowking\n|-activate|p1b: Slowking|move: Protect\n|move|p1a: Sinistcha|Trick Room|p1a: Sinistcha\n|-fieldstart|move: Trick Room|[of] p1a: Sinistcha\n|\n|upkeep\n|turn|8\n|\n|t:|1700346619\n|move|p2a: Iron Valiant|Protect||[still]\n|-fail|p2a: Iron Valiant\n|move|p1a: Sinistcha|Rage Powder|p1a: Sinistcha\n|-singleturn|p1a: Sinistcha|move: Rage Powder\n|move|p2b: Illumise|Thunder Wave|p1a: Sinistcha\n|-status|p1a: Sinistcha|par\n|move|p1b: Slowking|Gunk Shot|p2a: Iron Valiant\n|-supereffective|p2a: Iron Valiant\n|-damage|p2a: Iron Valiant|0 fnt\n|faint|p2a: Iron Valiant\n|-end|p2a: Iron Valiant|Quark Drive|[silent]\n|\n|-sideend|p2: Momma DAk|move: Tailwind\n|upkeep\n|turn|9\n|-message|Momma DAk forfeited.\n|\n|win|Wobbuffap\n|raw|Wobbuffap's rating: 1130 &rarr; <strong>1160<\/strong><br \/>(+30 for winning)\n|raw|Momma DAk's rating: 1197 &rarr; <strong>1167<\/strong><br \/>(-30 for losing)\n|l|\u2606Momma DAk\n","uploadtime":1700346642,"views":10,"p1id":"wobbuffap","p2id":"mommadak","formatid":"gen9vgc2023regulatione","rating":1160,"private":0,"password":""}