{"id":"gen9vgc2023regulatione-1989431277","p1":"TJVGC","p2":"FredRekt","format":"[Gen 9] VGC 2023 Regulation E","log":"|j|\u2606TJVGC\n|j|\u203dFredRekt\n|t:|1699849472\n|gametype|doubles\n|player|p1|TJVGC|266|1217\n|player|p2|FredRekt|1|1167\n|teamsize|p1|6\n|teamsize|p2|6\n|gen|9\n|tier|[Gen 9] VGC 2023 Regulation E\n|rated|\n|rule|Species Clause: Limit one of each Pok\u00e9mon\n|rule|Item Clause: Limit one of each item\n|clearpoke\n|poke|p1|Sneasler, L50, M|\n|poke|p1|Rillaboom, L50, F|\n|poke|p1|Arcanine-Hisui, L50, F|\n|poke|p1|Hydreigon, L50, F|\n|poke|p1|Flutter Mane, L50|\n|poke|p1|Clefairy, L50, F|\n|poke|p2|Baxcalibur, L50, M|\n|poke|p2|Shiftry, L50, M|\n|poke|p2|Arcanine-Hisui, L50, M|\n|poke|p2|Farigiraf, L50, F|\n|poke|p2|Milotic, L50, M|\n|poke|p2|Iron Hands, L50|\n|teampreview|4\n|inactive|Battle timer is ON: inactive players will automatically lose when time's up. (requested by TJVGC)\n|\n|t:|1699849499\n|start\n|switch|p1a: Sneasler|Sneasler, L50, M, shiny|100\/100\n|switch|p1b: Arcanine|Arcanine-Hisui, L50, F|100\/100\n|switch|p2a: Arcanine|Arcanine-Hisui, L50, M|100\/100\n|switch|p2b: Shiftry|Shiftry, L50, M|100\/100\n|-ability|p2a: Arcanine|Intimidate|boost\n|-unboost|p1a: Sneasler|atk|1\n|-unboost|p1b: Arcanine|atk|1\n|-ability|p1b: Arcanine|Intimidate|boost\n|-unboost|p2a: Arcanine|atk|1\n|-unboost|p2b: Shiftry|atk|1\n|turn|1\n|\n|t:|1699849522\n|switch|p1a: Rillaboom|Rillaboom, L50, F|100\/100\n|-fieldstart|move: Grassy Terrain|[from] ability: Grassy Surge|[of] p1a: Rillaboom\n|move|p2a: Arcanine|Rock Slide|p1b: Arcanine|[spread] p1a,p1b\n|-supereffective|p1b: Arcanine\n|-damage|p1a: Rillaboom|85\/100\n|-damage|p1b: Arcanine|60\/100\n|move|p2b: Shiftry|Tailwind|p2b: Shiftry\n|-sidestart|p2: FredRekt|move: Tailwind\n|-ability|p2b: Shiftry|Wind Rider|boost\n|-boost|p2b: Shiftry|atk|1\n|move|p1b: Arcanine|Flare Blitz|p2b: Shiftry\n|-supereffective|p2b: Shiftry\n|-damage|p2b: Shiftry|0 fnt\n|faint|p2b: Shiftry\n|-damage|p1b: Arcanine|29\/100|[from] Recoil\n|\n|-heal|p1b: Arcanine|36\/100|[from] Grassy Terrain\n|-heal|p1a: Rillaboom|91\/100|[from] Grassy Terrain\n|upkeep\n|\n|t:|1699849535\n|switch|p2b: Baxcalibur|Baxcalibur, L50, M|100\/100\n|turn|2\n|\n|t:|1699849543\n|switch|p1b: Sneasler|Sneasler, L50, M, shiny|100\/100\n|-enditem|p1b: Sneasler|Grassy Seed\n|-boost|p1b: Sneasler|def|1|[from] item: Grassy Seed\n|move|p2a: Arcanine|Protect|p2a: Arcanine\n|-singleturn|p2a: Arcanine|Protect\n|move|p2b: Baxcalibur|Protect|p2b: Baxcalibur\n|-singleturn|p2b: Baxcalibur|Protect\n|move|p1a: Rillaboom|Fake Out|p2b: Baxcalibur\n|-activate|p2b: Baxcalibur|move: Protect\n|\n|-heal|p1a: Rillaboom|97\/100|[from] Grassy Terrain\n|upkeep\n|turn|3\n|inactive|FredRekt has 30 seconds left.\n|inactive|TJVGC has 30 seconds left.\n|\n|t:|1699849580\n|switch|p1a: Arcanine|Arcanine-Hisui, L50, F|36\/100\n|-ability|p1a: Arcanine|Intimidate|boost\n|-unboost|p2a: Arcanine|atk|1\n|-unboost|p2b: Baxcalibur|atk|1\n|move|p1b: Sneasler|Close Combat|p2a: Arcanine\n|-supereffective|p2a: Arcanine\n|-damage|p2a: Arcanine|0 fnt\n|-unboost|p1b: Sneasler|def|1\n|-unboost|p1b: Sneasler|spd|1\n|faint|p2a: Arcanine\n|move|p2b: Baxcalibur|Icicle Spear|p1b: Sneasler\n|-damage|p1b: Sneasler|85\/100\n|-damage|p1b: Sneasler|71\/100\n|-damage|p1b: Sneasler|55\/100\n|-damage|p1b: Sneasler|41\/100\n|-hitcount|p1b: Sneasler|4\n|\n|-heal|p1b: Sneasler|47\/100|[from] Grassy Terrain\n|-heal|p1a: Arcanine|42\/100|[from] Grassy Terrain\n|upkeep\n|\n|t:|1699849595\n|switch|p2a: Iron Hands|Iron Hands, L50|100\/100\n|turn|4\n|\n|t:|1699849605\n|switch|p1a: Flutter Mane|Flutter Mane, L50|100\/100\n|-enditem|p1a: Flutter Mane|Booster Energy\n|-activate|p1a: Flutter Mane|ability: Protosynthesis|[fromitem]\n|-start|p1a: Flutter Mane|protosynthesisspe\n|move|p1b: Sneasler|Protect|p1b: Sneasler\n|-singleturn|p1b: Sneasler|Protect\n|move|p2a: Iron Hands|Fake Out|p1b: Sneasler\n|-activate|p1b: Sneasler|move: Protect\n|move|p2b: Baxcalibur|Scale Shot|p1b: Sneasler\n|-activate|p1b: Sneasler|move: Protect\n|\n|-heal|p1b: Sneasler|52\/100|[from] Grassy Terrain\n|-sideend|p2: FredRekt|move: Tailwind\n|upkeep\n|turn|5\n|\n|t:|1699849621\n|-terastallize|p1a: Flutter Mane|Fairy\n|-terastallize|p2b: Baxcalibur|Water\n|move|p1b: Sneasler|Close Combat|p2b: Baxcalibur\n|-damage|p2b: Baxcalibur|39\/100\n|-unboost|p1b: Sneasler|def|1\n|-unboost|p1b: Sneasler|spd|1\n|move|p1a: Flutter Mane|Dazzling Gleam|p2a: Iron Hands|[spread] p2a,p2b\n|-supereffective|p2a: Iron Hands\n|-damage|p2a: Iron Hands|53\/100\n|-damage|p2b: Baxcalibur|0 fnt\n|faint|p2b: Baxcalibur\n|move|p2a: Iron Hands|Heavy Slam|p1a: Flutter Mane\n|-supereffective|p1a: Flutter Mane\n|-damage|p1a: Flutter Mane|0 fnt\n|faint|p1a: Flutter Mane\n|-end|p1a: Flutter Mane|Protosynthesis|[silent]\n|\n|-heal|p1b: Sneasler|58\/100|[from] Grassy Terrain\n|-heal|p2a: Iron Hands|59\/100|[from] Grassy Terrain\n|-fieldend|move: Grassy Terrain\n|upkeep\n|\n|t:|1699849632\n|switch|p1a: Arcanine|Arcanine-Hisui, L50, F|42\/100\n|-ability|p1a: Arcanine|Intimidate|boost\n|-unboost|p2a: Iron Hands|atk|1\n|turn|6\n|-message|FredRekt forfeited.\n|\n|win|TJVGC\n|raw|TJVGC's rating: 1217 &rarr; <strong>1238<\/strong><br \/>(+21 for winning)\n|raw|FredRekt's rating: 1167 &rarr; <strong>1146<\/strong><br \/>(-21 for losing)\n|l|\u203dFredRekt\n","uploadtime":1699849639,"views":10,"p1id":"tjvgc","p2id":"fredrekt","formatid":"gen9vgc2023regulatione","rating":1146,"private":0,"password":""}