{"id":"gen9vgc2023regulatione-1999233689","p1":"PauseToContinue","p2":"Braimanaitor","format":"[Gen 9] VGC 2023 Regulation E","log":"|j|\u2606PauseToContinue\n|j|\u2606Braimanaitor\n|t:|1701048723\n|gametype|doubles\n|player|p1|PauseToContinue|2|1045\n|player|p2|Braimanaitor|morty|1016\n|teamsize|p1|6\n|teamsize|p2|6\n|gen|9\n|tier|[Gen 9] VGC 2023 Regulation E\n|rated|\n|rule|Species Clause: Limit one of each Pok\u00e9mon\n|rule|Item Clause: Limit one of each item\n|clearpoke\n|poke|p1|Chien-Pao, L50|\n|poke|p1|Iron Bundle, L50|\n|poke|p1|Urshifu-*, L50, M|\n|poke|p1|Ninetales-Alola, L50, F|\n|poke|p1|Raichu, L50, M|\n|poke|p1|Tornadus, L50, M|\n|poke|p2|Sinistcha, L50|\n|poke|p2|Iron Hands, L50|\n|poke|p2|Arcanine-Hisui, L50, F|\n|poke|p2|Farigiraf, L50, M|\n|poke|p2|Gastrodon-East, L50, F|\n|poke|p2|Annihilape, L50, M|\n|teampreview|4\n|inactive|Battle timer is ON: inactive players will automatically lose when time's up. (requested by Braimanaitor)\nBraimanaitor rejected open team sheets.\n|\n|t:|1701048788\n|start\n|switch|p1a: Tornadus|Tornadus, L50, M|100\/100\n|switch|p1b: Ninetales|Ninetales-Alola, L50, F|100\/100\n|switch|p2a: Sinistcha|Sinistcha, L50|100\/100\n|switch|p2b: Annihilape|Annihilape, L50, M|100\/100\n|-weather|Snow|[from] ability: Snow Warning|[of] p1b: Ninetales\n|turn|1\n|inactive|PauseToContinue has 30 seconds left.\n|inactive|Braimanaitor has 30 seconds left.\n|inactive|Braimanaitor has 20 seconds left.\n|\n|t:|1701048823\n|move|p1a: Tornadus|Taunt|p2b: Annihilape\n|-start|p2b: Annihilape|move: Taunt\n|move|p2b: Annihilape|Final Gambit|p1a: Tornadus\n|-damage|p1a: Tornadus|0 fnt\n|faint|p2b: Annihilape\n|faint|p1a: Tornadus\n|move|p1b: Ninetales|Aurora Veil|p1b: Ninetales\n|-sidestart|p1: PauseToContinue|move: Aurora Veil\n|move|p2a: Sinistcha|Trick Room|p2a: Sinistcha\n|-fieldstart|move: Trick Room|[of] p2a: Sinistcha\n|\n|-weather|Snow|[upkeep]\n|upkeep\n|\n|t:|1701048836\n|switch|p1a: Raichu|Raichu, L50, M|100\/100\n|switch|p2b: Hans|Iron Hands, L50|100\/100\n|turn|2\n|\n|t:|1701048856\n|move|p2b: Hans|Fake Out|p1b: Ninetales\n|-damage|p1b: Ninetales|90\/100\n|move|p1a: Raichu|Fake Out|p2b: Hans\n|-crit|p2b: Hans\n|-damage|p2b: Hans|91\/100\n|move|p2a: Sinistcha|Matcha Gotcha|p1a: Raichu|[spread] p1b\n|-miss|p2a: Sinistcha|p1a: Raichu\n|-damage|p1b: Ninetales|72\/100\n|cant|p1b: Ninetales|flinch\n|\n|-weather|Snow|[upkeep]\n|upkeep\n|turn|3\n|inactive|PauseToContinue has 30 seconds left.\n|inactive|Braimanaitor has 30 seconds left.\n|inactive|Braimanaitor has 20 seconds left.\n|inactive|Braimanaitor has 15 seconds left.\n|inactive|Braimanaitor has 10 seconds left.\n|inactive|Braimanaitor has 5 seconds left.\n|\n|t:|1701048907\n|move|p1b: Ninetales|Protect|p1b: Ninetales\n|-singleturn|p1b: Ninetales|Protect\n|move|p2a: Sinistcha|Rage Powder|p2a: Sinistcha\n|-singleturn|p2a: Sinistcha|move: Rage Powder\n|move|p2b: Hans|Drain Punch|p1b: Ninetales\n|-activate|p1b: Ninetales|move: Protect\n|move|p1a: Raichu|Knock Off|p2a: Sinistcha\n|-supereffective|p2a: Sinistcha\n|-damage|p2a: Sinistcha|68\/100\n|-enditem|p2a: Sinistcha|Mental Herb|[from] move: Knock Off|[of] p1a: Raichu\n|\n|-weather|Snow|[upkeep]\n|upkeep\n|turn|4\n|\n|t:|1701048926\n|switch|p1b: Urshifu|Urshifu-Rapid-Strike, L50, M|100\/100\n|move|p2b: Hans|Drain Punch|p1b: Urshifu\n|-damage|p1b: Urshifu|67\/100\n|-heal|p2b: Hans|100\/100|[from] drain|[of] p1b: Urshifu\n|move|p2a: Sinistcha|Strength Sap|p1a: Raichu\n|-unboost|p1a: Raichu|atk|1\n|-heal|p2a: Sinistcha|100\/100\n|move|p1a: Raichu|Nuzzle|p2a: Sinistcha\n|-resisted|p2a: Sinistcha\n|-damage|p2a: Sinistcha|99\/100\n|-status|p2a: Sinistcha|par\n|\n|-weather|Snow|[upkeep]\n|upkeep\n|turn|5\n|inactive|PauseToContinue has 30 seconds left.\n|inactive|Braimanaitor has 30 seconds left.\n|\n|t:|1701048960\n|move|p1b: Urshifu|Detect|p1b: Urshifu\n|-singleturn|p1b: Urshifu|Protect\n|move|p2a: Sinistcha|Strength Sap|p1b: Urshifu\n|-activate|p1b: Urshifu|move: Protect\n|move|p2b: Hans|Volt Switch|p1b: Urshifu\n|-activate|p1b: Urshifu|move: Protect\n|move|p1a: Raichu|Volt Switch|p2a: Sinistcha\n|-resisted|p2a: Sinistcha\n|-damage|p2a: Sinistcha|87\/100 par\n|\n|t:|1701048970\n|switch|p1a: Ninetales|Ninetales-Alola, L50, F|72\/100|[from] Volt Switch\n|\n|-weather|none\n|-fieldend|move: Trick Room\n|upkeep\n|turn|6\n|inactive|PauseToContinue has 30 seconds left.\n|\n|t:|1701049002\n|switch|p1a: Raichu|Raichu, L50, M|100\/100\n|-terastallize|p1b: Urshifu|Fighting\n|move|p1b: Urshifu|Drain Punch|p2b: Hans\n|-damage|p2b: Hans|55\/100\n|-heal|p1b: Urshifu|100\/100|[from] drain|[of] p2b: Hans\n|-damage|p1b: Urshifu|91\/100|[from] item: Life Orb\n|move|p2b: Hans|Volt Switch|p1b: Urshifu\n|-crit|p1b: Urshifu\n|-damage|p1b: Urshifu|60\/100\n|\n|t:|1701049015\n|-end|p2b: Hans|Quark Drive|[silent]\n|switch|p2b: Karlach|Arcanine-Hisui, L50, F|100\/100|[from] Volt Switch\n|-ability|p2b: Karlach|Intimidate|boost\n|-unboost|p1a: Raichu|atk|1\n|-unboost|p1b: Urshifu|atk|1\n|cant|p2a: Sinistcha|par\n|\n|upkeep\n|turn|7\n|inactive|PauseToContinue has 30 seconds left.\n|\n|t:|1701049049\n|move|p1a: Raichu|Fake Out|p2a: Sinistcha\n|-immune|p2a: Sinistcha\n|move|p1b: Urshifu|Drain Punch|p2b: Karlach\n|-supereffective|p2b: Karlach\n|-damage|p2b: Karlach|0 fnt\n|-heal|p1b: Urshifu|100\/100|[from] drain|[of] p2b: Karlach\n|faint|p2b: Karlach\n|-damage|p1b: Urshifu|91\/100|[from] item: Life Orb\n|move|p2a: Sinistcha|Matcha Gotcha|p1a: Raichu|[spread] p1a,p1b\n|-damage|p1a: Raichu|87\/100\n|-heal|p2a: Sinistcha|94\/100 par|[from] drain|[of] p1a: Raichu\n|-damage|p1b: Urshifu|65\/100\n|-heal|p2a: Sinistcha|100\/100 par|[from] drain|[of] p1b: Urshifu\n|-status|p1b: Urshifu|brn\n|\n|-damage|p1b: Urshifu|59\/100 brn|[from] brn\n|upkeep\n|\n|t:|1701049059\n|switch|p2b: Hans|Iron Hands, L50|55\/100\n|turn|8\n|inactive|Braimanaitor has 30 seconds left.\n|\n|t:|1701049086\n|move|p1b: Urshifu|Detect|p1b: Urshifu\n|-singleturn|p1b: Urshifu|Protect\n|move|p2a: Sinistcha|Rage Powder|p2a: Sinistcha\n|-singleturn|p2a: Sinistcha|move: Rage Powder\n|move|p1a: Raichu|Knock Off|p2a: Sinistcha\n|-supereffective|p2a: Sinistcha\n|-damage|p2a: Sinistcha|87\/100 par\n|move|p2b: Hans|Drain Punch|p1a: Raichu\n|-crit|p1a: Raichu\n|-damage|p1a: Raichu|6\/100\n|-heal|p2b: Hans|81\/100|[from] drain|[of] p1a: Raichu\n|\n|-damage|p1b: Urshifu|54\/100 brn|[from] brn\n|-sideend|p1: PauseToContinue|move: Aurora Veil\n|upkeep\n|turn|9\n|inactive|PauseToContinue has 30 seconds left.\n|inactive|PauseToContinue has 20 seconds left.\n|inactive|PauseToContinue has 15 seconds left.\n|inactive|PauseToContinue has 10 seconds left.\n|inactive|PauseToContinue has 5 seconds left.\n|\n|t:|1701049141\n|move|p1a: Raichu|Fake Out||[still]\n|-hint|Fake Out only works on your first turn out.\n|-fail|p1a: Raichu\n|move|p1b: Urshifu|Close Combat|p2b: Hans\n|-damage|p2b: Hans|58\/100\n|-unboost|p1b: Urshifu|def|1\n|-unboost|p1b: Urshifu|spd|1\n|-damage|p1b: Urshifu|44\/100 brn|[from] item: Life Orb\n|move|p2b: Hans|Drain Punch|p1b: Urshifu\n|-damage|p1b: Urshifu|0 fnt\n|-heal|p2b: Hans|73\/100|[from] drain|[of] p1b: Urshifu\n|faint|p1b: Urshifu\n|move|p2a: Sinistcha|Matcha Gotcha|p1a: Raichu\n|-damage|p1a: Raichu|0 fnt\n|-heal|p2a: Sinistcha|90\/100 par|[from] drain|[of] p1a: Raichu\n|faint|p1a: Raichu\n|\n|upkeep\n|\n|t:|1701049158\n|switch|p1b: Ninetales|Ninetales-Alola, L50, F|72\/100\n|-weather|Snow|[from] ability: Snow Warning|[of] p1b: Ninetales\n|turn|10\n|inactive|Braimanaitor has 30 seconds left.\n|\n|t:|1701049187\n|-terastallize|p2b: Hans|Steel\n|move|p1b: Ninetales|Dazzling Gleam|p2b: Hans|[spread] p2a,p2b\n|-resisted|p2b: Hans\n|-damage|p2a: Sinistcha|65\/100 par\n|-damage|p2b: Hans|66\/100\n|move|p2b: Hans|Drain Punch|p1b: Ninetales\n|-damage|p1b: Ninetales|30\/100\n|-heal|p2b: Hans|80\/100|[from] drain|[of] p1b: Ninetales\n|cant|p2a: Sinistcha|par\n|\n|-weather|Snow|[upkeep]\n|upkeep\n|turn|11\n|-message|PauseToContinue forfeited.\n|\n|win|Braimanaitor\n|raw|PauseToContinue's rating: 1045 &rarr; <strong>1027<\/strong><br \/>(-18 for losing)\n|raw|Braimanaitor's rating: 1016 &rarr; <strong>1057<\/strong><br \/>(+41 for winning)\n|l|\u2606PauseToContinue\n","uploadtime":1701049207,"views":2,"p1id":"pausetocontinue","p2id":"braimanaitor","formatid":"gen9vgc2023regulatione","rating":1027,"private":0,"password":""}