{"id":"gen9vgc2023regulatione-1993281020","p1":"whyismynamejeff","p2":"P0KESHOW","format":"[Gen 9] VGC 2023 Regulation E","log":"|j|\u2606whyismynamejeff\n|j|\u2606P0KESHOW\n|t:|1700289529\n|gametype|doubles\n|player|p1|whyismynamejeff|colress|1187\n|player|p2|P0KESHOW|170|1207\n|teamsize|p1|6\n|teamsize|p2|6\n|gen|9\n|tier|[Gen 9] VGC 2023 Regulation E\n|rated|\n|rule|Species Clause: Limit one of each Pok\u00e9mon\n|rule|Item Clause: Limit one of each item\n|clearpoke\n|poke|p1|Empoleon, L50, M|\n|poke|p1|Ogerpon-Hearthflame, L50, F|\n|poke|p1|Flutter Mane, L50|\n|poke|p1|Iron Hands, L50|\n|poke|p1|Baxcalibur, L50, F|\n|poke|p1|Landorus-Therian, L50, M|\n|poke|p2|Gholdengo, L50|\n|poke|p2|Iron Hands, L50|\n|poke|p2|Amoonguss, L50, M|\n|poke|p2|Iron Bundle, L50|\n|poke|p2|Pelipper, L50, F|\n|poke|p2|Salamence, L50, M|\n|teampreview|4\n|inactive|Battle timer is ON: inactive players will automatically lose when time's up. (requested by P0KESHOW)\n|\n|t:|1700289548\n|start\n|switch|p1a: Iron Hands|Iron Hands, L50|100\/100\n|switch|p1b: Landorus|Landorus-Therian, L50, M|100\/100\n|switch|p2a: Iron Hands|Iron Hands, L50|100\/100\n|switch|p2b: Gholdengo|Gholdengo, L50|100\/100\n|-ability|p1b: Landorus|Intimidate|boost\n|-unboost|p2a: Iron Hands|atk|1\n|-unboost|p2b: Gholdengo|atk|1\n|turn|1\n|\n|t:|1700289565\n|move|p2a: Iron Hands|Fake Out|p1b: Landorus\n|-damage|p1b: Landorus|87\/100\n|move|p1a: Iron Hands|Fake Out|p2a: Iron Hands\n|-damage|p2a: Iron Hands|89\/100\n|cant|p1b: Landorus|flinch\n|move|p2b: Gholdengo|Nasty Plot|p2b: Gholdengo\n|-boost|p2b: Gholdengo|spa|2\n|\n|upkeep\n|turn|2\n|\n|t:|1700289582\n|-end|p2a: Iron Hands|Quark Drive|[silent]\n|switch|p2a: Pelipper|Pelipper, L50, F|100\/100\n|-weather|RainDance|[from] ability: Drizzle|[of] p2a: Pelipper\n|-terastallize|p2b: Gholdengo|Dragon\n|move|p1b: Landorus|U-turn|p2b: Gholdengo\n|-damage|p2b: Gholdengo|73\/100\n|\n|t:|1700289590\n|switch|p1b: Baxcalibur|Baxcalibur, L50, F|100\/100|[from] U-turn\n|move|p2b: Gholdengo|Shadow Ball|p1a: Iron Hands\n|-damage|p1a: Iron Hands|47\/100\n|-unboost|p1a: Iron Hands|spd|1\n|move|p1a: Iron Hands|Drain Punch|p2a: Pelipper\n|-resisted|p2a: Pelipper\n|-damage|p2a: Pelipper|75\/100\n|-heal|p1a: Iron Hands|54\/100|[from] drain|[of] p2a: Pelipper\n|\n|-weather|RainDance|[upkeep]\n|-heal|p2b: Gholdengo|79\/100|[from] item: Leftovers\n|upkeep\n|turn|3\n|\n|t:|1700289612\n|switch|p2a: Iron Hands|Iron Hands, L50|89\/100\n|move|p2b: Gholdengo|Protect|p2b: Gholdengo\n|-singleturn|p2b: Gholdengo|Protect\n|move|p1b: Baxcalibur|Icicle Spear|p2b: Gholdengo\n|-activate|p2b: Gholdengo|move: Protect\n|move|p1a: Iron Hands|Wild Charge|p2a: Iron Hands\n|-resisted|p2a: Iron Hands\n|-damage|p2a: Iron Hands|70\/100\n|-damage|p1a: Iron Hands|50\/100|[from] Recoil\n|\n|-weather|RainDance|[upkeep]\n|-heal|p2b: Gholdengo|85\/100|[from] item: Leftovers\n|upkeep\n|turn|4\n|\n|t:|1700289628\n|move|p2a: Iron Hands|Fake Out|p1b: Baxcalibur\n|-damage|p1b: Baxcalibur|86\/100\n|cant|p1b: Baxcalibur|flinch\n|move|p2b: Gholdengo|Make It Rain|p1b: Baxcalibur|[spread] p1a,p1b\n|-resisted|p1a: Iron Hands\n|-supereffective|p1b: Baxcalibur\n|-damage|p1a: Iron Hands|3\/100\n|-damage|p1b: Baxcalibur|0 fnt\n|-unboost|p2b: Gholdengo|spa|1\n|faint|p1b: Baxcalibur\n|move|p1a: Iron Hands|Drain Punch|p2a: Iron Hands\n|-damage|p2a: Iron Hands|40\/100\n|-heal|p1a: Iron Hands|17\/100|[from] drain|[of] p2a: Iron Hands\n|\n|-weather|RainDance|[upkeep]\n|-heal|p2b: Gholdengo|91\/100|[from] item: Leftovers\n|upkeep\n|\n|t:|1700289644\n|switch|p1b: Empoleon|Empoleon, L50, M|100\/100\n|turn|5\n|\n|t:|1700289652\n|move|p1b: Empoleon|Protect|p1b: Empoleon\n|-singleturn|p1b: Empoleon|Protect\n|move|p2b: Gholdengo|Shadow Ball|p1a: Iron Hands\n|-damage|p1a: Iron Hands|0 fnt\n|faint|p1a: Iron Hands\n|-end|p1a: Iron Hands|Quark Drive|[silent]\n|move|p2a: Iron Hands|Drain Punch|p1b: Empoleon\n|-activate|p1b: Empoleon|move: Protect\n|\n|-weather|RainDance|[upkeep]\n|-heal|p2b: Gholdengo|97\/100|[from] item: Leftovers\n|upkeep\n|\n|t:|1700289661\n|switch|p1a: Landorus|Landorus-Therian, L50, M|87\/100\n|-ability|p1a: Landorus|Intimidate|boost\n|-unboost|p2a: Iron Hands|atk|1\n|-unboost|p2b: Gholdengo|atk|1\n|turn|6\n|\n|t:|1700289681\n|-end|p2a: Iron Hands|Quark Drive|[silent]\n|switch|p2a: Pelipper|Pelipper, L50, F|75\/100\n|-terastallize|p1a: Landorus|Flying\n|move|p1a: Landorus|Tera Blast|p2a: Pelipper|[anim] Tera Blast Flying\n|-damage|p2a: Pelipper|3\/100\n|move|p2b: Gholdengo|Shadow Ball|p1a: Landorus\n|-damage|p1a: Landorus|0 fnt\n|faint|p1a: Landorus\n|move|p1b: Empoleon|Ice Beam|p2b: Gholdengo\n|-supereffective|p2b: Gholdengo\n|-damage|p2b: Gholdengo|36\/100\n|\n|-weather|none\n|-heal|p2b: Gholdengo|42\/100|[from] item: Leftovers\n|upkeep\n|turn|7\n|\n|t:|1700289706\n|switch|p2a: Iron Hands|Iron Hands, L50|40\/100\n|move|p2b: Gholdengo|Shadow Ball|p1b: Empoleon\n|-damage|p1b: Empoleon|46\/100\n|move|p1b: Empoleon|Ice Beam|p2b: Gholdengo\n|-supereffective|p2b: Gholdengo\n|-damage|p2b: Gholdengo|0 fnt\n|faint|p2b: Gholdengo\n|\n|-heal|p1b: Empoleon|51\/100|[from] item: Leftovers\n|upkeep\n|\n|t:|1700289710\n|switch|p2b: Iron Bundle|Iron Bundle, L50|100\/100\n|-enditem|p2b: Iron Bundle|Booster Energy\n|-activate|p2b: Iron Bundle|ability: Quark Drive|[fromitem]\n|-start|p2b: Iron Bundle|quarkdrivespe\n|turn|8\n|\n|t:|1700289716\n|move|p1b: Empoleon|Protect|p1b: Empoleon\n|-singleturn|p1b: Empoleon|Protect\n|move|p2a: Iron Hands|Fake Out|p1b: Empoleon\n|-activate|p1b: Empoleon|move: Protect\n|move|p2b: Iron Bundle|Freeze-Dry|p1b: Empoleon\n|-activate|p1b: Empoleon|move: Protect\n|\n|-heal|p1b: Empoleon|57\/100|[from] item: Leftovers\n|upkeep\n|turn|9\n|\n|t:|1700289731\n|move|p2b: Iron Bundle|Freeze-Dry|p1b: Empoleon\n|-damage|p1b: Empoleon|29\/100\n|move|p1b: Empoleon|Flash Cannon|p2a: Iron Hands\n|-resisted|p2a: Iron Hands\n|-damage|p2a: Iron Hands|28\/100\n|move|p2a: Iron Hands|Drain Punch|p1b: Empoleon\n|-supereffective|p1b: Empoleon\n|-damage|p1b: Empoleon|0 fnt\n|-heal|p2a: Iron Hands|40\/100|[from] drain|[of] p1b: Empoleon\n|faint|p1b: Empoleon\n|\n|win|P0KESHOW\n|raw|whyismynamejeff's rating: 1187 &rarr; <strong>1163<\/strong><br \/>(-24 for losing)\n|raw|P0KESHOW's rating: 1207 &rarr; <strong>1231<\/strong><br \/>(+24 for winning)\n|l|\u2606P0KESHOW\n","uploadtime":1700289743,"views":10,"p1id":"whyismynamejeff","p2id":"p0keshow","formatid":"gen9vgc2023regulatione","rating":1163,"private":0,"password":""}