{"id":"gen9vgc2023regulatione-1996471412","p1":"Gimbo","p2":"dahvido","format":"[Gen 9] VGC 2023 Regulation E","log":"|j|\u2606Gimbo\n|j|\u2606dahvido\n|t:|1700685245\n|gametype|doubles\n|player|p1|Gimbo|266|1089\n|player|p2|dahvido|swimmerf|1072\n|teamsize|p1|6\n|teamsize|p2|6\n|gen|9\n|tier|[Gen 9] VGC 2023 Regulation E\n|rated|\n|rule|Species Clause: Limit one of each Pok\u00e9mon\n|rule|Item Clause: Limit one of each item\n|clearpoke\n|poke|p1|Ogerpon-Wellspring, L50, F|\n|poke|p1|Tornadus, L50, M|\n|poke|p1|Flutter Mane, L50|\n|poke|p1|Ting-Lu, L50|\n|poke|p1|Torterra, L50, F|\n|poke|p1|Salazzle, L50, F|\n|poke|p2|Umbreon, L50, M|\n|poke|p2|Torkoal, L50, M|\n|poke|p2|Lilligant-Hisui, L50, F|\n|poke|p2|Sinistcha, L50|\n|poke|p2|Ursaluna, L50, F|\n|poke|p2|Hatterene, L50, F|\n|teampreview|4\n|inactive|Battle timer is ON: inactive players will automatically lose when time's up. (requested by Gimbo)\n|\n|t:|1700685283\n|start\n|switch|p1a: Flutter Mane|Flutter Mane, L50|100\/100\n|switch|p1b: Salazzle|Salazzle, L50, F|100\/100\n|switch|p2a: Torkoal|Torkoal, L50, M|100\/100\n|switch|p2b: Lilligant|Lilligant-Hisui, L50, F, shiny|100\/100\n|-weather|SunnyDay|[from] ability: Drought|[of] p2a: Torkoal\n|-activate|p1a: Flutter Mane|ability: Protosynthesis\n|-start|p1a: Flutter Mane|protosynthesisspe\n|turn|1\n|\n|t:|1700685303\n|-terastallize|p2a: Torkoal|Fire\n|move|p1b: Salazzle|Fake Out|p2b: Lilligant\n|-damage|p2b: Lilligant|90\/100\n|cant|p2b: Lilligant|flinch\n|move|p1a: Flutter Mane|Dazzling Gleam|p2b: Lilligant|[spread] p2a,p2b\n|-resisted|p2a: Torkoal\n|-supereffective|p2b: Lilligant\n|-damage|p2a: Torkoal|72\/100\n|-damage|p2b: Lilligant|0 fnt\n|faint|p2b: Lilligant\n|-damage|p1a: Flutter Mane|90\/100|[from] item: Life Orb\n|move|p2a: Torkoal|Eruption|p1b: Salazzle|[spread] p1a,p1b\n|-resisted|p1b: Salazzle\n|-damage|p1a: Flutter Mane|12\/100\n|-damage|p1b: Salazzle|28\/100\n|\n|-weather|SunnyDay|[upkeep]\n|upkeep\n|\n|t:|1700685325\n|switch|p2b: Ursaluna|Ursaluna, L50, F|100\/100\n|turn|2\n|\n|t:|1700685341\n|move|p2a: Torkoal|Protect|p2a: Torkoal\n|-singleturn|p2a: Torkoal|Protect\n|move|p1a: Flutter Mane|Dazzling Gleam|p2b: Ursaluna|[spread] p2b\n|-activate|p2a: Torkoal|move: Protect\n|-damage|p2b: Ursaluna|63\/100\n|-damage|p1a: Flutter Mane|2\/100|[from] item: Life Orb\n|move|p1b: Salazzle|Sludge Bomb|p2a: Torkoal\n|-activate|p2a: Torkoal|move: Protect\n|move|p2b: Ursaluna|Earthquake|p1b: Salazzle|[spread] p1a,p1b\n|-activate|p2a: Torkoal|move: Protect\n|-supereffective|p1b: Salazzle\n|-damage|p1a: Flutter Mane|0 fnt\n|-damage|p1b: Salazzle|0 fnt\n|faint|p1a: Flutter Mane\n|-end|p1a: Flutter Mane|Protosynthesis|[silent]\n|faint|p1b: Salazzle\n|\n|-weather|SunnyDay|[upkeep]\n|-status|p2b: Ursaluna|brn|[from] item: Flame Orb\n|upkeep\n|\n|t:|1700685346\n|switch|p1a: Torterra|Torterra, L50, F|100\/100\n|switch|p1b: Ting-Lu|Ting-Lu, L50|100\/100\n|-ability|p1b: Ting-Lu|Vessel of Ruin\n|turn|3\n|inactive|dahvido has 30 seconds left.\n|inactive|dahvido has 20 seconds left.\n|inactive|dahvido has 15 seconds left.\n|inactive|dahvido has 10 seconds left.\n|inactive|dahvido has 5 seconds left.\n|\n|t:|1700685401\n|-terastallize|p1a: Torterra|Water\n|move|p1a: Torterra|Shell Smash|p1a: Torterra\n|-unboost|p1a: Torterra|def|1\n|-unboost|p1a: Torterra|spd|1\n|-boost|p1a: Torterra|atk|2\n|-boost|p1a: Torterra|spa|2\n|-boost|p1a: Torterra|spe|2\n|-enditem|p1a: Torterra|White Herb\n|-clearnegativeboost|p1a: Torterra|[silent]\n|move|p1b: Ting-Lu|Body Press|p2b: Ursaluna\n|-supereffective|p2b: Ursaluna\n|-damage|p2b: Ursaluna|19\/100 brn\n|move|p2b: Ursaluna|Facade|p1b: Ting-Lu\n|-damage|p1b: Ting-Lu|40\/100\n|move|p2a: Torkoal|Heat Wave|p1a: Torterra|[spread] p1a,p1b\n|-resisted|p1a: Torterra\n|-damage|p1a: Torterra|60\/100\n|-damage|p1b: Ting-Lu|10\/100\n|\n|-weather|SunnyDay|[upkeep]\n|-damage|p2b: Ursaluna|13\/100 brn|[from] brn\n|upkeep\n|turn|4\n|inactive|Gimbo has 30 seconds left.\n|inactive|dahvido has 30 seconds left.\n|inactive|dahvido has 20 seconds left.\n|\n|t:|1700685436\n|move|p1a: Torterra|Tera Blast|p2a: Torkoal|[anim] Tera Blast Water\n|-supereffective|p2a: Torkoal\n|-damage|p2a: Torkoal|6\/100\n|move|p1b: Ting-Lu|Body Press|p2b: Ursaluna\n|-supereffective|p2b: Ursaluna\n|-damage|p2b: Ursaluna|0 fnt\n|faint|p2b: Ursaluna\n|move|p2a: Torkoal|Heat Wave|p1b: Ting-Lu|[spread] p1b\n|-miss|p2a: Torkoal|p1a: Torterra\n|-damage|p1b: Ting-Lu|0 fnt\n|faint|p1b: Ting-Lu\n|\n|-weather|SunnyDay|[upkeep]\n|upkeep\n|\n|t:|1700685447\n|switch|p2b: Umbreon|Umbreon, L50, M, shiny|100\/100\n|turn|5\n|\n|t:|1700685463\n|move|p1a: Torterra|Earthquake|p2a: Torkoal|[spread] p2a,p2b\n|-supereffective|p2a: Torkoal\n|-crit|p2b: Umbreon\n|-damage|p2a: Torkoal|0 fnt\n|-damage|p2b: Umbreon|11\/100\n|faint|p2a: Torkoal\n|move|p2b: Umbreon|Calm Mind|p2b: Umbreon\n|-boost|p2b: Umbreon|spa|1\n|-boost|p2b: Umbreon|spd|1\n|\n|-weather|none\n|-heal|p2b: Umbreon|17\/100|[from] item: Leftovers\n|upkeep\n|turn|6\n|\n|t:|1700685478\n|move|p1a: Torterra|Earthquake|p2b: Umbreon\n|-damage|p2b: Umbreon|0 fnt\n|faint|p2b: Umbreon\n|\n|win|Gimbo\n|raw|Gimbo's rating: 1089 &rarr; <strong>1114<\/strong><br \/>(+25 for winning)\n|raw|dahvido's rating: 1072 &rarr; <strong>1052<\/strong><br \/>(-20 for losing)\n","uploadtime":1700685486,"views":3,"p1id":"gimbo","p2id":"dahvido","formatid":"gen9vgc2023regulatione","rating":1052,"private":0,"password":""}