{"id":"gen9vgc2023regulatione-1995643277","p1":"Gimbo","p2":"zenekboys","format":"[Gen 9] VGC 2023 Regulation E","log":"|j|\u2606Gimbo\n|j|\u2606zenekboys\n|t:|1700590174\n|gametype|doubles\n|player|p1|Gimbo|266|1075\n|player|p2|zenekboys|265|1063\n|teamsize|p1|6\n|teamsize|p2|6\n|gen|9\n|tier|[Gen 9] VGC 2023 Regulation E\n|rated|\n|rule|Species Clause: Limit one of each Pok\u00e9mon\n|rule|Item Clause: Limit one of each item\n|clearpoke\n|poke|p1|Ogerpon-Wellspring, L50, F|\n|poke|p1|Tornadus, L50, M|\n|poke|p1|Iron Hands, L50|\n|poke|p1|Ting-Lu, L50|\n|poke|p1|Landorus-Therian, L50, M|\n|poke|p1|Amoonguss, L50, F|\n|poke|p2|Flutter Mane, L50|\n|poke|p2|Lucario, L50, M|\n|poke|p2|Ogerpon-Wellspring, L50, F|\n|poke|p2|Dragapult, L50, F|\n|poke|p2|Iron Bundle, L50|\n|poke|p2|Kingambit, L50, M|\n|teampreview|4\n|\n|t:|1700590212\n|start\n|switch|p1a: Landorus|Landorus-Therian, L50, M|100\/100\n|switch|p1b: Ting-Lu|Ting-Lu, L50|100\/100\n|switch|p2a: Iron Bundle|Iron Bundle, L50, shiny|100\/100\n|switch|p2b: Dragapult|Dragapult, L50, F, shiny|100\/100\n|-ability|p1a: Landorus|Intimidate|boost\n|-unboost|p2a: Iron Bundle|atk|1\n|-fail|p2b: Dragapult|unboost|[from] ability: Clear Body|[of] p2b: Dragapult\n|-ability|p1b: Ting-Lu|Vessel of Ruin\n|-enditem|p2a: Iron Bundle|Booster Energy\n|-activate|p2a: Iron Bundle|ability: Quark Drive|[fromitem]\n|-start|p2a: Iron Bundle|quarkdrivespe\n|turn|1\n|inactive|Battle timer is ON: inactive players will automatically lose when time's up. (requested by Gimbo)\n|\n|t:|1700590232\n|-terastallize|p1a: Landorus|Poison\n|move|p2a: Iron Bundle|Icy Wind|p1b: Ting-Lu|[spread] p1a,p1b\n|-supereffective|p1b: Ting-Lu\n|-damage|p1a: Landorus|79\/100\n|-damage|p1b: Ting-Lu|84\/100\n|-unboost|p1a: Landorus|spe|1\n|-unboost|p1b: Ting-Lu|spe|1\n|move|p2b: Dragapult|U-turn|p1b: Ting-Lu\n|-supereffective|p1b: Ting-Lu\n|-damage|p1b: Ting-Lu|55\/100\n|\n|t:|1700590243\n|switch|p2b: Lucario|Lucario, L50, M, shiny|100\/100|[from] U-turn\n|move|p1a: Landorus|Tera Blast|p2a: Iron Bundle|[anim] Tera Blast Poison\n|-damage|p2a: Iron Bundle|47\/100\n|move|p1b: Ting-Lu|Heavy Slam|p2a: Iron Bundle\n|-damage|p2a: Iron Bundle|10\/100\n|\n|upkeep\n|turn|2\n|\n|t:|1700590267\n|switch|p1a: Tornadus|Tornadus, L50, M|100\/100\n|-terastallize|p2b: Lucario|Psychic\n|move|p2a: Iron Bundle|Protect|p2a: Iron Bundle\n|-singleturn|p2a: Iron Bundle|Protect\n|move|p2b: Lucario|Psychic|p1a: Tornadus\n|-damage|p1a: Tornadus|73\/100\n|move|p1b: Ting-Lu|Body Press|p2b: Lucario\n|-resisted|p2b: Lucario\n|-damage|p2b: Lucario|82\/100\n|\n|-heal|p1a: Tornadus|79\/100|[from] item: Leftovers\n|upkeep\n|turn|3\n|inactive|zenekboys has 30 seconds left.\n|\n|t:|1700590301\n|move|p2b: Lucario|Protect|p2b: Lucario\n|-singleturn|p2b: Lucario|Protect\n|move|p1a: Tornadus|Tailwind|p1a: Tornadus\n|-sidestart|p1: Gimbo|move: Tailwind\n|move|p2a: Iron Bundle|Freeze-Dry|p1a: Tornadus\n|-supereffective|p1a: Tornadus\n|-damage|p1a: Tornadus|33\/100\n|-status|p1a: Tornadus|frz\n|move|p1b: Ting-Lu|Heavy Slam|p2a: Iron Bundle\n|-damage|p2a: Iron Bundle|0 fnt\n|faint|p2a: Iron Bundle\n|-end|p2a: Iron Bundle|Quark Drive|[silent]\n|\n|-heal|p1a: Tornadus|39\/100 frz|[from] item: Leftovers\n|upkeep\n|\n|t:|1700590321\n|switch|p2a: Dragapult|Dragapult, L50, F, shiny|100\/100\n|turn|4\n|inactive|Gimbo has 30 seconds left.\n|inactive|Gimbo has 20 seconds left.\n|inactive|Gimbo has 15 seconds left.\n|\n|t:|1700590363\n|cant|p1a: Tornadus|frz\n|move|p2a: Dragapult|Dragon Darts|p1a: Tornadus\n|-damage|p1a: Tornadus|0 fnt\n|-anim|p2a: Dragapult|Dragon Darts|p1b: Ting-Lu\n|-damage|p1b: Ting-Lu|39\/100\n|faint|p1a: Tornadus\n|move|p2b: Lucario|Aura Sphere|p1b: Ting-Lu\n|-supereffective|p1b: Ting-Lu\n|-damage|p1b: Ting-Lu|0 fnt\n|faint|p1b: Ting-Lu\n|\n|upkeep\n|\n|t:|1700590373\n|switch|p1a: Ogerpon|Ogerpon-Wellspring, L50, F|100\/100\n|switch|p1b: Landorus|Landorus-Therian, L50, M, tera:Poison|79\/100\n|-ability|p1b: Landorus|Intimidate|boost\n|-fail|p2a: Dragapult|unboost|[from] ability: Clear Body|[of] p2a: Dragapult\n|-fail|p2b: Lucario|unboost|Attack|[from] ability: Inner Focus|[of] p2b: Lucario\n|turn|5\n|\n|t:|1700590394\n|move|p1b: Landorus|Outrage|p2b: Lucario\n|-damage|p2b: Lucario|22\/100\n|move|p1a: Ogerpon|Ivy Cudgel|p2b: Lucario|[anim] Ivy Cudgel Water\n|-damage|p2b: Lucario|0 fnt\n|faint|p2b: Lucario\n|move|p2a: Dragapult|Dragon Darts|p1a: Ogerpon\n|-damage|p1a: Ogerpon|54\/100\n|-anim|p2a: Dragapult|Dragon Darts|p1b: Landorus\n|-damage|p1b: Landorus|31\/100\n|\n|upkeep\n|\n|t:|1700590406\n|switch|p2b: Ogerpon|Ogerpon-Wellspring, L50, F|100\/100\n|turn|6\n|\n|t:|1700590425\n|move|p2b: Ogerpon|Follow Me|p2b: Ogerpon\n|-singleturn|p2b: Ogerpon|move: Follow Me\n|move|p1b: Landorus|Outrage|p2b: Ogerpon|[from]lockedmove\n|-damage|p2b: Ogerpon|50\/100\n|move|p1a: Ogerpon|Horn Leech|p2b: Ogerpon\n|-damage|p2b: Ogerpon|0 fnt\n|-heal|p1a: Ogerpon|84\/100|[from] drain|[of] p2b: Ogerpon\n|faint|p2b: Ogerpon\n|move|p2a: Dragapult|Dragon Darts|p1a: Ogerpon\n|-damage|p1a: Ogerpon|39\/100\n|-anim|p2a: Dragapult|Dragon Darts|p1b: Landorus\n|-crit|p1b: Landorus\n|-damage|p1b: Landorus|0 fnt\n|faint|p1b: Landorus\n|\n|-sideend|p1: Gimbo|move: Tailwind\n|upkeep\n|turn|7\n|inactive|Gimbo has 30 seconds left.\n|\n|t:|1700590450\n|move|p2a: Dragapult|Dragon Darts|p1a: Ogerpon\n|-damage|p1a: Ogerpon|0 fnt\n|faint|p1a: Ogerpon\n|\n|win|zenekboys\n|raw|Gimbo's rating: 1075 &rarr; <strong>1053<\/strong><br \/>(-22 for losing)\n|raw|zenekboys's rating: 1063 &rarr; <strong>1095<\/strong><br \/>(+32 for winning)\n","uploadtime":1700590458,"views":7,"p1id":"gimbo","p2id":"zenekboys","formatid":"gen9vgc2023regulatione","rating":1053,"private":0,"password":""}