{"id":"gen9vgc2023regulatione-1987905823","p1":"Rean412","p2":"Xaudalix","format":"[Gen 9] VGC 2023 Regulation E","log":"|j|\u2606Rean412\n|j|\u2606Xaudalix\n|t:|1699647835\n|gametype|doubles\n|player|p1|Rean412|266|1331\n|player|p2|Xaudalix|265|1386\n|teamsize|p1|6\n|teamsize|p2|6\n|gen|9\n|tier|[Gen 9] VGC 2023 Regulation E\n|rated|\n|rule|Species Clause: Limit one of each Pok\u00e9mon\n|rule|Item Clause: Limit one of each item\n|clearpoke\n|poke|p1|Annihilape, L50, M|\n|poke|p1|Ninetales-Alola, L50, M|\n|poke|p1|Urshifu-*, L50, M|\n|poke|p1|Rillaboom, L50, M|\n|poke|p1|Arcanine-Hisui, L50, F|\n|poke|p1|Iron Hands, L50|\n|poke|p2|Armarouge, L50, M|\n|poke|p2|Indeedee-F, L50, F|\n|poke|p2|Dondozo, L50, M|\n|poke|p2|Tatsugiri-Droopy, L50, M|\n|poke|p2|Flutter Mane, L50|\n|poke|p2|Chi-Yu, L50|\n|teampreview|4\n|c|\u2606Rean412|GLHF\n|\n|t:|1699647870\n|start\n|switch|p1a: Ninetales|Ninetales-Alola, L50, M|100\/100\n|switch|p1b: Napoleon|Urshifu-Rapid-Strike, L50, M|100\/100\n|switch|p2a: Flutter Mane|Flutter Mane, L50, shiny|100\/100\n|switch|p2b: Chi-Yu|Chi-Yu, L50|100\/100\n|-ability|p2b: Chi-Yu|Beads of Ruin\n|-weather|Snow|[from] ability: Snow Warning|[of] p1a: Ninetales\n|turn|1\n|\n|t:|1699647907\n|-terastallize|p2a: Flutter Mane|Fairy\n|move|p1a: Ninetales|Protect|p1a: Ninetales\n|-singleturn|p1a: Ninetales|Protect\n|move|p2b: Chi-Yu|Heat Wave|p1b: Napoleon|[spread] p1b\n|-activate|p1a: Ninetales|move: Protect\n|-resisted|p1b: Napoleon\n|-damage|p1b: Napoleon|55\/100\n|move|p1b: Napoleon|Surging Strikes|p2a: Flutter Mane\n|-crit|p2a: Flutter Mane\n|-damage|p2a: Flutter Mane|59\/100\n|-crit|p2a: Flutter Mane\n|-damage|p2a: Flutter Mane|19\/100\n|-crit|p2a: Flutter Mane\n|-damage|p2a: Flutter Mane|0 fnt\n|faint|p2a: Flutter Mane\n|-end|p2a: Flutter Mane|Protosynthesis|[silent]\n|-hitcount|p2: Flutter Mane|3\n|\n|-weather|Snow|[upkeep]\n|upkeep\n|\n|t:|1699647922\n|switch|p2a: Dondozo|Dondozo, L50, M, shiny|100\/100\n|turn|2\n|\n|t:|1699647934\n|switch|p2b: Tatsugiri|Tatsugiri-Droopy, L50, M, shiny|100\/100\n|-activate|p2b: Tatsugiri|ability: Commander|[of] p2a: Dondozo\n|-boost|p2a: Dondozo|atk|2\n|-boost|p2a: Dondozo|spa|2\n|-boost|p2a: Dondozo|spe|2\n|-boost|p2a: Dondozo|def|2\n|-boost|p2a: Dondozo|spd|2\n|-terastallize|p1a: Ninetales|Ghost\n|move|p1b: Napoleon|Surging Strikes|p2a: Dondozo\n|-resisted|p2a: Dondozo\n|-crit|p2a: Dondozo\n|-damage|p2a: Dondozo|93\/100\n|-resisted|p2a: Dondozo\n|-crit|p2a: Dondozo\n|-damage|p2a: Dondozo|85\/100\n|-resisted|p2a: Dondozo\n|-crit|p2a: Dondozo\n|-damage|p2a: Dondozo|79\/100\n|-hitcount|p2a: Dondozo|3\n|move|p1a: Ninetales|Aurora Veil|p1a: Ninetales\n|-sidestart|p1: Rean412|move: Aurora Veil\n|move|p2a: Dondozo|Wave Crash|p1a: Ninetales\n|-damage|p1a: Ninetales|0 fnt\n|faint|p1a: Ninetales\n|-damage|p2a: Dondozo|55\/100|[from] Recoil\n|\n|-weather|Snow|[upkeep]\n|-heal|p2a: Dondozo|61\/100|[from] item: Leftovers\n|upkeep\n|\n|t:|1699647956\n|switch|p1a: Iron Hands|Iron Hands, L50|100\/100\n|-enditem|p1a: Iron Hands|Booster Energy\n|-activate|p1a: Iron Hands|ability: Quark Drive|[fromitem]\n|-start|p1a: Iron Hands|quarkdriveatk\n|turn|3\n|\n|t:|1699647966\n|switch|p1b: Annihilape|Annihilape, L50, M|100\/100\n|move|p2a: Dondozo|Protect|p2a: Dondozo\n|-singleturn|p2a: Dondozo|Protect\n|move|p1a: Iron Hands|Fake Out|p2a: Dondozo\n|-activate|p2a: Dondozo|move: Protect\n|\n|-weather|Snow|[upkeep]\n|-heal|p2a: Dondozo|68\/100|[from] item: Leftovers\n|upkeep\n|turn|4\n|\n|t:|1699647998\n|move|p1b: Annihilape|Bulk Up|p1b: Annihilape\n|-boost|p1b: Annihilape|atk|1\n|-boost|p1b: Annihilape|def|1\n|move|p2a: Dondozo|Earthquake|p1a: Iron Hands|[spread] p1a,p1b\n|-miss|p2a: Dondozo|p2b: Tatsugiri\n|-supereffective|p1a: Iron Hands\n|-damage|p1a: Iron Hands|69\/100\n|-damage|p1b: Annihilape|80\/100\n|move|p1a: Iron Hands|Wild Charge|p2a: Dondozo\n|-supereffective|p2a: Dondozo\n|-damage|p2a: Dondozo|27\/100\n|-damage|p1a: Iron Hands|60\/100|[from] Recoil\n|\n|-weather|Snow|[upkeep]\n|-heal|p1b: Annihilape|86\/100|[from] item: Leftovers\n|-heal|p2a: Dondozo|33\/100|[from] item: Leftovers\n|upkeep\n|turn|5\n|\n|t:|1699648016\n|move|p2a: Dondozo|Protect|p2a: Dondozo\n|-singleturn|p2a: Dondozo|Protect\n|move|p1b: Annihilape|Rage Fist|p2a: Dondozo\n|-activate|p2a: Dondozo|move: Protect\n|move|p1a: Iron Hands|Drain Punch|p2a: Dondozo\n|-activate|p2a: Dondozo|move: Protect\n|\n|-weather|none\n|-heal|p1b: Annihilape|92\/100|[from] item: Leftovers\n|-heal|p2a: Dondozo|39\/100|[from] item: Leftovers\n|upkeep\n|turn|6\n|\n|t:|1699648026\n|move|p1b: Annihilape|Rage Fist|p2a: Dondozo\n|-damage|p2a: Dondozo|20\/100\n|move|p2a: Dondozo|Earthquake|p1a: Iron Hands|[spread] p1a,p1b\n|-miss|p2a: Dondozo|p2b: Tatsugiri\n|-supereffective|p1a: Iron Hands\n|-damage|p1a: Iron Hands|26\/100\n|-damage|p1b: Annihilape|71\/100\n|move|p1a: Iron Hands|Drain Punch|p2a: Dondozo\n|-damage|p2a: Dondozo|5\/100\n|-heal|p1a: Iron Hands|33\/100|[from] drain|[of] p2a: Dondozo\n|\n|-heal|p1b: Annihilape|77\/100|[from] item: Leftovers\n|-heal|p2a: Dondozo|12\/100|[from] item: Leftovers\n|upkeep\n|turn|7\n|\n|t:|1699648051\n|move|p2a: Dondozo|Earthquake|p1b: Annihilape|[spread] p1a,p1b\n|-miss|p2a: Dondozo|p2b: Tatsugiri\n|-supereffective|p1a: Iron Hands\n|-damage|p1a: Iron Hands|1\/100\n|-damage|p1b: Annihilape|56\/100\n|move|p1b: Annihilape|Bulk Up|p1b: Annihilape\n|-boost|p1b: Annihilape|atk|1\n|-boost|p1b: Annihilape|def|1\n|move|p1a: Iron Hands|Wild Charge|p1b: Annihilape\n|-damage|p1b: Annihilape|38\/100\n|-damage|p1a: Iron Hands|0 fnt|[from] Recoil\n|faint|p1a: Iron Hands\n|-end|p1a: Iron Hands|Quark Drive|[silent]\n|\n|-heal|p2a: Dondozo|18\/100|[from] item: Leftovers\n|-heal|p1b: Annihilape|44\/100|[from] item: Leftovers\n|upkeep\n|\n|t:|1699648065\n|switch|p1a: Napoleon|Urshifu-Rapid-Strike, L50, M|55\/100\n|turn|8\n|\n|t:|1699648077\n|move|p1a: Napoleon|Close Combat|p2a: Dondozo\n|-damage|p2a: Dondozo|0 fnt\n|-unboost|p1a: Napoleon|def|1\n|-unboost|p1a: Napoleon|spd|1\n|faint|p2a: Dondozo\n|move|p1b: Annihilape|Rage Fist|p2b: Tatsugiri\n|-damage|p2b: Tatsugiri|0 fnt\n|faint|p2b: Tatsugiri\n|\n|-heal|p1b: Annihilape|50\/100|[from] item: Leftovers\n|upkeep\n|\n|t:|1699648082\n|switch|p2a: Chi-Yu|Chi-Yu, L50|100\/100\n|-ability|p2a: Chi-Yu|Beads of Ruin\n|turn|9\n|\n|t:|1699648093\n|move|p2a: Chi-Yu|Psychic|p1a: Napoleon\n|-supereffective|p1a: Napoleon\n|-damage|p1a: Napoleon|0 fnt\n|faint|p1a: Napoleon\n|move|p1b: Annihilape|Rage Fist|p2a: Chi-Yu\n|-resisted|p2a: Chi-Yu\n|-damage|p2a: Chi-Yu|0 fnt\n|faint|p2a: Chi-Yu\n|\n|win|Rean412\n|raw|Rean412's rating: 1331 &rarr; <strong>1354<\/strong><br \/>(+23 for winning)\n|raw|Xaudalix's rating: 1386 &rarr; <strong>1363<\/strong><br \/>(-23 for losing)\n|l|\u2606Xaudalix\n|c|\u2606Rean412|GGWP\n","uploadtime":1699648110,"views":13,"p1id":"rean412","p2id":"xaudalix","formatid":"gen9vgc2023regulatione","rating":1354,"private":0,"password":""}