{"id":"gen9vgc2023regulatione-1996449370","p1":"NervousAvocado","p2":"YouDontKnowMeSon","format":"[Gen 9] VGC 2023 Regulation E","log":"|j|\u2606NervousAvocado\n|j|\u2606YouDontKnowMeSon\n|t:|1700683087\n|gametype|doubles\n|player|p1|NervousAvocado|aaron|1087\n|player|p2|YouDontKnowMeSon|linebacker|1024\n|teamsize|p1|6\n|teamsize|p2|6\n|gen|9\n|tier|[Gen 9] VGC 2023 Regulation E\n|rated|\n|rule|Species Clause: Limit one of each Pok\u00e9mon\n|rule|Item Clause: Limit one of each item\n|clearpoke\n|poke|p1|Snorlax, L50, M|\n|poke|p1|Sinistcha, L50|\n|poke|p1|Iron Hands, L50|\n|poke|p1|Kingambit, L50, F|\n|poke|p1|Basculegion, L50, M|\n|poke|p1|Gothitelle, L50, F|\n|poke|p2|Garchomp, L50, F|\n|poke|p2|Murkrow, L50, F|\n|poke|p2|Rotom-Wash, L50|\n|poke|p2|Gardevoir, L50, M|\n|poke|p2|Arcanine, L50, F|\n|poke|p2|Gholdengo, L50|\n|teampreview|4\n|\n|t:|1700683118\n|start\n|switch|p1a: Gothitelle|Gothitelle, L50, F|100\/100\n|switch|p1b: Kingambit|Kingambit, L50, F|100\/100\n|switch|p2a: Arcanine|Arcanine, L50, F|100\/100\n|switch|p2b: Murkrow|Murkrow, L50, F|100\/100\n|-ability|p2a: Arcanine|Intimidate|boost\n|-unboost|p1a: Gothitelle|atk|1\n|-unboost|p1b: Kingambit|atk|1\n|-ability|p1b: Kingambit|Defiant|boost\n|-boost|p1b: Kingambit|atk|2\n|turn|1\n|\n|t:|1700683146\n|-terastallize|p1b: Kingambit|Fire\n|move|p1a: Gothitelle|Fake Out|p2b: Murkrow\n|-damage|p2b: Murkrow|90\/100\n|move|p2b: Murkrow|Tailwind|p2b: Murkrow\n|-sidestart|p2: YouDontKnowMeSon|move: Tailwind\n|move|p2a: Arcanine|Play Rough|p1a: Gothitelle\n|-damage|p1a: Gothitelle|56\/100\n|move|p1b: Kingambit|Poison Jab|p2b: Murkrow\n|-damage|p2b: Murkrow|0 fnt\n|faint|p2b: Murkrow\n|\n|upkeep\n|\n|t:|1700683163\n|switch|p2b: Rotom|Rotom-Wash, L50|100\/100\n|turn|2\n|\n|t:|1700683178\n|switch|p1b: Iron Hands|Iron Hands, L50|100\/100\n|move|p1a: Gothitelle|Protect|p1a: Gothitelle\n|-singleturn|p1a: Gothitelle|Protect\n|move|p2b: Rotom|Hydro Pump|p1b: Iron Hands\n|-damage|p1b: Iron Hands|79\/100\n|move|p2a: Arcanine|Play Rough|p1a: Gothitelle\n|-activate|p1a: Gothitelle|move: Protect\n|\n|upkeep\n|turn|3\n|\n|t:|1700683204\n|move|p2b: Rotom|Volt Switch|p1b: Iron Hands\n|-resisted|p1b: Iron Hands\n|-damage|p1b: Iron Hands|73\/100\n|\n|t:|1700683209\n|switch|p2b: Garchomp|Garchomp, L50, F|100\/100|[from] Volt Switch\n|move|p2a: Arcanine|Play Rough|p1a: Gothitelle\n|-damage|p1a: Gothitelle|12\/100\n|move|p1a: Gothitelle|Heal Pulse|p1b: Iron Hands\n|-heal|p1b: Iron Hands|100\/100\n|move|p1b: Iron Hands|Drain Punch|p2b: Garchomp\n|-damage|p2b: Garchomp|69\/100\n|-damage|p1b: Iron Hands|88\/100|[from] ability: Rough Skin|[of] p2b: Garchomp\n|\n|upkeep\n|turn|4\n|\n|t:|1700683235\n|move|p1a: Gothitelle|Protect|p1a: Gothitelle\n|-singleturn|p1a: Gothitelle|Protect\n|move|p2b: Garchomp|Earthquake|p1a: Gothitelle|[spread] p2a,p1b\n|-activate|p1a: Gothitelle|move: Protect\n|-supereffective|p2a: Arcanine\n|-supereffective|p1b: Iron Hands\n|-damage|p2a: Arcanine|23\/100\n|-damage|p1b: Iron Hands|40\/100\n|move|p2a: Arcanine|Play Rough|p1b: Iron Hands\n|-supereffective|p1b: Iron Hands\n|-damage|p1b: Iron Hands|0 fnt\n|faint|p1b: Iron Hands\n|-end|p1b: Iron Hands|Quark Drive|[silent]\n|\n|-sideend|p2: YouDontKnowMeSon|move: Tailwind\n|upkeep\n|\n|t:|1700683254\n|switch|p1b: Basculegion|Basculegion, L50, M|100\/100\n|turn|5\n|\n|t:|1700683270\n|move|p1b: Basculegion|Aqua Jet|p2a: Arcanine\n|-supereffective|p2a: Arcanine\n|-damage|p2a: Arcanine|0 fnt\n|faint|p2a: Arcanine\n|move|p2b: Garchomp|Earthquake|p1a: Gothitelle|[spread] p1a,p1b\n|-damage|p1a: Gothitelle|0 fnt\n|-damage|p1b: Basculegion|57\/100\n|faint|p1a: Gothitelle\n|\n|upkeep\n|inactive|Battle timer is ON: inactive players will automatically lose when time's up. (requested by NervousAvocado)\n|inactive|YouDontKnowMeSon has 60 seconds left.\n|inactive|YouDontKnowMeSon has 30 seconds left.\n|inactive|YouDontKnowMeSon has 20 seconds left.\n|inactive|YouDontKnowMeSon has 15 seconds left.\n|inactive|YouDontKnowMeSon has 10 seconds left.\n|inactive|YouDontKnowMeSon has 5 seconds left.\n|\n|t:|1700683398\n|switch|p2a: Rotom|Rotom-Wash, L50|100\/100\n|switch|p1a: Kingambit|Kingambit, L50, F, tera:Fire|100\/100\n|turn|6\n|inactive|YouDontKnowMeSon has 30 seconds left.\n|inactive|NervousAvocado has 30 seconds left.\n|inactive|YouDontKnowMeSon has 20 seconds left.\n|inactive|YouDontKnowMeSon has 15 seconds left.\n|inactive|YouDontKnowMeSon has 10 seconds left.\n|inactive|YouDontKnowMeSon has 5 seconds left.\n|\n|t:|1700683453\n|move|p1b: Basculegion|Aqua Jet|p2b: Garchomp\n|-damage|p2b: Garchomp|32\/100\n|-damage|p1b: Basculegion|45\/100|[from] ability: Rough Skin|[of] p2b: Garchomp\n|move|p1a: Kingambit|Sucker Punch|p2b: Garchomp\n|-damage|p2b: Garchomp|0 fnt\n|-damage|p1a: Kingambit|88\/100|[from] ability: Rough Skin|[of] p2b: Garchomp\n|faint|p2b: Garchomp\n|move|p2a: Rotom|Shadow Ball|p1a: Kingambit\n|-damage|p1a: Kingambit|66\/100\n|-unboost|p1a: Kingambit|spd|1\n|-ability|p1a: Kingambit|Defiant|boost\n|-boost|p1a: Kingambit|atk|2\n|\n|upkeep\n|turn|7\n|inactive|YouDontKnowMeSon has 30 seconds left.\n|inactive|YouDontKnowMeSon has 20 seconds left.\n|l|\u2606YouDontKnowMeSon\n|inactive|YouDontKnowMeSon disconnected and has a minute to reconnect!\n|player|p2|\n|inactive|YouDontKnowMeSon has 15 seconds left.\n|inactive|YouDontKnowMeSon has 10 seconds left.\n|c|\u2606NervousAvocado|Gg fun game\n|inactive|YouDontKnowMeSon has 5 seconds left.\n|-message|YouDontKnowMeSon lost due to inactivity.\n|\n|win|NervousAvocado\n|raw|NervousAvocado's rating: 1087 &rarr; <strong>1111<\/strong><br \/>(+24 for winning)\n|raw|YouDontKnowMeSon's rating: 1048 &rarr; <strong>1033<\/strong><br \/>(-15 for losing)\n","uploadtime":1700683516,"views":0,"p1id":"nervousavocado","p2id":"youdontknowmeson","formatid":"gen9vgc2023regulatione","rating":1033,"private":0,"password":""}