{"id":"gen9vgc2023regulatione-1999178431","p1":"DiegoCut16","p2":"NoahDaGr81","format":"[Gen 9] VGC 2023 Regulation E","log":"|j|\u2606DiegoCut16\n|j|\u2606NoahDaGr81\n|t:|1701041938\n|gametype|doubles\n|player|p1|DiegoCut16|102|1087\n|player|p2|NoahDaGr81|pokemonbreeder|1099\n|teamsize|p1|6\n|teamsize|p2|6\n|gen|9\n|tier|[Gen 9] VGC 2023 Regulation E\n|rated|\n|rule|Species Clause: Limit one of each Pok\u00e9mon\n|rule|Item Clause: Limit one of each item\n|clearpoke\n|poke|p1|Urshifu-*, L50, M|\n|poke|p1|Ogerpon-Wellspring, L50, F|\n|poke|p1|Arcanine-Hisui, L50, M|\n|poke|p1|Landorus-Therian, L50, M|\n|poke|p1|Flutter Mane, L50|\n|poke|p1|Tornadus, L50, M|\n|poke|p2|Meowscarada, L50, M|\n|poke|p2|Flutter Mane, L50|\n|poke|p2|Chi-Yu, L50|\n|poke|p2|Ninetales, L50, M|\n|poke|p2|Espeon, L50, M|\n|poke|p2|Roaring Moon, L50|\n|teampreview|4\n|inactive|Battle timer is ON: inactive players will automatically lose when time's up. (requested by DiegoCut16)\n|\n|t:|1701041964\n|start\n|switch|p1a: Ogerpon|Ogerpon-Wellspring, L50, F|100\/100\n|switch|p1b: Landorus|Landorus-Therian, L50, M|100\/100\n|switch|p2a: Meowscarada|Meowscarada, L50, M|100\/100\n|switch|p2b: Osborne|Flutter Mane, L50, shiny|100\/100\n|-ability|p1b: Landorus|Intimidate|boost\n|-unboost|p2a: Meowscarada|atk|1\n|-unboost|p2b: Osborne|atk|1\n|turn|1\n|inactive|DiegoCut16 has 30 seconds left.\n|\n|t:|1701041991\n|switch|p1b: Flutter Mane|Flutter Mane, L50|100\/100\n|switch|p1a: Tornadus|Tornadus, L50, M|100\/100\n|move|p2b: Osborne|Icy Wind|p1a: Tornadus|[spread] p1a,p1b\n|-supereffective|p1a: Tornadus\n|-damage|p1a: Tornadus|60\/100\n|-damage|p1b: Flutter Mane|80\/100\n|-unboost|p1a: Tornadus|spe|1\n|-unboost|p1b: Flutter Mane|spe|1\n|-damage|p2b: Osborne|90\/100|[from] item: Life Orb\n|move|p2a: Meowscarada|U-turn|p1a: Tornadus\n|-start|p2a: Meowscarada|typechange|Bug|[from] ability: Protean\n|-resisted|p1a: Tornadus\n|-damage|p1a: Tornadus|49\/100\n|-enditem|p1a: Tornadus|Sitrus Berry|[eat]\n|-heal|p1a: Tornadus|74\/100|[from] item: Sitrus Berry\n|\n|t:|1701042010\n|switch|p2a: Ancalagan|Roaring Moon, L50, shiny|100\/100|[from] U-turn\n|\n|upkeep\n|turn|2\n|\n|t:|1701042030\n|-terastallize|p2b: Osborne|Fairy\n|move|p1a: Tornadus|Tailwind|p1a: Tornadus\n|-sidestart|p1: DiegoCut16|move: Tailwind\n|move|p1b: Flutter Mane|Shadow Ball|p2b: Osborne\n|-damage|p2b: Osborne|42\/100\n|move|p2b: Osborne|Shadow Ball|p1b: Flutter Mane\n|-supereffective|p1b: Flutter Mane\n|-damage|p1b: Flutter Mane|0 fnt\n|faint|p1b: Flutter Mane\n|-end|p1b: Flutter Mane|Protosynthesis|[silent]\n|-damage|p2b: Osborne|32\/100|[from] item: Life Orb\n|move|p2a: Ancalagan|Tailwind|p2a: Ancalagan\n|-sidestart|p2: NoahDaGr81|move: Tailwind\n|\n|upkeep\n|\n|t:|1701042047\n|switch|p1b: Landorus|Landorus-Therian, L50, M|100\/100\n|-ability|p1b: Landorus|Intimidate|boost\n|-unboost|p2a: Ancalagan|atk|1\n|-unboost|p2b: Osborne|atk|1\n|turn|3\n|\n|t:|1701042063\n|switch|p1b: Ogerpon|Ogerpon-Wellspring, L50, F|100\/100\n|move|p2a: Ancalagan|Protect|p2a: Ancalagan\n|-singleturn|p2a: Ancalagan|Protect\n|move|p2b: Osborne|Shadow Ball|p1b: Ogerpon\n|-crit|p1b: Ogerpon\n|-damage|p1b: Ogerpon|27\/100\n|-damage|p2b: Osborne|22\/100|[from] item: Life Orb\n|move|p1a: Tornadus|Bleakwind Storm|p2b: Osborne|[spread] p2b\n|-activate|p2a: Ancalagan|move: Protect\n|-damage|p2b: Osborne|0 fnt\n|faint|p2b: Osborne\n|-end|p2b: Osborne|Protosynthesis|[silent]\n|\n|upkeep\n|\n|t:|1701042079\n|switch|p2b: Meowscarada|Meowscarada, L50, M|100\/100\n|turn|4\n|\n|t:|1701042091\n|move|p1b: Ogerpon|Spiky Shield|p1b: Ogerpon\n|-singleturn|p1b: Ogerpon|move: Protect\n|move|p2b: Meowscarada|U-turn|p1b: Ogerpon\n|-start|p2b: Meowscarada|typechange|Bug|[from] ability: Protean\n|-activate|p1b: Ogerpon|move: Protect\n|-damage|p2b: Meowscarada|88\/100|[from] Spiky Shield|[of] p1b: Ogerpon\n|move|p2a: Ancalagan|Knock Off|p1a: Tornadus\n|-damage|p1a: Tornadus|45\/100\n|move|p1a: Tornadus|Bleakwind Storm|p2b: Meowscarada|[spread] p2a,p2b\n|-supereffective|p2b: Meowscarada\n|-damage|p2a: Ancalagan|60\/100\n|-damage|p2b: Meowscarada|0 fnt\n|faint|p2b: Meowscarada\n|\n|upkeep\n|\n|t:|1701042107\n|switch|p2b: Mercurius|Chi-Yu, L50|100\/100\n|-ability|p2b: Mercurius|Beads of Ruin\n|turn|5\n|\n|t:|1701042122\n|move|p1b: Ogerpon|Follow Me|p1b: Ogerpon\n|-singleturn|p1b: Ogerpon|move: Follow Me\n|move|p2a: Ancalagan|Stomping Tantrum|p1b: Ogerpon\n|-resisted|p1b: Ogerpon\n|-damage|p1b: Ogerpon|18\/100\n|move|p2b: Mercurius|Burning Jealousy|p1b: Ogerpon|[spread] p1a,p1b\n|-damage|p1a: Tornadus|0 fnt\n|-damage|p1b: Ogerpon|0 fnt\n|faint|p1a: Tornadus\n|faint|p1b: Ogerpon\n|\n|-sideend|p1: DiegoCut16|move: Tailwind\n|-sideend|p2: NoahDaGr81|move: Tailwind\n|upkeep\n|\n|t:|1701042134\n|switch|p1b: Landorus|Landorus-Therian, L50, M|100\/100\n|-ability|p1b: Landorus|Intimidate|boost\n|-unboost|p2a: Ancalagan|atk|1\n|-unboost|p2b: Mercurius|atk|1\n|turn|6\n|\n|t:|1701042147\n|-terastallize|p1b: Landorus|Ground\n|move|p2a: Ancalagan|Tailwind|p2a: Ancalagan\n|-sidestart|p2: NoahDaGr81|move: Tailwind\n|move|p2b: Mercurius|Burning Jealousy|p1b: Landorus\n|-damage|p1b: Landorus|5\/100\n|move|p1b: Landorus|Rock Slide|p2a: Ancalagan|[spread] p2a,p2b\n|-supereffective|p2b: Mercurius\n|-damage|p2a: Ancalagan|23\/100\n|-damage|p2b: Mercurius|0 fnt\n|faint|p2b: Mercurius\n|\n|upkeep\n|turn|7\n|\n|t:|1701042161\n|move|p2a: Ancalagan|Knock Off|p1b: Landorus\n|-damage|p1b: Landorus|0 fnt\n|-enditem|p1b: Landorus|Choice Band|[from] move: Knock Off|[of] p2a: Ancalagan\n|faint|p1b: Landorus\n|\n|win|NoahDaGr81\n|raw|DiegoCut16's rating: 1087 &rarr; <strong>1065<\/strong><br \/>(-22 for losing)\n|raw|NoahDaGr81's rating: 1099 &rarr; <strong>1123<\/strong><br \/>(+24 for winning)\n|l|\u2606DiegoCut16\n","uploadtime":1701042169,"views":28,"p1id":"diegocut16","p2id":"noahdagr81","formatid":"gen9vgc2023regulatione","rating":1065,"private":0,"password":""}