{"id":"gen9vgc2023regulatione-1999605791","p1":"MasterofMetapods5","p2":"kidturtle","format":"[Gen 9] VGC 2023 Regulation E","log":"|j|\u2606MasterofMetapods5\n|j|\u2606kidturtle\n|n|\u2606MasterofMetapods5|masterofmetapods5\n|n|\u2606kidturtle|kidturtle\n|html|View the match progress at <a href=\"\/game-bestof3-gen9vgc2023regulatione-1999602958\">game-bestof3-gen9vgc2023regulatione-1999602958<\/a>\n|t:|1701100533\n|gametype|doubles\n|player|p1|MasterofMetapods5|lance|\n|player|p2|kidturtle|hoopster|\n|teamsize|p1|6\n|teamsize|p2|6\n|gen|9\n|tier|[Gen 9] VGC 2023 Regulation E\n|rated|Tournament battle\n|rule|Species Clause: Limit one of each Pok\u00e9mon\n|rule|Item Clause: Limit one of each item\n|clearpoke\n|poke|p1|Flutter Mane, L50|\n|poke|p1|Tyranitar, L50, M|\n|poke|p1|Landorus-Therian, L50, M|\n|poke|p1|Baxcalibur, L50, F|\n|poke|p1|Urshifu-*, L50, F|\n|poke|p1|Heatran, L50, F|\n|poke|p2|Ursaluna, L50, M|\n|poke|p2|Cresselia, L50, F|\n|poke|p2|Flutter Mane, L50|\n|poke|p2|Chi-Yu, L50|\n|poke|p2|Iron Hands, L50|\n|poke|p2|Urshifu-*, L50, M|\n|teampreview|4\n|showteam|p1|Flutter Mane||BoosterEnergy|Protosynthesis|Protect,Moonblast,ShadowBall,IcyWind||||||50|,,,,,Fairy]Tyranitar||WeaknessPolicy|SandStream|RockSlide,Taunt,Protect,KnockOff|||M|||50|,,,,,Rock]Landorus-Therian||AssaultVest|Intimidate|SandsearStorm,TeraBlast,Uturn,RockSlide|||M|||50|,,,,,Flying]Baxcalibur||LoadedDice|ThermalExchange|ScaleShot,IcicleSpear,SwordsDance,Protect|||F|||50|,,,,,Fairy]Urshifu-Rapid-Strike||SafetyGoggles|UnseenFist|SurgingStrikes,CloseCombat,AquaJet,Detect|||F|||50|,,,,,Water]Heatran||Leftovers|FlashFire|HeatWave,EarthPower,Protect,TeraBlast|||F|||50|,,,,,Grass\n|showteam|p2|Ursaluna||FlameOrb|Guts|Facade,Earthquake,SwordsDance,Protect|||M|||50|,,,,,Ghost]Cresselia||MentalHerb|Levitate|IceBeam,AllySwitch,LunarBlessing,TrickRoom|||F|||50|,,,,,Fairy]Flutter Mane||BoosterEnergy|Protosynthesis|IcyWind,ShadowBall,Moonblast,Protect||||||50|,,,,,Fairy]Chi-Yu||ChoiceSpecs|BeadsofRuin|BurningJealousy,DarkPulse,Overheat,Snarl||||||50|,,,,,Ghost]Iron Hands||SitrusBerry|QuarkDrive|DrainPunch,WildCharge,FakeOut,SwordsDance||||||50|,,,,,Fire]Urshifu||FocusSash|UnseenFist|Detect,WickedBlow,CloseCombat,SuckerPunch|||M|||50|,,,,,Dark\n|inactive|Battle timer is ON: inactive players will automatically lose when time's up. (requested by kidturtle)\n|inactive|MasterofMetapods5 has 60 seconds left.\n|\n|t:|1701100573\n|start\n|switch|p1a: Landorus|Landorus-Therian, L50, M|100\/100\n|switch|p1b: Tyranitar|Tyranitar, L50, M|100\/100\n|switch|p2a: Flutter Mane|Flutter Mane, L50, shiny|100\/100\n|switch|p2b: Chi-Yu|Chi-Yu, L50|100\/100\n|-ability|p2b: Chi-Yu|Beads of Ruin\n|-ability|p1a: Landorus|Intimidate|boost\n|-unboost|p2a: Flutter Mane|atk|1\n|-unboost|p2b: Chi-Yu|atk|1\n|-weather|Sandstorm|[from] ability: Sand Stream|[of] p1b: Tyranitar\n|-enditem|p2a: Flutter Mane|Booster Energy\n|-activate|p2a: Flutter Mane|ability: Protosynthesis|[fromitem]\n|-start|p2a: Flutter Mane|protosynthesisspe\n|turn|1\n|inactive|kidturtle has 30 seconds left.\n|\n|t:|1701100606\n|move|p2a: Flutter Mane|Moonblast|p1b: Tyranitar\n|-supereffective|p1b: Tyranitar\n|-damage|p1b: Tyranitar|21\/100\n|-enditem|p1b: Tyranitar|Weakness Policy\n|-boost|p1b: Tyranitar|atk|2|[from] item: Weakness Policy\n|-boost|p1b: Tyranitar|spa|2|[from] item: Weakness Policy\n|move|p2b: Chi-Yu|Dark Pulse|p1b: Tyranitar\n|-resisted|p1b: Tyranitar\n|-damage|p1b: Tyranitar|0 fnt\n|faint|p1b: Tyranitar\n|move|p1a: Landorus|Sandsear Storm|p2b: Chi-Yu|[spread] p2a,p2b\n|-supereffective|p2b: Chi-Yu\n|-damage|p2a: Flutter Mane|54\/100\n|-damage|p2b: Chi-Yu|20\/100\n|-status|p2a: Flutter Mane|brn\n|\n|-weather|Sandstorm|[upkeep]\n|-damage|p2a: Flutter Mane|47\/100 brn|[from] Sandstorm\n|-damage|p2b: Chi-Yu|14\/100|[from] Sandstorm\n|-damage|p2a: Flutter Mane|41\/100 brn|[from] brn\n|upkeep\n|j|%Radio Free C-Side\n|\n|t:|1701100620\n|switch|p1b: Flutter Mane|Flutter Mane, L50|100\/100\n|-enditem|p1b: Flutter Mane|Booster Energy\n|-activate|p1b: Flutter Mane|ability: Protosynthesis|[fromitem]\n|-start|p1b: Flutter Mane|protosynthesisspe\n|turn|2\n|\n|t:|1701100638\n|move|p2a: Flutter Mane|Moonblast|p1a: Landorus\n|-damage|p1a: Landorus|49\/100\n|move|p1b: Flutter Mane|Moonblast|p2b: Chi-Yu\n|-damage|p2b: Chi-Yu|0 fnt\n|faint|p2b: Chi-Yu\n|move|p1a: Landorus|U-turn|p2a: Flutter Mane\n|-resisted|p2a: Flutter Mane\n|-damage|p2a: Flutter Mane|30\/100 brn\n|\n|t:|1701100641\n|switch|p1a: Urshifu|Urshifu-Rapid-Strike, L50, F|100\/100|[from] U-turn\n|\n|-weather|Sandstorm|[upkeep]\n|-damage|p2a: Flutter Mane|24\/100 brn|[from] Sandstorm\n|-damage|p1b: Flutter Mane|95\/100|[from] Sandstorm\n|-damage|p2a: Flutter Mane|18\/100 brn|[from] brn\n|upkeep\n|\n|t:|1701100644\n|switch|p2b: Cresselia|Cresselia, L50, F|100\/100\n|turn|3\n|\n|t:|1701100653\n|-terastallize|p1a: Urshifu|Water\n|-terastallize|p2b: Cresselia|Fairy\n|move|p2a: Flutter Mane|Moonblast|p1a: Urshifu\n|-damage|p1a: Urshifu|30\/100\n|move|p1b: Flutter Mane|Shadow Ball|p2b: Cresselia\n|-damage|p2b: Cresselia|76\/100\n|move|p1a: Urshifu|Surging Strikes|p2b: Cresselia\n|-crit|p2b: Cresselia\n|-damage|p2b: Cresselia|58\/100\n|-crit|p2b: Cresselia\n|-damage|p2b: Cresselia|40\/100\n|-crit|p2b: Cresselia\n|-damage|p2b: Cresselia|23\/100\n|-hitcount|p2b: Cresselia|3\n|move|p2b: Cresselia|Trick Room|p2b: Cresselia\n|-fieldstart|move: Trick Room|[of] p2b: Cresselia\n|\n|-weather|Sandstorm|[upkeep]\n|-damage|p2b: Cresselia|16\/100|[from] Sandstorm\n|-damage|p1b: Flutter Mane|89\/100|[from] Sandstorm\n|-damage|p2a: Flutter Mane|12\/100 brn|[from] Sandstorm\n|-damage|p2a: Flutter Mane|6\/100 brn|[from] brn\n|upkeep\n|turn|4\n|\n|t:|1701100674\n|move|p2b: Cresselia|Lunar Blessing|p2b: Cresselia|[spread] p2a,p2b\n|-heal|p2a: Flutter Mane|30\/100 brn\n|-curestatus|p2a: Flutter Mane|brn|[msg]\n|-heal|p2b: Cresselia|41\/100\n|move|p1a: Urshifu|Surging Strikes|p2b: Cresselia\n|-crit|p2b: Cresselia\n|-damage|p2b: Cresselia|25\/100\n|-crit|p2b: Cresselia\n|-damage|p2b: Cresselia|6\/100\n|-crit|p2b: Cresselia\n|-damage|p2b: Cresselia|0 fnt\n|faint|p2b: Cresselia\n|-hitcount|p2: Cresselia|3\n|move|p1b: Flutter Mane|Moonblast|p2a: Flutter Mane\n|-damage|p2a: Flutter Mane|0 fnt\n|faint|p2a: Flutter Mane\n|-end|p2a: Flutter Mane|Protosynthesis|[silent]\n|\n|-weather|Sandstorm|[upkeep]\n|-damage|p1b: Flutter Mane|83\/100|[from] Sandstorm\n|upkeep\n|\n|t:|1701100678\n|switch|p2b: Ursaluna|Ursaluna, L50, M|100\/100\n|turn|5\n|\n|t:|1701100686\n|-end|p1b: Flutter Mane|Protosynthesis|[silent]\n|switch|p1b: Landorus|Landorus-Therian, L50, M|49\/100\n|-ability|p1b: Landorus|Intimidate|boost\n|-unboost|p2b: Ursaluna|atk|1\n|move|p1a: Urshifu|Detect|p1a: Urshifu\n|-singleturn|p1a: Urshifu|Protect\n|move|p2b: Ursaluna|Earthquake|p1b: Landorus|[spread] \n|-activate|p1a: Urshifu|move: Protect\n|-immune|p1b: Landorus\n|\n|-weather|none\n|-status|p2b: Ursaluna|brn|[from] item: Flame Orb\n|upkeep\n|turn|6\n|\n|t:|1701100691\n|switch|p1a: Flutter Mane|Flutter Mane, L50|83\/100\n|move|p2b: Ursaluna|Earthquake|p1b: Landorus|[spread] p1a\n|-immune|p1b: Landorus\n|-damage|p1a: Flutter Mane|15\/100\n|move|p1b: Landorus|Sandsear Storm|p2b: Ursaluna|[miss]\n|-miss|p1b: Landorus|p2b: Ursaluna\n|\n|-damage|p2b: Ursaluna|95\/100 brn|[from] brn\n|upkeep\n|turn|7\n|\n|t:|1701100703\n|move|p2b: Ursaluna|Earthquake|p1a: Flutter Mane|[spread] p1a\n|-immune|p1b: Landorus\n|-damage|p1a: Flutter Mane|0 fnt\n|faint|p1a: Flutter Mane\n|-end|p1a: Flutter Mane|Protosynthesis|[silent]\n|move|p1b: Landorus|Sandsear Storm|p2b: Ursaluna\n|-damage|p2b: Ursaluna|52\/100 brn\n|\n|-damage|p2b: Ursaluna|46\/100 brn|[from] brn\n|-fieldend|move: Trick Room\n|upkeep\n|-message|kidturtle forfeited.\n|\n|win|MasterofMetapods5\n|l|\u2606kidturtle\n|c|&|\/uhtml prompt-kidturtle,kidturtle is ready for game 3!\n|c|&|\/uhtml prompt-masterofmetapods5,MasterofMetapods5 is ready for game 3!\nBoth players are ready! Starting next match!\n|l|%Radio Free C-Side\n|j|\u2606kidturtle\n|player|p2|kidturtle|hoopster\n","uploadtime":1701100867,"views":3,"p1id":"masterofmetapods5","p2id":"kidturtle","formatid":"gen9vgc2023regulatione","rating":0,"private":0,"password":""}