{"id":"gen9vgc2023regulatione-1988315675","p1":"twall255","p2":"Rayquaza is cringe","format":"[Gen 9] VGC 2023 Regulation E","log":"|j|\u2606twall255\n|j|\u2606Rayquaza is cringe\n|t:|1699707198\n|gametype|doubles\n|player|p1|twall255|102|1077\n|player|p2|Rayquaza is cringe|crasherwake|1007\n|teamsize|p1|6\n|teamsize|p2|6\n|gen|9\n|tier|[Gen 9] VGC 2023 Regulation E\n|rated|\n|rule|Species Clause: Limit one of each Pok\u00e9mon\n|rule|Item Clause: Limit one of each item\n|clearpoke\n|poke|p1|Kilowattrel, L50, F|\n|poke|p1|Dudunsparce-*, L50, F|\n|poke|p1|Politoed, L50, F|\n|poke|p1|Urshifu-*, L50, M|\n|poke|p1|Basculegion, L50, M|\n|poke|p1|Gothitelle, L50, M|\n|poke|p2|Tropius, L50, M|\n|poke|p2|Heatran, L50, F|\n|poke|p2|Iron Hands, L50|\n|poke|p2|Cresselia, L50, F|\n|poke|p2|Thundurus-Therian, L50, M|\n|poke|p2|Golem-Alola, L50, M|\n|teampreview|4\n|inactive|Battle timer is ON: inactive players will automatically lose when time's up. (requested by Rayquaza is cringe)\n|inactive|twall255 also wants the timer to be on.\nRayquaza is cringe rejected open team sheets.\n|inactive|twall255 has 60 seconds left.\n|\n|t:|1699707234\n|start\n|switch|p1a: Kilowattrel|Kilowattrel, L50, F|100\/100\n|switch|p1b: Dudunsparce|Dudunsparce-Three-Segment, L50, F|100\/100\n|switch|p2a: Golem|Golem-Alola, L50, M|100\/100\n|switch|p2b: Thundurus|Thundurus-Therian, L50, M|100\/100\n|turn|1\n|\n|t:|1699707258\n|-terastallize|p1b: Dudunsparce|Poison\n|move|p1a: Kilowattrel|Tailwind|p1a: Kilowattrel\n|-sidestart|p1: twall255|move: Tailwind\n|-start|p1a: Kilowattrel|Charge|Tailwind|[from] ability: Wind Power\n|move|p2b: Thundurus|Focus Blast|p1b: Dudunsparce\n|-resisted|p1b: Dudunsparce\n|-damage|p1b: Dudunsparce|79\/100\n|move|p1b: Dudunsparce|Coil|p1b: Dudunsparce\n|-boost|p1b: Dudunsparce|atk|1\n|-boost|p1b: Dudunsparce|def|1\n|-boost|p1b: Dudunsparce|accuracy|1\n|move|p2a: Golem|Explosion|p1a: Kilowattrel|[spread] p1a,p1b\n|-immune|p2b: Thundurus|[from] ability: Volt Absorb\n|-damage|p1a: Kilowattrel|0 fnt\n|-damage|p1b: Dudunsparce|6\/100\n|-enditem|p1b: Dudunsparce|Sitrus Berry|[eat]\n|-heal|p1b: Dudunsparce|31\/100|[from] item: Sitrus Berry\n|faint|p2a: Golem\n|faint|p1a: Kilowattrel\n|\n|upkeep\n|\n|t:|1699707280\n|switch|p1a: Gothitelle|Gothitelle, L50, M|100\/100\n|switch|p2a: Cresselia|Cresselia, L50, F|100\/100\n|turn|2\n|\n|t:|1699707292\n|move|p1a: Gothitelle|Gravity|p1a: Gothitelle\n|-fieldstart|move: Gravity\n|move|p2b: Thundurus|Taunt|p1a: Gothitelle\n|-start|p1a: Gothitelle|move: Taunt\n|move|p1b: Dudunsparce|Baton Pass|p1b: Dudunsparce\n|\n|t:|1699707298\n|switch|p1b: Politoed|Politoed, L50, F|100\/100|[from] Baton Pass\n|-weather|RainDance|[from] ability: Drizzle|[of] p1b: Politoed\n|move|p2a: Cresselia|Trick Room|p2a: Cresselia\n|-fieldstart|move: Trick Room|[of] p2a: Cresselia\n|\n|-weather|RainDance|[upkeep]\n|upkeep\n|turn|3\n|\n|t:|1699707318\n|move|p2a: Cresselia|Psychic|p1b: Politoed\n|-crit|p1b: Politoed\n|-damage|p1b: Politoed|47\/100\n|move|p2b: Thundurus|Wildbolt Storm|p1b: Politoed|[spread] p1a,p1b\n|-supereffective|p1b: Politoed\n|-damage|p1a: Gothitelle|66\/100\n|-damage|p1b: Politoed|0 fnt\n|-status|p1a: Gothitelle|par\n|faint|p1b: Politoed\n|cant|p1a: Gothitelle|par\n|\n|-weather|RainDance|[upkeep]\n|upkeep\n|\n|t:|1699707330\n|switch|p1b: Dudunsparce|Dudunsparce-Three-Segment, L50, F, tera:Poison|31\/100\n|turn|4\n|c|\u2606Rayquaza is cringe|Lol\n|\n|t:|1699707341\n|move|p2a: Cresselia|Moonblast|p1a: Gothitelle\n|-crit|p1a: Gothitelle\n|-damage|p1a: Gothitelle|38\/100 par\n|move|p1a: Gothitelle|Psychic|p2b: Thundurus\n|-damage|p2b: Thundurus|56\/100\n|move|p1b: Dudunsparce|Blizzard|p2a: Cresselia|[spread] p2a,p2b\n|-supereffective|p2b: Thundurus\n|-damage|p2a: Cresselia|83\/100\n|-damage|p2b: Thundurus|0 fnt\n|-status|p2a: Cresselia|frz\n|faint|p2b: Thundurus\n|\n|-weather|RainDance|[upkeep]\n|-heal|p2a: Cresselia|89\/100 frz|[from] item: Leftovers\n|-sideend|p1: twall255|move: Tailwind\n|upkeep\n|\n|t:|1699707353\n|switch|p2b: Iron Hands|Iron Hands, L50|100\/100\n|turn|5\n|\n|t:|1699707368\n|-terastallize|p2b: Iron Hands|Grass\n|move|p1a: Gothitelle|Psychic|p2b: Iron Hands\n|-damage|p2b: Iron Hands|73\/100\n|move|p2b: Iron Hands|Heavy Slam|p1b: Dudunsparce\n|-damage|p1b: Dudunsparce|0 fnt\n|faint|p1b: Dudunsparce\n|-damage|p2b: Iron Hands|63\/100|[from] item: Life Orb\n|cant|p2a: Cresselia|frz\n|\n|-weather|RainDance|[upkeep]\n|-heal|p2a: Cresselia|96\/100 frz|[from] item: Leftovers\n|-end|p1a: Gothitelle|move: Taunt\n|upkeep\n|turn|6\n|\n|t:|1699707393\n|cant|p1a: Gothitelle|par\n|move|p2b: Iron Hands|Heavy Slam|p1a: Gothitelle\n|-damage|p1a: Gothitelle|0 fnt\n|-damage|p2b: Iron Hands|46\/100|[from] item: Rocky Helmet|[of] p1a: Gothitelle\n|faint|p1a: Gothitelle\n|-damage|p2b: Iron Hands|37\/100|[from] item: Life Orb\n|\n|win|Rayquaza is cringe\n|raw|twall255's rating: 1077 &rarr; <strong>1051<\/strong><br \/>(-26 for losing)\n|raw|Rayquaza is cringe's rating: 1007 &rarr; <strong>1054<\/strong><br \/>(+47 for winning)\n|l|\u2606twall255\n","uploadtime":1699707407,"views":25,"p1id":"twall255","p2id":"rayquazaiscringe","formatid":"gen9vgc2023regulatione","rating":1051,"private":0,"password":""}