{"id":"gen9vgc2023regulatione-1999400929","p1":"F4R4W4Y","p2":"Jippt351","format":"[Gen 9] VGC 2023 Regulation E","log":"|j|\u2606F4R4W4Y\n|j|\u2606Jippt351\n|t:|1701074181\n|gametype|doubles\n|player|p1|F4R4W4Y|pokemonranger-gen4|1194\n|player|p2|Jippt351|266|1198\n|teamsize|p1|6\n|teamsize|p2|6\n|gen|9\n|tier|[Gen 9] VGC 2023 Regulation E\n|rated|\n|rule|Species Clause: Limit one of each Pok\u00e9mon\n|rule|Item Clause: Limit one of each item\n|clearpoke\n|poke|p1|Gastrodon-East, L50, F|\n|poke|p1|Arcanine, L50, M|\n|poke|p1|Roaring Moon, L50|\n|poke|p1|Ninetales-Alola, L50, M|\n|poke|p1|Rillaboom, L50, F|\n|poke|p1|Farigiraf, L50, F|\n|poke|p2|Lilligant-Hisui, L50, F|\n|poke|p2|Torkoal, L50, M|\n|poke|p2|Regidrago, L50|\n|poke|p2|Ursaluna, L50, M|\n|poke|p2|Armarouge, L50, M|\n|poke|p2|Indeedee-F, L50, F|\n|teampreview|4\n|inactive|Battle timer is ON: inactive players will automatically lose when time's up. (requested by Jippt351)\n|l|\u2606Jippt351\n|inactive|Jippt351 disconnected and has a minute to reconnect!\n|player|p2|\n|j|\u2606Jippt351\n|inactive|Jippt351 reconnected and has 70 seconds left.\n|player|p2|Jippt351|266\n|inactive|F4R4W4Y has 60 seconds left.\n|l|\u2606Jippt351\n|inactive|Jippt351 disconnected and has a minute to reconnect!\n|player|p2|\n|j|\u2606Jippt351\n|inactive|Jippt351 reconnected.\n|player|p2|Jippt351|266\n|inactive|F4R4W4Y has 30 seconds left.\n|\n|t:|1701074242\n|start\n|switch|p1a: Roaring Moon|Roaring Moon, L50|100\/100\n|switch|p1b: Farigiraf|Farigiraf, L50, F|100\/100\n|switch|p2a: Lilligant|Lilligant-Hisui, L50, F|100\/100\n|switch|p2b: Torkoal|Torkoal, L50, M|100\/100\n|-weather|SunnyDay|[from] ability: Drought|[of] p2b: Torkoal\n|-activate|p1a: Roaring Moon|ability: Protosynthesis\n|-start|p1a: Roaring Moon|protosynthesisatk\n|turn|1\n|\n|t:|1701074265\n|-terastallize|p2b: Torkoal|Fire\n|move|p2a: Lilligant|After You|p2b: Torkoal\n|-activate|p2b: Torkoal|move: After You\n|move|p2b: Torkoal|Eruption|p1b: Farigiraf|[spread] p1a,p1b\n|-resisted|p1a: Roaring Moon\n|-damage|p1a: Roaring Moon|45\/100\n|-damage|p1b: Farigiraf|0 fnt\n|faint|p1b: Farigiraf\n|move|p1a: Roaring Moon|Stomping Tantrum|p2b: Torkoal\n|-supereffective|p2b: Torkoal\n|-damage|p2b: Torkoal|44\/100\n|\n|-weather|SunnyDay|[upkeep]\n|upkeep\n|\n|t:|1701074277\n|switch|p1b: Arcanine|Arcanine, L50, M|100\/100\n|-ability|p1b: Arcanine|Intimidate|boost\n|-unboost|p2a: Lilligant|atk|1\n|-unboost|p2b: Torkoal|atk|1\n|turn|2\n|l|\u2606Jippt351\n|inactive|Jippt351 disconnected and has a minute to reconnect!\n|player|p2|\n|inactive|Jippt351 has 30 seconds left.\n|j|\u2606Jippt351\n|inactive|Jippt351 reconnected and has 30 seconds left.\n|player|p2|Jippt351|266\n|inactive|Jippt351 has 20 seconds left.\n|inactive|Jippt351 has 15 seconds left.\n|inactive|Jippt351 has 10 seconds left.\n|inactive|Jippt351 has 5 seconds left.\n|\n|t:|1701074330\n|move|p2a: Lilligant|After You|p2b: Torkoal\n|-activate|p2b: Torkoal|move: After You\n|move|p2b: Torkoal|Eruption|p1a: Roaring Moon|[spread] p1a,p1b\n|-resisted|p1a: Roaring Moon\n|-resisted|p1b: Arcanine\n|-damage|p1a: Roaring Moon|22\/100\n|-damage|p1b: Arcanine|82\/100\n|move|p1a: Roaring Moon|Stomping Tantrum|p2b: Torkoal\n|-supereffective|p2b: Torkoal\n|-damage|p2b: Torkoal|0 fnt\n|faint|p2b: Torkoal\n|move|p1b: Arcanine|Heat Wave|p2a: Lilligant\n|-supereffective|p2a: Lilligant\n|-enditem|p2a: Lilligant|Focus Sash\n|-damage|p2a: Lilligant|1\/100\n|\n|-weather|SunnyDay|[upkeep]\n|upkeep\n|\n|t:|1701074336\n|switch|p2b: Regidrago|Regidrago, L50|100\/100\n|turn|3\n|inactive|F4R4W4Y has 30 seconds left.\n|\n|t:|1701074363\n|-end|p1a: Roaring Moon|Protosynthesis|[silent]\n|switch|p1a: Gastrodon|Gastrodon-East, L50, F|100\/100\n|move|p2a: Lilligant|Sleep Powder|p1b: Arcanine\n|-status|p1b: Arcanine|slp|[from] move: Sleep Powder\n|move|p2b: Regidrago|Dragon Energy|p1a: Gastrodon|[spread] p1a,p1b\n|-damage|p1a: Gastrodon|34\/100\n|-damage|p1b: Arcanine|24\/100 slp\n|-enditem|p1a: Gastrodon|Sitrus Berry|[eat]\n|-heal|p1a: Gastrodon|59\/100|[from] item: Sitrus Berry\n|cant|p1b: Arcanine|slp\n|\n|-weather|SunnyDay|[upkeep]\n|upkeep\n|turn|4\n|\n|t:|1701074381\n|move|p1a: Gastrodon|Protect|p1a: Gastrodon\n|-singleturn|p1a: Gastrodon|Protect\n|move|p2a: Lilligant|Solar Blade||[still]\n|-prepare|p2a: Lilligant|Solar Blade\n|-anim|p2a: Lilligant|Solar Blade|p1a: Gastrodon\n|-activate|p1a: Gastrodon|move: Protect\n|move|p2b: Regidrago|Dragon Energy|p1b: Arcanine|[spread] p1b\n|-activate|p1a: Gastrodon|move: Protect\n|-damage|p1b: Arcanine|0 fnt\n|faint|p1b: Arcanine\n|\n|-weather|SunnyDay|[upkeep]\n|upkeep\n|\n|t:|1701074392\n|switch|p1b: Roaring Moon|Roaring Moon, L50|22\/100\n|-activate|p1b: Roaring Moon|ability: Protosynthesis\n|-start|p1b: Roaring Moon|protosynthesisatk\n|turn|5\n|\n|t:|1701074406\n|-terastallize|p1a: Gastrodon|Fire\n|move|p2a: Lilligant|Solar Blade||[still]\n|-prepare|p2a: Lilligant|Solar Blade\n|-anim|p2a: Lilligant|Solar Blade|p1a: Gastrodon\n|-resisted|p1a: Gastrodon\n|-damage|p1a: Gastrodon|40\/100\n|move|p1b: Roaring Moon|Dragon Claw|p2b: Regidrago\n|-supereffective|p2b: Regidrago\n|-damage|p2b: Regidrago|0 fnt\n|faint|p2b: Regidrago\n|move|p1a: Gastrodon|Earth Power|p2a: Lilligant\n|-resisted|p2a: Lilligant\n|-damage|p2a: Lilligant|0 fnt\n|faint|p2a: Lilligant\n|\n|-weather|none\n|-end|p1b: Roaring Moon|Protosynthesis\n|upkeep\n|\n|t:|1701074418\n|switch|p2a: Ursaluna|Ursaluna, L50, M|100\/100\n|turn|6\n|\n|t:|1701074425\n|move|p1b: Roaring Moon|Dragon Claw|p2a: Ursaluna\n|-damage|p2a: Ursaluna|67\/100\n|move|p1a: Gastrodon|Chilling Water|p2a: Ursaluna\n|-supereffective|p2a: Ursaluna\n|-damage|p2a: Ursaluna|34\/100\n|-unboost|p2a: Ursaluna|atk|1\n|move|p2a: Ursaluna|Earthquake|p1a: Gastrodon|[spread] p1a,p1b\n|-supereffective|p1a: Gastrodon\n|-damage|p1a: Gastrodon|0 fnt\n|-damage|p1b: Roaring Moon|0 fnt\n|faint|p1a: Gastrodon\n|faint|p1b: Roaring Moon\n|-end|p1b: Roaring Moon|Protosynthesis|[silent]\n|\n|win|Jippt351\n|raw|F4R4W4Y's rating: 1194 &rarr; <strong>1169<\/strong><br \/>(-25 for losing)\n|raw|Jippt351's rating: 1198 &rarr; <strong>1223<\/strong><br \/>(+25 for winning)\n|l|\u2606F4R4W4Y\n","uploadtime":1701074439,"views":6,"p1id":"f4r4w4y","p2id":"jippt351","formatid":"gen9vgc2023regulatione","rating":1169,"private":0,"password":""}