{"id":"gen9vgc2023regulatione-1995125050","p1":"Wederted","p2":"Kzkrzvkzl","format":"[Gen 9] VGC 2023 Regulation E","log":"|j|\u2606Wederted\n|j|\u2606Kzkrzvkzl\n|t:|1700525328\n|gametype|doubles\n|player|p1|Wederted|ingo|1184\n|player|p2|Kzkrzvkzl|lance|1147\n|teamsize|p1|6\n|teamsize|p2|6\n|gen|9\n|tier|[Gen 9] VGC 2023 Regulation E\n|rated|\n|rule|Species Clause: Limit one of each Pok\u00e9mon\n|rule|Item Clause: Limit one of each item\n|clearpoke\n|poke|p1|Talonflame, L50, F|\n|poke|p1|Ninetales-Alola, L50, M|\n|poke|p1|Rillaboom, L50, M|\n|poke|p1|Umbreon, L50, M|\n|poke|p1|Iron Hands, L50|\n|poke|p1|Ogerpon-Hearthflame, L50, F|\n|poke|p2|Flutter Mane, L50|\n|poke|p2|Tornadus, L50, M|\n|poke|p2|Rillaboom, L50, F|\n|poke|p2|Garganacl, L50, F|\n|poke|p2|Arcanine-Hisui, L50, M|\n|poke|p2|Chien-Pao, L50|\n|teampreview|4\n|inactive|Battle timer is ON: inactive players will automatically lose when time's up. (requested by Wederted)\n|\n|t:|1700525355\n|start\n|switch|p1a: Talonflame|Talonflame, L50, F|100\/100\n|switch|p1b: Rillaboom|Rillaboom, L50, M|100\/100\n|switch|p2a: Tornadus|Tornadus, L50, M|100\/100\n|switch|p2b: Garganacl|Garganacl, L50, F|100\/100\n|-fieldstart|move: Grassy Terrain|[from] ability: Grassy Surge|[of] p1b: Rillaboom\n|turn|1\n|\n|t:|1700525369\n|-terastallize|p2b: Garganacl|Ghost\n|move|p1b: Rillaboom|Fake Out|p2b: Garganacl\n|-immune|p2b: Garganacl\n|move|p1a: Talonflame|Tailwind|p1a: Talonflame\n|-sidestart|p1: Wederted|move: Tailwind\n|move|p2a: Tornadus|Bleakwind Storm|p1a: Talonflame|[spread] p1a,p1b\n|-supereffective|p1b: Rillaboom\n|-damage|p1a: Talonflame|58\/100\n|-damage|p1b: Rillaboom|29\/100\n|-unboost|p1a: Talonflame|spe|1\n|-unboost|p1b: Rillaboom|spe|1\n|move|p2b: Garganacl|Iron Defense|p2b: Garganacl\n|-boost|p2b: Garganacl|def|2\n|\n|-heal|p1b: Rillaboom|36\/100|[from] Grassy Terrain\n|upkeep\n|turn|2\n|\n|t:|1700525387\n|move|p2a: Tornadus|Tailwind|p2a: Tornadus\n|-sidestart|p2: Kzkrzvkzl|move: Tailwind\n|move|p1a: Talonflame|Taunt|p2a: Tornadus\n|-start|p2a: Tornadus|move: Taunt\n|move|p1b: Rillaboom|Wood Hammer|p2b: Garganacl\n|-damage|p2b: Garganacl|59\/100\n|-damage|p1b: Rillaboom|21\/100|[from] Recoil\n|-damage|p1b: Rillaboom|11\/100|[from] item: Life Orb\n|move|p2b: Garganacl|Salt Cure|p1b: Rillaboom\n|-damage|p1b: Rillaboom|0 fnt\n|faint|p1b: Rillaboom\n|\n|-heal|p2b: Garganacl|65\/100|[from] Grassy Terrain\n|upkeep\n|\n|t:|1700525397\n|switch|p1b: Ninetales|Ninetales-Alola, L50, M|100\/100\n|-weather|Snow|[from] ability: Snow Warning|[of] p1b: Ninetales\n|turn|3\n|\n|t:|1700525416\n|switch|p2a: Arcanine|Arcanine-Hisui, L50, M|100\/100\n|-ability|p2a: Arcanine|Intimidate|boost\n|-unboost|p1a: Talonflame|atk|1\n|-unboost|p1b: Ninetales|atk|1\n|move|p1b: Ninetales|Aurora Veil|p1b: Ninetales\n|-sidestart|p1: Wederted|move: Aurora Veil\n|move|p1a: Talonflame|Brave Bird|p2b: Garganacl\n|-damage|p2b: Garganacl|55\/100\n|-damage|p1a: Talonflame|53\/100|[from] Recoil\n|move|p2b: Garganacl|Salt Cure|p1b: Ninetales\n|-supereffective|p1b: Ninetales\n|-damage|p1b: Ninetales|84\/100\n|-start|p1b: Ninetales|Salt Cure\n|\n|-weather|Snow|[upkeep]\n|-heal|p1b: Ninetales|90\/100|[from] Grassy Terrain\n|-heal|p2b: Garganacl|60\/100|[from] Grassy Terrain\n|-damage|p1b: Ninetales|78\/100|[from] Salt Cure\n|upkeep\n|turn|4\n|\n|t:|1700525431\n|switch|p2a: Tornadus|Tornadus, L50, M|100\/100\n|switch|p1b: Ogerpon|Ogerpon-Hearthflame, L50, F|100\/100\n|-ability|p1b: Ogerpon|Mold Breaker\n|move|p1a: Talonflame|Brave Bird|p2b: Garganacl\n|-crit|p2b: Garganacl\n|-damage|p2b: Garganacl|14\/100\n|-enditem|p2b: Garganacl|Sitrus Berry|[eat]\n|-heal|p2b: Garganacl|38\/100|[from] item: Sitrus Berry\n|-damage|p1a: Talonflame|34\/100|[from] Recoil\n|move|p2b: Garganacl|Recover|p2b: Garganacl\n|-heal|p2b: Garganacl|88\/100\n|\n|-weather|Snow|[upkeep]\n|-heal|p2b: Garganacl|94\/100|[from] Grassy Terrain\n|-sideend|p1: Wederted|move: Tailwind\n|upkeep\n|turn|5\n|inactive|Wederted has 30 seconds left.\n|\n|t:|1700525462\n|-terastallize|p1b: Ogerpon|Fire\n|detailschange|p1b: Ogerpon|Ogerpon-Hearthflame-Tera, L50, F, tera:Fire\n|-ability|p1b: Ogerpon|Embody Aspect (Hearthflame)|boost\n|-boost|p1b: Ogerpon|atk|1\n|move|p2a: Tornadus|Bleakwind Storm|p1a: Talonflame|[spread] p1a,p1b\n|-damage|p1a: Talonflame|2\/100\n|-damage|p1b: Ogerpon|74\/100\n|move|p1b: Ogerpon|Ivy Cudgel|p2b: Garganacl|[anim] Ivy Cudgel Fire\n|-damage|p2b: Garganacl|51\/100\n|move|p1a: Talonflame|Brave Bird|p2b: Garganacl\n|-damage|p2b: Garganacl|40\/100\n|-damage|p1a: Talonflame|0 fnt|[from] Recoil\n|faint|p1a: Talonflame\n|move|p2b: Garganacl|Salt Cure|p1b: Ogerpon\n|-supereffective|p1b: Ogerpon\n|-damage|p1b: Ogerpon|50\/100\n|-start|p1b: Ogerpon|Salt Cure\n|\n|-weather|Snow|[upkeep]\n|-heal|p1b: Ogerpon|56\/100|[from] Grassy Terrain\n|-heal|p2b: Garganacl|46\/100|[from] Grassy Terrain\n|-damage|p1b: Ogerpon|44\/100|[from] Salt Cure\n|-sideend|p2: Kzkrzvkzl|move: Tailwind\n|-fieldend|move: Grassy Terrain\n|upkeep\n|\n|t:|1700525476\n|switch|p1a: Ninetales|Ninetales-Alola, L50, M|78\/100\n|turn|6\n|\n|t:|1700525483\n|move|p2b: Garganacl|Protect|p2b: Garganacl\n|-singleturn|p2b: Garganacl|Protect\n|move|p2a: Tornadus|Tailwind|p2a: Tornadus\n|-sidestart|p2: Kzkrzvkzl|move: Tailwind\n|move|p1b: Ogerpon|Horn Leech|p2b: Garganacl\n|-activate|p2b: Garganacl|move: Protect\n|move|p1a: Ninetales|Blizzard|p2a: Tornadus|[spread] p2a\n|-activate|p2b: Garganacl|move: Protect\n|-supereffective|p2a: Tornadus\n|-damage|p2a: Tornadus|51\/100\n|\n|-weather|Snow|[upkeep]\n|-damage|p1b: Ogerpon|32\/100|[from] Salt Cure\n|upkeep\n|turn|7\n|\n|t:|1700525493\n|move|p2a: Tornadus|Bleakwind Storm|p1b: Ogerpon|[spread] p1b\n|-miss|p2a: Tornadus|p1a: Ninetales\n|-damage|p1b: Ogerpon|5\/100\n|-unboost|p1b: Ogerpon|spe|1\n|move|p1a: Ninetales|Blizzard|p2b: Garganacl|[spread] p2a,p2b\n|-supereffective|p2a: Tornadus\n|-damage|p2a: Tornadus|3\/100\n|-damage|p2b: Garganacl|27\/100\n|move|p2b: Garganacl|Recover|p2b: Garganacl\n|-heal|p2b: Garganacl|77\/100\n|move|p1b: Ogerpon|Horn Leech|p2b: Garganacl\n|-damage|p2b: Garganacl|51\/100\n|-heal|p1b: Ogerpon|22\/100|[from] drain|[of] p2b: Garganacl\n|\n|-weather|none\n|-damage|p1b: Ogerpon|10\/100|[from] Salt Cure\n|upkeep\n|turn|8\n|\n|t:|1700525510\n|move|p1b: Ogerpon|Protect|p1b: Ogerpon\n|-singleturn|p1b: Ogerpon|Protect\n|move|p2a: Tornadus|Bleakwind Storm|p1b: Ogerpon|[spread] p1a\n|-activate|p1b: Ogerpon|move: Protect\n|-damage|p1a: Ninetales|57\/100\n|move|p1a: Ninetales|Blizzard|p2b: Garganacl|[spread] p2a,p2b\n|-supereffective|p2a: Tornadus\n|-damage|p2a: Tornadus|0 fnt\n|-damage|p2b: Garganacl|33\/100\n|faint|p2a: Tornadus\n|move|p2b: Garganacl|Recover|p2b: Garganacl\n|-heal|p2b: Garganacl|84\/100\n|\n|-damage|p1b: Ogerpon|0 fnt|[from] Salt Cure\n|faint|p1b: Ogerpon\n|upkeep\n|\n|t:|1700525515\n|switch|p2a: Rillaboom|Rillaboom, L50, F|100\/100\n|-fieldstart|move: Grassy Terrain|[from] ability: Grassy Surge|[of] p2a: Rillaboom\n|turn|9\n|\n|t:|1700525525\n|move|p2a: Rillaboom|Fake Out|p1a: Ninetales\n|-damage|p1a: Ninetales|46\/100\n|cant|p1a: Ninetales|flinch\n|move|p2b: Garganacl|Salt Cure|p1a: Ninetales\n|-supereffective|p1a: Ninetales\n|-damage|p1a: Ninetales|21\/100\n|-start|p1a: Ninetales|Salt Cure\n|\n|-heal|p1a: Ninetales|28\/100|[from] Grassy Terrain\n|-heal|p2b: Garganacl|89\/100|[from] Grassy Terrain\n|-damage|p1a: Ninetales|15\/100|[from] Salt Cure\n|-sideend|p2: Kzkrzvkzl|move: Tailwind\n|upkeep\n|turn|10\n|\n|t:|1700525531\n|move|p2b: Garganacl|Protect|p2b: Garganacl\n|-singleturn|p2b: Garganacl|Protect\n|move|p2a: Rillaboom|Grassy Glide|p1a: Ninetales\n|-crit|p1a: Ninetales\n|-damage|p1a: Ninetales|0 fnt\n|faint|p1a: Ninetales\n|\n|win|Kzkrzvkzl\n|raw|Wederted's rating: 1184 &rarr; <strong>1156<\/strong><br \/>(-28 for losing)\n|raw|Kzkrzvkzl's rating: 1147 &rarr; <strong>1175<\/strong><br \/>(+28 for winning)\n|l|\u2606Wederted\n","uploadtime":1700525541,"views":2,"p1id":"wederted","p2id":"kzkrzvkzl","formatid":"gen9vgc2023regulatione","rating":1156,"private":0,"password":""}