{"id":"gen9vgc2023regulatione-1994027552","p1":"IN404","p2":"AStupidAsian","format":"[Gen 9] VGC 2023 Regulation E","log":"|j|\u2606IN404\n|j|\u2606AStupidAsian\n|t:|1700396138\n|gametype|doubles\n|player|p1|IN404|clerk|1157\n|player|p2|AStupidAsian|sordward|1121\n|teamsize|p1|6\n|teamsize|p2|6\n|gen|9\n|tier|[Gen 9] VGC 2023 Regulation E\n|rated|\n|rule|Species Clause: Limit one of each Pok\u00e9mon\n|rule|Item Clause: Limit one of each item\n|clearpoke\n|poke|p1|Indeedee-F, L50, F|\n|poke|p1|Amoonguss, L50, M|\n|poke|p1|Torkoal, L50, F|\n|poke|p1|Ursaluna, L50, M|\n|poke|p1|Rabsca, L50, M|\n|poke|p1|Armarouge, L50, F|\n|poke|p2|Golduck, L50, M|\n|poke|p2|Kommo-o, L50, F|\n|poke|p2|Sinistcha, L50|\n|poke|p2|Dondozo, L50, M|\n|poke|p2|Tatsugiri-Stretchy, L50, M|\n|poke|p2|Amoonguss, L50, F|\n|teampreview|4\nAStupidAsian rejected open team sheets.\n|\n|t:|1700396176\n|start\n|switch|p1a: Indeedee|Indeedee-F, L50, F|100\/100\n|switch|p1b: Amoonguss|Amoonguss, L50, M|100\/100\n|switch|p2a: Golduck|Golduck, L50, M|100\/100\n|switch|p2b: Kommo-o|Kommo-o, L50, F|100\/100\n|-fieldstart|move: Psychic Terrain|[from] ability: Psychic Surge|[of] p1a: Indeedee\n|-enditem|p1a: Indeedee|Psychic Seed\n|-boost|p1a: Indeedee|spd|1|[from] item: Psychic Seed\n|turn|1\n|\n|t:|1700396198\n|-terastallize|p2b: Kommo-o|Normal\n|move|p2a: Golduck|Simple Beam|p2b: Kommo-o\n|-endability|p2b: Kommo-o|Bulletproof|[from] move: Simple Beam\n|-ability|p2b: Kommo-o|Simple|[from] move: Simple Beam\n|move|p2b: Kommo-o|Clangorous Soul|p2b: Kommo-o\n|-boost|p2b: Kommo-o|atk|2\n|-boost|p2b: Kommo-o|def|2\n|-boost|p2b: Kommo-o|spa|2\n|-boost|p2b: Kommo-o|spd|2\n|-boost|p2b: Kommo-o|spe|2\n|-damage|p2b: Kommo-o|68\/100\n|-enditem|p2b: Kommo-o|Throat Spray\n|-boost|p2b: Kommo-o|spa|2|[from] item: Throat Spray\n|move|p1b: Amoonguss|Spore|p2b: Kommo-o\n|-status|p2b: Kommo-o|slp|[from] move: Spore\n|move|p1a: Indeedee|Trick Room|p1a: Indeedee\n|-fieldstart|move: Trick Room|[of] p1a: Indeedee\n|\n|upkeep\n|turn|2\n|\n|t:|1700396221\n|move|p1b: Amoonguss|Giga Drain|p2b: Kommo-o\n|-damage|p2b: Kommo-o|55\/100 slp\n|move|p1a: Indeedee|Psychic|p2b: Kommo-o\n|-damage|p2b: Kommo-o|31\/100 slp\n|move|p2a: Golduck|Psych Up|p2b: Kommo-o\n|-copyboost|p2a: Golduck|p2b: Kommo-o|[from] move: Psych Up\n|cant|p2b: Kommo-o|slp\n|\n|upkeep\n|turn|3\n|\n|t:|1700396237\n|-curestatus|p2b: Kommo-o|slp|[msg]\n|move|p2b: Kommo-o|Protect|p2b: Kommo-o\n|-singleturn|p2b: Kommo-o|Protect\n|move|p1b: Amoonguss|Spore|p2a: Golduck\n|-status|p2a: Golduck|slp|[from] move: Spore\n|move|p1a: Indeedee|Psychic|p2b: Kommo-o\n|-activate|p2b: Kommo-o|move: Protect\n|cant|p2a: Golduck|slp\n|\n|upkeep\n|turn|4\n|\n|t:|1700396252\n|cant|p2a: Golduck|slp\n|move|p1b: Amoonguss|Spore|p2b: Kommo-o\n|-status|p2b: Kommo-o|slp|[from] move: Spore\n|move|p1a: Indeedee|Psychic|p2b: Kommo-o\n|-damage|p2b: Kommo-o|7\/100 slp\n|cant|p2b: Kommo-o|slp\n|\n|upkeep\n|turn|5\n|\n|t:|1700396271\n|move|p1b: Amoonguss|Giga Drain|p2a: Golduck\n|-supereffective|p2a: Golduck\n|-crit|p2a: Golduck\n|-damage|p2a: Golduck|20\/100 slp\n|move|p1a: Indeedee|Psychic|p2a: Golduck\n|-damage|p2a: Golduck|0 fnt\n|faint|p2a: Golduck\n|cant|p2b: Kommo-o|slp\n|\n|-fieldend|move: Trick Room\n|-fieldend|move: Psychic Terrain\n|upkeep\n|\n|t:|1700396278\n|switch|p2a: Sinistcha|Sinistcha, L50|100\/100\n|-heal|p2b: Kommo-o|32\/100 slp|[from] ability: Hospitality|[of] p2a: Sinistcha\n|turn|6\n|\n|t:|1700396300\n|move|p2a: Sinistcha|Rage Powder|p2a: Sinistcha\n|-singleturn|p2a: Sinistcha|move: Rage Powder\n|cant|p2b: Kommo-o|slp\n|move|p1a: Indeedee|Psychic|p2a: Sinistcha\n|-damage|p2a: Sinistcha|63\/100\n|move|p1b: Amoonguss|Giga Drain|p2b: Kommo-o\n|-damage|p2b: Kommo-o|18\/100 slp\n|\n|upkeep\n|turn|7\n|\n|t:|1700396319\n|switch|p2a: Amoonguss|Amoonguss, L50, F|100\/100\n|move|p1b: Amoonguss|Rage Powder|p1b: Amoonguss\n|-singleturn|p1b: Amoonguss|move: Rage Powder\n|-curestatus|p2b: Kommo-o|slp|[msg]\n|move|p2b: Kommo-o|Boomburst|p1b: Amoonguss|[spread] p2a,p1a,p1b\n|-damage|p2a: Amoonguss|8\/100\n|-damage|p1a: Indeedee|39\/100\n|-damage|p1b: Amoonguss|15\/100\n|move|p1a: Indeedee|Trick Room|p1a: Indeedee\n|-fieldstart|move: Trick Room|[of] p1a: Indeedee\n|\n|-heal|p1b: Amoonguss|20\/100|[from] item: Leftovers\n|upkeep\n|turn|8\n|\n|t:|1700396350\n|move|p1b: Amoonguss|Giga Drain|p2b: Kommo-o\n|-damage|p2b: Kommo-o|4\/100\n|-heal|p1b: Amoonguss|25\/100|[from] drain|[of] p2b: Kommo-o\n|move|p2a: Amoonguss|Pollen Puff|p2b: Kommo-o\n|-heal|p2b: Kommo-o|54\/100\n|move|p1a: Indeedee|Psychic|p2b: Kommo-o\n|-damage|p2b: Kommo-o|37\/100\n|move|p2b: Kommo-o|Boomburst|p1b: Amoonguss|[spread] p2a,p1a,p1b\n|-damage|p2a: Amoonguss|0 fnt\n|-damage|p1a: Indeedee|0 fnt\n|-damage|p1b: Amoonguss|0 fnt\n|faint|p2a: Amoonguss\n|faint|p1a: Indeedee\n|faint|p1b: Amoonguss\n|\n|upkeep\n|\n|t:|1700396361\n|switch|p1b: Rabsca|Rabsca, L50, M|100\/100\n|switch|p2a: Sinistcha|Sinistcha, L50|63\/100\n|switch|p1a: Ursaluna|Ursaluna, L50, M|100\/100\n|-heal|p2b: Kommo-o|62\/100|[from] ability: Hospitality|[of] p2a: Sinistcha\n|turn|9\n|\n|t:|1700396380\n|-terastallize|p1a: Ursaluna|Ghost\n|move|p2b: Kommo-o|Protect|p2b: Kommo-o\n|-singleturn|p2b: Kommo-o|Protect\n|move|p1a: Ursaluna|Facade|p2b: Kommo-o\n|-activate|p2b: Kommo-o|move: Protect\n|move|p1b: Rabsca|Revival Blessing|p1b: Rabsca\n|-enditem|p1b: Rabsca|Leppa Berry|[eat]\n|-activate|p1b: Rabsca|item: Leppa Berry|Revival Blessing|[consumed]\n|\n|t:|1700396408\n|-heal|p1: Amoonguss|50\/100|[from] move: Revival Blessing\n|move|p2a: Sinistcha|Strength Sap|p1a: Ursaluna\n|-unboost|p1a: Ursaluna|atk|1\n|-heal|p2a: Sinistcha|100\/100\n|\n|-status|p1a: Ursaluna|brn|[from] item: Flame Orb\n|upkeep\n|turn|10\n|\n|t:|1700396434\n|move|p2a: Sinistcha|Rage Powder|p2a: Sinistcha\n|-singleturn|p2a: Sinistcha|move: Rage Powder\n|move|p1a: Ursaluna|Facade|p2a: Sinistcha\n|-immune|p2a: Sinistcha\n|move|p1b: Rabsca|Revival Blessing|p1b: Rabsca\n|\n|t:|1700396440\n|-heal|p1: Indeedee|50\/100|[from] move: Revival Blessing\n|move|p2b: Kommo-o|Clangorous Soul|p2b: Kommo-o\n|-boost|p2b: Kommo-o|atk|2\n|-boost|p2b: Kommo-o|def|2\n|-boost|p2b: Kommo-o|spa|2\n|-boost|p2b: Kommo-o|spd|2\n|-boost|p2b: Kommo-o|spe|2\n|-damage|p2b: Kommo-o|29\/100\n|\n|-damage|p1a: Ursaluna|95\/100 brn|[from] brn\n|upkeep\n|turn|11\n|\n|t:|1700396459\n|move|p2b: Kommo-o|Protect|p2b: Kommo-o\n|-singleturn|p2b: Kommo-o|Protect\n|move|p2a: Sinistcha|Rage Powder|p2a: Sinistcha\n|-singleturn|p2a: Sinistcha|move: Rage Powder\n|move|p1a: Ursaluna|Stomping Tantrum|p2a: Sinistcha\n|-resisted|p2a: Sinistcha\n|-damage|p2a: Sinistcha|67\/100\n|move|p1b: Rabsca|Psychic|p2a: Sinistcha\n|-damage|p2a: Sinistcha|25\/100\n|-enditem|p2a: Sinistcha|Sitrus Berry|[eat]\n|-heal|p2a: Sinistcha|49\/100|[from] item: Sitrus Berry\n|\n|-damage|p1a: Ursaluna|89\/100 brn|[from] brn\n|-fieldend|move: Trick Room\n|upkeep\n|turn|12\n|\n|t:|1700396486\n|move|p2b: Kommo-o|Boomburst|p1b: Rabsca|[spread] p1b\n|-immune|p2a: Sinistcha\n|-immune|p1a: Ursaluna\n|-damage|p1b: Rabsca|0 fnt\n|faint|p1b: Rabsca\n|move|p2a: Sinistcha|Strength Sap|p1a: Ursaluna\n|-unboost|p1a: Ursaluna|atk|1\n|-heal|p2a: Sinistcha|100\/100\n|move|p1a: Ursaluna|Stomping Tantrum|p2b: Kommo-o\n|-damage|p2b: Kommo-o|16\/100\n|\n|-damage|p1a: Ursaluna|83\/100 brn|[from] brn\n|upkeep\n|\n|t:|1700396504\n|switch|p1b: Indeedee|Indeedee-F, L50, F|50\/100\n|-fieldstart|move: Psychic Terrain|[from] ability: Psychic Surge|[of] p1b: Indeedee\n|turn|13\n|\n|t:|1700396518\n|move|p2a: Sinistcha|Rage Powder|p2a: Sinistcha\n|-singleturn|p2a: Sinistcha|move: Rage Powder\n|move|p2b: Kommo-o|Boomburst|p1b: Indeedee|[spread] p1b\n|-immune|p2a: Sinistcha\n|-immune|p1a: Ursaluna\n|-damage|p1b: Indeedee|0 fnt\n|faint|p1b: Indeedee\n|move|p1a: Ursaluna|Facade|p2a: Sinistcha\n|-immune|p2a: Sinistcha\n|\n|-damage|p1a: Ursaluna|77\/100 brn|[from] brn\n|upkeep\n|\n|t:|1700396528\n|switch|p1b: Amoonguss|Amoonguss, L50, M|50\/100\n|turn|14\n|\n|t:|1700396536\n|move|p2a: Sinistcha|Rage Powder|p2a: Sinistcha\n|-singleturn|p2a: Sinistcha|move: Rage Powder\n|move|p2b: Kommo-o|Boomburst|p1a: Ursaluna|[spread] p1b\n|-immune|p2a: Sinistcha\n|-immune|p1a: Ursaluna\n|-damage|p1b: Amoonguss|0 fnt\n|faint|p1b: Amoonguss\n|move|p1a: Ursaluna|Stomping Tantrum|p2a: Sinistcha\n|-resisted|p2a: Sinistcha\n|-damage|p2a: Sinistcha|79\/100\n|\n|-damage|p1a: Ursaluna|71\/100 brn|[from] brn\n|upkeep\n|turn|15\n|\n|t:|1700396553\n|move|p2a: Sinistcha|Rage Powder|p2a: Sinistcha\n|-singleturn|p2a: Sinistcha|move: Rage Powder\n|move|p2b: Kommo-o|Flash Cannon|p1a: Ursaluna\n|-damage|p1a: Ursaluna|0 fnt\n|faint|p1a: Ursaluna\n|\n|win|AStupidAsian\n|raw|IN404's rating: 1157 &rarr; <strong>1129<\/strong><br \/>(-28 for losing)\n|raw|AStupidAsian's rating: 1121 &rarr; <strong>1149<\/strong><br \/>(+28 for winning)\n","uploadtime":1700396563,"views":5,"p1id":"in404","p2id":"astupidasian","formatid":"gen9vgc2023regulatione","rating":1129,"private":0,"password":""}