{"id":"gen9vgc2023regulatione-1987919684","p1":"wuivy","p2":"previouslyunnamed","format":"[Gen 9] VGC 2023 Regulation E","log":"|j|\u2606wuivy\n|j|\u2606previouslyunnamed\n|t:|1699649183\n|gametype|doubles\n|player|p1|wuivy|gardenia|1585\n|player|p2|previouslyunnamed|ryuki|1541\n|teamsize|p1|6\n|teamsize|p2|6\n|gen|9\n|tier|[Gen 9] VGC 2023 Regulation E\n|rated|\n|rule|Species Clause: Limit one of each Pok\u00e9mon\n|rule|Item Clause: Limit one of each item\n|clearpoke\n|poke|p1|Ogerpon-Wellspring, L50, F|\n|poke|p1|Urshifu-*, L50, M|\n|poke|p1|Tornadus, L50, M|\n|poke|p1|Gholdengo, L50|\n|poke|p1|Amoonguss, L50, M|\n|poke|p1|Iron Bundle, L50|\n|poke|p2|Glimmora, L50, M|\n|poke|p2|Flutter Mane, L50|\n|poke|p2|Tatsugiri-Droopy, L50, M|\n|poke|p2|Dondozo, L50, F|\n|poke|p2|Urshifu-*, L50, F|\n|poke|p2|Ogerpon-Hearthflame, L50, F|\n|teampreview|4\n|inactive|Battle timer is ON: inactive players will automatically lose when time's up. (requested by previouslyunnamed)\n|inactive|wuivy also wants the timer to be on.\nwuivy has agreed to open team sheets.\n|inactive|wuivy has 60 seconds left.\n|inactive|previouslyunnamed has 60 seconds left.\n|inactive|wuivy has 30 seconds left.\n|\n|t:|1699649251\n|start\n|switch|p1a: Tornadus|Tornadus, L50, M|100\/100\n|switch|p1b: Gholdengo|Gholdengo, L50|100\/100\n|switch|p2a: Dondozo|Dondozo, L50, F|100\/100\n|switch|p2b: Glimmora|Glimmora, L50, M|100\/100\n|turn|1\n|\n|t:|1699649262\n|move|p1a: Tornadus|Tailwind|p1a: Tornadus\n|-sidestart|p1: wuivy|move: Tailwind\n|move|p1b: Gholdengo|Trick|p2a: Dondozo\n|-activate|p1b: Gholdengo|move: Trick|[of] p2a: Dondozo\n|-item|p2a: Dondozo|Choice Specs|[from] move: Trick\n|-item|p1b: Gholdengo|Leftovers|[from] move: Trick\n|move|p2b: Glimmora|Earth Power|p1b: Gholdengo\n|-supereffective|p1b: Gholdengo\n|-damage|p1b: Gholdengo|19\/100\n|move|p2a: Dondozo|Yawn|p1a: Tornadus\n|-start|p1a: Tornadus|move: Yawn|[of] p2a: Dondozo\n|\n|-heal|p1b: Gholdengo|25\/100|[from] item: Leftovers\n|upkeep\n|turn|2\n|\n|t:|1699649282\n|switch|p2a: Tatsugiri|Tatsugiri-Droopy, L50, M, shiny|100\/100\n|move|p1b: Gholdengo|Make It Rain|p2b: Glimmora|[spread] p2a,p2b\n|-resisted|p2a: Tatsugiri\n|-supereffective|p2b: Glimmora\n|-damage|p2a: Tatsugiri|72\/100\n|-enditem|p2b: Glimmora|Focus Sash\n|-damage|p2b: Glimmora|1\/100\n|-unboost|p1b: Gholdengo|spa|1\n|move|p1a: Tornadus|Bleakwind Storm|p2b: Glimmora|[spread] p2b\n|-miss|p1a: Tornadus|p2a: Tatsugiri\n|-resisted|p2b: Glimmora\n|-damage|p2b: Glimmora|0 fnt\n|faint|p2b: Glimmora\n|\n|-heal|p1b: Gholdengo|31\/100|[from] item: Leftovers\n|-end|p1a: Tornadus|move: Yawn|[silent]\n|-status|p1a: Tornadus|slp\n|upkeep\n|\n|t:|1699649298\n|switch|p2b: Flutter Mane|Flutter Mane, L50|100\/100\n|-enditem|p2b: Flutter Mane|Booster Energy\n|-activate|p2b: Flutter Mane|ability: Protosynthesis|[fromitem]\n|-start|p2b: Flutter Mane|protosynthesisspe\n|turn|3\n|\n|t:|1699649305\n|move|p2b: Flutter Mane|Protect|p2b: Flutter Mane\n|-singleturn|p2b: Flutter Mane|Protect\n|move|p1b: Gholdengo|Make It Rain|p2b: Flutter Mane|[spread] p2a\n|-activate|p2b: Flutter Mane|move: Protect\n|-resisted|p2a: Tatsugiri\n|-damage|p2a: Tatsugiri|54\/100\n|-unboost|p1b: Gholdengo|spa|1\n|cant|p1a: Tornadus|slp\n|move|p2a: Tatsugiri|Muddy Water|p1a: Tornadus|[spread] p1a,p1b\n|-damage|p1a: Tornadus|73\/100 slp\n|-damage|p1b: Gholdengo|0 fnt\n|faint|p1b: Gholdengo\n|\n|upkeep\n|\n|t:|1699649313\n|switch|p1b: Iron Bundle|Iron Bundle, L50|100\/100\n|-enditem|p1b: Iron Bundle|Booster Energy\n|-activate|p1b: Iron Bundle|ability: Quark Drive|[fromitem]\n|-start|p1b: Iron Bundle|quarkdrivespe\n|turn|4\n|\n|t:|1699649326\n|switch|p2a: Dondozo|Dondozo, L50, F|100\/100\n|move|p1b: Iron Bundle|Freeze-Dry|p2a: Dondozo\n|-supereffective|p2a: Dondozo\n|-damage|p2a: Dondozo|32\/100\n|move|p2b: Flutter Mane|Hex|p1a: Tornadus\n|-damage|p1a: Tornadus|11\/100 slp\n|cant|p1a: Tornadus|slp\n|\n|-sideend|p1: wuivy|move: Tailwind\n|upkeep\n|turn|5\n|\n|t:|1699649341\n|-curestatus|p1a: Tornadus|slp|[msg]\n|move|p1a: Tornadus|Protect|p1a: Tornadus\n|-singleturn|p1a: Tornadus|Protect\n|move|p1b: Iron Bundle|Protect|p1b: Iron Bundle\n|-singleturn|p1b: Iron Bundle|Protect\n|move|p2a: Dondozo|Protect|p2a: Dondozo\n|-singleturn|p2a: Dondozo|Protect\n|move|p2b: Flutter Mane|Icy Wind|p1a: Tornadus|[spread] \n|-activate|p1a: Tornadus|move: Protect\n|-activate|p1b: Iron Bundle|move: Protect\n|\n|upkeep\n|turn|6\n|\n|t:|1699649360\n|move|p2a: Dondozo|Protect|p2a: Dondozo\n|-singleturn|p2a: Dondozo|Protect\n|move|p1a: Tornadus|Tailwind|p1a: Tornadus\n|-sidestart|p1: wuivy|move: Tailwind\n|move|p1b: Iron Bundle|Freeze-Dry|p2a: Dondozo\n|-activate|p2a: Dondozo|move: Protect\n|move|p2b: Flutter Mane|Moonblast|p1b: Iron Bundle\n|-damage|p1b: Iron Bundle|0 fnt\n|faint|p1b: Iron Bundle\n|-end|p1b: Iron Bundle|Quark Drive|[silent]\n|\n|upkeep\n|\n|t:|1699649362\n|switch|p1b: Ogerpon|Ogerpon-Wellspring, L50, F|100\/100\n|turn|7\n|\n|t:|1699649385\n|switch|p2a: Tatsugiri|Tatsugiri-Droopy, L50, M, shiny|54\/100\n|-terastallize|p2b: Flutter Mane|Water\n|-terastallize|p1b: Ogerpon|Water\n|detailschange|p1b: Ogerpon|Ogerpon-Wellspring-Tera, L50, F, tera:Water\n|-ability|p1b: Ogerpon|Embody Aspect (Wellspring)|boost\n|-boost|p1b: Ogerpon|spd|1\n|move|p1a: Tornadus|Protect|p1a: Tornadus\n|-singleturn|p1a: Tornadus|Protect\n|move|p2b: Flutter Mane|Icy Wind|p1a: Tornadus|[spread] p1b\n|-activate|p1a: Tornadus|move: Protect\n|-resisted|p1b: Ogerpon\n|-damage|p1b: Ogerpon|96\/100\n|-unboost|p1b: Ogerpon|spe|1\n|move|p1b: Ogerpon|Ivy Cudgel|p2b: Flutter Mane\n|-resisted|p2b: Flutter Mane\n|-damage|p2b: Flutter Mane|34\/100\n|\n|upkeep\n|turn|8\n|\n|t:|1699649407\n|move|p2b: Flutter Mane|Protect|p2b: Flutter Mane\n|-singleturn|p2b: Flutter Mane|Protect\n|move|p1a: Tornadus|Bleakwind Storm|p2a: Tatsugiri|[spread] p2a\n|-activate|p2b: Flutter Mane|move: Protect\n|-damage|p2a: Tatsugiri|6\/100\n|move|p2a: Tatsugiri|Icy Wind|p1a: Tornadus|[spread] p1a,p1b\n|-supereffective|p1a: Tornadus\n|-resisted|p1b: Ogerpon\n|-damage|p1a: Tornadus|0 fnt\n|-damage|p1b: Ogerpon|92\/100\n|-unboost|p1b: Ogerpon|spe|1\n|faint|p1a: Tornadus\n|move|p1b: Ogerpon|Power Whip|p2a: Tatsugiri|[miss]\n|-miss|p1b: Ogerpon|p2a: Tatsugiri\n|\n|upkeep\n|turn|9\n|inactive|previouslyunnamed has 30 seconds left.\n|\n|t:|1699649441\n|-end|p2b: Flutter Mane|Protosynthesis|[silent]\n|switch|p2b: Dondozo|Dondozo, L50, F|32\/100\n|-activate|p2a: Tatsugiri|ability: Commander|[of] p2b: Dondozo\n|-boost|p2b: Dondozo|atk|2\n|-boost|p2b: Dondozo|spa|2\n|-boost|p2b: Dondozo|spe|2\n|-boost|p2b: Dondozo|def|2\n|-boost|p2b: Dondozo|spd|2\n|move|p1b: Ogerpon|Power Whip|p2a: Tatsugiri|[miss]\n|-miss|p1b: Ogerpon|p2a: Tatsugiri\n|\n|-sideend|p1: wuivy|move: Tailwind\n|upkeep\n|turn|10\n|\n|t:|1699649452\n|move|p1b: Ogerpon|Spiky Shield|p1b: Ogerpon\n|-singleturn|p1b: Ogerpon|move: Protect\n|move|p2b: Dondozo|Order Up|p1b: Ogerpon\n|-activate|p1b: Ogerpon|move: Protect\n|\n|upkeep\n|turn|11\n|\n|t:|1699649455\n|move|p2b: Dondozo|Order Up|p1b: Ogerpon\n|-damage|p1b: Ogerpon|49\/100\n|-boost|p2b: Dondozo|def|1\n|move|p1b: Ogerpon|Power Whip|p2b: Dondozo\n|-supereffective|p2b: Dondozo\n|-damage|p2b: Dondozo|0 fnt\n|faint|p2b: Dondozo\n|\n|upkeep\n|\n|t:|1699649459\n|switch|p2b: Flutter Mane|Flutter Mane, L50, tera:Water|34\/100\n|turn|12\n|\n|t:|1699649470\n|move|p2a: Tatsugiri|Icy Wind|p1b: Ogerpon\n|-resisted|p1b: Ogerpon\n|-damage|p1b: Ogerpon|43\/100\n|-unboost|p1b: Ogerpon|spe|1\n|move|p2b: Flutter Mane|Moonblast|p1b: Ogerpon\n|-damage|p1b: Ogerpon|10\/100\n|move|p1b: Ogerpon|Ivy Cudgel|p2b: Flutter Mane\n|-resisted|p2b: Flutter Mane\n|-damage|p2b: Flutter Mane|0 fnt\n|faint|p2b: Flutter Mane\n|-end|p2b: Flutter Mane|Protosynthesis|[silent]\n|\n|upkeep\n|turn|13\n|\n|t:|1699649481\n|move|p2a: Tatsugiri|Icy Wind|p1b: Ogerpon\n|-resisted|p1b: Ogerpon\n|-crit|p1b: Ogerpon\n|-damage|p1b: Ogerpon|0 fnt\n|faint|p1b: Ogerpon\n|\n|win|previouslyunnamed\n|raw|wuivy's rating: 1585 &rarr; <strong>1562<\/strong><br \/>(-23 for losing)\n|raw|previouslyunnamed's rating: 1541 &rarr; <strong>1564<\/strong><br \/>(+23 for winning)\n|l|\u2606wuivy\n","uploadtime":1699649489,"views":12,"p1id":"wuivy","p2id":"previouslyunnamed","formatid":"gen9vgc2023regulatione","rating":1562,"private":0,"password":""}