{"id":"gen9vgc2023regulatione-1996149089","p1":"SoapierMage5794","p2":"tobothehobo","format":"[Gen 9] VGC 2023 Regulation E","log":"|j|\u2606SoapierMage5794\n|j|\u2606tobothehobo\n|t:|1700651488\n|gametype|doubles\n|player|p1|SoapierMage5794|170|1323\n|player|p2|tobothehobo|cynthia-masters|1417\n|teamsize|p1|6\n|teamsize|p2|6\n|gen|9\n|tier|[Gen 9] VGC 2023 Regulation E\n|rated|\n|rule|Species Clause: Limit one of each Pok\u00e9mon\n|rule|Item Clause: Limit one of each item\n|clearpoke\n|poke|p1|Chien-Pao, L50|\n|poke|p1|Dragonite, L50, M|\n|poke|p1|Rillaboom, L50, M|\n|poke|p1|Tornadus, L50, M|\n|poke|p1|Arcanine-Hisui, L50, F|\n|poke|p1|Iron Bundle, L50|\n|poke|p2|Arcanine-Hisui, L50, F|\n|poke|p2|Gholdengo, L50|\n|poke|p2|Ogerpon, L50, F|\n|poke|p2|Iron Hands, L50|\n|poke|p2|Urshifu-*, L50, F|\n|poke|p2|Tornadus, L50, M|\n|teampreview|4\n|inactive|Battle timer is ON: inactive players will automatically lose when time's up. (requested by SoapierMage5794)\n|j| randomuser0000\n|inactive|tobothehobo has 60 seconds left.\n|\n|t:|1700651541\n|start\n|switch|p1a: Arcanine|Arcanine-Hisui, L50, F|100\/100\n|switch|p1b: Tornadus|Tornadus, L50, M|100\/100\n|switch|p2a: Arcanine|Arcanine-Hisui, L50, F|100\/100\n|switch|p2b: Ogerpon|Ogerpon, L50, F|100\/100\n|-ability|p1a: Arcanine|Intimidate|boost\n|-unboost|p2a: Arcanine|atk|1\n|-unboost|p2b: Ogerpon|atk|1\n|-ability|p2b: Ogerpon|Defiant|boost\n|-boost|p2b: Ogerpon|atk|2\n|-ability|p2a: Arcanine|Intimidate|boost\n|-unboost|p1a: Arcanine|atk|1\n|-unboost|p1b: Tornadus|atk|1\n|turn|1\n|\n|t:|1700651556\n|move|p2b: Ogerpon|Protect|p2b: Ogerpon\n|-singleturn|p2b: Ogerpon|Protect\n|move|p1b: Tornadus|Tailwind|p1b: Tornadus\n|-sidestart|p1: SoapierMage5794|move: Tailwind\n|move|p1a: Arcanine|Rock Slide|p2a: Arcanine|[spread] p2a\n|-activate|p2b: Ogerpon|move: Protect\n|-supereffective|p2a: Arcanine\n|-damage|p2a: Arcanine|37\/100\n|move|p2a: Arcanine|Rock Slide|p1a: Arcanine|[spread] p1a,p1b\n|-supereffective|p1a: Arcanine\n|-supereffective|p1b: Tornadus\n|-damage|p1a: Arcanine|19\/100\n|-damage|p1b: Tornadus|17\/100\n|\n|upkeep\n|turn|2\n|\n|t:|1700651576\n|switch|p2b: Iron Hands|Iron Hands, L50|100\/100\n|move|p1b: Tornadus|Bleakwind Storm|p2a: Arcanine|[spread] p2a\n|-miss|p1b: Tornadus|p2b: Iron Hands\n|-resisted|p2a: Arcanine\n|-damage|p2a: Arcanine|14\/100\n|move|p1a: Arcanine|Rock Slide|p2b: Iron Hands|[spread] p2a,p2b\n|-supereffective|p2a: Arcanine\n|-resisted|p2b: Iron Hands\n|-damage|p2a: Arcanine|0 fnt\n|-damage|p2b: Iron Hands|92\/100\n|faint|p2a: Arcanine\n|\n|upkeep\n|\n|t:|1700651586\n|switch|p2a: Tornadus|Tornadus, L50, M|100\/100\n|turn|3\n|\n|t:|1700651592\n|switch|p1a: Rillaboom|Rillaboom, L50, M|100\/100\n|-fieldstart|move: Grassy Terrain|[from] ability: Grassy Surge|[of] p1a: Rillaboom\n|move|p1b: Tornadus|Protect|p1b: Tornadus\n|-singleturn|p1b: Tornadus|Protect\n|move|p2b: Iron Hands|Fake Out|p1a: Rillaboom\n|-damage|p1a: Rillaboom|85\/100\n|move|p2a: Tornadus|Bleakwind Storm|p1b: Tornadus|[spread] \n|-activate|p1b: Tornadus|move: Protect\n|-miss|p2a: Tornadus|p1a: Rillaboom\n|\n|-heal|p1a: Rillaboom|91\/100|[from] Grassy Terrain\n|-heal|p2b: Iron Hands|98\/100|[from] Grassy Terrain\n|upkeep\n|turn|4\n|\n|t:|1700651612\n|move|p1b: Tornadus|Taunt|p2a: Tornadus\n|-start|p2a: Tornadus|move: Taunt\n|-enditem|p2a: Tornadus|Mental Herb\n|-end|p2a: Tornadus|move: Taunt\n|move|p1a: Rillaboom|High Horsepower|p2b: Iron Hands\n|-supereffective|p2b: Iron Hands\n|-damage|p2b: Iron Hands|58\/100\n|move|p2a: Tornadus|Bleakwind Storm|p1a: Rillaboom|[spread] p1a,p1b\n|-supereffective|p1a: Rillaboom\n|-crit|p1a: Rillaboom\n|-damage|p1a: Rillaboom|0 fnt\n|-damage|p1b: Tornadus|0 fnt\n|faint|p1a: Rillaboom\n|faint|p1b: Tornadus\n|move|p2b: Iron Hands|Wild Charge|p1: Rillaboom|[notarget]\n|-fail|p2b: Iron Hands\n|\n|-heal|p2b: Iron Hands|64\/100|[from] Grassy Terrain\n|-sideend|p1: SoapierMage5794|move: Tailwind\n|upkeep\n|\n|t:|1700651622\n|switch|p1b: Dragonite|Dragonite, L50, M|100\/100\n|switch|p1a: Arcanine|Arcanine-Hisui, L50, F|19\/100\n|-ability|p1a: Arcanine|Intimidate|boost\n|-unboost|p2a: Tornadus|atk|1\n|-unboost|p2b: Iron Hands|atk|1\n|turn|5\n|\n|t:|1700651634\n|-terastallize|p1a: Arcanine|Fairy\n|move|p2a: Tornadus|Tailwind|p2a: Tornadus\n|-sidestart|p2: tobothehobo|move: Tailwind\n|move|p1a: Arcanine|Tera Blast|p2b: Iron Hands|[anim] Tera Blast Fairy\n|-supereffective|p2b: Iron Hands\n|-damage|p2b: Iron Hands|0 fnt\n|faint|p2b: Iron Hands\n|-end|p2b: Iron Hands|Quark Drive|[silent]\n|move|p1b: Dragonite|Dragon Dance|p1b: Dragonite\n|-boost|p1b: Dragonite|atk|1\n|-boost|p1b: Dragonite|spe|1\n|\n|-heal|p1a: Arcanine|25\/100|[from] Grassy Terrain\n|upkeep\n|\n|t:|1700651640\n|switch|p2b: Ogerpon|Ogerpon, L50, F|100\/100\n|turn|6\n|\n|t:|1700651657\n|-terastallize|p2b: Ogerpon|Grass\n|detailschange|p2b: Ogerpon|Ogerpon-Teal-Tera, L50, F, tera:Grass\n|-ability|p2b: Ogerpon|Embody Aspect (Teal)|boost\n|-boost|p2b: Ogerpon|spe|1\n|move|p1b: Dragonite|Extreme Speed|p2b: Ogerpon\n|-damage|p2b: Ogerpon|33\/100\n|move|p2b: Ogerpon|Ivy Cudgel|p1a: Arcanine\n|-crit|p1a: Arcanine\n|-damage|p1a: Arcanine|0 fnt\n|faint|p1a: Arcanine\n|move|p2a: Tornadus|Bleakwind Storm|p1b: Dragonite|[miss]\n|-miss|p2a: Tornadus|p1b: Dragonite\n|\n|-heal|p2b: Ogerpon|39\/100|[from] Grassy Terrain\n|upkeep\n|turn|7\n|\n|t:|1700651676\n|move|p2b: Ogerpon|Protect|p2b: Ogerpon\n|-singleturn|p2b: Ogerpon|Protect\n|move|p1b: Dragonite|Extreme Speed|p2a: Tornadus\n|-damage|p2a: Tornadus|32\/100\n|move|p2a: Tornadus|Bleakwind Storm|p1b: Dragonite\n|-damage|p1b: Dragonite|55\/100\n|-unboost|p1b: Dragonite|spe|1\n|\n|-heal|p2b: Ogerpon|45\/100|[from] Grassy Terrain\n|-fieldend|move: Grassy Terrain\n|upkeep\n|turn|8\n|\n|t:|1700651687\n|move|p1b: Dragonite|Extreme Speed|p2b: Ogerpon\n|-damage|p2b: Ogerpon|0 fnt\n|faint|p2b: Ogerpon\n|move|p2a: Tornadus|Bleakwind Storm|p1b: Dragonite\n|-damage|p1b: Dragonite|5\/100\n|\n|-sideend|p2: tobothehobo|move: Tailwind\n|upkeep\n|turn|9\n|\n|t:|1700651695\n|move|p1b: Dragonite|Extreme Speed|p2a: Tornadus\n|-damage|p2a: Tornadus|0 fnt\n|faint|p2a: Tornadus\n|\n|win|SoapierMage5794\n|raw|SoapierMage5794's rating: 1323 &rarr; <strong>1348<\/strong><br \/>(+25 for winning)\n|raw|tobothehobo's rating: 1417 &rarr; <strong>1392<\/strong><br \/>(-25 for losing)\n|l|\u2606tobothehobo\n|c|\u2606SoapierMage5794|GG\n","uploadtime":1700651707,"views":0,"p1id":"soapiermage5794","p2id":"tobothehobo","formatid":"gen9vgc2023regulatione","rating":1348,"private":0,"password":""}