{"id":"gen9vgc2023regulatione-1996158479","p1":"deadlyface","p2":"CadhlaKai","format":"[Gen 9] VGC 2023 Regulation E","log":"|j|\u2606deadlyface\n|j|\u2606CadhlaKai\n|t:|1700652848\n|gametype|doubles\n|player|p1|deadlyface|102|1000\n|player|p2|CadhlaKai|266|1044\n|teamsize|p1|6\n|teamsize|p2|6\n|gen|9\n|tier|[Gen 9] VGC 2023 Regulation E\n|rated|\n|rule|Species Clause: Limit one of each Pok\u00e9mon\n|rule|Item Clause: Limit one of each item\n|clearpoke\n|poke|p1|Torkoal, L50, F|\n|poke|p1|Urshifu-*, L50, F|\n|poke|p1|Ursaluna, L50, F|\n|poke|p1|Farigiraf, L50, F|\n|poke|p1|Scream Tail, L50|\n|poke|p1|Staraptor, L50, F|\n|poke|p2|Grafaiai, L50, F|\n|poke|p2|Ogerpon, L50, F|\n|poke|p2|Gastrodon, L50, F|\n|poke|p2|Scovillain, L50, M|\n|poke|p2|Conkeldurr, L50, M|\n|poke|p2|Farigiraf, L50, F|\n|teampreview|4\n|inactive|Battle timer is ON: inactive players will automatically lose when time's up. (requested by CadhlaKai)\n|inactive|CadhlaKai has 60 seconds left.\ndeadlyface rejected open team sheets.\n|inactive|CadhlaKai has 30 seconds left.\n|\n|t:|1700652910\n|start\n|switch|p1a: Urshifu|Urshifu, L50, F|100\/100\n|switch|p1b: Scream Tail|Scream Tail, L50|100\/100\n|switch|p2a: Grafaiai|Grafaiai, L50, F, shiny|100\/100\n|switch|p2b: Ogerpon|Ogerpon, L50, F|100\/100\n|turn|1\n|\n|t:|1700652931\n|move|p2b: Ogerpon|Follow Me|p2b: Ogerpon\n|-singleturn|p2b: Ogerpon|move: Follow Me\n|move|p2a: Grafaiai|Swagger|p1a: Urshifu\n|-boost|p1a: Urshifu|atk|2\n|-enditem|p2a: Grafaiai|Mirror Herb\n|-boost|p2a: Grafaiai|atk|2|[from] item: Mirror Herb\n|-start|p1a: Urshifu|confusion\n|-activate|p1a: Urshifu|confusion\n|move|p1a: Urshifu|Close Combat|p2b: Ogerpon\n|-damage|p2b: Ogerpon|0 fnt\n|-unboost|p1a: Urshifu|def|1\n|-unboost|p1a: Urshifu|spd|1\n|faint|p2b: Ogerpon\n|move|p1b: Scream Tail|Dazzling Gleam|p2a: Grafaiai\n|-resisted|p2a: Grafaiai\n|-damage|p2a: Grafaiai|85\/100\n|\n|upkeep\n|\n|t:|1700652947\n|switch|p2b: Conkeldurr|Conkeldurr, L50, M|100\/100\n|turn|2\n|\n|t:|1700652965\n|-activate|p1a: Urshifu|confusion\n|-damage|p1a: Urshifu|54\/100|[from] confusion\n|move|p2b: Conkeldurr|Mach Punch|p1a: Urshifu\n|-supereffective|p1a: Urshifu\n|-damage|p1a: Urshifu|0 fnt\n|faint|p1a: Urshifu\n|move|p2a: Grafaiai|Poison Jab|p1b: Scream Tail\n|-supereffective|p1b: Scream Tail\n|-damage|p1b: Scream Tail|0 fnt\n|faint|p1b: Scream Tail\n|-end|p1b: Scream Tail|Protosynthesis|[silent]\n|\n|-status|p2b: Conkeldurr|brn|[from] item: Flame Orb\n|upkeep\n|\n|t:|1700652975\n|switch|p1a: Teddy|Ursaluna, L50, F|100\/100\n|switch|p1b: Torkoal|Torkoal, L50, F|100\/100\n|-weather|SunnyDay|[from] ability: Drought|[of] p1b: Torkoal\n|turn|3\n|inactive|CadhlaKai has 30 seconds left.\n|\n|t:|1700653001\n|move|p2a: Grafaiai|Acrobatics|p1b: Torkoal\n|-damage|p1b: Torkoal|48\/100\n|move|p2b: Conkeldurr|Knock Off|p1b: Torkoal\n|-damage|p1b: Torkoal|4\/100\n|-enditem|p1b: Torkoal|Charcoal|[from] move: Knock Off|[of] p2b: Conkeldurr\n|move|p1a: Teddy|Headlong Rush|p2b: Conkeldurr\n|-damage|p2b: Conkeldurr|41\/100 brn\n|-unboost|p1a: Teddy|def|1\n|-unboost|p1a: Teddy|spd|1\n|move|p1b: Torkoal|Eruption|p2a: Grafaiai|[spread] p2a,p2b\n|-damage|p2a: Grafaiai|80\/100\n|-damage|p2b: Conkeldurr|37\/100 brn\n|\n|-weather|SunnyDay|[upkeep]\n|-damage|p2b: Conkeldurr|31\/100 brn|[from] brn\n|-status|p1a: Teddy|brn|[from] item: Flame Orb\n|upkeep\n|turn|4\n|inactive|deadlyface has 30 seconds left.\n|\n|t:|1700653034\n|-terastallize|p1a: Teddy|Ghost\n|move|p2b: Conkeldurr|Mach Punch|p1a: Teddy\n|-immune|p1a: Teddy\n|move|p2a: Grafaiai|Acrobatics|p1a: Teddy\n|-damage|p1a: Teddy|28\/100 brn\n|move|p1a: Teddy|Facade|p2a: Grafaiai\n|-damage|p2a: Grafaiai|0 fnt\n|faint|p2a: Grafaiai\n|move|p1b: Torkoal|Earth Power|p2b: Conkeldurr\n|-damage|p2b: Conkeldurr|0 fnt\n|faint|p2b: Conkeldurr\n|\n|-weather|SunnyDay|[upkeep]\n|-damage|p1a: Teddy|22\/100 brn|[from] brn\n|upkeep\n|\n|t:|1700653049\n|switch|p2b: Gastrodon|Gastrodon, L50, F|100\/100\n|turn|5\n|\n|t:|1700653073\n|-terastallize|p2b: Gastrodon|Water\n|move|p2b: Gastrodon|Earth Power|p1a: Teddy\n|-damage|p1a: Teddy|0 fnt\n|faint|p1a: Teddy\n|move|p1b: Torkoal|Earth Power|p2b: Gastrodon\n|-damage|p2b: Gastrodon|83\/100\n|\n|-weather|SunnyDay|[upkeep]\n|upkeep\n|turn|6\n|\n|t:|1700653082\n|move|p1b: Torkoal|Protect|p1b: Torkoal\n|-singleturn|p1b: Torkoal|Protect\n|move|p2b: Gastrodon|Chilling Water|p1b: Torkoal\n|-activate|p1b: Torkoal|move: Protect\n|\n|-weather|SunnyDay|[upkeep]\n|upkeep\n|turn|7\n|\n|t:|1700653088\n|move|p1b: Torkoal|Protect|p1b: Torkoal\n|-singleturn|p1b: Torkoal|Protect\n|move|p2b: Gastrodon|Chilling Water|p1b: Torkoal\n|-activate|p1b: Torkoal|move: Protect\n|\n|-weather|none\n|upkeep\n|turn|8\n|\n|t:|1700653095\n|move|p2b: Gastrodon|Chilling Water|p1b: Torkoal\n|-supereffective|p1b: Torkoal\n|-damage|p1b: Torkoal|0 fnt\n|faint|p1b: Torkoal\n|\n|win|CadhlaKai\n|raw|deadlyface's rating: 1000 &rarr; <strong>1000<\/strong><br \/>(+0 for losing)\n|raw|CadhlaKai's rating: 1044 &rarr; <strong>1073<\/strong><br \/>(+29 for winning)\n|l|\u2606deadlyface\n","uploadtime":1700653102,"views":1,"p1id":"deadlyface","p2id":"cadhlakai","formatid":"gen9vgc2023regulatione","rating":1000,"private":0,"password":""}