{"id":"gen9vgc2023regulatione-1989435779","p1":"JeanRyuPR","p2":"mofonguero","format":"[Gen 9] VGC 2023 Regulation E","log":"|j|\u2606JeanRyuPR\n|j|\u2606mofonguero\n|n|\u2606JeanRyuPR|jeanryupr\n|n|\u2606mofonguero|mofonguero\n|html|View the match progress at <a href=\"\/game-bestof3-gen9vgc2023regulatione-1989432891\">game-bestof3-gen9vgc2023regulatione-1989432891<\/a>\n|t:|1699850117\n|gametype|doubles\n|player|p1|JeanRyuPR|lance|\n|player|p2|mofonguero|waiter|\n|teamsize|p1|6\n|teamsize|p2|6\n|gen|9\n|tier|[Gen 9] VGC 2023 Regulation E\n|rule|Species Clause: Limit one of each Pok\u00e9mon\n|rule|Item Clause: Limit one of each item\n|clearpoke\n|poke|p1|Ogerpon-Wellspring, L50, F|\n|poke|p1|Farigiraf, L50, M|\n|poke|p1|Roaring Moon, L50|\n|poke|p1|Landorus-Therian, L50, M|\n|poke|p1|Rillaboom, L50, F|\n|poke|p1|Heatran, L50, F|\n|poke|p2|Ninetales-Alola, L50, F|\n|poke|p2|Baxcalibur, L50, F|\n|poke|p2|Rillaboom, L50, M|\n|poke|p2|Ogerpon-Wellspring, L50, F|\n|poke|p2|Heatran, L50, M|\n|poke|p2|Flutter Mane, L50|\n|teampreview|4\n|inactive|Battle timer is ON: inactive players will automatically lose when time's up. (requested by mofonguero)\nmofonguero has agreed to open team sheets.\nJeanRyuPR has agreed to open team sheets.\n|showteam|p1|Ogerpon-Wellspring||WellspringMask|WaterAbsorb|IvyCudgel,SpikyShield,HornLeech,SwordsDance|||F|||50|,,,,,Water]Farigiraf||SitrusBerry|ArmorTail|NastyPlot,HyperVoice,Imprison,TrickRoom|||M|||50|,,,,,Normal]Roaring Moon||BoosterEnergy|Protosynthesis|KnockOff,Tailwind,Protect,BreakingSwipe||||||50|,,,,,Poison]Landorus-Therian||ChoiceScarf|Intimidate|Uturn,RockSlide,TeraBlast,StompingTantrum|||M|||50|,,,,,Flying]Rillaboom||AssaultVest|GrassySurge|WoodHammer,FakeOut,Uturn,KnockOff|||F|||50|,,,,,Fire]Heatran||LifeOrb|FlashFire|HeatWave,FlashCannon,WillOWisp,Protect|||F|||50|,,,,,Fairy\n|showteam|p2|Ninetales-Alola||LightClay|SnowWarning|Protect,IcyWind,AuroraVeil,Moonblast|||F|||50|,,,,,Water]Baxcalibur||LoadedDice|IceBody|IcicleSpear,ScaleShot,SwordsDance,Protect|||F|||50|,,,,,Poison]Rillaboom||AssaultVest|GrassySurge|WoodHammer,FakeOut,GrassyGlide,Uturn|||M|||50|,,,,,Fire]Ogerpon-Wellspring||WellspringMask|WaterAbsorb|IvyCudgel,HornLeech,FollowMe,SpikyShield|||F|||50|,,,,,Water]Heatran||Leftovers|FlashFire|Protect,HeatWave,Substitute,EarthPower|||M|||50|,,,,,Fairy]Flutter Mane||BoosterEnergy|Protosynthesis|IcyWind,Moonblast,ShadowBall,Protect||||||50|,,,,,Fairy\n|inactive|JeanRyuPR has 30 seconds left.\n|inactive|JeanRyuPR has 20 seconds left.\n|inactive|JeanRyuPR has 15 seconds left.\n|\n|t:|1699850185\n|start\n|switch|p1a: Rillaboom|Rillaboom, L50, F|100\/100\n|switch|p1b: Heatran|Heatran, L50, F|100\/100\n|switch|p2a: Flutter Mane|Flutter Mane, L50|100\/100\n|switch|p2b: Ogerpon|Ogerpon-Wellspring, L50, F|100\/100\n|-fieldstart|move: Grassy Terrain|[from] ability: Grassy Surge|[of] p1a: Rillaboom\n|-enditem|p2a: Flutter Mane|Booster Energy\n|-activate|p2a: Flutter Mane|ability: Protosynthesis|[fromitem]\n|-start|p2a: Flutter Mane|protosynthesisspe\n|turn|1\n|\n|t:|1699850205\n|move|p2a: Flutter Mane|Protect|p2a: Flutter Mane\n|-singleturn|p2a: Flutter Mane|Protect\n|move|p2b: Ogerpon|Spiky Shield|p2b: Ogerpon\n|-singleturn|p2b: Ogerpon|move: Protect\n|move|p1a: Rillaboom|Fake Out|p2b: Ogerpon\n|-activate|p2b: Ogerpon|move: Protect\n|-damage|p1a: Rillaboom|88\/100|[from] Spiky Shield|[of] p2b: Ogerpon\n|move|p1b: Heatran|Heat Wave|p2b: Ogerpon|[spread] \n|-activate|p2a: Flutter Mane|move: Protect\n|-activate|p2b: Ogerpon|move: Protect\n|\n|-heal|p1a: Rillaboom|94\/100|[from] Grassy Terrain\n|upkeep\n|turn|2\n|inactive|JeanRyuPR has 30 seconds left.\n|inactive|mofonguero has 30 seconds left.\n|inactive|mofonguero has 20 seconds left.\n|\n|t:|1699850244\n|-end|p2a: Flutter Mane|Protosynthesis|[silent]\n|switch|p2a: Ninetales|Ninetales-Alola, L50, F|100\/100\n|-weather|Snow|[from] ability: Snow Warning|[of] p2a: Ninetales\n|-terastallize|p1b: Heatran|Fairy\n|move|p2b: Ogerpon|Ivy Cudgel|p1b: Heatran\n|-damage|p1b: Heatran|55\/100\n|move|p1a: Rillaboom|Wood Hammer|p2b: Ogerpon\n|-damage|p2b: Ogerpon|23\/100\n|-damage|p1a: Rillaboom|71\/100|[from] Recoil\n|move|p1b: Heatran|Flash Cannon|p2a: Ninetales\n|-supereffective|p2a: Ninetales\n|-damage|p2a: Ninetales|0 fnt\n|faint|p2a: Ninetales\n|-damage|p1b: Heatran|46\/100|[from] item: Life Orb\n|\n|-weather|Snow|[upkeep]\n|-heal|p2b: Ogerpon|29\/100|[from] Grassy Terrain\n|-heal|p1a: Rillaboom|77\/100|[from] Grassy Terrain\n|-heal|p1b: Heatran|52\/100|[from] Grassy Terrain\n|upkeep\n|\n|t:|1699850261\n|switch|p2a: Baxcalibur|Baxcalibur, L50, F|100\/100\n|turn|3\n|inactive|JeanRyuPR has 30 seconds left.\n|inactive|JeanRyuPR has 20 seconds left.\n|\n|t:|1699850300\n|switch|p1b: Ogerpon|Ogerpon-Wellspring, L50, F|100\/100\n|move|p2b: Ogerpon|Follow Me|p2b: Ogerpon\n|-singleturn|p2b: Ogerpon|move: Follow Me\n|move|p2a: Baxcalibur|Swords Dance|p2a: Baxcalibur\n|-boost|p2a: Baxcalibur|atk|2\n|move|p1a: Rillaboom|Wood Hammer|p2b: Ogerpon\n|-damage|p2b: Ogerpon|0 fnt\n|faint|p2b: Ogerpon\n|-damage|p1a: Rillaboom|68\/100|[from] Recoil\n|\n|-weather|Snow|[upkeep]\n|-heal|p1a: Rillaboom|74\/100|[from] Grassy Terrain\n|upkeep\n|\n|t:|1699850308\n|switch|p2b: Flutter Mane|Flutter Mane, L50|100\/100\n|turn|4\n|\n|t:|1699850331\n|move|p2b: Flutter Mane|Protect|p2b: Flutter Mane\n|-singleturn|p2b: Flutter Mane|Protect\n|move|p1b: Ogerpon|Ivy Cudgel|p2a: Baxcalibur\n|-resisted|p2a: Baxcalibur\n|-damage|p2a: Baxcalibur|83\/100\n|move|p2a: Baxcalibur|Icicle Spear|p1a: Rillaboom\n|-supereffective|p1a: Rillaboom\n|-damage|p1a: Rillaboom|22\/100\n|-supereffective|p1a: Rillaboom\n|-damage|p1a: Rillaboom|0 fnt\n|faint|p1a: Rillaboom\n|-hitcount|p1: Rillaboom|2\n|\n|-weather|Snow|[upkeep]\n|-heal|p2a: Baxcalibur|89\/100|[from] ability: Ice Body\n|-heal|p2a: Baxcalibur|96\/100|[from] Grassy Terrain\n|upkeep\n|\n|t:|1699850348\n|switch|p1a: Landorus|Landorus-Therian, L50, M|100\/100\n|-ability|p1a: Landorus|Intimidate|boost\n|-unboost|p2a: Baxcalibur|atk|1\n|-unboost|p2b: Flutter Mane|atk|1\n|turn|5\n|\n|t:|1699850367\n|-terastallize|p2a: Baxcalibur|Poison\n|move|p1b: Ogerpon|Spiky Shield|p1b: Ogerpon\n|-singleturn|p1b: Ogerpon|move: Protect\n|move|p1a: Landorus|Rock Slide|p2b: Flutter Mane|[spread] p2b\n|-miss|p1a: Landorus|p2a: Baxcalibur\n|-damage|p2b: Flutter Mane|67\/100\n|cant|p2b: Flutter Mane|flinch\n|move|p2a: Baxcalibur|Icicle Spear|p1a: Landorus\n|-supereffective|p1a: Landorus\n|-damage|p1a: Landorus|10\/100\n|-supereffective|p1a: Landorus\n|-damage|p1a: Landorus|0 fnt\n|faint|p1a: Landorus\n|-hitcount|p1: Landorus|2\n|\n|-weather|Snow|[upkeep]\n|-heal|p2a: Baxcalibur|100\/100|[from] ability: Ice Body\n|-heal|p2b: Flutter Mane|72\/100|[from] Grassy Terrain\n|-fieldend|move: Grassy Terrain\n|upkeep\n|\n|t:|1699850385\n|switch|p1a: Heatran|Heatran, L50, F, tera:Fairy|52\/100\n|turn|6\n|\n|t:|1699850396\n|move|p2b: Flutter Mane|Moonblast|p1a: Heatran\n|-damage|p1a: Heatran|20\/100\n|move|p1b: Ogerpon|Ivy Cudgel|p2b: Flutter Mane\n|-damage|p2b: Flutter Mane|0 fnt\n|faint|p2b: Flutter Mane\n|-end|p2b: Flutter Mane|Protosynthesis|[silent]\n|move|p2a: Baxcalibur|Icicle Spear|p1b: Ogerpon\n|-damage|p1b: Ogerpon|80\/100\n|-damage|p1b: Ogerpon|56\/100\n|-damage|p1b: Ogerpon|34\/100\n|-damage|p1b: Ogerpon|12\/100\n|-damage|p1b: Ogerpon|0 fnt\n|faint|p1b: Ogerpon\n|-hitcount|p1: Ogerpon|5\n|move|p1a: Heatran|Heat Wave|p2a: Baxcalibur\n|-damage|p2a: Baxcalibur|53\/100\n|-status|p2a: Baxcalibur|brn\n|-damage|p1a: Heatran|10\/100|[from] item: Life Orb\n|\n|-weather|none\n|-damage|p2a: Baxcalibur|47\/100 brn|[from] brn\n|upkeep\n|turn|7\n|inactive|JeanRyuPR has 30 seconds left.\n|\n|t:|1699850422\n|move|p1a: Heatran|Protect|p1a: Heatran\n|-singleturn|p1a: Heatran|Protect\n|move|p2a: Baxcalibur|Icicle Spear|p1a: Heatran\n|-activate|p1a: Heatran|move: Protect\n|\n|-damage|p2a: Baxcalibur|40\/100 brn|[from] brn\n|upkeep\n|turn|8\n|\n|t:|1699850435\n|move|p2a: Baxcalibur|Icicle Spear|p1a: Heatran\n|-damage|p1a: Heatran|3\/100\n|-damage|p1a: Heatran|0 fnt\n|faint|p1a: Heatran\n|-hitcount|p1: Heatran|2\n|\n|win|mofonguero\n","uploadtime":1699850466,"views":29,"p1id":"jeanryupr","p2id":"mofonguero","formatid":"gen9vgc2023regulatione","rating":0,"private":0,"password":""}