{"id":"gen9vgc2023regulatione-1991341196","p1":"Nickdidthat","p2":"Bleudwave","format":"[Gen 9] VGC 2023 Regulation E","log":"|j|\u2606Nickdidthat\n|j|\u2606Bleudwave\n|t:|1700069075\n|gametype|doubles\n|player|p1|Nickdidthat|265|1068\n|player|p2|Bleudwave|1|1083\n|teamsize|p1|6\n|teamsize|p2|6\n|gen|9\n|tier|[Gen 9] VGC 2023 Regulation E\n|rated|\n|rule|Species Clause: Limit one of each Pok\u00e9mon\n|rule|Item Clause: Limit one of each item\n|clearpoke\n|poke|p1|Ogerpon-Wellspring, L50, F|\n|poke|p1|Urshifu-*, L50, F|\n|poke|p1|Pelipper, L50, M|\n|poke|p1|Regieleki, L50|\n|poke|p1|Flutter Mane, L50|\n|poke|p1|Enamorus, L50, F|\n|poke|p2|Litwick, L50, F|\n|poke|p2|Sinistcha-Masterpiece, L50|\n|poke|p2|Azelf, L50|\n|poke|p2|Torkoal, L50, M|\n|poke|p2|Flutter Mane, L50|\n|poke|p2|Iron Hands, L50|\n|teampreview|4\n|inactive|Battle timer is ON: inactive players will automatically lose when time's up. (requested by Nickdidthat)\n|c|\u2606Nickdidthat|i love the litwick pic\n|c|\u2606Nickdidthat|pick\n|inactive|Nickdidthat has 60 seconds left.\n|\n|t:|1700069113\n|start\n|switch|p1a: Regieleki|Regieleki, L50|100\/100\n|switch|p1b: Ogerpon|Ogerpon-Wellspring, L50, F|100\/100\n|switch|p2a: Litwick|Litwick, L50, F|100\/100\n|switch|p2b: Sinistcha|Sinistcha-Masterpiece, L50|100\/100\n|turn|1\n|c|\u2606Bleudwave|Lol thanks he\u2019s cute\n|inactive|Bleudwave has 30 seconds left.\n|c|\u2606Nickdidthat|i used a little sinistea for a little bit\n|\n|t:|1700069146\n|-terastallize|p1a: Regieleki|Ice\n|move|p1a: Regieleki|Tera Blast|p2b: Sinistcha|[anim] Tera Blast Ice\n|-supereffective|p2b: Sinistcha\n|-damage|p2b: Sinistcha|20\/100\n|move|p1b: Ogerpon|Throat Chop|p2a: Litwick\n|-supereffective|p2a: Litwick\n|-damage|p2a: Litwick|14\/100\n|-start|p2a: Litwick|Throat Chop|[silent]\n|move|p2a: Litwick|Power Split|p1a: Regieleki\n|-activate|p2a: Litwick|move: Power Split|[of] p1a: Regieleki\n|move|p2b: Sinistcha|Trick Room|p2b: Sinistcha\n|-fieldstart|move: Trick Room|[of] p2b: Sinistcha\n|\n|upkeep\n|turn|2\n|inactive|Bleudwave has 30 seconds left.\n|inactive|Bleudwave has 20 seconds left.\n|inactive|Bleudwave has 15 seconds left.\n|inactive|Bleudwave has 10 seconds left.\n|\n|t:|1700069191\n|move|p2a: Litwick|Heat Wave|p1a: Regieleki|[spread] p1a,p1b\n|-supereffective|p1a: Regieleki\n|-enditem|p1a: Regieleki|Focus Sash\n|-damage|p1a: Regieleki|1\/100\n|-damage|p1b: Ogerpon|73\/100\n|move|p2b: Sinistcha|Matcha Gotcha|p1b: Ogerpon|[spread] p1a\n|-miss|p2b: Sinistcha|p1b: Ogerpon\n|-damage|p1a: Regieleki|0 fnt\n|-heal|p2b: Sinistcha|20\/100|[from] drain|[of] p1a: Regieleki\n|faint|p1a: Regieleki\n|move|p1b: Ogerpon|Throat Chop|p2a: Litwick\n|-supereffective|p2a: Litwick\n|-damage|p2a: Litwick|0 fnt\n|faint|p2a: Litwick\n|\n|upkeep\n|inactive|Bleudwave has 30 seconds left.\n|\n|t:|1700069223\n|switch|p2a: Azelf|Azelf, L50|100\/100\n|switch|p1a: Enamorus|Enamorus, L50, F|100\/100\n|turn|3\n|\n|t:|1700069237\n|switch|p1a: Pelipper|Pelipper, L50, M|100\/100\n|-weather|RainDance|[from] ability: Drizzle|[of] p1a: Pelipper\n|move|p2b: Sinistcha|Rage Powder|p2b: Sinistcha\n|-singleturn|p2b: Sinistcha|move: Rage Powder\n|move|p1b: Ogerpon|Throat Chop|p2a: Azelf\n|-supereffective|p2a: Azelf\n|-damage|p2a: Azelf|6\/100\n|-start|p2a: Azelf|Throat Chop|[silent]\n|move|p2a: Azelf|Explosion|p1b: Ogerpon|[spread] p1a,p1b\n|-immune|p2b: Sinistcha\n|-damage|p1a: Pelipper|1\/100\n|-damage|p1b: Ogerpon|0 fnt\n|faint|p2a: Azelf\n|faint|p1b: Ogerpon\n|\n|-weather|RainDance|[upkeep]\n|upkeep\n|\n|t:|1700069253\n|switch|p1b: Enamorus|Enamorus, L50, F|100\/100\n|switch|p2a: Torkoal|Torkoal, L50, M|100\/100\n|-weather|SunnyDay|[from] ability: Drought|[of] p2a: Torkoal\n|turn|4\n|inactive|Bleudwave has 30 seconds left.\n|\n|t:|1700069281\n|move|p2a: Torkoal|Heavy Slam|p1b: Enamorus\n|-supereffective|p1b: Enamorus\n|-damage|p1b: Enamorus|58\/100\n|move|p2b: Sinistcha|Scald|p1a: Pelipper\n|-resisted|p1a: Pelipper\n|-damage|p1a: Pelipper|0 fnt\n|faint|p1a: Pelipper\n|move|p1b: Enamorus|Mystical Fire|p2b: Sinistcha\n|-supereffective|p2b: Sinistcha\n|-damage|p2b: Sinistcha|0 fnt\n|faint|p2b: Sinistcha\n|\n|-weather|SunnyDay|[upkeep]\n|upkeep\n|turn|5\n|\n|t:|1700069305\n|move|p2a: Torkoal|Stone Edge|p1b: Enamorus\n|-supereffective|p1b: Enamorus\n|-damage|p1b: Enamorus|0 fnt\n|faint|p1b: Enamorus\n|\n|win|Bleudwave\n|raw|Nickdidthat's rating: 1068 &rarr; <strong>1049<\/strong><br \/>(-19 for losing)\n|raw|Bleudwave's rating: 1083 &rarr; <strong>1109<\/strong><br \/>(+26 for winning)\n|c|\u2606Nickdidthat|gg\n|l|\u2606Nickdidthat\n","uploadtime":1700069356,"views":8,"p1id":"nickdidthat","p2id":"bleudwave","formatid":"gen9vgc2023regulatione","rating":1049,"private":0,"password":""}