{"id":"gen9vgc2023regulatione-1994842461","p1":"emiya1.0","p2":"monkeyhighbooster","format":"[Gen 9] VGC 2023 Regulation E","log":"|j|\u2606emiya1.0\n|j|\u2606monkeyhighbooster\n|t:|1700497818\n|gametype|doubles\n|player|p1|emiya1.0|elesa|1128\n|player|p2|monkeyhighbooster|lucas-gen4pt|1181\n|teamsize|p1|6\n|teamsize|p2|6\n|gen|9\n|tier|[Gen 9] VGC 2023 Regulation E\n|rated|\n|rule|Species Clause: Limit one of each Pok\u00e9mon\n|rule|Item Clause: Limit one of each item\n|clearpoke\n|poke|p1|Roaring Moon, L50|\n|poke|p1|Weezing, L50, F|\n|poke|p1|Landorus-Therian, L50, M|\n|poke|p1|Iron Hands, L50|\n|poke|p1|Flutter Mane, L50|\n|poke|p1|Ogerpon-Wellspring, L50, F|\n|poke|p2|Grimmsnarl, L50, M|\n|poke|p2|Pawmot, L50, F|\n|poke|p2|Gyarados, L50, F|\n|poke|p2|Arcanine, L50, F|\n|poke|p2|Golem, L50, M|\n|poke|p2|Hawlucha, L50, M|\n|teampreview|4\nemiya1.0 has agreed to open team sheets.\n|inactive|Battle timer is ON: inactive players will automatically lose when time's up. (requested by emiya1.0)\n|inactive|monkeyhighbooster has 60 seconds left.\n|\n|t:|1700497906\n|start\n|switch|p1a: Weezing|Weezing, L50, F|100\/100\n|switch|p1b: Flutter Mane|Flutter Mane, L50|100\/100\n|switch|p2a: Gyarados|Gyarados, L50, F|100\/100\n|switch|p2b: Golem|Golem, L50, M|100\/100\n|-ability|p1a: Weezing|Neutralizing Gas\n|turn|1\n|inactive|emiya1.0 has 30 seconds left.\n|inactive|monkeyhighbooster has 30 seconds left.\n|\n|t:|1700497937\n|move|p1b: Flutter Mane|Moonblast|p2b: Golem\n|-crit|p2b: Golem\n|-damage|p2b: Golem|0 fnt\n|faint|p2b: Golem\n|move|p2a: Gyarados|Iron Head|p1b: Flutter Mane\n|-supereffective|p1b: Flutter Mane\n|-damage|p1b: Flutter Mane|0 fnt\n|faint|p1b: Flutter Mane\n|-end|p1b: Flutter Mane|Protosynthesis|[silent]\n|move|p1a: Weezing|Will-O-Wisp|p2a: Gyarados\n|-status|p2a: Gyarados|brn\n|\n|-damage|p2a: Gyarados|95\/100 brn|[from] brn\n|upkeep\n|c|\u2606monkeyhighbooster|lame\n|\n|t:|1700497948\n|switch|p1b: Landorus|Landorus-Therian, L50, M|100\/100\n|switch|p2b: Arcanine|Arcanine, L50, F|100\/100\n|turn|2\n|inactive|emiya1.0 has 30 seconds left.\n|inactive|monkeyhighbooster has 30 seconds left.\n|inactive|emiya1.0 has 20 seconds left.\n|inactive|monkeyhighbooster has 20 seconds left.\n|inactive|monkeyhighbooster has 15 seconds left.\n|inactive|monkeyhighbooster has 10 seconds left.\n|inactive|monkeyhighbooster has 5 seconds left.\n|\n|t:|1700497998\n|-terastallize|p1b: Landorus|Flying\n|-terastallize|p2b: Arcanine|Normal\n|move|p2b: Arcanine|Extreme Speed|p1b: Landorus\n|-damage|p1b: Landorus|58\/100\n|move|p1b: Landorus|Rock Slide|p2a: Gyarados|[spread] p2a,p2b\n|-supereffective|p2a: Gyarados\n|-damage|p2a: Gyarados|46\/100 brn\n|-damage|p2b: Arcanine|77\/100\n|move|p2a: Gyarados|Ice Fang|p1b: Landorus\n|-supereffective|p1b: Landorus\n|-damage|p1b: Landorus|28\/100\n|move|p1a: Weezing|Gunk Shot|p2b: Arcanine\n|-damage|p2b: Arcanine|31\/100\n|\n|-heal|p2b: Arcanine|37\/100|[from] item: Leftovers\n|-damage|p2a: Gyarados|40\/100 brn|[from] brn\n|upkeep\n|turn|3\n|\n|t:|1700498021\n|switch|p1b: Ogerpon|Ogerpon-Wellspring, L50, F|100\/100\n|switch|p2a: Grimmsnarl|Grimmsnarl, L50, M|100\/100\n|move|p2b: Arcanine|Extreme Speed|p1b: Ogerpon\n|-damage|p1b: Ogerpon|54\/100\n|move|p1a: Weezing|Will-O-Wisp|p2b: Arcanine\n|-status|p2b: Arcanine|brn\n|\n|-heal|p2b: Arcanine|43\/100 brn|[from] item: Leftovers\n|-damage|p2b: Arcanine|37\/100 brn|[from] brn\n|upkeep\n|turn|4\n|c|\u2606monkeyhighbooster|so trash\n|\n|t:|1700498044\n|move|p2a: Grimmsnarl|Fake Out|p1b: Ogerpon\n|-damage|p1b: Ogerpon|42\/100\n|move|p2b: Arcanine|Extreme Speed|p1b: Ogerpon\n|-damage|p1b: Ogerpon|20\/100\n|cant|p1b: Ogerpon|flinch\n|move|p1a: Weezing|Taunt|p2a: Grimmsnarl\n|-start|p2a: Grimmsnarl|move: Taunt\n|\n|-heal|p2b: Arcanine|43\/100 brn|[from] item: Leftovers\n|-damage|p2b: Arcanine|37\/100 brn|[from] brn\n|upkeep\n|turn|5\n|\n|t:|1700498060\n|switch|p2a: Gyarados|Gyarados, L50, F|40\/100 brn\n|move|p1b: Ogerpon|Spiky Shield|p1b: Ogerpon\n|-singleturn|p1b: Ogerpon|move: Protect\n|move|p2b: Arcanine|Will-O-Wisp|p1b: Ogerpon\n|-activate|p1b: Ogerpon|move: Protect\n|move|p1a: Weezing|Gunk Shot|p2b: Arcanine\n|-damage|p2b: Arcanine|0 fnt\n|faint|p2b: Arcanine\n|\n|-damage|p2a: Gyarados|34\/100 brn|[from] brn\n|upkeep\n|\n|t:|1700498067\n|switch|p2b: Grimmsnarl|Grimmsnarl, L50, M|100\/100\n|turn|6\n|\n|t:|1700498091\n|move|p2b: Grimmsnarl|Fake Out|p1a: Weezing\n|-damage|p1a: Weezing|90\/100\n|move|p1b: Ogerpon|Horn Leech|p2a: Gyarados\n|-damage|p2a: Gyarados|0 fnt\n|-heal|p1b: Ogerpon|39\/100|[from] drain|[of] p2a: Gyarados\n|faint|p2a: Gyarados\n|cant|p1a: Weezing|flinch\n|\n|upkeep\n|turn|7\n|c|\u2606monkeyhighbooster|how are you so carried by braindead shit lmao\n|-message|monkeyhighbooster forfeited.\n|\n|win|emiya1.0\n|raw|emiya1.0's rating: 1128 &rarr; <strong>1157<\/strong><br \/>(+29 for winning)\n|raw|monkeyhighbooster's rating: 1181 &rarr; <strong>1152<\/strong><br \/>(-29 for losing)\n","uploadtime":1700498109,"views":1,"p1id":"emiya10","p2id":"monkeyhighbooster","formatid":"gen9vgc2023regulatione","rating":1152,"private":0,"password":""}