{"id":"gen9vgc2023regulatione-1990006867","p1":"Breloom3912","p2":"ribombeeforubers","format":"[Gen 9] VGC 2023 Regulation E","log":"|j|\u2606Breloom3912\n|j|\u2606ribombeeforubers\n|t:|1699914737\n|gametype|doubles\n|player|p1|Breloom3912|gentleman-gen4|\n|player|p2|ribombeeforubers|170|\n|teamsize|p1|6\n|teamsize|p2|6\n|gen|9\n|tier|[Gen 9] VGC 2023 Regulation E\n|rated|Tournament battle\n|rule|Species Clause: Limit one of each Pok\u00e9mon\n|rule|Item Clause: Limit one of each item\n|clearpoke\n|poke|p1|Amoonguss, L50, M|\n|poke|p1|Gholdengo, L50|\n|poke|p1|Flutter Mane, L50|\n|poke|p1|Iron Hands, L50|\n|poke|p1|Landorus-Therian, L50, M|\n|poke|p1|Ogerpon-Wellspring, L50, F|\n|poke|p2|Ogerpon-Hearthflame, L50, F|\n|poke|p2|Heatran, L50, M|\n|poke|p2|Iron Bundle, L50|\n|poke|p2|Iron Hands, L50|\n|poke|p2|Dragonite, L50, F|\n|poke|p2|Grimmsnarl, L50, M|\n|teampreview|4\n|showteam|p1|Amoonguss||SitrusBerry|Regenerator|Spore,PollenPuff,RagePowder,Protect|||M|||50|,,,,,Water]Gholdengo||Leftovers|GoodasGold|MakeItRain,ShadowBall,NastyPlot,Protect||||||50|,,,,,Dragon]Flutter Mane||ChoiceSpecs|Protosynthesis|Moonblast,ShadowBall,DazzlingGleam,Thunderbolt||||||50|,,,,,Fairy]Iron Hands||AssaultVest|QuarkDrive|WildCharge,DrainPunch,FakeOut,HeavySlam||||||50|,,,,,Fire]Landorus-Therian||ChoiceScarf|Intimidate|StompingTantrum,TeraBlast,RockSlide,Uturn|||M|||50|,,,,,Flying]Ogerpon-Wellspring||WellspringMask|WaterAbsorb|IvyCudgel,HornLeech,SwordsDance,SpikyShield|||F|||50|,,,,,Water\n|showteam|p2|Ogerpon-Hearthflame||HearthflameMask|MoldBreaker|IvyCudgel,HornLeech,StompingTantrum,SpikyShield|||F|||50|,,,,,Fire]Heatran||SitrusBerry|FlashFire|HeatWave,FlashCannon,EarthPower,Protect|||M|||50|,,,,,Grass]Iron Bundle||BoosterEnergy|QuarkDrive|IcyWind,FreezeDry,HydroPump,Protect||||||50|,,,,,Ghost]Iron Hands||LumBerry|QuarkDrive|DrainPunch,ThunderPunch,SwordsDance,FakeOut||||||50|,,,,,Electric]Dragonite||AssaultVest|InnerFocus|ExtremeSpeed,DragonClaw,Bulldoze,RockTomb|||F|||50|,,,,,Normal]Grimmsnarl||LightClay|Prankster|Reflect,LightScreen,PartingShot,ThunderWave|||M|||50|,,,,,Steel\n|j| BoShmoover\n|c|\u2606Breloom3912|Glhf\n|c|\u2606ribombeeforubers|ty glhf to you too\n|j| ale cog\n|\n|t:|1699914789\n|start\n|switch|p1a: Brian hands?|Iron Hands, L50|100\/100\n|switch|p1b: Mushroom|Amoonguss, L50, M|100\/100\n|switch|p2a: Grimmsnarl|Grimmsnarl, L50, M|100\/100\n|switch|p2b: Heatran|Heatran, L50, M|100\/100\n|turn|1\n|\n|t:|1699914801\n|-terastallize|p2b: Heatran|Grass\n|move|p1a: Brian hands?|Fake Out|p2b: Heatran\n|-damage|p2b: Heatran|88\/100\n|move|p2a: Grimmsnarl|Reflect|p2a: Grimmsnarl\n|-sidestart|p2: ribombeeforubers|Reflect\n|cant|p2b: Heatran|flinch\n|move|p1b: Mushroom|Spore|p2a: Grimmsnarl\n|-status|p2a: Grimmsnarl|slp|[from] move: Spore\n|\n|upkeep\n|turn|2\n|j| manyBirbs\n|\n|t:|1699914842\n|switch|p1b: Team lions|Landorus-Therian, L50, M|100\/100\n|-ability|p1b: Team lions|Intimidate|boost\n|-unboost|p2a: Grimmsnarl|atk|1\n|-unboost|p2b: Heatran|atk|1\n|cant|p2a: Grimmsnarl|slp\n|move|p2b: Heatran|Heat Wave|p1a: Brian hands?|[spread] p1a,p1b\n|-damage|p1a: Brian hands?|78\/100\n|-damage|p1b: Team lions|44\/100\n|move|p1a: Brian hands?|Heavy Slam|p2a: Grimmsnarl\n|-supereffective|p2a: Grimmsnarl\n|-damage|p2a: Grimmsnarl|22\/100 slp\n|\n|upkeep\n|turn|3\n|\n|t:|1699914860\n|-terastallize|p1b: Team lions|Flying\n|move|p2b: Heatran|Protect|p2b: Heatran\n|-singleturn|p2b: Heatran|Protect\n|-curestatus|p2a: Grimmsnarl|slp|[msg]\n|move|p2a: Grimmsnarl|Parting Shot|p1b: Team lions\n|-unboost|p1b: Team lions|atk|1\n|-unboost|p1b: Team lions|spa|1\n|\n|t:|1699914893\n|switch|p2a: Dragonite|Dragonite, L50, F|100\/100|[from] Parting Shot\n|move|p1b: Team lions|Tera Blast|p2b: Heatran|[anim] Tera Blast Flying\n|-activate|p2b: Heatran|move: Protect\n|move|p1a: Brian hands?|Drain Punch|p2b: Heatran\n|-activate|p2b: Heatran|move: Protect\n|\n|upkeep\n|turn|4\n|\n|t:|1699914916\n|switch|p2b: Grimmsnarl|Grimmsnarl, L50, M|22\/100\n|move|p1b: Team lions|Tera Blast|p2b: Grimmsnarl|[anim] Tera Blast Flying\n|-damage|p2b: Grimmsnarl|0 fnt\n|faint|p2b: Grimmsnarl\n|move|p2a: Dragonite|Dragon Claw|p1a: Brian hands?\n|-damage|p1a: Brian hands?|46\/100\n|move|p1a: Brian hands?|Drain Punch|p2a: Dragonite\n|-resisted|p2a: Dragonite\n|-damage|p2a: Dragonite|87\/100\n|-heal|p1a: Brian hands?|52\/100|[from] drain|[of] p2a: Dragonite\n|\n|upkeep\n|j| Cdogp\n|\n|t:|1699914975\n|switch|p2b: Heatran|Heatran, L50, M, tera:Grass|88\/100\n|turn|5\n|l| Cdogp\n|\n|t:|1699914991\n|switch|p1b: Spotify|Flutter Mane, L50|100\/100\n|move|p2b: Heatran|Protect|p2b: Heatran\n|-singleturn|p2b: Heatran|Protect\n|move|p2a: Dragonite|Dragon Claw|p1b: Spotify\n|-immune|p1b: Spotify\n|move|p1a: Brian hands?|Drain Punch|p2b: Heatran\n|-activate|p2b: Heatran|move: Protect\n|\n|upkeep\n|turn|6\n|j| RSPA2001\n|\n|t:|1699915021\n|move|p1b: Spotify|Moonblast|p2b: Heatran\n|-damage|p2b: Heatran|30\/100\n|-enditem|p2b: Heatran|Sitrus Berry|[eat]\n|-heal|p2b: Heatran|55\/100|[from] item: Sitrus Berry\n|move|p2a: Dragonite|Dragon Claw|p1a: Brian hands?\n|-damage|p1a: Brian hands?|16\/100\n|move|p2b: Heatran|Flash Cannon|p1b: Spotify\n|-supereffective|p1b: Spotify\n|-damage|p1b: Spotify|20\/100\n|move|p1a: Brian hands?|Drain Punch|p2b: Heatran\n|-damage|p2b: Heatran|31\/100\n|-heal|p1a: Brian hands?|26\/100|[from] drain|[of] p2b: Heatran\n|\n|upkeep\n|turn|7\n|l| manyBirbs\n|\n|t:|1699915130\n|-end|p1b: Spotify|Protosynthesis|[silent]\n|switch|p1b: Team lions|Landorus-Therian, L50, M, tera:Flying|44\/100\n|-ability|p1b: Team lions|Intimidate|boost\n|-fail|p2a: Dragonite|unboost|Attack|[from] ability: Inner Focus|[of] p2a: Dragonite\n|-unboost|p2b: Heatran|atk|1\n|move|p2b: Heatran|Protect|p2b: Heatran\n|-singleturn|p2b: Heatran|Protect\n|move|p2a: Dragonite|Bulldoze|p1b: Team lions|[spread] p1a\n|-activate|p2b: Heatran|move: Protect\n|-immune|p1b: Team lions\n|-supereffective|p1a: Brian hands?\n|-crit|p1a: Brian hands?\n|-damage|p1a: Brian hands?|0 fnt\n|faint|p1a: Brian hands?\n|-end|p1a: Brian hands?|Quark Drive|[silent]\n|\n|upkeep\n|\n|t:|1699915143\n|switch|p1a: Spotify|Flutter Mane, L50|20\/100\n|turn|8\n|\n|t:|1699915162\n|switch|p2b: Iron Bundle|Iron Bundle, L50|100\/100\n|-enditem|p2b: Iron Bundle|Booster Energy\n|-activate|p2b: Iron Bundle|ability: Quark Drive|[fromitem]\n|-start|p2b: Iron Bundle|quarkdrivespe\n|move|p1b: Team lions|Rock Slide|p2a: Dragonite|[spread] p2a,p2b\n|-supereffective|p2a: Dragonite\n|-supereffective|p2b: Iron Bundle\n|-damage|p2a: Dragonite|56\/100\n|-damage|p2b: Iron Bundle|65\/100\n|move|p1a: Spotify|Dazzling Gleam|p2b: Iron Bundle|[spread] p2a,p2b\n|-supereffective|p2a: Dragonite\n|-damage|p2a: Dragonite|6\/100\n|-damage|p2b: Iron Bundle|0 fnt\n|faint|p2b: Iron Bundle\n|-end|p2b: Iron Bundle|Quark Drive|[silent]\n|move|p2a: Dragonite|Rock Tomb|p1a: Spotify\n|-damage|p1a: Spotify|0 fnt\n|faint|p1a: Spotify\n|-end|p1a: Spotify|Protosynthesis|[silent]\n|\n|-sideend|p2: ribombeeforubers|Reflect\n|upkeep\n|\n|t:|1699915175\n|switch|p2b: Heatran|Heatran, L50, M, tera:Grass|31\/100\n|switch|p1a: Mushroom|Amoonguss, L50, M|100\/100\n|turn|9\n|\n|t:|1699915195\n|move|p2a: Dragonite|Extreme Speed|p1b: Team lions\n|-damage|p1b: Team lions|4\/100\n|move|p1b: Team lions|Rock Slide|p2a: Dragonite|[spread] p2a,p2b\n|-supereffective|p2a: Dragonite\n|-damage|p2a: Dragonite|0 fnt\n|-damage|p2b: Heatran|10\/100\n|faint|p2a: Dragonite\n|cant|p2b: Heatran|flinch\n|move|p1a: Mushroom|Pollen Puff|p2b: Heatran\n|-supereffective|p2b: Heatran\n|-damage|p2b: Heatran|0 fnt\n|faint|p2b: Heatran\n|\n|win|Breloom3912\n|n|\u2606Breloom3912|breloom3912\n|n|\u2606ribombeeforubers|ribombeeforubers\n|n| BoShmoover|boshmoover\n|n| ale cog|alecog\n|n| RSPA2001|rspa2001\n","uploadtime":1699915197,"views":14,"p1id":"breloom3912","p2id":"ribombeeforubers","formatid":"gen9vgc2023regulatione","rating":0,"private":0,"password":""}