{"id":"gen9vgc2023regulatione-1997654010","p1":"xingshen","p2":"kggkgfft","format":"[Gen 9] VGC 2023 Regulation E","log":"|j|\u2606xingshen\n|j|\u2606kggkgfft\n|t:|1700838006\n|gametype|doubles\n|player|p1|xingshen|169|1141\n|player|p2|kggkgfft|265|1066\n|teamsize|p1|6\n|teamsize|p2|6\n|gen|9\n|tier|[Gen 9] VGC 2023 Regulation E\n|rated|\n|rule|Species Clause: Limit one of each Pok\u00e9mon\n|rule|Item Clause: Limit one of each item\n|clearpoke\n|poke|p1|Roaring Moon, L50|\n|poke|p1|Chi-Yu, L50|\n|poke|p1|Ogerpon-Hearthflame, L50, F|\n|poke|p1|Tornadus, L50, M|\n|poke|p1|Flutter Mane, L50|\n|poke|p1|Scovillain, L50, M|\n|poke|p2|Sneasler, L50, M|\n|poke|p2|Cresselia, L50, F|\n|poke|p2|Landorus-Therian, L50, M|\n|poke|p2|Zoroark-Hisui, L50, M|\n|poke|p2|Dragapult, L50, F|\n|poke|p2|Ursaluna-Bloodmoon, L50, M|\n|teampreview|4\n|inactive|Battle timer is ON: inactive players will automatically lose when time's up. (requested by kggkgfft)\n|\n|t:|1700838035\n|start\n|switch|p1a: Roaring Moon|Roaring Moon, L50|100\/100\n|switch|p1b: Scovillain|Scovillain, L50, M|100\/100\n|switch|p2a: Ursaluna|Ursaluna-Bloodmoon, L50, M|100\/100\n|switch|p2b: Dragapult|Dragapult, L50, F|100\/100\n|-enditem|p1a: Roaring Moon|Booster Energy\n|-activate|p1a: Roaring Moon|ability: Protosynthesis|[fromitem]\n|-start|p1a: Roaring Moon|protosynthesisspe\n|turn|1\n|inactive|xingshen has 30 seconds left.\n|\n|t:|1700838064\n|-terastallize|p1a: Roaring Moon|Flying\n|move|p1b: Scovillain|Rage Powder|p1b: Scovillain\n|-singleturn|p1b: Scovillain|move: Rage Powder\n|move|p1a: Roaring Moon|Knock Off|p2a: Ursaluna\n|-supereffective|p2a: Ursaluna\n|-enditem|p2a: Ursaluna|Focus Sash\n|-damage|p2a: Ursaluna|1\/100\n|replace|p2a: Zoroark|Zoroark-Hisui, L50, M\n|-end|p2a: Zoroark|Illusion\n|move|p2b: Dragapult|Dragon Darts|p1b: Scovillain\n|-damage|p1b: Scovillain|58\/100\n|-anim|p2b: Dragapult|Dragon Darts|p1b: Scovillain\n|-damage|p1b: Scovillain|11\/100\n|-enditem|p1b: Scovillain|Aguav Berry|[eat]\n|-heal|p1b: Scovillain|44\/100|[from] item: Aguav Berry\n|move|p2a: Zoroark|Hyper Voice|p1a: Roaring Moon|[spread] p1a,p1b\n|-damage|p1a: Roaring Moon|65\/100\n|-damage|p1b: Scovillain|0 fnt\n|faint|p1b: Scovillain\n|\n|upkeep\n|inactive|xingshen has 30 seconds left.\n|\n|t:|1700838090\n|switch|p1b: Flutter Mane|Flutter Mane, L50|100\/100\n|turn|2\n|\n|t:|1700838104\n|move|p1a: Roaring Moon|Knock Off|p2b: Dragapult\n|-supereffective|p2b: Dragapult\n|-damage|p2b: Dragapult|0 fnt\n|-enditem|p2b: Dragapult|Choice Band|[from] move: Knock Off|[of] p1a: Roaring Moon\n|faint|p2b: Dragapult\n|move|p1b: Flutter Mane|Dazzling Gleam|p2a: Zoroark\n|-damage|p2a: Zoroark|0 fnt\n|faint|p2a: Zoroark\n|\n|upkeep\n|\n|t:|1700838107\n|switch|p2b: Cresselia|Cresselia, L50, F|100\/100\n|switch|p2a: Ursaluna|Ursaluna-Bloodmoon, L50, M|100\/100\n|turn|3\n|\n|t:|1700838124\n|-end|p1b: Flutter Mane|Protosynthesis|[silent]\n|switch|p1b: Chi-Yu|Chi-Yu, L50|100\/100\n|-ability|p1b: Chi-Yu|Beads of Ruin\n|-terastallize|p2a: Ursaluna|Normal\n|move|p1a: Roaring Moon|Knock Off|p2b: Cresselia\n|-supereffective|p2b: Cresselia\n|-damage|p2b: Cresselia|40\/100\n|-enditem|p2b: Cresselia|Safety Goggles|[from] move: Knock Off|[of] p1a: Roaring Moon\n|move|p2b: Cresselia|Icy Wind|p1b: Chi-Yu|[spread] p1a,p1b\n|-supereffective|p1a: Roaring Moon\n|-resisted|p1b: Chi-Yu\n|-damage|p1a: Roaring Moon|44\/100\n|-damage|p1b: Chi-Yu|96\/100\n|-unboost|p1a: Roaring Moon|spe|1\n|-unboost|p1b: Chi-Yu|spe|1\n|move|p2a: Ursaluna|Hyper Voice|p1b: Chi-Yu|[spread] p1a,p1b\n|-damage|p1a: Roaring Moon|0 fnt\n|-damage|p1b: Chi-Yu|40\/100\n|faint|p1a: Roaring Moon\n|-end|p1a: Roaring Moon|Protosynthesis|[silent]\n|-enditem|p2a: Ursaluna|Throat Spray\n|-boost|p2a: Ursaluna|spa|1|[from] item: Throat Spray\n|\n|upkeep\n|\n|t:|1700838145\n|switch|p1a: Flutter Mane|Flutter Mane, L50|100\/100\n|turn|4\n|\n|t:|1700838159\n|move|p1a: Flutter Mane|Mystical Fire|p2a: Ursaluna\n|-damage|p2a: Ursaluna|47\/100\n|-unboost|p2a: Ursaluna|spa|1\n|move|p1b: Chi-Yu|Heat Wave|p2a: Ursaluna|[spread] p2a,p2b\n|-damage|p2a: Ursaluna|2\/100\n|-damage|p2b: Cresselia|8\/100\n|-status|p2b: Cresselia|brn\n|move|p2b: Cresselia|Icy Wind|p1b: Chi-Yu|[spread] p1a,p1b\n|-resisted|p1b: Chi-Yu\n|-damage|p1a: Flutter Mane|89\/100\n|-damage|p1b: Chi-Yu|36\/100\n|-unboost|p1a: Flutter Mane|spe|1\n|-unboost|p1b: Chi-Yu|spe|1\n|move|p2a: Ursaluna|Hyper Voice|p1a: Flutter Mane|[spread] p1a,p1b\n|-damage|p1a: Flutter Mane|20\/100\n|-damage|p1b: Chi-Yu|0 fnt\n|faint|p1b: Chi-Yu\n|\n|-damage|p2b: Cresselia|1\/100 brn|[from] brn\n|upkeep\n|turn|5\n|\n|t:|1700838182\n|move|p1a: Flutter Mane|Mystical Fire|p2a: Ursaluna\n|-damage|p2a: Ursaluna|0 fnt\n|faint|p2a: Ursaluna\n|move|p2b: Cresselia|Moonblast|p1a: Flutter Mane\n|-damage|p1a: Flutter Mane|2\/100\n|-unboost|p1a: Flutter Mane|spa|1\n|\n|-damage|p2b: Cresselia|0 fnt|[from] brn\n|faint|p2b: Cresselia\n|\n|win|xingshen\n|upkeep\n|raw|xingshen's rating: 1141 &rarr; <strong>1161<\/strong><br \/>(+20 for winning)\n|raw|kggkgfft's rating: 1066 &rarr; <strong>1050<\/strong><br \/>(-16 for losing)\n|l|\u2606kggkgfft\n","uploadtime":1700838196,"views":1,"p1id":"xingshen","p2id":"kggkgfft","formatid":"gen9vgc2023regulatione","rating":1050,"private":0,"password":""}