{"id":"gen9vgc2023regulatione-1996505421","p1":"Pokenerd62","p2":"FlyingHirschGG","format":"[Gen 9] VGC 2023 Regulation E","log":"|j|\u2606Pokenerd62\n|j|\u2606FlyingHirschGG\n|t:|1700688587\n|gametype|doubles\n|player|p1|Pokenerd62|170|1425\n|player|p2|FlyingHirschGG|roxie|1347\n|teamsize|p1|6\n|teamsize|p2|6\n|gen|9\n|tier|[Gen 9] VGC 2023 Regulation E\n|rated|\n|rule|Species Clause: Limit one of each Pok\u00e9mon\n|rule|Item Clause: Limit one of each item\n|clearpoke\n|poke|p1|Chi-Yu, L50|\n|poke|p1|Iron Hands, L50|\n|poke|p1|Flutter Mane, L50|\n|poke|p1|Ogerpon-Hearthflame, L50, F|\n|poke|p1|Tornadus, L50, M|\n|poke|p1|Dragonite, L50, F|\n|poke|p2|Tinkaton, L50, F|\n|poke|p2|Ceruledge, L50, M|\n|poke|p2|Ogerpon-Wellspring, L50, F|\n|poke|p2|Baxcalibur, L50, F|\n|poke|p2|Luxray, L50, F|\n|poke|p2|Drifblim, L50, F|\n|teampreview|4\n|inactive|Battle timer is ON: inactive players will automatically lose when time's up. (requested by FlyingHirschGG)\n|c|\u2606Pokenerd62|Glhf\n|inactive|FlyingHirschGG has 60 seconds left.\n|\n|t:|1700688632\n|start\n|switch|p1a: Chi-Yu|Chi-Yu, L50|100\/100\n|switch|p1b: Flutter Mane|Flutter Mane, L50|100\/100\n|switch|p2a: Ceruledge|Ceruledge, L50, M|100\/100\n|switch|p2b: Drifblim|Drifblim, L50, F, shiny|100\/100\n|-ability|p1a: Chi-Yu|Beads of Ruin\n|-enditem|p1b: Flutter Mane|Booster Energy\n|-activate|p1b: Flutter Mane|ability: Protosynthesis|[fromitem]\n|-start|p1b: Flutter Mane|protosynthesisspe\n|turn|1\n|inactive|Pokenerd62 has 30 seconds left.\n|inactive|FlyingHirschGG has 30 seconds left.\n|inactive|FlyingHirschGG has 20 seconds left.\n|\n|t:|1700688669\n|-terastallize|p2a: Ceruledge|Dark\n|move|p2a: Ceruledge|Shadow Sneak|p1b: Flutter Mane\n|-supereffective|p1b: Flutter Mane\n|-damage|p1b: Flutter Mane|22\/100\n|move|p1b: Flutter Mane|Icy Wind|p2a: Ceruledge|[spread] p2b\n|-miss|p1b: Flutter Mane|p2a: Ceruledge\n|-supereffective|p2b: Drifblim\n|-damage|p2b: Drifblim|55\/100\n|-unboost|p2b: Drifblim|spe|1\n|-enditem|p2b: Drifblim|Weakness Policy\n|-boost|p2b: Drifblim|atk|2|[from] item: Weakness Policy\n|-boost|p2b: Drifblim|spa|2|[from] item: Weakness Policy\n|move|p1a: Chi-Yu|Dark Pulse|p2a: Ceruledge\n|-resisted|p2a: Ceruledge\n|-damage|p2a: Ceruledge|69\/100\n|-damage|p1a: Chi-Yu|91\/100|[from] item: Life Orb\n|move|p2b: Drifblim|Tailwind|p2b: Drifblim\n|-sidestart|p2: FlyingHirschGG|move: Tailwind\n|\n|upkeep\n|turn|2\n|\n|t:|1700688693\n|move|p1b: Flutter Mane|Protect|p1b: Flutter Mane\n|-singleturn|p1b: Flutter Mane|Protect\n|move|p2a: Ceruledge|Shadow Sneak|p1b: Flutter Mane\n|-activate|p1b: Flutter Mane|move: Protect\n|move|p2b: Drifblim|Air Slash|p1a: Chi-Yu\n|-damage|p1a: Chi-Yu|20\/100\n|move|p1a: Chi-Yu|Heat Wave|p2b: Drifblim|[spread] p2b\n|-start|p2a: Ceruledge|ability: Flash Fire\n|-damage|p2b: Drifblim|0 fnt\n|faint|p2b: Drifblim\n|-damage|p1a: Chi-Yu|11\/100|[from] item: Life Orb\n|\n|upkeep\n|\n|t:|1700688707\n|switch|p2b: Baxcalibur|Baxcalibur, L50, F|100\/100\n|turn|3\n|\n|t:|1700688727\n|move|p2b: Baxcalibur|Ice Shard|p1b: Flutter Mane\n|-damage|p1b: Flutter Mane|0 fnt\n|faint|p1b: Flutter Mane\n|-end|p1b: Flutter Mane|Protosynthesis|[silent]\n|move|p2a: Ceruledge|Bitter Blade|p1a: Chi-Yu\n|-resisted|p1a: Chi-Yu\n|-damage|p1a: Chi-Yu|0 fnt\n|-heal|p2a: Ceruledge|73\/100|[from] drain|[of] p1a: Chi-Yu\n|faint|p1a: Chi-Yu\n|\n|upkeep\n|\n|t:|1700688735\n|switch|p1b: Dragonite|Dragonite, L50, F|100\/100\n|switch|p1a: Ogerpon|Ogerpon-Hearthflame, L50, F|100\/100\n|-ability|p1a: Ogerpon|Mold Breaker\n|turn|4\n|inactive|FlyingHirschGG has 30 seconds left.\n|\n|t:|1700688760\n|switch|p2b: Luxray|Luxray, L50, F, shiny|100\/100\n|-ability|p2b: Luxray|Intimidate|boost\n|-unboost|p1a: Ogerpon|atk|1\n|-fail|p1b: Dragonite|unboost|[from] item: Clear Amulet|[of] p1b: Dragonite\n|move|p1a: Ogerpon|Spiky Shield|p1a: Ogerpon\n|-singleturn|p1a: Ogerpon|move: Protect\n|move|p1b: Dragonite|Protect|p1b: Dragonite\n|-singleturn|p1b: Dragonite|Protect\n|move|p2a: Ceruledge|Bitter Blade|p1a: Ogerpon\n|-activate|p1a: Ogerpon|move: Protect\n|-damage|p2a: Ceruledge|61\/100|[from] Spiky Shield|[of] p1a: Ogerpon\n|\n|-sideend|p2: FlyingHirschGG|move: Tailwind\n|upkeep\n|turn|5\n|inactive|Pokenerd62 has 30 seconds left.\n|\n|t:|1700688792\n|move|p1a: Ogerpon|Ivy Cudgel|p2a: Ceruledge|[anim] Ivy Cudgel Fire\n|-crit|p2a: Ceruledge\n|-damage|p2a: Ceruledge|0 fnt\n|faint|p2a: Ceruledge\n|move|p1b: Dragonite|Stomping Tantrum|p2b: Luxray\n|-supereffective|p2b: Luxray\n|-damage|p2b: Luxray|41\/100\n|-enditem|p2b: Luxray|Sitrus Berry|[eat]\n|-heal|p2b: Luxray|66\/100|[from] item: Sitrus Berry\n|move|p2b: Luxray|Volt Switch|p1b: Dragonite\n|-damage|p1b: Dragonite|90\/100\n|\n|t:|1700688802\n|switch|p2b: Baxcalibur|Baxcalibur, L50, F|100\/100|[from] Volt Switch\n|\n|upkeep\n|\n|t:|1700688807\n|switch|p2a: Luxray|Luxray, L50, F, shiny|66\/100\n|-ability|p2a: Luxray|Intimidate|boost\n|-unboost|p1a: Ogerpon|atk|1\n|-fail|p1b: Dragonite|unboost|[from] item: Clear Amulet|[of] p1b: Dragonite\n|turn|6\n|\n|t:|1700688830\n|move|p1a: Ogerpon|Spiky Shield|p1a: Ogerpon\n|-singleturn|p1a: Ogerpon|move: Protect\n|move|p1b: Dragonite|Protect|p1b: Dragonite\n|-singleturn|p1b: Dragonite|Protect\n|move|p2b: Baxcalibur|Ice Shard|p1b: Dragonite\n|-activate|p1b: Dragonite|move: Protect\n|move|p2a: Luxray|Snarl|p1a: Ogerpon|[spread] \n|-activate|p1a: Ogerpon|move: Protect\n|-activate|p1b: Dragonite|move: Protect\n|\n|upkeep\n|turn|7\n|\n|t:|1700688848\n|-terastallize|p1b: Dragonite|Normal\n|move|p1b: Dragonite|Extreme Speed|p2b: Baxcalibur\n|-damage|p2b: Baxcalibur|60\/100\n|move|p2b: Baxcalibur|Ice Shard|p1b: Dragonite\n|-damage|p1b: Dragonite|68\/100\n|move|p1a: Ogerpon|Encore|p2a: Luxray\n|-start|p2a: Luxray|Encore\n|move|p2a: Luxray|Snarl|p1a: Ogerpon|[spread] p1a,p1b\n|-damage|p1a: Ogerpon|90\/100\n|-damage|p1b: Dragonite|60\/100\n|-unboost|p1a: Ogerpon|spa|1\n|\n|upkeep\n|turn|8\n|\n|t:|1700688873\n|move|p1b: Dragonite|Extreme Speed|p2b: Baxcalibur\n|-damage|p2b: Baxcalibur|18\/100\n|move|p1a: Ogerpon|Ivy Cudgel|p2b: Baxcalibur|[anim] Ivy Cudgel Fire\n|-damage|p2b: Baxcalibur|0 fnt\n|faint|p2b: Baxcalibur\n|move|p2a: Luxray|Snarl|p1a: Ogerpon|[spread] p1a,p1b\n|-damage|p1a: Ogerpon|80\/100\n|-damage|p1b: Dragonite|52\/100\n|-unboost|p1a: Ogerpon|spa|1\n|\n|upkeep\n|turn|9\n|-message|FlyingHirschGG forfeited.\n|\n|win|Pokenerd62\n|raw|Pokenerd62's rating: 1425 &rarr; <strong>1441<\/strong><br \/>(+16 for winning)\n|raw|FlyingHirschGG's rating: 1347 &rarr; <strong>1331<\/strong><br \/>(-16 for losing)\n|l|\u2606FlyingHirschGG\n","uploadtime":1700688954,"views":1,"p1id":"pokenerd62","p2id":"flyinghirschgg","formatid":"gen9vgc2023regulatione","rating":1331,"private":0,"password":""}