{"id":"gen9vgc2023regulatione-1990188787","p1":"The17thShard","p2":"moyai_testing","format":"[Gen 9] VGC 2023 Regulation E","log":"|j|\u2606The17thShard\n|j|\u2606moyai_testing\n|t:|1699934815\n|gametype|doubles\n|player|p1|The17thShard|firebreather|1308\n|player|p2|moyai_testing|skyla|1386\n|teamsize|p1|6\n|teamsize|p2|6\n|gen|9\n|tier|[Gen 9] VGC 2023 Regulation E\n|rated|\n|rule|Species Clause: Limit one of each Pok\u00e9mon\n|rule|Item Clause: Limit one of each item\n|clearpoke\n|poke|p1|Farigiraf, L50, M|\n|poke|p1|Iron Hands, L50|\n|poke|p1|Ursaluna-Bloodmoon, L50, M|\n|poke|p1|Urshifu-*, L50, M|\n|poke|p1|Ogerpon-Wellspring, L50, F|\n|poke|p1|Tornadus, L50, M|\n|poke|p2|Chien-Pao, L50|\n|poke|p2|Dragonite, L50, F|\n|poke|p2|Arcanine, L50, F|\n|poke|p2|Sylveon, L50, F|\n|poke|p2|Iron Hands, L50|\n|poke|p2|Ogerpon-Wellspring, L50, F|\n|teampreview|4\n|inactive|Battle timer is ON: inactive players will automatically lose when time's up. (requested by The17thShard)\n|inactive|moyai_testing has 60 seconds left.\n|\n|t:|1699934860\n|start\n|switch|p1a: Tornadus|Tornadus, L50, M|100\/100\n|switch|p1b: Ogerpon|Ogerpon-Wellspring, L50, F|100\/100\n|switch|p2a: Dragonite|Dragonite, L50, F, shiny|100\/100\n|switch|p2b: Arcanine|Arcanine, L50, F, shiny|100\/100\n|-ability|p2b: Arcanine|Intimidate|boost\n|-unboost|p1a: Tornadus|atk|1\n|-unboost|p1b: Ogerpon|atk|1\n|turn|1\n|\n|t:|1699934883\n|-terastallize|p2b: Arcanine|Grass\n|move|p1a: Tornadus|Rain Dance|p1a: Tornadus\n|-weather|RainDance\n|move|p1b: Ogerpon|Ivy Cudgel|p2b: Arcanine\n|-resisted|p2b: Arcanine\n|-damage|p2b: Arcanine|70\/100\n|move|p2a: Dragonite|Giga Impact|p1b: Ogerpon\n|-damage|p1b: Ogerpon|11\/100\n|-mustrecharge|p2a: Dragonite\n|move|p2b: Arcanine|Roar|p2a: Dragonite\n|drag|p2a: Ogerpon|Ogerpon-Wellspring, L50, F|100\/100\n|\n|-weather|RainDance|[upkeep]\n|upkeep\n|turn|2\n|inactive|moyai_testing has 30 seconds left.\n|\n|t:|1699934908\n|switch|p1b: Iron Hands|Iron Hands, L50, shiny|100\/100\n|move|p2a: Ogerpon|Spiky Shield|p2a: Ogerpon\n|-singleturn|p2a: Ogerpon|move: Protect\n|move|p2b: Arcanine|Flare Blitz|p1b: Iron Hands\n|-damage|p1b: Iron Hands|86\/100\n|-status|p1b: Iron Hands|brn\n|-damage|p2b: Arcanine|64\/100|[from] Recoil\n|move|p1a: Tornadus|Bleakwind Storm|p2a: Ogerpon|[spread] p2b\n|-activate|p2a: Ogerpon|move: Protect\n|-supereffective|p2b: Arcanine\n|-damage|p2b: Arcanine|0 fnt\n|faint|p2b: Arcanine\n|\n|-weather|RainDance|[upkeep]\n|-damage|p1b: Iron Hands|80\/100 brn|[from] brn\n|upkeep\n|\n|t:|1699934927\n|switch|p2b: Dragonite|Dragonite, L50, F, shiny|100\/100\n|turn|3\n|\n|t:|1699934944\n|switch|p2a: Chien-Pao|Chien-Pao, L50|100\/100\n|-ability|p2a: Chien-Pao|Sword of Ruin\n|move|p1b: Iron Hands|Fake Out|p2b: Dragonite\n|-damage|p2b: Dragonite|92\/100\n|move|p1a: Tornadus|Bleakwind Storm|p2a: Chien-Pao|[spread] p2a,p2b\n|-damage|p2a: Chien-Pao|40\/100\n|-damage|p2b: Dragonite|56\/100\n|-unboost|p2a: Chien-Pao|spe|1\n|-unboost|p2b: Dragonite|spe|1\n|move|p2b: Dragonite|Outrage|p1a: Tornadus\n|-damage|p1a: Tornadus|0 fnt\n|faint|p1a: Tornadus\n|\n|-weather|RainDance|[upkeep]\n|-damage|p1b: Iron Hands|74\/100 brn|[from] brn\n|upkeep\n|\n|t:|1699934963\n|switch|p1a: Urshifu|Urshifu, L50, M|100\/100\n|turn|4\n|\n|t:|1699934981\n|move|p2a: Chien-Pao|Protect|p2a: Chien-Pao\n|-singleturn|p2a: Chien-Pao|Protect\n|move|p1a: Urshifu|Wicked Blow|p2b: Dragonite\n|-crit|p2b: Dragonite\n|-damage|p2b: Dragonite|0 fnt\n|faint|p2b: Dragonite\n|move|p1b: Iron Hands|Drain Punch|p2a: Chien-Pao\n|-activate|p2a: Chien-Pao|move: Protect\n|\n|-weather|RainDance|[upkeep]\n|-damage|p1b: Iron Hands|68\/100 brn|[from] brn\n|upkeep\n|\n|t:|1699934984\n|switch|p2b: Ogerpon|Ogerpon-Wellspring, L50, F|100\/100\n|turn|5\n|\n|t:|1699934996\n|move|p2a: Chien-Pao|Sucker Punch|p1a: Urshifu\n|-resisted|p1a: Urshifu\n|-damage|p1a: Urshifu|89\/100\n|move|p1a: Urshifu|Wicked Blow|p2b: Ogerpon\n|-crit|p2b: Ogerpon\n|-damage|p2b: Ogerpon|17\/100\n|move|p2b: Ogerpon|Ivy Cudgel|p1a: Urshifu\n|-damage|p1a: Urshifu|0 fnt\n|faint|p1a: Urshifu\n|move|p1b: Iron Hands|Drain Punch|p2a: Chien-Pao\n|-supereffective|p2a: Chien-Pao\n|-damage|p2a: Chien-Pao|0 fnt\n|-heal|p1b: Iron Hands|80\/100 brn|[from] drain|[of] p2a: Chien-Pao\n|faint|p2a: Chien-Pao\n|\n|-weather|none\n|-damage|p1b: Iron Hands|74\/100 brn|[from] brn\n|upkeep\n|\n|t:|1699935004\n|switch|p1a: Ogerpon|Ogerpon-Wellspring, L50, F|11\/100\n|turn|6\n|\n|t:|1699935011\n|move|p1a: Ogerpon|Follow Me|p1a: Ogerpon\n|-singleturn|p1a: Ogerpon|move: Follow Me\n|move|p2b: Ogerpon|Horn Leech|p1a: Ogerpon\n|-damage|p1a: Ogerpon|0 fnt\n|-heal|p2b: Ogerpon|22\/100|[from] drain|[of] p1a: Ogerpon\n|faint|p1a: Ogerpon\n|move|p1b: Iron Hands|Drain Punch|p2b: Ogerpon\n|-damage|p2b: Ogerpon|4\/100\n|-heal|p1b: Iron Hands|82\/100 brn|[from] drain|[of] p2b: Ogerpon\n|\n|-damage|p1b: Iron Hands|76\/100 brn|[from] brn\n|upkeep\n|turn|7\n|\n|t:|1699935016\n|move|p2b: Ogerpon|Spiky Shield|p2b: Ogerpon\n|-singleturn|p2b: Ogerpon|move: Protect\n|move|p1b: Iron Hands|Drain Punch|p2b: Ogerpon\n|-activate|p2b: Ogerpon|move: Protect\n|-damage|p1b: Iron Hands|63\/100 brn|[from] Spiky Shield|[of] p2b: Ogerpon\n|\n|-damage|p1b: Iron Hands|57\/100 brn|[from] brn\n|upkeep\n|turn|8\n|\n|t:|1699935020\n|move|p2b: Ogerpon|Horn Leech|p1b: Iron Hands\n|-damage|p1b: Iron Hands|31\/100 brn\n|-heal|p2b: Ogerpon|21\/100|[from] drain|[of] p1b: Iron Hands\n|move|p1b: Iron Hands|Drain Punch|p2b: Ogerpon\n|-damage|p2b: Ogerpon|1\/100\n|-heal|p1b: Iron Hands|38\/100 brn|[from] drain|[of] p2b: Ogerpon\n|\n|-damage|p1b: Iron Hands|32\/100 brn|[from] brn\n|upkeep\n|turn|9\n|\n|t:|1699935023\n|move|p2b: Ogerpon|Spiky Shield|p2b: Ogerpon\n|-singleturn|p2b: Ogerpon|move: Protect\n|move|p1b: Iron Hands|Drain Punch|p2b: Ogerpon\n|-activate|p2b: Ogerpon|move: Protect\n|-damage|p1b: Iron Hands|20\/100 brn|[from] Spiky Shield|[of] p2b: Ogerpon\n|\n|-damage|p1b: Iron Hands|14\/100 brn|[from] brn\n|upkeep\n|turn|10\n|\n|t:|1699935027\n|move|p2b: Ogerpon|Ivy Cudgel|p1b: Iron Hands\n|-damage|p1b: Iron Hands|0 fnt\n|faint|p1b: Iron Hands\n|-end|p1b: Iron Hands|Quark Drive|[silent]\n|\n|win|moyai_testing\n|raw|The17thShard's rating: 1308 &rarr; <strong>1292<\/strong><br \/>(-16 for losing)\n|raw|moyai_testing's rating: 1386 &rarr; <strong>1402<\/strong><br \/>(+16 for winning)\n|c|\u2606moyai_testing|gg wp\n|l|\u2606The17thShard\n","uploadtime":1699935032,"views":10,"p1id":"the17thshard","p2id":"moyaitesting","formatid":"gen9vgc2023regulatione","rating":1292,"private":0,"password":""}