{"id":"gen9vgc2023regulatione-1988675694","p1":"ControlGeek","p2":"Aldermaple","format":"[Gen 9] VGC 2023 Regulation E","log":"|j|\u2606ControlGeek\n|j|\u2606Aldermaple\n|n|\u2606ControlGeek|controlgeek\n|n|\u2606Aldermaple|aldermaple\n|html|View the match progress at <a href=\"\/game-bestof3-gen9vgc2023regulatione-1988675693\">game-bestof3-gen9vgc2023regulatione-1988675693<\/a>\n|t:|1699749268\n|gametype|doubles\n|player|p1|ControlGeek|1|\n|player|p2|Aldermaple|alder|\n|teamsize|p1|6\n|teamsize|p2|6\n|gen|9\n|tier|[Gen 9] VGC 2023 Regulation E\n|rule|Species Clause: Limit one of each Pok\u00e9mon\n|rule|Item Clause: Limit one of each item\n|clearpoke\n|poke|p1|Tornadus, L50, M|\n|poke|p1|Ogerpon-Cornerstone, L50, F|\n|poke|p1|Iron Hands, L50|\n|poke|p1|Kingambit, L50, M|\n|poke|p1|Chi-Yu, L50|\n|poke|p1|Sableye, L50, F|\n|poke|p2|Tornadus, L50, M|\n|poke|p2|Farigiraf, L50, M|\n|poke|p2|Ogerpon-Hearthflame, L50, F|\n|poke|p2|Urshifu-*, L50, M|\n|poke|p2|Conkeldurr, L50, M|\n|poke|p2|Amoonguss, L50, M|\n|teampreview|4\n|inactive|Battle timer is ON: inactive players will automatically lose when time's up. (requested by Aldermaple)\n|c|\u2606Aldermaple|good luck, have fun.\n|inactiveoff|Battle timer is now OFF.\n|c|\u2606ControlGeek|glhf\nControlGeek has agreed to open team sheets.\n|\n|t:|1699749332\n|start\n|switch|p1a: Guppy|Chi-Yu, L50|100\/100\n|switch|p1b: Djinn and Tonic|Tornadus, L50, M|100\/100\n|switch|p2a: Gyramax|Farigiraf, L50, M, shiny|100\/100\n|switch|p2b: Coolskeleton|Urshifu-Rapid-Strike, L50, M|100\/100\n|-ability|p1a: Guppy|Beads of Ruin\n|turn|1\n|\n|t:|1699749382\n|move|p1a: Guppy|Dark Pulse|p2a: Gyramax\n|-supereffective|p2a: Gyramax\n|-damage|p2a: Gyramax|4\/100\n|move|p1b: Djinn and Tonic|Bleakwind Storm|p2b: Coolskeleton|[spread] p2a\n|-miss|p1b: Djinn and Tonic|p2b: Coolskeleton\n|-damage|p2a: Gyramax|0 fnt\n|faint|p2a: Gyramax\n|move|p2b: Coolskeleton|Surging Strikes|p1a: Guppy\n|-supereffective|p1a: Guppy\n|-crit|p1a: Guppy\n|-damage|p1a: Guppy|11\/100\n|-supereffective|p1a: Guppy\n|-crit|p1a: Guppy\n|-damage|p1a: Guppy|0 fnt\n|faint|p1a: Guppy\n|-hitcount|p1: Guppy|2\n|\n|upkeep\n|\n|t:|1699749410\n|switch|p1a: Goliath|Iron Hands, L50|100\/100\n|switch|p2a: boykisser|Ogerpon-Hearthflame, L50, F|100\/100\n|-ability|p2a: boykisser|Mold Breaker\n|turn|2\n|\n|t:|1699749447\n|-terastallize|p2b: Coolskeleton|Water\n|move|p1a: Goliath|Fake Out|p2b: Coolskeleton\n|-damage|p2b: Coolskeleton|83\/100\n|move|p1b: Djinn and Tonic|Rain Dance|p1b: Djinn and Tonic\n|-weather|RainDance\n|move|p2a: boykisser|Stomping Tantrum|p1a: Goliath\n|-supereffective|p1a: Goliath\n|-damage|p1a: Goliath|51\/100\n|cant|p2b: Coolskeleton|flinch\n|\n|-weather|RainDance|[upkeep]\n|upkeep\n|turn|3\n|\n|t:|1699749477\n|move|p2a: boykisser|Spiky Shield|p2a: boykisser\n|-singleturn|p2a: boykisser|move: Protect\n|move|p1b: Djinn and Tonic|Tailwind|p1b: Djinn and Tonic\n|-sidestart|p1: ControlGeek|move: Tailwind\n|move|p2b: Coolskeleton|Surging Strikes|p1b: Djinn and Tonic\n|-crit|p1b: Djinn and Tonic\n|-damage|p1b: Djinn and Tonic|45\/100\n|-crit|p1b: Djinn and Tonic\n|-damage|p1b: Djinn and Tonic|0 fnt\n|faint|p1b: Djinn and Tonic\n|-hitcount|p1: Djinn and Tonic|2\n|move|p1a: Goliath|Wild Charge|p2b: Coolskeleton\n|-supereffective|p2b: Coolskeleton\n|-damage|p2b: Coolskeleton|0 fnt\n|faint|p2b: Coolskeleton\n|-damage|p1a: Goliath|36\/100|[from] Recoil\n|\n|-weather|RainDance|[upkeep]\n|upkeep\n|\n|t:|1699749492\n|switch|p1b: Masquerade|Ogerpon-Cornerstone, L50, F|100\/100\n|switch|p2b: Dinklechad|Conkeldurr, L50, M, shiny|100\/100\n|turn|4\n|\n|t:|1699749544\n|-terastallize|p1b: Masquerade|Rock\n|detailschange|p1b: Masquerade|Ogerpon-Cornerstone-Tera, L50, F, tera:Rock\n|-ability|p1b: Masquerade|Embody Aspect (Cornerstone)|boost\n|-boost|p1b: Masquerade|def|1\n|move|p1b: Masquerade|Ivy Cudgel|p2a: boykisser\n|-supereffective|p2a: boykisser\n|-damage|p2a: boykisser|0 fnt\n|faint|p2a: boykisser\n|move|p1a: Goliath|Drain Punch|p2b: Dinklechad\n|-damage|p2b: Dinklechad|63\/100\n|-heal|p1a: Goliath|53\/100|[from] drain|[of] p2b: Dinklechad\n|move|p2b: Dinklechad|Drain Punch|p1b: Masquerade\n|-supereffective|p1b: Masquerade\n|-damage|p1b: Masquerade|45\/100\n|-heal|p2b: Dinklechad|88\/100|[from] drain|[of] p1b: Masquerade\n|\n|-weather|RainDance|[upkeep]\n|-status|p2b: Dinklechad|brn|[from] item: Flame Orb\n|upkeep\n|turn|5\n|c|\u2606Aldermaple|gg either way\n|\n|t:|1699749579\n|move|p1b: Masquerade|Ivy Cudgel|p2b: Dinklechad\n|-resisted|p2b: Dinklechad\n|-damage|p2b: Dinklechad|55\/100 brn\n|move|p1a: Goliath|Drain Punch|p2b: Dinklechad\n|-damage|p2b: Dinklechad|18\/100 brn\n|-heal|p1a: Goliath|70\/100|[from] drain|[of] p2b: Dinklechad\n|move|p2b: Dinklechad|Drain Punch|p1b: Masquerade\n|-supereffective|p1b: Masquerade\n|-damage|p1b: Masquerade|0 fnt\n|-heal|p2b: Dinklechad|37\/100 brn|[from] drain|[of] p1b: Masquerade\n|faint|p1b: Masquerade\n|\n|-weather|RainDance|[upkeep]\n|-damage|p2b: Dinklechad|31\/100 brn|[from] brn\n|upkeep\n|turn|6\n|c|\u2606ControlGeek|yep gg either way\n|\n|t:|1699749612\n|move|p2b: Dinklechad|Mach Punch|p1a: Goliath\n|-damage|p1a: Goliath|45\/100\n|move|p1a: Goliath|Drain Punch|p2b: Dinklechad\n|-crit|p2b: Dinklechad\n|-damage|p2b: Dinklechad|0 fnt\n|-heal|p1a: Goliath|59\/100|[from] drain|[of] p2b: Dinklechad\n|faint|p2b: Dinklechad\n|\n|win|ControlGeek\n|c|&|\/uhtml prompt-controlgeek,ControlGeek is ready for game 2!\n|c|&|\/uhtml prompt-aldermaple,Aldermaple is ready for game 2!\nBoth players are ready! Starting next match!\n|l|\u2606Aldermaple\n","uploadtime":1699749852,"views":10,"p1id":"controlgeek","p2id":"aldermaple","formatid":"gen9vgc2023regulatione","rating":0,"private":0,"password":""}