{"id":"gen9vgc2023regulatione-1994997452","p1":"JayoticNL","p2":"Mellowthepokemoon","format":"[Gen 9] VGC 2023 Regulation E","log":"|j|\u2606JayoticNL\n|j|\u2606Mellowthepokemoon\n|t:|1700511811\n|gametype|doubles\n|player|p1|JayoticNL|2|\n|player|p2|Mellowthepokemoon|pokemonbreederf-gen4|\n|teamsize|p1|6\n|teamsize|p2|6\n|gen|9\n|tier|[Gen 9] VGC 2023 Regulation E\n|rule|Species Clause: Limit one of each Pok\u00e9mon\n|rule|Item Clause: Limit one of each item\n|clearpoke\n|poke|p1|Dondozo, L50, M|\n|poke|p1|Tatsugiri, L50, M|\n|poke|p1|Cresselia, L50, F|\n|poke|p1|Ursaluna-Bloodmoon, L50, M|\n|poke|p1|Wo-Chien, L50|\n|poke|p1|Glimmora, L50, F|\n|poke|p2|Ogerpon, L50, F|\n|poke|p2|Thundurus, L50, M|\n|poke|p2|Chi-Yu, L50|\n|poke|p2|Flutter Mane, L50|\n|poke|p2|Dondozo, L50, F|\n|poke|p2|Tatsugiri, L50, M|\n|teampreview|4\n|\n|t:|1700511829\n|start\n|switch|p1a: Cresselia|Cresselia, L50, F|100\/100\n|switch|p1b: Glimmora|Glimmora, L50, F|100\/100\n|switch|p2a: Chi-Yu|Chi-Yu, L50|100\/100\n|switch|p2b: Flutter Mane|Flutter Mane, L50|100\/100\n|-ability|p2a: Chi-Yu|Beads of Ruin\n|-enditem|p2b: Flutter Mane|Booster Energy\n|-activate|p2b: Flutter Mane|ability: Protosynthesis|[fromitem]\n|-start|p2b: Flutter Mane|protosynthesisspe\n|turn|1\n|\n|t:|1700511905\n|-terastallize|p1a: Cresselia|Fairy\n|move|p2b: Flutter Mane|Icy Wind|p1b: Glimmora|[spread] p1a,p1b\n|-damage|p1a: Cresselia|89\/100\n|-damage|p1b: Glimmora|86\/100\n|-unboost|p1a: Cresselia|spe|1\n|-unboost|p1b: Glimmora|spe|1\n|move|p2a: Chi-Yu|Overheat|p1a: Cresselia\n|-damage|p1a: Cresselia|9\/100\n|-unboost|p2a: Chi-Yu|spa|2\n|move|p1b: Glimmora|Power Gem|p2a: Chi-Yu\n|-supereffective|p2a: Chi-Yu\n|-damage|p2a: Chi-Yu|0 fnt\n|faint|p2a: Chi-Yu\n|move|p1a: Cresselia|Trick Room|p1a: Cresselia\n|-fieldstart|move: Trick Room|[of] p1a: Cresselia\n|\n|upkeep\n|\n|t:|1700511924\n|switch|p2a: Dondozo|Dondozo, L50, F|100\/100\n|turn|2\n|\n|t:|1700511997\n|move|p1a: Cresselia|Lunar Blessing|p1a: Cresselia|[spread] p1a,p1b\n|-heal|p1a: Cresselia|34\/100\n|-heal|p1b: Glimmora|100\/100\n|move|p1b: Glimmora|Mortal Spin|p2b: Flutter Mane|[spread] p2a,p2b\n|-damage|p2a: Dondozo|99\/100\n|-damage|p2b: Flutter Mane|94\/100\n|-status|p2a: Dondozo|psn\n|-status|p2b: Flutter Mane|psn\n|move|p2a: Dondozo|Wave Crash|p1a: Cresselia\n|-damage|p1a: Cresselia|8\/100\n|-damage|p2a: Dondozo|90\/100 psn|[from] Recoil\n|move|p2b: Flutter Mane|Shadow Ball|p1a: Cresselia\n|-damage|p1a: Cresselia|0 fnt\n|faint|p1a: Cresselia\n|\n|-heal|p2a: Dondozo|97\/100 psn|[from] item: Leftovers\n|-damage|p2a: Dondozo|84\/100 psn|[from] psn\n|-damage|p2b: Flutter Mane|82\/100 psn|[from] psn\n|upkeep\n|\n|t:|1700512015\n|switch|p1a: Ursaluna|Ursaluna-Bloodmoon, L50, M|100\/100\n|turn|3\n|\n|t:|1700512024\n|-end|p2b: Flutter Mane|Protosynthesis|[silent]\n|switch|p2b: Tatsugiri|Tatsugiri, L50, M|100\/100\n|-activate|p2b: Tatsugiri|ability: Commander|[of] p2a: Dondozo\n|-boost|p2a: Dondozo|atk|2\n|-boost|p2a: Dondozo|spa|2\n|-boost|p2a: Dondozo|spe|2\n|-boost|p2a: Dondozo|def|2\n|-boost|p2a: Dondozo|spd|2\n|move|p2a: Dondozo|Protect|p2a: Dondozo\n|-singleturn|p2a: Dondozo|Protect\n|move|p1a: Ursaluna|Blood Moon|p2b: Tatsugiri|[miss]\n|-miss|p1a: Ursaluna|p2b: Tatsugiri\n|move|p1b: Glimmora|Energy Ball|p2a: Dondozo\n|-activate|p2a: Dondozo|move: Protect\n|\n|-heal|p2a: Dondozo|90\/100 psn|[from] item: Leftovers\n|-damage|p2a: Dondozo|78\/100 psn|[from] psn\n|upkeep\n|turn|4\n|\n|t:|1700512066\n|switch|p1a: Wo-Chien|Wo-Chien, L50|100\/100\n|-ability|p1a: Wo-Chien|Tablets of Ruin\n|move|p1b: Glimmora|Energy Ball|p2a: Dondozo\n|-supereffective|p2a: Dondozo\n|-damage|p2a: Dondozo|49\/100 psn\n|move|p2a: Dondozo|Wave Crash|p1a: Wo-Chien\n|-resisted|p1a: Wo-Chien\n|-damage|p1a: Wo-Chien|76\/100\n|-damage|p2a: Dondozo|42\/100 psn|[from] Recoil\n|\n|-heal|p2a: Dondozo|48\/100 psn|[from] item: Leftovers\n|-damage|p2a: Dondozo|36\/100 psn|[from] psn\n|upkeep\n|turn|5\n|\n|t:|1700512089\n|move|p1b: Glimmora|Energy Ball|p2a: Dondozo\n|-supereffective|p2a: Dondozo\n|-damage|p2a: Dondozo|7\/100 psn\n|move|p1a: Wo-Chien|Leech Seed|p2a: Dondozo\n|-start|p2a: Dondozo|move: Leech Seed\n|move|p2a: Dondozo|Wave Crash|p1b: Glimmora\n|-supereffective|p1b: Glimmora\n|-damage|p1b: Glimmora|0 fnt\n|-activate|p1b: Glimmora|ability: Toxic Debris\n|-sidestart|p2: Mellowthepokemoon|move: Toxic Spikes\n|faint|p1b: Glimmora\n|-damage|p2a: Dondozo|0 fnt|[from] Recoil\n|faint|p2a: Dondozo\n|\n|-fieldend|move: Trick Room\n|upkeep\n|\n|t:|1700512106\n|switch|p1b: Ursaluna|Ursaluna-Bloodmoon, L50, M|100\/100\n|switch|p2a: Flutter Mane|Flutter Mane, L50|82\/100 psn\n|turn|6\n|\n|t:|1700512145\n|move|p1a: Wo-Chien|Protect|p1a: Wo-Chien\n|-singleturn|p1a: Wo-Chien|Protect\n|move|p2b: Tatsugiri|Muddy Water|p1b: Ursaluna|[spread] p1b\n|-activate|p1a: Wo-Chien|move: Protect\n|-supereffective|p1b: Ursaluna\n|-damage|p1b: Ursaluna|19\/100\n|move|p2a: Flutter Mane|Icy Wind|p1b: Ursaluna|[spread] p1b\n|-activate|p1a: Wo-Chien|move: Protect\n|-supereffective|p1b: Ursaluna\n|-crit|p1b: Ursaluna\n|-damage|p1b: Ursaluna|0 fnt\n|faint|p1b: Ursaluna\n|\n|-damage|p2a: Flutter Mane|69\/100 psn|[from] psn\n|upkeep\n|turn|7\n|\n|t:|1700512180\n|-terastallize|p2b: Tatsugiri|Steel\n|move|p2b: Tatsugiri|Muddy Water|p1a: Wo-Chien|[miss]\n|-miss|p2b: Tatsugiri|p1a: Wo-Chien\n|move|p2a: Flutter Mane|Icy Wind|p1a: Wo-Chien\n|-supereffective|p1a: Wo-Chien\n|-damage|p1a: Wo-Chien|53\/100\n|-unboost|p1a: Wo-Chien|spe|1\n|move|p1a: Wo-Chien|Leech Seed|p2a: Flutter Mane\n|-start|p2a: Flutter Mane|move: Leech Seed\n|\n|-damage|p2a: Flutter Mane|57\/100 psn|[from] Leech Seed|[of] p1a: Wo-Chien\n|-heal|p1a: Wo-Chien|65\/100|[silent]\n|-damage|p2a: Flutter Mane|44\/100 psn|[from] psn\n|upkeep\n|turn|8\n|\n|t:|1700512221\n|move|p1a: Wo-Chien|Protect|p1a: Wo-Chien\n|-singleturn|p1a: Wo-Chien|Protect\n|move|p2b: Tatsugiri|Muddy Water|p1a: Wo-Chien\n|-activate|p1a: Wo-Chien|move: Protect\n|move|p2a: Flutter Mane|Moonblast|p1a: Wo-Chien\n|-activate|p1a: Wo-Chien|move: Protect\n|\n|-damage|p2a: Flutter Mane|32\/100 psn|[from] Leech Seed|[of] p1a: Wo-Chien\n|-heal|p1a: Wo-Chien|76\/100|[silent]\n|-damage|p2a: Flutter Mane|19\/100 psn|[from] psn\n|upkeep\n|turn|9\n|\n|t:|1700512240\n|move|p1a: Wo-Chien|Protect|p1a: Wo-Chien\n|-singleturn|p1a: Wo-Chien|Protect\n|move|p2b: Tatsugiri|Muddy Water|p1a: Wo-Chien\n|-activate|p1a: Wo-Chien|move: Protect\n|move|p2a: Flutter Mane|Moonblast|p1a: Wo-Chien\n|-activate|p1a: Wo-Chien|move: Protect\n|\n|-damage|p2a: Flutter Mane|7\/100 psn|[from] Leech Seed|[of] p1a: Wo-Chien\n|-heal|p1a: Wo-Chien|87\/100|[silent]\n|-damage|p2a: Flutter Mane|0 fnt|[from] psn\n|faint|p2a: Flutter Mane\n|-end|p2a: Flutter Mane|Protosynthesis|[silent]\n|upkeep\n|turn|10\n|\n|t:|1700512254\n|move|p2b: Tatsugiri|Muddy Water|p1a: Wo-Chien\n|-resisted|p1a: Wo-Chien\n|-damage|p1a: Wo-Chien|75\/100\n|move|p1a: Wo-Chien|Leech Seed|p2b: Tatsugiri\n|-start|p2b: Tatsugiri|move: Leech Seed\n|\n|-damage|p2b: Tatsugiri|89\/100|[from] Leech Seed|[of] p1a: Wo-Chien\n|-heal|p1a: Wo-Chien|86\/100|[silent]\n|upkeep\n|turn|11\n|\n|t:|1700512290\n|move|p1a: Wo-Chien|Protect|p1a: Wo-Chien\n|-singleturn|p1a: Wo-Chien|Protect\n|move|p2b: Tatsugiri|Muddy Water|p1a: Wo-Chien\n|-activate|p1a: Wo-Chien|move: Protect\n|\n|-damage|p2b: Tatsugiri|77\/100|[from] Leech Seed|[of] p1a: Wo-Chien\n|-heal|p1a: Wo-Chien|98\/100|[silent]\n|upkeep\n|turn|12\n|\n|t:|1700512331\n|move|p2b: Tatsugiri|Muddy Water|p1a: Wo-Chien\n|-resisted|p1a: Wo-Chien\n|-damage|p1a: Wo-Chien|84\/100\n|-unboost|p1a: Wo-Chien|accuracy|1\n|move|p1a: Wo-Chien|Ruination|p2b: Tatsugiri\n|-damage|p2b: Tatsugiri|39\/100\n|\n|-damage|p2b: Tatsugiri|27\/100|[from] Leech Seed|[of] p1a: Wo-Chien\n|-heal|p1a: Wo-Chien|96\/100|[silent]\n|upkeep\n|turn|13\n|\n|t:|1700512342\n|move|p1a: Wo-Chien|Protect|p1a: Wo-Chien\n|-singleturn|p1a: Wo-Chien|Protect\n|move|p2b: Tatsugiri|Muddy Water|p1a: Wo-Chien\n|-activate|p1a: Wo-Chien|move: Protect\n|\n|-damage|p2b: Tatsugiri|15\/100|[from] Leech Seed|[of] p1a: Wo-Chien\n|-heal|p1a: Wo-Chien|100\/100|[silent]\n|upkeep\n|turn|14\n|\n|t:|1700512358\n|move|p1a: Wo-Chien|Protect|p1a: Wo-Chien\n|-singleturn|p1a: Wo-Chien|Protect\n|move|p2b: Tatsugiri|Muddy Water|p1a: Wo-Chien\n|-activate|p1a: Wo-Chien|move: Protect\n|\n|-damage|p2b: Tatsugiri|3\/100|[from] Leech Seed|[of] p1a: Wo-Chien\n|upkeep\n|turn|15\n|\n|t:|1700512367\n|move|p1a: Wo-Chien|Protect||[still]\n|-fail|p1a: Wo-Chien\n|move|p2b: Tatsugiri|Muddy Water|p1a: Wo-Chien\n|-resisted|p1a: Wo-Chien\n|-damage|p1a: Wo-Chien|87\/100\n|\n|-damage|p2b: Tatsugiri|0 fnt|[from] Leech Seed|[of] p1a: Wo-Chien\n|-heal|p1a: Wo-Chien|90\/100|[silent]\n|faint|p2b: Tatsugiri\n|\n|win|JayoticNL\n|upkeep\n|l|\u2606Mellowthepokemoon\n","uploadtime":1700512497,"views":4,"p1id":"jayoticnl","p2id":"mellowthepokemoon","formatid":"gen9vgc2023regulatione","rating":0,"private":0,"password":""}