{"id":"gen9vgc2023regulatione-1988768751","p1":"zailo_tmi","p2":"Bounce81402","format":"[Gen 9] VGC 2023 Regulation E","log":"|j|\u2606zailo_tmi\n|j|\u2606Bounce81402\n|t:|1699760688\n|gametype|doubles\n|player|p1|zailo_tmi|102|1146\n|player|p2|Bounce81402|1|1206\n|teamsize|p1|6\n|teamsize|p2|6\n|gen|9\n|tier|[Gen 9] VGC 2023 Regulation E\n|rated|\n|rule|Species Clause: Limit one of each Pok\u00e9mon\n|rule|Item Clause: Limit one of each item\n|clearpoke\n|poke|p1|Iron Hands, L50|\n|poke|p1|Ogerpon-Wellspring, L50, F|\n|poke|p1|Landorus-Therian, L50, M|\n|poke|p1|Dusclops, L50, M|\n|poke|p1|Ursaluna-Bloodmoon, L50, M|\n|poke|p1|Heatran, L50, M|\n|poke|p2|Ninetales-Alola, L50, M|\n|poke|p2|Arcanine-Hisui, L50, M|\n|poke|p2|Iron Hands, L50|\n|poke|p2|Scream Tail, L50|\n|poke|p2|Articuno, L50|\n|poke|p2|Scizor, L50, M|\n|teampreview|4\n|inactive|Battle timer is ON: inactive players will automatically lose when time's up. (requested by Bounce81402)\n|inactive|Bounce81402 has 60 seconds left.\n|\n|t:|1699760729\n|start\n|switch|p1a: Landorus|Landorus-Therian, L50, M|100\/100\n|switch|p1b: Dusclops|Dusclops, L50, M|100\/100\n|switch|p2a: Ninetales|Ninetales-Alola, L50, M, shiny|100\/100\n|switch|p2b: Arcanine|Arcanine-Hisui, L50, M|100\/100\n|-ability|p1a: Landorus|Intimidate|boost\n|-unboost|p2a: Ninetales|atk|1\n|-unboost|p2b: Arcanine|atk|1\n|-weather|Snow|[from] ability: Snow Warning|[of] p2a: Ninetales\n|-ability|p2b: Arcanine|Intimidate|boost\n|-unboost|p1a: Landorus|atk|1\n|-unboost|p1b: Dusclops|atk|1\n|-ability|p1b: Dusclops|Pressure\n|turn|1\n|\n|t:|1699760745\n|switch|p2b: Articuno|Articuno, L50|100\/100\n|move|p1a: Landorus|U-turn|p2a: Ninetales\n|-resisted|p2a: Ninetales\n|-damage|p2a: Ninetales|94\/100\n|\n|t:|1699760750\n|switch|p1a: Ursaluna|Ursaluna-Bloodmoon, L50, M|100\/100|[from] U-turn\n|move|p2a: Ninetales|Icy Wind|p1a: Ursaluna|[spread] p1a,p1b\n|-supereffective|p1a: Ursaluna\n|-damage|p1a: Ursaluna|78\/100\n|-damage|p1b: Dusclops|92\/100\n|-unboost|p1a: Ursaluna|spe|1\n|-unboost|p1b: Dusclops|spe|1\n|-enditem|p1a: Ursaluna|Weakness Policy\n|-boost|p1a: Ursaluna|atk|2|[from] item: Weakness Policy\n|-boost|p1a: Ursaluna|spa|2|[from] item: Weakness Policy\n|move|p1b: Dusclops|Trick Room|p1b: Dusclops\n|-fieldstart|move: Trick Room|[of] p1b: Dusclops\n|\n|-weather|Snow|[upkeep]\n|upkeep\n|turn|2\n|\n|t:|1699760771\n|-terastallize|p1a: Ursaluna|Normal\n|move|p1b: Dusclops|Brick Break|p1a: Ursaluna\n|-supereffective|p1a: Ursaluna\n|-damage|p1a: Ursaluna|64\/100\n|move|p1a: Ursaluna|Hyper Voice|p2b: Articuno|[spread] p2a,p2b\n|-damage|p2a: Ninetales|0 fnt\n|-damage|p2b: Articuno|28\/100\n|faint|p2a: Ninetales\n|move|p2b: Articuno|Blizzard|p1b: Dusclops|[spread] p1a,p1b\n|-damage|p1a: Ursaluna|32\/100\n|-damage|p1b: Dusclops|72\/100\n|\n|-weather|Snow|[upkeep]\n|upkeep\n|\n|t:|1699760781\n|switch|p2a: Arcanine|Arcanine-Hisui, L50, M|100\/100\n|-ability|p2a: Arcanine|Intimidate|boost\n|-unboost|p1a: Ursaluna|atk|1\n|-unboost|p1b: Dusclops|atk|1\n|turn|3\n|\n|t:|1699760788\n|move|p2a: Arcanine|Extreme Speed|p1a: Ursaluna\n|-damage|p1a: Ursaluna|2\/100\n|move|p1b: Dusclops|Will-O-Wisp|p2a: Arcanine\n|-immune|p2a: Arcanine\n|move|p1a: Ursaluna|Hyper Voice|p2a: Arcanine|[spread] p2a,p2b\n|-resisted|p2a: Arcanine\n|-crit|p2b: Articuno\n|-damage|p2a: Arcanine|47\/100\n|-damage|p2b: Articuno|0 fnt\n|faint|p2b: Articuno\n|\n|-weather|Snow|[upkeep]\n|upkeep\n|\n|t:|1699760794\n|switch|p2b: Scream Tail|Scream Tail, L50|100\/100\n|-enditem|p2b: Scream Tail|Booster Energy\n|-activate|p2b: Scream Tail|ability: Protosynthesis|[fromitem]\n|-start|p2b: Scream Tail|protosynthesisspe\n|turn|4\n|\n|t:|1699760813\n|move|p1a: Ursaluna|Protect|p1a: Ursaluna\n|-singleturn|p1a: Ursaluna|Protect\n|move|p2a: Arcanine|Extreme Speed|p1a: Ursaluna\n|-activate|p1a: Ursaluna|move: Protect\n|move|p1b: Dusclops|Pain Split|p2b: Scream Tail\n|-sethp|p2b: Scream Tail|78\/100|[from] move: Pain Split|[silent]\n|-sethp|p1b: Dusclops|100\/100|[from] move: Pain Split\n|move|p2b: Scream Tail|Psychic Fangs|p1b: Dusclops\n|-damage|p1b: Dusclops|88\/100\n|\n|-weather|Snow|[upkeep]\n|upkeep\n|turn|5\n|inactive|zailo_tmi has 30 seconds left.\n|\n|t:|1699760841\n|switch|p1a: Heatran|Heatran, L50, M|100\/100\n|move|p2a: Arcanine|Extreme Speed|p1a: Heatran\n|-resisted|p1a: Heatran\n|-damage|p1a: Heatran|83\/100\n|move|p1b: Dusclops|Will-O-Wisp|p2b: Scream Tail\n|-status|p2b: Scream Tail|brn\n|move|p2b: Scream Tail|Psychic Fangs|p1b: Dusclops\n|-damage|p1b: Dusclops|83\/100\n|\n|-weather|none\n|-damage|p2b: Scream Tail|72\/100 brn|[from] brn\n|-fieldend|move: Trick Room\n|upkeep\n|turn|6\n|\n|t:|1699760866\n|switch|p1b: Landorus|Landorus-Therian, L50, M|100\/100\n|-ability|p1b: Landorus|Intimidate|boost\n|-unboost|p2a: Arcanine|atk|1\n|-unboost|p2b: Scream Tail|atk|1\n|-terastallize|p2a: Arcanine|Water\n|move|p1a: Heatran|Protect|p1a: Heatran\n|-singleturn|p1a: Heatran|Protect\n|move|p2a: Arcanine|Extreme Speed|p1a: Heatran\n|-activate|p1a: Heatran|move: Protect\n|move|p2b: Scream Tail|Encore||[still]\n|-fail|p2b: Scream Tail\n|\n|-damage|p2b: Scream Tail|66\/100 brn|[from] brn\n|upkeep\n|turn|7\n|-message|Bounce81402 forfeited.\n|\n|win|zailo_tmi\n|raw|zailo_tmi's rating: 1146 &rarr; <strong>1175<\/strong><br \/>(+29 for winning)\n|raw|Bounce81402's rating: 1206 &rarr; <strong>1177<\/strong><br \/>(-29 for losing)\n|l|\u2606Bounce81402\n|c|\u2606zailo_tmi|e\n|c|\u2606zailo_tmi|z\n","uploadtime":1699760888,"views":9,"p1id":"zailotmi","p2id":"bounce81402","formatid":"gen9vgc2023regulatione","rating":1175,"private":0,"password":""}