{"id":"gen9vgc2023regulatione-1997817043","p1":"JKAngelz","p2":"MurphyTheMut","format":"[Gen 9] VGC 2023 Regulation E","log":"|j|\u2606JKAngelz\n|j|\u2606MurphyTheMut\n|t:|1700855869\n|gametype|doubles\n|player|p1|JKAngelz|169|1279\n|player|p2|MurphyTheMut|roughneck-gen4|1351\n|teamsize|p1|6\n|teamsize|p2|6\n|gen|9\n|tier|[Gen 9] VGC 2023 Regulation E\n|rated|\n|rule|Species Clause: Limit one of each Pok\u00e9mon\n|rule|Item Clause: Limit one of each item\n|clearpoke\n|poke|p1|Iron Bundle, L50|\n|poke|p1|Gholdengo, L50|\n|poke|p1|Ogerpon-Wellspring, L50, F|\n|poke|p1|Iron Hands, L50|\n|poke|p1|Arcanine-Hisui, L50, M|\n|poke|p1|Amoonguss, L50, F|\n|poke|p2|Ursaluna-Bloodmoon, L50, M|\n|poke|p2|Rillaboom, L50, M|\n|poke|p2|Dusclops, L50, F|\n|poke|p2|Kommo-o, L50, M|\n|poke|p2|Urshifu-*, L50, F|\n|poke|p2|Heatran, L50, F|\n|teampreview|4\n|\n|t:|1700855915\n|start\n|switch|p1a: Amoonguss|Amoonguss, L50, F|100\/100\n|switch|p1b: Arcanine|Arcanine-Hisui, L50, M|100\/100\n|switch|p2a: Dusclops|Dusclops, L50, F|100\/100\n|switch|p2b: Rillaboom|Rillaboom, L50, M|100\/100\n|-ability|p1b: Arcanine|Intimidate|boost\n|-unboost|p2a: Dusclops|atk|1\n|-unboost|p2b: Rillaboom|atk|1\n|-fieldstart|move: Grassy Terrain|[from] ability: Grassy Surge|[of] p2b: Rillaboom\n|-ability|p2a: Dusclops|Pressure\n|turn|1\n|inactive|Battle timer is ON: inactive players will automatically lose when time's up. (requested by JKAngelz)\n|\n|t:|1700855981\n|switch|p2b: Ursaluna|Ursaluna-Bloodmoon, L50, M|100\/100\n|move|p1b: Arcanine|Rock Slide|p2b: Ursaluna|[spread] p2a,p2b\n|-resisted|p2b: Ursaluna\n|-damage|p2a: Dusclops|75\/100\n|-damage|p2b: Ursaluna|87\/100\n|move|p1a: Amoonguss|Spore|p2a: Dusclops\n|-status|p2a: Dusclops|slp|[from] move: Spore\n|cant|p2a: Dusclops|slp\n|\n|-heal|p2b: Ursaluna|93\/100|[from] Grassy Terrain\n|-heal|p2a: Dusclops|81\/100 slp|[from] Grassy Terrain\n|upkeep\n|turn|2\n|\n|t:|1700856002\n|-terastallize|p1b: Arcanine|Fairy\n|move|p2b: Ursaluna|Protect|p2b: Ursaluna\n|-singleturn|p2b: Ursaluna|Protect\n|move|p1b: Arcanine|Rock Slide|p2b: Ursaluna|[spread] p2a\n|-activate|p2b: Ursaluna|move: Protect\n|-damage|p2a: Dusclops|58\/100 slp\n|move|p1a: Amoonguss|Spore|p2b: Ursaluna\n|-activate|p2b: Ursaluna|move: Protect\n|-curestatus|p2a: Dusclops|slp|[msg]\n|move|p2a: Dusclops|Trick Room|p2a: Dusclops\n|-fieldstart|move: Trick Room|[of] p2a: Dusclops\n|\n|-heal|p2a: Dusclops|64\/100|[from] Grassy Terrain\n|-heal|p2b: Ursaluna|99\/100|[from] Grassy Terrain\n|upkeep\n|turn|3\n|inactive|MurphyTheMut has 30 seconds left.\n|\n|t:|1700856032\n|switch|p2b: Kommo-o|Kommo-o, L50, M|100\/100\n|switch|p1b: Iron Hands|Iron Hands, L50, shiny|100\/100\n|move|p2a: Dusclops|Pain Split|p1a: Amoonguss\n|-sethp|p1a: Amoonguss|72\/100|[from] move: Pain Split|[silent]\n|-sethp|p2a: Dusclops|100\/100|[from] move: Pain Split\n|move|p1a: Amoonguss|Spore|p2b: Kommo-o\n|-immune|p2b: Kommo-o|[from] ability: Overcoat\n|\n|-heal|p1a: Amoonguss|77\/100|[from] Grassy Terrain\n|upkeep\n|turn|4\n|\n|t:|1700856049\n|move|p1b: Iron Hands|Fake Out|p2b: Kommo-o\n|-damage|p2b: Kommo-o|90\/100\n|move|p2a: Dusclops|Will-O-Wisp|p1b: Iron Hands\n|-status|p1b: Iron Hands|brn\n|move|p1a: Amoonguss|Spore|p2a: Dusclops\n|-status|p2a: Dusclops|slp|[from] move: Spore\n|cant|p2b: Kommo-o|flinch\n|\n|-heal|p1a: Amoonguss|83\/100|[from] Grassy Terrain\n|-heal|p2b: Kommo-o|96\/100|[from] Grassy Terrain\n|-heal|p2b: Kommo-o|100\/100|[from] item: Leftovers\n|-damage|p1b: Iron Hands|94\/100 brn|[from] brn\n|upkeep\n|turn|5\n|inactive|JKAngelz has 30 seconds left.\n|inactive|MurphyTheMut has 30 seconds left.\n|inactive|JKAngelz has 20 seconds left.\n|inactive|JKAngelz has 15 seconds left.\n|inactive|JKAngelz has 10 seconds left.\n|\n|t:|1700856097\n|switch|p1a: Arcanine|Arcanine-Hisui, L50, M, tera:Fairy|100\/100\n|-ability|p1a: Arcanine|Intimidate|boost\n|-unboost|p2a: Dusclops|atk|1\n|-unboost|p2b: Kommo-o|atk|1\n|cant|p2a: Dusclops|slp\n|move|p1b: Iron Hands|Drain Punch|p2b: Kommo-o\n|-damage|p2b: Kommo-o|85\/100\n|-heal|p1b: Iron Hands|99\/100 brn|[from] drain|[of] p2b: Kommo-o\n|move|p2b: Kommo-o|Iron Defense|p2b: Kommo-o\n|-boost|p2b: Kommo-o|def|2\n|\n|-heal|p1b: Iron Hands|100\/100 brn|[from] Grassy Terrain\n|-heal|p2b: Kommo-o|91\/100|[from] Grassy Terrain\n|-heal|p2b: Kommo-o|97\/100|[from] item: Leftovers\n|-damage|p1b: Iron Hands|94\/100 brn|[from] brn\n|-fieldend|move: Grassy Terrain\n|upkeep\n|turn|6\n|\n|t:|1700856121\n|-end|p1b: Iron Hands|Quark Drive|[silent]\n|switch|p1b: Iron Bundle|Iron Bundle, L50, shiny|100\/100\n|-enditem|p1b: Iron Bundle|Booster Energy\n|-activate|p1b: Iron Bundle|ability: Quark Drive|[fromitem]\n|-start|p1b: Iron Bundle|quarkdrivespe\n|cant|p2a: Dusclops|slp\n|move|p2b: Kommo-o|Iron Defense|p2b: Kommo-o\n|-boost|p2b: Kommo-o|def|2\n|move|p1a: Arcanine|Tera Blast|p2b: Kommo-o|[anim] Tera Blast Fairy\n|-supereffective|p2b: Kommo-o\n|-damage|p2b: Kommo-o|49\/100\n|\n|-heal|p2b: Kommo-o|55\/100|[from] item: Leftovers\n|-fieldend|move: Trick Room\n|upkeep\n|turn|7\n|inactive|MurphyTheMut has 30 seconds left.\n|\n|t:|1700856147\n|switch|p1a: Amoonguss|Amoonguss, L50, F|100\/100\n|move|p2b: Kommo-o|Protect|p2b: Kommo-o\n|-singleturn|p2b: Kommo-o|Protect\n|move|p1b: Iron Bundle|Freeze-Dry|p2b: Kommo-o\n|-activate|p2b: Kommo-o|move: Protect\n|-curestatus|p2a: Dusclops|slp|[msg]\n|move|p2a: Dusclops|Trick Room|p2a: Dusclops\n|-fieldstart|move: Trick Room|[of] p2a: Dusclops\n|\n|-heal|p2b: Kommo-o|61\/100|[from] item: Leftovers\n|upkeep\n|turn|8\n|\n|t:|1700856166\n|move|p1a: Amoonguss|Rage Powder|p1a: Amoonguss\n|-singleturn|p1a: Amoonguss|move: Rage Powder\n|move|p2a: Dusclops|Pain Split|p1a: Amoonguss\n|-sethp|p1a: Amoonguss|84\/100|[from] move: Pain Split|[silent]\n|-sethp|p2a: Dusclops|100\/100|[from] move: Pain Split\n|move|p2b: Kommo-o|Body Press|p1b: Iron Bundle\n|-supereffective|p1b: Iron Bundle\n|-damage|p1b: Iron Bundle|0 fnt\n|faint|p1b: Iron Bundle\n|-end|p1b: Iron Bundle|Quark Drive|[silent]\n|\n|-heal|p2b: Kommo-o|67\/100|[from] item: Leftovers\n|upkeep\n|\n|t:|1700856174\n|switch|p1b: Arcanine|Arcanine-Hisui, L50, M, tera:Fairy|100\/100\n|-ability|p1b: Arcanine|Intimidate|boost\n|-unboost|p2a: Dusclops|atk|1\n|-unboost|p2b: Kommo-o|atk|1\n|turn|9\n|inactive|MurphyTheMut has 30 seconds left.\n|\n|t:|1700856209\n|move|p2b: Kommo-o|Protect|p2b: Kommo-o\n|-singleturn|p2b: Kommo-o|Protect\n|move|p2a: Dusclops|Will-O-Wisp|p1b: Arcanine\n|-status|p1b: Arcanine|brn\n|move|p1a: Amoonguss|Spore|p2a: Dusclops\n|-status|p2a: Dusclops|slp|[from] move: Spore\n|move|p1b: Arcanine|Tera Blast|p2b: Kommo-o|[anim] Tera Blast Fairy\n|-activate|p2b: Kommo-o|move: Protect\n|\n|-heal|p2b: Kommo-o|73\/100|[from] item: Leftovers\n|-damage|p1b: Arcanine|94\/100 brn|[from] brn\n|upkeep\n|turn|10\n|inactive|MurphyTheMut has 30 seconds left.\n|inactive|MurphyTheMut has 20 seconds left.\n|inactive|MurphyTheMut has 15 seconds left.\n|inactive|MurphyTheMut has 10 seconds left.\n|\n|t:|1700856255\n|-terastallize|p2b: Kommo-o|Steel\n|cant|p2a: Dusclops|slp\n|move|p1a: Amoonguss|Pollen Puff|p1b: Arcanine\n|-heal|p1b: Arcanine|100\/100 brn\n|move|p2b: Kommo-o|Body Press|p1a: Amoonguss\n|-resisted|p1a: Amoonguss\n|-damage|p1a: Amoonguss|29\/100\n|-enditem|p1a: Amoonguss|Sitrus Berry|[eat]\n|-heal|p1a: Amoonguss|54\/100|[from] item: Sitrus Berry\n|move|p1b: Arcanine|Tera Blast|p2b: Kommo-o|[anim] Tera Blast Fairy\n|-resisted|p2b: Kommo-o\n|-damage|p2b: Kommo-o|70\/100\n|\n|-heal|p2b: Kommo-o|76\/100|[from] item: Leftovers\n|-damage|p1b: Arcanine|94\/100 brn|[from] brn\n|upkeep\n|turn|11\n|inactive|MurphyTheMut has 30 seconds left.\n|\n|t:|1700856289\n|switch|p1b: Iron Hands|Iron Hands, L50, shiny|94\/100 brn\n|move|p1a: Amoonguss|Protect|p1a: Amoonguss\n|-singleturn|p1a: Amoonguss|Protect\n|-curestatus|p2a: Dusclops|slp|[msg]\n|move|p2a: Dusclops|Brick Break|p1a: Amoonguss\n|-activate|p1a: Amoonguss|move: Protect\n|move|p2b: Kommo-o|Body Press|p1a: Amoonguss\n|-activate|p1a: Amoonguss|move: Protect\n|\n|-heal|p2b: Kommo-o|82\/100|[from] item: Leftovers\n|-damage|p1b: Iron Hands|88\/100 brn|[from] brn\n|-fieldend|move: Trick Room\n|upkeep\n|turn|12\n|\n|t:|1700856312\n|move|p2b: Kommo-o|Protect|p2b: Kommo-o\n|-singleturn|p2b: Kommo-o|Protect\n|move|p1b: Iron Hands|Fake Out|p2b: Kommo-o\n|-activate|p2b: Kommo-o|move: Protect\n|move|p1a: Amoonguss|Spore|p2a: Dusclops\n|-status|p2a: Dusclops|slp|[from] move: Spore\n|cant|p2a: Dusclops|slp\n|\n|-heal|p2b: Kommo-o|88\/100|[from] item: Leftovers\n|-damage|p1b: Iron Hands|82\/100 brn|[from] brn\n|upkeep\n|turn|13\n|\n|t:|1700856335\n|switch|p1a: Arcanine|Arcanine-Hisui, L50, M, tera:Fairy|94\/100 brn\n|-ability|p1a: Arcanine|Intimidate|boost\n|-unboost|p2a: Dusclops|atk|1\n|-unboost|p2b: Kommo-o|atk|1\n|move|p2b: Kommo-o|Body Press|p1a: Arcanine\n|-resisted|p1a: Arcanine\n|-damage|p1a: Arcanine|35\/100 brn\n|move|p1b: Iron Hands|Drain Punch|p2b: Kommo-o\n|-supereffective|p2b: Kommo-o\n|-damage|p2b: Kommo-o|77\/100\n|-heal|p1b: Iron Hands|86\/100 brn|[from] drain|[of] p2b: Kommo-o\n|cant|p2a: Dusclops|slp\n|\n|-heal|p2b: Kommo-o|83\/100|[from] item: Leftovers\n|-damage|p1a: Arcanine|29\/100 brn|[from] brn\n|-damage|p1b: Iron Hands|80\/100 brn|[from] brn\n|upkeep\n|turn|14\n|inactive|MurphyTheMut has 30 seconds left.\n|inactive|MurphyTheMut has 20 seconds left.\n|\n|t:|1700856372\n|switch|p2a: Rillaboom|Rillaboom, L50, M|100\/100\n|-fieldstart|move: Grassy Terrain|[from] ability: Grassy Surge|[of] p2a: Rillaboom\n|move|p1a: Arcanine|Flare Blitz|p2b: Kommo-o\n|-supereffective|p2b: Kommo-o\n|-damage|p2b: Kommo-o|63\/100\n|-damage|p1a: Arcanine|22\/100 brn|[from] Recoil\n|move|p2b: Kommo-o|Body Press|p1a: Arcanine\n|-resisted|p1a: Arcanine\n|-damage|p1a: Arcanine|0 fnt\n|faint|p1a: Arcanine\n|move|p1b: Iron Hands|Drain Punch|p2b: Kommo-o\n|-supereffective|p2b: Kommo-o\n|-damage|p2b: Kommo-o|53\/100\n|-heal|p1b: Iron Hands|84\/100 brn|[from] drain|[of] p2b: Kommo-o\n|\n|-heal|p2b: Kommo-o|59\/100|[from] Grassy Terrain\n|-heal|p2b: Kommo-o|65\/100|[from] item: Leftovers\n|-heal|p1b: Iron Hands|90\/100 brn|[from] Grassy Terrain\n|-damage|p1b: Iron Hands|84\/100 brn|[from] brn\n|upkeep\n|inactive|JKAngelz has 30 seconds left.\n|\n|t:|1700856402\n|switch|p1a: Amoonguss|Amoonguss, L50, F|87\/100\n|turn|15\n|\n|t:|1700856419\n|move|p2a: Rillaboom|Fake Out|p1a: Amoonguss\n|-damage|p1a: Amoonguss|76\/100\n|move|p2b: Kommo-o|Body Press|p1b: Iron Hands\n|-damage|p1b: Iron Hands|4\/100 brn\n|move|p1b: Iron Hands|Drain Punch|p2a: Rillaboom\n|-damage|p2a: Rillaboom|80\/100\n|-heal|p1b: Iron Hands|13\/100 brn|[from] drain|[of] p2a: Rillaboom\n|cant|p1a: Amoonguss|flinch\n|\n|-heal|p2b: Kommo-o|71\/100|[from] Grassy Terrain\n|-heal|p2a: Rillaboom|86\/100|[from] Grassy Terrain\n|-heal|p2b: Kommo-o|77\/100|[from] item: Leftovers\n|-heal|p1b: Iron Hands|19\/100 brn|[from] Grassy Terrain\n|-heal|p1a: Amoonguss|81\/100|[from] Grassy Terrain\n|-damage|p1b: Iron Hands|13\/100 brn|[from] brn\n|upkeep\n|turn|16\n|inactive|MurphyTheMut has 30 seconds left.\n|\n|t:|1700856445\n|move|p2a: Rillaboom|Grassy Glide|p1b: Iron Hands\n|-damage|p1b: Iron Hands|0 fnt\n|faint|p1b: Iron Hands\n|-end|p1b: Iron Hands|Quark Drive|[silent]\n|move|p2b: Kommo-o|Iron Defense|p2b: Kommo-o\n|-boost|p2b: Kommo-o|def|2\n|move|p1a: Amoonguss|Pollen Puff|p2a: Rillaboom\n|-supereffective|p2a: Rillaboom\n|-damage|p2a: Rillaboom|59\/100\n|\n|-heal|p2a: Rillaboom|65\/100|[from] Grassy Terrain\n|-heal|p2b: Kommo-o|83\/100|[from] Grassy Terrain\n|-heal|p2b: Kommo-o|90\/100|[from] item: Leftovers\n|-heal|p1a: Amoonguss|87\/100|[from] Grassy Terrain\n|upkeep\n|turn|17\n|inactive|JKAngelz has 30 seconds left.\n|\n|t:|1700856473\n|move|p2b: Kommo-o|Body Press|p1a: Amoonguss\n|-resisted|p1a: Amoonguss\n|-damage|p1a: Amoonguss|14\/100\n|move|p2a: Rillaboom|U-turn|p1a: Amoonguss\n|-damage|p1a: Amoonguss|0 fnt\n|faint|p1a: Amoonguss\n|\n|win|MurphyTheMut\n|raw|JKAngelz's rating: 1279 &rarr; <strong>1259<\/strong><br \/>(-20 for losing)\n|raw|MurphyTheMut's rating: 1351 &rarr; <strong>1367<\/strong><br \/>(+16 for winning)\n|c|\u2606MurphyTheMut|gg\n|c|\u2606JKAngelz|gg\n|l|\u2606JKAngelz\n","uploadtime":1700856540,"views":32,"p1id":"jkangelz","p2id":"murphythemut","formatid":"gen9vgc2023regulatione","rating":1259,"private":0,"password":""}