{"id":"gen9vgc2023regulatione-1998013016","p1":"papsi_jr","p2":"summmmmmmmmmmmer","format":"[Gen 9] VGC 2023 Regulation E","log":"|j|\u2606papsi_jr\n|j|\u2606summmmmmmmmmmmer\n|t:|1700878929\n|gametype|doubles\n|player|p1|papsi_jr|harlequin|1177\n|player|p2|summmmmmmmmmmmer|unknown|1227\n|teamsize|p1|6\n|teamsize|p2|6\n|gen|9\n|tier|[Gen 9] VGC 2023 Regulation E\n|rated|\n|rule|Species Clause: Limit one of each Pok\u00e9mon\n|rule|Item Clause: Limit one of each item\n|clearpoke\n|poke|p1|Chien-Pao, L50|\n|poke|p1|Glimmora, L50, M|\n|poke|p1|Ogerpon-Wellspring, L50, F|\n|poke|p1|Sinistcha, L50|\n|poke|p1|Tauros-Paldea-Blaze, L50, M|\n|poke|p1|Tornadus, L50, M|\n|poke|p2|Glaceon, L50, F|\n|poke|p2|Slowking, L50, F|\n|poke|p2|Brute Bonnet, L50|\n|poke|p2|Iron Bundle, L50|\n|poke|p2|Articuno, L50|\n|poke|p2|Arcanine, L50, F|\n|teampreview|4\n|inactive|Battle timer is ON: inactive players will automatically lose when time's up. (requested by summmmmmmmmmmmer)\n|inactive|papsi_jr also wants the timer to be on.\n|inactive|papsi_jr has 60 seconds left.\n|inactive|summmmmmmmmmmmer has 60 seconds left.\n|\n|t:|1700878975\n|start\n|switch|p1a: Tornadus|Tornadus, L50, M|100\/100\n|switch|p1b: Glimmora|Glimmora, L50, M|100\/100\n|switch|p2a: Slowking|Slowking, L50, F|100\/100\n|switch|p2b: Brute Bonnet|Brute Bonnet, L50|100\/100\n|turn|1\n|inactive|summmmmmmmmmmmer has 30 seconds left.\n|inactive|summmmmmmmmmmmer has 20 seconds left.\n|inactive|summmmmmmmmmmmer has 15 seconds left.\n|inactive|summmmmmmmmmmmer has 10 seconds left.\n|\n|t:|1700879023\n|-terastallize|p1b: Glimmora|Grass\n|-terastallize|p2b: Brute Bonnet|Poison\n|move|p1a: Tornadus|Bleakwind Storm|p2a: Slowking|[spread] p2b\n|-miss|p1a: Tornadus|p2a: Slowking\n|-damage|p2b: Brute Bonnet|74\/100\n|move|p1b: Glimmora|Energy Ball|p2a: Slowking\n|-supereffective|p2a: Slowking\n|-damage|p2a: Slowking|41\/100\n|move|p2b: Brute Bonnet|Crunch|p1b: Glimmora\n|-damage|p1b: Glimmora|55\/100\n|-activate|p1b: Glimmora|ability: Toxic Debris\n|-sidestart|p2: summmmmmmmmmmmer|move: Toxic Spikes\n|move|p2a: Slowking|Trick Room|p2a: Slowking\n|-fieldstart|move: Trick Room|[of] p2a: Slowking\n|\n|upkeep\n|turn|2\n|inactive|papsi_jr has 30 seconds left.\n|\n|t:|1700879053\n|-end|p2b: Brute Bonnet|Protosynthesis|[silent]\n|switch|p2b: Articuno|Articuno, L50|100\/100\n|move|p1a: Tornadus|Taunt|p2b: Articuno\n|-start|p2b: Articuno|move: Taunt\n|move|p2a: Slowking|Chilly Reception|p2a: Slowking\n|-weather|Snow\n|\n|t:|1700879062\n|switch|p2a: Brute Bonnet|Brute Bonnet, L50, tera:Poison|74\/100|[from] Chilly Reception\n|-sideend|p2: summmmmmmmmmmmer|move: Toxic Spikes|[of] p2a: Brute Bonnet\n|move|p1b: Glimmora|Mortal Spin|p2a: Brute Bonnet|[spread] p2a,p2b\n|-resisted|p2a: Brute Bonnet\n|-damage|p2a: Brute Bonnet|72\/100\n|-damage|p2b: Articuno|98\/100\n|-status|p2b: Articuno|psn\n|\n|-weather|Snow|[upkeep]\n|-damage|p2b: Articuno|86\/100 psn|[from] psn\n|upkeep\n|turn|3\n|inactive|papsi_jr has 30 seconds left.\n|inactive|papsi_jr has 20 seconds left.\n|inactive|summmmmmmmmmmmer has 30 seconds left.\n|inactive|papsi_jr has 15 seconds left.\n|inactive|papsi_jr has 10 seconds left.\n|inactive|papsi_jr has 5 seconds left.\n|\n|t:|1700879117\n|move|p2a: Brute Bonnet|Close Combat|p1a: Tornadus\n|-resisted|p1a: Tornadus\n|-damage|p1a: Tornadus|82\/100\n|-unboost|p2a: Brute Bonnet|def|1\n|-unboost|p2a: Brute Bonnet|spd|1\n|-damage|p2a: Brute Bonnet|56\/100|[from] item: Rocky Helmet|[of] p1a: Tornadus\n|move|p2b: Articuno|Blizzard|p1b: Glimmora|[spread] p1a,p1b\n|-supereffective|p1a: Tornadus\n|-supereffective|p1b: Glimmora\n|-crit|p1b: Glimmora\n|-damage|p1a: Tornadus|0 fnt\n|-damage|p1b: Glimmora|0 fnt\n|faint|p1a: Tornadus\n|faint|p1b: Glimmora\n|\n|-weather|Snow|[upkeep]\n|-damage|p2b: Articuno|74\/100 psn|[from] psn\n|upkeep\n|inactive|papsi_jr has 30 seconds left.\n|inactive|papsi_jr has 20 seconds left.\n|inactive|papsi_jr has 15 seconds left.\n|inactive|papsi_jr has 10 seconds left.\n|inactive|papsi_jr has 5 seconds left.\n|\n|t:|1700879172\n|switch|p1b: Sinistcha|Sinistcha, L50|100\/100\n|switch|p1a: Ogerpon|Ogerpon-Wellspring, L50, F|100\/100\n|turn|4\n|inactive|papsi_jr has 30 seconds left.\n|inactive|papsi_jr has 20 seconds left.\n|inactive|papsi_jr has 15 seconds left.\n|inactive|papsi_jr has 10 seconds left.\n|inactive|papsi_jr has 5 seconds left.\n|\n|t:|1700879227\n|move|p2a: Brute Bonnet|Crunch|p1b: Sinistcha\n|-supereffective|p1b: Sinistcha\n|-damage|p1b: Sinistcha|6\/100\n|move|p2b: Articuno|Blizzard|p1b: Sinistcha|[spread] p1a,p1b\n|-supereffective|p1b: Sinistcha\n|-damage|p1a: Ogerpon|63\/100\n|-damage|p1b: Sinistcha|0 fnt\n|faint|p1b: Sinistcha\n|move|p1a: Ogerpon|Horn Leech|p2b: Articuno|[miss]\n|-miss|p1a: Ogerpon|p2b: Articuno\n|\n|-weather|Snow|[upkeep]\n|-damage|p2b: Articuno|62\/100 psn|[from] psn\n|-end|p2b: Articuno|move: Taunt\n|upkeep\n|turn|5\n|inactive|papsi_jr has 30 seconds left.\n|inactive|papsi_jr has 20 seconds left.\n|inactive|papsi_jr has 15 seconds left.\n|inactive|papsi_jr has 10 seconds left.\n|inactive|papsi_jr has 5 seconds left.\n|\n|t:|1700879282\n|switch|p2b: Glaceon|Glaceon, L50, F, shiny|100\/100\n|move|p2a: Brute Bonnet|Crunch|p1a: Ogerpon\n|-damage|p1a: Ogerpon|18\/100\n|move|p1a: Ogerpon|Horn Leech|p2b: Glaceon|[miss]\n|-miss|p1a: Ogerpon|p2b: Glaceon\n|\n|-weather|Snow|[upkeep]\n|-fieldend|move: Trick Room\n|upkeep\n|turn|6\n|inactive|papsi_jr has 30 seconds left.\n|inactive|papsi_jr has 20 seconds left.\n|inactive|papsi_jr has 15 seconds left.\n|inactive|papsi_jr has 10 seconds left.\n|c|\u2606summmmmmmmmmmmer|gg\n|inactive|papsi_jr has 5 seconds left.\n|\n|t:|1700879337\n|-end|p2a: Brute Bonnet|Protosynthesis|[silent]\n|switch|p2a: Articuno|Articuno, L50|62\/100 psn\n|move|p1a: Ogerpon|Horn Leech|p2b: Glaceon\n|-damage|p2b: Glaceon|71\/100\n|-heal|p1a: Ogerpon|32\/100|[from] drain|[of] p2b: Glaceon\n|move|p2b: Glaceon|Freeze-Dry|p1a: Ogerpon\n|-supereffective|p1a: Ogerpon\n|-crit|p1a: Ogerpon\n|-damage|p1a: Ogerpon|0 fnt\n|faint|p1a: Ogerpon\n|\n|win|summmmmmmmmmmmer\n|raw|papsi_jr's rating: 1177 &rarr; <strong>1156<\/strong><br \/>(-21 for losing)\n|raw|summmmmmmmmmmmer's rating: 1227 &rarr; <strong>1248<\/strong><br \/>(+21 for winning)\n|l|\u2606papsi_jr\n","uploadtime":1700879452,"views":2,"p1id":"papsijr","p2id":"summmmmmmmmmmmer","formatid":"gen9vgc2023regulatione","rating":1156,"private":0,"password":""}