{"id":"gen9vgc2023regulatione-1999080247","p1":"omg_its_daddy","p2":"BBRAFF","format":"[Gen 9] VGC 2023 Regulation E","log":"|j|\u2606omg_its_daddy\n|j|\u2606BBRAFF\n|t:|1701031041\n|gametype|doubles\n|player|p1|omg_its_daddy|2|\n|player|p2|BBRAFF|cyclist|\n|teamsize|p1|6\n|teamsize|p2|6\n|gen|9\n|tier|[Gen 9] VGC 2023 Regulation E\n|rule|Species Clause: Limit one of each Pok\u00e9mon\n|rule|Item Clause: Limit one of each item\n|clearpoke\n|poke|p1|Volbeat, L50, M|\n|poke|p1|Rotom-Wash, L50|\n|poke|p1|Moltres, L50|\n|poke|p1|Krookodile, L50, F|\n|poke|p1|Clefable, L50, F|\n|poke|p1|Slowbro-Galar, L50, M|\n|poke|p2|Ogerpon-Cornerstone, L50, F|\n|poke|p2|Iron Moth, L50|\n|poke|p2|Regidrago, L50|\n|poke|p2|Illumise, L50, F|\n|poke|p2|Magnezone, L50|\n|poke|p2|Avalugg, L50, M|\n|teampreview|4\nBBRAFF rejected open team sheets.\n|c|\u2606BBRAFF|g2\n|c|\u2606BBRAFF|glhf!\n|c|\u2606omg_its_daddy|glhf!\n|\n|t:|1701031539\n|start\n|switch|p1a: Tinkerbelle|Clefable, L50, F, shiny|100\/100\n|switch|p1b: Steve|Krookodile, L50, F, shiny|100\/100\n|switch|p2a: Alicent Hightower|Iron Moth, L50|100\/100\n|switch|p2b: Borros Baratheon|Magnezone, L50|100\/100\n|-enditem|p2a: Alicent Hightower|Booster Energy\n|-activate|p2a: Alicent Hightower|ability: Quark Drive|[fromitem]\n|-start|p2a: Alicent Hightower|quarkdrivespa\n|turn|1\n|\n|t:|1701031588\n|switch|p2b: Mushroom|Illumise, L50, F|100\/100\n|-terastallize|p2a: Alicent Hightower|Fairy\n|move|p1a: Tinkerbelle|Protect|p1a: Tinkerbelle\n|-singleturn|p1a: Tinkerbelle|Protect\n|move|p2a: Alicent Hightower|Dazzling Gleam|p1a: Tinkerbelle|[spread] p1b\n|-activate|p1a: Tinkerbelle|move: Protect\n|-supereffective|p1b: Steve\n|-damage|p1b: Steve|11\/100\n|move|p1b: Steve|Earthquake|p2a: Alicent Hightower|[spread] p2a,p2b\n|-activate|p1a: Tinkerbelle|move: Protect\n|-resisted|p2b: Mushroom\n|-damage|p2a: Alicent Hightower|36\/100\n|-damage|p2b: Mushroom|78\/100\n|\n|upkeep\n|turn|2\n|\n|t:|1701031650\n|switch|p1b: Dug|Slowbro-Galar, L50, M, shiny|100\/100\n|switch|p1a: Ember|Moltres, L50, shiny|100\/100\n|move|p2a: Alicent Hightower|Dazzling Gleam|p1a: Ember|[spread] p1a,p1b\n|-resisted|p1a: Ember\n|-resisted|p1b: Dug\n|-damage|p1a: Ember|73\/100\n|-damage|p1b: Dug|73\/100\n|move|p2b: Mushroom|Struggle Bug|p1b: Dug|[spread] p1a,p1b\n|-resisted|p1a: Ember\n|-damage|p1a: Ember|70\/100\n|-damage|p1b: Dug|62\/100\n|-unboost|p1a: Ember|spa|1\n|-unboost|p1b: Dug|spa|1\n|\n|upkeep\n|turn|3\n|\n|t:|1701031695\n|move|p2b: Mushroom|Helping Hand|p2a: Alicent Hightower\n|-singleturn|p2a: Alicent Hightower|Helping Hand|[of] p2b: Mushroom\n|move|p2a: Alicent Hightower|Heat Wave|p1a: Ember|[spread] p1a,p1b\n|-resisted|p1a: Ember\n|-crit|p1b: Dug\n|-damage|p1a: Ember|18\/100\n|-damage|p1b: Dug|0 fnt\n|faint|p1b: Dug\n|move|p1a: Ember|Heat Wave|p2a: Alicent Hightower|[spread] p2a,p2b\n|-supereffective|p2b: Mushroom\n|-damage|p2a: Alicent Hightower|1\/100\n|-damage|p2b: Mushroom|10\/100\n|-damage|p1a: Ember|9\/100|[from] item: Life Orb\n|\n|upkeep\n|\n|t:|1701031704\n|switch|p1b: Tinkerbelle|Clefable, L50, F, shiny|100\/100\n|turn|4\n|\n|t:|1701031726\n|move|p2b: Mushroom|Helping Hand|p2a: Alicent Hightower\n|-singleturn|p2a: Alicent Hightower|Helping Hand|[of] p2b: Mushroom\n|move|p1a: Ember|Protect|p1a: Ember\n|-singleturn|p1a: Ember|Protect\n|move|p2a: Alicent Hightower|Sludge Wave|p1a: Ember|[spread] p2b,p1b\n|-activate|p1a: Ember|move: Protect\n|-supereffective|p1b: Tinkerbelle\n|-damage|p2b: Mushroom|0 fnt\n|-damage|p1b: Tinkerbelle|0 fnt\n|faint|p2b: Mushroom\n|faint|p1b: Tinkerbelle\n|\n|upkeep\n|\n|t:|1701031734\n|switch|p2b: Borros Baratheon|Magnezone, L50|100\/100\n|switch|p1b: Steve|Krookodile, L50, F, shiny|11\/100\n|turn|5\n|\n|t:|1701031743\n|move|p2a: Alicent Hightower|Sludge Wave|p1a: Ember|[spread] p1a,p1b\n|-immune|p2b: Borros Baratheon\n|-resisted|p1b: Steve\n|-damage|p1a: Ember|0 fnt\n|-damage|p1b: Steve|0 fnt\n|faint|p1a: Ember\n|faint|p1b: Steve\n|\n|win|BBRAFF\n|c|\u2606omg_its_daddy|gg\n|c|\u2606BBRAFF|gg!\n|l|\u2606omg_its_daddy\n","uploadtime":1701031819,"views":60,"p1id":"omgitsdaddy","p2id":"bbraff","formatid":"gen9vgc2023regulatione","rating":0,"private":0,"password":""}