{"id":"gen9vgc2023regulatione-1994598135","p1":"Lon Jackdon","p2":"tyl8","format":"[Gen 9] VGC 2023 Regulation E","log":"|j|\u2606Lon Jackdon\n|j|\u2606tyl8\n|t:|1700466847\n|gametype|doubles\n|player|p1|Lon Jackdon|colress|1181\n|player|p2|tyl8|dawn|1275\n|teamsize|p1|6\n|teamsize|p2|6\n|gen|9\n|tier|[Gen 9] VGC 2023 Regulation E\n|rated|\n|rule|Species Clause: Limit one of each Pok\u00e9mon\n|rule|Item Clause: Limit one of each item\n|clearpoke\n|poke|p1|Tyranitar, L50, M|\n|poke|p1|Houndstone, L50, M|\n|poke|p1|Iron Bundle, L50|\n|poke|p1|Ogerpon-Wellspring, L50, F|\n|poke|p1|Zapdos-Galar, L50|\n|poke|p1|Arcanine-Hisui, L50, F|\n|poke|p2|Gholdengo, L50|\n|poke|p2|Ogerpon-Wellspring, L50, F|\n|poke|p2|Roaring Moon, L50|\n|poke|p2|Iron Hands, L50|\n|poke|p2|Tornadus, L50, M|\n|poke|p2|Arcanine-Hisui, L50, F|\n|teampreview|4\n|inactive|Battle timer is ON: inactive players will automatically lose when time's up. (requested by tyl8)\n|\n|t:|1700466874\n|start\n|switch|p1a: Arcanine|Arcanine-Hisui, L50, F|100\/100\n|switch|p1b: Zapdos|Zapdos-Galar, L50|100\/100\n|switch|p2a: Gholdengo|Gholdengo, L50|100\/100\n|switch|p2b: Tornadus|Tornadus, L50, M|100\/100\n|-ability|p1a: Arcanine|Intimidate|boost\n|-unboost|p2a: Gholdengo|atk|1\n|-unboost|p2b: Tornadus|atk|1\n|turn|1\n|\n|t:|1700466897\n|-terastallize|p1a: Arcanine|Grass\n|move|p1b: Zapdos|Protect|p1b: Zapdos\n|-singleturn|p1b: Zapdos|Protect\n|move|p2a: Gholdengo|Protect|p2a: Gholdengo\n|-singleturn|p2a: Gholdengo|Protect\n|move|p2b: Tornadus|Rain Dance|p2b: Tornadus\n|-weather|RainDance\n|move|p1a: Arcanine|Flare Blitz|p2a: Gholdengo\n|-activate|p2a: Gholdengo|move: Protect\n|\n|-weather|RainDance|[upkeep]\n|upkeep\n|turn|2\n|\n|t:|1700466915\n|-terastallize|p2a: Gholdengo|Dragon\n|move|p1b: Zapdos|Knock Off|p2a: Gholdengo\n|-damage|p2a: Gholdengo|71\/100\n|-enditem|p2a: Gholdengo|Leftovers|[from] move: Knock Off|[of] p1b: Zapdos\n|move|p2b: Tornadus|Bleakwind Storm|p1a: Arcanine|[spread] p1a,p1b\n|-supereffective|p1a: Arcanine\n|-supereffective|p1b: Zapdos\n|-damage|p1a: Arcanine|23\/100\n|-damage|p1b: Zapdos|27\/100\n|-unboost|p1a: Arcanine|spe|1\n|move|p2a: Gholdengo|Nasty Plot|p2a: Gholdengo\n|-boost|p2a: Gholdengo|spa|2\n|move|p1a: Arcanine|Rock Slide|p2a: Gholdengo|[spread] p2a\n|-miss|p1a: Arcanine|p2b: Tornadus\n|-damage|p2a: Gholdengo|39\/100\n|-damage|p1a: Arcanine|13\/100|[from] item: Life Orb\n|\n|-weather|RainDance|[upkeep]\n|upkeep\n|turn|3\n|inactive|Lon Jackdon has 30 seconds left.\n|inactive|Lon Jackdon has 20 seconds left.\n|\n|t:|1700466952\n|move|p2a: Gholdengo|Protect|p2a: Gholdengo\n|-singleturn|p2a: Gholdengo|Protect\n|move|p1a: Arcanine|Protect|p1a: Arcanine\n|-singleturn|p1a: Arcanine|Protect\n|move|p1b: Zapdos|Thunderous Kick|p2a: Gholdengo\n|-activate|p2a: Gholdengo|move: Protect\n|move|p2b: Tornadus|Bleakwind Storm|p1a: Arcanine|[spread] p1b\n|-activate|p1a: Arcanine|move: Protect\n|-supereffective|p1b: Zapdos\n|-damage|p1b: Zapdos|0 fnt\n|faint|p1b: Zapdos\n|\n|-weather|RainDance|[upkeep]\n|upkeep\n|\n|t:|1700466965\n|switch|p1b: Iron Bundle|Iron Bundle, L50|100\/100\n|-enditem|p1b: Iron Bundle|Booster Energy\n|-activate|p1b: Iron Bundle|ability: Quark Drive|[fromitem]\n|-start|p1b: Iron Bundle|quarkdrivespe\n|turn|4\n|inactive|tyl8 has 30 seconds left.\n|\n|t:|1700466995\n|switch|p2a: Iron Hands|Iron Hands, L50|100\/100\n|switch|p1a: Ogerpon|Ogerpon-Wellspring, L50, F|100\/100\n|move|p1b: Iron Bundle|Icy Wind|p2a: Iron Hands|[spread] p2a\n|-miss|p1b: Iron Bundle|p2b: Tornadus\n|-damage|p2a: Iron Hands|89\/100\n|-unboost|p2a: Iron Hands|spe|1\n|move|p2b: Tornadus|Bleakwind Storm|p1a: Ogerpon|[spread] p1a,p1b\n|-supereffective|p1a: Ogerpon\n|-damage|p1a: Ogerpon|27\/100\n|-damage|p1b: Iron Bundle|36\/100\n|-unboost|p1a: Ogerpon|spe|1\n|-unboost|p1b: Iron Bundle|spe|1\n|\n|-weather|RainDance|[upkeep]\n|upkeep\n|turn|5\n|\n|t:|1700467020\n|switch|p1a: Arcanine|Arcanine-Hisui, L50, F, tera:Grass|13\/100\n|-ability|p1a: Arcanine|Intimidate|boost\n|-unboost|p2a: Iron Hands|atk|1\n|-unboost|p2b: Tornadus|atk|1\n|move|p2a: Iron Hands|Fake Out|p1b: Iron Bundle\n|-damage|p1b: Iron Bundle|23\/100\n|cant|p1b: Iron Bundle|flinch\n|move|p2b: Tornadus|Bleakwind Storm|p1b: Iron Bundle|[spread] p1a,p1b\n|-supereffective|p1a: Arcanine\n|-damage|p1a: Arcanine|0 fnt\n|-damage|p1b: Iron Bundle|0 fnt\n|faint|p1a: Arcanine\n|faint|p1b: Iron Bundle\n|-end|p1b: Iron Bundle|Quark Drive|[silent]\n|\n|-weather|none\n|upkeep\n|-message|Lon Jackdon forfeited.\n|\n|win|tyl8\n|raw|Lon Jackdon's rating: 1181 &rarr; <strong>1163<\/strong><br \/>(-18 for losing)\n|raw|tyl8's rating: 1275 &rarr; <strong>1293<\/strong><br \/>(+18 for winning)\n|l|\u2606Lon Jackdon\n|c|\u2606tyl8|Gg\n","uploadtime":1700467039,"views":5,"p1id":"lonjackdon","p2id":"tyl8","formatid":"gen9vgc2023regulatione","rating":1163,"private":0,"password":""}