{"id":"gen9vgc2023regulatione-1993854711","p1":"Darthmaul390","p2":"ramennoodsz","format":"[Gen 9] VGC 2023 Regulation E","log":"|j|\u2606Darthmaul390\n|j|\u2606ramennoodsz\n|t:|1700365722\n|gametype|doubles\n|player|p1|Darthmaul390|169|1208\n|player|p2|ramennoodsz|266|1257\n|teamsize|p1|6\n|teamsize|p2|6\n|gen|9\n|tier|[Gen 9] VGC 2023 Regulation E\n|rated|\n|rule|Species Clause: Limit one of each Pok\u00e9mon\n|rule|Item Clause: Limit one of each item\n|clearpoke\n|poke|p1|Milotic, L50, F|\n|poke|p1|Rillaboom, L50, F|\n|poke|p1|Talonflame, L50, M|\n|poke|p1|Heatran, L50, F|\n|poke|p1|Roaring Moon, L50|\n|poke|p1|Flutter Mane, L50|\n|poke|p2|Grimmsnarl, L50, M|\n|poke|p2|Flutter Mane, L50|\n|poke|p2|Amoonguss, L50, F|\n|poke|p2|Iron Hands, L50|\n|poke|p2|Kingambit, L50, M|\n|poke|p2|Urshifu-*, L50, F|\n|teampreview|4\n|inactive|Battle timer is ON: inactive players will automatically lose when time's up. (requested by ramennoodsz)\n|inactive|Darthmaul390 has 60 seconds left.\n|inactive|ramennoodsz has 60 seconds left.\n|\n|t:|1700365779\n|start\n|switch|p1a: Talonflame|Talonflame, L50, M|100\/100\n|switch|p1b: Flutter Mane|Flutter Mane, L50|100\/100\n|switch|p2a: Grimmsnarl|Grimmsnarl, L50, M|100\/100\n|switch|p2b: Amoonguss|Amoonguss, L50, F|100\/100\n|turn|1\n|\n|t:|1700365799\n|move|p1b: Flutter Mane|Protect|p1b: Flutter Mane\n|-singleturn|p1b: Flutter Mane|Protect\n|move|p2a: Grimmsnarl|Fake Out|p1a: Talonflame\n|-damage|p1a: Talonflame|88\/100\n|cant|p1a: Talonflame|flinch\n|move|p2b: Amoonguss|Spore|p1b: Flutter Mane\n|-activate|p1b: Flutter Mane|move: Protect\n|\n|upkeep\n|turn|2\n|inactive|Darthmaul390 has 30 seconds left.\n|\n|t:|1700365834\n|move|p2b: Amoonguss|Protect|p2b: Amoonguss\n|-singleturn|p2b: Amoonguss|Protect\n|move|p2a: Grimmsnarl|Light Screen|p2a: Grimmsnarl\n|-sidestart|p2: ramennoodsz|move: Light Screen\n|move|p1b: Flutter Mane|Power Gem|p2b: Amoonguss\n|-activate|p2b: Amoonguss|move: Protect\n|move|p1a: Talonflame|Acrobatics|p2b: Amoonguss\n|-activate|p2b: Amoonguss|move: Protect\n|\n|upkeep\n|turn|3\n|inactive|ramennoodsz has 30 seconds left.\n|\n|t:|1700365860\n|switch|p2b: Iron Hands|Iron Hands, L50|100\/100\n|move|p1b: Flutter Mane|Protect|p1b: Flutter Mane\n|-singleturn|p1b: Flutter Mane|Protect\n|move|p1a: Talonflame|Acrobatics|p2b: Iron Hands\n|-damage|p2b: Iron Hands|75\/100\n|move|p2a: Grimmsnarl|Spirit Break|p1b: Flutter Mane\n|-activate|p1b: Flutter Mane|move: Protect\n|\n|upkeep\n|turn|4\n|\n|t:|1700365883\n|-terastallize|p1b: Flutter Mane|Fairy\n|move|p1b: Flutter Mane|Dazzling Gleam|p2a: Grimmsnarl|[spread] p2a,p2b\n|-supereffective|p2a: Grimmsnarl\n|-supereffective|p2b: Iron Hands\n|-damage|p2a: Grimmsnarl|46\/100\n|-damage|p2b: Iron Hands|44\/100\n|-enditem|p2a: Grimmsnarl|Eject Button\n|\n|t:|1700365893\n|switch|p2a: Amoonguss|Amoonguss, L50, F|100\/100\n|move|p1a: Talonflame|Acrobatics|p2b: Iron Hands\n|-damage|p2b: Iron Hands|21\/100\n|move|p2b: Iron Hands|Wild Charge|p1a: Talonflame\n|-supereffective|p1a: Talonflame\n|-damage|p1a: Talonflame|0 fnt\n|faint|p1a: Talonflame\n|-damage|p2b: Iron Hands|6\/100|[from] Recoil\n|\n|upkeep\n|\n|t:|1700365906\n|switch|p1a: Rillaboom|Rillaboom, L50, F|100\/100\n|-fieldstart|move: Grassy Terrain|[from] ability: Grassy Surge|[of] p1a: Rillaboom\n|turn|5\n|\n|t:|1700365917\n|-end|p2b: Iron Hands|Quark Drive|[silent]\n|switch|p2b: Grimmsnarl|Grimmsnarl, L50, M|46\/100\n|move|p2a: Amoonguss|Protect|p2a: Amoonguss\n|-singleturn|p2a: Amoonguss|Protect\n|move|p1a: Rillaboom|Fake Out|p2b: Grimmsnarl\n|-damage|p2b: Grimmsnarl|30\/100\n|move|p1b: Flutter Mane|Power Gem|p2a: Amoonguss\n|-activate|p2a: Amoonguss|move: Protect\n|\n|-heal|p2b: Grimmsnarl|36\/100|[from] Grassy Terrain\n|upkeep\n|turn|6\n|inactive|Darthmaul390 has 30 seconds left.\n|\n|t:|1700365951\n|move|p2b: Grimmsnarl|Parting Shot|p1a: Rillaboom\n|-unboost|p1a: Rillaboom|atk|1\n|-unboost|p1a: Rillaboom|spa|1\n|\n|t:|1700365967\n|switch|p2b: Iron Hands|Iron Hands, L50|6\/100|[from] Parting Shot\n|move|p1b: Flutter Mane|Power Gem|p2a: Amoonguss\n|-damage|p2a: Amoonguss|86\/100\n|move|p1a: Rillaboom|High Horsepower|p2a: Amoonguss\n|-damage|p2a: Amoonguss|65\/100\n|-damage|p1a: Rillaboom|84\/100|[from] item: Rocky Helmet|[of] p2a: Amoonguss\n|move|p2a: Amoonguss|Spore|p1b: Flutter Mane\n|-status|p1b: Flutter Mane|slp|[from] move: Spore\n|\n|-heal|p1a: Rillaboom|90\/100|[from] Grassy Terrain\n|-heal|p2b: Iron Hands|12\/100|[from] Grassy Terrain\n|-heal|p2a: Amoonguss|71\/100|[from] Grassy Terrain\n|-sideend|p2: ramennoodsz|move: Light Screen\n|upkeep\n|turn|7\n|inactive|Darthmaul390 has 30 seconds left.\n|\n|t:|1700365998\n|-end|p1b: Flutter Mane|Protosynthesis|[silent]\n|switch|p1b: Heatran|Heatran, L50, F|100\/100\n|move|p2b: Iron Hands|Fake Out|p1a: Rillaboom\n|-damage|p1a: Rillaboom|75\/100\n|cant|p1a: Rillaboom|flinch\n|move|p2a: Amoonguss|Pollen Puff|p2b: Iron Hands\n|-heal|p2b: Iron Hands|62\/100\n|\n|-heal|p1a: Rillaboom|81\/100|[from] Grassy Terrain\n|-heal|p2b: Iron Hands|67\/100|[from] Grassy Terrain\n|-heal|p2a: Amoonguss|77\/100|[from] Grassy Terrain\n|upkeep\n|turn|8\n|inactive|Darthmaul390 has 30 seconds left.\n|inactive|ramennoodsz has 30 seconds left.\n|\n|t:|1700366029\n|move|p1a: Rillaboom|High Horsepower|p2b: Iron Hands\n|-supereffective|p2b: Iron Hands\n|-damage|p2b: Iron Hands|36\/100\n|move|p1b: Heatran|Heat Wave|p2b: Iron Hands|[spread] p2a,p2b\n|-supereffective|p2a: Amoonguss\n|-damage|p2a: Amoonguss|9\/100\n|-damage|p2b: Iron Hands|11\/100\n|-damage|p1b: Heatran|91\/100|[from] item: Life Orb\n|move|p2b: Iron Hands|Drain Punch|p1b: Heatran\n|-supereffective|p1b: Heatran\n|-damage|p1b: Heatran|15\/100\n|-heal|p2b: Iron Hands|40\/100|[from] drain|[of] p1b: Heatran\n|move|p2a: Amoonguss|Pollen Puff|p2b: Iron Hands\n|-heal|p2b: Iron Hands|90\/100\n|\n|-heal|p1a: Rillaboom|87\/100|[from] Grassy Terrain\n|-heal|p1b: Heatran|21\/100|[from] Grassy Terrain\n|-heal|p2b: Iron Hands|96\/100|[from] Grassy Terrain\n|-heal|p2a: Amoonguss|15\/100|[from] Grassy Terrain\n|upkeep\n|turn|9\n|inactive|Darthmaul390 has 30 seconds left.\n|inactive|ramennoodsz has 30 seconds left.\n|\n|t:|1700366059\n|move|p1b: Heatran|Protect|p1b: Heatran\n|-singleturn|p1b: Heatran|Protect\n|move|p2a: Amoonguss|Protect|p2a: Amoonguss\n|-singleturn|p2a: Amoonguss|Protect\n|move|p1a: Rillaboom|High Horsepower|p2b: Iron Hands\n|-supereffective|p2b: Iron Hands\n|-damage|p2b: Iron Hands|66\/100\n|move|p2b: Iron Hands|Drain Punch|p1b: Heatran\n|-activate|p1b: Heatran|move: Protect\n|\n|-heal|p1a: Rillaboom|93\/100|[from] Grassy Terrain\n|-heal|p1b: Heatran|27\/100|[from] Grassy Terrain\n|-heal|p2b: Iron Hands|72\/100|[from] Grassy Terrain\n|-heal|p2a: Amoonguss|20\/100|[from] Grassy Terrain\n|-fieldend|move: Grassy Terrain\n|upkeep\n|turn|10\n|\n|t:|1700366083\n|switch|p2a: Grimmsnarl|Grimmsnarl, L50, M|36\/100\n|move|p1a: Rillaboom|High Horsepower|p2b: Iron Hands\n|-supereffective|p2b: Iron Hands\n|-damage|p2b: Iron Hands|45\/100\n|move|p1b: Heatran|Earth Power|p2b: Iron Hands\n|-supereffective|p2b: Iron Hands\n|-damage|p2b: Iron Hands|8\/100\n|-damage|p1b: Heatran|18\/100|[from] item: Life Orb\n|move|p2b: Iron Hands|Drain Punch|p1a: Rillaboom\n|-damage|p1a: Rillaboom|55\/100\n|-heal|p2b: Iron Hands|23\/100|[from] drain|[of] p1a: Rillaboom\n|\n|upkeep\n|turn|11\n|inactive|ramennoodsz has 30 seconds left.\n|\n|t:|1700366110\n|-end|p2b: Iron Hands|Quark Drive|[silent]\n|switch|p2b: Amoonguss|Amoonguss, L50, F|53\/100\n|move|p2a: Grimmsnarl|Light Screen|p2a: Grimmsnarl\n|-sidestart|p2: ramennoodsz|move: Light Screen\n|move|p1a: Rillaboom|High Horsepower|p2b: Amoonguss|[miss]\n|-miss|p1a: Rillaboom|p2b: Amoonguss\n|move|p1b: Heatran|Heat Wave|p2b: Amoonguss|[spread] p2a,p2b\n|-supereffective|p2b: Amoonguss\n|-damage|p2a: Grimmsnarl|9\/100\n|-damage|p2b: Amoonguss|0 fnt\n|faint|p2b: Amoonguss\n|-damage|p1b: Heatran|8\/100|[from] item: Life Orb\n|\n|upkeep\n|\n|t:|1700366122\n|switch|p2b: Flutter Mane|Flutter Mane, L50|100\/100\n|turn|12\n|\n|t:|1700366135\n|-terastallize|p2b: Flutter Mane|Fairy\n|move|p1b: Heatran|Protect|p1b: Heatran\n|-singleturn|p1b: Heatran|Protect\n|move|p2a: Grimmsnarl|Parting Shot|p1a: Rillaboom\n|-unboost|p1a: Rillaboom|atk|1\n|-unboost|p1a: Rillaboom|spa|1\n|\n|t:|1700366143\n|switch|p2a: Iron Hands|Iron Hands, L50|23\/100|[from] Parting Shot\n|move|p2b: Flutter Mane|Dazzling Gleam|p1a: Rillaboom|[spread] p1a\n|-activate|p1b: Heatran|move: Protect\n|-damage|p1a: Rillaboom|10\/100\n|move|p1a: Rillaboom|Grassy Glide|p2a: Iron Hands\n|-damage|p2a: Iron Hands|13\/100\n|\n|upkeep\n|turn|13\n|inactive|Darthmaul390 has 30 seconds left.\n|\n|t:|1700366169\n|move|p1b: Heatran|Protect||[still]\n|-fail|p1b: Heatran\n|move|p2b: Flutter Mane|Dazzling Gleam|p1b: Heatran|[spread] p1a,p1b\n|-resisted|p1b: Heatran\n|-damage|p1a: Rillaboom|0 fnt\n|-damage|p1b: Heatran|0 fnt\n|faint|p1a: Rillaboom\n|faint|p1b: Heatran\n|move|p2a: Iron Hands|Heavy Slam|p1: Rillaboom|[notarget]\n|-fail|p2a: Iron Hands\n|\n|upkeep\n|\n|t:|1700366180\n|switch|p1b: Flutter Mane|Flutter Mane, L50, tera:Fairy|100\/100 slp\n|turn|14\n|\n|t:|1700366189\n|cant|p1b: Flutter Mane|slp\n|move|p2b: Flutter Mane|Dazzling Gleam|p1b: Flutter Mane\n|-damage|p1b: Flutter Mane|7\/100 slp\n|move|p2a: Iron Hands|Heavy Slam|p1b: Flutter Mane\n|-supereffective|p1b: Flutter Mane\n|-damage|p1b: Flutter Mane|0 fnt\n|faint|p1b: Flutter Mane\n|-end|p1b: Flutter Mane|Protosynthesis|[silent]\n|\n|win|ramennoodsz\n|raw|Darthmaul390's rating: 1208 &rarr; <strong>1187<\/strong><br \/>(-21 for losing)\n|raw|ramennoodsz's rating: 1257 &rarr; <strong>1278<\/strong><br \/>(+21 for winning)\n","uploadtime":1700366196,"views":10,"p1id":"darthmaul390","p2id":"ramennoodsz","formatid":"gen9vgc2023regulatione","rating":1187,"private":0,"password":""}