{"id":"gen9vgc2023regulatione-1998712264","p1":"Lab Gamer","p2":"EdwinVGC","format":"[Gen 9] VGC 2023 Regulation E","log":"|j|\u2606Lab Gamer\n|j|\u2606EdwinVGC\n|n|\u2606Lab Gamer|labgamer\n|n|\u2606EdwinVGC|edwinvgc\n|html|View the match progress at <a href=\"\/game-bestof3-gen9vgc2023regulatione-1998707252\">game-bestof3-gen9vgc2023regulatione-1998707252<\/a>\n|t:|1700976318\n|gametype|doubles\n|player|p1|Lab Gamer|acetrainersnow|\n|player|p2|EdwinVGC|266|\n|teamsize|p1|6\n|teamsize|p2|6\n|gen|9\n|tier|[Gen 9] VGC 2023 Regulation E\n|rule|Species Clause: Limit one of each Pok\u00e9mon\n|rule|Item Clause: Limit one of each item\n|clearpoke\n|poke|p1|Chien-Pao, L50|\n|poke|p1|Iron Hands, L50|\n|poke|p1|Landorus-Therian, L50, M|\n|poke|p1|Volcarona, L50, F|\n|poke|p1|Kingambit, L50, M|\n|poke|p1|Sinistcha-Masterpiece, L50|\n|poke|p2|Pelipper, L50, M|\n|poke|p2|Urshifu-*, L50, M|\n|poke|p2|Amoonguss, L50, F|\n|poke|p2|Iron Hands, L50|\n|poke|p2|Gholdengo, L50|\n|poke|p2|Farigiraf, L50, M|\n|teampreview|4\nEdwinVGC has agreed to open team sheets.\nLab Gamer has agreed to open team sheets.\n|showteam|p1|Chien-Pao||FocusSash|SwordofRuin|IceSpinner,SuckerPunch,SacredSword,Protect||||||50|,,,,,Ghost]Iron Hands||AssaultVest|QuarkDrive|DrainPunch,WildCharge,HeavySlam,FakeOut||||||50|,,,,,Fire]Landorus-Therian||ChoiceScarf|Intimidate|RockSlide,StompingTantrum,TeraBlast,Uturn|||M|||50|,,,,,Flying]Volcarona||Leftovers|FlameBody|Flamethrower,GigaDrain,QuiverDance,Protect|||F|||50|,,,,,Grass]Kingambit||BlackGlasses|Defiant|KowtowCleave,SwordsDance,SuckerPunch,Protect|||M|||50|,,,,,Poison]Sinistcha-Masterpiece||RockyHelmet|Hospitality|MatchaGotcha,StrengthSap,RagePowder,TrickRoom||||||50|,,,,,Fairy\n|showteam|p2|Pelipper||FocusSash|Drizzle|Hurricane,Tailwind,WideGuard,WeatherBall|||M|||50|,,,,,Steel]Urshifu-Rapid-Strike||MysticWater|UnseenFist|SurgingStrikes,AquaJet,Detect,CloseCombat|||M|||50|,,,,,Water]Amoonguss||RockyHelmet|Regenerator|Spore,RagePowder,PollenPuff,Protect|||F|||50|,,,,,Water]Iron Hands||AssaultVest|QuarkDrive|DrainPunch,WildCharge,FakeOut,HeavySlam||||||50|,,,,,Fire]Gholdengo||Leftovers|GoodasGold|MakeItRain,NastyPlot,ShadowBall,Protect||||||50|,,,,,Dragon]Farigiraf||SitrusBerry|ArmorTail|Psyshock,DazzlingGleam,HelpingHand,TrickRoom|||M|||50|,,,,,Fairy\n|\n|t:|1700976404\n|start\n|switch|p1a: Volcarona|Volcarona, L50, F|100\/100\n|switch|p1b: Landorus|Landorus-Therian, L50, M|100\/100\n|switch|p2a: Iron Hands|Iron Hands, L50|100\/100\n|switch|p2b: Farigiraf|Farigiraf, L50, M|100\/100\n|-ability|p1b: Landorus|Intimidate|boost\n|-unboost|p2a: Iron Hands|atk|1\n|-unboost|p2b: Farigiraf|atk|1\n|turn|1\n|\n|t:|1700976485\n|move|p2a: Iron Hands|Fake Out|p1b: Landorus\n|-damage|p1b: Landorus|89\/100\n|cant|p1b: Landorus|flinch\n|move|p1a: Volcarona|Quiver Dance|p1a: Volcarona\n|-boost|p1a: Volcarona|spa|1\n|-boost|p1a: Volcarona|spd|1\n|-boost|p1a: Volcarona|spe|1\n|move|p2b: Farigiraf|Psyshock|p1b: Landorus\n|-damage|p1b: Landorus|55\/100\n|\n|upkeep\n|turn|2\n|\n|t:|1700976508\n|-end|p2a: Iron Hands|Quark Drive|[silent]\n|switch|p2a: Pelipper|Pelipper, L50, M|100\/100\n|-weather|RainDance|[from] ability: Drizzle|[of] p2a: Pelipper\n|move|p1b: Landorus|U-turn|p2b: Farigiraf\n|-supereffective|p2b: Farigiraf\n|-damage|p2b: Farigiraf|58\/100\n|\n|t:|1700976516\n|switch|p1b: Iron Hands|Iron Hands, L50|100\/100|[from] U-turn\n|move|p1a: Volcarona|Quiver Dance|p1a: Volcarona\n|-boost|p1a: Volcarona|spa|1\n|-boost|p1a: Volcarona|spd|1\n|-boost|p1a: Volcarona|spe|1\n|move|p2b: Farigiraf|Trick Room|p2b: Farigiraf\n|-fieldstart|move: Trick Room|[of] p2b: Farigiraf\n|\n|-weather|RainDance|[upkeep]\n|upkeep\n|turn|3\n|\n|t:|1700976555\n|switch|p2a: Iron Hands|Iron Hands, L50|100\/100\n|move|p1a: Volcarona|Protect|p1a: Volcarona\n|-singleturn|p1a: Volcarona|Protect\n|move|p2b: Farigiraf|Psyshock|p1a: Volcarona\n|-activate|p1a: Volcarona|move: Protect\n|move|p1b: Iron Hands|Wild Charge|p2a: Iron Hands\n|-resisted|p2a: Iron Hands\n|-damage|p2a: Iron Hands|81\/100\n|-damage|p1b: Iron Hands|96\/100|[from] Recoil\n|\n|-weather|RainDance|[upkeep]\n|upkeep\n|turn|4\n|\n|t:|1700976588\n|move|p2a: Iron Hands|Fake Out|p1b: Iron Hands\n|-damage|p1b: Iron Hands|84\/100\n|move|p2b: Farigiraf|Psyshock|p1a: Volcarona\n|-damage|p1a: Volcarona|56\/100\n|cant|p1b: Iron Hands|flinch\n|move|p1a: Volcarona|Giga Drain|p2b: Farigiraf\n|-damage|p2b: Farigiraf|15\/100\n|-heal|p1a: Volcarona|81\/100|[from] drain|[of] p2b: Farigiraf\n|-enditem|p2b: Farigiraf|Sitrus Berry|[eat]\n|-heal|p2b: Farigiraf|40\/100|[from] item: Sitrus Berry\n|\n|-weather|RainDance|[upkeep]\n|-heal|p1a: Volcarona|87\/100|[from] item: Leftovers\n|upkeep\n|turn|5\n|\n|t:|1700976645\n|-terastallize|p2a: Iron Hands|Fire\n|-terastallize|p1a: Volcarona|Grass\n|move|p2b: Farigiraf|Helping Hand|p2a: Iron Hands\n|-singleturn|p2a: Iron Hands|Helping Hand|[of] p2b: Farigiraf\n|move|p1b: Iron Hands|Wild Charge|p2a: Iron Hands\n|-damage|p2a: Iron Hands|44\/100\n|-damage|p1b: Iron Hands|75\/100|[from] Recoil\n|move|p2a: Iron Hands|Drain Punch|p1b: Iron Hands\n|-damage|p1b: Iron Hands|29\/100\n|-heal|p2a: Iron Hands|67\/100|[from] drain|[of] p1b: Iron Hands\n|move|p1a: Volcarona|Giga Drain|p2b: Farigiraf\n|-damage|p2b: Farigiraf|0 fnt\n|-heal|p1a: Volcarona|100\/100|[from] drain|[of] p2b: Farigiraf\n|faint|p2b: Farigiraf\n|\n|-weather|RainDance|[upkeep]\n|upkeep\n|\n|t:|1700976665\n|switch|p2b: Pelipper|Pelipper, L50, M|100\/100\n|turn|6\n|\n|t:|1700976699\n|move|p1a: Volcarona|Protect|p1a: Volcarona\n|-singleturn|p1a: Volcarona|Protect\n|move|p1b: Iron Hands|Wild Charge|p2b: Pelipper\n|-supereffective|p2b: Pelipper\n|-enditem|p2b: Pelipper|Focus Sash\n|-damage|p2b: Pelipper|1\/100\n|-damage|p1b: Iron Hands|14\/100|[from] Recoil\n|move|p2a: Iron Hands|Drain Punch|p1b: Iron Hands\n|-damage|p1b: Iron Hands|0 fnt\n|-heal|p2a: Iron Hands|74\/100|[from] drain|[of] p1b: Iron Hands\n|faint|p1b: Iron Hands\n|-end|p1b: Iron Hands|Quark Drive|[silent]\n|move|p2b: Pelipper|Tailwind|p2b: Pelipper\n|-sidestart|p2: EdwinVGC|move: Tailwind\n|\n|-weather|none\n|-fieldend|move: Trick Room\n|upkeep\n|\n|t:|1700976718\n|switch|p1b: Landorus|Landorus-Therian, L50, M|55\/100\n|-ability|p1b: Landorus|Intimidate|boost\n|-unboost|p2a: Iron Hands|atk|1\n|-unboost|p2b: Pelipper|atk|1\n|turn|7\n|\n|t:|1700976750\n|-end|p2a: Iron Hands|Quark Drive|[silent]\n|switch|p2a: Urshifu|Urshifu-Rapid-Strike, L50, M|100\/100\n|move|p2b: Pelipper|Wide Guard|p2b: Pelipper\n|-singleturn|p2b: Pelipper|Wide Guard\n|move|p1a: Volcarona|Giga Drain|p2b: Pelipper\n|-damage|p2b: Pelipper|0 fnt\n|faint|p2b: Pelipper\n|move|p1b: Landorus|Rock Slide|p2a: Urshifu\n|-activate|p2a: Urshifu|move: Wide Guard\n|\n|upkeep\n|\n|t:|1700976760\n|switch|p2b: Iron Hands|Iron Hands, L50, tera:Fire|74\/100\n|turn|8\n|\n|t:|1700976800\n|move|p2b: Iron Hands|Fake Out|p1a: Volcarona\n|-damage|p1a: Volcarona|81\/100\n|move|p2a: Urshifu|Surging Strikes|p1b: Landorus\n|-supereffective|p1b: Landorus\n|-crit|p1b: Landorus\n|-damage|p1b: Landorus|8\/100\n|-supereffective|p1b: Landorus\n|-crit|p1b: Landorus\n|-damage|p1b: Landorus|0 fnt\n|faint|p1b: Landorus\n|-hitcount|p1: Landorus|2\n|cant|p1a: Volcarona|flinch\n|\n|-heal|p1a: Volcarona|87\/100|[from] item: Leftovers\n|upkeep\n|\n|t:|1700976814\n|switch|p1b: Sinistcha|Sinistcha-Masterpiece, L50|100\/100\n|-heal|p1a: Volcarona|100\/100|[from] ability: Hospitality|[of] p1b: Sinistcha\n|turn|9\n|\n|t:|1700976852\n|move|p2a: Urshifu|Detect|p2a: Urshifu\n|-singleturn|p2a: Urshifu|Protect\n|move|p1b: Sinistcha|Rage Powder|p1b: Sinistcha\n|-singleturn|p1b: Sinistcha|move: Rage Powder\n|move|p1a: Volcarona|Giga Drain|p2a: Urshifu\n|-activate|p2a: Urshifu|move: Protect\n|move|p2b: Iron Hands|Heavy Slam|p1b: Sinistcha\n|-damage|p1b: Sinistcha|64\/100\n|-damage|p2b: Iron Hands|57\/100|[from] item: Rocky Helmet|[of] p1b: Sinistcha\n|\n|-sideend|p2: EdwinVGC|move: Tailwind\n|upkeep\n|turn|10\n|\n|t:|1700976884\n|move|p1a: Volcarona|Giga Drain|p2a: Urshifu\n|-supereffective|p2a: Urshifu\n|-damage|p2a: Urshifu|0 fnt\n|faint|p2a: Urshifu\n|move|p1b: Sinistcha|Strength Sap|p2b: Iron Hands\n|-unboost|p2b: Iron Hands|atk|1\n|-heal|p1b: Sinistcha|100\/100\n|move|p2b: Iron Hands|Heavy Slam|p1a: Volcarona\n|-damage|p1a: Volcarona|61\/100\n|\n|-heal|p1a: Volcarona|67\/100|[from] item: Leftovers\n|upkeep\n|turn|11\n|\n|t:|1700976912\n|move|p1a: Volcarona|Flamethrower|p2b: Iron Hands\n|-resisted|p2b: Iron Hands\n|-damage|p2b: Iron Hands|35\/100\n|move|p1b: Sinistcha|Strength Sap|p2b: Iron Hands\n|-unboost|p2b: Iron Hands|atk|1\n|move|p2b: Iron Hands|Wild Charge|p1a: Volcarona\n|-resisted|p1a: Volcarona\n|-damage|p1a: Volcarona|50\/100\n|-damage|p2b: Iron Hands|32\/100|[from] Recoil\n|\n|-heal|p1a: Volcarona|56\/100|[from] item: Leftovers\n|upkeep\n|turn|12\n|\n|t:|1700976938\n|move|p1a: Volcarona|Giga Drain|p2b: Iron Hands\n|-resisted|p2b: Iron Hands\n|-damage|p2b: Iron Hands|13\/100\n|-heal|p1a: Volcarona|68\/100|[from] drain|[of] p2b: Iron Hands\n|move|p1b: Sinistcha|Matcha Gotcha|p2b: Iron Hands\n|-resisted|p2b: Iron Hands\n|-damage|p2b: Iron Hands|3\/100\n|move|p2b: Iron Hands|Heavy Slam|p1a: Volcarona\n|-damage|p1a: Volcarona|40\/100\n|\n|-heal|p1a: Volcarona|46\/100|[from] item: Leftovers\n|upkeep\n|turn|13\n|\n|t:|1700976953\n|move|p1b: Sinistcha|Rage Powder|p1b: Sinistcha\n|-singleturn|p1b: Sinistcha|move: Rage Powder\n|move|p1a: Volcarona|Quiver Dance|p1a: Volcarona\n|-boost|p1a: Volcarona|spa|1\n|-boost|p1a: Volcarona|spd|1\n|-boost|p1a: Volcarona|spe|1\n|move|p2b: Iron Hands|Heavy Slam|p1b: Sinistcha\n|-damage|p1b: Sinistcha|83\/100\n|-damage|p2b: Iron Hands|0 fnt|[from] item: Rocky Helmet|[of] p1b: Sinistcha\n|faint|p2b: Iron Hands\n|-end|p2b: Iron Hands|Quark Drive|[silent]\n|\n|win|Lab Gamer\n|c|&|\/uhtml prompt-edwinvgc,EdwinVGC is ready for game 3!\n|c|&|\/uhtml prompt-labgamer,Lab Gamer is ready for game 3!\nBoth players are ready! Starting next match!\n","uploadtime":1700977564,"views":2,"p1id":"labgamer","p2id":"edwinvgc","formatid":"gen9vgc2023regulatione","rating":0,"private":0,"password":""}