{"id":"gen9vgc2023regulatione-1991404851","p1":"Nervoneo","p2":"CharlienoB","format":"[Gen 9] VGC 2023 Regulation E","log":"|j|\u2606Nervoneo\n|j|\u2606CharlienoB\n|t:|1700074308\n|gametype|doubles\n|player|p1|Nervoneo|101|1124\n|player|p2|CharlienoB|266|1120\n|teamsize|p1|6\n|teamsize|p2|6\n|gen|9\n|tier|[Gen 9] VGC 2023 Regulation E\n|rated|\n|rule|Species Clause: Limit one of each Pok\u00e9mon\n|rule|Item Clause: Limit one of each item\n|clearpoke\n|poke|p1|Clodsire, L50, M|\n|poke|p1|Dipplin, L50, M|\n|poke|p1|Iron Bundle, L50|\n|poke|p1|Tauros-Paldea-Blaze, L50, M|\n|poke|p1|Landorus-Therian, L50, M|\n|poke|p1|Farigiraf, L50, M|\n|poke|p2|Espathra, L50, M|\n|poke|p2|Clefairy, L50, F|\n|poke|p2|Gholdengo, L50|\n|poke|p2|Rillaboom, L50, F|\n|poke|p2|Arcanine-Hisui, L50, F|\n|poke|p2|Ogerpon-Wellspring, L50, F|\n|teampreview|4\n|inactive|Battle timer is ON: inactive players will automatically lose when time's up. (requested by CharlienoB)\n|inactive|Nervoneo has 60 seconds left.\n|\n|t:|1700074368\n|start\n|switch|p1a: Iron Bundle|Iron Bundle, L50|100\/100\n|switch|p1b: Farigiraf|Farigiraf, L50, M|100\/100\n|switch|p2a: Clefairy|Clefairy, L50, F|100\/100\n|switch|p2b: Gholdengo|Gholdengo, L50|100\/100\n|-enditem|p1a: Iron Bundle|Booster Energy\n|-activate|p1a: Iron Bundle|ability: Quark Drive|[fromitem]\n|-start|p1a: Iron Bundle|quarkdrivespe\n|turn|1\n|inactive|Nervoneo has 30 seconds left.\n|inactive|Nervoneo has 20 seconds left.\n|\n|t:|1700074408\n|-terastallize|p1b: Farigiraf|Fire\n|move|p2a: Clefairy|Follow Me|p2a: Clefairy\n|-singleturn|p2a: Clefairy|move: Follow Me\n|move|p1a: Iron Bundle|Hydro Pump|p2a: Clefairy\n|-damage|p2a: Clefairy|52\/100\n|move|p2b: Gholdengo|Nasty Plot|p2b: Gholdengo\n|-boost|p2b: Gholdengo|spa|2\n|move|p1b: Farigiraf|Trick Room|p1b: Farigiraf\n|-fieldstart|move: Trick Room|[of] p1b: Farigiraf\n|\n|upkeep\n|turn|2\n|\n|t:|1700074430\n|move|p2a: Clefairy|Follow Me|p2a: Clefairy\n|-singleturn|p2a: Clefairy|move: Follow Me\n|move|p1b: Farigiraf|Psychic|p2a: Clefairy\n|-damage|p2a: Clefairy|23\/100\n|move|p2b: Gholdengo|Shadow Ball|p1a: Iron Bundle\n|-damage|p1a: Iron Bundle|0 fnt\n|faint|p1a: Iron Bundle\n|-end|p1a: Iron Bundle|Quark Drive|[silent]\n|\n|upkeep\n|\n|t:|1700074442\n|switch|p1a: Clodsire|Clodsire, L50, M|100\/100\n|turn|3\n|\n|t:|1700074458\n|-terastallize|p2b: Gholdengo|Dragon\n|move|p2a: Clefairy|Protect|p2a: Clefairy\n|-singleturn|p2a: Clefairy|Protect\n|move|p1a: Clodsire|Stomping Tantrum|p2b: Gholdengo\n|-damage|p2b: Gholdengo|75\/100\n|move|p1b: Farigiraf|Psychic|p2a: Clefairy\n|-activate|p2a: Clefairy|move: Protect\n|move|p2b: Gholdengo|Nasty Plot|p2b: Gholdengo\n|-boost|p2b: Gholdengo|spa|2\n|\n|-heal|p2b: Gholdengo|81\/100|[from] item: Leftovers\n|upkeep\n|turn|4\n|\n|t:|1700074479\n|switch|p1b: Dipplin|Dipplin, L50, M|100\/100\n|-ability|p1b: Dipplin|Supersweet Syrup\n|-ability|p1b: Dipplin|Supersweet Syrup|boost\n|-unboost|p2a: Clefairy|evasion|1\n|-unboost|p2b: Gholdengo|evasion|1\n|move|p1a: Clodsire|Gunk Shot|p2b: Gholdengo\n|-damage|p2b: Gholdengo|42\/100\n|move|p2a: Clefairy|Heal Pulse|p2b: Gholdengo\n|-immune|p2b: Gholdengo|[from] ability: Good as Gold\n|move|p2b: Gholdengo|Shadow Ball|p1b: Dipplin\n|-crit|p1b: Dipplin\n|-damage|p1b: Dipplin|0 fnt\n|faint|p1b: Dipplin\n|\n|-heal|p2b: Gholdengo|48\/100|[from] item: Leftovers\n|upkeep\n|\n|t:|1700074492\n|switch|p1b: Farigiraf|Farigiraf, L50, M, tera:Fire|100\/100\n|turn|5\n|\n|t:|1700074502\n|move|p2a: Clefairy|Protect|p2a: Clefairy\n|-singleturn|p2a: Clefairy|Protect\n|move|p2b: Gholdengo|Protect|p2b: Gholdengo\n|-singleturn|p2b: Gholdengo|Protect\n|move|p1a: Clodsire|Gunk Shot|p2b: Gholdengo\n|-activate|p2b: Gholdengo|move: Protect\n|move|p1b: Farigiraf|Psychic|p2b: Gholdengo\n|-activate|p2b: Gholdengo|move: Protect\n|\n|-heal|p2b: Gholdengo|54\/100|[from] item: Leftovers\n|-fieldend|move: Trick Room\n|upkeep\n|turn|6\n|\n|t:|1700074521\n|move|p2a: Clefairy|Follow Me|p2a: Clefairy\n|-singleturn|p2a: Clefairy|move: Follow Me\n|move|p2b: Gholdengo|Shadow Ball|p1b: Farigiraf\n|-damage|p1b: Farigiraf|0 fnt\n|faint|p1b: Farigiraf\n|move|p1a: Clodsire|Stomping Tantrum|p2a: Clefairy\n|-damage|p2a: Clefairy|0 fnt\n|faint|p2a: Clefairy\n|\n|-heal|p2b: Gholdengo|60\/100|[from] item: Leftovers\n|upkeep\n|\n|t:|1700074534\n|switch|p2a: Rillaboom|Rillaboom, L50, F|100\/100\n|-fieldstart|move: Grassy Terrain|[from] ability: Grassy Surge|[of] p2a: Rillaboom\n|turn|7\n|c|\u2606Nervoneo|gg\n|\n|t:|1700074541\n|move|p2a: Rillaboom|Fake Out|p1a: Clodsire\n|-damage|p1a: Clodsire|85\/100\n|move|p2b: Gholdengo|Shadow Ball|p1a: Clodsire\n|-damage|p1a: Clodsire|0 fnt\n|faint|p1a: Clodsire\n|\n|win|CharlienoB\n|raw|Nervoneo's rating: 1124 &rarr; <strong>1099<\/strong><br \/>(-25 for losing)\n|raw|CharlienoB's rating: 1120 &rarr; <strong>1145<\/strong><br \/>(+25 for winning)\n|l|\u2606Nervoneo\n","uploadtime":1700074554,"views":15,"p1id":"nervoneo","p2id":"charlienob","formatid":"gen9vgc2023regulatione","rating":1099,"private":0,"password":""}