{"id":"gen9vgc2023regulatione-1994171581","p1":"huntaaahr","p2":"Fenrirshadow","format":"[Gen 9] VGC 2023 Regulation E","log":"|j|\u2606huntaaahr\n|j|\u2606Fenrirshadow\n|t:|1700415099\n|gametype|doubles\n|player|p1|huntaaahr|101|1201\n|player|p2|Fenrirshadow|acetrainer-gen4dp|1163\n|teamsize|p1|6\n|teamsize|p2|6\n|gen|9\n|tier|[Gen 9] VGC 2023 Regulation E\n|rated|\n|rule|Species Clause: Limit one of each Pok\u00e9mon\n|rule|Item Clause: Limit one of each item\n|clearpoke\n|poke|p1|Dusclops, L50, M|\n|poke|p1|Farigiraf, L50, F|\n|poke|p1|Torkoal, L50, F|\n|poke|p1|Conkeldurr, L50, M|\n|poke|p1|Lilligant-Hisui, L50, F|\n|poke|p1|Goodra-Hisui, L50, F|\n|poke|p2|Heatran, L50, F|\n|poke|p2|Kommo-o, L50, F|\n|poke|p2|Amoonguss, L50, F|\n|poke|p2|Grimmsnarl, L50, M|\n|poke|p2|Urshifu-*, L50, M|\n|poke|p2|Flutter Mane, L50|\n|teampreview|4\n|\n|t:|1700415126\n|start\n|switch|p1a: Lilligant|Lilligant-Hisui, L50, F|100\/100\n|switch|p1b: Torkoal|Torkoal, L50, F|100\/100\n|switch|p2a: Amoonguss|Amoonguss, L50, F, shiny|100\/100\n|switch|p2b: Flutter Mane|Flutter Mane, L50, shiny|100\/100\n|-weather|SunnyDay|[from] ability: Drought|[of] p1b: Torkoal\n|-activate|p2b: Flutter Mane|ability: Protosynthesis\n|-start|p2b: Flutter Mane|protosynthesisspe\n|turn|1\n|inactive|Battle timer is ON: inactive players will automatically lose when time's up. (requested by Fenrirshadow)\n|\n|t:|1700415166\n|switch|p2a: Heatran|Heatran, L50, F|100\/100\n|move|p2b: Flutter Mane|Protect|p2b: Flutter Mane\n|-singleturn|p2b: Flutter Mane|Protect\n|move|p1b: Torkoal|Protect|p1b: Torkoal\n|-singleturn|p1b: Torkoal|Protect\n|move|p1a: Lilligant|Leaf Blade|p2b: Flutter Mane\n|-activate|p2b: Flutter Mane|move: Protect\n|\n|-weather|SunnyDay|[upkeep]\n|upkeep\n|turn|2\n|inactive|huntaaahr has 30 seconds left.\n|\n|t:|1700415196\n|move|p2a: Heatran|Protect|p2a: Heatran\n|-singleturn|p2a: Heatran|Protect\n|move|p1a: Lilligant|Close Combat|p2a: Heatran\n|-activate|p2a: Heatran|move: Protect\n|move|p2b: Flutter Mane|Dazzling Gleam|p1a: Lilligant|[spread] p1a,p1b\n|-supereffective|p1a: Lilligant\n|-resisted|p1b: Torkoal\n|-damage|p1a: Lilligant|2\/100\n|-damage|p1b: Torkoal|74\/100\n|move|p1b: Torkoal|Body Press|p2a: Heatran\n|-activate|p2a: Heatran|move: Protect\n|\n|-weather|SunnyDay|[upkeep]\n|upkeep\n|turn|3\n|c|\u2606huntaaahr|good predictions\n|inactive|huntaaahr has 30 seconds left.\n|\n|t:|1700415227\n|switch|p2a: Amoonguss|Amoonguss, L50, F, shiny|100\/100\n|move|p1a: Lilligant|Close Combat|p2a: Amoonguss\n|-resisted|p2a: Amoonguss\n|-damage|p2a: Amoonguss|80\/100\n|-unboost|p1a: Lilligant|def|1\n|-unboost|p1a: Lilligant|spd|1\n|-damage|p1a: Lilligant|0 fnt|[from] item: Rocky Helmet|[of] p2a: Amoonguss\n|faint|p1a: Lilligant\n|move|p2b: Flutter Mane|Shadow Ball|p1b: Torkoal\n|-damage|p1b: Torkoal|0 fnt\n|faint|p1b: Torkoal\n|\n|-weather|SunnyDay|[upkeep]\n|upkeep\n|\n|t:|1700415236\n|switch|p1a: Dusclops|Dusclops, L50, M|100\/100\n|switch|p1b: Conkeldurr|Conkeldurr, L50, M|100\/100\n|-ability|p1a: Dusclops|Pressure\n|turn|4\n|\n|t:|1700415251\n|move|p2b: Flutter Mane|Shadow Ball|p1a: Dusclops\n|-supereffective|p1a: Dusclops\n|-damage|p1a: Dusclops|44\/100\n|move|p1b: Conkeldurr|Knock Off|p2a: Amoonguss\n|-damage|p2a: Amoonguss|51\/100\n|-damage|p1b: Conkeldurr|84\/100|[from] item: Rocky Helmet|[of] p2a: Amoonguss\n|-enditem|p2a: Amoonguss|Rocky Helmet|[from] move: Knock Off|[of] p1b: Conkeldurr\n|move|p2a: Amoonguss|Spore|p1b: Conkeldurr\n|-status|p1b: Conkeldurr|slp|[from] move: Spore\n|move|p1a: Dusclops|Trick Room|p1a: Dusclops\n|-fieldstart|move: Trick Room|[of] p1a: Dusclops\n|\n|-weather|SunnyDay|[upkeep]\n|upkeep\n|turn|5\n|inactive|huntaaahr has 30 seconds left.\n|inactive|Fenrirshadow has 30 seconds left.\n|\n|t:|1700415281\n|move|p1a: Dusclops|Pain Split|p2b: Flutter Mane\n|-sethp|p2b: Flutter Mane|71\/100|[from] move: Pain Split|[silent]\n|-sethp|p1a: Dusclops|74\/100|[from] move: Pain Split\n|move|p2a: Amoonguss|Spore|p1a: Dusclops\n|-status|p1a: Dusclops|slp|[from] move: Spore\n|cant|p1b: Conkeldurr|slp\n|move|p2b: Flutter Mane|Dazzling Gleam|p1a: Dusclops|[spread] p1a,p1b\n|-supereffective|p1b: Conkeldurr\n|-damage|p1a: Dusclops|52\/100 slp\n|-damage|p1b: Conkeldurr|10\/100 slp\n|\n|-weather|none\n|-end|p2b: Flutter Mane|Protosynthesis\n|upkeep\n|-enditem|p2b: Flutter Mane|Booster Energy\n|-activate|p2b: Flutter Mane|ability: Protosynthesis|[fromitem]\n|-start|p2b: Flutter Mane|protosynthesisspe\n|turn|6\n|\n|t:|1700415302\n|cant|p1a: Dusclops|slp\n|move|p2a: Amoonguss|Pollen Puff|p2b: Flutter Mane\n|-heal|p2b: Flutter Mane|100\/100\n|-curestatus|p1b: Conkeldurr|slp|[msg]\n|move|p1b: Conkeldurr|Knock Off|p2b: Flutter Mane\n|-damage|p2b: Flutter Mane|46\/100\n|move|p2b: Flutter Mane|Dazzling Gleam|p1a: Dusclops|[spread] p1a,p1b\n|-supereffective|p1b: Conkeldurr\n|-damage|p1a: Dusclops|33\/100 slp\n|-damage|p1b: Conkeldurr|0 fnt\n|faint|p1b: Conkeldurr\n|\n|upkeep\n|turn|7\n|c|\u2606huntaaahr|you're outplaying me like crazy\n|-message|huntaaahr forfeited.\n|\n|win|Fenrirshadow\n|raw|huntaaahr's rating: 1201 &rarr; <strong>1173<\/strong><br \/>(-28 for losing)\n|raw|Fenrirshadow's rating: 1163 &rarr; <strong>1191<\/strong><br \/>(+28 for winning)\n|l|\u2606huntaaahr\n","uploadtime":1700415325,"views":6,"p1id":"huntaaahr","p2id":"fenrirshadow","formatid":"gen9vgc2023regulatione","rating":1173,"private":0,"password":""}