{"id":"gen9vgc2023regulatione-1999127425","p1":"Heyo17","p2":"OffbrandE","format":"[Gen 9] VGC 2023 Regulation E","log":"|j|\u2606Heyo17\n|j|\u2606OffbrandE\n|t:|1701036085\n|gametype|doubles\n|player|p1|Heyo17|266|1118\n|player|p2|OffbrandE|266|1139\n|teamsize|p1|6\n|teamsize|p2|6\n|gen|9\n|tier|[Gen 9] VGC 2023 Regulation E\n|rated|\n|rule|Species Clause: Limit one of each Pok\u00e9mon\n|rule|Item Clause: Limit one of each item\n|clearpoke\n|poke|p1|Shiftry, L50, M|\n|poke|p1|Volcarona, L50, M|\n|poke|p1|Kommo-o, L50, F|\n|poke|p1|Clefairy, L50, M|\n|poke|p1|Iron Hands, L50|\n|poke|p1|Flutter Mane, L50|\n|poke|p2|Snorlax, L50, F|\n|poke|p2|Sinistcha, L50|\n|poke|p2|Clefairy, L50, M|\n|poke|p2|Landorus-Therian, L50, M|\n|poke|p2|Iron Hands, L50|\n|poke|p2|Kommo-o, L50, M|\n|teampreview|4\n|inactive|Battle timer is ON: inactive players will automatically lose when time's up. (requested by OffbrandE)\n|inactive|Heyo17 has 60 seconds left.\n|inactive|OffbrandE has 60 seconds left.\n|\n|t:|1701036130\n|start\n|switch|p1a: Iron Hands|Iron Hands, L50|100\/100\n|switch|p1b: Clefairy|Clefairy, L50, M|100\/100\n|switch|p2a: Snorlax|Snorlax, L50, F|100\/100\n|switch|p2b: Landorus|Landorus-Therian, L50, M|100\/100\n|-ability|p2b: Landorus|Intimidate|boost\n|-unboost|p1a: Iron Hands|atk|1\n|-unboost|p1b: Clefairy|atk|1\n|turn|1\n|inactive|Heyo17 has 30 seconds left.\n|inactive|OffbrandE has 30 seconds left.\n|inactive|OffbrandE has 20 seconds left.\n|\n|t:|1701036168\n|-terastallize|p1a: Iron Hands|Grass\n|move|p2a: Snorlax|Protect|p2a: Snorlax\n|-singleturn|p2a: Snorlax|Protect\n|move|p1a: Iron Hands|Fake Out|p2b: Landorus\n|-damage|p2b: Landorus|87\/100\n|cant|p2b: Landorus|flinch\n|move|p1b: Clefairy|Life Dew||[still]|[still]|[spread] \n|-fail|p1a: Iron Hands|heal\n|-fail|p1b: Clefairy|heal\n|\n|upkeep\n|turn|2\n|\n|t:|1701036185\n|switch|p2b: Clefairy|Clefairy, L50, M, shiny|100\/100\n|-terastallize|p2a: Snorlax|Water\n|move|p1b: Clefairy|Helping Hand|p1a: Iron Hands\n|-singleturn|p1a: Iron Hands|Helping Hand|[of] p1b: Clefairy\n|move|p1a: Iron Hands|Drain Punch|p2a: Snorlax\n|-damage|p2a: Snorlax|73\/100\n|move|p2a: Snorlax|Belly Drum|p2a: Snorlax\n|-damage|p2a: Snorlax|23\/100\n|-setboost|p2a: Snorlax|atk|6|[from] move: Belly Drum\n|-enditem|p2a: Snorlax|Sitrus Berry|[eat]\n|-heal|p2a: Snorlax|48\/100|[from] item: Sitrus Berry\n|\n|upkeep\n|turn|3\n|inactive|Heyo17 has 30 seconds left.\n|\n|t:|1701036217\n|move|p1b: Clefairy|Follow Me|p1b: Clefairy\n|-singleturn|p1b: Clefairy|move: Follow Me\n|move|p1a: Iron Hands|Wild Charge|p2a: Snorlax\n|-supereffective|p2a: Snorlax\n|-crit|p2a: Snorlax\n|-damage|p2a: Snorlax|0 fnt\n|faint|p2a: Snorlax\n|-damage|p1a: Iron Hands|90\/100|[from] Recoil\n|move|p2b: Clefairy|Heal Pulse|p1b: Clefairy\n|-fail|p1b: Clefairy|heal\n|\n|upkeep\n|\n|t:|1701036231\n|switch|p2a: Landorus|Landorus-Therian, L50, M|87\/100\n|-ability|p2a: Landorus|Intimidate|boost\n|-unboost|p1a: Iron Hands|atk|1\n|-unboost|p1b: Clefairy|atk|1\n|turn|4\n|\n|t:|1701036256\n|move|p1b: Clefairy|Helping Hand|p1a: Iron Hands\n|-singleturn|p1a: Iron Hands|Helping Hand|[of] p1b: Clefairy\n|move|p2b: Clefairy|Follow Me|p2b: Clefairy\n|-singleturn|p2b: Clefairy|move: Follow Me\n|move|p2a: Landorus|U-turn|p1a: Iron Hands\n|-supereffective|p1a: Iron Hands\n|-damage|p1a: Iron Hands|63\/100\n|inactive|OffbrandE has 30 seconds left.\n|\n|t:|1701036283\n|switch|p2a: Iron Hands|Iron Hands, L50|100\/100|[from] U-turn\n|move|p1a: Iron Hands|Heavy Slam|p2b: Clefairy\n|-supereffective|p2b: Clefairy\n|-damage|p2b: Clefairy|35\/100\n|\n|upkeep\n|turn|5\n|inactive|OffbrandE has 30 seconds left.\n|inactive|Heyo17 has 30 seconds left.\n|\n|t:|1701036319\n|-end|p1a: Iron Hands|Quark Drive|[silent]\n|switch|p1a: Flutter Mane|Flutter Mane, L50|100\/100\n|-enditem|p1a: Flutter Mane|Booster Energy\n|-activate|p1a: Flutter Mane|ability: Protosynthesis|[fromitem]\n|-start|p1a: Flutter Mane|protosynthesisspe\n|move|p2a: Iron Hands|Fake Out|p1a: Flutter Mane\n|-immune|p1a: Flutter Mane\n|move|p2b: Clefairy|Follow Me|p2b: Clefairy\n|-singleturn|p2b: Clefairy|move: Follow Me\n|move|p1b: Clefairy|Encore|p2b: Clefairy\n|-start|p2b: Clefairy|Encore\n|\n|upkeep\n|turn|6\n|inactive|Heyo17 has 30 seconds left.\n|\n|t:|1701036353\n|-end|p1a: Flutter Mane|Protosynthesis|[silent]\n|switch|p1a: Iron Hands|Iron Hands, L50, tera:Grass|63\/100\n|switch|p2b: Landorus|Landorus-Therian, L50, M|87\/100\n|-ability|p2b: Landorus|Intimidate|boost\n|-unboost|p1a: Iron Hands|atk|1\n|-unboost|p1b: Clefairy|atk|1\n|move|p2a: Iron Hands|Heavy Slam|p1a: Iron Hands\n|-damage|p1a: Iron Hands|56\/100\n|move|p1b: Clefairy|Life Dew||[still]|[spread] p1a,p1b\n|-heal|p1a: Iron Hands|81\/100\n|-fail|p1b: Clefairy|heal\n|\n|upkeep\n|turn|7\n|-message|OffbrandE forfeited.\n|\n|win|Heyo17\n|raw|Heyo17's rating: 1118 &rarr; <strong>1145<\/strong><br \/>(+27 for winning)\n|raw|OffbrandE's rating: 1139 &rarr; <strong>1112<\/strong><br \/>(-27 for losing)\n|l|\u2606OffbrandE\n","uploadtime":1701036372,"views":3,"p1id":"heyo17","p2id":"offbrande","formatid":"gen9vgc2023regulatione","rating":1112,"private":0,"password":""}