{"id":"gen9vgc2023regulatione-1991015160","p1":"moonybunny","p2":"MasterofMetapods5","format":"[Gen 9] VGC 2023 Regulation E","log":"|j|\u2606moonybunny\n|j|\u2606MasterofMetapods5\n|t:|1700028295\n|gametype|doubles\n|player|p1|moonybunny|parasollady-gen4|\n|player|p2|MasterofMetapods5|lance|\n|teamsize|p1|6\n|teamsize|p2|6\n|gen|9\n|tier|[Gen 9] VGC 2023 Regulation E\n|rated|Tournament battle\n|rule|Species Clause: Limit one of each Pok\u00e9mon\n|rule|Item Clause: Limit one of each item\n|clearpoke\n|poke|p1|Ninetales-Alola, L50, F|\n|poke|p1|Baxcalibur, L50, F|\n|poke|p1|Iron Hands, L50|\n|poke|p1|Heatran, L50, F|\n|poke|p1|Landorus-Therian, L50, M|\n|poke|p1|Ogerpon-Wellspring, L50, F|\n|poke|p2|Flutter Mane, L50|\n|poke|p2|Tyranitar, L50, F|\n|poke|p2|Landorus-Therian, L50, M|\n|poke|p2|Baxcalibur, L50, F|\n|poke|p2|Urshifu-*, L50, M|\n|poke|p2|Heatran, L50, F|\n|teampreview|4\n|showteam|p1|Ninetales-Alola||LightClay|SnowWarning|AuroraVeil,Moonblast,IcyWind,Encore|||F|||50|,,,,,Dark]Baxcalibur||LoadedDice|IceBody|Protect,IcicleSpear,HighHorsepower,DragonDance|||F|||50|,,,,,Fire]Iron Hands||AssaultVest|QuarkDrive|FakeOut,DrainPunch,WildCharge,HeavySlam||||||50|,,,,,Fire]Heatran||Leftovers|FlashFire|Protect,EarthPower,MagmaStorm,Substitute|||F|||50|,,,,,Fairy]Landorus-Therian||ChoiceScarf|Intimidate|RockSlide,StompingTantrum,Uturn,TeraBlast|||M|||50|,,,,,Flying]Ogerpon-Wellspring||WellspringMask|WaterAbsorb|FollowMe,IvyCudgel,HornLeech,SpikyShield|||F|||50|,,,,,Water\n|showteam|p2|Flutter Mane||BoosterEnergy|Protosynthesis|Protect,Moonblast,ShadowBall,IcyWind||||||50|,,,,,Fairy]Tyranitar||WeaknessPolicy|SandStream|RockSlide,Taunt,Protect,KnockOff|||F|||50|,,,,,Rock]Landorus-Therian||AssaultVest|Intimidate|SandsearStorm,TeraBlast,Uturn,RockSlide|||M|||50|,,,,,Flying]Baxcalibur||LoadedDice|ThermalExchange|ScaleShot,IcicleSpear,SwordsDance,Protect|||F|||50|,,,,,Fairy]Urshifu-Rapid-Strike||SafetyGoggles|UnseenFist|SurgingStrikes,CloseCombat,AquaJet,Detect|||M|||50|,,,,,Water]Heatran||Leftovers|FlashFire|HeatWave,EarthPower,Protect,TeraBlast|||F|||50|,,,,,Grass\n|c|\u2606moonybunny|glhf\n|j|%Radio Free C-Side\n|c|\u2606MasterofMetapods5|glhf\n|j| HellfireMissile\n|j| Animeredneck\n|\n|t:|1700028339\n|start\n|switch|p1a: Landorus|Landorus-Therian, L50, M|100\/100\n|switch|p1b: Iron Hands|Iron Hands, L50, shiny|100\/100\n|switch|p2a: Tyranitar|Tyranitar, L50, F|100\/100\n|switch|p2b: Flutter Mane|Flutter Mane, L50|100\/100\n|-ability|p1a: Landorus|Intimidate|boost\n|-unboost|p2a: Tyranitar|atk|1\n|-unboost|p2b: Flutter Mane|atk|1\n|-weather|Sandstorm|[from] ability: Sand Stream|[of] p2a: Tyranitar\n|-enditem|p2b: Flutter Mane|Booster Energy\n|-activate|p2b: Flutter Mane|ability: Protosynthesis|[fromitem]\n|-start|p2b: Flutter Mane|protosynthesisspe\n|turn|1\n|\n|t:|1700028362\n|switch|p1a: Ninetales|Ninetales-Alola, L50, F|100\/100\n|-weather|Snow|[from] ability: Snow Warning|[of] p1a: Ninetales\n|move|p2b: Flutter Mane|Protect|p2b: Flutter Mane\n|-singleturn|p2b: Flutter Mane|Protect\n|move|p2a: Tyranitar|Protect|p2a: Tyranitar\n|-singleturn|p2a: Tyranitar|Protect\n|move|p1b: Iron Hands|Fake Out|p2a: Tyranitar\n|-activate|p2a: Tyranitar|move: Protect\n|\n|-weather|Snow|[upkeep]\n|upkeep\n|turn|2\n|\n|t:|1700028371\n|move|p2b: Flutter Mane|Moonblast|p1b: Iron Hands\n|-supereffective|p1b: Iron Hands\n|-damage|p1b: Iron Hands|54\/100\n|-unboost|p1b: Iron Hands|spa|1\n|move|p1a: Ninetales|Aurora Veil|p1a: Ninetales\n|-sidestart|p1: moonybunny|move: Aurora Veil\n|move|p2a: Tyranitar|Rock Slide|p1b: Iron Hands|[spread] p1a,p1b\n|-supereffective|p1a: Ninetales\n|-resisted|p1b: Iron Hands\n|-damage|p1a: Ninetales|78\/100\n|-damage|p1b: Iron Hands|49\/100\n|move|p1b: Iron Hands|Heavy Slam|p2b: Flutter Mane\n|-supereffective|p2b: Flutter Mane\n|-damage|p2b: Flutter Mane|0 fnt\n|faint|p2b: Flutter Mane\n|-end|p2b: Flutter Mane|Protosynthesis|[silent]\n|\n|-weather|Snow|[upkeep]\n|upkeep\n|l|%Radio Free C-Side\n|\n|t:|1700028377\n|switch|p2b: Heatran|Heatran, L50, F|100\/100\n|turn|3\n|\n|t:|1700028387\n|move|p1a: Ninetales|Encore|p2a: Tyranitar\n|-start|p2a: Tyranitar|Encore\n|move|p2b: Heatran|Heat Wave|p1a: Ninetales|[spread] p1a,p1b\n|-supereffective|p1a: Ninetales\n|-damage|p1a: Ninetales|24\/100\n|-damage|p1b: Iron Hands|35\/100\n|move|p2a: Tyranitar|Rock Slide|p1a: Ninetales|[spread] p1a,p1b\n|-supereffective|p1a: Ninetales\n|-resisted|p1b: Iron Hands\n|-damage|p1a: Ninetales|1\/100\n|-damage|p1b: Iron Hands|31\/100\n|cant|p1b: Iron Hands|flinch\n|\n|-weather|Snow|[upkeep]\n|upkeep\n|turn|4\n|\n|t:|1700028410\n|switch|p1a: Landorus|Landorus-Therian, L50, M|100\/100\n|-ability|p1a: Landorus|Intimidate|boost\n|-unboost|p2a: Tyranitar|atk|1\n|-unboost|p2b: Heatran|atk|1\n|switch|p2a: Baxcalibur|Baxcalibur, L50, F|100\/100\n|move|p2b: Heatran|Protect|p2b: Heatran\n|-singleturn|p2b: Heatran|Protect\n|move|p1b: Iron Hands|Drain Punch|p2b: Heatran\n|-activate|p2b: Heatran|move: Protect\n|\n|-weather|Snow|[upkeep]\n|upkeep\n|turn|5\n|\n|t:|1700028436\n|switch|p2b: Tyranitar|Tyranitar, L50, F|100\/100\n|-weather|Sandstorm|[from] ability: Sand Stream|[of] p2b: Tyranitar\n|-terastallize|p2a: Baxcalibur|Fairy\n|move|p1a: Landorus|U-turn|p2b: Tyranitar\n|-supereffective|p2b: Tyranitar\n|-damage|p2b: Tyranitar|55\/100\n|-enditem|p2b: Tyranitar|Weakness Policy\n|-boost|p2b: Tyranitar|atk|2|[from] item: Weakness Policy\n|-boost|p2b: Tyranitar|spa|2|[from] item: Weakness Policy\n|\n|t:|1700028440\n|switch|p1a: Ninetales|Ninetales-Alola, L50, F|1\/100|[from] U-turn\n|-weather|Snow|[from] ability: Snow Warning|[of] p1a: Ninetales\n|move|p2a: Baxcalibur|Scale Shot|p1b: Iron Hands\n|-crit|p1b: Iron Hands\n|-damage|p1b: Iron Hands|16\/100\n|-damage|p1b: Iron Hands|9\/100\n|-damage|p1b: Iron Hands|2\/100\n|-damage|p1b: Iron Hands|0 fnt\n|faint|p1b: Iron Hands\n|-end|p1b: Iron Hands|Quark Drive|[silent]\n|-hitcount|p1: Iron Hands|4\n|-unboost|p2a: Baxcalibur|def|1\n|-boost|p2a: Baxcalibur|spe|1\n|\n|-weather|Snow|[upkeep]\n|upkeep\n|\n|t:|1700028443\n|switch|p1b: Landorus|Landorus-Therian, L50, M|100\/100\n|-ability|p1b: Landorus|Intimidate|boost\n|-unboost|p2a: Baxcalibur|atk|1\n|-unboost|p2b: Tyranitar|atk|1\n|turn|6\n|\n|t:|1700028471\n|move|p1b: Landorus|Stomping Tantrum|p2b: Tyranitar\n|-supereffective|p2b: Tyranitar\n|-damage|p2b: Tyranitar|0 fnt\n|faint|p2b: Tyranitar\n|move|p2a: Baxcalibur|Icicle Spear|p1a: Ninetales\n|-resisted|p1a: Ninetales\n|-crit|p1a: Ninetales\n|-damage|p1a: Ninetales|0 fnt\n|faint|p1a: Ninetales\n|-hitcount|p1: Ninetales|1\n|\n|-weather|Snow|[upkeep]\n|upkeep\n|j|%Radio Free C-Side\n|\n|t:|1700028477\n|switch|p1a: Ogerpon|Ogerpon-Wellspring, L50, F|100\/100\n|switch|p2b: Heatran|Heatran, L50, F|100\/100\n|turn|7\n|\n|t:|1700028489\n|-terastallize|p1a: Ogerpon|Water\n|detailschange|p1a: Ogerpon|Ogerpon-Wellspring-Tera, L50, F, tera:Water\n|-ability|p1a: Ogerpon|Embody Aspect (Wellspring)|boost\n|-boost|p1a: Ogerpon|spd|1\n|move|p2b: Heatran|Protect|p2b: Heatran\n|-singleturn|p2b: Heatran|Protect\n|move|p1b: Landorus|Stomping Tantrum|p2b: Heatran\n|-activate|p2b: Heatran|move: Protect\n|move|p2a: Baxcalibur|Icicle Spear|p1b: Landorus\n|-supereffective|p1b: Landorus\n|-damage|p1b: Landorus|67\/100\n|-supereffective|p1b: Landorus\n|-damage|p1b: Landorus|36\/100\n|-supereffective|p1b: Landorus\n|-damage|p1b: Landorus|6\/100\n|-supereffective|p1b: Landorus\n|-crit|p1b: Landorus\n|-damage|p1b: Landorus|0 fnt\n|faint|p1b: Landorus\n|-hitcount|p1: Landorus|4\n|move|p1a: Ogerpon|Ivy Cudgel|p2a: Baxcalibur|[anim] Ivy Cudgel Water\n|-damage|p2a: Baxcalibur|0 fnt\n|faint|p2a: Baxcalibur\n|\n|-weather|Snow|[upkeep]\n|upkeep\n|turn|8\n|c|\u2606MasterofMetapods5|gg\n|\n|t:|1700028498\n|move|p1a: Ogerpon|Ivy Cudgel|p2b: Heatran|[anim] Ivy Cudgel Water\n|-supereffective|p2b: Heatran\n|-damage|p2b: Heatran|0 fnt\n|faint|p2b: Heatran\n|\n|win|moonybunny\n|n|\u2606moonybunny|moonybunny\n|n|\u2606MasterofMetapods5|masterofmetapods5\n|n| HellfireMissile|hellfiremissile\n|n| Animeredneck|animeredneck\n|n| Radio Free C-Side|radiofreecside\n","uploadtime":1700028499,"views":23,"p1id":"moonybunny","p2id":"masterofmetapods5","formatid":"gen9vgc2023regulatione","rating":0,"private":0,"password":""}