{"id":"gen9vgc2023regulatione-1989279014","p1":"Marcostap","p2":"bb_hachi8","format":"[Gen 9] VGC 2023 Regulation E","log":"|j|\u2606Marcostap\n|j|\u2606bb_hachi8\n|n|\u2606Marcostap|marcostap\n|n|\u2606bb_hachi8|bbhachi8\n|html|View the match progress at <a href=\"\/game-bestof3-gen9vgc2023regulatione-1989274093\">game-bestof3-gen9vgc2023regulatione-1989274093<\/a>\n|t:|1699831180\n|gametype|doubles\n|player|p1|Marcostap|cynthia-gen4|\n|player|p2|bb_hachi8|veteranf|\n|teamsize|p1|6\n|teamsize|p2|6\n|gen|9\n|tier|[Gen 9] VGC 2023 Regulation E\n|rule|Species Clause: Limit one of each Pok\u00e9mon\n|rule|Item Clause: Limit one of each item\n|clearpoke\n|poke|p1|Rillaboom, L50, F|\n|poke|p1|Pelipper, L50, M|\n|poke|p1|Palafin, L50, M|\n|poke|p1|Ursaluna-Bloodmoon, L50, M|\n|poke|p1|Dusclops, L50, F|\n|poke|p1|Cresselia, L50, F|\n|poke|p2|Tornadus, L50, M|\n|poke|p2|Arcanine-Hisui, L50, M|\n|poke|p2|Iron Hands, L50|\n|poke|p2|Urshifu-*, L50, M|\n|poke|p2|Sinistcha, L50|\n|poke|p2|Chien-Pao, L50|\n|teampreview|4\nbb_hachi8 has agreed to open team sheets.\n|j| Rebornsan93\n|j| lucasarreguy\nMarcostap has agreed to open team sheets.\n|showteam|p1|Rillaboom||AssaultVest|GrassySurge|FakeOut,Uturn,GrassyGlide,WoodHammer|||F|||50|,,,,,Grass]Pelipper||Leftovers|Drizzle|Hurricane,HelpingHand,WideGuard,Protect|||M|||50|,,,,,Flying]Palafin||ChoiceBand|ZerotoHero|JetPunch,WaveCrash,FlipTurn,DrainPunch|||M|||50|,,,,,Fighting]Ursaluna-Bloodmoon||LifeOrb|MindsEye|Protect,EarthPower,BloodMoon,HyperVoice|||M|||50|,,,,,Normal]Dusclops||Eviolite|Pressure|NightShade,WillOWisp,PainSplit,TrickRoom|||F|||50|,,,,,Poison]Cresselia||RockyHelmet|Levitate|LunarBlessing,Psychic,HelpingHand,Protect|||F|||50|,,,,,Psychic\n|showteam|p2|Tornadus||SharpBeak|Prankster|BleakwindStorm,Tailwind,Taunt,Leer|||M|||50|,,,,,Ghost]Arcanine-Hisui||ChoiceBand|Intimidate|ExtremeSpeed,RockSlide,FlareBlitz,TeraBlast|||M|||50|,,,,,Fairy]Iron Hands||ClearAmulet|QuarkDrive|FakeOut,WildCharge,CloseCombat,IcePunch||||||50|,,,,,Grass]Urshifu-Rapid-Strike||ChoiceScarf|UnseenFist|SurgingStrikes,AquaJet,CloseCombat,Uturn|||M|||50|,,,,,Water]Sinistcha||SitrusBerry|Heatproof|NastyPlot,RagePowder,ShadowBall,MatchaGotcha||||||50|,,,,,Steel]Chien-Pao||FocusSash|SwordofRuin|IceSpinner,SuckerPunch,LashOut,Protect||||||50|,,,,,Ghost\n|c| lucasarreguy|podem come\u00e7ar\n|j| PSmonteiro\n|j| Yuri\n|\n|t:|1699831256\n|start\n|switch|p1a: Ursaluna|Ursaluna-Bloodmoon, L50, M|100\/100\n|switch|p1b: Dusclops|Dusclops, L50, F|100\/100\n|switch|p2a: Thatcher|Iron Hands, L50|100\/100\n|switch|p2b: Dollynho|Sinistcha, L50|100\/100\n|-ability|p1b: Dusclops|Pressure\n|turn|1\n|l| Yuri\n|j| Yuri\n|\n|t:|1699831321\n|-terastallize|p2a: Thatcher|Grass\n|move|p1a: Ursaluna|Protect|p1a: Ursaluna\n|-singleturn|p1a: Ursaluna|Protect\n|move|p2a: Thatcher|Wild Charge|p1b: Dusclops\n|-damage|p1b: Dusclops|66\/100\n|-damage|p2a: Thatcher|95\/100|[from] Recoil\n|move|p2b: Dollynho|Shadow Ball|p1b: Dusclops\n|-supereffective|p1b: Dusclops\n|-damage|p1b: Dusclops|28\/100\n|-unboost|p1b: Dusclops|spd|1\n|move|p1b: Dusclops|Trick Room|p1b: Dusclops\n|-fieldstart|move: Trick Room|[of] p1b: Dusclops\n|\n|upkeep\n|turn|2\n|\n|t:|1699831394\n|-terastallize|p1a: Ursaluna|Normal\n|move|p1b: Dusclops|Will-O-Wisp|p2a: Thatcher|[miss]\n|-miss|p1b: Dusclops|p2a: Thatcher\n|move|p1a: Ursaluna|Blood Moon|p2b: Dollynho\n|-damage|p2b: Dollynho|0 fnt\n|faint|p2b: Dollynho\n|-damage|p1a: Ursaluna|91\/100|[from] item: Life Orb\n|move|p2a: Thatcher|Ice Punch|p1a: Ursaluna\n|-damage|p1a: Ursaluna|70\/100\n|\n|upkeep\n|\n|t:|1699831409\n|switch|p2b: Sherekan|Chien-Pao, L50|100\/100\n|-ability|p2b: Sherekan|Sword of Ruin\n|turn|3\n|\n|t:|1699831468\n|move|p1a: Ursaluna|Protect|p1a: Ursaluna\n|-singleturn|p1a: Ursaluna|Protect\n|move|p2b: Sherekan|Protect|p2b: Sherekan\n|-singleturn|p2b: Sherekan|Protect\n|move|p1b: Dusclops|Will-O-Wisp|p2b: Sherekan\n|-activate|p2b: Sherekan|move: Protect\n|move|p2a: Thatcher|Wild Charge|p1b: Dusclops\n|-damage|p1b: Dusclops|0 fnt\n|faint|p1b: Dusclops\n|-damage|p2a: Thatcher|90\/100|[from] Recoil\n|\n|upkeep\n|\n|t:|1699831479\n|switch|p1b: Rillaboom|Rillaboom, L50, F|100\/100\n|-fieldstart|move: Grassy Terrain|[from] ability: Grassy Surge|[of] p1b: Rillaboom\n|turn|4\n|\n|t:|1699831533\n|move|p1b: Rillaboom|Fake Out|p2b: Sherekan\n|-damage|p2b: Sherekan|81\/100\n|cant|p2b: Sherekan|flinch\n|move|p1a: Ursaluna|Blood Moon|p2a: Thatcher\n|-damage|p2a: Thatcher|0 fnt\n|faint|p2a: Thatcher\n|-end|p2a: Thatcher|Quark Drive|[silent]\n|-damage|p1a: Ursaluna|60\/100|[from] item: Life Orb\n|\n|-heal|p1a: Ursaluna|66\/100|[from] Grassy Terrain\n|-heal|p2b: Sherekan|87\/100|[from] Grassy Terrain\n|upkeep\n|\n|t:|1699831544\n|switch|p2a: Baguera|Arcanine-Hisui, L50, M, shiny|100\/100\n|-ability|p2a: Baguera|Intimidate|boost\n|-unboost|p1a: Ursaluna|atk|1\n|-unboost|p1b: Rillaboom|atk|1\n|turn|5\n|\n|t:|1699831572\n|move|p2b: Sherekan|Protect|p2b: Sherekan\n|-singleturn|p2b: Sherekan|Protect\n|move|p1b: Rillaboom|Grassy Glide|p2b: Sherekan\n|-activate|p2b: Sherekan|move: Protect\n|move|p1a: Ursaluna|Earth Power|p2a: Baguera\n|-supereffective|p2a: Baguera\n|-damage|p2a: Baguera|0 fnt\n|faint|p2a: Baguera\n|-damage|p1a: Ursaluna|56\/100|[from] item: Life Orb\n|\n|-heal|p1a: Ursaluna|62\/100|[from] Grassy Terrain\n|-heal|p2b: Sherekan|93\/100|[from] Grassy Terrain\n|-fieldend|move: Trick Room\n|upkeep\n|turn|6\n|\n|t:|1699831595\n|move|p1b: Rillaboom|Grassy Glide|p2b: Sherekan\n|-damage|p2b: Sherekan|57\/100\n|move|p2b: Sherekan|Ice Spinner|p1b: Rillaboom\n|-supereffective|p1b: Rillaboom\n|-damage|p1b: Rillaboom|0 fnt\n|-fieldend|move: Grassy Terrain\n|faint|p1b: Rillaboom\n|move|p1a: Ursaluna|Blood Moon|p2b: Sherekan\n|-damage|p2b: Sherekan|0 fnt\n|faint|p2b: Sherekan\n|-damage|p1a: Ursaluna|53\/100|[from] item: Life Orb\n|\n|win|Marcostap\n|c|\u2606Marcostap|qq\n|c|\u2606bb_hachi8|gg\n|l|\u2606bb_hachi8\n","uploadtime":1699831613,"views":12,"p1id":"marcostap","p2id":"bbhachi8","formatid":"gen9vgc2023regulatione","rating":0,"private":0,"password":""}