{"id":"gen9vgc2023regulatione-1989640630","p1":"Ayresbrun","p2":"tezminator","format":"[Gen 9] VGC 2023 Regulation E","log":"|j|\u2606Ayresbrun\n|j|\u2606tezminator\n|t:|1699882157\n|gametype|doubles\n|player|p1|Ayresbrun|266|1331\n|player|p2|tezminator|1|1310\n|teamsize|p1|6\n|teamsize|p2|6\n|gen|9\n|tier|[Gen 9] VGC 2023 Regulation E\n|rated|\n|rule|Species Clause: Limit one of each Pok\u00e9mon\n|rule|Item Clause: Limit one of each item\n|clearpoke\n|poke|p1|Flutter Mane, L50|\n|poke|p1|Tornadus, L50, M|\n|poke|p1|Heatran, L50, M|\n|poke|p1|Rillaboom, L50, F|\n|poke|p1|Arcanine, L50, F|\n|poke|p1|Hydreigon, L50, F|\n|poke|p2|Flutter Mane, L50|\n|poke|p2|Ceruledge, L50, F|\n|poke|p2|Ditto, L50|\n|poke|p2|Zoroark-Hisui, L50, M|\n|poke|p2|Kleavor, L50, M|\n|poke|p2|Gastrodon, L50, M|\n|teampreview|4\n|inactive|Battle timer is ON: inactive players will automatically lose when time's up. (requested by tezminator)\nAyresbrun has agreed to open team sheets.\ntezminator has agreed to open team sheets.\n|inactive|Ayresbrun has 30 seconds left.\n|inactive|tezminator has 30 seconds left.\n|inactive|Ayresbrun has 20 seconds left.\n|inactive|tezminator has 20 seconds left.\n|inactive|Ayresbrun has 15 seconds left.\n|inactive|tezminator has 15 seconds left.\n|inactive|tezminator has 10 seconds left.\n|\n|t:|1699882207\n|start\n|switch|p1a: Heatran|Heatran, L50, M|100\/100\n|switch|p1b: Tornadus|Tornadus, L50, M|100\/100\n|switch|p2a: Ceruledge|Ceruledge, L50, F|100\/100\n|switch|p2b: Gastrodon|Gastrodon, L50, M|100\/100\n|turn|1\n|inactive|Ayresbrun has 30 seconds left.\n|\n|t:|1699882233\n|move|p2a: Ceruledge|Protect|p2a: Ceruledge\n|-singleturn|p2a: Ceruledge|Protect\n|move|p1b: Tornadus|Grass Knot|p2b: Gastrodon\n|-supereffective|p2b: Gastrodon\n|-damage|p2b: Gastrodon|37\/100\n|move|p1a: Heatran|Earth Power|p2a: Ceruledge\n|-activate|p2a: Ceruledge|move: Protect\n|move|p2b: Gastrodon|Yawn|p1b: Tornadus\n|-start|p1b: Tornadus|move: Yawn|[of] p2b: Gastrodon\n|\n|-heal|p2b: Gastrodon|43\/100|[from] item: Leftovers\n|upkeep\n|turn|2\n|inactive|Ayresbrun has 30 seconds left.\n|inactive|Ayresbrun has 20 seconds left.\n|\n|t:|1699882269\n|switch|p2b: Kleavor|Kleavor, L50, M|100\/100\n|move|p1b: Tornadus|Tailwind|p1b: Tornadus\n|-sidestart|p1: Ayresbrun|move: Tailwind\n|move|p1a: Heatran|Flash Cannon|p2a: Ceruledge\n|-damage|p2a: Ceruledge|1\/100\n|replace|p2a: Zoroark|Zoroark-Hisui, L50, M\n|-end|p2a: Zoroark|Illusion\n|-damage|p1a: Heatran|91\/100|[from] item: Life Orb\n|move|p2a: Zoroark|Icy Wind|p1b: Tornadus|[spread] p1a,p1b\n|-resisted|p1a: Heatran\n|-supereffective|p1b: Tornadus\n|-damage|p1a: Heatran|88\/100\n|-damage|p1b: Tornadus|73\/100\n|-unboost|p1a: Heatran|spe|1\n|\n|-end|p1b: Tornadus|move: Yawn|[silent]\n|-status|p1b: Tornadus|slp\n|upkeep\n|turn|3\n|inactive|Ayresbrun has 30 seconds left.\n|inactive|tezminator has 30 seconds left.\n|inactive|Ayresbrun has 20 seconds left.\n|\n|t:|1699882309\n|switch|p2a: Gastrodon|Gastrodon, L50, M|43\/100\n|cant|p1b: Tornadus|slp\n|move|p1a: Heatran|Heat Wave|p2b: Kleavor|[spread] p2a,p2b\n|-resisted|p2a: Gastrodon\n|-damage|p2a: Gastrodon|22\/100\n|-damage|p2b: Kleavor|59\/100\n|-damage|p1a: Heatran|78\/100|[from] item: Life Orb\n|move|p2b: Kleavor|Stone Axe|p1b: Tornadus\n|-supereffective|p1b: Tornadus\n|-damage|p1b: Tornadus|0 fnt\n|-sidestart|p1: Ayresbrun|move: Stealth Rock\n|faint|p1b: Tornadus\n|\n|-heal|p2a: Gastrodon|28\/100|[from] item: Leftovers\n|upkeep\n|\n|t:|1699882323\n|switch|p1b: Rillaboom|Rillaboom, L50, F|100\/100\n|-damage|p1b: Rillaboom|88\/100|[from] Stealth Rock\n|-fieldstart|move: Grassy Terrain|[from] ability: Grassy Surge|[of] p1b: Rillaboom\n|turn|4\n|inactive|Ayresbrun has 30 seconds left.\n|\n|t:|1699882354\n|switch|p2a: Ceruledge|Ceruledge, L50, F|1\/100\n|move|p1b: Rillaboom|Fake Out|p2a: Ceruledge\n|-immune|p2a: Ceruledge\n|move|p1a: Heatran|Earth Power|p2b: Kleavor\n|-damage|p2b: Kleavor|18\/100\n|-damage|p1a: Heatran|69\/100|[from] item: Life Orb\n|move|p2b: Kleavor|X-Scissor|p1b: Rillaboom\n|-supereffective|p1b: Rillaboom\n|-damage|p1b: Rillaboom|0 fnt\n|faint|p1b: Rillaboom\n|\n|-heal|p2a: Ceruledge|7\/100|[from] Grassy Terrain\n|-heal|p1a: Heatran|75\/100|[from] Grassy Terrain\n|-heal|p2b: Kleavor|24\/100|[from] Grassy Terrain\n|upkeep\n|\n|t:|1699882369\n|switch|p1b: Hydreigon|Hydreigon, L50, F|100\/100\n|-damage|p1b: Hydreigon|88\/100|[from] Stealth Rock\n|turn|5\n|\n|t:|1699882387\n|move|p1b: Hydreigon|Protect|p1b: Hydreigon\n|-singleturn|p1b: Hydreigon|Protect\n|move|p2a: Ceruledge|Protect|p2a: Ceruledge\n|-singleturn|p2a: Ceruledge|Protect\n|move|p1a: Heatran|Heat Wave|p2b: Kleavor|[spread] p2b\n|-activate|p2a: Ceruledge|move: Protect\n|-damage|p2b: Kleavor|0 fnt\n|faint|p2b: Kleavor\n|-damage|p1a: Heatran|65\/100|[from] item: Life Orb\n|\n|-heal|p1b: Hydreigon|94\/100|[from] item: Leftovers\n|-heal|p2a: Ceruledge|13\/100|[from] Grassy Terrain\n|-heal|p1a: Heatran|71\/100|[from] Grassy Terrain\n|-sideend|p1: Ayresbrun|move: Tailwind\n|upkeep\n|\n|t:|1699882400\n|switch|p2b: Gastrodon|Gastrodon, L50, M|28\/100\n|turn|6\n|inactive|Ayresbrun has 30 seconds left.\n|inactive|Ayresbrun has 20 seconds left.\n|\n|t:|1699882439\n|move|p2a: Ceruledge|Icy Wind|p1b: Hydreigon|[spread] p1a,p1b\n|-resisted|p1a: Heatran\n|-supereffective|p1b: Hydreigon\n|-damage|p1a: Heatran|68\/100\n|-damage|p1b: Hydreigon|68\/100\n|-unboost|p1a: Heatran|spe|1\n|-unboost|p1b: Hydreigon|spe|1\n|move|p1b: Hydreigon|Focus Energy|p1b: Hydreigon\n|-start|p1b: Hydreigon|move: Focus Energy\n|move|p2b: Gastrodon|Earth Power|p1a: Heatran\n|-supereffective|p1a: Heatran\n|-damage|p1a: Heatran|0 fnt\n|faint|p1a: Heatran\n|\n|-heal|p2a: Ceruledge|20\/100|[from] Grassy Terrain\n|-heal|p1b: Hydreigon|74\/100|[from] item: Leftovers\n|-heal|p2b: Gastrodon|34\/100|[from] Grassy Terrain\n|-heal|p2b: Gastrodon|40\/100|[from] item: Leftovers\n|upkeep\n|turn|7\n|inactive|Ayresbrun has 30 seconds left.\n|\n|t:|1699882466\n|move|p2a: Ceruledge|Icy Wind|p1b: Hydreigon\n|-supereffective|p1b: Hydreigon\n|-damage|p1b: Hydreigon|39\/100\n|-unboost|p1b: Hydreigon|spe|1\n|move|p2b: Gastrodon|Yawn|p1b: Hydreigon\n|-start|p1b: Hydreigon|move: Yawn|[of] p2b: Gastrodon\n|move|p1b: Hydreigon|Dark Pulse|p2b: Gastrodon\n|-damage|p2b: Gastrodon|2\/100\n|\n|-heal|p2a: Ceruledge|26\/100|[from] Grassy Terrain\n|-heal|p2b: Gastrodon|8\/100|[from] Grassy Terrain\n|-heal|p1b: Hydreigon|45\/100|[from] item: Leftovers\n|-heal|p2b: Gastrodon|14\/100|[from] item: Leftovers\n|upkeep\n|turn|8\n|\n|t:|1699882481\n|move|p2a: Ceruledge|Icy Wind|p1b: Hydreigon\n|-supereffective|p1b: Hydreigon\n|-damage|p1b: Hydreigon|13\/100\n|-unboost|p1b: Hydreigon|spe|1\n|move|p2b: Gastrodon|Icy Wind|p1b: Hydreigon|[miss]\n|-miss|p2b: Gastrodon|p1b: Hydreigon\n|move|p1b: Hydreigon|Dark Pulse|p2b: Gastrodon\n|-crit|p2b: Gastrodon\n|-damage|p2b: Gastrodon|0 fnt\n|faint|p2b: Gastrodon\n|\n|-heal|p2a: Ceruledge|32\/100|[from] Grassy Terrain\n|-heal|p1b: Hydreigon|19\/100|[from] item: Leftovers\n|-end|p1b: Hydreigon|move: Yawn|[silent]\n|-status|p1b: Hydreigon|slp\n|-fieldend|move: Grassy Terrain\n|upkeep\n|\n|t:|1699882491\n|switch|p2b: Ceruledge|Ceruledge, L50, F|100\/100\n|turn|9\n|\n|t:|1699882507\n|move|p2a: Ceruledge|Icy Wind|p1b: Hydreigon\n|-supereffective|p1b: Hydreigon\n|-damage|p1b: Hydreigon|0 fnt\n|faint|p1b: Hydreigon\n|\n|win|tezminator\n|raw|Ayresbrun's rating: 1331 &rarr; <strong>1310<\/strong><br \/>(-21 for losing)\n|raw|tezminator's rating: 1310 &rarr; <strong>1331<\/strong><br \/>(+21 for winning)\n|l|\u2606tezminator\n","uploadtime":1699882542,"views":25,"p1id":"ayresbrun","p2id":"tezminator","formatid":"gen9vgc2023regulatione","rating":1310,"private":0,"password":""}