{"id":"dawn-gen9ubers-214702","p1":"albaz brand","p2":"Nitro524","format":"[Gen 9] Ubers","log":"|j|\u2606albaz brand\n|j|\u2606Nitro524\n|t:|1700784846\n|gametype|singles\n|player|p1|albaz brand|1|\n|player|p2|Nitro524|hilbert-wonderlauncher|\n|teamsize|p1|6\n|teamsize|p2|6\n|gen|9\n|tier|[Gen 9] Ubers\n|rule|Sleep Clause Mod: Limit one foe put to sleep\n|rule|Species Clause: Limit one of each Pok\u00e9mon\n|rule|OHKO Clause: OHKO moves are banned\n|rule|Evasion Items Clause: Evasion items are banned\n|rule|Evasion Moves Clause: Evasion moves are banned\n|rule|Endless Battle Clause: Forcing endless battles is banned\n|rule|HP Percentage Mod: HP is shown in percentages\n|clearpoke\n|poke|p1|Torkoal, M|\n|poke|p1|Arceus-Grass|\n|poke|p1|Roaring Moon|\n|poke|p1|Walking Wake|\n|poke|p1|Iron Moth|\n|poke|p1|Magearna-Original|\n|poke|p2|Pelipper, M|\n|poke|p2|Palafin, M|\n|poke|p2|Zapdos|\n|poke|p2|Landorus, M|\n|poke|p2|Palkia-Origin|\n|poke|p2|Zamazenta-*|\n|teampreview\n|c|\u2606Nitro524|glhf\n|\n|t:|1700784854\n|start\n|switch|p1a: Arceus|Arceus-Grass|100\/100\n|switch|p2a: Palafin|Palafin, M|100\/100\n|turn|1\n|c|\u2606albaz brand|glhf\n|\n|t:|1700784910\n|detailschange|p2a: Palafin|Palafin-Hero, M\n|switch|p2a: Pelipper|Pelipper, M|100\/100\n|-weather|RainDance|[from] ability: Drizzle|[of] p2a: Pelipper\n|move|p1a: Arceus|Judgment|p2a: Pelipper\n|-damage|p2a: Pelipper|36\/100\n|\n|-weather|RainDance|[upkeep]\n|upkeep\n|turn|2\n|\n|t:|1700784920\n|switch|p2a: Zapdos|Zapdos|100\/100\n|move|p1a: Arceus|Judgment|p2a: Zapdos\n|-resisted|p2a: Zapdos\n|-damage|p2a: Zapdos|76\/100\n|\n|-weather|RainDance|[upkeep]\n|upkeep\n|turn|3\n|\n|t:|1700784927\n|move|p1a: Arceus|Taunt|p2a: Zapdos\n|-start|p2a: Zapdos|move: Taunt\n|move|p2a: Zapdos|Hurricane|p1a: Arceus\n|-supereffective|p1a: Arceus\n|-damage|p1a: Arceus|23\/100\n|\n|-weather|RainDance|[upkeep]\n|upkeep\n|turn|4\n|\n|t:|1700784946\n|switch|p1a: Magearna|Magearna-Original|100\/100\n|move|p2a: Zapdos|Hurricane|p1a: Magearna\n|-resisted|p1a: Magearna\n|-damage|p1a: Magearna|72\/100\n|\n|-weather|RainDance|[upkeep]\n|-heal|p1a: Magearna|78\/100|[from] item: Leftovers\n|upkeep\n|turn|5\n|\n|t:|1700784953\n|move|p2a: Zapdos|Volt Switch|p1a: Magearna\n|-crit|p1a: Magearna\n|-damage|p1a: Magearna|17\/100\n|\n|t:|1700784955\n|switch|p2a: Landorus|Landorus, M|100\/100|[from] Volt Switch\n|move|p1a: Magearna|Volt Switch|p2a: Landorus\n|-immune|p2a: Landorus\n|\n|-weather|RainDance|[upkeep]\n|-heal|p1a: Magearna|23\/100|[from] item: Leftovers\n|upkeep\n|turn|6\n|\n|t:|1700784964\n|switch|p1a: Torkoal|Torkoal, M|100\/100\n|-weather|SunnyDay|[from] ability: Drought|[of] p1a: Torkoal\n|move|p2a: Landorus|Sandsear Storm|p1a: Torkoal|[miss]\n|-miss|p2a: Landorus|p1a: Torkoal\n|\n|-weather|SunnyDay|[upkeep]\n|upkeep\n|turn|7\n|\n|t:|1700784977\n|switch|p1a: Arceus|Arceus-Grass|23\/100\n|move|p2a: Landorus|Sandsear Storm|p1a: Arceus\n|-resisted|p1a: Arceus\n|-damage|p1a: Arceus|0 fnt\n|faint|p1a: Arceus\n|\n|-weather|SunnyDay|[upkeep]\n|upkeep\n|\n|t:|1700784989\n|switch|p1a: Walking Wake|Walking Wake|100\/100\n|-activate|p1a: Walking Wake|ability: Protosynthesis\n|-start|p1a: Walking Wake|protosynthesisspe\n|turn|8\n|\n|t:|1700785035\n|switch|p2a: Zapdos|Zapdos|76\/100\n|move|p1a: Walking Wake|Draco Meteor|p2a: Zapdos|[miss]\n|-miss|p1a: Walking Wake|p2a: Zapdos\n|\n|-weather|SunnyDay|[upkeep]\n|upkeep\n|turn|9\n|\n|t:|1700785083\n|move|p1a: Walking Wake|Draco Meteor|p2a: Zapdos\n|-crit|p2a: Zapdos\n|-damage|p2a: Zapdos|0 fnt\n|-unboost|p1a: Walking Wake|spa|2\n|faint|p2a: Zapdos\n|\n|-weather|SunnyDay|[upkeep]\n|upkeep\n|\n|t:|1700785101\n|switch|p2a: Pelipper|Pelipper, M|36\/100\n|-weather|RainDance|[from] ability: Drizzle|[of] p2a: Pelipper\n|-end|p1a: Walking Wake|Protosynthesis\n|turn|10\n|\n|t:|1700785146\n|switch|p2a: Palafin|Palafin-Hero, M|100\/100\n|-activate|p2a: Palafin|ability: Zero to Hero\n|move|p1a: Walking Wake|Draco Meteor|p2a: Palafin\n|-damage|p2a: Palafin|51\/100\n|-unboost|p1a: Walking Wake|spa|2\n|\n|-weather|RainDance|[upkeep]\n|upkeep\n|turn|11\n|\n|t:|1700785156\n|-end|p1a: Walking Wake|Protosynthesis|[silent]\n|switch|p1a: Magearna|Magearna-Original|23\/100\n|move|p2a: Palafin|Close Combat|p1a: Magearna\n|-damage|p1a: Magearna|0 fnt\n|-unboost|p2a: Palafin|def|1\n|-unboost|p2a: Palafin|spd|1\n|faint|p1a: Magearna\n|\n|-weather|RainDance|[upkeep]\n|upkeep\n|\n|t:|1700785168\n|switch|p1a: Walking Wake|Walking Wake|100\/100\n|turn|12\n|\n|t:|1700785200\n|move|p1a: Walking Wake|Draco Meteor|p2a: Palafin\n|-damage|p2a: Palafin|0 fnt\n|-unboost|p1a: Walking Wake|spa|2\n|faint|p2a: Palafin\n|\n|-weather|RainDance|[upkeep]\n|upkeep\n|\n|t:|1700785205\n|switch|p2a: Palkia|Palkia-Origin|100\/100\n|-ability|p2a: Palkia|Pressure\n|turn|13\n|\n|t:|1700785214\n|-end|p1a: Walking Wake|Protosynthesis|[silent]\n|switch|p1a: Torkoal|Torkoal, M|100\/100\n|-weather|SunnyDay|[from] ability: Drought|[of] p1a: Torkoal\n|move|p2a: Palkia|Substitute|p2a: Palkia\n|-start|p2a: Palkia|Substitute\n|-damage|p2a: Palkia|76\/100\n|\n|-weather|SunnyDay|[upkeep]\n|upkeep\n|turn|14\n|\n|t:|1700785222\n|move|p2a: Palkia|Spacial Rend|p1a: Torkoal|[miss]\n|-miss|p2a: Palkia|p1a: Torkoal\n|move|p1a: Torkoal|Lava Plume|p2a: Palkia\n|-resisted|p2a: Palkia\n|-activate|p2a: Palkia|move: Substitute|[damage]\n|\n|-weather|SunnyDay|[upkeep]\n|upkeep\n|turn|15\n|\n|t:|1700785227\n|move|p2a: Palkia|Spacial Rend|p1a: Torkoal\n|-damage|p1a: Torkoal|14\/100\n|move|p1a: Torkoal|Lava Plume|p2a: Palkia\n|-resisted|p2a: Palkia\n|-activate|p2a: Palkia|move: Substitute|[damage]\n|\n|-weather|SunnyDay|[upkeep]\n|upkeep\n|turn|16\n|\n|t:|1700785230\n|move|p2a: Palkia|Spacial Rend|p1a: Torkoal\n|-damage|p1a: Torkoal|0 fnt\n|faint|p1a: Torkoal\n|\n|-weather|SunnyDay|[upkeep]\n|upkeep\n|\n|t:|1700785234\n|switch|p1a: Roaring Moon|Roaring Moon|100\/100\n|-activate|p1a: Roaring Moon|ability: Protosynthesis\n|-start|p1a: Roaring Moon|protosynthesisatk\n|turn|17\n|\n|t:|1700785240\n|-terastallize|p1a: Roaring Moon|Fire\n|move|p2a: Palkia|Spacial Rend|p1a: Roaring Moon\n|-damage|p1a: Roaring Moon|28\/100\n|move|p1a: Roaring Moon|Knock Off|p2a: Palkia\n|-end|p2a: Palkia|Substitute\n|\n|-weather|SunnyDay|[upkeep]\n|upkeep\n|turn|18\n|\n|t:|1700785247\n|switch|p2a: Pelipper|Pelipper, M|36\/100\n|-weather|RainDance|[from] ability: Drizzle|[of] p2a: Pelipper\n|-end|p1a: Roaring Moon|Protosynthesis\n|-enditem|p1a: Roaring Moon|Booster Energy\n|-activate|p1a: Roaring Moon|ability: Protosynthesis|[fromitem]\n|-start|p1a: Roaring Moon|protosynthesisatk\n|move|p1a: Roaring Moon|Knock Off|p2a: Pelipper\n|-damage|p2a: Pelipper|0 fnt\n|-enditem|p2a: Pelipper|Damp Rock|[from] move: Knock Off|[of] p1a: Roaring Moon\n|faint|p2a: Pelipper\n|\n|-weather|RainDance|[upkeep]\n|upkeep\n|\n|t:|1700785250\n|switch|p2a: Palkia|Palkia-Origin|76\/100\n|-ability|p2a: Palkia|Pressure\n|turn|19\n|\n|t:|1700785273\n|move|p2a: Palkia|Thunder|p1a: Roaring Moon\n|-damage|p1a: Roaring Moon|0 fnt\n|faint|p1a: Roaring Moon\n|-end|p1a: Roaring Moon|Protosynthesis|[silent]\n|\n|-weather|RainDance|[upkeep]\n|upkeep\n|\n|t:|1700785280\n|switch|p1a: Iron Moth|Iron Moth, shiny|100\/100\n|-enditem|p1a: Iron Moth|Booster Energy\n|-activate|p1a: Iron Moth|ability: Quark Drive|[fromitem]\n|-start|p1a: Iron Moth|quarkdrivespe\n|turn|20\n|\n|t:|1700785295\n|switch|p2a: Zamazenta|Zamazenta-Crowned|100\/100\n|-ability|p2a: Zamazenta|Dauntless Shield|boost\n|-boost|p2a: Zamazenta|def|1\n|move|p1a: Iron Moth|Dazzling Gleam|p2a: Zamazenta\n|-damage|p2a: Zamazenta|82\/100\n|\n|-weather|RainDance|[upkeep]\n|upkeep\n|turn|21\n|\n|t:|1700785308\n|move|p1a: Iron Moth|Fiery Dance|p2a: Zamazenta\n|-supereffective|p2a: Zamazenta\n|-damage|p2a: Zamazenta|55\/100\n|move|p2a: Zamazenta|Substitute|p2a: Zamazenta\n|-start|p2a: Zamazenta|Substitute\n|-damage|p2a: Zamazenta|30\/100\n|\n|-weather|RainDance|[upkeep]\n|upkeep\n|turn|22\n|\n|t:|1700785337\n|move|p1a: Iron Moth|Fiery Dance|p2a: Zamazenta\n|-supereffective|p2a: Zamazenta\n|-activate|p2a: Zamazenta|move: Substitute|[damage]\n|-boost|p1a: Iron Moth|spa|1\n|move|p2a: Zamazenta|Iron Defense|p2a: Zamazenta\n|-boost|p2a: Zamazenta|def|2\n|\n|-weather|RainDance|[upkeep]\n|upkeep\n|turn|23\n|\n|t:|1700785343\n|move|p1a: Iron Moth|Fiery Dance|p2a: Zamazenta\n|-supereffective|p2a: Zamazenta\n|-end|p2a: Zamazenta|Substitute\n|move|p2a: Zamazenta|Body Press|p1a: Iron Moth\n|-resisted|p1a: Iron Moth\n|-damage|p1a: Iron Moth|37\/100\n|\n|-weather|RainDance|[upkeep]\n|upkeep\n|turn|24\n|\n|t:|1700785353\n|-terastallize|p2a: Zamazenta|Fighting\n|move|p1a: Iron Moth|Fiery Dance|p2a: Zamazenta\n|-damage|p2a: Zamazenta|10\/100\n|-boost|p1a: Iron Moth|spa|1\n|move|p2a: Zamazenta|Body Press|p1a: Iron Moth\n|-resisted|p1a: Iron Moth\n|-damage|p1a: Iron Moth|0 fnt\n|faint|p1a: Iron Moth\n|-end|p1a: Iron Moth|Quark Drive|[silent]\n|\n|-weather|RainDance|[upkeep]\n|upkeep\n|\n|t:|1700785360\n|switch|p1a: Walking Wake|Walking Wake|100\/100\n|turn|25\n|\n|t:|1700785367\n|move|p2a: Zamazenta|Body Press|p1a: Walking Wake\n|-damage|p1a: Walking Wake|0 fnt\n|faint|p1a: Walking Wake\n|-end|p1a: Walking Wake|Protosynthesis|[silent]\n|\n|win|Nitro524\n|l|\u2606albaz brand\n","uploadtime":1700785372,"views":5,"p1id":"albazbrand","p2id":"nitro524","formatid":"gen9ubers","rating":0,"private":0,"password":""}