{"id":"dawn-gen9ubers-214713","p1":"albaz brand","p2":"Nitro524","format":"[Gen 9] Ubers","log":"|j|\u2606albaz brand\n|j|\u2606Nitro524\n|t:|1700786240\n|gametype|singles\n|player|p1|albaz brand|1|\n|player|p2|Nitro524|hilbert-wonderlauncher|\n|teamsize|p1|6\n|teamsize|p2|6\n|gen|9\n|tier|[Gen 9] Ubers\n|rule|Sleep Clause Mod: Limit one foe put to sleep\n|rule|Species Clause: Limit one of each Pok\u00e9mon\n|rule|OHKO Clause: OHKO moves are banned\n|rule|Evasion Items Clause: Evasion items are banned\n|rule|Evasion Moves Clause: Evasion moves are banned\n|rule|Endless Battle Clause: Forcing endless battles is banned\n|rule|HP Percentage Mod: HP is shown in percentages\n|clearpoke\n|poke|p1|Greninja-*, M|\n|poke|p1|Pelipper, F|\n|poke|p1|Palkia-Origin|\n|poke|p1|Palafin, F|\n|poke|p1|Arceus-Grass|\n|poke|p1|Sneasler, F|\n|poke|p2|Torkoal, M|\n|poke|p2|Chi-Yu|\n|poke|p2|Maushold|\n|poke|p2|Arceus-Poison|\n|poke|p2|Roaring Moon|\n|poke|p2|Walking Wake|\n|teampreview\n|\n|t:|1700786256\n|start\n|switch|p1a: Pelipper|Pelipper, F|100\/100\n|switch|p2a: Torkoal|Torkoal, M|100\/100\n|-weather|RainDance|[from] ability: Drizzle|[of] p1a: Pelipper\n|-weather|SunnyDay|[from] ability: Drought|[of] p2a: Torkoal\n|turn|1\n|\n|t:|1700786265\n|move|p1a: Pelipper|Tailwind|p1a: Pelipper\n|-sidestart|p1: albaz brand|move: Tailwind\n|move|p2a: Torkoal|Stealth Rock|p1a: Pelipper\n|-sidestart|p1: albaz brand|move: Stealth Rock\n|\n|-weather|SunnyDay|[upkeep]\n|upkeep\n|turn|2\n|\n|t:|1700786271\n|move|p1a: Pelipper|U-turn|p2a: Torkoal\n|-resisted|p2a: Torkoal\n|-damage|p2a: Torkoal|98\/100\n|\n|t:|1700786277\n|switch|p1a: Palkia|Palkia-Origin|100\/100|[from] U-turn\n|-damage|p1a: Palkia|88\/100|[from] Stealth Rock\n|-ability|p1a: Palkia|Pressure\n|move|p2a: Torkoal|Yawn|p1a: Palkia\n|-start|p1a: Palkia|move: Yawn|[of] p2a: Torkoal\n|\n|-weather|SunnyDay|[upkeep]\n|upkeep\n|turn|3\n|\n|t:|1700786301\n|switch|p1a: Pelipper|Pelipper, F|100\/100\n|-damage|p1a: Pelipper|75\/100|[from] Stealth Rock\n|-weather|RainDance|[from] ability: Drizzle|[of] p1a: Pelipper\n|switch|p2a: Walking Wake|Walking Wake|100\/100\n|\n|-weather|RainDance|[upkeep]\n|-heal|p1a: Pelipper|82\/100|[from] item: Leftovers\n|upkeep\n|turn|4\n|\n|t:|1700786314\n|move|p2a: Walking Wake|Draco Meteor|p1a: Pelipper\n|-damage|p1a: Pelipper|0 fnt\n|-unboost|p2a: Walking Wake|spa|2\n|faint|p1a: Pelipper\n|\n|-weather|RainDance|[upkeep]\n|-sideend|p1: albaz brand|move: Tailwind\n|upkeep\n|\n|t:|1700786325\n|switch|p1a: Palafin|Palafin, F|100\/100\n|-damage|p1a: Palafin|88\/100|[from] Stealth Rock\n|turn|5\n|\n|t:|1700786336\n|-end|p2a: Walking Wake|Protosynthesis|[silent]\n|switch|p2a: Torkoal|Torkoal, M|98\/100\n|-weather|SunnyDay|[from] ability: Drought|[of] p2a: Torkoal\n|move|p1a: Palafin|Flip Turn|p2a: Torkoal\n|-supereffective|p2a: Torkoal\n|-damage|p2a: Torkoal|79\/100\n|\n|t:|1700786340\n|detailschange|p1a: Palafin|Palafin-Hero, F\n|switch|p1a: Sneasler|Sneasler, F|100\/100|[from] Flip Turn\n|-damage|p1a: Sneasler|95\/100|[from] Stealth Rock\n|\n|-weather|SunnyDay|[upkeep]\n|upkeep\n|turn|6\n|\n|t:|1700786483\n|move|p1a: Sneasler|Fake Out|p2a: Torkoal\n|-enditem|p1a: Sneasler|Normal Gem|[from] gem\n|-damage|p2a: Torkoal|68\/100\n|cant|p2a: Torkoal|flinch\n|\n|-weather|SunnyDay|[upkeep]\n|upkeep\n|turn|7\n|\n|t:|1700786487\n|move|p1a: Sneasler|Dire Claw|p2a: Torkoal\n|-damage|p2a: Torkoal|40\/100\n|move|p2a: Torkoal|Yawn|p1a: Sneasler\n|-start|p1a: Sneasler|move: Yawn|[of] p2a: Torkoal\n|\n|-weather|SunnyDay|[upkeep]\n|upkeep\n|turn|8\n|\n|t:|1700786505\n|switch|p2a: Walking Wake|Walking Wake|100\/100\n|-activate|p2a: Walking Wake|ability: Protosynthesis\n|-start|p2a: Walking Wake|protosynthesisspe\n|move|p1a: Sneasler|Dire Claw|p2a: Walking Wake\n|-damage|p2a: Walking Wake|50\/100\n|\n|-weather|SunnyDay|[upkeep]\n|-end|p1a: Sneasler|move: Yawn|[silent]\n|-status|p1a: Sneasler|slp\n|upkeep\n|turn|9\n|\n|t:|1700786534\n|cant|p1a: Sneasler|slp\n|move|p2a: Walking Wake|Draco Meteor|p1a: Sneasler\n|-damage|p1a: Sneasler|0 fnt\n|-unboost|p2a: Walking Wake|spa|2\n|faint|p1a: Sneasler\n|\n|-weather|SunnyDay|[upkeep]\n|upkeep\n|\n|t:|1700786543\n|switch|p1a: Arceus|Arceus-Grass|100\/100\n|-damage|p1a: Arceus|88\/100|[from] Stealth Rock\n|turn|10\n|\n|t:|1700786551\n|-end|p2a: Walking Wake|Protosynthesis|[silent]\n|switch|p2a: Arceus|Arceus-Poison|100\/100\n|move|p1a: Arceus|Calm Mind|p1a: Arceus\n|-boost|p1a: Arceus|spa|1\n|-boost|p1a: Arceus|spd|1\n|\n|-weather|SunnyDay|[upkeep]\n|upkeep\n|turn|11\n|\n|t:|1700786560\n|-terastallize|p1a: Arceus|Steel\n|move|p1a: Arceus|Calm Mind|p1a: Arceus\n|-boost|p1a: Arceus|spa|1\n|-boost|p1a: Arceus|spd|1\n|move|p2a: Arceus|Swords Dance|p2a: Arceus\n|-boost|p2a: Arceus|atk|2\n|\n|-weather|SunnyDay|[upkeep]\n|upkeep\n|turn|12\n|\n|t:|1700786576\n|move|p1a: Arceus|Taunt|p2a: Arceus\n|-start|p2a: Arceus|move: Taunt\n|cant|p2a: Arceus|move: Taunt|Cosmic Power\n|\n|-weather|none\n|upkeep\n|turn|13\n|\n|t:|1700786584\n|move|p2a: Arceus|Extreme Speed|p1a: Arceus\n|-resisted|p1a: Arceus\n|-crit|p1a: Arceus\n|-damage|p1a: Arceus|62\/100\n|move|p1a: Arceus|Judgment|p2a: Arceus\n|-resisted|p2a: Arceus\n|-damage|p2a: Arceus|71\/100\n|\n|upkeep\n|turn|14\n|\n|t:|1700786593\n|move|p2a: Arceus|Extreme Speed|p1a: Arceus\n|-resisted|p1a: Arceus\n|-damage|p1a: Arceus|41\/100\n|move|p1a: Arceus|Recover|p1a: Arceus\n|-heal|p1a: Arceus|91\/100\n|\n|-end|p2a: Arceus|move: Taunt\n|upkeep\n|turn|15\n|\n|t:|1700786602\n|move|p2a: Arceus|Extreme Speed|p1a: Arceus\n|-resisted|p1a: Arceus\n|-damage|p1a: Arceus|71\/100\n|move|p1a: Arceus|Taunt|p2a: Arceus\n|-start|p2a: Arceus|move: Taunt\n|\n|upkeep\n|turn|16\n|\n|t:|1700786612\n|move|p2a: Arceus|Extreme Speed|p1a: Arceus\n|-resisted|p1a: Arceus\n|-damage|p1a: Arceus|51\/100\n|move|p1a: Arceus|Recover|p1a: Arceus\n|-heal|p1a: Arceus|100\/100\n|\n|upkeep\n|turn|17\n|\n|t:|1700786646\n|switch|p2a: Torkoal|Torkoal, M|40\/100\n|-weather|SunnyDay|[from] ability: Drought|[of] p2a: Torkoal\n|move|p1a: Arceus|Calm Mind|p1a: Arceus\n|-boost|p1a: Arceus|spa|1\n|-boost|p1a: Arceus|spd|1\n|\n|-weather|SunnyDay|[upkeep]\n|upkeep\n|turn|18\n|\n|t:|1700786661\n|move|p1a: Arceus|Judgment|p2a: Torkoal\n|-resisted|p2a: Torkoal\n|-damage|p2a: Torkoal|0 fnt\n|faint|p2a: Torkoal\n|\n|-weather|SunnyDay|[upkeep]\n|upkeep\n|\n|t:|1700786670\n|switch|p2a: Roaring Moon|Roaring Moon|100\/100\n|-activate|p2a: Roaring Moon|ability: Protosynthesis\n|-start|p2a: Roaring Moon|protosynthesisspe\n|turn|19\n|\n|t:|1700786678\n|move|p2a: Roaring Moon|Earthquake|p1a: Arceus\n|-supereffective|p1a: Arceus\n|-crit|p1a: Arceus\n|-damage|p1a: Arceus|0 fnt\n|faint|p1a: Arceus\n|\n|-weather|SunnyDay|[upkeep]\n|upkeep\n|\n|t:|1700786691\n|switch|p1a: Palkia|Palkia-Origin|88\/100\n|-damage|p1a: Palkia|76\/100|[from] Stealth Rock\n|-ability|p1a: Palkia|Pressure\n|turn|20\n|\n|t:|1700786711\n|move|p2a: Roaring Moon|Earthquake|p1a: Palkia\n|-damage|p1a: Palkia|21\/100\n|move|p1a: Palkia|Spacial Rend|p2a: Roaring Moon\n|-supereffective|p2a: Roaring Moon\n|-damage|p2a: Roaring Moon|0 fnt\n|faint|p2a: Roaring Moon\n|-end|p2a: Roaring Moon|Protosynthesis|[silent]\n|\n|-weather|SunnyDay|[upkeep]\n|upkeep\n|\n|t:|1700786728\n|switch|p2a: Chi-Yu|Chi-Yu|100\/100\n|-ability|p2a: Chi-Yu|Beads of Ruin\n|turn|21\n|\n|t:|1700786734\n|-terastallize|p2a: Chi-Yu|Fairy\n|move|p2a: Chi-Yu|Tera Blast|p1a: Palkia|[anim] Tera Blast Fairy\n|-supereffective|p1a: Palkia\n|-damage|p1a: Palkia|0 fnt\n|faint|p1a: Palkia\n|\n|-weather|SunnyDay|[upkeep]\n|upkeep\n|\n|t:|1700786739\n|switch|p1a: Palafin|Palafin-Hero, F|88\/100\n|-damage|p1a: Palafin|76\/100|[from] Stealth Rock\n|-activate|p1a: Palafin|ability: Zero to Hero\n|turn|22\n|\n|t:|1700786758\n|move|p1a: Palafin|Jet Punch|p2a: Chi-Yu\n|-damage|p2a: Chi-Yu|56\/100\n|move|p2a: Chi-Yu|Tera Blast|p1a: Palafin|[anim] Tera Blast Fairy\n|-damage|p1a: Palafin|14\/100\n|\n|-weather|SunnyDay|[upkeep]\n|upkeep\n|turn|23\n|\n|t:|1700786764\n|switch|p2a: Arceus|Arceus-Poison|71\/100\n|move|p1a: Palafin|Jet Punch|p2a: Arceus\n|-damage|p2a: Arceus|52\/100\n|\n|-weather|SunnyDay|[upkeep]\n|upkeep\n|turn|24\n|\n|t:|1700786768\n|move|p2a: Arceus|Extreme Speed|p1a: Palafin\n|-damage|p1a: Palafin|0 fnt\n|faint|p1a: Palafin\n|\n|-weather|none\n|upkeep\n|\n|t:|1700786771\n|switch|p1a: Greninja|Greninja, M|100\/100\n|-damage|p1a: Greninja|88\/100|[from] Stealth Rock\n|turn|25\n|\n|t:|1700786786\n|move|p2a: Arceus|Extreme Speed|p1a: Greninja\n|-damage|p1a: Greninja|41\/100\n|move|p1a: Greninja|Hydro Pump|p2a: Arceus|[miss]\n|-miss|p1a: Greninja|p2a: Arceus\n|\n|upkeep\n|turn|26\n|\n|t:|1700786803\n|move|p2a: Arceus|Extreme Speed|p1a: Greninja\n|-damage|p1a: Greninja|0 fnt\n|faint|p1a: Greninja\n|\n|win|Nitro524\n","uploadtime":1700786809,"views":5,"p1id":"albazbrand","p2id":"nitro524","formatid":"gen9ubers","rating":0,"private":0,"password":""}