{"id":"dawn-gen9ubers-214710","p1":"albaz brand","p2":"Nitro524","format":"[Gen 9] Ubers","log":"|j|\u2606albaz brand\n|j|\u2606Nitro524\n|t:|1700786034\n|gametype|singles\n|player|p1|albaz brand|1|\n|player|p2|Nitro524|hilbert-wonderlauncher|\n|teamsize|p1|6\n|teamsize|p2|6\n|gen|9\n|tier|[Gen 9] Ubers\n|rule|Sleep Clause Mod: Limit one foe put to sleep\n|rule|Species Clause: Limit one of each Pok\u00e9mon\n|rule|OHKO Clause: OHKO moves are banned\n|rule|Evasion Items Clause: Evasion items are banned\n|rule|Evasion Moves Clause: Evasion moves are banned\n|rule|Endless Battle Clause: Forcing endless battles is banned\n|rule|HP Percentage Mod: HP is shown in percentages\n|clearpoke\n|poke|p1|Greninja-*, M|\n|poke|p1|Pelipper, F|\n|poke|p1|Palkia-Origin|\n|poke|p1|Palafin, F|\n|poke|p1|Arceus-Grass|\n|poke|p1|Sneasler, M|\n|poke|p2|Torkoal, F|\n|poke|p2|Chi-Yu|\n|poke|p2|Maushold|\n|poke|p2|Arceus-Poison|\n|poke|p2|Roaring Moon|\n|poke|p2|Walking Wake|\n|teampreview\n|c|\u2606Nitro524|glhf\n|\n|t:|1700786052\n|start\n|switch|p1a: Palkia|Palkia-Origin|100\/100\n|switch|p2a: Arceus|Arceus-Poison|100\/100\n|-ability|p1a: Palkia|Pressure\n|turn|1\n|\n|t:|1700786110\n|move|p1a: Palkia|Earth Power|p2a: Arceus\n|-supereffective|p2a: Arceus\n|-damage|p2a: Arceus|58\/100\n|move|p2a: Arceus|Cosmic Power|p2a: Arceus\n|-boost|p2a: Arceus|def|1\n|-boost|p2a: Arceus|spd|1\n|\n|upkeep\n|turn|2\n|\n|t:|1700786117\n|move|p1a: Palkia|Earth Power|p2a: Arceus\n|-supereffective|p2a: Arceus\n|-damage|p2a: Arceus|29\/100\n|move|p2a: Arceus|Recover|p2a: Arceus\n|-heal|p2a: Arceus|79\/100\n|\n|upkeep\n|turn|3\n|\n|t:|1700786123\n|move|p1a: Palkia|Earth Power|p2a: Arceus\n|-supereffective|p2a: Arceus\n|-damage|p2a: Arceus|48\/100\n|move|p2a: Arceus|Cosmic Power|p2a: Arceus\n|-boost|p2a: Arceus|def|1\n|-boost|p2a: Arceus|spd|1\n|\n|upkeep\n|turn|4\n|\n|t:|1700786127\n|move|p1a: Palkia|Earth Power|p2a: Arceus\n|-supereffective|p2a: Arceus\n|-damage|p2a: Arceus|24\/100\n|move|p2a: Arceus|Recover|p2a: Arceus\n|-heal|p2a: Arceus|74\/100\n|\n|upkeep\n|turn|5\n|\n|t:|1700786134\n|move|p1a: Palkia|Spacial Rend|p2a: Arceus\n|-damage|p2a: Arceus|52\/100\n|move|p2a: Arceus|Cosmic Power|p2a: Arceus\n|-boost|p2a: Arceus|def|1\n|-boost|p2a: Arceus|spd|1\n|\n|upkeep\n|turn|6\n|\n|t:|1700786146\n|move|p1a: Palkia|Spacial Rend|p2a: Arceus\n|-damage|p2a: Arceus|34\/100\n|move|p2a: Arceus|Cosmic Power|p2a: Arceus\n|-boost|p2a: Arceus|def|1\n|-boost|p2a: Arceus|spd|1\n|\n|upkeep\n|turn|7\n|\n|t:|1700786151\n|move|p1a: Palkia|Spacial Rend|p2a: Arceus\n|-damage|p2a: Arceus|18\/100\n|move|p2a: Arceus|Recover|p2a: Arceus\n|-heal|p2a: Arceus|68\/100\n|\n|upkeep\n|turn|8\n|\n|t:|1700786160\n|move|p1a: Palkia|Spacial Rend|p2a: Arceus\n|-damage|p2a: Arceus|53\/100\n|move|p2a: Arceus|Swords Dance|p2a: Arceus\n|-boost|p2a: Arceus|atk|2\n|\n|upkeep\n|turn|9\n|\n|t:|1700786171\n|move|p1a: Palkia|Spacial Rend|p2a: Arceus\n|-damage|p2a: Arceus|37\/100\n|move|p2a: Arceus|Swords Dance|p2a: Arceus\n|-boost|p2a: Arceus|atk|2\n|\n|upkeep\n|turn|10\n|\n|t:|1700786175\n|move|p2a: Arceus|Extreme Speed|p1a: Palkia\n|-damage|p1a: Palkia|7\/100\n|move|p1a: Palkia|Spacial Rend|p2a: Arceus\n|-damage|p2a: Arceus|20\/100\n|\n|upkeep\n|turn|11\n|\n|t:|1700786182\n|move|p2a: Arceus|Extreme Speed|p1a: Palkia\n|-damage|p1a: Palkia|0 fnt\n|faint|p1a: Palkia\n|\n|upkeep\n|\n|t:|1700786194\n|switch|p1a: Sneasler|Sneasler, M|100\/100\n|turn|12\n|\n|t:|1700786199\n|move|p1a: Sneasler|Fake Out|p2a: Arceus\n|-enditem|p1a: Sneasler|Normal Gem|[from] gem\n|-damage|p2a: Arceus|16\/100\n|cant|p2a: Arceus|flinch\n|\n|upkeep\n|turn|13\n|\n|t:|1700786207\n|move|p1a: Sneasler|Dire Claw|p2a: Arceus\n|-resisted|p2a: Arceus\n|-damage|p2a: Arceus|11\/100\n|move|p2a: Arceus|Recover|p2a: Arceus\n|-heal|p2a: Arceus|61\/100\n|\n|upkeep\n|turn|14\n|\n|t:|1700786216\n|move|p2a: Arceus|Extreme Speed|p1a: Sneasler\n|-damage|p1a: Sneasler|0 fnt\n|faint|p1a: Sneasler\n|\n|upkeep\n|-message|albaz brand forfeited.\n|\n|win|Nitro524\n|l|\u2606albaz brand\n","uploadtime":1700786226,"views":5,"p1id":"albazbrand","p2id":"nitro524","formatid":"gen9ubers","rating":0,"private":0,"password":""}