{"id":"dawn-gen9ubers-214721","p1":"albaz brand","p2":"Nitro524","format":"[Gen 9] Ubers","log":"|j|\u2606albaz brand\n|j|\u2606Nitro524\n|t:|1700787341\n|gametype|singles\n|player|p1|albaz brand|1|\n|player|p2|Nitro524|hilbert-wonderlauncher|\n|teamsize|p1|6\n|teamsize|p2|6\n|gen|9\n|tier|[Gen 9] Ubers\n|rule|Sleep Clause Mod: Limit one foe put to sleep\n|rule|Species Clause: Limit one of each Pok\u00e9mon\n|rule|OHKO Clause: OHKO moves are banned\n|rule|Evasion Items Clause: Evasion items are banned\n|rule|Evasion Moves Clause: Evasion moves are banned\n|rule|Endless Battle Clause: Forcing endless battles is banned\n|rule|HP Percentage Mod: HP is shown in percentages\n|clearpoke\n|poke|p1|Iron Moth|\n|poke|p1|Baxcalibur, F|\n|poke|p1|Magearna|\n|poke|p1|Palafin, F|\n|poke|p1|Rillaboom, F|\n|poke|p1|Sneasler, M|\n|poke|p2|Pelipper, F|\n|poke|p2|Palafin, F|\n|poke|p2|Zapdos|\n|poke|p2|Landorus, M|\n|poke|p2|Palkia-Origin|\n|poke|p2|Zamazenta-*|\n|teampreview\n|c|\u2606Nitro524|glhf\n|\n|t:|1700787350\n|start\n|switch|p1a: Rillaboom|Rillaboom, F|100\/100\n|switch|p2a: Pelipper|Pelipper, F|100\/100\n|-fieldstart|move: Grassy Terrain|[from] ability: Grassy Surge|[of] p1a: Rillaboom\n|-weather|RainDance|[from] ability: Drizzle|[of] p2a: Pelipper\n|turn|1\n|\n|t:|1700787371\n|move|p1a: Rillaboom|U-turn|p2a: Pelipper\n|-resisted|p2a: Pelipper\n|-damage|p2a: Pelipper|89\/100\n|-damage|p1a: Rillaboom|91\/100|[from] item: Life Orb\n|\n|t:|1700787405\n|switch|p1a: Palafin|Palafin, F|100\/100|[from] U-turn\n|move|p2a: Pelipper|Hurricane|p1a: Palafin\n|-damage|p1a: Palafin|57\/100\n|\n|-weather|RainDance|[upkeep]\n|-heal|p1a: Palafin|64\/100|[from] Grassy Terrain\n|upkeep\n|turn|2\n|\n|t:|1700787415\n|switch|p2a: Zapdos|Zapdos|100\/100\n|move|p1a: Palafin|Flip Turn|p2a: Zapdos\n|-damage|p2a: Zapdos|46\/100\n|\n|t:|1700787423\n|detailschange|p1a: Palafin|Palafin-Hero, F\n|switch|p1a: Magearna|Magearna|100\/100|[from] Flip Turn\n|-enditem|p1a: Magearna|Grassy Seed\n|-boost|p1a: Magearna|def|1|[from] item: Grassy Seed\n|\n|-weather|RainDance|[upkeep]\n|upkeep\n|turn|3\n|\n|t:|1700787437\n|move|p2a: Zapdos|Roost|p2a: Zapdos\n|-heal|p2a: Zapdos|96\/100\n|-singleturn|p2a: Zapdos|move: Roost\n|move|p1a: Magearna|Calm Mind|p1a: Magearna\n|-boost|p1a: Magearna|spa|1\n|-boost|p1a: Magearna|spd|1\n|\n|-weather|RainDance|[upkeep]\n|-heal|p2a: Zapdos|100\/100|[from] Grassy Terrain\n|upkeep\n|turn|4\n|\n|t:|1700787450\n|move|p2a: Zapdos|Thunder|p1a: Magearna\n|-damage|p1a: Magearna|56\/100\n|move|p1a: Magearna|Calm Mind|p1a: Magearna\n|-boost|p1a: Magearna|spa|1\n|-boost|p1a: Magearna|spd|1\n|\n|-weather|RainDance|[upkeep]\n|-heal|p1a: Magearna|62\/100|[from] Grassy Terrain\n|upkeep\n|turn|5\n|\n|t:|1700787455\n|move|p2a: Zapdos|Thunder|p1a: Magearna\n|-damage|p1a: Magearna|31\/100\n|-status|p1a: Magearna|par\n|move|p1a: Magearna|Draining Kiss|p2a: Zapdos\n|-damage|p2a: Zapdos|45\/100\n|-heal|p1a: Magearna|85\/100 par|[from] drain|[of] p2a: Zapdos\n|\n|-weather|RainDance|[upkeep]\n|-heal|p1a: Magearna|91\/100 par|[from] Grassy Terrain\n|-fieldend|move: Grassy Terrain\n|upkeep\n|turn|6\n|\n|t:|1700787487\n|-terastallize|p2a: Zapdos|Steel\n|move|p2a: Zapdos|Thunder|p1a: Magearna\n|-damage|p1a: Magearna|60\/100 par\n|cant|p1a: Magearna|par\n|\n|-weather|RainDance|[upkeep]\n|upkeep\n|turn|7\n|\n|t:|1700787495\n|move|p2a: Zapdos|Thunder|p1a: Magearna\n|-damage|p1a: Magearna|27\/100 par\n|move|p1a: Magearna|Draining Kiss|p2a: Zapdos\n|-resisted|p2a: Zapdos\n|-damage|p2a: Zapdos|20\/100\n|-heal|p1a: Magearna|52\/100 par|[from] drain|[of] p2a: Zapdos\n|\n|-weather|RainDance|[upkeep]\n|upkeep\n|turn|8\n|\n|t:|1700787507\n|move|p2a: Zapdos|Volt Switch|p1a: Magearna\n|-damage|p1a: Magearna|32\/100 par\n|\n|t:|1700787531\n|switch|p2a: Zamazenta|Zamazenta-Crowned|100\/100|[from] Volt Switch\n|-ability|p2a: Zamazenta|Dauntless Shield|boost\n|-boost|p2a: Zamazenta|def|1\n|cant|p1a: Magearna|par\n|\n|-weather|none\n|upkeep\n|turn|9\n|\n|t:|1700787544\n|move|p2a: Zamazenta|Substitute|p2a: Zamazenta\n|-start|p2a: Zamazenta|Substitute\n|-damage|p2a: Zamazenta|75\/100\n|move|p1a: Magearna|Iron Defense|p1a: Magearna\n|-boost|p1a: Magearna|def|2\n|\n|upkeep\n|turn|10\n|\n|t:|1700787563\n|move|p2a: Zamazenta|Iron Defense|p2a: Zamazenta\n|-boost|p2a: Zamazenta|def|2\n|cant|p1a: Magearna|par\n|\n|upkeep\n|turn|11\n|\n|t:|1700787572\n|move|p2a: Zamazenta|Body Press|p1a: Magearna\n|-damage|p1a: Magearna|2\/100 par\n|move|p1a: Magearna|Draining Kiss|p2a: Zamazenta\n|-end|p2a: Zamazenta|Substitute\n|-heal|p1a: Magearna|26\/100 par|[from] drain|[of] p2a: Zamazenta\n|\n|upkeep\n|turn|12\n|\n|t:|1700787584\n|move|p2a: Zamazenta|Body Press|p1a: Magearna\n|-damage|p1a: Magearna|0 fnt\n|faint|p1a: Magearna\n|\n|upkeep\n|\n|t:|1700787588\n|switch|p1a: Rillaboom|Rillaboom, F|91\/100\n|-fieldstart|move: Grassy Terrain|[from] ability: Grassy Surge|[of] p1a: Rillaboom\n|turn|13\n|\n|t:|1700787596\n|switch|p2a: Pelipper|Pelipper, F|89\/100\n|-weather|RainDance|[from] ability: Drizzle|[of] p2a: Pelipper\n|move|p1a: Rillaboom|Drum Beating|p2a: Pelipper\n|-damage|p2a: Pelipper|38\/100\n|-unboost|p2a: Pelipper|spe|1\n|-damage|p1a: Rillaboom|81\/100|[from] item: Life Orb\n|\n|-weather|RainDance|[upkeep]\n|-heal|p1a: Rillaboom|87\/100|[from] Grassy Terrain\n|upkeep\n|turn|14\n|\n|t:|1700787630\n|switch|p2a: Zamazenta|Zamazenta-Crowned|75\/100\n|move|p1a: Rillaboom|Swords Dance|p1a: Rillaboom\n|-boost|p1a: Rillaboom|atk|2\n|\n|-weather|RainDance|[upkeep]\n|-heal|p2a: Zamazenta|82\/100|[from] Grassy Terrain\n|-heal|p1a: Rillaboom|93\/100|[from] Grassy Terrain\n|upkeep\n|turn|15\n|\n|t:|1700787638\n|move|p2a: Zamazenta|Body Press|p1a: Rillaboom\n|-damage|p1a: Rillaboom|51\/100\n|move|p1a: Rillaboom|Drum Beating|p2a: Zamazenta\n|-resisted|p2a: Zamazenta\n|-damage|p2a: Zamazenta|39\/100\n|-unboost|p2a: Zamazenta|spe|1\n|-damage|p1a: Rillaboom|41\/100|[from] item: Life Orb\n|\n|-weather|RainDance|[upkeep]\n|-heal|p1a: Rillaboom|47\/100|[from] Grassy Terrain\n|-heal|p2a: Zamazenta|46\/100|[from] Grassy Terrain\n|upkeep\n|turn|16\n|\n|t:|1700787649\n|move|p1a: Rillaboom|Drum Beating|p2a: Zamazenta\n|-resisted|p2a: Zamazenta\n|-damage|p2a: Zamazenta|3\/100\n|-unboost|p2a: Zamazenta|spe|1\n|-damage|p1a: Rillaboom|37\/100|[from] item: Life Orb\n|move|p2a: Zamazenta|Body Press|p1a: Rillaboom\n|-damage|p1a: Rillaboom|0 fnt\n|faint|p1a: Rillaboom\n|\n|-weather|RainDance|[upkeep]\n|-heal|p2a: Zamazenta|10\/100|[from] Grassy Terrain\n|upkeep\n|\n|t:|1700787658\n|switch|p1a: Sneasler|Sneasler, M|100\/100\n|-enditem|p1a: Sneasler|Grassy Seed\n|-boost|p1a: Sneasler|def|1|[from] item: Grassy Seed\n|turn|17\n|\n|t:|1700787673\n|switch|p2a: Palafin|Palafin, F|100\/100\n|move|p1a: Sneasler|Swords Dance|p1a: Sneasler\n|-boost|p1a: Sneasler|atk|2\n|\n|-weather|RainDance|[upkeep]\n|-fieldend|move: Grassy Terrain\n|upkeep\n|turn|18\n|\n|t:|1700787681\n|detailschange|p2a: Palafin|Palafin-Hero, F\n|switch|p2a: Zamazenta|Zamazenta-Crowned|10\/100\n|move|p1a: Sneasler|Dire Claw|p2a: Zamazenta\n|-immune|p2a: Zamazenta\n|\n|-weather|RainDance|[upkeep]\n|upkeep\n|turn|19\n|\n|t:|1700787694\n|-terastallize|p1a: Sneasler|Fire\n|move|p1a: Sneasler|Tera Blast|p2a: Zamazenta|[anim] Tera Blast Fire\n|-supereffective|p2a: Zamazenta\n|-damage|p2a: Zamazenta|0 fnt\n|faint|p2a: Zamazenta\n|\n|-weather|RainDance|[upkeep]\n|upkeep\n|\n|t:|1700787701\n|switch|p2a: Palafin|Palafin-Hero, F|100\/100\n|-activate|p2a: Palafin|ability: Zero to Hero\n|turn|20\n|\n|t:|1700787706\n|move|p2a: Palafin|Jet Punch|p1a: Sneasler\n|-supereffective|p1a: Sneasler\n|-damage|p1a: Sneasler|0 fnt\n|faint|p1a: Sneasler\n|\n|-weather|none\n|upkeep\n|\n|t:|1700787712\n|switch|p1a: Baxcalibur|Baxcalibur, F|100\/100\n|turn|21\n|\n|t:|1700787717\n|switch|p2a: Pelipper|Pelipper, F|38\/100\n|-weather|RainDance|[from] ability: Drizzle|[of] p2a: Pelipper\n|move|p1a: Baxcalibur|Swords Dance|p1a: Baxcalibur\n|-boost|p1a: Baxcalibur|atk|2\n|\n|-weather|RainDance|[upkeep]\n|upkeep\n|turn|22\n|\n|t:|1700787729\n|switch|p2a: Zapdos|Zapdos, tera:Steel|20\/100\n|move|p1a: Baxcalibur|Scale Shot|p2a: Zapdos\n|-resisted|p2a: Zapdos\n|-damage|p2a: Zapdos|5\/100\n|-resisted|p2a: Zapdos\n|-crit|p2a: Zapdos\n|-damage|p2a: Zapdos|0 fnt\n|faint|p2a: Zapdos\n|-hitcount|p2: Zapdos|2\n|-unboost|p1a: Baxcalibur|def|1\n|-boost|p1a: Baxcalibur|spe|1\n|\n|-weather|RainDance|[upkeep]\n|upkeep\n|\n|t:|1700787766\n|switch|p2a: Palafin|Palafin-Hero, F|100\/100\n|turn|23\n|\n|t:|1700787790\n|move|p1a: Baxcalibur|Icicle Spear|p2a: Palafin\n|-resisted|p2a: Palafin\n|-crit|p2a: Palafin\n|-damage|p2a: Palafin|82\/100\n|-resisted|p2a: Palafin\n|-damage|p2a: Palafin|71\/100\n|-resisted|p2a: Palafin\n|-damage|p2a: Palafin|59\/100\n|-resisted|p2a: Palafin\n|-damage|p2a: Palafin|48\/100\n|-hitcount|p2a: Palafin|4\n|move|p2a: Palafin|Wave Crash|p1a: Baxcalibur\n|-resisted|p1a: Baxcalibur\n|-damage|p1a: Baxcalibur|0 fnt\n|faint|p1a: Baxcalibur\n|-damage|p2a: Palafin|18\/100|[from] Recoil\n|\n|-weather|RainDance|[upkeep]\n|upkeep\n|\n|t:|1700787803\n|switch|p1a: Iron Moth|Iron Moth|100\/100\n|-enditem|p1a: Iron Moth|Booster Energy\n|-activate|p1a: Iron Moth|ability: Quark Drive|[fromitem]\n|-start|p1a: Iron Moth|quarkdrivespe\n|turn|24\n|\n|t:|1700787812\n|switch|p2a: Landorus|Landorus, M|100\/100\n|move|p1a: Iron Moth|Fiery Dance|p2a: Landorus\n|-damage|p2a: Landorus|77\/100\n|\n|-weather|RainDance|[upkeep]\n|upkeep\n|turn|25\n|\n|t:|1700787818\n|move|p1a: Iron Moth|Dazzling Gleam|p2a: Landorus\n|-damage|p2a: Landorus|45\/100\n|move|p2a: Landorus|Sandsear Storm|p1a: Iron Moth\n|-supereffective|p1a: Iron Moth\n|-damage|p1a: Iron Moth|0 fnt\n|faint|p1a: Iron Moth\n|-end|p1a: Iron Moth|Quark Drive|[silent]\n|\n|-weather|RainDance|[upkeep]\n|upkeep\n|\n|t:|1700787822\n|switch|p1a: Palafin|Palafin-Hero, F|64\/100\n|-activate|p1a: Palafin|ability: Zero to Hero\n|turn|26\n|\n|t:|1700787833\n|move|p1a: Palafin|Jet Punch|p2a: Landorus\n|-supereffective|p2a: Landorus\n|-damage|p2a: Landorus|0 fnt\n|faint|p2a: Landorus\n|\n|-weather|RainDance|[upkeep]\n|upkeep\n|\n|t:|1700787842\n|switch|p2a: Palkia|Palkia-Origin|100\/100\n|-ability|p2a: Palkia|Pressure\n|turn|27\n|\n|t:|1700787846\n|move|p1a: Palafin|Jet Punch|p2a: Palkia\n|-resisted|p2a: Palkia\n|-damage|p2a: Palkia|76\/100\n|move|p2a: Palkia|Substitute|p2a: Palkia\n|-start|p2a: Palkia|Substitute\n|-damage|p2a: Palkia|51\/100\n|\n|-weather|RainDance|[upkeep]\n|upkeep\n|turn|28\n|\n|t:|1700787854\n|move|p1a: Palafin|Jet Punch|p2a: Palkia\n|-resisted|p2a: Palkia\n|-end|p2a: Palkia|Substitute\n|move|p2a: Palkia|Thunder|p1a: Palafin\n|-supereffective|p1a: Palafin\n|-damage|p1a: Palafin|0 fnt\n|faint|p1a: Palafin\n|\n|win|Nitro524\n","uploadtime":1700787859,"views":5,"p1id":"albazbrand","p2id":"nitro524","formatid":"gen9ubers","rating":0,"private":0,"password":""}