{"id":"dawn-gen9ubers-214699","p1":"albaz brand","p2":"Nitro524","format":"[Gen 9] Ubers","log":"|j|\u2606albaz brand\n|j|\u2606Nitro524\n|t:|1700784508\n|gametype|singles\n|player|p1|albaz brand|1|\n|player|p2|Nitro524|hilbert-wonderlauncher|\n|teamsize|p1|6\n|teamsize|p2|6\n|gen|9\n|tier|[Gen 9] Ubers\n|rule|Sleep Clause Mod: Limit one foe put to sleep\n|rule|Species Clause: Limit one of each Pok\u00e9mon\n|rule|OHKO Clause: OHKO moves are banned\n|rule|Evasion Items Clause: Evasion items are banned\n|rule|Evasion Moves Clause: Evasion moves are banned\n|rule|Endless Battle Clause: Forcing endless battles is banned\n|rule|HP Percentage Mod: HP is shown in percentages\n|clearpoke\n|poke|p1|Torkoal, M|\n|poke|p1|Arceus-Grass|\n|poke|p1|Roaring Moon|\n|poke|p1|Walking Wake|\n|poke|p1|Iron Moth|\n|poke|p1|Magearna-Original|\n|poke|p2|Pelipper, F|\n|poke|p2|Palafin, F|\n|poke|p2|Zapdos|\n|poke|p2|Landorus, M|\n|poke|p2|Palkia-Origin|\n|poke|p2|Zamazenta-*|\n|teampreview\n|c|\u2606Nitro524|glhf\n|c|\u2606albaz brand|GLHF\n|\n|t:|1700784525\n|start\n|switch|p1a: Torkoal|Torkoal, M|100\/100\n|switch|p2a: Palafin|Palafin, F|100\/100\n|-weather|SunnyDay|[from] ability: Drought|[of] p1a: Torkoal\n|turn|1\n|\n|t:|1700784545\n|move|p2a: Palafin|Flip Turn|p1a: Torkoal\n|-supereffective|p1a: Torkoal\n|-damage|p1a: Torkoal|83\/100\n|\n|t:|1700784548\n|detailschange|p2a: Palafin|Palafin-Hero, F\n|switch|p2a: Pelipper|Pelipper, F|100\/100|[from] Flip Turn\n|-weather|RainDance|[from] ability: Drizzle|[of] p2a: Pelipper\n|move|p1a: Torkoal|Yawn|p2a: Pelipper\n|-start|p2a: Pelipper|move: Yawn|[of] p1a: Torkoal\n|\n|-weather|RainDance|[upkeep]\n|upkeep\n|turn|2\n|\n|t:|1700784556\n|switch|p1a: Arceus|Arceus-Grass|100\/100\n|move|p2a: Pelipper|U-turn|p1a: Arceus\n|-supereffective|p1a: Arceus\n|-damage|p1a: Arceus|90\/100\n|\n|t:|1700784561\n|switch|p2a: Landorus|Landorus, M|100\/100|[from] U-turn\n|\n|-weather|RainDance|[upkeep]\n|upkeep\n|turn|3\n|\n|t:|1700784571\n|move|p1a: Arceus|Taunt|p2a: Landorus\n|-start|p2a: Landorus|move: Taunt\n|move|p2a: Landorus|Sludge Bomb|p1a: Arceus\n|-supereffective|p1a: Arceus\n|-damage|p1a: Arceus|26\/100\n|\n|-weather|RainDance|[upkeep]\n|upkeep\n|turn|4\n|\n|t:|1700784582\n|move|p1a: Arceus|Recover|p1a: Arceus\n|-heal|p1a: Arceus|76\/100\n|move|p2a: Landorus|Sandsear Storm|p1a: Arceus\n|-resisted|p1a: Arceus\n|-damage|p1a: Arceus|48\/100\n|\n|-weather|RainDance|[upkeep]\n|upkeep\n|turn|5\n|\n|t:|1700784590\n|move|p1a: Arceus|Recover|p1a: Arceus\n|-heal|p1a: Arceus|98\/100\n|move|p2a: Landorus|Sludge Bomb|p1a: Arceus\n|-supereffective|p1a: Arceus\n|-damage|p1a: Arceus|37\/100\n|\n|-weather|RainDance|[upkeep]\n|-end|p2a: Landorus|move: Taunt\n|upkeep\n|turn|6\n|\n|t:|1700784594\n|move|p1a: Arceus|Recover|p1a: Arceus\n|-heal|p1a: Arceus|87\/100\n|move|p2a: Landorus|Sludge Bomb|p1a: Arceus\n|-supereffective|p1a: Arceus\n|-damage|p1a: Arceus|24\/100\n|\n|-weather|RainDance|[upkeep]\n|upkeep\n|turn|7\n|\n|t:|1700784603\n|move|p1a: Arceus|Recover|p1a: Arceus\n|-heal|p1a: Arceus|74\/100\n|move|p2a: Landorus|Sludge Bomb|p1a: Arceus\n|-supereffective|p1a: Arceus\n|-damage|p1a: Arceus|7\/100\n|\n|-weather|RainDance|[upkeep]\n|upkeep\n|turn|8\n|j| the garb4ge man\n|\n|t:|1700784608\n|switch|p1a: Magearna|Magearna-Original|100\/100\n|move|p2a: Landorus|Sludge Bomb|p1a: Magearna\n|-immune|p1a: Magearna\n|\n|-weather|none\n|upkeep\n|turn|9\n|\n|t:|1700784615\n|switch|p1a: Torkoal|Torkoal, M|83\/100\n|-weather|SunnyDay|[from] ability: Drought|[of] p1a: Torkoal\n|move|p2a: Landorus|Sandsear Storm|p1a: Torkoal\n|-supereffective|p1a: Torkoal\n|-damage|p1a: Torkoal|0 fnt\n|faint|p1a: Torkoal\n|\n|-weather|SunnyDay|[upkeep]\n|upkeep\n|\n|t:|1700784628\n|switch|p1a: Walking Wake|Walking Wake|100\/100\n|-activate|p1a: Walking Wake|ability: Protosynthesis\n|-start|p1a: Walking Wake|protosynthesisspe\n|turn|10\n|\n|t:|1700784648\n|switch|p2a: Pelipper|Pelipper, F|100\/100\n|-weather|RainDance|[from] ability: Drizzle|[of] p2a: Pelipper\n|-end|p1a: Walking Wake|Protosynthesis\n|move|p1a: Walking Wake|Draco Meteor|p2a: Pelipper\n|-damage|p2a: Pelipper|0 fnt\n|-unboost|p1a: Walking Wake|spa|2\n|faint|p2a: Pelipper\n|\n|-weather|RainDance|[upkeep]\n|upkeep\n|\n|t:|1700784660\n|switch|p2a: Zamazenta|Zamazenta-Crowned|100\/100\n|-ability|p2a: Zamazenta|Dauntless Shield|boost\n|-boost|p2a: Zamazenta|def|1\n|turn|11\n|\n|t:|1700784668\n|-end|p1a: Walking Wake|Protosynthesis|[silent]\n|switch|p1a: Arceus|Arceus-Grass|7\/100\n|move|p2a: Zamazenta|Substitute|p2a: Zamazenta\n|-start|p2a: Zamazenta|Substitute\n|-damage|p2a: Zamazenta|75\/100\n|\n|-weather|RainDance|[upkeep]\n|upkeep\n|turn|12\n|\n|t:|1700784687\n|move|p2a: Zamazenta|Iron Defense|p2a: Zamazenta\n|-boost|p2a: Zamazenta|def|2\n|move|p1a: Arceus|Taunt|p2a: Zamazenta\n|-start|p2a: Zamazenta|move: Taunt\n|\n|-weather|RainDance|[upkeep]\n|upkeep\n|turn|13\n|\n|t:|1700784701\n|move|p2a: Zamazenta|Body Press|p1a: Arceus\n|-damage|p1a: Arceus|0 fnt\n|faint|p1a: Arceus\n|\n|-weather|RainDance|[upkeep]\n|upkeep\n|\n|t:|1700784707\n|switch|p1a: Magearna|Magearna-Original|100\/100\n|turn|14\n|\n|t:|1700784722\n|move|p2a: Zamazenta|Body Press|p1a: Magearna\n|-damage|p1a: Magearna|22\/100\n|move|p1a: Magearna|Draining Kiss|p2a: Zamazenta\n|-activate|p2a: Zamazenta|move: Substitute|[damage]\n|-heal|p1a: Magearna|41\/100|[from] drain|[of] p2a: Zamazenta\n|\n|-weather|RainDance|[upkeep]\n|-heal|p1a: Magearna|47\/100|[from] item: Leftovers\n|upkeep\n|turn|15\n|\n|t:|1700784730\n|move|p2a: Zamazenta|Body Press|p1a: Magearna\n|-damage|p1a: Magearna|0 fnt\n|faint|p1a: Magearna\n|\n|-weather|RainDance|[upkeep]\n|-end|p2a: Zamazenta|move: Taunt\n|upkeep\n|\n|t:|1700784738\n|switch|p1a: Walking Wake|Walking Wake|100\/100\n|turn|16\n|\n|t:|1700784761\n|move|p2a: Zamazenta|Body Press|p1a: Walking Wake\n|-damage|p1a: Walking Wake|3\/100\n|move|p1a: Walking Wake|Hydro Steam|p2a: Zamazenta\n|-end|p2a: Zamazenta|Substitute\n|\n|-weather|RainDance|[upkeep]\n|upkeep\n|turn|17\n|\n|t:|1700784769\n|move|p2a: Zamazenta|Body Press|p1a: Walking Wake\n|-crit|p1a: Walking Wake\n|-damage|p1a: Walking Wake|0 fnt\n|faint|p1a: Walking Wake\n|-end|p1a: Walking Wake|Protosynthesis|[silent]\n|\n|-weather|none\n|upkeep\n|\n|t:|1700784777\n|switch|p1a: Roaring Moon|Roaring Moon|100\/100\n|-enditem|p1a: Roaring Moon|Booster Energy\n|-activate|p1a: Roaring Moon|ability: Protosynthesis|[fromitem]\n|-start|p1a: Roaring Moon|protosynthesisatk\n|turn|18\n|\n|t:|1700784792\n|-terastallize|p2a: Zamazenta|Fighting\n|-terastallize|p1a: Roaring Moon|Fire\n|move|p2a: Zamazenta|Body Press|p1a: Roaring Moon\n|-damage|p1a: Roaring Moon|0 fnt\n|faint|p1a: Roaring Moon\n|-end|p1a: Roaring Moon|Protosynthesis|[silent]\n|\n|upkeep\n|\n|t:|1700784798\n|switch|p1a: Iron Moth|Iron Moth, shiny|100\/100\n|-enditem|p1a: Iron Moth|Booster Energy\n|-activate|p1a: Iron Moth|ability: Quark Drive|[fromitem]\n|-start|p1a: Iron Moth|quarkdrivespe\n|turn|19\n|\n|t:|1700784804\n|move|p1a: Iron Moth|Fiery Dance|p2a: Zamazenta\n|-damage|p2a: Zamazenta|47\/100\n|-boost|p1a: Iron Moth|spa|1\n|move|p2a: Zamazenta|Body Press|p1a: Iron Moth\n|-resisted|p1a: Iron Moth\n|-damage|p1a: Iron Moth|7\/100\n|\n|upkeep\n|turn|20\n|\n|t:|1700784811\n|move|p1a: Iron Moth|Fiery Dance|p2a: Zamazenta\n|-damage|p2a: Zamazenta|8\/100\n|move|p2a: Zamazenta|Body Press|p1a: Iron Moth\n|-resisted|p1a: Iron Moth\n|-damage|p1a: Iron Moth|0 fnt\n|faint|p1a: Iron Moth\n|-end|p1a: Iron Moth|Quark Drive|[silent]\n|\n|win|Nitro524\n","uploadtime":1700784816,"views":5,"p1id":"albazbrand","p2id":"nitro524","formatid":"gen9ubers","rating":0,"private":0,"password":""}