{"id":"gen9ubers-1998505652","p1":"LowkeyLokei","p2":"dray027","format":"[Gen 9] Ubers","log":"|j|\u2606LowkeyLokei\n|j|\u2606dray027\n|t:|1700949979\n|gametype|singles\n|player|p1|LowkeyLokei|169|\n|player|p2|dray027|1|\n|teamsize|p1|6\n|teamsize|p2|6\n|gen|9\n|tier|[Gen 9] Ubers\n|rule|Sleep Clause Mod: Limit one foe put to sleep\n|rule|Species Clause: Limit one of each Pok\u00e9mon\n|rule|OHKO Clause: OHKO moves are banned\n|rule|Evasion Items Clause: Evasion items are banned\n|rule|Evasion Moves Clause: Evasion moves are banned\n|rule|Endless Battle Clause: Forcing endless battles is banned\n|rule|HP Percentage Mod: HP is shown in percentages\n|clearpoke\n|poke|p1|Landorus-Therian, M|\n|poke|p1|Regieleki|\n|poke|p1|Quagsire, M|\n|poke|p1|Weezing-Galar, M|\n|poke|p1|Kingambit, M|\n|poke|p1|Moltres-Galar|\n|poke|p2|Walking Wake|\n|poke|p2|Ribombee, F|\n|poke|p2|Heracross, M|\n|poke|p2|Scream Tail|\n|poke|p2|Lycanroc-Dusk, F|\n|poke|p2|Clodsire, F|\n|teampreview\n|inactive|Battle timer is ON: inactive players will automatically lose when time's up. (requested by dray027)\n|\n|t:|1700950006\n|start\n|switch|p1a: Good Idea|Regieleki|100\/100\n|switch|p2a: Ribombee|Ribombee, F|100\/100\n|turn|1\n|\n|t:|1700950015\n|move|p1a: Good Idea|Thunder Cage|p2a: Ribombee\n|-damage|p2a: Ribombee|41\/100\n|-activate|p2a: Ribombee|move: Thunder Cage|[of] p1a: Good Idea\n|move|p2a: Ribombee|Moonblast|p1a: Good Idea\n|-damage|p1a: Good Idea|2\/100\n|\n|-damage|p2a: Ribombee|28\/100|[from] move: Thunder Cage|[partiallytrapped]\n|upkeep\n|turn|2\n|\n|t:|1700950024\n|move|p1a: Good Idea|Thunder Cage|p2a: Ribombee\n|-damage|p2a: Ribombee|0 fnt\n|faint|p2a: Ribombee\n|\n|upkeep\n|\n|t:|1700950033\n|switch|p2a: Lycanroc|Lycanroc-Dusk, F, shiny|100\/100\n|turn|3\n|\n|t:|1700950050\n|switch|p1a: Dakmons|Quagsire, M|100\/100\n|move|p2a: Lycanroc|Iron Head|p1a: Dakmons\n|-resisted|p1a: Dakmons\n|-crit|p1a: Dakmons\n|-damage|p1a: Dakmons|76\/100\n|\n|-heal|p1a: Dakmons|82\/100|[from] item: Leftovers\n|upkeep\n|turn|4\n|\n|t:|1700950064\n|switch|p2a: Clodsire|Clodsire, F|100\/100\n|move|p1a: Dakmons|Spikes|p2a: Clodsire\n|-sidestart|p2: dray027|Spikes\n|\n|-heal|p1a: Dakmons|88\/100|[from] item: Leftovers\n|upkeep\n|turn|5\n|\n|t:|1700950076\n|move|p1a: Dakmons|Earthquake|p2a: Clodsire\n|-supereffective|p2a: Clodsire\n|-damage|p2a: Clodsire|55\/100\n|move|p2a: Clodsire|Rain Dance|p2a: Clodsire\n|-weather|RainDance\n|\n|-weather|RainDance|[upkeep]\n|-heal|p1a: Dakmons|94\/100|[from] item: Leftovers\n|-heal|p2a: Clodsire|61\/100|[from] item: Leftovers\n|upkeep\n|turn|6\n|\n|t:|1700950100\n|-terastallize|p1a: Dakmons|Ground\n|move|p1a: Dakmons|Earthquake|p2a: Clodsire\n|-supereffective|p2a: Clodsire\n|-damage|p2a: Clodsire|0 fnt\n|faint|p2a: Clodsire\n|\n|-weather|RainDance|[upkeep]\n|-heal|p1a: Dakmons|99\/100|[from] item: Leftovers\n|upkeep\n|\n|t:|1700950106\n|switch|p2a: Walking Wake|Walking Wake|100\/100\n|-damage|p2a: Walking Wake|88\/100|[from] Spikes\n|turn|7\n|\n|t:|1700950136\n|move|p2a: Walking Wake|Hydro Steam|p1a: Dakmons\n|-heal|p1a: Dakmons|100\/100|[from] ability: Water Absorb|[of] p2a: Walking Wake\n|move|p1a: Dakmons|Earth Power|p2a: Walking Wake\n|-damage|p2a: Walking Wake|53\/100\n|\n|-weather|RainDance|[upkeep]\n|upkeep\n|turn|8\n|inactive|LowkeyLokei has 270 seconds left.\n|\n|t:|1700950152\n|-end|p2a: Walking Wake|Protosynthesis|[silent]\n|switch|p2a: Heracross|Heracross, M|100\/100\n|-damage|p2a: Heracross|88\/100|[from] Spikes\n|move|p1a: Dakmons|Earthquake|p2a: Heracross\n|-resisted|p2a: Heracross\n|-damage|p2a: Heracross|59\/100\n|\n|-weather|RainDance|[upkeep]\n|upkeep\n|turn|9\n|inactive|LowkeyLokei has 270 seconds left.\n|\n|t:|1700950166\n|switch|p1a: Dimmidome|Weezing-Galar, M|100\/100\n|move|p2a: Heracross|Knock Off|p1a: Dimmidome\n|-resisted|p1a: Dimmidome\n|-damage|p1a: Dimmidome|89\/100\n|-enditem|p1a: Dimmidome|Black Sludge|[from] move: Knock Off|[of] p2a: Heracross\n|\n|-weather|none\n|upkeep\n|turn|10\n|inactive|LowkeyLokei has 270 seconds left.\n|\n|t:|1700950179\n|switch|p2a: Scream Tail|Scream Tail, shiny|100\/100\n|-damage|p2a: Scream Tail|88\/100|[from] Spikes\n|move|p1a: Dimmidome|Strange Steam|p2a: Scream Tail\n|-damage|p2a: Scream Tail|73\/100\n|-start|p2a: Scream Tail|confusion\n|\n|-heal|p2a: Scream Tail|79\/100|[from] item: Leftovers\n|upkeep\n|turn|11\n|\n|t:|1700950191\n|-activate|p2a: Scream Tail|confusion\n|move|p2a: Scream Tail|Thunder Wave|p1a: Dimmidome\n|-status|p1a: Dimmidome|par\n|move|p1a: Dimmidome|Sludge Bomb|p2a: Scream Tail\n|-supereffective|p2a: Scream Tail\n|-damage|p2a: Scream Tail|50\/100\n|\n|-heal|p2a: Scream Tail|56\/100|[from] item: Leftovers\n|upkeep\n|turn|12\n|\n|t:|1700950201\n|-end|p2a: Scream Tail|confusion\n|move|p2a: Scream Tail|Wish|p2a: Scream Tail\n|move|p1a: Dimmidome|Will-O-Wisp|p2a: Scream Tail\n|-status|p2a: Scream Tail|brn\n|\n|-heal|p2a: Scream Tail|62\/100 brn|[from] item: Leftovers\n|-damage|p2a: Scream Tail|56\/100 brn|[from] brn\n|upkeep\n|turn|13\n|\n|t:|1700950211\n|move|p2a: Scream Tail|Encore|p1a: Dimmidome\n|-start|p1a: Dimmidome|Encore\n|move|p1a: Dimmidome|Will-O-Wisp|p2a: Scream Tail\n|-fail|p2a: Scream Tail|brn\n|\n|-heal|p2a: Scream Tail|100\/100 brn|[from] move: Wish|[wisher] Scream Tail\n|-damage|p2a: Scream Tail|94\/100 brn|[from] brn\n|upkeep\n|turn|14\n|\n|t:|1700950224\n|move|p2a: Scream Tail|Dazzling Gleam|p1a: Dimmidome\n|-resisted|p1a: Dimmidome\n|-damage|p1a: Dimmidome|77\/100 par\n|move|p1a: Dimmidome|Will-O-Wisp|p2a: Scream Tail\n|-fail|p2a: Scream Tail|brn\n|\n|-heal|p2a: Scream Tail|100\/100 brn|[from] item: Leftovers\n|-damage|p2a: Scream Tail|94\/100 brn|[from] brn\n|upkeep\n|turn|15\n|\n|t:|1700950239\n|switch|p1a: Lancelot|Kingambit, M|100\/100\n|move|p2a: Scream Tail|Wish|p2a: Scream Tail\n|\n|-heal|p2a: Scream Tail|100\/100 brn|[from] item: Leftovers\n|-damage|p2a: Scream Tail|94\/100 brn|[from] brn\n|upkeep\n|turn|16\n|\n|t:|1700950251\n|move|p2a: Scream Tail|Thunder Wave|p1a: Lancelot\n|-status|p1a: Lancelot|par\n|move|p1a: Lancelot|Kowtow Cleave|p2a: Scream Tail\n|-damage|p2a: Scream Tail|56\/100 brn\n|\n|-heal|p2a: Scream Tail|100\/100 brn|[from] move: Wish|[wisher] Scream Tail\n|-damage|p2a: Scream Tail|94\/100 brn|[from] brn\n|upkeep\n|turn|17\n|\n|t:|1700950264\n|-end|p2a: Scream Tail|Protosynthesis|[silent]\n|switch|p2a: Lycanroc|Lycanroc-Dusk, F, shiny|100\/100\n|-damage|p2a: Lycanroc|88\/100|[from] Spikes\n|move|p1a: Lancelot|Iron Head|p2a: Lycanroc\n|-supereffective|p2a: Lycanroc\n|-damage|p2a: Lycanroc|0 fnt\n|faint|p2a: Lycanroc\n|\n|upkeep\n|\n|t:|1700950270\n|switch|p2a: Heracross|Heracross, M|59\/100\n|-damage|p2a: Heracross|47\/100|[from] Spikes\n|turn|18\n|\n|t:|1700950278\n|switch|p1a: Dimmidome|Weezing-Galar, M|77\/100 par\n|move|p2a: Heracross|Megahorn|p1a: Dimmidome\n|-resisted|p1a: Dimmidome\n|-damage|p1a: Dimmidome|66\/100 par\n|\n|upkeep\n|turn|19\n|\n|t:|1700950301\n|switch|p2a: Walking Wake|Walking Wake|53\/100\n|-damage|p2a: Walking Wake|40\/100|[from] Spikes\n|move|p1a: Dimmidome|Strange Steam|p2a: Walking Wake\n|-supereffective|p2a: Walking Wake\n|-damage|p2a: Walking Wake|0 fnt\n|faint|p2a: Walking Wake\n|-end|p2a: Walking Wake|Protosynthesis|[silent]\n|\n|upkeep\n|\n|t:|1700950311\n|switch|p2a: Scream Tail|Scream Tail, shiny|94\/100 brn\n|-damage|p2a: Scream Tail|82\/100 brn|[from] Spikes\n|turn|20\n|\n|t:|1700950325\n|switch|p1a: Lancelot|Kingambit, M|100\/100 par\n|move|p2a: Scream Tail|Dazzling Gleam|p1a: Lancelot\n|-damage|p1a: Lancelot|88\/100 par\n|\n|-heal|p2a: Scream Tail|88\/100 brn|[from] item: Leftovers\n|-damage|p2a: Scream Tail|82\/100 brn|[from] brn\n|upkeep\n|turn|21\n|\n|t:|1700950335\n|move|p2a: Scream Tail|Dazzling Gleam|p1a: Lancelot\n|-damage|p1a: Lancelot|76\/100 par\n|cant|p1a: Lancelot|par\n|\n|-heal|p2a: Scream Tail|88\/100 brn|[from] item: Leftovers\n|-damage|p2a: Scream Tail|82\/100 brn|[from] brn\n|upkeep\n|turn|22\n|\n|t:|1700950342\n|move|p2a: Scream Tail|Wish|p2a: Scream Tail\n|cant|p1a: Lancelot|par\n|\n|-heal|p2a: Scream Tail|88\/100 brn|[from] item: Leftovers\n|-damage|p2a: Scream Tail|82\/100 brn|[from] brn\n|upkeep\n|turn|23\n|\n|t:|1700950351\n|-end|p2a: Scream Tail|Protosynthesis|[silent]\n|switch|p2a: Heracross|Heracross, M|47\/100\n|-damage|p2a: Heracross|35\/100|[from] Spikes\n|move|p1a: Lancelot|Iron Head|p2a: Heracross\n|-damage|p2a: Heracross|0 fnt\n|faint|p2a: Heracross\n|\n|upkeep\n|\n|t:|1700950359\n|switch|p2a: Scream Tail|Scream Tail, shiny|82\/100 brn\n|-damage|p2a: Scream Tail|69\/100 brn|[from] Spikes\n|turn|24\n|-message|dray027 forfeited.\n|\n|win|LowkeyLokei\n|l|\u2606dray027\n","uploadtime":1700951021,"views":1,"p1id":"lowkeylokei","p2id":"dray027","formatid":"gen9ubers","rating":0,"private":0,"password":""}