{"id":"gen9ubers-1989177835","p1":"Bestmaindragonite","p2":"1P1o1s1h1e1","format":"[Gen 9] Ubers","log":"|j|\u2606Bestmaindragonite\n|j|\u26061P1o1s1h1e1\n|t:|1699820427\n|gametype|singles\n|player|p1|Bestmaindragonite|lillie|\n|player|p2|1P1o1s1h1e1|2|\n|teamsize|p1|6\n|teamsize|p2|6\n|gen|9\n|tier|[Gen 9] Ubers\n|rule|Sleep Clause Mod: Limit one foe put to sleep\n|rule|Species Clause: Limit one of each Pok\u00e9mon\n|rule|OHKO Clause: OHKO moves are banned\n|rule|Evasion Items Clause: Evasion items are banned\n|rule|Evasion Moves Clause: Evasion moves are banned\n|rule|Endless Battle Clause: Forcing endless battles is banned\n|rule|HP Percentage Mod: HP is shown in percentages\n|clearpoke\n|poke|p1|Torkoal, F|\n|poke|p1|Walking Wake|\n|poke|p1|Chi-Yu|\n|poke|p1|Arceus-Grass|\n|poke|p1|Magearna|\n|poke|p1|Iron Moth|\n|poke|p2|Rillaboom, F|\n|poke|p2|Espathra, M|\n|poke|p2|Sneasler, F|\n|poke|p2|Cyclizar, M|\n|poke|p2|Arceus-Fire|\n|poke|p2|Dialga-Origin|\n|teampreview\n|\n|t:|1699820469\n|start\n|switch|p1a: Walking Wake|Walking Wake|100\/100\n|switch|p2a: Arceus|Arceus-Fire|100\/100\n|turn|1\n|\n|t:|1699820477\n|switch|p2a: Dialga|Dialga-Origin|100\/100\n|-ability|p2a: Dialga|Pressure\n|-terastallize|p1a: Walking Wake|Water\n|move|p1a: Walking Wake|Hydro Steam|p2a: Dialga\n|-resisted|p2a: Dialga\n|-damage|p2a: Dialga|78\/100\n|\n|upkeep\n|turn|2\n|\n|t:|1699820485\n|-end|p1a: Walking Wake|Protosynthesis|[silent]\n|switch|p1a: Torkoal|Torkoal, F|100\/100\n|-weather|SunnyDay|[from] ability: Drought|[of] p1a: Torkoal\n|move|p2a: Dialga|Thunder Wave|p1a: Torkoal|[miss]\n|-miss|p2a: Dialga|p1a: Torkoal\n|\n|-weather|SunnyDay|[upkeep]\n|upkeep\n|turn|3\n|\n|t:|1699820497\n|move|p2a: Dialga|Draco Meteor|p1a: Torkoal\n|-damage|p1a: Torkoal|0 fnt\n|-unboost|p2a: Dialga|spa|2\n|faint|p1a: Torkoal\n|\n|-weather|SunnyDay|[upkeep]\n|upkeep\n|\n|t:|1699820505\n|switch|p1a: Iron Moth|Iron Moth|100\/100\n|-enditem|p1a: Iron Moth|Booster Energy\n|-activate|p1a: Iron Moth|ability: Quark Drive|[fromitem]\n|-start|p1a: Iron Moth|quarkdrivespe\n|turn|4\n|\n|t:|1699820513\n|move|p1a: Iron Moth|Fiery Dance|p2a: Dialga\n|-damage|p2a: Dialga|47\/100\n|-boost|p1a: Iron Moth|spa|1\n|move|p2a: Dialga|Dragon Tail|p1a: Iron Moth\n|-damage|p1a: Iron Moth|66\/100\n|-end|p1a: Iron Moth|Quark Drive|[silent]\n|drag|p1a: Walking Wake|Walking Wake, tera:Water|100\/100\n|-activate|p1a: Walking Wake|ability: Protosynthesis\n|-start|p1a: Walking Wake|protosynthesisspe\n|\n|-weather|SunnyDay|[upkeep]\n|upkeep\n|turn|5\n|\n|t:|1699820532\n|switch|p2a: Arceus|Arceus-Fire|100\/100\n|move|p1a: Walking Wake|Flip Turn|p2a: Arceus\n|-supereffective|p2a: Arceus\n|-damage|p2a: Arceus|87\/100\n|\n|t:|1699820545\n|-end|p1a: Walking Wake|Protosynthesis|[silent]\n|switch|p1a: Chi-Yu|Chi-Yu|100\/100|[from] Flip Turn\n|-ability|p1a: Chi-Yu|Beads of Ruin\n|\n|-weather|SunnyDay|[upkeep]\n|upkeep\n|turn|6\n|\n|t:|1699820551\n|move|p2a: Arceus|Earth Power|p1a: Chi-Yu\n|-supereffective|p1a: Chi-Yu\n|-crit|p1a: Chi-Yu\n|-damage|p1a: Chi-Yu|14\/100\n|move|p1a: Chi-Yu|Dark Pulse|p2a: Arceus\n|-damage|p2a: Arceus|26\/100\n|\n|-weather|SunnyDay|[upkeep]\n|upkeep\n|turn|7\n|\n|t:|1699820559\n|move|p2a: Arceus|Earth Power|p1a: Chi-Yu\n|-supereffective|p1a: Chi-Yu\n|-damage|p1a: Chi-Yu|0 fnt\n|faint|p1a: Chi-Yu\n|\n|-weather|SunnyDay|[upkeep]\n|upkeep\n|\n|t:|1699820561\n|switch|p1a: Walking Wake|Walking Wake, tera:Water|100\/100\n|-activate|p1a: Walking Wake|ability: Protosynthesis\n|-start|p1a: Walking Wake|protosynthesisspe\n|turn|8\n|\n|t:|1699820569\n|switch|p2a: Dialga|Dialga-Origin|47\/100\n|-ability|p2a: Dialga|Pressure\n|move|p1a: Walking Wake|Hydro Steam|p2a: Dialga\n|-resisted|p2a: Dialga\n|-damage|p2a: Dialga|14\/100\n|\n|-weather|SunnyDay|[upkeep]\n|upkeep\n|turn|9\n|\n|t:|1699820573\n|move|p1a: Walking Wake|Hydro Steam|p2a: Dialga\n|-resisted|p2a: Dialga\n|-damage|p2a: Dialga|0 fnt\n|faint|p2a: Dialga\n|\n|-weather|none\n|-end|p1a: Walking Wake|Protosynthesis\n|upkeep\n|\n|t:|1699820576\n|switch|p2a: Rillaboom|Rillaboom, F|100\/100\n|-fieldstart|move: Grassy Terrain|[from] ability: Grassy Surge|[of] p2a: Rillaboom\n|turn|10\n|\n|t:|1699820580\n|-end|p1a: Walking Wake|Protosynthesis|[silent]\n|switch|p1a: Arceus|Arceus-Grass|100\/100\n|move|p2a: Rillaboom|High Horsepower|p1a: Arceus\n|-resisted|p1a: Arceus\n|-damage|p1a: Arceus|84\/100\n|\n|-heal|p1a: Arceus|90\/100|[from] Grassy Terrain\n|upkeep\n|turn|11\n|\n|t:|1699820590\n|switch|p2a: Sneasler|Sneasler, F, shiny|100\/100\n|-enditem|p2a: Sneasler|Grassy Seed\n|-boost|p2a: Sneasler|def|1|[from] item: Grassy Seed\n|move|p1a: Arceus|Judgment|p2a: Sneasler\n|-resisted|p2a: Sneasler\n|-damage|p2a: Sneasler|57\/100\n|\n|-heal|p2a: Sneasler|63\/100|[from] Grassy Terrain\n|-heal|p1a: Arceus|96\/100|[from] Grassy Terrain\n|upkeep\n|turn|12\n|\n|t:|1699820599\n|move|p2a: Sneasler|Dire Claw|p1a: Arceus\n|-supereffective|p1a: Arceus\n|-damage|p1a: Arceus|33\/100\n|move|p1a: Arceus|Flamethrower|p2a: Sneasler\n|-damage|p2a: Sneasler|32\/100\n|\n|-heal|p2a: Sneasler|38\/100|[from] Grassy Terrain\n|-heal|p1a: Arceus|39\/100|[from] Grassy Terrain\n|upkeep\n|turn|13\n|\n|t:|1699820606\n|switch|p1a: Magearna|Magearna|100\/100\n|move|p2a: Sneasler|Dire Claw|p1a: Magearna\n|-immune|p1a: Magearna\n|\n|-heal|p2a: Sneasler|44\/100|[from] Grassy Terrain\n|upkeep\n|turn|14\n|\n|t:|1699820614\n|move|p2a: Sneasler|Close Combat|p1a: Magearna\n|-damage|p1a: Magearna|34\/100\n|-unboost|p2a: Sneasler|def|1\n|-unboost|p2a: Sneasler|spd|1\n|move|p1a: Magearna|Flash Cannon|p2a: Sneasler\n|-damage|p2a: Sneasler|0 fnt\n|faint|p2a: Sneasler\n|-ability|p1a: Magearna|Soul-Heart|boost\n|-boost|p1a: Magearna|spa|1\n|\n|-heal|p1a: Magearna|40\/100|[from] Grassy Terrain\n|-fieldend|move: Grassy Terrain\n|upkeep\n|\n|t:|1699820622\n|switch|p2a: Arceus|Arceus-Fire|26\/100\n|turn|15\n|\n|t:|1699820633\n|move|p2a: Arceus|Recover|p2a: Arceus\n|-heal|p2a: Arceus|77\/100\n|move|p1a: Magearna|Volt Switch|p2a: Arceus\n|-damage|p2a: Arceus|50\/100\n|\n|t:|1699820636\n|switch|p1a: Walking Wake|Walking Wake, tera:Water|100\/100|[from] Volt Switch\n|\n|upkeep\n|turn|16\n|\n|t:|1699820640\n|switch|p2a: Cyclizar|Cyclizar, M|100\/100\n|move|p1a: Walking Wake|Hydro Steam|p2a: Cyclizar\n|-resisted|p2a: Cyclizar\n|-damage|p2a: Cyclizar|42\/100\n|\n|upkeep\n|turn|17\n|inactive|Battle timer is ON: inactive players will automatically lose when time's up. (requested by Bestmaindragonite)\n|\n|t:|1699820672\n|switch|p2a: Rillaboom|Rillaboom, F|100\/100\n|-fieldstart|move: Grassy Terrain|[from] ability: Grassy Surge|[of] p2a: Rillaboom\n|move|p1a: Walking Wake|Hydro Steam|p2a: Rillaboom\n|-resisted|p2a: Rillaboom\n|-damage|p2a: Rillaboom|47\/100\n|\n|-heal|p2a: Rillaboom|53\/100|[from] Grassy Terrain\n|upkeep\n|turn|18\n|\n|t:|1699820679\n|-end|p1a: Walking Wake|Protosynthesis|[silent]\n|switch|p1a: Arceus|Arceus-Grass|39\/100\n|move|p2a: Rillaboom|U-turn|p1a: Arceus\n|-supereffective|p1a: Arceus\n|-damage|p1a: Arceus|0 fnt\n|faint|p1a: Arceus\n|\n|t:|1699820686\n|switch|p2a: Espathra|Espathra, M|100\/100|[from] U-turn\n|-enditem|p2a: Espathra|Grassy Seed\n|-boost|p2a: Espathra|def|1|[from] item: Grassy Seed\n|\n|upkeep\n|\n|t:|1699820698\n|switch|p1a: Walking Wake|Walking Wake, tera:Water|100\/100\n|turn|19\n|\n|t:|1699820706\n|move|p2a: Espathra|Protect|p2a: Espathra\n|-singleturn|p2a: Espathra|Protect\n|move|p1a: Walking Wake|Hydro Steam|p2a: Espathra\n|-activate|p2a: Espathra|move: Protect\n|\n|-ability|p2a: Espathra|Speed Boost|boost\n|-boost|p2a: Espathra|spe|1\n|upkeep\n|turn|20\n|\n|t:|1699820726\n|move|p2a: Espathra|Calm Mind|p2a: Espathra\n|-boost|p2a: Espathra|spa|1\n|-boost|p2a: Espathra|spd|1\n|move|p1a: Walking Wake|Hydro Steam|p2a: Espathra\n|-damage|p2a: Espathra|29\/100\n|\n|-heal|p2a: Espathra|35\/100|[from] Grassy Terrain\n|-ability|p2a: Espathra|Speed Boost|boost\n|-boost|p2a: Espathra|spe|1\n|upkeep\n|turn|21\n|\n|t:|1699820739\n|move|p2a: Espathra|Protect|p2a: Espathra\n|-singleturn|p2a: Espathra|Protect\n|move|p1a: Walking Wake|Hydro Steam|p2a: Espathra\n|-activate|p2a: Espathra|move: Protect\n|\n|-heal|p2a: Espathra|41\/100|[from] Grassy Terrain\n|-fieldend|move: Grassy Terrain\n|-ability|p2a: Espathra|Speed Boost|boost\n|-boost|p2a: Espathra|spe|1\n|upkeep\n|turn|22\n|\n|t:|1699820748\n|move|p2a: Espathra|Stored Power|p1a: Walking Wake\n|-damage|p1a: Walking Wake|21\/100\n|move|p1a: Walking Wake|Hydro Steam|p2a: Espathra\n|-damage|p2a: Espathra|0 fnt\n|faint|p2a: Espathra\n|\n|upkeep\n|\n|t:|1699820753\n|switch|p2a: Rillaboom|Rillaboom, F|53\/100\n|-fieldstart|move: Grassy Terrain|[from] ability: Grassy Surge|[of] p2a: Rillaboom\n|turn|23\n|\n|t:|1699820761\n|move|p1a: Walking Wake|Hydro Steam|p2a: Rillaboom\n|-resisted|p2a: Rillaboom\n|-damage|p2a: Rillaboom|0 fnt\n|faint|p2a: Rillaboom\n|\n|-heal|p1a: Walking Wake|27\/100|[from] Grassy Terrain\n|upkeep\n|c|\u26061P1o1s1h1e1|oops\n|\n|t:|1699820773\n|switch|p2a: Cyclizar|Cyclizar, M|75\/100\n|turn|24\n|\n|t:|1699820779\n|-end|p1a: Walking Wake|Protosynthesis|[silent]\n|switch|p1a: Magearna|Magearna|40\/100\n|move|p2a: Cyclizar|Rapid Spin|p1a: Magearna\n|-resisted|p1a: Magearna\n|-damage|p1a: Magearna|32\/100\n|-boost|p2a: Cyclizar|spe|1\n|\n|-heal|p2a: Cyclizar|81\/100|[from] Grassy Terrain\n|-heal|p1a: Magearna|38\/100|[from] Grassy Terrain\n|upkeep\n|turn|25\n|\n|t:|1699820786\n|move|p2a: Cyclizar|Shed Tail|p2a: Cyclizar\n|-start|p2a: Cyclizar|Substitute|[from] move: Shed Tail\n|-damage|p2a: Cyclizar|31\/100\n|\n|t:|1699820789\n|switch|p2a: Arceus|Arceus-Fire|50\/100|[from] Shed Tail\n|move|p1a: Magearna|Draining Kiss|p2a: Arceus\n|-resisted|p2a: Arceus\n|-activate|p2a: Arceus|move: Substitute|[damage]\n|-heal|p1a: Magearna|48\/100|[from] drain|[of] p2a: Arceus\n|\n|-heal|p2a: Arceus|56\/100|[from] Grassy Terrain\n|-heal|p1a: Magearna|54\/100|[from] Grassy Terrain\n|upkeep\n|turn|26\n|\n|t:|1699820800\n|move|p2a: Arceus|Calm Mind|p2a: Arceus\n|-boost|p2a: Arceus|spa|1\n|-boost|p2a: Arceus|spd|1\n|move|p1a: Magearna|Volt Switch|p2a: Arceus\n|-end|p2a: Arceus|Substitute\n|\n|t:|1699820805\n|switch|p1a: Walking Wake|Walking Wake, tera:Water|27\/100|[from] Volt Switch\n|\n|-heal|p2a: Arceus|63\/100|[from] Grassy Terrain\n|-heal|p1a: Walking Wake|34\/100|[from] Grassy Terrain\n|upkeep\n|turn|27\n|\n|t:|1699820809\n|move|p2a: Arceus|Earth Power|p1a: Walking Wake\n|-damage|p1a: Walking Wake|0 fnt\n|faint|p1a: Walking Wake\n|-end|p1a: Walking Wake|Protosynthesis|[silent]\n|\n|-heal|p2a: Arceus|69\/100|[from] Grassy Terrain\n|-fieldend|move: Grassy Terrain\n|upkeep\n|l|\u2606Bestmaindragonite\n|inactive|Bestmaindragonite disconnected and has 300 seconds to reconnect!\n|player|p1|\n|c|\u26061P1o1s1h1e1|damn\n|j| Kinesquared\n|inactive|Bestmaindragonite has 270 seconds to reconnect!\n|inactive|Bestmaindragonite has 240 seconds to reconnect!\n|inactive|Bestmaindragonite has 210 seconds to reconnect!\n|inactive|Bestmaindragonite has 180 seconds to reconnect!\n|inactive|Bestmaindragonite has 150 seconds to reconnect!\n|inactive|Bestmaindragonite has 120 seconds to reconnect!\n|inactive|Bestmaindragonite has 90 seconds to reconnect!\n|c| Kinesquared|u win, u can dc pooshie\n|inactive|Bestmaindragonite has 60 seconds to reconnect!\n|l| Kinesquared\n|inactive|Bestmaindragonite has 30 seconds to reconnect!\n|inactive|Bestmaindragonite has 20 seconds to reconnect!\n|inactive|Bestmaindragonite has 15 seconds to reconnect!\n|inactive|Bestmaindragonite has 10 seconds to reconnect!\n|inactive|Bestmaindragonite has 5 seconds to reconnect!\n|-message|Bestmaindragonite lost due to inactivity.\n|\n|win|1P1o1s1h1e1\n","uploadtime":1699821992,"views":18,"p1id":"bestmaindragonite","p2id":"1p1o1s1h1e1","formatid":"gen9ubers","rating":0,"private":0,"password":""}