{"id":"gen9ubers-1996329125","p1":"Strateg1c","p2":"Kindyy","format":"[Gen 9] Ubers","log":"|j|\u2606Strateg1c\n|j|\u2606Kindyy\n|inactive|Battle timer is ON: inactive players will automatically lose when time's up.\n|t:|1700671673\n|gametype|singles\n|player|p1|Strateg1c|acetrainer-gen4|\n|player|p2|Kindyy|101|\n|teamsize|p1|6\n|teamsize|p2|6\n|gen|9\n|tier|[Gen 9] Ubers\n|rated|Tournament battle\n|rule|Sleep Clause Mod: Limit one foe put to sleep\n|rule|Species Clause: Limit one of each Pok\u00e9mon\n|rule|OHKO Clause: OHKO moves are banned\n|rule|Evasion Items Clause: Evasion items are banned\n|rule|Evasion Moves Clause: Evasion moves are banned\n|rule|Endless Battle Clause: Forcing endless battles is banned\n|rule|HP Percentage Mod: HP is shown in percentages\n|clearpoke\n|poke|p1|Iron Bundle|\n|poke|p1|Miraidon|\n|poke|p1|Great Tusk|\n|poke|p1|Flutter Mane|\n|poke|p1|Ting-Lu|\n|poke|p1|Palafin, M|\n|poke|p2|Arceus-Ground|\n|poke|p2|Annihilape, M|\n|poke|p2|Zacian-*|\n|poke|p2|Miraidon|\n|poke|p2|Koraidon|\n|poke|p2|Rayquaza|\n|teampreview\n|j|*Lady Monita \u2746\n|j| BB-8-NU\n|inactive|Strateg1c also wants the timer to be on.\n|j| Gyarikkuho\n|c|\u2606Kindyy|Gl\n|\n|t:|1700671684\n|start\n|switch|p1a: Ting-Lu|Ting-Lu|100\/100\n|switch|p2a: Annihilape|Annihilape, M|100\/100\n|-ability|p1a: Ting-Lu|Vessel of Ruin\n|turn|1\n|j| KeshBa45\n|c|\u2606Strateg1c|hg\n|c|\u2606Strateg1c|hf\n|l| KeshBa45\n|\n|t:|1700671697\n|move|p2a: Annihilape|Stealth Rock|p1a: Ting-Lu\n|-sidestart|p1: Strateg1c|move: Stealth Rock\n|move|p1a: Ting-Lu|Spikes|p2a: Annihilape\n|-sidestart|p2: Kindyy|Spikes\n|\n|upkeep\n|turn|2\n|\n|t:|1700671724\n|move|p2a: Annihilape|Taunt|p1a: Ting-Lu\n|-start|p1a: Ting-Lu|move: Taunt\n|cant|p1a: Ting-Lu|move: Taunt|Spikes\n|\n|upkeep\n|turn|3\n|\n|t:|1700671737\n|switch|p1a: Great Tusk|Great Tusk|100\/100\n|-damage|p1a: Great Tusk|97\/100|[from] Stealth Rock\n|move|p2a: Annihilape|Final Gambit|p1a: Great Tusk\n|-damage|p1a: Great Tusk|0 fnt\n|faint|p2a: Annihilape\n|faint|p1a: Great Tusk\n|-end|p1a: Great Tusk|Protosynthesis|[silent]\n|\n|upkeep\n|\n|t:|1700671748\n|switch|p2a: Rayquaza|Rayquaza|100\/100\n|switch|p1a: Ting-Lu|Ting-Lu|100\/100\n|-ability|p2a: Rayquaza|Air Lock\n|-damage|p1a: Ting-Lu|94\/100|[from] Stealth Rock\n|-ability|p1a: Ting-Lu|Vessel of Ruin\n|turn|4\n|\n|t:|1700671756\n|move|p2a: Rayquaza|Dragon Ascent|p1a: Ting-Lu\n|-damage|p1a: Ting-Lu|55\/100\n|-unboost|p2a: Rayquaza|def|1\n|-unboost|p2a: Rayquaza|spd|1\n|move|p1a: Ting-Lu|Ruination|p2a: Rayquaza\n|-damage|p2a: Rayquaza|51\/100\n|\n|-heal|p1a: Ting-Lu|62\/100|[from] item: Leftovers\n|upkeep\n|turn|5\n|\n|t:|1700671775\n|switch|p1a: Miraidon|Miraidon|100\/100\n|-damage|p1a: Miraidon|88\/100|[from] Stealth Rock\n|-fieldstart|move: Electric Terrain|[from] ability: Hadron Engine|[of] p1a: Miraidon\n|move|p2a: Rayquaza|Dragon Ascent|p1a: Miraidon\n|-resisted|p1a: Miraidon\n|-damage|p1a: Miraidon|50\/100\n|-unboost|p2a: Rayquaza|def|1\n|-unboost|p2a: Rayquaza|spd|1\n|\n|-heal|p1a: Miraidon|57\/100|[from] item: Leftovers\n|upkeep\n|turn|6\n|\n|t:|1700671791\n|move|p2a: Rayquaza|Extreme Speed|p1a: Miraidon\n|-damage|p1a: Miraidon|23\/100\n|move|p1a: Miraidon|Dazzling Gleam|p2a: Rayquaza\n|-supereffective|p2a: Rayquaza\n|-damage|p2a: Rayquaza|0 fnt\n|faint|p2a: Rayquaza\n|\n|-heal|p1a: Miraidon|30\/100|[from] item: Leftovers\n|upkeep\n|j| Skwovetboi\n|l| Skwovetboi\n|\n|t:|1700671800\n|switch|p2a: Arceus|Arceus-Ground|100\/100\n|-damage|p2a: Arceus|88\/100|[from] Spikes\n|turn|7\n|\n|t:|1700671809\n|switch|p1a: Palafin|Palafin, M|100\/100\n|-damage|p1a: Palafin|88\/100|[from] Stealth Rock\n|move|p2a: Arceus|Earthquake|p1a: Palafin\n|-damage|p1a: Palafin|21\/100\n|\n|-heal|p1a: Palafin|27\/100|[from] item: Leftovers\n|upkeep\n|turn|8\n|\n|t:|1700671832\n|move|p1a: Palafin|Jet Punch|p2a: Arceus\n|-supereffective|p2a: Arceus\n|-damage|p2a: Arceus|51\/100\n|move|p2a: Arceus|Earthquake|p1a: Palafin\n|-damage|p1a: Palafin|0 fnt\n|faint|p1a: Palafin\n|\n|upkeep\n|\n|t:|1700671837\n|switch|p1a: Flutter Mane|Flutter Mane|100\/100\n|-damage|p1a: Flutter Mane|88\/100|[from] Stealth Rock\n|turn|9\n|\n|t:|1700671844\n|move|p1a: Flutter Mane|Moonblast|p2a: Arceus\n|-damage|p2a: Arceus|13\/100\n|-unboost|p2a: Arceus|spa|1\n|move|p2a: Arceus|Shadow Claw|p1a: Flutter Mane\n|-supereffective|p1a: Flutter Mane\n|-damage|p1a: Flutter Mane|0 fnt\n|faint|p1a: Flutter Mane\n|-end|p1a: Flutter Mane|Protosynthesis|[silent]\n|\n|-fieldend|move: Electric Terrain\n|upkeep\n|\n|t:|1700671854\n|switch|p1a: Ting-Lu|Ting-Lu|62\/100\n|-damage|p1a: Ting-Lu|55\/100|[from] Stealth Rock\n|-ability|p1a: Ting-Lu|Vessel of Ruin\n|turn|10\n|\n|t:|1700671861\n|move|p2a: Arceus|Earthquake|p1a: Ting-Lu\n|-damage|p1a: Ting-Lu|20\/100\n|move|p1a: Ting-Lu|Earthquake|p2a: Arceus\n|-damage|p2a: Arceus|0 fnt\n|faint|p2a: Arceus\n|\n|-heal|p1a: Ting-Lu|27\/100|[from] item: Leftovers\n|upkeep\n|\n|t:|1700671872\n|switch|p2a: Koraidon|Koraidon|100\/100\n|-damage|p2a: Koraidon|88\/100|[from] Spikes\n|-weather|SunnyDay|[from] ability: Orichalcum Pulse|[of] p2a: Koraidon\n|-activate|p2a: Koraidon|Orichalcum Pulse|[source]\n|turn|11\n|\n|t:|1700671893\n|-terastallize|p1a: Ting-Lu|Ghost\n|move|p2a: Koraidon|Scale Shot|p1a: Ting-Lu\n|-damage|p1a: Ting-Lu|17\/100\n|-damage|p1a: Ting-Lu|7\/100\n|-damage|p1a: Ting-Lu|0 fnt\n|faint|p1a: Ting-Lu\n|-hitcount|p1: Ting-Lu|3\n|-unboost|p2a: Koraidon|def|1\n|-boost|p2a: Koraidon|spe|1\n|\n|-weather|SunnyDay|[upkeep]\n|upkeep\n|\n|t:|1700671901\n|switch|p1a: Miraidon|Miraidon|30\/100\n|-damage|p1a: Miraidon|17\/100|[from] Stealth Rock\n|-fieldstart|move: Electric Terrain|[from] ability: Hadron Engine|[of] p1a: Miraidon\n|turn|12\n|\n|t:|1700671910\n|move|p2a: Koraidon|Collision Course|p1a: Miraidon\n|-damage|p1a: Miraidon|0 fnt\n|faint|p1a: Miraidon\n|\n|-weather|SunnyDay|[upkeep]\n|upkeep\n|\n|t:|1700671913\n|switch|p1a: Iron Bundle|Iron Bundle|100\/100\n|-activate|p1a: Iron Bundle|ability: Quark Drive\n|-start|p1a: Iron Bundle|quarkdrivespe\n|turn|13\n|\n|t:|1700671918\n|-terastallize|p2a: Koraidon|Fire\n|move|p1a: Iron Bundle|Ice Beam|p2a: Koraidon\n|-resisted|p2a: Koraidon\n|-damage|p2a: Koraidon|67\/100\n|move|p2a: Koraidon|Collision Course|p1a: Iron Bundle\n|-supereffective|p1a: Iron Bundle\n|-damage|p1a: Iron Bundle|0 fnt\n|faint|p1a: Iron Bundle\n|-end|p1a: Iron Bundle|Quark Drive|[silent]\n|\n|win|Kindyy\n|n|\u2606Strateg1c|strateg1c\n|n|\u2606Kindyy|kindyy\n|n|*Lady Monita \u2746|ladymonita\n|n| BB-8-NU|bb8nu\n|n| Gyarikkuho|gyarikkuho\n","uploadtime":1700671919,"views":0,"p1id":"strateg1c","p2id":"kindyy","formatid":"gen9ubers","rating":0,"private":0,"password":""}