{"id":"gen9ubers-1987987478","p1":"nimjaishot","p2":"SwordIsBored","format":"[Gen 9] Ubers","log":"|j|\u2606nimjaishot\n|j|\u2606SwordIsBored\n|t:|1699656277\n|gametype|singles\n|player|p1|nimjaishot|winona-gen6|\n|player|p2|SwordIsBored|irida|\n|teamsize|p1|6\n|teamsize|p2|6\n|gen|9\n|tier|[Gen 9] Ubers\n|rule|Sleep Clause Mod: Limit one foe put to sleep\n|rule|Species Clause: Limit one of each Pok\u00e9mon\n|rule|OHKO Clause: OHKO moves are banned\n|rule|Evasion Items Clause: Evasion items are banned\n|rule|Evasion Moves Clause: Evasion moves are banned\n|rule|Endless Battle Clause: Forcing endless battles is banned\n|rule|HP Percentage Mod: HP is shown in percentages\n|clearpoke\n|poke|p1|Shaymin-Sky|\n|poke|p1|Gholdengo|\n|poke|p1|Arceus-Poison|\n|poke|p1|Zacian-*|\n|poke|p1|Chi-Yu|\n|poke|p1|Cyclizar, M|\n|poke|p2|Arceus-Ghost|\n|poke|p2|Shaymin-Sky|\n|poke|p2|Garchomp, F|\n|poke|p2|Magearna|\n|poke|p2|Palafin, F|\n|poke|p2|Cyclizar, F|\n|teampreview\n|\n|t:|1699656286\n|start\n|switch|p1a: Shaymin|Shaymin-Sky|100\/100\n|switch|p2a: Shaymin|Shaymin-Sky|100\/100\n|turn|1\n|\n|t:|1699656290\n|move|p1a: Shaymin|Air Slash|p2a: Shaymin\n|-supereffective|p2a: Shaymin\n|-damage|p2a: Shaymin|14\/100\n|move|p2a: Shaymin|Air Slash|p1a: Shaymin\n|-supereffective|p1a: Shaymin\n|-damage|p1a: Shaymin|0 fnt\n|faint|p1a: Shaymin\n|\n|upkeep\n|\n|t:|1699656296\n|switch|p1a: Cyclizar|Cyclizar, M|100\/100\n|turn|2\n|\n|t:|1699656300\n|move|p2a: Shaymin|Air Slash|p1a: Cyclizar\n|-damage|p1a: Cyclizar|47\/100\n|move|p1a: Cyclizar|Knock Off|p2a: Shaymin\n|-damage|p2a: Shaymin|0 fnt\n|-enditem|p2a: Shaymin|Heavy-Duty Boots|[from] move: Knock Off|[of] p1a: Cyclizar\n|faint|p2a: Shaymin\n|\n|upkeep\n|\n|t:|1699656306\n|switch|p2a: Arceus|Arceus-Ghost|100\/100\n|turn|3\n|\n|t:|1699656317\n|switch|p1a: Arceus|Arceus-Poison|100\/100\n|move|p2a: Arceus|Swords Dance|p2a: Arceus\n|-boost|p2a: Arceus|atk|2\n|\n|upkeep\n|turn|4\n|\n|t:|1699656321\n|move|p1a: Arceus|Will-O-Wisp|p2a: Arceus\n|-status|p2a: Arceus|brn\n|move|p2a: Arceus|Earthquake|p1a: Arceus\n|-supereffective|p1a: Arceus\n|-damage|p1a: Arceus|52\/100\n|\n|-damage|p2a: Arceus|94\/100 brn|[from] brn\n|upkeep\n|turn|5\n|\n|t:|1699656332\n|move|p1a: Arceus|Stealth Rock|p2a: Arceus\n|-sidestart|p2: SwordIsBored|move: Stealth Rock\n|move|p2a: Arceus|Swords Dance|p2a: Arceus\n|-boost|p2a: Arceus|atk|2\n|\n|-damage|p2a: Arceus|88\/100 brn|[from] brn\n|upkeep\n|turn|6\n|\n|t:|1699656339\n|move|p1a: Arceus|Poison Jab|p2a: Arceus\n|-resisted|p2a: Arceus\n|-damage|p2a: Arceus|75\/100 brn\n|move|p2a: Arceus|Earthquake|p1a: Arceus\n|-supereffective|p1a: Arceus\n|-crit|p1a: Arceus\n|-damage|p1a: Arceus|0 fnt\n|faint|p1a: Arceus\n|\n|-damage|p2a: Arceus|69\/100 brn|[from] brn\n|upkeep\n|\n|t:|1699656345\n|switch|p1a: Chi-Yu|Chi-Yu|100\/100\n|-ability|p1a: Chi-Yu|Beads of Ruin\n|turn|7\n|\n|t:|1699656350\n|move|p2a: Arceus|Extreme Speed|p1a: Chi-Yu\n|-damage|p1a: Chi-Yu|36\/100\n|move|p1a: Chi-Yu|Dark Pulse|p2a: Arceus\n|-supereffective|p2a: Arceus\n|-damage|p2a: Arceus|0 fnt\n|faint|p2a: Arceus\n|\n|upkeep\n|\n|t:|1699656356\n|switch|p2a: Palafin|Palafin, F|100\/100\n|-damage|p2a: Palafin|88\/100|[from] Stealth Rock\n|turn|8\n|\n|t:|1699656360\n|move|p2a: Palafin|Jet Punch|p1a: Chi-Yu\n|-supereffective|p1a: Chi-Yu\n|-crit|p1a: Chi-Yu\n|-damage|p1a: Chi-Yu|0 fnt\n|faint|p1a: Chi-Yu\n|\n|upkeep\n|\n|t:|1699656362\n|switch|p1a: Gholdengo|Gholdengo|100\/100\n|turn|9\n|\n|t:|1699656367\n|detailschange|p2a: Palafin|Palafin-Hero, F\n|switch|p2a: Cyclizar|Cyclizar, F|100\/100\n|move|p1a: Gholdengo|Shadow Ball|p2a: Cyclizar\n|-immune|p2a: Cyclizar\n|\n|upkeep\n|turn|10\n|\n|t:|1699656372\n|switch|p1a: Cyclizar|Cyclizar, M|80\/100\n|move|p2a: Cyclizar|Knock Off|p1a: Cyclizar\n|-damage|p1a: Cyclizar|49\/100\n|-enditem|p1a: Cyclizar|Heavy-Duty Boots|[from] move: Knock Off|[of] p2a: Cyclizar\n|\n|upkeep\n|turn|11\n|\n|t:|1699656378\n|move|p1a: Cyclizar|Draco Meteor|p2a: Cyclizar\n|-supereffective|p2a: Cyclizar\n|-damage|p2a: Cyclizar|0 fnt\n|-unboost|p1a: Cyclizar|spa|2\n|faint|p2a: Cyclizar\n|\n|upkeep\n|\n|t:|1699656389\n|switch|p2a: Magearna|Magearna|100\/100\n|-damage|p2a: Magearna|94\/100|[from] Stealth Rock\n|turn|12\n|\n|t:|1699656392\n|move|p1a: Cyclizar|Knock Off|p2a: Magearna\n|-resisted|p2a: Magearna\n|-damage|p2a: Magearna|86\/100\n|-enditem|p2a: Magearna|Leftovers|[from] move: Knock Off|[of] p1a: Cyclizar\n|move|p2a: Magearna|Spikes|p1a: Cyclizar\n|-sidestart|p1: nimjaishot|Spikes\n|\n|upkeep\n|turn|13\n|\n|t:|1699656399\n|move|p1a: Cyclizar|Rapid Spin|p2a: Magearna\n|-resisted|p2a: Magearna\n|-damage|p2a: Magearna|79\/100\n|-boost|p1a: Cyclizar|spe|1\n|-sideend|p1: nimjaishot|Spikes|[from] move: Rapid Spin|[of] p1a: Cyclizar\n|move|p2a: Magearna|Flash Cannon|p1a: Cyclizar\n|-damage|p1a: Cyclizar|0 fnt\n|faint|p1a: Cyclizar\n|-ability|p2a: Magearna|Soul-Heart|boost\n|-boost|p2a: Magearna|spa|1\n|\n|upkeep\n|\n|t:|1699656404\n|switch|p1a: Zacian|Zacian|100\/100\n|-ability|p1a: Zacian|Intrepid Sword|boost\n|-boost|p1a: Zacian|atk|1\n|turn|14\n|\n|t:|1699656421\n|-terastallize|p1a: Zacian|Ground\n|-terastallize|p2a: Magearna|Flying\n|move|p1a: Zacian|Tera Blast|p2a: Magearna|[anim] Tera Blast Ground\n|-immune|p2a: Magearna\n|move|p2a: Magearna|Flash Cannon|p1a: Zacian\n|-damage|p1a: Zacian|39\/100\n|\n|upkeep\n|turn|15\n|\n|t:|1699656428\n|switch|p1a: Gholdengo|Gholdengo|100\/100\n|move|p2a: Magearna|Flash Cannon|p1a: Gholdengo\n|-resisted|p1a: Gholdengo\n|-damage|p1a: Gholdengo|61\/100\n|\n|upkeep\n|turn|16\n|\n|t:|1699656436\n|move|p1a: Gholdengo|Shadow Ball|p2a: Magearna\n|-damage|p2a: Magearna|45\/100\n|move|p2a: Magearna|Fleur Cannon|p1a: Gholdengo\n|-resisted|p1a: Gholdengo\n|-damage|p1a: Gholdengo|0 fnt\n|-unboost|p2a: Magearna|spa|2\n|faint|p1a: Gholdengo\n|-ability|p2a: Magearna|Soul-Heart|boost\n|-boost|p2a: Magearna|spa|1\n|\n|upkeep\n|\n|t:|1699656439\n|switch|p1a: Zacian|Zacian, tera:Ground|39\/100\n|turn|17\n|\n|t:|1699656442\n|move|p1a: Zacian|Iron Head|p2a: Magearna\n|-damage|p2a: Magearna|10\/100\n|cant|p2a: Magearna|flinch\n|\n|upkeep\n|turn|18\n|c|\u2606nimjaishot|gg\n|c|\u2606SwordIsBored|ggs\n|\n|t:|1699656447\n|move|p1a: Zacian|Iron Head|p2a: Magearna\n|-crit|p2a: Magearna\n|-damage|p2a: Magearna|0 fnt\n|faint|p2a: Magearna\n|\n|upkeep\n|\n|t:|1699656449\n|switch|p2a: Palafin|Palafin-Hero, F|88\/100\n|-damage|p2a: Palafin|76\/100|[from] Stealth Rock\n|-activate|p2a: Palafin|ability: Zero to Hero\n|turn|19\n|c|\u2606nimjaishot|ig tahts what happens after like a 2 week break\n|\n|t:|1699656459\n|move|p2a: Palafin|Jet Punch|p1a: Zacian\n|-supereffective|p1a: Zacian\n|-damage|p1a: Zacian|0 fnt\n|faint|p1a: Zacian\n|\n|win|SwordIsBored\n|l|\u2606nimjaishot\n","uploadtime":1699656493,"views":34,"p1id":"nimjaishot","p2id":"swordisbored","formatid":"gen9ubers","rating":0,"private":0,"password":""}