{"id":"gen9ubers-1983021371","p1":"rooster45","p2":"ameliacannerd","format":"[Gen 9] Ubers","log":"|j|\u2606rooster45\n|j|\u2606ameliacannerd\n|t:|1699071135\n|gametype|singles\n|player|p1|rooster45|burglar|1100\n|player|p2|ameliacannerd|swimmerf-gen4dp|1000\n|teamsize|p1|6\n|teamsize|p2|6\n|gen|9\n|tier|[Gen 9] Ubers\n|rated|\n|rule|Sleep Clause Mod: Limit one foe put to sleep\n|rule|Species Clause: Limit one of each Pok\u00e9mon\n|rule|OHKO Clause: OHKO moves are banned\n|rule|Evasion Items Clause: Evasion items are banned\n|rule|Evasion Moves Clause: Evasion moves are banned\n|rule|Endless Battle Clause: Forcing endless battles is banned\n|rule|HP Percentage Mod: HP is shown in percentages\n|clearpoke\n|poke|p1|Toxapex, F|\n|poke|p1|Magearna|\n|poke|p1|Dragapult, M|\n|poke|p1|Jirachi|\n|poke|p1|Iron Moth|\n|poke|p1|Vivillon-Garden, F|\n|poke|p2|Samurott, F|\n|poke|p2|Sylveon, F|\n|poke|p2|Conkeldurr, M|\n|poke|p2|Blissey, F|\n|poke|p2|Zarude|\n|poke|p2|Gyarados, F|\n|teampreview\n|\n|t:|1699071142\n|start\n|switch|p1a: Iron Moth|Iron Moth|100\/100\n|switch|p2a: Conkelnodurr|Conkeldurr, M|100\/100\n|-enditem|p1a: Iron Moth|Booster Energy\n|-activate|p1a: Iron Moth|ability: Quark Drive|[fromitem]\n|-start|p1a: Iron Moth|quarkdrivespa\n|turn|1\n|\n|t:|1699071152\n|move|p1a: Iron Moth|Dazzling Gleam|p2a: Conkelnodurr\n|-supereffective|p2a: Conkelnodurr\n|-damage|p2a: Conkelnodurr|15\/100\n|move|p2a: Conkelnodurr|Dig||[still]\n|-prepare|p2a: Conkelnodurr|Dig\n|\n|-heal|p2a: Conkelnodurr|22\/100|[from] item: Leftovers\n|upkeep\n|turn|2\n|\n|t:|1699071162\n|-terastallize|p1a: Iron Moth|Grass\n|move|p1a: Iron Moth|Dazzling Gleam|p2a: Conkelnodurr|[miss]\n|-miss|p1a: Iron Moth|p2a: Conkelnodurr\n|move|p2a: Conkelnodurr|Dig|p1a: Iron Moth|[from]lockedmove\n|-resisted|p1a: Iron Moth\n|-damage|p1a: Iron Moth|81\/100\n|\n|-heal|p2a: Conkelnodurr|28\/100|[from] item: Leftovers\n|upkeep\n|turn|3\n|l|\u2606ameliacannerd\n|player|p2|\n|inactive|Battle timer is ON: inactive players will automatically lose when time's up. (requested by rooster45)\n|j|\u2606ameliacannerd\n|inactive|ameliacannerd reconnected and has 150 seconds left.\n|player|p2|ameliacannerd|swimmerf-gen4dp\n|\n|t:|1699071203\n|move|p1a: Iron Moth|Dazzling Gleam|p2a: Conkelnodurr\n|-supereffective|p2a: Conkelnodurr\n|-damage|p2a: Conkelnodurr|0 fnt\n|faint|p2a: Conkelnodurr\n|\n|upkeep\n|\n|t:|1699071211\n|switch|p2a: Zarude|Zarude|100\/100\n|turn|4\n|\n|t:|1699071216\n|move|p1a: Iron Moth|Dazzling Gleam|p2a: Zarude\n|-supereffective|p2a: Zarude\n|-damage|p2a: Zarude|25\/100\n|move|p2a: Zarude|Crunch|p1a: Iron Moth\n|-damage|p1a: Iron Moth|10\/100\n|\n|upkeep\n|turn|5\n|\n|t:|1699071227\n|switch|p2a: samurhott|Samurott, F|100\/100\n|move|p1a: Iron Moth|Fiery Dance|p2a: samurhott\n|-resisted|p2a: samurhott\n|-damage|p2a: samurhott|69\/100\n|\n|-status|p2a: samurhott|brn|[from] item: Flame Orb\n|upkeep\n|turn|6\n|\n|t:|1699071240\n|move|p1a: Iron Moth|Energy Ball|p2a: samurhott\n|-supereffective|p2a: samurhott\n|-damage|p2a: samurhott|0 fnt\n|faint|p2a: samurhott\n|\n|upkeep\n|\n|t:|1699071249\n|switch|p2a: Gyarados|Gyarados, F|100\/100\n|turn|7\n|\n|t:|1699071255\n|move|p2a: Gyarados|Flamethrower|p1a: Iron Moth\n|-supereffective|p1a: Iron Moth\n|-damage|p1a: Iron Moth|0 fnt\n|faint|p1a: Iron Moth\n|-end|p1a: Iron Moth|Quark Drive|[silent]\n|-ability|p2a: Gyarados|Moxie|boost\n|-boost|p2a: Gyarados|atk|1\n|\n|upkeep\n|\n|t:|1699071267\n|switch|p1a: Toxapex|Toxapex, F|100\/100\n|turn|8\n|\n|t:|1699071272\n|move|p2a: Gyarados|Flamethrower|p1a: Toxapex\n|-resisted|p1a: Toxapex\n|-damage|p1a: Toxapex|95\/100\n|move|p1a: Toxapex|Toxic|p2a: Gyarados\n|-status|p2a: Gyarados|tox\n|\n|-heal|p1a: Toxapex|100\/100|[from] item: Black Sludge\n|-damage|p2a: Gyarados|94\/100 tox|[from] psn\n|upkeep\n|turn|9\n|\n|t:|1699071291\n|switch|p2a: Zarude|Zarude|25\/100\n|move|p1a: Toxapex|Toxic|p2a: Zarude\n|-status|p2a: Zarude|tox\n|\n|-damage|p2a: Zarude|19\/100 tox|[from] psn\n|upkeep\n|turn|10\n|\n|t:|1699071303\n|move|p1a: Toxapex|Protect|p1a: Toxapex\n|-singleturn|p1a: Toxapex|Protect\n|move|p2a: Zarude|Crunch|p1a: Toxapex\n|-activate|p1a: Toxapex|move: Protect\n|\n|-damage|p2a: Zarude|7\/100 tox|[from] psn\n|upkeep\n|turn|11\n|\n|t:|1699071315\n|move|p2a: Zarude|Crunch|p1a: Toxapex\n|-damage|p1a: Toxapex|65\/100\n|move|p1a: Toxapex|Recover|p1a: Toxapex\n|-heal|p1a: Toxapex|100\/100\n|\n|-damage|p2a: Zarude|0 fnt|[from] psn\n|faint|p2a: Zarude\n|upkeep\n|\n|t:|1699071326\n|switch|p2a: pregnant|Blissey, F|100\/100\n|turn|12\n|\n|t:|1699071336\n|move|p2a: pregnant|Thunder|p1a: Toxapex|[miss]\n|-miss|p2a: pregnant|p1a: Toxapex\n|move|p1a: Toxapex|Toxic|p2a: pregnant\n|-status|p2a: pregnant|tox\n|\n|-damage|p2a: pregnant|94\/100 tox|[from] psn\n|upkeep\n|turn|13\n|\n|t:|1699071345\n|move|p1a: Toxapex|Protect|p1a: Toxapex\n|-singleturn|p1a: Toxapex|Protect\n|move|p2a: pregnant|Brick Break|p1a: Toxapex\n|-activate|p1a: Toxapex|move: Protect\n|\n|-damage|p2a: pregnant|82\/100 tox|[from] psn\n|upkeep\n|turn|14\n|\n|t:|1699071354\n|move|p2a: pregnant|Brick Break|p1a: Toxapex\n|-resisted|p1a: Toxapex\n|-damage|p1a: Toxapex|97\/100\n|move|p1a: Toxapex|Recover|p1a: Toxapex\n|-heal|p1a: Toxapex|100\/100\n|\n|-damage|p2a: pregnant|64\/100 tox|[from] psn\n|upkeep\n|turn|15\n|\n|t:|1699071368\n|-curestatus|p2a: pregnant|tox|[from] ability: Natural Cure\n|switch|p2a: Sylveon|Sylveon, F|100\/100\n|move|p1a: Toxapex|Toxic|p2a: Sylveon\n|-status|p2a: Sylveon|tox\n|\n|-damage|p2a: Sylveon|94\/100 tox|[from] psn\n|upkeep\n|turn|16\n|\n|t:|1699071383\n|move|p1a: Toxapex|Protect|p1a: Toxapex\n|-singleturn|p1a: Toxapex|Protect\n|move|p2a: Sylveon|Bite|p1a: Toxapex\n|-activate|p1a: Toxapex|move: Protect\n|\n|-damage|p2a: Sylveon|82\/100 tox|[from] psn\n|upkeep\n|turn|17\n|\n|t:|1699071393\n|move|p2a: Sylveon|Bite|p1a: Toxapex\n|-damage|p1a: Toxapex|89\/100\n|move|p1a: Toxapex|Toxic|p2a: Sylveon\n|-fail|p2a: Sylveon|tox\n|\n|-heal|p1a: Toxapex|95\/100|[from] item: Black Sludge\n|-damage|p2a: Sylveon|64\/100 tox|[from] psn\n|upkeep\n|turn|18\n|\n|t:|1699071404\n|move|p1a: Toxapex|Protect|p1a: Toxapex\n|-singleturn|p1a: Toxapex|Protect\n|move|p2a: Sylveon|Draining Kiss|p1a: Toxapex\n|-activate|p1a: Toxapex|move: Protect\n|\n|-heal|p1a: Toxapex|100\/100|[from] item: Black Sludge\n|-damage|p2a: Sylveon|40\/100 tox|[from] psn\n|upkeep\n|turn|19\n|\n|t:|1699071417\n|move|p2a: Sylveon|Draining Kiss|p1a: Toxapex\n|-resisted|p1a: Toxapex\n|-damage|p1a: Toxapex|93\/100\n|-heal|p2a: Sylveon|44\/100 tox|[from] drain|[of] p1a: Toxapex\n|move|p1a: Toxapex|Recover|p1a: Toxapex\n|-heal|p1a: Toxapex|100\/100\n|\n|-damage|p2a: Sylveon|14\/100 tox|[from] psn\n|upkeep\n|turn|20\n|\n|t:|1699071428\n|move|p1a: Toxapex|Protect|p1a: Toxapex\n|-singleturn|p1a: Toxapex|Protect\n|move|p2a: Sylveon|Draining Kiss|p1a: Toxapex\n|-activate|p1a: Toxapex|move: Protect\n|\n|-damage|p2a: Sylveon|0 fnt|[from] psn\n|faint|p2a: Sylveon\n|upkeep\n|\n|t:|1699071436\n|switch|p2a: pregnant|Blissey, F|64\/100\n|turn|21\n|\n|t:|1699071447\n|move|p2a: pregnant|Brick Break|p1a: Toxapex\n|-resisted|p1a: Toxapex\n|-damage|p1a: Toxapex|97\/100\n|move|p1a: Toxapex|Toxic|p2a: pregnant\n|-status|p2a: pregnant|tox\n|\n|-heal|p1a: Toxapex|100\/100|[from] item: Black Sludge\n|-damage|p2a: pregnant|57\/100 tox|[from] psn\n|upkeep\n|turn|22\n|\n|t:|1699071457\n|-curestatus|p2a: pregnant|tox|[from] ability: Natural Cure\n|switch|p2a: Gyarados|Gyarados, F|94\/100 tox\n|move|p1a: Toxapex|Protect||[still]\n|-fail|p1a: Toxapex\n|\n|-damage|p2a: Gyarados|88\/100 tox|[from] psn\n|upkeep\n|turn|23\n|\n|t:|1699071470\n|move|p1a: Toxapex|Protect|p1a: Toxapex\n|-singleturn|p1a: Toxapex|Protect\n|move|p2a: Gyarados|Ice Beam|p1a: Toxapex\n|-activate|p1a: Toxapex|move: Protect\n|\n|-damage|p2a: Gyarados|76\/100 tox|[from] psn\n|upkeep\n|turn|24\n|\n|t:|1699071481\n|move|p1a: Toxapex|Protect||[still]\n|-fail|p1a: Toxapex\n|move|p2a: Gyarados|Ice Beam|p1a: Toxapex\n|-resisted|p1a: Toxapex\n|-damage|p1a: Toxapex|95\/100\n|\n|-heal|p1a: Toxapex|100\/100|[from] item: Black Sludge\n|-damage|p2a: Gyarados|58\/100 tox|[from] psn\n|upkeep\n|turn|25\n|\n|t:|1699071490\n|move|p1a: Toxapex|Protect|p1a: Toxapex\n|-singleturn|p1a: Toxapex|Protect\n|move|p2a: Gyarados|Ice Beam|p1a: Toxapex\n|-activate|p1a: Toxapex|move: Protect\n|\n|-damage|p2a: Gyarados|34\/100 tox|[from] psn\n|upkeep\n|turn|26\n|\n|t:|1699071501\n|move|p1a: Toxapex|Protect||[still]\n|-fail|p1a: Toxapex\n|move|p2a: Gyarados|Ice Beam|p1a: Toxapex\n|-resisted|p1a: Toxapex\n|-damage|p1a: Toxapex|95\/100\n|\n|-heal|p1a: Toxapex|100\/100|[from] item: Black Sludge\n|-damage|p2a: Gyarados|4\/100 tox|[from] psn\n|upkeep\n|turn|27\n|\n|t:|1699071513\n|switch|p2a: pregnant|Blissey, F|57\/100\n|move|p1a: Toxapex|Protect||[still]\n|-fail|p1a: Toxapex\n|\n|upkeep\n|turn|28\n|\n|t:|1699071521\n|move|p2a: pregnant|Life Dew|p2a: pregnant\n|-heal|p2a: pregnant|83\/100\n|move|p1a: Toxapex|Toxic|p2a: pregnant\n|-status|p2a: pregnant|tox\n|\n|-damage|p2a: pregnant|76\/100 tox|[from] psn\n|upkeep\n|turn|29\n|\n|t:|1699071535\n|move|p1a: Toxapex|Protect|p1a: Toxapex\n|-singleturn|p1a: Toxapex|Protect\n|move|p2a: pregnant|Brick Break|p1a: Toxapex\n|-activate|p1a: Toxapex|move: Protect\n|\n|-damage|p2a: pregnant|64\/100 tox|[from] psn\n|upkeep\n|turn|30\n|\n|t:|1699071544\n|move|p1a: Toxapex|Protect|p1a: Toxapex\n|-singleturn|p1a: Toxapex|Protect\n|move|p2a: pregnant|Brick Break|p1a: Toxapex\n|-activate|p1a: Toxapex|move: Protect\n|\n|-damage|p2a: pregnant|46\/100 tox|[from] psn\n|upkeep\n|turn|31\n|\n|t:|1699071556\n|move|p1a: Toxapex|Protect||[still]\n|-fail|p1a: Toxapex\n|move|p2a: pregnant|Brick Break|p1a: Toxapex\n|-resisted|p1a: Toxapex\n|-damage|p1a: Toxapex|97\/100\n|\n|-heal|p1a: Toxapex|100\/100|[from] item: Black Sludge\n|-damage|p2a: pregnant|21\/100 tox|[from] psn\n|upkeep\n|turn|32\n|\n|t:|1699071567\n|-curestatus|p2a: pregnant|tox|[from] ability: Natural Cure\n|switch|p2a: Gyarados|Gyarados, F|4\/100 tox\n|move|p1a: Toxapex|Protect||[still]\n|-fail|p1a: Toxapex\n|\n|-damage|p2a: Gyarados|0 fnt|[from] psn\n|faint|p2a: Gyarados\n|upkeep\n|\n|t:|1699071576\n|switch|p2a: pregnant|Blissey, F|21\/100\n|turn|33\n|\n|t:|1699071581\n|move|p2a: pregnant|Water Pulse|p1a: Toxapex\n|-resisted|p1a: Toxapex\n|-damage|p1a: Toxapex|96\/100\n|move|p1a: Toxapex|Toxic|p2a: pregnant\n|-status|p2a: pregnant|tox\n|\n|-heal|p1a: Toxapex|100\/100|[from] item: Black Sludge\n|-damage|p2a: pregnant|15\/100 tox|[from] psn\n|upkeep\n|turn|34\n|\n|t:|1699071592\n|move|p1a: Toxapex|Baneful Bunker|p1a: Toxapex\n|-singleturn|p1a: Toxapex|move: Protect\n|move|p2a: pregnant|Thunder|p1a: Toxapex\n|-activate|p1a: Toxapex|move: Protect\n|\n|-damage|p2a: pregnant|3\/100 tox|[from] psn\n|upkeep\n|turn|35\n|\n|t:|1699071601\n|move|p1a: Toxapex|Protect|p1a: Toxapex\n|-singleturn|p1a: Toxapex|Protect\n|move|p2a: pregnant|Thunder|p1a: Toxapex\n|-activate|p1a: Toxapex|move: Protect\n|\n|-damage|p2a: pregnant|0 fnt|[from] psn\n|faint|p2a: pregnant\n|\n|win|rooster45\n|upkeep\n|raw|rooster45's rating: 1100 &rarr; <strong>1118<\/strong><br \/>(+18 for winning)\n|raw|ameliacannerd's rating: 1000 &rarr; <strong>1000<\/strong><br \/>(+0 for losing)\n|l|\u2606ameliacannerd\n","uploadtime":1699071739,"views":12,"p1id":"rooster45","p2id":"ameliacannerd","formatid":"gen9ubers","rating":1000,"private":0,"password":""}