{"id":"gen9ubers-1971500261","p1":"1P1o1s1h1e1","p2":"GratedsShtickface","format":"[Gen 9] Ubers","log":"|j|\u26061P1o1s1h1e1\n|j|\u2606GratedsShtickface\n|t:|1697743394\n|gametype|singles\n|player|p1|1P1o1s1h1e1|hooligans|\n|player|p2|GratedsShtickface|hiker-gen4|\n|teamsize|p1|6\n|teamsize|p2|6\n|gen|9\n|tier|[Gen 9] Ubers\n|rule|Sleep Clause Mod: Limit one foe put to sleep\n|rule|Species Clause: Limit one of each Pok\u00e9mon\n|rule|OHKO Clause: OHKO moves are banned\n|rule|Evasion Items Clause: Evasion items are banned\n|rule|Evasion Moves Clause: Evasion moves are banned\n|rule|Endless Battle Clause: Forcing endless battles is banned\n|rule|HP Percentage Mod: HP is shown in percentages\n|clearpoke\n|poke|p1|Garganacl, M|\n|poke|p1|Moltres|\n|poke|p1|Blissey, F|\n|poke|p1|Dondozo, M|\n|poke|p1|Giratina|\n|poke|p1|Shaymin-Sky|\n|poke|p2|Pelipper, M|\n|poke|p2|Basculegion-F, F|\n|poke|p2|Thundurus-Therian, M|\n|poke|p2|Zacian-*|\n|poke|p2|Landorus, M|\n|poke|p2|Arceus-Grass|\n|teampreview\n|inactive|Battle timer is ON: inactive players will automatically lose when time's up. (requested by GratedsShtickface)\n|c|\u2606GratedsShtickface|glhf\n|c|\u26061P1o1s1h1e1|u2\n|c|\u26061P1o1s1h1e1|I think I noticed smth else abt this team\n|c|\u2606GratedsShtickface|what\n|inactive|1P1o1s1h1e1 has 270 seconds left.\n|c|\u26061P1o1s1h1e1|feels like there should be a taunt user\n|\n|t:|1697743434\n|start\n|switch|p1a: Ivanovna Robotnik|Blissey, F|100\/100\n|switch|p2a: Toilet Bird|Pelipper, M, shiny|100\/100\n|-weather|RainDance|[from] ability: Drizzle|[of] p2a: Toilet Bird\n|turn|1\n|\n|t:|1697743444\n|move|p1a: Ivanovna Robotnik|Thunder Wave|p2a: Toilet Bird\n|-status|p2a: Toilet Bird|par\n|cant|p2a: Toilet Bird|par\n|\n|-weather|RainDance|[upkeep]\n|upkeep\n|turn|2\n|\n|t:|1697743454\n|switch|p1a: Haxmin|Shaymin-Sky|100\/100\n|move|p2a: Toilet Bird|Knock Off|p1a: Haxmin\n|-damage|p1a: Haxmin|86\/100\n|-enditem|p1a: Haxmin|Leftovers|[from] move: Knock Off|[of] p2a: Toilet Bird\n|\n|-weather|RainDance|[upkeep]\n|upkeep\n|turn|3\n|\n|t:|1697743465\n|move|p1a: Haxmin|Air Slash|p2a: Toilet Bird\n|-damage|p2a: Toilet Bird|71\/100 par\n|move|p2a: Toilet Bird|Hurricane|p1a: Haxmin\n|-supereffective|p1a: Haxmin\n|-damage|p1a: Haxmin|11\/100\n|\n|-weather|RainDance|[upkeep]\n|upkeep\n|turn|4\n|c|\u26061P1o1s1h1e1|shaymin on stall I am already not liking lol\n|c|\u26061P1o1s1h1e1|esp without protect\n|inactive|1P1o1s1h1e1 has 270 seconds left.\n|c|\u26061P1o1s1h1e1|I feel like you literally go mono slash here honestly\n|\n|t:|1697743510\n|switch|p2a: Sif|Zacian|100\/100\n|-ability|p2a: Sif|Intrepid Sword|boost\n|-boost|p2a: Sif|atk|1\n|move|p1a: Haxmin|Air Slash|p2a: Sif\n|-damage|p2a: Sif|70\/100\n|\n|-weather|RainDance|[upkeep]\n|upkeep\n|turn|5\n|\n|t:|1697743524\n|switch|p1a: Chicken for KFC|Moltres|100\/100\n|move|p2a: Sif|Crunch|p1a: Chicken for KFC\n|-damage|p1a: Chicken for KFC|72\/100\n|\n|-weather|RainDance|[upkeep]\n|upkeep\n|turn|6\n|\n|t:|1697743538\n|switch|p2a: Zappo|Thundurus-Therian, M|100\/100\n|move|p1a: Chicken for KFC|Will-O-Wisp|p2a: Zappo\n|-status|p2a: Zappo|brn\n|\n|-weather|RainDance|[upkeep]\n|-damage|p2a: Zappo|94\/100 brn|[from] brn\n|upkeep\n|turn|7\n|\n|t:|1697743549\n|switch|p1a: Ivanovna Robotnik|Blissey, F|100\/100\n|move|p2a: Zappo|Volt Switch|p1a: Ivanovna Robotnik\n|-damage|p1a: Ivanovna Robotnik|84\/100\n|-damage|p2a: Zappo|85\/100 brn|[from] item: Life Orb\n|\n|t:|1697743549\n|switch|p2a: Sando|Landorus, M|100\/100|[from] Volt Switch\n|\n|-weather|RainDance|[upkeep]\n|upkeep\n|turn|8\n|inactive|1P1o1s1h1e1 has 270 seconds left.\n|c|\u2606GratedsShtickface|I didn't mean to switch to lando\n|c|\u2606GratedsShtickface|oh well\n|\n|t:|1697743568\n|move|p2a: Sando|U-turn|p1a: Ivanovna Robotnik\n|-damage|p1a: Ivanovna Robotnik|65\/100\n|-damage|p2a: Sando|91\/100|[from] item: Life Orb\n|c|\u26061P1o1s1h1e1|oh lol\n|\n|t:|1697743577\n|switch|p2a: Zappo|Thundurus-Therian, M|85\/100 brn|[from] U-turn\n|move|p1a: Ivanovna Robotnik|Soft-Boiled|p1a: Ivanovna Robotnik\n|-heal|p1a: Ivanovna Robotnik|100\/100\n|\n|-weather|none\n|-damage|p2a: Zappo|79\/100 brn|[from] brn\n|upkeep\n|turn|9\n|c|\u26061P1o1s1h1e1|was expecting blast\n|\n|t:|1697743590\n|move|p2a: Zappo|Volt Switch|p1a: Ivanovna Robotnik\n|-damage|p1a: Ivanovna Robotnik|85\/100\n|-damage|p2a: Zappo|69\/100 brn|[from] item: Life Orb\n|\n|t:|1697743594\n|switch|p2a: Toilet Bird|Pelipper, M, shiny|71\/100 par|[from] Volt Switch\n|-weather|RainDance|[from] ability: Drizzle|[of] p2a: Toilet Bird\n|move|p1a: Ivanovna Robotnik|Seismic Toss|p2a: Toilet Bird\n|-damage|p2a: Toilet Bird|41\/100 par\n|\n|-weather|RainDance|[upkeep]\n|upkeep\n|turn|10\n|\n|t:|1697743604\n|move|p1a: Ivanovna Robotnik|Thunder Wave|p2a: Toilet Bird\n|-fail|p2a: Toilet Bird|par\n|move|p2a: Toilet Bird|Roost|p2a: Toilet Bird\n|-heal|p2a: Toilet Bird|91\/100 par\n|-singleturn|p2a: Toilet Bird|move: Roost\n|\n|-weather|RainDance|[upkeep]\n|upkeep\n|turn|11\n|\n|t:|1697743611\n|move|p1a: Ivanovna Robotnik|Seismic Toss|p2a: Toilet Bird\n|-damage|p2a: Toilet Bird|60\/100 par\n|move|p2a: Toilet Bird|U-turn|p1a: Ivanovna Robotnik\n|-damage|p1a: Ivanovna Robotnik|76\/100\n|\n|t:|1697743616\n|switch|p2a: Basculegion|Basculegion-F, F|100\/100|[from] U-turn\n|\n|-weather|RainDance|[upkeep]\n|upkeep\n|turn|12\n|\n|t:|1697743623\n|switch|p1a: Donbozo|Dondozo, M|100\/100\n|move|p2a: Basculegion|Wave Crash|p1a: Donbozo\n|-resisted|p1a: Donbozo\n|-damage|p1a: Donbozo|73\/100\n|-damage|p2a: Basculegion|88\/100|[from] Recoil\n|\n|-weather|RainDance|[upkeep]\n|-heal|p1a: Donbozo|79\/100|[from] item: Leftovers\n|upkeep\n|turn|13\n|\n|t:|1697743631\n|switch|p2a: Zappo|Thundurus-Therian, M|69\/100 brn\n|move|p1a: Donbozo|Liquidation|p2a: Zappo\n|-damage|p2a: Zappo|7\/100 brn\n|-unboost|p2a: Zappo|def|1\n|\n|-weather|RainDance|[upkeep]\n|-heal|p1a: Donbozo|85\/100|[from] item: Leftovers\n|-damage|p2a: Zappo|1\/100 brn|[from] brn\n|upkeep\n|turn|14\n|\n|t:|1697743640\n|switch|p1a: Ivanovna Robotnik|Blissey, F|76\/100\n|move|p2a: Zappo|Thunder|p1a: Ivanovna Robotnik\n|-damage|p1a: Ivanovna Robotnik|48\/100\n|-damage|p2a: Zappo|0 fnt|[from] item: Life Orb\n|faint|p2a: Zappo\n|\n|-weather|RainDance|[upkeep]\n|upkeep\n|c|\u26061P1o1s1h1e1|phew\n|\n|t:|1697743656\n|switch|p2a: Basculegion|Basculegion-F, F|88\/100\n|turn|15\n|c|\u26061P1o1s1h1e1|honestly that was the kinda scariest guy\n|\n|t:|1697743671\n|switch|p2a: Ar\u0441eus-Bug|Arceus-Grass|100\/100\n|switch|p1a: Donbozo|Dondozo, M|85\/100\n|\n|-weather|RainDance|[upkeep]\n|-heal|p1a: Donbozo|91\/100|[from] item: Leftovers\n|upkeep\n|turn|16\n|\n|t:|1697743680\n|switch|p1a: Chicken for KFC|Moltres|72\/100\n|move|p2a: Ar\u0441eus-Bug|Calm Mind|p2a: Ar\u0441eus-Bug\n|-boost|p2a: Ar\u0441eus-Bug|spa|1\n|-boost|p2a: Ar\u0441eus-Bug|spd|1\n|\n|-weather|none\n|upkeep\n|turn|17\n|\n|t:|1697743685\n|switch|p2a: Basculegion|Basculegion-F, F|88\/100\n|move|p1a: Chicken for KFC|Flamethrower|p2a: Basculegion\n|-resisted|p2a: Basculegion\n|-damage|p2a: Basculegion|67\/100\n|\n|upkeep\n|turn|18\n|\n|t:|1697743692\n|move|p2a: Basculegion|Aqua Jet|p1a: Chicken for KFC\n|-supereffective|p1a: Chicken for KFC\n|-damage|p1a: Chicken for KFC|35\/100\n|-status|p2a: Basculegion|brn|[from] ability: Flame Body|[of] p1a: Chicken for KFC\n|move|p1a: Chicken for KFC|Will-O-Wisp|p2a: Basculegion\n|-fail|p2a: Basculegion|brn\n|\n|-damage|p2a: Basculegion|61\/100 brn|[from] brn\n|upkeep\n|turn|19\n|\n|t:|1697743701\n|move|p2a: Basculegion|Aqua Jet|p1a: Chicken for KFC\n|-supereffective|p1a: Chicken for KFC\n|-crit|p1a: Chicken for KFC\n|-damage|p1a: Chicken for KFC|6\/100\n|move|p1a: Chicken for KFC|Roost|p1a: Chicken for KFC\n|-heal|p1a: Chicken for KFC|56\/100\n|-singleturn|p1a: Chicken for KFC|move: Roost\n|\n|-damage|p2a: Basculegion|55\/100 brn|[from] brn\n|upkeep\n|turn|20\n|\n|t:|1697743710\n|switch|p2a: Sando|Landorus, M|91\/100\n|move|p1a: Chicken for KFC|Roost|p1a: Chicken for KFC\n|-heal|p1a: Chicken for KFC|100\/100\n|-singleturn|p1a: Chicken for KFC|move: Roost\n|\n|upkeep\n|turn|21\n|\n|t:|1697743717\n|move|p2a: Sando|Psychic|p1a: Chicken for KFC\n|-damage|p1a: Chicken for KFC|61\/100\n|-damage|p2a: Sando|81\/100|[from] item: Life Orb\n|move|p1a: Chicken for KFC|U-turn|p2a: Sando\n|-resisted|p2a: Sando\n|-damage|p2a: Sando|73\/100\n|\n|t:|1697743724\n|switch|p1a: Ivanovna Robotnik|Blissey, F|48\/100|[from] U-turn\n|\n|upkeep\n|turn|22\n|\n|t:|1697743731\n|move|p2a: Sando|Sandsear Storm|p1a: Ivanovna Robotnik\n|-damage|p1a: Ivanovna Robotnik|28\/100\n|-status|p1a: Ivanovna Robotnik|brn\n|-damage|p2a: Sando|63\/100|[from] item: Life Orb\n|move|p1a: Ivanovna Robotnik|Soft-Boiled|p1a: Ivanovna Robotnik\n|-heal|p1a: Ivanovna Robotnik|78\/100 brn\n|\n|-damage|p1a: Ivanovna Robotnik|72\/100 brn|[from] brn\n|upkeep\n|turn|23\n|\n|t:|1697743739\n|-curestatus|p1a: Ivanovna Robotnik|brn|[from] ability: Natural Cure\n|switch|p1a: Haxmin|Shaymin-Sky|11\/100\n|move|p2a: Sando|U-turn|p1a: Haxmin\n|-damage|p1a: Haxmin|0 fnt\n|faint|p1a: Haxmin\n|-damage|p2a: Sando|53\/100|[from] item: Life Orb\n|\n|t:|1697743749\n|switch|p2a: Toilet Bird|Pelipper, M, shiny|60\/100 par|[from] U-turn\n|-weather|RainDance|[from] ability: Drizzle|[of] p2a: Toilet Bird\n|\n|-weather|RainDance|[upkeep]\n|upkeep\n|\n|t:|1697743765\n|switch|p1a: Gargasalt|Garganacl, M|100\/100\n|turn|24\n|\n|t:|1697743770\n|move|p1a: Gargasalt|Salt Cure|p2a: Toilet Bird\n|-supereffective|p2a: Toilet Bird\n|-damage|p2a: Toilet Bird|26\/100 par\n|-start|p2a: Toilet Bird|Salt Cure\n|cant|p2a: Toilet Bird|par\n|\n|-weather|RainDance|[upkeep]\n|-damage|p2a: Toilet Bird|1\/100 par|[from] Salt Cure\n|upkeep\n|turn|25\n|\n|t:|1697743777\n|move|p1a: Gargasalt|Stealth Rock|p2a: Toilet Bird\n|-sidestart|p2: GratedsShtickface|move: Stealth Rock\n|move|p2a: Toilet Bird|Hurricane|p1a: Gargasalt\n|-resisted|p1a: Gargasalt\n|-damage|p1a: Gargasalt|88\/100\n|\n|-weather|RainDance|[upkeep]\n|-heal|p1a: Gargasalt|94\/100|[from] item: Leftovers\n|-damage|p2a: Toilet Bird|0 fnt|[from] Salt Cure\n|faint|p2a: Toilet Bird\n|upkeep\n|\n|t:|1697743787\n|switch|p2a: Sif|Zacian|70\/100\n|turn|26\n|\n|t:|1697743795\n|-terastallize|p1a: Gargasalt|Fairy\n|move|p2a: Sif|Close Combat|p1a: Gargasalt\n|-resisted|p1a: Gargasalt\n|-damage|p1a: Gargasalt|80\/100\n|-unboost|p2a: Sif|def|1\n|-unboost|p2a: Sif|spd|1\n|move|p1a: Gargasalt|Block|p2a: Sif\n|-activate|p2a: Sif|trapped\n|\n|-weather|RainDance|[upkeep]\n|-heal|p1a: Gargasalt|86\/100|[from] item: Leftovers\n|upkeep\n|turn|27\n|\n|t:|1697743806\n|move|p2a: Sif|Play Rough|p1a: Gargasalt\n|-damage|p1a: Gargasalt|57\/100\n|move|p1a: Gargasalt|Salt Cure|p2a: Sif\n|-damage|p2a: Sif|49\/100\n|-start|p2a: Sif|Salt Cure\n|\n|-weather|RainDance|[upkeep]\n|-heal|p1a: Gargasalt|63\/100|[from] item: Leftovers\n|-damage|p2a: Sif|37\/100|[from] Salt Cure\n|upkeep\n|turn|28\n|\n|t:|1697743816\n|move|p2a: Sif|Play Rough|p1a: Gargasalt\n|-crit|p1a: Gargasalt\n|-damage|p1a: Gargasalt|17\/100\n|move|p1a: Gargasalt|Recover|p1a: Gargasalt\n|-heal|p1a: Gargasalt|67\/100\n|\n|-weather|RainDance|[upkeep]\n|-heal|p1a: Gargasalt|73\/100|[from] item: Leftovers\n|-damage|p2a: Sif|24\/100|[from] Salt Cure\n|upkeep\n|turn|29\n|\n|t:|1697743826\n|move|p2a: Sif|Play Rough|p1a: Gargasalt|[miss]\n|-miss|p2a: Sif|p1a: Gargasalt\n|move|p1a: Gargasalt|Recover|p1a: Gargasalt\n|-heal|p1a: Gargasalt|100\/100\n|\n|-weather|RainDance|[upkeep]\n|-damage|p2a: Sif|12\/100|[from] Salt Cure\n|upkeep\n|turn|30\n|\n|t:|1697743832\n|move|p2a: Sif|Play Rough|p1a: Gargasalt\n|-damage|p1a: Gargasalt|71\/100\n|move|p1a: Gargasalt|Recover|p1a: Gargasalt\n|-heal|p1a: Gargasalt|100\/100\n|\n|-weather|none\n|-damage|p2a: Sif|0 fnt|[from] Salt Cure\n|faint|p2a: Sif\n|upkeep\n|\n|t:|1697743841\n|switch|p2a: Ar\u0441eus-Bug|Arceus-Grass|100\/100\n|-damage|p2a: Ar\u0441eus-Bug|88\/100|[from] Stealth Rock\n|turn|31\n|\n|t:|1697743847\n|move|p2a: Ar\u0441eus-Bug|Calm Mind|p2a: Ar\u0441eus-Bug\n|-boost|p2a: Ar\u0441eus-Bug|spa|1\n|-boost|p2a: Ar\u0441eus-Bug|spd|1\n|move|p1a: Gargasalt|Salt Cure|p2a: Ar\u0441eus-Bug\n|-damage|p2a: Ar\u0441eus-Bug|78\/100\n|-start|p2a: Ar\u0441eus-Bug|Salt Cure\n|\n|-damage|p2a: Ar\u0441eus-Bug|66\/100|[from] Salt Cure\n|upkeep\n|turn|32\n|\n|t:|1697743853\n|switch|p1a: Ivanovna Robotnik|Blissey, F|72\/100\n|move|p2a: Ar\u0441eus-Bug|Calm Mind|p2a: Ar\u0441eus-Bug\n|-boost|p2a: Ar\u0441eus-Bug|spa|1\n|-boost|p2a: Ar\u0441eus-Bug|spd|1\n|\n|-damage|p2a: Ar\u0441eus-Bug|53\/100|[from] Salt Cure\n|upkeep\n|turn|33\n|\n|t:|1697743857\n|move|p2a: Ar\u0441eus-Bug|Recover|p2a: Ar\u0441eus-Bug\n|-heal|p2a: Ar\u0441eus-Bug|100\/100\n|move|p1a: Ivanovna Robotnik|Thunder Wave|p2a: Ar\u0441eus-Bug\n|-status|p2a: Ar\u0441eus-Bug|par\n|\n|-damage|p2a: Ar\u0441eus-Bug|88\/100 par|[from] Salt Cure\n|upkeep\n|turn|34\n|\n|t:|1697743859\n|move|p2a: Ar\u0441eus-Bug|Judgment|p1a: Ivanovna Robotnik\n|-damage|p1a: Ivanovna Robotnik|40\/100\n|move|p1a: Ivanovna Robotnik|Seismic Toss|p2a: Ar\u0441eus-Bug\n|-damage|p2a: Ar\u0441eus-Bug|66\/100 par\n|\n|-damage|p2a: Ar\u0441eus-Bug|53\/100 par|[from] Salt Cure\n|upkeep\n|turn|35\n|\n|t:|1697743866\n|move|p2a: Ar\u0441eus-Bug|Calm Mind|p2a: Ar\u0441eus-Bug\n|-boost|p2a: Ar\u0441eus-Bug|spa|1\n|-boost|p2a: Ar\u0441eus-Bug|spd|1\n|move|p1a: Ivanovna Robotnik|Soft-Boiled|p1a: Ivanovna Robotnik\n|-heal|p1a: Ivanovna Robotnik|90\/100\n|\n|-damage|p2a: Ar\u0441eus-Bug|41\/100 par|[from] Salt Cure\n|upkeep\n|turn|36\n|\n|t:|1697743869\n|move|p2a: Ar\u0441eus-Bug|Recover|p2a: Ar\u0441eus-Bug\n|-heal|p2a: Ar\u0441eus-Bug|91\/100 par\n|move|p1a: Ivanovna Robotnik|Seismic Toss|p2a: Ar\u0441eus-Bug\n|-damage|p2a: Ar\u0441eus-Bug|68\/100 par\n|\n|-damage|p2a: Ar\u0441eus-Bug|56\/100 par|[from] Salt Cure\n|upkeep\n|turn|37\n|\n|t:|1697743877\n|switch|p1a: Hecker|Giratina, shiny|100\/100\n|-ability|p1a: Hecker|Pressure\n|move|p2a: Ar\u0441eus-Bug|Judgment|p1a: Hecker\n|-resisted|p1a: Hecker\n|-damage|p1a: Hecker|76\/100\n|\n|-damage|p2a: Ar\u0441eus-Bug|44\/100 par|[from] Salt Cure\n|upkeep\n|turn|38\n|\n|t:|1697743883\n|cant|p2a: Ar\u0441eus-Bug|par\n|move|p1a: Hecker|Roar|p2a: Ar\u0441eus-Bug\n|drag|p2a: Sando|Landorus, M|53\/100\n|-damage|p2a: Sando|41\/100|[from] Stealth Rock\n|\n|upkeep\n|turn|39\n|\n|t:|1697743889\n|move|p2a: Sando|Sandsear Storm|p1a: Hecker\n|-damage|p1a: Hecker|50\/100\n|-damage|p2a: Sando|31\/100|[from] item: Life Orb\n|move|p1a: Hecker|Shadow Ball|p2a: Sando\n|-damage|p2a: Sando|0 fnt\n|faint|p2a: Sando\n|\n|upkeep\n|\n|t:|1697743901\n|switch|p2a: Basculegion|Basculegion-F, F|55\/100 brn\n|-damage|p2a: Basculegion|42\/100 brn|[from] Stealth Rock\n|turn|40\n|\n|t:|1697743907\n|move|p2a: Basculegion|Last Respects|p1a: Hecker\n|-supereffective|p1a: Hecker\n|-damage|p1a: Hecker|0 fnt\n|faint|p1a: Hecker\n|\n|-damage|p2a: Basculegion|36\/100 brn|[from] brn\n|upkeep\n|\n|t:|1697743910\n|switch|p1a: Gargasalt|Garganacl, M, tera:Fairy|100\/100\n|turn|41\n|\n|t:|1697743916\n|move|p2a: Basculegion|Last Respects|p1a: Gargasalt\n|-damage|p1a: Gargasalt|75\/100\n|move|p1a: Gargasalt|Salt Cure|p2a: Basculegion\n|-damage|p2a: Basculegion|18\/100 brn\n|-start|p2a: Basculegion|Salt Cure\n|\n|-heal|p1a: Gargasalt|81\/100|[from] item: Leftovers\n|-damage|p2a: Basculegion|12\/100 brn|[from] brn\n|-damage|p2a: Basculegion|0 fnt|[from] Salt Cure\n|faint|p2a: Basculegion\n|upkeep\n|\n|t:|1697743920\n|switch|p2a: Ar\u0441eus-Bug|Arceus-Grass|44\/100 par\n|-damage|p2a: Ar\u0441eus-Bug|31\/100 par|[from] Stealth Rock\n|turn|42\n|\n|t:|1697743924\n|cant|p2a: Ar\u0441eus-Bug|par\n|move|p1a: Gargasalt|Salt Cure|p2a: Ar\u0441eus-Bug\n|-damage|p2a: Ar\u0441eus-Bug|21\/100 par\n|-start|p2a: Ar\u0441eus-Bug|Salt Cure\n|\n|-heal|p1a: Gargasalt|88\/100|[from] item: Leftovers\n|-damage|p2a: Ar\u0441eus-Bug|9\/100 par|[from] Salt Cure\n|upkeep\n|turn|43\n|\n|t:|1697743929\n|switch|p1a: Ivanovna Robotnik|Blissey, F|90\/100\n|move|p2a: Ar\u0441eus-Bug|Judgment|p1a: Ivanovna Robotnik\n|-damage|p1a: Ivanovna Robotnik|73\/100\n|\n|-damage|p2a: Ar\u0441eus-Bug|0 fnt|[from] Salt Cure\n|faint|p2a: Ar\u0441eus-Bug\n|\n|win|1P1o1s1h1e1\n|upkeep\n|c|\u2606GratedsShtickface|gg\n|c|\u26061P1o1s1h1e1|gg\n|j| ThePlumber7\n|l| ThePlumber7\n|c|\u2606GratedsShtickface|but man is this a good stall team\n|c|\u26061P1o1s1h1e1|yeah I like most of it\n|c|\u2606GratedsShtickface|anything you'd change?\n|c|\u26061P1o1s1h1e1|still not sure about shaymin\n|c|\u26061P1o1s1h1e1|imo maybe taunt ar is what it needs\n|c|\u2606GratedsShtickface|the idea is that skymin can leech seed, giving more recovery to dozo and gira\n|c|\u2606GratedsShtickface|anyways, I'm gonna put up the thing\n|l|\u2606GratedsShtickface\n","uploadtime":1697744014,"views":10,"p1id":"1p1o1s1h1e1","p2id":"gratedsshtickface","formatid":"gen9ubers","rating":0,"private":0,"password":""}