{"id":"gen9ubers-1980586623","p1":"Haymaker92","p2":"seanbonjoviii","format":"[Gen 9] Ubers","log":"|j|\u2606Haymaker92\n|j|\u2606seanbonjoviii\n|t:|1698800324\n|gametype|singles\n|player|p1|Haymaker92|biker-gen4|\n|player|p2|seanbonjoviii|2|\n|teamsize|p1|6\n|teamsize|p2|6\n|gen|9\n|tier|[Gen 9] Ubers\n|rule|Sleep Clause Mod: Limit one foe put to sleep\n|rule|Species Clause: Limit one of each Pok\u00e9mon\n|rule|OHKO Clause: OHKO moves are banned\n|rule|Evasion Items Clause: Evasion items are banned\n|rule|Evasion Moves Clause: Evasion moves are banned\n|rule|Endless Battle Clause: Forcing endless battles is banned\n|rule|HP Percentage Mod: HP is shown in percentages\n|clearpoke\n|poke|p1|Ursaluna, M|\n|poke|p1|Iron Valiant|\n|poke|p1|Tyranitar, F|\n|poke|p1|Orthworm, M|\n|poke|p1|Braviary, M|\n|poke|p1|Rotom-Heat|\n|poke|p2|Scream Tail|\n|poke|p2|Bisharp, M|\n|poke|p2|Volcarona, M|\n|poke|p2|Glimmet, M|\n|poke|p2|Dragonite, F|\n|poke|p2|Ditto|\n|teampreview\n|\n|t:|1698800344\n|start\n|switch|p1a: Braviary|Braviary, M|100\/100\n|switch|p2a: Volcarona|Volcarona, M|100\/100\n|turn|1\n|\n|t:|1698800350\n|switch|p2a: Dragonite|Dragonite, F|100\/100\n|move|p1a: Braviary|Brave Bird|p2a: Dragonite\n|-damage|p2a: Dragonite|63\/100\n|-damage|p1a: Braviary|89\/100|[from] Recoil\n|\n|upkeep\n|turn|2\n|c|\u2606Haymaker92|HOLD\n|c|\u2606Haymaker92|for the stream\n|j| BigBabyGerry\n|j| Du-Gi-Oh\n|\n|t:|1698800401\n|move|p1a: Braviary|U-turn|p2a: Dragonite\n|-resisted|p2a: Dragonite\n|-damage|p2a: Dragonite|48\/100\n|\n|t:|1698800403\n|switch|p1a: Orthworm|Orthworm, M|100\/100|[from] U-turn\n|move|p2a: Dragonite|Stone Edge|p1a: Orthworm\n|-resisted|p1a: Orthworm\n|-damage|p1a: Orthworm|85\/100\n|\n|upkeep\n|turn|3\n|c| Du-Gi-Oh|we here\n|c| Du-Gi-Oh|commence and shit\n|\n|t:|1698800413\n|switch|p2a: Scream Tail|Scream Tail|100\/100\n|move|p1a: Orthworm|Shed Tail|p1a: Orthworm\n|-start|p1a: Orthworm|Substitute|[from] move: Shed Tail\n|-damage|p1a: Orthworm|35\/100\n|-enditem|p1a: Orthworm|Sitrus Berry|[eat]\n|-heal|p1a: Orthworm|59\/100|[from] item: Sitrus Berry\n|\n|t:|1698800418\n|switch|p1a: Tyranitar|Tyranitar, F|100\/100|[from] Shed Tail\n|-weather|Sandstorm|[from] ability: Sand Stream|[of] p1a: Tyranitar\n|\n|-weather|Sandstorm|[upkeep]\n|-damage|p2a: Scream Tail|94\/100|[from] Sandstorm\n|-heal|p2a: Scream Tail|100\/100|[from] item: Leftovers\n|upkeep\n|turn|4\n|\n|t:|1698800422\n|move|p2a: Scream Tail|Wish|p2a: Scream Tail\n|move|p1a: Tyranitar|Dragon Dance|p1a: Tyranitar\n|-boost|p1a: Tyranitar|atk|1\n|-boost|p1a: Tyranitar|spe|1\n|\n|-weather|Sandstorm|[upkeep]\n|-damage|p2a: Scream Tail|94\/100|[from] Sandstorm\n|-heal|p2a: Scream Tail|100\/100|[from] item: Leftovers\n|upkeep\n|turn|5\n|\n|t:|1698800425\n|move|p2a: Scream Tail|Encore|p1a: Tyranitar\n|-start|p1a: Tyranitar|Encore\n|move|p1a: Tyranitar|Dragon Dance|p1a: Tyranitar\n|-boost|p1a: Tyranitar|atk|1\n|-boost|p1a: Tyranitar|spe|1\n|\n|-weather|Sandstorm|[upkeep]\n|-damage|p2a: Scream Tail|94\/100|[from] Sandstorm\n|-heal|p2a: Scream Tail|100\/100|[from] move: Wish|[wisher] Scream Tail\n|upkeep\n|turn|6\n|\n|t:|1698800429\n|-end|p2a: Scream Tail|Protosynthesis|[silent]\n|switch|p2a: Bisharp|Bisharp, M|100\/100\n|-ability|p2a: Bisharp|Pressure\n|move|p1a: Tyranitar|Dragon Dance|p1a: Tyranitar\n|-boost|p1a: Tyranitar|atk|1\n|-boost|p1a: Tyranitar|spe|1\n|\n|-weather|Sandstorm|[upkeep]\n|upkeep\n|turn|7\n|\n|t:|1698800434\n|move|p1a: Tyranitar|Dragon Dance|p1a: Tyranitar\n|-boost|p1a: Tyranitar|atk|1\n|-boost|p1a: Tyranitar|spe|1\n|move|p2a: Bisharp|Iron Head|p1a: Tyranitar\n|-supereffective|p1a: Tyranitar\n|-end|p1a: Tyranitar|Substitute\n|\n|-weather|none\n|-end|p1a: Tyranitar|Encore\n|upkeep\n|turn|8\n|\n|t:|1698800444\n|-terastallize|p2a: Bisharp|Flying\n|move|p1a: Tyranitar|Earthquake|p2a: Bisharp\n|-immune|p2a: Bisharp\n|move|p2a: Bisharp|Iron Head|p1a: Tyranitar\n|-supereffective|p1a: Tyranitar\n|-damage|p1a: Tyranitar|18\/100\n|\n|-heal|p1a: Tyranitar|24\/100|[from] item: Leftovers\n|upkeep\n|turn|9\n|\n|t:|1698800457\n|switch|p2a: Glimmet|Glimmet, M|100\/100\n|-terastallize|p1a: Tyranitar|Ice\n|move|p1a: Tyranitar|Tera Blast|p2a: Glimmet|[anim] Tera Blast Ice\n|-enditem|p2a: Glimmet|Focus Sash\n|-damage|p2a: Glimmet|1\/100\n|-activate|p2a: Glimmet|ability: Toxic Debris\n|-sidestart|p1: Haymaker92|move: Toxic Spikes\n|\n|-heal|p1a: Tyranitar|30\/100|[from] item: Leftovers\n|upkeep\n|turn|10\n|\n|t:|1698800469\n|move|p1a: Tyranitar|Tera Blast|p2a: Glimmet|[anim] Tera Blast Ice\n|-damage|p2a: Glimmet|0 fnt\n|-activate|p2a: Glimmet|ability: Toxic Debris\n|-sidestart|p1: Haymaker92|move: Toxic Spikes\n|faint|p2a: Glimmet\n|\n|-heal|p1a: Tyranitar|36\/100|[from] item: Leftovers\n|upkeep\n|\n|t:|1698800480\n|switch|p2a: Dragonite|Dragonite, F|48\/100\n|turn|11\n|\n|t:|1698800482\n|move|p2a: Dragonite|Extreme Speed|p1a: Tyranitar\n|-damage|p1a: Tyranitar|0 fnt\n|faint|p1a: Tyranitar\n|\n|upkeep\n|\n|t:|1698800487\n|switch|p1a: Braviary|Braviary, M|89\/100\n|turn|12\n|\n|t:|1698800493\n|move|p2a: Dragonite|Extreme Speed|p1a: Braviary\n|-damage|p1a: Braviary|34\/100\n|move|p1a: Braviary|Defog|p2a: Dragonite\n|-unboost|p2a: Dragonite|evasion|1\n|-sideend|p1: Haymaker92|Toxic Spikes|[from] move: Defog|[of] p1a: Braviary\n|\n|upkeep\n|turn|13\n|\n|t:|1698800511\n|switch|p1a: Orthworm|Orthworm, M|59\/100\n|switch|p2a: Ditto|Ditto|100\/100\n|-transform|p2a: Ditto|p1a: Orthworm|[from] ability: Imposter\n|\n|upkeep\n|turn|14\n|j| The Black Dog\n|\n|t:|1698800532\n|move|p2a: Ditto|Shed Tail|p2a: Ditto\n|-start|p2a: Ditto|Substitute|[from] move: Shed Tail\n|-damage|p2a: Ditto|50\/100\n|\n|t:|1698800536\n|switch|p2a: Volcarona|Volcarona, M|100\/100|[from] Shed Tail\n|move|p1a: Orthworm|Shed Tail|p1a: Orthworm\n|-start|p1a: Orthworm|Substitute|[from] move: Shed Tail\n|-damage|p1a: Orthworm|9\/100\n|\n|t:|1698800543\n|switch|p1a: Ursaluna|Ursaluna, M|100\/100|[from] Shed Tail\n|\n|-status|p1a: Ursaluna|brn|[from] item: Flame Orb\n|upkeep\n|turn|15\n|\n|t:|1698800551\n|move|p2a: Volcarona|Quiver Dance|p2a: Volcarona\n|-boost|p2a: Volcarona|spa|1\n|-boost|p2a: Volcarona|spd|1\n|-boost|p2a: Volcarona|spe|1\n|move|p1a: Ursaluna|Facade|p2a: Volcarona\n|-crit|p2a: Volcarona\n|-end|p2a: Volcarona|Substitute\n|\n|-damage|p1a: Ursaluna|94\/100 brn|[from] brn\n|upkeep\n|turn|16\n|\n|t:|1698800564\n|move|p2a: Volcarona|Giga Drain|p1a: Ursaluna\n|-supereffective|p1a: Ursaluna\n|-end|p1a: Ursaluna|Substitute\n|move|p1a: Ursaluna|Facade|p2a: Volcarona\n|-damage|p2a: Volcarona|0 fnt\n|faint|p2a: Volcarona\n|\n|-damage|p1a: Ursaluna|88\/100 brn|[from] brn\n|upkeep\n|\n|t:|1698800578\n|switch|p2a: Bisharp|Bisharp, M, tera:Flying|100\/100\n|-ability|p2a: Bisharp|Pressure\n|turn|17\n|\n|t:|1698800643\n|move|p2a: Bisharp|Swords Dance|p2a: Bisharp\n|-boost|p2a: Bisharp|atk|2\n|move|p1a: Ursaluna|Facade|p2a: Bisharp\n|-damage|p2a: Bisharp|12\/100\n|\n|-damage|p1a: Ursaluna|82\/100 brn|[from] brn\n|upkeep\n|turn|18\n|\n|t:|1698800654\n|move|p2a: Bisharp|Sucker Punch|p1a: Ursaluna\n|-crit|p1a: Ursaluna\n|-damage|p1a: Ursaluna|0 fnt\n|faint|p1a: Ursaluna\n|\n|upkeep\n|\n|t:|1698800676\n|switch|p1a: Iron Valiant|Iron Valiant|100\/100\n|-enditem|p1a: Iron Valiant|Booster Energy\n|-activate|p1a: Iron Valiant|ability: Quark Drive|[fromitem]\n|-start|p1a: Iron Valiant|quarkdrivespe\n|turn|19\n|\n|t:|1698800681\n|move|p1a: Iron Valiant|Moonblast|p2a: Bisharp\n|-damage|p2a: Bisharp|0 fnt\n|faint|p2a: Bisharp\n|\n|upkeep\n|\n|t:|1698800683\n|switch|p2a: Ditto|Ditto|50\/100\n|-transform|p2a: Ditto|p1a: Iron Valiant|[from] ability: Imposter\n|turn|20\n|\n|t:|1698800687\n|move|p2a: Ditto|Moonblast|p1a: Iron Valiant\n|-supereffective|p1a: Iron Valiant\n|-damage|p1a: Iron Valiant|0 fnt\n|faint|p1a: Iron Valiant\n|-end|p1a: Iron Valiant|Quark Drive|[silent]\n|\n|upkeep\n|\n|t:|1698800691\n|switch|p1a: Rotom|Rotom-Heat|100\/100\n|turn|21\n|\n|t:|1698800709\n|-end|p2a: Ditto|Quark Drive|[silent]\n|switch|p2a: Scream Tail|Scream Tail|100\/100\n|move|p1a: Rotom|Thunderbolt|p2a: Scream Tail\n|-damage|p2a: Scream Tail|71\/100\n|\n|-heal|p2a: Scream Tail|77\/100|[from] item: Leftovers\n|upkeep\n|turn|22\n|\n|t:|1698800716\n|switch|p1a: Orthworm|Orthworm, M|9\/100\n|move|p2a: Scream Tail|Wish|p2a: Scream Tail\n|\n|-heal|p2a: Scream Tail|83\/100|[from] item: Leftovers\n|upkeep\n|turn|23\n|\n|t:|1698800724\n|-end|p2a: Scream Tail|Protosynthesis|[silent]\n|switch|p2a: Ditto|Ditto|50\/100\n|-transform|p2a: Ditto|p1a: Orthworm|[from] ability: Imposter\n|move|p1a: Orthworm|Stealth Rock|p2a: Ditto\n|-sidestart|p2: seanbonjoviii|move: Stealth Rock\n|\n|-heal|p2a: Ditto|100\/100|[from] move: Wish|[wisher] Scream Tail\n|upkeep\n|turn|24\n|\n|t:|1698800733\n|move|p2a: Ditto|Shed Tail|p2a: Ditto\n|-start|p2a: Ditto|Substitute|[from] move: Shed Tail\n|-damage|p2a: Ditto|50\/100\n|\n|t:|1698800745\n|switch|p2a: Dragonite|Dragonite, F|48\/100|[from] Shed Tail\n|-damage|p2a: Dragonite|23\/100|[from] Stealth Rock\n|move|p1a: Orthworm|Rock Slide|p2a: Dragonite\n|-supereffective|p2a: Dragonite\n|-end|p2a: Dragonite|Substitute\n|\n|upkeep\n|turn|25\n|\n|t:|1698800752\n|move|p2a: Dragonite|Aqua Jet|p1a: Orthworm\n|-damage|p1a: Orthworm|0 fnt\n|faint|p1a: Orthworm\n|\n|upkeep\n|\n|t:|1698800757\n|switch|p1a: Rotom|Rotom-Heat|100\/100\n|turn|26\n|\n|t:|1698800762\n|switch|p2a: Scream Tail|Scream Tail|83\/100\n|-damage|p2a: Scream Tail|71\/100|[from] Stealth Rock\n|move|p1a: Rotom|Thunderbolt|p2a: Scream Tail\n|-damage|p2a: Scream Tail|43\/100\n|\n|-heal|p2a: Scream Tail|49\/100|[from] item: Leftovers\n|upkeep\n|turn|27\n|\n|t:|1698800766\n|move|p1a: Rotom|Thunderbolt|p2a: Scream Tail\n|-damage|p2a: Scream Tail|21\/100\n|move|p2a: Scream Tail|Wish|p2a: Scream Tail\n|\n|-heal|p2a: Scream Tail|27\/100|[from] item: Leftovers\n|upkeep\n|turn|28\n|\n|t:|1698800769\n|move|p2a: Scream Tail|Protect|p2a: Scream Tail\n|-singleturn|p2a: Scream Tail|Protect\n|move|p1a: Rotom|Thunderbolt|p2a: Scream Tail\n|-activate|p2a: Scream Tail|move: Protect\n|\n|-heal|p2a: Scream Tail|77\/100|[from] move: Wish|[wisher] Scream Tail\n|-heal|p2a: Scream Tail|83\/100|[from] item: Leftovers\n|upkeep\n|turn|29\n|\n|t:|1698800779\n|move|p1a: Rotom|Thunderbolt|p2a: Scream Tail\n|-damage|p2a: Scream Tail|55\/100\n|move|p2a: Scream Tail|Wish|p2a: Scream Tail\n|\n|-heal|p2a: Scream Tail|62\/100|[from] item: Leftovers\n|upkeep\n|turn|30\n|\n|t:|1698800783\n|switch|p1a: Braviary|Braviary, M|34\/100\n|move|p2a: Scream Tail|Encore||[still]\n|-fail|p2a: Scream Tail\n|\n|-heal|p2a: Scream Tail|100\/100|[from] move: Wish|[wisher] Scream Tail\n|upkeep\n|turn|31\n|\n|t:|1698800792\n|move|p2a: Scream Tail|Thunder Wave|p1a: Braviary\n|-status|p1a: Braviary|par\n|move|p1a: Braviary|Brave Bird|p2a: Scream Tail\n|-crit|p2a: Scream Tail\n|-damage|p2a: Scream Tail|31\/100\n|-damage|p1a: Braviary|5\/100 par|[from] Recoil\n|\n|-heal|p2a: Scream Tail|38\/100|[from] item: Leftovers\n|upkeep\n|turn|32\n|\n|t:|1698800802\n|move|p2a: Scream Tail|Protect|p2a: Scream Tail\n|-singleturn|p2a: Scream Tail|Protect\n|move|p1a: Braviary|Brave Bird|p2a: Scream Tail\n|-activate|p2a: Scream Tail|move: Protect\n|\n|-heal|p2a: Scream Tail|44\/100|[from] item: Leftovers\n|upkeep\n|turn|33\n|\n|t:|1698800806\n|move|p2a: Scream Tail|Wish|p2a: Scream Tail\n|move|p1a: Braviary|Brave Bird|p2a: Scream Tail\n|-damage|p2a: Scream Tail|0 fnt\n|faint|p2a: Scream Tail\n|-end|p2a: Scream Tail|Protosynthesis|[silent]\n|-damage|p1a: Braviary|0 fnt|[from] Recoil\n|faint|p1a: Braviary\n|\n|upkeep\n|\n|t:|1698800811\n|switch|p2a: Dragonite|Dragonite, F|23\/100\n|switch|p1a: Rotom|Rotom-Heat|100\/100\n|-damage|p2a: Dragonite|0 fnt|[from] Stealth Rock\n|faint|p2a: Dragonite\n|\n|t:|1698800812\n|switch|p2a: Ditto|Ditto|50\/100\n|-damage|p2a: Ditto|38\/100|[from] Stealth Rock\n|-transform|p2a: Ditto|p1a: Rotom|[from] ability: Imposter\n|turn|34\n|\n|t:|1698800818\n|move|p1a: Rotom|Thunderbolt|p2a: Ditto\n|-resisted|p2a: Ditto\n|-damage|p2a: Ditto|17\/100\n|move|p2a: Ditto|Thunderbolt|p1a: Rotom\n|-resisted|p1a: Rotom\n|-damage|p1a: Rotom|71\/100\n|\n|-heal|p2a: Ditto|89\/100|[from] move: Wish|[wisher] Scream Tail\n|upkeep\n|turn|35\n|\n|t:|1698800824\n|move|p1a: Rotom|Thunderbolt|p2a: Ditto\n|-resisted|p2a: Ditto\n|-damage|p2a: Ditto|66\/100\n|move|p2a: Ditto|Thunderbolt|p1a: Rotom\n|-resisted|p1a: Rotom\n|-damage|p1a: Rotom|45\/100\n|\n|upkeep\n|turn|36\n|\n|t:|1698800830\n|move|p1a: Rotom|Thunderbolt|p2a: Ditto\n|-resisted|p2a: Ditto\n|-damage|p2a: Ditto|43\/100\n|move|p2a: Ditto|Thunderbolt|p1a: Rotom\n|-resisted|p1a: Rotom\n|-damage|p1a: Rotom|16\/100\n|\n|upkeep\n|turn|37\n|\n|t:|1698800835\n|move|p1a: Rotom|Thunderbolt|p2a: Ditto\n|-resisted|p2a: Ditto\n|-damage|p2a: Ditto|21\/100\n|move|p2a: Ditto|Thunderbolt|p1a: Rotom\n|-resisted|p1a: Rotom\n|-damage|p1a: Rotom|0 fnt\n|faint|p1a: Rotom\n|\n|win|seanbonjoviii\n|c|\u2606Haymaker92|ggs\n|c|\u2606seanbonjoviii|gg\n","uploadtime":1698800845,"views":16,"p1id":"haymaker92","p2id":"seanbonjoviii","formatid":"gen9ubers","rating":0,"private":0,"password":""}