{"id":"gen9ubers-1986036348","p1":"hounds of fate","p2":"Primordiallite","format":"[Gen 9] Ubers","log":"|j|\u2606hounds of fate\n|j|\u2606Primordiallite\n|inactive|Battle timer is ON: inactive players will automatically lose when time's up.\n|t:|1699442032\n|gametype|singles\n|player|p1|hounds of fate|alec-anime|\n|player|p2|Primordiallite|kimonogirl|\n|teamsize|p1|6\n|teamsize|p2|6\n|gen|9\n|tier|[Gen 9] Ubers\n|rated|Tournament battle\n|rule|Sleep Clause Mod: Limit one foe put to sleep\n|rule|Species Clause: Limit one of each Pok\u00e9mon\n|rule|OHKO Clause: OHKO moves are banned\n|rule|Evasion Items Clause: Evasion items are banned\n|rule|Evasion Moves Clause: Evasion moves are banned\n|rule|Endless Battle Clause: Forcing endless battles is banned\n|rule|HP Percentage Mod: HP is shown in percentages\n|clearpoke\n|poke|p1|Koraidon|\n|poke|p1|Alomomola, F|\n|poke|p1|Chi-Yu|\n|poke|p1|Dondozo, F|\n|poke|p1|Corviknight, F|\n|poke|p1|Blissey, F|\n|poke|p2|Toxapex, F|\n|poke|p2|Clodsire, F|\n|poke|p2|Koraidon|\n|poke|p2|Giratina-Origin|\n|poke|p2|Dondozo, M|\n|poke|p2|Blissey, F|\n|teampreview\n|j|*Lady Monita \u263d\n|inactive|hounds of fate also wants the timer to be on.\n|j| pokoh975\n|c|\u2606hounds of fate|HAHAHA\n|j| laprasplayer\n|c|\u2606hounds of fate|>:3\n|c|\u2606Primordiallite|Ok...\n|c|\u2606hounds of fate|told you id cook\n|c|\u2606hounds of fate|:>\n|inactive|hounds of fate has 120 seconds left.\n|inactive|Primordiallite has 120 seconds left.\n|inactive|Primordiallite has 90 seconds left.\n|j| Bofao\n|inactive|Primordiallite has 60 seconds left.\n|\n|t:|1699442124\n|start\n|switch|p1a: Alomomola|Alomomola, F, shiny|100\/100\n|switch|p2a: poxatex|Toxapex, F|100\/100\n|turn|1\n|\n|t:|1699442137\n|switch|p1a: Koraidon|Koraidon|100\/100\n|-weather|SunnyDay|[from] ability: Orichalcum Pulse|[of] p1a: Koraidon\n|-activate|p1a: Koraidon|Orichalcum Pulse|[source]\n|move|p2a: poxatex|Baneful Bunker||[still]\n|-fail|p2a: poxatex\n|\n|-weather|SunnyDay|[upkeep]\n|upkeep\n|turn|2\n|\n|t:|1699442142\n|switch|p1a: Chi-Yu|Chi-Yu|100\/100\n|-ability|p1a: Chi-Yu|Beads of Ruin\n|switch|p2a: Egg|Blissey, F|100\/100\n|\n|-weather|SunnyDay|[upkeep]\n|upkeep\n|turn|3\n|\n|t:|1699442148\n|-terastallize|p1a: Chi-Yu|Fire\n|-terastallize|p2a: Egg|Water\n|move|p1a: Chi-Yu|Overheat|p2a: Egg\n|-resisted|p2a: Egg\n|-damage|p2a: Egg|56\/100\n|-unboost|p1a: Chi-Yu|spa|2\n|move|p2a: Egg|Seismic Toss|p1a: Chi-Yu\n|-damage|p1a: Chi-Yu|61\/100\n|\n|-weather|SunnyDay|[upkeep]\n|upkeep\n|turn|4\n|c|\u2606hounds of fate|EW\n|c|\u2606hounds of fate|;-;\n|c|\u2606Primordiallite|LOL\n|\n|t:|1699442167\n|switch|p1a: Alomomola|Alomomola, F, shiny|100\/100\n|move|p2a: Egg|Soft-Boiled|p2a: Egg\n|-heal|p2a: Egg|100\/100\n|\n|-weather|SunnyDay|[upkeep]\n|upkeep\n|turn|5\n|\n|t:|1699442176\n|move|p2a: Egg|Seismic Toss|p1a: Alomomola\n|-damage|p1a: Alomomola|82\/100\n|move|p1a: Alomomola|Wish|p1a: Alomomola\n|\n|-weather|none\n|upkeep\n|turn|6\n|l| Bofao\n|c|\u2606hounds of fate|time to dark pulse flinch hax :thumbsupkitty:\n|\n|t:|1699442196\n|switch|p2a: boraimon|Koraidon|100\/100\n|-weather|SunnyDay|[from] ability: Orichalcum Pulse|[of] p2a: boraimon\n|-activate|p2a: boraimon|Orichalcum Pulse|[source]\n|move|p1a: Alomomola|Flip Turn|p2a: boraimon\n|-resisted|p2a: boraimon\n|-damage|p2a: boraimon|97\/100\n|\n|t:|1699442207\n|switch|p1a: Koraidon|Koraidon|100\/100|[from] Flip Turn\n|-activate|p1a: Koraidon|ability: Orichalcum Pulse\n|\n|-weather|SunnyDay|[upkeep]\n|upkeep\n|turn|7\n|\n|t:|1699442225\n|switch|p2a: poxatex|Toxapex, F|100\/100\n|move|p1a: Koraidon|U-turn|p2a: poxatex\n|-resisted|p2a: poxatex\n|-damage|p2a: poxatex|90\/100\n|\n|t:|1699442228\n|switch|p1a: Chi-Yu|Chi-Yu, tera:Fire|61\/100|[from] U-turn\n|-ability|p1a: Chi-Yu|Beads of Ruin\n|\n|-weather|SunnyDay|[upkeep]\n|upkeep\n|turn|8\n|\n|t:|1699442239\n|move|p2a: poxatex|Baneful Bunker|p2a: poxatex\n|-singleturn|p2a: poxatex|move: Protect\n|move|p1a: Chi-Yu|Dark Pulse|p2a: poxatex\n|-activate|p2a: poxatex|move: Protect\n|\n|-weather|SunnyDay|[upkeep]\n|upkeep\n|turn|9\n|\n|t:|1699442248\n|switch|p2a: bleb|Clodsire, F|100\/100\n|move|p1a: Chi-Yu|Dark Pulse|p2a: bleb\n|-damage|p2a: bleb|53\/100\n|\n|-weather|SunnyDay|[upkeep]\n|-heal|p2a: bleb|60\/100|[from] item: Leftovers\n|upkeep\n|turn|10\n|\n|t:|1699442258\n|switch|p1a: Corviknight|Corviknight, F, shiny|100\/100\n|-ability|p1a: Corviknight|Pressure\n|move|p2a: bleb|Recover|p2a: bleb\n|-heal|p2a: bleb|100\/100\n|\n|-weather|none\n|upkeep\n|turn|11\n|\n|t:|1699442264\n|move|p1a: Corviknight|U-turn|p2a: bleb\n|-resisted|p2a: bleb\n|-damage|p2a: bleb|93\/100\n|\n|t:|1699442269\n|switch|p1a: Alomomola|Alomomola, F, shiny|100\/100|[from] U-turn\n|move|p2a: bleb|Stealth Rock|p1a: Alomomola\n|-sidestart|p1: hounds of fate|move: Stealth Rock\n|\n|-heal|p2a: bleb|99\/100|[from] item: Leftovers\n|upkeep\n|turn|12\n|\n|t:|1699442279\n|move|p1a: Alomomola|Wish|p1a: Alomomola\n|move|p2a: bleb|Poison Jab|p1a: Alomomola\n|-damage|p1a: Alomomola|88\/100\n|\n|-heal|p2a: bleb|100\/100|[from] item: Leftovers\n|upkeep\n|turn|13\n|\n|t:|1699442286\n|move|p1a: Alomomola|Flip Turn|p2a: bleb\n|-supereffective|p2a: bleb\n|-damage|p2a: bleb|64\/100\n|\n|t:|1699442290\n|switch|p1a: Chi-Yu|Chi-Yu, tera:Fire|61\/100|[from] Flip Turn\n|-damage|p1a: Chi-Yu|36\/100|[from] Stealth Rock\n|-ability|p1a: Chi-Yu|Beads of Ruin\n|move|p2a: bleb|Poison Jab|p1a: Chi-Yu\n|-damage|p1a: Chi-Yu|3\/100\n|-status|p1a: Chi-Yu|psn\n|\n|-heal|p1a: Chi-Yu|100\/100 psn|[from] move: Wish|[wisher] Alomomola\n|-heal|p2a: bleb|70\/100|[from] item: Leftovers\n|-damage|p1a: Chi-Yu|88\/100 psn|[from] psn\n|upkeep\n|turn|14\n|c|\u2606hounds of fate|;-;\n|\n|t:|1699442301\n|switch|p1a: Blissey|Blissey, F, shiny|100\/100\n|switch|p2a: Egg|Blissey, F, tera:Water|100\/100\n|\n|upkeep\n|turn|15\n|c|\u2606hounds of fate|omfg i forgot to put heal bell\n|c|\u2606hounds of fate|skill\n|\n|t:|1699442320\n|switch|p2a: boraimon|Koraidon|97\/100\n|-weather|SunnyDay|[from] ability: Orichalcum Pulse|[of] p2a: boraimon\n|-activate|p2a: boraimon|Orichalcum Pulse|[source]\n|switch|p1a: Alomomola|Alomomola, F, shiny|100\/100\n|\n|-weather|SunnyDay|[upkeep]\n|upkeep\n|turn|16\n|c|\u2606hounds of fate|nice try >:3\n|\n|t:|1699442334\n|switch|p2a: pleb|Giratina-Origin|100\/100\n|move|p1a: Alomomola|Protect||[still]\n|-fail|p1a: Alomomola\n|\n|-weather|SunnyDay|[upkeep]\n|upkeep\n|turn|17\n|c| laprasplayer|what happened to toxapex nickname\n|\n|t:|1699442340\n|move|p2a: pleb|Will-O-Wisp|p1a: Alomomola\n|-status|p1a: Alomomola|brn\n|move|p1a: Alomomola|Flip Turn|p2a: pleb\n|-resisted|p2a: pleb\n|-damage|p2a: pleb|99\/100\n|\n|t:|1699442343\n|switch|p1a: Chi-Yu|Chi-Yu, tera:Fire|88\/100 psn|[from] Flip Turn\n|-damage|p1a: Chi-Yu|63\/100 psn|[from] Stealth Rock\n|-ability|p1a: Chi-Yu|Beads of Ruin\n|\n|-weather|SunnyDay|[upkeep]\n|-damage|p1a: Chi-Yu|50\/100 psn|[from] psn\n|upkeep\n|turn|18\n|c|\u2606Primordiallite|Wdym. Poxatex\n|\n|t:|1699442360\n|switch|p2a: Egg|Blissey, F, tera:Water|100\/100\n|move|p1a: Chi-Yu|Flamethrower|p2a: Egg\n|-resisted|p2a: Egg\n|-damage|p2a: Egg|70\/100\n|\n|-weather|SunnyDay|[upkeep]\n|-damage|p1a: Chi-Yu|38\/100 psn|[from] psn\n|upkeep\n|turn|19\n|c|\u2606hounds of fate|:gengarsob:\n|\n|t:|1699442383\n|switch|p1a: Alomomola|Alomomola, F, shiny|100\/100 brn\n|switch|p2a: boraimon|Koraidon|97\/100\n|-activate|p2a: boraimon|ability: Orichalcum Pulse\n|\n|-weather|none\n|-damage|p1a: Alomomola|94\/100 brn|[from] brn\n|upkeep\n|turn|20\n|\n|t:|1699442395\n|switch|p2a: bonchozo|Dondozo, M|100\/100\n|move|p1a: Alomomola|Play Rough|p2a: bonchozo\n|-damage|p2a: bonchozo|97\/100\n|\n|-damage|p1a: Alomomola|88\/100 brn|[from] brn\n|upkeep\n|turn|21\n|\n|t:|1699442406\n|move|p1a: Alomomola|Wish|p1a: Alomomola\n|move|p2a: bonchozo|Body Press|p1a: Alomomola\n|-damage|p1a: Alomomola|74\/100 brn\n|\n|-damage|p1a: Alomomola|68\/100 brn|[from] brn\n|upkeep\n|turn|22\n|\n|t:|1699442412\n|switch|p1a: Koraidon|Koraidon|100\/100\n|-damage|p1a: Koraidon|94\/100|[from] Stealth Rock\n|-weather|SunnyDay|[from] ability: Orichalcum Pulse|[of] p1a: Koraidon\n|-activate|p1a: Koraidon|Orichalcum Pulse|[source]\n|move|p2a: bonchozo|Body Press|p1a: Koraidon\n|-damage|p1a: Koraidon|72\/100\n|\n|-weather|SunnyDay|[upkeep]\n|-heal|p1a: Koraidon|100\/100|[from] move: Wish|[wisher] Alomomola\n|upkeep\n|turn|23\n|\n|t:|1699442416\n|switch|p2a: poxatex|Toxapex, F|100\/100\n|move|p1a: Koraidon|Outrage|p2a: poxatex\n|-damage|p2a: poxatex|41\/100\n|\n|-weather|SunnyDay|[upkeep]\n|upkeep\n|turn|24\n|\n|t:|1699442420\n|move|p2a: poxatex|Baneful Bunker|p2a: poxatex\n|-singleturn|p2a: poxatex|move: Protect\n|move|p1a: Koraidon|Outrage|p2a: poxatex|[from]lockedmove\n|-activate|p2a: poxatex|move: Protect\n|-status|p1a: Koraidon|psn\n|\n|-weather|SunnyDay|[upkeep]\n|-damage|p1a: Koraidon|88\/100 psn|[from] psn\n|upkeep\n|turn|25\n|\n|t:|1699442425\n|switch|p2a: bonchozo|Dondozo, M|97\/100\n|move|p1a: Koraidon|Outrage|p2a: bonchozo\n|-damage|p2a: bonchozo|56\/100\n|\n|-weather|SunnyDay|[upkeep]\n|-damage|p1a: Koraidon|76\/100 psn|[from] psn\n|upkeep\n|turn|26\n|\n|t:|1699442433\n|move|p1a: Koraidon|Outrage|p2a: bonchozo|[from]lockedmove\n|-damage|p2a: bonchozo|12\/100\n|-start|p1a: Koraidon|confusion|[fatigue]\n|move|p2a: bonchozo|Rest|p2a: bonchozo\n|-status|p2a: bonchozo|slp|[from] move: Rest\n|-heal|p2a: bonchozo|100\/100 slp|[silent]\n|\n|-weather|none\n|-damage|p1a: Koraidon|64\/100 psn|[from] psn\n|upkeep\n|turn|27\n|\n|t:|1699442440\n|switch|p1a: Alomomola|Alomomola, F, shiny|100\/100 brn\n|switch|p2a: boraimon|Koraidon|97\/100\n|-weather|SunnyDay|[from] ability: Orichalcum Pulse|[of] p2a: boraimon\n|-activate|p2a: boraimon|Orichalcum Pulse|[source]\n|\n|-weather|SunnyDay|[upkeep]\n|-damage|p1a: Alomomola|94\/100 brn|[from] brn\n|upkeep\n|turn|28\n|\n|t:|1699442446\n|switch|p2a: pleb|Giratina-Origin|99\/100\n|move|p1a: Alomomola|Protect||[still]\n|-fail|p1a: Alomomola\n|\n|-weather|SunnyDay|[upkeep]\n|-damage|p1a: Alomomola|88\/100 brn|[from] brn\n|upkeep\n|turn|29\n|\n|t:|1699442451\n|switch|p1a: Blissey|Blissey, F, shiny|100\/100\n|move|p2a: pleb|Hex|p1a: Blissey\n|-immune|p1a: Blissey\n|\n|-weather|SunnyDay|[upkeep]\n|upkeep\n|turn|30\n|\n|t:|1699442455\n|switch|p2a: boraimon|Koraidon|97\/100\n|-activate|p2a: boraimon|ability: Orichalcum Pulse\n|move|p1a: Blissey|Stealth Rock|p2a: boraimon\n|-sidestart|p2: Primordiallite|move: Stealth Rock\n|\n|-weather|SunnyDay|[upkeep]\n|upkeep\n|turn|31\n|\n|t:|1699442461\n|switch|p1a: Dondozo|Dondozo, F, shiny|100\/100\n|move|p2a: boraimon|Close Combat|p1a: Dondozo\n|-damage|p1a: Dondozo|39\/100\n|-unboost|p2a: boraimon|def|1\n|-unboost|p2a: boraimon|spd|1\n|\n|-weather|none\n|upkeep\n|turn|32\n|\n|t:|1699442469\n|move|p2a: boraimon|Close Combat|p1a: Dondozo\n|-damage|p1a: Dondozo|0 fnt\n|-unboost|p2a: boraimon|def|1\n|-unboost|p2a: boraimon|spd|1\n|faint|p1a: Dondozo\n|\n|upkeep\n|\n|t:|1699442472\n|switch|p1a: Koraidon|Koraidon|64\/100 psn\n|-damage|p1a: Koraidon|57\/100 psn|[from] Stealth Rock\n|-weather|SunnyDay|[from] ability: Orichalcum Pulse|[of] p1a: Koraidon\n|-activate|p1a: Koraidon|Orichalcum Pulse|[source]\n|turn|33\n|\n|t:|1699442476\n|switch|p2a: poxatex|Toxapex, F|74\/100\n|move|p1a: Koraidon|Outrage|p2a: poxatex\n|-damage|p2a: poxatex|20\/100\n|\n|-weather|SunnyDay|[upkeep]\n|-damage|p1a: Koraidon|45\/100 psn|[from] psn\n|upkeep\n|turn|34\n|\n|t:|1699442482\n|move|p2a: poxatex|Baneful Bunker|p2a: poxatex\n|-singleturn|p2a: poxatex|move: Protect\n|move|p1a: Koraidon|Outrage|p2a: poxatex|[from]lockedmove\n|-activate|p2a: poxatex|move: Protect\n|\n|-weather|SunnyDay|[upkeep]\n|-damage|p1a: Koraidon|33\/100 psn|[from] psn\n|upkeep\n|turn|35\n|\n|t:|1699442488\n|switch|p2a: bonchozo|Dondozo, M|100\/100 slp\n|move|p1a: Koraidon|Outrage|p2a: bonchozo\n|-damage|p2a: bonchozo|62\/100 slp\n|\n|-weather|SunnyDay|[upkeep]\n|-damage|p1a: Koraidon|21\/100 psn|[from] psn\n|upkeep\n|turn|36\n|\n|t:|1699442493\n|move|p1a: Koraidon|Outrage|p2a: bonchozo|[from]lockedmove\n|-damage|p2a: bonchozo|23\/100 slp\n|-start|p1a: Koraidon|confusion|[fatigue]\n|cant|p2a: bonchozo|slp\n|move|p2a: bonchozo|Sleep Talk|p2a: bonchozo\n|move|p2a: bonchozo|Body Press|p1a: Koraidon|[from]move: Sleep Talk\n|-damage|p1a: Koraidon|0 fnt\n|faint|p1a: Koraidon\n|\n|-weather|SunnyDay|[upkeep]\n|upkeep\n|\n|t:|1699442497\n|switch|p1a: Chi-Yu|Chi-Yu, tera:Fire|38\/100 psn\n|-damage|p1a: Chi-Yu|13\/100 psn|[from] Stealth Rock\n|-ability|p1a: Chi-Yu|Beads of Ruin\n|turn|37\n|\n|t:|1699442502\n|switch|p2a: Egg|Blissey, F, tera:Water|70\/100\n|move|p1a: Chi-Yu|Overheat|p2a: Egg\n|-resisted|p2a: Egg\n|-damage|p2a: Egg|27\/100\n|-unboost|p1a: Chi-Yu|spa|2\n|\n|-weather|none\n|-damage|p1a: Chi-Yu|0 fnt|[from] psn\n|faint|p1a: Chi-Yu\n|upkeep\n|j| Normal Kid Jimmi\n|c| laprasplayer|goat\n|c|\u2606hounds of fate|:pain:\n|l| Normal Kid Jimmi\n|c|\u2606Primordiallite|Jb couldnt beat chi yu in umpl?\n|c|\u2606Primordiallite|Skill issue\n|inactive|hounds of fate has 120 seconds left.\n|c|\u2606hounds of fate|nobody uses tera water qwq\n|c| laprasplayer|did he even have tera water on blissey though\n|c| laprasplayer|ye\n|l| pokoh975\n|inactive|hounds of fate has 90 seconds left.\n|c|\u2606hounds of fate|is that a gangu stall\n|c|\u2606Primordiallite|Tera water is the best :)\n|c|\u2606Primordiallite|My team?\n|c|\u2606hounds of fate|yea\n|c|\u2606Primordiallite|No\n|c|\u2606hounds of fate|:sussycat:\n|\n|t:|1699442590\n|switch|p1a: Corviknight|Corviknight, F, shiny|100\/100\n|-damage|p1a: Corviknight|88\/100|[from] Stealth Rock\n|-ability|p1a: Corviknight|Pressure\n|turn|38\n|-message|hounds of fate forfeited.\n|\n|win|Primordiallite\n|n|\u2606hounds of fate|houndsoffate\n|n|\u2606Primordiallite|primordiallite\n|n|*Lady Monita \u263d|ladymonita\n|n| laprasplayer|laprasplayer\n|l|*Lady Monita \u263d\n|c| laprasplayer|gangu wouldn't ever run a wallbreaker on stall trust\n|c|\u2606Primordiallite|gg\n|c|\u2606Primordiallite|True\n|c|\u2606hounds of fate|gege\n|j| pokoh975\n|c|\u2606hounds of fate|why tera water qwq\n|c|\u2606hounds of fate|making youself weak to mirai is so real\n|l| pokoh975\n|l|\u2606hounds of fate\n","uploadtime":1699443055,"views":37,"p1id":"houndsoffate","p2id":"primordiallite","formatid":"gen9ubers","rating":0,"private":0,"password":""}