{"id":"gen9ubers-1973713989","p1":"HailieVictoria","p2":"curtisthecacnea","format":"[Gen 9] Ubers","log":"|j|\u2606HailieVictoria\n|j|\u2606curtisthecacnea\n|t:|1698006052\n|gametype|singles\n|player|p1|HailieVictoria|102|\n|player|p2|curtisthecacnea|veteran|\n|teamsize|p1|6\n|teamsize|p2|6\n|gen|9\n|tier|[Gen 9] Ubers\n|rule|Sleep Clause Mod: Limit one foe put to sleep\n|rule|Species Clause: Limit one of each Pok\u00e9mon\n|rule|OHKO Clause: OHKO moves are banned\n|rule|Evasion Items Clause: Evasion items are banned\n|rule|Evasion Moves Clause: Evasion moves are banned\n|rule|Endless Battle Clause: Forcing endless battles is banned\n|rule|HP Percentage Mod: HP is shown in percentages\n|clearpoke\n|poke|p1|Mamoswine, M|\n|poke|p1|Ogerpon-Wellspring, F|\n|poke|p1|Hydreigon, F|\n|poke|p1|Conkeldurr, F|\n|poke|p1|Moltres|\n|poke|p1|Dachsbun, M|\n|poke|p2|Cinderace, M|\n|poke|p2|Samurott-Hisui, F|\n|poke|p2|Sylveon, F|\n|poke|p2|Gholdengo|\n|poke|p2|Noivern, M|\n|poke|p2|Stonjourner, M|\n|teampreview\n|c|\u2606HailieVictoria|glgl hfhf\n|j| justinrockin\n|c|\u2606curtisthecacnea|gl hf!\n|\n|t:|1698006104\n|start\n|switch|p1a: SCP 9027-1-D|Hydreigon, F|100\/100\n|switch|p2a: Chosen One|Samurott-Hisui, F|100\/100\n|turn|1\n|j| KaoVT\n|\n|t:|1698006134\n|move|p1a: SCP 9027-1-D|Flash Cannon|p2a: Chosen One\n|-resisted|p2a: Chosen One\n|-damage|p2a: Chosen One|80\/100\n|move|p2a: Chosen One|Sacred Sword|p1a: SCP 9027-1-D\n|-supereffective|p1a: SCP 9027-1-D\n|-damage|p1a: SCP 9027-1-D|1\/100\n|\n|upkeep\n|turn|2\n|j| 319phoenix\n|j| DivogoJota\n|\n|t:|1698006195\n|switch|p1a: SCP-367|Dachsbun, M|100\/100\n|move|p2a: Chosen One|Ceaseless Edge|p1a: SCP-367\n|-resisted|p1a: SCP-367\n|-damage|p1a: SCP-367|84\/100\n|-sidestart|p1: HailieVictoria|Spikes\n|\n|-heal|p1a: SCP-367|90\/100|[from] item: Leftovers\n|upkeep\n|turn|3\n|\n|t:|1698006231\n|switch|p2a: SCP-4002-J|Gholdengo|100\/100\n|-terastallize|p1a: SCP-367|Fighting\n|move|p1a: SCP-367|Body Press|p2a: SCP-4002-J\n|-immune|p2a: SCP-4002-J\n|\n|-heal|p1a: SCP-367|96\/100|[from] item: Leftovers\n|upkeep\n|turn|4\n|c|\u2606HailieVictoria|wait\n|c|\u2606HailieVictoria|you have an SCP\n|c|\u2606HailieVictoria|WTF\n|c|\u2606curtisthecacnea|LOL yeah it was bc ur naming scheme\n|c|\u2606curtisthecacnea|I was inspired\n|c|\u2606HailieVictoria|LMAO\n|l| 319phoenix\n|c|\u2606HailieVictoria|what a g\n|\n|t:|1698006304\n|switch|p1a: SCP-659|Moltres, shiny|100\/100\n|move|p2a: SCP-4002-J|Make It Rain|p1a: SCP-659\n|-resisted|p1a: SCP-659\n|-damage|p1a: SCP-659|77\/100\n|-unboost|p2a: SCP-4002-J|spa|1\n|\n|upkeep\n|turn|5\n|\n|t:|1698006340\n|switch|p2a: Ashen One|Stonjourner, M, shiny|100\/100\n|move|p1a: SCP-659|Will-O-Wisp|p2a: Ashen One\n|-status|p2a: Ashen One|brn\n|\n|-damage|p2a: Ashen One|94\/100 brn|[from] brn\n|upkeep\n|turn|6\n|\n|t:|1698006357\n|move|p1a: SCP-659|U-turn|p2a: Ashen One\n|-damage|p2a: Ashen One|85\/100 brn\n|\n|t:|1698006372\n|switch|p1a: SCP-3352|Conkeldurr, F|100\/100|[from] U-turn\n|-damage|p1a: SCP-3352|88\/100|[from] Spikes\n|move|p2a: Ashen One|Stealth Rock|p1a: SCP-3352\n|-sidestart|p1: HailieVictoria|move: Stealth Rock\n|\n|-heal|p2a: Ashen One|91\/100 brn|[from] item: Leftovers\n|-damage|p2a: Ashen One|85\/100 brn|[from] brn\n|upkeep\n|turn|7\n|\n|t:|1698006411\n|-terastallize|p2a: Ashen One|Flying\n|move|p2a: Ashen One|Tera Blast|p1a: SCP-3352|[anim] Tera Blast Flying\n|-supereffective|p1a: SCP-3352\n|-damage|p1a: SCP-3352|53\/100\n|move|p1a: SCP-3352|Poison Jab|p2a: Ashen One\n|-damage|p2a: Ashen One|60\/100 brn\n|\n|-heal|p2a: Ashen One|66\/100 brn|[from] item: Leftovers\n|-damage|p2a: Ashen One|60\/100 brn|[from] brn\n|upkeep\n|turn|8\n|\n|t:|1698006425\n|move|p2a: Ashen One|Tera Blast|p1a: SCP-3352|[anim] Tera Blast Flying\n|-supereffective|p1a: SCP-3352\n|-damage|p1a: SCP-3352|17\/100\n|move|p1a: SCP-3352|Drain Punch|p2a: Ashen One\n|-resisted|p2a: Ashen One\n|-damage|p2a: Ashen One|47\/100 brn\n|-heal|p1a: SCP-3352|23\/100|[from] drain|[of] p2a: Ashen One\n|\n|-heal|p2a: Ashen One|53\/100 brn|[from] item: Leftovers\n|-damage|p2a: Ashen One|47\/100 brn|[from] brn\n|upkeep\n|turn|9\n|\n|t:|1698006461\n|switch|p1a: SCP-035|Ogerpon-Wellspring, F|100\/100\n|-damage|p1a: SCP-035|88\/100|[from] Spikes\n|-damage|p1a: SCP-035|76\/100|[from] Stealth Rock\n|move|p2a: Ashen One|Tera Blast|p1a: SCP-035|[anim] Tera Blast Flying\n|-supereffective|p1a: SCP-035\n|-damage|p1a: SCP-035|20\/100\n|\n|-heal|p2a: Ashen One|53\/100 brn|[from] item: Leftovers\n|-damage|p2a: Ashen One|47\/100 brn|[from] brn\n|upkeep\n|turn|10\n|\n|t:|1698006478\n|move|p1a: SCP-035|Ivy Cudgel|p2a: Ashen One\n|-damage|p2a: Ashen One|10\/100 brn\n|move|p2a: Ashen One|Tera Blast|p1a: SCP-035|[anim] Tera Blast Flying\n|-supereffective|p1a: SCP-035\n|-damage|p1a: SCP-035|0 fnt\n|faint|p1a: SCP-035\n|\n|-heal|p2a: Ashen One|17\/100 brn|[from] item: Leftovers\n|-damage|p2a: Ashen One|10\/100 brn|[from] brn\n|upkeep\n|\n|t:|1698006514\n|switch|p1a: SCP-2082|Mamoswine, M|100\/100\n|-damage|p1a: SCP-2082|88\/100|[from] Spikes\n|-damage|p1a: SCP-2082|76\/100|[from] Stealth Rock\n|turn|11\n|\n|t:|1698006540\n|move|p1a: SCP-2082|Earthquake|p2a: Ashen One\n|-immune|p2a: Ashen One\n|move|p2a: Ashen One|Stone Edge|p1a: SCP-2082\n|-damage|p1a: SCP-2082|43\/100\n|\n|-heal|p2a: Ashen One|17\/100 brn|[from] item: Leftovers\n|-damage|p2a: Ashen One|10\/100 brn|[from] brn\n|upkeep\n|turn|12\n|c|\u2606HailieVictoria|oh shit\n|c|\u2606HailieVictoria|oh fuck\n|\n|t:|1698006573\n|switch|p1a: SCP-367|Dachsbun, M, tera:Fighting|96\/100\n|-damage|p1a: SCP-367|84\/100|[from] Spikes\n|-damage|p1a: SCP-367|78\/100|[from] Stealth Rock\n|move|p2a: Ashen One|Heavy Slam|p1a: SCP-367\n|-damage|p1a: SCP-367|64\/100\n|\n|-heal|p1a: SCP-367|70\/100|[from] item: Leftovers\n|-heal|p2a: Ashen One|17\/100 brn|[from] item: Leftovers\n|-damage|p2a: Ashen One|10\/100 brn|[from] brn\n|upkeep\n|turn|13\n|\n|t:|1698006585\n|switch|p2a: SCP-4002-J|Gholdengo|100\/100\n|move|p1a: SCP-367|Body Press|p2a: SCP-4002-J\n|-immune|p2a: SCP-4002-J\n|\n|-heal|p1a: SCP-367|76\/100|[from] item: Leftovers\n|upkeep\n|turn|14\n|c| justinrockin|i hate winning too hailie its chill\n|\n|t:|1698006600\n|switch|p1a: SCP-659|Moltres, shiny|77\/100\n|move|p2a: SCP-4002-J|Shadow Ball|p1a: SCP-659\n|-damage|p1a: SCP-659|46\/100\n|\n|upkeep\n|turn|15\n|c| DivogoJota|Justin delivering bangers in the room chats today\n|c|\u2606HailieVictoria|shut up justin\n|c|\u2606HailieVictoria|im just dumb\n|\n|t:|1698006621\n|switch|p2a: Ashen One|Stonjourner, M, shiny, tera:Flying|10\/100 brn\n|move|p1a: SCP-659|Roost|p1a: SCP-659\n|-heal|p1a: SCP-659|96\/100\n|-singleturn|p1a: SCP-659|move: Roost\n|\n|-heal|p2a: Ashen One|17\/100 brn|[from] item: Leftovers\n|-damage|p2a: Ashen One|10\/100 brn|[from] brn\n|upkeep\n|turn|16\n|c| justinrockin|its not even that bad trust\n|\n|t:|1698006638\n|move|p1a: SCP-659|U-turn|p2a: Ashen One\n|-resisted|p2a: Ashen One\n|-crit|p2a: Ashen One\n|-damage|p2a: Ashen One|3\/100 brn\n|\n|t:|1698006648\n|switch|p1a: SCP-367|Dachsbun, M, tera:Fighting|76\/100|[from] U-turn\n|-damage|p1a: SCP-367|64\/100|[from] Spikes\n|-damage|p1a: SCP-367|58\/100|[from] Stealth Rock\n|move|p2a: Ashen One|Stone Edge|p1a: SCP-367\n|-resisted|p1a: SCP-367\n|-damage|p1a: SCP-367|49\/100\n|\n|-heal|p1a: SCP-367|55\/100|[from] item: Leftovers\n|-heal|p2a: Ashen One|10\/100 brn|[from] item: Leftovers\n|-damage|p2a: Ashen One|3\/100 brn|[from] brn\n|upkeep\n|turn|17\n|\n|t:|1698006666\n|switch|p2a: SCP-4002-J|Gholdengo|100\/100\n|move|p1a: SCP-367|Body Press|p2a: SCP-4002-J\n|-immune|p2a: SCP-4002-J\n|\n|-heal|p1a: SCP-367|61\/100|[from] item: Leftovers\n|upkeep\n|turn|18\n|\n|t:|1698006706\n|move|p2a: SCP-4002-J|Shadow Ball|p1a: SCP-367\n|-damage|p1a: SCP-367|4\/100\n|move|p1a: SCP-367|Wish|p1a: SCP-367\n|\n|-heal|p1a: SCP-367|10\/100|[from] item: Leftovers\n|upkeep\n|turn|19\n|\n|t:|1698006716\n|move|p1a: SCP-367|Protect|p1a: SCP-367\n|-singleturn|p1a: SCP-367|Protect\n|move|p2a: SCP-4002-J|Shadow Ball|p1a: SCP-367\n|-activate|p1a: SCP-367|move: Protect\n|\n|-heal|p1a: SCP-367|60\/100|[from] move: Wish|[wisher] SCP-367\n|-heal|p1a: SCP-367|66\/100|[from] item: Leftovers\n|upkeep\n|turn|20\n|\n|t:|1698006737\n|move|p2a: SCP-4002-J|Shadow Ball|p1a: SCP-367\n|-damage|p1a: SCP-367|9\/100\n|-unboost|p1a: SCP-367|spd|1\n|move|p1a: SCP-367|Wish|p1a: SCP-367\n|\n|-heal|p1a: SCP-367|15\/100|[from] item: Leftovers\n|upkeep\n|turn|21\n|\n|t:|1698006759\n|move|p1a: SCP-367|Protect|p1a: SCP-367\n|-singleturn|p1a: SCP-367|Protect\n|move|p2a: SCP-4002-J|Shadow Ball|p1a: SCP-367\n|-activate|p1a: SCP-367|move: Protect\n|\n|-heal|p1a: SCP-367|65\/100|[from] move: Wish|[wisher] SCP-367\n|-heal|p1a: SCP-367|71\/100|[from] item: Leftovers\n|upkeep\n|turn|22\n|\n|t:|1698006774\n|move|p2a: SCP-4002-J|Shadow Ball|p1a: SCP-367\n|-damage|p1a: SCP-367|0 fnt\n|faint|p1a: SCP-367\n|\n|upkeep\n|\n|t:|1698006783\n|switch|p1a: SCP-659|Moltres, shiny|96\/100\n|turn|23\n|\n|t:|1698006790\n|switch|p2a: Ashen One|Stonjourner, M, shiny, tera:Flying|3\/100 brn\n|move|p1a: SCP-659|Flamethrower|p2a: Ashen One\n|-damage|p2a: Ashen One|0 fnt\n|faint|p2a: Ashen One\n|\n|upkeep\n|c|\u2606HailieVictoria|IM NOT GETTING 6-0'D\n|c|\u2606HailieVictoria|LETS GO\n|\n|t:|1698006809\n|switch|p2a: Chosen One|Samurott-Hisui, F|80\/100\n|turn|24\n|c| DivogoJota|Making the difficult decision to give up the 6-0 in order to make the smartest play\n|c| DivogoJota|Respect\n|c|\u2606HailieVictoria|idk what the smartest play is\n|j| iceberg149\n|c|\u2606HailieVictoria|so\n|\n|t:|1698006838\n|switch|p1a: SCP-2082|Mamoswine, M|43\/100\n|-damage|p1a: SCP-2082|30\/100|[from] Spikes\n|-damage|p1a: SCP-2082|18\/100|[from] Stealth Rock\n|move|p2a: Chosen One|Razor Shell|p1a: SCP-2082\n|-supereffective|p1a: SCP-2082\n|-damage|p1a: SCP-2082|0 fnt\n|faint|p1a: SCP-2082\n|\n|upkeep\n|c| DivogoJota|just whatever you are doing\n|c| DivogoJota|but the opposite half the time\n|c| DivogoJota|But only half\n|c|\u2606HailieVictoria|:(\n|\n|t:|1698006860\n|switch|p1a: SCP 9027-1-D|Hydreigon, F|1\/100\n|-damage|p1a: SCP 9027-1-D|0 fnt|[from] Stealth Rock\n|faint|p1a: SCP 9027-1-D\n|\n|t:|1698006865\n|switch|p1a: SCP-3352|Conkeldurr, F|23\/100\n|-damage|p1a: SCP-3352|10\/100|[from] Spikes\n|-damage|p1a: SCP-3352|4\/100|[from] Stealth Rock\n|turn|25\n|\n|t:|1698006875\n|move|p2a: Chosen One|Aqua Jet|p1a: SCP-3352\n|-damage|p1a: SCP-3352|0 fnt\n|faint|p1a: SCP-3352\n|\n|upkeep\n|\n|t:|1698006879\n|switch|p1a: SCP-659|Moltres, shiny|96\/100\n|turn|26\n|\n|t:|1698006891\n|move|p1a: SCP-659|U-turn|p2a: Chosen One\n|-supereffective|p2a: Chosen One\n|-damage|p2a: Chosen One|52\/100\n|move|p2a: Chosen One|Razor Shell|p1a: SCP-659\n|-supereffective|p1a: SCP-659\n|-damage|p1a: SCP-659|0 fnt\n|faint|p1a: SCP-659\n|\n|win|curtisthecacnea\n|c| DivogoJota|gg\n|c|\u2606HailieVictoria|gg\n|c|\u2606curtisthecacnea|gg\n|l| justinrockin\n|c|\u2606curtisthecacnea|the battle of all time\n|c|\u2606HailieVictoria|so true bestie\n|l| iceberg149\n|l|\u2606HailieVictoria\n|c|\u2606curtisthecacnea|gl hf with all ur other matches\n","uploadtime":1698006902,"views":21,"p1id":"hailievictoria","p2id":"curtisthecacnea","formatid":"gen9ubers","rating":0,"private":0,"password":""}