{"id":"gen9ubers-1984291415","p1":"pkfire fx","p2":"TBalpha22","format":"[Gen 9] Ubers","log":"|j|\u2606pkfire fx\n|j|\u2606TBalpha22\n|t:|1699239733\n|gametype|singles\n|player|p1|pkfire fx|170|\n|player|p2|TBalpha22|juggler|\n|teamsize|p1|6\n|teamsize|p2|6\n|gen|9\n|tier|[Gen 9] Ubers\n|rule|Sleep Clause Mod: Limit one foe put to sleep\n|rule|Species Clause: Limit one of each Pok\u00e9mon\n|rule|OHKO Clause: OHKO moves are banned\n|rule|Evasion Items Clause: Evasion items are banned\n|rule|Evasion Moves Clause: Evasion moves are banned\n|rule|Endless Battle Clause: Forcing endless battles is banned\n|rule|HP Percentage Mod: HP is shown in percentages\n|clearpoke\n|poke|p1|Masquerain, M|\n|poke|p1|Shaymin-Sky|\n|poke|p1|Zacian-*|\n|poke|p1|Palafin, F|\n|poke|p1|Roaring Moon|\n|poke|p1|Gholdengo|\n|poke|p2|Gliscor, F|\n|poke|p2|Blissey, F|\n|poke|p2|Zapdos|\n|poke|p2|Arceus-Dark|\n|poke|p2|Alomomola, M|\n|poke|p2|Quagsire, F|\n|teampreview\n|\n|t:|1699239788\n|start\n|switch|p1a: Gholdengo|Gholdengo|100\/100\n|switch|p2a: Zapdos|Zapdos|100\/100\n|turn|1\n|\n|t:|1699239822\n|move|p1a: Gholdengo|Shadow Ball|p2a: Zapdos\n|-damage|p2a: Zapdos|58\/100\n|move|p2a: Zapdos|Heat Wave|p1a: Gholdengo\n|-supereffective|p1a: Gholdengo\n|-damage|p1a: Gholdengo|20\/100\n|\n|-heal|p2a: Zapdos|64\/100|[from] item: Leftovers\n|upkeep\n|turn|2\n|\n|t:|1699239860\n|move|p1a: Gholdengo|Shadow Ball|p2a: Zapdos\n|-damage|p2a: Zapdos|21\/100\n|move|p2a: Zapdos|Heat Wave|p1a: Gholdengo\n|-supereffective|p1a: Gholdengo\n|-damage|p1a: Gholdengo|0 fnt\n|faint|p1a: Gholdengo\n|\n|-heal|p2a: Zapdos|28\/100|[from] item: Leftovers\n|upkeep\n|\n|t:|1699239865\n|switch|p1a: Shaymin|Shaymin-Sky|100\/100\n|turn|3\n|\n|t:|1699239873\n|move|p2a: Zapdos|Protect|p2a: Zapdos\n|-singleturn|p2a: Zapdos|Protect\n|move|p1a: Shaymin|Air Slash|p2a: Zapdos\n|-activate|p2a: Zapdos|move: Protect\n|\n|-heal|p2a: Zapdos|34\/100|[from] item: Leftovers\n|upkeep\n|turn|4\n|\n|t:|1699239897\n|move|p1a: Shaymin|Air Slash|p2a: Zapdos\n|-resisted|p2a: Zapdos\n|-damage|p2a: Zapdos|12\/100\n|move|p2a: Zapdos|Volt Switch|p1a: Shaymin\n|-damage|p1a: Shaymin|52\/100\n|\n|t:|1699239902\n|switch|p2a: Blissey|Blissey, F|100\/100|[from] Volt Switch\n|\n|upkeep\n|turn|5\n|\n|t:|1699239910\n|move|p1a: Shaymin|Substitute|p1a: Shaymin\n|-start|p1a: Shaymin|Substitute\n|-damage|p1a: Shaymin|27\/100\n|move|p2a: Blissey|Thunder Wave||[still]\n|-fail|p2a: Blissey\n|\n|upkeep\n|turn|6\n|\n|t:|1699239914\n|move|p1a: Shaymin|Seed Flare|p2a: Blissey\n|-damage|p2a: Blissey|79\/100\n|move|p2a: Blissey|Seismic Toss|p1a: Shaymin\n|-end|p1a: Shaymin|Substitute\n|\n|-heal|p2a: Blissey|86\/100|[from] item: Leftovers\n|upkeep\n|turn|7\n|\n|t:|1699239923\n|switch|p1a: Masquerain|Masquerain, M|100\/100\n|-ability|p1a: Masquerain|Intimidate|boost\n|-unboost|p2a: Blissey|atk|1\n|move|p2a: Blissey|Seismic Toss|p1a: Masquerain\n|-damage|p1a: Masquerain|71\/100\n|\n|-heal|p2a: Blissey|92\/100|[from] item: Leftovers\n|upkeep\n|turn|8\n|\n|t:|1699239943\n|move|p1a: Masquerain|Stun Spore|p2a: Blissey\n|-status|p2a: Blissey|par\n|move|p2a: Blissey|Stealth Rock|p1a: Masquerain\n|-sidestart|p1: pkfire fx|move: Stealth Rock\n|\n|-heal|p2a: Blissey|98\/100 par|[from] item: Leftovers\n|upkeep\n|turn|9\n|\n|t:|1699239954\n|move|p1a: Masquerain|Sticky Web|p2a: Blissey\n|-sidestart|p2: TBalpha22|move: Sticky Web\n|cant|p2a: Blissey|par\n|\n|-heal|p2a: Blissey|100\/100 par|[from] item: Leftovers\n|upkeep\n|turn|10\n|\n|t:|1699239962\n|move|p1a: Masquerain|Hurricane|p2a: Blissey\n|-damage|p2a: Blissey|86\/100 par\n|move|p2a: Blissey|Thunder Wave|p1a: Masquerain\n|-status|p1a: Masquerain|par\n|\n|-heal|p2a: Blissey|92\/100 par|[from] item: Leftovers\n|upkeep\n|turn|11\n|\n|t:|1699239969\n|move|p1a: Masquerain|Hurricane|p2a: Blissey\n|-damage|p2a: Blissey|78\/100 par\n|-start|p2a: Blissey|confusion\n|-activate|p2a: Blissey|confusion\n|move|p2a: Blissey|Seismic Toss|p1a: Masquerain\n|-damage|p1a: Masquerain|42\/100 par\n|\n|-heal|p2a: Blissey|85\/100 par|[from] item: Leftovers\n|upkeep\n|turn|12\n|\n|t:|1699239978\n|switch|p1a: Roaring Moon|Roaring Moon|100\/100\n|-damage|p1a: Roaring Moon|88\/100|[from] Stealth Rock\n|-enditem|p1a: Roaring Moon|Booster Energy\n|-activate|p1a: Roaring Moon|ability: Protosynthesis|[fromitem]\n|-start|p1a: Roaring Moon|protosynthesisatk\n|-end|p2a: Blissey|confusion\n|move|p2a: Blissey|Seismic Toss|p1a: Roaring Moon\n|-damage|p1a: Roaring Moon|60\/100\n|\n|-heal|p2a: Blissey|91\/100 par|[from] item: Leftovers\n|upkeep\n|turn|13\n|\n|t:|1699240004\n|-curestatus|p2a: Blissey|par|[from] ability: Natural Cure\n|switch|p2a: Alomomola|Alomomola, M|100\/100\n|-activate|p2a: Alomomola|move: Sticky Web\n|-unboost|p2a: Alomomola|spe|1\n|move|p1a: Roaring Moon|Dragon Dance|p1a: Roaring Moon\n|-boost|p1a: Roaring Moon|atk|1\n|-boost|p1a: Roaring Moon|spe|1\n|\n|upkeep\n|turn|14\n|\n|t:|1699240015\n|-terastallize|p2a: Alomomola|Steel\n|move|p1a: Roaring Moon|Knock Off|p2a: Alomomola\n|-damage|p2a: Alomomola|31\/100\n|-damage|p1a: Roaring Moon|43\/100|[from] item: Rocky Helmet|[of] p2a: Alomomola\n|-enditem|p2a: Alomomola|Rocky Helmet|[from] move: Knock Off|[of] p1a: Roaring Moon\n|move|p2a: Alomomola|Wish|p2a: Alomomola\n|\n|upkeep\n|turn|15\n|\n|t:|1699240028\n|move|p2a: Alomomola|Protect|p2a: Alomomola\n|-singleturn|p2a: Alomomola|Protect\n|move|p1a: Roaring Moon|Knock Off|p2a: Alomomola\n|-activate|p2a: Alomomola|move: Protect\n|\n|-heal|p2a: Alomomola|81\/100|[from] move: Wish|[wisher] Alomomola\n|upkeep\n|turn|16\n|\n|t:|1699240035\n|move|p1a: Roaring Moon|Earthquake|p2a: Alomomola\n|-supereffective|p2a: Alomomola\n|-damage|p2a: Alomomola|0 fnt\n|faint|p2a: Alomomola\n|\n|upkeep\n|\n|t:|1699240043\n|switch|p2a: Gliscor|Gliscor, F|100\/100\n|turn|17\n|j| Pajoomas!\n|\n|t:|1699240079\n|move|p2a: Gliscor|Protect|p2a: Gliscor\n|-singleturn|p2a: Gliscor|Protect\n|move|p1a: Roaring Moon|Dragon Dance|p1a: Roaring Moon\n|-boost|p1a: Roaring Moon|atk|1\n|-boost|p1a: Roaring Moon|spe|1\n|\n|-status|p2a: Gliscor|tox|[from] item: Toxic Orb\n|upkeep\n|turn|18\n|\n|t:|1699240094\n|move|p1a: Roaring Moon|Knock Off|p2a: Gliscor\n|-damage|p2a: Gliscor|0 fnt\n|-enditem|p2a: Gliscor|Toxic Orb|[from] move: Knock Off|[of] p1a: Roaring Moon\n|faint|p2a: Gliscor\n|\n|upkeep\n|\n|t:|1699240098\n|switch|p2a: Quagsire|Quagsire, F|100\/100\n|-activate|p2a: Quagsire|move: Sticky Web\n|-unboost|p2a: Quagsire|spe|1\n|turn|19\n|\n|t:|1699240104\n|move|p1a: Roaring Moon|Knock Off|p2a: Quagsire\n|-damage|p2a: Quagsire|45\/100\n|-enditem|p2a: Quagsire|Leftovers|[from] move: Knock Off|[of] p1a: Roaring Moon\n|move|p2a: Quagsire|Yawn|p1a: Roaring Moon\n|-start|p1a: Roaring Moon|move: Yawn|[of] p2a: Quagsire\n|\n|upkeep\n|turn|20\n|\n|t:|1699240141\n|-end|p1a: Roaring Moon|Protosynthesis|[silent]\n|switch|p1a: Palafin|Palafin, F|100\/100\n|-damage|p1a: Palafin|88\/100|[from] Stealth Rock\n|move|p2a: Quagsire|Spikes|p1a: Palafin\n|-sidestart|p1: pkfire fx|Spikes\n|\n|upkeep\n|turn|21\n|\n|t:|1699240148\n|move|p1a: Palafin|Flip Turn|p2a: Quagsire\n|-damage|p2a: Quagsire|22\/100\n|\n|t:|1699240163\n|detailschange|p1a: Palafin|Palafin-Hero, F\n|switch|p1a: Roaring Moon|Roaring Moon|43\/100|[from] Flip Turn\n|-damage|p1a: Roaring Moon|31\/100|[from] Stealth Rock\n|-damage|p1a: Roaring Moon|19\/100|[from] Spikes\n|move|p2a: Quagsire|Yawn|p1a: Roaring Moon\n|-start|p1a: Roaring Moon|move: Yawn|[of] p2a: Quagsire\n|\n|upkeep\n|turn|22\n|\n|t:|1699240173\n|switch|p2a: Zapdos|Zapdos|12\/100\n|move|p1a: Roaring Moon|Earthquake|p2a: Zapdos\n|-immune|p2a: Zapdos\n|\n|-heal|p2a: Zapdos|18\/100|[from] item: Leftovers\n|-end|p1a: Roaring Moon|move: Yawn|[silent]\n|-status|p1a: Roaring Moon|slp\n|upkeep\n|turn|23\n|\n|t:|1699240186\n|-end|p1a: Roaring Moon|Protosynthesis|[silent]\n|switch|p1a: Zacian|Zacian|100\/100\n|-ability|p1a: Zacian|Intrepid Sword|boost\n|-boost|p1a: Zacian|atk|1\n|move|p2a: Zapdos|Volt Switch|p1a: Zacian\n|-damage|p1a: Zacian|66\/100\n|\n|t:|1699240197\n|switch|p2a: Quagsire|Quagsire, F|22\/100|[from] Volt Switch\n|-activate|p2a: Quagsire|move: Sticky Web\n|-unboost|p2a: Quagsire|spe|1\n|\n|upkeep\n|turn|24\n|\n|t:|1699240201\n|move|p1a: Zacian|Play Rough|p2a: Quagsire\n|-damage|p2a: Quagsire|0 fnt\n|faint|p2a: Quagsire\n|\n|upkeep\n|\n|t:|1699240208\n|switch|p2a: Zapdos|Zapdos|18\/100\n|turn|25\n|\n|t:|1699240213\n|move|p2a: Zapdos|Protect|p2a: Zapdos\n|-singleturn|p2a: Zapdos|Protect\n|move|p1a: Zacian|Tera Blast|p2a: Zapdos\n|-activate|p2a: Zapdos|move: Protect\n|\n|-heal|p2a: Zapdos|24\/100|[from] item: Leftovers\n|upkeep\n|turn|26\n|\n|t:|1699240219\n|move|p1a: Zacian|Play Rough|p2a: Zapdos|[miss]\n|-miss|p1a: Zacian|p2a: Zapdos\n|move|p2a: Zapdos|Heat Wave|p1a: Zacian\n|-damage|p1a: Zacian|34\/100\n|\n|-heal|p2a: Zapdos|30\/100|[from] item: Leftovers\n|upkeep\n|turn|27\n|\n|t:|1699240224\n|move|p2a: Zapdos|Protect|p2a: Zapdos\n|-singleturn|p2a: Zapdos|Protect\n|move|p1a: Zacian|Play Rough|p2a: Zapdos\n|-activate|p2a: Zapdos|move: Protect\n|\n|-heal|p2a: Zapdos|37\/100|[from] item: Leftovers\n|upkeep\n|turn|28\n|\n|t:|1699240230\n|move|p1a: Zacian|Play Rough|p2a: Zapdos\n|-damage|p2a: Zapdos|0 fnt\n|faint|p2a: Zapdos\n|\n|upkeep\n|\n|t:|1699240240\n|switch|p2a: Arceus|Arceus-Dark|100\/100\n|-activate|p2a: Arceus|move: Sticky Web\n|-unboost|p2a: Arceus|spe|1\n|turn|29\n|\n|t:|1699240260\n|move|p1a: Zacian|Play Rough|p2a: Arceus\n|-supereffective|p2a: Arceus\n|-damage|p2a: Arceus|20\/100\n|move|p2a: Arceus|Cosmic Power|p2a: Arceus\n|-boost|p2a: Arceus|def|1\n|-boost|p2a: Arceus|spd|1\n|\n|upkeep\n|turn|30\n|\n|t:|1699240267\n|move|p1a: Zacian|Close Combat|p2a: Arceus\n|-supereffective|p2a: Arceus\n|-damage|p2a: Arceus|0 fnt\n|-unboost|p1a: Zacian|def|1\n|-unboost|p1a: Zacian|spd|1\n|faint|p2a: Arceus\n|\n|upkeep\n|\n|t:|1699240268\n|switch|p2a: Blissey|Blissey, F|91\/100\n|-activate|p2a: Blissey|move: Sticky Web\n|-unboost|p2a: Blissey|spe|1\n|turn|31\n|\n|t:|1699240272\n|move|p1a: Zacian|Close Combat|p2a: Blissey\n|-supereffective|p2a: Blissey\n|-damage|p2a: Blissey|0 fnt\n|-unboost|p1a: Zacian|def|1\n|-unboost|p1a: Zacian|spd|1\n|faint|p2a: Blissey\n|\n|win|pkfire fx\n|c|\u2606TBalpha22|gg\n|c|\u2606pkfire fx|gg\n","uploadtime":1699240281,"views":30,"p1id":"pkfirefx","p2id":"tbalpha22","formatid":"gen9ubers","rating":0,"private":0,"password":""}