{"id":"gen9ubers-1990792665","p1":"navirelampago","p2":"dingusmkyeetus","format":"[Gen 9] Ubers","log":"|j|\u2606navirelampago\n|j|\u203ddingusmkyeetus\n|t:|1700001342\n|gametype|singles\n|player|p1|navirelampago|ethan|1039\n|player|p2|dingusmkyeetus|266|1102\n|teamsize|p1|6\n|teamsize|p2|6\n|gen|9\n|tier|[Gen 9] Ubers\n|rated|\n|rule|Sleep Clause Mod: Limit one foe put to sleep\n|rule|Species Clause: Limit one of each Pok\u00e9mon\n|rule|OHKO Clause: OHKO moves are banned\n|rule|Evasion Items Clause: Evasion items are banned\n|rule|Evasion Moves Clause: Evasion moves are banned\n|rule|Endless Battle Clause: Forcing endless battles is banned\n|rule|HP Percentage Mod: HP is shown in percentages\n|clearpoke\n|poke|p1|Amoonguss, F|\n|poke|p1|Sandy Shocks|\n|poke|p1|Ursaluna, M|\n|poke|p1|Mimikyu, F|\n|poke|p1|Cloyster, M|\n|poke|p1|Skeledirge, M|\n|poke|p2|Sneasler, M|\n|poke|p2|Palkia-Origin|\n|poke|p2|Gliscor, F|\n|poke|p2|Arceus-Fire|\n|poke|p2|Grimmsnarl, M|\n|poke|p2|Kleavor, M|\n|teampreview\n|\n|t:|1700001348\n|start\n|switch|p1a: Amoonguss|Amoonguss, F, shiny|100\/100\n|switch|p2a: Kleavor|Kleavor, M|100\/100\n|turn|1\n|\n|t:|1700001355\n|move|p2a: Kleavor|Stone Axe|p1a: Amoonguss\n|-damage|p1a: Amoonguss|42\/100\n|-sidestart|p1: navirelampago|move: Stealth Rock\n|move|p1a: Amoonguss|Spore|p2a: Kleavor\n|-status|p2a: Kleavor|slp|[from] move: Spore\n|\n|-heal|p1a: Amoonguss|48\/100|[from] item: Leftovers\n|upkeep\n|turn|2\n|inactive|Battle timer is ON: inactive players will automatically lose when time's up. (requested by navirelampago)\n|\n|t:|1700001368\n|switch|p1a: Ursaluna|Ursaluna, M, shiny|100\/100\n|-damage|p1a: Ursaluna|94\/100|[from] Stealth Rock\n|cant|p2a: Kleavor|slp\n|\n|-status|p1a: Ursaluna|brn|[from] item: Flame Orb\n|upkeep\n|turn|3\n|\n|t:|1700001384\n|cant|p2a: Kleavor|slp\n|move|p1a: Ursaluna|Facade|p2a: Kleavor\n|-resisted|p2a: Kleavor\n|-damage|p2a: Kleavor|15\/100 slp\n|\n|-heal|p2a: Kleavor|21\/100 slp|[from] item: Leftovers\n|-damage|p1a: Ursaluna|88\/100 brn|[from] brn\n|upkeep\n|turn|4\n|\n|t:|1700001393\n|cant|p2a: Kleavor|slp\n|move|p1a: Ursaluna|Swords Dance|p1a: Ursaluna\n|-boost|p1a: Ursaluna|atk|2\n|\n|-heal|p2a: Kleavor|27\/100 slp|[from] item: Leftovers\n|-damage|p1a: Ursaluna|82\/100 brn|[from] brn\n|upkeep\n|turn|5\n|\n|t:|1700001400\n|-curestatus|p2a: Kleavor|slp|[msg]\n|move|p2a: Kleavor|Lunge|p1a: Ursaluna\n|-damage|p1a: Ursaluna|54\/100 brn\n|-unboost|p1a: Ursaluna|atk|1\n|move|p1a: Ursaluna|Facade|p2a: Kleavor\n|-resisted|p2a: Kleavor\n|-damage|p2a: Kleavor|0 fnt\n|faint|p2a: Kleavor\n|\n|-damage|p1a: Ursaluna|48\/100 brn|[from] brn\n|upkeep\n|\n|t:|1700001412\n|switch|p2a: Arceus|Arceus-Fire|100\/100\n|turn|6\n|\n|t:|1700001422\n|move|p2a: Arceus|Surf|p1a: Ursaluna\n|-supereffective|p1a: Ursaluna\n|-damage|p1a: Ursaluna|0 fnt\n|faint|p1a: Ursaluna\n|\n|upkeep\n|\n|t:|1700001433\n|switch|p1a: Sandy Shocks|Sandy Shocks, shiny|100\/100\n|-damage|p1a: Sandy Shocks|94\/100|[from] Stealth Rock\n|-enditem|p1a: Sandy Shocks|Booster Energy\n|-activate|p1a: Sandy Shocks|ability: Protosynthesis|[fromitem]\n|-start|p1a: Sandy Shocks|protosynthesisspa\n|turn|7\n|\n|t:|1700001447\n|switch|p2a: Gliscor|Gliscor, F|100\/100\n|move|p1a: Sandy Shocks|Earth Power|p2a: Gliscor\n|-immune|p2a: Gliscor\n|\n|-status|p2a: Gliscor|tox|[from] item: Toxic Orb\n|upkeep\n|turn|8\n|\n|t:|1700001466\n|-end|p1a: Sandy Shocks|Protosynthesis|[silent]\n|switch|p1a: Cloyster|Cloyster, M, shiny|100\/100\n|-damage|p1a: Cloyster|76\/100|[from] Stealth Rock\n|move|p2a: Gliscor|Earthquake|p1a: Cloyster\n|-damage|p1a: Cloyster|38\/100\n|\n|upkeep\n|turn|9\n|\n|t:|1700001475\n|move|p2a: Gliscor|Facade|p1a: Cloyster\n|-damage|p1a: Cloyster|5\/100\n|move|p1a: Cloyster|Icicle Spear|p2a: Gliscor\n|-supereffective|p2a: Gliscor\n|-damage|p2a: Gliscor|55\/100 tox\n|-supereffective|p2a: Gliscor\n|-damage|p2a: Gliscor|8\/100 tox\n|-supereffective|p2a: Gliscor\n|-damage|p2a: Gliscor|0 fnt\n|faint|p2a: Gliscor\n|-hitcount|p2: Gliscor|3\n|\n|upkeep\n|\n|t:|1700001496\n|switch|p2a: Sneasler|Sneasler, M|100\/100\n|turn|10\n|\n|t:|1700001516\n|move|p2a: Sneasler|Close Combat|p1a: Cloyster\n|-supereffective|p1a: Cloyster\n|-damage|p1a: Cloyster|0 fnt\n|-unboost|p2a: Sneasler|def|1\n|-unboost|p2a: Sneasler|spd|1\n|-enditem|p2a: Sneasler|White Herb\n|-clearnegativeboost|p2a: Sneasler|[silent]\n|faint|p1a: Cloyster\n|\n|upkeep\n|\n|t:|1700001524\n|switch|p1a: Mimikyu|Mimikyu, F, shiny|100\/100\n|-damage|p1a: Mimikyu|88\/100|[from] Stealth Rock\n|turn|11\n|\n|t:|1700001530\n|move|p2a: Sneasler|Dire Claw|p1a: Mimikyu\n|-activate|p1a: Mimikyu|ability: Disguise\n|-damage|p1a: Mimikyu|88\/100\n|-status|p1a: Mimikyu|slp\n|detailschange|p1a: Mimikyu|Mimikyu-Busted, F, shiny\n|-damage|p1a: Mimikyu|76\/100 slp|[from] pokemon: Mimikyu-Busted\n|cant|p1a: Mimikyu|slp\n|\n|upkeep\n|turn|12\n|\n|t:|1700001555\n|switch|p1a: Skeledirge|Skeledirge, M, shiny|100\/100\n|-damage|p1a: Skeledirge|76\/100|[from] Stealth Rock\n|move|p2a: Sneasler|Acrobatics|p1a: Skeledirge\n|-damage|p1a: Skeledirge|40\/100\n|\n|upkeep\n|turn|13\n|\n|t:|1700001562\n|move|p2a: Sneasler|Dire Claw|p1a: Skeledirge\n|-resisted|p1a: Skeledirge\n|-damage|p1a: Skeledirge|22\/100\n|-status|p1a: Skeledirge|par\n|cant|p1a: Skeledirge|par\n|\n|upkeep\n|turn|14\n|c|\u2606navirelampago|how lucky\n|\n|t:|1700001576\n|-terastallize|p1a: Skeledirge|Ghost\n|move|p2a: Sneasler|Acrobatics|p1a: Skeledirge\n|-damage|p1a: Skeledirge|0 fnt\n|faint|p1a: Skeledirge\n|\n|upkeep\n|\n|t:|1700001582\n|switch|p1a: Sandy Shocks|Sandy Shocks, shiny|94\/100\n|-damage|p1a: Sandy Shocks|88\/100|[from] Stealth Rock\n|turn|15\n|\n|t:|1700001587\n|move|p2a: Sneasler|Protect|p2a: Sneasler\n|-singleturn|p2a: Sneasler|Protect\n|move|p1a: Sandy Shocks|Earth Power|p2a: Sneasler\n|-activate|p2a: Sneasler|move: Protect\n|\n|upkeep\n|turn|16\n|\n|t:|1700001596\n|-terastallize|p2a: Sneasler|Fighting\n|move|p2a: Sneasler|Dire Claw|p1a: Sandy Shocks\n|-resisted|p1a: Sandy Shocks\n|-damage|p1a: Sandy Shocks|61\/100\n|move|p1a: Sandy Shocks|Earth Power|p2a: Sneasler\n|-damage|p2a: Sneasler|37\/100\n|\n|upkeep\n|turn|17\n|\n|t:|1700001604\n|move|p2a: Sneasler|Close Combat|p1a: Sandy Shocks\n|-damage|p1a: Sandy Shocks|0 fnt\n|-unboost|p2a: Sneasler|def|1\n|-unboost|p2a: Sneasler|spd|1\n|faint|p1a: Sandy Shocks\n|-end|p1a: Sandy Shocks|Protosynthesis|[silent]\n|\n|upkeep\n|\n|t:|1700001611\n|switch|p1a: Amoonguss|Amoonguss, F, shiny|82\/100\n|-damage|p1a: Amoonguss|69\/100|[from] Stealth Rock\n|turn|18\n|\n|t:|1700001626\n|move|p2a: Sneasler|Acrobatics|p1a: Amoonguss\n|-supereffective|p1a: Amoonguss\n|-damage|p1a: Amoonguss|0 fnt\n|faint|p1a: Amoonguss\n|\n|upkeep\n|\n|t:|1700001631\n|switch|p1a: Mimikyu|Mimikyu-Busted, F, shiny|76\/100 slp\n|-damage|p1a: Mimikyu|63\/100 slp|[from] Stealth Rock\n|turn|19\n|\n|t:|1700001645\n|-curestatus|p1a: Mimikyu|slp|[msg]\n|move|p1a: Mimikyu|Shadow Sneak|p2a: Sneasler\n|-damage|p2a: Sneasler|0 fnt\n|faint|p2a: Sneasler\n|-damage|p1a: Mimikyu|53\/100|[from] item: Life Orb\n|\n|upkeep\n|\n|t:|1700001653\n|switch|p2a: Arceus|Arceus-Fire|100\/100\n|turn|20\n|\n|t:|1700001660\n|move|p1a: Mimikyu|Shadow Sneak|p2a: Arceus\n|-damage|p2a: Arceus|85\/100\n|-damage|p1a: Mimikyu|44\/100|[from] item: Life Orb\n|move|p2a: Arceus|Judgment|p1a: Mimikyu\n|-damage|p1a: Mimikyu|0 fnt\n|faint|p1a: Mimikyu\n|\n|win|dingusmkyeetus\n|raw|navirelampago's rating: 1039 &rarr; <strong>1026<\/strong><br \/>(-13 for losing)\n|raw|dingusmkyeetus's rating: 1102 &rarr; <strong>1123<\/strong><br \/>(+21 for winning)\n|l|\u2606navirelampago\n","uploadtime":1700001680,"views":22,"p1id":"navirelampago","p2id":"dingusmkyeetus","formatid":"gen9ubers","rating":1026,"private":0,"password":""}