{"id":"gen9ubers-1972673875","p1":"GingerKAMINAI","p2":"ThePokemunboy","format":"[Gen 9] Ubers","log":"|j|\u2606GingerKAMINAI\n|j|\u2606ThePokemunboy\n|t:|1697875161\n|gametype|singles\n|player|p1|GingerKAMINAI|cynthia|1211\n|player|p2|ThePokemunboy|ninjaboy|1040\n|teamsize|p1|6\n|teamsize|p2|6\n|gen|9\n|tier|[Gen 9] Ubers\n|rated|\n|rule|Sleep Clause Mod: Limit one foe put to sleep\n|rule|Species Clause: Limit one of each Pok\u00e9mon\n|rule|OHKO Clause: OHKO moves are banned\n|rule|Evasion Items Clause: Evasion items are banned\n|rule|Evasion Moves Clause: Evasion moves are banned\n|rule|Endless Battle Clause: Forcing endless battles is banned\n|rule|HP Percentage Mod: HP is shown in percentages\n|clearpoke\n|poke|p1|Miraidon|\n|poke|p1|Koraidon|\n|poke|p1|Zacian-*|\n|poke|p1|Eternatus|\n|poke|p1|Diancie|\n|poke|p1|Kyogre|\n|poke|p2|Quaquaval, F|\n|poke|p2|Annihilape, F|\n|poke|p2|Dachsbun, F|\n|poke|p2|Armarouge, F|\n|poke|p2|Baxcalibur, M|\n|poke|p2|Iron Valiant|\n|teampreview\n|\n|t:|1697875182\n|start\n|switch|p1a: Kyogre|Kyogre|100\/100\n|switch|p2a: combination|Iron Valiant|100\/100\n|-weather|RainDance|[from] ability: Drizzle|[of] p1a: Kyogre\n|turn|1\n|inactive|Battle timer is ON: inactive players will automatically lose when time's up. (requested by GingerKAMINAI)\n|inactive|ThePokemunboy has 120 seconds left.\n|\n|t:|1697875216\n|-terastallize|p1a: Kyogre|Water\n|move|p1a: Kyogre|Water Spout|p2a: combination\n|-damage|p2a: combination|0 fnt\n|faint|p2a: combination\n|-end|p2a: combination|Quark Drive|[silent]\n|\n|-weather|RainDance|[upkeep]\n|upkeep\n|\n|t:|1697875223\n|switch|p2a: spiky dinosaur|Baxcalibur, M|100\/100\n|turn|2\n|\n|t:|1697875230\n|-terastallize|p2a: spiky dinosaur|Dragon\n|move|p1a: Kyogre|Water Spout|p2a: spiky dinosaur\n|-resisted|p2a: spiky dinosaur\n|-damage|p2a: spiky dinosaur|31\/100\n|move|p2a: spiky dinosaur|Glaive Rush|p1a: Kyogre\n|-damage|p1a: Kyogre|6\/100\n|-singlemove|p2a: spiky dinosaur|Glaive Rush|[silent]\n|\n|-weather|RainDance|[upkeep]\n|upkeep\n|turn|3\n|\n|t:|1697875243\n|switch|p1a: Diancie|Diancie|100\/100\n|switch|p2a: the staller|Dachsbun, F|100\/100\n|\n|-weather|RainDance|[upkeep]\n|upkeep\n|turn|4\n|\n|t:|1697875256\n|move|p2a: the staller|Protect|p2a: the staller\n|-singleturn|p2a: the staller|Protect\n|move|p1a: Diancie|Diamond Storm|p2a: the staller\n|-activate|p2a: the staller|move: Protect\n|\n|-weather|RainDance|[upkeep]\n|upkeep\n|turn|5\n|inactive|ThePokemunboy has 120 seconds left.\n|\n|t:|1697875294\n|switch|p2a: dead monke|Annihilape, F|100\/100\n|move|p1a: Diancie|Diamond Storm|p2a: dead monke|[miss]\n|-miss|p1a: Diancie|p2a: dead monke\n|\n|-weather|none\n|upkeep\n|turn|6\n|\n|t:|1697875302\n|move|p2a: dead monke|Bulk Up|p2a: dead monke\n|-boost|p2a: dead monke|atk|1\n|-boost|p2a: dead monke|def|1\n|move|p1a: Diancie|Diamond Storm|p2a: dead monke\n|-resisted|p2a: dead monke\n|-damage|p2a: dead monke|87\/100\n|-damage|p1a: Diancie|91\/100|[from] item: Life Orb\n|\n|upkeep\n|turn|7\n|\n|t:|1697875309\n|move|p2a: dead monke|Bulk Up|p2a: dead monke\n|-boost|p2a: dead monke|atk|1\n|-boost|p2a: dead monke|def|1\n|move|p1a: Diancie|Diamond Storm|p2a: dead monke\n|-resisted|p2a: dead monke\n|-damage|p2a: dead monke|77\/100\n|-damage|p1a: Diancie|81\/100|[from] item: Life Orb\n|\n|upkeep\n|turn|8\n|\n|t:|1697875324\n|move|p2a: dead monke|Drain Punch|p1a: Diancie\n|-damage|p1a: Diancie|30\/100\n|-heal|p2a: dead monke|94\/100|[from] drain|[of] p1a: Diancie\n|move|p1a: Diancie|Diamond Storm|p2a: dead monke\n|-resisted|p2a: dead monke\n|-damage|p2a: dead monke|83\/100\n|-boost|p1a: Diancie|def|2\n|-damage|p1a: Diancie|20\/100|[from] item: Life Orb\n|\n|upkeep\n|turn|9\n|\n|t:|1697875331\n|move|p2a: dead monke|Drain Punch|p1a: Diancie\n|-damage|p1a: Diancie|0 fnt\n|-heal|p2a: dead monke|89\/100|[from] drain|[of] p1a: Diancie\n|faint|p1a: Diancie\n|\n|upkeep\n|inactive|GingerKAMINAI has 120 seconds left.\n|\n|t:|1697875362\n|switch|p1a: Zacian|Zacian-Crowned|100\/100\n|-ability|p1a: Zacian|Intrepid Sword|boost\n|-boost|p1a: Zacian|atk|1\n|turn|10\n|\n|t:|1697875370\n|move|p1a: Zacian|Behemoth Blade|p2a: dead monke\n|-damage|p2a: dead monke|47\/100\n|move|p2a: dead monke|Drain Punch|p1a: Zacian\n|-damage|p1a: Zacian|37\/100\n|-heal|p2a: dead monke|75\/100|[from] drain|[of] p1a: Zacian\n|\n|upkeep\n|turn|11\n|\n|t:|1697875383\n|move|p1a: Zacian|Play Rough|p2a: dead monke\n|-supereffective|p2a: dead monke\n|-damage|p2a: dead monke|4\/100\n|-unboost|p2a: dead monke|atk|1\n|move|p2a: dead monke|Drain Punch|p1a: Zacian\n|-damage|p1a: Zacian|0 fnt\n|-heal|p2a: dead monke|20\/100|[from] drain|[of] p1a: Zacian\n|faint|p1a: Zacian\n|\n|upkeep\n|\n|t:|1697875389\n|switch|p1a: Kyogre|Kyogre, tera:Water|6\/100\n|-weather|RainDance|[from] ability: Drizzle|[of] p1a: Kyogre\n|turn|12\n|c|\u2606ThePokemunboy|full team of leg v my paldean team\n|\n|t:|1697875419\n|switch|p2a: i wanna dance|Quaquaval, F|100\/100\n|move|p1a: Kyogre|Origin Pulse|p2a: i wanna dance\n|-resisted|p2a: i wanna dance\n|-damage|p2a: i wanna dance|20\/100\n|\n|-weather|RainDance|[upkeep]\n|upkeep\n|turn|13\n|c|\u2606GingerKAMINAI|\u5207\n|c|\u2606GingerKAMINAI|\u4f60\u6709\u5b9e\u529b\u5417\uff1f\n|\n|t:|1697875440\n|move|p2a: i wanna dance|Aqua Jet|p1a: Kyogre\n|-resisted|p1a: Kyogre\n|-crit|p1a: Kyogre\n|-damage|p1a: Kyogre|0 fnt\n|faint|p1a: Kyogre\n|-ability|p2a: i wanna dance|Moxie|boost\n|-boost|p2a: i wanna dance|atk|1\n|\n|-weather|RainDance|[upkeep]\n|upkeep\n|\n|t:|1697875443\n|switch|p1a: Miraidon|Miraidon|100\/100\n|-fieldstart|move: Electric Terrain|[from] ability: Hadron Engine|[of] p1a: Miraidon\n|turn|14\n|\n|t:|1697875452\n|move|p2a: i wanna dance|Aqua Jet|p1a: Miraidon\n|-resisted|p1a: Miraidon\n|-crit|p1a: Miraidon\n|-damage|p1a: Miraidon|65\/100\n|move|p1a: Miraidon|Electro Drift|p2a: i wanna dance\n|-supereffective|p2a: i wanna dance\n|-damage|p2a: i wanna dance|0 fnt\n|faint|p2a: i wanna dance\n|\n|-weather|RainDance|[upkeep]\n|upkeep\n|\n|t:|1697875461\n|switch|p2a: spiky dinosaur|Baxcalibur, M, tera:Dragon|31\/100\n|turn|15\n|\n|t:|1697875478\n|switch|p2a: the staller|Dachsbun, F|100\/100\n|move|p1a: Miraidon|Electro Drift|p2a: the staller\n|-damage|p2a: the staller|0 fnt\n|faint|p2a: the staller\n|\n|-weather|RainDance|[upkeep]\n|upkeep\n|\n|t:|1697875484\n|switch|p2a: megaman 900|Armarouge, F|100\/100\n|turn|16\n|\n|t:|1697875503\n|move|p1a: Miraidon|Electro Drift|p2a: megaman 900\n|-damage|p2a: megaman 900|0 fnt\n|faint|p2a: megaman 900\n|\n|-weather|none\n|upkeep\n|\n|t:|1697875509\n|switch|p2a: dead monke|Annihilape, F|20\/100\n|turn|17\n|\n|t:|1697875513\n|move|p1a: Miraidon|Electro Drift|p2a: dead monke\n|-damage|p2a: dead monke|0 fnt\n|faint|p2a: dead monke\n|\n|upkeep\n|\n|t:|1697875515\n|switch|p2a: spiky dinosaur|Baxcalibur, M, tera:Dragon|31\/100\n|turn|18\n|\n|t:|1697875517\n|move|p1a: Miraidon|Electro Drift|p2a: spiky dinosaur\n|-resisted|p2a: spiky dinosaur\n|-damage|p2a: spiky dinosaur|0 fnt\n|faint|p2a: spiky dinosaur\n|\n|win|GingerKAMINAI\n|raw|GingerKAMINAI's rating: 1211 &rarr; <strong>1225<\/strong><br \/>(+14 for winning)\n|raw|ThePokemunboy's rating: 1040 &rarr; <strong>1031<\/strong><br \/>(-9 for losing)\n|l|\u2606ThePokemunboy\n|c|\u2606GingerKAMINAI|\u88c5\u4ec0\u4e48\u554a\n","uploadtime":1697875543,"views":13,"p1id":"gingerkaminai","p2id":"thepokemunboy","formatid":"gen9ubers","rating":1031,"private":0,"password":""}