{"id":"gen9ubers-1987968141","p1":"yomaalt","p2":"Theminals","format":"[Gen 9] Ubers","log":"|j|\u2606yomaalt\n|j|\u2606Theminals\n|t:|1699654198\n|gametype|singles\n|player|p1|yomaalt|2|\n|player|p2|Theminals|depotagent|\n|teamsize|p1|6\n|teamsize|p2|6\n|gen|9\n|tier|[Gen 9] Ubers\n|rule|Sleep Clause Mod: Limit one foe put to sleep\n|rule|Species Clause: Limit one of each Pok\u00e9mon\n|rule|OHKO Clause: OHKO moves are banned\n|rule|Evasion Items Clause: Evasion items are banned\n|rule|Evasion Moves Clause: Evasion moves are banned\n|rule|Endless Battle Clause: Forcing endless battles is banned\n|rule|HP Percentage Mod: HP is shown in percentages\n|clearpoke\n|poke|p1|Palkia-Origin|\n|poke|p1|Urshifu-*, M|\n|poke|p1|Shaymin-Sky|\n|poke|p1|Chi-Yu|\n|poke|p1|Ogerpon-Wellspring, F|\n|poke|p1|Zacian-*|\n|poke|p2|Magearna|\n|poke|p2|Palkia-Origin|\n|poke|p2|Zacian-*|\n|poke|p2|Urshifu-*, M|\n|poke|p2|Chi-Yu|\n|poke|p2|Weezing-Galar, M|\n|teampreview\n|c|\u2606Theminals|glhf\n|\n|t:|1699654215\n|start\n|switch|p1a: Chi-Yu|Chi-Yu|100\/100\n|switch|p2a: Palkia|Palkia-Origin|100\/100\n|-ability|p2a: Palkia|Pressure\n|-ability|p1a: Chi-Yu|Beads of Ruin\n|turn|1\n|\n|t:|1699654222\n|switch|p1a: Ogerpon|Ogerpon-Wellspring, F|100\/100\n|move|p2a: Palkia|Spacial Rend|p1a: Ogerpon\n|-damage|p1a: Ogerpon|25\/100\n|\n|upkeep\n|turn|2\n|\n|t:|1699654233\n|move|p2a: Palkia|Spacial Rend|p1a: Ogerpon\n|-damage|p1a: Ogerpon|0 fnt\n|faint|p1a: Ogerpon\n|\n|upkeep\n|\n|t:|1699654234\n|switch|p1a: Zacian|Zacian|100\/100\n|-ability|p1a: Zacian|Intrepid Sword|boost\n|-boost|p1a: Zacian|atk|1\n|turn|3\n|\n|t:|1699654240\n|switch|p2a: Magearna|Magearna|100\/100\n|move|p1a: Zacian|Swords Dance|p1a: Zacian\n|-boost|p1a: Zacian|atk|2\n|\n|upkeep\n|turn|4\n|\n|t:|1699654244\n|move|p1a: Zacian|Close Combat|p2a: Magearna\n|-damage|p2a: Magearna|20\/100\n|-unboost|p1a: Zacian|def|1\n|-unboost|p1a: Zacian|spd|1\n|move|p2a: Magearna|Flash Cannon|p1a: Zacian\n|-supereffective|p1a: Zacian\n|-damage|p1a: Zacian|0 fnt\n|faint|p1a: Zacian\n|-ability|p2a: Magearna|Soul-Heart|boost\n|-boost|p2a: Magearna|spa|1\n|\n|upkeep\n|\n|t:|1699654249\n|switch|p1a: Palkia|Palkia-Origin|100\/100\n|-ability|p1a: Palkia|Pressure\n|turn|5\n|\n|t:|1699654254\n|move|p1a: Palkia|Hydro Pump|p2a: Magearna\n|-damage|p2a: Magearna|0 fnt\n|faint|p2a: Magearna\n|\n|upkeep\n|\n|t:|1699654261\n|switch|p2a: Zacian|Zacian|100\/100\n|-ability|p2a: Zacian|Intrepid Sword|boost\n|-boost|p2a: Zacian|atk|1\n|turn|6\n|\n|t:|1699654272\n|-terastallize|p1a: Palkia|Water\n|move|p2a: Zacian|Play Rough|p1a: Palkia\n|-crit|p1a: Palkia\n|-damage|p1a: Palkia|0 fnt\n|faint|p1a: Palkia\n|\n|upkeep\n|\n|t:|1699654327\n|switch|p1a: Chi-Yu|Chi-Yu|100\/100\n|-ability|p1a: Chi-Yu|Beads of Ruin\n|turn|7\n|\n|t:|1699654333\n|move|p2a: Zacian|Play Rough|p1a: Chi-Yu\n|-damage|p1a: Chi-Yu|0 fnt\n|faint|p1a: Chi-Yu\n|\n|upkeep\n|\n|t:|1699654335\n|switch|p1a: Shaymin|Shaymin-Sky|100\/100\n|turn|8\n|\n|t:|1699654341\n|move|p2a: Zacian|Play Rough|p1a: Shaymin\n|-damage|p1a: Shaymin|0 fnt\n|faint|p1a: Shaymin\n|\n|upkeep\n|\n|t:|1699654344\n|switch|p1a: Urshifu|Urshifu-Rapid-Strike, M|100\/100\n|turn|9\n|\n|t:|1699654346\n|move|p2a: Zacian|Play Rough|p1a: Urshifu\n|-supereffective|p1a: Urshifu\n|-damage|p1a: Urshifu|0 fnt\n|faint|p1a: Urshifu\n|\n|win|Theminals\n|c|\u2606Theminals|gg\n|c|\u2606yomaalt|gg\n","uploadtime":1699654356,"views":43,"p1id":"yomaalt","p2id":"theminals","formatid":"gen9ubers","rating":0,"private":0,"password":""}