{"id":"gen9ubers-1999250021","p1":"Coolphantomlink","p2":"LennyFielding","format":"[Gen 9] Ubers","log":"|j|\u2606Coolphantomlink\n|j|\u2606LennyFielding\n|t:|1701050693\n|gametype|singles\n|player|p1|Coolphantomlink|colress|\n|player|p2|LennyFielding|gladion|\n|teamsize|p1|6\n|teamsize|p2|6\n|gen|9\n|tier|[Gen 9] Ubers\n|rated|Tournament battle\n|rule|Sleep Clause Mod: Limit one foe put to sleep\n|rule|Species Clause: Limit one of each Pok\u00e9mon\n|rule|OHKO Clause: OHKO moves are banned\n|rule|Evasion Items Clause: Evasion items are banned\n|rule|Evasion Moves Clause: Evasion moves are banned\n|rule|Endless Battle Clause: Forcing endless battles is banned\n|rule|HP Percentage Mod: HP is shown in percentages\n|clearpoke\n|poke|p1|Espathra, F|\n|poke|p1|Palafin, F|\n|poke|p1|Koraidon|\n|poke|p1|Baxcalibur, F|\n|poke|p1|Volcarona, F|\n|poke|p1|Flutter Mane|\n|poke|p2|Ribombee, M|\n|poke|p2|Arceus|\n|poke|p2|Zacian-*|\n|poke|p2|Koraidon|\n|poke|p2|Rayquaza|\n|poke|p2|Miraidon|\n|teampreview\n|\n|t:|1701050703\n|start\n|switch|p1a: Palafin|Palafin, F|100\/100\n|switch|p2a: Ribombee|Ribombee, M|100\/100\n|turn|1\n|\n|t:|1701050708\n|move|p2a: Ribombee|Sticky Web|p1a: Palafin\n|-sidestart|p1: Coolphantomlink|move: Sticky Web\n|move|p1a: Palafin|Flip Turn|p2a: Ribombee\n|-damage|p2a: Ribombee|35\/100\n|\n|t:|1701050712\n|detailschange|p1a: Palafin|Palafin-Hero, F\n|switch|p1a: Volcarona|Volcarona, F|100\/100|[from] Flip Turn\n|\n|upkeep\n|turn|2\n|\n|t:|1701050718\n|switch|p2a: Rayquaza|Rayquaza|100\/100\n|-ability|p2a: Rayquaza|Air Lock\n|move|p1a: Volcarona|Quiver Dance|p1a: Volcarona\n|-boost|p1a: Volcarona|spa|1\n|-boost|p1a: Volcarona|spd|1\n|-boost|p1a: Volcarona|spe|1\n|\n|upkeep\n|turn|3\n|\n|t:|1701050722\n|move|p1a: Volcarona|Flamethrower|p2a: Rayquaza\n|-resisted|p2a: Rayquaza\n|-damage|p2a: Rayquaza|57\/100\n|move|p2a: Rayquaza|Dragon Ascent|p1a: Volcarona\n|-supereffective|p1a: Volcarona\n|-damage|p1a: Volcarona|0 fnt\n|-unboost|p2a: Rayquaza|def|1\n|-unboost|p2a: Rayquaza|spd|1\n|faint|p1a: Volcarona\n|\n|upkeep\n|\n|t:|1701050734\n|switch|p1a: Palafin|Palafin-Hero, F|100\/100\n|-activate|p1a: Palafin|move: Sticky Web\n|-unboost|p1a: Palafin|spe|1\n|-activate|p1a: Palafin|ability: Zero to Hero\n|turn|4\n|\n|t:|1701050738\n|switch|p2a: Ribombee|Ribombee, M|35\/100\n|move|p1a: Palafin|Ice Punch|p2a: Ribombee\n|-damage|p2a: Ribombee|0 fnt\n|faint|p2a: Ribombee\n|\n|upkeep\n|\n|t:|1701050745\n|switch|p2a: Zacian|Zacian-Crowned|100\/100\n|-ability|p2a: Zacian|Intrepid Sword|boost\n|-boost|p2a: Zacian|atk|1\n|turn|5\n|\n|t:|1701050758\n|switch|p1a: Flutter Mane|Flutter Mane|100\/100\n|-activate|p1a: Flutter Mane|move: Sticky Web\n|-unboost|p1a: Flutter Mane|spe|1\n|move|p2a: Zacian|Swords Dance|p2a: Zacian\n|-boost|p2a: Zacian|atk|2\n|\n|upkeep\n|turn|6\n|\n|t:|1701050765\n|move|p2a: Zacian|Behemoth Blade|p1a: Flutter Mane\n|-supereffective|p1a: Flutter Mane\n|-damage|p1a: Flutter Mane|0 fnt\n|faint|p1a: Flutter Mane\n|-end|p1a: Flutter Mane|Protosynthesis|[silent]\n|\n|upkeep\n|\n|t:|1701050770\n|switch|p1a: Koraidon|Koraidon|100\/100\n|-activate|p1a: Koraidon|move: Sticky Web\n|-unboost|p1a: Koraidon|spe|1\n|-weather|SunnyDay|[from] ability: Orichalcum Pulse|[of] p1a: Koraidon\n|-activate|p1a: Koraidon|Orichalcum Pulse|[source]\n|turn|7\n|\n|t:|1701050776\n|-terastallize|p2a: Zacian|Ground\n|move|p2a: Zacian|Tera Blast|p1a: Koraidon|[anim] Tera Blast Ground\n|-damage|p1a: Koraidon|0 fnt\n|faint|p1a: Koraidon\n|\n|-weather|SunnyDay|[upkeep]\n|upkeep\n|-message|Coolphantomlink forfeited.\n|\n|win|LennyFielding\n|n|\u2606Coolphantomlink|coolphantomlink\n|n|\u2606LennyFielding|lennyfielding\n","uploadtime":1701050786,"views":2,"p1id":"coolphantomlink","p2id":"lennyfielding","formatid":"gen9ubers","rating":0,"private":0,"password":""}