{"id":"gen9ubers-1977579846","p1":"FatalOblivion","p2":"Lamegazelle","format":"[Gen 9] Ubers","log":"|j|\u2606FatalOblivion\n|j|\u2606Lamegazelle\n|t:|1698429012\n|gametype|singles\n|player|p1|FatalOblivion|marley|1302\n|player|p2|Lamegazelle|101|1211\n|teamsize|p1|6\n|teamsize|p2|6\n|gen|9\n|tier|[Gen 9] Ubers\n|rated|\n|rule|Sleep Clause Mod: Limit one foe put to sleep\n|rule|Species Clause: Limit one of each Pok\u00e9mon\n|rule|OHKO Clause: OHKO moves are banned\n|rule|Evasion Items Clause: Evasion items are banned\n|rule|Evasion Moves Clause: Evasion moves are banned\n|rule|Endless Battle Clause: Forcing endless battles is banned\n|rule|HP Percentage Mod: HP is shown in percentages\n|clearpoke\n|poke|p1|Koraidon|\n|poke|p1|Great Tusk|\n|poke|p1|Flutter Mane|\n|poke|p1|Clodsire, M|\n|poke|p1|Arceus|\n|poke|p1|Chi-Yu|\n|poke|p2|Shaymin-Sky|\n|poke|p2|Kyogre|\n|poke|p2|Giratina|\n|poke|p2|Arceus-Steel|\n|poke|p2|Miraidon|\n|poke|p2|Zacian-*|\n|teampreview\n|inactive|Battle timer is ON: inactive players will automatically lose when time's up. (requested by FatalOblivion)\n|\n|t:|1698429032\n|start\n|switch|p1a: Koraidon|Koraidon|100\/100\n|switch|p2a: Giratina|Giratina|100\/100\n|-weather|SunnyDay|[from] ability: Orichalcum Pulse|[of] p1a: Koraidon\n|-activate|p1a: Koraidon|Orichalcum Pulse|[source]\n|-ability|p2a: Giratina|Pressure\n|turn|1\n|\n|t:|1698429042\n|move|p1a: Koraidon|U-turn|p2a: Giratina\n|-resisted|p2a: Giratina\n|-damage|p2a: Giratina|90\/100\n|\n|t:|1698429046\n|switch|p1a: Chi-Yu|Chi-Yu|100\/100|[from] U-turn\n|-ability|p1a: Chi-Yu|Beads of Ruin\n|move|p2a: Giratina|Thunder Wave|p1a: Chi-Yu\n|-status|p1a: Chi-Yu|par\n|\n|-weather|SunnyDay|[upkeep]\n|-heal|p2a: Giratina|96\/100|[from] item: Leftovers\n|upkeep\n|turn|2\n|\n|t:|1698429058\n|move|p1a: Chi-Yu|Dark Pulse|p2a: Giratina\n|-supereffective|p2a: Giratina\n|-damage|p2a: Giratina|37\/100\n|move|p2a: Giratina|Dragon Tail|p1a: Chi-Yu\n|-damage|p1a: Chi-Yu|69\/100 par\n|drag|p1a: Clodsire|Clodsire, M|100\/100\n|\n|-weather|SunnyDay|[upkeep]\n|-heal|p2a: Giratina|43\/100|[from] item: Leftovers\n|upkeep\n|turn|3\n|\n|t:|1698429068\n|move|p1a: Clodsire|Toxic|p2a: Giratina\n|-status|p2a: Giratina|tox\n|move|p2a: Giratina|Dragon Tail|p1a: Clodsire\n|-damage|p1a: Clodsire|77\/100\n|drag|p1a: Flutter Mane|Flutter Mane|100\/100\n|-activate|p1a: Flutter Mane|ability: Protosynthesis\n|-start|p1a: Flutter Mane|protosynthesisspe\n|\n|-weather|SunnyDay|[upkeep]\n|-heal|p2a: Giratina|49\/100 tox|[from] item: Leftovers\n|-damage|p2a: Giratina|43\/100 tox|[from] psn\n|upkeep\n|turn|4\n|\n|t:|1698429081\n|switch|p2a: Arceus|Arceus-Steel|100\/100\n|move|p1a: Flutter Mane|Shadow Ball|p2a: Arceus\n|-damage|p2a: Arceus|62\/100\n|-unboost|p2a: Arceus|spd|1\n|\n|-weather|SunnyDay|[upkeep]\n|upkeep\n|turn|5\n|\n|t:|1698429090\n|switch|p2a: Giratina|Giratina|43\/100 tox\n|-ability|p2a: Giratina|Pressure\n|move|p1a: Flutter Mane|Shadow Ball|p2a: Giratina\n|-supereffective|p2a: Giratina\n|-damage|p2a: Giratina|0 fnt\n|faint|p2a: Giratina\n|\n|-weather|none\n|-end|p1a: Flutter Mane|Protosynthesis\n|upkeep\n|\n|t:|1698429106\n|switch|p2a: Kyogre|Kyogre|100\/100\n|-weather|RainDance|[from] ability: Drizzle|[of] p2a: Kyogre\n|turn|6\n|\n|t:|1698429113\n|-end|p1a: Flutter Mane|Protosynthesis|[silent]\n|switch|p1a: Chi-Yu|Chi-Yu|69\/100 par\n|-ability|p1a: Chi-Yu|Beads of Ruin\n|move|p2a: Kyogre|Ice Beam|p1a: Chi-Yu\n|-resisted|p1a: Chi-Yu\n|-damage|p1a: Chi-Yu|48\/100 par\n|\n|-weather|RainDance|[upkeep]\n|upkeep\n|turn|7\n|\n|t:|1698429131\n|switch|p2a: Arceus|Arceus-Steel|62\/100\n|move|p1a: Chi-Yu|Dark Pulse|p2a: Arceus\n|-damage|p2a: Arceus|19\/100\n|\n|-weather|RainDance|[upkeep]\n|upkeep\n|turn|8\n|\n|t:|1698429141\n|move|p2a: Arceus|Recover|p2a: Arceus\n|-heal|p2a: Arceus|69\/100\n|move|p1a: Chi-Yu|Dark Pulse|p2a: Arceus\n|-damage|p2a: Arceus|28\/100\n|\n|-weather|RainDance|[upkeep]\n|upkeep\n|turn|9\n|\n|t:|1698429151\n|switch|p1a: Koraidon|Koraidon|100\/100\n|-weather|SunnyDay|[from] ability: Orichalcum Pulse|[of] p1a: Koraidon\n|-activate|p1a: Koraidon|Orichalcum Pulse|[source]\n|move|p2a: Arceus|Recover|p2a: Arceus\n|-heal|p2a: Arceus|78\/100\n|\n|-weather|SunnyDay|[upkeep]\n|upkeep\n|turn|10\n|\n|t:|1698429161\n|switch|p2a: Kyogre|Kyogre|100\/100\n|-weather|RainDance|[from] ability: Drizzle|[of] p2a: Kyogre\n|move|p1a: Koraidon|Collision Course|p2a: Kyogre\n|-damage|p2a: Kyogre|40\/100\n|\n|-weather|RainDance|[upkeep]\n|upkeep\n|turn|11\n|\n|t:|1698429172\n|move|p1a: Koraidon|Collision Course|p2a: Kyogre\n|-damage|p2a: Kyogre|0 fnt\n|faint|p2a: Kyogre\n|\n|-weather|RainDance|[upkeep]\n|upkeep\n|\n|t:|1698429180\n|switch|p2a: Shaymin|Shaymin-Sky|100\/100\n|turn|12\n|\n|t:|1698429184\n|switch|p1a: Chi-Yu|Chi-Yu|48\/100 par\n|-ability|p1a: Chi-Yu|Beads of Ruin\n|move|p2a: Shaymin|Air Slash|p1a: Chi-Yu\n|-damage|p1a: Chi-Yu|0 fnt\n|faint|p1a: Chi-Yu\n|\n|-weather|RainDance|[upkeep]\n|upkeep\n|\n|t:|1698429189\n|switch|p1a: Koraidon|Koraidon|100\/100\n|-weather|SunnyDay|[from] ability: Orichalcum Pulse|[of] p1a: Koraidon\n|-activate|p1a: Koraidon|Orichalcum Pulse|[source]\n|turn|13\n|\n|t:|1698429201\n|switch|p2a: Arceus|Arceus-Steel|78\/100\n|move|p1a: Koraidon|Flare Blitz|p2a: Arceus\n|-supereffective|p2a: Arceus\n|-damage|p2a: Arceus|0 fnt\n|faint|p2a: Arceus\n|-damage|p1a: Koraidon|72\/100|[from] Recoil\n|\n|-weather|SunnyDay|[upkeep]\n|upkeep\n|\n|t:|1698429211\n|switch|p2a: Miraidon|Miraidon|100\/100\n|-fieldstart|move: Electric Terrain|[from] ability: Hadron Engine|[of] p2a: Miraidon\n|turn|14\n|\n|t:|1698429216\n|switch|p1a: Clodsire|Clodsire, M|77\/100\n|move|p2a: Miraidon|Agility|p2a: Miraidon\n|-boost|p2a: Miraidon|spe|2\n|\n|-weather|SunnyDay|[upkeep]\n|-heal|p1a: Clodsire|83\/100|[from] item: Leftovers\n|upkeep\n|turn|15\n|\n|t:|1698429225\n|move|p2a: Miraidon|Calm Mind|p2a: Miraidon\n|-boost|p2a: Miraidon|spa|1\n|-boost|p2a: Miraidon|spd|1\n|move|p1a: Clodsire|Toxic|p2a: Miraidon\n|-status|p2a: Miraidon|tox\n|\n|-weather|SunnyDay|[upkeep]\n|-heal|p1a: Clodsire|90\/100|[from] item: Leftovers\n|-damage|p2a: Miraidon|94\/100 tox|[from] psn\n|upkeep\n|turn|16\n|\n|t:|1698429236\n|move|p2a: Miraidon|Calm Mind|p2a: Miraidon\n|-boost|p2a: Miraidon|spa|1\n|-boost|p2a: Miraidon|spd|1\n|move|p1a: Clodsire|Earthquake|p2a: Miraidon\n|-supereffective|p2a: Miraidon\n|-damage|p2a: Miraidon|50\/100 tox\n|-enditem|p2a: Miraidon|Weakness Policy\n|-boost|p2a: Miraidon|atk|2|[from] item: Weakness Policy\n|-boost|p2a: Miraidon|spa|2|[from] item: Weakness Policy\n|\n|-weather|SunnyDay|[upkeep]\n|-heal|p1a: Clodsire|96\/100|[from] item: Leftovers\n|-damage|p2a: Miraidon|38\/100 tox|[from] psn\n|upkeep\n|turn|17\n|\n|t:|1698429248\n|move|p2a: Miraidon|Draco Meteor|p1a: Clodsire\n|-damage|p1a: Clodsire|0 fnt\n|-unboost|p2a: Miraidon|spa|2\n|faint|p1a: Clodsire\n|\n|-weather|none\n|-damage|p2a: Miraidon|20\/100 tox|[from] psn\n|upkeep\n|\n|t:|1698429251\n|switch|p1a: Arceus|Arceus|100\/100\n|turn|18\n|\n|t:|1698429259\n|move|p1a: Arceus|Extreme Speed|p2a: Miraidon\n|-damage|p2a: Miraidon|0 fnt\n|faint|p2a: Miraidon\n|\n|-fieldend|move: Electric Terrain\n|upkeep\n|\n|t:|1698429266\n|switch|p2a: Zacian|Zacian-Crowned|100\/100\n|-ability|p2a: Zacian|Intrepid Sword|boost\n|-boost|p2a: Zacian|atk|1\n|turn|19\n|\n|t:|1698429277\n|move|p2a: Zacian|Trailblaze|p1a: Arceus\n|-damage|p1a: Arceus|82\/100\n|-boost|p2a: Zacian|spe|1\n|move|p1a: Arceus|Earthquake|p2a: Zacian\n|-supereffective|p2a: Zacian\n|-damage|p2a: Zacian|34\/100\n|\n|upkeep\n|turn|20\n|\n|t:|1698429296\n|-terastallize|p2a: Zacian|Fairy\n|-terastallize|p1a: Arceus|Normal\n|move|p1a: Arceus|Extreme Speed|p2a: Zacian\n|-damage|p2a: Zacian|0 fnt\n|faint|p2a: Zacian\n|\n|upkeep\n|c|\u2606FatalOblivion|Smart\n|l|\u2606Lamegazelle\n|inactive|Lamegazelle disconnected and has a minute to reconnect!\n|player|p2|\n|c|\u2606FatalOblivion|Pfffffft lmao\n|inactive|Lamegazelle has 30 seconds to reconnect!\n|inactive|Lamegazelle has 20 seconds to reconnect!\n|inactive|Lamegazelle has 15 seconds to reconnect!\n|inactive|Lamegazelle has 10 seconds to reconnect!\n|inactive|Lamegazelle has 5 seconds to reconnect!\n|-message|Lamegazelle lost due to inactivity.\n|\n|win|FatalOblivion\n|raw|FatalOblivion's rating: 1302 &rarr; <strong>1317<\/strong><br \/>(+15 for winning)\n|raw|Lamegazelle's rating: 1211 &rarr; <strong>1192<\/strong><br \/>(-19 for losing)\n|c|\u2606FatalOblivion|Lel\n","uploadtime":1698429379,"views":10,"p1id":"fataloblivion","p2id":"lamegazelle","formatid":"gen9ubers","rating":1192,"private":0,"password":""}