{"id":"gen9ubers-1998795595","p1":"Etrio","p2":"TrafalgarLaw773","format":"[Gen 9] Ubers","log":"|j|\u2606Etrio\n|j|\u2606TrafalgarLaw773\n|t:|1700992574\n|gametype|singles\n|player|p1|Etrio|veteran|\n|player|p2|TrafalgarLaw773|2|\n|teamsize|p1|6\n|teamsize|p2|6\n|gen|9\n|tier|[Gen 9] Ubers\n|rule|Sleep Clause Mod: Limit one foe put to sleep\n|rule|Species Clause: Limit one of each Pok\u00e9mon\n|rule|OHKO Clause: OHKO moves are banned\n|rule|Evasion Items Clause: Evasion items are banned\n|rule|Evasion Moves Clause: Evasion moves are banned\n|rule|Endless Battle Clause: Forcing endless battles is banned\n|rule|HP Percentage Mod: HP is shown in percentages\n|clearpoke\n|poke|p1|Chien-Pao|\n|poke|p1|Koraidon|\n|poke|p1|Walking Wake|\n|poke|p1|Basculegion, M|\n|poke|p1|Tornadus, M|\n|poke|p1|Flutter Mane|\n|poke|p2|Chi-Yu|\n|poke|p2|Regieleki|\n|poke|p2|Flutter Mane|\n|poke|p2|Koraidon|\n|poke|p2|Ursaluna-Bloodmoon, M|\n|poke|p2|Landorus-Therian, M|\n|teampreview\n|inactive|Battle timer is ON: inactive players will automatically lose when time's up. (requested by Etrio)\n|\n|t:|1700992600\n|start\n|switch|p1a: Chien-Pao|Chien-Pao|100\/100\n|switch|p2a: Landorus|Landorus-Therian, M|100\/100\n|-ability|p1a: Chien-Pao|Sword of Ruin\n|-ability|p2a: Landorus|Intimidate|boost\n|-unboost|p1a: Chien-Pao|atk|1\n|turn|1\n|\n|t:|1700992605\n|-terastallize|p2a: Landorus|Water\n|move|p1a: Chien-Pao|Icicle Crash|p2a: Landorus\n|-resisted|p2a: Landorus\n|-damage|p2a: Landorus|80\/100\n|move|p2a: Landorus|Rock Slide|p1a: Chien-Pao\n|-supereffective|p1a: Chien-Pao\n|-damage|p1a: Chien-Pao|22\/100\n|\n|upkeep\n|turn|2\n|\n|t:|1700992615\n|switch|p1a: Koraidon|Koraidon|100\/100\n|-weather|SunnyDay|[from] ability: Orichalcum Pulse|[of] p1a: Koraidon\n|-activate|p1a: Koraidon|Orichalcum Pulse|[source]\n|move|p2a: Landorus|Stealth Rock|p1a: Koraidon\n|-sidestart|p1: Etrio|move: Stealth Rock\n|\n|-weather|SunnyDay|[upkeep]\n|upkeep\n|turn|3\n|\n|t:|1700992620\n|move|p1a: Koraidon|U-turn|p2a: Landorus\n|-damage|p2a: Landorus|39\/100\n|-damage|p1a: Koraidon|84\/100|[from] item: Rocky Helmet|[of] p2a: Landorus\n|\n|t:|1700992625\n|switch|p1a: Chien-Pao|Chien-Pao|22\/100|[from] U-turn\n|-damage|p1a: Chien-Pao|0 fnt|[from] Stealth Rock\n|faint|p1a: Chien-Pao\n|move|p2a: Landorus|U-turn|p1: Chien-Pao|[notarget]\n|-fail|p2a: Landorus\n|\n|-weather|SunnyDay|[upkeep]\n|upkeep\n|\n|t:|1700992636\n|switch|p1a: Walking Wake|Walking Wake|100\/100\n|-damage|p1a: Walking Wake|88\/100|[from] Stealth Rock\n|-activate|p1a: Walking Wake|ability: Protosynthesis\n|-start|p1a: Walking Wake|protosynthesisspe\n|turn|4\n|\n|t:|1700992645\n|move|p1a: Walking Wake|Hydro Steam|p2a: Landorus\n|-resisted|p2a: Landorus\n|-damage|p2a: Landorus|0 fnt\n|faint|p2a: Landorus\n|\n|-weather|SunnyDay|[upkeep]\n|upkeep\n|\n|t:|1700992654\n|switch|p2a: Regieleki|Regieleki|100\/100\n|turn|5\n|\n|t:|1700992657\n|move|p2a: Regieleki|Light Screen|p2a: Regieleki\n|-sidestart|p2: TrafalgarLaw773|move: Light Screen\n|move|p1a: Walking Wake|Hydro Steam|p2a: Regieleki\n|-damage|p2a: Regieleki|25\/100\n|\n|-weather|SunnyDay|[upkeep]\n|upkeep\n|turn|6\n|\n|t:|1700992661\n|move|p2a: Regieleki|Electroweb|p1a: Walking Wake\n|-damage|p1a: Walking Wake|60\/100\n|-unboost|p1a: Walking Wake|spe|1\n|move|p1a: Walking Wake|Hydro Steam|p2a: Regieleki\n|-damage|p2a: Regieleki|0 fnt\n|faint|p2a: Regieleki\n|\n|-weather|none\n|-end|p1a: Walking Wake|Protosynthesis\n|upkeep\n|\n|t:|1700992680\n|switch|p2a: Koraidon|Koraidon|100\/100\n|-weather|SunnyDay|[from] ability: Orichalcum Pulse|[of] p2a: Koraidon\n|-activate|p1a: Walking Wake|ability: Protosynthesis\n|-start|p1a: Walking Wake|protosynthesisspa\n|-activate|p2a: Koraidon|Orichalcum Pulse|[source]\n|turn|7\n|\n|t:|1700992691\n|move|p2a: Koraidon|Flame Charge|p1a: Walking Wake\n|-resisted|p1a: Walking Wake\n|-damage|p1a: Walking Wake|51\/100\n|-boost|p2a: Koraidon|spe|1\n|move|p1a: Walking Wake|Hydro Steam|p2a: Koraidon\n|-resisted|p2a: Koraidon\n|-damage|p2a: Koraidon|69\/100\n|\n|-weather|SunnyDay|[upkeep]\n|-heal|p2a: Koraidon|75\/100|[from] item: Leftovers\n|upkeep\n|turn|8\n|\n|t:|1700992703\n|move|p2a: Koraidon|Collision Course|p1a: Walking Wake\n|-damage|p1a: Walking Wake|0 fnt\n|faint|p1a: Walking Wake\n|-end|p1a: Walking Wake|Protosynthesis|[silent]\n|\n|-weather|SunnyDay|[upkeep]\n|-heal|p2a: Koraidon|81\/100|[from] item: Leftovers\n|upkeep\n|\n|t:|1700992705\n|switch|p1a: Tornadus|Tornadus, M|100\/100\n|-damage|p1a: Tornadus|76\/100|[from] Stealth Rock\n|turn|9\n|\n|t:|1700992709\n|move|p1a: Tornadus|Tailwind|p1a: Tornadus\n|-sidestart|p1: Etrio|move: Tailwind\n|move|p2a: Koraidon|Flare Blitz|p1a: Tornadus\n|-damage|p1a: Tornadus|0 fnt\n|faint|p1a: Tornadus\n|-damage|p2a: Koraidon|55\/100|[from] Recoil\n|\n|-weather|SunnyDay|[upkeep]\n|-heal|p2a: Koraidon|61\/100|[from] item: Leftovers\n|upkeep\n|\n|t:|1700992715\n|switch|p1a: Flutter Mane|Flutter Mane|100\/100\n|-damage|p1a: Flutter Mane|88\/100|[from] Stealth Rock\n|-activate|p1a: Flutter Mane|ability: Protosynthesis\n|-start|p1a: Flutter Mane|protosynthesisspe\n|turn|10\n|\n|t:|1700992726\n|move|p1a: Flutter Mane|Moonblast|p2a: Koraidon\n|-supereffective|p2a: Koraidon\n|-damage|p2a: Koraidon|0 fnt\n|faint|p2a: Koraidon\n|-damage|p1a: Flutter Mane|78\/100|[from] item: Life Orb\n|\n|-weather|SunnyDay|[upkeep]\n|upkeep\n|\n|t:|1700992728\n|switch|p2a: Ursaluna|Ursaluna-Bloodmoon, M|100\/100\n|turn|11\n|\n|t:|1700992737\n|move|p1a: Flutter Mane|Mystical Fire|p2a: Ursaluna\n|-damage|p2a: Ursaluna|80\/100\n|-unboost|p2a: Ursaluna|spa|1\n|-damage|p1a: Flutter Mane|68\/100|[from] item: Life Orb\n|move|p2a: Ursaluna|Hyper Voice|p1a: Flutter Mane\n|-damage|p1a: Flutter Mane|28\/100\n|\n|-weather|none\n|-end|p1a: Flutter Mane|Protosynthesis\n|upkeep\n|turn|12\n|\n|t:|1700992750\n|move|p1a: Flutter Mane|Moonblast|p2a: Ursaluna\n|-damage|p2a: Ursaluna|54\/100\n|-damage|p1a: Flutter Mane|18\/100|[from] item: Life Orb\n|move|p2a: Ursaluna|Moonblast|p1a: Flutter Mane\n|-damage|p1a: Flutter Mane|0 fnt\n|faint|p1a: Flutter Mane\n|-end|p1a: Flutter Mane|Protosynthesis|[silent]\n|\n|-sideend|p2: TrafalgarLaw773|move: Light Screen\n|-sideend|p1: Etrio|move: Tailwind\n|upkeep\n|\n|t:|1700992752\n|switch|p1a: Koraidon|Koraidon|84\/100\n|-damage|p1a: Koraidon|78\/100|[from] Stealth Rock\n|-weather|SunnyDay|[from] ability: Orichalcum Pulse|[of] p1a: Koraidon\n|-activate|p1a: Koraidon|Orichalcum Pulse|[source]\n|turn|13\n|\n|t:|1700992767\n|move|p1a: Koraidon|Flare Blitz|p2a: Ursaluna\n|-damage|p2a: Ursaluna|0 fnt\n|faint|p2a: Ursaluna\n|-damage|p1a: Koraidon|55\/100|[from] Recoil\n|\n|-weather|SunnyDay|[upkeep]\n|upkeep\n|\n|t:|1700992773\n|switch|p2a: Flutter Mane|Flutter Mane|100\/100\n|-activate|p2a: Flutter Mane|ability: Protosynthesis\n|-start|p2a: Flutter Mane|protosynthesisspe\n|turn|14\n|\n|t:|1700992776\n|-terastallize|p1a: Koraidon|Fire\n|move|p2a: Flutter Mane|Dazzling Gleam|p1a: Koraidon\n|-resisted|p1a: Koraidon\n|-damage|p1a: Koraidon|22\/100\n|move|p1a: Koraidon|Flare Blitz|p2a: Flutter Mane\n|-damage|p2a: Flutter Mane|0 fnt\n|faint|p2a: Flutter Mane\n|-end|p2a: Flutter Mane|Protosynthesis|[silent]\n|-damage|p1a: Koraidon|0 fnt|[from] Recoil\n|faint|p1a: Koraidon\n|\n|-weather|SunnyDay|[upkeep]\n|upkeep\n|\n|t:|1700992781\n|switch|p2a: Chi-Yu|Chi-Yu|100\/100\n|switch|p1a: Basculegion|Basculegion, M|100\/100\n|-ability|p2a: Chi-Yu|Beads of Ruin\n|-damage|p1a: Basculegion|88\/100|[from] Stealth Rock\n|turn|15\n|\n|t:|1700992787\n|move|p2a: Chi-Yu|Dark Pulse|p1a: Basculegion\n|-supereffective|p1a: Basculegion\n|-damage|p1a: Basculegion|0 fnt\n|faint|p1a: Basculegion\n|\n|win|TrafalgarLaw773\n|c|\u2606Etrio|gg\n|l|\u2606Etrio\n","uploadtime":1700992849,"views":19,"p1id":"etrio","p2id":"trafalgarlaw773","formatid":"gen9ubers","rating":0,"private":0,"password":""}