{"id":"gen9ubers-1977738850","p1":"SadaShidz\ufe0f","p2":"FrostbiteFaker989","format":"[Gen 9] Ubers","log":"|j|\u203dSadaShidz\ufe0f\n|j|\u2606FrostbiteFaker989\n|t:|1698443962\n|gametype|singles\n|player|p1|SadaShidz\ufe0f|sada-ai|1187\n|player|p2|FrostbiteFaker989|steven-masters|1086\n|teamsize|p1|6\n|teamsize|p2|6\n|gen|9\n|tier|[Gen 9] Ubers\n|rated|\n|rule|Sleep Clause Mod: Limit one foe put to sleep\n|rule|Species Clause: Limit one of each Pok\u00e9mon\n|rule|OHKO Clause: OHKO moves are banned\n|rule|Evasion Items Clause: Evasion items are banned\n|rule|Evasion Moves Clause: Evasion moves are banned\n|rule|Endless Battle Clause: Forcing endless battles is banned\n|rule|HP Percentage Mod: HP is shown in percentages\n|clearpoke\n|poke|p1|Ribombee, M|\n|poke|p1|Shaymin-Sky|\n|poke|p1|Amoonguss, M|\n|poke|p1|Darkrai|\n|poke|p1|Manaphy|\n|poke|p1|Koraidon|\n|poke|p2|Volcarona, F|\n|poke|p2|Pincurchin, F|\n|poke|p2|Kingambit, M|\n|poke|p2|Palafin, F|\n|poke|p2|Raichu-Alola, F|\n|poke|p2|Arceus-Fighting|\n|teampreview\n|inactive|Battle timer is ON: inactive players will automatically lose when time's up. (requested by FrostbiteFaker989)\n|\n|t:|1698443974\n|start\n|switch|p1a: Ribombee|Ribombee, M, shiny|100\/100\n|switch|p2a: Radiant|Pincurchin, F|100\/100\n|-fieldstart|move: Electric Terrain|[from] ability: Electric Surge|[of] p2a: Radiant\n|turn|1\n|\n|t:|1698443977\n|move|p1a: Ribombee|Sticky Web|p2a: Radiant\n|-sidestart|p2: FrostbiteFaker989|move: Sticky Web\n|move|p2a: Radiant|Zing Zap|p1a: Ribombee\n|-damage|p1a: Ribombee|41\/100\n|\n|upkeep\n|turn|2\n|\n|t:|1698443983\n|move|p1a: Ribombee|U-turn|p2a: Radiant\n|-damage|p2a: Radiant|88\/100\n|\n|t:|1698443985\n|switch|p1a: Amoonguss|Amoonguss, M, shiny|100\/100|[from] U-turn\n|move|p2a: Radiant|Zing Zap|p1a: Amoonguss\n|-resisted|p1a: Amoonguss\n|-damage|p1a: Amoonguss|83\/100\n|\n|-heal|p1a: Amoonguss|89\/100|[from] item: Black Sludge\n|upkeep\n|turn|3\n|\n|t:|1698443990\n|move|p1a: Amoonguss|Sludge Bomb|p2a: Radiant\n|-damage|p2a: Radiant|37\/100\n|move|p2a: Radiant|Curse|p2a: Radiant\n|-unboost|p2a: Radiant|spe|1\n|-boost|p2a: Radiant|atk|1\n|-boost|p2a: Radiant|def|1\n|\n|-heal|p1a: Amoonguss|95\/100|[from] item: Black Sludge\n|upkeep\n|turn|4\n|\n|t:|1698443993\n|move|p1a: Amoonguss|Sludge Bomb|p2a: Radiant\n|-damage|p2a: Radiant|0 fnt\n|faint|p2a: Radiant\n|\n|-heal|p1a: Amoonguss|100\/100|[from] item: Black Sludge\n|upkeep\n|\n|t:|1698444001\n|switch|p2a: Arceus|Arceus-Fighting|100\/100\n|-activate|p2a: Arceus|move: Sticky Web\n|-unboost|p2a: Arceus|spe|1\n|turn|5\n|\n|t:|1698444012\n|switch|p1a: Ribombee|Ribombee, M, shiny|41\/100\n|move|p2a: Arceus|Calm Mind|p2a: Arceus\n|-boost|p2a: Arceus|spa|1\n|-boost|p2a: Arceus|spd|1\n|\n|upkeep\n|turn|6\n|\n|t:|1698444018\n|move|p1a: Ribombee|Stun Spore|p2a: Arceus\n|-status|p2a: Arceus|par\n|move|p2a: Arceus|Calm Mind|p2a: Arceus\n|-boost|p2a: Arceus|spa|1\n|-boost|p2a: Arceus|spd|1\n|\n|upkeep\n|turn|7\n|\n|t:|1698444021\n|move|p1a: Ribombee|Moonblast|p2a: Arceus\n|-supereffective|p2a: Arceus\n|-damage|p2a: Arceus|80\/100 par\n|move|p2a: Arceus|Iron Defense|p2a: Arceus\n|-boost|p2a: Arceus|def|2\n|\n|upkeep\n|turn|8\n|\n|t:|1698444029\n|switch|p1a: Shaymin|Shaymin-Sky, shiny|100\/100\n|move|p2a: Arceus|Calm Mind|p2a: Arceus\n|-boost|p2a: Arceus|spa|1\n|-boost|p2a: Arceus|spd|1\n|\n|-fieldend|move: Electric Terrain\n|upkeep\n|turn|9\n|\n|t:|1698444034\n|-terastallize|p1a: Shaymin|Flying\n|move|p1a: Shaymin|Air Slash|p2a: Arceus\n|-supereffective|p2a: Arceus\n|-damage|p2a: Arceus|37\/100 par\n|cant|p2a: Arceus|flinch\n|\n|upkeep\n|turn|10\n|\n|t:|1698444041\n|-terastallize|p2a: Arceus|Psychic\n|move|p1a: Shaymin|Air Slash|p2a: Arceus\n|-damage|p2a: Arceus|16\/100 par\n|move|p2a: Arceus|Stored Power|p1a: Shaymin\n|-damage|p1a: Shaymin|0 fnt\n|faint|p1a: Shaymin\n|\n|upkeep\n|\n|t:|1698444052\n|switch|p1a: Amoonguss|Amoonguss, M, shiny|100\/100\n|turn|11\n|\n|t:|1698444053\n|move|p1a: Amoonguss|Hex|p2a: Arceus\n|-supereffective|p2a: Arceus\n|-damage|p2a: Arceus|0 fnt\n|faint|p2a: Arceus\n|\n|upkeep\n|\n|t:|1698444061\n|switch|p2a: Raging Flame|Volcarona, F|100\/100\n|turn|12\n|\n|t:|1698444063\n|move|p2a: Raging Flame|Quiver Dance|p2a: Raging Flame\n|-boost|p2a: Raging Flame|spa|1\n|-boost|p2a: Raging Flame|spd|1\n|-boost|p2a: Raging Flame|spe|1\n|move|p1a: Amoonguss|Spore|p2a: Raging Flame\n|-status|p2a: Raging Flame|slp|[from] move: Spore\n|\n|upkeep\n|turn|13\n|\n|t:|1698444068\n|switch|p1a: Darkrai|Darkrai, shiny|100\/100\n|cant|p2a: Raging Flame|slp\n|\n|-damage|p2a: Raging Flame|88\/100 slp|[from] ability: Bad Dreams|[of] p1a: Darkrai\n|upkeep\n|turn|14\n|\n|t:|1698444070\n|cant|p2a: Raging Flame|slp\n|move|p1a: Darkrai|Calm Mind|p1a: Darkrai\n|-boost|p1a: Darkrai|spa|1\n|-boost|p1a: Darkrai|spd|1\n|\n|-damage|p2a: Raging Flame|76\/100 slp|[from] ability: Bad Dreams|[of] p1a: Darkrai\n|upkeep\n|turn|15\n|\n|t:|1698444073\n|cant|p2a: Raging Flame|slp\n|move|p1a: Darkrai|Dream Eater|p2a: Raging Flame\n|-damage|p2a: Raging Flame|40\/100 slp\n|\n|-damage|p2a: Raging Flame|28\/100 slp|[from] ability: Bad Dreams|[of] p1a: Darkrai\n|upkeep\n|turn|16\n|\n|t:|1698444075\n|-curestatus|p2a: Raging Flame|slp|[msg]\n|move|p2a: Raging Flame|Flamethrower|p1a: Darkrai\n|-damage|p1a: Darkrai|51\/100\n|move|p1a: Darkrai|Dark Pulse|p2a: Raging Flame\n|-damage|p2a: Raging Flame|0 fnt\n|faint|p2a: Raging Flame\n|\n|upkeep\n|\n|t:|1698444084\n|switch|p2a: Palafin|Palafin, F|100\/100\n|-activate|p2a: Palafin|move: Sticky Web\n|-unboost|p2a: Palafin|spe|1\n|turn|17\n|\n|t:|1698444089\n|move|p1a: Darkrai|Hypnosis|p2a: Palafin\n|-status|p2a: Palafin|slp|[from] move: Hypnosis\n|cant|p2a: Palafin|slp\n|\n|-damage|p2a: Palafin|88\/100 slp|[from] ability: Bad Dreams|[of] p1a: Darkrai\n|upkeep\n|turn|18\n|\n|t:|1698444091\n|move|p1a: Darkrai|Dream Eater|p2a: Palafin\n|-damage|p2a: Palafin|15\/100 slp\n|-heal|p1a: Darkrai|96\/100|[from] drain|[of] p2a: Palafin\n|cant|p2a: Palafin|slp\n|\n|-damage|p2a: Palafin|3\/100 slp|[from] ability: Bad Dreams|[of] p1a: Darkrai\n|upkeep\n|turn|19\n|\n|t:|1698444094\n|move|p1a: Darkrai|Dream Eater|p2a: Palafin\n|-damage|p2a: Palafin|0 fnt\n|-heal|p1a: Darkrai|97\/100|[from] drain|[of] p2a: Palafin\n|faint|p2a: Palafin\n|\n|upkeep\n|\n|t:|1698444096\n|switch|p2a: Kingambit|Kingambit, M|100\/100\n|-activate|p2a: Kingambit|move: Sticky Web\n|-unboost|p2a: Kingambit|spe|1\n|-activate|p2a: Kingambit|ability: Supreme Overlord\n|-start|p2a: Kingambit|fallen4|[silent]\n|turn|20\n|\n|t:|1698444102\n|move|p1a: Darkrai|Hypnosis|p2a: Kingambit|[miss]\n|-miss|p1a: Darkrai|p2a: Kingambit\n|move|p2a: Kingambit|Swords Dance|p2a: Kingambit\n|-boost|p2a: Kingambit|atk|2\n|\n|upkeep\n|turn|21\n|\n|t:|1698444107\n|move|p2a: Kingambit|Sucker Punch||[still]\n|-fail|p2a: Kingambit\n|move|p1a: Darkrai|Hypnosis|p2a: Kingambit|[miss]\n|-miss|p1a: Darkrai|p2a: Kingambit\n|\n|upkeep\n|turn|22\n|\n|t:|1698444109\n|move|p1a: Darkrai|Hypnosis|p2a: Kingambit|[miss]\n|-miss|p1a: Darkrai|p2a: Kingambit\n|move|p2a: Kingambit|Kowtow Cleave|p1a: Darkrai\n|-resisted|p1a: Darkrai\n|-damage|p1a: Darkrai|0 fnt\n|faint|p1a: Darkrai\n|\n|upkeep\n|\n|t:|1698444118\n|switch|p1a: Ribombee|Ribombee, M, shiny|41\/100\n|turn|23\n|\n|t:|1698444124\n|move|p1a: Ribombee|Stun Spore|p2a: Kingambit|[miss]\n|-miss|p1a: Ribombee|p2a: Kingambit\n|move|p2a: Kingambit|Iron Head|p1a: Ribombee\n|-supereffective|p1a: Ribombee\n|-damage|p1a: Ribombee|0 fnt\n|faint|p1a: Ribombee\n|\n|upkeep\n|\n|t:|1698444125\n|switch|p1a: Koraidon|Koraidon|100\/100\n|-weather|SunnyDay|[from] ability: Orichalcum Pulse|[of] p1a: Koraidon\n|-activate|p1a: Koraidon|Orichalcum Pulse|[source]\n|turn|24\n|\n|t:|1698444131\n|move|p2a: Kingambit|Sucker Punch|p1a: Koraidon\n|-resisted|p1a: Koraidon\n|-damage|p1a: Koraidon|38\/100\n|move|p1a: Koraidon|Collision Course|p2a: Kingambit\n|-supereffective|p2a: Kingambit\n|-damage|p2a: Kingambit|0 fnt\n|faint|p2a: Kingambit\n|-end|p2a: Kingambit|fallen4|[silent]\n|\n|-weather|SunnyDay|[upkeep]\n|upkeep\n|\n|t:|1698444137\n|switch|p2a: Raichu|Raichu-Alola, F|100\/100\n|-activate|p2a: Raichu|move: Sticky Web\n|-unboost|p2a: Raichu|spe|1\n|turn|25\n|\n|t:|1698444152\n|move|p1a: Koraidon|Collision Course|p2a: Raichu\n|-resisted|p2a: Raichu\n|-damage|p2a: Raichu|15\/100\n|move|p2a: Raichu|Draining Kiss|p1a: Koraidon\n|-supereffective|p1a: Koraidon\n|-damage|p1a: Koraidon|0 fnt\n|-heal|p2a: Raichu|52\/100|[from] drain|[of] p1a: Koraidon\n|faint|p1a: Koraidon\n|\n|-weather|SunnyDay|[upkeep]\n|upkeep\n|\n|t:|1698444158\n|switch|p1a: Manaphy|Manaphy, shiny|100\/100\n|turn|26\n|\n|t:|1698444162\n|move|p1a: Manaphy|Take Heart|p1a: Manaphy\n|-boost|p1a: Manaphy|spa|1\n|-boost|p1a: Manaphy|spd|1\n|move|p2a: Raichu|Draining Kiss|p1a: Manaphy\n|-damage|p1a: Manaphy|89\/100\n|-heal|p2a: Raichu|65\/100|[from] drain|[of] p1a: Manaphy\n|\n|-weather|SunnyDay|[upkeep]\n|-heal|p1a: Manaphy|95\/100|[from] item: Leftovers\n|upkeep\n|turn|27\n|\n|t:|1698444164\n|move|p1a: Manaphy|Take Heart|p1a: Manaphy\n|-boost|p1a: Manaphy|spa|1\n|-boost|p1a: Manaphy|spd|1\n|move|p2a: Raichu|Draining Kiss|p1a: Manaphy\n|-damage|p1a: Manaphy|86\/100\n|-heal|p2a: Raichu|76\/100|[from] drain|[of] p1a: Manaphy\n|\n|-weather|SunnyDay|[upkeep]\n|-heal|p1a: Manaphy|92\/100|[from] item: Leftovers\n|upkeep\n|turn|28\n|\n|t:|1698444166\n|move|p1a: Manaphy|Take Heart|p1a: Manaphy\n|-boost|p1a: Manaphy|spa|1\n|-boost|p1a: Manaphy|spd|1\n|move|p2a: Raichu|Draining Kiss|p1a: Manaphy\n|-damage|p1a: Manaphy|85\/100\n|-heal|p2a: Raichu|84\/100|[from] drain|[of] p1a: Manaphy\n|\n|-weather|none\n|-heal|p1a: Manaphy|91\/100|[from] item: Leftovers\n|upkeep\n|turn|29\n|\n|t:|1698444168\n|move|p1a: Manaphy|Stored Power|p2a: Raichu\n|-resisted|p2a: Raichu\n|-damage|p2a: Raichu|1\/100\n|move|p2a: Raichu|Draining Kiss|p1a: Manaphy\n|-damage|p1a: Manaphy|85\/100\n|-heal|p2a: Raichu|9\/100|[from] drain|[of] p1a: Manaphy\n|\n|-heal|p1a: Manaphy|91\/100|[from] item: Leftovers\n|upkeep\n|turn|30\n|\n|t:|1698444171\n|move|p1a: Manaphy|Scald|p2a: Raichu\n|-damage|p2a: Raichu|0 fnt\n|faint|p2a: Raichu\n|\n|win|SadaShidz\ufe0f\n|raw|SadaShidz\ufe0f's rating: 1187 &rarr; <strong>1205<\/strong><br \/>(+18 for winning)\n|raw|FrostbiteFaker989's rating: 1086 &rarr; <strong>1070<\/strong><br \/>(-16 for losing)\n|l|\u2606FrostbiteFaker989\n","uploadtime":1698444178,"views":7,"p1id":"sadashidz","p2id":"frostbitefaker989","formatid":"gen9ubers","rating":1070,"private":0,"password":""}