{"id":"gen9ubers-1974594943","p1":"11H0","p2":"fabxorusVGC","format":"[Gen 9] Ubers","log":"|j|\u260611H0\n|j|\u2606fabxorusVGC\n|t:|1698100780\n|gametype|singles\n|player|p1|11H0|gambler|1079\n|player|p2|fabxorusVGC|hilbert|1045\n|teamsize|p1|6\n|teamsize|p2|6\n|gen|9\n|tier|[Gen 9] Ubers\n|rated|\n|rule|Sleep Clause Mod: Limit one foe put to sleep\n|rule|Species Clause: Limit one of each Pok\u00e9mon\n|rule|OHKO Clause: OHKO moves are banned\n|rule|Evasion Items Clause: Evasion items are banned\n|rule|Evasion Moves Clause: Evasion moves are banned\n|rule|Endless Battle Clause: Forcing endless battles is banned\n|rule|HP Percentage Mod: HP is shown in percentages\n|clearpoke\n|poke|p1|Annihilape, F|\n|poke|p1|Volcarona, F|\n|poke|p1|Garganacl, M|\n|poke|p1|Walking Wake|\n|poke|p1|Iron Moth|\n|poke|p1|Slither Wing|\n|poke|p2|Altaria, F|\n|poke|p2|Lokix, M|\n|poke|p2|Clawitzer, M|\n|poke|p2|Chansey, F|\n|poke|p2|Annihilape, M|\n|poke|p2|Volcarona, F|\n|teampreview\n|inactive|Battle timer is ON: inactive players will automatically lose when time's up. (requested by fabxorusVGC)\n|\n|t:|1698100796\n|start\n|switch|p1a: Messiah|Walking Wake|100\/100\n|switch|p2a: Lokix|Lokix, M|100\/100\n|turn|1\n|\n|t:|1698100804\n|-terastallize|p2a: Lokix|Dark\n|move|p1a: Messiah|Protect|p1a: Messiah\n|-singleturn|p1a: Messiah|Protect\n|move|p2a: Lokix|Swords Dance|p2a: Lokix\n|-boost|p2a: Lokix|atk|2\n|\n|upkeep\n|turn|2\n|\n|t:|1698100814\n|move|p2a: Lokix|Sucker Punch||[still]\n|-fail|p2a: Lokix\n|move|p1a: Messiah|Roar|p2a: Lokix\n|drag|p2a: Annihilape|Annihilape, M, shiny|100\/100\n|\n|upkeep\n|turn|3\n|\n|t:|1698100823\n|move|p1a: Messiah|Substitute|p1a: Messiah\n|-start|p1a: Messiah|Substitute\n|-damage|p1a: Messiah|76\/100\n|move|p2a: Annihilape|Bulk Up|p2a: Annihilape\n|-boost|p2a: Annihilape|atk|1\n|-boost|p2a: Annihilape|def|1\n|\n|upkeep\n|turn|4\n|\n|t:|1698100841\n|move|p2a: Annihilape|Drain Punch|p1a: Messiah\n|-end|p1a: Messiah|Substitute\n|move|p1a: Messiah|Roar|p2a: Annihilape\n|drag|p2a: Chansey|Chansey, F|100\/100\n|\n|upkeep\n|turn|5\n|\n|t:|1698100852\n|move|p1a: Messiah|Protect|p1a: Messiah\n|-singleturn|p1a: Messiah|Protect\n|move|p2a: Chansey|Stealth Rock|p1a: Messiah\n|-sidestart|p1: 11H0|move: Stealth Rock\n|\n|upkeep\n|turn|6\n|\n|t:|1698100857\n|move|p1a: Messiah|Substitute|p1a: Messiah\n|-start|p1a: Messiah|Substitute\n|-damage|p1a: Messiah|51\/100\n|move|p2a: Chansey|Thunder Wave||[still]\n|-fail|p2a: Chansey\n|\n|upkeep\n|turn|7\n|\n|t:|1698100863\n|move|p2a: Chansey|Seismic Toss|p1a: Messiah\n|-end|p1a: Messiah|Substitute\n|move|p1a: Messiah|Roar|p2a: Chansey\n|drag|p2a: Volcarona|Volcarona, F|100\/100\n|\n|upkeep\n|turn|8\n|\n|t:|1698100872\n|move|p1a: Messiah|Scald|p2a: Volcarona\n|-supereffective|p2a: Volcarona\n|-damage|p2a: Volcarona|39\/100\n|move|p2a: Volcarona|Quiver Dance|p2a: Volcarona\n|-boost|p2a: Volcarona|spa|1\n|-boost|p2a: Volcarona|spd|1\n|-boost|p2a: Volcarona|spe|1\n|\n|upkeep\n|turn|9\n|\n|t:|1698100881\n|move|p2a: Volcarona|Giga Drain|p1a: Messiah\n|-damage|p1a: Messiah|19\/100\n|-heal|p2a: Volcarona|58\/100|[from] drain|[of] p1a: Messiah\n|move|p1a: Messiah|Scald|p2a: Volcarona\n|-supereffective|p2a: Volcarona\n|-damage|p2a: Volcarona|17\/100\n|\n|upkeep\n|turn|10\n|\n|t:|1698100889\n|move|p2a: Volcarona|Giga Drain|p1a: Messiah\n|-damage|p1a: Messiah|0 fnt\n|-heal|p2a: Volcarona|28\/100|[from] drain|[of] p1a: Messiah\n|faint|p1a: Messiah\n|-end|p1a: Messiah|Protosynthesis|[silent]\n|\n|upkeep\n|\n|t:|1698100902\n|switch|p1a: Giganto|Garganacl, M|100\/100\n|-damage|p1a: Giganto|88\/100|[from] Stealth Rock\n|turn|11\n|\n|t:|1698100906\n|move|p2a: Volcarona|Giga Drain|p1a: Giganto\n|-supereffective|p1a: Giganto\n|-crit|p1a: Giganto\n|-damage|p1a: Giganto|0 fnt\n|-heal|p2a: Volcarona|80\/100|[from] drain|[of] p1a: Giganto\n|faint|p1a: Giganto\n|\n|upkeep\n|\n|t:|1698100909\n|switch|p1a: Lucere|Volcarona, F|100\/100\n|-damage|p1a: Lucere|50\/100|[from] Stealth Rock\n|turn|12\n|\n|t:|1698100917\n|move|p2a: Volcarona|Fiery Dance|p1a: Lucere\n|-damage|p1a: Lucere|4\/100\n|-boost|p2a: Volcarona|spa|1\n|move|p1a: Lucere|Quiver Dance|p1a: Lucere\n|-boost|p1a: Lucere|spa|1\n|-boost|p1a: Lucere|spd|1\n|-boost|p1a: Lucere|spe|1\n|\n|-heal|p1a: Lucere|10\/100|[from] item: Leftovers\n|upkeep\n|turn|13\n|\n|t:|1698100928\n|move|p2a: Volcarona|Fiery Dance|p1a: Lucere\n|-damage|p1a: Lucere|0 fnt\n|faint|p1a: Lucere\n|\n|upkeep\n|\n|t:|1698100934\n|switch|p1a: Invadere|Iron Moth|100\/100\n|-damage|p1a: Invadere|76\/100|[from] Stealth Rock\n|turn|14\n|\n|t:|1698100945\n|move|p2a: Volcarona|Quiver Dance|p2a: Volcarona\n|-boost|p2a: Volcarona|spa|1\n|-boost|p2a: Volcarona|spd|1\n|-boost|p2a: Volcarona|spe|1\n|move|p1a: Invadere|Sludge Wave|p2a: Volcarona\n|-damage|p2a: Volcarona|54\/100\n|\n|upkeep\n|turn|15\n|\n|t:|1698100953\n|move|p2a: Volcarona|Fiery Dance|p1a: Invadere\n|-resisted|p1a: Invadere\n|-damage|p1a: Invadere|44\/100\n|move|p1a: Invadere|Sludge Wave|p2a: Volcarona\n|-crit|p2a: Volcarona\n|-damage|p2a: Volcarona|0 fnt\n|faint|p2a: Volcarona\n|\n|upkeep\n|\n|t:|1698100965\n|switch|p2a: Lokix|Lokix, M, tera:Dark|100\/100\n|turn|16\n|\n|t:|1698100970\n|move|p2a: Lokix|Sucker Punch|p1a: Invadere\n|-damage|p1a: Invadere|0 fnt\n|faint|p1a: Invadere\n|-end|p1a: Invadere|Quark Drive|[silent]\n|-damage|p2a: Lokix|91\/100|[from] item: Life Orb\n|\n|upkeep\n|\n|t:|1698100973\n|switch|p1a: Ikari|Annihilape, F|100\/100\n|-damage|p1a: Ikari|94\/100|[from] Stealth Rock\n|turn|17\n|\n|t:|1698100984\n|switch|p2a: Altaria|Altaria, F, shiny|100\/100\n|move|p1a: Ikari|Encore||[still]\n|-fail|p1a: Ikari\n|\n|upkeep\n|turn|18\n|\n|t:|1698100992\n|move|p1a: Ikari|Taunt|p2a: Altaria\n|-start|p2a: Altaria|move: Taunt\n|cant|p2a: Altaria|move: Taunt|Will-O-Wisp\n|\n|upkeep\n|turn|19\n|\n|t:|1698100997\n|move|p1a: Ikari|Encore||[still]\n|-fail|p1a: Ikari\n|move|p2a: Altaria|Hurricane|p1a: Ikari|[miss]\n|-miss|p2a: Altaria|p1a: Ikari\n|\n|upkeep\n|turn|20\n|\n|t:|1698101008\n|move|p1a: Ikari|Gunk Shot|p2a: Altaria\n|-damage|p2a: Altaria|64\/100\n|-damage|p1a: Ikari|84\/100|[from] item: Life Orb\n|move|p2a: Altaria|Hurricane|p1a: Ikari\n|-supereffective|p1a: Ikari\n|-damage|p1a: Ikari|21\/100\n|\n|-end|p2a: Altaria|move: Taunt\n|upkeep\n|turn|21\n|\n|t:|1698101019\n|move|p1a: Ikari|Taunt|p2a: Altaria\n|-start|p2a: Altaria|move: Taunt\n|move|p2a: Altaria|Hurricane|p1a: Ikari\n|-supereffective|p1a: Ikari\n|-damage|p1a: Ikari|0 fnt\n|faint|p1a: Ikari\n|\n|upkeep\n|\n|t:|1698101021\n|switch|p1a: Pugnare|Slither Wing|100\/100\n|-damage|p1a: Pugnare|88\/100|[from] Stealth Rock\n|turn|22\n|\n|t:|1698101031\n|move|p1a: Pugnare|First Impression|p2a: Altaria\n|-resisted|p2a: Altaria\n|-damage|p2a: Altaria|38\/100\n|-damage|p1a: Pugnare|72\/100|[from] item: Rocky Helmet|[of] p2a: Altaria\n|move|p2a: Altaria|Hurricane|p1a: Pugnare\n|-supereffective|p1a: Pugnare\n|-damage|p1a: Pugnare|0 fnt\n|faint|p1a: Pugnare\n|-end|p1a: Pugnare|Protosynthesis|[silent]\n|\n|win|fabxorusVGC\n|raw|11H0's rating: 1079 &rarr; <strong>1055<\/strong><br \/>(-24 for losing)\n|raw|fabxorusVGC's rating: 1045 &rarr; <strong>1081<\/strong><br \/>(+36 for winning)\n","uploadtime":1698101047,"views":9,"p1id":"11h0","p2id":"fabxorusvgc","formatid":"gen9ubers","rating":1055,"private":0,"password":""}