{"id":"gen9ubers-1971267021","p1":"CyrusInFaith","p2":"RandomPyrotozTeams","format":"[Gen 9] Ubers","log":"|j|\u2606CyrusInFaith\n|j|\u2606RandomPyrotozTeams\n|t:|1697725080\n|gametype|singles\n|player|p1|CyrusInFaith|101|1133\n|player|p2|RandomPyrotozTeams|102|1140\n|teamsize|p1|6\n|teamsize|p2|6\n|gen|9\n|tier|[Gen 9] Ubers\n|rated|\n|rule|Sleep Clause Mod: Limit one foe put to sleep\n|rule|Species Clause: Limit one of each Pok\u00e9mon\n|rule|OHKO Clause: OHKO moves are banned\n|rule|Evasion Items Clause: Evasion items are banned\n|rule|Evasion Moves Clause: Evasion moves are banned\n|rule|Endless Battle Clause: Forcing endless battles is banned\n|rule|HP Percentage Mod: HP is shown in percentages\n|clearpoke\n|poke|p1|Rayquaza|\n|poke|p1|Dialga-Origin|\n|poke|p1|Palkia-Origin|\n|poke|p1|Corviknight, F|\n|poke|p1|Ribombee, F|\n|poke|p1|Arceus|\n|poke|p2|Koraidon|\n|poke|p2|Miraidon|\n|poke|p2|Conkeldurr, F|\n|poke|p2|Palafin, M|\n|poke|p2|Dialga|\n|poke|p2|Ursaluna-Bloodmoon, M|\n|teampreview\n|inactive|Battle timer is ON: inactive players will automatically lose when time's up. (requested by RandomPyrotozTeams)\n|\n|t:|1697725087\n|start\n|switch|p1a: Ribombee|Ribombee, F|100\/100\n|switch|p2a: Posiedon|Palafin, M|100\/100\n|turn|1\n|\n|t:|1697725096\n|move|p1a: Ribombee|Sticky Web|p2a: Posiedon\n|-sidestart|p2: RandomPyrotozTeams|move: Sticky Web\n|move|p2a: Posiedon|Flip Turn|p1a: Ribombee\n|-damage|p1a: Ribombee|75\/100\n|\n|t:|1697725100\n|detailschange|p2a: Posiedon|Palafin-Hero, M\n|switch|p2a: Time Traveller|Dialga|100\/100|[from] Flip Turn\n|-ability|p2a: Time Traveller|Pressure\n|\n|upkeep\n|turn|2\n|inactive|RandomPyrotozTeams has 120 seconds left.\n|\n|t:|1697725134\n|move|p1a: Ribombee|Stun Spore|p2a: Time Traveller\n|-status|p2a: Time Traveller|par\n|move|p2a: Time Traveller|Thunder Wave|p1a: Ribombee\n|-status|p1a: Ribombee|par\n|\n|upkeep\n|turn|3\n|\n|t:|1697725140\n|move|p1a: Ribombee|Tailwind|p1a: Ribombee\n|-sidestart|p1: CyrusInFaith|move: Tailwind\n|move|p2a: Time Traveller|Stealth Rock|p1a: Ribombee\n|-sidestart|p1: CyrusInFaith|move: Stealth Rock\n|\n|upkeep\n|turn|4\n|\n|t:|1697725148\n|switch|p1a: Arceus|Arceus|100\/100\n|-damage|p1a: Arceus|88\/100|[from] Stealth Rock\n|cant|p2a: Time Traveller|par\n|\n|-heal|p1a: Arceus|94\/100|[from] item: Leftovers\n|upkeep\n|turn|5\n|\n|t:|1697725155\n|move|p1a: Arceus|Stealth Rock|p2a: Time Traveller\n|-sidestart|p2: RandomPyrotozTeams|move: Stealth Rock\n|move|p2a: Time Traveller|Draco Meteor|p1a: Arceus\n|-damage|p1a: Arceus|47\/100\n|-unboost|p2a: Time Traveller|spa|2\n|\n|-heal|p1a: Arceus|53\/100|[from] item: Leftovers\n|upkeep\n|turn|6\n|\n|t:|1697725172\n|move|p1a: Arceus|Flare Blitz|p2a: Time Traveller\n|-damage|p2a: Time Traveller|72\/100 par\n|-damage|p1a: Arceus|45\/100|[from] Recoil\n|cant|p2a: Time Traveller|par\n|\n|-heal|p1a: Arceus|51\/100|[from] item: Leftovers\n|-sideend|p1: CyrusInFaith|move: Tailwind\n|upkeep\n|turn|7\n|\n|t:|1697725182\n|move|p1a: Arceus|Flare Blitz|p2a: Time Traveller\n|-damage|p2a: Time Traveller|42\/100 par\n|-damage|p1a: Arceus|42\/100|[from] Recoil\n|move|p2a: Time Traveller|Thunder Wave|p1a: Arceus\n|-status|p1a: Arceus|par\n|\n|-heal|p1a: Arceus|48\/100 par|[from] item: Leftovers\n|upkeep\n|turn|8\n|\n|t:|1697725190\n|move|p1a: Arceus|Flare Blitz|p2a: Time Traveller\n|-damage|p2a: Time Traveller|13\/100 par\n|-damage|p1a: Arceus|39\/100 par|[from] Recoil\n|move|p2a: Time Traveller|Flash Cannon|p1a: Arceus\n|-damage|p1a: Arceus|24\/100 par\n|\n|-heal|p1a: Arceus|30\/100 par|[from] item: Leftovers\n|upkeep\n|turn|9\n|\n|t:|1697725197\n|move|p1a: Arceus|Flare Blitz|p2a: Time Traveller\n|-damage|p2a: Time Traveller|0 fnt\n|faint|p2a: Time Traveller\n|-damage|p1a: Arceus|26\/100 par|[from] Recoil\n|\n|-heal|p1a: Arceus|33\/100 par|[from] item: Leftovers\n|upkeep\n|\n|t:|1697725208\n|switch|p2a: Wall Breaker|Conkeldurr, F|100\/100\n|-activate|p2a: Wall Breaker|move: Sticky Web\n|-unboost|p2a: Wall Breaker|spe|1\n|-damage|p2a: Wall Breaker|95\/100|[from] Stealth Rock\n|turn|10\n|\n|t:|1697725215\n|move|p1a: Arceus|Extreme Speed|p2a: Wall Breaker\n|-damage|p2a: Wall Breaker|58\/100\n|move|p2a: Wall Breaker|Drain Punch|p1a: Arceus\n|-supereffective|p1a: Arceus\n|-damage|p1a: Arceus|0 fnt\n|-heal|p2a: Wall Breaker|75\/100|[from] drain|[of] p1a: Arceus\n|faint|p1a: Arceus\n|\n|upkeep\n|\n|t:|1697725223\n|switch|p1a: Ribombee|Ribombee, F|75\/100 par\n|-damage|p1a: Ribombee|50\/100 par|[from] Stealth Rock\n|turn|11\n|\n|t:|1697725236\n|cant|p1a: Ribombee|par\n|move|p2a: Wall Breaker|Fire Punch|p1a: Ribombee\n|-supereffective|p1a: Ribombee\n|-damage|p1a: Ribombee|0 fnt\n|faint|p1a: Ribombee\n|\n|upkeep\n|\n|t:|1697725252\n|switch|p1a: Rayquaza|Rayquaza|100\/100\n|-damage|p1a: Rayquaza|76\/100|[from] Stealth Rock\n|-ability|p1a: Rayquaza|Air Lock\n|turn|12\n|\n|t:|1697725255\n|-terastallize|p1a: Rayquaza|Dragon\n|move|p1a: Rayquaza|Dragon Dance|p1a: Rayquaza\n|-boost|p1a: Rayquaza|atk|1\n|-boost|p1a: Rayquaza|spe|1\n|move|p2a: Wall Breaker|Ice Punch|p1a: Rayquaza\n|-supereffective|p1a: Rayquaza\n|-damage|p1a: Rayquaza|9\/100\n|\n|-heal|p1a: Rayquaza|15\/100|[from] item: Leftovers\n|upkeep\n|turn|13\n|\n|t:|1697725266\n|move|p2a: Wall Breaker|Mach Punch|p1a: Rayquaza\n|-damage|p1a: Rayquaza|0 fnt\n|faint|p1a: Rayquaza\n|\n|upkeep\n|\n|t:|1697725269\n|switch|p1a: Corviknight|Corviknight, F|100\/100\n|-damage|p1a: Corviknight|88\/100|[from] Stealth Rock\n|-ability|p1a: Corviknight|Pressure\n|turn|14\n|\n|t:|1697725275\n|move|p1a: Corviknight|Brave Bird|p2a: Wall Breaker\n|-supereffective|p2a: Wall Breaker\n|-damage|p2a: Wall Breaker|1\/100\n|-damage|p1a: Corviknight|63\/100|[from] Recoil\n|move|p2a: Wall Breaker|Drain Punch|p1a: Corviknight\n|-damage|p1a: Corviknight|27\/100\n|-heal|p2a: Wall Breaker|18\/100|[from] drain|[of] p1a: Corviknight\n|\n|-heal|p1a: Corviknight|33\/100|[from] item: Leftovers\n|upkeep\n|turn|15\n|\n|t:|1697725283\n|move|p2a: Wall Breaker|Mach Punch|p1a: Corviknight\n|-damage|p1a: Corviknight|10\/100\n|move|p1a: Corviknight|Brave Bird|p2a: Wall Breaker\n|-supereffective|p2a: Wall Breaker\n|-damage|p2a: Wall Breaker|0 fnt\n|faint|p2a: Wall Breaker\n|-damage|p1a: Corviknight|4\/100|[from] Recoil\n|\n|-heal|p1a: Corviknight|10\/100|[from] item: Leftovers\n|upkeep\n|\n|t:|1697725293\n|switch|p2a: Nightmare Freddy|Ursaluna-Bloodmoon, M|100\/100\n|-activate|p2a: Nightmare Freddy|move: Sticky Web\n|-unboost|p2a: Nightmare Freddy|spe|1\n|-damage|p2a: Nightmare Freddy|95\/100|[from] Stealth Rock\n|turn|16\n|\n|t:|1697725300\n|-terastallize|p2a: Nightmare Freddy|Water\n|move|p1a: Corviknight|Body Press|p2a: Nightmare Freddy\n|-damage|p2a: Nightmare Freddy|74\/100\n|move|p2a: Nightmare Freddy|Tera Blast|p1a: Corviknight|[anim] Tera Blast Water\n|-damage|p1a: Corviknight|0 fnt\n|faint|p1a: Corviknight\n|\n|upkeep\n|\n|t:|1697725305\n|switch|p1a: Palkia|Palkia-Origin|100\/100\n|-damage|p1a: Palkia|88\/100|[from] Stealth Rock\n|-ability|p1a: Palkia|Pressure\n|turn|17\n|\n|t:|1697725325\n|move|p1a: Palkia|Thunderbolt|p2a: Nightmare Freddy\n|-supereffective|p2a: Nightmare Freddy\n|-damage|p2a: Nightmare Freddy|27\/100\n|move|p2a: Nightmare Freddy|Blood Moon|p1a: Palkia\n|-damage|p1a: Palkia|20\/100\n|\n|upkeep\n|turn|18\n|\n|t:|1697725331\n|move|p1a: Palkia|Thunderbolt|p2a: Nightmare Freddy\n|-supereffective|p2a: Nightmare Freddy\n|-damage|p2a: Nightmare Freddy|0 fnt\n|faint|p2a: Nightmare Freddy\n|\n|upkeep\n|\n|t:|1697725344\n|switch|p2a: Posiedon|Palafin-Hero, M|100\/100\n|-activate|p2a: Posiedon|move: Sticky Web\n|-unboost|p2a: Posiedon|spe|1\n|-damage|p2a: Posiedon|88\/100|[from] Stealth Rock\n|-activate|p2a: Posiedon|ability: Zero to Hero\n|turn|19\n|\n|t:|1697725348\n|move|p1a: Palkia|Thunderbolt|p2a: Posiedon\n|-supereffective|p2a: Posiedon\n|-damage|p2a: Posiedon|22\/100\n|-status|p2a: Posiedon|par\n|move|p2a: Posiedon|Wave Crash|p1a: Palkia\n|-resisted|p1a: Palkia\n|-damage|p1a: Palkia|3\/100\n|-damage|p2a: Posiedon|18\/100 par|[from] Recoil\n|\n|-heal|p2a: Posiedon|24\/100 par|[from] item: Leftovers\n|upkeep\n|turn|20\n|\n|t:|1697725355\n|move|p1a: Palkia|Thunderbolt|p2a: Posiedon\n|-supereffective|p2a: Posiedon\n|-damage|p2a: Posiedon|0 fnt\n|faint|p2a: Posiedon\n|\n|upkeep\n|\n|t:|1697725359\n|switch|p2a: Legit Flying|Miraidon|100\/100\n|-activate|p2a: Legit Flying|move: Sticky Web\n|-unboost|p2a: Legit Flying|spe|1\n|-damage|p2a: Legit Flying|88\/100|[from] Stealth Rock\n|-fieldstart|move: Electric Terrain|[from] ability: Hadron Engine|[of] p2a: Legit Flying\n|-enditem|p2a: Legit Flying|Electric Seed\n|-boost|p2a: Legit Flying|def|1|[from] item: Electric Seed\n|turn|21\n|\n|t:|1697725367\n|move|p1a: Palkia|Spacial Rend|p2a: Legit Flying\n|-supereffective|p2a: Legit Flying\n|-damage|p2a: Legit Flying|0 fnt\n|faint|p2a: Legit Flying\n|\n|upkeep\n|\n|t:|1697725371\n|switch|p2a: Biking|Koraidon|100\/100\n|-activate|p2a: Biking|move: Sticky Web\n|-unboost|p2a: Biking|spe|1\n|-damage|p2a: Biking|94\/100|[from] Stealth Rock\n|-weather|SunnyDay|[from] ability: Orichalcum Pulse|[of] p2a: Biking\n|-activate|p2a: Biking|Orichalcum Pulse|[source]\n|turn|22\n|\n|t:|1697725381\n|move|p1a: Palkia|Spacial Rend|p2a: Biking\n|-supereffective|p2a: Biking\n|-damage|p2a: Biking|4\/100\n|move|p2a: Biking|Scale Shot|p1a: Palkia\n|-supereffective|p1a: Palkia\n|-damage|p1a: Palkia|0 fnt\n|faint|p1a: Palkia\n|-hitcount|p1: Palkia|1\n|-unboost|p2a: Biking|def|1\n|-boost|p2a: Biking|spe|1\n|\n|-weather|SunnyDay|[upkeep]\n|upkeep\n|\n|t:|1697725386\n|switch|p1a: Dialga|Dialga-Origin|100\/100\n|-damage|p1a: Dialga|94\/100|[from] Stealth Rock\n|-ability|p1a: Dialga|Pressure\n|turn|23\n|\n|t:|1697725397\n|move|p2a: Biking|Collision Course|p1a: Dialga\n|-supereffective|p1a: Dialga\n|-damage|p1a: Dialga|0 fnt\n|faint|p1a: Dialga\n|\n|win|RandomPyrotozTeams\n|raw|CyrusInFaith's rating: 1133 &rarr; <strong>1109<\/strong><br \/>(-24 for losing)\n|raw|RandomPyrotozTeams's rating: 1140 &rarr; <strong>1164<\/strong><br \/>(+24 for winning)\n|l|\u2606CyrusInFaith\n|c|\u2606RandomPyrotozTeams|YAS\n|c|\u2606RandomPyrotozTeams|lets a go\n","uploadtime":1697725415,"views":7,"p1id":"cyrusinfaith","p2id":"randompyrotozteams","formatid":"gen9ubers","rating":1109,"private":0,"password":""}