{"id":"gen9ubers-1979672740","p1":"abrahamrage","p2":"OmegaSheep","format":"[Gen 9] Ubers","log":"|j|\u2606abrahamrage\n|j|\u2606OmegaSheep\n|t:|1698701960\n|gametype|singles\n|player|p1|abrahamrage|266|\n|player|p2|OmegaSheep|169|\n|teamsize|p1|6\n|teamsize|p2|6\n|gen|9\n|tier|[Gen 9] Ubers\n|rule|Sleep Clause Mod: Limit one foe put to sleep\n|rule|Species Clause: Limit one of each Pok\u00e9mon\n|rule|OHKO Clause: OHKO moves are banned\n|rule|Evasion Items Clause: Evasion items are banned\n|rule|Evasion Moves Clause: Evasion moves are banned\n|rule|Endless Battle Clause: Forcing endless battles is banned\n|rule|HP Percentage Mod: HP is shown in percentages\n|clearpoke\n|poke|p1|Vaporeon, M|\n|poke|p1|Iron Valiant|\n|poke|p1|Iron Moth|\n|poke|p1|Kilowattrel, M|\n|poke|p1|Goodra, M|\n|poke|p1|Mew|\n|poke|p2|Great Tusk|\n|poke|p2|Walking Wake|\n|poke|p2|Thundurus-Therian, M|\n|poke|p2|Torkoal, F|\n|poke|p2|Ribombee, F|\n|poke|p2|Appletun, M|\n|teampreview\n|c|\u2606OmegaSheep|good luck\n|c|\u2606abrahamrage|gl hf\n|\n|t:|1698702009\n|start\n|switch|p1a: Iron Moth|Iron Moth|100\/100\n|switch|p2a: Ribombee|Ribombee, F|100\/100\n|turn|1\n|\n|t:|1698702033\n|move|p2a: Ribombee|Sticky Web|p1a: Iron Moth\n|-sidestart|p1: abrahamrage|move: Sticky Web\n|move|p1a: Iron Moth|Sludge Wave|p2a: Ribombee\n|-supereffective|p2a: Ribombee\n|-enditem|p2a: Ribombee|Focus Sash\n|-damage|p2a: Ribombee|1\/100\n|\n|upkeep\n|turn|2\n|\n|t:|1698702103\n|switch|p2a: Thundurus|Thundurus-Therian, M|100\/100\n|move|p1a: Iron Moth|Sludge Wave|p2a: Thundurus\n|-damage|p2a: Thundurus|28\/100\n|\n|upkeep\n|turn|3\n|\n|t:|1698702120\n|move|p1a: Iron Moth|Sludge Wave|p2a: Thundurus\n|-damage|p2a: Thundurus|0 fnt\n|faint|p2a: Thundurus\n|\n|upkeep\n|\n|t:|1698702132\n|switch|p2a: Great Tusk|Great Tusk|100\/100\n|turn|4\n|\n|t:|1698702153\n|-end|p1a: Iron Moth|Quark Drive|[silent]\n|switch|p1a: Kilowattrel|Kilowattrel, M|100\/100\n|move|p2a: Great Tusk|Headlong Rush|p1a: Kilowattrel\n|-immune|p1a: Kilowattrel\n|\n|upkeep\n|turn|5\n|\n|t:|1698702221\n|-end|p2a: Great Tusk|Protosynthesis|[silent]\n|switch|p2a: Torkoal|Torkoal, F|100\/100\n|-weather|SunnyDay|[from] ability: Drought|[of] p2a: Torkoal\n|move|p1a: Kilowattrel|Air Slash|p2a: Torkoal\n|-crit|p2a: Torkoal\n|-damage|p2a: Torkoal|28\/100\n|\n|-weather|SunnyDay|[upkeep]\n|upkeep\n|turn|6\n|\n|t:|1698702261\n|switch|p2a: Ribombee|Ribombee, F|1\/100\n|move|p1a: Kilowattrel|Air Slash|p2a: Ribombee|[miss]\n|-miss|p1a: Kilowattrel|p2a: Ribombee\n|\n|-weather|SunnyDay|[upkeep]\n|upkeep\n|turn|7\n|\n|t:|1698702276\n|move|p1a: Kilowattrel|Weather Ball|p2a: Ribombee\n|-supereffective|p2a: Ribombee\n|-damage|p2a: Ribombee|0 fnt\n|faint|p2a: Ribombee\n|\n|-weather|SunnyDay|[upkeep]\n|upkeep\n|\n|t:|1698702317\n|switch|p2a: Walking Wake|Walking Wake|100\/100\n|-activate|p2a: Walking Wake|ability: Protosynthesis\n|-start|p2a: Walking Wake|protosynthesisspa\n|turn|8\n|\n|t:|1698702329\n|move|p1a: Kilowattrel|Thunder Wave|p2a: Walking Wake\n|-status|p2a: Walking Wake|par\n|move|p2a: Walking Wake|Hydro Steam|p1a: Kilowattrel\n|-damage|p1a: Kilowattrel|0 fnt\n|faint|p1a: Kilowattrel\n|\n|-weather|SunnyDay|[upkeep]\n|upkeep\n|\n|t:|1698702358\n|switch|p1a: Goodra|Goodra, M|100\/100\n|-activate|p1a: Goodra|move: Sticky Web\n|-unboost|p1a: Goodra|spe|1\n|turn|9\n|\n|t:|1698702445\n|-end|p2a: Walking Wake|Protosynthesis|[silent]\n|switch|p2a: Great Tusk|Great Tusk|100\/100\n|-activate|p2a: Great Tusk|ability: Protosynthesis\n|-start|p2a: Great Tusk|protosynthesisspe\n|move|p1a: Goodra|Draco Meteor|p2a: Great Tusk\n|-damage|p2a: Great Tusk|33\/100\n|-unboost|p1a: Goodra|spa|2\n|\n|-weather|SunnyDay|[upkeep]\n|upkeep\n|turn|10\n|\n|t:|1698702518\n|-end|p2a: Great Tusk|Protosynthesis|[silent]\n|switch|p2a: Appletun|Appletun, M|100\/100\n|switch|p1a: Vaporeon|Vaporeon, M|100\/100\n|-activate|p1a: Vaporeon|move: Sticky Web\n|-unboost|p1a: Vaporeon|spe|1\n|\n|-weather|SunnyDay|[upkeep]\n|upkeep\n|turn|11\n|\n|t:|1698702541\n|switch|p1a: Iron Moth|Iron Moth|100\/100\n|-activate|p1a: Iron Moth|move: Sticky Web\n|-unboost|p1a: Iron Moth|spe|1\n|move|p2a: Appletun|Apple Acid|p1a: Iron Moth\n|-resisted|p1a: Iron Moth\n|-damage|p1a: Iron Moth|93\/100\n|-unboost|p1a: Iron Moth|spd|1\n|\n|-weather|SunnyDay|[upkeep]\n|upkeep\n|turn|12\n|\n|t:|1698702621\n|switch|p2a: Walking Wake|Walking Wake|100\/100 par\n|-activate|p2a: Walking Wake|ability: Protosynthesis\n|-start|p2a: Walking Wake|protosynthesisspa\n|move|p1a: Iron Moth|Sludge Wave|p2a: Walking Wake\n|-damage|p2a: Walking Wake|1\/100 par\n|\n|-weather|none\n|-end|p2a: Walking Wake|Protosynthesis\n|upkeep\n|turn|13\n|\n|t:|1698702635\n|move|p1a: Iron Moth|Sludge Wave|p2a: Walking Wake\n|-damage|p2a: Walking Wake|0 fnt\n|faint|p2a: Walking Wake\n|-end|p2a: Walking Wake|Protosynthesis|[silent]\n|\n|upkeep\n|\n|t:|1698702639\n|switch|p2a: Torkoal|Torkoal, F|28\/100\n|-weather|SunnyDay|[from] ability: Drought|[of] p2a: Torkoal\n|turn|14\n|\n|t:|1698702650\n|move|p1a: Iron Moth|Sludge Wave|p2a: Torkoal\n|-damage|p2a: Torkoal|0 fnt\n|faint|p2a: Torkoal\n|\n|-weather|SunnyDay|[upkeep]\n|upkeep\n|\n|t:|1698702658\n|switch|p2a: Great Tusk|Great Tusk|33\/100\n|-activate|p2a: Great Tusk|ability: Protosynthesis\n|-start|p2a: Great Tusk|protosynthesisspe\n|turn|15\n|\n|t:|1698702683\n|-end|p1a: Iron Moth|Quark Drive|[silent]\n|switch|p1a: Vaporeon|Vaporeon, M|100\/100\n|-activate|p1a: Vaporeon|move: Sticky Web\n|-unboost|p1a: Vaporeon|spe|1\n|move|p2a: Great Tusk|Headlong Rush|p1a: Vaporeon\n|-damage|p1a: Vaporeon|60\/100\n|-unboost|p2a: Great Tusk|def|1\n|-unboost|p2a: Great Tusk|spd|1\n|\n|-weather|SunnyDay|[upkeep]\n|-heal|p1a: Vaporeon|67\/100|[from] item: Leftovers\n|upkeep\n|turn|16\n|\n|t:|1698702716\n|-end|p2a: Great Tusk|Protosynthesis|[silent]\n|switch|p2a: Appletun|Appletun, M|100\/100\n|move|p1a: Vaporeon|Wish|p1a: Vaporeon\n|\n|-weather|SunnyDay|[upkeep]\n|-heal|p1a: Vaporeon|73\/100|[from] item: Leftovers\n|upkeep\n|turn|17\n|\n|t:|1698702730\n|move|p1a: Vaporeon|Scald|p2a: Appletun\n|-resisted|p2a: Appletun\n|-damage|p2a: Appletun|98\/100\n|move|p2a: Appletun|Leech Seed|p1a: Vaporeon\n|-start|p1a: Vaporeon|move: Leech Seed\n|\n|-weather|SunnyDay|[upkeep]\n|-heal|p1a: Vaporeon|100\/100|[from] move: Wish|[wisher] Vaporeon\n|-heal|p2a: Appletun|100\/100|[from] item: Leftovers\n|-damage|p1a: Vaporeon|88\/100|[from] Leech Seed|[of] p2a: Appletun\n|upkeep\n|turn|18\n|\n|t:|1698702755\n|switch|p1a: Iron Moth|Iron Moth|93\/100\n|-activate|p1a: Iron Moth|move: Sticky Web\n|-unboost|p1a: Iron Moth|spe|1\n|move|p2a: Appletun|Dragon Pulse|p1a: Iron Moth\n|-damage|p1a: Iron Moth|62\/100\n|\n|-weather|SunnyDay|[upkeep]\n|upkeep\n|turn|19\n|\n|t:|1698702764\n|move|p1a: Iron Moth|Sludge Wave|p2a: Appletun\n|-supereffective|p2a: Appletun\n|-damage|p2a: Appletun|0 fnt\n|faint|p2a: Appletun\n|\n|-weather|SunnyDay|[upkeep]\n|upkeep\n|\n|t:|1698702771\n|switch|p2a: Great Tusk|Great Tusk|33\/100\n|-activate|p2a: Great Tusk|ability: Protosynthesis\n|-start|p2a: Great Tusk|protosynthesisspe\n|turn|20\n|\n|t:|1698702778\n|-end|p1a: Iron Moth|Quark Drive|[silent]\n|switch|p1a: Vaporeon|Vaporeon, M|88\/100\n|-activate|p1a: Vaporeon|move: Sticky Web\n|-unboost|p1a: Vaporeon|spe|1\n|move|p2a: Great Tusk|Headlong Rush|p1a: Vaporeon\n|-damage|p1a: Vaporeon|52\/100\n|-unboost|p2a: Great Tusk|def|1\n|-unboost|p2a: Great Tusk|spd|1\n|\n|-weather|SunnyDay|[upkeep]\n|-heal|p1a: Vaporeon|58\/100|[from] item: Leftovers\n|upkeep\n|turn|21\n|c|\u2606OmegaSheep|wrong tera type really messed me up at the end here\n|\n|t:|1698702791\n|move|p2a: Great Tusk|Close Combat|p1a: Vaporeon\n|-damage|p1a: Vaporeon|22\/100\n|-unboost|p2a: Great Tusk|def|1\n|-unboost|p2a: Great Tusk|spd|1\n|move|p1a: Vaporeon|Scald|p2a: Great Tusk\n|-supereffective|p2a: Great Tusk\n|-damage|p2a: Great Tusk|0 fnt\n|faint|p2a: Great Tusk\n|-end|p2a: Great Tusk|Protosynthesis|[silent]\n|\n|win|abrahamrage\n|c|\u2606OmegaSheep|gg still\n|c|\u2606abrahamrage|gg man\n|c|\u2606abrahamrage|if u just sac the bee at the start i think ur in a good psot\n|c|\u2606abrahamrage|spot\n|c|\u2606abrahamrage|i didnt prep for webs at all lol\n|c|\u2606OmegaSheep|lol fr\n|c|\u2606abrahamrage|wake cooks my team besides goodra\n|c|\u2606OmegaSheep|I havent been preping a lot for this but the only thing i was thinking would be good was webs\n|c|\u2606OmegaSheep|yeah thats why i brought appletun\n|c|\u2606abrahamrage|yeah my only removers are bramble n scizor n they both get cooked in sun\n|c|\u2606OmegaSheep|for dragon and sustain but he was grass tera type ;(\n|c|\u2606abrahamrage|what did u want it to be?\n","uploadtime":1698702921,"views":24,"p1id":"abrahamrage","p2id":"omegasheep","formatid":"gen9ubers","rating":0,"private":0,"password":""}