{"id":"gen9ubers-2000022396","p1":"APucci","p2":"Jubstron","format":"[Gen 9] Ubers","log":"|j|\u2606APucci\n|j|\u2606Jubstron\n|t:|1701142334\n|gametype|singles\n|player|p1|APucci|hilda-wonderlauncher|\n|player|p2|Jubstron|wattson|\n|teamsize|p1|6\n|teamsize|p2|6\n|gen|9\n|tier|[Gen 9] Ubers\n|rule|Sleep Clause Mod: Limit one foe put to sleep\n|rule|Species Clause: Limit one of each Pok\u00e9mon\n|rule|OHKO Clause: OHKO moves are banned\n|rule|Evasion Items Clause: Evasion items are banned\n|rule|Evasion Moves Clause: Evasion moves are banned\n|rule|Endless Battle Clause: Forcing endless battles is banned\n|rule|HP Percentage Mod: HP is shown in percentages\n|clearpoke\n|poke|p1|Breloom, M|\n|poke|p1|Greninja-*, F|\n|poke|p1|Meloetta|\n|poke|p1|Articuno-Galar|\n|poke|p1|Kleavor, M|\n|poke|p1|Florges-White, F|\n|poke|p2|Roaring Moon|\n|poke|p2|Sliggoo-Hisui, M|\n|poke|p2|Grafaiai, M|\n|poke|p2|Uxie|\n|poke|p2|Gardevoir, M|\n|poke|p2|Jolteon, F|\n|teampreview\n|c|\u2606Jubstron|yoyoyoy\n|c|\u2606Jubstron|o\n|c|\u2606APucci|Ayyeee\n|c|\u2606APucci|This might be a super easy dub for you LMAO\n|c|\u2606APucci|I'm actually Roaring Moon rn cause I'm not here\n|c|\u2606Jubstron|Sailing away\n|j| Jamsfield\n|c|\u2606Jubstron|Today's match is brought to you be ~ vibes ~\n|c|\u2606APucci|I hope you appreciate my nick names\n|c|\u2606Jubstron|:eyes:\n|c|\u2606Jubstron|Give it just a min for anyone more folks rolling in?\n|c|\u2606APucci|Sure homie\n|c|\u2606APucci|Need water so badly lmao\n|c|\u2606APucci|FOUND SOME\n|c|\u2606Jubstron|Today's album based nicknames come to you from Dazey and the Scouts: https:\/\/open.spotify.com\/album\/1qyq3sPzif79oiw9nPN99S?si=aPRp6tW1ROa1K9ViQ4cR0Q\n|j| Crunning\n|c|\u2606Jubstron|be sure to hydrate friend\n|c|\u2606APucci|Is bullying someone a form of flirting y or n\n|c|\u2606Jubstron|depends but gonna go with y\n|c|\u2606Jubstron|Also ready to go whenever you are\n|c|\u2606APucci|GOOD ANSWER\n|c|\u2606APucci|Rock and roll buckaroo\n|\n|t:|1701142614\n|start\n|switch|p1a: Red Blend|Kleavor, M|100\/100\n|switch|p2a: Nice Nice|Jolteon, F|100\/100\n|turn|1\n|l| Jamsfield\n|\n|t:|1701142639\n|switch|p1a: Floral White|Florges-White, F|100\/100\n|move|p2a: Nice Nice|Detect||[still]\n|-fail|p2a: Nice Nice\n|\n|-status|p2a: Nice Nice|brn|[from] item: Flame Orb\n|upkeep\n|turn|2\n|\n|t:|1701142656\n|move|p2a: Nice Nice|Volt Switch|p1a: Floral White\n|-damage|p1a: Floral White|81\/100\n|c|\u2606APucci|Josh said, Nah I'm out\n|\n|t:|1701142661\n|switch|p2a: Wet|Sliggoo-Hisui, M|100\/100|[from] Volt Switch\n|move|p1a: Floral White|Substitute|p1a: Floral White\n|-start|p1a: Floral White|Substitute\n|-damage|p1a: Floral White|56\/100\n|\n|-heal|p1a: Floral White|62\/100|[from] item: Leftovers\n|upkeep\n|turn|3\n|\n|t:|1701142675\n|move|p1a: Floral White|Wish|p1a: Floral White\n|move|p2a: Wet|Iron Head|p1a: Floral White\n|-supereffective|p1a: Floral White\n|-end|p1a: Floral White|Substitute\n|\n|-heal|p1a: Floral White|68\/100|[from] item: Leftovers\n|upkeep\n|turn|4\n|\n|t:|1701142686\n|switch|p1a: Sauvignon Blanc|Breloom, M, shiny|100\/100\n|move|p2a: Wet|Curse|p2a: Wet\n|-unboost|p2a: Wet|spe|1\n|-boost|p2a: Wet|atk|1\n|-boost|p2a: Wet|def|1\n|\n|upkeep\n|turn|5\n|j| Jamsfield\n|c|\u2606APucci|JUSTIN YOU ARE BAND FOR THIS NICK NAME\n|c|\u2606Jubstron|Lmao I have the wrong set. Oh well\n|c|\u2606Jubstron|Also listen\n|c|\u2606Jubstron|It fit\n|\n|t:|1701142741\n|move|p1a: Sauvignon Blanc|Bulk Up|p1a: Sauvignon Blanc\n|-boost|p1a: Sauvignon Blanc|atk|1\n|-boost|p1a: Sauvignon Blanc|def|1\n|move|p2a: Wet|Ice Spinner|p1a: Sauvignon Blanc\n|-supereffective|p1a: Sauvignon Blanc\n|-damage|p1a: Sauvignon Blanc|59\/100\n|\n|upkeep\n|turn|6\n|c|\u2606APucci|IT FIT BUT AT WHAT COST\n|\n|t:|1701142771\n|-terastallize|p2a: Wet|Water\n|move|p1a: Sauvignon Blanc|Bulk Up|p1a: Sauvignon Blanc\n|-boost|p1a: Sauvignon Blanc|atk|1\n|-boost|p1a: Sauvignon Blanc|def|1\n|move|p2a: Wet|Ice Spinner|p1a: Sauvignon Blanc\n|-supereffective|p1a: Sauvignon Blanc\n|-damage|p1a: Sauvignon Blanc|27\/100\n|\n|upkeep\n|turn|7\n|c| Jamsfield|Why does its scream even sound so wet\n|\n|t:|1701142797\n|switch|p1a: Pinot|Greninja, F, shiny|100\/100\n|move|p2a: Wet|Ice Spinner|p1a: Pinot\n|-resisted|p1a: Pinot\n|-damage|p1a: Pinot|83\/100\n|\n|upkeep\n|turn|8\n|c|\u2606APucci|PINOT IS A GIRL ARE YOU KIDDING ME\n|c|\u2606APucci|I'm so happy\n|\n|t:|1701142840\n|move|p1a: Pinot|Night Slash|p2a: Wet\n|-start|p1a: Pinot|typechange|Dark|[from] ability: Protean\n|-damage|p2a: Wet|71\/100\n|move|p2a: Wet|Iron Head|p1a: Pinot\n|-damage|p1a: Pinot|26\/100\n|\n|upkeep\n|turn|9\n|\n|t:|1701142854\n|switch|p1a: Merlo|Meloetta|100\/100\n|move|p2a: Wet|Curse|p2a: Wet\n|-unboost|p2a: Wet|spe|1\n|-boost|p2a: Wet|atk|1\n|-boost|p2a: Wet|def|1\n|\n|upkeep\n|turn|10\n|\n|t:|1701142865\n|move|p1a: Merlo|Skill Swap|p2a: Wet\n|-activate|p1a: Merlo|move: Skill Swap|Sap Sipper|Serene Grace|[of] p2a: Wet\n|move|p2a: Wet|Iron Head|p1a: Merlo\n|-damage|p1a: Merlo|58\/100\n|\n|-heal|p1a: Merlo|64\/100|[from] item: Leftovers\n|upkeep\n|turn|11\n|c|\u2606Jubstron|YOOOOOOOOOO\n|c|\u2606Jubstron|THAT'S SO SICK\n|\n|t:|1701142887\n|move|p1a: Merlo|Thunder Wave|p2a: Wet\n|-status|p2a: Wet|par\n|move|p2a: Wet|Iron Head|p1a: Merlo\n|-damage|p1a: Merlo|14\/100\n|\n|-heal|p1a: Merlo|20\/100|[from] item: Leftovers\n|upkeep\n|turn|12\n|c| Jamsfield|Serene Grace iron head\n|c| Jamsfield|we got a very poor man\u2019s jirachi over hete\n|c|\u2606APucci|At that speed plzzzz\n|c| Jamsfield|here\n|\n|t:|1701142924\n|switch|p1a: Chardonnay|Articuno-Galar|100\/100\n|move|p2a: Wet|Ice Spinner|p1a: Chardonnay\n|-supereffective|p1a: Chardonnay\n|-damage|p1a: Chardonnay|37\/100\n|-enditem|p1a: Chardonnay|Weakness Policy\n|-boost|p1a: Chardonnay|atk|2|[from] item: Weakness Policy\n|-boost|p1a: Chardonnay|spa|2|[from] item: Weakness Policy\n|\n|upkeep\n|turn|13\n|c|\u2606Jubstron|OH NO\n|c|\u2606APucci|Thanks homie <3\n|\n|t:|1701142947\n|move|p1a: Chardonnay|Air Slash|p2a: Wet\n|-damage|p2a: Wet|33\/100 par\n|move|p2a: Wet|Ice Spinner|p1a: Chardonnay\n|-supereffective|p1a: Chardonnay\n|-damage|p1a: Chardonnay|0 fnt\n|faint|p1a: Chardonnay\n|\n|upkeep\n|c|\u2606APucci|LOL\n|\n|t:|1701142954\n|switch|p1a: Sauvignon Blanc|Breloom, M, shiny|27\/100\n|turn|14\n|\n|t:|1701142961\n|move|p1a: Sauvignon Blanc|Bullet Seed|p2a: Wet\n|-supereffective|p2a: Wet\n|-damage|p2a: Wet|16\/100 par\n|-supereffective|p2a: Wet\n|-damage|p2a: Wet|0 fnt\n|faint|p2a: Wet\n|-hitcount|p2: Wet|2\n|\n|upkeep\n|\n|t:|1701142975\n|switch|p2a: Sweet Cis Teen|Gardevoir, M, shiny|100\/100\n|-ability|p2a: Sweet Cis Teen|Technician|[from] ability: Trace|[of] p1a: Sauvignon Blanc\n|turn|15\n|c|\u2606APucci|Yuk\n|\n|t:|1701142984\n|switch|p1a: Floral White|Florges-White, F|68\/100\n|move|p2a: Sweet Cis Teen|Moonblast|p1a: Floral White\n|-damage|p1a: Floral White|40\/100\n|\n|-heal|p1a: Floral White|47\/100|[from] item: Leftovers\n|upkeep\n|turn|16\n|\n|t:|1701143008\n|switch|p2a: Sad Boys|Grafaiai, M, shiny|100\/100\n|move|p1a: Floral White|Wish|p1a: Floral White\n|\n|-heal|p1a: Floral White|53\/100|[from] item: Leftovers\n|upkeep\n|turn|17\n|\n|t:|1701143041\n|switch|p1a: Red Blend|Kleavor, M|100\/100\n|move|p2a: Sad Boys|Poison Jab|p1a: Red Blend\n|-resisted|p1a: Red Blend\n|-damage|p1a: Red Blend|78\/100\n|\n|-heal|p1a: Red Blend|100\/100|[from] move: Wish|[wisher] Floral White\n|upkeep\n|turn|18\n|\n|t:|1701143053\n|switch|p2a: Maggot|Uxie|100\/100\n|move|p1a: Red Blend|Stone Axe|p2a: Maggot\n|-damage|p2a: Maggot|68\/100\n|-damage|p1a: Red Blend|84\/100|[from] item: Rocky Helmet|[of] p2a: Maggot\n|-sidestart|p2: Jubstron|move: Stealth Rock\n|\n|upkeep\n|turn|19\n|\n|t:|1701143073\n|move|p1a: Red Blend|U-turn|p2a: Maggot\n|-supereffective|p2a: Maggot\n|-damage|p2a: Maggot|12\/100\n|-damage|p1a: Red Blend|68\/100|[from] item: Rocky Helmet|[of] p2a: Maggot\n|\n|t:|1701143080\n|switch|p1a: Floral White|Florges-White, F|53\/100|[from] U-turn\n|move|p2a: Maggot|Stealth Rock|p1a: Floral White\n|-sidestart|p1: APucci|move: Stealth Rock\n|\n|-heal|p1a: Floral White|59\/100|[from] item: Leftovers\n|upkeep\n|turn|20\n|\n|t:|1701143092\n|move|p2a: Maggot|U-turn|p1a: Floral White\n|-resisted|p1a: Floral White\n|-damage|p1a: Floral White|51\/100\n|\n|t:|1701143097\n|switch|p2a: Sad Boys|Grafaiai, M, shiny|100\/100|[from] U-turn\n|-damage|p2a: Sad Boys|88\/100|[from] Stealth Rock\n|move|p1a: Floral White|Wish|p1a: Floral White\n|\n|-heal|p1a: Floral White|57\/100|[from] item: Leftovers\n|upkeep\n|turn|21\n|\n|t:|1701143119\n|switch|p1a: Red Blend|Kleavor, M|68\/100\n|-damage|p1a: Red Blend|43\/100|[from] Stealth Rock\n|move|p2a: Sad Boys|Swagger|p1a: Red Blend\n|-boost|p1a: Red Blend|atk|2\n|-enditem|p2a: Sad Boys|Mirror Herb\n|-boost|p2a: Sad Boys|atk|2|[from] item: Mirror Herb\n|-start|p1a: Red Blend|confusion\n|\n|-heal|p1a: Red Blend|100\/100|[from] move: Wish|[wisher] Floral White\n|upkeep\n|turn|22\n|c| Jamsfield|Oh shit\n|c|\u2606APucci|JUST WHAT\n|c|\u2606Jubstron|Lol forgot about the uhh\n|c|\u2606Jubstron|wish heal\n|\n|t:|1701143180\n|move|p2a: Sad Boys|Acrobatics|p1a: Red Blend\n|-damage|p1a: Red Blend|10\/100\n|-activate|p1a: Red Blend|confusion\n|move|p1a: Red Blend|Defog|p2a: Sad Boys\n|-unboost|p2a: Sad Boys|evasion|1\n|-sideend|p2: Jubstron|Stealth Rock|[from] move: Defog|[of] p1a: Red Blend\n|-sideend|p1: APucci|Stealth Rock|[from] move: Defog|[of] p1a: Red Blend\n|\n|upkeep\n|turn|23\n|c|\u2606Jubstron|Oh\n|c| Jamsfield|Noooooo\n|\n|t:|1701143193\n|switch|p1a: Floral White|Florges-White, F|57\/100\n|move|p2a: Sad Boys|Knock Off|p1a: Floral White\n|-resisted|p1a: Floral White\n|-damage|p1a: Floral White|24\/100\n|-enditem|p1a: Floral White|Leftovers|[from] move: Knock Off|[of] p2a: Sad Boys\n|\n|upkeep\n|turn|24\n|\n|t:|1701143215\n|switch|p1a: Sauvignon Blanc|Breloom, M, shiny|27\/100\n|move|p2a: Sad Boys|Acrobatics|p1a: Sauvignon Blanc\n|-supereffective|p1a: Sauvignon Blanc\n|-damage|p1a: Sauvignon Blanc|0 fnt\n|faint|p1a: Sauvignon Blanc\n|\n|upkeep\n|\n|t:|1701143222\n|switch|p1a: Pinot|Greninja, F, shiny|26\/100\n|turn|25\n|\n|t:|1701143230\n|move|p2a: Sad Boys|Acrobatics|p1a: Pinot\n|-damage|p1a: Pinot|0 fnt\n|faint|p1a: Pinot\n|\n|upkeep\n|c|\u2606APucci|FAST BOY\n|\n|t:|1701143241\n|switch|p1a: Merlo|Meloetta|20\/100\n|turn|26\n|c|\u2606Jubstron|Te fasted lad\n|c|\u2606Jubstron|Some real monke business\n|\n|t:|1701143268\n|move|p2a: Sad Boys|Acrobatics|p1a: Merlo\n|-damage|p1a: Merlo|0 fnt\n|faint|p1a: Merlo\n|\n|upkeep\n|\n|t:|1701143273\n|switch|p1a: Floral White|Florges-White, F|24\/100\n|turn|27\n|\n|t:|1701143281\n|move|p2a: Sad Boys|Acrobatics|p1a: Floral White\n|-damage|p1a: Floral White|0 fnt\n|faint|p1a: Floral White\n|\n|upkeep\n|c|\u2606APucci|I told you You woudl get the dub FAST lol\n|c|\u2606APucci|gg <4\n|c|\u2606APucci|Wait wrong number\n|c|\u2606APucci|LOL\n|c|\u2606Jubstron|gg <5\n|c|\u2606APucci|<3\n|c|\u2606APucci|Got it\n|\n|t:|1701143306\n|switch|p1a: Red Blend|Kleavor, M|10\/100\n|turn|28\n|\n|t:|1701143310\n|move|p2a: Sad Boys|Acrobatics|p1a: Red Blend\n|-damage|p1a: Red Blend|0 fnt\n|faint|p1a: Red Blend\n|\n|win|Jubstron\n|c|\u2606Jubstron|<3 ggssssssssss\n","uploadtime":1701143320,"views":18,"p1id":"apucci","p2id":"jubstron","formatid":"gen9ubers","rating":0,"private":0,"password":""}