{"id":"gen9ubers-1968369921","p1":"lilliput79","p2":"treegirl22","format":"[Gen 9] Ubers","log":"|j|\u203dlilliput79\n|j|\u2606treegirl22\n|t:|1697411075\n|gametype|singles\n|player|p1|lilliput79|lucas|1611\n|player|p2|treegirl22|swimmerf|1521\n|teamsize|p1|6\n|teamsize|p2|6\n|gen|9\n|tier|[Gen 9] Ubers\n|rated|\n|rule|Sleep Clause Mod: Limit one foe put to sleep\n|rule|Species Clause: Limit one of each Pok\u00e9mon\n|rule|OHKO Clause: OHKO moves are banned\n|rule|Evasion Items Clause: Evasion items are banned\n|rule|Evasion Moves Clause: Evasion moves are banned\n|rule|Endless Battle Clause: Forcing endless battles is banned\n|rule|HP Percentage Mod: HP is shown in percentages\n|clearpoke\n|poke|p1|Hatterene, F|\n|poke|p1|Giratina-Origin|\n|poke|p1|Chansey, F|\n|poke|p1|Arceus-Ground|\n|poke|p1|Toxapex, F|\n|poke|p1|Dondozo, M|\n|poke|p2|Basculegion, M|\n|poke|p2|Koraidon|\n|poke|p2|Kyogre|\n|poke|p2|Arceus-Fairy|\n|poke|p2|Giratina-Origin|\n|poke|p2|Clodsire, M|\n|teampreview\n|inactive|Battle timer is ON: inactive players will automatically lose when time's up. (requested by treegirl22)\n|\n|t:|1697411089\n|start\n|switch|p1a: Toxapex|Toxapex, F|100\/100\n|switch|p2a: Barbie|Arceus-Fairy|100\/100\n|turn|1\n|\n|t:|1697411093\n|switch|p2a: Squishmallow|Clodsire, M|100\/100\n|move|p1a: Toxapex|Poison Jab|p2a: Squishmallow\n|-resisted|p2a: Squishmallow\n|-damage|p2a: Squishmallow|95\/100\n|\n|-heal|p2a: Squishmallow|100\/100|[from] item: Leftovers\n|upkeep\n|turn|2\n|\n|t:|1697411101\n|move|p1a: Toxapex|Toxic Spikes|p2a: Squishmallow\n|-sidestart|p2: treegirl22|move: Toxic Spikes\n|move|p2a: Squishmallow|Spikes|p1a: Toxapex\n|-sidestart|p1: lilliput79|Spikes\n|\n|upkeep\n|turn|3\n|\n|t:|1697411105\n|move|p1a: Toxapex|Toxic Spikes|p2a: Squishmallow\n|-sidestart|p2: treegirl22|move: Toxic Spikes\n|move|p2a: Squishmallow|Spikes|p1a: Toxapex\n|-sidestart|p1: lilliput79|Spikes\n|\n|upkeep\n|turn|4\n|\n|t:|1697411118\n|switch|p1a: Hatterene|Hatterene, F|100\/100\n|-damage|p1a: Hatterene|84\/100|[from] Spikes\n|move|p2a: Squishmallow|Spikes|p1a: Hatterene\n|move|p1a: Hatterene|Spikes|p2a: Squishmallow|[from]ability: Magic Bounce\n|-sidestart|p2: treegirl22|Spikes\n|\n|-heal|p1a: Hatterene|90\/100|[from] item: Leftovers\n|upkeep\n|turn|5\n|\n|t:|1697411125\n|switch|p2a: Beelzebub|Giratina-Origin|100\/100\n|move|p1a: Hatterene|Psyshock|p2a: Beelzebub\n|-damage|p2a: Beelzebub|80\/100\n|\n|-heal|p1a: Hatterene|96\/100|[from] item: Leftovers\n|upkeep\n|turn|6\n|\n|t:|1697411136\n|switch|p2a: Squishmallow|Clodsire, M|100\/100\n|-sideend|p2: treegirl22|move: Toxic Spikes|[of] p2a: Squishmallow\n|-damage|p2a: Squishmallow|88\/100|[from] Spikes\n|move|p1a: Hatterene|Calm Mind|p1a: Hatterene\n|-boost|p1a: Hatterene|spa|1\n|-boost|p1a: Hatterene|spd|1\n|\n|-heal|p1a: Hatterene|100\/100|[from] item: Leftovers\n|-heal|p2a: Squishmallow|94\/100|[from] item: Leftovers\n|upkeep\n|turn|7\n|\n|t:|1697411143\n|switch|p2a: Barbie|Arceus-Fairy|100\/100\n|-damage|p2a: Barbie|88\/100|[from] Spikes\n|move|p1a: Hatterene|Psyshock|p2a: Barbie\n|-damage|p2a: Barbie|60\/100\n|\n|upkeep\n|turn|8\n|\n|t:|1697411155\n|switch|p2a: Beelzebub|Giratina-Origin|80\/100\n|move|p1a: Hatterene|Calm Mind|p1a: Hatterene\n|-boost|p1a: Hatterene|spa|1\n|-boost|p1a: Hatterene|spd|1\n|\n|upkeep\n|turn|9\n|\n|t:|1697411161\n|move|p2a: Beelzebub|Shadow Ball|p1a: Hatterene\n|-supereffective|p1a: Hatterene\n|-damage|p1a: Hatterene|63\/100\n|move|p1a: Hatterene|Draining Kiss|p2a: Beelzebub\n|-supereffective|p2a: Beelzebub\n|-damage|p2a: Beelzebub|30\/100\n|-heal|p1a: Hatterene|100\/100|[from] drain|[of] p2a: Beelzebub\n|\n|upkeep\n|turn|10\n|\n|t:|1697411165\n|move|p2a: Beelzebub|Shadow Ball|p1a: Hatterene\n|-supereffective|p1a: Hatterene\n|-damage|p1a: Hatterene|63\/100\n|move|p1a: Hatterene|Draining Kiss|p2a: Beelzebub\n|-supereffective|p2a: Beelzebub\n|-damage|p2a: Beelzebub|0 fnt\n|-heal|p1a: Hatterene|98\/100|[from] drain|[of] p2a: Beelzebub\n|faint|p2a: Beelzebub\n|\n|-heal|p1a: Hatterene|100\/100|[from] item: Leftovers\n|upkeep\n|\n|t:|1697411172\n|switch|p2a: Flame Rider|Koraidon|100\/100\n|-damage|p2a: Flame Rider|88\/100|[from] Spikes\n|-weather|SunnyDay|[from] ability: Orichalcum Pulse|[of] p2a: Flame Rider\n|-activate|p2a: Flame Rider|Orichalcum Pulse|[source]\n|turn|11\n|\n|t:|1697411176\n|switch|p1a: Toxapex|Toxapex, F|100\/100\n|-damage|p1a: Toxapex|84\/100|[from] Spikes\n|move|p2a: Flame Rider|Flare Blitz|p1a: Toxapex\n|-resisted|p1a: Toxapex\n|-damage|p1a: Toxapex|59\/100\n|-damage|p2a: Flame Rider|72\/100|[from] item: Rocky Helmet|[of] p1a: Toxapex\n|-damage|p2a: Flame Rider|64\/100|[from] Recoil\n|\n|-weather|SunnyDay|[upkeep]\n|upkeep\n|turn|12\n|\n|t:|1697411185\n|switch|p2a: Squishmallow|Clodsire, M|94\/100\n|-damage|p2a: Squishmallow|82\/100|[from] Spikes\n|move|p1a: Toxapex|Toxic Spikes|p2a: Squishmallow\n|-sidestart|p2: treegirl22|move: Toxic Spikes\n|\n|-weather|SunnyDay|[upkeep]\n|-heal|p2a: Squishmallow|88\/100|[from] item: Leftovers\n|upkeep\n|turn|13\n|\n|t:|1697411188\n|switch|p1a: Giratina|Giratina-Origin|100\/100\n|move|p2a: Squishmallow|Earthquake|p1a: Giratina\n|-immune|p1a: Giratina|[from] ability: Levitate\n|\n|-weather|SunnyDay|[upkeep]\n|-heal|p2a: Squishmallow|94\/100|[from] item: Leftovers\n|upkeep\n|turn|14\n|\n|t:|1697411191\n|move|p1a: Giratina|Will-O-Wisp|p2a: Squishmallow|[miss]\n|-miss|p1a: Giratina|p2a: Squishmallow\n|move|p2a: Squishmallow|Toxic|p1a: Giratina\n|-status|p1a: Giratina|tox\n|\n|-weather|SunnyDay|[upkeep]\n|-heal|p2a: Squishmallow|100\/100|[from] item: Leftovers\n|-damage|p1a: Giratina|94\/100 tox|[from] psn\n|upkeep\n|turn|15\n|\n|t:|1697411209\n|switch|p1a: Hatterene|Hatterene, F|100\/100\n|-damage|p1a: Hatterene|84\/100|[from] Spikes\n|move|p2a: Squishmallow|Spikes|p1a: Hatterene\n|move|p1a: Hatterene|Spikes|p2a: Squishmallow|[from]ability: Magic Bounce\n|-sidestart|p2: treegirl22|Spikes\n|\n|-weather|none\n|-heal|p1a: Hatterene|90\/100|[from] item: Leftovers\n|upkeep\n|turn|16\n|\n|t:|1697411217\n|switch|p2a: Flame Rider|Koraidon|64\/100\n|-damage|p2a: Flame Rider|48\/100|[from] Spikes\n|-status|p2a: Flame Rider|psn\n|-weather|SunnyDay|[from] ability: Orichalcum Pulse|[of] p2a: Flame Rider\n|-activate|p2a: Flame Rider|Orichalcum Pulse|[source]\n|move|p1a: Hatterene|Psyshock|p2a: Flame Rider\n|-supereffective|p2a: Flame Rider\n|-damage|p2a: Flame Rider|0 fnt\n|faint|p2a: Flame Rider\n|\n|-weather|SunnyDay|[upkeep]\n|-heal|p1a: Hatterene|96\/100|[from] item: Leftovers\n|upkeep\n|\n|t:|1697411226\n|switch|p2a: Squishmallow|Clodsire, M|100\/100\n|-damage|p2a: Squishmallow|84\/100|[from] Spikes\n|-sideend|p2: treegirl22|move: Toxic Spikes|[of] p2a: Squishmallow\n|turn|17\n|\n|t:|1697411237\n|switch|p2a: Leviathan|Kyogre|100\/100\n|-damage|p2a: Leviathan|84\/100|[from] Spikes\n|-weather|RainDance|[from] ability: Drizzle|[of] p2a: Leviathan\n|move|p1a: Hatterene|Psyshock|p2a: Leviathan\n|-damage|p2a: Leviathan|48\/100\n|\n|-weather|RainDance|[upkeep]\n|-heal|p1a: Hatterene|100\/100|[from] item: Leftovers\n|upkeep\n|turn|18\n|\n|t:|1697411243\n|switch|p1a: Toxapex|Toxapex, F|93\/100\n|-damage|p1a: Toxapex|76\/100|[from] Spikes\n|move|p2a: Leviathan|Origin Pulse|p1a: Toxapex\n|-resisted|p1a: Toxapex\n|-damage|p1a: Toxapex|36\/100\n|\n|-weather|RainDance|[upkeep]\n|upkeep\n|turn|19\n|\n|t:|1697411250\n|move|p1a: Toxapex|Baneful Bunker|p1a: Toxapex\n|-singleturn|p1a: Toxapex|move: Protect\n|move|p2a: Leviathan|Origin Pulse|p1a: Toxapex\n|-activate|p1a: Toxapex|move: Protect\n|\n|-weather|RainDance|[upkeep]\n|upkeep\n|turn|20\n|\n|t:|1697411255\n|switch|p1a: Giratina|Giratina-Origin|94\/100 tox\n|move|p2a: Leviathan|Origin Pulse|p1a: Giratina\n|-resisted|p1a: Giratina\n|-damage|p1a: Giratina|64\/100 tox\n|\n|-weather|RainDance|[upkeep]\n|-damage|p1a: Giratina|58\/100 tox|[from] psn\n|upkeep\n|turn|21\n|\n|t:|1697411263\n|switch|p2a: Barbie|Arceus-Fairy|60\/100\n|-damage|p2a: Barbie|43\/100|[from] Spikes\n|move|p1a: Giratina|Defog|p2a: Barbie\n|-unboost|p2a: Barbie|evasion|1\n|-sideend|p2: treegirl22|Spikes|[from] move: Defog|[of] p1a: Giratina\n|-sideend|p1: lilliput79|Spikes|[from] move: Defog|[of] p1a: Giratina\n|\n|-weather|none\n|-damage|p1a: Giratina|46\/100 tox|[from] psn\n|upkeep\n|turn|22\n|\n|t:|1697411268\n|switch|p1a: Toxapex|Toxapex, F|70\/100\n|move|p2a: Barbie|Recover|p2a: Barbie\n|-heal|p2a: Barbie|93\/100\n|\n|upkeep\n|turn|23\n|\n|t:|1697411277\n|switch|p2a: Squishmallow|Clodsire, M|84\/100\n|move|p1a: Toxapex|Toxic Spikes|p2a: Squishmallow\n|-sidestart|p2: treegirl22|move: Toxic Spikes\n|\n|-heal|p2a: Squishmallow|90\/100|[from] item: Leftovers\n|upkeep\n|turn|24\n|\n|t:|1697411284\n|switch|p1a: Hatterene|Hatterene, F|100\/100\n|move|p2a: Squishmallow|Spikes|p1a: Hatterene\n|move|p1a: Hatterene|Spikes|p2a: Squishmallow|[from]ability: Magic Bounce\n|-sidestart|p2: treegirl22|Spikes\n|\n|-heal|p2a: Squishmallow|96\/100|[from] item: Leftovers\n|upkeep\n|turn|25\n|\n|t:|1697411292\n|switch|p2a: Leviathan|Kyogre|48\/100\n|-status|p2a: Leviathan|psn\n|-damage|p2a: Leviathan|35\/100 psn|[from] Spikes\n|-weather|RainDance|[from] ability: Drizzle|[of] p2a: Leviathan\n|move|p1a: Hatterene|Psyshock|p2a: Leviathan\n|-damage|p2a: Leviathan|0 fnt\n|faint|p2a: Leviathan\n|\n|-weather|RainDance|[upkeep]\n|upkeep\n|\n|t:|1697411297\n|switch|p2a: R E S P E C T|Basculegion, M|100\/100\n|-status|p2a: R E S P E C T|psn\n|-damage|p2a: R E S P E C T|88\/100 psn|[from] Spikes\n|turn|26\n|\n|t:|1697411303\n|switch|p1a: Toxapex|Toxapex, F|100\/100\n|move|p2a: R E S P E C T|Wave Crash|p1a: Toxapex\n|-resisted|p1a: Toxapex\n|-damage|p1a: Toxapex|71\/100\n|-damage|p2a: R E S P E C T|72\/100 psn|[from] item: Rocky Helmet|[of] p1a: Toxapex\n|-damage|p2a: R E S P E C T|64\/100 psn|[from] Recoil\n|\n|-weather|RainDance|[upkeep]\n|-damage|p2a: R E S P E C T|51\/100 psn|[from] psn\n|upkeep\n|turn|27\n|\n|t:|1697411312\n|move|p2a: R E S P E C T|Last Respects|p1a: Toxapex\n|-damage|p1a: Toxapex|14\/100\n|move|p1a: Toxapex|Toxic Spikes|p2a: R E S P E C T\n|-sidestart|p2: treegirl22|move: Toxic Spikes\n|\n|-weather|RainDance|[upkeep]\n|-damage|p2a: R E S P E C T|39\/100 psn|[from] psn\n|upkeep\n|turn|28\n|\n|t:|1697411319\n|move|p1a: Toxapex|Baneful Bunker|p1a: Toxapex\n|-singleturn|p1a: Toxapex|move: Protect\n|move|p2a: R E S P E C T|Last Respects|p1a: Toxapex\n|-activate|p1a: Toxapex|move: Protect\n|\n|-weather|RainDance|[upkeep]\n|-damage|p2a: R E S P E C T|27\/100 psn|[from] psn\n|upkeep\n|turn|29\n|\n|t:|1697411322\n|switch|p1a: Dondozo|Dondozo, M|100\/100\n|move|p2a: R E S P E C T|Last Respects|p1a: Dondozo\n|-damage|p1a: Dondozo|52\/100\n|\n|-weather|none\n|-heal|p1a: Dondozo|58\/100|[from] item: Leftovers\n|-damage|p2a: R E S P E C T|14\/100 psn|[from] psn\n|upkeep\n|turn|30\n|\n|t:|1697411330\n|move|p1a: Dondozo|Protect|p1a: Dondozo\n|-singleturn|p1a: Dondozo|Protect\n|move|p2a: R E S P E C T|Last Respects|p1a: Dondozo\n|-activate|p1a: Dondozo|move: Protect\n|\n|-heal|p1a: Dondozo|64\/100|[from] item: Leftovers\n|-damage|p2a: R E S P E C T|2\/100 psn|[from] psn\n|upkeep\n|turn|31\n|\n|t:|1697411334\n|switch|p1a: Chansey|Chansey, F|100\/100\n|move|p2a: R E S P E C T|Last Respects|p1a: Chansey\n|-immune|p1a: Chansey\n|\n|-damage|p2a: R E S P E C T|0 fnt|[from] psn\n|faint|p2a: R E S P E C T\n|upkeep\n|\n|t:|1697411338\n|switch|p2a: Squishmallow|Clodsire, M|96\/100\n|-sideend|p2: treegirl22|move: Toxic Spikes|[of] p2a: Squishmallow\n|-damage|p2a: Squishmallow|84\/100|[from] Spikes\n|turn|32\n|\n|t:|1697411344\n|switch|p2a: Barbie|Arceus-Fairy|93\/100\n|-damage|p2a: Barbie|81\/100|[from] Spikes\n|move|p1a: Chansey|Stealth Rock|p2a: Barbie\n|-sidestart|p2: treegirl22|move: Stealth Rock\n|\n|upkeep\n|turn|33\n|\n|t:|1697411349\n|switch|p1a: Toxapex|Toxapex, F|47\/100\n|move|p2a: Barbie|Calm Mind|p2a: Barbie\n|-boost|p2a: Barbie|spa|1\n|-boost|p2a: Barbie|spd|1\n|\n|upkeep\n|turn|34\n|\n|t:|1697411360\n|move|p2a: Barbie|Calm Mind|p2a: Barbie\n|-boost|p2a: Barbie|spa|1\n|-boost|p2a: Barbie|spd|1\n|move|p1a: Toxapex|Poison Jab|p2a: Barbie\n|-supereffective|p2a: Barbie\n|-damage|p2a: Barbie|59\/100\n|\n|upkeep\n|turn|35\n|\n|t:|1697411365\n|move|p2a: Barbie|Calm Mind|p2a: Barbie\n|-boost|p2a: Barbie|spa|1\n|-boost|p2a: Barbie|spd|1\n|move|p1a: Toxapex|Recover|p1a: Toxapex\n|-heal|p1a: Toxapex|98\/100\n|\n|upkeep\n|turn|36\n|\n|t:|1697411368\n|move|p2a: Barbie|Calm Mind|p2a: Barbie\n|-boost|p2a: Barbie|spa|1\n|-boost|p2a: Barbie|spd|1\n|move|p1a: Toxapex|Poison Jab|p2a: Barbie\n|-supereffective|p2a: Barbie\n|-damage|p2a: Barbie|40\/100\n|\n|upkeep\n|turn|37\n|\n|t:|1697411371\n|move|p2a: Barbie|Recover|p2a: Barbie\n|-heal|p2a: Barbie|90\/100\n|move|p1a: Toxapex|Poison Jab|p2a: Barbie\n|-supereffective|p2a: Barbie\n|-damage|p2a: Barbie|68\/100\n|-status|p2a: Barbie|psn\n|\n|-damage|p2a: Barbie|56\/100 psn|[from] psn\n|upkeep\n|turn|38\n|\n|t:|1697411376\n|switch|p1a: Chansey|Chansey, F|100\/100\n|move|p2a: Barbie|Calm Mind|p2a: Barbie\n|-boost|p2a: Barbie|spa|1\n|-boost|p2a: Barbie|spd|1\n|\n|-damage|p2a: Barbie|43\/100 psn|[from] psn\n|upkeep\n|turn|39\n|\n|t:|1697411379\n|move|p2a: Barbie|Recover|p2a: Barbie\n|-heal|p2a: Barbie|93\/100 psn\n|move|p1a: Chansey|Calm Mind|p1a: Chansey\n|-boost|p1a: Chansey|spa|1\n|-boost|p1a: Chansey|spd|1\n|\n|-damage|p2a: Barbie|81\/100 psn|[from] psn\n|upkeep\n|turn|40\n|\n|t:|1697411383\n|move|p2a: Barbie|Judgment|p1a: Chansey\n|-damage|p1a: Chansey|71\/100\n|move|p1a: Chansey|Calm Mind|p1a: Chansey\n|-boost|p1a: Chansey|spa|1\n|-boost|p1a: Chansey|spd|1\n|\n|-damage|p2a: Barbie|69\/100 psn|[from] psn\n|upkeep\n|turn|41\n|\n|t:|1697411386\n|move|p2a: Barbie|Calm Mind|p2a: Barbie\n|-boost|p2a: Barbie|spa|1\n|-boost|p2a: Barbie|spd|1\n|move|p1a: Chansey|Seismic Toss|p2a: Barbie\n|-damage|p2a: Barbie|46\/100 psn\n|\n|-damage|p2a: Barbie|34\/100 psn|[from] psn\n|upkeep\n|turn|42\n|\n|t:|1697411389\n|move|p2a: Barbie|Recover|p2a: Barbie\n|-heal|p2a: Barbie|84\/100 psn\n|move|p1a: Chansey|Seismic Toss|p2a: Barbie\n|-damage|p2a: Barbie|61\/100 psn\n|\n|-damage|p2a: Barbie|49\/100 psn|[from] psn\n|upkeep\n|turn|43\n|\n|t:|1697411395\n|move|p2a: Barbie|Recover|p2a: Barbie\n|-heal|p2a: Barbie|99\/100 psn\n|move|p1a: Chansey|Calm Mind|p1a: Chansey\n|-boost|p1a: Chansey|spa|1\n|-boost|p1a: Chansey|spd|1\n|\n|-damage|p2a: Barbie|86\/100 psn|[from] psn\n|upkeep\n|turn|44\n|\n|t:|1697411400\n|move|p2a: Barbie|Judgment|p1a: Chansey\n|-damage|p1a: Chansey|52\/100\n|move|p1a: Chansey|Soft-Boiled|p1a: Chansey\n|-heal|p1a: Chansey|100\/100\n|\n|-damage|p2a: Barbie|74\/100 psn|[from] psn\n|upkeep\n|turn|45\n|\n|t:|1697411405\n|move|p2a: Barbie|Judgment|p1a: Chansey\n|-damage|p1a: Chansey|83\/100\n|move|p1a: Chansey|Seismic Toss|p2a: Barbie\n|-damage|p2a: Barbie|51\/100 psn\n|\n|-damage|p2a: Barbie|39\/100 psn|[from] psn\n|upkeep\n|turn|46\n|\n|t:|1697411408\n|move|p2a: Barbie|Recover|p2a: Barbie\n|-heal|p2a: Barbie|89\/100 psn\n|move|p1a: Chansey|Seismic Toss|p2a: Barbie\n|-damage|p2a: Barbie|66\/100 psn\n|\n|-damage|p2a: Barbie|54\/100 psn|[from] psn\n|upkeep\n|turn|47\n|\n|t:|1697411412\n|move|p2a: Barbie|Judgment|p1a: Chansey\n|-damage|p1a: Chansey|62\/100\n|move|p1a: Chansey|Seismic Toss|p2a: Barbie\n|-damage|p2a: Barbie|32\/100 psn\n|\n|-damage|p2a: Barbie|19\/100 psn|[from] psn\n|upkeep\n|turn|48\n|\n|t:|1697411418\n|move|p2a: Barbie|Recover|p2a: Barbie\n|-heal|p2a: Barbie|69\/100 psn\n|move|p1a: Chansey|Seismic Toss|p2a: Barbie\n|-damage|p2a: Barbie|47\/100 psn\n|\n|-damage|p2a: Barbie|34\/100 psn|[from] psn\n|upkeep\n|turn|49\n|\n|t:|1697411422\n|move|p2a: Barbie|Recover|p2a: Barbie\n|-heal|p2a: Barbie|84\/100 psn\n|move|p1a: Chansey|Seismic Toss|p2a: Barbie\n|-damage|p2a: Barbie|62\/100 psn\n|\n|-damage|p2a: Barbie|49\/100 psn|[from] psn\n|upkeep\n|turn|50\n|\n|t:|1697411428\n|move|p2a: Barbie|Judgment|p1a: Chansey\n|-damage|p1a: Chansey|43\/100\n|move|p1a: Chansey|Seismic Toss|p2a: Barbie\n|-damage|p2a: Barbie|27\/100 psn\n|\n|-damage|p2a: Barbie|14\/100 psn|[from] psn\n|upkeep\n|turn|51\n|\n|t:|1697411431\n|move|p2a: Barbie|Judgment|p1a: Chansey\n|-damage|p1a: Chansey|23\/100\n|move|p1a: Chansey|Soft-Boiled|p1a: Chansey\n|-heal|p1a: Chansey|73\/100\n|\n|-damage|p2a: Barbie|2\/100 psn|[from] psn\n|upkeep\n|turn|52\n|\n|t:|1697411434\n|move|p2a: Barbie|Judgment|p1a: Chansey\n|-damage|p1a: Chansey|55\/100\n|move|p1a: Chansey|Seismic Toss|p2a: Barbie\n|-damage|p2a: Barbie|0 fnt\n|faint|p2a: Barbie\n|\n|upkeep\n|\n|t:|1697411439\n|switch|p2a: Squishmallow|Clodsire, M|84\/100\n|-damage|p2a: Squishmallow|71\/100|[from] Spikes\n|-damage|p2a: Squishmallow|65\/100|[from] Stealth Rock\n|turn|53\n|\n|t:|1697411448\n|switch|p1a: Hatterene|Hatterene, F|100\/100\n|move|p2a: Squishmallow|Toxic|p1a: Hatterene\n|move|p1a: Hatterene|Toxic|p2a: Squishmallow|[from]ability: Magic Bounce\n|-immune|p2a: Squishmallow\n|\n|-heal|p2a: Squishmallow|71\/100|[from] item: Leftovers\n|upkeep\n|turn|54\n|\n|t:|1697411464\n|-terastallize|p2a: Squishmallow|Fairy\n|move|p1a: Hatterene|Psyshock|p2a: Squishmallow\n|-damage|p2a: Squishmallow|34\/100\n|move|p2a: Squishmallow|Recover|p2a: Squishmallow\n|-heal|p2a: Squishmallow|84\/100\n|\n|-heal|p2a: Squishmallow|91\/100|[from] item: Leftovers\n|upkeep\n|turn|55\n|\n|t:|1697411470\n|switch|p1a: Toxapex|Toxapex, F|100\/100\n|move|p2a: Squishmallow|Earthquake|p1a: Toxapex\n|-supereffective|p1a: Toxapex\n|-damage|p1a: Toxapex|67\/100\n|\n|-heal|p2a: Squishmallow|97\/100|[from] item: Leftovers\n|upkeep\n|turn|56\n|\n|t:|1697411477\n|move|p1a: Toxapex|Poison Jab|p2a: Squishmallow\n|-supereffective|p2a: Squishmallow\n|-damage|p2a: Squishmallow|53\/100\n|move|p2a: Squishmallow|Spikes|p1a: Toxapex\n|-sidestart|p1: lilliput79|Spikes\n|\n|-heal|p2a: Squishmallow|59\/100|[from] item: Leftovers\n|upkeep\n|turn|57\n|\n|t:|1697411481\n|move|p1a: Toxapex|Poison Jab|p2a: Squishmallow\n|-supereffective|p2a: Squishmallow\n|-damage|p2a: Squishmallow|16\/100\n|-status|p2a: Squishmallow|psn\n|move|p2a: Squishmallow|Recover|p2a: Squishmallow\n|-heal|p2a: Squishmallow|66\/100 psn\n|\n|-heal|p2a: Squishmallow|72\/100 psn|[from] item: Leftovers\n|-damage|p2a: Squishmallow|60\/100 psn|[from] psn\n|upkeep\n|turn|58\n|\n|t:|1697411484\n|move|p1a: Toxapex|Poison Jab|p2a: Squishmallow\n|-supereffective|p2a: Squishmallow\n|-damage|p2a: Squishmallow|16\/100 psn\n|move|p2a: Squishmallow|Recover|p2a: Squishmallow\n|-heal|p2a: Squishmallow|66\/100 psn\n|\n|-heal|p2a: Squishmallow|72\/100 psn|[from] item: Leftovers\n|-damage|p2a: Squishmallow|60\/100 psn|[from] psn\n|upkeep\n|turn|59\n|\n|t:|1697411487\n|move|p1a: Toxapex|Poison Jab|p2a: Squishmallow\n|-supereffective|p2a: Squishmallow\n|-damage|p2a: Squishmallow|14\/100 psn\n|move|p2a: Squishmallow|Recover|p2a: Squishmallow\n|-heal|p2a: Squishmallow|64\/100 psn\n|\n|-heal|p2a: Squishmallow|71\/100 psn|[from] item: Leftovers\n|-damage|p2a: Squishmallow|58\/100 psn|[from] psn\n|upkeep\n|turn|60\n|\n|t:|1697411491\n|move|p1a: Toxapex|Poison Jab|p2a: Squishmallow\n|-supereffective|p2a: Squishmallow\n|-damage|p2a: Squishmallow|16\/100 psn\n|move|p2a: Squishmallow|Recover|p2a: Squishmallow\n|-heal|p2a: Squishmallow|66\/100 psn\n|\n|-heal|p2a: Squishmallow|72\/100 psn|[from] item: Leftovers\n|-damage|p2a: Squishmallow|60\/100 psn|[from] psn\n|upkeep\n|turn|61\n|\n|t:|1697411495\n|move|p1a: Toxapex|Poison Jab|p2a: Squishmallow\n|-supereffective|p2a: Squishmallow\n|-damage|p2a: Squishmallow|17\/100 psn\n|move|p2a: Squishmallow|Recover|p2a: Squishmallow\n|-heal|p2a: Squishmallow|67\/100 psn\n|\n|-heal|p2a: Squishmallow|74\/100 psn|[from] item: Leftovers\n|-damage|p2a: Squishmallow|61\/100 psn|[from] psn\n|upkeep\n|turn|62\n|\n|t:|1697411498\n|move|p1a: Toxapex|Poison Jab|p2a: Squishmallow\n|-supereffective|p2a: Squishmallow\n|-damage|p2a: Squishmallow|15\/100 psn\n|move|p2a: Squishmallow|Recover|p2a: Squishmallow\n|-heal|p2a: Squishmallow|65\/100 psn\n|\n|-heal|p2a: Squishmallow|72\/100 psn|[from] item: Leftovers\n|-damage|p2a: Squishmallow|59\/100 psn|[from] psn\n|upkeep\n|turn|63\n|\n|t:|1697411504\n|move|p1a: Toxapex|Poison Jab|p2a: Squishmallow\n|-supereffective|p2a: Squishmallow\n|-damage|p2a: Squishmallow|20\/100 psn\n|move|p2a: Squishmallow|Recover|p2a: Squishmallow\n|-heal|p2a: Squishmallow|70\/100 psn\n|\n|-heal|p2a: Squishmallow|76\/100 psn|[from] item: Leftovers\n|-damage|p2a: Squishmallow|64\/100 psn|[from] psn\n|upkeep\n|turn|64\n|\n|t:|1697411507\n|move|p1a: Toxapex|Poison Jab|p2a: Squishmallow\n|-supereffective|p2a: Squishmallow\n|-damage|p2a: Squishmallow|18\/100 psn\n|move|p2a: Squishmallow|Earthquake|p1a: Toxapex\n|-supereffective|p1a: Toxapex\n|-damage|p1a: Toxapex|35\/100\n|\n|-heal|p2a: Squishmallow|25\/100 psn|[from] item: Leftovers\n|-damage|p2a: Squishmallow|12\/100 psn|[from] psn\n|upkeep\n|turn|65\n|\n|t:|1697411510\n|move|p1a: Toxapex|Poison Jab|p2a: Squishmallow\n|-supereffective|p2a: Squishmallow\n|-damage|p2a: Squishmallow|0 fnt\n|faint|p2a: Squishmallow\n|\n|win|lilliput79\n|raw|lilliput79's rating: 1611 &rarr; <strong>1626<\/strong><br \/>(+15 for winning)\n|raw|treegirl22's rating: 1521 &rarr; <strong>1506<\/strong><br \/>(-15 for losing)\n|l|\u2606treegirl22\n|l|\u203dlilliput79\n|j|\u203dlilliput79\n|player|p1|lilliput79|lucas\n","uploadtime":1697411717,"views":8,"p1id":"lilliput79","p2id":"treegirl22","formatid":"gen9ubers","rating":1506,"private":0,"password":""}