{"id":"gen9ubers-1983919722","p1":"mann_treads","p2":"IDaHAN","format":"[Gen 9] Ubers","log":"|j|\u2606mann_treads\n|j|\u2606IDaHAN\n|t:|1699200010\n|gametype|singles\n|player|p1|mann_treads|ariana|\n|player|p2|IDaHAN|ethan|\n|teamsize|p1|6\n|teamsize|p2|6\n|gen|9\n|tier|[Gen 9] Ubers\n|rule|Sleep Clause Mod: Limit one foe put to sleep\n|rule|Species Clause: Limit one of each Pok\u00e9mon\n|rule|OHKO Clause: OHKO moves are banned\n|rule|Evasion Items Clause: Evasion items are banned\n|rule|Evasion Moves Clause: Evasion moves are banned\n|rule|Endless Battle Clause: Forcing endless battles is banned\n|rule|HP Percentage Mod: HP is shown in percentages\n|clearpoke\n|poke|p1|Altaria, F|\n|poke|p1|Gholdengo|\n|poke|p1|Magearna|\n|poke|p1|Slowking-Galar, M|\n|poke|p1|Alomomola, F|\n|poke|p1|Garganacl, M|\n|poke|p2|Basculin-White-Striped, F|\n|poke|p2|Arceus-Ghost|\n|poke|p2|Magearna|\n|poke|p2|Chi-Yu|\n|poke|p2|Zacian-*|\n|poke|p2|Palkia-Origin|\n|teampreview\n|inactive|Battle timer is ON: inactive players will automatically lose when time's up. (requested by IDaHAN)\n|c|\u2606IDaHAN|glhf :))\n|c|\u2606mann_treads|glhf\n|inactive|mann_treads has 270 seconds left.\n|\n|t:|1699200044\n|start\n|switch|p1a: Magearna|Magearna|100\/100\n|switch|p2a: Magearna|Magearna|100\/100\n|turn|1\n|\n|t:|1699200049\n|move|p1a: Magearna|Spikes|p2a: Magearna\n|-sidestart|p2: IDaHAN|Spikes\n|move|p2a: Magearna|Thunder Wave|p1a: Magearna\n|-status|p1a: Magearna|par\n|\n|upkeep\n|turn|2\n|\n|t:|1699200053\n|move|p2a: Magearna|Spikes|p1a: Magearna\n|-sidestart|p1: mann_treads|Spikes\n|move|p1a: Magearna|Thunder Wave|p2a: Magearna\n|-status|p2a: Magearna|par\n|\n|upkeep\n|turn|3\n|\n|t:|1699200061\n|move|p1a: Magearna|Spikes|p2a: Magearna\n|-sidestart|p2: IDaHAN|Spikes\n|move|p2a: Magearna|Volt Switch|p1a: Magearna\n|-damage|p1a: Magearna|85\/100 par\n|\n|t:|1699200063\n|switch|p2a: Chi-Yu|Chi-Yu|100\/100|[from] Volt Switch\n|-damage|p2a: Chi-Yu|84\/100|[from] Spikes\n|-ability|p2a: Chi-Yu|Beads of Ruin\n|\n|-heal|p1a: Magearna|91\/100 par|[from] item: Leftovers\n|upkeep\n|turn|4\n|\n|t:|1699200093\n|switch|p1a: Alomomola|Alomomola, F|100\/100\n|move|p2a: Chi-Yu|Overheat|p1a: Alomomola|[miss]\n|-miss|p2a: Chi-Yu|p1a: Alomomola\n|\n|upkeep\n|turn|5\n|\n|t:|1699200106\n|switch|p2a: Magearna|Magearna|100\/100 par\n|-damage|p2a: Magearna|84\/100 par|[from] Spikes\n|move|p1a: Alomomola|Scald|p2a: Magearna\n|-damage|p2a: Magearna|73\/100 par\n|\n|-heal|p2a: Magearna|79\/100 par|[from] item: Leftovers\n|upkeep\n|turn|6\n|\n|t:|1699200115\n|move|p1a: Alomomola|Flip Turn|p2a: Magearna\n|-crit|p2a: Magearna\n|-damage|p2a: Magearna|66\/100 par\n|\n|t:|1699200120\n|switch|p1a: Slowking|Slowking-Galar, M|100\/100|[from] Flip Turn\n|cant|p2a: Magearna|par\n|\n|-heal|p2a: Magearna|72\/100 par|[from] item: Leftovers\n|upkeep\n|turn|7\n|\n|t:|1699200127\n|move|p1a: Slowking|Taunt|p2a: Magearna\n|-start|p2a: Magearna|move: Taunt\n|cant|p2a: Magearna|move: Taunt|Spikes\n|\n|-heal|p2a: Magearna|78\/100 par|[from] item: Leftovers\n|upkeep\n|turn|8\n|\n|t:|1699200132\n|move|p1a: Slowking|Future Sight|p2a: Magearna\n|-start|p1a: Slowking|move: Future Sight\n|move|p2a: Magearna|Volt Switch|p1a: Slowking\n|-damage|p1a: Slowking|88\/100\n|\n|t:|1699200135\n|switch|p2a: Chi-Yu|Chi-Yu|84\/100|[from] Volt Switch\n|-damage|p2a: Chi-Yu|68\/100|[from] Spikes\n|-ability|p2a: Chi-Yu|Beads of Ruin\n|\n|upkeep\n|turn|9\n|\n|t:|1699200141\n|move|p2a: Chi-Yu|Dark Pulse|p1a: Slowking\n|-supereffective|p1a: Slowking\n|-damage|p1a: Slowking|0 fnt\n|faint|p1a: Slowking\n|\n|upkeep\n|c|\u2606mann_treads|shoulda hard switched there\n|\n|t:|1699200152\n|switch|p1a: Garganacl|Garganacl, M|100\/100\n|turn|10\n|\n|t:|1699200157\n|move|p2a: Chi-Yu|Dark Pulse|p1a: Garganacl\n|-damage|p1a: Garganacl|31\/100\n|move|p1a: Garganacl|Block|p2a: Chi-Yu\n|-activate|p2a: Chi-Yu|trapped\n|\n|-end|p2a: Chi-Yu|move: Future Sight\n|-immune|p2a: Chi-Yu\n|upkeep\n|turn|11\n|\n|t:|1699200169\n|switch|p1a: Magearna|Magearna|91\/100 par\n|-damage|p1a: Magearna|78\/100 par|[from] Spikes\n|move|p2a: Chi-Yu|Dark Pulse|p1a: Magearna\n|-resisted|p1a: Magearna\n|-damage|p1a: Magearna|45\/100 par\n|\n|-heal|p1a: Magearna|51\/100 par|[from] item: Leftovers\n|upkeep\n|turn|12\n|\n|t:|1699200178\n|move|p2a: Chi-Yu|Dark Pulse|p1a: Magearna\n|-resisted|p1a: Magearna\n|-damage|p1a: Magearna|16\/100 par\n|move|p1a: Magearna|Fleur Cannon|p2a: Chi-Yu\n|-damage|p2a: Chi-Yu|6\/100\n|-unboost|p1a: Magearna|spa|2\n|\n|-heal|p1a: Magearna|22\/100 par|[from] item: Leftovers\n|upkeep\n|turn|13\n|\n|t:|1699200187\n|switch|p1a: Alomomola|Alomomola, F|100\/100\n|move|p2a: Chi-Yu|Dark Pulse|p1a: Alomomola\n|-damage|p1a: Alomomola|0 fnt\n|faint|p1a: Alomomola\n|\n|upkeep\n|c|\u2606mann_treads|yeah gg im not winning this\n|c|\u2606IDaHAN|lmao\n|c|\u2606mann_treads|didnt have a chi yu answer\n|c|\u2606mann_treads|ggwp\n|-message|mann_treads forfeited.\n|\n|win|IDaHAN\n|l|\u2606mann_treads\n|c|\u2606IDaHAN|well now you know how to improve your team\n","uploadtime":1699200253,"views":7,"p1id":"manntreads","p2id":"idahan","formatid":"gen9ubers","rating":0,"private":0,"password":""}