{"id":"gen9ubers-1977823513","p1":"MyDeliciousAxe","p2":"godiamsosorry","format":"[Gen 9] Ubers","log":"|j|\u2606MyDeliciousAxe\n|j|\u2606godiamsosorry\n|t:|1698454005\n|gametype|singles\n|player|p1|MyDeliciousAxe|caitlin|\n|player|p2|godiamsosorry|scientistf|\n|teamsize|p1|6\n|teamsize|p2|6\n|gen|9\n|tier|[Gen 9] Ubers\n|rule|Sleep Clause Mod: Limit one foe put to sleep\n|rule|Species Clause: Limit one of each Pok\u00e9mon\n|rule|OHKO Clause: OHKO moves are banned\n|rule|Evasion Items Clause: Evasion items are banned\n|rule|Evasion Moves Clause: Evasion moves are banned\n|rule|Endless Battle Clause: Forcing endless battles is banned\n|rule|HP Percentage Mod: HP is shown in percentages\n|clearpoke\n|poke|p1|Gliscor, M|\n|poke|p1|Zoroark-Hisui, M|\n|poke|p1|Scovillain, F|\n|poke|p1|Empoleon, M|\n|poke|p1|Shroodle, M|\n|poke|p1|Nosepass, F|\n|poke|p2|Koraidon|\n|poke|p2|Victreebel, M|\n|poke|p2|Scream Tail|\n|poke|p2|Volcanion|\n|poke|p2|Infernape, F|\n|poke|p2|Weezing-Galar, F|\n|teampreview\n|\n|t:|1698454016\n|start\n|switch|p1a: Nosepass|Nosepass, F|100\/100\n|switch|p2a: Koraidon|Koraidon|100\/100\n|-weather|SunnyDay|[from] ability: Orichalcum Pulse|[of] p2a: Koraidon\n|-activate|p2a: Koraidon|Orichalcum Pulse|[source]\n|turn|1\n|\n|t:|1698454028\n|move|p1a: Nosepass|Lock-On|p2a: Koraidon\n|-activate|p1a: Nosepass|move: Lock-On|[of] p2a: Koraidon\n|move|p2a: Koraidon|Roar|p1a: Nosepass\n|drag|p1a: Scovillain|Scovillain, F, shiny|100\/100\n|\n|-weather|SunnyDay|[upkeep]\n|upkeep\n|turn|2\n|\n|t:|1698454040\n|move|p2a: Koraidon|Draco Meteor|p1a: Scovillain\n|-damage|p1a: Scovillain|22\/100\n|-unboost|p2a: Koraidon|spa|2\n|move|p1a: Scovillain|Fire Blast|p2a: Koraidon\n|-resisted|p2a: Koraidon\n|-damage|p2a: Koraidon|43\/100\n|\n|-weather|SunnyDay|[upkeep]\n|upkeep\n|turn|3\n|\n|t:|1698454054\n|switch|p1a: Shroodle|Shroodle, M|100\/100\n|move|p2a: Koraidon|Flamethrower|p1a: Shroodle\n|-damage|p1a: Shroodle|73\/100\n|\n|-weather|SunnyDay|[upkeep]\n|upkeep\n|turn|4\n|\n|t:|1698454068\n|switch|p2a: Victreebel|Victreebel, M|100\/100\n|move|p1a: Shroodle|Metronome|p1a: Shroodle\n|move|p1a: Shroodle|Acid|p2a: Victreebel|[from]move: Metronome\n|-damage|p2a: Victreebel|91\/100\n|\n|-weather|SunnyDay|[upkeep]\n|upkeep\n|turn|5\n|\n|t:|1698454077\n|move|p1a: Shroodle|Metronome|p1a: Shroodle\n|move|p1a: Shroodle|Aqua Tail|p2a: Victreebel|[from]move: Metronome\n|-resisted|p2a: Victreebel\n|-damage|p2a: Victreebel|85\/100\n|move|p2a: Victreebel|Weather Ball|p1a: Shroodle\n|-damage|p1a: Shroodle|0 fnt\n|faint|p1a: Shroodle\n|\n|-weather|SunnyDay|[upkeep]\n|upkeep\n|\n|t:|1698454090\n|switch|p1a: Gliscor|Gliscor, M|100\/100\n|turn|6\n|\n|t:|1698454098\n|move|p2a: Victreebel|Weather Ball|p1a: Gliscor\n|-damage|p1a: Gliscor|18\/100\n|move|p1a: Gliscor|Toxic|p2a: Victreebel\n|-immune|p2a: Victreebel\n|\n|-weather|SunnyDay|[upkeep]\n|upkeep\n|turn|7\n|c|\u2606MyDeliciousAxe|FUCK\n|c|\u2606MyDeliciousAxe|I MESNT TO CLICK SOMETHING ELSE\n|c|\u2606godiamsosorry|EP?\n|\n|t:|1698454119\n|switch|p1a: Nosepass|Nosepass, F|100\/100\n|move|p2a: Victreebel|Weather Ball|p1a: Nosepass\n|-resisted|p1a: Nosepass\n|-damage|p1a: Nosepass|76\/100\n|\n|-weather|SunnyDay|[upkeep]\n|upkeep\n|turn|8\n|\n|t:|1698454130\n|switch|p2a: Infernape|Infernape, F|100\/100\n|move|p1a: Nosepass|Zap Cannon|p2a: Infernape\n|-damage|p2a: Infernape|80\/100\n|-status|p2a: Infernape|par\n|\n|-weather|none\n|upkeep\n|turn|9\n|\n|t:|1698454155\n|move|p2a: Infernape|U-turn|p1a: Nosepass\n|-damage|p1a: Nosepass|53\/100\n|\n|t:|1698454157\n|switch|p2a: Koraidon|Koraidon|43\/100|[from] U-turn\n|-weather|SunnyDay|[from] ability: Orichalcum Pulse|[of] p2a: Koraidon\n|-activate|p2a: Koraidon|Orichalcum Pulse|[source]\n|move|p1a: Nosepass|Stealth Rock|p2a: Koraidon\n|-sidestart|p2: godiamsosorry|move: Stealth Rock\n|\n|-weather|SunnyDay|[upkeep]\n|upkeep\n|turn|10\n|\n|t:|1698454170\n|switch|p2a: Weezing|Weezing-Galar, F, shiny|100\/100\n|-damage|p2a: Weezing|88\/100|[from] Stealth Rock\n|move|p1a: Nosepass|Zap Cannon|p2a: Weezing|[miss]\n|-miss|p1a: Nosepass|p2a: Weezing\n|\n|-weather|SunnyDay|[upkeep]\n|-heal|p2a: Weezing|94\/100|[from] item: Leftovers\n|upkeep\n|turn|11\n|\n|t:|1698454180\n|move|p2a: Weezing|Defog|p1a: Nosepass\n|-unboost|p1a: Nosepass|evasion|1\n|-sideend|p2: godiamsosorry|Stealth Rock|[from] move: Defog|[of] p2a: Weezing\n|move|p1a: Nosepass|Zap Cannon|p2a: Weezing\n|-damage|p2a: Weezing|75\/100\n|-status|p2a: Weezing|par\n|\n|-weather|SunnyDay|[upkeep]\n|-heal|p2a: Weezing|81\/100 par|[from] item: Leftovers\n|upkeep\n|turn|12\n|\n|t:|1698454190\n|switch|p2a: Victreebel|Victreebel, M|85\/100\n|move|p1a: Nosepass|Stealth Rock|p2a: Victreebel\n|-sidestart|p2: godiamsosorry|move: Stealth Rock\n|\n|-weather|SunnyDay|[upkeep]\n|upkeep\n|turn|13\n|\n|t:|1698454196\n|move|p2a: Victreebel|Solar Beam||[still]\n|-prepare|p2a: Victreebel|Solar Beam\n|-anim|p2a: Victreebel|Solar Beam|p1a: Nosepass\n|-supereffective|p1a: Nosepass\n|-damage|p1a: Nosepass|0 fnt\n|faint|p1a: Nosepass\n|\n|-weather|SunnyDay|[upkeep]\n|upkeep\n|\n|t:|1698454201\n|switch|p1a: Scovillain|Scovillain, F, shiny|22\/100\n|turn|14\n|\n|t:|1698454209\n|switch|p2a: Volcanion|Volcanion|100\/100\n|move|p1a: Scovillain|Fire Blast|p2a: Volcanion\n|-resisted|p2a: Volcanion\n|-damage|p2a: Volcanion|70\/100\n|\n|-weather|SunnyDay|[upkeep]\n|upkeep\n|turn|15\n|\n|t:|1698454223\n|switch|p1a: Gliscor|Gliscor, M|18\/100\n|move|p2a: Volcanion|Flare Blitz|p1a: Gliscor\n|-damage|p1a: Gliscor|0 fnt\n|faint|p1a: Gliscor\n|-damage|p2a: Volcanion|65\/100|[from] Recoil\n|\n|-weather|SunnyDay|[upkeep]\n|upkeep\n|\n|t:|1698454238\n|switch|p1a: Empoleon|Empoleon, M|100\/100\n|turn|16\n|\n|t:|1698454241\n|move|p1a: Empoleon|Trick|p2a: Volcanion\n|-activate|p1a: Empoleon|move: Trick|[of] p2a: Volcanion\n|-item|p2a: Volcanion|Toxic Orb|[from] move: Trick\n|-item|p1a: Empoleon|Heavy-Duty Boots|[from] move: Trick\n|move|p2a: Volcanion|Will-O-Wisp|p1a: Empoleon|[miss]\n|-miss|p2a: Volcanion|p1a: Empoleon\n|\n|-weather|none\n|-status|p2a: Volcanion|tox|[from] item: Toxic Orb\n|upkeep\n|turn|17\n|\n|t:|1698454252\n|move|p1a: Empoleon|Poltergeist|p2a: Volcanion\n|-activate|p2a: Volcanion|move: Poltergeist|Toxic Orb\n|-damage|p2a: Volcanion|34\/100 tox\n|move|p2a: Volcanion|Flare Blitz|p1a: Empoleon\n|-damage|p1a: Empoleon|4\/100\n|replace|p1a: Zoroark|Zoroark-Hisui, M\n|-end|p1a: Zoroark|Illusion\n|-damage|p2a: Volcanion|12\/100 tox|[from] Recoil\n|\n|-damage|p2a: Volcanion|6\/100 tox|[from] psn\n|upkeep\n|turn|18\n|\n|t:|1698454264\n|move|p1a: Zoroark|Facade|p2a: Volcanion\n|-damage|p2a: Volcanion|0 fnt\n|faint|p2a: Volcanion\n|\n|upkeep\n|\n|t:|1698454268\n|switch|p2a: Koraidon|Koraidon|43\/100\n|-damage|p2a: Koraidon|37\/100|[from] Stealth Rock\n|-weather|SunnyDay|[from] ability: Orichalcum Pulse|[of] p2a: Koraidon\n|-activate|p2a: Koraidon|Orichalcum Pulse|[source]\n|turn|19\n|\n|t:|1698454275\n|move|p2a: Koraidon|Taunt|p1a: Zoroark\n|-start|p1a: Zoroark|move: Taunt\n|move|p1a: Zoroark|Poltergeist|p2a: Koraidon\n|-activate|p2a: Koraidon|move: Poltergeist|Heat Rock\n|-damage|p2a: Koraidon|0 fnt\n|faint|p2a: Koraidon\n|\n|-weather|SunnyDay|[upkeep]\n|upkeep\n|\n|t:|1698454284\n|switch|p2a: Victreebel|Victreebel, M|85\/100\n|-damage|p2a: Victreebel|73\/100|[from] Stealth Rock\n|turn|20\n|\n|t:|1698454290\n|move|p2a: Victreebel|Solar Beam||[still]\n|-prepare|p2a: Victreebel|Solar Beam\n|-anim|p2a: Victreebel|Solar Beam|p1a: Zoroark\n|-damage|p1a: Zoroark|0 fnt\n|faint|p1a: Zoroark\n|\n|-weather|SunnyDay|[upkeep]\n|upkeep\n|\n|t:|1698454298\n|switch|p1a: Scovillain|Scovillain, F, shiny|22\/100\n|turn|21\n|\n|t:|1698454304\n|-terastallize|p2a: Victreebel|Water\n|move|p2a: Victreebel|Solar Beam||[still]\n|-prepare|p2a: Victreebel|Solar Beam\n|-anim|p2a: Victreebel|Solar Beam|p1a: Scovillain\n|-resisted|p1a: Scovillain\n|-damage|p1a: Scovillain|0 fnt\n|faint|p1a: Scovillain\n|\n|-weather|SunnyDay|[upkeep]\n|upkeep\n|\n|t:|1698454313\n|switch|p1a: Empoleon|Empoleon, M|100\/100\n|turn|22\n|\n|t:|1698454321\n|move|p2a: Victreebel|Solar Beam||[still]\n|-prepare|p2a: Victreebel|Solar Beam\n|-anim|p2a: Victreebel|Solar Beam|p1a: Empoleon\n|-damage|p1a: Empoleon|6\/100\n|move|p1a: Empoleon|Agility|p1a: Empoleon\n|-boost|p1a: Empoleon|spe|2\n|\n|-weather|SunnyDay|[upkeep]\n|upkeep\n|turn|23\n|\n|t:|1698454333\n|move|p2a: Victreebel|Solar Beam||[still]\n|-prepare|p2a: Victreebel|Solar Beam\n|-anim|p2a: Victreebel|Solar Beam|p1a: Empoleon\n|-damage|p1a: Empoleon|0 fnt\n|faint|p1a: Empoleon\n|\n|win|godiamsosorry\n|c|\u2606godiamsosorry|VICTORYbell snagging another victory YET again.\ud83e\udd71\n","uploadtime":1698454345,"views":15,"p1id":"mydeliciousaxe","p2id":"godiamsosorry","formatid":"gen9ubers","rating":0,"private":0,"password":""}