{"id":"gen9ubers-1972069871","p1":"Slwoboiz","p2":"sel la baleine","format":"[Gen 9] Ubers","log":"|j|\u2606Slwoboiz\n|j|\u2606sel la baleine\n|t:|1697810250\n|gametype|singles\n|player|p1|Slwoboiz|2|1387\n|player|p2|sel la baleine|lance-masters|1537\n|teamsize|p1|6\n|teamsize|p2|6\n|gen|9\n|tier|[Gen 9] Ubers\n|rated|\n|rule|Sleep Clause Mod: Limit one foe put to sleep\n|rule|Species Clause: Limit one of each Pok\u00e9mon\n|rule|OHKO Clause: OHKO moves are banned\n|rule|Evasion Items Clause: Evasion items are banned\n|rule|Evasion Moves Clause: Evasion moves are banned\n|rule|Endless Battle Clause: Forcing endless battles is banned\n|rule|HP Percentage Mod: HP is shown in percentages\n|clearpoke\n|poke|p1|Basculegion, M|\n|poke|p1|Cinderace, F|\n|poke|p1|Eternatus|\n|poke|p1|Veluza, F|\n|poke|p1|Miraidon|\n|poke|p1|Annihilape, M|\n|poke|p2|Arceus-Steel|\n|poke|p2|Ditto|\n|poke|p2|Koraidon|\n|poke|p2|Kyogre|\n|poke|p2|Regieleki|\n|poke|p2|Ribombee, M|\n|teampreview\n|inactive|Battle timer is ON: inactive players will automatically lose when time's up. (requested by sel la baleine)\n|\n|t:|1697810281\n|start\n|switch|p1a: Veluza|Veluza, F|100\/100\n|switch|p2a: Ribombee|Ribombee, M|100\/100\n|-ability|p1a: Veluza|Mold Breaker\n|turn|1\n|\n|t:|1697810286\n|move|p1a: Veluza|Flip Turn|p2a: Ribombee\n|-damage|p2a: Ribombee|62\/100\n|\n|t:|1697810289\n|switch|p1a: Miraidon|Miraidon|100\/100|[from] Flip Turn\n|-fieldstart|move: Electric Terrain|[from] ability: Hadron Engine|[of] p1a: Miraidon\n|move|p2a: Ribombee|Sticky Web|p1a: Miraidon\n|-sidestart|p1: Slwoboiz|move: Sticky Web\n|\n|upkeep\n|turn|2\n|\n|t:|1697810293\n|move|p1a: Miraidon|Electro Drift|p2a: Ribombee\n|-damage|p2a: Ribombee|0 fnt\n|faint|p2a: Ribombee\n|\n|upkeep\n|\n|t:|1697810303\n|switch|p2a: Ditto|Ditto|100\/100\n|-transform|p2a: Ditto|p1a: Miraidon|[from] ability: Imposter\n|-activate|p2a: Ditto|ability: Hadron Engine\n|turn|3\n|inactive|Slwoboiz has 120 seconds left.\n|\n|t:|1697810337\n|switch|p2a: Arceus|Arceus-Steel, shiny|100\/100\n|move|p1a: Miraidon|Draco Meteor|p2a: Arceus\n|-resisted|p2a: Arceus\n|-damage|p2a: Arceus|73\/100\n|-unboost|p1a: Miraidon|spa|2\n|\n|upkeep\n|turn|4\n|\n|t:|1697810345\n|move|p1a: Miraidon|Overheat|p2a: Arceus\n|-supereffective|p2a: Arceus\n|-damage|p2a: Arceus|28\/100\n|-unboost|p1a: Miraidon|spa|2\n|move|p2a: Arceus|Calm Mind|p2a: Arceus\n|-boost|p2a: Arceus|spa|1\n|-boost|p2a: Arceus|spd|1\n|\n|upkeep\n|turn|5\n|\n|t:|1697810355\n|move|p1a: Miraidon|Overheat|p2a: Arceus\n|-supereffective|p2a: Arceus\n|-damage|p2a: Arceus|11\/100\n|-unboost|p1a: Miraidon|spa|2\n|move|p2a: Arceus|Recover|p2a: Arceus\n|-heal|p2a: Arceus|61\/100\n|\n|-fieldend|move: Electric Terrain\n|upkeep\n|turn|6\n|\n|t:|1697810358\n|switch|p1a: Cinderace|Cinderace, F|100\/100\n|move|p2a: Arceus|Recover|p2a: Arceus\n|-heal|p2a: Arceus|100\/100\n|\n|upkeep\n|turn|7\n|\n|t:|1697810362\n|move|p2a: Arceus|Judgment|p1a: Cinderace\n|-resisted|p1a: Cinderace\n|-damage|p1a: Cinderace|49\/100\n|move|p1a: Cinderace|Court Change|p1a: Cinderace\n|-start|p1a: Cinderace|typechange|Normal|[from] ability: Libero\n|-swapsideconditions\n|-activate|p1a: Cinderace|move: Court Change\n|\n|upkeep\n|turn|8\n|\n|t:|1697810366\n|move|p2a: Arceus|Judgment|p1a: Cinderace\n|-damage|p1a: Cinderace|0 fnt\n|faint|p1a: Cinderace\n|\n|upkeep\n|\n|t:|1697810371\n|switch|p1a: Annihilape|Annihilape, M|100\/100\n|turn|9\n|\n|t:|1697810378\n|-terastallize|p2a: Arceus|Ghost\n|move|p1a: Annihilape|Final Gambit|p2a: Arceus\n|-immune|p2a: Arceus\n|move|p2a: Arceus|Judgment|p1a: Annihilape\n|-damage|p1a: Annihilape|32\/100\n|\n|upkeep\n|turn|10\n|\n|t:|1697810382\n|move|p1a: Annihilape|Final Gambit|p2a: Arceus\n|-immune|p2a: Arceus\n|move|p2a: Arceus|Judgment|p1a: Annihilape\n|-damage|p1a: Annihilape|0 fnt\n|faint|p1a: Annihilape\n|\n|upkeep\n|\n|t:|1697810393\n|switch|p1a: Eternatus|Eternatus|100\/100\n|-ability|p1a: Eternatus|Pressure\n|turn|11\n|\n|t:|1697810397\n|move|p2a: Arceus|Calm Mind|p2a: Arceus\n|-boost|p2a: Arceus|spa|1\n|-boost|p2a: Arceus|spd|1\n|move|p1a: Eternatus|Cosmic Power|p1a: Eternatus\n|-boost|p1a: Eternatus|def|1\n|-boost|p1a: Eternatus|spd|1\n|\n|upkeep\n|turn|12\n|\n|t:|1697810403\n|move|p2a: Arceus|Calm Mind|p2a: Arceus\n|-boost|p2a: Arceus|spa|1\n|-boost|p2a: Arceus|spd|1\n|move|p1a: Eternatus|Cosmic Power|p1a: Eternatus\n|-boost|p1a: Eternatus|def|1\n|-boost|p1a: Eternatus|spd|1\n|\n|upkeep\n|turn|13\n|\n|t:|1697810406\n|move|p2a: Arceus|Calm Mind|p2a: Arceus\n|-boost|p2a: Arceus|spa|1\n|-boost|p2a: Arceus|spd|1\n|move|p1a: Eternatus|Cosmic Power|p1a: Eternatus\n|-boost|p1a: Eternatus|def|1\n|-boost|p1a: Eternatus|spd|1\n|\n|upkeep\n|turn|14\n|\n|t:|1697810409\n|move|p2a: Arceus|Calm Mind|p2a: Arceus\n|-boost|p2a: Arceus|spa|1\n|-boost|p2a: Arceus|spd|1\n|move|p1a: Eternatus|Cosmic Power|p1a: Eternatus\n|-boost|p1a: Eternatus|def|1\n|-boost|p1a: Eternatus|spd|1\n|\n|upkeep\n|turn|15\n|\n|t:|1697810412\n|move|p2a: Arceus|Calm Mind|p2a: Arceus\n|-boost|p2a: Arceus|spa|1\n|-boost|p2a: Arceus|spd|1\n|move|p1a: Eternatus|Cosmic Power|p1a: Eternatus\n|-boost|p1a: Eternatus|def|1\n|-boost|p1a: Eternatus|spd|1\n|\n|upkeep\n|turn|16\n|\n|t:|1697810415\n|move|p2a: Arceus|Judgment|p1a: Eternatus\n|-damage|p1a: Eternatus|56\/100\n|move|p1a: Eternatus|Cosmic Power|p1a: Eternatus\n|-boost|p1a: Eternatus|def|1\n|-boost|p1a: Eternatus|spd|1\n|\n|-heal|p1a: Eternatus|63\/100|[from] item: Black Sludge\n|upkeep\n|turn|17\n|\n|t:|1697810419\n|move|p2a: Arceus|Judgment|p1a: Eternatus\n|-damage|p1a: Eternatus|28\/100\n|move|p1a: Eternatus|Recover|p1a: Eternatus\n|-heal|p1a: Eternatus|78\/100\n|\n|-heal|p1a: Eternatus|84\/100|[from] item: Black Sludge\n|upkeep\n|turn|18\n|\n|t:|1697810424\n|move|p2a: Arceus|Grass Knot|p1a: Eternatus\n|-resisted|p1a: Eternatus\n|-damage|p1a: Eternatus|78\/100\n|move|p1a: Eternatus|Toxic|p2a: Arceus\n|-status|p2a: Arceus|tox\n|\n|-heal|p1a: Eternatus|84\/100|[from] item: Black Sludge\n|-damage|p2a: Arceus|94\/100 tox|[from] psn\n|upkeep\n|turn|19\n|\n|t:|1697810427\n|move|p2a: Arceus|Judgment|p1a: Eternatus\n|-damage|p1a: Eternatus|47\/100\n|move|p1a: Eternatus|Fire Spin|p2a: Arceus\n|-damage|p2a: Arceus|93\/100 tox\n|-activate|p2a: Arceus|move: Fire Spin|[of] p1a: Eternatus\n|\n|-heal|p1a: Eternatus|53\/100|[from] item: Black Sludge\n|-damage|p2a: Arceus|80\/100 tox|[from] psn\n|-damage|p2a: Arceus|68\/100 tox|[from] move: Fire Spin|[partiallytrapped]\n|upkeep\n|turn|20\n|j| Na2Zn(OH)4\n|\n|t:|1697810433\n|move|p2a: Arceus|Judgment|p1a: Eternatus\n|-damage|p1a: Eternatus|20\/100\n|move|p1a: Eternatus|Recover|p1a: Eternatus\n|-heal|p1a: Eternatus|70\/100\n|\n|-heal|p1a: Eternatus|77\/100|[from] item: Black Sludge\n|-damage|p2a: Arceus|50\/100 tox|[from] psn\n|-damage|p2a: Arceus|37\/100 tox|[from] move: Fire Spin|[partiallytrapped]\n|upkeep\n|turn|21\n|\n|t:|1697810444\n|move|p2a: Arceus|Recover|p2a: Arceus\n|-heal|p2a: Arceus|87\/100 tox\n|move|p1a: Eternatus|Recover|p1a: Eternatus\n|-heal|p1a: Eternatus|100\/100\n|\n|-damage|p2a: Arceus|63\/100 tox|[from] psn\n|-damage|p2a: Arceus|51\/100 tox|[from] move: Fire Spin|[partiallytrapped]\n|upkeep\n|turn|22\n|\n|t:|1697810448\n|move|p2a: Arceus|Judgment|p1a: Eternatus\n|-damage|p1a: Eternatus|62\/100\n|move|p1a: Eternatus|Cosmic Power|p1a: Eternatus\n|-boost|p1a: Eternatus|def|0\n|-boost|p1a: Eternatus|spd|0\n|\n|-heal|p1a: Eternatus|69\/100|[from] item: Black Sludge\n|-damage|p2a: Arceus|20\/100 tox|[from] psn\n|-damage|p2a: Arceus|8\/100 tox|[from] move: Fire Spin|[partiallytrapped]\n|upkeep\n|turn|23\n|\n|t:|1697810459\n|switch|p1a: Veluza|Veluza, F|100\/100\n|-ability|p1a: Veluza|Mold Breaker\n|move|p2a: Arceus|Judgment|p1a: Veluza\n|-resisted|p1a: Veluza\n|-damage|p1a: Veluza|0 fnt\n|faint|p1a: Veluza\n|\n|-damage|p2a: Arceus|0 fnt|[from] psn\n|faint|p2a: Arceus\n|upkeep\n|\n|t:|1697810464\n|switch|p2a: Regieleki|Regieleki|100\/100\n|switch|p1a: Miraidon|Miraidon|100\/100\n|-fieldstart|move: Electric Terrain|[from] ability: Hadron Engine|[of] p1a: Miraidon\n|turn|24\n|\n|t:|1697810472\n|move|p2a: Regieleki|Rapid Spin|p1a: Miraidon\n|-damage|p1a: Miraidon|91\/100\n|-boost|p2a: Regieleki|spe|1\n|-sideend|p2: sel la baleine|Sticky Web|[from] move: Rapid Spin|[of] p2a: Regieleki\n|move|p1a: Miraidon|Draco Meteor|p2a: Regieleki\n|-damage|p2a: Regieleki|0 fnt\n|-unboost|p1a: Miraidon|spa|2\n|faint|p2a: Regieleki\n|\n|upkeep\n|\n|t:|1697810478\n|switch|p2a: Kyogre|Kyogre|100\/100\n|-weather|RainDance|[from] ability: Drizzle|[of] p2a: Kyogre\n|turn|25\n|\n|t:|1697810483\n|move|p1a: Miraidon|Electro Drift|p2a: Kyogre\n|-supereffective|p2a: Kyogre\n|-damage|p2a: Kyogre|16\/100\n|move|p2a: Kyogre|Water Spout|p1a: Miraidon\n|-resisted|p1a: Miraidon\n|-damage|p1a: Miraidon|77\/100\n|\n|-weather|RainDance|[upkeep]\n|upkeep\n|turn|26\n|\n|t:|1697810489\n|switch|p2a: Koraidon|Koraidon|100\/100\n|-weather|SunnyDay|[from] ability: Orichalcum Pulse|[of] p2a: Koraidon\n|-activate|p2a: Koraidon|Orichalcum Pulse|[source]\n|move|p1a: Miraidon|Electro Drift|p2a: Koraidon\n|-resisted|p2a: Koraidon\n|-damage|p2a: Koraidon|78\/100\n|\n|-weather|SunnyDay|[upkeep]\n|upkeep\n|turn|27\n|\n|t:|1697810496\n|switch|p1a: Eternatus|Eternatus|69\/100\n|-ability|p1a: Eternatus|Pressure\n|move|p2a: Koraidon|Scale Shot|p1a: Eternatus\n|-supereffective|p1a: Eternatus\n|-damage|p1a: Eternatus|51\/100\n|-supereffective|p1a: Eternatus\n|-damage|p1a: Eternatus|32\/100\n|-supereffective|p1a: Eternatus\n|-damage|p1a: Eternatus|12\/100\n|-hitcount|p1a: Eternatus|3\n|-unboost|p2a: Koraidon|def|1\n|-boost|p2a: Koraidon|spe|1\n|\n|-weather|SunnyDay|[upkeep]\n|-heal|p1a: Eternatus|18\/100|[from] item: Black Sludge\n|upkeep\n|turn|28\n|\n|t:|1697810503\n|move|p2a: Koraidon|Scale Shot|p1a: Eternatus\n|-supereffective|p1a: Eternatus\n|-damage|p1a: Eternatus|0 fnt\n|faint|p1a: Eternatus\n|-hitcount|p1: Eternatus|1\n|-unboost|p2a: Koraidon|def|1\n|-boost|p2a: Koraidon|spe|1\n|\n|-weather|SunnyDay|[upkeep]\n|-fieldend|move: Electric Terrain\n|upkeep\n|\n|t:|1697810505\n|switch|p1a: Miraidon|Miraidon|77\/100\n|-fieldstart|move: Electric Terrain|[from] ability: Hadron Engine|[of] p1a: Miraidon\n|turn|29\n|\n|t:|1697810516\n|-terastallize|p1a: Miraidon|Fairy\n|move|p2a: Koraidon|Flare Blitz|p1a: Miraidon\n|-damage|p1a: Miraidon|0 fnt\n|faint|p1a: Miraidon\n|-damage|p2a: Koraidon|52\/100|[from] Recoil\n|\n|-weather|SunnyDay|[upkeep]\n|upkeep\n|\n|t:|1697810520\n|switch|p1a: Basculegion|Basculegion, M|100\/100\n|turn|30\n|\n|t:|1697810525\n|move|p1a: Basculegion|Aqua Jet|p2a: Koraidon\n|-resisted|p2a: Koraidon\n|-crit|p2a: Koraidon\n|-damage|p2a: Koraidon|33\/100\n|move|p2a: Koraidon|Scale Shot|p1a: Basculegion|[miss]\n|-miss|p2a: Koraidon|p1a: Basculegion\n|\n|-weather|none\n|upkeep\n|turn|31\n|\n|t:|1697810535\n|switch|p2a: Kyogre|Kyogre|16\/100\n|-weather|RainDance|[from] ability: Drizzle|[of] p2a: Kyogre\n|move|p1a: Basculegion|Aqua Jet|p2a: Kyogre\n|-resisted|p2a: Kyogre\n|-damage|p2a: Kyogre|0 fnt\n|faint|p2a: Kyogre\n|\n|-weather|RainDance|[upkeep]\n|upkeep\n|\n|t:|1697810537\n|switch|p2a: Ditto|Ditto|100\/100\n|-transform|p2a: Ditto|p1a: Basculegion|[from] ability: Imposter\n|turn|32\n|c|\u2606sel la baleine|gg\n|\n|t:|1697810547\n|move|p2a: Ditto|Last Respects|p1a: Basculegion\n|-supereffective|p1a: Basculegion\n|-enditem|p1a: Basculegion|Focus Sash\n|-damage|p1a: Basculegion|1\/100\n|move|p1a: Basculegion|Agility|p1a: Basculegion\n|-boost|p1a: Basculegion|spe|2\n|\n|-weather|RainDance|[upkeep]\n|upkeep\n|turn|33\n|\n|t:|1697810554\n|switch|p2a: Koraidon|Koraidon|33\/100\n|-weather|SunnyDay|[from] ability: Orichalcum Pulse|[of] p2a: Koraidon\n|-activate|p2a: Koraidon|Orichalcum Pulse|[source]\n|move|p1a: Basculegion|Last Respects|p2a: Koraidon\n|-damage|p2a: Koraidon|0 fnt\n|faint|p2a: Koraidon\n|\n|-weather|SunnyDay|[upkeep]\n|-fieldend|move: Electric Terrain\n|upkeep\n|\n|t:|1697810557\n|switch|p2a: Ditto|Ditto|100\/100\n|-transform|p2a: Ditto|p1a: Basculegion|[from] ability: Imposter\n|turn|34\n|\n|t:|1697810559\n|move|p2a: Ditto|Aqua Jet|p1a: Basculegion\n|-resisted|p1a: Basculegion\n|-damage|p1a: Basculegion|0 fnt\n|faint|p1a: Basculegion\n|\n|win|sel la baleine\n|raw|Slwoboiz's rating: 1387 &rarr; <strong>1375<\/strong><br \/>(-12 for losing)\n|raw|sel la baleine's rating: 1537 &rarr; <strong>1549<\/strong><br \/>(+12 for winning)\n|l|\u2606Slwoboiz\n|l|\u2606sel la baleine\n","uploadtime":1697810576,"views":10,"p1id":"slwoboiz","p2id":"sellabaleine","formatid":"gen9ubers","rating":1375,"private":0,"password":""}