{"id":"gen9ubers-1973994733","p1":"SusVoltorb","p2":"Blake-Mamba","format":"[Gen 9] Ubers","log":"|j|\u2606SusVoltorb\n|j|\u2606Blake-Mamba\n|t:|1698038487\n|gametype|singles\n|player|p1|SusVoltorb|170|1181\n|player|p2|Blake-Mamba|juan|1138\n|teamsize|p1|6\n|teamsize|p2|6\n|gen|9\n|tier|[Gen 9] Ubers\n|rated|\n|rule|Sleep Clause Mod: Limit one foe put to sleep\n|rule|Species Clause: Limit one of each Pok\u00e9mon\n|rule|OHKO Clause: OHKO moves are banned\n|rule|Evasion Items Clause: Evasion items are banned\n|rule|Evasion Moves Clause: Evasion moves are banned\n|rule|Endless Battle Clause: Forcing endless battles is banned\n|rule|HP Percentage Mod: HP is shown in percentages\n|clearpoke\n|poke|p1|Mewtwo|\n|poke|p1|Ursaluna-Bloodmoon, M|\n|poke|p1|Arceus-Electric|\n|poke|p1|Fezandipiti, M|\n|poke|p1|Urshifu-*, F|\n|poke|p1|Toxapex, F|\n|poke|p2|Ogerpon-Hearthflame, F|\n|poke|p2|Vikavolt, M|\n|poke|p2|Kommo-o, F|\n|poke|p2|Ursaluna-Bloodmoon, M|\n|poke|p2|Yanmega, F|\n|poke|p2|Chandelure, M|\n|teampreview\n|inactive|Battle timer is ON: inactive players will automatically lose when time's up. (requested by Blake-Mamba)\n|inactive|SusVoltorb also wants the timer to be on.\n|\n|t:|1698038510\n|start\n|switch|p1a: Ursaluna|Ursaluna-Bloodmoon, M|100\/100\n|switch|p2a: Vikavolt|Vikavolt, M|100\/100\n|turn|1\n|\n|t:|1698038527\n|move|p1a: Ursaluna|Moonblast|p2a: Vikavolt\n|-damage|p2a: Vikavolt|57\/100\n|move|p2a: Vikavolt|Sticky Web|p1a: Ursaluna\n|-sidestart|p1: SusVoltorb|move: Sticky Web\n|\n|upkeep\n|turn|2\n|\n|t:|1698038536\n|move|p1a: Ursaluna|Blood Moon|p2a: Vikavolt\n|-damage|p2a: Vikavolt|0 fnt\n|faint|p2a: Vikavolt\n|\n|upkeep\n|\n|t:|1698038540\n|switch|p2a: Ursaluna|Ursaluna-Bloodmoon, M|100\/100\n|turn|3\n|\n|t:|1698038547\n|move|p1a: Ursaluna|Moonblast|p2a: Ursaluna\n|-damage|p2a: Ursaluna|62\/100\n|move|p2a: Ursaluna|Calm Mind|p2a: Ursaluna\n|-boost|p2a: Ursaluna|spa|1\n|-boost|p2a: Ursaluna|spd|1\n|\n|-heal|p2a: Ursaluna|69\/100|[from] item: Leftovers\n|upkeep\n|turn|4\n|\n|t:|1698038557\n|move|p1a: Ursaluna|Blood Moon|p2a: Ursaluna\n|-damage|p2a: Ursaluna|13\/100\n|move|p2a: Ursaluna|Moonlight|p2a: Ursaluna\n|-heal|p2a: Ursaluna|63\/100\n|\n|-heal|p2a: Ursaluna|69\/100|[from] item: Leftovers\n|upkeep\n|turn|5\n|\n|t:|1698038572\n|move|p1a: Ursaluna|Moonblast|p2a: Ursaluna\n|-damage|p2a: Ursaluna|44\/100\n|-unboost|p2a: Ursaluna|spa|1\n|move|p2a: Ursaluna|Moonlight|p2a: Ursaluna\n|-heal|p2a: Ursaluna|94\/100\n|\n|-heal|p2a: Ursaluna|99\/100|[from] item: Leftovers\n|upkeep\n|turn|6\n|\n|t:|1698038589\n|move|p1a: Ursaluna|Blood Moon|p2a: Ursaluna\n|-damage|p2a: Ursaluna|40\/100\n|move|p2a: Ursaluna|Calm Mind|p2a: Ursaluna\n|-boost|p2a: Ursaluna|spa|1\n|-boost|p2a: Ursaluna|spd|1\n|\n|-heal|p2a: Ursaluna|46\/100|[from] item: Leftovers\n|upkeep\n|turn|7\n|\n|t:|1698038603\n|switch|p1a: Urshifu|Urshifu, F|100\/100\n|-activate|p1a: Urshifu|move: Sticky Web\n|-unboost|p1a: Urshifu|spe|1\n|move|p2a: Ursaluna|Moonlight|p2a: Ursaluna\n|-heal|p2a: Ursaluna|96\/100\n|\n|-heal|p2a: Ursaluna|100\/100|[from] item: Leftovers\n|upkeep\n|turn|8\n|\n|t:|1698038613\n|move|p1a: Urshifu|Wicked Blow|p2a: Ursaluna\n|-crit|p2a: Ursaluna\n|-damage|p2a: Ursaluna|57\/100\n|move|p2a: Ursaluna|Blood Moon|p1a: Urshifu\n|-damage|p1a: Urshifu|0 fnt\n|faint|p1a: Urshifu\n|\n|-heal|p2a: Ursaluna|64\/100|[from] item: Leftovers\n|upkeep\n|\n|t:|1698038624\n|switch|p1a: Mewtwo|Mewtwo, shiny|100\/100\n|-activate|p1a: Mewtwo|move: Sticky Web\n|-unboost|p1a: Mewtwo|spe|1\n|-ability|p1a: Mewtwo|Pressure\n|turn|9\n|\n|t:|1698038630\n|move|p1a: Mewtwo|Psyshock|p2a: Ursaluna\n|-damage|p2a: Ursaluna|28\/100\n|move|p2a: Ursaluna|Moonlight|p2a: Ursaluna\n|-heal|p2a: Ursaluna|78\/100\n|\n|-heal|p2a: Ursaluna|84\/100|[from] item: Leftovers\n|upkeep\n|turn|10\n|\n|t:|1698038640\n|move|p1a: Mewtwo|Calm Mind|p1a: Mewtwo\n|-boost|p1a: Mewtwo|spa|1\n|-boost|p1a: Mewtwo|spd|1\n|move|p2a: Ursaluna|Moonlight|p2a: Ursaluna\n|-heal|p2a: Ursaluna|100\/100\n|\n|upkeep\n|turn|11\n|\n|t:|1698038648\n|move|p1a: Mewtwo|Calm Mind|p1a: Mewtwo\n|-boost|p1a: Mewtwo|spa|1\n|-boost|p1a: Mewtwo|spd|1\n|move|p2a: Ursaluna|Blood Moon|p1a: Mewtwo\n|-damage|p1a: Mewtwo|32\/100\n|\n|upkeep\n|turn|12\n|\n|t:|1698038655\n|move|p1a: Mewtwo|Recover|p1a: Mewtwo\n|-heal|p1a: Mewtwo|82\/100\n|move|p2a: Ursaluna|Calm Mind|p2a: Ursaluna\n|-boost|p2a: Ursaluna|spa|1\n|-boost|p2a: Ursaluna|spd|1\n|\n|upkeep\n|turn|13\n|\n|t:|1698038662\n|-terastallize|p2a: Ursaluna|Normal\n|move|p1a: Mewtwo|Calm Mind|p1a: Mewtwo\n|-boost|p1a: Mewtwo|spa|1\n|-boost|p1a: Mewtwo|spd|1\n|move|p2a: Ursaluna|Blood Moon|p1a: Mewtwo\n|-damage|p1a: Mewtwo|0 fnt\n|faint|p1a: Mewtwo\n|\n|upkeep\n|\n|t:|1698038672\n|switch|p1a: Toxapex|Toxapex, F, shiny|100\/100\n|-activate|p1a: Toxapex|move: Sticky Web\n|-unboost|p1a: Toxapex|spe|1\n|turn|14\n|\n|t:|1698038677\n|move|p2a: Ursaluna|Earth Power|p1a: Toxapex\n|-supereffective|p1a: Toxapex\n|-damage|p1a: Toxapex|0 fnt\n|faint|p1a: Toxapex\n|\n|upkeep\n|\n|t:|1698038684\n|switch|p1a: Fezandipiti|Fezandipiti, M|100\/100\n|-activate|p1a: Fezandipiti|move: Sticky Web\n|-unboost|p1a: Fezandipiti|spe|1\n|turn|15\n|\n|t:|1698038703\n|move|p1a: Fezandipiti|Poison Jab|p2a: Ursaluna\n|-crit|p2a: Ursaluna\n|-damage|p2a: Ursaluna|63\/100\n|move|p2a: Ursaluna|Blood Moon|p1a: Fezandipiti\n|-damage|p1a: Fezandipiti|0 fnt\n|faint|p1a: Fezandipiti\n|\n|-heal|p2a: Ursaluna|69\/100|[from] item: Leftovers\n|upkeep\n|\n|t:|1698038712\n|switch|p1a: Arceus|Arceus-Electric|100\/100\n|-activate|p1a: Arceus|move: Sticky Web\n|-unboost|p1a: Arceus|spe|1\n|turn|16\n|\n|t:|1698038722\n|-terastallize|p1a: Arceus|Electric\n|move|p1a: Arceus|Thunderbolt|p2a: Ursaluna\n|-damage|p2a: Ursaluna|33\/100\n|move|p2a: Ursaluna|Earth Power|p1a: Arceus\n|-supereffective|p1a: Arceus\n|-damage|p1a: Arceus|0 fnt\n|faint|p1a: Arceus\n|\n|-heal|p2a: Ursaluna|39\/100|[from] item: Leftovers\n|upkeep\n|\n|t:|1698038731\n|switch|p1a: Ursaluna|Ursaluna-Bloodmoon, M|100\/100\n|-activate|p1a: Ursaluna|move: Sticky Web\n|-unboost|p1a: Ursaluna|spe|1\n|turn|17\n|\n|t:|1698038737\n|move|p2a: Ursaluna|Blood Moon|p1a: Ursaluna\n|-damage|p1a: Ursaluna|0 fnt\n|faint|p1a: Ursaluna\n|\n|win|Blake-Mamba\n|raw|SusVoltorb's rating: 1181 &rarr; <strong>1153<\/strong><br \/>(-28 for losing)\n|raw|Blake-Mamba's rating: 1138 &rarr; <strong>1166<\/strong><br \/>(+28 for winning)\n|c|\u2606Blake-Mamba|Gg\n|l|\u2606SusVoltorb\n","uploadtime":1698038746,"views":13,"p1id":"susvoltorb","p2id":"blakemamba","formatid":"gen9ubers","rating":1153,"private":0,"password":""}