{"id":"gen9ubers-1992942483","p1":"portobellomushroom","p2":"1P1o1s1h1e1","format":"[Gen 9] Ubers","log":"|j|\u2606portobellomushroom\n|j|\u26061P1o1s1h1e1\n|t:|1700248884\n|gametype|singles\n|player|p1|portobellomushroom|cynthia|\n|player|p2|1P1o1s1h1e1|102|\n|teamsize|p1|6\n|teamsize|p2|6\n|gen|9\n|tier|[Gen 9] Ubers\n|rule|Sleep Clause Mod: Limit one foe put to sleep\n|rule|Species Clause: Limit one of each Pok\u00e9mon\n|rule|OHKO Clause: OHKO moves are banned\n|rule|Evasion Items Clause: Evasion items are banned\n|rule|Evasion Moves Clause: Evasion moves are banned\n|rule|Endless Battle Clause: Forcing endless battles is banned\n|rule|HP Percentage Mod: HP is shown in percentages\n|clearpoke\n|poke|p1|Torkoal, M|\n|poke|p1|Roaring Moon|\n|poke|p1|Walking Wake|\n|poke|p1|Lilligant-Hisui, F|\n|poke|p1|Arceus-Dark|\n|poke|p1|Cyclizar, M|\n|poke|p2|Rillaboom, M|\n|poke|p2|Sneasler, M|\n|poke|p2|Cyclizar, F|\n|poke|p2|Arceus-Fire|\n|poke|p2|Dialga-Origin|\n|poke|p2|Zacian-*|\n|teampreview\n|\n|t:|1700248943\n|start\n|switch|p1a: the pivot|Cyclizar, M|100\/100\n|switch|p2a: Cyclizar|Cyclizar, F|100\/100\n|turn|1\n|\n|t:|1700248952\n|move|p1a: the pivot|Draco Meteor|p2a: Cyclizar\n|-supereffective|p2a: Cyclizar\n|-damage|p2a: Cyclizar|0 fnt\n|-unboost|p1a: the pivot|spa|2\n|faint|p2a: Cyclizar\n|\n|upkeep\n|\n|t:|1700248960\n|switch|p2a: Zacian|Zacian|100\/100\n|-ability|p2a: Zacian|Intrepid Sword|boost\n|-boost|p2a: Zacian|atk|1\n|turn|2\n|\n|t:|1700248973\n|switch|p1a: Hotboxer|Torkoal, M|100\/100\n|-weather|SunnyDay|[from] ability: Drought|[of] p1a: Hotboxer\n|move|p2a: Zacian|Swords Dance|p2a: Zacian\n|-boost|p2a: Zacian|atk|2\n|\n|-weather|SunnyDay|[upkeep]\n|upkeep\n|turn|3\n|\n|t:|1700249012\n|-terastallize|p2a: Zacian|Ground\n|move|p2a: Zacian|Tera Blast|p1a: Hotboxer|[anim] Tera Blast Ground\n|-supereffective|p1a: Hotboxer\n|-damage|p1a: Hotboxer|0 fnt\n|faint|p1a: Hotboxer\n|\n|-weather|SunnyDay|[upkeep]\n|upkeep\n|\n|t:|1700249014\n|switch|p1a: Killigant|Lilligant-Hisui, F|100\/100\n|turn|4\n|\n|t:|1700249053\n|move|p1a: Killigant|Swords Dance|p1a: Killigant\n|-boost|p1a: Killigant|atk|2\n|move|p2a: Zacian|Play Rough|p1a: Killigant\n|-supereffective|p1a: Killigant\n|-damage|p1a: Killigant|0 fnt\n|faint|p1a: Killigant\n|\n|-weather|SunnyDay|[upkeep]\n|upkeep\n|\n|t:|1700249057\n|switch|p1a: Driplord|Walking Wake|100\/100\n|-activate|p1a: Driplord|ability: Protosynthesis\n|-start|p1a: Driplord|protosynthesisspe\n|turn|5\n|\n|t:|1700249065\n|switch|p2a: Dialga|Dialga-Origin|100\/100\n|-ability|p2a: Dialga|Pressure\n|move|p1a: Driplord|Draco Meteor|p2a: Dialga\n|-damage|p2a: Dialga|51\/100\n|-unboost|p1a: Driplord|spa|2\n|\n|-weather|SunnyDay|[upkeep]\n|upkeep\n|turn|6\n|\n|t:|1700249074\n|-end|p1a: Driplord|Protosynthesis|[silent]\n|switch|p1a: True Edgelord|Arceus-Dark|100\/100\n|move|p2a: Dialga|Dragon Tail|p1a: True Edgelord\n|-damage|p1a: True Edgelord|84\/100\n|drag|p1a: Mega Mence 2.0|Roaring Moon|100\/100\n|-activate|p1a: Mega Mence 2.0|ability: Protosynthesis\n|-start|p1a: Mega Mence 2.0|protosynthesisatk\n|\n|-weather|SunnyDay|[upkeep]\n|upkeep\n|turn|7\n|\n|t:|1700249086\n|switch|p2a: Rillaboom|Rillaboom, M|100\/100\n|-fieldstart|move: Grassy Terrain|[from] ability: Grassy Surge|[of] p2a: Rillaboom\n|move|p1a: Mega Mence 2.0|Earthquake|p2a: Rillaboom\n|-resisted|p2a: Rillaboom\n|-damage|p2a: Rillaboom|88\/100\n|\n|-weather|SunnyDay|[upkeep]\n|-heal|p2a: Rillaboom|94\/100|[from] Grassy Terrain\n|upkeep\n|turn|8\n|\n|t:|1700249097\n|move|p1a: Mega Mence 2.0|Dragon Dance|p1a: Mega Mence 2.0\n|-boost|p1a: Mega Mence 2.0|atk|1\n|-boost|p1a: Mega Mence 2.0|spe|1\n|move|p2a: Rillaboom|U-turn|p1a: Mega Mence 2.0\n|-supereffective|p1a: Mega Mence 2.0\n|-damage|p1a: Mega Mence 2.0|14\/100\n|\n|t:|1700249100\n|switch|p2a: Sneasler|Sneasler, M, shiny|100\/100|[from] U-turn\n|-enditem|p2a: Sneasler|Grassy Seed\n|-boost|p2a: Sneasler|def|1|[from] item: Grassy Seed\n|\n|-weather|SunnyDay|[upkeep]\n|-heal|p1a: Mega Mence 2.0|20\/100|[from] Grassy Terrain\n|upkeep\n|turn|9\n|\n|t:|1700249107\n|move|p2a: Sneasler|Close Combat|p1a: Mega Mence 2.0\n|-supereffective|p1a: Mega Mence 2.0\n|-damage|p1a: Mega Mence 2.0|0 fnt\n|-unboost|p2a: Sneasler|def|1\n|-unboost|p2a: Sneasler|spd|1\n|faint|p1a: Mega Mence 2.0\n|-end|p1a: Mega Mence 2.0|Protosynthesis|[silent]\n|\n|-weather|none\n|upkeep\n|\n|t:|1700249124\n|switch|p1a: Driplord|Walking Wake|100\/100\n|turn|10\n|j| Incredibleking\n|\n|t:|1700249132\n|move|p2a: Sneasler|Dire Claw|p1a: Driplord\n|-damage|p1a: Driplord|51\/100\n|-status|p1a: Driplord|psn\n|move|p1a: Driplord|Draco Meteor|p2a: Sneasler\n|-damage|p2a: Sneasler|0 fnt\n|-unboost|p1a: Driplord|spa|2\n|faint|p2a: Sneasler\n|\n|-heal|p1a: Driplord|57\/100 psn|[from] Grassy Terrain\n|-damage|p1a: Driplord|45\/100 psn|[from] psn\n|upkeep\n|j| Leo Justice\n|\n|t:|1700249140\n|switch|p2a: Zacian|Zacian, tera:Ground|100\/100\n|turn|11\n|\n|t:|1700249145\n|move|p2a: Zacian|Play Rough|p1a: Driplord|[miss]\n|-miss|p2a: Zacian|p1a: Driplord\n|move|p1a: Driplord|Draco Meteor|p2a: Zacian\n|-damage|p2a: Zacian|57\/100\n|-unboost|p1a: Driplord|spa|2\n|\n|-heal|p2a: Zacian|63\/100|[from] Grassy Terrain\n|-heal|p1a: Driplord|51\/100 psn|[from] Grassy Terrain\n|-damage|p1a: Driplord|39\/100 psn|[from] psn\n|-fieldend|move: Grassy Terrain\n|upkeep\n|turn|12\n|\n|t:|1700249154\n|move|p2a: Zacian|Play Rough|p1a: Driplord\n|-supereffective|p1a: Driplord\n|-damage|p1a: Driplord|0 fnt\n|faint|p1a: Driplord\n|-end|p1a: Driplord|Protosynthesis|[silent]\n|\n|upkeep\n|\n|t:|1700249182\n|switch|p1a: the pivot|Cyclizar, M|100\/100\n|turn|13\n|\n|t:|1700249186\n|move|p2a: Zacian|Close Combat|p1a: the pivot\n|-supereffective|p1a: the pivot\n|-damage|p1a: the pivot|0 fnt\n|-unboost|p2a: Zacian|def|1\n|-unboost|p2a: Zacian|spd|1\n|faint|p1a: the pivot\n|\n|upkeep\n|\n|t:|1700249189\n|switch|p1a: True Edgelord|Arceus-Dark|84\/100\n|turn|14\n|\n|t:|1700249202\n|move|p2a: Zacian|Close Combat|p1a: True Edgelord\n|-supereffective|p1a: True Edgelord\n|-damage|p1a: True Edgelord|32\/100\n|-unboost|p2a: Zacian|def|1\n|-unboost|p2a: Zacian|spd|1\n|move|p1a: True Edgelord|Judgment|p2a: Zacian\n|-damage|p2a: Zacian|0 fnt\n|faint|p2a: Zacian\n|\n|upkeep\n|\n|t:|1700249211\n|switch|p2a: Rillaboom|Rillaboom, M|94\/100\n|-fieldstart|move: Grassy Terrain|[from] ability: Grassy Surge|[of] p2a: Rillaboom\n|turn|15\n|\n|t:|1700249215\n|-terastallize|p1a: True Edgelord|Poison\n|move|p1a: True Edgelord|Recover|p1a: True Edgelord\n|-heal|p1a: True Edgelord|82\/100\n|move|p2a: Rillaboom|U-turn|p1a: True Edgelord\n|-resisted|p1a: True Edgelord\n|-damage|p1a: True Edgelord|71\/100\n|\n|t:|1700249218\n|switch|p2a: Arceus|Arceus-Fire|100\/100|[from] U-turn\n|\n|-heal|p1a: True Edgelord|77\/100|[from] Grassy Terrain\n|upkeep\n|turn|16\n|\n|t:|1700249222\n|move|p2a: Arceus|Calm Mind|p2a: Arceus\n|-boost|p2a: Arceus|spa|1\n|-boost|p2a: Arceus|spd|1\n|move|p1a: True Edgelord|Taunt|p2a: Arceus\n|-start|p2a: Arceus|move: Taunt\n|\n|-heal|p1a: True Edgelord|83\/100|[from] Grassy Terrain\n|upkeep\n|turn|17\n|\n|t:|1700249228\n|move|p2a: Arceus|Earth Power|p1a: True Edgelord\n|-supereffective|p1a: True Edgelord\n|-damage|p1a: True Edgelord|37\/100\n|move|p1a: True Edgelord|Calm Mind|p1a: True Edgelord\n|-boost|p1a: True Edgelord|spa|1\n|-boost|p1a: True Edgelord|spd|1\n|\n|-heal|p1a: True Edgelord|43\/100|[from] Grassy Terrain\n|upkeep\n|turn|18\n|\n|t:|1700249232\n|move|p2a: Arceus|Earth Power|p1a: True Edgelord\n|-supereffective|p1a: True Edgelord\n|-damage|p1a: True Edgelord|9\/100\n|move|p1a: True Edgelord|Recover|p1a: True Edgelord\n|-heal|p1a: True Edgelord|59\/100\n|\n|-heal|p1a: True Edgelord|65\/100|[from] Grassy Terrain\n|upkeep\n|turn|19\n|\n|t:|1700249235\n|move|p1a: True Edgelord|Recover|p1a: True Edgelord\n|-heal|p1a: True Edgelord|100\/100\n|move|p2a: Arceus|Earth Power|p1a: True Edgelord\n|-supereffective|p1a: True Edgelord\n|-damage|p1a: True Edgelord|67\/100\n|\n|-heal|p1a: True Edgelord|74\/100|[from] Grassy Terrain\n|-end|p2a: Arceus|move: Taunt\n|-fieldend|move: Grassy Terrain\n|upkeep\n|turn|20\n|\n|t:|1700249242\n|switch|p2a: Dialga|Dialga-Origin|51\/100\n|-ability|p2a: Dialga|Pressure\n|move|p1a: True Edgelord|Taunt|p2a: Dialga\n|-start|p2a: Dialga|move: Taunt\n|\n|upkeep\n|turn|21\n|\n|t:|1700249248\n|move|p1a: True Edgelord|Calm Mind|p1a: True Edgelord\n|-boost|p1a: True Edgelord|spa|1\n|-boost|p1a: True Edgelord|spd|1\n|move|p2a: Dialga|Draco Meteor|p1a: True Edgelord\n|-damage|p1a: True Edgelord|48\/100\n|-unboost|p2a: Dialga|spa|2\n|\n|upkeep\n|turn|22\n|\n|t:|1700249251\n|move|p1a: True Edgelord|Recover|p1a: True Edgelord\n|-heal|p1a: True Edgelord|98\/100\n|move|p2a: Dialga|Steel Beam|p1a: True Edgelord\n|-damage|p1a: True Edgelord|85\/100\n|-damage|p2a: Dialga|1\/100|[from] steelbeam\n|\n|-end|p2a: Dialga|move: Taunt\n|upkeep\n|turn|23\n|\n|t:|1700249256\n|move|p1a: True Edgelord|Taunt|p2a: Dialga\n|-start|p2a: Dialga|move: Taunt\n|cant|p2a: Dialga|move: Taunt|Thunder Wave\n|\n|upkeep\n|turn|24\n|c| Incredibleking|The stall wars begin\n|\n|t:|1700249259\n|move|p1a: True Edgelord|Calm Mind|p1a: True Edgelord\n|-boost|p1a: True Edgelord|spa|1\n|-boost|p1a: True Edgelord|spd|1\n|move|p2a: Dialga|Draco Meteor|p1a: True Edgelord\n|-damage|p1a: True Edgelord|74\/100\n|-unboost|p2a: Dialga|spa|2\n|\n|upkeep\n|turn|25\n|c|\u26061P1o1s1h1e1|damn I definitely choked\n|\n|t:|1700249273\n|move|p1a: True Edgelord|Calm Mind|p1a: True Edgelord\n|-boost|p1a: True Edgelord|spa|1\n|-boost|p1a: True Edgelord|spd|1\n|move|p2a: Dialga|Dragon Tail|p1a: True Edgelord\n|-damage|p1a: True Edgelord|57\/100\n|\n|-end|p2a: Dialga|move: Taunt\n|upkeep\n|turn|26\n|c| Leo Justice|Uh oh\n|\n|t:|1700249277\n|move|p1a: True Edgelord|Taunt|p2a: Dialga\n|-start|p2a: Dialga|move: Taunt\n|move|p2a: Dialga|Dragon Tail|p1a: True Edgelord\n|-damage|p1a: True Edgelord|41\/100\n|\n|upkeep\n|turn|27\n|\n|t:|1700249279\n|move|p1a: True Edgelord|Recover|p1a: True Edgelord\n|-heal|p1a: True Edgelord|91\/100\n|move|p2a: Dialga|Dragon Tail|p1a: True Edgelord\n|-damage|p1a: True Edgelord|73\/100\n|\n|upkeep\n|turn|28\n|\n|t:|1700249292\n|move|p1a: True Edgelord|Calm Mind|p1a: True Edgelord\n|-boost|p1a: True Edgelord|spa|1\n|-boost|p1a: True Edgelord|spd|1\n|move|p2a: Dialga|Draco Meteor|p1a: True Edgelord\n|-damage|p1a: True Edgelord|68\/100\n|-unboost|p2a: Dialga|spa|2\n|\n|-end|p2a: Dialga|move: Taunt\n|upkeep\n|turn|29\n|\n|t:|1700249300\n|move|p1a: True Edgelord|Judgment|p2a: Dialga\n|-crit|p2a: Dialga\n|-damage|p2a: Dialga|0 fnt\n|faint|p2a: Dialga\n|\n|upkeep\n|\n|t:|1700249308\n|switch|p2a: Rillaboom|Rillaboom, M|94\/100\n|-fieldstart|move: Grassy Terrain|[from] ability: Grassy Surge|[of] p2a: Rillaboom\n|turn|30\n|c|\u2606portobellomushroom|Darkceus didn't hear no bell\n|\n|t:|1700249322\n|move|p1a: True Edgelord|Judgment|p2a: Rillaboom\n|-damage|p2a: Rillaboom|0 fnt\n|faint|p2a: Rillaboom\n|\n|-heal|p1a: True Edgelord|74\/100|[from] Grassy Terrain\n|upkeep\n|c|\u26061P1o1s1h1e1|gg lol\n|c|\u2606portobellomushroom|gg\n|-message|1P1o1s1h1e1 forfeited.\n|\n|win|portobellomushroom\n","uploadtime":1700249341,"views":45,"p1id":"portobellomushroom","p2id":"1p1o1s1h1e1","formatid":"gen9ubers","rating":0,"private":0,"password":""}