{"id":"gen9ubers-1987874002","p1":"Pickedman","p2":"Rei_darkness","format":"[Gen 9] Ubers","log":"|j|\u2606Pickedman\n|j|\u2606Rei_darkness\n|t:|1699644795\n|gametype|singles\n|player|p1|Pickedman|zinnia|\n|player|p2|Rei_darkness|drayden|\n|teamsize|p1|6\n|teamsize|p2|6\n|gen|9\n|tier|[Gen 9] Ubers\n|rule|Sleep Clause Mod: Limit one foe put to sleep\n|rule|Species Clause: Limit one of each Pok\u00e9mon\n|rule|OHKO Clause: OHKO moves are banned\n|rule|Evasion Items Clause: Evasion items are banned\n|rule|Evasion Moves Clause: Evasion moves are banned\n|rule|Endless Battle Clause: Forcing endless battles is banned\n|rule|HP Percentage Mod: HP is shown in percentages\n|clearpoke\n|poke|p1|Koraidon|\n|poke|p1|Calyrex-Ice|\n|poke|p1|Gliscor, M|\n|poke|p1|Alomomola, F|\n|poke|p1|Lucario, M|\n|poke|p1|Slowking-Galar, F|\n|poke|p2|Ribombee, M|\n|poke|p2|Medicham, M|\n|poke|p2|Pikachu-Alola, M|\n|poke|p2|Tyranitar, M|\n|poke|p2|Azelf|\n|poke|p2|Raichu, F|\n|teampreview\n|\n|t:|1699644808\n|start\n|switch|p1a: BreathOfASerpent|Koraidon|100\/100\n|switch|p2a: Ribombee|Ribombee, M|100\/100\n|-weather|SunnyDay|[from] ability: Orichalcum Pulse|[of] p1a: BreathOfASerpent\n|-activate|p1a: BreathOfASerpent|Orichalcum Pulse|[source]\n|turn|1\n|\n|t:|1699644811\n|move|p2a: Ribombee|Stun Spore|p1a: BreathOfASerpent\n|-status|p1a: BreathOfASerpent|par\n|move|p1a: BreathOfASerpent|Substitute|p1a: BreathOfASerpent\n|-start|p1a: BreathOfASerpent|Substitute\n|-damage|p1a: BreathOfASerpent|75\/100 par\n|\n|-weather|SunnyDay|[upkeep]\n|upkeep\n|turn|2\n|\n|t:|1699644818\n|move|p2a: Ribombee|Sticky Web|p1a: BreathOfASerpent\n|-sidestart|p1: Pickedman|move: Sticky Web\n|cant|p1a: BreathOfASerpent|par\n|\n|-weather|SunnyDay|[upkeep]\n|upkeep\n|turn|3\n|\n|t:|1699644821\n|move|p2a: Ribombee|U-turn|p1a: BreathOfASerpent\n|-resisted|p1a: BreathOfASerpent\n|-activate|p1a: BreathOfASerpent|move: Substitute|[damage]\n|\n|t:|1699644827\n|switch|p2a: Tyranitar|Tyranitar, M|100\/100|[from] U-turn\n|-weather|Sandstorm|[from] ability: Sand Stream|[of] p2a: Tyranitar\n|move|p1a: BreathOfASerpent|Ancient Power|p2a: Tyranitar\n|-damage|p2a: Tyranitar|94\/100\n|\n|-weather|Sandstorm|[upkeep]\n|-damage|p1a: BreathOfASerpent|69\/100 par|[from] Sandstorm\n|upkeep\n|turn|4\n|\n|t:|1699644843\n|move|p2a: Tyranitar|Earth Power|p1a: BreathOfASerpent\n|-end|p1a: BreathOfASerpent|Substitute\n|move|p1a: BreathOfASerpent|Draco Meteor|p2a: Tyranitar\n|-damage|p2a: Tyranitar|74\/100\n|-unboost|p1a: BreathOfASerpent|spa|2\n|\n|-weather|Sandstorm|[upkeep]\n|-damage|p1a: BreathOfASerpent|63\/100 par|[from] Sandstorm\n|upkeep\n|turn|5\n|c|\u2606Rei_darkness|av tyranitar in sand is weirdly decent special bulk\n|\n|t:|1699644866\n|switch|p1a: BlueRoom(KZVer)|Gliscor, M|100\/100\n|move|p2a: Tyranitar|Earth Power|p1a: BlueRoom(KZVer)\n|-immune|p1a: BlueRoom(KZVer)\n|\n|-weather|Sandstorm|[upkeep]\n|-status|p1a: BlueRoom(KZVer)|tox|[from] item: Toxic Orb\n|upkeep\n|turn|6\n|\n|t:|1699644888\n|switch|p1a: BreathOfASerpent|Koraidon|63\/100 par\n|-activate|p1a: BreathOfASerpent|move: Sticky Web\n|-unboost|p1a: BreathOfASerpent|spe|1\n|-weather|SunnyDay|[from] ability: Orichalcum Pulse|[of] p1a: BreathOfASerpent\n|-activate|p1a: BreathOfASerpent|Orichalcum Pulse|[source]\n|switch|p2a: Azelf|Azelf|100\/100\n|\n|-weather|SunnyDay|[upkeep]\n|upkeep\n|turn|7\n|\n|t:|1699644899\n|move|p2a: Azelf|Zen Headbutt|p1a: BreathOfASerpent\n|-supereffective|p1a: BreathOfASerpent\n|-damage|p1a: BreathOfASerpent|0 fnt\n|faint|p1a: BreathOfASerpent\n|\n|-weather|SunnyDay|[upkeep]\n|upkeep\n|\n|t:|1699644906\n|switch|p1a: WNE|Calyrex-Ice|100\/100\n|-ability|p1a: WNE|As One\n|-ability|p1a: WNE|Unnerve\n|turn|8\n|\n|t:|1699644910\n|switch|p2a: Tyranitar|Tyranitar, M|74\/100\n|-weather|Sandstorm|[from] ability: Sand Stream|[of] p2a: Tyranitar\n|move|p1a: WNE|Calm Mind|p1a: WNE\n|-boost|p1a: WNE|spa|1\n|-boost|p1a: WNE|spd|1\n|\n|-weather|Sandstorm|[upkeep]\n|-damage|p1a: WNE|94\/100|[from] Sandstorm\n|upkeep\n|turn|9\n|\n|t:|1699644927\n|move|p2a: Tyranitar|Dark Pulse|p1a: WNE\n|-supereffective|p1a: WNE\n|-damage|p1a: WNE|60\/100\n|move|p1a: WNE|Calm Mind|p1a: WNE\n|-boost|p1a: WNE|spa|1\n|-boost|p1a: WNE|spd|1\n|\n|-weather|Sandstorm|[upkeep]\n|-damage|p1a: WNE|53\/100|[from] Sandstorm\n|upkeep\n|turn|10\n|\n|t:|1699644935\n|move|p2a: Tyranitar|Dark Pulse|p1a: WNE\n|-supereffective|p1a: WNE\n|-damage|p1a: WNE|28\/100\n|move|p1a: WNE|Calm Mind|p1a: WNE\n|-boost|p1a: WNE|spa|1\n|-boost|p1a: WNE|spd|1\n|\n|-weather|Sandstorm|[upkeep]\n|-damage|p1a: WNE|22\/100|[from] Sandstorm\n|upkeep\n|turn|11\n|\n|t:|1699644941\n|-terastallize|p1a: WNE|Fairy\n|move|p2a: Tyranitar|Dark Pulse|p1a: WNE\n|-resisted|p1a: WNE\n|-damage|p1a: WNE|17\/100\n|move|p1a: WNE|Draining Kiss|p2a: Tyranitar\n|-supereffective|p2a: Tyranitar\n|-damage|p2a: Tyranitar|28\/100\n|-heal|p1a: WNE|47\/100|[from] drain|[of] p2a: Tyranitar\n|\n|-weather|Sandstorm|[upkeep]\n|-damage|p1a: WNE|40\/100|[from] Sandstorm\n|upkeep\n|turn|12\n|\n|t:|1699644951\n|move|p2a: Tyranitar|Power Gem|p1a: WNE\n|-damage|p1a: WNE|30\/100\n|move|p1a: WNE|Draining Kiss|p2a: Tyranitar\n|-supereffective|p2a: Tyranitar\n|-damage|p2a: Tyranitar|0 fnt\n|-heal|p1a: WNE|47\/100|[from] drain|[of] p2a: Tyranitar\n|faint|p2a: Tyranitar\n|-ability|p1a: WNE|Chilling Neigh|boost\n|-boost|p1a: WNE|atk|1\n|\n|-weather|none\n|upkeep\n|\n|t:|1699644961\n|switch|p2a: Raichu|Raichu, F|100\/100\n|turn|13\n|\n|t:|1699644967\n|move|p2a: Raichu|Volt Tackle|p1a: WNE\n|-damage|p1a: WNE|16\/100\n|-damage|p2a: Raichu|84\/100|[from] Recoil\n|move|p1a: WNE|Draining Kiss|p2a: Raichu\n|-damage|p2a: Raichu|0 fnt\n|-heal|p1a: WNE|57\/100|[from] drain|[of] p2a: Raichu\n|-status|p1a: WNE|par|[from] ability: Static|[of] p2a: Raichu\n|faint|p2a: Raichu\n|-ability|p1a: WNE|Chilling Neigh|boost\n|-boost|p1a: WNE|atk|1\n|\n|upkeep\n|\n|t:|1699644972\n|switch|p2a: Medicham|Medicham, M|100\/100\n|turn|14\n|\n|t:|1699644980\n|-terastallize|p2a: Medicham|Steel\n|move|p2a: Medicham|Bullet Punch|p1a: WNE\n|-supereffective|p1a: WNE\n|-damage|p1a: WNE|3\/100 par\n|move|p1a: WNE|Draining Kiss|p2a: Medicham\n|-resisted|p2a: Medicham\n|-damage|p2a: Medicham|46\/100\n|-heal|p1a: WNE|30\/100 par|[from] drain|[of] p2a: Medicham\n|\n|upkeep\n|turn|15\n|\n|t:|1699644988\n|move|p2a: Medicham|Bullet Punch|p1a: WNE\n|-supereffective|p1a: WNE\n|-damage|p1a: WNE|0 fnt\n|faint|p1a: WNE\n|\n|upkeep\n|\n|t:|1699644994\n|switch|p1a: Full Confession|Lucario, M|100\/100\n|-activate|p1a: Full Confession|move: Sticky Web\n|-unboost|p1a: Full Confession|spe|1\n|turn|16\n|\n|t:|1699644998\n|switch|p2a: Ribombee|Ribombee, M|100\/100\n|move|p1a: Full Confession|Swords Dance|p1a: Full Confession\n|-boost|p1a: Full Confession|atk|2\n|\n|upkeep\n|turn|17\n|\n|t:|1699645007\n|move|p1a: Full Confession|Extreme Speed|p2a: Ribombee\n|-enditem|p2a: Ribombee|Focus Sash\n|-damage|p2a: Ribombee|1\/100\n|-damage|p1a: Full Confession|91\/100|[from] item: Life Orb\n|move|p2a: Ribombee|Stun Spore|p1a: Full Confession|[miss]\n|-miss|p2a: Ribombee|p1a: Full Confession\n|\n|upkeep\n|turn|18\n|\n|t:|1699645020\n|move|p1a: Full Confession|Extreme Speed|p2a: Ribombee\n|-damage|p2a: Ribombee|0 fnt\n|faint|p2a: Ribombee\n|-damage|p1a: Full Confession|81\/100|[from] item: Life Orb\n|\n|upkeep\n|\n|t:|1699645029\n|switch|p2a: Azelf|Azelf|100\/100\n|turn|19\n|\n|t:|1699645033\n|move|p1a: Full Confession|Extreme Speed|p2a: Azelf\n|-damage|p2a: Azelf|0 fnt\n|faint|p2a: Azelf\n|-damage|p1a: Full Confession|71\/100|[from] item: Life Orb\n|\n|upkeep\n|-message|Rei_darkness forfeited.\n|\n|win|Pickedman\n","uploadtime":1699645039,"views":16,"p1id":"pickedman","p2id":"reidarkness","formatid":"gen9ubers","rating":0,"private":0,"password":""}