{"id":"gen9ubers-1995025753","p1":"Scampton","p2":"MyDeliciousAxe","format":"[Gen 9] Ubers","log":"|j|\u2606Scampton\n|j|\u2606MyDeliciousAxe\n|t:|1700514651\n|gametype|singles\n|player|p1|Scampton|clown|\n|player|p2|MyDeliciousAxe|caitlin|\n|teamsize|p1|6\n|teamsize|p2|6\n|gen|9\n|tier|[Gen 9] Ubers\n|rule|Sleep Clause Mod: Limit one foe put to sleep\n|rule|Species Clause: Limit one of each Pok\u00e9mon\n|rule|OHKO Clause: OHKO moves are banned\n|rule|Evasion Items Clause: Evasion items are banned\n|rule|Evasion Moves Clause: Evasion moves are banned\n|rule|Endless Battle Clause: Forcing endless battles is banned\n|rule|HP Percentage Mod: HP is shown in percentages\n|clearpoke\n|poke|p1|Ribombee, F|\n|poke|p1|Delibird, F|\n|poke|p1|Slowking-Galar, M|\n|poke|p1|Gholdengo|\n|poke|p1|Palafin, M|\n|poke|p1|Empoleon, F|\n|poke|p2|Munkidori, M|\n|poke|p2|Ambipom, M|\n|poke|p2|Annihilape, M|\n|poke|p2|Infernape, F|\n|poke|p2|Grafaiai, F|\n|poke|p2|Azelf|\n|teampreview\n|\n|t:|1700514664\n|start\n|switch|p1a: Ribombee|Ribombee, F|100\/100\n|switch|p2a: Annihilape|Annihilape, M, shiny|100\/100\n|turn|1\n|\n|t:|1700514674\n|move|p1a: Ribombee|Sticky Web|p2a: Annihilape\n|-sidestart|p2: MyDeliciousAxe|move: Sticky Web\n|move|p2a: Annihilape|Stealth Rock|p1a: Ribombee\n|-sidestart|p1: Scampton|move: Stealth Rock\n|\n|upkeep\n|turn|2\n|\n|t:|1700514680\n|move|p1a: Ribombee|Play Rough|p2a: Annihilape\n|-supereffective|p2a: Annihilape\n|-damage|p2a: Annihilape|50\/100\n|move|p2a: Annihilape|Metronome|p2a: Annihilape\n|move|p2a: Annihilape|Trick Room|p2a: Annihilape|[from]move: Metronome\n|-fieldstart|move: Trick Room|[of] p2a: Annihilape\n|\n|upkeep\n|turn|3\n|c|\u2606Scampton|LMAO?\n|\n|t:|1700514691\n|move|p2a: Annihilape|Final Gambit|p1a: Ribombee\n|-damage|p1a: Ribombee|21\/100\n|faint|p2a: Annihilape\n|move|p1a: Ribombee|Play Rough|p2: Annihilape|[notarget]\n|-fail|p1a: Ribombee\n|\n|upkeep\n|\n|t:|1700514701\n|switch|p2a: Infernape|Infernape, F|100\/100\n|-activate|p2a: Infernape|move: Sticky Web\n|-unboost|p2a: Infernape|spe|1\n|turn|4\n|\n|t:|1700514706\n|move|p2a: Infernape|Fire Punch|p1a: Ribombee\n|-supereffective|p1a: Ribombee\n|-damage|p1a: Ribombee|0 fnt\n|faint|p1a: Ribombee\n|\n|upkeep\n|\n|t:|1700514719\n|switch|p1a: Slowking|Slowking-Galar, M|100\/100\n|turn|5\n|\n|t:|1700514726\n|move|p1a: Slowking|Chilly Reception|p1a: Slowking\n|-weather|Snow\n|\n|t:|1700514736\n|switch|p1a: Empoleon|Empoleon, F|100\/100|[from] Chilly Reception\n|-damage|p1a: Empoleon|94\/100|[from] Stealth Rock\n|move|p2a: Infernape|Fire Punch|p1a: Empoleon\n|-damage|p1a: Empoleon|59\/100\n|\n|-weather|Snow|[upkeep]\n|-heal|p1a: Empoleon|66\/100|[from] item: Leftovers\n|upkeep\n|turn|6\n|\n|t:|1700514754\n|move|p1a: Empoleon|Iron Defense|p1a: Empoleon\n|-boost|p1a: Empoleon|def|2\n|move|p2a: Infernape|Drain Punch|p1a: Empoleon\n|-supereffective|p1a: Empoleon\n|-damage|p1a: Empoleon|33\/100\n|\n|-weather|Snow|[upkeep]\n|-heal|p1a: Empoleon|39\/100|[from] item: Leftovers\n|-fieldend|move: Trick Room\n|upkeep\n|turn|7\n|\n|t:|1700514770\n|move|p2a: Infernape|Drain Punch|p1a: Empoleon\n|-supereffective|p1a: Empoleon\n|-damage|p1a: Empoleon|2\/100\n|move|p1a: Empoleon|Wave Crash|p2a: Infernape\n|-supereffective|p2a: Infernape\n|-damage|p2a: Infernape|0 fnt\n|faint|p2a: Infernape\n|-damage|p1a: Empoleon|0 fnt|[from] Recoil\n|faint|p1a: Empoleon\n|\n|-weather|Snow|[upkeep]\n|upkeep\n|\n|t:|1700514785\n|switch|p2a: Munkidori|Munkidori, M|100\/100\n|switch|p1a: Palafin|Palafin, M|100\/100\n|-activate|p2a: Munkidori|move: Sticky Web\n|-unboost|p2a: Munkidori|spe|1\n|-damage|p1a: Palafin|88\/100|[from] Stealth Rock\n|turn|8\n|\n|t:|1700514797\n|detailschange|p1a: Palafin|Palafin-Hero, M\n|switch|p1a: Gholdengo|Gholdengo|100\/100\n|-damage|p1a: Gholdengo|94\/100|[from] Stealth Rock\n|-item|p1a: Gholdengo|Air Balloon\n|move|p2a: Munkidori|Fake Out|p1a: Gholdengo\n|-immune|p1a: Gholdengo\n|\n|-weather|Snow|[upkeep]\n|upkeep\n|turn|9\n|\n|t:|1700514806\n|move|p1a: Gholdengo|Iron Head|p2a: Munkidori\n|-damage|p2a: Munkidori|59\/100\n|cant|p2a: Munkidori|flinch\n|\n|-weather|none\n|-heal|p2a: Munkidori|65\/100|[from] item: Leftovers\n|upkeep\n|turn|10\n|\n|t:|1700514811\n|move|p1a: Gholdengo|Iron Head|p2a: Munkidori\n|-damage|p2a: Munkidori|25\/100\n|move|p2a: Munkidori|U-turn|p1a: Gholdengo\n|-resisted|p1a: Gholdengo\n|-damage|p1a: Gholdengo|90\/100\n|-enditem|p1a: Gholdengo|Air Balloon\n|\n|t:|1700514821\n|switch|p2a: Grafaiai|Grafaiai, F|100\/100|[from] U-turn\n|-activate|p2a: Grafaiai|move: Sticky Web\n|-unboost|p2a: Grafaiai|spe|1\n|\n|upkeep\n|turn|11\n|\n|t:|1700514828\n|move|p2a: Grafaiai|Metronome|p2a: Grafaiai\n|move|p2a: Grafaiai|Charge|p2a: Grafaiai|[from]move: Metronome\n|-boost|p2a: Grafaiai|spd|1\n|-start|p2a: Grafaiai|Charge\n|move|p1a: Gholdengo|Iron Head|p2a: Grafaiai\n|-damage|p2a: Grafaiai|58\/100\n|\n|upkeep\n|turn|12\n|\n|t:|1700514837\n|move|p2a: Grafaiai|Metronome|p2a: Grafaiai\n|move|p2a: Grafaiai|Leer|p1a: Gholdengo|[from]move: Metronome\n|-immune|p1a: Gholdengo|[from] ability: Good as Gold\n|move|p1a: Gholdengo|Iron Head|p2a: Grafaiai\n|-damage|p2a: Grafaiai|18\/100\n|\n|upkeep\n|turn|13\n|\n|t:|1700514845\n|move|p2a: Grafaiai|Metronome|p2a: Grafaiai\n|move|p2a: Grafaiai|Electroweb|p1a: Gholdengo|[from]move: Metronome\n|-damage|p1a: Gholdengo|67\/100\n|-unboost|p1a: Gholdengo|spe|1\n|-end|p2a: Grafaiai|Charge|[silent]\n|move|p1a: Gholdengo|Iron Head|p2a: Grafaiai\n|-damage|p2a: Grafaiai|0 fnt\n|faint|p2a: Grafaiai\n|\n|upkeep\n|c|\u2606Scampton|YOWZA!!!\n|\n|t:|1700514856\n|switch|p2a: Ambipom|Ambipom, M|100\/100\n|-activate|p2a: Ambipom|move: Sticky Web\n|-unboost|p2a: Ambipom|spe|1\n|turn|14\n|\n|t:|1700514862\n|move|p2a: Ambipom|Nasty Plot|p2a: Ambipom\n|-boost|p2a: Ambipom|spa|2\n|move|p1a: Gholdengo|Low Kick|p2a: Ambipom\n|-supereffective|p2a: Ambipom\n|-damage|p2a: Ambipom|71\/100\n|\n|upkeep\n|turn|15\n|\n|t:|1700514868\n|move|p2a: Ambipom|Water Pulse|p1a: Gholdengo\n|-damage|p1a: Gholdengo|23\/100\n|move|p1a: Gholdengo|Iron Head|p2a: Ambipom\n|-damage|p2a: Ambipom|24\/100\n|\n|upkeep\n|turn|16\n|\n|t:|1700514874\n|move|p2a: Ambipom|Water Pulse|p1a: Gholdengo\n|-damage|p1a: Gholdengo|0 fnt\n|faint|p1a: Gholdengo\n|\n|upkeep\n|\n|t:|1700514883\n|switch|p1a: Delibird|Delibird, F|100\/100\n|-damage|p1a: Delibird|51\/100|[from] Stealth Rock\n|turn|17\n|\n|t:|1700514904\n|move|p1a: Delibird|Ice Spinner|p2a: Ambipom\n|-damage|p2a: Ambipom|0 fnt\n|faint|p2a: Ambipom\n|\n|upkeep\n|c|\u2606MyDeliciousAxe|electroweb roll was unironically huge\n|\n|t:|1700514913\n|switch|p2a: Munkidori|Munkidori, M|25\/100\n|-activate|p2a: Munkidori|move: Sticky Web\n|-unboost|p2a: Munkidori|spe|1\n|turn|18\n|\n|t:|1700514916\n|move|p2a: Munkidori|Fake Out|p1a: Delibird\n|-damage|p1a: Delibird|25\/100\n|-status|p1a: Delibird|tox|[from] ability: Toxic Chain|[of] p2a: Munkidori\n|cant|p1a: Delibird|flinch\n|\n|-heal|p2a: Munkidori|31\/100|[from] item: Leftovers\n|-damage|p1a: Delibird|19\/100 tox|[from] psn\n|upkeep\n|turn|19\n|\n|t:|1700514932\n|move|p1a: Delibird|Ice Spinner|p2a: Munkidori|[miss]\n|-miss|p1a: Delibird|p2a: Munkidori\n|move|p2a: Munkidori|Metronome|p2a: Munkidori\n|move|p2a: Munkidori|Wave Crash|p1a: Delibird|[from]move: Metronome\n|-damage|p1a: Delibird|0 fnt\n|faint|p1a: Delibird\n|-damage|p2a: Munkidori|27\/100|[from] Recoil\n|\n|-heal|p2a: Munkidori|33\/100|[from] item: Leftovers\n|upkeep\n|c|\u2606Scampton|NOOO\n|c|\u2606Scampton|DELIBIRD!!!!\n|\n|t:|1700514945\n|switch|p1a: Palafin|Palafin-Hero, M|88\/100\n|-damage|p1a: Palafin|76\/100|[from] Stealth Rock\n|-activate|p1a: Palafin|ability: Zero to Hero\n|turn|20\n|\n|t:|1700514954\n|move|p1a: Palafin|Boomburst|p2a: Munkidori\n|-damage|p2a: Munkidori|0 fnt\n|faint|p2a: Munkidori\n|\n|upkeep\n|\n|t:|1700514960\n|switch|p2a: Azelf|Azelf|100\/100\n|turn|21\n|\n|t:|1700514970\n|-terastallize|p2a: Azelf|Electric\n|-terastallize|p1a: Palafin|Ice\n|move|p2a: Azelf|Thunderbolt|p1a: Palafin\n|-damage|p1a: Palafin|11\/100\n|-damage|p2a: Azelf|91\/100|[from] item: Life Orb\n|move|p1a: Palafin|Boomburst|p2a: Azelf\n|-damage|p2a: Azelf|0 fnt\n|faint|p2a: Azelf\n|\n|win|Scampton\n|c|\u2606Scampton|HE WAS YOUNG.\n|c|\u2606MyDeliciousAxe|fuck delibird.\n|c|\u2606MyDeliciousAxe|he aint no monkey.\n","uploadtime":1700515026,"views":31,"p1id":"scampton","p2id":"mydeliciousaxe","formatid":"gen9ubers","rating":0,"private":0,"password":""}