{"id":"gen9ubers-1985590504","p1":"kosmicBAD","p2":"Hedgehog415","format":"[Gen 9] Ubers","log":"|j|\u2606kosmicBAD\n|j|\u2606Hedgehog415\n|t:|1699387137\n|gametype|singles\n|player|p1|kosmicBAD|linebacker|\n|player|p2|Hedgehog415|hilbert|\n|teamsize|p1|6\n|teamsize|p2|6\n|gen|9\n|tier|[Gen 9] Ubers\n|rule|Sleep Clause Mod: Limit one foe put to sleep\n|rule|Species Clause: Limit one of each Pok\u00e9mon\n|rule|OHKO Clause: OHKO moves are banned\n|rule|Evasion Items Clause: Evasion items are banned\n|rule|Evasion Moves Clause: Evasion moves are banned\n|rule|Endless Battle Clause: Forcing endless battles is banned\n|rule|HP Percentage Mod: HP is shown in percentages\n|clearpoke\n|poke|p1|Enamorus, F|\n|poke|p1|Infernape, F|\n|poke|p1|Ogerpon-Wellspring, F|\n|poke|p1|Scizor, M|\n|poke|p1|Shaymin|\n|poke|p1|Umbreon, M|\n|poke|p2|Great Tusk|\n|poke|p2|Arcanine-Hisui, M|\n|poke|p2|Samurott-Hisui, M|\n|poke|p2|Meowscarada, M|\n|poke|p2|Sylveon, M|\n|poke|p2|Maushold-Four|\n|teampreview\n|j| EX1400\n|\n|t:|1699387316\n|start\n|switch|p1a: Huu|Ogerpon-Wellspring, F|100\/100\n|switch|p2a: Ice age mf|Great Tusk|100\/100\n|-enditem|p2a: Ice age mf|Booster Energy\n|-activate|p2a: Ice age mf|ability: Protosynthesis|[fromitem]\n|-start|p2a: Ice age mf|protosynthesisatk\n|turn|1\n|\n|t:|1699387354\n|-terastallize|p2a: Ice age mf|Fairy\n|move|p1a: Huu|Brick Break|p2a: Ice age mf\n|-resisted|p2a: Ice age mf\n|-damage|p2a: Ice age mf|89\/100\n|move|p2a: Ice age mf|Play Rough|p1a: Huu\n|-damage|p1a: Huu|21\/100\n|\n|upkeep\n|turn|2\n|\n|t:|1699387402\n|move|p1a: Huu|Ivy Cudgel|p2a: Ice age mf\n|-damage|p2a: Ice age mf|46\/100\n|move|p2a: Ice age mf|Stone Edge|p1a: Huu\n|-damage|p1a: Huu|0 fnt\n|faint|p1a: Huu\n|\n|upkeep\n|\n|t:|1699387429\n|switch|p1a: Unit-02|Scizor, M|100\/100\n|turn|3\n|\n|t:|1699387453\n|move|p1a: Unit-02|Bullet Punch|p2a: Ice age mf\n|-supereffective|p2a: Ice age mf\n|-damage|p2a: Ice age mf|0 fnt\n|faint|p2a: Ice age mf\n|-end|p2a: Ice age mf|Protosynthesis|[silent]\n|-damage|p1a: Unit-02|91\/100|[from] item: Life Orb\n|\n|upkeep\n|\n|t:|1699387478\n|switch|p2a: :3|Arcanine-Hisui, M|100\/100\n|turn|4\n|\n|t:|1699387496\n|switch|p1a: Eclipse|Umbreon, M, shiny|100\/100\n|move|p2a: :3|Flare Blitz|p1a: Eclipse\n|-damage|p1a: Eclipse|53\/100\n|-damage|p2a: :3|91\/100|[from] item: Life Orb\n|\n|-heal|p1a: Eclipse|59\/100|[from] item: Leftovers\n|upkeep\n|turn|5\n|\n|t:|1699387523\n|move|p1a: Eclipse|Protect|p1a: Eclipse\n|-singleturn|p1a: Eclipse|Protect\n|move|p2a: :3|Head Smash|p1a: Eclipse\n|-activate|p1a: Eclipse|move: Protect\n|\n|-heal|p1a: Eclipse|65\/100|[from] item: Leftovers\n|upkeep\n|turn|6\n|\n|t:|1699387549\n|move|p2a: :3|Head Smash|p1a: Eclipse|[miss]\n|-miss|p2a: :3|p1a: Eclipse\n|move|p1a: Eclipse|Toxic|p2a: :3|[miss]\n|-miss|p1a: Eclipse|p2a: :3\n|\n|-heal|p1a: Eclipse|71\/100|[from] item: Leftovers\n|upkeep\n|turn|7\n|\n|t:|1699387564\n|move|p2a: :3|Head Smash|p1a: Eclipse\n|-damage|p1a: Eclipse|20\/100\n|-damage|p2a: :3|81\/100|[from] item: Life Orb\n|move|p1a: Eclipse|Toxic|p2a: :3\n|-status|p2a: :3|tox\n|\n|-heal|p1a: Eclipse|26\/100|[from] item: Leftovers\n|-damage|p2a: :3|75\/100 tox|[from] psn\n|upkeep\n|turn|8\n|\n|t:|1699387573\n|move|p1a: Eclipse|Protect|p1a: Eclipse\n|-singleturn|p1a: Eclipse|Protect\n|move|p2a: :3|Flare Blitz|p1a: Eclipse\n|-activate|p1a: Eclipse|move: Protect\n|\n|-heal|p1a: Eclipse|32\/100|[from] item: Leftovers\n|-damage|p2a: :3|62\/100 tox|[from] psn\n|upkeep\n|turn|9\n|\n|t:|1699387598\n|move|p1a: Eclipse|Protect|p1a: Eclipse\n|-singleturn|p1a: Eclipse|Protect\n|move|p2a: :3|Head Smash|p1a: Eclipse\n|-activate|p1a: Eclipse|move: Protect\n|\n|-heal|p1a: Eclipse|38\/100|[from] item: Leftovers\n|-damage|p2a: :3|44\/100 tox|[from] psn\n|upkeep\n|turn|10\n|\n|t:|1699387615\n|switch|p1a: Chia|Shaymin, shiny|100\/100\n|move|p2a: :3|Head Smash|p1a: Chia\n|-damage|p1a: Chia|43\/100\n|-damage|p2a: :3|34\/100 tox|[from] item: Life Orb\n|\n|-heal|p1a: Chia|50\/100|[from] item: Leftovers\n|-damage|p2a: :3|10\/100 tox|[from] psn\n|upkeep\n|turn|11\n|\n|t:|1699387627\n|switch|p2a: Femboy|Sylveon, M, shiny|100\/100\n|move|p1a: Chia|Protect||[still]\n|-fail|p1a: Chia\n|\n|-heal|p1a: Chia|56\/100|[from] item: Leftovers\n|upkeep\n|turn|12\n|\n|t:|1699387638\n|move|p1a: Chia|Leech Seed|p2a: Femboy\n|-start|p2a: Femboy|move: Leech Seed\n|move|p2a: Femboy|Reflect|p2a: Femboy\n|-sidestart|p2: Hedgehog415|Reflect\n|\n|-heal|p1a: Chia|62\/100|[from] item: Leftovers\n|-damage|p2a: Femboy|88\/100|[from] Leech Seed|[of] p1a: Chia\n|-heal|p1a: Chia|74\/100|[silent]\n|upkeep\n|turn|13\n|\n|t:|1699387659\n|switch|p2a: Bombs?|Maushold-Four|100\/100\n|move|p1a: Chia|Seed Flare|p2a: Bombs?\n|-damage|p2a: Bombs?|29\/100\n|-unboost|p2a: Bombs?|spd|2\n|\n|-heal|p1a: Chia|80\/100|[from] item: Leftovers\n|upkeep\n|turn|14\n|\n|t:|1699387670\n|move|p2a: Bombs?|Population Bomb|p1a: Chia\n|-damage|p1a: Chia|73\/100\n|-damage|p1a: Chia|66\/100\n|-damage|p1a: Chia|59\/100\n|-damage|p1a: Chia|52\/100\n|-damage|p1a: Chia|45\/100\n|-damage|p1a: Chia|37\/100\n|-damage|p1a: Chia|30\/100\n|-damage|p1a: Chia|23\/100\n|-damage|p1a: Chia|16\/100\n|-damage|p1a: Chia|9\/100\n|-hitcount|p1a: Chia|10\n|move|p1a: Chia|Seed Flare|p2a: Bombs?\n|-damage|p2a: Bombs?|0 fnt\n|faint|p2a: Bombs?\n|\n|-heal|p1a: Chia|15\/100|[from] item: Leftovers\n|upkeep\n|\n|t:|1699387720\n|switch|p2a: Femboy|Sylveon, M, shiny|88\/100\n|turn|15\n|\n|t:|1699387727\n|move|p1a: Chia|Synthesis|p1a: Chia\n|-heal|p1a: Chia|65\/100\n|move|p2a: Femboy|Yawn|p1a: Chia\n|-start|p1a: Chia|move: Yawn|[of] p2a: Femboy\n|\n|-heal|p1a: Chia|71\/100|[from] item: Leftovers\n|-heal|p2a: Femboy|94\/100|[from] item: Leftovers\n|upkeep\n|turn|16\n|\n|t:|1699387754\n|switch|p1a: Eclipse|Umbreon, M, shiny|38\/100\n|switch|p2a: MY BOY!!!|Samurott-Hisui, M|100\/100\n|\n|-heal|p1a: Eclipse|44\/100|[from] item: Leftovers\n|-sideend|p2: Hedgehog415|Reflect\n|upkeep\n|turn|17\n|\n|t:|1699387764\n|move|p2a: MY BOY!!!|X-Scissor|p1a: Eclipse\n|-supereffective|p1a: Eclipse\n|-damage|p1a: Eclipse|6\/100\n|-damage|p2a: MY BOY!!!|91\/100|[from] item: Life Orb\n|move|p1a: Eclipse|Toxic|p2a: MY BOY!!!\n|-status|p2a: MY BOY!!!|tox\n|\n|-heal|p1a: Eclipse|12\/100|[from] item: Leftovers\n|-damage|p2a: MY BOY!!!|84\/100 tox|[from] psn\n|upkeep\n|turn|18\n|\n|t:|1699387789\n|move|p1a: Eclipse|Protect|p1a: Eclipse\n|-singleturn|p1a: Eclipse|Protect\n|move|p2a: MY BOY!!!|Ceaseless Edge|p1a: Eclipse\n|-activate|p1a: Eclipse|move: Protect\n|\n|-heal|p1a: Eclipse|18\/100|[from] item: Leftovers\n|-damage|p2a: MY BOY!!!|72\/100 tox|[from] psn\n|upkeep\n|turn|19\n|\n|t:|1699387811\n|move|p2a: MY BOY!!!|Ceaseless Edge|p1a: Eclipse\n|-resisted|p1a: Eclipse\n|-damage|p1a: Eclipse|7\/100\n|-sidestart|p1: kosmicBAD|Spikes\n|-damage|p2a: MY BOY!!!|62\/100 tox|[from] item: Life Orb\n|move|p1a: Eclipse|Foul Play|p2a: MY BOY!!!\n|-resisted|p2a: MY BOY!!!\n|-damage|p2a: MY BOY!!!|36\/100 tox\n|\n|-heal|p1a: Eclipse|13\/100|[from] item: Leftovers\n|-damage|p2a: MY BOY!!!|17\/100 tox|[from] psn\n|upkeep\n|turn|20\n|\n|t:|1699387825\n|move|p1a: Eclipse|Protect|p1a: Eclipse\n|-singleturn|p1a: Eclipse|Protect\n|move|p2a: MY BOY!!!|Ceaseless Edge|p1a: Eclipse\n|-activate|p1a: Eclipse|move: Protect\n|\n|-heal|p1a: Eclipse|19\/100|[from] item: Leftovers\n|-damage|p2a: MY BOY!!!|0 fnt|[from] psn\n|faint|p2a: MY BOY!!!\n|upkeep\n|\n|t:|1699387834\n|switch|p2a: :3|Arcanine-Hisui, M|10\/100 tox\n|turn|21\n|\n|t:|1699387844\n|move|p2a: :3|Extreme Speed|p1a: Eclipse\n|-damage|p1a: Eclipse|0 fnt\n|faint|p1a: Eclipse\n|-damage|p2a: :3|0 fnt|[from] item: Life Orb\n|faint|p2a: :3\n|\n|upkeep\n|\n|t:|1699387867\n|switch|p2a: Car|Meowscarada, M|100\/100\n|switch|p1a: Unit-02|Scizor, M|91\/100\n|-damage|p1a: Unit-02|78\/100|[from] Spikes\n|turn|22\n|\n|t:|1699387892\n|move|p2a: Car|Thunder Punch|p1a: Unit-02\n|-start|p2a: Car|typechange|Electric|[from] ability: Protean\n|-damage|p1a: Unit-02|42\/100\n|move|p1a: Unit-02|Dual Wingbeat|p2a: Car\n|-resisted|p2a: Car\n|-damage|p2a: Car|79\/100\n|-resisted|p2a: Car\n|-damage|p2a: Car|54\/100\n|-hitcount|p2a: Car|2\n|-damage|p1a: Unit-02|32\/100|[from] item: Life Orb\n|\n|upkeep\n|turn|23\n|\n|t:|1699387910\n|move|p1a: Unit-02|Bullet Punch|p2a: Car\n|-resisted|p2a: Car\n|-damage|p2a: Car|21\/100\n|-damage|p1a: Unit-02|22\/100|[from] item: Life Orb\n|move|p2a: Car|Thunder Punch|p1a: Unit-02\n|-damage|p1a: Unit-02|0 fnt\n|faint|p1a: Unit-02\n|\n|upkeep\n|\n|t:|1699387926\n|switch|p1a: Chia|Shaymin, shiny|71\/100\n|-damage|p1a: Chia|59\/100|[from] Spikes\n|turn|24\n|\n|t:|1699387934\n|switch|p2a: Femboy|Sylveon, M, shiny|94\/100\n|move|p1a: Chia|Leech Seed|p2a: Femboy\n|-start|p2a: Femboy|move: Leech Seed\n|\n|-heal|p1a: Chia|65\/100|[from] item: Leftovers\n|-heal|p2a: Femboy|99\/100|[from] item: Leftovers\n|-damage|p2a: Femboy|88\/100|[from] Leech Seed|[of] p1a: Chia\n|-heal|p1a: Chia|77\/100|[silent]\n|upkeep\n|turn|25\n|\n|t:|1699387947\n|move|p1a: Chia|Protect|p1a: Chia\n|-singleturn|p1a: Chia|Protect\n|move|p2a: Femboy|Yawn|p1a: Chia\n|-activate|p1a: Chia|move: Protect\n|\n|-heal|p1a: Chia|83\/100|[from] item: Leftovers\n|-heal|p2a: Femboy|94\/100|[from] item: Leftovers\n|-damage|p2a: Femboy|81\/100|[from] Leech Seed|[of] p1a: Chia\n|-heal|p1a: Chia|96\/100|[silent]\n|upkeep\n|turn|26\n|\n|t:|1699387959\n|move|p1a: Chia|Seed Flare|p2a: Femboy\n|-damage|p2a: Femboy|59\/100\n|move|p2a: Femboy|Yawn|p1a: Chia\n|-start|p1a: Chia|move: Yawn|[of] p2a: Femboy\n|\n|-heal|p1a: Chia|100\/100|[from] item: Leftovers\n|-heal|p2a: Femboy|65\/100|[from] item: Leftovers\n|-damage|p2a: Femboy|52\/100|[from] Leech Seed|[of] p1a: Chia\n|upkeep\n|turn|27\n|\n|t:|1699387976\n|move|p1a: Chia|Seed Flare|p2a: Femboy\n|-crit|p2a: Femboy\n|-damage|p2a: Femboy|17\/100\n|move|p2a: Femboy|Moonblast|p1a: Chia\n|-damage|p1a: Chia|70\/100\n|\n|-heal|p1a: Chia|76\/100|[from] item: Leftovers\n|-heal|p2a: Femboy|23\/100|[from] item: Leftovers\n|-damage|p2a: Femboy|11\/100|[from] Leech Seed|[of] p1a: Chia\n|-heal|p1a: Chia|88\/100|[silent]\n|-end|p1a: Chia|move: Yawn|[silent]\n|-status|p1a: Chia|slp\n|upkeep\n|turn|28\n|\n|t:|1699387990\n|-curestatus|p1a: Chia|slp|[from] ability: Natural Cure\n|switch|p1a: Wanda|Enamorus, F, shiny|100\/100\n|switch|p2a: Car|Meowscarada, M|21\/100\n|\n|upkeep\n|turn|29\n|\n|t:|1699388021\n|move|p2a: Car|Thunder Punch|p1a: Wanda\n|-start|p2a: Car|typechange|Electric|[from] ability: Protean\n|-supereffective|p1a: Wanda\n|-damage|p1a: Wanda|0 fnt\n|faint|p1a: Wanda\n|\n|upkeep\n|\n|t:|1699388027\n|switch|p1a: Rafiki|Infernape, F, shiny|100\/100\n|-damage|p1a: Rafiki|88\/100|[from] Spikes\n|turn|30\n|\n|t:|1699388041\n|switch|p2a: Femboy|Sylveon, M, shiny|11\/100\n|move|p1a: Rafiki|Vacuum Wave|p2a: Femboy\n|-resisted|p2a: Femboy\n|-damage|p2a: Femboy|4\/100\n|\n|-heal|p2a: Femboy|10\/100|[from] item: Leftovers\n|upkeep\n|turn|31\n|\n|t:|1699388051\n|switch|p1a: Chia|Shaymin, shiny|88\/100\n|-damage|p1a: Chia|76\/100|[from] Spikes\n|move|p2a: Femboy|Protect||[still]\n|-fail|p2a: Femboy\n|\n|-heal|p1a: Chia|82\/100|[from] item: Leftovers\n|-heal|p2a: Femboy|16\/100|[from] item: Leftovers\n|upkeep\n|turn|32\n|\n|t:|1699388083\n|move|p2a: Femboy|Protect|p2a: Femboy\n|-singleturn|p2a: Femboy|Protect\n|move|p1a: Chia|Leech Seed|p2a: Femboy\n|-activate|p2a: Femboy|move: Protect\n|\n|-heal|p1a: Chia|88\/100|[from] item: Leftovers\n|-heal|p2a: Femboy|22\/100|[from] item: Leftovers\n|upkeep\n|turn|33\n|\n|t:|1699388097\n|move|p1a: Chia|Leech Seed|p2a: Femboy\n|-start|p2a: Femboy|move: Leech Seed\n|move|p2a: Femboy|Yawn|p1a: Chia\n|-start|p1a: Chia|move: Yawn|[of] p2a: Femboy\n|\n|-heal|p1a: Chia|94\/100|[from] item: Leftovers\n|-heal|p2a: Femboy|28\/100|[from] item: Leftovers\n|-damage|p2a: Femboy|15\/100|[from] Leech Seed|[of] p1a: Chia\n|-heal|p1a: Chia|100\/100|[silent]\n|upkeep\n|turn|34\n|\n|t:|1699388119\n|move|p1a: Chia|Seed Flare|p2a: Femboy\n|-damage|p2a: Femboy|0 fnt\n|faint|p2a: Femboy\n|\n|-end|p1a: Chia|move: Yawn|[silent]\n|-status|p1a: Chia|slp\n|upkeep\n|\n|t:|1699388135\n|switch|p2a: Car|Meowscarada, M|21\/100\n|turn|35\n|\n|t:|1699388142\n|move|p2a: Car|Play Rough|p1a: Chia\n|-start|p2a: Car|typechange|Fairy|[from] ability: Protean\n|-damage|p1a: Chia|71\/100 slp\n|cant|p1a: Chia|slp\n|\n|-heal|p1a: Chia|77\/100 slp|[from] item: Leftovers\n|upkeep\n|turn|36\n|\n|t:|1699388153\n|move|p2a: Car|Play Rough|p1a: Chia\n|-damage|p1a: Chia|51\/100 slp\n|-curestatus|p1a: Chia|slp|[msg]\n|move|p1a: Chia|Leech Seed|p2a: Car\n|-start|p2a: Car|move: Leech Seed\n|\n|-heal|p1a: Chia|57\/100|[from] item: Leftovers\n|-damage|p2a: Car|9\/100|[from] Leech Seed|[of] p1a: Chia\n|-heal|p1a: Chia|66\/100|[silent]\n|upkeep\n|turn|37\n|\n|t:|1699388163\n|move|p1a: Chia|Protect|p1a: Chia\n|-singleturn|p1a: Chia|Protect\n|move|p2a: Car|Play Rough|p1a: Chia\n|-activate|p1a: Chia|move: Protect\n|\n|-heal|p1a: Chia|72\/100|[from] item: Leftovers\n|-damage|p2a: Car|0 fnt|[from] Leech Seed|[of] p1a: Chia\n|-heal|p1a: Chia|78\/100|[silent]\n|faint|p2a: Car\n|\n|win|kosmicBAD\n|upkeep\n","uploadtime":1699388181,"views":13,"p1id":"kosmicbad","p2id":"hedgehog415","formatid":"gen9ubers","rating":0,"private":0,"password":""}