{"id":"gen9ubers-1978306319","p1":"CrackLordGBLN","p2":"IcyTheScreamer","format":"[Gen 9] Ubers","log":"|j|\u2606CrackLordGBLN\n|j|\u2606IcyTheScreamer\n|t:|1698523209\n|gametype|singles\n|player|p1|CrackLordGBLN|ghetsis|\n|player|p2|IcyTheScreamer|ingo|\n|teamsize|p1|6\n|teamsize|p2|6\n|gen|9\n|tier|[Gen 9] Ubers\n|rule|Sleep Clause Mod: Limit one foe put to sleep\n|rule|Species Clause: Limit one of each Pok\u00e9mon\n|rule|OHKO Clause: OHKO moves are banned\n|rule|Evasion Items Clause: Evasion items are banned\n|rule|Evasion Moves Clause: Evasion moves are banned\n|rule|Endless Battle Clause: Forcing endless battles is banned\n|rule|HP Percentage Mod: HP is shown in percentages\n|clearpoke\n|poke|p1|Torkoal, F|\n|poke|p1|Ninetales-Alola, M|\n|poke|p1|Ursaluna-Bloodmoon, M|\n|poke|p1|Chandelure, F|\n|poke|p1|Walking Wake|\n|poke|p1|Pawmot, M|\n|poke|p2|Dialga|\n|poke|p2|Gliscor, F|\n|poke|p2|Arceus-Poison|\n|poke|p2|Blissey, F|\n|poke|p2|Giratina|\n|poke|p2|Dondozo, F|\n|teampreview\n|c|\u2606CrackLordGBLN|Oooh stall\n|c|\u2606CrackLordGBLN|im very interested to see how this team does against stall\n|\n|t:|1698523234\n|start\n|switch|p1a: Buried Alive|Ninetales-Alola, M|100\/100\n|switch|p2a: Arceus|Arceus-Poison|100\/100\n|-weather|Snow|[from] ability: Snow Warning|[of] p1a: Buried Alive\n|turn|1\n|\n|t:|1698523243\n|move|p1a: Buried Alive|Aurora Veil|p1a: Buried Alive\n|-sidestart|p1: CrackLordGBLN|move: Aurora Veil\n|move|p2a: Arceus|Taunt|p1a: Buried Alive\n|-start|p1a: Buried Alive|move: Taunt\n|\n|-weather|Snow|[upkeep]\n|upkeep\n|turn|2\n|\n|t:|1698523259\n|switch|p1a: Headlights|Torkoal, F|100\/100\n|-weather|SunnyDay|[from] ability: Drought|[of] p1a: Headlights\n|move|p2a: Arceus|Judgment|p1a: Headlights\n|-damage|p1a: Headlights|60\/100\n|\n|-weather|SunnyDay|[upkeep]\n|upkeep\n|turn|3\n|\n|t:|1698523275\n|move|p2a: Arceus|Taunt|p1a: Headlights\n|-start|p1a: Headlights|move: Taunt\n|move|p1a: Headlights|Lava Plume|p2a: Arceus\n|-damage|p2a: Arceus|67\/100\n|\n|-weather|SunnyDay|[upkeep]\n|upkeep\n|turn|4\n|\n|t:|1698523283\n|switch|p2a: Blissey|Blissey, F|100\/100\n|switch|p1a: King Kunta|Walking Wake|100\/100\n|-activate|p1a: King Kunta|ability: Protosynthesis\n|-start|p1a: King Kunta|protosynthesisspe\n|\n|-weather|SunnyDay|[upkeep]\n|upkeep\n|turn|5\n|\n|t:|1698523308\n|-end|p1a: King Kunta|Protosynthesis|[silent]\n|switch|p1a: knots|Pawmot, M|100\/100\n|move|p2a: Blissey|Stealth Rock|p1a: knots\n|-sidestart|p1: CrackLordGBLN|move: Stealth Rock\n|\n|-weather|SunnyDay|[upkeep]\n|upkeep\n|turn|6\n|\n|t:|1698523316\n|switch|p2a: Giratina|Giratina|100\/100\n|-ability|p2a: Giratina|Pressure\n|move|p1a: knots|Ice Punch|p2a: Giratina\n|-supereffective|p2a: Giratina\n|-damage|p2a: Giratina|65\/100\n|\n|-weather|SunnyDay|[upkeep]\n|-heal|p2a: Giratina|71\/100|[from] item: Leftovers\n|upkeep\n|turn|7\n|\n|t:|1698523337\n|switch|p1a: Really Doe|Chandelure, F|100\/100\n|move|p2a: Giratina|Will-O-Wisp|p1a: Really Doe\n|-immune|p1a: Really Doe\n|\n|-weather|SunnyDay|[upkeep]\n|-heal|p2a: Giratina|77\/100|[from] item: Leftovers\n|upkeep\n|turn|8\n|\n|t:|1698523347\n|switch|p2a: Blissey|Blissey, F|100\/100\n|move|p1a: Really Doe|Trick Room|p1a: Really Doe\n|-fieldstart|move: Trick Room|[of] p1a: Really Doe\n|\n|-weather|SunnyDay|[upkeep]\n|-sideend|p1: CrackLordGBLN|move: Aurora Veil\n|upkeep\n|turn|9\n|\n|t:|1698523362\n|switch|p2a: Dondozo|Dondozo, F|100\/100\n|move|p1a: Really Doe|Overheat|p2a: Dondozo\n|-resisted|p2a: Dondozo\n|-damage|p2a: Dondozo|44\/100\n|-unboost|p1a: Really Doe|spa|2\n|\n|-weather|none\n|upkeep\n|turn|10\n|\n|t:|1698523377\n|switch|p1a: Alive (nightmare)|Ursaluna-Bloodmoon, M|100\/100\n|-damage|p1a: Alive (nightmare)|94\/100|[from] Stealth Rock\n|move|p2a: Dondozo|Curse|p2a: Dondozo\n|-unboost|p2a: Dondozo|spe|1\n|-boost|p2a: Dondozo|atk|1\n|-boost|p2a: Dondozo|def|1\n|\n|-heal|p1a: Alive (nightmare)|100\/100|[from] item: Leftovers\n|upkeep\n|turn|11\n|\n|t:|1698523418\n|-terastallize|p2a: Dondozo|Steel\n|move|p2a: Dondozo|Waterfall|p1a: Alive (nightmare)\n|-supereffective|p1a: Alive (nightmare)\n|-damage|p1a: Alive (nightmare)|42\/100\n|cant|p1a: Alive (nightmare)|flinch\n|\n|-heal|p1a: Alive (nightmare)|48\/100|[from] item: Leftovers\n|upkeep\n|turn|12\n|\n|t:|1698523430\n|-terastallize|p1a: Alive (nightmare)|Water\n|move|p2a: Dondozo|Waterfall|p1a: Alive (nightmare)\n|-resisted|p1a: Alive (nightmare)\n|-damage|p1a: Alive (nightmare)|34\/100\n|move|p1a: Alive (nightmare)|Moonlight|p1a: Alive (nightmare)\n|-heal|p1a: Alive (nightmare)|84\/100\n|\n|-heal|p1a: Alive (nightmare)|90\/100|[from] item: Leftovers\n|-fieldend|move: Trick Room\n|upkeep\n|turn|13\n|\n|t:|1698523444\n|switch|p2a: Gliscor|Gliscor, F|100\/100\n|move|p1a: Alive (nightmare)|Earth Power|p2a: Gliscor\n|-immune|p2a: Gliscor\n|\n|-heal|p1a: Alive (nightmare)|96\/100|[from] item: Leftovers\n|-status|p2a: Gliscor|tox|[from] item: Toxic Orb\n|upkeep\n|turn|14\n|\n|t:|1698523453\n|move|p2a: Gliscor|Protect|p2a: Gliscor\n|-singleturn|p2a: Gliscor|Protect\n|move|p1a: Alive (nightmare)|Calm Mind|p1a: Alive (nightmare)\n|-boost|p1a: Alive (nightmare)|spa|1\n|-boost|p1a: Alive (nightmare)|spd|1\n|\n|-heal|p1a: Alive (nightmare)|100\/100|[from] item: Leftovers\n|upkeep\n|turn|15\n|\n|t:|1698523462\n|move|p2a: Gliscor|Toxic|p1a: Alive (nightmare)\n|-status|p1a: Alive (nightmare)|tox\n|move|p1a: Alive (nightmare)|Blood Moon|p2a: Gliscor\n|-damage|p2a: Gliscor|0 fnt\n|faint|p2a: Gliscor\n|\n|-damage|p1a: Alive (nightmare)|94\/100 tox|[from] psn\n|upkeep\n|\n|t:|1698523468\n|switch|p2a: Blissey|Blissey, F|100\/100\n|turn|16\n|\n|t:|1698523477\n|move|p2a: Blissey|Ice Beam|p1a: Alive (nightmare)\n|-resisted|p1a: Alive (nightmare)\n|-damage|p1a: Alive (nightmare)|88\/100 tox\n|move|p1a: Alive (nightmare)|Earth Power|p2a: Blissey\n|-damage|p2a: Blissey|72\/100\n|\n|-heal|p2a: Blissey|78\/100|[from] item: Leftovers\n|-heal|p1a: Alive (nightmare)|94\/100 tox|[from] item: Leftovers\n|-damage|p1a: Alive (nightmare)|82\/100 tox|[from] psn\n|upkeep\n|turn|17\n|\n|t:|1698523493\n|move|p2a: Blissey|Soft-Boiled|p2a: Blissey\n|-heal|p2a: Blissey|100\/100\n|move|p1a: Alive (nightmare)|Blood Moon|p2a: Blissey\n|-damage|p2a: Blissey|58\/100\n|\n|-heal|p2a: Blissey|64\/100|[from] item: Leftovers\n|-heal|p1a: Alive (nightmare)|88\/100 tox|[from] item: Leftovers\n|-damage|p1a: Alive (nightmare)|70\/100 tox|[from] psn\n|upkeep\n|turn|18\n|\n|t:|1698523504\n|move|p2a: Blissey|Heal Bell||[still]\n|-activate|p2a: Blissey|move: Heal Bell\n|-fail|p2a: Blissey\n|move|p1a: Alive (nightmare)|Calm Mind|p1a: Alive (nightmare)\n|-boost|p1a: Alive (nightmare)|spa|1\n|-boost|p1a: Alive (nightmare)|spd|1\n|\n|-heal|p2a: Blissey|70\/100|[from] item: Leftovers\n|-heal|p1a: Alive (nightmare)|76\/100 tox|[from] item: Leftovers\n|-damage|p1a: Alive (nightmare)|52\/100 tox|[from] psn\n|upkeep\n|turn|19\n|c|\u2606IcyTheScreamer|missclick\n|\n|t:|1698523522\n|move|p2a: Blissey|Soft-Boiled|p2a: Blissey\n|-heal|p2a: Blissey|100\/100\n|move|p1a: Alive (nightmare)|Moonlight|p1a: Alive (nightmare)\n|-heal|p1a: Alive (nightmare)|100\/100 tox\n|\n|-damage|p1a: Alive (nightmare)|70\/100 tox|[from] psn\n|upkeep\n|turn|20\n|\n|t:|1698523533\n|move|p2a: Blissey|Ice Beam|p1a: Alive (nightmare)\n|-resisted|p1a: Alive (nightmare)\n|-damage|p1a: Alive (nightmare)|66\/100 tox\n|move|p1a: Alive (nightmare)|Blood Moon|p2a: Blissey\n|-damage|p2a: Blissey|44\/100\n|\n|-heal|p2a: Blissey|50\/100|[from] item: Leftovers\n|-heal|p1a: Alive (nightmare)|72\/100 tox|[from] item: Leftovers\n|-damage|p1a: Alive (nightmare)|36\/100 tox|[from] psn\n|upkeep\n|turn|21\n|\n|t:|1698523552\n|move|p2a: Blissey|Soft-Boiled|p2a: Blissey\n|-heal|p2a: Blissey|99\/100\n|move|p1a: Alive (nightmare)|Earth Power|p2a: Blissey\n|-damage|p2a: Blissey|60\/100\n|\n|-heal|p2a: Blissey|66\/100|[from] item: Leftovers\n|-heal|p1a: Alive (nightmare)|42\/100 tox|[from] item: Leftovers\n|-damage|p1a: Alive (nightmare)|0 fnt|[from] psn\n|faint|p1a: Alive (nightmare)\n|upkeep\n|\n|t:|1698523576\n|switch|p1a: Headlights|Torkoal, F|60\/100\n|-damage|p1a: Headlights|35\/100|[from] Stealth Rock\n|-weather|SunnyDay|[from] ability: Drought|[of] p1a: Headlights\n|turn|22\n|\n|t:|1698523585\n|move|p2a: Blissey|Soft-Boiled|p2a: Blissey\n|-heal|p2a: Blissey|100\/100\n|move|p1a: Headlights|Rapid Spin|p2a: Blissey\n|-damage|p2a: Blissey|93\/100\n|-boost|p1a: Headlights|spe|1\n|-sideend|p1: CrackLordGBLN|Stealth Rock|[from] move: Rapid Spin|[of] p1a: Headlights\n|\n|-weather|SunnyDay|[upkeep]\n|-heal|p2a: Blissey|99\/100|[from] item: Leftovers\n|upkeep\n|turn|23\n|\n|t:|1698523595\n|move|p2a: Blissey|Stealth Rock|p1a: Headlights\n|-sidestart|p1: CrackLordGBLN|move: Stealth Rock\n|move|p1a: Headlights|Lava Plume|p2a: Blissey\n|-damage|p2a: Blissey|80\/100\n|-status|p2a: Blissey|brn\n|\n|-weather|SunnyDay|[upkeep]\n|-heal|p2a: Blissey|86\/100 brn|[from] item: Leftovers\n|-damage|p2a: Blissey|80\/100 brn|[from] brn\n|upkeep\n|turn|24\n|\n|t:|1698523605\n|-curestatus|p2a: Blissey|brn|[from] ability: Natural Cure\n|switch|p2a: Giratina|Giratina|77\/100\n|-ability|p2a: Giratina|Pressure\n|move|p1a: Headlights|Rapid Spin|p2a: Giratina\n|-immune|p2a: Giratina\n|\n|-weather|SunnyDay|[upkeep]\n|-heal|p2a: Giratina|83\/100|[from] item: Leftovers\n|upkeep\n|turn|25\n|\n|t:|1698523621\n|switch|p1a: King Kunta|Walking Wake|100\/100\n|-damage|p1a: King Kunta|88\/100|[from] Stealth Rock\n|-activate|p1a: King Kunta|ability: Protosynthesis\n|-start|p1a: King Kunta|protosynthesisspe\n|move|p2a: Giratina|Roar|p1a: King Kunta\n|-end|p1a: King Kunta|Protosynthesis|[silent]\n|drag|p1a: Headlights|Torkoal, F|35\/100\n|-damage|p1a: Headlights|11\/100|[from] Stealth Rock\n|\n|-weather|SunnyDay|[upkeep]\n|-heal|p2a: Giratina|89\/100|[from] item: Leftovers\n|upkeep\n|turn|26\n|\n|t:|1698523646\n|move|p1a: Headlights|Lava Plume|p2a: Giratina\n|-resisted|p2a: Giratina\n|-damage|p2a: Giratina|78\/100\n|-status|p2a: Giratina|brn\n|move|p2a: Giratina|Roar|p1a: Headlights\n|drag|p1a: knots|Pawmot, M|100\/100\n|-damage|p1a: knots|94\/100|[from] Stealth Rock\n|\n|-weather|SunnyDay|[upkeep]\n|-heal|p2a: Giratina|84\/100 brn|[from] item: Leftovers\n|-damage|p2a: Giratina|78\/100 brn|[from] brn\n|upkeep\n|turn|27\n|\n|t:|1698523669\n|move|p1a: knots|Revival Blessing|p1a: knots\n|-enditem|p1a: knots|Leppa Berry|[eat]\n|-activate|p1a: knots|item: Leppa Berry|Revival Blessing|[consumed]\n|\n|t:|1698523671\n|-heal|p1: Alive (nightmare)|50\/100|[from] move: Revival Blessing\n|move|p2a: Giratina|Will-O-Wisp|p1a: knots\n|-status|p1a: knots|brn\n|\n|-weather|SunnyDay|[upkeep]\n|-heal|p2a: Giratina|84\/100 brn|[from] item: Leftovers\n|-damage|p1a: knots|88\/100 brn|[from] brn\n|-damage|p2a: Giratina|78\/100 brn|[from] brn\n|upkeep\n|turn|28\n|\n|t:|1698523696\n|switch|p1a: Really Doe|Chandelure, F|100\/100\n|move|p2a: Giratina|Roar|p1a: Really Doe\n|drag|p1a: Buried Alive|Ninetales-Alola, M|100\/100\n|-damage|p1a: Buried Alive|76\/100|[from] Stealth Rock\n|-weather|Snow|[from] ability: Snow Warning|[of] p1a: Buried Alive\n|\n|-weather|Snow|[upkeep]\n|-heal|p2a: Giratina|84\/100 brn|[from] item: Leftovers\n|-damage|p2a: Giratina|78\/100 brn|[from] brn\n|upkeep\n|turn|29\n|c|\u2606CrackLordGBLN|Roar should not have 32 pp\n|\n|t:|1698523727\n|switch|p2a: Arceus|Arceus-Poison|67\/100\n|move|p1a: Buried Alive|Moonblast|p2a: Arceus\n|-resisted|p2a: Arceus\n|-damage|p2a: Arceus|58\/100\n|-unboost|p2a: Arceus|spa|1\n|\n|-weather|Snow|[upkeep]\n|upkeep\n|turn|30\n|\n|t:|1698523738\n|move|p1a: Buried Alive|Aurora Veil|p1a: Buried Alive\n|-sidestart|p1: CrackLordGBLN|move: Aurora Veil\n|move|p2a: Arceus|Recover|p2a: Arceus\n|-heal|p2a: Arceus|100\/100\n|\n|-weather|Snow|[upkeep]\n|upkeep\n|turn|31\n|\n|t:|1698523773\n|move|p1a: Buried Alive|Nasty Plot|p1a: Buried Alive\n|-boost|p1a: Buried Alive|spa|2\n|move|p2a: Arceus|Taunt|p1a: Buried Alive\n|-start|p1a: Buried Alive|move: Taunt\n|\n|-weather|Snow|[upkeep]\n|upkeep\n|turn|32\n|\n|t:|1698523813\n|move|p1a: Buried Alive|Freeze-Dry|p2a: Arceus\n|-damage|p2a: Arceus|72\/100\n|-status|p2a: Arceus|frz\n|-curestatus|p2a: Arceus|frz|[msg]\n|move|p2a: Arceus|Judgment|p1a: Buried Alive\n|-supereffective|p1a: Buried Alive\n|-damage|p1a: Buried Alive|37\/100\n|\n|-weather|none\n|upkeep\n|turn|33\n|\n|t:|1698523846\n|switch|p1a: Really Doe|Chandelure, F|100\/100\n|move|p2a: Arceus|Judgment|p1a: Really Doe\n|-resisted|p1a: Really Doe\n|-damage|p1a: Really Doe|88\/100\n|\n|upkeep\n|turn|34\n|\n|t:|1698523857\n|switch|p2a: Blissey|Blissey, F|80\/100\n|move|p1a: Really Doe|Overheat|p2a: Blissey\n|-damage|p2a: Blissey|53\/100\n|-unboost|p1a: Really Doe|spa|2\n|\n|-heal|p2a: Blissey|59\/100|[from] item: Leftovers\n|upkeep\n|turn|35\n|\n|t:|1698523880\n|move|p2a: Blissey|Soft-Boiled|p2a: Blissey\n|-heal|p2a: Blissey|100\/100\n|move|p1a: Really Doe|Trick Room|p1a: Really Doe\n|-fieldstart|move: Trick Room|[of] p1a: Really Doe\n|\n|upkeep\n|turn|36\n|\n|t:|1698523899\n|switch|p2a: Dondozo|Dondozo, F, tera:Steel|44\/100\n|switch|p1a: Alive (nightmare)|Ursaluna-Bloodmoon, M|50\/100\n|-damage|p1a: Alive (nightmare)|44\/100|[from] Stealth Rock\n|\n|-heal|p1a: Alive (nightmare)|50\/100|[from] item: Leftovers\n|upkeep\n|turn|37\n|\n|t:|1698523909\n|move|p2a: Dondozo|Waterfall|p1a: Alive (nightmare)\n|-supereffective|p1a: Alive (nightmare)\n|-damage|p1a: Alive (nightmare)|32\/100\n|move|p1a: Alive (nightmare)|Earth Power|p2a: Dondozo\n|-supereffective|p2a: Dondozo\n|-damage|p2a: Dondozo|0 fnt\n|faint|p2a: Dondozo\n|\n|-heal|p1a: Alive (nightmare)|38\/100|[from] item: Leftovers\n|-sideend|p1: CrackLordGBLN|move: Aurora Veil\n|upkeep\n|\n|t:|1698523938\n|switch|p2a: Giratina|Giratina|78\/100 brn\n|-ability|p2a: Giratina|Pressure\n|turn|38\n|\n|t:|1698523944\n|move|p1a: Alive (nightmare)|Moonlight|p1a: Alive (nightmare)\n|-heal|p1a: Alive (nightmare)|88\/100\n|move|p2a: Giratina|Roar|p1a: Alive (nightmare)\n|drag|p1a: knots|Pawmot, M|88\/100 brn\n|-damage|p1a: knots|82\/100 brn|[from] Stealth Rock\n|\n|-heal|p2a: Giratina|84\/100 brn|[from] item: Leftovers\n|-damage|p2a: Giratina|78\/100 brn|[from] brn\n|-damage|p1a: knots|76\/100 brn|[from] brn\n|upkeep\n|turn|39\n|\n|t:|1698523977\n|move|p2a: Giratina|Rest|p2a: Giratina\n|-status|p2a: Giratina|slp|[from] move: Rest\n|-heal|p2a: Giratina|100\/100 slp|[silent]\n|move|p1a: knots|Ice Punch|p2a: Giratina\n|-supereffective|p2a: Giratina\n|-damage|p2a: Giratina|83\/100 slp\n|\n|-heal|p2a: Giratina|90\/100 slp|[from] item: Leftovers\n|-damage|p1a: knots|70\/100 brn|[from] brn\n|-fieldend|move: Trick Room\n|upkeep\n|turn|40\n|\n|t:|1698523994\n|switch|p1a: Headlights|Torkoal, F|11\/100\n|-damage|p1a: Headlights|0 fnt|[from] Stealth Rock\n|faint|p1a: Headlights\n|cant|p2a: Giratina|slp\n|\n|-heal|p2a: Giratina|96\/100 slp|[from] item: Leftovers\n|upkeep\n|\n|t:|1698524003\n|switch|p1a: knots|Pawmot, M|70\/100 brn\n|-damage|p1a: knots|64\/100 brn|[from] Stealth Rock\n|turn|41\n|\n|t:|1698524035\n|move|p1a: knots|Revival Blessing|p1a: knots\n|\n|t:|1698524042\n|-heal|p1: Headlights|50\/100|[from] move: Revival Blessing\n|cant|p2a: Giratina|slp\n|\n|-heal|p2a: Giratina|100\/100 slp|[from] item: Leftovers\n|-damage|p1a: knots|58\/100 brn|[from] brn\n|upkeep\n|turn|42\n|\n|t:|1698524090\n|switch|p1a: Alive (nightmare)|Ursaluna-Bloodmoon, M|88\/100\n|-damage|p1a: Alive (nightmare)|82\/100|[from] Stealth Rock\n|-curestatus|p2a: Giratina|slp|[msg]\n|move|p2a: Giratina|Roar|p1a: Alive (nightmare)\n|drag|p1a: King Kunta|Walking Wake|88\/100\n|-damage|p1a: King Kunta|76\/100|[from] Stealth Rock\n|\n|upkeep\n|turn|43\n|\n|t:|1698524101\n|switch|p2a: Blissey|Blissey, F|100\/100\n|move|p1a: King Kunta|Draco Meteor|p2a: Blissey\n|-damage|p2a: Blissey|67\/100\n|-unboost|p1a: King Kunta|spa|2\n|\n|-heal|p2a: Blissey|73\/100|[from] item: Leftovers\n|upkeep\n|turn|44\n|\n|t:|1698524132\n|-end|p1a: King Kunta|Protosynthesis|[silent]\n|switch|p1a: Alive (nightmare)|Ursaluna-Bloodmoon, M|82\/100\n|-damage|p1a: Alive (nightmare)|76\/100|[from] Stealth Rock\n|move|p2a: Blissey|Ice Beam|p1a: Alive (nightmare)\n|-supereffective|p1a: Alive (nightmare)\n|-damage|p1a: Alive (nightmare)|38\/100\n|\n|-heal|p2a: Blissey|79\/100|[from] item: Leftovers\n|-heal|p1a: Alive (nightmare)|44\/100|[from] item: Leftovers\n|upkeep\n|turn|45\n|\n|t:|1698524144\n|move|p2a: Blissey|Ice Beam|p1a: Alive (nightmare)\n|-supereffective|p1a: Alive (nightmare)\n|-damage|p1a: Alive (nightmare)|4\/100\n|move|p1a: Alive (nightmare)|Moonlight|p1a: Alive (nightmare)\n|-heal|p1a: Alive (nightmare)|54\/100\n|\n|-heal|p2a: Blissey|85\/100|[from] item: Leftovers\n|-heal|p1a: Alive (nightmare)|60\/100|[from] item: Leftovers\n|upkeep\n|turn|46\n|\n|t:|1698524155\n|move|p2a: Blissey|Ice Beam|p1a: Alive (nightmare)\n|-supereffective|p1a: Alive (nightmare)\n|-damage|p1a: Alive (nightmare)|23\/100\n|move|p1a: Alive (nightmare)|Calm Mind|p1a: Alive (nightmare)\n|-boost|p1a: Alive (nightmare)|spa|1\n|-boost|p1a: Alive (nightmare)|spd|1\n|\n|-heal|p2a: Blissey|92\/100|[from] item: Leftovers\n|-heal|p1a: Alive (nightmare)|29\/100|[from] item: Leftovers\n|upkeep\n|turn|47\n|\n|t:|1698524165\n|move|p2a: Blissey|Ice Beam|p1a: Alive (nightmare)\n|-supereffective|p1a: Alive (nightmare)\n|-damage|p1a: Alive (nightmare)|4\/100\n|move|p1a: Alive (nightmare)|Moonlight|p1a: Alive (nightmare)\n|-heal|p1a: Alive (nightmare)|54\/100\n|\n|-heal|p2a: Blissey|98\/100|[from] item: Leftovers\n|-heal|p1a: Alive (nightmare)|60\/100|[from] item: Leftovers\n|upkeep\n|turn|48\n|\n|t:|1698524175\n|move|p2a: Blissey|Ice Beam|p1a: Alive (nightmare)\n|-supereffective|p1a: Alive (nightmare)\n|-damage|p1a: Alive (nightmare)|36\/100\n|move|p1a: Alive (nightmare)|Calm Mind|p1a: Alive (nightmare)\n|-boost|p1a: Alive (nightmare)|spa|1\n|-boost|p1a: Alive (nightmare)|spd|1\n|\n|-heal|p2a: Blissey|100\/100|[from] item: Leftovers\n|-heal|p1a: Alive (nightmare)|42\/100|[from] item: Leftovers\n|upkeep\n|turn|49\n|\n|t:|1698524191\n|move|p2a: Blissey|Ice Beam|p1a: Alive (nightmare)\n|-supereffective|p1a: Alive (nightmare)\n|-damage|p1a: Alive (nightmare)|23\/100\n|move|p1a: Alive (nightmare)|Moonlight|p1a: Alive (nightmare)\n|-heal|p1a: Alive (nightmare)|73\/100\n|\n|-heal|p1a: Alive (nightmare)|79\/100|[from] item: Leftovers\n|upkeep\n|turn|50\n|\n|t:|1698524216\n|move|p2a: Blissey|Ice Beam|p1a: Alive (nightmare)\n|-supereffective|p1a: Alive (nightmare)\n|-damage|p1a: Alive (nightmare)|62\/100\n|move|p1a: Alive (nightmare)|Blood Moon|p2a: Blissey\n|-damage|p2a: Blissey|43\/100\n|\n|-heal|p2a: Blissey|49\/100|[from] item: Leftovers\n|-heal|p1a: Alive (nightmare)|68\/100|[from] item: Leftovers\n|upkeep\n|turn|51\n|\n|t:|1698524238\n|move|p2a: Blissey|Heal Bell||[still]\n|-activate|p2a: Blissey|move: Heal Bell\n|-fail|p2a: Blissey\n|move|p1a: Alive (nightmare)|Calm Mind|p1a: Alive (nightmare)\n|-boost|p1a: Alive (nightmare)|spa|1\n|-boost|p1a: Alive (nightmare)|spd|1\n|\n|-heal|p2a: Blissey|55\/100|[from] item: Leftovers\n|-heal|p1a: Alive (nightmare)|74\/100|[from] item: Leftovers\n|upkeep\n|turn|52\n|\n|t:|1698524249\n|move|p2a: Blissey|Soft-Boiled|p2a: Blissey\n|-heal|p2a: Blissey|100\/100\n|move|p1a: Alive (nightmare)|Blood Moon|p2a: Blissey\n|-damage|p2a: Blissey|20\/100\n|\n|-heal|p2a: Blissey|26\/100|[from] item: Leftovers\n|-heal|p1a: Alive (nightmare)|80\/100|[from] item: Leftovers\n|upkeep\n|turn|53\n|\n|t:|1698524261\n|move|p2a: Blissey|Soft-Boiled|p2a: Blissey\n|-heal|p2a: Blissey|76\/100\n|move|p1a: Alive (nightmare)|Earth Power|p2a: Blissey\n|-damage|p2a: Blissey|28\/100\n|\n|-heal|p2a: Blissey|35\/100|[from] item: Leftovers\n|-heal|p1a: Alive (nightmare)|86\/100|[from] item: Leftovers\n|upkeep\n|turn|54\n|\n|t:|1698524274\n|move|p2a: Blissey|Soft-Boiled|p2a: Blissey\n|-heal|p2a: Blissey|85\/100\n|move|p1a: Alive (nightmare)|Calm Mind|p1a: Alive (nightmare)\n|-boost|p1a: Alive (nightmare)|spa|1\n|-boost|p1a: Alive (nightmare)|spd|1\n|\n|-heal|p2a: Blissey|91\/100|[from] item: Leftovers\n|-heal|p1a: Alive (nightmare)|92\/100|[from] item: Leftovers\n|upkeep\n|turn|55\n|-message|IcyTheScreamer forfeited.\n|\n|win|CrackLordGBLN\n|l|\u2606IcyTheScreamer\n|c|\u2606CrackLordGBLN|This is the longest showdown battle I\u2019ve ever been a part of\n|c|\u2606CrackLordGBLN|gg\n","uploadtime":1698524310,"views":18,"p1id":"cracklordgbln","p2id":"icythescreamer","formatid":"gen9ubers","rating":0,"private":0,"password":""}