{"id":"gen9ubers-1989483419","p1":"1P1o1s1h1e1","p2":"Nitro524","format":"[Gen 9] Ubers","log":"|j|\u26061P1o1s1h1e1\n|j|\u2606Nitro524\n|t:|1699858085\n|gametype|singles\n|player|p1|1P1o1s1h1e1|169|\n|player|p2|Nitro524|hilbert|\n|teamsize|p1|6\n|teamsize|p2|6\n|gen|9\n|tier|[Gen 9] Ubers\n|rule|Sleep Clause Mod: Limit one foe put to sleep\n|rule|Species Clause: Limit one of each Pok\u00e9mon\n|rule|OHKO Clause: OHKO moves are banned\n|rule|Evasion Items Clause: Evasion items are banned\n|rule|Evasion Moves Clause: Evasion moves are banned\n|rule|Endless Battle Clause: Forcing endless battles is banned\n|rule|HP Percentage Mod: HP is shown in percentages\n|clearpoke\n|poke|p1|Rillaboom, F|\n|poke|p1|Sneasler, M|\n|poke|p1|Cyclizar, M|\n|poke|p1|Arceus-Fire|\n|poke|p1|Dialga-Origin|\n|poke|p1|Zacian-*|\n|poke|p2|Torkoal, M|\n|poke|p2|Chi-Yu|\n|poke|p2|Lilligant-Hisui, F|\n|poke|p2|Arceus-Fire|\n|poke|p2|Roaring Moon|\n|poke|p2|Walking Wake|\n|teampreview\n|inactive|Battle timer is ON: inactive players will automatically lose when time's up. (requested by Nitro524)\n|c|\u2606Nitro524|ghlf\n|c|\u26061P1o1s1h1e1|u2\n|\n|t:|1699858106\n|start\n|switch|p1a: Dialga|Dialga-Origin|100\/100\n|switch|p2a: Bring The Sun|Torkoal, M|100\/100\n|-ability|p1a: Dialga|Pressure\n|-weather|SunnyDay|[from] ability: Drought|[of] p2a: Bring The Sun\n|turn|1\n|\n|t:|1699858125\n|move|p1a: Dialga|Draco Meteor|p2a: Bring The Sun\n|-damage|p2a: Bring The Sun|0 fnt\n|-unboost|p1a: Dialga|spa|2\n|faint|p2a: Bring The Sun\n|\n|-weather|SunnyDay|[upkeep]\n|upkeep\n|\n|t:|1699858129\n|switch|p2a: Lilligant|Lilligant-Hisui, F|100\/100\n|turn|2\n|\n|t:|1699858136\n|move|p2a: Lilligant|Close Combat|p1a: Dialga\n|-supereffective|p1a: Dialga\n|-damage|p1a: Dialga|15\/100\n|-unboost|p2a: Lilligant|def|1\n|-unboost|p2a: Lilligant|spd|1\n|move|p1a: Dialga|Dragon Tail|p2a: Lilligant\n|-damage|p2a: Lilligant|46\/100\n|drag|p2a: Did Not Smile Back|Chi-Yu|100\/100\n|-ability|p2a: Did Not Smile Back|Beads of Ruin\n|\n|-weather|SunnyDay|[upkeep]\n|upkeep\n|turn|3\n|\n|t:|1699858148\n|move|p2a: Did Not Smile Back|Flamethrower|p1a: Dialga\n|-damage|p1a: Dialga|0 fnt\n|faint|p1a: Dialga\n|\n|-weather|SunnyDay|[upkeep]\n|upkeep\n|\n|t:|1699858152\n|switch|p1a: Arceus|Arceus-Fire|100\/100\n|turn|4\n|\n|t:|1699858169\n|switch|p2a: Lilligant|Lilligant-Hisui, F|46\/100\n|switch|p1a: Rillaboom|Rillaboom, F|100\/100\n|-fieldstart|move: Grassy Terrain|[from] ability: Grassy Surge|[of] p1a: Rillaboom\n|\n|-weather|SunnyDay|[upkeep]\n|-heal|p2a: Lilligant|52\/100|[from] Grassy Terrain\n|-heal|p2a: Lilligant|58\/100|[from] item: Leftovers\n|upkeep\n|turn|5\n|\n|t:|1699858180\n|-terastallize|p1a: Rillaboom|Grass\n|move|p1a: Rillaboom|Grassy Glide|p2a: Lilligant\n|-resisted|p2a: Lilligant\n|-damage|p2a: Lilligant|5\/100\n|move|p2a: Lilligant|Victory Dance|p2a: Lilligant\n|-boost|p2a: Lilligant|atk|1\n|-boost|p2a: Lilligant|def|1\n|-boost|p2a: Lilligant|spe|1\n|\n|-weather|SunnyDay|[upkeep]\n|-heal|p2a: Lilligant|11\/100|[from] Grassy Terrain\n|-heal|p2a: Lilligant|17\/100|[from] item: Leftovers\n|upkeep\n|turn|6\n|\n|t:|1699858195\n|move|p1a: Rillaboom|Grassy Glide|p2a: Lilligant\n|-resisted|p2a: Lilligant\n|-damage|p2a: Lilligant|0 fnt\n|faint|p2a: Lilligant\n|\n|-weather|SunnyDay|[upkeep]\n|upkeep\n|\n|t:|1699858203\n|switch|p2a: Sitting Sleep|Walking Wake|100\/100\n|-activate|p2a: Sitting Sleep|ability: Protosynthesis\n|-start|p2a: Sitting Sleep|protosynthesisspe\n|turn|7\n|\n|t:|1699858243\n|switch|p1a: Zacian|Zacian|100\/100\n|-ability|p1a: Zacian|Intrepid Sword|boost\n|-boost|p1a: Zacian|atk|1\n|move|p2a: Sitting Sleep|Flamethrower|p1a: Zacian\n|-damage|p1a: Zacian|40\/100\n|-status|p1a: Zacian|brn\n|\n|-weather|SunnyDay|[upkeep]\n|-heal|p1a: Zacian|46\/100 brn|[from] Grassy Terrain\n|-damage|p1a: Zacian|40\/100 brn|[from] brn\n|upkeep\n|turn|8\n|\n|t:|1699858254\n|move|p2a: Sitting Sleep|Flamethrower|p1a: Zacian\n|-damage|p1a: Zacian|0 fnt\n|faint|p1a: Zacian\n|\n|-weather|none\n|-end|p2a: Sitting Sleep|Protosynthesis\n|-fieldend|move: Grassy Terrain\n|upkeep\n|\n|t:|1699858261\n|switch|p1a: Rillaboom|Rillaboom, F, tera:Grass|100\/100\n|-fieldstart|move: Grassy Terrain|[from] ability: Grassy Surge|[of] p1a: Rillaboom\n|turn|9\n|\n|t:|1699858269\n|switch|p1a: Arceus|Arceus-Fire|100\/100\n|move|p2a: Sitting Sleep|Flamethrower|p1a: Arceus\n|-resisted|p1a: Arceus\n|-damage|p1a: Arceus|87\/100\n|\n|-heal|p1a: Arceus|93\/100|[from] Grassy Terrain\n|upkeep\n|turn|10\n|\n|t:|1699858288\n|-end|p2a: Sitting Sleep|Protosynthesis|[silent]\n|switch|p2a: Arceus|Arceus-Fire|100\/100\n|move|p1a: Arceus|Calm Mind|p1a: Arceus\n|-boost|p1a: Arceus|spa|1\n|-boost|p1a: Arceus|spd|1\n|\n|-heal|p1a: Arceus|99\/100|[from] Grassy Terrain\n|upkeep\n|turn|11\n|\n|t:|1699858293\n|move|p1a: Arceus|Earth Power|p2a: Arceus\n|-supereffective|p2a: Arceus\n|-damage|p2a: Arceus|52\/100\n|move|p2a: Arceus|Dragon Dance|p2a: Arceus\n|-boost|p2a: Arceus|atk|1\n|-boost|p2a: Arceus|spe|1\n|\n|-heal|p2a: Arceus|58\/100|[from] Grassy Terrain\n|-heal|p1a: Arceus|100\/100|[from] Grassy Terrain\n|upkeep\n|turn|12\n|\n|t:|1699858299\n|move|p2a: Arceus|Earthquake|p1a: Arceus\n|-supereffective|p1a: Arceus\n|-damage|p1a: Arceus|67\/100\n|move|p1a: Arceus|Earth Power|p2a: Arceus\n|-supereffective|p2a: Arceus\n|-damage|p2a: Arceus|1\/100\n|\n|-heal|p2a: Arceus|8\/100|[from] Grassy Terrain\n|-heal|p1a: Arceus|73\/100|[from] Grassy Terrain\n|upkeep\n|turn|13\n|\n|t:|1699858309\n|move|p2a: Arceus|Earthquake|p1a: Arceus\n|-supereffective|p1a: Arceus\n|-damage|p1a: Arceus|42\/100\n|move|p1a: Arceus|Earth Power|p2a: Arceus\n|-supereffective|p2a: Arceus\n|-damage|p2a: Arceus|0 fnt\n|faint|p2a: Arceus\n|\n|-heal|p1a: Arceus|49\/100|[from] Grassy Terrain\n|-fieldend|move: Grassy Terrain\n|upkeep\n|\n|t:|1699858334\n|switch|p2a: Hector Salamanca|Roaring Moon|100\/100\n|-enditem|p2a: Hector Salamanca|Booster Energy\n|-activate|p2a: Hector Salamanca|ability: Protosynthesis|[fromitem]\n|-start|p2a: Hector Salamanca|protosynthesisspe\n|turn|14\n|\n|t:|1699858343\n|switch|p1a: Rillaboom|Rillaboom, F, tera:Grass|100\/100\n|-fieldstart|move: Grassy Terrain|[from] ability: Grassy Surge|[of] p1a: Rillaboom\n|move|p2a: Hector Salamanca|Dragon Dance|p2a: Hector Salamanca\n|-boost|p2a: Hector Salamanca|atk|1\n|-boost|p2a: Hector Salamanca|spe|1\n|\n|upkeep\n|turn|15\n|\n|t:|1699858354\n|move|p2a: Hector Salamanca|Knock Off|p1a: Rillaboom\n|-damage|p1a: Rillaboom|10\/100\n|-enditem|p1a: Rillaboom|Choice Band|[from] move: Knock Off|[of] p2a: Hector Salamanca\n|move|p1a: Rillaboom|Wood Hammer|p2a: Hector Salamanca\n|-resisted|p2a: Hector Salamanca\n|-damage|p2a: Hector Salamanca|31\/100\n|-damage|p1a: Rillaboom|0 fnt|[from] Recoil\n|faint|p1a: Rillaboom\n|\n|-heal|p2a: Hector Salamanca|37\/100|[from] Grassy Terrain\n|upkeep\n|\n|t:|1699858365\n|switch|p1a: Sneasler|Sneasler, M, shiny|100\/100\n|-enditem|p1a: Sneasler|Grassy Seed\n|-boost|p1a: Sneasler|def|1|[from] item: Grassy Seed\n|turn|16\n|\n|t:|1699858382\n|move|p2a: Hector Salamanca|Knock Off|p1a: Sneasler\n|-resisted|p1a: Sneasler\n|-damage|p1a: Sneasler|71\/100\n|move|p1a: Sneasler|Dire Claw|p2a: Hector Salamanca\n|-damage|p2a: Hector Salamanca|0 fnt\n|faint|p2a: Hector Salamanca\n|-end|p2a: Hector Salamanca|Protosynthesis|[silent]\n|\n|-heal|p1a: Sneasler|77\/100|[from] Grassy Terrain\n|upkeep\n|\n|t:|1699858388\n|switch|p2a: Did Not Smile Back|Chi-Yu|100\/100\n|-ability|p2a: Did Not Smile Back|Beads of Ruin\n|turn|17\n|inactive|Nitro524 has 270 seconds left.\n|\n|t:|1699858419\n|move|p1a: Sneasler|Dire Claw|p2a: Did Not Smile Back\n|-damage|p2a: Did Not Smile Back|26\/100\n|move|p2a: Did Not Smile Back|Flamethrower|p1a: Sneasler\n|-damage|p1a: Sneasler|0 fnt\n|faint|p1a: Sneasler\n|\n|-heal|p2a: Did Not Smile Back|32\/100|[from] Grassy Terrain\n|upkeep\n|\n|t:|1699858427\n|switch|p1a: Cyclizar|Cyclizar, M|100\/100\n|turn|18\n|\n|t:|1699858436\n|move|p2a: Did Not Smile Back|Flamethrower|p1a: Cyclizar\n|-resisted|p1a: Cyclizar\n|-damage|p1a: Cyclizar|47\/100\n|move|p1a: Cyclizar|Shed Tail|p1a: Cyclizar\n|-fail|p1a: Cyclizar|move: Shed Tail|[weak]\n|\n|-heal|p2a: Did Not Smile Back|38\/100|[from] Grassy Terrain\n|-heal|p1a: Cyclizar|53\/100|[from] Grassy Terrain\n|-fieldend|move: Grassy Terrain\n|upkeep\n|turn|19\n|inactive|Nitro524 has 270 seconds left.\n|\n|t:|1699858452\n|switch|p1a: Arceus|Arceus-Fire|49\/100\n|move|p2a: Did Not Smile Back|Flamethrower|p1a: Arceus\n|-resisted|p1a: Arceus\n|-crit|p1a: Arceus\n|-damage|p1a: Arceus|16\/100\n|\n|upkeep\n|turn|20\n|c|\u2606Nitro524|gg\n|\n|t:|1699858457\n|move|p2a: Did Not Smile Back|Flamethrower|p1a: Arceus\n|-resisted|p1a: Arceus\n|-damage|p1a: Arceus|0 fnt\n|faint|p1a: Arceus\n|\n|upkeep\n|-message|1P1o1s1h1e1 forfeited.\n|\n|win|Nitro524\n|l|\u26061P1o1s1h1e1\n","uploadtime":1699858465,"views":7,"p1id":"1p1o1s1h1e1","p2id":"nitro524","formatid":"gen9ubers","rating":0,"private":0,"password":""}