{"id":"gen9ubers-1980381674","p1":"mann_treads","p2":"lolgz","format":"[Gen 9] Ubers","log":"|j|\u2606mann_treads\n|j|\u2606lolgz\n|t:|1698780024\n|gametype|singles\n|player|p1|mann_treads|ariana|\n|player|p2|lolgz|265|\n|teamsize|p1|6\n|teamsize|p2|6\n|gen|9\n|tier|[Gen 9] Ubers\n|rule|Sleep Clause Mod: Limit one foe put to sleep\n|rule|Species Clause: Limit one of each Pok\u00e9mon\n|rule|OHKO Clause: OHKO moves are banned\n|rule|Evasion Items Clause: Evasion items are banned\n|rule|Evasion Moves Clause: Evasion moves are banned\n|rule|Endless Battle Clause: Forcing endless battles is banned\n|rule|HP Percentage Mod: HP is shown in percentages\n|clearpoke\n|poke|p1|Pelipper, M|\n|poke|p1|Basculegion-F, F|\n|poke|p1|Walking Wake|\n|poke|p1|Zapdos|\n|poke|p1|Arceus-Grass|\n|poke|p1|Zacian-*|\n|poke|p2|Magearna|\n|poke|p2|Zacian-*|\n|poke|p2|Cyclizar, F|\n|poke|p2|Palkia-Origin|\n|poke|p2|Arceus-Fire|\n|poke|p2|Garchomp, F|\n|teampreview\n|inactive|Battle timer is ON: inactive players will automatically lose when time's up. (requested by lolgz)\n|\n|t:|1698780034\n|start\n|switch|p1a: Pelipper|Pelipper, M|100\/100\n|switch|p2a: Cyclizar|Cyclizar, F|100\/100\n|-weather|RainDance|[from] ability: Drizzle|[of] p1a: Pelipper\n|turn|1\n|\n|t:|1698780042\n|move|p2a: Cyclizar|Shed Tail|p2a: Cyclizar\n|-start|p2a: Cyclizar|Substitute|[from] move: Shed Tail\n|-damage|p2a: Cyclizar|50\/100\n|\n|t:|1698780052\n|switch|p2a: Magearna|Magearna|100\/100|[from] Shed Tail\n|move|p1a: Pelipper|U-turn|p2a: Magearna\n|-resisted|p2a: Magearna\n|-activate|p2a: Magearna|move: Substitute|[damage]\n|\n|t:|1698780071\n|switch|p1a: Walking Wake|Walking Wake|100\/100|[from] U-turn\n|-enditem|p1a: Walking Wake|Booster Energy\n|-activate|p1a: Walking Wake|ability: Protosynthesis|[fromitem]\n|-start|p1a: Walking Wake|protosynthesisspe\n|\n|-weather|RainDance|[upkeep]\n|upkeep\n|turn|2\n|\n|t:|1698780083\n|move|p2a: Magearna|Calm Mind|p2a: Magearna\n|-boost|p2a: Magearna|spa|1\n|-boost|p2a: Magearna|spd|1\n|move|p1a: Walking Wake|Roar|p2a: Magearna\n|drag|p2a: Garchomp|Garchomp, F|100\/100\n|\n|-weather|RainDance|[upkeep]\n|upkeep\n|turn|3\n|\n|t:|1698780091\n|-terastallize|p2a: Garchomp|Steel\n|move|p1a: Walking Wake|Hydro Steam|p2a: Garchomp\n|-damage|p2a: Garchomp|29\/100\n|move|p2a: Garchomp|Scale Shot|p1a: Walking Wake\n|-supereffective|p1a: Walking Wake\n|-crit|p1a: Walking Wake\n|-damage|p1a: Walking Wake|60\/100\n|-supereffective|p1a: Walking Wake\n|-damage|p1a: Walking Wake|31\/100\n|-supereffective|p1a: Walking Wake\n|-damage|p1a: Walking Wake|5\/100\n|-supereffective|p1a: Walking Wake\n|-damage|p1a: Walking Wake|0 fnt\n|faint|p1a: Walking Wake\n|-end|p1a: Walking Wake|Protosynthesis|[silent]\n|-hitcount|p1: Walking Wake|4\n|-unboost|p2a: Garchomp|def|1\n|-boost|p2a: Garchomp|spe|1\n|\n|-weather|RainDance|[upkeep]\n|upkeep\n|\n|t:|1698780106\n|switch|p1a: Arceus|Arceus-Grass|100\/100\n|turn|4\n|\n|t:|1698780123\n|move|p2a: Garchomp|Scale Shot|p1a: Arceus\n|-damage|p1a: Arceus|91\/100\n|-damage|p1a: Arceus|83\/100\n|-damage|p1a: Arceus|73\/100\n|-damage|p1a: Arceus|65\/100\n|-damage|p1a: Arceus|56\/100\n|-hitcount|p1a: Arceus|5\n|-unboost|p2a: Garchomp|def|1\n|-boost|p2a: Garchomp|spe|1\n|move|p1a: Arceus|Earth Power|p2a: Garchomp\n|-supereffective|p2a: Garchomp\n|-damage|p2a: Garchomp|0 fnt\n|faint|p2a: Garchomp\n|\n|-weather|RainDance|[upkeep]\n|upkeep\n|\n|t:|1698780135\n|switch|p2a: Magearna|Magearna|100\/100\n|turn|5\n|\n|t:|1698780143\n|move|p1a: Arceus|Calm Mind|p1a: Arceus\n|-boost|p1a: Arceus|spa|1\n|-boost|p1a: Arceus|spd|1\n|move|p2a: Magearna|Calm Mind|p2a: Magearna\n|-boost|p2a: Magearna|spa|1\n|-boost|p2a: Magearna|spd|1\n|\n|-weather|RainDance|[upkeep]\n|upkeep\n|turn|6\n|\n|t:|1698780161\n|move|p1a: Arceus|Earth Power|p2a: Magearna\n|-supereffective|p2a: Magearna\n|-damage|p2a: Magearna|61\/100\n|move|p2a: Magearna|Calm Mind|p2a: Magearna\n|-boost|p2a: Magearna|spa|1\n|-boost|p2a: Magearna|spd|1\n|\n|-weather|RainDance|[upkeep]\n|-heal|p2a: Magearna|67\/100|[from] item: Leftovers\n|upkeep\n|turn|7\n|\n|t:|1698780169\n|move|p1a: Arceus|Earth Power|p2a: Magearna\n|-supereffective|p2a: Magearna\n|-damage|p2a: Magearna|35\/100\n|move|p2a: Magearna|Draining Kiss|p1a: Arceus\n|-damage|p1a: Arceus|36\/100\n|-heal|p2a: Magearna|54\/100|[from] drain|[of] p1a: Arceus\n|\n|-weather|RainDance|[upkeep]\n|-heal|p2a: Magearna|60\/100|[from] item: Leftovers\n|upkeep\n|turn|8\n|\n|t:|1698780184\n|move|p1a: Arceus|Recover|p1a: Arceus\n|-heal|p1a: Arceus|86\/100\n|move|p2a: Magearna|Draining Kiss|p1a: Arceus\n|-damage|p1a: Arceus|66\/100\n|-heal|p2a: Magearna|78\/100|[from] drain|[of] p1a: Arceus\n|\n|-weather|none\n|-heal|p2a: Magearna|84\/100|[from] item: Leftovers\n|upkeep\n|turn|9\n|\n|t:|1698780192\n|move|p1a: Arceus|Earth Power|p2a: Magearna\n|-supereffective|p2a: Magearna\n|-damage|p2a: Magearna|54\/100\n|move|p2a: Magearna|Shift Gear|p2a: Magearna\n|-boost|p2a: Magearna|spe|2\n|-boost|p2a: Magearna|atk|1\n|\n|-heal|p2a: Magearna|60\/100|[from] item: Leftovers\n|upkeep\n|turn|10\n|\n|t:|1698780204\n|move|p1a: Arceus|Earth Power|p2a: Magearna\n|-supereffective|p2a: Magearna\n|-damage|p2a: Magearna|31\/100\n|move|p2a: Magearna|Draining Kiss|p1a: Arceus\n|-damage|p1a: Arceus|46\/100\n|-heal|p2a: Magearna|49\/100|[from] drain|[of] p1a: Arceus\n|\n|-heal|p2a: Magearna|55\/100|[from] item: Leftovers\n|upkeep\n|turn|11\n|\n|t:|1698780212\n|move|p1a: Arceus|Earth Power|p2a: Magearna\n|-supereffective|p2a: Magearna\n|-damage|p2a: Magearna|27\/100\n|move|p2a: Magearna|Draining Kiss|p1a: Arceus\n|-damage|p1a: Arceus|27\/100\n|-heal|p2a: Magearna|45\/100|[from] drain|[of] p1a: Arceus\n|\n|-heal|p2a: Magearna|51\/100|[from] item: Leftovers\n|upkeep\n|turn|12\n|\n|t:|1698780227\n|move|p1a: Arceus|Recover|p1a: Arceus\n|-heal|p1a: Arceus|77\/100\n|move|p2a: Magearna|Draining Kiss|p1a: Arceus\n|-damage|p1a: Arceus|56\/100\n|-heal|p2a: Magearna|70\/100|[from] drain|[of] p1a: Arceus\n|\n|-heal|p2a: Magearna|76\/100|[from] item: Leftovers\n|upkeep\n|turn|13\n|c|\u2606mann_treads|man\n|\n|t:|1698780235\n|move|p1a: Arceus|Recover|p1a: Arceus\n|-heal|p1a: Arceus|100\/100\n|move|p2a: Magearna|Shift Gear|p2a: Magearna\n|-boost|p2a: Magearna|spe|2\n|-boost|p2a: Magearna|atk|1\n|\n|-heal|p2a: Magearna|82\/100|[from] item: Leftovers\n|upkeep\n|turn|14\n|c|\u2606mann_treads|what if\n|c|\u2606mann_treads|hear me out\n|c|\u2606mann_treads|you stopped\n|\n|t:|1698780244\n|move|p2a: Magearna|Calm Mind|p2a: Magearna\n|-boost|p2a: Magearna|spa|1\n|-boost|p2a: Magearna|spd|1\n|move|p1a: Arceus|Calm Mind|p1a: Arceus\n|-boost|p1a: Arceus|spa|1\n|-boost|p1a: Arceus|spd|1\n|\n|-heal|p2a: Magearna|88\/100|[from] item: Leftovers\n|upkeep\n|turn|15\n|\n|t:|1698780261\n|move|p2a: Magearna|Stored Power|p1a: Arceus\n|-damage|p1a: Arceus|36\/100\n|move|p1a: Arceus|Calm Mind|p1a: Arceus\n|-boost|p1a: Arceus|spa|1\n|-boost|p1a: Arceus|spd|1\n|\n|-heal|p2a: Magearna|94\/100|[from] item: Leftovers\n|upkeep\n|turn|16\n|\n|t:|1698780268\n|move|p2a: Magearna|Stored Power|p1a: Arceus\n|-damage|p1a: Arceus|0 fnt\n|faint|p1a: Arceus\n|-ability|p2a: Magearna|Soul-Heart|boost\n|-boost|p2a: Magearna|spa|1\n|\n|-heal|p2a: Magearna|100\/100|[from] item: Leftovers\n|upkeep\n|\n|t:|1698780275\n|switch|p1a: Zacian|Zacian|100\/100\n|-ability|p1a: Zacian|Intrepid Sword|boost\n|-boost|p1a: Zacian|atk|1\n|turn|17\n|\n|t:|1698780287\n|move|p2a: Magearna|Stored Power|p1a: Zacian\n|-damage|p1a: Zacian|0 fnt\n|faint|p1a: Zacian\n|-ability|p2a: Magearna|Soul-Heart|boost\n|-boost|p2a: Magearna|spa|1\n|\n|upkeep\n|-message|mann_treads forfeited.\n|\n|win|lolgz\n|l|\u2606mann_treads\n","uploadtime":1698780334,"views":11,"p1id":"manntreads","p2id":"lolgz","formatid":"gen9ubers","rating":0,"private":0,"password":""}