{"id":"gen9ubers-1977870456","p1":"sub to chompy","p2":"slainey","format":"[Gen 9] Ubers","log":"|j|\u2606sub to chompy\n|j|\u2606slainey\n|t:|1698459820\n|gametype|singles\n|player|p1|sub to chompy|266|\n|player|p2|slainey|emma|\n|teamsize|p1|3\n|teamsize|p2|1\n|gen|9\n|tier|[Gen 9] Ubers\n|rule|Sleep Clause Mod: Limit one foe put to sleep\n|rule|Species Clause: Limit one of each Pok\u00e9mon\n|rule|OHKO Clause: OHKO moves are banned\n|rule|Evasion Items Clause: Evasion items are banned\n|rule|Evasion Moves Clause: Evasion moves are banned\n|rule|Endless Battle Clause: Forcing endless battles is banned\n|rule|HP Percentage Mod: HP is shown in percentages\n|clearpoke\n|poke|p1|Chi-Yu|\n|poke|p1|Arceus|\n|poke|p1|Palafin, M|\n|poke|p2|Palkia-Origin|\n|teampreview\n|\n|t:|1698459826\n|start\n|switch|p1a: Palafin|Palafin, M|100\/100\n|switch|p2a: Palkia|Palkia-Origin|100\/100\n|-ability|p2a: Palkia|Pressure\n|turn|1\n|\n|t:|1698459831\n|detailschange|p1a: Palafin|Palafin-Hero, M\n|switch|p1a: Chi-Yu|Chi-Yu|100\/100\n|-ability|p1a: Chi-Yu|Beads of Ruin\n|move|p2a: Palkia|Protect||[still]\n|-fail|p2a: Palkia\n|\n|upkeep\n|turn|2\n|\n|t:|1698459835\n|move|p2a: Palkia|Surf|p1a: Chi-Yu\n|-supereffective|p1a: Chi-Yu\n|-damage|p1a: Chi-Yu|0 fnt\n|faint|p1a: Chi-Yu\n|\n|upkeep\n|\n|t:|1698459836\n|switch|p1a: Palafin|Palafin-Hero, M|100\/100\n|-activate|p1a: Palafin|ability: Zero to Hero\n|turn|3\n|\n|t:|1698459846\n|move|p2a: Palkia|Spacial Rend|p1a: Palafin\n|-damage|p1a: Palafin|26\/100\n|move|p1a: Palafin|Wave Crash|p2a: Palkia\n|-resisted|p2a: Palkia\n|-damage|p2a: Palkia|68\/100\n|-damage|p1a: Palafin|16\/100|[from] Recoil\n|\n|upkeep\n|turn|4\n|\n|t:|1698459853\n|move|p2a: Palkia|Spacial Rend|p1a: Palafin\n|-crit|p1a: Palafin\n|-damage|p1a: Palafin|0 fnt\n|faint|p1a: Palafin\n|\n|upkeep\n|\n|t:|1698459858\n|switch|p1a: Arceus|Arceus|100\/100\n|turn|5\n|\n|t:|1698459865\n|move|p2a: Palkia|Spacial Rend|p1a: Arceus\n|-damage|p1a: Arceus|53\/100\n|move|p1a: Arceus|Shadow Claw|p2a: Palkia\n|-crit|p2a: Palkia\n|-damage|p2a: Palkia|26\/100\n|\n|upkeep\n|turn|6\n|\n|t:|1698459871\n|move|p2a: Palkia|Draco Meteor|p1a: Arceus\n|-damage|p1a: Arceus|0 fnt\n|-unboost|p2a: Palkia|spa|2\n|faint|p1a: Arceus\n|\n|win|slainey\n","uploadtime":1698459876,"views":9,"p1id":"subtochompy","p2id":"slainey","formatid":"gen9ubers","rating":0,"private":0,"password":""}