{"id":"gen9ubers-1979252289","p1":"fwuffypetsowo","p2":"ateup","format":"[Gen 9] Ubers","log":"|j|\u2606fwuffypetsowo\n|j|\u2606ateup\n|t:|1698661131\n|gametype|singles\n|player|p1|fwuffypetsowo|zinnia|\n|player|p2|ateup|pokemaniac|\n|teamsize|p1|6\n|teamsize|p2|6\n|gen|9\n|tier|[Gen 9] Ubers\n|rule|Sleep Clause Mod: Limit one foe put to sleep\n|rule|Species Clause: Limit one of each Pok\u00e9mon\n|rule|OHKO Clause: OHKO moves are banned\n|rule|Evasion Items Clause: Evasion items are banned\n|rule|Evasion Moves Clause: Evasion moves are banned\n|rule|Endless Battle Clause: Forcing endless battles is banned\n|rule|HP Percentage Mod: HP is shown in percentages\n|clearpoke\n|poke|p1|Torkoal, M|\n|poke|p1|Walking Wake|\n|poke|p1|Chi-Yu|\n|poke|p1|Arceus-Grass|\n|poke|p1|Zacian-*|\n|poke|p1|Magearna-Original|\n|poke|p2|Arceus-Poison|\n|poke|p2|Pelipper, M|\n|poke|p2|Shaymin-Sky|\n|poke|p2|Palkia-Origin|\n|poke|p2|Basculegion-F, F|\n|poke|p2|Ogerpon-Wellspring, F|\n|teampreview\n|inactive|Battle timer is ON: inactive players will automatically lose when time's up. (requested by ateup)\n|j| Vario 64\u2606\u5f61\n|c|\u2606ateup|sun team?\n|c|\u2606fwuffypetsowo|yep\n|\n|t:|1698661164\n|start\n|switch|p1a: Torkoal|Torkoal, M|100\/100\n|switch|p2a: Palkia|Palkia-Origin|100\/100\n|-ability|p2a: Palkia|Pressure\n|-weather|SunnyDay|[from] ability: Drought|[of] p1a: Torkoal\n|turn|1\n|c| Vario 64\u2606\u5f61|This will be interesting.\n|\n|t:|1698661172\n|switch|p1a: Magearna|Magearna-Original|100\/100\n|move|p2a: Palkia|Hydro Pump|p1a: Magearna|[miss]\n|-miss|p2a: Palkia|p1a: Magearna\n|\n|-weather|SunnyDay|[upkeep]\n|upkeep\n|turn|2\n|\n|t:|1698661181\n|switch|p1a: Walking Wake|Walking Wake|100\/100\n|-activate|p1a: Walking Wake|ability: Protosynthesis\n|-start|p1a: Walking Wake|protosynthesisspe\n|move|p2a: Palkia|Flamethrower|p1a: Walking Wake\n|-resisted|p1a: Walking Wake\n|-damage|p1a: Walking Wake|86\/100\n|\n|-weather|SunnyDay|[upkeep]\n|upkeep\n|turn|3\n|\n|t:|1698661191\n|move|p1a: Walking Wake|Dragon Pulse|p2a: Palkia\n|-supereffective|p2a: Palkia\n|-damage|p2a: Palkia|0 fnt\n|faint|p2a: Palkia\n|\n|-weather|SunnyDay|[upkeep]\n|upkeep\n|\n|t:|1698661205\n|switch|p2a: Arceus|Arceus-Poison|100\/100\n|turn|4\n|\n|t:|1698661213\n|-end|p1a: Walking Wake|Protosynthesis|[silent]\n|switch|p1a: Magearna|Magearna-Original|100\/100\n|move|p2a: Arceus|Judgment|p1a: Magearna\n|-immune|p1a: Magearna\n|\n|-weather|SunnyDay|[upkeep]\n|upkeep\n|turn|5\n|\n|t:|1698661218\n|move|p2a: Arceus|Taunt|p1a: Magearna\n|-start|p1a: Magearna|move: Taunt\n|cant|p1a: Magearna|move: Taunt|Thunder Wave\n|\n|-weather|SunnyDay|[upkeep]\n|upkeep\n|turn|6\n|\n|t:|1698661221\n|move|p2a: Arceus|Will-O-Wisp|p1a: Magearna\n|-status|p1a: Magearna|brn\n|move|p1a: Magearna|Volt Switch|p2a: Arceus\n|-damage|p2a: Arceus|87\/100\n|\n|t:|1698661226\n|switch|p1a: Walking Wake|Walking Wake|86\/100|[from] Volt Switch\n|-activate|p1a: Walking Wake|ability: Protosynthesis\n|-start|p1a: Walking Wake|protosynthesisspe\n|\n|-weather|SunnyDay|[upkeep]\n|upkeep\n|turn|7\n|\n|t:|1698661233\n|move|p1a: Walking Wake|Flamethrower|p2a: Arceus\n|-damage|p2a: Arceus|39\/100\n|move|p2a: Arceus|Judgment|p1a: Walking Wake\n|-damage|p1a: Walking Wake|26\/100\n|\n|-weather|SunnyDay|[upkeep]\n|upkeep\n|turn|8\n|\n|t:|1698661248\n|switch|p2a: Pelipper|Pelipper, M|100\/100\n|-weather|RainDance|[from] ability: Drizzle|[of] p2a: Pelipper\n|-end|p1a: Walking Wake|Protosynthesis\n|move|p1a: Walking Wake|Flamethrower|p2a: Pelipper\n|-resisted|p2a: Pelipper\n|-damage|p2a: Pelipper|84\/100\n|\n|-weather|RainDance|[upkeep]\n|upkeep\n|turn|9\n|\n|t:|1698661256\n|-end|p1a: Walking Wake|Protosynthesis|[silent]\n|switch|p1a: Magearna|Magearna-Original|100\/100 brn\n|move|p2a: Pelipper|U-turn|p1a: Magearna\n|-resisted|p1a: Magearna\n|-damage|p1a: Magearna|99\/100 brn\n|\n|t:|1698661262\n|switch|p2a: Ogerpon|Ogerpon-Wellspring, F|100\/100|[from] U-turn\n|\n|-weather|RainDance|[upkeep]\n|-heal|p1a: Magearna|100\/100 brn|[from] item: Leftovers\n|-damage|p1a: Magearna|94\/100 brn|[from] brn\n|upkeep\n|turn|10\n|\n|t:|1698661270\n|move|p2a: Ogerpon|Swords Dance|p2a: Ogerpon\n|-boost|p2a: Ogerpon|atk|2\n|move|p1a: Magearna|Thunder Wave|p2a: Ogerpon\n|-status|p2a: Ogerpon|par\n|\n|-weather|RainDance|[upkeep]\n|-heal|p1a: Magearna|100\/100 brn|[from] item: Leftovers\n|-damage|p1a: Magearna|94\/100 brn|[from] brn\n|upkeep\n|turn|11\n|\n|t:|1698661276\n|switch|p1a: Torkoal|Torkoal, M|100\/100\n|-weather|SunnyDay|[from] ability: Drought|[of] p1a: Torkoal\n|-terastallize|p2a: Ogerpon|Water\n|detailschange|p2a: Ogerpon|Ogerpon-Wellspring-Tera, F, tera:Water\n|-ability|p2a: Ogerpon|Embody Aspect (Wellspring)|boost\n|-boost|p2a: Ogerpon|spd|1\n|move|p2a: Ogerpon|Ivy Cudgel|p1a: Torkoal\n|-supereffective|p1a: Torkoal\n|-damage|p1a: Torkoal|21\/100\n|\n|-weather|SunnyDay|[upkeep]\n|upkeep\n|turn|12\n|\n|t:|1698661298\n|switch|p1a: Walking Wake|Walking Wake|26\/100\n|-activate|p1a: Walking Wake|ability: Protosynthesis\n|-start|p1a: Walking Wake|protosynthesisspe\n|move|p2a: Ogerpon|Ivy Cudgel|p1a: Walking Wake\n|-resisted|p1a: Walking Wake\n|-damage|p1a: Walking Wake|4\/100\n|\n|-weather|SunnyDay|[upkeep]\n|upkeep\n|turn|13\n|\n|t:|1698661311\n|move|p1a: Walking Wake|Dragon Pulse|p2a: Ogerpon\n|-damage|p2a: Ogerpon|60\/100 par\n|cant|p2a: Ogerpon|par\n|\n|-weather|SunnyDay|[upkeep]\n|upkeep\n|turn|14\n|\n|t:|1698661316\n|move|p1a: Walking Wake|Dragon Pulse|p2a: Ogerpon\n|-damage|p2a: Ogerpon|17\/100 par\n|move|p2a: Ogerpon|Ivy Cudgel|p1a: Walking Wake\n|-resisted|p1a: Walking Wake\n|-damage|p1a: Walking Wake|0 fnt\n|faint|p1a: Walking Wake\n|-end|p1a: Walking Wake|Protosynthesis|[silent]\n|\n|-weather|SunnyDay|[upkeep]\n|upkeep\n|\n|t:|1698661323\n|switch|p1a: Arceus|Arceus-Grass|100\/100\n|turn|15\n|\n|t:|1698661336\n|switch|p2a: Shaymin|Shaymin-Sky|100\/100\n|move|p1a: Arceus|Calm Mind|p1a: Arceus\n|-boost|p1a: Arceus|spa|1\n|-boost|p1a: Arceus|spd|1\n|\n|-weather|SunnyDay|[upkeep]\n|upkeep\n|turn|16\n|\n|t:|1698661342\n|switch|p1a: Chi-Yu|Chi-Yu|100\/100\n|-ability|p1a: Chi-Yu|Beads of Ruin\n|move|p2a: Shaymin|Air Slash|p1a: Chi-Yu\n|-damage|p1a: Chi-Yu|54\/100\n|\n|-weather|SunnyDay|[upkeep]\n|upkeep\n|turn|17\n|\n|t:|1698661356\n|switch|p2a: Ogerpon|Ogerpon-Wellspring-Tera, F, tera:Water|17\/100 par\n|-ability|p2a: Ogerpon|Embody Aspect (Wellspring)|boost\n|-boost|p2a: Ogerpon|spd|1\n|move|p1a: Chi-Yu|Dark Pulse|p2a: Ogerpon\n|-damage|p2a: Ogerpon|0 fnt\n|faint|p2a: Ogerpon\n|\n|-weather|SunnyDay|[upkeep]\n|upkeep\n|\n|t:|1698661362\n|switch|p2a: Arceus|Arceus-Poison|39\/100\n|turn|18\n|\n|t:|1698661366\n|move|p1a: Chi-Yu|Dark Pulse|p2a: Arceus\n|-damage|p2a: Arceus|1\/100\n|move|p2a: Arceus|Judgment|p1a: Chi-Yu\n|-damage|p1a: Chi-Yu|0 fnt\n|faint|p1a: Chi-Yu\n|\n|-weather|none\n|upkeep\n|c|\u2606ateup|LMFAO\n|\n|t:|1698661373\n|switch|p1a: Zacian|Zacian|100\/100\n|-ability|p1a: Zacian|Intrepid Sword|boost\n|-boost|p1a: Zacian|atk|1\n|turn|19\n|\n|t:|1698661398\n|move|p1a: Zacian|Tera Blast|p2a: Arceus\n|-damage|p2a: Arceus|0 fnt\n|faint|p2a: Arceus\n|\n|upkeep\n|\n|t:|1698661415\n|switch|p2a: Shaymin|Shaymin-Sky|100\/100\n|turn|20\n|c|\u2606ateup|miss the play rough\n|c|\u2606ateup|i dare you\n|\n|t:|1698661431\n|-terastallize|p1a: Zacian|Fire\n|move|p1a: Zacian|Tera Blast|p2a: Shaymin|[anim] Tera Blast Fire\n|-supereffective|p2a: Shaymin\n|-damage|p2a: Shaymin|0 fnt\n|faint|p2a: Shaymin\n|\n|upkeep\n|\n|t:|1698661436\n|switch|p2a: Pelipper|Pelipper, M|84\/100\n|-weather|RainDance|[from] ability: Drizzle|[of] p2a: Pelipper\n|turn|21\n|c|\u2606fwuffypetsowo|nah I'll just do that\n|\n|t:|1698661445\n|switch|p1a: Magearna|Magearna-Original|94\/100 brn\n|move|p2a: Pelipper|U-turn|p1a: Magearna\n|-resisted|p1a: Magearna\n|-damage|p1a: Magearna|93\/100 brn\n|\n|t:|1698661450\n|switch|p2a: Basculegion|Basculegion-F, F|100\/100|[from] U-turn\n|\n|-weather|RainDance|[upkeep]\n|-heal|p1a: Magearna|99\/100 brn|[from] item: Leftovers\n|-damage|p1a: Magearna|93\/100 brn|[from] brn\n|upkeep\n|turn|22\n|\n|t:|1698661458\n|move|p2a: Basculegion|Last Respects|p1a: Magearna\n|-damage|p1a: Magearna|0 fnt\n|faint|p1a: Magearna\n|\n|-weather|RainDance|[upkeep]\n|upkeep\n|\n|t:|1698661461\n|switch|p1a: Torkoal|Torkoal, M|21\/100\n|-weather|SunnyDay|[from] ability: Drought|[of] p1a: Torkoal\n|turn|23\n|\n|t:|1698661467\n|switch|p2a: Pelipper|Pelipper, M|84\/100\n|-weather|RainDance|[from] ability: Drizzle|[of] p2a: Pelipper\n|switch|p1a: Arceus|Arceus-Grass|100\/100\n|\n|-weather|RainDance|[upkeep]\n|upkeep\n|turn|24\n|\n|t:|1698661474\n|move|p1a: Arceus|Judgment|p2a: Pelipper\n|-damage|p2a: Pelipper|20\/100\n|move|p2a: Pelipper|U-turn|p1a: Arceus\n|-supereffective|p1a: Arceus\n|-damage|p1a: Arceus|87\/100\n|\n|t:|1698661479\n|switch|p2a: Basculegion|Basculegion-F, F|100\/100|[from] U-turn\n|\n|-weather|RainDance|[upkeep]\n|upkeep\n|turn|25\n|\n|t:|1698661486\n|switch|p1a: Zacian|Zacian, tera:Fire|100\/100\n|move|p2a: Basculegion|Last Respects|p1a: Zacian\n|-damage|p1a: Zacian|0 fnt\n|faint|p1a: Zacian\n|\n|-weather|RainDance|[upkeep]\n|upkeep\n|\n|t:|1698661489\n|switch|p1a: Torkoal|Torkoal, M|21\/100\n|-weather|SunnyDay|[from] ability: Drought|[of] p1a: Torkoal\n|turn|26\n|\n|t:|1698661493\n|switch|p2a: Pelipper|Pelipper, M|20\/100\n|-weather|RainDance|[from] ability: Drizzle|[of] p2a: Pelipper\n|switch|p1a: Arceus|Arceus-Grass|87\/100\n|\n|-weather|RainDance|[upkeep]\n|upkeep\n|turn|27\n|c| Vario 64\u2606\u5f61|Unhealthy mon alert\n|\n|t:|1698661497\n|move|p1a: Arceus|Judgment|p2a: Pelipper\n|-damage|p2a: Pelipper|0 fnt\n|faint|p2a: Pelipper\n|\n|-weather|RainDance|[upkeep]\n|upkeep\n|\n|t:|1698661500\n|switch|p2a: Basculegion|Basculegion-F, F|100\/100\n|turn|28\n|c|\u2606fwuffypetsowo|gg\n|\n|t:|1698661504\n|switch|p1a: Torkoal|Torkoal, M|21\/100\n|-weather|SunnyDay|[from] ability: Drought|[of] p1a: Torkoal\n|move|p2a: Basculegion|Last Respects|p1a: Torkoal\n|-damage|p1a: Torkoal|0 fnt\n|faint|p1a: Torkoal\n|\n|-weather|SunnyDay|[upkeep]\n|upkeep\n|c|\u2606ateup|wait\n|\n|t:|1698661507\n|switch|p1a: Arceus|Arceus-Grass|87\/100\n|turn|29\n|c|\u2606ateup|i lose here right\n|\n|t:|1698661511\n|move|p1a: Arceus|Judgment|p2a: Basculegion\n|-supereffective|p2a: Basculegion\n|-damage|p2a: Basculegion|0 fnt\n|faint|p2a: Basculegion\n|\n|win|fwuffypetsowo\n|c|\u2606fwuffypetsowo|yep\n|c|\u2606ateup|ye\n|c|\u2606ateup|gg\n","uploadtime":1698661518,"views":47,"p1id":"fwuffypetsowo","p2id":"ateup","formatid":"gen9ubers","rating":0,"private":0,"password":""}