{"id":"gen9ubers-1996270612","p1":"Jalinga","p2":"Ethan Vover","format":"[Gen 9] Ubers","log":"|j|\u2606Jalinga\n|j|\u2606Ethan Vover\n|t:|1700666060\n|gametype|singles\n|player|p1|Jalinga|1|1134\n|player|p2|Ethan Vover|ethan|1126\n|teamsize|p1|6\n|teamsize|p2|6\n|gen|9\n|tier|[Gen 9] Ubers\n|rated|\n|rule|Sleep Clause Mod: Limit one foe put to sleep\n|rule|Species Clause: Limit one of each Pok\u00e9mon\n|rule|OHKO Clause: OHKO moves are banned\n|rule|Evasion Items Clause: Evasion items are banned\n|rule|Evasion Moves Clause: Evasion moves are banned\n|rule|Endless Battle Clause: Forcing endless battles is banned\n|rule|HP Percentage Mod: HP is shown in percentages\n|clearpoke\n|poke|p1|Zacian-*|\n|poke|p1|Miraidon|\n|poke|p1|Urshifu-*, M|\n|poke|p1|Gliscor, F|\n|poke|p1|Chi-Yu|\n|poke|p1|Ursaluna-Bloodmoon, M|\n|poke|p2|Torterra, F|\n|poke|p2|Zoroark-Hisui, F|\n|poke|p2|Goodra-Hisui, F|\n|poke|p2|Gliscor, F|\n|poke|p2|Palkia-Origin|\n|poke|p2|Cinderace, M|\n|teampreview\n|inactive|Battle timer is ON: inactive players will automatically lose when time's up. (requested by Jalinga)\n|\n|t:|1700666076\n|start\n|switch|p1a: Gliscor|Gliscor, F|100\/100\n|switch|p2a: Torterra|Torterra, F|100\/100\n|turn|1\n|\n|t:|1700666083\n|move|p1a: Gliscor|Spikes|p2a: Torterra\n|-sidestart|p2: Ethan Vover|Spikes\n|move|p2a: Torterra|Shell Smash|p2a: Torterra\n|-unboost|p2a: Torterra|def|1\n|-unboost|p2a: Torterra|spd|1\n|-boost|p2a: Torterra|atk|2\n|-boost|p2a: Torterra|spa|2\n|-boost|p2a: Torterra|spe|2\n|-enditem|p2a: Torterra|White Herb\n|-clearnegativeboost|p2a: Torterra|[silent]\n|\n|-status|p1a: Gliscor|tox|[from] item: Toxic Orb\n|upkeep\n|turn|2\n|\n|t:|1700666087\n|move|p2a: Torterra|Wood Hammer|p1a: Gliscor\n|-damage|p1a: Gliscor|12\/100 tox\n|-damage|p2a: Torterra|70\/100|[from] Recoil\n|move|p1a: Gliscor|Toxic|p2a: Torterra\n|-status|p2a: Torterra|tox\n|\n|-damage|p2a: Torterra|64\/100 tox|[from] psn\n|-heal|p1a: Gliscor|25\/100 tox|[from] ability: Poison Heal\n|upkeep\n|turn|3\n|\n|t:|1700666095\n|move|p1a: Gliscor|Protect|p1a: Gliscor\n|-singleturn|p1a: Gliscor|Protect\n|move|p2a: Torterra|Shell Smash|p2a: Torterra\n|-unboost|p2a: Torterra|def|1\n|-unboost|p2a: Torterra|spd|1\n|-boost|p2a: Torterra|atk|2\n|-boost|p2a: Torterra|spa|2\n|-boost|p2a: Torterra|spe|2\n|\n|-damage|p2a: Torterra|52\/100 tox|[from] psn\n|-heal|p1a: Gliscor|37\/100 tox|[from] ability: Poison Heal\n|upkeep\n|turn|4\n|inactive|Jalinga has 120 seconds left.\n|\n|t:|1700666128\n|move|p2a: Torterra|Crunch|p1a: Gliscor\n|-damage|p1a: Gliscor|0 fnt\n|faint|p1a: Gliscor\n|\n|-damage|p2a: Torterra|33\/100 tox|[from] psn\n|upkeep\n|inactive|Jalinga has 120 seconds left.\n|inactive|Jalinga has 90 seconds left.\n|\n|t:|1700666176\n|switch|p1a: Chi-Yu|Chi-Yu|100\/100\n|-ability|p1a: Chi-Yu|Beads of Ruin\n|turn|5\n|\n|t:|1700666186\n|move|p2a: Torterra|Earthquake|p1a: Chi-Yu\n|-supereffective|p1a: Chi-Yu\n|-damage|p1a: Chi-Yu|0 fnt\n|faint|p1a: Chi-Yu\n|\n|-damage|p2a: Torterra|9\/100 tox|[from] psn\n|upkeep\n|\n|t:|1700666195\n|switch|p1a: Urshifu|Urshifu-Rapid-Strike, M|100\/100\n|turn|6\n|\n|t:|1700666203\n|move|p2a: Torterra|Wood Hammer|p1a: Urshifu\n|-supereffective|p1a: Urshifu\n|-damage|p1a: Urshifu|0 fnt\n|faint|p1a: Urshifu\n|-damage|p2a: Torterra|0 fnt|[from] Recoil\n|faint|p2a: Torterra\n|\n|upkeep\n|inactive|Jalinga has 90 seconds left.\n|\n|t:|1700666215\n|switch|p1a: Ursaluna|Ursaluna-Bloodmoon, M|100\/100\n|switch|p2a: Cinderace|Cinderace, M|100\/100\n|turn|7\n|\n|t:|1700666218\n|move|p2a: Cinderace|Court Change|p2a: Cinderace\n|-start|p2a: Cinderace|typechange|Normal|[from] ability: Libero\n|-swapsideconditions\n|-activate|p2a: Cinderace|move: Court Change\n|move|p1a: Ursaluna|Blood Moon|p2a: Cinderace\n|-damage|p2a: Cinderace|0 fnt\n|faint|p2a: Cinderace\n|\n|upkeep\n|\n|t:|1700666228\n|switch|p2a: Palkia|Palkia-Origin|100\/100\n|-ability|p2a: Palkia|Pressure\n|turn|8\n|\n|t:|1700666234\n|move|p2a: Palkia|Surf|p1a: Ursaluna\n|-supereffective|p1a: Ursaluna\n|-damage|p1a: Ursaluna|0 fnt\n|faint|p1a: Ursaluna\n|\n|upkeep\n|\n|t:|1700666237\n|switch|p1a: Miraidon|Miraidon|100\/100\n|-damage|p1a: Miraidon|88\/100|[from] Spikes\n|-fieldstart|move: Electric Terrain|[from] ability: Hadron Engine|[of] p1a: Miraidon\n|turn|9\n|\n|t:|1700666242\n|move|p1a: Miraidon|Calm Mind|p1a: Miraidon\n|-boost|p1a: Miraidon|spa|1\n|-boost|p1a: Miraidon|spd|1\n|move|p2a: Palkia|Spacial Rend|p1a: Miraidon\n|-supereffective|p1a: Miraidon\n|-damage|p1a: Miraidon|3\/100\n|\n|upkeep\n|turn|10\n|\n|t:|1700666246\n|move|p1a: Miraidon|Draco Meteor|p2a: Palkia\n|-supereffective|p2a: Palkia\n|-crit|p2a: Palkia\n|-damage|p2a: Palkia|0 fnt\n|-unboost|p1a: Miraidon|spa|2\n|faint|p2a: Palkia\n|-damage|p1a: Miraidon|0 fnt|[from] item: Life Orb\n|faint|p1a: Miraidon\n|\n|upkeep\n|\n|t:|1700666254\n|switch|p1a: Zacian|Zacian-Crowned|100\/100\n|switch|p2a: Gliscor|Gliscor, F|100\/100\n|-damage|p1a: Zacian|88\/100|[from] Spikes\n|-ability|p1a: Zacian|Intrepid Sword|boost\n|-boost|p1a: Zacian|atk|1\n|turn|11\n|\n|t:|1700666278\n|-terastallize|p1a: Zacian|Fire\n|move|p1a: Zacian|Swords Dance|p1a: Zacian\n|-boost|p1a: Zacian|atk|2\n|move|p2a: Gliscor|Earthquake|p1a: Zacian\n|-supereffective|p1a: Zacian\n|-damage|p1a: Zacian|7\/100\n|\n|-status|p2a: Gliscor|tox|[from] item: Toxic Orb\n|upkeep\n|turn|12\n|\n|t:|1700666288\n|move|p1a: Zacian|Behemoth Blade|p2a: Gliscor\n|-damage|p2a: Gliscor|0 fnt\n|faint|p2a: Gliscor\n|\n|upkeep\n|\n|t:|1700666292\n|switch|p2a: Goodra|Goodra-Hisui, F|100\/100\n|turn|13\n|\n|t:|1700666298\n|move|p1a: Zacian|Tera Blast|p2a: Goodra|[anim] Tera Blast Fire\n|-damage|p2a: Goodra|0 fnt\n|replace|p2a: Zoroark|Zoroark-Hisui, F\n|-end|p2a: Zoroark|Illusion\n|faint|p2a: Zoroark\n|\n|-fieldend|move: Electric Terrain\n|upkeep\n|\n|t:|1700666301\n|switch|p2a: Goodra|Goodra-Hisui, F|100\/100\n|turn|14\n|\n|t:|1700666306\n|move|p1a: Zacian|Tera Blast|p2a: Goodra|[anim] Tera Blast Fire\n|-damage|p2a: Goodra|0 fnt\n|faint|p2a: Goodra\n|\n|win|Jalinga\n|raw|Jalinga's rating: 1134 &rarr; <strong>1158<\/strong><br \/>(+24 for winning)\n|raw|Ethan Vover's rating: 1126 &rarr; <strong>1102<\/strong><br \/>(-24 for losing)\n|c|\u2606Jalinga|gg\n","uploadtime":1700666326,"views":2,"p1id":"jalinga","p2id":"ethanvover","formatid":"gen9ubers","rating":1102,"private":0,"password":""}