{"id":"gen9ubers-1978742189","p1":"SwordIsBored","p2":"HinaKagiyama1","format":"[Gen 9] Ubers","log":"|j|\u2606SwordIsBored\n|j|\u2606HinaKagiyama1\n|t:|1698589657\n|gametype|singles\n|player|p1|SwordIsBored|irida|\n|player|p2|HinaKagiyama1|169|\n|teamsize|p1|6\n|teamsize|p2|6\n|gen|9\n|tier|[Gen 9] Ubers\n|rule|Sleep Clause Mod: Limit one foe put to sleep\n|rule|Species Clause: Limit one of each Pok\u00e9mon\n|rule|OHKO Clause: OHKO moves are banned\n|rule|Evasion Items Clause: Evasion items are banned\n|rule|Evasion Moves Clause: Evasion moves are banned\n|rule|Endless Battle Clause: Forcing endless battles is banned\n|rule|HP Percentage Mod: HP is shown in percentages\n|clearpoke\n|poke|p1|Ninetales-Alola, M|\n|poke|p1|Arceus-Fire|\n|poke|p1|Espathra, M|\n|poke|p1|Magearna|\n|poke|p1|Hatterene, F|\n|poke|p1|Ursaluna-Bloodmoon, M|\n|poke|p2|Pelipper, F|\n|poke|p2|Crawdaunt, M|\n|poke|p2|Cyclizar, M|\n|poke|p2|Scizor, F|\n|poke|p2|Palkia-Origin|\n|poke|p2|Magearna|\n|teampreview\n|\n|t:|1698589678\n|start\n|switch|p1a: Ninetales|Ninetales-Alola, M|100\/100\n|switch|p2a: Scizor|Scizor, F|100\/100\n|-weather|Snow|[from] ability: Snow Warning|[of] p1a: Ninetales\n|turn|1\n|\n|t:|1698589701\n|switch|p1a: Magearna|Magearna|100\/100\n|move|p2a: Scizor|U-turn|p1a: Magearna\n|-resisted|p1a: Magearna\n|-damage|p1a: Magearna|91\/100\n|\n|t:|1698589709\n|switch|p2a: Pelipper|Pelipper, F|100\/100|[from] U-turn\n|-weather|RainDance|[from] ability: Drizzle|[of] p2a: Pelipper\n|\n|-weather|RainDance|[upkeep]\n|-heal|p1a: Magearna|97\/100|[from] item: Leftovers\n|upkeep\n|turn|2\n|\n|t:|1698589714\n|move|p1a: Magearna|Iron Defense|p1a: Magearna\n|-boost|p1a: Magearna|def|2\n|move|p2a: Pelipper|U-turn|p1a: Magearna\n|-resisted|p1a: Magearna\n|-damage|p1a: Magearna|97\/100\n|\n|t:|1698589740\n|switch|p2a: Scizor|Scizor, F|100\/100|[from] U-turn\n|\n|-weather|RainDance|[upkeep]\n|-heal|p1a: Magearna|100\/100|[from] item: Leftovers\n|upkeep\n|turn|3\n|\n|t:|1698589756\n|move|p2a: Scizor|Knock Off|p1a: Magearna\n|-resisted|p1a: Magearna\n|-damage|p1a: Magearna|92\/100\n|-enditem|p1a: Magearna|Leftovers|[from] move: Knock Off|[of] p2a: Scizor\n|move|p1a: Magearna|Calm Mind|p1a: Magearna\n|-boost|p1a: Magearna|spa|1\n|-boost|p1a: Magearna|spd|1\n|\n|-weather|RainDance|[upkeep]\n|upkeep\n|turn|4\n|\n|t:|1698589765\n|switch|p2a: Cyclizar|Cyclizar, M|100\/100\n|move|p1a: Magearna|Calm Mind|p1a: Magearna\n|-boost|p1a: Magearna|spa|1\n|-boost|p1a: Magearna|spd|1\n|\n|-weather|RainDance|[upkeep]\n|upkeep\n|turn|5\n|\n|t:|1698589772\n|move|p2a: Cyclizar|Shed Tail|p2a: Cyclizar\n|-start|p2a: Cyclizar|Substitute|[from] move: Shed Tail\n|-damage|p2a: Cyclizar|50\/100\n|\n|t:|1698589775\n|switch|p2a: Crawdaunt|Crawdaunt, M|100\/100|[from] Shed Tail\n|move|p1a: Magearna|Stored Power|p2a: Crawdaunt\n|-immune|p2a: Crawdaunt\n|\n|-weather|RainDance|[upkeep]\n|upkeep\n|turn|6\n|\n|t:|1698589779\n|move|p1a: Magearna|Draining Kiss|p2a: Crawdaunt\n|-supereffective|p2a: Crawdaunt\n|-end|p2a: Crawdaunt|Substitute\n|-heal|p1a: Magearna|100\/100|[from] drain|[of] p2a: Crawdaunt\n|move|p2a: Crawdaunt|Crabhammer|p1a: Magearna\n|-damage|p1a: Magearna|49\/100\n|\n|-weather|RainDance|[upkeep]\n|upkeep\n|turn|7\n|c|\u2606HinaKagiyama1|Well\n|c|\u2606SwordIsBored|magearna gaming\n|c|\u2606HinaKagiyama1|that did a lot more than I thought it would\n|\n|t:|1698589806\n|switch|p2a: Magearna|Magearna|100\/100\n|move|p1a: Magearna|Draining Kiss|p2a: Magearna\n|-resisted|p2a: Magearna\n|-damage|p2a: Magearna|83\/100\n|-heal|p1a: Magearna|62\/100|[from] drain|[of] p2a: Magearna\n|\n|-weather|RainDance|[upkeep]\n|-heal|p2a: Magearna|89\/100|[from] item: Leftovers\n|upkeep\n|turn|8\n|\n|t:|1698589815\n|move|p2a: Magearna|Volt Switch|p1a: Magearna\n|-damage|p1a: Magearna|50\/100\n|\n|t:|1698589823\n|switch|p2a: Scizor|Scizor, F|100\/100|[from] Volt Switch\n|move|p1a: Magearna|Calm Mind|p1a: Magearna\n|-boost|p1a: Magearna|spa|1\n|-boost|p1a: Magearna|spd|1\n|\n|-weather|none\n|upkeep\n|turn|9\n|\n|t:|1698589830\n|move|p2a: Scizor|Bullet Punch|p1a: Magearna\n|-damage|p1a: Magearna|35\/100\n|move|p1a: Magearna|Draining Kiss|p2a: Scizor\n|-resisted|p2a: Scizor\n|-damage|p2a: Scizor|71\/100\n|-heal|p1a: Magearna|56\/100|[from] drain|[of] p2a: Scizor\n|\n|upkeep\n|turn|10\n|\n|t:|1698589839\n|move|p2a: Scizor|Bullet Punch|p1a: Magearna\n|-damage|p1a: Magearna|39\/100\n|move|p1a: Magearna|Draining Kiss|p2a: Scizor\n|-resisted|p2a: Scizor\n|-damage|p2a: Scizor|38\/100\n|-heal|p1a: Magearna|63\/100|[from] drain|[of] p2a: Scizor\n|\n|upkeep\n|turn|11\n|\n|t:|1698589845\n|move|p2a: Scizor|Bullet Punch|p1a: Magearna\n|-damage|p1a: Magearna|46\/100\n|move|p1a: Magearna|Draining Kiss|p2a: Scizor\n|-resisted|p2a: Scizor\n|-damage|p2a: Scizor|6\/100\n|-heal|p1a: Magearna|68\/100|[from] drain|[of] p2a: Scizor\n|\n|upkeep\n|turn|12\n|\n|t:|1698589851\n|move|p2a: Scizor|Bullet Punch|p1a: Magearna\n|-damage|p1a: Magearna|52\/100\n|move|p1a: Magearna|Draining Kiss|p2a: Scizor\n|-resisted|p2a: Scizor\n|-damage|p2a: Scizor|0 fnt\n|-heal|p1a: Magearna|56\/100|[from] drain|[of] p2a: Scizor\n|faint|p2a: Scizor\n|-ability|p1a: Magearna|Soul-Heart|boost\n|-boost|p1a: Magearna|spa|1\n|\n|upkeep\n|\n|t:|1698589858\n|switch|p2a: Palkia|Palkia-Origin|100\/100\n|-ability|p2a: Palkia|Pressure\n|turn|13\n|\n|t:|1698589862\n|move|p2a: Palkia|Thunder Wave|p1a: Magearna\n|-status|p1a: Magearna|par\n|move|p1a: Magearna|Draining Kiss|p2a: Palkia\n|-supereffective|p2a: Palkia\n|-damage|p2a: Palkia|0 fnt\n|-heal|p1a: Magearna|100\/100 par|[from] drain|[of] p2a: Palkia\n|faint|p2a: Palkia\n|-ability|p1a: Magearna|Soul-Heart|boost\n|-boost|p1a: Magearna|spa|1\n|\n|upkeep\n|\n|t:|1698589871\n|switch|p2a: Crawdaunt|Crawdaunt, M|100\/100\n|turn|14\n|\n|t:|1698589876\n|move|p2a: Crawdaunt|Crabhammer|p1a: Magearna\n|-damage|p1a: Magearna|66\/100 par\n|cant|p1a: Magearna|par\n|\n|upkeep\n|turn|15\n|\n|t:|1698589881\n|move|p2a: Crawdaunt|Crabhammer|p1a: Magearna|[miss]\n|-miss|p2a: Crawdaunt|p1a: Magearna\n|move|p1a: Magearna|Draining Kiss|p2a: Crawdaunt\n|-supereffective|p2a: Crawdaunt\n|-damage|p2a: Crawdaunt|0 fnt\n|-heal|p1a: Magearna|100\/100 par|[from] drain|[of] p2a: Crawdaunt\n|faint|p2a: Crawdaunt\n|-ability|p1a: Magearna|Soul-Heart|boost\n|-boost|p1a: Magearna|spa|1\n|\n|upkeep\n|c|\u2606HinaKagiyama1|\u2026\n|c|\u2606HinaKagiyama1|yea gg\n|c|\u2606HinaKagiyama1|rematch?\n|\n|t:|1698589892\n|switch|p2a: Cyclizar|Cyclizar, M|84\/100\n|turn|16\n|c|\u2606SwordIsBored|sure\n|\n|t:|1698589896\n|move|p2a: Cyclizar|Knock Off|p1a: Magearna\n|-resisted|p1a: Magearna\n|-damage|p1a: Magearna|98\/100 par\n|move|p1a: Magearna|Stored Power|p2a: Cyclizar\n|-damage|p2a: Cyclizar|0 fnt\n|faint|p2a: Cyclizar\n|\n|upkeep\n|\n|t:|1698589898\n|switch|p2a: Pelipper|Pelipper, F|100\/100\n|-weather|RainDance|[from] ability: Drizzle|[of] p2a: Pelipper\n|turn|17\n|\n|t:|1698589906\n|move|p2a: Pelipper|U-turn|p1a: Magearna\n|-resisted|p1a: Magearna\n|-damage|p1a: Magearna|97\/100 par\n|\n|t:|1698589907\n|switch|p2a: Magearna|Magearna|89\/100|[from] U-turn\n|cant|p1a: Magearna|par\n|\n|-weather|RainDance|[upkeep]\n|-heal|p2a: Magearna|95\/100|[from] item: Leftovers\n|upkeep\n|turn|18\n|\n|t:|1698589912\n|move|p2a: Magearna|Volt Switch|p1a: Magearna\n|-damage|p1a: Magearna|89\/100 par\n|\n|t:|1698589914\n|switch|p2a: Pelipper|Pelipper, F|100\/100|[from] Volt Switch\n|move|p1a: Magearna|Stored Power|p2a: Pelipper\n|-crit|p2a: Pelipper\n|-damage|p2a: Pelipper|0 fnt\n|faint|p2a: Pelipper\n|\n|-weather|RainDance|[upkeep]\n|upkeep\n|\n|t:|1698589915\n|switch|p2a: Magearna|Magearna|95\/100\n|turn|19\n|\n|t:|1698589918\n|move|p2a: Magearna|Volt Switch|p1a: Magearna\n|-damage|p1a: Magearna|80\/100 par\n|move|p1a: Magearna|Stored Power|p2a: Magearna\n|-resisted|p2a: Magearna\n|-damage|p2a: Magearna|0 fnt\n|faint|p2a: Magearna\n|\n|win|SwordIsBored\n|l|\u2606HinaKagiyama1\n","uploadtime":1698589922,"views":12,"p1id":"swordisbored","p2id":"hinakagiyama1","formatid":"gen9ubers","rating":0,"private":0,"password":""}