{"id":"gen9ubers-1978127371","p1":"angl3r","p2":"technoblade 1","format":"[Gen 9] Ubers","log":"|j|\u2606angl3r\n|j|\u2606technoblade 1\n|t:|1698502754\n|gametype|singles\n|player|p1|angl3r|265|\n|player|p2|technoblade 1|265|\n|teamsize|p1|6\n|teamsize|p2|6\n|gen|9\n|tier|[Gen 9] Ubers\n|rule|Sleep Clause Mod: Limit one foe put to sleep\n|rule|Species Clause: Limit one of each Pok\u00e9mon\n|rule|OHKO Clause: OHKO moves are banned\n|rule|Evasion Items Clause: Evasion items are banned\n|rule|Evasion Moves Clause: Evasion moves are banned\n|rule|Endless Battle Clause: Forcing endless battles is banned\n|rule|HP Percentage Mod: HP is shown in percentages\n|clearpoke\n|poke|p1|Arceus|\n|poke|p1|Giratina-Origin|\n|poke|p1|Rayquaza|\n|poke|p1|Gliscor, F|\n|poke|p1|Basculegion-F, F|\n|poke|p1|Iron Valiant|\n|poke|p2|Greninja-*, M|\n|poke|p2|Toedscruel, F|\n|poke|p2|Slowking-Galar, F|\n|poke|p2|Koraidon|\n|poke|p2|Medicham, M|\n|poke|p2|Eelektross, M|\n|teampreview\n|inactive|Battle timer is ON: inactive players will automatically lose when time's up. (requested by technoblade 1)\n|inactive|technoblade 1 has 270 seconds left.\n|\n|t:|1698502787\n|start\n|switch|p1a: Gliscor|Gliscor, F|100\/100\n|switch|p2a: Greninja|Greninja, M|100\/100\n|turn|1\n|c|\u2606angl3r|hf\n|\n|t:|1698502795\n|move|p1a: Gliscor|Protect|p1a: Gliscor\n|-singleturn|p1a: Gliscor|Protect\n|move|p2a: Greninja|Liquidation|p1a: Gliscor\n|-start|p2a: Greninja|typechange|Water|[from] ability: Protean\n|-activate|p1a: Gliscor|move: Protect\n|\n|-status|p1a: Gliscor|tox|[from] item: Toxic Orb\n|upkeep\n|turn|2\n|j| WowACow\n|\n|t:|1698502803\n|switch|p1a: Rayquaza|Rayquaza|100\/100\n|-ability|p1a: Rayquaza|Air Lock\n|move|p2a: Greninja|Liquidation|p1a: Rayquaza\n|-resisted|p1a: Rayquaza\n|-damage|p1a: Rayquaza|73\/100\n|\n|upkeep\n|turn|3\n|\n|t:|1698502815\n|switch|p2a: Medicham|Medicham, M|100\/100\n|move|p1a: Rayquaza|Draco Meteor|p2a: Medicham\n|-damage|p2a: Medicham|0 fnt\n|-unboost|p1a: Rayquaza|spa|2\n|faint|p2a: Medicham\n|\n|upkeep\n|c| WowACow|Oooo he spec\n|\n|t:|1698502825\n|switch|p2a: Eelektross|Eelektross, M|100\/100\n|turn|4\n|\n|t:|1698502833\n|switch|p1a: Gliscor|Gliscor, F|100\/100 tox\n|switch|p2a: Greninja|Greninja, M|100\/100\n|\n|upkeep\n|turn|5\n|c| WowACow|Who let look behund cook\n|\n|t:|1698502845\n|move|p2a: Greninja|Liquidation|p1a: Gliscor\n|-start|p2a: Greninja|typechange|Water|[from] ability: Protean\n|-supereffective|p1a: Gliscor\n|-damage|p1a: Gliscor|37\/100 tox\n|move|p1a: Gliscor|Toxic|p2a: Greninja\n|-status|p2a: Greninja|tox\n|\n|-damage|p2a: Greninja|95\/100 tox|[from] psn\n|-heal|p1a: Gliscor|50\/100 tox|[from] ability: Poison Heal\n|upkeep\n|turn|6\n|\n|t:|1698502857\n|switch|p2a: Koraidon|Koraidon|100\/100\n|-weather|SunnyDay|[from] ability: Orichalcum Pulse|[of] p2a: Koraidon\n|-activate|p2a: Koraidon|Orichalcum Pulse|[source]\n|move|p1a: Gliscor|Protect||[still]\n|-fail|p1a: Gliscor\n|\n|-weather|SunnyDay|[upkeep]\n|-heal|p1a: Gliscor|62\/100 tox|[from] ability: Poison Heal\n|upkeep\n|turn|7\n|c| WowACow|He flamin he flamin\n|\n|t:|1698502877\n|switch|p1a: Iron Valiant|Iron Valiant|100\/100\n|-enditem|p1a: Iron Valiant|Booster Energy\n|-activate|p1a: Iron Valiant|ability: Quark Drive|[fromitem]\n|-start|p1a: Iron Valiant|quarkdrivespe\n|move|p2a: Koraidon|Draco Meteor|p1a: Iron Valiant\n|-immune|p1a: Iron Valiant\n|\n|-weather|SunnyDay|[upkeep]\n|upkeep\n|turn|8\n|c| WowACow|Gooob\n|\n|t:|1698502887\n|switch|p2a: Slowking|Slowking-Galar, F|100\/100\n|move|p1a: Iron Valiant|Encore||[still]\n|-fail|p1a: Iron Valiant\n|\n|-weather|SunnyDay|[upkeep]\n|upkeep\n|turn|9\n|\n|t:|1698502895\n|move|p1a: Iron Valiant|Calm Mind|p1a: Iron Valiant\n|-boost|p1a: Iron Valiant|spa|1\n|-boost|p1a: Iron Valiant|spd|1\n|move|p2a: Slowking|Thunder Wave|p1a: Iron Valiant\n|-status|p1a: Iron Valiant|par\n|\n|-weather|SunnyDay|[upkeep]\n|upkeep\n|turn|10\n|\n|t:|1698502900\n|move|p1a: Iron Valiant|Shadow Ball|p2a: Slowking\n|-supereffective|p2a: Slowking\n|-damage|p2a: Slowking|34\/100\n|-unboost|p2a: Slowking|spd|1\n|move|p2a: Slowking|Chilly Reception|p2a: Slowking\n|-weather|Snow\n|c| WowACow|Oh he not use encore\n|\n|t:|1698502916\n|switch|p2a: Greninja|Greninja, M|95\/100 tox|[from] Chilly Reception\n|\n|-weather|Snow|[upkeep]\n|-damage|p2a: Greninja|89\/100 tox|[from] psn\n|upkeep\n|turn|11\n|\n|t:|1698502923\n|-end|p1a: Iron Valiant|Quark Drive|[silent]\n|switch|p1a: Giratina|Giratina-Origin|100\/100\n|move|p2a: Greninja|U-turn|p1a: Giratina\n|-start|p2a: Greninja|typechange|Bug|[from] ability: Protean\n|-resisted|p1a: Giratina\n|-damage|p1a: Giratina|89\/100\n|c| WowACow|OOOOOOOOOOOOOOOO\n|\n|t:|1698502933\n|switch|p2a: Koraidon|Koraidon|100\/100|[from] U-turn\n|-weather|SunnyDay|[from] ability: Orichalcum Pulse|[of] p2a: Koraidon\n|-activate|p2a: Koraidon|Orichalcum Pulse|[source]\n|\n|-weather|SunnyDay|[upkeep]\n|upkeep\n|turn|12\n|c| WowACow|LOOOK BEHUUUUUND\n|\n|t:|1698502946\n|switch|p1a: Iron Valiant|Iron Valiant|100\/100 par\n|move|p2a: Koraidon|Draco Meteor|p1a: Iron Valiant\n|-immune|p1a: Iron Valiant\n|\n|-weather|SunnyDay|[upkeep]\n|upkeep\n|turn|13\n|\n|t:|1698502958\n|switch|p2a: Slowking|Slowking-Galar, F|67\/100\n|cant|p1a: Iron Valiant|par\n|\n|-weather|SunnyDay|[upkeep]\n|upkeep\n|turn|14\n|\n|t:|1698502972\n|-end|p1a: Iron Valiant|Quark Drive|[silent]\n|switch|p1a: Gliscor|Gliscor, F|62\/100 tox\n|move|p2a: Slowking|Chilly Reception|p2a: Slowking\n|-weather|Snow\n|\n|t:|1698502981\n|switch|p2a: Greninja|Greninja, M|89\/100 tox|[from] Chilly Reception\n|\n|-weather|Snow|[upkeep]\n|-damage|p2a: Greninja|83\/100 tox|[from] psn\n|-heal|p1a: Gliscor|75\/100 tox|[from] ability: Poison Heal\n|upkeep\n|turn|15\n|\n|t:|1698502988\n|move|p1a: Gliscor|Protect|p1a: Gliscor\n|-singleturn|p1a: Gliscor|Protect\n|move|p2a: Greninja|Ice Punch|p1a: Gliscor\n|-start|p2a: Greninja|typechange|Ice|[from] ability: Protean\n|-activate|p1a: Gliscor|move: Protect\n|\n|-weather|Snow|[upkeep]\n|-damage|p2a: Greninja|71\/100 tox|[from] psn\n|-heal|p1a: Gliscor|87\/100 tox|[from] ability: Poison Heal\n|upkeep\n|turn|16\n|\n|t:|1698502999\n|switch|p2a: Toedscruel|Toedscruel, F|100\/100\n|switch|p1a: Iron Valiant|Iron Valiant|100\/100 par\n|\n|-weather|Snow|[upkeep]\n|upkeep\n|turn|17\n|c| WowACow|Oh ma ga\n|\n|t:|1698503012\n|-end|p1a: Iron Valiant|Quark Drive|[silent]\n|switch|p1a: Gliscor|Gliscor, F|87\/100 tox\n|move|p2a: Toedscruel|Leech Seed|p1a: Gliscor\n|-start|p1a: Gliscor|move: Leech Seed\n|\n|-weather|Snow|[upkeep]\n|-damage|p1a: Gliscor|75\/100 tox|[from] Leech Seed|[of] p2a: Toedscruel\n|-heal|p1a: Gliscor|87\/100 tox|[from] ability: Poison Heal\n|upkeep\n|turn|18\n|c| WowACow|When da phook did they add toedscruel cry\n|\n|t:|1698503021\n|switch|p2a: Greninja|Greninja, M|71\/100 tox\n|move|p1a: Gliscor|Spikes|p2a: Greninja\n|-sidestart|p2: technoblade 1|Spikes\n|\n|-weather|none\n|-damage|p1a: Gliscor|75\/100 tox|[from] Leech Seed|[of] p2a: Greninja\n|-heal|p2a: Greninja|86\/100 tox|[silent]\n|-damage|p2a: Greninja|80\/100 tox|[from] psn\n|-heal|p1a: Gliscor|87\/100 tox|[from] ability: Poison Heal\n|upkeep\n|turn|19\n|\n|t:|1698503030\n|switch|p1a: Iron Valiant|Iron Valiant|100\/100 par\n|-terastallize|p2a: Greninja|Water\n|move|p2a: Greninja|Liquidation|p1a: Iron Valiant\n|-damage|p1a: Iron Valiant|2\/100 par\n|\n|-damage|p2a: Greninja|68\/100 tox|[from] psn\n|upkeep\n|turn|20\n|c| WowACow|Oh nuuu\n|\n|t:|1698503039\n|-end|p1a: Iron Valiant|Quark Drive|[silent]\n|switch|p1a: Giratina|Giratina-Origin|89\/100\n|move|p2a: Greninja|Liquidation|p1a: Giratina\n|-resisted|p1a: Giratina\n|-damage|p1a: Giratina|71\/100\n|\n|-damage|p2a: Greninja|50\/100 tox|[from] psn\n|upkeep\n|turn|21\n|c| WowACow|What he gon do\n|\n|t:|1698503049\n|switch|p2a: Toedscruel|Toedscruel, F|100\/100\n|-damage|p2a: Toedscruel|88\/100|[from] Spikes\n|move|p1a: Giratina|Poltergeist|p2a: Toedscruel\n|-activate|p2a: Toedscruel|move: Poltergeist|Leftovers\n|-damage|p2a: Toedscruel|19\/100\n|\n|-heal|p2a: Toedscruel|25\/100|[from] item: Leftovers\n|upkeep\n|turn|22\n|\n|t:|1698503066\n|move|p2a: Toedscruel|Knock Off|p1a: Giratina\n|-supereffective|p1a: Giratina\n|-damage|p1a: Giratina|61\/100\n|move|p1a: Giratina|Poltergeist|p2a: Toedscruel\n|-activate|p2a: Toedscruel|move: Poltergeist|Leftovers\n|-crit|p2a: Toedscruel\n|-damage|p2a: Toedscruel|0 fnt\n|faint|p2a: Toedscruel\n|\n|upkeep\n|c| WowACow|Oh naw he got no go ghost switchin\n|\n|t:|1698503071\n|switch|p2a: Koraidon|Koraidon|100\/100\n|-damage|p2a: Koraidon|88\/100|[from] Spikes\n|-weather|SunnyDay|[from] ability: Orichalcum Pulse|[of] p2a: Koraidon\n|-activate|p2a: Koraidon|Orichalcum Pulse|[source]\n|turn|23\n|c| WowACow|Oh naaaaaw he trynna knock off a Giratina-O\n|inactive|technoblade 1 has 270 seconds left.\n|\n|t:|1698503098\n|switch|p1a: Iron Valiant|Iron Valiant|2\/100 par\n|move|p2a: Koraidon|Draco Meteor|p1a: Iron Valiant\n|-immune|p1a: Iron Valiant\n|\n|-weather|SunnyDay|[upkeep]\n|-heal|p2a: Koraidon|94\/100|[from] item: Leftovers\n|upkeep\n|turn|24\n|\n|t:|1698503105\n|move|p2a: Koraidon|Flamethrower|p1a: Iron Valiant\n|-damage|p1a: Iron Valiant|0 fnt\n|faint|p1a: Iron Valiant\n|-end|p1a: Iron Valiant|Quark Drive|[silent]\n|\n|-weather|SunnyDay|[upkeep]\n|-heal|p2a: Koraidon|100\/100|[from] item: Leftovers\n|upkeep\n|\n|t:|1698503113\n|switch|p1a: Arceus|Arceus|100\/100\n|turn|25\n|\n|t:|1698503129\n|move|p2a: Koraidon|Taunt|p1a: Arceus\n|-start|p1a: Arceus|move: Taunt\n|cant|p1a: Arceus|move: Taunt|Recover\n|\n|-weather|SunnyDay|[upkeep]\n|upkeep\n|turn|26\n|\n|t:|1698503141\n|switch|p1a: Gliscor|Gliscor, F|87\/100 tox\n|move|p2a: Koraidon|Flamethrower|p1a: Gliscor\n|-crit|p1a: Gliscor\n|-damage|p1a: Gliscor|19\/100 tox\n|\n|-weather|SunnyDay|[upkeep]\n|-heal|p1a: Gliscor|31\/100 tox|[from] ability: Poison Heal\n|upkeep\n|turn|27\n|c| WowACow|Oh nawwww\n|\n|t:|1698503150\n|-terastallize|p1a: Gliscor|Fairy\n|move|p2a: Koraidon|Flamethrower|p1a: Gliscor\n|-damage|p1a: Gliscor|0 fnt\n|faint|p1a: Gliscor\n|\n|-weather|none\n|upkeep\n|c| WowACow|Oh hell naaww\n|c| WowACow|No wayyyy\n|\n|t:|1698503158\n|switch|p1a: Arceus|Arceus|100\/100\n|turn|28\n|\n|t:|1698503167\n|move|p1a: Arceus|Extreme Speed|p2a: Koraidon\n|-damage|p2a: Koraidon|55\/100\n|move|p2a: Koraidon|Draco Meteor|p1a: Arceus\n|-damage|p1a: Arceus|66\/100\n|-unboost|p2a: Koraidon|spa|2\n|\n|-heal|p2a: Koraidon|61\/100|[from] item: Leftovers\n|upkeep\n|turn|29\n|c|\u2606angl3r|wow\n|c|\u2606angl3r|why did i think that would do wayyyy  more\n|\n|t:|1698503184\n|move|p2a: Koraidon|Taunt|p1a: Arceus\n|-start|p1a: Arceus|move: Taunt\n|cant|p1a: Arceus|move: Taunt|Swords Dance\n|\n|-heal|p2a: Koraidon|68\/100|[from] item: Leftovers\n|upkeep\n|turn|30\n|c|\u2606technoblade 1|:)\n|c| WowACow|Oh naww\n|\n|t:|1698503197\n|switch|p2a: Slowking|Slowking-Galar, F|100\/100\n|move|p1a: Arceus|Extreme Speed|p2a: Slowking\n|-damage|p2a: Slowking|63\/100\n|\n|upkeep\n|turn|31\n|\n|t:|1698503209\n|move|p1a: Arceus|Earthquake|p2a: Slowking\n|-supereffective|p2a: Slowking\n|-damage|p2a: Slowking|12\/100\n|move|p2a: Slowking|Thunder Wave|p1a: Arceus\n|-status|p1a: Arceus|par\n|\n|-end|p1a: Arceus|move: Taunt\n|upkeep\n|turn|32\n|\n|t:|1698503220\n|cant|p1a: Arceus|par\n|move|p2a: Slowking|Slack Off|p2a: Slowking\n|-heal|p2a: Slowking|62\/100\n|\n|upkeep\n|turn|33\n|\n|t:|1698503225\n|move|p1a: Arceus|Swords Dance|p1a: Arceus\n|-boost|p1a: Arceus|atk|2\n|move|p2a: Slowking|Foul Play|p1a: Arceus\n|-damage|p1a: Arceus|22\/100 par\n|\n|upkeep\n|turn|34\n|c| WowACow|Oh nawww\n|c| WowACow|Nawww\n|\n|t:|1698503234\n|switch|p2a: Eelektross|Eelektross, M|100\/100\n|move|p1a: Arceus|Earthquake|p2a: Eelektross\n|-immune|p2a: Eelektross|[from] ability: Levitate\n|\n|upkeep\n|turn|35\n|c| WowACow|NOOOO WAAAAAAY\n|\n|t:|1698503244\n|switch|p1a: Rayquaza|Rayquaza|73\/100\n|-ability|p1a: Rayquaza|Air Lock\n|move|p2a: Eelektross|Thunderbolt|p1a: Rayquaza\n|-damage|p1a: Rayquaza|29\/100\n|\n|upkeep\n|turn|36\n|\n|t:|1698503252\n|move|p1a: Rayquaza|Draco Meteor|p2a: Eelektross\n|-crit|p2a: Eelektross\n|-damage|p2a: Eelektross|0 fnt\n|-unboost|p1a: Rayquaza|spa|2\n|faint|p2a: Eelektross\n|\n|upkeep\n|c| WowACow|Well bascu wins now\n|inactive|technoblade 1 has 270 seconds left.\n|inactive|technoblade 1 has 240 seconds left.\n|l|\u2606technoblade 1\n|inactive|technoblade 1 disconnected and has 300 seconds to reconnect!\n|player|p2|\n|c| WowACow|Dat gren ain't sucker punch in\n|c| WowACow|Ohhhhhhhhhh\n|c| WowACow|He do da left\n|c|\u2606angl3r|wowzers\n|inactive|technoblade 1 has 270 seconds to reconnect!\n|c| WowACow|Rayray gooooobed\n|j|\u2606technoblade 1\n|inactive|technoblade 1 reconnected and has 240 seconds left.\n|player|p2|technoblade 1|265\n|c|\u2606technoblade 1|Wait sorry\n|inactive|technoblade 1 has 210 seconds left.\n|c|\u2606technoblade 1|Dude crit mattered\n|\n|t:|1698503408\n|switch|p2a: Greninja|Greninja, M, tera:Water|50\/100 tox\n|-damage|p2a: Greninja|38\/100 tox|[from] Spikes\n|turn|37\n|\n|t:|1698503422\n|move|p2a: Greninja|Liquidation|p1a: Rayquaza\n|-resisted|p1a: Rayquaza\n|-damage|p1a: Rayquaza|0 fnt\n|faint|p1a: Rayquaza\n|\n|-damage|p2a: Greninja|32\/100 tox|[from] psn\n|upkeep\n|\n|t:|1698503428\n|switch|p1a: Giratina|Giratina-Origin|61\/100\n|turn|38\n|\n|t:|1698503434\n|move|p1a: Giratina|Shadow Sneak|p2a: Greninja\n|-damage|p2a: Greninja|2\/100 tox\n|move|p2a: Greninja|Liquidation|p1a: Giratina\n|-resisted|p1a: Giratina\n|-damage|p1a: Giratina|42\/100\n|\n|-damage|p2a: Greninja|0 fnt|[from] psn\n|faint|p2a: Greninja\n|upkeep\n|\n|t:|1698503444\n|switch|p2a: Koraidon|Koraidon|68\/100\n|-damage|p2a: Koraidon|55\/100|[from] Spikes\n|-weather|SunnyDay|[from] ability: Orichalcum Pulse|[of] p2a: Koraidon\n|-activate|p2a: Koraidon|Orichalcum Pulse|[source]\n|turn|39\n|\n|t:|1698503453\n|move|p1a: Giratina|Shadow Sneak|p2a: Koraidon\n|-crit|p2a: Koraidon\n|-damage|p2a: Koraidon|29\/100\n|move|p2a: Koraidon|Draco Meteor|p1a: Giratina\n|-supereffective|p1a: Giratina\n|-damage|p1a: Giratina|0 fnt\n|-unboost|p2a: Koraidon|spa|2\n|faint|p1a: Giratina\n|\n|-weather|SunnyDay|[upkeep]\n|-heal|p2a: Koraidon|35\/100|[from] item: Leftovers\n|upkeep\n|\n|t:|1698503456\n|switch|p1a: Basculegion|Basculegion-F, F|100\/100\n|turn|40\n|\n|t:|1698503463\n|switch|p2a: Slowking|Slowking-Galar, F|95\/100\n|move|p1a: Basculegion|Last Respects|p2a: Slowking\n|-supereffective|p2a: Slowking\n|-damage|p2a: Slowking|0 fnt\n|faint|p2a: Slowking\n|\n|-weather|SunnyDay|[upkeep]\n|upkeep\n|\n|t:|1698503467\n|switch|p2a: Koraidon|Koraidon|35\/100\n|-damage|p2a: Koraidon|23\/100|[from] Spikes\n|-activate|p2a: Koraidon|ability: Orichalcum Pulse\n|turn|41\n|\n|t:|1698503478\n|move|p1a: Basculegion|Last Respects|p2a: Koraidon\n|-damage|p2a: Koraidon|0 fnt\n|faint|p2a: Koraidon\n|\n|win|angl3r\n|c|\u2606angl3r|gg\n|c|\u2606angl3r|lemme build a new team\n|c|\u2606technoblade 1|Gg\n","uploadtime":1698503490,"views":14,"p1id":"angl3r","p2id":"technoblade1","formatid":"gen9ubers","rating":0,"private":0,"password":""}