{"id":"gen9ubers-1982182401","p1":"FoxasBat","p2":"Dono_XD","format":"[Gen 9] Ubers","log":"|j|\u2606FoxasBat\n|j|\u2606Dono_XD\n|t:|1698976473\n|gametype|singles\n|player|p1|FoxasBat|170|\n|player|p2|Dono_XD|elesa|\n|teamsize|p1|6\n|teamsize|p2|6\n|gen|9\n|tier|[Gen 9] Ubers\n|rule|Sleep Clause Mod: Limit one foe put to sleep\n|rule|Species Clause: Limit one of each Pok\u00e9mon\n|rule|OHKO Clause: OHKO moves are banned\n|rule|Evasion Items Clause: Evasion items are banned\n|rule|Evasion Moves Clause: Evasion moves are banned\n|rule|Endless Battle Clause: Forcing endless battles is banned\n|rule|HP Percentage Mod: HP is shown in percentages\n|clearpoke\n|poke|p1|Clodsire, F|\n|poke|p1|Roaring Moon|\n|poke|p1|Armarouge, M|\n|poke|p1|Decidueye, M|\n|poke|p1|Sliggoo-Hisui, F|\n|poke|p1|Dunsparce, M|\n|poke|p2|Corviknight, M|\n|poke|p2|Gengar, F|\n|poke|p2|Decidueye-Hisui, F|\n|poke|p2|Sableye, F|\n|poke|p2|Raichu, F|\n|poke|p2|Jigglypuff, F|\n|teampreview\n|\n|t:|1698976510\n|start\n|switch|p1a: Dunsparce|Dunsparce, M|100\/100\n|switch|p2a: Noah|Gengar, F, shiny|100\/100\n|turn|1\n|\n|t:|1698976530\n|move|p2a: Noah|Sludge Bomb|p1a: Dunsparce\n|-damage|p1a: Dunsparce|36\/100\n|move|p1a: Dunsparce|Coil|p1a: Dunsparce\n|-boost|p1a: Dunsparce|atk|1\n|-boost|p1a: Dunsparce|def|1\n|-boost|p1a: Dunsparce|accuracy|1\n|\n|-heal|p1a: Dunsparce|42\/100|[from] item: Leftovers\n|upkeep\n|turn|2\n|\n|t:|1698976543\n|move|p2a: Noah|Sludge Bomb|p1a: Dunsparce\n|-damage|p1a: Dunsparce|0 fnt\n|faint|p1a: Dunsparce\n|\n|upkeep\n|\n|t:|1698976559\n|switch|p1a: Armarouge|Armarouge, M|100\/100\n|turn|3\n|\n|t:|1698976576\n|move|p2a: Noah|Sludge Bomb|p1a: Armarouge\n|-damage|p1a: Armarouge|4\/100\n|move|p1a: Armarouge|Calm Mind|p1a: Armarouge\n|-boost|p1a: Armarouge|spa|1\n|-boost|p1a: Armarouge|spd|1\n|\n|upkeep\n|turn|4\n|\n|t:|1698976585\n|move|p2a: Noah|Sludge Bomb|p1a: Armarouge\n|-damage|p1a: Armarouge|0 fnt\n|faint|p1a: Armarouge\n|\n|upkeep\n|\n|t:|1698976599\n|switch|p1a: Sliggoo|Sliggoo-Hisui, F|100\/100\n|turn|5\n|\n|t:|1698976607\n|switch|p2a: Jiggle on dat puff|Jigglypuff, F, shiny|100\/100\n|move|p1a: Sliggoo|Ice Beam|p2a: Jiggle on dat puff\n|-damage|p2a: Jiggle on dat puff|68\/100\n|\n|upkeep\n|turn|6\n|\n|t:|1698976614\n|move|p1a: Sliggoo|Acid Spray|p2a: Jiggle on dat puff\n|-supereffective|p2a: Jiggle on dat puff\n|-damage|p2a: Jiggle on dat puff|41\/100\n|-unboost|p2a: Jiggle on dat puff|spd|2\n|-ability|p2a: Jiggle on dat puff|Competitive|boost\n|-boost|p2a: Jiggle on dat puff|spa|2\n|move|p2a: Jiggle on dat puff|Thunder Wave|p1a: Sliggoo\n|-status|p1a: Sliggoo|par\n|\n|upkeep\n|turn|7\n|\n|t:|1698976629\n|-terastallize|p1a: Sliggoo|Water\n|move|p2a: Jiggle on dat puff|Wish|p2a: Jiggle on dat puff\n|move|p1a: Sliggoo|Acid Spray|p2a: Jiggle on dat puff\n|-supereffective|p2a: Jiggle on dat puff\n|-damage|p2a: Jiggle on dat puff|0 fnt\n|faint|p2a: Jiggle on dat puff\n|\n|upkeep\n|\n|t:|1698976638\n|switch|p2a: Virgil|Raichu, F, shiny|100\/100\n|-item|p2a: Virgil|Air Balloon\n|turn|8\n|\n|t:|1698976644\n|switch|p1a: Clodsire|Clodsire, F|100\/100\n|move|p2a: Virgil|Thunderbolt|p1a: Clodsire\n|-immune|p1a: Clodsire\n|\n|upkeep\n|turn|9\n|\n|t:|1698976657\n|switch|p2a: Noah|Gengar, F, shiny|100\/100\n|move|p1a: Clodsire|Toxic|p2a: Noah\n|-immune|p2a: Noah\n|\n|upkeep\n|turn|10\n|\n|t:|1698976662\n|move|p2a: Noah|Trick|p1a: Clodsire\n|-activate|p2a: Noah|move: Trick|[of] p1a: Clodsire\n|-item|p1a: Clodsire|Choice Specs|[from] move: Trick\n|-item|p2a: Noah|Leftovers|[from] move: Trick\n|move|p1a: Clodsire|Stealth Rock|p2a: Noah\n|-sidestart|p2: Dono_XD|move: Stealth Rock\n|\n|upkeep\n|turn|11\n|\n|t:|1698976672\n|switch|p1a: Sliggoo|Sliggoo-Hisui, F, tera:Water|100\/100 par\n|move|p2a: Noah|Energy Ball|p1a: Sliggoo\n|-ability|p1a: Sliggoo|Sap Sipper|boost\n|-boost|p1a: Sliggoo|atk|1\n|\n|upkeep\n|turn|12\n|\n|t:|1698976688\n|move|p2a: Noah|Shadow Ball|p1a: Sliggoo\n|-damage|p1a: Sliggoo|72\/100 par\n|move|p1a: Sliggoo|Dragon Pulse|p2a: Noah\n|-damage|p2a: Noah|44\/100\n|\n|-heal|p2a: Noah|50\/100|[from] item: Leftovers\n|upkeep\n|turn|13\n|\n|t:|1698976720\n|switch|p2a: Biggest Berd|Corviknight, M, shiny|100\/100\n|-damage|p2a: Biggest Berd|88\/100|[from] Stealth Rock\n|cant|p1a: Sliggoo|par\n|\n|-heal|p2a: Biggest Berd|94\/100|[from] item: Leftovers\n|upkeep\n|turn|14\n|\n|t:|1698976735\n|move|p2a: Biggest Berd|Iron Head|p1a: Sliggoo\n|-resisted|p1a: Sliggoo\n|-damage|p1a: Sliggoo|61\/100 par\n|cant|p1a: Sliggoo|flinch\n|\n|-heal|p2a: Biggest Berd|99\/100|[from] item: Leftovers\n|upkeep\n|turn|15\n|\n|t:|1698976744\n|move|p2a: Biggest Berd|Iron Head|p1a: Sliggoo\n|-resisted|p1a: Sliggoo\n|-damage|p1a: Sliggoo|51\/100 par\n|cant|p1a: Sliggoo|flinch\n|\n|-heal|p2a: Biggest Berd|100\/100|[from] item: Leftovers\n|upkeep\n|turn|16\n|\n|t:|1698976751\n|move|p2a: Biggest Berd|Iron Head|p1a: Sliggoo\n|-resisted|p1a: Sliggoo\n|-damage|p1a: Sliggoo|41\/100 par\n|move|p1a: Sliggoo|Ice Beam|p2a: Biggest Berd\n|-damage|p2a: Biggest Berd|77\/100\n|\n|-heal|p2a: Biggest Berd|83\/100|[from] item: Leftovers\n|upkeep\n|turn|17\n|\n|t:|1698976778\n|move|p2a: Biggest Berd|Iron Head|p1a: Sliggoo\n|-resisted|p1a: Sliggoo\n|-damage|p1a: Sliggoo|30\/100 par\n|cant|p1a: Sliggoo|flinch\n|\n|-heal|p2a: Biggest Berd|89\/100|[from] item: Leftovers\n|upkeep\n|turn|18\n|\n|t:|1698976785\n|move|p2a: Biggest Berd|Iron Head|p1a: Sliggoo\n|-resisted|p1a: Sliggoo\n|-damage|p1a: Sliggoo|20\/100 par\n|move|p1a: Sliggoo|Ice Beam|p2a: Biggest Berd\n|-damage|p2a: Biggest Berd|67\/100\n|\n|-heal|p2a: Biggest Berd|73\/100|[from] item: Leftovers\n|upkeep\n|turn|19\n|\n|t:|1698976796\n|move|p2a: Biggest Berd|Iron Head|p1a: Sliggoo\n|-resisted|p1a: Sliggoo\n|-damage|p1a: Sliggoo|10\/100 par\n|move|p1a: Sliggoo|Flash Cannon|p2a: Biggest Berd\n|-resisted|p2a: Biggest Berd\n|-damage|p2a: Biggest Berd|59\/100\n|\n|-heal|p2a: Biggest Berd|65\/100|[from] item: Leftovers\n|upkeep\n|turn|20\n|\n|t:|1698976806\n|move|p2a: Biggest Berd|Iron Head|p1a: Sliggoo\n|-resisted|p1a: Sliggoo\n|-damage|p1a: Sliggoo|1\/100 par\n|cant|p1a: Sliggoo|flinch\n|\n|-heal|p2a: Biggest Berd|71\/100|[from] item: Leftovers\n|upkeep\n|turn|21\n|\n|t:|1698976825\n|move|p2a: Biggest Berd|Iron Head|p1a: Sliggoo\n|-resisted|p1a: Sliggoo\n|-damage|p1a: Sliggoo|0 fnt\n|faint|p1a: Sliggoo\n|\n|-heal|p2a: Biggest Berd|77\/100|[from] item: Leftovers\n|upkeep\n|\n|t:|1698976832\n|switch|p1a: Decidueye|Decidueye, M|100\/100\n|turn|22\n|\n|t:|1698976841\n|move|p2a: Biggest Berd|Brave Bird|p1a: Decidueye\n|-supereffective|p1a: Decidueye\n|-damage|p1a: Decidueye|36\/100\n|-damage|p2a: Biggest Berd|58\/100|[from] Recoil\n|move|p1a: Decidueye|Spirit Shackle|p2a: Biggest Berd\n|-damage|p2a: Biggest Berd|41\/100\n|-activate|p2a: Biggest Berd|trapped\n|\n|-heal|p2a: Biggest Berd|47\/100|[from] item: Leftovers\n|upkeep\n|turn|23\n|\n|t:|1698976853\n|move|p2a: Biggest Berd|Brave Bird|p1a: Decidueye\n|-supereffective|p1a: Decidueye\n|-damage|p1a: Decidueye|0 fnt\n|faint|p1a: Decidueye\n|-damage|p2a: Biggest Berd|37\/100|[from] Recoil\n|\n|-heal|p2a: Biggest Berd|43\/100|[from] item: Leftovers\n|upkeep\n|\n|t:|1698976860\n|switch|p1a: Roaring Moon|Roaring Moon|100\/100\n|-enditem|p1a: Roaring Moon|Booster Energy\n|-activate|p1a: Roaring Moon|ability: Protosynthesis|[fromitem]\n|-start|p1a: Roaring Moon|protosynthesisatk\n|turn|24\n|\n|t:|1698976873\n|move|p1a: Roaring Moon|Acrobatics|p2a: Biggest Berd\n|-resisted|p2a: Biggest Berd\n|-damage|p2a: Biggest Berd|25\/100\n|move|p2a: Biggest Berd|U-turn|p1a: Roaring Moon\n|-supereffective|p1a: Roaring Moon\n|-damage|p1a: Roaring Moon|61\/100\n|\n|t:|1698976883\n|switch|p2a: Decidueye|Decidueye-Hisui, F, shiny|100\/100|[from] U-turn\n|-damage|p2a: Decidueye|95\/100|[from] Stealth Rock\n|\n|upkeep\n|turn|25\n|\n|t:|1698976888\n|move|p1a: Roaring Moon|Acrobatics|p2a: Decidueye\n|-supereffective|p2a: Decidueye\n|-damage|p2a: Decidueye|0 fnt\n|faint|p2a: Decidueye\n|\n|upkeep\n|\n|t:|1698976903\n|switch|p2a: I smell pennies|Sableye, F|100\/100\n|-damage|p2a: I smell pennies|88\/100|[from] Stealth Rock\n|turn|26\n|\n|t:|1698976919\n|move|p2a: I smell pennies|Will-O-Wisp|p1a: Roaring Moon\n|-hint|Since gen 7, Dark is immune to Prankster moves.\n|-immune|p1a: Roaring Moon\n|move|p1a: Roaring Moon|Acrobatics|p2a: I smell pennies\n|-damage|p2a: I smell pennies|34\/100\n|\n|upkeep\n|turn|27\n|\n|t:|1698976938\n|move|p2a: I smell pennies|Reflect|p2a: I smell pennies\n|-sidestart|p2: Dono_XD|Reflect\n|move|p1a: Roaring Moon|Acrobatics|p2a: I smell pennies\n|-damage|p2a: I smell pennies|8\/100\n|\n|upkeep\n|turn|28\n|\n|t:|1698976947\n|move|p1a: Roaring Moon|Acrobatics|p2a: I smell pennies\n|-damage|p2a: I smell pennies|0 fnt\n|faint|p2a: I smell pennies\n|\n|upkeep\n|\n|t:|1698976967\n|switch|p2a: Noah|Gengar, F, shiny|50\/100\n|-damage|p2a: Noah|38\/100|[from] Stealth Rock\n|turn|29\n|\n|t:|1698977015\n|move|p2a: Noah|Trick|p1a: Roaring Moon\n|-activate|p2a: Noah|move: Trick|[of] p1a: Roaring Moon\n|-item|p1a: Roaring Moon|Leftovers|[from] move: Trick\n|-enditem|p2a: Noah|Leftovers|[silent]|[from] move: Trick\n|move|p1a: Roaring Moon|Knock Off|p2a: Noah\n|-supereffective|p2a: Noah\n|-damage|p2a: Noah|0 fnt\n|faint|p2a: Noah\n|\n|-heal|p1a: Roaring Moon|67\/100|[from] item: Leftovers\n|upkeep\n|\n|t:|1698977026\n|switch|p2a: Virgil|Raichu, F, shiny|100\/100\n|-damage|p2a: Virgil|88\/100|[from] Stealth Rock\n|-item|p2a: Virgil|Air Balloon\n|turn|30\n|\n|t:|1698977042\n|-end|p1a: Roaring Moon|Protosynthesis|[silent]\n|switch|p1a: Clodsire|Clodsire, F|100\/100\n|-terastallize|p2a: Virgil|Fairy\n|move|p2a: Virgil|Draining Kiss|p1a: Clodsire\n|-resisted|p1a: Clodsire\n|-damage|p1a: Clodsire|93\/100\n|-heal|p2a: Virgil|98\/100|[from] drain|[of] p1a: Clodsire\n|\n|upkeep\n|turn|31\n|\n|t:|1698977053\n|move|p2a: Virgil|Nasty Plot|p2a: Virgil\n|-boost|p2a: Virgil|spa|2\n|move|p1a: Clodsire|Toxic|p2a: Virgil\n|-status|p2a: Virgil|tox\n|\n|-damage|p2a: Virgil|92\/100 tox|[from] psn\n|upkeep\n|turn|32\n|\n|t:|1698977063\n|move|p2a: Virgil|Nasty Plot|p2a: Virgil\n|-boost|p2a: Virgil|spa|2\n|move|p1a: Clodsire|Toxic|p2a: Virgil\n|-fail|p2a: Virgil|tox\n|\n|-damage|p2a: Virgil|80\/100 tox|[from] psn\n|upkeep\n|turn|33\n|\n|t:|1698977071\n|move|p2a: Virgil|Tera Blast|p1a: Clodsire|[anim] Tera Blast Fairy\n|-resisted|p1a: Clodsire\n|-damage|p1a: Clodsire|83\/100\n|move|p1a: Clodsire|Toxic|p2a: Virgil\n|-fail|p2a: Virgil|tox\n|\n|-damage|p2a: Virgil|61\/100 tox|[from] psn\n|upkeep\n|turn|34\n|\n|t:|1698977078\n|move|p2a: Virgil|Tera Blast|p1a: Clodsire|[anim] Tera Blast Fairy\n|-resisted|p1a: Clodsire\n|-damage|p1a: Clodsire|73\/100\n|move|p1a: Clodsire|Toxic|p2a: Virgil\n|-fail|p2a: Virgil|tox\n|\n|-damage|p2a: Virgil|37\/100 tox|[from] psn\n|-sideend|p2: Dono_XD|Reflect\n|upkeep\n|turn|35\n|\n|t:|1698977086\n|switch|p2a: Biggest Berd|Corviknight, M, shiny|25\/100\n|-damage|p2a: Biggest Berd|13\/100|[from] Stealth Rock\n|move|p1a: Clodsire|Toxic|p2a: Biggest Berd\n|-immune|p2a: Biggest Berd\n|\n|-heal|p2a: Biggest Berd|19\/100|[from] item: Leftovers\n|upkeep\n|turn|36\n|\n|t:|1698977095\n|switch|p1a: Roaring Moon|Roaring Moon|67\/100\n|move|p2a: Biggest Berd|Roost|p2a: Biggest Berd\n|-heal|p2a: Biggest Berd|69\/100\n|-singleturn|p2a: Biggest Berd|move: Roost\n|\n|-heal|p1a: Roaring Moon|73\/100|[from] item: Leftovers\n|-heal|p2a: Biggest Berd|75\/100|[from] item: Leftovers\n|upkeep\n|turn|37\n|\n|t:|1698977107\n|move|p1a: Roaring Moon|Earthquake|p2a: Biggest Berd\n|-immune|p2a: Biggest Berd\n|move|p2a: Biggest Berd|Iron Head|p1a: Roaring Moon\n|-damage|p1a: Roaring Moon|42\/100\n|\n|-heal|p1a: Roaring Moon|48\/100|[from] item: Leftovers\n|-heal|p2a: Biggest Berd|81\/100|[from] item: Leftovers\n|upkeep\n|turn|38\n|\n|t:|1698977118\n|move|p1a: Roaring Moon|Knock Off|p2a: Biggest Berd\n|-damage|p2a: Biggest Berd|46\/100\n|-enditem|p2a: Biggest Berd|Leftovers|[from] move: Knock Off|[of] p1a: Roaring Moon\n|move|p2a: Biggest Berd|Iron Head|p1a: Roaring Moon\n|-damage|p1a: Roaring Moon|16\/100\n|\n|-heal|p1a: Roaring Moon|22\/100|[from] item: Leftovers\n|upkeep\n|turn|39\n|\n|t:|1698977138\n|move|p1a: Roaring Moon|Knock Off|p2a: Biggest Berd\n|-damage|p2a: Biggest Berd|24\/100\n|move|p2a: Biggest Berd|Iron Head|p1a: Roaring Moon\n|-damage|p1a: Roaring Moon|0 fnt\n|faint|p1a: Roaring Moon\n|-end|p1a: Roaring Moon|Protosynthesis|[silent]\n|\n|upkeep\n|\n|t:|1698977144\n|switch|p1a: Clodsire|Clodsire, F|73\/100\n|turn|40\n|\n|t:|1698977163\n|move|p2a: Biggest Berd|Roost|p2a: Biggest Berd\n|-heal|p2a: Biggest Berd|74\/100\n|-singleturn|p2a: Biggest Berd|move: Roost\n|move|p1a: Clodsire|Recover|p1a: Clodsire\n|-heal|p1a: Clodsire|100\/100\n|\n|upkeep\n|turn|41\n|\n|t:|1698977188\n|move|p2a: Biggest Berd|Roost|p2a: Biggest Berd\n|-heal|p2a: Biggest Berd|100\/100\n|-singleturn|p2a: Biggest Berd|move: Roost\n|move|p1a: Clodsire|Recover||[still]\n|-fail|p1a: Clodsire|heal\n|\n|upkeep\n|turn|42\n|\n|t:|1698977195\n|move|p2a: Biggest Berd|Iron Head|p1a: Clodsire\n|-damage|p1a: Clodsire|75\/100\n|move|p1a: Clodsire|Recover|p1a: Clodsire\n|-heal|p1a: Clodsire|100\/100\n|\n|upkeep\n|turn|43\n|\n|t:|1698977202\n|move|p2a: Biggest Berd|Iron Head|p1a: Clodsire\n|-damage|p1a: Clodsire|72\/100\n|move|p1a: Clodsire|Recover|p1a: Clodsire\n|-heal|p1a: Clodsire|100\/100\n|\n|upkeep\n|turn|44\n|\n|t:|1698977209\n|move|p2a: Biggest Berd|Iron Head|p1a: Clodsire\n|-damage|p1a: Clodsire|73\/100\n|move|p1a: Clodsire|Recover|p1a: Clodsire\n|-heal|p1a: Clodsire|100\/100\n|\n|upkeep\n|turn|45\n|\n|t:|1698977217\n|move|p2a: Biggest Berd|Iron Head|p1a: Clodsire\n|-damage|p1a: Clodsire|75\/100\n|move|p1a: Clodsire|Recover|p1a: Clodsire\n|-heal|p1a: Clodsire|100\/100\n|\n|upkeep\n|turn|46\n|\n|t:|1698977223\n|move|p2a: Biggest Berd|Iron Head|p1a: Clodsire\n|-damage|p1a: Clodsire|74\/100\n|move|p1a: Clodsire|Recover|p1a: Clodsire\n|-heal|p1a: Clodsire|100\/100\n|\n|upkeep\n|turn|47\n|\n|t:|1698977227\n|move|p2a: Biggest Berd|Iron Head|p1a: Clodsire\n|-damage|p1a: Clodsire|76\/100\n|move|p1a: Clodsire|Recover|p1a: Clodsire\n|-heal|p1a: Clodsire|100\/100\n|\n|upkeep\n|turn|48\n|\n|t:|1698977232\n|move|p2a: Biggest Berd|Iron Head|p1a: Clodsire\n|-damage|p1a: Clodsire|75\/100\n|-activate|p1a: Clodsire|move: Struggle\n|move|p1a: Clodsire|Struggle|p2a: Biggest Berd\n|-damage|p2a: Biggest Berd|95\/100\n|-damage|p1a: Clodsire|50\/100|[from] recoil\n|\n|upkeep\n|turn|49\n|\n|t:|1698977238\n|move|p2a: Biggest Berd|Iron Head|p1a: Clodsire\n|-damage|p1a: Clodsire|25\/100\n|cant|p1a: Clodsire|flinch\n|\n|upkeep\n|turn|50\n|\n|t:|1698977243\n|move|p2a: Biggest Berd|Iron Head|p1a: Clodsire\n|-damage|p1a: Clodsire|0 fnt\n|faint|p1a: Clodsire\n|\n|win|Dono_XD\n","uploadtime":1698977248,"views":13,"p1id":"foxasbat","p2id":"donoxd","formatid":"gen9ubers","rating":0,"private":0,"password":""}