{"id":"gen9ubers-1989375134","p1":"Future king of ou","p2":"qoplij","format":"[Gen 9] Ubers","log":"|j|\u2606Future king of ou\n|j|\u2606qoplij\n|t:|1699842363\n|gametype|singles\n|player|p1|Future king of ou|alec-anime|\n|player|p2|qoplij|riley|\n|teamsize|p1|6\n|teamsize|p2|6\n|gen|9\n|tier|[Gen 9] Ubers\n|rated|Tournament battle\n|rule|Sleep Clause Mod: Limit one foe put to sleep\n|rule|Species Clause: Limit one of each Pok\u00e9mon\n|rule|OHKO Clause: OHKO moves are banned\n|rule|Evasion Items Clause: Evasion items are banned\n|rule|Evasion Moves Clause: Evasion moves are banned\n|rule|Endless Battle Clause: Forcing endless battles is banned\n|rule|HP Percentage Mod: HP is shown in percentages\n|clearpoke\n|poke|p1|Ribombee, M|\n|poke|p1|Koraidon|\n|poke|p1|Zacian-*|\n|poke|p1|Arceus-Ground|\n|poke|p1|Shaymin-Sky|\n|poke|p1|Miraidon|\n|poke|p2|Kyogre|\n|poke|p2|Miraidon|\n|poke|p2|Toxapex, F|\n|poke|p2|Iron Jugulis|\n|poke|p2|Groudon|\n|poke|p2|Zacian-*|\n|teampreview\n|inactive|Battle timer is ON: inactive players will automatically lose when time's up. (requested by Future king of ou)\n|\n|t:|1699842375\n|start\n|switch|p1a: Ribombee|Ribombee, M|100\/100\n|switch|p2a: Toxapex|Toxapex, F|100\/100\n|turn|1\n|\n|t:|1699842379\n|move|p1a: Ribombee|Stun Spore|p2a: Toxapex\n|-status|p2a: Toxapex|par\n|cant|p2a: Toxapex|par\n|\n|upkeep\n|turn|2\n|\n|t:|1699842383\n|move|p1a: Ribombee|Sticky Web|p2a: Toxapex\n|-sidestart|p2: qoplij|move: Sticky Web\n|cant|p2a: Toxapex|par\n|\n|upkeep\n|turn|3\n|\n|t:|1699842387\n|switch|p1a: Miraidon|Miraidon|100\/100\n|-fieldstart|move: Electric Terrain|[from] ability: Hadron Engine|[of] p1a: Miraidon\n|cant|p2a: Toxapex|par\n|\n|upkeep\n|turn|4\n|\n|t:|1699842395\n|switch|p2a: Groudon|Groudon|100\/100\n|-weather|SunnyDay|[from] ability: Drought|[of] p2a: Groudon\n|move|p1a: Miraidon|Substitute|p1a: Miraidon\n|-start|p1a: Miraidon|Substitute\n|-damage|p1a: Miraidon|76\/100\n|\n|-weather|SunnyDay|[upkeep]\n|upkeep\n|turn|5\n|c|\u2606Future king of ou|Lmao\n|\n|t:|1699842398\n|move|p1a: Miraidon|Calm Mind|p1a: Miraidon\n|-boost|p1a: Miraidon|spa|1\n|-boost|p1a: Miraidon|spd|1\n|move|p2a: Groudon|Earthquake|p1a: Miraidon\n|-supereffective|p1a: Miraidon\n|-end|p1a: Miraidon|Substitute\n|\n|-weather|SunnyDay|[upkeep]\n|upkeep\n|turn|6\n|\n|t:|1699842404\n|move|p1a: Miraidon|Draco Meteor|p2a: Groudon\n|-damage|p2a: Groudon|0 fnt\n|-unboost|p1a: Miraidon|spa|2\n|faint|p2a: Groudon\n|-damage|p1a: Miraidon|66\/100|[from] item: Life Orb\n|\n|-weather|SunnyDay|[upkeep]\n|upkeep\n|\n|t:|1699842411\n|switch|p2a: Zacian|Zacian|100\/100\n|-activate|p2a: Zacian|move: Sticky Web\n|-unboost|p2a: Zacian|spe|1\n|-ability|p2a: Zacian|Intrepid Sword|boost\n|-boost|p2a: Zacian|atk|1\n|turn|7\n|\n|t:|1699842415\n|move|p1a: Miraidon|Parabolic Charge|p2a: Zacian\n|-damage|p2a: Zacian|52\/100\n|-heal|p1a: Miraidon|88\/100|[from] drain|[of] p2a: Zacian\n|-damage|p1a: Miraidon|79\/100|[from] item: Life Orb\n|move|p2a: Zacian|Play Rough|p1a: Miraidon\n|-supereffective|p1a: Miraidon\n|-damage|p1a: Miraidon|0 fnt\n|faint|p1a: Miraidon\n|\n|-weather|SunnyDay|[upkeep]\n|-fieldend|move: Electric Terrain\n|upkeep\n|\n|t:|1699842421\n|switch|p1a: Arceus|Arceus-Ground|100\/100\n|turn|8\n|\n|t:|1699842428\n|move|p1a: Arceus|Dragon Dance|p1a: Arceus\n|-boost|p1a: Arceus|atk|1\n|-boost|p1a: Arceus|spe|1\n|move|p2a: Zacian|Play Rough|p1a: Arceus\n|-damage|p1a: Arceus|26\/100\n|\n|-weather|none\n|upkeep\n|turn|9\n|\n|t:|1699842430\n|switch|p2a: Yveltlol|Iron Jugulis|100\/100\n|move|p1a: Arceus|Earthquake|p2a: Yveltlol\n|-immune|p2a: Yveltlol\n|\n|upkeep\n|turn|10\n|\n|t:|1699842433\n|move|p1a: Arceus|Dragon Claw|p2a: Yveltlol\n|-damage|p2a: Yveltlol|47\/100\n|move|p2a: Yveltlol|Tailwind|p2a: Yveltlol\n|-sidestart|p2: qoplij|move: Tailwind\n|\n|upkeep\n|turn|11\n|\n|t:|1699842435\n|move|p2a: Yveltlol|Dark Pulse|p1a: Arceus\n|-damage|p1a: Arceus|0 fnt\n|faint|p1a: Arceus\n|-damage|p2a: Yveltlol|37\/100|[from] item: Life Orb\n|\n|upkeep\n|\n|t:|1699842438\n|switch|p1a: Shaymin|Shaymin-Sky|100\/100\n|turn|12\n|j| Cloakedbymist\n|\n|t:|1699842451\n|move|p2a: Yveltlol|U-turn|p1a: Shaymin\n|-damage|p1a: Shaymin|79\/100\n|-damage|p2a: Yveltlol|28\/100|[from] item: Life Orb\n|\n|t:|1699842455\n|-end|p2a: Yveltlol|Quark Drive|[silent]\n|switch|p2a: Zacian|Zacian|52\/100|[from] U-turn\n|-activate|p2a: Zacian|move: Sticky Web\n|-unboost|p2a: Zacian|spe|1\n|move|p1a: Shaymin|Air Slash|p2a: Zacian\n|-damage|p2a: Zacian|19\/100\n|\n|upkeep\n|turn|13\n|\n|t:|1699842462\n|switch|p1a: Ribombee|Ribombee, M|100\/100\n|move|p2a: Zacian|Play Rough|p1a: Ribombee\n|-enditem|p1a: Ribombee|Focus Sash\n|-damage|p1a: Ribombee|1\/100\n|\n|-sideend|p2: qoplij|move: Tailwind\n|upkeep\n|turn|14\n|\n|t:|1699842478\n|move|p1a: Ribombee|Moonblast|p2a: Zacian\n|-damage|p2a: Zacian|0 fnt\n|faint|p2a: Zacian\n|\n|upkeep\n|\n|t:|1699842481\n|switch|p2a: Miraidon|Miraidon|100\/100\n|-activate|p2a: Miraidon|move: Sticky Web\n|-unboost|p2a: Miraidon|spe|1\n|-fieldstart|move: Electric Terrain|[from] ability: Hadron Engine|[of] p2a: Miraidon\n|turn|15\n|\n|t:|1699842486\n|move|p1a: Ribombee|Moonblast|p2a: Miraidon\n|-supereffective|p2a: Miraidon\n|-damage|p2a: Miraidon|33\/100\n|move|p2a: Miraidon|Volt Switch|p1a: Ribombee\n|-damage|p1a: Ribombee|0 fnt\n|faint|p1a: Ribombee\n|\n|t:|1699842507\n|switch|p2a: Yveltlol|Iron Jugulis|28\/100|[from] Volt Switch\n|-activate|p2a: Yveltlol|ability: Quark Drive\n|-start|p2a: Yveltlol|quarkdrivespa\n|\n|upkeep\n|\n|t:|1699842511\n|switch|p1a: Zacian|Zacian-Crowned|100\/100\n|-ability|p1a: Zacian|Intrepid Sword|boost\n|-boost|p1a: Zacian|atk|1\n|turn|16\n|\n|t:|1699842515\n|-end|p2a: Yveltlol|Quark Drive|[silent]\n|switch|p2a: Toxapex|Toxapex, F|100\/100 par\n|-activate|p2a: Toxapex|move: Sticky Web\n|-unboost|p2a: Toxapex|spe|1\n|move|p1a: Zacian|Behemoth Blade|p2a: Toxapex\n|-resisted|p2a: Toxapex\n|-damage|p2a: Toxapex|76\/100 par\n|\n|upkeep\n|turn|17\n|\n|t:|1699842520\n|switch|p1a: Shaymin|Shaymin-Sky|79\/100\n|move|p2a: Toxapex|Infestation|p1a: Shaymin\n|-damage|p1a: Shaymin|75\/100\n|-activate|p1a: Shaymin|move: Infestation|[of] p2a: Toxapex\n|\n|-damage|p1a: Shaymin|62\/100|[from] move: Infestation|[partiallytrapped]\n|upkeep\n|turn|18\n|\n|t:|1699842529\n|-terastallize|p1a: Shaymin|Flying\n|move|p1a: Shaymin|Air Slash|p2a: Toxapex\n|-damage|p2a: Toxapex|33\/100 par\n|move|p2a: Toxapex|Toxic Spikes|p1a: Shaymin\n|-sidestart|p1: Future king of ou|move: Toxic Spikes\n|\n|-damage|p1a: Shaymin|50\/100|[from] move: Infestation|[partiallytrapped]\n|upkeep\n|turn|19\n|\n|t:|1699842540\n|switch|p2a: Miraidon|Miraidon|33\/100\n|-activate|p2a: Miraidon|move: Sticky Web\n|-unboost|p2a: Miraidon|spe|1\n|-activate|p2a: Miraidon|ability: Hadron Engine\n|move|p1a: Shaymin|Air Slash|p2a: Miraidon\n|-resisted|p2a: Miraidon\n|-damage|p2a: Miraidon|11\/100\n|\n|-end|p1a: Shaymin|Infestation|[partiallytrapped]|[silent]\n|-fieldend|move: Electric Terrain\n|upkeep\n|turn|20\n|\n|t:|1699842548\n|move|p1a: Shaymin|Air Slash|p2a: Miraidon\n|-resisted|p2a: Miraidon\n|-damage|p2a: Miraidon|0 fnt\n|faint|p2a: Miraidon\n|\n|upkeep\n|\n|t:|1699842552\n|switch|p2a: Toxapex|Toxapex, F|66\/100 par\n|-activate|p2a: Toxapex|move: Sticky Web\n|-unboost|p2a: Toxapex|spe|1\n|turn|21\n|\n|t:|1699842555\n|move|p1a: Shaymin|Air Slash|p2a: Toxapex\n|-damage|p2a: Toxapex|24\/100 par\n|cant|p2a: Toxapex|flinch\n|\n|upkeep\n|turn|22\n|\n|t:|1699842557\n|move|p1a: Shaymin|Air Slash|p2a: Toxapex\n|-damage|p2a: Toxapex|0 fnt\n|faint|p2a: Toxapex\n|\n|upkeep\n|j| laprasplayer\n|\n|t:|1699842561\n|switch|p2a: Kyogre|Kyogre|100\/100\n|-activate|p2a: Kyogre|move: Sticky Web\n|-unboost|p2a: Kyogre|spe|1\n|-weather|RainDance|[from] ability: Drizzle|[of] p2a: Kyogre\n|turn|23\n|\n|t:|1699842569\n|move|p1a: Shaymin|Air Slash|p2a: Kyogre\n|-damage|p2a: Kyogre|69\/100\n|cant|p2a: Kyogre|flinch\n|\n|-weather|RainDance|[upkeep]\n|upkeep\n|turn|24\n|\n|t:|1699842570\n|move|p1a: Shaymin|Air Slash|p2a: Kyogre\n|-damage|p2a: Kyogre|35\/100\n|cant|p2a: Kyogre|flinch\n|\n|-weather|RainDance|[upkeep]\n|upkeep\n|turn|25\n|\n|t:|1699842572\n|move|p1a: Shaymin|Air Slash|p2a: Kyogre\n|-damage|p2a: Kyogre|4\/100\n|move|p2a: Kyogre|Thunder|p1a: Shaymin\n|-supereffective|p1a: Shaymin\n|-damage|p1a: Shaymin|0 fnt\n|faint|p1a: Shaymin\n|\n|-weather|RainDance|[upkeep]\n|upkeep\n|\n|t:|1699842573\n|switch|p1a: Koraidon|Koraidon|100\/100\n|-status|p1a: Koraidon|psn\n|-weather|SunnyDay|[from] ability: Orichalcum Pulse|[of] p1a: Koraidon\n|-activate|p1a: Koraidon|Orichalcum Pulse|[source]\n|turn|26\n|-message|qoplij forfeited.\n|\n|win|Future king of ou\n|n|\u2606Future king of ou|futurekingofou\n|n|\u2606qoplij|qoplij\n|n| Cloakedbymist|cloakedbymist\n|n| laprasplayer|laprasplayer\n","uploadtime":1699842577,"views":16,"p1id":"futurekingofou","p2id":"qoplij","formatid":"gen9ubers","rating":0,"private":0,"password":""}