{"id":"gen9ubers-1989188872","p1":"Djmemphis","p2":"Chris6497","format":"[Gen 9] Ubers","log":"|j|\u2606Djmemphis\n|j|\u203dChris6497\n|t:|1699821545\n|gametype|singles\n|player|p1|Djmemphis|wallace|1439\n|player|p2|Chris6497|koga|1282\n|teamsize|p1|6\n|teamsize|p2|6\n|gen|9\n|tier|[Gen 9] Ubers\n|rated|\n|rule|Sleep Clause Mod: Limit one foe put to sleep\n|rule|Species Clause: Limit one of each Pok\u00e9mon\n|rule|OHKO Clause: OHKO moves are banned\n|rule|Evasion Items Clause: Evasion items are banned\n|rule|Evasion Moves Clause: Evasion moves are banned\n|rule|Endless Battle Clause: Forcing endless battles is banned\n|rule|HP Percentage Mod: HP is shown in percentages\n|clearpoke\n|poke|p1|Groudon|\n|poke|p1|Kyogre|\n|poke|p1|Zacian-*|\n|poke|p1|Koraidon|\n|poke|p1|Flutter Mane|\n|poke|p1|Iron Treads|\n|poke|p2|Gliscor, F|\n|poke|p2|Giratina|\n|poke|p2|Landorus, M|\n|poke|p2|Arceus|\n|poke|p2|Magearna|\n|poke|p2|Ursaluna-Bloodmoon, M|\n|teampreview\n|inactive|Battle timer is ON: inactive players will automatically lose when time's up. (requested by Chris6497)\n|\n|t:|1699821550\n|start\n|switch|p1a: Kyogre|Kyogre, shiny|100\/100\n|switch|p2a: Ursaluna|Ursaluna-Bloodmoon, M|100\/100\n|-weather|RainDance|[from] ability: Drizzle|[of] p1a: Kyogre\n|turn|1\n|\n|t:|1699821555\n|switch|p2a: Giratina|Giratina|100\/100\n|-ability|p2a: Giratina|Pressure\n|move|p1a: Kyogre|Water Spout|p2a: Giratina\n|-resisted|p2a: Giratina\n|-crit|p2a: Giratina\n|-damage|p2a: Giratina|32\/100\n|\n|-weather|RainDance|[upkeep]\n|upkeep\n|turn|2\n|\n|t:|1699821562\n|move|p1a: Kyogre|Water Spout|p2a: Giratina\n|-resisted|p2a: Giratina\n|-damage|p2a: Giratina|0 fnt\n|faint|p2a: Giratina\n|\n|-weather|RainDance|[upkeep]\n|upkeep\n|\n|t:|1699821568\n|switch|p2a: Landorus|Landorus, M|100\/100\n|turn|3\n|\n|t:|1699821590\n|switch|p1a: Groudon|Groudon|100\/100\n|-weather|SunnyDay|[from] ability: Drought|[of] p1a: Groudon\n|move|p2a: Landorus|Earth Power|p1a: Groudon\n|-damage|p1a: Groudon|50\/100\n|\n|-weather|SunnyDay|[upkeep]\n|-heal|p1a: Groudon|56\/100|[from] item: Leftovers\n|upkeep\n|turn|4\n|\n|t:|1699821593\n|move|p2a: Landorus|Earth Power|p1a: Groudon\n|-damage|p1a: Groudon|6\/100\n|move|p1a: Groudon|Spikes|p2a: Landorus\n|-sidestart|p2: Chris6497|Spikes\n|\n|-weather|SunnyDay|[upkeep]\n|-heal|p1a: Groudon|12\/100|[from] item: Leftovers\n|upkeep\n|turn|5\n|\n|t:|1699821596\n|move|p2a: Landorus|Earth Power|p1a: Groudon\n|-damage|p1a: Groudon|0 fnt\n|faint|p1a: Groudon\n|\n|-weather|SunnyDay|[upkeep]\n|upkeep\n|\n|t:|1699821603\n|switch|p1a: Kyogre|Kyogre, shiny|100\/100\n|-weather|RainDance|[from] ability: Drizzle|[of] p1a: Kyogre\n|turn|6\n|inactive|Chris6497 has 120 seconds left.\n|l|\u203dChris6497\n|inactive|Chris6497 disconnected and has a minute to reconnect!\n|player|p2|\n|j|\u203dChris6497\n|inactive|Chris6497 reconnected and has 100 seconds left.\n|player|p2|Chris6497|koga\n|n|\u203dChris6497|chris6497\n|n|\u203dChris6497|chris6497\n|n|\u203dChris6497|chris6497\n|n|\u203dChris6497|chris6497\n|n|\u203dChris6497|chris6497\n|n|\u203dChris6497|chris6497\n|n|\u203dChris6497|chris6497\n|n|\u203dChris6497|chris6497\n|n|\u203dChris6497|chris6497\n|n|\u203dChris6497|chris6497\n|n|\u203dChris6497|chris6497\n|n|\u203dChris6497|chris6497\n|n|\u203dChris6497|chris6497\n|n|\u203dChris6497|chris6497\n|n|\u203dChris6497|chris6497\n|n|\u203dChris6497|chris6497\n|n|\u203dChris6497|chris6497\n|inactive|Chris6497 has 90 seconds left.\n|\n|t:|1699821663\n|move|p2a: Landorus|Earth Power|p1a: Kyogre\n|-damage|p1a: Kyogre|59\/100\n|move|p1a: Kyogre|Surf|p2a: Landorus\n|-supereffective|p2a: Landorus\n|-damage|p2a: Landorus|0 fnt\n|faint|p2a: Landorus\n|\n|-weather|RainDance|[upkeep]\n|upkeep\n|inactive|Chris6497 has 90 seconds left.\n|\n|t:|1699821674\n|switch|p2a: Magearna|Magearna|100\/100\n|-damage|p2a: Magearna|88\/100|[from] Spikes\n|turn|7\n|\n|t:|1699821680\n|move|p1a: Kyogre|Surf|p2a: Magearna\n|-damage|p2a: Magearna|0 fnt\n|faint|p2a: Magearna\n|\n|-weather|RainDance|[upkeep]\n|upkeep\n|inactive|Chris6497 has 90 seconds left.\n|\n|t:|1699821691\n|switch|p2a: Gliscor|Gliscor, F|100\/100\n|turn|8\n|\n|t:|1699821694\n|move|p2a: Gliscor|Protect|p2a: Gliscor\n|-singleturn|p2a: Gliscor|Protect\n|move|p1a: Kyogre|Surf|p2a: Gliscor\n|-activate|p2a: Gliscor|move: Protect\n|\n|-weather|RainDance|[upkeep]\n|-status|p2a: Gliscor|tox|[from] item: Toxic Orb\n|upkeep\n|turn|9\n|\n|t:|1699821696\n|-terastallize|p1a: Kyogre|Water\n|move|p1a: Kyogre|Surf|p2a: Gliscor\n|-supereffective|p2a: Gliscor\n|-damage|p2a: Gliscor|0 fnt\n|faint|p2a: Gliscor\n|\n|-weather|RainDance|[upkeep]\n|upkeep\n|\n|t:|1699821698\n|switch|p2a: Ursaluna|Ursaluna-Bloodmoon, M|100\/100\n|-damage|p2a: Ursaluna|88\/100|[from] Spikes\n|turn|10\n|\n|t:|1699821700\n|move|p1a: Kyogre|Surf|p2a: Ursaluna\n|-supereffective|p2a: Ursaluna\n|-damage|p2a: Ursaluna|0 fnt\n|faint|p2a: Ursaluna\n|\n|-weather|none\n|upkeep\n|\n|t:|1699821702\n|switch|p2a: Arceus|Arceus|100\/100\n|turn|11\n|\n|t:|1699821704\n|switch|p1a: Koraidon|Koraidon|100\/100\n|-weather|SunnyDay|[from] ability: Orichalcum Pulse|[of] p1a: Koraidon\n|-activate|p1a: Koraidon|Orichalcum Pulse|[source]\n|move|p2a: Arceus|Dragon Dance|p2a: Arceus\n|-boost|p2a: Arceus|atk|1\n|-boost|p2a: Arceus|spe|1\n|\n|-weather|SunnyDay|[upkeep]\n|upkeep\n|turn|12\n|\n|t:|1699821708\n|-terastallize|p2a: Arceus|Ghost\n|move|p1a: Koraidon|Dragon Claw|p2a: Arceus\n|-damage|p2a: Arceus|54\/100\n|move|p2a: Arceus|Dragon Dance|p2a: Arceus\n|-boost|p2a: Arceus|atk|1\n|-boost|p2a: Arceus|spe|1\n|\n|-weather|SunnyDay|[upkeep]\n|upkeep\n|turn|13\n|\n|t:|1699821711\n|move|p2a: Arceus|Extreme Speed|p1a: Koraidon\n|-damage|p1a: Koraidon|24\/100\n|move|p1a: Koraidon|Dragon Claw|p2a: Arceus\n|-damage|p2a: Arceus|7\/100\n|\n|-weather|SunnyDay|[upkeep]\n|upkeep\n|turn|14\n|\n|t:|1699821715\n|move|p2a: Arceus|Extreme Speed|p1a: Koraidon\n|-damage|p1a: Koraidon|0 fnt\n|faint|p1a: Koraidon\n|\n|-weather|SunnyDay|[upkeep]\n|upkeep\n|\n|t:|1699821717\n|switch|p1a: Iron Treads|Iron Treads|100\/100\n|-enditem|p1a: Iron Treads|Booster Energy\n|-activate|p1a: Iron Treads|ability: Quark Drive|[fromitem]\n|-start|p1a: Iron Treads|quarkdrivespe\n|turn|15\n|\n|t:|1699821719\n|move|p2a: Arceus|Earthquake|p1a: Iron Treads\n|-supereffective|p1a: Iron Treads\n|-damage|p1a: Iron Treads|0 fnt\n|faint|p1a: Iron Treads\n|-end|p1a: Iron Treads|Quark Drive|[silent]\n|\n|-weather|none\n|upkeep\n|\n|t:|1699821732\n|switch|p1a: Kyogre|Kyogre, shiny, tera:Water|59\/100\n|-weather|RainDance|[from] ability: Drizzle|[of] p1a: Kyogre\n|turn|16\n|\n|t:|1699821737\n|move|p2a: Arceus|Earthquake|p1a: Kyogre\n|-damage|p1a: Kyogre|0 fnt\n|faint|p1a: Kyogre\n|\n|-weather|RainDance|[upkeep]\n|upkeep\n|\n|t:|1699821739\n|switch|p1a: Zacian|Zacian-Crowned, shiny|100\/100\n|-ability|p1a: Zacian|Intrepid Sword|boost\n|-boost|p1a: Zacian|atk|1\n|turn|17\n|\n|t:|1699821742\n|move|p2a: Arceus|Earthquake|p1a: Zacian\n|-supereffective|p1a: Zacian\n|-damage|p1a: Zacian|0 fnt\n|faint|p1a: Zacian\n|\n|-weather|RainDance|[upkeep]\n|upkeep\n|\n|t:|1699821743\n|switch|p1a: Flutter Mane|Flutter Mane|100\/100\n|turn|18\n|\n|t:|1699821744\n|move|p2a: Arceus|Shadow Claw|p1a: Flutter Mane\n|-supereffective|p1a: Flutter Mane\n|-damage|p1a: Flutter Mane|0 fnt\n|faint|p1a: Flutter Mane\n|-end|p1a: Flutter Mane|Protosynthesis|[silent]\n|\n|win|Chris6497\n|raw|Djmemphis's rating: 1439 &rarr; <strong>1411<\/strong><br \/>(-28 for losing)\n|raw|Chris6497's rating: 1282 &rarr; <strong>1318<\/strong><br \/>(+36 for winning)\n|l|\u2606Djmemphis\n","uploadtime":1699821749,"views":15,"p1id":"djmemphis","p2id":"chris6497","formatid":"gen9ubers","rating":1318,"private":0,"password":""}