{"id":"gen9ubers-1980446881","p1":"S3nKay","p2":"ofmon777","format":"[Gen 9] Ubers","log":"|j|\u2606S3nKay\n|j|\u2606ofmon777\n|t:|1698785729\n|gametype|singles\n|player|p1|S3nKay|1|\n|player|p2|ofmon777|gentleman|\n|teamsize|p1|6\n|teamsize|p2|6\n|gen|9\n|tier|[Gen 9] Ubers\n|rule|Sleep Clause Mod: Limit one foe put to sleep\n|rule|Species Clause: Limit one of each Pok\u00e9mon\n|rule|OHKO Clause: OHKO moves are banned\n|rule|Evasion Items Clause: Evasion items are banned\n|rule|Evasion Moves Clause: Evasion moves are banned\n|rule|Endless Battle Clause: Forcing endless battles is banned\n|rule|HP Percentage Mod: HP is shown in percentages\n|clearpoke\n|poke|p1|Sableye, F|\n|poke|p1|Raichu, M|\n|poke|p1|Great Tusk|\n|poke|p1|Pawmot, M|\n|poke|p1|Torkoal, F|\n|poke|p1|Murkrow, M|\n|poke|p2|Walking Wake|\n|poke|p2|Scizor, M|\n|poke|p2|Pelipper, F|\n|poke|p2|Quagsire, F|\n|poke|p2|Floatzel, F|\n|poke|p2|Barraskewda, M|\n|teampreview\n|\n|t:|1698785767\n|start\n|switch|p1a: Sableye|Sableye, F|100\/100\n|switch|p2a: Forecast|Pelipper, F|100\/100\n|-weather|RainDance|[from] ability: Drizzle|[of] p2a: Forecast\n|turn|1\n|\n|t:|1698785783\n|move|p1a: Sableye|Thunder Wave|p2a: Forecast\n|-status|p2a: Forecast|par\n|cant|p2a: Forecast|par\n|\n|-weather|RainDance|[upkeep]\n|upkeep\n|turn|2\n|\n|t:|1698785797\n|switch|p1a: Torkoal|Torkoal, F|100\/100\n|-weather|SunnyDay|[from] ability: Drought|[of] p1a: Torkoal\n|move|p2a: Forecast|Hurricane|p1a: Torkoal\n|-damage|p1a: Torkoal|53\/100\n|-start|p1a: Torkoal|confusion\n|\n|-weather|SunnyDay|[upkeep]\n|upkeep\n|turn|3\n|\n|t:|1698785817\n|switch|p2a: Mr.BlueSky|Quagsire, F|100\/100\n|-activate|p1a: Torkoal|confusion\n|move|p1a: Torkoal|Stealth Rock|p2a: Mr.BlueSky\n|-sidestart|p2: ofmon777|move: Stealth Rock\n|\n|-weather|SunnyDay|[upkeep]\n|upkeep\n|turn|4\n|\n|t:|1698785830\n|move|p2a: Mr.BlueSky|Rain Dance|p2a: Mr.BlueSky\n|-weather|RainDance\n|-activate|p1a: Torkoal|confusion\n|move|p1a: Torkoal|Yawn|p2a: Mr.BlueSky\n|-start|p2a: Mr.BlueSky|move: Yawn|[of] p1a: Torkoal\n|\n|-weather|RainDance|[upkeep]\n|upkeep\n|turn|5\n|\n|t:|1698785857\n|switch|p2a: Forecast|Pelipper, F|100\/100 par\n|-damage|p2a: Forecast|75\/100 par|[from] Stealth Rock\n|switch|p1a: Sableye|Sableye, F|100\/100\n|\n|-weather|RainDance|[upkeep]\n|upkeep\n|turn|6\n|\n|t:|1698785888\n|switch|p1a: Torkoal|Torkoal, F|53\/100\n|-weather|SunnyDay|[from] ability: Drought|[of] p1a: Torkoal\n|move|p2a: Forecast|U-turn|p1a: Torkoal\n|-resisted|p1a: Torkoal\n|-damage|p1a: Torkoal|51\/100\n|\n|t:|1698785894\n|switch|p2a: Mr.BlueSky|Quagsire, F|100\/100|[from] U-turn\n|-damage|p2a: Mr.BlueSky|94\/100|[from] Stealth Rock\n|\n|-weather|SunnyDay|[upkeep]\n|-heal|p2a: Mr.BlueSky|100\/100|[from] item: Leftovers\n|upkeep\n|turn|7\n|\n|t:|1698785904\n|switch|p1a: Raichu|Raichu, M|100\/100\n|move|p2a: Mr.BlueSky|Earthquake|p1a: Raichu\n|-supereffective|p1a: Raichu\n|-enditem|p1a: Raichu|Focus Sash\n|-damage|p1a: Raichu|1\/100\n|\n|-weather|SunnyDay|[upkeep]\n|upkeep\n|turn|8\n|\n|t:|1698785945\n|switch|p2a: MegaMan|Scizor, M, shiny|100\/100\n|-damage|p2a: MegaMan|88\/100|[from] Stealth Rock\n|move|p1a: Raichu|Grass Knot|p2a: MegaMan\n|-resisted|p2a: MegaMan\n|-damage|p2a: MegaMan|78\/100\n|\n|-weather|SunnyDay|[upkeep]\n|upkeep\n|turn|9\n|\n|t:|1698785958\n|switch|p1a: Torkoal|Torkoal, F|51\/100\n|move|p2a: MegaMan|Swords Dance|p2a: MegaMan\n|-boost|p2a: MegaMan|atk|2\n|\n|-weather|SunnyDay|[upkeep]\n|upkeep\n|turn|10\n|\n|t:|1698785992\n|move|p2a: MegaMan|Close Combat|p1a: Torkoal\n|-damage|p1a: Torkoal|0 fnt\n|-unboost|p2a: MegaMan|def|1\n|-unboost|p2a: MegaMan|spd|1\n|faint|p1a: Torkoal\n|-damage|p2a: MegaMan|68\/100|[from] item: Life Orb\n|\n|-weather|SunnyDay|[upkeep]\n|upkeep\n|\n|t:|1698786009\n|switch|p1a: Murkrow|Murkrow, M|100\/100\n|turn|11\n|\n|t:|1698786022\n|move|p1a: Murkrow|Thunder Wave|p2a: MegaMan|[miss]\n|-miss|p1a: Murkrow|p2a: MegaMan\n|move|p2a: MegaMan|Close Combat|p1a: Murkrow\n|-enditem|p1a: Murkrow|Focus Sash\n|-damage|p1a: Murkrow|1\/100\n|-unboost|p2a: MegaMan|def|1\n|-unboost|p2a: MegaMan|spd|1\n|-damage|p2a: MegaMan|59\/100|[from] item: Life Orb\n|\n|-weather|SunnyDay|[upkeep]\n|upkeep\n|turn|12\n|\n|t:|1698786032\n|move|p2a: MegaMan|Bullet Punch|p1a: Murkrow\n|-damage|p1a: Murkrow|0 fnt\n|faint|p1a: Murkrow\n|-damage|p2a: MegaMan|49\/100|[from] item: Life Orb\n|\n|-weather|SunnyDay|[upkeep]\n|upkeep\n|\n|t:|1698786045\n|switch|p1a: Sableye|Sableye, F|100\/100\n|turn|13\n|\n|t:|1698786055\n|move|p2a: MegaMan|Bullet Punch|p1a: Sableye\n|-damage|p1a: Sableye|0 fnt\n|faint|p1a: Sableye\n|-damage|p2a: MegaMan|39\/100|[from] item: Life Orb\n|\n|-weather|none\n|upkeep\n|\n|t:|1698786060\n|switch|p1a: Great Tusk|Great Tusk|100\/100\n|turn|14\n|\n|t:|1698786066\n|move|p2a: MegaMan|Bullet Punch|p1a: Great Tusk\n|-damage|p1a: Great Tusk|40\/100\n|-damage|p2a: MegaMan|29\/100|[from] item: Life Orb\n|move|p1a: Great Tusk|Close Combat|p2a: MegaMan\n|-damage|p2a: MegaMan|0 fnt\n|-unboost|p1a: Great Tusk|def|1\n|-unboost|p1a: Great Tusk|spd|1\n|faint|p2a: MegaMan\n|\n|upkeep\n|\n|t:|1698786075\n|switch|p2a: Forecast|Pelipper, F|75\/100 par\n|-damage|p2a: Forecast|50\/100 par|[from] Stealth Rock\n|-weather|RainDance|[from] ability: Drizzle|[of] p2a: Forecast\n|turn|15\n|\n|t:|1698786081\n|-end|p1a: Great Tusk|Protosynthesis|[silent]\n|switch|p1a: Raichu|Raichu, M|1\/100\n|cant|p2a: Forecast|par\n|\n|-weather|RainDance|[upkeep]\n|upkeep\n|turn|16\n|\n|t:|1698786090\n|move|p1a: Raichu|Thunder|p2a: Forecast\n|-supereffective|p2a: Forecast\n|-damage|p2a: Forecast|0 fnt\n|faint|p2a: Forecast\n|\n|-weather|RainDance|[upkeep]\n|upkeep\n|\n|t:|1698786095\n|switch|p2a: That Guy|Floatzel, F|100\/100\n|-damage|p2a: That Guy|88\/100|[from] Stealth Rock\n|turn|17\n|\n|t:|1698786103\n|-terastallize|p2a: That Guy|Water\n|move|p2a: That Guy|Wave Crash|p1a: Raichu\n|-damage|p1a: Raichu|0 fnt\n|faint|p1a: Raichu\n|-damage|p2a: That Guy|88\/100|[from] Recoil\n|\n|-weather|RainDance|[upkeep]\n|upkeep\n|\n|t:|1698786107\n|switch|p1a: Great Tusk|Great Tusk|40\/100\n|turn|18\n|\n|t:|1698786111\n|move|p2a: That Guy|Wave Crash|p1a: Great Tusk\n|-supereffective|p1a: Great Tusk\n|-damage|p1a: Great Tusk|0 fnt\n|faint|p1a: Great Tusk\n|-end|p1a: Great Tusk|Protosynthesis|[silent]\n|-damage|p2a: That Guy|73\/100|[from] Recoil\n|\n|-weather|RainDance|[upkeep]\n|upkeep\n|\n|t:|1698786114\n|switch|p1a: Pawmot|Pawmot, M|100\/100\n|turn|19\n|\n|t:|1698786119\n|-terastallize|p1a: Pawmot|Fighting\n|move|p1a: Pawmot|Mach Punch|p2a: That Guy\n|-damage|p2a: That Guy|0 fnt\n|faint|p2a: That Guy\n|-damage|p1a: Pawmot|91\/100|[from] item: Life Orb\n|\n|-weather|RainDance|[upkeep]\n|upkeep\n|\n|t:|1698786127\n|switch|p2a: ICBM|Barraskewda, M, shiny|100\/100\n|-damage|p2a: ICBM|88\/100|[from] Stealth Rock\n|turn|20\n|\n|t:|1698786133\n|move|p1a: Pawmot|Mach Punch|p2a: ICBM\n|-damage|p2a: ICBM|8\/100\n|-damage|p1a: Pawmot|81\/100|[from] item: Life Orb\n|move|p2a: ICBM|Psychic Fangs|p1a: Pawmot\n|-supereffective|p1a: Pawmot\n|-damage|p1a: Pawmot|0 fnt\n|faint|p1a: Pawmot\n|\n|win|ofmon777\n","uploadtime":1698786148,"views":31,"p1id":"s3nkay","p2id":"ofmon777","formatid":"gen9ubers","rating":0,"private":0,"password":""}