{"id":"gen9ubers-1982233231","p1":"ogerused","p2":"godiamsosorry","format":"[Gen 9] Ubers","log":"|j|\u2606ogerused\n|j|\u2606godiamsosorry\n|t:|1698982298\n|gametype|singles\n|player|p1|ogerused|bianca|\n|player|p2|godiamsosorry|lady|\n|teamsize|p1|6\n|teamsize|p2|6\n|gen|9\n|tier|[Gen 9] Ubers\n|rule|Sleep Clause Mod: Limit one foe put to sleep\n|rule|Species Clause: Limit one of each Pok\u00e9mon\n|rule|OHKO Clause: OHKO moves are banned\n|rule|Evasion Items Clause: Evasion items are banned\n|rule|Evasion Moves Clause: Evasion moves are banned\n|rule|Endless Battle Clause: Forcing endless battles is banned\n|rule|HP Percentage Mod: HP is shown in percentages\n|clearpoke\n|poke|p1|Pincurchin, M|\n|poke|p1|Azelf|\n|poke|p1|Landorus-Therian, M|\n|poke|p1|Greninja-*, M|\n|poke|p1|Thundurus, M|\n|poke|p1|Empoleon, M|\n|poke|p2|Koraidon|\n|poke|p2|Victreebel, M|\n|poke|p2|Scream Tail|\n|poke|p2|Volcanion|\n|poke|p2|Infernape, M|\n|poke|p2|Weezing-Galar, M|\n|teampreview\n|\n|t:|1698982334\n|start\n|switch|p1a: Wake Me Up|Pincurchin, M|100\/100\n|switch|p2a: Koraidon|Koraidon|100\/100\n|-weather|SunnyDay|[from] ability: Orichalcum Pulse|[of] p2a: Koraidon\n|-activate|p2a: Koraidon|Orichalcum Pulse|[source]\n|-fieldstart|move: Electric Terrain|[from] ability: Electric Surge|[of] p1a: Wake Me Up\n|turn|1\n|\n|t:|1698982354\n|switch|p1a: Strawberry Milk|Landorus-Therian, M|100\/100\n|-ability|p1a: Strawberry Milk|Intimidate|boost\n|-unboost|p2a: Koraidon|atk|1\n|-enditem|p1a: Strawberry Milk|Electric Seed\n|-boost|p1a: Strawberry Milk|def|1|[from] item: Electric Seed\n|move|p2a: Koraidon|Taunt|p1a: Strawberry Milk\n|-start|p1a: Strawberry Milk|move: Taunt\n|\n|-weather|SunnyDay|[upkeep]\n|upkeep\n|turn|2\n|\n|t:|1698982360\n|move|p1a: Strawberry Milk|Earth Power|p2a: Koraidon\n|-damage|p2a: Koraidon|66\/100\n|-unboost|p2a: Koraidon|spd|1\n|move|p2a: Koraidon|Roar|p1a: Strawberry Milk\n|drag|p1a: Nascar|Thundurus, M|100\/100\n|-enditem|p1a: Nascar|Electric Seed\n|-boost|p1a: Nascar|def|1|[from] item: Electric Seed\n|\n|-weather|SunnyDay|[upkeep]\n|upkeep\n|turn|3\n|\n|t:|1698982370\n|move|p1a: Nascar|Acrobatics|p2a: Koraidon\n|-supereffective|p2a: Koraidon\n|-damage|p2a: Koraidon|0 fnt\n|faint|p2a: Koraidon\n|\n|-weather|SunnyDay|[upkeep]\n|upkeep\n|\n|t:|1698982373\n|switch|p2a: Scream Tail|Scream Tail|100\/100\n|-activate|p2a: Scream Tail|ability: Protosynthesis\n|-start|p2a: Scream Tail|protosynthesisdef\n|turn|4\n|\n|t:|1698982378\n|move|p1a: Nascar|Acrobatics|p2a: Scream Tail\n|-damage|p2a: Scream Tail|74\/100\n|move|p2a: Scream Tail|Stealth Rock|p1a: Nascar\n|-sidestart|p1: ogerused|move: Stealth Rock\n|\n|-weather|SunnyDay|[upkeep]\n|-heal|p2a: Scream Tail|80\/100|[from] item: Leftovers\n|upkeep\n|turn|5\n|\n|t:|1698982384\n|-end|p2a: Scream Tail|Protosynthesis|[silent]\n|switch|p2a: Weezing|Weezing-Galar, M, shiny|100\/100\n|move|p1a: Nascar|Thunder Wave|p2a: Weezing\n|-status|p2a: Weezing|par\n|\n|-weather|SunnyDay|[upkeep]\n|upkeep\n|turn|6\n|inactive|Battle timer is ON: inactive players will automatically lose when time's up. (requested by ogerused)\n|\n|t:|1698982393\n|move|p1a: Nascar|Bulk Up|p1a: Nascar\n|-boost|p1a: Nascar|atk|1\n|-boost|p1a: Nascar|def|1\n|move|p2a: Weezing|Toxic|p1a: Nascar\n|-status|p1a: Nascar|tox\n|\n|-weather|SunnyDay|[upkeep]\n|-damage|p1a: Nascar|94\/100 tox|[from] psn\n|upkeep\n|turn|7\n|\n|t:|1698982398\n|move|p1a: Nascar|Acrobatics|p2a: Weezing\n|-damage|p2a: Weezing|51\/100 par\n|move|p2a: Weezing|Strange Steam|p1a: Nascar\n|-damage|p1a: Nascar|60\/100 tox\n|-start|p1a: Nascar|confusion\n|\n|-weather|SunnyDay|[upkeep]\n|-heal|p2a: Weezing|57\/100 par|[from] item: Leftovers\n|-damage|p1a: Nascar|48\/100 tox|[from] psn\n|upkeep\n|turn|8\n|\n|t:|1698982405\n|-activate|p1a: Nascar|confusion\n|move|p1a: Nascar|Acrobatics|p2a: Weezing\n|-damage|p2a: Weezing|2\/100 par\n|cant|p2a: Weezing|par\n|\n|-weather|none\n|-heal|p2a: Weezing|8\/100 par|[from] item: Leftovers\n|-damage|p1a: Nascar|30\/100 tox|[from] psn\n|-fieldend|move: Electric Terrain\n|upkeep\n|turn|9\n|\n|t:|1698982411\n|switch|p2a: Scream Tail|Scream Tail|80\/100\n|-activate|p1a: Nascar|confusion\n|move|p1a: Nascar|Acrobatics|p2a: Scream Tail\n|-damage|p2a: Scream Tail|30\/100\n|\n|-heal|p2a: Scream Tail|37\/100|[from] item: Leftovers\n|-damage|p1a: Nascar|6\/100 tox|[from] psn\n|upkeep\n|turn|10\n|\n|t:|1698982416\n|-end|p2a: Scream Tail|Protosynthesis|[silent]\n|switch|p2a: Weezing|Weezing-Galar, M, shiny|8\/100 par\n|-activate|p1a: Nascar|confusion\n|move|p1a: Nascar|Thunder Wave|p2a: Weezing\n|-fail|p2a: Weezing|par\n|\n|-heal|p2a: Weezing|14\/100 par|[from] item: Leftovers\n|-damage|p1a: Nascar|0 fnt|[from] psn\n|faint|p1a: Nascar\n|upkeep\n|c|\u2606godiamsosorry|Gg...\n|c|\u2606godiamsosorry|I lost my sun.\n|-message|godiamsosorry forfeited.\n|\n|win|ogerused\n|l|\u2606godiamsosorry\n","uploadtime":1698982434,"views":13,"p1id":"ogerused","p2id":"godiamsosorry","formatid":"gen9ubers","rating":0,"private":0,"password":""}