{"id":"gen9ubers-1971539319","p1":"Electricratman","p2":"gelatoasdf","format":"[Gen 9] Ubers","log":"|j|\u2606Electricratman\n|j|\u2606gelatoasdf\n|t:|1697746631\n|gametype|singles\n|player|p1|Electricratman|2|1041\n|player|p2|gelatoasdf|xerosic|1105\n|teamsize|p1|6\n|teamsize|p2|6\n|gen|9\n|tier|[Gen 9] Ubers\n|rated|\n|rule|Sleep Clause Mod: Limit one foe put to sleep\n|rule|Species Clause: Limit one of each Pok\u00e9mon\n|rule|OHKO Clause: OHKO moves are banned\n|rule|Evasion Items Clause: Evasion items are banned\n|rule|Evasion Moves Clause: Evasion moves are banned\n|rule|Endless Battle Clause: Forcing endless battles is banned\n|rule|HP Percentage Mod: HP is shown in percentages\n|clearpoke\n|poke|p1|Weezing-Galar, M|\n|poke|p1|Rillaboom, M|\n|poke|p1|Greninja-*, M|\n|poke|p1|Magearna|\n|poke|p1|Hawlucha, M|\n|poke|p1|Thundurus-Therian, M|\n|poke|p2|Cyclizar, M|\n|poke|p2|Chien-Pao|\n|poke|p2|Iron Treads|\n|poke|p2|Miraidon|\n|poke|p2|Annihilape, M|\n|poke|p2|Espathra, F|\n|teampreview\n|\n|t:|1697746674\n|start\n|switch|p1a: Thundurus|Thundurus-Therian, M|100\/100\n|switch|p2a: the hog|Iron Treads, shiny|100\/100\n|-enditem|p2a: the hog|Booster Energy\n|-activate|p2a: the hog|ability: Quark Drive|[fromitem]\n|-start|p2a: the hog|quarkdrivespe\n|turn|1\n|inactive|Battle timer is ON: inactive players will automatically lose when time's up. (requested by Electricratman)\n|\n|t:|1697746763\n|move|p2a: the hog|Stealth Rock|p1a: Thundurus\n|-sidestart|p1: Electricratman|move: Stealth Rock\n|move|p1a: Thundurus|Focus Blast|p2a: the hog|[miss]\n|-miss|p1a: Thundurus|p2a: the hog\n|\n|upkeep\n|turn|2\n|\n|t:|1697746783\n|switch|p1a: Rillaboom|Rillaboom, M|100\/100\n|-damage|p1a: Rillaboom|88\/100|[from] Stealth Rock\n|-fieldstart|move: Grassy Terrain|[from] ability: Grassy Surge|[of] p1a: Rillaboom\n|move|p2a: the hog|Steel Beam|p1a: Rillaboom\n|-damage|p1a: Rillaboom|20\/100\n|-damage|p2a: the hog|50\/100|[from] steelbeam\n|\n|-heal|p2a: the hog|57\/100|[from] Grassy Terrain\n|-heal|p1a: Rillaboom|27\/100|[from] Grassy Terrain\n|upkeep\n|turn|3\n|\n|t:|1697746796\n|move|p1a: Rillaboom|Grassy Glide|p2a: the hog\n|-damage|p2a: the hog|11\/100\n|move|p2a: the hog|Steel Beam|p1a: Rillaboom\n|-damage|p1a: Rillaboom|0 fnt\n|-damage|p2a: the hog|0 fnt|[from] steelbeam\n|faint|p2a: the hog\n|-end|p2a: the hog|Quark Drive|[silent]\n|faint|p1a: Rillaboom\n|\n|upkeep\n|\n|t:|1697746808\n|switch|p2a: Cyclizar|Cyclizar, M, shiny|100\/100\n|switch|p1a: Hawlucha|Hawlucha, M, shiny|100\/100\n|-damage|p1a: Hawlucha|88\/100|[from] Stealth Rock\n|-enditem|p1a: Hawlucha|Grassy Seed\n|-boost|p1a: Hawlucha|def|1|[from] item: Grassy Seed\n|turn|4\n|inactive|gelatoasdf has 120 seconds left.\n|inactive|gelatoasdf has 90 seconds left.\n|\n|t:|1697746874\n|move|p2a: Cyclizar|Shed Tail|p2a: Cyclizar\n|-start|p2a: Cyclizar|Substitute|[from] move: Shed Tail\n|-damage|p2a: Cyclizar|50\/100\n|\n|t:|1697746877\n|switch|p2a: Annihilape|Annihilape, M|100\/100|[from] Shed Tail\n|move|p1a: Hawlucha|Close Combat|p2a: Annihilape\n|-immune|p2a: Annihilape\n|\n|upkeep\n|turn|5\n|inactive|gelatoasdf has 90 seconds left.\n|inactive|Electricratman has 120 seconds left.\n|\n|t:|1697746910\n|move|p1a: Hawlucha|Acrobatics|p2a: Annihilape\n|-supereffective|p2a: Annihilape\n|-end|p2a: Annihilape|Substitute\n|move|p2a: Annihilape|Bulk Up|p2a: Annihilape\n|-boost|p2a: Annihilape|atk|1\n|-boost|p2a: Annihilape|def|1\n|\n|upkeep\n|turn|6\n|\n|t:|1697746922\n|-terastallize|p2a: Annihilape|Water\n|move|p1a: Hawlucha|Acrobatics|p2a: Annihilape\n|-damage|p2a: Annihilape|70\/100\n|move|p2a: Annihilape|Bulk Up|p2a: Annihilape\n|-boost|p2a: Annihilape|atk|1\n|-boost|p2a: Annihilape|def|1\n|\n|-heal|p2a: Annihilape|76\/100|[from] Grassy Terrain\n|-heal|p2a: Annihilape|82\/100|[from] item: Leftovers\n|-fieldend|move: Grassy Terrain\n|upkeep\n|turn|7\n|\n|t:|1697746935\n|move|p1a: Hawlucha|Swords Dance|p1a: Hawlucha\n|-boost|p1a: Hawlucha|atk|2\n|move|p2a: Annihilape|Rage Fist|p1a: Hawlucha\n|-damage|p1a: Hawlucha|30\/100\n|\n|-heal|p2a: Annihilape|88\/100|[from] item: Leftovers\n|upkeep\n|turn|8\n|inactive|gelatoasdf has 90 seconds left.\n|\n|t:|1697746945\n|move|p1a: Hawlucha|Close Combat|p2a: Annihilape\n|-damage|p2a: Annihilape|34\/100\n|-unboost|p1a: Hawlucha|def|1\n|-unboost|p1a: Hawlucha|spd|1\n|move|p2a: Annihilape|Rage Fist|p1a: Hawlucha\n|-damage|p1a: Hawlucha|0 fnt\n|faint|p1a: Hawlucha\n|\n|-heal|p2a: Annihilape|40\/100|[from] item: Leftovers\n|upkeep\n|inactive|Electricratman has 120 seconds left.\n|\n|t:|1697746978\n|switch|p1a: Thundurus|Thundurus-Therian, M|100\/100\n|-damage|p1a: Thundurus|76\/100|[from] Stealth Rock\n|turn|9\n|\n|t:|1697746986\n|move|p1a: Thundurus|Volt Switch|p2a: Annihilape\n|-supereffective|p2a: Annihilape\n|-damage|p2a: Annihilape|0 fnt\n|faint|p2a: Annihilape\n|\n|t:|1697747002\n|switch|p1a: Weezing|Weezing-Galar, M|100\/100|[from] Volt Switch\n|-ability|p1a: Weezing|Neutralizing Gas\n|\n|upkeep\n|\n|t:|1697747006\n|switch|p2a: Espathra|Espathra, F|100\/100\n|turn|10\n|inactive|gelatoasdf has 120 seconds left.\n|\n|t:|1697747017\n|-terastallize|p1a: Weezing|Dark\n|move|p2a: Espathra|Calm Mind|p2a: Espathra\n|-boost|p2a: Espathra|spa|1\n|-boost|p2a: Espathra|spd|1\n|move|p1a: Weezing|Defog|p2a: Espathra\n|-unboost|p2a: Espathra|evasion|1\n|-sideend|p1: Electricratman|Stealth Rock|[from] move: Defog|[of] p1a: Weezing\n|\n|upkeep\n|turn|11\n|inactive|gelatoasdf has 120 seconds left.\n|\n|t:|1697747041\n|move|p2a: Espathra|Calm Mind|p2a: Espathra\n|-boost|p2a: Espathra|spa|1\n|-boost|p2a: Espathra|spd|1\n|move|p1a: Weezing|Dark Pulse|p2a: Espathra\n|-supereffective|p2a: Espathra\n|-damage|p2a: Espathra|51\/100\n|\n|upkeep\n|turn|12\n|\n|t:|1697747050\n|move|p2a: Espathra|Roost|p2a: Espathra\n|-heal|p2a: Espathra|100\/100\n|-singleturn|p2a: Espathra|move: Roost\n|move|p1a: Weezing|Dark Pulse|p2a: Espathra\n|-supereffective|p2a: Espathra\n|-damage|p2a: Espathra|52\/100\n|\n|upkeep\n|turn|13\n|\n|t:|1697747057\n|move|p2a: Espathra|Calm Mind|p2a: Espathra\n|-boost|p2a: Espathra|spa|1\n|-boost|p2a: Espathra|spd|1\n|move|p1a: Weezing|Dark Pulse|p2a: Espathra\n|-supereffective|p2a: Espathra\n|-damage|p2a: Espathra|13\/100\n|\n|upkeep\n|turn|14\n|inactive|gelatoasdf has 120 seconds left.\n|l|\u2606Electricratman\n|inactive|Electricratman disconnected and has a minute to reconnect!\n|player|p1|\n|inactive|gelatoasdf has 90 seconds left.\n|j|\u2606Electricratman\n|inactive|Electricratman reconnected.\n|player|p1|Electricratman|2\n|\n|t:|1697747129\n|move|p2a: Espathra|Roost|p2a: Espathra\n|-heal|p2a: Espathra|63\/100\n|-singleturn|p2a: Espathra|move: Roost\n|move|p1a: Weezing|Dark Pulse|p2a: Espathra\n|-supereffective|p2a: Espathra\n|-crit|p2a: Espathra\n|-damage|p2a: Espathra|0 fnt\n|faint|p2a: Espathra\n|\n|upkeep\n|\n|t:|1697747137\n|switch|p2a: Chien-Pao|Chien-Pao|100\/100\n|turn|15\n|inactive|Electricratman has 120 seconds left.\n|\n|t:|1697747153\n|move|p2a: Chien-Pao|Sacred Sword|p1a: Weezing\n|-supereffective|p1a: Weezing\n|-damage|p1a: Weezing|47\/100\n|move|p1a: Weezing|Strange Steam|p2a: Chien-Pao\n|-supereffective|p2a: Chien-Pao\n|-damage|p2a: Chien-Pao|0 fnt\n|faint|p2a: Chien-Pao\n|\n|upkeep\n|inactive|gelatoasdf has 60 seconds left.\n|inactive|gelatoasdf has 30 seconds left.\n|inactive|gelatoasdf has 20 seconds left.\n|inactive|gelatoasdf has 15 seconds left.\n|\n|t:|1697747216\n|switch|p2a: Miraidon|Miraidon|100\/100\n|turn|16\n|inactive|gelatoasdf has 25 seconds left this turn.\n|inactive|Electricratman has 120 seconds left.\n|\n|t:|1697747231\n|move|p2a: Miraidon|Parabolic Charge|p1a: Weezing\n|-damage|p1a: Weezing|0 fnt\n|faint|p1a: Weezing\n|-end|p1a: Weezing|ability: Neutralizing Gas\n|-fieldstart|move: Electric Terrain|[from] ability: Hadron Engine|[of] p2a: Miraidon\n|\n|upkeep\n|inactive|gelatoasdf has 30 seconds left this turn.\n|\n|t:|1697747254\n|switch|p1a: Thundurus|Thundurus-Therian, M|76\/100\n|turn|17\n|inactive|gelatoasdf has 30 seconds left.\n|inactive|gelatoasdf has 20 seconds left.\n|inactive|gelatoasdf has 15 seconds left.\n|\n|t:|1697747279\n|move|p1a: Thundurus|Flash Cannon|p2a: Miraidon\n|-resisted|p2a: Miraidon\n|-damage|p2a: Miraidon|84\/100\n|move|p2a: Miraidon|Calm Mind|p2a: Miraidon\n|-boost|p2a: Miraidon|spa|1\n|-boost|p2a: Miraidon|spd|1\n|\n|-heal|p2a: Miraidon|90\/100|[from] item: Leftovers\n|upkeep\n|turn|18\n|inactive|gelatoasdf has 25 seconds left this turn.\n|inactive|gelatoasdf has 20 seconds left.\n|inactive|Electricratman has 90 seconds left.\n|\n|t:|1697747299\n|move|p1a: Thundurus|Flash Cannon|p2a: Miraidon\n|-resisted|p2a: Miraidon\n|-damage|p2a: Miraidon|79\/100\n|move|p2a: Miraidon|Calm Mind|p2a: Miraidon\n|-boost|p2a: Miraidon|spa|1\n|-boost|p2a: Miraidon|spd|1\n|\n|-heal|p2a: Miraidon|85\/100|[from] item: Leftovers\n|upkeep\n|turn|19\n|inactive|gelatoasdf has 30 seconds left this turn.\n|inactive|Electricratman has 90 seconds left.\n|inactive|gelatoasdf has 20 seconds left.\n|inactive|gelatoasdf has 15 seconds left.\n|inactive|gelatoasdf has 10 seconds left.\n|inactive|gelatoasdf has 5 seconds left.\n|-message|gelatoasdf lost due to inactivity.\n|\n|win|Electricratman\n|raw|Electricratman's rating: 1041 &rarr; <strong>1081<\/strong><br \/>(+40 for winning)\n|raw|gelatoasdf's rating: 1105 &rarr; <strong>1075<\/strong><br \/>(-30 for losing)\n|c|\u2606Electricratman|Gg\n|l|\u2606gelatoasdf\n","uploadtime":1697747400,"views":11,"p1id":"electricratman","p2id":"gelatoasdf","formatid":"gen9ubers","rating":1075,"private":0,"password":""}