{"id":"gen9ubers-1985589874","p1":"slainey","p2":"sub to chompy","format":"[Gen 9] Ubers","log":"|j|\u2606slainey\n|j|\u2606sub to chompy\n|t:|1699387083\n|gametype|singles\n|player|p1|slainey|morty-masters2|\n|player|p2|sub to chompy|1|\n|teamsize|p1|2\n|teamsize|p2|5\n|gen|9\n|tier|[Gen 9] Ubers\n|rule|Sleep Clause Mod: Limit one foe put to sleep\n|rule|Species Clause: Limit one of each Pok\u00e9mon\n|rule|OHKO Clause: OHKO moves are banned\n|rule|Evasion Items Clause: Evasion items are banned\n|rule|Evasion Moves Clause: Evasion moves are banned\n|rule|Endless Battle Clause: Forcing endless battles is banned\n|rule|HP Percentage Mod: HP is shown in percentages\n|clearpoke\n|poke|p1|Shaymin-Sky|\n|poke|p1|Fuecoco, F|\n|poke|p2|Palkia-Origin|\n|poke|p2|Magearna|\n|poke|p2|Dialga|\n|poke|p2|Gholdengo|\n|poke|p2|Blissey, F|\n|teampreview\n|\n|t:|1699387088\n|start\n|switch|p1a: Fuecoco|Fuecoco, F|100\/100\n|switch|p2a: Blissey|Blissey, F|100\/100\n|turn|1\n|\n|t:|1699387093\n|move|p2a: Blissey|Stealth Rock|p1a: Fuecoco\n|-sidestart|p1: slainey|move: Stealth Rock\n|move|p1a: Fuecoco|Bite|p2a: Blissey\n|-damage|p2a: Blissey|93\/100\n|\n|upkeep\n|turn|2\n|\n|t:|1699387099\n|switch|p1a: Shaymin|Shaymin-Sky|100\/100\n|-damage|p1a: Shaymin|76\/100|[from] Stealth Rock\n|move|p2a: Blissey|Soft-Boiled|p2a: Blissey\n|-heal|p2a: Blissey|100\/100\n|\n|-heal|p1a: Shaymin|82\/100|[from] item: Leftovers\n|upkeep\n|turn|3\n|\n|t:|1699387109\n|move|p1a: Shaymin|Substitute|p1a: Shaymin\n|-start|p1a: Shaymin|Substitute\n|-damage|p1a: Shaymin|57\/100\n|move|p2a: Blissey|Thunder Wave||[still]\n|-fail|p2a: Blissey\n|\n|-heal|p1a: Shaymin|63\/100|[from] item: Leftovers\n|upkeep\n|turn|4\n|\n|t:|1699387126\n|move|p1a: Shaymin|Leech Seed|p2a: Blissey\n|-start|p2a: Blissey|move: Leech Seed\n|move|p2a: Blissey|Seismic Toss|p1a: Shaymin\n|-end|p1a: Shaymin|Substitute\n|\n|-heal|p1a: Shaymin|69\/100|[from] item: Leftovers\n|-damage|p2a: Blissey|88\/100|[from] Leech Seed|[of] p1a: Shaymin\n|-heal|p1a: Shaymin|93\/100|[silent]\n|upkeep\n|turn|5\n|\n|t:|1699387132\n|switch|p2a: Dialga|Dialga|100\/100\n|-ability|p2a: Dialga|Pressure\n|move|p1a: Shaymin|Substitute|p1a: Shaymin\n|-start|p1a: Shaymin|Substitute\n|-damage|p1a: Shaymin|68\/100\n|\n|-heal|p1a: Shaymin|74\/100|[from] item: Leftovers\n|upkeep\n|turn|6\n|\n|t:|1699387137\n|move|p1a: Shaymin|Air Slash|p2a: Dialga\n|-resisted|p2a: Dialga\n|-damage|p2a: Dialga|82\/100\n|cant|p2a: Dialga|flinch\n|\n|-heal|p1a: Shaymin|80\/100|[from] item: Leftovers\n|-heal|p2a: Dialga|88\/100|[from] item: Leftovers\n|upkeep\n|turn|7\n|\n|t:|1699387144\n|move|p1a: Shaymin|Leech Seed|p2a: Dialga\n|-start|p2a: Dialga|move: Leech Seed\n|move|p2a: Dialga|Fire Blast|p1a: Shaymin|[miss]\n|-miss|p2a: Dialga|p1a: Shaymin\n|\n|-heal|p1a: Shaymin|86\/100|[from] item: Leftovers\n|-heal|p2a: Dialga|95\/100|[from] item: Leftovers\n|-damage|p2a: Dialga|82\/100|[from] Leech Seed|[of] p1a: Shaymin\n|-heal|p1a: Shaymin|99\/100|[silent]\n|upkeep\n|turn|8\n|\n|t:|1699387151\n|move|p1a: Shaymin|Air Slash|p2a: Dialga\n|-resisted|p2a: Dialga\n|-damage|p2a: Dialga|64\/100\n|cant|p2a: Dialga|flinch\n|\n|-heal|p1a: Shaymin|100\/100|[from] item: Leftovers\n|-heal|p2a: Dialga|70\/100|[from] item: Leftovers\n|-damage|p2a: Dialga|57\/100|[from] Leech Seed|[of] p1a: Shaymin\n|upkeep\n|turn|9\n|\n|t:|1699387159\n|move|p1a: Shaymin|Air Slash|p2a: Dialga\n|-resisted|p2a: Dialga\n|-damage|p2a: Dialga|40\/100\n|cant|p2a: Dialga|flinch\n|\n|-heal|p2a: Dialga|46\/100|[from] item: Leftovers\n|-damage|p2a: Dialga|34\/100|[from] Leech Seed|[of] p1a: Shaymin\n|upkeep\n|turn|10\n|\n|t:|1699387163\n|move|p1a: Shaymin|Protect|p1a: Shaymin\n|-singleturn|p1a: Shaymin|Protect\n|move|p2a: Dialga|Dragon Pulse|p1a: Shaymin\n|-activate|p1a: Shaymin|move: Protect\n|\n|-heal|p2a: Dialga|40\/100|[from] item: Leftovers\n|-damage|p2a: Dialga|27\/100|[from] Leech Seed|[of] p1a: Shaymin\n|upkeep\n|turn|11\n|\n|t:|1699387169\n|move|p1a: Shaymin|Air Slash|p2a: Dialga\n|-resisted|p2a: Dialga\n|-damage|p2a: Dialga|9\/100\n|move|p2a: Dialga|Draco Meteor|p1a: Shaymin\n|-end|p1a: Shaymin|Substitute\n|-unboost|p2a: Dialga|spa|2\n|\n|-heal|p2a: Dialga|15\/100|[from] item: Leftovers\n|-damage|p2a: Dialga|3\/100|[from] Leech Seed|[of] p1a: Shaymin\n|upkeep\n|turn|12\n|\n|t:|1699387179\n|move|p1a: Shaymin|Air Slash|p2a: Dialga|[miss]\n|-miss|p1a: Shaymin|p2a: Dialga\n|move|p2a: Dialga|Fire Blast|p1a: Shaymin\n|-supereffective|p1a: Shaymin\n|-damage|p1a: Shaymin|51\/100\n|\n|-heal|p1a: Shaymin|57\/100|[from] item: Leftovers\n|-heal|p2a: Dialga|9\/100|[from] item: Leftovers\n|-damage|p2a: Dialga|0 fnt|[from] Leech Seed|[of] p1a: Shaymin\n|-heal|p1a: Shaymin|65\/100|[silent]\n|faint|p2a: Dialga\n|upkeep\n|-message|sub to chompy forfeited.\n|\n|win|slainey\n","uploadtime":1699387191,"views":6,"p1id":"slainey","p2id":"subtochompy","formatid":"gen9ubers","rating":0,"private":0,"password":""}