{"id":"gen9ubers-1990118088","p1":"1P1o1s1h1e1","p2":"AlicieLizzie","format":"[Gen 9] Ubers","log":"|j|\u26061P1o1s1h1e1\n|j|\u2606AlicieLizzie\n|t:|1699926472\n|gametype|singles\n|player|p1|1P1o1s1h1e1|170|\n|player|p2|AlicieLizzie|pokemonbreederf|\n|teamsize|p1|6\n|teamsize|p2|6\n|gen|9\n|tier|[Gen 9] Ubers\n|rule|Sleep Clause Mod: Limit one foe put to sleep\n|rule|Species Clause: Limit one of each Pok\u00e9mon\n|rule|OHKO Clause: OHKO moves are banned\n|rule|Evasion Items Clause: Evasion items are banned\n|rule|Evasion Moves Clause: Evasion moves are banned\n|rule|Endless Battle Clause: Forcing endless battles is banned\n|rule|HP Percentage Mod: HP is shown in percentages\n|clearpoke\n|poke|p1|Slowking-Galar, M|\n|poke|p1|Blissey, F|\n|poke|p1|Cyclizar, F|\n|poke|p1|Dialga|\n|poke|p1|Quagsire, M|\n|poke|p1|Gholdengo|\n|poke|p2|Ninetales-Alola, M|\n|poke|p2|Baxcalibur, M|\n|poke|p2|Jirachi|\n|poke|p2|Roaring Moon|\n|poke|p2|Cyclizar, F|\n|poke|p2|Chi-Yu|\n|teampreview\n|inactive|Battle timer is ON: inactive players will automatically lose when time's up. (requested by AlicieLizzie)\n|\n|t:|1699926483\n|start\n|switch|p1a: Slowking|Slowking-Galar, M|100\/100\n|switch|p2a: Round and Round|Cyclizar, F|100\/100\n|turn|1\n|\n|t:|1699926498\n|switch|p1a: Dialga|Dialga|100\/100\n|-ability|p1a: Dialga|Pressure\n|move|p2a: Round and Round|Knock Off|p1a: Dialga\n|-damage|p1a: Dialga|84\/100\n|-enditem|p1a: Dialga|Leftovers|[from] move: Knock Off|[of] p2a: Round and Round\n|\n|upkeep\n|turn|2\n|\n|t:|1699926507\n|move|p2a: Round and Round|Shed Tail|p2a: Round and Round\n|-start|p2a: Round and Round|Substitute|[from] move: Shed Tail\n|-damage|p2a: Round and Round|50\/100\n|\n|t:|1699926509\n|switch|p2a: Nine Inch Tails|Ninetales-Alola, M|100\/100|[from] Shed Tail\n|-weather|Snow|[from] ability: Snow Warning|[of] p2a: Nine Inch Tails\n|move|p1a: Dialga|Dragon Tail|p2a: Nine Inch Tails\n|-immune|p2a: Nine Inch Tails\n|\n|-weather|Snow|[upkeep]\n|upkeep\n|turn|3\n|\n|t:|1699926517\n|move|p2a: Nine Inch Tails|Aurora Veil|p2a: Nine Inch Tails\n|-sidestart|p2: AlicieLizzie|move: Aurora Veil\n|move|p1a: Dialga|Stealth Rock|p2a: Nine Inch Tails\n|-sidestart|p2: AlicieLizzie|move: Stealth Rock\n|\n|-weather|Snow|[upkeep]\n|upkeep\n|turn|4\n|\n|t:|1699926522\n|switch|p1a: Slowking|Slowking-Galar, M|100\/100\n|move|p2a: Nine Inch Tails|Encore||[still]\n|-fail|p2a: Nine Inch Tails\n|\n|-weather|Snow|[upkeep]\n|upkeep\n|turn|5\n|\n|t:|1699926525\n|move|p2a: Nine Inch Tails|Blizzard|p1a: Slowking\n|-damage|p1a: Slowking|68\/100\n|move|p1a: Slowking|Toxic Spikes|p2a: Nine Inch Tails\n|-sidestart|p2: AlicieLizzie|move: Toxic Spikes\n|\n|-weather|Snow|[upkeep]\n|upkeep\n|turn|6\n|\n|t:|1699926534\n|move|p2a: Nine Inch Tails|Blizzard|p1a: Slowking\n|-damage|p1a: Slowking|35\/100\n|move|p1a: Slowking|Toxic Spikes|p2a: Nine Inch Tails\n|-sidestart|p2: AlicieLizzie|move: Toxic Spikes\n|\n|-weather|none\n|upkeep\n|turn|7\n|\n|t:|1699926545\n|switch|p2a: Round and Round|Cyclizar, F|84\/100\n|switch|p1a: Blissey|Blissey, F|100\/100\n|\n|upkeep\n|turn|8\n|\n|t:|1699926552\n|switch|p1a: Gholdengo|Gholdengo|100\/100\n|move|p2a: Round and Round|Knock Off|p1a: Gholdengo\n|-supereffective|p1a: Gholdengo\n|-damage|p1a: Gholdengo|57\/100\n|-enditem|p1a: Gholdengo|Leftovers|[from] move: Knock Off|[of] p2a: Round and Round\n|\n|upkeep\n|turn|9\n|\n|t:|1699926560\n|move|p2a: Round and Round|Shed Tail|p2a: Round and Round\n|-start|p2a: Round and Round|Substitute|[from] move: Shed Tail\n|-damage|p2a: Round and Round|33\/100\n|\n|t:|1699926566\n|switch|p2a: Iron (Head) Maiden|Jirachi|100\/100|[from] Shed Tail\n|-damage|p2a: Iron (Head) Maiden|94\/100|[from] Stealth Rock\n|move|p1a: Gholdengo|Recover|p1a: Gholdengo\n|-heal|p1a: Gholdengo|100\/100\n|\n|upkeep\n|turn|10\n|\n|t:|1699926573\n|move|p2a: Iron (Head) Maiden|Iron Head|p1a: Gholdengo\n|-resisted|p1a: Gholdengo\n|-damage|p1a: Gholdengo|83\/100\n|move|p1a: Gholdengo|Shadow Ball|p2a: Iron (Head) Maiden\n|-supereffective|p2a: Iron (Head) Maiden\n|-end|p2a: Iron (Head) Maiden|Substitute\n|\n|-sideend|p2: AlicieLizzie|move: Aurora Veil\n|upkeep\n|turn|11\n|\n|t:|1699926583\n|move|p2a: Iron (Head) Maiden|Iron Head|p1a: Gholdengo\n|-resisted|p1a: Gholdengo\n|-damage|p1a: Gholdengo|66\/100\n|move|p1a: Gholdengo|Shadow Ball|p2a: Iron (Head) Maiden\n|-supereffective|p2a: Iron (Head) Maiden\n|-damage|p2a: Iron (Head) Maiden|18\/100\n|\n|upkeep\n|turn|12\n|\n|t:|1699926591\n|switch|p2a: Round and Round|Cyclizar, F|67\/100\n|move|p1a: Gholdengo|Recover|p1a: Gholdengo\n|-heal|p1a: Gholdengo|100\/100\n|\n|upkeep\n|turn|13\n|\n|t:|1699926595\n|move|p2a: Round and Round|Knock Off|p1a: Gholdengo\n|-supereffective|p1a: Gholdengo\n|-damage|p1a: Gholdengo|75\/100\n|move|p1a: Gholdengo|Make It Rain|p2a: Round and Round\n|-damage|p2a: Round and Round|0 fnt\n|-unboost|p1a: Gholdengo|spa|1\n|faint|p2a: Round and Round\n|\n|upkeep\n|\n|t:|1699926607\n|switch|p2a: Bax in Black|Baxcalibur, M|100\/100\n|-damage|p2a: Bax in Black|76\/100|[from] Stealth Rock\n|-status|p2a: Bax in Black|tox\n|turn|14\n|\n|t:|1699926611\n|move|p2a: Bax in Black|Earthquake|p1a: Gholdengo\n|-supereffective|p1a: Gholdengo\n|-damage|p1a: Gholdengo|5\/100\n|move|p1a: Gholdengo|Make It Rain|p2a: Bax in Black\n|-supereffective|p2a: Bax in Black\n|-damage|p2a: Bax in Black|0 fnt\n|-unboost|p1a: Gholdengo|spa|1\n|faint|p2a: Bax in Black\n|\n|upkeep\n|\n|t:|1699926619\n|switch|p2a: Iron (Head) Maiden|Jirachi|18\/100\n|-damage|p2a: Iron (Head) Maiden|12\/100|[from] Stealth Rock\n|turn|15\n|\n|t:|1699926626\n|switch|p1a: Slowking|Slowking-Galar, M|69\/100\n|move|p2a: Iron (Head) Maiden|Iron Head|p1a: Slowking\n|-damage|p1a: Slowking|45\/100\n|-damage|p2a: Iron (Head) Maiden|0 fnt|[from] item: Rocky Helmet|[of] p1a: Slowking\n|faint|p2a: Iron (Head) Maiden\n|\n|upkeep\n|\n|t:|1699926638\n|switch|p2a: Bad Moon Rising|Roaring Moon|100\/100\n|-damage|p2a: Bad Moon Rising|88\/100|[from] Stealth Rock\n|-status|p2a: Bad Moon Rising|tox\n|-enditem|p2a: Bad Moon Rising|Booster Energy\n|-activate|p2a: Bad Moon Rising|ability: Protosynthesis|[fromitem]\n|-start|p2a: Bad Moon Rising|protosynthesisatk\n|turn|16\n|\n|t:|1699926645\n|switch|p1a: Quagsire|Quagsire, M|100\/100\n|move|p2a: Bad Moon Rising|Dragon Dance|p2a: Bad Moon Rising\n|-boost|p2a: Bad Moon Rising|atk|1\n|-boost|p2a: Bad Moon Rising|spe|1\n|\n|-damage|p2a: Bad Moon Rising|82\/100 tox|[from] psn\n|upkeep\n|turn|17\n|\n|t:|1699926651\n|move|p2a: Bad Moon Rising|Knock Off|p1a: Quagsire\n|-damage|p1a: Quagsire|44\/100\n|-enditem|p1a: Quagsire|Leftovers|[from] move: Knock Off|[of] p2a: Bad Moon Rising\n|move|p1a: Quagsire|Earthquake|p2a: Bad Moon Rising\n|-damage|p2a: Bad Moon Rising|45\/100 tox\n|\n|-damage|p2a: Bad Moon Rising|33\/100 tox|[from] psn\n|upkeep\n|turn|18\n|\n|t:|1699926662\n|-terastallize|p2a: Bad Moon Rising|Flying\n|move|p2a: Bad Moon Rising|Acrobatics|p1a: Quagsire\n|-damage|p1a: Quagsire|0 fnt\n|faint|p1a: Quagsire\n|\n|-damage|p2a: Bad Moon Rising|15\/100 tox|[from] psn\n|upkeep\n|\n|t:|1699926668\n|switch|p1a: Gholdengo|Gholdengo|5\/100\n|turn|19\n|\n|t:|1699926671\n|move|p2a: Bad Moon Rising|Knock Off|p1a: Gholdengo\n|-supereffective|p1a: Gholdengo\n|-damage|p1a: Gholdengo|0 fnt\n|faint|p1a: Gholdengo\n|\n|-damage|p2a: Bad Moon Rising|0 fnt|[from] psn\n|faint|p2a: Bad Moon Rising\n|-end|p2a: Bad Moon Rising|Protosynthesis|[silent]\n|upkeep\n|\n|t:|1699926677\n|switch|p2a: Nine Inch Tails|Ninetales-Alola, M|100\/100\n|switch|p1a: Blissey|Blissey, F|100\/100\n|-damage|p2a: Nine Inch Tails|76\/100|[from] Stealth Rock\n|-status|p2a: Nine Inch Tails|tox\n|-weather|Snow|[from] ability: Snow Warning|[of] p2a: Nine Inch Tails\n|turn|20\n|\n|t:|1699926694\n|move|p2a: Nine Inch Tails|Aurora Veil|p2a: Nine Inch Tails\n|-sidestart|p2: AlicieLizzie|move: Aurora Veil\n|move|p1a: Blissey|Calm Mind|p1a: Blissey\n|-boost|p1a: Blissey|spa|1\n|-boost|p1a: Blissey|spd|1\n|\n|-weather|Snow|[upkeep]\n|-damage|p2a: Nine Inch Tails|70\/100 tox|[from] psn\n|upkeep\n|turn|21\n|\n|t:|1699926700\n|move|p2a: Nine Inch Tails|Encore|p1a: Blissey\n|-start|p1a: Blissey|Encore\n|move|p1a: Blissey|Calm Mind|p1a: Blissey\n|-boost|p1a: Blissey|spa|1\n|-boost|p1a: Blissey|spd|1\n|\n|-weather|Snow|[upkeep]\n|-damage|p2a: Nine Inch Tails|58\/100 tox|[from] psn\n|upkeep\n|turn|22\n|\n|t:|1699926707\n|switch|p2a: R.H Chi-Yu Peppers|Chi-Yu|100\/100\n|-damage|p2a: R.H Chi-Yu Peppers|76\/100|[from] Stealth Rock\n|-status|p2a: R.H Chi-Yu Peppers|tox\n|-ability|p2a: R.H Chi-Yu Peppers|Beads of Ruin\n|move|p1a: Blissey|Calm Mind|p1a: Blissey\n|-boost|p1a: Blissey|spa|1\n|-boost|p1a: Blissey|spd|1\n|\n|-weather|Snow|[upkeep]\n|-damage|p2a: R.H Chi-Yu Peppers|70\/100 tox|[from] psn\n|upkeep\n|turn|23\n|\n|t:|1699926714\n|move|p2a: R.H Chi-Yu Peppers|Overheat|p1a: Blissey\n|-damage|p1a: Blissey|88\/100\n|-unboost|p2a: R.H Chi-Yu Peppers|spa|2\n|move|p1a: Blissey|Calm Mind|p1a: Blissey\n|-boost|p1a: Blissey|spa|1\n|-boost|p1a: Blissey|spd|1\n|\n|-weather|Snow|[upkeep]\n|-damage|p2a: R.H Chi-Yu Peppers|58\/100 tox|[from] psn\n|-end|p1a: Blissey|Encore\n|upkeep\n|turn|24\n|c|\u2606AlicieLizzie|well\n|c|\u2606AlicieLizzie|yeah my luck just wasnt on my side\n|c|\u26061P1o1s1h1e1|gg\n|-message|AlicieLizzie forfeited.\n|\n|win|1P1o1s1h1e1\n|l|\u2606AlicieLizzie\n","uploadtime":1699926742,"views":6,"p1id":"1p1o1s1h1e1","p2id":"alicielizzie","formatid":"gen9ubers","rating":0,"private":0,"password":""}