{"id":"gen9ubers-1977167224","p1":"ShanmanT","p2":"mahcuu","format":"[Gen 9] Ubers","log":"|j|\u2606ShanmanT\n|j|\u2606mahcuu\n|t:|1698379973\n|gametype|singles\n|player|p1|ShanmanT|102|\n|player|p2|mahcuu|scientistf|\n|teamsize|p1|6\n|teamsize|p2|6\n|gen|9\n|tier|[Gen 9] Ubers\n|rule|Sleep Clause Mod: Limit one foe put to sleep\n|rule|Species Clause: Limit one of each Pok\u00e9mon\n|rule|OHKO Clause: OHKO moves are banned\n|rule|Evasion Items Clause: Evasion items are banned\n|rule|Evasion Moves Clause: Evasion moves are banned\n|rule|Endless Battle Clause: Forcing endless battles is banned\n|rule|HP Percentage Mod: HP is shown in percentages\n|clearpoke\n|poke|p1|Garganacl, F|\n|poke|p1|Shiftry, M|\n|poke|p1|Armarouge, F|\n|poke|p1|Breloom, F|\n|poke|p1|Munkidori, M|\n|poke|p1|Mandibuzz, F|\n|poke|p2|Zapdos|\n|poke|p2|Skeledirge, M|\n|poke|p2|Noivern, M|\n|poke|p2|Lycanroc, F|\n|poke|p2|Dusknoir, F|\n|poke|p2|Glastrier|\n|teampreview\n|c|\u2606mahcuu|I forgot to save replay\n|c|\u2606ShanmanT|jaspal saving\n|c|\u2606ShanmanT|i mean haben\n|j| currys\n|\n|t:|1698380044\n|start\n|switch|p1a: Garganacl|Garganacl, F|100\/100\n|switch|p2a: Lycanroc|Lycanroc, F|100\/100\n|turn|1\n|\n|t:|1698380073\n|switch|p1a: Mandibuzz|Mandibuzz, F|100\/100\n|move|p2a: Lycanroc|Iron Head|p1a: Mandibuzz\n|-damage|p1a: Mandibuzz|87\/100\n|-ability|p1a: Mandibuzz|Weak Armor|boost\n|-unboost|p1a: Mandibuzz|def|1\n|-boost|p1a: Mandibuzz|spe|2\n|\n|-heal|p1a: Mandibuzz|93\/100|[from] item: Leftovers\n|upkeep\n|turn|2\n|j| Rival Gary Oak\n|\n|t:|1698380083\n|switch|p2a: Dusknoir|Dusknoir, F|100\/100\n|-item|p1a: Mandibuzz|Leftovers|[from] ability: Frisk|[of] p2a: Dusknoir|[identify]\n|move|p1a: Mandibuzz|Tailwind|p1a: Mandibuzz\n|-sidestart|p1: ShanmanT|move: Tailwind\n|\n|-heal|p1a: Mandibuzz|99\/100|[from] item: Leftovers\n|upkeep\n|turn|3\n|\n|t:|1698380092\n|-terastallize|p2a: Dusknoir|Ground\n|move|p1a: Mandibuzz|U-turn|p2a: Dusknoir\n|-damage|p2a: Dusknoir|89\/100\n|\n|t:|1698380098\n|switch|p1a: Shiftry|Shiftry, M|100\/100|[from] U-turn\n|-ability|p1a: Shiftry|Wind Rider|boost\n|-boost|p1a: Shiftry|atk|1\n|move|p2a: Dusknoir|Curse|p2a: Dusknoir\n|-unboost|p2a: Dusknoir|spe|1\n|-boost|p2a: Dusknoir|atk|1\n|-boost|p2a: Dusknoir|def|1\n|\n|-heal|p2a: Dusknoir|95\/100|[from] item: Leftovers\n|upkeep\n|turn|4\n|\n|t:|1698380112\n|-terastallize|p1a: Shiftry|Fighting\n|move|p1a: Shiftry|Leaf Blade|p2a: Dusknoir\n|-supereffective|p2a: Dusknoir\n|-damage|p2a: Dusknoir|10\/100\n|-damage|p1a: Shiftry|91\/100|[from] item: Life Orb\n|move|p2a: Dusknoir|Leech Life|p1a: Shiftry\n|-resisted|p1a: Shiftry\n|-damage|p1a: Shiftry|56\/100\n|-heal|p2a: Dusknoir|28\/100|[from] drain|[of] p1a: Shiftry\n|\n|-heal|p2a: Dusknoir|35\/100|[from] item: Leftovers\n|upkeep\n|turn|5\n|\n|t:|1698380159\n|move|p1a: Shiftry|Leaf Blade|p2a: Dusknoir\n|-supereffective|p2a: Dusknoir\n|-damage|p2a: Dusknoir|0 fnt\n|faint|p2a: Dusknoir\n|-damage|p1a: Shiftry|46\/100|[from] item: Life Orb\n|\n|-sideend|p1: ShanmanT|move: Tailwind\n|upkeep\n|\n|t:|1698380161\n|switch|p2a: Glastrier|Glastrier|100\/100\n|turn|6\n|\n|t:|1698380175\n|move|p1a: Shiftry|Tera Blast|p2a: Glastrier|[anim] Tera Blast Fighting\n|-supereffective|p2a: Glastrier\n|-damage|p2a: Glastrier|34\/100\n|-damage|p1a: Shiftry|36\/100|[from] item: Life Orb\n|move|p2a: Glastrier|Avalanche|p1a: Shiftry\n|-damage|p1a: Shiftry|0 fnt\n|faint|p1a: Shiftry\n|-ability|p2a: Glastrier|Chilling Neigh|boost\n|-boost|p2a: Glastrier|atk|1\n|\n|upkeep\n|\n|t:|1698380188\n|switch|p1a: Munkidori|Munkidori, M|100\/100\n|turn|7\n|\n|t:|1698380200\n|switch|p2a: Noivern|Noivern, M|100\/100\n|-item|p1a: Munkidori|Choice Scarf|[from] ability: Frisk|[of] p2a: Noivern|[identify]\n|move|p1a: Munkidori|Sludge Wave|p2a: Noivern\n|-damage|p2a: Noivern|44\/100\n|\n|upkeep\n|turn|8\n|\n|t:|1698380207\n|move|p1a: Munkidori|Sludge Wave|p2a: Noivern\n|-damage|p2a: Noivern|0 fnt\n|faint|p2a: Noivern\n|\n|upkeep\n|\n|t:|1698380245\n|switch|p2a: Skeledirge|Skeledirge, M|100\/100\n|turn|9\n|\n|t:|1698380270\n|switch|p1a: Mandibuzz|Mandibuzz, F|99\/100\n|move|p2a: Skeledirge|Shadow Ball|p1a: Mandibuzz\n|-resisted|p1a: Mandibuzz\n|-damage|p1a: Mandibuzz|82\/100\n|-unboost|p1a: Mandibuzz|spd|1\n|\n|-heal|p1a: Mandibuzz|88\/100|[from] item: Leftovers\n|upkeep\n|turn|10\n|\n|t:|1698380279\n|move|p1a: Mandibuzz|Foul Play|p2a: Skeledirge\n|-supereffective|p2a: Skeledirge\n|-damage|p2a: Skeledirge|65\/100\n|move|p2a: Skeledirge|Torch Song|p1a: Mandibuzz\n|-damage|p1a: Mandibuzz|53\/100\n|-boost|p2a: Skeledirge|spa|1\n|\n|-heal|p1a: Mandibuzz|59\/100|[from] item: Leftovers\n|upkeep\n|turn|11\n|\n|t:|1698380288\n|move|p1a: Mandibuzz|Foul Play|p2a: Skeledirge\n|-supereffective|p2a: Skeledirge\n|-damage|p2a: Skeledirge|34\/100\n|move|p2a: Skeledirge|Fire Blast|p1a: Mandibuzz\n|-damage|p1a: Mandibuzz|0 fnt\n|faint|p1a: Mandibuzz\n|\n|upkeep\n|\n|t:|1698380297\n|switch|p1a: Munkidori|Munkidori, M|100\/100\n|turn|12\n|\n|t:|1698380329\n|move|p1a: Munkidori|Shadow Ball|p2a: Skeledirge\n|-supereffective|p2a: Skeledirge\n|-damage|p2a: Skeledirge|0 fnt\n|faint|p2a: Skeledirge\n|\n|upkeep\n|\n|t:|1698380336\n|switch|p2a: Zapdos|Zapdos|100\/100\n|turn|13\n|\n|t:|1698380346\n|switch|p1a: Garganacl|Garganacl, F|100\/100\n|move|p2a: Zapdos|Volt Switch|p1a: Garganacl\n|-damage|p1a: Garganacl|68\/100\n|\n|t:|1698380351\n|switch|p2a: Lycanroc|Lycanroc, F|100\/100|[from] Volt Switch\n|\n|upkeep\n|turn|14\n|\n|t:|1698380383\n|switch|p1a: Breloom|Breloom, F|100\/100\n|move|p2a: Lycanroc|Close Combat|p1a: Breloom\n|-damage|p1a: Breloom|40\/100\n|-unboost|p2a: Lycanroc|def|1\n|-unboost|p2a: Lycanroc|spd|1\n|\n|upkeep\n|turn|15\n|\n|t:|1698380392\n|switch|p2a: Zapdos|Zapdos|100\/100\n|move|p1a: Breloom|Mach Punch|p2a: Zapdos\n|-resisted|p2a: Zapdos\n|-damage|p2a: Zapdos|68\/100\n|\n|upkeep\n|turn|16\n|\n|t:|1698380405\n|switch|p1a: Garganacl|Garganacl, F|68\/100\n|move|p2a: Zapdos|Thunderbolt|p1a: Garganacl\n|-damage|p1a: Garganacl|27\/100\n|\n|upkeep\n|turn|17\n|\n|t:|1698380422\n|move|p2a: Zapdos|Thunderbolt|p1a: Garganacl\n|-damage|p1a: Garganacl|0 fnt\n|faint|p1a: Garganacl\n|\n|upkeep\n|\n|t:|1698380438\n|switch|p1a: Munkidori|Munkidori, M|100\/100\n|turn|18\n|\n|t:|1698380442\n|move|p1a: Munkidori|Focus Blast|p2a: Zapdos\n|-resisted|p2a: Zapdos\n|-damage|p2a: Zapdos|42\/100\n|move|p2a: Zapdos|Thunderbolt|p1a: Munkidori\n|-damage|p1a: Munkidori|24\/100\n|\n|upkeep\n|turn|19\n|\n|t:|1698380450\n|switch|p1a: Armarouge|Armarouge, F|100\/100\n|move|p2a: Zapdos|Thunderbolt|p1a: Armarouge\n|-damage|p1a: Armarouge|25\/100\n|\n|-heal|p1a: Armarouge|31\/100|[from] item: Leftovers\n|upkeep\n|turn|20\n|\n|t:|1698380458\n|move|p2a: Zapdos|Thunderbolt|p1a: Armarouge\n|-damage|p1a: Armarouge|0 fnt\n|faint|p1a: Armarouge\n|\n|upkeep\n|\n|t:|1698380464\n|switch|p1a: Munkidori|Munkidori, M|24\/100\n|turn|21\n|\n|t:|1698380467\n|move|p1a: Munkidori|Sludge Wave|p2a: Zapdos\n|-damage|p2a: Zapdos|0 fnt\n|faint|p2a: Zapdos\n|\n|upkeep\n|\n|t:|1698380469\n|switch|p2a: Lycanroc|Lycanroc, F|100\/100\n|turn|22\n|\n|t:|1698380507\n|move|p2a: Lycanroc|Accelerock|p1a: Munkidori\n|-damage|p1a: Munkidori|0 fnt\n|faint|p1a: Munkidori\n|\n|upkeep\n|\n|t:|1698380511\n|switch|p1a: Breloom|Breloom, F|40\/100\n|turn|23\n|\n|t:|1698380522\n|move|p2a: Lycanroc|Accelerock|p1a: Breloom\n|-resisted|p1a: Breloom\n|-damage|p1a: Breloom|25\/100\n|move|p1a: Breloom|Mach Punch|p2a: Lycanroc\n|-supereffective|p2a: Lycanroc\n|-damage|p2a: Lycanroc|0 fnt\n|faint|p2a: Lycanroc\n|\n|upkeep\n|\n|t:|1698380524\n|switch|p2a: Glastrier|Glastrier|34\/100\n|turn|24\n|c|\u2606mahcuu|fckkkkkkkkkkkkkkkkkkkkkkkkkkkkkkkkkkkkkkkkkkkkkkkkkkkkkk\n|c|\u2606ShanmanT|fingers crossed\n|\n|t:|1698380536\n|move|p1a: Breloom|Mach Punch|p2a: Glastrier\n|-supereffective|p2a: Glastrier\n|-damage|p2a: Glastrier|0 fnt\n|faint|p2a: Glastrier\n|\n|win|ShanmanT\n|c|\u2606mahcuu|AAAAAAAAAAAAAAAAAA\n|c|\u2606mahcuu|AAAAAAAAAAAA\n|c|\u2606mahcuu|AAAAAAAAAAAAA\n|c|\u2606ShanmanT|oh man i was worried about ice shard or something\n|c|\u2606ShanmanT|gg man\n|c|\u2606mahcuu|gggggggggggggggg\n|l|\u2606mahcuu\n|l| currys\n","uploadtime":1698380590,"views":18,"p1id":"shanmant","p2id":"mahcuu","formatid":"gen9ubers","rating":0,"private":0,"password":""}