{"id":"gen9ubers-1994187851","p1":"bathbrew","p2":"Shadey_Shade","format":"[Gen 9] Ubers","log":"|j|\u2606bathbrew\n|j|\u2606Shadey_Shade\n|t:|1700416830\n|gametype|singles\n|player|p1|bathbrew|elesa|1244\n|player|p2|Shadey_Shade|1|1159\n|teamsize|p1|6\n|teamsize|p2|6\n|gen|9\n|tier|[Gen 9] Ubers\n|rated|\n|rule|Sleep Clause Mod: Limit one foe put to sleep\n|rule|Species Clause: Limit one of each Pok\u00e9mon\n|rule|OHKO Clause: OHKO moves are banned\n|rule|Evasion Items Clause: Evasion items are banned\n|rule|Evasion Moves Clause: Evasion moves are banned\n|rule|Endless Battle Clause: Forcing endless battles is banned\n|rule|HP Percentage Mod: HP is shown in percentages\n|clearpoke\n|poke|p1|Miraidon|\n|poke|p1|Sneasler, M|\n|poke|p1|Iron Bundle|\n|poke|p1|Koraidon|\n|poke|p1|Iron Treads|\n|poke|p1|Arceus|\n|poke|p2|Chi-Yu|\n|poke|p2|Espathra, M|\n|poke|p2|Koraidon|\n|poke|p2|Flutter Mane|\n|poke|p2|Skeledirge, F|\n|poke|p2|Glimmora, M|\n|teampreview\n|inactive|Battle timer is ON: inactive players will automatically lose when time's up. (requested by Shadey_Shade)\n|\n|t:|1700416845\n|start\n|switch|p1a: Iron Treads|Iron Treads|100\/100\n|switch|p2a: Skeledirge|Skeledirge, F|100\/100\n|-enditem|p1a: Iron Treads|Booster Energy\n|-activate|p1a: Iron Treads|ability: Quark Drive|[fromitem]\n|-start|p1a: Iron Treads|quarkdrivespe\n|turn|1\n|\n|t:|1700416852\n|move|p1a: Iron Treads|Stealth Rock|p2a: Skeledirge\n|-sidestart|p2: Shadey_Shade|move: Stealth Rock\n|move|p2a: Skeledirge|Torch Song|p1a: Iron Treads\n|-supereffective|p1a: Iron Treads\n|-crit|p1a: Iron Treads\n|-damage|p1a: Iron Treads|0 fnt\n|-boost|p2a: Skeledirge|spa|1\n|faint|p1a: Iron Treads\n|-end|p1a: Iron Treads|Quark Drive|[silent]\n|\n|upkeep\n|\n|t:|1700416859\n|switch|p1a: Iron Bundle|Iron Bundle|100\/100\n|turn|2\n|\n|t:|1700416865\n|move|p1a: Iron Bundle|Hydro Pump|p2a: Skeledirge|[miss]\n|-miss|p1a: Iron Bundle|p2a: Skeledirge\n|move|p2a: Skeledirge|Hex|p1a: Iron Bundle\n|-damage|p1a: Iron Bundle|31\/100\n|\n|upkeep\n|turn|3\n|\n|t:|1700416871\n|move|p1a: Iron Bundle|Hydro Pump|p2a: Skeledirge|[miss]\n|-miss|p1a: Iron Bundle|p2a: Skeledirge\n|move|p2a: Skeledirge|Torch Song|p1a: Iron Bundle\n|-damage|p1a: Iron Bundle|0 fnt\n|-boost|p2a: Skeledirge|spa|1\n|faint|p1a: Iron Bundle\n|-end|p1a: Iron Bundle|Quark Drive|[silent]\n|\n|upkeep\n|c|\u2606bathbrew|Very cool\n|\n|t:|1700416891\n|switch|p1a: Arceus|Arceus|100\/100\n|turn|4\n|\n|t:|1700416896\n|move|p1a: Arceus|Swords Dance|p1a: Arceus\n|-boost|p1a: Arceus|atk|2\n|move|p2a: Skeledirge|Torch Song|p1a: Arceus\n|-damage|p1a: Arceus|57\/100\n|-boost|p2a: Skeledirge|spa|1\n|\n|-heal|p1a: Arceus|63\/100|[from] item: Leftovers\n|upkeep\n|turn|5\n|\n|t:|1700416904\n|move|p1a: Arceus|Earthquake|p2a: Skeledirge\n|-supereffective|p2a: Skeledirge\n|-damage|p2a: Skeledirge|60\/100\n|move|p2a: Skeledirge|Torch Song|p1a: Arceus\n|-damage|p1a: Arceus|10\/100\n|-boost|p2a: Skeledirge|spa|1\n|\n|-heal|p1a: Arceus|16\/100|[from] item: Leftovers\n|upkeep\n|turn|6\n|\n|t:|1700416913\n|move|p1a: Arceus|Earthquake|p2a: Skeledirge\n|-supereffective|p2a: Skeledirge\n|-damage|p2a: Skeledirge|16\/100\n|move|p2a: Skeledirge|Torch Song|p1a: Arceus\n|-damage|p1a: Arceus|0 fnt\n|-boost|p2a: Skeledirge|spa|1\n|faint|p1a: Arceus\n|\n|upkeep\n|\n|t:|1700416917\n|switch|p1a: Miraidon|Miraidon|100\/100\n|-fieldstart|move: Electric Terrain|[from] ability: Hadron Engine|[of] p1a: Miraidon\n|turn|7\n|\n|t:|1700416926\n|move|p1a: Miraidon|Volt Switch|p2a: Skeledirge\n|-damage|p2a: Skeledirge|0 fnt\n|faint|p2a: Skeledirge\n|\n|t:|1700416929\n|switch|p1a: Sneasler|Sneasler, M, shiny|100\/100|[from] Volt Switch\n|-enditem|p1a: Sneasler|Electric Seed\n|-boost|p1a: Sneasler|def|1|[from] item: Electric Seed\n|\n|upkeep\n|\n|t:|1700416934\n|switch|p2a: Glimmora|Glimmora, M|100\/100\n|-damage|p2a: Glimmora|88\/100|[from] Stealth Rock\n|turn|8\n|\n|t:|1700416945\n|move|p1a: Sneasler|Swords Dance|p1a: Sneasler\n|-boost|p1a: Sneasler|atk|2\n|move|p2a: Glimmora|Mortal Spin|p1a: Sneasler\n|-resisted|p1a: Sneasler\n|-damage|p1a: Sneasler|97\/100\n|-sideend|p2: Shadey_Shade|Stealth Rock|[from] move: Mortal Spin|[of] p2a: Glimmora\n|\n|upkeep\n|turn|9\n|\n|t:|1700416953\n|move|p1a: Sneasler|Close Combat|p2a: Glimmora\n|-damage|p2a: Glimmora|0 fnt\n|-unboost|p1a: Sneasler|def|1\n|-unboost|p1a: Sneasler|spd|1\n|-activate|p2a: Glimmora|ability: Toxic Debris\n|-sidestart|p1: bathbrew|move: Toxic Spikes\n|faint|p2a: Glimmora\n|\n|upkeep\n|\n|t:|1700416975\n|switch|p2a: Koraidon|Koraidon|100\/100\n|-weather|SunnyDay|[from] ability: Orichalcum Pulse|[of] p2a: Koraidon\n|-activate|p2a: Koraidon|Orichalcum Pulse|[source]\n|turn|10\n|\n|t:|1700416986\n|-terastallize|p1a: Sneasler|Fairy\n|move|p1a: Sneasler|Swords Dance|p1a: Sneasler\n|-boost|p1a: Sneasler|atk|2\n|move|p2a: Koraidon|Flare Blitz|p1a: Sneasler\n|-damage|p1a: Sneasler|0 fnt\n|faint|p1a: Sneasler\n|-damage|p2a: Koraidon|72\/100|[from] Recoil\n|\n|-weather|SunnyDay|[upkeep]\n|upkeep\n|\n|t:|1700417002\n|switch|p1a: Koraidon|Koraidon|100\/100\n|-status|p1a: Koraidon|psn\n|-activate|p1a: Koraidon|ability: Orichalcum Pulse\n|turn|11\n|\n|t:|1700417007\n|move|p2a: Koraidon|Scale Shot|p1a: Koraidon|[miss]\n|-miss|p2a: Koraidon|p1a: Koraidon\n|move|p1a: Koraidon|Scale Shot|p2a: Koraidon\n|-supereffective|p2a: Koraidon\n|-damage|p2a: Koraidon|39\/100\n|-supereffective|p2a: Koraidon\n|-damage|p2a: Koraidon|9\/100\n|-supereffective|p2a: Koraidon\n|-damage|p2a: Koraidon|0 fnt\n|faint|p2a: Koraidon\n|-hitcount|p2: Koraidon|3\n|-unboost|p1a: Koraidon|def|1\n|-boost|p1a: Koraidon|spe|1\n|\n|-weather|SunnyDay|[upkeep]\n|-damage|p1a: Koraidon|88\/100 psn|[from] psn\n|-fieldend|move: Electric Terrain\n|upkeep\n|\n|t:|1700417021\n|switch|p2a: Flutter Mane|Flutter Mane|100\/100\n|-activate|p2a: Flutter Mane|ability: Protosynthesis\n|-start|p2a: Flutter Mane|protosynthesisspe\n|turn|12\n|\n|t:|1700417030\n|move|p2a: Flutter Mane|Moonblast|p1a: Koraidon\n|-supereffective|p1a: Koraidon\n|-damage|p1a: Koraidon|0 fnt\n|faint|p1a: Koraidon\n|-damage|p2a: Flutter Mane|91\/100|[from] item: Life Orb\n|\n|-weather|SunnyDay|[upkeep]\n|upkeep\n|\n|t:|1700417032\n|switch|p1a: Miraidon|Miraidon|100\/100\n|-status|p1a: Miraidon|psn\n|-fieldstart|move: Electric Terrain|[from] ability: Hadron Engine|[of] p1a: Miraidon\n|turn|13\n|\n|t:|1700417041\n|move|p2a: Flutter Mane|Calm Mind|p2a: Flutter Mane\n|-boost|p2a: Flutter Mane|spa|1\n|-boost|p2a: Flutter Mane|spd|1\n|move|p1a: Miraidon|Electro Drift|p2a: Flutter Mane\n|-damage|p2a: Flutter Mane|0 fnt\n|faint|p2a: Flutter Mane\n|-end|p2a: Flutter Mane|Protosynthesis|[silent]\n|\n|-weather|SunnyDay|[upkeep]\n|-damage|p1a: Miraidon|88\/100 psn|[from] psn\n|upkeep\n|\n|t:|1700417050\n|switch|p2a: Chi-Yu|Chi-Yu|100\/100\n|-ability|p2a: Chi-Yu|Beads of Ruin\n|turn|14\n|\n|t:|1700417056\n|move|p2a: Chi-Yu|Flamethrower|p1a: Miraidon\n|-resisted|p1a: Miraidon\n|-damage|p1a: Miraidon|49\/100 psn\n|move|p1a: Miraidon|Electro Drift|p2a: Chi-Yu\n|-damage|p2a: Chi-Yu|0 fnt\n|faint|p2a: Chi-Yu\n|\n|-weather|none\n|-damage|p1a: Miraidon|36\/100 psn|[from] psn\n|upkeep\n|\n|t:|1700417065\n|switch|p2a: Espathra|Espathra, M|100\/100\n|turn|15\n|\n|t:|1700417069\n|move|p2a: Espathra|Protect|p2a: Espathra\n|-singleturn|p2a: Espathra|Protect\n|move|p1a: Miraidon|Electro Drift|p2a: Espathra\n|-activate|p2a: Espathra|move: Protect\n|\n|-damage|p1a: Miraidon|24\/100 psn|[from] psn\n|-ability|p2a: Espathra|Speed Boost|boost\n|-boost|p2a: Espathra|spe|1\n|upkeep\n|turn|16\n|\n|t:|1700417080\n|-terastallize|p2a: Espathra|Fighting\n|move|p2a: Espathra|Tera Blast|p1a: Miraidon|[anim] Tera Blast Fighting\n|-damage|p1a: Miraidon|1\/100 psn\n|move|p1a: Miraidon|Electro Drift|p2a: Espathra\n|-damage|p2a: Espathra|0 fnt\n|faint|p2a: Espathra\n|\n|win|bathbrew\n|raw|bathbrew's rating: 1244 &rarr; <strong>1263<\/strong><br \/>(+19 for winning)\n|raw|Shadey_Shade's rating: 1159 &rarr; <strong>1140<\/strong><br \/>(-19 for losing)\n|l|\u2606Shadey_Shade\n","uploadtime":1700417096,"views":8,"p1id":"bathbrew","p2id":"shadeyshade","formatid":"gen9ubers","rating":1140,"private":0,"password":""}