{"id":"gen9ubers-1980269806","p1":"wyvernl0rd","p2":"Vario 64\u2606\u5f61","format":"[Gen 9] Ubers","log":"|j|\u2606wyvernl0rd\n|j|\u2606Vario 64\u2606\u5f61\n|t:|1698771124\n|gametype|singles\n|player|p1|wyvernl0rd|winona|\n|player|p2|Vario 64\u2606\u5f61|ghetsis|\n|teamsize|p1|6\n|teamsize|p2|6\n|gen|9\n|tier|[Gen 9] Ubers\n|rule|Sleep Clause Mod: Limit one foe put to sleep\n|rule|Species Clause: Limit one of each Pok\u00e9mon\n|rule|OHKO Clause: OHKO moves are banned\n|rule|Evasion Items Clause: Evasion items are banned\n|rule|Evasion Moves Clause: Evasion moves are banned\n|rule|Endless Battle Clause: Forcing endless battles is banned\n|rule|HP Percentage Mod: HP is shown in percentages\n|clearpoke\n|poke|p1|Magearna|\n|poke|p1|Cinderace, F|\n|poke|p1|Shaymin-Sky|\n|poke|p1|Palkia-Origin|\n|poke|p1|Arceus-Poison|\n|poke|p1|Gliscor, M|\n|poke|p2|Shaymin-Sky|\n|poke|p2|Arceus-Poison|\n|poke|p2|Palkia|\n|poke|p2|Magearna|\n|poke|p2|Zacian-*|\n|poke|p2|Volcarona, F|\n|teampreview\n|c|\u2606wyvernl0rd|glhf\n|c|\u2606Vario 64\u2606\u5f61|gl hf!\n|\n|t:|1698771261\n|start\n|switch|p1a: Magearna|Magearna|100\/100\n|switch|p2a: Sky is the Limit|Shaymin-Sky|100\/100\n|turn|1\n|\n|t:|1698771273\n|move|p2a: Sky is the Limit|Substitute|p2a: Sky is the Limit\n|-start|p2a: Sky is the Limit|Substitute\n|-damage|p2a: Sky is the Limit|76\/100\n|move|p1a: Magearna|Volt Switch|p2a: Sky is the Limit\n|-crit|p2a: Sky is the Limit\n|-end|p2a: Sky is the Limit|Substitute\n|\n|t:|1698771286\n|switch|p1a: Cinderace|Cinderace, F|100\/100|[from] Volt Switch\n|\n|-heal|p2a: Sky is the Limit|82\/100|[from] item: Leftovers\n|upkeep\n|turn|2\n|\n|t:|1698771302\n|switch|p2a: PaDonkaDonk|Palkia|100\/100\n|-ability|p2a: PaDonkaDonk|Pressure\n|move|p1a: Cinderace|U-turn|p2a: PaDonkaDonk\n|-damage|p2a: PaDonkaDonk|85\/100\n|\n|t:|1698771324\n|switch|p1a: Palkia|Palkia-Origin|100\/100|[from] U-turn\n|-ability|p1a: Palkia|Pressure\n|\n|upkeep\n|turn|3\n|\n|t:|1698771329\n|switch|p1a: Magearna|Magearna|100\/100\n|move|p2a: PaDonkaDonk|Spacial Rend|p1a: Magearna\n|-immune|p1a: Magearna\n|\n|upkeep\n|turn|4\n|\n|t:|1698771348\n|move|p2a: PaDonkaDonk|Fire Blast|p1a: Magearna|[miss]\n|-miss|p2a: PaDonkaDonk|p1a: Magearna\n|move|p1a: Magearna|Fleur Cannon|p2a: PaDonkaDonk\n|-supereffective|p2a: PaDonkaDonk\n|-damage|p2a: PaDonkaDonk|0 fnt\n|-unboost|p1a: Magearna|spa|2\n|faint|p2a: PaDonkaDonk\n|-ability|p1a: Magearna|Soul-Heart|boost\n|-boost|p1a: Magearna|spa|1\n|\n|upkeep\n|\n|t:|1698771357\n|switch|p2a: Sky is the Limit|Shaymin-Sky|82\/100\n|turn|5\n|\n|t:|1698771373\n|move|p2a: Sky is the Limit|Substitute|p2a: Sky is the Limit\n|-start|p2a: Sky is the Limit|Substitute\n|-damage|p2a: Sky is the Limit|57\/100\n|move|p1a: Magearna|Fleur Cannon|p2a: Sky is the Limit\n|-end|p2a: Sky is the Limit|Substitute\n|-unboost|p1a: Magearna|spa|2\n|\n|-heal|p2a: Sky is the Limit|63\/100|[from] item: Leftovers\n|upkeep\n|turn|6\n|\n|t:|1698771386\n|switch|p1a: Arceus|Arceus-Poison|100\/100\n|move|p2a: Sky is the Limit|Substitute|p2a: Sky is the Limit\n|-start|p2a: Sky is the Limit|Substitute\n|-damage|p2a: Sky is the Limit|38\/100\n|\n|-heal|p2a: Sky is the Limit|44\/100|[from] item: Leftovers\n|upkeep\n|turn|7\n|\n|t:|1698771396\n|move|p2a: Sky is the Limit|Leech Seed|p1a: Arceus\n|-start|p1a: Arceus|move: Leech Seed\n|move|p1a: Arceus|Judgment|p2a: Sky is the Limit\n|-supereffective|p2a: Sky is the Limit\n|-end|p2a: Sky is the Limit|Substitute\n|\n|-heal|p2a: Sky is the Limit|50\/100|[from] item: Leftovers\n|-damage|p1a: Arceus|88\/100|[from] Leech Seed|[of] p2a: Sky is the Limit\n|-heal|p2a: Sky is the Limit|66\/100|[silent]\n|upkeep\n|turn|8\n|\n|t:|1698771436\n|switch|p2a: GoGoGadget|Magearna|100\/100\n|move|p1a: Arceus|Taunt|p2a: GoGoGadget\n|-start|p2a: GoGoGadget|move: Taunt\n|\n|-damage|p1a: Arceus|76\/100|[from] Leech Seed|[of] p2a: GoGoGadget\n|upkeep\n|turn|9\n|\n|t:|1698771464\n|switch|p1a: Gliscor|Gliscor, M|100\/100\n|move|p2a: GoGoGadget|Flash Cannon|p1a: Gliscor\n|-damage|p1a: Gliscor|47\/100\n|\n|-status|p1a: Gliscor|tox|[from] item: Toxic Orb\n|upkeep\n|turn|10\n|\n|t:|1698771473\n|switch|p2a: Sky is the Limit|Shaymin-Sky|66\/100\n|move|p1a: Gliscor|Protect||[still]\n|-fail|p1a: Gliscor\n|\n|-heal|p2a: Sky is the Limit|73\/100|[from] item: Leftovers\n|-heal|p1a: Gliscor|60\/100 tox|[from] ability: Poison Heal\n|upkeep\n|turn|11\n|\n|t:|1698771521\n|switch|p1a: Magearna|Magearna|100\/100\n|move|p2a: Sky is the Limit|Substitute|p2a: Sky is the Limit\n|-start|p2a: Sky is the Limit|Substitute\n|-damage|p2a: Sky is the Limit|48\/100\n|\n|-heal|p2a: Sky is the Limit|54\/100|[from] item: Leftovers\n|upkeep\n|turn|12\n|\n|t:|1698771528\n|move|p2a: Sky is the Limit|Air Slash|p1a: Magearna\n|-resisted|p1a: Magearna\n|-damage|p1a: Magearna|86\/100\n|cant|p1a: Magearna|flinch\n|\n|-heal|p2a: Sky is the Limit|60\/100|[from] item: Leftovers\n|upkeep\n|turn|13\n|\n|t:|1698771534\n|move|p2a: Sky is the Limit|Seed Flare|p1a: Magearna\n|-resisted|p1a: Magearna\n|-damage|p1a: Magearna|60\/100\n|move|p1a: Magearna|Volt Switch|p2a: Sky is the Limit\n|-end|p2a: Sky is the Limit|Substitute\n|\n|t:|1698771539\n|switch|p1a: Cinderace|Cinderace, F|100\/100|[from] Volt Switch\n|\n|-heal|p2a: Sky is the Limit|66\/100|[from] item: Leftovers\n|upkeep\n|turn|14\n|\n|t:|1698771554\n|move|p2a: Sky is the Limit|Air Slash|p1a: Cinderace\n|-damage|p1a: Cinderace|54\/100\n|move|p1a: Cinderace|Pyro Ball|p2a: Sky is the Limit\n|-supereffective|p2a: Sky is the Limit\n|-damage|p2a: Sky is the Limit|0 fnt\n|faint|p2a: Sky is the Limit\n|\n|upkeep\n|\n|t:|1698771564\n|switch|p2a: Toxceus-Prime|Arceus-Poison|100\/100\n|turn|15\n|\n|t:|1698771599\n|move|p1a: Cinderace|Will-O-Wisp|p2a: Toxceus-Prime\n|-status|p2a: Toxceus-Prime|brn\n|move|p2a: Toxceus-Prime|Swords Dance|p2a: Toxceus-Prime\n|-boost|p2a: Toxceus-Prime|atk|2\n|\n|-damage|p2a: Toxceus-Prime|94\/100 brn|[from] brn\n|upkeep\n|turn|16\n|\n|t:|1698771654\n|switch|p1a: Gliscor|Gliscor, M|60\/100 tox\n|move|p2a: Toxceus-Prime|Trailblaze|p1a: Gliscor\n|-damage|p1a: Gliscor|49\/100 tox\n|-boost|p2a: Toxceus-Prime|spe|1\n|\n|-heal|p1a: Gliscor|61\/100 tox|[from] ability: Poison Heal\n|-damage|p2a: Toxceus-Prime|88\/100 brn|[from] brn\n|upkeep\n|turn|17\n|\n|t:|1698771673\n|switch|p2a: HeroFromThePast|Zacian|100\/100\n|-ability|p2a: HeroFromThePast|Intrepid Sword|boost\n|-boost|p2a: HeroFromThePast|atk|1\n|move|p1a: Gliscor|Earthquake|p2a: HeroFromThePast\n|-damage|p2a: HeroFromThePast|68\/100\n|\n|-heal|p1a: Gliscor|74\/100 tox|[from] ability: Poison Heal\n|upkeep\n|turn|18\n|\n|t:|1698771710\n|move|p2a: HeroFromThePast|Play Rough|p1a: Gliscor\n|-damage|p1a: Gliscor|17\/100 tox\n|move|p1a: Gliscor|Earthquake|p2a: HeroFromThePast\n|-damage|p2a: HeroFromThePast|38\/100\n|\n|-heal|p1a: Gliscor|29\/100 tox|[from] ability: Poison Heal\n|upkeep\n|turn|19\n|\n|t:|1698771723\n|move|p1a: Gliscor|Protect|p1a: Gliscor\n|-singleturn|p1a: Gliscor|Protect\n|move|p2a: HeroFromThePast|Play Rough|p1a: Gliscor\n|-activate|p1a: Gliscor|move: Protect\n|\n|-heal|p1a: Gliscor|41\/100 tox|[from] ability: Poison Heal\n|upkeep\n|turn|20\n|\n|t:|1698771782\n|switch|p1a: Arceus|Arceus-Poison|76\/100\n|move|p2a: HeroFromThePast|Play Rough|p1a: Arceus\n|-resisted|p1a: Arceus\n|-damage|p1a: Arceus|46\/100\n|\n|upkeep\n|turn|21\n|\n|t:|1698771857\n|switch|p2a: GoGoGadget|Magearna|100\/100\n|move|p1a: Arceus|Judgment|p2a: GoGoGadget\n|-immune|p2a: GoGoGadget\n|\n|upkeep\n|turn|22\n|\n|t:|1698771872\n|switch|p1a: Cinderace|Cinderace, F|54\/100\n|move|p2a: GoGoGadget|Dazzling Gleam|p1a: Cinderace\n|-resisted|p1a: Cinderace\n|-damage|p1a: Cinderace|28\/100\n|\n|upkeep\n|turn|23\n|\n|t:|1698771881\n|move|p1a: Cinderace|Pyro Ball|p2a: GoGoGadget\n|-supereffective|p2a: GoGoGadget\n|-damage|p2a: GoGoGadget|0 fnt\n|faint|p2a: GoGoGadget\n|\n|upkeep\n|\n|t:|1698771884\n|switch|p2a: Sun of God|Volcarona, F|100\/100\n|turn|24\n|\n|t:|1698771895\n|move|p1a: Cinderace|Pyro Ball|p2a: Sun of God\n|-damage|p2a: Sun of God|0 fnt\n|faint|p2a: Sun of God\n|\n|upkeep\n|\n|t:|1698771899\n|switch|p2a: HeroFromThePast|Zacian|38\/100\n|turn|25\n|\n|t:|1698771913\n|-terastallize|p2a: HeroFromThePast|Fairy\n|move|p2a: HeroFromThePast|Play Rough|p1a: Cinderace\n|-resisted|p1a: Cinderace\n|-damage|p1a: Cinderace|0 fnt\n|faint|p1a: Cinderace\n|\n|upkeep\n|\n|t:|1698771927\n|switch|p1a: Arceus|Arceus-Poison|46\/100\n|turn|26\n|\n|t:|1698771931\n|move|p2a: HeroFromThePast|Play Rough|p1a: Arceus\n|-resisted|p1a: Arceus\n|-damage|p1a: Arceus|17\/100\n|move|p1a: Arceus|Judgment|p2a: HeroFromThePast\n|-supereffective|p2a: HeroFromThePast\n|-damage|p2a: HeroFromThePast|0 fnt\n|faint|p2a: HeroFromThePast\n|\n|upkeep\n|\n|t:|1698771935\n|switch|p2a: Toxceus-Prime|Arceus-Poison|88\/100 brn\n|turn|27\n|\n|t:|1698771942\n|move|p1a: Arceus|Taunt|p2a: Toxceus-Prime\n|-start|p2a: Toxceus-Prime|move: Taunt\n|move|p2a: Toxceus-Prime|Trailblaze|p1a: Arceus\n|-resisted|p1a: Arceus\n|-damage|p1a: Arceus|14\/100\n|-boost|p2a: Toxceus-Prime|spe|1\n|\n|-damage|p2a: Toxceus-Prime|82\/100 brn|[from] brn\n|upkeep\n|turn|28\n|\n|t:|1698771949\n|move|p2a: Toxceus-Prime|Earthquake|p1a: Arceus\n|-supereffective|p1a: Arceus\n|-damage|p1a: Arceus|0 fnt\n|faint|p1a: Arceus\n|\n|-damage|p2a: Toxceus-Prime|76\/100 brn|[from] brn\n|upkeep\n|\n|t:|1698771961\n|switch|p1a: Magearna|Magearna|60\/100\n|turn|29\n|\n|t:|1698771965\n|-terastallize|p1a: Magearna|Ground\n|move|p2a: Toxceus-Prime|Earthquake|p1a: Magearna\n|-damage|p1a: Magearna|46\/100\n|move|p1a: Magearna|Tera Blast|p2a: Toxceus-Prime|[anim] Tera Blast Ground\n|-supereffective|p2a: Toxceus-Prime\n|-damage|p2a: Toxceus-Prime|0 fnt\n|faint|p2a: Toxceus-Prime\n|\n|win|wyvernl0rd\n|c|\u2606Vario 64\u2606\u5f61|gg wp\n|c|\u2606wyvernl0rd|ggwp\n|l|\u2606wyvernl0rd\n|l|\u2606Vario 64\u2606\u5f61\n|j|\u2606Vario 64\u2606\u5f61\n|player|p2|Vario 64\u2606\u5f61|ghetsis\n","uploadtime":1698771977,"views":35,"p1id":"wyvernl0rd","p2id":"vario64","formatid":"gen9ubers","rating":0,"private":0,"password":""}