{"id":"gen9ubers-1976380528","p1":"godiamsosorry","p2":"Dragon Master Rosa","format":"[Gen 9] Ubers","log":"|j|\u2606godiamsosorry\n|j|\u2606Dragon Master Rosa\n|t:|1698293861\n|gametype|singles\n|player|p1|godiamsosorry|scientistf|\n|player|p2|Dragon Master Rosa|dragontamer-gen9|\n|teamsize|p1|6\n|teamsize|p2|6\n|gen|9\n|tier|[Gen 9] Ubers\n|rule|Sleep Clause Mod: Limit one foe put to sleep\n|rule|Species Clause: Limit one of each Pok\u00e9mon\n|rule|OHKO Clause: OHKO moves are banned\n|rule|Evasion Items Clause: Evasion items are banned\n|rule|Evasion Moves Clause: Evasion moves are banned\n|rule|Endless Battle Clause: Forcing endless battles is banned\n|rule|HP Percentage Mod: HP is shown in percentages\n|clearpoke\n|poke|p1|Medicham, M|\n|poke|p1|Zoroark-Hisui, F|\n|poke|p1|Palafin, M|\n|poke|p1|Enamorus, F|\n|poke|p1|Toedscruel, F|\n|poke|p1|Slowking-Galar, F|\n|poke|p2|Enamorus, F|\n|poke|p2|Palafin, F|\n|poke|p2|Zoroark-Hisui, M|\n|poke|p2|Slowking-Galar, F|\n|poke|p2|Lucario, F|\n|poke|p2|Toxapex, M|\n|teampreview\n|c|\u2606godiamsosorry|WELL SKIBIDI MY OHIO.\n|c|\u2606godiamsosorry|YOU HAVE GYATT TO BE RIZZING ME.\n|c|\u2606Dragon Master Rosa|forgot you can't be based on here\n|c|\u2606godiamsosorry|I do not know why I said that. Apologies.\n|\n|t:|1698293953\n|start\n|switch|p1a: Palafin|Palafin, M|100\/100\n|switch|p2a: Palafin|Palafin, F|100\/100\n|turn|1\n|\n|t:|1698293962\n|detailschange|p2a: Palafin|Palafin-Hero, F\n|switch|p2a: Daniel|Lucario, F|100\/100\n|move|p1a: Palafin|Hydro Pump|p2a: Daniel\n|-damage|p2a: Daniel|15\/100\n|\n|upkeep\n|turn|2\n|c|\u2606Dragon Master Rosa|hm\n|\n|t:|1698293971\n|detailschange|p1a: Palafin|Palafin-Hero, M\n|switch|p1a: Toedscruel|Toedscruel, F|100\/100\n|switch|p2a: Toxapex|Toxapex, M|100\/100\n|\n|upkeep\n|turn|3\n|\n|t:|1698293981\n|switch|p1a: Slowking|Slowking-Galar, F|100\/100\n|move|p2a: Toxapex|Toxic|p1a: Slowking\n|-immune|p1a: Slowking\n|\n|upkeep\n|turn|4\n|\n|t:|1698293993\n|switch|p2a: Daniel|Lucario, F|15\/100\n|move|p1a: Slowking|Chilly Reception|p1a: Slowking\n|-weather|Snow\n|\n|t:|1698293997\n|switch|p1a: Toedscruel|Toedscruel, F|100\/100|[from] Chilly Reception\n|\n|-weather|Snow|[upkeep]\n|upkeep\n|turn|5\n|\n|t:|1698294022\n|move|p1a: Toedscruel|Knock Off|p2a: Daniel\n|-resisted|p2a: Daniel\n|-damage|p2a: Daniel|0 fnt\n|-enditem|p2a: Daniel|Life Orb|[from] move: Knock Off|[of] p1a: Toedscruel\n|faint|p2a: Daniel\n|\n|-weather|Snow|[upkeep]\n|upkeep\n|\n|t:|1698294038\n|switch|p2a: Enamorus|Enamorus, F|100\/100\n|turn|6\n|c|\u2606godiamsosorry|Ngl fast Toed is a cool tech.\n|c|\u2606Dragon Master Rosa|true\n|\n|t:|1698294056\n|move|p2a: Enamorus|U-turn|p1a: Toedscruel\n|-resisted|p1a: Toedscruel\n|-damage|p1a: Toedscruel|67\/100\n|replace|p1a: Zoroark|Zoroark-Hisui, F\n|-end|p1a: Zoroark|Illusion\n|c|\u2606godiamsosorry|My ruse...\n|\n|t:|1698294064\n|switch|p2a: Toxapex|Toxapex, M|100\/100|[from] U-turn\n|move|p1a: Zoroark|Body Slam|p2a: Toxapex\n|-damage|p2a: Toxapex|79\/100\n|-status|p2a: Toxapex|par\n|\n|-weather|Snow|[upkeep]\n|upkeep\n|turn|7\n|\n|t:|1698294073\n|move|p1a: Zoroark|U-turn|p2a: Toxapex\n|-resisted|p2a: Toxapex\n|-damage|p2a: Toxapex|72\/100 par\n|\n|t:|1698294078\n|switch|p1a: Slowking|Slowking-Galar, F|100\/100|[from] U-turn\n|move|p2a: Toxapex|Toxic|p1a: Slowking\n|-immune|p1a: Slowking\n|\n|-weather|Snow|[upkeep]\n|upkeep\n|turn|8\n|\n|t:|1698294085\n|move|p1a: Slowking|Chilly Reception|p1a: Slowking\n|\n|t:|1698294086\n|switch|p1a: Toedscruel|Toedscruel, F|67\/100|[from] Chilly Reception\n|move|p2a: Toxapex|Toxic|p1a: Toedscruel\n|-status|p1a: Toedscruel|tox\n|\n|-weather|none\n|-damage|p1a: Toedscruel|61\/100 tox|[from] psn\n|upkeep\n|turn|9\n|\n|t:|1698294103\n|switch|p2a: Enamorus|Enamorus, F|100\/100\n|move|p1a: Toedscruel|Knock Off|p2a: Enamorus\n|-resisted|p2a: Enamorus\n|-damage|p2a: Enamorus|77\/100\n|-enditem|p2a: Enamorus|Heavy-Duty Boots|[from] move: Knock Off|[of] p1a: Toedscruel\n|\n|-damage|p1a: Toedscruel|49\/100 tox|[from] psn\n|upkeep\n|turn|10\n|\n|t:|1698294108\n|move|p1a: Toedscruel|Body Slam|p2a: Enamorus\n|-damage|p2a: Enamorus|14\/100\n|move|p2a: Enamorus|Substitute|p2a: Enamorus\n|-fail|p2a: Enamorus|move: Substitute|[weak]\n|\n|-damage|p1a: Toedscruel|31\/100 tox|[from] psn\n|upkeep\n|turn|11\n|\n|t:|1698294116\n|move|p1a: Toedscruel|Body Slam|p2a: Enamorus\n|-crit|p2a: Enamorus\n|-damage|p2a: Enamorus|0 fnt\n|faint|p2a: Enamorus\n|\n|-damage|p1a: Toedscruel|7\/100 tox|[from] psn\n|upkeep\n|c|\u2606Dragon Master Rosa|i think that's enough ps for tonight\n|\n|t:|1698294124\n|switch|p2a: Toxapex|Toxapex, M|100\/100\n|turn|12\n|c|\u2606godiamsosorry|I feel you. Wanna try for reqs tomorrow?\n|\n|t:|1698294139\n|move|p1a: Toedscruel|Knock Off|p2a: Toxapex\n|-supereffective|p2a: Toxapex\n|-damage|p2a: Toxapex|0 fnt\n|replace|p2a: Zoroark|Zoroark-Hisui, M\n|-end|p2a: Zoroark|Illusion\n|-enditem|p2a: Zoroark|Choice Band|[from] move: Knock Off|[of] p1a: Toedscruel\n|faint|p2a: Zoroark\n|\n|-damage|p1a: Toedscruel|0 fnt|[from] psn\n|faint|p1a: Toedscruel\n|upkeep\n|-message|Dragon Master Rosa forfeited.\n|\n|win|godiamsosorry\n|l|\u2606Dragon Master Rosa\n","uploadtime":1698294147,"views":17,"p1id":"godiamsosorry","p2id":"dragonmasterrosa","formatid":"gen9ubers","rating":0,"private":0,"password":""}