{"id":"gen9ubers-1993969258","p1":"Pickedman","p2":"Profesor Turo","format":"[Gen 9] Ubers","log":"|j|\u2606Pickedman\n|j|\u2606Profesor Turo\n|t:|1700385127\n|gametype|singles\n|player|p1|Pickedman|zinnia|\n|player|p2|Profesor Turo|turo-ai|\n|teamsize|p1|6\n|teamsize|p2|6\n|gen|9\n|tier|[Gen 9] Ubers\n|rule|Sleep Clause Mod: Limit one foe put to sleep\n|rule|Species Clause: Limit one of each Pok\u00e9mon\n|rule|OHKO Clause: OHKO moves are banned\n|rule|Evasion Items Clause: Evasion items are banned\n|rule|Evasion Moves Clause: Evasion moves are banned\n|rule|Endless Battle Clause: Forcing endless battles is banned\n|rule|HP Percentage Mod: HP is shown in percentages\n|clearpoke\n|poke|p1|Milotic, M|\n|poke|p1|Samurott-Hisui, F|\n|poke|p1|Walking Wake|\n|poke|p1|Weezing-Galar, M|\n|poke|p1|Ursaluna-Bloodmoon, M|\n|poke|p1|Zoroark-Hisui, F|\n|poke|p2|Wo-Chien|\n|poke|p2|Landorus-Therian, M|\n|poke|p2|Yanma, F|\n|poke|p2|Polteageist|\n|poke|p2|Iron Thorns|\n|poke|p2|Baxcalibur, F|\n|teampreview\n|inactive|Battle timer is ON: inactive players will automatically lose when time's up. (requested by Profesor Turo)\n|inactive|Pickedman has 270 seconds left.\n|\n|t:|1700385186\n|start\n|switch|p1a: Weezing|Weezing-Galar, M|100\/100\n|switch|p2a: Polteageist|Polteageist|100\/100\n|turn|1\n|\n|t:|1700385191\n|move|p1a: Weezing|Poltergeist|p2a: Polteageist\n|-activate|p2a: Polteageist|move: Poltergeist|Focus Sash\n|-supereffective|p2a: Polteageist\n|-enditem|p2a: Polteageist|Focus Sash\n|-damage|p2a: Polteageist|1\/100\n|-ability|p2a: Polteageist|Weak Armor|boost\n|-unboost|p2a: Polteageist|def|1\n|-boost|p2a: Polteageist|spe|2\n|move|p2a: Polteageist|Shell Smash|p2a: Polteageist\n|-unboost|p2a: Polteageist|def|1\n|-unboost|p2a: Polteageist|spd|1\n|-boost|p2a: Polteageist|atk|2\n|-boost|p2a: Polteageist|spa|2\n|-boost|p2a: Polteageist|spe|2\n|\n|upkeep\n|turn|2\n|\n|t:|1700385203\n|switch|p1a: Weezing|Weezing-Galar, M|100\/100\n|-ability|p1a: Weezing|Neutralizing Gas\n|move|p2a: Polteageist|Poltergeist|p1a: Weezing|[miss]\n|-miss|p2a: Polteageist|p1a: Weezing\n|\n|upkeep\n|turn|3\n|\n|t:|1700385215\n|-end|p1a: Weezing|ability: Neutralizing Gas\n|switch|p1a: Weezing|Weezing-Galar, M|100\/100\n|move|p2a: Polteageist|Sucker Punch||[still]\n|-fail|p2a: Polteageist\n|\n|upkeep\n|turn|4\n|\n|t:|1700385240\n|switch|p1a: Ursaluna|Ursaluna-Bloodmoon, M|100\/100\n|move|p2a: Polteageist|Strength Sap|p1a: Ursaluna\n|-unboost|p1a: Ursaluna|atk|1\n|-heal|p2a: Polteageist|100\/100\n|\n|upkeep\n|turn|5\n|\n|t:|1700385250\n|move|p2a: Polteageist|Shell Smash|p2a: Polteageist\n|-unboost|p2a: Polteageist|def|1\n|-unboost|p2a: Polteageist|spd|1\n|-boost|p2a: Polteageist|atk|2\n|-boost|p2a: Polteageist|spa|2\n|-boost|p2a: Polteageist|spe|2\n|move|p1a: Ursaluna|Crunch|p2a: Polteageist\n|-supereffective|p2a: Polteageist\n|-damage|p2a: Polteageist|0 fnt\n|faint|p2a: Polteageist\n|\n|upkeep\n|\n|t:|1700385258\n|switch|p2a: Yanma|Yanma, F|100\/100\n|turn|6\n|\n|t:|1700385279\n|switch|p1a: Samurott|Samurott-Hisui, F|100\/100\n|move|p2a: Yanma|Hypnosis|p1a: Samurott\n|-status|p1a: Samurott|slp|[from] move: Hypnosis\n|\n|-ability|p2a: Yanma|Speed Boost|boost\n|-boost|p2a: Yanma|spe|1\n|upkeep\n|turn|7\n|\n|t:|1700385292\n|move|p2a: Yanma|Swords Dance|p2a: Yanma\n|-boost|p2a: Yanma|atk|2\n|cant|p1a: Samurott|slp\n|\n|-ability|p2a: Yanma|Speed Boost|boost\n|-boost|p2a: Yanma|spe|1\n|upkeep\n|turn|8\n|\n|t:|1700385305\n|move|p2a: Yanma|Swords Dance|p2a: Yanma\n|-boost|p2a: Yanma|atk|2\n|cant|p1a: Samurott|slp\n|\n|-ability|p2a: Yanma|Speed Boost|boost\n|-boost|p2a: Yanma|spe|1\n|upkeep\n|turn|9\n|\n|t:|1700385312\n|switch|p1a: Weezing|Weezing-Galar, M|100\/100\n|-ability|p1a: Weezing|Neutralizing Gas\n|move|p2a: Yanma|Leech Life|p1a: Weezing\n|-resisted|p1a: Weezing\n|-damage|p1a: Weezing|87\/100\n|-damage|p2a: Yanma|84\/100|[from] item: Rocky Helmet|[of] p1a: Weezing\n|\n|upkeep\n|turn|10\n|\n|t:|1700385316\n|move|p2a: Yanma|Wing Attack|p1a: Weezing\n|-damage|p1a: Weezing|51\/100\n|-damage|p2a: Yanma|68\/100|[from] item: Rocky Helmet|[of] p1a: Weezing\n|move|p1a: Weezing|Will-O-Wisp|p2a: Yanma\n|-status|p2a: Yanma|brn\n|\n|-damage|p2a: Yanma|62\/100 brn|[from] brn\n|upkeep\n|turn|11\n|\n|t:|1700385320\n|move|p2a: Yanma|Wing Attack|p1a: Weezing\n|-damage|p1a: Weezing|31\/100\n|-damage|p2a: Yanma|45\/100 brn|[from] item: Rocky Helmet|[of] p1a: Weezing\n|move|p1a: Weezing|Pain Split|p2a: Yanma\n|-sethp|p2a: Yanma|38\/100 brn|[from] move: Pain Split|[silent]\n|-sethp|p1a: Weezing|38\/100|[from] move: Pain Split\n|\n|-damage|p2a: Yanma|32\/100 brn|[from] brn\n|upkeep\n|turn|12\n|\n|t:|1700385333\n|move|p2a: Yanma|Swords Dance|p2a: Yanma\n|-boost|p2a: Yanma|atk|2\n|move|p1a: Weezing|Strange Steam|p2a: Yanma\n|-damage|p2a: Yanma|10\/100 brn\n|\n|-damage|p2a: Yanma|4\/100 brn|[from] brn\n|upkeep\n|turn|13\n|\n|t:|1700385338\n|-end|p1a: Weezing|ability: Neutralizing Gas\n|switch|p1a: Samurott|Samurott-Hisui, F|100\/100 slp\n|move|p2a: Yanma|Wing Attack|p1a: Samurott\n|-damage|p1a: Samurott|64\/100 slp\n|\n|-damage|p2a: Yanma|0 fnt|[from] brn\n|faint|p2a: Yanma\n|upkeep\n|\n|t:|1700385343\n|switch|p2a: Baxcalibur|Baxcalibur, F|100\/100\n|turn|14\n|c|\u2606Pickedman|what exactly does yanma do over yanmega\n|\n|t:|1700385361\n|move|p2a: Baxcalibur|Focus Energy|p2a: Baxcalibur\n|-start|p2a: Baxcalibur|move: Focus Energy\n|cant|p1a: Samurott|slp\n|\n|upkeep\n|turn|15\n|c|\u2606Pickedman|eviolite?\n|\n|t:|1700385366\n|move|p2a: Baxcalibur|Freeze-Dry|p1a: Samurott\n|-supereffective|p1a: Samurott\n|-crit|p1a: Samurott\n|-damage|p1a: Samurott|0 fnt\n|faint|p1a: Samurott\n|\n|upkeep\n|c|\u2606Profesor Turo|yeah\n|c|\u2606Pickedman|oh\n|c|\u2606Pickedman|is that it\n|c|\u2606Profesor Turo|slightly bulkier in the special side\n|\n|t:|1700385388\n|switch|p1a: Walking Wake|Walking Wake|100\/100\n|turn|16\n|c|\u2606Pickedman|ic\n|\n|t:|1700385400\n|-terastallize|p2a: Baxcalibur|Ground\n|move|p1a: Walking Wake|Flip Turn|p2a: Baxcalibur\n|-supereffective|p2a: Baxcalibur\n|-damage|p2a: Baxcalibur|29\/100\n|c|\u2606Pickedman|grahh\n|inactive|Pickedman has 270 seconds left.\n|\n|t:|1700385411\n|-end|p1a: Walking Wake|Protosynthesis|[silent]\n|switch|p1a: Weezing|Weezing-Galar, M|38\/100|[from] Flip Turn\n|-ability|p1a: Weezing|Neutralizing Gas\n|move|p2a: Baxcalibur|Draco Meteor|p1a: Weezing\n|-immune|p1a: Weezing\n|\n|upkeep\n|turn|17\n|\n|t:|1700385417\n|move|p2a: Baxcalibur|Tera Blast|p1a: Weezing|[anim] Tera Blast Ground\n|-supereffective|p1a: Weezing\n|-crit|p1a: Weezing\n|-damage|p1a: Weezing|0 fnt\n|faint|p1a: Weezing\n|-end|p1a: Weezing|ability: Neutralizing Gas\n|\n|upkeep\n|c|\u2606Profesor Turo|fml\n|inactive|Pickedman has 270 seconds left.\n|c|\u2606Pickedman|i should probably change to levitate\n|\n|t:|1700385431\n|switch|p1a: Walking Wake|Walking Wake|100\/100\n|turn|18\n|\n|t:|1700385434\n|move|p1a: Walking Wake|Flip Turn|p2a: Baxcalibur\n|-supereffective|p2a: Baxcalibur\n|-damage|p2a: Baxcalibur|0 fnt\n|faint|p2a: Baxcalibur\n|\n|t:|1700385439\n|-end|p1a: Walking Wake|Protosynthesis|[silent]\n|switch|p1a: Milotic|Milotic, M|100\/100|[from] Flip Turn\n|\n|upkeep\n|\n|t:|1700385451\n|switch|p2a: Wo-Chien|Wo-Chien|100\/100\n|-ability|p2a: Wo-Chien|Tablets of Ruin\n|turn|19\n|\n|t:|1700385456\n|move|p1a: Milotic|U-turn|p2a: Wo-Chien\n|-supereffective|p2a: Wo-Chien\n|-damage|p2a: Wo-Chien|1\/100\n|\n|t:|1700385464\n|switch|p1a: Walking Wake|Walking Wake|100\/100|[from] U-turn\n|move|p2a: Wo-Chien|Trailblaze|p1a: Walking Wake\n|-damage|p1a: Walking Wake|79\/100\n|-boost|p2a: Wo-Chien|spe|1\n|\n|-heal|p2a: Wo-Chien|8\/100|[from] item: Leftovers\n|upkeep\n|turn|20\n|\n|t:|1700385470\n|move|p2a: Wo-Chien|Knock Off|p1a: Walking Wake\n|-damage|p1a: Walking Wake|33\/100\n|-enditem|p1a: Walking Wake|Choice Band|[from] move: Knock Off|[of] p2a: Wo-Chien\n|move|p1a: Walking Wake|Flip Turn|p2a: Wo-Chien\n|-resisted|p2a: Wo-Chien\n|-damage|p2a: Wo-Chien|0 fnt\n|faint|p2a: Wo-Chien\n|\n|t:|1700385480\n|-end|p1a: Walking Wake|Protosynthesis|[silent]\n|switch|p1a: Milotic|Milotic, M|100\/100|[from] Flip Turn\n|\n|-status|p1a: Milotic|brn|[from] item: Flame Orb\n|upkeep\n|\n|t:|1700385483\n|switch|p2a: Iron Thorns|Iron Thorns|100\/100\n|-enditem|p2a: Iron Thorns|Booster Energy\n|-activate|p2a: Iron Thorns|ability: Quark Drive|[fromitem]\n|-start|p2a: Iron Thorns|quarkdrivespa\n|turn|21\n|\n|t:|1700385498\n|move|p2a: Iron Thorns|Dragon Dance|p2a: Iron Thorns\n|-boost|p2a: Iron Thorns|atk|1\n|-boost|p2a: Iron Thorns|spe|1\n|move|p1a: Milotic|Flip Turn|p2a: Iron Thorns\n|-supereffective|p2a: Iron Thorns\n|-damage|p2a: Iron Thorns|88\/100\n|\n|t:|1700385508\n|switch|p1a: Ursaluna|Ursaluna-Bloodmoon, M|100\/100|[from] Flip Turn\n|\n|upkeep\n|turn|22\n|\n|t:|1700385517\n|-terastallize|p1a: Ursaluna|Fighting\n|move|p2a: Iron Thorns|Ice Beam|p1a: Ursaluna\n|-damage|p1a: Ursaluna|65\/100\n|move|p1a: Ursaluna|Body Press|p2a: Iron Thorns\n|-supereffective|p2a: Iron Thorns\n|-damage|p2a: Iron Thorns|23\/100\n|\n|upkeep\n|turn|23\n|\n|t:|1700385525\n|move|p2a: Iron Thorns|Thunderbolt|p1a: Ursaluna\n|-damage|p1a: Ursaluna|15\/100\n|-enditem|p1a: Ursaluna|Sitrus Berry|[eat]\n|-heal|p1a: Ursaluna|40\/100|[from] item: Sitrus Berry\n|move|p1a: Ursaluna|Body Press|p2a: Iron Thorns\n|-supereffective|p2a: Iron Thorns\n|-damage|p2a: Iron Thorns|0 fnt\n|faint|p2a: Iron Thorns\n|-end|p2a: Iron Thorns|Quark Drive|[silent]\n|\n|upkeep\n|\n|t:|1700385528\n|switch|p2a: Landorus|Landorus-Therian, M|100\/100\n|-ability|p2a: Landorus|Intimidate|boost\n|-unboost|p1a: Ursaluna|atk|1\n|turn|24\n|\n|t:|1700385535\n|move|p2a: Landorus|Earth Power|p1a: Ursaluna\n|-damage|p1a: Ursaluna|0 fnt\n|faint|p1a: Ursaluna\n|\n|upkeep\n|\n|t:|1700385543\n|switch|p1a: Walking Wake|Walking Wake|33\/100\n|turn|25\n|\n|t:|1700385545\n|move|p1a: Walking Wake|Liquidation|p2a: Landorus\n|-supereffective|p2a: Landorus\n|-damage|p2a: Landorus|30\/100\n|move|p2a: Landorus|Earth Power|p1a: Walking Wake\n|-damage|p1a: Walking Wake|0 fnt\n|faint|p1a: Walking Wake\n|-end|p1a: Walking Wake|Protosynthesis|[silent]\n|\n|upkeep\n|c|\u2606Profesor Turo|ggs\n|\n|t:|1700385552\n|switch|p1a: Milotic|Milotic, M|100\/100\n|turn|26\n|c|\u2606Pickedman|ggs\n|\n|t:|1700385557\n|move|p1a: Milotic|Body Slam|p2a: Landorus\n|-damage|p2a: Landorus|0 fnt\n|faint|p2a: Landorus\n|\n|win|Pickedman\n","uploadtime":1700385562,"views":24,"p1id":"pickedman","p2id":"profesorturo","formatid":"gen9ubers","rating":0,"private":0,"password":""}