{"id":"gen9ubers-1983486509","p1":"ProudNewb","p2":"ToxZac","format":"[Gen 9] Ubers","log":"|j|\u2606ProudNewb\n|j|\u2606ToxZac\n|t:|1699135332\n|gametype|singles\n|player|p1|ProudNewb|2|\n|player|p2|ToxZac|clown|\n|teamsize|p1|6\n|teamsize|p2|6\n|gen|9\n|tier|[Gen 9] Ubers\n|rule|Sleep Clause Mod: Limit one foe put to sleep\n|rule|Species Clause: Limit one of each Pok\u00e9mon\n|rule|OHKO Clause: OHKO moves are banned\n|rule|Evasion Items Clause: Evasion items are banned\n|rule|Evasion Moves Clause: Evasion moves are banned\n|rule|Endless Battle Clause: Forcing endless battles is banned\n|rule|HP Percentage Mod: HP is shown in percentages\n|clearpoke\n|poke|p1|Palafin, M|\n|poke|p1|Mamoswine, F|\n|poke|p1|Ogerpon-Hearthflame, F|\n|poke|p1|Tinkaton, F|\n|poke|p1|Zoroark-Hisui, F|\n|poke|p1|Yanmega, F|\n|poke|p2|Urshifu-*, M|\n|poke|p2|Heatran, F|\n|poke|p2|Breloom, M|\n|poke|p2|Iron Treads|\n|poke|p2|Mismagius, M|\n|poke|p2|Grafaiai, F|\n|teampreview\n|inactive|Battle timer is ON: inactive players will automatically lose when time's up. (requested by ToxZac)\n|inactive|ToxZac has 270 seconds left.\n|j| NWA Anemos\n|j| serkaeyn\n|inactive|ToxZac has 240 seconds left.\n|\n|t:|1699135396\n|start\n|switch|p1a: Mamoswine|Mamoswine, F|100\/100\n|switch|p2a: Franky|Iron Treads|100\/100\n|turn|1\n|\n|t:|1699135413\n|-end|p2a: Franky|Quark Drive|[silent]\n|switch|p2a: Robin|Mismagius, M|100\/100\n|move|p1a: Mamoswine|U-turn|p2a: Robin\n|-resisted|p2a: Robin\n|-damage|p2a: Robin|87\/100\n|\n|t:|1699135421\n|switch|p1a: Palafin|Palafin, M|100\/100|[from] U-turn\n|\n|-heal|p2a: Robin|93\/100|[from] item: Leftovers\n|upkeep\n|turn|2\n|\n|t:|1699135438\n|move|p2a: Robin|Substitute|p2a: Robin\n|-start|p2a: Robin|Substitute\n|-damage|p2a: Robin|68\/100\n|move|p1a: Palafin|Taunt|p2a: Robin\n|-start|p2a: Robin|move: Taunt\n|\n|-heal|p2a: Robin|74\/100|[from] item: Leftovers\n|upkeep\n|turn|3\n|\n|t:|1699135453\n|detailschange|p1a: Palafin|Palafin-Hero, M\n|switch|p1a: Tinkaton|Tinkaton, F|100\/100\n|-ability|p1a: Tinkaton|Mold Breaker\n|move|p2a: Robin|Draining Kiss|p1a: Tinkaton\n|-resisted|p1a: Tinkaton\n|-damage|p1a: Tinkaton|96\/100\n|-heal|p2a: Robin|79\/100|[from] drain|[of] p1a: Tinkaton\n|-damage|p2a: Robin|63\/100|[from] item: Rocky Helmet|[of] p1a: Tinkaton\n|\n|-heal|p2a: Robin|69\/100|[from] item: Leftovers\n|upkeep\n|turn|4\n|inactive|ProudNewb has 270 seconds left.\n|\n|t:|1699135479\n|move|p2a: Robin|Shadow Ball|p1a: Tinkaton\n|-damage|p1a: Tinkaton|72\/100\n|move|p1a: Tinkaton|Knock Off|p2a: Robin\n|-supereffective|p2a: Robin\n|-end|p2a: Robin|Substitute\n|\n|-heal|p2a: Robin|75\/100|[from] item: Leftovers\n|upkeep\n|turn|5\n|inactive|ToxZac has 270 seconds left.\n|\n|t:|1699135502\n|switch|p2a: Grafaiai|Grafaiai, F|100\/100\n|move|p1a: Tinkaton|Thunder Wave|p2a: Grafaiai\n|-status|p2a: Grafaiai|par\n|\n|upkeep\n|turn|6\n|inactive|ToxZac has 270 seconds left.\n|l| NWA Anemos\n|\n|t:|1699135524\n|move|p2a: Grafaiai|Switcheroo|p1a: Tinkaton\n|-activate|p2a: Grafaiai|move: Trick|[of] p1a: Tinkaton\n|-item|p1a: Tinkaton|Choice Scarf|[from] move: Switcheroo\n|-item|p2a: Grafaiai|Rocky Helmet|[from] move: Switcheroo\n|move|p1a: Tinkaton|Knock Off|p2a: Grafaiai\n|-damage|p2a: Grafaiai|66\/100 par\n|-damage|p1a: Tinkaton|55\/100|[from] item: Rocky Helmet|[of] p2a: Grafaiai\n|-enditem|p2a: Grafaiai|Rocky Helmet|[from] move: Knock Off|[of] p1a: Tinkaton\n|\n|upkeep\n|turn|7\n|j| NWA Anemos\n|inactive|ProudNewb has 270 seconds left.\n|\n|t:|1699135568\n|switch|p1a: Mamoswine|Mamoswine, F|100\/100\n|move|p2a: Grafaiai|U-turn|p1a: Mamoswine\n|-resisted|p1a: Mamoswine\n|-damage|p1a: Mamoswine|80\/100\n|replace|p1a: Zoroark|Zoroark-Hisui, F\n|-end|p1a: Zoroark|Illusion\n|inactive|ToxZac has 240 seconds left.\n|\n|t:|1699135600\n|switch|p2a: Franky|Iron Treads|100\/100|[from] U-turn\n|\n|upkeep\n|turn|8\n|\n|t:|1699135608\n|move|p1a: Zoroark|U-turn|p2a: Franky\n|-resisted|p2a: Franky\n|-crit|p2a: Franky\n|-damage|p2a: Franky|92\/100\n|inactive|ProudNewb has 240 seconds left.\n|\n|t:|1699135651\n|switch|p1a: Palafin|Palafin-Hero, M|100\/100|[from] U-turn\n|-activate|p1a: Palafin|ability: Zero to Hero\n|move|p2a: Franky|Stealth Rock|p1a: Palafin\n|-sidestart|p1: ProudNewb|move: Stealth Rock\n|\n|-heal|p2a: Franky|98\/100|[from] item: Leftovers\n|upkeep\n|turn|9\n|inactive|ToxZac has 240 seconds left.\n|l| NWA Anemos\n|\n|t:|1699135669\n|-end|p2a: Franky|Quark Drive|[silent]\n|switch|p2a: Grafaiai|Grafaiai, F|66\/100 par\n|move|p1a: Palafin|Bulk Up|p1a: Palafin\n|-boost|p1a: Palafin|atk|1\n|-boost|p1a: Palafin|def|1\n|\n|upkeep\n|turn|10\n|inactive|ToxZac has 240 seconds left.\n|inactive|ProudNewb has 210 seconds left.\n|j| NWA Anemos\n|\n|t:|1699135699\n|move|p1a: Palafin|Jet Punch|p2a: Grafaiai\n|-damage|p2a: Grafaiai|0 fnt\n|faint|p2a: Grafaiai\n|\n|upkeep\n|inactive|ToxZac has 210 seconds left.\n|\n|t:|1699135721\n|switch|p2a: Usopp|Breloom, M|100\/100\n|turn|11\n|inactive|ProudNewb has 210 seconds left.\n|inactive|ToxZac has 210 seconds left.\n|inactive|ProudNewb has 180 seconds left.\n|\n|t:|1699135758\n|switch|p1a: Tinkaton|Tinkaton, F|55\/100\n|-damage|p1a: Tinkaton|49\/100|[from] Stealth Rock\n|-ability|p1a: Tinkaton|Mold Breaker\n|move|p2a: Usopp|Spore|p1a: Tinkaton\n|-status|p1a: Tinkaton|slp|[from] move: Spore\n|\n|upkeep\n|turn|12\n|inactive|ProudNewb has 180 seconds left.\n|inactive|ToxZac has 210 seconds left.\n|\n|t:|1699135803\n|cant|p1a: Tinkaton|slp\n|move|p2a: Usopp|Bullet Seed|p1a: Tinkaton\n|-resisted|p1a: Tinkaton\n|-damage|p1a: Tinkaton|38\/100 slp\n|-resisted|p1a: Tinkaton\n|-crit|p1a: Tinkaton\n|-damage|p1a: Tinkaton|21\/100 slp\n|-resisted|p1a: Tinkaton\n|-damage|p1a: Tinkaton|9\/100 slp\n|-resisted|p1a: Tinkaton\n|-crit|p1a: Tinkaton\n|-damage|p1a: Tinkaton|0 fnt\n|faint|p1a: Tinkaton\n|-hitcount|p1: Tinkaton|4\n|\n|upkeep\n|inactive|ProudNewb has 150 seconds left.\n|\n|t:|1699135824\n|switch|p1a: Yanmega|Yanmega, F|100\/100\n|-damage|p1a: Yanmega|51\/100|[from] Stealth Rock\n|turn|13\n|inactive|ToxZac has 210 seconds left.\n|\n|t:|1699135848\n|move|p1a: Yanmega|Air Slash|p2a: Usopp\n|-supereffective|p2a: Usopp\n|-damage|p2a: Usopp|0 fnt\n|faint|p2a: Usopp\n|\n|-ability|p1a: Yanmega|Speed Boost|boost\n|-boost|p1a: Yanmega|spe|1\n|upkeep\n|inactive|ToxZac has 180 seconds left.\n|\n|t:|1699135886\n|switch|p2a: Sabo|Heatran, F|100\/100\n|turn|14\n|inactive|ToxZac has 150 seconds left.\n|\n|t:|1699135915\n|move|p1a: Yanmega|U-turn|p2a: Sabo\n|-resisted|p2a: Sabo\n|-damage|p2a: Sabo|96\/100\n|inactive|ProudNewb has 120 seconds left.\n|\n|t:|1699135937\n|switch|p1a: Palafin|Palafin-Hero, M|100\/100|[from] U-turn\n|-damage|p1a: Palafin|88\/100|[from] Stealth Rock\n|move|p2a: Sabo|Magma Storm|p1a: Palafin|[miss]\n|-miss|p2a: Sabo|p1a: Palafin\n|\n|-heal|p2a: Sabo|100\/100|[from] item: Leftovers\n|upkeep\n|turn|15\n|inactive|ProudNewb has 120 seconds left.\n|inactiveoff|Battle timer is now OFF.\n|\n|t:|1699136007\n|switch|p1a: Mamoswine|Mamoswine, F|80\/100\n|-damage|p1a: Mamoswine|68\/100|[from] Stealth Rock\n|move|p2a: Sabo|Taunt|p1a: Mamoswine\n|-start|p1a: Mamoswine|move: Taunt\n|\n|upkeep\n|turn|16\n|\n|t:|1699136072\n|move|p1a: Mamoswine|Shadow Ball|p2a: Sabo\n|-damage|p2a: Sabo|57\/100\n|move|p2a: Sabo|Magma Storm|p1a: Mamoswine\n|-damage|p1a: Mamoswine|0 fnt\n|replace|p1a: Zoroark|Zoroark-Hisui, F\n|-end|p1a: Zoroark|Illusion\n|faint|p1a: Zoroark\n|\n|-heal|p2a: Sabo|63\/100|[from] item: Leftovers\n|upkeep\n|\n|t:|1699136084\n|switch|p1a: Palafin|Palafin-Hero, M|88\/100\n|-damage|p1a: Palafin|76\/100|[from] Stealth Rock\n|turn|17\n|\n|t:|1699136098\n|switch|p2a: Robin|Mismagius, M|75\/100\n|move|p1a: Palafin|Drain Punch|p2a: Robin\n|-immune|p2a: Robin\n|\n|-heal|p2a: Robin|81\/100|[from] item: Leftovers\n|upkeep\n|turn|18\n|\n|t:|1699136127\n|move|p2a: Robin|Substitute|p2a: Robin\n|-start|p2a: Robin|Substitute\n|-damage|p2a: Robin|56\/100\n|move|p1a: Palafin|Taunt|p2a: Robin\n|-start|p2a: Robin|move: Taunt\n|\n|-heal|p2a: Robin|63\/100|[from] item: Leftovers\n|upkeep\n|turn|19\n|\n|t:|1699136135\n|-terastallize|p2a: Robin|Fairy\n|move|p1a: Palafin|Jet Punch|p2a: Robin\n|-end|p2a: Robin|Substitute\n|move|p2a: Robin|Draining Kiss|p1a: Palafin\n|-damage|p1a: Palafin|57\/100\n|-heal|p2a: Robin|84\/100|[from] drain|[of] p1a: Palafin\n|-damage|p2a: Robin|68\/100|[from] item: Rocky Helmet|[of] p1a: Palafin\n|\n|-heal|p2a: Robin|74\/100|[from] item: Leftovers\n|upkeep\n|turn|20\n|\n|t:|1699136161\n|move|p1a: Palafin|Jet Punch|p2a: Robin\n|-damage|p2a: Robin|7\/100\n|move|p2a: Robin|Draining Kiss|p1a: Palafin\n|-damage|p1a: Palafin|38\/100\n|-heal|p2a: Robin|28\/100|[from] drain|[of] p1a: Palafin\n|-damage|p2a: Robin|12\/100|[from] item: Rocky Helmet|[of] p1a: Palafin\n|\n|-heal|p2a: Robin|18\/100|[from] item: Leftovers\n|upkeep\n|turn|21\n|\n|t:|1699136177\n|move|p1a: Palafin|Jet Punch|p2a: Robin\n|-damage|p2a: Robin|0 fnt\n|faint|p2a: Robin\n|\n|upkeep\n|\n|t:|1699136190\n|switch|p2a: Franky|Iron Treads|98\/100\n|turn|22\n|\n|t:|1699136213\n|move|p2a: Franky|Knock Off|p1a: Palafin\n|-damage|p1a: Palafin|16\/100\n|-damage|p2a: Franky|81\/100|[from] item: Rocky Helmet|[of] p1a: Palafin\n|-enditem|p1a: Palafin|Rocky Helmet|[from] move: Knock Off|[of] p2a: Franky\n|move|p1a: Palafin|Drain Punch|p2a: Franky\n|-supereffective|p2a: Franky\n|-damage|p2a: Franky|40\/100\n|-heal|p1a: Palafin|36\/100|[from] drain|[of] p2a: Franky\n|\n|-heal|p2a: Franky|46\/100|[from] item: Leftovers\n|upkeep\n|turn|23\n|\n|t:|1699136227\n|move|p1a: Palafin|Jet Punch|p2a: Franky\n|-supereffective|p2a: Franky\n|-damage|p2a: Franky|0 fnt\n|faint|p2a: Franky\n|-end|p2a: Franky|Quark Drive|[silent]\n|\n|upkeep\n|\n|t:|1699136233\n|switch|p2a: Luffy|Urshifu-Rapid-Strike, M|100\/100\n|turn|24\n|\n|t:|1699136289\n|move|p1a: Palafin|Jet Punch|p2a: Luffy\n|-resisted|p2a: Luffy\n|-damage|p2a: Luffy|86\/100\n|move|p2a: Luffy|Surging Strikes|p1a: Palafin\n|-resisted|p1a: Palafin\n|-crit|p1a: Palafin\n|-damage|p1a: Palafin|22\/100\n|-resisted|p1a: Palafin\n|-crit|p1a: Palafin\n|-damage|p1a: Palafin|8\/100\n|-resisted|p1a: Palafin\n|-crit|p1a: Palafin\n|-damage|p1a: Palafin|0 fnt\n|faint|p1a: Palafin\n|-hitcount|p1: Palafin|3\n|\n|upkeep\n|\n|t:|1699136304\n|switch|p1a: Ogerpon|Ogerpon-Hearthflame, F|100\/100\n|-damage|p1a: Ogerpon|76\/100|[from] Stealth Rock\n|-ability|p1a: Ogerpon|Mold Breaker\n|turn|25\n|\n|t:|1699136412\n|move|p1a: Ogerpon|Power Whip|p2a: Luffy\n|-supereffective|p2a: Luffy\n|-damage|p2a: Luffy|0 fnt\n|faint|p2a: Luffy\n|\n|upkeep\n|\n|t:|1699136417\n|switch|p2a: Sabo|Heatran, F|63\/100\n|turn|26\n|\n|t:|1699136427\n|move|p1a: Ogerpon|U-turn|p2a: Sabo\n|-resisted|p2a: Sabo\n|-damage|p2a: Sabo|56\/100\n|\n|t:|1699136430\n|switch|p1a: Yanmega|Yanmega, F|51\/100|[from] U-turn\n|-damage|p1a: Yanmega|1\/100|[from] Stealth Rock\n|move|p2a: Sabo|Magma Storm|p1a: Yanmega\n|-supereffective|p1a: Yanmega\n|-damage|p1a: Yanmega|0 fnt\n|faint|p1a: Yanmega\n|\n|-heal|p2a: Sabo|62\/100|[from] item: Leftovers\n|upkeep\n|\n|t:|1699136439\n|switch|p1a: Mamoswine|Mamoswine, F|100\/100\n|-damage|p1a: Mamoswine|88\/100|[from] Stealth Rock\n|turn|27\n|\n|t:|1699136450\n|move|p1a: Mamoswine|Earthquake|p2a: Sabo\n|-supereffective|p2a: Sabo\n|-crit|p2a: Sabo\n|-damage|p2a: Sabo|0 fnt\n|faint|p2a: Sabo\n|-damage|p1a: Mamoswine|78\/100|[from] item: Life Orb\n|\n|win|ProudNewb\n|l|\u2606ToxZac\n","uploadtime":1699136484,"views":19,"p1id":"proudnewb","p2id":"toxzac","formatid":"gen9ubers","rating":0,"private":0,"password":""}