{"id":"gen9ubers-1984153914","p1":"NWA Anemos","p2":"edchucate","format":"[Gen 9] Ubers","log":"|j|\u2606NWA Anemos\n|j|\u2606edchucate\n|t:|1699224314\n|gametype|singles\n|player|p1|NWA Anemos|waitress-gen4|\n|player|p2|edchucate|hooligans|\n|teamsize|p1|6\n|teamsize|p2|6\n|gen|9\n|tier|[Gen 9] Ubers\n|rule|Sleep Clause Mod: Limit one foe put to sleep\n|rule|Species Clause: Limit one of each Pok\u00e9mon\n|rule|OHKO Clause: OHKO moves are banned\n|rule|Evasion Items Clause: Evasion items are banned\n|rule|Evasion Moves Clause: Evasion moves are banned\n|rule|Endless Battle Clause: Forcing endless battles is banned\n|rule|HP Percentage Mod: HP is shown in percentages\n|clearpoke\n|poke|p1|Greninja-*, M|\n|poke|p1|Goodra-Hisui, M|\n|poke|p1|Donphan, F|\n|poke|p1|Jirachi|\n|poke|p1|Thundurus, M|\n|poke|p1|Trevenant, F|\n|poke|p2|Toxicroak, M|\n|poke|p2|Zoroark, M|\n|poke|p2|Toxapex, F|\n|poke|p2|Annihilape, M|\n|poke|p2|Toxtricity, F|\n|poke|p2|Manaphy|\n|teampreview\n|c|\u2606NWA Anemos|glhf\n|c|\u2606edchucate|glhf\n|\n|t:|1699224425\n|start\n|switch|p1a: Donphan|Donphan, F|100\/100\n|switch|p2a: Toxapex|Toxapex, F, shiny|100\/100\n|turn|1\n|\n|t:|1699224449\n|move|p1a: Donphan|Stealth Rock|p2a: Toxapex\n|-sidestart|p2: edchucate|move: Stealth Rock\n|move|p2a: Toxapex|Toxic|p1a: Donphan\n|-status|p1a: Donphan|tox\n|\n|-damage|p1a: Donphan|94\/100 tox|[from] psn\n|upkeep\n|turn|2\n|\n|t:|1699224461\n|move|p1a: Donphan|Earthquake|p2a: Toxapex\n|-supereffective|p2a: Toxapex\n|-damage|p2a: Toxapex|41\/100\n|move|p2a: Toxapex|Toxic Spikes|p1a: Donphan\n|-sidestart|p1: NWA Anemos|move: Toxic Spikes\n|\n|-heal|p1a: Donphan|100\/100 tox|[from] item: Leftovers\n|-heal|p2a: Toxapex|47\/100|[from] item: Leftovers\n|-damage|p1a: Donphan|88\/100 tox|[from] psn\n|upkeep\n|turn|3\n|j| mlenny95\n|\n|t:|1699224470\n|move|p1a: Donphan|Rapid Spin|p2a: Toxapex\n|-damage|p2a: Toxapex|37\/100\n|-boost|p1a: Donphan|spe|1\n|-sideend|p1: NWA Anemos|Toxic Spikes|[from] move: Rapid Spin|[of] p1a: Donphan\n|move|p2a: Toxapex|Recover|p2a: Toxapex\n|-heal|p2a: Toxapex|87\/100\n|\n|-heal|p1a: Donphan|94\/100 tox|[from] item: Leftovers\n|-heal|p2a: Toxapex|94\/100|[from] item: Leftovers\n|-damage|p1a: Donphan|75\/100 tox|[from] psn\n|upkeep\n|turn|4\n|\n|t:|1699224481\n|move|p1a: Donphan|Earthquake|p2a: Toxapex\n|-supereffective|p2a: Toxapex\n|-crit|p2a: Toxapex\n|-damage|p2a: Toxapex|4\/100\n|move|p2a: Toxapex|Surf|p1a: Donphan\n|-supereffective|p1a: Donphan\n|-crit|p1a: Donphan\n|-damage|p1a: Donphan|15\/100 tox\n|\n|-heal|p1a: Donphan|21\/100 tox|[from] item: Leftovers\n|-heal|p2a: Toxapex|10\/100|[from] item: Leftovers\n|-damage|p1a: Donphan|0 fnt|[from] psn\n|faint|p1a: Donphan\n|upkeep\n|j| ProudNewb\n|c| ProudNewb|hi matt\n|l| ProudNewb\n|\n|t:|1699224562\n|switch|p1a: Jirachi|Jirachi|100\/100\n|turn|5\n|c| mlenny95|lol sup dawg\n|\n|t:|1699224568\n|move|p1a: Jirachi|Iron Head|p2a: Toxapex\n|-resisted|p2a: Toxapex\n|-damage|p2a: Toxapex|0 fnt\n|faint|p2a: Toxapex\n|\n|upkeep\n|\n|t:|1699224573\n|switch|p2a: Toxtricity|Toxtricity, F, shiny|100\/100\n|-damage|p2a: Toxtricity|88\/100|[from] Stealth Rock\n|turn|6\n|\n|t:|1699224587\n|move|p1a: Jirachi|Iron Head|p2a: Toxtricity\n|-resisted|p2a: Toxtricity\n|-damage|p2a: Toxtricity|60\/100\n|move|p2a: Toxtricity|Overdrive|p1a: Jirachi\n|-damage|p1a: Jirachi|43\/100\n|\n|upkeep\n|turn|7\n|\n|t:|1699224594\n|move|p1a: Jirachi|Iron Head|p2a: Toxtricity\n|-resisted|p2a: Toxtricity\n|-damage|p2a: Toxtricity|32\/100\n|move|p2a: Toxtricity|Boomburst|p1a: Jirachi\n|-resisted|p1a: Jirachi\n|-damage|p1a: Jirachi|4\/100\n|\n|upkeep\n|turn|8\n|\n|t:|1699224602\n|move|p1a: Jirachi|Iron Head|p2a: Toxtricity\n|-resisted|p2a: Toxtricity\n|-damage|p2a: Toxtricity|6\/100\n|move|p2a: Toxtricity|Overdrive|p1a: Jirachi\n|-damage|p1a: Jirachi|0 fnt\n|faint|p1a: Jirachi\n|\n|upkeep\n|\n|t:|1699224642\n|switch|p1a: Goodra|Goodra-Hisui, M|100\/100\n|turn|9\n|l| mlenny95\n|j| ProudNewb\n|l| ProudNewb\n|\n|t:|1699224690\n|move|p2a: Toxtricity|Overdrive|p1a: Goodra\n|-resisted|p1a: Goodra\n|-damage|p1a: Goodra|86\/100\n|move|p1a: Goodra|Dragon Tail|p2a: Toxtricity\n|-damage|p2a: Toxtricity|0 fnt\n|faint|p2a: Toxtricity\n|\n|-heal|p1a: Goodra|92\/100|[from] item: Leftovers\n|upkeep\n|\n|t:|1699224702\n|switch|p2a: Manaphy|Manaphy, shiny|100\/100\n|-damage|p2a: Manaphy|88\/100|[from] Stealth Rock\n|turn|10\n|\n|t:|1699224718\n|move|p2a: Manaphy|Tail Glow|p2a: Manaphy\n|-boost|p2a: Manaphy|spa|3\n|move|p1a: Goodra|Dragon Tail|p2a: Manaphy\n|-damage|p2a: Manaphy|68\/100\n|drag|p2a: Annihilape|Annihilape, M, shiny|100\/100\n|-damage|p2a: Annihilape|94\/100|[from] Stealth Rock\n|\n|-heal|p2a: Annihilape|100\/100|[from] item: Leftovers\n|-heal|p1a: Goodra|98\/100|[from] item: Leftovers\n|upkeep\n|turn|11\n|j| ProudNewb\n|\n|t:|1699224756\n|move|p2a: Annihilape|Drain Punch|p1a: Goodra\n|-supereffective|p1a: Goodra\n|-damage|p1a: Goodra|54\/100\n|move|p1a: Goodra|Draco Meteor|p2a: Annihilape\n|-damage|p2a: Annihilape|70\/100\n|-unboost|p1a: Goodra|spa|2\n|\n|-heal|p2a: Annihilape|77\/100|[from] item: Leftovers\n|-heal|p1a: Goodra|60\/100|[from] item: Leftovers\n|upkeep\n|turn|12\n|\n|t:|1699224776\n|switch|p1a: Trevenant|Trevenant, F|100\/100\n|move|p2a: Annihilape|Drain Punch|p1a: Trevenant\n|-immune|p1a: Trevenant\n|\n|-heal|p2a: Annihilape|83\/100|[from] item: Leftovers\n|upkeep\n|turn|13\n|\n|t:|1699224793\n|move|p1a: Trevenant|Protect|p1a: Trevenant\n|-singleturn|p1a: Trevenant|Protect\n|move|p2a: Annihilape|Rage Fist|p1a: Trevenant\n|-activate|p1a: Trevenant|move: Protect\n|\n|-heal|p2a: Annihilape|89\/100|[from] item: Leftovers\n|upkeep\n|turn|14\n|\n|t:|1699224814\n|move|p1a: Trevenant|Leech Seed|p2a: Annihilape|[miss]\n|-miss|p1a: Trevenant|p2a: Annihilape\n|move|p2a: Annihilape|Bulk Up|p2a: Annihilape\n|-boost|p2a: Annihilape|atk|1\n|-boost|p2a: Annihilape|def|1\n|\n|-heal|p2a: Annihilape|95\/100|[from] item: Leftovers\n|upkeep\n|turn|15\n|\n|t:|1699224827\n|move|p1a: Trevenant|Leech Seed|p2a: Annihilape\n|-start|p2a: Annihilape|move: Leech Seed\n|move|p2a: Annihilape|Taunt|p1a: Trevenant\n|-start|p1a: Trevenant|move: Taunt\n|\n|-heal|p2a: Annihilape|100\/100|[from] item: Leftovers\n|-damage|p2a: Annihilape|88\/100|[from] Leech Seed|[of] p1a: Trevenant\n|upkeep\n|turn|16\n|l| ProudNewb\n|\n|t:|1699224870\n|switch|p1a: Thundurus|Thundurus, M|100\/100\n|move|p2a: Annihilape|Rage Fist|p1a: Thundurus\n|-damage|p1a: Thundurus|15\/100\n|\n|-heal|p2a: Annihilape|94\/100|[from] item: Leftovers\n|-damage|p2a: Annihilape|82\/100|[from] Leech Seed|[of] p1a: Thundurus\n|-heal|p1a: Thundurus|32\/100|[silent]\n|upkeep\n|turn|17\n|\n|t:|1699224919\n|move|p1a: Thundurus|Psychic|p2a: Annihilape\n|-supereffective|p2a: Annihilape\n|-damage|p2a: Annihilape|41\/100\n|move|p2a: Annihilape|Rage Fist|p1a: Thundurus\n|-damage|p1a: Thundurus|0 fnt\n|faint|p1a: Thundurus\n|\n|-heal|p2a: Annihilape|47\/100|[from] item: Leftovers\n|upkeep\n|\n|t:|1699224940\n|switch|p1a: Trevenant|Trevenant, F|100\/100\n|turn|18\n|\n|t:|1699224945\n|move|p1a: Trevenant|Substitute|p1a: Trevenant\n|-start|p1a: Trevenant|Substitute\n|-damage|p1a: Trevenant|76\/100\n|move|p2a: Annihilape|Bulk Up|p2a: Annihilape\n|-boost|p2a: Annihilape|atk|1\n|-boost|p2a: Annihilape|def|1\n|\n|-heal|p2a: Annihilape|53\/100|[from] item: Leftovers\n|-damage|p2a: Annihilape|41\/100|[from] Leech Seed|[of] p1a: Trevenant\n|-heal|p1a: Trevenant|90\/100|[silent]\n|upkeep\n|turn|19\n|\n|t:|1699224957\n|move|p1a: Trevenant|Earthquake|p2a: Annihilape\n|-damage|p2a: Annihilape|29\/100\n|move|p2a: Annihilape|Rage Fist|p1a: Trevenant\n|-supereffective|p1a: Trevenant\n|-end|p1a: Trevenant|Substitute\n|\n|-heal|p2a: Annihilape|35\/100|[from] item: Leftovers\n|-damage|p2a: Annihilape|23\/100|[from] Leech Seed|[of] p1a: Trevenant\n|-heal|p1a: Trevenant|100\/100|[silent]\n|upkeep\n|turn|20\n|\n|t:|1699224967\n|move|p1a: Trevenant|Protect|p1a: Trevenant\n|-singleturn|p1a: Trevenant|Protect\n|move|p2a: Annihilape|Taunt|p1a: Trevenant\n|-activate|p1a: Trevenant|move: Protect\n|\n|-heal|p2a: Annihilape|29\/100|[from] item: Leftovers\n|-damage|p2a: Annihilape|16\/100|[from] Leech Seed|[of] p1a: Trevenant\n|upkeep\n|turn|21\n|\n|t:|1699224981\n|move|p1a: Trevenant|Substitute|p1a: Trevenant\n|-start|p1a: Trevenant|Substitute\n|-damage|p1a: Trevenant|76\/100\n|move|p2a: Annihilape|Rage Fist|p1a: Trevenant\n|-supereffective|p1a: Trevenant\n|-end|p1a: Trevenant|Substitute\n|\n|-heal|p2a: Annihilape|23\/100|[from] item: Leftovers\n|-damage|p2a: Annihilape|10\/100|[from] Leech Seed|[of] p1a: Trevenant\n|-heal|p1a: Trevenant|90\/100|[silent]\n|upkeep\n|turn|22\n|\n|t:|1699224990\n|move|p1a: Trevenant|Protect|p1a: Trevenant\n|-singleturn|p1a: Trevenant|Protect\n|move|p2a: Annihilape|Rage Fist|p1a: Trevenant\n|-activate|p1a: Trevenant|move: Protect\n|\n|-heal|p2a: Annihilape|16\/100|[from] item: Leftovers\n|-damage|p2a: Annihilape|4\/100|[from] Leech Seed|[of] p1a: Trevenant\n|-heal|p1a: Trevenant|100\/100|[silent]\n|upkeep\n|turn|23\n|\n|t:|1699224999\n|move|p1a: Trevenant|Substitute|p1a: Trevenant\n|-start|p1a: Trevenant|Substitute\n|-damage|p1a: Trevenant|76\/100\n|move|p2a: Annihilape|Taunt|p1a: Trevenant\n|-start|p1a: Trevenant|move: Taunt\n|\n|-heal|p2a: Annihilape|10\/100|[from] item: Leftovers\n|-damage|p2a: Annihilape|0 fnt|[from] Leech Seed|[of] p1a: Trevenant\n|-heal|p1a: Trevenant|87\/100|[silent]\n|faint|p2a: Annihilape\n|upkeep\n|\n|t:|1699225015\n|switch|p2a: Toxicroak|Toxicroak, M, shiny|100\/100\n|turn|24\n|\n|t:|1699225029\n|-terastallize|p1a: Trevenant|Ground\n|move|p2a: Toxicroak|Knock Off|p1a: Trevenant\n|-end|p1a: Trevenant|Substitute\n|move|p1a: Trevenant|Earthquake|p2a: Toxicroak\n|-damage|p2a: Toxicroak|44\/100\n|replace|p2a: Zoroark|Zoroark, M, shiny\n|-end|p2a: Zoroark|Illusion\n|\n|upkeep\n|turn|25\n|\n|t:|1699225041\n|move|p2a: Zoroark|Knock Off|p1a: Trevenant\n|-damage|p1a: Trevenant|52\/100\n|-enditem|p1a: Trevenant|Sitrus Berry|[from] move: Knock Off|[of] p2a: Zoroark\n|move|p1a: Trevenant|Earthquake|p2a: Zoroark\n|-damage|p2a: Zoroark|0 fnt\n|faint|p2a: Zoroark\n|\n|upkeep\n|\n|t:|1699225049\n|switch|p2a: Manaphy|Manaphy, shiny|68\/100\n|-damage|p2a: Manaphy|56\/100|[from] Stealth Rock\n|turn|26\n|\n|t:|1699225069\n|move|p2a: Manaphy|Energy Ball|p1a: Trevenant\n|-supereffective|p1a: Trevenant\n|-damage|p1a: Trevenant|0 fnt\n|faint|p1a: Trevenant\n|\n|-heal|p2a: Manaphy|62\/100|[from] item: Leftovers\n|upkeep\n|\n|t:|1699225096\n|switch|p1a: Goodra|Goodra-Hisui, M|60\/100\n|turn|27\n|\n|t:|1699225100\n|move|p2a: Manaphy|Dazzling Gleam|p1a: Goodra\n|-damage|p1a: Goodra|48\/100\n|move|p1a: Goodra|Dragon Tail|p2a: Manaphy\n|-damage|p2a: Manaphy|44\/100\n|drag|p2a: Toxicroak|Toxicroak, M, shiny|100\/100\n|-damage|p2a: Toxicroak|94\/100|[from] Stealth Rock\n|\n|-heal|p1a: Goodra|54\/100|[from] item: Leftovers\n|upkeep\n|turn|28\n|\n|t:|1699225120\n|move|p2a: Toxicroak|Close Combat|p1a: Goodra\n|-supereffective|p1a: Goodra\n|-damage|p1a: Goodra|0 fnt\n|-unboost|p2a: Toxicroak|def|1\n|-unboost|p2a: Toxicroak|spd|1\n|faint|p1a: Goodra\n|-damage|p2a: Toxicroak|85\/100|[from] item: Life Orb\n|\n|upkeep\n|\n|t:|1699225127\n|switch|p1a: Greninja|Greninja, M|100\/100\n|turn|29\n|\n|t:|1699225148\n|-terastallize|p2a: Toxicroak|Dark\n|move|p2a: Toxicroak|Sucker Punch|p1a: Greninja\n|-resisted|p1a: Greninja\n|-damage|p1a: Greninja|67\/100\n|-damage|p2a: Toxicroak|75\/100|[from] item: Life Orb\n|move|p1a: Greninja|Ice Beam|p2a: Toxicroak\n|-damage|p2a: Toxicroak|0 fnt\n|faint|p2a: Toxicroak\n|-ability|p1a: Greninja|Battle Bond|boost\n|-boost|p1a: Greninja|atk|1\n|-boost|p1a: Greninja|spa|1\n|-boost|p1a: Greninja|spe|1\n|-activate|p1a: Greninja|ability: Battle Bond\n|-damage|p1a: Greninja|57\/100|[from] item: Life Orb\n|\n|upkeep\n|\n|t:|1699225160\n|switch|p2a: Manaphy|Manaphy, shiny|44\/100\n|-damage|p2a: Manaphy|32\/100|[from] Stealth Rock\n|turn|30\n|\n|t:|1699225167\n|move|p1a: Greninja|Dark Pulse|p2a: Manaphy\n|-damage|p2a: Manaphy|0 fnt\n|faint|p2a: Manaphy\n|-damage|p1a: Greninja|48\/100|[from] item: Life Orb\n|\n|win|NWA Anemos\n|c|\u2606NWA Anemos|gg\n|c|\u2606edchucate|gg\n","uploadtime":1699225179,"views":11,"p1id":"nwaanemos","p2id":"edchucate","formatid":"gen9ubers","rating":0,"private":0,"password":""}