{"id":"gen9ubers-1977373369","p1":"Ash12847","p2":"NotreDame69","format":"[Gen 9] Ubers","log":"|j|\u2606Ash12847\n|j|\u2606NotreDame69\n|t:|1698411055\n|gametype|singles\n|player|p1|Ash12847|170|1097\n|player|p2|NotreDame69|linebacker|1127\n|teamsize|p1|6\n|teamsize|p2|6\n|gen|9\n|tier|[Gen 9] Ubers\n|rated|\n|rule|Sleep Clause Mod: Limit one foe put to sleep\n|rule|Species Clause: Limit one of each Pok\u00e9mon\n|rule|OHKO Clause: OHKO moves are banned\n|rule|Evasion Items Clause: Evasion items are banned\n|rule|Evasion Moves Clause: Evasion moves are banned\n|rule|Endless Battle Clause: Forcing endless battles is banned\n|rule|HP Percentage Mod: HP is shown in percentages\n|clearpoke\n|poke|p1|Gengar, M|\n|poke|p1|Dusknoir, M|\n|poke|p1|Hoopa-Unbound|\n|poke|p1|Spiritomb, F|\n|poke|p1|Zacian-*|\n|poke|p1|Giratina|\n|poke|p2|Kyogre|\n|poke|p2|Ribombee, F|\n|poke|p2|Ogerpon-Hearthflame, F|\n|poke|p2|Zacian-*|\n|poke|p2|Annihilape, M|\n|poke|p2|Regieleki|\n|teampreview\n|\n|t:|1698411069\n|start\n|switch|p1a: Spiritomb|Spiritomb, F|100\/100\n|switch|p2a: Ribombee|Ribombee, F, shiny|100\/100\n|-ability|p1a: Spiritomb|Pressure\n|turn|1\n|\n|t:|1698411082\n|move|p2a: Ribombee|Switcheroo|p1a: Spiritomb\n|-activate|p2a: Ribombee|move: Trick|[of] p1a: Spiritomb\n|-item|p1a: Spiritomb|Flame Orb|[from] move: Switcheroo\n|-item|p2a: Ribombee|Focus Sash|[from] move: Switcheroo\n|move|p1a: Spiritomb|Dark Pulse|p2a: Ribombee\n|-resisted|p2a: Ribombee\n|-damage|p2a: Ribombee|72\/100\n|\n|-status|p1a: Spiritomb|brn|[from] item: Flame Orb\n|upkeep\n|turn|2\n|\n|t:|1698411095\n|move|p2a: Ribombee|Sticky Web|p1a: Spiritomb\n|-sidestart|p1: Ash12847|move: Sticky Web\n|move|p1a: Spiritomb|Dark Pulse|p2a: Ribombee\n|-resisted|p2a: Ribombee\n|-damage|p2a: Ribombee|47\/100\n|\n|-damage|p1a: Spiritomb|95\/100 brn|[from] brn\n|upkeep\n|turn|3\n|\n|t:|1698411104\n|switch|p2a: Zacian|Zacian-Crowned, shiny|100\/100\n|-ability|p2a: Zacian|Intrepid Sword|boost\n|-boost|p2a: Zacian|atk|1\n|move|p1a: Spiritomb|Dark Pulse|p2a: Zacian\n|-resisted|p2a: Zacian\n|-damage|p2a: Zacian|84\/100\n|\n|-damage|p1a: Spiritomb|89\/100 brn|[from] brn\n|upkeep\n|turn|4\n|\n|t:|1698411115\n|move|p2a: Zacian|Swords Dance|p2a: Zacian\n|-boost|p2a: Zacian|atk|2\n|move|p1a: Spiritomb|Destiny Bond|p1a: Spiritomb\n|-singlemove|p1a: Spiritomb|Destiny Bond\n|\n|-damage|p1a: Spiritomb|83\/100 brn|[from] brn\n|upkeep\n|turn|5\n|\n|t:|1698411131\n|move|p2a: Zacian|Swords Dance|p2a: Zacian\n|-boost|p2a: Zacian|atk|2\n|move|p1a: Spiritomb|Dark Pulse|p2a: Zacian\n|-resisted|p2a: Zacian\n|-damage|p2a: Zacian|66\/100\n|\n|-damage|p1a: Spiritomb|77\/100 brn|[from] brn\n|upkeep\n|turn|6\n|\n|t:|1698411145\n|move|p2a: Zacian|Play Rough|p1a: Spiritomb\n|-supereffective|p1a: Spiritomb\n|-damage|p1a: Spiritomb|0 fnt\n|faint|p1a: Spiritomb\n|\n|upkeep\n|c|\u2606NotreDame69|gg\n|\n|t:|1698411151\n|switch|p1a: Gengar|Gengar, M|100\/100\n|-activate|p1a: Gengar|move: Sticky Web\n|-unboost|p1a: Gengar|spe|1\n|turn|7\n|\n|t:|1698411166\n|move|p2a: Zacian|Behemoth Blade|p1a: Gengar\n|-enditem|p1a: Gengar|Focus Sash\n|-damage|p1a: Gengar|1\/100\n|-start|p2a: Zacian|Disable|Behemoth Blade|[from] ability: Cursed Body|[of] p1a: Gengar\n|move|p1a: Gengar|Poltergeist|p2a: Zacian\n|-activate|p2a: Zacian|move: Poltergeist|Rusted Sword\n|-damage|p2a: Zacian|33\/100\n|\n|upkeep\n|turn|8\n|\n|t:|1698411178\n|move|p2a: Zacian|Play Rough|p1a: Gengar\n|-resisted|p1a: Gengar\n|-damage|p1a: Gengar|0 fnt\n|faint|p1a: Gengar\n|\n|upkeep\n|\n|t:|1698411189\n|switch|p1a: Hoopa|Hoopa-Unbound|100\/100\n|-activate|p1a: Hoopa|move: Sticky Web\n|-unboost|p1a: Hoopa|spe|1\n|turn|9\n|\n|t:|1698411200\n|move|p2a: Zacian|Play Rough|p1a: Hoopa\n|-supereffective|p1a: Hoopa\n|-enditem|p1a: Hoopa|Focus Sash\n|-damage|p1a: Hoopa|1\/100\n|move|p1a: Hoopa|Destiny Bond|p1a: Hoopa\n|-singlemove|p1a: Hoopa|Destiny Bond\n|\n|upkeep\n|turn|10\n|\n|t:|1698411215\n|move|p2a: Zacian|Swords Dance|p2a: Zacian\n|-boost|p2a: Zacian|atk|1\n|move|p1a: Hoopa|Sleep Talk||[still]\n|-fail|p1a: Hoopa\n|\n|-end|p2a: Zacian|Disable\n|upkeep\n|turn|11\n|\n|t:|1698411224\n|move|p2a: Zacian|Play Rough|p1a: Hoopa\n|-supereffective|p1a: Hoopa\n|-damage|p1a: Hoopa|0 fnt\n|faint|p1a: Hoopa\n|\n|upkeep\n|c|\u2606NotreDame69|1752 atk\n|-message|Ash12847 forfeited.\n|\n|win|NotreDame69\n|raw|Ash12847's rating: 1097 &rarr; <strong>1075<\/strong><br \/>(-22 for losing)\n|raw|NotreDame69's rating: 1127 &rarr; <strong>1150<\/strong><br \/>(+23 for winning)\n|l|\u2606Ash12847\n|c|\u2606NotreDame69|395 spe\n","uploadtime":1698411244,"views":13,"p1id":"ash12847","p2id":"notredame69","formatid":"gen9ubers","rating":1075,"private":0,"password":""}