{"id":"gen9ubers-1984996730","p1":"Laprasrules12","p2":"Finchely","format":"[Gen 9] Ubers","log":"|j|\u2606Laprasrules12\n|j|\u2606Finchely\n|t:|1699318899\n|gametype|singles\n|player|p1|Laprasrules12|lusamine-nihilego|\n|player|p2|Finchely|acetrainerf|\n|teamsize|p1|6\n|teamsize|p2|6\n|gen|9\n|tier|[Gen 9] Ubers\n|rule|Sleep Clause Mod: Limit one foe put to sleep\n|rule|Species Clause: Limit one of each Pok\u00e9mon\n|rule|OHKO Clause: OHKO moves are banned\n|rule|Evasion Items Clause: Evasion items are banned\n|rule|Evasion Moves Clause: Evasion moves are banned\n|rule|Endless Battle Clause: Forcing endless battles is banned\n|rule|HP Percentage Mod: HP is shown in percentages\n|clearpoke\n|poke|p1|Ninetales-Alola, M|\n|poke|p1|Baxcalibur, F|\n|poke|p1|Magearna-Original|\n|poke|p1|Espathra, F|\n|poke|p1|Chi-Yu|\n|poke|p1|Arceus-Ghost|\n|poke|p2|Slowking-Galar, F|\n|poke|p2|Sneasler, F|\n|poke|p2|Clefable, M|\n|poke|p2|Zamazenta-*|\n|poke|p2|Arceus-Ghost|\n|poke|p2|Blissey, F|\n|teampreview\n|inactive|Battle timer is ON: inactive players will automatically lose when time's up. (requested by Laprasrules12)\n|\n|t:|1699318909\n|start\n|switch|p1a: Snowfall|Ninetales-Alola, M, shiny|100\/100\n|switch|p2a: Slowking|Slowking-Galar, F|100\/100\n|-weather|Snow|[from] ability: Snow Warning|[of] p1a: Snowfall\n|turn|1\n|\n|t:|1699318912\n|move|p1a: Snowfall|Aurora Veil|p1a: Snowfall\n|-sidestart|p1: Laprasrules12|move: Aurora Veil\n|move|p2a: Slowking|Future Sight|p1a: Snowfall\n|-start|p2a: Slowking|move: Future Sight\n|\n|-weather|Snow|[upkeep]\n|upkeep\n|turn|2\n|\n|t:|1699318917\n|switch|p1a: Goldfish|Chi-Yu|100\/100\n|-ability|p1a: Goldfish|Beads of Ruin\n|move|p2a: Slowking|Chilly Reception|p2a: Slowking\n|\n|t:|1699318919\n|switch|p2a: Sneasler|Sneasler, F, shiny|100\/100|[from] Chilly Reception\n|\n|-weather|Snow|[upkeep]\n|upkeep\n|turn|3\n|\n|t:|1699318923\n|move|p2a: Sneasler|U-turn|p1a: Goldfish\n|-damage|p1a: Goldfish|80\/100\n|-status|p1a: Goldfish|psn|[from] ability: Poison Touch|[of] p2a: Sneasler\n|\n|t:|1699318926\n|switch|p2a: Blissey|Blissey, F|100\/100|[from] U-turn\n|move|p1a: Goldfish|Flame Charge|p2a: Blissey\n|-damage|p2a: Blissey|73\/100\n|-boost|p1a: Goldfish|spe|1\n|\n|-weather|Snow|[upkeep]\n|-end|p1a: Goldfish|move: Future Sight\n|-immune|p1a: Goldfish\n|-damage|p1a: Goldfish|68\/100 psn|[from] psn\n|upkeep\n|turn|4\n|\n|t:|1699318931\n|move|p1a: Goldfish|Nasty Plot|p1a: Goldfish\n|-boost|p1a: Goldfish|spa|2\n|move|p2a: Blissey|Seismic Toss|p1a: Goldfish\n|-damage|p1a: Goldfish|30\/100 psn\n|\n|-weather|Snow|[upkeep]\n|-damage|p1a: Goldfish|18\/100 psn|[from] psn\n|upkeep\n|turn|5\n|\n|t:|1699318934\n|move|p1a: Goldfish|Overheat|p2a: Blissey\n|-damage|p2a: Blissey|15\/100\n|-unboost|p1a: Goldfish|spa|2\n|move|p2a: Blissey|Soft-Boiled|p2a: Blissey\n|-heal|p2a: Blissey|65\/100\n|\n|-weather|none\n|-damage|p1a: Goldfish|6\/100 psn|[from] psn\n|upkeep\n|turn|6\n|\n|t:|1699318940\n|move|p1a: Goldfish|Overheat|p2a: Blissey\n|-damage|p2a: Blissey|36\/100\n|-unboost|p1a: Goldfish|spa|2\n|move|p2a: Blissey|Soft-Boiled|p2a: Blissey\n|-heal|p2a: Blissey|86\/100\n|\n|-damage|p1a: Goldfish|0 fnt|[from] psn\n|faint|p1a: Goldfish\n|upkeep\n|\n|t:|1699318943\n|switch|p1a: Cleopatra|Espathra, F, shiny|100\/100\n|turn|7\n|\n|t:|1699318947\n|move|p1a: Cleopatra|Calm Mind|p1a: Cleopatra\n|-boost|p1a: Cleopatra|spa|1\n|-boost|p1a: Cleopatra|spd|1\n|move|p2a: Blissey|Seismic Toss|p1a: Cleopatra\n|-damage|p1a: Cleopatra|73\/100\n|\n|-heal|p1a: Cleopatra|79\/100|[from] item: Leftovers\n|-ability|p1a: Cleopatra|Speed Boost|boost\n|-boost|p1a: Cleopatra|spe|1\n|upkeep\n|turn|8\n|\n|t:|1699318959\n|switch|p2a: Clefable|Clefable, M|100\/100\n|move|p1a: Cleopatra|Protect||[still]\n|-fail|p1a: Cleopatra\n|\n|-heal|p1a: Cleopatra|85\/100|[from] item: Leftovers\n|-sideend|p1: Laprasrules12|move: Aurora Veil\n|-ability|p1a: Cleopatra|Speed Boost|boost\n|-boost|p1a: Cleopatra|spe|1\n|upkeep\n|turn|9\n|\n|t:|1699318971\n|switch|p1a: Snowfall|Ninetales-Alola, M, shiny|100\/100\n|-weather|Snow|[from] ability: Snow Warning|[of] p1a: Snowfall\n|-terastallize|p2a: Clefable|Dark\n|move|p2a: Clefable|Calm Mind|p2a: Clefable\n|-boost|p2a: Clefable|spa|1\n|-boost|p2a: Clefable|spd|1\n|\n|-weather|Snow|[upkeep]\n|upkeep\n|turn|10\n|\n|t:|1699318986\n|switch|p2a: Arceus|Arceus-Ghost|100\/100\n|move|p1a: Snowfall|Encore||[still]\n|-fail|p1a: Snowfall\n|\n|-weather|Snow|[upkeep]\n|upkeep\n|turn|11\n|\n|t:|1699318991\n|switch|p1a: Pok\u00e9ball|Magearna-Original|100\/100\n|move|p2a: Arceus|Calm Mind|p2a: Arceus\n|-boost|p2a: Arceus|spa|1\n|-boost|p2a: Arceus|spd|1\n|\n|-weather|Snow|[upkeep]\n|upkeep\n|turn|12\n|\n|t:|1699318994\n|move|p2a: Arceus|Taunt|p1a: Pok\u00e9ball\n|-start|p1a: Pok\u00e9ball|move: Taunt\n|move|p1a: Pok\u00e9ball|Volt Switch|p2a: Arceus\n|-damage|p2a: Arceus|91\/100\n|\n|t:|1699318996\n|switch|p1a: Man I'm dead|Arceus-Ghost, shiny|100\/100|[from] Volt Switch\n|\n|-weather|Snow|[upkeep]\n|upkeep\n|turn|13\n|\n|t:|1699319004\n|-terastallize|p1a: Man I'm dead|Normal\n|move|p2a: Arceus|Judgment|p1a: Man I'm dead\n|-immune|p1a: Man I'm dead\n|move|p1a: Man I'm dead|Shadow Claw|p2a: Arceus\n|-supereffective|p2a: Arceus\n|-crit|p2a: Arceus\n|-damage|p2a: Arceus|0 fnt\n|faint|p2a: Arceus\n|\n|-weather|none\n|upkeep\n|\n|t:|1699319009\n|switch|p2a: Zamazenta|Zamazenta-Crowned|100\/100\n|-ability|p2a: Zamazenta|Dauntless Shield|boost\n|-boost|p2a: Zamazenta|def|1\n|turn|14\n|\n|t:|1699319016\n|switch|p1a: Snowfall|Ninetales-Alola, M, shiny|100\/100\n|-weather|Snow|[from] ability: Snow Warning|[of] p1a: Snowfall\n|move|p2a: Zamazenta|Iron Defense|p2a: Zamazenta\n|-boost|p2a: Zamazenta|def|2\n|\n|-weather|Snow|[upkeep]\n|upkeep\n|turn|15\n|\n|t:|1699319021\n|move|p2a: Zamazenta|Behemoth Bash|p1a: Snowfall\n|-supereffective|p1a: Snowfall\n|-damage|p1a: Snowfall|0 fnt\n|faint|p1a: Snowfall\n|\n|-weather|Snow|[upkeep]\n|upkeep\n|\n|t:|1699319027\n|switch|p1a: Pok\u00e9ball|Magearna-Original|100\/100\n|turn|16\n|inactive|Finchely has 270 seconds left.\n|\n|t:|1699319090\n|move|p2a: Zamazenta|Body Press|p1a: Pok\u00e9ball\n|-crit|p1a: Pok\u00e9ball\n|-damage|p1a: Pok\u00e9ball|0 fnt\n|faint|p1a: Pok\u00e9ball\n|\n|-weather|Snow|[upkeep]\n|upkeep\n|c|\u2606Laprasrules12|Bruh\n|\n|t:|1699319096\n|switch|p1a: Godzilla|Baxcalibur, F, shiny|100\/100\n|turn|17\n|c|\u2606Finchely|oof i think that mattered\n|\n|t:|1699319101\n|move|p2a: Zamazenta|Body Press|p1a: Godzilla\n|-supereffective|p1a: Godzilla\n|-damage|p1a: Godzilla|0 fnt\n|faint|p1a: Godzilla\n|\n|-weather|Snow|[upkeep]\n|upkeep\n|\n|t:|1699319105\n|switch|p1a: Man I'm dead|Arceus-Ghost, shiny, tera:Normal|100\/100\n|turn|18\n|\n|t:|1699319107\n|move|p2a: Zamazenta|Body Press|p1a: Man I'm dead\n|-supereffective|p1a: Man I'm dead\n|-damage|p1a: Man I'm dead|0 fnt\n|faint|p1a: Man I'm dead\n|\n|-weather|none\n|upkeep\n|-message|Laprasrules12 forfeited.\n|\n|win|Finchely\n|l|\u2606Laprasrules12\n|c|\u2606Finchely|gg\n","uploadtime":1699319116,"views":11,"p1id":"laprasrules12","p2id":"finchely","formatid":"gen9ubers","rating":0,"private":0,"password":""}