{"id":"gen9ubers-1986600995","p1":"the tr4sh man","p2":"TubeKnight","format":"[Gen 9] Ubers","log":"|j|\u2606the tr4sh man\n|j|\u2606TubeKnight\n|t:|1699496563\n|gametype|singles\n|player|p1|the tr4sh man|xerosic|\n|player|p2|TubeKnight|265|\n|teamsize|p1|6\n|teamsize|p2|6\n|gen|9\n|tier|[Gen 9] Ubers\n|rule|Sleep Clause Mod: Limit one foe put to sleep\n|rule|Species Clause: Limit one of each Pok\u00e9mon\n|rule|OHKO Clause: OHKO moves are banned\n|rule|Evasion Items Clause: Evasion items are banned\n|rule|Evasion Moves Clause: Evasion moves are banned\n|rule|Endless Battle Clause: Forcing endless battles is banned\n|rule|HP Percentage Mod: HP is shown in percentages\n|clearpoke\n|poke|p1|Dugtrio, F|\n|poke|p1|Gothitelle, F|\n|poke|p1|Weezing-Galar, M|\n|poke|p1|Zacian-*|\n|poke|p1|Arceus-Dark|\n|poke|p1|Palafin, F|\n|poke|p2|Tinkaton, F|\n|poke|p2|Alomomola, F|\n|poke|p2|Palkia-Origin|\n|poke|p2|Clefable, M|\n|poke|p2|Blissey, F|\n|poke|p2|Enamorus, F|\n|teampreview\n|inactive|Battle timer is ON: inactive players will automatically lose when time's up. (requested by TubeKnight)\n|c|\u2606TubeKnight|glhf\n|c|\u2606the tr4sh man|u2\n|c|\u2606the tr4sh man|i like the pink team\n|\n|t:|1699496580\n|start\n|switch|p1a: Palafin|Palafin, F|100\/100\n|switch|p2a: Tinkaton|Tinkaton, F|100\/100\n|-ability|p2a: Tinkaton|Mold Breaker\n|turn|1\n|\n|t:|1699496592\n|move|p2a: Tinkaton|Knock Off|p1a: Palafin\n|-damage|p1a: Palafin|78\/100\n|-enditem|p1a: Palafin|Covert Cloak|[from] move: Knock Off|[of] p2a: Tinkaton\n|move|p1a: Palafin|Taunt|p2a: Tinkaton\n|-start|p2a: Tinkaton|move: Taunt\n|\n|upkeep\n|turn|2\n|\n|t:|1699496617\n|move|p2a: Tinkaton|Gigaton Hammer|p1a: Palafin\n|-resisted|p1a: Palafin\n|-damage|p1a: Palafin|53\/100\n|move|p1a: Palafin|Bulk Up|p1a: Palafin\n|-boost|p1a: Palafin|atk|1\n|-boost|p1a: Palafin|def|1\n|\n|upkeep\n|turn|3\n|\n|t:|1699496624\n|switch|p2a: Clefable|Clefable, M|100\/100\n|move|p1a: Palafin|Bulk Up|p1a: Palafin\n|-boost|p1a: Palafin|atk|1\n|-boost|p1a: Palafin|def|1\n|\n|upkeep\n|turn|4\n|\n|t:|1699496630\n|detailschange|p1a: Palafin|Palafin-Hero, F\n|switch|p1a: Gothitelle|Gothitelle, F|100\/100\n|move|p2a: Clefable|Draining Kiss|p1a: Gothitelle\n|-crit|p1a: Gothitelle\n|-damage|p1a: Gothitelle|78\/100\n|\n|upkeep\n|turn|5\n|\n|t:|1699496634\n|move|p1a: Gothitelle|Trick|p2a: Clefable\n|-activate|p1a: Gothitelle|move: Trick|[of] p2a: Clefable\n|-item|p2a: Clefable|Choice Scarf|[from] move: Trick\n|-item|p1a: Gothitelle|Heavy-Duty Boots|[from] move: Trick\n|move|p2a: Clefable|Calm Mind|p2a: Clefable\n|-boost|p2a: Clefable|spa|1\n|-boost|p2a: Clefable|spd|1\n|\n|upkeep\n|turn|6\n|c|\u2606TubeKnight|bruh\n|\n|t:|1699496641\n|switch|p1a: Dugtrio|Dugtrio, F|100\/100\n|move|p2a: Clefable|Calm Mind|p2a: Clefable\n|-boost|p2a: Clefable|spa|1\n|-boost|p2a: Clefable|spd|1\n|\n|upkeep\n|turn|7\n|c|\u2606TubeKnight|ohhh\n|\n|t:|1699496648\n|move|p1a: Dugtrio|Agility|p1a: Dugtrio\n|-boost|p1a: Dugtrio|spe|2\n|move|p2a: Clefable|Calm Mind|p2a: Clefable\n|-boost|p2a: Clefable|spa|1\n|-boost|p2a: Clefable|spd|1\n|\n|upkeep\n|turn|8\n|c|\u2606TubeKnight|wow\n|\n|t:|1699496653\n|move|p1a: Dugtrio|Hone Claws|p1a: Dugtrio\n|-boost|p1a: Dugtrio|atk|1\n|-boost|p1a: Dugtrio|accuracy|1\n|move|p2a: Clefable|Calm Mind|p2a: Clefable\n|-boost|p2a: Clefable|spa|1\n|-boost|p2a: Clefable|spd|1\n|\n|upkeep\n|turn|9\n|\n|t:|1699496656\n|move|p1a: Dugtrio|Hone Claws|p1a: Dugtrio\n|-boost|p1a: Dugtrio|atk|1\n|-boost|p1a: Dugtrio|accuracy|1\n|move|p2a: Clefable|Calm Mind|p2a: Clefable\n|-boost|p2a: Clefable|spa|1\n|-boost|p2a: Clefable|spd|1\n|\n|upkeep\n|turn|10\n|c|\u2606TubeKnight|nice\n|\n|t:|1699496659\n|move|p1a: Dugtrio|Hone Claws|p1a: Dugtrio\n|-boost|p1a: Dugtrio|atk|1\n|-boost|p1a: Dugtrio|accuracy|1\n|move|p2a: Clefable|Calm Mind|p2a: Clefable\n|-boost|p2a: Clefable|spa|1\n|-boost|p2a: Clefable|spd|1\n|\n|upkeep\n|turn|11\n|c|\u2606TubeKnight|never thought of that\n|\n|t:|1699496665\n|move|p1a: Dugtrio|Hone Claws|p1a: Dugtrio\n|-boost|p1a: Dugtrio|atk|1\n|-boost|p1a: Dugtrio|accuracy|1\n|move|p2a: Clefable|Calm Mind|p2a: Clefable\n|-boost|p2a: Clefable|spa|0\n|-boost|p2a: Clefable|spd|0\n|\n|upkeep\n|turn|12\n|c|\u2606TubeKnight|but what if someone kos gothitelle?\n|\n|t:|1699496678\n|move|p1a: Dugtrio|Hone Claws|p1a: Dugtrio\n|-boost|p1a: Dugtrio|atk|1\n|-boost|p1a: Dugtrio|accuracy|1\n|move|p2a: Clefable|Calm Mind|p2a: Clefable\n|-boost|p2a: Clefable|spa|0\n|-boost|p2a: Clefable|spd|0\n|\n|upkeep\n|turn|13\n|c|\u2606the tr4sh man|yeah this strat is just cheese lol\n|\n|t:|1699496688\n|move|p1a: Dugtrio|Hone Claws|p1a: Dugtrio\n|-boost|p1a: Dugtrio|atk|1\n|-boost|p1a: Dugtrio|accuracy|1\n|move|p2a: Clefable|Calm Mind|p2a: Clefable\n|-boost|p2a: Clefable|spa|0\n|-boost|p2a: Clefable|spd|0\n|\n|upkeep\n|turn|14\n|c|\u2606TubeKnight|jet punhc palafin too\n|\n|t:|1699496700\n|move|p1a: Dugtrio|Earthquake|p2a: Clefable\n|-damage|p2a: Clefable|67\/100\n|move|p2a: Clefable|Calm Mind|p2a: Clefable\n|-boost|p2a: Clefable|spa|0\n|-boost|p2a: Clefable|spd|0\n|\n|upkeep\n|turn|15\n|\n|t:|1699496702\n|move|p1a: Dugtrio|Earthquake|p2a: Clefable\n|-damage|p2a: Clefable|29\/100\n|move|p2a: Clefable|Calm Mind|p2a: Clefable\n|-boost|p2a: Clefable|spa|0\n|-boost|p2a: Clefable|spd|0\n|\n|upkeep\n|turn|16\n|\n|t:|1699496706\n|move|p1a: Dugtrio|Earthquake|p2a: Clefable\n|-damage|p2a: Clefable|0 fnt\n|faint|p2a: Clefable\n|\n|upkeep\n|\n|t:|1699496736\n|switch|p2a: Palkia|Palkia-Origin, shiny|100\/100\n|-ability|p2a: Palkia|Pressure\n|turn|17\n|\n|t:|1699496739\n|move|p1a: Dugtrio|Earthquake|p2a: Palkia\n|-damage|p2a: Palkia|0 fnt\n|faint|p2a: Palkia\n|\n|upkeep\n|\n|t:|1699496743\n|switch|p2a: Enamorus|Enamorus, F|100\/100\n|turn|18\n|\n|t:|1699496748\n|move|p1a: Dugtrio|Stone Edge|p2a: Enamorus\n|-supereffective|p2a: Enamorus\n|-damage|p2a: Enamorus|0 fnt\n|faint|p2a: Enamorus\n|\n|upkeep\n|\n|t:|1699496751\n|switch|p2a: Blissey|Blissey, F|100\/100\n|turn|19\n|\n|t:|1699496756\n|move|p1a: Dugtrio|Earthquake|p2a: Blissey\n|-damage|p2a: Blissey|0 fnt\n|faint|p2a: Blissey\n|\n|upkeep\n|\n|t:|1699496759\n|switch|p2a: Alomomola|Alomomola, F|100\/100\n|turn|20\n|\n|t:|1699496762\n|move|p1a: Dugtrio|Earthquake|p2a: Alomomola\n|-damage|p2a: Alomomola|0 fnt\n|faint|p2a: Alomomola\n|\n|upkeep\n|\n|t:|1699496763\n|switch|p2a: Tinkaton|Tinkaton, F|100\/100\n|-ability|p2a: Tinkaton|Mold Breaker\n|turn|21\n|\n|t:|1699496766\n|-terastallize|p2a: Tinkaton|Water\n|move|p1a: Dugtrio|Earthquake|p2a: Tinkaton\n|-damage|p2a: Tinkaton|0 fnt\n|faint|p2a: Tinkaton\n|\n|win|the tr4sh man\n|c|\u2606TubeKnight|gg\n|c|\u2606the tr4sh man|gg\n|l|\u2606TubeKnight\n","uploadtime":1699496772,"views":4,"p1id":"thetr4shman","p2id":"tubeknight","formatid":"gen9ubers","rating":0,"private":0,"password":""}