{"id":"gen9ubers-1980233787","p1":"raveplays","p2":"Gummball","format":"[Gen 9] Ubers","log":"|j|\u2606raveplays\n|j|\u2606Gummball\n|t:|1698768359\n|gametype|singles\n|player|p1|raveplays|1|\n|player|p2|Gummball|265|\n|teamsize|p1|6\n|teamsize|p2|6\n|gen|9\n|tier|[Gen 9] Ubers\n|rule|Sleep Clause Mod: Limit one foe put to sleep\n|rule|Species Clause: Limit one of each Pok\u00e9mon\n|rule|OHKO Clause: OHKO moves are banned\n|rule|Evasion Items Clause: Evasion items are banned\n|rule|Evasion Moves Clause: Evasion moves are banned\n|rule|Endless Battle Clause: Forcing endless battles is banned\n|rule|HP Percentage Mod: HP is shown in percentages\n|clearpoke\n|poke|p1|Torkoal, F|\n|poke|p1|Walking Wake|\n|poke|p1|Chi-Yu|\n|poke|p1|Roaring Moon|\n|poke|p1|Clefable, F|\n|poke|p1|Revavroom, F|\n|poke|p2|Rillaboom, M|\n|poke|p2|Pelipper, F|\n|poke|p2|Shaymin-Sky|\n|poke|p2|Palkia-Origin|\n|poke|p2|Basculegion-F, F|\n|poke|p2|Ogerpon-Wellspring, F|\n|teampreview\n|inactive|Battle timer is ON: inactive players will automatically lose when time's up. (requested by Gummball)\n|\n|t:|1698768379\n|start\n|switch|p1a: Oppenheimer|Torkoal, F|100\/100\n|switch|p2a: Pelipper|Pelipper, F|100\/100\n|-weather|RainDance|[from] ability: Drizzle|[of] p2a: Pelipper\n|-weather|SunnyDay|[from] ability: Drought|[of] p1a: Oppenheimer\n|turn|1\n|inactive|raveplays has 270 seconds left.\n|\n|t:|1698768417\n|switch|p1a: Nagasaki|Walking Wake|100\/100\n|-activate|p1a: Nagasaki|ability: Protosynthesis\n|-start|p1a: Nagasaki|protosynthesisspe\n|move|p2a: Pelipper|U-turn|p1a: Nagasaki\n|-damage|p1a: Nagasaki|90\/100\n|\n|t:|1698768422\n|switch|p2a: Rillaboom|Rillaboom, M|100\/100|[from] U-turn\n|-fieldstart|move: Grassy Terrain|[from] ability: Grassy Surge|[of] p2a: Rillaboom\n|\n|-weather|SunnyDay|[upkeep]\n|-heal|p1a: Nagasaki|96\/100|[from] Grassy Terrain\n|upkeep\n|turn|2\n|inactive|raveplays has 270 seconds left.\n|\n|t:|1698768433\n|move|p1a: Nagasaki|Weather Ball|p2a: Rillaboom\n|-supereffective|p2a: Rillaboom\n|-crit|p2a: Rillaboom\n|-damage|p2a: Rillaboom|0 fnt\n|faint|p2a: Rillaboom\n|\n|-weather|SunnyDay|[upkeep]\n|-heal|p1a: Nagasaki|100\/100|[from] Grassy Terrain\n|upkeep\n|\n|t:|1698768439\n|switch|p2a: Pelipper|Pelipper, F|100\/100\n|-weather|RainDance|[from] ability: Drizzle|[of] p2a: Pelipper\n|-end|p1a: Nagasaki|Protosynthesis\n|turn|3\n|inactive|raveplays has 270 seconds left.\n|\n|t:|1698768455\n|move|p1a: Nagasaki|Weather Ball|p2a: Pelipper\n|-resisted|p2a: Pelipper\n|-damage|p2a: Pelipper|21\/100\n|move|p2a: Pelipper|U-turn|p1a: Nagasaki\n|-crit|p1a: Nagasaki\n|-damage|p1a: Nagasaki|86\/100\n|\n|t:|1698768457\n|switch|p2a: Ogerpon|Ogerpon-Wellspring, F|100\/100|[from] U-turn\n|\n|-weather|RainDance|[upkeep]\n|-heal|p1a: Nagasaki|92\/100|[from] Grassy Terrain\n|upkeep\n|turn|4\n|\n|t:|1698768468\n|move|p1a: Nagasaki|Weather Ball|p2a: Ogerpon\n|-immune|p2a: Ogerpon|[from] ability: Water Absorb\n|move|p2a: Ogerpon|Horn Leech|p1a: Nagasaki\n|-damage|p1a: Nagasaki|34\/100\n|\n|-weather|RainDance|[upkeep]\n|-heal|p1a: Nagasaki|40\/100|[from] Grassy Terrain\n|upkeep\n|turn|5\n|\n|t:|1698768480\n|-terastallize|p1a: Nagasaki|Water\n|move|p1a: Nagasaki|Weather Ball|p2a: Ogerpon\n|-immune|p2a: Ogerpon|[from] ability: Water Absorb\n|move|p2a: Ogerpon|Horn Leech|p1a: Nagasaki\n|-supereffective|p1a: Nagasaki\n|-damage|p1a: Nagasaki|0 fnt\n|faint|p1a: Nagasaki\n|-end|p1a: Nagasaki|Protosynthesis|[silent]\n|\n|-weather|RainDance|[upkeep]\n|-fieldend|move: Grassy Terrain\n|upkeep\n|\n|t:|1698768491\n|switch|p1a: Paul Walker|Revavroom, F|100\/100\n|turn|6\n|\n|t:|1698768502\n|move|p2a: Ogerpon|Swords Dance|p2a: Ogerpon\n|-boost|p2a: Ogerpon|atk|2\n|move|p1a: Paul Walker|Gunk Shot|p2a: Ogerpon\n|-supereffective|p2a: Ogerpon\n|-damage|p2a: Ogerpon|0 fnt\n|faint|p2a: Ogerpon\n|\n|-weather|RainDance|[upkeep]\n|upkeep\n|\n|t:|1698768511\n|switch|p2a: Shaymin|Shaymin-Sky|100\/100\n|turn|7\n|\n|t:|1698768516\n|move|p2a: Shaymin|Air Slash|p1a: Paul Walker\n|-resisted|p1a: Paul Walker\n|-damage|p1a: Paul Walker|72\/100\n|cant|p1a: Paul Walker|flinch\n|\n|-weather|RainDance|[upkeep]\n|upkeep\n|turn|8\n|\n|t:|1698768523\n|move|p2a: Shaymin|Air Slash|p1a: Paul Walker\n|-resisted|p1a: Paul Walker\n|-damage|p1a: Paul Walker|37\/100\n|move|p1a: Paul Walker|Gunk Shot|p2a: Shaymin\n|-supereffective|p2a: Shaymin\n|-damage|p2a: Shaymin|0 fnt\n|faint|p2a: Shaymin\n|\n|-weather|RainDance|[upkeep]\n|upkeep\n|\n|t:|1698768529\n|switch|p2a: Palkia|Palkia-Origin|100\/100\n|-ability|p2a: Palkia|Pressure\n|turn|9\n|\n|t:|1698768536\n|move|p2a: Palkia|Hydro Pump|p1a: Paul Walker\n|-damage|p1a: Paul Walker|0 fnt\n|faint|p1a: Paul Walker\n|\n|-weather|RainDance|[upkeep]\n|upkeep\n|\n|t:|1698768543\n|switch|p1a: 9\/11|Roaring Moon|100\/100\n|turn|10\n|\n|t:|1698768550\n|move|p2a: Palkia|Spacial Rend|p1a: 9\/11\n|-supereffective|p1a: 9\/11\n|-damage|p1a: 9\/11|0 fnt\n|faint|p1a: 9\/11\n|-end|p1a: 9\/11|Protosynthesis|[silent]\n|\n|-weather|none\n|upkeep\n|\n|t:|1698768562\n|switch|p1a: Hiroshima|Chi-Yu|100\/100\n|-ability|p1a: Hiroshima|Beads of Ruin\n|turn|11\n|\n|t:|1698768569\n|move|p1a: Hiroshima|Dark Pulse|p2a: Palkia\n|-damage|p2a: Palkia|49\/100\n|move|p2a: Palkia|Hydro Pump|p1a: Hiroshima|[miss]\n|-miss|p2a: Palkia|p1a: Hiroshima\n|\n|upkeep\n|turn|12\n|\n|t:|1698768575\n|move|p1a: Hiroshima|Dark Pulse|p2a: Palkia\n|-damage|p2a: Palkia|0 fnt\n|faint|p2a: Palkia\n|\n|upkeep\n|\n|t:|1698768579\n|switch|p2a: Pelipper|Pelipper, F|21\/100\n|-weather|RainDance|[from] ability: Drizzle|[of] p2a: Pelipper\n|turn|13\n|\n|t:|1698768585\n|switch|p2a: Basculegion|Basculegion-F, F|100\/100\n|move|p1a: Hiroshima|Dark Pulse|p2a: Basculegion\n|-supereffective|p2a: Basculegion\n|-damage|p2a: Basculegion|0 fnt\n|faint|p2a: Basculegion\n|\n|-weather|RainDance|[upkeep]\n|upkeep\n|\n|t:|1698768590\n|switch|p2a: Pelipper|Pelipper, F|21\/100\n|turn|14\n|\n|t:|1698768594\n|move|p1a: Hiroshima|Dark Pulse|p2a: Pelipper\n|-damage|p2a: Pelipper|0 fnt\n|faint|p2a: Pelipper\n|\n|win|raveplays\n|l|\u2606Gummball\n","uploadtime":1698768602,"views":11,"p1id":"raveplays","p2id":"gummball","formatid":"gen9ubers","rating":0,"private":0,"password":""}