{"id":"gen9ubers-1988794274","p1":"FrostyRandom02","p2":"Bestmaindragonite","format":"[Gen 9] Ubers","log":"|j|\u2606FrostyRandom02\n|j|\u2606Bestmaindragonite\n|t:|1699764109\n|gametype|singles\n|player|p1|FrostyRandom02|riley|\n|player|p2|Bestmaindragonite|lillie|\n|teamsize|p1|6\n|teamsize|p2|6\n|gen|9\n|tier|[Gen 9] Ubers\n|rule|Sleep Clause Mod: Limit one foe put to sleep\n|rule|Species Clause: Limit one of each Pok\u00e9mon\n|rule|OHKO Clause: OHKO moves are banned\n|rule|Evasion Items Clause: Evasion items are banned\n|rule|Evasion Moves Clause: Evasion moves are banned\n|rule|Endless Battle Clause: Forcing endless battles is banned\n|rule|HP Percentage Mod: HP is shown in percentages\n|clearpoke\n|poke|p1|Zacian-*|\n|poke|p1|Sneasler, M|\n|poke|p1|Azelf|\n|poke|p1|Greninja-*, M|\n|poke|p1|Iron Jugulis|\n|poke|p1|Walking Wake|\n|poke|p2|Donphan, F|\n|poke|p2|Magearna|\n|poke|p2|Urshifu-*, F|\n|poke|p2|Ogerpon-Cornerstone, F|\n|poke|p2|Baxcalibur, F|\n|poke|p2|Kommo-o, M|\n|teampreview\n|j| the tr4sh man\n|c|\u2606FrostyRandom02|glhf\n|j| Pajoomas!\n|c| Pajoomas!|BO3\n|\n|t:|1699764145\n|start\n|switch|p1a: Azelf|Azelf|100\/100\n|switch|p2a: Freddy|Urshifu-Rapid-Strike, F|100\/100\n|turn|1\n|c| Pajoomas!|GAME 1\n|\n|t:|1699764154\n|move|p2a: Freddy|U-turn|p1a: Azelf\n|-supereffective|p1a: Azelf\n|-damage|p1a: Azelf|11\/100\n|c| the tr4sh man|bo3???\n|j| Nitro524\n|c| Pajoomas!|grand finals is bo3\n|c| the tr4sh man|wow good thing i didn't win\n|\n|t:|1699764172\n|switch|p2a: Average tusk|Donphan, F|100\/100|[from] U-turn\n|move|p1a: Azelf|Knock Off|p2a: Average tusk\n|-damage|p2a: Average tusk|75\/100\n|-enditem|p2a: Average tusk|Heavy-Duty Boots|[from] move: Knock Off|[of] p1a: Azelf\n|\n|upkeep\n|turn|2\n|j| imperialorder241\n|c| the tr4sh man|i had things to do, it would've been very anticlimactic\n|\n|t:|1699764181\n|move|p2a: Average tusk|Ice Shard|p1a: Azelf\n|-damage|p1a: Azelf|0 fnt\n|faint|p1a: Azelf\n|\n|upkeep\n|\n|t:|1699764193\n|switch|p1a: Greninja|Greninja, M|100\/100\n|turn|3\n|\n|t:|1699764203\n|switch|p2a: Magearna-at|Magearna|100\/100\n|move|p1a: Greninja|Ice Beam|p2a: Magearna-at\n|-resisted|p2a: Magearna-at\n|-damage|p2a: Magearna-at|94\/100\n|\n|upkeep\n|turn|4\n|\n|t:|1699764218\n|switch|p1a: Zacian|Zacian|100\/100\n|-ability|p1a: Zacian|Intrepid Sword|boost\n|-boost|p1a: Zacian|atk|1\n|move|p2a: Magearna-at|Volt Switch|p1a: Zacian\n|-damage|p1a: Zacian|73\/100\n|\n|t:|1699764223\n|switch|p2a: Average tusk|Donphan, F|75\/100|[from] Volt Switch\n|\n|upkeep\n|turn|5\n|\n|t:|1699764229\n|move|p1a: Zacian|Swords Dance|p1a: Zacian\n|-boost|p1a: Zacian|atk|2\n|move|p2a: Average tusk|Earthquake|p1a: Zacian\n|-damage|p1a: Zacian|20\/100\n|\n|upkeep\n|turn|6\n|\n|t:|1699764233\n|move|p2a: Average tusk|Ice Shard|p1a: Zacian\n|-damage|p1a: Zacian|5\/100\n|move|p1a: Zacian|Play Rough|p2a: Average tusk\n|-damage|p2a: Average tusk|0 fnt\n|faint|p2a: Average tusk\n|\n|upkeep\n|\n|t:|1699764239\n|switch|p2a: Freddy|Urshifu-Rapid-Strike, F|100\/100\n|turn|7\n|\n|t:|1699764248\n|move|p2a: Freddy|U-turn|p1a: Zacian\n|-resisted|p1a: Zacian\n|-damage|p1a: Zacian|0 fnt\n|faint|p1a: Zacian\n|j| dumpy lump\n|\n|t:|1699764258\n|switch|p2a: Bonk|Ogerpon-Cornerstone, F|100\/100|[from] U-turn\n|\n|upkeep\n|\n|t:|1699764270\n|switch|p1a: Sneasler|Sneasler, M|100\/100\n|turn|8\n|c|\u2606Bestmaindragonite|BONK\n|\n|t:|1699764281\n|move|p2a: Bonk|Knock Off|p1a: Sneasler\n|-resisted|p1a: Sneasler\n|-damage|p1a: Sneasler|70\/100\n|-enditem|p1a: Sneasler|Toxic Orb|[from] move: Knock Off|[of] p2a: Bonk\n|move|p1a: Sneasler|Fling||[still]\n|-fail|p1a: Sneasler\n|\n|upkeep\n|turn|9\n|\n|t:|1699764294\n|move|p1a: Sneasler|Dire Claw|p2a: Bonk\n|-damage|p2a: Bonk|45\/100\n|move|p2a: Bonk|Ivy Cudgel|p1a: Sneasler\n|-resisted|p1a: Sneasler\n|-damage|p1a: Sneasler|22\/100\n|\n|upkeep\n|turn|10\n|c| the tr4sh man|woah sneasler drank a sprite???\n|\n|t:|1699764299\n|move|p1a: Sneasler|Dire Claw|p2a: Bonk\n|-damage|p2a: Bonk|0 fnt\n|faint|p2a: Bonk\n|\n|upkeep\n|c| the tr4sh man|sprite cranberry?\n|c| dumpy lump|failed fling but unburdened anyway\n|c| dumpy lump|interesting\n|c|\u2606Bestmaindragonite|My fone is doing low battery please charge :(\n|c| the tr4sh man|task failed successfully\n|\n|t:|1699764336\n|switch|p2a: Freddy|Urshifu-Rapid-Strike, F|100\/100\n|turn|11\n|\n|t:|1699764342\n|-terastallize|p1a: Sneasler|Flying\n|-terastallize|p2a: Freddy|Fighting\n|move|p1a: Sneasler|Acrobatics|p2a: Freddy\n|-supereffective|p2a: Freddy\n|-damage|p2a: Freddy|0 fnt\n|faint|p2a: Freddy\n|\n|upkeep\n|c| Pajoomas!|shoutouts to mozonite for reminding me i have a sprite on my table\n|c| Nitro524|i have just one query\n|c|\u2606Bestmaindragonite|I forgot about unaware\n|c| dumpy lump|imagine a loss from phone dying during the match\n|c| Nitro524|want a sprite cranberry\n|c| dumpy lump|ah yes my favourite sneasler ability, unaware\n|\n|t:|1699764390\n|switch|p2a: Magearna-at|Magearna|94\/100\n|turn|12\n|\n|t:|1699764399\n|switch|p1a: Walking Wake|Walking Wake|100\/100\n|move|p2a: Magearna-at|Draining Kiss|p1a: Walking Wake\n|-supereffective|p1a: Walking Wake\n|-damage|p1a: Walking Wake|33\/100\n|-heal|p2a: Magearna-at|100\/100|[from] drain|[of] p1a: Walking Wake\n|\n|upkeep\n|turn|13\n|\n|t:|1699764408\n|move|p1a: Walking Wake|Flamethrower|p2a: Magearna-at\n|-supereffective|p2a: Magearna-at\n|-damage|p2a: Magearna-at|54\/100\n|move|p2a: Magearna-at|Draining Kiss|p1a: Walking Wake\n|-supereffective|p1a: Walking Wake\n|-damage|p1a: Walking Wake|0 fnt\n|-heal|p2a: Magearna-at|82\/100|[from] drain|[of] p1a: Walking Wake\n|faint|p1a: Walking Wake\n|-ability|p2a: Magearna-at|Soul-Heart|boost\n|-boost|p2a: Magearna-at|spa|1\n|-end|p1a: Walking Wake|Protosynthesis|[silent]\n|\n|upkeep\n|c|\u2606Bestmaindragonite|gg\n|\n|t:|1699764429\n|switch|p1a: Iron Jugulis|Iron Jugulis|100\/100\n|-enditem|p1a: Iron Jugulis|Booster Energy\n|-activate|p1a: Iron Jugulis|ability: Quark Drive|[fromitem]\n|-start|p1a: Iron Jugulis|quarkdrivespe\n|turn|14\n|\n|t:|1699764432\n|move|p1a: Iron Jugulis|Earth Power|p2a: Magearna-at\n|-supereffective|p2a: Magearna-at\n|-damage|p2a: Magearna-at|52\/100\n|move|p2a: Magearna-at|Draining Kiss|p1a: Iron Jugulis\n|-supereffective|p1a: Iron Jugulis\n|-damage|p1a: Iron Jugulis|0 fnt\n|-heal|p2a: Magearna-at|100\/100|[from] drain|[of] p1a: Iron Jugulis\n|faint|p1a: Iron Jugulis\n|-ability|p2a: Magearna-at|Soul-Heart|boost\n|-boost|p2a: Magearna-at|spa|1\n|-end|p1a: Iron Jugulis|Quark Drive|[silent]\n|\n|upkeep\n|c| the tr4sh man|i need a jug of sprite\n|c| the tr4sh man|:]\n|\n|t:|1699764439\n|switch|p1a: Sneasler|Sneasler, M, tera:Flying|22\/100\n|turn|15\n|c| Nitro524|the ultimate cocky gg\n|\n|t:|1699764456\n|move|p1a: Sneasler|Acrobatics|p2a: Magearna-at\n|-resisted|p2a: Magearna-at\n|-damage|p2a: Magearna-at|71\/100\n|move|p2a: Magearna-at|Draining Kiss|p1a: Sneasler\n|-damage|p1a: Sneasler|0 fnt\n|-heal|p2a: Magearna-at|87\/100|[from] drain|[of] p1a: Sneasler\n|faint|p1a: Sneasler\n|-ability|p2a: Magearna-at|Soul-Heart|boost\n|-boost|p2a: Magearna-at|spa|1\n|\n|upkeep\n|\n|t:|1699764459\n|switch|p1a: Greninja|Greninja, M|100\/100\n|turn|16\n|\n|t:|1699764463\n|move|p1a: Greninja|Water Shuriken|p2a: Magearna-at\n|-damage|p2a: Magearna-at|83\/100\n|-damage|p2a: Magearna-at|79\/100\n|-damage|p2a: Magearna-at|75\/100\n|-damage|p2a: Magearna-at|71\/100\n|-damage|p2a: Magearna-at|67\/100\n|-hitcount|p2a: Magearna-at|5\n|move|p2a: Magearna-at|Draining Kiss|p1a: Greninja\n|-supereffective|p1a: Greninja\n|-enditem|p1a: Greninja|Focus Sash\n|-damage|p1a: Greninja|1\/100\n|-heal|p2a: Magearna-at|100\/100|[from] drain|[of] p1a: Greninja\n|\n|upkeep\n|turn|17\n|\n|t:|1699764468\n|move|p1a: Greninja|Water Shuriken|p2a: Magearna-at\n|-damage|p2a: Magearna-at|97\/100\n|-damage|p2a: Magearna-at|93\/100\n|-hitcount|p2a: Magearna-at|2\n|move|p2a: Magearna-at|Volt Switch|p1a: Greninja\n|-supereffective|p1a: Greninja\n|-damage|p1a: Greninja|0 fnt\n|faint|p1a: Greninja\n|\n|win|Bestmaindragonite\n|l|\u2606FrostyRandom02\n|l|\u2606Bestmaindragonite\n|l| dumpy lump\n","uploadtime":1699764481,"views":31,"p1id":"frostyrandom02","p2id":"bestmaindragonite","formatid":"gen9ubers","rating":0,"private":0,"password":""}