{"id":"gen9ubers-1967886517","p1":"dumpy lump","p2":"bulletinfi","format":"[Gen 9] Ubers","log":"|j|\u2606dumpy lump\n|j|\u2606bulletinfi\n|t:|1697352604\n|gametype|singles\n|player|p1|dumpy lump|volo|\n|player|p2|bulletinfi|266|\n|teamsize|p1|6\n|teamsize|p2|6\n|gen|9\n|tier|[Gen 9] Ubers\n|rule|Sleep Clause Mod: Limit one foe put to sleep\n|rule|Species Clause: Limit one of each Pok\u00e9mon\n|rule|OHKO Clause: OHKO moves are banned\n|rule|Evasion Items Clause: Evasion items are banned\n|rule|Evasion Moves Clause: Evasion moves are banned\n|rule|Endless Battle Clause: Forcing endless battles is banned\n|rule|HP Percentage Mod: HP is shown in percentages\n|clearpoke\n|poke|p1|Dialga-Origin|\n|poke|p1|Chi-Yu|\n|poke|p1|Magearna|\n|poke|p1|Ursaluna, F|\n|poke|p1|Cresselia, F|\n|poke|p1|Azumarill, F|\n|poke|p2|Palkia-Origin|\n|poke|p2|Dialga|\n|poke|p2|Giratina|\n|poke|p2|Blissey, F|\n|poke|p2|Shaymin-Sky|\n|poke|p2|Arceus-Poison|\n|teampreview\n|c|\u2606bulletinfi|Hello!\n|c|\u2606dumpy lump|yo\n|\n|t:|1697352626\n|start\n|switch|p1a: Magearna|Magearna|100\/100\n|switch|p2a: Shaymin|Shaymin-Sky|100\/100\n|turn|1\n|\n|t:|1697352632\n|move|p2a: Shaymin|Tailwind|p2a: Shaymin\n|-sidestart|p2: bulletinfi|move: Tailwind\n|move|p1a: Magearna|Trick Room|p1a: Magearna\n|-fieldstart|move: Trick Room|[of] p1a: Magearna\n|\n|upkeep\n|turn|2\n|c|\u2606bulletinfi|whoops\n|\n|t:|1697352640\n|move|p1a: Magearna|Volt Switch|p2a: Shaymin\n|-damage|p2a: Shaymin|76\/100\n|\n|t:|1697352647\n|switch|p1a: Ursaluna|Ursaluna, F|100\/100|[from] Volt Switch\n|move|p2a: Shaymin|Leech Seed|p1a: Ursaluna\n|-start|p1a: Ursaluna|move: Leech Seed\n|\n|-damage|p1a: Ursaluna|88\/100|[from] Leech Seed|[of] p2a: Shaymin\n|-heal|p2a: Shaymin|93\/100|[silent]\n|-status|p1a: Ursaluna|brn|[from] item: Flame Orb\n|upkeep\n|turn|3\n|\n|t:|1697352659\n|switch|p2a: Giratina|Giratina|100\/100\n|-ability|p2a: Giratina|Pressure\n|-terastallize|p1a: Ursaluna|Normal\n|move|p1a: Ursaluna|Swords Dance|p1a: Ursaluna\n|-boost|p1a: Ursaluna|atk|2\n|\n|-damage|p1a: Ursaluna|76\/100 brn|[from] Leech Seed|[of] p2a: Giratina\n|-damage|p1a: Ursaluna|70\/100 brn|[from] brn\n|upkeep\n|turn|4\n|\n|t:|1697352695\n|switch|p2a: Arceus|Arceus-Poison|100\/100\n|move|p1a: Ursaluna|Crunch|p2a: Arceus\n|-damage|p2a: Arceus|44\/100\n|-unboost|p2a: Arceus|def|1\n|\n|-damage|p1a: Ursaluna|58\/100 brn|[from] Leech Seed|[of] p2a: Arceus\n|-heal|p2a: Arceus|57\/100|[silent]\n|-damage|p1a: Ursaluna|51\/100 brn|[from] brn\n|-sideend|p2: bulletinfi|move: Tailwind\n|upkeep\n|turn|5\n|\n|t:|1697352714\n|switch|p2a: Dialga|Dialga|100\/100\n|-ability|p2a: Dialga|Pressure\n|move|p1a: Ursaluna|Facade|p2a: Dialga\n|-resisted|p2a: Dialga\n|-crit|p2a: Dialga\n|-damage|p2a: Dialga|0 fnt\n|faint|p2a: Dialga\n|\n|-damage|p1a: Ursaluna|45\/100 brn|[from] brn\n|-fieldend|move: Trick Room\n|upkeep\n|c|\u2606dumpy lump|that crit\n|\n|t:|1697352731\n|switch|p2a: Arceus|Arceus-Poison|57\/100\n|turn|6\n|\n|t:|1697352738\n|move|p2a: Arceus|Body Press|p1a: Ursaluna\n|-supereffective|p1a: Ursaluna\n|-damage|p1a: Ursaluna|11\/100 brn\n|move|p1a: Ursaluna|Headlong Rush|p2a: Arceus\n|-supereffective|p2a: Arceus\n|-damage|p2a: Arceus|0 fnt\n|-unboost|p1a: Ursaluna|def|1\n|-unboost|p1a: Ursaluna|spd|1\n|faint|p2a: Arceus\n|\n|-damage|p1a: Ursaluna|5\/100 brn|[from] brn\n|upkeep\n|\n|t:|1697352758\n|switch|p2a: Shaymin|Shaymin-Sky|93\/100\n|turn|7\n|\n|t:|1697352766\n|switch|p1a: Magearna|Magearna|100\/100\n|move|p2a: Shaymin|Air Slash|p1a: Magearna\n|-resisted|p1a: Magearna\n|-damage|p1a: Magearna|85\/100\n|-damage|p2a: Shaymin|83\/100|[from] item: Life Orb\n|\n|-heal|p1a: Magearna|91\/100|[from] item: Leftovers\n|upkeep\n|turn|8\n|\n|t:|1697352784\n|switch|p2a: Blissey|Blissey, F|100\/100\n|move|p1a: Magearna|Trick Room|p1a: Magearna\n|-fieldstart|move: Trick Room|[of] p1a: Magearna\n|\n|-heal|p1a: Magearna|97\/100|[from] item: Leftovers\n|upkeep\n|turn|9\n|\n|t:|1697352794\n|move|p1a: Magearna|Volt Switch|p2a: Blissey\n|-damage|p2a: Blissey|93\/100\n|\n|t:|1697352797\n|switch|p1a: Azumarill|Azumarill, F, shiny|100\/100|[from] Volt Switch\n|move|p2a: Blissey|Thunder Wave|p1a: Azumarill\n|-status|p1a: Azumarill|par\n|\n|-heal|p2a: Blissey|99\/100|[from] item: Leftovers\n|upkeep\n|turn|10\n|\n|t:|1697352805\n|switch|p2a: Giratina|Giratina|100\/100\n|-ability|p2a: Giratina|Pressure\n|move|p1a: Azumarill|Belly Drum|p1a: Azumarill\n|-damage|p1a: Azumarill|50\/100 par\n|-setboost|p1a: Azumarill|atk|6|[from] move: Belly Drum\n|-enditem|p1a: Azumarill|Sitrus Berry|[eat]\n|-heal|p1a: Azumarill|75\/100 par|[from] item: Sitrus Berry\n|\n|upkeep\n|turn|11\n|\n|t:|1697352819\n|-terastallize|p2a: Giratina|Ghost\n|cant|p1a: Azumarill|par\n|move|p2a: Giratina|Shadow Ball|p1a: Azumarill\n|-damage|p1a: Azumarill|36\/100 par\n|\n|upkeep\n|turn|12\n|c|\u2606dumpy lump|man\n|\n|t:|1697352828\n|move|p1a: Azumarill|Play Rough|p2a: Giratina\n|-crit|p2a: Giratina\n|-damage|p2a: Giratina|0 fnt\n|faint|p2a: Giratina\n|\n|-fieldend|move: Trick Room\n|upkeep\n|c|\u2606bulletinfi|I guess that makes up for the crit kinda\n|\n|t:|1697352847\n|switch|p2a: Blissey|Blissey, F|99\/100\n|turn|13\n|c|\u2606dumpy lump|i dont think that crit mattered\n|\n|t:|1697352856\n|move|p2a: Blissey|Seismic Toss|p1a: Azumarill\n|-damage|p1a: Azumarill|11\/100 par\n|move|p1a: Azumarill|Play Rough|p2a: Blissey\n|-damage|p2a: Blissey|0 fnt\n|faint|p2a: Blissey\n|\n|upkeep\n|c|\u2606bulletinfi|I see\n|\n|t:|1697352864\n|switch|p2a: Palkia|Palkia-Origin|100\/100\n|-ability|p2a: Palkia|Pressure\n|turn|14\n|\n|t:|1697352875\n|move|p1a: Azumarill|Aqua Jet|p2a: Palkia\n|-resisted|p2a: Palkia\n|-damage|p2a: Palkia|72\/100\n|move|p2a: Palkia|Ice Beam|p1a: Azumarill\n|-resisted|p1a: Azumarill\n|-damage|p1a: Azumarill|0 fnt\n|faint|p1a: Azumarill\n|\n|upkeep\n|\n|t:|1697352889\n|switch|p1a: Cresselia|Cresselia, F, shiny|100\/100\n|turn|15\n|\n|t:|1697352902\n|move|p2a: Palkia|Hydro Pump|p1a: Cresselia\n|-damage|p1a: Cresselia|63\/100\n|move|p1a: Cresselia|Trick Room|p1a: Cresselia\n|-fieldstart|move: Trick Room|[of] p1a: Cresselia\n|\n|upkeep\n|turn|16\n|\n|t:|1697352910\n|move|p1a: Cresselia|Light Screen|p1a: Cresselia\n|-sidestart|p1: dumpy lump|move: Light Screen\n|move|p2a: Palkia|Hydro Pump|p1a: Cresselia\n|-damage|p1a: Cresselia|45\/100\n|\n|upkeep\n|turn|17\n|\n|t:|1697352916\n|move|p1a: Cresselia|Lunar Dance|p1a: Cresselia\n|faint|p1a: Cresselia\n|move|p2a: Palkia|Hydro Pump|p1: Cresselia|[notarget]\n|-fail|p2a: Palkia\n|\n|upkeep\n|\n|t:|1697352923\n|switch|p1a: Ursaluna|Ursaluna, F, tera:Normal|5\/100 brn\n|-heal|p1a: Ursaluna|100\/100|[from] move: Lunar Dance\n|turn|18\n|\n|t:|1697352936\n|move|p1a: Ursaluna|Facade|p2a: Palkia\n|-damage|p2a: Palkia|14\/100\n|move|p2a: Palkia|Hydro Pump|p1a: Ursaluna|[miss]\n|-miss|p2a: Palkia|p1a: Ursaluna\n|\n|-status|p1a: Ursaluna|brn|[from] item: Flame Orb\n|upkeep\n|turn|19\n|\n|t:|1697352943\n|move|p1a: Ursaluna|Facade|p2a: Palkia\n|-damage|p2a: Palkia|0 fnt\n|faint|p2a: Palkia\n|\n|-damage|p1a: Ursaluna|94\/100 brn|[from] brn\n|-fieldend|move: Trick Room\n|upkeep\n|\n|t:|1697352949\n|switch|p2a: Shaymin|Shaymin-Sky|83\/100\n|turn|20\n|\n|t:|1697352954\n|move|p2a: Shaymin|Seed Flare|p1a: Ursaluna\n|-damage|p1a: Ursaluna|60\/100 brn\n|-damage|p2a: Shaymin|73\/100|[from] item: Life Orb\n|move|p1a: Ursaluna|Facade|p2a: Shaymin\n|-damage|p2a: Shaymin|0 fnt\n|faint|p2a: Shaymin\n|\n|win|dumpy lump\n|c|\u2606bulletinfi|gg!\n|c|\u2606dumpy lump|gg\n|c|\u2606bulletinfi|Thanks for playing!\n","uploadtime":1697352969,"views":30,"p1id":"dumpylump","p2id":"bulletinfi","formatid":"gen9ubers","rating":0,"private":0,"password":""}