{"id":"gen9ubers-1977519457","p1":"be7","p2":"Always Edgy","format":"[Gen 9] Ubers","log":"|j|\u2606be7\n|j|\u2606Always Edgy\n|inactive|Battle timer is ON: inactive players will automatically lose when time's up.\n|t:|1698423964\n|gametype|singles\n|player|p1|be7|misty-gen3|\n|player|p2|Always Edgy|nobunaga-conquest|\n|teamsize|p1|6\n|teamsize|p2|6\n|gen|9\n|tier|[Gen 9] Ubers\n|rated|Tournament battle\n|rule|Sleep Clause Mod: Limit one foe put to sleep\n|rule|Species Clause: Limit one of each Pok\u00e9mon\n|rule|OHKO Clause: OHKO moves are banned\n|rule|Evasion Items Clause: Evasion items are banned\n|rule|Evasion Moves Clause: Evasion moves are banned\n|rule|Endless Battle Clause: Forcing endless battles is banned\n|rule|HP Percentage Mod: HP is shown in percentages\n|clearpoke\n|poke|p1|Calyrex-Ice|\n|poke|p1|Koraidon|\n|poke|p1|Toxapex, M|\n|poke|p1|Ting-Lu|\n|poke|p1|Arceus|\n|poke|p1|Miraidon|\n|poke|p2|Ribombee, M|\n|poke|p2|Arceus|\n|poke|p2|Zacian-*|\n|poke|p2|Eternatus|\n|poke|p2|Miraidon|\n|poke|p2|Koraidon|\n|teampreview\n|inactive|be7 also wants the timer to be on.\n|j| sayyonara\n|j|+Drampa\u5927Raivoso\n|c| sayyonara|sou mais be7\n|c|\u2606be7|o maldito\n|c|\u2606Always Edgy|me vinguei do cara q ficava\n|c|\u2606be7|conhece meu time\n|c|\u2606be7|kkkkkkkkkkkkkkk\n|c|\u2606Always Edgy|trashtalkeando\n|c|\u2606Always Edgy|no chat\n|c|\u2606Always Edgy|ja to feliz\n|inactive|Always Edgy has 120 seconds left.\n|c| sayyonara|qm q ficava\n|c| sayyonara|trashtalkeando\n|c| sayyonara|no chat\n|c|\u2606Always Edgy|o ubers la\n|c|\u2606be7|oi Drampa\u5927Raivoso\n|c|\u2606be7|meu puto\n|c| sayyonara|ata\n|c|\u2606be7|:handshake:\n|c| sayyonara|mas ele \u00e9 bom?\n|c|\u2606Always Edgy|por isso eu devolvi\n|c|\u2606Always Edgy|entao\n|c|\u2606Always Edgy|ele diz q sim\n|j| Monnad\n|c|\u2606Always Edgy|mas perdeu pra mim ne\n|c|\u2606Always Edgy|e eu n jogo ubers\n|c|+Drampa\u5927Raivoso|Oi Be7\n|inactive|Always Edgy has 90 seconds left.\n|c|+Drampa\u5927Raivoso|Perde n\u00e3o hein\n|c|\u2606Always Edgy|ja to feliz\n|c|\u2606be7|vou tentar\n|c|\u2606be7|eu sou rui\n|inactive|be7 has 120 seconds left.\n|\n|t:|1698424040\n|start\n|switch|p1a: Toxapex|Toxapex, M|100\/100\n|switch|p2a: Ribombee|Ribombee, M|100\/100\n|turn|1\n|c|\u2606be7|para de conversar merda matheus\n|c|\u2606be7|e joga\n|\n|t:|1698424046\n|move|p2a: Ribombee|Sticky Web|p1a: Toxapex\n|-sidestart|p1: be7|move: Sticky Web\n|move|p1a: Toxapex|Toxic|p2a: Ribombee\n|-status|p2a: Ribombee|tox\n|\n|-damage|p2a: Ribombee|94\/100 tox|[from] psn\n|upkeep\n|turn|2\n|c|\u2606Always Edgy|paro nao\n|c|+Drampa\u5927Raivoso|Se ganhar te compro um bolo ana maria, Be7\n|c|\u2606Always Edgy|lixo\n|\n|t:|1698424053\n|move|p2a: Ribombee|Stun Spore|p1a: Toxapex\n|-status|p1a: Toxapex|par\n|move|p1a: Toxapex|Infestation|p2a: Ribombee\n|-resisted|p2a: Ribombee\n|-damage|p2a: Ribombee|92\/100 tox\n|-activate|p2a: Ribombee|move: Infestation|[of] p1a: Toxapex\n|\n|-damage|p2a: Ribombee|80\/100 tox|[from] psn\n|-damage|p2a: Ribombee|67\/100 tox|[from] move: Infestation|[partiallytrapped]\n|upkeep\n|turn|3\n|c|\u2606be7|CARAMBA\n|c|\u2606be7|EU AMO BOLO ANA MARIA\n|c|\u2606Always Edgy|nossa eh mt bom mesmo\n|c| sayyonara|nem sei oq \u00e9\n|\n|t:|1698424069\n|move|p2a: Ribombee|Moonblast|p1a: Toxapex\n|-resisted|p1a: Toxapex\n|-damage|p1a: Toxapex|87\/100 par\n|-unboost|p1a: Toxapex|spa|1\n|cant|p1a: Toxapex|par\n|\n|-damage|p2a: Ribombee|49\/100 tox|[from] psn\n|-damage|p2a: Ribombee|37\/100 tox|[from] move: Infestation|[partiallytrapped]\n|upkeep\n|turn|4\n|c| sayyonara|:skull\n|c|\u2606be7|portuga safado\n|\n|t:|1698424081\n|move|p2a: Ribombee|Skill Swap|p1a: Toxapex\n|-activate|p2a: Ribombee|move: Skill Swap|Regenerator|Shield Dust|[of] p1a: Toxapex\n|move|p1a: Toxapex|Haze|p1a: Toxapex\n|-clearallboost\n|\n|-damage|p2a: Ribombee|12\/100 tox|[from] psn\n|-damage|p2a: Ribombee|0 fnt|[from] move: Infestation|[partiallytrapped]\n|faint|p2a: Ribombee\n|upkeep\n|c|+Drampa\u5927Raivoso|Sayyonara mora no espa\u00e7o?\n|c| sayyonara|eu moro na angola\n|c| sayyonara|sou vizinho do edgy\n|c|\u2606be7|SD pex\n|c|\u2606be7|\u00e9 broken ta\n|inactive|Always Edgy has 120 seconds left.\n|c| sayyonara|de gunk shot\n|c| sayyonara|ata shield dust\n|c|\u2606be7|vamo logo\n|\n|t:|1698424125\n|switch|p2a: Arceus|Arceus|100\/100\n|turn|5\n|c|\u2606be7|vou cortar o belo\n|c|\u2606be7|daqui a pouco\n|c|\u2606Always Edgy|foda-se amigao\n|\n|t:|1698424131\n|move|p2a: Arceus|Taunt|p1a: Toxapex\n|-start|p1a: Toxapex|move: Taunt\n|cant|p1a: Toxapex|move: Taunt|Toxic\n|\n|upkeep\n|turn|6\n|\n|t:|1698424138\n|switch|p1a: Ting-Lu|Ting-Lu|100\/100\n|-activate|p1a: Ting-Lu|move: Sticky Web\n|-unboost|p1a: Ting-Lu|spe|1\n|-ability|p1a: Ting-Lu|Vessel of Ruin\n|move|p2a: Arceus|Swords Dance|p2a: Arceus\n|-boost|p2a: Arceus|atk|2\n|\n|upkeep\n|turn|7\n|c|\u2606be7|fodase ne\n|c|\u2606be7|?\n|c|\u2606be7|ta certo\n|c|\u2606be7|vou bloquear vc\n|c|\u2606be7|do zap\n|c|\u2606Always Edgy|mentira\n|c|\u2606Always Edgy|fodase nao\n|c|\u2606Always Edgy|cabelo eh importante\n|c|\u2606Always Edgy|vo tentar\n|inactive|Always Edgy has 120 seconds left.\n|\n|t:|1698424160\n|move|p2a: Arceus|Taunt|p1a: Ting-Lu\n|-start|p1a: Ting-Lu|move: Taunt\n|move|p1a: Ting-Lu|Ruination|p2a: Arceus|[miss]\n|-miss|p1a: Ting-Lu|p2a: Arceus\n|\n|upkeep\n|turn|8\n|c|\u2606Always Edgy|sou bom\n|c|\u2606be7|kjkkkkkkkkkkkkkkkkkkk\n|c|\u2606Always Edgy|demais\n|c|\u2606be7|kkkkkkkkkkkkkkkkkkkkkkkkkkkkkkkkkkkk\n|c|\u2606Always Edgy|slk\n|c|\u2606be7|kkkkkkkkkkkkkkkkkkkkkkkkkkkkkkk\n|\n|t:|1698424180\n|-terastallize|p1a: Ting-Lu|Steel\n|move|p2a: Arceus|Extreme Speed|p1a: Ting-Lu\n|-resisted|p1a: Ting-Lu\n|-damage|p1a: Ting-Lu|71\/100\n|move|p1a: Ting-Lu|Ruination|p2a: Arceus\n|-damage|p2a: Arceus|51\/100\n|\n|-heal|p1a: Ting-Lu|77\/100|[from] item: Leftovers\n|upkeep\n|turn|9\n|c|\u2606Always Edgy|eu vo dar uns 38%\n|c|\u2606Always Edgy|nisso ai\n|c|\u2606Always Edgy|eita\n|\n|t:|1698424188\n|move|p2a: Arceus|Extreme Speed|p1a: Ting-Lu\n|-resisted|p1a: Ting-Lu\n|-damage|p1a: Ting-Lu|48\/100\n|move|p1a: Ting-Lu|Earthquake|p2a: Arceus\n|-damage|p2a: Arceus|26\/100\n|\n|-heal|p1a: Ting-Lu|54\/100|[from] item: Leftovers\n|-end|p1a: Ting-Lu|move: Taunt\n|upkeep\n|turn|10\n|\n|t:|1698424193\n|move|p2a: Arceus|Extreme Speed|p1a: Ting-Lu\n|-resisted|p1a: Ting-Lu\n|-damage|p1a: Ting-Lu|25\/100\n|move|p1a: Ting-Lu|Earthquake|p2a: Arceus\n|-damage|p2a: Arceus|1\/100\n|\n|-heal|p1a: Ting-Lu|31\/100|[from] item: Leftovers\n|upkeep\n|turn|11\n|c|\u2606be7|mds \u00e9 s\u00f3 matar\n|c|\u2606Always Edgy|ele aprendeu a clica eq galera\n|c|\u2606Always Edgy|!!!!!!!!!\n|c|\u2606Always Edgy|KKKKKKKKKKKKKKKKKKKKKKK\n|\n|t:|1698424216\n|switch|p1a: Toxapex|Toxapex, M|87\/100 par\n|-activate|p1a: Toxapex|move: Sticky Web\n|-unboost|p1a: Toxapex|spe|1\n|move|p2a: Arceus|Extreme Speed|p1a: Toxapex\n|-damage|p1a: Toxapex|23\/100 par\n|-damage|p2a: Arceus|0 fnt|[from] item: Rocky Helmet|[of] p1a: Toxapex\n|faint|p2a: Arceus\n|\n|upkeep\n|inactive|Always Edgy has 120 seconds left.\n|c| sayyonara|esse edgy acha q sabe de algo..\n|c|\u2606Always Edgy|mas eu sei\n|c|\u2606be7|pior q\n|c|\u2606be7|ele sabe\n|\n|t:|1698424239\n|switch|p2a: Eternatus|Eternatus, shiny|100\/100\n|-ability|p2a: Eternatus|Pressure\n|turn|12\n|c|\u2606be7|https:\/\/www.youtube.com\/watch?v=uk0LNe4s-O4 real\n|c| sayyonara|mas voce ganha\n|\n|t:|1698424248\n|switch|p1a: Ting-Lu|Ting-Lu, tera:Steel|31\/100\n|-activate|p1a: Ting-Lu|move: Sticky Web\n|-unboost|p1a: Ting-Lu|spe|1\n|-ability|p1a: Ting-Lu|Vessel of Ruin\n|move|p2a: Eternatus|Dynamax Cannon|p1a: Ting-Lu\n|-resisted|p1a: Ting-Lu\n|-damage|p1a: Ting-Lu|16\/100\n|-damage|p2a: Eternatus|91\/100|[from] item: Life Orb\n|\n|-heal|p1a: Ting-Lu|22\/100|[from] item: Leftovers\n|upkeep\n|turn|13\n|c|\u2606Always Edgy|nah n acabou ainda\n|inactive|Always Edgy has 120 seconds left.\n|c|\u2606Always Edgy|ta even\n|c|\u2606Always Edgy|aqui\n|\n|t:|1698424257\n|move|p2a: Eternatus|Fire Blast|p1a: Ting-Lu\n|-supereffective|p1a: Ting-Lu\n|-damage|p1a: Ting-Lu|0 fnt\n|faint|p1a: Ting-Lu\n|-damage|p2a: Eternatus|81\/100|[from] item: Life Orb\n|\n|upkeep\n|\n|t:|1698424269\n|switch|p1a: Arceus|Arceus|100\/100\n|-activate|p1a: Arceus|move: Sticky Web\n|-unboost|p1a: Arceus|spe|1\n|turn|14\n|c|\u2606Always Edgy|mas o tera foi precoce\n|\n|t:|1698424279\n|move|p1a: Arceus|Extreme Speed|p2a: Eternatus\n|-damage|p2a: Eternatus|36\/100\n|move|p2a: Eternatus|Dynamax Cannon|p1a: Arceus\n|-damage|p1a: Arceus|40\/100\n|-damage|p2a: Eternatus|26\/100|[from] item: Life Orb\n|\n|upkeep\n|turn|15\n|c|\u2606be7|ainda bem\n|c|\u2606be7|q o time \u00e9 meu\n|c|\u2606be7|e o jogo tb\n|c| sayyonara|precoce sou eu!!!\n|c|\u2606be7|'-'\n|c| sayyonara|mentira\n|c| sayyonara|precoce \u00e9 vc edgy\n|\n|t:|1698424292\n|move|p1a: Arceus|Extreme Speed|p2a: Eternatus\n|-damage|p2a: Eternatus|0 fnt\n|faint|p2a: Eternatus\n|\n|upkeep\n|c|\u2606Always Edgy|calma besete\n|c|\u2606Always Edgy|!!!!\n|c|\u2606be7|to calmo\n|c|\u2606be7|vc n me viu nervoso\n|inactive|Always Edgy has 120 seconds left.\n|c|\u2606Always Edgy|blz\n|\n|t:|1698424314\n|switch|p2a: Zacian|Zacian-Crowned|100\/100\n|-ability|p2a: Zacian|Intrepid Sword|boost\n|-boost|p2a: Zacian|atk|1\n|turn|16\n|\n|t:|1698424318\n|move|p2a: Zacian|Swords Dance|p2a: Zacian\n|-boost|p2a: Zacian|atk|2\n|move|p1a: Arceus|Taunt|p2a: Zacian\n|-start|p2a: Zacian|move: Taunt\n|\n|upkeep\n|turn|17\n|c| sayyonara|bom taunt\n|c| sayyonara|:skyull\n|c|\u2606Always Edgy|vamo brinca entao\n|c|\u2606Always Edgy|amigao\n|c|\u2606be7|oxi\n|\n|t:|1698424333\n|switch|p1a: Toxapex|Toxapex, M|56\/100 par\n|-activate|p1a: Toxapex|move: Sticky Web\n|-unboost|p1a: Toxapex|spe|1\n|move|p2a: Zacian|Behemoth Blade|p1a: Toxapex\n|-resisted|p1a: Toxapex\n|-damage|p1a: Toxapex|9\/100 par\n|-damage|p2a: Zacian|84\/100|[from] item: Rocky Helmet|[of] p1a: Toxapex\n|\n|upkeep\n|turn|18\n|c|\u2606be7|pois venha\n|\n|t:|1698424338\n|switch|p1a: Arceus|Arceus|40\/100\n|-activate|p1a: Arceus|move: Sticky Web\n|-unboost|p1a: Arceus|spe|1\n|move|p2a: Zacian|Behemoth Blade|p1a: Arceus\n|-damage|p1a: Arceus|0 fnt\n|faint|p1a: Arceus\n|\n|upkeep\n|\n|t:|1698424345\n|switch|p1a: Koraidon|Koraidon|100\/100\n|-activate|p1a: Koraidon|move: Sticky Web\n|-unboost|p1a: Koraidon|spe|1\n|-weather|SunnyDay|[from] ability: Orichalcum Pulse|[of] p1a: Koraidon\n|-activate|p1a: Koraidon|Orichalcum Pulse|[source]\n|turn|19\n|\n|t:|1698424349\n|switch|p1a: Toxapex|Toxapex, M|43\/100 par\n|-activate|p1a: Toxapex|move: Sticky Web\n|-unboost|p1a: Toxapex|spe|1\n|move|p2a: Zacian|Behemoth Blade|p1a: Toxapex\n|-resisted|p1a: Toxapex\n|-damage|p1a: Toxapex|0 fnt\n|-damage|p2a: Zacian|67\/100|[from] item: Rocky Helmet|[of] p1a: Toxapex\n|faint|p1a: Toxapex\n|\n|-weather|SunnyDay|[upkeep]\n|-end|p2a: Zacian|move: Taunt\n|upkeep\n|\n|t:|1698424353\n|switch|p1a: Calyrex|Calyrex-Ice|100\/100\n|-ability|p1a: Calyrex|As One\n|-ability|p1a: Calyrex|Unnerve\n|turn|20\n|c|\u2606Always Edgy|sinceramente\n|c|\u2606Always Edgy|acho que acabou\n|\n|t:|1698424361\n|move|p2a: Zacian|Behemoth Blade|p1a: Calyrex\n|-supereffective|p1a: Calyrex\n|-damage|p1a: Calyrex|0 fnt\n|faint|p1a: Calyrex\n|\n|-weather|SunnyDay|[upkeep]\n|upkeep\n|\n|t:|1698424363\n|switch|p1a: Koraidon|Koraidon|100\/100\n|-activate|p1a: Koraidon|move: Sticky Web\n|-unboost|p1a: Koraidon|spe|1\n|-activate|p1a: Koraidon|ability: Orichalcum Pulse\n|turn|21\n|c| sayyonara|sim acabou\n|\n|t:|1698424368\n|move|p2a: Zacian|Behemoth Blade|p1a: Koraidon\n|-damage|p1a: Koraidon|0 fnt\n|faint|p1a: Koraidon\n|\n|-weather|SunnyDay|[upkeep]\n|upkeep\n|\n|t:|1698424370\n|switch|p1a: Miraidon|Miraidon|100\/100\n|-activate|p1a: Miraidon|move: Sticky Web\n|-unboost|p1a: Miraidon|spe|1\n|-fieldstart|move: Electric Terrain|[from] ability: Hadron Engine|[of] p1a: Miraidon\n|turn|22\n|\n|t:|1698424375\n|-terastallize|p2a: Zacian|Ground\n|move|p2a: Zacian|Tera Blast|p1a: Miraidon|[anim] Tera Blast Ground\n|-supereffective|p1a: Miraidon\n|-crit|p1a: Miraidon\n|-damage|p1a: Miraidon|0 fnt\n|faint|p1a: Miraidon\n|\n|win|Always Edgy\n|n|\u2606be7|be7\n|n|\u2606Always Edgy|alwaysedgy\n|n| sayyonara|sayyonara\n|n| Drampa\u5927Raivoso|dramparaivoso\n|n| Monnad|monnad\n","uploadtime":1698424376,"views":8,"p1id":"be7","p2id":"alwaysedgy","formatid":"gen9ubers","rating":0,"private":0,"password":""}