{"id":"gen9ubers-1989737821","p1":"Asta_RPPLF","p2":"Tiammat rpplf","format":"[Gen 9] Ubers","log":"|j|\u2606Asta_RPPLF\n|j|\u2606Tiammat rpplf\n|t:|1699891490\n|gametype|singles\n|player|p1|Asta_RPPLF|#wcop2023belgium|\n|player|p2|Tiammat rpplf|heroine-conquest|\n|teamsize|p1|6\n|teamsize|p2|6\n|gen|9\n|tier|[Gen 9] Ubers\n|rule|Sleep Clause Mod: Limit one foe put to sleep\n|rule|Species Clause: Limit one of each Pok\u00e9mon\n|rule|OHKO Clause: OHKO moves are banned\n|rule|Evasion Items Clause: Evasion items are banned\n|rule|Evasion Moves Clause: Evasion moves are banned\n|rule|Endless Battle Clause: Forcing endless battles is banned\n|rule|HP Percentage Mod: HP is shown in percentages\n|clearpoke\n|poke|p1|Corviknight, F|\n|poke|p1|Ogerpon-Wellspring, F|\n|poke|p1|Goodra-Hisui, M|\n|poke|p1|Iron Moth|\n|poke|p1|Cinderace, M|\n|poke|p1|Ting-Lu|\n|poke|p2|Samurott-Hisui, F|\n|poke|p2|Gliscor, F|\n|poke|p2|Volcarona, M|\n|poke|p2|Ting-Lu|\n|poke|p2|Rotom-Wash|\n|poke|p2|Conkeldurr, M|\n|teampreview\n|c|\u2606Asta_RPPLF|Hf mec\n|\n|t:|1699891555\n|start\n|switch|p1a: Cinderace|Cinderace, M|100\/100\n|switch|p2a: Rotom|Rotom-Wash|100\/100\n|turn|1\n|\n|t:|1699891568\n|switch|p1a: Goodra|Goodra-Hisui, M|100\/100\n|move|p2a: Rotom|Hydro Pump|p1a: Goodra\n|-resisted|p1a: Goodra\n|-damage|p1a: Goodra|89\/100\n|\n|upkeep\n|turn|2\n|\n|t:|1699891579\n|switch|p2a: Ting-Lu|Ting-Lu|100\/100\n|-ability|p2a: Ting-Lu|Vessel of Ruin\n|move|p1a: Goodra|Knock Off|p2a: Ting-Lu\n|-resisted|p2a: Ting-Lu\n|-crit|p2a: Ting-Lu\n|-damage|p2a: Ting-Lu|92\/100\n|-enditem|p2a: Ting-Lu|Leftovers|[from] move: Knock Off|[of] p1a: Goodra\n|\n|upkeep\n|turn|3\n|\n|t:|1699891623\n|switch|p1a: Ogerpon|Ogerpon-Wellspring, F|100\/100\n|move|p2a: Ting-Lu|Earthquake|p1a: Ogerpon\n|-resisted|p1a: Ogerpon\n|-damage|p1a: Ogerpon|77\/100\n|\n|upkeep\n|turn|4\n|\n|t:|1699891642\n|switch|p2a: Samurott|Samurott-Hisui, F|100\/100\n|move|p1a: Ogerpon|Ivy Cudgel|p2a: Samurott\n|-resisted|p2a: Samurott\n|-damage|p2a: Samurott|65\/100\n|\n|upkeep\n|turn|5\n|\n|t:|1699891652\n|move|p1a: Ogerpon|Horn Leech|p2a: Samurott\n|-supereffective|p2a: Samurott\n|-damage|p2a: Samurott|0 fnt\n|-heal|p1a: Ogerpon|100\/100|[from] drain|[of] p2a: Samurott\n|faint|p2a: Samurott\n|\n|upkeep\n|\n|t:|1699891665\n|switch|p2a: Conkeldurr|Conkeldurr, M|100\/100\n|turn|6\n|\n|t:|1699891695\n|move|p1a: Ogerpon|Ivy Cudgel|p2a: Conkeldurr\n|-damage|p2a: Conkeldurr|43\/100\n|move|p2a: Conkeldurr|Drain Punch|p1a: Ogerpon\n|-damage|p1a: Ogerpon|37\/100\n|-heal|p2a: Conkeldurr|69\/100|[from] drain|[of] p1a: Ogerpon\n|\n|-status|p2a: Conkeldurr|brn|[from] item: Flame Orb\n|upkeep\n|turn|7\n|\n|t:|1699891709\n|switch|p1a: Corviknight|Corviknight, F|100\/100\n|-ability|p1a: Corviknight|Pressure\n|move|p2a: Conkeldurr|Drain Punch|p1a: Corviknight\n|-damage|p1a: Corviknight|58\/100\n|-heal|p2a: Conkeldurr|92\/100 brn|[from] drain|[of] p1a: Corviknight\n|-damage|p2a: Conkeldurr|75\/100 brn|[from] item: Rocky Helmet|[of] p1a: Corviknight\n|\n|-damage|p2a: Conkeldurr|69\/100 brn|[from] brn\n|upkeep\n|turn|8\n|\n|t:|1699891727\n|switch|p2a: Gliscor|Gliscor, F|100\/100\n|move|p1a: Corviknight|Iron Defense|p1a: Corviknight\n|-boost|p1a: Corviknight|def|2\n|\n|-status|p2a: Gliscor|tox|[from] item: Toxic Orb\n|upkeep\n|turn|9\n|\n|t:|1699891741\n|move|p2a: Gliscor|U-turn|p1a: Corviknight\n|-resisted|p1a: Corviknight\n|-damage|p1a: Corviknight|57\/100\n|-damage|p2a: Gliscor|84\/100 tox|[from] item: Rocky Helmet|[of] p1a: Corviknight\n|\n|t:|1699891747\n|switch|p2a: Volcarona|Volcarona, M|100\/100|[from] U-turn\n|move|p1a: Corviknight|Roost|p1a: Corviknight\n|-heal|p1a: Corviknight|100\/100\n|-singleturn|p1a: Corviknight|move: Roost\n|\n|upkeep\n|turn|10\n|\n|t:|1699891757\n|switch|p1a: Ting-Lu|Ting-Lu|100\/100\n|-ability|p1a: Ting-Lu|Vessel of Ruin\n|move|p2a: Volcarona|Fiery Dance|p1a: Ting-Lu\n|-damage|p1a: Ting-Lu|86\/100\n|\n|-heal|p1a: Ting-Lu|93\/100|[from] item: Leftovers\n|upkeep\n|turn|11\n|\n|t:|1699891784\n|switch|p2a: Ting-Lu|Ting-Lu|92\/100\n|-ability|p2a: Ting-Lu|Vessel of Ruin\n|move|p1a: Ting-Lu|Stealth Rock|p2a: Ting-Lu\n|-sidestart|p2: Tiammat rpplf|move: Stealth Rock\n|\n|-heal|p1a: Ting-Lu|99\/100|[from] item: Leftovers\n|upkeep\n|turn|12\n|\n|t:|1699891799\n|switch|p1a: Ogerpon|Ogerpon-Wellspring, F|37\/100\n|move|p2a: Ting-Lu|Stealth Rock|p1a: Ogerpon\n|-sidestart|p1: Asta_RPPLF|move: Stealth Rock\n|\n|upkeep\n|turn|13\n|\n|t:|1699891809\n|switch|p2a: Rotom|Rotom-Wash|100\/100\n|-damage|p2a: Rotom|88\/100|[from] Stealth Rock\n|move|p1a: Ogerpon|Horn Leech|p2a: Rotom\n|-supereffective|p2a: Rotom\n|-damage|p2a: Rotom|0 fnt\n|-heal|p1a: Ogerpon|73\/100|[from] drain|[of] p2a: Rotom\n|faint|p2a: Rotom\n|\n|upkeep\n|\n|t:|1699891820\n|switch|p2a: Conkeldurr|Conkeldurr, M|69\/100 brn\n|-damage|p2a: Conkeldurr|63\/100 brn|[from] Stealth Rock\n|turn|14\n|\n|t:|1699891839\n|move|p1a: Ogerpon|Ivy Cudgel|p2a: Conkeldurr\n|-damage|p2a: Conkeldurr|5\/100 brn\n|move|p2a: Conkeldurr|Drain Punch|p1a: Ogerpon\n|-damage|p1a: Ogerpon|0 fnt\n|-heal|p2a: Conkeldurr|35\/100 brn|[from] drain|[of] p1a: Ogerpon\n|faint|p1a: Ogerpon\n|\n|-damage|p2a: Conkeldurr|29\/100 brn|[from] brn\n|upkeep\n|\n|t:|1699891864\n|switch|p1a: Iron Moth|Iron Moth|100\/100\n|-damage|p1a: Iron Moth|76\/100|[from] Stealth Rock\n|-enditem|p1a: Iron Moth|Booster Energy\n|-activate|p1a: Iron Moth|ability: Quark Drive|[fromitem]\n|-start|p1a: Iron Moth|quarkdrivespe\n|turn|15\n|\n|t:|1699891881\n|switch|p2a: Ting-Lu|Ting-Lu|92\/100\n|-damage|p2a: Ting-Lu|86\/100|[from] Stealth Rock\n|-ability|p2a: Ting-Lu|Vessel of Ruin\n|move|p1a: Iron Moth|Fiery Dance|p2a: Ting-Lu\n|-damage|p2a: Ting-Lu|70\/100\n|-boost|p1a: Iron Moth|spa|1\n|\n|upkeep\n|turn|16\n|\n|t:|1699891899\n|-terastallize|p1a: Iron Moth|Fairy\n|move|p1a: Iron Moth|Dazzling Gleam|p2a: Ting-Lu\n|-supereffective|p2a: Ting-Lu\n|-crit|p2a: Ting-Lu\n|-damage|p2a: Ting-Lu|0 fnt\n|faint|p2a: Ting-Lu\n|\n|upkeep\n|\n|t:|1699891912\n|switch|p2a: Volcarona|Volcarona, M|100\/100\n|turn|17\n|\n|t:|1699891941\n|move|p1a: Iron Moth|Sludge Wave|p2a: Volcarona\n|-damage|p2a: Volcarona|40\/100\n|move|p2a: Volcarona|Fiery Dance|p1a: Iron Moth\n|-damage|p1a: Iron Moth|44\/100\n|-boost|p2a: Volcarona|spa|1\n|\n|upkeep\n|turn|18\n|\n|t:|1699891950\n|move|p1a: Iron Moth|Sludge Wave|p2a: Volcarona\n|-damage|p2a: Volcarona|0 fnt\n|faint|p2a: Volcarona\n|\n|upkeep\n|\n|t:|1699891956\n|switch|p2a: Gliscor|Gliscor, F|84\/100 tox\n|-damage|p2a: Gliscor|71\/100 tox|[from] Stealth Rock\n|turn|19\n|\n|t:|1699891970\n|move|p1a: Iron Moth|Dazzling Gleam|p2a: Gliscor\n|-damage|p2a: Gliscor|0 fnt\n|faint|p2a: Gliscor\n|\n|upkeep\n|\n|t:|1699891975\n|switch|p2a: Conkeldurr|Conkeldurr, M|29\/100 brn\n|-damage|p2a: Conkeldurr|23\/100 brn|[from] Stealth Rock\n|turn|20\n|\n|t:|1699891980\n|move|p1a: Iron Moth|Dazzling Gleam|p2a: Conkeldurr\n|-supereffective|p2a: Conkeldurr\n|-damage|p2a: Conkeldurr|0 fnt\n|faint|p2a: Conkeldurr\n|\n|win|Asta_RPPLF\n|c|\u2606Asta_RPPLF|gg\n|l|\u2606Tiammat rpplf\n","uploadtime":1699892511,"views":7,"p1id":"astarpplf","p2id":"tiammatrpplf","formatid":"gen9ubers","rating":0,"private":0,"password":""}