{"id":"gen9ubers-1992762832","p1":"ringlord","p2":"Abel020403","format":"[Gen 9] Ubers","log":"|j|\u2606ringlord\n|j|\u2606Abel020403\n|t:|1700233228\n|gametype|singles\n|player|p1|ringlord|169|\n|player|p2|Abel020403|lucas|\n|teamsize|p1|6\n|teamsize|p2|6\n|gen|9\n|tier|[Gen 9] Ubers\n|rated|Tournament battle\n|rule|Sleep Clause Mod: Limit one foe put to sleep\n|rule|Species Clause: Limit one of each Pok\u00e9mon\n|rule|OHKO Clause: OHKO moves are banned\n|rule|Evasion Items Clause: Evasion items are banned\n|rule|Evasion Moves Clause: Evasion moves are banned\n|rule|Endless Battle Clause: Forcing endless battles is banned\n|rule|HP Percentage Mod: HP is shown in percentages\n|clearpoke\n|poke|p1|Arceus-Ground|\n|poke|p1|Regieleki|\n|poke|p1|Ditto|\n|poke|p1|Eternatus|\n|poke|p1|Koraidon|\n|poke|p1|Miraidon|\n|poke|p2|Koraidon|\n|poke|p2|Zacian-*|\n|poke|p2|Flutter Mane|\n|poke|p2|Groudon|\n|poke|p2|Arceus|\n|poke|p2|Urshifu-*, M|\n|teampreview\n|inactive|Battle timer is ON: inactive players will automatically lose when time's up. (requested by ringlord)\n|\n|t:|1700233263\n|start\n|switch|p1a: Eternatus|Eternatus|100\/100\n|switch|p2a: Groudon|Groudon|100\/100\n|-ability|p1a: Eternatus|Pressure\n|-weather|SunnyDay|[from] ability: Drought|[of] p2a: Groudon\n|turn|1\n|c|\u2606ringlord|gl hf\n|\n|t:|1700233271\n|move|p1a: Eternatus|Dynamax Cannon|p2a: Groudon\n|-crit|p2a: Groudon\n|-damage|p2a: Groudon|0 fnt\n|faint|p2a: Groudon\n|-damage|p1a: Eternatus|91\/100|[from] item: Life Orb\n|\n|-weather|SunnyDay|[upkeep]\n|upkeep\n|c|\u2606Abel020403|GLHF\n|\n|t:|1700233290\n|switch|p2a: Arceus|Arceus|100\/100\n|turn|2\n|\n|t:|1700233313\n|move|p1a: Eternatus|Dynamax Cannon|p2a: Arceus\n|-damage|p2a: Arceus|44\/100\n|-damage|p1a: Eternatus|81\/100|[from] item: Life Orb\n|move|p2a: Arceus|Earthquake|p1a: Eternatus\n|-supereffective|p1a: Eternatus\n|-damage|p1a: Eternatus|9\/100\n|-damage|p2a: Arceus|34\/100|[from] item: Life Orb\n|\n|-weather|SunnyDay|[upkeep]\n|upkeep\n|turn|3\n|\n|t:|1700233320\n|move|p2a: Arceus|Extreme Speed|p1a: Eternatus\n|-damage|p1a: Eternatus|0 fnt\n|faint|p1a: Eternatus\n|-damage|p2a: Arceus|24\/100|[from] item: Life Orb\n|\n|-weather|SunnyDay|[upkeep]\n|upkeep\n|inactive|ringlord has 120 seconds left.\n|\n|t:|1700233346\n|switch|p1a: Ditto|Ditto|100\/100\n|-transform|p1a: Ditto|p2a: Arceus|[from] ability: Imposter\n|turn|4\n|\n|t:|1700233358\n|move|p1a: Ditto|Extreme Speed|p2a: Arceus\n|-damage|p2a: Arceus|0 fnt\n|faint|p2a: Arceus\n|\n|-weather|SunnyDay|[upkeep]\n|upkeep\n|\n|t:|1700233360\n|switch|p2a: Flutter Mane|Flutter Mane|100\/100\n|-activate|p2a: Flutter Mane|ability: Protosynthesis\n|-start|p2a: Flutter Mane|protosynthesisspe\n|turn|5\n|\n|t:|1700233384\n|switch|p1a: Arceus|Arceus-Ground|100\/100\n|move|p2a: Flutter Mane|Moonblast|p1a: Arceus\n|-damage|p1a: Arceus|66\/100\n|\n|-weather|none\n|-end|p2a: Flutter Mane|Protosynthesis\n|upkeep\n|-enditem|p2a: Flutter Mane|Booster Energy\n|-activate|p2a: Flutter Mane|ability: Protosynthesis|[fromitem]\n|-start|p2a: Flutter Mane|protosynthesisspe\n|turn|6\n|\n|t:|1700233402\n|move|p2a: Flutter Mane|Mystical Fire|p1a: Arceus\n|-damage|p1a: Arceus|49\/100\n|-unboost|p1a: Arceus|spa|1\n|move|p1a: Arceus|Judgment|p2a: Flutter Mane\n|-damage|p2a: Flutter Mane|68\/100\n|\n|upkeep\n|turn|7\n|inactive|ringlord has 120 seconds left.\n|inactive|ringlord has 90 seconds left.\n|\n|t:|1700233457\n|move|p2a: Flutter Mane|Mystical Fire|p1a: Arceus\n|-damage|p1a: Arceus|32\/100\n|-unboost|p1a: Arceus|spa|1\n|move|p1a: Arceus|Recover|p1a: Arceus\n|-heal|p1a: Arceus|82\/100\n|\n|upkeep\n|turn|8\n|inactive|ringlord has 90 seconds left.\n|inactive|Abel020403 has 120 seconds left.\n|\n|t:|1700233515\n|move|p2a: Flutter Mane|Calm Mind|p2a: Flutter Mane\n|-boost|p2a: Flutter Mane|spa|1\n|-boost|p2a: Flutter Mane|spd|1\n|move|p1a: Arceus|Judgment|p2a: Flutter Mane\n|-damage|p2a: Flutter Mane|52\/100\n|\n|upkeep\n|turn|9\n|inactive|ringlord has 60 seconds left.\n|inactive|ringlord has 30 seconds left.\n|inactive|ringlord has 20 seconds left.\n|inactive|ringlord has 15 seconds left.\n|\n|t:|1700233581\n|move|p2a: Flutter Mane|Shadow Ball|p1a: Arceus\n|-damage|p1a: Arceus|41\/100\n|move|p1a: Arceus|Judgment|p2a: Flutter Mane\n|-damage|p2a: Flutter Mane|35\/100\n|\n|upkeep\n|turn|10\n|inactive|ringlord has 25 seconds left this turn.\n|inactive|ringlord has 20 seconds left.\n|inactive|ringlord has 15 seconds left.\n|inactive|Abel020403 has 90 seconds left.\n|inactive|Abel020403 has 60 seconds left.\n|\n|t:|1700233663\n|move|p2a: Flutter Mane|Shadow Ball|p1a: Arceus\n|-damage|p1a: Arceus|0 fnt\n|faint|p1a: Arceus\n|\n|upkeep\n|inactive|ringlord has 20 seconds left this turn.\n|inactive|ringlord has 15 seconds left.\n|\n|t:|1700233671\n|switch|p1a: Ditto|Ditto|100\/100\n|-transform|p1a: Ditto|p2a: Flutter Mane|[from] ability: Imposter\n|turn|11\n|inactive|ringlord has 25 seconds left this turn.\n|inactive|ringlord has 20 seconds left.\n|\n|t:|1700233684\n|move|p1a: Ditto|Moonblast|p2a: Flutter Mane\n|-damage|p2a: Flutter Mane|0 fnt\n|faint|p2a: Flutter Mane\n|-end|p2a: Flutter Mane|Protosynthesis|[silent]\n|\n|upkeep\n|inactive|ringlord has 25 seconds left this turn.\n|\n|t:|1700233688\n|switch|p2a: Zacian|Zacian-Crowned|100\/100\n|-ability|p2a: Zacian|Intrepid Sword|boost\n|-boost|p2a: Zacian|atk|1\n|turn|12\n|inactive|ringlord has 30 seconds left.\n|inactive|ringlord has 20 seconds left.\n|\n|t:|1700233706\n|-terastallize|p2a: Zacian|Fairy\n|move|p1a: Ditto|Moonblast|p2a: Zacian\n|-damage|p2a: Zacian|35\/100\n|move|p2a: Zacian|Behemoth Blade|p1a: Ditto\n|-supereffective|p1a: Ditto\n|-damage|p1a: Ditto|0 fnt\n|faint|p1a: Ditto\n|-end|p1a: Ditto|Protosynthesis|[silent]\n|\n|upkeep\n|inactive|ringlord has 25 seconds left this turn.\n|inactive|ringlord has 20 seconds left.\n|\n|t:|1700233713\n|switch|p1a: Regieleki|Regieleki|100\/100\n|turn|13\n|inactive|ringlord has 30 seconds left this turn.\n|\n|t:|1700233716\n|switch|p2a: Koraidon|Koraidon|100\/100\n|-weather|SunnyDay|[from] ability: Orichalcum Pulse|[of] p2a: Koraidon\n|-activate|p2a: Koraidon|Orichalcum Pulse|[source]\n|move|p1a: Regieleki|Thunderbolt|p2a: Koraidon\n|-resisted|p2a: Koraidon\n|-damage|p2a: Koraidon|71\/100\n|\n|-weather|SunnyDay|[upkeep]\n|upkeep\n|turn|14\n|inactive|ringlord has 30 seconds left.\n|\n|t:|1700233728\n|-terastallize|p1a: Regieleki|Ice\n|move|p1a: Regieleki|Tera Blast|p2a: Koraidon|[anim] Tera Blast Ice\n|-supereffective|p2a: Koraidon\n|-damage|p2a: Koraidon|0 fnt\n|faint|p2a: Koraidon\n|\n|-weather|SunnyDay|[upkeep]\n|upkeep\n|\n|t:|1700233735\n|switch|p2a: Urshifu|Urshifu, M|100\/100\n|turn|15\n|j| Primordiallite\n|\n|t:|1700233743\n|switch|p1a: Koraidon|Koraidon|100\/100\n|-activate|p1a: Koraidon|ability: Orichalcum Pulse\n|move|p2a: Urshifu|Close Combat|p1a: Koraidon\n|-damage|p1a: Koraidon|34\/100\n|-unboost|p2a: Urshifu|def|1\n|-unboost|p2a: Urshifu|spd|1\n|\n|-weather|SunnyDay|[upkeep]\n|upkeep\n|turn|16\n|\n|t:|1700233757\n|move|p1a: Koraidon|Collision Course|p2a: Urshifu\n|-supereffective|p2a: Urshifu\n|-damage|p2a: Urshifu|0 fnt\n|faint|p2a: Urshifu\n|\n|-weather|SunnyDay|[upkeep]\n|upkeep\n|\n|t:|1700233760\n|switch|p2a: Zacian|Zacian-Crowned, tera:Fairy|35\/100\n|turn|17\n|\n|t:|1700233761\n|move|p1a: Koraidon|Collision Course|p2a: Zacian\n|-resisted|p2a: Zacian\n|-damage|p2a: Zacian|2\/100\n|move|p2a: Zacian|Play Rough|p1a: Koraidon\n|-supereffective|p1a: Koraidon\n|-crit|p1a: Koraidon\n|-damage|p1a: Koraidon|0 fnt\n|faint|p1a: Koraidon\n|\n|-weather|none\n|upkeep\n|\n|t:|1700233765\n|switch|p1a: Regieleki|Regieleki, tera:Ice|100\/100\n|turn|18\n|\n|t:|1700233767\n|move|p1a: Regieleki|Thunderbolt|p2a: Zacian\n|-damage|p2a: Zacian|0 fnt\n|faint|p2a: Zacian\n|\n|win|ringlord\n|n|\u2606ringlord|ringlord\n|n|\u2606Abel020403|abel020403\n|n| Primordiallite|primordiallite\n","uploadtime":1700233768,"views":5,"p1id":"ringlord","p2id":"abel020403","formatid":"gen9ubers","rating":0,"private":0,"password":""}