{"id":"gen9ubers-1985713787","p1":"Bestmaindragonite","p2":"AlicieLizzie","format":"[Gen 9] Ubers","log":"|j|\u2606Bestmaindragonite\n|j|\u2606AlicieLizzie\n|t:|1699398445\n|gametype|singles\n|player|p1|Bestmaindragonite|lillie|\n|player|p2|AlicieLizzie|marnie-masters3|\n|teamsize|p1|6\n|teamsize|p2|6\n|gen|9\n|tier|[Gen 9] Ubers\n|rule|Sleep Clause Mod: Limit one foe put to sleep\n|rule|Species Clause: Limit one of each Pok\u00e9mon\n|rule|OHKO Clause: OHKO moves are banned\n|rule|Evasion Items Clause: Evasion items are banned\n|rule|Evasion Moves Clause: Evasion moves are banned\n|rule|Endless Battle Clause: Forcing endless battles is banned\n|rule|HP Percentage Mod: HP is shown in percentages\n|clearpoke\n|poke|p1|Arceus-Ghost|\n|poke|p1|Baxcalibur, F|\n|poke|p1|Magearna|\n|poke|p1|Donphan, F|\n|poke|p1|Dialga|\n|poke|p1|Chi-Yu|\n|poke|p2|Pelipper, F|\n|poke|p2|Overqwil, M|\n|poke|p2|Zapdos|\n|poke|p2|Palkia-Origin|\n|poke|p2|Landorus, M|\n|poke|p2|Arceus-Grass|\n|teampreview\n|inactive|Battle timer is ON: inactive players will automatically lose when time's up. (requested by AlicieLizzie)\n|\n|t:|1699398453\n|start\n|switch|p1a: Magearna|Magearna|100\/100\n|switch|p2a: der nebel kommt|Pelipper, F|100\/100\n|-weather|RainDance|[from] ability: Drizzle|[of] p2a: der nebel kommt\n|turn|1\n|\n|t:|1699398459\n|-terastallize|p1a: Magearna|Fairy\n|move|p1a: Magearna|Fleur Cannon|p2a: der nebel kommt\n|-damage|p2a: der nebel kommt|0 fnt\n|-unboost|p1a: Magearna|spa|2\n|faint|p2a: der nebel kommt\n|-ability|p1a: Magearna|Soul-Heart|boost\n|-boost|p1a: Magearna|spa|1\n|\n|-weather|RainDance|[upkeep]\n|upkeep\n|\n|t:|1699398465\n|switch|p2a: sea mine|Overqwil, M|100\/100\n|turn|2\n|\n|t:|1699398468\n|switch|p1a: Dialga|Dialga|100\/100\n|-ability|p1a: Dialga|Pressure\n|move|p2a: sea mine|Gunk Shot|p1a: Dialga\n|-immune|p1a: Dialga\n|\n|-weather|RainDance|[upkeep]\n|upkeep\n|turn|3\n|\n|t:|1699398473\n|switch|p2a: dad (with belt)|Landorus, M|100\/100\n|move|p1a: Dialga|Roar|p2a: dad (with belt)\n|drag|p2a: fuckin honse|Palkia-Origin|100\/100\n|-ability|p2a: fuckin honse|Pressure\n|\n|-weather|RainDance|[upkeep]\n|upkeep\n|turn|4\n|\n|t:|1699398476\n|move|p2a: fuckin honse|Earth Power|p1a: Dialga\n|-supereffective|p1a: Dialga\n|-damage|p1a: Dialga|36\/100\n|-enditem|p1a: Dialga|Red Card|[of] p2a: fuckin honse\n|drag|p2a: sea mine|Overqwil, M|100\/100\n|move|p1a: Dialga|Draco Meteor|p2a: sea mine\n|-damage|p2a: sea mine|0 fnt\n|-unboost|p1a: Dialga|spa|2\n|faint|p2a: sea mine\n|\n|-weather|RainDance|[upkeep]\n|upkeep\n|\n|t:|1699398483\n|switch|p2a: dad (with belt)|Landorus, M|100\/100\n|turn|5\n|\n|t:|1699398492\n|move|p2a: dad (with belt)|Sandsear Storm|p1a: Dialga\n|-supereffective|p1a: Dialga\n|-crit|p1a: Dialga\n|-damage|p1a: Dialga|0 fnt\n|faint|p1a: Dialga\n|\n|-weather|RainDance|[upkeep]\n|upkeep\n|\n|t:|1699398498\n|switch|p1a: Magearna|Magearna, tera:Fairy|100\/100\n|turn|6\n|\n|t:|1699398502\n|move|p2a: dad (with belt)|Sludge Bomb|p1a: Magearna\n|-supereffective|p1a: Magearna\n|-damage|p1a: Magearna|21\/100\n|move|p1a: Magearna|Draining Kiss|p2a: dad (with belt)\n|-damage|p2a: dad (with belt)|42\/100\n|-heal|p1a: Magearna|60\/100|[from] drain|[of] p2a: dad (with belt)\n|\n|-weather|RainDance|[upkeep]\n|-heal|p1a: Magearna|66\/100|[from] item: Leftovers\n|upkeep\n|turn|7\n|\n|t:|1699398507\n|switch|p1a: Arceus|Arceus-Ghost|100\/100\n|move|p2a: dad (with belt)|Sludge Bomb|p1a: Arceus\n|-resisted|p1a: Arceus\n|-damage|p1a: Arceus|86\/100\n|\n|-weather|RainDance|[upkeep]\n|upkeep\n|turn|8\n|\n|t:|1699398517\n|move|p2a: dad (with belt)|U-turn|p1a: Arceus\n|-resisted|p1a: Arceus\n|-damage|p1a: Arceus|78\/100\n|-damage|p2a: dad (with belt)|32\/100|[from] item: Life Orb\n|\n|t:|1699398521\n|switch|p2a: fuckin honse|Palkia-Origin|100\/100|[from] U-turn\n|-ability|p2a: fuckin honse|Pressure\n|move|p1a: Arceus|Calm Mind|p1a: Arceus\n|-boost|p1a: Arceus|spa|1\n|-boost|p1a: Arceus|spd|1\n|\n|-weather|none\n|upkeep\n|turn|9\n|\n|t:|1699398526\n|move|p2a: fuckin honse|Hydro Pump|p1a: Arceus|[miss]\n|-miss|p2a: fuckin honse|p1a: Arceus\n|move|p1a: Arceus|Dazzling Gleam|p2a: fuckin honse\n|-supereffective|p2a: fuckin honse\n|-damage|p2a: fuckin honse|25\/100\n|\n|upkeep\n|turn|10\n|c|\u2606Bestmaindragonite|Ah\n|\n|t:|1699398539\n|move|p2a: fuckin honse|Hydro Pump|p1a: Arceus\n|-damage|p1a: Arceus|45\/100\n|move|p1a: Arceus|Giga Drain|p2a: fuckin honse\n|-damage|p2a: fuckin honse|0 fnt\n|-heal|p1a: Arceus|54\/100|[from] drain|[of] p2a: fuckin honse\n|faint|p2a: fuckin honse\n|\n|upkeep\n|\n|t:|1699398551\n|switch|p2a: touch grass?|Arceus-Grass|100\/100\n|turn|11\n|\n|t:|1699398556\n|move|p2a: touch grass?|Judgment|p1a: Arceus\n|-damage|p1a: Arceus|31\/100\n|move|p1a: Arceus|Judgment|p2a: touch grass?\n|-damage|p2a: touch grass?|32\/100\n|\n|upkeep\n|turn|12\n|\n|t:|1699398564\n|move|p2a: touch grass?|Recover|p2a: touch grass?\n|-heal|p2a: touch grass?|82\/100\n|move|p1a: Arceus|Judgment|p2a: touch grass?\n|-damage|p2a: touch grass?|22\/100\n|\n|upkeep\n|turn|13\n|\n|t:|1699398567\n|move|p2a: touch grass?|Judgment|p1a: Arceus\n|-damage|p1a: Arceus|8\/100\n|move|p1a: Arceus|Judgment|p2a: touch grass?\n|-damage|p2a: touch grass?|0 fnt\n|faint|p2a: touch grass?\n|\n|upkeep\n|\n|t:|1699398571\n|switch|p2a: dad (with belt)|Landorus, M|32\/100\n|turn|14\n|\n|t:|1699398575\n|move|p2a: dad (with belt)|Sludge Bomb|p1a: Arceus\n|-resisted|p1a: Arceus\n|-damage|p1a: Arceus|0 fnt\n|faint|p1a: Arceus\n|\n|upkeep\n|\n|t:|1699398581\n|switch|p1a: Donphan|Donphan, F|100\/100\n|turn|15\n|\n|t:|1699398585\n|move|p1a: Donphan|Ice Shard|p2a: dad (with belt)\n|-supereffective|p2a: dad (with belt)\n|-damage|p2a: dad (with belt)|0 fnt\n|faint|p2a: dad (with belt)\n|\n|upkeep\n|\n|t:|1699398587\n|switch|p2a: shockzwei|Zapdos|100\/100\n|turn|16\n|\n|t:|1699398593\n|move|p2a: shockzwei|Hurricane|p1a: Donphan\n|-damage|p1a: Donphan|14\/100\n|-start|p1a: Donphan|confusion\n|-activate|p1a: Donphan|confusion\n|-damage|p1a: Donphan|2\/100|[from] confusion\n|\n|upkeep\n|turn|17\n|l|\u2606AlicieLizzie\n|inactive|AlicieLizzie disconnected and has 300 seconds to reconnect!\n|player|p2|\n|c|\u2606Bestmaindragonite|Noooo\n|c|\u2606Bestmaindragonite|My endeavor\n|j|\u2606AlicieLizzie\n|inactive|AlicieLizzie reconnected and has 300 seconds left.\n|player|p2|AlicieLizzie|marnie-masters3\n|\n|t:|1699398612\n|-end|p1a: Donphan|confusion\n|move|p1a: Donphan|Ice Shard|p2a: shockzwei\n|-supereffective|p2a: shockzwei\n|-damage|p2a: shockzwei|69\/100\n|move|p2a: shockzwei|Hurricane|p1a: Donphan|[miss]\n|-miss|p2a: shockzwei|p1a: Donphan\n|\n|upkeep\n|turn|18\n|\n|t:|1699398618\n|move|p1a: Donphan|Ice Shard|p2a: shockzwei\n|-supereffective|p2a: shockzwei\n|-damage|p2a: shockzwei|41\/100\n|move|p2a: shockzwei|Hurricane|p1a: Donphan\n|-damage|p1a: Donphan|0 fnt\n|faint|p1a: Donphan\n|\n|upkeep\n|\n|t:|1699398623\n|switch|p1a: Magearna|Magearna, tera:Fairy|66\/100\n|turn|19\n|\n|t:|1699398625\n|move|p2a: shockzwei|Roost|p2a: shockzwei\n|-heal|p2a: shockzwei|91\/100\n|-singleturn|p2a: shockzwei|move: Roost\n|move|p1a: Magearna|Draining Kiss|p2a: shockzwei\n|-damage|p2a: shockzwei|47\/100\n|-heal|p1a: Magearna|99\/100|[from] drain|[of] p2a: shockzwei\n|\n|-heal|p1a: Magearna|100\/100|[from] item: Leftovers\n|upkeep\n|turn|20\n|\n|t:|1699398628\n|move|p2a: shockzwei|Roost|p2a: shockzwei\n|-heal|p2a: shockzwei|97\/100\n|-singleturn|p2a: shockzwei|move: Roost\n|move|p1a: Magearna|Fleur Cannon|p2a: shockzwei|[miss]\n|-miss|p1a: Magearna|p2a: shockzwei\n|\n|upkeep\n|turn|21\n|\n|t:|1699398632\n|move|p2a: shockzwei|Hurricane|p1a: Magearna\n|-damage|p1a: Magearna|47\/100\n|move|p1a: Magearna|Fleur Cannon|p2a: shockzwei\n|-damage|p2a: shockzwei|9\/100\n|-unboost|p1a: Magearna|spa|2\n|\n|-heal|p1a: Magearna|54\/100|[from] item: Leftovers\n|upkeep\n|turn|22\n|\n|t:|1699398641\n|switch|p1a: Baxcalibur|Baxcalibur, F|100\/100\n|move|p2a: shockzwei|Roost|p2a: shockzwei\n|-heal|p2a: shockzwei|59\/100\n|-singleturn|p2a: shockzwei|move: Roost\n|\n|upkeep\n|turn|23\n|\n|t:|1699398648\n|-terastallize|p2a: shockzwei|Water\n|move|p1a: Baxcalibur|Ice Shard|p2a: shockzwei\n|-resisted|p2a: shockzwei\n|-damage|p2a: shockzwei|40\/100\n|move|p2a: shockzwei|Roost|p2a: shockzwei\n|-heal|p2a: shockzwei|91\/100\n|\n|upkeep\n|turn|24\n|\n|t:|1699398658\n|switch|p1a: Chi-Yu|Chi-Yu|100\/100\n|-ability|p1a: Chi-Yu|Beads of Ruin\n|move|p2a: shockzwei|Hurricane|p1a: Chi-Yu\n|-damage|p1a: Chi-Yu|25\/100\n|-start|p1a: Chi-Yu|confusion\n|\n|upkeep\n|turn|25\n|\n|t:|1699398661\n|switch|p1a: Baxcalibur|Baxcalibur, F|100\/100\n|move|p2a: shockzwei|Hurricane|p1a: Baxcalibur|[miss]\n|-miss|p2a: shockzwei|p1a: Baxcalibur\n|\n|upkeep\n|turn|26\n|\n|t:|1699398667\n|move|p1a: Baxcalibur|Glaive Rush|p2a: shockzwei\n|-damage|p2a: shockzwei|0 fnt\n|-singlemove|p1a: Baxcalibur|Glaive Rush|[silent]\n|-status|p1a: Baxcalibur|par|[from] ability: Static|[of] p2a: shockzwei\n|faint|p2a: shockzwei\n|\n|win|Bestmaindragonite\n","uploadtime":1699398671,"views":17,"p1id":"bestmaindragonite","p2id":"alicielizzie","formatid":"gen9ubers","rating":0,"private":0,"password":""}