{"id":"gen9ubers-1994006276","p1":"Great_Eon","p2":"Besama","format":"[Gen 9] Ubers","log":"|j|\u2606Great_Eon\n|j|\u2606Besama\n|t:|1700392258\n|gametype|singles\n|player|p1|Great_Eon|unknown|\n|player|p2|Besama|hilda|\n|teamsize|p1|6\n|teamsize|p2|6\n|gen|9\n|tier|[Gen 9] Ubers\n|rule|Sleep Clause Mod: Limit one foe put to sleep\n|rule|Species Clause: Limit one of each Pok\u00e9mon\n|rule|OHKO Clause: OHKO moves are banned\n|rule|Evasion Items Clause: Evasion items are banned\n|rule|Evasion Moves Clause: Evasion moves are banned\n|rule|Endless Battle Clause: Forcing endless battles is banned\n|rule|HP Percentage Mod: HP is shown in percentages\n|clearpoke\n|poke|p1|Kleavor, M|\n|poke|p1|Skeledirge, M|\n|poke|p1|Bellibolt, F|\n|poke|p1|Arboliva, F|\n|poke|p1|Overqwil, F|\n|poke|p1|Mismagius, M|\n|poke|p2|Decidueye, F|\n|poke|p2|Delphox, M|\n|poke|p2|Dragalge, M|\n|poke|p2|Dondozo, F|\n|poke|p2|Mamoswine, M|\n|poke|p2|Tsareena, F|\n|teampreview\n|\n|t:|1700392305\n|start\n|switch|p1a: Kleavor|Kleavor, M|100\/100\n|switch|p2a: Dragalge|Dragalge, M|100\/100\n|turn|1\n|\n|t:|1700392320\n|move|p1a: Kleavor|Stone Axe|p2a: Dragalge\n|-damage|p2a: Dragalge|35\/100\n|-damage|p1a: Kleavor|84\/100|[from] item: Rocky Helmet|[of] p2a: Dragalge\n|-status|p1a: Kleavor|psn|[from] ability: Poison Point|[of] p2a: Dragalge\n|-sidestart|p2: Besama|move: Stealth Rock\n|move|p2a: Dragalge|Substitute|p2a: Dragalge\n|-start|p2a: Dragalge|Substitute\n|-damage|p2a: Dragalge|10\/100\n|\n|-damage|p1a: Kleavor|72\/100 psn|[from] psn\n|upkeep\n|turn|2\n|j| balutalol\n|j| gosensia\n|\n|t:|1700392342\n|move|p1a: Kleavor|X-Scissor|p2a: Dragalge\n|-resisted|p2a: Dragalge\n|-end|p2a: Dragalge|Substitute\n|move|p2a: Dragalge|Toxic Spikes|p1a: Kleavor\n|-sidestart|p1: Great_Eon|move: Toxic Spikes\n|\n|-damage|p1a: Kleavor|59\/100 psn|[from] psn\n|upkeep\n|turn|3\n|\n|t:|1700392374\n|move|p1a: Kleavor|Stone Axe|p2a: Dragalge\n|-damage|p2a: Dragalge|0 fnt\n|-damage|p1a: Kleavor|43\/100 psn|[from] item: Rocky Helmet|[of] p2a: Dragalge\n|faint|p2a: Dragalge\n|\n|-damage|p1a: Kleavor|30\/100 psn|[from] psn\n|upkeep\n|\n|t:|1700392389\n|switch|p2a: Mamoswine|Mamoswine, M|100\/100\n|-damage|p2a: Mamoswine|88\/100|[from] Stealth Rock\n|turn|4\n|\n|t:|1700392399\n|move|p2a: Mamoswine|Ice Shard|p1a: Kleavor\n|-damage|p1a: Kleavor|0 fnt\n|faint|p1a: Kleavor\n|-damage|p2a: Mamoswine|78\/100|[from] item: Life Orb\n|\n|upkeep\n|\n|t:|1700392408\n|switch|p1a: Arboliva|Arboliva, F|100\/100\n|-status|p1a: Arboliva|psn\n|turn|5\n|\n|t:|1700392420\n|-terastallize|p1a: Arboliva|Steel\n|move|p2a: Mamoswine|Ice Shard|p1a: Arboliva\n|-resisted|p1a: Arboliva\n|-damage|p1a: Arboliva|90\/100 psn\n|-fieldstart|move: Grassy Terrain|[from] ability: Seed Sower|[of] p1a: Arboliva\n|-damage|p2a: Mamoswine|68\/100|[from] item: Life Orb\n|move|p1a: Arboliva|Leech Seed|p2a: Mamoswine\n|-start|p2a: Mamoswine|move: Leech Seed\n|\n|-heal|p2a: Mamoswine|74\/100|[from] Grassy Terrain\n|-heal|p1a: Arboliva|96\/100 psn|[from] Grassy Terrain\n|-heal|p1a: Arboliva|100\/100 psn|[from] item: Leftovers\n|-damage|p2a: Mamoswine|62\/100|[from] Leech Seed|[of] p1a: Arboliva\n|-damage|p1a: Arboliva|88\/100 psn|[from] psn\n|upkeep\n|turn|6\n|\n|t:|1700392441\n|move|p2a: Mamoswine|Earthquake|p1a: Arboliva\n|-supereffective|p1a: Arboliva\n|-damage|p1a: Arboliva|29\/100 psn\n|-damage|p2a: Mamoswine|52\/100|[from] item: Life Orb\n|move|p1a: Arboliva|Giga Drain|p2a: Mamoswine\n|-supereffective|p2a: Mamoswine\n|-damage|p2a: Mamoswine|0 fnt\n|-heal|p1a: Arboliva|55\/100 psn|[from] drain|[of] p2a: Mamoswine\n|faint|p2a: Mamoswine\n|\n|-heal|p1a: Arboliva|61\/100 psn|[from] Grassy Terrain\n|-heal|p1a: Arboliva|67\/100 psn|[from] item: Leftovers\n|-damage|p1a: Arboliva|54\/100 psn|[from] psn\n|upkeep\n|\n|t:|1700392461\n|switch|p2a: Delphox|Delphox, M|100\/100\n|-damage|p2a: Delphox|76\/100|[from] Stealth Rock\n|turn|7\n|\n|t:|1700392498\n|switch|p1a: Mismagius|Mismagius, M|100\/100\n|move|p2a: Delphox|Mystical Fire|p1a: Mismagius\n|-damage|p1a: Mismagius|66\/100\n|-unboost|p1a: Mismagius|spa|1\n|\n|-heal|p2a: Delphox|82\/100|[from] Grassy Terrain\n|-heal|p2a: Delphox|88\/100|[from] item: Leftovers\n|upkeep\n|turn|8\n|j| Zapatillazo34\n|\n|t:|1700392517\n|switch|p2a: Decidueye|Decidueye, F, shiny|100\/100\n|-damage|p2a: Decidueye|88\/100|[from] Stealth Rock\n|move|p1a: Mismagius|Shadow Ball|p2a: Decidueye\n|-supereffective|p2a: Decidueye\n|-damage|p2a: Decidueye|50\/100\n|\n|-heal|p2a: Decidueye|56\/100|[from] Grassy Terrain\n|upkeep\n|turn|9\n|c| balutalol|ola\n|c| Zapatillazo34|Ola\n|c| gosensia|ola\n|\n|t:|1700392544\n|move|p1a: Mismagius|Shadow Ball|p2a: Decidueye\n|-supereffective|p2a: Decidueye\n|-damage|p2a: Decidueye|17\/100\n|move|p2a: Decidueye|Roost|p2a: Decidueye\n|-heal|p2a: Decidueye|67\/100\n|-singleturn|p2a: Decidueye|move: Roost\n|\n|-heal|p2a: Decidueye|73\/100|[from] Grassy Terrain\n|-fieldend|move: Grassy Terrain\n|upkeep\n|turn|10\n|\n|t:|1700392556\n|switch|p1a: Overqwil|Overqwil, F|100\/100\n|-sideend|p1: Great_Eon|move: Toxic Spikes|[of] p1a: Overqwil\n|-ability|p1a: Overqwil|Intimidate|boost\n|-unboost|p2a: Decidueye|atk|1\n|move|p2a: Decidueye|Shadow Ball|p1a: Overqwil\n|-resisted|p1a: Overqwil\n|-damage|p1a: Overqwil|80\/100\n|\n|-heal|p1a: Overqwil|86\/100|[from] item: Leftovers\n|upkeep\n|turn|11\n|\n|t:|1700392573\n|move|p1a: Overqwil|Swords Dance|p1a: Overqwil\n|-boost|p1a: Overqwil|atk|2\n|move|p2a: Decidueye|U-turn|p1a: Overqwil\n|-damage|p1a: Overqwil|75\/100\n|\n|t:|1700392585\n|switch|p2a: Dondozo|Dondozo, F|100\/100|[from] U-turn\n|-damage|p2a: Dondozo|88\/100|[from] Stealth Rock\n|\n|-heal|p1a: Overqwil|81\/100|[from] item: Leftovers\n|-heal|p2a: Dondozo|94\/100|[from] item: Leftovers\n|upkeep\n|turn|12\n|\n|t:|1700392596\n|move|p1a: Overqwil|Gunk Shot|p2a: Dondozo\n|-damage|p2a: Dondozo|62\/100\n|move|p2a: Dondozo|Body Slam|p1a: Overqwil\n|-damage|p1a: Overqwil|52\/100\n|-status|p1a: Overqwil|par\n|\n|-heal|p1a: Overqwil|58\/100 par|[from] item: Leftovers\n|-heal|p2a: Dondozo|68\/100|[from] item: Leftovers\n|upkeep\n|turn|13\n|\n|t:|1700392608\n|move|p1a: Overqwil|Gunk Shot|p2a: Dondozo\n|-damage|p2a: Dondozo|35\/100\n|move|p2a: Dondozo|Waterfall|p1a: Overqwil\n|-damage|p1a: Overqwil|15\/100 par\n|\n|-heal|p1a: Overqwil|21\/100 par|[from] item: Leftovers\n|-heal|p2a: Dondozo|41\/100|[from] item: Leftovers\n|upkeep\n|turn|14\n|\n|t:|1700392639\n|move|p1a: Overqwil|Gunk Shot|p2a: Dondozo\n|-damage|p2a: Dondozo|7\/100\n|-status|p2a: Dondozo|psn\n|move|p2a: Dondozo|Rest|p2a: Dondozo\n|-status|p2a: Dondozo|slp|[from] move: Rest\n|-heal|p2a: Dondozo|100\/100 slp|[silent]\n|\n|-heal|p1a: Overqwil|28\/100 par|[from] item: Leftovers\n|upkeep\n|turn|15\n|\n|t:|1700392655\n|switch|p1a: Bellibolt|Bellibolt, F|100\/100\n|cant|p2a: Dondozo|slp\n|move|p2a: Dondozo|Sleep Talk|p2a: Dondozo\n|move|p2a: Dondozo|Rest||[from]move: Sleep Talk|[still]\n|-fail|p2a: Dondozo\n|\n|upkeep\n|turn|16\n|\n|t:|1700392676\n|move|p1a: Bellibolt|Charge Beam|p2a: Dondozo\n|-supereffective|p2a: Dondozo\n|-damage|p2a: Dondozo|67\/100 slp\n|-boost|p1a: Bellibolt|spa|1\n|cant|p2a: Dondozo|slp\n|move|p2a: Dondozo|Sleep Talk|p2a: Dondozo\n|move|p2a: Dondozo|Waterfall|p1a: Bellibolt|[from]move: Sleep Talk\n|-damage|p1a: Bellibolt|71\/100\n|-start|p1a: Bellibolt|Charge|Waterfall|[from] ability: Electromorphosis\n|\n|-heal|p2a: Dondozo|74\/100 slp|[from] item: Leftovers\n|upkeep\n|turn|17\n|\n|t:|1700392688\n|move|p1a: Bellibolt|Parabolic Charge|p2a: Dondozo\n|-supereffective|p2a: Dondozo\n|-damage|p2a: Dondozo|0 fnt\n|-heal|p1a: Bellibolt|100\/100|[from] drain|[of] p2a: Dondozo\n|faint|p2a: Dondozo\n|-end|p1a: Bellibolt|Charge|[silent]\n|\n|upkeep\n|\n|t:|1700392709\n|switch|p2a: Tsareena|Tsareena, F|100\/100\n|-damage|p2a: Tsareena|88\/100|[from] Stealth Rock\n|turn|18\n|\n|t:|1700392728\n|move|p2a: Tsareena|Rapid Spin|p1a: Bellibolt\n|-damage|p1a: Bellibolt|80\/100\n|-boost|p2a: Tsareena|spe|1\n|-start|p1a: Bellibolt|Charge|Rapid Spin|[from] ability: Electromorphosis\n|-sideend|p2: Besama|Stealth Rock|[from] move: Rapid Spin|[of] p2a: Tsareena\n|-damage|p2a: Tsareena|78\/100|[from] item: Life Orb\n|move|p1a: Bellibolt|Eerie Impulse|p2a: Tsareena\n|-unboost|p2a: Tsareena|spa|2\n|-end|p1a: Bellibolt|Charge|[silent]\n|\n|upkeep\n|turn|19\n|c| Zapatillazo34|Est\u00e1 bastante igualado\n|\n|t:|1700392755\n|switch|p1a: Skeledirge|Skeledirge, M|100\/100\n|move|p2a: Tsareena|Power Whip|p1a: Skeledirge\n|-resisted|p1a: Skeledirge\n|-damage|p1a: Skeledirge|74\/100\n|-damage|p2a: Tsareena|69\/100|[from] item: Life Orb\n|\n|-heal|p1a: Skeledirge|80\/100|[from] item: Leftovers\n|upkeep\n|turn|20\n|\n|t:|1700392767\n|move|p2a: Tsareena|Low Kick|p1a: Skeledirge\n|-immune|p1a: Skeledirge\n|move|p1a: Skeledirge|Will-O-Wisp|p2a: Tsareena\n|-status|p2a: Tsareena|brn\n|\n|-heal|p1a: Skeledirge|86\/100|[from] item: Leftovers\n|-damage|p2a: Tsareena|63\/100 brn|[from] brn\n|upkeep\n|turn|21\n|\n|t:|1700392787\n|move|p2a: Tsareena|Rapid Spin|p1a: Skeledirge\n|-immune|p1a: Skeledirge\n|move|p1a: Skeledirge|Will-O-Wisp|p2a: Tsareena\n|-fail|p2a: Tsareena|brn\n|\n|-heal|p1a: Skeledirge|92\/100|[from] item: Leftovers\n|-damage|p2a: Tsareena|57\/100 brn|[from] brn\n|upkeep\n|turn|22\n|\n|t:|1700392798\n|switch|p2a: Delphox|Delphox, M|88\/100\n|move|p1a: Skeledirge|Torch Song|p2a: Delphox\n|-resisted|p2a: Delphox\n|-damage|p2a: Delphox|74\/100\n|-boost|p1a: Skeledirge|spa|1\n|\n|-heal|p2a: Delphox|80\/100|[from] item: Leftovers\n|-heal|p1a: Skeledirge|98\/100|[from] item: Leftovers\n|upkeep\n|turn|23\n|\n|t:|1700392812\n|move|p2a: Delphox|Future Sight|p1a: Skeledirge\n|-start|p2a: Delphox|move: Future Sight\n|move|p1a: Skeledirge|Hex|p2a: Delphox\n|-supereffective|p2a: Delphox\n|-damage|p2a: Delphox|15\/100\n|\n|-heal|p2a: Delphox|21\/100|[from] item: Leftovers\n|-heal|p1a: Skeledirge|100\/100|[from] item: Leftovers\n|upkeep\n|turn|24\n|\n|t:|1700392822\n|move|p2a: Delphox|Protect|p2a: Delphox\n|-singleturn|p2a: Delphox|Protect\n|move|p1a: Skeledirge|Hex|p2a: Delphox\n|-activate|p2a: Delphox|move: Protect\n|\n|-heal|p2a: Delphox|27\/100|[from] item: Leftovers\n|upkeep\n|turn|25\n|\n|t:|1700392838\n|move|p2a: Delphox|Wish|p2a: Delphox\n|move|p1a: Skeledirge|Hex|p2a: Delphox\n|-supereffective|p2a: Delphox\n|-damage|p2a: Delphox|0 fnt\n|faint|p2a: Delphox\n|\n|-end|p1a: Skeledirge|move: Future Sight\n|-damage|p1a: Skeledirge|48\/100\n|-heal|p1a: Skeledirge|54\/100|[from] item: Leftovers\n|upkeep\n|\n|t:|1700392848\n|switch|p2a: Decidueye|Decidueye, F, shiny|73\/100\n|turn|26\n|\n|t:|1700392854\n|-terastallize|p2a: Decidueye|Ghost\n|move|p2a: Decidueye|Shadow Ball|p1a: Skeledirge\n|-supereffective|p1a: Skeledirge\n|-damage|p1a: Skeledirge|0 fnt\n|faint|p1a: Skeledirge\n|\n|-heal|p2a: Decidueye|100\/100|[from] move: Wish|[wisher] Delphox\n|upkeep\n|\n|t:|1700392870\n|switch|p1a: Overqwil|Overqwil, F|28\/100 par\n|-ability|p1a: Overqwil|Intimidate|boost\n|-unboost|p2a: Decidueye|atk|1\n|turn|27\n|\n|t:|1700392883\n|move|p2a: Decidueye|U-turn|p1a: Overqwil\n|-crit|p1a: Overqwil\n|-damage|p1a: Overqwil|0 fnt\n|faint|p1a: Overqwil\n|\n|t:|1700392888\n|switch|p2a: Tsareena|Tsareena, F|57\/100 brn|[from] U-turn\n|\n|-damage|p2a: Tsareena|51\/100 brn|[from] brn\n|upkeep\n|\n|t:|1700392894\n|switch|p1a: Arboliva|Arboliva, F, tera:Steel|54\/100 psn\n|turn|28\n|\n|t:|1700392904\n|move|p2a: Tsareena|Low Kick|p1a: Arboliva\n|-supereffective|p1a: Arboliva\n|-damage|p1a: Arboliva|33\/100 psn\n|-fieldstart|move: Grassy Terrain|[from] ability: Seed Sower|[of] p1a: Arboliva\n|-damage|p2a: Tsareena|41\/100 brn|[from] item: Life Orb\n|move|p1a: Arboliva|Leech Seed|p2a: Tsareena\n|-immune|p2a: Tsareena\n|\n|-heal|p2a: Tsareena|47\/100 brn|[from] Grassy Terrain\n|-heal|p1a: Arboliva|39\/100 psn|[from] Grassy Terrain\n|-heal|p1a: Arboliva|45\/100 psn|[from] item: Leftovers\n|-damage|p1a: Arboliva|33\/100 psn|[from] psn\n|-damage|p2a: Tsareena|41\/100 brn|[from] brn\n|upkeep\n|turn|29\n|\n|t:|1700392927\n|move|p2a: Tsareena|Synthesis|p2a: Tsareena\n|-heal|p2a: Tsareena|91\/100 brn\n|move|p1a: Arboliva|Giga Drain|p2a: Tsareena\n|-resisted|p2a: Tsareena\n|-damage|p2a: Tsareena|64\/100 brn\n|-heal|p1a: Arboliva|43\/100 psn|[from] drain|[of] p2a: Tsareena\n|\n|-heal|p2a: Tsareena|70\/100 brn|[from] Grassy Terrain\n|-heal|p1a: Arboliva|49\/100 psn|[from] Grassy Terrain\n|-heal|p1a: Arboliva|56\/100 psn|[from] item: Leftovers\n|-damage|p1a: Arboliva|43\/100 psn|[from] psn\n|-damage|p2a: Tsareena|64\/100 brn|[from] brn\n|upkeep\n|turn|30\n|\n|t:|1700392952\n|move|p2a: Tsareena|Low Kick|p1a: Arboliva\n|-supereffective|p1a: Arboliva\n|-damage|p1a: Arboliva|24\/100 psn\n|-damage|p2a: Tsareena|55\/100 brn|[from] item: Life Orb\n|move|p1a: Arboliva|Giga Drain|p2a: Tsareena\n|-resisted|p2a: Tsareena\n|-damage|p2a: Tsareena|31\/100 brn\n|-heal|p1a: Arboliva|33\/100 psn|[from] drain|[of] p2a: Tsareena\n|\n|-heal|p2a: Tsareena|37\/100 brn|[from] Grassy Terrain\n|-heal|p1a: Arboliva|39\/100 psn|[from] Grassy Terrain\n|-heal|p1a: Arboliva|45\/100 psn|[from] item: Leftovers\n|-damage|p1a: Arboliva|33\/100 psn|[from] psn\n|-damage|p2a: Tsareena|31\/100 brn|[from] brn\n|upkeep\n|turn|31\n|\n|t:|1700392967\n|switch|p1a: Bellibolt|Bellibolt, F|80\/100\n|move|p2a: Tsareena|Synthesis|p2a: Tsareena\n|-heal|p2a: Tsareena|80\/100 brn\n|\n|-heal|p2a: Tsareena|86\/100 brn|[from] Grassy Terrain\n|-heal|p1a: Bellibolt|86\/100|[from] Grassy Terrain\n|-damage|p2a: Tsareena|80\/100 brn|[from] brn\n|upkeep\n|turn|32\n|\n|t:|1700392995\n|move|p2a: Tsareena|Power Whip|p1a: Bellibolt\n|-damage|p1a: Bellibolt|38\/100\n|-start|p1a: Bellibolt|Charge|Power Whip|[from] ability: Electromorphosis\n|-damage|p2a: Tsareena|71\/100 brn|[from] item: Life Orb\n|move|p1a: Bellibolt|Charge Beam|p2a: Tsareena\n|-resisted|p2a: Tsareena\n|-damage|p2a: Tsareena|48\/100 brn\n|-boost|p1a: Bellibolt|spa|1\n|-end|p1a: Bellibolt|Charge|[silent]\n|\n|-heal|p2a: Tsareena|54\/100 brn|[from] Grassy Terrain\n|-heal|p1a: Bellibolt|44\/100|[from] Grassy Terrain\n|-damage|p2a: Tsareena|48\/100 brn|[from] brn\n|-fieldend|move: Grassy Terrain\n|upkeep\n|turn|33\n|\n|t:|1700393010\n|move|p2a: Tsareena|Power Whip|p1a: Bellibolt\n|-damage|p1a: Bellibolt|8\/100\n|-start|p1a: Bellibolt|Charge|Power Whip|[from] ability: Electromorphosis\n|-damage|p2a: Tsareena|38\/100 brn|[from] item: Life Orb\n|move|p1a: Bellibolt|Parabolic Charge|p2a: Tsareena\n|-resisted|p2a: Tsareena\n|-damage|p2a: Tsareena|0 fnt\n|-heal|p1a: Bellibolt|21\/100|[from] drain|[of] p2a: Tsareena\n|faint|p2a: Tsareena\n|-end|p1a: Bellibolt|Charge|[silent]\n|\n|upkeep\n|\n|t:|1700393021\n|switch|p2a: Decidueye|Decidueye, F, shiny, tera:Ghost|100\/100\n|turn|34\n|\n|t:|1700393040\n|move|p2a: Decidueye|Shadow Ball|p1a: Bellibolt\n|-damage|p1a: Bellibolt|0 fnt\n|faint|p1a: Bellibolt\n|\n|upkeep\n|\n|t:|1700393046\n|switch|p1a: Mismagius|Mismagius, M|66\/100\n|turn|35\n|\n|t:|1700393063\n|move|p1a: Mismagius|Shadow Ball|p2a: Decidueye\n|-supereffective|p2a: Decidueye\n|-damage|p2a: Decidueye|50\/100\n|move|p2a: Decidueye|Shadow Ball|p1a: Mismagius\n|-supereffective|p1a: Mismagius\n|-damage|p1a: Mismagius|0 fnt\n|faint|p1a: Mismagius\n|\n|upkeep\n|\n|t:|1700393070\n|switch|p1a: Arboliva|Arboliva, F, tera:Steel|33\/100 psn\n|turn|36\n|c| balutalol|no way gg\n|c| gosensia|gg\n|\n|t:|1700393083\n|move|p2a: Decidueye|Roost|p2a: Decidueye\n|-heal|p2a: Decidueye|99\/100\n|move|p1a: Arboliva|Giga Drain|p2a: Decidueye\n|-damage|p2a: Decidueye|75\/100\n|-heal|p1a: Arboliva|45\/100 psn|[from] drain|[of] p2a: Decidueye\n|\n|-heal|p1a: Arboliva|52\/100 psn|[from] item: Leftovers\n|-damage|p1a: Arboliva|39\/100 psn|[from] psn\n|upkeep\n|turn|37\n|\n|t:|1700393101\n|move|p2a: Decidueye|Shadow Ball|p1a: Arboliva\n|-damage|p1a: Arboliva|6\/100 psn\n|-fieldstart|move: Grassy Terrain|[from] ability: Seed Sower|[of] p1a: Arboliva\n|move|p1a: Arboliva|Giga Drain|p2a: Decidueye\n|-damage|p2a: Decidueye|45\/100\n|-heal|p1a: Arboliva|20\/100 psn|[from] drain|[of] p2a: Decidueye\n|\n|-heal|p2a: Decidueye|51\/100|[from] Grassy Terrain\n|-heal|p1a: Arboliva|27\/100 psn|[from] Grassy Terrain\n|-heal|p1a: Arboliva|33\/100 psn|[from] item: Leftovers\n|-damage|p1a: Arboliva|20\/100 psn|[from] psn\n|upkeep\n|turn|38\n|\n|t:|1700393119\n|move|p2a: Decidueye|Shadow Ball|p1a: Arboliva\n|-damage|p1a: Arboliva|0 fnt\n|faint|p1a: Arboliva\n|\n|win|Besama\n|c| balutalol|gg\n|c| Zapatillazo34|Gg\n|c|\u2606Great_Eon|GG\n|c| gosensia|gg\n|l| gosensia\n|l| Zapatillazo34\n|c|\u2606Besama|impresionante remontada damas y caballeros\n","uploadtime":1700393153,"views":36,"p1id":"greateon","p2id":"besama","formatid":"gen9ubers","rating":0,"private":0,"password":""}