{"id":"gen9ubers-1984070704","p1":"mynameispaimon","p2":"misterbaggymiste","format":"[Gen 9] Ubers","log":"|j|\u2606mynameispaimon\n|j|\u2606misterbaggymiste\n|t:|1699215645\n|gametype|singles\n|player|p1|mynameispaimon|giovanni|1130\n|player|p2|misterbaggymiste|1|1087\n|teamsize|p1|6\n|teamsize|p2|6\n|gen|9\n|tier|[Gen 9] Ubers\n|rated|\n|rule|Sleep Clause Mod: Limit one foe put to sleep\n|rule|Species Clause: Limit one of each Pok\u00e9mon\n|rule|OHKO Clause: OHKO moves are banned\n|rule|Evasion Items Clause: Evasion items are banned\n|rule|Evasion Moves Clause: Evasion moves are banned\n|rule|Endless Battle Clause: Forcing endless battles is banned\n|rule|HP Percentage Mod: HP is shown in percentages\n|clearpoke\n|poke|p1|Zacian-*|\n|poke|p1|Zamazenta-*|\n|poke|p1|Eternatus|\n|poke|p1|Calyrex-Ice|\n|poke|p1|Miraidon|\n|poke|p1|Koraidon|\n|poke|p2|Kyogre|\n|poke|p2|Zacian-*|\n|poke|p2|Spectrier|\n|poke|p2|Regieleki|\n|poke|p2|Landorus-Therian, M|\n|poke|p2|Koraidon|\n|teampreview\n|inactive|Battle timer is ON: inactive players will automatically lose when time's up. (requested by mynameispaimon)\n|c|\u2606mynameispaimon|hi\n|\n|t:|1699215671\n|start\n|switch|p1a: Zacian|Zacian-Crowned|100\/100\n|switch|p2a: Landorus|Landorus-Therian, M|100\/100\n|-ability|p1a: Zacian|Intrepid Sword|boost\n|-boost|p1a: Zacian|atk|1\n|-ability|p2a: Landorus|Intimidate|boost\n|-unboost|p1a: Zacian|atk|1\n|turn|1\n|\n|t:|1699215699\n|switch|p1a: Calyrex|Calyrex-Ice|100\/100\n|-ability|p1a: Calyrex|As One\n|-ability|p1a: Calyrex|Unnerve\n|move|p2a: Landorus|Earthquake|p1a: Calyrex\n|-damage|p1a: Calyrex|64\/100\n|\n|upkeep\n|turn|2\n|\n|t:|1699215720\n|move|p2a: Landorus|Stealth Rock|p1a: Calyrex\n|-sidestart|p1: mynameispaimon|move: Stealth Rock\n|move|p1a: Calyrex|Swords Dance|p1a: Calyrex\n|-boost|p1a: Calyrex|atk|2\n|\n|upkeep\n|turn|3\n|\n|t:|1699215731\n|move|p2a: Landorus|Earthquake|p1a: Calyrex\n|-damage|p1a: Calyrex|28\/100\n|move|p1a: Calyrex|Trick Room|p1a: Calyrex\n|-fieldstart|move: Trick Room|[of] p1a: Calyrex\n|\n|upkeep\n|turn|4\n|\n|t:|1699215738\n|move|p1a: Calyrex|Glacial Lance|p2a: Landorus\n|-supereffective|p2a: Landorus\n|-damage|p2a: Landorus|0 fnt\n|faint|p2a: Landorus\n|-ability|p1a: Calyrex|Chilling Neigh|boost\n|-boost|p1a: Calyrex|atk|1\n|\n|upkeep\n|\n|t:|1699215744\n|switch|p2a: Regieleki|Regieleki|100\/100\n|turn|5\n|\n|t:|1699215751\n|move|p2a: Regieleki|Extreme Speed|p1a: Calyrex\n|-damage|p1a: Calyrex|18\/100\n|move|p1a: Calyrex|Glacial Lance|p2a: Regieleki\n|-damage|p2a: Regieleki|0 fnt\n|faint|p2a: Regieleki\n|-ability|p1a: Calyrex|Chilling Neigh|boost\n|-boost|p1a: Calyrex|atk|1\n|\n|upkeep\n|\n|t:|1699215760\n|switch|p2a: Kyogre|Kyogre|100\/100\n|-weather|RainDance|[from] ability: Drizzle|[of] p2a: Kyogre\n|turn|6\n|\n|t:|1699215766\n|move|p1a: Calyrex|Glacial Lance|p2a: Kyogre\n|-resisted|p2a: Kyogre\n|-damage|p2a: Kyogre|0 fnt\n|faint|p2a: Kyogre\n|-ability|p1a: Calyrex|Chilling Neigh|boost\n|-boost|p1a: Calyrex|atk|1\n|\n|-weather|RainDance|[upkeep]\n|upkeep\n|\n|t:|1699215777\n|switch|p2a: Zacian|Zacian-Crowned|100\/100\n|-ability|p2a: Zacian|Intrepid Sword|boost\n|-boost|p2a: Zacian|atk|1\n|turn|7\n|\n|t:|1699215786\n|move|p1a: Calyrex|High Horsepower|p2a: Zacian\n|-supereffective|p2a: Zacian\n|-damage|p2a: Zacian|0 fnt\n|faint|p2a: Zacian\n|-ability|p1a: Calyrex|Chilling Neigh|boost\n|-boost|p1a: Calyrex|atk|1\n|\n|-weather|RainDance|[upkeep]\n|-fieldend|move: Trick Room\n|upkeep\n|c|\u2606mynameispaimon|lol\n|\n|t:|1699215806\n|switch|p2a: Koraidon|Koraidon|100\/100\n|-weather|SunnyDay|[from] ability: Orichalcum Pulse|[of] p2a: Koraidon\n|-activate|p2a: Koraidon|Orichalcum Pulse|[source]\n|turn|8\n|-message|misterbaggymiste forfeited.\n|\n|win|mynameispaimon\n|raw|mynameispaimon's rating: 1130 &rarr; <strong>1152<\/strong><br \/>(+22 for winning)\n|raw|misterbaggymiste's rating: 1087 &rarr; <strong>1067<\/strong><br \/>(-20 for losing)\n|l|\u2606misterbaggymiste\n","uploadtime":1699215817,"views":4,"p1id":"mynameispaimon","p2id":"misterbaggymiste","formatid":"gen9ubers","rating":1067,"private":0,"password":""}