{"id":"gen9ubers-1985027083","p1":"Laprasrules12","p2":"Finchely","format":"[Gen 9] Ubers","log":"|j|\u2606Laprasrules12\n|j|\u2606Finchely\n|t:|1699322188\n|gametype|singles\n|player|p1|Laprasrules12|lusamine-nihilego|\n|player|p2|Finchely|acetrainerf|\n|teamsize|p1|6\n|teamsize|p2|6\n|gen|9\n|tier|[Gen 9] Ubers\n|rule|Sleep Clause Mod: Limit one foe put to sleep\n|rule|Species Clause: Limit one of each Pok\u00e9mon\n|rule|OHKO Clause: OHKO moves are banned\n|rule|Evasion Items Clause: Evasion items are banned\n|rule|Evasion Moves Clause: Evasion moves are banned\n|rule|Endless Battle Clause: Forcing endless battles is banned\n|rule|HP Percentage Mod: HP is shown in percentages\n|clearpoke\n|poke|p1|Ninetales-Alola, F|\n|poke|p1|Baxcalibur, M|\n|poke|p1|Magearna-Original|\n|poke|p1|Espathra, F|\n|poke|p1|Chi-Yu|\n|poke|p1|Arceus-Ghost|\n|poke|p2|Slowking-Galar, F|\n|poke|p2|Sneasler, M|\n|poke|p2|Clefable, F|\n|poke|p2|Zamazenta-*|\n|poke|p2|Arceus-Ghost|\n|poke|p2|Blissey, F|\n|teampreview\n|inactive|Battle timer is ON: inactive players will automatically lose when time's up. (requested by Laprasrules12)\n|c|\u2606Finchely|oh no sun team?\n|inactive|Laprasrules12 has 270 seconds left.\n|inactive|Finchely has 270 seconds left.\n|inactive|Laprasrules12 has 240 seconds left.\n|\n|t:|1699322262\n|start\n|switch|p1a: Snowfall|Ninetales-Alola, F, shiny|100\/100\n|switch|p2a: Arceus|Arceus-Ghost|100\/100\n|-weather|Snow|[from] ability: Snow Warning|[of] p1a: Snowfall\n|turn|1\n|j| uubers account\n|c|\u2606Laprasrules12|Wheres yours\n|j| MYDADDOSNTLOVEME\n|inactive|Finchely has 270 seconds left.\n|c| MYDADDOSNTLOVEME|finch has a trash arc ghost set dont worry\n|\n|t:|1699322304\n|switch|p1a: Goldfish|Chi-Yu|100\/100\n|-ability|p1a: Goldfish|Beads of Ruin\n|move|p2a: Arceus|Taunt|p1a: Goldfish\n|-start|p1a: Goldfish|move: Taunt\n|\n|-weather|Snow|[upkeep]\n|upkeep\n|turn|2\n|c|\u2606Laprasrules12|Wtf\n|\n|t:|1699322322\n|switch|p2a: Blissey|Blissey, F|100\/100\n|move|p1a: Goldfish|Flame Charge|p2a: Blissey\n|-damage|p2a: Blissey|74\/100\n|-boost|p1a: Goldfish|spe|1\n|\n|-weather|Snow|[upkeep]\n|upkeep\n|turn|3\n|\n|t:|1699322328\n|move|p1a: Goldfish|Dark Pulse|p2a: Blissey\n|-damage|p2a: Blissey|56\/100\n|move|p2a: Blissey|Seismic Toss|p1a: Goldfish\n|-damage|p1a: Goldfish|63\/100\n|\n|-weather|Snow|[upkeep]\n|-end|p1a: Goldfish|move: Taunt\n|upkeep\n|turn|4\n|inactive|Finchely has 270 seconds left.\n|\n|t:|1699322337\n|switch|p1a: Cleopatra|Espathra, F, shiny|100\/100\n|move|p2a: Blissey|Soft-Boiled|p2a: Blissey\n|-heal|p2a: Blissey|100\/100\n|\n|-weather|Snow|[upkeep]\n|upkeep\n|turn|5\n|\n|t:|1699322343\n|switch|p1a: Man I'm dead|Arceus-Ghost, shiny|100\/100\n|switch|p2a: Clefable|Clefable, F|100\/100\n|\n|-weather|none\n|upkeep\n|turn|6\n|inactive|Finchely has 270 seconds left.\n|\n|t:|1699322373\n|-terastallize|p2a: Clefable|Dark\n|move|p1a: Man I'm dead|Taunt|p2a: Clefable\n|-start|p2a: Clefable|move: Taunt\n|cant|p2a: Clefable|move: Taunt|Calm Mind\n|\n|upkeep\n|turn|7\n|\n|t:|1699322383\n|switch|p1a: Snowfall|Ninetales-Alola, F, shiny|100\/100\n|-weather|Snow|[from] ability: Snow Warning|[of] p1a: Snowfall\n|move|p2a: Clefable|Moonblast|p1a: Snowfall\n|-damage|p1a: Snowfall|69\/100\n|\n|-weather|Snow|[upkeep]\n|upkeep\n|turn|8\n|\n|t:|1699322389\n|switch|p2a: Arceus|Arceus-Ghost|100\/100\n|move|p1a: Snowfall|Aurora Veil|p1a: Snowfall\n|-sidestart|p1: Laprasrules12|move: Aurora Veil\n|\n|-weather|Snow|[upkeep]\n|upkeep\n|turn|9\n|\n|t:|1699322413\n|switch|p1a: Godzilla|Baxcalibur, M, shiny|100\/100\n|move|p2a: Arceus|Calm Mind|p2a: Arceus\n|-boost|p2a: Arceus|spa|1\n|-boost|p2a: Arceus|spd|1\n|\n|-weather|Snow|[upkeep]\n|upkeep\n|turn|10\n|inactive|Finchely has 270 seconds left.\n|inactive|Finchely has 240 seconds left.\n|\n|t:|1699322469\n|switch|p2a: Zamazenta|Zamazenta-Crowned|100\/100\n|-ability|p2a: Zamazenta|Dauntless Shield|boost\n|-boost|p2a: Zamazenta|def|1\n|move|p1a: Godzilla|Dragon Dance|p1a: Godzilla\n|-boost|p1a: Godzilla|atk|1\n|-boost|p1a: Godzilla|spe|1\n|\n|-weather|Snow|[upkeep]\n|upkeep\n|turn|11\n|\n|t:|1699322476\n|move|p1a: Godzilla|Earthquake|p2a: Zamazenta\n|-supereffective|p2a: Zamazenta\n|-damage|p2a: Zamazenta|48\/100\n|move|p2a: Zamazenta|Iron Defense|p2a: Zamazenta\n|-boost|p2a: Zamazenta|def|2\n|\n|-weather|none\n|upkeep\n|turn|12\n|inactive|Finchely has 240 seconds left.\n|\n|t:|1699322495\n|move|p1a: Godzilla|Earthquake|p2a: Zamazenta\n|-supereffective|p2a: Zamazenta\n|-damage|p2a: Zamazenta|19\/100\n|move|p2a: Zamazenta|Body Press|p1a: Godzilla\n|-supereffective|p1a: Godzilla\n|-damage|p1a: Godzilla|1\/100\n|\n|upkeep\n|turn|13\n|c|\u2606Finchely|NOO\n|c| uubers account|f\n|inactive|Finchely has 240 seconds left.\n|\n|t:|1699322506\n|move|p1a: Godzilla|Earthquake|p2a: Zamazenta\n|-supereffective|p2a: Zamazenta\n|-damage|p2a: Zamazenta|0 fnt\n|faint|p2a: Zamazenta\n|\n|upkeep\n|\n|t:|1699322509\n|switch|p2a: Sneasler|Sneasler, M, shiny|100\/100\n|turn|14\n|c|\u2606Laprasrules12|1 fucking hp\n|\n|t:|1699322517\n|move|p2a: Sneasler|U-turn|p1a: Godzilla\n|-damage|p1a: Godzilla|0 fnt\n|faint|p1a: Godzilla\n|c| MYDADDOSNTLOVEME|Espathra is just too good\n|inactive|Finchely has 240 seconds left.\n|\n|t:|1699322545\n|switch|p2a: Clefable|Clefable, F, tera:Dark|100\/100|[from] U-turn\n|\n|upkeep\n|c|\u2606Finchely|wait do i win?\n|\n|t:|1699322556\n|switch|p1a: Goldfish|Chi-Yu|63\/100\n|-ability|p1a: Goldfish|Beads of Ruin\n|turn|15\n|inactive|Finchely has 240 seconds left.\n|c|\u2606Finchely|it's not physical arc\n|\n|t:|1699322585\n|move|p1a: Goldfish|Overheat|p2a: Clefable\n|-damage|p2a: Clefable|32\/100\n|-unboost|p1a: Goldfish|spa|2\n|move|p2a: Clefable|Calm Mind|p2a: Clefable\n|-boost|p2a: Clefable|spa|1\n|-boost|p2a: Clefable|spd|1\n|\n|-heal|p2a: Clefable|38\/100|[from] item: Leftovers\n|-sideend|p1: Laprasrules12|move: Aurora Veil\n|upkeep\n|turn|16\n|\n|t:|1699322592\n|move|p1a: Goldfish|Overheat|p2a: Clefable\n|-damage|p2a: Clefable|0 fnt\n|-unboost|p1a: Goldfish|spa|2\n|faint|p2a: Clefable\n|\n|upkeep\n|c|\u2606Finchely|ah shit\n|c|\u2606Laprasrules12|No\n|\n|t:|1699322608\n|switch|p2a: Arceus|Arceus-Ghost|100\/100\n|turn|17\n|\n|t:|1699322620\n|switch|p1a: Pok\u00e9ball|Magearna-Original|100\/100\n|move|p2a: Arceus|Calm Mind|p2a: Arceus\n|-boost|p2a: Arceus|spa|1\n|-boost|p2a: Arceus|spd|1\n|\n|upkeep\n|turn|18\n|\n|t:|1699322627\n|move|p2a: Arceus|Taunt|p1a: Pok\u00e9ball\n|-start|p1a: Pok\u00e9ball|move: Taunt\n|move|p1a: Pok\u00e9ball|Volt Switch|p2a: Arceus\n|-damage|p2a: Arceus|91\/100\n|\n|t:|1699322631\n|switch|p1a: Man I'm dead|Arceus-Ghost, shiny|100\/100|[from] Volt Switch\n|\n|upkeep\n|turn|19\n|inactive|Finchely has 240 seconds left.\n|c|\u2606Finchely|wait oh yeah\n|c|\u2606Finchely|this is physical arceus\n|c|\u2606Laprasrules12|There ya go\n|c|\u2606Finchely|wait\n|c|\u2606Finchely|lmao\n|inactive|Finchely has 210 seconds left.\n|c|\u2606Finchely|i forgor\n|c|\u2606Finchely|this is the set\n|c|\u2606Finchely|if they tera normal im fucked\n|c| uubers account|XD\n|\n|t:|1699322691\n|switch|p2a: Sneasler|Sneasler, M, shiny|100\/100\n|-terastallize|p1a: Man I'm dead|Normal\n|move|p1a: Man I'm dead|Shadow Claw|p2a: Sneasler\n|-damage|p2a: Sneasler|24\/100\n|\n|upkeep\n|turn|20\n|c|\u2606Finchely|okay yeah lmao\n|c|\u2606Finchely|gg\n|\n|t:|1699322703\n|move|p1a: Man I'm dead|Extreme Speed|p2a: Sneasler\n|-damage|p2a: Sneasler|0 fnt\n|faint|p2a: Sneasler\n|\n|upkeep\n|\n|t:|1699322705\n|switch|p2a: Slowking|Slowking-Galar, F|100\/100\n|turn|21\n|\n|t:|1699322710\n|move|p1a: Man I'm dead|Shadow Claw|p2a: Slowking\n|-supereffective|p2a: Slowking\n|-damage|p2a: Slowking|35\/100\n|move|p2a: Slowking|Sludge Bomb|p1a: Man I'm dead\n|-damage|p1a: Man I'm dead|78\/100\n|-status|p1a: Man I'm dead|psn\n|\n|-heal|p2a: Slowking|41\/100|[from] item: Leftovers\n|-damage|p1a: Man I'm dead|66\/100 psn|[from] psn\n|upkeep\n|turn|22\n|l| MYDADDOSNTLOVEME\n|inactive|Finchely has 210 seconds left.\n|c| uubers account|gg\n|\n|t:|1699322727\n|switch|p2a: Arceus|Arceus-Ghost|91\/100\n|move|p1a: Man I'm dead|Extreme Speed|p2a: Arceus\n|-immune|p2a: Arceus\n|\n|-damage|p1a: Man I'm dead|54\/100 psn|[from] psn\n|upkeep\n|turn|23\n|j| MYDADDOSNTLOVEME\n|\n|t:|1699322737\n|move|p2a: Arceus|Taunt|p1a: Man I'm dead\n|-start|p1a: Man I'm dead|move: Taunt\n|move|p1a: Man I'm dead|Shadow Claw|p2a: Arceus\n|-supereffective|p2a: Arceus\n|-damage|p2a: Arceus|30\/100\n|\n|-damage|p1a: Man I'm dead|41\/100 psn|[from] psn\n|upkeep\n|turn|24\n|\n|t:|1699322741\n|switch|p2a: Blissey|Blissey, F|100\/100\n|move|p1a: Man I'm dead|Shadow Claw|p2a: Blissey\n|-immune|p2a: Blissey\n|\n|-damage|p1a: Man I'm dead|29\/100 psn|[from] psn\n|upkeep\n|turn|25\n|\n|t:|1699322747\n|move|p1a: Man I'm dead|Shadow Claw|p2a: Blissey\n|-immune|p2a: Blissey\n|move|p2a: Blissey|Seismic Toss|p1a: Man I'm dead\n|-damage|p1a: Man I'm dead|5\/100 psn\n|\n|-damage|p1a: Man I'm dead|0 fnt|[from] psn\n|faint|p1a: Man I'm dead\n|upkeep\n|c|\u2606Finchely|LMAO\n|c|\u2606Laprasrules12|Damn\n|\n|t:|1699322754\n|switch|p1a: Cleopatra|Espathra, F, shiny|100\/100\n|turn|26\n|c|\u2606Laprasrules12|Anyways\n|c| uubers account|wait\n|\n|t:|1699322763\n|move|p1a: Cleopatra|Calm Mind|p1a: Cleopatra\n|-boost|p1a: Cleopatra|spa|1\n|-boost|p1a: Cleopatra|spd|1\n|move|p2a: Blissey|Seismic Toss|p1a: Cleopatra\n|-damage|p1a: Cleopatra|73\/100\n|\n|-heal|p1a: Cleopatra|79\/100|[from] item: Leftovers\n|-ability|p1a: Cleopatra|Speed Boost|boost\n|-boost|p1a: Cleopatra|spe|1\n|upkeep\n|turn|27\n|c|\u2606Finchely|i don't beat this tho i don't think\n|c|\u2606Finchely|yeah\n|c|\u2606Finchely|the woman beats me\n|\n|t:|1699322776\n|move|p1a: Cleopatra|Calm Mind|p1a: Cleopatra\n|-boost|p1a: Cleopatra|spa|1\n|-boost|p1a: Cleopatra|spd|1\n|move|p2a: Blissey|Ice Beam|p1a: Cleopatra\n|-damage|p1a: Cleopatra|68\/100\n|\n|-heal|p1a: Cleopatra|74\/100|[from] item: Leftovers\n|-ability|p1a: Cleopatra|Speed Boost|boost\n|-boost|p1a: Cleopatra|spe|1\n|upkeep\n|turn|28\n|c|\u2606Finchely|i have ice beam\n|\n|t:|1699322783\n|move|p1a: Cleopatra|Calm Mind|p1a: Cleopatra\n|-boost|p1a: Cleopatra|spa|1\n|-boost|p1a: Cleopatra|spd|1\n|move|p2a: Blissey|Ice Beam|p1a: Cleopatra\n|-damage|p1a: Cleopatra|65\/100\n|\n|-heal|p1a: Cleopatra|71\/100|[from] item: Leftovers\n|-ability|p1a: Cleopatra|Speed Boost|boost\n|-boost|p1a: Cleopatra|spe|1\n|upkeep\n|turn|29\n|\n|t:|1699322785\n|move|p1a: Cleopatra|Stored Power|p2a: Blissey\n|-damage|p2a: Blissey|33\/100\n|move|p2a: Blissey|Ice Beam|p1a: Cleopatra\n|-damage|p1a: Cleopatra|62\/100\n|\n|-heal|p1a: Cleopatra|68\/100|[from] item: Leftovers\n|-ability|p1a: Cleopatra|Speed Boost|boost\n|-boost|p1a: Cleopatra|spe|1\n|upkeep\n|turn|30\n|\n|t:|1699322789\n|move|p1a: Cleopatra|Stored Power|p2a: Blissey\n|-damage|p2a: Blissey|0 fnt\n|faint|p2a: Blissey\n|\n|-heal|p1a: Cleopatra|74\/100|[from] item: Leftovers\n|-ability|p1a: Cleopatra|Speed Boost|boost\n|-boost|p1a: Cleopatra|spe|1\n|upkeep\n|c|\u2606Finchely|gg\n|\n|t:|1699322793\n|switch|p2a: Arceus|Arceus-Ghost|30\/100\n|turn|31\n|c|\u2606Laprasrules12|I have a delete button\n|\n|t:|1699322797\n|move|p1a: Cleopatra|Stored Power|p2a: Arceus\n|-damage|p2a: Arceus|0 fnt\n|faint|p2a: Arceus\n|\n|-heal|p1a: Cleopatra|80\/100|[from] item: Leftovers\n|-ability|p1a: Cleopatra|Speed Boost|boost\n|-boost|p1a: Cleopatra|spe|1\n|upkeep\n|c|\u2606Finchely|no lmao\n|c|\u2606Finchely|this is calm mind\n|c|\u2606Laprasrules12|GG\n|\n|t:|1699322803\n|switch|p2a: Slowking|Slowking-Galar, F|74\/100\n|turn|32\n|inactive|Finchely has 270 seconds left.\n|c|\u2606Finchely|i'll probably change to e killer\n|\n|t:|1699322815\n|move|p1a: Cleopatra|Protect|p1a: Cleopatra\n|-singleturn|p1a: Cleopatra|Protect\n|move|p2a: Slowking|Future Sight|p1a: Cleopatra\n|-start|p2a: Slowking|move: Future Sight\n|\n|-heal|p1a: Cleopatra|86\/100|[from] item: Leftovers\n|-heal|p2a: Slowking|80\/100|[from] item: Leftovers\n|upkeep\n|turn|33\n|\n|t:|1699322819\n|move|p1a: Cleopatra|Calm Mind|p1a: Cleopatra\n|-boost|p1a: Cleopatra|spa|1\n|-boost|p1a: Cleopatra|spd|1\n|move|p2a: Slowking|Thunder Wave|p1a: Cleopatra\n|-status|p1a: Cleopatra|par\n|\n|-heal|p1a: Cleopatra|92\/100 par|[from] item: Leftovers\n|-heal|p2a: Slowking|87\/100|[from] item: Leftovers\n|upkeep\n|turn|34\n|\n|t:|1699322821\n|cant|p1a: Cleopatra|par\n|move|p2a: Slowking|Sludge Bomb|p1a: Cleopatra\n|-damage|p1a: Cleopatra|77\/100 par\n|\n|-end|p1a: Cleopatra|move: Future Sight\n|-resisted|p1a: Cleopatra\n|-damage|p1a: Cleopatra|65\/100 par\n|-heal|p1a: Cleopatra|71\/100 par|[from] item: Leftovers\n|-heal|p2a: Slowking|93\/100|[from] item: Leftovers\n|upkeep\n|turn|35\n|\n|t:|1699322825\n|move|p1a: Cleopatra|Protect|p1a: Cleopatra\n|-singleturn|p1a: Cleopatra|Protect\n|move|p2a: Slowking|Future Sight|p1a: Cleopatra\n|-start|p2a: Slowking|move: Future Sight\n|\n|-heal|p1a: Cleopatra|77\/100 par|[from] item: Leftovers\n|-heal|p2a: Slowking|99\/100|[from] item: Leftovers\n|upkeep\n|turn|36\n|\n|t:|1699322828\n|move|p1a: Cleopatra|Calm Mind|p1a: Cleopatra\n|-boost|p1a: Cleopatra|spa|1\n|-boost|p1a: Cleopatra|spd|1\n|move|p2a: Slowking|Sludge Bomb|p1a: Cleopatra\n|-damage|p1a: Cleopatra|62\/100 par\n|\n|-heal|p1a: Cleopatra|68\/100 par|[from] item: Leftovers\n|-heal|p2a: Slowking|100\/100|[from] item: Leftovers\n|upkeep\n|turn|37\n|\n|t:|1699322837\n|move|p1a: Cleopatra|Protect|p1a: Cleopatra\n|-singleturn|p1a: Cleopatra|Protect\n|move|p2a: Slowking|Sludge Bomb|p1a: Cleopatra\n|-activate|p1a: Cleopatra|move: Protect\n|\n|-end|p1a: Cleopatra|move: Future Sight\n|-resisted|p1a: Cleopatra\n|-damage|p1a: Cleopatra|58\/100 par\n|-heal|p1a: Cleopatra|65\/100 par|[from] item: Leftovers\n|upkeep\n|turn|38\n|\n|t:|1699322839\n|move|p1a: Cleopatra|Calm Mind|p1a: Cleopatra\n|-boost|p1a: Cleopatra|spa|1\n|-boost|p1a: Cleopatra|spd|1\n|move|p2a: Slowking|Future Sight|p1a: Cleopatra\n|-start|p2a: Slowking|move: Future Sight\n|\n|-heal|p1a: Cleopatra|71\/100 par|[from] item: Leftovers\n|upkeep\n|turn|39\n|\n|t:|1699322841\n|move|p1a: Cleopatra|Protect|p1a: Cleopatra\n|-singleturn|p1a: Cleopatra|Protect\n|move|p2a: Slowking|Sludge Bomb|p1a: Cleopatra\n|-activate|p1a: Cleopatra|move: Protect\n|\n|-heal|p1a: Cleopatra|77\/100 par|[from] item: Leftovers\n|upkeep\n|turn|40\n|\n|t:|1699322847\n|move|p1a: Cleopatra|Tera Blast|p2a: Slowking\n|-damage|p2a: Slowking|15\/100\n|move|p2a: Slowking|Sludge Bomb|p1a: Cleopatra\n|-damage|p1a: Cleopatra|64\/100 par\n|\n|-end|p1a: Cleopatra|move: Future Sight\n|-resisted|p1a: Cleopatra\n|-damage|p1a: Cleopatra|56\/100 par\n|-heal|p1a: Cleopatra|62\/100 par|[from] item: Leftovers\n|-heal|p2a: Slowking|21\/100|[from] item: Leftovers\n|upkeep\n|turn|41\n|\n|t:|1699322857\n|cant|p1a: Cleopatra|par\n|move|p2a: Slowking|Sludge Bomb|p1a: Cleopatra\n|-damage|p1a: Cleopatra|50\/100 par\n|\n|-heal|p1a: Cleopatra|56\/100 par|[from] item: Leftovers\n|-heal|p2a: Slowking|27\/100|[from] item: Leftovers\n|upkeep\n|turn|42\n|\n|t:|1699322859\n|move|p1a: Cleopatra|Protect|p1a: Cleopatra\n|-singleturn|p1a: Cleopatra|Protect\n|move|p2a: Slowking|Sludge Bomb|p1a: Cleopatra\n|-activate|p1a: Cleopatra|move: Protect\n|\n|-heal|p1a: Cleopatra|62\/100 par|[from] item: Leftovers\n|-heal|p2a: Slowking|33\/100|[from] item: Leftovers\n|upkeep\n|turn|43\n|\n|t:|1699322862\n|move|p1a: Cleopatra|Stored Power|p2a: Slowking\n|-damage|p2a: Slowking|0 fnt\n|faint|p2a: Slowking\n|\n|win|Laprasrules12\n","uploadtime":1699322865,"views":5,"p1id":"laprasrules12","p2id":"finchely","formatid":"gen9ubers","rating":0,"private":0,"password":""}