{"id":"gen9ubers-1976459534","p1":"Dracoignius97","p2":"StealthR2","format":"[Gen 9] Ubers","log":"|j|\u2606Dracoignius97\n|j|\u2606StealthR2\n|t:|1698307007\n|gametype|singles\n|player|p1|Dracoignius97|steven|\n|player|p2|StealthR2|grimsley|\n|teamsize|p1|6\n|teamsize|p2|6\n|gen|9\n|tier|[Gen 9] Ubers\n|rule|Sleep Clause Mod: Limit one foe put to sleep\n|rule|Species Clause: Limit one of each Pok\u00e9mon\n|rule|OHKO Clause: OHKO moves are banned\n|rule|Evasion Items Clause: Evasion items are banned\n|rule|Evasion Moves Clause: Evasion moves are banned\n|rule|Endless Battle Clause: Forcing endless battles is banned\n|rule|HP Percentage Mod: HP is shown in percentages\n|clearpoke\n|poke|p1|Arcanine-Hisui, M|\n|poke|p1|Ninetales-Alola, F|\n|poke|p1|Squawkabilly-Blue, M|\n|poke|p1|Landorus-Therian, M|\n|poke|p1|Crawdaunt, M|\n|poke|p1|Sliggoo-Hisui, M|\n|poke|p2|Florges, F|\n|poke|p2|Moltres|\n|poke|p2|Mienshao, M|\n|poke|p2|Torterra, F|\n|poke|p2|Sandslash-Alola, M|\n|poke|p2|Dragapult, M|\n|teampreview\n|c|\u2606StealthR2|omg\n|c|\u2606Dracoignius97|glhf\n|c|\u2606StealthR2|i forgot to nickname\n|c|\u2606StealthR2|u2\n|c|\u2606Dracoignius97|I hate when I realise that\n|j| NicNeg\n|c|\u2606Dracoignius97|I did that with Lando a couple weeks back\n|\n|t:|1698307150\n|start\n|switch|p1a: Henry|Squawkabilly-Blue, M|100\/100\n|switch|p2a: Sandslash|Sandslash-Alola, M|100\/100\n|-ability|p1a: Henry|Intimidate|boost\n|-unboost|p2a: Sandslash|atk|1\n|turn|1\n|\n|t:|1698307175\n|move|p1a: Henry|Parting Shot|p2a: Sandslash\n|-unboost|p2a: Sandslash|atk|1\n|-unboost|p2a: Sandslash|spa|1\n|l| NicNeg\n|\n|t:|1698307211\n|switch|p1a: Daunting|Crawdaunt, M|100\/100|[from] Parting Shot\n|move|p2a: Sandslash|Stealth Rock|p1a: Daunting\n|-sidestart|p1: Dracoignius97|move: Stealth Rock\n|\n|upkeep\n|turn|2\n|j| NicNeg\n|\n|t:|1698307281\n|move|p2a: Sandslash|Knock Off|p1a: Daunting\n|-resisted|p1a: Daunting\n|-damage|p1a: Daunting|92\/100\n|-enditem|p1a: Daunting|Choice Band|[from] move: Knock Off|[of] p2a: Sandslash\n|move|p1a: Daunting|Knock Off|p2a: Sandslash\n|-damage|p2a: Sandslash|36\/100\n|-enditem|p2a: Sandslash|Focus Sash|[from] move: Knock Off|[of] p1a: Daunting\n|\n|upkeep\n|turn|3\n|\n|t:|1698307325\n|move|p2a: Sandslash|Brick Break|p1a: Daunting\n|-supereffective|p1a: Daunting\n|-damage|p1a: Daunting|61\/100\n|move|p1a: Daunting|Crabhammer|p2a: Sandslash\n|-damage|p2a: Sandslash|0 fnt\n|faint|p2a: Sandslash\n|\n|upkeep\n|\n|t:|1698307405\n|switch|p2a: Torterra|Torterra, F|100\/100\n|turn|4\n|\n|t:|1698307458\n|move|p2a: Torterra|Seed Bomb|p1a: Daunting\n|-supereffective|p1a: Daunting\n|-damage|p1a: Daunting|0 fnt\n|faint|p1a: Daunting\n|\n|upkeep\n|j| marvin1\n|\n|t:|1698307552\n|switch|p1a: Komainu|Arcanine-Hisui, M|100\/100\n|-damage|p1a: Komainu|76\/100|[from] Stealth Rock\n|-item|p1a: Komainu|Air Balloon\n|turn|5\n|\n|t:|1698307692\n|switch|p2a: Moltres|Moltres|100\/100\n|-terastallize|p1a: Komainu|Fire\n|move|p1a: Komainu|Flare Blitz|p2a: Moltres\n|-resisted|p2a: Moltres\n|-damage|p2a: Moltres|53\/100\n|\n|upkeep\n|turn|6\n|\n|t:|1698307736\n|-terastallize|p2a: Moltres|Water\n|move|p2a: Moltres|Tera Blast|p1a: Komainu|[anim] Tera Blast Water\n|-supereffective|p1a: Komainu\n|-damage|p1a: Komainu|0 fnt\n|-enditem|p1a: Komainu|Air Balloon\n|faint|p1a: Komainu\n|\n|upkeep\n|c| NicNeg|Speed ties ay\n|\n|t:|1698307779\n|switch|p1a: Henry|Squawkabilly-Blue, M|100\/100\n|-ability|p1a: Henry|Intimidate|boost\n|-unboost|p2a: Moltres|atk|1\n|turn|7\n|\n|t:|1698307803\n|move|p1a: Henry|Brave Bird|p2a: Moltres\n|-damage|p2a: Moltres|0 fnt\n|-status|p1a: Henry|brn|[from] ability: Flame Body|[of] p2a: Moltres\n|faint|p2a: Moltres\n|-damage|p1a: Henry|82\/100 brn|[from] Recoil\n|\n|-damage|p1a: Henry|76\/100 brn|[from] brn\n|upkeep\n|c| NicNeg|RNG ay\n|c|\u2606Dracoignius97|Can't catch a break on this one apparently\n|\n|t:|1698307889\n|switch|p2a: Torterra|Torterra, F|100\/100\n|turn|8\n|\n|t:|1698307933\n|move|p1a: Henry|Brave Bird|p2a: Torterra\n|-supereffective|p2a: Torterra\n|-damage|p2a: Torterra|46\/100\n|-damage|p1a: Henry|56\/100 brn|[from] Recoil\n|move|p2a: Torterra|Shell Smash|p2a: Torterra\n|-unboost|p2a: Torterra|def|1\n|-unboost|p2a: Torterra|spd|1\n|-boost|p2a: Torterra|atk|2\n|-boost|p2a: Torterra|spa|2\n|-boost|p2a: Torterra|spe|2\n|\n|-damage|p1a: Henry|50\/100 brn|[from] brn\n|upkeep\n|turn|9\n|\n|t:|1698308000\n|move|p2a: Torterra|Seed Bomb|p1a: Henry\n|-resisted|p1a: Henry\n|-crit|p1a: Henry\n|-damage|p1a: Henry|0 fnt\n|faint|p1a: Henry\n|\n|upkeep\n|c| NicNeg|Crits at\n|c| NicNeg|ay\n|c|\u2606StealthR2|that one didnt matter\n|c|\u2606StealthR2|stfu\n|c|\u2606StealthR2|]\n|c|\u2606Dracoignius97|It did\n|c|\u2606StealthR2|were u max defence\n|c|\u2606Dracoignius97|Oh no, I forgot to add plus 2...\n|\n|t:|1698308049\n|switch|p1a: Baihu|Landorus-Therian, M|100\/100\n|-damage|p1a: Baihu|88\/100|[from] Stealth Rock\n|-ability|p1a: Baihu|Intimidate|boost\n|-fail|p2a: Torterra|unboost|[from] item: Clear Amulet|[of] p2a: Torterra\n|turn|10\n|c|\u2606StealthR2|i woudlnt have clicked it knowing it doesnt kill lol\n|\n|t:|1698308097\n|move|p2a: Torterra|Seed Bomb|p1a: Baihu\n|-damage|p1a: Baihu|0 fnt\n|faint|p1a: Baihu\n|\n|upkeep\n|c|\u2606Dracoignius97|You're Jolly...\n|c|\u2606Dracoignius97|gg\n|\n|t:|1698308149\n|switch|p1a: Bunker|Sliggoo-Hisui, M|100\/100\n|-damage|p1a: Bunker|95\/100|[from] Stealth Rock\n|turn|11\n|\n|t:|1698308160\n|move|p2a: Torterra|Headlong Rush|p1a: Bunker\n|-supereffective|p1a: Bunker\n|-damage|p1a: Bunker|0 fnt\n|-unboost|p2a: Torterra|def|1\n|-unboost|p2a: Torterra|spd|1\n|-ability|p1a: Bunker|Gooey\n|-fail|p2a: Torterra|unboost|[from] item: Clear Amulet|[of] p2a: Torterra\n|faint|p1a: Bunker\n|\n|upkeep\n|\n|t:|1698308169\n|switch|p1a: Kyuki|Ninetales-Alola, F, shiny|100\/100\n|-damage|p1a: Kyuki|76\/100|[from] Stealth Rock\n|-weather|Snow|[from] ability: Snow Warning|[of] p1a: Kyuki\n|turn|12\n|l| NicNeg\n|\n|t:|1698308178\n|move|p2a: Torterra|Headlong Rush|p1a: Kyuki\n|-damage|p1a: Kyuki|0 fnt\n|-unboost|p2a: Torterra|def|1\n|-unboost|p2a: Torterra|spd|1\n|faint|p1a: Kyuki\n|\n|win|StealthR2\n|c|\u2606StealthR2|gg\n","uploadtime":1698308232,"views":26,"p1id":"dracoignius97","p2id":"stealthr2","formatid":"gen9ubers","rating":0,"private":0,"password":""}