{"id":"gen9ubers-1991798526","p1":"SEUIf","p2":"drakeoxtreme","format":"[Gen 9] Ubers","log":"|j|\u2606SEUIf\n|j|\u2606drakeoxtreme\n|t:|1700119399\n|gametype|singles\n|player|p1|SEUIf|ingo-hisui|1298\n|player|p2|drakeoxtreme|169|1280\n|teamsize|p1|6\n|teamsize|p2|6\n|gen|9\n|tier|[Gen 9] Ubers\n|rated|\n|rule|Sleep Clause Mod: Limit one foe put to sleep\n|rule|Species Clause: Limit one of each Pok\u00e9mon\n|rule|OHKO Clause: OHKO moves are banned\n|rule|Evasion Items Clause: Evasion items are banned\n|rule|Evasion Moves Clause: Evasion moves are banned\n|rule|Endless Battle Clause: Forcing endless battles is banned\n|rule|HP Percentage Mod: HP is shown in percentages\n|clearpoke\n|poke|p1|Kingambit, M|\n|poke|p1|Miraidon|\n|poke|p1|Iron Bundle|\n|poke|p1|Ting-Lu|\n|poke|p1|Skeledirge, F|\n|poke|p1|Corviknight, M|\n|poke|p2|Kyogre|\n|poke|p2|Zamazenta-*|\n|poke|p2|Zacian-*|\n|poke|p2|Koraidon|\n|poke|p2|Cresselia, F|\n|poke|p2|Urshifu-*, M|\n|teampreview\n|\n|t:|1700119455\n|start\n|switch|p1a: Corviknight|Corviknight, M|100\/100\n|switch|p2a: Cresselia|Cresselia, F|100\/100\n|-ability|p1a: Corviknight|Pressure\n|turn|1\n|\n|t:|1700119473\n|move|p2a: Cresselia|Reflect|p2a: Cresselia\n|-sidestart|p2: drakeoxtreme|Reflect\n|move|p1a: Corviknight|U-turn|p2a: Cresselia\n|-supereffective|p2a: Cresselia\n|-damage|p2a: Cresselia|92\/100\n|inactive|Battle timer is ON: inactive players will automatically lose when time's up. (requested by drakeoxtreme)\n|\n|t:|1700119518\n|switch|p1a: Iron Bundle|Iron Bundle|100\/100|[from] U-turn\n|\n|upkeep\n|turn|2\n|\n|t:|1700119526\n|move|p1a: Iron Bundle|Encore|p2a: Cresselia\n|-start|p2a: Cresselia|Encore\n|move|p2a: Cresselia|Reflect||[still]\n|-fail|p2a: Cresselia\n|\n|upkeep\n|turn|3\n|\n|t:|1700119542\n|switch|p2a: Urshifu|Urshifu-Rapid-Strike, M|100\/100\n|move|p1a: Iron Bundle|Freeze-Dry|p2a: Urshifu\n|-supereffective|p2a: Urshifu\n|-damage|p2a: Urshifu|8\/100\n|\n|upkeep\n|turn|4\n|inactive|SEUIf has 120 seconds left.\n|\n|t:|1700119583\n|-end|p1a: Iron Bundle|Quark Drive|[silent]\n|switch|p1a: Corviknight|Corviknight, M|100\/100\n|-ability|p1a: Corviknight|Pressure\n|switch|p2a: Cresselia|Cresselia, F|92\/100\n|\n|upkeep\n|turn|5\n|\n|t:|1700119597\n|move|p2a: Cresselia|Reflect||[still]\n|-fail|p2a: Cresselia\n|move|p1a: Corviknight|U-turn|p2a: Cresselia\n|-supereffective|p2a: Cresselia\n|-damage|p2a: Cresselia|82\/100\n|\n|t:|1700119601\n|switch|p1a: Iron Bundle|Iron Bundle|100\/100|[from] U-turn\n|\n|upkeep\n|turn|6\n|\n|t:|1700119617\n|switch|p2a: Zacian|Zacian-Crowned|100\/100\n|-ability|p2a: Zacian|Intrepid Sword|boost\n|-boost|p2a: Zacian|atk|1\n|move|p1a: Iron Bundle|Encore||[still]\n|-fail|p1a: Iron Bundle\n|\n|upkeep\n|turn|7\n|\n|t:|1700119624\n|-end|p1a: Iron Bundle|Quark Drive|[silent]\n|switch|p1a: Skeledirge|Skeledirge, F|100\/100\n|move|p2a: Zacian|Behemoth Blade|p1a: Skeledirge\n|-resisted|p1a: Skeledirge\n|-damage|p1a: Skeledirge|84\/100\n|\n|upkeep\n|turn|8\n|\n|t:|1700119634\n|switch|p2a: Cresselia|Cresselia, F|82\/100\n|move|p1a: Skeledirge|Will-O-Wisp|p2a: Cresselia\n|-status|p2a: Cresselia|brn\n|\n|-damage|p2a: Cresselia|76\/100 brn|[from] brn\n|-sideend|p2: drakeoxtreme|Reflect\n|upkeep\n|turn|9\n|\n|t:|1700119644\n|move|p2a: Cresselia|Light Screen|p2a: Cresselia\n|-sidestart|p2: drakeoxtreme|move: Light Screen\n|move|p1a: Skeledirge|Hex|p2a: Cresselia\n|-supereffective|p2a: Cresselia\n|-crit|p2a: Cresselia\n|-damage|p2a: Cresselia|0 fnt\n|faint|p2a: Cresselia\n|\n|upkeep\n|\n|t:|1700119654\n|switch|p2a: Kyogre|Kyogre|100\/100\n|-weather|RainDance|[from] ability: Drizzle|[of] p2a: Kyogre\n|turn|10\n|\n|t:|1700119667\n|switch|p1a: Corviknight|Corviknight, M|100\/100\n|-ability|p1a: Corviknight|Pressure\n|-terastallize|p2a: Kyogre|Water\n|move|p2a: Kyogre|Water Spout|p1a: Corviknight\n|-damage|p1a: Corviknight|0 fnt\n|faint|p1a: Corviknight\n|\n|-weather|RainDance|[upkeep]\n|upkeep\n|\n|t:|1700119679\n|switch|p1a: Kingambit|Kingambit, M|100\/100\n|-activate|p1a: Kingambit|ability: Supreme Overlord\n|-start|p1a: Kingambit|fallen1|[silent]\n|turn|11\n|\n|t:|1700119704\n|switch|p2a: Koraidon|Koraidon|100\/100\n|-weather|SunnyDay|[from] ability: Orichalcum Pulse|[of] p2a: Koraidon\n|-activate|p2a: Koraidon|Orichalcum Pulse|[source]\n|move|p1a: Kingambit|Sucker Punch||[still]\n|-fail|p1a: Kingambit\n|\n|-weather|SunnyDay|[upkeep]\n|upkeep\n|turn|12\n|inactive|drakeoxtreme has 120 seconds left.\n|\n|t:|1700119726\n|-end|p1a: Kingambit|fallen1|[silent]\n|switch|p1a: Skeledirge|Skeledirge, F|84\/100\n|move|p2a: Koraidon|Flare Blitz|p1a: Skeledirge\n|-resisted|p1a: Skeledirge\n|-damage|p1a: Skeledirge|58\/100\n|-damage|p2a: Koraidon|90\/100|[from] Recoil\n|\n|-weather|SunnyDay|[upkeep]\n|-heal|p2a: Koraidon|96\/100|[from] item: Leftovers\n|upkeep\n|turn|13\n|inactive|drakeoxtreme has 120 seconds left.\n|\n|t:|1700119739\n|switch|p2a: Urshifu|Urshifu-Rapid-Strike, M|8\/100\n|move|p1a: Skeledirge|Will-O-Wisp|p2a: Urshifu\n|-status|p2a: Urshifu|brn\n|\n|-weather|SunnyDay|[upkeep]\n|-damage|p2a: Urshifu|2\/100 brn|[from] brn\n|upkeep\n|turn|14\n|inactive|drakeoxtreme has 120 seconds left.\n|\n|t:|1700119748\n|move|p2a: Urshifu|Surging Strikes|p1a: Skeledirge\n|-supereffective|p1a: Skeledirge\n|-crit|p1a: Skeledirge\n|-damage|p1a: Skeledirge|50\/100\n|-supereffective|p1a: Skeledirge\n|-crit|p1a: Skeledirge\n|-damage|p1a: Skeledirge|40\/100\n|-supereffective|p1a: Skeledirge\n|-crit|p1a: Skeledirge\n|-damage|p1a: Skeledirge|31\/100\n|-hitcount|p1a: Skeledirge|3\n|move|p1a: Skeledirge|Slack Off|p1a: Skeledirge\n|-heal|p1a: Skeledirge|82\/100\n|\n|-weather|SunnyDay|[upkeep]\n|-damage|p2a: Urshifu|0 fnt|[from] brn\n|faint|p2a: Urshifu\n|upkeep\n|inactive|drakeoxtreme has 120 seconds left.\n|\n|t:|1700119760\n|switch|p2a: Kyogre|Kyogre, tera:Water|100\/100\n|-weather|RainDance|[from] ability: Drizzle|[of] p2a: Kyogre\n|turn|15\n|inactive|drakeoxtreme has 120 seconds left.\n|inactive|SEUIf has 120 seconds left.\n|\n|t:|1700119802\n|switch|p1a: Iron Bundle|Iron Bundle|100\/100\n|move|p2a: Kyogre|Water Spout|p1a: Iron Bundle\n|-resisted|p1a: Iron Bundle\n|-damage|p1a: Iron Bundle|0 fnt\n|faint|p1a: Iron Bundle\n|-end|p1a: Iron Bundle|Quark Drive|[silent]\n|\n|-weather|RainDance|[upkeep]\n|upkeep\n|\n|t:|1700119810\n|switch|p1a: Ting-Lu|Ting-Lu|100\/100\n|-ability|p1a: Ting-Lu|Vessel of Ruin\n|turn|16\n|\n|t:|1700119822\n|-terastallize|p1a: Ting-Lu|Ghost\n|move|p2a: Kyogre|Water Spout|p1a: Ting-Lu\n|-crit|p1a: Ting-Lu\n|-damage|p1a: Ting-Lu|0 fnt\n|faint|p1a: Ting-Lu\n|\n|-weather|RainDance|[upkeep]\n|-sideend|p2: drakeoxtreme|move: Light Screen\n|upkeep\n|\n|t:|1700119830\n|switch|p1a: Miraidon|Miraidon|100\/100\n|-fieldstart|move: Electric Terrain|[from] ability: Hadron Engine|[of] p1a: Miraidon\n|turn|17\n|\n|t:|1700119835\n|move|p2a: Kyogre|Water Spout|p1a: Miraidon\n|-resisted|p1a: Miraidon\n|-damage|p1a: Miraidon|10\/100\n|move|p1a: Miraidon|Electro Drift|p2a: Kyogre\n|-supereffective|p2a: Kyogre\n|-damage|p2a: Kyogre|0 fnt\n|faint|p2a: Kyogre\n|\n|-weather|RainDance|[upkeep]\n|upkeep\n|\n|t:|1700119848\n|switch|p2a: Zamazenta|Zamazenta-Crowned|100\/100\n|-ability|p2a: Zamazenta|Dauntless Shield|boost\n|-boost|p2a: Zamazenta|def|1\n|turn|18\n|\n|t:|1700119853\n|move|p1a: Miraidon|Electro Drift|p2a: Zamazenta\n|-damage|p2a: Zamazenta|12\/100\n|move|p2a: Zamazenta|Behemoth Bash|p1a: Miraidon\n|-resisted|p1a: Miraidon\n|-damage|p1a: Miraidon|0 fnt\n|faint|p1a: Miraidon\n|\n|-weather|RainDance|[upkeep]\n|upkeep\n|\n|t:|1700119859\n|switch|p1a: Skeledirge|Skeledirge, F|82\/100\n|turn|19\n|\n|t:|1700119869\n|move|p2a: Zamazenta|Behemoth Bash|p1a: Skeledirge\n|-resisted|p1a: Skeledirge\n|-damage|p1a: Skeledirge|70\/100\n|move|p1a: Skeledirge|Will-O-Wisp|p2a: Zamazenta\n|-status|p2a: Zamazenta|brn\n|\n|-weather|none\n|-damage|p2a: Zamazenta|6\/100 brn|[from] brn\n|upkeep\n|turn|20\n|\n|t:|1700119877\n|move|p2a: Zamazenta|Behemoth Bash|p1a: Skeledirge\n|-resisted|p1a: Skeledirge\n|-damage|p1a: Skeledirge|64\/100\n|move|p1a: Skeledirge|Slack Off|p1a: Skeledirge\n|-heal|p1a: Skeledirge|100\/100\n|\n|-damage|p2a: Zamazenta|0 fnt|[from] brn\n|faint|p2a: Zamazenta\n|upkeep\n|\n|t:|1700119891\n|switch|p2a: Zacian|Zacian-Crowned|100\/100\n|turn|21\n|\n|t:|1700119904\n|move|p2a: Zacian|Behemoth Blade|p1a: Skeledirge\n|-resisted|p1a: Skeledirge\n|-damage|p1a: Skeledirge|82\/100\n|move|p1a: Skeledirge|Will-O-Wisp|p2a: Zacian\n|-status|p2a: Zacian|brn\n|\n|-damage|p2a: Zacian|94\/100 brn|[from] brn\n|-fieldend|move: Electric Terrain\n|upkeep\n|turn|22\n|\n|t:|1700119932\n|switch|p2a: Koraidon|Koraidon|96\/100\n|-weather|SunnyDay|[from] ability: Orichalcum Pulse|[of] p2a: Koraidon\n|-activate|p2a: Koraidon|Orichalcum Pulse|[source]\n|move|p1a: Skeledirge|Hex|p2a: Koraidon\n|-damage|p2a: Koraidon|71\/100\n|\n|-weather|SunnyDay|[upkeep]\n|-heal|p2a: Koraidon|77\/100|[from] item: Leftovers\n|upkeep\n|turn|23\n|\n|t:|1700119942\n|move|p2a: Koraidon|Scale Shot|p1a: Skeledirge\n|-damage|p1a: Skeledirge|71\/100\n|-damage|p1a: Skeledirge|58\/100\n|-damage|p1a: Skeledirge|46\/100\n|-damage|p1a: Skeledirge|35\/100\n|-hitcount|p1a: Skeledirge|4\n|-unboost|p2a: Koraidon|def|1\n|-boost|p2a: Koraidon|spe|1\n|move|p1a: Skeledirge|Will-O-Wisp|p2a: Koraidon\n|-status|p2a: Koraidon|brn\n|\n|-weather|SunnyDay|[upkeep]\n|-heal|p2a: Koraidon|83\/100 brn|[from] item: Leftovers\n|-damage|p2a: Koraidon|77\/100 brn|[from] brn\n|upkeep\n|turn|24\n|\n|t:|1700119963\n|switch|p1a: Kingambit|Kingambit, M|100\/100\n|-activate|p1a: Kingambit|ability: Supreme Overlord\n|-start|p1a: Kingambit|fallen4|[silent]\n|move|p2a: Koraidon|Scale Shot|p1a: Kingambit\n|-resisted|p1a: Kingambit\n|-damage|p1a: Kingambit|97\/100\n|-resisted|p1a: Kingambit\n|-damage|p1a: Kingambit|93\/100\n|-resisted|p1a: Kingambit\n|-damage|p1a: Kingambit|89\/100\n|-hitcount|p1a: Kingambit|3\n|-unboost|p2a: Koraidon|def|1\n|-boost|p2a: Koraidon|spe|1\n|\n|-weather|SunnyDay|[upkeep]\n|-heal|p2a: Koraidon|83\/100 brn|[from] item: Leftovers\n|-damage|p2a: Koraidon|77\/100 brn|[from] brn\n|upkeep\n|turn|25\n|\n|t:|1700119980\n|move|p2a: Koraidon|Close Combat|p1a: Kingambit\n|-supereffective|p1a: Kingambit\n|-crit|p1a: Kingambit\n|-damage|p1a: Kingambit|0 fnt\n|-unboost|p2a: Koraidon|def|1\n|-unboost|p2a: Koraidon|spd|1\n|faint|p1a: Kingambit\n|-end|p1a: Kingambit|fallen4|[silent]\n|\n|-weather|SunnyDay|[upkeep]\n|-heal|p2a: Koraidon|83\/100 brn|[from] item: Leftovers\n|-damage|p2a: Koraidon|77\/100 brn|[from] brn\n|upkeep\n|\n|t:|1700119984\n|switch|p1a: Skeledirge|Skeledirge, F|35\/100\n|turn|26\n|\n|t:|1700119993\n|move|p2a: Koraidon|Scale Shot|p1a: Skeledirge\n|-damage|p1a: Skeledirge|29\/100\n|-damage|p1a: Skeledirge|23\/100\n|-damage|p1a: Skeledirge|17\/100\n|-hitcount|p1a: Skeledirge|3\n|-unboost|p2a: Koraidon|def|1\n|-boost|p2a: Koraidon|spe|1\n|move|p1a: Skeledirge|Slack Off|p1a: Skeledirge\n|-heal|p1a: Skeledirge|67\/100\n|\n|-weather|none\n|-heal|p2a: Koraidon|83\/100 brn|[from] item: Leftovers\n|-damage|p2a: Koraidon|77\/100 brn|[from] brn\n|upkeep\n|turn|27\n|\n|t:|1700120005\n|move|p2a: Koraidon|Scale Shot|p1a: Skeledirge\n|-damage|p1a: Skeledirge|63\/100\n|-damage|p1a: Skeledirge|59\/100\n|-hitcount|p1a: Skeledirge|2\n|-unboost|p2a: Koraidon|def|1\n|-boost|p2a: Koraidon|spe|1\n|move|p1a: Skeledirge|Slack Off|p1a: Skeledirge\n|-heal|p1a: Skeledirge|100\/100\n|\n|-heal|p2a: Koraidon|83\/100 brn|[from] item: Leftovers\n|-damage|p2a: Koraidon|77\/100 brn|[from] brn\n|upkeep\n|turn|28\n|\n|t:|1700120016\n|move|p2a: Koraidon|Scale Shot|p1a: Skeledirge\n|-crit|p1a: Skeledirge\n|-damage|p1a: Skeledirge|94\/100\n|-damage|p1a: Skeledirge|90\/100\n|-hitcount|p1a: Skeledirge|2\n|-unboost|p2a: Koraidon|def|1\n|-boost|p2a: Koraidon|spe|1\n|move|p1a: Skeledirge|Hex|p2a: Koraidon\n|-damage|p2a: Koraidon|26\/100 brn\n|\n|-heal|p2a: Koraidon|32\/100 brn|[from] item: Leftovers\n|-damage|p2a: Koraidon|26\/100 brn|[from] brn\n|upkeep\n|turn|29\n|\n|t:|1700120028\n|move|p2a: Koraidon|Scale Shot|p1a: Skeledirge\n|-damage|p1a: Skeledirge|85\/100\n|-damage|p1a: Skeledirge|81\/100\n|-damage|p1a: Skeledirge|77\/100\n|-hitcount|p1a: Skeledirge|3\n|-boost|p2a: Koraidon|spe|1\n|move|p1a: Skeledirge|Hex|p2a: Koraidon\n|-damage|p2a: Koraidon|0 fnt\n|faint|p2a: Koraidon\n|\n|upkeep\n|c|\u2606SEUIf|gg\n|\n|t:|1700120038\n|switch|p2a: Zacian|Zacian-Crowned|94\/100 brn\n|turn|30\n|\n|t:|1700120042\n|move|p2a: Zacian|Behemoth Blade|p1a: Skeledirge\n|-resisted|p1a: Skeledirge\n|-damage|p1a: Skeledirge|68\/100\n|move|p1a: Skeledirge|Torch Song|p2a: Zacian\n|-supereffective|p2a: Zacian\n|-damage|p2a: Zacian|37\/100 brn\n|-boost|p1a: Skeledirge|spa|1\n|\n|-damage|p2a: Zacian|31\/100 brn|[from] brn\n|upkeep\n|turn|31\n|\n|t:|1700120051\n|move|p2a: Zacian|Behemoth Blade|p1a: Skeledirge\n|-resisted|p1a: Skeledirge\n|-damage|p1a: Skeledirge|59\/100\n|move|p1a: Skeledirge|Torch Song|p2a: Zacian\n|-supereffective|p2a: Zacian\n|-damage|p2a: Zacian|0 fnt\n|-boost|p1a: Skeledirge|spa|1\n|faint|p2a: Zacian\n|\n|win|SEUIf\n|raw|SEUIf's rating: 1298 &rarr; <strong>1322<\/strong><br \/>(+24 for winning)\n|raw|drakeoxtreme's rating: 1280 &rarr; <strong>1256<\/strong><br \/>(-24 for losing)\n","uploadtime":1700120057,"views":5,"p1id":"seuif","p2id":"drakeoxtreme","formatid":"gen9ubers","rating":1256,"private":0,"password":""}