{"id":"gen9ubers-1974144169","p1":"ThePuzzler13","p2":"Aipom Hoshino","format":"[Gen 9] Ubers","log":"|j|\u2606ThePuzzler13\n|j|\u2606Aipom Hoshino\n|t:|1698061690\n|gametype|singles\n|player|p1|ThePuzzler13|1|\n|player|p2|Aipom Hoshino|lady-gen4|\n|teamsize|p1|6\n|teamsize|p2|6\n|gen|9\n|tier|[Gen 9] Ubers\n|rule|Sleep Clause Mod: Limit one foe put to sleep\n|rule|Species Clause: Limit one of each Pok\u00e9mon\n|rule|OHKO Clause: OHKO moves are banned\n|rule|Evasion Items Clause: Evasion items are banned\n|rule|Evasion Moves Clause: Evasion moves are banned\n|rule|Endless Battle Clause: Forcing endless battles is banned\n|rule|HP Percentage Mod: HP is shown in percentages\n|clearpoke\n|poke|p1|Darkrai|\n|poke|p1|Zamazenta-*|\n|poke|p1|Giratina|\n|poke|p1|Landorus, M|\n|poke|p1|Ursaluna-Bloodmoon, M|\n|poke|p1|Espathra, F|\n|poke|p2|Pelipper, M|\n|poke|p2|Basculegion-F, F|\n|poke|p2|Palkia-Origin|\n|poke|p2|Palafin, M|\n|poke|p2|Arceus-Grass|\n|poke|p2|Giratina|\n|teampreview\n|inactive|Battle timer is ON: inactive players will automatically lose when time's up. (requested by ThePuzzler13)\n|\n|t:|1698061709\n|start\n|switch|p1a: Sunny|Darkrai|100\/100\n|switch|p2a: Pelipper|Pelipper, M|100\/100\n|-weather|RainDance|[from] ability: Drizzle|[of] p2a: Pelipper\n|turn|1\n|\n|t:|1698061727\n|move|p1a: Sunny|Hypnosis|p2a: Pelipper|[miss]\n|-miss|p1a: Sunny|p2a: Pelipper\n|move|p2a: Pelipper|U-turn|p1a: Sunny\n|-supereffective|p1a: Sunny\n|-damage|p1a: Sunny|78\/100\n|j| wamkou\n|inactive|Aipom Hoshino has 270 seconds left.\n|\n|t:|1698061757\n|switch|p2a: Basculegion|Basculegion-F, F|100\/100|[from] U-turn\n|\n|-weather|RainDance|[upkeep]\n|upkeep\n|turn|2\n|\n|t:|1698061762\n|move|p2a: Basculegion|Wave Crash|p1a: Sunny\n|-damage|p1a: Sunny|0 fnt\n|faint|p1a: Sunny\n|-damage|p2a: Basculegion|77\/100|[from] Recoil\n|\n|-weather|RainDance|[upkeep]\n|upkeep\n|\n|t:|1698061779\n|switch|p1a: Aubrey|Giratina|100\/100\n|-ability|p1a: Aubrey|Pressure\n|turn|3\n|\n|t:|1698061795\n|switch|p2a: Giratina|Giratina|100\/100\n|-ability|p2a: Giratina|Pressure\n|move|p1a: Aubrey|Calm Mind|p1a: Aubrey\n|-boost|p1a: Aubrey|spa|1\n|-boost|p1a: Aubrey|spd|1\n|\n|-weather|RainDance|[upkeep]\n|upkeep\n|turn|4\n|\n|t:|1698061801\n|move|p1a: Aubrey|Calm Mind|p1a: Aubrey\n|-boost|p1a: Aubrey|spa|1\n|-boost|p1a: Aubrey|spd|1\n|move|p2a: Giratina|Dragon Tail|p1a: Aubrey\n|-supereffective|p1a: Aubrey\n|-damage|p1a: Aubrey|80\/100\n|drag|p1a: Mari|Espathra, F|100\/100\n|\n|-weather|RainDance|[upkeep]\n|upkeep\n|turn|5\n|\n|t:|1698061810\n|move|p1a: Mari|Calm Mind|p1a: Mari\n|-boost|p1a: Mari|spa|1\n|-boost|p1a: Mari|spd|1\n|move|p2a: Giratina|Dragon Tail|p1a: Mari\n|-damage|p1a: Mari|72\/100\n|drag|p1a: Kel|Zamazenta-Crowned|100\/100\n|-ability|p1a: Kel|Dauntless Shield|boost\n|-boost|p1a: Kel|def|1\n|\n|-weather|RainDance|[upkeep]\n|upkeep\n|turn|6\n|\n|t:|1698061816\n|move|p1a: Kel|Play Rough|p2a: Giratina\n|-supereffective|p2a: Giratina\n|-damage|p2a: Giratina|71\/100\n|-unboost|p2a: Giratina|atk|1\n|move|p2a: Giratina|Will-O-Wisp|p1a: Kel\n|-status|p1a: Kel|brn\n|\n|-weather|RainDance|[upkeep]\n|-damage|p1a: Kel|94\/100 brn|[from] brn\n|upkeep\n|turn|7\n|\n|t:|1698061824\n|move|p1a: Kel|Substitute|p1a: Kel\n|-start|p1a: Kel|Substitute\n|-damage|p1a: Kel|69\/100 brn\n|move|p2a: Giratina|Hex|p1a: Kel\n|-end|p1a: Kel|Substitute\n|\n|-weather|RainDance|[upkeep]\n|-damage|p1a: Kel|63\/100 brn|[from] brn\n|upkeep\n|turn|8\n|\n|t:|1698061828\n|move|p1a: Kel|Play Rough|p2a: Giratina\n|-supereffective|p2a: Giratina\n|-damage|p2a: Giratina|57\/100\n|move|p2a: Giratina|Hex|p1a: Kel\n|-damage|p1a: Kel|33\/100 brn\n|\n|-weather|none\n|-damage|p1a: Kel|27\/100 brn|[from] brn\n|upkeep\n|turn|9\n|\n|t:|1698061836\n|switch|p1a: Basil|Ursaluna-Bloodmoon, M|100\/100\n|move|p2a: Giratina|Hex|p1a: Basil\n|-immune|p1a: Basil\n|\n|upkeep\n|turn|10\n|\n|t:|1698061844\n|move|p1a: Basil|Calm Mind|p1a: Basil\n|-boost|p1a: Basil|spa|1\n|-boost|p1a: Basil|spd|1\n|move|p2a: Giratina|Dragon Tail|p1a: Basil\n|-damage|p1a: Basil|91\/100\n|drag|p1a: Kel|Zamazenta-Crowned|27\/100 brn\n|\n|-damage|p1a: Kel|21\/100 brn|[from] brn\n|upkeep\n|turn|11\n|\n|t:|1698061851\n|move|p1a: Kel|Play Rough|p2a: Giratina\n|-supereffective|p2a: Giratina\n|-damage|p2a: Giratina|44\/100\n|move|p2a: Giratina|Dragon Tail|p1a: Kel\n|-resisted|p1a: Kel\n|-damage|p1a: Kel|17\/100 brn\n|drag|p1a: Hero|Landorus, M|100\/100\n|\n|upkeep\n|turn|12\n|\n|t:|1698061862\n|move|p1a: Hero|Earth Power|p2a: Giratina\n|-damage|p2a: Giratina|10\/100\n|move|p2a: Giratina|Will-O-Wisp|p1a: Hero\n|-status|p1a: Hero|brn\n|\n|-damage|p1a: Hero|95\/100 brn|[from] brn\n|upkeep\n|turn|13\n|\n|t:|1698061866\n|switch|p2a: Pelipper|Pelipper, M|100\/100\n|-weather|RainDance|[from] ability: Drizzle|[of] p2a: Pelipper\n|move|p1a: Hero|Earth Power|p2a: Pelipper\n|-immune|p2a: Pelipper\n|\n|-weather|RainDance|[upkeep]\n|-damage|p1a: Hero|89\/100 brn|[from] brn\n|upkeep\n|turn|14\n|\n|t:|1698061872\n|move|p1a: Hero|Extrasensory|p2a: Pelipper\n|-damage|p2a: Pelipper|38\/100\n|move|p2a: Pelipper|U-turn|p1a: Hero\n|-resisted|p1a: Hero\n|-damage|p1a: Hero|84\/100 brn\n|\n|t:|1698061879\n|switch|p2a: Palafin|Palafin, M|100\/100|[from] U-turn\n|\n|-weather|RainDance|[upkeep]\n|-damage|p1a: Hero|78\/100 brn|[from] brn\n|upkeep\n|turn|15\n|\n|t:|1698061887\n|detailschange|p2a: Palafin|Palafin-Hero, M\n|switch|p2a: Giratina|Giratina|10\/100\n|-ability|p2a: Giratina|Pressure\n|move|p1a: Hero|Earth Power|p2a: Giratina\n|-damage|p2a: Giratina|0 fnt\n|faint|p2a: Giratina\n|\n|-weather|RainDance|[upkeep]\n|-damage|p1a: Hero|72\/100 brn|[from] brn\n|upkeep\n|\n|t:|1698061891\n|switch|p2a: Basculegion|Basculegion-F, F|77\/100\n|turn|16\n|\n|t:|1698061899\n|move|p2a: Basculegion|Flip Turn|p1a: Hero\n|-supereffective|p1a: Hero\n|-damage|p1a: Hero|0 fnt\n|faint|p1a: Hero\n|\n|t:|1698061907\n|switch|p2a: Palafin|Palafin-Hero, M|100\/100|[from] Flip Turn\n|-activate|p2a: Palafin|ability: Zero to Hero\n|\n|-weather|RainDance|[upkeep]\n|upkeep\n|\n|t:|1698061916\n|switch|p1a: Aubrey|Giratina|80\/100\n|-ability|p1a: Aubrey|Pressure\n|turn|17\n|\n|t:|1698061923\n|move|p2a: Palafin|Flip Turn|p1a: Aubrey\n|-resisted|p1a: Aubrey\n|-damage|p1a: Aubrey|52\/100\n|\n|t:|1698061925\n|switch|p2a: Palkia|Palkia-Origin|100\/100|[from] Flip Turn\n|-ability|p2a: Palkia|Pressure\n|move|p1a: Aubrey|Calm Mind|p1a: Aubrey\n|-boost|p1a: Aubrey|spa|1\n|-boost|p1a: Aubrey|spd|1\n|\n|-weather|RainDance|[upkeep]\n|-heal|p1a: Aubrey|59\/100|[from] item: Leftovers\n|upkeep\n|turn|18\n|\n|t:|1698061932\n|move|p2a: Palkia|Spacial Rend|p1a: Aubrey\n|-supereffective|p1a: Aubrey\n|-damage|p1a: Aubrey|3\/100\n|move|p1a: Aubrey|Draco Meteor|p2a: Palkia\n|-supereffective|p2a: Palkia\n|-damage|p2a: Palkia|0 fnt\n|-unboost|p1a: Aubrey|spa|2\n|faint|p2a: Palkia\n|\n|-weather|RainDance|[upkeep]\n|-heal|p1a: Aubrey|10\/100|[from] item: Leftovers\n|upkeep\n|\n|t:|1698061935\n|switch|p2a: Palafin|Palafin-Hero, M|100\/100\n|turn|19\n|\n|t:|1698061948\n|move|p2a: Palafin|Flip Turn|p1a: Aubrey\n|-resisted|p1a: Aubrey\n|-damage|p1a: Aubrey|0 fnt\n|faint|p1a: Aubrey\n|\n|t:|1698061956\n|switch|p2a: Basculegion|Basculegion-F, F|77\/100|[from] Flip Turn\n|\n|-weather|RainDance|[upkeep]\n|upkeep\n|\n|t:|1698061961\n|switch|p1a: Kel|Zamazenta-Crowned|17\/100 brn\n|turn|20\n|\n|t:|1698061967\n|move|p2a: Basculegion|Wave Crash|p1a: Kel\n|-damage|p1a: Kel|0 fnt\n|faint|p1a: Kel\n|-damage|p2a: Basculegion|72\/100|[from] Recoil\n|\n|-weather|none\n|upkeep\n|\n|t:|1698061971\n|switch|p1a: Mari|Espathra, F|72\/100\n|turn|21\n|\n|t:|1698061979\n|move|p1a: Mari|Foul Play|p2a: Basculegion\n|-supereffective|p2a: Basculegion\n|-damage|p2a: Basculegion|6\/100\n|move|p2a: Basculegion|Wave Crash|p1a: Mari\n|-damage|p1a: Mari|0 fnt\n|faint|p1a: Mari\n|-damage|p2a: Basculegion|0 fnt|[from] Recoil\n|faint|p2a: Basculegion\n|\n|upkeep\n|\n|t:|1698061984\n|switch|p1a: Basil|Ursaluna-Bloodmoon, M|91\/100\n|switch|p2a: Pelipper|Pelipper, M|38\/100\n|-weather|RainDance|[from] ability: Drizzle|[of] p2a: Pelipper\n|turn|22\n|\n|t:|1698061993\n|move|p2a: Pelipper|Weather Ball|p1a: Basil\n|-supereffective|p1a: Basil\n|-damage|p1a: Basil|0 fnt\n|faint|p1a: Basil\n|\n|win|Aipom Hoshino\n|c|\u2606Aipom Hoshino|gg\n|c|\u2606ThePuzzler13|gg\n","uploadtime":1698062000,"views":60,"p1id":"thepuzzler13","p2id":"aipomhoshino","formatid":"gen9ubers","rating":0,"private":0,"password":""}