{"id":"gen9ubers-1985733528","p1":"Robbiezilla1","p2":"RYGUY122020","format":"[Gen 9] Ubers","log":"|j|\u2606Robbiezilla1\n|j|\u2606RYGUY122020\n|t:|1699400497\n|gametype|singles\n|player|p1|Robbiezilla1|1|\n|player|p2|RYGUY122020|pokekid|\n|teamsize|p1|6\n|teamsize|p2|6\n|gen|9\n|tier|[Gen 9] Ubers\n|rule|Sleep Clause Mod: Limit one foe put to sleep\n|rule|Species Clause: Limit one of each Pok\u00e9mon\n|rule|OHKO Clause: OHKO moves are banned\n|rule|Evasion Items Clause: Evasion items are banned\n|rule|Evasion Moves Clause: Evasion moves are banned\n|rule|Endless Battle Clause: Forcing endless battles is banned\n|rule|HP Percentage Mod: HP is shown in percentages\n|clearpoke\n|poke|p1|Ceruledge, M|\n|poke|p1|Walking Wake|\n|poke|p1|Iron Treads|\n|poke|p1|Kommo-o, M|\n|poke|p1|Ditto|\n|poke|p1|Dragonite, M|\n|poke|p2|Magearna|\n|poke|p2|Flutter Mane|\n|poke|p2|Drednaw, F|\n|poke|p2|Basculegion, M|\n|poke|p2|Armarouge, M|\n|poke|p2|Pawmot, M|\n|teampreview\n|inactive|Battle timer is ON: inactive players will automatically lose when time's up. (requested by RYGUY122020)\n|\n|t:|1699400516\n|start\n|switch|p1a: Iron Treads|Iron Treads, shiny|100\/100\n|switch|p2a: Magearna|Magearna|100\/100\n|-item|p2a: Magearna|Air Balloon\n|-enditem|p1a: Iron Treads|Booster Energy\n|-activate|p1a: Iron Treads|ability: Quark Drive|[fromitem]\n|-start|p1a: Iron Treads|quarkdriveatk\n|turn|1\n|\n|t:|1699400528\n|move|p1a: Iron Treads|Stealth Rock|p2a: Magearna\n|-sidestart|p2: RYGUY122020|move: Stealth Rock\n|move|p2a: Magearna|Shift Gear|p2a: Magearna\n|-boost|p2a: Magearna|spe|2\n|-boost|p2a: Magearna|atk|1\n|\n|upkeep\n|turn|2\n|\n|t:|1699400535\n|move|p2a: Magearna|Encore|p1a: Iron Treads\n|-start|p1a: Iron Treads|Encore\n|move|p1a: Iron Treads|Stealth Rock||[still]\n|-fail|p1a: Iron Treads\n|\n|upkeep\n|turn|3\n|\n|t:|1699400541\n|-end|p1a: Iron Treads|Quark Drive|[silent]\n|switch|p1a: Ditto|Ditto, shiny|100\/100\n|-transform|p1a: Ditto|p2a: Magearna|[from] ability: Imposter\n|move|p2a: Magearna|Shift Gear|p2a: Magearna\n|-boost|p2a: Magearna|spe|2\n|-boost|p2a: Magearna|atk|1\n|\n|upkeep\n|turn|4\n|\n|t:|1699400553\n|-terastallize|p2a: Magearna|Ground\n|move|p2a: Magearna|Tera Blast|p1a: Ditto|[anim] Tera Blast Ground\n|-supereffective|p1a: Ditto\n|-enditem|p1a: Ditto|Focus Sash\n|-damage|p1a: Ditto|1\/100\n|move|p1a: Ditto|Shift Gear|p1a: Ditto\n|-boost|p1a: Ditto|spe|2\n|-boost|p1a: Ditto|atk|1\n|\n|upkeep\n|turn|5\n|\n|t:|1699400569\n|move|p2a: Magearna|Encore|p1a: Ditto\n|-start|p1a: Ditto|Encore\n|move|p1a: Ditto|Shift Gear|p1a: Ditto\n|-boost|p1a: Ditto|spe|2\n|-boost|p1a: Ditto|atk|1\n|\n|upkeep\n|turn|6\n|\n|t:|1699400578\n|move|p1a: Ditto|Shift Gear|p1a: Ditto\n|-boost|p1a: Ditto|spe|0\n|-boost|p1a: Ditto|atk|1\n|move|p2a: Magearna|Shift Gear|p2a: Magearna\n|-boost|p2a: Magearna|spe|2\n|-boost|p2a: Magearna|atk|1\n|\n|upkeep\n|turn|7\n|\n|t:|1699400590\n|move|p1a: Ditto|Shift Gear|p1a: Ditto\n|-boost|p1a: Ditto|spe|0\n|-boost|p1a: Ditto|atk|1\n|move|p2a: Magearna|Shift Gear|p2a: Magearna\n|-boost|p2a: Magearna|spe|0\n|-boost|p2a: Magearna|atk|1\n|\n|-end|p1a: Ditto|Encore\n|upkeep\n|turn|8\n|\n|t:|1699400598\n|move|p2a: Magearna|Encore|p1a: Ditto\n|-start|p1a: Ditto|Encore\n|move|p1a: Ditto|Shift Gear|p1a: Ditto\n|-boost|p1a: Ditto|spe|0\n|-boost|p1a: Ditto|atk|1\n|\n|-end|p1a: Ditto|Encore\n|upkeep\n|turn|9\n|\n|t:|1699400606\n|move|p2a: Magearna|Shift Gear|p2a: Magearna\n|-boost|p2a: Magearna|spe|0\n|-boost|p2a: Magearna|atk|1\n|move|p1a: Ditto|Iron Head|p2a: Magearna\n|-damage|p2a: Magearna|0 fnt\n|-enditem|p2a: Magearna|Air Balloon\n|faint|p2a: Magearna\n|-ability|p1a: Ditto|Soul-Heart|boost\n|-boost|p1a: Ditto|spa|1\n|\n|upkeep\n|\n|t:|1699400617\n|switch|p2a: Pawmot|Pawmot, M|100\/100\n|-damage|p2a: Pawmot|94\/100|[from] Stealth Rock\n|turn|10\n|\n|t:|1699400622\n|move|p2a: Pawmot|Mach Punch|p1a: Ditto\n|-crit|p1a: Ditto\n|-damage|p1a: Ditto|0 fnt\n|faint|p1a: Ditto\n|\n|-heal|p2a: Pawmot|100\/100|[from] item: Leftovers\n|upkeep\n|\n|t:|1699400635\n|switch|p1a: Dragonite|Dragonite, M, shiny|100\/100\n|turn|11\n|\n|t:|1699400646\n|-terastallize|p1a: Dragonite|Normal\n|move|p2a: Pawmot|Thunder Punch|p1a: Dragonite\n|-damage|p1a: Dragonite|55\/100\n|move|p1a: Dragonite|Dragon Dance|p1a: Dragonite\n|-boost|p1a: Dragonite|atk|1\n|-boost|p1a: Dragonite|spe|1\n|\n|-heal|p1a: Dragonite|61\/100|[from] item: Leftovers\n|upkeep\n|turn|12\n|\n|t:|1699400655\n|move|p1a: Dragonite|Extreme Speed|p2a: Pawmot\n|-damage|p2a: Pawmot|0 fnt\n|faint|p2a: Pawmot\n|\n|-heal|p1a: Dragonite|67\/100|[from] item: Leftovers\n|upkeep\n|\n|t:|1699400661\n|switch|p2a: Drednaw|Drednaw, F|100\/100\n|-damage|p2a: Drednaw|88\/100|[from] Stealth Rock\n|turn|13\n|\n|t:|1699400666\n|move|p1a: Dragonite|Extreme Speed|p2a: Drednaw\n|-resisted|p2a: Drednaw\n|-damage|p2a: Drednaw|44\/100\n|move|p2a: Drednaw|Shell Smash|p2a: Drednaw\n|-unboost|p2a: Drednaw|def|1\n|-unboost|p2a: Drednaw|spd|1\n|-boost|p2a: Drednaw|atk|2\n|-boost|p2a: Drednaw|spa|2\n|-boost|p2a: Drednaw|spe|2\n|\n|-heal|p1a: Dragonite|74\/100|[from] item: Leftovers\n|upkeep\n|turn|14\n|\n|t:|1699400683\n|move|p1a: Dragonite|Extreme Speed|p2a: Drednaw\n|-resisted|p2a: Drednaw\n|-damage|p2a: Drednaw|0 fnt\n|faint|p2a: Drednaw\n|\n|-heal|p1a: Dragonite|80\/100|[from] item: Leftovers\n|upkeep\n|\n|t:|1699400687\n|switch|p2a: Flutter Mane|Flutter Mane|100\/100\n|-damage|p2a: Flutter Mane|88\/100|[from] Stealth Rock\n|turn|15\n|\n|t:|1699400693\n|move|p1a: Dragonite|Extreme Speed|p2a: Flutter Mane\n|-immune|p2a: Flutter Mane\n|move|p2a: Flutter Mane|Thunder Wave|p1a: Dragonite\n|-status|p1a: Dragonite|par\n|\n|-heal|p2a: Flutter Mane|94\/100|[from] item: Leftovers\n|-heal|p1a: Dragonite|86\/100 par|[from] item: Leftovers\n|upkeep\n|turn|16\n|\n|t:|1699400708\n|cant|p1a: Dragonite|par\n|move|p2a: Flutter Mane|Calm Mind|p2a: Flutter Mane\n|-boost|p2a: Flutter Mane|spa|1\n|-boost|p2a: Flutter Mane|spd|1\n|\n|-heal|p2a: Flutter Mane|99\/100|[from] item: Leftovers\n|-heal|p1a: Dragonite|92\/100 par|[from] item: Leftovers\n|upkeep\n|turn|17\n|\n|t:|1699400716\n|move|p1a: Dragonite|Extreme Speed|p2a: Flutter Mane\n|-immune|p2a: Flutter Mane\n|move|p2a: Flutter Mane|Calm Mind|p2a: Flutter Mane\n|-boost|p2a: Flutter Mane|spa|1\n|-boost|p2a: Flutter Mane|spd|1\n|\n|-heal|p2a: Flutter Mane|100\/100|[from] item: Leftovers\n|-heal|p1a: Dragonite|98\/100 par|[from] item: Leftovers\n|upkeep\n|turn|18\n|\n|t:|1699400729\n|move|p2a: Flutter Mane|Calm Mind|p2a: Flutter Mane\n|-boost|p2a: Flutter Mane|spa|1\n|-boost|p2a: Flutter Mane|spd|1\n|move|p1a: Dragonite|Dragon Claw|p2a: Flutter Mane\n|-immune|p2a: Flutter Mane\n|\n|-heal|p1a: Dragonite|100\/100 par|[from] item: Leftovers\n|upkeep\n|turn|19\n|\n|t:|1699400740\n|move|p2a: Flutter Mane|Calm Mind|p2a: Flutter Mane\n|-boost|p2a: Flutter Mane|spa|1\n|-boost|p2a: Flutter Mane|spd|1\n|move|p1a: Dragonite|Fire Punch|p2a: Flutter Mane\n|-damage|p2a: Flutter Mane|25\/100\n|\n|-heal|p2a: Flutter Mane|31\/100|[from] item: Leftovers\n|upkeep\n|turn|20\n|\n|t:|1699400750\n|move|p2a: Flutter Mane|Shadow Ball|p1a: Dragonite\n|-immune|p1a: Dragonite\n|cant|p1a: Dragonite|par\n|\n|-heal|p2a: Flutter Mane|37\/100|[from] item: Leftovers\n|upkeep\n|turn|21\n|\n|t:|1699400767\n|switch|p1a: Ceruledge|Ceruledge, M, shiny|100\/100\n|move|p2a: Flutter Mane|Wish|p2a: Flutter Mane\n|\n|-heal|p2a: Flutter Mane|43\/100|[from] item: Leftovers\n|upkeep\n|turn|22\n|\n|t:|1699400776\n|move|p1a: Ceruledge|Shadow Sneak|p2a: Flutter Mane\n|-supereffective|p2a: Flutter Mane\n|-damage|p2a: Flutter Mane|0 fnt\n|faint|p2a: Flutter Mane\n|-end|p2a: Flutter Mane|Protosynthesis|[silent]\n|\n|upkeep\n|\n|t:|1699400779\n|switch|p2a: Armarouge|Armarouge, M|100\/100\n|-damage|p2a: Armarouge|76\/100|[from] Stealth Rock\n|turn|23\n|\n|t:|1699400784\n|move|p2a: Armarouge|Endure|p2a: Armarouge\n|-singleturn|p2a: Armarouge|move: Endure\n|move|p1a: Ceruledge|Bulk Up|p1a: Ceruledge\n|-boost|p1a: Ceruledge|atk|1\n|-boost|p1a: Ceruledge|def|1\n|\n|upkeep\n|turn|24\n|\n|t:|1699400798\n|move|p2a: Armarouge|Endure||[still]\n|-fail|p2a: Armarouge\n|move|p1a: Ceruledge|Bulk Up|p1a: Ceruledge\n|-boost|p1a: Ceruledge|atk|1\n|-boost|p1a: Ceruledge|def|1\n|\n|upkeep\n|turn|25\n|\n|t:|1699400815\n|move|p1a: Ceruledge|Bulk Up|p1a: Ceruledge\n|-boost|p1a: Ceruledge|atk|1\n|-boost|p1a: Ceruledge|def|1\n|move|p2a: Armarouge|Flame Charge|p1a: Ceruledge\n|-start|p1a: Ceruledge|ability: Flash Fire\n|\n|upkeep\n|turn|26\n|\n|t:|1699400826\n|move|p1a: Ceruledge|Bitter Blade|p2a: Armarouge\n|-resisted|p2a: Armarouge\n|-damage|p2a: Armarouge|0 fnt\n|faint|p2a: Armarouge\n|\n|upkeep\n|\n|t:|1699400830\n|switch|p2a: Basculegion|Basculegion, M|100\/100\n|-damage|p2a: Basculegion|88\/100|[from] Stealth Rock\n|turn|27\n|\n|t:|1699400834\n|move|p1a: Ceruledge|Shadow Sneak|p2a: Basculegion\n|-supereffective|p2a: Basculegion\n|-damage|p2a: Basculegion|0 fnt\n|faint|p2a: Basculegion\n|\n|win|Robbiezilla1\n","uploadtime":1699400843,"views":4,"p1id":"robbiezilla1","p2id":"ryguy122020","formatid":"gen9ubers","rating":0,"private":0,"password":""}