{"id":"gen9ubers-1992798228","p1":"AresGames629","p2":"Renardsept","format":"[Gen 9] Ubers","log":"|j|\u2606AresGames629\n|j|\u2606Renardsept\n|t:|1700236367\n|gametype|singles\n|player|p1|AresGames629|red|1303\n|player|p2|Renardsept|morty-masters|1196\n|teamsize|p1|6\n|teamsize|p2|6\n|gen|9\n|tier|[Gen 9] Ubers\n|rated|\n|rule|Sleep Clause Mod: Limit one foe put to sleep\n|rule|Species Clause: Limit one of each Pok\u00e9mon\n|rule|OHKO Clause: OHKO moves are banned\n|rule|Evasion Items Clause: Evasion items are banned\n|rule|Evasion Moves Clause: Evasion moves are banned\n|rule|Endless Battle Clause: Forcing endless battles is banned\n|rule|HP Percentage Mod: HP is shown in percentages\n|clearpoke\n|poke|p1|Landorus-Therian, M|\n|poke|p1|Flutter Mane|\n|poke|p1|Zacian-*|\n|poke|p1|Koraidon|\n|poke|p1|Miraidon|\n|poke|p1|Iron Bundle|\n|poke|p2|Klefki, M|\n|poke|p2|Typhlosion, F|\n|poke|p2|Qwilfish-Hisui, M|\n|poke|p2|Shaymin|\n|poke|p2|Bronzong|\n|poke|p2|Hoopa|\n|teampreview\n|inactive|Battle timer is ON: inactive players will automatically lose when time's up. (requested by AresGames629)\n|\n|t:|1700236372\n|start\n|switch|p1a: Landorus|Landorus-Therian, M|100\/100\n|switch|p2a: Qwilfish|Qwilfish-Hisui, M|100\/100\n|-ability|p1a: Landorus|Intimidate|boost\n|-unboost|p2a: Qwilfish|atk|1\n|-ability|p2a: Qwilfish|Intimidate|boost\n|-unboost|p1a: Landorus|atk|1\n|turn|1\n|\n|t:|1700236378\n|switch|p2a: Bronzong|Bronzong|100\/100\n|move|p1a: Landorus|Taunt|p2a: Bronzong\n|-start|p2a: Bronzong|move: Taunt\n|\n|upkeep\n|turn|2\n|\n|t:|1700236382\n|move|p1a: Landorus|Stealth Rock|p2a: Bronzong\n|-sidestart|p2: Renardsept|move: Stealth Rock\n|move|p2a: Bronzong|Ice Spinner|p1a: Landorus\n|-supereffective|p1a: Landorus\n|-damage|p1a: Landorus|0 fnt\n|faint|p1a: Landorus\n|\n|upkeep\n|\n|t:|1700236393\n|switch|p1a: Flutter Mane|Flutter Mane|100\/100\n|-enditem|p1a: Flutter Mane|Booster Energy\n|-activate|p1a: Flutter Mane|ability: Protosynthesis|[fromitem]\n|-start|p1a: Flutter Mane|protosynthesisspe\n|turn|3\n|\n|t:|1700236396\n|move|p1a: Flutter Mane|Calm Mind|p1a: Flutter Mane\n|-boost|p1a: Flutter Mane|spa|1\n|-boost|p1a: Flutter Mane|spd|1\n|move|p2a: Bronzong|Gyro Ball|p1a: Flutter Mane\n|-supereffective|p1a: Flutter Mane\n|-damage|p1a: Flutter Mane|0 fnt\n|faint|p1a: Flutter Mane\n|-end|p1a: Flutter Mane|Protosynthesis|[silent]\n|\n|-end|p2a: Bronzong|move: Taunt\n|upkeep\n|\n|t:|1700236411\n|switch|p1a: Zacian|Zacian-Crowned|100\/100\n|-ability|p1a: Zacian|Intrepid Sword|boost\n|-boost|p1a: Zacian|atk|1\n|turn|4\n|\n|t:|1700236415\n|move|p1a: Zacian|Swords Dance|p1a: Zacian\n|-boost|p1a: Zacian|atk|2\n|move|p2a: Bronzong|Stealth Rock|p1a: Zacian\n|-sidestart|p1: AresGames629|move: Stealth Rock\n|\n|upkeep\n|turn|5\n|\n|t:|1700236418\n|move|p1a: Zacian|Crunch|p2a: Bronzong\n|-supereffective|p2a: Bronzong\n|-damage|p2a: Bronzong|0 fnt\n|faint|p2a: Bronzong\n|\n|upkeep\n|\n|t:|1700236423\n|switch|p2a: Typhlosion|Typhlosion, F|100\/100\n|-damage|p2a: Typhlosion|76\/100|[from] Stealth Rock\n|turn|6\n|\n|t:|1700236427\n|move|p2a: Typhlosion|Fire Blast|p1a: Zacian\n|-supereffective|p1a: Zacian\n|-damage|p1a: Zacian|11\/100\n|move|p1a: Zacian|Crunch|p2a: Typhlosion\n|-damage|p2a: Typhlosion|0 fnt\n|faint|p2a: Typhlosion\n|\n|upkeep\n|\n|t:|1700236434\n|switch|p2a: Qwilfish|Qwilfish-Hisui, M|100\/100\n|-damage|p2a: Qwilfish|88\/100|[from] Stealth Rock\n|-ability|p2a: Qwilfish|Intimidate|boost\n|-unboost|p1a: Zacian|atk|1\n|turn|7\n|\n|t:|1700236448\n|move|p1a: Zacian|Behemoth Blade|p2a: Qwilfish\n|-damage|p2a: Qwilfish|4\/100\n|move|p2a: Qwilfish|Icy Wind|p1a: Zacian\n|-resisted|p1a: Zacian\n|-damage|p1a: Zacian|8\/100\n|-unboost|p1a: Zacian|spe|1\n|\n|upkeep\n|turn|8\n|\n|t:|1700236454\n|move|p1a: Zacian|Behemoth Blade|p2a: Qwilfish\n|-damage|p2a: Qwilfish|0 fnt\n|faint|p2a: Qwilfish\n|\n|upkeep\n|\n|t:|1700236475\n|switch|p2a: Klefki|Klefki, M|100\/100\n|-damage|p2a: Klefki|95\/100|[from] Stealth Rock\n|turn|9\n|\n|t:|1700236478\n|move|p2a: Klefki|Thunder Wave|p1a: Zacian\n|-status|p1a: Zacian|par\n|move|p1a: Zacian|Behemoth Blade|p2a: Klefki\n|-damage|p2a: Klefki|2\/100\n|\n|-heal|p2a: Klefki|8\/100|[from] item: Leftovers\n|upkeep\n|turn|10\n|\n|t:|1700236484\n|move|p2a: Klefki|Spikes|p1a: Zacian\n|-sidestart|p1: AresGames629|Spikes\n|move|p1a: Zacian|Behemoth Blade|p2a: Klefki\n|-damage|p2a: Klefki|0 fnt\n|faint|p2a: Klefki\n|\n|upkeep\n|\n|t:|1700236487\n|switch|p2a: Hoopa|Hoopa|100\/100\n|-damage|p2a: Hoopa|88\/100|[from] Stealth Rock\n|turn|11\n|\n|t:|1700236490\n|move|p2a: Hoopa|Shadow Ball|p1a: Zacian\n|-damage|p1a: Zacian|0 fnt\n|faint|p1a: Zacian\n|\n|upkeep\n|\n|t:|1700236496\n|switch|p1a: Miraidon|Miraidon|100\/100\n|-damage|p1a: Miraidon|88\/100|[from] Stealth Rock\n|-damage|p1a: Miraidon|76\/100|[from] Spikes\n|-fieldstart|move: Electric Terrain|[from] ability: Hadron Engine|[of] p1a: Miraidon\n|turn|12\n|\n|t:|1700236500\n|switch|p2a: Shaymin|Shaymin|100\/100\n|-damage|p2a: Shaymin|88\/100|[from] Stealth Rock\n|move|p1a: Miraidon|Electro Drift|p2a: Shaymin\n|-resisted|p2a: Shaymin\n|-damage|p2a: Shaymin|66\/100\n|\n|upkeep\n|turn|13\n|\n|t:|1700236508\n|move|p1a: Miraidon|Dragon Pulse|p2a: Shaymin\n|-damage|p2a: Shaymin|40\/100\n|move|p2a: Shaymin|Seed Flare|p1a: Miraidon\n|-resisted|p1a: Miraidon\n|-damage|p1a: Miraidon|59\/100\n|-unboost|p1a: Miraidon|spd|2\n|\n|upkeep\n|turn|14\n|\n|t:|1700236520\n|move|p1a: Miraidon|Calm Mind|p1a: Miraidon\n|-boost|p1a: Miraidon|spa|1\n|-boost|p1a: Miraidon|spd|1\n|move|p2a: Shaymin|Dazzling Gleam|p1a: Miraidon\n|-supereffective|p1a: Miraidon\n|-crit|p1a: Miraidon\n|-damage|p1a: Miraidon|0 fnt\n|faint|p1a: Miraidon\n|\n|upkeep\n|\n|t:|1700236522\n|switch|p1a: Iron Bundle|Iron Bundle|100\/100\n|-damage|p1a: Iron Bundle|76\/100|[from] Stealth Rock\n|-damage|p1a: Iron Bundle|63\/100|[from] Spikes\n|-activate|p1a: Iron Bundle|ability: Quark Drive\n|-start|p1a: Iron Bundle|quarkdrivespe\n|turn|15\n|\n|t:|1700236526\n|-terastallize|p2a: Shaymin|Poison\n|move|p1a: Iron Bundle|Ice Beam|p2a: Shaymin\n|-damage|p2a: Shaymin|11\/100\n|move|p2a: Shaymin|Seed Flare|p1a: Iron Bundle\n|-supereffective|p1a: Iron Bundle\n|-damage|p1a: Iron Bundle|0 fnt\n|faint|p1a: Iron Bundle\n|-end|p1a: Iron Bundle|Quark Drive|[silent]\n|\n|upkeep\n|\n|t:|1700236531\n|switch|p1a: Koraidon|Koraidon|100\/100\n|-damage|p1a: Koraidon|94\/100|[from] Stealth Rock\n|-damage|p1a: Koraidon|82\/100|[from] Spikes\n|-weather|SunnyDay|[from] ability: Orichalcum Pulse|[of] p1a: Koraidon\n|-activate|p1a: Koraidon|Orichalcum Pulse|[source]\n|turn|16\n|\n|t:|1700236536\n|move|p1a: Koraidon|U-turn|p2a: Shaymin\n|-resisted|p2a: Shaymin\n|-damage|p2a: Shaymin|0 fnt\n|faint|p2a: Shaymin\n|-damage|p1a: Koraidon|72\/100|[from] item: Life Orb\n|\n|-weather|SunnyDay|[upkeep]\n|-fieldend|move: Electric Terrain\n|upkeep\n|\n|t:|1700236538\n|switch|p2a: Hoopa|Hoopa|88\/100\n|-damage|p2a: Hoopa|76\/100|[from] Stealth Rock\n|turn|17\n|\n|t:|1700236543\n|-terastallize|p1a: Koraidon|Fire\n|move|p2a: Hoopa|Endure|p2a: Hoopa\n|-singleturn|p2a: Hoopa|move: Endure\n|move|p1a: Koraidon|Flare Blitz|p2a: Hoopa\n|-activate|p2a: Hoopa|move: Endure\n|-damage|p2a: Hoopa|1\/100\n|-damage|p1a: Koraidon|50\/100|[from] Recoil\n|-damage|p1a: Koraidon|40\/100|[from] item: Life Orb\n|\n|-weather|SunnyDay|[upkeep]\n|upkeep\n|turn|18\n|-enditem|p2a: Hoopa|Custap Berry|[eat]\n|-activate|p2a: Hoopa|item: Custap Berry|[consumed]\n|\n|t:|1700236551\n|move|p2a: Hoopa|Psychic|p1a: Koraidon\n|-damage|p1a: Koraidon|0 fnt\n|faint|p1a: Koraidon\n|\n|win|Renardsept\n|raw|AresGames629's rating: 1303 &rarr; <strong>1277<\/strong><br \/>(-26 for losing)\n|raw|Renardsept's rating: 1196 &rarr; <strong>1228<\/strong><br \/>(+32 for winning)\n|l|\u2606AresGames629\n|c|\u2606Renardsept|Gg\n","uploadtime":1700236567,"views":30,"p1id":"aresgames629","p2id":"renardsept","formatid":"gen9ubers","rating":1228,"private":0,"password":""}