{"id":"gen9ubers-1988894664","p1":"jdpapa23","p2":"399186330qqcom","format":"[Gen 9] Ubers","log":"|j|\u2606jdpapa23\n|j|\u2606399186330qqcom\n|t:|1699782892\n|gametype|singles\n|player|p1|jdpapa23|102|1025\n|player|p2|399186330qqcom|102|1035\n|teamsize|p1|6\n|teamsize|p2|6\n|gen|9\n|tier|[Gen 9] Ubers\n|rated|\n|rule|Sleep Clause Mod: Limit one foe put to sleep\n|rule|Species Clause: Limit one of each Pok\u00e9mon\n|rule|OHKO Clause: OHKO moves are banned\n|rule|Evasion Items Clause: Evasion items are banned\n|rule|Evasion Moves Clause: Evasion moves are banned\n|rule|Endless Battle Clause: Forcing endless battles is banned\n|rule|HP Percentage Mod: HP is shown in percentages\n|clearpoke\n|poke|p1|Shaymin-Sky|\n|poke|p1|Cinderace, F|\n|poke|p1|Mimikyu, M|\n|poke|p1|Diancie|\n|poke|p1|Heatran, M|\n|poke|p1|Conkeldurr, M|\n|poke|p2|Toxapex, M|\n|poke|p2|Zacian-*|\n|poke|p2|Volcanion|\n|poke|p2|Calyrex-Ice|\n|poke|p2|Eternatus|\n|poke|p2|Cryogonal|\n|teampreview\n|\n|t:|1699782897\n|start\n|switch|p1a: Diancie|Diancie|100\/100\n|switch|p2a: Toxapex|Toxapex, M|100\/100\n|turn|1\n|\n|t:|1699782909\n|move|p2a: Toxapex|Baneful Bunker|p2a: Toxapex\n|-singleturn|p2a: Toxapex|move: Protect\n|move|p1a: Diancie|Reflect|p1a: Diancie\n|-sidestart|p1: jdpapa23|Reflect\n|\n|upkeep\n|turn|2\n|\n|t:|1699782919\n|move|p1a: Diancie|Stealth Rock|p2a: Toxapex\n|-sidestart|p2: 399186330qqcom|move: Stealth Rock\n|move|p2a: Toxapex|Toxic Spikes|p1a: Diancie\n|-sidestart|p1: jdpapa23|move: Toxic Spikes\n|\n|upkeep\n|turn|3\n|\n|t:|1699782925\n|move|p1a: Diancie|Diamond Storm|p2a: Toxapex\n|-damage|p2a: Toxapex|77\/100\n|move|p2a: Toxapex|Toxic Spikes|p1a: Diancie\n|-sidestart|p1: jdpapa23|move: Toxic Spikes\n|\n|-heal|p2a: Toxapex|84\/100|[from] item: Leftovers\n|upkeep\n|turn|4\n|\n|t:|1699782936\n|move|p2a: Toxapex|Baneful Bunker|p2a: Toxapex\n|-singleturn|p2a: Toxapex|move: Protect\n|move|p1a: Diancie|Diamond Storm|p2a: Toxapex\n|-activate|p2a: Toxapex|move: Protect\n|\n|-heal|p2a: Toxapex|90\/100|[from] item: Leftovers\n|upkeep\n|turn|5\n|\n|t:|1699782950\n|move|p1a: Diancie|Diamond Storm|p2a: Toxapex\n|-damage|p2a: Toxapex|69\/100\n|-boost|p1a: Diancie|def|2\n|move|p2a: Toxapex|Tera Blast|p1a: Diancie\n|-resisted|p1a: Diancie\n|-damage|p1a: Diancie|96\/100\n|\n|-heal|p2a: Toxapex|75\/100|[from] item: Leftovers\n|-sideend|p1: jdpapa23|Reflect\n|upkeep\n|turn|6\n|inactive|Battle timer is ON: inactive players will automatically lose when time's up. (requested by 399186330qqcom)\n|\n|t:|1699783012\n|move|p1a: Diancie|Diamond Storm|p2a: Toxapex\n|-damage|p2a: Toxapex|51\/100\n|-boost|p1a: Diancie|def|2\n|move|p2a: Toxapex|Haze|p2a: Toxapex\n|-clearallboost\n|\n|-heal|p2a: Toxapex|58\/100|[from] item: Leftovers\n|upkeep\n|turn|7\n|\n|t:|1699783027\n|switch|p1a: Conkeldurr|Conkeldurr, M|100\/100\n|-status|p1a: Conkeldurr|tox\n|switch|p2a: Cryogonal|Cryogonal|100\/100\n|-damage|p2a: Cryogonal|75\/100|[from] Stealth Rock\n|\n|-heal|p2a: Cryogonal|82\/100|[from] item: Leftovers\n|-damage|p1a: Conkeldurr|94\/100 tox|[from] psn\n|upkeep\n|turn|8\n|\n|t:|1699783041\n|move|p2a: Cryogonal|Rapid Spin|p1a: Conkeldurr\n|-damage|p1a: Conkeldurr|89\/100 tox\n|-boost|p2a: Cryogonal|spe|1\n|-sideend|p2: 399186330qqcom|Stealth Rock|[from] move: Rapid Spin|[of] p2a: Cryogonal\n|move|p1a: Conkeldurr|Hammer Arm|p2a: Cryogonal\n|-supereffective|p2a: Cryogonal\n|-damage|p2a: Cryogonal|0 fnt\n|-unboost|p1a: Conkeldurr|spe|1\n|faint|p2a: Cryogonal\n|\n|-damage|p1a: Conkeldurr|77\/100 tox|[from] psn\n|upkeep\n|inactive|399186330qqcom has 120 seconds left.\n|\n|t:|1699783070\n|switch|p2a: Eternatus|Eternatus|100\/100\n|-ability|p2a: Eternatus|Pressure\n|turn|9\n|inactive|399186330qqcom has 120 seconds left.\n|\n|t:|1699783080\n|switch|p1a: Diancie|Diancie|96\/100\n|-status|p1a: Diancie|tox\n|-terastallize|p2a: Eternatus|Fairy\n|move|p2a: Eternatus|Tera Blast|p1a: Diancie|[anim] Tera Blast Fairy\n|-damage|p1a: Diancie|51\/100 tox\n|\n|-damage|p1a: Diancie|45\/100 tox|[from] psn\n|upkeep\n|turn|10\n|inactive|399186330qqcom has 120 seconds left.\n|\n|t:|1699783098\n|move|p2a: Eternatus|Sludge Bomb|p1a: Diancie\n|-damage|p1a: Diancie|0 fnt\n|faint|p1a: Diancie\n|\n|upkeep\n|inactive|jdpapa23 has 120 seconds left.\n|\n|t:|1699783141\n|switch|p1a: Heatran|Heatran, M|100\/100\n|turn|11\n|inactive|399186330qqcom has 120 seconds left.\n|\n|t:|1699783168\n|move|p2a: Eternatus|Flamethrower|p1a: Heatran\n|-start|p1a: Heatran|ability: Flash Fire\n|move|p1a: Heatran|Magma Storm|p2a: Eternatus|[miss]\n|-miss|p1a: Heatran|p2a: Eternatus\n|\n|upkeep\n|turn|12\n|inactive|399186330qqcom has 120 seconds left.\n|\n|t:|1699783178\n|switch|p2a: Volcanion|Volcanion|100\/100\n|move|p1a: Heatran|Magma Storm|p2a: Volcanion|[miss]\n|-miss|p1a: Heatran|p2a: Volcanion\n|\n|upkeep\n|turn|13\n|inactive|399186330qqcom has 120 seconds left.\n|c|\u2606jdpapa23|ima tired of this bro\n|c|\u2606jdpapa23|why  yall get all the luck\n|c|\u2606jdpapa23|and i don't get sh\n|inactive|jdpapa23 has 90 seconds left.\n|c|\u2606jdpapa23|that move as 80% accuary\n|c|\u2606jdpapa23|how the hell did it miss twice\n|inactive|jdpapa23 has 60 seconds left.\n|\n|t:|1699783240\n|move|p1a: Heatran|Power Gem|p2a: Volcanion\n|-supereffective|p2a: Volcanion\n|-damage|p2a: Volcanion|32\/100\n|move|p2a: Volcanion|Steam Eruption|p1a: Heatran\n|-supereffective|p1a: Heatran\n|-damage|p1a: Heatran|0 fnt\n|faint|p1a: Heatran\n|\n|upkeep\n|\n|t:|1699783252\n|switch|p1a: Shaymin|Shaymin-Sky|100\/100\n|turn|14\n|inactive|399186330qqcom has 120 seconds left.\n|\n|t:|1699783274\n|move|p1a: Shaymin|Air Slash|p2a: Volcanion\n|-damage|p2a: Volcanion|0 fnt\n|faint|p2a: Volcanion\n|\n|upkeep\n|\n|t:|1699783282\n|switch|p2a: Calyrex|Calyrex-Ice|100\/100\n|-ability|p2a: Calyrex|As One\n|-ability|p2a: Calyrex|Unnerve\n|turn|15\n|inactive|399186330qqcom has 120 seconds left.\n|inactive|jdpapa23 has 60 seconds left.\n|inactive|jdpapa23 has 30 seconds left.\n|\n|t:|1699783330\n|move|p1a: Shaymin|Air Slash|p2a: Calyrex\n|-damage|p2a: Calyrex|63\/100\n|cant|p2a: Calyrex|flinch\n|\n|upkeep\n|turn|16\n|inactive|jdpapa23 has 30 seconds left.\n|\n|t:|1699783346\n|move|p1a: Shaymin|Air Slash|p2a: Calyrex\n|-damage|p2a: Calyrex|20\/100\n|move|p2a: Calyrex|Glacial Lance|p1a: Shaymin\n|-supereffective|p1a: Shaymin\n|-damage|p1a: Shaymin|0 fnt\n|faint|p1a: Shaymin\n|-ability|p2a: Calyrex|Chilling Neigh|boost\n|-boost|p2a: Calyrex|atk|1\n|\n|upkeep\n|inactive|jdpapa23 has 30 seconds left.\n|\n|t:|1699783355\n|switch|p1a: Conkeldurr|Conkeldurr, M|77\/100 tox\n|turn|17\n|\n|t:|1699783367\n|switch|p2a: Eternatus|Eternatus, tera:Fairy|100\/100\n|-ability|p2a: Eternatus|Pressure\n|move|p1a: Conkeldurr|Mach Punch|p2a: Eternatus\n|-resisted|p2a: Eternatus\n|-crit|p2a: Eternatus\n|-damage|p2a: Eternatus|80\/100\n|\n|-heal|p2a: Eternatus|86\/100|[from] item: Leftovers\n|-damage|p1a: Conkeldurr|71\/100 tox|[from] psn\n|upkeep\n|turn|18\n|\n|t:|1699783382\n|switch|p1a: Mimikyu|Mimikyu, M|100\/100\n|-status|p1a: Mimikyu|tox\n|move|p2a: Eternatus|Tera Blast|p1a: Mimikyu|[anim] Tera Blast Fairy\n|-activate|p1a: Mimikyu|ability: Disguise\n|-damage|p1a: Mimikyu|100\/100 tox\n|detailschange|p1a: Mimikyu|Mimikyu-Busted, M\n|-damage|p1a: Mimikyu|88\/100 tox|[from] pokemon: Mimikyu-Busted\n|\n|-heal|p2a: Eternatus|92\/100|[from] item: Leftovers\n|-damage|p1a: Mimikyu|82\/100 tox|[from] psn\n|upkeep\n|turn|19\n|\n|t:|1699783402\n|move|p1a: Mimikyu|Shadow Sneak|p2a: Eternatus\n|-damage|p2a: Eternatus|75\/100\n|move|p2a: Eternatus|Sludge Bomb|p1a: Mimikyu\n|-damage|p1a: Mimikyu|9\/100 tox\n|\n|-heal|p2a: Eternatus|82\/100|[from] item: Leftovers\n|-damage|p1a: Mimikyu|0 fnt|[from] psn\n|faint|p1a: Mimikyu\n|upkeep\n|\n|t:|1699783413\n|switch|p1a: Cinderace|Cinderace, F|100\/100\n|-status|p1a: Cinderace|tox\n|turn|20\n|\n|t:|1699783425\n|move|p1a: Cinderace|Pyro Ball|p2a: Eternatus\n|-damage|p2a: Eternatus|28\/100\n|move|p2a: Eternatus|Dynamax Cannon|p1a: Cinderace\n|-damage|p1a: Cinderace|8\/100 tox\n|\n|-heal|p2a: Eternatus|34\/100|[from] item: Leftovers\n|-damage|p1a: Cinderace|2\/100 tox|[from] psn\n|upkeep\n|turn|21\n|\n|t:|1699783442\n|move|p1a: Cinderace|Pyro Ball|p2a: Eternatus\n|-damage|p2a: Eternatus|0 fnt\n|faint|p2a: Eternatus\n|\n|-damage|p1a: Cinderace|0 fnt|[from] psn\n|faint|p1a: Cinderace\n|upkeep\n|inactive|399186330qqcom has 90 seconds left.\n|inactive|399186330qqcom has 60 seconds left.\n|n|\u2606399186330qqcom|399186330qqcom\n|\n|t:|1699783511\n|switch|p1a: Conkeldurr|Conkeldurr, M|71\/100 tox\n|switch|p2a: Calyrex|Calyrex-Ice|20\/100\n|-ability|p2a: Calyrex|As One\n|-ability|p2a: Calyrex|Unnerve\n|turn|22\n|\n|t:|1699783523\n|move|p1a: Conkeldurr|Mach Punch|p2a: Calyrex\n|-damage|p2a: Calyrex|0 fnt\n|faint|p2a: Calyrex\n|\n|-damage|p1a: Conkeldurr|65\/100 tox|[from] psn\n|upkeep\n|\n|t:|1699783534\n|switch|p2a: Toxapex|Toxapex, M|91\/100\n|turn|23\n|c|\u2606jdpapa23|send him out\n|c|\u2606jdpapa23|i dare you\n|c|\u2606jdpapa23|YEAH\n|inactive|jdpapa23 has 60 seconds left.\n|\n|t:|1699783544\n|move|p1a: Conkeldurr|Earthquake|p2a: Toxapex\n|-supereffective|p2a: Toxapex\n|-damage|p2a: Toxapex|12\/100\n|move|p2a: Toxapex|Tera Blast|p1a: Conkeldurr\n|-crit|p1a: Conkeldurr\n|-damage|p1a: Conkeldurr|44\/100 tox\n|\n|-heal|p2a: Toxapex|18\/100|[from] item: Leftovers\n|-damage|p1a: Conkeldurr|32\/100 tox|[from] psn\n|upkeep\n|turn|24\n|c|\u2606jdpapa23|BLUCH\n|inactive|jdpapa23 has 60 seconds left.\n|\n|t:|1699783556\n|move|p2a: Toxapex|Baneful Bunker|p2a: Toxapex\n|-singleturn|p2a: Toxapex|move: Protect\n|move|p1a: Conkeldurr|Earthquake|p2a: Toxapex\n|-activate|p2a: Toxapex|move: Protect\n|\n|-heal|p2a: Toxapex|25\/100|[from] item: Leftovers\n|-damage|p1a: Conkeldurr|14\/100 tox|[from] psn\n|upkeep\n|turn|25\n|c|\u2606jdpapa23|u only won bc of\n|c|\u2606jdpapa23|rng\n|inactive|jdpapa23 has 60 seconds left.\n|\n|t:|1699783567\n|move|p2a: Toxapex|Baneful Bunker||[still]\n|-fail|p2a: Toxapex\n|move|p1a: Conkeldurr|Earthquake|p2a: Toxapex\n|-supereffective|p2a: Toxapex\n|-damage|p2a: Toxapex|0 fnt\n|faint|p2a: Toxapex\n|\n|-damage|p1a: Conkeldurr|0 fnt|[from] psn\n|faint|p1a: Conkeldurr\n|\n|win|399186330qqcom\n|upkeep\n|raw|jdpapa23's rating: 1025 &rarr; <strong>1012<\/strong><br \/>(-13 for losing)\n|raw|399186330qqcom's rating: 1035 &rarr; <strong>1069<\/strong><br \/>(+34 for winning)\n|c|\u2606jdpapa23|1 mon left\n","uploadtime":1699783582,"views":7,"p1id":"jdpapa23","p2id":"399186330qqcom","formatid":"gen9ubers","rating":1012,"private":0,"password":""}