{"id":"gen9ubers-1973810434","p1":"Backshotsonly","p2":"Anne Frankkkk","format":"[Gen 9] Ubers","log":"|j|\u2606Backshotsonly\n|j|\u2606Anne Frankkkk\n|t:|1698015937\n|gametype|singles\n|player|p1|Backshotsonly|benga|1099\n|player|p2|Anne Frankkkk|hilbert|1125\n|teamsize|p1|6\n|teamsize|p2|6\n|gen|9\n|tier|[Gen 9] Ubers\n|rated|\n|rule|Sleep Clause Mod: Limit one foe put to sleep\n|rule|Species Clause: Limit one of each Pok\u00e9mon\n|rule|OHKO Clause: OHKO moves are banned\n|rule|Evasion Items Clause: Evasion items are banned\n|rule|Evasion Moves Clause: Evasion moves are banned\n|rule|Endless Battle Clause: Forcing endless battles is banned\n|rule|HP Percentage Mod: HP is shown in percentages\n|clearpoke\n|poke|p1|Regieleki|\n|poke|p1|Baxcalibur, F|\n|poke|p1|Espathra, M|\n|poke|p1|Ursaluna-Bloodmoon, M|\n|poke|p1|Zacian-*|\n|poke|p1|Shaymin-Sky|\n|poke|p2|Iron Hands|\n|poke|p2|Kyogre|\n|poke|p2|Chien-Pao|\n|poke|p2|Ribombee, M|\n|poke|p2|Miraidon|\n|poke|p2|Iron Moth|\n|teampreview\n|\n|t:|1698015945\n|start\n|switch|p1a: Baxcalibur|Baxcalibur, F|100\/100\n|switch|p2a: Ribombee|Ribombee, M, shiny|100\/100\n|turn|1\n|\n|t:|1698015951\n|move|p2a: Ribombee|Sticky Web|p1a: Baxcalibur\n|-sidestart|p1: Backshotsonly|move: Sticky Web\n|move|p1a: Baxcalibur|Dragon Dance|p1a: Baxcalibur\n|-boost|p1a: Baxcalibur|atk|1\n|-boost|p1a: Baxcalibur|spe|1\n|\n|upkeep\n|turn|2\n|inactive|Battle timer is ON: inactive players will automatically lose when time's up. (requested by Anne Frankkkk)\n|\n|t:|1698015963\n|move|p2a: Ribombee|Moonblast|p1a: Baxcalibur\n|-supereffective|p1a: Baxcalibur\n|-damage|p1a: Baxcalibur|27\/100\n|move|p1a: Baxcalibur|Dragon Dance|p1a: Baxcalibur\n|-boost|p1a: Baxcalibur|atk|1\n|-boost|p1a: Baxcalibur|spe|1\n|\n|upkeep\n|turn|3\n|\n|t:|1698015970\n|move|p1a: Baxcalibur|Ice Shard|p2a: Ribombee\n|-enditem|p2a: Ribombee|Focus Sash\n|-damage|p2a: Ribombee|1\/100\n|move|p2a: Ribombee|Moonblast|p1a: Baxcalibur\n|-supereffective|p1a: Baxcalibur\n|-damage|p1a: Baxcalibur|0 fnt\n|faint|p1a: Baxcalibur\n|\n|upkeep\n|\n|t:|1698015979\n|switch|p1a: Regieleki|Regieleki|100\/100\n|turn|4\n|\n|t:|1698015982\n|move|p1a: Regieleki|Rapid Spin|p2a: Ribombee\n|-damage|p2a: Ribombee|0 fnt\n|-boost|p1a: Regieleki|spe|1\n|-sideend|p1: Backshotsonly|Sticky Web|[from] move: Rapid Spin|[of] p1a: Regieleki\n|faint|p2a: Ribombee\n|\n|upkeep\n|\n|t:|1698015985\n|switch|p2a: Iron Hands|Iron Hands, shiny|100\/100\n|turn|5\n|\n|t:|1698015992\n|move|p2a: Iron Hands|Fake Out|p1a: Regieleki\n|-damage|p1a: Regieleki|73\/100\n|cant|p1a: Regieleki|flinch\n|\n|upkeep\n|turn|6\n|\n|t:|1698015998\n|move|p1a: Regieleki|Volt Switch|p2a: Iron Hands\n|-resisted|p2a: Iron Hands\n|-damage|p2a: Iron Hands|88\/100\n|\n|t:|1698016015\n|switch|p1a: Zacian|Zacian-Crowned|100\/100|[from] Volt Switch\n|-ability|p1a: Zacian|Intrepid Sword|boost\n|-boost|p1a: Zacian|atk|1\n|move|p2a: Iron Hands|Drain Punch|p1a: Zacian\n|-damage|p1a: Zacian|61\/100\n|-heal|p2a: Iron Hands|100\/100|[from] drain|[of] p1a: Zacian\n|\n|upkeep\n|turn|7\n|\n|t:|1698016030\n|move|p1a: Zacian|Play Rough|p2a: Iron Hands\n|-supereffective|p2a: Iron Hands\n|-damage|p2a: Iron Hands|7\/100\n|move|p2a: Iron Hands|Wild Charge|p1a: Zacian\n|-damage|p1a: Zacian|13\/100\n|-damage|p2a: Iron Hands|0 fnt|[from] Recoil\n|faint|p2a: Iron Hands\n|-end|p2a: Iron Hands|Quark Drive|[silent]\n|\n|upkeep\n|\n|t:|1698016037\n|switch|p2a: Chien-Pao|Chien-Pao|100\/100\n|-ability|p2a: Chien-Pao|Sword of Ruin\n|turn|8\n|\n|t:|1698016044\n|move|p2a: Chien-Pao|Sucker Punch|p1a: Zacian\n|-resisted|p1a: Zacian\n|-damage|p1a: Zacian|0 fnt\n|faint|p1a: Zacian\n|-damage|p2a: Chien-Pao|91\/100|[from] item: Life Orb\n|\n|upkeep\n|\n|t:|1698016061\n|switch|p1a: Espathra|Espathra, M|100\/100\n|turn|9\n|\n|t:|1698016080\n|-terastallize|p2a: Chien-Pao|Flying\n|move|p1a: Espathra|Protect|p1a: Espathra\n|-singleturn|p1a: Espathra|Protect\n|move|p2a: Chien-Pao|Swords Dance|p2a: Chien-Pao\n|-boost|p2a: Chien-Pao|atk|2\n|\n|-ability|p1a: Espathra|Speed Boost|boost\n|-boost|p1a: Espathra|spe|1\n|upkeep\n|turn|10\n|\n|t:|1698016100\n|move|p2a: Chien-Pao|Sucker Punch|p1a: Espathra\n|-supereffective|p1a: Espathra\n|-damage|p1a: Espathra|0 fnt\n|faint|p1a: Espathra\n|-damage|p2a: Chien-Pao|81\/100|[from] item: Life Orb\n|\n|upkeep\n|\n|t:|1698016108\n|switch|p1a: Regieleki|Regieleki|73\/100\n|turn|11\n|\n|t:|1698016111\n|move|p2a: Chien-Pao|Sucker Punch||[still]\n|-fail|p2a: Chien-Pao\n|move|p1a: Regieleki|Thunder Wave|p2a: Chien-Pao\n|-status|p2a: Chien-Pao|par\n|\n|upkeep\n|turn|12\n|\n|t:|1698016137\n|cant|p2a: Chien-Pao|par\n|move|p1a: Regieleki|Volt Switch|p2a: Chien-Pao\n|-supereffective|p2a: Chien-Pao\n|-damage|p2a: Chien-Pao|0 fnt\n|faint|p2a: Chien-Pao\n|inactive|Backshotsonly has 120 seconds left.\n|\n|t:|1698016150\n|switch|p1a: Shaymin|Shaymin-Sky|100\/100|[from] Volt Switch\n|\n|upkeep\n|\n|t:|1698016159\n|switch|p2a: Iron Moth|Iron Moth, shiny|100\/100\n|turn|13\n|inactive|Backshotsonly has 120 seconds left.\n|\n|t:|1698016175\n|move|p1a: Shaymin|Earth Power|p2a: Iron Moth\n|-supereffective|p2a: Iron Moth\n|-damage|p2a: Iron Moth|0 fnt\n|faint|p2a: Iron Moth\n|-end|p2a: Iron Moth|Quark Drive|[silent]\n|-damage|p1a: Shaymin|91\/100|[from] item: Life Orb\n|\n|upkeep\n|\n|t:|1698016182\n|switch|p2a: Kyogre|Kyogre|100\/100\n|-weather|RainDance|[from] ability: Drizzle|[of] p2a: Kyogre\n|turn|14\n|\n|t:|1698016191\n|move|p1a: Shaymin|Air Slash|p2a: Kyogre\n|-damage|p2a: Kyogre|61\/100\n|-damage|p1a: Shaymin|81\/100|[from] item: Life Orb\n|move|p2a: Kyogre|Ice Beam|p1a: Shaymin\n|-supereffective|p1a: Shaymin\n|-damage|p1a: Shaymin|0 fnt\n|faint|p1a: Shaymin\n|\n|-weather|RainDance|[upkeep]\n|upkeep\n|\n|t:|1698016200\n|switch|p1a: Regieleki|Regieleki|73\/100\n|turn|15\n|\n|t:|1698016204\n|move|p1a: Regieleki|Thunderbolt|p2a: Kyogre\n|-supereffective|p2a: Kyogre\n|-damage|p2a: Kyogre|0 fnt\n|faint|p2a: Kyogre\n|\n|-weather|RainDance|[upkeep]\n|upkeep\n|\n|t:|1698016206\n|switch|p2a: Miraidon|Miraidon|100\/100\n|-fieldstart|move: Electric Terrain|[from] ability: Hadron Engine|[of] p2a: Miraidon\n|-item|p2a: Miraidon|Air Balloon\n|turn|16\n|\n|t:|1698016223\n|move|p2a: Miraidon|Protect|p2a: Miraidon\n|-singleturn|p2a: Miraidon|Protect\n|move|p1a: Regieleki|Thunderbolt|p2a: Miraidon\n|-activate|p2a: Miraidon|move: Protect\n|\n|-weather|RainDance|[upkeep]\n|upkeep\n|turn|17\n|\n|t:|1698016229\n|move|p1a: Regieleki|Thunderbolt|p2a: Miraidon\n|-resisted|p2a: Miraidon\n|-damage|p2a: Miraidon|85\/100\n|-enditem|p2a: Miraidon|Air Balloon\n|move|p2a: Miraidon|Calm Mind|p2a: Miraidon\n|-boost|p2a: Miraidon|spa|1\n|-boost|p2a: Miraidon|spd|1\n|\n|-weather|RainDance|[upkeep]\n|upkeep\n|turn|18\n|\n|t:|1698016253\n|switch|p1a: Ursaluna|Ursaluna-Bloodmoon, M|100\/100\n|move|p2a: Miraidon|Calm Mind|p2a: Miraidon\n|-boost|p2a: Miraidon|spa|1\n|-boost|p2a: Miraidon|spd|1\n|\n|-weather|none\n|upkeep\n|turn|19\n|\n|t:|1698016262\n|move|p2a: Miraidon|Dragon Pulse|p1a: Ursaluna\n|-damage|p1a: Ursaluna|0 fnt\n|faint|p1a: Ursaluna\n|\n|upkeep\n|\n|t:|1698016266\n|switch|p1a: Regieleki|Regieleki|73\/100\n|turn|20\n|\n|t:|1698016270\n|move|p1a: Regieleki|Thunderbolt|p2a: Miraidon\n|-resisted|p2a: Miraidon\n|-damage|p2a: Miraidon|77\/100\n|move|p2a: Miraidon|Dragon Pulse|p1a: Regieleki\n|-damage|p1a: Regieleki|0 fnt\n|faint|p1a: Regieleki\n|\n|win|Anne Frankkkk\n|raw|Backshotsonly's rating: 1099 &rarr; <strong>1076<\/strong><br \/>(-23 for losing)\n|raw|Anne Frankkkk's rating: 1125 &rarr; <strong>1148<\/strong><br \/>(+23 for winning)\n","uploadtime":1698016278,"views":10,"p1id":"backshotsonly","p2id":"annefrankkkk","formatid":"gen9ubers","rating":1076,"private":0,"password":""}