{"id":"gen9ubers-1999432770","p1":"Geoff Keighly","p2":"Donkelyn","format":"[Gen 9] Ubers","log":"|j|\u2606Geoff Keighly\n|j|\u2606Donkelyn\n|t:|1701079626\n|gametype|singles\n|player|p1|Geoff Keighly|eusine|\n|player|p2|Donkelyn|101|\n|teamsize|p1|6\n|teamsize|p2|6\n|gen|9\n|tier|[Gen 9] Ubers\n|rule|Sleep Clause Mod: Limit one foe put to sleep\n|rule|Species Clause: Limit one of each Pok\u00e9mon\n|rule|OHKO Clause: OHKO moves are banned\n|rule|Evasion Items Clause: Evasion items are banned\n|rule|Evasion Moves Clause: Evasion moves are banned\n|rule|Endless Battle Clause: Forcing endless battles is banned\n|rule|HP Percentage Mod: HP is shown in percentages\n|clearpoke\n|poke|p1|Vivillon-Marine, M|\n|poke|p1|Espathra, F|\n|poke|p1|Revavroom, M|\n|poke|p1|Ditto|\n|poke|p1|Garchomp, M|\n|poke|p1|Lycanroc, F|\n|poke|p2|Great Tusk|\n|poke|p2|Cinderace, F|\n|poke|p2|Slowking, M|\n|poke|p2|Hoopa-Unbound|\n|poke|p2|Walking Wake|\n|poke|p2|Tornadus-Therian, M|\n|teampreview\n|\n|t:|1701079647\n|start\n|switch|p1a: Zelda:TotK|Espathra, F, shiny|100\/100\n|switch|p2a: Great Tusk|Great Tusk|100\/100\n|turn|1\n|\n|t:|1701079672\n|-end|p2a: Great Tusk|Protosynthesis|[silent]\n|switch|p2a: Hoopa|Hoopa-Unbound|100\/100\n|move|p1a: Zelda:TotK|Calm Mind|p1a: Zelda:TotK\n|-boost|p1a: Zelda:TotK|spa|1\n|-boost|p1a: Zelda:TotK|spd|1\n|\n|-ability|p1a: Zelda:TotK|Speed Boost|boost\n|-boost|p1a: Zelda:TotK|spe|1\n|upkeep\n|turn|2\n|\n|t:|1701079701\n|move|p1a: Zelda:TotK|Calm Mind|p1a: Zelda:TotK\n|-boost|p1a: Zelda:TotK|spa|1\n|-boost|p1a: Zelda:TotK|spd|1\n|move|p2a: Hoopa|Hyperspace Fury|p1a: Zelda:TotK\n|-supereffective|p1a: Zelda:TotK\n|-enditem|p1a: Zelda:TotK|Focus Sash\n|-damage|p1a: Zelda:TotK|1\/100\n|-unboost|p2a: Hoopa|def|1\n|\n|-ability|p1a: Zelda:TotK|Speed Boost|boost\n|-boost|p1a: Zelda:TotK|spe|1\n|upkeep\n|turn|3\n|\n|t:|1701079712\n|move|p1a: Zelda:TotK|Dazzling Gleam|p2a: Hoopa\n|-supereffective|p2a: Hoopa\n|-crit|p2a: Hoopa\n|-damage|p2a: Hoopa|0 fnt\n|faint|p2a: Hoopa\n|\n|-ability|p1a: Zelda:TotK|Speed Boost|boost\n|-boost|p1a: Zelda:TotK|spe|1\n|upkeep\n|\n|t:|1701079717\n|switch|p2a: Cinderace|Cinderace, F|100\/100\n|turn|4\n|\n|t:|1701079725\n|move|p1a: Zelda:TotK|Protect|p1a: Zelda:TotK\n|-singleturn|p1a: Zelda:TotK|Protect\n|move|p2a: Cinderace|U-turn|p1a: Zelda:TotK\n|-start|p2a: Cinderace|typechange|Bug|[from] ability: Libero\n|-activate|p1a: Zelda:TotK|move: Protect\n|\n|-ability|p1a: Zelda:TotK|Speed Boost|boost\n|-boost|p1a: Zelda:TotK|spe|1\n|upkeep\n|turn|5\n|\n|t:|1701079741\n|move|p1a: Zelda:TotK|Stored Power|p2a: Cinderace\n|-damage|p2a: Cinderace|0 fnt\n|faint|p2a: Cinderace\n|\n|-ability|p1a: Zelda:TotK|Speed Boost|boost\n|-boost|p1a: Zelda:TotK|spe|1\n|upkeep\n|\n|t:|1701079749\n|switch|p2a: Slowking|Slowking, M|100\/100\n|turn|6\n|\n|t:|1701079757\n|move|p1a: Zelda:TotK|Stored Power|p2a: Slowking\n|-resisted|p2a: Slowking\n|-damage|p2a: Slowking|29\/100\n|move|p2a: Slowking|Scald|p1a: Zelda:TotK\n|-damage|p1a: Zelda:TotK|0 fnt\n|faint|p1a: Zelda:TotK\n|\n|upkeep\n|\n|t:|1701079789\n|switch|p1a: Resident Evil 4|Vivillon-Marine, M|100\/100\n|turn|7\n|\n|t:|1701079797\n|switch|p2a: Tornadus|Tornadus-Therian, M|100\/100\n|move|p1a: Resident Evil 4|Sleep Powder|p2a: Tornadus\n|-status|p2a: Tornadus|slp|[from] move: Sleep Powder\n|\n|upkeep\n|turn|8\n|\n|t:|1701079808\n|cant|p2a: Tornadus|slp\n|move|p1a: Resident Evil 4|Quiver Dance|p1a: Resident Evil 4\n|-boost|p1a: Resident Evil 4|spa|1\n|-boost|p1a: Resident Evil 4|spd|1\n|-boost|p1a: Resident Evil 4|spe|1\n|\n|upkeep\n|turn|9\n|\n|t:|1701079828\n|-terastallize|p1a: Resident Evil 4|Steel\n|move|p1a: Resident Evil 4|Quiver Dance|p1a: Resident Evil 4\n|-boost|p1a: Resident Evil 4|spa|1\n|-boost|p1a: Resident Evil 4|spd|1\n|-boost|p1a: Resident Evil 4|spe|1\n|cant|p2a: Tornadus|slp\n|\n|upkeep\n|turn|10\n|\n|t:|1701079836\n|move|p1a: Resident Evil 4|Hurricane|p2a: Tornadus\n|-damage|p2a: Tornadus|38\/100 slp\n|-curestatus|p2a: Tornadus|slp|[msg]\n|move|p2a: Tornadus|Heat Wave|p1a: Resident Evil 4\n|-supereffective|p1a: Resident Evil 4\n|-damage|p1a: Resident Evil 4|57\/100\n|\n|upkeep\n|turn|11\n|\n|t:|1701079848\n|switch|p2a: Slowking|Slowking, M|62\/100\n|move|p1a: Resident Evil 4|Hurricane|p2a: Slowking\n|-damage|p2a: Slowking|0 fnt\n|faint|p2a: Slowking\n|\n|upkeep\n|\n|t:|1701079857\n|switch|p2a: Walking Wake|Walking Wake|100\/100\n|turn|12\n|\n|t:|1701079867\n|move|p1a: Resident Evil 4|Hurricane|p2a: Walking Wake\n|-damage|p2a: Walking Wake|4\/100\n|move|p2a: Walking Wake|Flamethrower|p1a: Resident Evil 4\n|-supereffective|p1a: Resident Evil 4\n|-damage|p1a: Resident Evil 4|0 fnt\n|faint|p1a: Resident Evil 4\n|\n|upkeep\n|\n|t:|1701079885\n|switch|p1a: Mario Bros Wonder|Ditto|100\/100\n|-transform|p1a: Mario Bros Wonder|p2a: Walking Wake|[from] ability: Imposter\n|turn|13\n|\n|t:|1701079904\n|move|p1a: Mario Bros Wonder|Dragon Pulse|p2a: Walking Wake\n|-supereffective|p2a: Walking Wake\n|-damage|p2a: Walking Wake|0 fnt\n|faint|p2a: Walking Wake\n|-end|p2a: Walking Wake|Protosynthesis|[silent]\n|\n|upkeep\n|\n|t:|1701079909\n|switch|p2a: Tornadus|Tornadus-Therian, M|71\/100\n|turn|14\n|\n|t:|1701079913\n|move|p1a: Mario Bros Wonder|Dragon Pulse|p2a: Tornadus\n|-crit|p2a: Tornadus\n|-damage|p2a: Tornadus|28\/100\n|move|p2a: Tornadus|U-turn|p1a: Mario Bros Wonder\n|-damage|p1a: Mario Bros Wonder|82\/100\n|\n|t:|1701079918\n|switch|p2a: Great Tusk|Great Tusk|100\/100|[from] U-turn\n|\n|upkeep\n|turn|15\n|\n|t:|1701079924\n|move|p1a: Mario Bros Wonder|Dragon Pulse|p2a: Great Tusk\n|-damage|p2a: Great Tusk|36\/100\n|move|p2a: Great Tusk|Close Combat|p1a: Mario Bros Wonder\n|-damage|p1a: Mario Bros Wonder|10\/100\n|-unboost|p2a: Great Tusk|def|1\n|-unboost|p2a: Great Tusk|spd|1\n|\n|upkeep\n|turn|16\n|\n|t:|1701079934\n|move|p1a: Mario Bros Wonder|Dragon Pulse|p2a: Great Tusk\n|-damage|p2a: Great Tusk|0 fnt\n|faint|p2a: Great Tusk\n|-end|p2a: Great Tusk|Protosynthesis|[silent]\n|\n|upkeep\n|\n|t:|1701079935\n|switch|p2a: Tornadus|Tornadus-Therian, M|61\/100\n|turn|17\n|\n|t:|1701079948\n|-end|p1a: Mario Bros Wonder|Protosynthesis|[silent]\n|switch|p1a: Spider-Man 2|Lycanroc, F|100\/100\n|move|p2a: Tornadus|Knock Off|p1a: Spider-Man 2\n|-damage|p1a: Spider-Man 2|68\/100\n|-enditem|p1a: Spider-Man 2|Life Orb|[from] move: Knock Off|[of] p2a: Tornadus\n|\n|upkeep\n|turn|18\n|\n|t:|1701079959\n|move|p2a: Tornadus|Hurricane|p1a: Spider-Man 2\n|-resisted|p1a: Spider-Man 2\n|-damage|p1a: Spider-Man 2|36\/100\n|move|p1a: Spider-Man 2|Stone Edge|p2a: Tornadus|[miss]\n|-miss|p1a: Spider-Man 2|p2a: Tornadus\n|\n|upkeep\n|turn|19\n|\n|t:|1701079966\n|move|p2a: Tornadus|Hurricane|p1a: Spider-Man 2|[miss]\n|-miss|p2a: Tornadus|p1a: Spider-Man 2\n|move|p1a: Spider-Man 2|Stone Edge|p2a: Tornadus\n|-supereffective|p2a: Tornadus\n|-damage|p2a: Tornadus|0 fnt\n|faint|p2a: Tornadus\n|\n|win|Geoff Keighly\n","uploadtime":1701080155,"views":26,"p1id":"geoffkeighly","p2id":"donkelyn","formatid":"gen9ubers","rating":0,"private":0,"password":""}