{"id":"gen9ubers-1968351885","p1":"Spidokin","p2":"Neutralist","format":"[Gen 9] Ubers","log":"|j|\u2606Spidokin\n|j|\u2606Neutralist\n|t:|1697409098\n|gametype|singles\n|player|p1|Spidokin|blue|1480\n|player|p2|Neutralist|266|1421\n|teamsize|p1|6\n|teamsize|p2|6\n|gen|9\n|tier|[Gen 9] Ubers\n|rated|\n|rule|Sleep Clause Mod: Limit one foe put to sleep\n|rule|Species Clause: Limit one of each Pok\u00e9mon\n|rule|OHKO Clause: OHKO moves are banned\n|rule|Evasion Items Clause: Evasion items are banned\n|rule|Evasion Moves Clause: Evasion moves are banned\n|rule|Endless Battle Clause: Forcing endless battles is banned\n|rule|HP Percentage Mod: HP is shown in percentages\n|clearpoke\n|poke|p1|Koraidon|\n|poke|p1|Zacian-*|\n|poke|p1|Landorus-Therian, M|\n|poke|p1|Arceus-Fairy|\n|poke|p1|Eternatus|\n|poke|p1|Gliscor, M|\n|poke|p2|Koraidon|\n|poke|p2|Ogerpon-Hearthflame, F|\n|poke|p2|Regieleki|\n|poke|p2|Arceus-Ground|\n|poke|p2|Zacian-*|\n|poke|p2|Flutter Mane|\n|teampreview\n|\n|t:|1697409106\n|start\n|switch|p1a: Gliscor|Gliscor, M|100\/100\n|switch|p2a: Flutter Mane|Flutter Mane|100\/100\n|turn|1\n|\n|t:|1697409111\n|move|p2a: Flutter Mane|Moonblast|p1a: Gliscor\n|-damage|p1a: Gliscor|25\/100\n|-unboost|p1a: Gliscor|spa|1\n|move|p1a: Gliscor|Toxic|p2a: Flutter Mane\n|-status|p2a: Flutter Mane|tox\n|\n|-damage|p2a: Flutter Mane|95\/100 tox|[from] psn\n|-status|p1a: Gliscor|tox|[from] item: Toxic Orb\n|upkeep\n|turn|2\n|\n|t:|1697409114\n|move|p1a: Gliscor|Protect|p1a: Gliscor\n|-singleturn|p1a: Gliscor|Protect\n|move|p2a: Flutter Mane|Moonblast|p1a: Gliscor\n|-activate|p1a: Gliscor|move: Protect\n|\n|-damage|p2a: Flutter Mane|83\/100 tox|[from] psn\n|-heal|p1a: Gliscor|38\/100 tox|[from] ability: Poison Heal\n|upkeep\n|turn|3\n|\n|t:|1697409121\n|switch|p1a: Kobe|Zacian-Crowned|100\/100\n|-ability|p1a: Kobe|Intrepid Sword|boost\n|-boost|p1a: Kobe|atk|1\n|move|p2a: Flutter Mane|Moonblast|p1a: Kobe\n|-resisted|p1a: Kobe\n|-damage|p1a: Kobe|64\/100\n|\n|-damage|p2a: Flutter Mane|65\/100 tox|[from] psn\n|upkeep\n|turn|4\n|\n|t:|1697409129\n|-end|p2a: Flutter Mane|Protosynthesis|[silent]\n|switch|p2a: Regieleki|Regieleki|100\/100\n|move|p1a: Kobe|Behemoth Blade|p2a: Regieleki\n|-resisted|p2a: Regieleki\n|-damage|p2a: Regieleki|35\/100\n|\n|upkeep\n|turn|5\n|\n|t:|1697409135\n|switch|p1a: Gliscor|Gliscor, M|38\/100 tox\n|move|p2a: Regieleki|Reflect|p2a: Regieleki\n|-sidestart|p2: Neutralist|Reflect\n|\n|-heal|p1a: Gliscor|50\/100 tox|[from] ability: Poison Heal\n|upkeep\n|turn|6\n|\n|t:|1697409141\n|move|p2a: Regieleki|Light Screen|p2a: Regieleki\n|-sidestart|p2: Neutralist|move: Light Screen\n|move|p1a: Gliscor|Earthquake|p2a: Regieleki\n|-supereffective|p2a: Regieleki\n|-damage|p2a: Regieleki|0 fnt\n|faint|p2a: Regieleki\n|\n|-heal|p1a: Gliscor|63\/100 tox|[from] ability: Poison Heal\n|upkeep\n|\n|t:|1697409146\n|switch|p2a: Flutter Mane|Flutter Mane|65\/100 tox\n|turn|7\n|\n|t:|1697409153\n|move|p1a: Gliscor|Protect|p1a: Gliscor\n|-singleturn|p1a: Gliscor|Protect\n|move|p2a: Flutter Mane|Shadow Ball|p1a: Gliscor\n|-activate|p1a: Gliscor|move: Protect\n|\n|-damage|p2a: Flutter Mane|59\/100 tox|[from] psn\n|-heal|p1a: Gliscor|75\/100 tox|[from] ability: Poison Heal\n|upkeep\n|turn|8\n|\n|t:|1697409160\n|move|p2a: Flutter Mane|Shadow Ball|p1a: Gliscor\n|-damage|p1a: Gliscor|13\/100 tox\n|move|p1a: Gliscor|Earthquake|p2a: Flutter Mane\n|-damage|p2a: Flutter Mane|25\/100 tox\n|\n|-damage|p2a: Flutter Mane|13\/100 tox|[from] psn\n|-heal|p1a: Gliscor|25\/100 tox|[from] ability: Poison Heal\n|upkeep\n|turn|9\n|\n|t:|1697409169\n|-end|p2a: Flutter Mane|Protosynthesis|[silent]\n|switch|p2a: Ogerpon|Ogerpon-Hearthflame, F|100\/100\n|-ability|p2a: Ogerpon|Mold Breaker\n|move|p1a: Gliscor|Protect||[still]\n|-fail|p1a: Gliscor\n|\n|-heal|p1a: Gliscor|38\/100 tox|[from] ability: Poison Heal\n|upkeep\n|turn|10\n|\n|t:|1697409176\n|switch|p1a: Shaq|Koraidon|100\/100\n|-weather|SunnyDay|[from] ability: Orichalcum Pulse|[of] p1a: Shaq\n|-activate|p1a: Shaq|Orichalcum Pulse|[source]\n|move|p2a: Ogerpon|Ivy Cudgel|p1a: Shaq\n|-resisted|p1a: Shaq\n|-damage|p1a: Shaq|63\/100\n|\n|-weather|SunnyDay|[upkeep]\n|upkeep\n|turn|11\n|\n|t:|1697409187\n|-terastallize|p2a: Ogerpon|Fire\n|detailschange|p2a: Ogerpon|Ogerpon-Hearthflame-Tera, F, tera:Fire\n|-ability|p2a: Ogerpon|Embody Aspect (Hearthflame)|boost\n|-boost|p2a: Ogerpon|atk|1\n|move|p1a: Shaq|Flare Blitz|p2a: Ogerpon\n|-resisted|p2a: Ogerpon\n|-damage|p2a: Ogerpon|73\/100\n|-damage|p1a: Shaq|55\/100|[from] Recoil\n|move|p2a: Ogerpon|Trailblaze|p1a: Shaq\n|-resisted|p1a: Shaq\n|-damage|p1a: Shaq|35\/100\n|-boost|p2a: Ogerpon|spe|1\n|\n|-weather|SunnyDay|[upkeep]\n|upkeep\n|turn|12\n|\n|t:|1697409206\n|switch|p1a: Landorus|Landorus-Therian, M|100\/100\n|-ability|p1a: Landorus|Intimidate|boost\n|-unboost|p2a: Ogerpon|atk|1\n|move|p2a: Ogerpon|Horn Leech|p1a: Landorus\n|-damage|p1a: Landorus|72\/100\n|-heal|p2a: Ogerpon|92\/100|[from] drain|[of] p1a: Landorus\n|-damage|p2a: Ogerpon|75\/100|[from] item: Rocky Helmet|[of] p1a: Landorus\n|\n|-weather|SunnyDay|[upkeep]\n|-sideend|p2: Neutralist|Reflect\n|upkeep\n|turn|13\n|\n|t:|1697409209\n|move|p2a: Ogerpon|Ivy Cudgel|p1a: Landorus\n|-damage|p1a: Landorus|0 fnt\n|faint|p1a: Landorus\n|\n|-weather|SunnyDay|[upkeep]\n|-sideend|p2: Neutralist|move: Light Screen\n|upkeep\n|\n|t:|1697409217\n|switch|p1a: Shaq|Koraidon|35\/100\n|-activate|p1a: Shaq|ability: Orichalcum Pulse\n|turn|14\n|\n|t:|1697409225\n|move|p1a: Shaq|Dragon Claw|p2a: Ogerpon\n|-damage|p2a: Ogerpon|0 fnt\n|faint|p2a: Ogerpon\n|\n|-weather|none\n|upkeep\n|\n|t:|1697409230\n|switch|p2a: Flutter Mane|Flutter Mane|13\/100 tox\n|turn|15\n|\n|t:|1697409237\n|switch|p1a: Gliscor|Gliscor, M|38\/100 tox\n|move|p2a: Flutter Mane|Shadow Ball|p1a: Gliscor\n|-damage|p1a: Gliscor|0 fnt\n|faint|p1a: Gliscor\n|\n|-damage|p2a: Flutter Mane|7\/100 tox|[from] psn\n|upkeep\n|\n|t:|1697409246\n|switch|p1a: Kobe|Zacian-Crowned|64\/100\n|turn|16\n|\n|t:|1697409250\n|move|p1a: Kobe|Behemoth Blade|p2a: Flutter Mane\n|-supereffective|p2a: Flutter Mane\n|-damage|p2a: Flutter Mane|0 fnt\n|faint|p2a: Flutter Mane\n|-end|p2a: Flutter Mane|Protosynthesis|[silent]\n|\n|upkeep\n|\n|t:|1697409252\n|switch|p2a: Arceus|Arceus-Ground|100\/100\n|turn|17\n|\n|t:|1697409260\n|move|p1a: Kobe|Play Rough|p2a: Arceus\n|-damage|p2a: Arceus|76\/100\n|move|p2a: Arceus|Will-O-Wisp|p1a: Kobe\n|-status|p1a: Kobe|brn\n|\n|-damage|p1a: Kobe|58\/100 brn|[from] brn\n|upkeep\n|turn|18\n|\n|t:|1697409264\n|switch|p1a: Eternatus|Eternatus|100\/100\n|-ability|p1a: Eternatus|Pressure\n|move|p2a: Arceus|Stealth Rock|p1a: Eternatus\n|-sidestart|p1: Spidokin|move: Stealth Rock\n|\n|upkeep\n|turn|19\n|\n|t:|1697409275\n|-terastallize|p1a: Eternatus|Fairy\n|move|p1a: Eternatus|Toxic|p2a: Arceus\n|-status|p2a: Arceus|tox\n|move|p2a: Arceus|Judgment|p1a: Eternatus\n|-damage|p1a: Eternatus|67\/100\n|\n|-damage|p2a: Arceus|70\/100 tox|[from] psn\n|upkeep\n|turn|20\n|\n|t:|1697409282\n|move|p1a: Eternatus|Recover|p1a: Eternatus\n|-heal|p1a: Eternatus|100\/100\n|move|p2a: Arceus|Will-O-Wisp|p1a: Eternatus\n|-status|p1a: Eternatus|brn\n|\n|-damage|p2a: Arceus|58\/100 tox|[from] psn\n|-damage|p1a: Eternatus|94\/100 brn|[from] brn\n|upkeep\n|turn|21\n|\n|t:|1697409286\n|switch|p2a: Zacian|Zacian-Crowned|100\/100\n|-ability|p2a: Zacian|Intrepid Sword|boost\n|-boost|p2a: Zacian|atk|1\n|move|p1a: Eternatus|Toxic Spikes|p2a: Zacian\n|-sidestart|p2: Neutralist|move: Toxic Spikes\n|\n|-damage|p1a: Eternatus|88\/100 brn|[from] brn\n|upkeep\n|turn|22\n|\n|t:|1697409293\n|switch|p1a: Kobe|Zacian-Crowned|58\/100 brn\n|-damage|p1a: Kobe|52\/100 brn|[from] Stealth Rock\n|move|p2a: Zacian|Behemoth Blade|p1a: Kobe\n|-damage|p1a: Kobe|0 fnt\n|faint|p1a: Kobe\n|\n|upkeep\n|\n|t:|1697409299\n|switch|p1a: Shaq|Koraidon|35\/100\n|-damage|p1a: Shaq|29\/100|[from] Stealth Rock\n|-weather|SunnyDay|[from] ability: Orichalcum Pulse|[of] p1a: Shaq\n|-activate|p1a: Shaq|Orichalcum Pulse|[source]\n|turn|23\n|\n|t:|1697409318\n|switch|p2a: Arceus|Arceus-Ground|58\/100 tox\n|move|p1a: Shaq|Flare Blitz|p2a: Arceus\n|-damage|p2a: Arceus|17\/100 tox\n|-damage|p1a: Shaq|11\/100|[from] Recoil\n|\n|-weather|SunnyDay|[upkeep]\n|-damage|p2a: Arceus|11\/100 tox|[from] psn\n|upkeep\n|turn|24\n|l|\u2606Neutralist\n|player|p2|\n|j|\u2606Neutralist\n|player|p2|Neutralist|266\n|\n|t:|1697409344\n|switch|p1a: Eternatus|Eternatus, tera:Fairy|88\/100 brn\n|-ability|p1a: Eternatus|Pressure\n|move|p2a: Arceus|Judgment|p1a: Eternatus\n|-damage|p1a: Eternatus|59\/100 brn\n|\n|-weather|SunnyDay|[upkeep]\n|-damage|p2a: Arceus|0 fnt|[from] psn\n|faint|p2a: Arceus\n|-damage|p1a: Eternatus|53\/100 brn|[from] brn\n|upkeep\n|\n|t:|1697409350\n|switch|p2a: Zacian|Zacian-Crowned|100\/100\n|turn|25\n|\n|t:|1697409362\n|move|p2a: Zacian|Behemoth Blade|p1a: Eternatus\n|-supereffective|p1a: Eternatus\n|-damage|p1a: Eternatus|0 fnt\n|faint|p1a: Eternatus\n|\n|-weather|SunnyDay|[upkeep]\n|upkeep\n|\n|t:|1697409365\n|switch|p1a: Shaq|Koraidon|11\/100\n|-damage|p1a: Shaq|5\/100|[from] Stealth Rock\n|-activate|p1a: Shaq|ability: Orichalcum Pulse\n|turn|26\n|\n|t:|1697409376\n|switch|p2a: Koraidon|Koraidon|100\/100\n|-status|p2a: Koraidon|psn\n|-activate|p2a: Koraidon|ability: Orichalcum Pulse\n|move|p1a: Shaq|Low Kick|p2a: Koraidon\n|-damage|p2a: Koraidon|22\/100 psn\n|\n|-weather|SunnyDay|[upkeep]\n|-damage|p2a: Koraidon|10\/100 psn|[from] psn\n|upkeep\n|turn|27\n|\n|t:|1697409380\n|move|p1a: Shaq|Low Kick|p2a: Koraidon\n|-crit|p2a: Koraidon\n|-damage|p2a: Koraidon|0 fnt\n|faint|p2a: Koraidon\n|\n|-weather|none\n|upkeep\n|\n|t:|1697409381\n|switch|p2a: Zacian|Zacian-Crowned|100\/100\n|turn|28\n|\n|t:|1697409383\n|move|p1a: Shaq|Low Kick|p2a: Zacian\n|-damage|p2a: Zacian|36\/100\n|move|p2a: Zacian|Behemoth Blade|p1a: Shaq\n|-damage|p1a: Shaq|0 fnt\n|faint|p1a: Shaq\n|\n|upkeep\n|\n|t:|1697409386\n|switch|p1a: Arceus|Arceus-Fairy|100\/100\n|-damage|p1a: Arceus|88\/100|[from] Stealth Rock\n|turn|29\n|\n|t:|1697409390\n|move|p2a: Zacian|Behemoth Blade|p1a: Arceus\n|-supereffective|p1a: Arceus\n|-damage|p1a: Arceus|24\/100\n|move|p1a: Arceus|Will-O-Wisp|p2a: Zacian\n|-status|p2a: Zacian|brn\n|\n|-damage|p2a: Zacian|30\/100 brn|[from] brn\n|upkeep\n|turn|30\n|\n|t:|1697409396\n|move|p2a: Zacian|Behemoth Blade|p1a: Arceus\n|-supereffective|p1a: Arceus\n|-damage|p1a: Arceus|0 fnt\n|faint|p1a: Arceus\n|\n|win|Neutralist\n|raw|Spidokin's rating: 1480 &rarr; <strong>1457<\/strong><br \/>(-23 for losing)\n|raw|Neutralist's rating: 1421 &rarr; <strong>1444<\/strong><br \/>(+23 for winning)\n|l|\u2606Spidokin\n","uploadtime":1697409406,"views":14,"p1id":"spidokin","p2id":"neutralist","formatid":"gen9ubers","rating":1444,"private":0,"password":""}