{"id":"gen9ubers-1975834960","p1":"Greebbean","p2":"Electricratman","format":"[Gen 9] Ubers","log":"|j|\u2606Greebbean\n|j|\u2606Electricratman\n|t:|1698242422\n|gametype|singles\n|player|p1|Greebbean|birdkeeper-gen4dp|1045\n|player|p2|Electricratman|102|1083\n|teamsize|p1|6\n|teamsize|p2|6\n|gen|9\n|tier|[Gen 9] Ubers\n|rated|\n|rule|Sleep Clause Mod: Limit one foe put to sleep\n|rule|Species Clause: Limit one of each Pok\u00e9mon\n|rule|OHKO Clause: OHKO moves are banned\n|rule|Evasion Items Clause: Evasion items are banned\n|rule|Evasion Moves Clause: Evasion moves are banned\n|rule|Endless Battle Clause: Forcing endless battles is banned\n|rule|HP Percentage Mod: HP is shown in percentages\n|clearpoke\n|poke|p1|Koraidon|\n|poke|p1|Rayquaza|\n|poke|p1|Zacian-*|\n|poke|p1|Manaphy|\n|poke|p1|Flutter Mane|\n|poke|p1|Groudon|\n|poke|p2|Overqwil, F|\n|poke|p2|Politoed, M|\n|poke|p2|Greninja-*, M|\n|poke|p2|Magearna|\n|poke|p2|Thundurus-Therian, M|\n|poke|p2|Weezing-Galar, F|\n|teampreview\n|inactive|Battle timer is ON: inactive players will automatically lose when time's up. (requested by Greebbean)\n|c|\u2606Greebbean|green ninja\n|inactive|Electricratman has 120 seconds left.\n|\n|t:|1698242465\n|start\n|switch|p1a: Groudon|Groudon, shiny|100\/100\n|switch|p2a: Politoed|Politoed, M, shiny|100\/100\n|-weather|SunnyDay|[from] ability: Drought|[of] p1a: Groudon\n|-weather|RainDance|[from] ability: Drizzle|[of] p2a: Politoed\n|turn|1\n|\n|t:|1698242479\n|switch|p1a: Koraidon|Koraidon|100\/100\n|-weather|SunnyDay|[from] ability: Orichalcum Pulse|[of] p1a: Koraidon\n|-activate|p1a: Koraidon|Orichalcum Pulse|[source]\n|move|p2a: Politoed|Ice Beam|p1a: Koraidon\n|-supereffective|p1a: Koraidon\n|-damage|p1a: Koraidon|50\/100\n|\n|-weather|SunnyDay|[upkeep]\n|upkeep\n|turn|2\n|inactive|Electricratman has 120 seconds left.\n|\n|t:|1698242515\n|switch|p1a: Flutter Mane|Flutter Mane, shiny|100\/100\n|-activate|p1a: Flutter Mane|ability: Protosynthesis\n|-start|p1a: Flutter Mane|protosynthesisspa\n|move|p2a: Politoed|Weather Ball|p1a: Flutter Mane\n|-damage|p1a: Flutter Mane|49\/100\n|\n|-weather|SunnyDay|[upkeep]\n|upkeep\n|turn|3\n|c|\u2606Greebbean|oranchanchiam pulse\n|inactive|Electricratman has 120 seconds left.\n|\n|t:|1698242535\n|switch|p2a: Weezing|Weezing-Galar, F|100\/100\n|-ability|p2a: Weezing|Neutralizing Gas\n|move|p1a: Flutter Mane|Moonblast|p2a: Weezing\n|-resisted|p2a: Weezing\n|-damage|p2a: Weezing|39\/100\n|-damage|p1a: Flutter Mane|39\/100|[from] item: Life Orb\n|\n|-weather|SunnyDay|[upkeep]\n|upkeep\n|turn|4\n|\n|t:|1698242555\n|move|p1a: Flutter Mane|Moonblast|p2a: Weezing\n|-resisted|p2a: Weezing\n|-damage|p2a: Weezing|0 fnt\n|faint|p2a: Weezing\n|-end|p2a: Weezing|ability: Neutralizing Gas\n|-damage|p1a: Flutter Mane|29\/100|[from] item: Life Orb\n|\n|-weather|SunnyDay|[upkeep]\n|upkeep\n|\n|t:|1698242564\n|switch|p2a: Politoed|Politoed, M, shiny|100\/100\n|-weather|RainDance|[from] ability: Drizzle|[of] p2a: Politoed\n|-end|p1a: Flutter Mane|Protosynthesis\n|turn|5\n|\n|t:|1698242580\n|move|p1a: Flutter Mane|Moonblast|p2a: Politoed\n|-damage|p2a: Politoed|35\/100\n|-unboost|p2a: Politoed|spa|1\n|-damage|p1a: Flutter Mane|20\/100|[from] item: Life Orb\n|move|p2a: Politoed|Ice Beam|p1a: Flutter Mane\n|-crit|p1a: Flutter Mane\n|-damage|p1a: Flutter Mane|0 fnt\n|faint|p1a: Flutter Mane\n|-end|p1a: Flutter Mane|Protosynthesis|[silent]\n|\n|-weather|RainDance|[upkeep]\n|upkeep\n|\n|t:|1698242588\n|switch|p1a: Zacian|Zacian-Crowned, shiny|100\/100\n|-ability|p1a: Zacian|Intrepid Sword|boost\n|-boost|p1a: Zacian|atk|1\n|turn|6\n|\n|t:|1698242599\n|switch|p2a: Thundy|Thundurus-Therian, M|100\/100\n|-terastallize|p1a: Zacian|Water\n|move|p1a: Zacian|Agility|p1a: Zacian\n|-boost|p1a: Zacian|spe|2\n|\n|-weather|RainDance|[upkeep]\n|upkeep\n|turn|7\n|\n|t:|1698242611\n|move|p1a: Zacian|Play Rough|p2a: Thundy\n|-damage|p2a: Thundy|0 fnt\n|faint|p2a: Thundy\n|\n|-weather|RainDance|[upkeep]\n|upkeep\n|c|\u2606Greebbean|wohoo\n|inactive|Electricratman has 90 seconds left.\n|c|\u2606Greebbean|gg\n|\n|t:|1698242637\n|switch|p2a: Magearna|Magearna|100\/100\n|turn|8\n|\n|t:|1698242640\n|move|p1a: Zacian|Behemoth Blade|p2a: Magearna\n|-damage|p2a: Magearna|18\/100\n|move|p2a: Magearna|Shift Gear|p2a: Magearna\n|-boost|p2a: Magearna|spe|2\n|-boost|p2a: Magearna|atk|1\n|\n|-weather|RainDance|[upkeep]\n|-heal|p2a: Magearna|24\/100|[from] item: Leftovers\n|upkeep\n|turn|9\n|\n|t:|1698242650\n|move|p1a: Zacian|Behemoth Blade|p2a: Magearna\n|-damage|p2a: Magearna|0 fnt\n|faint|p2a: Magearna\n|\n|-weather|RainDance|[upkeep]\n|upkeep\n|inactive|Electricratman has 90 seconds left.\n|c|\u2606Electricratman|Yeah looks like you put a lot of effort into the team\u2026\n|c|\u2606Greebbean|yes\n|inactive|Electricratman has 60 seconds left.\n|c|\u2606Greebbean|It took a whole 2 minuites\n|c|\u2606Electricratman|That was sarcasm\n|c|\u2606Greebbean|to throw some cool pokemon\n|c|\u2606Greebbean|yeah\n|\n|t:|1698242710\n|switch|p2a: Overqwil|Overqwil, F|100\/100\n|turn|10\n|c|\u2606Greebbean|and it took a whole 2 minuites was too\n|\n|t:|1698242726\n|move|p1a: Zacian|Behemoth Blade|p2a: Overqwil\n|-damage|p2a: Overqwil|0 fnt\n|faint|p2a: Overqwil\n|\n|-weather|RainDance|[upkeep]\n|upkeep\n|inactive|Electricratman has 30 seconds left.\n|inactive|Electricratman has 20 seconds left.\n|c|\u2606Electricratman|Probably more like 30 seconds\n|\n|t:|1698242751\n|switch|p2a: Greninja|Greninja, M, shiny|100\/100\n|turn|11\n|inactive|Electricratman has 30 seconds left this turn.\n|c|\u2606Greebbean|yeah probably\n|inactive|Electricratman has 20 seconds left.\n|\n|t:|1698242765\n|move|p1a: Zacian|Play Rough|p2a: Greninja\n|-supereffective|p2a: Greninja\n|-damage|p2a: Greninja|0 fnt\n|faint|p2a: Greninja\n|\n|-weather|RainDance|[upkeep]\n|upkeep\n|inactive|Electricratman has 25 seconds left this turn.\n|inactive|Electricratman has 20 seconds left.\n|\n|t:|1698242775\n|switch|p2a: Politoed|Politoed, M, shiny|35\/100\n|turn|12\n|inactive|Electricratman has 30 seconds left this turn.\n|\n|t:|1698242782\n|move|p1a: Zacian|Behemoth Blade|p2a: Politoed\n|-resisted|p2a: Politoed\n|-damage|p2a: Politoed|0 fnt\n|faint|p2a: Politoed\n|\n|win|Greebbean\n|inactive|Electricratman has 30 seconds left this turn.\n|raw|Greebbean's rating: 1045 &rarr; <strong>1082<\/strong><br \/>(+37 for winning)\n|raw|Electricratman's rating: 1083 &rarr; <strong>1058<\/strong><br \/>(-25 for losing)\n|c|\u2606Electricratman|Just no effort\n|c|\u2606Greebbean|good game that was a very exhilerating game\n|c|\u2606Greebbean|mad cuz bad\n|c|\u2606Electricratman|Right\n|l|\u2606Greebbean\n","uploadtime":1698242821,"views":8,"p1id":"greebbean","p2id":"electricratman","formatid":"gen9ubers","rating":1058,"private":0,"password":""}