{"id":"gen9ubers-1968114743","p1":"Neutralist","p2":"6licium","format":"[Gen 9] Ubers","log":"|j|\u2606Neutralist\n|j|\u26066licium\n|t:|1697385804\n|gametype|singles\n|player|p1|Neutralist|1|1385\n|player|p2|6licium|102|1357\n|teamsize|p1|6\n|teamsize|p2|6\n|gen|9\n|tier|[Gen 9] Ubers\n|rated|\n|rule|Sleep Clause Mod: Limit one foe put to sleep\n|rule|Species Clause: Limit one of each Pok\u00e9mon\n|rule|OHKO Clause: OHKO moves are banned\n|rule|Evasion Items Clause: Evasion items are banned\n|rule|Evasion Moves Clause: Evasion moves are banned\n|rule|Endless Battle Clause: Forcing endless battles is banned\n|rule|HP Percentage Mod: HP is shown in percentages\n|clearpoke\n|poke|p1|Koraidon|\n|poke|p1|Ogerpon-Hearthflame, F|\n|poke|p1|Regieleki|\n|poke|p1|Arceus-Ground|\n|poke|p1|Zacian-*|\n|poke|p1|Flutter Mane|\n|poke|p2|Zacian-*|\n|poke|p2|Regieleki|\n|poke|p2|Chien-Pao|\n|poke|p2|Kyogre|\n|poke|p2|Miraidon|\n|poke|p2|Arceus-Ground|\n|teampreview\n|\n|t:|1697385823\n|start\n|switch|p1a: Flutter Mane|Flutter Mane|100\/100\n|switch|p2a: Regieleki|Regieleki, shiny|100\/100\n|turn|1\n|j| SENTINELAATENTO\n|\n|t:|1697385834\n|move|p2a: Regieleki|Light Screen|p2a: Regieleki\n|-sidestart|p2: 6licium|move: Light Screen\n|move|p1a: Flutter Mane|Shadow Ball|p2a: Regieleki\n|-damage|p2a: Regieleki|50\/100\n|\n|upkeep\n|turn|2\n|\n|t:|1697385837\n|move|p2a: Regieleki|Reflect|p2a: Regieleki\n|-sidestart|p2: 6licium|Reflect\n|move|p1a: Flutter Mane|Shadow Ball|p2a: Regieleki\n|-damage|p2a: Regieleki|0 fnt\n|faint|p2a: Regieleki\n|\n|upkeep\n|\n|t:|1697385848\n|switch|p2a: Zacian|Zacian-Crowned, shiny|100\/100\n|-ability|p2a: Zacian|Intrepid Sword|boost\n|-boost|p2a: Zacian|atk|1\n|turn|3\n|\n|t:|1697385854\n|-end|p1a: Flutter Mane|Protosynthesis|[silent]\n|switch|p1a: Regieleki|Regieleki|100\/100\n|move|p2a: Zacian|Behemoth Blade|p1a: Regieleki\n|-resisted|p1a: Regieleki\n|-damage|p1a: Regieleki|31\/100\n|\n|upkeep\n|turn|4\n|\n|t:|1697385857\n|move|p1a: Regieleki|Reflect|p1a: Regieleki\n|-sidestart|p1: Neutralist|Reflect\n|move|p2a: Zacian|Swords Dance|p2a: Zacian\n|-boost|p2a: Zacian|atk|2\n|\n|upkeep\n|turn|5\n|\n|t:|1697385862\n|move|p1a: Regieleki|Volt Switch|p2a: Zacian\n|-damage|p2a: Zacian|86\/100\n|\n|t:|1697385864\n|switch|p1a: Arceus|Arceus-Ground|100\/100|[from] Volt Switch\n|move|p2a: Zacian|Behemoth Blade|p1a: Arceus\n|-damage|p1a: Arceus|66\/100\n|\n|upkeep\n|turn|6\n|\n|t:|1697385873\n|move|p2a: Zacian|Play Rough|p1a: Arceus\n|-damage|p1a: Arceus|37\/100\n|move|p1a: Arceus|Will-O-Wisp|p2a: Zacian|[miss]\n|-miss|p1a: Arceus|p2a: Zacian\n|\n|upkeep\n|turn|7\n|\n|t:|1697385882\n|move|p2a: Zacian|Behemoth Blade|p1a: Arceus\n|-damage|p1a: Arceus|2\/100\n|move|p1a: Arceus|Will-O-Wisp|p2a: Zacian\n|-status|p2a: Zacian|brn\n|\n|-damage|p2a: Zacian|80\/100 brn|[from] brn\n|upkeep\n|turn|8\n|\n|t:|1697385890\n|move|p2a: Zacian|Behemoth Blade|p1a: Arceus\n|-damage|p1a: Arceus|0 fnt\n|faint|p1a: Arceus\n|\n|-damage|p2a: Zacian|73\/100 brn|[from] brn\n|-sideend|p2: 6licium|move: Light Screen\n|upkeep\n|\n|t:|1697385895\n|switch|p1a: Ogerpon|Ogerpon-Hearthflame, F|100\/100\n|-ability|p1a: Ogerpon|Mold Breaker\n|turn|9\n|\n|t:|1697385907\n|move|p2a: Zacian|Behemoth Blade|p1a: Ogerpon\n|-resisted|p1a: Ogerpon\n|-damage|p1a: Ogerpon|79\/100\n|move|p1a: Ogerpon|Trailblaze|p2a: Zacian\n|-resisted|p2a: Zacian\n|-damage|p2a: Zacian|67\/100 brn\n|-boost|p1a: Ogerpon|spe|1\n|\n|-damage|p2a: Zacian|61\/100 brn|[from] brn\n|-sideend|p2: 6licium|Reflect\n|upkeep\n|turn|10\n|\n|t:|1697385915\n|move|p1a: Ogerpon|Swords Dance|p1a: Ogerpon\n|-boost|p1a: Ogerpon|atk|2\n|move|p2a: Zacian|Play Rough|p1a: Ogerpon\n|-resisted|p1a: Ogerpon\n|-damage|p1a: Ogerpon|58\/100\n|\n|-damage|p2a: Zacian|55\/100 brn|[from] brn\n|upkeep\n|turn|11\n|\n|t:|1697385923\n|move|p1a: Ogerpon|Swords Dance|p1a: Ogerpon\n|-boost|p1a: Ogerpon|atk|2\n|move|p2a: Zacian|Behemoth Blade|p1a: Ogerpon\n|-resisted|p1a: Ogerpon\n|-damage|p1a: Ogerpon|36\/100\n|\n|-damage|p2a: Zacian|48\/100 brn|[from] brn\n|-sideend|p1: Neutralist|Reflect\n|upkeep\n|turn|12\n|\n|t:|1697385928\n|move|p1a: Ogerpon|Horn Leech|p2a: Zacian\n|-resisted|p2a: Zacian\n|-damage|p2a: Zacian|0 fnt\n|-heal|p1a: Ogerpon|62\/100|[from] drain|[of] p2a: Zacian\n|faint|p2a: Zacian\n|\n|upkeep\n|\n|t:|1697385940\n|switch|p2a: Chien-Pao|Chien-Pao|100\/100\n|-ability|p2a: Chien-Pao|Sword of Ruin\n|turn|13\n|\n|t:|1697385943\n|-terastallize|p1a: Ogerpon|Fire\n|detailschange|p1a: Ogerpon|Ogerpon-Hearthflame-Tera, F, tera:Fire\n|-ability|p1a: Ogerpon|Embody Aspect (Hearthflame)|boost\n|-boost|p1a: Ogerpon|atk|1\n|move|p2a: Chien-Pao|Ice Shard|p1a: Ogerpon\n|-resisted|p1a: Ogerpon\n|-damage|p1a: Ogerpon|31\/100\n|move|p1a: Ogerpon|Horn Leech|p2a: Chien-Pao\n|-damage|p2a: Chien-Pao|0 fnt\n|-heal|p1a: Ogerpon|81\/100|[from] drain|[of] p2a: Chien-Pao\n|faint|p2a: Chien-Pao\n|\n|upkeep\n|\n|t:|1697385956\n|switch|p2a: Miraidon|Miraidon|100\/100\n|-fieldstart|move: Electric Terrain|[from] ability: Hadron Engine|[of] p2a: Miraidon\n|turn|14\n|c|\u2606Neutralist|Definitely one of the ogerpon of all time\n|\n|t:|1697385965\n|move|p1a: Ogerpon|Ivy Cudgel|p2a: Miraidon\n|-resisted|p2a: Miraidon\n|-crit|p2a: Miraidon\n|-damage|p2a: Miraidon|0 fnt\n|faint|p2a: Miraidon\n|\n|upkeep\n|\n|t:|1697385970\n|switch|p2a: Arceus|Arceus-Ground|100\/100\n|turn|15\n|\n|t:|1697385972\n|move|p1a: Ogerpon|Horn Leech|p2a: Arceus\n|-supereffective|p2a: Arceus\n|-damage|p2a: Arceus|0 fnt\n|-heal|p1a: Ogerpon|100\/100|[from] drain|[of] p2a: Arceus\n|faint|p2a: Arceus\n|\n|upkeep\n|\n|t:|1697385975\n|switch|p2a: Kyogre|Kyogre|100\/100\n|-weather|RainDance|[from] ability: Drizzle|[of] p2a: Kyogre\n|turn|16\n|\n|t:|1697385984\n|move|p1a: Ogerpon|Ivy Cudgel|p2a: Kyogre\n|-resisted|p2a: Kyogre\n|-damage|p2a: Kyogre|30\/100\n|move|p2a: Kyogre|Origin Pulse|p1a: Ogerpon\n|-supereffective|p1a: Ogerpon\n|-damage|p1a: Ogerpon|0 fnt\n|faint|p1a: Ogerpon\n|\n|-weather|RainDance|[upkeep]\n|upkeep\n|\n|t:|1697385991\n|switch|p1a: Flutter Mane|Flutter Mane|100\/100\n|turn|17\n|\n|t:|1697385994\n|-terastallize|p2a: Kyogre|Water\n|move|p2a: Kyogre|Origin Pulse|p1a: Flutter Mane\n|-damage|p1a: Flutter Mane|0 fnt\n|faint|p1a: Flutter Mane\n|-end|p1a: Flutter Mane|Protosynthesis|[silent]\n|\n|-weather|RainDance|[upkeep]\n|upkeep\n|\n|t:|1697385996\n|switch|p1a: Koraidon|Koraidon|100\/100\n|-weather|SunnyDay|[from] ability: Orichalcum Pulse|[of] p1a: Koraidon\n|-activate|p1a: Koraidon|Orichalcum Pulse|[source]\n|turn|18\n|\n|t:|1697385999\n|move|p2a: Kyogre|Origin Pulse|p1a: Koraidon|[miss]\n|-miss|p2a: Kyogre|p1a: Koraidon\n|move|p1a: Koraidon|Drain Punch|p2a: Kyogre\n|-damage|p2a: Kyogre|0 fnt\n|faint|p2a: Kyogre\n|\n|win|Neutralist\n|raw|Neutralist's rating: 1385 &rarr; <strong>1403<\/strong><br \/>(+18 for winning)\n|raw|6licium's rating: 1357 &rarr; <strong>1339<\/strong><br \/>(-18 for losing)\n|l|\u26066licium\n","uploadtime":1697386004,"views":9,"p1id":"neutralist","p2id":"6licium","formatid":"gen9ubers","rating":1339,"private":0,"password":""}