{"id":"gen9ubers-1983014007","p1":"Nitro524","p2":"rtm2","format":"[Gen 9] Ubers","log":"|j|\u2606Nitro524\n|j|\u2606rtm2\n|t:|1699070085\n|gametype|singles\n|player|p1|Nitro524|266|\n|player|p2|rtm2|erika|\n|teamsize|p1|6\n|teamsize|p2|6\n|gen|9\n|tier|[Gen 9] Ubers\n|rule|Sleep Clause Mod: Limit one foe put to sleep\n|rule|Species Clause: Limit one of each Pok\u00e9mon\n|rule|OHKO Clause: OHKO moves are banned\n|rule|Evasion Items Clause: Evasion items are banned\n|rule|Evasion Moves Clause: Evasion moves are banned\n|rule|Endless Battle Clause: Forcing endless battles is banned\n|rule|HP Percentage Mod: HP is shown in percentages\n|clearpoke\n|poke|p1|Meowscarada, F|\n|poke|p1|Grimmsnarl, M|\n|poke|p1|Zacian-*|\n|poke|p1|Arceus-Poison|\n|poke|p1|Espathra, M|\n|poke|p1|Basculegion-F, F|\n|poke|p2|Torkoal, F|\n|poke|p2|Walking Wake|\n|poke|p2|Chi-Yu|\n|poke|p2|Arceus-Grass|\n|poke|p2|Zacian-*|\n|poke|p2|Magearna-Original|\n|teampreview\n|inactive|Battle timer is ON: inactive players will automatically lose when time's up. (requested by rtm2)\n|c|\u2606rtm2|grimmsnarl is banned lmao\n|c|\u2606Nitro524|tier shifts don't go into effect til next week\n|inactive|Nitro524 has 270 seconds left.\n|inactive|rtm2 has 270 seconds left.\n|c|\u2606Nitro524|according to mods\n|j| the tr4sh man\n|c| the tr4sh man|^\n|\n|t:|1699070146\n|start\n|switch|p1a: Meowscarada|Meowscarada, F|100\/100\n|switch|p2a: Torkoal|Torkoal, F|100\/100\n|-weather|SunnyDay|[from] ability: Drought|[of] p2a: Torkoal\n|turn|1\n|j| rutriyououiyiyuyt\n|inactive|Nitro524 has 270 seconds left.\n|\n|t:|1699070191\n|move|p1a: Meowscarada|Taunt|p2a: Torkoal\n|-start|p1a: Meowscarada|typechange|Dark|[from] ability: Protean\n|-start|p2a: Torkoal|move: Taunt\n|move|p2a: Torkoal|Lava Plume|p1a: Meowscarada\n|-damage|p1a: Meowscarada|39\/100\n|\n|-weather|SunnyDay|[upkeep]\n|upkeep\n|turn|2\n|inactive|Nitro524 has 240 seconds left.\n|\n|t:|1699070226\n|move|p1a: Meowscarada|U-turn|p2a: Torkoal\n|-resisted|p2a: Torkoal\n|-damage|p2a: Torkoal|94\/100\n|\n|t:|1699070228\n|switch|p1a: Grimmsnarl|Grimmsnarl, M|100\/100|[from] U-turn\n|move|p2a: Torkoal|Rapid Spin|p1a: Grimmsnarl\n|-damage|p1a: Grimmsnarl|90\/100\n|-boost|p2a: Torkoal|spe|1\n|\n|-weather|SunnyDay|[upkeep]\n|upkeep\n|turn|3\n|\n|t:|1699070236\n|move|p1a: Grimmsnarl|Light Screen|p1a: Grimmsnarl\n|-sidestart|p1: Nitro524|move: Light Screen\n|move|p2a: Torkoal|Lava Plume|p1a: Grimmsnarl\n|-damage|p1a: Grimmsnarl|76\/100\n|-status|p1a: Grimmsnarl|brn\n|\n|-weather|SunnyDay|[upkeep]\n|-damage|p1a: Grimmsnarl|70\/100 brn|[from] brn\n|-end|p2a: Torkoal|move: Taunt\n|upkeep\n|turn|4\n|\n|t:|1699070243\n|move|p1a: Grimmsnarl|Reflect|p1a: Grimmsnarl\n|-sidestart|p1: Nitro524|Reflect\n|move|p2a: Torkoal|Stealth Rock|p1a: Grimmsnarl\n|-sidestart|p1: Nitro524|move: Stealth Rock\n|\n|-weather|SunnyDay|[upkeep]\n|-damage|p1a: Grimmsnarl|64\/100 brn|[from] brn\n|upkeep\n|turn|5\n|inactive|Nitro524 has 240 seconds left.\n|\n|t:|1699070273\n|switch|p2a: Chi-Yu|Chi-Yu|100\/100\n|-ability|p2a: Chi-Yu|Beads of Ruin\n|move|p1a: Grimmsnarl|Parting Shot|p2a: Chi-Yu\n|-hint|Since gen 7, Dark is immune to Prankster moves.\n|-immune|p2a: Chi-Yu\n|\n|-weather|SunnyDay|[upkeep]\n|-damage|p1a: Grimmsnarl|58\/100 brn|[from] brn\n|upkeep\n|turn|6\n|inactive|Nitro524 has 240 seconds left.\n|inactive|Nitro524 has 210 seconds left.\n|\n|t:|1699070315\n|switch|p1a: Basculegion|Basculegion-F, F|100\/100\n|-damage|p1a: Basculegion|88\/100|[from] Stealth Rock\n|move|p2a: Chi-Yu|Overheat|p1a: Basculegion|[miss]\n|-miss|p2a: Chi-Yu|p1a: Basculegion\n|\n|-weather|SunnyDay|[upkeep]\n|upkeep\n|turn|7\n|inactive|Nitro524 has 210 seconds left.\n|\n|t:|1699070328\n|switch|p2a: Arceus|Arceus-Grass|100\/100\n|move|p1a: Basculegion|Wave Crash|p2a: Arceus\n|-resisted|p2a: Arceus\n|-damage|p2a: Arceus|89\/100\n|-damage|p1a: Basculegion|84\/100|[from] Recoil\n|\n|-weather|SunnyDay|[upkeep]\n|upkeep\n|turn|8\n|inactive|Nitro524 has 210 seconds left.\n|\n|t:|1699070345\n|switch|p1a: Meowscarada|Meowscarada, F|39\/100\n|-damage|p1a: Meowscarada|27\/100|[from] Stealth Rock\n|move|p2a: Arceus|Taunt|p1a: Meowscarada\n|-start|p1a: Meowscarada|move: Taunt\n|\n|-weather|none\n|upkeep\n|turn|9\n|inactive|Nitro524 has 210 seconds left.\n|\n|t:|1699070370\n|switch|p2a: Magearna|Magearna-Original|100\/100\n|move|p1a: Meowscarada|U-turn|p2a: Magearna\n|-start|p1a: Meowscarada|typechange|Bug|[from] ability: Protean\n|-resisted|p2a: Magearna\n|-damage|p2a: Magearna|94\/100\n|inactive|Nitro524 has 180 seconds left.\n|\n|t:|1699070404\n|switch|p1a: Arceus|Arceus-Poison|100\/100|[from] U-turn\n|-damage|p1a: Arceus|88\/100|[from] Stealth Rock\n|\n|-heal|p2a: Magearna|99\/100|[from] item: Leftovers\n|upkeep\n|turn|10\n|\n|t:|1699070415\n|move|p1a: Arceus|Taunt|p2a: Magearna\n|-start|p2a: Magearna|move: Taunt\n|cant|p2a: Magearna|move: Taunt|Thunder Wave\n|\n|-heal|p2a: Magearna|100\/100|[from] item: Leftovers\n|-sideend|p1: Nitro524|move: Light Screen\n|upkeep\n|turn|11\n|inactive|Nitro524 has 180 seconds left.\n|\n|t:|1699070439\n|move|p1a: Arceus|Calm Mind|p1a: Arceus\n|-boost|p1a: Arceus|spa|1\n|-boost|p1a: Arceus|spd|1\n|move|p2a: Magearna|Volt Switch|p1a: Arceus\n|-damage|p1a: Arceus|78\/100\n|inactive|rtm2 has 270 seconds left.\n|inactive|rtm2 has 240 seconds left.\n|\n|t:|1699070515\n|switch|p2a: Arceus|Arceus-Grass|89\/100|[from] Volt Switch\n|\n|-sideend|p1: Nitro524|Reflect\n|upkeep\n|turn|12\n|\n|t:|1699070529\n|move|p2a: Arceus|Taunt|p1a: Arceus\n|-start|p1a: Arceus|move: Taunt\n|move|p1a: Arceus|Judgment|p2a: Arceus\n|-supereffective|p2a: Arceus\n|-damage|p2a: Arceus|0 fnt\n|faint|p2a: Arceus\n|\n|upkeep\n|\n|t:|1699070545\n|switch|p2a: Magearna|Magearna-Original|100\/100\n|turn|13\n|inactive|Nitro524 has 180 seconds left.\n|\n|t:|1699070552\n|move|p1a: Arceus|Earth Power|p2a: Magearna\n|-supereffective|p2a: Magearna\n|-damage|p2a: Magearna|53\/100\n|move|p2a: Magearna|Thunder Wave|p1a: Arceus|[miss]\n|-miss|p2a: Magearna|p1a: Arceus\n|\n|-heal|p2a: Magearna|59\/100|[from] item: Leftovers\n|upkeep\n|turn|14\n|inactive|rtm2 has 240 seconds left.\n|\n|t:|1699070558\n|move|p1a: Arceus|Earth Power|p2a: Magearna\n|-supereffective|p2a: Magearna\n|-damage|p2a: Magearna|18\/100\n|move|p2a: Magearna|Thunder Wave|p1a: Arceus\n|-status|p1a: Arceus|par\n|\n|-heal|p2a: Magearna|24\/100|[from] item: Leftovers\n|-end|p1a: Arceus|move: Taunt\n|upkeep\n|turn|15\n|\n|t:|1699070564\n|cant|p1a: Arceus|par\n|move|p2a: Magearna|Volt Switch|p1a: Arceus\n|-damage|p1a: Arceus|68\/100 par\n|\n|t:|1699070569\n|switch|p2a: Chi-Yu|Chi-Yu|100\/100|[from] Volt Switch\n|-ability|p2a: Chi-Yu|Beads of Ruin\n|\n|upkeep\n|turn|16\n|\n|t:|1699070579\n|move|p2a: Chi-Yu|Dark Pulse|p1a: Arceus\n|-damage|p1a: Arceus|41\/100 par\n|move|p1a: Arceus|Earth Power|p2a: Chi-Yu\n|-supereffective|p2a: Chi-Yu\n|-damage|p2a: Chi-Yu|13\/100\n|\n|upkeep\n|turn|17\n|c|\u2606rtm2|t\n|inactive|Nitro524 has 180 seconds left.\n|\n|t:|1699070619\n|move|p2a: Chi-Yu|Dark Pulse|p1a: Arceus\n|-damage|p1a: Arceus|14\/100 par\n|move|p1a: Arceus|Earth Power|p2a: Chi-Yu\n|-supereffective|p2a: Chi-Yu\n|-damage|p2a: Chi-Yu|0 fnt\n|faint|p2a: Chi-Yu\n|\n|upkeep\n|\n|t:|1699070635\n|switch|p2a: Walking Wake|Walking Wake|100\/100\n|turn|18\n|inactive|Nitro524 has 180 seconds left.\n|\n|t:|1699070671\n|move|p2a: Walking Wake|Hydro Steam|p1a: Arceus\n|-damage|p1a: Arceus|0 fnt\n|faint|p1a: Arceus\n|\n|upkeep\n|inactive|Nitro524 has 150 seconds left.\n|\n|t:|1699070700\n|switch|p1a: Zacian|Zacian|100\/100\n|-ability|p1a: Zacian|Intrepid Sword|boost\n|-boost|p1a: Zacian|atk|1\n|turn|19\n|\n|t:|1699070710\n|-end|p2a: Walking Wake|Protosynthesis|[silent]\n|switch|p2a: Torkoal|Torkoal, F|94\/100\n|-weather|SunnyDay|[from] ability: Drought|[of] p2a: Torkoal\n|move|p1a: Zacian|Play Rough|p2a: Torkoal\n|-resisted|p2a: Torkoal\n|-damage|p2a: Torkoal|76\/100\n|\n|-weather|SunnyDay|[upkeep]\n|upkeep\n|turn|20\n|inactive|rtm2 has 270 seconds left.\n|\n|t:|1699070716\n|switch|p1a: Grimmsnarl|Grimmsnarl, M|58\/100 brn\n|-damage|p1a: Grimmsnarl|45\/100 brn|[from] Stealth Rock\n|switch|p2a: Magearna|Magearna-Original|24\/100\n|\n|-weather|SunnyDay|[upkeep]\n|-heal|p2a: Magearna|30\/100|[from] item: Leftovers\n|-damage|p1a: Grimmsnarl|39\/100 brn|[from] brn\n|upkeep\n|turn|21\n|inactive|Nitro524 has 150 seconds left.\n|\n|t:|1699070724\n|move|p1a: Grimmsnarl|Light Screen|p1a: Grimmsnarl\n|-sidestart|p1: Nitro524|move: Light Screen\n|move|p2a: Magearna|Fleur Cannon|p1a: Grimmsnarl\n|-supereffective|p1a: Grimmsnarl\n|-damage|p1a: Grimmsnarl|0 fnt\n|-unboost|p2a: Magearna|spa|2\n|faint|p1a: Grimmsnarl\n|-ability|p2a: Magearna|Soul-Heart|boost\n|-boost|p2a: Magearna|spa|1\n|\n|-weather|SunnyDay|[upkeep]\n|-heal|p2a: Magearna|36\/100|[from] item: Leftovers\n|upkeep\n|inactive|Nitro524 has 150 seconds left.\n|inactive|Nitro524 has 120 seconds left.\n|\n|t:|1699070770\n|switch|p1a: Basculegion|Basculegion-F, F|84\/100\n|-damage|p1a: Basculegion|71\/100|[from] Stealth Rock\n|turn|22\n|\n|t:|1699070782\n|move|p1a: Basculegion|Last Respects|p2a: Magearna\n|-damage|p2a: Magearna|0 fnt\n|faint|p2a: Magearna\n|\n|-weather|SunnyDay|[upkeep]\n|upkeep\n|inactive|rtm2 has 270 seconds left.\n|inactive|rtm2 has 240 seconds left.\n|\n|t:|1699070835\n|switch|p2a: Zacian|Zacian|100\/100\n|-ability|p2a: Zacian|Intrepid Sword|boost\n|-boost|p2a: Zacian|atk|1\n|turn|23\n|inactive|rtm2 has 240 seconds left.\n|inactive|Nitro524 has 120 seconds left.\n|\n|t:|1699070852\n|move|p1a: Basculegion|Last Respects|p2a: Zacian\n|-damage|p2a: Zacian|24\/100\n|move|p2a: Zacian|Play Rough|p1a: Basculegion\n|-damage|p1a: Basculegion|0 fnt\n|faint|p1a: Basculegion\n|\n|-weather|SunnyDay|[upkeep]\n|upkeep\n|inactive|Nitro524 has 120 seconds left.\n|inactive|Nitro524 has 90 seconds left.\n|\n|t:|1699070909\n|switch|p1a: Espathra|Espathra, M|100\/100\n|-damage|p1a: Espathra|88\/100|[from] Stealth Rock\n|turn|24\n|inactive|rtm2 has 240 seconds left.\n|\n|t:|1699070932\n|move|p1a: Espathra|Protect|p1a: Espathra\n|-singleturn|p1a: Espathra|Protect\n|move|p2a: Zacian|Swords Dance|p2a: Zacian\n|-boost|p2a: Zacian|atk|2\n|\n|-weather|SunnyDay|[upkeep]\n|-heal|p1a: Espathra|94\/100|[from] item: Leftovers\n|-ability|p1a: Espathra|Speed Boost|boost\n|-boost|p1a: Espathra|spe|1\n|upkeep\n|turn|25\n|inactive|rtm2 has 240 seconds left.\n|inactive|Nitro524 has 60 seconds left.\n|\n|t:|1699070957\n|move|p1a: Espathra|Dazzling Gleam|p2a: Zacian\n|-damage|p2a: Zacian|0 fnt\n|faint|p2a: Zacian\n|\n|-weather|SunnyDay|[upkeep]\n|-heal|p1a: Espathra|99\/100|[from] item: Leftovers\n|-ability|p1a: Espathra|Speed Boost|boost\n|-boost|p1a: Espathra|spe|1\n|upkeep\n|c|\u2606rtm2|zzz\n|c|\u2606rtm2|maxroll\n|\n|t:|1699070983\n|switch|p2a: Walking Wake|Walking Wake|100\/100\n|-activate|p2a: Walking Wake|ability: Protosynthesis\n|-start|p2a: Walking Wake|protosynthesisspe\n|turn|26\n|inactive|Nitro524 has 60 seconds left.\n|\n|t:|1699071010\n|-terastallize|p2a: Walking Wake|Water\n|move|p1a: Espathra|Calm Mind|p1a: Espathra\n|-boost|p1a: Espathra|spa|1\n|-boost|p1a: Espathra|spd|1\n|move|p2a: Walking Wake|Hydro Steam|p1a: Espathra\n|-damage|p1a: Espathra|41\/100\n|\n|-weather|none\n|-end|p2a: Walking Wake|Protosynthesis\n|-heal|p1a: Espathra|47\/100|[from] item: Leftovers\n|-ability|p1a: Espathra|Speed Boost|boost\n|-boost|p1a: Espathra|spe|1\n|upkeep\n|turn|27\n|inactive|rtm2 has 210 seconds left.\n|\n|t:|1699071034\n|move|p1a: Espathra|Protect|p1a: Espathra\n|-singleturn|p1a: Espathra|Protect\n|move|p2a: Walking Wake|Hydro Steam|p1a: Espathra\n|-activate|p1a: Espathra|move: Protect\n|\n|-heal|p1a: Espathra|53\/100|[from] item: Leftovers\n|-ability|p1a: Espathra|Speed Boost|boost\n|-boost|p1a: Espathra|spe|1\n|upkeep\n|turn|28\n|\n|t:|1699071038\n|-end|p2a: Walking Wake|Protosynthesis|[silent]\n|switch|p2a: Torkoal|Torkoal, F|76\/100\n|-weather|SunnyDay|[from] ability: Drought|[of] p2a: Torkoal\n|move|p1a: Espathra|Stored Power|p2a: Torkoal\n|-damage|p2a: Torkoal|0 fnt\n|faint|p2a: Torkoal\n|\n|-weather|SunnyDay|[upkeep]\n|-heal|p1a: Espathra|59\/100|[from] item: Leftovers\n|-sideend|p1: Nitro524|move: Light Screen\n|-ability|p1a: Espathra|Speed Boost|boost\n|-boost|p1a: Espathra|spe|1\n|upkeep\n|\n|t:|1699071040\n|switch|p2a: Walking Wake|Walking Wake, tera:Water|100\/100\n|-activate|p2a: Walking Wake|ability: Protosynthesis\n|-start|p2a: Walking Wake|protosynthesisspe\n|turn|29\n|\n|t:|1699071045\n|move|p1a: Espathra|Stored Power|p2a: Walking Wake\n|-damage|p2a: Walking Wake|0 fnt\n|faint|p2a: Walking Wake\n|-end|p2a: Walking Wake|Protosynthesis|[silent]\n|\n|win|Nitro524\n|c|\u2606Nitro524|gg\n|l|\u2606rtm2\n","uploadtime":1699071059,"views":25,"p1id":"nitro524","p2id":"rtm2","formatid":"gen9ubers","rating":0,"private":0,"password":""}