{"id":"gen9ubers-1975346007","p1":"Impulse02","p2":"Turtleboys","format":"[Gen 9] Ubers","log":"|j|\u2606Impulse02\n|j|\u2606Turtleboys\n|t:|1698181842\n|gametype|singles\n|player|p1|Impulse02|101|\n|player|p2|Turtleboys|170|\n|teamsize|p1|6\n|teamsize|p2|6\n|gen|9\n|tier|[Gen 9] Ubers\n|rule|Sleep Clause Mod: Limit one foe put to sleep\n|rule|Species Clause: Limit one of each Pok\u00e9mon\n|rule|OHKO Clause: OHKO moves are banned\n|rule|Evasion Items Clause: Evasion items are banned\n|rule|Evasion Moves Clause: Evasion moves are banned\n|rule|Endless Battle Clause: Forcing endless battles is banned\n|rule|HP Percentage Mod: HP is shown in percentages\n|clearpoke\n|poke|p1|Articuno|\n|poke|p1|Hoopa-Unbound|\n|poke|p1|Gholdengo|\n|poke|p1|Ursaluna-Bloodmoon, M|\n|poke|p1|Golem, M|\n|poke|p1|Milotic, F|\n|poke|p2|Landorus-Therian, M|\n|poke|p2|Cinderace, M|\n|poke|p2|Glimmora, M|\n|poke|p2|Quaquaval, F|\n|poke|p2|Ribombee, F|\n|poke|p2|Heatran, M|\n|teampreview\n|inactive|Battle timer is ON: inactive players will automatically lose when time's up. (requested by Impulse02)\n|\n|t:|1698181861\n|start\n|switch|p1a: Hoopa|Hoopa-Unbound|100\/100\n|switch|p2a: web slinger|Ribombee, F|100\/100\n|turn|1\n|\n|t:|1698181869\n|move|p2a: web slinger|Bug Buzz|p1a: Hoopa\n|-supereffective|p1a: Hoopa\n|-damage|p1a: Hoopa|0 fnt\n|faint|p1a: Hoopa\n|\n|upkeep\n|\n|t:|1698181899\n|switch|p1a: Gholdengo|Gholdengo|100\/100\n|turn|2\n|\n|t:|1698181903\n|move|p2a: web slinger|Sticky Web|p1a: Gholdengo\n|-sidestart|p1: Impulse02|move: Sticky Web\n|move|p1a: Gholdengo|Psychic|p2a: web slinger\n|-damage|p2a: web slinger|56\/100\n|\n|upkeep\n|turn|3\n|\n|t:|1698181909\n|switch|p2a: bait|Cinderace, M|100\/100\n|move|p1a: Gholdengo|Nasty Plot|p1a: Gholdengo\n|-boost|p1a: Gholdengo|spa|2\n|\n|upkeep\n|turn|4\n|inactive|Impulse02 has 270 seconds left.\n|\n|t:|1698181945\n|move|p2a: bait|Pyro Ball|p1a: Gholdengo\n|-supereffective|p1a: Gholdengo\n|-damage|p1a: Gholdengo|0 fnt\n|faint|p1a: Gholdengo\n|\n|upkeep\n|inactive|Impulse02 has 270 seconds left.\n|\n|t:|1698181959\n|switch|p1a: Milotic|Milotic, F|100\/100\n|-activate|p1a: Milotic|move: Sticky Web\n|-unboost|p1a: Milotic|spe|1\n|turn|5\n|inactive|Impulse02 has 270 seconds left.\n|\n|t:|1698181964\n|switch|p2a: web slinger|Ribombee, F|56\/100\n|move|p1a: Milotic|Scald|p2a: web slinger\n|-damage|p2a: web slinger|0 fnt\n|faint|p2a: web slinger\n|\n|upkeep\n|\n|t:|1698181970\n|switch|p2a: vaccinejab|Glimmora, M|100\/100\n|turn|6\n|\n|t:|1698181976\n|move|p2a: vaccinejab|Toxic|p1a: Milotic\n|-status|p1a: Milotic|tox\n|move|p1a: Milotic|Substitute|p1a: Milotic\n|-start|p1a: Milotic|Substitute\n|-damage|p1a: Milotic|76\/100 tox\n|\n|-heal|p1a: Milotic|82\/100 tox|[from] item: Leftovers\n|-damage|p1a: Milotic|76\/100 tox|[from] psn\n|upkeep\n|turn|7\n|\n|t:|1698182002\n|move|p2a: vaccinejab|Earth Power|p1a: Milotic\n|-end|p1a: Milotic|Substitute\n|move|p1a: Milotic|Scald|p2a: vaccinejab\n|-supereffective|p2a: vaccinejab\n|-damage|p2a: vaccinejab|7\/100\n|\n|-heal|p1a: Milotic|82\/100 tox|[from] item: Leftovers\n|-damage|p1a: Milotic|70\/100 tox|[from] psn\n|upkeep\n|turn|8\n|\n|t:|1698182008\n|move|p2a: vaccinejab|Earth Power|p1a: Milotic\n|-damage|p1a: Milotic|43\/100 tox\n|move|p1a: Milotic|Scald|p2a: vaccinejab\n|-supereffective|p2a: vaccinejab\n|-damage|p2a: vaccinejab|0 fnt\n|faint|p2a: vaccinejab\n|\n|-heal|p1a: Milotic|49\/100 tox|[from] item: Leftovers\n|-damage|p1a: Milotic|31\/100 tox|[from] psn\n|upkeep\n|\n|t:|1698182015\n|switch|p2a: sasincarnate|Quaquaval, F|100\/100\n|turn|9\n|\n|t:|1698182024\n|move|p2a: sasincarnate|Aqua Step|p1a: Milotic\n|-resisted|p1a: Milotic\n|-damage|p1a: Milotic|12\/100 tox\n|-boost|p2a: sasincarnate|spe|1\n|-damage|p2a: sasincarnate|91\/100|[from] item: Life Orb\n|move|p1a: Milotic|Scald|p2a: sasincarnate\n|-resisted|p2a: sasincarnate\n|-damage|p2a: sasincarnate|64\/100\n|-status|p2a: sasincarnate|brn\n|\n|-heal|p1a: Milotic|18\/100 tox|[from] item: Leftovers\n|-damage|p1a: Milotic|0 fnt|[from] psn\n|faint|p1a: Milotic\n|-damage|p2a: sasincarnate|58\/100 brn|[from] brn\n|upkeep\n|\n|t:|1698182034\n|switch|p1a: Articuno|Articuno, shiny|100\/100\n|-ability|p1a: Articuno|Pressure\n|turn|10\n|\n|t:|1698182041\n|move|p2a: sasincarnate|Knock Off|p1a: Articuno\n|-damage|p1a: Articuno|78\/100\n|-enditem|p1a: Articuno|Light Clay|[from] move: Knock Off|[of] p2a: sasincarnate\n|-damage|p2a: sasincarnate|48\/100 brn|[from] item: Life Orb\n|move|p1a: Articuno|Reflect|p1a: Articuno\n|-sidestart|p1: Impulse02|Reflect\n|\n|-damage|p2a: sasincarnate|42\/100 brn|[from] brn\n|upkeep\n|turn|11\n|\n|t:|1698182052\n|move|p2a: sasincarnate|Close Combat|p1a: Articuno\n|-damage|p1a: Articuno|56\/100\n|-unboost|p2a: sasincarnate|def|1\n|-unboost|p2a: sasincarnate|spd|1\n|-damage|p2a: sasincarnate|32\/100 brn|[from] item: Life Orb\n|move|p1a: Articuno|Freeze-Dry|p2a: sasincarnate\n|-supereffective|p2a: sasincarnate\n|-damage|p2a: sasincarnate|0 fnt\n|faint|p2a: sasincarnate\n|\n|upkeep\n|\n|t:|1698182056\n|switch|p2a: bait|Cinderace, M|100\/100\n|turn|12\n|\n|t:|1698182064\n|move|p2a: bait|Iron Head|p1a: Articuno\n|-start|p2a: bait|typechange|Steel|[from] ability: Libero\n|-supereffective|p1a: Articuno\n|-damage|p1a: Articuno|14\/100\n|move|p1a: Articuno|Hurricane|p2a: bait\n|-resisted|p2a: bait\n|-damage|p2a: bait|67\/100\n|\n|upkeep\n|turn|13\n|\n|t:|1698182071\n|move|p2a: bait|Iron Head|p1a: Articuno\n|-supereffective|p1a: Articuno\n|-damage|p1a: Articuno|0 fnt\n|faint|p1a: Articuno\n|\n|upkeep\n|\n|t:|1698182073\n|switch|p1a: Ursaluna|Ursaluna-Bloodmoon, M|100\/100\n|-activate|p1a: Ursaluna|move: Sticky Web\n|-unboost|p1a: Ursaluna|spe|1\n|turn|14\n|\n|t:|1698182086\n|switch|p2a: king toad|Heatran, M|100\/100\n|-item|p2a: king toad|Air Balloon\n|move|p1a: Ursaluna|Calm Mind|p1a: Ursaluna\n|-boost|p1a: Ursaluna|spa|1\n|-boost|p1a: Ursaluna|spd|1\n|\n|-sideend|p1: Impulse02|Reflect\n|upkeep\n|turn|15\n|\n|t:|1698182098\n|move|p2a: king toad|Earth Power|p1a: Ursaluna\n|-damage|p1a: Ursaluna|80\/100\n|-unboost|p1a: Ursaluna|spd|1\n|move|p1a: Ursaluna|Blood Moon|p2a: king toad\n|-resisted|p2a: king toad\n|-damage|p2a: king toad|59\/100\n|-enditem|p2a: king toad|Air Balloon\n|\n|-heal|p1a: Ursaluna|87\/100|[from] item: Leftovers\n|upkeep\n|turn|16\n|\n|t:|1698182104\n|move|p2a: king toad|Earth Power|p1a: Ursaluna\n|-damage|p1a: Ursaluna|56\/100\n|move|p1a: Ursaluna|Earth Power|p2a: king toad\n|-supereffective|p2a: king toad\n|-damage|p2a: king toad|0 fnt\n|faint|p2a: king toad\n|\n|-heal|p1a: Ursaluna|62\/100|[from] item: Leftovers\n|upkeep\n|\n|t:|1698182116\n|switch|p2a: I'm\/him|Landorus-Therian, M|100\/100\n|-ability|p2a: I'm\/him|Intimidate|boost\n|-unboost|p1a: Ursaluna|atk|1\n|turn|17\n|\n|t:|1698182125\n|move|p2a: I'm\/him|Earthquake|p1a: Ursaluna\n|-damage|p1a: Ursaluna|23\/100\n|move|p1a: Ursaluna|Moonlight|p1a: Ursaluna\n|-heal|p1a: Ursaluna|73\/100\n|\n|-heal|p1a: Ursaluna|80\/100|[from] item: Leftovers\n|upkeep\n|turn|18\n|\n|t:|1698182133\n|move|p2a: I'm\/him|Earthquake|p1a: Ursaluna\n|-damage|p1a: Ursaluna|45\/100\n|move|p1a: Ursaluna|Calm Mind|p1a: Ursaluna\n|-boost|p1a: Ursaluna|spa|1\n|-boost|p1a: Ursaluna|spd|1\n|\n|-heal|p1a: Ursaluna|51\/100|[from] item: Leftovers\n|upkeep\n|turn|19\n|\n|t:|1698182139\n|move|p2a: I'm\/him|Earthquake|p1a: Ursaluna\n|-damage|p1a: Ursaluna|17\/100\n|move|p1a: Ursaluna|Moonlight|p1a: Ursaluna\n|-heal|p1a: Ursaluna|67\/100\n|\n|-heal|p1a: Ursaluna|73\/100|[from] item: Leftovers\n|upkeep\n|turn|20\n|\n|t:|1698182142\n|move|p2a: I'm\/him|Earthquake|p1a: Ursaluna\n|-damage|p1a: Ursaluna|37\/100\n|move|p1a: Ursaluna|Moonlight|p1a: Ursaluna\n|-heal|p1a: Ursaluna|87\/100\n|\n|-heal|p1a: Ursaluna|94\/100|[from] item: Leftovers\n|upkeep\n|turn|21\n|\n|t:|1698182144\n|move|p2a: I'm\/him|Earthquake|p1a: Ursaluna\n|-damage|p1a: Ursaluna|55\/100\n|move|p1a: Ursaluna|Blood Moon|p2a: I'm\/him\n|-damage|p2a: I'm\/him|0 fnt\n|faint|p2a: I'm\/him\n|\n|-heal|p1a: Ursaluna|62\/100|[from] item: Leftovers\n|upkeep\n|\n|t:|1698182147\n|switch|p2a: bait|Cinderace, M|67\/100\n|turn|22\n|\n|t:|1698182154\n|move|p2a: bait|Pyro Ball|p1a: Ursaluna\n|-damage|p1a: Ursaluna|20\/100\n|-status|p1a: Ursaluna|brn\n|move|p1a: Ursaluna|Earth Power|p2a: bait\n|-supereffective|p2a: bait\n|-damage|p2a: bait|0 fnt\n|faint|p2a: bait\n|\n|win|Impulse02\n","uploadtime":1698182163,"views":11,"p1id":"impulse02","p2id":"turtleboys","formatid":"gen9ubers","rating":0,"private":0,"password":""}