{"id":"gen9ubers-1987584482","p1":"Danihml5","p2":"Autismo27","format":"[Gen 9] Ubers","log":"|j|\u2606Danihml5\n|j|\u2606Autismo27\n|t:|1699615714\n|gametype|singles\n|player|p1|Danihml5|nate|1023\n|player|p2|Autismo27|benga|1137\n|teamsize|p1|6\n|teamsize|p2|6\n|gen|9\n|tier|[Gen 9] Ubers\n|rated|\n|rule|Sleep Clause Mod: Limit one foe put to sleep\n|rule|Species Clause: Limit one of each Pok\u00e9mon\n|rule|OHKO Clause: OHKO moves are banned\n|rule|Evasion Items Clause: Evasion items are banned\n|rule|Evasion Moves Clause: Evasion moves are banned\n|rule|Endless Battle Clause: Forcing endless battles is banned\n|rule|HP Percentage Mod: HP is shown in percentages\n|clearpoke\n|poke|p1|Clefairy, F|\n|poke|p1|Mewtwo|\n|poke|p1|Dragonite, M|\n|poke|p1|Gengar, M|\n|poke|p1|Gyarados, M|\n|poke|p1|Ditto|\n|poke|p2|Tyranitar, M|\n|poke|p2|Kommo-o, M|\n|poke|p2|Lycanroc, M|\n|poke|p2|Ogerpon-Hearthflame, F|\n|poke|p2|Kingambit, F|\n|poke|p2|Baxcalibur, F|\n|teampreview\n|\n|t:|1699615721\n|start\n|switch|p1a: Clefairy|Clefairy, F|100\/100\n|switch|p2a: Tyranitar|Tyranitar, M|100\/100\n|-weather|Sandstorm|[from] ability: Sand Stream|[of] p2a: Tyranitar\n|turn|1\n|\n|t:|1699615733\n|move|p2a: Tyranitar|Knock Off|p1a: Clefairy\n|-resisted|p1a: Clefairy\n|-damage|p1a: Clefairy|70\/100\n|-enditem|p1a: Clefairy|Eviolite|[from] move: Knock Off|[of] p2a: Tyranitar\n|move|p1a: Clefairy|Stealth Rock|p2a: Tyranitar\n|-sidestart|p2: Autismo27|move: Stealth Rock\n|\n|-weather|Sandstorm|[upkeep]\n|upkeep\n|turn|2\n|\n|t:|1699615741\n|move|p2a: Tyranitar|Stealth Rock|p1a: Clefairy\n|-sidestart|p1: Danihml5|move: Stealth Rock\n|move|p1a: Clefairy|Thunder Wave|p2a: Tyranitar\n|-status|p2a: Tyranitar|par\n|\n|-weather|Sandstorm|[upkeep]\n|upkeep\n|turn|3\n|\n|t:|1699615748\n|move|p1a: Clefairy|Moonblast|p2a: Tyranitar\n|-supereffective|p2a: Tyranitar\n|-damage|p2a: Tyranitar|77\/100 par\n|-unboost|p2a: Tyranitar|spa|1\n|move|p2a: Tyranitar|High Horsepower|p1a: Clefairy\n|-crit|p1a: Clefairy\n|-damage|p1a: Clefairy|0 fnt\n|faint|p1a: Clefairy\n|\n|-weather|Sandstorm|[upkeep]\n|upkeep\n|\n|t:|1699615763\n|switch|p1a: Mewtwo|Mewtwo|100\/100\n|-ability|p1a: Mewtwo|Unnerve\n|-damage|p1a: Mewtwo|88\/100|[from] Stealth Rock\n|turn|4\n|\n|t:|1699615773\n|move|p1a: Mewtwo|Aura Sphere|p2a: Tyranitar\n|-supereffective|p2a: Tyranitar\n|-damage|p2a: Tyranitar|0 fnt\n|faint|p2a: Tyranitar\n|-damage|p1a: Mewtwo|78\/100|[from] item: Life Orb\n|\n|-weather|Sandstorm|[upkeep]\n|-damage|p1a: Mewtwo|72\/100|[from] Sandstorm\n|upkeep\n|\n|t:|1699615781\n|switch|p2a: Lycanroc|Lycanroc, M|100\/100\n|-damage|p2a: Lycanroc|88\/100|[from] Stealth Rock\n|turn|5\n|\n|t:|1699615787\n|move|p2a: Lycanroc|Crunch|p1a: Mewtwo\n|-supereffective|p1a: Mewtwo\n|-damage|p1a: Mewtwo|9\/100\n|-unboost|p1a: Mewtwo|def|1\n|move|p1a: Mewtwo|Aura Sphere|p2a: Lycanroc\n|-supereffective|p2a: Lycanroc\n|-damage|p2a: Lycanroc|0 fnt\n|faint|p2a: Lycanroc\n|-damage|p1a: Mewtwo|0 fnt|[from] item: Life Orb\n|faint|p1a: Mewtwo\n|\n|-weather|none\n|upkeep\n|\n|t:|1699615801\n|switch|p1a: Gengar|Gengar, M|100\/100\n|switch|p2a: Kingambit|Kingambit, F|100\/100\n|-damage|p1a: Gengar|88\/100|[from] Stealth Rock\n|-damage|p2a: Kingambit|94\/100|[from] Stealth Rock\n|-activate|p2a: Kingambit|ability: Supreme Overlord\n|-start|p2a: Kingambit|fallen2|[silent]\n|turn|6\n|\n|t:|1699615813\n|switch|p1a: Gyarados|Gyarados, M|100\/100\n|-damage|p1a: Gyarados|76\/100|[from] Stealth Rock\n|-ability|p1a: Gyarados|Intimidate|boost\n|-unboost|p2a: Kingambit|atk|1\n|move|p2a: Kingambit|Sucker Punch||[still]\n|-fail|p2a: Kingambit\n|\n|-heal|p1a: Gyarados|82\/100|[from] item: Leftovers\n|upkeep\n|turn|7\n|\n|t:|1699615826\n|-end|p2a: Kingambit|fallen2|[silent]\n|switch|p2a: Kommo-o|Kommo-o, M|100\/100\n|-damage|p2a: Kommo-o|94\/100|[from] Stealth Rock\n|move|p1a: Gyarados|Dragon Dance|p1a: Gyarados\n|-boost|p1a: Gyarados|atk|1\n|-boost|p1a: Gyarados|spe|1\n|\n|-heal|p1a: Gyarados|88\/100|[from] item: Leftovers\n|upkeep\n|turn|8\n|\n|t:|1699615836\n|move|p1a: Gyarados|Outrage|p2a: Kommo-o\n|-supereffective|p2a: Kommo-o\n|-damage|p2a: Kommo-o|0 fnt\n|faint|p2a: Kommo-o\n|\n|-heal|p1a: Gyarados|94\/100|[from] item: Leftovers\n|upkeep\n|\n|t:|1699615844\n|switch|p2a: Kingambit|Kingambit, F|94\/100\n|-damage|p2a: Kingambit|88\/100|[from] Stealth Rock\n|-activate|p2a: Kingambit|ability: Supreme Overlord\n|-start|p2a: Kingambit|fallen3|[silent]\n|turn|9\n|\n|t:|1699615851\n|move|p2a: Kingambit|Sucker Punch|p1a: Gyarados\n|-damage|p1a: Gyarados|0 fnt\n|faint|p1a: Gyarados\n|\n|upkeep\n|\n|t:|1699615860\n|switch|p1a: Dragonite|Dragonite, M|100\/100\n|-damage|p1a: Dragonite|75\/100|[from] Stealth Rock\n|turn|10\n|\n|t:|1699615868\n|-terastallize|p1a: Dragonite|Normal\n|move|p2a: Kingambit|Sucker Punch|p1a: Dragonite\n|-damage|p1a: Dragonite|0 fnt\n|faint|p1a: Dragonite\n|\n|upkeep\n|\n|t:|1699615877\n|switch|p1a: Ditto|Ditto, shiny|100\/100\n|-damage|p1a: Ditto|88\/100|[from] Stealth Rock\n|-transform|p1a: Ditto|p2a: Kingambit|[from] ability: Imposter\n|-activate|p1a: Ditto|ability: Supreme Overlord\n|-start|p1a: Ditto|fallen4|[silent]\n|turn|11\n|\n|t:|1699615891\n|move|p2a: Kingambit|Sucker Punch|p1a: Ditto\n|-resisted|p1a: Ditto\n|-damage|p1a: Ditto|50\/100\n|move|p1a: Ditto|Brick Break|p2a: Kingambit\n|-supereffective|p2a: Kingambit\n|-damage|p2a: Kingambit|0 fnt\n|faint|p2a: Kingambit\n|-end|p2a: Kingambit|fallen3|[silent]\n|\n|upkeep\n|\n|t:|1699615899\n|switch|p2a: Ogerpon|Ogerpon-Hearthflame, F|100\/100\n|-damage|p2a: Ogerpon|76\/100|[from] Stealth Rock\n|-ability|p2a: Ogerpon|Mold Breaker\n|turn|12\n|\n|t:|1699615906\n|-terastallize|p2a: Ogerpon|Fire\n|detailschange|p2a: Ogerpon|Ogerpon-Hearthflame-Tera, F, tera:Fire\n|-ability|p2a: Ogerpon|Embody Aspect (Hearthflame)|boost\n|-boost|p2a: Ogerpon|atk|1\n|move|p2a: Ogerpon|Ivy Cudgel|p1a: Ditto\n|-supereffective|p1a: Ditto\n|-damage|p1a: Ditto|0 fnt\n|faint|p1a: Ditto\n|-end|p1a: Ditto|fallen4|[silent]\n|\n|upkeep\n|\n|t:|1699615913\n|switch|p1a: Gengar|Gengar, M|88\/100\n|-damage|p1a: Gengar|76\/100|[from] Stealth Rock\n|turn|13\n|\n|t:|1699615920\n|move|p1a: Gengar|Sludge Bomb|p2a: Ogerpon\n|-damage|p2a: Ogerpon|24\/100\n|move|p2a: Ogerpon|Ivy Cudgel|p1a: Gengar\n|-damage|p1a: Gengar|0 fnt\n|faint|p1a: Gengar\n|\n|win|Autismo27\n|raw|Danihml5's rating: 1023 &rarr; <strong>1014<\/strong><br \/>(-9 for losing)\n|raw|Autismo27's rating: 1137 &rarr; <strong>1154<\/strong><br \/>(+17 for winning)\n|l|\u2606Danihml5\n","uploadtime":1699615929,"views":6,"p1id":"danihml5","p2id":"autismo27","formatid":"gen9ubers","rating":1014,"private":0,"password":""}