{"id":"gen9ubers-1979730815","p1":"Talonflameredwings","p2":"Snorlaxsleepers","format":"[Gen 9] Ubers","log":"|j|\u2606Talonflameredwings\n|j|\u2606Snorlaxsleepers\n|t:|1698707438\n|gametype|singles\n|player|p1|Talonflameredwings|ghetsis-gen5bw|\n|player|p2|Snorlaxsleepers|101|\n|teamsize|p1|6\n|teamsize|p2|6\n|gen|9\n|tier|[Gen 9] Ubers\n|rule|Sleep Clause Mod: Limit one foe put to sleep\n|rule|Species Clause: Limit one of each Pok\u00e9mon\n|rule|OHKO Clause: OHKO moves are banned\n|rule|Evasion Items Clause: Evasion items are banned\n|rule|Evasion Moves Clause: Evasion moves are banned\n|rule|Endless Battle Clause: Forcing endless battles is banned\n|rule|HP Percentage Mod: HP is shown in percentages\n|clearpoke\n|poke|p1|Palafin, M|\n|poke|p1|Alomomola, F|\n|poke|p1|Dondozo, M|\n|poke|p1|Quaquaval, F|\n|poke|p1|Politoed, F|\n|poke|p1|Walking Wake|\n|poke|p2|Mew|\n|poke|p2|Tauros, M|\n|poke|p2|Clefable, M|\n|poke|p2|Ditto|\n|poke|p2|Charizard, M|\n|poke|p2|Gengar, M|\n|teampreview\n|j| Crabbrawlers\n|j| BeatMidlers\n|\n|t:|1698707464\n|start\n|switch|p1a: Palafin|Palafin, M|100\/100\n|switch|p2a: Mew|Mew|100\/100\n|turn|1\n|j| FerrothornFembots\n|c| FerrothornFembots|GLHF\n|\n|t:|1698707478\n|move|p1a: Palafin|Flip Turn|p2a: Mew\n|-damage|p2a: Mew|82\/100\n|\n|t:|1698707499\n|detailschange|p1a: Palafin|Palafin-Hero, M\n|switch|p1a: Alomomola|Alomomola, F|100\/100|[from] Flip Turn\n|move|p2a: Mew|Iron Defense|p2a: Mew\n|-boost|p2a: Mew|def|2\n|\n|-heal|p2a: Mew|89\/100|[from] item: Leftovers\n|upkeep\n|turn|2\n|\n|t:|1698707512\n|move|p2a: Mew|Iron Defense|p2a: Mew\n|-boost|p2a: Mew|def|2\n|move|p1a: Alomomola|Scald|p2a: Mew\n|-damage|p2a: Mew|78\/100\n|\n|-heal|p2a: Mew|84\/100|[from] item: Leftovers\n|upkeep\n|turn|3\n|\n|t:|1698707520\n|move|p2a: Mew|Calm Mind|p2a: Mew\n|-boost|p2a: Mew|spa|1\n|-boost|p2a: Mew|spd|1\n|move|p1a: Alomomola|Scald|p2a: Mew\n|-damage|p2a: Mew|78\/100\n|\n|-heal|p2a: Mew|84\/100|[from] item: Leftovers\n|upkeep\n|turn|4\n|\n|t:|1698707528\n|move|p2a: Mew|Iron Defense|p2a: Mew\n|-boost|p2a: Mew|def|2\n|move|p1a: Alomomola|Scald|p2a: Mew\n|-crit|p2a: Mew\n|-damage|p2a: Mew|70\/100\n|\n|-heal|p2a: Mew|76\/100|[from] item: Leftovers\n|upkeep\n|turn|5\n|\n|t:|1698707538\n|move|p2a: Mew|Calm Mind|p2a: Mew\n|-boost|p2a: Mew|spa|1\n|-boost|p2a: Mew|spd|1\n|move|p1a: Alomomola|Scald|p2a: Mew\n|-damage|p2a: Mew|71\/100\n|\n|-heal|p2a: Mew|77\/100|[from] item: Leftovers\n|upkeep\n|turn|6\n|\n|t:|1698707547\n|move|p2a: Mew|Stored Power|p1a: Alomomola\n|-damage|p1a: Alomomola|0 fnt\n|faint|p1a: Alomomola\n|\n|-heal|p2a: Mew|83\/100|[from] item: Leftovers\n|upkeep\n|\n|t:|1698707555\n|switch|p1a: Politoed|Politoed, F|100\/100\n|-weather|RainDance|[from] ability: Drizzle|[of] p1a: Politoed\n|turn|7\n|\n|t:|1698707559\n|move|p2a: Mew|Stored Power|p1a: Politoed\n|-damage|p1a: Politoed|0 fnt\n|faint|p1a: Politoed\n|\n|-weather|RainDance|[upkeep]\n|-heal|p2a: Mew|90\/100|[from] item: Leftovers\n|upkeep\n|\n|t:|1698707572\n|switch|p1a: Quaquaval|Quaquaval, F|100\/100\n|turn|8\n|\n|t:|1698707575\n|move|p2a: Mew|Stored Power|p1a: Quaquaval\n|-supereffective|p1a: Quaquaval\n|-damage|p1a: Quaquaval|0 fnt\n|faint|p1a: Quaquaval\n|\n|-weather|RainDance|[upkeep]\n|-heal|p2a: Mew|96\/100|[from] item: Leftovers\n|upkeep\n|\n|t:|1698707585\n|switch|p1a: Walking Wake|Walking Wake|100\/100\n|turn|9\n|\n|t:|1698707597\n|move|p1a: Walking Wake|Draco Meteor|p2a: Mew\n|-damage|p2a: Mew|56\/100\n|-unboost|p1a: Walking Wake|spa|2\n|move|p2a: Mew|Stored Power|p1a: Walking Wake\n|-damage|p1a: Walking Wake|0 fnt\n|faint|p1a: Walking Wake\n|-end|p1a: Walking Wake|Protosynthesis|[silent]\n|\n|-weather|RainDance|[upkeep]\n|-heal|p2a: Mew|63\/100|[from] item: Leftovers\n|upkeep\n|\n|t:|1698707611\n|switch|p1a: Dondozo|Dondozo, M|100\/100\n|turn|10\n|\n|t:|1698707631\n|move|p2a: Mew|Stored Power|p1a: Dondozo\n|-damage|p1a: Dondozo|39\/100\n|move|p1a: Dondozo|Body Press|p2a: Mew\n|-resisted|p2a: Mew\n|-damage|p2a: Mew|51\/100\n|\n|-weather|RainDance|[upkeep]\n|-heal|p2a: Mew|58\/100|[from] item: Leftovers\n|-heal|p1a: Dondozo|45\/100|[from] item: Leftovers\n|upkeep\n|turn|11\n|\n|t:|1698707646\n|move|p2a: Mew|Stored Power|p1a: Dondozo\n|-damage|p1a: Dondozo|0 fnt\n|faint|p1a: Dondozo\n|\n|-weather|RainDance|[upkeep]\n|-heal|p2a: Mew|64\/100|[from] item: Leftovers\n|upkeep\n|\n|t:|1698707654\n|switch|p1a: Palafin|Palafin-Hero, M|100\/100\n|-activate|p1a: Palafin|ability: Zero to Hero\n|turn|12\n|\n|t:|1698707665\n|move|p1a: Palafin|Wave Crash|p2a: Mew\n|-damage|p2a: Mew|40\/100\n|-damage|p1a: Palafin|92\/100|[from] Recoil\n|move|p2a: Mew|Stored Power|p1a: Palafin\n|-damage|p1a: Palafin|0 fnt\n|faint|p1a: Palafin\n|\n|win|Snorlaxsleepers\n|c|\u2606Snorlaxsleepers|ggs\n|c|\u2606Talonflameredwings|GGGGGG!!!\n|c|\u2606Talonflameredwings|badge master!\n|c| FerrothornFembots|GG!!!\n|c| FerrothornFembots|WOOO\n","uploadtime":1698707684,"views":22,"p1id":"talonflameredwings","p2id":"snorlaxsleepers","formatid":"gen9ubers","rating":0,"private":0,"password":""}