{"id":"gen9ubers-1972491275","p1":"KINGKONGUN","p2":"eduuukkkkk","format":"[Gen 9] Ubers","log":"|j|\u2606KINGKONGUN\n|j|\u2606eduuukkkkk\n|t:|1697848872\n|gametype|singles\n|player|p1|KINGKONGUN|cyclist|1000\n|player|p2|eduuukkkkk|ghetsis|1000\n|teamsize|p1|6\n|teamsize|p2|6\n|gen|9\n|tier|[Gen 9] Ubers\n|rated|\n|rule|Sleep Clause Mod: Limit one foe put to sleep\n|rule|Species Clause: Limit one of each Pok\u00e9mon\n|rule|OHKO Clause: OHKO moves are banned\n|rule|Evasion Items Clause: Evasion items are banned\n|rule|Evasion Moves Clause: Evasion moves are banned\n|rule|Endless Battle Clause: Forcing endless battles is banned\n|rule|HP Percentage Mod: HP is shown in percentages\n|clearpoke\n|poke|p1|Zacian-*|\n|poke|p1|Kyogre|\n|poke|p1|Zamazenta-*|\n|poke|p1|Arceus-Steel|\n|poke|p1|Volcarona, F|\n|poke|p1|Ursaluna-Bloodmoon, M|\n|poke|p2|Zoroark-Hisui, M|\n|poke|p2|Dragonite, M|\n|poke|p2|Glimmora, M|\n|poke|p2|Iron Bundle|\n|poke|p2|Miraidon|\n|poke|p2|Skeledirge, M|\n|teampreview\n|\n|t:|1697848904\n|start\n|switch|p1a: Kyogre|Kyogre|100\/100\n|switch|p2a: Skeledirge|Skeledirge, M|100\/100\n|-weather|RainDance|[from] ability: Drizzle|[of] p1a: Kyogre\n|turn|1\n|\n|t:|1697848923\n|move|p2a: Skeledirge|Nasty Plot|p2a: Skeledirge\n|-boost|p2a: Skeledirge|spa|2\n|move|p1a: Kyogre|Water Spout|p2a: Skeledirge\n|-crit|p2a: Skeledirge\n|-enditem|p2a: Skeledirge|Focus Sash\n|-damage|p2a: Skeledirge|1\/100\n|replace|p2a: Zoroark|Zoroark-Hisui, M, shiny\n|-end|p2a: Zoroark|Illusion\n|\n|-weather|RainDance|[upkeep]\n|upkeep\n|turn|2\n|\n|t:|1697848941\n|switch|p1a: Ursaluna|Ursaluna-Bloodmoon, M|100\/100\n|move|p2a: Zoroark|Tera Blast|p1a: Ursaluna\n|-damage|p1a: Ursaluna|9\/100\n|\n|-weather|RainDance|[upkeep]\n|upkeep\n|turn|3\n|\n|t:|1697848949\n|move|p2a: Zoroark|Tera Blast|p1a: Ursaluna\n|-damage|p1a: Ursaluna|0 fnt\n|faint|p1a: Ursaluna\n|\n|-weather|RainDance|[upkeep]\n|upkeep\n|\n|t:|1697848953\n|switch|p1a: Volcarona|Volcarona, F|100\/100\n|turn|4\n|\n|t:|1697848964\n|move|p2a: Zoroark|Tera Blast|p1a: Volcarona\n|-damage|p1a: Volcarona|22\/100\n|move|p1a: Volcarona|Air Slash|p2a: Zoroark\n|-damage|p2a: Zoroark|0 fnt\n|faint|p2a: Zoroark\n|\n|-weather|RainDance|[upkeep]\n|upkeep\n|\n|t:|1697848971\n|switch|p2a: Glimmora|Glimmora, M|100\/100\n|-item|p2a: Glimmora|Air Balloon\n|turn|5\n|\n|t:|1697848978\n|move|p1a: Volcarona|Dual Wingbeat|p2a: Glimmora\n|-resisted|p2a: Glimmora\n|-damage|p2a: Glimmora|97\/100\n|-activate|p2a: Glimmora|ability: Toxic Debris\n|-sidestart|p1: KINGKONGUN|move: Toxic Spikes\n|-enditem|p2a: Glimmora|Air Balloon\n|-resisted|p2a: Glimmora\n|-damage|p2a: Glimmora|93\/100\n|-activate|p2a: Glimmora|ability: Toxic Debris\n|-sidestart|p1: KINGKONGUN|move: Toxic Spikes\n|-hitcount|p2a: Glimmora|2\n|move|p2a: Glimmora|Mortal Spin|p1a: Volcarona\n|-damage|p1a: Volcarona|13\/100\n|-status|p1a: Volcarona|psn\n|\n|-weather|none\n|-damage|p1a: Volcarona|0 fnt|[from] psn\n|faint|p1a: Volcarona\n|upkeep\n|\n|t:|1697848988\n|switch|p1a: Kyogre|Kyogre|100\/100\n|-status|p1a: Kyogre|tox\n|-weather|RainDance|[from] ability: Drizzle|[of] p1a: Kyogre\n|turn|6\n|\n|t:|1697848995\n|move|p2a: Glimmora|Spiky Shield|p2a: Glimmora\n|-singleturn|p2a: Glimmora|move: Protect\n|move|p1a: Kyogre|Water Spout|p2a: Glimmora\n|-activate|p2a: Glimmora|move: Protect\n|\n|-weather|RainDance|[upkeep]\n|-damage|p1a: Kyogre|94\/100 tox|[from] psn\n|upkeep\n|turn|7\n|\n|t:|1697849007\n|switch|p2a: Dragonite|Dragonite, M|100\/100\n|-terastallize|p1a: Kyogre|Water\n|move|p1a: Kyogre|Water Spout|p2a: Dragonite\n|-resisted|p2a: Dragonite\n|-damage|p2a: Dragonite|58\/100\n|\n|-weather|RainDance|[upkeep]\n|-heal|p2a: Dragonite|64\/100|[from] item: Leftovers\n|-damage|p1a: Kyogre|82\/100 tox|[from] psn\n|upkeep\n|turn|8\n|\n|t:|1697849017\n|switch|p1a: Zamazenta|Zamazenta-Crowned|100\/100\n|-ability|p1a: Zamazenta|Dauntless Shield|boost\n|-boost|p1a: Zamazenta|def|1\n|move|p2a: Dragonite|Roost|p2a: Dragonite\n|-heal|p2a: Dragonite|100\/100\n|-singleturn|p2a: Dragonite|move: Roost\n|\n|-weather|RainDance|[upkeep]\n|upkeep\n|turn|9\n|\n|t:|1697849026\n|move|p1a: Zamazenta|Close Combat|p2a: Dragonite\n|-resisted|p2a: Dragonite\n|-damage|p2a: Dragonite|88\/100\n|-unboost|p1a: Zamazenta|def|1\n|-unboost|p1a: Zamazenta|spd|1\n|move|p2a: Dragonite|Dragon Dance|p2a: Dragonite\n|-boost|p2a: Dragonite|atk|1\n|-boost|p2a: Dragonite|spe|1\n|\n|-weather|RainDance|[upkeep]\n|-heal|p2a: Dragonite|94\/100|[from] item: Leftovers\n|upkeep\n|turn|10\n|\n|t:|1697849034\n|move|p2a: Dragonite|Dragon Dance|p2a: Dragonite\n|-boost|p2a: Dragonite|atk|1\n|-boost|p2a: Dragonite|spe|1\n|move|p1a: Zamazenta|Agility|p1a: Zamazenta\n|-boost|p1a: Zamazenta|spe|2\n|\n|-weather|none\n|-heal|p2a: Dragonite|99\/100|[from] item: Leftovers\n|upkeep\n|turn|11\n|\n|t:|1697849047\n|move|p1a: Zamazenta|Substitute|p1a: Zamazenta\n|-start|p1a: Zamazenta|Substitute\n|-damage|p1a: Zamazenta|75\/100\n|move|p2a: Dragonite|Dragon Claw|p1a: Zamazenta\n|-resisted|p1a: Zamazenta\n|-end|p1a: Zamazenta|Substitute\n|\n|-heal|p2a: Dragonite|100\/100|[from] item: Leftovers\n|upkeep\n|turn|12\n|\n|t:|1697849056\n|move|p1a: Zamazenta|Body Press|p2a: Dragonite\n|-resisted|p2a: Dragonite\n|-damage|p2a: Dragonite|90\/100\n|move|p2a: Dragonite|Dragon Claw|p1a: Zamazenta\n|-resisted|p1a: Zamazenta\n|-damage|p1a: Zamazenta|46\/100\n|\n|-heal|p2a: Dragonite|96\/100|[from] item: Leftovers\n|upkeep\n|turn|13\n|\n|t:|1697849070\n|switch|p1a: Arceus|Arceus-Steel|100\/100\n|move|p2a: Dragonite|Dragon Dance|p2a: Dragonite\n|-boost|p2a: Dragonite|atk|1\n|-boost|p2a: Dragonite|spe|1\n|\n|-heal|p2a: Dragonite|100\/100|[from] item: Leftovers\n|upkeep\n|turn|14\n|\n|t:|1697849078\n|move|p2a: Dragonite|Dragon Dance|p2a: Dragonite\n|-boost|p2a: Dragonite|atk|1\n|-boost|p2a: Dragonite|spe|1\n|move|p1a: Arceus|Draco Meteor|p2a: Dragonite\n|-supereffective|p2a: Dragonite\n|-damage|p2a: Dragonite|64\/100\n|-unboost|p1a: Arceus|spa|2\n|\n|-heal|p2a: Dragonite|71\/100|[from] item: Leftovers\n|upkeep\n|turn|15\n|\n|t:|1697849093\n|-terastallize|p2a: Dragonite|Normal\n|move|p2a: Dragonite|Extreme Speed|p1a: Arceus\n|-resisted|p1a: Arceus\n|-damage|p1a: Arceus|59\/100\n|move|p1a: Arceus|Aura Sphere|p2a: Dragonite\n|-supereffective|p2a: Dragonite\n|-damage|p2a: Dragonite|46\/100\n|\n|-heal|p2a: Dragonite|52\/100|[from] item: Leftovers\n|upkeep\n|turn|16\n|\n|t:|1697849105\n|move|p2a: Dragonite|Dragon Dance|p2a: Dragonite\n|-boost|p2a: Dragonite|atk|1\n|-boost|p2a: Dragonite|spe|1\n|move|p1a: Arceus|X-Scissor|p2a: Dragonite\n|-damage|p2a: Dragonite|26\/100\n|\n|-heal|p2a: Dragonite|33\/100|[from] item: Leftovers\n|upkeep\n|turn|17\n|\n|t:|1697849110\n|switch|p1a: Zamazenta|Zamazenta-Crowned|46\/100\n|move|p2a: Dragonite|Roost|p2a: Dragonite\n|-heal|p2a: Dragonite|83\/100\n|\n|-heal|p2a: Dragonite|89\/100|[from] item: Leftovers\n|upkeep\n|turn|18\n|\n|t:|1697849115\n|move|p2a: Dragonite|Dragon Dance|p2a: Dragonite\n|-boost|p2a: Dragonite|atk|1\n|-boost|p2a: Dragonite|spe|1\n|move|p1a: Zamazenta|Agility|p1a: Zamazenta\n|-boost|p1a: Zamazenta|spe|2\n|\n|-heal|p2a: Dragonite|95\/100|[from] item: Leftovers\n|upkeep\n|turn|19\n|\n|t:|1697849122\n|switch|p1a: Zacian|Zacian-Crowned|100\/100\n|-ability|p1a: Zacian|Intrepid Sword|boost\n|-boost|p1a: Zacian|atk|1\n|move|p2a: Dragonite|Extreme Speed|p1a: Zacian\n|-resisted|p1a: Zacian\n|-damage|p1a: Zacian|37\/100\n|\n|-heal|p2a: Dragonite|100\/100|[from] item: Leftovers\n|upkeep\n|turn|20\n|\n|t:|1697849129\n|move|p2a: Dragonite|Extreme Speed|p1a: Zacian\n|-resisted|p1a: Zacian\n|-damage|p1a: Zacian|0 fnt\n|faint|p1a: Zacian\n|\n|upkeep\n|\n|t:|1697849133\n|switch|p1a: Kyogre|Kyogre, tera:Water|82\/100 tox\n|-weather|RainDance|[from] ability: Drizzle|[of] p1a: Kyogre\n|turn|21\n|\n|t:|1697849137\n|move|p2a: Dragonite|Extreme Speed|p1a: Kyogre\n|-damage|p1a: Kyogre|0 fnt\n|faint|p1a: Kyogre\n|\n|-weather|RainDance|[upkeep]\n|upkeep\n|\n|t:|1697849154\n|switch|p1a: Arceus|Arceus-Steel|59\/100\n|turn|22\n|\n|t:|1697849158\n|move|p2a: Dragonite|Extreme Speed|p1a: Arceus\n|-resisted|p1a: Arceus\n|-damage|p1a: Arceus|2\/100\n|move|p1a: Arceus|X-Scissor|p2a: Dragonite\n|-damage|p2a: Dragonite|89\/100\n|\n|-weather|RainDance|[upkeep]\n|-heal|p2a: Dragonite|95\/100|[from] item: Leftovers\n|upkeep\n|turn|23\n|\n|t:|1697849166\n|move|p2a: Dragonite|Dragon Claw|p1a: Arceus\n|-resisted|p1a: Arceus\n|-damage|p1a: Arceus|0 fnt\n|faint|p1a: Arceus\n|\n|-weather|RainDance|[upkeep]\n|-heal|p2a: Dragonite|100\/100|[from] item: Leftovers\n|upkeep\n|\n|t:|1697849168\n|switch|p1a: Zamazenta|Zamazenta-Crowned|46\/100\n|turn|24\n|\n|t:|1697849176\n|move|p2a: Dragonite|Extreme Speed|p1a: Zamazenta\n|-resisted|p1a: Zamazenta\n|-damage|p1a: Zamazenta|0 fnt\n|faint|p1a: Zamazenta\n|\n|win|eduuukkkkk\n|raw|KINGKONGUN's rating: 1000 &rarr; <strong>1000<\/strong><br \/>(+0 for losing)\n|raw|eduuukkkkk's rating: 1000 &rarr; <strong>1040<\/strong><br \/>(+40 for winning)\n","uploadtime":1697849185,"views":14,"p1id":"kingkongun","p2id":"eduuukkkkk","formatid":"gen9ubers","rating":1000,"private":0,"password":""}