{"id":"gen9ubers-1976748244","p1":"Genestealer-harr","p2":"DumbassGaming","format":"[Gen 9] Ubers","log":"|j|\u2606Genestealer-harr\n|j|\u2606DumbassGaming\n|t:|1698338255\n|gametype|singles\n|player|p1|Genestealer-harr|101|\n|player|p2|DumbassGaming|clown|\n|teamsize|p1|6\n|teamsize|p2|6\n|gen|9\n|tier|[Gen 9] Ubers\n|rule|Sleep Clause Mod: Limit one foe put to sleep\n|rule|Species Clause: Limit one of each Pok\u00e9mon\n|rule|OHKO Clause: OHKO moves are banned\n|rule|Evasion Items Clause: Evasion items are banned\n|rule|Evasion Moves Clause: Evasion moves are banned\n|rule|Endless Battle Clause: Forcing endless battles is banned\n|rule|HP Percentage Mod: HP is shown in percentages\n|clearpoke\n|poke|p1|Sneasler, M|\n|poke|p1|Breloom, M|\n|poke|p1|Goodra-Hisui, M|\n|poke|p1|Manaphy|\n|poke|p1|Gengar, M|\n|poke|p1|Arceus-Fire|\n|poke|p2|Zacian-*|\n|poke|p2|Palkia-Origin|\n|poke|p2|Arceus-Fire|\n|poke|p2|Zamazenta-*|\n|poke|p2|Shaymin-Sky|\n|poke|p2|Cyclizar, F|\n|teampreview\n|inactive|Battle timer is ON: inactive players will automatically lose when time's up. (requested by Genestealer-harr)\n|inactive|DumbassGaming also wants the timer to be on.\n|c|\u2606Genestealer-harr|gl hf\n|c|\u2606DumbassGaming|glhf\n|\n|t:|1698338282\n|start\n|switch|p1a: Breloom|Breloom, M|100\/100\n|switch|p2a: Cyclizar|Cyclizar, F|100\/100\n|turn|1\n|\n|t:|1698338291\n|move|p1a: Breloom|Mach Punch|p2a: Cyclizar\n|-supereffective|p2a: Cyclizar\n|-damage|p2a: Cyclizar|6\/100\n|move|p2a: Cyclizar|Shed Tail|p2a: Cyclizar\n|-fail|p2a: Cyclizar|move: Shed Tail|[weak]\n|\n|upkeep\n|turn|2\n|\n|t:|1698338296\n|switch|p2a: Zacian|Zacian|100\/100\n|-ability|p2a: Zacian|Intrepid Sword|boost\n|-boost|p2a: Zacian|atk|1\n|move|p1a: Breloom|Mach Punch|p2a: Zacian\n|-resisted|p2a: Zacian\n|-crit|p2a: Zacian\n|-damage|p2a: Zacian|78\/100\n|\n|upkeep\n|turn|3\n|\n|t:|1698338299\n|move|p2a: Zacian|Play Rough|p1a: Breloom\n|-supereffective|p1a: Breloom\n|-enditem|p1a: Breloom|Focus Sash\n|-damage|p1a: Breloom|1\/100\n|-unboost|p1a: Breloom|atk|1\n|-damage|p2a: Zacian|68\/100|[from] item: Life Orb\n|move|p1a: Breloom|Spore|p2a: Zacian\n|-status|p2a: Zacian|slp|[from] move: Spore\n|\n|upkeep\n|turn|4\n|\n|t:|1698338317\n|cant|p2a: Zacian|slp\n|move|p1a: Breloom|Rock Tomb|p2a: Zacian|[miss]\n|-miss|p1a: Breloom|p2a: Zacian\n|\n|upkeep\n|turn|5\n|\n|t:|1698338323\n|-curestatus|p2a: Zacian|slp|[msg]\n|move|p2a: Zacian|Play Rough|p1a: Breloom\n|-supereffective|p1a: Breloom\n|-damage|p1a: Breloom|0 fnt\n|faint|p1a: Breloom\n|-damage|p2a: Zacian|58\/100|[from] item: Life Orb\n|\n|upkeep\n|\n|t:|1698338328\n|switch|p1a: Sneasler|Sneasler, M|100\/100\n|turn|6\n|\n|t:|1698338338\n|move|p1a: Sneasler|Fake Out|p2a: Zacian\n|-enditem|p1a: Sneasler|Normal Gem|[from] gem\n|-damage|p2a: Zacian|40\/100\n|cant|p2a: Zacian|flinch\n|\n|upkeep\n|turn|7\n|\n|t:|1698338344\n|move|p1a: Sneasler|Dire Claw|p2a: Zacian\n|-supereffective|p2a: Zacian\n|-damage|p2a: Zacian|0 fnt\n|faint|p2a: Zacian\n|\n|upkeep\n|\n|t:|1698338346\n|switch|p2a: Zamazenta|Zamazenta|100\/100\n|-ability|p2a: Zamazenta|Dauntless Shield|boost\n|-boost|p2a: Zamazenta|def|1\n|turn|8\n|\n|t:|1698338360\n|-terastallize|p1a: Sneasler|Flying\n|move|p1a: Sneasler|Acrobatics|p2a: Zamazenta\n|-supereffective|p2a: Zamazenta\n|-damage|p2a: Zamazenta|23\/100\n|move|p2a: Zamazenta|Psychic Fangs|p1a: Sneasler\n|-damage|p1a: Sneasler|27\/100\n|\n|upkeep\n|turn|9\n|\n|t:|1698338366\n|switch|p2a: Cyclizar|Cyclizar, F|39\/100\n|move|p1a: Sneasler|Acrobatics|p2a: Cyclizar\n|-damage|p2a: Cyclizar|0 fnt\n|faint|p2a: Cyclizar\n|\n|upkeep\n|\n|t:|1698338385\n|switch|p2a: Arceus|Arceus-Fire|100\/100\n|turn|10\n|\n|t:|1698338389\n|move|p1a: Sneasler|Dire Claw|p2a: Arceus\n|-damage|p2a: Arceus|68\/100\n|-status|p2a: Arceus|slp\n|cant|p2a: Arceus|slp\n|\n|upkeep\n|turn|11\n|\n|t:|1698338399\n|move|p1a: Sneasler|Acrobatics|p2a: Arceus\n|-damage|p2a: Arceus|23\/100 slp\n|cant|p2a: Arceus|slp\n|\n|upkeep\n|turn|12\n|\n|t:|1698338414\n|move|p1a: Sneasler|Acrobatics|p2a: Arceus\n|-damage|p2a: Arceus|0 fnt\n|faint|p2a: Arceus\n|\n|upkeep\n|\n|t:|1698338417\n|switch|p2a: Shaymin|Shaymin-Sky|100\/100\n|turn|13\n|\n|t:|1698338422\n|move|p1a: Sneasler|Dire Claw|p2a: Shaymin\n|-supereffective|p2a: Shaymin\n|-damage|p2a: Shaymin|0 fnt\n|faint|p2a: Shaymin\n|\n|upkeep\n|\n|t:|1698338429\n|switch|p2a: Zamazenta|Zamazenta|23\/100\n|turn|14\n|\n|t:|1698338433\n|-terastallize|p2a: Zamazenta|Steel\n|move|p1a: Sneasler|Acrobatics|p2a: Zamazenta\n|-resisted|p2a: Zamazenta\n|-damage|p2a: Zamazenta|0 fnt\n|faint|p2a: Zamazenta\n|\n|upkeep\n|\n|t:|1698338435\n|switch|p2a: Palkia|Palkia-Origin|100\/100\n|-ability|p2a: Palkia|Pressure\n|turn|15\n|\n|t:|1698338439\n|move|p1a: Sneasler|Dire Claw|p2a: Palkia\n|-damage|p2a: Palkia|53\/100\n|move|p2a: Palkia|Spacial Rend|p1a: Sneasler\n|-damage|p1a: Sneasler|0 fnt\n|faint|p1a: Sneasler\n|\n|upkeep\n|\n|t:|1698338445\n|switch|p1a: Gengar|Gengar, M|100\/100\n|turn|16\n|c|\u2606Genestealer-harr|gg\n|\n|t:|1698338461\n|move|p2a: Palkia|Spacial Rend|p1a: Gengar\n|-damage|p1a: Gengar|0 fnt\n|faint|p1a: Gengar\n|\n|upkeep\n|\n|t:|1698338467\n|switch|p1a: Goodra|Goodra-Hisui, M|100\/100\n|turn|17\n|\n|t:|1698338472\n|move|p2a: Palkia|Substitute|p2a: Palkia\n|-start|p2a: Palkia|Substitute\n|-damage|p2a: Palkia|28\/100\n|move|p1a: Goodra|Ice Beam|p2a: Palkia\n|-end|p2a: Palkia|Substitute\n|\n|upkeep\n|turn|18\n|\n|t:|1698338474\n|move|p2a: Palkia|Earth Power|p1a: Goodra\n|-supereffective|p1a: Goodra\n|-damage|p1a: Goodra|63\/100\n|move|p1a: Goodra|Ice Beam|p2a: Palkia\n|-damage|p2a: Palkia|1\/100\n|\n|upkeep\n|turn|19\n|\n|t:|1698338477\n|move|p2a: Palkia|Spacial Rend|p1a: Goodra\n|-damage|p1a: Goodra|25\/100\n|move|p1a: Goodra|Ice Beam|p2a: Palkia\n|-damage|p2a: Palkia|0 fnt\n|faint|p2a: Palkia\n|\n|win|Genestealer-harr\n|c|\u2606Genestealer-harr|gg\n|c|\u2606DumbassGaming|gg\n|l|\u2606DumbassGaming\n","uploadtime":1698338499,"views":15,"p1id":"genestealerharr","p2id":"dumbassgaming","formatid":"gen9ubers","rating":0,"private":0,"password":""}