{"id":"gen9ubers-1980200379","p1":"Owgeehoeoeherk","p2":"PyroLancer69","format":"[Gen 9] Ubers","log":"|j|\u2606Owgeehoeoeherk\n|j|\u2606PyroLancer69\n|t:|1698765793\n|gametype|singles\n|player|p1|Owgeehoeoeherk|backers|1000\n|player|p2|PyroLancer69|flannery|1075\n|teamsize|p1|6\n|teamsize|p2|6\n|gen|9\n|tier|[Gen 9] Ubers\n|rated|\n|rule|Sleep Clause Mod: Limit one foe put to sleep\n|rule|Species Clause: Limit one of each Pok\u00e9mon\n|rule|OHKO Clause: OHKO moves are banned\n|rule|Evasion Items Clause: Evasion items are banned\n|rule|Evasion Moves Clause: Evasion moves are banned\n|rule|Endless Battle Clause: Forcing endless battles is banned\n|rule|HP Percentage Mod: HP is shown in percentages\n|clearpoke\n|poke|p1|Ribombee, F|\n|poke|p1|Chi-Yu|\n|poke|p1|Koraidon|\n|poke|p1|Arceus-Ground|\n|poke|p1|Groudon|\n|poke|p1|Lilligant-Hisui, F|\n|poke|p2|Rayquaza|\n|poke|p2|Darkrai|\n|poke|p2|Regieleki|\n|poke|p2|Mewtwo|\n|poke|p2|Volcarona, F|\n|poke|p2|Flutter Mane|\n|teampreview\n|inactive|Battle timer is ON: inactive players will automatically lose when time's up. (requested by Owgeehoeoeherk)\n|\n|t:|1698765811\n|start\n|switch|p1a: Groudon|Groudon|100\/100\n|switch|p2a: Volcarona|Volcarona, F, shiny|100\/100\n|-weather|SunnyDay|[from] ability: Drought|[of] p1a: Groudon\n|turn|1\n|\n|t:|1698765833\n|switch|p1a: Lilligant|Lilligant-Hisui, F|100\/100\n|move|p2a: Volcarona|Giga Drain|p1a: Lilligant\n|-resisted|p1a: Lilligant\n|-damage|p1a: Lilligant|76\/100\n|\n|-weather|SunnyDay|[upkeep]\n|upkeep\n|turn|2\n|\n|t:|1698765841\n|move|p1a: Lilligant|Encore|p2a: Volcarona\n|-start|p2a: Volcarona|Encore\n|move|p2a: Volcarona|Giga Drain|p1a: Lilligant\n|-resisted|p1a: Lilligant\n|-damage|p1a: Lilligant|56\/100\n|\n|-weather|SunnyDay|[upkeep]\n|upkeep\n|turn|3\n|\n|t:|1698765851\n|switch|p2a: Flutter Mane|Flutter Mane|100\/100\n|-activate|p2a: Flutter Mane|ability: Protosynthesis\n|-start|p2a: Flutter Mane|protosynthesisspe\n|move|p1a: Lilligant|Swords Dance|p1a: Lilligant\n|-boost|p1a: Lilligant|atk|2\n|\n|-weather|SunnyDay|[upkeep]\n|upkeep\n|turn|4\n|\n|t:|1698765863\n|move|p1a: Lilligant|Solar Blade||[still]\n|-prepare|p1a: Lilligant|Solar Blade\n|-anim|p1a: Lilligant|Solar Blade|p2a: Flutter Mane\n|-damage|p2a: Flutter Mane|0 fnt\n|faint|p2a: Flutter Mane\n|-end|p2a: Flutter Mane|Protosynthesis|[silent]\n|\n|-weather|SunnyDay|[upkeep]\n|upkeep\n|\n|t:|1698765876\n|switch|p2a: Regieleki|Regieleki|100\/100\n|turn|5\n|\n|t:|1698765882\n|move|p1a: Lilligant|Axe Kick|p2a: Regieleki\n|-damage|p2a: Regieleki|0 fnt\n|faint|p2a: Regieleki\n|\n|-weather|none\n|upkeep\n|\n|t:|1698765888\n|switch|p2a: Volcarona|Volcarona, F, shiny|100\/100\n|turn|6\n|\n|t:|1698765902\n|switch|p1a: Koraidon|Koraidon|100\/100\n|-weather|SunnyDay|[from] ability: Orichalcum Pulse|[of] p1a: Koraidon\n|-activate|p1a: Koraidon|Orichalcum Pulse|[source]\n|move|p2a: Volcarona|Fiery Dance|p1a: Koraidon\n|-resisted|p1a: Koraidon\n|-damage|p1a: Koraidon|64\/100\n|-boost|p2a: Volcarona|spa|1\n|\n|-weather|SunnyDay|[upkeep]\n|upkeep\n|turn|7\n|\n|t:|1698765914\n|-terastallize|p1a: Koraidon|Fire\n|move|p1a: Koraidon|Flame Charge|p2a: Volcarona\n|-damage|p2a: Volcarona|0 fnt\n|-boost|p1a: Koraidon|spe|1\n|faint|p2a: Volcarona\n|\n|-weather|SunnyDay|[upkeep]\n|upkeep\n|\n|t:|1698765926\n|switch|p2a: Rayquaza|Rayquaza, shiny|100\/100\n|-ability|p2a: Rayquaza|Air Lock\n|turn|8\n|\n|t:|1698765931\n|move|p1a: Koraidon|Dragon Claw|p2a: Rayquaza\n|-supereffective|p2a: Rayquaza\n|-damage|p2a: Rayquaza|4\/100\n|move|p2a: Rayquaza|Earthquake|p1a: Koraidon\n|-supereffective|p1a: Koraidon\n|-damage|p1a: Koraidon|0 fnt\n|faint|p1a: Koraidon\n|\n|-weather|SunnyDay|[upkeep]\n|upkeep\n|\n|t:|1698765938\n|switch|p1a: Ribombee|Ribombee, F|100\/100\n|turn|9\n|\n|t:|1698765948\n|switch|p2a: Darkrai|Darkrai|100\/100\n|move|p1a: Ribombee|Sticky Web|p2a: Darkrai\n|-sidestart|p2: PyroLancer69|move: Sticky Web\n|\n|-weather|SunnyDay|[upkeep]\n|upkeep\n|turn|10\n|\n|t:|1698765957\n|move|p2a: Darkrai|Hypnosis|p1a: Ribombee\n|-status|p1a: Ribombee|slp|[from] move: Hypnosis\n|cant|p1a: Ribombee|slp\n|\n|-weather|none\n|-damage|p1a: Ribombee|88\/100 slp|[from] ability: Bad Dreams|[of] p2a: Darkrai\n|upkeep\n|turn|11\n|\n|t:|1698765974\n|switch|p1a: Groudon|Groudon|100\/100\n|-weather|SunnyDay|[from] ability: Drought|[of] p1a: Groudon\n|move|p2a: Darkrai|Calm Mind|p2a: Darkrai\n|-boost|p2a: Darkrai|spa|1\n|-boost|p2a: Darkrai|spd|1\n|\n|-weather|SunnyDay|[upkeep]\n|upkeep\n|turn|12\n|\n|t:|1698765986\n|switch|p1a: Ribombee|Ribombee, F|88\/100 slp\n|move|p2a: Darkrai|Dark Pulse|p1a: Ribombee\n|-resisted|p1a: Ribombee\n|-damage|p1a: Ribombee|40\/100 slp\n|\n|-weather|SunnyDay|[upkeep]\n|-damage|p1a: Ribombee|27\/100 slp|[from] ability: Bad Dreams|[of] p2a: Darkrai\n|upkeep\n|turn|13\n|\n|t:|1698765994\n|move|p2a: Darkrai|Calm Mind|p2a: Darkrai\n|-boost|p2a: Darkrai|spa|1\n|-boost|p2a: Darkrai|spd|1\n|-curestatus|p1a: Ribombee|slp|[msg]\n|move|p1a: Ribombee|Stun Spore|p2a: Darkrai|[miss]\n|-miss|p1a: Ribombee|p2a: Darkrai\n|\n|-weather|SunnyDay|[upkeep]\n|upkeep\n|turn|14\n|\n|t:|1698766004\n|move|p2a: Darkrai|Dark Pulse|p1a: Ribombee\n|-resisted|p1a: Ribombee\n|-damage|p1a: Ribombee|0 fnt\n|faint|p1a: Ribombee\n|\n|-weather|SunnyDay|[upkeep]\n|upkeep\n|\n|t:|1698766007\n|switch|p1a: Lilligant|Lilligant-Hisui, F|56\/100\n|turn|15\n|\n|t:|1698766017\n|move|p1a: Lilligant|Solar Blade||[still]\n|-prepare|p1a: Lilligant|Solar Blade\n|-anim|p1a: Lilligant|Solar Blade|p2a: Darkrai\n|-damage|p2a: Darkrai|22\/100\n|move|p2a: Darkrai|Psychic|p1a: Lilligant\n|-supereffective|p1a: Lilligant\n|-damage|p1a: Lilligant|0 fnt\n|faint|p1a: Lilligant\n|\n|-weather|none\n|-heal|p2a: Darkrai|29\/100|[from] item: Leftovers\n|upkeep\n|\n|t:|1698766027\n|switch|p1a: Arceus|Arceus-Ground|100\/100\n|turn|16\n|\n|t:|1698766037\n|switch|p1a: Groudon|Groudon|100\/100\n|-weather|SunnyDay|[from] ability: Drought|[of] p1a: Groudon\n|move|p2a: Darkrai|Dark Pulse|p1a: Groudon\n|-damage|p1a: Groudon|21\/100\n|\n|-weather|SunnyDay|[upkeep]\n|-heal|p2a: Darkrai|35\/100|[from] item: Leftovers\n|-heal|p1a: Groudon|27\/100|[from] item: Leftovers\n|upkeep\n|turn|17\n|\n|t:|1698766047\n|move|p2a: Darkrai|Dark Pulse|p1a: Groudon\n|-damage|p1a: Groudon|0 fnt\n|faint|p1a: Groudon\n|\n|-weather|SunnyDay|[upkeep]\n|-heal|p2a: Darkrai|41\/100|[from] item: Leftovers\n|upkeep\n|\n|t:|1698766056\n|switch|p1a: Arceus|Arceus-Ground|100\/100\n|turn|18\n|\n|t:|1698766062\n|move|p2a: Darkrai|Dark Pulse|p1a: Arceus\n|-damage|p1a: Arceus|39\/100\n|move|p1a: Arceus|Dragon Dance|p1a: Arceus\n|-boost|p1a: Arceus|atk|1\n|-boost|p1a: Arceus|spe|1\n|\n|-weather|SunnyDay|[upkeep]\n|-heal|p2a: Darkrai|47\/100|[from] item: Leftovers\n|upkeep\n|turn|19\n|\n|t:|1698766071\n|move|p1a: Arceus|Judgment|p2a: Darkrai\n|-damage|p2a: Darkrai|15\/100\n|move|p2a: Darkrai|Hypnosis|p1a: Arceus|[miss]\n|-miss|p2a: Darkrai|p1a: Arceus\n|\n|-weather|SunnyDay|[upkeep]\n|-heal|p2a: Darkrai|21\/100|[from] item: Leftovers\n|upkeep\n|turn|20\n|\n|t:|1698766079\n|move|p1a: Arceus|Judgment|p2a: Darkrai\n|-damage|p2a: Darkrai|0 fnt\n|faint|p2a: Darkrai\n|\n|-weather|none\n|upkeep\n|\n|t:|1698766089\n|switch|p2a: Mewtwo|Mewtwo|100\/100\n|-activate|p2a: Mewtwo|move: Sticky Web\n|-unboost|p2a: Mewtwo|spe|1\n|-ability|p2a: Mewtwo|Pressure\n|turn|21\n|\n|t:|1698766101\n|move|p1a: Arceus|Recover|p1a: Arceus\n|-heal|p1a: Arceus|89\/100\n|move|p2a: Mewtwo|Psystrike|p1a: Arceus\n|-crit|p1a: Arceus\n|-damage|p1a: Arceus|0 fnt\n|faint|p1a: Arceus\n|-damage|p2a: Mewtwo|91\/100|[from] item: Life Orb\n|\n|upkeep\n|\n|t:|1698766105\n|switch|p1a: Chi-Yu|Chi-Yu|100\/100\n|-ability|p1a: Chi-Yu|Beads of Ruin\n|turn|22\n|\n|t:|1698766114\n|move|p1a: Chi-Yu|Dark Pulse|p2a: Mewtwo\n|-supereffective|p2a: Mewtwo\n|-crit|p2a: Mewtwo\n|-damage|p2a: Mewtwo|0 fnt\n|faint|p2a: Mewtwo\n|\n|upkeep\n|\n|t:|1698766120\n|switch|p2a: Rayquaza|Rayquaza, shiny|4\/100\n|-ability|p2a: Rayquaza|Air Lock\n|turn|23\n|inactive|PyroLancer69 has 120 seconds left.\n|\n|t:|1698766158\n|-terastallize|p2a: Rayquaza|Dragon\n|move|p2a: Rayquaza|Earthquake|p1a: Chi-Yu\n|-supereffective|p1a: Chi-Yu\n|-damage|p1a: Chi-Yu|0 fnt\n|faint|p1a: Chi-Yu\n|\n|win|PyroLancer69\n|raw|Owgeehoeoeherk's rating: 1000 &rarr; <strong>1000<\/strong><br \/>(+0 for losing)\n|raw|PyroLancer69's rating: 1075 &rarr; <strong>1098<\/strong><br \/>(+23 for winning)\n|l|\u2606Owgeehoeoeherk\n|c|\u2606PyroLancer69|gg\n","uploadtime":1698766180,"views":8,"p1id":"owgeehoeoeherk","p2id":"pyrolancer69","formatid":"gen9ubers","rating":1000,"private":0,"password":""}