{"id":"gen9ubers-1969286222","p1":"Sol CPU","p2":"DeadGoblin","format":"[Gen 9] Ubers","log":"|j|\u2606Sol CPU\n|j|\u2606DeadGoblin\n|t:|1697509886\n|gametype|singles\n|player|p1|Sol CPU|ethan|\n|player|p2|DeadGoblin|cynthia|\n|teamsize|p1|6\n|teamsize|p2|6\n|gen|9\n|tier|[Gen 9] Ubers\n|rule|Sleep Clause Mod: Limit one foe put to sleep\n|rule|Species Clause: Limit one of each Pok\u00e9mon\n|rule|OHKO Clause: OHKO moves are banned\n|rule|Evasion Items Clause: Evasion items are banned\n|rule|Evasion Moves Clause: Evasion moves are banned\n|rule|Endless Battle Clause: Forcing endless battles is banned\n|rule|HP Percentage Mod: HP is shown in percentages\n|clearpoke\n|poke|p1|Muk-Alola, M|\n|poke|p1|Volcarona, F|\n|poke|p1|Meloetta|\n|poke|p1|Lycanroc-Dusk, M|\n|poke|p1|Dragalge, M|\n|poke|p1|Sylveon, F|\n|poke|p2|Gholdengo|\n|poke|p2|Gardevoir, F|\n|poke|p2|Armarouge, M|\n|poke|p2|Wo-Chien|\n|poke|p2|Cyclizar, M|\n|poke|p2|Moltres-Galar|\n|teampreview\n|j| BLACK METAL 3\n|j| Squirshawott\n|j| RoamingDia\n|j| Pkpowers310\n|l| Pkpowers310\n|j| Pkpowers310\n|\n|t:|1697509915\n|start\n|switch|p1a: Time For Ice Cream|Lycanroc-Dusk, M|100\/100\n|switch|p2a: Estrella|Gardevoir, F, shiny|100\/100\n|-ability|p2a: Estrella|Tough Claws|[from] ability: Trace|[of] p1a: Time For Ice Cream\n|turn|1\n|\n|t:|1697509923\n|move|p2a: Estrella|Trick|p1a: Time For Ice Cream\n|-activate|p2a: Estrella|move: Trick|[of] p1a: Time For Ice Cream\n|-item|p1a: Time For Ice Cream|Choice Scarf|[from] move: Trick\n|-item|p2a: Estrella|Life Orb|[from] move: Trick\n|move|p1a: Time For Ice Cream|Stealth Rock|p2a: Estrella\n|-sidestart|p2: DeadGoblin|move: Stealth Rock\n|\n|upkeep\n|turn|2\n|j| slugmaaa\n|\n|t:|1697509950\n|switch|p1a: Ribbons Galore|Sylveon, F|100\/100\n|move|p2a: Estrella|Moonblast|p1a: Ribbons Galore\n|-crit|p1a: Ribbons Galore\n|-damage|p1a: Ribbons Galore|38\/100\n|-unboost|p1a: Ribbons Galore|spa|1\n|-damage|p2a: Estrella|91\/100|[from] item: Life Orb\n|\n|upkeep\n|turn|3\n|\n|t:|1697509958\n|move|p2a: Estrella|Moonblast|p1a: Ribbons Galore\n|-damage|p1a: Ribbons Galore|0 fnt\n|faint|p1a: Ribbons Galore\n|-damage|p2a: Estrella|81\/100|[from] item: Life Orb\n|\n|upkeep\n|\n|t:|1697509963\n|switch|p1a: M O T H|Volcarona, F|100\/100\n|turn|4\n|\n|t:|1697509967\n|switch|p2a: MEGAMAN X|Armarouge, M, shiny|100\/100\n|-damage|p2a: MEGAMAN X|75\/100|[from] Stealth Rock\n|move|p1a: M O T H|Bug Buzz|p2a: MEGAMAN X\n|-damage|p2a: MEGAMAN X|15\/100\n|\n|upkeep\n|turn|5\n|l| Pkpowers310\n|j| Pkpowers310\n|\n|t:|1697510006\n|move|p1a: M O T H|Bug Buzz|p2a: MEGAMAN X\n|-damage|p2a: MEGAMAN X|0 fnt\n|faint|p2a: MEGAMAN X\n|\n|upkeep\n|l| Pkpowers310\n|\n|t:|1697510019\n|switch|p2a: Live Reaction|Wo-Chien|100\/100\n|-damage|p2a: Live Reaction|88\/100|[from] Stealth Rock\n|-ability|p2a: Live Reaction|Tablets of Ruin\n|turn|6\n|j| Pkpowers310\n|\n|t:|1697510032\n|move|p1a: M O T H|Bug Buzz|p2a: Live Reaction\n|-supereffective|p2a: Live Reaction\n|-damage|p2a: Live Reaction|0 fnt\n|faint|p2a: Live Reaction\n|\n|upkeep\n|\n|t:|1697510037\n|switch|p2a: HungryBox|Cyclizar, M, shiny|100\/100\n|-damage|p2a: HungryBox|88\/100|[from] Stealth Rock\n|turn|7\n|\n|t:|1697510045\n|move|p2a: HungryBox|Rapid Spin|p1a: M O T H\n|-damage|p1a: M O T H|73\/100\n|-boost|p2a: HungryBox|spe|1\n|-sideend|p2: DeadGoblin|Stealth Rock|[from] move: Rapid Spin|[of] p2a: HungryBox\n|move|p1a: M O T H|Quiver Dance|p1a: M O T H\n|-boost|p1a: M O T H|spa|1\n|-boost|p1a: M O T H|spd|1\n|-boost|p1a: M O T H|spe|1\n|\n|-heal|p1a: M O T H|79\/100|[from] item: Leftovers\n|upkeep\n|turn|8\n|\n|t:|1697510061\n|-terastallize|p2a: HungryBox|Steel\n|move|p2a: HungryBox|Outrage|p1a: M O T H\n|-damage|p1a: M O T H|13\/100\n|-status|p2a: HungryBox|brn|[from] ability: Flame Body|[of] p1a: M O T H\n|move|p1a: M O T H|Flamethrower|p2a: HungryBox\n|-supereffective|p2a: HungryBox\n|-damage|p2a: HungryBox|0 fnt\n|faint|p2a: HungryBox\n|\n|-heal|p1a: M O T H|19\/100|[from] item: Leftovers\n|upkeep\n|\n|t:|1697510078\n|switch|p2a: BIRD UP|Moltres-Galar|100\/100\n|turn|9\n|\n|t:|1697510096\n|move|p1a: M O T H|Flamethrower|p2a: BIRD UP\n|-damage|p2a: BIRD UP|36\/100\n|-ability|p2a: BIRD UP|Berserk|boost\n|-boost|p2a: BIRD UP|spa|1\n|move|p2a: BIRD UP|Air Slash|p1a: M O T H\n|-supereffective|p1a: M O T H\n|-damage|p1a: M O T H|0 fnt\n|faint|p1a: M O T H\n|\n|upkeep\n|\n|t:|1697510111\n|switch|p1a: Time For Ice Cream|Lycanroc-Dusk, M|100\/100\n|turn|10\n|\n|t:|1697510123\n|switch|p2a: IsAGoodConducter|Gholdengo|100\/100\n|move|p1a: Time For Ice Cream|Rock Slide|p2a: IsAGoodConducter\n|-resisted|p2a: IsAGoodConducter\n|-damage|p2a: IsAGoodConducter|78\/100\n|\n|upkeep\n|turn|11\n|\n|t:|1697510136\n|switch|p1a: Not Kingdra|Dragalge, M|100\/100\n|move|p2a: IsAGoodConducter|Nasty Plot|p2a: IsAGoodConducter\n|-boost|p2a: IsAGoodConducter|spa|2\n|\n|upkeep\n|turn|12\n|\n|t:|1697510150\n|move|p2a: IsAGoodConducter|Make It Rain|p1a: Not Kingdra\n|-damage|p1a: Not Kingdra|23\/100\n|-unboost|p2a: IsAGoodConducter|spa|1\n|move|p1a: Not Kingdra|Shadow Ball|p2a: IsAGoodConducter\n|-supereffective|p2a: IsAGoodConducter\n|-damage|p2a: IsAGoodConducter|21\/100\n|\n|upkeep\n|turn|13\n|\n|t:|1697510166\n|move|p2a: IsAGoodConducter|Recover|p2a: IsAGoodConducter\n|-heal|p2a: IsAGoodConducter|71\/100\n|move|p1a: Not Kingdra|Shadow Ball|p2a: IsAGoodConducter\n|-supereffective|p2a: IsAGoodConducter\n|-damage|p2a: IsAGoodConducter|10\/100\n|\n|upkeep\n|turn|14\n|\n|t:|1697510172\n|move|p2a: IsAGoodConducter|Make It Rain|p1a: Not Kingdra\n|-damage|p1a: Not Kingdra|0 fnt\n|-unboost|p2a: IsAGoodConducter|spa|1\n|faint|p1a: Not Kingdra\n|\n|upkeep\n|\n|t:|1697510179\n|switch|p1a: Time For Ice Cream|Lycanroc-Dusk, M|100\/100\n|turn|15\n|\n|t:|1697510220\n|switch|p2a: Estrella|Gardevoir, F, shiny|81\/100\n|-ability|p2a: Estrella|Tough Claws|[from] ability: Trace|[of] p1a: Time For Ice Cream\n|move|p1a: Time For Ice Cream|Drill Run|p2a: Estrella\n|-damage|p2a: Estrella|20\/100\n|\n|upkeep\n|turn|16\n|\n|t:|1697510231\n|move|p1a: Time For Ice Cream|Drill Run|p2a: Estrella\n|-damage|p2a: Estrella|0 fnt\n|faint|p2a: Estrella\n|\n|upkeep\n|\n|t:|1697510237\n|switch|p2a: BIRD UP|Moltres-Galar|36\/100\n|turn|17\n|\n|t:|1697510244\n|switch|p1a: The Cooler Muk|Muk-Alola, M|100\/100\n|move|p2a: BIRD UP|Air Slash|p1a: The Cooler Muk\n|-damage|p1a: The Cooler Muk|73\/100\n|\n|-heal|p1a: The Cooler Muk|79\/100|[from] item: Black Sludge\n|upkeep\n|turn|18\n|\n|t:|1697510251\n|move|p2a: BIRD UP|Nasty Plot|p2a: BIRD UP\n|-boost|p2a: BIRD UP|spa|2\n|move|p1a: The Cooler Muk|Knock Off|p2a: BIRD UP\n|-resisted|p2a: BIRD UP\n|-damage|p2a: BIRD UP|10\/100\n|-enditem|p2a: BIRD UP|Weakness Policy|[from] move: Knock Off|[of] p1a: The Cooler Muk\n|\n|-heal|p1a: The Cooler Muk|86\/100|[from] item: Black Sludge\n|upkeep\n|turn|19\n|\n|t:|1697510262\n|move|p2a: BIRD UP|Air Slash|p1a: The Cooler Muk\n|-damage|p1a: The Cooler Muk|26\/100\n|cant|p1a: The Cooler Muk|flinch\n|\n|-heal|p1a: The Cooler Muk|32\/100|[from] item: Black Sludge\n|upkeep\n|turn|20\n|\n|t:|1697510268\n|move|p2a: BIRD UP|Air Slash|p1a: The Cooler Muk\n|-damage|p1a: The Cooler Muk|0 fnt\n|faint|p1a: The Cooler Muk\n|\n|upkeep\n|\n|t:|1697510273\n|switch|p1a: Time For Ice Cream|Lycanroc-Dusk, M|100\/100\n|turn|21\n|\n|t:|1697510282\n|move|p1a: Time For Ice Cream|Accelerock|p2a: BIRD UP\n|-supereffective|p2a: BIRD UP\n|-damage|p2a: BIRD UP|0 fnt\n|faint|p2a: BIRD UP\n|\n|upkeep\n|c| slugmaaa|NOOOO\n|\n|t:|1697510286\n|switch|p2a: IsAGoodConducter|Gholdengo|10\/100\n|turn|22\n|c| slugmaaa|MIGUELLLL\n|\n|t:|1697510288\n|move|p1a: Time For Ice Cream|Accelerock|p2a: IsAGoodConducter\n|-resisted|p2a: IsAGoodConducter\n|-damage|p2a: IsAGoodConducter|0 fnt\n|faint|p2a: IsAGoodConducter\n|\n|win|Sol CPU\n|c|\u2606DeadGoblin|fuck\n|c|\u2606DeadGoblin|welp ggs\n|c|\u2606Sol CPU|ggs\n|l| RoamingDia\n|l| Pkpowers310\n","uploadtime":1697510307,"views":16,"p1id":"solcpu","p2id":"deadgoblin","formatid":"gen9ubers","rating":0,"private":0,"password":""}