{"id":"gen9ubers-1978233853","p1":"Nibbles88","p2":"mmputclo","format":"[Gen 9] Ubers","log":"|j|\u2606Nibbles88\n|j|\u2606mmputclo\n|t:|1698515363\n|gametype|singles\n|player|p1|Nibbles88|hilda|1101\n|player|p2|mmputclo|marshal|1139\n|teamsize|p1|6\n|teamsize|p2|6\n|gen|9\n|tier|[Gen 9] Ubers\n|rated|\n|rule|Sleep Clause Mod: Limit one foe put to sleep\n|rule|Species Clause: Limit one of each Pok\u00e9mon\n|rule|OHKO Clause: OHKO moves are banned\n|rule|Evasion Items Clause: Evasion items are banned\n|rule|Evasion Moves Clause: Evasion moves are banned\n|rule|Endless Battle Clause: Forcing endless battles is banned\n|rule|HP Percentage Mod: HP is shown in percentages\n|clearpoke\n|poke|p1|Dragapult, M|\n|poke|p1|Annihilape, M|\n|poke|p1|Tyranitar, M|\n|poke|p1|Meowscarada, F|\n|poke|p1|Palafin, M|\n|poke|p1|Gholdengo|\n|poke|p2|Landorus, M|\n|poke|p2|Volcarona, F|\n|poke|p2|Zacian-*|\n|poke|p2|Groudon|\n|poke|p2|Kyogre|\n|poke|p2|Meowscarada, F|\n|teampreview\n|inactive|Battle timer is ON: inactive players will automatically lose when time's up. (requested by Nibbles88)\n|\n|t:|1698515376\n|start\n|switch|p1a: Palafin|Palafin, M|100\/100\n|switch|p2a: Meowscarada|Meowscarada, F|100\/100\n|turn|1\n|\n|t:|1698515394\n|detailschange|p1a: Palafin|Palafin-Hero, M\n|switch|p1a: Lightclaw|Dragapult, M, shiny|100\/100\n|move|p2a: Meowscarada|U-turn|p1a: Lightclaw\n|-start|p2a: Meowscarada|typechange|Bug|[from] ability: Protean\n|-resisted|p1a: Lightclaw\n|-damage|p1a: Lightclaw|74\/100\n|\n|t:|1698515414\n|switch|p2a: Kyogre|Kyogre|100\/100|[from] U-turn\n|-weather|RainDance|[from] ability: Drizzle|[of] p2a: Kyogre\n|\n|-weather|RainDance|[upkeep]\n|upkeep\n|turn|2\n|\n|t:|1698515430\n|move|p1a: Lightclaw|Thunderbolt|p2a: Kyogre\n|-supereffective|p2a: Kyogre\n|-damage|p2a: Kyogre|78\/100\n|move|p2a: Kyogre|Calm Mind|p2a: Kyogre\n|-boost|p2a: Kyogre|spa|1\n|-boost|p2a: Kyogre|spd|1\n|\n|-weather|RainDance|[upkeep]\n|-heal|p2a: Kyogre|84\/100|[from] item: Leftovers\n|upkeep\n|turn|3\n|\n|t:|1698515439\n|move|p1a: Lightclaw|Thunderbolt|p2a: Kyogre\n|-supereffective|p2a: Kyogre\n|-damage|p2a: Kyogre|71\/100\n|move|p2a: Kyogre|Ice Beam|p1a: Lightclaw\n|-supereffective|p1a: Lightclaw\n|-damage|p1a: Lightclaw|0 fnt\n|faint|p1a: Lightclaw\n|\n|-weather|RainDance|[upkeep]\n|-heal|p2a: Kyogre|77\/100|[from] item: Leftovers\n|upkeep\n|inactive|Nibbles88 has 120 seconds left.\n|inactive|Nibbles88 has 90 seconds left.\n|inactive|Nibbles88 has 60 seconds left.\n|inactive|Nibbles88 has 30 seconds left.\n|inactive|Nibbles88 has 20 seconds left.\n|\n|t:|1698515569\n|switch|p1a: Dusk|Meowscarada, F|100\/100\n|turn|4\n|inactive|Nibbles88 has 30 seconds left this turn.\n|\n|t:|1698515575\n|switch|p2a: Groudon|Groudon|100\/100\n|-weather|SunnyDay|[from] ability: Drought|[of] p2a: Groudon\n|move|p1a: Dusk|Flower Trick|p2a: Groudon\n|-start|p1a: Dusk|typechange|Grass|[from] ability: Protean\n|-supereffective|p2a: Groudon\n|-crit|p2a: Groudon\n|-damage|p2a: Groudon|51\/100\n|\n|-weather|SunnyDay|[upkeep]\n|-heal|p2a: Groudon|57\/100|[from] item: Leftovers\n|upkeep\n|turn|5\n|inactive|Nibbles88 has 30 seconds left.\n|\n|t:|1698515591\n|switch|p1a: Godzilla|Tyranitar, M|100\/100\n|-weather|Sandstorm|[from] ability: Sand Stream|[of] p1a: Godzilla\n|move|p2a: Groudon|Body Press|p1a: Godzilla\n|-supereffective|p1a: Godzilla\n|-damage|p1a: Godzilla|0 fnt\n|faint|p1a: Godzilla\n|\n|-weather|Sandstorm|[upkeep]\n|-heal|p2a: Groudon|63\/100|[from] item: Leftovers\n|upkeep\n|inactive|Nibbles88 has 30 seconds left this turn.\n|inactive|Nibbles88 has 20 seconds left.\n|\n|t:|1698515602\n|switch|p1a: Dusk|Meowscarada, F|100\/100\n|turn|6\n|inactive|Nibbles88 has 30 seconds left this turn.\n|\n|t:|1698515612\n|move|p1a: Dusk|Flower Trick|p2a: Groudon\n|-start|p1a: Dusk|typechange|Grass|[from] ability: Protean\n|-supereffective|p2a: Groudon\n|-crit|p2a: Groudon\n|-damage|p2a: Groudon|19\/100\n|move|p2a: Groudon|Stealth Rock|p1a: Dusk\n|-sidestart|p1: Nibbles88|move: Stealth Rock\n|\n|-weather|Sandstorm|[upkeep]\n|-damage|p1a: Dusk|94\/100|[from] Sandstorm\n|-heal|p2a: Groudon|25\/100|[from] item: Leftovers\n|upkeep\n|turn|7\n|\n|t:|1698515625\n|switch|p2a: Meowscarada|Meowscarada, F|100\/100\n|move|p1a: Dusk|Flower Trick|p2a: Meowscarada\n|-resisted|p2a: Meowscarada\n|-crit|p2a: Meowscarada\n|-damage|p2a: Meowscarada|59\/100\n|\n|-weather|Sandstorm|[upkeep]\n|-damage|p2a: Meowscarada|53\/100|[from] Sandstorm\n|-damage|p1a: Dusk|88\/100|[from] Sandstorm\n|upkeep\n|turn|8\n|\n|t:|1698515636\n|move|p2a: Meowscarada|U-turn|p1a: Dusk\n|-start|p2a: Meowscarada|typechange|Bug|[from] ability: Protean\n|-supereffective|p1a: Dusk\n|-damage|p1a: Dusk|0 fnt\n|faint|p1a: Dusk\n|\n|t:|1698515644\n|switch|p2a: Groudon|Groudon|25\/100|[from] U-turn\n|-weather|SunnyDay|[from] ability: Drought|[of] p2a: Groudon\n|\n|-weather|SunnyDay|[upkeep]\n|-heal|p2a: Groudon|31\/100|[from] item: Leftovers\n|upkeep\n|\n|t:|1698515658\n|switch|p1a: Oscar|Gholdengo|100\/100\n|-damage|p1a: Oscar|94\/100|[from] Stealth Rock\n|turn|9\n|\n|t:|1698515665\n|move|p1a: Oscar|Make It Rain|p2a: Groudon\n|-damage|p2a: Groudon|0 fnt\n|-unboost|p1a: Oscar|spa|1\n|faint|p2a: Groudon\n|\n|-weather|SunnyDay|[upkeep]\n|upkeep\n|\n|t:|1698515679\n|switch|p2a: Meowscarada|Meowscarada, F|53\/100\n|turn|10\n|inactive|Nibbles88 has 30 seconds left.\n|inactive|Nibbles88 has 20 seconds left.\n|\n|t:|1698515721\n|-terastallize|p1a: Oscar|Flying\n|move|p2a: Meowscarada|Knock Off|p1a: Oscar\n|-start|p2a: Meowscarada|typechange|Dark|[from] ability: Protean\n|-damage|p1a: Oscar|44\/100\n|-damage|p2a: Meowscarada|37\/100|[from] item: Rocky Helmet|[of] p1a: Oscar\n|-enditem|p1a: Oscar|Rocky Helmet|[from] move: Knock Off|[of] p2a: Meowscarada\n|move|p1a: Oscar|Make It Rain|p2a: Meowscarada\n|-damage|p2a: Meowscarada|0 fnt\n|-unboost|p1a: Oscar|spa|1\n|faint|p2a: Meowscarada\n|\n|-weather|SunnyDay|[upkeep]\n|upkeep\n|inactive|Nibbles88 has 25 seconds left this turn.\n|\n|t:|1698515743\n|switch|p2a: Kyogre|Kyogre|77\/100\n|-weather|RainDance|[from] ability: Drizzle|[of] p2a: Kyogre\n|turn|11\n|inactive|Nibbles88 has 30 seconds left.\n|\n|t:|1698515753\n|move|p1a: Oscar|Make It Rain|p2a: Kyogre\n|-resisted|p2a: Kyogre\n|-damage|p2a: Kyogre|69\/100\n|-unboost|p1a: Oscar|spa|1\n|move|p2a: Kyogre|Thunder|p1a: Oscar\n|-supereffective|p1a: Oscar\n|-damage|p1a: Oscar|0 fnt\n|faint|p1a: Oscar\n|\n|-weather|RainDance|[upkeep]\n|-heal|p2a: Kyogre|75\/100|[from] item: Leftovers\n|upkeep\n|inactive|Nibbles88 has 30 seconds left.\n|inactive|Nibbles88 has 20 seconds left.\n|\n|t:|1698515769\n|switch|p1a: Thymos|Annihilape, M|100\/100\n|-damage|p1a: Thymos|94\/100|[from] Stealth Rock\n|turn|12\n|inactive|Nibbles88 has 30 seconds left this turn.\n|\n|t:|1698515777\n|move|p2a: Kyogre|Calm Mind|p2a: Kyogre\n|-boost|p2a: Kyogre|spa|1\n|-boost|p2a: Kyogre|spd|1\n|move|p1a: Thymos|Rage Fist|p2a: Kyogre\n|-damage|p2a: Kyogre|50\/100\n|\n|-weather|RainDance|[upkeep]\n|-heal|p2a: Kyogre|56\/100|[from] item: Leftovers\n|upkeep\n|turn|13\n|inactive|Nibbles88 has 30 seconds left.\n|\n|t:|1698515784\n|move|p1a: Thymos|Rage Fist|p2a: Kyogre\n|-damage|p2a: Kyogre|31\/100\n|move|p2a: Kyogre|Calm Mind|p2a: Kyogre\n|-boost|p2a: Kyogre|spa|1\n|-boost|p2a: Kyogre|spd|1\n|\n|-weather|RainDance|[upkeep]\n|-heal|p2a: Kyogre|37\/100|[from] item: Leftovers\n|upkeep\n|turn|14\n|\n|t:|1698515793\n|move|p1a: Thymos|Rage Fist|p2a: Kyogre\n|-damage|p2a: Kyogre|11\/100\n|move|p2a: Kyogre|Origin Pulse|p1a: Thymos\n|-damage|p1a: Thymos|0 fnt\n|faint|p1a: Thymos\n|\n|-weather|RainDance|[upkeep]\n|-heal|p2a: Kyogre|17\/100|[from] item: Leftovers\n|upkeep\n|\n|t:|1698515801\n|switch|p1a: Palafin|Palafin-Hero, M|100\/100\n|-damage|p1a: Palafin|88\/100|[from] Stealth Rock\n|-activate|p1a: Palafin|ability: Zero to Hero\n|turn|15\n|\n|t:|1698515808\n|move|p1a: Palafin|Jet Punch|p2a: Kyogre\n|-resisted|p2a: Kyogre\n|-damage|p2a: Kyogre|0 fnt\n|faint|p2a: Kyogre\n|\n|-weather|none\n|upkeep\n|\n|t:|1698515813\n|switch|p2a: Zacian|Zacian-Crowned|100\/100\n|-ability|p2a: Zacian|Intrepid Sword|boost\n|-boost|p2a: Zacian|atk|1\n|turn|16\n|\n|t:|1698515822\n|move|p1a: Palafin|Jet Punch|p2a: Zacian\n|-damage|p2a: Zacian|44\/100\n|move|p2a: Zacian|Swords Dance|p2a: Zacian\n|-boost|p2a: Zacian|atk|2\n|\n|upkeep\n|turn|17\n|inactive|Nibbles88 has 60 seconds left.\n|\n|t:|1698515829\n|-terastallize|p2a: Zacian|Fairy\n|move|p1a: Palafin|Jet Punch|p2a: Zacian\n|-damage|p2a: Zacian|0 fnt\n|faint|p2a: Zacian\n|\n|upkeep\n|\n|t:|1698515833\n|switch|p2a: Volcarona|Volcarona, F|100\/100\n|turn|18\n|\n|t:|1698515835\n|move|p1a: Palafin|Jet Punch|p2a: Volcarona\n|-supereffective|p2a: Volcarona\n|-damage|p2a: Volcarona|0 fnt\n|faint|p2a: Volcarona\n|\n|upkeep\n|\n|t:|1698515840\n|switch|p2a: Landorus|Landorus, M|100\/100\n|turn|19\n|\n|t:|1698515844\n|move|p1a: Palafin|Jet Punch|p2a: Landorus\n|-supereffective|p2a: Landorus\n|-damage|p2a: Landorus|0 fnt\n|faint|p2a: Landorus\n|\n|win|Nibbles88\n|raw|Nibbles88's rating: 1101 &rarr; <strong>1129<\/strong><br \/>(+28 for winning)\n|raw|mmputclo's rating: 1139 &rarr; <strong>1111<\/strong><br \/>(-28 for losing)\n|c|\u2606Nibbles88|gg\n|l|\u2606mmputclo\n","uploadtime":1698515851,"views":7,"p1id":"nibbles88","p2id":"mmputclo","formatid":"gen9ubers","rating":1111,"private":0,"password":""}