{"id":"gen9ubers-1974700332","p1":"Hand0fD00m","p2":"Yangsta","format":"[Gen 9] Ubers","log":"|j|\u2606Hand0fD00m\n|j|\u2606Yangsta\n|t:|1698111895\n|gametype|singles\n|player|p1|Hand0fD00m|pokefan-gen4|\n|player|p2|Yangsta|waiter|\n|teamsize|p1|6\n|teamsize|p2|6\n|gen|9\n|tier|[Gen 9] Ubers\n|rule|Sleep Clause Mod: Limit one foe put to sleep\n|rule|Species Clause: Limit one of each Pok\u00e9mon\n|rule|OHKO Clause: OHKO moves are banned\n|rule|Evasion Items Clause: Evasion items are banned\n|rule|Evasion Moves Clause: Evasion moves are banned\n|rule|Endless Battle Clause: Forcing endless battles is banned\n|rule|HP Percentage Mod: HP is shown in percentages\n|clearpoke\n|poke|p1|Arceus|\n|poke|p1|Koraidon|\n|poke|p1|Zacian-*|\n|poke|p1|Miraidon|\n|poke|p1|Landorus-Therian, M|\n|poke|p1|Walking Wake|\n|poke|p2|Arceus|\n|poke|p2|Zacian-*|\n|poke|p2|Regieleki|\n|poke|p2|Koraidon|\n|poke|p2|Volcarona, F|\n|poke|p2|Flutter Mane|\n|teampreview\n|c|\u2606Yangsta|gl hf!\n|j| Rival Andrew\n|c|\u2606Hand0fD00m|you too brother! get at least 1 on me here\n|\n|t:|1698111935\n|start\n|switch|p1a: Calrissian|Landorus-Therian, M|100\/100\n|switch|p2a: Arceus|Arceus|100\/100\n|-ability|p1a: Calrissian|Intimidate|boost\n|-unboost|p2a: Arceus|atk|1\n|turn|1\n|\n|t:|1698111945\n|move|p2a: Arceus|Calm Mind|p2a: Arceus\n|-boost|p2a: Arceus|spa|1\n|-boost|p2a: Arceus|spd|1\n|move|p1a: Calrissian|Taunt|p2a: Arceus\n|-start|p2a: Arceus|move: Taunt\n|\n|upkeep\n|turn|2\n|\n|t:|1698111951\n|move|p2a: Arceus|Judgment|p1a: Calrissian\n|-damage|p1a: Calrissian|34\/100\n|move|p1a: Calrissian|Stealth Rock|p2a: Arceus\n|-sidestart|p2: Yangsta|move: Stealth Rock\n|\n|upkeep\n|turn|3\n|\n|t:|1698111961\n|move|p2a: Arceus|Judgment|p1a: Calrissian\n|-damage|p1a: Calrissian|0 fnt\n|faint|p1a: Calrissian\n|\n|upkeep\n|\n|t:|1698111977\n|switch|p1a: Zorro|Zacian-Crowned, shiny|100\/100\n|-ability|p1a: Zorro|Intrepid Sword|boost\n|-boost|p1a: Zorro|atk|1\n|turn|4\n|\n|t:|1698111992\n|-terastallize|p2a: Arceus|Steel\n|move|p1a: Zorro|Swords Dance|p1a: Zorro\n|-boost|p1a: Zorro|atk|2\n|move|p2a: Arceus|Judgment|p1a: Zorro\n|-resisted|p1a: Zorro\n|-damage|p1a: Zorro|71\/100\n|\n|-end|p2a: Arceus|move: Taunt\n|upkeep\n|turn|5\n|\n|t:|1698112005\n|move|p1a: Zorro|Crunch|p2a: Arceus\n|-damage|p2a: Arceus|44\/100\n|move|p2a: Arceus|Stealth Rock|p1a: Zorro\n|-sidestart|p1: Hand0fD00m|move: Stealth Rock\n|\n|-heal|p2a: Arceus|50\/100|[from] item: Leftovers\n|upkeep\n|turn|6\n|\n|t:|1698112025\n|switch|p2a: Zacian|Zacian-Crowned|100\/100\n|-damage|p2a: Zacian|94\/100|[from] Stealth Rock\n|-ability|p2a: Zacian|Intrepid Sword|boost\n|-boost|p2a: Zacian|atk|1\n|move|p1a: Zorro|Crunch|p2a: Zacian\n|-resisted|p2a: Zacian\n|-damage|p2a: Zacian|57\/100\n|\n|upkeep\n|turn|7\n|\n|t:|1698112050\n|move|p2a: Zacian|Behemoth Blade|p1a: Zorro\n|-damage|p1a: Zorro|0 fnt\n|faint|p1a: Zorro\n|\n|upkeep\n|c|\u2606Yangsta|thank God\n|\n|t:|1698112056\n|switch|p1a: Bon Scott|Miraidon|100\/100\n|-damage|p1a: Bon Scott|88\/100|[from] Stealth Rock\n|-fieldstart|move: Electric Terrain|[from] ability: Hadron Engine|[of] p1a: Bon Scott\n|turn|8\n|\n|t:|1698112084\n|move|p1a: Bon Scott|Electro Drift|p2a: Zacian\n|-damage|p2a: Zacian|0 fnt\n|faint|p2a: Zacian\n|\n|upkeep\n|\n|t:|1698112090\n|switch|p2a: Koraidon|Koraidon|100\/100\n|-damage|p2a: Koraidon|94\/100|[from] Stealth Rock\n|-weather|SunnyDay|[from] ability: Orichalcum Pulse|[of] p2a: Koraidon\n|-activate|p2a: Koraidon|Orichalcum Pulse|[source]\n|turn|9\n|\n|t:|1698112100\n|move|p1a: Bon Scott|Electro Drift|p2a: Koraidon\n|-resisted|p2a: Koraidon\n|-damage|p2a: Koraidon|62\/100\n|move|p2a: Koraidon|Dragon Claw|p1a: Bon Scott\n|-supereffective|p1a: Bon Scott\n|-damage|p1a: Bon Scott|0 fnt\n|faint|p1a: Bon Scott\n|\n|-weather|SunnyDay|[upkeep]\n|upkeep\n|\n|t:|1698112110\n|switch|p1a: Strolling Storm|Walking Wake|100\/100\n|-damage|p1a: Strolling Storm|88\/100|[from] Stealth Rock\n|-activate|p1a: Strolling Storm|ability: Protosynthesis\n|-start|p1a: Strolling Storm|protosynthesisspe\n|turn|10\n|\n|t:|1698112117\n|switch|p2a: Flutter Mane|Flutter Mane|100\/100\n|-damage|p2a: Flutter Mane|88\/100|[from] Stealth Rock\n|-activate|p2a: Flutter Mane|ability: Protosynthesis\n|-start|p2a: Flutter Mane|protosynthesisspe\n|move|p1a: Strolling Storm|Dragon Pulse|p2a: Flutter Mane\n|-immune|p2a: Flutter Mane\n|\n|-weather|SunnyDay|[upkeep]\n|upkeep\n|turn|11\n|c|\u2606Yangsta|;)\n|\n|t:|1698112130\n|move|p2a: Flutter Mane|Moonblast|p1a: Strolling Storm\n|-supereffective|p1a: Strolling Storm\n|-damage|p1a: Strolling Storm|0 fnt\n|faint|p1a: Strolling Storm\n|-end|p1a: Strolling Storm|Protosynthesis|[silent]\n|\n|-weather|SunnyDay|[upkeep]\n|upkeep\n|c|\u2606Hand0fD00m|tricky\n|\n|t:|1698112137\n|switch|p1a: Chief|Koraidon|100\/100\n|-damage|p1a: Chief|94\/100|[from] Stealth Rock\n|-activate|p1a: Chief|ability: Orichalcum Pulse\n|turn|12\n|\n|t:|1698112147\n|-terastallize|p1a: Chief|Fire\n|move|p2a: Flutter Mane|Moonblast|p1a: Chief\n|-resisted|p1a: Chief\n|-damage|p1a: Chief|70\/100\n|-unboost|p1a: Chief|spa|1\n|move|p1a: Chief|Flare Blitz|p2a: Flutter Mane\n|-damage|p2a: Flutter Mane|0 fnt\n|faint|p2a: Flutter Mane\n|-end|p2a: Flutter Mane|Protosynthesis|[silent]\n|-damage|p1a: Chief|48\/100|[from] Recoil\n|\n|-weather|SunnyDay|[upkeep]\n|-fieldend|move: Electric Terrain\n|upkeep\n|\n|t:|1698112163\n|switch|p2a: Regieleki|Regieleki|100\/100\n|-damage|p2a: Regieleki|88\/100|[from] Stealth Rock\n|turn|13\n|\n|t:|1698112167\n|move|p1a: Chief|Flare Blitz|p2a: Regieleki\n|-damage|p2a: Regieleki|0 fnt\n|faint|p2a: Regieleki\n|-damage|p1a: Chief|18\/100|[from] Recoil\n|\n|-weather|none\n|upkeep\n|\n|t:|1698112181\n|switch|p2a: Koraidon|Koraidon|62\/100\n|-damage|p2a: Koraidon|56\/100|[from] Stealth Rock\n|-weather|SunnyDay|[from] ability: Orichalcum Pulse|[of] p2a: Koraidon\n|-activate|p2a: Koraidon|Orichalcum Pulse|[source]\n|turn|14\n|\n|t:|1698112189\n|move|p1a: Chief|Flare Blitz|p2a: Koraidon\n|-resisted|p2a: Koraidon\n|-damage|p2a: Koraidon|0 fnt\n|faint|p2a: Koraidon\n|-damage|p1a: Chief|0 fnt|[from] Recoil\n|faint|p1a: Chief\n|\n|-weather|SunnyDay|[upkeep]\n|upkeep\n|c|\u2606Hand0fD00m|holy fuck\n|\n|t:|1698112201\n|switch|p1a: Godjesus|Arceus|100\/100\n|switch|p2a: Volcarona|Volcarona, F|100\/100\n|-damage|p1a: Godjesus|88\/100|[from] Stealth Rock\n|-damage|p2a: Volcarona|51\/100|[from] Stealth Rock\n|turn|15\n|\n|t:|1698112211\n|move|p1a: Godjesus|Extreme Speed|p2a: Volcarona\n|-damage|p2a: Volcarona|0 fnt\n|faint|p2a: Volcarona\n|\n|-weather|SunnyDay|[upkeep]\n|-heal|p1a: Godjesus|94\/100|[from] item: Leftovers\n|upkeep\n|c|\u2606Yangsta|that thing took out like 3 guys lol\n|\n|t:|1698112217\n|switch|p2a: Arceus|Arceus, tera:Steel|50\/100\n|-damage|p2a: Arceus|44\/100|[from] Stealth Rock\n|turn|16\n|\n|t:|1698112230\n|move|p2a: Arceus|Recover|p2a: Arceus\n|-heal|p2a: Arceus|94\/100\n|move|p1a: Godjesus|Swords Dance|p1a: Godjesus\n|-boost|p1a: Godjesus|atk|2\n|\n|-weather|SunnyDay|[upkeep]\n|-heal|p2a: Arceus|100\/100|[from] item: Leftovers\n|-heal|p1a: Godjesus|99\/100|[from] item: Leftovers\n|upkeep\n|turn|17\n|\n|t:|1698112238\n|move|p2a: Arceus|Calm Mind|p2a: Arceus\n|-boost|p2a: Arceus|spa|1\n|-boost|p2a: Arceus|spd|1\n|move|p1a: Godjesus|Taunt|p2a: Arceus\n|-start|p2a: Arceus|move: Taunt\n|\n|-weather|SunnyDay|[upkeep]\n|-heal|p1a: Godjesus|100\/100|[from] item: Leftovers\n|upkeep\n|turn|18\n|\n|t:|1698112246\n|move|p2a: Arceus|Judgment|p1a: Godjesus\n|-damage|p1a: Godjesus|52\/100\n|move|p1a: Godjesus|Shadow Claw|p2a: Arceus\n|-damage|p2a: Arceus|67\/100\n|\n|-weather|none\n|-heal|p2a: Arceus|73\/100|[from] item: Leftovers\n|-heal|p1a: Godjesus|58\/100|[from] item: Leftovers\n|upkeep\n|turn|19\n|c|\u2606Yangsta|omg\n|\n|t:|1698112258\n|move|p2a: Arceus|Judgment|p1a: Godjesus\n|-damage|p1a: Godjesus|8\/100\n|move|p1a: Godjesus|Shadow Claw|p2a: Arceus\n|-damage|p2a: Arceus|38\/100\n|\n|-heal|p2a: Arceus|45\/100|[from] item: Leftovers\n|-heal|p1a: Godjesus|14\/100|[from] item: Leftovers\n|upkeep\n|turn|20\n|c|\u2606Yangsta|this is intents\n|c|\u2606Yangsta|gg\n|\n|t:|1698112270\n|move|p1a: Godjesus|Extreme Speed|p2a: Arceus\n|-resisted|p2a: Arceus\n|-damage|p2a: Arceus|15\/100\n|move|p2a: Arceus|Judgment|p1a: Godjesus\n|-damage|p1a: Godjesus|0 fnt\n|faint|p1a: Godjesus\n|\n|win|Yangsta\n|c|\u2606Hand0fD00m|nice gg\n|c| Rival Andrew|game 3!\n|l|\u2606Yangsta\n","uploadtime":1698112279,"views":12,"p1id":"hand0fd00m","p2id":"yangsta","formatid":"gen9ubers","rating":0,"private":0,"password":""}