{"id":"gen9ubers-1996633666","p1":"BagMan187","p2":"Dang Rope Fan","format":"[Gen 9] Ubers","log":"|j|\u2606BagMan187\n|j|\u2606Dang Rope Fan\n|t:|1700703140\n|gametype|singles\n|player|p1|BagMan187|ash-kalos|\n|player|p2|Dang Rope Fan|evelyn|\n|teamsize|p1|6\n|teamsize|p2|6\n|gen|9\n|tier|[Gen 9] Ubers\n|rule|Sleep Clause Mod: Limit one foe put to sleep\n|rule|Species Clause: Limit one of each Pok\u00e9mon\n|rule|OHKO Clause: OHKO moves are banned\n|rule|Evasion Items Clause: Evasion items are banned\n|rule|Evasion Moves Clause: Evasion moves are banned\n|rule|Endless Battle Clause: Forcing endless battles is banned\n|rule|HP Percentage Mod: HP is shown in percentages\n|clearpoke\n|poke|p1|Greninja-*, F|\n|poke|p1|Slowking-Galar, F|\n|poke|p1|Blissey, F|\n|poke|p1|Talonflame, M|\n|poke|p1|Salazzle, F|\n|poke|p1|Ursaluna-Bloodmoon, M|\n|poke|p2|Darkrai|\n|poke|p2|Weezing-Galar, F|\n|poke|p2|Greninja-*, M|\n|poke|p2|Infernape, F|\n|poke|p2|Slowbro-Galar, F|\n|poke|p2|Garchomp, M|\n|teampreview\n|inactive|Battle timer is ON: inactive players will automatically lose when time's up. (requested by BagMan187)\n|inactive|Dang Rope Fan also wants the timer to be on.\n|c|\u2606Dang Rope Fan|hf\n|c|\u2606BagMan187|u2\n|\n|t:|1700703158\n|start\n|switch|p1a: Ursaluna|Ursaluna-Bloodmoon, M|100\/100\n|switch|p2a: Mach Jet|Garchomp, M|100\/100\n|turn|1\n|\n|t:|1700703165\n|switch|p1a: Blissey|Blissey, F|100\/100\n|move|p2a: Mach Jet|Stealth Rock|p1a: Blissey\n|-sidestart|p1: BagMan187|move: Stealth Rock\n|\n|upkeep\n|turn|2\n|\n|t:|1700703174\n|switch|p2a: Son Goku|Infernape, F|100\/100\n|move|p1a: Blissey|Stealth Rock|p2a: Son Goku\n|-sidestart|p2: Dang Rope Fan|move: Stealth Rock\n|\n|upkeep\n|turn|3\n|\n|t:|1700703180\n|switch|p1a: Slowking|Slowking-Galar, F|100\/100\n|move|p2a: Son Goku|U-turn|p1a: Slowking\n|-damage|p1a: Slowking|86\/100\n|\n|t:|1700703189\n|switch|p2a: Trickster|Greninja, M|100\/100|[from] U-turn\n|-damage|p2a: Trickster|88\/100|[from] Stealth Rock\n|\n|upkeep\n|turn|4\n|\n|t:|1700703198\n|move|p2a: Trickster|Night Slash|p1a: Slowking\n|-start|p2a: Trickster|typechange|Dark|[from] ability: Protean\n|-supereffective|p1a: Slowking\n|-damage|p1a: Slowking|48\/100\n|move|p1a: Slowking|Chilly Reception|p1a: Slowking\n|-weather|Snow\n|\n|t:|1700703216\n|switch|p1a: Talonflame|Talonflame, M|100\/100|[from] Chilly Reception\n|\n|-weather|Snow|[upkeep]\n|upkeep\n|turn|5\n|\n|t:|1700703221\n|switch|p2a: Mach Jet|Garchomp, M|100\/100\n|-damage|p2a: Mach Jet|94\/100|[from] Stealth Rock\n|move|p1a: Talonflame|Will-O-Wisp|p2a: Mach Jet\n|-status|p2a: Mach Jet|brn\n|\n|-weather|Snow|[upkeep]\n|-damage|p2a: Mach Jet|88\/100 brn|[from] brn\n|upkeep\n|turn|6\n|\n|t:|1700703226\n|move|p1a: Talonflame|Defog|p2a: Mach Jet\n|-unboost|p2a: Mach Jet|evasion|1\n|-sideend|p2: Dang Rope Fan|Stealth Rock|[from] move: Defog|[of] p1a: Talonflame\n|-sideend|p1: BagMan187|Stealth Rock|[from] move: Defog|[of] p1a: Talonflame\n|move|p2a: Mach Jet|Spikes|p1a: Talonflame\n|-sidestart|p1: BagMan187|Spikes\n|\n|-weather|Snow|[upkeep]\n|-damage|p2a: Mach Jet|82\/100 brn|[from] brn\n|upkeep\n|turn|7\n|\n|t:|1700703229\n|move|p1a: Talonflame|Defog|p2a: Mach Jet\n|-unboost|p2a: Mach Jet|evasion|1\n|-sideend|p1: BagMan187|Spikes|[from] move: Defog|[of] p1a: Talonflame\n|move|p2a: Mach Jet|Power Gem|p1a: Talonflame\n|-supereffective|p1a: Talonflame\n|-damage|p1a: Talonflame|0 fnt\n|faint|p1a: Talonflame\n|\n|-weather|Snow|[upkeep]\n|-damage|p2a: Mach Jet|76\/100 brn|[from] brn\n|upkeep\n|\n|t:|1700703249\n|switch|p1a: Greninja|Greninja, F, shiny|100\/100\n|turn|8\n|\n|t:|1700703256\n|-terastallize|p1a: Greninja|Dark\n|move|p1a: Greninja|Night Slash|p2a: Mach Jet\n|-damage|p2a: Mach Jet|13\/100 brn\n|-damage|p1a: Greninja|88\/100|[from] ability: Rough Skin|[of] p2a: Mach Jet\n|-damage|p1a: Greninja|72\/100|[from] item: Rocky Helmet|[of] p2a: Mach Jet\n|move|p2a: Mach Jet|Stealth Rock|p1a: Greninja\n|-sidestart|p1: BagMan187|move: Stealth Rock\n|\n|-weather|none\n|-damage|p2a: Mach Jet|7\/100 brn|[from] brn\n|upkeep\n|turn|9\n|\n|t:|1700703261\n|move|p1a: Greninja|Night Slash|p2a: Mach Jet\n|-damage|p2a: Mach Jet|0 fnt\n|-damage|p1a: Greninja|59\/100|[from] ability: Rough Skin|[of] p2a: Mach Jet\n|-damage|p1a: Greninja|43\/100|[from] item: Rocky Helmet|[of] p2a: Mach Jet\n|faint|p2a: Mach Jet\n|\n|upkeep\n|\n|t:|1700703266\n|switch|p2a: Knightmare|Darkrai|100\/100\n|turn|10\n|\n|t:|1700703272\n|move|p2a: Knightmare|Swords Dance|p2a: Knightmare\n|-boost|p2a: Knightmare|atk|2\n|move|p1a: Greninja|Night Slash|p2a: Knightmare\n|-resisted|p2a: Knightmare\n|-damage|p2a: Knightmare|63\/100\n|\n|upkeep\n|turn|11\n|\n|t:|1700703275\n|move|p2a: Knightmare|Drain Punch|p1a: Greninja\n|-supereffective|p1a: Greninja\n|-crit|p1a: Greninja\n|-damage|p1a: Greninja|0 fnt\n|-heal|p2a: Knightmare|85\/100|[from] drain|[of] p1a: Greninja\n|faint|p1a: Greninja\n|\n|upkeep\n|\n|t:|1700703279\n|switch|p1a: Salazzle|Salazzle, F|100\/100\n|-damage|p1a: Salazzle|76\/100|[from] Stealth Rock\n|turn|12\n|\n|t:|1700703283\n|move|p2a: Knightmare|Knock Off|p1a: Salazzle\n|-damage|p1a: Salazzle|0 fnt\n|-enditem|p1a: Salazzle|Black Sludge|[from] move: Knock Off|[of] p2a: Knightmare\n|faint|p1a: Salazzle\n|\n|upkeep\n|c|\u2606BagMan187|ggwp\n|c|\u2606Dang Rope Fan|yt\n|-message|BagMan187 forfeited.\n|\n|win|Dang Rope Fan\n|l|\u2606BagMan187\n","uploadtime":1700703293,"views":19,"p1id":"bagman187","p2id":"dangropefan","formatid":"gen9ubers","rating":0,"private":0,"password":""}