{"id":"gen9ubers-1984242027","p1":"ChungleWungle","p2":"Nuttyr","format":"[Gen 9] Ubers","log":"|j|\u2606ChungleWungle\n|j|\u2606Nuttyr\n|t:|1699234075\n|gametype|singles\n|player|p1|ChungleWungle|unknown|\n|player|p2|Nuttyr|169|\n|teamsize|p1|6\n|teamsize|p2|6\n|gen|9\n|tier|[Gen 9] Ubers\n|rule|Sleep Clause Mod: Limit one foe put to sleep\n|rule|Species Clause: Limit one of each Pok\u00e9mon\n|rule|OHKO Clause: OHKO moves are banned\n|rule|Evasion Items Clause: Evasion items are banned\n|rule|Evasion Moves Clause: Evasion moves are banned\n|rule|Endless Battle Clause: Forcing endless battles is banned\n|rule|HP Percentage Mod: HP is shown in percentages\n|clearpoke\n|poke|p1|Polteageist-Antique|\n|poke|p1|Gothitelle, M|\n|poke|p1|Ludicolo, F|\n|poke|p1|Slowking, F|\n|poke|p1|Iron Hands|\n|poke|p1|Iron Valiant|\n|poke|p2|Dipplin, M|\n|poke|p2|Gholdengo|\n|poke|p2|Samurott-Hisui, M|\n|poke|p2|Garganacl, F|\n|poke|p2|Quaquaval, F|\n|poke|p2|Ninetales-Alola, M|\n|teampreview\n|inactive|Battle timer is ON: inactive players will automatically lose when time's up. (requested by Nuttyr)\n|\n|t:|1699234081\n|start\n|switch|p1a: Ping King|Slowking, F, shiny|100\/100\n|switch|p2a: Ballcrusher|Ninetales-Alola, M|100\/100\n|-weather|Snow|[from] ability: Snow Warning|[of] p2a: Ballcrusher\n|turn|1\n|\n|t:|1699234089\n|move|p2a: Ballcrusher|Freeze-Dry|p1a: Ping King\n|-supereffective|p1a: Ping King\n|-damage|p1a: Ping King|59\/100\n|move|p1a: Ping King|Sunny Day|p1a: Ping King\n|-weather|SunnyDay\n|\n|-weather|SunnyDay|[upkeep]\n|upkeep\n|turn|2\n|\n|t:|1699234101\n|switch|p2a: Edgelord|Samurott-Hisui, M|100\/100\n|move|p1a: Ping King|Weather Ball|p2a: Edgelord\n|-resisted|p2a: Edgelord\n|-damage|p2a: Edgelord|66\/100\n|\n|-weather|SunnyDay|[upkeep]\n|upkeep\n|turn|3\n|\n|t:|1699234113\n|switch|p1a: Perry the Ludicolo|Ludicolo, F, shiny|100\/100\n|move|p2a: Edgelord|Ceaseless Edge|p1a: Perry the Ludicolo\n|-damage|p1a: Perry the Ludicolo|37\/100\n|-sidestart|p1: ChungleWungle|Spikes\n|\n|-weather|SunnyDay|[upkeep]\n|upkeep\n|turn|4\n|inactive|ChungleWungle has 270 seconds left.\n|\n|t:|1699234150\n|switch|p2a: The Throngler|Dipplin, M|100\/100\n|switch|p1a: Mister Fister|Iron Hands, shiny|100\/100\n|-damage|p1a: Mister Fister|88\/100|[from] Spikes\n|\n|-weather|SunnyDay|[upkeep]\n|upkeep\n|turn|5\n|inactive|ChungleWungle has 270 seconds left.\n|\n|t:|1699234174\n|move|p1a: Mister Fister|Electric Terrain|p1a: Mister Fister\n|-fieldstart|move: Electric Terrain\n|-activate|p1a: Mister Fister|ability: Quark Drive\n|-start|p1a: Mister Fister|quarkdriveatk\n|move|p2a: The Throngler|Growth|p2a: The Throngler\n|-boost|p2a: The Throngler|atk|2\n|-boost|p2a: The Throngler|spa|2\n|\n|-weather|none\n|upkeep\n|turn|6\n|c|\u2606Nuttyr|GROWTH IN SUN\n|inactive|ChungleWungle has 240 seconds left.\n|\n|t:|1699234220\n|move|p1a: Mister Fister|Iron Head|p2a: The Throngler\n|-damage|p2a: The Throngler|78\/100\n|move|p2a: The Throngler|Giga Drain|p1a: Mister Fister\n|-damage|p1a: Mister Fister|47\/100\n|-heal|p2a: The Throngler|100\/100|[from] drain|[of] p1a: Mister Fister\n|\n|upkeep\n|turn|7\n|\n|t:|1699234227\n|-end|p1a: Mister Fister|Quark Drive|[silent]\n|switch|p1a: Frying Pan|Iron Valiant, shiny|100\/100\n|-damage|p1a: Frying Pan|88\/100|[from] Spikes\n|-activate|p1a: Frying Pan|ability: Quark Drive\n|-start|p1a: Frying Pan|quarkdrivespe\n|move|p2a: The Throngler|Growth|p2a: The Throngler\n|-boost|p2a: The Throngler|atk|1\n|-boost|p2a: The Throngler|spa|1\n|\n|upkeep\n|turn|8\n|\n|t:|1699234238\n|move|p1a: Frying Pan|Encore|p2a: The Throngler\n|-start|p2a: The Throngler|Encore\n|move|p2a: The Throngler|Growth|p2a: The Throngler\n|-boost|p2a: The Throngler|atk|1\n|-boost|p2a: The Throngler|spa|1\n|\n|upkeep\n|turn|9\n|c|\u2606Nuttyr|hes quarked up\n|\n|t:|1699234247\n|-end|p1a: Frying Pan|Quark Drive|[silent]\n|switch|p1a: Cuppa|Polteageist-Antique, shiny|100\/100\n|-damage|p1a: Cuppa|88\/100|[from] Spikes\n|move|p2a: The Throngler|Growth|p2a: The Throngler\n|-boost|p2a: The Throngler|atk|1\n|-boost|p2a: The Throngler|spa|1\n|\n|-fieldend|move: Electric Terrain\n|upkeep\n|turn|10\n|\n|t:|1699234262\n|move|p1a: Cuppa|Will-O-Wisp|p2a: The Throngler\n|-status|p2a: The Throngler|brn\n|move|p2a: The Throngler|Growth|p2a: The Throngler\n|-boost|p2a: The Throngler|atk|1\n|-boost|p2a: The Throngler|spa|1\n|\n|-damage|p2a: The Throngler|94\/100 brn|[from] brn\n|-end|p2a: The Throngler|Encore\n|upkeep\n|turn|11\n|inactive|ChungleWungle has 210 seconds left.\n|\n|t:|1699234297\n|switch|p1a: Steve|Gothitelle, M|100\/100\n|-damage|p1a: Steve|88\/100|[from] Spikes\n|move|p2a: The Throngler|Giga Drain|p1a: Steve\n|-damage|p1a: Steve|0 fnt\n|-heal|p2a: The Throngler|100\/100 brn|[from] drain|[of] p1a: Steve\n|faint|p1a: Steve\n|\n|-damage|p2a: The Throngler|94\/100 brn|[from] brn\n|upkeep\n|\n|t:|1699234316\n|switch|p1a: Frying Pan|Iron Valiant, shiny|88\/100\n|-damage|p1a: Frying Pan|76\/100|[from] Spikes\n|turn|12\n|\n|t:|1699234323\n|move|p1a: Frying Pan|Fling|p2a: The Throngler\n|-damage|p2a: The Throngler|91\/100 brn\n|-enditem|p1a: Frying Pan|Choice Band|[from] move: Fling\n|move|p2a: The Throngler|Facade|p1a: Frying Pan\n|-damage|p1a: Frying Pan|0 fnt\n|faint|p1a: Frying Pan\n|-end|p1a: Frying Pan|Quark Drive|[silent]\n|\n|-damage|p2a: The Throngler|85\/100 brn|[from] brn\n|upkeep\n|\n|t:|1699234336\n|switch|p1a: Ping King|Slowking, F, shiny|92\/100\n|-damage|p1a: Ping King|80\/100|[from] Spikes\n|turn|13\n|inactive|ChungleWungle has 180 seconds left.\n|\n|t:|1699234363\n|move|p2a: The Throngler|Giga Drain|p1a: Ping King\n|-supereffective|p1a: Ping King\n|-damage|p1a: Ping King|0 fnt\n|-heal|p2a: The Throngler|100\/100 brn|[from] drain|[of] p1a: Ping King\n|faint|p1a: Ping King\n|\n|-damage|p2a: The Throngler|94\/100 brn|[from] brn\n|upkeep\n|inactive|ChungleWungle has 180 seconds left.\n|\n|t:|1699234372\n|switch|p1a: Cuppa|Polteageist-Antique, shiny|88\/100\n|-damage|p1a: Cuppa|76\/100|[from] Spikes\n|turn|14\n|\n|t:|1699234381\n|-terastallize|p1a: Cuppa|Fire\n|move|p1a: Cuppa|Hex|p2a: The Throngler\n|-damage|p2a: The Throngler|34\/100 brn\n|move|p2a: The Throngler|Giga Drain|p1a: Cuppa\n|-resisted|p1a: Cuppa\n|-damage|p1a: Cuppa|20\/100\n|-heal|p2a: The Throngler|55\/100 brn|[from] drain|[of] p1a: Cuppa\n|\n|-damage|p2a: The Throngler|49\/100 brn|[from] brn\n|upkeep\n|turn|15\n|\n|t:|1699234394\n|move|p1a: Cuppa|Hex|p2a: The Throngler\n|-damage|p2a: The Throngler|0 fnt\n|faint|p2a: The Throngler\n|\n|upkeep\n|\n|t:|1699234400\n|switch|p2a: Howard|Quaquaval, F|100\/100\n|turn|16\n|\n|t:|1699234424\n|switch|p1a: Mister Fister|Iron Hands, shiny|47\/100\n|-damage|p1a: Mister Fister|35\/100|[from] Spikes\n|move|p2a: Howard|Aqua Step|p1a: Mister Fister\n|-damage|p1a: Mister Fister|9\/100\n|-boost|p2a: Howard|spe|1\n|\n|upkeep\n|turn|17\n|\n|t:|1699234433\n|move|p2a: Howard|Aqua Step|p1a: Mister Fister\n|-damage|p1a: Mister Fister|0 fnt\n|-boost|p2a: Howard|spe|1\n|faint|p1a: Mister Fister\n|-end|p1a: Mister Fister|Quark Drive|[silent]\n|-ability|p2a: Howard|Moxie|boost\n|-boost|p2a: Howard|atk|1\n|\n|upkeep\n|\n|t:|1699234440\n|switch|p1a: Perry the Ludicolo|Ludicolo, F, shiny|37\/100\n|-damage|p1a: Perry the Ludicolo|24\/100|[from] Spikes\n|turn|18\n|\n|t:|1699234446\n|move|p2a: Howard|Close Combat|p1a: Perry the Ludicolo\n|-damage|p1a: Perry the Ludicolo|0 fnt\n|-unboost|p2a: Howard|def|1\n|-unboost|p2a: Howard|spd|1\n|faint|p1a: Perry the Ludicolo\n|-ability|p2a: Howard|Moxie|boost\n|-boost|p2a: Howard|atk|1\n|\n|upkeep\n|\n|t:|1699234452\n|switch|p1a: Cuppa|Polteageist-Antique, shiny, tera:Fire|20\/100\n|-damage|p1a: Cuppa|8\/100|[from] Spikes\n|turn|19\n|\n|t:|1699234466\n|move|p2a: Howard|Rapid Spin|p1a: Cuppa\n|-damage|p1a: Cuppa|0 fnt\n|-boost|p2a: Howard|spe|1\n|-start|p2a: Howard|Disable|Rapid Spin|[from] ability: Cursed Body|[of] p1a: Cuppa\n|faint|p1a: Cuppa\n|\n|win|Nuttyr\n","uploadtime":1699234472,"views":8,"p1id":"chunglewungle","p2id":"nuttyr","formatid":"gen9ubers","rating":0,"private":0,"password":""}