{"id":"gen9ubers-1978525049","p1":"Taka","p2":"zupe","format":"[Gen 9] Ubers","log":"|j|\u2606Taka\n|j|\u2606zupe\n|t:|1698550523\n|gametype|singles\n|player|p1|Taka|#scl3spartans|\n|player|p2|zupe|mina-lgpe|\n|teamsize|p1|6\n|teamsize|p2|6\n|gen|9\n|tier|[Gen 9] Ubers\n|rated|Tournament battle\n|rule|Sleep Clause Mod: Limit one foe put to sleep\n|rule|Species Clause: Limit one of each Pok\u00e9mon\n|rule|OHKO Clause: OHKO moves are banned\n|rule|Evasion Items Clause: Evasion items are banned\n|rule|Evasion Moves Clause: Evasion moves are banned\n|rule|Endless Battle Clause: Forcing endless battles is banned\n|rule|HP Percentage Mod: HP is shown in percentages\n|clearpoke\n|poke|p1|Koraidon|\n|poke|p1|Miraidon|\n|poke|p1|Zacian-*|\n|poke|p1|Flutter Mane|\n|poke|p1|Arceus-Ground|\n|poke|p1|Samurott-Hisui, M|\n|poke|p2|Chien-Pao|\n|poke|p2|Palkia-Origin|\n|poke|p2|Rayquaza|\n|poke|p2|Corviknight, F|\n|poke|p2|Skeledirge, M|\n|poke|p2|Arceus-Poison|\n|teampreview\n|inactive|Battle timer is ON: inactive players will automatically lose when time's up. (requested by Taka)\n|inactive|zupe also wants the timer to be on.\n|j| FireWolf89\n|j| Cruellove\n|\n|t:|1698550549\n|start\n|switch|p1a: Samurott|Samurott-Hisui, M|100\/100\n|switch|p2a: 70% chance Kobe|Arceus-Poison, shiny|100\/100\n|turn|1\n|\n|t:|1698550552\n|move|p2a: 70% chance Kobe|Calm Mind|p2a: 70% chance Kobe\n|-boost|p2a: 70% chance Kobe|spa|1\n|-boost|p2a: 70% chance Kobe|spd|1\n|move|p1a: Samurott|Ceaseless Edge|p2a: 70% chance Kobe\n|-damage|p2a: 70% chance Kobe|71\/100\n|-sidestart|p2: zupe|Spikes\n|\n|upkeep\n|turn|2\n|\n|t:|1698550560\n|move|p2a: 70% chance Kobe|Calm Mind|p2a: 70% chance Kobe\n|-boost|p2a: 70% chance Kobe|spa|1\n|-boost|p2a: 70% chance Kobe|spd|1\n|move|p1a: Samurott|Bulldoze|p2a: 70% chance Kobe\n|-supereffective|p2a: 70% chance Kobe\n|-damage|p2a: 70% chance Kobe|47\/100\n|-unboost|p2a: 70% chance Kobe|spe|1\n|\n|upkeep\n|turn|3\n|\n|t:|1698550562\n|move|p1a: Samurott|Ceaseless Edge|p2a: 70% chance Kobe\n|-damage|p2a: 70% chance Kobe|16\/100\n|-sidestart|p2: zupe|Spikes\n|move|p2a: 70% chance Kobe|Recover|p2a: 70% chance Kobe\n|-heal|p2a: 70% chance Kobe|66\/100\n|\n|upkeep\n|turn|4\n|\n|t:|1698550570\n|move|p1a: Samurott|Ceaseless Edge|p2a: 70% chance Kobe\n|-damage|p2a: 70% chance Kobe|37\/100\n|-sidestart|p2: zupe|Spikes\n|move|p2a: 70% chance Kobe|Recover|p2a: 70% chance Kobe\n|-heal|p2a: 70% chance Kobe|87\/100\n|\n|upkeep\n|turn|5\n|\n|t:|1698550573\n|move|p1a: Samurott|Ceaseless Edge|p2a: 70% chance Kobe\n|-damage|p2a: 70% chance Kobe|56\/100\n|move|p2a: 70% chance Kobe|Judgment|p1a: Samurott\n|-enditem|p1a: Samurott|Focus Sash\n|-damage|p1a: Samurott|1\/100\n|\n|upkeep\n|turn|6\n|\n|t:|1698550576\n|move|p1a: Samurott|Aqua Cutter|p2a: 70% chance Kobe\n|-damage|p2a: 70% chance Kobe|23\/100\n|move|p2a: 70% chance Kobe|Recover|p2a: 70% chance Kobe\n|-heal|p2a: 70% chance Kobe|73\/100\n|\n|upkeep\n|turn|7\n|\n|t:|1698550579\n|move|p1a: Samurott|Aqua Cutter|p2a: 70% chance Kobe\n|-damage|p2a: 70% chance Kobe|41\/100\n|move|p2a: 70% chance Kobe|Recover|p2a: 70% chance Kobe\n|-heal|p2a: 70% chance Kobe|91\/100\n|\n|upkeep\n|turn|8\n|\n|t:|1698550582\n|move|p1a: Samurott|Aqua Cutter|p2a: 70% chance Kobe\n|-damage|p2a: 70% chance Kobe|57\/100\n|move|p2a: 70% chance Kobe|Judgment|p1a: Samurott\n|-damage|p1a: Samurott|0 fnt\n|faint|p1a: Samurott\n|\n|upkeep\n|j| ZowwyCafe\u2764\n|\n|t:|1698550594\n|switch|p1a: Zacian|Zacian-Crowned|100\/100\n|-ability|p1a: Zacian|Intrepid Sword|boost\n|-boost|p1a: Zacian|atk|1\n|turn|9\n|\n|t:|1698550604\n|move|p1a: Zacian|Behemoth Blade|p2a: 70% chance Kobe\n|-damage|p2a: 70% chance Kobe|3\/100\n|move|p2a: 70% chance Kobe|Earth Power|p1a: Zacian\n|-supereffective|p1a: Zacian\n|-damage|p1a: Zacian|13\/100\n|\n|upkeep\n|turn|10\n|\n|t:|1698550613\n|move|p1a: Zacian|Behemoth Blade|p2a: 70% chance Kobe\n|-damage|p2a: 70% chance Kobe|0 fnt\n|faint|p2a: 70% chance Kobe\n|\n|upkeep\n|\n|t:|1698550622\n|switch|p2a: Chien-Pao|Chien-Pao|100\/100\n|-damage|p2a: Chien-Pao|76\/100|[from] Spikes\n|-ability|p2a: Chien-Pao|Sword of Ruin\n|turn|11\n|\n|t:|1698550627\n|move|p2a: Chien-Pao|Ice Shard|p1a: Zacian\n|-resisted|p1a: Zacian\n|-damage|p1a: Zacian|0 fnt\n|faint|p1a: Zacian\n|\n|upkeep\n|\n|t:|1698550631\n|switch|p1a: Koraidon|Koraidon|100\/100\n|-weather|SunnyDay|[from] ability: Orichalcum Pulse|[of] p1a: Koraidon\n|-activate|p1a: Koraidon|Orichalcum Pulse|[source]\n|turn|12\n|\n|t:|1698550635\n|-terastallize|p1a: Koraidon|Fire\n|-terastallize|p2a: Chien-Pao|Ice\n|move|p2a: Chien-Pao|Ice Shard|p1a: Koraidon\n|-resisted|p1a: Koraidon\n|-damage|p1a: Koraidon|73\/100\n|move|p1a: Koraidon|Dragon Claw|p2a: Chien-Pao\n|-damage|p2a: Chien-Pao|3\/100\n|\n|-weather|SunnyDay|[upkeep]\n|-heal|p1a: Koraidon|79\/100|[from] item: Leftovers\n|upkeep\n|turn|13\n|\n|t:|1698550643\n|switch|p2a: Corviknight|Corviknight, F, shiny|100\/100\n|-ability|p2a: Corviknight|Pressure\n|move|p1a: Koraidon|Flame Charge|p2a: Corviknight\n|-supereffective|p2a: Corviknight\n|-damage|p2a: Corviknight|0 fnt\n|-boost|p1a: Koraidon|spe|1\n|faint|p2a: Corviknight\n|\n|-weather|SunnyDay|[upkeep]\n|-heal|p1a: Koraidon|85\/100|[from] item: Leftovers\n|upkeep\n|\n|t:|1698550646\n|switch|p2a: Skeledirge|Skeledirge, M|100\/100\n|-damage|p2a: Skeledirge|75\/100|[from] Spikes\n|turn|14\n|\n|t:|1698550650\n|move|p1a: Koraidon|Taunt|p2a: Skeledirge\n|-start|p2a: Skeledirge|move: Taunt\n|move|p2a: Skeledirge|Torch Song|p1a: Koraidon\n|-resisted|p1a: Koraidon\n|-damage|p1a: Koraidon|62\/100\n|-boost|p2a: Skeledirge|spa|1\n|\n|-weather|SunnyDay|[upkeep]\n|-heal|p1a: Koraidon|68\/100|[from] item: Leftovers\n|-heal|p2a: Skeledirge|82\/100|[from] item: Leftovers\n|upkeep\n|turn|15\n|\n|t:|1698550656\n|move|p1a: Koraidon|Dragon Claw|p2a: Skeledirge\n|-damage|p2a: Skeledirge|49\/100\n|move|p2a: Skeledirge|Torch Song|p1a: Koraidon\n|-resisted|p1a: Koraidon\n|-damage|p1a: Koraidon|33\/100\n|-boost|p2a: Skeledirge|spa|1\n|\n|-weather|SunnyDay|[upkeep]\n|-heal|p1a: Koraidon|39\/100|[from] item: Leftovers\n|-heal|p2a: Skeledirge|55\/100|[from] item: Leftovers\n|upkeep\n|turn|16\n|\n|t:|1698550664\n|move|p1a: Koraidon|Dragon Claw|p2a: Skeledirge\n|-damage|p2a: Skeledirge|24\/100\n|move|p2a: Skeledirge|Torch Song|p1a: Koraidon\n|-resisted|p1a: Koraidon\n|-damage|p1a: Koraidon|0 fnt\n|-boost|p2a: Skeledirge|spa|1\n|faint|p1a: Koraidon\n|\n|-weather|none\n|-heal|p2a: Skeledirge|30\/100|[from] item: Leftovers\n|-end|p2a: Skeledirge|move: Taunt\n|upkeep\n|\n|t:|1698550672\n|switch|p1a: Miraidon|Miraidon|100\/100\n|-fieldstart|move: Electric Terrain|[from] ability: Hadron Engine|[of] p1a: Miraidon\n|turn|17\n|\n|t:|1698550677\n|move|p1a: Miraidon|Electro Drift|p2a: Skeledirge\n|-damage|p2a: Skeledirge|0 fnt\n|faint|p2a: Skeledirge\n|-damage|p1a: Miraidon|91\/100|[from] item: Life Orb\n|\n|upkeep\n|\n|t:|1698550685\n|switch|p2a: Palkia|Palkia-Origin, shiny|100\/100\n|-damage|p2a: Palkia|76\/100|[from] Spikes\n|-ability|p2a: Palkia|Pressure\n|turn|18\n|\n|t:|1698550689\n|move|p1a: Miraidon|Electro Drift|p2a: Palkia\n|-damage|p2a: Palkia|0 fnt\n|faint|p2a: Palkia\n|-damage|p1a: Miraidon|81\/100|[from] item: Life Orb\n|\n|upkeep\n|\n|t:|1698550693\n|switch|p2a: Rayquaza|Rayquaza, shiny|100\/100\n|-ability|p2a: Rayquaza|Air Lock\n|turn|19\n|\n|t:|1698550696\n|move|p1a: Miraidon|Electro Drift|p2a: Rayquaza\n|-damage|p2a: Rayquaza|0 fnt\n|faint|p2a: Rayquaza\n|-damage|p1a: Miraidon|71\/100|[from] item: Life Orb\n|\n|upkeep\n|c|\u2606Taka|gg\n|-message|zupe forfeited.\n|\n|win|Taka\n|n|\u2606Taka|taka\n|n|\u2606zupe|zupe\n|n| FireWolf89|firewolf89\n|n| Cruellove|cruellove\n|n| ZowwyCafe\u2764|zowwycafe\n","uploadtime":1698550702,"views":32,"p1id":"taka","p2id":"zupe","formatid":"gen9ubers","rating":0,"private":0,"password":""}