{"id":"gen9ubers-1978355694","p1":"godiamsosorry","p2":"Rei_darkness","format":"[Gen 9] Ubers","log":"|j|\u2606godiamsosorry\n|j|\u2606Rei_darkness\n|t:|1698528744\n|gametype|singles\n|player|p1|godiamsosorry|caitlin|\n|player|p2|Rei_darkness|drayden|\n|teamsize|p1|6\n|teamsize|p2|6\n|gen|9\n|tier|[Gen 9] Ubers\n|rule|Sleep Clause Mod: Limit one foe put to sleep\n|rule|Species Clause: Limit one of each Pok\u00e9mon\n|rule|OHKO Clause: OHKO moves are banned\n|rule|Evasion Items Clause: Evasion items are banned\n|rule|Evasion Moves Clause: Evasion moves are banned\n|rule|Endless Battle Clause: Forcing endless battles is banned\n|rule|HP Percentage Mod: HP is shown in percentages\n|clearpoke\n|poke|p1|Medicham, M|\n|poke|p1|Zoroark-Hisui, F|\n|poke|p1|Palafin, M|\n|poke|p1|Enamorus, F|\n|poke|p1|Toedscruel, F|\n|poke|p1|Slowking-Galar, F|\n|poke|p2|Slowbro-Galar, F|\n|poke|p2|Klefki, F|\n|poke|p2|Arcanine, M|\n|poke|p2|Victreebel, F|\n|poke|p2|Scovillain, F|\n|poke|p2|Koraidon|\n|teampreview\n|\n|t:|1698528772\n|start\n|switch|p1a: Palafin|Palafin, M|100\/100\n|switch|p2a: actualboxleg|Koraidon|100\/100\n|-weather|SunnyDay|[from] ability: Orichalcum Pulse|[of] p2a: actualboxleg\n|-activate|p2a: actualboxleg|Orichalcum Pulse|[source]\n|turn|1\n|\n|t:|1698528780\n|detailschange|p1a: Palafin|Palafin-Hero, M\n|switch|p1a: Slowking|Slowking-Galar, F|100\/100\n|move|p2a: actualboxleg|Fire Spin|p1a: Slowking|[miss]\n|-miss|p2a: actualboxleg|p1a: Slowking\n|\n|-weather|SunnyDay|[upkeep]\n|upkeep\n|turn|2\n|c|\u2606Rei_darkness|CMON\n|\n|t:|1698528796\n|switch|p1a: Medicham|Medicham, M|100\/100\n|move|p2a: actualboxleg|Taunt|p1a: Medicham\n|-start|p1a: Medicham|move: Taunt\n|\n|-weather|SunnyDay|[upkeep]\n|upkeep\n|turn|3\n|c|\u2606Rei_darkness|:(\n|c|\u2606Rei_darkness|I try to read\n|c|\u2606Rei_darkness|but my glasses\n|c|\u2606Rei_darkness|my reading glasses\n|c|\u2606Rei_darkness|theyre wrong\n|\n|t:|1698528837\n|switch|p2a: I die now|Klefki, F|100\/100\n|move|p1a: Medicham|Psycho Cut|p2a: I die now\n|-resisted|p2a: I die now\n|-damage|p2a: I die now|75\/100\n|\n|-weather|SunnyDay|[upkeep]\n|upkeep\n|turn|4\n|\n|t:|1698528843\n|switch|p1a: Slowking|Slowking-Galar, F|100\/100\n|move|p2a: I die now|Reflect|p2a: I die now\n|-sidestart|p2: Rei_darkness|Reflect\n|\n|-weather|SunnyDay|[upkeep]\n|upkeep\n|turn|5\n|\n|t:|1698528846\n|move|p2a: I die now|Light Screen|p2a: I die now\n|-sidestart|p2: Rei_darkness|move: Light Screen\n|move|p1a: Slowking|Chilly Reception|p1a: Slowking\n|-weather|Snow\n|\n|t:|1698528853\n|switch|p1a: Enamorus|Enamorus, F|100\/100|[from] Chilly Reception\n|\n|-weather|Snow|[upkeep]\n|upkeep\n|turn|6\n|\n|t:|1698528919\n|move|p1a: Enamorus|Substitute|p1a: Enamorus\n|-start|p1a: Enamorus|Substitute\n|-damage|p1a: Enamorus|76\/100\n|move|p2a: I die now|Steel Beam|p1a: Enamorus\n|-supereffective|p1a: Enamorus\n|-end|p1a: Enamorus|Substitute\n|-damage|p2a: I die now|25\/100|[from] steelbeam\n|\n|-weather|Snow|[upkeep]\n|-heal|p1a: Enamorus|82\/100|[from] item: Leftovers\n|upkeep\n|turn|7\n|\n|t:|1698528934\n|switch|p2a: actualboxleg|Koraidon|100\/100\n|-weather|SunnyDay|[from] ability: Orichalcum Pulse|[of] p2a: actualboxleg\n|-activate|p2a: actualboxleg|Orichalcum Pulse|[source]\n|move|p1a: Enamorus|Substitute|p1a: Enamorus\n|-start|p1a: Enamorus|Substitute\n|-damage|p1a: Enamorus|57\/100\n|\n|-weather|SunnyDay|[upkeep]\n|-heal|p1a: Enamorus|63\/100|[from] item: Leftovers\n|upkeep\n|turn|8\n|\n|t:|1698528943\n|-terastallize|p2a: actualboxleg|Fire\n|move|p2a: actualboxleg|Fire Spin|p1a: Enamorus|[miss]\n|-miss|p2a: actualboxleg|p1a: Enamorus\n|move|p1a: Enamorus|Play Rough|p2a: actualboxleg\n|-resisted|p2a: actualboxleg\n|-damage|p2a: actualboxleg|92\/100\n|\n|-weather|SunnyDay|[upkeep]\n|-heal|p1a: Enamorus|69\/100|[from] item: Leftovers\n|upkeep\n|turn|9\n|\n|t:|1698528947\n|move|p2a: actualboxleg|Fire Spin|p1a: Enamorus\n|-end|p1a: Enamorus|Substitute\n|move|p1a: Enamorus|Superpower|p2a: actualboxleg\n|-damage|p2a: actualboxleg|75\/100\n|-boost|p1a: Enamorus|atk|1\n|-boost|p1a: Enamorus|def|1\n|\n|-weather|SunnyDay|[upkeep]\n|-heal|p1a: Enamorus|76\/100|[from] item: Leftovers\n|upkeep\n|turn|10\n|c|\u2606Rei_darkness|CMON\n|c|\u2606Rei_darkness|85% accurate moves my ass\n|\n|t:|1698528956\n|move|p2a: actualboxleg|Fire Spin|p1a: Enamorus\n|-damage|p1a: Enamorus|24\/100\n|-activate|p1a: Enamorus|move: Fire Spin|[of] p2a: actualboxleg\n|move|p1a: Enamorus|Superpower|p2a: actualboxleg\n|-damage|p2a: actualboxleg|51\/100\n|-boost|p1a: Enamorus|atk|1\n|-boost|p1a: Enamorus|def|1\n|\n|-weather|SunnyDay|[upkeep]\n|-heal|p1a: Enamorus|31\/100|[from] item: Leftovers\n|-damage|p1a: Enamorus|18\/100|[from] move: Fire Spin|[partiallytrapped]\n|upkeep\n|turn|11\n|\n|t:|1698528968\n|move|p2a: actualboxleg|Solar Beam||[still]\n|-prepare|p2a: actualboxleg|Solar Beam\n|-anim|p2a: actualboxleg|Solar Beam|p1a: Enamorus\n|-resisted|p1a: Enamorus\n|-damage|p1a: Enamorus|0 fnt\n|faint|p1a: Enamorus\n|\n|-weather|SunnyDay|[upkeep]\n|-sideend|p2: Rei_darkness|Reflect\n|upkeep\n|\n|t:|1698528975\n|switch|p1a: Medicham|Medicham, M|100\/100\n|turn|12\n|c|\u2606Rei_darkness|Me and 85% accurate moves\n|\n|t:|1698528985\n|move|p1a: Medicham|Close Combat|p2a: actualboxleg\n|-damage|p2a: actualboxleg|0 fnt\n|-unboost|p1a: Medicham|def|1\n|-unboost|p1a: Medicham|spd|1\n|faint|p2a: actualboxleg\n|\n|-weather|SunnyDay|[upkeep]\n|-sideend|p2: Rei_darkness|move: Light Screen\n|upkeep\n|\n|t:|1698529001\n|switch|p2a: Cowgurl|Slowbro-Galar, F|100\/100\n|turn|13\n|\n|t:|1698529005\n|switch|p1a: Toedscruel|Toedscruel, F|100\/100\n|move|p2a: Cowgurl|Nasty Plot|p2a: Cowgurl\n|-boost|p2a: Cowgurl|spa|2\n|\n|-weather|SunnyDay|[upkeep]\n|upkeep\n|turn|14\n|\n|t:|1698529008\n|move|p1a: Toedscruel|Knock Off|p2a: Cowgurl\n|-supereffective|p2a: Cowgurl\n|-damage|p2a: Cowgurl|45\/100\n|-enditem|p2a: Cowgurl|Quick Claw|[from] move: Knock Off|[of] p1a: Toedscruel\n|move|p2a: Cowgurl|Fire Blast|p1a: Toedscruel\n|-damage|p1a: Toedscruel|0 fnt\n|replace|p1a: Zoroark|Zoroark-Hisui, F\n|-end|p1a: Zoroark|Illusion\n|faint|p1a: Zoroark\n|\n|-weather|none\n|upkeep\n|\n|t:|1698529011\n|switch|p1a: Palafin|Palafin-Hero, M|100\/100\n|-activate|p1a: Palafin|ability: Zero to Hero\n|turn|15\n|\n|t:|1698529019\n|move|p1a: Palafin|Boomburst|p2a: Cowgurl\n|-damage|p2a: Cowgurl|0 fnt\n|faint|p2a: Cowgurl\n|\n|upkeep\n|c|\u2606Rei_darkness|cmon quick draw\n|c|\u2606Rei_darkness|nooo\n|\n|t:|1698529026\n|switch|p2a: I die now|Klefki, F|25\/100\n|turn|16\n|\n|t:|1698529029\n|switch|p1a: Slowking|Slowking-Galar, F|100\/100\n|move|p2a: I die now|Sunny Day|p2a: I die now\n|-weather|SunnyDay\n|\n|-weather|SunnyDay|[upkeep]\n|upkeep\n|turn|17\n|\n|t:|1698529038\n|move|p2a: I die now|Reflect|p2a: I die now\n|-sidestart|p2: Rei_darkness|Reflect\n|move|p1a: Slowking|Chilly Reception|p1a: Slowking\n|-weather|Snow\n|\n|t:|1698529042\n|switch|p1a: Palafin|Palafin-Hero, M|100\/100|[from] Chilly Reception\n|\n|-weather|Snow|[upkeep]\n|upkeep\n|turn|18\n|\n|t:|1698529046\n|-terastallize|p1a: Palafin|Normal\n|move|p2a: I die now|Sunny Day|p2a: I die now\n|-weather|SunnyDay\n|move|p1a: Palafin|Boomburst|p2a: I die now\n|-resisted|p2a: I die now\n|-damage|p2a: I die now|0 fnt\n|faint|p2a: I die now\n|\n|-weather|SunnyDay|[upkeep]\n|upkeep\n|\n|t:|1698529053\n|switch|p2a: gen9shitmon|Scovillain, F|100\/100\n|turn|19\n|\n|t:|1698529060\n|switch|p1a: Toedscruel|Toedscruel, F|100\/100\n|move|p2a: gen9shitmon|Growth|p2a: gen9shitmon\n|-boost|p2a: gen9shitmon|atk|2\n|-boost|p2a: gen9shitmon|spa|2\n|\n|-weather|SunnyDay|[upkeep]\n|upkeep\n|turn|20\n|\n|t:|1698529065\n|move|p2a: gen9shitmon|Fire Fang|p1a: Toedscruel\n|-supereffective|p1a: Toedscruel\n|-damage|p1a: Toedscruel|0 fnt\n|faint|p1a: Toedscruel\n|\n|-weather|SunnyDay|[upkeep]\n|upkeep\n|\n|t:|1698529067\n|switch|p1a: Slowking|Slowking-Galar, F|100\/100\n|turn|21\n|\n|t:|1698529068\n|move|p2a: gen9shitmon|Lash Out|p1a: Slowking\n|-supereffective|p1a: Slowking\n|-damage|p1a: Slowking|31\/100\n|move|p1a: Slowking|Chilly Reception|p1a: Slowking\n|-weather|Snow\n|\n|t:|1698529072\n|switch|p1a: Palafin|Palafin-Hero, M, tera:Normal|100\/100|[from] Chilly Reception\n|\n|-weather|Snow|[upkeep]\n|upkeep\n|turn|22\n|\n|t:|1698529086\n|move|p1a: Palafin|Boomburst|p2a: gen9shitmon\n|-enditem|p2a: gen9shitmon|Focus Sash\n|-damage|p2a: gen9shitmon|1\/100\n|move|p2a: gen9shitmon|Seed Bomb|p1a: Palafin\n|-crit|p1a: Palafin\n|-damage|p1a: Palafin|0 fnt\n|faint|p1a: Palafin\n|\n|-weather|Snow|[upkeep]\n|upkeep\n|c|\u2606godiamsosorry|HWAT!!!!\n|\n|t:|1698529092\n|switch|p1a: Medicham|Medicham, M|100\/100\n|turn|23\n|\n|t:|1698529096\n|move|p1a: Medicham|Ice Punch|p2a: gen9shitmon\n|-damage|p2a: gen9shitmon|0 fnt\n|faint|p2a: gen9shitmon\n|\n|-weather|Snow|[upkeep]\n|upkeep\n|\n|t:|1698529100\n|switch|p2a: Arcanine|Arcanine, M|100\/100\n|turn|24\n|\n|t:|1698529105\n|switch|p1a: Slowking|Slowking-Galar, F|65\/100\n|move|p2a: Arcanine|Substitute|p2a: Arcanine\n|-start|p2a: Arcanine|Substitute\n|-damage|p2a: Arcanine|76\/100\n|\n|-weather|Snow|[upkeep]\n|-sideend|p2: Rei_darkness|Reflect\n|upkeep\n|turn|25\n|\n|t:|1698529109\n|move|p2a: Arcanine|Fire Blast|p1a: Slowking\n|-damage|p1a: Slowking|36\/100\n|move|p1a: Slowking|Foul Play|p2a: Arcanine\n|-activate|p2a: Arcanine|move: Substitute|[damage]\n|\n|-weather|none\n|upkeep\n|turn|26\n|\n|t:|1698529111\n|move|p2a: Arcanine|Fire Blast|p1a: Slowking\n|-damage|p1a: Slowking|4\/100\n|move|p1a: Slowking|Slack Off|p1a: Slowking\n|-heal|p1a: Slowking|54\/100\n|\n|upkeep\n|turn|27\n|\n|t:|1698529114\n|move|p2a: Arcanine|Fire Blast|p1a: Slowking\n|-damage|p1a: Slowking|23\/100\n|move|p1a: Slowking|Slack Off|p1a: Slowking\n|-heal|p1a: Slowking|73\/100\n|\n|upkeep\n|turn|28\n|\n|t:|1698529116\n|move|p2a: Arcanine|Fire Blast|p1a: Slowking|[miss]\n|-miss|p2a: Arcanine|p1a: Slowking\n|move|p1a: Slowking|Foul Play|p2a: Arcanine\n|-end|p2a: Arcanine|Substitute\n|\n|upkeep\n|turn|29\n|\n|t:|1698529120\n|move|p2a: Arcanine|Fire Blast|p1a: Slowking\n|-damage|p1a: Slowking|42\/100\n|move|p1a: Slowking|Foul Play|p2a: Arcanine\n|-damage|p2a: Arcanine|54\/100\n|\n|upkeep\n|turn|30\n|\n|t:|1698529123\n|move|p2a: Arcanine|Fire Blast|p1a: Slowking\n|-damage|p1a: Slowking|14\/100\n|move|p1a: Slowking|Slack Off|p1a: Slowking\n|-heal|p1a: Slowking|64\/100\n|\n|upkeep\n|turn|31\n|\n|t:|1698529126\n|move|p2a: Arcanine|Fire Blast|p1a: Slowking\n|-damage|p1a: Slowking|32\/100\n|move|p1a: Slowking|Toxic|p2a: Arcanine\n|-status|p2a: Arcanine|tox\n|\n|-damage|p2a: Arcanine|48\/100 tox|[from] psn\n|upkeep\n|-enditem|p2a: Arcanine|Sitrus Berry|[eat]\n|-heal|p2a: Arcanine|73\/100 tox|[from] item: Sitrus Berry\n|turn|32\n|\n|t:|1698529128\n|move|p2a: Arcanine|Fire Blast|p1a: Slowking\n|-damage|p1a: Slowking|0 fnt\n|faint|p1a: Slowking\n|\n|-damage|p2a: Arcanine|61\/100 tox|[from] psn\n|upkeep\n|\n|t:|1698529130\n|switch|p1a: Medicham|Medicham, M|100\/100\n|turn|33\n|\n|t:|1698529134\n|move|p1a: Medicham|Psycho Cut|p2a: Arcanine\n|-damage|p2a: Arcanine|13\/100 tox\n|move|p2a: Arcanine|Morning Sun|p2a: Arcanine\n|-heal|p2a: Arcanine|63\/100 tox\n|\n|-damage|p2a: Arcanine|45\/100 tox|[from] psn\n|upkeep\n|turn|34\n|\n|t:|1698529137\n|move|p1a: Medicham|Psycho Cut|p2a: Arcanine\n|-damage|p2a: Arcanine|0 fnt\n|faint|p2a: Arcanine\n|\n|upkeep\n|\n|t:|1698529141\n|switch|p2a: gen1shitmon|Victreebel, F|100\/100\n|turn|35\n|c|\u2606godiamsosorry|Sash bell, too?\n|c|\u2606Rei_darkness|:(\n|c|\u2606Rei_darkness|yeah idk if you live this\n|c|\u2606Rei_darkness|probably do\n|\n|t:|1698529159\n|move|p1a: Medicham|Psycho Cut|p2a: gen1shitmon\n|-supereffective|p2a: gen1shitmon\n|-enditem|p2a: gen1shitmon|Focus Sash\n|-damage|p2a: gen1shitmon|1\/100\n|move|p2a: gen1shitmon|Sludge Bomb|p1a: Medicham\n|-crit|p1a: Medicham\n|-damage|p1a: Medicham|3\/100\n|\n|upkeep\n|turn|36\n|c|\u2606godiamsosorry|Prob not, medi is frail af.\n|c|\u2606godiamsosorry|!dt medicham\n|raw|<div class=\"message\"><ul class=\"utilichart\"><li class=\"result\"><span class=\"col numcol\">PU<\/span> <span class=\"col iconcol\"><psicon pokemon=\"medicham\"\/><\/span> <span class=\"col pokemonnamecol\" style=\"white-space:nowrap\"><a href=\"https:\/\/dex.pokemonshowdown.com\/pokemon\/medicham\" target=\"_blank\">Medicham<\/a><\/span> <span class=\"col typecol\"><img src=\"https:\/\/play.pokemonshowdown.com\/sprites\/types\/Fighting.png\" alt=\"Fighting\" height=\"14\" width=\"32\"><img src=\"https:\/\/play.pokemonshowdown.com\/sprites\/types\/Psychic.png\" alt=\"Psychic\" height=\"14\" width=\"32\"><\/span> <span style=\"float:left;min-height:26px\"><span class=\"col abilitycol\">Pure Power<\/span><span class=\"col abilitycol\"><em>Telepathy<\/em><\/span><\/span><span style=\"float:left;min-height:26px\"><span class=\"col statcol\"><em>HP<\/em><br \/>60<\/span> <span class=\"col statcol\"><em>Atk<\/em><br \/>60<\/span> <span class=\"col statcol\"><em>Def<\/em><br \/>75<\/span> <span class=\"col statcol\"><em>SpA<\/em><br \/>60<\/span> <span class=\"col statcol\"><em>SpD<\/em><br \/>75<\/span> <span class=\"col statcol\"><em>Spe<\/em><br \/>80<\/span> <span class=\"col bstcol\"><em>BST<br \/>410<\/em><\/span> <\/span><\/li><li style=\"clear:both\"><\/li><\/ul><\/div>\n|raw|<font size=\"1\"><font color=\"#686868\">Dex#:<\/font> 308&nbsp;|&ThickSpace;<font color=\"#686868\">Gen:<\/font> 3&nbsp;|&ThickSpace;<font color=\"#686868\">Height:<\/font> 1.3 m&nbsp;|&ThickSpace;<font color=\"#686868\">Weight:<\/font> 31.5 kg <em>(60 BP)<\/em>&nbsp;|&ThickSpace;<font color=\"#686868\">Dex Colour:<\/font> Red&nbsp;|&ThickSpace;<font color=\"#686868\">Egg Group(s):<\/font> Human-Like&nbsp;|&ThickSpace;<font color=\"#686868\">Pre-Evolution:<\/font> Meditite&nbsp;|&ThickSpace;<font color=\"#686868\">Does Not Evolve<\/font><\/font>\n\n|c|\u2606godiamsosorry|NVM.\n|c|\u2606Rei_darkness|even with crit\n|c|\u2606Rei_darkness|yep\n|c|\u2606Rei_darkness|i just dont deserve reqs i give up\n|\n|t:|1698529179\n|move|p1a: Medicham|Psycho Cut|p2a: gen1shitmon\n|-supereffective|p2a: gen1shitmon\n|-crit|p2a: gen1shitmon\n|-damage|p2a: gen1shitmon|0 fnt\n|faint|p2a: gen1shitmon\n|\n|win|godiamsosorry\n|c|\u2606godiamsosorry|Nah you should keep trying.\n","uploadtime":1698529182,"views":16,"p1id":"godiamsosorry","p2id":"reidarkness","formatid":"gen9ubers","rating":0,"private":0,"password":""}