{"id":"gen9ubers-1989363262","p1":"Nugget O Silver","p2":"4R4CH1S","format":"[Gen 9] Ubers","log":"|j|\u2606Nugget O Silver\n|j|\u26064R4CH1S\n|t:|1699840971\n|gametype|singles\n|player|p1|Nugget O Silver|colress|\n|player|p2|4R4CH1S|cheryl|\n|teamsize|p1|6\n|teamsize|p2|6\n|gen|9\n|tier|[Gen 9] Ubers\n|rule|Sleep Clause Mod: Limit one foe put to sleep\n|rule|Species Clause: Limit one of each Pok\u00e9mon\n|rule|OHKO Clause: OHKO moves are banned\n|rule|Evasion Items Clause: Evasion items are banned\n|rule|Evasion Moves Clause: Evasion moves are banned\n|rule|Endless Battle Clause: Forcing endless battles is banned\n|rule|HP Percentage Mod: HP is shown in percentages\n|clearpoke\n|poke|p1|Rayquaza|\n|poke|p1|Groudon|\n|poke|p1|Giratina-Origin|\n|poke|p1|Arceus-Poison|\n|poke|p1|Basculegion-F, F|\n|poke|p1|Palkia|\n|poke|p2|Iron Valiant|\n|poke|p2|Arceus-Electric|\n|poke|p2|Basculegion-F, F|\n|poke|p2|Giratina-Origin|\n|poke|p2|Jirachi|\n|poke|p2|Landorus, M|\n|teampreview\n|c|\u2606Nugget O Silver|glhf\n|c|\u26064R4CH1S|glhf\n|\n|t:|1699841001\n|start\n|switch|p1a: Groudon|Groudon, shiny|100\/100\n|switch|p2a: Landorus|Landorus, M|100\/100\n|-weather|SunnyDay|[from] ability: Drought|[of] p1a: Groudon\n|turn|1\n|\n|t:|1699841011\n|move|p2a: Landorus|Grass Knot|p1a: Groudon\n|-supereffective|p1a: Groudon\n|-damage|p1a: Groudon|0 fnt\n|faint|p1a: Groudon\n|-damage|p2a: Landorus|91\/100|[from] item: Life Orb\n|\n|-weather|SunnyDay|[upkeep]\n|upkeep\n|\n|t:|1699841016\n|switch|p1a: Palkia|Palkia|100\/100\n|-ability|p1a: Palkia|Pressure\n|turn|2\n|\n|t:|1699841025\n|move|p1a: Palkia|Heavy Slam|p2a: Landorus\n|-damage|p2a: Landorus|50\/100\n|move|p2a: Landorus|Earth Power|p1a: Palkia\n|-damage|p1a: Palkia|36\/100\n|\n|-weather|SunnyDay|[upkeep]\n|upkeep\n|turn|3\n|\n|t:|1699841031\n|switch|p1a: Rayquaza|Rayquaza|100\/100\n|-ability|p1a: Rayquaza|Air Lock\n|move|p2a: Landorus|Earth Power|p1a: Rayquaza\n|-immune|p1a: Rayquaza\n|\n|-weather|SunnyDay|[upkeep]\n|upkeep\n|turn|4\n|\n|t:|1699841038\n|move|p2a: Landorus|Psychic|p1a: Rayquaza\n|-damage|p1a: Rayquaza|50\/100\n|move|p1a: Rayquaza|Draco Meteor|p2a: Landorus\n|-damage|p2a: Landorus|0 fnt\n|-unboost|p1a: Rayquaza|spa|2\n|faint|p2a: Landorus\n|\n|-weather|SunnyDay|[upkeep]\n|upkeep\n|\n|t:|1699841052\n|switch|p2a: Jirachi|Jirachi|100\/100\n|turn|5\n|\n|t:|1699841059\n|switch|p1a: Arceus|Arceus-Poison|100\/100\n|move|p2a: Jirachi|Thunder Wave|p1a: Arceus\n|-status|p1a: Arceus|par\n|\n|-weather|none\n|upkeep\n|turn|6\n|\n|t:|1699841066\n|move|p2a: Jirachi|Stealth Rock|p1a: Arceus\n|-sidestart|p1: Nugget O Silver|move: Stealth Rock\n|move|p1a: Arceus|Dragon Dance|p1a: Arceus\n|-boost|p1a: Arceus|atk|1\n|-boost|p1a: Arceus|spe|1\n|\n|upkeep\n|turn|7\n|\n|t:|1699841072\n|switch|p2a: Giratina|Giratina-Origin|100\/100\n|move|p1a: Arceus|Dragon Dance|p1a: Arceus\n|-boost|p1a: Arceus|atk|1\n|-boost|p1a: Arceus|spe|1\n|\n|upkeep\n|turn|8\n|\n|t:|1699841077\n|move|p1a: Arceus|Gunk Shot|p2a: Giratina|[miss]\n|-miss|p1a: Arceus|p2a: Giratina\n|move|p2a: Giratina|Dragon Tail|p1a: Arceus\n|-damage|p1a: Arceus|80\/100 par\n|drag|p1a: Rayquaza|Rayquaza|50\/100\n|-damage|p1a: Rayquaza|25\/100|[from] Stealth Rock\n|-ability|p1a: Rayquaza|Air Lock\n|\n|upkeep\n|turn|9\n|\n|t:|1699841098\n|switch|p2a: Jirachi|Jirachi|100\/100\n|move|p1a: Rayquaza|Hydro Pump|p2a: Jirachi\n|-damage|p2a: Jirachi|74\/100\n|\n|-heal|p2a: Jirachi|80\/100|[from] item: Leftovers\n|upkeep\n|turn|10\n|\n|t:|1699841104\n|move|p1a: Rayquaza|Overheat|p2a: Jirachi\n|-supereffective|p2a: Jirachi\n|-crit|p2a: Jirachi\n|-damage|p2a: Jirachi|0 fnt\n|-unboost|p1a: Rayquaza|spa|2\n|faint|p2a: Jirachi\n|\n|upkeep\n|\n|t:|1699841127\n|switch|p2a: Arceus|Arceus-Electric|100\/100\n|turn|11\n|\n|t:|1699841140\n|move|p1a: Rayquaza|Earth Power|p2a: Arceus\n|-supereffective|p2a: Arceus\n|-damage|p2a: Arceus|75\/100\n|move|p2a: Arceus|Recover|p2a: Arceus\n|-heal|p2a: Arceus|100\/100\n|\n|upkeep\n|turn|12\n|\n|t:|1699841147\n|switch|p1a: Palkia|Palkia|36\/100\n|-damage|p1a: Palkia|23\/100|[from] Stealth Rock\n|-ability|p1a: Palkia|Pressure\n|move|p2a: Arceus|Calm Mind|p2a: Arceus\n|-boost|p2a: Arceus|spa|1\n|-boost|p2a: Arceus|spd|1\n|\n|upkeep\n|turn|13\n|\n|t:|1699841153\n|move|p1a: Palkia|Earthquake|p2a: Arceus\n|-supereffective|p2a: Arceus\n|-damage|p2a: Arceus|55\/100\n|move|p2a: Arceus|Judgment|p1a: Palkia\n|-damage|p1a: Palkia|0 fnt\n|faint|p1a: Palkia\n|\n|upkeep\n|\n|t:|1699841171\n|switch|p1a: Giratina|Giratina-Origin|100\/100\n|-damage|p1a: Giratina|88\/100|[from] Stealth Rock\n|turn|14\n|\n|t:|1699841181\n|move|p2a: Arceus|Recover|p2a: Arceus\n|-heal|p2a: Arceus|100\/100\n|move|p1a: Giratina|Will-O-Wisp|p2a: Arceus\n|-status|p2a: Arceus|brn\n|\n|-damage|p2a: Arceus|94\/100 brn|[from] brn\n|upkeep\n|turn|15\n|\n|t:|1699841185\n|move|p2a: Arceus|Ice Beam|p1a: Giratina\n|-supereffective|p1a: Giratina\n|-damage|p1a: Giratina|26\/100\n|move|p1a: Giratina|Hex|p2a: Arceus\n|-damage|p2a: Arceus|65\/100 brn\n|\n|-damage|p2a: Arceus|59\/100 brn|[from] brn\n|upkeep\n|turn|16\n|\n|t:|1699841196\n|move|p2a: Arceus|Ice Beam|p1a: Giratina\n|-supereffective|p1a: Giratina\n|-damage|p1a: Giratina|0 fnt\n|faint|p1a: Giratina\n|\n|-damage|p2a: Arceus|53\/100 brn|[from] brn\n|upkeep\n|\n|t:|1699841199\n|switch|p1a: Basculegion|Basculegion-F, F|100\/100\n|-damage|p1a: Basculegion|88\/100|[from] Stealth Rock\n|turn|17\n|\n|t:|1699841207\n|move|p1a: Basculegion|Last Respects|p2a: Arceus\n|-damage|p2a: Arceus|0 fnt\n|faint|p2a: Arceus\n|\n|upkeep\n|\n|t:|1699841217\n|switch|p2a: Iron Valiant|Iron Valiant|100\/100\n|-enditem|p2a: Iron Valiant|Booster Energy\n|-activate|p2a: Iron Valiant|ability: Quark Drive|[fromitem]\n|-start|p2a: Iron Valiant|quarkdrivespe\n|turn|18\n|\n|t:|1699841247\n|switch|p1a: Rayquaza|Rayquaza|25\/100\n|-damage|p1a: Rayquaza|0 fnt|[from] Stealth Rock\n|faint|p1a: Rayquaza\n|move|p2a: Iron Valiant|Shadow Ball|p1: Rayquaza|[notarget]\n|-fail|p2a: Iron Valiant\n|\n|upkeep\n|\n|t:|1699841253\n|switch|p1a: Arceus|Arceus-Poison|80\/100 par\n|-damage|p1a: Arceus|68\/100 par|[from] Stealth Rock\n|turn|19\n|\n|t:|1699841260\n|-terastallize|p2a: Iron Valiant|Ghost\n|move|p2a: Iron Valiant|Calm Mind|p2a: Iron Valiant\n|-boost|p2a: Iron Valiant|spa|1\n|-boost|p2a: Iron Valiant|spd|1\n|move|p1a: Arceus|Gunk Shot|p2a: Iron Valiant\n|-resisted|p2a: Iron Valiant\n|-damage|p2a: Iron Valiant|47\/100\n|\n|upkeep\n|turn|20\n|\n|t:|1699841271\n|move|p2a: Iron Valiant|Shadow Ball|p1a: Arceus\n|-damage|p1a: Arceus|25\/100 par\n|cant|p1a: Arceus|par\n|\n|upkeep\n|turn|21\n|\n|t:|1699841276\n|move|p2a: Iron Valiant|Shadow Ball|p1a: Arceus\n|-damage|p1a: Arceus|0 fnt\n|faint|p1a: Arceus\n|\n|upkeep\n|\n|t:|1699841279\n|switch|p1a: Basculegion|Basculegion-F, F|88\/100\n|-damage|p1a: Basculegion|76\/100|[from] Stealth Rock\n|turn|22\n|\n|t:|1699841282\n|move|p2a: Iron Valiant|Shadow Ball|p1a: Basculegion\n|-supereffective|p1a: Basculegion\n|-damage|p1a: Basculegion|0 fnt\n|faint|p1a: Basculegion\n|\n|win|4R4CH1S\n|c|\u2606Nugget O Silver|ggwp\n|c|\u26064R4CH1S|wp gg\n|c|\u2606Nugget O Silver|You got the replays?\n|c|\u26064R4CH1S|Yeah\n","uploadtime":1699841358,"views":20,"p1id":"nuggetosilver","p2id":"4r4ch1s","formatid":"gen9ubers","rating":0,"private":0,"password":""}