{"id":"gen9ubers-1978647407","p1":"hattrickk","p2":"ByakkoLeo","format":"[Gen 9] Ubers","log":"|j|\u2606hattrickk\n|j|\u2606ByakkoLeo\n|t:|1698574210\n|gametype|singles\n|player|p1|hattrickk|dawn-gen4pt|\n|player|p2|ByakkoLeo|chuck|\n|teamsize|p1|6\n|teamsize|p2|6\n|gen|9\n|tier|[Gen 9] Ubers\n|rule|Sleep Clause Mod: Limit one foe put to sleep\n|rule|Species Clause: Limit one of each Pok\u00e9mon\n|rule|OHKO Clause: OHKO moves are banned\n|rule|Evasion Items Clause: Evasion items are banned\n|rule|Evasion Moves Clause: Evasion moves are banned\n|rule|Endless Battle Clause: Forcing endless battles is banned\n|rule|HP Percentage Mod: HP is shown in percentages\n|clearpoke\n|poke|p1|Hatterene, F|\n|poke|p1|Dragonite, M|\n|poke|p1|Baxcalibur, M|\n|poke|p1|Masquerain, M|\n|poke|p1|Corviknight, F|\n|poke|p1|Pelipper, M|\n|poke|p2|Iron Hands|\n|poke|p2|Iron Moth|\n|poke|p2|Abomasnow, F|\n|poke|p2|Amoonguss, F|\n|poke|p2|Chien-Pao|\n|poke|p2|Grimmsnarl, M|\n|teampreview\n|\n|t:|1698574228\n|start\n|switch|p1a: Masquerain|Masquerain, M|100\/100\n|switch|p2a: Crazy Diamond|Grimmsnarl, M, shiny|100\/100\n|-ability|p1a: Masquerain|Intimidate|boost\n|-unboost|p2a: Crazy Diamond|atk|1\n|turn|1\n|\n|t:|1698574238\n|move|p2a: Crazy Diamond|Reflect|p2a: Crazy Diamond\n|-sidestart|p2: ByakkoLeo|Reflect\n|move|p1a: Masquerain|Sticky Web|p2a: Crazy Diamond\n|-sidestart|p2: ByakkoLeo|move: Sticky Web\n|\n|upkeep\n|turn|2\n|\n|t:|1698574255\n|move|p2a: Crazy Diamond|Light Screen|p2a: Crazy Diamond\n|-sidestart|p2: ByakkoLeo|move: Light Screen\n|move|p1a: Masquerain|Quiver Dance|p1a: Masquerain\n|-boost|p1a: Masquerain|spa|1\n|-boost|p1a: Masquerain|spd|1\n|-boost|p1a: Masquerain|spe|1\n|\n|upkeep\n|turn|3\n|\n|t:|1698574272\n|switch|p1a: Baxcalibur|Baxcalibur, M|100\/100\n|switch|p2a: Ochu Ochu|Amoonguss, F, shiny|100\/100\n|-activate|p2a: Ochu Ochu|move: Sticky Web\n|-unboost|p2a: Ochu Ochu|spe|1\n|\n|upkeep\n|turn|4\n|\n|t:|1698574280\n|move|p1a: Baxcalibur|Brick Break|p2a: Ochu Ochu\n|-sideend|p2: ByakkoLeo|Reflect\n|-sideend|p2: ByakkoLeo|move: Light Screen\n|-resisted|p2a: Ochu Ochu\n|-damage|p2a: Ochu Ochu|90\/100\n|move|p2a: Ochu Ochu|Spore|p1a: Baxcalibur\n|-status|p1a: Baxcalibur|slp|[from] move: Spore\n|\n|-heal|p2a: Ochu Ochu|96\/100|[from] item: Black Sludge\n|upkeep\n|turn|5\n|\n|t:|1698574288\n|switch|p2a: Byakko Leo|Chien-Pao|100\/100\n|-activate|p2a: Byakko Leo|move: Sticky Web\n|-unboost|p2a: Byakko Leo|spe|1\n|-ability|p2a: Byakko Leo|Sword of Ruin\n|cant|p1a: Baxcalibur|slp\n|\n|upkeep\n|turn|6\n|\n|t:|1698574348\n|switch|p1a: Corviknight|Corviknight, F|100\/100\n|move|p2a: Byakko Leo|Brick Break|p1a: Corviknight\n|-damage|p1a: Corviknight|81\/100\n|\n|-heal|p1a: Corviknight|87\/100|[from] item: Leftovers\n|upkeep\n|turn|7\n|\n|t:|1698574368\n|switch|p2a: Golden Gloves|Iron Hands|100\/100\n|-activate|p2a: Golden Gloves|move: Sticky Web\n|-unboost|p2a: Golden Gloves|spe|1\n|move|p1a: Corviknight|Body Press|p2a: Golden Gloves\n|-damage|p2a: Golden Gloves|82\/100\n|\n|-heal|p1a: Corviknight|94\/100|[from] item: Leftovers\n|upkeep\n|turn|8\n|\n|t:|1698574374\n|switch|p1a: Masquerain|Masquerain, M|100\/100\n|-ability|p1a: Masquerain|Intimidate|boost\n|-unboost|p2a: Golden Gloves|atk|1\n|move|p2a: Golden Gloves|Wild Charge|p1a: Masquerain\n|-supereffective|p1a: Masquerain\n|-enditem|p1a: Masquerain|Focus Sash\n|-damage|p1a: Masquerain|1\/100\n|-damage|p2a: Golden Gloves|66\/100|[from] Recoil\n|\n|upkeep\n|turn|9\n|\n|t:|1698574391\n|-end|p2a: Golden Gloves|Quark Drive|[silent]\n|switch|p2a: Abominable|Abomasnow, F, shiny|100\/100\n|-activate|p2a: Abominable|move: Sticky Web\n|-unboost|p2a: Abominable|spe|1\n|-weather|Snow|[from] ability: Snow Warning|[of] p2a: Abominable\n|move|p1a: Masquerain|Bug Buzz|p2a: Abominable\n|-supereffective|p2a: Abominable\n|-damage|p2a: Abominable|38\/100\n|\n|-weather|Snow|[upkeep]\n|upkeep\n|turn|10\n|\n|t:|1698574403\n|-terastallize|p2a: Abominable|Rock\n|move|p1a: Masquerain|Bug Buzz|p2a: Abominable\n|-damage|p2a: Abominable|10\/100\n|move|p2a: Abominable|Tera Blast|p1a: Masquerain|[anim] Tera Blast Rock\n|-supereffective|p1a: Masquerain\n|-damage|p1a: Masquerain|0 fnt\n|faint|p1a: Masquerain\n|\n|-weather|Snow|[upkeep]\n|upkeep\n|\n|t:|1698574419\n|switch|p1a: Baxcalibur|Baxcalibur, M|100\/100 slp\n|turn|11\n|\n|t:|1698574428\n|switch|p1a: Dragonite|Dragonite, M|100\/100\n|move|p2a: Abominable|Aurora Veil|p2a: Abominable\n|-sidestart|p2: ByakkoLeo|move: Aurora Veil\n|\n|-weather|Snow|[upkeep]\n|upkeep\n|turn|12\n|\n|t:|1698574433\n|switch|p1a: Baxcalibur|Baxcalibur, M|100\/100 slp\n|move|p2a: Abominable|Blizzard|p1a: Baxcalibur\n|-damage|p1a: Baxcalibur|66\/100 slp\n|\n|-weather|Snow|[upkeep]\n|upkeep\n|turn|13\n|\n|t:|1698574439\n|-curestatus|p1a: Baxcalibur|slp|[msg]\n|move|p1a: Baxcalibur|Brick Break|p2a: Abominable\n|-sideend|p2: ByakkoLeo|move: Aurora Veil\n|-supereffective|p2a: Abominable\n|-damage|p2a: Abominable|0 fnt\n|faint|p2a: Abominable\n|\n|-weather|Snow|[upkeep]\n|upkeep\n|\n|t:|1698574448\n|switch|p2a: Crazy Diamond|Grimmsnarl, M, shiny|100\/100\n|-activate|p2a: Crazy Diamond|move: Sticky Web\n|-unboost|p2a: Crazy Diamond|spe|1\n|turn|14\n|\n|t:|1698574463\n|move|p1a: Baxcalibur|Icicle Spear|p2a: Crazy Diamond\n|-damage|p2a: Crazy Diamond|88\/100\n|-damage|p2a: Crazy Diamond|74\/100\n|-damage|p2a: Crazy Diamond|61\/100\n|-damage|p2a: Crazy Diamond|47\/100\n|-hitcount|p2a: Crazy Diamond|4\n|move|p2a: Crazy Diamond|Spirit Break|p1a: Baxcalibur\n|-supereffective|p1a: Baxcalibur\n|-damage|p1a: Baxcalibur|24\/100\n|-unboost|p1a: Baxcalibur|spa|1\n|\n|-weather|Snow|[upkeep]\n|upkeep\n|turn|15\n|\n|t:|1698574471\n|move|p2a: Crazy Diamond|Sucker Punch|p1a: Baxcalibur\n|-damage|p1a: Baxcalibur|5\/100\n|move|p1a: Baxcalibur|Icicle Spear|p2a: Crazy Diamond\n|-damage|p2a: Crazy Diamond|35\/100\n|-damage|p2a: Crazy Diamond|23\/100\n|-damage|p2a: Crazy Diamond|8\/100\n|-damage|p2a: Crazy Diamond|0 fnt\n|faint|p2a: Crazy Diamond\n|-hitcount|p2: Crazy Diamond|4\n|\n|-weather|Snow|[upkeep]\n|upkeep\n|\n|t:|1698574474\n|switch|p2a: Golden Gloves|Iron Hands|66\/100\n|-activate|p2a: Golden Gloves|move: Sticky Web\n|-unboost|p2a: Golden Gloves|spe|1\n|turn|16\n|\n|t:|1698574481\n|move|p2a: Golden Gloves|Fake Out|p1a: Baxcalibur\n|-damage|p1a: Baxcalibur|0 fnt\n|faint|p1a: Baxcalibur\n|\n|-weather|none\n|upkeep\n|\n|t:|1698574494\n|switch|p1a: Dragonite|Dragonite, M|100\/100\n|turn|17\n|\n|t:|1698574502\n|-end|p2a: Golden Gloves|Quark Drive|[silent]\n|switch|p2a: Ochu Ochu|Amoonguss, F, shiny|96\/100\n|-activate|p2a: Ochu Ochu|move: Sticky Web\n|-unboost|p2a: Ochu Ochu|spe|1\n|move|p1a: Dragonite|Dragon Dance|p1a: Dragonite\n|-boost|p1a: Dragonite|atk|1\n|-boost|p1a: Dragonite|spe|1\n|\n|-heal|p2a: Ochu Ochu|100\/100|[from] item: Black Sludge\n|upkeep\n|turn|18\n|\n|t:|1698574524\n|move|p1a: Dragonite|Dragon Dance|p1a: Dragonite\n|-boost|p1a: Dragonite|atk|1\n|-boost|p1a: Dragonite|spe|1\n|move|p2a: Ochu Ochu|Spore|p1a: Dragonite\n|-status|p1a: Dragonite|slp|[from] move: Spore\n|\n|upkeep\n|turn|19\n|\n|t:|1698574529\n|switch|p2a: Byakko Leo|Chien-Pao|100\/100\n|-activate|p2a: Byakko Leo|move: Sticky Web\n|-unboost|p2a: Byakko Leo|spe|1\n|-ability|p2a: Byakko Leo|Sword of Ruin\n|cant|p1a: Dragonite|slp\n|\n|upkeep\n|turn|20\n|\n|t:|1698574555\n|switch|p1a: Corviknight|Corviknight, F|94\/100\n|move|p2a: Byakko Leo|Ice Spinner|p1a: Corviknight\n|-damage|p1a: Corviknight|64\/100\n|\n|-heal|p1a: Corviknight|70\/100|[from] item: Leftovers\n|upkeep\n|turn|21\n|\n|t:|1698574567\n|switch|p2a: Ochu Ochu|Amoonguss, F, shiny|100\/100\n|-activate|p2a: Ochu Ochu|move: Sticky Web\n|-unboost|p2a: Ochu Ochu|spe|1\n|move|p1a: Corviknight|Iron Defense|p1a: Corviknight\n|-boost|p1a: Corviknight|def|2\n|\n|-heal|p1a: Corviknight|76\/100|[from] item: Leftovers\n|upkeep\n|turn|22\n|\n|t:|1698574585\n|switch|p2a: Mecha Mothra|Iron Moth, shiny|100\/100\n|-activate|p2a: Mecha Mothra|move: Sticky Web\n|-unboost|p2a: Mecha Mothra|spe|1\n|move|p1a: Corviknight|Roost|p1a: Corviknight\n|-heal|p1a: Corviknight|100\/100\n|-singleturn|p1a: Corviknight|move: Roost\n|\n|upkeep\n|turn|23\n|\n|t:|1698574607\n|move|p2a: Mecha Mothra|Discharge|p1a: Corviknight\n|-supereffective|p1a: Corviknight\n|-damage|p1a: Corviknight|35\/100\n|-status|p1a: Corviknight|par\n|move|p1a: Corviknight|Body Press|p2a: Mecha Mothra\n|-resisted|p2a: Mecha Mothra\n|-damage|p2a: Mecha Mothra|53\/100\n|\n|-heal|p1a: Corviknight|42\/100 par|[from] item: Leftovers\n|upkeep\n|turn|24\n|\n|t:|1698574619\n|move|p2a: Mecha Mothra|Discharge|p1a: Corviknight\n|-supereffective|p1a: Corviknight\n|-damage|p1a: Corviknight|0 fnt\n|faint|p1a: Corviknight\n|\n|upkeep\n|\n|t:|1698574627\n|switch|p1a: Dragonite|Dragonite, M|100\/100 slp\n|turn|25\n|\n|t:|1698574630\n|move|p2a: Mecha Mothra|Discharge|p1a: Dragonite\n|-damage|p1a: Dragonite|83\/100 slp\n|cant|p1a: Dragonite|slp\n|\n|upkeep\n|turn|26\n|\n|t:|1698574636\n|move|p2a: Mecha Mothra|Discharge|p1a: Dragonite\n|-damage|p1a: Dragonite|49\/100 slp\n|cant|p1a: Dragonite|slp\n|\n|upkeep\n|turn|27\n|\n|t:|1698574640\n|move|p2a: Mecha Mothra|Discharge|p1a: Dragonite\n|-damage|p1a: Dragonite|12\/100 slp\n|-curestatus|p1a: Dragonite|slp|[msg]\n|move|p1a: Dragonite|Dragon Dance|p1a: Dragonite\n|-boost|p1a: Dragonite|atk|1\n|-boost|p1a: Dragonite|spe|1\n|\n|upkeep\n|turn|28\n|\n|t:|1698574645\n|move|p1a: Dragonite|Earthquake|p2a: Mecha Mothra\n|-supereffective|p2a: Mecha Mothra\n|-damage|p2a: Mecha Mothra|0 fnt\n|faint|p2a: Mecha Mothra\n|-end|p2a: Mecha Mothra|Quark Drive|[silent]\n|\n|upkeep\n|\n|t:|1698574649\n|switch|p2a: Golden Gloves|Iron Hands|66\/100\n|-activate|p2a: Golden Gloves|move: Sticky Web\n|-unboost|p2a: Golden Gloves|spe|1\n|turn|29\n|\n|t:|1698574741\n|move|p2a: Golden Gloves|Fake Out|p1a: Dragonite\n|-damage|p1a: Dragonite|0 fnt\n|faint|p1a: Dragonite\n|\n|upkeep\n|\n|t:|1698574763\n|switch|p1a: Hatterene|Hatterene, F|100\/100\n|turn|30\n|\n|t:|1698574768\n|move|p1a: Hatterene|Calm Mind|p1a: Hatterene\n|-boost|p1a: Hatterene|spa|1\n|-boost|p1a: Hatterene|spd|1\n|move|p2a: Golden Gloves|Wild Charge|p1a: Hatterene\n|-damage|p1a: Hatterene|53\/100\n|-damage|p2a: Golden Gloves|58\/100|[from] Recoil\n|\n|upkeep\n|turn|31\n|\n|t:|1698574776\n|move|p1a: Hatterene|Draining Kiss|p2a: Golden Gloves\n|-supereffective|p2a: Golden Gloves\n|-damage|p2a: Golden Gloves|23\/100\n|-heal|p1a: Hatterene|91\/100|[from] drain|[of] p2a: Golden Gloves\n|move|p2a: Golden Gloves|Wild Charge|p1a: Hatterene\n|-damage|p1a: Hatterene|44\/100\n|-damage|p2a: Golden Gloves|14\/100|[from] Recoil\n|\n|upkeep\n|turn|32\n|\n|t:|1698574800\n|move|p1a: Hatterene|Draining Kiss|p2a: Golden Gloves\n|-supereffective|p2a: Golden Gloves\n|-damage|p2a: Golden Gloves|0 fnt\n|-heal|p1a: Hatterene|58\/100|[from] drain|[of] p2a: Golden Gloves\n|faint|p2a: Golden Gloves\n|-end|p2a: Golden Gloves|Quark Drive|[silent]\n|\n|upkeep\n|\n|t:|1698574804\n|switch|p2a: Byakko Leo|Chien-Pao|100\/100\n|-activate|p2a: Byakko Leo|move: Sticky Web\n|-unboost|p2a: Byakko Leo|spe|1\n|-ability|p2a: Byakko Leo|Sword of Ruin\n|turn|33\n|\n|t:|1698574817\n|move|p2a: Byakko Leo|Ice Spinner|p1a: Hatterene\n|-damage|p1a: Hatterene|15\/100\n|move|p1a: Hatterene|Draining Kiss|p2a: Byakko Leo\n|-supereffective|p2a: Byakko Leo\n|-damage|p2a: Byakko Leo|1\/100\n|-heal|p1a: Hatterene|86\/100|[from] drain|[of] p2a: Byakko Leo\n|\n|upkeep\n|turn|34\n|\n|t:|1698574825\n|move|p2a: Byakko Leo|Night Slash|p1a: Hatterene\n|-damage|p1a: Hatterene|47\/100\n|move|p1a: Hatterene|Draining Kiss|p2a: Byakko Leo\n|-supereffective|p2a: Byakko Leo\n|-damage|p2a: Byakko Leo|0 fnt\n|-heal|p1a: Hatterene|47\/100|[from] drain|[of] p2a: Byakko Leo\n|faint|p2a: Byakko Leo\n|\n|upkeep\n|\n|t:|1698574829\n|switch|p2a: Ochu Ochu|Amoonguss, F, shiny|100\/100\n|-activate|p2a: Ochu Ochu|move: Sticky Web\n|-unboost|p2a: Ochu Ochu|spe|1\n|turn|35\n|\n|t:|1698574839\n|move|p1a: Hatterene|Psyshock|p2a: Ochu Ochu\n|-supereffective|p2a: Ochu Ochu\n|-crit|p2a: Ochu Ochu\n|-damage|p2a: Ochu Ochu|0 fnt\n|faint|p2a: Ochu Ochu\n|\n|win|hattrickk\n|c|\u2606hattrickk|gg\n|c|\u2606ByakkoLeo|GG\n|l|\u2606ByakkoLeo\n|j|\u2606ByakkoLeo\n|player|p2|ByakkoLeo|chuck\n","uploadtime":1698574869,"views":14,"p1id":"hattrickk","p2id":"byakkoleo","formatid":"gen9ubers","rating":0,"private":0,"password":""}