{"id":"gen9ubers-1983273636","p1":"K9training","p2":"LITLE0","format":"[Gen 9] Ubers","log":"|j|\u2606K9training\n|j|\u2606LITLE0\n|t:|1699112957\n|gametype|singles\n|player|p1|K9training|drayden|1120\n|player|p2|LITLE0|brock|1149\n|teamsize|p1|6\n|teamsize|p2|6\n|gen|9\n|tier|[Gen 9] Ubers\n|rated|\n|rule|Sleep Clause Mod: Limit one foe put to sleep\n|rule|Species Clause: Limit one of each Pok\u00e9mon\n|rule|OHKO Clause: OHKO moves are banned\n|rule|Evasion Items Clause: Evasion items are banned\n|rule|Evasion Moves Clause: Evasion moves are banned\n|rule|Endless Battle Clause: Forcing endless battles is banned\n|rule|HP Percentage Mod: HP is shown in percentages\n|clearpoke\n|poke|p1|Zacian-*|\n|poke|p1|Shaymin-Sky|\n|poke|p1|Umbreon, F|\n|poke|p1|Zoroark-Hisui, M|\n|poke|p1|Zamazenta-*|\n|poke|p1|Arcanine, M|\n|poke|p2|Azelf|\n|poke|p2|Chansey, F|\n|poke|p2|Dondozo, M|\n|poke|p2|Miraidon|\n|poke|p2|Sneasler, F|\n|poke|p2|Skeledirge, M|\n|teampreview\n|\n|t:|1699112968\n|start\n|switch|p1a: Zamazenta|Zamazenta-Crowned|100\/100\n|switch|p2a: Azelf|Azelf|100\/100\n|turn|1\n|\n|t:|1699112978\n|move|p2a: Azelf|Reflect|p2a: Azelf\n|-sidestart|p2: LITLE0|Reflect\n|move|p1a: Zamazenta|Trick|p2a: Azelf\n|-activate|p1a: Zamazenta|move: Trick|[of] p2a: Azelf\n|-item|p2a: Azelf|Flame Orb|[from] move: Trick\n|-item|p1a: Zamazenta|Light Clay|[from] move: Trick\n|\n|-status|p2a: Azelf|brn|[from] item: Flame Orb\n|upkeep\n|turn|2\n|\n|t:|1699112986\n|move|p2a: Azelf|Light Screen|p2a: Azelf\n|-sidestart|p2: LITLE0|move: Light Screen\n|move|p1a: Zamazenta|Hex|p2a: Azelf\n|-supereffective|p2a: Azelf\n|-damage|p2a: Azelf|7\/100 brn\n|\n|-damage|p2a: Azelf|1\/100 brn|[from] brn\n|upkeep\n|turn|3\n|\n|t:|1699112995\n|move|p1a: Zamazenta|Protect|p1a: Zamazenta\n|-singleturn|p1a: Zamazenta|Protect\n|move|p2a: Azelf|Knock Off|p1a: Zamazenta\n|-activate|p1a: Zamazenta|move: Protect\n|\n|-damage|p2a: Azelf|0 fnt|[from] brn\n|faint|p2a: Azelf\n|upkeep\n|\n|t:|1699113009\n|switch|p2a: Miraidon|Miraidon|100\/100\n|-fieldstart|move: Electric Terrain|[from] ability: Hadron Engine|[of] p2a: Miraidon\n|turn|4\n|\n|t:|1699113023\n|move|p1a: Zamazenta|U-turn|p2a: Miraidon\n|-damage|p2a: Miraidon|96\/100\n|\n|t:|1699113031\n|switch|p1a: Zamazenta|Zamazenta-Crowned|100\/100|[from] U-turn\n|-ability|p1a: Zamazenta|Dauntless Shield|boost\n|-boost|p1a: Zamazenta|def|1\n|move|p2a: Miraidon|Agility|p2a: Miraidon\n|-boost|p2a: Miraidon|spe|2\n|\n|upkeep\n|turn|5\n|\n|t:|1699113044\n|move|p2a: Miraidon|Calm Mind|p2a: Miraidon\n|-boost|p2a: Miraidon|spa|1\n|-boost|p2a: Miraidon|spd|1\n|move|p1a: Zamazenta|Body Press|p2a: Miraidon\n|-damage|p2a: Miraidon|76\/100\n|\n|upkeep\n|turn|6\n|\n|t:|1699113052\n|move|p2a: Miraidon|Calm Mind|p2a: Miraidon\n|-boost|p2a: Miraidon|spa|1\n|-boost|p2a: Miraidon|spd|1\n|move|p1a: Zamazenta|Heavy Slam|p2a: Miraidon\n|-resisted|p2a: Miraidon\n|-crit|p2a: Miraidon\n|-damage|p2a: Miraidon|61\/100\n|\n|-sideend|p2: LITLE0|move: Light Screen\n|upkeep\n|turn|7\n|\n|t:|1699113061\n|move|p2a: Miraidon|Calm Mind|p2a: Miraidon\n|-boost|p2a: Miraidon|spa|1\n|-boost|p2a: Miraidon|spd|1\n|move|p1a: Zamazenta|Heavy Slam|p2a: Miraidon\n|-resisted|p2a: Miraidon\n|-damage|p2a: Miraidon|56\/100\n|\n|upkeep\n|turn|8\n|\n|t:|1699113071\n|move|p2a: Miraidon|Calm Mind|p2a: Miraidon\n|-boost|p2a: Miraidon|spa|1\n|-boost|p2a: Miraidon|spd|1\n|move|p1a: Zamazenta|Body Press|p2a: Miraidon\n|-damage|p2a: Miraidon|39\/100\n|\n|-sideend|p2: LITLE0|Reflect\n|-fieldend|move: Electric Terrain\n|upkeep\n|turn|9\n|\n|t:|1699113081\n|move|p2a: Miraidon|Parabolic Charge|p1a: Zamazenta\n|-damage|p1a: Zamazenta|51\/100\n|-heal|p2a: Miraidon|62\/100|[from] drain|[of] p1a: Zamazenta\n|move|p1a: Zamazenta|Body Press|p2a: Miraidon\n|-damage|p2a: Miraidon|24\/100\n|\n|upkeep\n|turn|10\n|\n|t:|1699113090\n|move|p2a: Miraidon|Parabolic Charge|p1a: Zamazenta\n|-damage|p1a: Zamazenta|3\/100\n|-heal|p2a: Miraidon|47\/100|[from] drain|[of] p1a: Zamazenta\n|move|p1a: Zamazenta|Rest|p1a: Zamazenta\n|-status|p1a: Zamazenta|slp|[from] move: Rest\n|-heal|p1a: Zamazenta|100\/100 slp|[silent]\n|\n|upkeep\n|turn|11\n|\n|t:|1699113101\n|move|p2a: Miraidon|Calm Mind|p2a: Miraidon\n|-boost|p2a: Miraidon|spa|1\n|-boost|p2a: Miraidon|spd|1\n|cant|p1a: Zamazenta|slp\n|move|p1a: Zamazenta|Sleep Talk|p1a: Zamazenta\n|move|p1a: Zamazenta|Rest||[from]move: Sleep Talk|[still]\n|-fail|p1a: Zamazenta\n|\n|upkeep\n|turn|12\n|\n|t:|1699113111\n|move|p2a: Miraidon|Parabolic Charge|p1a: Zamazenta\n|-damage|p1a: Zamazenta|39\/100 slp\n|-heal|p2a: Miraidon|76\/100|[from] drain|[of] p1a: Zamazenta\n|cant|p1a: Zamazenta|slp\n|move|p1a: Zamazenta|Sleep Talk|p1a: Zamazenta\n|move|p1a: Zamazenta|Rest||[from]move: Sleep Talk|[still]\n|-fail|p1a: Zamazenta\n|\n|upkeep\n|turn|13\n|\n|t:|1699113122\n|move|p2a: Miraidon|Parabolic Charge|p1a: Zamazenta\n|-damage|p1a: Zamazenta|0 fnt\n|-heal|p2a: Miraidon|95\/100|[from] drain|[of] p1a: Zamazenta\n|faint|p1a: Zamazenta\n|\n|upkeep\n|\n|t:|1699113130\n|switch|p1a: Umbreon|Umbreon, F, shiny|100\/100\n|turn|14\n|\n|t:|1699113135\n|move|p2a: Miraidon|Parabolic Charge|p1a: Umbreon\n|-crit|p1a: Umbreon\n|-damage|p1a: Umbreon|4\/100\n|-heal|p2a: Miraidon|100\/100|[from] drain|[of] p1a: Umbreon\n|move|p1a: Umbreon|Toxic|p2a: Miraidon\n|-status|p2a: Miraidon|tox\n|\n|-heal|p1a: Umbreon|10\/100|[from] item: Leftovers\n|-damage|p2a: Miraidon|94\/100 tox|[from] psn\n|upkeep\n|turn|15\n|inactive|Battle timer is ON: inactive players will automatically lose when time's up. (requested by LITLE0)\n|\n|t:|1699113154\n|move|p2a: Miraidon|Parabolic Charge|p1a: Umbreon\n|-damage|p1a: Umbreon|0 fnt\n|-heal|p2a: Miraidon|99\/100 tox|[from] drain|[of] p1a: Umbreon\n|faint|p1a: Umbreon\n|\n|-damage|p2a: Miraidon|87\/100 tox|[from] psn\n|upkeep\n|\n|t:|1699113171\n|switch|p1a: Arcanine|Arcanine, M, shiny|100\/100\n|-ability|p1a: Arcanine|Intimidate|boost\n|-unboost|p2a: Miraidon|atk|1\n|turn|16\n|\n|t:|1699113185\n|move|p2a: Miraidon|Parabolic Charge|p1a: Arcanine\n|-damage|p1a: Arcanine|0 fnt\n|-heal|p2a: Miraidon|100\/100 tox|[from] drain|[of] p1a: Arcanine\n|faint|p1a: Arcanine\n|\n|-damage|p2a: Miraidon|82\/100 tox|[from] psn\n|upkeep\n|-message|K9training forfeited.\n|\n|win|LITLE0\n|raw|K9training's rating: 1120 &rarr; <strong>1097<\/strong><br \/>(-23 for losing)\n|raw|LITLE0's rating: 1149 &rarr; <strong>1172<\/strong><br \/>(+23 for winning)\n|l|\u2606K9training\n","uploadtime":1699113195,"views":9,"p1id":"k9training","p2id":"litle0","formatid":"gen9ubers","rating":1097,"private":0,"password":""}