{"id":"gen9ubers-1976367640","p1":"D-D-D-Danganronpa","p2":"Kinesquared","format":"[Gen 9] Ubers","log":"|j|\u2606D-D-D-Danganronpa\n|j|\u2606Kinesquared\n|t:|1698292059\n|gametype|singles\n|player|p1|D-D-D-Danganronpa|hilbert-wonderlauncher|1214\n|player|p2|Kinesquared|scientist-gen4dp|1119\n|teamsize|p1|6\n|teamsize|p2|6\n|gen|9\n|tier|[Gen 9] Ubers\n|rated|\n|rule|Sleep Clause Mod: Limit one foe put to sleep\n|rule|Species Clause: Limit one of each Pok\u00e9mon\n|rule|OHKO Clause: OHKO moves are banned\n|rule|Evasion Items Clause: Evasion items are banned\n|rule|Evasion Moves Clause: Evasion moves are banned\n|rule|Endless Battle Clause: Forcing endless battles is banned\n|rule|HP Percentage Mod: HP is shown in percentages\n|clearpoke\n|poke|p1|Miraidon|\n|poke|p1|Iron Valiant|\n|poke|p1|Iron Treads|\n|poke|p1|Iron Bundle|\n|poke|p1|Iron Moth|\n|poke|p1|Iron Jugulis|\n|poke|p2|Arceus-Ice|\n|poke|p2|Palafin, F|\n|poke|p2|Slowking-Galar, F|\n|poke|p2|Landorus, M|\n|poke|p2|Giratina|\n|poke|p2|Zacian-*|\n|teampreview\n|inactive|Battle timer is ON: inactive players will automatically lose when time's up. (requested by D-D-D-Danganronpa)\n|\n|t:|1698292074\n|start\n|switch|p1a: Iron Serpent|Miraidon|100\/100\n|switch|p2a: Zacian|Zacian|100\/100\n|-ability|p2a: Zacian|Intrepid Sword|boost\n|-boost|p2a: Zacian|atk|1\n|-fieldstart|move: Electric Terrain|[from] ability: Hadron Engine|[of] p1a: Iron Serpent\n|turn|1\n|\n|t:|1698292087\n|switch|p1a: Iron Moth|Iron Moth|100\/100\n|-activate|p1a: Iron Moth|ability: Quark Drive\n|-start|p1a: Iron Moth|quarkdrivespe\n|move|p2a: Zacian|Close Combat|p1a: Iron Moth\n|-resisted|p1a: Iron Moth\n|-damage|p1a: Iron Moth|52\/100\n|-unboost|p2a: Zacian|def|1\n|-unboost|p2a: Zacian|spd|1\n|\n|upkeep\n|turn|2\n|\n|t:|1698292097\n|switch|p2a: Giratina|Giratina|100\/100\n|-ability|p2a: Giratina|Pressure\n|move|p1a: Iron Moth|Toxic Spikes|p2a: Giratina\n|-sidestart|p2: Kinesquared|move: Toxic Spikes\n|\n|upkeep\n|turn|3\n|\n|t:|1698292107\n|move|p1a: Iron Moth|Morning Sun|p1a: Iron Moth\n|-heal|p1a: Iron Moth|100\/100\n|move|p2a: Giratina|Will-O-Wisp|p1a: Iron Moth\n|-immune|p1a: Iron Moth\n|\n|upkeep\n|turn|4\n|\n|t:|1698292115\n|move|p1a: Iron Moth|Fiery Dance|p2a: Giratina\n|-resisted|p2a: Giratina\n|-damage|p2a: Giratina|92\/100\n|move|p2a: Giratina|Hex|p1a: Iron Moth\n|-damage|p1a: Iron Moth|78\/100\n|\n|-heal|p2a: Giratina|98\/100|[from] item: Leftovers\n|upkeep\n|turn|5\n|\n|t:|1698292122\n|move|p1a: Iron Moth|Fiery Dance|p2a: Giratina\n|-resisted|p2a: Giratina\n|-damage|p2a: Giratina|90\/100\n|move|p2a: Giratina|Roar|p1a: Iron Moth\n|-end|p1a: Iron Moth|Quark Drive|[silent]\n|drag|p1a: Iron Valiant|Iron Valiant|100\/100\n|-activate|p1a: Iron Valiant|ability: Quark Drive\n|-start|p1a: Iron Valiant|quarkdrivespe\n|\n|-heal|p2a: Giratina|96\/100|[from] item: Leftovers\n|-fieldend|move: Electric Terrain\n|-end|p1a: Iron Valiant|Quark Drive\n|upkeep\n|turn|6\n|\n|t:|1698292134\n|move|p1a: Iron Valiant|Spirit Break|p2a: Giratina\n|-supereffective|p2a: Giratina\n|-damage|p2a: Giratina|47\/100\n|-unboost|p2a: Giratina|spa|1\n|move|p2a: Giratina|Will-O-Wisp|p1a: Iron Valiant\n|-status|p1a: Iron Valiant|brn\n|\n|-heal|p2a: Giratina|53\/100|[from] item: Leftovers\n|-damage|p1a: Iron Valiant|94\/100 brn|[from] brn\n|upkeep\n|turn|7\n|\n|t:|1698292144\n|switch|p2a: Slowking|Slowking-Galar, F|100\/100\n|-sideend|p2: Kinesquared|move: Toxic Spikes|[of] p2a: Slowking\n|move|p1a: Iron Valiant|Spirit Break|p2a: Slowking\n|-resisted|p2a: Slowking\n|-damage|p2a: Slowking|90\/100\n|\n|-damage|p1a: Iron Valiant|88\/100 brn|[from] brn\n|upkeep\n|turn|8\n|\n|t:|1698292153\n|move|p1a: Iron Valiant|Swords Dance|p1a: Iron Valiant\n|-boost|p1a: Iron Valiant|atk|2\n|move|p2a: Slowking|Future Sight|p1a: Iron Valiant\n|-start|p2a: Slowking|move: Future Sight\n|\n|-damage|p1a: Iron Valiant|82\/100 brn|[from] brn\n|upkeep\n|turn|9\n|\n|t:|1698292160\n|switch|p2a: Giratina|Giratina|53\/100\n|-ability|p2a: Giratina|Pressure\n|move|p1a: Iron Valiant|Swords Dance|p1a: Iron Valiant\n|-boost|p1a: Iron Valiant|atk|2\n|\n|-heal|p2a: Giratina|59\/100|[from] item: Leftovers\n|-damage|p1a: Iron Valiant|76\/100 brn|[from] brn\n|upkeep\n|turn|10\n|\n|t:|1698292179\n|move|p1a: Iron Valiant|Spirit Break|p2a: Giratina\n|-supereffective|p2a: Giratina\n|-damage|p2a: Giratina|0 fnt\n|faint|p2a: Giratina\n|\n|-end|p1a: Iron Valiant|move: Future Sight\n|-supereffective|p1a: Iron Valiant\n|-damage|p1a: Iron Valiant|0 fnt\n|faint|p1a: Iron Valiant\n|-end|p1a: Iron Valiant|Quark Drive|[silent]\n|upkeep\n|\n|t:|1698292187\n|switch|p1a: Iron Serpent|Miraidon|100\/100\n|switch|p2a: Landorus|Landorus, M|100\/100\n|-fieldstart|move: Electric Terrain|[from] ability: Hadron Engine|[of] p1a: Iron Serpent\n|turn|11\n|\n|t:|1698292195\n|move|p2a: Landorus|Earth Power|p1a: Iron Serpent\n|-supereffective|p1a: Iron Serpent\n|-damage|p1a: Iron Serpent|5\/100\n|move|p1a: Iron Serpent|Draco Meteor|p2a: Landorus|[miss]\n|-miss|p1a: Iron Serpent|p2a: Landorus\n|\n|upkeep\n|turn|12\n|\n|t:|1698292202\n|switch|p2a: Slowking|Slowking-Galar, F|100\/100\n|switch|p1a: Iron Jugulis|Iron Jugulis|100\/100\n|-activate|p1a: Iron Jugulis|ability: Quark Drive\n|-start|p1a: Iron Jugulis|quarkdrivespe\n|\n|upkeep\n|turn|13\n|\n|t:|1698292211\n|move|p1a: Iron Jugulis|Dark Pulse|p2a: Slowking\n|-supereffective|p2a: Slowking\n|-damage|p2a: Slowking|56\/100\n|move|p2a: Slowking|Ice Beam|p1a: Iron Jugulis\n|-supereffective|p1a: Iron Jugulis\n|-damage|p1a: Iron Jugulis|40\/100\n|-status|p1a: Iron Jugulis|frz\n|\n|upkeep\n|turn|14\n|\n|t:|1698292220\n|cant|p1a: Iron Jugulis|frz\n|move|p2a: Slowking|Future Sight|p1a: Iron Jugulis\n|-start|p2a: Slowking|move: Future Sight\n|\n|upkeep\n|turn|15\n|\n|t:|1698292224\n|cant|p1a: Iron Jugulis|frz\n|move|p2a: Slowking|Ice Beam|p1a: Iron Jugulis\n|-supereffective|p1a: Iron Jugulis\n|-damage|p1a: Iron Jugulis|0 fnt\n|faint|p1a: Iron Jugulis\n|-end|p1a: Iron Jugulis|Quark Drive|[silent]\n|\n|-fieldend|move: Electric Terrain\n|upkeep\n|\n|t:|1698292230\n|switch|p1a: Iron Treads|Iron Treads|100\/100\n|turn|16\n|\n|t:|1698292246\n|switch|p2a: Arceus|Arceus-Ice|100\/100\n|move|p1a: Iron Treads|Earthquake|p2a: Arceus\n|-damage|p2a: Arceus|75\/100\n|\n|-end|p1a: Iron Treads|move: Future Sight\n|-resisted|p1a: Iron Treads\n|-damage|p1a: Iron Treads|83\/100\n|-heal|p1a: Iron Treads|90\/100|[from] item: Leftovers\n|upkeep\n|turn|17\n|\n|t:|1698292257\n|-end|p1a: Iron Treads|Quark Drive|[silent]\n|switch|p1a: Iron Moth|Iron Moth|78\/100\n|-enditem|p1a: Iron Moth|Booster Energy\n|-activate|p1a: Iron Moth|ability: Quark Drive|[fromitem]\n|-start|p1a: Iron Moth|quarkdrivespe\n|-terastallize|p2a: Arceus|Electric\n|move|p2a: Arceus|Calm Mind|p2a: Arceus\n|-boost|p2a: Arceus|spa|1\n|-boost|p2a: Arceus|spd|1\n|\n|upkeep\n|turn|18\n|\n|t:|1698292267\n|move|p1a: Iron Moth|Sludge Wave|p2a: Arceus\n|-damage|p2a: Arceus|53\/100\n|move|p2a: Arceus|Calm Mind|p2a: Arceus\n|-boost|p2a: Arceus|spa|1\n|-boost|p2a: Arceus|spd|1\n|\n|upkeep\n|turn|19\n|\n|t:|1698292273\n|move|p1a: Iron Moth|Sludge Wave|p2a: Arceus\n|-damage|p2a: Arceus|38\/100\n|move|p2a: Arceus|Recover|p2a: Arceus\n|-heal|p2a: Arceus|89\/100\n|\n|upkeep\n|turn|20\n|\n|t:|1698292279\n|move|p1a: Iron Moth|Sludge Wave|p2a: Arceus\n|-damage|p2a: Arceus|73\/100\n|move|p2a: Arceus|Thunderbolt|p1a: Iron Moth\n|-damage|p1a: Iron Moth|11\/100\n|\n|upkeep\n|turn|21\n|\n|t:|1698292287\n|move|p1a: Iron Moth|Sludge Wave|p2a: Arceus\n|-damage|p2a: Arceus|58\/100\n|move|p2a: Arceus|Calm Mind|p2a: Arceus\n|-boost|p2a: Arceus|spa|1\n|-boost|p2a: Arceus|spd|1\n|\n|upkeep\n|turn|22\n|\n|t:|1698292292\n|move|p1a: Iron Moth|Sludge Wave|p2a: Arceus\n|-damage|p2a: Arceus|45\/100\n|move|p2a: Arceus|Recover|p2a: Arceus\n|-heal|p2a: Arceus|95\/100\n|\n|upkeep\n|turn|23\n|\n|t:|1698292297\n|move|p1a: Iron Moth|Sludge Wave|p2a: Arceus\n|-damage|p2a: Arceus|82\/100\n|-status|p2a: Arceus|psn\n|move|p2a: Arceus|Thunderbolt|p1a: Iron Moth\n|-damage|p1a: Iron Moth|0 fnt\n|faint|p1a: Iron Moth\n|-end|p1a: Iron Moth|Quark Drive|[silent]\n|\n|-damage|p2a: Arceus|69\/100 psn|[from] psn\n|upkeep\n|\n|t:|1698292304\n|switch|p1a: Iron Treads|Iron Treads|90\/100\n|turn|24\n|\n|t:|1698292307\n|move|p2a: Arceus|Judgment|p1a: Iron Treads\n|-damage|p1a: Iron Treads|0 fnt\n|faint|p1a: Iron Treads\n|-end|p1a: Iron Treads|Quark Drive|[silent]\n|\n|-damage|p2a: Arceus|57\/100 psn|[from] psn\n|upkeep\n|\n|t:|1698292315\n|switch|p1a: Iron Bundle|Iron Bundle|100\/100\n|turn|25\n|\n|t:|1698292322\n|move|p1a: Iron Bundle|Hydro Pump|p2a: Arceus\n|-damage|p2a: Arceus|41\/100 psn\n|move|p2a: Arceus|Thunderbolt|p1a: Iron Bundle\n|-supereffective|p1a: Iron Bundle\n|-damage|p1a: Iron Bundle|0 fnt\n|faint|p1a: Iron Bundle\n|-end|p1a: Iron Bundle|Quark Drive|[silent]\n|\n|-damage|p2a: Arceus|29\/100 psn|[from] psn\n|upkeep\n|\n|t:|1698292328\n|switch|p1a: Iron Serpent|Miraidon|5\/100\n|-fieldstart|move: Electric Terrain|[from] ability: Hadron Engine|[of] p1a: Iron Serpent\n|turn|26\n|\n|t:|1698292334\n|move|p1a: Iron Serpent|Electro Drift|p2a: Arceus\n|-resisted|p2a: Arceus\n|-damage|p2a: Arceus|11\/100 psn\n|move|p2a: Arceus|Judgment|p1a: Iron Serpent\n|-supereffective|p1a: Iron Serpent\n|-damage|p1a: Iron Serpent|0 fnt\n|faint|p1a: Iron Serpent\n|\n|win|Kinesquared\n|raw|D-D-D-Danganronpa's rating: 1214 &rarr; <strong>1182<\/strong><br \/>(-32 for losing)\n|raw|Kinesquared's rating: 1119 &rarr; <strong>1151<\/strong><br \/>(+32 for winning)\n|l|\u2606D-D-D-Danganronpa\n","uploadtime":1698292343,"views":22,"p1id":"ddddanganronpa","p2id":"kinesquared","formatid":"gen9ubers","rating":1151,"private":0,"password":""}