{"id":"gen9ubers-1981405899","p1":"1P1o1s1h1e1","p2":"VloneVictini","format":"[Gen 9] Ubers","log":"|j|\u26061P1o1s1h1e1\n|j|\u2606VloneVictini\n|t:|1698892232\n|gametype|singles\n|player|p1|1P1o1s1h1e1|265|\n|player|p2|VloneVictini|266|\n|teamsize|p1|6\n|teamsize|p2|6\n|gen|9\n|tier|[Gen 9] Ubers\n|rule|Sleep Clause Mod: Limit one foe put to sleep\n|rule|Species Clause: Limit one of each Pok\u00e9mon\n|rule|OHKO Clause: OHKO moves are banned\n|rule|Evasion Items Clause: Evasion items are banned\n|rule|Evasion Moves Clause: Evasion moves are banned\n|rule|Endless Battle Clause: Forcing endless battles is banned\n|rule|HP Percentage Mod: HP is shown in percentages\n|clearpoke\n|poke|p1|Ogerpon-Wellspring, F|\n|poke|p1|Heatran, F|\n|poke|p1|Gliscor, M|\n|poke|p1|Arceus-Poison|\n|poke|p1|Zacian-*|\n|poke|p1|Cyclizar, F|\n|poke|p2|Ninetales-Alola, F|\n|poke|p2|Arceus-Ice|\n|poke|p2|Mamoswine, M|\n|poke|p2|Azumarill, F|\n|poke|p2|Darkrai|\n|poke|p2|Volcarona, F|\n|teampreview\n|j| incredibleking\n|\n|t:|1698892265\n|start\n|switch|p1a: Cyclizar|Cyclizar, F|100\/100\n|switch|p2a: Ninetales|Ninetales-Alola, F|100\/100\n|-weather|Snow|[from] ability: Snow Warning|[of] p2a: Ninetales\n|turn|1\n|\n|t:|1698892289\n|-terastallize|p1a: Cyclizar|Fairy\n|move|p1a: Cyclizar|Taunt|p2a: Ninetales\n|-start|p2a: Ninetales|move: Taunt\n|move|p2a: Ninetales|Freeze-Dry|p1a: Cyclizar\n|-damage|p1a: Cyclizar|59\/100\n|-status|p1a: Cyclizar|frz\n|\n|-weather|Snow|[upkeep]\n|upkeep\n|turn|2\n|\n|t:|1698892324\n|switch|p1a: Heatran|Heatran, F|100\/100\n|switch|p2a: Mamoswine|Mamoswine, M|100\/100\n|\n|-weather|Snow|[upkeep]\n|upkeep\n|turn|3\n|\n|t:|1698892339\n|switch|p1a: Ogerpon|Ogerpon-Wellspring, F|100\/100\n|move|p2a: Mamoswine|Stealth Rock|p1a: Ogerpon\n|-sidestart|p1: 1P1o1s1h1e1|move: Stealth Rock\n|\n|-weather|Snow|[upkeep]\n|upkeep\n|turn|4\n|\n|t:|1698892356\n|switch|p2a: Ninetales|Ninetales-Alola, F|100\/100\n|move|p1a: Ogerpon|Swords Dance|p1a: Ogerpon\n|-boost|p1a: Ogerpon|atk|2\n|\n|-weather|Snow|[upkeep]\n|upkeep\n|turn|5\n|\n|t:|1698892364\n|move|p1a: Ogerpon|Ivy Cudgel|p2a: Ninetales\n|-crit|p2a: Ninetales\n|-damage|p2a: Ninetales|0 fnt\n|faint|p2a: Ninetales\n|\n|-weather|none\n|upkeep\n|\n|t:|1698892422\n|switch|p2a: Chien Rai|Darkrai|100\/100\n|turn|6\n|\n|t:|1698892427\n|move|p2a: Chien Rai|Dark Pulse|p1a: Ogerpon\n|-damage|p1a: Ogerpon|51\/100\n|move|p1a: Ogerpon|Ivy Cudgel|p2a: Chien Rai\n|-damage|p2a: Chien Rai|0 fnt\n|faint|p2a: Chien Rai\n|\n|upkeep\n|\n|t:|1698892433\n|switch|p2a: Arceus|Arceus-Ice|100\/100\n|turn|7\n|\n|t:|1698892444\n|move|p2a: Arceus|Judgment|p1a: Ogerpon\n|-damage|p1a: Ogerpon|0 fnt\n|faint|p1a: Ogerpon\n|\n|upkeep\n|\n|t:|1698892452\n|switch|p1a: Zacian|Zacian|100\/100\n|-damage|p1a: Zacian|88\/100|[from] Stealth Rock\n|-ability|p1a: Zacian|Intrepid Sword|boost\n|-boost|p1a: Zacian|atk|1\n|turn|8\n|\n|t:|1698892487\n|switch|p2a: Volcarona|Volcarona, F|100\/100\n|move|p1a: Zacian|Close Combat|p2a: Volcarona\n|-resisted|p2a: Volcarona\n|-damage|p2a: Volcarona|72\/100\n|-unboost|p1a: Zacian|def|1\n|-unboost|p1a: Zacian|spd|1\n|\n|upkeep\n|turn|9\n|\n|t:|1698892502\n|switch|p1a: Heatran|Heatran, F|100\/100\n|-damage|p1a: Heatran|88\/100|[from] Stealth Rock\n|move|p2a: Volcarona|Whirlwind|p1a: Heatran\n|drag|p1a: Gliscor|Gliscor, M|100\/100\n|-damage|p1a: Gliscor|88\/100|[from] Stealth Rock\n|\n|-status|p1a: Gliscor|tox|[from] item: Toxic Orb\n|upkeep\n|turn|10\n|\n|t:|1698892536\n|move|p2a: Volcarona|Fiery Dance|p1a: Gliscor\n|-damage|p1a: Gliscor|43\/100 tox\n|-boost|p2a: Volcarona|spa|1\n|move|p1a: Gliscor|Earthquake|p2a: Volcarona\n|-damage|p2a: Volcarona|40\/100\n|\n|-heal|p1a: Gliscor|55\/100 tox|[from] ability: Poison Heal\n|upkeep\n|turn|11\n|\n|t:|1698892545\n|move|p1a: Gliscor|Toxic Spikes|p2a: Volcarona\n|-sidestart|p2: VloneVictini|move: Toxic Spikes\n|move|p2a: Volcarona|Whirlwind|p1a: Gliscor\n|drag|p1a: Cyclizar|Cyclizar, F, tera:Fairy|92\/100 frz\n|\n|upkeep\n|turn|12\n|\n|t:|1698892552\n|-curestatus|p1a: Cyclizar|frz|[msg]\n|move|p1a: Cyclizar|Shed Tail|p1a: Cyclizar\n|-start|p1a: Cyclizar|Substitute|[from] move: Shed Tail\n|-damage|p1a: Cyclizar|42\/100\n|\n|t:|1698892560\n|switch|p1a: Arceus|Arceus-Poison|100\/100|[from] Shed Tail\n|-damage|p1a: Arceus|88\/100|[from] Stealth Rock\n|move|p2a: Volcarona|Quiver Dance|p2a: Volcarona\n|-boost|p2a: Volcarona|spa|1\n|-boost|p2a: Volcarona|spd|1\n|-boost|p2a: Volcarona|spe|1\n|\n|upkeep\n|turn|13\n|\n|t:|1698892566\n|move|p2a: Volcarona|Fiery Dance|p1a: Arceus\n|-end|p1a: Arceus|Substitute\n|move|p1a: Arceus|Gunk Shot|p2a: Volcarona\n|-damage|p2a: Volcarona|0 fnt\n|faint|p2a: Volcarona\n|\n|upkeep\n|\n|t:|1698892579\n|switch|p2a: Mamoswine|Mamoswine, M|100\/100\n|-status|p2a: Mamoswine|psn\n|turn|14\n|\n|t:|1698892596\n|switch|p1a: Gliscor|Gliscor, M|55\/100 tox\n|-damage|p1a: Gliscor|43\/100 tox|[from] Stealth Rock\n|move|p2a: Mamoswine|Earthquake|p1a: Gliscor\n|-immune|p1a: Gliscor\n|\n|-heal|p1a: Gliscor|55\/100 tox|[from] ability: Poison Heal\n|-damage|p2a: Mamoswine|88\/100 psn|[from] psn\n|upkeep\n|turn|15\n|\n|t:|1698892604\n|move|p1a: Gliscor|Protect|p1a: Gliscor\n|-singleturn|p1a: Gliscor|Protect\n|move|p2a: Mamoswine|Roar|p1a: Gliscor\n|drag|p1a: Cyclizar|Cyclizar, F, tera:Fairy|75\/100\n|\n|-heal|p2a: Mamoswine|94\/100 psn|[from] item: Leftovers\n|-damage|p2a: Mamoswine|82\/100 psn|[from] psn\n|upkeep\n|turn|16\n|\n|t:|1698892620\n|move|p2a: Mamoswine|Ice Shard|p1a: Cyclizar\n|-damage|p1a: Cyclizar|44\/100\n|move|p1a: Cyclizar|Rapid Spin|p2a: Mamoswine\n|-damage|p2a: Mamoswine|65\/100 psn\n|-boost|p1a: Cyclizar|spe|1\n|-sideend|p1: 1P1o1s1h1e1|Stealth Rock|[from] move: Rapid Spin|[of] p1a: Cyclizar\n|\n|-heal|p2a: Mamoswine|71\/100 psn|[from] item: Leftovers\n|-damage|p2a: Mamoswine|59\/100 psn|[from] psn\n|upkeep\n|turn|17\n|\n|t:|1698892634\n|switch|p1a: Zacian|Zacian|88\/100\n|move|p2a: Mamoswine|Earthquake|p1a: Zacian\n|-damage|p1a: Zacian|36\/100\n|\n|-heal|p2a: Mamoswine|65\/100 psn|[from] item: Leftovers\n|-damage|p2a: Mamoswine|52\/100 psn|[from] psn\n|upkeep\n|turn|18\n|\n|t:|1698892644\n|move|p2a: Mamoswine|Ice Shard|p1a: Zacian\n|-damage|p1a: Zacian|17\/100\n|move|p1a: Zacian|Close Combat|p2a: Mamoswine\n|-supereffective|p2a: Mamoswine\n|-damage|p2a: Mamoswine|0 fnt\n|-unboost|p1a: Zacian|def|1\n|-unboost|p1a: Zacian|spd|1\n|faint|p2a: Mamoswine\n|\n|upkeep\n|\n|t:|1698892693\n|switch|p2a: Azumarill|Azumarill, F|100\/100\n|-status|p2a: Azumarill|psn\n|turn|19\n|\n|t:|1698892701\n|move|p2a: Azumarill|Aqua Jet|p1a: Zacian\n|-damage|p1a: Zacian|0 fnt\n|faint|p1a: Zacian\n|\n|-damage|p2a: Azumarill|88\/100 psn|[from] psn\n|upkeep\n|\n|t:|1698892711\n|switch|p1a: Arceus|Arceus-Poison|88\/100\n|turn|20\n|\n|t:|1698892715\n|-terastallize|p2a: Azumarill|Water\n|move|p1a: Arceus|Taunt|p2a: Azumarill\n|-start|p2a: Azumarill|move: Taunt\n|move|p2a: Azumarill|Liquidation|p1a: Arceus\n|-damage|p1a: Arceus|52\/100\n|-unboost|p1a: Arceus|def|1\n|\n|-damage|p2a: Azumarill|76\/100 psn|[from] psn\n|upkeep\n|turn|21\n|\n|t:|1698892728\n|switch|p1a: Gliscor|Gliscor, M|55\/100 tox\n|move|p2a: Azumarill|Liquidation|p1a: Gliscor\n|-supereffective|p1a: Gliscor\n|-damage|p1a: Gliscor|0 fnt\n|faint|p1a: Gliscor\n|\n|-damage|p2a: Azumarill|63\/100 psn|[from] psn\n|upkeep\n|\n|t:|1698892730\n|switch|p1a: Arceus|Arceus-Poison|52\/100\n|turn|22\n|\n|t:|1698892732\n|move|p1a: Arceus|Recover|p1a: Arceus\n|-heal|p1a: Arceus|100\/100\n|move|p2a: Azumarill|Liquidation|p1a: Arceus\n|-damage|p1a: Arceus|63\/100\n|-unboost|p1a: Arceus|def|1\n|\n|-damage|p2a: Azumarill|51\/100 psn|[from] psn\n|-end|p2a: Azumarill|move: Taunt\n|upkeep\n|turn|23\n|\n|t:|1698892739\n|move|p1a: Arceus|Gunk Shot|p2a: Azumarill|[miss]\n|-miss|p1a: Arceus|p2a: Azumarill\n|move|p2a: Azumarill|Liquidation|p1a: Arceus\n|-damage|p1a: Arceus|7\/100\n|\n|-damage|p2a: Azumarill|39\/100 psn|[from] psn\n|upkeep\n|-enditem|p2a: Azumarill|Sitrus Berry|[eat]\n|-heal|p2a: Azumarill|64\/100 psn|[from] item: Sitrus Berry\n|turn|24\n|\n|t:|1698892745\n|move|p2a: Azumarill|Aqua Jet|p1a: Arceus\n|-damage|p1a: Arceus|0 fnt\n|faint|p1a: Arceus\n|\n|-damage|p2a: Azumarill|51\/100 psn|[from] psn\n|upkeep\n|\n|t:|1698892752\n|switch|p1a: Cyclizar|Cyclizar, F, tera:Fairy|77\/100\n|turn|25\n|\n|t:|1698892760\n|move|p1a: Cyclizar|Shed Tail|p1a: Cyclizar\n|-start|p1a: Cyclizar|Substitute|[from] move: Shed Tail\n|-damage|p1a: Cyclizar|27\/100\n|\n|t:|1698892761\n|switch|p1a: Heatran|Heatran, F|88\/100|[from] Shed Tail\n|move|p2a: Azumarill|Liquidation|p1a: Heatran\n|-supereffective|p1a: Heatran\n|-end|p1a: Heatran|Substitute\n|\n|-damage|p2a: Azumarill|39\/100 psn|[from] psn\n|upkeep\n|turn|26\n|\n|t:|1698892775\n|move|p1a: Heatran|Protect|p1a: Heatran\n|-singleturn|p1a: Heatran|Protect\n|move|p2a: Azumarill|Aqua Jet|p1a: Heatran\n|-activate|p1a: Heatran|move: Protect\n|\n|-damage|p2a: Azumarill|26\/100 psn|[from] psn\n|upkeep\n|turn|27\n|\n|t:|1698892790\n|move|p2a: Azumarill|Aqua Jet|p1a: Heatran\n|-supereffective|p1a: Heatran\n|-damage|p1a: Heatran|32\/100\n|move|p1a: Heatran|Earth Power|p2a: Azumarill\n|-damage|p2a: Azumarill|2\/100 psn\n|\n|-damage|p2a: Azumarill|0 fnt|[from] psn\n|faint|p2a: Azumarill\n|upkeep\n|\n|t:|1698892792\n|switch|p2a: Arceus|Arceus-Ice|100\/100\n|-status|p2a: Arceus|psn\n|turn|28\n|\n|t:|1698892814\n|switch|p1a: Cyclizar|Cyclizar, F, tera:Fairy|60\/100\n|move|p2a: Arceus|Earth Power|p1a: Cyclizar\n|-damage|p1a: Cyclizar|25\/100\n|\n|-damage|p2a: Arceus|88\/100 psn|[from] psn\n|upkeep\n|turn|29\n|\n|t:|1698892822\n|move|p1a: Cyclizar|Taunt|p2a: Arceus\n|-start|p2a: Arceus|move: Taunt\n|move|p2a: Arceus|Earth Power|p1a: Cyclizar\n|-damage|p1a: Cyclizar|0 fnt\n|faint|p1a: Cyclizar\n|\n|-damage|p2a: Arceus|76\/100 psn|[from] psn\n|upkeep\n|\n|t:|1698892824\n|switch|p1a: Heatran|Heatran, F|32\/100\n|turn|30\n|\n|t:|1698892825\n|move|p2a: Arceus|Earth Power|p1a: Heatran\n|-supereffective|p1a: Heatran\n|-damage|p1a: Heatran|0 fnt\n|faint|p1a: Heatran\n|\n|win|VloneVictini\n|l|\u26061P1o1s1h1e1\n","uploadtime":1698892842,"views":15,"p1id":"1p1o1s1h1e1","p2id":"vlonevictini","formatid":"gen9ubers","rating":0,"private":0,"password":""}