{"id":"gen9ubers-1986814978","p1":"LuukTheGamer","p2":"amosamoswong","format":"[Gen 9] Ubers","log":"|j|\u2606LuukTheGamer\n|j|\u2606amosamoswong\n|t:|1699529284\n|gametype|singles\n|player|p1|LuukTheGamer|anabel|\n|player|p2|amosamoswong|teamrocket|\n|teamsize|p1|6\n|teamsize|p2|6\n|gen|9\n|tier|[Gen 9] Ubers\n|rule|Sleep Clause Mod: Limit one foe put to sleep\n|rule|Species Clause: Limit one of each Pok\u00e9mon\n|rule|OHKO Clause: OHKO moves are banned\n|rule|Evasion Items Clause: Evasion items are banned\n|rule|Evasion Moves Clause: Evasion moves are banned\n|rule|Endless Battle Clause: Forcing endless battles is banned\n|rule|HP Percentage Mod: HP is shown in percentages\n|clearpoke\n|poke|p1|Ninetales-Alola, F|\n|poke|p1|Baxcalibur, F|\n|poke|p1|Arceus-Ghost|\n|poke|p1|Clefable, F|\n|poke|p1|Moltres|\n|poke|p1|Magearna|\n|poke|p2|Palafin, F|\n|poke|p2|Pelipper, F|\n|poke|p2|Ogerpon-Wellspring, F|\n|poke|p2|Blissey, F|\n|poke|p2|Baxcalibur, M|\n|poke|p2|Arceus-Grass|\n|teampreview\n|inactive|Battle timer is ON: inactive players will automatically lose when time's up. (requested by LuukTheGamer)\n|inactive|LuukTheGamer has 270 seconds left.\n|inactive|amosamoswong has 270 seconds left.\n|inactive|LuukTheGamer has 240 seconds left.\n|\n|t:|1699529356\n|start\n|switch|p1a: Magearna|Magearna|100\/100\n|switch|p2a: Palafin|Palafin, F|100\/100\n|turn|1\n|\n|t:|1699529367\n|move|p2a: Palafin|Flip Turn|p1a: Magearna\n|-damage|p1a: Magearna|76\/100\n|\n|t:|1699529395\n|detailschange|p2a: Palafin|Palafin-Hero, F\n|switch|p2a: Ogerpon|Ogerpon-Wellspring, F|100\/100|[from] Flip Turn\n|move|p1a: Magearna|Thunder Wave|p2a: Ogerpon\n|-status|p2a: Ogerpon|par\n|\n|-heal|p1a: Magearna|82\/100|[from] item: Leftovers\n|upkeep\n|turn|2\n|inactive|amosamoswong has 270 seconds left.\n|\n|t:|1699529424\n|move|p2a: Ogerpon|Taunt|p1a: Magearna\n|-start|p1a: Magearna|move: Taunt\n|cant|p1a: Magearna|move: Taunt|Spikes\n|\n|-heal|p1a: Magearna|88\/100|[from] item: Leftovers\n|upkeep\n|turn|3\n|\n|t:|1699529440\n|move|p2a: Ogerpon|U-turn|p1a: Magearna\n|-resisted|p1a: Magearna\n|-crit|p1a: Magearna\n|-damage|p1a: Magearna|81\/100\n|\n|t:|1699529450\n|switch|p2a: Blissey|Blissey, F|100\/100|[from] U-turn\n|move|p1a: Magearna|Volt Switch|p2a: Blissey\n|-damage|p2a: Blissey|93\/100\n|inactive|LuukTheGamer has 270 seconds left.\n|\n|t:|1699529480\n|switch|p1a: Ninetales|Ninetales-Alola, F|100\/100|[from] Volt Switch\n|-weather|Snow|[from] ability: Snow Warning|[of] p1a: Ninetales\n|\n|-weather|Snow|[upkeep]\n|-heal|p2a: Blissey|99\/100|[from] item: Leftovers\n|upkeep\n|turn|4\n|inactive|LuukTheGamer has 270 seconds left.\n|\n|t:|1699529504\n|move|p1a: Ninetales|Freeze-Dry|p2a: Blissey\n|-damage|p2a: Blissey|92\/100\n|move|p2a: Blissey|Thunder Wave|p1a: Ninetales\n|-status|p1a: Ninetales|par\n|\n|-weather|Snow|[upkeep]\n|-heal|p2a: Blissey|98\/100|[from] item: Leftovers\n|upkeep\n|turn|5\n|inactive|LuukTheGamer has 270 seconds left.\n|\n|t:|1699529520\n|move|p1a: Ninetales|Aurora Veil|p1a: Ninetales\n|-sidestart|p1: LuukTheGamer|move: Aurora Veil\n|move|p2a: Blissey|Stealth Rock|p1a: Ninetales\n|-sidestart|p1: LuukTheGamer|move: Stealth Rock\n|\n|-weather|Snow|[upkeep]\n|-heal|p2a: Blissey|100\/100|[from] item: Leftovers\n|upkeep\n|turn|6\n|\n|t:|1699529527\n|cant|p1a: Ninetales|par\n|move|p2a: Blissey|Thunder Wave|p1a: Ninetales\n|-fail|p1a: Ninetales|par\n|\n|-weather|Snow|[upkeep]\n|upkeep\n|turn|7\n|\n|t:|1699529536\n|move|p1a: Ninetales|Freeze-Dry|p2a: Blissey\n|-damage|p2a: Blissey|93\/100\n|move|p2a: Blissey|Thunder Wave|p1a: Ninetales\n|-fail|p1a: Ninetales|par\n|\n|-weather|none\n|-heal|p2a: Blissey|99\/100|[from] item: Leftovers\n|upkeep\n|turn|8\n|\n|t:|1699529545\n|move|p1a: Ninetales|Freeze-Dry|p2a: Blissey\n|-damage|p2a: Blissey|91\/100\n|move|p2a: Blissey|Thunder Wave|p1a: Ninetales\n|-fail|p1a: Ninetales|par\n|\n|-heal|p2a: Blissey|97\/100|[from] item: Leftovers\n|upkeep\n|turn|9\n|inactive|amosamoswong has 270 seconds left.\n|\n|t:|1699529564\n|cant|p1a: Ninetales|par\n|move|p2a: Blissey|Thunder Wave|p1a: Ninetales\n|-fail|p1a: Ninetales|par\n|\n|-heal|p2a: Blissey|100\/100|[from] item: Leftovers\n|upkeep\n|turn|10\n|inactive|amosamoswong has 270 seconds left.\n|\n|t:|1699529571\n|move|p1a: Ninetales|Freeze-Dry|p2a: Blissey\n|-damage|p2a: Blissey|92\/100\n|-status|p2a: Blissey|frz\n|cant|p2a: Blissey|frz\n|\n|-heal|p2a: Blissey|99\/100 frz|[from] item: Leftovers\n|upkeep\n|turn|11\n|inactive|amosamoswong has 270 seconds left.\n|inactive|LuukTheGamer has 270 seconds left.\n|inactive|amosamoswong has 240 seconds left.\n|inactive|amosamoswong has 210 seconds left.\n|\n|t:|1699529664\n|switch|p1a: Magearna|Magearna|81\/100\n|-damage|p1a: Magearna|75\/100|[from] Stealth Rock\n|-curestatus|p2a: Blissey|frz|[from] ability: Natural Cure\n|switch|p2a: Palafin|Palafin-Hero, F|100\/100\n|-activate|p2a: Palafin|ability: Zero to Hero\n|\n|-heal|p1a: Magearna|81\/100|[from] item: Leftovers\n|upkeep\n|turn|12\n|inactive|amosamoswong has 180 seconds left.\n|inactive|LuukTheGamer has 240 seconds left.\n|\n|t:|1699529689\n|switch|p2a: Ogerpon|Ogerpon-Wellspring, F|100\/100 par\n|move|p1a: Magearna|Thunder Wave|p2a: Ogerpon\n|-fail|p2a: Ogerpon|par\n|\n|-heal|p1a: Magearna|87\/100|[from] item: Leftovers\n|-sideend|p1: LuukTheGamer|move: Aurora Veil\n|upkeep\n|turn|13\n|inactive|amosamoswong has 180 seconds left.\n|inactive|LuukTheGamer has 240 seconds left.\n|\n|t:|1699529706\n|move|p2a: Ogerpon|Taunt|p1a: Magearna\n|-start|p1a: Magearna|move: Taunt\n|move|p1a: Magearna|Fleur Cannon|p2a: Ogerpon\n|-damage|p2a: Ogerpon|35\/100 par\n|-unboost|p1a: Magearna|spa|2\n|\n|-heal|p1a: Magearna|93\/100|[from] item: Leftovers\n|upkeep\n|turn|14\n|inactive|LuukTheGamer has 240 seconds left.\n|\n|t:|1699529725\n|move|p2a: Ogerpon|Ivy Cudgel|p1a: Magearna\n|-damage|p1a: Magearna|46\/100\n|move|p1a: Magearna|Volt Switch|p2a: Ogerpon\n|-damage|p2a: Ogerpon|23\/100 par\n|\n|t:|1699529748\n|switch|p1a: Moltres|Moltres, shiny|100\/100|[from] Volt Switch\n|\n|upkeep\n|turn|15\n|\n|t:|1699529757\n|switch|p2a: Blissey|Blissey, F|99\/100\n|move|p1a: Moltres|U-turn|p2a: Blissey\n|-damage|p2a: Blissey|85\/100\n|inactive|LuukTheGamer has 210 seconds left.\n|\n|t:|1699529781\n|switch|p1a: Ninetales|Ninetales-Alola, F|100\/100 par|[from] U-turn\n|-damage|p1a: Ninetales|76\/100 par|[from] Stealth Rock\n|-weather|Snow|[from] ability: Snow Warning|[of] p1a: Ninetales\n|\n|-weather|Snow|[upkeep]\n|-heal|p2a: Blissey|91\/100|[from] item: Leftovers\n|upkeep\n|turn|16\n|inactive|amosamoswong has 180 seconds left.\n|\n|t:|1699529801\n|move|p1a: Ninetales|Aurora Veil|p1a: Ninetales\n|-sidestart|p1: LuukTheGamer|move: Aurora Veil\n|move|p2a: Blissey|Seismic Toss|p1a: Ninetales\n|-damage|p1a: Ninetales|47\/100 par\n|\n|-weather|Snow|[upkeep]\n|-heal|p2a: Blissey|97\/100|[from] item: Leftovers\n|upkeep\n|turn|17\n|inactive|LuukTheGamer has 210 seconds left.\n|\n|t:|1699529824\n|move|p1a: Ninetales|Encore|p2a: Blissey\n|-start|p2a: Blissey|Encore\n|move|p2a: Blissey|Seismic Toss|p1a: Ninetales\n|-damage|p1a: Ninetales|18\/100 par\n|\n|-weather|Snow|[upkeep]\n|-heal|p2a: Blissey|100\/100|[from] item: Leftovers\n|upkeep\n|turn|18\n|inactive|amosamoswong has 180 seconds left.\n|inactive|amosamoswong has 150 seconds left.\n|\n|t:|1699529881\n|switch|p1a: ArceusPoison|Arceus-Ghost|100\/100\n|-damage|p1a: ArceusPoison|88\/100|[from] Stealth Rock\n|move|p2a: Blissey|Seismic Toss|p1a: ArceusPoison\n|-immune|p1a: ArceusPoison\n|\n|-weather|Snow|[upkeep]\n|upkeep\n|turn|19\n|inactive|amosamoswong has 120 seconds left.\n|\n|t:|1699529914\n|switch|p2a: Ogerpon|Ogerpon-Wellspring, F|23\/100 par\n|move|p1a: ArceusPoison|Thunder Wave|p2a: Ogerpon\n|-fail|p2a: Ogerpon|par\n|\n|-weather|none\n|upkeep\n|turn|20\n|\n|t:|1699529935\n|move|p1a: ArceusPoison|Hex|p2a: Ogerpon\n|-damage|p2a: Ogerpon|0 fnt\n|faint|p2a: Ogerpon\n|\n|upkeep\n|\n|t:|1699529942\n|switch|p2a: Blissey|Blissey, F|100\/100\n|turn|21\n|inactive|amosamoswong has 90 seconds left.\n|inactive|LuukTheGamer has 210 seconds left.\n|inactive|amosamoswong has 60 seconds left.\n|\n|t:|1699529999\n|switch|p1a: Ninetales|Ninetales-Alola, F|18\/100 par\n|-damage|p1a: Ninetales|0 fnt|[from] Stealth Rock\n|faint|p1a: Ninetales\n|move|p2a: Blissey|Thunder Wave|p1: Ninetales|[notarget]\n|-fail|p2a: Blissey\n|\n|upkeep\n|inactive|LuukTheGamer has 210 seconds left.\n|\n|t:|1699530006\n|switch|p1a: Clefable|Clefable, F|100\/100\n|-damage|p1a: Clefable|88\/100|[from] Stealth Rock\n|turn|22\n|inactive|LuukTheGamer has 210 seconds left.\n|inactive|amosamoswong has 60 seconds left.\n|\n|t:|1699530036\n|move|p1a: Clefable|Thunder Wave|p2a: Blissey\n|-status|p2a: Blissey|par\n|cant|p2a: Blissey|par\n|\n|-heal|p1a: Clefable|94\/100|[from] item: Leftovers\n|upkeep\n|turn|23\n|inactive|LuukTheGamer has 210 seconds left.\n|\n|t:|1699530050\n|move|p1a: Clefable|Calm Mind|p1a: Clefable\n|-boost|p1a: Clefable|spa|1\n|-boost|p1a: Clefable|spd|1\n|cant|p2a: Blissey|par\n|\n|-heal|p1a: Clefable|99\/100|[from] item: Leftovers\n|-sideend|p1: LuukTheGamer|move: Aurora Veil\n|upkeep\n|turn|24\n|inactive|LuukTheGamer has 210 seconds left.\n|\n|t:|1699530063\n|move|p1a: Clefable|Calm Mind|p1a: Clefable\n|-boost|p1a: Clefable|spa|1\n|-boost|p1a: Clefable|spd|1\n|move|p2a: Blissey|Thunder Wave|p1a: Clefable\n|-status|p1a: Clefable|par\n|\n|-heal|p1a: Clefable|100\/100 par|[from] item: Leftovers\n|upkeep\n|turn|25\n|inactive|amosamoswong has 30 seconds left.\n|inactive|amosamoswong has 20 seconds left.\n|inactive|amosamoswong has 15 seconds left.\n|inactive|amosamoswong has 10 seconds left.\n|\n|t:|1699530109\n|-curestatus|p2a: Blissey|par|[from] ability: Natural Cure\n|switch|p2a: Palafin|Palafin-Hero, F|100\/100\n|cant|p1a: Clefable|par\n|\n|upkeep\n|turn|26\n|inactive|amosamoswong has 20 seconds left this turn.\n|inactive|amosamoswong has 15 seconds left.\n|inactive|amosamoswong has 10 seconds left.\n|inactive|LuukTheGamer has 210 seconds left.\n|\n|t:|1699530126\n|-terastallize|p2a: Palafin|Water\n|move|p2a: Palafin|Flip Turn|p1a: Clefable\n|-damage|p1a: Clefable|49\/100 par\n|inactive|amosamoswong has 15 seconds left this turn.\n|inactive|amosamoswong has 10 seconds left.\n|\n|t:|1699530133\n|switch|p2a: Pelipper|Pelipper, F|100\/100|[from] Flip Turn\n|-weather|RainDance|[from] ability: Drizzle|[of] p2a: Pelipper\n|move|p1a: Clefable|Thunder Wave|p2a: Pelipper\n|-status|p2a: Pelipper|par\n|\n|-weather|RainDance|[upkeep]\n|-heal|p1a: Clefable|55\/100 par|[from] item: Leftovers\n|upkeep\n|turn|27\n|inactive|amosamoswong has 20 seconds left this turn.\n|inactive|amosamoswong has 15 seconds left.\n|inactive|amosamoswong has 10 seconds left.\n|inactive|LuukTheGamer has 210 seconds left.\n|\n|t:|1699530148\n|move|p2a: Pelipper|U-turn|p1a: Clefable\n|-resisted|p1a: Clefable\n|-damage|p1a: Clefable|52\/100 par\n|inactive|amosamoswong has 15 seconds left this turn.\n|inactive|amosamoswong has 10 seconds left.\n|\n|t:|1699530155\n|switch|p2a: Blissey|Blissey, F|100\/100|[from] U-turn\n|cant|p1a: Clefable|par\n|\n|-weather|RainDance|[upkeep]\n|-heal|p1a: Clefable|58\/100 par|[from] item: Leftovers\n|upkeep\n|turn|28\n|inactive|amosamoswong has 20 seconds left this turn.\n|\n|t:|1699530163\n|move|p2a: Blissey|Seismic Toss|p1a: Clefable\n|-damage|p1a: Clefable|32\/100 par\n|move|p1a: Clefable|Wish|p1a: Clefable\n|\n|-weather|RainDance|[upkeep]\n|-heal|p1a: Clefable|39\/100 par|[from] item: Leftovers\n|upkeep\n|turn|29\n|inactive|amosamoswong has 30 seconds left this turn.\n|inactive|amosamoswong has 20 seconds left.\n|\n|t:|1699530178\n|move|p2a: Blissey|Seismic Toss|p1a: Clefable\n|-damage|p1a: Clefable|13\/100 par\n|cant|p1a: Clefable|par\n|\n|-weather|RainDance|[upkeep]\n|-heal|p1a: Clefable|63\/100 par|[from] move: Wish|[wisher] Clefable\n|-heal|p1a: Clefable|69\/100 par|[from] item: Leftovers\n|upkeep\n|turn|30\n|inactive|amosamoswong has 30 seconds left this turn.\n|inactive|amosamoswong has 20 seconds left.\n|\n|t:|1699530189\n|switch|p2a: Palafin|Palafin-Hero, F, tera:Water|100\/100\n|move|p1a: Clefable|Wish|p1a: Clefable\n|\n|-weather|RainDance|[upkeep]\n|-heal|p1a: Clefable|75\/100 par|[from] item: Leftovers\n|upkeep\n|turn|31\n|inactive|amosamoswong has 30 seconds left this turn.\n|inactive|amosamoswong has 20 seconds left.\n|inactive|amosamoswong has 15 seconds left.\n|inactive|LuukTheGamer has 210 seconds left.\n|\n|t:|1699530223\n|switch|p1a: Moltres|Moltres, shiny|100\/100\n|move|p2a: Palafin|Flip Turn|p1a: Moltres\n|-supereffective|p1a: Moltres\n|-damage|p1a: Moltres|0 fnt\n|-status|p2a: Palafin|brn|[from] ability: Flame Body|[of] p1a: Moltres\n|faint|p1a: Moltres\n|inactive|amosamoswong has 20 seconds left this turn.\n|inactive|amosamoswong has 15 seconds left.\n|inactive|amosamoswong has 10 seconds left.\n|inactive|amosamoswong has 5 seconds left.\n|\n|t:|1699530241\n|switch|p2a: Baxcalibur|Baxcalibur, M|100\/100|[from] Flip Turn\n|\n|-weather|RainDance|[upkeep]\n|upkeep\n|inactive|amosamoswong has 10 seconds left this turn.\n|inactive|LuukTheGamer has 210 seconds left.\n|\n|t:|1699530252\n|switch|p1a: Clefable|Clefable, F|75\/100 par\n|-damage|p1a: Clefable|63\/100 par|[from] Stealth Rock\n|turn|32\n|inactive|amosamoswong has 20 seconds left this turn.\n|inactive|LuukTheGamer has 210 seconds left.\n|inactive|amosamoswong has 15 seconds left.\n|inactive|amosamoswong has 10 seconds left.\n|inactive|amosamoswong has 5 seconds left.\n|\n|t:|1699530268\n|move|p2a: Baxcalibur|Icicle Spear|p1a: Clefable\n|-damage|p1a: Clefable|52\/100 par\n|-crit|p1a: Clefable\n|-damage|p1a: Clefable|36\/100 par\n|-damage|p1a: Clefable|25\/100 par\n|-damage|p1a: Clefable|14\/100 par\n|-damage|p1a: Clefable|3\/100 par\n|-hitcount|p1a: Clefable|5\n|move|p1a: Clefable|Thunder Wave|p2a: Baxcalibur\n|-status|p2a: Baxcalibur|par\n|\n|-weather|RainDance|[upkeep]\n|-heal|p1a: Clefable|9\/100 par|[from] item: Leftovers\n|upkeep\n|turn|33\n|inactive|amosamoswong has 15 seconds left this turn.\n|inactive|LuukTheGamer has 210 seconds left.\n|inactive|amosamoswong has 10 seconds left.\n|inactive|amosamoswong has 5 seconds left.\n|\n|t:|1699530279\n|cant|p2a: Baxcalibur|par\n|cant|p1a: Clefable|par\n|\n|-weather|none\n|-heal|p1a: Clefable|15\/100 par|[from] item: Leftovers\n|upkeep\n|turn|34\n|inactive|amosamoswong has 15 seconds left this turn.\n|\n|t:|1699530282\n|move|p2a: Baxcalibur|Icicle Spear|p1a: Clefable\n|-damage|p1a: Clefable|4\/100 par\n|-damage|p1a: Clefable|0 fnt\n|faint|p1a: Clefable\n|-hitcount|p1: Clefable|2\n|\n|upkeep\n|inactive|amosamoswong has 20 seconds left this turn.\n|inactive|LuukTheGamer has 210 seconds left.\n|\n|t:|1699530295\n|switch|p1a: Magearna|Magearna|46\/100\n|-damage|p1a: Magearna|40\/100|[from] Stealth Rock\n|turn|35\n|inactive|amosamoswong has 30 seconds left this turn.\n|\n|t:|1699530303\n|move|p1a: Magearna|Fleur Cannon|p2a: Baxcalibur\n|-supereffective|p2a: Baxcalibur\n|-damage|p2a: Baxcalibur|0 fnt\n|-unboost|p1a: Magearna|spa|2\n|faint|p2a: Baxcalibur\n|-ability|p1a: Magearna|Soul-Heart|boost\n|-boost|p1a: Magearna|spa|1\n|\n|-heal|p1a: Magearna|46\/100|[from] item: Leftovers\n|upkeep\n|inactive|amosamoswong has 30 seconds left this turn.\n|inactive|amosamoswong has 20 seconds left.\n|\n|t:|1699530314\n|switch|p2a: Pelipper|Pelipper, F|100\/100 par\n|-weather|RainDance|[from] ability: Drizzle|[of] p2a: Pelipper\n|turn|36\n|inactive|amosamoswong has 30 seconds left this turn.\n|\n|t:|1699530326\n|move|p1a: Magearna|Volt Switch|p2a: Pelipper\n|-supereffective|p2a: Pelipper\n|-damage|p2a: Pelipper|4\/100 par\n|inactive|LuukTheGamer has 210 seconds left.\n|\n|t:|1699530351\n|switch|p1a: Baxcalibur|Baxcalibur, F|100\/100|[from] Volt Switch\n|-damage|p1a: Baxcalibur|76\/100|[from] Stealth Rock\n|move|p2a: Pelipper|U-turn|p1a: Baxcalibur\n|-damage|p1a: Baxcalibur|67\/100\n|\n|t:|1699530360\n|switch|p2a: Palafin|Palafin-Hero, F, tera:Water|100\/100 brn|[from] U-turn\n|\n|-weather|RainDance|[upkeep]\n|-damage|p2a: Palafin|94\/100 brn|[from] brn\n|upkeep\n|turn|37\n|inactive|LuukTheGamer has 210 seconds left.\n|inactive|amosamoswong has 30 seconds left.\n|inactive|amosamoswong has 20 seconds left.\n|inactive|amosamoswong has 15 seconds left.\n|\n|t:|1699530395\n|switch|p1a: ArceusPoison|Arceus-Ghost|88\/100\n|-damage|p1a: ArceusPoison|76\/100|[from] Stealth Rock\n|move|p2a: Palafin|Wave Crash|p1a: ArceusPoison\n|-damage|p1a: ArceusPoison|0 fnt\n|faint|p1a: ArceusPoison\n|-damage|p2a: Palafin|62\/100 brn|[from] Recoil\n|\n|-weather|RainDance|[upkeep]\n|-damage|p2a: Palafin|56\/100 brn|[from] brn\n|upkeep\n|inactive|amosamoswong has 20 seconds left this turn.\n|\n|t:|1699530407\n|switch|p1a: Magearna|Magearna|46\/100\n|-damage|p1a: Magearna|40\/100|[from] Stealth Rock\n|turn|38\n|inactive|amosamoswong has 30 seconds left this turn.\n|inactive|amosamoswong has 20 seconds left.\n|inactive|amosamoswong has 15 seconds left.\n|inactive|amosamoswong has 10 seconds left.\n|\n|t:|1699530432\n|-terastallize|p1a: Magearna|Water\n|move|p2a: Palafin|Wave Crash|p1a: Magearna\n|-resisted|p1a: Magearna\n|-damage|p1a: Magearna|0 fnt\n|faint|p1a: Magearna\n|-damage|p2a: Palafin|42\/100 brn|[from] Recoil\n|\n|-weather|RainDance|[upkeep]\n|-damage|p2a: Palafin|36\/100 brn|[from] brn\n|upkeep\n|inactive|amosamoswong has 15 seconds left this turn.\n|\n|t:|1699530437\n|switch|p1a: Baxcalibur|Baxcalibur, F|67\/100\n|-damage|p1a: Baxcalibur|42\/100|[from] Stealth Rock\n|turn|39\n|inactive|amosamoswong has 25 seconds left this turn.\n|inactive|amosamoswong has 20 seconds left.\n|\n|t:|1699530442\n|move|p2a: Palafin|Wave Crash|p1a: Baxcalibur\n|-resisted|p1a: Baxcalibur\n|-damage|p1a: Baxcalibur|0 fnt\n|faint|p1a: Baxcalibur\n|-damage|p2a: Palafin|21\/100 brn|[from] Recoil\n|\n|win|amosamoswong\n|inactive|amosamoswong has 25 seconds left this turn.\n|c|\u2606LuukTheGamer|gg\n|c|\u2606amosamoswong|ggs\n","uploadtime":1699530450,"views":45,"p1id":"luukthegamer","p2id":"amosamoswong","formatid":"gen9ubers","rating":0,"private":0,"password":""}