{"id":"gen9ubers-1985465868","p1":"rudyis","p2":"Supraxd","format":"[Gen 9] Ubers","log":"|j|\u2606rudyis\n|j|\u2606Supraxd\n|t:|1699376972\n|gametype|singles\n|player|p1|rudyis|cynthia-gen4|1006\n|player|p2|Supraxd|steven|1103\n|teamsize|p1|6\n|teamsize|p2|6\n|gen|9\n|tier|[Gen 9] Ubers\n|rated|\n|rule|Sleep Clause Mod: Limit one foe put to sleep\n|rule|Species Clause: Limit one of each Pok\u00e9mon\n|rule|OHKO Clause: OHKO moves are banned\n|rule|Evasion Items Clause: Evasion items are banned\n|rule|Evasion Moves Clause: Evasion moves are banned\n|rule|Endless Battle Clause: Forcing endless battles is banned\n|rule|HP Percentage Mod: HP is shown in percentages\n|clearpoke\n|poke|p1|Annihilape, M|\n|poke|p1|Infernape, F|\n|poke|p1|Sneasler, F|\n|poke|p1|Inteleon, F|\n|poke|p1|Gholdengo|\n|poke|p1|Dragapult, M|\n|poke|p2|Forretress, M|\n|poke|p2|Lokix, M|\n|poke|p2|Ribombee, M|\n|poke|p2|Kleavor, M|\n|poke|p2|Volcarona, F|\n|poke|p2|Slither Wing|\n|teampreview\n|\n|t:|1699376987\n|start\n|switch|p1a: Inteleon|Inteleon, F|100\/100\n|switch|p2a: Ribombee|Ribombee, M|100\/100\n|turn|1\n|\n|t:|1699376993\n|move|p2a: Ribombee|Stun Spore|p1a: Inteleon\n|-status|p1a: Inteleon|par\n|move|p1a: Inteleon|Ice Beam|p2a: Ribombee\n|-damage|p2a: Ribombee|32\/100\n|\n|upkeep\n|turn|2\n|\n|t:|1699377020\n|move|p2a: Ribombee|Sticky Web|p1a: Inteleon\n|-sidestart|p1: rudyis|move: Sticky Web\n|cant|p1a: Inteleon|par\n|\n|upkeep\n|turn|3\n|\n|t:|1699377026\n|move|p2a: Ribombee|Moonblast|p1a: Inteleon\n|-damage|p1a: Inteleon|31\/100 par\n|-unboost|p1a: Inteleon|spa|1\n|move|p1a: Inteleon|Ice Beam|p2a: Ribombee\n|-damage|p2a: Ribombee|0 fnt\n|faint|p2a: Ribombee\n|\n|upkeep\n|\n|t:|1699377065\n|switch|p2a: Lokix|Lokix, M|100\/100\n|turn|4\n|\n|t:|1699377078\n|move|p2a: Lokix|U-turn|p1a: Inteleon\n|-damage|p1a: Inteleon|0 fnt\n|faint|p1a: Inteleon\n|\n|t:|1699377083\n|switch|p2a: Kleavor|Kleavor, M|100\/100|[from] U-turn\n|\n|upkeep\n|\n|t:|1699377100\n|switch|p1a: Gholdengo|Gholdengo|100\/100\n|-activate|p1a: Gholdengo|move: Sticky Web\n|-unboost|p1a: Gholdengo|spe|1\n|turn|5\n|\n|t:|1699377136\n|move|p2a: Kleavor|Stone Axe|p1a: Gholdengo\n|-resisted|p1a: Gholdengo\n|-damage|p1a: Gholdengo|71\/100\n|-sidestart|p1: rudyis|move: Stealth Rock\n|move|p1a: Gholdengo|Make It Rain|p2a: Kleavor\n|-supereffective|p2a: Kleavor\n|-enditem|p2a: Kleavor|Focus Sash\n|-damage|p2a: Kleavor|1\/100\n|-unboost|p1a: Gholdengo|spa|1\n|\n|upkeep\n|turn|6\n|\n|t:|1699377155\n|switch|p2a: Forretress|Forretress, M|100\/100\n|move|p1a: Gholdengo|Shadow Ball|p2a: Forretress\n|-damage|p2a: Forretress|62\/100\n|\n|upkeep\n|turn|7\n|\n|t:|1699377173\n|move|p1a: Gholdengo|Thunderbolt|p2a: Forretress\n|-damage|p2a: Forretress|30\/100\n|move|p2a: Forretress|Volt Switch|p1a: Gholdengo\n|-damage|p1a: Gholdengo|59\/100\n|\n|t:|1699377189\n|switch|p2a: Slither Wing|Slither Wing|100\/100|[from] Volt Switch\n|-enditem|p2a: Slither Wing|Booster Energy\n|-activate|p2a: Slither Wing|ability: Protosynthesis|[fromitem]\n|-start|p2a: Slither Wing|protosynthesisatk\n|\n|upkeep\n|turn|8\n|\n|t:|1699377197\n|move|p2a: Slither Wing|Flame Charge|p1a: Gholdengo\n|-supereffective|p1a: Gholdengo\n|-damage|p1a: Gholdengo|4\/100\n|-boost|p2a: Slither Wing|spe|1\n|move|p1a: Gholdengo|Dazzling Gleam|p2a: Slither Wing\n|-supereffective|p2a: Slither Wing\n|-damage|p2a: Slither Wing|50\/100\n|\n|upkeep\n|turn|9\n|\n|t:|1699377206\n|move|p2a: Slither Wing|Flame Charge|p1a: Gholdengo\n|-supereffective|p1a: Gholdengo\n|-damage|p1a: Gholdengo|0 fnt\n|-boost|p2a: Slither Wing|spe|1\n|faint|p1a: Gholdengo\n|\n|upkeep\n|\n|t:|1699377218\n|switch|p1a: Annihilape|Annihilape, M|100\/100\n|-activate|p1a: Annihilape|move: Sticky Web\n|-unboost|p1a: Annihilape|spe|1\n|-damage|p1a: Annihilape|94\/100|[from] Stealth Rock\n|turn|10\n|\n|t:|1699377228\n|move|p2a: Slither Wing|Acrobatics|p1a: Annihilape\n|-supereffective|p1a: Annihilape\n|-damage|p1a: Annihilape|0 fnt\n|faint|p1a: Annihilape\n|\n|upkeep\n|\n|t:|1699377236\n|switch|p1a: Sneasler|Sneasler, F|100\/100\n|-activate|p1a: Sneasler|move: Sticky Web\n|-unboost|p1a: Sneasler|spe|1\n|-damage|p1a: Sneasler|95\/100|[from] Stealth Rock\n|turn|11\n|\n|t:|1699377263\n|move|p2a: Slither Wing|Acrobatics|p1a: Sneasler\n|-supereffective|p1a: Sneasler\n|-damage|p1a: Sneasler|0 fnt\n|faint|p1a: Sneasler\n|\n|upkeep\n|\n|t:|1699377272\n|switch|p1a: Dragapult|Dragapult, M|100\/100\n|-activate|p1a: Dragapult|move: Sticky Web\n|-unboost|p1a: Dragapult|spe|1\n|-damage|p1a: Dragapult|88\/100|[from] Stealth Rock\n|turn|12\n|\n|t:|1699377295\n|move|p2a: Slither Wing|Acrobatics|p1a: Dragapult\n|-damage|p1a: Dragapult|8\/100\n|-start|p2a: Slither Wing|Disable|Acrobatics|[from] ability: Cursed Body|[of] p1a: Dragapult\n|move|p1a: Dragapult|Acrobatics|p2a: Slither Wing\n|-supereffective|p2a: Slither Wing\n|-damage|p2a: Slither Wing|0 fnt\n|faint|p2a: Slither Wing\n|-end|p2a: Slither Wing|Protosynthesis|[silent]\n|\n|upkeep\n|\n|t:|1699377320\n|switch|p2a: Kleavor|Kleavor, M|1\/100\n|turn|13\n|\n|t:|1699377331\n|move|p2a: Kleavor|Trailblaze|p1a: Dragapult\n|-resisted|p1a: Dragapult\n|-damage|p1a: Dragapult|0 fnt\n|-boost|p2a: Kleavor|spe|1\n|faint|p1a: Dragapult\n|\n|upkeep\n|\n|t:|1699377339\n|switch|p1a: Infernape|Infernape, F|100\/100\n|-activate|p1a: Infernape|move: Sticky Web\n|-unboost|p1a: Infernape|spe|1\n|-damage|p1a: Infernape|88\/100|[from] Stealth Rock\n|turn|14\n|\n|t:|1699377352\n|move|p2a: Kleavor|Stone Axe|p1a: Infernape\n|-damage|p1a: Infernape|10\/100\n|move|p1a: Infernape|Drain Punch|p2a: Kleavor\n|-damage|p2a: Kleavor|0 fnt\n|-heal|p1a: Infernape|10\/100|[from] drain|[of] p2a: Kleavor\n|faint|p2a: Kleavor\n|\n|upkeep\n|\n|t:|1699377357\n|switch|p2a: Lokix|Lokix, M|100\/100\n|turn|15\n|\n|t:|1699377369\n|move|p2a: Lokix|First Impression|p1a: Infernape\n|-resisted|p1a: Infernape\n|-damage|p1a: Infernape|0 fnt\n|faint|p1a: Infernape\n|\n|win|Supraxd\n|raw|rudyis's rating: 1006 &rarr; <strong>1000<\/strong><br \/>(-6 for losing)\n|raw|Supraxd's rating: 1103 &rarr; <strong>1121<\/strong><br \/>(+18 for winning)\n|l|\u2606rudyis\n","uploadtime":1699377414,"views":5,"p1id":"rudyis","p2id":"supraxd","formatid":"gen9ubers","rating":1000,"private":0,"password":""}