{"id":"gen9ubers-1997423046","p1":"logah_draken","p2":"Philippinesuser","format":"[Gen 9] Ubers","log":"|j|\u2606logah_draken\n|j|\u2606Philippinesuser\n|t:|1700802738\n|gametype|singles\n|player|p1|logah_draken|ethan|1000\n|player|p2|Philippinesuser|dawn|1057\n|teamsize|p1|6\n|teamsize|p2|6\n|gen|9\n|tier|[Gen 9] Ubers\n|rated|\n|rule|Sleep Clause Mod: Limit one foe put to sleep\n|rule|Species Clause: Limit one of each Pok\u00e9mon\n|rule|OHKO Clause: OHKO moves are banned\n|rule|Evasion Items Clause: Evasion items are banned\n|rule|Evasion Moves Clause: Evasion moves are banned\n|rule|Endless Battle Clause: Forcing endless battles is banned\n|rule|HP Percentage Mod: HP is shown in percentages\n|clearpoke\n|poke|p1|Palkia-Origin|\n|poke|p1|Dialga-Origin|\n|poke|p1|Regieleki|\n|poke|p1|Annihilape, M|\n|poke|p1|Chi-Yu|\n|poke|p1|Zacian-*|\n|poke|p2|Chien-Pao|\n|poke|p2|Shaymin-Sky|\n|poke|p2|Koraidon|\n|poke|p2|Magearna|\n|poke|p2|Landorus-Therian, M|\n|poke|p2|Regieleki|\n|teampreview\n|\n|t:|1700802748\n|start\n|switch|p1a: Regieleki|Regieleki, shiny|100\/100\n|switch|p2a: Landorus|Landorus-Therian, M|100\/100\n|-ability|p2a: Landorus|Intimidate|boost\n|-unboost|p1a: Regieleki|atk|1\n|turn|1\n|\n|t:|1700802761\n|move|p1a: Regieleki|Electric Terrain|p1a: Regieleki\n|-fieldstart|move: Electric Terrain\n|-enditem|p1a: Regieleki|Electric Seed\n|-boost|p1a: Regieleki|def|1|[from] item: Electric Seed\n|move|p2a: Landorus|Stealth Rock|p1a: Regieleki\n|-sidestart|p1: logah_draken|move: Stealth Rock\n|\n|upkeep\n|turn|2\n|\n|t:|1700802779\n|move|p1a: Regieleki|Ancient Power|p2a: Landorus\n|-damage|p2a: Landorus|83\/100\n|move|p2a: Landorus|Earthquake|p1a: Regieleki\n|-supereffective|p1a: Regieleki\n|-damage|p1a: Regieleki|6\/100\n|\n|upkeep\n|turn|3\n|\n|t:|1700802787\n|move|p1a: Regieleki|Extreme Speed|p2a: Landorus\n|-damage|p2a: Landorus|73\/100\n|-damage|p1a: Regieleki|0 fnt|[from] item: Rocky Helmet|[of] p2a: Landorus\n|faint|p1a: Regieleki\n|move|p2a: Landorus|Earthquake|p1: Regieleki|[notarget]\n|-fail|p2a: Landorus\n|\n|upkeep\n|\n|t:|1700802797\n|switch|p1a: Chi-Yu|Chi-Yu|100\/100\n|-damage|p1a: Chi-Yu|76\/100|[from] Stealth Rock\n|-ability|p1a: Chi-Yu|Beads of Ruin\n|turn|4\n|\n|t:|1700802809\n|move|p2a: Landorus|Earthquake|p1a: Chi-Yu\n|-supereffective|p1a: Chi-Yu\n|-damage|p1a: Chi-Yu|0 fnt\n|faint|p1a: Chi-Yu\n|\n|upkeep\n|\n|t:|1700802820\n|switch|p1a: Dialga|Dialga-Origin, shiny|100\/100\n|-damage|p1a: Dialga|94\/100|[from] Stealth Rock\n|-ability|p1a: Dialga|Pressure\n|turn|5\n|\n|t:|1700802833\n|move|p1a: Dialga|Flash Cannon|p2a: Landorus\n|-damage|p2a: Landorus|15\/100\n|move|p2a: Landorus|Earthquake|p1a: Dialga\n|-supereffective|p1a: Dialga\n|-damage|p1a: Dialga|10\/100\n|\n|-fieldend|move: Electric Terrain\n|upkeep\n|turn|6\n|\n|t:|1700802842\n|move|p1a: Dialga|Flash Cannon|p2a: Landorus\n|-damage|p2a: Landorus|0 fnt\n|faint|p2a: Landorus\n|\n|upkeep\n|\n|t:|1700802848\n|switch|p2a: Regieleki|Regieleki|100\/100\n|turn|7\n|\n|t:|1700802857\n|move|p2a: Regieleki|Reflect|p2a: Regieleki\n|-sidestart|p2: Philippinesuser|Reflect\n|move|p1a: Dialga|Draco Meteor|p2a: Regieleki\n|-damage|p2a: Regieleki|0 fnt\n|-unboost|p1a: Dialga|spa|2\n|faint|p2a: Regieleki\n|\n|upkeep\n|\n|t:|1700802866\n|switch|p2a: Koraidon|Koraidon|100\/100\n|-weather|SunnyDay|[from] ability: Orichalcum Pulse|[of] p2a: Koraidon\n|-activate|p2a: Koraidon|Orichalcum Pulse|[source]\n|turn|8\n|\n|t:|1700802873\n|move|p2a: Koraidon|Collision Course|p1a: Dialga\n|-supereffective|p1a: Dialga\n|-damage|p1a: Dialga|0 fnt\n|faint|p1a: Dialga\n|\n|-weather|SunnyDay|[upkeep]\n|upkeep\n|\n|t:|1700802884\n|switch|p1a: Annihilape|Annihilape, M, shiny|100\/100\n|-damage|p1a: Annihilape|94\/100|[from] Stealth Rock\n|turn|9\n|\n|t:|1700802894\n|switch|p2a: Shaymin|Shaymin-Sky|100\/100\n|move|p1a: Annihilape|Earthquake|p2a: Shaymin\n|-immune|p2a: Shaymin\n|\n|-weather|SunnyDay|[upkeep]\n|upkeep\n|turn|10\n|\n|t:|1700802904\n|move|p2a: Shaymin|Substitute|p2a: Shaymin\n|-start|p2a: Shaymin|Substitute\n|-damage|p2a: Shaymin|75\/100\n|move|p1a: Annihilape|Earthquake|p2a: Shaymin\n|-immune|p2a: Shaymin\n|\n|-weather|SunnyDay|[upkeep]\n|-heal|p2a: Shaymin|82\/100|[from] item: Leftovers\n|upkeep\n|turn|11\n|\n|t:|1700802918\n|switch|p1a: Palkia|Palkia-Origin, shiny|100\/100\n|-damage|p1a: Palkia|88\/100|[from] Stealth Rock\n|-ability|p1a: Palkia|Pressure\n|move|p2a: Shaymin|Leech Seed|p1a: Palkia\n|-start|p1a: Palkia|move: Leech Seed\n|\n|-weather|SunnyDay|[upkeep]\n|-heal|p2a: Shaymin|88\/100|[from] item: Leftovers\n|-damage|p1a: Palkia|76\/100|[from] Leech Seed|[of] p2a: Shaymin\n|-heal|p2a: Shaymin|98\/100|[silent]\n|upkeep\n|turn|12\n|\n|t:|1700802931\n|switch|p2a: Magearna|Magearna|100\/100\n|move|p1a: Palkia|Flamethrower|p2a: Magearna\n|-supereffective|p2a: Magearna\n|-damage|p2a: Magearna|19\/100\n|-enditem|p2a: Magearna|Weakness Policy\n|-boost|p2a: Magearna|atk|2|[from] item: Weakness Policy\n|-boost|p2a: Magearna|spa|2|[from] item: Weakness Policy\n|\n|-weather|none\n|-damage|p1a: Palkia|64\/100|[from] Leech Seed|[of] p2a: Magearna\n|-heal|p2a: Magearna|30\/100|[silent]\n|upkeep\n|turn|13\n|\n|t:|1700802943\n|move|p1a: Palkia|Flamethrower|p2a: Magearna\n|-supereffective|p2a: Magearna\n|-damage|p2a: Magearna|0 fnt\n|faint|p2a: Magearna\n|\n|upkeep\n|\n|t:|1700802950\n|switch|p2a: Koraidon|Koraidon|100\/100\n|-weather|SunnyDay|[from] ability: Orichalcum Pulse|[of] p2a: Koraidon\n|-activate|p2a: Koraidon|Orichalcum Pulse|[source]\n|turn|14\n|\n|t:|1700802959\n|move|p2a: Koraidon|Dragon Claw|p1a: Palkia\n|-supereffective|p1a: Palkia\n|-damage|p1a: Palkia|0 fnt\n|faint|p1a: Palkia\n|\n|-weather|SunnyDay|[upkeep]\n|-sideend|p2: Philippinesuser|Reflect\n|upkeep\n|\n|t:|1700802976\n|switch|p1a: Zacian|Zacian|100\/100\n|-damage|p1a: Zacian|88\/100|[from] Stealth Rock\n|-ability|p1a: Zacian|Intrepid Sword|boost\n|-boost|p1a: Zacian|atk|1\n|turn|15\n|\n|t:|1700802985\n|switch|p2a: Shaymin|Shaymin-Sky|98\/100\n|move|p1a: Zacian|Moonblast|p2a: Shaymin\n|-damage|p2a: Shaymin|50\/100\n|\n|-weather|SunnyDay|[upkeep]\n|-heal|p2a: Shaymin|56\/100|[from] item: Leftovers\n|upkeep\n|turn|16\n|\n|t:|1700802997\n|move|p1a: Zacian|Close Combat|p2a: Shaymin\n|-resisted|p2a: Shaymin\n|-damage|p2a: Shaymin|30\/100\n|-unboost|p1a: Zacian|def|1\n|-unboost|p1a: Zacian|spd|1\n|move|p2a: Shaymin|Leech Seed|p1a: Zacian\n|-start|p1a: Zacian|move: Leech Seed\n|\n|-weather|SunnyDay|[upkeep]\n|-heal|p2a: Shaymin|36\/100|[from] item: Leftovers\n|-damage|p1a: Zacian|76\/100|[from] Leech Seed|[of] p2a: Shaymin\n|-heal|p2a: Shaymin|46\/100|[silent]\n|upkeep\n|turn|17\n|\n|t:|1700803008\n|move|p1a: Zacian|Swords Dance|p1a: Zacian\n|-boost|p1a: Zacian|atk|2\n|move|p2a: Shaymin|Air Slash|p1a: Zacian\n|-damage|p1a: Zacian|32\/100\n|\n|-weather|SunnyDay|[upkeep]\n|-heal|p2a: Shaymin|52\/100|[from] item: Leftovers\n|-damage|p1a: Zacian|20\/100|[from] Leech Seed|[of] p2a: Shaymin\n|-heal|p2a: Shaymin|62\/100|[silent]\n|upkeep\n|turn|18\n|\n|t:|1700803019\n|move|p1a: Zacian|Moonblast|p2a: Shaymin\n|-damage|p2a: Shaymin|15\/100\n|-unboost|p2a: Shaymin|spa|1\n|move|p2a: Shaymin|Air Slash|p1a: Zacian\n|-damage|p1a: Zacian|0 fnt\n|faint|p1a: Zacian\n|\n|-weather|none\n|-heal|p2a: Shaymin|21\/100|[from] item: Leftovers\n|upkeep\n|\n|t:|1700803030\n|switch|p1a: Annihilape|Annihilape, M, shiny|94\/100\n|-damage|p1a: Annihilape|88\/100|[from] Stealth Rock\n|turn|19\n|\n|t:|1700803045\n|move|p2a: Shaymin|Air Slash|p1a: Annihilape|[miss]\n|-miss|p2a: Shaymin|p1a: Annihilape\n|move|p1a: Annihilape|Close Combat|p2a: Shaymin\n|-resisted|p2a: Shaymin\n|-damage|p2a: Shaymin|0 fnt\n|-unboost|p1a: Annihilape|def|1\n|-unboost|p1a: Annihilape|spd|1\n|faint|p2a: Shaymin\n|\n|upkeep\n|\n|t:|1700803072\n|switch|p2a: Chien-Pao|Chien-Pao|100\/100\n|-ability|p2a: Chien-Pao|Sword of Ruin\n|turn|20\n|\n|t:|1700803081\n|-terastallize|p2a: Chien-Pao|Ghost\n|move|p2a: Chien-Pao|Sucker Punch|p1a: Annihilape\n|-damage|p1a: Annihilape|0 fnt\n|faint|p1a: Annihilape\n|\n|win|Philippinesuser\n|raw|logah_draken's rating: 1000 &rarr; <strong>1000<\/strong><br \/>(+0 for losing)\n|raw|Philippinesuser's rating: 1057 &rarr; <strong>1083<\/strong><br \/>(+26 for winning)\n","uploadtime":1700803092,"views":4,"p1id":"logahdraken","p2id":"philippinesuser","formatid":"gen9ubers","rating":1000,"private":0,"password":""}