{"id":"gen9ubers-1980625198","p1":"AlicieLizzie","p2":"Laprasrules12","format":"[Gen 9] Ubers","log":"|j|\u2606AlicieLizzie\n|j|\u2606Laprasrules12\n|t:|1698804698\n|gametype|singles\n|player|p1|AlicieLizzie|marnie-masters3|\n|player|p2|Laprasrules12|lusamine-nihilego|\n|teamsize|p1|6\n|teamsize|p2|6\n|gen|9\n|tier|[Gen 9] Ubers\n|rule|Sleep Clause Mod: Limit one foe put to sleep\n|rule|Species Clause: Limit one of each Pok\u00e9mon\n|rule|OHKO Clause: OHKO moves are banned\n|rule|Evasion Items Clause: Evasion items are banned\n|rule|Evasion Moves Clause: Evasion moves are banned\n|rule|Endless Battle Clause: Forcing endless battles is banned\n|rule|HP Percentage Mod: HP is shown in percentages\n|clearpoke\n|poke|p1|Ninetales-Alola, M|\n|poke|p1|Kommo-o, F|\n|poke|p1|Zacian-*|\n|poke|p1|Ursaluna-Bloodmoon, M|\n|poke|p1|Palafin, F|\n|poke|p1|Arceus-Fire|\n|poke|p2|Arceus-Fighting|\n|poke|p2|Espathra, F|\n|poke|p2|Zacian-*|\n|poke|p2|Palkia-Origin|\n|poke|p2|Cyclizar, F|\n|poke|p2|Magearna-Original|\n|teampreview\n|inactive|Battle timer is ON: inactive players will automatically lose when time's up. (requested by AlicieLizzie)\n|inactive|Laprasrules12 also wants the timer to be on.\n|\n|t:|1698804706\n|start\n|switch|p1a: Nine Inch Tails|Ninetales-Alola, M|100\/100\n|switch|p2a: Say Gex|Cyclizar, F, shiny|100\/100\n|-weather|Snow|[from] ability: Snow Warning|[of] p1a: Nine Inch Tails\n|turn|1\n|\n|t:|1698804709\n|move|p2a: Say Gex|Shed Tail|p2a: Say Gex\n|-start|p2a: Say Gex|Substitute|[from] move: Shed Tail\n|-damage|p2a: Say Gex|50\/100\n|\n|t:|1698804711\n|switch|p2a: Cleopatra|Espathra, F, shiny|100\/100|[from] Shed Tail\n|move|p1a: Nine Inch Tails|Aurora Veil|p1a: Nine Inch Tails\n|-sidestart|p1: AlicieLizzie|move: Aurora Veil\n|\n|-weather|Snow|[upkeep]\n|upkeep\n|turn|2\n|\n|t:|1698804719\n|switch|p1a: Fommo-o Fighters|Kommo-o, F|100\/100\n|move|p2a: Cleopatra|Calm Mind|p2a: Cleopatra\n|-boost|p2a: Cleopatra|spa|1\n|-boost|p2a: Cleopatra|spd|1\n|\n|-weather|Snow|[upkeep]\n|-ability|p2a: Cleopatra|Speed Boost|boost\n|-boost|p2a: Cleopatra|spe|1\n|upkeep\n|turn|3\n|\n|t:|1698804725\n|-terastallize|p1a: Fommo-o Fighters|Normal\n|move|p2a: Cleopatra|Calm Mind|p2a: Cleopatra\n|-boost|p2a: Cleopatra|spa|1\n|-boost|p2a: Cleopatra|spd|1\n|move|p1a: Fommo-o Fighters|Clangorous Soul|p1a: Fommo-o Fighters\n|-boost|p1a: Fommo-o Fighters|atk|1\n|-boost|p1a: Fommo-o Fighters|def|1\n|-boost|p1a: Fommo-o Fighters|spa|1\n|-boost|p1a: Fommo-o Fighters|spd|1\n|-boost|p1a: Fommo-o Fighters|spe|1\n|-damage|p1a: Fommo-o Fighters|68\/100\n|-enditem|p1a: Fommo-o Fighters|Throat Spray\n|-boost|p1a: Fommo-o Fighters|spa|1|[from] item: Throat Spray\n|\n|-weather|Snow|[upkeep]\n|-ability|p2a: Cleopatra|Speed Boost|boost\n|-boost|p2a: Cleopatra|spe|1\n|upkeep\n|turn|4\n|\n|t:|1698804728\n|move|p2a: Cleopatra|Protect|p2a: Cleopatra\n|-singleturn|p2a: Cleopatra|Protect\n|move|p1a: Fommo-o Fighters|Boomburst|p2a: Cleopatra\n|-activate|p2a: Cleopatra|move: Protect\n|\n|-weather|Snow|[upkeep]\n|-ability|p2a: Cleopatra|Speed Boost|boost\n|-boost|p2a: Cleopatra|spe|1\n|upkeep\n|turn|5\n|\n|t:|1698804731\n|-terastallize|p2a: Cleopatra|Fighting\n|move|p2a: Cleopatra|Tera Blast|p1a: Fommo-o Fighters|[anim] Tera Blast Fighting\n|-supereffective|p1a: Fommo-o Fighters\n|-damage|p1a: Fommo-o Fighters|6\/100\n|move|p1a: Fommo-o Fighters|Boomburst|p2a: Cleopatra\n|-damage|p2a: Cleopatra|10\/100\n|\n|-weather|none\n|-heal|p2a: Cleopatra|16\/100|[from] item: Leftovers\n|-ability|p2a: Cleopatra|Speed Boost|boost\n|-boost|p2a: Cleopatra|spe|1\n|upkeep\n|turn|6\n|c|\u2606AlicieLizzie|<\/3\n|\n|t:|1698804745\n|move|p2a: Cleopatra|Protect|p2a: Cleopatra\n|-singleturn|p2a: Cleopatra|Protect\n|move|p1a: Fommo-o Fighters|Boomburst|p2a: Cleopatra\n|-activate|p2a: Cleopatra|move: Protect\n|\n|-heal|p2a: Cleopatra|22\/100|[from] item: Leftovers\n|-ability|p2a: Cleopatra|Speed Boost|boost\n|-boost|p2a: Cleopatra|spe|1\n|upkeep\n|turn|7\n|c|\u2606Laprasrules12|Rip\n|\n|t:|1698804749\n|move|p2a: Cleopatra|Stored Power|p1a: Fommo-o Fighters\n|-damage|p1a: Fommo-o Fighters|0 fnt\n|faint|p1a: Fommo-o Fighters\n|\n|-heal|p2a: Cleopatra|28\/100|[from] item: Leftovers\n|-ability|p2a: Cleopatra|Speed Boost|boost\n|-boost|p2a: Cleopatra|spe|1\n|upkeep\n|\n|t:|1698804751\n|switch|p1a: Fin Halen|Palafin, F|100\/100\n|turn|8\n|\n|t:|1698804755\n|detailschange|p1a: Fin Halen|Palafin-Hero, F\n|switch|p1a: Arcs N\u2019 Roses|Arceus-Fire|100\/100\n|move|p2a: Cleopatra|Stored Power|p1a: Arcs N\u2019 Roses\n|-damage|p1a: Arcs N\u2019 Roses|14\/100\n|\n|-heal|p2a: Cleopatra|34\/100|[from] item: Leftovers\n|-sideend|p1: AlicieLizzie|move: Aurora Veil\n|upkeep\n|turn|9\n|\n|t:|1698804758\n|move|p1a: Arcs N\u2019 Roses|Extreme Speed|p2a: Cleopatra\n|-end|p2a: Cleopatra|Substitute\n|move|p2a: Cleopatra|Stored Power|p1a: Arcs N\u2019 Roses\n|-damage|p1a: Arcs N\u2019 Roses|0 fnt\n|faint|p1a: Arcs N\u2019 Roses\n|\n|-heal|p2a: Cleopatra|40\/100|[from] item: Leftovers\n|upkeep\n|\n|t:|1698804762\n|switch|p1a: Fin Halen|Palafin-Hero, F|100\/100\n|-activate|p1a: Fin Halen|ability: Zero to Hero\n|turn|10\n|\n|t:|1698804764\n|move|p2a: Cleopatra|Protect|p2a: Cleopatra\n|-singleturn|p2a: Cleopatra|Protect\n|move|p1a: Fin Halen|Jet Punch|p2a: Cleopatra\n|-activate|p2a: Cleopatra|move: Protect\n|\n|-heal|p2a: Cleopatra|46\/100|[from] item: Leftovers\n|upkeep\n|turn|11\n|\n|t:|1698804766\n|move|p1a: Fin Halen|Jet Punch|p2a: Cleopatra\n|-damage|p2a: Cleopatra|0 fnt\n|faint|p2a: Cleopatra\n|\n|upkeep\n|c|\u2606Laprasrules12|Rip\n|\n|t:|1698804770\n|switch|p2a: The Horse|Palkia-Origin, shiny|100\/100\n|-ability|p2a: The Horse|Pressure\n|turn|12\n|\n|t:|1698804783\n|switch|p2a: Sif|Zacian, shiny|100\/100\n|-ability|p2a: Sif|Intrepid Sword|boost\n|-boost|p2a: Sif|atk|1\n|switch|p1a: Nine Inch Tails|Ninetales-Alola, M|100\/100\n|-weather|Snow|[from] ability: Snow Warning|[of] p1a: Nine Inch Tails\n|\n|-weather|Snow|[upkeep]\n|upkeep\n|turn|13\n|\n|t:|1698804789\n|move|p2a: Sif|Play Rough|p1a: Nine Inch Tails\n|-damage|p1a: Nine Inch Tails|17\/100\n|-damage|p2a: Sif|91\/100|[from] item: Life Orb\n|move|p1a: Nine Inch Tails|Aurora Veil|p1a: Nine Inch Tails\n|-sidestart|p1: AlicieLizzie|move: Aurora Veil\n|\n|-weather|Snow|[upkeep]\n|upkeep\n|turn|14\n|c|\u2606Laprasrules12|Damn\n|c|\u2606AlicieLizzie|why does that do so much\n|c|\u2606AlicieLizzie|i have the snow def boost too\n|c|\u2606Laprasrules12|Zacian\n|c|\u2606AlicieLizzie|true\n|\n|t:|1698804818\n|switch|p1a: URSA\/LUNA|Ursaluna-Bloodmoon, M|100\/100\n|move|p2a: Sif|Play Rough|p1a: URSA\/LUNA\n|-damage|p1a: URSA\/LUNA|69\/100\n|-damage|p2a: Sif|81\/100|[from] item: Life Orb\n|\n|-weather|Snow|[upkeep]\n|-heal|p1a: URSA\/LUNA|75\/100|[from] item: Leftovers\n|upkeep\n|turn|15\n|\n|t:|1698804822\n|move|p2a: Sif|Close Combat|p1a: URSA\/LUNA\n|-supereffective|p1a: URSA\/LUNA\n|-damage|p1a: URSA\/LUNA|20\/100\n|-unboost|p2a: Sif|def|1\n|-unboost|p2a: Sif|spd|1\n|-damage|p2a: Sif|71\/100|[from] item: Life Orb\n|move|p1a: URSA\/LUNA|Calm Mind|p1a: URSA\/LUNA\n|-boost|p1a: URSA\/LUNA|spa|1\n|-boost|p1a: URSA\/LUNA|spd|1\n|\n|-weather|Snow|[upkeep]\n|-heal|p1a: URSA\/LUNA|26\/100|[from] item: Leftovers\n|upkeep\n|turn|16\n|c|\u2606Laprasrules12|Damn\n|c|\u2606AlicieLizzie|oh\n|c|\u2606AlicieLizzie|you are not choiced\n|c|\u2606AlicieLizzie|i am dumb\n|c|\u2606Laprasrules12|Fredsy dies\n|\n|t:|1698804839\n|move|p2a: Sif|Close Combat|p1a: URSA\/LUNA\n|-supereffective|p1a: URSA\/LUNA\n|-damage|p1a: URSA\/LUNA|0 fnt\n|-unboost|p2a: Sif|def|1\n|-unboost|p2a: Sif|spd|1\n|faint|p1a: URSA\/LUNA\n|-damage|p2a: Sif|61\/100|[from] item: Life Orb\n|\n|-weather|none\n|upkeep\n|\n|t:|1698804844\n|switch|p1a: Zac Sabbath|Zacian|100\/100\n|-ability|p1a: Zac Sabbath|Intrepid Sword|boost\n|-boost|p1a: Zac Sabbath|atk|1\n|turn|17\n|\n|t:|1698804846\n|move|p2a: Sif|Play Rough|p1a: Zac Sabbath\n|-damage|p1a: Zac Sabbath|63\/100\n|-damage|p2a: Sif|51\/100|[from] item: Life Orb\n|move|p1a: Zac Sabbath|Play Rough|p2a: Sif\n|-damage|p2a: Sif|0 fnt\n|faint|p2a: Sif\n|\n|-heal|p1a: Zac Sabbath|69\/100|[from] item: Leftovers\n|upkeep\n|\n|t:|1698804852\n|switch|p2a: Pok\u00e9ball|Magearna-Original|100\/100\n|turn|18\n|\n|t:|1698804858\n|move|p1a: Zac Sabbath|Close Combat|p2a: Pok\u00e9ball\n|-damage|p2a: Pok\u00e9ball|52\/100\n|-unboost|p1a: Zac Sabbath|def|1\n|-unboost|p1a: Zac Sabbath|spd|1\n|move|p2a: Pok\u00e9ball|Thunder Wave|p1a: Zac Sabbath\n|-status|p1a: Zac Sabbath|par\n|\n|-heal|p1a: Zac Sabbath|75\/100 par|[from] item: Leftovers\n|-heal|p2a: Pok\u00e9ball|58\/100|[from] item: Leftovers\n|upkeep\n|turn|19\n|\n|t:|1698804864\n|move|p1a: Zac Sabbath|Iron Head|p2a: Pok\u00e9ball\n|-damage|p2a: Pok\u00e9ball|26\/100\n|cant|p2a: Pok\u00e9ball|flinch\n|\n|-heal|p1a: Zac Sabbath|81\/100 par|[from] item: Leftovers\n|-heal|p2a: Pok\u00e9ball|32\/100|[from] item: Leftovers\n|upkeep\n|turn|20\n|\n|t:|1698804868\n|cant|p1a: Zac Sabbath|par\n|move|p2a: Pok\u00e9ball|Fleur Cannon|p1a: Zac Sabbath\n|-damage|p1a: Zac Sabbath|39\/100 par\n|-unboost|p2a: Pok\u00e9ball|spa|2\n|\n|-heal|p1a: Zac Sabbath|45\/100 par|[from] item: Leftovers\n|-heal|p2a: Pok\u00e9ball|38\/100|[from] item: Leftovers\n|-sideend|p1: AlicieLizzie|move: Aurora Veil\n|upkeep\n|turn|21\n|\n|t:|1698804872\n|move|p1a: Zac Sabbath|Iron Head|p2a: Pok\u00e9ball\n|-damage|p2a: Pok\u00e9ball|6\/100\n|cant|p2a: Pok\u00e9ball|flinch\n|\n|-heal|p1a: Zac Sabbath|52\/100 par|[from] item: Leftovers\n|-heal|p2a: Pok\u00e9ball|12\/100|[from] item: Leftovers\n|upkeep\n|turn|22\n|\n|t:|1698804875\n|move|p1a: Zac Sabbath|Iron Head|p2a: Pok\u00e9ball\n|-damage|p2a: Pok\u00e9ball|0 fnt\n|faint|p2a: Pok\u00e9ball\n|\n|-heal|p1a: Zac Sabbath|58\/100 par|[from] item: Leftovers\n|upkeep\n|c|\u2606AlicieLizzie|wow\n|c|\u2606Laprasrules12|Brush\n|\n|t:|1698804880\n|switch|p2a: The Horse|Palkia-Origin, shiny|100\/100\n|-ability|p2a: The Horse|Pressure\n|turn|23\n|\n|t:|1698804896\n|move|p2a: The Horse|Flamethrower|p1a: Zac Sabbath\n|-damage|p1a: Zac Sabbath|6\/100 par\n|cant|p1a: Zac Sabbath|par\n|\n|-heal|p1a: Zac Sabbath|12\/100 par|[from] item: Leftovers\n|upkeep\n|turn|24\n|\n|t:|1698804899\n|switch|p1a: Fin Halen|Palafin-Hero, F|100\/100\n|move|p2a: The Horse|Flamethrower|p1a: Fin Halen\n|-resisted|p1a: Fin Halen\n|-damage|p1a: Fin Halen|81\/100\n|\n|upkeep\n|turn|25\n|\n|t:|1698804903\n|move|p2a: The Horse|Spacial Rend|p1a: Fin Halen\n|-damage|p1a: Fin Halen|5\/100\n|move|p1a: Fin Halen|Close Combat|p2a: The Horse\n|-crit|p2a: The Horse\n|-damage|p2a: The Horse|0 fnt\n|-unboost|p1a: Fin Halen|def|1\n|-unboost|p1a: Fin Halen|spd|1\n|faint|p2a: The Horse\n|\n|upkeep\n|\n|t:|1698804908\n|switch|p2a: Kratos|Arceus-Fighting, shiny|100\/100\n|turn|26\n|c|\u2606Laprasrules12|Bruh\n|inactive|AlicieLizzie has 270 seconds left.\n|\n|t:|1698804944\n|switch|p1a: Nine Inch Tails|Ninetales-Alola, M|17\/100\n|-weather|Snow|[from] ability: Snow Warning|[of] p1a: Nine Inch Tails\n|move|p2a: Kratos|Body Press|p1a: Nine Inch Tails\n|-damage|p1a: Nine Inch Tails|0 fnt\n|faint|p1a: Nine Inch Tails\n|\n|-weather|Snow|[upkeep]\n|upkeep\n|\n|t:|1698804950\n|switch|p1a: Fin Halen|Palafin-Hero, F|5\/100\n|turn|27\n|\n|t:|1698804953\n|move|p1a: Fin Halen|Jet Punch|p2a: Kratos\n|-damage|p2a: Kratos|72\/100\n|move|p2a: Kratos|Body Press|p1a: Fin Halen\n|-damage|p1a: Fin Halen|0 fnt\n|faint|p1a: Fin Halen\n|\n|-weather|Snow|[upkeep]\n|upkeep\n|\n|t:|1698804955\n|switch|p1a: Zac Sabbath|Zacian|12\/100 par\n|turn|28\n|\n|t:|1698804957\n|move|p2a: Kratos|Body Press|p1a: Zac Sabbath\n|-resisted|p1a: Zac Sabbath\n|-damage|p1a: Zac Sabbath|0 fnt\n|faint|p1a: Zac Sabbath\n|\n|win|Laprasrules12\n|c|\u2606Laprasrules12|GG\n|c|\u2606AlicieLizzie|gg\n","uploadtime":1698804963,"views":14,"p1id":"alicielizzie","p2id":"laprasrules12","formatid":"gen9ubers","rating":0,"private":0,"password":""}