{"id":"gen9ubers-1993509653","p1":"LITLE0","p2":"bugs are funny","format":"[Gen 9] Ubers","log":"|j|\u2606LITLE0\n|j|\u2606bugs are funny\n|t:|1700326292\n|gametype|singles\n|player|p1|LITLE0|brock|1203\n|player|p2|bugs are funny|winona|1168\n|teamsize|p1|6\n|teamsize|p2|6\n|gen|9\n|tier|[Gen 9] Ubers\n|rated|\n|rule|Sleep Clause Mod: Limit one foe put to sleep\n|rule|Species Clause: Limit one of each Pok\u00e9mon\n|rule|OHKO Clause: OHKO moves are banned\n|rule|Evasion Items Clause: Evasion items are banned\n|rule|Evasion Moves Clause: Evasion moves are banned\n|rule|Endless Battle Clause: Forcing endless battles is banned\n|rule|HP Percentage Mod: HP is shown in percentages\n|clearpoke\n|poke|p1|Amoonguss, M|\n|poke|p1|Ceruledge, F|\n|poke|p1|Cyclizar, M|\n|poke|p1|Dondozo, M|\n|poke|p1|Gliscor, M|\n|poke|p1|Zacian-*|\n|poke|p2|Glimmora, M|\n|poke|p2|Arboliva, M|\n|poke|p2|Palafin, M|\n|poke|p2|Armarouge, F|\n|poke|p2|Mudsdale, M|\n|poke|p2|Kingambit, F|\n|teampreview\n|\n|t:|1700326304\n|start\n|switch|p1a: Cyclizar|Cyclizar, M|100\/100\n|switch|p2a: Mudsdale|Mudsdale, M|100\/100\n|turn|1\n|\n|t:|1700326308\n|move|p1a: Cyclizar|Shed Tail|p1a: Cyclizar\n|-start|p1a: Cyclizar|Substitute|[from] move: Shed Tail\n|-damage|p1a: Cyclizar|50\/100\n|\n|t:|1700326311\n|switch|p1a: Ceruledge|Ceruledge, F|100\/100|[from] Shed Tail\n|move|p2a: Mudsdale|Roar|p1a: Ceruledge\n|drag|p1a: Zacian|Zacian-Crowned|100\/100\n|-ability|p1a: Zacian|Intrepid Sword|boost\n|-boost|p1a: Zacian|atk|1\n|\n|upkeep\n|turn|2\n|\n|t:|1700326320\n|move|p1a: Zacian|Play Rough|p2a: Mudsdale\n|-damage|p2a: Mudsdale|51\/100\n|-ability|p2a: Mudsdale|Stamina|boost\n|-boost|p2a: Mudsdale|def|1\n|move|p2a: Mudsdale|Earthquake|p1a: Zacian\n|-supereffective|p1a: Zacian\n|-damage|p1a: Zacian|16\/100\n|\n|-heal|p2a: Mudsdale|58\/100|[from] item: Leftovers\n|upkeep\n|turn|3\n|\n|t:|1700326329\n|move|p1a: Zacian|Play Rough|p2a: Mudsdale\n|-damage|p2a: Mudsdale|23\/100\n|-ability|p2a: Mudsdale|Stamina|boost\n|-boost|p2a: Mudsdale|def|1\n|move|p2a: Mudsdale|Earthquake|p1a: Zacian\n|-supereffective|p1a: Zacian\n|-damage|p1a: Zacian|0 fnt\n|faint|p1a: Zacian\n|\n|-heal|p2a: Mudsdale|29\/100|[from] item: Leftovers\n|upkeep\n|\n|t:|1700326335\n|switch|p1a: Gliscor|Gliscor, M|100\/100\n|turn|4\n|\n|t:|1700326337\n|move|p1a: Gliscor|Toxic|p2a: Mudsdale\n|-status|p2a: Mudsdale|tox\n|move|p2a: Mudsdale|Roar|p1a: Gliscor\n|drag|p1a: Cyclizar|Cyclizar, M|84\/100\n|\n|-heal|p2a: Mudsdale|36\/100 tox|[from] item: Leftovers\n|-damage|p2a: Mudsdale|29\/100 tox|[from] psn\n|upkeep\n|turn|5\n|\n|t:|1700326345\n|move|p1a: Cyclizar|Shed Tail|p1a: Cyclizar\n|-start|p1a: Cyclizar|Substitute|[from] move: Shed Tail\n|-damage|p1a: Cyclizar|34\/100\n|\n|t:|1700326350\n|switch|p1a: Ceruledge|Ceruledge, F|100\/100|[from] Shed Tail\n|move|p2a: Mudsdale|Earthquake|p1a: Ceruledge\n|-supereffective|p1a: Ceruledge\n|-end|p1a: Ceruledge|Substitute\n|\n|-heal|p2a: Mudsdale|36\/100 tox|[from] item: Leftovers\n|-damage|p2a: Mudsdale|23\/100 tox|[from] psn\n|upkeep\n|turn|6\n|\n|t:|1700326358\n|move|p1a: Ceruledge|Endure|p1a: Ceruledge\n|-singleturn|p1a: Ceruledge|move: Endure\n|move|p2a: Mudsdale|Earthquake|p1a: Ceruledge\n|-supereffective|p1a: Ceruledge\n|-activate|p1a: Ceruledge|move: Endure\n|-damage|p1a: Ceruledge|1\/100\n|-ability|p1a: Ceruledge|Weak Armor|boost\n|-unboost|p1a: Ceruledge|def|1\n|-boost|p1a: Ceruledge|spe|2\n|-enditem|p1a: Ceruledge|Weakness Policy\n|-boost|p1a: Ceruledge|atk|2|[from] item: Weakness Policy\n|-boost|p1a: Ceruledge|spa|2|[from] item: Weakness Policy\n|\n|-heal|p2a: Mudsdale|29\/100 tox|[from] item: Leftovers\n|-damage|p2a: Mudsdale|11\/100 tox|[from] psn\n|upkeep\n|turn|7\n|\n|t:|1700326371\n|move|p1a: Ceruledge|Bitter Blade|p2a: Mudsdale\n|-damage|p2a: Mudsdale|0 fnt\n|-heal|p1a: Ceruledge|8\/100|[from] drain|[of] p2a: Mudsdale\n|faint|p2a: Mudsdale\n|\n|upkeep\n|\n|t:|1700326374\n|switch|p2a: Glimmora|Glimmora, M|100\/100\n|turn|8\n|\n|t:|1700326380\n|move|p1a: Ceruledge|Poltergeist|p2a: Glimmora\n|-activate|p2a: Glimmora|move: Poltergeist|Focus Sash\n|-enditem|p2a: Glimmora|Focus Sash\n|-damage|p2a: Glimmora|1\/100\n|-activate|p2a: Glimmora|ability: Toxic Debris\n|-sidestart|p1: LITLE0|move: Toxic Spikes\n|move|p2a: Glimmora|Earth Power|p1a: Ceruledge\n|-supereffective|p1a: Ceruledge\n|-damage|p1a: Ceruledge|0 fnt\n|faint|p1a: Ceruledge\n|\n|upkeep\n|\n|t:|1700326393\n|switch|p1a: Gliscor|Gliscor, M|100\/100\n|turn|9\n|\n|t:|1700326396\n|move|p1a: Gliscor|Knock Off|p2a: Glimmora\n|-damage|p2a: Glimmora|0 fnt\n|-activate|p2a: Glimmora|ability: Toxic Debris\n|-sidestart|p1: LITLE0|move: Toxic Spikes\n|faint|p2a: Glimmora\n|\n|-status|p1a: Gliscor|tox|[from] item: Toxic Orb\n|upkeep\n|\n|t:|1700326402\n|switch|p2a: Palafin|Palafin, M|100\/100\n|turn|10\n|\n|t:|1700326405\n|switch|p1a: Amoonguss|Amoonguss, M|100\/100\n|-sideend|p1: LITLE0|move: Toxic Spikes|[of] p1a: Amoonguss\n|move|p2a: Palafin|Flip Turn|p1a: Amoonguss\n|-resisted|p1a: Amoonguss\n|-damage|p1a: Amoonguss|83\/100\n|\n|t:|1700326412\n|detailschange|p2a: Palafin|Palafin-Hero, M\n|switch|p2a: Armarouge|Armarouge, F|100\/100|[from] Flip Turn\n|\n|-heal|p1a: Amoonguss|89\/100|[from] item: Leftovers\n|upkeep\n|turn|11\n|\n|t:|1700326422\n|switch|p1a: Dondozo|Dondozo, M|100\/100\n|move|p2a: Armarouge|Armor Cannon|p1a: Dondozo\n|-resisted|p1a: Dondozo\n|-damage|p1a: Dondozo|70\/100\n|-unboost|p2a: Armarouge|def|1\n|-unboost|p2a: Armarouge|spd|1\n|\n|-heal|p1a: Dondozo|76\/100|[from] item: Leftovers\n|upkeep\n|turn|12\n|\n|t:|1700326433\n|move|p2a: Armarouge|Energy Ball|p1a: Dondozo\n|-supereffective|p1a: Dondozo\n|-damage|p1a: Dondozo|18\/100\n|move|p1a: Dondozo|Liquidation|p2a: Armarouge\n|-supereffective|p2a: Armarouge\n|-damage|p2a: Armarouge|38\/100\n|\n|-heal|p1a: Dondozo|24\/100|[from] item: Leftovers\n|upkeep\n|turn|13\n|\n|t:|1700326443\n|switch|p1a: Cyclizar|Cyclizar, M|67\/100\n|move|p2a: Armarouge|Psyshock|p1a: Cyclizar\n|-damage|p1a: Cyclizar|9\/100\n|\n|upkeep\n|turn|14\n|\n|t:|1700326448\n|move|p1a: Cyclizar|U-turn|p2a: Armarouge\n|-damage|p2a: Armarouge|16\/100\n|\n|t:|1700326452\n|switch|p1a: Gliscor|Gliscor, M|100\/100 tox|[from] U-turn\n|move|p2a: Armarouge|Psyshock|p1a: Gliscor\n|-damage|p1a: Gliscor|60\/100 tox\n|\n|-heal|p1a: Gliscor|72\/100 tox|[from] ability: Poison Heal\n|upkeep\n|turn|15\n|\n|t:|1700326460\n|move|p1a: Gliscor|Knock Off|p2a: Armarouge\n|-supereffective|p2a: Armarouge\n|-damage|p2a: Armarouge|0 fnt\n|-enditem|p2a: Armarouge|Heavy-Duty Boots|[from] move: Knock Off|[of] p1a: Gliscor\n|faint|p2a: Armarouge\n|\n|-heal|p1a: Gliscor|85\/100 tox|[from] ability: Poison Heal\n|upkeep\n|\n|t:|1700326463\n|switch|p2a: Palafin|Palafin-Hero, M|100\/100\n|-activate|p2a: Palafin|ability: Zero to Hero\n|turn|16\n|l|\u2606bugs are funny\n|player|p2|\n|\n|t:|1700326483\n|switch|p1a: Dondozo|Dondozo, M|24\/100\n|move|p2a: Palafin|Ice Punch|p1a: Dondozo\n|-resisted|p1a: Dondozo\n|-damage|p1a: Dondozo|13\/100\n|\n|-heal|p1a: Dondozo|19\/100|[from] item: Leftovers\n|upkeep\n|turn|17\n|j|\u2606bugs are funny\n|player|p2|bugs are funny|winona\n|inactive|Battle timer is ON: inactive players will automatically lose when time's up. (requested by LITLE0)\n|\n|t:|1700326493\n|move|p2a: Palafin|Ice Punch|p1a: Dondozo\n|-resisted|p1a: Dondozo\n|-damage|p1a: Dondozo|7\/100\n|move|p1a: Dondozo|Rest|p1a: Dondozo\n|-status|p1a: Dondozo|slp|[from] move: Rest\n|-heal|p1a: Dondozo|100\/100 slp|[silent]\n|\n|upkeep\n|turn|18\n|\n|t:|1700326501\n|switch|p2a: Arboliva|Arboliva, M|100\/100\n|cant|p1a: Dondozo|slp\n|move|p1a: Dondozo|Sleep Talk|p1a: Dondozo\n|move|p1a: Dondozo|Body Press|p2a: Arboliva|[from]move: Sleep Talk\n|-supereffective|p2a: Arboliva\n|-damage|p2a: Arboliva|49\/100\n|-enditem|p2a: Arboliva|Sitrus Berry|[eat]\n|-heal|p2a: Arboliva|74\/100|[from] item: Sitrus Berry\n|\n|-item|p2a: Arboliva|Sitrus Berry|[from] ability: Harvest\n|upkeep\n|turn|19\n|\n|t:|1700326515\n|switch|p1a: Gliscor|Gliscor, M|85\/100 tox\n|move|p2a: Arboliva|Giga Drain|p1a: Gliscor\n|-damage|p1a: Gliscor|34\/100 tox\n|-heal|p2a: Arboliva|94\/100|[from] drain|[of] p1a: Gliscor\n|\n|-heal|p1a: Gliscor|46\/100 tox|[from] ability: Poison Heal\n|upkeep\n|turn|20\n|\n|t:|1700326523\n|move|p1a: Gliscor|Protect|p1a: Gliscor\n|-singleturn|p1a: Gliscor|Protect\n|move|p2a: Arboliva|Protect||[still]\n|-fail|p2a: Arboliva\n|\n|-heal|p1a: Gliscor|59\/100 tox|[from] ability: Poison Heal\n|upkeep\n|turn|21\n|\n|t:|1700326529\n|move|p1a: Gliscor|Toxic|p2a: Arboliva\n|-status|p2a: Arboliva|tox\n|move|p2a: Arboliva|Giga Drain|p1a: Gliscor\n|-damage|p1a: Gliscor|14\/100 tox\n|-heal|p2a: Arboliva|100\/100 tox|[from] drain|[of] p1a: Gliscor\n|\n|-heal|p1a: Gliscor|27\/100 tox|[from] ability: Poison Heal\n|-damage|p2a: Arboliva|94\/100 tox|[from] psn\n|upkeep\n|turn|22\n|\n|t:|1700326538\n|switch|p2a: Palafin|Palafin-Hero, M|100\/100\n|move|p1a: Gliscor|Protect||[still]\n|-fail|p1a: Gliscor\n|\n|-heal|p1a: Gliscor|39\/100 tox|[from] ability: Poison Heal\n|upkeep\n|turn|23\n|\n|t:|1700326550\n|switch|p1a: Dondozo|Dondozo, M|100\/100 slp\n|move|p2a: Palafin|Jet Punch|p1a: Dondozo\n|-resisted|p1a: Dondozo\n|-damage|p1a: Dondozo|86\/100 slp\n|\n|-heal|p1a: Dondozo|92\/100 slp|[from] item: Leftovers\n|upkeep\n|turn|24\n|\n|t:|1700326557\n|switch|p2a: Arboliva|Arboliva, M|94\/100 tox\n|cant|p1a: Dondozo|slp\n|move|p1a: Dondozo|Sleep Talk|p1a: Dondozo\n|move|p1a: Dondozo|Rest||[from]move: Sleep Talk|[still]\n|-fail|p1a: Dondozo\n|\n|-heal|p1a: Dondozo|99\/100 slp|[from] item: Leftovers\n|-damage|p2a: Arboliva|88\/100 tox|[from] psn\n|upkeep\n|turn|25\n|\n|t:|1700326568\n|switch|p1a: Amoonguss|Amoonguss, M|100\/100\n|move|p2a: Arboliva|Giga Drain|p1a: Amoonguss\n|-resisted|p1a: Amoonguss\n|-damage|p1a: Amoonguss|95\/100\n|-heal|p2a: Arboliva|92\/100 tox|[from] drain|[of] p1a: Amoonguss\n|\n|-heal|p1a: Amoonguss|100\/100|[from] item: Leftovers\n|-damage|p2a: Arboliva|79\/100 tox|[from] psn\n|upkeep\n|turn|26\n|\n|t:|1700326584\n|move|p2a: Arboliva|Earth Power|p1a: Amoonguss\n|-damage|p1a: Amoonguss|82\/100\n|move|p1a: Amoonguss|Foul Play|p2a: Arboliva\n|-damage|p2a: Arboliva|66\/100 tox\n|\n|-heal|p1a: Amoonguss|89\/100|[from] item: Leftovers\n|-damage|p2a: Arboliva|48\/100 tox|[from] psn\n|upkeep\n|-enditem|p2a: Arboliva|Sitrus Berry|[eat]\n|-heal|p2a: Arboliva|73\/100 tox|[from] item: Sitrus Berry\n|turn|27\n|\n|t:|1700326597\n|switch|p1a: Cyclizar|Cyclizar, M|42\/100\n|move|p2a: Arboliva|Giga Drain|p1a: Cyclizar\n|-resisted|p1a: Cyclizar\n|-damage|p1a: Cyclizar|21\/100\n|-heal|p2a: Arboliva|83\/100 tox|[from] drain|[of] p1a: Cyclizar\n|\n|-damage|p2a: Arboliva|59\/100 tox|[from] psn\n|-item|p2a: Arboliva|Sitrus Berry|[from] ability: Harvest\n|upkeep\n|turn|28\n|\n|t:|1700326607\n|switch|p1a: Amoonguss|Amoonguss, M|100\/100\n|move|p2a: Arboliva|Giga Drain|p1a: Amoonguss\n|-resisted|p1a: Amoonguss\n|-damage|p1a: Amoonguss|95\/100\n|-heal|p2a: Arboliva|62\/100 tox|[from] drain|[of] p1a: Amoonguss\n|\n|-heal|p1a: Amoonguss|100\/100|[from] item: Leftovers\n|-damage|p2a: Arboliva|31\/100 tox|[from] psn\n|upkeep\n|-enditem|p2a: Arboliva|Sitrus Berry|[eat]\n|-heal|p2a: Arboliva|56\/100 tox|[from] item: Sitrus Berry\n|turn|29\n|\n|t:|1700326613\n|switch|p2a: Kingambit|Kingambit, F|100\/100\n|-activate|p2a: Kingambit|ability: Supreme Overlord\n|-start|p2a: Kingambit|fallen3|[silent]\n|switch|p1a: Cyclizar|Cyclizar, M|55\/100\n|\n|upkeep\n|turn|30\n|\n|t:|1700326621\n|switch|p1a: Dondozo|Dondozo, M|99\/100 slp\n|move|p2a: Kingambit|Iron Head|p1a: Dondozo\n|-resisted|p1a: Dondozo\n|-damage|p1a: Dondozo|85\/100 slp\n|\n|-heal|p1a: Dondozo|91\/100 slp|[from] item: Leftovers\n|upkeep\n|turn|31\n|\n|t:|1700326626\n|move|p2a: Kingambit|Low Kick|p1a: Dondozo\n|-damage|p1a: Dondozo|65\/100 slp\n|-curestatus|p1a: Dondozo|slp|[msg]\n|move|p1a: Dondozo|Body Press|p2a: Kingambit\n|-supereffective|p2a: Kingambit\n|-damage|p2a: Kingambit|15\/100\n|\n|-heal|p2a: Kingambit|21\/100|[from] item: Leftovers\n|-heal|p1a: Dondozo|71\/100|[from] item: Leftovers\n|upkeep\n|turn|32\n|\n|t:|1700326640\n|-terastallize|p2a: Kingambit|Fairy\n|move|p2a: Kingambit|Low Kick|p1a: Dondozo\n|-damage|p1a: Dondozo|44\/100\n|move|p1a: Dondozo|Body Press|p2a: Kingambit\n|-resisted|p2a: Kingambit\n|-damage|p2a: Kingambit|10\/100\n|\n|-heal|p2a: Kingambit|16\/100|[from] item: Leftovers\n|-heal|p1a: Dondozo|50\/100|[from] item: Leftovers\n|upkeep\n|turn|33\n|\n|t:|1700326651\n|move|p2a: Kingambit|Low Kick|p1a: Dondozo\n|-damage|p1a: Dondozo|21\/100\n|move|p1a: Dondozo|Rest|p1a: Dondozo\n|-status|p1a: Dondozo|slp|[from] move: Rest\n|-heal|p1a: Dondozo|100\/100 slp|[silent]\n|\n|-heal|p2a: Kingambit|22\/100|[from] item: Leftovers\n|upkeep\n|turn|34\n|\n|t:|1700326659\n|-end|p2a: Kingambit|fallen3|[silent]\n|switch|p2a: Arboliva|Arboliva, M|56\/100 tox\n|cant|p1a: Dondozo|slp\n|move|p1a: Dondozo|Sleep Talk|p1a: Dondozo\n|move|p1a: Dondozo|Body Press|p2a: Arboliva|[from]move: Sleep Talk\n|-supereffective|p2a: Arboliva\n|-damage|p2a: Arboliva|5\/100 tox\n|\n|-damage|p2a: Arboliva|0 fnt|[from] psn\n|faint|p2a: Arboliva\n|upkeep\n|\n|t:|1700326667\n|switch|p2a: Palafin|Palafin-Hero, M|100\/100\n|turn|35\n|\n|t:|1700326672\n|move|p2a: Palafin|Zen Headbutt|p1a: Dondozo\n|-damage|p1a: Dondozo|75\/100 slp\n|cant|p1a: Dondozo|slp\n|move|p1a: Dondozo|Sleep Talk|p1a: Dondozo\n|move|p1a: Dondozo|Body Press|p2a: Palafin|[from]move: Sleep Talk\n|-damage|p2a: Palafin|73\/100\n|\n|-heal|p1a: Dondozo|81\/100 slp|[from] item: Leftovers\n|upkeep\n|turn|36\n|\n|t:|1700326681\n|move|p2a: Palafin|Zen Headbutt|p1a: Dondozo\n|-damage|p1a: Dondozo|59\/100 slp\n|-curestatus|p1a: Dondozo|slp|[msg]\n|move|p1a: Dondozo|Body Press|p2a: Palafin\n|-damage|p2a: Palafin|45\/100\n|\n|-heal|p1a: Dondozo|65\/100|[from] item: Leftovers\n|upkeep\n|turn|37\n|\n|t:|1700326686\n|move|p2a: Palafin|Zen Headbutt|p1a: Dondozo\n|-damage|p1a: Dondozo|40\/100\n|move|p1a: Dondozo|Rest|p1a: Dondozo\n|-status|p1a: Dondozo|slp|[from] move: Rest\n|-heal|p1a: Dondozo|100\/100 slp|[silent]\n|\n|upkeep\n|turn|38\n|\n|t:|1700326693\n|move|p2a: Palafin|Zen Headbutt|p1a: Dondozo\n|-damage|p1a: Dondozo|78\/100 slp\n|cant|p1a: Dondozo|slp\n|cant|p1a: Dondozo|flinch\n|\n|-heal|p1a: Dondozo|84\/100 slp|[from] item: Leftovers\n|upkeep\n|turn|39\n|\n|t:|1700326703\n|move|p2a: Palafin|Zen Headbutt|p1a: Dondozo\n|-damage|p1a: Dondozo|62\/100 slp\n|cant|p1a: Dondozo|slp\n|move|p1a: Dondozo|Sleep Talk|p1a: Dondozo\n|move|p1a: Dondozo|Liquidation|p2a: Palafin|[from]move: Sleep Talk\n|-resisted|p2a: Palafin\n|-damage|p2a: Palafin|30\/100\n|\n|-heal|p1a: Dondozo|69\/100 slp|[from] item: Leftovers\n|upkeep\n|turn|40\n|\n|t:|1700326713\n|move|p2a: Palafin|Zen Headbutt|p1a: Dondozo\n|-damage|p1a: Dondozo|44\/100 slp\n|-curestatus|p1a: Dondozo|slp|[msg]\n|move|p1a: Dondozo|Rest|p1a: Dondozo\n|-status|p1a: Dondozo|slp|[from] move: Rest\n|-heal|p1a: Dondozo|100\/100 slp|[silent]\n|\n|upkeep\n|turn|41\n|\n|t:|1700326720\n|switch|p2a: Kingambit|Kingambit, F, tera:Fairy|22\/100\n|-activate|p2a: Kingambit|ability: Supreme Overlord\n|-start|p2a: Kingambit|fallen4|[silent]\n|cant|p1a: Dondozo|slp\n|move|p1a: Dondozo|Sleep Talk|p1a: Dondozo\n|move|p1a: Dondozo|Body Press|p2a: Kingambit|[from]move: Sleep Talk\n|-resisted|p2a: Kingambit\n|-crit|p2a: Kingambit\n|-damage|p2a: Kingambit|5\/100\n|\n|-heal|p2a: Kingambit|11\/100|[from] item: Leftovers\n|upkeep\n|turn|42\n|-message|bugs are funny forfeited.\n|\n|win|LITLE0\n|raw|LITLE0's rating: 1203 &rarr; <strong>1225<\/strong><br \/>(+22 for winning)\n|raw|bugs are funny's rating: 1168 &rarr; <strong>1146<\/strong><br \/>(-22 for losing)\n|l|\u2606bugs are funny\n","uploadtime":1700326738,"views":5,"p1id":"litle0","p2id":"bugsarefunny","formatid":"gen9ubers","rating":1146,"private":0,"password":""}