{"id":"gen9ubers-1989744641","p1":"Gliscornumber1","p2":"nicktaylor33333","format":"[Gen 9] Ubers","log":"|j|\u203dGliscornumber1\n|j|\u2606nicktaylor33333\n|t:|1699892083\n|gametype|singles\n|player|p1|Gliscornumber1|giovanni|1288\n|player|p2|nicktaylor33333|lance|1326\n|teamsize|p1|6\n|teamsize|p2|6\n|gen|9\n|tier|[Gen 9] Ubers\n|rated|\n|rule|Sleep Clause Mod: Limit one foe put to sleep\n|rule|Species Clause: Limit one of each Pok\u00e9mon\n|rule|OHKO Clause: OHKO moves are banned\n|rule|Evasion Items Clause: Evasion items are banned\n|rule|Evasion Moves Clause: Evasion moves are banned\n|rule|Endless Battle Clause: Forcing endless battles is banned\n|rule|HP Percentage Mod: HP is shown in percentages\n|clearpoke\n|poke|p1|Koraidon|\n|poke|p1|Gliscor, M|\n|poke|p1|Chi-Yu|\n|poke|p1|Regieleki|\n|poke|p1|Espathra, M|\n|poke|p1|Ursaluna-Bloodmoon, M|\n|poke|p2|Miraidon|\n|poke|p2|Ting-Lu|\n|poke|p2|Zacian-*|\n|poke|p2|Eternatus|\n|poke|p2|Arceus|\n|poke|p2|Koraidon|\n|teampreview\n|\n|t:|1699892097\n|start\n|switch|p1a: Gliscor|Gliscor, M|100\/100\n|switch|p2a: oof|Ting-Lu|100\/100\n|-ability|p2a: oof|Vessel of Ruin\n|turn|1\n|\n|t:|1699892106\n|move|p1a: Gliscor|Spikes|p2a: oof\n|-sidestart|p2: nicktaylor33333|Spikes\n|move|p2a: oof|Stealth Rock|p1a: Gliscor\n|-sidestart|p1: Gliscornumber1|move: Stealth Rock\n|\n|-status|p1a: Gliscor|tox|[from] item: Toxic Orb\n|upkeep\n|turn|2\n|\n|t:|1699892113\n|move|p1a: Gliscor|Spikes|p2a: oof\n|-sidestart|p2: nicktaylor33333|Spikes\n|move|p2a: oof|Spikes|p1a: Gliscor\n|-sidestart|p1: Gliscornumber1|Spikes\n|\n|upkeep\n|turn|3\n|\n|t:|1699892117\n|move|p1a: Gliscor|Spikes|p2a: oof\n|-sidestart|p2: nicktaylor33333|Spikes\n|move|p2a: oof|Whirlwind|p1a: Gliscor\n|drag|p1a: Espathra|Espathra, M|100\/100\n|-damage|p1a: Espathra|88\/100|[from] Stealth Rock\n|-damage|p1a: Espathra|76\/100|[from] Spikes\n|\n|-heal|p1a: Espathra|82\/100|[from] item: Leftovers\n|upkeep\n|turn|4\n|\n|t:|1699892131\n|switch|p1a: Gliscor|Gliscor, M|100\/100 tox\n|-damage|p1a: Gliscor|88\/100 tox|[from] Stealth Rock\n|move|p2a: oof|Earthquake|p1a: Gliscor\n|-immune|p1a: Gliscor\n|\n|-heal|p1a: Gliscor|100\/100 tox|[from] ability: Poison Heal\n|upkeep\n|turn|5\n|\n|t:|1699892140\n|move|p1a: Gliscor|Knock Off|p2a: oof\n|-resisted|p2a: oof\n|-damage|p2a: oof|96\/100\n|-enditem|p2a: oof|Leftovers|[from] move: Knock Off|[of] p1a: Gliscor\n|move|p2a: oof|Whirlwind|p1a: Gliscor\n|drag|p1a: Chi-Yu|Chi-Yu|100\/100\n|-damage|p1a: Chi-Yu|76\/100|[from] Stealth Rock\n|-damage|p1a: Chi-Yu|63\/100|[from] Spikes\n|-ability|p1a: Chi-Yu|Beads of Ruin\n|\n|upkeep\n|turn|6\n|\n|t:|1699892150\n|move|p1a: Chi-Yu|Overheat|p2a: oof\n|-damage|p2a: oof|42\/100\n|-unboost|p1a: Chi-Yu|spa|2\n|move|p2a: oof|Whirlwind|p1a: Chi-Yu\n|drag|p1a: Gliscor|Gliscor, M|100\/100 tox\n|-damage|p1a: Gliscor|88\/100 tox|[from] Stealth Rock\n|\n|-heal|p1a: Gliscor|100\/100 tox|[from] ability: Poison Heal\n|upkeep\n|turn|7\n|\n|t:|1699892159\n|move|p1a: Gliscor|Toxic|p2a: oof\n|-status|p2a: oof|tox\n|move|p2a: oof|Whirlwind|p1a: Gliscor\n|drag|p1a: Ursaluna|Ursaluna-Bloodmoon, M|100\/100\n|-damage|p1a: Ursaluna|94\/100|[from] Stealth Rock\n|-damage|p1a: Ursaluna|82\/100|[from] Spikes\n|\n|-heal|p1a: Ursaluna|88\/100|[from] item: Leftovers\n|-damage|p2a: oof|36\/100 tox|[from] psn\n|upkeep\n|turn|8\n|\n|t:|1699892169\n|move|p1a: Ursaluna|Blood Moon|p2a: oof\n|-damage|p2a: oof|0 fnt\n|faint|p2a: oof\n|\n|-heal|p1a: Ursaluna|94\/100|[from] item: Leftovers\n|upkeep\n|inactive|Battle timer is ON: inactive players will automatically lose when time's up. (requested by Gliscornumber1)\n|\n|t:|1699892219\n|switch|p2a: La-La-La|Koraidon|100\/100\n|-damage|p2a: La-La-La|76\/100|[from] Spikes\n|-weather|SunnyDay|[from] ability: Orichalcum Pulse|[of] p2a: La-La-La\n|-activate|p2a: La-La-La|Orichalcum Pulse|[source]\n|turn|9\n|\n|t:|1699892227\n|switch|p1a: Gliscor|Gliscor, M|100\/100 tox\n|-damage|p1a: Gliscor|88\/100 tox|[from] Stealth Rock\n|move|p2a: La-La-La|U-turn|p1a: Gliscor\n|-resisted|p1a: Gliscor\n|-damage|p1a: Gliscor|75\/100 tox\n|\n|t:|1699892237\n|switch|p2a: Dynamic Staller|Eternatus|100\/100|[from] U-turn\n|-ability|p2a: Dynamic Staller|Pressure\n|\n|-weather|SunnyDay|[upkeep]\n|-heal|p1a: Gliscor|88\/100 tox|[from] ability: Poison Heal\n|upkeep\n|turn|10\n|\n|t:|1699892255\n|move|p2a: Dynamic Staller|Dynamax Cannon|p1a: Gliscor\n|-damage|p1a: Gliscor|19\/100 tox\n|move|p1a: Gliscor|Earthquake|p2a: Dynamic Staller\n|-supereffective|p2a: Dynamic Staller\n|-damage|p2a: Dynamic Staller|46\/100\n|\n|-weather|SunnyDay|[upkeep]\n|-heal|p1a: Gliscor|31\/100 tox|[from] ability: Poison Heal\n|upkeep\n|turn|11\n|\n|t:|1699892267\n|move|p2a: Dynamic Staller|Dynamax Cannon|p1a: Gliscor\n|-damage|p1a: Gliscor|0 fnt\n|faint|p1a: Gliscor\n|\n|-weather|SunnyDay|[upkeep]\n|upkeep\n|\n|t:|1699892270\n|switch|p1a: Regieleki|Regieleki|100\/100\n|turn|12\n|\n|t:|1699892278\n|move|p1a: Regieleki|Rapid Spin|p2a: Dynamic Staller\n|-damage|p2a: Dynamic Staller|38\/100\n|-boost|p1a: Regieleki|spe|1\n|-sideend|p1: Gliscornumber1|Spikes|[from] move: Rapid Spin|[of] p1a: Regieleki\n|-sideend|p1: Gliscornumber1|Stealth Rock|[from] move: Rapid Spin|[of] p1a: Regieleki\n|move|p2a: Dynamic Staller|Toxic|p1a: Regieleki\n|-status|p1a: Regieleki|tox\n|\n|-weather|SunnyDay|[upkeep]\n|-damage|p1a: Regieleki|95\/100 tox|[from] psn\n|upkeep\n|turn|13\n|\n|t:|1699892287\n|-terastallize|p1a: Regieleki|Ice\n|move|p1a: Regieleki|Tera Blast|p2a: Dynamic Staller|[anim] Tera Blast Ice\n|-supereffective|p2a: Dynamic Staller\n|-damage|p2a: Dynamic Staller|0 fnt\n|faint|p2a: Dynamic Staller\n|\n|-weather|none\n|-damage|p1a: Regieleki|83\/100 tox|[from] psn\n|upkeep\n|\n|t:|1699892315\n|switch|p2a: La-La-La|Koraidon|76\/100\n|-damage|p2a: La-La-La|51\/100|[from] Spikes\n|-weather|SunnyDay|[from] ability: Orichalcum Pulse|[of] p2a: La-La-La\n|-activate|p2a: La-La-La|Orichalcum Pulse|[source]\n|turn|14\n|\n|t:|1699892327\n|move|p1a: Regieleki|Tera Blast|p2a: La-La-La|[anim] Tera Blast Ice\n|-supereffective|p2a: La-La-La\n|-damage|p2a: La-La-La|0 fnt\n|faint|p2a: La-La-La\n|\n|-weather|SunnyDay|[upkeep]\n|-damage|p1a: Regieleki|65\/100 tox|[from] psn\n|upkeep\n|\n|t:|1699892334\n|switch|p2a: Sword-Dog|Zacian-Crowned|100\/100\n|-damage|p2a: Sword-Dog|76\/100|[from] Spikes\n|-ability|p2a: Sword-Dog|Intrepid Sword|boost\n|-boost|p2a: Sword-Dog|atk|1\n|turn|15\n|\n|t:|1699892340\n|move|p1a: Regieleki|Thunderbolt|p2a: Sword-Dog\n|-damage|p2a: Sword-Dog|31\/100\n|move|p2a: Sword-Dog|Substitute|p2a: Sword-Dog\n|-start|p2a: Sword-Dog|Substitute\n|-damage|p2a: Sword-Dog|6\/100\n|\n|-weather|SunnyDay|[upkeep]\n|-damage|p1a: Regieleki|41\/100 tox|[from] psn\n|upkeep\n|turn|16\n|\n|t:|1699892347\n|move|p1a: Regieleki|Volt Switch|p2a: Sword-Dog\n|-end|p2a: Sword-Dog|Substitute\n|\n|t:|1699892353\n|switch|p1a: Espathra|Espathra, M|82\/100|[from] Volt Switch\n|move|p2a: Sword-Dog|Behemoth Blade|p1a: Espathra\n|-damage|p1a: Espathra|0 fnt\n|faint|p1a: Espathra\n|\n|-weather|SunnyDay|[upkeep]\n|upkeep\n|\n|t:|1699892357\n|switch|p1a: Regieleki|Regieleki, tera:Ice|41\/100 tox\n|turn|17\n|\n|t:|1699892366\n|move|p1a: Regieleki|Volt Switch|p2a: Sword-Dog\n|-damage|p2a: Sword-Dog|0 fnt\n|faint|p2a: Sword-Dog\n|\n|t:|1699892370\n|switch|p1a: Ursaluna|Ursaluna-Bloodmoon, M|94\/100|[from] Volt Switch\n|\n|-weather|SunnyDay|[upkeep]\n|-heal|p1a: Ursaluna|99\/100|[from] item: Leftovers\n|upkeep\n|\n|t:|1699892376\n|switch|p2a: Judgement|Arceus|100\/100\n|-damage|p2a: Judgement|76\/100|[from] Spikes\n|turn|18\n|inactive|nicktaylor33333 has 120 seconds left.\n|\n|t:|1699892408\n|-terastallize|p2a: Judgement|Ghost\n|move|p2a: Judgement|Swords Dance|p2a: Judgement\n|-boost|p2a: Judgement|atk|2\n|move|p1a: Ursaluna|Blood Moon|p2a: Judgement\n|-damage|p2a: Judgement|23\/100\n|\n|-weather|none\n|-heal|p1a: Ursaluna|100\/100|[from] item: Leftovers\n|upkeep\n|turn|19\n|inactive|nicktaylor33333 has 120 seconds left.\n|\n|t:|1699892419\n|move|p2a: Judgement|Extreme Speed|p1a: Ursaluna\n|-damage|p1a: Ursaluna|36\/100\n|move|p1a: Ursaluna|Earth Power|p2a: Judgement\n|-damage|p2a: Judgement|0 fnt\n|faint|p2a: Judgement\n|\n|-heal|p1a: Ursaluna|42\/100|[from] item: Leftovers\n|upkeep\n|inactive|nicktaylor33333 has 120 seconds left.\n|\n|t:|1699892426\n|switch|p2a: Nuclear|Miraidon|100\/100\n|-damage|p2a: Nuclear|76\/100|[from] Spikes\n|-fieldstart|move: Electric Terrain|[from] ability: Hadron Engine|[of] p2a: Nuclear\n|turn|20\n|\n|t:|1699892433\n|move|p2a: Nuclear|Electro Drift|p1a: Ursaluna\n|-immune|p1a: Ursaluna\n|move|p1a: Ursaluna|Earth Power|p2a: Nuclear\n|-supereffective|p2a: Nuclear\n|-damage|p2a: Nuclear|0 fnt\n|faint|p2a: Nuclear\n|\n|win|Gliscornumber1\n|raw|Gliscornumber1's rating: 1288 &rarr; <strong>1316<\/strong><br \/>(+28 for winning)\n|raw|nicktaylor33333's rating: 1326 &rarr; <strong>1304<\/strong><br \/>(-22 for losing)\n|l|\u2606nicktaylor33333\n","uploadtime":1699892442,"views":15,"p1id":"gliscornumber1","p2id":"nicktaylor33333","formatid":"gen9ubers","rating":1304,"private":0,"password":""}