{"id":"gen9ubers-1969484241","p1":"dumpy lump","p2":"OceanicGamer3","format":"[Gen 9] Ubers","log":"|j|\u2606dumpy lump\n|j|\u2606OceanicGamer3\n|t:|1697538208\n|gametype|singles\n|player|p1|dumpy lump|volo|\n|player|p2|OceanicGamer3|bugcatcher-gen4dp|\n|teamsize|p1|6\n|teamsize|p2|6\n|gen|9\n|tier|[Gen 9] Ubers\n|rule|Sleep Clause Mod: Limit one foe put to sleep\n|rule|Species Clause: Limit one of each Pok\u00e9mon\n|rule|OHKO Clause: OHKO moves are banned\n|rule|Evasion Items Clause: Evasion items are banned\n|rule|Evasion Moves Clause: Evasion moves are banned\n|rule|Endless Battle Clause: Forcing endless battles is banned\n|rule|HP Percentage Mod: HP is shown in percentages\n|clearpoke\n|poke|p1|Dialga-Origin|\n|poke|p1|Chi-Yu|\n|poke|p1|Magearna|\n|poke|p1|Ursaluna, F|\n|poke|p1|Cresselia, F|\n|poke|p1|Azumarill, F|\n|poke|p2|Hawlucha, M|\n|poke|p2|Politoed, F|\n|poke|p2|Barraskewda, F|\n|poke|p2|Basculegion-F, F|\n|poke|p2|Giratina|\n|poke|p2|Lucario, M|\n|teampreview\n|inactive|Battle timer is ON: inactive players will automatically lose when time's up. (requested by OceanicGamer3)\n|\n|t:|1697538227\n|start\n|switch|p1a: Magearna|Magearna|100\/100\n|switch|p2a: Hawlucha|Hawlucha, M|100\/100\n|-ability|p2a: Hawlucha|Mold Breaker\n|turn|1\n|c|\u2606OceanicGamer3|Chi Yu pls dont do it\n|c|\u2606dumpy lump|the return\n|\n|t:|1697538240\n|move|p2a: Hawlucha|Taunt|p1a: Magearna\n|-start|p1a: Magearna|move: Taunt\n|cant|p1a: Magearna|move: Taunt|Trick Room\n|\n|upkeep\n|turn|2\n|c|\u2606dumpy lump|MAN\n|\n|t:|1697538247\n|move|p2a: Hawlucha|U-turn|p1a: Magearna\n|-resisted|p1a: Magearna\n|-damage|p1a: Magearna|98\/100\n|\n|t:|1697538254\n|switch|p2a: Politoed|Politoed, F|100\/100|[from] U-turn\n|-weather|RainDance|[from] ability: Drizzle|[of] p2a: Politoed\n|move|p1a: Magearna|Fleur Cannon|p2a: Politoed\n|-damage|p2a: Politoed|49\/100\n|-unboost|p1a: Magearna|spa|2\n|\n|-weather|RainDance|[upkeep]\n|-heal|p1a: Magearna|100\/100|[from] item: Leftovers\n|upkeep\n|turn|3\n|\n|t:|1697538264\n|move|p2a: Politoed|Weather Ball|p1a: Magearna\n|-damage|p1a: Magearna|58\/100\n|move|p1a: Magearna|Volt Switch|p2a: Politoed\n|-supereffective|p2a: Politoed\n|-damage|p2a: Politoed|32\/100\n|\n|t:|1697538270\n|switch|p1a: Dialga|Dialga-Origin|100\/100|[from] Volt Switch\n|-ability|p1a: Dialga|Pressure\n|\n|-weather|RainDance|[upkeep]\n|upkeep\n|turn|4\n|\n|t:|1697538282\n|move|p2a: Politoed|Perish Song|p2a: Politoed\n|-start|p1a: Dialga|perish3|[silent]\n|-start|p2a: Politoed|perish3|[silent]\n|-fieldactivate|move: Perish Song\n|move|p1a: Dialga|Trick Room|p1a: Dialga\n|-fieldstart|move: Trick Room|[of] p1a: Dialga\n|\n|-weather|RainDance|[upkeep]\n|-start|p1a: Dialga|perish3\n|-start|p2a: Politoed|perish3\n|upkeep\n|turn|5\n|\n|t:|1697538299\n|switch|p1a: Azumarill|Azumarill, F, shiny|100\/100\n|move|p2a: Politoed|Weather Ball|p1a: Azumarill\n|-resisted|p1a: Azumarill\n|-damage|p1a: Azumarill|68\/100\n|\n|-weather|RainDance|[upkeep]\n|-start|p2a: Politoed|perish2\n|upkeep\n|turn|6\n|\n|t:|1697538312\n|move|p1a: Azumarill|Belly Drum|p1a: Azumarill\n|-damage|p1a: Azumarill|18\/100\n|-setboost|p1a: Azumarill|atk|6|[from] move: Belly Drum\n|-enditem|p1a: Azumarill|Sitrus Berry|[eat]\n|-heal|p1a: Azumarill|43\/100|[from] item: Sitrus Berry\n|move|p2a: Politoed|Haze|p2a: Politoed\n|-clearallboost\n|\n|-weather|RainDance|[upkeep]\n|-start|p2a: Politoed|perish1\n|upkeep\n|turn|7\n|c|\u2606dumpy lump|who calls that???\n|c|\u2606dumpy lump|nice\n|c|\u2606OceanicGamer3|Thx\n|\n|t:|1697538339\n|switch|p1a: Magearna|Magearna|58\/100\n|switch|p2a: Hawlucha|Hawlucha, M|100\/100\n|-ability|p2a: Hawlucha|Mold Breaker\n|\n|-weather|RainDance|[upkeep]\n|-heal|p1a: Magearna|64\/100|[from] item: Leftovers\n|upkeep\n|turn|8\n|\n|t:|1697538350\n|move|p1a: Magearna|Fleur Cannon|p2a: Hawlucha\n|-supereffective|p2a: Hawlucha\n|-enditem|p2a: Hawlucha|Focus Sash\n|-damage|p2a: Hawlucha|1\/100\n|-unboost|p1a: Magearna|spa|2\n|move|p2a: Hawlucha|U-turn|p1a: Magearna\n|-resisted|p1a: Magearna\n|-damage|p1a: Magearna|61\/100\n|\n|t:|1697538362\n|switch|p2a: Lucario|Lucario, M|100\/100|[from] U-turn\n|\n|-weather|RainDance|[upkeep]\n|-heal|p1a: Magearna|67\/100|[from] item: Leftovers\n|-fieldend|move: Trick Room\n|upkeep\n|turn|9\n|\n|t:|1697538373\n|move|p2a: Lucario|Swords Dance|p2a: Lucario\n|-boost|p2a: Lucario|atk|2\n|move|p1a: Magearna|Trick Room|p1a: Magearna\n|-fieldstart|move: Trick Room|[of] p1a: Magearna\n|\n|-weather|none\n|-heal|p1a: Magearna|73\/100|[from] item: Leftovers\n|upkeep\n|turn|10\n|\n|t:|1697538383\n|move|p1a: Magearna|Encore|p2a: Lucario\n|-start|p2a: Lucario|Encore\n|move|p2a: Lucario|Swords Dance|p2a: Lucario\n|-boost|p2a: Lucario|atk|2\n|\n|-heal|p1a: Magearna|79\/100|[from] item: Leftovers\n|upkeep\n|turn|11\n|\n|t:|1697538387\n|move|p1a: Magearna|Volt Switch|p2a: Lucario\n|-damage|p2a: Lucario|82\/100\n|\n|t:|1697538390\n|switch|p1a: Ursaluna|Ursaluna, F|100\/100|[from] Volt Switch\n|move|p2a: Lucario|Swords Dance|p2a: Lucario\n|-boost|p2a: Lucario|atk|2\n|\n|-status|p1a: Ursaluna|brn|[from] item: Flame Orb\n|upkeep\n|turn|12\n|\n|t:|1697538410\n|switch|p2a: Hawlucha|Hawlucha, M|1\/100\n|-ability|p2a: Hawlucha|Mold Breaker\n|move|p1a: Ursaluna|Headlong Rush|p2a: Hawlucha\n|-immune|p2a: Hawlucha\n|\n|-damage|p1a: Ursaluna|94\/100 brn|[from] brn\n|upkeep\n|turn|13\n|\n|t:|1697538426\n|move|p1a: Ursaluna|Facade|p2a: Hawlucha\n|-damage|p2a: Hawlucha|0 fnt\n|faint|p2a: Hawlucha\n|\n|-damage|p1a: Ursaluna|88\/100 brn|[from] brn\n|-fieldend|move: Trick Room\n|upkeep\n|\n|t:|1697538435\n|switch|p2a: Barraskewda|Barraskewda, F|100\/100\n|turn|14\n|\n|t:|1697538450\n|switch|p1a: Magearna|Magearna|79\/100\n|move|p2a: Barraskewda|Close Combat|p1a: Magearna\n|-damage|p1a: Magearna|25\/100\n|-unboost|p2a: Barraskewda|def|1\n|-unboost|p2a: Barraskewda|spd|1\n|\n|-heal|p1a: Magearna|31\/100|[from] item: Leftovers\n|upkeep\n|turn|15\n|\n|t:|1697538457\n|move|p2a: Barraskewda|Close Combat|p1a: Magearna\n|-damage|p1a: Magearna|0 fnt\n|-unboost|p2a: Barraskewda|def|1\n|-unboost|p2a: Barraskewda|spd|1\n|faint|p1a: Magearna\n|\n|upkeep\n|\n|t:|1697538468\n|switch|p1a: Dialga|Dialga-Origin|100\/100\n|-ability|p1a: Dialga|Pressure\n|turn|16\n|\n|t:|1697538473\n|-terastallize|p1a: Dialga|Flying\n|move|p2a: Barraskewda|Close Combat|p1a: Dialga\n|-resisted|p1a: Dialga\n|-damage|p1a: Dialga|75\/100\n|-unboost|p2a: Barraskewda|def|1\n|-unboost|p2a: Barraskewda|spd|1\n|move|p1a: Dialga|Trick Room|p1a: Dialga\n|-fieldstart|move: Trick Room|[of] p1a: Dialga\n|\n|upkeep\n|turn|17\n|\n|t:|1697538485\n|switch|p2a: Politoed|Politoed, F|32\/100\n|-weather|RainDance|[from] ability: Drizzle|[of] p2a: Politoed\n|move|p1a: Dialga|Dragon Pulse|p2a: Politoed\n|-damage|p2a: Politoed|0 fnt\n|faint|p2a: Politoed\n|\n|-weather|RainDance|[upkeep]\n|upkeep\n|\n|t:|1697538498\n|switch|p2a: Giratina|Giratina|100\/100\n|-ability|p2a: Giratina|Pressure\n|turn|18\n|\n|t:|1697538503\n|-terastallize|p2a: Giratina|Steel\n|move|p1a: Dialga|Dragon Pulse|p2a: Giratina\n|-resisted|p2a: Giratina\n|-damage|p2a: Giratina|83\/100\n|move|p2a: Giratina|Calm Mind|p2a: Giratina\n|-boost|p2a: Giratina|spa|1\n|-boost|p2a: Giratina|spd|1\n|\n|-weather|RainDance|[upkeep]\n|-heal|p2a: Giratina|89\/100|[from] item: Leftovers\n|upkeep\n|turn|19\n|\n|t:|1697538528\n|move|p1a: Dialga|Ice Beam|p2a: Giratina\n|-resisted|p2a: Giratina\n|-damage|p2a: Giratina|81\/100\n|move|p2a: Giratina|Shadow Ball|p1a: Dialga\n|-damage|p1a: Dialga|48\/100\n|-unboost|p1a: Dialga|spd|1\n|\n|-weather|RainDance|[upkeep]\n|-heal|p2a: Giratina|87\/100|[from] item: Leftovers\n|upkeep\n|turn|20\n|\n|t:|1697538541\n|move|p1a: Dialga|Ice Beam|p2a: Giratina\n|-resisted|p2a: Giratina\n|-damage|p2a: Giratina|80\/100\n|move|p2a: Giratina|Shadow Ball|p1a: Dialga\n|-damage|p1a: Dialga|7\/100\n|\n|-weather|RainDance|[upkeep]\n|-heal|p2a: Giratina|86\/100|[from] item: Leftovers\n|-fieldend|move: Trick Room\n|upkeep\n|turn|21\n|c|\u2606dumpy lump|so much for freeze oh well\n|\n|t:|1697538556\n|move|p2a: Giratina|Dragon Pulse|p1a: Dialga\n|-damage|p1a: Dialga|0 fnt\n|faint|p1a: Dialga\n|\n|-weather|RainDance|[upkeep]\n|-heal|p2a: Giratina|92\/100|[from] item: Leftovers\n|upkeep\n|\n|t:|1697538561\n|switch|p1a: Cresselia|Cresselia, F, shiny|100\/100\n|turn|22\n|c|\u2606OceanicGamer3|Thank god\n|\n|t:|1697538568\n|move|p2a: Giratina|Shadow Ball|p1a: Cresselia\n|-supereffective|p1a: Cresselia\n|-damage|p1a: Cresselia|59\/100\n|-unboost|p1a: Cresselia|spd|1\n|move|p1a: Cresselia|Trick Room|p1a: Cresselia\n|-fieldstart|move: Trick Room|[of] p1a: Cresselia\n|\n|-weather|RainDance|[upkeep]\n|-heal|p2a: Giratina|98\/100|[from] item: Leftovers\n|upkeep\n|turn|23\n|\n|t:|1697538579\n|move|p1a: Cresselia|Lunar Dance|p1a: Cresselia\n|faint|p1a: Cresselia\n|move|p2a: Giratina|Shadow Ball|p1: Cresselia|[notarget]\n|-fail|p2a: Giratina\n|\n|-weather|RainDance|[upkeep]\n|-heal|p2a: Giratina|100\/100|[from] item: Leftovers\n|upkeep\n|c|\u2606OceanicGamer3|So much for rain\n|\n|t:|1697538587\n|switch|p1a: Azumarill|Azumarill, F, shiny|43\/100\n|-heal|p1a: Azumarill|100\/100|[from] move: Lunar Dance\n|turn|24\n|c|\u2606OceanicGamer3|Qoah\n|\n|t:|1697538599\n|move|p1a: Azumarill|Belly Drum|p1a: Azumarill\n|-damage|p1a: Azumarill|50\/100\n|-setboost|p1a: Azumarill|atk|6|[from] move: Belly Drum\n|move|p2a: Giratina|Shadow Ball|p1a: Azumarill\n|-damage|p1a: Azumarill|12\/100\n|\n|-weather|none\n|upkeep\n|turn|25\n|\n|t:|1697538607\n|move|p1a: Azumarill|Liquidation|p2a: Giratina\n|-damage|p2a: Giratina|6\/100\n|move|p2a: Giratina|Shadow Ball|p1a: Azumarill\n|-damage|p1a: Azumarill|0 fnt\n|faint|p1a: Azumarill\n|\n|-heal|p2a: Giratina|12\/100|[from] item: Leftovers\n|upkeep\n|c|\u2606dumpy lump|NO WAY\n|c|\u2606OceanicGamer3|LETS GOO\n|\n|t:|1697538620\n|switch|p1a: Chi-Yu|Chi-Yu|100\/100\n|-ability|p1a: Chi-Yu|Beads of Ruin\n|turn|26\n|\n|t:|1697538626\n|move|p1a: Chi-Yu|Flamethrower|p2a: Giratina\n|-supereffective|p2a: Giratina\n|-damage|p2a: Giratina|0 fnt\n|faint|p2a: Giratina\n|\n|-fieldend|move: Trick Room\n|upkeep\n|\n|t:|1697538634\n|switch|p2a: Barraskewda|Barraskewda, F|100\/100\n|turn|27\n|\n|t:|1697538650\n|move|p2a: Barraskewda|Liquidation|p1a: Chi-Yu\n|-supereffective|p1a: Chi-Yu\n|-damage|p1a: Chi-Yu|0 fnt\n|faint|p1a: Chi-Yu\n|\n|upkeep\n|\n|t:|1697538653\n|switch|p1a: Ursaluna|Ursaluna, F|88\/100 brn\n|turn|28\n|\n|t:|1697538659\n|move|p2a: Barraskewda|Liquidation|p1a: Ursaluna\n|-supereffective|p1a: Ursaluna\n|-damage|p1a: Ursaluna|0 fnt\n|faint|p1a: Ursaluna\n|\n|win|OceanicGamer3\n|c|\u2606dumpy lump|gg\n|c|\u2606OceanicGamer3|Gg\n|l|\u2606dumpy lump\n|c|\u2606OceanicGamer3|Who got repla\n","uploadtime":1697538669,"views":34,"p1id":"dumpylump","p2id":"oceanicgamer3","formatid":"gen9ubers","rating":0,"private":0,"password":""}