{"id":"gen9ubers-1972206723","p1":"giggityzoo","p2":"Fuecoco1","format":"[Gen 9] Ubers","log":"|j|\u2606giggityzoo\n|j|\u2606Fuecoco1\n|t:|1697821466\n|gametype|singles\n|player|p1|giggityzoo|bugcatcher-gen4dp|1000\n|player|p2|Fuecoco1|266|1112\n|teamsize|p1|6\n|teamsize|p2|6\n|gen|9\n|tier|[Gen 9] Ubers\n|rated|\n|rule|Sleep Clause Mod: Limit one foe put to sleep\n|rule|Species Clause: Limit one of each Pok\u00e9mon\n|rule|OHKO Clause: OHKO moves are banned\n|rule|Evasion Items Clause: Evasion items are banned\n|rule|Evasion Moves Clause: Evasion moves are banned\n|rule|Endless Battle Clause: Forcing endless battles is banned\n|rule|HP Percentage Mod: HP is shown in percentages\n|clearpoke\n|poke|p1|Rillaboom, F|\n|poke|p1|Lilligant-Hisui, F|\n|poke|p1|Kleavor, M|\n|poke|p1|Arboliva, M|\n|poke|p1|Glimmora, M|\n|poke|p1|Zacian-*|\n|poke|p2|Dragonite, F|\n|poke|p2|Mamoswine, F|\n|poke|p2|Empoleon, M|\n|poke|p2|Glimmora, M|\n|poke|p2|Ogerpon-Hearthflame, F|\n|poke|p2|Urshifu-*, F|\n|teampreview\n|\n|t:|1697821476\n|start\n|switch|p1a: Glimmora|Glimmora, M|100\/100\n|switch|p2a: Glimmora|Glimmora, M|100\/100\n|turn|1\n|\n|t:|1697821496\n|move|p1a: Glimmora|Power Gem|p2a: Glimmora\n|-damage|p2a: Glimmora|65\/100\n|move|p2a: Glimmora|Toxic Spikes|p1a: Glimmora\n|-sidestart|p1: giggityzoo|move: Toxic Spikes\n|\n|upkeep\n|turn|2\n|\n|t:|1697821503\n|move|p1a: Glimmora|Power Gem|p2a: Glimmora\n|-damage|p2a: Glimmora|29\/100\n|move|p2a: Glimmora|Toxic Spikes|p1a: Glimmora\n|-sidestart|p1: giggityzoo|move: Toxic Spikes\n|\n|upkeep\n|turn|3\n|\n|t:|1697821540\n|move|p1a: Glimmora|Power Gem|p2a: Glimmora\n|-damage|p2a: Glimmora|0 fnt\n|faint|p2a: Glimmora\n|\n|upkeep\n|\n|t:|1697821552\n|switch|p2a: Empoleon|Empoleon, M|100\/100\n|turn|4\n|\n|t:|1697821558\n|move|p1a: Glimmora|Reflect|p1a: Glimmora\n|-sidestart|p1: giggityzoo|Reflect\n|move|p2a: Empoleon|Flash Cannon|p1a: Glimmora\n|-supereffective|p1a: Glimmora\n|-crit|p1a: Glimmora\n|-damage|p1a: Glimmora|0 fnt\n|faint|p1a: Glimmora\n|\n|upkeep\n|\n|t:|1697821574\n|switch|p1a: Zacian|Zacian-Crowned|100\/100\n|-ability|p1a: Zacian|Intrepid Sword|boost\n|-boost|p1a: Zacian|atk|1\n|turn|5\n|\n|t:|1697821584\n|move|p1a: Zacian|Swords Dance|p1a: Zacian\n|-boost|p1a: Zacian|atk|2\n|move|p2a: Empoleon|Flash Cannon|p1a: Zacian\n|-damage|p1a: Zacian|72\/100\n|\n|upkeep\n|turn|6\n|\n|t:|1697821602\n|move|p1a: Zacian|Close Combat|p2a: Empoleon\n|-supereffective|p2a: Empoleon\n|-damage|p2a: Empoleon|0 fnt\n|-unboost|p1a: Zacian|def|1\n|-unboost|p1a: Zacian|spd|1\n|faint|p2a: Empoleon\n|\n|upkeep\n|\n|t:|1697821618\n|switch|p2a: Mamoswine|Mamoswine, F|100\/100\n|turn|7\n|\n|t:|1697821630\n|move|p1a: Zacian|Close Combat|p2a: Mamoswine\n|-supereffective|p2a: Mamoswine\n|-damage|p2a: Mamoswine|0 fnt\n|-unboost|p1a: Zacian|def|1\n|-unboost|p1a: Zacian|spd|1\n|faint|p2a: Mamoswine\n|\n|upkeep\n|\n|t:|1697821652\n|switch|p2a: Dragonite|Dragonite, F, shiny|100\/100\n|turn|8\n|c|\u2606giggityzoo|ill make you gravel at my feet! you insignificant MONKEYYYYYYYYYYYYYYYYYYYYYYYYYYYYYYYYYYYYYYYYYYYYYYYYYYYYYYYYYYYYYYYYYYYYYYY!!!!!!!!!!!!!!!!!!! -frieza\n|\n|t:|1697821676\n|-terastallize|p2a: Dragonite|Normal\n|move|p2a: Dragonite|Extreme Speed|p1a: Zacian\n|-resisted|p1a: Zacian\n|-damage|p1a: Zacian|45\/100\n|-damage|p2a: Dragonite|91\/100|[from] item: Life Orb\n|move|p1a: Zacian|Behemoth Blade|p2a: Dragonite\n|-crit|p2a: Dragonite\n|-damage|p2a: Dragonite|0 fnt\n|faint|p2a: Dragonite\n|\n|-sideend|p1: giggityzoo|Reflect\n|upkeep\n|\n|t:|1697821693\n|switch|p2a: Ogerpon|Ogerpon-Hearthflame, F|100\/100\n|-ability|p2a: Ogerpon|Mold Breaker\n|turn|9\n|\n|t:|1697821701\n|move|p1a: Zacian|Close Combat|p2a: Ogerpon\n|-damage|p2a: Ogerpon|0 fnt\n|-unboost|p1a: Zacian|def|1\n|-unboost|p1a: Zacian|spd|1\n|faint|p2a: Ogerpon\n|\n|upkeep\n|c|\u2606giggityzoo|tehehehehe\n|inactive|Battle timer is ON: inactive players will automatically lose when time's up. (requested by giggityzoo)\n|\n|t:|1697821753\n|switch|p2a: Urshifu|Urshifu, F|100\/100\n|turn|10\n|c|\u2606giggityzoo|tehhhhhhhhhhhhhhhhhhhhhhhhhhhheeeehhhhhhhhhh\n|c|\u2606giggityzoo|hehheeheheheeeeeeeeeeeeeeeeeeeeeeeeeeeeeeeeeeeeeeeeeeeeeeeeeeeeeeeeeeeeeeeeeeeeeeeeeeeeeeeeeeeeeeeeeeeeeeeeeeeeeeeeeeeeeeehheeeeeeeeeeeeeeeeeeeee >:)\n|inactive|Fuecoco1 has 120 seconds left.\n|\n|t:|1697821786\n|move|p2a: Urshifu|Sucker Punch|p1a: Zacian\n|-resisted|p1a: Zacian\n|-damage|p1a: Zacian|5\/100\n|move|p1a: Zacian|Close Combat|p2a: Urshifu\n|-supereffective|p2a: Urshifu\n|-damage|p2a: Urshifu|0 fnt\n|-unboost|p1a: Zacian|def|1\n|-unboost|p1a: Zacian|spd|1\n|faint|p2a: Urshifu\n|\n|win|giggityzoo\n|raw|giggityzoo's rating: 1000 &rarr; <strong>1052<\/strong><br \/>(+52 for winning)\n|raw|Fuecoco1's rating: 1112 &rarr; <strong>1079<\/strong><br \/>(-33 for losing)\n","uploadtime":1697821672,"views":5,"p1id":"giggityzoo","p2id":"fuecoco1","formatid":"gen9ubers","rating":1052,"private":0,"password":""}