{"id":"gen9ubers-1996446610","p1":"Lidianimel","p2":"bry2000","format":"[Gen 9] Ubers","log":"|j|\u2606Lidianimel\n|j|\u2606bry2000\n|t:|1700682819\n|gametype|singles\n|player|p1|Lidianimel|101|1000\n|player|p2|bry2000|lucas|1000\n|teamsize|p1|6\n|teamsize|p2|6\n|gen|9\n|tier|[Gen 9] Ubers\n|rated|\n|rule|Sleep Clause Mod: Limit one foe put to sleep\n|rule|Species Clause: Limit one of each Pok\u00e9mon\n|rule|OHKO Clause: OHKO moves are banned\n|rule|Evasion Items Clause: Evasion items are banned\n|rule|Evasion Moves Clause: Evasion moves are banned\n|rule|Endless Battle Clause: Forcing endless battles is banned\n|rule|HP Percentage Mod: HP is shown in percentages\n|clearpoke\n|poke|p1|Empoleon, M|\n|poke|p1|Yanmega, M|\n|poke|p1|Ting-Lu|\n|poke|p1|Azumarill, F|\n|poke|p1|Groudon|\n|poke|p1|Arceus-Bug|\n|poke|p2|Meowscarada, M|\n|poke|p2|Ceruledge, M|\n|poke|p2|Chien-Pao|\n|poke|p2|Annihilape, M|\n|poke|p2|Greninja-*, M|\n|poke|p2|Garchomp, F|\n|teampreview\n|\n|t:|1700682832\n|start\n|switch|p1a: Yanmega|Yanmega, M|100\/100\n|switch|p2a: Garchomp|Garchomp, F|100\/100\n|-item|p2a: Garchomp|Focus Sash|[from] ability: Frisk|[of] p1a: Yanmega|[identify]\n|turn|1\n|\n|t:|1700682844\n|move|p1a: Yanmega|Night Slash|p2a: Garchomp\n|-damage|p2a: Garchomp|85\/100\n|-damage|p1a: Yanmega|88\/100|[from] ability: Rough Skin|[of] p2a: Garchomp\n|move|p2a: Garchomp|Swords Dance|p2a: Garchomp\n|-boost|p2a: Garchomp|atk|2\n|\n|upkeep\n|turn|2\n|\n|t:|1700682856\n|move|p1a: Yanmega|Night Slash|p2a: Garchomp\n|-damage|p2a: Garchomp|69\/100\n|-damage|p1a: Yanmega|76\/100|[from] ability: Rough Skin|[of] p2a: Garchomp\n|move|p2a: Garchomp|Dragon Claw|p1a: Yanmega\n|-damage|p1a: Yanmega|0 fnt\n|faint|p1a: Yanmega\n|\n|upkeep\n|\n|t:|1700682866\n|switch|p1a: Azumarill|Azumarill, F|100\/100\n|turn|3\n|\n|t:|1700682875\n|switch|p2a: bry|Meowscarada, M|100\/100\n|move|p1a: Azumarill|Hydro Pump|p2a: bry\n|-resisted|p2a: bry\n|-damage|p2a: bry|85\/100\n|\n|upkeep\n|turn|4\n|\n|t:|1700682883\n|move|p2a: bry|Flower Trick|p1a: Azumarill\n|-supereffective|p1a: Azumarill\n|-crit|p1a: Azumarill\n|-damage|p1a: Azumarill|11\/100\n|move|p1a: Azumarill|Hydro Pump|p2a: bry|[miss]\n|-miss|p1a: Azumarill|p2a: bry\n|\n|upkeep\n|turn|5\n|\n|t:|1700682891\n|move|p2a: bry|Flower Trick|p1a: Azumarill\n|-supereffective|p1a: Azumarill\n|-crit|p1a: Azumarill\n|-damage|p1a: Azumarill|0 fnt\n|faint|p1a: Azumarill\n|\n|upkeep\n|\n|t:|1700682899\n|switch|p1a: Arceus|Arceus-Bug, shiny|100\/100\n|turn|6\n|\n|t:|1700682904\n|-terastallize|p2a: bry|Grass\n|move|p2a: bry|Flower Trick|p1a: Arceus\n|-resisted|p1a: Arceus\n|-crit|p1a: Arceus\n|-damage|p1a: Arceus|76\/100\n|move|p1a: Arceus|Thunder Wave|p2a: bry\n|-status|p2a: bry|par\n|\n|upkeep\n|turn|7\n|\n|t:|1700682914\n|switch|p2a: Chien-Pao|Chien-Pao|100\/100\n|-ability|p2a: Chien-Pao|Sword of Ruin\n|move|p1a: Arceus|Bug Buzz|p2a: Chien-Pao\n|-supereffective|p2a: Chien-Pao\n|-damage|p2a: Chien-Pao|0 fnt\n|faint|p2a: Chien-Pao\n|\n|upkeep\n|\n|t:|1700682925\n|switch|p2a: Ceruledge|Ceruledge, M|100\/100\n|turn|8\n|\n|t:|1700682931\n|switch|p1a: Empoleon|Empoleon, M|100\/100\n|move|p2a: Ceruledge|Substitute|p2a: Ceruledge\n|-start|p2a: Ceruledge|Substitute\n|-damage|p2a: Ceruledge|76\/100\n|\n|-heal|p2a: Ceruledge|82\/100|[from] item: Leftovers\n|upkeep\n|turn|9\n|\n|t:|1700682942\n|move|p2a: Ceruledge|Bulk Up|p2a: Ceruledge\n|-boost|p2a: Ceruledge|atk|1\n|-boost|p2a: Ceruledge|def|1\n|move|p1a: Empoleon|Bulldoze|p2a: Ceruledge\n|-supereffective|p2a: Ceruledge\n|-end|p2a: Ceruledge|Substitute\n|\n|-heal|p2a: Ceruledge|88\/100|[from] item: Leftovers\n|upkeep\n|turn|10\n|\n|t:|1700682951\n|move|p2a: Ceruledge|Substitute|p2a: Ceruledge\n|-start|p2a: Ceruledge|Substitute\n|-damage|p2a: Ceruledge|63\/100\n|move|p1a: Empoleon|Bulldoze|p2a: Ceruledge\n|-supereffective|p2a: Ceruledge\n|-end|p2a: Ceruledge|Substitute\n|\n|-heal|p2a: Ceruledge|69\/100|[from] item: Leftovers\n|upkeep\n|turn|11\n|\n|t:|1700682959\n|move|p2a: Ceruledge|Destiny Bond|p2a: Ceruledge\n|-singlemove|p2a: Ceruledge|Destiny Bond\n|move|p1a: Empoleon|Bulldoze|p2a: Ceruledge\n|-supereffective|p2a: Ceruledge\n|-damage|p2a: Ceruledge|42\/100\n|-unboost|p2a: Ceruledge|spe|1\n|\n|-heal|p2a: Ceruledge|48\/100|[from] item: Leftovers\n|upkeep\n|turn|12\n|\n|t:|1700682969\n|move|p2a: Ceruledge|Bitter Blade|p1a: Empoleon\n|-damage|p1a: Empoleon|44\/100\n|-heal|p2a: Ceruledge|81\/100|[from] drain|[of] p1a: Empoleon\n|move|p1a: Empoleon|Bulldoze|p2a: Ceruledge\n|-supereffective|p2a: Ceruledge\n|-damage|p2a: Ceruledge|54\/100\n|-unboost|p2a: Ceruledge|spe|1\n|\n|-heal|p2a: Ceruledge|60\/100|[from] item: Leftovers\n|upkeep\n|turn|13\n|\n|t:|1700682979\n|move|p1a: Empoleon|Bulldoze|p2a: Ceruledge\n|-supereffective|p2a: Ceruledge\n|-damage|p2a: Ceruledge|32\/100\n|-unboost|p2a: Ceruledge|spe|1\n|move|p2a: Ceruledge|Bitter Blade|p1a: Empoleon\n|-damage|p1a: Empoleon|0 fnt\n|-heal|p2a: Ceruledge|58\/100|[from] drain|[of] p1a: Empoleon\n|faint|p1a: Empoleon\n|\n|-heal|p2a: Ceruledge|64\/100|[from] item: Leftovers\n|upkeep\n|\n|t:|1700682992\n|switch|p1a: Ting-Lu|Ting-Lu|100\/100\n|-ability|p1a: Ting-Lu|Vessel of Ruin\n|turn|14\n|\n|t:|1700683002\n|switch|p2a: Greninja|Greninja, M, shiny|100\/100\n|move|p1a: Ting-Lu|Spikes|p2a: Greninja\n|-sidestart|p2: bry2000|Spikes\n|\n|upkeep\n|turn|15\n|\n|t:|1700683020\n|switch|p1a: Arceus|Arceus-Bug, shiny|76\/100\n|move|p2a: Greninja|Water Shuriken|p1a: Arceus\n|-damage|p1a: Arceus|72\/100\n|-crit|p1a: Arceus\n|-damage|p1a: Arceus|66\/100\n|-damage|p1a: Arceus|61\/100\n|-damage|p1a: Arceus|57\/100\n|-damage|p1a: Arceus|53\/100\n|-hitcount|p1a: Arceus|5\n|\n|upkeep\n|turn|16\n|\n|t:|1700683032\n|move|p2a: Greninja|Substitute|p2a: Greninja\n|-start|p2a: Greninja|Substitute\n|-damage|p2a: Greninja|76\/100\n|move|p1a: Arceus|Thunder Wave||[still]\n|-fail|p1a: Arceus\n|\n|upkeep\n|turn|17\n|\n|t:|1700683040\n|move|p2a: Greninja|Swords Dance|p2a: Greninja\n|-boost|p2a: Greninja|atk|2\n|move|p1a: Arceus|Bug Buzz|p2a: Greninja\n|-supereffective|p2a: Greninja\n|-damage|p2a: Greninja|0 fnt\n|faint|p2a: Greninja\n|\n|upkeep\n|\n|t:|1700683048\n|switch|p2a: Ceruledge|Ceruledge, M|64\/100\n|-damage|p2a: Ceruledge|51\/100|[from] Spikes\n|turn|18\n|\n|t:|1700683053\n|switch|p1a: Ting-Lu|Ting-Lu|100\/100\n|-ability|p1a: Ting-Lu|Vessel of Ruin\n|move|p2a: Ceruledge|Bitter Blade|p1a: Ting-Lu\n|-damage|p1a: Ting-Lu|78\/100\n|-heal|p2a: Ceruledge|69\/100|[from] drain|[of] p1a: Ting-Lu\n|\n|-heal|p2a: Ceruledge|76\/100|[from] item: Leftovers\n|upkeep\n|turn|19\n|\n|t:|1700683065\n|move|p2a: Ceruledge|Destiny Bond|p2a: Ceruledge\n|-singlemove|p2a: Ceruledge|Destiny Bond\n|move|p1a: Ting-Lu|Spikes|p2a: Ceruledge\n|-sidestart|p2: bry2000|Spikes\n|\n|-heal|p2a: Ceruledge|82\/100|[from] item: Leftovers\n|upkeep\n|turn|20\n|\n|t:|1700683074\n|move|p2a: Ceruledge|Substitute|p2a: Ceruledge\n|-start|p2a: Ceruledge|Substitute\n|-damage|p2a: Ceruledge|57\/100\n|move|p1a: Ting-Lu|Bulldoze|p2a: Ceruledge\n|-supereffective|p2a: Ceruledge\n|-end|p2a: Ceruledge|Substitute\n|\n|-heal|p2a: Ceruledge|63\/100|[from] item: Leftovers\n|upkeep\n|turn|21\n|\n|t:|1700683082\n|move|p2a: Ceruledge|Bitter Blade|p1a: Ting-Lu\n|-damage|p1a: Ting-Lu|56\/100\n|-heal|p2a: Ceruledge|81\/100|[from] drain|[of] p1a: Ting-Lu\n|move|p1a: Ting-Lu|Bulldoze|p2a: Ceruledge\n|-supereffective|p2a: Ceruledge\n|-damage|p2a: Ceruledge|7\/100\n|-unboost|p2a: Ceruledge|spe|1\n|\n|-heal|p2a: Ceruledge|14\/100|[from] item: Leftovers\n|upkeep\n|turn|22\n|\n|t:|1700683093\n|move|p2a: Ceruledge|Destiny Bond|p2a: Ceruledge\n|-singlemove|p2a: Ceruledge|Destiny Bond\n|move|p1a: Ting-Lu|Spikes|p2a: Ceruledge\n|-sidestart|p2: bry2000|Spikes\n|\n|-heal|p2a: Ceruledge|20\/100|[from] item: Leftovers\n|upkeep\n|turn|23\n|\n|t:|1700683101\n|move|p2a: Ceruledge|Destiny Bond||[still]\n|-fail|p2a: Ceruledge\n|move|p1a: Ting-Lu|Bulldoze|p2a: Ceruledge\n|-supereffective|p2a: Ceruledge\n|-damage|p2a: Ceruledge|0 fnt\n|faint|p2a: Ceruledge\n|\n|upkeep\n|\n|t:|1700683109\n|switch|p2a: bry|Meowscarada, M, tera:Grass|85\/100 par\n|-damage|p2a: bry|60\/100 par|[from] Spikes\n|turn|24\n|\n|t:|1700683115\n|switch|p1a: Arceus|Arceus-Bug, shiny|53\/100\n|move|p2a: bry|Flower Trick|p1a: Arceus\n|-resisted|p1a: Arceus\n|-crit|p1a: Arceus\n|-damage|p1a: Arceus|31\/100\n|\n|upkeep\n|turn|25\n|\n|t:|1700683123\n|move|p1a: Arceus|Bug Buzz|p2a: bry\n|-supereffective|p2a: bry\n|-damage|p2a: bry|0 fnt\n|faint|p2a: bry\n|\n|upkeep\n|\n|t:|1700683128\n|switch|p2a: Garchomp|Garchomp, F|69\/100\n|-damage|p2a: Garchomp|44\/100|[from] Spikes\n|turn|26\n|\n|t:|1700683137\n|move|p1a: Arceus|Surf|p2a: Garchomp\n|-damage|p2a: Garchomp|14\/100\n|move|p2a: Garchomp|Earthquake|p1a: Arceus\n|-resisted|p1a: Arceus\n|-damage|p1a: Arceus|11\/100\n|\n|upkeep\n|turn|27\n|\n|t:|1700683146\n|move|p1a: Arceus|Surf|p2a: Garchomp\n|-damage|p2a: Garchomp|0 fnt\n|faint|p2a: Garchomp\n|\n|upkeep\n|\n|t:|1700683151\n|switch|p2a: Annihilape|Annihilape, M|100\/100\n|-damage|p2a: Annihilape|76\/100|[from] Spikes\n|turn|28\n|\n|t:|1700683158\n|move|p1a: Arceus|Thunder Wave|p2a: Annihilape\n|-status|p2a: Annihilape|par\n|move|p2a: Annihilape|Drain Punch|p1a: Arceus\n|-resisted|p1a: Arceus\n|-damage|p1a: Arceus|0 fnt\n|-heal|p2a: Annihilape|82\/100 par|[from] drain|[of] p1a: Arceus\n|faint|p1a: Arceus\n|\n|upkeep\n|\n|t:|1700683169\n|switch|p1a: Ting-Lu|Ting-Lu|56\/100\n|-ability|p1a: Ting-Lu|Vessel of Ruin\n|turn|29\n|\n|t:|1700683176\n|move|p1a: Ting-Lu|Bulldoze|p2a: Annihilape\n|-damage|p2a: Annihilape|53\/100 par\n|-unboost|p2a: Annihilape|spe|1\n|move|p2a: Annihilape|Drain Punch|p1a: Ting-Lu\n|-supereffective|p1a: Ting-Lu\n|-damage|p1a: Ting-Lu|18\/100\n|-heal|p2a: Annihilape|79\/100 par|[from] drain|[of] p1a: Ting-Lu\n|\n|upkeep\n|turn|30\n|\n|t:|1700683186\n|move|p1a: Ting-Lu|Bulldoze|p2a: Annihilape\n|-damage|p2a: Annihilape|50\/100 par\n|-unboost|p2a: Annihilape|spe|1\n|cant|p2a: Annihilape|par\n|\n|upkeep\n|turn|31\n|\n|t:|1700683194\n|move|p1a: Ting-Lu|Bulldoze|p2a: Annihilape\n|-damage|p2a: Annihilape|18\/100 par\n|-unboost|p2a: Annihilape|spe|1\n|move|p2a: Annihilape|Close Combat|p1a: Ting-Lu\n|-supereffective|p1a: Ting-Lu\n|-damage|p1a: Ting-Lu|0 fnt\n|-unboost|p2a: Annihilape|def|1\n|-unboost|p2a: Annihilape|spd|1\n|faint|p1a: Ting-Lu\n|\n|upkeep\n|\n|t:|1700683204\n|switch|p1a: Groudon|Groudon, shiny|100\/100\n|-weather|SunnyDay|[from] ability: Drought|[of] p1a: Groudon\n|turn|32\n|\n|t:|1700683212\n|move|p1a: Groudon|Earthquake|p2a: Annihilape\n|-damage|p2a: Annihilape|0 fnt\n|faint|p2a: Annihilape\n|\n|win|Lidianimel\n|raw|Lidianimel's rating: 1000 &rarr; <strong>1040<\/strong><br \/>(+40 for winning)\n|raw|bry2000's rating: 1000 &rarr; <strong>1000<\/strong><br \/>(+0 for losing)\n","uploadtime":1700683219,"views":8,"p1id":"lidianimel","p2id":"bry2000","formatid":"gen9ubers","rating":1000,"private":0,"password":""}