{"id":"gen9ubers-1973128296","p1":"mvpasap","p2":"Yangsta","format":"[Gen 9] Ubers","log":"|j|\u2606mvpasap\n|j|\u2606Yangsta\n|t:|1697930790\n|gametype|singles\n|player|p1|mvpasap|palmer|\n|player|p2|Yangsta|waiter|\n|teamsize|p1|6\n|teamsize|p2|6\n|gen|9\n|tier|[Gen 9] Ubers\n|rule|Sleep Clause Mod: Limit one foe put to sleep\n|rule|Species Clause: Limit one of each Pok\u00e9mon\n|rule|OHKO Clause: OHKO moves are banned\n|rule|Evasion Items Clause: Evasion items are banned\n|rule|Evasion Moves Clause: Evasion moves are banned\n|rule|Endless Battle Clause: Forcing endless battles is banned\n|rule|HP Percentage Mod: HP is shown in percentages\n|clearpoke\n|poke|p1|Corviknight, F|\n|poke|p1|Groudon|\n|poke|p1|Dialga-Origin|\n|poke|p1|Glimmora, M|\n|poke|p1|Chien-Pao|\n|poke|p1|Grimmsnarl, M|\n|poke|p2|Arceus|\n|poke|p2|Zacian-*|\n|poke|p2|Regieleki|\n|poke|p2|Koraidon|\n|poke|p2|Volcarona, M|\n|poke|p2|Flutter Mane|\n|teampreview\n|j| Sonad~\n|c|\u2606Yangsta|gl hf!\n|j| Hand0fD00m\n|c| Sonad~|what happened\n|\n|t:|1697930809\n|start\n|switch|p1a: Glimmora|Glimmora, M|100\/100\n|switch|p2a: Arceus|Arceus|100\/100\n|turn|1\n|\n|t:|1697930821\n|-terastallize|p2a: Arceus|Steel\n|move|p2a: Arceus|Cosmic Power|p2a: Arceus\n|-boost|p2a: Arceus|def|1\n|-boost|p2a: Arceus|spd|1\n|move|p1a: Glimmora|Toxic|p2a: Arceus\n|-immune|p2a: Arceus\n|\n|upkeep\n|turn|2\n|c|\u2606Yangsta|Austin lost connection\n|c| Hand0fD00m|Austins showdown was being fucky\n|\n|t:|1697930834\n|move|p2a: Arceus|Stealth Rock|p1a: Glimmora\n|-sidestart|p1: mvpasap|move: Stealth Rock\n|move|p1a: Glimmora|Explosion|p2a: Arceus\n|-resisted|p2a: Arceus\n|-damage|p2a: Arceus|93\/100\n|faint|p1a: Glimmora\n|\n|-heal|p2a: Arceus|99\/100|[from] item: Leftovers\n|upkeep\n|\n|t:|1697930860\n|switch|p1a: Dialga|Dialga-Origin|100\/100\n|-damage|p1a: Dialga|94\/100|[from] Stealth Rock\n|-ability|p1a: Dialga|Pressure\n|turn|3\n|\n|t:|1697930876\n|move|p2a: Arceus|Cosmic Power|p2a: Arceus\n|-boost|p2a: Arceus|def|1\n|-boost|p2a: Arceus|spd|1\n|move|p1a: Dialga|Stealth Rock|p2a: Arceus\n|-sidestart|p2: Yangsta|move: Stealth Rock\n|\n|-heal|p2a: Arceus|100\/100|[from] item: Leftovers\n|upkeep\n|turn|4\n|j| AgentNico42\n|\n|t:|1697930885\n|move|p2a: Arceus|Cosmic Power|p2a: Arceus\n|-boost|p2a: Arceus|def|1\n|-boost|p2a: Arceus|spd|1\n|move|p1a: Dialga|Roar|p2a: Arceus\n|drag|p2a: Flutter Mane|Flutter Mane|100\/100\n|-damage|p2a: Flutter Mane|88\/100|[from] Stealth Rock\n|\n|upkeep\n|turn|5\n|j| Rival Andrew\n|c| Hand0fD00m|ooh nice counter play\n|c|\u2606Yangsta|clean asf\n|\n|t:|1697930908\n|-end|p2a: Flutter Mane|Protosynthesis|[silent]\n|switch|p2a: Koraidon|Koraidon|100\/100\n|-damage|p2a: Koraidon|94\/100|[from] Stealth Rock\n|-weather|SunnyDay|[from] ability: Orichalcum Pulse|[of] p2a: Koraidon\n|-activate|p2a: Koraidon|Orichalcum Pulse|[source]\n|move|p1a: Dialga|Flash Cannon|p2a: Koraidon\n|-damage|p2a: Koraidon|55\/100\n|\n|-weather|SunnyDay|[upkeep]\n|upkeep\n|turn|6\n|\n|t:|1697930923\n|move|p2a: Koraidon|Collision Course|p1a: Dialga\n|-supereffective|p1a: Dialga\n|-damage|p1a: Dialga|0 fnt\n|faint|p1a: Dialga\n|\n|-weather|SunnyDay|[upkeep]\n|upkeep\n|j| darkmoju\n|\n|t:|1697930951\n|switch|p1a: Chien-Pao|Chien-Pao|100\/100\n|-damage|p1a: Chien-Pao|76\/100|[from] Stealth Rock\n|-ability|p1a: Chien-Pao|Sword of Ruin\n|turn|7\n|c| Rival Andrew|hello mateys\n|c| Sonad~|oy\n|c|\u2606Yangsta|hi sir\n|c| Hand0fD00m|hola\n|\n|t:|1697930972\n|move|p2a: Koraidon|Collision Course|p1a: Chien-Pao\n|-supereffective|p1a: Chien-Pao\n|-damage|p1a: Chien-Pao|0 fnt\n|faint|p1a: Chien-Pao\n|\n|-weather|SunnyDay|[upkeep]\n|upkeep\n|\n|t:|1697930980\n|switch|p1a: Grimmsnarl|Grimmsnarl, M|100\/100\n|-damage|p1a: Grimmsnarl|88\/100|[from] Stealth Rock\n|turn|8\n|c|\u2606Yangsta|yayyyy speed tie in my favour\n|\n|t:|1697930988\n|move|p1a: Grimmsnarl|Reflect|p1a: Grimmsnarl\n|-sidestart|p1: mvpasap|Reflect\n|move|p2a: Koraidon|U-turn|p1a: Grimmsnarl\n|-crit|p1a: Grimmsnarl\n|-damage|p1a: Grimmsnarl|27\/100\n|c|\u2606Yangsta|ok that was bs\n|\n|t:|1697930997\n|switch|p2a: Flutter Mane|Flutter Mane|88\/100|[from] U-turn\n|-damage|p2a: Flutter Mane|76\/100|[from] Stealth Rock\n|-activate|p2a: Flutter Mane|ability: Protosynthesis\n|-start|p2a: Flutter Mane|protosynthesisspe\n|\n|-weather|SunnyDay|[upkeep]\n|-heal|p1a: Grimmsnarl|33\/100|[from] item: Leftovers\n|upkeep\n|turn|9\n|c| Rival Andrew|Enze is too OP plz nerf\n|c|\u2606Yangsta|lol\n|c|\u2606Yangsta|lucky tbh\n|\n|t:|1697931009\n|move|p1a: Grimmsnarl|Light Screen|p1a: Grimmsnarl\n|-sidestart|p1: mvpasap|move: Light Screen\n|move|p2a: Flutter Mane|Dazzling Gleam|p1a: Grimmsnarl\n|-supereffective|p1a: Grimmsnarl\n|-damage|p1a: Grimmsnarl|0 fnt\n|faint|p1a: Grimmsnarl\n|\n|-weather|none\n|-end|p2a: Flutter Mane|Protosynthesis\n|upkeep\n|c| darkmoju|groudon sweep\n|\n|t:|1697931025\n|switch|p1a: Corviknight|Corviknight, F|100\/100\n|-damage|p1a: Corviknight|88\/100|[from] Stealth Rock\n|turn|10\n|\n|t:|1697931031\n|move|p2a: Flutter Mane|Mystical Fire|p1a: Corviknight\n|-supereffective|p1a: Corviknight\n|-damage|p1a: Corviknight|62\/100\n|-ability|p1a: Corviknight|Mirror Armor\n|-unboost|p2a: Flutter Mane|spa|1\n|move|p1a: Corviknight|Drill Peck|p2a: Flutter Mane\n|-damage|p2a: Flutter Mane|17\/100\n|\n|upkeep\n|turn|11\n|c|\u2606Yangsta|tbh it might its a legend\n|c|\u2606Yangsta|ouuuuuuuuu\n|\n|t:|1697931045\n|switch|p1a: Groudon|Groudon|100\/100\n|-damage|p1a: Groudon|94\/100|[from] Stealth Rock\n|-weather|SunnyDay|[from] ability: Drought|[of] p1a: Groudon\n|-activate|p2a: Flutter Mane|ability: Protosynthesis\n|-start|p2a: Flutter Mane|protosynthesisspe\n|move|p2a: Flutter Mane|Thunderbolt|p1a: Groudon\n|-immune|p1a: Groudon\n|\n|-weather|SunnyDay|[upkeep]\n|-heal|p1a: Groudon|100\/100|[from] item: Leftovers\n|upkeep\n|turn|12\n|c|\u2606Yangsta|that was clean\n|c| Hand0fD00m|it actually could\n|\n|t:|1697931063\n|move|p2a: Flutter Mane|Shadow Ball|p1a: Groudon\n|-damage|p1a: Groudon|84\/100\n|move|p1a: Groudon|Roar|p2a: Flutter Mane\n|-end|p2a: Flutter Mane|Protosynthesis|[silent]\n|drag|p2a: Volcarona|Volcarona, M|100\/100\n|-damage|p2a: Volcarona|51\/100|[from] Stealth Rock\n|\n|-weather|SunnyDay|[upkeep]\n|-heal|p1a: Groudon|91\/100|[from] item: Leftovers\n|-sideend|p1: mvpasap|Reflect\n|upkeep\n|turn|13\n|c| Rival Andrew|that 49% damage\n|\n|t:|1697931079\n|move|p2a: Volcarona|Fiery Dance|p1a: Groudon\n|-damage|p1a: Groudon|49\/100\n|move|p1a: Groudon|Roar|p2a: Volcarona\n|drag|p2a: Zacian|Zacian-Crowned|100\/100\n|-damage|p2a: Zacian|94\/100|[from] Stealth Rock\n|-ability|p2a: Zacian|Intrepid Sword|boost\n|-boost|p2a: Zacian|atk|1\n|\n|-weather|SunnyDay|[upkeep]\n|-heal|p1a: Groudon|55\/100|[from] item: Leftovers\n|-sideend|p1: mvpasap|move: Light Screen\n|upkeep\n|turn|14\n|c| Rival Andrew|meant everything\n|c|\u2606Yangsta|wild\n|\n|t:|1697931099\n|-terastallize|p1a: Groudon|Ground\n|move|p2a: Zacian|Trailblaze|p1a: Groudon\n|-supereffective|p1a: Groudon\n|-damage|p1a: Groudon|11\/100\n|-boost|p2a: Zacian|spe|1\n|move|p1a: Groudon|Earthquake|p2a: Zacian\n|-supereffective|p2a: Zacian\n|-damage|p2a: Zacian|0 fnt\n|faint|p2a: Zacian\n|\n|-weather|SunnyDay|[upkeep]\n|-heal|p1a: Groudon|18\/100|[from] item: Leftovers\n|upkeep\n|\n|t:|1697931116\n|switch|p2a: Flutter Mane|Flutter Mane|17\/100\n|-damage|p2a: Flutter Mane|5\/100|[from] Stealth Rock\n|-activate|p2a: Flutter Mane|ability: Protosynthesis\n|-start|p2a: Flutter Mane|protosynthesisspe\n|turn|15\n|\n|t:|1697931124\n|move|p2a: Flutter Mane|Shadow Ball|p1a: Groudon\n|-damage|p1a: Groudon|0 fnt\n|faint|p1a: Groudon\n|\n|-weather|none\n|-end|p2a: Flutter Mane|Protosynthesis\n|upkeep\n|\n|t:|1697931131\n|switch|p1a: Corviknight|Corviknight, F|62\/100\n|-damage|p1a: Corviknight|50\/100|[from] Stealth Rock\n|turn|16\n|c|\u2606Yangsta|gg bro\n|\n|t:|1697931139\n|move|p2a: Flutter Mane|Thunderbolt|p1a: Corviknight\n|-supereffective|p1a: Corviknight\n|-damage|p1a: Corviknight|0 fnt\n|faint|p1a: Corviknight\n|\n|win|Yangsta\n|c| Sonad~|gg!\n|l|\u2606mvpasap\n","uploadtime":1697931147,"views":12,"p1id":"mvpasap","p2id":"yangsta","formatid":"gen9ubers","rating":0,"private":0,"password":""}