{"id":"gen9ubers-1997857048","p1":"KosmicBAD","p2":"EX1400","format":"[Gen 9] Ubers","log":"|j|\u2606KosmicBAD\n|j|\u2606EX1400\n|t:|1700860358\n|gametype|singles\n|player|p1|KosmicBAD|265|\n|player|p2|EX1400|benga|\n|teamsize|p1|6\n|teamsize|p2|6\n|gen|9\n|tier|[Gen 9] Ubers\n|rule|Sleep Clause Mod: Limit one foe put to sleep\n|rule|Species Clause: Limit one of each Pok\u00e9mon\n|rule|OHKO Clause: OHKO moves are banned\n|rule|Evasion Items Clause: Evasion items are banned\n|rule|Evasion Moves Clause: Evasion moves are banned\n|rule|Endless Battle Clause: Forcing endless battles is banned\n|rule|HP Percentage Mod: HP is shown in percentages\n|clearpoke\n|poke|p1|Jolteon, F|\n|poke|p1|Zapdos-Galar|\n|poke|p1|Scizor, F|\n|poke|p1|Shaymin|\n|poke|p1|Infernape, F|\n|poke|p1|Quagsire, F|\n|poke|p2|Dragonite, M|\n|poke|p2|Ninetales-Alola, F|\n|poke|p2|Empoleon, M|\n|poke|p2|Gengar, F|\n|poke|p2|Iron Hands|\n|poke|p2|Rotom-Heat|\n|teampreview\n|j| Kai dragneel\n|\n|t:|1700860373\n|start\n|switch|p1a: Usain|Jolteon, F, shiny|100\/100\n|switch|p2a: Rotom|Rotom-Heat|100\/100\n|turn|1\n|\n|t:|1700860381\n|-terastallize|p1a: Usain|Normal\n|move|p1a: Usain|Last Resort||[still]\n|-fail|p1a: Usain\n|move|p2a: Rotom|Will-O-Wisp|p1a: Usain\n|-status|p1a: Usain|brn\n|\n|-damage|p1a: Usain|95\/100 brn|[from] brn\n|upkeep\n|turn|2\n|\n|t:|1700860392\n|move|p1a: Usain|Last Resort||[still]\n|-fail|p1a: Usain\n|move|p2a: Rotom|Overheat|p1a: Usain\n|-damage|p1a: Usain|29\/100 brn\n|-unboost|p2a: Rotom|spa|2\n|\n|-damage|p1a: Usain|23\/100 brn|[from] brn\n|upkeep\n|turn|3\n|c|\u2606EX1400|im running the wrong team\n|c|\u2606EX1400|dif moves and items lmao\n|\n|t:|1700860421\n|switch|p2a: Dragonite|Dragonite, M|100\/100\n|move|p1a: Usain|Last Resort||[still]\n|-fail|p1a: Usain\n|\n|-damage|p1a: Usain|17\/100 brn|[from] brn\n|upkeep\n|turn|4\n|\n|t:|1700860429\n|switch|p1a: Glenn|Quagsire, F|100\/100\n|move|p2a: Dragonite|Earthquake|p1a: Glenn\n|-damage|p1a: Glenn|61\/100\n|\n|upkeep\n|turn|5\n|\n|t:|1700860440\n|move|p2a: Dragonite|Dragon Dance|p2a: Dragonite\n|-boost|p2a: Dragonite|atk|1\n|-boost|p2a: Dragonite|spe|1\n|move|p1a: Glenn|Ice Punch|p2a: Dragonite\n|-supereffective|p2a: Dragonite\n|-damage|p2a: Dragonite|35\/100\n|\n|-heal|p2a: Dragonite|41\/100|[from] item: Leftovers\n|upkeep\n|turn|6\n|\n|t:|1700860466\n|-terastallize|p2a: Dragonite|Dragon\n|move|p2a: Dragonite|Dragon Claw|p1a: Glenn\n|-damage|p1a: Glenn|0 fnt\n|faint|p1a: Glenn\n|\n|-heal|p2a: Dragonite|47\/100|[from] item: Leftovers\n|upkeep\n|\n|t:|1700860478\n|switch|p1a: Unit-02|Scizor, F|100\/100\n|turn|7\n|\n|t:|1700860511\n|switch|p2a: Rotom|Rotom-Heat|100\/100\n|move|p1a: Unit-02|Bullet Punch|p2a: Rotom\n|-resisted|p2a: Rotom\n|-damage|p2a: Rotom|89\/100\n|\n|-heal|p2a: Rotom|96\/100|[from] item: Leftovers\n|upkeep\n|turn|8\n|\n|t:|1700860522\n|switch|p1a: Usain|Jolteon, F, shiny, tera:Normal|17\/100 brn\n|move|p2a: Rotom|Will-O-Wisp|p1a: Usain\n|-fail|p1a: Usain|brn\n|\n|-heal|p2a: Rotom|100\/100|[from] item: Leftovers\n|-damage|p1a: Usain|12\/100 brn|[from] brn\n|upkeep\n|turn|9\n|\n|t:|1700860539\n|move|p2a: Rotom|Protect|p2a: Rotom\n|-singleturn|p2a: Rotom|Protect\n|move|p1a: Usain|Last Resort||[still]\n|-fail|p1a: Usain\n|\n|-damage|p1a: Usain|6\/100 brn|[from] brn\n|upkeep\n|turn|10\n|\n|t:|1700860557\n|move|p1a: Usain|Last Resort||[still]\n|-fail|p1a: Usain\n|move|p2a: Rotom|Will-O-Wisp|p1a: Usain|[miss]\n|-miss|p2a: Rotom|p1a: Usain\n|\n|-damage|p1a: Usain|0 fnt|[from] brn\n|faint|p1a: Usain\n|upkeep\n|\n|t:|1700860569\n|switch|p1a: Rafiiki|Infernape, F|100\/100\n|turn|11\n|\n|t:|1700860588\n|switch|p2a: Iron Hands|Iron Hands|100\/100\n|-enditem|p2a: Iron Hands|Booster Energy\n|-activate|p2a: Iron Hands|ability: Quark Drive|[fromitem]\n|-start|p2a: Iron Hands|quarkdriveatk\n|move|p1a: Rafiiki|Switcheroo|p2a: Iron Hands\n|-activate|p1a: Rafiiki|move: Trick|[of] p2a: Iron Hands\n|-item|p2a: Iron Hands|Choice Scarf|[from] move: Switcheroo\n|-enditem|p1a: Rafiiki|Choice Scarf|[silent]|[from] move: Switcheroo\n|\n|upkeep\n|turn|12\n|\n|t:|1700860607\n|move|p1a: Rafiiki|Raging Fury|p2a: Iron Hands\n|-damage|p2a: Iron Hands|70\/100\n|move|p2a: Iron Hands|Earthquake|p1a: Rafiiki\n|-supereffective|p1a: Rafiiki\n|-damage|p1a: Rafiiki|0 fnt\n|faint|p1a: Rafiiki\n|\n|upkeep\n|\n|t:|1700860618\n|switch|p1a: BigBird|Zapdos-Galar, shiny|100\/100\n|turn|13\n|c|\u2606EX1400|bigbird is amazing name\n|\n|t:|1700860660\n|-end|p2a: Iron Hands|Quark Drive|[silent]\n|switch|p2a: Ninetales|Ninetales-Alola, F|100\/100\n|-weather|Snow|[from] ability: Snow Warning|[of] p2a: Ninetales\n|move|p1a: BigBird|Brave Bird|p2a: Ninetales\n|-damage|p2a: Ninetales|1\/100\n|-damage|p1a: BigBird|71\/100|[from] Recoil\n|\n|-weather|Snow|[upkeep]\n|upkeep\n|turn|14\n|\n|t:|1700860682\n|switch|p1a: Unit-02|Scizor, F|100\/100\n|move|p2a: Ninetales|Blizzard|p1a: Unit-02\n|-resisted|p1a: Unit-02\n|-damage|p1a: Unit-02|77\/100\n|\n|-weather|Snow|[upkeep]\n|upkeep\n|turn|15\n|\n|t:|1700860697\n|switch|p2a: Rotom|Rotom-Heat|100\/100\n|move|p1a: Unit-02|U-turn|p2a: Rotom\n|-resisted|p2a: Rotom\n|-damage|p2a: Rotom|77\/100\n|\n|t:|1700860709\n|switch|p1a: BigBird|Zapdos-Galar, shiny|71\/100|[from] U-turn\n|\n|-weather|Snow|[upkeep]\n|-heal|p2a: Rotom|83\/100|[from] item: Leftovers\n|upkeep\n|turn|16\n|\n|t:|1700860722\n|move|p2a: Rotom|Protect|p2a: Rotom\n|-singleturn|p2a: Rotom|Protect\n|move|p1a: BigBird|Close Combat|p2a: Rotom\n|-activate|p2a: Rotom|move: Protect\n|\n|-weather|Snow|[upkeep]\n|-heal|p2a: Rotom|89\/100|[from] item: Leftovers\n|upkeep\n|turn|17\n|\n|t:|1700860731\n|move|p1a: BigBird|Close Combat|p2a: Rotom\n|-damage|p2a: Rotom|16\/100\n|-unboost|p1a: BigBird|def|1\n|-unboost|p1a: BigBird|spd|1\n|move|p2a: Rotom|Volt Switch|p1a: BigBird\n|-supereffective|p1a: BigBird\n|-damage|p1a: BigBird|0 fnt\n|faint|p1a: BigBird\n|\n|t:|1700860747\n|switch|p2a: Gengar|Gengar, F|100\/100|[from] Volt Switch\n|\n|-weather|none\n|upkeep\n|\n|t:|1700860753\n|switch|p1a: Chia|Shaymin|100\/100\n|turn|18\n|\n|t:|1700860763\n|move|p2a: Gengar|Sludge Bomb|p1a: Chia\n|-supereffective|p1a: Chia\n|-damage|p1a: Chia|0 fnt\n|faint|p1a: Chia\n|\n|upkeep\n|\n|t:|1700860768\n|switch|p1a: Unit-02|Scizor, F|77\/100\n|turn|19\n|\n|t:|1700860785\n|move|p2a: Gengar|Sludge Bomb|p1a: Unit-02\n|-immune|p1a: Unit-02\n|move|p1a: Unit-02|Dual Wingbeat|p2a: Gengar\n|-damage|p2a: Gengar|28\/100\n|-start|p1a: Unit-02|Disable|Dual Wingbeat|[from] ability: Cursed Body|[of] p2a: Gengar\n|-damage|p2a: Gengar|0 fnt\n|faint|p2a: Gengar\n|-hitcount|p2: Gengar|2\n|\n|upkeep\n|\n|t:|1700860792\n|switch|p2a: Empoleon|Empoleon, M|100\/100\n|turn|20\n|\n|t:|1700860799\n|-activate|p1a: Unit-02|move: Struggle\n|move|p1a: Unit-02|Struggle|p2a: Empoleon\n|-damage|p2a: Empoleon|64\/100\n|-damage|p1a: Unit-02|52\/100|[from] recoil\n|move|p2a: Empoleon|Surf|p1a: Unit-02\n|-damage|p1a: Unit-02|2\/100\n|\n|-heal|p2a: Empoleon|70\/100|[from] item: Leftovers\n|upkeep\n|turn|21\n|\n|t:|1700860809\n|-activate|p1a: Unit-02|move: Struggle\n|move|p1a: Unit-02|Struggle|p2a: Empoleon\n|-damage|p2a: Empoleon|31\/100\n|-damage|p1a: Unit-02|0 fnt|[from] recoil\n|faint|p1a: Unit-02\n|\n|win|EX1400\n|c|\u2606EX1400|OMG I WON\n|l| Kai dragneel\n|c|\u2606EX1400|WOW\n|c|\u2606EX1400|IM SO GOOD\n|c|\u2606EX1400|lmao\n|c|\u2606EX1400|gg\n|l|\u2606KosmicBAD\n","uploadtime":1700860818,"views":5,"p1id":"kosmicbad","p2id":"ex1400","formatid":"gen9ubers","rating":0,"private":0,"password":""}