{"id":"gen9ubers-1986039008","p1":"Autismo27","p2":"Eric Vendrell","format":"[Gen 9] Ubers","log":"|j|\u2606Autismo27\n|j|\u2606Eric Vendrell\n|t:|1699442407\n|gametype|singles\n|player|p1|Autismo27|benga|1098\n|player|p2|Eric Vendrell|2|1084\n|teamsize|p1|6\n|teamsize|p2|6\n|gen|9\n|tier|[Gen 9] Ubers\n|rated|\n|rule|Sleep Clause Mod: Limit one foe put to sleep\n|rule|Species Clause: Limit one of each Pok\u00e9mon\n|rule|OHKO Clause: OHKO moves are banned\n|rule|Evasion Items Clause: Evasion items are banned\n|rule|Evasion Moves Clause: Evasion moves are banned\n|rule|Endless Battle Clause: Forcing endless battles is banned\n|rule|HP Percentage Mod: HP is shown in percentages\n|clearpoke\n|poke|p1|Tyranitar, M|\n|poke|p1|Kommo-o, F|\n|poke|p1|Lycanroc, M|\n|poke|p1|Ogerpon-Hearthflame, F|\n|poke|p1|Kingambit, F|\n|poke|p1|Baxcalibur, F|\n|poke|p2|Garchomp, M|\n|poke|p2|Salamence, M|\n|poke|p2|Toxapex, F|\n|poke|p2|Torterra, M|\n|poke|p2|Dragapult, F|\n|poke|p2|Tyranitar, F|\n|teampreview\n|\n|t:|1699442431\n|start\n|switch|p1a: Tyranitar|Tyranitar, M|100\/100\n|switch|p2a: Garchomp|Garchomp, M, shiny|100\/100\n|-weather|Sandstorm|[from] ability: Sand Stream|[of] p1a: Tyranitar\n|turn|1\n|\n|t:|1699442441\n|move|p2a: Garchomp|Stealth Rock|p1a: Tyranitar\n|-sidestart|p1: Autismo27|move: Stealth Rock\n|move|p1a: Tyranitar|Dragon Tail|p2a: Garchomp\n|-supereffective|p2a: Garchomp\n|-damage|p2a: Garchomp|60\/100\n|-damage|p1a: Tyranitar|88\/100|[from] ability: Rough Skin|[of] p2a: Garchomp\n|-damage|p1a: Tyranitar|72\/100|[from] item: Rocky Helmet|[of] p2a: Garchomp\n|drag|p2a: Dragapult|Dragapult, F, shiny|100\/100\n|\n|-weather|Sandstorm|[upkeep]\n|-damage|p2a: Dragapult|95\/100|[from] Sandstorm\n|upkeep\n|turn|2\n|\n|t:|1699442456\n|move|p2a: Dragapult|Sucker Punch|p1a: Tyranitar\n|-resisted|p1a: Tyranitar\n|-damage|p1a: Tyranitar|61\/100\n|-damage|p2a: Dragapult|85\/100|[from] item: Life Orb\n|move|p1a: Tyranitar|Dragon Tail|p2a: Dragapult\n|-supereffective|p2a: Dragapult\n|-damage|p2a: Dragapult|26\/100\n|drag|p2a: Tyranitar|Tyranitar, F, shiny|100\/100\n|\n|-weather|Sandstorm|[upkeep]\n|upkeep\n|turn|3\n|\n|t:|1699442486\n|move|p2a: Tyranitar|Earthquake|p1a: Tyranitar\n|-supereffective|p1a: Tyranitar\n|-damage|p1a: Tyranitar|0 fnt\n|faint|p1a: Tyranitar\n|\n|-weather|Sandstorm|[upkeep]\n|upkeep\n|\n|t:|1699442493\n|switch|p1a: Kommo-o|Kommo-o, F|100\/100\n|-damage|p1a: Kommo-o|94\/100|[from] Stealth Rock\n|turn|4\n|\n|t:|1699442502\n|move|p1a: Kommo-o|Body Press|p2a: Tyranitar\n|-supereffective|p2a: Tyranitar\n|-damage|p2a: Tyranitar|0 fnt\n|faint|p2a: Tyranitar\n|\n|-weather|Sandstorm|[upkeep]\n|upkeep\n|\n|t:|1699442509\n|switch|p2a: Dragapult|Dragapult, F, shiny|26\/100\n|turn|5\n|\n|t:|1699442513\n|move|p2a: Dragapult|Dragon Darts|p1a: Kommo-o\n|-supereffective|p1a: Kommo-o\n|-damage|p1a: Kommo-o|50\/100\n|-anim|p2a: Dragapult|Dragon Darts|p1a: Kommo-o\n|-supereffective|p1a: Kommo-o\n|-damage|p1a: Kommo-o|3\/100\n|-damage|p2a: Dragapult|16\/100|[from] item: Life Orb\n|move|p1a: Kommo-o|Dragon Tail|p2a: Dragapult\n|-supereffective|p2a: Dragapult\n|-damage|p2a: Dragapult|0 fnt\n|faint|p2a: Dragapult\n|\n|-weather|none\n|upkeep\n|\n|t:|1699442570\n|switch|p2a: Garchomp|Garchomp, M, shiny|60\/100\n|turn|6\n|\n|t:|1699442575\n|-terastallize|p2a: Garchomp|Fairy\n|move|p2a: Garchomp|Spikes|p1a: Kommo-o\n|-sidestart|p1: Autismo27|Spikes\n|move|p1a: Kommo-o|Dragon Tail|p2a: Garchomp\n|-immune|p2a: Garchomp\n|\n|upkeep\n|turn|7\n|\n|t:|1699442584\n|move|p2a: Garchomp|Spikes|p1a: Kommo-o\n|-sidestart|p1: Autismo27|Spikes\n|move|p1a: Kommo-o|Drain Punch|p2a: Garchomp\n|-resisted|p2a: Garchomp\n|-damage|p2a: Garchomp|45\/100\n|-heal|p1a: Kommo-o|12\/100|[from] drain|[of] p2a: Garchomp\n|-damage|p1a: Kommo-o|0 fnt|[from] ability: Rough Skin|[of] p2a: Garchomp\n|faint|p1a: Kommo-o\n|\n|upkeep\n|\n|t:|1699442595\n|switch|p1a: Kingambit|Kingambit, F|100\/100\n|-damage|p1a: Kingambit|94\/100|[from] Stealth Rock\n|-damage|p1a: Kingambit|78\/100|[from] Spikes\n|-activate|p1a: Kingambit|ability: Supreme Overlord\n|-start|p1a: Kingambit|fallen2|[silent]\n|turn|8\n|\n|t:|1699442606\n|switch|p2a: Toxapex|Toxapex, F|100\/100\n|-terastallize|p1a: Kingambit|Dark\n|move|p1a: Kingambit|Sucker Punch||[still]\n|-fail|p1a: Kingambit\n|\n|upkeep\n|turn|9\n|\n|t:|1699442615\n|move|p1a: Kingambit|Sucker Punch||[still]\n|-fail|p1a: Kingambit\n|move|p2a: Toxapex|Toxic Spikes|p1a: Kingambit\n|-sidestart|p1: Autismo27|move: Toxic Spikes\n|\n|upkeep\n|turn|10\n|\n|t:|1699442621\n|move|p1a: Kingambit|Sucker Punch||[still]\n|-fail|p1a: Kingambit\n|move|p2a: Toxapex|Toxic Spikes|p1a: Kingambit\n|-sidestart|p1: Autismo27|move: Toxic Spikes\n|\n|upkeep\n|turn|11\n|\n|t:|1699442629\n|move|p1a: Kingambit|Sucker Punch|p2a: Toxapex\n|-damage|p2a: Toxapex|22\/100\n|move|p2a: Toxapex|Venoshock|p1a: Kingambit\n|-damage|p1a: Kingambit|65\/100\n|\n|-heal|p2a: Toxapex|28\/100|[from] item: Black Sludge\n|upkeep\n|turn|12\n|\n|t:|1699442646\n|switch|p2a: Salamence|Salamence, M|100\/100\n|-ability|p2a: Salamence|Intimidate|boost\n|-unboost|p1a: Kingambit|atk|1\n|move|p1a: Kingambit|Sucker Punch||[still]\n|-fail|p1a: Kingambit\n|\n|upkeep\n|turn|13\n|\n|t:|1699442654\n|move|p1a: Kingambit|Sucker Punch|p2a: Salamence\n|-damage|p2a: Salamence|44\/100\n|move|p2a: Salamence|Dragon Tail|p1a: Kingambit\n|-damage|p1a: Kingambit|41\/100\n|-damage|p2a: Salamence|34\/100|[from] item: Life Orb\n|-end|p1a: Kingambit|fallen2|[silent]\n|drag|p1a: Baxcalibur|Baxcalibur, F|100\/100\n|-damage|p1a: Baxcalibur|76\/100|[from] Stealth Rock\n|-damage|p1a: Baxcalibur|59\/100|[from] Spikes\n|-status|p1a: Baxcalibur|tox\n|\n|-damage|p1a: Baxcalibur|53\/100 tox|[from] psn\n|upkeep\n|turn|14\n|\n|t:|1699442673\n|move|p1a: Baxcalibur|Icicle Crash|p2a: Salamence\n|-supereffective|p2a: Salamence\n|-damage|p2a: Salamence|0 fnt\n|faint|p2a: Salamence\n|\n|-damage|p1a: Baxcalibur|41\/100 tox|[from] psn\n|upkeep\n|\n|t:|1699442681\n|switch|p2a: Toxapex|Toxapex, F|62\/100\n|turn|15\n|\n|t:|1699442688\n|move|p1a: Baxcalibur|Dragon Claw|p2a: Toxapex\n|-damage|p2a: Toxapex|24\/100\n|move|p2a: Toxapex|Recover|p2a: Toxapex\n|-heal|p2a: Toxapex|74\/100\n|\n|-heal|p2a: Toxapex|80\/100|[from] item: Black Sludge\n|-damage|p1a: Baxcalibur|22\/100 tox|[from] psn\n|upkeep\n|turn|16\n|\n|t:|1699442698\n|move|p1a: Baxcalibur|Dragon Claw|p2a: Toxapex\n|-damage|p2a: Toxapex|48\/100\n|move|p2a: Toxapex|Recover|p2a: Toxapex\n|-heal|p2a: Toxapex|98\/100\n|\n|-heal|p2a: Toxapex|100\/100|[from] item: Black Sludge\n|-damage|p1a: Baxcalibur|0 fnt|[from] psn\n|faint|p1a: Baxcalibur\n|upkeep\n|\n|t:|1699442710\n|switch|p1a: Lycanroc|Lycanroc, M|100\/100\n|-damage|p1a: Lycanroc|88\/100|[from] Stealth Rock\n|-damage|p1a: Lycanroc|72\/100|[from] Spikes\n|-status|p1a: Lycanroc|tox\n|turn|17\n|\n|t:|1699442718\n|move|p1a: Lycanroc|Rock Blast|p2a: Toxapex\n|-damage|p2a: Toxapex|89\/100\n|-damage|p2a: Toxapex|78\/100\n|-damage|p2a: Toxapex|68\/100\n|-damage|p2a: Toxapex|56\/100\n|-hitcount|p2a: Toxapex|4\n|move|p2a: Toxapex|Venoshock|p1a: Lycanroc\n|-resisted|p1a: Lycanroc\n|-damage|p1a: Lycanroc|51\/100 tox\n|\n|-heal|p2a: Toxapex|63\/100|[from] item: Black Sludge\n|-damage|p1a: Lycanroc|45\/100 tox|[from] psn\n|upkeep\n|turn|18\n|\n|t:|1699442731\n|move|p1a: Lycanroc|Rock Blast|p2a: Toxapex\n|-damage|p2a: Toxapex|52\/100\n|-damage|p2a: Toxapex|41\/100\n|-damage|p2a: Toxapex|31\/100\n|-damage|p2a: Toxapex|20\/100\n|-damage|p2a: Toxapex|9\/100\n|-hitcount|p2a: Toxapex|5\n|move|p2a: Toxapex|Recover|p2a: Toxapex\n|-heal|p2a: Toxapex|59\/100\n|\n|-heal|p2a: Toxapex|65\/100|[from] item: Black Sludge\n|-damage|p1a: Lycanroc|33\/100 tox|[from] psn\n|upkeep\n|turn|19\n|\n|t:|1699442745\n|move|p1a: Lycanroc|Rock Blast|p2a: Toxapex\n|-damage|p2a: Toxapex|55\/100\n|-damage|p2a: Toxapex|43\/100\n|-damage|p2a: Toxapex|33\/100\n|-damage|p2a: Toxapex|24\/100\n|-damage|p2a: Toxapex|14\/100\n|-hitcount|p2a: Toxapex|5\n|move|p2a: Toxapex|Recover|p2a: Toxapex\n|-heal|p2a: Toxapex|64\/100\n|\n|-heal|p2a: Toxapex|70\/100|[from] item: Black Sludge\n|-damage|p1a: Lycanroc|14\/100 tox|[from] psn\n|upkeep\n|turn|20\n|\n|t:|1699442758\n|move|p1a: Lycanroc|Rock Blast|p2a: Toxapex\n|-damage|p2a: Toxapex|60\/100\n|-damage|p2a: Toxapex|49\/100\n|-damage|p2a: Toxapex|39\/100\n|-damage|p2a: Toxapex|28\/100\n|-hitcount|p2a: Toxapex|4\n|move|p2a: Toxapex|Recover|p2a: Toxapex\n|-heal|p2a: Toxapex|78\/100\n|\n|-heal|p2a: Toxapex|85\/100|[from] item: Black Sludge\n|-damage|p1a: Lycanroc|0 fnt|[from] psn\n|faint|p1a: Lycanroc\n|upkeep\n|\n|t:|1699442771\n|switch|p1a: Kingambit|Kingambit, F, tera:Dark|41\/100\n|-damage|p1a: Kingambit|29\/100|[from] Stealth Rock\n|-damage|p1a: Kingambit|12\/100|[from] Spikes\n|-status|p1a: Kingambit|tox\n|-activate|p1a: Kingambit|ability: Supreme Overlord\n|-start|p1a: Kingambit|fallen4|[silent]\n|turn|21\n|\n|t:|1699442781\n|move|p1a: Kingambit|Zen Headbutt|p2a: Toxapex\n|-supereffective|p2a: Toxapex\n|-damage|p2a: Toxapex|0 fnt\n|faint|p2a: Toxapex\n|\n|-damage|p1a: Kingambit|6\/100 tox|[from] psn\n|upkeep\n|\n|t:|1699442792\n|switch|p2a: Torterra|Torterra, M, shiny|100\/100\n|turn|22\n|\n|t:|1699442796\n|move|p2a: Torterra|Bullet Seed|p1a: Kingambit\n|-damage|p1a: Kingambit|0 fnt\n|faint|p1a: Kingambit\n|-end|p1a: Kingambit|fallen4|[silent]\n|-hitcount|p1: Kingambit|1\n|\n|upkeep\n|\n|t:|1699442801\n|switch|p1a: Ogerpon|Ogerpon-Hearthflame, F|100\/100\n|-damage|p1a: Ogerpon|76\/100|[from] Stealth Rock\n|-damage|p1a: Ogerpon|59\/100|[from] Spikes\n|-status|p1a: Ogerpon|tox\n|-ability|p1a: Ogerpon|Mold Breaker\n|turn|23\n|\n|t:|1699442811\n|move|p1a: Ogerpon|Ivy Cudgel|p2a: Torterra\n|-supereffective|p2a: Torterra\n|-damage|p2a: Torterra|0 fnt\n|faint|p2a: Torterra\n|\n|-damage|p1a: Ogerpon|53\/100 tox|[from] psn\n|upkeep\n|\n|t:|1699442818\n|switch|p2a: Garchomp|Garchomp, M, shiny, tera:Fairy|45\/100\n|turn|24\n|\n|t:|1699442825\n|move|p1a: Ogerpon|Ivy Cudgel|p2a: Garchomp\n|-damage|p2a: Garchomp|0 fnt\n|faint|p2a: Garchomp\n|\n|win|Autismo27\n|raw|Autismo27's rating: 1098 &rarr; <strong>1122<\/strong><br \/>(+24 for winning)\n|raw|Eric Vendrell's rating: 1084 &rarr; <strong>1062<\/strong><br \/>(-22 for losing)\n|l|\u2606Eric Vendrell\n","uploadtime":1699442834,"views":6,"p1id":"autismo27","p2id":"ericvendrell","formatid":"gen9ubers","rating":1062,"private":0,"password":""}