{"id":"gen9ubers-1988540431","p1":"sir lady man","p2":"LITLE0","format":"[Gen 9] Ubers","log":"|j|\u2606sir lady man\n|j|\u2606LITLE0\n|t:|1699733941\n|gametype|singles\n|player|p1|sir lady man|ghetsis-gen5bw|1015\n|player|p2|LITLE0|brock|1000\n|teamsize|p1|6\n|teamsize|p2|3\n|gen|9\n|tier|[Gen 9] Ubers\n|rated|\n|rule|Sleep Clause Mod: Limit one foe put to sleep\n|rule|Species Clause: Limit one of each Pok\u00e9mon\n|rule|OHKO Clause: OHKO moves are banned\n|rule|Evasion Items Clause: Evasion items are banned\n|rule|Evasion Moves Clause: Evasion moves are banned\n|rule|Endless Battle Clause: Forcing endless battles is banned\n|rule|HP Percentage Mod: HP is shown in percentages\n|clearpoke\n|poke|p1|Kyogre|\n|poke|p1|Rayquaza|\n|poke|p1|Mimikyu, M|\n|poke|p1|Groudon|\n|poke|p1|Corviknight, F|\n|poke|p1|Scizor, M|\n|poke|p2|Ceruledge, M|\n|poke|p2|Cyclizar, M|\n|poke|p2|Dondozo, M|\n|teampreview\n|\n|t:|1699733953\n|start\n|switch|p1a: Kyogre|Kyogre, shiny|100\/100\n|switch|p2a: Cyclizar|Cyclizar, M|100\/100\n|-weather|RainDance|[from] ability: Drizzle|[of] p1a: Kyogre\n|turn|1\n|\n|t:|1699733962\n|move|p2a: Cyclizar|Shed Tail|p2a: Cyclizar\n|-start|p2a: Cyclizar|Substitute|[from] move: Shed Tail\n|-damage|p2a: Cyclizar|50\/100\n|\n|t:|1699733965\n|switch|p2a: Ceruledge|Ceruledge, M|100\/100|[from] Shed Tail\n|move|p1a: Kyogre|Ice Beam|p2a: Ceruledge\n|-resisted|p2a: Ceruledge\n|-activate|p2a: Ceruledge|move: Substitute|[damage]\n|\n|-weather|RainDance|[upkeep]\n|upkeep\n|turn|2\n|\n|t:|1699733974\n|move|p2a: Ceruledge|Poltergeist|p1a: Kyogre\n|-activate|p1a: Kyogre|move: Poltergeist|Assault Vest\n|-damage|p1a: Kyogre|32\/100\n|move|p1a: Kyogre|Thunder|p2a: Ceruledge\n|-end|p2a: Ceruledge|Substitute\n|\n|-weather|RainDance|[upkeep]\n|upkeep\n|turn|3\n|\n|t:|1699733986\n|move|p2a: Ceruledge|Poltergeist|p1a: Kyogre\n|-activate|p1a: Kyogre|move: Poltergeist|Assault Vest\n|-damage|p1a: Kyogre|0 fnt\n|faint|p1a: Kyogre\n|\n|-weather|RainDance|[upkeep]\n|upkeep\n|\n|t:|1699733993\n|switch|p1a: Rayquaza|Rayquaza, shiny|100\/100\n|-ability|p1a: Rayquaza|Air Lock\n|turn|4\n|\n|t:|1699734000\n|move|p2a: Ceruledge|Endure|p2a: Ceruledge\n|-singleturn|p2a: Ceruledge|move: Endure\n|move|p1a: Rayquaza|Extreme Speed|p2a: Ceruledge\n|-immune|p2a: Ceruledge\n|\n|-weather|RainDance|[upkeep]\n|upkeep\n|turn|5\n|\n|t:|1699734009\n|move|p1a: Rayquaza|Extreme Speed|p2a: Ceruledge\n|-immune|p2a: Ceruledge\n|move|p2a: Ceruledge|Poltergeist|p1a: Rayquaza\n|-activate|p1a: Rayquaza|move: Poltergeist|Choice Band\n|-damage|p1a: Rayquaza|33\/100\n|\n|-weather|none\n|upkeep\n|turn|6\n|\n|t:|1699734020\n|switch|p1a: Corviknight|Corviknight, F, shiny|100\/100\n|move|p2a: Ceruledge|Poltergeist|p1a: Corviknight\n|-activate|p1a: Corviknight|move: Poltergeist|Rocky Helmet\n|-damage|p1a: Corviknight|55\/100\n|\n|upkeep\n|turn|7\n|\n|t:|1699734029\n|move|p2a: Ceruledge|Bitter Blade|p1a: Corviknight\n|-supereffective|p1a: Corviknight\n|-damage|p1a: Corviknight|0 fnt\n|-damage|p2a: Ceruledge|84\/100|[from] item: Rocky Helmet|[of] p1a: Corviknight\n|faint|p1a: Corviknight\n|\n|upkeep\n|c|\u2606sir lady man|Dude\n|\n|t:|1699734045\n|switch|p1a: Scizor|Scizor, M, shiny|100\/100\n|turn|8\n|\n|t:|1699734052\n|move|p1a: Scizor|Bullet Punch|p2a: Ceruledge\n|-resisted|p2a: Ceruledge\n|-damage|p2a: Ceruledge|63\/100\n|-ability|p2a: Ceruledge|Weak Armor|boost\n|-unboost|p2a: Ceruledge|def|1\n|-boost|p2a: Ceruledge|spe|2\n|move|p2a: Ceruledge|Bitter Blade|p1a: Scizor\n|-supereffective|p1a: Scizor\n|-damage|p1a: Scizor|0 fnt\n|-heal|p2a: Ceruledge|100\/100|[from] drain|[of] p1a: Scizor\n|faint|p1a: Scizor\n|\n|upkeep\n|\n|t:|1699734063\n|switch|p1a: Groudon|Groudon, shiny|100\/100\n|-weather|SunnyDay|[from] ability: Drought|[of] p1a: Groudon\n|turn|9\n|c|\u2606LITLE0|?\n|\n|t:|1699734070\n|move|p2a: Ceruledge|Endure|p2a: Ceruledge\n|-singleturn|p2a: Ceruledge|move: Endure\n|move|p1a: Groudon|Precipice Blades|p2a: Ceruledge\n|-supereffective|p2a: Ceruledge\n|-activate|p2a: Ceruledge|move: Endure\n|-damage|p2a: Ceruledge|1\/100\n|-ability|p2a: Ceruledge|Weak Armor|boost\n|-unboost|p2a: Ceruledge|def|1\n|-boost|p2a: Ceruledge|spe|2\n|-enditem|p2a: Ceruledge|Weakness Policy\n|-boost|p2a: Ceruledge|atk|2|[from] item: Weakness Policy\n|-boost|p2a: Ceruledge|spa|2|[from] item: Weakness Policy\n|\n|-weather|SunnyDay|[upkeep]\n|upkeep\n|turn|10\n|c|\u2606sir lady man|How do you keep one shoting\n|\n|t:|1699734099\n|move|p2a: Ceruledge|Bitter Blade|p1a: Groudon\n|-damage|p1a: Groudon|0 fnt\n|-heal|p2a: Ceruledge|60\/100|[from] drain|[of] p1a: Groudon\n|faint|p1a: Groudon\n|\n|-weather|SunnyDay|[upkeep]\n|upkeep\n|c|\u2606LITLE0|ceru us just good\n|\n|t:|1699734107\n|switch|p1a: Mimikyu|Mimikyu, M, shiny|100\/100\n|turn|11\n|\n|t:|1699734123\n|switch|p2a: Dondozo|Dondozo, M|100\/100\n|move|p1a: Mimikyu|Shadow Ball|p2a: Dondozo\n|-damage|p2a: Dondozo|77\/100\n|\n|-weather|SunnyDay|[upkeep]\n|-heal|p2a: Dondozo|83\/100|[from] item: Leftovers\n|upkeep\n|turn|12\n|\n|t:|1699734133\n|move|p1a: Mimikyu|Swords Dance|p1a: Mimikyu\n|-boost|p1a: Mimikyu|atk|2\n|move|p2a: Dondozo|Liquidation|p1a: Mimikyu\n|-activate|p1a: Mimikyu|ability: Disguise\n|-damage|p1a: Mimikyu|100\/100\n|-unboost|p1a: Mimikyu|def|1\n|detailschange|p1a: Mimikyu|Mimikyu-Busted, M, shiny\n|-damage|p1a: Mimikyu|88\/100|[from] pokemon: Mimikyu-Busted\n|\n|-weather|SunnyDay|[upkeep]\n|-heal|p2a: Dondozo|90\/100|[from] item: Leftovers\n|upkeep\n|turn|13\n|\n|t:|1699734147\n|move|p1a: Mimikyu|Shadow Ball|p2a: Dondozo\n|-damage|p2a: Dondozo|69\/100\n|-unboost|p2a: Dondozo|spd|1\n|move|p2a: Dondozo|Liquidation|p1a: Mimikyu\n|-damage|p1a: Mimikyu|67\/100\n|\n|-weather|none\n|-heal|p2a: Dondozo|75\/100|[from] item: Leftovers\n|upkeep\n|turn|14\n|\n|t:|1699734160\n|switch|p2a: Cyclizar|Cyclizar, M|84\/100\n|move|p1a: Mimikyu|Destiny Bond|p1a: Mimikyu\n|-singlemove|p1a: Mimikyu|Destiny Bond\n|\n|upkeep\n|turn|15\n|\n|t:|1699734169\n|move|p2a: Cyclizar|Shed Tail|p2a: Cyclizar\n|-start|p2a: Cyclizar|Substitute|[from] move: Shed Tail\n|-damage|p2a: Cyclizar|34\/100\n|\n|t:|1699734171\n|switch|p2a: Ceruledge|Ceruledge, M|60\/100|[from] Shed Tail\n|move|p1a: Mimikyu|Shadow Ball|p2a: Ceruledge\n|-supereffective|p2a: Ceruledge\n|-end|p2a: Ceruledge|Substitute\n|\n|upkeep\n|turn|16\n|\n|t:|1699734182\n|-terastallize|p2a: Ceruledge|Ghost\n|move|p2a: Ceruledge|Shadow Sneak|p1a: Mimikyu\n|-supereffective|p1a: Mimikyu\n|-damage|p1a: Mimikyu|0 fnt\n|faint|p1a: Mimikyu\n|\n|upkeep\n|\n|t:|1699734190\n|switch|p1a: Rayquaza|Rayquaza, shiny|33\/100\n|-ability|p1a: Rayquaza|Air Lock\n|turn|17\n|\n|t:|1699734196\n|move|p2a: Ceruledge|Shadow Sneak|p1a: Rayquaza\n|-damage|p1a: Rayquaza|4\/100\n|move|p1a: Rayquaza|Dragon Pulse|p2a: Ceruledge\n|-damage|p2a: Ceruledge|1\/100\n|\n|upkeep\n|turn|18\n|c|\u2606LITLE0|gg\n|\n|t:|1699734206\n|move|p2a: Ceruledge|Shadow Sneak|p1a: Rayquaza\n|-damage|p1a: Rayquaza|0 fnt\n|faint|p1a: Rayquaza\n|\n|win|LITLE0\n|raw|sir lady man's rating: 1015 &rarr; <strong>1002<\/strong><br \/>(-13 for losing)\n|raw|LITLE0's rating: 1000 &rarr; <strong>1042<\/strong><br \/>(+42 for winning)\n","uploadtime":1699734212,"views":6,"p1id":"sirladyman","p2id":"litle0","formatid":"gen9ubers","rating":1002,"private":0,"password":""}