{"id":"gen9ubers-1992724376","p1":"Anne Frankkkk","p2":"marcs18","format":"[Gen 9] Ubers","log":"|j|\u2606Anne Frankkkk\n|j|\u2606marcs18\n|t:|1700229385\n|gametype|singles\n|player|p1|Anne Frankkkk|hilbert|1328\n|player|p2|marcs18|hilbert|1340\n|teamsize|p1|6\n|teamsize|p2|6\n|gen|9\n|tier|[Gen 9] Ubers\n|rated|\n|rule|Sleep Clause Mod: Limit one foe put to sleep\n|rule|Species Clause: Limit one of each Pok\u00e9mon\n|rule|OHKO Clause: OHKO moves are banned\n|rule|Evasion Items Clause: Evasion items are banned\n|rule|Evasion Moves Clause: Evasion moves are banned\n|rule|Endless Battle Clause: Forcing endless battles is banned\n|rule|HP Percentage Mod: HP is shown in percentages\n|clearpoke\n|poke|p1|Regieleki|\n|poke|p1|Kyogre|\n|poke|p1|Chien-Pao|\n|poke|p1|Ribombee, M|\n|poke|p1|Miraidon|\n|poke|p1|Flutter Mane|\n|poke|p2|Spectrier|\n|poke|p2|Urshifu-*, F|\n|poke|p2|Magearna|\n|poke|p2|Cyclizar, M|\n|poke|p2|Zacian-*|\n|poke|p2|Espathra, F|\n|teampreview\n|\n|t:|1700229388\n|start\n|switch|p1a: Misdreavius|Flutter Mane, shiny|100\/100\n|switch|p2a: Cyclizar|Cyclizar, M|100\/100\n|-enditem|p1a: Misdreavius|Booster Energy\n|-activate|p1a: Misdreavius|ability: Protosynthesis|[fromitem]\n|-start|p1a: Misdreavius|protosynthesisspe\n|turn|1\n|inactive|Battle timer is ON: inactive players will automatically lose when time's up. (requested by Anne Frankkkk)\n|inactive|marcs18 has 120 seconds left.\n|inactive|marcs18 has 90 seconds left.\n|\n|t:|1700229452\n|move|p1a: Misdreavius|Moonblast|p2a: Cyclizar\n|-supereffective|p2a: Cyclizar\n|-damage|p2a: Cyclizar|0 fnt\n|faint|p2a: Cyclizar\n|\n|upkeep\n|\n|t:|1700229458\n|switch|p2a: Urshifu|Urshifu, F|100\/100\n|turn|2\n|\n|t:|1700229476\n|move|p2a: Urshifu|Sucker Punch|p1a: Misdreavius\n|-crit|p1a: Misdreavius\n|-damage|p1a: Misdreavius|0 fnt\n|faint|p1a: Misdreavius\n|-end|p1a: Misdreavius|Protosynthesis|[silent]\n|\n|upkeep\n|\n|t:|1700229481\n|switch|p1a: Moonblast|Ribombee, M, shiny|100\/100\n|turn|3\n|\n|t:|1700229484\n|switch|p2a: Magearna|Magearna|100\/100\n|move|p1a: Moonblast|Sticky Web|p2a: Magearna\n|-sidestart|p2: marcs18|move: Sticky Web\n|\n|upkeep\n|turn|4\n|\n|t:|1700229490\n|move|p1a: Moonblast|Stun Spore|p2a: Magearna|[miss]\n|-miss|p1a: Moonblast|p2a: Magearna\n|move|p2a: Magearna|Shift Gear|p2a: Magearna\n|-boost|p2a: Magearna|spe|2\n|-boost|p2a: Magearna|atk|1\n|\n|upkeep\n|turn|5\n|\n|t:|1700229513\n|move|p1a: Moonblast|Stun Spore|p2a: Magearna|[miss]\n|-miss|p1a: Moonblast|p2a: Magearna\n|move|p2a: Magearna|Calm Mind|p2a: Magearna\n|-boost|p2a: Magearna|spa|1\n|-boost|p2a: Magearna|spd|1\n|\n|upkeep\n|turn|6\n|\n|t:|1700229530\n|move|p1a: Moonblast|Stun Spore|p2a: Magearna\n|-status|p2a: Magearna|par\n|move|p2a: Magearna|Shift Gear|p2a: Magearna\n|-boost|p2a: Magearna|spe|2\n|-boost|p2a: Magearna|atk|1\n|\n|upkeep\n|turn|7\n|\n|t:|1700229547\n|move|p1a: Moonblast|Bug Buzz|p2a: Magearna\n|-resisted|p2a: Magearna\n|-damage|p2a: Magearna|96\/100 par\n|move|p2a: Magearna|Calm Mind|p2a: Magearna\n|-boost|p2a: Magearna|spa|1\n|-boost|p2a: Magearna|spd|1\n|\n|-heal|p2a: Magearna|100\/100 par|[from] item: Leftovers\n|upkeep\n|turn|8\n|\n|t:|1700229554\n|move|p1a: Moonblast|Bug Buzz|p2a: Magearna\n|-resisted|p2a: Magearna\n|-crit|p2a: Magearna\n|-damage|p2a: Magearna|90\/100 par\n|cant|p2a: Magearna|par\n|\n|-heal|p2a: Magearna|96\/100 par|[from] item: Leftovers\n|upkeep\n|turn|9\n|\n|t:|1700229569\n|switch|p1a: OHKO|Kyogre|100\/100\n|-weather|RainDance|[from] ability: Drizzle|[of] p1a: OHKO\n|move|p2a: Magearna|Calm Mind|p2a: Magearna\n|-boost|p2a: Magearna|spa|1\n|-boost|p2a: Magearna|spd|1\n|\n|-weather|RainDance|[upkeep]\n|-heal|p2a: Magearna|100\/100 par|[from] item: Leftovers\n|upkeep\n|turn|10\n|\n|t:|1700229579\n|-terastallize|p1a: OHKO|Water\n|move|p1a: OHKO|Water Spout|p2a: Magearna\n|-damage|p2a: Magearna|23\/100 par\n|cant|p2a: Magearna|par\n|\n|-weather|RainDance|[upkeep]\n|-heal|p2a: Magearna|29\/100 par|[from] item: Leftovers\n|upkeep\n|turn|11\n|-message|marcs18 forfeited.\n|\n|win|Anne Frankkkk\n|raw|Anne Frankkkk's rating: 1328 &rarr; <strong>1349<\/strong><br \/>(+21 for winning)\n|raw|marcs18's rating: 1340 &rarr; <strong>1319<\/strong><br \/>(-21 for losing)\n|l|\u2606marcs18\n","uploadtime":1700229588,"views":5,"p1id":"annefrankkkk","p2id":"marcs18","formatid":"gen9ubers","rating":1319,"private":0,"password":""}