{"id":"gen9ubers-1991472365","p1":"juan safadinho","p2":"Rusty sss8","format":"[Gen 9] Ubers","log":"|j|\u2606juan safadinho\n|j|\u2606Rusty sss8\n|t:|1700080097\n|gametype|singles\n|player|p1|juan safadinho|170|1059\n|player|p2|Rusty sss8|swimmerf-gen4dp|1171\n|teamsize|p1|6\n|teamsize|p2|6\n|gen|9\n|tier|[Gen 9] Ubers\n|rated|\n|rule|Sleep Clause Mod: Limit one foe put to sleep\n|rule|Species Clause: Limit one of each Pok\u00e9mon\n|rule|OHKO Clause: OHKO moves are banned\n|rule|Evasion Items Clause: Evasion items are banned\n|rule|Evasion Moves Clause: Evasion moves are banned\n|rule|Endless Battle Clause: Forcing endless battles is banned\n|rule|HP Percentage Mod: HP is shown in percentages\n|clearpoke\n|poke|p1|Cloyster, F|\n|poke|p1|Maushold-Four|\n|poke|p1|Lokix, M|\n|poke|p1|Ogerpon-Wellspring, F|\n|poke|p1|Annihilape, M|\n|poke|p1|Enamorus-Therian, F|\n|poke|p2|Magneton|\n|poke|p2|Yanmega, F|\n|poke|p2|Hawlucha, M|\n|poke|p2|Morgrem, M|\n|poke|p2|Weavile, F|\n|poke|p2|Dusclops, F|\n|teampreview\n|inactive|Battle timer is ON: inactive players will automatically lose when time's up. (requested by Rusty sss8)\n|inactive|juan safadinho also wants the timer to be on.\n|\n|t:|1700080108\n|start\n|switch|p1a: Maushold|Maushold-Four, shiny|100\/100\n|switch|p2a: Glass Animals|Morgrem, M|100\/100\n|turn|1\n|\n|t:|1700080116\n|move|p2a: Glass Animals|Parting Shot|p1a: Maushold\n|-unboost|p1a: Maushold|atk|1\n|-unboost|p1a: Maushold|spa|1\n|\n|t:|1700080117\n|switch|p2a: Saint motel|Dusclops, F|100\/100|[from] Parting Shot\n|-item|p1a: Maushold|Wide Lens|[from] ability: Frisk|[of] p2a: Saint motel|[identify]\n|move|p1a: Maushold|Tidy Up|p1a: Maushold\n|-boost|p1a: Maushold|atk|1\n|-boost|p1a: Maushold|spe|1\n|\n|upkeep\n|turn|2\n|\n|t:|1700080130\n|move|p1a: Maushold|Tidy Up|p1a: Maushold\n|-boost|p1a: Maushold|atk|1\n|-boost|p1a: Maushold|spe|1\n|move|p2a: Saint motel|Will-O-Wisp|p1a: Maushold\n|-status|p1a: Maushold|brn\n|\n|-damage|p1a: Maushold|94\/100 brn|[from] brn\n|upkeep\n|turn|3\n|\n|t:|1700080137\n|move|p1a: Maushold|Tidy Up|p1a: Maushold\n|-boost|p1a: Maushold|atk|1\n|-boost|p1a: Maushold|spe|1\n|move|p2a: Saint motel|Facade|p1a: Maushold\n|-damage|p1a: Maushold|73\/100 brn\n|\n|-damage|p1a: Maushold|67\/100 brn|[from] brn\n|upkeep\n|turn|4\n|\n|t:|1700080145\n|move|p1a: Maushold|Bite|p2a: Saint motel\n|-supereffective|p2a: Saint motel\n|-damage|p2a: Saint motel|75\/100\n|cant|p2a: Saint motel|flinch\n|\n|-damage|p1a: Maushold|60\/100 brn|[from] brn\n|upkeep\n|turn|5\n|\n|t:|1700080154\n|move|p1a: Maushold|Bite|p2a: Saint motel\n|-supereffective|p2a: Saint motel\n|-damage|p2a: Saint motel|48\/100\n|move|p2a: Saint motel|Facade|p1a: Maushold\n|-crit|p1a: Maushold\n|-damage|p1a: Maushold|31\/100 brn\n|\n|-damage|p1a: Maushold|25\/100 brn|[from] brn\n|upkeep\n|turn|6\n|\n|t:|1700080163\n|move|p1a: Maushold|Bite|p2a: Saint motel\n|-supereffective|p2a: Saint motel\n|-damage|p2a: Saint motel|21\/100\n|move|p2a: Saint motel|Facade|p1a: Maushold\n|-damage|p1a: Maushold|4\/100 brn\n|\n|-damage|p1a: Maushold|0 fnt|[from] brn\n|faint|p1a: Maushold\n|upkeep\n|\n|t:|1700080175\n|switch|p1a: Annihilape|Annihilape, M, shiny|100\/100\n|turn|7\n|\n|t:|1700080181\n|move|p2a: Saint motel|Shadow Sneak|p1a: Annihilape\n|-supereffective|p1a: Annihilape\n|-crit|p1a: Annihilape\n|-damage|p1a: Annihilape|69\/100\n|move|p1a: Annihilape|Rage Fist|p2a: Saint motel\n|-supereffective|p2a: Saint motel\n|-damage|p2a: Saint motel|0 fnt\n|faint|p2a: Saint motel\n|\n|-heal|p1a: Annihilape|75\/100|[from] item: Leftovers\n|upkeep\n|\n|t:|1700080190\n|switch|p2a: MGMT|Yanmega, F|100\/100\n|turn|8\n|\n|t:|1700080197\n|move|p2a: MGMT|Protect|p2a: MGMT\n|-singleturn|p2a: MGMT|Protect\n|move|p1a: Annihilape|Rage Fist|p2a: MGMT\n|-activate|p2a: MGMT|move: Protect\n|\n|-heal|p1a: Annihilape|81\/100|[from] item: Leftovers\n|-ability|p2a: MGMT|Speed Boost|boost\n|-boost|p2a: MGMT|spe|1\n|upkeep\n|turn|9\n|\n|t:|1700080202\n|move|p2a: MGMT|Air Slash|p1a: Annihilape\n|-supereffective|p1a: Annihilape\n|-damage|p1a: Annihilape|12\/100\n|-damage|p2a: MGMT|91\/100|[from] item: Life Orb\n|move|p1a: Annihilape|Rage Fist|p2a: MGMT\n|-damage|p2a: MGMT|24\/100\n|\n|-heal|p1a: Annihilape|18\/100|[from] item: Leftovers\n|-ability|p2a: MGMT|Speed Boost|boost\n|-boost|p2a: MGMT|spe|1\n|upkeep\n|turn|10\n|\n|t:|1700080214\n|move|p2a: MGMT|Air Slash|p1a: Annihilape\n|-supereffective|p1a: Annihilape\n|-damage|p1a: Annihilape|0 fnt\n|faint|p1a: Annihilape\n|-damage|p2a: MGMT|14\/100|[from] item: Life Orb\n|\n|-ability|p2a: MGMT|Speed Boost|boost\n|-boost|p2a: MGMT|spe|1\n|upkeep\n|\n|t:|1700080234\n|switch|p1a: Enamorus|Enamorus-Therian, F, shiny|100\/100\n|turn|11\n|\n|t:|1700080241\n|move|p2a: MGMT|Air Slash|p1a: Enamorus\n|-damage|p1a: Enamorus|52\/100\n|-damage|p2a: MGMT|4\/100|[from] item: Life Orb\n|cant|p1a: Enamorus|flinch\n|\n|-ability|p2a: MGMT|Speed Boost|boost\n|-boost|p2a: MGMT|spe|1\n|upkeep\n|turn|12\n|\n|t:|1700080252\n|move|p2a: MGMT|Air Slash|p1a: Enamorus\n|-damage|p1a: Enamorus|4\/100\n|-damage|p2a: MGMT|0 fnt|[from] item: Life Orb\n|faint|p2a: MGMT\n|move|p1a: Enamorus|Iron Defense|p1a: Enamorus\n|-boost|p1a: Enamorus|def|2\n|\n|upkeep\n|\n|t:|1700080261\n|switch|p2a: The Strokes|Weavile, F|100\/100\n|turn|13\n|\n|t:|1700080268\n|move|p2a: The Strokes|Ice Shard|p1a: Enamorus\n|-supereffective|p1a: Enamorus\n|-damage|p1a: Enamorus|0 fnt\n|faint|p1a: Enamorus\n|-damage|p2a: The Strokes|91\/100|[from] item: Life Orb\n|\n|upkeep\n|\n|t:|1700080274\n|switch|p1a: Lokix|Lokix, M, shiny|100\/100\n|turn|14\n|\n|t:|1700080285\n|-terastallize|p1a: Lokix|Bug\n|move|p1a: Lokix|First Impression|p2a: The Strokes\n|-supereffective|p2a: The Strokes\n|-damage|p2a: The Strokes|0 fnt\n|faint|p2a: The Strokes\n|\n|upkeep\n|\n|t:|1700080290\n|switch|p2a: The Happy Fits|Magneton|100\/100\n|turn|15\n|\n|t:|1700080297\n|move|p1a: Lokix|U-turn|p2a: The Happy Fits\n|-resisted|p2a: The Happy Fits\n|-damage|p2a: The Happy Fits|68\/100\n|\n|t:|1700080303\n|switch|p1a: Ogerpon|Ogerpon-Wellspring, F|100\/100|[from] U-turn\n|move|p2a: The Happy Fits|Thunderbolt|p1a: Ogerpon\n|-damage|p1a: Ogerpon|40\/100\n|\n|upkeep\n|turn|16\n|\n|t:|1700080309\n|move|p1a: Ogerpon|Superpower|p2a: The Happy Fits\n|-supereffective|p2a: The Happy Fits\n|-damage|p2a: The Happy Fits|0 fnt\n|-unboost|p1a: Ogerpon|atk|1\n|-unboost|p1a: Ogerpon|def|1\n|faint|p2a: The Happy Fits\n|\n|upkeep\n|\n|t:|1700080321\n|switch|p2a: Vundabar|Hawlucha, M|100\/100\n|turn|17\n|\n|t:|1700080326\n|move|p1a: Ogerpon|Ivy Cudgel|p2a: Vundabar|[anim] Ivy Cudgel Water\n|-damage|p2a: Vundabar|40\/100\n|move|p2a: Vundabar|Acrobatics|p1a: Ogerpon\n|-supereffective|p1a: Ogerpon\n|-damage|p1a: Ogerpon|0 fnt\n|faint|p1a: Ogerpon\n|\n|upkeep\n|\n|t:|1700080334\n|switch|p1a: Cloyster|Cloyster, F, shiny|100\/100\n|turn|18\n|\n|t:|1700080338\n|move|p2a: Vundabar|Endure|p2a: Vundabar\n|-singleturn|p2a: Vundabar|move: Endure\n|move|p1a: Cloyster|Shell Smash|p1a: Cloyster\n|-unboost|p1a: Cloyster|def|1\n|-unboost|p1a: Cloyster|spd|1\n|-boost|p1a: Cloyster|atk|2\n|-boost|p1a: Cloyster|spa|2\n|-boost|p1a: Cloyster|spe|2\n|\n|upkeep\n|turn|19\n|\n|t:|1700080349\n|switch|p2a: Glass Animals|Morgrem, M|100\/100\n|move|p1a: Cloyster|Icicle Spear|p2a: Glass Animals\n|-damage|p2a: Glass Animals|78\/100\n|-damage|p2a: Glass Animals|57\/100\n|-damage|p2a: Glass Animals|34\/100\n|-damage|p2a: Glass Animals|10\/100\n|-damage|p2a: Glass Animals|0 fnt\n|faint|p2a: Glass Animals\n|-hitcount|p2: Glass Animals|5\n|\n|upkeep\n|\n|t:|1700080353\n|switch|p2a: Vundabar|Hawlucha, M|40\/100\n|turn|20\n|\n|t:|1700080368\n|move|p2a: Vundabar|Endure|p2a: Vundabar\n|-singleturn|p2a: Vundabar|move: Endure\n|move|p1a: Cloyster|Icicle Spear|p2a: Vundabar\n|-supereffective|p2a: Vundabar\n|-activate|p2a: Vundabar|move: Endure\n|-damage|p2a: Vundabar|1\/100\n|-enditem|p2a: Vundabar|Liechi Berry|[eat]\n|-boost|p2a: Vundabar|atk|1|[from] item: Liechi Berry\n|-supereffective|p2a: Vundabar\n|-activate|p2a: Vundabar|move: Endure\n|-damage|p2a: Vundabar|1\/100\n|-supereffective|p2a: Vundabar\n|-activate|p2a: Vundabar|move: Endure\n|-damage|p2a: Vundabar|1\/100\n|-supereffective|p2a: Vundabar\n|-activate|p2a: Vundabar|move: Endure\n|-damage|p2a: Vundabar|1\/100\n|-supereffective|p2a: Vundabar\n|-activate|p2a: Vundabar|move: Endure\n|-damage|p2a: Vundabar|1\/100\n|-hitcount|p2a: Vundabar|5\n|\n|upkeep\n|turn|21\n|\n|t:|1700080388\n|move|p2a: Vundabar|Reversal|p1a: Cloyster\n|-supereffective|p1a: Cloyster\n|-enditem|p1a: Cloyster|Focus Sash\n|-damage|p1a: Cloyster|1\/100\n|move|p1a: Cloyster|Icicle Spear|p2a: Vundabar\n|-supereffective|p2a: Vundabar\n|-damage|p2a: Vundabar|0 fnt\n|faint|p2a: Vundabar\n|-hitcount|p2: Vundabar|1\n|\n|win|juan safadinho\n|raw|juan safadinho's rating: 1059 &rarr; <strong>1100<\/strong><br \/>(+41 for winning)\n|raw|Rusty sss8's rating: 1171 &rarr; <strong>1138<\/strong><br \/>(-33 for losing)\n|l|\u2606Rusty sss8\n","uploadtime":1700080398,"views":11,"p1id":"juansafadinho","p2id":"rustysss8","formatid":"gen9ubers","rating":1100,"private":0,"password":""}