{"id":"gen9ubers-1990418906","p1":"Enzolconti","p2":"gndu36","format":"[Gen 9] Ubers","log":"|j|\u2606Enzolconti\n|j|\u2606gndu36\n|t:|1699969018\n|gametype|singles\n|player|p1|Enzolconti|101|1211\n|player|p2|gndu36|2|1199\n|teamsize|p1|6\n|teamsize|p2|6\n|gen|9\n|tier|[Gen 9] Ubers\n|rated|\n|rule|Sleep Clause Mod: Limit one foe put to sleep\n|rule|Species Clause: Limit one of each Pok\u00e9mon\n|rule|OHKO Clause: OHKO moves are banned\n|rule|Evasion Items Clause: Evasion items are banned\n|rule|Evasion Moves Clause: Evasion moves are banned\n|rule|Endless Battle Clause: Forcing endless battles is banned\n|rule|HP Percentage Mod: HP is shown in percentages\n|clearpoke\n|poke|p1|Miraidon|\n|poke|p1|Kyogre|\n|poke|p1|Landorus, M|\n|poke|p1|Mewtwo|\n|poke|p1|Zacian-*|\n|poke|p1|Iron Treads|\n|poke|p2|Miraidon|\n|poke|p2|Gliscor, F|\n|poke|p2|Glimmora, F|\n|poke|p2|Kingambit, M|\n|poke|p2|Iron Bundle|\n|poke|p2|Cinderace, F|\n|teampreview\n|\n|t:|1699969041\n|start\n|switch|p1a: Miraidon|Miraidon|100\/100\n|switch|p2a: Glimmora|Glimmora, F|100\/100\n|-fieldstart|move: Electric Terrain|[from] ability: Hadron Engine|[of] p1a: Miraidon\n|-item|p2a: Glimmora|Air Balloon\n|turn|1\n|\n|t:|1699969051\n|move|p1a: Miraidon|Volt Switch|p2a: Glimmora\n|-damage|p2a: Glimmora|19\/100\n|-enditem|p2a: Glimmora|Air Balloon\n|\n|t:|1699969055\n|switch|p1a: Iron Treads|Iron Treads|100\/100|[from] Volt Switch\n|-activate|p1a: Iron Treads|ability: Quark Drive\n|-start|p1a: Iron Treads|quarkdrivespe\n|move|p2a: Glimmora|Stealth Rock|p1a: Iron Treads\n|-sidestart|p1: Enzolconti|move: Stealth Rock\n|\n|upkeep\n|turn|2\n|\n|t:|1699969063\n|move|p2a: Glimmora|Spiky Shield|p2a: Glimmora\n|-singleturn|p2a: Glimmora|move: Protect\n|move|p1a: Iron Treads|Rapid Spin|p2a: Glimmora\n|-activate|p2a: Glimmora|move: Protect\n|-damage|p1a: Iron Treads|88\/100|[from] Spiky Shield|[of] p2a: Glimmora\n|\n|-heal|p1a: Iron Treads|94\/100|[from] item: Leftovers\n|upkeep\n|turn|3\n|\n|t:|1699969081\n|move|p1a: Iron Treads|Rapid Spin|p2a: Glimmora\n|-resisted|p2a: Glimmora\n|-damage|p2a: Glimmora|11\/100\n|-boost|p1a: Iron Treads|spe|1\n|-activate|p2a: Glimmora|ability: Toxic Debris\n|-sidestart|p1: Enzolconti|move: Toxic Spikes\n|-sideend|p1: Enzolconti|Toxic Spikes|[from] move: Rapid Spin|[of] p1a: Iron Treads\n|-sideend|p1: Enzolconti|Stealth Rock|[from] move: Rapid Spin|[of] p1a: Iron Treads\n|move|p2a: Glimmora|Energy Ball|p1a: Iron Treads\n|-damage|p1a: Iron Treads|58\/100\n|\n|-heal|p1a: Iron Treads|64\/100|[from] item: Leftovers\n|upkeep\n|turn|4\n|\n|t:|1699969097\n|move|p2a: Glimmora|Spiky Shield|p2a: Glimmora\n|-singleturn|p2a: Glimmora|move: Protect\n|move|p1a: Iron Treads|Volt Switch|p2a: Glimmora\n|-activate|p2a: Glimmora|move: Protect\n|\n|-heal|p1a: Iron Treads|70\/100|[from] item: Leftovers\n|upkeep\n|turn|5\n|\n|t:|1699969104\n|switch|p2a: Gliscor|Gliscor, F|100\/100\n|move|p1a: Iron Treads|Volt Switch|p2a: Gliscor\n|-immune|p2a: Gliscor\n|\n|-heal|p1a: Iron Treads|77\/100|[from] item: Leftovers\n|-fieldend|move: Electric Terrain\n|-end|p1a: Iron Treads|Quark Drive\n|-status|p2a: Gliscor|tox|[from] item: Toxic Orb\n|upkeep\n|turn|6\n|\n|t:|1699969118\n|move|p1a: Iron Treads|Ice Spinner|p2a: Gliscor\n|-supereffective|p2a: Gliscor\n|-damage|p2a: Gliscor|33\/100 tox\n|move|p2a: Gliscor|Knock Off|p1a: Iron Treads\n|-damage|p1a: Iron Treads|57\/100\n|-enditem|p1a: Iron Treads|Leftovers|[from] move: Knock Off|[of] p2a: Gliscor\n|\n|-heal|p2a: Gliscor|45\/100 tox|[from] ability: Poison Heal\n|upkeep\n|turn|7\n|\n|t:|1699969129\n|switch|p2a: Iron Bundle|Iron Bundle|100\/100\n|move|p1a: Iron Treads|Volt Switch|p2a: Iron Bundle\n|-supereffective|p2a: Iron Bundle\n|-damage|p2a: Iron Bundle|54\/100\n|\n|t:|1699969137\n|-end|p1a: Iron Treads|Quark Drive|[silent]\n|switch|p1a: Zacian|Zacian-Crowned|100\/100|[from] Volt Switch\n|-ability|p1a: Zacian|Intrepid Sword|boost\n|-boost|p1a: Zacian|atk|1\n|\n|upkeep\n|turn|8\n|l|\u2606Enzolconti\n|player|p1|\n|j|\u2606Enzolconti\n|player|p1|Enzolconti|101\n|\n|t:|1699969180\n|move|p1a: Zacian|Behemoth Blade|p2a: Iron Bundle\n|-damage|p2a: Iron Bundle|0 fnt\n|faint|p2a: Iron Bundle\n|-end|p2a: Iron Bundle|Quark Drive|[silent]\n|\n|upkeep\n|\n|t:|1699969191\n|switch|p2a: Gliscor|Gliscor, F|45\/100 tox\n|turn|9\n|\n|t:|1699969199\n|move|p2a: Gliscor|Protect|p2a: Gliscor\n|-singleturn|p2a: Gliscor|Protect\n|move|p1a: Zacian|Play Rough|p2a: Gliscor\n|-activate|p2a: Gliscor|move: Protect\n|\n|-heal|p2a: Gliscor|58\/100 tox|[from] ability: Poison Heal\n|upkeep\n|turn|10\n|\n|t:|1699969210\n|move|p1a: Zacian|Play Rough|p2a: Gliscor\n|-damage|p2a: Gliscor|11\/100 tox\n|move|p2a: Gliscor|Earthquake|p1a: Zacian\n|-supereffective|p1a: Zacian\n|-damage|p1a: Zacian|38\/100\n|\n|-heal|p2a: Gliscor|23\/100 tox|[from] ability: Poison Heal\n|upkeep\n|turn|11\n|\n|t:|1699969222\n|move|p2a: Gliscor|Protect|p2a: Gliscor\n|-singleturn|p2a: Gliscor|Protect\n|move|p1a: Zacian|Trailblaze|p2a: Gliscor\n|-activate|p2a: Gliscor|move: Protect\n|\n|-heal|p2a: Gliscor|36\/100 tox|[from] ability: Poison Heal\n|upkeep\n|turn|12\n|\n|t:|1699969236\n|move|p1a: Zacian|Play Rough|p2a: Gliscor\n|-damage|p2a: Gliscor|0 fnt\n|faint|p2a: Gliscor\n|\n|upkeep\n|\n|t:|1699969245\n|switch|p2a: Cinderace|Cinderace, F|100\/100\n|turn|13\n|\n|t:|1699969253\n|switch|p1a: Kyogre|Kyogre|100\/100\n|-weather|RainDance|[from] ability: Drizzle|[of] p1a: Kyogre\n|move|p2a: Cinderace|Pyro Ball|p1a: Kyogre\n|-resisted|p1a: Kyogre\n|-damage|p1a: Kyogre|87\/100\n|\n|-weather|RainDance|[upkeep]\n|upkeep\n|turn|14\n|\n|t:|1699969274\n|move|p2a: Cinderace|U-turn|p1a: Kyogre\n|-start|p2a: Cinderace|typechange|Bug|[from] ability: Libero\n|-damage|p1a: Kyogre|57\/100\n|\n|t:|1699969279\n|switch|p2a: Glimmora|Glimmora, F|11\/100|[from] U-turn\n|move|p1a: Kyogre|Origin Pulse|p2a: Glimmora\n|-supereffective|p2a: Glimmora\n|-damage|p2a: Glimmora|0 fnt\n|faint|p2a: Glimmora\n|\n|-weather|RainDance|[upkeep]\n|upkeep\n|\n|t:|1699969287\n|switch|p2a: Miraidon|Miraidon|100\/100\n|-fieldstart|move: Electric Terrain|[from] ability: Hadron Engine|[of] p2a: Miraidon\n|turn|15\n|\n|t:|1699969295\n|switch|p1a: Iron Treads|Iron Treads|57\/100\n|-activate|p1a: Iron Treads|ability: Quark Drive\n|-start|p1a: Iron Treads|quarkdrivespe\n|move|p2a: Miraidon|Calm Mind|p2a: Miraidon\n|-boost|p2a: Miraidon|spa|1\n|-boost|p2a: Miraidon|spd|1\n|\n|-weather|RainDance|[upkeep]\n|upkeep\n|turn|16\n|\n|t:|1699969311\n|switch|p2a: Cinderace|Cinderace, F|100\/100\n|move|p1a: Iron Treads|Earthquake|p2a: Cinderace\n|-supereffective|p2a: Cinderace\n|-enditem|p2a: Cinderace|Focus Sash\n|-damage|p2a: Cinderace|1\/100\n|\n|-weather|RainDance|[upkeep]\n|upkeep\n|turn|17\n|\n|t:|1699969325\n|move|p2a: Cinderace|Sucker Punch|p1a: Iron Treads\n|-start|p2a: Cinderace|typechange|Dark|[from] ability: Libero\n|-damage|p1a: Iron Treads|27\/100\n|move|p1a: Iron Treads|Volt Switch|p2a: Cinderace\n|-damage|p2a: Cinderace|0 fnt\n|faint|p2a: Cinderace\n|\n|t:|1699969338\n|-end|p1a: Iron Treads|Quark Drive|[silent]\n|switch|p1a: Landorus|Landorus, M|100\/100|[from] Volt Switch\n|\n|-weather|RainDance|[upkeep]\n|upkeep\n|\n|t:|1699969351\n|switch|p2a: Kingambit|Kingambit, M|100\/100\n|-activate|p2a: Kingambit|ability: Supreme Overlord\n|-start|p2a: Kingambit|fallen4|[silent]\n|turn|18\n|\n|t:|1699969365\n|-terastallize|p2a: Kingambit|Flying\n|move|p1a: Landorus|Sandsear Storm|p2a: Kingambit\n|-immune|p2a: Kingambit\n|move|p2a: Kingambit|Kowtow Cleave|p1a: Landorus\n|-damage|p1a: Landorus|20\/100\n|\n|-weather|RainDance|[upkeep]\n|upkeep\n|turn|19\n|\n|t:|1699969373\n|move|p2a: Kingambit|Sucker Punch|p1a: Landorus\n|-damage|p1a: Landorus|0 fnt\n|faint|p1a: Landorus\n|\n|-weather|RainDance|[upkeep]\n|-fieldend|move: Electric Terrain\n|upkeep\n|\n|t:|1699969377\n|switch|p1a: Miraidon|Miraidon|100\/100\n|-fieldstart|move: Electric Terrain|[from] ability: Hadron Engine|[of] p1a: Miraidon\n|turn|20\n|\n|t:|1699969383\n|-end|p2a: Kingambit|fallen4|[silent]\n|switch|p2a: Miraidon|Miraidon|100\/100\n|-activate|p2a: Miraidon|ability: Hadron Engine\n|move|p1a: Miraidon|Volt Switch|p2a: Miraidon\n|-resisted|p2a: Miraidon\n|-damage|p2a: Miraidon|86\/100\n|\n|t:|1699969387\n|switch|p1a: Iron Treads|Iron Treads|27\/100|[from] Volt Switch\n|-activate|p1a: Iron Treads|ability: Quark Drive\n|-start|p1a: Iron Treads|quarkdrivespe\n|\n|-weather|none\n|upkeep\n|turn|21\n|\n|t:|1699969396\n|switch|p2a: Kingambit|Kingambit, M, tera:Flying|100\/100\n|-activate|p2a: Kingambit|ability: Supreme Overlord\n|-start|p2a: Kingambit|fallen4|[silent]\n|move|p1a: Iron Treads|Ice Spinner|p2a: Kingambit\n|-supereffective|p2a: Kingambit\n|-damage|p2a: Kingambit|63\/100\n|-fieldend|move: Electric Terrain\n|-end|p1a: Iron Treads|Quark Drive\n|\n|upkeep\n|turn|22\n|\n|t:|1699969409\n|-end|p1a: Iron Treads|Quark Drive|[silent]\n|switch|p1a: Kyogre|Kyogre|57\/100\n|-weather|RainDance|[from] ability: Drizzle|[of] p1a: Kyogre\n|move|p2a: Kingambit|Kowtow Cleave|p1a: Kyogre\n|-damage|p1a: Kyogre|0 fnt\n|faint|p1a: Kyogre\n|\n|-weather|RainDance|[upkeep]\n|upkeep\n|\n|t:|1699969416\n|switch|p1a: Zacian|Zacian-Crowned|38\/100\n|turn|23\n|\n|t:|1699969426\n|move|p1a: Zacian|Behemoth Blade|p2a: Kingambit\n|-damage|p2a: Kingambit|17\/100\n|move|p2a: Kingambit|Iron Head|p1a: Zacian\n|-damage|p1a: Zacian|0 fnt\n|faint|p1a: Zacian\n|\n|-weather|RainDance|[upkeep]\n|upkeep\n|\n|t:|1699969437\n|switch|p1a: Miraidon|Miraidon|100\/100\n|-fieldstart|move: Electric Terrain|[from] ability: Hadron Engine|[of] p1a: Miraidon\n|turn|24\n|\n|t:|1699969443\n|move|p2a: Kingambit|Sucker Punch|p1a: Miraidon\n|-damage|p1a: Miraidon|42\/100\n|move|p1a: Miraidon|Volt Switch|p2a: Kingambit\n|-supereffective|p2a: Kingambit\n|-damage|p2a: Kingambit|0 fnt\n|faint|p2a: Kingambit\n|-end|p2a: Kingambit|fallen4|[silent]\n|\n|t:|1699969462\n|switch|p1a: Iron Treads|Iron Treads|27\/100|[from] Volt Switch\n|-activate|p1a: Iron Treads|ability: Quark Drive\n|-start|p1a: Iron Treads|quarkdrivespe\n|\n|-weather|RainDance|[upkeep]\n|upkeep\n|\n|t:|1699969470\n|switch|p2a: Miraidon|Miraidon|86\/100\n|-activate|p2a: Miraidon|ability: Hadron Engine\n|turn|25\n|\n|t:|1699969479\n|move|p1a: Iron Treads|Earthquake|p2a: Miraidon\n|-supereffective|p2a: Miraidon\n|-damage|p2a: Miraidon|0 fnt\n|faint|p2a: Miraidon\n|\n|win|Enzolconti\n|raw|Enzolconti's rating: 1211 &rarr; <strong>1235<\/strong><br \/>(+24 for winning)\n|raw|gndu36's rating: 1199 &rarr; <strong>1175<\/strong><br \/>(-24 for losing)\n|c|\u2606gndu36|gg\n|c|\u2606Enzolconti|gg\n|l|\u2606Enzolconti\n","uploadtime":1699969602,"views":28,"p1id":"enzolconti","p2id":"gndu36","formatid":"gen9ubers","rating":1175,"private":0,"password":""}