{"id":"gen9ubers-1975076728","p1":"Animemer","p2":"Anne Frankkkk","format":"[Gen 9] Ubers","log":"|j|\u2606Animemer\n|j|\u2606Anne Frankkkk\n|t:|1698160083\n|gametype|singles\n|player|p1|Animemer|266|1224\n|player|p2|Anne Frankkkk|hilbert|1185\n|teamsize|p1|6\n|teamsize|p2|6\n|gen|9\n|tier|[Gen 9] Ubers\n|rated|\n|rule|Sleep Clause Mod: Limit one foe put to sleep\n|rule|Species Clause: Limit one of each Pok\u00e9mon\n|rule|OHKO Clause: OHKO moves are banned\n|rule|Evasion Items Clause: Evasion items are banned\n|rule|Evasion Moves Clause: Evasion moves are banned\n|rule|Endless Battle Clause: Forcing endless battles is banned\n|rule|HP Percentage Mod: HP is shown in percentages\n|clearpoke\n|poke|p1|Arceus|\n|poke|p1|Rayquaza|\n|poke|p1|Roaring Moon|\n|poke|p1|Cyclizar, M|\n|poke|p1|Espathra, M|\n|poke|p1|Iron Bundle|\n|poke|p2|Iron Hands|\n|poke|p2|Kyogre|\n|poke|p2|Chien-Pao|\n|poke|p2|Ribombee, M|\n|poke|p2|Miraidon|\n|poke|p2|Flutter Mane|\n|teampreview\n|inactive|Battle timer is ON: inactive players will automatically lose when time's up. (requested by Anne Frankkkk)\n|\n|t:|1698160101\n|start\n|switch|p1a: Iron Bundle|Iron Bundle|100\/100\n|switch|p2a: Ribombee|Ribombee, M, shiny|100\/100\n|-enditem|p1a: Iron Bundle|Booster Energy\n|-activate|p1a: Iron Bundle|ability: Quark Drive|[fromitem]\n|-start|p1a: Iron Bundle|quarkdrivespe\n|turn|1\n|\n|t:|1698160105\n|move|p1a: Iron Bundle|Taunt|p2a: Ribombee\n|-start|p2a: Ribombee|move: Taunt\n|cant|p2a: Ribombee|move: Taunt|Sticky Web\n|\n|upkeep\n|turn|2\n|\n|t:|1698160110\n|switch|p2a: Iron Hands|Iron Hands, shiny|100\/100\n|move|p1a: Iron Bundle|Freeze-Dry|p2a: Iron Hands\n|-damage|p2a: Iron Hands|78\/100\n|\n|upkeep\n|turn|3\n|\n|t:|1698160130\n|-end|p1a: Iron Bundle|Quark Drive|[silent]\n|switch|p1a: Rayquaza|Rayquaza|100\/100\n|-ability|p1a: Rayquaza|Air Lock\n|move|p2a: Iron Hands|Drain Punch|p1a: Rayquaza\n|-resisted|p1a: Rayquaza\n|-damage|p1a: Rayquaza|78\/100\n|-heal|p2a: Iron Hands|86\/100|[from] drain|[of] p1a: Rayquaza\n|\n|upkeep\n|turn|4\n|\n|t:|1698160135\n|move|p1a: Rayquaza|Swords Dance|p1a: Rayquaza\n|-boost|p1a: Rayquaza|atk|2\n|move|p2a: Iron Hands|Wild Charge|p1a: Rayquaza\n|-crit|p1a: Rayquaza\n|-damage|p1a: Rayquaza|0 fnt\n|faint|p1a: Rayquaza\n|-damage|p2a: Iron Hands|73\/100|[from] Recoil\n|\n|upkeep\n|c|\u2606Animemer|crit literally mattered\n|\n|t:|1698160159\n|switch|p1a: Iron Bundle|Iron Bundle|100\/100\n|turn|5\n|\n|t:|1698160163\n|move|p1a: Iron Bundle|Hydro Pump|p2a: Iron Hands\n|-damage|p2a: Iron Hands|41\/100\n|move|p2a: Iron Hands|Drain Punch|p1a: Iron Bundle\n|-supereffective|p1a: Iron Bundle\n|-damage|p1a: Iron Bundle|0 fnt\n|-heal|p2a: Iron Hands|66\/100|[from] drain|[of] p1a: Iron Bundle\n|faint|p1a: Iron Bundle\n|-end|p1a: Iron Bundle|Quark Drive|[silent]\n|\n|upkeep\n|\n|t:|1698160173\n|switch|p1a: Roaring Moon|Roaring Moon|100\/100\n|-enditem|p1a: Roaring Moon|Booster Energy\n|-activate|p1a: Roaring Moon|ability: Protosynthesis|[fromitem]\n|-start|p1a: Roaring Moon|protosynthesisatk\n|turn|6\n|\n|t:|1698160177\n|-terastallize|p1a: Roaring Moon|Flying\n|move|p1a: Roaring Moon|Dragon Dance|p1a: Roaring Moon\n|-boost|p1a: Roaring Moon|atk|1\n|-boost|p1a: Roaring Moon|spe|1\n|move|p2a: Iron Hands|Drain Punch|p1a: Roaring Moon\n|-resisted|p1a: Roaring Moon\n|-damage|p1a: Roaring Moon|72\/100\n|-heal|p2a: Iron Hands|76\/100|[from] drain|[of] p1a: Roaring Moon\n|\n|upkeep\n|turn|7\n|\n|t:|1698160180\n|move|p1a: Roaring Moon|Acrobatics|p2a: Iron Hands\n|-damage|p2a: Iron Hands|0 fnt\n|faint|p2a: Iron Hands\n|-end|p2a: Iron Hands|Quark Drive|[silent]\n|\n|upkeep\n|c|\u2606Animemer|finally\n|\n|t:|1698160187\n|switch|p2a: Chien-Pao|Chien-Pao|100\/100\n|-ability|p2a: Chien-Pao|Sword of Ruin\n|turn|8\n|\n|t:|1698160201\n|move|p2a: Chien-Pao|Sucker Punch|p1a: Roaring Moon\n|-damage|p1a: Roaring Moon|0 fnt\n|faint|p1a: Roaring Moon\n|-end|p1a: Roaring Moon|Protosynthesis|[silent]\n|-damage|p2a: Chien-Pao|91\/100|[from] item: Life Orb\n|\n|upkeep\n|\n|t:|1698160216\n|switch|p1a: Cyclizar|Cyclizar, M|100\/100\n|turn|9\n|\n|t:|1698160220\n|move|p1a: Cyclizar|U-turn|p2a: Chien-Pao\n|-supereffective|p2a: Chien-Pao\n|-damage|p2a: Chien-Pao|55\/100\n|\n|t:|1698160223\n|switch|p1a: Arceus|Arceus|100\/100|[from] U-turn\n|move|p2a: Chien-Pao|Ice Spinner|p1a: Arceus\n|-damage|p1a: Arceus|53\/100\n|-damage|p2a: Chien-Pao|45\/100|[from] item: Life Orb\n|\n|upkeep\n|turn|10\n|\n|t:|1698160230\n|move|p2a: Chien-Pao|Sacred Sword|p1a: Arceus\n|-supereffective|p1a: Arceus\n|-damage|p1a: Arceus|0 fnt\n|faint|p1a: Arceus\n|-damage|p2a: Chien-Pao|35\/100|[from] item: Life Orb\n|\n|upkeep\n|\n|t:|1698160236\n|switch|p1a: Cyclizar|Cyclizar, M|100\/100\n|turn|11\n|\n|t:|1698160243\n|move|p1a: Cyclizar|U-turn|p2a: Chien-Pao\n|-supereffective|p2a: Chien-Pao\n|-damage|p2a: Chien-Pao|0 fnt\n|faint|p2a: Chien-Pao\n|\n|t:|1698160246\n|switch|p1a: Espathra|Espathra, M|100\/100|[from] U-turn\n|\n|upkeep\n|\n|t:|1698160251\n|switch|p2a: Flutter Mane|Flutter Mane, shiny|100\/100\n|-enditem|p2a: Flutter Mane|Booster Energy\n|-activate|p2a: Flutter Mane|ability: Protosynthesis|[fromitem]\n|-start|p2a: Flutter Mane|protosynthesisspe\n|turn|12\n|\n|t:|1698160258\n|switch|p1a: Cyclizar|Cyclizar, M|100\/100\n|move|p2a: Flutter Mane|Shadow Ball|p1a: Cyclizar\n|-immune|p1a: Cyclizar\n|\n|upkeep\n|turn|13\n|\n|t:|1698160263\n|move|p2a: Flutter Mane|Moonblast|p1a: Cyclizar\n|-supereffective|p1a: Cyclizar\n|-damage|p1a: Cyclizar|0 fnt\n|faint|p1a: Cyclizar\n|\n|upkeep\n|\n|t:|1698160266\n|switch|p1a: Espathra|Espathra, M|100\/100\n|turn|14\n|\n|t:|1698160270\n|move|p1a: Espathra|Protect|p1a: Espathra\n|-singleturn|p1a: Espathra|Protect\n|move|p2a: Flutter Mane|Shadow Ball|p1a: Espathra\n|-activate|p1a: Espathra|move: Protect\n|\n|-ability|p1a: Espathra|Speed Boost|boost\n|-boost|p1a: Espathra|spe|1\n|upkeep\n|turn|15\n|\n|t:|1698160281\n|move|p1a: Espathra|Protect||[still]\n|-fail|p1a: Espathra\n|move|p2a: Flutter Mane|Shadow Ball|p1a: Espathra\n|-supereffective|p1a: Espathra\n|-damage|p1a: Espathra|0 fnt\n|faint|p1a: Espathra\n|\n|win|Anne Frankkkk\n|raw|Animemer's rating: 1224 &rarr; <strong>1196<\/strong><br \/>(-28 for losing)\n|raw|Anne Frankkkk's rating: 1185 &rarr; <strong>1213<\/strong><br \/>(+28 for winning)\n","uploadtime":1698160290,"views":7,"p1id":"animemer","p2id":"annefrankkkk","formatid":"gen9ubers","rating":1196,"private":0,"password":""}