{"id":"gen9ubers-1970189406","p1":"godiamsosorry","p2":"TRaSHiNSeCT","format":"[Gen 9] Ubers","log":"|j|\u2606godiamsosorry\n|j|\u2606TRaSHiNSeCT\n|t:|1697607455\n|gametype|singles\n|player|p1|godiamsosorry|scientistf|\n|player|p2|TRaSHiNSeCT|workerice|\n|teamsize|p1|6\n|teamsize|p2|6\n|gen|9\n|tier|[Gen 9] Ubers\n|rule|Sleep Clause Mod: Limit one foe put to sleep\n|rule|Species Clause: Limit one of each Pok\u00e9mon\n|rule|OHKO Clause: OHKO moves are banned\n|rule|Evasion Items Clause: Evasion items are banned\n|rule|Evasion Moves Clause: Evasion moves are banned\n|rule|Endless Battle Clause: Forcing endless battles is banned\n|rule|HP Percentage Mod: HP is shown in percentages\n|clearpoke\n|poke|p1|Greninja-*, M|\n|poke|p1|Slowking-Galar, F|\n|poke|p1|Lucario, F|\n|poke|p1|Pincurchin, M|\n|poke|p1|Raichu, F|\n|poke|p1|Weezing-Galar, M|\n|poke|p2|Basculegion, M|\n|poke|p2|Slowking-Galar, F|\n|poke|p2|Weezing-Galar, F|\n|poke|p2|Medicham, M|\n|poke|p2|Wo-Chien|\n|poke|p2|Eelektross, M|\n|teampreview\n|\n|t:|1697607469\n|start\n|switch|p1a: Raichu|Raichu, F|100\/100\n|switch|p2a: Eelektross|Eelektross, M, shiny|100\/100\n|turn|1\n|\n|t:|1697607478\n|switch|p1a: Slowking|Slowking-Galar, F|100\/100\n|move|p2a: Eelektross|Acid Spray|p1a: Slowking\n|-resisted|p1a: Slowking\n|-damage|p1a: Slowking|96\/100\n|-unboost|p1a: Slowking|spd|2\n|\n|upkeep\n|turn|2\n|\n|t:|1697607488\n|switch|p1a: Raichu|Raichu, F|100\/100\n|move|p2a: Eelektross|Thunderbolt|p1a: Raichu\n|-ability|p1a: Raichu|Lightning Rod|boost\n|-boost|p1a: Raichu|spa|1\n|\n|upkeep\n|turn|3\n|\n|t:|1697607495\n|move|p1a: Raichu|Volt Switch|p2a: Eelektross\n|-resisted|p2a: Eelektross\n|-damage|p2a: Eelektross|84\/100\n|\n|t:|1697607502\n|switch|p1a: Slowking|Slowking-Galar, F|100\/100|[from] Volt Switch\n|move|p2a: Eelektross|Acid Spray|p1a: Slowking\n|-resisted|p1a: Slowking\n|-damage|p1a: Slowking|97\/100\n|-unboost|p1a: Slowking|spd|2\n|\n|upkeep\n|turn|4\n|\n|t:|1697607510\n|move|p2a: Eelektross|Giga Drain|p1a: Slowking\n|-resisted|p1a: Slowking\n|-crit|p1a: Slowking\n|-damage|p1a: Slowking|72\/100\n|-heal|p2a: Eelektross|97\/100|[from] drain|[of] p1a: Slowking\n|move|p1a: Slowking|Toxic|p2a: Eelektross\n|-status|p2a: Eelektross|tox\n|\n|-damage|p2a: Eelektross|91\/100 tox|[from] psn\n|upkeep\n|turn|5\n|j| Dragon Master Rosa\n|\n|t:|1697607520\n|switch|p2a: Weezing|Weezing-Galar, F|100\/100\n|move|p1a: Slowking|Chilly Reception|p1a: Slowking\n|-weather|Snow\n|\n|t:|1697607523\n|switch|p1a: Raichu|Raichu, F|100\/100|[from] Chilly Reception\n|\n|-weather|Snow|[upkeep]\n|upkeep\n|turn|6\n|\n|t:|1697607532\n|move|p1a: Raichu|Volt Switch|p2a: Weezing\n|-damage|p2a: Weezing|47\/100\n|\n|t:|1697607538\n|switch|p1a: Slowking|Slowking-Galar, F|100\/100|[from] Volt Switch\n|move|p2a: Weezing|Pain Split|p1a: Slowking\n|-sethp|p1a: Slowking|70\/100|[from] move: Pain Split|[silent]\n|-sethp|p2a: Weezing|83\/100|[from] move: Pain Split\n|\n|-weather|Snow|[upkeep]\n|-heal|p2a: Weezing|89\/100|[from] item: Leftovers\n|upkeep\n|turn|7\n|\n|t:|1697607551\n|move|p2a: Weezing|Strange Steam|p1a: Slowking\n|-resisted|p1a: Slowking\n|-damage|p1a: Slowking|59\/100\n|move|p1a: Slowking|Chilly Reception|p1a: Slowking\n|\n|t:|1697607555\n|switch|p1a: Pincurchin|Pincurchin, M|100\/100|[from] Chilly Reception\n|-fieldstart|move: Electric Terrain|[from] ability: Electric Surge|[of] p1a: Pincurchin\n|\n|-weather|Snow|[upkeep]\n|-heal|p2a: Weezing|95\/100|[from] item: Leftovers\n|upkeep\n|turn|8\n|\n|t:|1697607563\n|switch|p2a: Wo-Chien|Wo-Chien|100\/100\n|-ability|p2a: Wo-Chien|Tablets of Ruin\n|move|p1a: Pincurchin|Spikes|p2a: Wo-Chien\n|-sidestart|p2: TRaSHiNSeCT|Spikes\n|\n|-weather|Snow|[upkeep]\n|upkeep\n|turn|9\n|\n|t:|1697607572\n|switch|p1a: Weezing|Weezing-Galar, M|100\/100\n|move|p2a: Wo-Chien|Knock Off|p1a: Weezing\n|-resisted|p1a: Weezing\n|-damage|p1a: Weezing|92\/100\n|-enditem|p1a: Weezing|Leftovers|[from] move: Knock Off|[of] p2a: Wo-Chien\n|\n|-weather|none\n|upkeep\n|turn|10\n|\n|t:|1697607581\n|move|p2a: Wo-Chien|Leech Seed|p1a: Weezing|[miss]\n|-miss|p2a: Wo-Chien|p1a: Weezing\n|move|p1a: Weezing|Toxic|p2a: Wo-Chien\n|-status|p2a: Wo-Chien|tox\n|\n|-damage|p2a: Wo-Chien|94\/100 tox|[from] psn\n|upkeep\n|turn|11\n|\n|t:|1697607588\n|move|p2a: Wo-Chien|Leech Seed|p1a: Weezing\n|-start|p1a: Weezing|move: Leech Seed\n|move|p1a: Weezing|Strange Steam|p2a: Wo-Chien\n|-supereffective|p2a: Wo-Chien\n|-damage|p2a: Wo-Chien|57\/100 tox\n|\n|-heal|p2a: Wo-Chien|63\/100 tox|[from] item: Leftovers\n|-damage|p1a: Weezing|80\/100|[from] Leech Seed|[of] p2a: Wo-Chien\n|-heal|p2a: Wo-Chien|74\/100 tox|[silent]\n|-damage|p2a: Wo-Chien|62\/100 tox|[from] psn\n|upkeep\n|turn|12\n|\n|t:|1697607598\n|switch|p2a: Eelektross|Eelektross, M, shiny|91\/100 tox\n|switch|p1a: Lucario|Lucario, F|100\/100\n|\n|-damage|p2a: Eelektross|85\/100 tox|[from] psn\n|upkeep\n|turn|13\n|\n|t:|1697607604\n|move|p1a: Lucario|Swords Dance|p1a: Lucario\n|-boost|p1a: Lucario|atk|2\n|move|p2a: Eelektross|Thunderbolt|p1a: Lucario\n|-damage|p1a: Lucario|41\/100\n|\n|-damage|p2a: Eelektross|73\/100 tox|[from] psn\n|upkeep\n|turn|14\n|\n|t:|1697607614\n|move|p1a: Lucario|Drain Punch|p2a: Eelektross\n|-damage|p2a: Eelektross|0 fnt\n|-heal|p1a: Lucario|89\/100|[from] drain|[of] p2a: Eelektross\n|faint|p2a: Eelektross\n|-damage|p1a: Lucario|80\/100|[from] item: Life Orb\n|\n|-fieldend|move: Electric Terrain\n|upkeep\n|\n|t:|1697607622\n|switch|p2a: Weezing|Weezing-Galar, F|95\/100\n|turn|15\n|\n|t:|1697607626\n|switch|p1a: Pincurchin|Pincurchin, M|100\/100\n|-fieldstart|move: Electric Terrain|[from] ability: Electric Surge|[of] p1a: Pincurchin\n|move|p2a: Weezing|Haze|p2a: Weezing\n|-clearallboost\n|\n|-heal|p2a: Weezing|100\/100|[from] item: Leftovers\n|upkeep\n|turn|16\n|\n|t:|1697607640\n|switch|p2a: Medicham|Medicham, M|100\/100\n|-damage|p2a: Medicham|88\/100|[from] Spikes\n|move|p1a: Pincurchin|Discharge|p2a: Medicham\n|-damage|p2a: Medicham|33\/100\n|\n|upkeep\n|turn|17\n|\n|t:|1697607649\n|move|p2a: Medicham|Zen Headbutt|p1a: Pincurchin|[miss]\n|-miss|p2a: Medicham|p1a: Pincurchin\n|move|p1a: Pincurchin|Discharge|p2a: Medicham\n|-damage|p2a: Medicham|0 fnt\n|faint|p2a: Medicham\n|\n|upkeep\n|c|\u2606TRaSHiNSeCT|fun\n|\n|t:|1697607660\n|switch|p2a: Basculegion|Basculegion, M|100\/100\n|-damage|p2a: Basculegion|88\/100|[from] Spikes\n|turn|18\n|\n|t:|1697607665\n|move|p2a: Basculegion|Shadow Ball|p1a: Pincurchin\n|-damage|p1a: Pincurchin|21\/100\n|move|p1a: Pincurchin|Discharge|p2a: Basculegion\n|-supereffective|p2a: Basculegion\n|-damage|p2a: Basculegion|19\/100\n|-status|p2a: Basculegion|par\n|\n|upkeep\n|turn|19\n|\n|t:|1697607676\n|switch|p2a: Wo-Chien|Wo-Chien|62\/100 tox\n|-damage|p2a: Wo-Chien|49\/100 tox|[from] Spikes\n|-ability|p2a: Wo-Chien|Tablets of Ruin\n|switch|p1a: Greninja|Greninja, M|100\/100\n|\n|-heal|p2a: Wo-Chien|56\/100 tox|[from] item: Leftovers\n|-damage|p2a: Wo-Chien|49\/100 tox|[from] psn\n|upkeep\n|turn|20\n|\n|t:|1697607686\n|move|p1a: Greninja|U-turn|p2a: Wo-Chien\n|-start|p1a: Greninja|typechange|Bug|[from] ability: Protean\n|-supereffective|p2a: Wo-Chien\n|-damage|p2a: Wo-Chien|0 fnt\n|faint|p2a: Wo-Chien\n|\n|t:|1697607689\n|switch|p1a: Raichu|Raichu, F|100\/100|[from] U-turn\n|\n|upkeep\n|\n|t:|1697607694\n|switch|p2a: Slowking|Slowking-Galar, F|100\/100\n|turn|21\n|\n|t:|1697607698\n|-terastallize|p1a: Raichu|Electric\n|move|p1a: Raichu|Volt Switch|p2a: Slowking\n|-damage|p2a: Slowking|58\/100\n|\n|t:|1697607706\n|switch|p1a: Slowking|Slowking-Galar, F|92\/100|[from] Volt Switch\n|move|p2a: Slowking|Toxic|p1a: Slowking\n|-immune|p1a: Slowking\n|\n|upkeep\n|turn|22\n|\n|t:|1697607716\n|move|p1a: Slowking|Foul Play|p2a: Slowking\n|-supereffective|p2a: Slowking\n|-damage|p2a: Slowking|31\/100\n|move|p2a: Slowking|Foul Play|p1a: Slowking\n|-supereffective|p1a: Slowking\n|-damage|p1a: Slowking|75\/100\n|\n|-fieldend|move: Electric Terrain\n|upkeep\n|turn|23\n|\n|t:|1697607724\n|switch|p1a: Greninja|Greninja, M|100\/100\n|switch|p2a: Basculegion|Basculegion, M|19\/100 par\n|-damage|p2a: Basculegion|7\/100 par|[from] Spikes\n|\n|upkeep\n|turn|24\n|\n|t:|1697607730\n|switch|p2a: Weezing|Weezing-Galar, F|100\/100\n|move|p1a: Greninja|U-turn|p2a: Weezing\n|-start|p1a: Greninja|typechange|Bug|[from] ability: Protean\n|-resisted|p2a: Weezing\n|-damage|p2a: Weezing|93\/100\n|\n|t:|1697607733\n|switch|p1a: Pincurchin|Pincurchin, M|21\/100|[from] U-turn\n|-fieldstart|move: Electric Terrain|[from] ability: Electric Surge|[of] p1a: Pincurchin\n|\n|-heal|p2a: Weezing|99\/100|[from] item: Leftovers\n|upkeep\n|turn|25\n|\n|t:|1697607742\n|move|p2a: Weezing|Strange Steam|p1a: Pincurchin\n|-damage|p1a: Pincurchin|0 fnt\n|faint|p1a: Pincurchin\n|\n|-heal|p2a: Weezing|100\/100|[from] item: Leftovers\n|upkeep\n|\n|t:|1697607745\n|switch|p1a: Raichu|Raichu, F, tera:Electric|100\/100\n|turn|26\n|\n|t:|1697607753\n|switch|p2a: Slowking|Slowking-Galar, F|64\/100\n|move|p1a: Raichu|Thunderbolt|p2a: Slowking\n|-damage|p2a: Slowking|2\/100\n|-status|p2a: Slowking|par\n|\n|upkeep\n|turn|27\n|c|\u2606TRaSHiNSeCT|gg wp\n|\n|t:|1697607766\n|move|p1a: Raichu|Thunderbolt|p2a: Slowking\n|-damage|p2a: Slowking|0 fnt\n|faint|p2a: Slowking\n|\n|upkeep\n|\n|t:|1697607770\n|switch|p2a: Basculegion|Basculegion, M|7\/100 par\n|-damage|p2a: Basculegion|0 fnt|[from] Spikes\n|faint|p2a: Basculegion\n|c|\u2606godiamsosorry|Gg.\n|\n|t:|1697607774\n|switch|p2a: Weezing|Weezing-Galar, F|100\/100\n|turn|28\n|\n|t:|1697607778\n|move|p1a: Raichu|Thunderbolt|p2a: Weezing\n|-crit|p2a: Weezing\n|-damage|p2a: Weezing|0 fnt\n|faint|p2a: Weezing\n|\n|win|godiamsosorry\n","uploadtime":1697607784,"views":15,"p1id":"godiamsosorry","p2id":"trashinsect","formatid":"gen9ubers","rating":0,"private":0,"password":""}