{"id":"gen9ubers-1973454092","p1":"RubenPaCe","p2":"termofservice","format":"[Gen 9] Ubers","log":"|j|\u2606RubenPaCe\n|j|\u2606termofservice\n|t:|1697978095\n|gametype|singles\n|player|p1|RubenPaCe|camper|\n|player|p2|termofservice|cynthia-masters|\n|teamsize|p1|6\n|teamsize|p2|6\n|gen|9\n|tier|[Gen 9] Ubers\n|rule|Sleep Clause Mod: Limit one foe put to sleep\n|rule|Species Clause: Limit one of each Pok\u00e9mon\n|rule|OHKO Clause: OHKO moves are banned\n|rule|Evasion Items Clause: Evasion items are banned\n|rule|Evasion Moves Clause: Evasion moves are banned\n|rule|Endless Battle Clause: Forcing endless battles is banned\n|rule|HP Percentage Mod: HP is shown in percentages\n|clearpoke\n|poke|p1|Houndstone, F|\n|poke|p1|Tyranitar, M|\n|poke|p1|Chi-Yu|\n|poke|p1|Zacian-*|\n|poke|p1|Meowscarada, F|\n|poke|p1|Palkia-Origin|\n|poke|p2|Torkoal, M|\n|poke|p2|Walking Wake|\n|poke|p2|Arceus-Fire|\n|poke|p2|Shaymin-Sky|\n|poke|p2|Volcarona, F|\n|poke|p2|Ogerpon-Cornerstone, F|\n|teampreview\n|\n|t:|1697978100\n|start\n|switch|p1a: Meowscarada|Meowscarada, F|100\/100\n|switch|p2a: Ogerpon|Ogerpon-Cornerstone, F|100\/100\n|turn|1\n|\n|t:|1697978114\n|-terastallize|p2a: Ogerpon|Rock\n|detailschange|p2a: Ogerpon|Ogerpon-Cornerstone-Tera, F, tera:Rock\n|-ability|p2a: Ogerpon|Embody Aspect (Cornerstone)|boost\n|-boost|p2a: Ogerpon|def|1\n|move|p1a: Meowscarada|Toxic Spikes|p2a: Ogerpon\n|-sidestart|p2: termofservice|move: Toxic Spikes\n|move|p2a: Ogerpon|Ivy Cudgel|p1a: Meowscarada\n|-enditem|p1a: Meowscarada|Focus Sash\n|-damage|p1a: Meowscarada|1\/100\n|\n|upkeep\n|turn|2\n|\n|t:|1697978132\n|move|p1a: Meowscarada|Spikes|p2a: Ogerpon\n|-sidestart|p2: termofservice|Spikes\n|move|p2a: Ogerpon|Ivy Cudgel|p1a: Meowscarada\n|-damage|p1a: Meowscarada|0 fnt\n|faint|p1a: Meowscarada\n|\n|upkeep\n|\n|t:|1697978137\n|switch|p1a: Palkia|Palkia-Origin|100\/100\n|-ability|p1a: Palkia|Pressure\n|turn|3\n|\n|t:|1697978155\n|move|p1a: Palkia|Hydro Pump|p2a: Ogerpon\n|-supereffective|p2a: Ogerpon\n|-damage|p2a: Ogerpon|0 fnt\n|faint|p2a: Ogerpon\n|\n|upkeep\n|\n|t:|1697978168\n|switch|p2a: Shaymin|Shaymin-Sky|100\/100\n|turn|4\n|c|\u2606termofservice|Oh damn\n|c|\u2606termofservice|I didn't know that removes sturdy\n|c|\u2606RubenPaCe|yeah\n|\n|t:|1697978189\n|move|p2a: Shaymin|Dazzling Gleam|p1a: Palkia\n|-supereffective|p1a: Palkia\n|-damage|p1a: Palkia|56\/100\n|move|p1a: Palkia|Spacial Rend|p2a: Shaymin\n|-damage|p2a: Shaymin|20\/100\n|\n|upkeep\n|turn|5\n|c|\u2606RubenPaCe|the ability gets changed for embody aspect\n|\n|t:|1697978197\n|switch|p1a: Tyranitar|Tyranitar, M|100\/100\n|-weather|Sandstorm|[from] ability: Sand Stream|[of] p1a: Tyranitar\n|move|p2a: Shaymin|Dazzling Gleam|p1a: Tyranitar\n|-supereffective|p1a: Tyranitar\n|-damage|p1a: Tyranitar|64\/100\n|\n|-weather|Sandstorm|[upkeep]\n|-damage|p2a: Shaymin|13\/100|[from] Sandstorm\n|upkeep\n|turn|6\n|\n|t:|1697978202\n|move|p2a: Shaymin|Dazzling Gleam|p1a: Tyranitar\n|-supereffective|p1a: Tyranitar\n|-damage|p1a: Tyranitar|31\/100\n|move|p1a: Tyranitar|Stealth Rock|p2a: Shaymin\n|-sidestart|p2: termofservice|move: Stealth Rock\n|\n|-weather|Sandstorm|[upkeep]\n|-damage|p2a: Shaymin|7\/100|[from] Sandstorm\n|upkeep\n|turn|7\n|\n|t:|1697978206\n|switch|p1a: Palkia|Palkia-Origin|56\/100\n|-ability|p1a: Palkia|Pressure\n|move|p2a: Shaymin|Dazzling Gleam|p1a: Palkia\n|-supereffective|p1a: Palkia\n|-damage|p1a: Palkia|3\/100\n|\n|-weather|Sandstorm|[upkeep]\n|-damage|p2a: Shaymin|1\/100|[from] Sandstorm\n|-damage|p1a: Palkia|0 fnt|[from] Sandstorm\n|faint|p1a: Palkia\n|upkeep\n|\n|t:|1697978208\n|switch|p1a: Houndstone|Houndstone, F|100\/100\n|turn|8\n|\n|t:|1697978213\n|move|p2a: Shaymin|Dazzling Gleam|p1a: Houndstone\n|-crit|p1a: Houndstone\n|-damage|p1a: Houndstone|48\/100\n|move|p1a: Houndstone|Last Respects|p2a: Shaymin\n|-damage|p2a: Shaymin|0 fnt\n|faint|p2a: Shaymin\n|\n|-weather|Sandstorm|[upkeep]\n|upkeep\n|\n|t:|1697978224\n|switch|p2a: Torkoal|Torkoal, M|100\/100\n|-status|p2a: Torkoal|psn\n|-damage|p2a: Torkoal|88\/100 psn|[from] Spikes\n|-damage|p2a: Torkoal|63\/100 psn|[from] Stealth Rock\n|-weather|SunnyDay|[from] ability: Drought|[of] p2a: Torkoal\n|turn|9\n|\n|t:|1697978228\n|move|p1a: Houndstone|Last Respects|p2a: Torkoal\n|-damage|p2a: Torkoal|3\/100 psn\n|move|p2a: Torkoal|Will-O-Wisp|p1a: Houndstone\n|-status|p1a: Houndstone|brn\n|\n|-weather|SunnyDay|[upkeep]\n|-damage|p2a: Torkoal|0 fnt|[from] psn\n|faint|p2a: Torkoal\n|-damage|p1a: Houndstone|42\/100 brn|[from] brn\n|upkeep\n|\n|t:|1697978234\n|switch|p2a: Volcarona|Volcarona, F|100\/100\n|turn|10\n|\n|t:|1697978242\n|move|p2a: Volcarona|Quiver Dance|p2a: Volcarona\n|-boost|p2a: Volcarona|spa|1\n|-boost|p2a: Volcarona|spd|1\n|-boost|p2a: Volcarona|spe|1\n|move|p1a: Houndstone|Last Respects|p2a: Volcarona\n|-damage|p2a: Volcarona|38\/100\n|\n|-weather|SunnyDay|[upkeep]\n|-damage|p1a: Houndstone|36\/100 brn|[from] brn\n|upkeep\n|turn|11\n|\n|t:|1697978247\n|switch|p1a: Tyranitar|Tyranitar, M|31\/100\n|-weather|Sandstorm|[from] ability: Sand Stream|[of] p1a: Tyranitar\n|move|p2a: Volcarona|Fiery Dance|p1a: Tyranitar\n|-resisted|p1a: Tyranitar\n|-damage|p1a: Tyranitar|9\/100\n|-boost|p2a: Volcarona|spa|1\n|\n|-weather|Sandstorm|[upkeep]\n|-damage|p2a: Volcarona|32\/100|[from] Sandstorm\n|upkeep\n|turn|12\n|\n|t:|1697978253\n|move|p2a: Volcarona|Fiery Dance|p1a: Tyranitar\n|-resisted|p1a: Tyranitar\n|-damage|p1a: Tyranitar|0 fnt\n|-boost|p2a: Volcarona|spa|1\n|faint|p1a: Tyranitar\n|\n|-weather|Sandstorm|[upkeep]\n|-damage|p2a: Volcarona|26\/100|[from] Sandstorm\n|upkeep\n|\n|t:|1697978269\n|switch|p1a: Chi-Yu|Chi-Yu|100\/100\n|-ability|p1a: Chi-Yu|Beads of Ruin\n|turn|13\n|\n|t:|1697978284\n|move|p2a: Volcarona|Bug Buzz|p1a: Chi-Yu\n|-damage|p1a: Chi-Yu|0 fnt\n|faint|p1a: Chi-Yu\n|\n|-weather|Sandstorm|[upkeep]\n|-damage|p2a: Volcarona|19\/100|[from] Sandstorm\n|upkeep\n|\n|t:|1697978292\n|switch|p1a: Zacian|Zacian|100\/100\n|-ability|p1a: Zacian|Intrepid Sword|boost\n|-boost|p1a: Zacian|atk|1\n|turn|14\n|\n|t:|1697978305\n|-terastallize|p1a: Zacian|Fire\n|move|p2a: Volcarona|Fiery Dance|p1a: Zacian\n|-resisted|p1a: Zacian\n|-damage|p1a: Zacian|44\/100\n|move|p1a: Zacian|Close Combat|p2a: Volcarona\n|-resisted|p2a: Volcarona\n|-damage|p2a: Volcarona|0 fnt\n|-unboost|p1a: Zacian|def|1\n|-unboost|p1a: Zacian|spd|1\n|faint|p2a: Volcarona\n|\n|-weather|Sandstorm|[upkeep]\n|-damage|p1a: Zacian|38\/100|[from] Sandstorm\n|upkeep\n|\n|t:|1697978316\n|switch|p2a: Arceus|Arceus-Fire|100\/100\n|-status|p2a: Arceus|psn\n|-damage|p2a: Arceus|88\/100 psn|[from] Spikes\n|-damage|p2a: Arceus|63\/100 psn|[from] Stealth Rock\n|turn|15\n|\n|t:|1697978321\n|move|p1a: Zacian|Close Combat|p2a: Arceus\n|-damage|p2a: Arceus|0 fnt\n|-unboost|p1a: Zacian|def|1\n|-unboost|p1a: Zacian|spd|1\n|faint|p2a: Arceus\n|\n|-weather|Sandstorm|[upkeep]\n|-damage|p1a: Zacian|32\/100|[from] Sandstorm\n|upkeep\n|c|\u2606termofservice|GG\n|c|\u2606termofservice|Close game\n|\n|t:|1697978325\n|switch|p2a: Walking Wake|Walking Wake|100\/100\n|-status|p2a: Walking Wake|psn\n|-damage|p2a: Walking Wake|88\/100 psn|[from] Spikes\n|-damage|p2a: Walking Wake|76\/100 psn|[from] Stealth Rock\n|turn|16\n|\n|t:|1697978327\n|move|p1a: Zacian|Close Combat|p2a: Walking Wake\n|-damage|p2a: Walking Wake|0 fnt\n|-unboost|p1a: Zacian|def|1\n|-unboost|p1a: Zacian|spd|1\n|faint|p2a: Walking Wake\n|-end|p2a: Walking Wake|Protosynthesis|[silent]\n|\n|win|RubenPaCe\n|c|\u2606RubenPaCe|gg\n","uploadtime":1697978332,"views":25,"p1id":"rubenpace","p2id":"termofservice","formatid":"gen9ubers","rating":0,"private":0,"password":""}