{"id":"gen9ubers-1985872762","p1":"rooster45","p2":"FireboltGaming1234","format":"[Gen 9] Ubers","log":"|j|\u2606rooster45\n|j|\u2606FireboltGaming1234\n|t:|1699415835\n|gametype|singles\n|player|p1|rooster45|266|1088\n|player|p2|FireboltGaming1234|red|1030\n|teamsize|p1|6\n|teamsize|p2|6\n|gen|9\n|tier|[Gen 9] Ubers\n|rated|\n|rule|Sleep Clause Mod: Limit one foe put to sleep\n|rule|Species Clause: Limit one of each Pok\u00e9mon\n|rule|OHKO Clause: OHKO moves are banned\n|rule|Evasion Items Clause: Evasion items are banned\n|rule|Evasion Moves Clause: Evasion moves are banned\n|rule|Endless Battle Clause: Forcing endless battles is banned\n|rule|HP Percentage Mod: HP is shown in percentages\n|clearpoke\n|poke|p1|Magearna|\n|poke|p1|Toxapex, M|\n|poke|p1|Dragapult, M|\n|poke|p1|Iron Moth|\n|poke|p1|Ogerpon-Wellspring, F|\n|poke|p1|Iron Bundle|\n|poke|p2|Glimmora, F|\n|poke|p2|Quaquaval, M|\n|poke|p2|Skeledirge, M|\n|poke|p2|Dragapult, F|\n|poke|p2|Chien-Pao|\n|poke|p2|Gholdengo|\n|teampreview\n|inactive|Battle timer is ON: inactive players will automatically lose when time's up. (requested by FireboltGaming1234)\n|inactive|FireboltGaming1234 has 120 seconds left.\n|c|\u2606rooster45|Pitter patter lets get at her\n|\n|t:|1699415895\n|start\n|switch|p1a: Iron Moth|Iron Moth|100\/100\n|switch|p2a: Glimmora|Glimmora, F|100\/100\n|turn|1\n|\n|t:|1699415916\n|switch|p2a: Quaquaval|Quaquaval, M|100\/100\n|move|p1a: Iron Moth|Energy Ball|p2a: Quaquaval\n|-supereffective|p2a: Quaquaval\n|-damage|p2a: Quaquaval|5\/100\n|\n|upkeep\n|turn|2\n|\n|t:|1699415926\n|-terastallize|p1a: Iron Moth|Grass\n|move|p1a: Iron Moth|Energy Ball|p2a: Quaquaval\n|-supereffective|p2a: Quaquaval\n|-damage|p2a: Quaquaval|0 fnt\n|faint|p2a: Quaquaval\n|\n|upkeep\n|\n|t:|1699415936\n|switch|p2a: Glimmora|Glimmora, F|100\/100\n|turn|3\n|\n|t:|1699415940\n|move|p1a: Iron Moth|Energy Ball|p2a: Glimmora\n|-damage|p2a: Glimmora|34\/100\n|move|p2a: Glimmora|Sludge Wave|p1a: Iron Moth\n|-supereffective|p1a: Iron Moth\n|-damage|p1a: Iron Moth|26\/100\n|\n|upkeep\n|turn|4\n|\n|t:|1699415947\n|move|p1a: Iron Moth|Energy Ball|p2a: Glimmora\n|-damage|p2a: Glimmora|0 fnt\n|faint|p2a: Glimmora\n|\n|upkeep\n|\n|t:|1699415955\n|switch|p2a: Skeledirge|Skeledirge, M|100\/100\n|turn|5\n|\n|t:|1699415966\n|-end|p1a: Iron Moth|Quark Drive|[silent]\n|switch|p1a: Ogerpon|Ogerpon-Wellspring, F|100\/100\n|-terastallize|p2a: Skeledirge|Fire\n|move|p2a: Skeledirge|Torch Song|p1a: Ogerpon\n|-damage|p1a: Ogerpon|35\/100\n|-boost|p2a: Skeledirge|spa|1\n|\n|upkeep\n|turn|6\n|\n|t:|1699415977\n|move|p1a: Ogerpon|Ivy Cudgel|p2a: Skeledirge\n|-supereffective|p2a: Skeledirge\n|-damage|p2a: Skeledirge|7\/100\n|move|p2a: Skeledirge|Torch Song|p1a: Ogerpon\n|-damage|p1a: Ogerpon|0 fnt\n|-boost|p2a: Skeledirge|spa|1\n|faint|p1a: Ogerpon\n|\n|upkeep\n|\n|t:|1699415990\n|switch|p1a: Dragapult|Dragapult, M|100\/100\n|turn|7\n|\n|t:|1699415998\n|move|p1a: Dragapult|Sucker Punch|p2a: Skeledirge\n|-damage|p2a: Skeledirge|0 fnt\n|faint|p2a: Skeledirge\n|\n|upkeep\n|\n|t:|1699416005\n|switch|p2a: Chien-Pao|Chien-Pao|100\/100\n|-ability|p2a: Chien-Pao|Sword of Ruin\n|turn|8\n|\n|t:|1699416025\n|switch|p1a: Toxapex|Toxapex, M|100\/100\n|move|p2a: Chien-Pao|Sucker Punch||[still]\n|-fail|p2a: Chien-Pao\n|\n|upkeep\n|turn|9\n|\n|t:|1699416039\n|move|p2a: Chien-Pao|Sucker Punch||[still]\n|-fail|p2a: Chien-Pao\n|move|p1a: Toxapex|Toxic|p2a: Chien-Pao\n|-status|p2a: Chien-Pao|tox\n|\n|-damage|p2a: Chien-Pao|95\/100 tox|[from] psn\n|upkeep\n|turn|10\n|\n|t:|1699416047\n|move|p2a: Chien-Pao|Sucker Punch|p1a: Toxapex\n|-damage|p1a: Toxapex|64\/100\n|move|p1a: Toxapex|Infestation|p2a: Chien-Pao\n|-supereffective|p2a: Chien-Pao\n|-damage|p2a: Chien-Pao|85\/100 tox\n|-activate|p2a: Chien-Pao|move: Infestation|[of] p1a: Toxapex\n|\n|-heal|p1a: Toxapex|70\/100|[from] item: Black Sludge\n|-damage|p2a: Chien-Pao|73\/100 tox|[from] psn\n|-damage|p2a: Chien-Pao|61\/100 tox|[from] move: Infestation|[partiallytrapped]\n|upkeep\n|turn|11\n|\n|t:|1699416059\n|move|p2a: Chien-Pao|Sucker Punch||[still]\n|-fail|p2a: Chien-Pao\n|move|p1a: Toxapex|Recover|p1a: Toxapex\n|-heal|p1a: Toxapex|100\/100\n|\n|-damage|p2a: Chien-Pao|43\/100 tox|[from] psn\n|-damage|p2a: Chien-Pao|31\/100 tox|[from] move: Infestation|[partiallytrapped]\n|upkeep\n|turn|12\n|\n|t:|1699416068\n|move|p1a: Toxapex|Baneful Bunker|p1a: Toxapex\n|-singleturn|p1a: Toxapex|move: Protect\n|move|p2a: Chien-Pao|Sucker Punch||[still]\n|-fail|p2a: Chien-Pao\n|\n|-damage|p2a: Chien-Pao|7\/100 tox|[from] psn\n|-damage|p2a: Chien-Pao|0 fnt|[from] move: Infestation|[partiallytrapped]\n|faint|p2a: Chien-Pao\n|upkeep\n|\n|t:|1699416077\n|switch|p2a: Gholdengo|Gholdengo|100\/100\n|turn|13\n|\n|t:|1699416094\n|switch|p1a: Iron Bundle|Iron Bundle|100\/100\n|-enditem|p1a: Iron Bundle|Booster Energy\n|-activate|p1a: Iron Bundle|ability: Quark Drive|[fromitem]\n|-start|p1a: Iron Bundle|quarkdrivespa\n|move|p2a: Gholdengo|Nasty Plot|p2a: Gholdengo\n|-boost|p2a: Gholdengo|spa|2\n|\n|upkeep\n|turn|14\n|\n|t:|1699416106\n|move|p1a: Iron Bundle|Freeze-Dry|p2a: Gholdengo\n|-resisted|p2a: Gholdengo\n|-damage|p2a: Gholdengo|76\/100\n|move|p2a: Gholdengo|Recover|p2a: Gholdengo\n|-heal|p2a: Gholdengo|100\/100\n|\n|upkeep\n|turn|15\n|\n|t:|1699416114\n|move|p1a: Iron Bundle|Freeze-Dry|p2a: Gholdengo\n|-resisted|p2a: Gholdengo\n|-damage|p2a: Gholdengo|74\/100\n|move|p2a: Gholdengo|Make It Rain|p1a: Iron Bundle\n|-damage|p1a: Iron Bundle|0 fnt\n|-unboost|p2a: Gholdengo|spa|1\n|faint|p1a: Iron Bundle\n|-end|p1a: Iron Bundle|Quark Drive|[silent]\n|-damage|p2a: Gholdengo|65\/100|[from] item: Life Orb\n|\n|upkeep\n|\n|t:|1699416126\n|switch|p1a: Iron Moth|Iron Moth, tera:Grass|26\/100\n|turn|16\n|l|\u2606FireboltGaming1234\n|inactive|FireboltGaming1234 disconnected and has a minute to reconnect!\n|player|p2|\n|j|\u2606FireboltGaming1234\n|inactive|FireboltGaming1234 reconnected and has 115 seconds left.\n|player|p2|FireboltGaming1234|red\n|\n|t:|1699416179\n|move|p1a: Iron Moth|Fiery Dance|p2a: Gholdengo\n|-supereffective|p2a: Gholdengo\n|-damage|p2a: Gholdengo|0 fnt\n|faint|p2a: Gholdengo\n|\n|upkeep\n|inactive|FireboltGaming1234 has 90 seconds left.\n|\n|t:|1699416201\n|switch|p2a: Dragapult|Dragapult, F|100\/100\n|turn|17\n|inactive|FireboltGaming1234 has 90 seconds left.\n|\n|t:|1699416210\n|-end|p1a: Iron Moth|Quark Drive|[silent]\n|switch|p1a: Toxapex|Toxapex, M|100\/100\n|move|p2a: Dragapult|U-turn|p1a: Toxapex\n|-resisted|p1a: Toxapex\n|-damage|p1a: Toxapex|88\/100\n|-damage|p2a: Dragapult|91\/100|[from] item: Life Orb\n|\n|-heal|p1a: Toxapex|94\/100|[from] item: Black Sludge\n|upkeep\n|turn|18\n|inactive|FireboltGaming1234 has 90 seconds left.\n|\n|t:|1699416221\n|move|p2a: Dragapult|Dragon Darts|p1a: Toxapex\n|-damage|p1a: Toxapex|63\/100\n|-anim|p2a: Dragapult|Dragon Darts|p1a: Toxapex\n|-damage|p1a: Toxapex|36\/100\n|-damage|p2a: Dragapult|81\/100|[from] item: Life Orb\n|move|p1a: Toxapex|Infestation|p2a: Dragapult\n|-resisted|p2a: Dragapult\n|-damage|p2a: Dragapult|79\/100\n|-activate|p2a: Dragapult|move: Infestation|[of] p1a: Toxapex\n|\n|-heal|p1a: Toxapex|42\/100|[from] item: Black Sludge\n|-damage|p2a: Dragapult|67\/100|[from] move: Infestation|[partiallytrapped]\n|upkeep\n|turn|19\n|\n|t:|1699416233\n|move|p1a: Toxapex|Baneful Bunker|p1a: Toxapex\n|-singleturn|p1a: Toxapex|move: Protect\n|move|p2a: Dragapult|Dragon Darts|p1a: Toxapex\n|-activate|p1a: Toxapex|move: Protect\n|\n|-heal|p1a: Toxapex|48\/100|[from] item: Black Sludge\n|-damage|p2a: Dragapult|54\/100|[from] move: Infestation|[partiallytrapped]\n|upkeep\n|turn|20\n|\n|t:|1699416247\n|switch|p1a: Magearna|Magearna|100\/100\n|move|p2a: Dragapult|Dragon Darts|p1a: Magearna\n|-immune|p1a: Magearna\n|\n|-end|p2a: Dragapult|Infestation|[partiallytrapped]|[silent]\n|upkeep\n|turn|21\n|\n|t:|1699416257\n|move|p2a: Dragapult|Dragon Darts|p1a: Magearna\n|-immune|p1a: Magearna\n|move|p1a: Magearna|Trick Room|p1a: Magearna\n|-fieldstart|move: Trick Room|[of] p1a: Magearna\n|\n|upkeep\n|turn|22\n|\n|t:|1699416263\n|move|p1a: Magearna|Calm Mind|p1a: Magearna\n|-boost|p1a: Magearna|spa|1\n|-boost|p1a: Magearna|spd|1\n|move|p2a: Dragapult|Phantom Force||[still]\n|-prepare|p2a: Dragapult|Phantom Force\n|\n|upkeep\n|turn|23\n|\n|t:|1699416268\n|move|p1a: Magearna|Calm Mind|p1a: Magearna\n|-boost|p1a: Magearna|spa|1\n|-boost|p1a: Magearna|spd|1\n|move|p2a: Dragapult|Phantom Force|p1a: Magearna|[from]lockedmove\n|-damage|p1a: Magearna|56\/100\n|-damage|p2a: Dragapult|45\/100|[from] item: Life Orb\n|\n|upkeep\n|turn|24\n|\n|t:|1699416277\n|move|p1a: Magearna|Draining Kiss|p2a: Dragapult\n|-supereffective|p2a: Dragapult\n|-damage|p2a: Dragapult|0 fnt\n|-heal|p1a: Magearna|91\/100|[from] drain|[of] p2a: Dragapult\n|faint|p2a: Dragapult\n|\n|win|rooster45\n|raw|rooster45's rating: 1088 &rarr; <strong>1110<\/strong><br \/>(+22 for winning)\n|raw|FireboltGaming1234's rating: 1030 &rarr; <strong>1018<\/strong><br \/>(-12 for losing)\n","uploadtime":1699416285,"views":9,"p1id":"rooster45","p2id":"fireboltgaming1234","formatid":"gen9ubers","rating":1018,"private":0,"password":""}