{"id":"gen9ubers-1974425008","p1":"shirosakiaoi","p2":"DelScout","format":"[Gen 9] Ubers","log":"|j|\u2606shirosakiaoi\n|j|\u2606DelScout\n|t:|1698085927\n|gametype|singles\n|player|p1|shirosakiaoi|169|\n|player|p2|DelScout|102|\n|teamsize|p1|6\n|teamsize|p2|6\n|gen|9\n|tier|[Gen 9] Ubers\n|rule|Sleep Clause Mod: Limit one foe put to sleep\n|rule|Species Clause: Limit one of each Pok\u00e9mon\n|rule|OHKO Clause: OHKO moves are banned\n|rule|Evasion Items Clause: Evasion items are banned\n|rule|Evasion Moves Clause: Evasion moves are banned\n|rule|Endless Battle Clause: Forcing endless battles is banned\n|rule|HP Percentage Mod: HP is shown in percentages\n|clearpoke\n|poke|p1|Baxcalibur, M|\n|poke|p1|Annihilape, F|\n|poke|p1|Landorus, M|\n|poke|p1|Espathra, M|\n|poke|p1|Flutter Mane|\n|poke|p1|Ditto|\n|poke|p2|Flutter Mane|\n|poke|p2|Ditto|\n|poke|p2|Torkoal, F|\n|poke|p2|Regieleki|\n|poke|p2|Alomomola, F|\n|poke|p2|Landorus-Therian, M|\n|teampreview\n|\n|t:|1698085940\n|start\n|switch|p1a: Ditto|Ditto, shiny|100\/100\n|switch|p2a: Toyotarus|Landorus-Therian, M|100\/100\n|-transform|p1a: Ditto|p2a: Toyotarus|[from] ability: Imposter\n|-ability|p1a: Ditto|Intimidate|boost\n|-unboost|p2a: Toyotarus|atk|1\n|-ability|p2a: Toyotarus|Intimidate|boost\n|-unboost|p1a: Ditto|atk|1\n|turn|1\n|\n|t:|1698085951\n|move|p1a: Ditto|Stealth Rock|p2a: Toyotarus\n|-sidestart|p2: DelScout|move: Stealth Rock\n|move|p2a: Toyotarus|Stealth Rock|p1a: Ditto\n|-sidestart|p1: shirosakiaoi|move: Stealth Rock\n|\n|upkeep\n|turn|2\n|\n|t:|1698085964\n|switch|p1a: AnnihilApeTion|Annihilape, F, shiny|100\/100\n|-damage|p1a: AnnihilApeTion|94\/100|[from] Stealth Rock\n|move|p2a: Toyotarus|U-turn|p1a: AnnihilApeTion\n|-resisted|p1a: AnnihilApeTion\n|-damage|p1a: AnnihilApeTion|87\/100\n|-damage|p2a: Toyotarus|91\/100|[from] item: Life Orb\n|\n|t:|1698085990\n|switch|p2a: Bloobloblo|Alomomola, F, shiny|100\/100|[from] U-turn\n|-damage|p2a: Bloobloblo|88\/100|[from] Stealth Rock\n|\n|-heal|p1a: AnnihilApeTion|94\/100|[from] item: Leftovers\n|-heal|p2a: Bloobloblo|94\/100|[from] item: Leftovers\n|upkeep\n|turn|3\n|\n|t:|1698086199\n|move|p1a: AnnihilApeTion|Bulk Up|p1a: AnnihilApeTion\n|-boost|p1a: AnnihilApeTion|atk|1\n|-boost|p1a: AnnihilApeTion|def|1\n|move|p2a: Bloobloblo|Scald|p1a: AnnihilApeTion\n|-damage|p1a: AnnihilApeTion|84\/100\n|-status|p1a: AnnihilApeTion|brn\n|\n|-heal|p1a: AnnihilApeTion|90\/100 brn|[from] item: Leftovers\n|-heal|p2a: Bloobloblo|100\/100|[from] item: Leftovers\n|-damage|p1a: AnnihilApeTion|84\/100 brn|[from] brn\n|upkeep\n|turn|4\n|\n|t:|1698086213\n|move|p1a: AnnihilApeTion|Bulk Up|p1a: AnnihilApeTion\n|-boost|p1a: AnnihilApeTion|atk|1\n|-boost|p1a: AnnihilApeTion|def|1\n|move|p2a: Bloobloblo|Wish|p2a: Bloobloblo\n|\n|-heal|p1a: AnnihilApeTion|90\/100 brn|[from] item: Leftovers\n|-damage|p1a: AnnihilApeTion|84\/100 brn|[from] brn\n|upkeep\n|turn|5\n|\n|t:|1698086222\n|move|p1a: AnnihilApeTion|Bulk Up|p1a: AnnihilApeTion\n|-boost|p1a: AnnihilApeTion|atk|1\n|-boost|p1a: AnnihilApeTion|def|1\n|move|p2a: Bloobloblo|Flip Turn|p1a: AnnihilApeTion\n|-damage|p1a: AnnihilApeTion|77\/100 brn\n|\n|t:|1698086234\n|switch|p2a: Secretdesire|Ditto, shiny|100\/100|[from] Flip Turn\n|-damage|p2a: Secretdesire|88\/100|[from] Stealth Rock\n|-transform|p2a: Secretdesire|p1a: AnnihilApeTion|[from] ability: Imposter\n|\n|-heal|p2a: Secretdesire|100\/100|[from] move: Wish|[wisher] Bloobloblo\n|-heal|p1a: AnnihilApeTion|83\/100 brn|[from] item: Leftovers\n|-damage|p1a: AnnihilApeTion|77\/100 brn|[from] brn\n|upkeep\n|turn|6\n|\n|t:|1698086247\n|-terastallize|p1a: AnnihilApeTion|Fairy\n|move|p2a: Secretdesire|Rage Fist|p1a: AnnihilApeTion\n|-damage|p1a: AnnihilApeTion|0 fnt\n|faint|p1a: AnnihilApeTion\n|\n|upkeep\n|\n|t:|1698086266\n|switch|p1a: Ditto|Ditto, shiny|100\/100\n|-damage|p1a: Ditto|88\/100|[from] Stealth Rock\n|turn|7\n|\n|t:|1698086279\n|switch|p2a: Torkock|Torkoal, F|100\/100\n|-damage|p2a: Torkock|76\/100|[from] Stealth Rock\n|-weather|SunnyDay|[from] ability: Drought|[of] p2a: Torkock\n|move|p1a: Ditto|Transform|p2a: Torkock\n|-transform|p1a: Ditto|p2a: Torkock\n|\n|-weather|SunnyDay|[upkeep]\n|upkeep\n|turn|8\n|\n|t:|1698086289\n|move|p1a: Ditto|Rapid Spin|p2a: Torkock\n|-damage|p2a: Torkock|68\/100\n|-boost|p1a: Ditto|spe|1\n|-sideend|p1: shirosakiaoi|Stealth Rock|[from] move: Rapid Spin|[of] p1a: Ditto\n|move|p2a: Torkock|Iron Defense|p2a: Torkock\n|-boost|p2a: Torkock|def|2\n|\n|-weather|SunnyDay|[upkeep]\n|upkeep\n|turn|9\n|\n|t:|1698086299\n|switch|p1a: Cruzabrazo|Landorus, M, shiny|100\/100\n|move|p2a: Torkock|Rapid Spin|p1a: Cruzabrazo\n|-damage|p1a: Cruzabrazo|90\/100\n|-boost|p2a: Torkock|spe|1\n|-sideend|p2: DelScout|Stealth Rock|[from] move: Rapid Spin|[of] p2a: Torkock\n|\n|-weather|SunnyDay|[upkeep]\n|upkeep\n|turn|10\n|\n|t:|1698086312\n|switch|p2a: Secretdesire|Ditto, shiny|100\/100\n|-transform|p2a: Secretdesire|p1a: Cruzabrazo|[from] ability: Imposter\n|move|p1a: Cruzabrazo|Sandsear Storm|p2a: Secretdesire\n|-immune|p2a: Secretdesire\n|\n|-weather|SunnyDay|[upkeep]\n|upkeep\n|turn|11\n|\n|t:|1698086324\n|move|p2a: Secretdesire|U-turn|p1a: Cruzabrazo\n|-resisted|p1a: Cruzabrazo\n|-damage|p1a: Cruzabrazo|80\/100\n|\n|t:|1698086333\n|switch|p2a: Toyotarus|Landorus-Therian, M|91\/100|[from] U-turn\n|-ability|p2a: Toyotarus|Intimidate|boost\n|-unboost|p1a: Cruzabrazo|atk|1\n|move|p1a: Cruzabrazo|Extrasensory|p2a: Toyotarus\n|-damage|p2a: Toyotarus|35\/100\n|\n|-weather|SunnyDay|[upkeep]\n|upkeep\n|turn|12\n|\n|t:|1698086344\n|switch|p2a: Secretdesire|Ditto, shiny|100\/100\n|-transform|p2a: Secretdesire|p1a: Cruzabrazo|[from] ability: Imposter\n|move|p1a: Cruzabrazo|Extrasensory|p2a: Secretdesire\n|-damage|p2a: Secretdesire|43\/100\n|\n|-weather|SunnyDay|[upkeep]\n|upkeep\n|turn|13\n|\n|t:|1698086356\n|move|p2a: Secretdesire|Extrasensory|p1a: Cruzabrazo\n|-damage|p1a: Cruzabrazo|35\/100\n|move|p1a: Cruzabrazo|Extrasensory|p2a: Secretdesire\n|-damage|p2a: Secretdesire|0 fnt\n|faint|p2a: Secretdesire\n|\n|-weather|SunnyDay|[upkeep]\n|upkeep\n|\n|t:|1698086363\n|switch|p2a: Deoxys-Fast|Regieleki|100\/100\n|turn|14\n|\n|t:|1698086367\n|switch|p1a: Ditto|Ditto, shiny|88\/100\n|-transform|p1a: Ditto|p2a: Deoxys-Fast|[from] ability: Imposter\n|-terastallize|p2a: Deoxys-Fast|Ice\n|move|p2a: Deoxys-Fast|Tera Blast|p1a: Ditto|[anim] Tera Blast Ice\n|-damage|p1a: Ditto|8\/100\n|\n|-weather|none\n|upkeep\n|turn|15\n|\n|t:|1698086380\n|move|p1a: Ditto|Thunderbolt|p2a: Deoxys-Fast\n|-damage|p2a: Deoxys-Fast|40\/100\n|move|p2a: Deoxys-Fast|Tera Blast|p1a: Ditto|[anim] Tera Blast Ice\n|-damage|p1a: Ditto|0 fnt\n|faint|p1a: Ditto\n|\n|upkeep\n|\n|t:|1698086383\n|switch|p1a: Sky Bri|Espathra, M|100\/100\n|turn|16\n|\n|t:|1698086389\n|move|p2a: Deoxys-Fast|Thunderbolt|p1a: Sky Bri\n|-damage|p1a: Sky Bri|23\/100\n|move|p1a: Sky Bri|Calm Mind|p1a: Sky Bri\n|-boost|p1a: Sky Bri|spa|1\n|-boost|p1a: Sky Bri|spd|1\n|\n|-heal|p1a: Sky Bri|29\/100|[from] item: Leftovers\n|-ability|p1a: Sky Bri|Speed Boost|boost\n|-boost|p1a: Sky Bri|spe|1\n|upkeep\n|turn|17\n|\n|t:|1698086402\n|move|p1a: Sky Bri|Protect|p1a: Sky Bri\n|-singleturn|p1a: Sky Bri|Protect\n|move|p2a: Deoxys-Fast|Tera Blast|p1a: Sky Bri|[anim] Tera Blast Ice\n|-activate|p1a: Sky Bri|move: Protect\n|\n|-heal|p1a: Sky Bri|35\/100|[from] item: Leftovers\n|-ability|p1a: Sky Bri|Speed Boost|boost\n|-boost|p1a: Sky Bri|spe|1\n|upkeep\n|turn|18\n|\n|t:|1698086411\n|move|p1a: Sky Bri|Stored Power|p2a: Deoxys-Fast\n|-damage|p2a: Deoxys-Fast|0 fnt\n|faint|p2a: Deoxys-Fast\n|\n|-heal|p1a: Sky Bri|42\/100|[from] item: Leftovers\n|-ability|p1a: Sky Bri|Speed Boost|boost\n|-boost|p1a: Sky Bri|spe|1\n|upkeep\n|\n|t:|1698086425\n|switch|p2a: Bloobloblo|Alomomola, F, shiny|100\/100\n|turn|19\n|\n|t:|1698086428\n|move|p1a: Sky Bri|Calm Mind|p1a: Sky Bri\n|-boost|p1a: Sky Bri|spa|1\n|-boost|p1a: Sky Bri|spd|1\n|move|p2a: Bloobloblo|Scald|p1a: Sky Bri\n|-damage|p1a: Sky Bri|31\/100\n|-status|p1a: Sky Bri|brn\n|\n|-heal|p1a: Sky Bri|37\/100 brn|[from] item: Leftovers\n|-damage|p1a: Sky Bri|31\/100 brn|[from] brn\n|-ability|p1a: Sky Bri|Speed Boost|boost\n|-boost|p1a: Sky Bri|spe|1\n|upkeep\n|turn|20\n|\n|t:|1698086441\n|move|p1a: Sky Bri|Calm Mind|p1a: Sky Bri\n|-boost|p1a: Sky Bri|spa|1\n|-boost|p1a: Sky Bri|spd|1\n|move|p2a: Bloobloblo|Flip Turn|p1a: Sky Bri\n|-damage|p1a: Sky Bri|10\/100 brn\n|\n|t:|1698086449\n|switch|p2a: FluttergayUwU|Flutter Mane|100\/100|[from] Flip Turn\n|\n|-heal|p1a: Sky Bri|16\/100 brn|[from] item: Leftovers\n|-damage|p1a: Sky Bri|10\/100 brn|[from] brn\n|-ability|p1a: Sky Bri|Speed Boost|boost\n|-boost|p1a: Sky Bri|spe|1\n|upkeep\n|turn|21\n|\n|t:|1698086465\n|move|p1a: Sky Bri|Stored Power|p2a: FluttergayUwU\n|-damage|p2a: FluttergayUwU|0 fnt\n|faint|p2a: FluttergayUwU\n|-end|p2a: FluttergayUwU|Protosynthesis|[silent]\n|\n|-heal|p1a: Sky Bri|16\/100 brn|[from] item: Leftovers\n|-damage|p1a: Sky Bri|10\/100 brn|[from] brn\n|-ability|p1a: Sky Bri|Speed Boost|boost\n|-boost|p1a: Sky Bri|spe|1\n|upkeep\n|c|\u2606DelScout|gg\n|c|\u2606shirosakiaoi|gg\n|\n|t:|1698086474\n|switch|p2a: Bloobloblo|Alomomola, F, shiny|100\/100\n|turn|22\n|\n|t:|1698086478\n|move|p2a: Bloobloblo|Protect|p2a: Bloobloblo\n|-singleturn|p2a: Bloobloblo|Protect\n|move|p1a: Sky Bri|Stored Power|p2a: Bloobloblo\n|-activate|p2a: Bloobloblo|move: Protect\n|\n|-heal|p1a: Sky Bri|16\/100 brn|[from] item: Leftovers\n|-damage|p1a: Sky Bri|10\/100 brn|[from] brn\n|upkeep\n|turn|23\n|\n|t:|1698086486\n|move|p1a: Sky Bri|Stored Power|p2a: Bloobloblo\n|-damage|p2a: Bloobloblo|0 fnt\n|faint|p2a: Bloobloblo\n|\n|-heal|p1a: Sky Bri|16\/100 brn|[from] item: Leftovers\n|-damage|p1a: Sky Bri|10\/100 brn|[from] brn\n|upkeep\n|\n|t:|1698086493\n|switch|p2a: Torkock|Torkoal, F|68\/100\n|-weather|SunnyDay|[from] ability: Drought|[of] p2a: Torkock\n|turn|24\n|\n|t:|1698086498\n|move|p1a: Sky Bri|Stored Power|p2a: Torkock\n|-damage|p2a: Torkock|0 fnt\n|faint|p2a: Torkock\n|\n|-weather|SunnyDay|[upkeep]\n|-heal|p1a: Sky Bri|16\/100 brn|[from] item: Leftovers\n|-damage|p1a: Sky Bri|10\/100 brn|[from] brn\n|upkeep\n|\n|t:|1698086513\n|switch|p2a: Toyotarus|Landorus-Therian, M|35\/100\n|-ability|p2a: Toyotarus|Intimidate|boost\n|-unboost|p1a: Sky Bri|atk|1\n|turn|25\n|\n|t:|1698086521\n|move|p1a: Sky Bri|Stored Power|p2a: Toyotarus\n|-damage|p2a: Toyotarus|0 fnt\n|faint|p2a: Toyotarus\n|\n|win|shirosakiaoi\n","uploadtime":1698086526,"views":9,"p1id":"shirosakiaoi","p2id":"delscout","formatid":"gen9ubers","rating":0,"private":0,"password":""}