{"id":"gen9ubers-1976274538","p1":"Scampton","p2":"godiamsosorry","format":"[Gen 9] Ubers","log":"|j|\u2606Scampton\n|j|\u2606godiamsosorry\n|t:|1698281135\n|gametype|singles\n|player|p1|Scampton|clown|\n|player|p2|godiamsosorry|scientistf|\n|teamsize|p1|6\n|teamsize|p2|6\n|gen|9\n|tier|[Gen 9] Ubers\n|rule|Sleep Clause Mod: Limit one foe put to sleep\n|rule|Species Clause: Limit one of each Pok\u00e9mon\n|rule|OHKO Clause: OHKO moves are banned\n|rule|Evasion Items Clause: Evasion items are banned\n|rule|Evasion Moves Clause: Evasion moves are banned\n|rule|Endless Battle Clause: Forcing endless battles is banned\n|rule|HP Percentage Mod: HP is shown in percentages\n|clearpoke\n|poke|p1|Ribombee, F|\n|poke|p1|Delibird, F|\n|poke|p1|Slowking-Galar, M|\n|poke|p1|Palafin, F|\n|poke|p1|Enamorus, F|\n|poke|p1|Medicham, F|\n|poke|p2|Klefki, F|\n|poke|p2|Medicham, F|\n|poke|p2|Zoroark-Hisui, F|\n|poke|p2|Palafin, F|\n|poke|p2|Enamorus, F|\n|poke|p2|Toedscruel, F|\n|teampreview\n|\n|t:|1698281142\n|start\n|switch|p1a: Ribombee|Ribombee, F|100\/100\n|switch|p2a: Palafin|Palafin, F|100\/100\n|turn|1\n|\n|t:|1698281146\n|detailschange|p2a: Palafin|Palafin-Hero, F\n|switch|p2a: Klefki|Klefki, F, shiny|100\/100\n|move|p1a: Ribombee|Stun Spore|p2a: Klefki|[miss]\n|-miss|p1a: Ribombee|p2a: Klefki\n|\n|upkeep\n|turn|2\n|\n|t:|1698281150\n|move|p2a: Klefki|Thunder Wave|p1a: Ribombee\n|-status|p1a: Ribombee|par\n|move|p1a: Ribombee|Sticky Web|p2a: Klefki\n|-sidestart|p2: godiamsosorry|move: Sticky Web\n|\n|upkeep\n|turn|3\n|\n|t:|1698281155\n|move|p2a: Klefki|Reflect|p2a: Klefki\n|-sidestart|p2: godiamsosorry|Reflect\n|cant|p1a: Ribombee|par\n|\n|upkeep\n|turn|4\n|\n|t:|1698281158\n|move|p2a: Klefki|Light Screen|p2a: Klefki\n|-sidestart|p2: godiamsosorry|move: Light Screen\n|cant|p1a: Ribombee|par\n|\n|upkeep\n|turn|5\n|c|\u2606Scampton|are you\n|c|\u2606Scampton|fucking\n|c|\u2606Scampton|for real\n|\n|t:|1698281166\n|move|p1a: Ribombee|U-turn|p2a: Klefki\n|-resisted|p2a: Klefki\n|-crit|p2a: Klefki\n|-damage|p2a: Klefki|95\/100\n|\n|t:|1698281181\n|switch|p1a: Slowking|Slowking-Galar, M|100\/100|[from] U-turn\n|move|p2a: Klefki|Flash Cannon|p1a: Slowking\n|-damage|p1a: Slowking|80\/100\n|\n|upkeep\n|turn|6\n|\n|t:|1698281189\n|move|p2a: Klefki|Flash Cannon|p1a: Slowking\n|-damage|p1a: Slowking|63\/100\n|move|p1a: Slowking|Chilly Reception|p1a: Slowking\n|-weather|Snow\n|\n|t:|1698281193\n|switch|p1a: Palafin|Palafin, F|100\/100|[from] Chilly Reception\n|\n|-weather|Snow|[upkeep]\n|upkeep\n|turn|7\n|\n|t:|1698281197\n|detailschange|p1a: Palafin|Palafin-Hero, F\n|switch|p1a: Slowking|Slowking-Galar, M|96\/100\n|move|p2a: Klefki|Thunder Wave|p1a: Slowking\n|-status|p1a: Slowking|par\n|\n|-weather|Snow|[upkeep]\n|upkeep\n|turn|8\n|\n|t:|1698281201\n|switch|p2a: Enamorus|Enamorus, F|100\/100\n|cant|p1a: Slowking|par\n|\n|-weather|Snow|[upkeep]\n|upkeep\n|turn|9\n|\n|t:|1698281204\n|move|p2a: Enamorus|Substitute|p2a: Enamorus\n|-start|p2a: Enamorus|Substitute\n|-damage|p2a: Enamorus|76\/100\n|cant|p1a: Slowking|par\n|\n|-weather|Snow|[upkeep]\n|-heal|p2a: Enamorus|82\/100|[from] item: Leftovers\n|upkeep\n|turn|10\n|\n|t:|1698281207\n|move|p2a: Enamorus|Superpower|p1a: Slowking\n|-resisted|p1a: Slowking\n|-damage|p1a: Slowking|89\/100 par\n|-boost|p2a: Enamorus|atk|1\n|-boost|p2a: Enamorus|def|1\n|move|p1a: Slowking|Poison Jab|p2a: Enamorus\n|-supereffective|p2a: Enamorus\n|-activate|p2a: Enamorus|move: Substitute|[damage]\n|\n|-weather|none\n|-heal|p2a: Enamorus|88\/100|[from] item: Leftovers\n|-sideend|p2: godiamsosorry|Reflect\n|upkeep\n|turn|11\n|c|\u2606Scampton|bro\n|\n|t:|1698281211\n|move|p2a: Enamorus|Superpower|p1a: Slowking\n|-resisted|p1a: Slowking\n|-damage|p1a: Slowking|79\/100 par\n|-boost|p2a: Enamorus|atk|1\n|-boost|p2a: Enamorus|def|1\n|move|p1a: Slowking|Poison Jab|p2a: Enamorus\n|-supereffective|p2a: Enamorus\n|-end|p2a: Enamorus|Substitute\n|\n|-heal|p2a: Enamorus|94\/100|[from] item: Leftovers\n|-sideend|p2: godiamsosorry|move: Light Screen\n|upkeep\n|turn|12\n|\n|t:|1698281215\n|-terastallize|p2a: Enamorus|Steel\n|move|p2a: Enamorus|Substitute|p2a: Enamorus\n|-start|p2a: Enamorus|Substitute\n|-damage|p2a: Enamorus|69\/100\n|move|p1a: Slowking|Chilly Reception|p1a: Slowking\n|-weather|Snow\n|\n|t:|1698281224\n|switch|p1a: Palafin|Palafin-Hero, F|100\/100|[from] Chilly Reception\n|-activate|p1a: Palafin|ability: Zero to Hero\n|\n|-weather|Snow|[upkeep]\n|-heal|p2a: Enamorus|76\/100|[from] item: Leftovers\n|upkeep\n|turn|13\n|\n|t:|1698281232\n|move|p2a: Enamorus|Superpower|p1a: Palafin\n|-damage|p1a: Palafin|20\/100\n|-boost|p2a: Enamorus|atk|1\n|-boost|p2a: Enamorus|def|1\n|move|p1a: Palafin|Boomburst|p2a: Enamorus\n|-resisted|p2a: Enamorus\n|-damage|p2a: Enamorus|24\/100\n|\n|-weather|Snow|[upkeep]\n|-heal|p2a: Enamorus|31\/100|[from] item: Leftovers\n|upkeep\n|turn|14\n|\n|t:|1698281241\n|-terastallize|p1a: Palafin|Ghost\n|move|p2a: Enamorus|Iron Head|p1a: Palafin\n|-damage|p1a: Palafin|0 fnt\n|faint|p1a: Palafin\n|\n|-weather|Snow|[upkeep]\n|-heal|p2a: Enamorus|37\/100|[from] item: Leftovers\n|upkeep\n|c|\u2606Scampton|i misclicked\n|c|\u2606Scampton|rematch......\n|c|\u2606godiamsosorry|LOL\n|c|\u2606Scampton|its the only way i fear\n|\n|t:|1698281282\n|switch|p1a: Slowking|Slowking-Galar, M|100\/100 par\n|turn|15\n|c|\u2606godiamsosorry|Play it out I believe...\n|\n|t:|1698281286\n|move|p2a: Enamorus|Iron Head|p1a: Slowking\n|-damage|p1a: Slowking|36\/100 par\n|cant|p1a: Slowking|par\n|\n|-weather|Snow|[upkeep]\n|-heal|p2a: Enamorus|43\/100|[from] item: Leftovers\n|upkeep\n|turn|16\n|c|\u2606Scampton|no\n|c|\u2606Scampton|thats the eighth para in thsi match alone\n|\n|t:|1698281308\n|switch|p1a: Ribombee|Ribombee, F|100\/100 par\n|move|p2a: Enamorus|Superpower|p1a: Ribombee\n|-resisted|p1a: Ribombee\n|-crit|p1a: Ribombee\n|-damage|p1a: Ribombee|35\/100 par\n|-boost|p2a: Enamorus|atk|1\n|-boost|p2a: Enamorus|def|1\n|\n|-weather|none\n|-heal|p2a: Enamorus|49\/100|[from] item: Leftovers\n|upkeep\n|turn|17\n|\n|t:|1698281317\n|move|p2a: Enamorus|Superpower|p1a: Ribombee\n|-resisted|p1a: Ribombee\n|-damage|p1a: Ribombee|0 fnt\n|-boost|p2a: Enamorus|atk|1\n|-boost|p2a: Enamorus|def|1\n|faint|p1a: Ribombee\n|\n|-heal|p2a: Enamorus|56\/100|[from] item: Leftovers\n|upkeep\n|-message|Scampton forfeited.\n|\n|win|godiamsosorry\n","uploadtime":1698281334,"views":14,"p1id":"scampton","p2id":"godiamsosorry","formatid":"gen9ubers","rating":0,"private":0,"password":""}