{"id":"gen9ubers-1981400480","p1":"Kabunger","p2":"blookinator","format":"[Gen 9] Ubers","log":"|j|\u2606Kabunger\n|j|\u2606blookinator\n|t:|1698891642\n|gametype|singles\n|player|p1|Kabunger|hilda-wonderlauncher|\n|player|p2|blookinator|eusine|\n|teamsize|p1|6\n|teamsize|p2|6\n|gen|9\n|tier|[Gen 9] Ubers\n|rule|Sleep Clause Mod: Limit one foe put to sleep\n|rule|Species Clause: Limit one of each Pok\u00e9mon\n|rule|OHKO Clause: OHKO moves are banned\n|rule|Evasion Items Clause: Evasion items are banned\n|rule|Evasion Moves Clause: Evasion moves are banned\n|rule|Endless Battle Clause: Forcing endless battles is banned\n|rule|HP Percentage Mod: HP is shown in percentages\n|clearpoke\n|poke|p1|Sneasler, F|\n|poke|p1|Zacian-*|\n|poke|p1|Magearna|\n|poke|p1|Gliscor, M|\n|poke|p1|Ogerpon-Wellspring, F|\n|poke|p1|Giratina|\n|poke|p2|Houndstone, M|\n|poke|p2|Tyranitar, M|\n|poke|p2|Darkrai|\n|poke|p2|Magearna|\n|poke|p2|Shaymin-Sky|\n|poke|p2|Dragapult, F|\n|teampreview\n|\n|t:|1698891660\n|start\n|switch|p1a: Tax Evasion|Sneasler, F|100\/100\n|switch|p2a: Darkrai|Darkrai|100\/100\n|turn|1\n|inactive|Battle timer is ON: inactive players will automatically lose when time's up. (requested by Kabunger)\n|\n|t:|1698891680\n|move|p2a: Darkrai|Hypnosis|p1a: Tax Evasion|[miss]\n|-miss|p2a: Darkrai|p1a: Tax Evasion\n|move|p1a: Tax Evasion|Dire Claw|p2a: Darkrai\n|-damage|p2a: Darkrai|39\/100\n|\n|upkeep\n|turn|2\n|\n|t:|1698891687\n|switch|p1a: Gliscor|Gliscor, M|100\/100\n|move|p2a: Darkrai|Hypnosis|p1a: Gliscor\n|-status|p1a: Gliscor|slp|[from] move: Hypnosis\n|\n|-damage|p1a: Gliscor|88\/100 slp|[from] ability: Bad Dreams|[of] p2a: Darkrai\n|upkeep\n|turn|3\n|\n|t:|1698891696\n|switch|p1a: Zacian|Zacian|100\/100\n|-ability|p1a: Zacian|Intrepid Sword|boost\n|-boost|p1a: Zacian|atk|1\n|move|p2a: Darkrai|Nasty Plot|p2a: Darkrai\n|-boost|p2a: Darkrai|spa|2\n|\n|upkeep\n|turn|4\n|inactive|blookinator has 270 seconds left.\n|\n|t:|1698891730\n|move|p2a: Darkrai|Ice Beam|p1a: Zacian\n|-damage|p1a: Zacian|45\/100\n|move|p1a: Zacian|Play Rough|p2a: Darkrai\n|-supereffective|p2a: Darkrai\n|-damage|p2a: Darkrai|0 fnt\n|faint|p2a: Darkrai\n|\n|upkeep\n|inactive|blookinator has 270 seconds left.\n|\n|t:|1698891739\n|switch|p2a: Shaymin|Shaymin-Sky|100\/100\n|turn|5\n|\n|t:|1698891749\n|switch|p1a: Magearna|Magearna|100\/100\n|move|p2a: Shaymin|Air Slash|p1a: Magearna\n|-resisted|p1a: Magearna\n|-damage|p1a: Magearna|85\/100\n|\n|-heal|p1a: Magearna|91\/100|[from] item: Leftovers\n|upkeep\n|turn|6\n|\n|t:|1698891756\n|move|p2a: Shaymin|Leech Seed|p1a: Magearna\n|-start|p1a: Magearna|move: Leech Seed\n|move|p1a: Magearna|Ice Beam|p2a: Shaymin\n|-supereffective|p2a: Shaymin\n|-damage|p2a: Shaymin|0 fnt\n|faint|p2a: Shaymin\n|-ability|p1a: Magearna|Soul-Heart|boost\n|-boost|p1a: Magearna|spa|1\n|\n|-heal|p1a: Magearna|97\/100|[from] item: Leftovers\n|upkeep\n|\n|t:|1698891768\n|switch|p2a: Magearna|Magearna|100\/100\n|turn|7\n|\n|t:|1698891781\n|move|p1a: Magearna|Spikes|p2a: Magearna\n|-sidestart|p2: blookinator|Spikes\n|move|p2a: Magearna|Calm Mind|p2a: Magearna\n|-boost|p2a: Magearna|spa|1\n|-boost|p2a: Magearna|spd|1\n|\n|-heal|p1a: Magearna|100\/100|[from] item: Leftovers\n|-damage|p1a: Magearna|88\/100|[from] Leech Seed|[of] p2a: Magearna\n|upkeep\n|turn|8\n|\n|t:|1698891785\n|move|p1a: Magearna|Volt Switch|p2a: Magearna\n|-damage|p2a: Magearna|80\/100\n|\n|t:|1698891787\n|switch|p1a: Tax Evasion|Sneasler, F|100\/100|[from] Volt Switch\n|move|p2a: Magearna|Calm Mind|p2a: Magearna\n|-boost|p2a: Magearna|spa|1\n|-boost|p2a: Magearna|spd|1\n|\n|-heal|p2a: Magearna|86\/100|[from] item: Leftovers\n|upkeep\n|turn|9\n|\n|t:|1698891796\n|move|p1a: Tax Evasion|Endure|p1a: Tax Evasion\n|-singleturn|p1a: Tax Evasion|move: Endure\n|move|p2a: Magearna|Fleur Cannon|p1a: Tax Evasion\n|-activate|p1a: Tax Evasion|move: Endure\n|-damage|p1a: Tax Evasion|1\/100\n|-unboost|p2a: Magearna|spa|2\n|-enditem|p1a: Tax Evasion|Liechi Berry|[eat]\n|-boost|p1a: Tax Evasion|atk|1|[from] item: Liechi Berry\n|\n|-heal|p2a: Magearna|92\/100|[from] item: Leftovers\n|upkeep\n|turn|10\n|\n|t:|1698891803\n|-terastallize|p1a: Tax Evasion|Fighting\n|move|p1a: Tax Evasion|Reversal|p2a: Magearna\n|-damage|p2a: Magearna|0 fnt\n|faint|p2a: Magearna\n|\n|upkeep\n|\n|t:|1698891811\n|switch|p2a: Tyranitar|Tyranitar, M|100\/100\n|-damage|p2a: Tyranitar|88\/100|[from] Spikes\n|-weather|Sandstorm|[from] ability: Sand Stream|[of] p2a: Tyranitar\n|turn|11\n|\n|t:|1698891820\n|switch|p1a: Gliscor|Gliscor, M|88\/100 slp\n|switch|p2a: Dragapult|Dragapult, F|100\/100\n|-damage|p2a: Dragapult|88\/100|[from] Spikes\n|\n|-weather|Sandstorm|[upkeep]\n|-damage|p2a: Dragapult|82\/100|[from] Sandstorm\n|upkeep\n|turn|12\n|\n|t:|1698891827\n|switch|p1a: Magearna|Magearna|88\/100\n|move|p2a: Dragapult|Dragon Dance|p2a: Dragapult\n|-boost|p2a: Dragapult|atk|1\n|-boost|p2a: Dragapult|spe|1\n|\n|-weather|Sandstorm|[upkeep]\n|-damage|p2a: Dragapult|76\/100|[from] Sandstorm\n|-heal|p1a: Magearna|94\/100|[from] item: Leftovers\n|upkeep\n|turn|13\n|\n|t:|1698891835\n|move|p2a: Dragapult|U-turn|p1a: Magearna\n|-resisted|p1a: Magearna\n|-damage|p1a: Magearna|85\/100\n|-damage|p2a: Dragapult|66\/100|[from] item: Life Orb\n|\n|t:|1698891837\n|switch|p2a: Houndstone|Houndstone, M|100\/100|[from] U-turn\n|-damage|p2a: Houndstone|88\/100|[from] Spikes\n|move|p1a: Magearna|Fleur Cannon|p2a: Houndstone\n|-damage|p2a: Houndstone|9\/100\n|-unboost|p1a: Magearna|spa|2\n|\n|-weather|Sandstorm|[upkeep]\n|-heal|p1a: Magearna|91\/100|[from] item: Leftovers\n|upkeep\n|turn|14\n|\n|t:|1698891854\n|-terastallize|p2a: Houndstone|Ghost\n|move|p2a: Houndstone|Last Respects|p1a: Magearna\n|-damage|p1a: Magearna|0 fnt\n|faint|p1a: Magearna\n|\n|-weather|Sandstorm|[upkeep]\n|upkeep\n|\n|t:|1698891862\n|switch|p1a: Gliscor|Gliscor, M|88\/100 slp\n|turn|15\n|\n|t:|1698891870\n|cant|p1a: Gliscor|slp\n|move|p2a: Houndstone|Last Respects|p1a: Gliscor\n|-damage|p1a: Gliscor|0 fnt\n|faint|p1a: Gliscor\n|\n|-weather|Sandstorm|[upkeep]\n|upkeep\n|\n|t:|1698891880\n|switch|p1a: Ogerpon|Ogerpon-Wellspring, F|100\/100\n|turn|16\n|\n|t:|1698891883\n|move|p2a: Houndstone|Last Respects|p1a: Ogerpon\n|-damage|p1a: Ogerpon|0 fnt\n|faint|p1a: Ogerpon\n|\n|-weather|Sandstorm|[upkeep]\n|upkeep\n|\n|t:|1698891892\n|switch|p1a: Giratina|Giratina|100\/100\n|-ability|p1a: Giratina|Pressure\n|turn|17\n|\n|t:|1698891897\n|move|p2a: Houndstone|Last Respects|p1a: Giratina\n|-supereffective|p1a: Giratina\n|-damage|p1a: Giratina|0 fnt\n|faint|p1a: Giratina\n|\n|-weather|Sandstorm|[upkeep]\n|upkeep\n|\n|t:|1698891899\n|switch|p1a: Tax Evasion|Sneasler, F, tera:Fighting|1\/100\n|turn|18\n|\n|t:|1698891905\n|move|p1a: Tax Evasion|Endure|p1a: Tax Evasion\n|-singleturn|p1a: Tax Evasion|move: Endure\n|move|p2a: Houndstone|Last Respects|p1a: Tax Evasion\n|-activate|p1a: Tax Evasion|move: Endure\n|-damage|p1a: Tax Evasion|1\/100\n|\n|-weather|none\n|upkeep\n|turn|19\n|\n|t:|1698891920\n|move|p1a: Tax Evasion|Dire Claw|p2a: Houndstone\n|-resisted|p2a: Houndstone\n|-damage|p2a: Houndstone|0 fnt\n|faint|p2a: Houndstone\n|\n|upkeep\n|\n|t:|1698891927\n|switch|p2a: Dragapult|Dragapult, F|66\/100\n|-damage|p2a: Dragapult|54\/100|[from] Spikes\n|turn|20\n|\n|t:|1698891931\n|move|p2a: Dragapult|Dragon Dance|p2a: Dragapult\n|-boost|p2a: Dragapult|atk|1\n|-boost|p2a: Dragapult|spe|1\n|move|p1a: Tax Evasion|Dire Claw|p2a: Dragapult\n|-resisted|p2a: Dragapult\n|-damage|p2a: Dragapult|20\/100\n|\n|upkeep\n|turn|21\n|\n|t:|1698891940\n|move|p2a: Dragapult|Psychic Fangs|p1a: Tax Evasion\n|-supereffective|p1a: Tax Evasion\n|-damage|p1a: Tax Evasion|0 fnt\n|faint|p1a: Tax Evasion\n|-damage|p2a: Dragapult|10\/100|[from] item: Life Orb\n|\n|upkeep\n|\n|t:|1698891942\n|switch|p1a: Zacian|Zacian|45\/100\n|turn|22\n|\n|t:|1698891946\n|move|p2a: Dragapult|Psychic Fangs|p1a: Zacian\n|-damage|p1a: Zacian|0 fnt\n|faint|p1a: Zacian\n|-damage|p2a: Dragapult|0 fnt|[from] item: Life Orb\n|faint|p2a: Dragapult\n|\n|win|blookinator\n|c|\u2606blookinator|gg close match\n|c|\u2606Kabunger|gg\n|c|\u2606blookinator|i just had the dog in me\n|c|\u2606Kabunger|I was predicting hooundstone g1 and g2\n|c|\u2606Kabunger|that's why I brought copycat grafaiai\n|c|\u2606blookinator|mhm its something i like to thing about before using it\n|c|\u2606blookinator|thats why i was like thinking which team last match\n|c|\u2606blookinator|i thought it might be poredictable\n","uploadtime":1698892120,"views":11,"p1id":"kabunger","p2id":"blookinator","formatid":"gen9ubers","rating":0,"private":0,"password":""}