{"id":"gen9ubers-1989175717","p1":"Bestmaindragonite","p2":"1P1o1s1h1e1","format":"[Gen 9] Ubers","log":"|j|\u2606Bestmaindragonite\n|j|\u26061P1o1s1h1e1\n|t:|1699820199\n|gametype|singles\n|player|p1|Bestmaindragonite|lillie|\n|player|p2|1P1o1s1h1e1|2|\n|teamsize|p1|6\n|teamsize|p2|6\n|gen|9\n|tier|[Gen 9] Ubers\n|rule|Sleep Clause Mod: Limit one foe put to sleep\n|rule|Species Clause: Limit one of each Pok\u00e9mon\n|rule|OHKO Clause: OHKO moves are banned\n|rule|Evasion Items Clause: Evasion items are banned\n|rule|Evasion Moves Clause: Evasion moves are banned\n|rule|Endless Battle Clause: Forcing endless battles is banned\n|rule|HP Percentage Mod: HP is shown in percentages\n|clearpoke\n|poke|p1|Donphan, M|\n|poke|p1|Magearna|\n|poke|p1|Urshifu-*, M|\n|poke|p1|Ogerpon-Cornerstone, F|\n|poke|p1|Kommo-o, M|\n|poke|p1|Arceus-Dark|\n|poke|p2|Rillaboom, F|\n|poke|p2|Espathra, M|\n|poke|p2|Sneasler, M|\n|poke|p2|Cyclizar, M|\n|poke|p2|Arceus-Fire|\n|poke|p2|Dialga-Origin|\n|teampreview\n|j| Kinesquared\n|\n|t:|1699820223\n|start\n|switch|p1a: Kommo-o|Kommo-o, M|100\/100\n|switch|p2a: Rillaboom|Rillaboom, F|100\/100\n|-fieldstart|move: Grassy Terrain|[from] ability: Grassy Surge|[of] p2a: Rillaboom\n|turn|1\n|c| Kinesquared|looks like a gray team from yesterday\n|\n|t:|1699820240\n|-terastallize|p2a: Rillaboom|Grass\n|move|p2a: Rillaboom|Wood Hammer|p1a: Kommo-o\n|-resisted|p1a: Kommo-o\n|-damage|p1a: Kommo-o|19\/100\n|-damage|p2a: Rillaboom|78\/100|[from] Recoil\n|move|p1a: Kommo-o|Clangorous Soul||[still]\n|-fail|p1a: Kommo-o\n|\n|-heal|p1a: Kommo-o|26\/100|[from] Grassy Terrain\n|-heal|p2a: Rillaboom|84\/100|[from] Grassy Terrain\n|upkeep\n|turn|2\n|\n|t:|1699820255\n|move|p2a: Rillaboom|Wood Hammer|p1a: Kommo-o\n|-resisted|p1a: Kommo-o\n|-damage|p1a: Kommo-o|0 fnt\n|faint|p1a: Kommo-o\n|-damage|p2a: Rillaboom|77\/100|[from] Recoil\n|\n|-heal|p2a: Rillaboom|83\/100|[from] Grassy Terrain\n|upkeep\n|\n|t:|1699820277\n|switch|p1a: Freddy|Urshifu-Rapid-Strike, M|100\/100\n|turn|3\n|\n|t:|1699820306\n|switch|p2a: Sneasler|Sneasler, M, shiny|100\/100\n|-enditem|p2a: Sneasler|Grassy Seed\n|-boost|p2a: Sneasler|def|1|[from] item: Grassy Seed\n|move|p1a: Freddy|U-turn|p2a: Sneasler\n|-resisted|p2a: Sneasler\n|-damage|p2a: Sneasler|92\/100\n|\n|t:|1699820320\n|switch|p1a: Magearna-at|Magearna|100\/100|[from] U-turn\n|\n|-heal|p2a: Sneasler|98\/100|[from] Grassy Terrain\n|upkeep\n|turn|4\n|\n|t:|1699820332\n|move|p2a: Sneasler|Swords Dance|p2a: Sneasler\n|-boost|p2a: Sneasler|atk|2\n|move|p1a: Magearna-at|Volt Switch|p2a: Sneasler\n|-damage|p2a: Sneasler|61\/100\n|\n|t:|1699820341\n|switch|p1a: Average tusk|Donphan, M|100\/100|[from] Volt Switch\n|\n|-heal|p2a: Sneasler|67\/100|[from] Grassy Terrain\n|upkeep\n|turn|5\n|\n|t:|1699820347\n|move|p2a: Sneasler|Dire Claw|p1a: Average tusk\n|-resisted|p1a: Average tusk\n|-damage|p1a: Average tusk|65\/100\n|-status|p1a: Average tusk|slp\n|cant|p1a: Average tusk|slp\n|\n|-heal|p2a: Sneasler|73\/100|[from] Grassy Terrain\n|-heal|p1a: Average tusk|71\/100 slp|[from] Grassy Terrain\n|-fieldend|move: Grassy Terrain\n|upkeep\n|turn|6\n|\n|t:|1699820356\n|cant|p1a: Average tusk|slp\n|move|p2a: Sneasler|Close Combat|p1a: Average tusk\n|-damage|p1a: Average tusk|0 fnt\n|-unboost|p2a: Sneasler|def|1\n|-unboost|p2a: Sneasler|spd|1\n|faint|p1a: Average tusk\n|\n|upkeep\n|\n|t:|1699820364\n|switch|p1a: Bonk|Ogerpon-Cornerstone, F|100\/100\n|turn|7\n|\n|t:|1699820368\n|move|p2a: Sneasler|Dire Claw|p1a: Bonk\n|-ability|p1a: Bonk|Sturdy\n|-damage|p1a: Bonk|1\/100\n|move|p1a: Bonk|Ivy Cudgel|p2a: Sneasler\n|-resisted|p2a: Sneasler\n|-damage|p2a: Sneasler|22\/100\n|\n|upkeep\n|turn|8\n|\n|t:|1699820378\n|move|p2a: Sneasler|Close Combat|p1a: Bonk\n|-supereffective|p1a: Bonk\n|-damage|p1a: Bonk|0 fnt\n|-unboost|p2a: Sneasler|def|1\n|-unboost|p2a: Sneasler|spd|1\n|faint|p1a: Bonk\n|\n|upkeep\n|-message|Bestmaindragonite forfeited.\n|\n|win|1P1o1s1h1e1\n|c|\u26061P1o1s1h1e1|gg\n|l|\u2606Bestmaindragonite\n","uploadtime":1699820400,"views":11,"p1id":"bestmaindragonite","p2id":"1p1o1s1h1e1","formatid":"gen9ubers","rating":0,"private":0,"password":""}