{"id":"gen9ubers-1971112843","p1":"Buizel%100","p2":"jaymako","format":"[Gen 9] Ubers","log":"|j|\u2606Buizel%100\n|j|\u2606jaymako\n|t:|1697708051\n|gametype|singles\n|player|p1|Buizel%100|266|\n|player|p2|jaymako|swimmer-gen4dp|\n|teamsize|p1|6\n|teamsize|p2|6\n|gen|9\n|tier|[Gen 9] Ubers\n|rule|Sleep Clause Mod: Limit one foe put to sleep\n|rule|Species Clause: Limit one of each Pok\u00e9mon\n|rule|OHKO Clause: OHKO moves are banned\n|rule|Evasion Items Clause: Evasion items are banned\n|rule|Evasion Moves Clause: Evasion moves are banned\n|rule|Endless Battle Clause: Forcing endless battles is banned\n|rule|HP Percentage Mod: HP is shown in percentages\n|clearpoke\n|poke|p1|Mew|\n|poke|p1|Milotic, F|\n|poke|p1|Lycanroc-Dusk, F|\n|poke|p1|Talonflame, M|\n|poke|p1|Inteleon, F|\n|poke|p1|Ribombee, F|\n|poke|p2|Dragonite, F|\n|poke|p2|Grimmsnarl, M|\n|poke|p2|Avalugg, F|\n|poke|p2|Rotom-Wash|\n|poke|p2|Charizard, F|\n|poke|p2|Skuntank, M|\n|teampreview\n|\n|t:|1697708079\n|start\n|switch|p1a: Talonflame|Talonflame, M|100\/100\n|switch|p2a: Goat|Charizard, F|100\/100\n|turn|1\n|j| SamsungS5\n|j| stealthr2\n|j| Immortal bear\n|j| thatguy_313\n|c|\u2606jaymako|gl\n|\n|t:|1697708116\n|switch|p2a: Laundry Powder|Rotom-Wash|100\/100\n|move|p1a: Talonflame|Tailwind|p1a: Talonflame\n|-sidestart|p1: Buizel%100|move: Tailwind\n|\n|upkeep\n|turn|2\n|\n|t:|1697708130\n|switch|p1a: Mew|Mew|100\/100\n|move|p2a: Laundry Powder|Volt Switch|p1a: Mew\n|-damage|p1a: Mew|86\/100\n|\n|t:|1697708138\n|switch|p2a: Sam Sulek|Grimmsnarl, M|100\/100|[from] Volt Switch\n|\n|-heal|p1a: Mew|92\/100|[from] item: Leftovers\n|upkeep\n|turn|3\n|\n|t:|1697708156\n|move|p2a: Sam Sulek|Light Screen|p2a: Sam Sulek\n|-sidestart|p2: jaymako|move: Light Screen\n|move|p1a: Mew|Iron Defense|p1a: Mew\n|-boost|p1a: Mew|def|2\n|\n|-heal|p1a: Mew|99\/100|[from] item: Leftovers\n|upkeep\n|turn|4\n|\n|t:|1697708171\n|switch|p2a: Armarni|Skuntank, M|100\/100\n|move|p1a: Mew|Calm Mind|p1a: Mew\n|-boost|p1a: Mew|spa|1\n|-boost|p1a: Mew|spd|1\n|\n|-heal|p1a: Mew|100\/100|[from] item: Leftovers\n|-sideend|p1: Buizel%100|move: Tailwind\n|upkeep\n|turn|5\n|\n|t:|1697708189\n|move|p2a: Armarni|Toxic|p1a: Mew\n|-status|p1a: Mew|tox\n|-activate|p1a: Mew|ability: Synchronize\n|-immune|p2a: Armarni\n|move|p1a: Mew|Iron Defense|p1a: Mew\n|-boost|p1a: Mew|def|2\n|\n|-damage|p1a: Mew|94\/100 tox|[from] psn\n|upkeep\n|turn|6\n|\n|t:|1697708198\n|move|p2a: Armarni|Taunt|p1a: Mew\n|-start|p1a: Mew|move: Taunt\n|move|p1a: Mew|Leech Life|p2a: Armarni\n|-damage|p2a: Armarni|79\/100\n|-heal|p1a: Mew|100\/100 tox|[from] drain|[of] p2a: Armarni\n|\n|-heal|p2a: Armarni|85\/100|[from] item: Leftovers\n|-damage|p1a: Mew|88\/100 tox|[from] psn\n|upkeep\n|turn|7\n|\n|t:|1697708207\n|switch|p1a: Milotic|Milotic, F|100\/100\n|move|p2a: Armarni|Sucker Punch||[still]\n|-fail|p2a: Armarni\n|\n|-heal|p2a: Armarni|91\/100|[from] item: Leftovers\n|-status|p1a: Milotic|brn|[from] item: Flame Orb\n|upkeep\n|turn|8\n|l| SamsungS5\n|\n|t:|1697708254\n|switch|p1a: Inteleon|Inteleon, F|100\/100\n|move|p2a: Armarni|Taunt|p1a: Inteleon\n|-start|p1a: Inteleon|move: Taunt\n|\n|-heal|p2a: Armarni|97\/100|[from] item: Leftovers\n|upkeep\n|turn|9\n|j| SamsungS5\n|\n|t:|1697708265\n|move|p1a: Inteleon|Snipe Shot|p2a: Armarni\n|-crit|p2a: Armarni\n|-damage|p2a: Armarni|0 fnt\n|faint|p2a: Armarni\n|\n|upkeep\n|\n|t:|1697708283\n|switch|p2a: Laundry Powder|Rotom-Wash|100\/100\n|turn|10\n|\n|t:|1697708298\n|switch|p1a: Lycanroc|Lycanroc-Dusk, F|100\/100\n|move|p2a: Laundry Powder|Volt Switch|p1a: Lycanroc\n|-damage|p1a: Lycanroc|61\/100\n|\n|t:|1697708305\n|switch|p2a: Sam Sulek|Grimmsnarl, M|100\/100|[from] Volt Switch\n|\n|-sideend|p2: jaymako|move: Light Screen\n|upkeep\n|turn|11\n|\n|t:|1697708312\n|move|p2a: Sam Sulek|Reflect|p2a: Sam Sulek\n|-sidestart|p2: jaymako|Reflect\n|move|p1a: Lycanroc|Iron Head|p2a: Sam Sulek\n|-supereffective|p2a: Sam Sulek\n|-crit|p2a: Sam Sulek\n|-damage|p2a: Sam Sulek|0 fnt\n|faint|p2a: Sam Sulek\n|\n|upkeep\n|\n|t:|1697708321\n|switch|p2a: Laundry Powder|Rotom-Wash|100\/100\n|turn|12\n|\n|t:|1697708327\n|move|p2a: Laundry Powder|Hydro Pump|p1a: Lycanroc\n|-supereffective|p1a: Lycanroc\n|-damage|p1a: Lycanroc|0 fnt\n|faint|p1a: Lycanroc\n|\n|upkeep\n|c|\u2606jaymako|loving these crits\n|\n|t:|1697708332\n|switch|p1a: Talonflame|Talonflame, M|100\/100\n|turn|13\n|\n|t:|1697708337\n|move|p1a: Talonflame|Tailwind|p1a: Talonflame\n|-sidestart|p1: Buizel%100|move: Tailwind\n|move|p2a: Laundry Powder|Hydro Pump|p1a: Talonflame\n|-supereffective|p1a: Talonflame\n|-damage|p1a: Talonflame|0 fnt\n|faint|p1a: Talonflame\n|\n|upkeep\n|l| SamsungS5\n|c|\u2606Buizel%100|The inteleon one was expected tbf\n|c|\u2606Buizel%100|+2 critical for that one\n|\n|t:|1697708360\n|switch|p1a: Mew|Mew|88\/100 tox\n|turn|14\n|c|\u2606jaymako|yeh thats not the one that got me stumbled hahaha\n|\n|t:|1697708395\n|move|p1a: Mew|Calm Mind|p1a: Mew\n|-boost|p1a: Mew|spa|1\n|-boost|p1a: Mew|spd|1\n|move|p2a: Laundry Powder|Hydro Pump|p1a: Mew|[miss]\n|-miss|p2a: Laundry Powder|p1a: Mew\n|\n|-heal|p1a: Mew|94\/100 tox|[from] item: Leftovers\n|-damage|p1a: Mew|88\/100 tox|[from] psn\n|upkeep\n|turn|15\n|\n|t:|1697708405\n|switch|p2a: Goo Lagoon|Dragonite, F|100\/100\n|move|p1a: Mew|Calm Mind|p1a: Mew\n|-boost|p1a: Mew|spa|1\n|-boost|p1a: Mew|spd|1\n|\n|-heal|p1a: Mew|94\/100 tox|[from] item: Leftovers\n|-damage|p1a: Mew|82\/100 tox|[from] psn\n|upkeep\n|turn|16\n|\n|t:|1697708423\n|move|p1a: Mew|Stored Power|p2a: Goo Lagoon\n|-damage|p2a: Goo Lagoon|66\/100\n|move|p2a: Goo Lagoon|Dragon Dance|p2a: Goo Lagoon\n|-boost|p2a: Goo Lagoon|atk|1\n|-boost|p2a: Goo Lagoon|spe|1\n|\n|-heal|p1a: Mew|88\/100 tox|[from] item: Leftovers\n|-damage|p1a: Mew|70\/100 tox|[from] psn\n|-sideend|p1: Buizel%100|move: Tailwind\n|upkeep\n|turn|17\n|\n|t:|1697708430\n|move|p2a: Goo Lagoon|Dragon Dance|p2a: Goo Lagoon\n|-boost|p2a: Goo Lagoon|atk|1\n|-boost|p2a: Goo Lagoon|spe|1\n|move|p1a: Mew|Stored Power|p2a: Goo Lagoon\n|-damage|p2a: Goo Lagoon|0 fnt\n|faint|p2a: Goo Lagoon\n|\n|-heal|p1a: Mew|76\/100 tox|[from] item: Leftovers\n|-damage|p1a: Mew|51\/100 tox|[from] psn\n|upkeep\n|c|\u2606Buizel%100|Multiscale :p\n|c|\u2606jaymako|i forgot my own multiscole lmao\n|\n|t:|1697708470\n|switch|p2a: Doug|Avalugg, F|100\/100\n|turn|18\n|\n|t:|1697708481\n|move|p1a: Mew|Stored Power|p2a: Doug\n|-ability|p2a: Doug|Sturdy\n|-damage|p2a: Doug|1\/100\n|move|p2a: Doug|Rapid Spin|p1a: Mew\n|-damage|p1a: Mew|39\/100 tox\n|-boost|p2a: Doug|spe|1\n|\n|-heal|p1a: Mew|45\/100 tox|[from] item: Leftovers\n|-heal|p2a: Doug|7\/100|[from] item: Leftovers\n|-damage|p1a: Mew|14\/100 tox|[from] psn\n|-sideend|p2: jaymako|Reflect\n|upkeep\n|turn|19\n|\n|t:|1697708492\n|move|p1a: Mew|Leech Life|p2a: Doug\n|-damage|p2a: Doug|0 fnt\n|-heal|p1a: Mew|17\/100 tox|[from] drain|[of] p2a: Doug\n|faint|p2a: Doug\n|\n|-heal|p1a: Mew|23\/100 tox|[from] item: Leftovers\n|-damage|p1a: Mew|0 fnt|[from] psn\n|faint|p1a: Mew\n|upkeep\n|\n|t:|1697708504\n|switch|p1a: Ribombee|Ribombee, F|100\/100\n|switch|p2a: Laundry Powder|Rotom-Wash|100\/100\n|turn|20\n|\n|t:|1697708521\n|move|p2a: Laundry Powder|Volt Switch|p1a: Ribombee\n|-damage|p1a: Ribombee|56\/100\n|\n|t:|1697708524\n|switch|p2a: Goat|Charizard, F|100\/100|[from] Volt Switch\n|move|p1a: Ribombee|Quiver Dance|p1a: Ribombee\n|-boost|p1a: Ribombee|spa|1\n|-boost|p1a: Ribombee|spd|1\n|-boost|p1a: Ribombee|spe|1\n|\n|upkeep\n|turn|21\n|\n|t:|1697708540\n|switch|p1a: Milotic|Milotic, F|100\/100 brn\n|move|p2a: Goat|Air Slash|p1a: Milotic\n|-damage|p1a: Milotic|82\/100 brn\n|\n|-damage|p1a: Milotic|76\/100 brn|[from] brn\n|upkeep\n|turn|22\n|\n|t:|1697708548\n|switch|p2a: Laundry Powder|Rotom-Wash|100\/100\n|move|p1a: Milotic|Coil|p1a: Milotic\n|-boost|p1a: Milotic|atk|1\n|-boost|p1a: Milotic|def|1\n|-boost|p1a: Milotic|accuracy|1\n|\n|-damage|p1a: Milotic|70\/100 brn|[from] brn\n|upkeep\n|turn|23\n|\n|t:|1697708556\n|move|p2a: Laundry Powder|Volt Switch|p1a: Milotic\n|-supereffective|p1a: Milotic\n|-damage|p1a: Milotic|43\/100 brn\n|\n|t:|1697708561\n|switch|p2a: Goat|Charizard, F|100\/100|[from] Volt Switch\n|move|p1a: Milotic|Hydro Pump|p2a: Goat\n|-supereffective|p2a: Goat\n|-damage|p2a: Goat|10\/100\n|\n|-damage|p1a: Milotic|37\/100 brn|[from] brn\n|upkeep\n|turn|24\n|c|\u2606Buizel%100|That was an uh interesting move\n|\n|t:|1697708579\n|move|p2a: Goat|Air Slash|p1a: Milotic\n|-damage|p1a: Milotic|19\/100 brn\n|move|p1a: Milotic|Recover|p1a: Milotic\n|-heal|p1a: Milotic|69\/100 brn\n|\n|-damage|p1a: Milotic|63\/100 brn|[from] brn\n|upkeep\n|turn|25\n|\n|t:|1697708588\n|move|p2a: Goat|Air Slash|p1a: Milotic\n|-damage|p1a: Milotic|43\/100 brn\n|cant|p1a: Milotic|flinch\n|\n|-damage|p1a: Milotic|37\/100 brn|[from] brn\n|upkeep\n|turn|26\n|c|\u2606jaymako|trapped by my own item setup, can't do much\n|\n|t:|1697708598\n|move|p2a: Goat|Air Slash|p1a: Milotic\n|-damage|p1a: Milotic|19\/100 brn\n|move|p1a: Milotic|Recover|p1a: Milotic\n|-heal|p1a: Milotic|69\/100 brn\n|\n|-damage|p1a: Milotic|63\/100 brn|[from] brn\n|upkeep\n|turn|27\n|c|\u2606Buizel%100|Oh that\u2019s your only electric move fair\n|\n|t:|1697708610\n|move|p2a: Goat|Air Slash|p1a: Milotic\n|-damage|p1a: Milotic|45\/100 brn\n|move|p1a: Milotic|Hydro Pump|p2a: Goat\n|-supereffective|p2a: Goat\n|-damage|p2a: Goat|0 fnt\n|faint|p2a: Goat\n|\n|-damage|p1a: Milotic|39\/100 brn|[from] brn\n|upkeep\n|\n|t:|1697708615\n|switch|p2a: Laundry Powder|Rotom-Wash|100\/100\n|turn|28\n|\n|t:|1697708621\n|move|p2a: Laundry Powder|Volt Switch|p1a: Milotic\n|-supereffective|p1a: Milotic\n|-damage|p1a: Milotic|11\/100 brn\n|move|p1a: Milotic|Recover|p1a: Milotic\n|-heal|p1a: Milotic|61\/100 brn\n|\n|-damage|p1a: Milotic|55\/100 brn|[from] brn\n|upkeep\n|turn|29\n|c|\u2606jaymako|gg\n|\n|t:|1697708632\n|move|p2a: Laundry Powder|Volt Switch|p1a: Milotic\n|-supereffective|p1a: Milotic\n|-damage|p1a: Milotic|27\/100 brn\n|move|p1a: Milotic|Recover|p1a: Milotic\n|-heal|p1a: Milotic|77\/100 brn\n|\n|-damage|p1a: Milotic|71\/100 brn|[from] brn\n|upkeep\n|turn|30\n|\n|t:|1697708640\n|move|p2a: Laundry Powder|Volt Switch|p1a: Milotic\n|-supereffective|p1a: Milotic\n|-damage|p1a: Milotic|45\/100 brn\n|move|p1a: Milotic|Hydro Pump|p2a: Laundry Powder\n|-resisted|p2a: Laundry Powder\n|-damage|p2a: Laundry Powder|81\/100\n|\n|-damage|p1a: Milotic|39\/100 brn|[from] brn\n|upkeep\n|turn|31\n|\n|t:|1697708652\n|move|p2a: Laundry Powder|Volt Switch|p1a: Milotic\n|-supereffective|p1a: Milotic\n|-damage|p1a: Milotic|11\/100 brn\n|move|p1a: Milotic|Recover|p1a: Milotic\n|-heal|p1a: Milotic|61\/100 brn\n|\n|-damage|p1a: Milotic|55\/100 brn|[from] brn\n|upkeep\n|turn|32\n|\n|t:|1697708669\n|move|p2a: Laundry Powder|Volt Switch|p1a: Milotic\n|-supereffective|p1a: Milotic\n|-damage|p1a: Milotic|28\/100 brn\n|move|p1a: Milotic|Hydro Pump|p2a: Laundry Powder\n|-resisted|p2a: Laundry Powder\n|-damage|p2a: Laundry Powder|61\/100\n|\n|-damage|p1a: Milotic|22\/100 brn|[from] brn\n|upkeep\n|turn|33\n|\n|t:|1697708679\n|move|p2a: Laundry Powder|Volt Switch|p1a: Milotic\n|-supereffective|p1a: Milotic\n|-damage|p1a: Milotic|0 fnt\n|faint|p1a: Milotic\n|\n|upkeep\n|c|\u2606Buizel%100|Fuck misplayed ahaha\n|\n|t:|1697708691\n|switch|p1a: Ribombee|Ribombee, F|56\/100\n|turn|34\n|\n|t:|1697708696\n|move|p2a: Laundry Powder|Volt Switch|p1a: Ribombee\n|-damage|p1a: Ribombee|11\/100\n|move|p1a: Ribombee|Moonblast|p2a: Laundry Powder\n|-damage|p2a: Laundry Powder|11\/100\n|\n|upkeep\n|turn|35\n|\n|t:|1697708703\n|move|p2a: Laundry Powder|Volt Switch|p1a: Ribombee\n|-damage|p1a: Ribombee|0 fnt\n|faint|p1a: Ribombee\n|\n|upkeep\n|\n|t:|1697708705\n|switch|p1a: Inteleon|Inteleon, F|100\/100\n|turn|36\n|\n|t:|1697708710\n|-terastallize|p1a: Inteleon|Water\n|move|p2a: Laundry Powder|Volt Switch|p1a: Inteleon\n|-supereffective|p1a: Inteleon\n|-damage|p1a: Inteleon|13\/100\n|move|p1a: Inteleon|Shadow Ball|p2a: Laundry Powder\n|-damage|p2a: Laundry Powder|0 fnt\n|faint|p2a: Laundry Powder\n|\n|win|Buizel%100\n|c|\u2606Buizel%100|Gg\n","uploadtime":1697708733,"views":31,"p1id":"buizel100","p2id":"jaymako","formatid":"gen9ubers","rating":0,"private":0,"password":""}