{"id":"gen9ubers-1996625409","p1":"Mouseattack","p2":"oznova","format":"[Gen 9] Ubers","log":"|j|\u2606Mouseattack\n|j|\u2606oznova\n|t:|1700702120\n|gametype|singles\n|player|p1|Mouseattack|koga|1166\n|player|p2|oznova|170|1094\n|teamsize|p1|6\n|teamsize|p2|6\n|gen|9\n|tier|[Gen 9] Ubers\n|rated|\n|rule|Sleep Clause Mod: Limit one foe put to sleep\n|rule|Species Clause: Limit one of each Pok\u00e9mon\n|rule|OHKO Clause: OHKO moves are banned\n|rule|Evasion Items Clause: Evasion items are banned\n|rule|Evasion Moves Clause: Evasion moves are banned\n|rule|Endless Battle Clause: Forcing endless battles is banned\n|rule|HP Percentage Mod: HP is shown in percentages\n|clearpoke\n|poke|p1|Koraidon|\n|poke|p1|Great Tusk|\n|poke|p1|Baxcalibur, F|\n|poke|p1|Arceus-Ghost|\n|poke|p1|Zacian-*|\n|poke|p1|Ribombee, F|\n|poke|p2|Zacian-*|\n|poke|p2|Skeledirge, F|\n|poke|p2|Miraidon|\n|poke|p2|Landorus-Therian, M|\n|poke|p2|Chansey, F|\n|poke|p2|Kyogre|\n|teampreview\n|inactive|Battle timer is ON: inactive players will automatically lose when time's up. (requested by oznova)\n|\n|t:|1700702128\n|start\n|switch|p1a: Ribombee|Ribombee, F|100\/100\n|switch|p2a: Chansey|Chansey, F|100\/100\n|turn|1\n|\n|t:|1700702135\n|move|p1a: Ribombee|Tailwind|p1a: Ribombee\n|-sidestart|p1: Mouseattack|move: Tailwind\n|move|p2a: Chansey|Stealth Rock|p1a: Ribombee\n|-sidestart|p1: Mouseattack|move: Stealth Rock\n|\n|upkeep\n|turn|2\n|\n|t:|1700702139\n|move|p1a: Ribombee|Sticky Web|p2a: Chansey\n|-sidestart|p2: oznova|move: Sticky Web\n|move|p2a: Chansey|Thunder Wave|p1a: Ribombee\n|-status|p1a: Ribombee|par\n|\n|upkeep\n|turn|3\n|\n|t:|1700702149\n|move|p1a: Ribombee|Stun Spore|p2a: Chansey\n|-status|p2a: Chansey|par\n|cant|p2a: Chansey|par\n|\n|upkeep\n|turn|4\n|\n|t:|1700702155\n|switch|p1a: Great Tusk|Great Tusk|100\/100\n|-damage|p1a: Great Tusk|98\/100|[from] Stealth Rock\n|move|p2a: Chansey|Light Screen|p2a: Chansey\n|-sidestart|p2: oznova|move: Light Screen\n|\n|-sideend|p1: Mouseattack|move: Tailwind\n|upkeep\n|turn|5\n|\n|t:|1700702161\n|switch|p2a: Skeledirge|Skeledirge, F|100\/100\n|-activate|p2a: Skeledirge|move: Sticky Web\n|-unboost|p2a: Skeledirge|spe|1\n|move|p1a: Great Tusk|Rapid Spin|p2a: Skeledirge\n|-immune|p2a: Skeledirge\n|\n|upkeep\n|turn|6\n|\n|t:|1700702170\n|-end|p1a: Great Tusk|Protosynthesis|[silent]\n|switch|p1a: Ribombee|Ribombee, F|100\/100 par\n|-damage|p1a: Ribombee|76\/100 par|[from] Stealth Rock\n|move|p2a: Skeledirge|Will-O-Wisp||[still]\n|-fail|p2a: Skeledirge\n|\n|upkeep\n|turn|7\n|\n|t:|1700702181\n|move|p1a: Ribombee|Stun Spore|p2a: Skeledirge\n|-status|p2a: Skeledirge|par\n|move|p2a: Skeledirge|Torch Song|p1a: Ribombee\n|-supereffective|p1a: Ribombee\n|-damage|p1a: Ribombee|0 fnt\n|-boost|p2a: Skeledirge|spa|1\n|faint|p1a: Ribombee\n|\n|upkeep\n|\n|t:|1700702190\n|switch|p1a: Arceus|Arceus-Ghost|100\/100\n|-damage|p1a: Arceus|88\/100|[from] Stealth Rock\n|turn|8\n|\n|t:|1700702195\n|move|p1a: Arceus|Judgment|p2a: Skeledirge\n|-supereffective|p2a: Skeledirge\n|-damage|p2a: Skeledirge|63\/100 par\n|cant|p2a: Skeledirge|par\n|\n|-sideend|p2: oznova|move: Light Screen\n|upkeep\n|turn|9\n|\n|t:|1700702201\n|move|p1a: Arceus|Taunt|p2a: Skeledirge\n|-start|p2a: Skeledirge|move: Taunt\n|cant|p2a: Skeledirge|move: Taunt|Will-O-Wisp\n|\n|upkeep\n|turn|10\n|\n|t:|1700702205\n|move|p1a: Arceus|Judgment|p2a: Skeledirge\n|-supereffective|p2a: Skeledirge\n|-damage|p2a: Skeledirge|0 fnt\n|faint|p2a: Skeledirge\n|\n|upkeep\n|\n|t:|1700702214\n|switch|p2a: Kyogre|Kyogre|100\/100\n|-activate|p2a: Kyogre|move: Sticky Web\n|-unboost|p2a: Kyogre|spe|1\n|-weather|RainDance|[from] ability: Drizzle|[of] p2a: Kyogre\n|turn|11\n|\n|t:|1700702223\n|move|p1a: Arceus|Judgment|p2a: Kyogre\n|-damage|p2a: Kyogre|64\/100\n|move|p2a: Kyogre|Water Spout|p1a: Arceus\n|-damage|p1a: Arceus|9\/100\n|\n|-weather|RainDance|[upkeep]\n|upkeep\n|turn|12\n|\n|t:|1700702235\n|move|p1a: Arceus|Judgment|p2a: Kyogre\n|-damage|p2a: Kyogre|29\/100\n|move|p2a: Kyogre|Water Spout|p1a: Arceus\n|-damage|p1a: Arceus|0 fnt\n|faint|p1a: Arceus\n|\n|-weather|RainDance|[upkeep]\n|upkeep\n|\n|t:|1700702244\n|switch|p1a: Baxcalibur|Baxcalibur, F|100\/100\n|-damage|p1a: Baxcalibur|76\/100|[from] Stealth Rock\n|turn|13\n|\n|t:|1700702248\n|switch|p2a: Zacian|Zacian-Crowned|100\/100\n|-activate|p2a: Zacian|move: Sticky Web\n|-unboost|p2a: Zacian|spe|1\n|-ability|p2a: Zacian|Intrepid Sword|boost\n|-boost|p2a: Zacian|atk|1\n|move|p1a: Baxcalibur|Swords Dance|p1a: Baxcalibur\n|-boost|p1a: Baxcalibur|atk|2\n|\n|-weather|RainDance|[upkeep]\n|upkeep\n|turn|14\n|\n|t:|1700702263\n|move|p1a: Baxcalibur|Earthquake|p2a: Zacian\n|-supereffective|p2a: Zacian\n|-damage|p2a: Zacian|0 fnt\n|faint|p2a: Zacian\n|\n|-weather|RainDance|[upkeep]\n|upkeep\n|\n|t:|1700702270\n|switch|p2a: Miraidon|Miraidon|100\/100\n|-activate|p2a: Miraidon|move: Sticky Web\n|-unboost|p2a: Miraidon|spe|1\n|-fieldstart|move: Electric Terrain|[from] ability: Hadron Engine|[of] p2a: Miraidon\n|turn|15\n|\n|t:|1700702273\n|-terastallize|p2a: Miraidon|Fairy\n|move|p1a: Baxcalibur|Scale Shot|p2a: Miraidon\n|-immune|p2a: Miraidon\n|move|p2a: Miraidon|Dazzling Gleam|p1a: Baxcalibur\n|-supereffective|p1a: Baxcalibur\n|-damage|p1a: Baxcalibur|0 fnt\n|faint|p1a: Baxcalibur\n|\n|-weather|none\n|upkeep\n|\n|t:|1700702278\n|switch|p1a: Zacian|Zacian-Crowned|100\/100\n|-damage|p1a: Zacian|94\/100|[from] Stealth Rock\n|-ability|p1a: Zacian|Intrepid Sword|boost\n|-boost|p1a: Zacian|atk|1\n|turn|16\n|\n|t:|1700702283\n|-terastallize|p1a: Zacian|Electric\n|move|p1a: Zacian|Swords Dance|p1a: Zacian\n|-boost|p1a: Zacian|atk|2\n|move|p2a: Miraidon|Electro Drift|p1a: Zacian\n|-resisted|p1a: Zacian\n|-damage|p1a: Zacian|49\/100\n|\n|upkeep\n|turn|17\n|\n|t:|1700702290\n|move|p1a: Zacian|Behemoth Blade|p2a: Miraidon\n|-supereffective|p2a: Miraidon\n|-damage|p2a: Miraidon|0 fnt\n|faint|p2a: Miraidon\n|\n|upkeep\n|\n|t:|1700702294\n|switch|p2a: Landorus|Landorus-Therian, M|100\/100\n|-ability|p2a: Landorus|Intimidate|boost\n|-unboost|p1a: Zacian|atk|1\n|turn|18\n|\n|t:|1700702296\n|move|p1a: Zacian|Behemoth Blade|p2a: Landorus\n|-damage|p2a: Landorus|0 fnt\n|faint|p2a: Landorus\n|\n|upkeep\n|\n|t:|1700702301\n|switch|p2a: Chansey|Chansey, F|100\/100 par\n|-activate|p2a: Chansey|move: Sticky Web\n|-unboost|p2a: Chansey|spe|1\n|turn|19\n|\n|t:|1700702304\n|move|p1a: Zacian|Behemoth Blade|p2a: Chansey\n|-damage|p2a: Chansey|25\/100 par\n|move|p2a: Chansey|Seismic Toss|p1a: Zacian\n|-damage|p1a: Zacian|18\/100\n|\n|-fieldend|move: Electric Terrain\n|upkeep\n|turn|20\n|\n|t:|1700702310\n|move|p1a: Zacian|Behemoth Blade|p2a: Chansey\n|-damage|p2a: Chansey|0 fnt\n|faint|p2a: Chansey\n|\n|upkeep\n|\n|t:|1700702311\n|switch|p2a: Kyogre|Kyogre|29\/100\n|-activate|p2a: Kyogre|move: Sticky Web\n|-unboost|p2a: Kyogre|spe|1\n|-weather|RainDance|[from] ability: Drizzle|[of] p2a: Kyogre\n|turn|21\n|-message|oznova forfeited.\n|\n|win|Mouseattack\n|raw|Mouseattack's rating: 1166 &rarr; <strong>1186<\/strong><br \/>(+20 for winning)\n|raw|oznova's rating: 1094 &rarr; <strong>1075<\/strong><br \/>(-19 for losing)\n|l|\u2606oznova\n","uploadtime":1700702322,"views":2,"p1id":"mouseattack","p2id":"oznova","formatid":"gen9ubers","rating":1075,"private":0,"password":""}