{"id":"gen9ubers-1993894033","p1":"raveplays","p2":"OreoMan789","format":"[Gen 9] Ubers","log":"|j|\u2606raveplays\n|j|\u2606OreoMan789\n|t:|1700371322\n|gametype|singles\n|player|p1|raveplays|169|\n|player|p2|OreoMan789|gentleman-gen4|\n|teamsize|p1|6\n|teamsize|p2|6\n|gen|9\n|tier|[Gen 9] Ubers\n|rule|Sleep Clause Mod: Limit one foe put to sleep\n|rule|Species Clause: Limit one of each Pok\u00e9mon\n|rule|OHKO Clause: OHKO moves are banned\n|rule|Evasion Items Clause: Evasion items are banned\n|rule|Evasion Moves Clause: Evasion moves are banned\n|rule|Endless Battle Clause: Forcing endless battles is banned\n|rule|HP Percentage Mod: HP is shown in percentages\n|clearpoke\n|poke|p1|Ninetales-Alola, M|\n|poke|p1|Arceus-Ice|\n|poke|p1|Heatran, F|\n|poke|p1|Alomomola, F|\n|poke|p1|Mamoswine, F|\n|poke|p1|Clefable, M|\n|poke|p2|Dragapult, F|\n|poke|p2|Ogerpon-Wellspring, F|\n|poke|p2|Baxcalibur, F|\n|poke|p2|Espathra, F|\n|poke|p2|Dialga-Origin|\n|poke|p2|Ursaluna, F|\n|teampreview\n|\n|t:|1700371340\n|start\n|switch|p1a: Alomomola|Alomomola, F|100\/100\n|switch|p2a: Ogerpon|Ogerpon-Wellspring, F|100\/100\n|turn|1\n|\n|t:|1700371352\n|move|p1a: Alomomola|Protect|p1a: Alomomola\n|-singleturn|p1a: Alomomola|Protect\n|move|p2a: Ogerpon|Trailblaze|p1a: Alomomola\n|-activate|p1a: Alomomola|move: Protect\n|\n|upkeep\n|turn|2\n|\n|t:|1700371372\n|switch|p1a: Ninetales|Ninetales-Alola, M|100\/100\n|-weather|Snow|[from] ability: Snow Warning|[of] p1a: Ninetales\n|move|p2a: Ogerpon|Trailblaze|p1a: Ninetales\n|-damage|p1a: Ninetales|78\/100\n|-boost|p2a: Ogerpon|spe|1\n|\n|-weather|Snow|[upkeep]\n|upkeep\n|turn|3\n|\n|t:|1700371382\n|move|p2a: Ogerpon|Swords Dance|p2a: Ogerpon\n|-boost|p2a: Ogerpon|atk|2\n|move|p1a: Ninetales|Hypnosis|p2a: Ogerpon\n|-status|p2a: Ogerpon|slp|[from] move: Hypnosis\n|\n|-weather|Snow|[upkeep]\n|upkeep\n|turn|4\n|\n|t:|1700371390\n|-terastallize|p2a: Ogerpon|Water\n|detailschange|p2a: Ogerpon|Ogerpon-Wellspring-Tera, F, tera:Water\n|-ability|p2a: Ogerpon|Embody Aspect (Wellspring)|boost\n|-boost|p2a: Ogerpon|spd|1\n|cant|p2a: Ogerpon|slp\n|move|p1a: Ninetales|Freeze-Dry|p2a: Ogerpon\n|-supereffective|p2a: Ogerpon\n|-damage|p2a: Ogerpon|72\/100 slp\n|\n|-weather|Snow|[upkeep]\n|upkeep\n|turn|5\n|\n|t:|1700371399\n|-curestatus|p2a: Ogerpon|slp|[msg]\n|move|p2a: Ogerpon|Ivy Cudgel|p1a: Ninetales|[anim] Ivy Cudgel Water\n|-damage|p1a: Ninetales|0 fnt\n|faint|p1a: Ninetales\n|\n|-weather|Snow|[upkeep]\n|upkeep\n|\n|t:|1700371404\n|switch|p1a: Heatran|Heatran, F|100\/100\n|turn|6\n|\n|t:|1700371409\n|switch|p1a: Clefable|Clefable, M|100\/100\n|move|p2a: Ogerpon|Ivy Cudgel|p1a: Clefable|[anim] Ivy Cudgel Water\n|-damage|p1a: Clefable|38\/100\n|\n|-weather|none\n|-heal|p1a: Clefable|44\/100|[from] item: Leftovers\n|upkeep\n|turn|7\n|\n|t:|1700371420\n|move|p2a: Ogerpon|Ivy Cudgel|p1a: Clefable|[anim] Ivy Cudgel Water\n|-damage|p1a: Clefable|0 fnt\n|faint|p1a: Clefable\n|\n|upkeep\n|\n|t:|1700371432\n|switch|p1a: Arceus|Arceus-Ice|100\/100\n|turn|8\n|\n|t:|1700371435\n|-terastallize|p1a: Arceus|Ice\n|move|p2a: Ogerpon|Ivy Cudgel|p1a: Arceus|[anim] Ivy Cudgel Water\n|-damage|p1a: Arceus|3\/100\n|move|p1a: Arceus|Judgment|p2a: Ogerpon\n|-resisted|p2a: Ogerpon\n|-damage|p2a: Ogerpon|39\/100\n|\n|upkeep\n|turn|9\n|\n|t:|1700371446\n|move|p2a: Ogerpon|Horn Leech|p1a: Arceus\n|-damage|p1a: Arceus|0 fnt\n|-heal|p2a: Ogerpon|41\/100|[from] drain|[of] p1a: Arceus\n|faint|p1a: Arceus\n|\n|upkeep\n|\n|t:|1700371453\n|switch|p1a: Mamoswine|Mamoswine, F|100\/100\n|turn|10\n|\n|t:|1700371458\n|move|p2a: Ogerpon|Ivy Cudgel|p1a: Mamoswine|[anim] Ivy Cudgel Water\n|-supereffective|p1a: Mamoswine\n|-crit|p1a: Mamoswine\n|-damage|p1a: Mamoswine|0 fnt\n|faint|p1a: Mamoswine\n|\n|upkeep\n|\n|t:|1700371463\n|switch|p1a: Heatran|Heatran, F|100\/100\n|turn|11\n|\n|t:|1700371468\n|move|p2a: Ogerpon|Ivy Cudgel|p1a: Heatran|[anim] Ivy Cudgel Water\n|-supereffective|p1a: Heatran\n|-damage|p1a: Heatran|0 fnt\n|faint|p1a: Heatran\n|\n|upkeep\n|\n|t:|1700371472\n|switch|p1a: Alomomola|Alomomola, F|100\/100\n|turn|12\n|\n|t:|1700371480\n|move|p1a: Alomomola|Protect|p1a: Alomomola\n|-singleturn|p1a: Alomomola|Protect\n|move|p2a: Ogerpon|Horn Leech|p1a: Alomomola\n|-activate|p1a: Alomomola|move: Protect\n|\n|upkeep\n|turn|13\n|\n|t:|1700371484\n|move|p2a: Ogerpon|Horn Leech|p1a: Alomomola\n|-supereffective|p1a: Alomomola\n|-damage|p1a: Alomomola|9\/100\n|-heal|p2a: Ogerpon|100\/100|[from] drain|[of] p1a: Alomomola\n|move|p1a: Alomomola|Flip Turn|p2a: Ogerpon\n|-resisted|p2a: Ogerpon\n|-crit|p2a: Ogerpon\n|-damage|p2a: Ogerpon|86\/100\n|\n|upkeep\n|turn|14\n|\n|t:|1700371491\n|move|p2a: Ogerpon|Horn Leech|p1a: Alomomola\n|-supereffective|p1a: Alomomola\n|-damage|p1a: Alomomola|0 fnt\n|-heal|p2a: Ogerpon|94\/100|[from] drain|[of] p1a: Alomomola\n|faint|p1a: Alomomola\n|\n|win|OreoMan789\n|c|\u2606raveplays|gf\n","uploadtime":1700371496,"views":28,"p1id":"raveplays","p2id":"oreoman789","formatid":"gen9ubers","rating":0,"private":0,"password":""}