{"id":"gen9ubers-1997951612","p1":"Aeziolu","p2":"PizzaTowerEpic","format":"[Gen 9] Ubers","log":"|j|\u2606Aeziolu\n|j|\u2606PizzaTowerEpic\n|t:|1700871347\n|gametype|singles\n|player|p1|Aeziolu|wally|\n|player|p2|PizzaTowerEpic|baker|\n|teamsize|p1|6\n|teamsize|p2|6\n|gen|9\n|tier|[Gen 9] Ubers\n|rule|Sleep Clause Mod: Limit one foe put to sleep\n|rule|Species Clause: Limit one of each Pok\u00e9mon\n|rule|OHKO Clause: OHKO moves are banned\n|rule|Evasion Items Clause: Evasion items are banned\n|rule|Evasion Moves Clause: Evasion moves are banned\n|rule|Endless Battle Clause: Forcing endless battles is banned\n|rule|HP Percentage Mod: HP is shown in percentages\n|clearpoke\n|poke|p1|Enamorus, F|\n|poke|p1|Landorus-Therian, M|\n|poke|p1|Tyranitar, M|\n|poke|p1|Sneasel-Hisui, F|\n|poke|p1|Bellibolt, M|\n|poke|p1|Torkoal, F|\n|poke|p2|Mew|\n|poke|p2|Perrserker, M|\n|poke|p2|Slither Wing|\n|poke|p2|Baxcalibur, F|\n|poke|p2|Iron Moth|\n|poke|p2|Meowscarada, M|\n|teampreview\n|\n|t:|1700871358\n|start\n|switch|p1a: Bellibolt|Bellibolt, M|100\/100\n|switch|p2a: pooter fly|Mew|100\/100\n|turn|1\n|\n|t:|1700871365\n|move|p1a: Bellibolt|Light Screen|p1a: Bellibolt\n|-sidestart|p1: Aeziolu|move: Light Screen\n|move|p2a: pooter fly|Trick Room|p2a: pooter fly\n|-fieldstart|move: Trick Room|[of] p2a: pooter fly\n|\n|upkeep\n|turn|2\n|\n|t:|1700871371\n|move|p1a: Bellibolt|Reflect|p1a: Bellibolt\n|-sidestart|p1: Aeziolu|Reflect\n|move|p2a: pooter fly|U-turn|p1a: Bellibolt\n|-damage|p1a: Bellibolt|96\/100\n|-start|p1a: Bellibolt|Charge|U-turn|[from] ability: Electromorphosis\n|\n|t:|1700871381\n|switch|p2a: dscrd.gg\/nmJg2BYb|Perrserker, M|100\/100|[from] U-turn\n|\n|upkeep\n|turn|3\n|\n|t:|1700871386\n|-terastallize|p2a: dscrd.gg\/nmJg2BYb|Steel\n|move|p1a: Bellibolt|Volt Switch|p2a: dscrd.gg\/nmJg2BYb\n|-damage|p2a: dscrd.gg\/nmJg2BYb|31\/100\n|-end|p1a: Bellibolt|Charge|[silent]\n|\n|t:|1700871392\n|switch|p1a: Torkoal|Torkoal, F|100\/100|[from] Volt Switch\n|move|p2a: dscrd.gg\/nmJg2BYb|Iron Head|p1a: Torkoal\n|-resisted|p1a: Torkoal\n|-damage|p1a: Torkoal|82\/100\n|\n|-heal|p1a: Torkoal|88\/100|[from] item: Leftovers\n|upkeep\n|turn|4\n|\n|t:|1700871417\n|switch|p2a: IfYouDontSucceed..|Baxcalibur, F|100\/100\n|move|p1a: Torkoal|Iron Defense|p1a: Torkoal\n|-boost|p1a: Torkoal|def|2\n|\n|-heal|p1a: Torkoal|94\/100|[from] item: Leftovers\n|upkeep\n|turn|5\n|\n|t:|1700871433\n|move|p1a: Torkoal|Body Press|p2a: IfYouDontSucceed..\n|-supereffective|p2a: IfYouDontSucceed..\n|-damage|p2a: IfYouDontSucceed..|0 fnt\n|faint|p2a: IfYouDontSucceed..\n|\n|-heal|p1a: Torkoal|100\/100|[from] item: Leftovers\n|-fieldend|move: Trick Room\n|upkeep\n|\n|t:|1700871463\n|switch|p2a: Volc 2|Iron Moth|100\/100\n|-enditem|p2a: Volc 2|Booster Energy\n|-activate|p2a: Volc 2|ability: Quark Drive|[fromitem]\n|-start|p2a: Volc 2|quarkdrivespe\n|turn|6\n|\n|t:|1700871479\n|move|p2a: Volc 2|Discharge|p1a: Torkoal\n|-damage|p1a: Torkoal|82\/100\n|move|p1a: Torkoal|Earthquake|p2a: Volc 2\n|-supereffective|p2a: Volc 2\n|-damage|p2a: Volc 2|0 fnt\n|faint|p2a: Volc 2\n|-end|p2a: Volc 2|Quark Drive|[silent]\n|\n|-heal|p1a: Torkoal|88\/100|[from] item: Leftovers\n|upkeep\n|\n|t:|1700871503\n|switch|p2a: dscrd.gg\/nmJg2BYb|Perrserker, M, tera:Steel|31\/100\n|turn|7\n|\n|t:|1700871507\n|move|p2a: dscrd.gg\/nmJg2BYb|Knock Off|p1a: Torkoal\n|-damage|p1a: Torkoal|81\/100\n|-enditem|p1a: Torkoal|Leftovers|[from] move: Knock Off|[of] p2a: dscrd.gg\/nmJg2BYb\n|move|p1a: Torkoal|Body Press|p2a: dscrd.gg\/nmJg2BYb\n|-supereffective|p2a: dscrd.gg\/nmJg2BYb\n|-crit|p2a: dscrd.gg\/nmJg2BYb\n|-damage|p2a: dscrd.gg\/nmJg2BYb|0 fnt\n|faint|p2a: dscrd.gg\/nmJg2BYb\n|\n|upkeep\n|\n|t:|1700871528\n|switch|p2a: Volc 1|Slither Wing|100\/100\n|-enditem|p2a: Volc 1|Booster Energy\n|-activate|p2a: Volc 1|ability: Protosynthesis|[fromitem]\n|-start|p2a: Volc 1|protosynthesisatk\n|turn|8\n|\n|t:|1700871535\n|move|p2a: Volc 1|Close Combat|p1a: Torkoal\n|-damage|p1a: Torkoal|68\/100\n|-unboost|p2a: Volc 1|def|1\n|-unboost|p2a: Volc 1|spd|1\n|move|p1a: Torkoal|Lava Plume|p2a: Volc 1\n|-supereffective|p2a: Volc 1\n|-damage|p2a: Volc 1|34\/100\n|\n|-sideend|p1: Aeziolu|move: Light Screen\n|upkeep\n|turn|9\n|\n|t:|1700871544\n|move|p2a: Volc 1|Close Combat|p1a: Torkoal\n|-damage|p1a: Torkoal|54\/100\n|-unboost|p2a: Volc 1|def|1\n|-unboost|p2a: Volc 1|spd|1\n|move|p1a: Torkoal|Lava Plume|p2a: Volc 1\n|-supereffective|p2a: Volc 1\n|-damage|p2a: Volc 1|0 fnt\n|faint|p2a: Volc 1\n|-end|p2a: Volc 1|Protosynthesis|[silent]\n|\n|-sideend|p1: Aeziolu|Reflect\n|upkeep\n|\n|t:|1700871553\n|switch|p2a: Bluey|Meowscarada, M|100\/100\n|turn|10\n|\n|t:|1700871559\n|move|p2a: Bluey|Flower Trick|p1a: Torkoal\n|-start|p2a: Bluey|typechange|Grass|[from] ability: Protean\n|-resisted|p1a: Torkoal\n|-crit|p1a: Torkoal\n|-damage|p1a: Torkoal|42\/100\n|move|p1a: Torkoal|Body Press|p2a: Bluey\n|-damage|p2a: Bluey|18\/100\n|\n|upkeep\n|turn|11\n|\n|t:|1700871574\n|move|p2a: Bluey|Flower Trick|p1a: Torkoal\n|-resisted|p1a: Torkoal\n|-crit|p1a: Torkoal\n|-damage|p1a: Torkoal|32\/100\n|move|p1a: Torkoal|Body Press|p2a: Bluey\n|-damage|p2a: Bluey|0 fnt\n|faint|p2a: Bluey\n|\n|upkeep\n|\n|t:|1700871575\n|switch|p2a: pooter fly|Mew|100\/100\n|turn|12\n|\n|t:|1700871584\n|move|p2a: pooter fly|U-turn|p1a: Torkoal\n|-resisted|p1a: Torkoal\n|-damage|p1a: Torkoal|29\/100\n|move|p1a: Torkoal|Lava Plume|p2a: pooter fly\n|-damage|p2a: pooter fly|81\/100\n|\n|-heal|p2a: pooter fly|87\/100|[from] item: Leftovers\n|upkeep\n|turn|13\n|\n|t:|1700871591\n|move|p2a: pooter fly|U-turn|p1a: Torkoal\n|-resisted|p1a: Torkoal\n|-damage|p1a: Torkoal|27\/100\n|move|p1a: Torkoal|Lava Plume|p2a: pooter fly\n|-damage|p2a: pooter fly|65\/100\n|\n|-heal|p2a: pooter fly|71\/100|[from] item: Leftovers\n|upkeep\n|turn|14\n|\n|t:|1700871594\n|move|p2a: pooter fly|U-turn|p1a: Torkoal\n|-resisted|p1a: Torkoal\n|-damage|p1a: Torkoal|25\/100\n|move|p1a: Torkoal|Lava Plume|p2a: pooter fly\n|-damage|p2a: pooter fly|50\/100\n|\n|-heal|p2a: pooter fly|56\/100|[from] item: Leftovers\n|upkeep\n|turn|15\n|\n|t:|1700871596\n|move|p2a: pooter fly|U-turn|p1a: Torkoal\n|-resisted|p1a: Torkoal\n|-damage|p1a: Torkoal|23\/100\n|move|p1a: Torkoal|Lava Plume|p2a: pooter fly\n|-damage|p2a: pooter fly|36\/100\n|\n|-heal|p2a: pooter fly|42\/100|[from] item: Leftovers\n|upkeep\n|turn|16\n|\n|t:|1700871598\n|move|p2a: pooter fly|U-turn|p1a: Torkoal\n|-resisted|p1a: Torkoal\n|-damage|p1a: Torkoal|21\/100\n|move|p1a: Torkoal|Lava Plume|p2a: pooter fly\n|-damage|p2a: pooter fly|22\/100\n|\n|-heal|p2a: pooter fly|28\/100|[from] item: Leftovers\n|upkeep\n|turn|17\n|\n|t:|1700871600\n|move|p2a: pooter fly|U-turn|p1a: Torkoal\n|-resisted|p1a: Torkoal\n|-damage|p1a: Torkoal|18\/100\n|move|p1a: Torkoal|Lava Plume|p2a: pooter fly\n|-damage|p2a: pooter fly|9\/100\n|-status|p2a: pooter fly|brn\n|-activate|p2a: pooter fly|ability: Synchronize\n|-immune|p1a: Torkoal\n|\n|-heal|p2a: pooter fly|15\/100 brn|[from] item: Leftovers\n|-damage|p2a: pooter fly|9\/100 brn|[from] brn\n|upkeep\n|turn|18\n|\n|t:|1700871607\n|move|p2a: pooter fly|U-turn|p1a: Torkoal\n|-resisted|p1a: Torkoal\n|-damage|p1a: Torkoal|17\/100\n|move|p1a: Torkoal|Lava Plume|p2a: pooter fly\n|-damage|p2a: pooter fly|0 fnt\n|faint|p2a: pooter fly\n|\n|win|Aeziolu\n","uploadtime":1700871618,"views":10,"p1id":"aeziolu","p2id":"pizzatowerepic","formatid":"gen9ubers","rating":0,"private":0,"password":""}