{"id":"gen9ubers-1977535068","p1":"RubenPaCe","p2":"Nitro524","format":"[Gen 9] Ubers","log":"|j|\u2606RubenPaCe\n|j|\u2606Nitro524\n|t:|1698425243\n|gametype|singles\n|player|p1|RubenPaCe|169|\n|player|p2|Nitro524|hilbert-wonderlauncher|\n|teamsize|p1|6\n|teamsize|p2|6\n|gen|9\n|tier|[Gen 9] Ubers\n|rule|Sleep Clause Mod: Limit one foe put to sleep\n|rule|Species Clause: Limit one of each Pok\u00e9mon\n|rule|OHKO Clause: OHKO moves are banned\n|rule|Evasion Items Clause: Evasion items are banned\n|rule|Evasion Moves Clause: Evasion moves are banned\n|rule|Endless Battle Clause: Forcing endless battles is banned\n|rule|HP Percentage Mod: HP is shown in percentages\n|clearpoke\n|poke|p1|Spectrier|\n|poke|p1|Zacian-*|\n|poke|p1|Ursaluna-Bloodmoon, M|\n|poke|p1|Magearna|\n|poke|p1|Arceus-Poison|\n|poke|p1|Giratina|\n|poke|p2|Torkoal, F|\n|poke|p2|Chi-Yu|\n|poke|p2|Cyclizar, F|\n|poke|p2|Magearna|\n|poke|p2|Roaring Moon|\n|poke|p2|Walking Wake|\n|teampreview\n|\n|t:|1698425255\n|start\n|switch|p1a: Spectrier|Spectrier|100\/100\n|switch|p2a: Torkoal|Torkoal, F|100\/100\n|-weather|SunnyDay|[from] ability: Drought|[of] p2a: Torkoal\n|turn|1\n|\n|t:|1698425278\n|move|p1a: Spectrier|Substitute|p1a: Spectrier\n|-start|p1a: Spectrier|Substitute\n|-damage|p1a: Spectrier|76\/100\n|move|p2a: Torkoal|Yawn||[still]\n|-fail|p2a: Torkoal\n|\n|-weather|SunnyDay|[upkeep]\n|upkeep\n|turn|2\n|\n|t:|1698425288\n|switch|p2a: Chi-Yu|Chi-Yu|100\/100\n|-ability|p2a: Chi-Yu|Beads of Ruin\n|move|p1a: Spectrier|Shadow Ball|p2a: Chi-Yu\n|-resisted|p2a: Chi-Yu\n|-damage|p2a: Chi-Yu|73\/100\n|\n|-weather|SunnyDay|[upkeep]\n|upkeep\n|turn|3\n|\n|t:|1698425298\n|move|p2a: Chi-Yu|Flamethrower|p1a: Spectrier\n|-end|p1a: Spectrier|Substitute\n|move|p1a: Spectrier|Draining Kiss|p2a: Chi-Yu\n|-damage|p2a: Chi-Yu|52\/100\n|-heal|p1a: Spectrier|87\/100|[from] drain|[of] p2a: Chi-Yu\n|\n|-weather|SunnyDay|[upkeep]\n|upkeep\n|turn|4\n|\n|t:|1698425301\n|switch|p1a: Giratina|Giratina|100\/100\n|-ability|p1a: Giratina|Pressure\n|move|p2a: Chi-Yu|Flamethrower|p1a: Giratina\n|-resisted|p1a: Giratina\n|-crit|p1a: Giratina\n|-damage|p1a: Giratina|67\/100\n|\n|-weather|SunnyDay|[upkeep]\n|upkeep\n|turn|5\n|\n|t:|1698425311\n|switch|p2a: Magearna|Magearna|100\/100\n|move|p1a: Giratina|Will-O-Wisp|p2a: Magearna\n|-status|p2a: Magearna|brn\n|\n|-weather|SunnyDay|[upkeep]\n|-damage|p2a: Magearna|94\/100 brn|[from] brn\n|upkeep\n|turn|6\n|\n|t:|1698425317\n|move|p2a: Magearna|Draining Kiss|p1a: Giratina\n|-supereffective|p1a: Giratina\n|-damage|p1a: Giratina|48\/100\n|-heal|p2a: Magearna|100\/100 brn|[from] drain|[of] p1a: Giratina\n|move|p1a: Giratina|Hex|p2a: Magearna\n|-damage|p2a: Magearna|62\/100 brn\n|\n|-weather|SunnyDay|[upkeep]\n|-heal|p2a: Magearna|68\/100 brn|[from] item: Leftovers\n|-damage|p2a: Magearna|62\/100 brn|[from] brn\n|upkeep\n|turn|7\n|\n|t:|1698425322\n|switch|p1a: Magearna|Magearna|100\/100\n|move|p2a: Magearna|Draining Kiss|p1a: Magearna\n|-resisted|p1a: Magearna\n|-damage|p1a: Magearna|92\/100\n|-heal|p2a: Magearna|68\/100 brn|[from] drain|[of] p1a: Magearna\n|\n|-weather|SunnyDay|[upkeep]\n|-heal|p2a: Magearna|74\/100 brn|[from] item: Leftovers\n|-heal|p1a: Magearna|98\/100|[from] item: Leftovers\n|-damage|p2a: Magearna|68\/100 brn|[from] brn\n|upkeep\n|turn|8\n|\n|t:|1698425329\n|switch|p2a: Chi-Yu|Chi-Yu|52\/100\n|-ability|p2a: Chi-Yu|Beads of Ruin\n|move|p1a: Magearna|Volt Switch|p2a: Chi-Yu\n|-damage|p2a: Chi-Yu|27\/100\n|\n|t:|1698425342\n|switch|p1a: Arceus|Arceus-Poison|100\/100|[from] Volt Switch\n|\n|-weather|none\n|upkeep\n|turn|9\n|\n|t:|1698425351\n|move|p2a: Chi-Yu|Psychic|p1a: Arceus\n|-supereffective|p1a: Arceus\n|-damage|p1a: Arceus|36\/100\n|move|p1a: Arceus|Judgment|p2a: Chi-Yu\n|-crit|p2a: Chi-Yu\n|-damage|p2a: Chi-Yu|0 fnt\n|faint|p2a: Chi-Yu\n|\n|upkeep\n|\n|t:|1698425357\n|switch|p2a: Torkoal|Torkoal, F|100\/100\n|-weather|SunnyDay|[from] ability: Drought|[of] p2a: Torkoal\n|turn|10\n|\n|t:|1698425361\n|move|p1a: Arceus|Recover|p1a: Arceus\n|-heal|p1a: Arceus|86\/100\n|move|p2a: Torkoal|Stealth Rock|p1a: Arceus\n|-sidestart|p1: RubenPaCe|move: Stealth Rock\n|\n|-weather|SunnyDay|[upkeep]\n|upkeep\n|turn|11\n|\n|t:|1698425368\n|switch|p2a: Roaring Moon|Roaring Moon|100\/100\n|-activate|p2a: Roaring Moon|ability: Protosynthesis\n|-start|p2a: Roaring Moon|protosynthesisatk\n|move|p1a: Arceus|Calm Mind|p1a: Arceus\n|-boost|p1a: Arceus|spa|1\n|-boost|p1a: Arceus|spd|1\n|\n|-weather|SunnyDay|[upkeep]\n|upkeep\n|turn|12\n|\n|t:|1698425374\n|move|p1a: Arceus|Judgment|p2a: Roaring Moon\n|-damage|p2a: Roaring Moon|30\/100\n|move|p2a: Roaring Moon|Dragon Dance|p2a: Roaring Moon\n|-boost|p2a: Roaring Moon|atk|1\n|-boost|p2a: Roaring Moon|spe|1\n|\n|-weather|SunnyDay|[upkeep]\n|upkeep\n|turn|13\n|\n|t:|1698425387\n|-terastallize|p2a: Roaring Moon|Steel\n|move|p2a: Roaring Moon|Earthquake|p1a: Arceus\n|-supereffective|p1a: Arceus\n|-damage|p1a: Arceus|0 fnt\n|faint|p1a: Arceus\n|\n|-weather|SunnyDay|[upkeep]\n|upkeep\n|\n|t:|1698425406\n|switch|p1a: Ursaluna|Ursaluna-Bloodmoon, M|100\/100\n|-damage|p1a: Ursaluna|94\/100|[from] Stealth Rock\n|turn|14\n|\n|t:|1698425412\n|move|p2a: Roaring Moon|Knock Off|p1a: Ursaluna\n|-damage|p1a: Ursaluna|14\/100\n|-enditem|p1a: Ursaluna|Leftovers|[from] move: Knock Off|[of] p2a: Roaring Moon\n|move|p1a: Ursaluna|Earth Power|p2a: Roaring Moon\n|-supereffective|p2a: Roaring Moon\n|-damage|p2a: Roaring Moon|0 fnt\n|faint|p2a: Roaring Moon\n|-end|p2a: Roaring Moon|Protosynthesis|[silent]\n|\n|-weather|SunnyDay|[upkeep]\n|upkeep\n|c|\u2606RubenPaCe|this mon is fucking insane\n|c|\u2606Nitro524|very\n|\n|t:|1698425426\n|switch|p2a: Walking Wake|Walking Wake|100\/100\n|-activate|p2a: Walking Wake|ability: Protosynthesis\n|-start|p2a: Walking Wake|protosynthesisspe\n|turn|15\n|\n|t:|1698425432\n|move|p2a: Walking Wake|Hydro Steam|p1a: Ursaluna\n|-supereffective|p1a: Ursaluna\n|-damage|p1a: Ursaluna|0 fnt\n|faint|p1a: Ursaluna\n|\n|-weather|SunnyDay|[upkeep]\n|upkeep\n|\n|t:|1698425435\n|switch|p1a: Giratina|Giratina|48\/100\n|-ability|p1a: Giratina|Pressure\n|turn|16\n|\n|t:|1698425441\n|-end|p2a: Walking Wake|Protosynthesis|[silent]\n|switch|p2a: Magearna|Magearna|68\/100 brn\n|move|p1a: Giratina|Defog|p2a: Magearna\n|-unboost|p2a: Magearna|evasion|1\n|-sideend|p1: RubenPaCe|Stealth Rock|[from] move: Defog|[of] p1a: Giratina\n|\n|-weather|SunnyDay|[upkeep]\n|-heal|p2a: Magearna|74\/100 brn|[from] item: Leftovers\n|-damage|p2a: Magearna|68\/100 brn|[from] brn\n|upkeep\n|turn|17\n|\n|t:|1698425447\n|move|p2a: Magearna|Calm Mind|p2a: Magearna\n|-boost|p2a: Magearna|spa|1\n|-boost|p2a: Magearna|spd|1\n|move|p1a: Giratina|Hex|p2a: Magearna\n|-damage|p2a: Magearna|45\/100 brn\n|\n|-weather|none\n|-heal|p2a: Magearna|51\/100 brn|[from] item: Leftovers\n|-damage|p2a: Magearna|45\/100 brn|[from] brn\n|upkeep\n|turn|18\n|\n|t:|1698425451\n|switch|p1a: Magearna|Magearna|98\/100\n|move|p2a: Magearna|Calm Mind|p2a: Magearna\n|-boost|p2a: Magearna|spa|1\n|-boost|p2a: Magearna|spd|1\n|\n|-heal|p2a: Magearna|51\/100 brn|[from] item: Leftovers\n|-heal|p1a: Magearna|100\/100|[from] item: Leftovers\n|-damage|p2a: Magearna|45\/100 brn|[from] brn\n|upkeep\n|turn|19\n|\n|t:|1698425457\n|move|p2a: Magearna|Calm Mind|p2a: Magearna\n|-boost|p2a: Magearna|spa|1\n|-boost|p2a: Magearna|spd|1\n|move|p1a: Magearna|Volt Switch|p2a: Magearna\n|-damage|p2a: Magearna|38\/100 brn\n|\n|t:|1698425459\n|switch|p1a: Zacian|Zacian|100\/100|[from] Volt Switch\n|-ability|p1a: Zacian|Intrepid Sword|boost\n|-boost|p1a: Zacian|atk|1\n|\n|-heal|p2a: Magearna|44\/100 brn|[from] item: Leftovers\n|-damage|p2a: Magearna|38\/100 brn|[from] brn\n|upkeep\n|turn|20\n|\n|t:|1698425464\n|move|p1a: Zacian|Close Combat|p2a: Magearna\n|-damage|p2a: Magearna|0 fnt\n|-unboost|p1a: Zacian|def|1\n|-unboost|p1a: Zacian|spd|1\n|faint|p2a: Magearna\n|\n|upkeep\n|\n|t:|1698425468\n|switch|p2a: Torkoal|Torkoal, F|100\/100\n|-weather|SunnyDay|[from] ability: Drought|[of] p2a: Torkoal\n|turn|21\n|\n|t:|1698425476\n|switch|p1a: Magearna|Magearna|100\/100\n|move|p2a: Torkoal|Yawn|p1a: Magearna\n|-start|p1a: Magearna|move: Yawn|[of] p2a: Torkoal\n|\n|-weather|SunnyDay|[upkeep]\n|upkeep\n|turn|22\n|\n|t:|1698425482\n|switch|p2a: Cyclizar|Cyclizar, F|100\/100\n|move|p1a: Magearna|Volt Switch|p2a: Cyclizar\n|-resisted|p2a: Cyclizar\n|-damage|p2a: Cyclizar|86\/100\n|\n|t:|1698425485\n|switch|p1a: Spectrier|Spectrier|87\/100|[from] Volt Switch\n|\n|-weather|SunnyDay|[upkeep]\n|upkeep\n|turn|23\n|\n|t:|1698425488\n|move|p1a: Spectrier|Draining Kiss|p2a: Cyclizar\n|-supereffective|p2a: Cyclizar\n|-damage|p2a: Cyclizar|29\/100\n|-heal|p1a: Spectrier|100\/100|[from] drain|[of] p2a: Cyclizar\n|move|p2a: Cyclizar|Shed Tail|p2a: Cyclizar\n|-fail|p2a: Cyclizar|move: Shed Tail|[weak]\n|\n|-weather|SunnyDay|[upkeep]\n|upkeep\n|turn|24\n|\n|t:|1698425532\n|switch|p2a: Torkoal|Torkoal, F|100\/100\n|move|p1a: Spectrier|Substitute|p1a: Spectrier\n|-start|p1a: Spectrier|Substitute\n|-damage|p1a: Spectrier|76\/100\n|\n|-weather|SunnyDay|[upkeep]\n|upkeep\n|turn|25\n|\n|t:|1698425538\n|move|p1a: Spectrier|Shadow Ball|p2a: Torkoal\n|-damage|p2a: Torkoal|35\/100\n|-unboost|p2a: Torkoal|spd|1\n|move|p2a: Torkoal|Lava Plume|p1a: Spectrier\n|-end|p1a: Spectrier|Substitute\n|\n|-weather|SunnyDay|[upkeep]\n|upkeep\n|turn|26\n|\n|t:|1698425544\n|switch|p2a: Cyclizar|Cyclizar, F|62\/100\n|move|p1a: Spectrier|Substitute|p1a: Spectrier\n|-start|p1a: Spectrier|Substitute\n|-damage|p1a: Spectrier|51\/100\n|\n|-weather|SunnyDay|[upkeep]\n|upkeep\n|turn|27\n|\n|t:|1698425547\n|move|p1a: Spectrier|Draining Kiss|p2a: Cyclizar\n|-supereffective|p2a: Cyclizar\n|-damage|p2a: Cyclizar|10\/100\n|-heal|p1a: Spectrier|90\/100|[from] drain|[of] p2a: Cyclizar\n|move|p2a: Cyclizar|Shed Tail|p2a: Cyclizar\n|-fail|p2a: Cyclizar|move: Shed Tail|[weak]\n|\n|-weather|SunnyDay|[upkeep]\n|upkeep\n|turn|28\n|\n|t:|1698425563\n|move|p1a: Spectrier|Draining Kiss|p2a: Cyclizar\n|-supereffective|p2a: Cyclizar\n|-damage|p2a: Cyclizar|0 fnt\n|-heal|p1a: Spectrier|97\/100|[from] drain|[of] p2a: Cyclizar\n|faint|p2a: Cyclizar\n|-ability|p1a: Spectrier|Grim Neigh|boost\n|-boost|p1a: Spectrier|spa|1\n|\n|-weather|none\n|upkeep\n|\n|t:|1698425565\n|switch|p2a: Torkoal|Torkoal, F|35\/100\n|-weather|SunnyDay|[from] ability: Drought|[of] p2a: Torkoal\n|turn|29\n|\n|t:|1698425571\n|move|p1a: Spectrier|Shadow Ball|p2a: Torkoal\n|-damage|p2a: Torkoal|0 fnt\n|faint|p2a: Torkoal\n|-ability|p1a: Spectrier|Grim Neigh|boost\n|-boost|p1a: Spectrier|spa|1\n|\n|-weather|SunnyDay|[upkeep]\n|upkeep\n|\n|t:|1698425574\n|switch|p2a: Walking Wake|Walking Wake|100\/100\n|-activate|p2a: Walking Wake|ability: Protosynthesis\n|-start|p2a: Walking Wake|protosynthesisspe\n|turn|30\n|\n|t:|1698425580\n|move|p2a: Walking Wake|Hydro Steam|p1a: Spectrier\n|-end|p1a: Spectrier|Substitute\n|move|p1a: Spectrier|Shadow Ball|p2a: Walking Wake\n|-damage|p2a: Walking Wake|0 fnt\n|faint|p2a: Walking Wake\n|-end|p2a: Walking Wake|Protosynthesis|[silent]\n|\n|win|RubenPaCe\n|c|\u2606Nitro524|gg\n|c|\u2606RubenPaCe|gg\n","uploadtime":1698425593,"views":14,"p1id":"rubenpace","p2id":"nitro524","formatid":"gen9ubers","rating":0,"private":0,"password":""}