{"id":"gen9ubers-1993425892","p1":"sword over shield","p2":"Shadow2054","format":"[Gen 9] Ubers","log":"|j|\u2606sword over shield\n|j|\u2606Shadow2054\n|t:|1700316317\n|gametype|singles\n|player|p1|sword over shield|2|\n|player|p2|Shadow2054|medium|\n|teamsize|p1|6\n|teamsize|p2|6\n|gen|9\n|tier|[Gen 9] Ubers\n|rule|Sleep Clause Mod: Limit one foe put to sleep\n|rule|Species Clause: Limit one of each Pok\u00e9mon\n|rule|OHKO Clause: OHKO moves are banned\n|rule|Evasion Items Clause: Evasion items are banned\n|rule|Evasion Moves Clause: Evasion moves are banned\n|rule|Endless Battle Clause: Forcing endless battles is banned\n|rule|HP Percentage Mod: HP is shown in percentages\n|clearpoke\n|poke|p1|Arceus-Dark|\n|poke|p1|Alomomola, F|\n|poke|p1|Magearna|\n|poke|p1|Slowking-Galar, M|\n|poke|p1|Cresselia, F|\n|poke|p1|Quagsire, F|\n|poke|p2|Azelf|\n|poke|p2|Espathra, F|\n|poke|p2|Zacian-*|\n|poke|p2|Roaring Moon|\n|poke|p2|Scizor, F|\n|poke|p2|Ursaluna-Bloodmoon, M|\n|teampreview\n|c|\u2606Shadow2054|glhf\n|c|\u2606sword over shield|same to you\n|\n|t:|1700316395\n|start\n|switch|p1a: Arceus|Arceus-Dark|100\/100\n|switch|p2a: Azelf|Azelf|100\/100\n|turn|1\n|\n|t:|1700316404\n|move|p1a: Arceus|Cosmic Power|p1a: Arceus\n|-boost|p1a: Arceus|def|1\n|-boost|p1a: Arceus|spd|1\n|move|p2a: Azelf|Stealth Rock|p1a: Arceus\n|-sidestart|p1: sword over shield|move: Stealth Rock\n|\n|upkeep\n|turn|2\n|\n|t:|1700316407\n|move|p1a: Arceus|Foul Play|p2a: Azelf\n|-supereffective|p2a: Azelf\n|-enditem|p2a: Azelf|Focus Sash\n|-damage|p2a: Azelf|1\/100\n|move|p2a: Azelf|Taunt|p1a: Arceus\n|-start|p1a: Arceus|move: Taunt\n|\n|upkeep\n|turn|3\n|\n|t:|1700316414\n|move|p1a: Arceus|Foul Play|p2a: Azelf\n|-supereffective|p2a: Azelf\n|-damage|p2a: Azelf|0 fnt\n|faint|p2a: Azelf\n|\n|upkeep\n|\n|t:|1700316420\n|switch|p2a: Zacian|Zacian|100\/100\n|-ability|p2a: Zacian|Intrepid Sword|boost\n|-boost|p2a: Zacian|atk|1\n|turn|4\n|\n|t:|1700316473\n|switch|p1a: Quagsire|Quagsire, F|100\/100\n|-damage|p1a: Quagsire|94\/100|[from] Stealth Rock\n|move|p2a: Zacian|Swords Dance|p2a: Zacian\n|-boost|p2a: Zacian|atk|2\n|\n|-heal|p1a: Quagsire|100\/100|[from] item: Leftovers\n|upkeep\n|turn|5\n|\n|t:|1700316485\n|move|p2a: Zacian|Play Rough|p1a: Quagsire\n|-damage|p1a: Quagsire|67\/100\n|move|p1a: Quagsire|Toxic|p2a: Zacian|[miss]\n|-miss|p1a: Quagsire|p2a: Zacian\n|\n|-heal|p1a: Quagsire|73\/100|[from] item: Leftovers\n|upkeep\n|turn|6\n|\n|t:|1700316497\n|switch|p2a: Scizor|Scizor, F|100\/100\n|move|p1a: Quagsire|Toxic|p2a: Scizor\n|-immune|p2a: Scizor\n|\n|-heal|p1a: Quagsire|79\/100|[from] item: Leftovers\n|upkeep\n|turn|7\n|\n|t:|1700316508\n|switch|p1a: Slowking|Slowking-Galar, M|100\/100\n|move|p2a: Scizor|U-turn|p1a: Slowking\n|-damage|p1a: Slowking|36\/100\n|\n|t:|1700316522\n|switch|p2a: Roaring Moon|Roaring Moon|100\/100|[from] U-turn\n|-enditem|p2a: Roaring Moon|Booster Energy\n|-activate|p2a: Roaring Moon|ability: Protosynthesis|[fromitem]\n|-start|p2a: Roaring Moon|protosynthesisatk\n|\n|upkeep\n|turn|8\n|\n|t:|1700316531\n|switch|p1a: Alomomola|Alomomola, F|100\/100\n|-damage|p1a: Alomomola|88\/100|[from] Stealth Rock\n|move|p2a: Roaring Moon|Dragon Dance|p2a: Roaring Moon\n|-boost|p2a: Roaring Moon|atk|1\n|-boost|p2a: Roaring Moon|spe|1\n|\n|upkeep\n|turn|9\n|\n|t:|1700316536\n|move|p2a: Roaring Moon|Substitute|p2a: Roaring Moon\n|-start|p2a: Roaring Moon|Substitute\n|-damage|p2a: Roaring Moon|76\/100\n|move|p1a: Alomomola|Scald|p2a: Roaring Moon\n|-resisted|p2a: Roaring Moon\n|-activate|p2a: Roaring Moon|move: Substitute|[damage]\n|\n|upkeep\n|turn|10\n|\n|t:|1700316548\n|move|p2a: Roaring Moon|Dragon Dance|p2a: Roaring Moon\n|-boost|p2a: Roaring Moon|atk|1\n|-boost|p2a: Roaring Moon|spe|1\n|move|p1a: Alomomola|Wish|p1a: Alomomola\n|\n|upkeep\n|turn|11\n|\n|t:|1700316562\n|move|p2a: Roaring Moon|Dragon Dance|p2a: Roaring Moon\n|-boost|p2a: Roaring Moon|atk|1\n|-boost|p2a: Roaring Moon|spe|1\n|move|p1a: Alomomola|Scald|p2a: Roaring Moon\n|-resisted|p2a: Roaring Moon\n|-activate|p2a: Roaring Moon|move: Substitute|[damage]\n|\n|-heal|p1a: Alomomola|100\/100|[from] move: Wish|[wisher] Alomomola\n|upkeep\n|turn|12\n|\n|t:|1700316571\n|-terastallize|p2a: Roaring Moon|Flying\n|move|p2a: Roaring Moon|Acrobatics|p1a: Alomomola\n|-damage|p1a: Alomomola|0 fnt\n|faint|p1a: Alomomola\n|\n|upkeep\n|\n|t:|1700316578\n|switch|p1a: Quagsire|Quagsire, F|79\/100\n|-damage|p1a: Quagsire|73\/100|[from] Stealth Rock\n|turn|13\n|\n|t:|1700316594\n|move|p2a: Roaring Moon|Acrobatics|p1a: Quagsire\n|-damage|p1a: Quagsire|23\/100\n|move|p1a: Quagsire|Haze|p1a: Quagsire\n|-clearallboost\n|\n|-heal|p1a: Quagsire|29\/100|[from] item: Leftovers\n|upkeep\n|turn|14\n|\n|t:|1700316614\n|move|p2a: Roaring Moon|Acrobatics|p1a: Quagsire\n|-damage|p1a: Quagsire|0 fnt\n|faint|p1a: Quagsire\n|\n|upkeep\n|\n|t:|1700316625\n|switch|p1a: Cresselia|Cresselia, F|100\/100\n|-damage|p1a: Cresselia|88\/100|[from] Stealth Rock\n|turn|15\n|\n|t:|1700316646\n|move|p2a: Roaring Moon|Dragon Dance|p2a: Roaring Moon\n|-boost|p2a: Roaring Moon|atk|1\n|-boost|p2a: Roaring Moon|spe|1\n|move|p1a: Cresselia|Moonblast|p2a: Roaring Moon\n|-end|p2a: Roaring Moon|Substitute\n|\n|-heal|p1a: Cresselia|94\/100|[from] item: Leftovers\n|upkeep\n|turn|16\n|\n|t:|1700316657\n|switch|p1a: Magearna|Magearna|100\/100\n|-damage|p1a: Magearna|94\/100|[from] Stealth Rock\n|move|p2a: Roaring Moon|Substitute|p2a: Roaring Moon\n|-start|p2a: Roaring Moon|Substitute\n|-damage|p2a: Roaring Moon|51\/100\n|\n|-heal|p1a: Magearna|100\/100|[from] item: Leftovers\n|upkeep\n|turn|17\n|\n|t:|1700316672\n|move|p2a: Roaring Moon|Knock Off|p1a: Magearna\n|-resisted|p1a: Magearna\n|-damage|p1a: Magearna|57\/100\n|-enditem|p1a: Magearna|Leftovers|[from] move: Knock Off|[of] p2a: Roaring Moon\n|move|p1a: Magearna|Volt Switch|p2a: Roaring Moon\n|-supereffective|p2a: Roaring Moon\n|-end|p2a: Roaring Moon|Substitute\n|\n|t:|1700316680\n|switch|p1a: Arceus|Arceus-Dark|100\/100|[from] Volt Switch\n|-damage|p1a: Arceus|88\/100|[from] Stealth Rock\n|\n|upkeep\n|turn|18\n|\n|t:|1700316685\n|move|p2a: Roaring Moon|Acrobatics|p1a: Arceus\n|-damage|p1a: Arceus|13\/100\n|move|p1a: Arceus|Cosmic Power|p1a: Arceus\n|-boost|p1a: Arceus|def|1\n|-boost|p1a: Arceus|spd|1\n|\n|upkeep\n|turn|19\n|\n|t:|1700316691\n|move|p2a: Roaring Moon|Acrobatics|p1a: Arceus\n|-damage|p1a: Arceus|0 fnt\n|faint|p1a: Arceus\n|\n|upkeep\n|\n|t:|1700316693\n|switch|p1a: Magearna|Magearna|57\/100\n|-damage|p1a: Magearna|50\/100|[from] Stealth Rock\n|turn|20\n|\n|t:|1700316696\n|move|p2a: Roaring Moon|Acrobatics|p1a: Magearna\n|-resisted|p1a: Magearna\n|-damage|p1a: Magearna|2\/100\n|move|p1a: Magearna|Volt Switch|p2a: Roaring Moon\n|-supereffective|p2a: Roaring Moon\n|-damage|p2a: Roaring Moon|12\/100\n|-message|sword over shield forfeited.\n|\n|win|Shadow2054\n|l|\u2606sword over shield\n|j|\u2606sword over shield\n|player|p1|sword over shield|2\n","uploadtime":1700316783,"views":43,"p1id":"swordovershield","p2id":"shadow2054","formatid":"gen9ubers","rating":0,"private":0,"password":""}