{"id":"gen9ubers-1989291764","p1":"VigilanteVigoroth","p2":"ash mars","format":"[Gen 9] Ubers","log":"|j|\u2606VigilanteVigoroth\n|j|\u2606ash mars\n|t:|1699832655\n|gametype|singles\n|player|p1|VigilanteVigoroth|#teamvictini|\n|player|p2|ash mars|jasmine|\n|teamsize|p1|6\n|teamsize|p2|6\n|gen|9\n|tier|[Gen 9] Ubers\n|rule|Sleep Clause Mod: Limit one foe put to sleep\n|rule|Species Clause: Limit one of each Pok\u00e9mon\n|rule|OHKO Clause: OHKO moves are banned\n|rule|Evasion Items Clause: Evasion items are banned\n|rule|Evasion Moves Clause: Evasion moves are banned\n|rule|Endless Battle Clause: Forcing endless battles is banned\n|rule|HP Percentage Mod: HP is shown in percentages\n|clearpoke\n|poke|p1|Arceus-Ghost|\n|poke|p1|Zacian-*|\n|poke|p1|Alomomola, F|\n|poke|p1|Amoonguss, M|\n|poke|p1|Cyclizar, M|\n|poke|p1|Dialga|\n|poke|p2|Zacian-*|\n|poke|p2|Chi-Yu|\n|poke|p2|Palafin, M|\n|poke|p2|Palkia-Origin|\n|poke|p2|Magearna|\n|poke|p2|Landorus, M|\n|teampreview\n|inactive|Battle timer is ON: inactive players will automatically lose when time's up. (requested by ash mars)\n|c|\u2606ash mars|hfhf\n|c|\u2606VigilanteVigoroth|gl\n|inactive|VigilanteVigoroth has 270 seconds left.\n|inactive|ash mars has 270 seconds left.\n|\n|t:|1699832695\n|start\n|switch|p1a: Alomomola|Alomomola, F|100\/100\n|switch|p2a: Zacian|Zacian, shiny|100\/100\n|-ability|p2a: Zacian|Intrepid Sword|boost\n|-boost|p2a: Zacian|atk|1\n|turn|1\n|\n|t:|1699832710\n|move|p2a: Zacian|Swords Dance|p2a: Zacian\n|-boost|p2a: Zacian|atk|2\n|move|p1a: Alomomola|Flip Turn|p2a: Zacian\n|-damage|p2a: Zacian|88\/100\n|\n|t:|1699832715\n|switch|p1a: Amoonguss|Amoonguss, M|100\/100|[from] Flip Turn\n|\n|upkeep\n|turn|2\n|inactive|ash mars has 270 seconds left.\n|\n|t:|1699832770\n|-terastallize|p1a: Amoonguss|Water\n|move|p2a: Zacian|Play Rough|p1a: Amoonguss\n|-damage|p1a: Amoonguss|0 fnt\n|faint|p1a: Amoonguss\n|-damage|p2a: Zacian|78\/100|[from] item: Life Orb\n|\n|upkeep\n|\n|t:|1699832786\n|switch|p1a: Alomomola|Alomomola, F|100\/100\n|turn|3\n|\n|t:|1699832797\n|move|p2a: Zacian|Play Rough|p1a: Alomomola\n|-damage|p1a: Alomomola|9\/100\n|-damage|p2a: Zacian|68\/100|[from] item: Life Orb\n|move|p1a: Alomomola|Scald|p2a: Zacian\n|-damage|p2a: Zacian|55\/100\n|\n|-heal|p1a: Alomomola|15\/100|[from] item: Leftovers\n|upkeep\n|turn|4\n|inactive|ash mars has 240 seconds left.\n|\n|t:|1699832832\n|move|p2a: Zacian|Close Combat|p1a: Alomomola\n|-damage|p1a: Alomomola|0 fnt\n|-unboost|p2a: Zacian|def|1\n|-unboost|p2a: Zacian|spd|1\n|faint|p1a: Alomomola\n|-damage|p2a: Zacian|45\/100|[from] item: Life Orb\n|\n|upkeep\n|\n|t:|1699832846\n|switch|p1a: Zacian|Zacian|100\/100\n|-ability|p1a: Zacian|Intrepid Sword|boost\n|-boost|p1a: Zacian|atk|1\n|turn|5\n|inactive|ash mars has 240 seconds left.\n|\n|t:|1699832856\n|move|p2a: Zacian|Play Rough|p1a: Zacian\n|-damage|p1a: Zacian|0 fnt\n|faint|p1a: Zacian\n|-damage|p2a: Zacian|35\/100|[from] item: Life Orb\n|\n|upkeep\n|\n|t:|1699832865\n|switch|p1a: Dialga|Dialga|100\/100\n|-ability|p1a: Dialga|Pressure\n|turn|6\n|inactive|ash mars has 240 seconds left.\n|\n|t:|1699832880\n|-terastallize|p2a: Zacian|Ground\n|move|p2a: Zacian|Tera Blast|p1a: Dialga|[anim] Tera Blast Ground\n|-supereffective|p1a: Dialga\n|-damage|p1a: Dialga|0 fnt\n|faint|p1a: Dialga\n|-damage|p2a: Zacian|25\/100|[from] item: Life Orb\n|\n|upkeep\n|\n|t:|1699832890\n|switch|p1a: Arceus|Arceus-Ghost|100\/100\n|turn|7\n|inactive|ash mars has 240 seconds left.\n|\n|t:|1699832902\n|move|p2a: Zacian|Tera Blast|p1a: Arceus|[anim] Tera Blast Ground\n|-damage|p1a: Arceus|15\/100\n|-damage|p2a: Zacian|16\/100|[from] item: Life Orb\n|move|p1a: Arceus|Judgment|p2a: Zacian\n|-damage|p2a: Zacian|0 fnt\n|faint|p2a: Zacian\n|\n|upkeep\n|inactive|ash mars has 240 seconds left.\n|\n|t:|1699832913\n|switch|p2a: Chi-Yu|Chi-Yu|100\/100\n|-ability|p2a: Chi-Yu|Beads of Ruin\n|turn|8\n|\n|t:|1699832919\n|switch|p1a: Cyclizar|Cyclizar, M|100\/100\n|move|p2a: Chi-Yu|Dark Pulse|p1a: Cyclizar\n|-damage|p1a: Cyclizar|0 fnt\n|faint|p1a: Cyclizar\n|\n|upkeep\n|\n|t:|1699832922\n|switch|p1a: Arceus|Arceus-Ghost|15\/100\n|turn|9\n|\n|t:|1699832924\n|move|p1a: Arceus|Judgment|p2a: Chi-Yu\n|-resisted|p2a: Chi-Yu\n|-damage|p2a: Chi-Yu|72\/100\n|move|p2a: Chi-Yu|Dark Pulse|p1a: Arceus\n|-supereffective|p1a: Arceus\n|-damage|p1a: Arceus|0 fnt\n|faint|p1a: Arceus\n|\n|win|ash mars\n|c|\u2606ash mars|gg\n|c|\u2606VigilanteVigoroth|gg ll\n|c|\u2606VigilanteVigoroth|lol\n|l|\u2606VigilanteVigoroth\n","uploadtime":1699833087,"views":37,"p1id":"vigilantevigoroth","p2id":"ashmars","formatid":"gen9ubers","rating":0,"private":0,"password":""}