{"id":"gen9ubers-1993374070","p1":"yhgtf","p2":"Stall Numbers","format":"[Gen 9] Ubers","log":"|j|\u2606yhgtf\n|j|\u2606Stall Numbers\n|t:|1700308242\n|gametype|singles\n|player|p1|yhgtf|iris|\n|player|p2|Stall Numbers|red|\n|teamsize|p1|6\n|teamsize|p2|6\n|gen|9\n|tier|[Gen 9] Ubers\n|rated|Tournament battle\n|rule|Sleep Clause Mod: Limit one foe put to sleep\n|rule|Species Clause: Limit one of each Pok\u00e9mon\n|rule|OHKO Clause: OHKO moves are banned\n|rule|Evasion Items Clause: Evasion items are banned\n|rule|Evasion Moves Clause: Evasion moves are banned\n|rule|Endless Battle Clause: Forcing endless battles is banned\n|rule|HP Percentage Mod: HP is shown in percentages\n|clearpoke\n|poke|p1|Miraidon|\n|poke|p1|Koraidon|\n|poke|p1|Ting-Lu|\n|poke|p1|Arceus|\n|poke|p1|Skeledirge, F|\n|poke|p1|Zacian-*|\n|poke|p2|Ribombee, F|\n|poke|p2|Mewtwo|\n|poke|p2|Miraidon|\n|poke|p2|Eternatus|\n|poke|p2|Zacian-*|\n|poke|p2|Arceus|\n|teampreview\n|inactive|Battle timer is ON: inactive players will automatically lose when time's up. (requested by yhgtf)\n|c|\u2606Stall Numbers|gkgk\n|\n|t:|1700308256\n|start\n|switch|p1a: Koraidon|Koraidon|100\/100\n|switch|p2a: Ribombee|Ribombee, F, shiny|100\/100\n|-weather|SunnyDay|[from] ability: Orichalcum Pulse|[of] p1a: Koraidon\n|-activate|p1a: Koraidon|Orichalcum Pulse|[source]\n|turn|1\n|j| Vicenpro_64\n|\n|t:|1700308263\n|move|p1a: Koraidon|U-turn|p2a: Ribombee\n|-resisted|p2a: Ribombee\n|-damage|p2a: Ribombee|67\/100\n|\n|t:|1700308266\n|switch|p1a: Ting-Lu|Ting-Lu|100\/100|[from] U-turn\n|-ability|p1a: Ting-Lu|Vessel of Ruin\n|move|p2a: Ribombee|Sticky Web|p1a: Ting-Lu\n|-sidestart|p1: yhgtf|move: Sticky Web\n|\n|-weather|SunnyDay|[upkeep]\n|upkeep\n|turn|2\n|\n|t:|1700308273\n|move|p2a: Ribombee|Moonblast|p1a: Ting-Lu\n|-supereffective|p1a: Ting-Lu\n|-damage|p1a: Ting-Lu|68\/100\n|-unboost|p1a: Ting-Lu|spa|1\n|move|p1a: Ting-Lu|Spikes|p2a: Ribombee\n|-sidestart|p2: Stall Numbers|Spikes\n|\n|-weather|SunnyDay|[upkeep]\n|-heal|p1a: Ting-Lu|74\/100|[from] item: Leftovers\n|upkeep\n|turn|3\n|\n|t:|1700308282\n|move|p2a: Ribombee|Moonblast|p1a: Ting-Lu\n|-supereffective|p1a: Ting-Lu\n|-damage|p1a: Ting-Lu|40\/100\n|move|p1a: Ting-Lu|Whirlwind|p2a: Ribombee\n|drag|p2a: Arceus|Arceus|100\/100\n|\n|-weather|SunnyDay|[upkeep]\n|-heal|p1a: Ting-Lu|46\/100|[from] item: Leftovers\n|upkeep\n|turn|4\n|\n|t:|1700308287\n|move|p2a: Arceus|Taunt|p1a: Ting-Lu\n|-start|p1a: Ting-Lu|move: Taunt\n|move|p1a: Ting-Lu|Ruination|p2a: Arceus\n|-damage|p2a: Arceus|50\/100\n|\n|-weather|SunnyDay|[upkeep]\n|-heal|p1a: Ting-Lu|52\/100|[from] item: Leftovers\n|upkeep\n|turn|5\n|\n|t:|1700308291\n|move|p2a: Arceus|Swords Dance|p2a: Arceus\n|-boost|p2a: Arceus|atk|2\n|move|p1a: Ting-Lu|Earthquake|p2a: Arceus\n|-damage|p2a: Arceus|23\/100\n|\n|-weather|none\n|-heal|p1a: Ting-Lu|58\/100|[from] item: Leftovers\n|upkeep\n|turn|6\n|\n|t:|1700308295\n|move|p2a: Arceus|Extreme Speed|p1a: Ting-Lu\n|-damage|p1a: Ting-Lu|9\/100\n|move|p1a: Ting-Lu|Earthquake|p2a: Arceus\n|-damage|p2a: Arceus|0 fnt\n|faint|p2a: Arceus\n|\n|-heal|p1a: Ting-Lu|16\/100|[from] item: Leftovers\n|-end|p1a: Ting-Lu|move: Taunt\n|upkeep\n|\n|t:|1700308300\n|switch|p2a: Zacian|Zacian-Crowned, shiny|100\/100\n|-damage|p2a: Zacian|88\/100|[from] Spikes\n|-ability|p2a: Zacian|Intrepid Sword|boost\n|-boost|p2a: Zacian|atk|1\n|turn|7\n|\n|t:|1700308304\n|move|p2a: Zacian|Behemoth Blade|p1a: Ting-Lu\n|-damage|p1a: Ting-Lu|0 fnt\n|faint|p1a: Ting-Lu\n|\n|upkeep\n|\n|t:|1700308315\n|switch|p1a: Skeledirge|Skeledirge, F|100\/100\n|turn|8\n|\n|t:|1700308320\n|switch|p2a: Ribombee|Ribombee, F, shiny|67\/100\n|-damage|p2a: Ribombee|55\/100|[from] Spikes\n|move|p1a: Skeledirge|Will-O-Wisp|p2a: Ribombee\n|-status|p2a: Ribombee|brn\n|\n|-damage|p2a: Ribombee|49\/100 brn|[from] brn\n|upkeep\n|turn|9\n|\n|t:|1700308337\n|switch|p1a: Miraidon|Miraidon|100\/100\n|-fieldstart|move: Electric Terrain|[from] ability: Hadron Engine|[of] p1a: Miraidon\n|move|p2a: Ribombee|Stun Spore|p1a: Miraidon\n|-immune|p1a: Miraidon\n|\n|-damage|p2a: Ribombee|43\/100 brn|[from] brn\n|upkeep\n|turn|10\n|inactive|Stall Numbers has 120 seconds left.\n|\n|t:|1700308379\n|move|p1a: Miraidon|Electro Drift|p2a: Ribombee\n|-damage|p2a: Ribombee|0 fnt\n|faint|p2a: Ribombee\n|\n|upkeep\n|\n|t:|1700308387\n|switch|p2a: Zacian|Zacian-Crowned, shiny|88\/100\n|-damage|p2a: Zacian|76\/100|[from] Spikes\n|turn|11\n|c| Vicenpro_64|c-mon you can win\n|inactive|Stall Numbers has 90 seconds left.\n|c|\u2606yhgtf|i got no hazard removal :(\n|inactive|Stall Numbers has 60 seconds left.\n|inactive|Stall Numbers has 30 seconds left.\n|inactive|Stall Numbers has 20 seconds left.\n|inactive|Stall Numbers has 15 seconds left.\n|inactive|Stall Numbers has 10 seconds left.\n|inactive|Stall Numbers has 5 seconds left.\n|c| Vicenpro_64|bro reconnect\n|-message|Stall Numbers lost due to inactivity.\n|\n|win|yhgtf\n|n|\u2606yhgtf|yhgtf\n|n|\u2606Stall Numbers|stallnumbers\n|n| Vicenpro_64|vicenpro64\n","uploadtime":1700308508,"views":7,"p1id":"yhgtf","p2id":"stallnumbers","formatid":"gen9ubers","rating":0,"private":0,"password":""}