{"id":"gen9ubers-1988964621","p1":"JamboreeJourney","p2":"Dilon baby","format":"[Gen 9] Ubers","log":"|j|\u2606JamboreeJourney\n|j|\u2606Dilon baby\n|t:|1699795519\n|gametype|singles\n|player|p1|JamboreeJourney|parasollady-gen4|\n|player|p2|Dilon baby|fantina|\n|teamsize|p1|6\n|teamsize|p2|6\n|gen|9\n|tier|[Gen 9] Ubers\n|rule|Sleep Clause Mod: Limit one foe put to sleep\n|rule|Species Clause: Limit one of each Pok\u00e9mon\n|rule|OHKO Clause: OHKO moves are banned\n|rule|Evasion Items Clause: Evasion items are banned\n|rule|Evasion Moves Clause: Evasion moves are banned\n|rule|Endless Battle Clause: Forcing endless battles is banned\n|rule|HP Percentage Mod: HP is shown in percentages\n|clearpoke\n|poke|p1|Arceus-Ground|\n|poke|p1|Zacian-*|\n|poke|p1|Kyogre|\n|poke|p1|Koraidon|\n|poke|p1|Skeledirge, M|\n|poke|p1|Gliscor, M|\n|poke|p2|Groudon|\n|poke|p2|Ting-Lu|\n|poke|p2|Koraidon|\n|poke|p2|Arceus-Poison|\n|poke|p2|Zacian-*|\n|poke|p2|Giratina-Origin|\n|teampreview\n|inactive|Battle timer is ON: inactive players will automatically lose when time's up. (requested by Dilon baby)\n|\n|t:|1699795547\n|start\n|switch|p1a: Gliscor|Gliscor, M|100\/100\n|switch|p2a: Groudon|Groudon|100\/100\n|-weather|SunnyDay|[from] ability: Drought|[of] p2a: Groudon\n|turn|1\n|\n|t:|1699795555\n|move|p2a: Groudon|Spikes|p1a: Gliscor\n|-sidestart|p1: JamboreeJourney|Spikes\n|move|p1a: Gliscor|Toxic|p2a: Groudon\n|-status|p2a: Groudon|tox\n|\n|-weather|SunnyDay|[upkeep]\n|-damage|p2a: Groudon|94\/100 tox|[from] psn\n|-status|p1a: Gliscor|tox|[from] item: Toxic Orb\n|upkeep\n|turn|2\n|\n|t:|1699795559\n|move|p2a: Groudon|Spikes|p1a: Gliscor\n|-sidestart|p1: JamboreeJourney|Spikes\n|move|p1a: Gliscor|Spikes|p2a: Groudon\n|-sidestart|p2: Dilon baby|Spikes\n|\n|-weather|SunnyDay|[upkeep]\n|-heal|p2a: Groudon|100\/100 tox|[from] item: Leftovers\n|-damage|p2a: Groudon|88\/100 tox|[from] psn\n|upkeep\n|turn|3\n|\n|t:|1699795562\n|move|p2a: Groudon|Spikes|p1a: Gliscor\n|-sidestart|p1: JamboreeJourney|Spikes\n|move|p1a: Gliscor|Spikes|p2a: Groudon\n|-sidestart|p2: Dilon baby|Spikes\n|\n|-weather|SunnyDay|[upkeep]\n|-heal|p2a: Groudon|94\/100 tox|[from] item: Leftovers\n|-damage|p2a: Groudon|76\/100 tox|[from] psn\n|upkeep\n|turn|4\n|\n|t:|1699795576\n|switch|p2a: Ting-Lu|Ting-Lu|100\/100\n|-damage|p2a: Ting-Lu|84\/100|[from] Spikes\n|-ability|p2a: Ting-Lu|Vessel of Ruin\n|move|p1a: Gliscor|Spikes|p2a: Ting-Lu\n|-sidestart|p2: Dilon baby|Spikes\n|\n|-weather|SunnyDay|[upkeep]\n|-heal|p2a: Ting-Lu|90\/100|[from] item: Leftovers\n|upkeep\n|turn|5\n|\n|t:|1699795582\n|move|p1a: Gliscor|Toxic|p2a: Ting-Lu\n|-status|p2a: Ting-Lu|tox\n|move|p2a: Ting-Lu|Stealth Rock|p1a: Gliscor\n|-sidestart|p1: JamboreeJourney|move: Stealth Rock\n|\n|-weather|none\n|-heal|p2a: Ting-Lu|96\/100 tox|[from] item: Leftovers\n|-damage|p2a: Ting-Lu|90\/100 tox|[from] psn\n|upkeep\n|turn|6\n|\n|t:|1699795599\n|move|p1a: Gliscor|Earthquake|p2a: Ting-Lu\n|-damage|p2a: Ting-Lu|73\/100 tox\n|move|p2a: Ting-Lu|Whirlwind|p1a: Gliscor\n|drag|p1a: Arceus|Arceus-Ground|100\/100\n|-damage|p1a: Arceus|76\/100|[from] Spikes\n|-damage|p1a: Arceus|70\/100|[from] Stealth Rock\n|\n|-heal|p2a: Ting-Lu|79\/100 tox|[from] item: Leftovers\n|-damage|p2a: Ting-Lu|66\/100 tox|[from] psn\n|upkeep\n|turn|7\n|\n|t:|1699795605\n|move|p1a: Arceus|Stealth Rock|p2a: Ting-Lu\n|-sidestart|p2: Dilon baby|move: Stealth Rock\n|move|p2a: Ting-Lu|Whirlwind|p1a: Arceus\n|drag|p1a: Koraidon|Koraidon|100\/100\n|-damage|p1a: Koraidon|76\/100|[from] Spikes\n|-damage|p1a: Koraidon|69\/100|[from] Stealth Rock\n|-weather|SunnyDay|[from] ability: Orichalcum Pulse|[of] p1a: Koraidon\n|-activate|p1a: Koraidon|Orichalcum Pulse|[source]\n|\n|-weather|SunnyDay|[upkeep]\n|-heal|p2a: Ting-Lu|73\/100 tox|[from] item: Leftovers\n|-damage|p2a: Ting-Lu|54\/100 tox|[from] psn\n|upkeep\n|turn|8\n|\n|t:|1699795609\n|move|p1a: Koraidon|U-turn|p2a: Ting-Lu\n|-supereffective|p2a: Ting-Lu\n|-damage|p2a: Ting-Lu|21\/100 tox\n|\n|t:|1699795611\n|switch|p1a: Gliscor|Gliscor, M|100\/100 tox|[from] U-turn\n|-damage|p1a: Gliscor|88\/100 tox|[from] Stealth Rock\n|move|p2a: Ting-Lu|Whirlwind|p1a: Gliscor\n|drag|p1a: Arceus|Arceus-Ground|70\/100\n|-damage|p1a: Arceus|45\/100|[from] Spikes\n|-damage|p1a: Arceus|39\/100|[from] Stealth Rock\n|\n|-weather|SunnyDay|[upkeep]\n|-heal|p2a: Ting-Lu|27\/100 tox|[from] item: Leftovers\n|-damage|p2a: Ting-Lu|2\/100 tox|[from] psn\n|upkeep\n|turn|9\n|\n|t:|1699795623\n|move|p1a: Arceus|Recover|p1a: Arceus\n|-heal|p1a: Arceus|89\/100\n|move|p2a: Ting-Lu|Ruination|p1a: Arceus\n|-damage|p1a: Arceus|45\/100\n|\n|-weather|SunnyDay|[upkeep]\n|-heal|p2a: Ting-Lu|8\/100 tox|[from] item: Leftovers\n|-damage|p2a: Ting-Lu|0 fnt|[from] psn\n|faint|p2a: Ting-Lu\n|upkeep\n|\n|t:|1699795643\n|switch|p2a: Giratina|Giratina-Origin|100\/100\n|-damage|p2a: Giratina|88\/100|[from] Stealth Rock\n|turn|10\n|\n|t:|1699795654\n|move|p1a: Arceus|Recover|p1a: Arceus\n|-heal|p1a: Arceus|95\/100\n|move|p2a: Giratina|Dragon Tail|p1a: Arceus\n|-damage|p1a: Arceus|80\/100\n|drag|p1a: Kyogre|Kyogre|100\/100\n|-weather|RainDance|[from] ability: Drizzle|[of] p1a: Kyogre\n|\n|-weather|RainDance|[upkeep]\n|upkeep\n|turn|11\n|\n|t:|1699795671\n|move|p2a: Giratina|Draco Meteor|p1a: Kyogre\n|-damage|p1a: Kyogre|48\/100\n|-unboost|p2a: Giratina|spa|2\n|move|p1a: Kyogre|Ice Beam|p2a: Giratina\n|-supereffective|p2a: Giratina\n|-damage|p2a: Giratina|34\/100\n|\n|-weather|RainDance|[upkeep]\n|upkeep\n|turn|12\n|\n|t:|1699795687\n|switch|p1a: Zacian|Zacian-Crowned|100\/100\n|-damage|p1a: Zacian|76\/100|[from] Spikes\n|-damage|p1a: Zacian|69\/100|[from] Stealth Rock\n|-ability|p1a: Zacian|Intrepid Sword|boost\n|-boost|p1a: Zacian|atk|1\n|move|p2a: Giratina|Draco Meteor|p1a: Zacian\n|-immune|p1a: Zacian\n|\n|-weather|RainDance|[upkeep]\n|upkeep\n|turn|13\n|\n|t:|1699795697\n|switch|p2a: Koraidon|Koraidon|100\/100\n|-damage|p2a: Koraidon|76\/100|[from] Spikes\n|-damage|p2a: Koraidon|69\/100|[from] Stealth Rock\n|-weather|SunnyDay|[from] ability: Orichalcum Pulse|[of] p2a: Koraidon\n|-activate|p2a: Koraidon|Orichalcum Pulse|[source]\n|move|p1a: Zacian|Substitute|p1a: Zacian\n|-start|p1a: Zacian|Substitute\n|-damage|p1a: Zacian|44\/100\n|\n|-weather|SunnyDay|[upkeep]\n|upkeep\n|turn|14\n|\n|t:|1699795715\n|move|p2a: Koraidon|Flare Blitz|p1a: Zacian\n|-supereffective|p1a: Zacian\n|-end|p1a: Zacian|Substitute\n|-damage|p2a: Koraidon|61\/100|[from] Recoil|[of] p1a: Zacian\n|move|p1a: Zacian|Behemoth Blade|p2a: Koraidon\n|-damage|p2a: Koraidon|0 fnt\n|faint|p2a: Koraidon\n|\n|-weather|SunnyDay|[upkeep]\n|upkeep\n|\n|t:|1699795732\n|switch|p2a: Zacian|Zacian-Crowned|100\/100\n|-damage|p2a: Zacian|76\/100|[from] Spikes\n|-damage|p2a: Zacian|69\/100|[from] Stealth Rock\n|-ability|p2a: Zacian|Intrepid Sword|boost\n|-boost|p2a: Zacian|atk|1\n|turn|15\n|\n|t:|1699795737\n|switch|p1a: Skeledirge|Skeledirge, M|100\/100\n|-terastallize|p2a: Zacian|Ground\n|move|p2a: Zacian|Tera Blast|p1a: Skeledirge|[anim] Tera Blast Ground\n|-supereffective|p1a: Skeledirge\n|-damage|p1a: Skeledirge|40\/100\n|\n|-weather|SunnyDay|[upkeep]\n|upkeep\n|turn|16\n|\n|t:|1699795758\n|switch|p1a: Zacian|Zacian-Crowned|44\/100\n|-damage|p1a: Zacian|20\/100|[from] Spikes\n|-damage|p1a: Zacian|13\/100|[from] Stealth Rock\n|move|p2a: Zacian|Swords Dance|p2a: Zacian\n|-boost|p2a: Zacian|atk|2\n|\n|-weather|SunnyDay|[upkeep]\n|upkeep\n|turn|17\n|\n|t:|1699795769\n|move|p2a: Zacian|Tera Blast|p1a: Zacian|[anim] Tera Blast Ground\n|-supereffective|p1a: Zacian\n|-damage|p1a: Zacian|0 fnt\n|faint|p1a: Zacian\n|\n|-weather|none\n|upkeep\n|\n|t:|1699795774\n|switch|p1a: Koraidon|Koraidon|69\/100\n|-damage|p1a: Koraidon|44\/100|[from] Spikes\n|-damage|p1a: Koraidon|38\/100|[from] Stealth Rock\n|-weather|SunnyDay|[from] ability: Orichalcum Pulse|[of] p1a: Koraidon\n|-activate|p1a: Koraidon|Orichalcum Pulse|[source]\n|turn|18\n|\n|t:|1699795794\n|move|p1a: Koraidon|Low Kick|p2a: Zacian\n|-damage|p2a: Zacian|0 fnt\n|faint|p2a: Zacian\n|\n|-weather|SunnyDay|[upkeep]\n|upkeep\n|\n|t:|1699795799\n|switch|p2a: Giratina|Giratina-Origin|34\/100\n|-damage|p2a: Giratina|21\/100|[from] Stealth Rock\n|turn|19\n|\n|t:|1699795803\n|switch|p1a: Arceus|Arceus-Ground|80\/100\n|-damage|p1a: Arceus|56\/100|[from] Spikes\n|-damage|p1a: Arceus|49\/100|[from] Stealth Rock\n|move|p2a: Giratina|Shadow Ball|p1a: Arceus\n|-damage|p1a: Arceus|20\/100\n|\n|-weather|SunnyDay|[upkeep]\n|upkeep\n|turn|20\n|\n|t:|1699795812\n|move|p2a: Giratina|Shadow Sneak|p1a: Arceus\n|-damage|p1a: Arceus|10\/100\n|move|p1a: Arceus|Recover|p1a: Arceus\n|-heal|p1a: Arceus|60\/100\n|\n|-weather|SunnyDay|[upkeep]\n|upkeep\n|turn|21\n|\n|t:|1699795817\n|move|p1a: Arceus|Recover|p1a: Arceus\n|-heal|p1a: Arceus|100\/100\n|move|p2a: Giratina|Draco Meteor|p1a: Arceus\n|-damage|p1a: Arceus|45\/100\n|-unboost|p2a: Giratina|spa|2\n|\n|-weather|SunnyDay|[upkeep]\n|upkeep\n|turn|22\n|\n|t:|1699795819\n|move|p1a: Arceus|Recover|p1a: Arceus\n|-heal|p1a: Arceus|96\/100\n|move|p2a: Giratina|Dragon Tail|p1a: Arceus\n|-damage|p1a: Arceus|80\/100\n|drag|p1a: Gliscor|Gliscor, M|88\/100 tox\n|-damage|p1a: Gliscor|76\/100 tox|[from] Stealth Rock\n|\n|-weather|none\n|-heal|p1a: Gliscor|88\/100 tox|[from] ability: Poison Heal\n|upkeep\n|turn|23\n|\n|t:|1699795827\n|switch|p2a: Groudon|Groudon|76\/100 tox\n|-damage|p2a: Groudon|51\/100 tox|[from] Spikes\n|-damage|p2a: Groudon|45\/100 tox|[from] Stealth Rock\n|-weather|SunnyDay|[from] ability: Drought|[of] p2a: Groudon\n|move|p1a: Gliscor|Toxic|p2a: Groudon\n|-fail|p2a: Groudon|tox\n|\n|-weather|SunnyDay|[upkeep]\n|-heal|p2a: Groudon|51\/100 tox|[from] item: Leftovers\n|-damage|p2a: Groudon|45\/100 tox|[from] psn\n|-heal|p1a: Gliscor|100\/100 tox|[from] ability: Poison Heal\n|upkeep\n|turn|24\n|\n|t:|1699795831\n|move|p2a: Groudon|Swords Dance|p2a: Groudon\n|-boost|p2a: Groudon|atk|2\n|move|p1a: Gliscor|Earthquake|p2a: Groudon\n|-damage|p2a: Groudon|27\/100 tox\n|\n|-weather|SunnyDay|[upkeep]\n|-heal|p2a: Groudon|33\/100 tox|[from] item: Leftovers\n|-damage|p2a: Groudon|21\/100 tox|[from] psn\n|upkeep\n|turn|25\n|\n|t:|1699795835\n|move|p1a: Gliscor|Protect|p1a: Gliscor\n|-singleturn|p1a: Gliscor|Protect\n|move|p2a: Groudon|Swords Dance|p2a: Groudon\n|-boost|p2a: Groudon|atk|2\n|\n|-weather|SunnyDay|[upkeep]\n|-heal|p2a: Groudon|27\/100 tox|[from] item: Leftovers\n|-damage|p2a: Groudon|8\/100 tox|[from] psn\n|upkeep\n|turn|26\n|\n|t:|1699795851\n|switch|p1a: Kyogre|Kyogre|48\/100\n|-weather|RainDance|[from] ability: Drizzle|[of] p1a: Kyogre\n|move|p2a: Groudon|Shadow Claw|p1a: Kyogre\n|-crit|p1a: Kyogre\n|-damage|p1a: Kyogre|0 fnt\n|faint|p1a: Kyogre\n|\n|-weather|RainDance|[upkeep]\n|-heal|p2a: Groudon|14\/100 tox|[from] item: Leftovers\n|-damage|p2a: Groudon|0 fnt|[from] psn\n|faint|p2a: Groudon\n|upkeep\n|\n|t:|1699795856\n|switch|p2a: Arceus|Arceus-Poison|100\/100\n|switch|p1a: Arceus|Arceus-Ground|80\/100\n|-damage|p2a: Arceus|75\/100|[from] Spikes\n|-damage|p2a: Arceus|63\/100|[from] Stealth Rock\n|-damage|p1a: Arceus|55\/100|[from] Spikes\n|-damage|p1a: Arceus|49\/100|[from] Stealth Rock\n|turn|27\n|\n|t:|1699795861\n|move|p2a: Arceus|Ice Beam|p1a: Arceus\n|-supereffective|p1a: Arceus\n|-damage|p1a: Arceus|16\/100\n|-status|p1a: Arceus|frz\n|cant|p1a: Arceus|frz\n|\n|-weather|RainDance|[upkeep]\n|upkeep\n|turn|28\n|\n|t:|1699795865\n|move|p2a: Arceus|Ice Beam|p1a: Arceus\n|-supereffective|p1a: Arceus\n|-damage|p1a: Arceus|0 fnt\n|faint|p1a: Arceus\n|\n|-weather|RainDance|[upkeep]\n|upkeep\n|\n|t:|1699795876\n|switch|p1a: Skeledirge|Skeledirge, M|40\/100\n|turn|29\n|\n|t:|1699795881\n|move|p2a: Arceus|Taunt|p1a: Skeledirge\n|-start|p1a: Skeledirge|move: Taunt\n|cant|p1a: Skeledirge|move: Taunt|Slack Off\n|\n|-weather|RainDance|[upkeep]\n|upkeep\n|turn|30\n|\n|t:|1699795884\n|move|p2a: Arceus|Sludge Bomb|p1a: Skeledirge\n|-resisted|p1a: Skeledirge\n|-damage|p1a: Skeledirge|17\/100\n|-status|p1a: Skeledirge|psn\n|move|p1a: Skeledirge|Hex|p2a: Arceus\n|-damage|p2a: Arceus|47\/100\n|\n|-weather|none\n|-damage|p1a: Skeledirge|5\/100 psn|[from] psn\n|upkeep\n|turn|31\n|\n|t:|1699795887\n|move|p2a: Arceus|Sludge Bomb|p1a: Skeledirge\n|-resisted|p1a: Skeledirge\n|-damage|p1a: Skeledirge|0 fnt\n|faint|p1a: Skeledirge\n|\n|upkeep\n|\n|t:|1699795906\n|switch|p1a: Koraidon|Koraidon|38\/100\n|-damage|p1a: Koraidon|13\/100|[from] Spikes\n|-damage|p1a: Koraidon|7\/100|[from] Stealth Rock\n|-weather|SunnyDay|[from] ability: Orichalcum Pulse|[of] p1a: Koraidon\n|-activate|p1a: Koraidon|Orichalcum Pulse|[source]\n|turn|32\n|\n|t:|1699795915\n|switch|p2a: Giratina|Giratina-Origin|21\/100\n|-damage|p2a: Giratina|9\/100|[from] Stealth Rock\n|move|p1a: Koraidon|Flare Blitz|p2a: Giratina\n|-resisted|p2a: Giratina\n|-damage|p2a: Giratina|0 fnt\n|faint|p2a: Giratina\n|-damage|p1a: Koraidon|4\/100|[from] Recoil\n|\n|-weather|SunnyDay|[upkeep]\n|upkeep\n|\n|t:|1699795918\n|switch|p2a: Arceus|Arceus-Poison|47\/100\n|-damage|p2a: Arceus|22\/100|[from] Spikes\n|-damage|p2a: Arceus|10\/100|[from] Stealth Rock\n|turn|33\n|\n|t:|1699795921\n|move|p1a: Koraidon|Flare Blitz|p2a: Arceus\n|-damage|p2a: Arceus|0 fnt\n|faint|p2a: Arceus\n|-damage|p1a: Koraidon|0 fnt|[from] Recoil\n|faint|p1a: Koraidon\n|\n|win|JamboreeJourney\n|c|\u2606JamboreeJourney|gg\n|l|\u2606Dilon baby\n","uploadtime":1699795934,"views":33,"p1id":"jamboreejourney","p2id":"dilonbaby","formatid":"gen9ubers","rating":0,"private":0,"password":""}