{"id":"gen9ubers-1969673239","p1":"OceanicGamer3","p2":"bowsori","format":"[Gen 9] Ubers","log":"|j|\u2606OceanicGamer3\n|j|\u2606bowsori\n|t:|1697556644\n|gametype|singles\n|player|p1|OceanicGamer3|bugcatcher-gen4dp|\n|player|p2|bowsori|ruinmaniac|\n|teamsize|p1|6\n|teamsize|p2|6\n|gen|9\n|tier|[Gen 9] Ubers\n|rule|Sleep Clause Mod: Limit one foe put to sleep\n|rule|Species Clause: Limit one of each Pok\u00e9mon\n|rule|OHKO Clause: OHKO moves are banned\n|rule|Evasion Items Clause: Evasion items are banned\n|rule|Evasion Moves Clause: Evasion moves are banned\n|rule|Endless Battle Clause: Forcing endless battles is banned\n|rule|HP Percentage Mod: HP is shown in percentages\n|clearpoke\n|poke|p1|Tornadus-Therian, M|\n|poke|p1|Iron Valiant|\n|poke|p1|Polteageist|\n|poke|p1|Arceus-Fire|\n|poke|p1|Mimikyu, F|\n|poke|p1|Bisharp, F|\n|poke|p2|Giratina|\n|poke|p2|Houndstone, M|\n|poke|p2|Magearna|\n|poke|p2|Tyranitar, F|\n|poke|p2|Zacian-*|\n|poke|p2|Palkia-Origin|\n|teampreview\n|c|\u2606bowsori|hey oceanic\n|c|\u2606bowsori|glhf\n|c|\u2606bowsori|you've been cooking I see\n|\n|t:|1697556661\n|start\n|switch|p1a: Underrated|Mimikyu, F, shiny|100\/100\n|switch|p2a: Tyranitar|Tyranitar, F|100\/100\n|-weather|Sandstorm|[from] ability: Sand Stream|[of] p2a: Tyranitar\n|turn|1\n|inactive|Battle timer is ON: inactive players will automatically lose when time's up. (requested by OceanicGamer3)\n|\n|t:|1697556681\n|move|p1a: Underrated|Thunder Wave|p2a: Tyranitar\n|-status|p2a: Tyranitar|par\n|move|p2a: Tyranitar|Stone Edge|p1a: Underrated\n|-activate|p1a: Underrated|ability: Disguise\n|-damage|p1a: Underrated|100\/100\n|detailschange|p1a: Underrated|Mimikyu-Busted, F, shiny\n|-damage|p1a: Underrated|88\/100|[from] pokemon: Mimikyu-Busted\n|\n|-weather|Sandstorm|[upkeep]\n|-damage|p1a: Underrated|82\/100|[from] Sandstorm\n|upkeep\n|turn|2\n|c|\u2606OceanicGamer3|Yep\n|inactive|bowsori has 270 seconds left.\n|c|\u2606OceanicGamer3|You should set rocks\n|inactive|bowsori has 240 seconds left.\n|c|\u2606bowsori|I dont want ttar to die\n|c|\u2606OceanicGamer3|Hmm\n|inactive|bowsori has 210 seconds left.\n|\n|t:|1697556778\n|switch|p2a: Magearna|Magearna|100\/100\n|move|p1a: Underrated|Play Rough|p2a: Magearna\n|-resisted|p2a: Magearna\n|-damage|p2a: Magearna|89\/100\n|\n|-weather|Sandstorm|[upkeep]\n|-damage|p1a: Underrated|76\/100|[from] Sandstorm\n|-heal|p2a: Magearna|95\/100|[from] item: Leftovers\n|upkeep\n|turn|3\n|inactive|bowsori has 210 seconds left.\n|\n|t:|1697556790\n|move|p1a: Underrated|Thunder Wave|p2a: Magearna\n|-status|p2a: Magearna|par\n|move|p2a: Magearna|Shift Gear|p2a: Magearna\n|-boost|p2a: Magearna|spe|2\n|-boost|p2a: Magearna|atk|1\n|\n|-weather|Sandstorm|[upkeep]\n|-damage|p1a: Underrated|70\/100|[from] Sandstorm\n|-heal|p2a: Magearna|100\/100 par|[from] item: Leftovers\n|upkeep\n|turn|4\n|inactive|bowsori has 210 seconds left.\n|\n|t:|1697556799\n|move|p1a: Underrated|Copycat|p1a: Underrated\n|move|p1a: Underrated|Shift Gear|p1a: Underrated|[from]move: Copycat\n|-boost|p1a: Underrated|spe|2\n|-boost|p1a: Underrated|atk|1\n|move|p2a: Magearna|Calm Mind|p2a: Magearna\n|-boost|p2a: Magearna|spa|1\n|-boost|p2a: Magearna|spd|1\n|\n|-weather|Sandstorm|[upkeep]\n|-damage|p1a: Underrated|64\/100|[from] Sandstorm\n|upkeep\n|turn|5\n|c|\u2606OceanicGamer3|Heehee\n|inactive|bowsori has 210 seconds left.\n|\n|t:|1697556819\n|move|p1a: Underrated|Shadow Sneak|p2a: Magearna\n|-damage|p2a: Magearna|85\/100 par\n|move|p2a: Magearna|Stored Power|p1a: Underrated\n|-damage|p1a: Underrated|24\/100\n|\n|-weather|Sandstorm|[upkeep]\n|-damage|p1a: Underrated|18\/100|[from] Sandstorm\n|-heal|p2a: Magearna|92\/100 par|[from] item: Leftovers\n|upkeep\n|turn|6\n|inactive|bowsori has 210 seconds left.\n|\n|t:|1697556835\n|move|p1a: Underrated|Shadow Sneak|p2a: Magearna\n|-damage|p2a: Magearna|75\/100 par\n|move|p2a: Magearna|Shift Gear|p2a: Magearna\n|-boost|p2a: Magearna|spe|2\n|-boost|p2a: Magearna|atk|1\n|\n|-weather|Sandstorm|[upkeep]\n|-damage|p1a: Underrated|12\/100|[from] Sandstorm\n|-heal|p2a: Magearna|81\/100 par|[from] item: Leftovers\n|upkeep\n|turn|7\n|inactive|bowsori has 210 seconds left.\n|\n|t:|1697556843\n|move|p1a: Underrated|Shadow Sneak|p2a: Magearna\n|-damage|p2a: Magearna|65\/100 par\n|move|p2a: Magearna|Calm Mind|p2a: Magearna\n|-boost|p2a: Magearna|spa|1\n|-boost|p2a: Magearna|spd|1\n|\n|-weather|Sandstorm|[upkeep]\n|-damage|p1a: Underrated|6\/100|[from] Sandstorm\n|-heal|p2a: Magearna|72\/100 par|[from] item: Leftovers\n|upkeep\n|turn|8\n|\n|t:|1697556851\n|move|p1a: Underrated|Shadow Sneak|p2a: Magearna\n|-damage|p2a: Magearna|55\/100 par\n|move|p2a: Magearna|Shift Gear|p2a: Magearna\n|-boost|p2a: Magearna|spe|2\n|-boost|p2a: Magearna|atk|1\n|\n|-weather|none\n|-heal|p2a: Magearna|61\/100 par|[from] item: Leftovers\n|upkeep\n|turn|9\n|\n|t:|1697556859\n|move|p1a: Underrated|Play Rough|p2a: Magearna\n|-resisted|p2a: Magearna\n|-damage|p2a: Magearna|44\/100 par\n|move|p2a: Magearna|Draining Kiss|p1a: Underrated\n|-damage|p1a: Underrated|0 fnt\n|-heal|p2a: Magearna|48\/100 par|[from] drain|[of] p1a: Underrated\n|faint|p1a: Underrated\n|-ability|p2a: Magearna|Soul-Heart|boost\n|-boost|p2a: Magearna|spa|1\n|\n|-heal|p2a: Magearna|54\/100 par|[from] item: Leftovers\n|upkeep\n|c|\u2606OceanicGamer3|I lose now dont i?\n|\n|t:|1697556883\n|switch|p1a: I need a t Pokemon|Bisharp, F, shiny|100\/100\n|turn|10\n|\n|t:|1697556892\n|move|p2a: Magearna|Draining Kiss|p1a: I need a t Pokemon\n|-damage|p1a: I need a t Pokemon|49\/100\n|-heal|p2a: Magearna|90\/100 par|[from] drain|[of] p1a: I need a t Pokemon\n|move|p1a: I need a t Pokemon|Iron Head|p2a: Magearna\n|-damage|p2a: Magearna|50\/100 par\n|\n|-heal|p2a: Magearna|57\/100 par|[from] item: Leftovers\n|upkeep\n|turn|11\n|\n|t:|1697556900\n|move|p1a: I need a t Pokemon|Sucker Punch|p2a: Magearna\n|-resisted|p2a: Magearna\n|-damage|p2a: Magearna|41\/100 par\n|move|p2a: Magearna|Draining Kiss|p1a: I need a t Pokemon\n|-damage|p1a: I need a t Pokemon|0 fnt\n|-heal|p2a: Magearna|75\/100 par|[from] drain|[of] p1a: I need a t Pokemon\n|faint|p1a: I need a t Pokemon\n|-ability|p2a: Magearna|Soul-Heart|boost\n|-boost|p2a: Magearna|spa|1\n|\n|-heal|p2a: Magearna|81\/100 par|[from] item: Leftovers\n|upkeep\n|\n|t:|1697556909\n|switch|p1a: Arkeuss-Flame|Arceus-Fire, shiny|100\/100\n|turn|12\n|c|\u2606bowsori|paralysis will probably have me die at some point\n|\n|t:|1697556917\n|-terastallize|p2a: Magearna|Water\n|move|p2a: Magearna|Stored Power|p1a: Arkeuss-Flame\n|-damage|p1a: Arkeuss-Flame|0 fnt\n|faint|p1a: Arkeuss-Flame\n|-ability|p2a: Magearna|Soul-Heart|boost\n|-boost|p2a: Magearna|spa|1\n|\n|-heal|p2a: Magearna|87\/100 par|[from] item: Leftovers\n|upkeep\n|\n|t:|1697556922\n|switch|p1a: MoonBLAST|Iron Valiant, shiny|100\/100\n|-enditem|p1a: MoonBLAST|Booster Energy\n|-activate|p1a: MoonBLAST|ability: Quark Drive|[fromitem]\n|-start|p1a: MoonBLAST|quarkdrivespe\n|turn|13\n|\n|t:|1697556928\n|-terastallize|p1a: MoonBLAST|Electric\n|move|p1a: MoonBLAST|Thunderbolt|p2a: Magearna\n|-supereffective|p2a: Magearna\n|-damage|p2a: Magearna|58\/100 par\n|move|p2a: Magearna|Stored Power|p1a: MoonBLAST\n|-damage|p1a: MoonBLAST|0 fnt\n|faint|p1a: MoonBLAST\n|-ability|p2a: Magearna|Soul-Heart|boost\n|-boost|p2a: Magearna|spa|1\n|-end|p1a: MoonBLAST|Quark Drive|[silent]\n|\n|-heal|p2a: Magearna|64\/100 par|[from] item: Leftovers\n|upkeep\n|c|\u2606OceanicGamer3|Gg i lose lmao\n|c|\u2606bowsori|well\n|\n|t:|1697556943\n|switch|p1a: Teapot|Polteageist, shiny|100\/100\n|turn|14\n|\n|t:|1697556947\n|move|p2a: Magearna|Stored Power|p1a: Teapot\n|-damage|p1a: Teapot|0 fnt\n|faint|p1a: Teapot\n|\n|-heal|p2a: Magearna|70\/100 par|[from] item: Leftovers\n|upkeep\n|\n|t:|1697556949\n|switch|p1a: CA CAWWW|Tornadus-Therian, M|100\/100\n|turn|15\n|\n|t:|1697556954\n|move|p1a: CA CAWWW|Knock Off|p2a: Magearna\n|-damage|p2a: Magearna|45\/100 par\n|-enditem|p2a: Magearna|Leftovers|[from] move: Knock Off|[of] p1a: CA CAWWW\n|cant|p2a: Magearna|par\n|\n|upkeep\n|turn|16\n|\n|t:|1697556959\n|move|p1a: CA CAWWW|Knock Off|p2a: Magearna\n|-damage|p2a: Magearna|29\/100 par\n|cant|p2a: Magearna|par\n|\n|upkeep\n|turn|17\n|\n|t:|1697556963\n|move|p1a: CA CAWWW|Knock Off|p2a: Magearna\n|-damage|p2a: Magearna|12\/100 par\n|move|p2a: Magearna|Stored Power|p1a: CA CAWWW\n|-damage|p1a: CA CAWWW|0 fnt\n|faint|p1a: CA CAWWW\n|\n|win|bowsori\n|c|\u2606OceanicGamer3|Gg\n|c|\u2606bowsori|gg\n|c|\u2606OceanicGamer3|Ban magearna\n|l|\u2606OceanicGamer3\n|c|\u2606bowsori|lmao\n","uploadtime":1697556979,"views":28,"p1id":"oceanicgamer3","p2id":"bowsori","formatid":"gen9ubers","rating":0,"private":0,"password":""}