{"id":"gen9ubers-1994700546","p1":"cebollindnefer","p2":"KevinFDJ17uwu","format":"[Gen 9] Ubers","log":"|j|\u2606cebollindnefer\n|j|\u2606KevinFDJ17uwu\n|inactive|Battle timer is ON: inactive players will automatically lose when time's up.\n|t:|1700482968\n|gametype|singles\n|player|p1|cebollindnefer|shadowtriad|\n|player|p2|KevinFDJ17uwu|cynthia-masters|\n|teamsize|p1|6\n|teamsize|p2|6\n|gen|9\n|tier|[Gen 9] Ubers\n|rated|Tournament battle\n|rule|Sleep Clause Mod: Limit one foe put to sleep\n|rule|Species Clause: Limit one of each Pok\u00e9mon\n|rule|OHKO Clause: OHKO moves are banned\n|rule|Evasion Items Clause: Evasion items are banned\n|rule|Evasion Moves Clause: Evasion moves are banned\n|rule|Endless Battle Clause: Forcing endless battles is banned\n|rule|HP Percentage Mod: HP is shown in percentages\n|clearpoke\n|poke|p1|Groudon|\n|poke|p1|Flutter Mane|\n|poke|p1|Ogerpon-Hearthflame, F|\n|poke|p1|Zacian-*|\n|poke|p1|Chi-Yu|\n|poke|p1|Arceus-Fire|\n|poke|p2|Arceus-Psychic|\n|poke|p2|Gliscor, M|\n|poke|p2|Miraidon|\n|poke|p2|Blissey, F|\n|poke|p2|Skeledirge, F|\n|poke|p2|Kyogre|\n|teampreview\n|j|*Lady Monita \u2746\n|inactive|KevinFDJ17uwu also wants the timer to be on.\n|\n|t:|1700482972\n|start\n|switch|p1a: Groudon|Groudon|100\/100\n|switch|p2a: Gliscor|Gliscor, M|100\/100\n|-weather|SunnyDay|[from] ability: Drought|[of] p1a: Groudon\n|turn|1\n|\n|t:|1700482997\n|move|p2a: Gliscor|Stealth Rock|p1a: Groudon\n|-sidestart|p1: cebollindnefer|move: Stealth Rock\n|move|p1a: Groudon|Will-O-Wisp|p2a: Gliscor\n|-status|p2a: Gliscor|brn\n|\n|-weather|SunnyDay|[upkeep]\n|-damage|p2a: Gliscor|94\/100 brn|[from] brn\n|upkeep\n|turn|2\n|j| edfggvc\n|\n|t:|1700483003\n|move|p2a: Gliscor|Spikes|p1a: Groudon\n|-sidestart|p1: cebollindnefer|Spikes\n|move|p1a: Groudon|Stealth Rock|p2a: Gliscor\n|-sidestart|p2: KevinFDJ17uwu|move: Stealth Rock\n|\n|-weather|SunnyDay|[upkeep]\n|-damage|p2a: Gliscor|88\/100 brn|[from] brn\n|upkeep\n|turn|3\n|l| edfggvc\n|\n|t:|1700483021\n|switch|p1a: Ogerpon|Ogerpon-Hearthflame, F|100\/100\n|-damage|p1a: Ogerpon|76\/100|[from] Stealth Rock\n|-damage|p1a: Ogerpon|63\/100|[from] Spikes\n|-ability|p1a: Ogerpon|Mold Breaker\n|move|p2a: Gliscor|Spikes|p1a: Ogerpon\n|-sidestart|p1: cebollindnefer|Spikes\n|\n|-weather|SunnyDay|[upkeep]\n|-damage|p2a: Gliscor|82\/100 brn|[from] brn\n|upkeep\n|turn|4\n|\n|t:|1700483032\n|move|p1a: Ogerpon|Swords Dance|p1a: Ogerpon\n|-boost|p1a: Ogerpon|atk|2\n|move|p2a: Gliscor|Spikes|p1a: Ogerpon\n|-sidestart|p1: cebollindnefer|Spikes\n|\n|-weather|SunnyDay|[upkeep]\n|-damage|p2a: Gliscor|76\/100 brn|[from] brn\n|upkeep\n|turn|5\n|j| casacasa\n|l| casacasa\n|\n|t:|1700483040\n|switch|p2a: Kyogre|Kyogre|100\/100\n|-damage|p2a: Kyogre|88\/100|[from] Stealth Rock\n|-weather|RainDance|[from] ability: Drizzle|[of] p2a: Kyogre\n|move|p1a: Ogerpon|Trailblaze|p2a: Kyogre\n|-supereffective|p2a: Kyogre\n|-damage|p2a: Kyogre|0 fnt\n|-boost|p1a: Ogerpon|spe|1\n|faint|p2a: Kyogre\n|\n|-weather|RainDance|[upkeep]\n|upkeep\n|\n|t:|1700483043\n|switch|p2a: Skeledirge|Skeledirge, F|100\/100\n|turn|6\n|\n|t:|1700483059\n|move|p1a: Ogerpon|Ivy Cudgel|p2a: Skeledirge|[anim] Ivy Cudgel Fire\n|-resisted|p2a: Skeledirge\n|-damage|p2a: Skeledirge|75\/100\n|move|p2a: Skeledirge|Torch Song|p1a: Ogerpon\n|-damage|p1a: Ogerpon|45\/100\n|-boost|p2a: Skeledirge|spa|1\n|\n|-weather|RainDance|[upkeep]\n|upkeep\n|turn|7\n|\n|t:|1700483071\n|move|p1a: Ogerpon|Horn Leech|p2a: Skeledirge\n|-resisted|p2a: Skeledirge\n|-damage|p2a: Skeledirge|38\/100\n|-heal|p1a: Ogerpon|70\/100|[from] drain|[of] p2a: Skeledirge\n|move|p2a: Skeledirge|Slack Off|p2a: Skeledirge\n|-heal|p2a: Skeledirge|88\/100\n|\n|-weather|RainDance|[upkeep]\n|upkeep\n|turn|8\n|\n|t:|1700483077\n|move|p1a: Ogerpon|Horn Leech|p2a: Skeledirge\n|-resisted|p2a: Skeledirge\n|-damage|p2a: Skeledirge|52\/100\n|-heal|p1a: Ogerpon|95\/100|[from] drain|[of] p2a: Skeledirge\n|move|p2a: Skeledirge|Torch Song|p1a: Ogerpon\n|-damage|p1a: Ogerpon|67\/100\n|-boost|p2a: Skeledirge|spa|1\n|\n|-weather|RainDance|[upkeep]\n|upkeep\n|turn|9\n|\n|t:|1700483083\n|move|p1a: Ogerpon|Horn Leech|p2a: Skeledirge\n|-resisted|p2a: Skeledirge\n|-damage|p2a: Skeledirge|18\/100\n|-heal|p1a: Ogerpon|90\/100|[from] drain|[of] p2a: Skeledirge\n|move|p2a: Skeledirge|Slack Off|p2a: Skeledirge\n|-heal|p2a: Skeledirge|68\/100\n|\n|-weather|none\n|upkeep\n|turn|10\n|\n|t:|1700483088\n|move|p1a: Ogerpon|Horn Leech|p2a: Skeledirge\n|-resisted|p2a: Skeledirge\n|-damage|p2a: Skeledirge|33\/100\n|-heal|p1a: Ogerpon|100\/100|[from] drain|[of] p2a: Skeledirge\n|move|p2a: Skeledirge|Slack Off|p2a: Skeledirge\n|-heal|p2a: Skeledirge|83\/100\n|\n|upkeep\n|turn|11\n|\n|t:|1700483095\n|move|p1a: Ogerpon|Horn Leech|p2a: Skeledirge\n|-resisted|p2a: Skeledirge\n|-crit|p2a: Skeledirge\n|-damage|p2a: Skeledirge|28\/100\n|move|p2a: Skeledirge|Torch Song|p1a: Ogerpon\n|-damage|p1a: Ogerpon|35\/100\n|-boost|p2a: Skeledirge|spa|1\n|\n|upkeep\n|turn|12\n|\n|t:|1700483109\n|move|p1a: Ogerpon|Horn Leech|p2a: Skeledirge\n|-resisted|p2a: Skeledirge\n|-damage|p2a: Skeledirge|0 fnt\n|-heal|p1a: Ogerpon|54\/100|[from] drain|[of] p2a: Skeledirge\n|faint|p2a: Skeledirge\n|\n|upkeep\n|\n|t:|1700483116\n|switch|p2a: Miraidon|Miraidon|100\/100\n|-damage|p2a: Miraidon|88\/100|[from] Stealth Rock\n|-fieldstart|move: Electric Terrain|[from] ability: Hadron Engine|[of] p2a: Miraidon\n|turn|13\n|\n|t:|1700483125\n|move|p1a: Ogerpon|Ivy Cudgel|p2a: Miraidon|[anim] Ivy Cudgel Fire\n|-resisted|p2a: Miraidon\n|-damage|p2a: Miraidon|39\/100\n|move|p2a: Miraidon|Draco Meteor|p1a: Ogerpon\n|-damage|p1a: Ogerpon|0 fnt\n|-unboost|p2a: Miraidon|spa|2\n|faint|p1a: Ogerpon\n|\n|-heal|p2a: Miraidon|45\/100|[from] item: Leftovers\n|upkeep\n|\n|t:|1700483137\n|switch|p1a: Groudon|Groudon|100\/100\n|-damage|p1a: Groudon|94\/100|[from] Stealth Rock\n|-damage|p1a: Groudon|69\/100|[from] Spikes\n|-weather|SunnyDay|[from] ability: Drought|[of] p1a: Groudon\n|turn|14\n|\n|t:|1700483140\n|switch|p2a: Gliscor|Gliscor, M|76\/100 brn\n|-damage|p2a: Gliscor|63\/100 brn|[from] Stealth Rock\n|move|p1a: Groudon|Precipice Blades|p2a: Gliscor\n|-immune|p2a: Gliscor\n|\n|-weather|SunnyDay|[upkeep]\n|-damage|p2a: Gliscor|57\/100 brn|[from] brn\n|upkeep\n|turn|15\n|\n|t:|1700483144\n|switch|p1a: Flutter Mane|Flutter Mane|100\/100\n|-damage|p1a: Flutter Mane|88\/100|[from] Stealth Rock\n|-damage|p1a: Flutter Mane|63\/100|[from] Spikes\n|-activate|p1a: Flutter Mane|ability: Protosynthesis\n|-start|p1a: Flutter Mane|protosynthesisspe\n|move|p2a: Gliscor|Knock Off|p1a: Flutter Mane\n|-damage|p1a: Flutter Mane|40\/100\n|-enditem|p1a: Flutter Mane|Choice Scarf|[from] move: Knock Off|[of] p2a: Gliscor\n|\n|-weather|SunnyDay|[upkeep]\n|-damage|p2a: Gliscor|51\/100 brn|[from] brn\n|upkeep\n|turn|16\n|\n|t:|1700483153\n|move|p1a: Flutter Mane|Moonblast|p2a: Gliscor\n|-damage|p2a: Gliscor|0 fnt\n|faint|p2a: Gliscor\n|\n|-weather|SunnyDay|[upkeep]\n|upkeep\n|\n|t:|1700483158\n|switch|p2a: Blissey|Blissey, F|100\/100\n|-damage|p2a: Blissey|88\/100|[from] Stealth Rock\n|turn|17\n|\n|t:|1700483161\n|move|p1a: Flutter Mane|Psyshock|p2a: Blissey\n|-damage|p2a: Blissey|62\/100\n|move|p2a: Blissey|Thunder Wave|p1a: Flutter Mane\n|-status|p1a: Flutter Mane|par\n|\n|-weather|SunnyDay|[upkeep]\n|-heal|p2a: Blissey|68\/100|[from] item: Leftovers\n|-fieldend|move: Electric Terrain\n|upkeep\n|turn|18\n|\n|t:|1700483165\n|move|p1a: Flutter Mane|Moonblast|p2a: Blissey\n|-damage|p2a: Blissey|49\/100\n|move|p2a: Blissey|Soft-Boiled|p2a: Blissey\n|-heal|p2a: Blissey|99\/100\n|\n|-weather|SunnyDay|[upkeep]\n|-heal|p2a: Blissey|100\/100|[from] item: Leftovers\n|upkeep\n|turn|19\n|\n|t:|1700483177\n|switch|p2a: Arceus|Arceus-Psychic|100\/100\n|-damage|p2a: Arceus|88\/100|[from] Stealth Rock\n|cant|p1a: Flutter Mane|par\n|\n|-weather|SunnyDay|[upkeep]\n|upkeep\n|turn|20\n|\n|t:|1700483202\n|move|p2a: Arceus|Cosmic Power|p2a: Arceus\n|-boost|p2a: Arceus|def|1\n|-boost|p2a: Arceus|spd|1\n|move|p1a: Flutter Mane|Moonblast|p2a: Arceus\n|-damage|p2a: Arceus|67\/100\n|\n|-weather|SunnyDay|[upkeep]\n|upkeep\n|turn|21\n|\n|t:|1700483208\n|move|p2a: Arceus|Cosmic Power|p2a: Arceus\n|-boost|p2a: Arceus|def|1\n|-boost|p2a: Arceus|spd|1\n|cant|p1a: Flutter Mane|par\n|\n|-weather|none\n|-end|p1a: Flutter Mane|Protosynthesis\n|upkeep\n|turn|22\n|\n|t:|1700483212\n|move|p2a: Arceus|Cosmic Power|p2a: Arceus\n|-boost|p2a: Arceus|def|1\n|-boost|p2a: Arceus|spd|1\n|move|p1a: Flutter Mane|Mystical Fire|p2a: Arceus\n|-damage|p2a: Arceus|60\/100\n|-unboost|p2a: Arceus|spa|1\n|\n|upkeep\n|turn|23\n|\n|t:|1700483218\n|move|p2a: Arceus|Cosmic Power|p2a: Arceus\n|-boost|p2a: Arceus|def|1\n|-boost|p2a: Arceus|spd|1\n|move|p1a: Flutter Mane|Mystical Fire|p2a: Arceus\n|-damage|p2a: Arceus|53\/100\n|-unboost|p2a: Arceus|spa|1\n|\n|upkeep\n|turn|24\n|\n|t:|1700483223\n|move|p2a: Arceus|Cosmic Power|p2a: Arceus\n|-boost|p2a: Arceus|def|1\n|-boost|p2a: Arceus|spd|1\n|move|p1a: Flutter Mane|Mystical Fire|p2a: Arceus\n|-damage|p2a: Arceus|48\/100\n|-unboost|p2a: Arceus|spa|1\n|\n|upkeep\n|turn|25\n|\n|t:|1700483229\n|move|p2a: Arceus|Cosmic Power|p2a: Arceus\n|-boost|p2a: Arceus|def|1\n|-boost|p2a: Arceus|spd|1\n|move|p1a: Flutter Mane|Mystical Fire|p2a: Arceus\n|-damage|p2a: Arceus|44\/100\n|-unboost|p2a: Arceus|spa|1\n|\n|upkeep\n|turn|26\n|\n|t:|1700483235\n|move|p2a: Arceus|Recover|p2a: Arceus\n|-heal|p2a: Arceus|94\/100\n|cant|p1a: Flutter Mane|par\n|\n|upkeep\n|turn|27\n|\n|t:|1700483239\n|move|p2a: Arceus|Stored Power|p1a: Flutter Mane\n|-damage|p1a: Flutter Mane|0 fnt\n|faint|p1a: Flutter Mane\n|-end|p1a: Flutter Mane|Protosynthesis|[silent]\n|\n|upkeep\n|\n|t:|1700483243\n|switch|p1a: Groudon|Groudon|69\/100\n|-damage|p1a: Groudon|63\/100|[from] Stealth Rock\n|-damage|p1a: Groudon|38\/100|[from] Spikes\n|-weather|SunnyDay|[from] ability: Drought|[of] p1a: Groudon\n|turn|28\n|\n|t:|1700483247\n|move|p1a: Groudon|Protect|p1a: Groudon\n|-singleturn|p1a: Groudon|Protect\n|move|p2a: Arceus|Stored Power|p1a: Groudon\n|-activate|p1a: Groudon|move: Protect\n|\n|-weather|SunnyDay|[upkeep]\n|upkeep\n|turn|29\n|\n|t:|1700483251\n|move|p2a: Arceus|Stored Power|p1a: Groudon\n|-damage|p1a: Groudon|0 fnt\n|faint|p1a: Groudon\n|\n|-weather|SunnyDay|[upkeep]\n|upkeep\n|\n|t:|1700483257\n|switch|p1a: Zacian|Zacian-Crowned|100\/100\n|-damage|p1a: Zacian|94\/100|[from] Stealth Rock\n|-damage|p1a: Zacian|69\/100|[from] Spikes\n|-ability|p1a: Zacian|Intrepid Sword|boost\n|-boost|p1a: Zacian|atk|1\n|turn|30\n|\n|t:|1700483273\n|-terastallize|p1a: Zacian|Dark\n|move|p1a: Zacian|Wild Charge|p2a: Arceus\n|-damage|p2a: Arceus|84\/100\n|-damage|p1a: Zacian|66\/100|[from] Recoil\n|move|p2a: Arceus|Stored Power|p1a: Zacian\n|-immune|p1a: Zacian\n|\n|-weather|SunnyDay|[upkeep]\n|upkeep\n|turn|31\n|\n|t:|1700483279\n|-terastallize|p2a: Arceus|Fighting\n|move|p1a: Zacian|Play Rough|p2a: Arceus\n|-supereffective|p2a: Arceus\n|-damage|p2a: Arceus|60\/100\n|move|p2a: Arceus|Tera Blast|p1a: Zacian|[anim] Tera Blast Fighting\n|-supereffective|p1a: Zacian\n|-damage|p1a: Zacian|20\/100\n|\n|-weather|SunnyDay|[upkeep]\n|upkeep\n|turn|32\n|\n|t:|1700483286\n|move|p1a: Zacian|Play Rough|p2a: Arceus\n|-supereffective|p2a: Arceus\n|-damage|p2a: Arceus|32\/100\n|move|p2a: Arceus|Recover|p2a: Arceus\n|-heal|p2a: Arceus|82\/100\n|\n|-weather|SunnyDay|[upkeep]\n|upkeep\n|turn|33\n|\n|t:|1700483291\n|move|p1a: Zacian|Close Combat|p2a: Arceus\n|-damage|p2a: Arceus|71\/100\n|-unboost|p1a: Zacian|def|1\n|-unboost|p1a: Zacian|spd|1\n|move|p2a: Arceus|Tera Blast|p1a: Zacian|[anim] Tera Blast Fighting\n|-supereffective|p1a: Zacian\n|-damage|p1a: Zacian|0 fnt\n|faint|p1a: Zacian\n|\n|-weather|SunnyDay|[upkeep]\n|upkeep\n|\n|t:|1700483299\n|switch|p1a: Chi-Yu|Chi-Yu|100\/100\n|-damage|p1a: Chi-Yu|76\/100|[from] Stealth Rock\n|-damage|p1a: Chi-Yu|51\/100|[from] Spikes\n|-ability|p1a: Chi-Yu|Beads of Ruin\n|turn|34\n|\n|t:|1700483302\n|move|p1a: Chi-Yu|Psychic|p2a: Arceus\n|-supereffective|p2a: Arceus\n|-damage|p2a: Arceus|56\/100\n|-unboost|p2a: Arceus|spd|1\n|move|p2a: Arceus|Tera Blast|p1a: Chi-Yu|[anim] Tera Blast Fighting\n|-supereffective|p1a: Chi-Yu\n|-damage|p1a: Chi-Yu|0 fnt\n|faint|p1a: Chi-Yu\n|\n|-weather|SunnyDay|[upkeep]\n|upkeep\n|\n|t:|1700483305\n|switch|p1a: Arceus|Arceus-Fire|100\/100\n|-damage|p1a: Arceus|76\/100|[from] Stealth Rock\n|-damage|p1a: Arceus|51\/100|[from] Spikes\n|turn|35\n|-message|cebollindnefer forfeited.\n|\n|win|KevinFDJ17uwu\n|n|\u2606cebollindnefer|cebollindnefer\n|n|\u2606KevinFDJ17uwu|kevinfdj17uwu\n|n|*Lady Monita \u2746|ladymonita\n|l|*Lady Monita \u2746\n|l|\u2606cebollindnefer\n","uploadtime":1700483312,"views":2,"p1id":"cebollindnefer","p2id":"kevinfdj17uwu","formatid":"gen9ubers","rating":0,"private":0,"password":""}