{"id":"gen9ubers-1989121104","p1":"curtisthecacnea","p2":"Aaron_Naps","format":"[Gen 9] Ubers","log":"|j|\u2606curtisthecacnea\n|j|\u2606Aaron_Naps\n|t:|1699814500\n|gametype|singles\n|player|p1|curtisthecacnea|veteran|\n|player|p2|Aaron_Naps|dawn|\n|teamsize|p1|6\n|teamsize|p2|6\n|gen|9\n|tier|[Gen 9] Ubers\n|rule|Sleep Clause Mod: Limit one foe put to sleep\n|rule|Species Clause: Limit one of each Pok\u00e9mon\n|rule|OHKO Clause: OHKO moves are banned\n|rule|Evasion Items Clause: Evasion items are banned\n|rule|Evasion Moves Clause: Evasion moves are banned\n|rule|Endless Battle Clause: Forcing endless battles is banned\n|rule|HP Percentage Mod: HP is shown in percentages\n|clearpoke\n|poke|p1|Ursaluna-Bloodmoon, M|\n|poke|p1|Greninja-*, M|\n|poke|p1|Ogerpon-Hearthflame, F|\n|poke|p1|Corviknight, M|\n|poke|p1|Electrode-Hisui|\n|poke|p1|Goodra-Hisui, F|\n|poke|p2|Iron Valiant|\n|poke|p2|Slowking-Galar, M|\n|poke|p2|Heatran, M|\n|poke|p2|Krookodile, F|\n|poke|p2|Zapdos|\n|poke|p2|Espeon, F|\n|teampreview\n|\n|t:|1699814505\n|start\n|switch|p1a: Electrode|Electrode-Hisui|100\/100\n|switch|p2a: Krookodile|Krookodile, F|100\/100\n|-ability|p2a: Krookodile|Intimidate|boost\n|-unboost|p1a: Electrode|atk|1\n|turn|1\n|\n|t:|1699814509\n|switch|p2a: Slowking|Slowking-Galar, M|100\/100\n|-terastallize|p1a: Electrode|Fairy\n|move|p1a: Electrode|Tera Blast|p2a: Slowking|[anim] Tera Blast Fairy\n|-resisted|p2a: Slowking\n|-damage|p2a: Slowking|87\/100\n|\n|upkeep\n|turn|2\n|\n|t:|1699814514\n|switch|p1a: Goodra|Goodra-Hisui, F|100\/100\n|move|p2a: Slowking|Future Sight|p1a: Goodra\n|-start|p2a: Slowking|move: Future Sight\n|\n|upkeep\n|turn|3\n|\n|t:|1699814516\n|switch|p2a: Heatran|Heatran, M|100\/100\n|move|p1a: Goodra|Knock Off|p2a: Heatran\n|-damage|p2a: Heatran|73\/100\n|-enditem|p2a: Heatran|Leftovers|[from] move: Knock Off|[of] p1a: Goodra\n|\n|upkeep\n|turn|4\n|\n|t:|1699814545\n|switch|p2a: Krookodile|Krookodile, F|100\/100\n|-ability|p2a: Krookodile|Intimidate|boost\n|-unboost|p1a: Goodra|atk|1\n|move|p1a: Goodra|Earthquake|p2a: Krookodile\n|-damage|p2a: Krookodile|75\/100\n|\n|-end|p1a: Goodra|move: Future Sight\n|-resisted|p1a: Goodra\n|-damage|p1a: Goodra|86\/100\n|upkeep\n|turn|5\n|\n|t:|1699814558\n|switch|p1a: Corviknight|Corviknight, M|100\/100\n|-ability|p1a: Corviknight|Pressure\n|move|p2a: Krookodile|Earthquake|p1a: Corviknight\n|-immune|p1a: Corviknight\n|\n|upkeep\n|turn|6\n|\n|t:|1699814571\n|switch|p2a: Slowking|Slowking-Galar, M|100\/100\n|move|p1a: Corviknight|U-turn|p2a: Slowking\n|-damage|p2a: Slowking|86\/100\n|\n|t:|1699814594\n|switch|p1a: Goodra|Goodra-Hisui, F|86\/100|[from] U-turn\n|\n|upkeep\n|turn|7\n|\n|t:|1699814601\n|switch|p2a: Zapdos|Zapdos|100\/100\n|move|p1a: Goodra|Earthquake|p2a: Zapdos\n|-immune|p2a: Zapdos\n|\n|upkeep\n|turn|8\n|\n|t:|1699814612\n|move|p2a: Zapdos|Hurricane|p1a: Goodra\n|-resisted|p1a: Goodra\n|-damage|p1a: Goodra|72\/100\n|move|p1a: Goodra|Ice Spinner|p2a: Zapdos\n|-supereffective|p2a: Zapdos\n|-damage|p2a: Zapdos|62\/100\n|-damage|p1a: Goodra|56\/100|[from] item: Rocky Helmet|[of] p2a: Zapdos\n|\n|upkeep\n|turn|9\n|\n|t:|1699814627\n|move|p2a: Zapdos|Volt Switch|p1a: Goodra\n|-resisted|p1a: Goodra\n|-damage|p1a: Goodra|48\/100\n|\n|t:|1699814632\n|switch|p2a: Slowking|Slowking-Galar, M|100\/100|[from] Volt Switch\n|move|p1a: Goodra|Knock Off|p2a: Slowking\n|-supereffective|p2a: Slowking\n|-damage|p2a: Slowking|37\/100\n|-enditem|p2a: Slowking|Assault Vest|[from] move: Knock Off|[of] p1a: Goodra\n|\n|upkeep\n|turn|10\n|\n|t:|1699814650\n|switch|p2a: Krookodile|Krookodile, F|75\/100\n|-ability|p2a: Krookodile|Intimidate|boost\n|-unboost|p1a: Goodra|atk|1\n|move|p1a: Goodra|Knock Off|p2a: Krookodile\n|-resisted|p2a: Krookodile\n|-crit|p2a: Krookodile\n|-damage|p2a: Krookodile|45\/100\n|-damage|p1a: Goodra|31\/100|[from] item: Rocky Helmet|[of] p2a: Krookodile\n|-enditem|p2a: Krookodile|Rocky Helmet|[from] move: Knock Off|[of] p1a: Goodra\n|\n|upkeep\n|turn|11\n|\n|t:|1699814669\n|switch|p1a: Corviknight|Corviknight, M|100\/100\n|-ability|p1a: Corviknight|Pressure\n|move|p2a: Krookodile|Stealth Rock|p1a: Corviknight\n|-sidestart|p1: curtisthecacnea|move: Stealth Rock\n|\n|upkeep\n|turn|12\n|\n|t:|1699814675\n|move|p2a: Krookodile|Knock Off|p1a: Corviknight\n|-damage|p1a: Corviknight|70\/100\n|-damage|p2a: Krookodile|29\/100|[from] item: Rocky Helmet|[of] p1a: Corviknight\n|-enditem|p1a: Corviknight|Rocky Helmet|[from] move: Knock Off|[of] p2a: Krookodile\n|move|p1a: Corviknight|Defog|p2a: Krookodile\n|-unboost|p2a: Krookodile|evasion|1\n|-sideend|p1: curtisthecacnea|Stealth Rock|[from] move: Defog|[of] p1a: Corviknight\n|\n|upkeep\n|turn|13\n|\n|t:|1699814695\n|switch|p2a: Slowking|Slowking-Galar, M|70\/100\n|move|p1a: Corviknight|U-turn|p2a: Slowking\n|-damage|p2a: Slowking|54\/100\n|\n|t:|1699814731\n|switch|p1a: Ogerpon|Ogerpon-Hearthflame, F|100\/100|[from] U-turn\n|-ability|p1a: Ogerpon|Mold Breaker\n|\n|upkeep\n|turn|14\n|\n|t:|1699814746\n|switch|p2a: Heatran|Heatran, M|73\/100\n|move|p1a: Ogerpon|Ivy Cudgel|p2a: Heatran\n|-damage|p2a: Heatran|20\/100\n|\n|upkeep\n|turn|15\n|\n|t:|1699814758\n|move|p1a: Ogerpon|Ivy Cudgel|p2a: Heatran\n|-damage|p2a: Heatran|0 fnt\n|faint|p2a: Heatran\n|\n|upkeep\n|\n|t:|1699814763\n|switch|p2a: Zapdos|Zapdos|62\/100\n|turn|16\n|\n|t:|1699814793\n|switch|p1a: Goodra|Goodra-Hisui, F|31\/100\n|move|p2a: Zapdos|Hurricane|p1a: Goodra\n|-resisted|p1a: Goodra\n|-damage|p1a: Goodra|19\/100\n|\n|upkeep\n|turn|17\n|\n|t:|1699814805\n|move|p2a: Zapdos|Roost|p2a: Zapdos\n|-heal|p2a: Zapdos|100\/100\n|-singleturn|p2a: Zapdos|move: Roost\n|move|p1a: Goodra|Knock Off|p2a: Zapdos\n|-damage|p2a: Zapdos|79\/100\n|-damage|p1a: Goodra|2\/100|[from] item: Rocky Helmet|[of] p2a: Zapdos\n|-enditem|p2a: Zapdos|Rocky Helmet|[from] move: Knock Off|[of] p1a: Goodra\n|\n|upkeep\n|turn|18\n|\n|t:|1699814817\n|move|p2a: Zapdos|Volt Switch|p1a: Goodra\n|-resisted|p1a: Goodra\n|-damage|p1a: Goodra|0 fnt\n|faint|p1a: Goodra\n|\n|t:|1699814844\n|switch|p2a: Espeon|Espeon, F|100\/100|[from] Volt Switch\n|\n|upkeep\n|\n|t:|1699814854\n|switch|p1a: Electrode|Electrode-Hisui, tera:Fairy|100\/100\n|turn|19\n|\n|t:|1699814864\n|-terastallize|p2a: Espeon|Psychic\n|move|p1a: Electrode|Leaf Storm|p2a: Espeon\n|-damage|p2a: Espeon|0 fnt\n|-unboost|p1a: Electrode|spa|2\n|faint|p2a: Espeon\n|\n|upkeep\n|\n|t:|1699814883\n|switch|p2a: Slowking|Slowking-Galar, M|87\/100\n|turn|20\n|\n|t:|1699814894\n|switch|p1a: Corviknight|Corviknight, M|70\/100\n|-ability|p1a: Corviknight|Pressure\n|move|p2a: Slowking|Flamethrower|p1a: Corviknight\n|-supereffective|p1a: Corviknight\n|-damage|p1a: Corviknight|7\/100\n|\n|upkeep\n|turn|21\n|\n|t:|1699814909\n|move|p1a: Corviknight|U-turn|p2a: Slowking\n|-damage|p2a: Slowking|72\/100\n|\n|t:|1699814918\n|switch|p1a: Ursaluna|Ursaluna-Bloodmoon, M|100\/100|[from] U-turn\n|move|p2a: Slowking|Flamethrower|p1a: Ursaluna\n|-damage|p1a: Ursaluna|68\/100\n|\n|upkeep\n|turn|22\n|\n|t:|1699814929\n|switch|p2a: Krookodile|Krookodile, F|29\/100\n|-ability|p2a: Krookodile|Intimidate|boost\n|-unboost|p1a: Ursaluna|atk|1\n|move|p1a: Ursaluna|Blood Moon|p2a: Krookodile\n|-damage|p2a: Krookodile|0 fnt\n|faint|p2a: Krookodile\n|\n|upkeep\n|\n|t:|1699814935\n|switch|p2a: Iron Valiant|Iron Valiant|100\/100\n|turn|23\n|\n|t:|1699814945\n|move|p2a: Iron Valiant|Close Combat|p1a: Ursaluna\n|-supereffective|p1a: Ursaluna\n|-enditem|p1a: Ursaluna|Chople Berry|[eat]\n|-enditem|p1a: Ursaluna|Chople Berry|[weaken]\n|-damage|p1a: Ursaluna|22\/100\n|-unboost|p2a: Iron Valiant|def|1\n|-unboost|p2a: Iron Valiant|spd|1\n|move|p1a: Ursaluna|Moonblast|p2a: Iron Valiant\n|-supereffective|p2a: Iron Valiant\n|-damage|p2a: Iron Valiant|0 fnt\n|faint|p2a: Iron Valiant\n|-end|p2a: Iron Valiant|Quark Drive|[silent]\n|\n|upkeep\n|\n|t:|1699814961\n|switch|p2a: Slowking|Slowking-Galar, M|100\/100\n|turn|24\n|\n|t:|1699814971\n|move|p1a: Ursaluna|Earth Power|p2a: Slowking\n|-supereffective|p2a: Slowking\n|-damage|p2a: Slowking|17\/100\n|move|p2a: Slowking|Flamethrower|p1a: Ursaluna\n|-damage|p1a: Ursaluna|0 fnt\n|faint|p1a: Ursaluna\n|\n|upkeep\n|\n|t:|1699814976\n|switch|p1a: Greninja|Greninja, M|100\/100\n|turn|25\n|\n|t:|1699814994\n|move|p1a: Greninja|Dark Pulse|p2a: Slowking\n|-supereffective|p2a: Slowking\n|-damage|p2a: Slowking|0 fnt\n|faint|p2a: Slowking\n|-ability|p1a: Greninja|Battle Bond|boost\n|-boost|p1a: Greninja|atk|1\n|-boost|p1a: Greninja|spa|1\n|-boost|p1a: Greninja|spe|1\n|-activate|p1a: Greninja|ability: Battle Bond\n|-damage|p1a: Greninja|91\/100|[from] item: Life Orb\n|\n|upkeep\n|\n|t:|1699814996\n|switch|p2a: Zapdos|Zapdos|79\/100\n|turn|26\n|\n|t:|1699815004\n|move|p1a: Greninja|Ice Beam|p2a: Zapdos\n|-supereffective|p2a: Zapdos\n|-damage|p2a: Zapdos|0 fnt\n|faint|p2a: Zapdos\n|-damage|p1a: Greninja|81\/100|[from] item: Life Orb\n|\n|win|curtisthecacnea\n|l|\u2606Aaron_Naps\n","uploadtime":1699815014,"views":37,"p1id":"curtisthecacnea","p2id":"aaronnaps","formatid":"gen9ubers","rating":0,"private":0,"password":""}