{"id":"gen9ubers-1999479654","p1":"quentinteug","p2":"turbofenec","format":"[Gen 9] Ubers","log":"|j|\u2606quentinteug\n|j|\u2606turbofenec\n|t:|1701086824\n|gametype|singles\n|player|p1|quentinteug|ghetsis|\n|player|p2|turbofenec|pryce|\n|teamsize|p1|6\n|teamsize|p2|6\n|gen|9\n|tier|[Gen 9] Ubers\n|rule|Sleep Clause Mod: Limit one foe put to sleep\n|rule|Species Clause: Limit one of each Pok\u00e9mon\n|rule|OHKO Clause: OHKO moves are banned\n|rule|Evasion Items Clause: Evasion items are banned\n|rule|Evasion Moves Clause: Evasion moves are banned\n|rule|Endless Battle Clause: Forcing endless battles is banned\n|rule|HP Percentage Mod: HP is shown in percentages\n|clearpoke\n|poke|p1|Salamence, F|\n|poke|p1|Corviknight, F|\n|poke|p1|Ninetales-Alola, M|\n|poke|p1|Clodsire, F|\n|poke|p1|Ogerpon-Hearthflame, F|\n|poke|p1|Hoopa-Unbound|\n|poke|p2|Ninetales-Alola, F|\n|poke|p2|Kingambit, F|\n|poke|p2|Volcarona, F|\n|poke|p2|Scizor, F|\n|poke|p2|Ogerpon-Hearthflame, F|\n|poke|p2|Walking Wake|\n|teampreview\n|\n|t:|1701086873\n|start\n|switch|p1a: Ogerpon|Ogerpon-Hearthflame, F|100\/100\n|switch|p2a: Poutinovitch|Ogerpon-Hearthflame, F|100\/100\n|-ability|p2a: Poutinovitch|Mold Breaker\n|-ability|p1a: Ogerpon|Mold Breaker\n|turn|1\n|j| ImhoPitit\n|\n|t:|1701086885\n|-terastallize|p2a: Poutinovitch|Fire\n|detailschange|p2a: Poutinovitch|Ogerpon-Hearthflame-Tera, F, tera:Fire\n|-ability|p2a: Poutinovitch|Embody Aspect (Hearthflame)|boost\n|-boost|p2a: Poutinovitch|atk|1\n|move|p1a: Ogerpon|Trailblaze|p2a: Poutinovitch\n|-resisted|p2a: Poutinovitch\n|-damage|p2a: Poutinovitch|80\/100\n|-boost|p1a: Ogerpon|spe|1\n|move|p2a: Poutinovitch|Trailblaze|p1a: Ogerpon\n|-resisted|p1a: Ogerpon\n|-damage|p1a: Ogerpon|85\/100\n|-boost|p2a: Poutinovitch|spe|1\n|\n|upkeep\n|turn|2\n|\n|t:|1701086904\n|-terastallize|p1a: Ogerpon|Fire\n|detailschange|p1a: Ogerpon|Ogerpon-Hearthflame-Tera, F, tera:Fire\n|-ability|p1a: Ogerpon|Embody Aspect (Hearthflame)|boost\n|-boost|p1a: Ogerpon|atk|1\n|move|p1a: Ogerpon|Ivy Cudgel|p2a: Poutinovitch|[anim] Ivy Cudgel Fire\n|-resisted|p2a: Poutinovitch\n|-damage|p2a: Poutinovitch|0 fnt\n|faint|p2a: Poutinovitch\n|\n|upkeep\n|j| AyanYuli\n|\n|t:|1701086915\n|switch|p2a: Walking Wake|Walking Wake|100\/100\n|turn|3\n|\n|t:|1701086923\n|switch|p1a: Clodsire|Clodsire, F|100\/100\n|move|p2a: Walking Wake|Hydro Steam|p1a: Clodsire\n|-immune|p1a: Clodsire|[from] ability: Water Absorb\n|\n|upkeep\n|turn|4\n|j| Aaron MA\n|\n|t:|1701086936\n|-end|p2a: Walking Wake|Protosynthesis|[silent]\n|switch|p2a: Babouchka|Ninetales-Alola, F|100\/100\n|-weather|Snow|[from] ability: Snow Warning|[of] p2a: Babouchka\n|move|p1a: Clodsire|Stealth Rock|p2a: Babouchka\n|-sidestart|p2: turbofenec|move: Stealth Rock\n|\n|-weather|Snow|[upkeep]\n|upkeep\n|turn|5\n|j| Vincent RPPLF\n|\n|t:|1701086951\n|move|p2a: Babouchka|Aurora Veil|p2a: Babouchka\n|-sidestart|p2: turbofenec|move: Aurora Veil\n|move|p1a: Clodsire|Yawn|p2a: Babouchka\n|-start|p2a: Babouchka|move: Yawn|[of] p1a: Clodsire\n|\n|-weather|Snow|[upkeep]\n|upkeep\n|turn|6\n|\n|t:|1701086959\n|switch|p2a: Krasnaya|Scizor, F|100\/100\n|-damage|p2a: Krasnaya|88\/100|[from] Stealth Rock\n|move|p1a: Clodsire|Yawn|p2a: Krasnaya\n|-start|p2a: Krasnaya|move: Yawn|[of] p1a: Clodsire\n|\n|-weather|Snow|[upkeep]\n|upkeep\n|turn|7\n|\n|t:|1701086970\n|switch|p1a: Corviknight|Corviknight, F|100\/100\n|-ability|p1a: Corviknight|Pressure\n|move|p2a: Krasnaya|U-turn|p1a: Corviknight\n|-resisted|p1a: Corviknight\n|-damage|p1a: Corviknight|94\/100\n|-damage|p2a: Krasnaya|71\/100|[from] item: Rocky Helmet|[of] p1a: Corviknight\n|\n|t:|1701086991\n|switch|p2a: Sarinovsky|Volcarona, F|100\/100|[from] U-turn\n|\n|-weather|Snow|[upkeep]\n|upkeep\n|turn|8\n|l| Aaron MA\n|\n|t:|1701087003\n|switch|p1a: Clodsire|Clodsire, F|100\/100\n|move|p2a: Sarinovsky|Fiery Dance|p1a: Clodsire\n|-damage|p1a: Clodsire|75\/100\n|-boost|p2a: Sarinovsky|spa|1\n|\n|-weather|none\n|-heal|p1a: Clodsire|82\/100|[from] item: Leftovers\n|upkeep\n|turn|9\n|j| Aaron MA\n|\n|t:|1701087025\n|move|p2a: Sarinovsky|Fiery Dance|p1a: Clodsire\n|-damage|p1a: Clodsire|42\/100\n|-boost|p2a: Sarinovsky|spa|1\n|move|p1a: Clodsire|Yawn|p2a: Sarinovsky\n|-start|p2a: Sarinovsky|move: Yawn|[of] p1a: Clodsire\n|\n|-heal|p1a: Clodsire|48\/100|[from] item: Leftovers\n|upkeep\n|turn|10\n|l| Aaron MA\n|\n|t:|1701087045\n|switch|p2a: Walking Wake|Walking Wake|100\/100\n|-damage|p2a: Walking Wake|88\/100|[from] Stealth Rock\n|switch|p1a: Ogerpon|Ogerpon-Hearthflame-Tera, F, tera:Fire|85\/100\n|-ability|p1a: Ogerpon|Embody Aspect (Hearthflame)|boost\n|-boost|p1a: Ogerpon|atk|1\n|\n|upkeep\n|turn|11\n|j| Aaron MA\n|\n|t:|1701087061\n|switch|p1a: Ninetales|Ninetales-Alola, M|100\/100\n|-weather|Snow|[from] ability: Snow Warning|[of] p1a: Ninetales\n|move|p2a: Walking Wake|Dragon Pulse|p1a: Ninetales\n|-immune|p1a: Ninetales\n|\n|-weather|Snow|[upkeep]\n|upkeep\n|turn|12\n|\n|t:|1701087076\n|-end|p2a: Walking Wake|Protosynthesis|[silent]\n|switch|p2a: Krasnaya|Scizor, F|71\/100\n|-damage|p2a: Krasnaya|59\/100|[from] Stealth Rock\n|move|p1a: Ninetales|Aurora Veil|p1a: Ninetales\n|-sidestart|p1: quentinteug|move: Aurora Veil\n|\n|-weather|Snow|[upkeep]\n|-sideend|p2: turbofenec|move: Aurora Veil\n|upkeep\n|turn|13\n|\n|t:|1701087089\n|switch|p1a: Ogerpon|Ogerpon-Hearthflame-Tera, F, tera:Fire|85\/100\n|-ability|p1a: Ogerpon|Embody Aspect (Hearthflame)|boost\n|-boost|p1a: Ogerpon|atk|1\n|move|p2a: Krasnaya|Defog|p1a: Ogerpon\n|-unboost|p1a: Ogerpon|evasion|1\n|-sideend|p1: quentinteug|move: Aurora Veil\n|-sideend|p2: turbofenec|Stealth Rock|[from] move: Defog|[of] p2a: Krasnaya\n|\n|-weather|Snow|[upkeep]\n|upkeep\n|turn|14\n|\n|t:|1701087115\n|switch|p2a: Walking Wake|Walking Wake|88\/100\n|move|p1a: Ogerpon|Ivy Cudgel|p2a: Walking Wake|[anim] Ivy Cudgel Fire\n|-resisted|p2a: Walking Wake\n|-damage|p2a: Walking Wake|57\/100\n|\n|-weather|Snow|[upkeep]\n|upkeep\n|turn|15\n|\n|t:|1701087130\n|switch|p1a: Clodsire|Clodsire, F|48\/100\n|move|p2a: Walking Wake|Hydro Steam|p1a: Clodsire\n|-heal|p1a: Clodsire|73\/100|[from] ability: Water Absorb|[of] p2a: Walking Wake\n|\n|-weather|none\n|-heal|p1a: Clodsire|80\/100|[from] item: Leftovers\n|upkeep\n|turn|16\n|\n|t:|1701087143\n|-end|p2a: Walking Wake|Protosynthesis|[silent]\n|switch|p2a: Krasnaya|Scizor, F|59\/100\n|move|p1a: Clodsire|Stealth Rock|p2a: Krasnaya\n|-sidestart|p2: turbofenec|move: Stealth Rock\n|\n|-heal|p1a: Clodsire|86\/100|[from] item: Leftovers\n|upkeep\n|turn|17\n|\n|t:|1701087160\n|move|p2a: Krasnaya|U-turn|p1a: Clodsire\n|-resisted|p1a: Clodsire\n|-damage|p1a: Clodsire|65\/100\n|\n|t:|1701087174\n|switch|p2a: Babouchka|Ninetales-Alola, F|100\/100|[from] U-turn\n|-damage|p2a: Babouchka|76\/100|[from] Stealth Rock\n|-weather|Snow|[from] ability: Snow Warning|[of] p2a: Babouchka\n|move|p1a: Clodsire|Yawn|p2a: Babouchka\n|-start|p2a: Babouchka|move: Yawn|[of] p1a: Clodsire\n|\n|-weather|Snow|[upkeep]\n|-heal|p1a: Clodsire|72\/100|[from] item: Leftovers\n|upkeep\n|turn|18\n|\n|t:|1701087198\n|switch|p2a: Krasnaya|Scizor, F|59\/100\n|-damage|p2a: Krasnaya|47\/100|[from] Stealth Rock\n|-enditem|p2a: Krasnaya|Sitrus Berry|[eat]\n|-heal|p2a: Krasnaya|72\/100|[from] item: Sitrus Berry\n|switch|p1a: Hoopa|Hoopa-Unbound|100\/100\n|\n|-weather|Snow|[upkeep]\n|upkeep\n|turn|19\n|\n|t:|1701087213\n|move|p1a: Hoopa|Shadow Ball|p2a: Krasnaya\n|-damage|p2a: Krasnaya|22\/100\n|move|p2a: Krasnaya|U-turn|p1a: Hoopa\n|-supereffective|p1a: Hoopa\n|-damage|p1a: Hoopa|0 fnt\n|faint|p1a: Hoopa\n|\n|t:|1701087249\n|switch|p2a: Walking Wake|Walking Wake|57\/100|[from] U-turn\n|-damage|p2a: Walking Wake|45\/100|[from] Stealth Rock\n|\n|-weather|Snow|[upkeep]\n|upkeep\n|\n|t:|1701087255\n|switch|p1a: Ninetales|Ninetales-Alola, M|100\/100\n|turn|20\n|\n|t:|1701087264\n|move|p2a: Walking Wake|Hydro Steam|p1a: Ninetales\n|-damage|p1a: Ninetales|38\/100\n|move|p1a: Ninetales|Aurora Veil|p1a: Ninetales\n|-sidestart|p1: quentinteug|move: Aurora Veil\n|\n|-weather|Snow|[upkeep]\n|upkeep\n|turn|21\n|\n|t:|1701087283\n|switch|p1a: Ogerpon|Ogerpon-Hearthflame-Tera, F, tera:Fire|85\/100\n|-ability|p1a: Ogerpon|Embody Aspect (Hearthflame)|boost\n|-boost|p1a: Ogerpon|atk|1\n|-end|p2a: Walking Wake|Protosynthesis|[silent]\n|switch|p2a: Krasnaya|Scizor, F|22\/100\n|-damage|p2a: Krasnaya|9\/100|[from] Stealth Rock\n|\n|-weather|none\n|upkeep\n|turn|22\n|\n|t:|1701087305\n|move|p2a: Krasnaya|Bullet Punch|p1a: Ogerpon\n|-resisted|p1a: Ogerpon\n|-damage|p1a: Ogerpon|73\/100\n|move|p1a: Ogerpon|Ivy Cudgel|p2a: Krasnaya|[anim] Ivy Cudgel Fire\n|-supereffective|p2a: Krasnaya\n|-damage|p2a: Krasnaya|0 fnt\n|faint|p2a: Krasnaya\n|\n|upkeep\n|\n|t:|1701087325\n|switch|p2a: Walking Wake|Walking Wake|45\/100\n|-damage|p2a: Walking Wake|32\/100|[from] Stealth Rock\n|turn|23\n|\n|t:|1701087340\n|switch|p1a: Clodsire|Clodsire, F|72\/100\n|move|p2a: Walking Wake|Dragon Pulse|p1a: Clodsire\n|-damage|p1a: Clodsire|55\/100\n|\n|-heal|p1a: Clodsire|61\/100|[from] item: Leftovers\n|upkeep\n|turn|24\n|\n|t:|1701087356\n|-end|p2a: Walking Wake|Protosynthesis|[silent]\n|switch|p2a: Babouchka|Ninetales-Alola, F|76\/100\n|-damage|p2a: Babouchka|51\/100|[from] Stealth Rock\n|-weather|Snow|[from] ability: Snow Warning|[of] p2a: Babouchka\n|move|p1a: Clodsire|Yawn|p2a: Babouchka\n|-start|p2a: Babouchka|move: Yawn|[of] p1a: Clodsire\n|\n|-weather|Snow|[upkeep]\n|-heal|p1a: Clodsire|67\/100|[from] item: Leftovers\n|upkeep\n|turn|25\n|\n|t:|1701087377\n|move|p2a: Babouchka|Aurora Veil|p2a: Babouchka\n|-sidestart|p2: turbofenec|move: Aurora Veil\n|move|p1a: Clodsire|Earthquake|p2a: Babouchka\n|-damage|p2a: Babouchka|40\/100\n|\n|-weather|Snow|[upkeep]\n|-heal|p1a: Clodsire|73\/100|[from] item: Leftovers\n|-end|p2a: Babouchka|move: Yawn|[silent]\n|-status|p2a: Babouchka|slp\n|upkeep\n|turn|26\n|l| Aaron MA\n|\n|t:|1701087403\n|switch|p2a: Sarinovsky|Volcarona, F|100\/100\n|switch|p1a: Ogerpon|Ogerpon-Hearthflame-Tera, F, tera:Fire|73\/100\n|-ability|p1a: Ogerpon|Embody Aspect (Hearthflame)|boost\n|-boost|p1a: Ogerpon|atk|1\n|\n|-weather|Snow|[upkeep]\n|upkeep\n|turn|27\n|\n|t:|1701087420\n|move|p1a: Ogerpon|Knock Off|p2a: Sarinovsky\n|-damage|p2a: Sarinovsky|58\/100\n|-enditem|p2a: Sarinovsky|Heavy-Duty Boots|[from] move: Knock Off|[of] p1a: Ogerpon\n|move|p2a: Sarinovsky|Quiver Dance|p2a: Sarinovsky\n|-boost|p2a: Sarinovsky|spa|1\n|-boost|p2a: Sarinovsky|spd|1\n|-boost|p2a: Sarinovsky|spe|1\n|\n|-weather|Snow|[upkeep]\n|-sideend|p1: quentinteug|move: Aurora Veil\n|upkeep\n|turn|28\n|\n|t:|1701087442\n|switch|p1a: Clodsire|Clodsire, F|73\/100\n|move|p2a: Sarinovsky|Tera Blast|p1a: Clodsire\n|-damage|p1a: Clodsire|47\/100\n|\n|-weather|none\n|-heal|p1a: Clodsire|53\/100|[from] item: Leftovers\n|upkeep\n|turn|29\n|\n|t:|1701087463\n|move|p2a: Sarinovsky|Fiery Dance|p1a: Clodsire\n|-damage|p1a: Clodsire|15\/100\n|move|p1a: Clodsire|Recover|p1a: Clodsire\n|-heal|p1a: Clodsire|65\/100\n|\n|-heal|p1a: Clodsire|71\/100|[from] item: Leftovers\n|upkeep\n|turn|30\n|\n|t:|1701087476\n|move|p2a: Sarinovsky|Quiver Dance|p2a: Sarinovsky\n|-boost|p2a: Sarinovsky|spa|1\n|-boost|p2a: Sarinovsky|spd|1\n|-boost|p2a: Sarinovsky|spe|1\n|move|p1a: Clodsire|Earthquake|p2a: Sarinovsky\n|-damage|p2a: Sarinovsky|39\/100\n|\n|-heal|p1a: Clodsire|77\/100|[from] item: Leftovers\n|upkeep\n|turn|31\n|\n|t:|1701087488\n|move|p2a: Sarinovsky|Giga Drain|p1a: Clodsire\n|-damage|p1a: Clodsire|45\/100\n|-heal|p2a: Sarinovsky|61\/100|[from] drain|[of] p1a: Clodsire\n|move|p1a: Clodsire|Earthquake|p2a: Sarinovsky\n|-damage|p2a: Sarinovsky|43\/100\n|\n|-heal|p1a: Clodsire|51\/100|[from] item: Leftovers\n|upkeep\n|turn|32\n|l| Vincent RPPLF\n|\n|t:|1701087503\n|switch|p1a: Salamence|Salamence, F|100\/100\n|move|p2a: Sarinovsky|Giga Drain|p1a: Salamence\n|-resisted|p1a: Salamence\n|-damage|p1a: Salamence|82\/100\n|-heal|p2a: Sarinovsky|52\/100|[from] drain|[of] p1a: Salamence\n|\n|-sideend|p2: turbofenec|move: Aurora Veil\n|upkeep\n|turn|33\n|\n|t:|1701087514\n|move|p2a: Sarinovsky|Tera Blast|p1a: Salamence\n|-damage|p1a: Salamence|6\/100\n|-enditem|p1a: Salamence|Sitrus Berry|[eat]\n|-heal|p1a: Salamence|31\/100|[from] item: Sitrus Berry\n|move|p1a: Salamence|Dragon Claw|p2a: Sarinovsky\n|-damage|p2a: Sarinovsky|0 fnt\n|faint|p2a: Sarinovsky\n|-ability|p1a: Salamence|Moxie|boost\n|-boost|p1a: Salamence|atk|1\n|\n|upkeep\n|l| ImhoPitit\n|\n|t:|1701087547\n|switch|p2a: Walking Wake|Walking Wake|32\/100\n|-damage|p2a: Walking Wake|20\/100|[from] Stealth Rock\n|turn|34\n|j| ImhoPitit\n|j| Vincent RPPLF\n|\n|t:|1701087561\n|switch|p1a: Clodsire|Clodsire, F|51\/100\n|move|p2a: Walking Wake|Dragon Pulse|p1a: Clodsire\n|-damage|p1a: Clodsire|19\/100\n|\n|-heal|p1a: Clodsire|26\/100|[from] item: Leftovers\n|upkeep\n|turn|35\n|\n|t:|1701087574\n|-end|p2a: Walking Wake|Protosynthesis|[silent]\n|switch|p2a: Tsar|Kingambit, F|100\/100\n|-damage|p2a: Tsar|94\/100|[from] Stealth Rock\n|-activate|p2a: Tsar|ability: Supreme Overlord\n|-start|p2a: Tsar|fallen3|[silent]\n|move|p1a: Clodsire|Recover|p1a: Clodsire\n|-heal|p1a: Clodsire|76\/100\n|\n|-heal|p2a: Tsar|100\/100|[from] item: Leftovers\n|-heal|p1a: Clodsire|82\/100|[from] item: Leftovers\n|upkeep\n|turn|36\n|l| ImhoPitit\n|\n|t:|1701087587\n|move|p2a: Tsar|Swords Dance|p2a: Tsar\n|-boost|p2a: Tsar|atk|2\n|move|p1a: Clodsire|Earthquake|p2a: Tsar\n|-supereffective|p2a: Tsar\n|-damage|p2a: Tsar|60\/100\n|\n|-heal|p2a: Tsar|67\/100|[from] item: Leftovers\n|-heal|p1a: Clodsire|88\/100|[from] item: Leftovers\n|upkeep\n|turn|37\n|j| ImhoPitit\n|\n|t:|1701087603\n|switch|p1a: Corviknight|Corviknight, F|94\/100\n|-ability|p1a: Corviknight|Pressure\n|move|p2a: Tsar|Swords Dance|p2a: Tsar\n|-boost|p2a: Tsar|atk|2\n|\n|-heal|p2a: Tsar|73\/100|[from] item: Leftovers\n|upkeep\n|turn|38\n|j| Dylan in the MA\n|\n|t:|1701087618\n|move|p2a: Tsar|Sucker Punch|p1a: Corviknight\n|-damage|p1a: Corviknight|0 fnt\n|-damage|p2a: Tsar|56\/100|[from] item: Rocky Helmet|[of] p1a: Corviknight\n|faint|p1a: Corviknight\n|\n|-heal|p2a: Tsar|62\/100|[from] item: Leftovers\n|upkeep\n|l| Vincent RPPLF\n|\n|t:|1701087626\n|switch|p1a: Ninetales|Ninetales-Alola, M|38\/100\n|-weather|Snow|[from] ability: Snow Warning|[of] p1a: Ninetales\n|turn|39\n|\n|t:|1701087636\n|move|p1a: Ninetales|Aurora Veil|p1a: Ninetales\n|-sidestart|p1: quentinteug|move: Aurora Veil\n|move|p2a: Tsar|Iron Head|p1a: Ninetales\n|-supereffective|p1a: Ninetales\n|-damage|p1a: Ninetales|0 fnt\n|faint|p1a: Ninetales\n|\n|-weather|Snow|[upkeep]\n|-heal|p2a: Tsar|68\/100|[from] item: Leftovers\n|upkeep\n|\n|t:|1701087645\n|switch|p1a: Ogerpon|Ogerpon-Hearthflame-Tera, F, tera:Fire|73\/100\n|-ability|p1a: Ogerpon|Embody Aspect (Hearthflame)|boost\n|-boost|p1a: Ogerpon|atk|1\n|turn|40\n|\n|t:|1701087652\n|move|p2a: Tsar|Sucker Punch|p1a: Ogerpon\n|-damage|p1a: Ogerpon|0 fnt\n|faint|p1a: Ogerpon\n|\n|-weather|Snow|[upkeep]\n|-heal|p2a: Tsar|74\/100|[from] item: Leftovers\n|upkeep\n|l| ImhoPitit\n|\n|t:|1701087660\n|switch|p1a: Salamence|Salamence, F|31\/100\n|turn|41\n|\n|t:|1701087664\n|move|p2a: Tsar|Sucker Punch||[still]\n|-fail|p2a: Tsar\n|move|p1a: Salamence|Dragon Dance|p1a: Salamence\n|-boost|p1a: Salamence|atk|1\n|-boost|p1a: Salamence|spe|1\n|\n|-weather|Snow|[upkeep]\n|-heal|p2a: Tsar|80\/100|[from] item: Leftovers\n|upkeep\n|turn|42\n|\n|t:|1701087675\n|move|p2a: Tsar|Sucker Punch|p1a: Salamence\n|-damage|p1a: Salamence|0 fnt\n|faint|p1a: Salamence\n|\n|-weather|Snow|[upkeep]\n|-heal|p2a: Tsar|86\/100|[from] item: Leftovers\n|upkeep\n|-message|quentinteug forfeited.\n|\n|win|turbofenec\n|l|\u2606quentinteug\n|l|\u2606turbofenec\n|l| Dylan in the MA\n","uploadtime":1701087687,"views":2,"p1id":"quentinteug","p2id":"turbofenec","formatid":"gen9ubers","rating":0,"private":0,"password":""}