{"id":"gen9ubers-1968694947","p1":"riotbissau","p2":"sigma jake","format":"[Gen 9] Ubers","log":"|j|\u2606riotbissau\n|j|\u2606sigma jake\n|t:|1697454669\n|gametype|singles\n|player|p1|riotbissau|flannery|1096\n|player|p2|sigma jake|lucas-gen4pt|1000\n|teamsize|p1|6\n|teamsize|p2|6\n|gen|9\n|tier|[Gen 9] Ubers\n|rated|\n|rule|Sleep Clause Mod: Limit one foe put to sleep\n|rule|Species Clause: Limit one of each Pok\u00e9mon\n|rule|OHKO Clause: OHKO moves are banned\n|rule|Evasion Items Clause: Evasion items are banned\n|rule|Evasion Moves Clause: Evasion moves are banned\n|rule|Endless Battle Clause: Forcing endless battles is banned\n|rule|HP Percentage Mod: HP is shown in percentages\n|clearpoke\n|poke|p1|Chi-Yu|\n|poke|p1|Annihilape, M|\n|poke|p1|Miraidon|\n|poke|p1|Flutter Mane|\n|poke|p1|Koraidon|\n|poke|p1|Palafin, F|\n|poke|p2|Ursaluna-Bloodmoon, M|\n|poke|p2|Palafin, M|\n|poke|p2|Maushold|\n|poke|p2|Annihilape, F|\n|poke|p2|Corviknight, M|\n|poke|p2|Dragapult, M|\n|teampreview\n|\n|t:|1697454676\n|start\n|switch|p1a: Palafin|Palafin, F|100\/100\n|switch|p2a: testing5|Corviknight, M|100\/100\n|turn|1\n|\n|t:|1697454684\n|move|p1a: Palafin|Flip Turn|p2a: testing5\n|-damage|p2a: testing5|81\/100\n|\n|t:|1697454688\n|detailschange|p1a: Palafin|Palafin-Hero, F\n|switch|p1a: Miraidon|Miraidon|100\/100|[from] Flip Turn\n|-fieldstart|move: Electric Terrain|[from] ability: Hadron Engine|[of] p1a: Miraidon\n|move|p2a: testing5|U-turn|p1a: Miraidon\n|-damage|p1a: Miraidon|87\/100\n|\n|t:|1697454697\n|switch|p2a: testing6|Dragapult, M|100\/100|[from] U-turn\n|\n|upkeep\n|turn|2\n|\n|t:|1697454703\n|move|p1a: Miraidon|Draco Meteor|p2a: testing6\n|-supereffective|p2a: testing6\n|-damage|p2a: testing6|0 fnt\n|-unboost|p1a: Miraidon|spa|2\n|faint|p2a: testing6\n|\n|upkeep\n|\n|t:|1697454711\n|switch|p2a: testing5|Corviknight, M|81\/100\n|turn|3\n|\n|t:|1697454716\n|switch|p1a: Chi-Yu|Chi-Yu|100\/100\n|-ability|p1a: Chi-Yu|Beads of Ruin\n|move|p2a: testing5|U-turn|p1a: Chi-Yu\n|-damage|p1a: Chi-Yu|78\/100\n|\n|t:|1697454726\n|switch|p2a: testing2|Palafin, M|100\/100|[from] U-turn\n|\n|upkeep\n|turn|4\n|\n|t:|1697454735\n|move|p2a: testing2|Flip Turn|p1a: Chi-Yu\n|-supereffective|p1a: Chi-Yu\n|-damage|p1a: Chi-Yu|11\/100\n|\n|t:|1697454740\n|detailschange|p2a: testing2|Palafin-Hero, M\n|switch|p2a: testing4|Annihilape, F|100\/100|[from] Flip Turn\n|move|p1a: Chi-Yu|Dark Pulse|p2a: testing4\n|-damage|p2a: testing4|29\/100\n|\n|upkeep\n|turn|5\n|\n|t:|1697454753\n|move|p1a: Chi-Yu|Dark Pulse|p2a: testing4\n|-damage|p2a: testing4|0 fnt\n|faint|p2a: testing4\n|\n|-fieldend|move: Electric Terrain\n|upkeep\n|\n|t:|1697454759\n|switch|p2a: testing5|Corviknight, M|81\/100\n|turn|6\n|\n|t:|1697454766\n|switch|p1a: Miraidon|Miraidon|87\/100\n|-fieldstart|move: Electric Terrain|[from] ability: Hadron Engine|[of] p1a: Miraidon\n|move|p2a: testing5|U-turn|p1a: Miraidon\n|-damage|p1a: Miraidon|74\/100\n|\n|t:|1697454773\n|switch|p2a: testing1|Ursaluna-Bloodmoon, M|100\/100|[from] U-turn\n|\n|upkeep\n|turn|7\n|\n|t:|1697454781\n|switch|p1a: Chi-Yu|Chi-Yu|11\/100\n|-ability|p1a: Chi-Yu|Beads of Ruin\n|-terastallize|p2a: testing1|Normal\n|move|p2a: testing1|Moonblast|p1a: Chi-Yu\n|-damage|p1a: Chi-Yu|0 fnt\n|faint|p1a: Chi-Yu\n|\n|upkeep\n|\n|t:|1697454784\n|switch|p1a: Koraidon|Koraidon|100\/100\n|-weather|SunnyDay|[from] ability: Orichalcum Pulse|[of] p1a: Koraidon\n|-activate|p1a: Koraidon|Orichalcum Pulse|[source]\n|turn|8\n|\n|t:|1697454796\n|move|p1a: Koraidon|Collision Course|p2a: testing1\n|-supereffective|p2a: testing1\n|-damage|p2a: testing1|0 fnt\n|faint|p2a: testing1\n|\n|-weather|SunnyDay|[upkeep]\n|upkeep\n|\n|t:|1697454808\n|switch|p2a: testing5|Corviknight, M|81\/100\n|turn|9\n|\n|t:|1697454814\n|-terastallize|p1a: Koraidon|Fire\n|move|p1a: Koraidon|Flame Charge|p2a: testing5\n|-supereffective|p2a: testing5\n|-damage|p2a: testing5|1\/100\n|-boost|p1a: Koraidon|spe|1\n|move|p2a: testing5|Air Slash|p1a: Koraidon\n|-damage|p1a: Koraidon|83\/100\n|\n|-weather|SunnyDay|[upkeep]\n|upkeep\n|turn|10\n|\n|t:|1697454826\n|switch|p2a: testing2|Palafin-Hero, M|100\/100\n|-activate|p2a: testing2|ability: Zero to Hero\n|move|p1a: Koraidon|Swords Dance|p1a: Koraidon\n|-boost|p1a: Koraidon|atk|2\n|\n|-weather|SunnyDay|[upkeep]\n|-fieldend|move: Electric Terrain\n|upkeep\n|turn|11\n|\n|t:|1697454837\n|move|p1a: Koraidon|Collision Course|p2a: testing2\n|-damage|p2a: testing2|0 fnt\n|faint|p2a: testing2\n|\n|-weather|SunnyDay|[upkeep]\n|upkeep\n|\n|t:|1697454844\n|switch|p2a: testing3|Maushold|100\/100\n|turn|12\n|\n|t:|1697454848\n|move|p1a: Koraidon|Collision Course|p2a: testing3\n|-supereffective|p2a: testing3\n|-damage|p2a: testing3|0 fnt\n|faint|p2a: testing3\n|\n|-weather|SunnyDay|[upkeep]\n|upkeep\n|c|\u2606riotbissau|its Wraps\n|\n|t:|1697454855\n|switch|p2a: testing5|Corviknight, M|1\/100\n|turn|13\n|\n|t:|1697454859\n|move|p1a: Koraidon|Flame Charge|p2a: testing5\n|-supereffective|p2a: testing5\n|-damage|p2a: testing5|0 fnt\n|-boost|p1a: Koraidon|spe|1\n|faint|p2a: testing5\n|\n|win|riotbissau\n|raw|riotbissau's rating: 1096 &rarr; <strong>1115<\/strong><br \/>(+19 for winning)\n|raw|sigma jake's rating: 1000 &rarr; <strong>1000<\/strong><br \/>(+0 for losing)\n|l|\u2606sigma jake\n","uploadtime":1697454882,"views":11,"p1id":"riotbissau","p2id":"sigmajake","formatid":"gen9ubers","rating":1000,"private":0,"password":""}