{"id":"gen9ubers-1988120508","p1":"Nerbertgreen","p2":"phionehead11","format":"[Gen 9] Ubers","log":"|j|\u2606Nerbertgreen\n|j|\u2606phionehead11\n|t:|1699672073\n|gametype|singles\n|player|p1|Nerbertgreen|170|\n|player|p2|phionehead11|harlequin|\n|teamsize|p1|6\n|teamsize|p2|6\n|gen|9\n|tier|[Gen 9] Ubers\n|rule|Sleep Clause Mod: Limit one foe put to sleep\n|rule|Species Clause: Limit one of each Pok\u00e9mon\n|rule|OHKO Clause: OHKO moves are banned\n|rule|Evasion Items Clause: Evasion items are banned\n|rule|Evasion Moves Clause: Evasion moves are banned\n|rule|Endless Battle Clause: Forcing endless battles is banned\n|rule|HP Percentage Mod: HP is shown in percentages\n|clearpoke\n|poke|p1|Electrode|\n|poke|p1|Furret, F|\n|poke|p1|Girafarig, M|\n|poke|p1|Klawf, F|\n|poke|p1|Wigglytuff, F|\n|poke|p1|Calyrex|\n|poke|p2|Phione|\n|poke|p2|Bisharp, F|\n|poke|p2|Annihilape, F|\n|poke|p2|Thundurus, M|\n|poke|p2|Munkidori, M|\n|poke|p2|Pelipper, F|\n|teampreview\n|\n|t:|1699672105\n|start\n|switch|p1a: Dyr'ckin|Electrode|100\/100\n|switch|p2a: Katrina|Pelipper, F|100\/100\n|-weather|RainDance|[from] ability: Drizzle|[of] p2a: Katrina\n|turn|1\n|\n|t:|1699672137\n|move|p1a: Dyr'ckin|Volt Switch|p2a: Katrina\n|-supereffective|p2a: Katrina\n|-damage|p2a: Katrina|0 fnt\n|faint|p2a: Katrina\n|\n|t:|1699672158\n|switch|p1a: Money Horse|Girafarig, M|100\/100|[from] Volt Switch\n|\n|-weather|RainDance|[upkeep]\n|upkeep\n|\n|t:|1699672174\n|switch|p2a: Veiwtiful Jo Mama|Bisharp, F|100\/100\n|turn|2\n|\n|t:|1699672182\n|-terastallize|p1a: Money Horse|Normal\n|move|p2a: Veiwtiful Jo Mama|Swords Dance|p2a: Veiwtiful Jo Mama\n|-boost|p2a: Veiwtiful Jo Mama|atk|2\n|move|p1a: Money Horse|Thunder Wave|p2a: Veiwtiful Jo Mama\n|-status|p2a: Veiwtiful Jo Mama|par\n|\n|-weather|RainDance|[upkeep]\n|upkeep\n|turn|3\n|\n|t:|1699672195\n|-terastallize|p2a: Veiwtiful Jo Mama|Ghost\n|move|p1a: Money Horse|Foul Play|p2a: Veiwtiful Jo Mama\n|-supereffective|p2a: Veiwtiful Jo Mama\n|-damage|p2a: Veiwtiful Jo Mama|0 fnt\n|faint|p2a: Veiwtiful Jo Mama\n|\n|-weather|RainDance|[upkeep]\n|upkeep\n|\n|t:|1699672228\n|switch|p2a: Homar Simpson|Thundurus, M|100\/100\n|turn|4\n|\n|t:|1699672238\n|switch|p1a: Pick'n Stick'n|Calyrex|100\/100\n|-ability|p1a: Pick'n Stick'n|Unnerve\n|move|p2a: Homar Simpson|Focus Blast|p1a: Pick'n Stick'n|[miss]\n|-miss|p2a: Homar Simpson|p1a: Pick'n Stick'n\n|\n|-weather|RainDance|[upkeep]\n|upkeep\n|turn|5\n|\n|t:|1699672246\n|move|p2a: Homar Simpson|Thunder Wave|p1a: Pick'n Stick'n|[miss]\n|-miss|p2a: Homar Simpson|p1a: Pick'n Stick'n\n|move|p1a: Pick'n Stick'n|Metronome|p1a: Pick'n Stick'n\n|move|p1a: Pick'n Stick'n|Bind|p2a: Homar Simpson|[from]move: Metronome\n|-damage|p2a: Homar Simpson|96\/100\n|-activate|p2a: Homar Simpson|move: Bind|[of] p1a: Pick'n Stick'n\n|\n|-weather|none\n|-damage|p2a: Homar Simpson|83\/100|[from] move: Bind|[partiallytrapped]\n|upkeep\n|turn|6\n|\n|t:|1699672256\n|move|p2a: Homar Simpson|Thunder Wave|p1a: Pick'n Stick'n\n|-status|p1a: Pick'n Stick'n|par\n|move|p1a: Pick'n Stick'n|Metronome|p1a: Pick'n Stick'n\n|move|p1a: Pick'n Stick'n|Flying Press|p2a: Homar Simpson|[from]move: Metronome|[miss]\n|-miss|p1a: Pick'n Stick'n|p2a: Homar Simpson\n|\n|-damage|p2a: Homar Simpson|71\/100|[from] move: Bind|[partiallytrapped]\n|upkeep\n|turn|7\n|\n|t:|1699672284\n|move|p2a: Homar Simpson|Thunderbolt|p1a: Pick'n Stick'n\n|-resisted|p1a: Pick'n Stick'n\n|-damage|p1a: Pick'n Stick'n|69\/100 par\n|-damage|p2a: Homar Simpson|61\/100|[from] item: Life Orb\n|move|p1a: Pick'n Stick'n|Metronome|p1a: Pick'n Stick'n\n|move|p1a: Pick'n Stick'n|Flamethrower|p2a: Homar Simpson|[from]move: Metronome\n|-damage|p2a: Homar Simpson|38\/100\n|\n|-heal|p1a: Pick'n Stick'n|75\/100 par|[from] item: Leftovers\n|-damage|p2a: Homar Simpson|25\/100|[from] move: Bind|[partiallytrapped]\n|upkeep\n|turn|8\n|\n|t:|1699672297\n|move|p2a: Homar Simpson|Thunderbolt|p1a: Pick'n Stick'n\n|-resisted|p1a: Pick'n Stick'n\n|-damage|p1a: Pick'n Stick'n|43\/100 par\n|-damage|p2a: Homar Simpson|16\/100|[from] item: Life Orb\n|move|p1a: Pick'n Stick'n|Metronome|p1a: Pick'n Stick'n\n|move|p1a: Pick'n Stick'n|Ancient Power|p2a: Homar Simpson|[from]move: Metronome\n|-supereffective|p2a: Homar Simpson\n|-damage|p2a: Homar Simpson|0 fnt\n|faint|p2a: Homar Simpson\n|\n|-heal|p1a: Pick'n Stick'n|50\/100 par|[from] item: Leftovers\n|upkeep\n|\n|t:|1699672308\n|switch|p2a: CURSE OF RA|Annihilape, F|100\/100\n|turn|9\n|\n|t:|1699672311\n|move|p2a: CURSE OF RA|Rage Fist|p1a: Pick'n Stick'n\n|-supereffective|p1a: Pick'n Stick'n\n|-damage|p1a: Pick'n Stick'n|0 fnt\n|faint|p1a: Pick'n Stick'n\n|\n|upkeep\n|\n|t:|1699672323\n|switch|p1a: Daddy Day Care|Wigglytuff, F|100\/100\n|turn|10\n|\n|t:|1699672331\n|switch|p2a: Chulip|Munkidori, M|100\/100\n|move|p1a: Daddy Day Care|Hyper Voice|p2a: Chulip\n|-damage|p2a: Chulip|28\/100\n|\n|upkeep\n|turn|11\n|\n|t:|1699672344\n|switch|p1a: Money Horse|Girafarig, M, tera:Normal|100\/100\n|move|p2a: Chulip|Sludge Wave|p1a: Money Horse\n|-damage|p1a: Money Horse|71\/100\n|-status|p1a: Money Horse|psn\n|\n|-damage|p1a: Money Horse|59\/100 psn|[from] psn\n|upkeep\n|turn|12\n|\n|t:|1699672358\n|move|p2a: Chulip|Sludge Wave|p1a: Money Horse\n|-damage|p1a: Money Horse|29\/100 psn\n|move|p1a: Money Horse|Rest|p1a: Money Horse\n|-status|p1a: Money Horse|slp|[from] move: Rest\n|-heal|p1a: Money Horse|100\/100 slp|[silent]\n|\n|upkeep\n|turn|13\n|\n|t:|1699672368\n|switch|p2a: CURSE OF RA|Annihilape, F|100\/100\n|cant|p1a: Money Horse|slp\n|move|p1a: Money Horse|Sleep Talk|p1a: Money Horse\n|move|p1a: Money Horse|Foul Play|p2a: CURSE OF RA|[from]move: Sleep Talk\n|-damage|p2a: CURSE OF RA|66\/100\n|\n|upkeep\n|turn|14\n|\n|t:|1699672375\n|move|p2a: CURSE OF RA|Close Combat|p1a: Money Horse\n|-supereffective|p1a: Money Horse\n|-damage|p1a: Money Horse|0 fnt\n|-unboost|p2a: CURSE OF RA|def|1\n|-unboost|p2a: CURSE OF RA|spd|1\n|faint|p1a: Money Horse\n|\n|upkeep\n|\n|t:|1699672384\n|switch|p1a: Daddy Day Care|Wigglytuff, F|100\/100\n|turn|15\n|\n|t:|1699672388\n|move|p2a: CURSE OF RA|Close Combat|p1a: Daddy Day Care\n|-damage|p1a: Daddy Day Care|14\/100\n|-unboost|p2a: CURSE OF RA|def|1\n|-unboost|p2a: CURSE OF RA|spd|1\n|move|p1a: Daddy Day Care|Dazzling Gleam|p2a: CURSE OF RA\n|-supereffective|p2a: CURSE OF RA\n|-damage|p2a: CURSE OF RA|0 fnt\n|faint|p2a: CURSE OF RA\n|\n|upkeep\n|\n|t:|1699672401\n|switch|p2a: Chulip|Munkidori, M|28\/100\n|turn|16\n|\n|t:|1699672408\n|move|p2a: Chulip|Sludge Wave|p1a: Daddy Day Care\n|-supereffective|p1a: Daddy Day Care\n|-damage|p1a: Daddy Day Care|0 fnt\n|faint|p1a: Daddy Day Care\n|\n|upkeep\n|\n|t:|1699672422\n|switch|p1a: Crab Latin|Klawf, F|100\/100\n|turn|17\n|\n|t:|1699672426\n|move|p2a: Chulip|Sludge Wave|p1a: Crab Latin\n|-resisted|p1a: Crab Latin\n|-damage|p1a: Crab Latin|57\/100\n|move|p1a: Crab Latin|Knock Off|p2a: Chulip\n|-supereffective|p2a: Chulip\n|-damage|p2a: Chulip|0 fnt\n|-enditem|p2a: Chulip|Choice Scarf|[from] move: Knock Off|[of] p1a: Crab Latin\n|faint|p2a: Chulip\n|-damage|p1a: Crab Latin|47\/100|[from] item: Life Orb\n|\n|upkeep\n|\n|t:|1699672435\n|switch|p2a: Calamity Bringer|Phione, shiny|100\/100\n|turn|18\n|\n|t:|1699672449\n|move|p2a: Calamity Bringer|Scald|p1a: Crab Latin\n|-supereffective|p1a: Crab Latin\n|-damage|p1a: Crab Latin|0 fnt\n|faint|p1a: Crab Latin\n|-damage|p2a: Calamity Bringer|91\/100|[from] item: Life Orb\n|\n|upkeep\n|\n|t:|1699672457\n|switch|p1a: Spring Cleaning|Furret, F|100\/100\n|-item|p2a: Calamity Bringer|Life Orb|[from] ability: Frisk|[of] p1a: Spring Cleaning|[identify]\n|turn|19\n|\n|t:|1699672463\n|move|p1a: Spring Cleaning|Tidy Up|p1a: Spring Cleaning\n|-boost|p1a: Spring Cleaning|atk|1\n|-boost|p1a: Spring Cleaning|spe|1\n|move|p2a: Calamity Bringer|Scald|p1a: Spring Cleaning\n|-damage|p1a: Spring Cleaning|28\/100\n|-damage|p2a: Calamity Bringer|81\/100|[from] item: Life Orb\n|\n|upkeep\n|turn|20\n|\n|t:|1699672471\n|move|p1a: Spring Cleaning|Last Resort|p2a: Calamity Bringer\n|-damage|p2a: Calamity Bringer|0 fnt\n|faint|p2a: Calamity Bringer\n|-damage|p1a: Spring Cleaning|18\/100|[from] item: Life Orb\n|\n|win|Nerbertgreen\n|l|\u2606phionehead11\n","uploadtime":1699672516,"views":11,"p1id":"nerbertgreen","p2id":"phionehead11","formatid":"gen9ubers","rating":0,"private":0,"password":""}