{"id":"gen9ubers-1971983994","p1":"h4v","p2":"Roxlife","format":"[Gen 9] Ubers","log":"|j|\u2606h4v\n|j|\u2606Roxlife\n|t:|1697801291\n|gametype|singles\n|player|p1|h4v|shauna-masters|1175\n|player|p2|Roxlife|lance|1103\n|teamsize|p1|6\n|teamsize|p2|6\n|gen|9\n|tier|[Gen 9] Ubers\n|rated|\n|rule|Sleep Clause Mod: Limit one foe put to sleep\n|rule|Species Clause: Limit one of each Pok\u00e9mon\n|rule|OHKO Clause: OHKO moves are banned\n|rule|Evasion Items Clause: Evasion items are banned\n|rule|Evasion Moves Clause: Evasion moves are banned\n|rule|Endless Battle Clause: Forcing endless battles is banned\n|rule|HP Percentage Mod: HP is shown in percentages\n|clearpoke\n|poke|p1|Grimmsnarl, M|\n|poke|p1|Miraidon|\n|poke|p1|Chien-Pao|\n|poke|p1|Koraidon|\n|poke|p1|Iron Moth|\n|poke|p1|Espathra, M|\n|poke|p2|Regieleki|\n|poke|p2|Chi-Yu|\n|poke|p2|Chien-Pao|\n|poke|p2|Miraidon|\n|poke|p2|Zacian-*|\n|poke|p2|Koraidon|\n|teampreview\n|inactive|Battle timer is ON: inactive players will automatically lose when time's up. (requested by h4v)\n|\n|t:|1697801295\n|start\n|switch|p1a: Grimmsnarl|Grimmsnarl, M|100\/100\n|switch|p2a: Koraidon|Koraidon|100\/100\n|-weather|SunnyDay|[from] ability: Orichalcum Pulse|[of] p2a: Koraidon\n|-activate|p2a: Koraidon|Orichalcum Pulse|[source]\n|turn|1\n|inactive|h4v has 120 seconds left.\n|\n|t:|1697801327\n|move|p1a: Grimmsnarl|Reflect|p1a: Grimmsnarl\n|-sidestart|p1: h4v|Reflect\n|move|p2a: Koraidon|Collision Course|p1a: Grimmsnarl\n|-damage|p1a: Grimmsnarl|44\/100\n|-damage|p2a: Koraidon|91\/100|[from] item: Life Orb\n|\n|-weather|SunnyDay|[upkeep]\n|upkeep\n|turn|2\n|\n|t:|1697801334\n|move|p2a: Koraidon|Collision Course|p1a: Grimmsnarl\n|-damage|p1a: Grimmsnarl|0 fnt\n|faint|p1a: Grimmsnarl\n|-damage|p2a: Koraidon|81\/100|[from] item: Life Orb\n|\n|-weather|SunnyDay|[upkeep]\n|upkeep\n|inactive|h4v has 120 seconds left.\n|\n|t:|1697801351\n|switch|p1a: Chien-Pao|Chien-Pao|100\/100\n|-ability|p1a: Chien-Pao|Sword of Ruin\n|turn|3\n|\n|t:|1697801358\n|-terastallize|p2a: Koraidon|Fighting\n|move|p2a: Koraidon|Collision Course|p1a: Chien-Pao\n|-supereffective|p1a: Chien-Pao\n|-damage|p1a: Chien-Pao|0 fnt\n|faint|p1a: Chien-Pao\n|-damage|p2a: Koraidon|71\/100|[from] item: Life Orb\n|\n|-weather|SunnyDay|[upkeep]\n|upkeep\n|inactive|h4v has 120 seconds left.\n|\n|t:|1697801382\n|switch|p1a: Espathra|Espathra, M|100\/100\n|turn|4\n|inactive|h4v has 120 seconds left.\n|\n|t:|1697801392\n|move|p2a: Koraidon|Dragon Claw|p1a: Espathra\n|-damage|p1a: Espathra|39\/100\n|-damage|p2a: Koraidon|61\/100|[from] item: Life Orb\n|move|p1a: Espathra|Calm Mind|p1a: Espathra\n|-boost|p1a: Espathra|spa|1\n|-boost|p1a: Espathra|spd|1\n|\n|-weather|SunnyDay|[upkeep]\n|-ability|p1a: Espathra|Speed Boost|boost\n|-boost|p1a: Espathra|spe|1\n|upkeep\n|turn|5\n|\n|t:|1697801404\n|move|p1a: Espathra|Stored Power|p2a: Koraidon\n|-supereffective|p2a: Koraidon\n|-damage|p2a: Koraidon|0 fnt\n|faint|p2a: Koraidon\n|\n|-weather|none\n|-ability|p1a: Espathra|Speed Boost|boost\n|-boost|p1a: Espathra|spe|1\n|upkeep\n|\n|t:|1697801412\n|switch|p2a: Regieleki|Regieleki|100\/100\n|turn|6\n|\n|t:|1697801429\n|move|p1a: Espathra|Stored Power|p2a: Regieleki\n|-damage|p2a: Regieleki|0 fnt\n|faint|p2a: Regieleki\n|\n|-ability|p1a: Espathra|Speed Boost|boost\n|-boost|p1a: Espathra|spe|1\n|upkeep\n|c|\u2606Roxlife|fuck this shit\n|\n|t:|1697801441\n|switch|p2a: Miraidon|Miraidon|100\/100\n|-fieldstart|move: Electric Terrain|[from] ability: Hadron Engine|[of] p2a: Miraidon\n|-enditem|p1a: Espathra|Electric Seed\n|-boost|p1a: Espathra|def|1|[from] item: Electric Seed\n|turn|7\n|\n|t:|1697801456\n|move|p1a: Espathra|Stored Power|p2a: Miraidon\n|-crit|p2a: Miraidon\n|-damage|p2a: Miraidon|0 fnt\n|faint|p2a: Miraidon\n|\n|-ability|p1a: Espathra|Speed Boost|boost\n|-boost|p1a: Espathra|spe|1\n|upkeep\n|c|\u2606Roxlife|stop\n|\n|t:|1697801463\n|switch|p2a: Zacian|Zacian-Crowned|100\/100\n|-ability|p2a: Zacian|Intrepid Sword|boost\n|-boost|p2a: Zacian|atk|1\n|turn|8\n|\n|t:|1697801479\n|move|p1a: Espathra|Stored Power|p2a: Zacian\n|-resisted|p2a: Zacian\n|-damage|p2a: Zacian|47\/100\n|move|p2a: Zacian|Behemoth Blade|p1a: Espathra\n|-damage|p1a: Espathra|0 fnt\n|faint|p1a: Espathra\n|\n|-sideend|p1: h4v|Reflect\n|upkeep\n|c|\u2606Roxlife|just let me kill this fucking istrich\n|\n|t:|1697801485\n|switch|p1a: Koraidon|Koraidon|100\/100\n|-weather|SunnyDay|[from] ability: Orichalcum Pulse|[of] p1a: Koraidon\n|-activate|p1a: Koraidon|Orichalcum Pulse|[source]\n|turn|9\n|c|\u2606Roxlife|finally\n|\n|t:|1697801497\n|-terastallize|p1a: Koraidon|Fire\n|move|p2a: Zacian|Play Rough|p1a: Koraidon\n|-resisted|p1a: Koraidon\n|-damage|p1a: Koraidon|70\/100\n|move|p1a: Koraidon|Flame Charge|p2a: Zacian\n|-supereffective|p2a: Zacian\n|-damage|p2a: Zacian|0 fnt\n|-boost|p1a: Koraidon|spe|1\n|faint|p2a: Zacian\n|\n|-weather|SunnyDay|[upkeep]\n|-heal|p1a: Koraidon|76\/100|[from] item: Leftovers\n|upkeep\n|\n|t:|1697801512\n|switch|p2a: Chi-Yu|Chi-Yu|100\/100\n|-ability|p2a: Chi-Yu|Beads of Ruin\n|turn|10\n|\n|t:|1697801520\n|move|p1a: Koraidon|Dragon Claw|p2a: Chi-Yu\n|-damage|p2a: Chi-Yu|16\/100\n|move|p2a: Chi-Yu|Overheat|p1a: Koraidon\n|-resisted|p1a: Koraidon\n|-damage|p1a: Koraidon|6\/100\n|-unboost|p2a: Chi-Yu|spa|2\n|-enditem|p2a: Chi-Yu|White Herb\n|-clearnegativeboost|p2a: Chi-Yu|[silent]\n|\n|-weather|SunnyDay|[upkeep]\n|-heal|p1a: Koraidon|12\/100|[from] item: Leftovers\n|upkeep\n|turn|11\n|\n|t:|1697801531\n|move|p1a: Koraidon|Dragon Claw|p2a: Chi-Yu\n|-damage|p2a: Chi-Yu|0 fnt\n|faint|p2a: Chi-Yu\n|\n|-weather|SunnyDay|[upkeep]\n|-heal|p1a: Koraidon|19\/100|[from] item: Leftovers\n|-fieldend|move: Electric Terrain\n|upkeep\n|\n|t:|1697801540\n|switch|p2a: Chien-Pao|Chien-Pao|100\/100\n|-ability|p2a: Chien-Pao|Sword of Ruin\n|turn|12\n|inactive|Roxlife has 120 seconds left.\n|\n|t:|1697801568\n|move|p1a: Koraidon|Dragon Claw|p2a: Chien-Pao\n|-damage|p2a: Chien-Pao|31\/100\n|move|p2a: Chien-Pao|Crunch|p1a: Koraidon\n|-damage|p1a: Koraidon|0 fnt\n|faint|p1a: Koraidon\n|-damage|p2a: Chien-Pao|21\/100|[from] item: Life Orb\n|\n|-weather|SunnyDay|[upkeep]\n|upkeep\n|inactive|h4v has 120 seconds left.\n|\n|t:|1697801600\n|switch|p1a: Iron Moth|Iron Moth|100\/100\n|-enditem|p1a: Iron Moth|Booster Energy\n|-activate|p1a: Iron Moth|ability: Quark Drive|[fromitem]\n|-start|p1a: Iron Moth|quarkdrivespa\n|turn|13\n|c|\u2606Roxlife|nooo\n|c|\u2606h4v|gg\n|inactive|Roxlife has 120 seconds left.\n|\n|t:|1697801618\n|move|p2a: Chien-Pao|Crunch|p1a: Iron Moth\n|-damage|p1a: Iron Moth|0 fnt\n|faint|p1a: Iron Moth\n|-end|p1a: Iron Moth|Quark Drive|[silent]\n|-damage|p2a: Chien-Pao|11\/100|[from] item: Life Orb\n|\n|-weather|none\n|upkeep\n|c|\u2606h4v|oh damn\n|\n|t:|1697801629\n|switch|p1a: Miraidon|Miraidon|100\/100\n|-fieldstart|move: Electric Terrain|[from] ability: Hadron Engine|[of] p1a: Miraidon\n|turn|14\n|c|\u2606Roxlife|if you win this speed tie i lose\n|\n|t:|1697801638\n|move|p2a: Chien-Pao|Ice Spinner|p1a: Miraidon\n|-supereffective|p1a: Miraidon\n|-crit|p1a: Miraidon\n|-damage|p1a: Miraidon|0 fnt\n|-fieldend|move: Electric Terrain\n|faint|p1a: Miraidon\n|-damage|p2a: Chien-Pao|1\/100|[from] item: Life Orb\n|\n|win|Roxlife\n|raw|h4v's rating: 1166 &rarr; <strong>1137<\/strong><br \/>(-29 for losing)\n|raw|Roxlife's rating: 1103 &rarr; <strong>1132<\/strong><br \/>(+29 for winning)\n","uploadtime":1697801437,"views":9,"p1id":"h4v","p2id":"roxlife","formatid":"gen9ubers","rating":1132,"private":0,"password":""}