{"id":"gen9ubers-1985654934","p1":"remlicity","p2":"AubreyOmori1","format":"[Gen 9] Ubers","log":"|j|\u203dremlicity\n|j|\u2606AubreyOmori1\n|t:|1699392769\n|gametype|singles\n|player|p1|remlicity|1|1328\n|player|p2|AubreyOmori1|roxie|1379\n|teamsize|p1|6\n|teamsize|p2|6\n|gen|9\n|tier|[Gen 9] Ubers\n|rated|\n|rule|Sleep Clause Mod: Limit one foe put to sleep\n|rule|Species Clause: Limit one of each Pok\u00e9mon\n|rule|OHKO Clause: OHKO moves are banned\n|rule|Evasion Items Clause: Evasion items are banned\n|rule|Evasion Moves Clause: Evasion moves are banned\n|rule|Endless Battle Clause: Forcing endless battles is banned\n|rule|HP Percentage Mod: HP is shown in percentages\n|clearpoke\n|poke|p1|Froslass, F|\n|poke|p1|Zacian-*|\n|poke|p1|Chien-Pao|\n|poke|p1|Miraidon|\n|poke|p1|Dragonite, M|\n|poke|p1|Flutter Mane|\n|poke|p2|Ribombee, F|\n|poke|p2|Arceus|\n|poke|p2|Miraidon|\n|poke|p2|Zacian-*|\n|poke|p2|Koraidon|\n|poke|p2|Flutter Mane|\n|teampreview\n|\n|t:|1699392775\n|start\n|switch|p1a: Froslass|Froslass, F|100\/100\n|switch|p2a: Needle|Ribombee, F, shiny|100\/100\n|turn|1\n|\n|t:|1699392782\n|move|p2a: Needle|Sticky Web|p1a: Froslass\n|-sidestart|p1: remlicity|move: Sticky Web\n|move|p1a: Froslass|Taunt|p2a: Needle\n|-start|p2a: Needle|move: Taunt\n|\n|upkeep\n|turn|2\n|\n|t:|1699392789\n|move|p2a: Needle|Moonblast|p1a: Froslass\n|-damage|p1a: Froslass|38\/100\n|move|p1a: Froslass|Spikes|p2a: Needle\n|-sidestart|p2: AubreyOmori1|Spikes\n|\n|upkeep\n|turn|3\n|\n|t:|1699392799\n|move|p2a: Needle|Moonblast|p1a: Froslass\n|-damage|p1a: Froslass|0 fnt\n|faint|p1a: Froslass\n|\n|upkeep\n|\n|t:|1699392804\n|switch|p1a: Zacian|Zacian-Crowned|100\/100\n|-activate|p1a: Zacian|move: Sticky Web\n|-unboost|p1a: Zacian|spe|1\n|-ability|p1a: Zacian|Intrepid Sword|boost\n|-boost|p1a: Zacian|atk|1\n|turn|4\n|\n|t:|1699392823\n|move|p2a: Needle|Moonblast|p1a: Zacian\n|-resisted|p1a: Zacian\n|-damage|p1a: Zacian|81\/100\n|move|p1a: Zacian|Behemoth Blade|p2a: Needle\n|-supereffective|p2a: Needle\n|-enditem|p2a: Needle|Focus Sash\n|-damage|p2a: Needle|1\/100\n|\n|-end|p2a: Needle|move: Taunt\n|upkeep\n|turn|5\n|\n|t:|1699392837\n|move|p2a: Needle|Stun Spore|p1a: Zacian\n|-status|p1a: Zacian|par\n|move|p1a: Zacian|Behemoth Blade|p2a: Needle\n|-supereffective|p2a: Needle\n|-damage|p2a: Needle|0 fnt\n|faint|p2a: Needle\n|\n|upkeep\n|\n|t:|1699392843\n|switch|p2a: Yoshi|Koraidon|100\/100\n|-damage|p2a: Yoshi|88\/100|[from] Spikes\n|-weather|SunnyDay|[from] ability: Orichalcum Pulse|[of] p2a: Yoshi\n|-activate|p2a: Yoshi|Orichalcum Pulse|[source]\n|turn|6\n|\n|t:|1699392853\n|move|p2a: Yoshi|Flare Blitz|p1a: Zacian\n|-supereffective|p1a: Zacian\n|-damage|p1a: Zacian|0 fnt\n|faint|p1a: Zacian\n|-damage|p2a: Yoshi|63\/100|[from] Recoil\n|\n|-weather|SunnyDay|[upkeep]\n|upkeep\n|\n|t:|1699392860\n|switch|p1a: Miraidon|Miraidon|100\/100\n|-activate|p1a: Miraidon|move: Sticky Web\n|-unboost|p1a: Miraidon|spe|1\n|-fieldstart|move: Electric Terrain|[from] ability: Hadron Engine|[of] p1a: Miraidon\n|turn|7\n|\n|t:|1699392866\n|-terastallize|p1a: Miraidon|Fairy\n|move|p2a: Yoshi|Scale Shot|p1a: Miraidon\n|-immune|p1a: Miraidon\n|move|p1a: Miraidon|Dazzling Gleam|p2a: Yoshi\n|-supereffective|p2a: Yoshi\n|-damage|p2a: Yoshi|0 fnt\n|faint|p2a: Yoshi\n|-damage|p1a: Miraidon|91\/100|[from] item: Life Orb\n|\n|-weather|SunnyDay|[upkeep]\n|upkeep\n|\n|t:|1699392870\n|switch|p2a: Hero|Zacian-Crowned, shiny|100\/100\n|-damage|p2a: Hero|88\/100|[from] Spikes\n|-ability|p2a: Hero|Intrepid Sword|boost\n|-boost|p2a: Hero|atk|1\n|turn|8\n|\n|t:|1699392882\n|move|p2a: Hero|Behemoth Blade|p1a: Miraidon\n|-supereffective|p1a: Miraidon\n|-damage|p1a: Miraidon|0 fnt\n|faint|p1a: Miraidon\n|\n|-weather|SunnyDay|[upkeep]\n|upkeep\n|\n|t:|1699392889\n|switch|p1a: Dragonite|Dragonite, M|100\/100\n|turn|9\n|\n|t:|1699392894\n|move|p2a: Hero|Play Rough|p1a: Dragonite\n|-supereffective|p1a: Dragonite\n|-damage|p1a: Dragonite|15\/100\n|move|p1a: Dragonite|Earthquake|p2a: Hero\n|-supereffective|p2a: Hero\n|-damage|p2a: Hero|13\/100\n|\n|-weather|SunnyDay|[upkeep]\n|upkeep\n|turn|10\n|\n|t:|1699392902\n|move|p1a: Dragonite|Extreme Speed|p2a: Hero\n|-resisted|p2a: Hero\n|-damage|p2a: Hero|0 fnt\n|faint|p2a: Hero\n|\n|-weather|none\n|upkeep\n|\n|t:|1699392909\n|switch|p2a: Amelia|Flutter Mane|100\/100\n|-damage|p2a: Amelia|88\/100|[from] Spikes\n|turn|11\n|\n|t:|1699392915\n|move|p2a: Amelia|Moonblast|p1a: Dragonite\n|-supereffective|p1a: Dragonite\n|-damage|p1a: Dragonite|0 fnt\n|faint|p1a: Dragonite\n|-damage|p2a: Amelia|78\/100|[from] item: Life Orb\n|\n|-fieldend|move: Electric Terrain\n|upkeep\n|\n|t:|1699392922\n|switch|p1a: Chien-Pao|Chien-Pao|100\/100\n|-activate|p1a: Chien-Pao|move: Sticky Web\n|-unboost|p1a: Chien-Pao|spe|1\n|-ability|p1a: Chien-Pao|Sword of Ruin\n|turn|12\n|\n|t:|1699392928\n|-terastallize|p2a: Amelia|Fairy\n|move|p1a: Chien-Pao|Sucker Punch|p2a: Amelia\n|-resisted|p2a: Amelia\n|-damage|p2a: Amelia|9\/100\n|-damage|p1a: Chien-Pao|91\/100|[from] item: Life Orb\n|move|p2a: Amelia|Moonblast|p1a: Chien-Pao\n|-supereffective|p1a: Chien-Pao\n|-damage|p1a: Chien-Pao|0 fnt\n|faint|p1a: Chien-Pao\n|-damage|p2a: Amelia|0 fnt|[from] item: Life Orb\n|faint|p2a: Amelia\n|-end|p2a: Amelia|Protosynthesis|[silent]\n|\n|upkeep\n|\n|t:|1699392939\n|switch|p2a: Robot Flower|Miraidon|100\/100\n|switch|p1a: Flutter Mane|Flutter Mane|100\/100\n|-damage|p2a: Robot Flower|88\/100|[from] Spikes\n|-fieldstart|move: Electric Terrain|[from] ability: Hadron Engine|[of] p2a: Robot Flower\n|-activate|p1a: Flutter Mane|move: Sticky Web\n|-unboost|p1a: Flutter Mane|spe|1\n|turn|13\n|\n|t:|1699392947\n|move|p2a: Robot Flower|Electro Drift|p1a: Flutter Mane\n|-crit|p1a: Flutter Mane\n|-damage|p1a: Flutter Mane|0 fnt\n|faint|p1a: Flutter Mane\n|-end|p1a: Flutter Mane|Protosynthesis|[silent]\n|-damage|p2a: Robot Flower|78\/100|[from] item: Life Orb\n|\n|win|AubreyOmori1\n|raw|remlicity's rating: 1328 &rarr; <strong>1311<\/strong><br \/>(-17 for losing)\n|raw|AubreyOmori1's rating: 1379 &rarr; <strong>1396<\/strong><br \/>(+17 for winning)\n|l|\u203dremlicity\n","uploadtime":1699392952,"views":5,"p1id":"remlicity","p2id":"aubreyomori1","formatid":"gen9ubers","rating":1311,"private":0,"password":""}