{"id":"gen9ubers-2000086916","p1":"Milu 8","p2":"mna.308","format":"[Gen 9] Ubers","log":"|j|\u2606Milu 8\n|j|\u2606mna.308\n|t:|1701152297\n|gametype|singles\n|player|p1|Milu 8|102|1128\n|player|p2|mna.308|101|1113\n|teamsize|p1|6\n|teamsize|p2|6\n|gen|9\n|tier|[Gen 9] Ubers\n|rated|\n|rule|Sleep Clause Mod: Limit one foe put to sleep\n|rule|Species Clause: Limit one of each Pok\u00e9mon\n|rule|OHKO Clause: OHKO moves are banned\n|rule|Evasion Items Clause: Evasion items are banned\n|rule|Evasion Moves Clause: Evasion moves are banned\n|rule|Endless Battle Clause: Forcing endless battles is banned\n|rule|HP Percentage Mod: HP is shown in percentages\n|clearpoke\n|poke|p1|Zacian-*|\n|poke|p1|Cyclizar, M|\n|poke|p1|Chansey, F|\n|poke|p1|Arceus-Psychic|\n|poke|p1|Flutter Mane|\n|poke|p1|Walking Wake|\n|poke|p2|Grimmsnarl, M|\n|poke|p2|Arceus-Ground|\n|poke|p2|Miraidon|\n|poke|p2|Sneasler, M|\n|poke|p2|Calyrex-Ice|\n|poke|p2|Zacian-*|\n|teampreview\n|\n|t:|1701152351\n|start\n|switch|p1a: Cyclizar|Cyclizar, M|100\/100\n|switch|p2a: Grimmsnarl|Grimmsnarl, M|100\/100\n|turn|1\n|\n|t:|1701152359\n|move|p2a: Grimmsnarl|Light Screen|p2a: Grimmsnarl\n|-sidestart|p2: mna.308|move: Light Screen\n|move|p1a: Cyclizar|Shed Tail|p1a: Cyclizar\n|-start|p1a: Cyclizar|Substitute|[from] move: Shed Tail\n|-damage|p1a: Cyclizar|50\/100\n|\n|t:|1701152367\n|switch|p1a: Zacian|Zacian-Crowned|100\/100|[from] Shed Tail\n|-ability|p1a: Zacian|Intrepid Sword|boost\n|-boost|p1a: Zacian|atk|1\n|\n|upkeep\n|turn|2\n|\n|t:|1701152382\n|-terastallize|p2a: Grimmsnarl|Steel\n|move|p2a: Grimmsnarl|Taunt|p1a: Zacian\n|-start|p1a: Zacian|move: Taunt\n|cant|p1a: Zacian|move: Taunt|Swords Dance\n|\n|upkeep\n|turn|3\n|\n|t:|1701152388\n|move|p1a: Zacian|Sacred Sword|p2a: Grimmsnarl\n|-supereffective|p2a: Grimmsnarl\n|-damage|p2a: Grimmsnarl|0 fnt\n|faint|p2a: Grimmsnarl\n|\n|upkeep\n|\n|t:|1701152410\n|switch|p2a: Arceus|Arceus-Ground|100\/100\n|turn|4\n|\n|t:|1701152415\n|move|p1a: Zacian|Trailblaze|p2a: Arceus\n|-supereffective|p2a: Arceus\n|-damage|p2a: Arceus|61\/100\n|-boost|p1a: Zacian|spe|1\n|move|p2a: Arceus|Earthquake|p1a: Zacian\n|-supereffective|p1a: Zacian\n|-end|p1a: Zacian|Substitute\n|\n|-end|p1a: Zacian|move: Taunt\n|upkeep\n|turn|5\n|\n|t:|1701152427\n|-terastallize|p1a: Zacian|Flying\n|move|p1a: Zacian|Swords Dance|p1a: Zacian\n|-boost|p1a: Zacian|atk|2\n|move|p2a: Arceus|Earthquake|p1a: Zacian\n|-immune|p1a: Zacian\n|\n|upkeep\n|turn|6\n|\n|t:|1701152433\n|move|p1a: Zacian|Trailblaze|p2a: Arceus\n|-supereffective|p2a: Arceus\n|-damage|p2a: Arceus|0 fnt\n|-boost|p1a: Zacian|spe|1\n|faint|p2a: Arceus\n|\n|upkeep\n|-message|mna.308 forfeited.\n|\n|win|Milu 8\n|raw|Milu 8's rating: 1128 &rarr; <strong>1152<\/strong><br \/>(+24 for winning)\n|raw|mna.308's rating: 1113 &rarr; <strong>1089<\/strong><br \/>(-24 for losing)\n|l|\u2606mna.308\n","uploadtime":1701152443,"views":1,"p1id":"milu8","p2id":"mna308","formatid":"gen9ubers","rating":1089,"private":0,"password":""}