{"id":"gen9ubers-1969259546","p1":"encryptus","p2":"HittouShura","format":"[Gen 9] Ubers","log":"|j|\u2606encryptus\n|j|\u2606HittouShura\n|t:|1697507057\n|gametype|singles\n|player|p1|encryptus|roxie|1179\n|player|p2|HittouShura|pokemonranger-gen4|1158\n|teamsize|p1|6\n|teamsize|p2|6\n|gen|9\n|tier|[Gen 9] Ubers\n|rated|\n|rule|Sleep Clause Mod: Limit one foe put to sleep\n|rule|Species Clause: Limit one of each Pok\u00e9mon\n|rule|OHKO Clause: OHKO moves are banned\n|rule|Evasion Items Clause: Evasion items are banned\n|rule|Evasion Moves Clause: Evasion moves are banned\n|rule|Endless Battle Clause: Forcing endless battles is banned\n|rule|HP Percentage Mod: HP is shown in percentages\n|clearpoke\n|poke|p1|Sneasler, F|\n|poke|p1|Kingambit, M|\n|poke|p1|Mewtwo|\n|poke|p1|Ursaluna-Bloodmoon, M|\n|poke|p1|Skeledirge, M|\n|poke|p1|Miraidon|\n|poke|p2|Landorus-Therian, M|\n|poke|p2|Dragonite, M|\n|poke|p2|Meowscarada, F|\n|poke|p2|Clefable, F|\n|poke|p2|Annihilape, F|\n|poke|p2|Ribombee, M|\n|teampreview\n|\n|t:|1697507066\n|start\n|switch|p1a: MiraidonDEEZ|Miraidon|100\/100\n|switch|p2a: Ribombee|Ribombee, M|100\/100\n|-fieldstart|move: Electric Terrain|[from] ability: Hadron Engine|[of] p1a: MiraidonDEEZ\n|turn|1\n|\n|t:|1697507081\n|move|p1a: MiraidonDEEZ|Overheat|p2a: Ribombee\n|-supereffective|p2a: Ribombee\n|-enditem|p2a: Ribombee|Focus Sash\n|-damage|p2a: Ribombee|1\/100\n|-unboost|p1a: MiraidonDEEZ|spa|2\n|move|p2a: Ribombee|Sticky Web|p1a: MiraidonDEEZ\n|-sidestart|p1: encryptus|move: Sticky Web\n|\n|upkeep\n|turn|2\n|\n|t:|1697507095\n|switch|p1a: yogi|Ursaluna-Bloodmoon, M|100\/100\n|-activate|p1a: yogi|move: Sticky Web\n|-unboost|p1a: yogi|spe|1\n|move|p2a: Ribombee|Stun Spore|p1a: yogi|[miss]\n|-miss|p2a: Ribombee|p1a: yogi\n|\n|upkeep\n|turn|3\n|\n|t:|1697507116\n|switch|p1a: Florida|Skeledirge, M|100\/100\n|move|p2a: Ribombee|Stun Spore|p1a: Florida\n|-status|p1a: Florida|par\n|\n|upkeep\n|turn|4\n|\n|t:|1697507132\n|switch|p2a: Landorus|Landorus-Therian, M|100\/100\n|-ability|p2a: Landorus|Intimidate|boost\n|-unboost|p1a: Florida|atk|1\n|move|p1a: Florida|Torch Song|p2a: Landorus\n|-crit|p2a: Landorus\n|-damage|p2a: Landorus|45\/100\n|-boost|p1a: Florida|spa|1\n|\n|upkeep\n|turn|5\n|\n|t:|1697507154\n|switch|p1a: yogi|Ursaluna-Bloodmoon, M|100\/100\n|-activate|p1a: yogi|move: Sticky Web\n|-unboost|p1a: yogi|spe|1\n|move|p2a: Landorus|Earthquake|p1a: yogi\n|-damage|p1a: yogi|72\/100\n|\n|-heal|p1a: yogi|78\/100|[from] item: Leftovers\n|-fieldend|move: Electric Terrain\n|upkeep\n|turn|6\n|\n|t:|1697507171\n|switch|p2a: Annihilape|Annihilape, F|100\/100\n|move|p1a: yogi|Calm Mind|p1a: yogi\n|-boost|p1a: yogi|spa|1\n|-boost|p1a: yogi|spd|1\n|\n|-heal|p1a: yogi|84\/100|[from] item: Leftovers\n|upkeep\n|turn|7\n|\n|t:|1697507184\n|-terastallize|p2a: Annihilape|Water\n|-terastallize|p1a: yogi|Ghost\n|move|p2a: Annihilape|Drain Punch|p1a: yogi\n|-immune|p1a: yogi\n|move|p1a: yogi|Calm Mind|p1a: yogi\n|-boost|p1a: yogi|spa|1\n|-boost|p1a: yogi|spd|1\n|\n|-heal|p1a: yogi|90\/100|[from] item: Leftovers\n|upkeep\n|turn|8\n|\n|t:|1697507200\n|move|p2a: Annihilape|Rage Fist|p1a: yogi\n|-supereffective|p1a: yogi\n|-damage|p1a: yogi|63\/100\n|move|p1a: yogi|Calm Mind|p1a: yogi\n|-boost|p1a: yogi|spa|1\n|-boost|p1a: yogi|spd|1\n|\n|-heal|p1a: yogi|69\/100|[from] item: Leftovers\n|upkeep\n|turn|9\n|\n|t:|1697507214\n|move|p2a: Annihilape|Rage Fist|p1a: yogi\n|-supereffective|p1a: yogi\n|-crit|p1a: yogi\n|-damage|p1a: yogi|31\/100\n|move|p1a: yogi|Moonlight|p1a: yogi\n|-heal|p1a: yogi|81\/100\n|\n|-heal|p1a: yogi|87\/100|[from] item: Leftovers\n|upkeep\n|turn|10\n|\n|t:|1697507230\n|move|p2a: Annihilape|Rage Fist|p1a: yogi\n|-supereffective|p1a: yogi\n|-damage|p1a: yogi|60\/100\n|move|p1a: yogi|Blood Moon|p2a: Annihilape\n|-crit|p2a: Annihilape\n|-damage|p2a: Annihilape|0 fnt\n|faint|p2a: Annihilape\n|\n|-heal|p1a: yogi|67\/100|[from] item: Leftovers\n|upkeep\n|\n|t:|1697507233\n|switch|p2a: Clefable|Clefable, F|100\/100\n|turn|11\n|\n|t:|1697507244\n|move|p2a: Clefable|Thunder Wave|p1a: yogi\n|-status|p1a: yogi|par\n|move|p1a: yogi|Moonlight|p1a: yogi\n|-heal|p1a: yogi|100\/100 par\n|\n|upkeep\n|turn|12\n|\n|t:|1697507251\n|move|p2a: Clefable|Cosmic Power|p2a: Clefable\n|-boost|p2a: Clefable|def|1\n|-boost|p2a: Clefable|spd|1\n|move|p1a: yogi|Blood Moon|p2a: Clefable\n|-damage|p2a: Clefable|64\/100\n|\n|-heal|p2a: Clefable|70\/100|[from] item: Leftovers\n|upkeep\n|turn|13\n|\n|t:|1697507272\n|switch|p1a: MiraidonDEEZ|Miraidon|100\/100\n|-activate|p1a: MiraidonDEEZ|move: Sticky Web\n|-unboost|p1a: MiraidonDEEZ|spe|1\n|-fieldstart|move: Electric Terrain|[from] ability: Hadron Engine|[of] p1a: MiraidonDEEZ\n|move|p2a: Clefable|Wish|p2a: Clefable\n|\n|-heal|p2a: Clefable|76\/100|[from] item: Leftovers\n|upkeep\n|turn|14\n|\n|t:|1697507288\n|move|p1a: MiraidonDEEZ|Volt Switch|p2a: Clefable\n|-crit|p2a: Clefable\n|-damage|p2a: Clefable|0 fnt\n|faint|p2a: Clefable\n|\n|t:|1697507296\n|switch|p1a: Ms rng|Sneasler, F, shiny|100\/100|[from] Volt Switch\n|-activate|p1a: Ms rng|move: Sticky Web\n|-unboost|p1a: Ms rng|spe|1\n|-enditem|p1a: Ms rng|Electric Seed\n|-boost|p1a: Ms rng|def|1|[from] item: Electric Seed\n|\n|upkeep\n|\n|t:|1697507301\n|switch|p2a: Landorus|Landorus-Therian, M|45\/100\n|-ability|p2a: Landorus|Intimidate|boost\n|-unboost|p1a: Ms rng|atk|1\n|turn|15\n|\n|t:|1697507310\n|move|p1a: Ms rng|Dire Claw|p2a: Landorus\n|-resisted|p2a: Landorus\n|-damage|p2a: Landorus|28\/100\n|move|p2a: Landorus|U-turn|p1a: Ms rng\n|-resisted|p1a: Ms rng\n|-damage|p1a: Ms rng|93\/100\n|\n|t:|1697507315\n|switch|p2a: Dragonite|Dragonite, M|100\/100|[from] U-turn\n|\n|upkeep\n|turn|16\n|\n|t:|1697507324\n|move|p1a: Ms rng|Dire Claw|p2a: Dragonite\n|-damage|p2a: Dragonite|86\/100\n|-status|p2a: Dragonite|slp\n|cant|p2a: Dragonite|slp\n|\n|upkeep\n|turn|17\n|-message|HittouShura forfeited.\n|\n|win|encryptus\n|raw|encryptus's rating: 1179 &rarr; <strong>1202<\/strong><br \/>(+23 for winning)\n|raw|HittouShura's rating: 1158 &rarr; <strong>1135<\/strong><br \/>(-23 for losing)\n|l|\u2606HittouShura\n","uploadtime":1697507336,"views":8,"p1id":"encryptus","p2id":"hittoushura","formatid":"gen9ubers","rating":1135,"private":0,"password":""}