{"id":"gen9ubers-1971765027","p1":"Coach Banana","p2":"Grateful Heart","format":"[Gen 9] Ubers","log":"|j|\u2606Coach Banana\n|j|\u2606Grateful Heart\n|t:|1697769584\n|gametype|singles\n|player|p1|Coach Banana|oak-gen3|\n|player|p2|Grateful Heart|169|\n|teamsize|p1|6\n|teamsize|p2|6\n|gen|9\n|tier|[Gen 9] Ubers\n|rule|Sleep Clause Mod: Limit one foe put to sleep\n|rule|Species Clause: Limit one of each Pok\u00e9mon\n|rule|OHKO Clause: OHKO moves are banned\n|rule|Evasion Items Clause: Evasion items are banned\n|rule|Evasion Moves Clause: Evasion moves are banned\n|rule|Endless Battle Clause: Forcing endless battles is banned\n|rule|HP Percentage Mod: HP is shown in percentages\n|clearpoke\n|poke|p1|Annihilape, M|\n|poke|p1|Pawmot, M|\n|poke|p1|Corviknight, F|\n|poke|p1|Blissey, F|\n|poke|p1|Arcanine, F|\n|poke|p1|Slowbro, M|\n|poke|p2|Ting-Lu|\n|poke|p2|Maushold-Four|\n|poke|p2|Grimmsnarl, M|\n|poke|p2|Skeledirge, F|\n|poke|p2|Greninja-*, F|\n|poke|p2|Glimmora, M|\n|teampreview\n|j| makoopy\n|c| makoopy|sparks are flying in this heated battle\n|j| HodBest\n|j| pH_Kit\n|c|\u2606Coach Banana|They're staring each other down.\n|\n|t:|1697769663\n|start\n|switch|p1a: Harambe's Revenge|Annihilape, M|100\/100\n|switch|p2a: Bartolomeo|Grimmsnarl, M|100\/100\n|turn|1\n|c| pH_Kit|thank god no one drafted ogerpon\n|\n|t:|1697769711\n|move|p2a: Bartolomeo|Taunt|p1a: Harambe's Revenge\n|-start|p1a: Harambe's Revenge|move: Taunt\n|move|p1a: Harambe's Revenge|U-turn|p2a: Bartolomeo\n|-damage|p2a: Bartolomeo|82\/100\n|\n|t:|1697769720\n|switch|p1a: Sonic|Slowbro, M, shiny|100\/100|[from] U-turn\n|\n|upkeep\n|turn|2\n|c| makoopy|here it comes, TAUNT, it worked\n|\n|t:|1697769739\n|move|p2a: Bartolomeo|Parting Shot|p1a: Sonic\n|-unboost|p1a: Sonic|atk|1\n|-unboost|p1a: Sonic|spa|1\n|\n|t:|1697769742\n|switch|p2a: Da Ting|Ting-Lu|100\/100|[from] Parting Shot\n|-ability|p2a: Da Ting|Vessel of Ruin\n|move|p1a: Sonic|Surf|p2a: Da Ting\n|-supereffective|p2a: Da Ting\n|-damage|p2a: Da Ting|60\/100\n|\n|-heal|p2a: Da Ting|66\/100|[from] item: Leftovers\n|upkeep\n|turn|3\n|\n|t:|1697769811\n|move|p2a: Da Ting|Ruination|p1a: Sonic\n|-damage|p1a: Sonic|50\/100\n|move|p1a: Sonic|Surf|p2a: Da Ting\n|-supereffective|p2a: Da Ting\n|-damage|p2a: Da Ting|24\/100\n|\n|-heal|p2a: Da Ting|30\/100|[from] item: Leftovers\n|upkeep\n|turn|4\n|c| makoopy|SURF, THATS A GOOD HIT\n|c|\u2606Coach Banana|RIIIDE THAT SURF!\n|\n|t:|1697769883\n|move|p2a: Da Ting|Earthquake|p1a: Sonic\n|-damage|p1a: Sonic|23\/100\n|move|p1a: Sonic|Surf|p2a: Da Ting\n|-supereffective|p2a: Da Ting\n|-damage|p2a: Da Ting|0 fnt\n|faint|p2a: Da Ting\n|\n|upkeep\n|c| makoopy|OHHHH ITS DOWN\n|\n|t:|1697769931\n|switch|p2a: Foo Fighters|Greninja, F|100\/100\n|turn|5\n|c|\u2606Coach Banana|Fun fact: The announcer guy is also the guy who voices King Dedede in the anime.\n|\n|t:|1697769948\n|switch|p1a: Twisted Bliss|Blissey, F|100\/100\n|move|p2a: Foo Fighters|Surf|p1a: Twisted Bliss\n|-start|p2a: Foo Fighters|typechange|Water|[from] ability: Protean\n|-damage|p1a: Twisted Bliss|79\/100\n|-damage|p2a: Foo Fighters|91\/100|[from] item: Life Orb\n|\n|-heal|p1a: Twisted Bliss|85\/100|[from] item: Leftovers\n|upkeep\n|turn|6\n|\n|t:|1697769972\n|-terastallize|p2a: Foo Fighters|Electric\n|move|p2a: Foo Fighters|Low Sweep|p1a: Twisted Bliss\n|-supereffective|p1a: Twisted Bliss\n|-damage|p1a: Twisted Bliss|51\/100\n|-unboost|p1a: Twisted Bliss|spe|1\n|-damage|p2a: Foo Fighters|81\/100|[from] item: Life Orb\n|move|p1a: Twisted Bliss|Seismic Toss|p2a: Foo Fighters\n|-damage|p2a: Foo Fighters|46\/100\n|\n|-heal|p1a: Twisted Bliss|57\/100|[from] item: Leftovers\n|upkeep\n|turn|7\n|c|\u2606Coach Banana|ow my speed\n|\n|t:|1697769991\n|switch|p2a: Bartolomeo|Grimmsnarl, M|82\/100\n|switch|p1a: Harambe's Revenge|Annihilape, M|100\/100\n|\n|upkeep\n|turn|8\n|\n|t:|1697770003\n|move|p2a: Bartolomeo|Reflect|p2a: Bartolomeo\n|-sidestart|p2: Grateful Heart|Reflect\n|move|p1a: Harambe's Revenge|U-turn|p2a: Bartolomeo\n|-damage|p2a: Bartolomeo|74\/100\n|\n|t:|1697770007\n|switch|p1a: Sonic|Slowbro, M, shiny|56\/100|[from] U-turn\n|\n|upkeep\n|turn|9\n|c| pH_Kit|that's an annoying hedgehog...\n|\n|t:|1697770048\n|switch|p1a: Harambe's Revenge|Annihilape, M|100\/100\n|move|p2a: Bartolomeo|Parting Shot|p1a: Harambe's Revenge\n|-unboost|p1a: Harambe's Revenge|atk|1\n|-ability|p1a: Harambe's Revenge|Defiant|boost\n|-boost|p1a: Harambe's Revenge|atk|2\n|-unboost|p1a: Harambe's Revenge|spa|1\n|-ability|p1a: Harambe's Revenge|Defiant|boost\n|-boost|p1a: Harambe's Revenge|atk|2\n|\n|t:|1697770057\n|switch|p2a: Foo Fighters|Greninja, F, tera:Electric|46\/100|[from] Parting Shot\n|\n|upkeep\n|turn|10\n|c| pH_Kit|:ohfuck:\n|\n|t:|1697770071\n|move|p2a: Foo Fighters|Extrasensory|p1a: Harambe's Revenge\n|-supereffective|p1a: Harambe's Revenge\n|-damage|p1a: Harambe's Revenge|56\/100\n|-damage|p2a: Foo Fighters|36\/100|[from] item: Life Orb\n|move|p1a: Harambe's Revenge|Drain Punch|p2a: Foo Fighters\n|-damage|p2a: Foo Fighters|0 fnt\n|-heal|p1a: Harambe's Revenge|69\/100|[from] drain|[of] p2a: Foo Fighters\n|faint|p2a: Foo Fighters\n|\n|upkeep\n|\n|t:|1697770081\n|switch|p2a: Ed|Skeledirge, F|100\/100\n|turn|11\n|\n|t:|1697770088\n|switch|p1a: Gorilla Tactics|Arcanine, F|100\/100\n|move|p2a: Ed|Shadow Ball|p1a: Gorilla Tactics\n|-damage|p1a: Gorilla Tactics|67\/100\n|\n|upkeep\n|turn|12\n|\n|t:|1697770104\n|switch|p2a: Not a Setter|Glimmora, M|100\/100\n|-terastallize|p1a: Gorilla Tactics|Normal\n|move|p1a: Gorilla Tactics|Crunch|p2a: Not a Setter\n|-crit|p2a: Not a Setter\n|-damage|p2a: Not a Setter|60\/100\n|-activate|p2a: Not a Setter|ability: Toxic Debris\n|-sidestart|p1: Coach Banana|move: Toxic Spikes\n|-damage|p1a: Gorilla Tactics|57\/100|[from] item: Life Orb\n|\n|-heal|p2a: Not a Setter|67\/100|[from] item: Black Sludge\n|upkeep\n|turn|13\n|\n|t:|1697770118\n|switch|p1a: That's So Raven|Corviknight, F|100\/100\n|-ability|p1a: That's So Raven|Pressure\n|move|p2a: Not a Setter|Stealth Rock|p1a: That's So Raven\n|-sidestart|p1: Coach Banana|move: Stealth Rock\n|\n|-heal|p2a: Not a Setter|73\/100|[from] item: Black Sludge\n|upkeep\n|turn|14\n|\n|t:|1697770128\n|switch|p2a: Wendys 4 for 4|Maushold-Four|100\/100\n|move|p1a: That's So Raven|Defog|p2a: Wendys 4 for 4\n|-unboost|p2a: Wendys 4 for 4|evasion|1\n|-sideend|p2: Grateful Heart|Reflect\n|-sideend|p1: Coach Banana|Toxic Spikes|[from] move: Defog|[of] p1a: That's So Raven\n|-sideend|p1: Coach Banana|Stealth Rock|[from] move: Defog|[of] p1a: That's So Raven\n|\n|upkeep\n|turn|15\n|\n|t:|1697770137\n|switch|p2a: Ed|Skeledirge, F|100\/100\n|move|p1a: That's So Raven|Tailwind|p1a: That's So Raven\n|-sidestart|p1: Coach Banana|move: Tailwind\n|\n|upkeep\n|turn|16\n|\n|t:|1697770144\n|switch|p1a: Gorilla Tactics|Arcanine, F, tera:Normal|57\/100\n|move|p2a: Ed|Will-O-Wisp|p1a: Gorilla Tactics\n|-start|p1a: Gorilla Tactics|ability: Flash Fire\n|\n|upkeep\n|turn|17\n|\n|t:|1697770152\n|switch|p2a: Not a Setter|Glimmora, M|73\/100\n|move|p1a: Gorilla Tactics|Morning Sun|p1a: Gorilla Tactics\n|-heal|p1a: Gorilla Tactics|100\/100\n|\n|-heal|p2a: Not a Setter|79\/100|[from] item: Black Sludge\n|upkeep\n|turn|18\n|\n|t:|1697770162\n|move|p1a: Gorilla Tactics|Flare Blitz|p2a: Not a Setter\n|-resisted|p2a: Not a Setter\n|-damage|p2a: Not a Setter|35\/100\n|-activate|p2a: Not a Setter|ability: Toxic Debris\n|-sidestart|p1: Coach Banana|move: Toxic Spikes\n|-damage|p1a: Gorilla Tactics|87\/100|[from] Recoil\n|-damage|p1a: Gorilla Tactics|77\/100|[from] item: Life Orb\n|move|p2a: Not a Setter|Toxic|p1a: Gorilla Tactics\n|-status|p1a: Gorilla Tactics|tox\n|\n|-heal|p2a: Not a Setter|41\/100|[from] item: Black Sludge\n|-damage|p1a: Gorilla Tactics|71\/100 tox|[from] psn\n|-sideend|p1: Coach Banana|move: Tailwind\n|upkeep\n|turn|19\n|\n|t:|1697770167\n|move|p2a: Not a Setter|Spiky Shield|p2a: Not a Setter\n|-singleturn|p2a: Not a Setter|move: Protect\n|move|p1a: Gorilla Tactics|Flare Blitz|p2a: Not a Setter\n|-activate|p2a: Not a Setter|move: Protect\n|-damage|p1a: Gorilla Tactics|58\/100 tox|[from] Spiky Shield|[of] p2a: Not a Setter\n|\n|-heal|p2a: Not a Setter|48\/100|[from] item: Black Sludge\n|-damage|p1a: Gorilla Tactics|46\/100 tox|[from] psn\n|upkeep\n|turn|20\n|\n|t:|1697770176\n|move|p1a: Gorilla Tactics|Flare Blitz|p2a: Not a Setter\n|-resisted|p2a: Not a Setter\n|-damage|p2a: Not a Setter|4\/100\n|-activate|p2a: Not a Setter|ability: Toxic Debris\n|-sidestart|p1: Coach Banana|move: Toxic Spikes\n|-damage|p1a: Gorilla Tactics|32\/100 tox|[from] Recoil\n|-damage|p1a: Gorilla Tactics|22\/100 tox|[from] item: Life Orb\n|move|p2a: Not a Setter|Venoshock|p1a: Gorilla Tactics\n|-damage|p1a: Gorilla Tactics|0 fnt\n|faint|p1a: Gorilla Tactics\n|\n|-heal|p2a: Not a Setter|11\/100|[from] item: Black Sludge\n|upkeep\n|\n|t:|1697770182\n|switch|p1a: That's So Raven|Corviknight, F|100\/100\n|-ability|p1a: That's So Raven|Pressure\n|turn|21\n|\n|t:|1697770196\n|move|p2a: Not a Setter|Stealth Rock|p1a: That's So Raven\n|-sidestart|p1: Coach Banana|move: Stealth Rock\n|move|p1a: That's So Raven|Defog|p2a: Not a Setter\n|-unboost|p2a: Not a Setter|evasion|1\n|-sideend|p1: Coach Banana|Toxic Spikes|[from] move: Defog|[of] p1a: That's So Raven\n|-sideend|p1: Coach Banana|Stealth Rock|[from] move: Defog|[of] p1a: That's So Raven\n|\n|-heal|p2a: Not a Setter|17\/100|[from] item: Black Sludge\n|upkeep\n|turn|22\n|\n|t:|1697770200\n|move|p2a: Not a Setter|Stealth Rock|p1a: That's So Raven\n|-sidestart|p1: Coach Banana|move: Stealth Rock\n|move|p1a: That's So Raven|Tailwind|p1a: That's So Raven\n|-sidestart|p1: Coach Banana|move: Tailwind\n|\n|-heal|p2a: Not a Setter|23\/100|[from] item: Black Sludge\n|upkeep\n|turn|23\n|\n|t:|1697770211\n|switch|p1a: Sonic|Slowbro, M, shiny|89\/100\n|-damage|p1a: Sonic|77\/100|[from] Stealth Rock\n|switch|p2a: Ed|Skeledirge, F|100\/100\n|\n|upkeep\n|turn|24\n|\n|t:|1697770244\n|switch|p2a: Not a Setter|Glimmora, M|23\/100\n|move|p1a: Sonic|Surf|p2a: Not a Setter\n|-supereffective|p2a: Not a Setter\n|-damage|p2a: Not a Setter|0 fnt\n|faint|p2a: Not a Setter\n|\n|upkeep\n|\n|t:|1697770262\n|switch|p2a: Bartolomeo|Grimmsnarl, M|74\/100\n|turn|25\n|\n|t:|1697770281\n|move|p1a: Sonic|Surf|p2a: Bartolomeo\n|-damage|p2a: Bartolomeo|1\/100\n|move|p2a: Bartolomeo|Play Rough|p1a: Sonic|[miss]\n|-miss|p2a: Bartolomeo|p1a: Sonic\n|\n|-sideend|p1: Coach Banana|move: Tailwind\n|upkeep\n|turn|26\n|c|\u2606Coach Banana|oof\n|\n|t:|1697770296\n|switch|p1a: That's So Raven|Corviknight, F|100\/100\n|-damage|p1a: That's So Raven|88\/100|[from] Stealth Rock\n|-ability|p1a: That's So Raven|Pressure\n|move|p2a: Bartolomeo|Reflect|p2a: Bartolomeo\n|-sidestart|p2: Grateful Heart|Reflect\n|\n|upkeep\n|turn|27\n|\n|t:|1697770307\n|move|p2a: Bartolomeo|Taunt|p1a: That's So Raven\n|-start|p1a: That's So Raven|move: Taunt\n|move|p1a: That's So Raven|Brave Bird|p2a: Bartolomeo\n|-damage|p2a: Bartolomeo|0 fnt\n|faint|p2a: Bartolomeo\n|-damage|p1a: That's So Raven|88\/100|[from] Recoil\n|\n|upkeep\n|\n|t:|1697770314\n|switch|p2a: Ed|Skeledirge, F|100\/100\n|turn|28\n|\n|t:|1697770324\n|switch|p1a: Twisted Bliss|Blissey, F|57\/100\n|-damage|p1a: Twisted Bliss|45\/100|[from] Stealth Rock\n|move|p2a: Ed|Shadow Ball|p1a: Twisted Bliss\n|-immune|p1a: Twisted Bliss\n|\n|-heal|p1a: Twisted Bliss|51\/100|[from] item: Leftovers\n|upkeep\n|turn|29\n|\n|t:|1697770328\n|move|p2a: Ed|Torch Song|p1a: Twisted Bliss\n|-damage|p1a: Twisted Bliss|39\/100\n|-boost|p2a: Ed|spa|1\n|move|p1a: Twisted Bliss|Soft-Boiled|p1a: Twisted Bliss\n|-heal|p1a: Twisted Bliss|89\/100\n|\n|-heal|p1a: Twisted Bliss|95\/100|[from] item: Leftovers\n|upkeep\n|turn|30\n|\n|t:|1697770333\n|switch|p1a: Harambe's Revenge|Annihilape, M|69\/100\n|-damage|p1a: Harambe's Revenge|63\/100|[from] Stealth Rock\n|move|p2a: Ed|Torch Song|p1a: Harambe's Revenge\n|-damage|p1a: Harambe's Revenge|34\/100\n|-boost|p2a: Ed|spa|1\n|\n|upkeep\n|turn|31\n|\n|t:|1697770340\n|move|p1a: Harambe's Revenge|U-turn|p2a: Ed\n|-resisted|p2a: Ed\n|-damage|p2a: Ed|99\/100\n|\n|t:|1697770343\n|switch|p1a: Twisted Bliss|Blissey, F|95\/100|[from] U-turn\n|-damage|p1a: Twisted Bliss|83\/100|[from] Stealth Rock\n|move|p2a: Ed|Shadow Ball|p1a: Twisted Bliss\n|-immune|p1a: Twisted Bliss\n|\n|-heal|p1a: Twisted Bliss|89\/100|[from] item: Leftovers\n|upkeep\n|turn|32\n|\n|t:|1697770349\n|move|p2a: Ed|Torch Song|p1a: Twisted Bliss\n|-damage|p1a: Twisted Bliss|66\/100\n|-boost|p2a: Ed|spa|1\n|move|p1a: Twisted Bliss|Ice Beam|p2a: Ed\n|-resisted|p2a: Ed\n|-damage|p2a: Ed|89\/100\n|\n|-heal|p1a: Twisted Bliss|73\/100|[from] item: Leftovers\n|upkeep\n|turn|33\n|\n|t:|1697770354\n|move|p2a: Ed|Torch Song|p1a: Twisted Bliss\n|-damage|p1a: Twisted Bliss|44\/100\n|-boost|p2a: Ed|spa|1\n|move|p1a: Twisted Bliss|Ice Beam|p2a: Ed\n|-resisted|p2a: Ed\n|-damage|p2a: Ed|78\/100\n|\n|-heal|p1a: Twisted Bliss|50\/100|[from] item: Leftovers\n|-sideend|p2: Grateful Heart|Reflect\n|upkeep\n|turn|34\n|\n|t:|1697770366\n|switch|p1a: Sonic|Slowbro, M, shiny|100\/100\n|-damage|p1a: Sonic|88\/100|[from] Stealth Rock\n|move|p2a: Ed|Shadow Ball|p1a: Sonic\n|-supereffective|p1a: Sonic\n|-damage|p1a: Sonic|0 fnt\n|faint|p1a: Sonic\n|\n|upkeep\n|\n|t:|1697770370\n|switch|p1a: Harambe's Revenge|Annihilape, M|34\/100\n|-damage|p1a: Harambe's Revenge|28\/100|[from] Stealth Rock\n|turn|35\n|\n|t:|1697770412\n|move|p1a: Harambe's Revenge|Rage Fist|p2a: Ed\n|-supereffective|p2a: Ed\n|-damage|p2a: Ed|0 fnt\n|faint|p2a: Ed\n|\n|upkeep\n|\n|t:|1697770415\n|switch|p2a: Wendys 4 for 4|Maushold-Four|100\/100\n|turn|36\n|\n|t:|1697770423\n|switch|p1a: That's So Raven|Corviknight, F|88\/100\n|-damage|p1a: That's So Raven|76\/100|[from] Stealth Rock\n|-ability|p1a: That's So Raven|Pressure\n|move|p2a: Wendys 4 for 4|Tidy Up|p2a: Wendys 4 for 4\n|-sideend|p1: Coach Banana|Stealth Rock\n|-activate|p2a: Wendys 4 for 4|move: Tidy Up\n|-boost|p2a: Wendys 4 for 4|atk|1\n|-boost|p2a: Wendys 4 for 4|spe|1\n|\n|upkeep\n|turn|37\n|\n|t:|1697770428\n|move|p2a: Wendys 4 for 4|Tidy Up|p2a: Wendys 4 for 4\n|-boost|p2a: Wendys 4 for 4|atk|1\n|-boost|p2a: Wendys 4 for 4|spe|1\n|move|p1a: That's So Raven|Tailwind|p1a: That's So Raven\n|-sidestart|p1: Coach Banana|move: Tailwind\n|\n|upkeep\n|turn|38\n|\n|t:|1697770431\n|move|p2a: Wendys 4 for 4|Tidy Up|p2a: Wendys 4 for 4\n|-boost|p2a: Wendys 4 for 4|atk|1\n|-boost|p2a: Wendys 4 for 4|spe|1\n|move|p1a: That's So Raven|Brave Bird|p2a: Wendys 4 for 4\n|-damage|p2a: Wendys 4 for 4|41\/100\n|-damage|p1a: That's So Raven|61\/100|[from] Recoil\n|\n|upkeep\n|turn|39\n|\n|t:|1697770438\n|move|p2a: Wendys 4 for 4|Population Bomb|p1a: That's So Raven\n|-resisted|p1a: That's So Raven\n|-damage|p1a: That's So Raven|52\/100\n|-damage|p2a: Wendys 4 for 4|24\/100|[from] item: Rocky Helmet|[of] p1a: That's So Raven\n|-resisted|p1a: That's So Raven\n|-damage|p1a: That's So Raven|43\/100\n|-damage|p2a: Wendys 4 for 4|8\/100|[from] item: Rocky Helmet|[of] p1a: That's So Raven\n|-resisted|p1a: That's So Raven\n|-damage|p1a: That's So Raven|34\/100\n|-damage|p2a: Wendys 4 for 4|0 fnt|[from] item: Rocky Helmet|[of] p1a: That's So Raven\n|faint|p2a: Wendys 4 for 4\n|\n|win|Coach Banana\n|-hitcount|p1a: That's So Raven|3\n|c|\u2606Coach Banana|GR\n|c|\u2606Grateful Heart|GR\n|l|\u2606Grateful Heart\n","uploadtime":1697770459,"views":15,"p1id":"coachbanana","p2id":"gratefulheart","formatid":"gen9ubers","rating":0,"private":0,"password":""}