{"id":"gen9ubers-1987014070","p1":"Immortal6996","p2":"TheGriffinKing2O","format":"[Gen 9] Ubers","log":"|j|\u2606Immortal6996\n|j|\u2606TheGriffinKing2O\n|inactive|Battle timer is ON: inactive players will automatically lose when time's up.\n|t:|1699549059\n|gametype|singles\n|player|p1|Immortal6996|ghetsis-gen5bw|\n|player|p2|TheGriffinKing2O|n-masters3|\n|teamsize|p1|3\n|teamsize|p2|3\n|gen|9\n|tier|[Gen 9] Ubers\n|rated|Tournament battle\n|rule|Sleep Clause Mod: Limit one foe put to sleep\n|rule|Species Clause: Limit one of each Pok\u00e9mon\n|rule|OHKO Clause: OHKO moves are banned\n|rule|Evasion Items Clause: Evasion items are banned\n|rule|Evasion Moves Clause: Evasion moves are banned\n|rule|Endless Battle Clause: Forcing endless battles is banned\n|rule|HP Percentage Mod: HP is shown in percentages\n|rule|Terastal Clause: You cannot Terastallize\n|clearpoke\n|poke|p1|Espathra, F|\n|poke|p1|Koraidon|\n|poke|p1|Urshifu-*, M|\n|poke|p2|Miraidon|\n|poke|p2|Zacian-*|\n|poke|p2|Arceus-Ground|\n|teampreview|1\n|j|*Lady Monita \u263d\n|\n|t:|1699549067\n|start\n|switch|p1a: Espathra|Espathra, F|100\/100\n|switch|p2a: Zacian|Zacian-Crowned|100\/100\n|-ability|p2a: Zacian|Intrepid Sword|boost\n|-boost|p2a: Zacian|atk|1\n|turn|1\n|\n|t:|1699549071\n|move|p1a: Espathra|Protect|p1a: Espathra\n|-singleturn|p1a: Espathra|Protect\n|move|p2a: Zacian|Crunch|p1a: Espathra\n|-activate|p1a: Espathra|move: Protect\n|\n|-ability|p1a: Espathra|Speed Boost|boost\n|-boost|p1a: Espathra|spe|1\n|upkeep\n|turn|2\n|j| happysh\n|\n|t:|1699549074\n|move|p1a: Espathra|Substitute|p1a: Espathra\n|-start|p1a: Espathra|Substitute\n|-damage|p1a: Espathra|76\/100\n|move|p2a: Zacian|Crunch|p1a: Espathra\n|-supereffective|p1a: Espathra\n|-end|p1a: Espathra|Substitute\n|\n|-heal|p1a: Espathra|82\/100|[from] item: Leftovers\n|-ability|p1a: Espathra|Speed Boost|boost\n|-boost|p1a: Espathra|spe|1\n|upkeep\n|turn|3\n|j| jerin123\n|\n|t:|1699549079\n|move|p1a: Espathra|Substitute|p1a: Espathra\n|-start|p1a: Espathra|Substitute\n|-damage|p1a: Espathra|57\/100\n|move|p2a: Zacian|Crunch|p1a: Espathra\n|-supereffective|p1a: Espathra\n|-end|p1a: Espathra|Substitute\n|\n|-heal|p1a: Espathra|63\/100|[from] item: Leftovers\n|-ability|p1a: Espathra|Speed Boost|boost\n|-boost|p1a: Espathra|spe|1\n|upkeep\n|turn|4\n|inactive|TheGriffinKing2O has 120 seconds left.\n|\n|t:|1699549137\n|move|p1a: Espathra|Substitute|p1a: Espathra\n|-start|p1a: Espathra|Substitute\n|-damage|p1a: Espathra|38\/100\n|move|p2a: Zacian|Crunch|p1a: Espathra\n|-supereffective|p1a: Espathra\n|-end|p1a: Espathra|Substitute\n|\n|-heal|p1a: Espathra|44\/100|[from] item: Leftovers\n|-ability|p1a: Espathra|Speed Boost|boost\n|-boost|p1a: Espathra|spe|1\n|upkeep\n|turn|5\n|\n|t:|1699549141\n|move|p1a: Espathra|Protect|p1a: Espathra\n|-singleturn|p1a: Espathra|Protect\n|move|p2a: Zacian|Crunch|p1a: Espathra\n|-activate|p1a: Espathra|move: Protect\n|\n|-heal|p1a: Espathra|50\/100|[from] item: Leftovers\n|-ability|p1a: Espathra|Speed Boost|boost\n|-boost|p1a: Espathra|spe|1\n|upkeep\n|turn|6\n|j| PokeEnjoyer-52\n|c| PokeEnjoyer-52|go gettem fellow zacian user\n|\n|t:|1699549163\n|move|p1a: Espathra|Substitute|p1a: Espathra\n|-start|p1a: Espathra|Substitute\n|-damage|p1a: Espathra|26\/100\n|move|p2a: Zacian|Crunch|p1a: Espathra\n|-supereffective|p1a: Espathra\n|-end|p1a: Espathra|Substitute\n|\n|-heal|p1a: Espathra|32\/100|[from] item: Leftovers\n|-ability|p1a: Espathra|Speed Boost|boost\n|-boost|p1a: Espathra|spe|1\n|upkeep\n|turn|7\n|\n|t:|1699549167\n|move|p1a: Espathra|Protect|p1a: Espathra\n|-singleturn|p1a: Espathra|Protect\n|move|p2a: Zacian|Behemoth Blade|p1a: Espathra\n|-activate|p1a: Espathra|move: Protect\n|\n|-heal|p1a: Espathra|38\/100|[from] item: Leftovers\n|upkeep\n|turn|8\n|\n|t:|1699549170\n|move|p1a: Espathra|Stored Power|p2a: Zacian\n|-resisted|p2a: Zacian\n|-crit|p2a: Zacian\n|-damage|p2a: Zacian|54\/100\n|move|p2a: Zacian|Behemoth Blade|p1a: Espathra\n|-damage|p1a: Espathra|0 fnt\n|faint|p1a: Espathra\n|\n|win|TheGriffinKing2O\n|n|\u2606Immortal6996|immortal6996\n|n|\u2606TheGriffinKing2O|thegriffinking2o\n|n|*Lady Monita \u263d|ladymonita\n|n| happysh|happysh\n|n| jerin123|jerin123\n|n| PokeEnjoyer-52|pokeenjoyer52\n","uploadtime":1699549171,"views":5,"p1id":"immortal6996","p2id":"thegriffinking2o","formatid":"gen9ubers","rating":0,"private":0,"password":""}