{"id":"gen9ubers-1990878433","p1":"Azie Zar'nia","p2":"heynerdre","format":"[Gen 9] Ubers","log":"|j|\u2606Azie Zar'nia\n|j|\u2606heynerdre\n|t:|1700010551\n|gametype|singles\n|player|p1|Azie Zar'nia|cynthia|1107\n|player|p2|heynerdre|wallace|1000\n|teamsize|p1|6\n|teamsize|p2|6\n|gen|9\n|tier|[Gen 9] Ubers\n|rated|\n|rule|Sleep Clause Mod: Limit one foe put to sleep\n|rule|Species Clause: Limit one of each Pok\u00e9mon\n|rule|OHKO Clause: OHKO moves are banned\n|rule|Evasion Items Clause: Evasion items are banned\n|rule|Evasion Moves Clause: Evasion moves are banned\n|rule|Endless Battle Clause: Forcing endless battles is banned\n|rule|HP Percentage Mod: HP is shown in percentages\n|clearpoke\n|poke|p1|Miraidon|\n|poke|p1|Iron Valiant|\n|poke|p1|Iron Leaves|\n|poke|p1|Iron Hands|\n|poke|p1|Iron Treads|\n|poke|p1|Iron Moth|\n|poke|p2|Chi-Yu|\n|poke|p2|Urshifu-*, F|\n|poke|p2|Chien-Pao|\n|poke|p2|Ting-Lu|\n|poke|p2|Kingambit, M|\n|poke|p2|Sableye, F|\n|teampreview\n|\n|t:|1700010562\n|start\n|switch|p1a: Miraidon|Miraidon|100\/100\n|switch|p2a: Ting-Lu|Ting-Lu|100\/100\n|-fieldstart|move: Electric Terrain|[from] ability: Hadron Engine|[of] p1a: Miraidon\n|-ability|p2a: Ting-Lu|Vessel of Ruin\n|turn|1\n|\n|t:|1700010573\n|switch|p1a: Iron Leaves|Iron Leaves|100\/100\n|-activate|p1a: Iron Leaves|ability: Quark Drive\n|-start|p1a: Iron Leaves|quarkdriveatk\n|move|p2a: Ting-Lu|Stealth Rock|p1a: Iron Leaves\n|-sidestart|p1: Azie Zar'nia|move: Stealth Rock\n|\n|upkeep\n|turn|2\n|\n|t:|1700010591\n|switch|p2a: Urshifu|Urshifu, F|100\/100\n|move|p1a: Iron Leaves|Leaf Blade|p2a: Urshifu\n|-damage|p2a: Urshifu|44\/100\n|\n|upkeep\n|turn|3\n|\n|t:|1700010599\n|move|p2a: Urshifu|Sucker Punch|p1a: Iron Leaves\n|-supereffective|p1a: Iron Leaves\n|-damage|p1a: Iron Leaves|0 fnt\n|faint|p1a: Iron Leaves\n|-end|p1a: Iron Leaves|Quark Drive|[silent]\n|\n|upkeep\n|\n|t:|1700010611\n|switch|p1a: Iron Treads|Iron Treads|100\/100\n|-damage|p1a: Iron Treads|97\/100|[from] Stealth Rock\n|-activate|p1a: Iron Treads|ability: Quark Drive\n|-start|p1a: Iron Treads|quarkdrivespe\n|turn|4\n|\n|t:|1700010619\n|switch|p2a: Ting-Lu|Ting-Lu|100\/100\n|-ability|p2a: Ting-Lu|Vessel of Ruin\n|move|p1a: Iron Treads|Rapid Spin|p2a: Ting-Lu\n|-damage|p2a: Ting-Lu|95\/100\n|-boost|p1a: Iron Treads|spe|1\n|-sideend|p1: Azie Zar'nia|Stealth Rock|[from] move: Rapid Spin|[of] p1a: Iron Treads\n|\n|-heal|p1a: Iron Treads|100\/100|[from] item: Leftovers\n|-heal|p2a: Ting-Lu|100\/100|[from] item: Leftovers\n|upkeep\n|turn|5\n|\n|t:|1700010639\n|move|p1a: Iron Treads|Steel Roller|p2a: Ting-Lu\n|-damage|p2a: Ting-Lu|80\/100\n|-fieldend|move: Electric Terrain\n|-end|p1a: Iron Treads|Quark Drive\n|move|p2a: Ting-Lu|Stealth Rock|p1a: Iron Treads\n|-sidestart|p1: Azie Zar'nia|move: Stealth Rock\n|\n|-heal|p2a: Ting-Lu|86\/100|[from] item: Leftovers\n|upkeep\n|turn|6\n|\n|t:|1700010646\n|move|p1a: Iron Treads|Rapid Spin|p2a: Ting-Lu\n|-damage|p2a: Ting-Lu|81\/100\n|-boost|p1a: Iron Treads|spe|1\n|-sideend|p1: Azie Zar'nia|Stealth Rock|[from] move: Rapid Spin|[of] p1a: Iron Treads\n|move|p2a: Ting-Lu|Earthquake|p1a: Iron Treads\n|-supereffective|p1a: Iron Treads\n|-damage|p1a: Iron Treads|29\/100\n|\n|-heal|p1a: Iron Treads|35\/100|[from] item: Leftovers\n|-heal|p2a: Ting-Lu|87\/100|[from] item: Leftovers\n|upkeep\n|turn|7\n|\n|t:|1700010662\n|move|p1a: Iron Treads|Protect|p1a: Iron Treads\n|-singleturn|p1a: Iron Treads|Protect\n|move|p2a: Ting-Lu|Stealth Rock|p1a: Iron Treads\n|-sidestart|p1: Azie Zar'nia|move: Stealth Rock\n|\n|-heal|p1a: Iron Treads|41\/100|[from] item: Leftovers\n|-heal|p2a: Ting-Lu|93\/100|[from] item: Leftovers\n|upkeep\n|turn|8\n|\n|t:|1700010670\n|switch|p2a: Sableye|Sableye, F|100\/100\n|move|p1a: Iron Treads|Rapid Spin|p2a: Sableye\n|-immune|p2a: Sableye\n|\n|-heal|p1a: Iron Treads|48\/100|[from] item: Leftovers\n|upkeep\n|turn|9\n|\n|t:|1700010679\n|move|p2a: Sableye|Will-O-Wisp|p1a: Iron Treads\n|-status|p1a: Iron Treads|brn\n|move|p1a: Iron Treads|Earthquake|p2a: Sableye\n|-damage|p2a: Sableye|74\/100\n|\n|-heal|p1a: Iron Treads|54\/100 brn|[from] item: Leftovers\n|-damage|p1a: Iron Treads|48\/100 brn|[from] brn\n|upkeep\n|turn|10\n|\n|t:|1700010687\n|move|p1a: Iron Treads|Earthquake|p2a: Sableye\n|-damage|p2a: Sableye|49\/100\n|move|p2a: Sableye|Knock Off|p1a: Iron Treads\n|-damage|p1a: Iron Treads|24\/100 brn\n|-enditem|p1a: Iron Treads|Leftovers|[from] move: Knock Off|[of] p2a: Sableye\n|\n|-damage|p1a: Iron Treads|18\/100 brn|[from] brn\n|upkeep\n|turn|11\n|\n|t:|1700010695\n|move|p2a: Sableye|Recover|p2a: Sableye\n|-heal|p2a: Sableye|99\/100\n|move|p1a: Iron Treads|Earthquake|p2a: Sableye\n|-damage|p2a: Sableye|72\/100\n|\n|-damage|p1a: Iron Treads|12\/100 brn|[from] brn\n|upkeep\n|turn|12\n|\n|t:|1700010703\n|move|p2a: Sableye|Recover|p2a: Sableye\n|-heal|p2a: Sableye|100\/100\n|move|p1a: Iron Treads|Earthquake|p2a: Sableye\n|-damage|p2a: Sableye|72\/100\n|\n|-damage|p1a: Iron Treads|5\/100 brn|[from] brn\n|upkeep\n|turn|13\n|\n|t:|1700010710\n|move|p2a: Sableye|Recover|p2a: Sableye\n|-heal|p2a: Sableye|100\/100\n|move|p1a: Iron Treads|Earthquake|p2a: Sableye\n|-damage|p2a: Sableye|75\/100\n|\n|-damage|p1a: Iron Treads|0 fnt|[from] brn\n|faint|p1a: Iron Treads\n|-end|p1a: Iron Treads|Quark Drive|[silent]\n|upkeep\n|\n|t:|1700010723\n|switch|p1a: Iron Valiant|Iron Valiant|100\/100\n|-damage|p1a: Iron Valiant|94\/100|[from] Stealth Rock\n|-enditem|p1a: Iron Valiant|Booster Energy\n|-activate|p1a: Iron Valiant|ability: Quark Drive|[fromitem]\n|-start|p1a: Iron Valiant|quarkdrivespe\n|turn|14\n|\n|t:|1700010729\n|switch|p2a: Kingambit|Kingambit, M|100\/100\n|move|p1a: Iron Valiant|Spirit Break|p2a: Kingambit\n|-damage|p2a: Kingambit|70\/100\n|-unboost|p2a: Kingambit|spa|1\n|\n|upkeep\n|turn|15\n|\n|t:|1700010740\n|-end|p2a: Kingambit|fallenundefined|[silent]\n|switch|p2a: Sableye|Sableye, F|75\/100\n|move|p1a: Iron Valiant|Drain Punch|p2a: Sableye\n|-immune|p2a: Sableye\n|\n|upkeep\n|turn|16\n|\n|t:|1700010747\n|move|p2a: Sableye|Encore|p1a: Iron Valiant\n|-start|p1a: Iron Valiant|Encore\n|move|p1a: Iron Valiant|Drain Punch|p2a: Sableye\n|-immune|p2a: Sableye\n|\n|upkeep\n|turn|17\n|\n|t:|1700010755\n|-end|p1a: Iron Valiant|Quark Drive|[silent]\n|switch|p1a: Iron Hands|Iron Hands|100\/100\n|-damage|p1a: Iron Hands|94\/100|[from] Stealth Rock\n|move|p2a: Sableye|Will-O-Wisp|p1a: Iron Hands\n|-status|p1a: Iron Hands|brn\n|\n|-damage|p1a: Iron Hands|88\/100 brn|[from] brn\n|upkeep\n|turn|18\n|\n|t:|1700010769\n|-end|p1a: Iron Hands|Quark Drive|[silent]\n|switch|p1a: Miraidon|Miraidon|100\/100\n|-damage|p1a: Miraidon|88\/100|[from] Stealth Rock\n|-fieldstart|move: Electric Terrain|[from] ability: Hadron Engine|[of] p1a: Miraidon\n|switch|p2a: Ting-Lu|Ting-Lu|93\/100\n|-ability|p2a: Ting-Lu|Vessel of Ruin\n|\n|-heal|p2a: Ting-Lu|99\/100|[from] item: Leftovers\n|upkeep\n|turn|19\n|\n|t:|1700010787\n|move|p1a: Miraidon|Protect|p1a: Miraidon\n|-singleturn|p1a: Miraidon|Protect\n|move|p2a: Ting-Lu|Earthquake|p1a: Miraidon\n|-activate|p1a: Miraidon|move: Protect\n|\n|-heal|p2a: Ting-Lu|100\/100|[from] item: Leftovers\n|upkeep\n|turn|20\n|\n|t:|1700010796\n|switch|p1a: Iron Hands|Iron Hands|88\/100 brn\n|-damage|p1a: Iron Hands|82\/100 brn|[from] Stealth Rock\n|-activate|p1a: Iron Hands|ability: Quark Drive\n|-start|p1a: Iron Hands|quarkdriveatk\n|move|p2a: Ting-Lu|Earthquake|p1a: Iron Hands\n|-supereffective|p1a: Iron Hands\n|-damage|p1a: Iron Hands|34\/100 brn\n|-enditem|p1a: Iron Hands|Weakness Policy\n|-boost|p1a: Iron Hands|atk|2|[from] item: Weakness Policy\n|-boost|p1a: Iron Hands|spa|2|[from] item: Weakness Policy\n|\n|-damage|p1a: Iron Hands|28\/100 brn|[from] brn\n|upkeep\n|turn|21\n|\n|t:|1700010808\n|switch|p2a: Sableye|Sableye, F|75\/100\n|move|p1a: Iron Hands|Close Combat|p2a: Sableye\n|-immune|p2a: Sableye\n|\n|-damage|p1a: Iron Hands|22\/100 brn|[from] brn\n|upkeep\n|turn|22\n|\n|t:|1700010822\n|-end|p1a: Iron Hands|Quark Drive|[silent]\n|switch|p1a: Iron Valiant|Iron Valiant|94\/100\n|-damage|p1a: Iron Valiant|88\/100|[from] Stealth Rock\n|-activate|p1a: Iron Valiant|ability: Quark Drive\n|-start|p1a: Iron Valiant|quarkdrivespe\n|move|p2a: Sableye|Encore||[still]\n|-fail|p2a: Sableye\n|\n|-fieldend|move: Electric Terrain\n|-end|p1a: Iron Valiant|Quark Drive\n|upkeep\n|turn|23\n|\n|t:|1700010831\n|move|p2a: Sableye|Will-O-Wisp|p1a: Iron Valiant\n|-status|p1a: Iron Valiant|brn\n|move|p1a: Iron Valiant|Spirit Break|p2a: Sableye\n|-supereffective|p2a: Sableye\n|-damage|p2a: Sableye|19\/100\n|-unboost|p2a: Sableye|spa|1\n|\n|-damage|p1a: Iron Valiant|82\/100 brn|[from] brn\n|upkeep\n|turn|24\n|\n|t:|1700010840\n|switch|p2a: Chi-Yu|Chi-Yu|100\/100\n|-ability|p2a: Chi-Yu|Beads of Ruin\n|move|p1a: Iron Valiant|Spirit Break|p2a: Chi-Yu\n|-damage|p2a: Chi-Yu|69\/100\n|-unboost|p2a: Chi-Yu|spa|1\n|\n|-damage|p1a: Iron Valiant|76\/100 brn|[from] brn\n|upkeep\n|turn|25\n|\n|t:|1700010850\n|move|p2a: Chi-Yu|Psychic|p1a: Iron Valiant\n|-supereffective|p1a: Iron Valiant\n|-damage|p1a: Iron Valiant|0 fnt\n|faint|p1a: Iron Valiant\n|-end|p1a: Iron Valiant|Quark Drive|[silent]\n|\n|upkeep\n|\n|t:|1700010858\n|switch|p1a: Iron Hands|Iron Hands|22\/100 brn\n|-damage|p1a: Iron Hands|16\/100 brn|[from] Stealth Rock\n|turn|26\n|\n|t:|1700010862\n|move|p1a: Iron Hands|Fake Out|p2a: Chi-Yu\n|-damage|p2a: Chi-Yu|56\/100\n|cant|p2a: Chi-Yu|flinch\n|\n|-damage|p1a: Iron Hands|10\/100 brn|[from] brn\n|upkeep\n|turn|27\n|\n|t:|1700010869\n|move|p2a: Chi-Yu|Psychic|p1a: Iron Hands\n|-supereffective|p1a: Iron Hands\n|-damage|p1a: Iron Hands|0 fnt\n|faint|p1a: Iron Hands\n|-end|p1a: Iron Hands|Quark Drive|[silent]\n|\n|upkeep\n|\n|t:|1700010875\n|switch|p1a: Miraidon|Miraidon|88\/100\n|-damage|p1a: Miraidon|76\/100|[from] Stealth Rock\n|-fieldstart|move: Electric Terrain|[from] ability: Hadron Engine|[of] p1a: Miraidon\n|turn|28\n|\n|t:|1700010885\n|switch|p2a: Kingambit|Kingambit, M|70\/100\n|move|p1a: Miraidon|Flash Cannon|p2a: Kingambit\n|-resisted|p2a: Kingambit\n|-damage|p2a: Kingambit|57\/100\n|\n|upkeep\n|turn|29\n|\n|t:|1700010891\n|move|p1a: Miraidon|Electro Drift|p2a: Kingambit\n|-damage|p2a: Kingambit|0 fnt\n|faint|p2a: Kingambit\n|-end|p2a: Kingambit|fallenundefined|[silent]\n|\n|upkeep\n|\n|t:|1700010895\n|switch|p2a: Ting-Lu|Ting-Lu|100\/100\n|-ability|p2a: Ting-Lu|Vessel of Ruin\n|turn|30\n|\n|t:|1700010903\n|switch|p1a: Iron Moth|Iron Moth|100\/100\n|-damage|p1a: Iron Moth|76\/100|[from] Stealth Rock\n|-activate|p1a: Iron Moth|ability: Quark Drive\n|-start|p1a: Iron Moth|quarkdrivespa\n|move|p2a: Ting-Lu|Earthquake|p1a: Iron Moth\n|-supereffective|p1a: Iron Moth\n|-damage|p1a: Iron Moth|0 fnt\n|faint|p1a: Iron Moth\n|-end|p1a: Iron Moth|Quark Drive|[silent]\n|\n|upkeep\n|\n|t:|1700010912\n|switch|p1a: Miraidon|Miraidon|76\/100\n|-damage|p1a: Miraidon|64\/100|[from] Stealth Rock\n|-activate|p1a: Miraidon|ability: Hadron Engine\n|turn|31\n|\n|t:|1700010917\n|move|p1a: Miraidon|Flash Cannon|p2a: Ting-Lu\n|-damage|p2a: Ting-Lu|79\/100\n|move|p2a: Ting-Lu|Earthquake|p1a: Miraidon\n|-supereffective|p1a: Miraidon\n|-damage|p1a: Miraidon|0 fnt\n|faint|p1a: Miraidon\n|\n|win|heynerdre\n|raw|Azie Zar&apos;nia's rating: 1107 &rarr; <strong>1075<\/strong><br \/>(-32 for losing)\n|raw|heynerdre's rating: 1000 &rarr; <strong>1052<\/strong><br \/>(+52 for winning)\n","uploadtime":1700010921,"views":6,"p1id":"aziezarnia","p2id":"heynerdre","formatid":"gen9ubers","rating":1052,"private":0,"password":""}