{"id":"gen9ubers-1977530400","p1":"RubenPaCe","p2":"Nitro524","format":"[Gen 9] Ubers","log":"|j|\u2606RubenPaCe\n|j|\u2606Nitro524\n|t:|1698424869\n|gametype|singles\n|player|p1|RubenPaCe|169|\n|player|p2|Nitro524|hilbert-wonderlauncher|\n|teamsize|p1|6\n|teamsize|p2|6\n|gen|9\n|tier|[Gen 9] Ubers\n|rule|Sleep Clause Mod: Limit one foe put to sleep\n|rule|Species Clause: Limit one of each Pok\u00e9mon\n|rule|OHKO Clause: OHKO moves are banned\n|rule|Evasion Items Clause: Evasion items are banned\n|rule|Evasion Moves Clause: Evasion moves are banned\n|rule|Endless Battle Clause: Forcing endless battles is banned\n|rule|HP Percentage Mod: HP is shown in percentages\n|clearpoke\n|poke|p1|Meowscarada, F|\n|poke|p1|Tyranitar, F|\n|poke|p1|Chi-Yu|\n|poke|p1|Zacian-*|\n|poke|p1|Palkia-Origin|\n|poke|p1|Houndstone, M|\n|poke|p2|Zacian-*|\n|poke|p2|Okidogi, M|\n|poke|p2|Urshifu-*, M|\n|poke|p2|Cyclizar, M|\n|poke|p2|Chi-Yu|\n|poke|p2|Espathra, M|\n|teampreview\n|c|\u2606Nitro524|glhf\n|c|\u2606RubenPaCe|hf\n|\n|t:|1698424882\n|start\n|switch|p1a: Meowscarada|Meowscarada, F|100\/100\n|switch|p2a: Espathra|Espathra, M|100\/100\n|turn|1\n|\n|t:|1698424886\n|move|p2a: Espathra|Protect|p2a: Espathra\n|-singleturn|p2a: Espathra|Protect\n|move|p1a: Meowscarada|Taunt|p2a: Espathra\n|-start|p1a: Meowscarada|typechange|Dark|[from] ability: Protean\n|-activate|p2a: Espathra|move: Protect\n|\n|-ability|p2a: Espathra|Speed Boost|boost\n|-boost|p2a: Espathra|spe|1\n|upkeep\n|turn|2\n|\n|t:|1698424896\n|move|p2a: Espathra|Dazzling Gleam|p1a: Meowscarada\n|-supereffective|p1a: Meowscarada\n|-damage|p1a: Meowscarada|32\/100\n|move|p1a: Meowscarada|Knock Off|p2a: Espathra\n|-supereffective|p2a: Espathra\n|-damage|p2a: Espathra|0 fnt\n|-enditem|p2a: Espathra|Leftovers|[from] move: Knock Off|[of] p1a: Meowscarada\n|faint|p2a: Espathra\n|\n|upkeep\n|\n|t:|1698424902\n|switch|p2a: Cyclizar|Cyclizar, M|100\/100\n|turn|3\n|\n|t:|1698424911\n|move|p1a: Meowscarada|Taunt|p2a: Cyclizar\n|-start|p2a: Cyclizar|move: Taunt\n|cant|p2a: Cyclizar|move: Taunt|Shed Tail\n|\n|upkeep\n|turn|4\n|\n|t:|1698424925\n|move|p1a: Meowscarada|Knock Off|p2a: Cyclizar\n|-damage|p2a: Cyclizar|35\/100\n|-enditem|p2a: Cyclizar|Heavy-Duty Boots|[from] move: Knock Off|[of] p1a: Meowscarada\n|move|p2a: Cyclizar|Rapid Spin|p1a: Meowscarada\n|-damage|p1a: Meowscarada|8\/100\n|-boost|p2a: Cyclizar|spe|1\n|\n|upkeep\n|turn|5\n|\n|t:|1698424932\n|move|p2a: Cyclizar|Rapid Spin|p1a: Meowscarada\n|-damage|p1a: Meowscarada|0 fnt\n|-boost|p2a: Cyclizar|spe|1\n|faint|p1a: Meowscarada\n|\n|-end|p2a: Cyclizar|move: Taunt\n|upkeep\n|\n|t:|1698424936\n|switch|p1a: Tyranitar|Tyranitar, F|100\/100\n|-weather|Sandstorm|[from] ability: Sand Stream|[of] p1a: Tyranitar\n|turn|6\n|\n|t:|1698424949\n|switch|p2a: Urshifu|Urshifu, M|100\/100\n|move|p1a: Tyranitar|Thunder Wave|p2a: Urshifu\n|-status|p2a: Urshifu|par\n|\n|-weather|Sandstorm|[upkeep]\n|-damage|p2a: Urshifu|94\/100 par|[from] Sandstorm\n|upkeep\n|turn|7\n|\n|t:|1698424957\n|switch|p1a: Palkia|Palkia-Origin|100\/100\n|-ability|p1a: Palkia|Pressure\n|move|p2a: Urshifu|Close Combat|p1a: Palkia\n|-damage|p1a: Palkia|23\/100\n|-unboost|p2a: Urshifu|def|1\n|-unboost|p2a: Urshifu|spd|1\n|\n|-weather|Sandstorm|[upkeep]\n|-damage|p1a: Palkia|17\/100|[from] Sandstorm\n|-damage|p2a: Urshifu|88\/100 par|[from] Sandstorm\n|upkeep\n|turn|8\n|\n|t:|1698424972\n|switch|p2a: Zacian|Zacian|100\/100\n|-ability|p2a: Zacian|Intrepid Sword|boost\n|-boost|p2a: Zacian|atk|1\n|move|p1a: Palkia|Hydro Pump|p2a: Zacian\n|-damage|p2a: Zacian|32\/100\n|\n|-weather|Sandstorm|[upkeep]\n|-damage|p2a: Zacian|26\/100|[from] Sandstorm\n|-damage|p1a: Palkia|10\/100|[from] Sandstorm\n|upkeep\n|turn|9\n|\n|t:|1698424980\n|move|p2a: Zacian|Play Rough|p1a: Palkia|[miss]\n|-miss|p2a: Zacian|p1a: Palkia\n|move|p1a: Palkia|Hydro Pump|p2a: Zacian|[miss]\n|-miss|p1a: Palkia|p2a: Zacian\n|\n|-weather|Sandstorm|[upkeep]\n|-damage|p2a: Zacian|20\/100|[from] Sandstorm\n|-damage|p1a: Palkia|4\/100|[from] Sandstorm\n|upkeep\n|turn|10\n|c|\u2606RubenPaCe|great turn\n|c|\u2606Nitro524|indeed\n|\n|t:|1698424996\n|move|p2a: Zacian|Play Rough|p1a: Palkia\n|-supereffective|p1a: Palkia\n|-damage|p1a: Palkia|0 fnt\n|faint|p1a: Palkia\n|\n|-weather|Sandstorm|[upkeep]\n|-damage|p2a: Zacian|14\/100|[from] Sandstorm\n|upkeep\n|\n|t:|1698425000\n|switch|p1a: Houndstone|Houndstone, M|100\/100\n|turn|11\n|\n|t:|1698425012\n|switch|p2a: Urshifu|Urshifu, M|88\/100 par\n|move|p1a: Houndstone|Last Respects|p2a: Urshifu\n|-resisted|p2a: Urshifu\n|-damage|p2a: Urshifu|47\/100 par\n|\n|-weather|Sandstorm|[upkeep]\n|-damage|p2a: Urshifu|40\/100 par|[from] Sandstorm\n|upkeep\n|turn|12\n|\n|t:|1698425020\n|move|p1a: Houndstone|Last Respects|p2a: Urshifu\n|-resisted|p2a: Urshifu\n|-damage|p2a: Urshifu|2\/100 par\n|move|p2a: Urshifu|Wicked Blow|p1a: Houndstone\n|-supereffective|p1a: Houndstone\n|-crit|p1a: Houndstone\n|-damage|p1a: Houndstone|0 fnt\n|faint|p1a: Houndstone\n|\n|-weather|Sandstorm|[upkeep]\n|-damage|p2a: Urshifu|0 fnt|[from] Sandstorm\n|faint|p2a: Urshifu\n|upkeep\n|c|\u2606RubenPaCe|oooh\n|c|\u2606RubenPaCe|what a dirty roll\n|\n|t:|1698425033\n|switch|p2a: Cyclizar|Cyclizar, M|68\/100\n|switch|p1a: Zacian|Zacian|100\/100\n|-ability|p1a: Zacian|Intrepid Sword|boost\n|-boost|p1a: Zacian|atk|1\n|turn|13\n|c|\u2606Nitro524|riiip\n|\n|t:|1698425037\n|move|p1a: Zacian|Play Rough|p2a: Cyclizar|[miss]\n|-miss|p1a: Zacian|p2a: Cyclizar\n|move|p2a: Cyclizar|Shed Tail|p2a: Cyclizar\n|-start|p2a: Cyclizar|Substitute|[from] move: Shed Tail\n|-damage|p2a: Cyclizar|18\/100\n|\n|t:|1698425041\n|switch|p2a: Okidogi|Okidogi, M|100\/100|[from] Shed Tail\n|\n|-weather|none\n|upkeep\n|turn|14\n|c|\u2606RubenPaCe|damn the universe really is giving me a taste of my own medicine\n|\n|t:|1698425053\n|move|p1a: Zacian|Play Rough|p2a: Okidogi|[miss]\n|-miss|p1a: Zacian|p2a: Okidogi\n|move|p2a: Okidogi|Bulk Up|p2a: Okidogi\n|-boost|p2a: Okidogi|atk|1\n|-boost|p2a: Okidogi|def|1\n|\n|upkeep\n|turn|15\n|c|\u2606RubenPaCe|okay nanb\n|c|\u2606Nitro524|lol\n|c|\u2606Nitro524|gotdamn\n|\n|t:|1698425062\n|move|p1a: Zacian|Play Rough|p2a: Okidogi\n|-end|p2a: Okidogi|Substitute\n|move|p2a: Okidogi|Bulk Up|p2a: Okidogi\n|-boost|p2a: Okidogi|atk|1\n|-boost|p2a: Okidogi|def|1\n|\n|upkeep\n|turn|16\n|\n|t:|1698425067\n|move|p1a: Zacian|Play Rough|p2a: Okidogi\n|-damage|p2a: Okidogi|62\/100\n|move|p2a: Okidogi|Poison Jab|p1a: Zacian\n|-supereffective|p1a: Zacian\n|-damage|p1a: Zacian|0 fnt\n|faint|p1a: Zacian\n|\n|-heal|p2a: Okidogi|68\/100|[from] item: Leftovers\n|upkeep\n|c|\u2606RubenPaCe|the superior dog has won\n|\n|t:|1698425086\n|switch|p1a: Chi-Yu|Chi-Yu|100\/100\n|-ability|p1a: Chi-Yu|Beads of Ruin\n|turn|17\n|c|\u2606Nitro524|borf\n|\n|t:|1698425093\n|-terastallize|p1a: Chi-Yu|Fire\n|move|p1a: Chi-Yu|Flamethrower|p2a: Okidogi\n|-damage|p2a: Okidogi|0 fnt\n|faint|p2a: Okidogi\n|\n|upkeep\n|\n|t:|1698425105\n|switch|p2a: Cyclizar|Cyclizar, M|51\/100\n|turn|18\n|\n|t:|1698425107\n|move|p1a: Chi-Yu|Flamethrower|p2a: Cyclizar\n|-resisted|p2a: Cyclizar\n|-damage|p2a: Cyclizar|0 fnt\n|faint|p2a: Cyclizar\n|\n|upkeep\n|\n|t:|1698425112\n|switch|p2a: Chi-Yu|Chi-Yu|100\/100\n|-ability|p2a: Chi-Yu|Beads of Ruin\n|turn|19\n|\n|t:|1698425119\n|move|p2a: Chi-Yu|Dark Pulse|p1a: Chi-Yu\n|-damage|p1a: Chi-Yu|50\/100\n|move|p1a: Chi-Yu|Flamethrower|p2a: Chi-Yu\n|-resisted|p2a: Chi-Yu\n|-damage|p2a: Chi-Yu|62\/100\n|\n|upkeep\n|turn|20\n|\n|t:|1698425122\n|switch|p1a: Tyranitar|Tyranitar, F|100\/100\n|-weather|Sandstorm|[from] ability: Sand Stream|[of] p1a: Tyranitar\n|move|p2a: Chi-Yu|Dark Pulse|p1a: Tyranitar\n|-resisted|p1a: Tyranitar\n|-damage|p1a: Tyranitar|81\/100\n|\n|-weather|Sandstorm|[upkeep]\n|-damage|p2a: Chi-Yu|56\/100|[from] Sandstorm\n|upkeep\n|turn|21\n|\n|t:|1698425134\n|switch|p2a: Zacian|Zacian|14\/100\n|move|p1a: Tyranitar|Knock Off|p2a: Zacian\n|-resisted|p2a: Zacian\n|-damage|p2a: Zacian|0 fnt\n|-enditem|p2a: Zacian|Heavy-Duty Boots|[from] move: Knock Off|[of] p1a: Tyranitar\n|faint|p2a: Zacian\n|\n|-weather|Sandstorm|[upkeep]\n|upkeep\n|\n|t:|1698425137\n|switch|p2a: Chi-Yu|Chi-Yu|56\/100\n|-ability|p2a: Chi-Yu|Beads of Ruin\n|turn|22\n|c|\u2606Nitro524|gg\n|\n|t:|1698425149\n|move|p2a: Chi-Yu|Dark Pulse|p1a: Tyranitar\n|-resisted|p1a: Tyranitar\n|-damage|p1a: Tyranitar|58\/100\n|move|p1a: Tyranitar|Knock Off|p2a: Chi-Yu\n|-resisted|p2a: Chi-Yu\n|-damage|p2a: Chi-Yu|11\/100\n|-enditem|p2a: Chi-Yu|Choice Scarf|[from] move: Knock Off|[of] p1a: Tyranitar\n|\n|-weather|Sandstorm|[upkeep]\n|-damage|p2a: Chi-Yu|5\/100|[from] Sandstorm\n|upkeep\n|turn|23\n|c|\u2606RubenPaCe|gg\n|c|\u2606Nitro524|gg\n|\n|t:|1698425157\n|move|p2a: Chi-Yu|Dark Pulse|p1a: Tyranitar\n|-resisted|p1a: Tyranitar\n|-damage|p1a: Tyranitar|37\/100\n|move|p1a: Tyranitar|Knock Off|p2a: Chi-Yu\n|-resisted|p2a: Chi-Yu\n|-damage|p2a: Chi-Yu|0 fnt\n|faint|p2a: Chi-Yu\n|\n|win|RubenPaCe\n|c|\u2606RubenPaCe|btw\n|c|\u2606Nitro524|wp\n|c|\u2606RubenPaCe|I'm posting this in vods\n|c|\u2606Nitro524|swag\n|c|\u2606RubenPaCe|hope you don't mind\n","uploadtime":1698425178,"views":13,"p1id":"rubenpace","p2id":"nitro524","formatid":"gen9ubers","rating":0,"private":0,"password":""}