{"id":"gen9ubers-1973365720","p1":"stealthr2","p2":"beyondsoulfang","format":"[Gen 9] Ubers","log":"|j|\u2606stealthr2\n|j|\u2606beyondsoulfang\n|t:|1697962533\n|gametype|singles\n|player|p1|stealthr2|grimsley|\n|player|p2|beyondsoulfang|1|\n|teamsize|p1|6\n|teamsize|p2|6\n|gen|9\n|tier|[Gen 9] Ubers\n|rule|Sleep Clause Mod: Limit one foe put to sleep\n|rule|Species Clause: Limit one of each Pok\u00e9mon\n|rule|OHKO Clause: OHKO moves are banned\n|rule|Evasion Items Clause: Evasion items are banned\n|rule|Evasion Moves Clause: Evasion moves are banned\n|rule|Endless Battle Clause: Forcing endless battles is banned\n|rule|HP Percentage Mod: HP is shown in percentages\n|clearpoke\n|poke|p1|Dragapult, M|\n|poke|p1|Spidops, F|\n|poke|p1|Muk-Alola, F|\n|poke|p1|Moltres|\n|poke|p1|Bruxish, F|\n|poke|p1|Mienshao, M|\n|poke|p2|Zarude|\n|poke|p2|Dugtrio-Alola, F|\n|poke|p2|Gastrodon, F|\n|poke|p2|Dragonair, M|\n|poke|p2|Scream Tail|\n|poke|p2|Toxtricity, M|\n|teampreview\n|j| Immortal bear\n|c|\u2606beyondsoulfang|HF :)\n|c|\u2606stealthr2|u2\n|j| thatguy_313\n|\n|t:|1697962642\n|start\n|switch|p1a: Miles Morales|Spidops, F, shiny|100\/100\n|switch|p2a: Gastrodon|Gastrodon, F|100\/100\n|turn|1\n|\n|t:|1697962685\n|move|p2a: Gastrodon|Ice Beam|p1a: Miles Morales\n|-damage|p1a: Miles Morales|76\/100\n|move|p1a: Miles Morales|Sticky Web|p2a: Gastrodon\n|-sidestart|p2: beyondsoulfang|move: Sticky Web\n|\n|upkeep\n|turn|2\n|\n|t:|1697962694\n|switch|p2a: Dragonair|Dragonair, M|100\/100\n|-activate|p2a: Dragonair|move: Sticky Web\n|-unboost|p2a: Dragonair|spe|1\n|move|p1a: Miles Morales|Spikes|p2a: Dragonair\n|-sidestart|p2: beyondsoulfang|Spikes\n|\n|upkeep\n|turn|3\n|j| amdomo\n|\n|t:|1697962754\n|move|p2a: Dragonair|Thunderbolt|p1a: Miles Morales\n|-damage|p1a: Miles Morales|53\/100\n|move|p1a: Miles Morales|Spikes|p2a: Dragonair\n|-sidestart|p2: beyondsoulfang|Spikes\n|\n|upkeep\n|turn|4\n|\n|t:|1697962764\n|move|p2a: Dragonair|Thunderbolt|p1a: Miles Morales\n|-crit|p1a: Miles Morales\n|-damage|p1a: Miles Morales|16\/100\n|move|p1a: Miles Morales|Spikes|p2a: Dragonair\n|-sidestart|p2: beyondsoulfang|Spikes\n|\n|upkeep\n|turn|5\n|\n|t:|1697962777\n|switch|p2a: Dugtrio|Dugtrio-Alola, F|100\/100\n|-item|p2a: Dugtrio|Air Balloon\n|switch|p1a: The Ex Wife|Muk-Alola, F, shiny|100\/100\n|\n|upkeep\n|turn|6\n|\n|t:|1697962791\n|switch|p1a: Miles Morales|Spidops, F, shiny|16\/100\n|move|p2a: Dugtrio|Earthquake|p1a: Miles Morales\n|-resisted|p1a: Miles Morales\n|-damage|p1a: Miles Morales|0 fnt\n|faint|p1a: Miles Morales\n|\n|upkeep\n|\n|t:|1697962823\n|switch|p1a: Undercooked|Moltres, shiny|100\/100\n|turn|7\n|\n|t:|1697962833\n|-terastallize|p1a: Undercooked|Grass\n|move|p2a: Dugtrio|Protect|p2a: Dugtrio\n|-singleturn|p2a: Dugtrio|Protect\n|move|p1a: Undercooked|Flamethrower|p2a: Dugtrio\n|-activate|p2a: Dugtrio|move: Protect\n|\n|upkeep\n|turn|8\n|\n|t:|1697962846\n|switch|p2a: Dragonair|Dragonair, M|100\/100\n|-activate|p2a: Dragonair|move: Sticky Web\n|-unboost|p2a: Dragonair|spe|1\n|-damage|p2a: Dragonair|76\/100|[from] Spikes\n|move|p1a: Undercooked|Flamethrower|p2a: Dragonair\n|-resisted|p2a: Dragonair\n|-damage|p2a: Dragonair|29\/100\n|\n|upkeep\n|turn|9\n|\n|t:|1697962860\n|move|p2a: Dragonair|Thunderbolt|p1a: Undercooked\n|-resisted|p1a: Undercooked\n|-damage|p1a: Undercooked|90\/100\n|move|p1a: Undercooked|Flamethrower|p2a: Dragonair\n|-resisted|p2a: Dragonair\n|-crit|p2a: Dragonair\n|-damage|p2a: Dragonair|0 fnt\n|faint|p2a: Dragonair\n|\n|upkeep\n|\n|t:|1697962873\n|switch|p2a: Toxtricity|Toxtricity, M|100\/100\n|-activate|p2a: Toxtricity|move: Sticky Web\n|-unboost|p2a: Toxtricity|spe|1\n|-damage|p2a: Toxtricity|76\/100|[from] Spikes\n|turn|10\n|l| thatguy_313\n|\n|t:|1697962920\n|switch|p1a: The Ex Wife|Muk-Alola, F, shiny|100\/100\n|move|p2a: Toxtricity|Sludge Bomb|p1a: The Ex Wife\n|-resisted|p1a: The Ex Wife\n|-damage|p1a: The Ex Wife|77\/100\n|\n|-heal|p1a: The Ex Wife|83\/100|[from] item: Black Sludge\n|upkeep\n|turn|11\n|l| amdomo\n|\n|t:|1697962952\n|switch|p2a: Gastrodon|Gastrodon, F|100\/100\n|-activate|p2a: Gastrodon|move: Sticky Web\n|-unboost|p2a: Gastrodon|spe|1\n|-damage|p2a: Gastrodon|76\/100|[from] Spikes\n|move|p1a: The Ex Wife|Knock Off|p2a: Gastrodon\n|-damage|p2a: Gastrodon|31\/100\n|-activate|p2a: Gastrodon|ability: Sticky Hold\n|\n|-heal|p1a: The Ex Wife|89\/100|[from] item: Black Sludge\n|-heal|p2a: Gastrodon|37\/100|[from] item: Leftovers\n|upkeep\n|turn|12\n|\n|t:|1697962970\n|move|p2a: Gastrodon|Protect|p2a: Gastrodon\n|-singleturn|p2a: Gastrodon|Protect\n|move|p1a: The Ex Wife|Knock Off|p2a: Gastrodon\n|-activate|p2a: Gastrodon|move: Protect\n|\n|-heal|p1a: The Ex Wife|95\/100|[from] item: Black Sludge\n|-heal|p2a: Gastrodon|43\/100|[from] item: Leftovers\n|upkeep\n|turn|13\n|\n|t:|1697962983\n|-terastallize|p2a: Gastrodon|Bug\n|move|p1a: The Ex Wife|Knock Off|p2a: Gastrodon\n|-damage|p2a: Gastrodon|0 fnt\n|-enditem|p2a: Gastrodon|Leftovers|[from] move: Knock Off|[of] p1a: The Ex Wife\n|faint|p2a: Gastrodon\n|\n|-heal|p1a: The Ex Wife|100\/100|[from] item: Black Sludge\n|upkeep\n|\n|t:|1697962994\n|switch|p2a: Dugtrio|Dugtrio-Alola, F|100\/100\n|-item|p2a: Dugtrio|Air Balloon\n|turn|14\n|\n|t:|1697963000\n|switch|p1a: Undercooked|Moltres, shiny, tera:Grass|90\/100\n|move|p2a: Dugtrio|Earthquake|p1a: Undercooked\n|-resisted|p1a: Undercooked\n|-damage|p1a: Undercooked|71\/100\n|\n|upkeep\n|turn|15\n|\n|t:|1697963009\n|switch|p2a: Scream Tail|Scream Tail|100\/100\n|-activate|p2a: Scream Tail|move: Sticky Web\n|-unboost|p2a: Scream Tail|spe|1\n|-damage|p2a: Scream Tail|76\/100|[from] Spikes\n|move|p1a: Undercooked|Flamethrower|p2a: Scream Tail\n|-damage|p2a: Scream Tail|43\/100\n|-status|p2a: Scream Tail|brn\n|\n|-heal|p2a: Scream Tail|49\/100 brn|[from] item: Leftovers\n|-damage|p2a: Scream Tail|43\/100 brn|[from] brn\n|upkeep\n|turn|16\n|\n|t:|1697963042\n|move|p2a: Scream Tail|Protect|p2a: Scream Tail\n|-singleturn|p2a: Scream Tail|Protect\n|move|p1a: Undercooked|U-turn|p2a: Scream Tail\n|-activate|p2a: Scream Tail|move: Protect\n|\n|-heal|p2a: Scream Tail|49\/100 brn|[from] item: Leftovers\n|-damage|p2a: Scream Tail|43\/100 brn|[from] brn\n|upkeep\n|turn|17\n|\n|t:|1697963050\n|move|p2a: Scream Tail|Wish|p2a: Scream Tail\n|move|p1a: Undercooked|U-turn|p2a: Scream Tail\n|-damage|p2a: Scream Tail|32\/100 brn\n|\n|t:|1697963067\n|switch|p1a: Munch|Bruxish, F, shiny|100\/100|[from] U-turn\n|\n|-heal|p2a: Scream Tail|38\/100 brn|[from] item: Leftovers\n|-damage|p2a: Scream Tail|32\/100 brn|[from] brn\n|upkeep\n|turn|18\n|\n|t:|1697963080\n|move|p2a: Scream Tail|Protect|p2a: Scream Tail\n|-singleturn|p2a: Scream Tail|Protect\n|move|p1a: Munch|Swords Dance|p1a: Munch\n|-boost|p1a: Munch|atk|2\n|\n|-heal|p2a: Scream Tail|82\/100 brn|[from] move: Wish|[wisher] Scream Tail\n|-heal|p2a: Scream Tail|88\/100 brn|[from] item: Leftovers\n|-damage|p2a: Scream Tail|82\/100 brn|[from] brn\n|upkeep\n|turn|19\n|\n|t:|1697963091\n|move|p1a: Munch|Poison Fang|p2a: Scream Tail\n|-supereffective|p2a: Scream Tail\n|-damage|p2a: Scream Tail|6\/100 brn\n|move|p2a: Scream Tail|Encore|p1a: Munch\n|-start|p1a: Munch|Encore\n|\n|-heal|p2a: Scream Tail|13\/100 brn|[from] item: Leftovers\n|-damage|p2a: Scream Tail|6\/100 brn|[from] brn\n|upkeep\n|turn|20\n|\n|t:|1697963103\n|switch|p1a: Undercooked|Moltres, shiny, tera:Grass|71\/100\n|-end|p2a: Scream Tail|Protosynthesis|[silent]\n|switch|p2a: Dugtrio|Dugtrio-Alola, F|100\/100\n|-item|p2a: Dugtrio|Air Balloon\n|\n|upkeep\n|turn|21\n|\n|t:|1697963111\n|move|p2a: Dugtrio|Sucker Punch||[still]\n|-fail|p2a: Dugtrio\n|move|p1a: Undercooked|Roost|p1a: Undercooked\n|-heal|p1a: Undercooked|100\/100\n|\n|upkeep\n|turn|22\n|\n|t:|1697963122\n|switch|p2a: Toxtricity|Toxtricity, M|76\/100\n|-activate|p2a: Toxtricity|move: Sticky Web\n|-unboost|p2a: Toxtricity|spe|1\n|-damage|p2a: Toxtricity|51\/100|[from] Spikes\n|move|p1a: Undercooked|Flamethrower|p2a: Toxtricity\n|-damage|p2a: Toxtricity|0 fnt\n|faint|p2a: Toxtricity\n|\n|upkeep\n|\n|t:|1697963131\n|switch|p2a: Scream Tail|Scream Tail|6\/100 brn\n|-activate|p2a: Scream Tail|move: Sticky Web\n|-unboost|p2a: Scream Tail|spe|1\n|-damage|p2a: Scream Tail|0 fnt|[from] Spikes\n|faint|p2a: Scream Tail\n|-end|p2a: Scream Tail|Protosynthesis|[silent]\n|\n|t:|1697963141\n|switch|p2a: Zarude|Zarude|100\/100\n|-activate|p2a: Zarude|move: Sticky Web\n|-unboost|p2a: Zarude|spe|1\n|-damage|p2a: Zarude|76\/100|[from] Spikes\n|turn|23\n|\n|t:|1697963173\n|move|p2a: Zarude|U-turn|p1a: Undercooked\n|-supereffective|p1a: Undercooked\n|-damage|p1a: Undercooked|40\/100\n|-damage|p2a: Zarude|66\/100|[from] item: Life Orb\n|\n|t:|1697963180\n|switch|p2a: Dugtrio|Dugtrio-Alola, F|100\/100|[from] U-turn\n|-item|p2a: Dugtrio|Air Balloon\n|move|p1a: Undercooked|Flamethrower|p2a: Dugtrio\n|-supereffective|p2a: Dugtrio\n|-damage|p2a: Dugtrio|0 fnt\n|-enditem|p2a: Dugtrio|Air Balloon\n|faint|p2a: Dugtrio\n|\n|upkeep\n|\n|t:|1697963189\n|switch|p2a: Zarude|Zarude|66\/100\n|-activate|p2a: Zarude|move: Sticky Web\n|-unboost|p2a: Zarude|spe|1\n|-damage|p2a: Zarude|41\/100|[from] Spikes\n|turn|24\n|\n|t:|1697963212\n|switch|p1a: The Ex Wife|Muk-Alola, F, shiny|100\/100\n|move|p2a: Zarude|Bulk Up|p2a: Zarude\n|-boost|p2a: Zarude|atk|1\n|-boost|p2a: Zarude|def|1\n|\n|upkeep\n|turn|25\n|\n|t:|1697963222\n|move|p2a: Zarude|U-turn|p1a: The Ex Wife\n|-damage|p1a: The Ex Wife|55\/100\n|-damage|p2a: Zarude|31\/100|[from] item: Life Orb\n|move|p1a: The Ex Wife|Poison Jab|p2a: Zarude\n|-supereffective|p2a: Zarude\n|-damage|p2a: Zarude|0 fnt\n|faint|p2a: Zarude\n|\n|win|stealthr2\n|c|\u2606stealthr2|gg\n|c|\u2606beyondsoulfang|gg\n","uploadtime":1697963250,"views":35,"p1id":"stealthr2","p2id":"beyondsoulfang","formatid":"gen9ubers","rating":0,"private":0,"password":""}