{"id":"gen9ubers-1982032099","p1":"Gladiator_Kraken","p2":"MyDeliciousAxe","format":"[Gen 9] Ubers","log":"|j|\u2606Gladiator_Kraken\n|j|\u2606MyDeliciousAxe\n|t:|1698961283\n|gametype|singles\n|player|p1|Gladiator_Kraken|rika|\n|player|p2|MyDeliciousAxe|caitlin|\n|teamsize|p1|6\n|teamsize|p2|6\n|gen|9\n|tier|[Gen 9] Ubers\n|rule|Sleep Clause Mod: Limit one foe put to sleep\n|rule|Species Clause: Limit one of each Pok\u00e9mon\n|rule|OHKO Clause: OHKO moves are banned\n|rule|Evasion Items Clause: Evasion items are banned\n|rule|Evasion Moves Clause: Evasion moves are banned\n|rule|Endless Battle Clause: Forcing endless battles is banned\n|rule|HP Percentage Mod: HP is shown in percentages\n|clearpoke\n|poke|p1|Palafin, M|\n|poke|p1|Grimmsnarl, M|\n|poke|p1|Ogerpon-Cornerstone, F|\n|poke|p1|Landorus-Therian, M|\n|poke|p1|Iron Valiant|\n|poke|p1|Iron Moth|\n|poke|p2|Palafin, M|\n|poke|p2|Pelipper, F|\n|poke|p2|Kilowattrel, F|\n|poke|p2|Cyclizar, M|\n|poke|p2|Toxicroak, M|\n|poke|p2|Basculegion-F, F|\n|teampreview\n|c|\u2606Gladiator_Kraken|hf\n|c|\u2606MyDeliciousAxe|u2!\n|\n|t:|1698961312\n|start\n|switch|p1a: Grimmace Shake|Grimmsnarl, M|100\/100\n|switch|p2a: Palafin|Palafin, M|100\/100\n|turn|1\n|\n|t:|1698961333\n|detailschange|p2a: Palafin|Palafin-Hero, M\n|switch|p2a: Kilowattrel|Kilowattrel, F|100\/100\n|move|p1a: Grimmace Shake|Reflect|p1a: Grimmace Shake\n|-sidestart|p1: Gladiator_Kraken|Reflect\n|\n|upkeep\n|turn|2\n|\n|t:|1698961342\n|move|p1a: Grimmace Shake|Light Screen|p1a: Grimmace Shake\n|-sidestart|p1: Gladiator_Kraken|move: Light Screen\n|move|p2a: Kilowattrel|Hurricane|p1a: Grimmace Shake\n|-damage|p1a: Grimmace Shake|73\/100\n|\n|upkeep\n|turn|3\n|\n|t:|1698961353\n|switch|p2a: Palafin|Palafin-Hero, M|100\/100\n|-activate|p2a: Palafin|ability: Zero to Hero\n|move|p1a: Grimmace Shake|Parting Shot|p2a: Palafin\n|-unboost|p2a: Palafin|atk|1\n|-unboost|p2a: Palafin|spa|1\n|\n|t:|1698961374\n|switch|p1a: Point of the Mask|Ogerpon-Cornerstone, F|100\/100|[from] Parting Shot\n|\n|upkeep\n|turn|4\n|\n|t:|1698961386\n|switch|p2a: Toxicroak|Toxicroak, M|100\/100\n|move|p1a: Point of the Mask|Trailblaze|p2a: Toxicroak\n|-resisted|p2a: Toxicroak\n|-damage|p2a: Toxicroak|77\/100\n|-boost|p1a: Point of the Mask|spe|1\n|\n|upkeep\n|turn|5\n|\n|t:|1698961396\n|-terastallize|p1a: Point of the Mask|Rock\n|detailschange|p1a: Point of the Mask|Ogerpon-Cornerstone-Tera, F, tera:Rock\n|-ability|p1a: Point of the Mask|Embody Aspect (Cornerstone)|boost\n|-boost|p1a: Point of the Mask|def|1\n|move|p1a: Point of the Mask|Ivy Cudgel|p2a: Toxicroak\n|-resisted|p2a: Toxicroak\n|-damage|p2a: Toxicroak|20\/100\n|move|p2a: Toxicroak|Close Combat|p1a: Point of the Mask\n|-supereffective|p1a: Point of the Mask\n|-damage|p1a: Point of the Mask|53\/100\n|-unboost|p2a: Toxicroak|def|1\n|-unboost|p2a: Toxicroak|spd|1\n|\n|upkeep\n|turn|6\n|\n|t:|1698961415\n|move|p2a: Toxicroak|Sucker Punch|p1a: Point of the Mask\n|-damage|p1a: Point of the Mask|45\/100\n|move|p1a: Point of the Mask|Ivy Cudgel|p2a: Toxicroak\n|-resisted|p2a: Toxicroak\n|-crit|p2a: Toxicroak\n|-damage|p2a: Toxicroak|0 fnt\n|faint|p2a: Toxicroak\n|\n|upkeep\n|\n|t:|1698961429\n|switch|p2a: Pelipper|Pelipper, F|100\/100\n|-weather|RainDance|[from] ability: Drizzle|[of] p2a: Pelipper\n|turn|7\n|\n|t:|1698961434\n|switch|p2a: Cyclizar|Cyclizar, M|100\/100\n|move|p1a: Point of the Mask|Trailblaze|p2a: Cyclizar\n|-resisted|p2a: Cyclizar\n|-damage|p2a: Cyclizar|73\/100\n|-boost|p1a: Point of the Mask|spe|1\n|\n|-weather|RainDance|[upkeep]\n|upkeep\n|turn|8\n|\n|t:|1698961442\n|move|p1a: Point of the Mask|Ivy Cudgel|p2a: Cyclizar\n|-damage|p2a: Cyclizar|0 fnt\n|faint|p2a: Cyclizar\n|\n|-weather|RainDance|[upkeep]\n|-sideend|p1: Gladiator_Kraken|Reflect\n|upkeep\n|\n|t:|1698961458\n|switch|p2a: Palafin|Palafin-Hero, M|100\/100\n|turn|9\n|\n|t:|1698961461\n|move|p1a: Point of the Mask|Trailblaze|p2a: Palafin\n|-supereffective|p2a: Palafin\n|-damage|p2a: Palafin|41\/100\n|-boost|p1a: Point of the Mask|spe|1\n|move|p2a: Palafin|Wave Crash|p1a: Point of the Mask\n|-supereffective|p1a: Point of the Mask\n|-damage|p1a: Point of the Mask|0 fnt\n|faint|p1a: Point of the Mask\n|-damage|p2a: Palafin|28\/100|[from] Recoil\n|-damage|p2a: Palafin|18\/100|[from] item: Life Orb\n|\n|-weather|RainDance|[upkeep]\n|-sideend|p1: Gladiator_Kraken|move: Light Screen\n|upkeep\n|\n|t:|1698961468\n|switch|p1a: Glorious Dolphin|Palafin, M|100\/100\n|turn|10\n|\n|t:|1698961488\n|detailschange|p1a: Glorious Dolphin|Palafin-Hero, M\n|switch|p1a: Volcarona At Home:|Iron Moth|100\/100\n|-enditem|p1a: Volcarona At Home:|Booster Energy\n|-activate|p1a: Volcarona At Home:|ability: Quark Drive|[fromitem]\n|-start|p1a: Volcarona At Home:|quarkdrivespa\n|move|p2a: Palafin|Grass Knot|p1a: Volcarona At Home:\n|-resisted|p1a: Volcarona At Home:\n|-damage|p1a: Volcarona At Home:|94\/100\n|-damage|p2a: Palafin|8\/100|[from] item: Life Orb\n|\n|-weather|RainDance|[upkeep]\n|upkeep\n|turn|11\n|\n|t:|1698961502\n|switch|p2a: Kilowattrel|Kilowattrel, F|100\/100\n|move|p1a: Volcarona At Home:|Agility|p1a: Volcarona At Home:\n|-boost|p1a: Volcarona At Home:|spe|2\n|\n|-weather|none\n|upkeep\n|turn|12\n|\n|t:|1698961515\n|move|p1a: Volcarona At Home:|Fiery Dance|p2a: Kilowattrel\n|-damage|p2a: Kilowattrel|0 fnt\n|-boost|p1a: Volcarona At Home:|spa|1\n|faint|p2a: Kilowattrel\n|\n|upkeep\n|\n|t:|1698961518\n|switch|p2a: Pelipper|Pelipper, F|100\/100\n|-weather|RainDance|[from] ability: Drizzle|[of] p2a: Pelipper\n|turn|13\n|\n|t:|1698961523\n|move|p1a: Volcarona At Home:|Sludge Wave|p2a: Pelipper\n|-crit|p2a: Pelipper\n|-damage|p2a: Pelipper|0 fnt\n|faint|p2a: Pelipper\n|\n|-weather|RainDance|[upkeep]\n|upkeep\n|\n|t:|1698961525\n|switch|p2a: Basculegion|Basculegion-F, F|100\/100\n|turn|14\n|\n|t:|1698961531\n|move|p1a: Volcarona At Home:|Energy Ball|p2a: Basculegion\n|-supereffective|p2a: Basculegion\n|-damage|p2a: Basculegion|0 fnt\n|faint|p2a: Basculegion\n|\n|-weather|RainDance|[upkeep]\n|upkeep\n|\n|t:|1698961534\n|switch|p2a: Palafin|Palafin-Hero, M|8\/100\n|turn|15\n|\n|t:|1698961538\n|move|p1a: Volcarona At Home:|Energy Ball|p2a: Palafin\n|-supereffective|p2a: Palafin\n|-damage|p2a: Palafin|0 fnt\n|faint|p2a: Palafin\n|\n|win|Gladiator_Kraken\n|c|\u2606Gladiator_Kraken|ggwp\n","uploadtime":1698961547,"views":19,"p1id":"gladiatorkraken","p2id":"mydeliciousaxe","formatid":"gen9ubers","rating":0,"private":0,"password":""}