{"id":"gen9ubers-1992804085","p1":"Anne Frankkkk","p2":"BigStallMoogsei","format":"[Gen 9] Ubers","log":"|j|\u2606Anne Frankkkk\n|j|\u2606BigStallMoogsei\n|t:|1700236883\n|gametype|singles\n|player|p1|Anne Frankkkk|hilbert|1286\n|player|p2|BigStallMoogsei|waitress-gen4|1181\n|teamsize|p1|6\n|teamsize|p2|6\n|gen|9\n|tier|[Gen 9] Ubers\n|rated|\n|rule|Sleep Clause Mod: Limit one foe put to sleep\n|rule|Species Clause: Limit one of each Pok\u00e9mon\n|rule|OHKO Clause: OHKO moves are banned\n|rule|Evasion Items Clause: Evasion items are banned\n|rule|Evasion Moves Clause: Evasion moves are banned\n|rule|Endless Battle Clause: Forcing endless battles is banned\n|rule|HP Percentage Mod: HP is shown in percentages\n|clearpoke\n|poke|p1|Regieleki|\n|poke|p1|Kyogre|\n|poke|p1|Chien-Pao|\n|poke|p1|Ribombee, F|\n|poke|p1|Miraidon|\n|poke|p1|Flutter Mane|\n|poke|p2|Koraidon|\n|poke|p2|Zacian-*|\n|poke|p2|Chi-Yu|\n|poke|p2|Shaymin-Sky|\n|poke|p2|Groudon|\n|poke|p2|Clefable, F|\n|teampreview\n|inactive|Battle timer is ON: inactive players will automatically lose when time's up. (requested by BigStallMoogsei)\n|inactive|BigStallMoogsei has 120 seconds left.\n|\n|t:|1700236917\n|start\n|switch|p1a: Moonblast|Ribombee, F, shiny|100\/100\n|switch|p2a: Groudon|Groudon|100\/100\n|-weather|SunnyDay|[from] ability: Drought|[of] p2a: Groudon\n|turn|1\n|\n|t:|1700236925\n|move|p1a: Moonblast|Sticky Web|p2a: Groudon\n|-sidestart|p2: BigStallMoogsei|move: Sticky Web\n|move|p2a: Groudon|Fire Punch|p1a: Moonblast\n|-supereffective|p1a: Moonblast\n|-enditem|p1a: Moonblast|Focus Sash\n|-damage|p1a: Moonblast|1\/100\n|-damage|p2a: Groudon|91\/100|[from] item: Life Orb\n|\n|-weather|SunnyDay|[upkeep]\n|upkeep\n|turn|2\n|\n|t:|1700236934\n|move|p1a: Moonblast|Moonblast|p2a: Groudon\n|-damage|p2a: Groudon|47\/100\n|-unboost|p2a: Groudon|spa|1\n|move|p2a: Groudon|Stealth Rock|p1a: Moonblast\n|-sidestart|p1: Anne Frankkkk|move: Stealth Rock\n|\n|-weather|SunnyDay|[upkeep]\n|upkeep\n|turn|3\n|\n|t:|1700236943\n|move|p1a: Moonblast|Moonblast|p2a: Groudon\n|-damage|p2a: Groudon|7\/100\n|move|p2a: Groudon|Will-O-Wisp|p1a: Moonblast\n|-status|p1a: Moonblast|brn\n|\n|-weather|SunnyDay|[upkeep]\n|-damage|p1a: Moonblast|0 fnt|[from] brn\n|faint|p1a: Moonblast\n|upkeep\n|\n|t:|1700236946\n|switch|p1a: Bzzzzt|Regieleki, shiny|100\/100\n|-damage|p1a: Bzzzzt|88\/100|[from] Stealth Rock\n|turn|4\n|\n|t:|1700236949\n|move|p1a: Bzzzzt|Rapid Spin|p2a: Groudon\n|-damage|p2a: Groudon|0 fnt\n|-boost|p1a: Bzzzzt|spe|1\n|-sideend|p1: Anne Frankkkk|Stealth Rock|[from] move: Rapid Spin|[of] p1a: Bzzzzt\n|faint|p2a: Groudon\n|\n|-weather|SunnyDay|[upkeep]\n|upkeep\n|\n|t:|1700236962\n|switch|p2a: Zacian|Zacian-Crowned|100\/100\n|-activate|p2a: Zacian|move: Sticky Web\n|-unboost|p2a: Zacian|spe|1\n|-ability|p2a: Zacian|Intrepid Sword|boost\n|-boost|p2a: Zacian|atk|1\n|turn|5\n|\n|t:|1700236967\n|move|p1a: Bzzzzt|Thunderbolt|p2a: Zacian\n|-damage|p2a: Zacian|39\/100\n|move|p2a: Zacian|Behemoth Blade|p1a: Bzzzzt\n|-resisted|p1a: Bzzzzt\n|-damage|p1a: Bzzzzt|7\/100\n|\n|-weather|none\n|upkeep\n|turn|6\n|\n|t:|1700236972\n|switch|p2a: Clefable|Clefable, F|100\/100\n|-activate|p2a: Clefable|move: Sticky Web\n|-unboost|p2a: Clefable|spe|1\n|move|p1a: Bzzzzt|Thunderbolt|p2a: Clefable\n|-damage|p2a: Clefable|36\/100\n|-status|p2a: Clefable|par\n|\n|-heal|p2a: Clefable|42\/100 par|[from] item: Leftovers\n|upkeep\n|turn|7\n|\n|t:|1700236977\n|move|p1a: Bzzzzt|Thunderbolt|p2a: Clefable\n|-damage|p2a: Clefable|0 fnt\n|faint|p2a: Clefable\n|\n|upkeep\n|\n|t:|1700236990\n|switch|p2a: Koraidon|Koraidon|100\/100\n|-activate|p2a: Koraidon|move: Sticky Web\n|-unboost|p2a: Koraidon|spe|1\n|-weather|SunnyDay|[from] ability: Orichalcum Pulse|[of] p2a: Koraidon\n|-activate|p2a: Koraidon|Orichalcum Pulse|[source]\n|turn|8\n|\n|t:|1700236993\n|move|p1a: Bzzzzt|Thunderbolt|p2a: Koraidon\n|-resisted|p2a: Koraidon\n|-damage|p2a: Koraidon|69\/100\n|move|p2a: Koraidon|Dragon Claw|p1a: Bzzzzt\n|-damage|p1a: Bzzzzt|0 fnt\n|faint|p1a: Bzzzzt\n|\n|-weather|SunnyDay|[upkeep]\n|upkeep\n|\n|t:|1700236998\n|switch|p1a: Misdreavius|Flutter Mane, shiny|100\/100\n|-activate|p1a: Misdreavius|ability: Protosynthesis\n|-start|p1a: Misdreavius|protosynthesisspe\n|turn|9\n|\n|t:|1700237005\n|switch|p2a: Shaymin|Shaymin-Sky|100\/100\n|move|p1a: Misdreavius|Moonblast|p2a: Shaymin\n|-damage|p2a: Shaymin|34\/100\n|-unboost|p2a: Shaymin|spa|1\n|\n|-weather|SunnyDay|[upkeep]\n|upkeep\n|turn|10\n|\n|t:|1700237020\n|move|p1a: Misdreavius|Calm Mind|p1a: Misdreavius\n|-boost|p1a: Misdreavius|spa|1\n|-boost|p1a: Misdreavius|spd|1\n|move|p2a: Shaymin|Healing Wish|p2a: Shaymin\n|faint|p2a: Shaymin\n|\n|-weather|SunnyDay|[upkeep]\n|upkeep\n|\n|t:|1700237022\n|switch|p2a: Zacian|Zacian-Crowned|39\/100\n|-heal|p2a: Zacian|100\/100|[from] move: Healing Wish\n|-activate|p2a: Zacian|move: Sticky Web\n|-unboost|p2a: Zacian|spe|1\n|turn|11\n|\n|t:|1700237034\n|-terastallize|p1a: Misdreavius|Ghost\n|move|p1a: Misdreavius|Shadow Ball|p2a: Zacian\n|-damage|p2a: Zacian|22\/100\n|move|p2a: Zacian|Behemoth Blade|p1a: Misdreavius\n|-damage|p1a: Misdreavius|0 fnt\n|faint|p1a: Misdreavius\n|-end|p1a: Misdreavius|Protosynthesis|[silent]\n|\n|-weather|SunnyDay|[upkeep]\n|upkeep\n|\n|t:|1700237043\n|switch|p1a: Cyber Lizard|Miraidon|100\/100\n|-fieldstart|move: Electric Terrain|[from] ability: Hadron Engine|[of] p1a: Cyber Lizard\n|-item|p1a: Cyber Lizard|Air Balloon\n|turn|12\n|\n|t:|1700237047\n|move|p1a: Cyber Lizard|Electro Drift|p2a: Zacian\n|-damage|p2a: Zacian|0 fnt\n|faint|p2a: Zacian\n|\n|-weather|none\n|upkeep\n|\n|t:|1700237051\n|switch|p2a: Koraidon|Koraidon|69\/100\n|-activate|p2a: Koraidon|move: Sticky Web\n|-unboost|p2a: Koraidon|spe|1\n|-weather|SunnyDay|[from] ability: Orichalcum Pulse|[of] p2a: Koraidon\n|-activate|p2a: Koraidon|Orichalcum Pulse|[source]\n|turn|13\n|\n|t:|1700237055\n|-terastallize|p2a: Koraidon|Fire\n|move|p1a: Cyber Lizard|Dragon Pulse|p2a: Koraidon\n|-damage|p2a: Koraidon|3\/100\n|move|p2a: Koraidon|Dragon Claw|p1a: Cyber Lizard\n|-supereffective|p1a: Cyber Lizard\n|-damage|p1a: Cyber Lizard|0 fnt\n|-enditem|p1a: Cyber Lizard|Air Balloon\n|faint|p1a: Cyber Lizard\n|\n|-weather|SunnyDay|[upkeep]\n|upkeep\n|\n|t:|1700237062\n|switch|p1a: Ice Cat|Chien-Pao|100\/100\n|-ability|p1a: Ice Cat|Sword of Ruin\n|turn|14\n|\n|t:|1700237065\n|move|p1a: Ice Cat|Sacred Sword|p2a: Koraidon\n|-damage|p2a: Koraidon|0 fnt\n|faint|p2a: Koraidon\n|\n|-weather|SunnyDay|[upkeep]\n|upkeep\n|\n|t:|1700237068\n|switch|p2a: Chi-Yu|Chi-Yu|100\/100\n|-activate|p2a: Chi-Yu|move: Sticky Web\n|-unboost|p2a: Chi-Yu|spe|1\n|-ability|p2a: Chi-Yu|Beads of Ruin\n|turn|15\n|\n|t:|1700237071\n|move|p1a: Ice Cat|Swords Dance|p1a: Ice Cat\n|-boost|p1a: Ice Cat|atk|2\n|move|p2a: Chi-Yu|Fire Blast|p1a: Ice Cat\n|-supereffective|p1a: Ice Cat\n|-enditem|p1a: Ice Cat|Focus Sash\n|-damage|p1a: Ice Cat|1\/100\n|\n|-weather|SunnyDay|[upkeep]\n|upkeep\n|turn|16\n|\n|t:|1700237074\n|move|p1a: Ice Cat|Sacred Sword|p2a: Chi-Yu\n|-supereffective|p2a: Chi-Yu\n|-damage|p2a: Chi-Yu|0 fnt\n|faint|p2a: Chi-Yu\n|\n|win|Anne Frankkkk\n|raw|Anne Frankkkk's rating: 1286 &rarr; <strong>1304<\/strong><br \/>(+18 for winning)\n|raw|BigStallMoogsei's rating: 1181 &rarr; <strong>1163<\/strong><br \/>(-18 for losing)\n|l|\u2606BigStallMoogsei\n","uploadtime":1700237081,"views":5,"p1id":"annefrankkkk","p2id":"bigstallmoogsei","formatid":"gen9ubers","rating":1163,"private":0,"password":""}