{"id":"gen9ubers-1983724992","p1":"123457la","p2":"Chris6497","format":"[Gen 9] Ubers","log":"|j|\u2606123457la\n|j|\u2606Chris6497\n|t:|1699167929\n|gametype|singles\n|player|p1|123457la|2|1189\n|player|p2|Chris6497|koga|1307\n|teamsize|p1|6\n|teamsize|p2|6\n|gen|9\n|tier|[Gen 9] Ubers\n|rated|\n|rule|Sleep Clause Mod: Limit one foe put to sleep\n|rule|Species Clause: Limit one of each Pok\u00e9mon\n|rule|OHKO Clause: OHKO moves are banned\n|rule|Evasion Items Clause: Evasion items are banned\n|rule|Evasion Moves Clause: Evasion moves are banned\n|rule|Endless Battle Clause: Forcing endless battles is banned\n|rule|HP Percentage Mod: HP is shown in percentages\n|clearpoke\n|poke|p1|Miraidon|\n|poke|p1|Arceus|\n|poke|p1|Dialga-Origin|\n|poke|p1|Koraidon|\n|poke|p1|Clefable, M|\n|poke|p1|Zacian-*|\n|poke|p2|Koraidon|\n|poke|p2|Miraidon|\n|poke|p2|Giratina-Origin|\n|poke|p2|Arceus-Fairy|\n|poke|p2|Darkrai|\n|poke|p2|Espathra, F|\n|teampreview\n|inactive|Battle timer is ON: inactive players will automatically lose when time's up. (requested by Chris6497)\n|inactive|123457la has 120 seconds left.\n|inactive|123457la has 90 seconds left.\n|inactive|123457la has 60 seconds left.\n|\n|t:|1699168020\n|start\n|switch|p1a: Miraidon|Miraidon|100\/100\n|switch|p2a: Arceus|Arceus-Fairy|100\/100\n|-fieldstart|move: Electric Terrain|[from] ability: Hadron Engine|[of] p1a: Miraidon\n|turn|1\n|inactive|123457la has 120 seconds left.\n|\n|t:|1699168041\n|move|p1a: Miraidon|U-turn|p2a: Arceus\n|-resisted|p2a: Arceus\n|-damage|p2a: Arceus|95\/100\n|\n|t:|1699168046\n|switch|p1a: Dialga|Dialga-Origin|100\/100|[from] U-turn\n|-ability|p1a: Dialga|Pressure\n|move|p2a: Arceus|Judgment|p1a: Dialga\n|-damage|p1a: Dialga|57\/100\n|\n|upkeep\n|turn|2\n|\n|t:|1699168075\n|move|p2a: Arceus|Calm Mind|p2a: Arceus\n|-boost|p2a: Arceus|spa|1\n|-boost|p2a: Arceus|spd|1\n|move|p1a: Dialga|Flash Cannon|p2a: Arceus\n|-supereffective|p2a: Arceus\n|-damage|p2a: Arceus|47\/100\n|\n|upkeep\n|turn|3\n|\n|t:|1699168084\n|switch|p1a: Zacian|Zacian-Crowned|100\/100\n|-ability|p1a: Zacian|Intrepid Sword|boost\n|-boost|p1a: Zacian|atk|1\n|move|p2a: Arceus|Judgment|p1a: Zacian\n|-resisted|p1a: Zacian\n|-damage|p1a: Zacian|58\/100\n|\n|upkeep\n|turn|4\n|\n|t:|1699168095\n|move|p1a: Zacian|Behemoth Blade|p2a: Arceus\n|-supereffective|p2a: Arceus\n|-damage|p2a: Arceus|0 fnt\n|faint|p2a: Arceus\n|\n|upkeep\n|\n|t:|1699168111\n|switch|p2a: Darkrai|Darkrai|100\/100\n|turn|5\n|inactive|123457la has 90 seconds left.\n|\n|t:|1699168149\n|move|p2a: Darkrai|Thunder|p1a: Zacian|[miss]\n|-miss|p2a: Darkrai|p1a: Zacian\n|move|p1a: Zacian|Play Rough|p2a: Darkrai\n|-supereffective|p2a: Darkrai\n|-damage|p2a: Darkrai|0 fnt\n|faint|p2a: Darkrai\n|\n|-fieldend|move: Electric Terrain\n|upkeep\n|\n|t:|1699168158\n|switch|p2a: Koraidon|Koraidon|100\/100\n|-weather|SunnyDay|[from] ability: Orichalcum Pulse|[of] p2a: Koraidon\n|-activate|p2a: Koraidon|Orichalcum Pulse|[source]\n|turn|6\n|inactive|123457la has 90 seconds left.\n|l|\u2606Chris6497\n|inactive|Chris6497 disconnected and has a minute to reconnect!\n|player|p2|\n|j|\u2606Chris6497\n|inactive|Chris6497 reconnected.\n|player|p2|Chris6497|koga\n|inactive|123457la has 60 seconds left.\n|\n|t:|1699168215\n|move|p2a: Koraidon|Collision Course|p1a: Zacian\n|-damage|p1a: Zacian|0 fnt\n|faint|p1a: Zacian\n|\n|-weather|SunnyDay|[upkeep]\n|upkeep\n|\n|t:|1699168227\n|switch|p1a: Clefable|Clefable, M|100\/100\n|turn|7\n|\n|t:|1699168231\n|switch|p2a: Espathra|Espathra, F|100\/100\n|move|p1a: Clefable|Moonblast|p2a: Espathra\n|-damage|p2a: Espathra|62\/100\n|\n|-weather|SunnyDay|[upkeep]\n|-heal|p2a: Espathra|68\/100|[from] item: Leftovers\n|upkeep\n|turn|8\n|inactive|123457la has 30 seconds left.\n|inactive|123457la has 20 seconds left.\n|\n|t:|1699168275\n|switch|p1a: Miraidon|Miraidon|100\/100\n|-fieldstart|move: Electric Terrain|[from] ability: Hadron Engine|[of] p1a: Miraidon\n|move|p2a: Espathra|Calm Mind|p2a: Espathra\n|-boost|p2a: Espathra|spa|1\n|-boost|p2a: Espathra|spd|1\n|\n|-weather|SunnyDay|[upkeep]\n|-heal|p2a: Espathra|74\/100|[from] item: Leftovers\n|-ability|p2a: Espathra|Speed Boost|boost\n|-boost|p2a: Espathra|spe|1\n|upkeep\n|turn|9\n|inactive|123457la has 30 seconds left this turn.\n|\n|t:|1699168282\n|move|p2a: Espathra|Protect|p2a: Espathra\n|-singleturn|p2a: Espathra|Protect\n|move|p1a: Miraidon|U-turn|p2a: Espathra\n|-activate|p2a: Espathra|move: Protect\n|\n|-weather|SunnyDay|[upkeep]\n|-heal|p2a: Espathra|80\/100|[from] item: Leftovers\n|-ability|p2a: Espathra|Speed Boost|boost\n|-boost|p2a: Espathra|spe|1\n|upkeep\n|turn|10\n|inactive|123457la has 30 seconds left.\n|\n|t:|1699168293\n|move|p1a: Miraidon|U-turn|p2a: Espathra\n|-supereffective|p2a: Espathra\n|-damage|p2a: Espathra|60\/100\n|inactive|123457la has 30 seconds left.\n|\n|t:|1699168299\n|switch|p1a: Dialga|Dialga-Origin|57\/100|[from] U-turn\n|-ability|p1a: Dialga|Pressure\n|move|p2a: Espathra|Calm Mind|p2a: Espathra\n|-boost|p2a: Espathra|spa|1\n|-boost|p2a: Espathra|spd|1\n|\n|-weather|none\n|-heal|p2a: Espathra|66\/100|[from] item: Leftovers\n|-ability|p2a: Espathra|Speed Boost|boost\n|-boost|p2a: Espathra|spe|1\n|upkeep\n|turn|11\n|\n|t:|1699168304\n|move|p2a: Espathra|Protect|p2a: Espathra\n|-singleturn|p2a: Espathra|Protect\n|move|p1a: Dialga|Flash Cannon|p2a: Espathra\n|-activate|p2a: Espathra|move: Protect\n|\n|-heal|p2a: Espathra|72\/100|[from] item: Leftovers\n|-ability|p2a: Espathra|Speed Boost|boost\n|-boost|p2a: Espathra|spe|1\n|upkeep\n|turn|12\n|\n|t:|1699168308\n|move|p2a: Espathra|Calm Mind|p2a: Espathra\n|-boost|p2a: Espathra|spa|1\n|-boost|p2a: Espathra|spd|1\n|move|p1a: Dialga|Thunder Wave|p2a: Espathra\n|-status|p2a: Espathra|par\n|\n|-heal|p2a: Espathra|78\/100 par|[from] item: Leftovers\n|-fieldend|move: Electric Terrain\n|-ability|p2a: Espathra|Speed Boost|boost\n|-boost|p2a: Espathra|spe|1\n|upkeep\n|turn|13\n|\n|t:|1699168312\n|move|p2a: Espathra|Calm Mind|p2a: Espathra\n|-boost|p2a: Espathra|spa|1\n|-boost|p2a: Espathra|spd|1\n|move|p1a: Dialga|Dragon Tail|p2a: Espathra\n|-damage|p2a: Espathra|59\/100 par\n|drag|p2a: Koraidon|Koraidon|100\/100\n|-weather|SunnyDay|[from] ability: Orichalcum Pulse|[of] p2a: Koraidon\n|-activate|p2a: Koraidon|Orichalcum Pulse|[source]\n|\n|-weather|SunnyDay|[upkeep]\n|upkeep\n|turn|14\n|\n|t:|1699168320\n|switch|p1a: Clefable|Clefable, M|100\/100\n|move|p2a: Koraidon|Iron Head|p1a: Clefable\n|-supereffective|p1a: Clefable\n|-damage|p1a: Clefable|14\/100\n|\n|-weather|SunnyDay|[upkeep]\n|-heal|p1a: Clefable|20\/100|[from] item: Leftovers\n|upkeep\n|turn|15\n|\n|t:|1699168331\n|switch|p1a: Koraidon|Koraidon|100\/100\n|-activate|p1a: Koraidon|ability: Orichalcum Pulse\n|move|p2a: Koraidon|Iron Head|p1a: Koraidon\n|-damage|p1a: Koraidon|64\/100\n|\n|-weather|SunnyDay|[upkeep]\n|-heal|p1a: Koraidon|71\/100|[from] item: Leftovers\n|upkeep\n|turn|16\n|\n|t:|1699168336\n|switch|p2a: Espathra|Espathra, F|59\/100 par\n|move|p1a: Koraidon|Scale Shot|p2a: Espathra\n|-damage|p2a: Espathra|45\/100 par\n|-damage|p2a: Espathra|29\/100 par\n|-hitcount|p2a: Espathra|2\n|-unboost|p1a: Koraidon|def|1\n|-boost|p1a: Koraidon|spe|1\n|\n|-weather|SunnyDay|[upkeep]\n|-heal|p1a: Koraidon|77\/100|[from] item: Leftovers\n|-heal|p2a: Espathra|35\/100 par|[from] item: Leftovers\n|upkeep\n|turn|17\n|\n|t:|1699168345\n|cant|p2a: Espathra|par\n|move|p1a: Koraidon|Flame Charge|p2a: Espathra\n|-damage|p2a: Espathra|6\/100 par\n|-boost|p1a: Koraidon|spe|1\n|\n|-weather|none\n|-heal|p1a: Koraidon|83\/100|[from] item: Leftovers\n|-heal|p2a: Espathra|12\/100 par|[from] item: Leftovers\n|-ability|p2a: Espathra|Speed Boost|boost\n|-boost|p2a: Espathra|spe|1\n|upkeep\n|turn|18\n|\n|t:|1699168351\n|cant|p2a: Espathra|par\n|move|p1a: Koraidon|Flame Charge|p2a: Espathra\n|-damage|p2a: Espathra|0 fnt\n|-boost|p1a: Koraidon|spe|1\n|faint|p2a: Espathra\n|\n|-heal|p1a: Koraidon|89\/100|[from] item: Leftovers\n|upkeep\n|\n|t:|1699168357\n|switch|p2a: Giratina|Giratina-Origin|100\/100\n|turn|19\n|inactive|123457la has 90 seconds left.\n|inactive|123457la has 60 seconds left.\n|\n|t:|1699168404\n|-terastallize|p1a: Koraidon|Fire\n|move|p1a: Koraidon|Scale Shot|p2a: Giratina\n|-supereffective|p2a: Giratina\n|-damage|p2a: Giratina|82\/100\n|-supereffective|p2a: Giratina\n|-damage|p2a: Giratina|64\/100\n|-supereffective|p2a: Giratina\n|-damage|p2a: Giratina|47\/100\n|-supereffective|p2a: Giratina\n|-damage|p2a: Giratina|29\/100\n|-hitcount|p2a: Giratina|4\n|-unboost|p1a: Koraidon|def|1\n|-boost|p1a: Koraidon|spe|1\n|move|p2a: Giratina|Draco Meteor|p1a: Koraidon\n|-damage|p1a: Koraidon|32\/100\n|-unboost|p2a: Giratina|spa|2\n|\n|-heal|p1a: Koraidon|38\/100|[from] item: Leftovers\n|upkeep\n|turn|20\n|l|\u2606123457la\n|inactive|123457la disconnected and has a minute to reconnect!\n|player|p1|\n|inactive|123457la has 30 seconds left.\n|inactive|123457la has 20 seconds left.\n|inactive|123457la has 15 seconds left.\n|inactive|123457la has 10 seconds left.\n|inactive|123457la has 5 seconds left.\n|c|\u2606Chris6497|Yeah get out my face\n|-message|123457la lost due to inactivity.\n|\n|win|Chris6497\n|raw|123457la's rating: 1189 &rarr; <strong>1172<\/strong><br \/>(-17 for losing)\n|raw|Chris6497's rating: 1307 &rarr; <strong>1320<\/strong><br \/>(+13 for winning)\n|c|\u2606Chris6497|easy game\n","uploadtime":1699168472,"views":3,"p1id":"123457la","p2id":"chris6497","formatid":"gen9ubers","rating":1172,"private":0,"password":""}