{"id":"gen9ubers-1973929112","p1":"Wha1efish","p2":"Charbotron","format":"[Gen 9] Ubers","log":"|j|\u2606Wha1efish\n|j|\u2606Charbotron\n|t:|1698029259\n|gametype|singles\n|player|p1|Wha1efish|cynthia-gen4|\n|player|p2|Charbotron|102|\n|teamsize|p1|6\n|teamsize|p2|6\n|gen|9\n|tier|[Gen 9] Ubers\n|rule|Sleep Clause Mod: Limit one foe put to sleep\n|rule|Species Clause: Limit one of each Pok\u00e9mon\n|rule|OHKO Clause: OHKO moves are banned\n|rule|Evasion Items Clause: Evasion items are banned\n|rule|Evasion Moves Clause: Evasion moves are banned\n|rule|Endless Battle Clause: Forcing endless battles is banned\n|rule|HP Percentage Mod: HP is shown in percentages\n|clearpoke\n|poke|p1|Annihilape, F|\n|poke|p1|Hydreigon, M|\n|poke|p1|Espathra, M|\n|poke|p1|Weezing-Galar, M|\n|poke|p1|Thundurus, M|\n|poke|p1|Gastrodon, F|\n|poke|p2|Iron Moth|\n|poke|p2|Walking Wake|\n|poke|p2|Great Tusk|\n|poke|p2|Sylveon, F|\n|poke|p2|Torkoal, M|\n|poke|p2|Corviknight, M|\n|teampreview\n|j| rustygoomba\n|j| RiddleDog\n|\n|t:|1698029275\n|start\n|switch|p1a: Espathra|Espathra, M|100\/100\n|switch|p2a: Torkoal|Torkoal, M|100\/100\n|-weather|SunnyDay|[from] ability: Drought|[of] p2a: Torkoal\n|turn|1\n|\n|t:|1698029288\n|move|p1a: Espathra|Substitute|p1a: Espathra\n|-start|p1a: Espathra|Substitute\n|-damage|p1a: Espathra|76\/100\n|move|p2a: Torkoal|Stealth Rock|p1a: Espathra\n|-sidestart|p1: Wha1efish|move: Stealth Rock\n|\n|-weather|SunnyDay|[upkeep]\n|-ability|p1a: Espathra|Speed Boost|boost\n|-boost|p1a: Espathra|spe|1\n|upkeep\n|turn|2\n|j| ChungleWungle\n|\n|t:|1698029372\n|move|p1a: Espathra|Calm Mind|p1a: Espathra\n|-boost|p1a: Espathra|spa|1\n|-boost|p1a: Espathra|spd|1\n|move|p2a: Torkoal|Eruption|p1a: Espathra\n|-end|p1a: Espathra|Substitute\n|\n|-weather|SunnyDay|[upkeep]\n|-ability|p1a: Espathra|Speed Boost|boost\n|-boost|p1a: Espathra|spe|1\n|upkeep\n|turn|3\n|\n|t:|1698029387\n|move|p1a: Espathra|Lumina Crash|p2a: Torkoal\n|-damage|p2a: Torkoal|10\/100\n|-unboost|p2a: Torkoal|spd|2\n|move|p2a: Torkoal|Eruption|p1a: Espathra\n|-damage|p1a: Espathra|68\/100\n|\n|-weather|SunnyDay|[upkeep]\n|-ability|p1a: Espathra|Speed Boost|boost\n|-boost|p1a: Espathra|spe|1\n|upkeep\n|turn|4\n|j| RektCactus\n|\n|t:|1698029419\n|move|p1a: Espathra|Substitute|p1a: Espathra\n|-start|p1a: Espathra|Substitute\n|-damage|p1a: Espathra|43\/100\n|move|p2a: Torkoal|Solar Beam||[still]\n|-prepare|p2a: Torkoal|Solar Beam\n|-anim|p2a: Torkoal|Solar Beam|p1a: Espathra\n|-end|p1a: Espathra|Substitute\n|\n|-weather|SunnyDay|[upkeep]\n|-ability|p1a: Espathra|Speed Boost|boost\n|-boost|p1a: Espathra|spe|1\n|upkeep\n|turn|5\n|\n|t:|1698029429\n|move|p1a: Espathra|Lumina Crash|p2a: Torkoal\n|-damage|p2a: Torkoal|0 fnt\n|faint|p2a: Torkoal\n|\n|-weather|SunnyDay|[upkeep]\n|-ability|p1a: Espathra|Speed Boost|boost\n|-boost|p1a: Espathra|spe|1\n|upkeep\n|\n|t:|1698029469\n|switch|p2a: Sylveon|Sylveon, F|100\/100\n|turn|6\n|\n|t:|1698029523\n|move|p1a: Espathra|Lumina Crash|p2a: Sylveon\n|-damage|p2a: Sylveon|66\/100\n|-unboost|p2a: Sylveon|spd|2\n|move|p2a: Sylveon|Hyper Voice|p1a: Espathra\n|-damage|p1a: Espathra|0 fnt\n|faint|p1a: Espathra\n|\n|-weather|SunnyDay|[upkeep]\n|upkeep\n|\n|t:|1698029539\n|switch|p1a: Thundurus|Thundurus, M|100\/100\n|turn|7\n|\n|t:|1698029591\n|switch|p2a: Great Tusk|Great Tusk|100\/100\n|-activate|p2a: Great Tusk|ability: Protosynthesis\n|-start|p2a: Great Tusk|protosynthesisatk\n|move|p1a: Thundurus|Thunderbolt|p2a: Great Tusk\n|-immune|p2a: Great Tusk\n|\n|-weather|SunnyDay|[upkeep]\n|upkeep\n|turn|8\n|\n|t:|1698029603\n|move|p1a: Thundurus|Grass Knot|p2a: Great Tusk\n|-supereffective|p2a: Great Tusk\n|-damage|p2a: Great Tusk|3\/100\n|move|p2a: Great Tusk|Headlong Rush|p1a: Thundurus\n|-immune|p1a: Thundurus\n|\n|-weather|none\n|-end|p2a: Great Tusk|Protosynthesis\n|upkeep\n|turn|9\n|c|\u2606Charbotron|i forgor\n|c| rustygoomba|\ud83d\udc80\n|\n|t:|1698029647\n|move|p1a: Thundurus|Nasty Plot|p1a: Thundurus\n|-boost|p1a: Thundurus|spa|2\n|move|p2a: Great Tusk|Close Combat|p1a: Thundurus\n|-resisted|p1a: Thundurus\n|-damage|p1a: Thundurus|46\/100\n|-unboost|p2a: Great Tusk|def|1\n|-unboost|p2a: Great Tusk|spd|1\n|\n|upkeep\n|turn|10\n|\n|t:|1698029658\n|move|p1a: Thundurus|Grass Knot|p2a: Great Tusk\n|-supereffective|p2a: Great Tusk\n|-damage|p2a: Great Tusk|0 fnt\n|faint|p2a: Great Tusk\n|-end|p2a: Great Tusk|Protosynthesis|[silent]\n|\n|upkeep\n|\n|t:|1698029699\n|switch|p2a: Iron Moth|Iron Moth|100\/100\n|turn|11\n|\n|t:|1698029712\n|move|p1a: Thundurus|Thunderbolt|p2a: Iron Moth\n|-crit|p2a: Iron Moth\n|-damage|p2a: Iron Moth|0 fnt\n|faint|p2a: Iron Moth\n|-end|p2a: Iron Moth|Quark Drive|[silent]\n|\n|upkeep\n|\n|t:|1698029722\n|switch|p2a: Sylveon|Sylveon, F|66\/100\n|turn|12\n|\n|t:|1698029775\n|switch|p1a: Gastrodon|Gastrodon, F|100\/100\n|-damage|p1a: Gastrodon|94\/100|[from] Stealth Rock\n|move|p2a: Sylveon|Hyper Voice|p1a: Gastrodon\n|-damage|p1a: Gastrodon|61\/100\n|\n|-heal|p1a: Gastrodon|67\/100|[from] item: Leftovers\n|upkeep\n|turn|13\n|\n|t:|1698029793\n|move|p2a: Sylveon|Draining Kiss|p1a: Gastrodon\n|-damage|p1a: Gastrodon|49\/100\n|-heal|p2a: Sylveon|81\/100|[from] drain|[of] p1a: Gastrodon\n|move|p1a: Gastrodon|Recover|p1a: Gastrodon\n|-heal|p1a: Gastrodon|99\/100\n|\n|-heal|p1a: Gastrodon|100\/100|[from] item: Leftovers\n|upkeep\n|turn|14\n|\n|t:|1698029805\n|move|p2a: Sylveon|Draining Kiss|p1a: Gastrodon\n|-crit|p1a: Gastrodon\n|-damage|p1a: Gastrodon|74\/100\n|-heal|p2a: Sylveon|100\/100|[from] drain|[of] p1a: Gastrodon\n|move|p1a: Gastrodon|Stealth Rock|p2a: Sylveon\n|-sidestart|p2: Charbotron|move: Stealth Rock\n|\n|-heal|p1a: Gastrodon|81\/100|[from] item: Leftovers\n|upkeep\n|turn|15\n|\n|t:|1698029815\n|move|p2a: Sylveon|Hyper Voice|p1a: Gastrodon\n|-damage|p1a: Gastrodon|43\/100\n|move|p1a: Gastrodon|Sludge Bomb|p2a: Sylveon\n|-supereffective|p2a: Sylveon\n|-damage|p2a: Sylveon|81\/100\n|-status|p2a: Sylveon|psn\n|\n|-heal|p1a: Gastrodon|49\/100|[from] item: Leftovers\n|-damage|p2a: Sylveon|69\/100 psn|[from] psn\n|upkeep\n|turn|16\n|\n|t:|1698029826\n|move|p2a: Sylveon|Hyper Voice|p1a: Gastrodon\n|-damage|p1a: Gastrodon|12\/100\n|move|p1a: Gastrodon|Recover|p1a: Gastrodon\n|-heal|p1a: Gastrodon|62\/100\n|\n|-heal|p1a: Gastrodon|68\/100|[from] item: Leftovers\n|-damage|p2a: Sylveon|56\/100 psn|[from] psn\n|upkeep\n|turn|17\n|\n|t:|1698029845\n|move|p2a: Sylveon|Hyper Beam|p1a: Gastrodon\n|-crit|p1a: Gastrodon\n|-damage|p1a: Gastrodon|0 fnt\n|-mustrecharge|p2a: Sylveon\n|faint|p1a: Gastrodon\n|\n|-damage|p2a: Sylveon|44\/100 psn|[from] psn\n|upkeep\n|\n|t:|1698029853\n|switch|p1a: Thundurus|Thundurus, M|46\/100\n|turn|18\n|\n|t:|1698029858\n|move|p1a: Thundurus|Nasty Plot|p1a: Thundurus\n|-boost|p1a: Thundurus|spa|2\n|cant|p2a: Sylveon|recharge\n|\n|-damage|p2a: Sylveon|31\/100 psn|[from] psn\n|upkeep\n|turn|19\n|\n|t:|1698029892\n|move|p1a: Thundurus|Thunderbolt|p2a: Sylveon\n|-crit|p2a: Sylveon\n|-damage|p2a: Sylveon|0 fnt\n|faint|p2a: Sylveon\n|\n|upkeep\n|\n|t:|1698029922\n|switch|p2a: Walking Wake|Walking Wake|100\/100\n|-damage|p2a: Walking Wake|88\/100|[from] Stealth Rock\n|turn|20\n|\n|t:|1698029960\n|-terastallize|p1a: Thundurus|Flying\n|move|p1a: Thundurus|Tera Blast|p2a: Walking Wake|[anim] Tera Blast Flying\n|-damage|p2a: Walking Wake|0 fnt\n|faint|p2a: Walking Wake\n|-end|p2a: Walking Wake|Protosynthesis|[silent]\n|\n|upkeep\n|\n|t:|1698029966\n|switch|p2a: Corviknight|Corviknight, M|100\/100\n|-damage|p2a: Corviknight|88\/100|[from] Stealth Rock\n|turn|21\n|\n|t:|1698029973\n|move|p1a: Thundurus|Thunderbolt|p2a: Corviknight\n|-supereffective|p2a: Corviknight\n|-crit|p2a: Corviknight\n|-damage|p2a: Corviknight|0 fnt\n|faint|p2a: Corviknight\n|\n|win|Wha1efish\n","uploadtime":1698029981,"views":11,"p1id":"wha1efish","p2id":"charbotron","formatid":"gen9ubers","rating":0,"private":0,"password":""}