{"id":"gen9ubers-1983290608","p1":"LITLE0","p2":"mkyn","format":"[Gen 9] Ubers","log":"|j|\u2606LITLE0\n|j|\u2606mkyn\n|t:|1699114739\n|gametype|singles\n|player|p1|LITLE0|brock|1176\n|player|p2|mkyn|morty|1260\n|teamsize|p1|6\n|teamsize|p2|6\n|gen|9\n|tier|[Gen 9] Ubers\n|rated|\n|rule|Sleep Clause Mod: Limit one foe put to sleep\n|rule|Species Clause: Limit one of each Pok\u00e9mon\n|rule|OHKO Clause: OHKO moves are banned\n|rule|Evasion Items Clause: Evasion items are banned\n|rule|Evasion Moves Clause: Evasion moves are banned\n|rule|Endless Battle Clause: Forcing endless battles is banned\n|rule|HP Percentage Mod: HP is shown in percentages\n|clearpoke\n|poke|p1|Chansey, F|\n|poke|p1|Dondozo, M|\n|poke|p1|Miraidon|\n|poke|p1|Ribombee, F|\n|poke|p1|Sneasler, F|\n|poke|p1|Skeledirge, F|\n|poke|p2|Magearna|\n|poke|p2|Kyogre|\n|poke|p2|Eternatus|\n|poke|p2|Koraidon|\n|poke|p2|Flutter Mane|\n|poke|p2|Great Tusk|\n|teampreview\n|inactive|Battle timer is ON: inactive players will automatically lose when time's up. (requested by LITLE0)\n|\n|t:|1699114750\n|start\n|switch|p1a: Ribombee|Ribombee, F|100\/100\n|switch|p2a: Eternatus|Eternatus|100\/100\n|-ability|p2a: Eternatus|Pressure\n|turn|1\n|\n|t:|1699114765\n|move|p2a: Eternatus|Toxic Spikes|p1a: Ribombee\n|-sidestart|p1: LITLE0|move: Toxic Spikes\n|move|p1a: Ribombee|Sticky Web|p2a: Eternatus\n|-sidestart|p2: mkyn|move: Sticky Web\n|\n|upkeep\n|turn|2\n|\n|t:|1699114769\n|move|p2a: Eternatus|Toxic Spikes|p1a: Ribombee\n|-sidestart|p1: LITLE0|move: Toxic Spikes\n|move|p1a: Ribombee|Stun Spore|p2a: Eternatus\n|-status|p2a: Eternatus|par\n|\n|upkeep\n|turn|3\n|\n|t:|1699114778\n|switch|p1a: Sneasler|Sneasler, F, shiny|100\/100\n|-sideend|p1: LITLE0|move: Toxic Spikes|[of] p1a: Sneasler\n|switch|p2a: Magearna|Magearna|100\/100\n|-activate|p2a: Magearna|move: Sticky Web\n|-unboost|p2a: Magearna|spe|1\n|\n|upkeep\n|turn|4\n|\n|t:|1699114785\n|switch|p1a: Skeledirge|Skeledirge, F|100\/100\n|move|p2a: Magearna|Shift Gear|p2a: Magearna\n|-boost|p2a: Magearna|spe|2\n|-boost|p2a: Magearna|atk|1\n|\n|upkeep\n|turn|5\n|\n|t:|1699114798\n|-terastallize|p2a: Magearna|Ground\n|move|p2a: Magearna|Tera Blast|p1a: Skeledirge|[anim] Tera Blast Ground\n|-supereffective|p1a: Skeledirge\n|-damage|p1a: Skeledirge|35\/100\n|move|p1a: Skeledirge|Will-O-Wisp|p2a: Magearna\n|-status|p2a: Magearna|brn\n|\n|-heal|p1a: Skeledirge|41\/100|[from] item: Leftovers\n|-damage|p2a: Magearna|94\/100 brn|[from] brn\n|upkeep\n|turn|6\n|\n|t:|1699114808\n|move|p2a: Magearna|Shift Gear|p2a: Magearna\n|-boost|p2a: Magearna|spe|2\n|-boost|p2a: Magearna|atk|1\n|move|p1a: Skeledirge|Slack Off|p1a: Skeledirge\n|-heal|p1a: Skeledirge|91\/100\n|\n|-heal|p1a: Skeledirge|97\/100|[from] item: Leftovers\n|-damage|p2a: Magearna|88\/100 brn|[from] brn\n|upkeep\n|turn|7\n|\n|t:|1699114813\n|move|p2a: Magearna|Tera Blast|p1a: Skeledirge|[anim] Tera Blast Ground\n|-supereffective|p1a: Skeledirge\n|-damage|p1a: Skeledirge|31\/100\n|move|p1a: Skeledirge|Hex|p2a: Magearna\n|-damage|p2a: Magearna|45\/100 brn\n|\n|-heal|p1a: Skeledirge|37\/100|[from] item: Leftovers\n|-damage|p2a: Magearna|39\/100 brn|[from] brn\n|upkeep\n|turn|8\n|\n|t:|1699114823\n|switch|p1a: Dondozo|Dondozo, M|100\/100\n|move|p2a: Magearna|Tera Blast|p1a: Dondozo|[anim] Tera Blast Ground\n|-damage|p1a: Dondozo|69\/100\n|\n|-heal|p1a: Dondozo|75\/100|[from] item: Leftovers\n|-damage|p2a: Magearna|33\/100 brn|[from] brn\n|upkeep\n|turn|9\n|\n|t:|1699114833\n|move|p2a: Magearna|Draining Kiss|p1a: Dondozo\n|-damage|p1a: Dondozo|57\/100\n|-heal|p2a: Magearna|54\/100 brn|[from] drain|[of] p1a: Dondozo\n|move|p1a: Dondozo|Avalanche|p2a: Magearna\n|-supereffective|p2a: Magearna\n|-damage|p2a: Magearna|2\/100 brn\n|-enditem|p2a: Magearna|Weakness Policy\n|-boost|p2a: Magearna|atk|2|[from] item: Weakness Policy\n|-boost|p2a: Magearna|spa|2|[from] item: Weakness Policy\n|\n|-heal|p1a: Dondozo|63\/100|[from] item: Leftovers\n|-damage|p2a: Magearna|0 fnt|[from] brn\n|faint|p2a: Magearna\n|upkeep\n|\n|t:|1699114838\n|switch|p2a: Great Tusk|Great Tusk|100\/100\n|-activate|p2a: Great Tusk|move: Sticky Web\n|-unboost|p2a: Great Tusk|spe|1\n|turn|10\n|\n|t:|1699114844\n|move|p2a: Great Tusk|Headlong Rush|p1a: Dondozo\n|-damage|p1a: Dondozo|25\/100\n|-unboost|p2a: Great Tusk|def|1\n|-unboost|p2a: Great Tusk|spd|1\n|move|p1a: Dondozo|Avalanche|p2a: Great Tusk\n|-supereffective|p2a: Great Tusk\n|-damage|p2a: Great Tusk|57\/100\n|\n|-heal|p2a: Great Tusk|64\/100|[from] item: Leftovers\n|-heal|p1a: Dondozo|31\/100|[from] item: Leftovers\n|upkeep\n|turn|11\n|\n|t:|1699114848\n|move|p1a: Dondozo|Protect|p1a: Dondozo\n|-singleturn|p1a: Dondozo|Protect\n|move|p2a: Great Tusk|Rapid Spin|p1a: Dondozo\n|-activate|p1a: Dondozo|move: Protect\n|\n|-heal|p2a: Great Tusk|70\/100|[from] item: Leftovers\n|-heal|p1a: Dondozo|37\/100|[from] item: Leftovers\n|upkeep\n|turn|12\n|\n|t:|1699114852\n|move|p2a: Great Tusk|Headlong Rush|p1a: Dondozo\n|-damage|p1a: Dondozo|0 fnt\n|-unboost|p2a: Great Tusk|def|1\n|-unboost|p2a: Great Tusk|spd|1\n|faint|p1a: Dondozo\n|\n|-heal|p2a: Great Tusk|76\/100|[from] item: Leftovers\n|upkeep\n|\n|t:|1699114856\n|switch|p1a: Ribombee|Ribombee, F|100\/100\n|turn|13\n|\n|t:|1699114861\n|-end|p2a: Great Tusk|Protosynthesis|[silent]\n|switch|p2a: Eternatus|Eternatus|100\/100 par\n|-activate|p2a: Eternatus|move: Sticky Web\n|-unboost|p2a: Eternatus|spe|1\n|-ability|p2a: Eternatus|Pressure\n|move|p1a: Ribombee|Moonblast|p2a: Eternatus\n|-damage|p2a: Eternatus|71\/100 par\n|-unboost|p2a: Eternatus|spa|1\n|\n|upkeep\n|turn|14\n|\n|t:|1699114881\n|switch|p1a: Chansey|Chansey, F|100\/100\n|move|p2a: Eternatus|Toxic Spikes|p1a: Chansey\n|-sidestart|p1: LITLE0|move: Toxic Spikes\n|\n|upkeep\n|turn|15\n|\n|t:|1699114891\n|switch|p1a: Sneasler|Sneasler, F, shiny|100\/100\n|-sideend|p1: LITLE0|move: Toxic Spikes|[of] p1a: Sneasler\n|switch|p2a: Great Tusk|Great Tusk|76\/100\n|-activate|p2a: Great Tusk|move: Sticky Web\n|-unboost|p2a: Great Tusk|spe|1\n|\n|-heal|p2a: Great Tusk|82\/100|[from] item: Leftovers\n|upkeep\n|turn|16\n|\n|t:|1699114903\n|-terastallize|p1a: Sneasler|Flying\n|move|p1a: Sneasler|Acrobatics|p2a: Great Tusk\n|-supereffective|p2a: Great Tusk\n|-damage|p2a: Great Tusk|27\/100\n|move|p2a: Great Tusk|Rapid Spin|p1a: Sneasler\n|-damage|p1a: Sneasler|72\/100\n|-boost|p2a: Great Tusk|spe|1\n|-sideend|p2: mkyn|Sticky Web|[from] move: Rapid Spin|[of] p2a: Great Tusk\n|\n|-heal|p2a: Great Tusk|33\/100|[from] item: Leftovers\n|upkeep\n|turn|17\n|\n|t:|1699114914\n|-end|p2a: Great Tusk|Protosynthesis|[silent]\n|switch|p2a: Flutter Mane|Flutter Mane|100\/100\n|move|p1a: Sneasler|Acrobatics|p2a: Flutter Mane\n|-damage|p2a: Flutter Mane|18\/100\n|\n|upkeep\n|turn|18\n|\n|t:|1699114922\n|switch|p1a: Chansey|Chansey, F|100\/100\n|move|p2a: Flutter Mane|Thunderbolt|p1a: Chansey\n|-damage|p1a: Chansey|86\/100\n|-damage|p2a: Flutter Mane|8\/100|[from] item: Life Orb\n|\n|upkeep\n|turn|19\n|\n|t:|1699114929\n|-end|p2a: Flutter Mane|Protosynthesis|[silent]\n|switch|p2a: Great Tusk|Great Tusk|33\/100\n|move|p1a: Chansey|Chilling Water|p2a: Great Tusk\n|-supereffective|p2a: Great Tusk\n|-damage|p2a: Great Tusk|18\/100\n|-unboost|p2a: Great Tusk|atk|1\n|\n|-heal|p2a: Great Tusk|24\/100|[from] item: Leftovers\n|upkeep\n|turn|20\n|\n|t:|1699114944\n|move|p2a: Great Tusk|Stealth Rock|p1a: Chansey\n|-sidestart|p1: LITLE0|move: Stealth Rock\n|move|p1a: Chansey|Chilling Water|p2a: Great Tusk\n|-supereffective|p2a: Great Tusk\n|-damage|p2a: Great Tusk|7\/100\n|-unboost|p2a: Great Tusk|atk|1\n|\n|-heal|p2a: Great Tusk|13\/100|[from] item: Leftovers\n|upkeep\n|turn|21\n|\n|t:|1699114951\n|-end|p2a: Great Tusk|Protosynthesis|[silent]\n|switch|p2a: Flutter Mane|Flutter Mane|8\/100\n|move|p1a: Chansey|Chilling Water|p2a: Flutter Mane\n|-damage|p2a: Flutter Mane|2\/100\n|-unboost|p2a: Flutter Mane|atk|1\n|\n|upkeep\n|turn|22\n|\n|t:|1699114955\n|move|p2a: Flutter Mane|Moonblast|p1a: Chansey\n|-damage|p1a: Chansey|67\/100\n|-damage|p2a: Flutter Mane|0 fnt|[from] item: Life Orb\n|faint|p2a: Flutter Mane\n|-end|p2a: Flutter Mane|Protosynthesis|[silent]\n|move|p1a: Chansey|Chilling Water|p2: Flutter Mane|[notarget]\n|-fail|p1a: Chansey\n|\n|upkeep\n|\n|t:|1699114957\n|switch|p2a: Koraidon|Koraidon|100\/100\n|-weather|SunnyDay|[from] ability: Orichalcum Pulse|[of] p2a: Koraidon\n|-activate|p2a: Koraidon|Orichalcum Pulse|[source]\n|turn|23\n|\n|t:|1699114965\n|switch|p1a: Skeledirge|Skeledirge, F|37\/100\n|-damage|p1a: Skeledirge|12\/100|[from] Stealth Rock\n|move|p2a: Koraidon|Flare Blitz|p1a: Skeledirge\n|-resisted|p1a: Skeledirge\n|-damage|p1a: Skeledirge|0 fnt\n|faint|p1a: Skeledirge\n|-damage|p2a: Koraidon|97\/100|[from] Recoil\n|\n|-weather|SunnyDay|[upkeep]\n|-heal|p2a: Koraidon|100\/100|[from] item: Leftovers\n|upkeep\n|\n|t:|1699114970\n|switch|p1a: Ribombee|Ribombee, F|100\/100\n|-damage|p1a: Ribombee|76\/100|[from] Stealth Rock\n|turn|24\n|\n|t:|1699114977\n|switch|p2a: Great Tusk|Great Tusk|13\/100\n|-activate|p2a: Great Tusk|ability: Protosynthesis\n|-start|p2a: Great Tusk|protosynthesisatk\n|move|p1a: Ribombee|Sticky Web|p2a: Great Tusk\n|-sidestart|p2: mkyn|move: Sticky Web\n|\n|-weather|SunnyDay|[upkeep]\n|-heal|p2a: Great Tusk|20\/100|[from] item: Leftovers\n|upkeep\n|turn|25\n|\n|t:|1699114983\n|-end|p2a: Great Tusk|Protosynthesis|[silent]\n|switch|p2a: Eternatus|Eternatus|71\/100 par\n|-activate|p2a: Eternatus|move: Sticky Web\n|-unboost|p2a: Eternatus|spe|1\n|-ability|p2a: Eternatus|Pressure\n|move|p1a: Ribombee|Moonblast|p2a: Eternatus\n|-damage|p2a: Eternatus|40\/100 par\n|\n|-weather|SunnyDay|[upkeep]\n|upkeep\n|turn|26\n|\n|t:|1699114987\n|move|p1a: Ribombee|Moonblast|p2a: Eternatus\n|-damage|p2a: Eternatus|9\/100 par\n|cant|p2a: Eternatus|par\n|\n|-weather|SunnyDay|[upkeep]\n|upkeep\n|turn|27\n|\n|t:|1699114993\n|move|p1a: Ribombee|Moonblast|p2a: Eternatus\n|-damage|p2a: Eternatus|0 fnt\n|faint|p2a: Eternatus\n|\n|-weather|none\n|upkeep\n|\n|t:|1699114994\n|switch|p2a: Kyogre|Kyogre|100\/100\n|-activate|p2a: Kyogre|move: Sticky Web\n|-unboost|p2a: Kyogre|spe|1\n|-weather|RainDance|[from] ability: Drizzle|[of] p2a: Kyogre\n|turn|28\n|\n|t:|1699115004\n|switch|p1a: Miraidon|Miraidon|100\/100\n|-damage|p1a: Miraidon|88\/100|[from] Stealth Rock\n|-fieldstart|move: Electric Terrain|[from] ability: Hadron Engine|[of] p1a: Miraidon\n|move|p2a: Kyogre|Water Spout|p1a: Miraidon\n|-resisted|p1a: Miraidon\n|-damage|p1a: Miraidon|38\/100\n|\n|-weather|RainDance|[upkeep]\n|upkeep\n|turn|29\n|\n|t:|1699115009\n|switch|p2a: Great Tusk|Great Tusk|20\/100\n|-activate|p2a: Great Tusk|move: Sticky Web\n|-unboost|p2a: Great Tusk|spe|1\n|move|p1a: Miraidon|Parabolic Charge|p2a: Great Tusk\n|-immune|p2a: Great Tusk\n|\n|-weather|RainDance|[upkeep]\n|-heal|p2a: Great Tusk|26\/100|[from] item: Leftovers\n|upkeep\n|turn|30\n|\n|t:|1699115013\n|move|p1a: Miraidon|Dazzling Gleam|p2a: Great Tusk\n|-supereffective|p2a: Great Tusk\n|-damage|p2a: Great Tusk|0 fnt\n|faint|p2a: Great Tusk\n|-end|p2a: Great Tusk|Protosynthesis|[silent]\n|\n|-weather|RainDance|[upkeep]\n|upkeep\n|\n|t:|1699115016\n|switch|p2a: Koraidon|Koraidon|100\/100\n|-activate|p2a: Koraidon|move: Sticky Web\n|-unboost|p2a: Koraidon|spe|1\n|-weather|SunnyDay|[from] ability: Orichalcum Pulse|[of] p2a: Koraidon\n|-activate|p2a: Koraidon|Orichalcum Pulse|[source]\n|turn|31\n|-message|mkyn forfeited.\n|\n|win|LITLE0\n|raw|LITLE0's rating: 1176 &rarr; <strong>1207<\/strong><br \/>(+31 for winning)\n|raw|mkyn's rating: 1260 &rarr; <strong>1229<\/strong><br \/>(-31 for losing)\n|l|\u2606mkyn\n","uploadtime":1699115028,"views":5,"p1id":"litle0","p2id":"mkyn","formatid":"gen9ubers","rating":1207,"private":0,"password":""}