{"id":"gen9ubers-1980219299","p1":"manwhocouldntcook","p2":"lolgz","format":"[Gen 9] Ubers","log":"|j|\u2606manwhocouldntcook\n|j|\u2606lolgz\n|t:|1698767241\n|gametype|singles\n|player|p1|manwhocouldntcook|chili|\n|player|p2|lolgz|169|\n|teamsize|p1|6\n|teamsize|p2|6\n|gen|9\n|tier|[Gen 9] Ubers\n|rule|Sleep Clause Mod: Limit one foe put to sleep\n|rule|Species Clause: Limit one of each Pok\u00e9mon\n|rule|OHKO Clause: OHKO moves are banned\n|rule|Evasion Items Clause: Evasion items are banned\n|rule|Evasion Moves Clause: Evasion moves are banned\n|rule|Endless Battle Clause: Forcing endless battles is banned\n|rule|HP Percentage Mod: HP is shown in percentages\n|clearpoke\n|poke|p1|Magearna|\n|poke|p1|Arceus-Dragon|\n|poke|p1|Dragapult, F|\n|poke|p1|Chi-Yu|\n|poke|p1|Magnezone|\n|poke|p1|Palkia-Origin|\n|poke|p2|Magearna|\n|poke|p2|Zacian-*|\n|poke|p2|Cyclizar, F|\n|poke|p2|Garchomp, M|\n|poke|p2|Volcarona, M|\n|poke|p2|Walking Wake|\n|teampreview\n|inactive|Battle timer is ON: inactive players will automatically lose when time's up. (requested by lolgz)\n|\n|t:|1698767259\n|start\n|switch|p1a: Chi-Yu|Chi-Yu|100\/100\n|switch|p2a: Cyclizar|Cyclizar, F|100\/100\n|-ability|p1a: Chi-Yu|Beads of Ruin\n|turn|1\n|\n|t:|1698767263\n|move|p2a: Cyclizar|Shed Tail|p2a: Cyclizar\n|-start|p2a: Cyclizar|Substitute|[from] move: Shed Tail\n|-damage|p2a: Cyclizar|50\/100\n|\n|t:|1698767275\n|switch|p2a: Garchomp|Garchomp, M|100\/100|[from] Shed Tail\n|move|p1a: Chi-Yu|Dark Pulse|p2a: Garchomp\n|-crit|p2a: Garchomp\n|-end|p2a: Garchomp|Substitute\n|\n|upkeep\n|turn|2\n|\n|t:|1698767286\n|switch|p1a: Magnezone|Magnezone|100\/100\n|-item|p1a: Magnezone|Air Balloon\n|move|p2a: Garchomp|Earthquake|p1a: Magnezone\n|-immune|p1a: Magnezone\n|\n|upkeep\n|turn|3\n|\n|t:|1698767295\n|switch|p1a: Magearna|Magearna|100\/100\n|move|p2a: Garchomp|Swords Dance|p2a: Garchomp\n|-boost|p2a: Garchomp|atk|2\n|\n|upkeep\n|turn|4\n|\n|t:|1698767300\n|move|p2a: Garchomp|Earthquake|p1a: Magearna\n|-supereffective|p1a: Magearna\n|-damage|p1a: Magearna|0 fnt\n|faint|p1a: Magearna\n|\n|upkeep\n|\n|t:|1698767303\n|switch|p1a: Dragapult|Dragapult, F|100\/100\n|turn|5\n|\n|t:|1698767307\n|move|p1a: Dragapult|Draco Meteor|p2a: Garchomp\n|-supereffective|p2a: Garchomp\n|-damage|p2a: Garchomp|0 fnt\n|-unboost|p1a: Dragapult|spa|2\n|faint|p2a: Garchomp\n|\n|upkeep\n|\n|t:|1698767310\n|switch|p2a: Magearna|Magearna|100\/100\n|turn|6\n|\n|t:|1698767316\n|switch|p1a: Magnezone|Magnezone|100\/100\n|-item|p1a: Magnezone|Air Balloon\n|move|p2a: Magearna|Shift Gear|p2a: Magearna\n|-boost|p2a: Magearna|spe|2\n|-boost|p2a: Magearna|atk|1\n|\n|upkeep\n|turn|7\n|\n|t:|1698767324\n|-terastallize|p2a: Magearna|Water\n|-terastallize|p1a: Magnezone|Ground\n|move|p2a: Magearna|Calm Mind|p2a: Magearna\n|-boost|p2a: Magearna|spa|1\n|-boost|p2a: Magearna|spd|1\n|move|p1a: Magnezone|Tera Blast|p2a: Magearna|[anim] Tera Blast Ground\n|-damage|p2a: Magearna|75\/100\n|\n|-heal|p2a: Magearna|81\/100|[from] item: Leftovers\n|upkeep\n|turn|8\n|\n|t:|1698767328\n|move|p2a: Magearna|Stored Power|p1a: Magnezone\n|-damage|p1a: Magnezone|48\/100\n|-enditem|p1a: Magnezone|Air Balloon\n|move|p1a: Magnezone|Thunderbolt|p2a: Magearna\n|-supereffective|p2a: Magearna\n|-damage|p2a: Magearna|24\/100\n|-status|p2a: Magearna|par\n|\n|-heal|p2a: Magearna|30\/100 par|[from] item: Leftovers\n|upkeep\n|turn|9\n|\n|t:|1698767331\n|move|p1a: Magnezone|Thunderbolt|p2a: Magearna\n|-supereffective|p2a: Magearna\n|-damage|p2a: Magearna|0 fnt\n|faint|p2a: Magearna\n|\n|upkeep\n|\n|t:|1698767341\n|switch|p2a: Volcarona|Volcarona, M|100\/100\n|turn|10\n|\n|t:|1698767350\n|switch|p1a: Palkia|Palkia-Origin|100\/100\n|-ability|p1a: Palkia|Pressure\n|move|p2a: Volcarona|Quiver Dance|p2a: Volcarona\n|-boost|p2a: Volcarona|spa|1\n|-boost|p2a: Volcarona|spd|1\n|-boost|p2a: Volcarona|spe|1\n|\n|upkeep\n|turn|11\n|\n|t:|1698767354\n|move|p2a: Volcarona|Giga Drain|p1a: Palkia\n|-damage|p1a: Palkia|61\/100\n|move|p1a: Palkia|Thunder Wave|p2a: Volcarona\n|-status|p2a: Volcarona|par\n|\n|upkeep\n|turn|12\n|\n|t:|1698767358\n|move|p1a: Palkia|Hydro Pump|p2a: Volcarona|[miss]\n|-miss|p1a: Palkia|p2a: Volcarona\n|move|p2a: Volcarona|Giga Drain|p1a: Palkia\n|-damage|p1a: Palkia|22\/100\n|\n|upkeep\n|turn|13\n|\n|t:|1698767367\n|move|p1a: Palkia|Hydro Pump|p2a: Volcarona\n|-supereffective|p2a: Volcarona\n|-damage|p2a: Volcarona|0 fnt\n|faint|p2a: Volcarona\n|\n|upkeep\n|\n|t:|1698767375\n|switch|p2a: Zacian|Zacian|100\/100\n|-ability|p2a: Zacian|Intrepid Sword|boost\n|-boost|p2a: Zacian|atk|1\n|turn|14\n|\n|t:|1698767379\n|move|p2a: Zacian|Play Rough|p1a: Palkia\n|-supereffective|p1a: Palkia\n|-damage|p1a: Palkia|0 fnt\n|faint|p1a: Palkia\n|\n|upkeep\n|\n|t:|1698767384\n|switch|p1a: Chi-Yu|Chi-Yu|100\/100\n|-ability|p1a: Chi-Yu|Beads of Ruin\n|turn|15\n|\n|t:|1698767386\n|move|p2a: Zacian|Play Rough|p1a: Chi-Yu\n|-damage|p1a: Chi-Yu|0 fnt\n|faint|p1a: Chi-Yu\n|\n|upkeep\n|\n|t:|1698767390\n|switch|p1a: Magnezone|Magnezone, tera:Ground|48\/100\n|turn|16\n|\n|t:|1698767393\n|move|p2a: Zacian|Play Rough|p1a: Magnezone\n|-damage|p1a: Magnezone|0 fnt\n|faint|p1a: Magnezone\n|\n|upkeep\n|\n|t:|1698767396\n|switch|p1a: Dragapult|Dragapult, F|100\/100\n|turn|17\n|\n|t:|1698767398\n|move|p1a: Dragapult|Shadow Ball|p2a: Zacian\n|-damage|p2a: Zacian|51\/100\n|move|p2a: Zacian|Play Rough|p1a: Dragapult\n|-supereffective|p1a: Dragapult\n|-damage|p1a: Dragapult|0 fnt\n|faint|p1a: Dragapult\n|\n|upkeep\n|\n|t:|1698767402\n|switch|p1a: Arceus|Arceus-Dragon|100\/100\n|turn|18\n|\n|t:|1698767405\n|move|p2a: Zacian|Play Rough|p1a: Arceus\n|-supereffective|p1a: Arceus\n|-damage|p1a: Arceus|0 fnt\n|faint|p1a: Arceus\n|\n|win|lolgz\n|l|\u2606manwhocouldntcook\n|c|\u2606lolgz|put the vod\n","uploadtime":1698767444,"views":12,"p1id":"manwhocouldntcook","p2id":"lolgz","formatid":"gen9ubers","rating":0,"private":0,"password":""}