{"id":"gen9ubers-1972487171","p1":"TheShuckler69","p2":"Envymetta_TTV","format":"[Gen 9] Ubers","log":"|j|\u2606TheShuckler69\n|j|\u2606Envymetta_TTV\n|t:|1697848400\n|gametype|singles\n|player|p1|TheShuckler69|workerice|1348\n|player|p2|Envymetta_TTV|acetrainer-gen4|1484\n|teamsize|p1|6\n|teamsize|p2|6\n|gen|9\n|tier|[Gen 9] Ubers\n|rated|\n|rule|Sleep Clause Mod: Limit one foe put to sleep\n|rule|Species Clause: Limit one of each Pok\u00e9mon\n|rule|OHKO Clause: OHKO moves are banned\n|rule|Evasion Items Clause: Evasion items are banned\n|rule|Evasion Moves Clause: Evasion moves are banned\n|rule|Endless Battle Clause: Forcing endless battles is banned\n|rule|HP Percentage Mod: HP is shown in percentages\n|clearpoke\n|poke|p1|Arceus-Fairy|\n|poke|p1|Koraidon|\n|poke|p1|Miraidon|\n|poke|p1|Great Tusk|\n|poke|p1|Flutter Mane|\n|poke|p1|Eternatus|\n|poke|p2|Shaymin-Sky|\n|poke|p2|Darkrai|\n|poke|p2|Arceus|\n|poke|p2|Dialga-Origin|\n|poke|p2|Giratina-Origin|\n|poke|p2|Garchomp, F|\n|teampreview\n|inactive|Battle timer is ON: inactive players will automatically lose when time's up. (requested by TheShuckler69)\n|\n|t:|1697848430\n|start\n|switch|p1a: Arceus|Arceus-Fairy|100\/100\n|switch|p2a: Darkrai|Darkrai, shiny|100\/100\n|turn|1\n|j| CCCCold\n|\n|t:|1697848437\n|move|p2a: Darkrai|Substitute|p2a: Darkrai\n|-start|p2a: Darkrai|Substitute\n|-damage|p2a: Darkrai|76\/100\n|move|p1a: Arceus|Stealth Rock|p2a: Darkrai\n|-sidestart|p2: Envymetta_TTV|move: Stealth Rock\n|\n|upkeep\n|turn|2\n|\n|t:|1697848442\n|move|p2a: Darkrai|Hypnosis|p1a: Arceus\n|-status|p1a: Arceus|slp|[from] move: Hypnosis\n|cant|p1a: Arceus|slp\n|\n|-damage|p1a: Arceus|88\/100 slp|[from] ability: Bad Dreams|[of] p2a: Darkrai\n|upkeep\n|turn|3\n|\n|t:|1697848446\n|move|p2a: Darkrai|Ice Beam|p1a: Arceus\n|-damage|p1a: Arceus|73\/100 slp\n|cant|p1a: Arceus|slp\n|\n|-damage|p1a: Arceus|61\/100 slp|[from] ability: Bad Dreams|[of] p2a: Darkrai\n|upkeep\n|turn|4\n|\n|t:|1697848457\n|move|p2a: Darkrai|Ice Beam|p1a: Arceus\n|-damage|p1a: Arceus|46\/100 slp\n|cant|p1a: Arceus|slp\n|\n|-damage|p1a: Arceus|34\/100 slp|[from] ability: Bad Dreams|[of] p2a: Darkrai\n|upkeep\n|turn|5\n|\n|t:|1697848462\n|move|p2a: Darkrai|Dark Pulse|p1a: Arceus\n|-resisted|p1a: Arceus\n|-damage|p1a: Arceus|24\/100 slp\n|-curestatus|p1a: Arceus|slp|[msg]\n|move|p1a: Arceus|Recover|p1a: Arceus\n|-heal|p1a: Arceus|74\/100\n|\n|upkeep\n|turn|6\n|\n|t:|1697848469\n|move|p2a: Darkrai|Hypnosis|p1a: Arceus|[miss]\n|-miss|p2a: Darkrai|p1a: Arceus\n|move|p1a: Arceus|Judgment|p2a: Darkrai\n|-supereffective|p2a: Darkrai\n|-end|p2a: Darkrai|Substitute\n|\n|upkeep\n|turn|7\n|\n|t:|1697848472\n|move|p2a: Darkrai|Hypnosis|p1a: Arceus\n|-status|p1a: Arceus|slp|[from] move: Hypnosis\n|cant|p1a: Arceus|slp\n|\n|-damage|p1a: Arceus|61\/100 slp|[from] ability: Bad Dreams|[of] p2a: Darkrai\n|upkeep\n|turn|8\n|\n|t:|1697848480\n|move|p2a: Darkrai|Substitute|p2a: Darkrai\n|-start|p2a: Darkrai|Substitute\n|-damage|p2a: Darkrai|51\/100\n|cant|p1a: Arceus|slp\n|\n|-damage|p1a: Arceus|49\/100 slp|[from] ability: Bad Dreams|[of] p2a: Darkrai\n|upkeep\n|turn|9\n|\n|t:|1697848486\n|move|p2a: Darkrai|Dark Pulse|p1a: Arceus\n|-resisted|p1a: Arceus\n|-damage|p1a: Arceus|38\/100 slp\n|-curestatus|p1a: Arceus|slp|[msg]\n|cant|p1a: Arceus|flinch\n|\n|upkeep\n|turn|10\n|\n|t:|1697848493\n|move|p2a: Darkrai|Hypnosis|p1a: Arceus|[miss]\n|-miss|p2a: Darkrai|p1a: Arceus\n|move|p1a: Arceus|Recover|p1a: Arceus\n|-heal|p1a: Arceus|89\/100\n|\n|upkeep\n|turn|11\n|\n|t:|1697848495\n|move|p2a: Darkrai|Hypnosis|p1a: Arceus\n|-status|p1a: Arceus|slp|[from] move: Hypnosis\n|cant|p1a: Arceus|slp\n|\n|-damage|p1a: Arceus|76\/100 slp|[from] ability: Bad Dreams|[of] p2a: Darkrai\n|upkeep\n|turn|12\n|\n|t:|1697848503\n|move|p2a: Darkrai|Ice Beam|p1a: Arceus\n|-damage|p1a: Arceus|61\/100 slp\n|-curestatus|p1a: Arceus|slp|[msg]\n|move|p1a: Arceus|Judgment|p2a: Darkrai\n|-supereffective|p2a: Darkrai\n|-end|p2a: Darkrai|Substitute\n|\n|upkeep\n|turn|13\n|\n|t:|1697848510\n|move|p2a: Darkrai|Hypnosis|p1a: Arceus|[miss]\n|-miss|p2a: Darkrai|p1a: Arceus\n|move|p1a: Arceus|Judgment|p2a: Darkrai\n|-supereffective|p2a: Darkrai\n|-damage|p2a: Darkrai|0 fnt\n|faint|p2a: Darkrai\n|\n|upkeep\n|\n|t:|1697848537\n|switch|p2a: Dialga|Dialga-Origin, shiny|100\/100\n|-damage|p2a: Dialga|94\/100|[from] Stealth Rock\n|-ability|p2a: Dialga|Pressure\n|turn|14\n|\n|t:|1697848546\n|switch|p1a: Great Tusk|Great Tusk|100\/100\n|move|p2a: Dialga|Trick Room|p2a: Dialga\n|-fieldstart|move: Trick Room|[of] p2a: Dialga\n|\n|upkeep\n|turn|15\n|\n|t:|1697848553\n|move|p1a: Great Tusk|Body Press|p2a: Dialga\n|-supereffective|p2a: Dialga\n|-crit|p2a: Dialga\n|-damage|p2a: Dialga|0 fnt\n|faint|p2a: Dialga\n|\n|upkeep\n|\n|t:|1697848559\n|switch|p2a: Giratina|Giratina-Origin, shiny|100\/100\n|-damage|p2a: Giratina|88\/100|[from] Stealth Rock\n|turn|16\n|\n|t:|1697848563\n|move|p2a: Giratina|Defog|p1a: Great Tusk\n|-unboost|p1a: Great Tusk|evasion|1\n|-sideend|p2: Envymetta_TTV|Stealth Rock|[from] move: Defog|[of] p2a: Giratina\n|move|p1a: Great Tusk|Knock Off|p2a: Giratina\n|-supereffective|p2a: Giratina\n|-damage|p2a: Giratina|60\/100\n|\n|upkeep\n|turn|17\n|\n|t:|1697848571\n|-end|p1a: Great Tusk|Protosynthesis|[silent]\n|switch|p1a: Arceus|Arceus-Fairy|61\/100\n|move|p2a: Giratina|Draco Meteor|p1a: Arceus\n|-immune|p1a: Arceus\n|\n|upkeep\n|turn|18\n|\n|t:|1697848577\n|move|p2a: Giratina|Poltergeist|p1a: Arceus\n|-activate|p1a: Arceus|move: Poltergeist|Pixie Plate\n|-damage|p1a: Arceus|12\/100\n|move|p1a: Arceus|Stealth Rock|p2a: Giratina\n|-sidestart|p2: Envymetta_TTV|move: Stealth Rock\n|\n|-fieldend|move: Trick Room\n|upkeep\n|turn|19\n|\n|t:|1697848583\n|move|p2a: Giratina|Shadow Sneak|p1a: Arceus\n|-damage|p1a: Arceus|0 fnt\n|faint|p1a: Arceus\n|\n|upkeep\n|\n|t:|1697848591\n|switch|p1a: Koraidon|Koraidon|100\/100\n|-weather|SunnyDay|[from] ability: Orichalcum Pulse|[of] p1a: Koraidon\n|-activate|p1a: Koraidon|Orichalcum Pulse|[source]\n|turn|20\n|\n|t:|1697848598\n|-terastallize|p2a: Giratina|Steel\n|move|p1a: Koraidon|Dragon Claw|p2a: Giratina\n|-resisted|p2a: Giratina\n|-damage|p2a: Giratina|38\/100\n|move|p2a: Giratina|Draco Meteor|p1a: Koraidon\n|-supereffective|p1a: Koraidon\n|-damage|p1a: Koraidon|0 fnt\n|-unboost|p2a: Giratina|spa|2\n|faint|p1a: Koraidon\n|\n|-weather|SunnyDay|[upkeep]\n|upkeep\n|\n|t:|1697848605\n|switch|p1a: Miraidon|Miraidon|100\/100\n|-fieldstart|move: Electric Terrain|[from] ability: Hadron Engine|[of] p1a: Miraidon\n|turn|21\n|\n|t:|1697848611\n|switch|p2a: Garchomp|Garchomp, F, shiny|100\/100\n|-damage|p2a: Garchomp|94\/100|[from] Stealth Rock\n|move|p1a: Miraidon|Calm Mind|p1a: Miraidon\n|-boost|p1a: Miraidon|spa|1\n|-boost|p1a: Miraidon|spd|1\n|\n|-weather|SunnyDay|[upkeep]\n|upkeep\n|turn|22\n|\n|t:|1697848616\n|move|p2a: Garchomp|Earthquake|p1a: Miraidon\n|-supereffective|p1a: Miraidon\n|-damage|p1a: Miraidon|0 fnt\n|faint|p1a: Miraidon\n|\n|-weather|SunnyDay|[upkeep]\n|upkeep\n|\n|t:|1697848621\n|switch|p1a: Great Tusk|Great Tusk|100\/100\n|-activate|p1a: Great Tusk|ability: Protosynthesis\n|-start|p1a: Great Tusk|protosynthesisdef\n|turn|23\n|\n|t:|1697848627\n|move|p2a: Garchomp|Earthquake|p1a: Great Tusk\n|-damage|p1a: Great Tusk|80\/100\n|move|p1a: Great Tusk|Earthquake|p2a: Garchomp\n|-damage|p2a: Garchomp|50\/100\n|\n|-weather|SunnyDay|[upkeep]\n|-heal|p1a: Great Tusk|86\/100|[from] item: Leftovers\n|upkeep\n|turn|24\n|\n|t:|1697848631\n|move|p2a: Garchomp|Earthquake|p1a: Great Tusk\n|-damage|p1a: Great Tusk|64\/100\n|move|p1a: Great Tusk|Earthquake|p2a: Garchomp\n|-damage|p2a: Garchomp|7\/100\n|\n|-weather|none\n|-end|p1a: Great Tusk|Protosynthesis\n|-heal|p1a: Great Tusk|70\/100|[from] item: Leftovers\n|upkeep\n|turn|25\n|\n|t:|1697848636\n|move|p2a: Garchomp|Earthquake|p1a: Great Tusk\n|-damage|p1a: Great Tusk|43\/100\n|move|p1a: Great Tusk|Rapid Spin|p2a: Garchomp\n|-damage|p2a: Garchomp|0 fnt\n|-boost|p1a: Great Tusk|spe|1\n|-damage|p1a: Great Tusk|31\/100|[from] ability: Rough Skin|[of] p2a: Garchomp\n|faint|p2a: Garchomp\n|\n|-heal|p1a: Great Tusk|37\/100|[from] item: Leftovers\n|-fieldend|move: Electric Terrain\n|upkeep\n|\n|t:|1697848650\n|switch|p2a: Shaymin|Shaymin-Sky, shiny|100\/100\n|-damage|p2a: Shaymin|76\/100|[from] Stealth Rock\n|turn|26\n|\n|t:|1697848655\n|move|p2a: Shaymin|Trailblaze|p1a: Great Tusk\n|-supereffective|p1a: Great Tusk\n|-damage|p1a: Great Tusk|19\/100\n|-boost|p2a: Shaymin|spe|1\n|move|p1a: Great Tusk|Knock Off|p2a: Shaymin\n|-damage|p2a: Shaymin|37\/100\n|-enditem|p2a: Shaymin|Focus Sash|[from] move: Knock Off|[of] p1a: Great Tusk\n|\n|-heal|p1a: Great Tusk|25\/100|[from] item: Leftovers\n|upkeep\n|turn|27\n|\n|t:|1697848667\n|move|p2a: Shaymin|Earth Power|p1a: Great Tusk\n|-damage|p1a: Great Tusk|0 fnt\n|faint|p1a: Great Tusk\n|-end|p1a: Great Tusk|Protosynthesis|[silent]\n|\n|upkeep\n|\n|t:|1697848670\n|switch|p1a: Eternatus|Eternatus|100\/100\n|-ability|p1a: Eternatus|Pressure\n|turn|28\n|\n|t:|1697848674\n|-terastallize|p1a: Eternatus|Fairy\n|move|p2a: Shaymin|Air Slash|p1a: Eternatus\n|-damage|p1a: Eternatus|71\/100\n|cant|p1a: Eternatus|flinch\n|\n|-heal|p1a: Eternatus|77\/100|[from] item: Leftovers\n|upkeep\n|turn|29\n|\n|t:|1697848681\n|move|p2a: Shaymin|Air Slash|p1a: Eternatus\n|-damage|p1a: Eternatus|49\/100\n|move|p1a: Eternatus|Cosmic Power|p1a: Eternatus\n|-boost|p1a: Eternatus|def|1\n|-boost|p1a: Eternatus|spd|1\n|\n|-heal|p1a: Eternatus|55\/100|[from] item: Leftovers\n|upkeep\n|turn|30\n|l| CCCCold\n|\n|t:|1697848691\n|move|p2a: Shaymin|Seed Flare|p1a: Eternatus\n|-damage|p1a: Eternatus|22\/100\n|-unboost|p1a: Eternatus|spd|2\n|move|p1a: Eternatus|Cosmic Power|p1a: Eternatus\n|-boost|p1a: Eternatus|def|1\n|-boost|p1a: Eternatus|spd|1\n|\n|-heal|p1a: Eternatus|28\/100|[from] item: Leftovers\n|upkeep\n|turn|31\n|\n|t:|1697848708\n|move|p2a: Shaymin|Air Slash|p1a: Eternatus\n|-damage|p1a: Eternatus|0 fnt\n|faint|p1a: Eternatus\n|\n|upkeep\n|\n|t:|1697848711\n|switch|p1a: Flutter Mane|Flutter Mane|100\/100\n|turn|32\n|\n|t:|1697848715\n|move|p2a: Shaymin|Air Slash|p1a: Flutter Mane\n|-damage|p1a: Flutter Mane|57\/100\n|cant|p1a: Flutter Mane|flinch\n|\n|-heal|p1a: Flutter Mane|63\/100|[from] item: Leftovers\n|upkeep\n|turn|33\n|\n|t:|1697848721\n|move|p2a: Shaymin|Seed Flare|p1a: Flutter Mane\n|-damage|p1a: Flutter Mane|0 fnt\n|faint|p1a: Flutter Mane\n|-end|p1a: Flutter Mane|Protosynthesis|[silent]\n|\n|win|Envymetta_TTV\n|raw|TheShuckler69's rating: 1348 &rarr; <strong>1335<\/strong><br \/>(-13 for losing)\n|raw|Envymetta_TTV's rating: 1484 &rarr; <strong>1497<\/strong><br \/>(+13 for winning)\n|l|\u2606TheShuckler69\n","uploadtime":1697848727,"views":8,"p1id":"theshuckler69","p2id":"envymettattv","formatid":"gen9ubers","rating":1335,"private":0,"password":""}