{"id":"gen9ubers-1976688013","p1":"Cm7XgT","p2":"KrystalInfernus","format":"[Gen 9] Ubers","log":"|j|\u2606Cm7XgT\n|j|\u2606KrystalInfernus\n|t:|1698333516\n|gametype|singles\n|player|p1|Cm7XgT|101|1000\n|player|p2|KrystalInfernus|pilot|1000\n|teamsize|p1|6\n|teamsize|p2|2\n|gen|9\n|tier|[Gen 9] Ubers\n|rated|\n|rule|Sleep Clause Mod: Limit one foe put to sleep\n|rule|Species Clause: Limit one of each Pok\u00e9mon\n|rule|OHKO Clause: OHKO moves are banned\n|rule|Evasion Items Clause: Evasion items are banned\n|rule|Evasion Moves Clause: Evasion moves are banned\n|rule|Endless Battle Clause: Forcing endless battles is banned\n|rule|HP Percentage Mod: HP is shown in percentages\n|clearpoke\n|poke|p1|Electrode-Hisui|\n|poke|p1|Slowking-Galar, M|\n|poke|p1|Cetitan, F|\n|poke|p1|Flutter Mane|\n|poke|p1|Samurott-Hisui, M|\n|poke|p1|Annihilape, M|\n|poke|p2|Magearna|\n|poke|p2|Uxie|\n|teampreview\n|inactive|Battle timer is ON: inactive players will automatically lose when time's up. (requested by KrystalInfernus)\n|\n|t:|1698333539\n|start\n|switch|p1a: Flutter Mane|Flutter Mane, shiny|100\/100\n|switch|p2a: Uxie|Uxie|100\/100\n|-enditem|p1a: Flutter Mane|Booster Energy\n|-activate|p1a: Flutter Mane|ability: Protosynthesis|[fromitem]\n|-start|p1a: Flutter Mane|protosynthesisspe\n|turn|1\n|\n|t:|1698333547\n|move|p1a: Flutter Mane|Shadow Ball|p2a: Uxie\n|-supereffective|p2a: Uxie\n|-damage|p2a: Uxie|55\/100\n|move|p2a: Uxie|Yawn|p1a: Flutter Mane\n|-start|p1a: Flutter Mane|move: Yawn|[of] p2a: Uxie\n|\n|upkeep\n|turn|2\n|\n|t:|1698333556\n|move|p1a: Flutter Mane|Shadow Ball|p2a: Uxie\n|-supereffective|p2a: Uxie\n|-damage|p2a: Uxie|5\/100\n|move|p2a: Uxie|Reflect|p2a: Uxie\n|-sidestart|p2: KrystalInfernus|Reflect\n|\n|-end|p1a: Flutter Mane|move: Yawn|[silent]\n|-status|p1a: Flutter Mane|slp\n|upkeep\n|turn|3\n|\n|t:|1698333567\n|-end|p1a: Flutter Mane|Protosynthesis|[silent]\n|switch|p1a: Cetitan|Cetitan, F, shiny|100\/100\n|move|p2a: Uxie|Light Screen|p2a: Uxie\n|-sidestart|p2: KrystalInfernus|move: Light Screen\n|\n|upkeep\n|turn|4\n|\n|t:|1698333571\n|move|p1a: Cetitan|Ice Shard|p2a: Uxie\n|-damage|p2a: Uxie|0 fnt\n|faint|p2a: Uxie\n|\n|upkeep\n|\n|t:|1698333576\n|switch|p2a: Magearna|Magearna|100\/100\n|turn|5\n|\n|t:|1698333581\n|-terastallize|p1a: Cetitan|Ground\n|move|p1a: Cetitan|Earthquake|p2a: Magearna\n|-supereffective|p2a: Magearna\n|-damage|p2a: Magearna|58\/100\n|-enditem|p2a: Magearna|Weakness Policy\n|-boost|p2a: Magearna|atk|2|[from] item: Weakness Policy\n|-boost|p2a: Magearna|spa|2|[from] item: Weakness Policy\n|move|p2a: Magearna|Shift Gear|p2a: Magearna\n|-boost|p2a: Magearna|spe|2\n|-boost|p2a: Magearna|atk|1\n|\n|upkeep\n|turn|6\n|\n|t:|1698333599\n|switch|p1a: Flutter Mane|Flutter Mane, shiny|100\/100 slp\n|move|p2a: Magearna|Calm Mind|p2a: Magearna\n|-boost|p2a: Magearna|spa|1\n|-boost|p2a: Magearna|spd|1\n|\n|upkeep\n|turn|7\n|\n|t:|1698333606\n|cant|p1a: Flutter Mane|slp\n|move|p2a: Magearna|Draining Kiss|p1a: Flutter Mane\n|-damage|p1a: Flutter Mane|31\/100 slp\n|-heal|p2a: Magearna|94\/100|[from] drain|[of] p1a: Flutter Mane\n|\n|upkeep\n|turn|8\n|\n|t:|1698333613\n|-curestatus|p1a: Flutter Mane|slp|[msg]\n|move|p1a: Flutter Mane|Mystical Fire|p2a: Magearna\n|-supereffective|p2a: Magearna\n|-damage|p2a: Magearna|80\/100\n|-unboost|p2a: Magearna|spa|1\n|move|p2a: Magearna|Draining Kiss|p1a: Flutter Mane\n|-damage|p1a: Flutter Mane|0 fnt\n|-heal|p2a: Magearna|96\/100|[from] drain|[of] p1a: Flutter Mane\n|faint|p1a: Flutter Mane\n|-ability|p2a: Magearna|Soul-Heart|boost\n|-boost|p2a: Magearna|spa|1\n|-end|p1a: Flutter Mane|Protosynthesis|[silent]\n|\n|upkeep\n|\n|t:|1698333626\n|switch|p1a: Slowking|Slowking-Galar, M, shiny|100\/100\n|turn|9\n|\n|t:|1698333630\n|move|p2a: Magearna|Calm Mind|p2a: Magearna\n|-boost|p2a: Magearna|spa|1\n|-boost|p2a: Magearna|spd|1\n|move|p1a: Slowking|Chilly Reception|p1a: Slowking\n|-weather|Snow\n|\n|t:|1698333643\n|switch|p1a: Annihilape|Annihilape, M|100\/100|[from] Chilly Reception\n|\n|-weather|Snow|[upkeep]\n|-sideend|p2: KrystalInfernus|Reflect\n|upkeep\n|turn|10\n|\n|t:|1698333649\n|move|p2a: Magearna|Draining Kiss|p1a: Annihilape\n|-supereffective|p1a: Annihilape\n|-damage|p1a: Annihilape|0 fnt\n|-heal|p2a: Magearna|100\/100|[from] drain|[of] p1a: Annihilape\n|faint|p1a: Annihilape\n|-ability|p2a: Magearna|Soul-Heart|boost\n|-boost|p2a: Magearna|spa|1\n|\n|-weather|Snow|[upkeep]\n|-sideend|p2: KrystalInfernus|move: Light Screen\n|upkeep\n|\n|t:|1698333657\n|switch|p1a: Cetitan|Cetitan, F, shiny, tera:Ground|100\/100\n|turn|11\n|\n|t:|1698333664\n|move|p1a: Cetitan|Earthquake|p2a: Magearna\n|-supereffective|p2a: Magearna\n|-damage|p2a: Magearna|16\/100\n|move|p2a: Magearna|Draining Kiss|p1a: Cetitan\n|-damage|p1a: Cetitan|0 fnt\n|-heal|p2a: Magearna|100\/100|[from] drain|[of] p1a: Cetitan\n|faint|p1a: Cetitan\n|-ability|p2a: Magearna|Soul-Heart|boost\n|-boost|p2a: Magearna|spa|1\n|\n|-weather|Snow|[upkeep]\n|upkeep\n|\n|t:|1698333676\n|switch|p1a: Electrode|Electrode-Hisui, shiny|100\/100\n|turn|12\n|\n|t:|1698333681\n|move|p1a: Electrode|Thunderbolt|p2a: Magearna\n|-damage|p2a: Magearna|84\/100\n|move|p2a: Magearna|Draining Kiss|p1a: Electrode\n|-damage|p1a: Electrode|0 fnt\n|-heal|p2a: Magearna|100\/100|[from] drain|[of] p1a: Electrode\n|-status|p2a: Magearna|par|[from] ability: Static|[of] p1a: Electrode\n|faint|p1a: Electrode\n|\n|-weather|Snow|[upkeep]\n|upkeep\n|\n|t:|1698333692\n|switch|p1a: Slowking|Slowking-Galar, M, shiny|100\/100\n|turn|13\n|\n|t:|1698333698\n|move|p2a: Magearna|Stored Power|p1a: Slowking\n|-damage|p1a: Slowking|0 fnt\n|faint|p1a: Slowking\n|\n|-weather|none\n|upkeep\n|\n|t:|1698333703\n|switch|p1a: Samurott|Samurott-Hisui, M, shiny|100\/100\n|turn|14\n|\n|t:|1698333708\n|move|p1a: Samurott|Aqua Cutter|p2a: Magearna\n|-damage|p2a: Magearna|66\/100 par\n|move|p2a: Magearna|Draining Kiss|p1a: Samurott\n|-supereffective|p1a: Samurott\n|-damage|p1a: Samurott|0 fnt\n|-heal|p2a: Magearna|100\/100 par|[from] drain|[of] p1a: Samurott\n|faint|p1a: Samurott\n|\n|win|KrystalInfernus\n|raw|Cm7XgT's rating: 1000 &rarr; <strong>1000<\/strong><br \/>(+0 for losing)\n|raw|KrystalInfernus's rating: 1000 &rarr; <strong>1040<\/strong><br \/>(+40 for winning)\n|l|\u2606Cm7XgT\n","uploadtime":1698333719,"views":10,"p1id":"cm7xgt","p2id":"krystalinfernus","formatid":"gen9ubers","rating":1000,"private":0,"password":""}