{"id":"gen9ubers-1972448751","p1":"AyanamiBestWaifu","p2":"Agear63","format":"[Gen 9] Ubers","log":"|j|\u2606AyanamiBestWaifu\n|j|\u2606Agear63\n|t:|1697844026\n|gametype|singles\n|player|p1|AyanamiBestWaifu|265|\n|player|p2|Agear63|marnie|\n|teamsize|p1|6\n|teamsize|p2|6\n|gen|9\n|tier|[Gen 9] Ubers\n|rule|Sleep Clause Mod: Limit one foe put to sleep\n|rule|Species Clause: Limit one of each Pok\u00e9mon\n|rule|OHKO Clause: OHKO moves are banned\n|rule|Evasion Items Clause: Evasion items are banned\n|rule|Evasion Moves Clause: Evasion moves are banned\n|rule|Endless Battle Clause: Forcing endless battles is banned\n|rule|HP Percentage Mod: HP is shown in percentages\n|clearpoke\n|poke|p1|Arceus-Ground|\n|poke|p1|Zacian-*|\n|poke|p1|Chi-Yu|\n|poke|p1|Kyogre|\n|poke|p1|Basculegion, M|\n|poke|p1|Miraidon|\n|poke|p2|Alomomola, F|\n|poke|p2|Ting-Lu|\n|poke|p2|Landorus-Therian, M|\n|poke|p2|Zacian-*|\n|poke|p2|Kyogre|\n|poke|p2|Koraidon|\n|teampreview\n|c|\u2606AyanamiBestWaifu|GLHF\n|c|\u2606Agear63|u2 <3\n|j| may\n|\n|t:|1697844043\n|start\n|switch|p1a: Kyogre|Kyogre|100\/100\n|switch|p2a: Landorus|Landorus-Therian, M|100\/100\n|-weather|RainDance|[from] ability: Drizzle|[of] p1a: Kyogre\n|-ability|p2a: Landorus|Intimidate|boost\n|-unboost|p1a: Kyogre|atk|1\n|turn|1\n|\n|t:|1697844057\n|switch|p2a: Koraidon|Koraidon|100\/100\n|-weather|SunnyDay|[from] ability: Orichalcum Pulse|[of] p2a: Koraidon\n|-activate|p2a: Koraidon|Orichalcum Pulse|[source]\n|move|p1a: Kyogre|Ice Beam|p2a: Koraidon\n|-supereffective|p2a: Koraidon\n|-damage|p2a: Koraidon|32\/100\n|\n|-weather|SunnyDay|[upkeep]\n|upkeep\n|turn|2\n|j| Mike Ox Wollen\n|\n|t:|1697844072\n|switch|p2a: Alomomola|Alomomola, F|100\/100\n|move|p1a: Kyogre|Ice Beam|p2a: Alomomola\n|-resisted|p2a: Alomomola\n|-damage|p2a: Alomomola|81\/100\n|\n|-weather|SunnyDay|[upkeep]\n|upkeep\n|turn|3\n|\n|t:|1697844077\n|switch|p1a: Miraidon|Miraidon|100\/100\n|-fieldstart|move: Electric Terrain|[from] ability: Hadron Engine|[of] p1a: Miraidon\n|move|p2a: Alomomola|Wish|p2a: Alomomola\n|\n|-weather|SunnyDay|[upkeep]\n|upkeep\n|turn|4\n|c| may|use timer.\n|inactive|Battle timer is ON: inactive players will automatically lose when time's up. (requested by Agear63)\n|\n|t:|1697844118\n|move|p2a: Alomomola|Protect|p2a: Alomomola\n|-singleturn|p2a: Alomomola|Protect\n|move|p1a: Miraidon|Substitute|p1a: Miraidon\n|-start|p1a: Miraidon|Substitute\n|-damage|p1a: Miraidon|76\/100\n|\n|-weather|SunnyDay|[upkeep]\n|-heal|p2a: Alomomola|100\/100|[from] move: Wish|[wisher] Alomomola\n|upkeep\n|turn|5\n|c|\u2606AyanamiBestWaifu|Breh\n|j| Leroipolux1\n|c| Leroipolux1|gl agera\n|c|\u2606AyanamiBestWaifu|After this match I\u2019ll deafen\n|c|\u2606Agear63|thx\n|c|\u2606Agear63|?\n|c|\u2606Agear63|is it no best of 1?\n|c|\u2606AyanamiBestWaifu|I have no idea\n|\n|t:|1697844147\n|switch|p2a: Ting-Lu|Ting-Lu|100\/100\n|-ability|p2a: Ting-Lu|Vessel of Ruin\n|move|p1a: Miraidon|Calm Mind|p1a: Miraidon\n|-boost|p1a: Miraidon|spa|1\n|-boost|p1a: Miraidon|spd|1\n|\n|-weather|none\n|upkeep\n|turn|6\n|\n|t:|1697844152\n|move|p1a: Miraidon|Draco Meteor|p2a: Ting-Lu\n|-damage|p2a: Ting-Lu|16\/100\n|-unboost|p1a: Miraidon|spa|2\n|-damage|p1a: Miraidon|66\/100|[from] item: Life Orb\n|move|p2a: Ting-Lu|Whirlwind|p1a: Miraidon\n|drag|p1a: Basculegion|Basculegion, M|100\/100\n|\n|-heal|p2a: Ting-Lu|22\/100|[from] item: Leftovers\n|upkeep\n|turn|7\n|c| may|its bo1]\n|\n|t:|1697844158\n|switch|p2a: Alomomola|Alomomola, F|100\/100\n|move|p1a: Basculegion|Crunch|p2a: Alomomola\n|-damage|p2a: Alomomola|87\/100\n|-damage|p1a: Basculegion|84\/100|[from] item: Rocky Helmet|[of] p2a: Alomomola\n|\n|-fieldend|move: Electric Terrain\n|upkeep\n|turn|8\n|\n|t:|1697844174\n|switch|p1a: Miraidon|Miraidon|66\/100\n|-fieldstart|move: Electric Terrain|[from] ability: Hadron Engine|[of] p1a: Miraidon\n|move|p2a: Alomomola|Flip Turn|p1a: Miraidon\n|-resisted|p1a: Miraidon\n|-damage|p1a: Miraidon|58\/100\n|c|\u2606AyanamiBestWaifu|There ghosting on jah\n|c| may|?\n|c|\u2606AyanamiBestWaifu|Jokes\n|inactive|Agear63 has 270 seconds left.\n|c| Leroipolux1|wut\n|\n|t:|1697844223\n|switch|p2a: Zacian|Zacian-Crowned|100\/100|[from] Flip Turn\n|-ability|p2a: Zacian|Intrepid Sword|boost\n|-boost|p2a: Zacian|atk|1\n|\n|upkeep\n|turn|9\n|c| Mike Ox Wollen|Agera stay in on the play rough!!!\n|inactive|Agear63 has 240 seconds left.\n|c| Mike Ox Wollen|Hes gonna miss!!!!!!!!!!!\n|\n|t:|1697844246\n|switch|p1a: Arceus|Arceus-Ground|100\/100\n|move|p2a: Zacian|Close Combat|p1a: Arceus\n|-damage|p1a: Arceus|50\/100\n|-unboost|p2a: Zacian|def|1\n|-unboost|p2a: Zacian|spd|1\n|\n|upkeep\n|turn|10\n|inactive|Agear63 has 240 seconds left.\n|j| Man_Slayer04\n|c| may|agera just remember use ur timer\n|\n|t:|1697844261\n|move|p2a: Zacian|Behemoth Blade|p1a: Arceus\n|-damage|p1a: Arceus|0 fnt\n|faint|p1a: Arceus\n|\n|upkeep\n|\n|t:|1697844265\n|switch|p1a: Zacian|Zacian-Crowned|100\/100\n|-ability|p1a: Zacian|Intrepid Sword|boost\n|-boost|p1a: Zacian|atk|1\n|turn|11\n|j| Ajblade11\n|inactive|Agear63 has 240 seconds left.\n|inactive|Agear63 has 210 seconds left.\n|\n|t:|1697844325\n|switch|p2a: Landorus|Landorus-Therian, M|100\/100\n|-ability|p2a: Landorus|Intimidate|boost\n|-unboost|p1a: Zacian|atk|1\n|move|p1a: Zacian|Behemoth Blade|p2a: Landorus\n|-damage|p2a: Landorus|58\/100\n|-damage|p1a: Zacian|84\/100|[from] item: Rocky Helmet|[of] p2a: Landorus\n|\n|upkeep\n|turn|12\n|inactive|Agear63 has 180 seconds left.\n|inactive|Agear63 has 150 seconds left.\n|\n|t:|1697844382\n|switch|p1a: Kyogre|Kyogre|100\/100\n|-weather|RainDance|[from] ability: Drizzle|[of] p1a: Kyogre\n|move|p2a: Landorus|Earthquake|p1a: Kyogre\n|-damage|p1a: Kyogre|51\/100\n|\n|-weather|RainDance|[upkeep]\n|-fieldend|move: Electric Terrain\n|upkeep\n|turn|13\n|c|\u2606AyanamiBestWaifu|Calc?\n|inactive|Agear63 has 150 seconds left.\n|c|\u2606Agear63|alaways XD\n|c| may|my brudda\n|j| frankster2305\n|inactive|Agear63 has 120 seconds left.\n|c| frankster2305|respectfully yall would all b bricks without a calc\n|c|\u2606AyanamiBestWaifu|I\u2019ve never once calced\n|c|\u2606AyanamiBestWaifu|I think it\u2019s lame\n|l| Ajblade11\n|c| frankster2305|right\n|inactive|Agear63 has 90 seconds left.\n|c| frankster2305|lol\n|c|\u2606AyanamiBestWaifu|Don\u2019t believe me?\n|j| Ajblade11\n|\n|t:|1697844463\n|switch|p2a: Ting-Lu|Ting-Lu|22\/100\n|-ability|p2a: Ting-Lu|Vessel of Ruin\n|move|p1a: Kyogre|Thunder|p2a: Ting-Lu\n|-immune|p2a: Ting-Lu\n|\n|-weather|RainDance|[upkeep]\n|-heal|p2a: Ting-Lu|28\/100|[from] item: Leftovers\n|upkeep\n|turn|14\n|c| may|GOAT\n|c| Ajblade11|Is that soire\n|l| Ajblade11\n|c|\u2606AyanamiBestWaifu|Fuhhhh\n|\n|t:|1697844481\n|switch|p1a: Miraidon|Miraidon|58\/100\n|-fieldstart|move: Electric Terrain|[from] ability: Hadron Engine|[of] p1a: Miraidon\n|move|p2a: Ting-Lu|Earthquake|p1a: Miraidon\n|-supereffective|p1a: Miraidon\n|-damage|p1a: Miraidon|0 fnt\n|faint|p1a: Miraidon\n|\n|-weather|RainDance|[upkeep]\n|-heal|p2a: Ting-Lu|34\/100|[from] item: Leftovers\n|upkeep\n|j| Ajblade11\n|\n|t:|1697844490\n|switch|p1a: Chi-Yu|Chi-Yu|100\/100\n|-ability|p1a: Chi-Yu|Beads of Ruin\n|turn|15\n|c|\u2606AyanamiBestWaifu|That\u2019s awkward\n|\n|t:|1697844503\n|move|p1a: Chi-Yu|Dark Pulse|p2a: Ting-Lu\n|-resisted|p2a: Ting-Lu\n|-damage|p2a: Ting-Lu|15\/100\n|move|p2a: Ting-Lu|Earthquake|p1a: Chi-Yu\n|-supereffective|p1a: Chi-Yu\n|-crit|p1a: Chi-Yu\n|-damage|p1a: Chi-Yu|0 fnt\n|faint|p1a: Chi-Yu\n|\n|-weather|RainDance|[upkeep]\n|-heal|p2a: Ting-Lu|21\/100|[from] item: Leftovers\n|upkeep\n|\n|t:|1697844510\n|switch|p1a: Zacian|Zacian-Crowned|84\/100\n|turn|16\n|c| may|GOAT AGERA\n|c|\u2606AyanamiBestWaifu|Guys I got this\n|\n|t:|1697844531\n|switch|p2a: Landorus|Landorus-Therian, M|58\/100\n|-ability|p2a: Landorus|Intimidate|boost\n|-unboost|p1a: Zacian|atk|1\n|move|p1a: Zacian|Behemoth Blade|p2a: Landorus\n|-damage|p2a: Landorus|31\/100\n|-damage|p1a: Zacian|67\/100|[from] item: Rocky Helmet|[of] p2a: Landorus\n|\n|-weather|none\n|upkeep\n|turn|17\n|\n|t:|1697844538\n|move|p1a: Zacian|Play Rough|p2a: Landorus\n|-damage|p2a: Landorus|8\/100\n|-damage|p1a: Zacian|51\/100|[from] item: Rocky Helmet|[of] p2a: Landorus\n|move|p2a: Landorus|Earthquake|p1a: Zacian\n|-supereffective|p1a: Zacian\n|-damage|p1a: Zacian|0 fnt\n|faint|p1a: Zacian\n|\n|upkeep\n|\n|t:|1697844542\n|switch|p1a: Kyogre|Kyogre|51\/100\n|-weather|RainDance|[from] ability: Drizzle|[of] p1a: Kyogre\n|turn|18\n|\n|t:|1697844566\n|move|p1a: Kyogre|Ice Beam|p2a: Landorus\n|-supereffective|p2a: Landorus\n|-crit|p2a: Landorus\n|-damage|p2a: Landorus|0 fnt\n|faint|p2a: Landorus\n|\n|-weather|RainDance|[upkeep]\n|-fieldend|move: Electric Terrain\n|upkeep\n|\n|t:|1697844576\n|switch|p2a: Zacian|Zacian-Crowned|100\/100\n|turn|19\n|\n|t:|1697844584\n|move|p1a: Kyogre|Ice Beam|p2a: Zacian\n|-resisted|p2a: Zacian\n|-damage|p2a: Zacian|84\/100\n|move|p2a: Zacian|Wild Charge|p1a: Kyogre\n|-supereffective|p1a: Kyogre\n|-damage|p1a: Kyogre|0 fnt\n|faint|p1a: Kyogre\n|-damage|p2a: Zacian|71\/100|[from] Recoil\n|\n|-weather|RainDance|[upkeep]\n|upkeep\n|\n|t:|1697844586\n|switch|p1a: Basculegion|Basculegion, M|84\/100\n|turn|20\n|\n|t:|1697844594\n|switch|p2a: Alomomola|Alomomola, F|100\/100\n|-terastallize|p1a: Basculegion|Ghost\n|move|p1a: Basculegion|Last Respects|p2a: Alomomola\n|-crit|p2a: Alomomola\n|-damage|p2a: Alomomola|0 fnt\n|faint|p2a: Alomomola\n|\n|-weather|RainDance|[upkeep]\n|upkeep\n|c|\u2606AyanamiBestWaifu|All planned\n|c|\u2606Agear63|onn no\n|c|\u2606Agear63|ohh no\n|c|\u2606AyanamiBestWaifu|No oh\n|c|\u2606Agear63|i forgot about that XD\n|c|\u2606AyanamiBestWaifu|RAH\n|inactive|Agear63 has 60 seconds left.\n|c| frankster2305|yeah im ngl u just lost\n|c| frankster2305|gg\n|\n|t:|1697844638\n|switch|p2a: Kyogre|Kyogre|100\/100\n|turn|21\n|\n|t:|1697844643\n|move|p1a: Basculegion|Last Respects|p2a: Kyogre\n|-damage|p2a: Kyogre|0 fnt\n|faint|p2a: Kyogre\n|\n|-weather|RainDance|[upkeep]\n|upkeep\n|\n|t:|1697844650\n|switch|p2a: Ting-Lu|Ting-Lu|21\/100\n|-ability|p2a: Ting-Lu|Vessel of Ruin\n|turn|22\n|\n|t:|1697844653\n|move|p1a: Basculegion|Last Respects|p2a: Ting-Lu\n|-resisted|p2a: Ting-Lu\n|-damage|p2a: Ting-Lu|0 fnt\n|faint|p2a: Ting-Lu\n|\n|-weather|none\n|upkeep\n|c|\u2606AyanamiBestWaifu|I must do wagon proud\n|inactive|Agear63 has 60 seconds left.\n|\n|t:|1697844675\n|switch|p2a: Koraidon|Koraidon|32\/100\n|-weather|SunnyDay|[from] ability: Orichalcum Pulse|[of] p2a: Koraidon\n|-activate|p2a: Koraidon|Orichalcum Pulse|[source]\n|turn|23\n|\n|t:|1697844681\n|move|p2a: Koraidon|Flare Blitz|p1a: Basculegion\n|-damage|p1a: Basculegion|0 fnt\n|faint|p1a: Basculegion\n|-damage|p2a: Koraidon|1\/100|[from] Recoil\n|\n|win|Agear63\n|c| may|goat\n|c|\u2606Agear63|gg\n|c| may|beautiful game\n|c| Leroipolux1|thats my king agera\n|c|\u2606AyanamiBestWaifu|Gg\n|l| Ajblade11\n|c|\u2606Agear63|ngl i was against a wall XD\n|c| Leroipolux1|never doubted you\n","uploadtime":1697844697,"views":36,"p1id":"ayanamibestwaifu","p2id":"agear63","formatid":"gen9ubers","rating":0,"private":0,"password":""}