{"id":"gen9ubers-1981879473","p1":"LadyMaria-Blue","p2":"JohnLongGone","format":"[Gen 9] Ubers","log":"|j|\u2606LadyMaria-Blue\n|j|\u203dJohnLongGone\n|t:|1698948570\n|gametype|singles\n|player|p1|LadyMaria-Blue|cynthia|\n|player|p2|JohnLongGone|caitlin|\n|teamsize|p1|6\n|teamsize|p2|6\n|gen|9\n|tier|[Gen 9] Ubers\n|rule|Sleep Clause Mod: Limit one foe put to sleep\n|rule|Species Clause: Limit one of each Pok\u00e9mon\n|rule|OHKO Clause: OHKO moves are banned\n|rule|Evasion Items Clause: Evasion items are banned\n|rule|Evasion Moves Clause: Evasion moves are banned\n|rule|Endless Battle Clause: Forcing endless battles is banned\n|rule|HP Percentage Mod: HP is shown in percentages\n|clearpoke\n|poke|p1|Baxcalibur, F|\n|poke|p1|Milotic, F|\n|poke|p1|Arcanine-Hisui, F|\n|poke|p1|Mandibuzz, F|\n|poke|p1|Arceus-Poison|\n|poke|p1|Magearna|\n|poke|p2|Palafin, F|\n|poke|p2|Magearna|\n|poke|p2|Zacian-*|\n|poke|p2|Arceus-Poison|\n|poke|p2|Garganacl, F|\n|poke|p2|Cresselia, F|\n|teampreview\n|\n|t:|1698948592\n|start\n|switch|p1a: Magearna|Magearna|100\/100\n|switch|p2a: Palafin|Palafin, F|100\/100\n|turn|1\n|\n|t:|1698948596\n|move|p2a: Palafin|Flip Turn|p1a: Magearna\n|-damage|p1a: Magearna|71\/100\n|\n|t:|1698948600\n|detailschange|p2a: Palafin|Palafin-Hero, F\n|switch|p2a: Garganacl|Garganacl, F|100\/100|[from] Flip Turn\n|move|p1a: Magearna|Volt Switch|p2a: Garganacl\n|-damage|p2a: Garganacl|80\/100\n|\n|t:|1698948607\n|switch|p1a: Milotic|Milotic, F, shiny|100\/100|[from] Volt Switch\n|\n|-heal|p2a: Garganacl|87\/100|[from] item: Leftovers\n|upkeep\n|turn|2\n|\n|t:|1698948626\n|switch|p2a: Magearna|Magearna|100\/100\n|move|p1a: Milotic|Scald|p2a: Magearna\n|-damage|p2a: Magearna|84\/100\n|-status|p2a: Magearna|brn\n|\n|-heal|p2a: Magearna|90\/100 brn|[from] item: Leftovers\n|-damage|p2a: Magearna|84\/100 brn|[from] brn\n|upkeep\n|turn|3\n|\n|t:|1698948634\n|move|p1a: Milotic|Scald|p2a: Magearna\n|-damage|p2a: Magearna|68\/100 brn\n|move|p2a: Magearna|Spikes|p1a: Milotic\n|-sidestart|p1: LadyMaria-Blue|Spikes\n|\n|-heal|p2a: Magearna|74\/100 brn|[from] item: Leftovers\n|-damage|p2a: Magearna|68\/100 brn|[from] brn\n|upkeep\n|turn|4\n|\n|t:|1698948640\n|switch|p1a: Arcanine|Arcanine-Hisui, F, shiny|100\/100\n|-damage|p1a: Arcanine|88\/100|[from] Spikes\n|move|p2a: Magearna|Spikes|p1a: Arcanine\n|-sidestart|p1: LadyMaria-Blue|Spikes\n|\n|-heal|p2a: Magearna|74\/100 brn|[from] item: Leftovers\n|-damage|p2a: Magearna|68\/100 brn|[from] brn\n|upkeep\n|turn|5\n|\n|t:|1698948651\n|switch|p2a: Garganacl|Garganacl, F|87\/100\n|move|p1a: Arcanine|Flare Blitz|p2a: Garganacl\n|-resisted|p2a: Garganacl\n|-damage|p2a: Garganacl|70\/100\n|\n|-heal|p2a: Garganacl|76\/100|[from] item: Leftovers\n|upkeep\n|turn|6\n|\n|t:|1698948656\n|switch|p1a: Magearna|Magearna|71\/100\n|-damage|p1a: Magearna|55\/100|[from] Spikes\n|move|p2a: Garganacl|Recover|p2a: Garganacl\n|-heal|p2a: Garganacl|100\/100\n|\n|upkeep\n|turn|7\n|\n|t:|1698948662\n|move|p1a: Magearna|Flash Cannon|p2a: Garganacl\n|-supereffective|p2a: Garganacl\n|-damage|p2a: Garganacl|27\/100\n|move|p2a: Garganacl|Salt Cure|p1a: Magearna\n|-resisted|p1a: Magearna\n|-damage|p1a: Magearna|50\/100\n|-start|p1a: Magearna|Salt Cure\n|\n|-heal|p2a: Garganacl|33\/100|[from] item: Leftovers\n|-damage|p1a: Magearna|25\/100|[from] Salt Cure\n|upkeep\n|turn|8\n|\n|t:|1698948673\n|switch|p2a: Palafin|Palafin-Hero, F|100\/100\n|-activate|p2a: Palafin|ability: Zero to Hero\n|move|p1a: Magearna|Flash Cannon|p2a: Palafin\n|-resisted|p2a: Palafin\n|-damage|p2a: Palafin|78\/100\n|\n|-damage|p1a: Magearna|0 fnt|[from] Salt Cure\n|faint|p1a: Magearna\n|upkeep\n|\n|t:|1698948688\n|switch|p1a: Mandibuzz|Mandibuzz, F, shiny|100\/100\n|turn|9\n|\n|t:|1698948715\n|move|p2a: Palafin|Flip Turn|p1a: Mandibuzz\n|-damage|p1a: Mandibuzz|63\/100\n|\n|t:|1698948719\n|switch|p2a: Garganacl|Garganacl, F|33\/100|[from] Flip Turn\n|move|p1a: Mandibuzz|Defog|p2a: Garganacl\n|-unboost|p2a: Garganacl|evasion|1\n|-sideend|p1: LadyMaria-Blue|Spikes|[from] move: Defog|[of] p1a: Mandibuzz\n|\n|-heal|p2a: Garganacl|40\/100|[from] item: Leftovers\n|upkeep\n|turn|10\n|\n|t:|1698948730\n|move|p1a: Mandibuzz|Roost|p1a: Mandibuzz\n|-heal|p1a: Mandibuzz|100\/100\n|-singleturn|p1a: Mandibuzz|move: Roost\n|move|p2a: Garganacl|Recover|p2a: Garganacl\n|-heal|p2a: Garganacl|90\/100\n|\n|-heal|p2a: Garganacl|96\/100|[from] item: Leftovers\n|upkeep\n|turn|11\n|\n|t:|1698948733\n|move|p1a: Mandibuzz|Foul Play|p2a: Garganacl\n|-damage|p2a: Garganacl|76\/100\n|move|p2a: Garganacl|Salt Cure|p1a: Mandibuzz\n|-supereffective|p1a: Mandibuzz\n|-damage|p1a: Mandibuzz|84\/100\n|-start|p1a: Mandibuzz|Salt Cure\n|\n|-heal|p2a: Garganacl|83\/100|[from] item: Leftovers\n|-damage|p1a: Mandibuzz|72\/100|[from] Salt Cure\n|upkeep\n|turn|12\n|\n|t:|1698948737\n|move|p2a: Garganacl|Iron Defense|p2a: Garganacl\n|-boost|p2a: Garganacl|def|2\n|move|p1a: Mandibuzz|Whirlwind|p2a: Garganacl\n|drag|p2a: Arceus|Arceus-Poison|100\/100\n|\n|-damage|p1a: Mandibuzz|59\/100|[from] Salt Cure\n|upkeep\n|turn|13\n|\n|t:|1698948744\n|switch|p1a: Milotic|Milotic, F, shiny|100\/100\n|move|p2a: Arceus|Taunt|p1a: Milotic\n|-start|p1a: Milotic|move: Taunt\n|\n|upkeep\n|turn|14\n|\n|t:|1698948750\n|switch|p2a: Magearna|Magearna|68\/100 brn\n|move|p1a: Milotic|Scald|p2a: Magearna\n|-damage|p2a: Magearna|51\/100 brn\n|\n|-heal|p2a: Magearna|57\/100 brn|[from] item: Leftovers\n|-damage|p2a: Magearna|51\/100 brn|[from] brn\n|upkeep\n|turn|15\n|\n|t:|1698948759\n|move|p1a: Milotic|Scald|p2a: Magearna\n|-damage|p2a: Magearna|35\/100 brn\n|move|p2a: Magearna|Volt Switch|p1a: Milotic\n|-supereffective|p1a: Milotic\n|-damage|p1a: Milotic|78\/100\n|\n|t:|1698948769\n|switch|p2a: Garganacl|Garganacl, F|83\/100|[from] Volt Switch\n|\n|-heal|p1a: Milotic|84\/100|[from] item: Leftovers\n|-heal|p2a: Garganacl|89\/100|[from] item: Leftovers\n|-end|p1a: Milotic|move: Taunt\n|upkeep\n|turn|16\n|\n|t:|1698948779\n|-terastallize|p2a: Garganacl|Water\n|move|p1a: Milotic|Flip Turn|p2a: Garganacl\n|-resisted|p2a: Garganacl\n|-damage|p2a: Garganacl|85\/100\n|\n|t:|1698948787\n|switch|p1a: Arcanine|Arcanine-Hisui, F, shiny|88\/100|[from] Flip Turn\n|move|p2a: Garganacl|Iron Defense|p2a: Garganacl\n|-boost|p2a: Garganacl|def|2\n|\n|-heal|p2a: Garganacl|92\/100|[from] item: Leftovers\n|upkeep\n|turn|17\n|\n|t:|1698948797\n|switch|p1a: Arceus|Arceus-Poison|100\/100\n|move|p2a: Garganacl|Iron Defense|p2a: Garganacl\n|-boost|p2a: Garganacl|def|2\n|\n|-heal|p2a: Garganacl|98\/100|[from] item: Leftovers\n|upkeep\n|turn|18\n|\n|t:|1698948807\n|move|p1a: Arceus|Calm Mind|p1a: Arceus\n|-boost|p1a: Arceus|spa|1\n|-boost|p1a: Arceus|spd|1\n|move|p2a: Garganacl|Salt Cure|p1a: Arceus\n|-damage|p1a: Arceus|91\/100\n|-start|p1a: Arceus|Salt Cure\n|\n|-heal|p2a: Garganacl|100\/100|[from] item: Leftovers\n|-damage|p1a: Arceus|79\/100|[from] Salt Cure\n|upkeep\n|turn|19\n|\n|t:|1698948812\n|move|p1a: Arceus|Judgment|p2a: Garganacl\n|-damage|p2a: Garganacl|30\/100\n|move|p2a: Garganacl|Iron Defense|p2a: Garganacl\n|-boost|p2a: Garganacl|def|2\n|\n|-heal|p2a: Garganacl|36\/100|[from] item: Leftovers\n|-damage|p1a: Arceus|67\/100|[from] Salt Cure\n|upkeep\n|turn|20\n|\n|t:|1698948826\n|switch|p2a: Magearna|Magearna|35\/100 brn\n|move|p1a: Arceus|Earth Power|p2a: Magearna\n|-supereffective|p2a: Magearna\n|-damage|p2a: Magearna|0 fnt\n|faint|p2a: Magearna\n|\n|-damage|p1a: Arceus|54\/100|[from] Salt Cure\n|upkeep\n|\n|t:|1698948840\n|switch|p2a: Cresselia|Cresselia, F|100\/100\n|turn|21\n|\n|t:|1698948842\n|move|p1a: Arceus|Recover|p1a: Arceus\n|-heal|p1a: Arceus|100\/100\n|move|p2a: Cresselia|Calm Mind|p2a: Cresselia\n|-boost|p2a: Cresselia|spa|1\n|-boost|p2a: Cresselia|spd|1\n|\n|-damage|p1a: Arceus|88\/100|[from] Salt Cure\n|upkeep\n|turn|22\n|\n|t:|1698948845\n|move|p1a: Arceus|Judgment|p2a: Cresselia\n|-damage|p2a: Cresselia|62\/100\n|move|p2a: Cresselia|Calm Mind|p2a: Cresselia\n|-boost|p2a: Cresselia|spa|1\n|-boost|p2a: Cresselia|spd|1\n|\n|-heal|p2a: Cresselia|68\/100|[from] item: Leftovers\n|-damage|p1a: Arceus|76\/100|[from] Salt Cure\n|upkeep\n|turn|23\n|\n|t:|1698948849\n|move|p1a: Arceus|Calm Mind|p1a: Arceus\n|-boost|p1a: Arceus|spa|1\n|-boost|p1a: Arceus|spd|1\n|move|p2a: Cresselia|Calm Mind|p2a: Cresselia\n|-boost|p2a: Cresselia|spa|1\n|-boost|p2a: Cresselia|spd|1\n|\n|-heal|p2a: Cresselia|74\/100|[from] item: Leftovers\n|-damage|p1a: Arceus|63\/100|[from] Salt Cure\n|upkeep\n|turn|24\n|\n|t:|1698948851\n|move|p1a: Arceus|Judgment|p2a: Cresselia\n|-damage|p2a: Cresselia|43\/100\n|move|p2a: Cresselia|Calm Mind|p2a: Cresselia\n|-boost|p2a: Cresselia|spa|1\n|-boost|p2a: Cresselia|spd|1\n|\n|-heal|p2a: Cresselia|49\/100|[from] item: Leftovers\n|-damage|p1a: Arceus|51\/100|[from] Salt Cure\n|upkeep\n|turn|25\n|\n|t:|1698948854\n|move|p1a: Arceus|Judgment|p2a: Cresselia\n|-damage|p2a: Cresselia|24\/100\n|move|p2a: Cresselia|Calm Mind|p2a: Cresselia\n|-boost|p2a: Cresselia|spa|1\n|-boost|p2a: Cresselia|spd|1\n|\n|-heal|p2a: Cresselia|30\/100|[from] item: Leftovers\n|-damage|p1a: Arceus|39\/100|[from] Salt Cure\n|upkeep\n|turn|26\n|\n|t:|1698948857\n|move|p1a: Arceus|Judgment|p2a: Cresselia\n|-damage|p2a: Cresselia|10\/100\n|move|p2a: Cresselia|Moonlight|p2a: Cresselia\n|-heal|p2a: Cresselia|60\/100\n|\n|-heal|p2a: Cresselia|66\/100|[from] item: Leftovers\n|-damage|p1a: Arceus|26\/100|[from] Salt Cure\n|upkeep\n|turn|27\n|\n|t:|1698948861\n|move|p1a: Arceus|Recover|p1a: Arceus\n|-heal|p1a: Arceus|77\/100\n|move|p2a: Cresselia|Stored Power|p1a: Arceus\n|-supereffective|p1a: Arceus\n|-damage|p1a: Arceus|0 fnt\n|faint|p1a: Arceus\n|\n|-heal|p2a: Cresselia|73\/100|[from] item: Leftovers\n|upkeep\n|\n|t:|1698948869\n|switch|p1a: Arcanine|Arcanine-Hisui, F, shiny|88\/100\n|turn|28\n|\n|t:|1698948881\n|move|p1a: Arcanine|Head Smash|p2a: Cresselia\n|-damage|p2a: Cresselia|37\/100\n|move|p2a: Cresselia|Stored Power|p1a: Arcanine\n|-damage|p1a: Arcanine|0 fnt\n|faint|p1a: Arcanine\n|\n|-heal|p2a: Cresselia|43\/100|[from] item: Leftovers\n|upkeep\n|\n|t:|1698948885\n|switch|p1a: Mandibuzz|Mandibuzz, F, shiny|59\/100\n|turn|29\n|\n|t:|1698948888\n|move|p2a: Cresselia|Moonblast|p1a: Mandibuzz\n|-supereffective|p1a: Mandibuzz\n|-damage|p1a: Mandibuzz|0 fnt\n|faint|p1a: Mandibuzz\n|\n|-heal|p2a: Cresselia|49\/100|[from] item: Leftovers\n|upkeep\n|\n|t:|1698948891\n|switch|p1a: Milotic|Milotic, F, shiny|84\/100\n|turn|30\n|\n|t:|1698948895\n|move|p2a: Cresselia|Stored Power|p1a: Milotic\n|-damage|p1a: Milotic|0 fnt\n|faint|p1a: Milotic\n|\n|-heal|p2a: Cresselia|55\/100|[from] item: Leftovers\n|upkeep\n|\n|t:|1698948897\n|switch|p1a: Baxcalibur|Baxcalibur, F|100\/100\n|turn|31\n|\n|t:|1698948903\n|-terastallize|p1a: Baxcalibur|Ice\n|move|p1a: Baxcalibur|Scale Shot|p2a: Cresselia\n|-damage|p2a: Cresselia|47\/100\n|-damage|p2a: Cresselia|39\/100\n|-damage|p2a: Cresselia|31\/100\n|-damage|p2a: Cresselia|23\/100\n|-damage|p2a: Cresselia|15\/100\n|-hitcount|p2a: Cresselia|5\n|-unboost|p1a: Baxcalibur|def|1\n|-boost|p1a: Baxcalibur|spe|1\n|move|p2a: Cresselia|Stored Power|p1a: Baxcalibur\n|-damage|p1a: Baxcalibur|0 fnt\n|faint|p1a: Baxcalibur\n|\n|win|JohnLongGone\n|c|\u2606LadyMaria-Blue|ggs\n","uploadtime":1698948913,"views":15,"p1id":"ladymariablue","p2id":"johnlonggone","formatid":"gen9ubers","rating":0,"private":0,"password":""}