{"id":"gen9ubers-1982880022","p1":"Kinesquared","p2":"TubeKnight","format":"[Gen 9] Ubers","log":"|j|\u2606Kinesquared\n|j|\u2606TubeKnight\n|t:|1699054280\n|gametype|singles\n|player|p1|Kinesquared|scientist-gen4dp|\n|player|p2|TubeKnight|2|\n|teamsize|p1|6\n|teamsize|p2|6\n|gen|9\n|tier|[Gen 9] Ubers\n|rule|Sleep Clause Mod: Limit one foe put to sleep\n|rule|Species Clause: Limit one of each Pok\u00e9mon\n|rule|OHKO Clause: OHKO moves are banned\n|rule|Evasion Items Clause: Evasion items are banned\n|rule|Evasion Moves Clause: Evasion moves are banned\n|rule|Endless Battle Clause: Forcing endless battles is banned\n|rule|HP Percentage Mod: HP is shown in percentages\n|clearpoke\n|poke|p1|Tyranitar, M|\n|poke|p1|Hippowdon, F|\n|poke|p1|Houndstone, F|\n|poke|p1|Garganacl, M|\n|poke|p1|Palkia|\n|poke|p1|Cyclizar, F|\n|poke|p2|Torkoal, F|\n|poke|p2|Chi-Yu|\n|poke|p2|Walking Wake|\n|poke|p2|Lilligant-Hisui, F|\n|poke|p2|Mandibuzz, F|\n|poke|p2|Zacian-*|\n|teampreview\n|inactive|Battle timer is ON: inactive players will automatically lose when time's up. (requested by TubeKnight)\n|c|\u2606TubeKnight|glhf\n|c|\u2606Kinesquared|gl\n|\n|t:|1699054293\n|start\n|switch|p1a: Cyclizar|Cyclizar, F|100\/100\n|switch|p2a: Ze Extinct One|Walking Wake|100\/100\n|turn|1\n|\n|t:|1699054300\n|move|p1a: Cyclizar|Shed Tail|p1a: Cyclizar\n|-start|p1a: Cyclizar|Substitute|[from] move: Shed Tail\n|-damage|p1a: Cyclizar|50\/100\n|\n|t:|1699054305\n|switch|p1a: Palkia|Palkia|100\/100|[from] Shed Tail\n|-ability|p1a: Palkia|Pressure\n|move|p2a: Ze Extinct One|Flip Turn|p1a: Palkia\n|-resisted|p1a: Palkia\n|-activate|p1a: Palkia|move: Substitute|[damage]\n|\n|t:|1699054313\n|-end|p2a: Ze Extinct One|Protosynthesis|[silent]\n|switch|p2a: Ze Dog|Zacian, shiny|100\/100|[from] Flip Turn\n|-ability|p2a: Ze Dog|Intrepid Sword|boost\n|-boost|p2a: Ze Dog|atk|1\n|\n|upkeep\n|turn|2\n|\n|t:|1699054320\n|move|p2a: Ze Dog|Play Rough|p1a: Palkia\n|-supereffective|p1a: Palkia\n|-end|p1a: Palkia|Substitute\n|move|p1a: Palkia|Hydro Pump|p2a: Ze Dog\n|-damage|p2a: Ze Dog|35\/100\n|\n|upkeep\n|turn|3\n|\n|t:|1699054330\n|switch|p1a: Garganacl|Garganacl, M|100\/100\n|move|p2a: Ze Dog|Play Rough|p1a: Garganacl\n|-damage|p1a: Garganacl|67\/100\n|\n|-heal|p1a: Garganacl|73\/100|[from] item: Leftovers\n|upkeep\n|turn|4\n|\n|t:|1699054337\n|switch|p2a: Ze Turtle|Torkoal, F, shiny|100\/100\n|-weather|SunnyDay|[from] ability: Drought|[of] p2a: Ze Turtle\n|move|p1a: Garganacl|Protect||[still]\n|-fail|p1a: Garganacl\n|\n|-weather|SunnyDay|[upkeep]\n|-heal|p1a: Garganacl|79\/100|[from] item: Leftovers\n|upkeep\n|turn|5\n|c|\u2606TubeKnight|hmm\n|\n|t:|1699054359\n|move|p1a: Garganacl|Stealth Rock|p2a: Ze Turtle\n|-sidestart|p2: TubeKnight|move: Stealth Rock\n|move|p2a: Ze Turtle|Yawn|p1a: Garganacl\n|-immune|p1a: Garganacl|[from] ability: Purifying Salt\n|\n|-weather|SunnyDay|[upkeep]\n|-heal|p1a: Garganacl|85\/100|[from] item: Leftovers\n|upkeep\n|turn|6\n|c|\u2606TubeKnight|does this work\n|c|\u2606TubeKnight|apparently not\n|c|\u2606Kinesquared|i guess not lol\n|\n|t:|1699054369\n|move|p1a: Garganacl|Salt Cure|p2a: Ze Turtle\n|-supereffective|p2a: Ze Turtle\n|-damage|p2a: Ze Turtle|83\/100\n|-start|p2a: Ze Turtle|Salt Cure\n|move|p2a: Ze Turtle|Rapid Spin|p1a: Garganacl\n|-resisted|p1a: Garganacl\n|-damage|p1a: Garganacl|83\/100\n|-boost|p2a: Ze Turtle|spe|1\n|-sideend|p2: TubeKnight|Stealth Rock|[from] move: Rapid Spin|[of] p2a: Ze Turtle\n|\n|-weather|SunnyDay|[upkeep]\n|-heal|p1a: Garganacl|89\/100|[from] item: Leftovers\n|-damage|p2a: Ze Turtle|71\/100|[from] Salt Cure\n|upkeep\n|turn|7\n|\n|t:|1699054379\n|switch|p2a: Ze Extinct One|Walking Wake|100\/100\n|-activate|p2a: Ze Extinct One|ability: Protosynthesis\n|-start|p2a: Ze Extinct One|protosynthesisspe\n|move|p1a: Garganacl|Stealth Rock|p2a: Ze Extinct One\n|-sidestart|p2: TubeKnight|move: Stealth Rock\n|\n|-weather|SunnyDay|[upkeep]\n|-heal|p1a: Garganacl|96\/100|[from] item: Leftovers\n|upkeep\n|turn|8\n|\n|t:|1699054394\n|switch|p1a: Tyranitar|Tyranitar, M|100\/100\n|-weather|Sandstorm|[from] ability: Sand Stream|[of] p1a: Tyranitar\n|-end|p2a: Ze Extinct One|Protosynthesis\n|move|p2a: Ze Extinct One|Hydro Steam|p1a: Tyranitar\n|-supereffective|p1a: Tyranitar\n|-damage|p1a: Tyranitar|22\/100\n|\n|-weather|Sandstorm|[upkeep]\n|-damage|p2a: Ze Extinct One|94\/100|[from] Sandstorm\n|-heal|p1a: Tyranitar|29\/100|[from] item: Leftovers\n|upkeep\n|turn|9\n|\n|t:|1699054405\n|switch|p1a: Garganacl|Garganacl, M|96\/100\n|move|p2a: Ze Extinct One|Hydro Steam|p1a: Garganacl\n|-supereffective|p1a: Garganacl\n|-damage|p1a: Garganacl|20\/100\n|\n|-weather|Sandstorm|[upkeep]\n|-damage|p2a: Ze Extinct One|88\/100|[from] Sandstorm\n|-heal|p1a: Garganacl|26\/100|[from] item: Leftovers\n|upkeep\n|turn|10\n|c|\u2606Kinesquared|yikes\n|c|\u2606Kinesquared|i overestimated my garg\n|\n|t:|1699054419\n|switch|p1a: Palkia|Palkia|100\/100\n|-ability|p1a: Palkia|Pressure\n|move|p2a: Ze Extinct One|Hydro Steam|p1a: Palkia\n|-resisted|p1a: Palkia\n|-crit|p1a: Palkia\n|-damage|p1a: Palkia|81\/100\n|\n|-weather|Sandstorm|[upkeep]\n|-damage|p2a: Ze Extinct One|82\/100|[from] Sandstorm\n|-damage|p1a: Palkia|75\/100|[from] Sandstorm\n|-heal|p1a: Palkia|81\/100|[from] item: Leftovers\n|upkeep\n|turn|11\n|\n|t:|1699054431\n|-end|p2a: Ze Extinct One|Protosynthesis|[silent]\n|switch|p2a: Ze Turtle|Torkoal, F, shiny|71\/100\n|-damage|p2a: Ze Turtle|46\/100|[from] Stealth Rock\n|-weather|SunnyDay|[from] ability: Drought|[of] p2a: Ze Turtle\n|move|p1a: Palkia|Scale Shot|p2a: Ze Turtle\n|-damage|p2a: Ze Turtle|40\/100\n|-damage|p2a: Ze Turtle|34\/100\n|-damage|p2a: Ze Turtle|28\/100\n|-damage|p2a: Ze Turtle|22\/100\n|-hitcount|p2a: Ze Turtle|4\n|-unboost|p1a: Palkia|def|1\n|-boost|p1a: Palkia|spe|1\n|\n|-weather|SunnyDay|[upkeep]\n|-heal|p1a: Palkia|87\/100|[from] item: Leftovers\n|upkeep\n|turn|12\n|c|\u2606TubeKnight|??\n|inactive|TubeKnight has 270 seconds left.\n|\n|t:|1699054480\n|switch|p2a: Mandibuzz|Mandibuzz, F|100\/100\n|move|p1a: Palkia|Fire Blast|p2a: Mandibuzz\n|-damage|p2a: Mandibuzz|44\/100\n|\n|-weather|SunnyDay|[upkeep]\n|-heal|p1a: Palkia|93\/100|[from] item: Leftovers\n|upkeep\n|turn|13\n|\n|t:|1699054489\n|move|p1a: Palkia|Spacial Rend|p2a: Mandibuzz\n|-damage|p2a: Mandibuzz|0 fnt\n|faint|p2a: Mandibuzz\n|\n|-weather|SunnyDay|[upkeep]\n|-heal|p1a: Palkia|99\/100|[from] item: Leftovers\n|upkeep\n|\n|t:|1699054501\n|switch|p2a: Ze Extinct One|Walking Wake|82\/100\n|-damage|p2a: Ze Extinct One|70\/100|[from] Stealth Rock\n|-activate|p2a: Ze Extinct One|ability: Protosynthesis\n|-start|p2a: Ze Extinct One|protosynthesisspe\n|turn|14\n|\n|t:|1699054515\n|switch|p1a: Tyranitar|Tyranitar, M|29\/100\n|-weather|Sandstorm|[from] ability: Sand Stream|[of] p1a: Tyranitar\n|-end|p2a: Ze Extinct One|Protosynthesis\n|move|p2a: Ze Extinct One|Dragon Pulse|p1a: Tyranitar\n|-damage|p1a: Tyranitar|0 fnt\n|faint|p1a: Tyranitar\n|\n|-weather|Sandstorm|[upkeep]\n|-damage|p2a: Ze Extinct One|63\/100|[from] Sandstorm\n|upkeep\n|\n|t:|1699054535\n|switch|p1a: Garganacl|Garganacl, M|26\/100\n|turn|15\n|\n|t:|1699054540\n|move|p1a: Garganacl|Protect|p1a: Garganacl\n|-singleturn|p1a: Garganacl|Protect\n|move|p2a: Ze Extinct One|Dragon Pulse|p1a: Garganacl\n|-activate|p1a: Garganacl|move: Protect\n|\n|-weather|Sandstorm|[upkeep]\n|-damage|p2a: Ze Extinct One|57\/100|[from] Sandstorm\n|-heal|p1a: Garganacl|32\/100|[from] item: Leftovers\n|upkeep\n|turn|16\n|\n|t:|1699054559\n|switch|p1a: Cyclizar|Cyclizar, F|50\/100\n|move|p2a: Ze Extinct One|Dragon Pulse|p1a: Cyclizar\n|-supereffective|p1a: Cyclizar\n|-damage|p1a: Cyclizar|0 fnt\n|faint|p1a: Cyclizar\n|\n|-weather|Sandstorm|[upkeep]\n|-damage|p2a: Ze Extinct One|51\/100|[from] Sandstorm\n|upkeep\n|\n|t:|1699054569\n|switch|p1a: Houndstone|Houndstone, F|100\/100\n|turn|17\n|c|\u2606TubeKnight|walking wake is actually pretty damn strong\n|\n|t:|1699054578\n|-end|p2a: Ze Extinct One|Protosynthesis|[silent]\n|switch|p2a: Ze Feesh|Chi-Yu|100\/100\n|-damage|p2a: Ze Feesh|76\/100|[from] Stealth Rock\n|-ability|p2a: Ze Feesh|Beads of Ruin\n|move|p1a: Houndstone|Poltergeist|p2a: Ze Feesh\n|-activate|p2a: Ze Feesh|move: Poltergeist|Choice Scarf\n|-resisted|p2a: Ze Feesh\n|-damage|p2a: Ze Feesh|15\/100\n|\n|-weather|Sandstorm|[upkeep]\n|-damage|p2a: Ze Feesh|9\/100|[from] Sandstorm\n|upkeep\n|turn|18\n|c|\u2606Kinesquared|yupp\n|\n|t:|1699054591\n|move|p2a: Ze Feesh|Dark Pulse|p1a: Houndstone\n|-supereffective|p1a: Houndstone\n|-damage|p1a: Houndstone|0 fnt\n|faint|p1a: Houndstone\n|\n|-weather|none\n|upkeep\n|c|\u2606TubeKnight|not max speed?\n|c|\u2606Kinesquared|o yikes\n|c|\u2606Kinesquared|yea adamant\n|c|\u2606Kinesquared|i should fix that\n|c|\u2606TubeKnight|yeah\n|inactive|Kinesquared has 270 seconds left.\n|\n|t:|1699054615\n|switch|p1a: Palkia|Palkia|99\/100\n|-ability|p1a: Palkia|Pressure\n|turn|19\n|\n|t:|1699054625\n|move|p2a: Ze Feesh|Dark Pulse|p1a: Palkia\n|-damage|p1a: Palkia|51\/100\n|move|p1a: Palkia|Scale Shot|p2a: Ze Feesh\n|-damage|p2a: Ze Feesh|0 fnt\n|faint|p2a: Ze Feesh\n|-hitcount|p2: Ze Feesh|1\n|-unboost|p1a: Palkia|def|1\n|-boost|p1a: Palkia|spe|1\n|\n|-heal|p1a: Palkia|57\/100|[from] item: Leftovers\n|upkeep\n|\n|t:|1699054632\n|switch|p2a: Ze Turtle|Torkoal, F, shiny|22\/100\n|-damage|p2a: Ze Turtle|0 fnt|[from] Stealth Rock\n|faint|p2a: Ze Turtle\n|c|\u2606Kinesquared|no sun?\n|c|\u2606TubeKnight|i hate that that doesnt work\n|c|\u2606Kinesquared|lol\n|inactive|TubeKnight has 270 seconds left.\n|\n|t:|1699054673\n|switch|p2a: Ze Fleur|Lilligant-Hisui, F, shiny|100\/100\n|-damage|p2a: Ze Fleur|94\/100|[from] Stealth Rock\n|turn|20\n|\n|t:|1699054682\n|move|p1a: Palkia|Fire Blast|p2a: Ze Fleur\n|-supereffective|p2a: Ze Fleur\n|-damage|p2a: Ze Fleur|0 fnt\n|faint|p2a: Ze Fleur\n|\n|-heal|p1a: Palkia|63\/100|[from] item: Leftovers\n|upkeep\n|\n|t:|1699054686\n|switch|p2a: Ze Extinct One|Walking Wake|51\/100\n|-damage|p2a: Ze Extinct One|39\/100|[from] Stealth Rock\n|turn|21\n|\n|t:|1699054693\n|-terastallize|p2a: Ze Extinct One|Fire\n|move|p1a: Palkia|Spacial Rend|p2a: Ze Extinct One\n|-damage|p2a: Ze Extinct One|0 fnt\n|faint|p2a: Ze Extinct One\n|-end|p2a: Ze Extinct One|Protosynthesis|[silent]\n|\n|-heal|p1a: Palkia|69\/100|[from] item: Leftovers\n|upkeep\n|\n|t:|1699054698\n|switch|p2a: Ze Dog|Zacian, shiny|35\/100\n|-damage|p2a: Ze Dog|22\/100|[from] Stealth Rock\n|turn|22\n|c|\u2606Kinesquared|gg\n|c|\u2606TubeKnight|gg\n|\n|t:|1699054707\n|move|p1a: Palkia|Fire Blast|p2a: Ze Dog\n|-damage|p2a: Ze Dog|0 fnt\n|faint|p2a: Ze Dog\n|\n|win|Kinesquared\n","uploadtime":1699054714,"views":11,"p1id":"kinesquared","p2id":"tubeknight","formatid":"gen9ubers","rating":0,"private":0,"password":""}