{"id":"gen9ubers-1990928295","p1":"Sychillz","p2":"Chris webbers","format":"[Gen 9] Ubers","log":"|j|\u2606Sychillz\n|j|\u2606Chris webbers\n|t:|1700016167\n|gametype|singles\n|player|p1|Sychillz|beauty-gen4dp|\n|player|p2|Chris webbers|lucas|\n|teamsize|p1|6\n|teamsize|p2|6\n|gen|9\n|tier|[Gen 9] Ubers\n|rated|Tournament battle\n|rule|Sleep Clause Mod: Limit one foe put to sleep\n|rule|Species Clause: Limit one of each Pok\u00e9mon\n|rule|OHKO Clause: OHKO moves are banned\n|rule|Evasion Items Clause: Evasion items are banned\n|rule|Evasion Moves Clause: Evasion moves are banned\n|rule|Endless Battle Clause: Forcing endless battles is banned\n|rule|HP Percentage Mod: HP is shown in percentages\n|clearpoke\n|poke|p1|Espathra, M|\n|poke|p1|Miraidon|\n|poke|p1|Zacian-*|\n|poke|p1|Groudon|\n|poke|p1|Blissey, F|\n|poke|p1|Gliscor, F|\n|poke|p2|Miraidon|\n|poke|p2|Zacian-*|\n|poke|p2|Arceus-Fairy|\n|poke|p2|Skeledirge, F|\n|poke|p2|Giratina-Origin|\n|poke|p2|Ting-Lu|\n|teampreview\n|inactive|Battle timer is ON: inactive players will automatically lose when time's up. (requested by Chris webbers)\n|c|\u2606Sychillz|the croc\n|c|\u2606Sychillz|whomp\n|\n|t:|1700016188\n|start\n|switch|p1a: sides like chanel|Gliscor, F|100\/100\n|switch|p2a: Skeledirge|Skeledirge, F|100\/100\n|turn|1\n|\n|t:|1700016196\n|move|p1a: sides like chanel|Toxic|p2a: Skeledirge\n|-status|p2a: Skeledirge|tox\n|move|p2a: Skeledirge|Will-O-Wisp|p1a: sides like chanel\n|-status|p1a: sides like chanel|brn\n|\n|-damage|p2a: Skeledirge|94\/100 tox|[from] psn\n|-damage|p1a: sides like chanel|94\/100 brn|[from] brn\n|upkeep\n|turn|2\n|\n|t:|1700016211\n|switch|p1a: fight stories to|Groudon|100\/100\n|-weather|SunnyDay|[from] ability: Drought|[of] p1a: fight stories to\n|move|p2a: Skeledirge|Hex|p1a: fight stories to\n|-damage|p1a: fight stories to|78\/100\n|\n|-weather|SunnyDay|[upkeep]\n|-heal|p1a: fight stories to|84\/100|[from] item: Leftovers\n|-damage|p2a: Skeledirge|82\/100 tox|[from] psn\n|upkeep\n|turn|3\n|\n|t:|1700016217\n|switch|p2a: Giratina|Giratina-Origin|100\/100\n|move|p1a: fight stories to|Precipice Blades|p2a: Giratina\n|-immune|p2a: Giratina|[from] ability: Levitate\n|\n|-weather|SunnyDay|[upkeep]\n|-heal|p1a: fight stories to|90\/100|[from] item: Leftovers\n|upkeep\n|turn|4\n|\n|t:|1700016220\n|move|p2a: Giratina|Will-O-Wisp|p1a: fight stories to\n|-status|p1a: fight stories to|brn\n|move|p1a: fight stories to|Will-O-Wisp|p2a: Giratina\n|-status|p2a: Giratina|brn\n|\n|-weather|SunnyDay|[upkeep]\n|-heal|p1a: fight stories to|97\/100 brn|[from] item: Leftovers\n|-damage|p2a: Giratina|94\/100 brn|[from] brn\n|-damage|p1a: fight stories to|90\/100 brn|[from] brn\n|upkeep\n|turn|5\n|\n|t:|1700016225\n|move|p2a: Giratina|Hex|p1a: fight stories to\n|-damage|p1a: fight stories to|25\/100 brn\n|move|p1a: fight stories to|Spikes|p2a: Giratina\n|-sidestart|p2: Chris webbers|Spikes\n|\n|-weather|SunnyDay|[upkeep]\n|-heal|p1a: fight stories to|31\/100 brn|[from] item: Leftovers\n|-damage|p2a: Giratina|88\/100 brn|[from] brn\n|-damage|p1a: fight stories to|25\/100 brn|[from] brn\n|upkeep\n|turn|6\n|j| pokemonisrigged725\n|c|\u2606Sychillz|have sub drge trum\n|c|\u2606Sychillz|a\n|c|\u2606Sychillz|such a scary set\n|\n|t:|1700016246\n|move|p2a: Giratina|Defog|p1a: fight stories to\n|-unboost|p1a: fight stories to|evasion|1\n|-sideend|p2: Chris webbers|Spikes|[from] move: Defog|[of] p2a: Giratina\n|move|p1a: fight stories to|Spikes|p2a: Giratina\n|-sidestart|p2: Chris webbers|Spikes\n|\n|-weather|none\n|-heal|p1a: fight stories to|31\/100 brn|[from] item: Leftovers\n|-damage|p2a: Giratina|82\/100 brn|[from] brn\n|-damage|p1a: fight stories to|25\/100 brn|[from] brn\n|upkeep\n|turn|7\n|c| pokemonisrigged725|Apologies,the team genuinely looked like stall\n|c|\u2606Sychillz|no problem\n|\n|t:|1700016267\n|move|p2a: Giratina|Dragon Tail|p1a: fight stories to\n|-damage|p1a: fight stories to|19\/100 brn\n|drag|p1a: tell i see both|Blissey, F|100\/100\n|\n|-damage|p2a: Giratina|76\/100 brn|[from] brn\n|upkeep\n|turn|8\n|\n|t:|1700016277\n|move|p2a: Giratina|Defog|p1a: tell i see both\n|-unboost|p1a: tell i see both|evasion|1\n|-sideend|p2: Chris webbers|Spikes|[from] move: Defog|[of] p2a: Giratina\n|move|p1a: tell i see both|Stealth Rock|p2a: Giratina\n|-sidestart|p2: Chris webbers|move: Stealth Rock\n|\n|-damage|p2a: Giratina|70\/100 brn|[from] brn\n|upkeep\n|turn|9\n|\n|t:|1700016284\n|switch|p1a: like a girl|Miraidon|100\/100\n|-fieldstart|move: Electric Terrain|[from] ability: Hadron Engine|[of] p1a: like a girl\n|move|p2a: Giratina|Defog|p1a: like a girl\n|-unboost|p1a: like a girl|evasion|1\n|-sideend|p2: Chris webbers|Stealth Rock|[from] move: Defog|[of] p2a: Giratina\n|-fieldend|move: Electric Terrain\n|\n|-damage|p2a: Giratina|63\/100 brn|[from] brn\n|upkeep\n|turn|10\n|\n|t:|1700016289\n|switch|p2a: Ting-Lu|Ting-Lu|100\/100\n|-ability|p2a: Ting-Lu|Vessel of Ruin\n|move|p1a: like a girl|Substitute|p1a: like a girl\n|-start|p1a: like a girl|Substitute\n|-damage|p1a: like a girl|76\/100\n|\n|upkeep\n|turn|11\n|\n|t:|1700016293\n|move|p1a: like a girl|Draco Meteor|p2a: Ting-Lu\n|-damage|p2a: Ting-Lu|65\/100\n|-unboost|p1a: like a girl|spa|2\n|-enditem|p2a: Ting-Lu|Eject Button\n|-damage|p1a: like a girl|66\/100|[from] item: Life Orb\n|\n|t:|1700016298\n|switch|p2a: Arceus|Arceus-Fairy|100\/100\n|\n|upkeep\n|turn|12\n|\n|t:|1700016307\n|switch|p1a: tell i see both|Blissey, F|100\/100\n|move|p2a: Arceus|Calm Mind|p2a: Arceus\n|-boost|p2a: Arceus|spa|1\n|-boost|p2a: Arceus|spd|1\n|\n|upkeep\n|turn|13\n|\n|t:|1700016314\n|-terastallize|p2a: Arceus|Poison\n|move|p2a: Arceus|Calm Mind|p2a: Arceus\n|-boost|p2a: Arceus|spa|1\n|-boost|p2a: Arceus|spd|1\n|move|p1a: tell i see both|Thunder Wave|p2a: Arceus\n|-status|p2a: Arceus|par\n|\n|upkeep\n|turn|14\n|\n|t:|1700016318\n|move|p1a: tell i see both|Seismic Toss|p2a: Arceus\n|-damage|p2a: Arceus|78\/100 par\n|cant|p2a: Arceus|par\n|\n|upkeep\n|turn|15\n|\n|t:|1700016320\n|move|p1a: tell i see both|Seismic Toss|p2a: Arceus\n|-damage|p2a: Arceus|55\/100 par\n|move|p2a: Arceus|Judgment|p1a: tell i see both\n|-damage|p1a: tell i see both|70\/100\n|\n|upkeep\n|turn|16\n|\n|t:|1700016323\n|move|p1a: tell i see both|Seismic Toss|p2a: Arceus\n|-damage|p2a: Arceus|33\/100 par\n|move|p2a: Arceus|Recover|p2a: Arceus\n|-heal|p2a: Arceus|83\/100 par\n|\n|upkeep\n|turn|17\n|\n|t:|1700016327\n|switch|p2a: Zacian|Zacian-Crowned|100\/100\n|-ability|p2a: Zacian|Intrepid Sword|boost\n|-boost|p2a: Zacian|atk|1\n|move|p1a: tell i see both|Seismic Toss|p2a: Zacian\n|-damage|p2a: Zacian|70\/100\n|\n|upkeep\n|turn|18\n|\n|t:|1700016331\n|switch|p1a: fight stories to|Groudon|19\/100 brn\n|-weather|SunnyDay|[from] ability: Drought|[of] p1a: fight stories to\n|move|p2a: Zacian|Behemoth Blade|p1a: fight stories to\n|-damage|p1a: fight stories to|0 fnt\n|faint|p1a: fight stories to\n|\n|-weather|SunnyDay|[upkeep]\n|upkeep\n|\n|t:|1700016339\n|switch|p1a: sides like chanel|Gliscor, F|94\/100 brn\n|turn|19\n|\n|t:|1700016341\n|move|p2a: Zacian|Swords Dance|p2a: Zacian\n|-boost|p2a: Zacian|atk|2\n|move|p1a: sides like chanel|Earthquake|p2a: Zacian\n|-supereffective|p2a: Zacian\n|-damage|p2a: Zacian|39\/100\n|\n|-weather|SunnyDay|[upkeep]\n|-damage|p1a: sides like chanel|88\/100 brn|[from] brn\n|upkeep\n|turn|20\n|\n|t:|1700016344\n|move|p2a: Zacian|Behemoth Blade|p1a: sides like chanel\n|-damage|p1a: sides like chanel|5\/100 brn\n|move|p1a: sides like chanel|Earthquake|p2a: Zacian\n|-supereffective|p2a: Zacian\n|-damage|p2a: Zacian|10\/100\n|\n|-weather|SunnyDay|[upkeep]\n|-damage|p1a: sides like chanel|0 fnt|[from] brn\n|faint|p1a: sides like chanel\n|upkeep\n|\n|t:|1700016359\n|switch|p1a: and he got|Zacian|100\/100\n|-ability|p1a: and he got|Intrepid Sword|boost\n|-boost|p1a: and he got|atk|1\n|turn|21\n|\n|t:|1700016371\n|-terastallize|p1a: and he got|Dark\n|move|p2a: Zacian|Behemoth Blade|p1a: and he got\n|-damage|p1a: and he got|0 fnt\n|faint|p1a: and he got\n|\n|-weather|SunnyDay|[upkeep]\n|upkeep\n|c|\u2606Sychillz|gg\n|\n|t:|1700016384\n|switch|p1a: like a girl|Miraidon|66\/100\n|-fieldstart|move: Electric Terrain|[from] ability: Hadron Engine|[of] p1a: like a girl\n|turn|22\n|\n|t:|1700016388\n|move|p2a: Zacian|Behemoth Blade|p1a: like a girl\n|-resisted|p1a: like a girl\n|-damage|p1a: like a girl|0 fnt\n|faint|p1a: like a girl\n|\n|-weather|none\n|upkeep\n|\n|t:|1700016390\n|switch|p1a: i got pretty|Espathra, M|100\/100\n|-enditem|p1a: i got pretty|Electric Seed\n|-boost|p1a: i got pretty|def|1|[from] item: Electric Seed\n|turn|23\n|\n|t:|1700016398\n|move|p2a: Zacian|Behemoth Blade|p1a: i got pretty\n|-crit|p1a: i got pretty\n|-damage|p1a: i got pretty|0 fnt\n|faint|p1a: i got pretty\n|\n|upkeep\n|\n|t:|1700016401\n|switch|p1a: tell i see both|Blissey, F|70\/100\n|turn|24\n|\n|t:|1700016403\n|move|p2a: Zacian|Behemoth Blade|p1a: tell i see both\n|-damage|p1a: tell i see both|0 fnt\n|faint|p1a: tell i see both\n|\n|win|Chris webbers\n|n|\u2606Sychillz|sychillz\n|n|\u2606Chris webbers|chriswebbers\n|n| pokemonisrigged725|pokemonisrigged725\n","uploadtime":1700016404,"views":8,"p1id":"sychillz","p2id":"chriswebbers","formatid":"gen9ubers","rating":0,"private":0,"password":""}