{"id":"gen9ubers-1996366674","p1":"TheApexSinister","p2":"TerromeF","format":"[Gen 9] Ubers","log":"|j|\u2606TheApexSinister\n|j|\u2606TerromeF\n|t:|1700675220\n|gametype|singles\n|player|p1|TheApexSinister|266|\n|player|p2|TerromeF|170|\n|teamsize|p1|6\n|teamsize|p2|6\n|gen|9\n|tier|[Gen 9] Ubers\n|rule|Sleep Clause Mod: Limit one foe put to sleep\n|rule|Species Clause: Limit one of each Pok\u00e9mon\n|rule|OHKO Clause: OHKO moves are banned\n|rule|Evasion Items Clause: Evasion items are banned\n|rule|Evasion Moves Clause: Evasion moves are banned\n|rule|Endless Battle Clause: Forcing endless battles is banned\n|rule|HP Percentage Mod: HP is shown in percentages\n|clearpoke\n|poke|p1|Sneasler, M|\n|poke|p1|Indeedee-F, F|\n|poke|p1|Armarouge, F|\n|poke|p1|Urshifu-*, M|\n|poke|p1|Chien-Pao|\n|poke|p1|Tornadus, M|\n|poke|p2|Arceus-Fighting|\n|poke|p2|Ogerpon-Hearthflame, F|\n|poke|p2|Sneasler, F|\n|poke|p2|Darkrai|\n|poke|p2|Iron Bundle|\n|poke|p2|Kyogre|\n|teampreview\n|\n|t:|1700675230\n|start\n|switch|p1a: Urshifu|Urshifu-Rapid-Strike, M|100\/100\n|switch|p2a: Sneasler|Sneasler, F|100\/100\n|turn|1\n|\n|t:|1700675244\n|-terastallize|p1a: Urshifu|Water\n|move|p2a: Sneasler|Fake Out|p1a: Urshifu\n|-damage|p1a: Urshifu|85\/100\n|cant|p1a: Urshifu|flinch\n|\n|upkeep\n|turn|2\n|\n|t:|1700675267\n|move|p1a: Urshifu|Surging Strikes|p2a: Sneasler\n|-crit|p2a: Sneasler\n|-damage|p2a: Sneasler|49\/100\n|-crit|p2a: Sneasler\n|-damage|p2a: Sneasler|0 fnt\n|faint|p2a: Sneasler\n|-hitcount|p2: Sneasler|2\n|\n|upkeep\n|\n|t:|1700675282\n|switch|p2a: Ogerpon|Ogerpon-Hearthflame, F|100\/100\n|-ability|p2a: Ogerpon|Mold Breaker\n|turn|3\n|\n|t:|1700675291\n|move|p2a: Ogerpon|Spiky Shield|p2a: Ogerpon\n|-singleturn|p2a: Ogerpon|move: Protect\n|move|p1a: Urshifu|Surging Strikes|p2a: Ogerpon\n|-crit|p2a: Ogerpon\n|-damage|p2a: Ogerpon|66\/100\n|-crit|p2a: Ogerpon\n|-damage|p2a: Ogerpon|31\/100\n|-crit|p2a: Ogerpon\n|-damage|p2a: Ogerpon|0 fnt\n|faint|p2a: Ogerpon\n|-hitcount|p2: Ogerpon|3\n|\n|upkeep\n|\n|t:|1700675316\n|switch|p2a: Iron Bundle|Iron Bundle|100\/100\n|-enditem|p2a: Iron Bundle|Booster Energy\n|-activate|p2a: Iron Bundle|ability: Quark Drive|[fromitem]\n|-start|p2a: Iron Bundle|quarkdrivespe\n|turn|4\n|\n|t:|1700675325\n|move|p2a: Iron Bundle|Freeze-Dry|p1a: Urshifu\n|-supereffective|p1a: Urshifu\n|-crit|p1a: Urshifu\n|-damage|p1a: Urshifu|0 fnt\n|faint|p1a: Urshifu\n|\n|upkeep\n|\n|t:|1700675336\n|switch|p1a: Armarouge|Armarouge, F|100\/100\n|turn|5\n|\n|t:|1700675343\n|move|p2a: Iron Bundle|Hydro Pump|p1a: Armarouge\n|-supereffective|p1a: Armarouge\n|-enditem|p1a: Armarouge|Focus Sash\n|-damage|p1a: Armarouge|1\/100\n|move|p1a: Armarouge|Armor Cannon|p2a: Iron Bundle\n|-damage|p2a: Iron Bundle|0 fnt\n|-unboost|p1a: Armarouge|def|1\n|-unboost|p1a: Armarouge|spd|1\n|faint|p2a: Iron Bundle\n|-end|p2a: Iron Bundle|Quark Drive|[silent]\n|\n|upkeep\n|\n|t:|1700675363\n|switch|p2a: Kyogre|Kyogre|100\/100\n|-weather|RainDance|[from] ability: Drizzle|[of] p2a: Kyogre\n|turn|6\n|\n|t:|1700675382\n|switch|p1a: Indeedee|Indeedee-F, F|100\/100\n|-fieldstart|move: Psychic Terrain|[from] ability: Psychic Surge|[of] p1a: Indeedee\n|move|p2a: Kyogre|Water Spout|p1a: Indeedee\n|-damage|p1a: Indeedee|0 fnt\n|faint|p1a: Indeedee\n|\n|-weather|RainDance|[upkeep]\n|upkeep\n|\n|t:|1700675390\n|switch|p1a: Sneasler|Sneasler, M|100\/100\n|-enditem|p1a: Sneasler|Psychic Seed\n|-boost|p1a: Sneasler|spd|1|[from] item: Psychic Seed\n|turn|7\n|\n|t:|1700675412\n|move|p1a: Sneasler|Protect|p1a: Sneasler\n|-singleturn|p1a: Sneasler|Protect\n|move|p2a: Kyogre|Water Spout|p1a: Sneasler\n|-activate|p1a: Sneasler|move: Protect\n|\n|-weather|RainDance|[upkeep]\n|upkeep\n|turn|8\n|\n|t:|1700675419\n|move|p1a: Sneasler|Close Combat|p2a: Kyogre\n|-crit|p2a: Kyogre\n|-damage|p2a: Kyogre|0 fnt\n|-unboost|p1a: Sneasler|def|1\n|-unboost|p1a: Sneasler|spd|1\n|faint|p2a: Kyogre\n|\n|-weather|RainDance|[upkeep]\n|upkeep\n|\n|t:|1700675440\n|switch|p2a: Arceus|Arceus-Fighting|100\/100\n|turn|9\n|\n|t:|1700675448\n|move|p1a: Sneasler|Dire Claw|p2a: Arceus\n|-damage|p2a: Arceus|75\/100\n|move|p2a: Arceus|Cosmic Power|p2a: Arceus\n|-boost|p2a: Arceus|def|1\n|-boost|p2a: Arceus|spd|1\n|\n|-weather|RainDance|[upkeep]\n|upkeep\n|turn|10\n|\n|t:|1700675464\n|move|p1a: Sneasler|Dire Claw|p2a: Arceus\n|-damage|p2a: Arceus|56\/100\n|-status|p2a: Arceus|par\n|move|p2a: Arceus|Cosmic Power|p2a: Arceus\n|-boost|p2a: Arceus|def|1\n|-boost|p2a: Arceus|spd|1\n|\n|-weather|none\n|-fieldend|move: Psychic Terrain\n|upkeep\n|turn|11\n|\n|t:|1700675478\n|move|p1a: Sneasler|Close Combat|p2a: Arceus\n|-damage|p2a: Arceus|35\/100 par\n|-unboost|p1a: Sneasler|def|1\n|-unboost|p1a: Sneasler|spd|1\n|cant|p2a: Arceus|par\n|\n|upkeep\n|turn|12\n|\n|t:|1700675486\n|move|p1a: Sneasler|Dire Claw|p2a: Arceus\n|-damage|p2a: Arceus|22\/100 par\n|move|p2a: Arceus|Stored Power|p1a: Sneasler\n|-supereffective|p1a: Sneasler\n|-damage|p1a: Sneasler|0 fnt\n|faint|p1a: Sneasler\n|\n|upkeep\n|\n|t:|1700675494\n|switch|p1a: Armarouge|Armarouge, F|1\/100\n|turn|13\n|\n|t:|1700675505\n|move|p1a: Armarouge|Armor Cannon|p2a: Arceus\n|-damage|p2a: Arceus|4\/100 par\n|-unboost|p1a: Armarouge|def|1\n|-unboost|p1a: Armarouge|spd|1\n|move|p2a: Arceus|Stored Power|p1a: Armarouge\n|-resisted|p1a: Armarouge\n|-damage|p1a: Armarouge|0 fnt\n|faint|p1a: Armarouge\n|\n|upkeep\n|\n|t:|1700675519\n|switch|p1a: Tornadus|Tornadus, M|100\/100\n|turn|14\n|\n|t:|1700675531\n|move|p1a: Tornadus|Bleakwind Storm|p2a: Arceus\n|-supereffective|p2a: Arceus\n|-damage|p2a: Arceus|0 fnt\n|faint|p2a: Arceus\n|\n|upkeep\n|\n|t:|1700675537\n|switch|p2a: Darkrai|Darkrai|100\/100\n|turn|15\n|\n|t:|1700675546\n|-terastallize|p2a: Darkrai|Ice\n|move|p2a: Darkrai|Dark Void|p1a: Tornadus|[miss]\n|-miss|p2a: Darkrai|p1a: Tornadus\n|move|p1a: Tornadus|Bleakwind Storm|p2a: Darkrai\n|-damage|p2a: Darkrai|13\/100\n|\n|-heal|p2a: Darkrai|19\/100|[from] item: Leftovers\n|upkeep\n|turn|16\n|\n|t:|1700675569\n|move|p2a: Darkrai|Ice Beam|p1a: Tornadus\n|-supereffective|p1a: Tornadus\n|-damage|p1a: Tornadus|0 fnt\n|faint|p1a: Tornadus\n|\n|-heal|p2a: Darkrai|25\/100|[from] item: Leftovers\n|upkeep\n|\n|t:|1700675575\n|switch|p1a: Chien-Pao|Chien-Pao|100\/100\n|-ability|p1a: Chien-Pao|Sword of Ruin\n|turn|17\n|\n|t:|1700675590\n|move|p1a: Chien-Pao|Crunch|p2a: Darkrai\n|-damage|p2a: Darkrai|0 fnt\n|faint|p2a: Darkrai\n|-damage|p1a: Chien-Pao|91\/100|[from] item: Life Orb\n|\n|win|TheApexSinister\n|c|\u2606TheApexSinister|gg\n|l|\u2606TerromeF\n","uploadtime":1700675628,"views":1,"p1id":"theapexsinister","p2id":"terromef","formatid":"gen9ubers","rating":0,"private":0,"password":""}