{"id":"gen9ubers-1999569750","p1":"TTeTyLLloK","p2":"Cetery","format":"[Gen 9] Ubers","log":"|j|\u2606TTeTyLLloK\n|j|\u2606Cetery\n|t:|1701097139\n|gametype|singles\n|player|p1|TTeTyLLloK|bruno|\n|player|p2|Cetery|265|\n|teamsize|p1|6\n|teamsize|p2|6\n|gen|9\n|tier|[Gen 9] Ubers\n|rule|Sleep Clause Mod: Limit one foe put to sleep\n|rule|Species Clause: Limit one of each Pok\u00e9mon\n|rule|OHKO Clause: OHKO moves are banned\n|rule|Evasion Items Clause: Evasion items are banned\n|rule|Evasion Moves Clause: Evasion moves are banned\n|rule|Endless Battle Clause: Forcing endless battles is banned\n|rule|HP Percentage Mod: HP is shown in percentages\n|clearpoke\n|poke|p1|Calyrex-Ice|\n|poke|p1|Kyogre|\n|poke|p1|Arceus-Water|\n|poke|p1|Dialga|\n|poke|p1|Landorus-Therian, M|\n|poke|p1|Rayquaza|\n|poke|p2|Arceus-Ghost|\n|poke|p2|Lilligant-Hisui, F|\n|poke|p2|Groudon|\n|poke|p2|Miraidon|\n|poke|p2|Grimmsnarl, M|\n|poke|p2|Rillaboom, M|\n|teampreview\n|inactive|Battle timer is ON: inactive players will automatically lose when time's up. (requested by TTeTyLLloK)\n|inactive|Cetery has 270 seconds left.\n|\n|t:|1701097171\n|start\n|switch|p1a: Dialga|Dialga|100\/100\n|switch|p2a: Arceus|Arceus-Ghost, shiny|100\/100\n|-ability|p1a: Dialga|Pressure\n|turn|1\n|\n|t:|1701097180\n|move|p2a: Arceus|Swords Dance|p2a: Arceus\n|-boost|p2a: Arceus|atk|2\n|move|p1a: Dialga|Draco Meteor|p2a: Arceus\n|-damage|p2a: Arceus|46\/100\n|-unboost|p1a: Dialga|spa|2\n|\n|upkeep\n|turn|2\n|\n|t:|1701097183\n|switch|p1a: Rayquaza|Rayquaza|100\/100\n|-ability|p1a: Rayquaza|Air Lock\n|move|p2a: Arceus|Recover|p2a: Arceus\n|-heal|p2a: Arceus|96\/100\n|\n|upkeep\n|turn|3\n|\n|t:|1701097187\n|move|p2a: Arceus|Extreme Speed|p1a: Rayquaza\n|-damage|p1a: Rayquaza|41\/100\n|move|p1a: Rayquaza|Dragon Ascent|p2a: Arceus\n|-damage|p2a: Arceus|45\/100\n|-unboost|p1a: Rayquaza|def|1\n|-unboost|p1a: Rayquaza|spd|1\n|\n|upkeep\n|turn|4\n|\n|t:|1701097191\n|move|p2a: Arceus|Extreme Speed|p1a: Rayquaza\n|-damage|p1a: Rayquaza|0 fnt\n|faint|p1a: Rayquaza\n|\n|upkeep\n|\n|t:|1701097206\n|switch|p1a: Calyrex|Calyrex-Ice|100\/100\n|-ability|p1a: Calyrex|As One\n|-ability|p1a: Calyrex|Unnerve\n|turn|5\n|\n|t:|1701097217\n|-terastallize|p1a: Calyrex|Ground\n|move|p2a: Arceus|Recover|p2a: Arceus\n|-heal|p2a: Arceus|95\/100\n|move|p1a: Calyrex|Glacial Lance|p2a: Arceus\n|-damage|p2a: Arceus|34\/100\n|\n|upkeep\n|turn|6\n|\n|t:|1701097226\n|-terastallize|p2a: Arceus|Normal\n|move|p2a: Arceus|Extreme Speed|p1a: Calyrex\n|-damage|p1a: Calyrex|51\/100\n|move|p1a: Calyrex|Glacial Lance|p2a: Arceus\n|-damage|p2a: Arceus|0 fnt\n|faint|p2a: Arceus\n|-ability|p1a: Calyrex|Chilling Neigh|boost\n|-boost|p1a: Calyrex|atk|1\n|\n|-heal|p1a: Calyrex|58\/100|[from] item: Leftovers\n|upkeep\n|\n|t:|1701097233\n|switch|p2a: Lilligant|Lilligant-Hisui, F, shiny|100\/100\n|turn|7\n|\n|t:|1701097238\n|switch|p1a: Landorus|Landorus-Therian, M|100\/100\n|-ability|p1a: Landorus|Intimidate|boost\n|-unboost|p2a: Lilligant|atk|1\n|move|p2a: Lilligant|Leaf Blade|p1a: Landorus\n|-damage|p1a: Landorus|69\/100\n|\n|upkeep\n|turn|8\n|\n|t:|1701097245\n|switch|p2a: Grimmsnarl|Grimmsnarl, M|100\/100\n|move|p1a: Landorus|U-turn|p2a: Grimmsnarl\n|-damage|p2a: Grimmsnarl|75\/100\n|\n|t:|1701097250\n|switch|p1a: Dialga|Dialga|100\/100|[from] U-turn\n|-ability|p1a: Dialga|Pressure\n|\n|upkeep\n|turn|9\n|\n|t:|1701097255\n|move|p2a: Grimmsnarl|Light Screen|p2a: Grimmsnarl\n|-sidestart|p2: Cetery|move: Light Screen\n|move|p1a: Dialga|Flash Cannon|p2a: Grimmsnarl\n|-supereffective|p2a: Grimmsnarl\n|-damage|p2a: Grimmsnarl|29\/100\n|\n|upkeep\n|turn|10\n|\n|t:|1701097261\n|move|p2a: Grimmsnarl|Parting Shot|p1a: Dialga\n|-unboost|p1a: Dialga|atk|1\n|-unboost|p1a: Dialga|spa|1\n|\n|t:|1701097264\n|switch|p2a: Groudon|Groudon, shiny|100\/100|[from] Parting Shot\n|-weather|SunnyDay|[from] ability: Drought|[of] p2a: Groudon\n|move|p1a: Dialga|Flash Cannon|p2a: Groudon\n|-damage|p2a: Groudon|85\/100\n|\n|-weather|SunnyDay|[upkeep]\n|upkeep\n|turn|11\n|\n|t:|1701097270\n|switch|p1a: Landorus|Landorus-Therian, M|69\/100\n|-ability|p1a: Landorus|Intimidate|boost\n|-unboost|p2a: Groudon|atk|1\n|move|p2a: Groudon|Stealth Rock|p1a: Landorus\n|-sidestart|p1: TTeTyLLloK|move: Stealth Rock\n|\n|-weather|SunnyDay|[upkeep]\n|upkeep\n|turn|12\n|\n|t:|1701097278\n|move|p1a: Landorus|Earthquake|p2a: Groudon\n|-damage|p2a: Groudon|50\/100\n|move|p2a: Groudon|Swords Dance|p2a: Groudon\n|-boost|p2a: Groudon|atk|2\n|\n|-weather|SunnyDay|[upkeep]\n|upkeep\n|turn|13\n|\n|t:|1701097288\n|move|p1a: Landorus|Earthquake|p2a: Groudon\n|-damage|p2a: Groudon|12\/100\n|move|p2a: Groudon|Heat Crash|p1a: Landorus\n|-damage|p1a: Landorus|0 fnt\n|faint|p1a: Landorus\n|\n|-weather|SunnyDay|[upkeep]\n|upkeep\n|\n|t:|1701097293\n|switch|p1a: Arceus|Arceus-Water|100\/100\n|-damage|p1a: Arceus|88\/100|[from] Stealth Rock\n|turn|14\n|\n|t:|1701097309\n|switch|p2a: Grimmsnarl|Grimmsnarl, M|29\/100\n|move|p1a: Arceus|Recover|p1a: Arceus\n|-heal|p1a: Arceus|100\/100\n|\n|-weather|SunnyDay|[upkeep]\n|upkeep\n|turn|15\n|\n|t:|1701097317\n|move|p2a: Grimmsnarl|Thunder Wave|p1a: Arceus\n|-status|p1a: Arceus|par\n|move|p1a: Arceus|Judgment|p2a: Grimmsnarl\n|-damage|p2a: Grimmsnarl|18\/100\n|\n|-weather|SunnyDay|[upkeep]\n|upkeep\n|turn|16\n|\n|t:|1701097325\n|move|p2a: Grimmsnarl|Parting Shot|p1a: Arceus\n|-unboost|p1a: Arceus|atk|1\n|-unboost|p1a: Arceus|spa|1\n|\n|t:|1701097327\n|switch|p2a: Miraidon|Miraidon|100\/100|[from] Parting Shot\n|-fieldstart|move: Electric Terrain|[from] ability: Hadron Engine|[of] p2a: Miraidon\n|move|p1a: Arceus|Judgment|p2a: Miraidon\n|-resisted|p2a: Miraidon\n|-damage|p2a: Miraidon|97\/100\n|\n|-weather|SunnyDay|[upkeep]\n|-sideend|p2: Cetery|move: Light Screen\n|upkeep\n|turn|17\n|\n|t:|1701097335\n|switch|p1a: Dialga|Dialga|100\/100\n|-damage|p1a: Dialga|94\/100|[from] Stealth Rock\n|-ability|p1a: Dialga|Pressure\n|move|p2a: Miraidon|Draco Meteor|p1a: Dialga\n|-damage|p1a: Dialga|30\/100\n|-unboost|p2a: Miraidon|spa|2\n|-damage|p2a: Miraidon|87\/100|[from] item: Life Orb\n|\n|-weather|none\n|upkeep\n|turn|18\n|\n|t:|1701097344\n|move|p2a: Miraidon|Volt Switch|p1a: Dialga\n|-resisted|p1a: Dialga\n|-damage|p1a: Dialga|19\/100\n|-damage|p2a: Miraidon|77\/100|[from] item: Life Orb\n|\n|t:|1701097350\n|switch|p2a: Grimmsnarl|Grimmsnarl, M|18\/100|[from] Volt Switch\n|move|p1a: Dialga|Draco Meteor|p2a: Grimmsnarl\n|-immune|p2a: Grimmsnarl\n|\n|upkeep\n|turn|19\n|\n|t:|1701097361\n|move|p2a: Grimmsnarl|Light Screen|p2a: Grimmsnarl\n|-sidestart|p2: Cetery|move: Light Screen\n|move|p1a: Dialga|Flash Cannon|p2a: Grimmsnarl\n|-supereffective|p2a: Grimmsnarl\n|-damage|p2a: Grimmsnarl|0 fnt\n|faint|p2a: Grimmsnarl\n|\n|upkeep\n|\n|t:|1701097369\n|switch|p2a: Lilligant|Lilligant-Hisui, F, shiny|100\/100\n|turn|20\n|\n|t:|1701097376\n|move|p2a: Lilligant|Close Combat|p1a: Dialga\n|-supereffective|p1a: Dialga\n|-damage|p1a: Dialga|0 fnt\n|-unboost|p2a: Lilligant|def|1\n|-unboost|p2a: Lilligant|spd|1\n|faint|p1a: Dialga\n|\n|-fieldend|move: Electric Terrain\n|upkeep\n|\n|t:|1701097379\n|switch|p1a: Calyrex|Calyrex-Ice, tera:Ground|58\/100\n|-ability|p1a: Calyrex|As One\n|-ability|p1a: Calyrex|Unnerve\n|-damage|p1a: Calyrex|51\/100|[from] Stealth Rock\n|turn|21\n|\n|t:|1701097382\n|move|p2a: Lilligant|Leaf Blade|p1a: Calyrex\n|-supereffective|p1a: Calyrex\n|-damage|p1a: Calyrex|4\/100\n|move|p1a: Calyrex|Trick Room|p1a: Calyrex\n|-fieldstart|move: Trick Room|[of] p1a: Calyrex\n|\n|-heal|p1a: Calyrex|10\/100|[from] item: Leftovers\n|upkeep\n|turn|22\n|\n|t:|1701097390\n|move|p1a: Calyrex|Glacial Lance|p2a: Lilligant\n|-supereffective|p2a: Lilligant\n|-enditem|p2a: Lilligant|Focus Sash\n|-damage|p2a: Lilligant|1\/100\n|move|p2a: Lilligant|Leaf Blade|p1a: Calyrex\n|-supereffective|p1a: Calyrex\n|-damage|p1a: Calyrex|0 fnt\n|faint|p1a: Calyrex\n|\n|upkeep\n|\n|t:|1701097393\n|switch|p1a: Arceus|Arceus-Water|100\/100 par\n|-damage|p1a: Arceus|88\/100 par|[from] Stealth Rock\n|turn|23\n|\n|t:|1701097396\n|move|p2a: Lilligant|Protect|p2a: Lilligant\n|-singleturn|p2a: Lilligant|Protect\n|move|p1a: Arceus|Thunderbolt|p2a: Lilligant\n|-activate|p2a: Lilligant|move: Protect\n|\n|upkeep\n|turn|24\n|\n|t:|1701097402\n|switch|p2a: Groudon|Groudon, shiny|12\/100\n|-weather|SunnyDay|[from] ability: Drought|[of] p2a: Groudon\n|move|p1a: Arceus|Judgment|p2a: Groudon\n|-supereffective|p2a: Groudon\n|-damage|p2a: Groudon|0 fnt\n|faint|p2a: Groudon\n|\n|-weather|SunnyDay|[upkeep]\n|upkeep\n|\n|t:|1701097404\n|switch|p2a: Rillaboom|Rillaboom, M|100\/100\n|-fieldstart|move: Grassy Terrain|[from] ability: Grassy Surge|[of] p2a: Rillaboom\n|turn|25\n|\n|t:|1701097411\n|move|p2a: Rillaboom|Grassy Glide|p1a: Arceus\n|-supereffective|p1a: Arceus\n|-damage|p1a: Arceus|29\/100 par\n|move|p1a: Arceus|Thunderbolt|p2a: Rillaboom\n|-resisted|p2a: Rillaboom\n|-damage|p2a: Rillaboom|94\/100\n|\n|-weather|SunnyDay|[upkeep]\n|-heal|p1a: Arceus|35\/100 par|[from] Grassy Terrain\n|-heal|p2a: Rillaboom|99\/100|[from] Grassy Terrain\n|-fieldend|move: Trick Room\n|upkeep\n|turn|26\n|\n|t:|1701097418\n|move|p2a: Rillaboom|Grassy Glide|p1a: Arceus\n|-supereffective|p1a: Arceus\n|-damage|p1a: Arceus|0 fnt\n|faint|p1a: Arceus\n|\n|-weather|SunnyDay|[upkeep]\n|-heal|p2a: Rillaboom|100\/100|[from] Grassy Terrain\n|-sideend|p2: Cetery|move: Light Screen\n|upkeep\n|\n|t:|1701097421\n|switch|p1a: Kyogre|Kyogre|100\/100\n|-damage|p1a: Kyogre|88\/100|[from] Stealth Rock\n|-weather|RainDance|[from] ability: Drizzle|[of] p1a: Kyogre\n|turn|27\n|\n|t:|1701097425\n|move|p2a: Rillaboom|Grassy Glide|p1a: Kyogre\n|-supereffective|p1a: Kyogre\n|-damage|p1a: Kyogre|0 fnt\n|faint|p1a: Kyogre\n|\n|win|Cetery\n|c|\u2606Cetery|\u0421\u043e\u0445\u0440\u0430\u043d\u0438\n|l|\u2606Cetery\n","uploadtime":1701098280,"views":13,"p1id":"ttetylllok","p2id":"cetery","formatid":"gen9ubers","rating":0,"private":0,"password":""}