{"id":"gen9ubers-1987963670","p1":"justinrockin","p2":"RyzEr Chris","format":"[Gen 9] Ubers","log":"|j|\u2606justinrockin\n|j|\u2606RyzEr Chris\n|t:|1699653726\n|gametype|singles\n|player|p1|justinrockin|170|\n|player|p2|RyzEr Chris|1|\n|teamsize|p1|6\n|teamsize|p2|6\n|gen|9\n|tier|[Gen 9] Ubers\n|rule|Sleep Clause Mod: Limit one foe put to sleep\n|rule|Species Clause: Limit one of each Pok\u00e9mon\n|rule|OHKO Clause: OHKO moves are banned\n|rule|Evasion Items Clause: Evasion items are banned\n|rule|Evasion Moves Clause: Evasion moves are banned\n|rule|Endless Battle Clause: Forcing endless battles is banned\n|rule|HP Percentage Mod: HP is shown in percentages\n|clearpoke\n|poke|p1|Volcarona, F|\n|poke|p1|Greninja-*, M|\n|poke|p1|Landorus-Therian, M|\n|poke|p1|Lycanroc-Dusk, M|\n|poke|p1|Regieleki|\n|poke|p1|Zapdos-Galar|\n|poke|p2|Chi-Yu|\n|poke|p2|Baxcalibur, M|\n|poke|p2|Annihilape, F|\n|poke|p2|Eelektross, M|\n|poke|p2|Garganacl, M|\n|poke|p2|Rillaboom, M|\n|teampreview\n|c|\u2606RyzEr Chris|glhf\n|j| Yveltql\n|j| xegrizzy\n|j| MessiMeli\n|c| MessiMeli|justin smells\n|\n|t:|1699653902\n|start\n|switch|p1a: Landorus|Landorus-Therian, M|100\/100\n|switch|p2a: Baxcalibur|Baxcalibur, M|100\/100\n|-ability|p1a: Landorus|Intimidate|boost\n|-unboost|p2a: Baxcalibur|atk|1\n|turn|1\n|\n|t:|1699653956\n|move|p1a: Landorus|Stone Edge|p2a: Baxcalibur|[miss]\n|-miss|p1a: Landorus|p2a: Baxcalibur\n|move|p2a: Baxcalibur|Icicle Spear|p1a: Landorus\n|-supereffective|p1a: Landorus\n|-damage|p1a: Landorus|55\/100\n|-supereffective|p1a: Landorus\n|-damage|p1a: Landorus|10\/100\n|-supereffective|p1a: Landorus\n|-damage|p1a: Landorus|0 fnt\n|faint|p1a: Landorus\n|-hitcount|p1: Landorus|3\n|\n|upkeep\n|\n|t:|1699653982\n|switch|p1a: Lycanroc|Lycanroc-Dusk, M|100\/100\n|turn|2\n|\n|t:|1699654016\n|switch|p2a: Annihilape|Annihilape, F|100\/100\n|move|p1a: Lycanroc|Stone Edge|p2a: Annihilape\n|-resisted|p2a: Annihilape\n|-damage|p2a: Annihilape|61\/100\n|\n|upkeep\n|turn|3\n|c| Yveltql|gotta love stone edge the only 20% accurate move lmao\n|\n|t:|1699654029\n|switch|p1a: Volcarona|Volcarona, F|100\/100\n|move|p2a: Annihilape|Drain Punch|p1a: Volcarona\n|-resisted|p1a: Volcarona\n|-damage|p1a: Volcarona|71\/100\n|-heal|p2a: Annihilape|74\/100|[from] drain|[of] p1a: Volcarona\n|-status|p2a: Annihilape|brn|[from] ability: Flame Body|[of] p1a: Volcarona\n|\n|-damage|p2a: Annihilape|68\/100 brn|[from] brn\n|upkeep\n|turn|4\n|\n|t:|1699654061\n|switch|p2a: Garganacl|Garganacl, M|100\/100\n|move|p1a: Volcarona|Quiver Dance|p1a: Volcarona\n|-boost|p1a: Volcarona|spa|1\n|-boost|p1a: Volcarona|spd|1\n|-boost|p1a: Volcarona|spe|1\n|\n|upkeep\n|turn|5\n|l| Yveltql\n|l| xegrizzy\n|\n|t:|1699654310\n|switch|p1a: Greninja|Greninja, M|100\/100\n|move|p2a: Garganacl|Salt Cure|p1a: Greninja\n|-damage|p1a: Greninja|79\/100\n|-start|p1a: Greninja|Salt Cure\n|\n|-damage|p1a: Greninja|54\/100|[from] Salt Cure\n|upkeep\n|turn|6\n|\n|t:|1699654341\n|switch|p2a: Rillaboom|Rillaboom, M|100\/100\n|-fieldstart|move: Grassy Terrain|[from] ability: Grassy Surge|[of] p2a: Rillaboom\n|move|p1a: Greninja|Ice Beam|p2a: Rillaboom\n|-supereffective|p2a: Rillaboom\n|-damage|p2a: Rillaboom|2\/100\n|-status|p2a: Rillaboom|frz\n|-damage|p1a: Greninja|45\/100|[from] item: Life Orb\n|\n|-heal|p1a: Greninja|51\/100|[from] Grassy Terrain\n|-heal|p2a: Rillaboom|8\/100 frz|[from] Grassy Terrain\n|-damage|p1a: Greninja|26\/100|[from] Salt Cure\n|upkeep\n|turn|7\n|\n|t:|1699654359\n|switch|p1a: Regieleki|Regieleki|100\/100\n|switch|p2a: Eelektross|Eelektross, M|100\/100\n|\n|upkeep\n|turn|8\n|\n|t:|1699654378\n|move|p1a: Regieleki|Light Screen|p1a: Regieleki\n|-sidestart|p1: justinrockin|move: Light Screen\n|move|p2a: Eelektross|U-turn|p1a: Regieleki\n|-damage|p1a: Regieleki|72\/100\n|\n|t:|1699654390\n|switch|p2a: Chi-Yu|Chi-Yu|100\/100|[from] U-turn\n|-ability|p2a: Chi-Yu|Beads of Ruin\n|\n|-heal|p1a: Regieleki|78\/100|[from] Grassy Terrain\n|upkeep\n|turn|9\n|\n|t:|1699654425\n|move|p1a: Regieleki|Reflect|p1a: Regieleki\n|-sidestart|p1: justinrockin|Reflect\n|move|p2a: Chi-Yu|Overheat|p1a: Regieleki\n|-damage|p1a: Regieleki|0 fnt\n|-unboost|p2a: Chi-Yu|spa|2\n|faint|p1a: Regieleki\n|\n|upkeep\n|\n|t:|1699654428\n|switch|p1a: Zapdos|Zapdos-Galar|100\/100\n|turn|10\n|\n|t:|1699654434\n|switch|p2a: Eelektross|Eelektross, M|100\/100\n|move|p1a: Zapdos|Agility|p1a: Zapdos\n|-boost|p1a: Zapdos|spe|2\n|\n|-fieldend|move: Grassy Terrain\n|upkeep\n|turn|11\n|j| curtisthecacnea\n|j| SunShinyReys\n|\n|t:|1699654482\n|move|p1a: Zapdos|Bulk Up|p1a: Zapdos\n|-boost|p1a: Zapdos|atk|1\n|-boost|p1a: Zapdos|def|1\n|move|p2a: Eelektross|Thunder Punch|p1a: Zapdos\n|-supereffective|p1a: Zapdos\n|-damage|p1a: Zapdos|78\/100\n|-status|p1a: Zapdos|par\n|\n|-heal|p1a: Zapdos|84\/100 par|[from] item: Leftovers\n|upkeep\n|turn|12\n|c|\u2606justinrockin|bro\n|\n|t:|1699654516\n|switch|p2a: Annihilape|Annihilape, F|68\/100 brn\n|move|p1a: Zapdos|Agility|p1a: Zapdos\n|-boost|p1a: Zapdos|spe|2\n|\n|-heal|p1a: Zapdos|91\/100 par|[from] item: Leftovers\n|-damage|p2a: Annihilape|62\/100 brn|[from] brn\n|upkeep\n|turn|13\n|\n|t:|1699654526\n|move|p1a: Zapdos|Brave Bird|p2a: Annihilape\n|-supereffective|p2a: Annihilape\n|-damage|p2a: Annihilape|0 fnt\n|faint|p2a: Annihilape\n|-damage|p1a: Zapdos|67\/100 par|[from] Recoil\n|\n|-heal|p1a: Zapdos|74\/100 par|[from] item: Leftovers\n|upkeep\n|j| xegrizzy\n|\n|t:|1699654552\n|switch|p2a: Garganacl|Garganacl, M|100\/100\n|turn|14\n|\n|t:|1699654555\n|move|p1a: Zapdos|Close Combat|p2a: Garganacl\n|-supereffective|p2a: Garganacl\n|-damage|p2a: Garganacl|0 fnt\n|-unboost|p1a: Zapdos|def|1\n|-unboost|p1a: Zapdos|spd|1\n|faint|p2a: Garganacl\n|\n|-heal|p1a: Zapdos|80\/100 par|[from] item: Leftovers\n|upkeep\n|\n|t:|1699654584\n|switch|p2a: Rillaboom|Rillaboom, M|8\/100 frz\n|-fieldstart|move: Grassy Terrain|[from] ability: Grassy Surge|[of] p2a: Rillaboom\n|turn|15\n|\n|t:|1699654615\n|-curestatus|p2a: Rillaboom|frz|[msg]\n|move|p2a: Rillaboom|Grassy Glide|p1a: Zapdos\n|-resisted|p1a: Zapdos\n|-damage|p1a: Zapdos|62\/100 par\n|move|p1a: Zapdos|Close Combat|p2a: Rillaboom\n|-damage|p2a: Rillaboom|0 fnt\n|-unboost|p1a: Zapdos|def|1\n|-unboost|p1a: Zapdos|spd|1\n|faint|p2a: Rillaboom\n|\n|-heal|p1a: Zapdos|69\/100 par|[from] item: Leftovers\n|-sideend|p1: justinrockin|move: Light Screen\n|upkeep\n|\n|t:|1699654645\n|switch|p2a: Eelektross|Eelektross, M|100\/100\n|turn|16\n|\n|t:|1699654657\n|move|p1a: Zapdos|Close Combat|p2a: Eelektross\n|-crit|p2a: Eelektross\n|-damage|p2a: Eelektross|0 fnt\n|-unboost|p1a: Zapdos|def|1\n|-unboost|p1a: Zapdos|spd|1\n|faint|p2a: Eelektross\n|\n|-heal|p1a: Zapdos|75\/100 par|[from] item: Leftovers\n|-sideend|p1: justinrockin|Reflect\n|upkeep\n|c|\u2606RyzEr Chris|gg\n|c|\u2606RyzEr Chris|i think\n|\n|t:|1699654668\n|switch|p2a: Baxcalibur|Baxcalibur, M|100\/100\n|turn|17\n|\n|t:|1699654680\n|move|p1a: Zapdos|Close Combat|p2a: Baxcalibur\n|-supereffective|p2a: Baxcalibur\n|-damage|p2a: Baxcalibur|0 fnt\n|-unboost|p1a: Zapdos|def|1\n|-unboost|p1a: Zapdos|spd|1\n|faint|p2a: Baxcalibur\n|\n|-heal|p1a: Zapdos|81\/100 par|[from] item: Leftovers\n|upkeep\n|\n|t:|1699654688\n|switch|p2a: Chi-Yu|Chi-Yu|100\/100\n|-ability|p2a: Chi-Yu|Beads of Ruin\n|turn|18\n|l| xegrizzy\n|\n|t:|1699654696\n|move|p1a: Zapdos|Close Combat|p2a: Chi-Yu\n|-supereffective|p2a: Chi-Yu\n|-damage|p2a: Chi-Yu|0 fnt\n|-unboost|p1a: Zapdos|def|1\n|-unboost|p1a: Zapdos|spd|1\n|faint|p2a: Chi-Yu\n|\n|win|justinrockin\n|c| SunShinyReys|Where's the PARA???\n|c|\u2606justinrockin|ggs\n|c|\u2606RyzEr Chris|???\n|c| SunShinyReys|This dude dodged all the para chances\n|c|\u2606justinrockin|yea besides the first 10% one\n|c|\u2606justinrockin|made me waste a turn\n|c|\u2606RyzEr Chris|bro\n|c|\u2606RyzEr Chris|if i was smart\n|c|\u2606RyzEr Chris|i dont switch\n|c|\u2606RyzEr Chris|and just dragon tail\n|l| MessiMeli\n|l|\u2606RyzEr Chris\n|l| SunShinyReys\n","uploadtime":1699655146,"views":42,"p1id":"justinrockin","p2id":"ryzerchris","formatid":"gen9ubers","rating":0,"private":0,"password":""}