{"id":"gen9ubers-1969272827","p1":"Thisaintgeo","p2":"OmegaSheep","format":"[Gen 9] Ubers","log":"|j|\u2606Thisaintgeo\n|j|\u2606OmegaSheep\n|t:|1697508460\n|gametype|singles\n|player|p1|Thisaintgeo|gentleman-gen4|\n|player|p2|OmegaSheep|265|\n|teamsize|p1|6\n|teamsize|p2|6\n|gen|9\n|tier|[Gen 9] Ubers\n|rule|Sleep Clause Mod: Limit one foe put to sleep\n|rule|Species Clause: Limit one of each Pok\u00e9mon\n|rule|OHKO Clause: OHKO moves are banned\n|rule|Evasion Items Clause: Evasion items are banned\n|rule|Evasion Moves Clause: Evasion moves are banned\n|rule|Endless Battle Clause: Forcing endless battles is banned\n|rule|HP Percentage Mod: HP is shown in percentages\n|clearpoke\n|poke|p1|Chien-Pao|\n|poke|p1|Enamorus-Therian, F|\n|poke|p1|Ceruledge, F|\n|poke|p1|Sandy Shocks|\n|poke|p1|Dragalge, F|\n|poke|p1|Quaquaval, F|\n|poke|p2|Great Tusk|\n|poke|p2|Walking Wake|\n|poke|p2|Thundurus-Therian, M|\n|poke|p2|Torkoal, F|\n|poke|p2|Weezing-Galar, M|\n|poke|p2|Overqwil, M|\n|teampreview\n|c|\u2606Thisaintgeo|hf\n|\n|t:|1697508516\n|start\n|switch|p1a: Ros\u00e9|Sandy Shocks, shiny|100\/100\n|switch|p2a: Weezing|Weezing-Galar, M|100\/100\n|-ability|p2a: Weezing|Neutralizing Gas\n|turn|1\n|\n|t:|1697508561\n|move|p1a: Ros\u00e9|Stealth Rock|p2a: Weezing\n|-sidestart|p2: OmegaSheep|move: Stealth Rock\n|move|p2a: Weezing|Destiny Bond|p2a: Weezing\n|-singlemove|p2a: Weezing|Destiny Bond\n|\n|upkeep\n|turn|2\n|\n|t:|1697508591\n|-end|p2a: Weezing|ability: Neutralizing Gas\n|switch|p2a: Torkoal|Torkoal, F|100\/100\n|-damage|p2a: Torkoal|75\/100|[from] Stealth Rock\n|-weather|SunnyDay|[from] ability: Drought|[of] p2a: Torkoal\n|-activate|p1a: Ros\u00e9|ability: Protosynthesis\n|-start|p1a: Ros\u00e9|protosynthesisspa\n|move|p1a: Ros\u00e9|Volt Switch|p2a: Torkoal\n|-damage|p2a: Torkoal|12\/100\n|\n|t:|1697508681\n|-end|p1a: Ros\u00e9|Protosynthesis|[silent]\n|switch|p1a: Lalisa|Chien-Pao|100\/100|[from] Volt Switch\n|-ability|p1a: Lalisa|Sword of Ruin\n|\n|-weather|SunnyDay|[upkeep]\n|upkeep\n|turn|3\n|\n|t:|1697508701\n|move|p1a: Lalisa|Ice Spinner|p2a: Torkoal\n|-resisted|p2a: Torkoal\n|-damage|p2a: Torkoal|0 fnt\n|faint|p2a: Torkoal\n|\n|-weather|SunnyDay|[upkeep]\n|upkeep\n|\n|t:|1697508743\n|switch|p2a: Great Tusk|Great Tusk|100\/100\n|-damage|p2a: Great Tusk|98\/100|[from] Stealth Rock\n|-activate|p2a: Great Tusk|ability: Protosynthesis\n|-start|p2a: Great Tusk|protosynthesisatk\n|turn|4\n|\n|t:|1697508791\n|switch|p1a: j-hope|Ceruledge, F|100\/100\n|move|p2a: Great Tusk|Rapid Spin|p1a: j-hope\n|-immune|p1a: j-hope\n|\n|-weather|SunnyDay|[upkeep]\n|upkeep\n|turn|5\n|j| UnstableWeirdness\n|\n|t:|1697508857\n|move|p2a: Great Tusk|Earthquake|p1a: j-hope\n|-supereffective|p1a: j-hope\n|-enditem|p1a: j-hope|Focus Sash\n|-damage|p1a: j-hope|1\/100\n|-ability|p1a: j-hope|Weak Armor|boost\n|-unboost|p1a: j-hope|def|1\n|-boost|p1a: j-hope|spe|2\n|move|p1a: j-hope|Swords Dance|p1a: j-hope\n|-boost|p1a: j-hope|atk|2\n|\n|-weather|SunnyDay|[upkeep]\n|upkeep\n|turn|6\n|\n|t:|1697508887\n|move|p1a: j-hope|Bitter Blade|p2a: Great Tusk\n|-damage|p2a: Great Tusk|0 fnt\n|-heal|p1a: j-hope|63\/100|[from] drain|[of] p2a: Great Tusk\n|faint|p2a: Great Tusk\n|-end|p2a: Great Tusk|Protosynthesis|[silent]\n|\n|-weather|SunnyDay|[upkeep]\n|upkeep\n|j| Toxzac\n|\n|t:|1697508944\n|switch|p2a: Overqwil|Overqwil, M|100\/100\n|-damage|p2a: Overqwil|88\/100|[from] Stealth Rock\n|-ability|p2a: Overqwil|Intimidate|boost\n|-unboost|p1a: j-hope|atk|1\n|turn|7\n|c| Toxzac|YO\n|j| mlenny95\n|\n|t:|1697508990\n|move|p1a: j-hope|Bitter Blade|p2a: Overqwil\n|-damage|p2a: Overqwil|0 fnt\n|-heal|p1a: j-hope|100\/100|[from] drain|[of] p2a: Overqwil\n|faint|p2a: Overqwil\n|\n|-weather|SunnyDay|[upkeep]\n|upkeep\n|c|\u2606Thisaintgeo|sup guys\n|\n|t:|1697509000\n|switch|p2a: Weezing|Weezing-Galar, M|100\/100\n|-ability|p2a: Weezing|Neutralizing Gas\n|-damage|p2a: Weezing|88\/100|[from] Stealth Rock\n|turn|8\n|c| mlenny95|1st match hype\n|\n|t:|1697509027\n|move|p1a: j-hope|Bitter Blade|p2a: Weezing\n|-damage|p2a: Weezing|0 fnt\n|faint|p2a: Weezing\n|-end|p2a: Weezing|ability: Neutralizing Gas\n|\n|-weather|SunnyDay|[upkeep]\n|upkeep\n|c| Toxzac|uh oh\n|\n|t:|1697509042\n|switch|p2a: Walking Wake|Walking Wake|100\/100\n|-damage|p2a: Walking Wake|88\/100|[from] Stealth Rock\n|-activate|p2a: Walking Wake|ability: Protosynthesis\n|-start|p2a: Walking Wake|protosynthesisspa\n|turn|9\n|c|\u2606OmegaSheep|first match sweep fr fr\n|\n|t:|1697509079\n|move|p1a: j-hope|Poltergeist|p2a: Walking Wake\n|-activate|p2a: Walking Wake|move: Poltergeist|Choice Specs\n|-damage|p2a: Walking Wake|0 fnt\n|faint|p2a: Walking Wake\n|-end|p2a: Walking Wake|Protosynthesis|[silent]\n|\n|-weather|none\n|upkeep\n|\n|t:|1697509085\n|switch|p2a: Thundurus|Thundurus-Therian, M|100\/100\n|-damage|p2a: Thundurus|76\/100|[from] Stealth Rock\n|turn|10\n|c|\u2606Thisaintgeo|gg\n|\n|t:|1697509096\n|move|p1a: j-hope|Bitter Blade|p2a: Thundurus\n|-damage|p2a: Thundurus|0 fnt\n|faint|p2a: Thundurus\n|\n|win|Thisaintgeo\n|c|\u2606OmegaSheep|gg\n|l|\u2606OmegaSheep\n","uploadtime":1697509105,"views":21,"p1id":"thisaintgeo","p2id":"omegasheep","formatid":"gen9ubers","rating":0,"private":0,"password":""}