{"id":"gen9ubers-1993181118","p1":"MythicSword","p2":"gerrychu29","format":"[Gen 9] Ubers","log":"|j|\u2606MythicSword\n|j|\u2606gerrychu29\n|t:|1700274725\n|gametype|singles\n|player|p1|MythicSword|1|\n|player|p2|gerrychu29|red|\n|teamsize|p1|6\n|teamsize|p2|6\n|gen|9\n|tier|[Gen 9] Ubers\n|rule|Sleep Clause Mod: Limit one foe put to sleep\n|rule|Species Clause: Limit one of each Pok\u00e9mon\n|rule|OHKO Clause: OHKO moves are banned\n|rule|Evasion Items Clause: Evasion items are banned\n|rule|Evasion Moves Clause: Evasion moves are banned\n|rule|Endless Battle Clause: Forcing endless battles is banned\n|rule|HP Percentage Mod: HP is shown in percentages\n|clearpoke\n|poke|p1|Dialga-Origin|\n|poke|p1|Chi-Yu|\n|poke|p1|Magearna|\n|poke|p1|Ursaluna, F|\n|poke|p1|Cresselia, F|\n|poke|p1|Azumarill, F|\n|poke|p2|Palafin, M|\n|poke|p2|Spectrier|\n|poke|p2|Zacian-*|\n|poke|p2|Arceus-Fire|\n|poke|p2|Blissey, F|\n|poke|p2|Alomomola, F|\n|teampreview\n|\n|t:|1700274738\n|start\n|switch|p1a: Magearna|Magearna|100\/100\n|switch|p2a: Palafin|Palafin, M|100\/100\n|turn|1\n|\n|t:|1700274750\n|move|p2a: Palafin|Flip Turn|p1a: Magearna\n|-damage|p1a: Magearna|73\/100\n|\n|t:|1700274768\n|detailschange|p2a: Palafin|Palafin-Hero, M\n|switch|p2a: Arceus|Arceus-Fire|100\/100|[from] Flip Turn\n|move|p1a: Magearna|Trick Room|p1a: Magearna\n|-fieldstart|move: Trick Room|[of] p1a: Magearna\n|\n|-heal|p1a: Magearna|79\/100|[from] item: Leftovers\n|upkeep\n|turn|2\n|inactive|Battle timer is ON: inactive players will automatically lose when time's up. (requested by MythicSword)\n|\n|t:|1700274851\n|move|p1a: Magearna|Volt Switch|p2a: Arceus\n|-damage|p2a: Arceus|86\/100\n|\n|t:|1700274875\n|switch|p1a: Ursaluna|Ursaluna, F|100\/100|[from] Volt Switch\n|move|p2a: Arceus|Judgment|p1a: Ursaluna\n|-damage|p1a: Ursaluna|54\/100\n|\n|-status|p1a: Ursaluna|brn|[from] item: Flame Orb\n|upkeep\n|turn|3\n|\n|t:|1700274891\n|switch|p2a: Alomomola|Alomomola, F|100\/100\n|move|p1a: Ursaluna|Headlong Rush|p2a: Alomomola\n|-crit|p2a: Alomomola\n|-damage|p2a: Alomomola|10\/100\n|-unboost|p1a: Ursaluna|def|1\n|-unboost|p1a: Ursaluna|spd|1\n|-damage|p1a: Ursaluna|38\/100 brn|[from] item: Rocky Helmet|[of] p2a: Alomomola\n|\n|-damage|p1a: Ursaluna|32\/100 brn|[from] brn\n|upkeep\n|turn|4\n|\n|t:|1700274910\n|move|p2a: Alomomola|Protect|p2a: Alomomola\n|-singleturn|p2a: Alomomola|Protect\n|move|p1a: Ursaluna|Crunch|p2a: Alomomola\n|-activate|p2a: Alomomola|move: Protect\n|\n|-damage|p1a: Ursaluna|26\/100 brn|[from] brn\n|upkeep\n|turn|5\n|\n|t:|1700274927\n|move|p1a: Ursaluna|Crunch|p2a: Alomomola\n|-damage|p2a: Alomomola|0 fnt\n|-damage|p1a: Ursaluna|9\/100 brn|[from] item: Rocky Helmet|[of] p2a: Alomomola\n|faint|p2a: Alomomola\n|\n|-damage|p1a: Ursaluna|3\/100 brn|[from] brn\n|-fieldend|move: Trick Room\n|upkeep\n|inactive|gerrychu29 has 270 seconds left.\n|\n|t:|1700274948\n|switch|p2a: Palafin|Palafin-Hero, M|100\/100\n|-activate|p2a: Palafin|ability: Zero to Hero\n|turn|6\n|\n|t:|1700274955\n|switch|p1a: Dialga|Dialga-Origin|100\/100\n|-ability|p1a: Dialga|Pressure\n|move|p2a: Palafin|Flip Turn|p1a: Dialga\n|-resisted|p1a: Dialga\n|-damage|p1a: Dialga|80\/100\n|\n|t:|1700274974\n|switch|p2a: Arceus|Arceus-Fire|86\/100|[from] Flip Turn\n|\n|upkeep\n|turn|7\n|\n|t:|1700274985\n|move|p2a: Arceus|Judgment|p1a: Dialga\n|-damage|p1a: Dialga|45\/100\n|move|p1a: Dialga|Trick Room|p1a: Dialga\n|-fieldstart|move: Trick Room|[of] p1a: Dialga\n|\n|upkeep\n|turn|8\n|inactive|gerrychu29 has 240 seconds left.\n|\n|t:|1700275026\n|move|p1a: Dialga|Dragon Pulse|p2a: Arceus\n|-damage|p2a: Arceus|46\/100\n|move|p2a: Arceus|Judgment|p1a: Dialga\n|-damage|p1a: Dialga|13\/100\n|\n|upkeep\n|turn|9\n|\n|t:|1700275049\n|move|p1a: Dialga|Dragon Pulse|p2a: Arceus\n|-damage|p2a: Arceus|5\/100\n|move|p2a: Arceus|Recover|p2a: Arceus\n|-heal|p2a: Arceus|55\/100\n|\n|upkeep\n|turn|10\n|inactive|gerrychu29 has 240 seconds left.\n|\n|t:|1700275059\n|move|p1a: Dialga|Dragon Pulse|p2a: Arceus\n|-damage|p2a: Arceus|14\/100\n|move|p2a: Arceus|Recover|p2a: Arceus\n|-heal|p2a: Arceus|64\/100\n|\n|upkeep\n|turn|11\n|inactive|gerrychu29 has 240 seconds left.\n|\n|t:|1700275069\n|move|p1a: Dialga|Dragon Pulse|p2a: Arceus\n|-damage|p2a: Arceus|22\/100\n|move|p2a: Arceus|Recover|p2a: Arceus\n|-heal|p2a: Arceus|72\/100\n|\n|-fieldend|move: Trick Room\n|upkeep\n|turn|12\n|inactive|gerrychu29 has 240 seconds left.\n|\n|t:|1700275080\n|move|p2a: Arceus|Judgment|p1a: Dialga\n|-damage|p1a: Dialga|0 fnt\n|faint|p1a: Dialga\n|\n|upkeep\n|\n|t:|1700275089\n|switch|p1a: Azumarill|Azumarill, F, shiny|100\/100\n|turn|13\n|inactive|gerrychu29 has 240 seconds left.\n|\n|t:|1700275107\n|-terastallize|p2a: Arceus|Grass\n|move|p2a: Arceus|Thunderbolt|p1a: Azumarill\n|-supereffective|p1a: Azumarill\n|-damage|p1a: Azumarill|51\/100\n|move|p1a: Azumarill|Belly Drum|p1a: Azumarill\n|-damage|p1a: Azumarill|1\/100\n|-setboost|p1a: Azumarill|atk|6|[from] move: Belly Drum\n|-enditem|p1a: Azumarill|Sitrus Berry|[eat]\n|-heal|p1a: Azumarill|26\/100|[from] item: Sitrus Berry\n|\n|upkeep\n|turn|14\n|inactive|gerrychu29 has 240 seconds left.\n|\n|t:|1700275126\n|move|p1a: Azumarill|Aqua Jet|p2a: Arceus\n|-resisted|p2a: Arceus\n|-damage|p2a: Arceus|37\/100\n|move|p2a: Arceus|Thunderbolt|p1a: Azumarill\n|-supereffective|p1a: Azumarill\n|-damage|p1a: Azumarill|0 fnt\n|faint|p1a: Azumarill\n|\n|upkeep\n|\n|t:|1700275141\n|switch|p1a: Cresselia|Cresselia, F, shiny|100\/100\n|turn|15\n|inactive|gerrychu29 has 240 seconds left.\n|\n|t:|1700275166\n|move|p2a: Arceus|Recover|p2a: Arceus\n|-heal|p2a: Arceus|87\/100\n|move|p1a: Cresselia|Reflect|p1a: Cresselia\n|-sidestart|p1: MythicSword|Reflect\n|\n|upkeep\n|turn|16\n|inactive|gerrychu29 has 210 seconds left.\n|inactive|gerrychu29 has 180 seconds left.\n|\n|t:|1700275243\n|move|p2a: Arceus|Calm Mind|p2a: Arceus\n|-boost|p2a: Arceus|spa|1\n|-boost|p2a: Arceus|spd|1\n|move|p1a: Cresselia|Trick Room|p1a: Cresselia\n|-fieldstart|move: Trick Room|[of] p1a: Cresselia\n|\n|upkeep\n|turn|17\n|\n|t:|1700275255\n|move|p1a: Cresselia|Lunar Dance|p1a: Cresselia\n|faint|p1a: Cresselia\n|move|p2a: Arceus|Recover|p2a: Arceus\n|-heal|p2a: Arceus|100\/100\n|\n|upkeep\n|\n|t:|1700275259\n|switch|p1a: Ursaluna|Ursaluna, F|3\/100 brn\n|-heal|p1a: Ursaluna|100\/100|[from] move: Lunar Dance\n|turn|18\n|\n|t:|1700275272\n|move|p1a: Ursaluna|Swords Dance|p1a: Ursaluna\n|-boost|p1a: Ursaluna|atk|2\n|move|p2a: Arceus|Judgment|p1a: Ursaluna\n|-damage|p1a: Ursaluna|42\/100\n|\n|-status|p1a: Ursaluna|brn|[from] item: Flame Orb\n|upkeep\n|turn|19\n|inactive|gerrychu29 has 150 seconds left.\n|\n|t:|1700275304\n|switch|p2a: Spectrier|Spectrier|100\/100\n|move|p1a: Ursaluna|Facade|p2a: Spectrier\n|-immune|p2a: Spectrier\n|\n|-damage|p1a: Ursaluna|36\/100 brn|[from] brn\n|-sideend|p1: MythicSword|Reflect\n|upkeep\n|turn|20\n|inactive|gerrychu29 has 150 seconds left.\n|\n|t:|1700275316\n|move|p1a: Ursaluna|Crunch|p2a: Spectrier\n|-supereffective|p2a: Spectrier\n|-damage|p2a: Spectrier|0 fnt\n|faint|p2a: Spectrier\n|\n|-damage|p1a: Ursaluna|30\/100 brn|[from] brn\n|-fieldend|move: Trick Room\n|upkeep\n|inactive|gerrychu29 has 150 seconds left.\n|\n|t:|1700275325\n|switch|p2a: Palafin|Palafin-Hero, M|100\/100\n|turn|21\n|\n|t:|1700275331\n|switch|p1a: Magearna|Magearna|79\/100\n|move|p2a: Palafin|Wave Crash|p1a: Magearna\n|-damage|p1a: Magearna|0 fnt\n|faint|p1a: Magearna\n|-damage|p2a: Palafin|73\/100|[from] Recoil\n|\n|upkeep\n|c|\u2606MythicSword|gg\n|\n|t:|1700275350\n|switch|p1a: Chi-Yu|Chi-Yu|100\/100\n|-ability|p1a: Chi-Yu|Beads of Ruin\n|turn|22\n|c|\u2606gerrychu29|gg\n|c|\u2606MythicSword|why do your turns take so long?\n|\n|t:|1700275369\n|move|p2a: Palafin|Wave Crash|p1a: Chi-Yu\n|-supereffective|p1a: Chi-Yu\n|-damage|p1a: Chi-Yu|0 fnt\n|faint|p1a: Chi-Yu\n|-damage|p2a: Palafin|46\/100|[from] Recoil\n|\n|upkeep\n|\n|t:|1700275372\n|switch|p1a: Ursaluna|Ursaluna, F|30\/100 brn\n|turn|23\n|inactive|gerrychu29 has 180 seconds left.\n|c|\u2606gerrychu29|idk, could be internet\n|inactive|MythicSword has 270 seconds left.\n|\n|t:|1700275405\n|move|p2a: Palafin|Wave Crash|p1a: Ursaluna\n|-supereffective|p1a: Ursaluna\n|-crit|p1a: Ursaluna\n|-damage|p1a: Ursaluna|0 fnt\n|faint|p1a: Ursaluna\n|-damage|p2a: Palafin|33\/100|[from] Recoil\n|\n|win|gerrychu29\n","uploadtime":1700275409,"views":29,"p1id":"mythicsword","p2id":"gerrychu29","formatid":"gen9ubers","rating":0,"private":0,"password":""}