{"id":"gen9ubers-1992455632","p1":"rutriyououiyiyuyt","p2":"idiotpokemoner","format":"[Gen 9] Ubers","log":"|j|\u2606rutriyououiyiyuyt\n|j|\u2606idiotpokemoner\n|t:|1700189703\n|gametype|singles\n|player|p1|rutriyououiyiyuyt|elesa|\n|player|p2|idiotpokemoner|102|\n|teamsize|p1|6\n|teamsize|p2|6\n|gen|9\n|tier|[Gen 9] Ubers\n|rule|Sleep Clause Mod: Limit one foe put to sleep\n|rule|Species Clause: Limit one of each Pok\u00e9mon\n|rule|OHKO Clause: OHKO moves are banned\n|rule|Evasion Items Clause: Evasion items are banned\n|rule|Evasion Moves Clause: Evasion moves are banned\n|rule|Endless Battle Clause: Forcing endless battles is banned\n|rule|HP Percentage Mod: HP is shown in percentages\n|clearpoke\n|poke|p1|Meowscarada, F|\n|poke|p1|Ninetales-Alola, M|\n|poke|p1|Arceus-Fire|\n|poke|p1|Gholdengo|\n|poke|p1|Roaring Moon|\n|poke|p1|Palkia-Origin|\n|poke|p2|Ninetales-Alola, M|\n|poke|p2|Baxcalibur, M|\n|poke|p2|Iron Moth|\n|poke|p2|Kommo-o, F|\n|poke|p2|Palkia-Origin|\n|poke|p2|Roaring Moon|\n|teampreview\n|c|\u2606idiotpokemoner|GLHF\n|c|\u2606rutriyououiyiyuyt|u2\n|\n|t:|1700189749\n|start\n|switch|p1a: Incin|Meowscarada, F|100\/100\n|switch|p2a: Ninetales|Ninetales-Alola, M, shiny|100\/100\n|-weather|Snow|[from] ability: Snow Warning|[of] p2a: Ninetales\n|turn|1\n|\n|t:|1700189756\n|move|p1a: Incin|Taunt|p2a: Ninetales\n|-start|p1a: Incin|typechange|Dark|[from] ability: Protean\n|-start|p2a: Ninetales|move: Taunt\n|cant|p2a: Ninetales|move: Taunt|Aurora Veil\n|\n|-weather|Snow|[upkeep]\n|upkeep\n|turn|2\n|\n|t:|1700189763\n|move|p1a: Incin|Spikes|p2a: Ninetales\n|-sidestart|p2: idiotpokemoner|Spikes\n|move|p2a: Ninetales|Moonblast|p1a: Incin\n|-supereffective|p1a: Incin\n|-enditem|p1a: Incin|Focus Sash\n|-damage|p1a: Incin|1\/100\n|\n|-weather|Snow|[upkeep]\n|upkeep\n|turn|3\n|\n|t:|1700189777\n|switch|p2a: Roaring Moon|Roaring Moon|100\/100\n|-damage|p2a: Roaring Moon|88\/100|[from] Spikes\n|-enditem|p2a: Roaring Moon|Booster Energy\n|-activate|p2a: Roaring Moon|ability: Protosynthesis|[fromitem]\n|-start|p2a: Roaring Moon|protosynthesisspe\n|move|p1a: Incin|Spikes|p2a: Roaring Moon\n|-sidestart|p2: idiotpokemoner|Spikes\n|\n|-weather|Snow|[upkeep]\n|upkeep\n|turn|4\n|inactive|Battle timer is ON: inactive players will automatically lose when time's up. (requested by idiotpokemoner)\n|\n|t:|1700189788\n|move|p2a: Roaring Moon|Earthquake|p1a: Incin\n|-damage|p1a: Incin|0 fnt\n|faint|p1a: Incin\n|\n|-weather|Snow|[upkeep]\n|upkeep\n|\n|t:|1700189797\n|switch|p1a: Ninetales-Kanto|Ninetales-Alola, M|100\/100\n|turn|5\n|\n|t:|1700189802\n|-terastallize|p2a: Roaring Moon|Flying\n|move|p2a: Roaring Moon|Acrobatics|p1a: Ninetales-Kanto\n|-damage|p1a: Ninetales-Kanto|43\/100\n|move|p1a: Ninetales-Kanto|Moonblast|p2a: Roaring Moon\n|-damage|p2a: Roaring Moon|53\/100\n|\n|-weather|Snow|[upkeep]\n|upkeep\n|turn|6\n|\n|t:|1700189813\n|move|p2a: Roaring Moon|Acrobatics|p1a: Ninetales-Kanto\n|-damage|p1a: Ninetales-Kanto|0 fnt\n|faint|p1a: Ninetales-Kanto\n|\n|-weather|Snow|[upkeep]\n|upkeep\n|\n|t:|1700189816\n|switch|p1a: Dollar Bill|Gholdengo|100\/100\n|turn|7\n|\n|t:|1700189820\n|move|p2a: Roaring Moon|Earthquake|p1a: Dollar Bill\n|-supereffective|p1a: Dollar Bill\n|-damage|p1a: Dollar Bill|38\/100\n|move|p1a: Dollar Bill|Thunder Wave|p2a: Roaring Moon\n|-status|p2a: Roaring Moon|par\n|\n|-weather|Snow|[upkeep]\n|upkeep\n|turn|8\n|\n|t:|1700189825\n|move|p2a: Roaring Moon|Earthquake|p1a: Dollar Bill\n|-supereffective|p1a: Dollar Bill\n|-damage|p1a: Dollar Bill|0 fnt\n|faint|p1a: Dollar Bill\n|\n|-weather|none\n|upkeep\n|\n|t:|1700189829\n|switch|p1a: Palkia|Palkia-Origin|100\/100\n|-ability|p1a: Palkia|Pressure\n|turn|9\n|\n|t:|1700189835\n|move|p1a: Palkia|Hydro Pump|p2a: Roaring Moon\n|-damage|p2a: Roaring Moon|0 fnt\n|faint|p2a: Roaring Moon\n|-end|p2a: Roaring Moon|Protosynthesis|[silent]\n|\n|upkeep\n|\n|t:|1700189840\n|switch|p2a: Ninetales|Ninetales-Alola, M, shiny|100\/100\n|-damage|p2a: Ninetales|84\/100|[from] Spikes\n|-weather|Snow|[from] ability: Snow Warning|[of] p2a: Ninetales\n|turn|10\n|\n|t:|1700189850\n|move|p1a: Palkia|Fire Blast|p2a: Ninetales\n|-supereffective|p2a: Ninetales\n|-damage|p2a: Ninetales|0 fnt\n|faint|p2a: Ninetales\n|\n|-weather|Snow|[upkeep]\n|upkeep\n|\n|t:|1700189862\n|switch|p2a: Iron Moth|Iron Moth|100\/100\n|-damage|p2a: Iron Moth|84\/100|[from] Spikes\n|-enditem|p2a: Iron Moth|Booster Energy\n|-activate|p2a: Iron Moth|ability: Quark Drive|[fromitem]\n|-start|p2a: Iron Moth|quarkdrivespe\n|turn|11\n|\n|t:|1700189875\n|move|p2a: Iron Moth|Sludge Wave|p1a: Palkia\n|-damage|p1a: Palkia|56\/100\n|move|p1a: Palkia|Hydro Pump|p2a: Iron Moth\n|-supereffective|p2a: Iron Moth\n|-damage|p2a: Iron Moth|0 fnt\n|faint|p2a: Iron Moth\n|-end|p2a: Iron Moth|Quark Drive|[silent]\n|\n|-weather|Snow|[upkeep]\n|upkeep\n|\n|t:|1700189888\n|switch|p2a: Kommo-o|Kommo-o, F, shiny|100\/100\n|-damage|p2a: Kommo-o|84\/100|[from] Spikes\n|turn|12\n|\n|t:|1700189895\n|move|p1a: Palkia|Draco Meteor|p2a: Kommo-o\n|-supereffective|p2a: Kommo-o\n|-damage|p2a: Kommo-o|0 fnt\n|-unboost|p1a: Palkia|spa|2\n|faint|p2a: Kommo-o\n|\n|-weather|Snow|[upkeep]\n|upkeep\n|\n|t:|1700189899\n|switch|p2a: Baxcalibur|Baxcalibur, M, shiny|100\/100\n|-damage|p2a: Baxcalibur|84\/100|[from] Spikes\n|turn|13\n|\n|t:|1700189911\n|move|p1a: Palkia|Draco Meteor|p2a: Baxcalibur\n|-supereffective|p2a: Baxcalibur\n|-damage|p2a: Baxcalibur|0 fnt\n|-unboost|p1a: Palkia|spa|2\n|faint|p2a: Baxcalibur\n|\n|-weather|Snow|[upkeep]\n|upkeep\n|\n|t:|1700189915\n|switch|p2a: Palkia|Palkia-Origin, shiny|100\/100\n|-damage|p2a: Palkia|84\/100|[from] Spikes\n|-ability|p2a: Palkia|Pressure\n|turn|14\n|inactive|rutriyououiyiyuyt has 270 seconds left.\n|\n|t:|1700189946\n|switch|p1a: Arceus|Arceus-Fire|100\/100\n|move|p2a: Palkia|Spacial Rend|p1a: Arceus\n|-damage|p1a: Arceus|49\/100\n|\n|-weather|Snow|[upkeep]\n|upkeep\n|turn|15\n|\n|t:|1700189960\n|move|p2a: Palkia|Earth Power|p1a: Arceus\n|-supereffective|p1a: Arceus\n|-damage|p1a: Arceus|1\/100\n|move|p1a: Arceus|Earthquake|p2a: Palkia\n|-damage|p2a: Palkia|44\/100\n|\n|-weather|Snow|[upkeep]\n|upkeep\n|turn|16\n|\n|t:|1700189967\n|move|p2a: Palkia|Earth Power|p1a: Arceus\n|-supereffective|p1a: Arceus\n|-damage|p1a: Arceus|0 fnt\n|faint|p1a: Arceus\n|\n|-weather|Snow|[upkeep]\n|upkeep\n|\n|t:|1700189969\n|switch|p1a: Palkia|Palkia-Origin|56\/100\n|-ability|p1a: Palkia|Pressure\n|turn|17\n|\n|t:|1700189979\n|-terastallize|p1a: Palkia|Fairy\n|move|p1a: Palkia|Draco Meteor|p2a: Palkia\n|-supereffective|p2a: Palkia\n|-damage|p2a: Palkia|0 fnt\n|-unboost|p1a: Palkia|spa|2\n|faint|p2a: Palkia\n|\n|win|rutriyououiyiyuyt\n|l|\u2606idiotpokemoner\n|c|\u2606rutriyououiyiyuyt|gg\n|j|\u2606idiotpokemoner\n|player|p2|idiotpokemoner|102\n|l|\u2606rutriyououiyiyuyt\n|c|\u2606idiotpokemoner|gg\n|l|\u2606idiotpokemoner\n|player|p2|\n|j|\u2606rutriyououiyiyuyt\n|player|p1|rutriyououiyiyuyt|elesa\n","uploadtime":1700190517,"views":27,"p1id":"rutriyououiyiyuyt","p2id":"idiotpokemoner","formatid":"gen9ubers","rating":0,"private":0,"password":""}