{"id":"gen9ubers-1982758232","p1":"Cudqo\u273f \u2661","p2":"Quintynn","format":"[Gen 9] Ubers","log":"|j|\u2606Cudqo\u273f \u2661\n|j|\u2606Quintynn\n|t:|1699042103\n|gametype|singles\n|player|p1|Cudqo\u273f \u2661|acetrainercouple|1067\n|player|p2|Quintynn|266|1040\n|teamsize|p1|6\n|teamsize|p2|6\n|gen|9\n|tier|[Gen 9] Ubers\n|rated|\n|rule|Sleep Clause Mod: Limit one foe put to sleep\n|rule|Species Clause: Limit one of each Pok\u00e9mon\n|rule|OHKO Clause: OHKO moves are banned\n|rule|Evasion Items Clause: Evasion items are banned\n|rule|Evasion Moves Clause: Evasion moves are banned\n|rule|Endless Battle Clause: Forcing endless battles is banned\n|rule|HP Percentage Mod: HP is shown in percentages\n|clearpoke\n|poke|p1|Spectrier|\n|poke|p1|Flapple, M|\n|poke|p1|Arcanine, F|\n|poke|p1|Dachsbun, F|\n|poke|p1|Kleavor, M|\n|poke|p1|Gliscor, F|\n|poke|p2|Arceus-Dark|\n|poke|p2|Koraidon|\n|poke|p2|Ursaluna-Bloodmoon, M|\n|poke|p2|Flutter Mane|\n|poke|p2|Cinderace, M|\n|poke|p2|Annihilape, M|\n|teampreview\n|inactive|Battle timer is ON: inactive players will automatically lose when time's up. (requested by Cudqo\u273f \u2661)\n|\n|t:|1699042113\n|start\n|switch|p1a: other fire dog|Dachsbun, F, shiny|100\/100\n|switch|p2a: Cinderace|Cinderace, M, shiny|100\/100\n|turn|1\n|\n|t:|1699042120\n|move|p2a: Cinderace|Gunk Shot|p1a: other fire dog|[miss]\n|-start|p2a: Cinderace|typechange|Poison|[from] ability: Libero\n|-miss|p2a: Cinderace|p1a: other fire dog\n|move|p1a: other fire dog|Body Press|p2a: Cinderace\n|-resisted|p2a: Cinderace\n|-damage|p2a: Cinderace|81\/100\n|\n|upkeep\n|turn|2\n|\n|t:|1699042131\n|switch|p1a: batman|Gliscor, F, shiny|100\/100\n|move|p2a: Cinderace|Gunk Shot|p1a: batman|[miss]\n|-miss|p2a: Cinderace|p1a: batman\n|\n|-status|p1a: batman|tox|[from] item: Toxic Orb\n|upkeep\n|turn|3\n|\n|t:|1699042146\n|switch|p2a: Flutter Mane|Flutter Mane, shiny|100\/100\n|-enditem|p2a: Flutter Mane|Booster Energy\n|-activate|p2a: Flutter Mane|ability: Protosynthesis|[fromitem]\n|-start|p2a: Flutter Mane|protosynthesisspa\n|switch|p1a: horsey|Spectrier|100\/100\n|\n|upkeep\n|turn|4\n|\n|t:|1699042156\n|move|p1a: horsey|Shadow Ball|p2a: Flutter Mane\n|-supereffective|p2a: Flutter Mane\n|-damage|p2a: Flutter Mane|5\/100\n|move|p2a: Flutter Mane|Shadow Ball|p1a: horsey\n|-supereffective|p1a: horsey\n|-damage|p1a: horsey|0 fnt\n|faint|p1a: horsey\n|\n|upkeep\n|\n|t:|1699042162\n|switch|p1a: batman|Gliscor, F, shiny|100\/100 tox\n|turn|5\n|\n|t:|1699042170\n|move|p1a: batman|Protect|p1a: batman\n|-singleturn|p1a: batman|Protect\n|move|p2a: Flutter Mane|Moonblast|p1a: batman\n|-activate|p1a: batman|move: Protect\n|\n|upkeep\n|turn|6\n|\n|t:|1699042182\n|switch|p1a: other fire dog|Dachsbun, F, shiny|100\/100\n|move|p2a: Flutter Mane|Shadow Ball|p1a: other fire dog\n|-damage|p1a: other fire dog|18\/100\n|\n|upkeep\n|turn|7\n|\n|t:|1699042194\n|move|p2a: Flutter Mane|Moonblast|p1a: other fire dog\n|-damage|p1a: other fire dog|0 fnt\n|faint|p1a: other fire dog\n|\n|upkeep\n|\n|t:|1699042202\n|switch|p1a: pissed off rock|Kleavor, M, shiny|100\/100\n|turn|8\n|\n|t:|1699042210\n|move|p1a: pissed off rock|U-turn|p2a: Flutter Mane\n|-resisted|p2a: Flutter Mane\n|-damage|p2a: Flutter Mane|0 fnt\n|faint|p2a: Flutter Mane\n|-end|p2a: Flutter Mane|Protosynthesis|[silent]\n|\n|t:|1699042215\n|switch|p1a: fire dog|Arcanine, F, shiny|100\/100|[from] U-turn\n|\n|upkeep\n|\n|t:|1699042220\n|switch|p2a: god|Arceus-Dark, shiny|100\/100\n|turn|9\n|\n|t:|1699042227\n|move|p2a: god|Judgment|p1a: fire dog\n|-damage|p1a: fire dog|39\/100\n|move|p1a: fire dog|Will-O-Wisp|p2a: god\n|-status|p2a: god|brn\n|\n|-damage|p2a: god|94\/100 brn|[from] brn\n|upkeep\n|turn|10\n|\n|t:|1699042236\n|move|p2a: god|Hyper Voice|p1a: fire dog\n|-damage|p1a: fire dog|6\/100\n|move|p1a: fire dog|Morning Sun|p1a: fire dog\n|-heal|p1a: fire dog|56\/100\n|\n|-damage|p2a: god|88\/100 brn|[from] brn\n|upkeep\n|turn|11\n|\n|t:|1699042245\n|move|p2a: god|Judgment|p1a: fire dog\n|-damage|p1a: fire dog|0 fnt\n|faint|p1a: fire dog\n|\n|-damage|p2a: god|82\/100 brn|[from] brn\n|upkeep\n|\n|t:|1699042248\n|switch|p1a: batman|Gliscor, F, shiny|100\/100 tox\n|turn|12\n|\n|t:|1699042256\n|move|p2a: god|Judgment|p1a: batman\n|-damage|p1a: batman|38\/100 tox\n|move|p1a: batman|Facade|p2a: god\n|-damage|p2a: god|59\/100 brn\n|\n|-heal|p1a: batman|51\/100 tox|[from] ability: Poison Heal\n|-damage|p2a: god|53\/100 brn|[from] brn\n|upkeep\n|turn|13\n|\n|t:|1699042265\n|move|p1a: batman|Protect|p1a: batman\n|-singleturn|p1a: batman|Protect\n|move|p2a: god|Judgment|p1a: batman\n|-activate|p1a: batman|move: Protect\n|\n|-heal|p1a: batman|63\/100 tox|[from] ability: Poison Heal\n|-damage|p2a: god|47\/100 brn|[from] brn\n|upkeep\n|turn|14\n|\n|t:|1699042276\n|switch|p1a: pissed off rock|Kleavor, M, shiny|100\/100\n|move|p2a: god|Judgment|p1a: pissed off rock\n|-damage|p1a: pissed off rock|9\/100\n|\n|-damage|p2a: god|41\/100 brn|[from] brn\n|upkeep\n|turn|15\n|\n|t:|1699042284\n|move|p1a: pissed off rock|U-turn|p2a: god\n|-supereffective|p2a: god\n|-damage|p2a: god|0 fnt\n|faint|p2a: god\n|\n|t:|1699042288\n|switch|p1a: batman|Gliscor, F, shiny|63\/100 tox|[from] U-turn\n|\n|-heal|p1a: batman|76\/100 tox|[from] ability: Poison Heal\n|upkeep\n|\n|t:|1699042296\n|switch|p2a: Cinderace|Cinderace, M, shiny|81\/100\n|turn|16\n|\n|t:|1699042300\n|move|p1a: batman|Protect|p1a: batman\n|-singleturn|p1a: batman|Protect\n|move|p2a: Cinderace|Pyro Ball|p1a: batman\n|-activate|p1a: batman|move: Protect\n|\n|-heal|p1a: batman|88\/100 tox|[from] ability: Poison Heal\n|upkeep\n|turn|17\n|\n|t:|1699042310\n|-terastallize|p1a: batman|Water\n|move|p2a: Cinderace|Pyro Ball|p1a: batman\n|-resisted|p1a: batman\n|-damage|p1a: batman|70\/100 tox\n|move|p1a: batman|Facade|p2a: Cinderace\n|-damage|p2a: Cinderace|38\/100\n|\n|-heal|p1a: batman|82\/100 tox|[from] ability: Poison Heal\n|upkeep\n|turn|18\n|\n|t:|1699042321\n|switch|p2a: Annihilape|Annihilape, M|100\/100\n|move|p1a: batman|Earthquake|p2a: Annihilape\n|-damage|p2a: Annihilape|63\/100\n|\n|-heal|p1a: batman|95\/100 tox|[from] ability: Poison Heal\n|upkeep\n|turn|19\n|\n|t:|1699042333\n|move|p1a: batman|Protect|p1a: batman\n|-singleturn|p1a: batman|Protect\n|move|p2a: Annihilape|Rage Fist|p1a: batman\n|-activate|p1a: batman|move: Protect\n|\n|-heal|p1a: batman|100\/100 tox|[from] ability: Poison Heal\n|upkeep\n|turn|20\n|\n|t:|1699042341\n|switch|p1a: pissed off rock|Kleavor, M, shiny|9\/100\n|move|p2a: Annihilape|Rage Fist|p1a: pissed off rock\n|-damage|p1a: pissed off rock|0 fnt\n|faint|p1a: pissed off rock\n|\n|upkeep\n|\n|t:|1699042344\n|switch|p1a: batman|Gliscor, F, shiny, tera:Water|100\/100 tox\n|turn|21\n|\n|t:|1699042351\n|switch|p2a: Ursaluna|Ursaluna-Bloodmoon, M|100\/100\n|switch|p1a: apple|Flapple, M, shiny|100\/100\n|\n|upkeep\n|turn|22\n|\n|t:|1699042358\n|move|p1a: apple|Sucker Punch|p2a: Ursaluna\n|-damage|p2a: Ursaluna|58\/100\n|move|p2a: Ursaluna|Blood Moon|p1a: apple\n|-damage|p1a: apple|0 fnt\n|faint|p1a: apple\n|\n|upkeep\n|\n|t:|1699042363\n|switch|p1a: batman|Gliscor, F, shiny, tera:Water|100\/100 tox\n|turn|23\n|\n|t:|1699042370\n|switch|p2a: Bicycle|Koraidon|100\/100\n|-weather|SunnyDay|[from] ability: Orichalcum Pulse|[of] p2a: Bicycle\n|-activate|p2a: Bicycle|Orichalcum Pulse|[source]\n|move|p1a: batman|Facade|p2a: Bicycle\n|-damage|p2a: Bicycle|72\/100\n|\n|-weather|SunnyDay|[upkeep]\n|upkeep\n|turn|24\n|\n|t:|1699042380\n|move|p1a: batman|Protect|p1a: batman\n|-singleturn|p1a: batman|Protect\n|move|p2a: Bicycle|Collision Course|p1a: batman\n|-activate|p1a: batman|move: Protect\n|\n|-weather|SunnyDay|[upkeep]\n|upkeep\n|turn|25\n|\n|t:|1699042390\n|move|p2a: Bicycle|Collision Course|p1a: batman\n|-damage|p1a: batman|54\/100 tox\n|move|p1a: batman|Swords Dance|p1a: batman\n|-boost|p1a: batman|atk|2\n|\n|-weather|SunnyDay|[upkeep]\n|-heal|p1a: batman|67\/100 tox|[from] ability: Poison Heal\n|upkeep\n|turn|26\n|\n|t:|1699042400\n|move|p1a: batman|Protect|p1a: batman\n|-singleturn|p1a: batman|Protect\n|move|p2a: Bicycle|Collision Course|p1a: batman\n|-activate|p1a: batman|move: Protect\n|\n|-weather|SunnyDay|[upkeep]\n|-heal|p1a: batman|79\/100 tox|[from] ability: Poison Heal\n|upkeep\n|turn|27\n|\n|t:|1699042410\n|move|p2a: Bicycle|Collision Course|p1a: batman\n|-damage|p1a: batman|30\/100 tox\n|move|p1a: batman|Swords Dance|p1a: batman\n|-boost|p1a: batman|atk|2\n|\n|-weather|none\n|-heal|p1a: batman|42\/100 tox|[from] ability: Poison Heal\n|upkeep\n|turn|28\n|\n|t:|1699042419\n|move|p1a: batman|Protect|p1a: batman\n|-singleturn|p1a: batman|Protect\n|move|p2a: Bicycle|Collision Course|p1a: batman\n|-activate|p1a: batman|move: Protect\n|\n|-heal|p1a: batman|55\/100 tox|[from] ability: Poison Heal\n|upkeep\n|turn|29\n|\n|t:|1699042428\n|move|p2a: Bicycle|Collision Course|p1a: batman\n|-damage|p1a: batman|19\/100 tox\n|move|p1a: batman|Earthquake|p2a: Bicycle\n|-damage|p2a: Bicycle|0 fnt\n|faint|p2a: Bicycle\n|\n|-heal|p1a: batman|31\/100 tox|[from] ability: Poison Heal\n|upkeep\n|\n|t:|1699042439\n|switch|p2a: Cinderace|Cinderace, M, shiny|38\/100\n|turn|30\n|\n|t:|1699042444\n|move|p1a: batman|Protect|p1a: batman\n|-singleturn|p1a: batman|Protect\n|move|p2a: Cinderace|Pyro Ball|p1a: batman\n|-activate|p1a: batman|move: Protect\n|\n|-heal|p1a: batman|44\/100 tox|[from] ability: Poison Heal\n|upkeep\n|turn|31\n|\n|t:|1699042451\n|move|p2a: Cinderace|Pyro Ball|p1a: batman\n|-resisted|p1a: batman\n|-damage|p1a: batman|24\/100 tox\n|move|p1a: batman|Earthquake|p2a: Cinderace\n|-supereffective|p2a: Cinderace\n|-damage|p2a: Cinderace|0 fnt\n|faint|p2a: Cinderace\n|\n|-heal|p1a: batman|37\/100 tox|[from] ability: Poison Heal\n|upkeep\n|\n|t:|1699042460\n|switch|p2a: Annihilape|Annihilape, M|63\/100\n|turn|32\n|\n|t:|1699042466\n|-terastallize|p2a: Annihilape|Fighting\n|move|p1a: batman|Protect|p1a: batman\n|-singleturn|p1a: batman|Protect\n|move|p2a: Annihilape|Close Combat|p1a: batman\n|-activate|p1a: batman|move: Protect\n|\n|-heal|p1a: batman|49\/100 tox|[from] ability: Poison Heal\n|upkeep\n|turn|33\n|\n|t:|1699042478\n|move|p2a: Annihilape|Close Combat|p1a: batman\n|-damage|p1a: batman|14\/100 tox\n|-unboost|p2a: Annihilape|def|1\n|-unboost|p2a: Annihilape|spd|1\n|move|p1a: batman|Facade|p2a: Annihilape\n|-damage|p2a: Annihilape|0 fnt\n|faint|p2a: Annihilape\n|\n|-heal|p1a: batman|26\/100 tox|[from] ability: Poison Heal\n|upkeep\n|\n|t:|1699042489\n|switch|p2a: Ursaluna|Ursaluna-Bloodmoon, M|58\/100\n|turn|34\n|\n|t:|1699042502\n|move|p1a: batman|Protect|p1a: batman\n|-singleturn|p1a: batman|Protect\n|move|p2a: Ursaluna|Earth Power|p1a: batman\n|-activate|p1a: batman|move: Protect\n|\n|-heal|p1a: batman|39\/100 tox|[from] ability: Poison Heal\n|upkeep\n|turn|35\n|\n|t:|1699042510\n|move|p1a: batman|Protect|p1a: batman\n|-singleturn|p1a: batman|Protect\n|move|p2a: Ursaluna|Earth Power|p1a: batman\n|-activate|p1a: batman|move: Protect\n|\n|-heal|p1a: batman|51\/100 tox|[from] ability: Poison Heal\n|upkeep\n|turn|36\n|\n|t:|1699042517\n|move|p2a: Ursaluna|Earth Power|p1a: batman\n|-damage|p1a: batman|0 fnt\n|faint|p1a: batman\n|\n|win|Quintynn\n|raw|Cudqo\u273f \u2661's rating: 1067 &rarr; <strong>1045<\/strong><br \/>(-22 for losing)\n|raw|Quintynn's rating: 1040 &rarr; <strong>1077<\/strong><br \/>(+37 for winning)\n|c|\u2606Cudqo\u273f \u2661|damn\n|c|\u2606Cudqo\u273f \u2661|gg\n|c|\u2606Cudqo\u273f \u2661|lol\n|l|\u2606Quintynn\n","uploadtime":1699042535,"views":8,"p1id":"cudqo","p2id":"quintynn","formatid":"gen9ubers","rating":1045,"private":0,"password":""}