{"id":"gen9ubers-1969038795","p1":"KurumiTokisakilove","p2":"CKCompany","format":"[Gen 9] Ubers","log":"|j|\u2606KurumiTokisakilove\n|j|\u2606CKCompany\n|t:|1697484840\n|gametype|singles\n|player|p1|KurumiTokisakilove|sabrina-gen2|1510\n|player|p2|CKCompany|102|1608\n|teamsize|p1|6\n|teamsize|p2|6\n|gen|9\n|tier|[Gen 9] Ubers\n|rated|\n|rule|Sleep Clause Mod: Limit one foe put to sleep\n|rule|Species Clause: Limit one of each Pok\u00e9mon\n|rule|OHKO Clause: OHKO moves are banned\n|rule|Evasion Items Clause: Evasion items are banned\n|rule|Evasion Moves Clause: Evasion moves are banned\n|rule|Endless Battle Clause: Forcing endless battles is banned\n|rule|HP Percentage Mod: HP is shown in percentages\n|clearpoke\n|poke|p1|Ditto|\n|poke|p1|Arceus-Fairy|\n|poke|p1|Koraidon|\n|poke|p1|Calyrex-Ice|\n|poke|p1|Miraidon|\n|poke|p1|Glimmora, M|\n|poke|p2|Groudon|\n|poke|p2|Arceus-Ghost|\n|poke|p2|Miraidon|\n|poke|p2|Zacian-*|\n|poke|p2|Iron Treads|\n|poke|p2|Koraidon|\n|teampreview\n|inactive|Battle timer is ON: inactive players will automatically lose when time's up. (requested by KurumiTokisakilove)\n|\n|t:|1697484864\n|start\n|switch|p1a: Koraidon|Koraidon|100\/100\n|switch|p2a: Iron Treads|Iron Treads|100\/100\n|-weather|SunnyDay|[from] ability: Orichalcum Pulse|[of] p1a: Koraidon\n|-activate|p1a: Koraidon|Orichalcum Pulse|[source]\n|turn|1\n|inactive|KurumiTokisakilove has 120 seconds left.\n|\n|t:|1697484908\n|-end|p2a: Iron Treads|Quark Drive|[silent]\n|switch|p2a: Groudon|Groudon|100\/100\n|move|p1a: Koraidon|Low Kick|p2a: Groudon\n|-damage|p2a: Groudon|41\/100\n|\n|-weather|SunnyDay|[upkeep]\n|-heal|p2a: Groudon|48\/100|[from] item: Leftovers\n|upkeep\n|turn|2\n|\n|t:|1697484916\n|-terastallize|p2a: Groudon|Fairy\n|move|p1a: Koraidon|Low Kick|p2a: Groudon\n|-resisted|p2a: Groudon\n|-damage|p2a: Groudon|18\/100\n|move|p2a: Groudon|Thunder Wave|p1a: Koraidon\n|-status|p1a: Koraidon|par\n|\n|-weather|SunnyDay|[upkeep]\n|-heal|p2a: Groudon|24\/100|[from] item: Leftovers\n|upkeep\n|turn|3\n|\n|t:|1697484924\n|move|p2a: Groudon|Spikes|p1a: Koraidon\n|-sidestart|p1: KurumiTokisakilove|Spikes\n|move|p1a: Koraidon|Low Kick|p2a: Groudon\n|-resisted|p2a: Groudon\n|-damage|p2a: Groudon|0 fnt\n|faint|p2a: Groudon\n|\n|-weather|SunnyDay|[upkeep]\n|upkeep\n|\n|t:|1697484932\n|switch|p2a: Koraidon|Koraidon|100\/100\n|-activate|p2a: Koraidon|ability: Orichalcum Pulse\n|turn|4\n|j| Too Many Caps\n|inactive|KurumiTokisakilove has 120 seconds left.\n|\n|t:|1697484964\n|switch|p1a: Glimmora|Glimmora, M|100\/100\n|-damage|p1a: Glimmora|88\/100|[from] Spikes\n|move|p2a: Koraidon|Scale Shot|p1a: Glimmora\n|-damage|p1a: Glimmora|68\/100\n|-activate|p1a: Glimmora|ability: Toxic Debris\n|-sidestart|p2: CKCompany|move: Toxic Spikes\n|-damage|p1a: Glimmora|44\/100\n|-activate|p1a: Glimmora|ability: Toxic Debris\n|-sidestart|p2: CKCompany|move: Toxic Spikes\n|-damage|p1a: Glimmora|22\/100\n|-damage|p1a: Glimmora|0 fnt\n|faint|p1a: Glimmora\n|-hitcount|p1: Glimmora|4\n|-unboost|p2a: Koraidon|def|1\n|-boost|p2a: Koraidon|spe|1\n|\n|-weather|SunnyDay|[upkeep]\n|upkeep\n|\n|t:|1697484970\n|switch|p1a: Arceus|Arceus-Fairy|100\/100\n|-damage|p1a: Arceus|88\/100|[from] Spikes\n|turn|5\n|\n|t:|1697484983\n|switch|p2a: Iron Treads|Iron Treads|100\/100\n|move|p1a: Arceus|Judgment|p2a: Iron Treads\n|-resisted|p2a: Iron Treads\n|-damage|p2a: Iron Treads|81\/100\n|\n|-weather|none\n|-heal|p2a: Iron Treads|87\/100|[from] item: Leftovers\n|upkeep\n|turn|6\n|\n|t:|1697484988\n|move|p1a: Arceus|Earth Power|p2a: Iron Treads\n|-supereffective|p2a: Iron Treads\n|-damage|p2a: Iron Treads|48\/100\n|move|p2a: Iron Treads|Rapid Spin|p1a: Arceus\n|-damage|p1a: Arceus|80\/100\n|-boost|p2a: Iron Treads|spe|1\n|-sideend|p2: CKCompany|Toxic Spikes|[from] move: Rapid Spin|[of] p2a: Iron Treads\n|\n|-heal|p2a: Iron Treads|54\/100|[from] item: Leftovers\n|upkeep\n|turn|7\n|\n|t:|1697485005\n|-end|p2a: Iron Treads|Quark Drive|[silent]\n|switch|p2a: Arceus|Arceus-Ghost|100\/100\n|move|p1a: Arceus|Earth Power|p2a: Arceus\n|-damage|p2a: Arceus|84\/100\n|\n|upkeep\n|turn|8\n|\n|t:|1697485009\n|move|p1a: Arceus|Taunt|p2a: Arceus\n|-start|p2a: Arceus|move: Taunt\n|move|p2a: Arceus|Judgment|p1a: Arceus\n|-damage|p1a: Arceus|48\/100\n|\n|upkeep\n|turn|9\n|\n|t:|1697485014\n|switch|p2a: Zacian|Zacian-Crowned, shiny|100\/100\n|-ability|p2a: Zacian|Intrepid Sword|boost\n|-boost|p2a: Zacian|atk|1\n|move|p1a: Arceus|Recover|p1a: Arceus\n|-heal|p1a: Arceus|98\/100\n|\n|upkeep\n|turn|10\n|\n|t:|1697485020\n|switch|p1a: Koraidon|Koraidon|100\/100 par\n|-damage|p1a: Koraidon|88\/100 par|[from] Spikes\n|-weather|SunnyDay|[from] ability: Orichalcum Pulse|[of] p1a: Koraidon\n|-activate|p1a: Koraidon|Orichalcum Pulse|[source]\n|move|p2a: Zacian|Behemoth Blade|p1a: Koraidon\n|-damage|p1a: Koraidon|13\/100 par\n|\n|-weather|SunnyDay|[upkeep]\n|upkeep\n|turn|11\n|\n|t:|1697485028\n|move|p2a: Zacian|Behemoth Blade|p1a: Koraidon\n|-damage|p1a: Koraidon|0 fnt\n|faint|p1a: Koraidon\n|\n|-weather|SunnyDay|[upkeep]\n|upkeep\n|\n|t:|1697485030\n|switch|p1a: Ditto|Ditto, shiny|100\/100\n|-damage|p1a: Ditto|88\/100|[from] Spikes\n|-transform|p1a: Ditto|p2a: Zacian|[from] ability: Imposter\n|-ability|p1a: Ditto|Intrepid Sword|boost\n|-boost|p1a: Ditto|atk|1\n|turn|12\n|\n|t:|1697485040\n|switch|p2a: Iron Treads|Iron Treads|54\/100\n|move|p1a: Ditto|Behemoth Blade|p2a: Iron Treads\n|-resisted|p2a: Iron Treads\n|-damage|p2a: Iron Treads|12\/100\n|\n|-weather|SunnyDay|[upkeep]\n|-heal|p2a: Iron Treads|18\/100|[from] item: Leftovers\n|upkeep\n|turn|13\n|\n|t:|1697485048\n|move|p1a: Ditto|Behemoth Blade|p2a: Iron Treads\n|-resisted|p2a: Iron Treads\n|-damage|p2a: Iron Treads|0 fnt\n|faint|p2a: Iron Treads\n|-end|p2a: Iron Treads|Quark Drive|[silent]\n|\n|-weather|SunnyDay|[upkeep]\n|upkeep\n|\n|t:|1697485051\n|switch|p2a: Miraidon|Miraidon|100\/100\n|-fieldstart|move: Electric Terrain|[from] ability: Hadron Engine|[of] p2a: Miraidon\n|turn|14\n|\n|t:|1697485061\n|move|p1a: Ditto|Behemoth Blade|p2a: Miraidon\n|-resisted|p2a: Miraidon\n|-damage|p2a: Miraidon|43\/100\n|move|p2a: Miraidon|Electro Drift|p1a: Ditto\n|-damage|p1a: Ditto|1\/100\n|\n|-weather|none\n|upkeep\n|turn|15\n|\n|t:|1697485071\n|move|p1a: Ditto|Behemoth Blade|p2a: Miraidon\n|-resisted|p2a: Miraidon\n|-damage|p2a: Miraidon|0 fnt\n|faint|p2a: Miraidon\n|\n|upkeep\n|\n|t:|1697485084\n|switch|p2a: Arceus|Arceus-Ghost|84\/100\n|turn|16\n|\n|t:|1697485086\n|move|p1a: Ditto|Behemoth Blade|p2a: Arceus\n|-damage|p2a: Arceus|14\/100\n|move|p2a: Arceus|Judgment|p1a: Ditto\n|-crit|p1a: Ditto\n|-damage|p1a: Ditto|0 fnt\n|faint|p1a: Ditto\n|\n|upkeep\n|\n|t:|1697485094\n|switch|p1a: Miraidon|Miraidon|100\/100\n|-damage|p1a: Miraidon|88\/100|[from] Spikes\n|-activate|p1a: Miraidon|ability: Hadron Engine\n|turn|17\n|\n|t:|1697485102\n|move|p1a: Miraidon|Electro Drift|p2a: Arceus\n|-damage|p2a: Arceus|0 fnt\n|faint|p2a: Arceus\n|\n|upkeep\n|\n|t:|1697485109\n|switch|p2a: Koraidon|Koraidon|100\/100\n|-weather|SunnyDay|[from] ability: Orichalcum Pulse|[of] p2a: Koraidon\n|-activate|p2a: Koraidon|Orichalcum Pulse|[source]\n|turn|18\n|\n|t:|1697485119\n|switch|p1a: Arceus|Arceus-Fairy|98\/100\n|-damage|p1a: Arceus|85\/100|[from] Spikes\n|move|p2a: Koraidon|Swords Dance|p2a: Koraidon\n|-boost|p2a: Koraidon|atk|2\n|\n|-weather|SunnyDay|[upkeep]\n|-fieldend|move: Electric Terrain\n|upkeep\n|turn|19\n|\n|t:|1697485125\n|move|p2a: Koraidon|Flare Blitz|p1a: Arceus\n|-damage|p1a: Arceus|0 fnt\n|faint|p1a: Arceus\n|-damage|p2a: Koraidon|64\/100|[from] Recoil\n|\n|-weather|SunnyDay|[upkeep]\n|upkeep\n|\n|t:|1697485129\n|switch|p1a: Miraidon|Miraidon|88\/100\n|-damage|p1a: Miraidon|76\/100|[from] Spikes\n|-fieldstart|move: Electric Terrain|[from] ability: Hadron Engine|[of] p1a: Miraidon\n|turn|20\n|\n|t:|1697485141\n|move|p1a: Miraidon|Draco Meteor|p2a: Koraidon\n|-supereffective|p2a: Koraidon\n|-damage|p2a: Koraidon|0 fnt\n|-unboost|p1a: Miraidon|spa|2\n|faint|p2a: Koraidon\n|\n|-weather|SunnyDay|[upkeep]\n|upkeep\n|\n|t:|1697485144\n|switch|p2a: Zacian|Zacian-Crowned, shiny|100\/100\n|turn|21\n|\n|t:|1697485170\n|switch|p1a: Calyrex|Calyrex-Ice|100\/100\n|-ability|p1a: Calyrex|As One\n|-ability|p1a: Calyrex|Unnerve\n|move|p2a: Zacian|Swords Dance|p2a: Zacian\n|-boost|p2a: Zacian|atk|2\n|\n|-weather|SunnyDay|[upkeep]\n|upkeep\n|turn|22\n|\n|t:|1697485176\n|-terastallize|p1a: Calyrex|Water\n|move|p2a: Zacian|Behemoth Blade|p1a: Calyrex\n|-resisted|p1a: Calyrex\n|-damage|p1a: Calyrex|65\/100\n|move|p1a: Calyrex|High Horsepower|p2a: Zacian|[miss]\n|-miss|p1a: Calyrex|p2a: Zacian\n|\n|-weather|none\n|upkeep\n|turn|23\n|\n|t:|1697485198\n|move|p2a: Zacian|Play Rough|p1a: Calyrex\n|-damage|p1a: Calyrex|7\/100\n|move|p1a: Calyrex|High Horsepower|p2a: Zacian\n|-supereffective|p2a: Zacian\n|-crit|p2a: Zacian\n|-damage|p2a: Zacian|0 fnt\n|faint|p2a: Zacian\n|\n|win|KurumiTokisakilove\n|raw|KurumiTokisakilove's rating: 1510 &rarr; <strong>1535<\/strong><br \/>(+25 for winning)\n|raw|CKCompany's rating: 1608 &rarr; <strong>1583<\/strong><br \/>(-25 for losing)\n|l|\u2606CKCompany\n","uploadtime":1697485214,"views":7,"p1id":"kurumitokisakilove","p2id":"ckcompany","formatid":"gen9ubers","rating":1535,"private":0,"password":""}