{"id":"gen9ubers-1986638937","p1":"thebluewizzrobe","p2":"JCPenguin","format":"[Gen 9] Ubers","log":"|j|\u2606thebluewizzrobe\n|j|\u2606JCPenguin\n|t:|1699501023\n|gametype|singles\n|player|p1|thebluewizzrobe|cilan|\n|player|p2|JCPenguin|firebreather|\n|teamsize|p1|6\n|teamsize|p2|6\n|gen|9\n|tier|[Gen 9] Ubers\n|rule|Sleep Clause Mod: Limit one foe put to sleep\n|rule|Species Clause: Limit one of each Pok\u00e9mon\n|rule|OHKO Clause: OHKO moves are banned\n|rule|Evasion Items Clause: Evasion items are banned\n|rule|Evasion Moves Clause: Evasion moves are banned\n|rule|Endless Battle Clause: Forcing endless battles is banned\n|rule|HP Percentage Mod: HP is shown in percentages\n|clearpoke\n|poke|p1|Baxcalibur, M|\n|poke|p1|Ninetales-Alola, M|\n|poke|p1|Annihilape, M|\n|poke|p1|Maushold-Four|\n|poke|p1|Glimmora, F|\n|poke|p1|Slowking, F|\n|poke|p2|Lilligant-Hisui, F|\n|poke|p2|Walking Wake|\n|poke|p2|Chi-Yu|\n|poke|p2|Torkoal, M|\n|poke|p2|Roaring Moon|\n|poke|p2|Brute Bonnet|\n|teampreview\n|j| arty222\n|\n|t:|1699501090\n|start\n|switch|p1a: Queen|Glimmora, F, shiny|100\/100\n|switch|p2a: Tortoise|Torkoal, M, shiny|100\/100\n|-weather|SunnyDay|[from] ability: Drought|[of] p2a: Tortoise\n|turn|1\n|\n|t:|1699501099\n|move|p1a: Queen|Power Gem|p2a: Tortoise\n|-supereffective|p2a: Tortoise\n|-damage|p2a: Tortoise|0 fnt\n|faint|p2a: Tortoise\n|\n|-weather|SunnyDay|[upkeep]\n|upkeep\n|j| Invitado 3324426\n|l| Invitado 3324426\n|\n|t:|1699501111\n|switch|p2a: Velociraptor|Walking Wake|100\/100\n|-activate|p2a: Velociraptor|ability: Protosynthesis\n|-start|p2a: Velociraptor|protosynthesisspe\n|turn|2\n|\n|t:|1699501141\n|move|p2a: Velociraptor|Hydro Steam|p1a: Queen\n|-supereffective|p1a: Queen\n|-enditem|p1a: Queen|Focus Sash\n|-damage|p1a: Queen|1\/100\n|move|p1a: Queen|Stealth Rock|p2a: Velociraptor\n|-sidestart|p2: JCPenguin|move: Stealth Rock\n|\n|-weather|SunnyDay|[upkeep]\n|upkeep\n|turn|3\n|\n|t:|1699501153\n|move|p2a: Velociraptor|Hydro Steam|p1a: Queen\n|-supereffective|p1a: Queen\n|-damage|p1a: Queen|0 fnt\n|faint|p1a: Queen\n|\n|-weather|SunnyDay|[upkeep]\n|upkeep\n|\n|t:|1699501179\n|switch|p1a: Fox|Ninetales-Alola, M|100\/100\n|-weather|Snow|[from] ability: Snow Warning|[of] p1a: Fox\n|-end|p2a: Velociraptor|Protosynthesis\n|turn|4\n|\n|t:|1699501189\n|-end|p2a: Velociraptor|Protosynthesis|[silent]\n|switch|p2a: Flower|Lilligant-Hisui, F|100\/100\n|-damage|p2a: Flower|94\/100|[from] Stealth Rock\n|move|p1a: Fox|Aurora Veil|p1a: Fox\n|-sidestart|p1: thebluewizzrobe|move: Aurora Veil\n|\n|-weather|Snow|[upkeep]\n|-heal|p2a: Flower|100\/100|[from] item: Leftovers\n|upkeep\n|turn|5\n|\n|t:|1699501201\n|move|p1a: Fox|Moonblast|p2a: Flower\n|-supereffective|p2a: Flower\n|-damage|p2a: Flower|0 fnt\n|faint|p2a: Flower\n|\n|-weather|Snow|[upkeep]\n|upkeep\n|\n|t:|1699501223\n|switch|p2a: Fish|Chi-Yu|100\/100\n|-damage|p2a: Fish|76\/100|[from] Stealth Rock\n|-ability|p2a: Fish|Beads of Ruin\n|turn|6\n|\n|t:|1699501244\n|move|p1a: Fox|Moonblast|p2a: Fish\n|-damage|p2a: Fish|41\/100\n|move|p2a: Fish|Overheat|p1a: Fox\n|-supereffective|p1a: Fox\n|-damage|p1a: Fox|0 fnt\n|-unboost|p2a: Fish|spa|2\n|faint|p1a: Fox\n|\n|-weather|Snow|[upkeep]\n|upkeep\n|\n|t:|1699501256\n|switch|p1a: Joker|Baxcalibur, M|100\/100\n|turn|7\n|\n|t:|1699501261\n|switch|p2a: Mushroom|Brute Bonnet, shiny|100\/100\n|-damage|p2a: Mushroom|88\/100|[from] Stealth Rock\n|move|p1a: Joker|Dragon Dance|p1a: Joker\n|-boost|p1a: Joker|atk|1\n|-boost|p1a: Joker|spe|1\n|\n|-weather|Snow|[upkeep]\n|upkeep\n|turn|8\n|\n|t:|1699501292\n|move|p1a: Joker|Scale Shot|p2a: Mushroom\n|-damage|p2a: Mushroom|67\/100\n|-damage|p2a: Mushroom|48\/100\n|-damage|p2a: Mushroom|27\/100\n|-damage|p2a: Mushroom|6\/100\n|-hitcount|p2a: Mushroom|4\n|-unboost|p1a: Joker|def|1\n|-boost|p1a: Joker|spe|1\n|move|p2a: Mushroom|Spore|p1a: Joker\n|-status|p1a: Joker|slp|[from] move: Spore\n|\n|-weather|none\n|upkeep\n|turn|9\n|\n|t:|1699501339\n|switch|p1a: Mona|Maushold-Four|100\/100\n|move|p2a: Mushroom|Sunny Day|p2a: Mushroom\n|-weather|SunnyDay\n|-activate|p2a: Mushroom|ability: Protosynthesis\n|-start|p2a: Mushroom|protosynthesisatk\n|\n|-weather|SunnyDay|[upkeep]\n|upkeep\n|turn|10\n|\n|t:|1699501373\n|move|p2a: Mushroom|Sucker Punch||[still]\n|-fail|p2a: Mushroom\n|move|p1a: Mona|Encore|p2a: Mushroom\n|-start|p2a: Mushroom|Encore\n|\n|-weather|SunnyDay|[upkeep]\n|upkeep\n|turn|11\n|\n|t:|1699501389\n|-end|p2a: Mushroom|Protosynthesis|[silent]\n|switch|p2a: Velociraptor|Walking Wake|100\/100\n|-damage|p2a: Velociraptor|88\/100|[from] Stealth Rock\n|-activate|p2a: Velociraptor|ability: Protosynthesis\n|-start|p2a: Velociraptor|protosynthesisspe\n|move|p1a: Mona|Tidy Up|p1a: Mona\n|-sideend|p2: JCPenguin|Stealth Rock\n|-activate|p1a: Mona|move: Tidy Up\n|-boost|p1a: Mona|atk|1\n|-boost|p1a: Mona|spe|1\n|\n|-weather|SunnyDay|[upkeep]\n|-sideend|p1: thebluewizzrobe|move: Aurora Veil\n|upkeep\n|turn|12\n|\n|t:|1699501405\n|-terastallize|p1a: Mona|Normal\n|move|p1a: Mona|Population Bomb|p2a: Velociraptor\n|-damage|p2a: Velociraptor|62\/100\n|-damage|p2a: Velociraptor|38\/100\n|-crit|p2a: Velociraptor\n|-damage|p2a: Velociraptor|1\/100\n|-damage|p2a: Velociraptor|0 fnt\n|faint|p2a: Velociraptor\n|-end|p2a: Velociraptor|Protosynthesis|[silent]\n|-hitcount|p2: Velociraptor|4\n|\n|-weather|SunnyDay|[upkeep]\n|upkeep\n|\n|t:|1699501416\n|switch|p2a: Pterodactyl|Roaring Moon|100\/100\n|-activate|p2a: Pterodactyl|ability: Protosynthesis\n|-start|p2a: Pterodactyl|protosynthesisspe\n|turn|13\n|\n|t:|1699501429\n|move|p2a: Pterodactyl|Outrage|p1a: Mona\n|-damage|p1a: Mona|0 fnt\n|faint|p1a: Mona\n|\n|-weather|none\n|-end|p2a: Pterodactyl|Protosynthesis\n|upkeep\n|\n|t:|1699501473\n|switch|p1a: Noir|Slowking, F, shiny|100\/100\n|turn|14\n|\n|t:|1699501478\n|move|p2a: Pterodactyl|Outrage|p1a: Noir|[from]lockedmove\n|-damage|p1a: Noir|0 fnt\n|faint|p1a: Noir\n|\n|upkeep\n|\n|t:|1699501526\n|switch|p1a: Skull|Annihilape, M|100\/100\n|turn|15\n|\n|t:|1699501533\n|move|p2a: Pterodactyl|Outrage|p1a: Skull|[from]lockedmove\n|-damage|p1a: Skull|6\/100\n|-start|p2a: Pterodactyl|confusion|[fatigue]\n|move|p1a: Skull|Drain Punch|p2a: Pterodactyl\n|-supereffective|p2a: Pterodactyl\n|-damage|p2a: Pterodactyl|27\/100\n|-heal|p1a: Skull|38\/100|[from] drain|[of] p2a: Pterodactyl\n|\n|-heal|p1a: Skull|44\/100|[from] item: Leftovers\n|upkeep\n|turn|16\n|\n|t:|1699501546\n|-activate|p2a: Pterodactyl|confusion\n|-damage|p2a: Pterodactyl|9\/100|[from] confusion\n|move|p1a: Skull|Drain Punch|p2a: Pterodactyl\n|-supereffective|p2a: Pterodactyl\n|-damage|p2a: Pterodactyl|0 fnt\n|-heal|p1a: Skull|47\/100|[from] drain|[of] p2a: Pterodactyl\n|faint|p2a: Pterodactyl\n|-end|p2a: Pterodactyl|Protosynthesis|[silent]\n|\n|-heal|p1a: Skull|53\/100|[from] item: Leftovers\n|upkeep\n|\n|t:|1699501555\n|switch|p2a: Mushroom|Brute Bonnet, shiny|6\/100\n|turn|17\n|j| Antistyx\n|\n|t:|1699501594\n|move|p2a: Mushroom|Sucker Punch|p1a: Skull\n|-damage|p1a: Skull|18\/100\n|move|p1a: Skull|Drain Punch|p2a: Mushroom\n|-supereffective|p2a: Mushroom\n|-damage|p2a: Mushroom|0 fnt\n|-heal|p1a: Skull|20\/100|[from] drain|[of] p2a: Mushroom\n|faint|p2a: Mushroom\n|-end|p2a: Mushroom|Protosynthesis|[silent]\n|\n|-heal|p1a: Skull|26\/100|[from] item: Leftovers\n|upkeep\n|\n|t:|1699501603\n|switch|p2a: Fish|Chi-Yu|41\/100\n|-ability|p2a: Fish|Beads of Ruin\n|turn|18\n|\n|t:|1699501613\n|move|p2a: Fish|Flamethrower|p1a: Skull\n|-crit|p1a: Skull\n|-damage|p1a: Skull|0 fnt\n|faint|p1a: Skull\n|\n|upkeep\n|\n|t:|1699501617\n|switch|p1a: Joker|Baxcalibur, M|100\/100 slp\n|turn|19\n|\n|t:|1699501628\n|move|p2a: Fish|Flamethrower|p1a: Joker\n|-damage|p1a: Joker|3\/100 slp\n|-ability|p1a: Joker|Thermal Exchange|boost\n|-boost|p1a: Joker|atk|1\n|cant|p1a: Joker|slp\n|\n|upkeep\n|turn|20\n|\n|t:|1699501635\n|move|p2a: Fish|Flamethrower|p1a: Joker\n|-damage|p1a: Joker|0 fnt\n|faint|p1a: Joker\n|\n|win|JCPenguin\n|c|\u2606thebluewizzrobe|gg\n|c|\u2606JCPenguin|gg\n|c| Antistyx|danggggg, ggz\n","uploadtime":1699501677,"views":32,"p1id":"thebluewizzrobe","p2id":"jcpenguin","formatid":"gen9ubers","rating":0,"private":0,"password":""}