{"id":"gen9ubers-1989990196","p1":"Kinesquared","p2":"MayatazKJ","format":"[Gen 9] Ubers","log":"|j|\u2606Kinesquared\n|j|\u203dMayatazKJ\n|t:|1699913121\n|gametype|singles\n|player|p1|Kinesquared|scientist-gen4dp|\n|player|p2|MayatazKJ|101|\n|teamsize|p1|6\n|teamsize|p2|6\n|gen|9\n|tier|[Gen 9] Ubers\n|rule|Sleep Clause Mod: Limit one foe put to sleep\n|rule|Species Clause: Limit one of each Pok\u00e9mon\n|rule|OHKO Clause: OHKO moves are banned\n|rule|Evasion Items Clause: Evasion items are banned\n|rule|Evasion Moves Clause: Evasion moves are banned\n|rule|Endless Battle Clause: Forcing endless battles is banned\n|rule|HP Percentage Mod: HP is shown in percentages\n|clearpoke\n|poke|p1|Cyclizar, F|\n|poke|p1|Palkia|\n|poke|p1|Slowking-Galar, F|\n|poke|p1|Arceus-Psychic|\n|poke|p1|Zacian-*|\n|poke|p1|Dialga|\n|poke|p2|Palkia-Origin|\n|poke|p2|Pelipper, M|\n|poke|p2|Palafin, M|\n|poke|p2|Talonflame, F|\n|poke|p2|Zacian-*|\n|poke|p2|Basculin-White-Striped, F|\n|teampreview\n|c|\u2606Kinesquared|good luck\n|\n|t:|1699913147\n|start\n|switch|p1a: Cyclizar|Cyclizar, F|100\/100\n|switch|p2a: Pelipper|Pelipper, M|100\/100\n|-weather|RainDance|[from] ability: Drizzle|[of] p2a: Pelipper\n|turn|1\n|\n|t:|1699913156\n|move|p1a: Cyclizar|Shed Tail|p1a: Cyclizar\n|-start|p1a: Cyclizar|Substitute|[from] move: Shed Tail\n|-damage|p1a: Cyclizar|50\/100\n|\n|t:|1699913159\n|switch|p1a: Palkia|Palkia|100\/100|[from] Shed Tail\n|-ability|p1a: Palkia|Pressure\n|move|p2a: Pelipper|Hurricane|p1a: Palkia\n|-end|p1a: Palkia|Substitute\n|\n|-weather|RainDance|[upkeep]\n|upkeep\n|turn|2\n|\n|t:|1699913174\n|switch|p2a: Talonflame|Talonflame, F|100\/100\n|move|p1a: Palkia|Scale Shot|p2a: Talonflame\n|-damage|p2a: Talonflame|85\/100\n|-damage|p2a: Talonflame|71\/100\n|-damage|p2a: Talonflame|55\/100\n|-damage|p2a: Talonflame|39\/100\n|-hitcount|p2a: Talonflame|4\n|-unboost|p1a: Palkia|def|1\n|-boost|p1a: Palkia|spe|1\n|\n|-weather|RainDance|[upkeep]\n|upkeep\n|turn|3\n|\n|t:|1699913186\n|move|p1a: Palkia|Hyper Voice|p2a: Talonflame\n|-damage|p2a: Talonflame|0 fnt\n|faint|p2a: Talonflame\n|-enditem|p1a: Palkia|Throat Spray\n|-boost|p1a: Palkia|spa|1|[from] item: Throat Spray\n|\n|-weather|RainDance|[upkeep]\n|upkeep\n|\n|t:|1699913209\n|switch|p2a: Zacian|Zacian|100\/100\n|-ability|p2a: Zacian|Intrepid Sword|boost\n|-boost|p2a: Zacian|atk|1\n|turn|4\n|\n|t:|1699913215\n|move|p1a: Palkia|Hydro Pump|p2a: Zacian\n|-damage|p2a: Zacian|0 fnt\n|faint|p2a: Zacian\n|\n|-weather|RainDance|[upkeep]\n|upkeep\n|\n|t:|1699913219\n|switch|p2a: Palafin|Palafin, M|100\/100\n|turn|5\n|\n|t:|1699913224\n|detailschange|p2a: Palafin|Palafin-Hero, M\n|switch|p2a: Palkia|Palkia-Origin|100\/100\n|-ability|p2a: Palkia|Pressure\n|move|p1a: Palkia|Spacial Rend|p2a: Palkia\n|-supereffective|p2a: Palkia\n|-damage|p2a: Palkia|0 fnt\n|faint|p2a: Palkia\n|\n|-weather|RainDance|[upkeep]\n|upkeep\n|\n|t:|1699913226\n|switch|p2a: Palafin|Palafin-Hero, M|100\/100\n|-activate|p2a: Palafin|ability: Zero to Hero\n|turn|6\n|\n|t:|1699913243\n|move|p1a: Palkia|Scale Shot|p2a: Palafin\n|-damage|p2a: Palafin|92\/100\n|-damage|p2a: Palafin|83\/100\n|-hitcount|p2a: Palafin|2\n|-unboost|p1a: Palkia|def|1\n|-boost|p1a: Palkia|spe|1\n|move|p2a: Palafin|Wave Crash|p1a: Palkia\n|-resisted|p1a: Palkia\n|-damage|p1a: Palkia|36\/100\n|-damage|p2a: Palafin|65\/100|[from] Recoil\n|\n|-weather|RainDance|[upkeep]\n|-heal|p2a: Palafin|71\/100|[from] item: Leftovers\n|upkeep\n|turn|7\n|\n|t:|1699913259\n|-terastallize|p2a: Palafin|Water\n|move|p2a: Palafin|Jet Punch|p1a: Palkia\n|-resisted|p1a: Palkia\n|-damage|p1a: Palkia|0 fnt\n|faint|p1a: Palkia\n|\n|-weather|RainDance|[upkeep]\n|-heal|p2a: Palafin|77\/100|[from] item: Leftovers\n|upkeep\n|\n|t:|1699913271\n|switch|p1a: Dialga|Dialga|100\/100\n|-ability|p1a: Dialga|Pressure\n|turn|8\n|\n|t:|1699913277\n|-terastallize|p1a: Dialga|Dragon\n|move|p1a: Dialga|Thunder|p2a: Palafin\n|-supereffective|p2a: Palafin\n|-damage|p2a: Palafin|0 fnt\n|faint|p2a: Palafin\n|\n|-weather|none\n|upkeep\n|\n|t:|1699913285\n|switch|p2a: Pelipper|Pelipper, M|100\/100\n|-weather|RainDance|[from] ability: Drizzle|[of] p2a: Pelipper\n|turn|9\n|\n|t:|1699913291\n|move|p1a: Dialga|Thunder|p2a: Pelipper\n|-supereffective|p2a: Pelipper\n|-damage|p2a: Pelipper|0 fnt\n|faint|p2a: Pelipper\n|\n|-weather|RainDance|[upkeep]\n|upkeep\n|\n|t:|1699913294\n|switch|p2a: Basculin|Basculin-White-Striped, F|100\/100\n|turn|10\n|\n|t:|1699913298\n|move|p2a: Basculin|Last Respects|p1a: Dialga\n|-damage|p1a: Dialga|32\/100\n|move|p1a: Dialga|Thunder|p2a: Basculin\n|-supereffective|p2a: Basculin\n|-damage|p2a: Basculin|0 fnt\n|faint|p2a: Basculin\n|\n|win|Kinesquared\n|c|\u2606Kinesquared|gr\n|l|\u203dMayatazKJ\n|c|\u2606Kinesquared|1-0 for me so far\n","uploadtime":1699913313,"views":50,"p1id":"kinesquared","p2id":"mayatazkj","formatid":"gen9ubers","rating":0,"private":0,"password":""}