{"id":"gen9ubers-1988565965","p1":"friezakiller","p2":"pellicano foggiano","format":"[Gen 9] Ubers","log":"|j|\u2606friezakiller\n|j|\u2606pellicano foggiano\n|t:|1699736792\n|gametype|singles\n|player|p1|friezakiller|scientistf|1074\n|player|p2|pellicano foggiano|marshal|1137\n|teamsize|p1|6\n|teamsize|p2|6\n|gen|9\n|tier|[Gen 9] Ubers\n|rated|\n|rule|Sleep Clause Mod: Limit one foe put to sleep\n|rule|Species Clause: Limit one of each Pok\u00e9mon\n|rule|OHKO Clause: OHKO moves are banned\n|rule|Evasion Items Clause: Evasion items are banned\n|rule|Evasion Moves Clause: Evasion moves are banned\n|rule|Endless Battle Clause: Forcing endless battles is banned\n|rule|HP Percentage Mod: HP is shown in percentages\n|clearpoke\n|poke|p1|Regieleki|\n|poke|p1|Espathra, F|\n|poke|p1|Annihilape, M|\n|poke|p1|Dialga-Origin|\n|poke|p1|Ogerpon-Hearthflame, F|\n|poke|p1|Gliscor, M|\n|poke|p2|Mewtwo|\n|poke|p2|Calyrex-Ice|\n|poke|p2|Espathra, M|\n|poke|p2|Arceus-Psychic|\n|poke|p2|Scream Tail|\n|poke|p2|Munkidori, M|\n|teampreview\n|inactive|Battle timer is ON: inactive players will automatically lose when time's up. (requested by pellicano foggiano)\n|\n|t:|1699736800\n|start\n|switch|p1a: Regieleki|Regieleki|100\/100\n|switch|p2a: Munkidori|Munkidori, M|100\/100\n|turn|1\n|\n|t:|1699736810\n|move|p1a: Regieleki|Light Screen|p1a: Regieleki\n|-sidestart|p1: friezakiller|move: Light Screen\n|move|p2a: Munkidori|Sludge Bomb|p1a: Regieleki\n|-damage|p1a: Regieleki|55\/100\n|-damage|p2a: Munkidori|91\/100|[from] item: Life Orb\n|\n|upkeep\n|turn|2\n|\n|t:|1699736818\n|move|p1a: Regieleki|Volt Switch|p2a: Munkidori\n|-damage|p2a: Munkidori|53\/100\n|\n|t:|1699736822\n|switch|p1a: Dialga|Dialga-Origin|100\/100|[from] Volt Switch\n|-ability|p1a: Dialga|Pressure\n|move|p2a: Munkidori|Future Sight|p1a: Dialga\n|-start|p2a: Munkidori|move: Future Sight\n|\n|upkeep\n|turn|3\n|inactive|pellicano foggiano has 120 seconds left.\n|\n|t:|1699736870\n|switch|p2a: Arceus|Arceus-Psychic|100\/100\n|move|p1a: Dialga|Stealth Rock|p2a: Arceus\n|-sidestart|p2: pellicano foggiano|move: Stealth Rock\n|\n|upkeep\n|turn|4\n|\n|t:|1699736878\n|move|p2a: Arceus|Earthquake|p1a: Dialga\n|-supereffective|p1a: Dialga\n|-damage|p1a: Dialga|49\/100\n|move|p1a: Dialga|Dragon Tail|p2a: Arceus\n|-damage|p2a: Arceus|85\/100\n|drag|p2a: Munkidori|Munkidori, M|53\/100\n|-damage|p2a: Munkidori|41\/100|[from] Stealth Rock\n|\n|-end|p1a: Dialga|move: Future Sight\n|-resisted|p1a: Dialga\n|-damage|p1a: Dialga|33\/100\n|-damage|p2a: Munkidori|31\/100|[from] item: Life Orb\n|upkeep\n|turn|5\n|\n|t:|1699736896\n|move|p2a: Munkidori|Future Sight|p1a: Dialga\n|-start|p2a: Munkidori|move: Future Sight\n|move|p1a: Dialga|Steel Beam|p2a: Munkidori\n|-damage|p2a: Munkidori|0 fnt\n|-damage|p1a: Dialga|0 fnt|[from] steelbeam\n|faint|p1a: Dialga\n|faint|p2a: Munkidori\n|\n|upkeep\n|\n|t:|1699736907\n|switch|p2a: Espathra|Espathra, M|100\/100\n|switch|p1a: Regieleki|Regieleki|55\/100\n|-damage|p2a: Espathra|88\/100|[from] Stealth Rock\n|turn|6\n|inactive|pellicano foggiano has 120 seconds left.\n|\n|t:|1699736915\n|move|p2a: Espathra|Protect|p2a: Espathra\n|-singleturn|p2a: Espathra|Protect\n|move|p1a: Regieleki|Reflect|p1a: Regieleki\n|-sidestart|p1: friezakiller|Reflect\n|\n|-heal|p2a: Espathra|94\/100|[from] item: Leftovers\n|-ability|p2a: Espathra|Speed Boost|boost\n|-boost|p2a: Espathra|spe|1\n|upkeep\n|turn|7\n|\n|t:|1699736922\n|switch|p1a: Annihilape|Annihilape, M|100\/100\n|move|p2a: Espathra|Calm Mind|p2a: Espathra\n|-boost|p2a: Espathra|spa|1\n|-boost|p2a: Espathra|spd|1\n|\n|-end|p1a: Annihilape|move: Future Sight\n|-supereffective|p1a: Annihilape\n|-damage|p1a: Annihilape|59\/100\n|-heal|p2a: Espathra|99\/100|[from] item: Leftovers\n|-ability|p2a: Espathra|Speed Boost|boost\n|-boost|p2a: Espathra|spe|1\n|upkeep\n|turn|8\n|\n|t:|1699736936\n|move|p2a: Espathra|Protect|p2a: Espathra\n|-singleturn|p2a: Espathra|Protect\n|move|p1a: Annihilape|Rest|p1a: Annihilape\n|-status|p1a: Annihilape|slp|[from] move: Rest\n|-heal|p1a: Annihilape|100\/100 slp|[silent]\n|-enditem|p1a: Annihilape|Chesto Berry|[eat]\n|-curestatus|p1a: Annihilape|slp|[msg]\n|\n|-heal|p2a: Espathra|100\/100|[from] item: Leftovers\n|-sideend|p1: friezakiller|move: Light Screen\n|-ability|p2a: Espathra|Speed Boost|boost\n|-boost|p2a: Espathra|spe|1\n|upkeep\n|turn|9\n|\n|t:|1699736951\n|-terastallize|p1a: Annihilape|Steel\n|move|p2a: Espathra|Calm Mind|p2a: Espathra\n|-boost|p2a: Espathra|spa|1\n|-boost|p2a: Espathra|spd|1\n|move|p1a: Annihilape|Bulk Up|p1a: Annihilape\n|-boost|p1a: Annihilape|atk|1\n|-boost|p1a: Annihilape|def|1\n|\n|-ability|p2a: Espathra|Speed Boost|boost\n|-boost|p2a: Espathra|spe|1\n|upkeep\n|turn|10\n|\n|t:|1699736961\n|move|p2a: Espathra|Stored Power|p1a: Annihilape\n|-resisted|p1a: Annihilape\n|-damage|p1a: Annihilape|61\/100\n|move|p1a: Annihilape|Rage Fist|p2a: Espathra\n|-supereffective|p2a: Espathra\n|-damage|p2a: Espathra|0 fnt\n|faint|p2a: Espathra\n|\n|upkeep\n|\n|t:|1699736972\n|switch|p2a: Mewtwo|Mewtwo|100\/100\n|-ability|p2a: Mewtwo|Unnerve\n|-damage|p2a: Mewtwo|88\/100|[from] Stealth Rock\n|turn|11\n|\n|t:|1699736979\n|move|p2a: Mewtwo|Aura Sphere|p1a: Annihilape\n|-supereffective|p1a: Annihilape\n|-damage|p1a: Annihilape|22\/100\n|move|p1a: Annihilape|Rage Fist|p2a: Mewtwo\n|-supereffective|p2a: Mewtwo\n|-damage|p2a: Mewtwo|0 fnt\n|faint|p2a: Mewtwo\n|\n|upkeep\n|-message|pellicano foggiano forfeited.\n|\n|win|friezakiller\n|raw|friezakiller's rating: 1074 &rarr; <strong>1108<\/strong><br \/>(+34 for winning)\n|raw|pellicano foggiano's rating: 1137 &rarr; <strong>1108<\/strong><br \/>(-29 for losing)\n|l|\u2606pellicano foggiano\n","uploadtime":1699737003,"views":4,"p1id":"friezakiller","p2id":"pellicanofoggiano","formatid":"gen9ubers","rating":1108,"private":0,"password":""}