{"id":"gen9ubers-1994437317","p1":"pkpowers310","p2":"Astyr.Pygos","format":"[Gen 9] Ubers","log":"|j|\u2606pkpowers310\n|j|\u2606Astyr.Pygos\n|t:|1700443849\n|gametype|singles\n|player|p1|pkpowers310|crasherwake|\n|player|p2|Astyr.Pygos|rosa|\n|teamsize|p1|6\n|teamsize|p2|6\n|gen|9\n|tier|[Gen 9] Ubers\n|rule|Sleep Clause Mod: Limit one foe put to sleep\n|rule|Species Clause: Limit one of each Pok\u00e9mon\n|rule|OHKO Clause: OHKO moves are banned\n|rule|Evasion Items Clause: Evasion items are banned\n|rule|Evasion Moves Clause: Evasion moves are banned\n|rule|Endless Battle Clause: Forcing endless battles is banned\n|rule|HP Percentage Mod: HP is shown in percentages\n|clearpoke\n|poke|p1|Ursaluna, M|\n|poke|p1|Alomomola, F|\n|poke|p1|Amoonguss, F|\n|poke|p1|Ting-Lu|\n|poke|p1|Hatterene, F|\n|poke|p1|Regieleki|\n|poke|p2|Iron Valiant|\n|poke|p2|Hoopa-Unbound|\n|poke|p2|Electrode|\n|poke|p2|Clodsire, M|\n|poke|p2|Altaria, M|\n|poke|p2|Grimmsnarl, M|\n|teampreview\n|j| Squirshawott\n|\n|t:|1700443875\n|start\n|switch|p1a: LearnChineseBuddy|Ting-Lu|100\/100\n|switch|p2a: Electrode|Electrode|100\/100\n|-ability|p1a: LearnChineseBuddy|Vessel of Ruin\n|turn|1\n|\n|t:|1700443909\n|switch|p2a: Grimmsnarl|Grimmsnarl, M|100\/100\n|move|p1a: LearnChineseBuddy|Earthquake|p2a: Grimmsnarl\n|-damage|p2a: Grimmsnarl|70\/100\n|\n|-heal|p2a: Grimmsnarl|76\/100|[from] item: Leftovers\n|upkeep\n|turn|2\n|\n|t:|1700443922\n|move|p2a: Grimmsnarl|Reflect|p2a: Grimmsnarl\n|-sidestart|p2: Astyr.Pygos|Reflect\n|move|p1a: LearnChineseBuddy|Spikes|p2a: Grimmsnarl\n|-sidestart|p2: Astyr.Pygos|Spikes\n|\n|-heal|p2a: Grimmsnarl|82\/100|[from] item: Leftovers\n|upkeep\n|turn|3\n|\n|t:|1700443981\n|move|p2a: Grimmsnarl|Spirit Break|p1a: LearnChineseBuddy\n|-supereffective|p1a: LearnChineseBuddy\n|-damage|p1a: LearnChineseBuddy|67\/100\n|-unboost|p1a: LearnChineseBuddy|spa|1\n|move|p1a: LearnChineseBuddy|Spikes|p2a: Grimmsnarl\n|-sidestart|p2: Astyr.Pygos|Spikes\n|\n|-heal|p2a: Grimmsnarl|88\/100|[from] item: Leftovers\n|-heal|p1a: LearnChineseBuddy|73\/100|[from] item: Leftovers\n|upkeep\n|turn|4\n|\n|t:|1700444018\n|move|p2a: Grimmsnarl|Parting Shot|p1a: LearnChineseBuddy\n|-hint|Since gen 7, Dark is immune to Prankster moves.\n|-immune|p1a: LearnChineseBuddy\n|move|p1a: LearnChineseBuddy|Spikes|p2a: Grimmsnarl\n|-sidestart|p2: Astyr.Pygos|Spikes\n|\n|-heal|p2a: Grimmsnarl|94\/100|[from] item: Leftovers\n|-heal|p1a: LearnChineseBuddy|79\/100|[from] item: Leftovers\n|upkeep\n|turn|5\n|\n|t:|1700444044\n|move|p2a: Grimmsnarl|Spirit Break|p1a: LearnChineseBuddy\n|-supereffective|p1a: LearnChineseBuddy\n|-damage|p1a: LearnChineseBuddy|47\/100\n|-unboost|p1a: LearnChineseBuddy|spa|1\n|move|p1a: LearnChineseBuddy|Whirlwind|p2a: Grimmsnarl\n|drag|p2a: Altaria|Altaria, M|100\/100\n|-ability|p2a: Altaria|Cloud Nine\n|\n|-heal|p1a: LearnChineseBuddy|53\/100|[from] item: Leftovers\n|upkeep\n|turn|6\n|\n|t:|1700444057\n|move|p2a: Altaria|Defog|p1a: LearnChineseBuddy\n|-unboost|p1a: LearnChineseBuddy|evasion|1\n|-sideend|p2: Astyr.Pygos|Spikes|[from] move: Defog|[of] p2a: Altaria\n|move|p1a: LearnChineseBuddy|Rock Slide|p2a: Altaria\n|-supereffective|p2a: Altaria\n|-damage|p2a: Altaria|86\/100\n|\n|-heal|p1a: LearnChineseBuddy|60\/100|[from] item: Leftovers\n|-sideend|p2: Astyr.Pygos|Reflect\n|upkeep\n|turn|7\n|\n|t:|1700444118\n|move|p2a: Altaria|Cotton Guard|p2a: Altaria\n|-boost|p2a: Altaria|def|3\n|move|p1a: LearnChineseBuddy|Whirlwind|p2a: Altaria\n|drag|p2a: Grimmsnarl|Grimmsnarl, M|94\/100\n|\n|-heal|p2a: Grimmsnarl|100\/100|[from] item: Leftovers\n|-heal|p1a: LearnChineseBuddy|66\/100|[from] item: Leftovers\n|upkeep\n|turn|8\n|\n|t:|1700444146\n|switch|p1a: Amoonguss|Amoonguss, F|100\/100\n|move|p2a: Grimmsnarl|Spirit Break|p1a: Amoonguss\n|-resisted|p1a: Amoonguss\n|-damage|p1a: Amoonguss|88\/100\n|-unboost|p1a: Amoonguss|spa|1\n|\n|-heal|p1a: Amoonguss|94\/100|[from] item: Black Sludge\n|upkeep\n|turn|9\n|\n|t:|1700444228\n|move|p2a: Grimmsnarl|Parting Shot|p1a: Amoonguss\n|-unboost|p1a: Amoonguss|atk|1\n|-unboost|p1a: Amoonguss|spa|1\n|\n|t:|1700444240\n|switch|p2a: Electrode|Electrode|100\/100|[from] Parting Shot\n|move|p1a: Amoonguss|Sludge Bomb|p2a: Electrode\n|-damage|p2a: Electrode|82\/100\n|\n|-heal|p1a: Amoonguss|100\/100|[from] item: Black Sludge\n|upkeep\n|turn|10\n|\n|t:|1700444257\n|switch|p1a: LearnChineseBuddy|Ting-Lu|66\/100\n|-ability|p1a: LearnChineseBuddy|Vessel of Ruin\n|move|p2a: Electrode|Light Screen|p2a: Electrode\n|-sidestart|p2: Astyr.Pygos|move: Light Screen\n|\n|-heal|p1a: LearnChineseBuddy|72\/100|[from] item: Leftovers\n|upkeep\n|turn|11\n|\n|t:|1700444331\n|switch|p2a: Grimmsnarl|Grimmsnarl, M|100\/100\n|move|p1a: LearnChineseBuddy|Spikes|p2a: Grimmsnarl\n|-sidestart|p2: Astyr.Pygos|Spikes\n|\n|-heal|p1a: LearnChineseBuddy|78\/100|[from] item: Leftovers\n|upkeep\n|turn|12\n|\n|t:|1700444377\n|switch|p1a: Freddy|Ursaluna, M|100\/100\n|move|p2a: Grimmsnarl|Spirit Break|p1a: Freddy\n|-damage|p1a: Freddy|78\/100\n|-unboost|p1a: Freddy|spa|1\n|\n|-status|p1a: Freddy|brn|[from] item: Flame Orb\n|upkeep\n|turn|13\n|\n|t:|1700444394\n|move|p2a: Grimmsnarl|Parting Shot|p1a: Freddy\n|-unboost|p1a: Freddy|atk|1\n|-unboost|p1a: Freddy|spa|1\n|\n|t:|1700444405\n|switch|p2a: Altaria|Altaria, M|86\/100|[from] Parting Shot\n|-ability|p2a: Altaria|Cloud Nine\n|move|p1a: Freddy|Brick Break|p2a: Altaria\n|-sideend|p2: Astyr.Pygos|move: Light Screen\n|-resisted|p2a: Altaria\n|-damage|p2a: Altaria|75\/100\n|\n|-damage|p1a: Freddy|71\/100 brn|[from] brn\n|upkeep\n|turn|14\n|\n|t:|1700444456\n|switch|p1a: Amoonguss|Amoonguss, F|100\/100\n|move|p2a: Altaria|Cotton Guard|p2a: Altaria\n|-boost|p2a: Altaria|def|3\n|\n|upkeep\n|turn|15\n|\n|t:|1700444469\n|move|p2a: Altaria|Ice Beam|p1a: Amoonguss\n|-supereffective|p1a: Amoonguss\n|-damage|p1a: Amoonguss|71\/100\n|move|p1a: Amoonguss|Spore|p2a: Altaria\n|-status|p2a: Altaria|slp|[from] move: Spore\n|\n|-heal|p1a: Amoonguss|78\/100|[from] item: Black Sludge\n|upkeep\n|turn|16\n|\n|t:|1700444487\n|switch|p2a: Clodsire|Clodsire, M|100\/100\n|-damage|p2a: Clodsire|88\/100|[from] Spikes\n|move|p1a: Amoonguss|Clear Smog|p2a: Clodsire\n|-resisted|p2a: Clodsire\n|-damage|p2a: Clodsire|86\/100\n|-clearboost|p2a: Clodsire\n|\n|-heal|p1a: Amoonguss|84\/100|[from] item: Black Sludge\n|upkeep\n|turn|17\n|\n|t:|1700444501\n|switch|p1a: Freddy|Ursaluna, M|71\/100 brn\n|move|p2a: Clodsire|Spikes|p1a: Freddy\n|-sidestart|p1: pkpowers310|Spikes\n|\n|-damage|p1a: Freddy|65\/100 brn|[from] brn\n|upkeep\n|turn|18\n|\n|t:|1700444531\n|switch|p2a: Altaria|Altaria, M|75\/100 slp\n|-ability|p2a: Altaria|Cloud Nine\n|move|p1a: Freddy|Earthquake|p2a: Altaria\n|-immune|p2a: Altaria\n|\n|-damage|p1a: Freddy|59\/100 brn|[from] brn\n|upkeep\n|turn|19\n|\n|t:|1700444541\n|cant|p2a: Altaria|slp\n|move|p1a: Freddy|Facade|p2a: Altaria\n|-damage|p2a: Altaria|0 fnt\n|faint|p2a: Altaria\n|\n|-damage|p1a: Freddy|53\/100 brn|[from] brn\n|upkeep\n|\n|t:|1700444604\n|switch|p2a: Iron Valiant|Iron Valiant|100\/100\n|-damage|p2a: Iron Valiant|88\/100|[from] Spikes\n|turn|20\n|\n|t:|1700444612\n|switch|p1a: Amoonguss|Amoonguss, F|100\/100\n|-damage|p1a: Amoonguss|88\/100|[from] Spikes\n|move|p2a: Iron Valiant|Close Combat|p1a: Amoonguss\n|-resisted|p1a: Amoonguss\n|-damage|p1a: Amoonguss|58\/100\n|-unboost|p2a: Iron Valiant|def|1\n|-unboost|p2a: Iron Valiant|spd|1\n|-damage|p2a: Iron Valiant|78\/100|[from] item: Life Orb\n|\n|-heal|p1a: Amoonguss|64\/100|[from] item: Black Sludge\n|upkeep\n|turn|21\n|\n|t:|1700444625\n|-end|p2a: Iron Valiant|Quark Drive|[silent]\n|switch|p2a: Clodsire|Clodsire, M|86\/100\n|-damage|p2a: Clodsire|74\/100|[from] Spikes\n|move|p1a: Amoonguss|Spore|p2a: Clodsire\n|-status|p2a: Clodsire|slp|[from] move: Spore\n|\n|-heal|p1a: Amoonguss|70\/100|[from] item: Black Sludge\n|upkeep\n|turn|22\n|\n|t:|1700444656\n|switch|p1a: Hatterene|Hatterene, F|100\/100\n|-damage|p1a: Hatterene|88\/100|[from] Spikes\n|switch|p2a: Hoopa|Hoopa-Unbound|100\/100\n|-damage|p2a: Hoopa|88\/100|[from] Spikes\n|\n|upkeep\n|turn|23\n|\n|t:|1700444668\n|move|p2a: Hoopa|Shadow Ball|p1a: Hatterene\n|-supereffective|p1a: Hatterene\n|-damage|p1a: Hatterene|4\/100\n|move|p1a: Hatterene|Trick Room|p1a: Hatterene\n|-fieldstart|move: Trick Room|[of] p1a: Hatterene\n|\n|upkeep\n|turn|24\n|\n|t:|1700444685\n|move|p1a: Hatterene|Draining Kiss|p2a: Hoopa\n|-supereffective|p2a: Hoopa\n|-damage|p2a: Hoopa|54\/100\n|-heal|p1a: Hatterene|34\/100|[from] drain|[of] p2a: Hoopa\n|move|p2a: Hoopa|Shadow Ball|p1a: Hatterene\n|-supereffective|p1a: Hatterene\n|-damage|p1a: Hatterene|0 fnt\n|faint|p1a: Hatterene\n|\n|upkeep\n|\n|t:|1700444692\n|switch|p1a: Freddy|Ursaluna, M|53\/100 brn\n|-damage|p1a: Freddy|40\/100 brn|[from] Spikes\n|turn|25\n|\n|t:|1700444769\n|switch|p2a: Grimmsnarl|Grimmsnarl, M|100\/100\n|-damage|p2a: Grimmsnarl|88\/100|[from] Spikes\n|move|p1a: Freddy|Earthquake|p2a: Grimmsnarl\n|-damage|p2a: Grimmsnarl|12\/100\n|\n|-heal|p2a: Grimmsnarl|19\/100|[from] item: Leftovers\n|-damage|p1a: Freddy|34\/100 brn|[from] brn\n|upkeep\n|turn|26\n|\n|t:|1700444785\n|move|p1a: Freddy|Brick Break|p2a: Grimmsnarl\n|-damage|p2a: Grimmsnarl|0 fnt\n|faint|p2a: Grimmsnarl\n|\n|-damage|p1a: Freddy|28\/100 brn|[from] brn\n|upkeep\n|\n|t:|1700444877\n|switch|p2a: Clodsire|Clodsire, M|74\/100 slp\n|-damage|p2a: Clodsire|62\/100 slp|[from] Spikes\n|turn|27\n|\n|t:|1700444888\n|cant|p2a: Clodsire|slp\n|move|p1a: Freddy|Earthquake|p2a: Clodsire\n|-supereffective|p2a: Clodsire\n|-damage|p2a: Clodsire|0 fnt\n|faint|p2a: Clodsire\n|\n|-damage|p1a: Freddy|21\/100 brn|[from] brn\n|-fieldend|move: Trick Room\n|upkeep\n|\n|t:|1700444923\n|switch|p2a: Hoopa|Hoopa-Unbound|54\/100\n|-damage|p2a: Hoopa|42\/100|[from] Spikes\n|turn|28\n|\n|t:|1700444933\n|move|p2a: Hoopa|Energy Ball|p1a: Freddy\n|-supereffective|p1a: Freddy\n|-damage|p1a: Freddy|0 fnt\n|faint|p1a: Freddy\n|\n|upkeep\n|\n|t:|1700444937\n|switch|p1a: Amoonguss|Amoonguss, F|100\/100\n|-damage|p1a: Amoonguss|88\/100|[from] Spikes\n|turn|29\n|\n|t:|1700444944\n|switch|p2a: Electrode|Electrode|82\/100\n|-damage|p2a: Electrode|70\/100|[from] Spikes\n|move|p1a: Amoonguss|Spore|p2a: Electrode\n|-status|p2a: Electrode|slp|[from] move: Spore\n|-enditem|p2a: Electrode|Chesto Berry|[eat]\n|-curestatus|p2a: Electrode|slp|[msg]\n|\n|-heal|p1a: Amoonguss|94\/100|[from] item: Black Sludge\n|upkeep\n|turn|30\n|\n|t:|1700444959\n|switch|p1a: LearnChineseBuddy|Ting-Lu|78\/100\n|-damage|p1a: LearnChineseBuddy|66\/100|[from] Spikes\n|-ability|p1a: LearnChineseBuddy|Vessel of Ruin\n|move|p2a: Electrode|Electric Terrain|p2a: Electrode\n|-fieldstart|move: Electric Terrain\n|\n|-heal|p1a: LearnChineseBuddy|72\/100|[from] item: Leftovers\n|upkeep\n|turn|31\n|\n|t:|1700444970\n|move|p2a: Electrode|Light Screen|p2a: Electrode\n|-sidestart|p2: Astyr.Pygos|move: Light Screen\n|move|p1a: LearnChineseBuddy|Spikes|p2a: Electrode\n|-sidestart|p2: Astyr.Pygos|Spikes\n|\n|-heal|p1a: LearnChineseBuddy|78\/100|[from] item: Leftovers\n|upkeep\n|turn|32\n|\n|t:|1700444983\n|switch|p2a: Hoopa|Hoopa-Unbound|42\/100\n|-damage|p2a: Hoopa|25\/100|[from] Spikes\n|move|p1a: LearnChineseBuddy|Spikes|p2a: Hoopa\n|-sidestart|p2: Astyr.Pygos|Spikes\n|\n|-heal|p1a: LearnChineseBuddy|85\/100|[from] item: Leftovers\n|upkeep\n|turn|33\n|\n|t:|1700445000\n|move|p2a: Hoopa|Energy Ball|p1a: LearnChineseBuddy\n|-supereffective|p1a: LearnChineseBuddy\n|-damage|p1a: LearnChineseBuddy|54\/100\n|move|p1a: LearnChineseBuddy|Earthquake|p2a: Hoopa\n|-damage|p2a: Hoopa|0 fnt\n|faint|p2a: Hoopa\n|\n|-heal|p1a: LearnChineseBuddy|60\/100|[from] item: Leftovers\n|upkeep\n|\n|t:|1700445009\n|switch|p2a: Iron Valiant|Iron Valiant|78\/100\n|-damage|p2a: Iron Valiant|53\/100|[from] Spikes\n|-activate|p2a: Iron Valiant|ability: Quark Drive\n|-start|p2a: Iron Valiant|quarkdrivespe\n|turn|34\n|\n|t:|1700445031\n|move|p2a: Iron Valiant|Close Combat|p1a: LearnChineseBuddy\n|-supereffective|p1a: LearnChineseBuddy\n|-damage|p1a: LearnChineseBuddy|0 fnt\n|-unboost|p2a: Iron Valiant|def|1\n|-unboost|p2a: Iron Valiant|spd|1\n|faint|p1a: LearnChineseBuddy\n|-damage|p2a: Iron Valiant|44\/100|[from] item: Life Orb\n|\n|-fieldend|move: Electric Terrain\n|-end|p2a: Iron Valiant|Quark Drive\n|upkeep\n|\n|t:|1700445045\n|switch|p1a: Amoonguss|Amoonguss, F|100\/100\n|-damage|p1a: Amoonguss|88\/100|[from] Spikes\n|turn|35\n|\n|t:|1700445059\n|move|p2a: Iron Valiant|Psycho Cut|p1a: Amoonguss\n|-supereffective|p1a: Amoonguss\n|-damage|p1a: Amoonguss|42\/100\n|-damage|p2a: Iron Valiant|34\/100|[from] item: Life Orb\n|move|p1a: Amoonguss|Spore|p2a: Iron Valiant\n|-status|p2a: Iron Valiant|slp|[from] move: Spore\n|\n|-heal|p1a: Amoonguss|48\/100|[from] item: Black Sludge\n|-sideend|p2: Astyr.Pygos|move: Light Screen\n|upkeep\n|turn|36\n|\n|t:|1700445078\n|cant|p2a: Iron Valiant|slp\n|move|p1a: Amoonguss|Sludge Bomb|p2a: Iron Valiant\n|-supereffective|p2a: Iron Valiant\n|-damage|p2a: Iron Valiant|0 fnt\n|faint|p2a: Iron Valiant\n|-end|p2a: Iron Valiant|Quark Drive|[silent]\n|\n|-heal|p1a: Amoonguss|55\/100|[from] item: Black Sludge\n|upkeep\n|\n|t:|1700445084\n|switch|p2a: Electrode|Electrode|70\/100\n|-damage|p2a: Electrode|45\/100|[from] Spikes\n|turn|37\n|\n|t:|1700445088\n|switch|p1a: Mrs. Blubby|Alomomola, F|100\/100\n|-damage|p1a: Mrs. Blubby|88\/100|[from] Spikes\n|move|p2a: Electrode|Light Screen|p2a: Electrode\n|-sidestart|p2: Astyr.Pygos|move: Light Screen\n|\n|upkeep\n|turn|38\n|\n|t:|1700445107\n|-terastallize|p1a: Mrs. Blubby|Fairy\n|move|p2a: Electrode|Taunt|p1a: Mrs. Blubby\n|-start|p1a: Mrs. Blubby|move: Taunt\n|move|p1a: Mrs. Blubby|Flip Turn|p2a: Electrode\n|-damage|p2a: Electrode|21\/100\n|\n|t:|1700445114\n|switch|p1a: Amoonguss|Amoonguss, F|88\/100|[from] Flip Turn\n|-damage|p1a: Amoonguss|75\/100|[from] Spikes\n|\n|-heal|p1a: Amoonguss|82\/100|[from] item: Black Sludge\n|upkeep\n|turn|39\n|\n|t:|1700445122\n|move|p2a: Electrode|Electric Terrain|p2a: Electrode\n|-fieldstart|move: Electric Terrain\n|move|p1a: Amoonguss|Spore|p2a: Electrode\n|-activate|p2a: Electrode|move: Electric Terrain\n|\n|-heal|p1a: Amoonguss|88\/100|[from] item: Black Sludge\n|upkeep\n|turn|40\n|\n|t:|1700445131\n|move|p2a: Electrode|Volt Switch|p1a: Amoonguss\n|-resisted|p1a: Amoonguss\n|-damage|p1a: Amoonguss|77\/100\n|move|p1a: Amoonguss|Giga Drain|p2a: Electrode\n|-damage|p2a: Electrode|7\/100\n|-heal|p1a: Amoonguss|83\/100|[from] drain|[of] p2a: Electrode\n|\n|-heal|p1a: Amoonguss|89\/100|[from] item: Black Sludge\n|upkeep\n|turn|41\n|\n|t:|1700445139\n|move|p2a: Electrode|Volt Switch|p1a: Amoonguss\n|-resisted|p1a: Amoonguss\n|-damage|p1a: Amoonguss|77\/100\n|move|p1a: Amoonguss|Giga Drain|p2a: Electrode\n|-damage|p2a: Electrode|0 fnt\n|-heal|p1a: Amoonguss|79\/100|[from] drain|[of] p2a: Electrode\n|faint|p2a: Electrode\n|\n|win|pkpowers310\n","uploadtime":1700445148,"views":11,"p1id":"pkpowers310","p2id":"astyrpygos","formatid":"gen9ubers","rating":0,"private":0,"password":""}