{"id":"gen9ubers-1988112117","p1":"tekuazor","p2":"AzaZelZel","format":"[Gen 9] Ubers","log":"|j|\u2606tekuazor\n|j|\u2606AzaZelZel\n|t:|1699671014\n|gametype|singles\n|player|p1|tekuazor|policeman-gen4|\n|player|p2|AzaZelZel|steven|\n|teamsize|p1|6\n|teamsize|p2|6\n|gen|9\n|tier|[Gen 9] Ubers\n|rule|Sleep Clause Mod: Limit one foe put to sleep\n|rule|Species Clause: Limit one of each Pok\u00e9mon\n|rule|OHKO Clause: OHKO moves are banned\n|rule|Evasion Items Clause: Evasion items are banned\n|rule|Evasion Moves Clause: Evasion moves are banned\n|rule|Endless Battle Clause: Forcing endless battles is banned\n|rule|HP Percentage Mod: HP is shown in percentages\n|clearpoke\n|poke|p1|Dudunsparce-*, M|\n|poke|p1|Zoroark-Hisui, M|\n|poke|p1|Maushold|\n|poke|p1|Annihilape, F|\n|poke|p1|Blissey, F|\n|poke|p1|Meloetta|\n|poke|p2|Kingambit, F|\n|poke|p2|Ting-Lu|\n|poke|p2|Roaring Moon|\n|poke|p2|Grimmsnarl, M|\n|poke|p2|Zoroark, F|\n|poke|p2|Zacian-*|\n|teampreview\n|c|\u2606AzaZelZel|gl\n|c|\u2606tekuazor|glhf\n|c|\u2606AzaZelZel|gf\n|\n|t:|1699671059\n|start\n|switch|p1a: Dudunsparce|Dudunsparce, M, shiny|100\/100\n|switch|p2a: Grimmsnarl|Grimmsnarl, M|100\/100\n|turn|1\n|\n|t:|1699671076\n|switch|p1a: Annihilape|Annihilape, F|100\/100\n|move|p2a: Grimmsnarl|Trick|p1a: Annihilape\n|-activate|p2a: Grimmsnarl|move: Trick|[of] p1a: Annihilape\n|-item|p1a: Annihilape|Choice Scarf|[from] move: Trick\n|-item|p2a: Grimmsnarl|Sitrus Berry|[from] move: Trick\n|\n|upkeep\n|turn|2\n|\n|t:|1699671101\n|switch|p2a: Roaring Moon|Roaring Moon|100\/100\n|-enditem|p2a: Roaring Moon|Booster Energy\n|-activate|p2a: Roaring Moon|ability: Protosynthesis|[fromitem]\n|-start|p2a: Roaring Moon|protosynthesisatk\n|-terastallize|p1a: Annihilape|Normal\n|move|p1a: Annihilape|Drain Punch|p2a: Roaring Moon\n|-supereffective|p2a: Roaring Moon\n|-damage|p2a: Roaring Moon|17\/100\n|\n|upkeep\n|turn|3\n|\n|t:|1699671116\n|-end|p2a: Roaring Moon|Protosynthesis|[silent]\n|switch|p2a: Grimmsnarl|Grimmsnarl, M|100\/100\n|move|p1a: Annihilape|Drain Punch|p2a: Grimmsnarl\n|-damage|p2a: Grimmsnarl|56\/100\n|\n|upkeep\n|turn|4\n|\n|t:|1699671130\n|switch|p1a: Maushold|Maushold|100\/100\n|move|p2a: Grimmsnarl|Reflect|p2a: Grimmsnarl\n|-sidestart|p2: AzaZelZel|Reflect\n|\n|upkeep\n|turn|5\n|c|\u2606AzaZelZel|se me olvido q tenes q hacer tera\n|c|\u2606AzaZelZel|jsjsjs\n|\n|t:|1699671144\n|move|p2a: Grimmsnarl|Parting Shot|p1a: Maushold\n|-unboost|p1a: Maushold|atk|1\n|-unboost|p1a: Maushold|spa|1\n|\n|t:|1699671152\n|switch|p2a: Roaring Moon|Roaring Moon|100\/100|[from] Parting Shot\n|move|p1a: Maushold|Tidy Up|p1a: Maushold\n|-boost|p1a: Maushold|atk|1\n|-boost|p1a: Maushold|spe|1\n|\n|upkeep\n|turn|6\n|c|\u2606tekuazor|oooooo ese roaring era zoroak\n|\n|t:|1699671186\n|move|p1a: Maushold|Play Rough|p2a: Roaring Moon\n|-supereffective|p2a: Roaring Moon\n|-damage|p2a: Roaring Moon|60\/100\n|replace|p2a: Zoroark|Zoroark, F\n|-end|p2a: Zoroark|Illusion\n|move|p2a: Zoroark|Knock Off|p1a: Maushold\n|-damage|p1a: Maushold|36\/100\n|-enditem|p1a: Maushold|Wide Lens|[from] move: Knock Off|[of] p2a: Zoroark\n|\n|upkeep\n|turn|7\n|c|\u2606AzaZelZel|me atrapaste\n|c|\u2606tekuazor|oooo me la volvi a creer\n|\n|t:|1699671202\n|move|p1a: Maushold|Population Bomb|p2a: Zoroark\n|-damage|p2a: Zoroark|48\/100\n|-enditem|p2a: Zoroark|Sitrus Berry|[eat]\n|-heal|p2a: Zoroark|73\/100|[from] item: Sitrus Berry\n|-damage|p2a: Zoroark|63\/100\n|-damage|p2a: Zoroark|51\/100\n|-damage|p2a: Zoroark|40\/100\n|-damage|p2a: Zoroark|29\/100\n|-damage|p2a: Zoroark|19\/100\n|-hitcount|p2a: Zoroark|6\n|move|p2a: Zoroark|Low Kick|p1a: Maushold\n|-supereffective|p1a: Maushold\n|-damage|p1a: Maushold|17\/100\n|\n|upkeep\n|turn|8\n|c|\u2606AzaZelZel|a\n|\n|t:|1699671217\n|move|p1a: Maushold|Population Bomb|p2a: Zoroark\n|-damage|p2a: Zoroark|8\/100\n|-damage|p2a: Zoroark|0 fnt\n|faint|p2a: Zoroark\n|-hitcount|p2: Zoroark|2\n|\n|upkeep\n|\n|t:|1699671220\n|switch|p2a: Zacian|Zacian-Crowned|100\/100\n|-ability|p2a: Zacian|Intrepid Sword|boost\n|-boost|p2a: Zacian|atk|1\n|turn|9\n|\n|t:|1699671236\n|-terastallize|p2a: Zacian|Dark\n|move|p1a: Maushold|Population Bomb|p2a: Zacian\n|-damage|p2a: Zacian|96\/100\n|-damage|p2a: Zacian|90\/100\n|-damage|p2a: Zacian|85\/100\n|-damage|p2a: Zacian|79\/100\n|-damage|p2a: Zacian|74\/100\n|-damage|p2a: Zacian|68\/100\n|-damage|p2a: Zacian|63\/100\n|-damage|p2a: Zacian|58\/100\n|-damage|p2a: Zacian|53\/100\n|-hitcount|p2a: Zacian|9\n|move|p2a: Zacian|Play Rough|p1a: Maushold\n|-damage|p1a: Maushold|0 fnt\n|faint|p1a: Maushold\n|\n|upkeep\n|\n|t:|1699671263\n|switch|p1a: Dudunsparce|Dudunsparce, M, shiny|100\/100\n|turn|10\n|\n|t:|1699671268\n|move|p2a: Zacian|Behemoth Blade|p1a: Dudunsparce\n|-damage|p1a: Dudunsparce|40\/100\n|-damage|p2a: Zacian|37\/100|[from] item: Rocky Helmet|[of] p1a: Dudunsparce\n|move|p1a: Dudunsparce|Glare|p2a: Zacian\n|-status|p2a: Zacian|par\n|\n|upkeep\n|turn|11\n|\n|t:|1699671277\n|move|p2a: Zacian|Behemoth Blade|p1a: Dudunsparce\n|-damage|p1a: Dudunsparce|0 fnt\n|-damage|p2a: Zacian|20\/100 par|[from] item: Rocky Helmet|[of] p1a: Dudunsparce\n|faint|p1a: Dudunsparce\n|\n|-sideend|p2: AzaZelZel|Reflect\n|upkeep\n|\n|t:|1699671284\n|switch|p1a: Annihilape|Annihilape, F, tera:Normal|100\/100\n|turn|12\n|\n|t:|1699671303\n|move|p1a: Annihilape|Drain Punch|p2a: Zacian\n|-supereffective|p2a: Zacian\n|-damage|p2a: Zacian|0 fnt\n|faint|p2a: Zacian\n|\n|upkeep\n|\n|t:|1699671305\n|switch|p2a: Grimmsnarl|Grimmsnarl, M|56\/100\n|turn|13\n|\n|t:|1699671314\n|switch|p1a: Meloetta|Meloetta|100\/100\n|move|p2a: Grimmsnarl|Reflect|p2a: Grimmsnarl\n|-sidestart|p2: AzaZelZel|Reflect\n|\n|upkeep\n|turn|14\n|\n|t:|1699671323\n|move|p2a: Grimmsnarl|Light Screen|p2a: Grimmsnarl\n|-sidestart|p2: AzaZelZel|move: Light Screen\n|move|p1a: Meloetta|Nasty Plot|p1a: Meloetta\n|-boost|p1a: Meloetta|spa|2\n|\n|upkeep\n|turn|15\n|\n|t:|1699671338\n|move|p2a: Grimmsnarl|Parting Shot|p1a: Meloetta\n|-unboost|p1a: Meloetta|atk|1\n|-unboost|p1a: Meloetta|spa|1\n|\n|t:|1699671340\n|switch|p2a: Roaring Moon|Roaring Moon|17\/100|[from] Parting Shot\n|move|p1a: Meloetta|Flamethrower|p2a: Roaring Moon\n|-resisted|p2a: Roaring Moon\n|-damage|p2a: Roaring Moon|6\/100\n|\n|upkeep\n|turn|16\n|\n|t:|1699671352\n|move|p1a: Meloetta|Hyper Voice|p2a: Roaring Moon\n|-damage|p2a: Roaring Moon|0 fnt\n|faint|p2a: Roaring Moon\n|-end|p2a: Roaring Moon|Protosynthesis|[silent]\n|\n|upkeep\n|\n|t:|1699671366\n|switch|p2a: Kingambit|Kingambit, F|100\/100\n|-activate|p2a: Kingambit|ability: Supreme Overlord\n|-start|p2a: Kingambit|fallen3|[silent]\n|turn|17\n|\n|t:|1699671374\n|move|p2a: Kingambit|Sucker Punch|p1a: Meloetta\n|-supereffective|p1a: Meloetta\n|-enditem|p1a: Meloetta|Focus Sash\n|-damage|p1a: Meloetta|1\/100\n|replace|p1a: Zoroark|Zoroark-Hisui, M, shiny\n|-end|p1a: Zoroark|Illusion\n|move|p1a: Zoroark|Bitter Malice|p2a: Kingambit\n|-resisted|p2a: Kingambit\n|-damage|p2a: Kingambit|91\/100\n|-unboost|p2a: Kingambit|atk|1\n|\n|upkeep\n|turn|18\n|\n|t:|1699671392\n|switch|p1a: Annihilape|Annihilape, F, tera:Normal|100\/100\n|move|p2a: Kingambit|Kowtow Cleave|p1a: Annihilape\n|-damage|p1a: Annihilape|63\/100\n|\n|upkeep\n|turn|19\n|\n|t:|1699671444\n|move|p1a: Annihilape|Drain Punch|p2a: Kingambit\n|-supereffective|p2a: Kingambit\n|-damage|p2a: Kingambit|42\/100\n|-heal|p1a: Annihilape|89\/100|[from] drain|[of] p2a: Kingambit\n|move|p2a: Kingambit|Low Kick|p1a: Annihilape\n|-supereffective|p1a: Annihilape\n|-damage|p1a: Annihilape|45\/100\n|\n|upkeep\n|turn|20\n|\n|t:|1699671458\n|move|p2a: Kingambit|Sucker Punch|p1a: Annihilape\n|-damage|p1a: Annihilape|14\/100\n|move|p1a: Annihilape|Drain Punch|p2a: Kingambit\n|-supereffective|p2a: Kingambit\n|-damage|p2a: Kingambit|0 fnt\n|-heal|p1a: Annihilape|36\/100|[from] drain|[of] p2a: Kingambit\n|faint|p2a: Kingambit\n|-end|p2a: Kingambit|fallen3|[silent]\n|\n|-sideend|p2: AzaZelZel|Reflect\n|upkeep\n|\n|t:|1699671462\n|switch|p2a: Ting-Lu|Ting-Lu|100\/100\n|-ability|p2a: Ting-Lu|Vessel of Ruin\n|turn|21\n|\n|t:|1699671474\n|move|p1a: Annihilape|Drain Punch|p2a: Ting-Lu\n|-supereffective|p2a: Ting-Lu\n|-damage|p2a: Ting-Lu|72\/100\n|-heal|p1a: Annihilape|55\/100|[from] drain|[of] p2a: Ting-Lu\n|move|p2a: Ting-Lu|Stealth Rock|p1a: Annihilape\n|-sidestart|p1: tekuazor|move: Stealth Rock\n|\n|-heal|p2a: Ting-Lu|79\/100|[from] item: Leftovers\n|-sideend|p2: AzaZelZel|move: Light Screen\n|upkeep\n|turn|22\n|\n|t:|1699671491\n|move|p1a: Annihilape|Drain Punch|p2a: Ting-Lu\n|-supereffective|p2a: Ting-Lu\n|-crit|p2a: Ting-Lu\n|-damage|p2a: Ting-Lu|37\/100\n|-heal|p1a: Annihilape|83\/100|[from] drain|[of] p2a: Ting-Lu\n|move|p2a: Ting-Lu|Whirlwind|p1a: Annihilape\n|drag|p1a: Meloetta|Meloetta|1\/100\n|-damage|p1a: Meloetta|0 fnt|[from] Stealth Rock\n|faint|p1a: Meloetta\n|\n|-heal|p2a: Ting-Lu|43\/100|[from] item: Leftovers\n|upkeep\n|\n|t:|1699671506\n|switch|p1a: Annihilape|Annihilape, F, tera:Normal|83\/100\n|-damage|p1a: Annihilape|71\/100|[from] Stealth Rock\n|turn|23\n|\n|t:|1699671517\n|move|p1a: Annihilape|Drain Punch|p2a: Ting-Lu\n|-supereffective|p2a: Ting-Lu\n|-damage|p2a: Ting-Lu|17\/100\n|-heal|p1a: Annihilape|88\/100|[from] drain|[of] p2a: Ting-Lu\n|move|p2a: Ting-Lu|Body Press|p1a: Annihilape\n|-supereffective|p1a: Annihilape\n|-damage|p1a: Annihilape|36\/100\n|\n|-heal|p2a: Ting-Lu|23\/100|[from] item: Leftovers\n|upkeep\n|turn|24\n|\n|t:|1699671531\n|move|p1a: Annihilape|Drain Punch|p2a: Ting-Lu\n|-supereffective|p2a: Ting-Lu\n|-damage|p2a: Ting-Lu|0 fnt\n|-heal|p1a: Annihilape|52\/100|[from] drain|[of] p2a: Ting-Lu\n|faint|p2a: Ting-Lu\n|\n|upkeep\n|\n|t:|1699671533\n|switch|p2a: Grimmsnarl|Grimmsnarl, M|56\/100\n|turn|25\n|\n|t:|1699671541\n|move|p1a: Annihilape|Drain Punch|p2a: Grimmsnarl\n|-damage|p2a: Grimmsnarl|16\/100\n|-heal|p1a: Annihilape|73\/100|[from] drain|[of] p2a: Grimmsnarl\n|move|p2a: Grimmsnarl|Spirit Break|p1a: Annihilape\n|-crit|p1a: Annihilape\n|-damage|p1a: Annihilape|32\/100\n|-unboost|p1a: Annihilape|spa|1\n|-ability|p1a: Annihilape|Defiant|boost\n|-boost|p1a: Annihilape|atk|2\n|\n|upkeep\n|turn|26\n|\n|t:|1699671547\n|move|p1a: Annihilape|Drain Punch|p2a: Grimmsnarl\n|-damage|p2a: Grimmsnarl|0 fnt\n|-heal|p1a: Annihilape|40\/100|[from] drain|[of] p2a: Grimmsnarl\n|faint|p2a: Grimmsnarl\n|\n|win|tekuazor\n|c|\u2606AzaZelZel|jsjs\n|c|\u2606AzaZelZel|ggs\n|c|\u2606tekuazor|gg\n|l|\u2606AzaZelZel\n|l|\u2606tekuazor\n|j|\u2606tekuazor\n|player|p1|tekuazor|policeman-gen4\n","uploadtime":1699672097,"views":20,"p1id":"tekuazor","p2id":"azazelzel","formatid":"gen9ubers","rating":0,"private":0,"password":""}