{"id":"gen9ubers-1982743965","p1":"uubers account","p2":"fmfnr","format":"[Gen 9] Ubers","log":"|j|\u2606uubers account\n|j|\u2606fmfnr\n|t:|1699040812\n|gametype|singles\n|player|p1|uubers account|170|1430\n|player|p2|fmfnr|hilbert|1400\n|teamsize|p1|6\n|teamsize|p2|6\n|gen|9\n|tier|[Gen 9] Ubers\n|rated|\n|rule|Sleep Clause Mod: Limit one foe put to sleep\n|rule|Species Clause: Limit one of each Pok\u00e9mon\n|rule|OHKO Clause: OHKO moves are banned\n|rule|Evasion Items Clause: Evasion items are banned\n|rule|Evasion Moves Clause: Evasion moves are banned\n|rule|Endless Battle Clause: Forcing endless battles is banned\n|rule|HP Percentage Mod: HP is shown in percentages\n|clearpoke\n|poke|p1|Miraidon|\n|poke|p1|Koraidon|\n|poke|p1|Skeledirge, F|\n|poke|p1|Giratina-Origin|\n|poke|p1|Arceus-Fairy|\n|poke|p1|Kingambit, F|\n|poke|p2|Chien-Pao|\n|poke|p2|Koraidon|\n|poke|p2|Flutter Mane|\n|poke|p2|Skeledirge, M|\n|poke|p2|Toxapex, F|\n|poke|p2|Dialga-Origin|\n|teampreview\n|c|\u2606uubers account|glhf\n|\n|t:|1699040831\n|start\n|switch|p1a: Miraidon|Miraidon|100\/100\n|switch|p2a: Chien-Pao|Chien-Pao|100\/100\n|-fieldstart|move: Electric Terrain|[from] ability: Hadron Engine|[of] p1a: Miraidon\n|-ability|p2a: Chien-Pao|Sword of Ruin\n|turn|1\n|\n|t:|1699040840\n|move|p1a: Miraidon|U-turn|p2a: Chien-Pao\n|-supereffective|p2a: Chien-Pao\n|-damage|p2a: Chien-Pao|69\/100\n|\n|t:|1699040841\n|switch|p1a: Giratina|Giratina-Origin|100\/100|[from] U-turn\n|move|p2a: Chien-Pao|Icicle Crash|p1a: Giratina|[miss]\n|-miss|p2a: Chien-Pao|p1a: Giratina\n|\n|upkeep\n|turn|2\n|\n|t:|1699040857\n|move|p2a: Chien-Pao|Icicle Crash|p1a: Giratina\n|-supereffective|p1a: Giratina\n|-damage|p1a: Giratina|23\/100\n|move|p1a: Giratina|Will-O-Wisp|p2a: Chien-Pao|[miss]\n|-miss|p1a: Giratina|p2a: Chien-Pao\n|\n|upkeep\n|turn|3\n|\n|t:|1699040864\n|switch|p1a: Skeledirge|Skeledirge, F|100\/100\n|move|p2a: Chien-Pao|Icicle Crash|p1a: Skeledirge\n|-resisted|p1a: Skeledirge\n|-damage|p1a: Skeledirge|83\/100\n|\n|upkeep\n|turn|4\n|\n|t:|1699040870\n|switch|p2a: Dialga|Dialga-Origin|100\/100\n|-ability|p2a: Dialga|Pressure\n|-terastallize|p1a: Skeledirge|Fairy\n|move|p1a: Skeledirge|Will-O-Wisp|p2a: Dialga\n|-status|p2a: Dialga|brn\n|\n|-damage|p2a: Dialga|94\/100 brn|[from] brn\n|upkeep\n|turn|5\n|\n|t:|1699040884\n|switch|p1a: Giratina|Giratina-Origin|23\/100\n|move|p2a: Dialga|Stealth Rock|p1a: Giratina\n|-sidestart|p1: uubers account|move: Stealth Rock\n|\n|-damage|p2a: Dialga|88\/100 brn|[from] brn\n|-fieldend|move: Electric Terrain\n|upkeep\n|turn|6\n|\n|t:|1699040887\n|move|p1a: Giratina|Defog|p2a: Dialga\n|-unboost|p2a: Dialga|evasion|1\n|-sideend|p1: uubers account|Stealth Rock|[from] move: Defog|[of] p1a: Giratina\n|move|p2a: Dialga|Dragon Tail|p1a: Giratina\n|-supereffective|p1a: Giratina\n|-damage|p1a: Giratina|6\/100\n|drag|p1a: Kingambit|Kingambit, F|100\/100\n|\n|-damage|p2a: Dialga|82\/100 brn|[from] brn\n|upkeep\n|turn|7\n|\n|t:|1699040899\n|move|p2a: Dialga|Stealth Rock|p1a: Kingambit\n|-sidestart|p1: uubers account|move: Stealth Rock\n|move|p1a: Kingambit|Swords Dance|p1a: Kingambit\n|-boost|p1a: Kingambit|atk|2\n|\n|-damage|p2a: Dialga|76\/100 brn|[from] brn\n|upkeep\n|turn|8\n|\n|t:|1699040904\n|move|p2a: Dialga|Earth Power|p1a: Kingambit\n|-supereffective|p1a: Kingambit\n|-damage|p1a: Kingambit|40\/100\n|move|p1a: Kingambit|Kowtow Cleave|p2a: Dialga\n|-damage|p2a: Dialga|0 fnt\n|faint|p2a: Dialga\n|\n|upkeep\n|\n|t:|1699040910\n|switch|p2a: Skeledirge|Skeledirge, M|100\/100\n|turn|9\n|\n|t:|1699040914\n|move|p1a: Kingambit|Kowtow Cleave|p2a: Skeledirge\n|-supereffective|p2a: Skeledirge\n|-damage|p2a: Skeledirge|0 fnt\n|faint|p2a: Skeledirge\n|\n|upkeep\n|\n|t:|1699040922\n|switch|p2a: Koraidon|Koraidon|100\/100\n|-weather|SunnyDay|[from] ability: Orichalcum Pulse|[of] p2a: Koraidon\n|-activate|p2a: Koraidon|Orichalcum Pulse|[source]\n|turn|10\n|c|\u2606uubers account|spdef?\n|\n|t:|1699040942\n|move|p2a: Koraidon|Collision Course|p1a: Kingambit\n|-supereffective|p1a: Kingambit\n|-damage|p1a: Kingambit|0 fnt\n|faint|p1a: Kingambit\n|-end|p1a: Kingambit|fallenundefined|[silent]\n|\n|-weather|SunnyDay|[upkeep]\n|upkeep\n|\n|t:|1699040943\n|switch|p1a: Skeledirge|Skeledirge, F, tera:Fairy|83\/100\n|turn|11\n|\n|t:|1699040952\n|switch|p2a: Toxapex|Toxapex, F|100\/100\n|move|p1a: Skeledirge|Torch Song|p2a: Toxapex\n|-resisted|p2a: Toxapex\n|-damage|p2a: Toxapex|82\/100\n|-boost|p1a: Skeledirge|spa|1\n|\n|-weather|SunnyDay|[upkeep]\n|upkeep\n|turn|12\n|\n|t:|1699040955\n|move|p1a: Skeledirge|Hex|p2a: Toxapex\n|-damage|p2a: Toxapex|52\/100\n|move|p2a: Toxapex|Haze|p2a: Toxapex\n|-clearallboost\n|\n|-weather|SunnyDay|[upkeep]\n|upkeep\n|turn|13\n|\n|t:|1699040962\n|move|p1a: Skeledirge|Will-O-Wisp|p2a: Toxapex\n|-status|p2a: Toxapex|brn\n|move|p2a: Toxapex|Recover|p2a: Toxapex\n|-heal|p2a: Toxapex|100\/100 brn\n|\n|-weather|SunnyDay|[upkeep]\n|-damage|p2a: Toxapex|94\/100 brn|[from] brn\n|upkeep\n|turn|14\n|\n|t:|1699040969\n|move|p1a: Skeledirge|Hex|p2a: Toxapex\n|-damage|p2a: Toxapex|53\/100 brn\n|move|p2a: Toxapex|Toxic|p1a: Skeledirge\n|-status|p1a: Skeledirge|tox\n|\n|-weather|none\n|-damage|p1a: Skeledirge|77\/100 tox|[from] psn\n|-damage|p2a: Toxapex|47\/100 brn|[from] brn\n|upkeep\n|turn|15\n|\n|t:|1699040978\n|switch|p1a: Giratina|Giratina-Origin|6\/100\n|-damage|p1a: Giratina|0 fnt|[from] Stealth Rock\n|faint|p1a: Giratina\n|move|p2a: Toxapex|Recover|p2a: Toxapex\n|-heal|p2a: Toxapex|97\/100 brn\n|\n|-damage|p2a: Toxapex|91\/100 brn|[from] brn\n|upkeep\n|\n|t:|1699040983\n|switch|p1a: Miraidon|Miraidon|100\/100\n|-damage|p1a: Miraidon|88\/100|[from] Stealth Rock\n|-fieldstart|move: Electric Terrain|[from] ability: Hadron Engine|[of] p1a: Miraidon\n|turn|16\n|\n|t:|1699041004\n|move|p1a: Miraidon|Electro Drift|p2a: Toxapex\n|-supereffective|p2a: Toxapex\n|-damage|p2a: Toxapex|0 fnt\n|-damage|p1a: Miraidon|72\/100|[from] item: Rocky Helmet|[of] p2a: Toxapex\n|faint|p2a: Toxapex\n|\n|upkeep\n|\n|t:|1699041009\n|switch|p2a: Chien-Pao|Chien-Pao|69\/100\n|-ability|p2a: Chien-Pao|Sword of Ruin\n|turn|17\n|\n|t:|1699041018\n|move|p1a: Miraidon|Electro Drift|p2a: Chien-Pao\n|-damage|p2a: Chien-Pao|0 fnt\n|faint|p2a: Chien-Pao\n|\n|upkeep\n|\n|t:|1699041023\n|switch|p2a: Koraidon|Koraidon|100\/100\n|-weather|SunnyDay|[from] ability: Orichalcum Pulse|[of] p2a: Koraidon\n|-activate|p2a: Koraidon|Orichalcum Pulse|[source]\n|turn|18\n|\n|t:|1699041028\n|switch|p1a: Skeledirge|Skeledirge, F, tera:Fairy|77\/100 tox\n|move|p2a: Koraidon|Dragon Claw|p1a: Skeledirge\n|-immune|p1a: Skeledirge\n|\n|-weather|SunnyDay|[upkeep]\n|-damage|p1a: Skeledirge|71\/100 tox|[from] psn\n|upkeep\n|turn|19\n|\n|t:|1699041031\n|switch|p2a: Flutter Mane|Flutter Mane|100\/100\n|-activate|p2a: Flutter Mane|ability: Protosynthesis\n|-start|p2a: Flutter Mane|protosynthesisspe\n|move|p1a: Skeledirge|Will-O-Wisp|p2a: Flutter Mane\n|-status|p2a: Flutter Mane|brn\n|\n|-weather|SunnyDay|[upkeep]\n|-damage|p1a: Skeledirge|59\/100 tox|[from] psn\n|-damage|p2a: Flutter Mane|95\/100 brn|[from] brn\n|upkeep\n|turn|20\n|\n|t:|1699041036\n|move|p2a: Flutter Mane|Moonblast|p1a: Skeledirge\n|-damage|p1a: Skeledirge|0 fnt\n|faint|p1a: Skeledirge\n|-damage|p2a: Flutter Mane|85\/100 brn|[from] item: Life Orb\n|\n|-weather|SunnyDay|[upkeep]\n|-damage|p2a: Flutter Mane|79\/100 brn|[from] brn\n|-fieldend|move: Electric Terrain\n|upkeep\n|\n|t:|1699041043\n|switch|p1a: Arceus|Arceus-Fairy|100\/100\n|-damage|p1a: Arceus|88\/100|[from] Stealth Rock\n|turn|21\n|\n|t:|1699041055\n|move|p2a: Flutter Mane|Moonblast|p1a: Arceus\n|-damage|p1a: Arceus|45\/100\n|-damage|p2a: Flutter Mane|69\/100 brn|[from] item: Life Orb\n|move|p1a: Arceus|Judgment|p2a: Flutter Mane\n|-damage|p2a: Flutter Mane|20\/100 brn\n|\n|-weather|SunnyDay|[upkeep]\n|-damage|p2a: Flutter Mane|14\/100 brn|[from] brn\n|upkeep\n|turn|22\n|\n|t:|1699041068\n|switch|p1a: Koraidon|Koraidon|100\/100\n|-damage|p1a: Koraidon|94\/100|[from] Stealth Rock\n|-activate|p1a: Koraidon|ability: Orichalcum Pulse\n|move|p2a: Flutter Mane|Taunt|p1a: Koraidon\n|-start|p1a: Koraidon|move: Taunt\n|\n|-weather|none\n|-end|p2a: Flutter Mane|Protosynthesis\n|-damage|p2a: Flutter Mane|8\/100 brn|[from] brn\n|upkeep\n|turn|23\n|\n|t:|1699041076\n|move|p1a: Koraidon|Flare Blitz|p2a: Flutter Mane\n|-damage|p2a: Flutter Mane|0 fnt\n|faint|p2a: Flutter Mane\n|-end|p2a: Flutter Mane|Protosynthesis|[silent]\n|-damage|p1a: Koraidon|93\/100|[from] Recoil\n|\n|upkeep\n|\n|t:|1699041078\n|switch|p2a: Koraidon|Koraidon|100\/100\n|-weather|SunnyDay|[from] ability: Orichalcum Pulse|[of] p2a: Koraidon\n|-activate|p2a: Koraidon|Orichalcum Pulse|[source]\n|turn|24\n|\n|t:|1699041090\n|move|p2a: Koraidon|Collision Course|p1a: Koraidon\n|-damage|p1a: Koraidon|0 fnt\n|faint|p1a: Koraidon\n|\n|-weather|SunnyDay|[upkeep]\n|upkeep\n|\n|t:|1699041096\n|switch|p1a: Miraidon|Miraidon|72\/100\n|-damage|p1a: Miraidon|59\/100|[from] Stealth Rock\n|-fieldstart|move: Electric Terrain|[from] ability: Hadron Engine|[of] p1a: Miraidon\n|turn|25\n|\n|t:|1699041101\n|-terastallize|p2a: Koraidon|Fire\n|move|p1a: Miraidon|Draco Meteor|p2a: Koraidon\n|-damage|p2a: Koraidon|3\/100\n|-unboost|p1a: Miraidon|spa|2\n|move|p2a: Koraidon|Collision Course|p1a: Miraidon\n|-damage|p1a: Miraidon|0 fnt\n|faint|p1a: Miraidon\n|\n|-weather|SunnyDay|[upkeep]\n|upkeep\n|\n|t:|1699041109\n|switch|p1a: Arceus|Arceus-Fairy|45\/100\n|-damage|p1a: Arceus|33\/100|[from] Stealth Rock\n|turn|26\n|c|\u2606uubers account|gg\n|\n|t:|1699041116\n|move|p2a: Koraidon|Collision Course|p1a: Arceus\n|-resisted|p1a: Arceus\n|-crit|p1a: Arceus\n|-damage|p1a: Arceus|0 fnt\n|faint|p1a: Arceus\n|\n|win|fmfnr\n|raw|uubers account's rating: 1430 &rarr; <strong>1408<\/strong><br \/>(-22 for losing)\n|raw|fmfnr's rating: 1400 &rarr; <strong>1422<\/strong><br \/>(+22 for winning)\n|c|\u2606uubers account|crit\n","uploadtime":1699041126,"views":14,"p1id":"uubersaccount","p2id":"fmfnr","formatid":"gen9ubers","rating":1408,"private":0,"password":""}