{"id":"gen9ubers-1980604635","p1":"Chahess03","p2":"SadaShidz\ufe0f","format":"[Gen 9] Ubers","log":"|j|\u2606Chahess03\n|j|\u2606SadaShidz\ufe0f\n|t:|1698802351\n|gametype|singles\n|player|p1|Chahess03|1|1082\n|player|p2|SadaShidz\ufe0f|sada-ai|1185\n|teamsize|p1|6\n|teamsize|p2|6\n|gen|9\n|tier|[Gen 9] Ubers\n|rated|\n|rule|Sleep Clause Mod: Limit one foe put to sleep\n|rule|Species Clause: Limit one of each Pok\u00e9mon\n|rule|OHKO Clause: OHKO moves are banned\n|rule|Evasion Items Clause: Evasion items are banned\n|rule|Evasion Moves Clause: Evasion moves are banned\n|rule|Endless Battle Clause: Forcing endless battles is banned\n|rule|HP Percentage Mod: HP is shown in percentages\n|clearpoke\n|poke|p1|Glimmora, F|\n|poke|p1|Ludicolo, F|\n|poke|p1|Walking Wake|\n|poke|p1|Eternatus|\n|poke|p1|Basculegion, M|\n|poke|p1|Kyogre|\n|poke|p2|Glimmora, F|\n|poke|p2|Landorus-Therian, M|\n|poke|p2|Arceus-Ghost|\n|poke|p2|Iron Valiant|\n|poke|p2|Polteageist-Antique|\n|poke|p2|Kingambit, M|\n|teampreview\n|inactive|Battle timer is ON: inactive players will automatically lose when time's up. (requested by SadaShidz\ufe0f)\n|\n|t:|1698802376\n|start\n|switch|p1a: Kyogre|Kyogre|100\/100\n|switch|p2a: Mora The Explorer|Glimmora, F|100\/100\n|-weather|RainDance|[from] ability: Drizzle|[of] p1a: Kyogre\n|turn|1\n|\n|t:|1698802384\n|switch|p1a: Eternatus|Eternatus|100\/100\n|-ability|p1a: Eternatus|Pressure\n|move|p2a: Mora The Explorer|Stealth Rock|p1a: Eternatus\n|-sidestart|p1: Chahess03|move: Stealth Rock\n|\n|-weather|RainDance|[upkeep]\n|upkeep\n|turn|2\n|\n|t:|1698802391\n|switch|p2a: Lan Dan|Landorus-Therian, M, shiny|100\/100\n|-ability|p2a: Lan Dan|Intimidate|boost\n|-unboost|p1a: Eternatus|atk|1\n|move|p1a: Eternatus|Dynamax Cannon|p2a: Lan Dan\n|-damage|p2a: Lan Dan|22\/100\n|\n|-weather|RainDance|[upkeep]\n|upkeep\n|turn|3\n|\n|t:|1698802411\n|move|p1a: Eternatus|Dynamax Cannon|p2a: Lan Dan\n|-damage|p2a: Lan Dan|0 fnt\n|faint|p2a: Lan Dan\n|\n|-weather|RainDance|[upkeep]\n|upkeep\n|\n|t:|1698802418\n|switch|p2a: Yamz|Arceus-Ghost, shiny|100\/100\n|turn|4\n|\n|t:|1698802429\n|switch|p1a: Ludicolo|Ludicolo, F|100\/100\n|-damage|p1a: Ludicolo|88\/100|[from] Stealth Rock\n|move|p2a: Yamz|Calm Mind|p2a: Yamz\n|-boost|p2a: Yamz|spa|1\n|-boost|p2a: Yamz|spd|1\n|\n|-weather|RainDance|[upkeep]\n|upkeep\n|turn|5\n|\n|t:|1698802441\n|move|p1a: Ludicolo|Encore|p2a: Yamz\n|-start|p2a: Yamz|Encore\n|move|p2a: Yamz|Calm Mind|p2a: Yamz\n|-boost|p2a: Yamz|spa|1\n|-boost|p2a: Yamz|spd|1\n|\n|-weather|RainDance|[upkeep]\n|upkeep\n|turn|6\n|\n|t:|1698802446\n|switch|p1a: Glimmora|Glimmora, F|100\/100\n|-damage|p1a: Glimmora|88\/100|[from] Stealth Rock\n|move|p2a: Yamz|Calm Mind|p2a: Yamz\n|-boost|p2a: Yamz|spa|1\n|-boost|p2a: Yamz|spd|1\n|\n|-weather|RainDance|[upkeep]\n|upkeep\n|turn|7\n|\n|t:|1698802449\n|move|p2a: Yamz|Calm Mind|p2a: Yamz\n|-boost|p2a: Yamz|spa|1\n|-boost|p2a: Yamz|spd|1\n|move|p1a: Glimmora|Mortal Spin|p2a: Yamz\n|-resisted|p2a: Yamz\n|-damage|p2a: Yamz|98\/100\n|-status|p2a: Yamz|psn\n|-sideend|p1: Chahess03|Stealth Rock|[from] move: Mortal Spin|[of] p1a: Glimmora\n|\n|-weather|RainDance|[upkeep]\n|-damage|p2a: Yamz|86\/100 psn|[from] psn\n|-end|p2a: Yamz|Encore\n|upkeep\n|turn|8\n|\n|t:|1698802456\n|move|p2a: Yamz|Judgment|p1a: Glimmora\n|-damage|p1a: Glimmora|0 fnt\n|faint|p1a: Glimmora\n|\n|-weather|none\n|-damage|p2a: Yamz|74\/100 psn|[from] psn\n|upkeep\n|\n|t:|1698802463\n|switch|p1a: Kyogre|Kyogre|100\/100\n|-weather|RainDance|[from] ability: Drizzle|[of] p1a: Kyogre\n|turn|9\n|\n|t:|1698802469\n|move|p2a: Yamz|Judgment|p1a: Kyogre\n|-damage|p1a: Kyogre|0 fnt\n|faint|p1a: Kyogre\n|\n|-weather|RainDance|[upkeep]\n|-damage|p2a: Yamz|61\/100 psn|[from] psn\n|upkeep\n|\n|t:|1698802472\n|switch|p1a: Basculegion|Basculegion, M|100\/100\n|turn|10\n|\n|t:|1698802495\n|move|p1a: Basculegion|Wave Crash|p2a: Yamz\n|-damage|p2a: Yamz|0 fnt\n|faint|p2a: Yamz\n|-damage|p1a: Basculegion|77\/100|[from] Recoil\n|\n|-weather|RainDance|[upkeep]\n|upkeep\n|\n|t:|1698802505\n|switch|p2a: Mora The Explorer|Glimmora, F|100\/100\n|turn|11\n|\n|t:|1698802521\n|move|p1a: Basculegion|Wave Crash|p2a: Mora The Explorer\n|-supereffective|p2a: Mora The Explorer\n|-enditem|p2a: Mora The Explorer|Focus Sash\n|-damage|p2a: Mora The Explorer|1\/100\n|-activate|p2a: Mora The Explorer|ability: Toxic Debris\n|-sidestart|p1: Chahess03|move: Toxic Spikes\n|-damage|p1a: Basculegion|51\/100|[from] Recoil\n|move|p2a: Mora The Explorer|Sludge Wave|p1a: Basculegion\n|-resisted|p1a: Basculegion\n|-damage|p1a: Basculegion|23\/100\n|\n|-weather|RainDance|[upkeep]\n|upkeep\n|turn|12\n|\n|t:|1698802529\n|move|p1a: Basculegion|Wave Crash|p2a: Mora The Explorer\n|-supereffective|p2a: Mora The Explorer\n|-damage|p2a: Mora The Explorer|0 fnt\n|-activate|p2a: Mora The Explorer|ability: Toxic Debris\n|-sidestart|p1: Chahess03|move: Toxic Spikes\n|faint|p2a: Mora The Explorer\n|-damage|p1a: Basculegion|23\/100|[from] Recoil\n|\n|-weather|RainDance|[upkeep]\n|upkeep\n|\n|t:|1698802537\n|switch|p2a: Chess Master|Kingambit, M, shiny|100\/100\n|-activate|p2a: Chess Master|ability: Supreme Overlord\n|-start|p2a: Chess Master|fallen3|[silent]\n|turn|13\n|\n|t:|1698802545\n|switch|p1a: Eternatus|Eternatus|100\/100\n|-sideend|p1: Chahess03|move: Toxic Spikes|[of] p1a: Eternatus\n|-ability|p1a: Eternatus|Pressure\n|move|p2a: Chess Master|Sucker Punch||[still]\n|-fail|p2a: Chess Master\n|\n|-weather|RainDance|[upkeep]\n|upkeep\n|turn|14\n|\n|t:|1698802559\n|move|p1a: Eternatus|Dynamax Cannon|p2a: Chess Master\n|-resisted|p2a: Chess Master\n|-damage|p2a: Chess Master|74\/100\n|move|p2a: Chess Master|Kowtow Cleave|p1a: Eternatus\n|-damage|p1a: Eternatus|31\/100\n|\n|-weather|RainDance|[upkeep]\n|-heal|p1a: Eternatus|37\/100|[from] item: Leftovers\n|upkeep\n|turn|15\n|\n|t:|1698802565\n|move|p2a: Chess Master|Sucker Punch||[still]\n|-fail|p2a: Chess Master\n|move|p1a: Eternatus|Recover|p1a: Eternatus\n|-heal|p1a: Eternatus|87\/100\n|\n|-weather|RainDance|[upkeep]\n|-heal|p1a: Eternatus|94\/100|[from] item: Leftovers\n|upkeep\n|turn|16\n|\n|t:|1698802568\n|move|p1a: Eternatus|Dynamax Cannon|p2a: Chess Master\n|-resisted|p2a: Chess Master\n|-damage|p2a: Chess Master|46\/100\n|move|p2a: Chess Master|Kowtow Cleave|p1a: Eternatus\n|-damage|p1a: Eternatus|28\/100\n|\n|-weather|none\n|-heal|p1a: Eternatus|34\/100|[from] item: Leftovers\n|upkeep\n|turn|17\n|\n|t:|1698802576\n|-terastallize|p1a: Eternatus|Steel\n|move|p1a: Eternatus|Recover|p1a: Eternatus\n|-heal|p1a: Eternatus|84\/100\n|move|p2a: Chess Master|Kowtow Cleave|p1a: Eternatus\n|-damage|p1a: Eternatus|15\/100\n|\n|-heal|p1a: Eternatus|21\/100|[from] item: Leftovers\n|upkeep\n|turn|18\n|\n|t:|1698802583\n|move|p1a: Eternatus|Recover|p1a: Eternatus\n|-heal|p1a: Eternatus|71\/100\n|move|p2a: Chess Master|Low Kick|p1a: Eternatus\n|-supereffective|p1a: Eternatus\n|-damage|p1a: Eternatus|0 fnt\n|faint|p1a: Eternatus\n|\n|upkeep\n|\n|t:|1698802591\n|switch|p1a: Ludicolo|Ludicolo, F|88\/100\n|turn|19\n|\n|t:|1698802597\n|move|p1a: Ludicolo|Encore|p2a: Chess Master\n|-start|p2a: Chess Master|Encore\n|move|p2a: Chess Master|Low Kick|p1a: Ludicolo\n|-damage|p1a: Ludicolo|25\/100\n|\n|upkeep\n|turn|20\n|\n|t:|1698802605\n|-end|p2a: Chess Master|fallen3|[silent]\n|switch|p2a: XJ9|Iron Valiant|100\/100\n|-enditem|p2a: XJ9|Booster Energy\n|-activate|p2a: XJ9|ability: Quark Drive|[fromitem]\n|-start|p2a: XJ9|quarkdrivespe\n|move|p1a: Ludicolo|Hydro Pump|p2a: XJ9\n|-damage|p2a: XJ9|0 fnt\n|faint|p2a: XJ9\n|-end|p2a: XJ9|Quark Drive|[silent]\n|-damage|p1a: Ludicolo|15\/100|[from] item: Life Orb\n|\n|upkeep\n|\n|t:|1698802611\n|switch|p2a: Teakaboo|Polteageist-Antique, shiny|100\/100\n|turn|21\n|\n|t:|1698802619\n|move|p2a: Teakaboo|Shell Smash|p2a: Teakaboo\n|-unboost|p2a: Teakaboo|def|1\n|-unboost|p2a: Teakaboo|spd|1\n|-boost|p2a: Teakaboo|atk|2\n|-boost|p2a: Teakaboo|spa|2\n|-boost|p2a: Teakaboo|spe|2\n|move|p1a: Ludicolo|Hydro Pump|p2a: Teakaboo\n|-enditem|p2a: Teakaboo|Focus Sash\n|-damage|p2a: Teakaboo|1\/100\n|-damage|p1a: Ludicolo|5\/100|[from] item: Life Orb\n|\n|upkeep\n|turn|22\n|\n|t:|1698802624\n|move|p2a: Teakaboo|Giga Drain|p1a: Ludicolo\n|-damage|p1a: Ludicolo|0 fnt\n|-heal|p2a: Teakaboo|4\/100|[from] drain|[of] p1a: Ludicolo\n|faint|p1a: Ludicolo\n|\n|upkeep\n|\n|t:|1698802631\n|switch|p1a: Walking Wake|Walking Wake|100\/100\n|turn|23\n|\n|t:|1698802634\n|move|p2a: Teakaboo|Shadow Ball|p1a: Walking Wake\n|-damage|p1a: Walking Wake|0 fnt\n|faint|p1a: Walking Wake\n|-end|p1a: Walking Wake|Protosynthesis|[silent]\n|\n|upkeep\n|\n|t:|1698802636\n|switch|p1a: Basculegion|Basculegion, M|23\/100\n|turn|24\n|\n|t:|1698802641\n|move|p2a: Teakaboo|Shadow Ball|p1a: Basculegion\n|-supereffective|p1a: Basculegion\n|-damage|p1a: Basculegion|0 fnt\n|faint|p1a: Basculegion\n|\n|win|SadaShidz\ufe0f\n|raw|Chahess03's rating: 1082 &rarr; <strong>1066<\/strong><br \/>(-16 for losing)\n|raw|SadaShidz\ufe0f's rating: 1185 &rarr; <strong>1203<\/strong><br \/>(+18 for winning)\n|l|\u2606Chahess03\n|c|\u2606SadaShidz\ufe0f|Gg\n","uploadtime":1698802657,"views":7,"p1id":"chahess03","p2id":"sadashidz","formatid":"gen9ubers","rating":1066,"private":0,"password":""}