{"id":"gen9ubers-1991392340","p1":"Kachowow","p2":"MORGAN5358","format":"[Gen 9] Ubers","log":"|j|\u2606Kachowow\n|j|\u2606MORGAN5358\n|t:|1700073276\n|gametype|singles\n|player|p1|Kachowow|cook-gen7|\n|player|p2|MORGAN5358|skyla|\n|teamsize|p1|6\n|teamsize|p2|6\n|gen|9\n|tier|[Gen 9] Ubers\n|rule|Sleep Clause Mod: Limit one foe put to sleep\n|rule|Species Clause: Limit one of each Pok\u00e9mon\n|rule|OHKO Clause: OHKO moves are banned\n|rule|Evasion Items Clause: Evasion items are banned\n|rule|Evasion Moves Clause: Evasion moves are banned\n|rule|Endless Battle Clause: Forcing endless battles is banned\n|rule|HP Percentage Mod: HP is shown in percentages\n|clearpoke\n|poke|p1|Glimmora, F|\n|poke|p1|Thundurus, M|\n|poke|p1|Meowscarada, F|\n|poke|p1|Alomomola, M|\n|poke|p1|Iron Valiant|\n|poke|p1|Goodra-Hisui, F|\n|poke|p2|Ogerpon-Wellspring, F|\n|poke|p2|Gholdengo|\n|poke|p2|Cinderace, M|\n|poke|p2|Ting-Lu|\n|poke|p2|Sylveon, F|\n|poke|p2|Sneasler, M|\n|teampreview\n|inactive|Battle timer is ON: inactive players will automatically lose when time's up. (requested by MORGAN5358)\n|c|\u2606Kachowow|glhf\n|c|\u2606MORGAN5358|u2u2\n|j| Gonna Be Good\n|c|\u2606Kachowow|we ran it back\n|inactive|Kachowow has 270 seconds left.\n|inactive|MORGAN5358 has 270 seconds left.\n|j| bluecrue\n|inactiveoff|Battle timer is now OFF.\n|\n|t:|1700073362\n|start\n|switch|p1a: Kampala|Glimmora, F|100\/100\n|switch|p2a: Chris Paul|Cinderace, M|100\/100\n|turn|1\n|\n|t:|1700073379\n|switch|p2a: Gary Payton II|Ting-Lu|100\/100\n|-ability|p2a: Gary Payton II|Vessel of Ruin\n|move|p1a: Kampala|Mortal Spin|p2a: Gary Payton II\n|-resisted|p2a: Gary Payton II\n|-damage|p2a: Gary Payton II|99\/100\n|-status|p2a: Gary Payton II|psn\n|-enditem|p2a: Gary Payton II|Red Card|[of] p1a: Kampala\n|drag|p1a: Ritah|Alomomola, M|100\/100\n|\n|-damage|p2a: Gary Payton II|86\/100 psn|[from] psn\n|upkeep\n|turn|2\n|\n|t:|1700073391\n|switch|p1a: Video Joker|Thundurus, M|100\/100\n|move|p2a: Gary Payton II|Spikes|p1a: Video Joker\n|-sidestart|p1: Kachowow|Spikes\n|\n|-damage|p2a: Gary Payton II|74\/100 psn|[from] psn\n|upkeep\n|turn|3\n|c| bluecrue|vj emmie on the microphone\n|\n|t:|1700073414\n|switch|p2a: Andrew Wiggins|Sylveon, F|100\/100\n|move|p1a: Video Joker|Grass Knot|p2a: Andrew Wiggins\n|-damage|p2a: Andrew Wiggins|91\/100\n|\n|-heal|p2a: Andrew Wiggins|97\/100|[from] item: Leftovers\n|upkeep\n|turn|4\n|\n|t:|1700073419\n|move|p1a: Video Joker|Thunder Wave|p2a: Andrew Wiggins\n|-status|p2a: Andrew Wiggins|par\n|cant|p2a: Andrew Wiggins|par\n|\n|-heal|p2a: Andrew Wiggins|100\/100 par|[from] item: Leftovers\n|upkeep\n|turn|5\n|\n|t:|1700073423\n|switch|p2a: Gary Payton II|Ting-Lu|74\/100 psn\n|-ability|p2a: Gary Payton II|Vessel of Ruin\n|move|p1a: Video Joker|Volt Switch|p2a: Gary Payton II\n|-immune|p2a: Gary Payton II\n|\n|-damage|p2a: Gary Payton II|62\/100 psn|[from] psn\n|upkeep\n|turn|6\n|\n|t:|1700073428\n|move|p1a: Video Joker|Nasty Plot|p1a: Video Joker\n|-boost|p1a: Video Joker|spa|2\n|move|p2a: Gary Payton II|Stone Edge|p1a: Video Joker\n|-supereffective|p1a: Video Joker\n|-damage|p1a: Video Joker|26\/100\n|\n|-damage|p2a: Gary Payton II|49\/100 psn|[from] psn\n|upkeep\n|turn|7\n|\n|t:|1700073442\n|switch|p2a: Andrew Wiggins|Sylveon, F|100\/100 par\n|move|p1a: Video Joker|Grass Knot|p2a: Andrew Wiggins\n|-damage|p2a: Andrew Wiggins|84\/100 par\n|\n|-heal|p2a: Andrew Wiggins|90\/100 par|[from] item: Leftovers\n|upkeep\n|turn|8\n|\n|t:|1700073450\n|move|p1a: Video Joker|Volt Switch|p2a: Andrew Wiggins\n|-damage|p2a: Andrew Wiggins|45\/100 par\n|\n|t:|1700073453\n|switch|p1a: With the Heat|Goodra-Hisui, F|100\/100|[from] Volt Switch\n|-damage|p1a: With the Heat|88\/100|[from] Spikes\n|cant|p2a: Andrew Wiggins|par\n|\n|-heal|p2a: Andrew Wiggins|51\/100 par|[from] item: Leftovers\n|upkeep\n|turn|9\n|\n|t:|1700073460\n|move|p2a: Andrew Wiggins|Protect|p2a: Andrew Wiggins\n|-singleturn|p2a: Andrew Wiggins|Protect\n|move|p1a: With the Heat|Shelter|p1a: With the Heat\n|-boost|p1a: With the Heat|def|2\n|\n|-heal|p2a: Andrew Wiggins|57\/100 par|[from] item: Leftovers\n|upkeep\n|turn|10\n|\n|t:|1700073463\n|move|p1a: With the Heat|Sludge Bomb|p2a: Andrew Wiggins\n|-supereffective|p2a: Andrew Wiggins\n|-damage|p2a: Andrew Wiggins|29\/100 par\n|move|p2a: Andrew Wiggins|Wish|p2a: Andrew Wiggins\n|\n|-heal|p2a: Andrew Wiggins|35\/100 par|[from] item: Leftovers\n|upkeep\n|turn|11\n|\n|t:|1700073468\n|switch|p2a: Gary Payton II|Ting-Lu|49\/100 psn\n|-ability|p2a: Gary Payton II|Vessel of Ruin\n|move|p1a: With the Heat|Sludge Bomb|p2a: Gary Payton II\n|-resisted|p2a: Gary Payton II\n|-damage|p2a: Gary Payton II|45\/100 psn\n|\n|-heal|p2a: Gary Payton II|84\/100 psn|[from] move: Wish|[wisher] Andrew Wiggins\n|-damage|p2a: Gary Payton II|71\/100 psn|[from] psn\n|upkeep\n|turn|12\n|\n|t:|1700073485\n|move|p1a: With the Heat|Body Press|p2a: Gary Payton II\n|-supereffective|p2a: Gary Payton II\n|-damage|p2a: Gary Payton II|17\/100 psn\n|move|p2a: Gary Payton II|Earthquake|p1a: With the Heat\n|-supereffective|p1a: With the Heat\n|-damage|p1a: With the Heat|63\/100\n|\n|-damage|p2a: Gary Payton II|4\/100 psn|[from] psn\n|upkeep\n|turn|13\n|\n|t:|1700073492\n|move|p1a: With the Heat|Body Press|p2a: Gary Payton II\n|-supereffective|p2a: Gary Payton II\n|-damage|p2a: Gary Payton II|0 fnt\n|faint|p2a: Gary Payton II\n|\n|upkeep\n|\n|t:|1700073504\n|switch|p2a: Klay Thompson|Gholdengo|100\/100\n|turn|14\n|\n|t:|1700073508\n|move|p2a: Klay Thompson|Thunder Wave|p1a: With the Heat\n|-status|p1a: With the Heat|par\n|move|p1a: With the Heat|Flamethrower|p2a: Klay Thompson\n|-supereffective|p2a: Klay Thompson\n|-damage|p2a: Klay Thompson|70\/100\n|\n|-heal|p2a: Klay Thompson|76\/100|[from] item: Leftovers\n|upkeep\n|turn|15\n|\n|t:|1700073515\n|switch|p1a: Video Joker|Thundurus, M|26\/100\n|move|p2a: Klay Thompson|Shadow Ball|p1a: Video Joker\n|-damage|p1a: Video Joker|0 fnt\n|faint|p1a: Video Joker\n|\n|-heal|p2a: Klay Thompson|83\/100|[from] item: Leftovers\n|upkeep\n|\n|t:|1700073520\n|switch|p1a: Captain Alex|Meowscarada, F|100\/100\n|-damage|p1a: Captain Alex|88\/100|[from] Spikes\n|turn|16\n|\n|t:|1700073527\n|switch|p2a: Chris Paul|Cinderace, M|100\/100\n|move|p1a: Captain Alex|Knock Off|p2a: Chris Paul\n|-start|p1a: Captain Alex|typechange|Dark|[from] ability: Protean\n|-damage|p2a: Chris Paul|49\/100\n|-enditem|p2a: Chris Paul|Heavy-Duty Boots|[from] move: Knock Off|[of] p1a: Captain Alex\n|\n|upkeep\n|turn|17\n|\n|t:|1700073549\n|move|p1a: Captain Alex|U-turn|p2a: Chris Paul\n|-resisted|p2a: Chris Paul\n|-damage|p2a: Chris Paul|35\/100\n|j| EgirlPee\n|\n|t:|1700073551\n|switch|p1a: Kampala|Glimmora, F|100\/100|[from] U-turn\n|-damage|p1a: Kampala|88\/100|[from] Spikes\n|move|p2a: Chris Paul|Pyro Ball|p1a: Kampala\n|-resisted|p1a: Kampala\n|-damage|p1a: Kampala|61\/100\n|-activate|p1a: Kampala|ability: Toxic Debris\n|-sidestart|p2: MORGAN5358|move: Toxic Spikes\n|\n|upkeep\n|turn|18\n|\n|t:|1700073562\n|switch|p2a: Klay Thompson|Gholdengo|83\/100\n|move|p1a: Kampala|Earth Power|p2a: Klay Thompson\n|-supereffective|p2a: Klay Thompson\n|-damage|p2a: Klay Thompson|36\/100\n|\n|-heal|p2a: Klay Thompson|42\/100|[from] item: Leftovers\n|upkeep\n|turn|19\n|\n|t:|1700073580\n|move|p1a: Kampala|Earth Power|p2a: Klay Thompson\n|-supereffective|p2a: Klay Thompson\n|-damage|p2a: Klay Thompson|0 fnt\n|faint|p2a: Klay Thompson\n|\n|upkeep\n|\n|t:|1700073582\n|switch|p2a: Steph Curry|Ogerpon-Wellspring, F|100\/100\n|-status|p2a: Steph Curry|psn\n|turn|20\n|\n|t:|1700073608\n|move|p2a: Steph Curry|Power Whip|p1a: Kampala\n|-damage|p1a: Kampala|0 fnt\n|-damage|p2a: Steph Curry|84\/100 psn|[from] item: Rocky Helmet|[of] p1a: Kampala\n|-activate|p1a: Kampala|ability: Toxic Debris\n|-sidestart|p2: MORGAN5358|move: Toxic Spikes\n|faint|p1a: Kampala\n|\n|-damage|p2a: Steph Curry|72\/100 psn|[from] psn\n|upkeep\n|\n|t:|1700073613\n|switch|p1a: Captain Alex|Meowscarada, F|88\/100\n|-damage|p1a: Captain Alex|76\/100|[from] Spikes\n|turn|21\n|\n|t:|1700073628\n|move|p1a: Captain Alex|U-turn|p2a: Steph Curry\n|-start|p1a: Captain Alex|typechange|Bug|[from] ability: Protean\n|-supereffective|p2a: Steph Curry\n|-damage|p2a: Steph Curry|0 fnt\n|faint|p2a: Steph Curry\n|j| amag\n|\n|t:|1700073632\n|switch|p1a: Ritah|Alomomola, M|100\/100|[from] U-turn\n|-damage|p1a: Ritah|88\/100|[from] Spikes\n|\n|upkeep\n|\n|t:|1700073634\n|switch|p2a: Draymond|Sneasler, M|100\/100\n|-sideend|p2: MORGAN5358|move: Toxic Spikes|[of] p2a: Draymond\n|turn|22\n|\n|t:|1700073637\n|move|p2a: Draymond|Swords Dance|p2a: Draymond\n|-boost|p2a: Draymond|atk|2\n|move|p1a: Ritah|Zen Headbutt|p2a: Draymond\n|-supereffective|p2a: Draymond\n|-damage|p2a: Draymond|10\/100\n|\n|upkeep\n|turn|23\n|\n|t:|1700073649\n|move|p2a: Draymond|Rest|p2a: Draymond\n|-status|p2a: Draymond|slp|[from] move: Rest\n|-heal|p2a: Draymond|100\/100 slp|[silent]\n|-enditem|p2a: Draymond|Chesto Berry|[eat]\n|-curestatus|p2a: Draymond|slp|[msg]\n|move|p1a: Ritah|Wish|p1a: Ritah\n|\n|upkeep\n|turn|24\n|\n|t:|1700073657\n|move|p2a: Draymond|Close Combat|p1a: Ritah\n|-damage|p1a: Ritah|26\/100\n|-unboost|p2a: Draymond|def|1\n|-unboost|p2a: Draymond|spd|1\n|-damage|p2a: Draymond|84\/100|[from] item: Rocky Helmet|[of] p1a: Ritah\n|move|p1a: Ritah|Zen Headbutt|p2a: Draymond\n|-supereffective|p2a: Draymond\n|-damage|p2a: Draymond|0 fnt\n|faint|p2a: Draymond\n|\n|-heal|p1a: Ritah|76\/100|[from] move: Wish|[wisher] Ritah\n|upkeep\n|\n|t:|1700073662\n|switch|p2a: Andrew Wiggins|Sylveon, F|35\/100 par\n|turn|25\n|l| amag\n|\n|t:|1700073677\n|switch|p2a: Chris Paul|Cinderace, M|35\/100\n|move|p1a: Ritah|Wish|p1a: Ritah\n|\n|upkeep\n|turn|26\n|j| amag\n|\n|t:|1700073683\n|switch|p2a: Andrew Wiggins|Sylveon, F|35\/100 par\n|move|p1a: Ritah|Flip Turn|p2a: Andrew Wiggins\n|-damage|p2a: Andrew Wiggins|21\/100 par\n|\n|t:|1700073688\n|switch|p1a: Bruce U|Iron Valiant|100\/100|[from] Flip Turn\n|-damage|p1a: Bruce U|88\/100|[from] Spikes\n|-enditem|p1a: Bruce U|Booster Energy\n|-activate|p1a: Bruce U|ability: Quark Drive|[fromitem]\n|-start|p1a: Bruce U|quarkdrivespe\n|\n|-heal|p1a: Bruce U|100\/100|[from] move: Wish|[wisher] Ritah\n|-heal|p2a: Andrew Wiggins|27\/100 par|[from] item: Leftovers\n|upkeep\n|turn|27\n|\n|t:|1700073692\n|cant|p2a: Andrew Wiggins|par\n|move|p1a: Bruce U|Poison Jab|p2a: Andrew Wiggins\n|-supereffective|p2a: Andrew Wiggins\n|-damage|p2a: Andrew Wiggins|0 fnt\n|faint|p2a: Andrew Wiggins\n|\n|upkeep\n|\n|t:|1700073694\n|switch|p2a: Chris Paul|Cinderace, M|35\/100\n|turn|28\n|c|\u2606MORGAN5358|ggs\n|\n|t:|1700073698\n|move|p1a: Bruce U|Close Combat|p2a: Chris Paul\n|-damage|p2a: Chris Paul|0 fnt\n|-unboost|p1a: Bruce U|def|1\n|-unboost|p1a: Bruce U|spd|1\n|faint|p2a: Chris Paul\n|\n|win|Kachowow\n|c|\u2606Kachowow|ggs\n|l| Gonna Be Good\n|c| bluecrue|well played\n|l|\u2606MORGAN5358\n|l| amag\n|j|\u2606MORGAN5358\n|player|p2|MORGAN5358|skyla\n|j| amag\n|j| Gonna Be Good\n","uploadtime":1700073763,"views":17,"p1id":"kachowow","p2id":"morgan5358","formatid":"gen9ubers","rating":0,"private":0,"password":""}