{"id":"gen9ubers-1978854193","p1":"vincxnt02","p2":"Derpzones","format":"[Gen 9] Ubers","log":"|j|\u2606vincxnt02\n|j|\u2606Derpzones\n|t:|1698603001\n|gametype|singles\n|player|p1|vincxnt02|169|1046\n|player|p2|Derpzones|silver|1176\n|teamsize|p1|6\n|teamsize|p2|6\n|gen|9\n|tier|[Gen 9] Ubers\n|rated|\n|rule|Sleep Clause Mod: Limit one foe put to sleep\n|rule|Species Clause: Limit one of each Pok\u00e9mon\n|rule|OHKO Clause: OHKO moves are banned\n|rule|Evasion Items Clause: Evasion items are banned\n|rule|Evasion Moves Clause: Evasion moves are banned\n|rule|Endless Battle Clause: Forcing endless battles is banned\n|rule|HP Percentage Mod: HP is shown in percentages\n|clearpoke\n|poke|p1|Zacian-*|\n|poke|p1|Dialga-Origin|\n|poke|p1|Zamazenta-*|\n|poke|p1|Blissey, F|\n|poke|p1|Cinderace, F|\n|poke|p1|Spectrier|\n|poke|p2|Chi-Yu|\n|poke|p2|Groudon|\n|poke|p2|Ogerpon-Hearthflame, F|\n|poke|p2|Walking Wake|\n|poke|p2|Flutter Mane|\n|poke|p2|Scizor, F|\n|teampreview\n|inactive|Battle timer is ON: inactive players will automatically lose when time's up. (requested by Derpzones)\n|\n|t:|1698603011\n|start\n|switch|p1a: Cinderace|Cinderace, F|100\/100\n|switch|p2a: Groudon|Groudon|100\/100\n|-weather|SunnyDay|[from] ability: Drought|[of] p2a: Groudon\n|turn|1\n|\n|t:|1698603020\n|move|p1a: Cinderace|Will-O-Wisp|p2a: Groudon\n|-status|p2a: Groudon|brn\n|move|p2a: Groudon|Thunder Wave|p1a: Cinderace\n|-status|p1a: Cinderace|par\n|\n|-weather|SunnyDay|[upkeep]\n|-damage|p2a: Groudon|94\/100 brn|[from] brn\n|upkeep\n|turn|2\n|\n|t:|1698603031\n|move|p2a: Groudon|Stone Edge|p1a: Cinderace\n|-supereffective|p1a: Cinderace\n|-damage|p1a: Cinderace|50\/100 par\n|cant|p1a: Cinderace|par\n|\n|-weather|SunnyDay|[upkeep]\n|-damage|p2a: Groudon|88\/100 brn|[from] brn\n|upkeep\n|turn|3\n|\n|t:|1698603038\n|move|p2a: Groudon|Precipice Blades|p1a: Cinderace|[miss]\n|-miss|p2a: Groudon|p1a: Cinderace\n|move|p1a: Cinderace|U-turn|p2a: Groudon\n|-start|p1a: Cinderace|typechange|Bug|[from] ability: Libero\n|-damage|p2a: Groudon|71\/100 brn\n|\n|t:|1698603046\n|switch|p1a: Zamazenta|Zamazenta-Crowned|100\/100|[from] U-turn\n|-ability|p1a: Zamazenta|Dauntless Shield|boost\n|-boost|p1a: Zamazenta|def|1\n|\n|-weather|SunnyDay|[upkeep]\n|-damage|p2a: Groudon|64\/100 brn|[from] brn\n|upkeep\n|turn|4\n|\n|t:|1698603056\n|move|p1a: Zamazenta|Iron Defense|p1a: Zamazenta\n|-boost|p1a: Zamazenta|def|2\n|move|p2a: Groudon|Thunder Wave|p1a: Zamazenta\n|-status|p1a: Zamazenta|par\n|\n|-weather|SunnyDay|[upkeep]\n|-damage|p2a: Groudon|58\/100 brn|[from] brn\n|upkeep\n|turn|5\n|\n|t:|1698603066\n|move|p2a: Groudon|Spikes|p1a: Zamazenta\n|-sidestart|p1: vincxnt02|Spikes\n|move|p1a: Zamazenta|Body Press|p2a: Groudon\n|-damage|p2a: Groudon|2\/100 brn\n|\n|-weather|SunnyDay|[upkeep]\n|-damage|p2a: Groudon|0 fnt|[from] brn\n|faint|p2a: Groudon\n|upkeep\n|\n|t:|1698603073\n|switch|p2a: Chi-Yu|Chi-Yu|100\/100\n|-ability|p2a: Chi-Yu|Beads of Ruin\n|turn|6\n|\n|t:|1698603078\n|move|p2a: Chi-Yu|Flamethrower|p1a: Zamazenta\n|-supereffective|p1a: Zamazenta\n|-damage|p1a: Zamazenta|0 fnt\n|faint|p1a: Zamazenta\n|\n|-weather|SunnyDay|[upkeep]\n|upkeep\n|\n|t:|1698603087\n|switch|p1a: Blissey|Blissey, F|100\/100\n|-damage|p1a: Blissey|88\/100|[from] Spikes\n|turn|7\n|\n|t:|1698603098\n|switch|p2a: Scizor|Scizor, F|100\/100\n|move|p1a: Blissey|Thunder Wave|p2a: Scizor\n|-status|p2a: Scizor|par\n|\n|-weather|SunnyDay|[upkeep]\n|-heal|p1a: Blissey|94\/100|[from] item: Leftovers\n|upkeep\n|turn|8\n|\n|t:|1698603105\n|switch|p1a: Dialga|Dialga-Origin|100\/100\n|-damage|p1a: Dialga|88\/100|[from] Spikes\n|-ability|p1a: Dialga|Pressure\n|move|p2a: Scizor|Close Combat|p1a: Dialga\n|-supereffective|p1a: Dialga\n|-damage|p1a: Dialga|15\/100\n|-unboost|p2a: Scizor|def|1\n|-unboost|p2a: Scizor|spd|1\n|\n|-weather|none\n|upkeep\n|turn|9\n|\n|t:|1698603117\n|move|p2a: Scizor|Bullet Punch|p1a: Dialga\n|-resisted|p1a: Dialga\n|-crit|p1a: Dialga\n|-damage|p1a: Dialga|0 fnt\n|faint|p1a: Dialga\n|\n|upkeep\n|\n|t:|1698603127\n|switch|p1a: Spectrier|Spectrier|100\/100\n|-damage|p1a: Spectrier|88\/100|[from] Spikes\n|turn|10\n|\n|t:|1698603139\n|move|p2a: Scizor|Bullet Punch|p1a: Spectrier\n|-damage|p1a: Spectrier|24\/100\n|move|p1a: Spectrier|Shadow Ball|p2a: Scizor\n|-damage|p2a: Scizor|25\/100 par\n|\n|upkeep\n|turn|11\n|\n|t:|1698603150\n|move|p2a: Scizor|Bullet Punch|p1a: Spectrier\n|-damage|p1a: Spectrier|0 fnt\n|faint|p1a: Spectrier\n|\n|upkeep\n|\n|t:|1698603155\n|switch|p1a: Cinderace|Cinderace, F|50\/100 par\n|turn|12\n|\n|t:|1698603162\n|move|p1a: Cinderace|Pyro Ball|p2a: Scizor\n|-supereffective|p2a: Scizor\n|-damage|p2a: Scizor|0 fnt\n|faint|p2a: Scizor\n|\n|upkeep\n|\n|t:|1698603166\n|switch|p2a: Walking Wake|Walking Wake|100\/100\n|turn|13\n|\n|t:|1698603176\n|move|p2a: Walking Wake|Flamethrower|p1a: Cinderace\n|-resisted|p1a: Cinderace\n|-damage|p1a: Cinderace|17\/100 par\n|move|p1a: Cinderace|Court Change|p1a: Cinderace\n|-start|p1a: Cinderace|typechange|Normal|[from] ability: Libero\n|-swapsideconditions\n|-activate|p1a: Cinderace|move: Court Change\n|\n|upkeep\n|turn|14\n|\n|t:|1698603185\n|move|p2a: Walking Wake|Flamethrower|p1a: Cinderace\n|-crit|p1a: Cinderace\n|-damage|p1a: Cinderace|0 fnt\n|faint|p1a: Cinderace\n|\n|upkeep\n|\n|t:|1698603190\n|switch|p1a: Blissey|Blissey, F|94\/100\n|turn|15\n|\n|t:|1698603196\n|-end|p2a: Walking Wake|Protosynthesis|[silent]\n|switch|p2a: Ogerpon|Ogerpon-Hearthflame, F|100\/100\n|-damage|p2a: Ogerpon|88\/100|[from] Spikes\n|-ability|p2a: Ogerpon|Mold Breaker\n|move|p1a: Blissey|Thunder Wave|p2a: Ogerpon\n|-status|p2a: Ogerpon|par\n|\n|-heal|p1a: Blissey|99\/100|[from] item: Leftovers\n|upkeep\n|turn|16\n|\n|t:|1698603206\n|-terastallize|p2a: Ogerpon|Fire\n|detailschange|p2a: Ogerpon|Ogerpon-Hearthflame-Tera, F, tera:Fire\n|-ability|p2a: Ogerpon|Embody Aspect (Hearthflame)|boost\n|-boost|p2a: Ogerpon|atk|1\n|cant|p2a: Ogerpon|par\n|move|p1a: Blissey|Seismic Toss|p2a: Ogerpon\n|-damage|p2a: Ogerpon|55\/100 par\n|\n|-heal|p1a: Blissey|100\/100|[from] item: Leftovers\n|upkeep\n|turn|17\n|\n|t:|1698603228\n|move|p2a: Ogerpon|Ivy Cudgel|p1a: Blissey\n|-damage|p1a: Blissey|0 fnt\n|faint|p1a: Blissey\n|\n|upkeep\n|\n|t:|1698603232\n|switch|p1a: Zacian|Zacian-Crowned|100\/100\n|-ability|p1a: Zacian|Intrepid Sword|boost\n|-boost|p1a: Zacian|atk|1\n|turn|18\n|\n|t:|1698603252\n|move|p1a: Zacian|Close Combat|p2a: Ogerpon\n|-damage|p2a: Ogerpon|0 fnt\n|-unboost|p1a: Zacian|def|1\n|-unboost|p1a: Zacian|spd|1\n|faint|p2a: Ogerpon\n|\n|upkeep\n|\n|t:|1698603259\n|switch|p2a: Flutter Mane|Flutter Mane|100\/100\n|-damage|p2a: Flutter Mane|88\/100|[from] Spikes\n|turn|19\n|\n|t:|1698603265\n|move|p1a: Zacian|Behemoth Blade|p2a: Flutter Mane\n|-supereffective|p2a: Flutter Mane\n|-damage|p2a: Flutter Mane|0 fnt\n|faint|p2a: Flutter Mane\n|-end|p2a: Flutter Mane|Protosynthesis|[silent]\n|\n|upkeep\n|\n|t:|1698603270\n|switch|p2a: Chi-Yu|Chi-Yu|100\/100\n|-damage|p2a: Chi-Yu|88\/100|[from] Spikes\n|-ability|p2a: Chi-Yu|Beads of Ruin\n|turn|20\n|\n|t:|1698603277\n|move|p2a: Chi-Yu|Overheat|p1a: Zacian\n|-supereffective|p1a: Zacian\n|-damage|p1a: Zacian|0 fnt\n|-unboost|p2a: Chi-Yu|spa|2\n|faint|p1a: Zacian\n|\n|win|Derpzones\n|raw|vincxnt02's rating: 1046 &rarr; <strong>1035<\/strong><br \/>(-11 for losing)\n|raw|Derpzones's rating: 1176 &rarr; <strong>1192<\/strong><br \/>(+16 for winning)\n|l|\u2606vincxnt02\n","uploadtime":1698603284,"views":7,"p1id":"vincxnt02","p2id":"derpzones","formatid":"gen9ubers","rating":1035,"private":0,"password":""}