{"id":"gen9ubers-1970219106","p1":"AshMegaLuxio","p2":"estebus","format":"[Gen 9] Ubers","log":"|j|\u2606AshMegaLuxio\n|j|\u2606estebus\n|t:|1697612418\n|gametype|singles\n|player|p1|AshMegaLuxio|red-masters|1092\n|player|p2|estebus|169|1065\n|teamsize|p1|6\n|teamsize|p2|6\n|gen|9\n|tier|[Gen 9] Ubers\n|rated|\n|rule|Sleep Clause Mod: Limit one foe put to sleep\n|rule|Species Clause: Limit one of each Pok\u00e9mon\n|rule|OHKO Clause: OHKO moves are banned\n|rule|Evasion Items Clause: Evasion items are banned\n|rule|Evasion Moves Clause: Evasion moves are banned\n|rule|Endless Battle Clause: Forcing endless battles is banned\n|rule|HP Percentage Mod: HP is shown in percentages\n|clearpoke\n|poke|p1|Annihilape, M|\n|poke|p1|Ceruledge, M|\n|poke|p1|Gholdengo|\n|poke|p1|Flutter Mane|\n|poke|p1|Dragapult, F|\n|poke|p1|Gengar, F|\n|poke|p2|Giratina-Origin|\n|poke|p2|Gliscor, F|\n|poke|p2|Toxicroak, M|\n|poke|p2|Zacian-*|\n|poke|p2|Ogerpon-Hearthflame, F|\n|poke|p2|Greninja-*, M|\n|teampreview\n|inactive|Battle timer is ON: inactive players will automatically lose when time's up. (requested by AshMegaLuxio)\n|c|\u2606AshMegaLuxio|hf\n|\n|t:|1697612426\n|start\n|switch|p1a: Dragapult|Dragapult, F|100\/100\n|switch|p2a: Greninja|Greninja, M, shiny|100\/100\n|turn|1\n|\n|t:|1697612438\n|move|p1a: Dragapult|Dragon Darts|p2a: Greninja\n|-damage|p2a: Greninja|66\/100\n|-anim|p1a: Dragapult|Dragon Darts|p2a: Greninja\n|-damage|p2a: Greninja|28\/100\n|move|p2a: Greninja|Toxic Spikes|p1a: Dragapult\n|-start|p2a: Greninja|typechange|Poison|[from] ability: Protean\n|-sidestart|p1: AshMegaLuxio|move: Toxic Spikes\n|\n|upkeep\n|turn|2\n|\n|t:|1697612454\n|move|p1a: Dragapult|Dragon Darts|p2a: Greninja\n|-damage|p2a: Greninja|0 fnt\n|faint|p2a: Greninja\n|\n|upkeep\n|\n|t:|1697612461\n|switch|p2a: Zacian|Zacian-Crowned|100\/100\n|-ability|p2a: Zacian|Intrepid Sword|boost\n|-boost|p2a: Zacian|atk|1\n|turn|3\n|\n|t:|1697612467\n|move|p1a: Dragapult|Will-O-Wisp|p2a: Zacian|[miss]\n|-miss|p1a: Dragapult|p2a: Zacian\n|move|p2a: Zacian|Play Rough|p1a: Dragapult\n|-supereffective|p1a: Dragapult\n|-damage|p1a: Dragapult|0 fnt\n|faint|p1a: Dragapult\n|\n|upkeep\n|\n|t:|1697612473\n|switch|p1a: Gengar|Gengar, F|100\/100\n|-sideend|p1: AshMegaLuxio|move: Toxic Spikes|[of] p1a: Gengar\n|turn|4\n|\n|t:|1697612483\n|move|p2a: Zacian|Behemoth Blade|p1a: Gengar\n|-enditem|p1a: Gengar|Focus Sash\n|-damage|p1a: Gengar|1\/100\n|-start|p2a: Zacian|Disable|Behemoth Blade|[from] ability: Cursed Body|[of] p1a: Gengar\n|move|p1a: Gengar|Destiny Bond|p1a: Gengar\n|-singlemove|p1a: Gengar|Destiny Bond\n|\n|upkeep\n|turn|5\n|\n|t:|1697612498\n|switch|p2a: Toxicroak|Toxicroak, M, shiny|100\/100\n|move|p1a: Gengar|Toxic Spikes|p2a: Toxicroak\n|-sidestart|p2: estebus|move: Toxic Spikes\n|\n|upkeep\n|turn|6\n|\n|t:|1697612504\n|move|p2a: Toxicroak|Sucker Punch||[still]\n|-fail|p2a: Toxicroak\n|move|p1a: Gengar|Destiny Bond|p1a: Gengar\n|-singlemove|p1a: Gengar|Destiny Bond\n|\n|upkeep\n|turn|7\n|\n|t:|1697612510\n|move|p1a: Gengar|Taunt|p2a: Toxicroak\n|-start|p2a: Toxicroak|move: Taunt\n|move|p2a: Toxicroak|Venoshock|p1a: Gengar\n|-resisted|p1a: Gengar\n|-damage|p1a: Gengar|0 fnt\n|faint|p1a: Gengar\n|\n|upkeep\n|inactive|AshMegaLuxio has 120 seconds left.\n|\n|t:|1697612544\n|switch|p1a: Ceruledge|Ceruledge, M|100\/100\n|turn|8\n|\n|t:|1697612563\n|move|p1a: Ceruledge|Swords Dance|p1a: Ceruledge\n|-boost|p1a: Ceruledge|atk|2\n|move|p2a: Toxicroak|Close Combat|p1a: Ceruledge\n|-immune|p1a: Ceruledge\n|\n|upkeep\n|turn|9\n|\n|t:|1697612570\n|move|p2a: Toxicroak|Sucker Punch||[still]\n|-fail|p2a: Toxicroak\n|move|p1a: Ceruledge|Swords Dance|p1a: Ceruledge\n|-boost|p1a: Ceruledge|atk|2\n|\n|-end|p2a: Toxicroak|move: Taunt\n|upkeep\n|turn|10\n|\n|t:|1697612576\n|move|p1a: Ceruledge|Swords Dance|p1a: Ceruledge\n|-boost|p1a: Ceruledge|atk|2\n|move|p2a: Toxicroak|Venoshock|p1a: Ceruledge\n|-resisted|p1a: Ceruledge\n|-damage|p1a: Ceruledge|89\/100\n|\n|upkeep\n|turn|11\n|\n|t:|1697612585\n|move|p1a: Ceruledge|Shadow Sneak|p2a: Toxicroak\n|-damage|p2a: Toxicroak|0 fnt\n|faint|p2a: Toxicroak\n|\n|upkeep\n|\n|t:|1697612596\n|switch|p2a: Gliscor|Gliscor, F|100\/100\n|turn|12\n|\n|t:|1697612609\n|move|p1a: Ceruledge|Bitter Blade|p2a: Gliscor\n|-damage|p2a: Gliscor|0 fnt\n|-heal|p1a: Ceruledge|100\/100|[from] drain|[of] p2a: Gliscor\n|faint|p2a: Gliscor\n|\n|upkeep\n|\n|t:|1697612618\n|switch|p2a: Giratina|Giratina-Origin|100\/100\n|turn|13\n|\n|t:|1697612627\n|-terastallize|p2a: Giratina|Ghost\n|move|p1a: Ceruledge|Poltergeist|p2a: Giratina\n|-activate|p2a: Giratina|move: Poltergeist|Griseous Core\n|-supereffective|p2a: Giratina\n|-damage|p2a: Giratina|0 fnt\n|faint|p2a: Giratina\n|\n|upkeep\n|\n|t:|1697612636\n|switch|p2a: Ogerpon|Ogerpon-Hearthflame, F|100\/100\n|-status|p2a: Ogerpon|psn\n|-ability|p2a: Ogerpon|Mold Breaker\n|turn|14\n|\n|t:|1697612643\n|move|p2a: Ogerpon|Ivy Cudgel|p1a: Ceruledge\n|-resisted|p1a: Ceruledge\n|-damage|p1a: Ceruledge|58\/100\n|-ability|p1a: Ceruledge|Weak Armor|boost\n|-unboost|p1a: Ceruledge|def|1\n|-boost|p1a: Ceruledge|spe|2\n|move|p1a: Ceruledge|Bitter Blade|p2a: Ogerpon\n|-damage|p2a: Ogerpon|0 fnt\n|-heal|p1a: Ceruledge|100\/100|[from] drain|[of] p2a: Ogerpon\n|faint|p2a: Ogerpon\n|\n|upkeep\n|c|\u2606AshMegaLuxio|gg\n|-message|estebus forfeited.\n|\n|win|AshMegaLuxio\n|raw|AshMegaLuxio's rating: 1092 &rarr; <strong>1116<\/strong><br \/>(+24 for winning)\n|raw|estebus's rating: 1065 &rarr; <strong>1047<\/strong><br \/>(-18 for losing)\n|l|\u2606estebus\n","uploadtime":1697612657,"views":14,"p1id":"ashmegaluxio","p2id":"estebus","formatid":"gen9ubers","rating":1047,"private":0,"password":""}