{"id":"gen9ubers-1989453032","p1":"Abubakrcl7","p2":"Pajamaz","format":"[Gen 9] Ubers","log":"|j|\u2606Abubakrcl7\n|j|\u2606Pajamaz\n|t:|1699852737\n|gametype|singles\n|player|p1|Abubakrcl7|red|\n|player|p2|Pajamaz|volo|\n|teamsize|p1|6\n|teamsize|p2|6\n|gen|9\n|tier|[Gen 9] Ubers\n|rated|Tournament battle\n|rule|Sleep Clause Mod: Limit one foe put to sleep\n|rule|Species Clause: Limit one of each Pok\u00e9mon\n|rule|OHKO Clause: OHKO moves are banned\n|rule|Evasion Items Clause: Evasion items are banned\n|rule|Evasion Moves Clause: Evasion moves are banned\n|rule|Endless Battle Clause: Forcing endless battles is banned\n|rule|HP Percentage Mod: HP is shown in percentages\n|clearpoke\n|poke|p1|Giratina|\n|poke|p1|Koraidon|\n|poke|p1|Zacian-*|\n|poke|p1|Iron Bundle|\n|poke|p1|Chien-Pao|\n|poke|p1|Miraidon|\n|poke|p2|Regieleki|\n|poke|p2|Zacian-*|\n|poke|p2|Annihilape, F|\n|poke|p2|Arceus|\n|poke|p2|Palkia|\n|poke|p2|Spectrier|\n|teampreview\n|c|\u2606Abubakrcl7|glhf\n|c|\u2606Pajamaz|hf\n|c|\u2606Abubakrcl7|this is the finals\n|c|\u2606Abubakrcl7|lol\n|c|\u2606Abubakrcl7|I can't believe\n|\n|t:|1699852757\n|start\n|switch|p1a: Giratina|Giratina, shiny|100\/100\n|switch|p2a: Spectrier|Spectrier|100\/100\n|-ability|p1a: Giratina|Pressure\n|turn|1\n|\n|t:|1699852772\n|move|p2a: Spectrier|Nasty Plot|p2a: Spectrier\n|-boost|p2a: Spectrier|spa|2\n|move|p1a: Giratina|Shadow Ball|p2a: Spectrier\n|-supereffective|p2a: Spectrier\n|-damage|p2a: Spectrier|7\/100\n|\n|upkeep\n|turn|2\n|\n|t:|1699852778\n|move|p1a: Giratina|Protect|p1a: Giratina\n|-singleturn|p1a: Giratina|Protect\n|move|p2a: Spectrier|Shadow Ball|p1a: Giratina\n|-activate|p1a: Giratina|move: Protect\n|\n|upkeep\n|turn|3\n|j| FireWolf89\n|l| FireWolf89\n|\n|t:|1699852797\n|move|p2a: Spectrier|Shadow Ball|p1a: Giratina\n|-supereffective|p1a: Giratina\n|-damage|p1a: Giratina|0 fnt\n|faint|p1a: Giratina\n|-ability|p2a: Spectrier|Grim Neigh|boost\n|-boost|p2a: Spectrier|spa|1\n|\n|upkeep\n|\n|t:|1699852800\n|switch|p1a: Chien-Pao|Chien-Pao|100\/100\n|-ability|p1a: Chien-Pao|Sword of Ruin\n|turn|4\n|\n|t:|1699852811\n|move|p1a: Chien-Pao|Crunch|p2a: Spectrier\n|-supereffective|p2a: Spectrier\n|-damage|p2a: Spectrier|0 fnt\n|faint|p2a: Spectrier\n|\n|upkeep\n|\n|t:|1699852817\n|switch|p2a: Regieleki|Regieleki|100\/100\n|turn|5\n|\n|t:|1699852824\n|move|p2a: Regieleki|Thunderbolt|p1a: Chien-Pao\n|-damage|p1a: Chien-Pao|12\/100\n|move|p1a: Chien-Pao|Crunch|p2a: Regieleki\n|-damage|p2a: Regieleki|0 fnt\n|faint|p2a: Regieleki\n|\n|upkeep\n|\n|t:|1699852829\n|switch|p2a: Zacian|Zacian-Crowned|100\/100\n|-ability|p2a: Zacian|Intrepid Sword|boost\n|-boost|p2a: Zacian|atk|1\n|turn|6\n|c|\u2606Abubakrcl7|no sash\n|c|\u2606Abubakrcl7|?\n|\n|t:|1699852837\n|move|p1a: Chien-Pao|Sucker Punch|p2a: Zacian\n|-resisted|p2a: Zacian\n|-damage|p2a: Zacian|79\/100\n|move|p2a: Zacian|Trailblaze|p1a: Chien-Pao\n|-damage|p1a: Chien-Pao|0 fnt\n|-boost|p2a: Zacian|spe|1\n|faint|p1a: Chien-Pao\n|\n|upkeep\n|c|\u2606Pajamaz|boots\n|c|\u2606Abubakrcl7|ok\n|\n|t:|1699852859\n|switch|p1a: Iron Bundle|Iron Bundle, shiny|100\/100\n|-enditem|p1a: Iron Bundle|Booster Energy\n|-activate|p1a: Iron Bundle|ability: Quark Drive|[fromitem]\n|-start|p1a: Iron Bundle|quarkdrivespe\n|turn|7\n|\n|t:|1699852872\n|move|p1a: Iron Bundle|Hydro Pump|p2a: Zacian\n|-damage|p2a: Zacian|27\/100\n|move|p2a: Zacian|Trailblaze|p1a: Iron Bundle\n|-supereffective|p1a: Iron Bundle\n|-damage|p1a: Iron Bundle|19\/100\n|-boost|p2a: Zacian|spe|1\n|\n|upkeep\n|turn|8\n|\n|t:|1699852885\n|move|p2a: Zacian|Trailblaze|p1a: Iron Bundle\n|-supereffective|p1a: Iron Bundle\n|-damage|p1a: Iron Bundle|0 fnt\n|-boost|p2a: Zacian|spe|1\n|faint|p1a: Iron Bundle\n|-end|p1a: Iron Bundle|Quark Drive|[silent]\n|\n|upkeep\n|\n|t:|1699852887\n|switch|p1a: Zacian|Zacian-Crowned, shiny|100\/100\n|-ability|p1a: Zacian|Intrepid Sword|boost\n|-boost|p1a: Zacian|atk|1\n|turn|9\n|\n|t:|1699852897\n|move|p2a: Zacian|Close Combat|p1a: Zacian\n|-damage|p1a: Zacian|31\/100\n|-unboost|p2a: Zacian|def|1\n|-unboost|p2a: Zacian|spd|1\n|move|p1a: Zacian|Behemoth Blade|p2a: Zacian\n|-damage|p2a: Zacian|0 fnt\n|faint|p2a: Zacian\n|\n|upkeep\n|\n|t:|1699852918\n|switch|p2a: Annihilape|Annihilape, F|100\/100\n|turn|10\n|\n|t:|1699852928\n|-terastallize|p2a: Annihilape|Water\n|move|p1a: Zacian|Behemoth Blade|p2a: Annihilape\n|-resisted|p2a: Annihilape\n|-damage|p2a: Annihilape|56\/100\n|move|p2a: Annihilape|Drain Punch|p1a: Zacian\n|-damage|p1a: Zacian|5\/100\n|-heal|p2a: Annihilape|67\/100|[from] drain|[of] p1a: Zacian\n|\n|-heal|p2a: Annihilape|73\/100|[from] item: Leftovers\n|upkeep\n|turn|11\n|\n|t:|1699852938\n|move|p1a: Zacian|Wild Charge|p2a: Annihilape\n|-supereffective|p2a: Annihilape\n|-damage|p2a: Annihilape|0 fnt\n|faint|p2a: Annihilape\n|-damage|p1a: Zacian|0 fnt|[from] Recoil\n|faint|p1a: Zacian\n|\n|upkeep\n|\n|t:|1699852945\n|switch|p1a: Miraidon|Miraidon|100\/100\n|switch|p2a: Arceus|Arceus|100\/100\n|-fieldstart|move: Electric Terrain|[from] ability: Hadron Engine|[of] p1a: Miraidon\n|turn|12\n|\n|t:|1699852950\n|move|p1a: Miraidon|Draco Meteor|p2a: Arceus\n|-damage|p2a: Arceus|0 fnt\n|-unboost|p1a: Miraidon|spa|2\n|faint|p2a: Arceus\n|\n|upkeep\n|\n|t:|1699852952\n|switch|p2a: Palkia|Palkia|100\/100\n|-ability|p2a: Palkia|Pressure\n|turn|13\n|c|\u2606Abubakrcl7|gg\n|\n|t:|1699852957\n|move|p1a: Miraidon|Draco Meteor|p2a: Palkia\n|-supereffective|p2a: Palkia\n|-damage|p2a: Palkia|35\/100\n|-unboost|p1a: Miraidon|spa|2\n|move|p2a: Palkia|Earth Power|p1a: Miraidon\n|-supereffective|p1a: Miraidon\n|-damage|p1a: Miraidon|38\/100\n|-unboost|p1a: Miraidon|spd|1\n|\n|upkeep\n|turn|14\n|\n|t:|1699852960\n|move|p1a: Miraidon|Draco Meteor|p2a: Palkia\n|-supereffective|p2a: Palkia\n|-damage|p2a: Palkia|0 fnt\n|-unboost|p1a: Miraidon|spa|2\n|faint|p2a: Palkia\n|\n|win|Abubakrcl7\n|n|\u2606Abubakrcl7|abubakrcl7\n|n|\u2606Pajamaz|pajamaz\n","uploadtime":1699852961,"views":12,"p1id":"abubakrcl7","p2id":"pajamaz","formatid":"gen9ubers","rating":0,"private":0,"password":""}