{"id":"gen9ubers-1999071470","p1":"Emilchelo","p2":"baron rikano","format":"[Gen 9] Ubers","log":"|j|\u203dEmilchelo\n|j|\u2606baron rikano\n|t:|1701030100\n|gametype|singles\n|player|p1|Emilchelo|2|1099\n|player|p2|baron rikano|101|1000\n|teamsize|p1|6\n|teamsize|p2|6\n|gen|9\n|tier|[Gen 9] Ubers\n|rated|\n|rule|Sleep Clause Mod: Limit one foe put to sleep\n|rule|Species Clause: Limit one of each Pok\u00e9mon\n|rule|OHKO Clause: OHKO moves are banned\n|rule|Evasion Items Clause: Evasion items are banned\n|rule|Evasion Moves Clause: Evasion moves are banned\n|rule|Endless Battle Clause: Forcing endless battles is banned\n|rule|HP Percentage Mod: HP is shown in percentages\n|clearpoke\n|poke|p1|Regieleki|\n|poke|p1|Chansey, F|\n|poke|p1|Kingambit, F|\n|poke|p1|Arceus|\n|poke|p1|Ogerpon-Hearthflame, F|\n|poke|p1|Koraidon|\n|poke|p2|Drednaw, F|\n|poke|p2|Pelipper, F|\n|poke|p2|Amoonguss, M|\n|poke|p2|Gholdengo|\n|poke|p2|Orthworm, F|\n|poke|p2|Iron Moth|\n|teampreview\n|\n|t:|1701030118\n|start\n|switch|p1a: Regieleki|Regieleki|100\/100\n|switch|p2a: Pelipper|Pelipper, F|100\/100\n|-weather|RainDance|[from] ability: Drizzle|[of] p2a: Pelipper\n|turn|1\n|\n|t:|1701030129\n|switch|p2a: Orthworm|Orthworm, F|100\/100\n|move|p1a: Regieleki|Volt Switch|p2a: Orthworm\n|-damage|p2a: Orthworm|4\/100\n|-enditem|p2a: Orthworm|Sitrus Berry|[eat]\n|-heal|p2a: Orthworm|29\/100|[from] item: Sitrus Berry\n|\n|t:|1701030139\n|switch|p1a: Arceus|Arceus|100\/100|[from] Volt Switch\n|\n|-weather|RainDance|[upkeep]\n|upkeep\n|turn|2\n|\n|t:|1701030148\n|move|p1a: Arceus|Cosmic Power|p1a: Arceus\n|-boost|p1a: Arceus|def|1\n|-boost|p1a: Arceus|spd|1\n|move|p2a: Orthworm|Body Press|p1a: Arceus\n|-supereffective|p1a: Arceus\n|-damage|p1a: Arceus|73\/100\n|-enditem|p1a: Arceus|Weakness Policy\n|-boost|p1a: Arceus|atk|2|[from] item: Weakness Policy\n|-boost|p1a: Arceus|spa|2|[from] item: Weakness Policy\n|\n|-weather|RainDance|[upkeep]\n|upkeep\n|turn|3\n|\n|t:|1701030165\n|-terastallize|p1a: Arceus|Poison\n|move|p1a: Arceus|Cosmic Power|p1a: Arceus\n|-boost|p1a: Arceus|def|1\n|-boost|p1a: Arceus|spd|1\n|move|p2a: Orthworm|Body Press|p1a: Arceus\n|-resisted|p1a: Arceus\n|-crit|p1a: Arceus\n|-damage|p1a: Arceus|57\/100\n|\n|-weather|RainDance|[upkeep]\n|upkeep\n|turn|4\n|\n|t:|1701030177\n|move|p1a: Arceus|Cosmic Power|p1a: Arceus\n|-boost|p1a: Arceus|def|1\n|-boost|p1a: Arceus|spd|1\n|move|p2a: Orthworm|Earthquake|p1a: Arceus\n|-supereffective|p1a: Arceus\n|-damage|p1a: Arceus|46\/100\n|\n|-weather|RainDance|[upkeep]\n|upkeep\n|turn|5\n|\n|t:|1701030187\n|move|p1a: Arceus|Recover|p1a: Arceus\n|-heal|p1a: Arceus|96\/100\n|move|p2a: Orthworm|Earthquake|p1a: Arceus\n|-supereffective|p1a: Arceus\n|-damage|p1a: Arceus|85\/100\n|\n|-weather|none\n|upkeep\n|turn|6\n|\n|t:|1701030197\n|switch|p2a: Pelipper|Pelipper, F|100\/100\n|-weather|RainDance|[from] ability: Drizzle|[of] p2a: Pelipper\n|move|p1a: Arceus|Cosmic Power|p1a: Arceus\n|-boost|p1a: Arceus|def|1\n|-boost|p1a: Arceus|spd|1\n|\n|-weather|RainDance|[upkeep]\n|upkeep\n|turn|7\n|\n|t:|1701030220\n|move|p1a: Arceus|Stored Power|p2a: Pelipper\n|-damage|p2a: Pelipper|0 fnt\n|faint|p2a: Pelipper\n|\n|-weather|RainDance|[upkeep]\n|upkeep\n|\n|t:|1701030225\n|switch|p2a: Drednaw|Drednaw, F, shiny|100\/100\n|turn|8\n|\n|t:|1701030230\n|-terastallize|p2a: Drednaw|Water\n|move|p2a: Drednaw|Liquidation|p1a: Arceus\n|-damage|p1a: Arceus|64\/100\n|move|p1a: Arceus|Stored Power|p2a: Drednaw\n|-damage|p2a: Drednaw|0 fnt\n|faint|p2a: Drednaw\n|\n|-weather|RainDance|[upkeep]\n|upkeep\n|\n|t:|1701030240\n|switch|p2a: Amoonguss|Amoonguss, M|100\/100\n|turn|9\n|\n|t:|1701030244\n|move|p1a: Arceus|Stored Power|p2a: Amoonguss\n|-supereffective|p2a: Amoonguss\n|-damage|p2a: Amoonguss|0 fnt\n|faint|p2a: Amoonguss\n|\n|-weather|RainDance|[upkeep]\n|upkeep\n|\n|t:|1701030258\n|switch|p2a: Orthworm|Orthworm, F|29\/100\n|turn|10\n|\n|t:|1701030262\n|move|p1a: Arceus|Stored Power|p2a: Orthworm\n|-resisted|p2a: Orthworm\n|-damage|p2a: Orthworm|0 fnt\n|faint|p2a: Orthworm\n|\n|-weather|none\n|upkeep\n|\n|t:|1701030269\n|switch|p2a: Gholdengo|Gholdengo|100\/100\n|turn|11\n|\n|t:|1701030273\n|move|p1a: Arceus|Earth Power|p2a: Gholdengo\n|-supereffective|p2a: Gholdengo\n|-damage|p2a: Gholdengo|0 fnt\n|faint|p2a: Gholdengo\n|\n|upkeep\n|\n|t:|1701030278\n|switch|p2a: Iron Moth|Iron Moth|100\/100\n|turn|12\n|\n|t:|1701030283\n|move|p2a: Iron Moth|Fiery Dance|p1a: Arceus\n|-damage|p1a: Arceus|54\/100\n|-boost|p2a: Iron Moth|spa|1\n|move|p1a: Arceus|Stored Power|p2a: Iron Moth\n|-supereffective|p2a: Iron Moth\n|-damage|p2a: Iron Moth|0 fnt\n|faint|p2a: Iron Moth\n|-end|p2a: Iron Moth|Quark Drive|[silent]\n|\n|win|Emilchelo\n|raw|Emilchelo's rating: 1099 &rarr; <strong>1117<\/strong><br \/>(+18 for winning)\n|raw|baron rikano's rating: 1000 &rarr; <strong>1000<\/strong><br \/>(+0 for losing)\n|l|\u2606baron rikano\n","uploadtime":1701030298,"views":1,"p1id":"emilchelo","p2id":"baronrikano","formatid":"gen9ubers","rating":1000,"private":0,"password":""}