{"id":"gen9ubers-1991322701","p1":"pain rein","p2":"Velocitar32","format":"[Gen 9] Ubers","log":"|j|\u2606pain rein\n|j|\u2606Velocitar32\n|t:|1700067503\n|gametype|singles\n|player|p1|pain rein|colress|1213\n|player|p2|Velocitar32|silver-masters|1426\n|teamsize|p1|6\n|teamsize|p2|6\n|gen|9\n|tier|[Gen 9] Ubers\n|rated|\n|rule|Sleep Clause Mod: Limit one foe put to sleep\n|rule|Species Clause: Limit one of each Pok\u00e9mon\n|rule|OHKO Clause: OHKO moves are banned\n|rule|Evasion Items Clause: Evasion items are banned\n|rule|Evasion Moves Clause: Evasion moves are banned\n|rule|Endless Battle Clause: Forcing endless battles is banned\n|rule|HP Percentage Mod: HP is shown in percentages\n|clearpoke\n|poke|p1|Calyrex-Ice|\n|poke|p1|Kyogre|\n|poke|p1|Spiritomb, M|\n|poke|p1|Mimikyu, F|\n|poke|p1|Talonflame, F|\n|poke|p1|Amoonguss, M|\n|poke|p2|Arceus-Ground|\n|poke|p2|Annihilape, M|\n|poke|p2|Zacian-*|\n|poke|p2|Miraidon|\n|poke|p2|Koraidon|\n|poke|p2|Rayquaza|\n|teampreview\n|inactive|Battle timer is ON: inactive players will automatically lose when time's up. (requested by Velocitar32)\n|\n|t:|1700067525\n|start\n|switch|p1a: \u7cbe\u795e\u5893|Spiritomb, M|100\/100\n|switch|p2a: Kong|Annihilape, M, shiny|100\/100\n|turn|1\n|\n|t:|1700067534\n|move|p2a: Kong|Taunt|p1a: \u7cbe\u795e\u5893\n|-start|p1a: \u7cbe\u795e\u5893|move: Taunt\n|cant|p1a: \u7cbe\u795e\u5893|move: Taunt|Trick Room\n|\n|upkeep\n|turn|2\n|\n|t:|1700067540\n|move|p2a: Kong|Stealth Rock|p1a: \u7cbe\u795e\u5893\n|-sidestart|p1: pain rein|move: Stealth Rock\n|move|p1a: \u7cbe\u795e\u5893|Poltergeist|p2a: Kong\n|-activate|p2a: Kong|move: Poltergeist|Focus Sash\n|-supereffective|p2a: Kong\n|-damage|p2a: Kong|12\/100\n|\n|upkeep\n|turn|3\n|\n|t:|1700067547\n|move|p1a: \u7cbe\u795e\u5893|Sucker Punch|p2a: Kong\n|-damage|p2a: Kong|0 fnt\n|faint|p2a: Kong\n|\n|-end|p1a: \u7cbe\u795e\u5893|move: Taunt\n|upkeep\n|\n|t:|1700067554\n|switch|p2a: Laxus|Miraidon|100\/100\n|-fieldstart|move: Electric Terrain|[from] ability: Hadron Engine|[of] p2a: Laxus\n|turn|4\n|\n|t:|1700067559\n|move|p2a: Laxus|Dazzling Gleam|p1a: \u7cbe\u795e\u5893\n|-supereffective|p1a: \u7cbe\u795e\u5893\n|-damage|p1a: \u7cbe\u795e\u5893|20\/100\n|move|p1a: \u7cbe\u795e\u5893|Trick Room|p1a: \u7cbe\u795e\u5893\n|-fieldstart|move: Trick Room|[of] p1a: \u7cbe\u795e\u5893\n|\n|upkeep\n|turn|5\n|\n|t:|1700067566\n|move|p1a: \u7cbe\u795e\u5893|Destiny Bond|p1a: \u7cbe\u795e\u5893\n|-singlemove|p1a: \u7cbe\u795e\u5893|Destiny Bond\n|move|p2a: Laxus|Dazzling Gleam|p1a: \u7cbe\u795e\u5893\n|-supereffective|p1a: \u7cbe\u795e\u5893\n|-damage|p1a: \u7cbe\u795e\u5893|0 fnt\n|faint|p1a: \u7cbe\u795e\u5893\n|-activate|p1a: \u7cbe\u795e\u5893|move: Destiny Bond\n|faint|p2a: Laxus\n|\n|upkeep\n|j| Contest hater\n|l| Contest hater\n|\n|t:|1700067587\n|switch|p1a: \u82b1\u843c-\u51b0\u971c|Calyrex-Ice|100\/100\n|switch|p2a: DarkLose|Rayquaza, shiny|100\/100\n|-ability|p1a: \u82b1\u843c-\u51b0\u971c|As One\n|-ability|p1a: \u82b1\u843c-\u51b0\u971c|Unnerve\n|-damage|p1a: \u82b1\u843c-\u51b0\u971c|75\/100|[from] Stealth Rock\n|-ability|p2a: DarkLose|Air Lock\n|turn|6\n|\n|t:|1700067602\n|switch|p2a: Z-sword|Zacian-Crowned, shiny|100\/100\n|-ability|p2a: Z-sword|Intrepid Sword|boost\n|-boost|p2a: Z-sword|atk|1\n|move|p1a: \u82b1\u843c-\u51b0\u971c|Glacial Lance|p2a: Z-sword\n|-resisted|p2a: Z-sword\n|-crit|p2a: Z-sword\n|-damage|p2a: Z-sword|54\/100\n|\n|-heal|p1a: \u82b1\u843c-\u51b0\u971c|82\/100|[from] item: Leftovers\n|upkeep\n|turn|7\n|\n|t:|1700067612\n|move|p1a: \u82b1\u843c-\u51b0\u971c|High Horsepower|p2a: Z-sword\n|-supereffective|p2a: Z-sword\n|-damage|p2a: Z-sword|0 fnt\n|faint|p2a: Z-sword\n|-ability|p1a: \u82b1\u843c-\u51b0\u971c|Chilling Neigh|boost\n|-boost|p1a: \u82b1\u843c-\u51b0\u971c|atk|1\n|\n|-heal|p1a: \u82b1\u843c-\u51b0\u971c|88\/100|[from] item: Leftovers\n|upkeep\n|\n|t:|1700067624\n|switch|p2a: Salamander|Koraidon|100\/100\n|-weather|SunnyDay|[from] ability: Orichalcum Pulse|[of] p2a: Salamander\n|-activate|p2a: Salamander|Orichalcum Pulse|[source]\n|turn|8\n|\n|t:|1700067633\n|-terastallize|p2a: Salamander|Fire\n|move|p1a: \u82b1\u843c-\u51b0\u971c|Glacial Lance|p2a: Salamander\n|-resisted|p2a: Salamander\n|-damage|p2a: Salamander|55\/100\n|move|p2a: Salamander|Collision Course|p1a: \u82b1\u843c-\u51b0\u971c\n|-damage|p1a: \u82b1\u843c-\u51b0\u971c|52\/100\n|\n|-weather|SunnyDay|[upkeep]\n|-heal|p1a: \u82b1\u843c-\u51b0\u971c|58\/100|[from] item: Leftovers\n|-heal|p2a: Salamander|61\/100|[from] item: Leftovers\n|-fieldend|move: Trick Room\n|-fieldend|move: Electric Terrain\n|upkeep\n|turn|9\n|\n|t:|1700067646\n|-terastallize|p1a: \u82b1\u843c-\u51b0\u971c|Steel\n|move|p2a: Salamander|Flame Charge|p1a: \u82b1\u843c-\u51b0\u971c\n|-supereffective|p1a: \u82b1\u843c-\u51b0\u971c\n|-damage|p1a: \u82b1\u843c-\u51b0\u971c|0 fnt\n|-boost|p2a: Salamander|spe|1\n|faint|p1a: \u82b1\u843c-\u51b0\u971c\n|\n|-weather|SunnyDay|[upkeep]\n|-heal|p2a: Salamander|67\/100|[from] item: Leftovers\n|upkeep\n|\n|t:|1700067663\n|switch|p1a: \u5854\u9f99\u706b\u7130|Talonflame, F|100\/100\n|turn|10\n|\n|t:|1700067667\n|move|p1a: \u5854\u9f99\u706b\u7130|Defog|p2a: Salamander\n|-unboost|p2a: Salamander|evasion|1\n|-sideend|p1: pain rein|Stealth Rock|[from] move: Defog|[of] p1a: \u5854\u9f99\u706b\u7130\n|move|p2a: Salamander|Dragon Claw|p1a: \u5854\u9f99\u706b\u7130\n|-damage|p1a: \u5854\u9f99\u706b\u7130|20\/100\n|\n|-weather|SunnyDay|[upkeep]\n|-heal|p2a: Salamander|73\/100|[from] item: Leftovers\n|upkeep\n|turn|11\n|\n|t:|1700067684\n|switch|p1a: \u4eac\u683c\u96f7|Kyogre|100\/100\n|-weather|RainDance|[from] ability: Drizzle|[of] p1a: \u4eac\u683c\u96f7\n|move|p2a: Salamander|Dragon Claw|p1a: \u4eac\u683c\u96f7\n|-damage|p1a: \u4eac\u683c\u96f7|65\/100\n|\n|-weather|RainDance|[upkeep]\n|-heal|p2a: Salamander|79\/100|[from] item: Leftovers\n|upkeep\n|turn|12\n|\n|t:|1700067698\n|switch|p2a: Dieux|Arceus-Ground, shiny|100\/100\n|move|p1a: \u4eac\u683c\u96f7|Origin Pulse|p2a: Dieux\n|-supereffective|p2a: Dieux\n|-damage|p2a: Dieux|0 fnt\n|faint|p2a: Dieux\n|\n|-weather|RainDance|[upkeep]\n|upkeep\n|\n|t:|1700067706\n|switch|p2a: DarkLose|Rayquaza, shiny|100\/100\n|-ability|p2a: DarkLose|Air Lock\n|turn|13\n|\n|t:|1700067713\n|move|p2a: DarkLose|Dragon Ascent|p1a: \u4eac\u683c\u96f7\n|-damage|p1a: \u4eac\u683c\u96f7|4\/100\n|-unboost|p2a: DarkLose|def|1\n|-unboost|p2a: DarkLose|spd|1\n|move|p1a: \u4eac\u683c\u96f7|Ice Beam|p2a: DarkLose\n|-supereffective|p2a: DarkLose\n|-damage|p2a: DarkLose|0 fnt\n|faint|p2a: DarkLose\n|\n|-weather|RainDance|[upkeep]\n|upkeep\n|\n|t:|1700067722\n|switch|p2a: Salamander|Koraidon, tera:Fire|79\/100\n|-weather|SunnyDay|[from] ability: Orichalcum Pulse|[of] p2a: Salamander\n|-activate|p2a: Salamander|Orichalcum Pulse|[source]\n|turn|14\n|\n|t:|1700067728\n|switch|p1a: \u5854\u9f99\u706b\u7130|Talonflame, F|20\/100\n|move|p2a: Salamander|Flame Charge|p1a: \u5854\u9f99\u706b\u7130\n|-resisted|p1a: \u5854\u9f99\u706b\u7130\n|-damage|p1a: \u5854\u9f99\u706b\u7130|0 fnt\n|-boost|p2a: Salamander|spe|1\n|faint|p1a: \u5854\u9f99\u706b\u7130\n|\n|-weather|SunnyDay|[upkeep]\n|-heal|p2a: Salamander|86\/100|[from] item: Leftovers\n|upkeep\n|\n|t:|1700067730\n|switch|p1a: \u4eac\u683c\u96f7|Kyogre|4\/100\n|-weather|RainDance|[from] ability: Drizzle|[of] p1a: \u4eac\u683c\u96f7\n|turn|15\n|\n|t:|1700067747\n|move|p2a: Salamander|Flame Charge|p1a: \u4eac\u683c\u96f7\n|-resisted|p1a: \u4eac\u683c\u96f7\n|-damage|p1a: \u4eac\u683c\u96f7|0 fnt\n|-boost|p2a: Salamander|spe|1\n|faint|p1a: \u4eac\u683c\u96f7\n|\n|-weather|RainDance|[upkeep]\n|-heal|p2a: Salamander|92\/100|[from] item: Leftovers\n|upkeep\n|\n|t:|1700067750\n|switch|p1a: \u7f8e\u7f8e\u4e45|Mimikyu, F|100\/100\n|turn|16\n|\n|t:|1700067761\n|move|p2a: Salamander|Flame Charge|p1a: \u7f8e\u7f8e\u4e45\n|-activate|p1a: \u7f8e\u7f8e\u4e45|ability: Disguise\n|-damage|p1a: \u7f8e\u7f8e\u4e45|100\/100\n|-boost|p2a: Salamander|spe|1\n|detailschange|p1a: \u7f8e\u7f8e\u4e45|Mimikyu-Busted, F\n|-damage|p1a: \u7f8e\u7f8e\u4e45|88\/100|[from] pokemon: Mimikyu-Busted\n|move|p1a: \u7f8e\u7f8e\u4e45|Trick Room|p1a: \u7f8e\u7f8e\u4e45\n|-fieldstart|move: Trick Room|[of] p1a: \u7f8e\u7f8e\u4e45\n|\n|-weather|RainDance|[upkeep]\n|-heal|p2a: Salamander|98\/100|[from] item: Leftovers\n|upkeep\n|turn|17\n|\n|t:|1700067774\n|move|p1a: \u7f8e\u7f8e\u4e45|Play Rough|p2a: Salamander|[miss]\n|-miss|p1a: \u7f8e\u7f8e\u4e45|p2a: Salamander\n|move|p2a: Salamander|Swords Dance|p2a: Salamander\n|-boost|p2a: Salamander|atk|2\n|\n|-weather|RainDance|[upkeep]\n|-heal|p2a: Salamander|100\/100|[from] item: Leftovers\n|upkeep\n|turn|18\n|\n|t:|1700067783\n|move|p1a: \u7f8e\u7f8e\u4e45|Play Rough|p2a: Salamander|[miss]\n|-miss|p1a: \u7f8e\u7f8e\u4e45|p2a: Salamander\n|move|p2a: Salamander|Flame Charge|p1a: \u7f8e\u7f8e\u4e45\n|-damage|p1a: \u7f8e\u7f8e\u4e45|49\/100\n|-boost|p2a: Salamander|spe|1\n|\n|-weather|RainDance|[upkeep]\n|upkeep\n|turn|19\n|\n|t:|1700067792\n|move|p1a: \u7f8e\u7f8e\u4e45|Play Rough|p2a: Salamander\n|-resisted|p2a: Salamander\n|-damage|p2a: Salamander|82\/100\n|move|p2a: Salamander|Swords Dance|p2a: Salamander\n|-boost|p2a: Salamander|atk|2\n|\n|-weather|none\n|-heal|p2a: Salamander|88\/100|[from] item: Leftovers\n|upkeep\n|turn|20\n|\n|t:|1700067801\n|move|p1a: \u7f8e\u7f8e\u4e45|Play Rough|p2a: Salamander\n|-resisted|p2a: Salamander\n|-damage|p2a: Salamander|71\/100\n|move|p2a: Salamander|Flame Charge|p1a: \u7f8e\u7f8e\u4e45\n|-damage|p1a: \u7f8e\u7f8e\u4e45|0 fnt\n|-boost|p2a: Salamander|spe|1\n|faint|p1a: \u7f8e\u7f8e\u4e45\n|\n|-heal|p2a: Salamander|77\/100|[from] item: Leftovers\n|-fieldend|move: Trick Room\n|upkeep\n|\n|t:|1700067803\n|switch|p1a: \u963f\u8499\u5361\u65af\u7279|Amoonguss, M|100\/100\n|turn|21\n|\n|t:|1700067813\n|move|p2a: Salamander|Flame Charge|p1a: \u963f\u8499\u5361\u65af\u7279\n|-supereffective|p1a: \u963f\u8499\u5361\u65af\u7279\n|-damage|p1a: \u963f\u8499\u5361\u65af\u7279|0 fnt\n|-boost|p2a: Salamander|spe|1\n|-damage|p2a: Salamander|60\/100|[from] item: Rocky Helmet|[of] p1a: \u963f\u8499\u5361\u65af\u7279\n|faint|p1a: \u963f\u8499\u5361\u65af\u7279\n|\n|win|Velocitar32\n|raw|pain rein's rating: 1213 &rarr; <strong>1202<\/strong><br \/>(-11 for losing)\n|raw|Velocitar32's rating: 1426 &rarr; <strong>1435<\/strong><br \/>(+9 for winning)\n|l|\u2606pain rein\n","uploadtime":1700067835,"views":5,"p1id":"painrein","p2id":"velocitar32","formatid":"gen9ubers","rating":1202,"private":0,"password":""}