{"id":"gen9ubers-1989018841","p1":"Akritas","p2":"Lialiabeast","format":"[Gen 9] Ubers","log":"|j|\u2606Akritas\n|j|\u2606Lialiabeast\n|t:|1699802863\n|gametype|singles\n|player|p1|Akritas|nate|\n|player|p2|Lialiabeast|emmet-masters|\n|teamsize|p1|6\n|teamsize|p2|6\n|gen|9\n|tier|[Gen 9] Ubers\n|rule|Sleep Clause Mod: Limit one foe put to sleep\n|rule|Species Clause: Limit one of each Pok\u00e9mon\n|rule|OHKO Clause: OHKO moves are banned\n|rule|Evasion Items Clause: Evasion items are banned\n|rule|Evasion Moves Clause: Evasion moves are banned\n|rule|Endless Battle Clause: Forcing endless battles is banned\n|rule|HP Percentage Mod: HP is shown in percentages\n|clearpoke\n|poke|p1|Gholdengo|\n|poke|p1|Samurott-Hisui, M|\n|poke|p1|Rillaboom, M|\n|poke|p1|Kommo-o, M|\n|poke|p1|Great Tusk|\n|poke|p1|Heatran, F|\n|poke|p2|Slowking-Galar, F|\n|poke|p2|Zapdos|\n|poke|p2|Landorus-Therian, M|\n|poke|p2|Samurott-Hisui, F|\n|poke|p2|Iron Valiant|\n|poke|p2|Dragapult, M|\n|teampreview\n|inactive|Battle timer is ON: inactive players will automatically lose when time's up. (requested by Akritas)\n|\n|t:|1699802885\n|start\n|switch|p1a: Rillaboom|Rillaboom, M|100\/100\n|switch|p2a: Samurott|Samurott-Hisui, F|100\/100\n|-fieldstart|move: Grassy Terrain|[from] ability: Grassy Surge|[of] p1a: Rillaboom\n|turn|1\n|\n|t:|1699802892\n|switch|p2a: Zapdos|Zapdos|100\/100\n|move|p1a: Rillaboom|U-turn|p2a: Zapdos\n|-resisted|p2a: Zapdos\n|-damage|p2a: Zapdos|84\/100\n|\n|t:|1699802902\n|switch|p1a: Heatran|Heatran, F|100\/100|[from] U-turn\n|\n|upkeep\n|turn|2\n|\n|t:|1699802912\n|move|p2a: Zapdos|Thunder Wave|p1a: Heatran\n|-status|p1a: Heatran|par\n|move|p1a: Heatran|Magma Storm|p2a: Zapdos|[miss]\n|-miss|p1a: Heatran|p2a: Zapdos\n|\n|upkeep\n|turn|3\n|\n|t:|1699802920\n|move|p2a: Zapdos|Volt Switch|p1a: Heatran\n|-damage|p1a: Heatran|83\/100 par\n|\n|t:|1699802923\n|switch|p2a: Landorus|Landorus-Therian, M|100\/100|[from] Volt Switch\n|-ability|p2a: Landorus|Intimidate|boost\n|-unboost|p1a: Heatran|atk|1\n|cant|p1a: Heatran|par\n|\n|-heal|p1a: Heatran|89\/100 par|[from] Grassy Terrain\n|-heal|p1a: Heatran|95\/100 par|[from] item: Leftovers\n|upkeep\n|turn|4\n|j| Orgismenos ellinas\n|inactive|Akritas has 270 seconds left.\n|\n|t:|1699802969\n|switch|p1a: Great Tusk|Great Tusk|100\/100\n|-enditem|p1a: Great Tusk|Booster Energy\n|-activate|p1a: Great Tusk|ability: Protosynthesis|[fromitem]\n|-start|p1a: Great Tusk|protosynthesisspe\n|move|p2a: Landorus|U-turn|p1a: Great Tusk\n|-resisted|p1a: Great Tusk\n|-damage|p1a: Great Tusk|93\/100\n|\n|t:|1699802973\n|switch|p2a: Zapdos|Zapdos|84\/100|[from] U-turn\n|\n|-heal|p1a: Great Tusk|99\/100|[from] Grassy Terrain\n|upkeep\n|turn|5\n|\n|t:|1699802998\n|-end|p1a: Great Tusk|Protosynthesis|[silent]\n|switch|p1a: Samurott|Samurott-Hisui, M|100\/100\n|move|p2a: Zapdos|Roost|p2a: Zapdos\n|-heal|p2a: Zapdos|100\/100\n|-singleturn|p2a: Zapdos|move: Roost\n|\n|-fieldend|move: Grassy Terrain\n|upkeep\n|turn|6\n|\n|t:|1699803010\n|move|p2a: Zapdos|Thunder Wave|p1a: Samurott\n|-status|p1a: Samurott|par\n|cant|p1a: Samurott|par\n|\n|upkeep\n|turn|7\n|\n|t:|1699803015\n|move|p2a: Zapdos|Hurricane|p1a: Samurott\n|-damage|p1a: Samurott|55\/100 par\n|move|p1a: Samurott|Ceaseless Edge|p2a: Zapdos\n|-damage|p2a: Zapdos|64\/100\n|-sidestart|p2: Lialiabeast|Spikes\n|\n|upkeep\n|turn|8\n|\n|t:|1699803024\n|move|p2a: Zapdos|Volt Switch|p1a: Samurott\n|-supereffective|p1a: Samurott\n|-damage|p1a: Samurott|0 fnt\n|faint|p1a: Samurott\n|\n|t:|1699803028\n|switch|p2a: Landorus|Landorus-Therian, M|100\/100|[from] Volt Switch\n|\n|upkeep\n|inactive|Akritas has 270 seconds left.\n|\n|t:|1699803042\n|switch|p1a: Rillaboom|Rillaboom, M|100\/100\n|-fieldstart|move: Grassy Terrain|[from] ability: Grassy Surge|[of] p1a: Rillaboom\n|turn|9\n|inactive|Akritas has 270 seconds left.\n|\n|t:|1699803064\n|switch|p2a: Zapdos|Zapdos|64\/100\n|move|p1a: Rillaboom|Knock Off|p2a: Zapdos\n|-damage|p2a: Zapdos|20\/100\n|-enditem|p2a: Zapdos|Heavy-Duty Boots|[from] move: Knock Off|[of] p1a: Rillaboom\n|\n|upkeep\n|turn|10\n|inactive|Akritas has 270 seconds left.\n|\n|t:|1699803091\n|switch|p1a: Heatran|Heatran, F|95\/100 par\n|move|p2a: Zapdos|Roost|p2a: Zapdos\n|-heal|p2a: Zapdos|70\/100\n|-singleturn|p2a: Zapdos|move: Roost\n|\n|-heal|p2a: Zapdos|76\/100|[from] Grassy Terrain\n|-heal|p1a: Heatran|100\/100 par|[from] Grassy Terrain\n|upkeep\n|turn|11\n|\n|t:|1699803100\n|move|p2a: Zapdos|Volt Switch|p1a: Heatran\n|-damage|p1a: Heatran|81\/100 par\n|\n|t:|1699803101\n|switch|p2a: Samurott|Samurott-Hisui, F|100\/100|[from] Volt Switch\n|move|p1a: Heatran|Stealth Rock|p2a: Samurott\n|-sidestart|p2: Lialiabeast|move: Stealth Rock\n|\n|-heal|p1a: Heatran|87\/100 par|[from] Grassy Terrain\n|-heal|p1a: Heatran|93\/100 par|[from] item: Leftovers\n|upkeep\n|turn|12\n|inactive|Akritas has 270 seconds left.\n|\n|t:|1699803114\n|move|p2a: Samurott|Ceaseless Edge|p1a: Heatran\n|-damage|p1a: Heatran|53\/100 par\n|-sidestart|p1: Akritas|Spikes\n|cant|p1a: Heatran|par\n|\n|-heal|p1a: Heatran|59\/100 par|[from] Grassy Terrain\n|-heal|p1a: Heatran|65\/100 par|[from] item: Leftovers\n|upkeep\n|turn|13\n|\n|t:|1699803124\n|move|p2a: Samurott|Razor Shell|p1a: Heatran\n|-supereffective|p1a: Heatran\n|-damage|p1a: Heatran|0 fnt\n|faint|p1a: Heatran\n|\n|-fieldend|move: Grassy Terrain\n|upkeep\n|\n|t:|1699803128\n|switch|p1a: Rillaboom|Rillaboom, M|100\/100\n|-damage|p1a: Rillaboom|88\/100|[from] Spikes\n|-fieldstart|move: Grassy Terrain|[from] ability: Grassy Surge|[of] p1a: Rillaboom\n|turn|14\n|\n|t:|1699803139\n|switch|p2a: Landorus|Landorus-Therian, M|100\/100\n|-damage|p2a: Landorus|88\/100|[from] Stealth Rock\n|-ability|p2a: Landorus|Intimidate|boost\n|-unboost|p1a: Rillaboom|atk|1\n|move|p1a: Rillaboom|Wood Hammer|p2a: Landorus\n|-damage|p2a: Landorus|38\/100\n|-damage|p1a: Rillaboom|69\/100|[from] Recoil\n|\n|-heal|p1a: Rillaboom|76\/100|[from] Grassy Terrain\n|-heal|p2a: Landorus|44\/100|[from] item: Leftovers\n|upkeep\n|turn|15\n|\n|t:|1699803158\n|switch|p1a: Gholdengo|Gholdengo|100\/100\n|-item|p1a: Gholdengo|Air Balloon\n|switch|p2a: Zapdos|Zapdos|76\/100\n|-damage|p2a: Zapdos|51\/100|[from] Stealth Rock\n|\n|upkeep\n|turn|16\n|\n|t:|1699803172\n|move|p2a: Zapdos|Thunder Wave|p1a: Gholdengo\n|-immune|p1a: Gholdengo|[from] ability: Good as Gold\n|move|p1a: Gholdengo|Shadow Ball|p2a: Zapdos\n|-damage|p2a: Zapdos|8\/100\n|\n|upkeep\n|turn|17\n|\n|t:|1699803184\n|move|p2a: Zapdos|Roost|p2a: Zapdos\n|-heal|p2a: Zapdos|58\/100\n|-singleturn|p2a: Zapdos|move: Roost\n|move|p1a: Gholdengo|Nasty Plot|p1a: Gholdengo\n|-boost|p1a: Gholdengo|spa|2\n|\n|-heal|p2a: Zapdos|65\/100|[from] Grassy Terrain\n|upkeep\n|turn|18\n|\n|t:|1699803191\n|move|p2a: Zapdos|Volt Switch|p1a: Gholdengo\n|-damage|p1a: Gholdengo|65\/100\n|-enditem|p1a: Gholdengo|Air Balloon\n|\n|t:|1699803195\n|switch|p2a: Landorus|Landorus-Therian, M|44\/100|[from] Volt Switch\n|-damage|p2a: Landorus|31\/100|[from] Stealth Rock\n|-ability|p2a: Landorus|Intimidate|boost\n|-unboost|p1a: Gholdengo|atk|1\n|move|p1a: Gholdengo|Shadow Ball|p2a: Landorus\n|-damage|p2a: Landorus|0 fnt\n|faint|p2a: Landorus\n|\n|-heal|p1a: Gholdengo|71\/100|[from] Grassy Terrain\n|-fieldend|move: Grassy Terrain\n|upkeep\n|\n|t:|1699803204\n|switch|p2a: Dragapult|Dragapult, M|100\/100\n|-damage|p2a: Dragapult|88\/100|[from] Spikes\n|-damage|p2a: Dragapult|76\/100|[from] Stealth Rock\n|turn|19\n|l| Orgismenos ellinas\n|\n|t:|1699803218\n|-terastallize|p1a: Gholdengo|Fairy\n|move|p2a: Dragapult|Substitute|p2a: Dragapult\n|-start|p2a: Dragapult|Substitute\n|-damage|p2a: Dragapult|51\/100\n|move|p1a: Gholdengo|Shadow Ball|p2a: Dragapult\n|-supereffective|p2a: Dragapult\n|-end|p2a: Dragapult|Substitute\n|\n|-heal|p2a: Dragapult|57\/100|[from] item: Leftovers\n|upkeep\n|turn|20\n|\n|t:|1699803236\n|move|p2a: Dragapult|Hex|p1a: Gholdengo\n|-damage|p1a: Gholdengo|41\/100\n|move|p1a: Gholdengo|Shadow Ball|p2a: Dragapult\n|-supereffective|p2a: Dragapult\n|-damage|p2a: Dragapult|0 fnt\n|faint|p2a: Dragapult\n|\n|upkeep\n|inactive|Lialiabeast has 270 seconds left.\n|inactive|Lialiabeast has 240 seconds left.\n|inactive|Lialiabeast has 210 seconds left.\n|j| DimitrisNabby1\n|\n|t:|1699803330\n|switch|p2a: Iron Valiant|Iron Valiant|100\/100\n|turn|21\n|\n|t:|1699803350\n|move|p2a: Iron Valiant|Moonblast|p1a: Gholdengo\n|-damage|p1a: Gholdengo|0 fnt\n|faint|p1a: Gholdengo\n|\n|upkeep\n|\n|t:|1699803357\n|switch|p1a: Rillaboom|Rillaboom, M|76\/100\n|-damage|p1a: Rillaboom|63\/100|[from] Spikes\n|-fieldstart|move: Grassy Terrain|[from] ability: Grassy Surge|[of] p1a: Rillaboom\n|turn|22\n|\n|t:|1699803363\n|-end|p2a: Iron Valiant|Quark Drive|[silent]\n|switch|p2a: Zapdos|Zapdos|65\/100\n|-damage|p2a: Zapdos|40\/100|[from] Stealth Rock\n|move|p1a: Rillaboom|Wood Hammer|p2a: Zapdos\n|-resisted|p2a: Zapdos\n|-damage|p2a: Zapdos|0 fnt\n|-status|p1a: Rillaboom|par|[from] ability: Static|[of] p2a: Zapdos\n|faint|p2a: Zapdos\n|-damage|p1a: Rillaboom|49\/100 par|[from] Recoil\n|\n|-heal|p1a: Rillaboom|55\/100 par|[from] Grassy Terrain\n|upkeep\n|inactive|Lialiabeast has 210 seconds left.\n|\n|t:|1699803379\n|switch|p2a: Samurott|Samurott-Hisui, F|100\/100\n|turn|23\n|\n|t:|1699803384\n|move|p2a: Samurott|Ceaseless Edge|p1a: Rillaboom\n|-damage|p1a: Rillaboom|0 fnt\n|-sidestart|p1: Akritas|Spikes\n|faint|p1a: Rillaboom\n|\n|upkeep\n|\n|t:|1699803388\n|switch|p1a: Kommo-o|Kommo-o, M|100\/100\n|-damage|p1a: Kommo-o|84\/100|[from] Spikes\n|turn|24\n|\n|t:|1699803400\n|switch|p2a: Slowking|Slowking-Galar, F|100\/100\n|move|p1a: Kommo-o|Clanging Scales|p2a: Slowking\n|-damage|p2a: Slowking|64\/100\n|-unboost|p1a: Kommo-o|def|1\n|\n|-heal|p1a: Kommo-o|90\/100|[from] Grassy Terrain\n|-heal|p1a: Kommo-o|96\/100|[from] item: Leftovers\n|-heal|p2a: Slowking|70\/100|[from] Grassy Terrain\n|upkeep\n|turn|25\n|inactive|Akritas has 270 seconds left.\n|c|\u2606Akritas|Ahhhhhhhh\n|c|\u2606Akritas|Unlucky ff\n|c|\u2606Akritas|Ebala to lathos team to kommo o exei lathos moves\n|c|\u2606Lialiabeast|oof\n|inactive|Akritas has 240 seconds left.\n|\n|t:|1699803462\n|move|p1a: Kommo-o|Flamethrower|p2a: Slowking\n|-damage|p2a: Slowking|52\/100\n|move|p2a: Slowking|Thunder Wave|p1a: Kommo-o\n|-status|p1a: Kommo-o|par\n|\n|-heal|p1a: Kommo-o|100\/100 par|[from] Grassy Terrain\n|-heal|p2a: Slowking|58\/100|[from] Grassy Terrain\n|upkeep\n|turn|26\n|\n|t:|1699803466\n|move|p1a: Kommo-o|Clangorous Soul|p1a: Kommo-o\n|-boost|p1a: Kommo-o|atk|1\n|-boost|p1a: Kommo-o|def|1\n|-boost|p1a: Kommo-o|spa|1\n|-boost|p1a: Kommo-o|spd|1\n|-boost|p1a: Kommo-o|spe|1\n|-damage|p1a: Kommo-o|68\/100 par\n|move|p2a: Slowking|Future Sight|p1a: Kommo-o\n|-start|p2a: Slowking|move: Future Sight\n|\n|-heal|p1a: Kommo-o|74\/100 par|[from] Grassy Terrain\n|-heal|p1a: Kommo-o|80\/100 par|[from] item: Leftovers\n|-heal|p2a: Slowking|64\/100|[from] Grassy Terrain\n|-fieldend|move: Grassy Terrain\n|upkeep\n|turn|27\n|inactive|Lialiabeast has 240 seconds left.\n|\n|t:|1699803472\n|move|p1a: Kommo-o|Clangorous Soul|p1a: Kommo-o\n|-boost|p1a: Kommo-o|atk|1\n|-boost|p1a: Kommo-o|def|1\n|-boost|p1a: Kommo-o|spa|1\n|-boost|p1a: Kommo-o|spd|1\n|-boost|p1a: Kommo-o|spe|1\n|-damage|p1a: Kommo-o|47\/100 par\n|move|p2a: Slowking|Chilly Reception|p2a: Slowking\n|-weather|Snow\n|\n|t:|1699803477\n|switch|p2a: Samurott|Samurott-Hisui, F|100\/100|[from] Chilly Reception\n|\n|-weather|Snow|[upkeep]\n|-heal|p1a: Kommo-o|53\/100 par|[from] item: Leftovers\n|upkeep\n|turn|28\n|inactive|Akritas has 270 seconds left.\n|\n|t:|1699803483\n|switch|p2a: Slowking|Slowking-Galar, F|97\/100\n|move|p1a: Kommo-o|Clanging Scales|p2a: Slowking\n|-damage|p2a: Slowking|32\/100\n|-unboost|p1a: Kommo-o|def|1\n|\n|-weather|Snow|[upkeep]\n|-end|p1a: Kommo-o|move: Future Sight\n|-supereffective|p1a: Kommo-o\n|-damage|p1a: Kommo-o|0 fnt\n|faint|p1a: Kommo-o\n|upkeep\n|inactive|Akritas has 270 seconds left.\n|\n|t:|1699803493\n|switch|p1a: Great Tusk|Great Tusk|99\/100\n|-damage|p1a: Great Tusk|83\/100|[from] Spikes\n|turn|29\n|\n|t:|1699803500\n|move|p1a: Great Tusk|Earthquake|p2a: Slowking\n|-supereffective|p2a: Slowking\n|-damage|p2a: Slowking|0 fnt\n|faint|p2a: Slowking\n|\n|-weather|Snow|[upkeep]\n|upkeep\n|\n|t:|1699803504\n|switch|p2a: Iron Valiant|Iron Valiant|100\/100\n|turn|30\n|\n|t:|1699803509\n|-terastallize|p2a: Iron Valiant|Fairy\n|move|p2a: Iron Valiant|Moonblast|p1a: Great Tusk\n|-supereffective|p1a: Great Tusk\n|-damage|p1a: Great Tusk|0 fnt\n|faint|p1a: Great Tusk\n|-end|p1a: Great Tusk|Protosynthesis|[silent]\n|\n|win|Lialiabeast\n|c|\u2606Lialiabeast|ggs\n|c|\u2606Akritas|GG\n","uploadtime":1699803566,"views":15,"p1id":"akritas","p2id":"lialiabeast","formatid":"gen9ubers","rating":0,"private":0,"password":""}