{"id":"gen9ubers-1993221853","p1":"Jyotir22","p2":"ejeuduej","format":"[Gen 9] Ubers","log":"|j|\u2606Jyotir22\n|j|\u2606ejeuduej\n|t:|1700280042\n|gametype|singles\n|player|p1|Jyotir22|red|1041\n|player|p2|ejeuduej|hiker-gen4|1000\n|teamsize|p1|4\n|teamsize|p2|6\n|gen|9\n|tier|[Gen 9] Ubers\n|rated|\n|rule|Sleep Clause Mod: Limit one foe put to sleep\n|rule|Species Clause: Limit one of each Pok\u00e9mon\n|rule|OHKO Clause: OHKO moves are banned\n|rule|Evasion Items Clause: Evasion items are banned\n|rule|Evasion Moves Clause: Evasion moves are banned\n|rule|Endless Battle Clause: Forcing endless battles is banned\n|rule|HP Percentage Mod: HP is shown in percentages\n|clearpoke\n|poke|p1|Quaquaval, M|\n|poke|p1|Darkrai|\n|poke|p1|Urshifu-*, M|\n|poke|p1|Arceus-Ground|\n|poke|p2|Regidrago|\n|poke|p2|Ninetales-Alola, F|\n|poke|p2|Baxcalibur, M|\n|poke|p2|Skeledirge, F|\n|poke|p2|Regieleki|\n|poke|p2|Ursaluna-Bloodmoon, M|\n|teampreview\n|inactive|Battle timer is ON: inactive players will automatically lose when time's up. (requested by Jyotir22)\n|\n|t:|1700280061\n|start\n|switch|p1a: Darkrai|Darkrai|100\/100\n|switch|p2a: Ninetales|Ninetales-Alola, F|100\/100\n|-weather|Snow|[from] ability: Snow Warning|[of] p2a: Ninetales\n|turn|1\n|\n|t:|1700280072\n|move|p2a: Ninetales|Aurora Veil|p2a: Ninetales\n|-sidestart|p2: ejeuduej|move: Aurora Veil\n|move|p1a: Darkrai|Hypnosis|p2a: Ninetales\n|-status|p2a: Ninetales|slp|[from] move: Hypnosis\n|\n|-weather|Snow|[upkeep]\n|-damage|p2a: Ninetales|88\/100 slp|[from] ability: Bad Dreams|[of] p1a: Darkrai\n|upkeep\n|turn|2\n|\n|t:|1700280080\n|cant|p2a: Ninetales|slp\n|move|p1a: Darkrai|Nasty Plot|p1a: Darkrai\n|-boost|p1a: Darkrai|spa|2\n|\n|-weather|Snow|[upkeep]\n|-damage|p2a: Ninetales|76\/100 slp|[from] ability: Bad Dreams|[of] p1a: Darkrai\n|upkeep\n|turn|3\n|\n|t:|1700280090\n|cant|p2a: Ninetales|slp\n|move|p1a: Darkrai|Nasty Plot|p1a: Darkrai\n|-boost|p1a: Darkrai|spa|2\n|\n|-weather|Snow|[upkeep]\n|-damage|p2a: Ninetales|64\/100 slp|[from] ability: Bad Dreams|[of] p1a: Darkrai\n|upkeep\n|turn|4\n|\n|t:|1700280099\n|-curestatus|p2a: Ninetales|slp|[msg]\n|move|p2a: Ninetales|Moonblast|p1a: Darkrai\n|-supereffective|p1a: Darkrai\n|-damage|p1a: Darkrai|19\/100\n|move|p1a: Darkrai|Nasty Plot|p1a: Darkrai\n|-boost|p1a: Darkrai|spa|2\n|\n|-weather|Snow|[upkeep]\n|-heal|p1a: Darkrai|25\/100|[from] item: Leftovers\n|upkeep\n|turn|5\n|\n|t:|1700280111\n|-terastallize|p1a: Darkrai|Fairy\n|move|p2a: Ninetales|Moonblast|p1a: Darkrai\n|-damage|p1a: Darkrai|0 fnt\n|faint|p1a: Darkrai\n|\n|-weather|none\n|upkeep\n|\n|t:|1700280123\n|switch|p1a: Arceus|Arceus-Ground|100\/100\n|turn|6\n|\n|t:|1700280130\n|move|p2a: Ninetales|Blizzard|p1a: Arceus\n|-supereffective|p1a: Arceus\n|-damage|p1a: Arceus|44\/100\n|move|p1a: Arceus|Air Slash|p2a: Ninetales\n|-damage|p2a: Ninetales|48\/100\n|\n|upkeep\n|turn|7\n|\n|t:|1700280137\n|move|p2a: Ninetales|Blizzard|p1a: Arceus\n|-supereffective|p1a: Arceus\n|-damage|p1a: Arceus|0 fnt\n|faint|p1a: Arceus\n|\n|upkeep\n|\n|t:|1700280141\n|switch|p1a: Quaquaval|Quaquaval, M|100\/100\n|turn|8\n|c|\u2606ejeuduej|You really went all atk\n|\n|t:|1700280156\n|move|p2a: Ninetales|Moonblast|p1a: Quaquaval\n|-supereffective|p1a: Quaquaval\n|-damage|p1a: Quaquaval|15\/100\n|move|p1a: Quaquaval|Aqua Step|p2a: Ninetales\n|-damage|p2a: Ninetales|18\/100\n|-boost|p1a: Quaquaval|spe|1\n|\n|-heal|p1a: Quaquaval|21\/100|[from] item: Leftovers\n|-sideend|p2: ejeuduej|move: Aurora Veil\n|upkeep\n|turn|9\n|\n|t:|1700280168\n|switch|p2a: Regieleki|Regieleki|100\/100\n|move|p1a: Quaquaval|Close Combat|p2a: Regieleki\n|-damage|p2a: Regieleki|0 fnt\n|-unboost|p1a: Quaquaval|def|1\n|-unboost|p1a: Quaquaval|spd|1\n|faint|p2a: Regieleki\n|-ability|p1a: Quaquaval|Moxie|boost\n|-boost|p1a: Quaquaval|atk|1\n|\n|-heal|p1a: Quaquaval|27\/100|[from] item: Leftovers\n|upkeep\n|\n|t:|1700280185\n|switch|p2a: Ninetales|Ninetales-Alola, F|18\/100\n|-weather|Snow|[from] ability: Snow Warning|[of] p2a: Ninetales\n|turn|10\n|\n|t:|1700280191\n|move|p1a: Quaquaval|Aqua Step|p2a: Ninetales\n|-damage|p2a: Ninetales|0 fnt\n|-boost|p1a: Quaquaval|spe|1\n|faint|p2a: Ninetales\n|-ability|p1a: Quaquaval|Moxie|boost\n|-boost|p1a: Quaquaval|atk|1\n|\n|-weather|Snow|[upkeep]\n|-heal|p1a: Quaquaval|33\/100|[from] item: Leftovers\n|upkeep\n|\n|t:|1700280201\n|switch|p2a: Skeledirge|Skeledirge, F|100\/100\n|turn|11\n|\n|t:|1700280210\n|-terastallize|p2a: Skeledirge|Normal\n|move|p1a: Quaquaval|Aqua Step|p2a: Skeledirge\n|-damage|p2a: Skeledirge|69\/100\n|-boost|p1a: Quaquaval|spe|1\n|move|p2a: Skeledirge|Hyper Voice|p1a: Quaquaval\n|-damage|p1a: Quaquaval|0 fnt\n|faint|p1a: Quaquaval\n|\n|-weather|Snow|[upkeep]\n|upkeep\n|\n|t:|1700280220\n|switch|p1a: Urshifu|Urshifu-Rapid-Strike, M|100\/100\n|turn|12\n|\n|t:|1700280227\n|move|p1a: Urshifu|Bulk Up|p1a: Urshifu\n|-boost|p1a: Urshifu|atk|1\n|-boost|p1a: Urshifu|def|1\n|move|p2a: Skeledirge|Hyper Voice|p1a: Urshifu\n|-damage|p1a: Urshifu|47\/100\n|\n|-weather|Snow|[upkeep]\n|upkeep\n|turn|13\n|\n|t:|1700280236\n|move|p1a: Urshifu|Close Combat|p2a: Skeledirge\n|-supereffective|p2a: Skeledirge\n|-damage|p2a: Skeledirge|0 fnt\n|-unboost|p1a: Urshifu|def|1\n|-unboost|p1a: Urshifu|spd|1\n|faint|p2a: Skeledirge\n|-damage|p1a: Urshifu|37\/100|[from] item: Life Orb\n|\n|-weather|Snow|[upkeep]\n|upkeep\n|\n|t:|1700280245\n|switch|p2a: Baxcalibur|Baxcalibur, M|100\/100\n|turn|14\n|\n|t:|1700280255\n|move|p2a: Baxcalibur|Icicle Spear|p1a: Urshifu\n|-resisted|p1a: Urshifu\n|-damage|p1a: Urshifu|30\/100\n|-resisted|p1a: Urshifu\n|-damage|p1a: Urshifu|23\/100\n|-resisted|p1a: Urshifu\n|-damage|p1a: Urshifu|16\/100\n|-resisted|p1a: Urshifu\n|-damage|p1a: Urshifu|10\/100\n|-hitcount|p1a: Urshifu|4\n|move|p1a: Urshifu|Close Combat|p2a: Baxcalibur\n|-supereffective|p2a: Baxcalibur\n|-damage|p2a: Baxcalibur|0 fnt\n|-unboost|p1a: Urshifu|def|1\n|-unboost|p1a: Urshifu|spd|1\n|faint|p2a: Baxcalibur\n|-damage|p1a: Urshifu|0 fnt|[from] item: Life Orb\n|faint|p1a: Urshifu\n|\n|win|ejeuduej\n|raw|Jyotir22's rating: 1041 &rarr; <strong>1023<\/strong><br \/>(-18 for losing)\n|raw|ejeuduej's rating: 1000 &rarr; <strong>1045<\/strong><br \/>(+45 for winning)\n|l|\u2606Jyotir22\n","uploadtime":1700280289,"views":12,"p1id":"jyotir22","p2id":"ejeuduej","formatid":"gen9ubers","rating":1023,"private":0,"password":""}