{"id":"gen9ubers-1974480093","p1":"AkenoHononiku","p2":"superiax","format":"[Gen 9] Ubers","log":"|j|\u2606AkenoHononiku\n|j|\u2606superiax\n|t:|1698090465\n|gametype|singles\n|player|p1|AkenoHononiku|169|1165\n|player|p2|superiax|whitney|1227\n|teamsize|p1|6\n|teamsize|p2|6\n|gen|9\n|tier|[Gen 9] Ubers\n|rated|\n|rule|Sleep Clause Mod: Limit one foe put to sleep\n|rule|Species Clause: Limit one of each Pok\u00e9mon\n|rule|OHKO Clause: OHKO moves are banned\n|rule|Evasion Items Clause: Evasion items are banned\n|rule|Evasion Moves Clause: Evasion moves are banned\n|rule|Endless Battle Clause: Forcing endless battles is banned\n|rule|HP Percentage Mod: HP is shown in percentages\n|clearpoke\n|poke|p1|Klefki, F|\n|poke|p1|Azumarill, F|\n|poke|p1|Flutter Mane|\n|poke|p1|Hatterene, F|\n|poke|p1|Tinkaton, F|\n|poke|p1|Enamorus, F|\n|poke|p2|Iron Bundle|\n|poke|p2|Magearna|\n|poke|p2|Ninetales-Alola, F|\n|poke|p2|Kingambit, M|\n|poke|p2|Iron Moth|\n|poke|p2|Ursaluna-Bloodmoon, M|\n|teampreview\n|inactive|Battle timer is ON: inactive players will automatically lose when time's up. (requested by superiax)\n|\n|t:|1698090472\n|start\n|switch|p1a: Klefki|Klefki, F|100\/100\n|switch|p2a: Catwoman|Ninetales-Alola, F, shiny|100\/100\n|-weather|Snow|[from] ability: Snow Warning|[of] p2a: Catwoman\n|turn|1\n|\n|t:|1698090481\n|move|p1a: Klefki|Light Screen|p1a: Klefki\n|-sidestart|p1: AkenoHononiku|move: Light Screen\n|move|p2a: Catwoman|Aurora Veil|p2a: Catwoman\n|-sidestart|p2: superiax|move: Aurora Veil\n|\n|-weather|Snow|[upkeep]\n|upkeep\n|turn|2\n|\n|t:|1698090485\n|move|p1a: Klefki|Reflect|p1a: Klefki\n|-sidestart|p1: AkenoHononiku|Reflect\n|move|p2a: Catwoman|Encore|p1a: Klefki\n|-start|p1a: Klefki|Encore\n|\n|-weather|Snow|[upkeep]\n|upkeep\n|turn|3\n|\n|t:|1698090501\n|switch|p2a: Iron Moth|Iron Moth, shiny|100\/100\n|switch|p1a: Tinkaton|Tinkaton, F|100\/100\n|-ability|p1a: Tinkaton|Mold Breaker\n|\n|-weather|Snow|[upkeep]\n|upkeep\n|turn|4\n|inactive|AkenoHononiku has 120 seconds left.\n|\n|t:|1698090528\n|move|p2a: Iron Moth|Fiery Dance|p1a: Tinkaton\n|-supereffective|p1a: Tinkaton\n|-damage|p1a: Tinkaton|60\/100\n|move|p1a: Tinkaton|Thunder Wave|p2a: Iron Moth\n|-status|p2a: Iron Moth|par\n|\n|-weather|Snow|[upkeep]\n|-heal|p1a: Tinkaton|66\/100|[from] item: Leftovers\n|upkeep\n|turn|5\n|\n|t:|1698090536\n|move|p1a: Tinkaton|Knock Off|p2a: Iron Moth\n|-damage|p2a: Iron Moth|84\/100 par\n|-enditem|p2a: Iron Moth|Assault Vest|[from] move: Knock Off|[of] p1a: Tinkaton\n|cant|p2a: Iron Moth|par\n|\n|-weather|none\n|-heal|p1a: Tinkaton|73\/100|[from] item: Leftovers\n|upkeep\n|turn|6\n|\n|t:|1698090551\n|move|p1a: Tinkaton|Stealth Rock|p2a: Iron Moth\n|-sidestart|p2: superiax|move: Stealth Rock\n|move|p2a: Iron Moth|Fiery Dance|p1a: Tinkaton\n|-supereffective|p1a: Tinkaton\n|-damage|p1a: Tinkaton|35\/100\n|-boost|p2a: Iron Moth|spa|1\n|\n|-heal|p1a: Tinkaton|42\/100|[from] item: Leftovers\n|upkeep\n|turn|7\n|\n|t:|1698090560\n|move|p1a: Tinkaton|Gigaton Hammer|p2a: Iron Moth\n|-resisted|p2a: Iron Moth\n|-damage|p2a: Iron Moth|64\/100 par\n|move|p2a: Iron Moth|Fiery Dance|p1a: Tinkaton\n|-supereffective|p1a: Tinkaton\n|-damage|p1a: Tinkaton|0 fnt\n|faint|p1a: Tinkaton\n|\n|upkeep\n|\n|t:|1698090574\n|switch|p1a: Azumarill|Azumarill, F|100\/100\n|turn|8\n|\n|t:|1698090582\n|move|p1a: Azumarill|Belly Drum|p1a: Azumarill\n|-damage|p1a: Azumarill|50\/100\n|-setboost|p1a: Azumarill|atk|6|[from] move: Belly Drum\n|-enditem|p1a: Azumarill|Sitrus Berry|[eat]\n|-heal|p1a: Azumarill|75\/100|[from] item: Sitrus Berry\n|move|p2a: Iron Moth|Sludge Wave|p1a: Azumarill\n|-supereffective|p1a: Azumarill\n|-damage|p1a: Azumarill|0 fnt\n|faint|p1a: Azumarill\n|\n|-sideend|p1: AkenoHononiku|move: Light Screen\n|-sideend|p2: superiax|move: Aurora Veil\n|upkeep\n|-message|AkenoHononiku forfeited.\n|\n|win|superiax\n|raw|AkenoHononiku's rating: 1165 &rarr; <strong>1146<\/strong><br \/>(-19 for losing)\n|raw|superiax's rating: 1248 &rarr; <strong>1267<\/strong><br \/>(+19 for winning)\n|l|\u2606AkenoHononiku\n","uploadtime":1698090609,"views":10,"p1id":"akenohononiku","p2id":"superiax","formatid":"gen9ubers","rating":1146,"private":0,"password":""}