{"id":"gen9ubers-1976174444","p1":"Imagineagiantduck","p2":"MisterEEK","format":"[Gen 9] Ubers","log":"|j|\u2606Imagineagiantduck\n|j|\u2606MisterEEK\n|t:|1698270426\n|gametype|singles\n|player|p1|Imagineagiantduck|169|\n|player|p2|MisterEEK|1|\n|teamsize|p1|6\n|teamsize|p2|6\n|gen|9\n|tier|[Gen 9] Ubers\n|rule|Sleep Clause Mod: Limit one foe put to sleep\n|rule|Species Clause: Limit one of each Pok\u00e9mon\n|rule|OHKO Clause: OHKO moves are banned\n|rule|Evasion Items Clause: Evasion items are banned\n|rule|Evasion Moves Clause: Evasion moves are banned\n|rule|Endless Battle Clause: Forcing endless battles is banned\n|rule|HP Percentage Mod: HP is shown in percentages\n|clearpoke\n|poke|p1|Ogerpon-Cornerstone, F|\n|poke|p1|Houndstone, F|\n|poke|p1|Hippowdon, M|\n|poke|p1|Corviknight, F|\n|poke|p1|Empoleon, M|\n|poke|p1|Arcanine, M|\n|poke|p2|Garganacl, F|\n|poke|p2|Annihilape, M|\n|poke|p2|Clodsire, M|\n|poke|p2|Great Tusk|\n|poke|p2|Weavile, M|\n|poke|p2|Armarouge, F|\n|teampreview\n|c|\u2606MisterEEK|the fuck is Ogerpon Cornerstone\n|c|\u2606MisterEEK|oh hold on\n|l|\u2606Imagineagiantduck\n|player|p1|\n|j| Rabenclam\n|c|\u2606MisterEEK|did you set up a tera?\n|j|\u2606Imagineagiantduck\n|player|p1|Imagineagiantduck|169\n|\n|t:|1698270495\n|start\n|switch|p1a: Empoleon|Empoleon, M, shiny|100\/100\n|switch|p2a: Weavile|Weavile, M|100\/100\n|-ability|p2a: Weavile|Pressure\n|turn|1\n|\n|t:|1698270503\n|move|p2a: Weavile|Knock Off|p1a: Empoleon\n|-damage|p1a: Empoleon|51\/100\n|-enditem|p1a: Empoleon|Leftovers|[from] move: Knock Off|[of] p2a: Weavile\n|move|p1a: Empoleon|Stealth Rock|p2a: Weavile\n|-sidestart|p2: MisterEEK|move: Stealth Rock\n|\n|upkeep\n|turn|2\n|\n|t:|1698270516\n|move|p2a: Weavile|Icicle Crash|p1a: Empoleon\n|-resisted|p1a: Empoleon\n|-damage|p1a: Empoleon|40\/100\n|cant|p1a: Empoleon|flinch\n|\n|upkeep\n|turn|3\n|\n|t:|1698270521\n|move|p2a: Weavile|Knock Off|p1a: Empoleon\n|-damage|p1a: Empoleon|8\/100\n|move|p1a: Empoleon|Roost|p1a: Empoleon\n|-heal|p1a: Empoleon|58\/100\n|-singleturn|p1a: Empoleon|move: Roost\n|\n|upkeep\n|turn|4\n|\n|t:|1698270527\n|move|p2a: Weavile|Knock Off|p1a: Empoleon\n|-damage|p1a: Empoleon|25\/100\n|move|p1a: Empoleon|Roost|p1a: Empoleon\n|-heal|p1a: Empoleon|75\/100\n|-singleturn|p1a: Empoleon|move: Roost\n|\n|upkeep\n|turn|5\n|\n|t:|1698270533\n|move|p2a: Weavile|Knock Off|p1a: Empoleon\n|-damage|p1a: Empoleon|40\/100\n|move|p1a: Empoleon|Flip Turn|p2a: Weavile\n|-damage|p2a: Weavile|71\/100\n|\n|t:|1698270546\n|switch|p1a: Corviknight|Corviknight, F, shiny|100\/100|[from] Flip Turn\n|\n|upkeep\n|turn|6\n|\n|t:|1698270563\n|move|p2a: Weavile|Knock Off|p1a: Corviknight\n|-damage|p1a: Corviknight|64\/100\n|-enditem|p1a: Corviknight|Leftovers|[from] move: Knock Off|[of] p2a: Weavile\n|move|p1a: Corviknight|Body Press|p2a: Weavile\n|-supereffective|p2a: Weavile\n|-damage|p2a: Weavile|0 fnt\n|faint|p2a: Weavile\n|\n|upkeep\n|\n|t:|1698270577\n|switch|p2a: Armarouge|Armarouge, F|100\/100\n|-damage|p2a: Armarouge|76\/100|[from] Stealth Rock\n|turn|7\n|\n|t:|1698270582\n|switch|p1a: Hippowdon|Hippowdon, M|100\/100\n|-weather|Sandstorm|[from] ability: Sand Stream|[of] p1a: Hippowdon\n|move|p2a: Armarouge|Armor Cannon|p1a: Hippowdon\n|-damage|p1a: Hippowdon|0 fnt\n|-unboost|p2a: Armarouge|def|1\n|-unboost|p2a: Armarouge|spd|1\n|faint|p1a: Hippowdon\n|\n|-weather|Sandstorm|[upkeep]\n|-damage|p2a: Armarouge|69\/100|[from] Sandstorm\n|upkeep\n|\n|t:|1698270598\n|switch|p1a: Ogerpon|Ogerpon-Cornerstone, F|100\/100\n|turn|8\n|\n|t:|1698270601\n|move|p1a: Ogerpon|Ivy Cudgel|p2a: Armarouge\n|-supereffective|p2a: Armarouge\n|-damage|p2a: Armarouge|0 fnt\n|faint|p2a: Armarouge\n|\n|-weather|Sandstorm|[upkeep]\n|upkeep\n|\n|t:|1698270612\n|switch|p2a: Clodsire|Clodsire, M|100\/100\n|-damage|p2a: Clodsire|94\/100|[from] Stealth Rock\n|turn|9\n|\n|t:|1698270622\n|move|p1a: Ogerpon|Stomping Tantrum|p2a: Clodsire\n|-supereffective|p2a: Clodsire\n|-damage|p2a: Clodsire|31\/100\n|move|p2a: Clodsire|Stealth Rock|p1a: Ogerpon\n|-sidestart|p1: Imagineagiantduck|move: Stealth Rock\n|\n|-weather|Sandstorm|[upkeep]\n|-heal|p2a: Clodsire|37\/100|[from] item: Leftovers\n|upkeep\n|turn|10\n|c|\u2606MisterEEK|ah I see I will be giving up this season\n|\n|t:|1698270648\n|move|p1a: Ogerpon|Stomping Tantrum|p2a: Clodsire\n|-supereffective|p2a: Clodsire\n|-damage|p2a: Clodsire|0 fnt\n|faint|p2a: Clodsire\n|\n|-weather|Sandstorm|[upkeep]\n|upkeep\n|\n|t:|1698270661\n|switch|p2a: Annihilape|Annihilape, M|100\/100\n|-damage|p2a: Annihilape|94\/100|[from] Stealth Rock\n|turn|11\n|c|\u2606Imagineagiantduck|I mean thise 3 that are left can do a lot here\n|\n|t:|1698270673\n|switch|p1a: Empoleon|Empoleon, M, shiny|40\/100\n|-damage|p1a: Empoleon|34\/100|[from] Stealth Rock\n|move|p2a: Annihilape|Drain Punch|p1a: Empoleon\n|-supereffective|p1a: Empoleon\n|-damage|p1a: Empoleon|0 fnt\n|-heal|p2a: Annihilape|100\/100|[from] drain|[of] p1a: Empoleon\n|faint|p1a: Empoleon\n|\n|-weather|Sandstorm|[upkeep]\n|-damage|p2a: Annihilape|94\/100|[from] Sandstorm\n|upkeep\n|\n|t:|1698270677\n|switch|p1a: Corviknight|Corviknight, F, shiny|64\/100\n|-damage|p1a: Corviknight|51\/100|[from] Stealth Rock\n|turn|12\n|\n|t:|1698270686\n|move|p2a: Annihilape|Drain Punch|p1a: Corviknight\n|-damage|p1a: Corviknight|9\/100\n|-heal|p2a: Annihilape|100\/100|[from] drain|[of] p1a: Corviknight\n|move|p1a: Corviknight|Brave Bird|p2a: Annihilape\n|-supereffective|p2a: Annihilape\n|-damage|p2a: Annihilape|9\/100\n|-damage|p1a: Corviknight|0 fnt|[from] Recoil\n|faint|p1a: Corviknight\n|\n|-weather|Sandstorm|[upkeep]\n|-damage|p2a: Annihilape|3\/100|[from] Sandstorm\n|upkeep\n|\n|t:|1698270694\n|switch|p1a: Houndstone|Houndstone, F, shiny|100\/100\n|-damage|p1a: Houndstone|88\/100|[from] Stealth Rock\n|turn|13\n|c|\u2606MisterEEK|don't bm me ffs\n|\n|t:|1698270712\n|switch|p2a: Garganacl|Garganacl, F|100\/100\n|-damage|p2a: Garganacl|88\/100|[from] Stealth Rock\n|move|p1a: Houndstone|Last Respects|p2a: Garganacl\n|-damage|p2a: Garganacl|39\/100\n|\n|-weather|Sandstorm|[upkeep]\n|-heal|p2a: Garganacl|45\/100|[from] item: Leftovers\n|upkeep\n|turn|14\n|\n|t:|1698270720\n|move|p1a: Houndstone|Last Respects|p2a: Garganacl\n|-damage|p2a: Garganacl|0 fnt\n|faint|p2a: Garganacl\n|\n|-weather|none\n|upkeep\n|\n|t:|1698270726\n|switch|p2a: Annihilape|Annihilape, M|3\/100\n|-damage|p2a: Annihilape|0 fnt|[from] Stealth Rock\n|faint|p2a: Annihilape\n|\n|t:|1698270730\n|switch|p2a: Great Tusk|Great Tusk|100\/100\n|-damage|p2a: Great Tusk|98\/100|[from] Stealth Rock\n|-enditem|p2a: Great Tusk|Booster Energy\n|-activate|p2a: Great Tusk|ability: Protosynthesis|[fromitem]\n|-start|p2a: Great Tusk|protosynthesisatk\n|turn|15\n|c|\u2606Imagineagiantduck|Only fast in sandstorm which sucks\n|\n|t:|1698270767\n|move|p1a: Houndstone|Last Respects|p2a: Great Tusk\n|-damage|p2a: Great Tusk|12\/100\n|move|p2a: Great Tusk|Headlong Rush|p1a: Houndstone\n|-damage|p1a: Houndstone|0 fnt\n|-unboost|p2a: Great Tusk|def|1\n|-unboost|p2a: Great Tusk|spd|1\n|faint|p1a: Houndstone\n|\n|upkeep\n|\n|t:|1698270770\n|switch|p1a: Ogerpon|Ogerpon-Cornerstone, F|100\/100\n|-damage|p1a: Ogerpon|88\/100|[from] Stealth Rock\n|turn|16\n|\n|t:|1698270778\n|move|p1a: Ogerpon|Horn Leech|p2a: Great Tusk\n|-supereffective|p2a: Great Tusk\n|-crit|p2a: Great Tusk\n|-damage|p2a: Great Tusk|0 fnt\n|-heal|p1a: Ogerpon|97\/100|[from] drain|[of] p2a: Great Tusk\n|faint|p2a: Great Tusk\n|-end|p2a: Great Tusk|Protosynthesis|[silent]\n|\n|win|Imagineagiantduck\n|c|\u2606Imagineagiantduck|gg\n|l|\u2606MisterEEK\n","uploadtime":1698270787,"views":18,"p1id":"imagineagiantduck","p2id":"mistereek","formatid":"gen9ubers","rating":0,"private":0,"password":""}