{"id":"gen9ubers-1978320712","p1":"Vazquez 2.0","p2":"CrackLordGBLN","format":"[Gen 9] Ubers","log":"|j|\u2606Vazquez 2.0\n|j|\u2606CrackLordGBLN\n|t:|1698524792\n|gametype|singles\n|player|p1|Vazquez 2.0|gardenia|\n|player|p2|CrackLordGBLN|ghetsis|\n|teamsize|p1|6\n|teamsize|p2|6\n|gen|9\n|tier|[Gen 9] Ubers\n|rule|Sleep Clause Mod: Limit one foe put to sleep\n|rule|Species Clause: Limit one of each Pok\u00e9mon\n|rule|OHKO Clause: OHKO moves are banned\n|rule|Evasion Items Clause: Evasion items are banned\n|rule|Evasion Moves Clause: Evasion moves are banned\n|rule|Endless Battle Clause: Forcing endless battles is banned\n|rule|HP Percentage Mod: HP is shown in percentages\n|clearpoke\n|poke|p1|Zacian-*|\n|poke|p1|Gliscor, F|\n|poke|p1|Magearna|\n|poke|p1|Volcanion|\n|poke|p1|Cyclizar, F|\n|poke|p1|Arceus-Rock|\n|poke|p2|Torkoal, F|\n|poke|p2|Ninetales-Alola, F|\n|poke|p2|Ursaluna-Bloodmoon, M|\n|poke|p2|Chandelure, M|\n|poke|p2|Walking Wake|\n|poke|p2|Pawmot, M|\n|teampreview\n|\n|t:|1698524804\n|start\n|switch|p1a: Zacian|Zacian|100\/100\n|switch|p2a: Buried Alive|Ninetales-Alola, F|100\/100\n|-ability|p1a: Zacian|Intrepid Sword|boost\n|-boost|p1a: Zacian|atk|1\n|-weather|Snow|[from] ability: Snow Warning|[of] p2a: Buried Alive\n|turn|1\n|\n|t:|1698524815\n|move|p1a: Zacian|Iron Head|p2a: Buried Alive\n|-supereffective|p2a: Buried Alive\n|-damage|p2a: Buried Alive|0 fnt\n|faint|p2a: Buried Alive\n|\n|-weather|Snow|[upkeep]\n|upkeep\n|\n|t:|1698524829\n|switch|p2a: Headlights|Torkoal, F|100\/100\n|-weather|SunnyDay|[from] ability: Drought|[of] p2a: Headlights\n|turn|2\n|\n|t:|1698524836\n|switch|p1a: Volcanion|Volcanion|100\/100\n|move|p2a: Headlights|Lava Plume|p1a: Volcanion\n|-resisted|p1a: Volcanion\n|-damage|p1a: Volcanion|91\/100\n|\n|-weather|SunnyDay|[upkeep]\n|upkeep\n|turn|3\n|\n|t:|1698524865\n|switch|p2a: King Kunta|Walking Wake|100\/100\n|-activate|p2a: King Kunta|ability: Protosynthesis\n|-start|p2a: King Kunta|protosynthesisspe\n|move|p1a: Volcanion|Roar|p2a: King Kunta\n|-end|p2a: King Kunta|Protosynthesis|[silent]\n|drag|p2a: Alive (nightmare)|Ursaluna-Bloodmoon, M|100\/100\n|\n|-weather|SunnyDay|[upkeep]\n|upkeep\n|turn|4\n|c|\u2606CrackLordGBLN|Dude I was praying for that roar to send out pawmot\n|\n|t:|1698524896\n|-terastallize|p2a: Alive (nightmare)|Water\n|move|p1a: Volcanion|Taunt|p2a: Alive (nightmare)\n|-start|p2a: Alive (nightmare)|move: Taunt\n|cant|p2a: Alive (nightmare)|move: Taunt|Calm Mind\n|\n|-weather|SunnyDay|[upkeep]\n|upkeep\n|turn|5\n|\n|t:|1698524907\n|switch|p1a: Gliscor|Gliscor, F|100\/100\n|move|p2a: Alive (nightmare)|Blood Moon|p1a: Gliscor\n|-damage|p1a: Gliscor|8\/100\n|\n|-weather|SunnyDay|[upkeep]\n|-status|p1a: Gliscor|tox|[from] item: Toxic Orb\n|upkeep\n|turn|6\n|\n|t:|1698524919\n|switch|p2a: knots|Pawmot, M|100\/100\n|move|p1a: Gliscor|Toxic|p2a: knots\n|-status|p2a: knots|tox\n|\n|-weather|SunnyDay|[upkeep]\n|-damage|p2a: knots|94\/100 tox|[from] psn\n|-heal|p1a: Gliscor|21\/100 tox|[from] ability: Poison Heal\n|upkeep\n|turn|7\n|\n|t:|1698524930\n|move|p2a: knots|Revival Blessing|p2a: knots\n|-enditem|p2a: knots|Leppa Berry|[eat]\n|-activate|p2a: knots|item: Leppa Berry|Revival Blessing|[consumed]\n|\n|t:|1698524933\n|-heal|p2: Buried Alive|50\/100|[from] move: Revival Blessing\n|move|p1a: Gliscor|U-turn|p2a: knots\n|-resisted|p2a: knots\n|-damage|p2a: knots|82\/100 tox\n|\n|t:|1698524936\n|switch|p1a: Zacian|Zacian|100\/100|[from] U-turn\n|\n|-weather|SunnyDay|[upkeep]\n|-damage|p2a: knots|70\/100 tox|[from] psn\n|upkeep\n|turn|8\n|\n|t:|1698524956\n|switch|p2a: Headlights|Torkoal, F|100\/100\n|-terastallize|p1a: Zacian|Ground\n|move|p1a: Zacian|Swords Dance|p1a: Zacian\n|-boost|p1a: Zacian|atk|2\n|\n|-weather|SunnyDay|[upkeep]\n|upkeep\n|turn|9\n|\n|t:|1698524967\n|move|p1a: Zacian|Tera Blast|p2a: Headlights|[anim] Tera Blast Ground\n|-supereffective|p2a: Headlights\n|-damage|p2a: Headlights|0 fnt\n|faint|p2a: Headlights\n|\n|-weather|none\n|upkeep\n|\n|t:|1698524979\n|switch|p2a: Really Doe|Chandelure, M|100\/100\n|turn|10\n|\n|t:|1698524991\n|move|p1a: Zacian|Tera Blast|p2a: Really Doe|[anim] Tera Blast Ground\n|-supereffective|p2a: Really Doe\n|-damage|p2a: Really Doe|0 fnt\n|faint|p2a: Really Doe\n|\n|upkeep\n|c|\u2606CrackLordGBLN|Fuck\n|c|\u2606CrackLordGBLN|i win that if I didn\u2019t tera bloodmoon\n|c|\u2606CrackLordGBLN|chandelure is flying\n|c|\u2606Vazquez 2.0|all planned (totally)\n|c|\u2606CrackLordGBLN|Who in their right mind would expect VOLCANION to get taunt\n|c|\u2606Vazquez 2.0|btw I didn't look at the tera types in the pokepate\n|inactive|Battle timer is ON: inactive players will automatically lose when time's up. (requested by Vazquez 2.0)\n|c|\u2606CrackLordGBLN|like it doesn\u2019t fit the aesthetic of mons that get taunt at all\n|c|\u2606Vazquez 2.0|volcanion is just that guy\n|c|\u2606CrackLordGBLN|taunt Volcanion bruh\n|inactive|CrackLordGBLN has 270 seconds left.\n|\n|t:|1698525099\n|switch|p2a: Alive (nightmare)|Ursaluna-Bloodmoon, M, tera:Water|100\/100\n|turn|11\n|inactive|Vazquez 2.0 has 270 seconds left.\n|\n|t:|1698525143\n|switch|p1a: Arceus|Arceus-Rock|100\/100\n|move|p2a: Alive (nightmare)|Blood Moon|p1a: Arceus\n|-resisted|p1a: Arceus\n|-damage|p1a: Arceus|71\/100\n|\n|upkeep\n|turn|12\n|\n|t:|1698525150\n|move|p1a: Arceus|Judgment|p2a: Alive (nightmare)\n|-damage|p2a: Alive (nightmare)|38\/100\n|move|p2a: Alive (nightmare)|Earth Power|p1a: Arceus\n|-supereffective|p1a: Arceus\n|-damage|p1a: Arceus|0 fnt\n|faint|p1a: Arceus\n|\n|-heal|p2a: Alive (nightmare)|44\/100|[from] item: Leftovers\n|upkeep\n|inactive|Vazquez 2.0 has 270 seconds left.\n|\n|t:|1698525166\n|switch|p1a: Magearna|Magearna|100\/100\n|turn|13\n|\n|t:|1698525169\n|move|p1a: Magearna|Fleur Cannon|p2a: Alive (nightmare)\n|-damage|p2a: Alive (nightmare)|0 fnt\n|-unboost|p1a: Magearna|spa|2\n|faint|p2a: Alive (nightmare)\n|-ability|p1a: Magearna|Soul-Heart|boost\n|-boost|p1a: Magearna|spa|1\n|\n|upkeep\n|c|\u2606CrackLordGBLN|Yeah gg I don\u2019t win this\n|c|\u2606Vazquez 2.0|3-1 now baby (sorryy)\n|c|\u2606CrackLordGBLN|im gonna go rage in chat about volcanion getting taunt for some fucking reason\n|c|\u2606CrackLordGBLN|Gg\n|inactive|CrackLordGBLN has 270 seconds left.\n|c|\u2606Vazquez 2.0|gg\n|-message|CrackLordGBLN forfeited.\n|\n|win|Vazquez 2.0\n|l|\u2606CrackLordGBLN\n","uploadtime":1698525205,"views":11,"p1id":"vazquez20","p2id":"cracklordgbln","formatid":"gen9ubers","rating":0,"private":0,"password":""}