{"id":"gen9ubers-1989286309","p1":"GBD777","p2":"plokami","format":"[Gen 9] Ubers","log":"|j|\u2606GBD777\n|j|\u2606plokami\n|t:|1699832019\n|gametype|singles\n|player|p1|GBD777|101|\n|player|p2|plokami|collector|\n|teamsize|p1|6\n|teamsize|p2|6\n|gen|9\n|tier|[Gen 9] Ubers\n|rule|Sleep Clause Mod: Limit one foe put to sleep\n|rule|Species Clause: Limit one of each Pok\u00e9mon\n|rule|OHKO Clause: OHKO moves are banned\n|rule|Evasion Items Clause: Evasion items are banned\n|rule|Evasion Moves Clause: Evasion moves are banned\n|rule|Endless Battle Clause: Forcing endless battles is banned\n|rule|HP Percentage Mod: HP is shown in percentages\n|clearpoke\n|poke|p1|Rillaboom, M|\n|poke|p1|Sneasler, F|\n|poke|p1|Zamazenta-*|\n|poke|p1|Manaphy|\n|poke|p1|Heatran, F|\n|poke|p1|Hatterene, F|\n|poke|p2|Gliscor, F|\n|poke|p2|Milotic, F|\n|poke|p2|Mandibuzz, F|\n|poke|p2|Dragapult, M|\n|poke|p2|Skeledirge, M|\n|poke|p2|Clefable, M|\n|teampreview\n|c|\u2606GBD777|gl hf\n|c|\u2606plokami|u2\n|\n|t:|1699832041\n|start\n|switch|p1a: Rillaboom|Rillaboom, M|100\/100\n|switch|p2a: Gliscor|Gliscor, F|100\/100\n|-fieldstart|move: Grassy Terrain|[from] ability: Grassy Surge|[of] p1a: Rillaboom\n|turn|1\n|\n|t:|1699832050\n|move|p2a: Gliscor|Protect|p2a: Gliscor\n|-singleturn|p2a: Gliscor|Protect\n|move|p1a: Rillaboom|U-turn|p2a: Gliscor\n|-activate|p2a: Gliscor|move: Protect\n|\n|-status|p2a: Gliscor|tox|[from] item: Toxic Orb\n|upkeep\n|turn|2\n|\n|t:|1699832057\n|move|p1a: Rillaboom|U-turn|p2a: Gliscor\n|-resisted|p2a: Gliscor\n|-damage|p2a: Gliscor|89\/100 tox\n|j| Coach ataman\n|\n|t:|1699832062\n|switch|p1a: Heatran|Heatran, F|100\/100|[from] U-turn\n|-item|p1a: Heatran|Air Balloon\n|move|p2a: Gliscor|Knock Off|p1a: Heatran\n|-crit|p1a: Heatran\n|-damage|p1a: Heatran|76\/100\n|-enditem|p1a: Heatran|Air Balloon\n|\n|-heal|p1a: Heatran|82\/100|[from] Grassy Terrain\n|-heal|p2a: Gliscor|100\/100 tox|[from] ability: Poison Heal\n|upkeep\n|turn|3\n|\n|t:|1699832081\n|move|p2a: Gliscor|Earthquake|p1a: Heatran\n|-supereffective|p1a: Heatran\n|-damage|p1a: Heatran|26\/100\n|move|p1a: Heatran|Magma Storm|p2a: Gliscor|[miss]\n|-miss|p1a: Heatran|p2a: Gliscor\n|\n|-heal|p1a: Heatran|32\/100|[from] Grassy Terrain\n|upkeep\n|turn|4\n|\n|t:|1699832087\n|switch|p1a: Hatterene|Hatterene, F|100\/100\n|-enditem|p1a: Hatterene|Grassy Seed\n|-boost|p1a: Hatterene|def|1|[from] item: Grassy Seed\n|move|p2a: Gliscor|Earthquake|p1a: Hatterene\n|-damage|p1a: Hatterene|91\/100\n|\n|-heal|p1a: Hatterene|97\/100|[from] Grassy Terrain\n|upkeep\n|turn|5\n|\n|t:|1699832105\n|switch|p2a: Skeledirge|Skeledirge, M|100\/100\n|move|p1a: Hatterene|Calm Mind|p1a: Hatterene\n|-boost|p1a: Hatterene|spa|1\n|-boost|p1a: Hatterene|spd|1\n|\n|-heal|p1a: Hatterene|100\/100|[from] Grassy Terrain\n|-fieldend|move: Grassy Terrain\n|upkeep\n|turn|6\n|\n|t:|1699832121\n|move|p2a: Skeledirge|Torch Song|p1a: Hatterene\n|-damage|p1a: Hatterene|69\/100\n|-boost|p2a: Skeledirge|spa|1\n|move|p1a: Hatterene|Nuzzle|p2a: Skeledirge\n|-damage|p2a: Skeledirge|97\/100\n|-status|p2a: Skeledirge|par\n|\n|upkeep\n|turn|7\n|\n|t:|1699832130\n|switch|p1a: Heatran|Heatran, F|32\/100\n|move|p2a: Skeledirge|Hex|p1a: Heatran\n|-damage|p1a: Heatran|8\/100\n|\n|upkeep\n|turn|8\n|\n|t:|1699832140\n|move|p1a: Heatran|Earth Power|p2a: Skeledirge\n|-supereffective|p2a: Skeledirge\n|-damage|p2a: Skeledirge|62\/100 par\n|move|p2a: Skeledirge|Hex|p1a: Heatran\n|-damage|p1a: Heatran|0 fnt\n|faint|p1a: Heatran\n|\n|upkeep\n|\n|t:|1699832147\n|switch|p1a: Manaphy|Manaphy|100\/100\n|turn|9\n|\n|t:|1699832172\n|switch|p2a: Milotic|Milotic, F|100\/100\n|move|p1a: Manaphy|Surf|p2a: Milotic\n|-resisted|p2a: Milotic\n|-damage|p2a: Milotic|92\/100\n|\n|upkeep\n|turn|10\n|\n|t:|1699832179\n|move|p1a: Manaphy|Tail Glow|p1a: Manaphy\n|-boost|p1a: Manaphy|spa|3\n|move|p2a: Milotic|Scald|p1a: Manaphy\n|-resisted|p1a: Manaphy\n|-damage|p1a: Manaphy|88\/100\n|-status|p1a: Manaphy|brn\n|\n|-damage|p1a: Manaphy|82\/100 brn|[from] brn\n|upkeep\n|turn|11\n|\n|t:|1699832191\n|switch|p2a: Skeledirge|Skeledirge, M|62\/100 par\n|move|p1a: Manaphy|Energy Ball|p2a: Skeledirge\n|-resisted|p2a: Skeledirge\n|-damage|p2a: Skeledirge|55\/100 par\n|-unboost|p2a: Skeledirge|spd|1\n|\n|-damage|p1a: Manaphy|75\/100 brn|[from] brn\n|upkeep\n|turn|12\n|\n|t:|1699832205\n|-terastallize|p2a: Skeledirge|Water\n|move|p1a: Manaphy|Surf|p2a: Skeledirge\n|-resisted|p2a: Skeledirge\n|-damage|p2a: Skeledirge|38\/100 par\n|move|p2a: Skeledirge|Slack Off|p2a: Skeledirge\n|-heal|p2a: Skeledirge|89\/100 par\n|\n|-damage|p1a: Manaphy|69\/100 brn|[from] brn\n|upkeep\n|turn|13\n|\n|t:|1699832222\n|switch|p2a: Dragapult|Dragapult, M|100\/100\n|move|p1a: Manaphy|Energy Ball|p2a: Dragapult\n|-resisted|p2a: Dragapult\n|-damage|p2a: Dragapult|68\/100\n|\n|-damage|p1a: Manaphy|63\/100 brn|[from] brn\n|upkeep\n|turn|14\n|\n|t:|1699832235\n|move|p2a: Dragapult|Hex|p1a: Manaphy\n|-damage|p1a: Manaphy|15\/100 brn\n|-enditem|p1a: Manaphy|Sitrus Berry|[eat]\n|-heal|p1a: Manaphy|40\/100 brn|[from] item: Sitrus Berry\n|move|p1a: Manaphy|Ice Beam|p2a: Dragapult\n|-supereffective|p2a: Dragapult\n|-damage|p2a: Dragapult|0 fnt\n|faint|p2a: Dragapult\n|\n|-damage|p1a: Manaphy|34\/100 brn|[from] brn\n|upkeep\n|\n|t:|1699832249\n|switch|p2a: Skeledirge|Skeledirge, M, tera:Water|89\/100 par\n|turn|15\n|\n|t:|1699832256\n|move|p1a: Manaphy|Energy Ball|p2a: Skeledirge\n|-supereffective|p2a: Skeledirge\n|-damage|p2a: Skeledirge|60\/100 par\n|move|p2a: Skeledirge|Hex|p1a: Manaphy\n|-damage|p1a: Manaphy|0 fnt\n|faint|p1a: Manaphy\n|\n|upkeep\n|\n|t:|1699832262\n|switch|p1a: Rillaboom|Rillaboom, M|100\/100\n|-fieldstart|move: Grassy Terrain|[from] ability: Grassy Surge|[of] p1a: Rillaboom\n|turn|16\n|\n|t:|1699832270\n|switch|p2a: Mandibuzz|Mandibuzz, F|100\/100\n|move|p1a: Rillaboom|Wood Hammer|p2a: Mandibuzz\n|-resisted|p2a: Mandibuzz\n|-damage|p2a: Mandibuzz|64\/100\n|-damage|p1a: Rillaboom|87\/100|[from] Recoil\n|\n|-heal|p1a: Rillaboom|93\/100|[from] Grassy Terrain\n|upkeep\n|turn|17\n|\n|t:|1699832279\n|switch|p1a: Hatterene|Hatterene, F|69\/100\n|move|p2a: Mandibuzz|Roost|p2a: Mandibuzz\n|-heal|p2a: Mandibuzz|100\/100\n|-singleturn|p2a: Mandibuzz|move: Roost\n|\n|-heal|p1a: Hatterene|75\/100|[from] Grassy Terrain\n|upkeep\n|turn|18\n|\n|t:|1699832286\n|switch|p2a: Skeledirge|Skeledirge, M, tera:Water|60\/100 par\n|move|p1a: Hatterene|Draining Kiss|p2a: Skeledirge\n|-damage|p2a: Skeledirge|43\/100 par\n|-heal|p1a: Hatterene|92\/100|[from] drain|[of] p2a: Skeledirge\n|\n|-heal|p1a: Hatterene|98\/100|[from] Grassy Terrain\n|-heal|p2a: Skeledirge|49\/100 par|[from] Grassy Terrain\n|upkeep\n|turn|19\n|\n|t:|1699832296\n|move|p1a: Hatterene|Psyshock|p2a: Skeledirge\n|-crit|p2a: Skeledirge\n|-damage|p2a: Skeledirge|1\/100 par\n|move|p2a: Skeledirge|Slack Off|p2a: Skeledirge\n|-heal|p2a: Skeledirge|51\/100 par\n|\n|-heal|p1a: Hatterene|100\/100|[from] Grassy Terrain\n|-heal|p2a: Skeledirge|57\/100 par|[from] Grassy Terrain\n|upkeep\n|turn|20\n|\n|t:|1699832310\n|move|p1a: Hatterene|Psyshock|p2a: Skeledirge\n|-damage|p2a: Skeledirge|27\/100 par\n|move|p2a: Skeledirge|Slack Off|p2a: Skeledirge\n|-heal|p2a: Skeledirge|77\/100 par\n|\n|-heal|p2a: Skeledirge|83\/100 par|[from] Grassy Terrain\n|-fieldend|move: Grassy Terrain\n|upkeep\n|turn|21\n|\n|t:|1699832316\n|move|p1a: Hatterene|Psyshock|p2a: Skeledirge\n|-damage|p2a: Skeledirge|52\/100 par\n|move|p2a: Skeledirge|Torch Song|p1a: Hatterene\n|-damage|p1a: Hatterene|70\/100\n|-boost|p2a: Skeledirge|spa|1\n|\n|upkeep\n|turn|22\n|\n|t:|1699832326\n|move|p1a: Hatterene|Psyshock|p2a: Skeledirge\n|-damage|p2a: Skeledirge|19\/100 par\n|move|p2a: Skeledirge|Slack Off|p2a: Skeledirge\n|-heal|p2a: Skeledirge|70\/100 par\n|\n|upkeep\n|turn|23\n|\n|t:|1699832334\n|move|p1a: Hatterene|Psyshock|p2a: Skeledirge\n|-damage|p2a: Skeledirge|40\/100 par\n|cant|p2a: Skeledirge|par\n|\n|upkeep\n|turn|24\n|\n|t:|1699832340\n|move|p1a: Hatterene|Psyshock|p2a: Skeledirge\n|-damage|p2a: Skeledirge|13\/100 par\n|cant|p2a: Skeledirge|par\n|\n|upkeep\n|turn|25\n|\n|t:|1699832345\n|move|p1a: Hatterene|Psyshock|p2a: Skeledirge\n|-damage|p2a: Skeledirge|0 fnt\n|faint|p2a: Skeledirge\n|\n|upkeep\n|\n|t:|1699832356\n|switch|p2a: Clefable|Clefable, M|100\/100\n|turn|26\n|\n|t:|1699832362\n|move|p2a: Clefable|Calm Mind|p2a: Clefable\n|-boost|p2a: Clefable|spa|1\n|-boost|p2a: Clefable|spd|1\n|move|p1a: Hatterene|Nuzzle|p2a: Clefable\n|-damage|p2a: Clefable|97\/100\n|-status|p2a: Clefable|par\n|\n|-heal|p2a: Clefable|100\/100 par|[from] item: Leftovers\n|upkeep\n|turn|27\n|\n|t:|1699832370\n|switch|p1a: Rillaboom|Rillaboom, M|93\/100\n|-fieldstart|move: Grassy Terrain|[from] ability: Grassy Surge|[of] p1a: Rillaboom\n|cant|p2a: Clefable|par\n|\n|-heal|p1a: Rillaboom|99\/100|[from] Grassy Terrain\n|upkeep\n|turn|28\n|\n|t:|1699832381\n|switch|p2a: Mandibuzz|Mandibuzz, F|100\/100\n|move|p1a: Rillaboom|U-turn|p2a: Mandibuzz\n|-damage|p2a: Mandibuzz|80\/100\n|\n|t:|1699832384\n|switch|p1a: Hatterene|Hatterene, F|70\/100|[from] U-turn\n|\n|-heal|p1a: Hatterene|76\/100|[from] Grassy Terrain\n|upkeep\n|turn|29\n|\n|t:|1699832388\n|switch|p2a: Milotic|Milotic, F|92\/100\n|move|p1a: Hatterene|Calm Mind|p1a: Hatterene\n|-boost|p1a: Hatterene|spa|1\n|-boost|p1a: Hatterene|spd|1\n|\n|-heal|p2a: Milotic|98\/100|[from] Grassy Terrain\n|-heal|p1a: Hatterene|82\/100|[from] Grassy Terrain\n|upkeep\n|turn|30\n|\n|t:|1699832413\n|move|p2a: Milotic|Scald|p1a: Hatterene\n|-damage|p1a: Hatterene|63\/100\n|move|p1a: Hatterene|Nuzzle|p2a: Milotic\n|-supereffective|p2a: Milotic\n|-damage|p2a: Milotic|91\/100\n|-status|p2a: Milotic|par\n|\n|-heal|p1a: Hatterene|69\/100|[from] Grassy Terrain\n|-heal|p2a: Milotic|97\/100 par|[from] Grassy Terrain\n|upkeep\n|turn|31\n|\n|t:|1699832420\n|move|p1a: Hatterene|Draining Kiss|p2a: Milotic\n|-damage|p2a: Milotic|79\/100 par\n|-heal|p1a: Hatterene|85\/100|[from] drain|[of] p2a: Milotic\n|move|p2a: Milotic|Haze|p2a: Milotic\n|-clearallboost\n|\n|-heal|p1a: Hatterene|91\/100|[from] Grassy Terrain\n|-heal|p2a: Milotic|85\/100 par|[from] Grassy Terrain\n|-fieldend|move: Grassy Terrain\n|upkeep\n|turn|32\n|\n|t:|1699832432\n|move|p1a: Hatterene|Calm Mind|p1a: Hatterene\n|-boost|p1a: Hatterene|spa|1\n|-boost|p1a: Hatterene|spd|1\n|cant|p2a: Milotic|par\n|\n|upkeep\n|turn|33\n|\n|t:|1699832441\n|move|p1a: Hatterene|Psyshock|p2a: Milotic\n|-damage|p2a: Milotic|48\/100 par\n|move|p2a: Milotic|Haze|p2a: Milotic\n|-clearallboost\n|\n|upkeep\n|turn|34\n|\n|t:|1699832446\n|move|p1a: Hatterene|Psyshock|p2a: Milotic\n|-crit|p2a: Milotic\n|-damage|p2a: Milotic|12\/100 par\n|move|p2a: Milotic|Icy Wind|p1a: Hatterene\n|-damage|p1a: Hatterene|77\/100\n|-unboost|p1a: Hatterene|spe|1\n|\n|upkeep\n|turn|35\n|\n|t:|1699832456\n|move|p2a: Milotic|Recover|p2a: Milotic\n|-heal|p2a: Milotic|62\/100 par\n|move|p1a: Hatterene|Psyshock|p2a: Milotic\n|-damage|p2a: Milotic|39\/100 par\n|\n|upkeep\n|turn|36\n|\n|t:|1699832466\n|move|p2a: Milotic|Recover|p2a: Milotic\n|-heal|p2a: Milotic|89\/100 par\n|move|p1a: Hatterene|Psyshock|p2a: Milotic\n|-damage|p2a: Milotic|62\/100 par\n|\n|upkeep\n|turn|37\n|\n|t:|1699832469\n|move|p2a: Milotic|Scald|p1a: Hatterene\n|-damage|p1a: Hatterene|50\/100\n|move|p1a: Hatterene|Calm Mind|p1a: Hatterene\n|-boost|p1a: Hatterene|spa|1\n|-boost|p1a: Hatterene|spd|1\n|\n|upkeep\n|turn|38\n|\n|t:|1699832477\n|move|p2a: Milotic|Haze|p2a: Milotic\n|-clearallboost\n|move|p1a: Hatterene|Psyshock|p2a: Milotic\n|-damage|p2a: Milotic|37\/100 par\n|\n|upkeep\n|turn|39\n|\n|t:|1699832487\n|move|p1a: Hatterene|Draining Kiss|p2a: Milotic\n|-damage|p2a: Milotic|24\/100 par\n|-heal|p1a: Hatterene|62\/100|[from] drain|[of] p2a: Milotic\n|move|p2a: Milotic|Recover|p2a: Milotic\n|-heal|p2a: Milotic|74\/100 par\n|\n|upkeep\n|turn|40\n|\n|t:|1699832494\n|move|p1a: Hatterene|Draining Kiss|p2a: Milotic\n|-damage|p2a: Milotic|61\/100 par\n|-heal|p1a: Hatterene|74\/100|[from] drain|[of] p2a: Milotic\n|move|p2a: Milotic|Icy Wind|p1a: Hatterene\n|-damage|p1a: Hatterene|60\/100\n|-unboost|p1a: Hatterene|spe|1\n|\n|upkeep\n|turn|41\n|\n|t:|1699832517\n|cant|p2a: Milotic|par\n|move|p1a: Hatterene|Calm Mind|p1a: Hatterene\n|-boost|p1a: Hatterene|spa|1\n|-boost|p1a: Hatterene|spd|1\n|\n|upkeep\n|turn|42\n|\n|t:|1699832521\n|move|p2a: Milotic|Scald|p1a: Hatterene\n|-damage|p1a: Hatterene|40\/100\n|move|p1a: Hatterene|Draining Kiss|p2a: Milotic\n|-damage|p2a: Milotic|44\/100 par\n|-heal|p1a: Hatterene|57\/100|[from] drain|[of] p2a: Milotic\n|\n|upkeep\n|turn|43\n|\n|t:|1699832526\n|move|p2a: Milotic|Scald|p1a: Hatterene\n|-damage|p1a: Hatterene|37\/100\n|move|p1a: Hatterene|Draining Kiss|p2a: Milotic\n|-damage|p2a: Milotic|25\/100 par\n|-heal|p1a: Hatterene|54\/100|[from] drain|[of] p2a: Milotic\n|\n|upkeep\n|turn|44\n|\n|t:|1699832534\n|cant|p2a: Milotic|par\n|move|p1a: Hatterene|Psyshock|p2a: Milotic\n|-damage|p2a: Milotic|0 fnt\n|faint|p2a: Milotic\n|\n|upkeep\n|c|\u2606GBD777|mb\n|c|\u2606plokami|its ok\n|\n|t:|1699832559\n|switch|p2a: Gliscor|Gliscor, F|100\/100 tox\n|turn|45\n|\n|t:|1699832567\n|move|p2a: Gliscor|Earthquake|p1a: Hatterene\n|-damage|p1a: Hatterene|26\/100\n|move|p1a: Hatterene|Draining Kiss|p2a: Gliscor\n|-damage|p2a: Gliscor|59\/100 tox\n|-heal|p1a: Hatterene|61\/100|[from] drain|[of] p2a: Gliscor\n|\n|-heal|p2a: Gliscor|71\/100 tox|[from] ability: Poison Heal\n|upkeep\n|turn|46\n|\n|t:|1699832578\n|move|p2a: Gliscor|Earthquake|p1a: Hatterene\n|-damage|p1a: Hatterene|35\/100\n|move|p1a: Hatterene|Draining Kiss|p2a: Gliscor\n|-damage|p2a: Gliscor|26\/100 tox\n|-heal|p1a: Hatterene|73\/100|[from] drain|[of] p2a: Gliscor\n|\n|-heal|p2a: Gliscor|39\/100 tox|[from] ability: Poison Heal\n|upkeep\n|turn|47\n|\n|t:|1699832590\n|move|p2a: Gliscor|Earthquake|p1a: Hatterene\n|-damage|p1a: Hatterene|45\/100\n|move|p1a: Hatterene|Draining Kiss|p2a: Gliscor\n|-damage|p2a: Gliscor|0 fnt\n|-heal|p1a: Hatterene|77\/100|[from] drain|[of] p2a: Gliscor\n|faint|p2a: Gliscor\n|\n|upkeep\n|\n|t:|1699832593\n|switch|p2a: Clefable|Clefable, M|100\/100 par\n|turn|48\n|\n|t:|1699832595\n|move|p2a: Clefable|Calm Mind|p2a: Clefable\n|-boost|p2a: Clefable|spa|1\n|-boost|p2a: Clefable|spd|1\n|move|p1a: Hatterene|Nuzzle|p2a: Clefable\n|-damage|p2a: Clefable|97\/100 par\n|\n|-heal|p2a: Clefable|100\/100 par|[from] item: Leftovers\n|upkeep\n|turn|49\n|\n|t:|1699832599\n|switch|p1a: Rillaboom|Rillaboom, M|99\/100\n|-fieldstart|move: Grassy Terrain|[from] ability: Grassy Surge|[of] p1a: Rillaboom\n|move|p2a: Clefable|Calm Mind|p2a: Clefable\n|-boost|p2a: Clefable|spa|1\n|-boost|p2a: Clefable|spd|1\n|\n|-heal|p1a: Rillaboom|100\/100|[from] Grassy Terrain\n|upkeep\n|turn|50\n|\n|t:|1699832612\n|move|p1a: Rillaboom|Wood Hammer|p2a: Clefable\n|-damage|p2a: Clefable|0 fnt\n|faint|p2a: Clefable\n|-damage|p1a: Rillaboom|66\/100|[from] Recoil\n|\n|-heal|p1a: Rillaboom|72\/100|[from] Grassy Terrain\n|upkeep\n|\n|t:|1699832617\n|switch|p2a: Mandibuzz|Mandibuzz, F|80\/100\n|turn|51\n|\n|t:|1699832621\n|move|p1a: Rillaboom|Wood Hammer|p2a: Mandibuzz\n|-resisted|p2a: Mandibuzz\n|-damage|p2a: Mandibuzz|43\/100\n|-damage|p1a: Rillaboom|58\/100|[from] Recoil\n|move|p2a: Mandibuzz|Iron Defense|p2a: Mandibuzz\n|-boost|p2a: Mandibuzz|def|2\n|\n|-heal|p1a: Rillaboom|64\/100|[from] Grassy Terrain\n|upkeep\n|turn|52\n|\n|t:|1699832626\n|switch|p1a: Hatterene|Hatterene, F|77\/100\n|move|p2a: Mandibuzz|Roost|p2a: Mandibuzz\n|-heal|p2a: Mandibuzz|93\/100\n|-singleturn|p2a: Mandibuzz|move: Roost\n|\n|-heal|p2a: Mandibuzz|99\/100|[from] Grassy Terrain\n|-heal|p1a: Hatterene|83\/100|[from] Grassy Terrain\n|upkeep\n|turn|53\n|\n|t:|1699832630\n|move|p2a: Mandibuzz|Foul Play|p1a: Hatterene\n|-damage|p1a: Hatterene|62\/100\n|move|p1a: Hatterene|Nuzzle|p2a: Mandibuzz\n|-supereffective|p2a: Mandibuzz\n|-damage|p2a: Mandibuzz|97\/100\n|-status|p2a: Mandibuzz|par\n|\n|-heal|p1a: Hatterene|67\/100|[from] Grassy Terrain\n|-fieldend|move: Grassy Terrain\n|upkeep\n|turn|54\n|c|\u2606plokami|gg\n|c| Coach ataman|ggs  guys\n|-message|plokami forfeited.\n|\n|win|GBD777\n|c|\u2606GBD777|gg\n|l|\u2606plokami\n|l| Coach ataman\n","uploadtime":1699832659,"views":16,"p1id":"gbd777","p2id":"plokami","formatid":"gen9ubers","rating":0,"private":0,"password":""}