{"id":"gen9ubers-1971612350","p1":"Underhours","p2":"ooga booga awooga","format":"[Gen 9] Ubers","log":"|j|\u2606Underhours\n|j|\u2606ooga booga awooga\n|t:|1697753301\n|gametype|singles\n|player|p1|Underhours|brock-gen2|\n|player|p2|ooga booga awooga|saguaro|\n|teamsize|p1|6\n|teamsize|p2|6\n|gen|9\n|tier|[Gen 9] Ubers\n|rule|Sleep Clause Mod: Limit one foe put to sleep\n|rule|Species Clause: Limit one of each Pok\u00e9mon\n|rule|OHKO Clause: OHKO moves are banned\n|rule|Evasion Items Clause: Evasion items are banned\n|rule|Evasion Moves Clause: Evasion moves are banned\n|rule|Endless Battle Clause: Forcing endless battles is banned\n|rule|HP Percentage Mod: HP is shown in percentages\n|clearpoke\n|poke|p1|Magnezone|\n|poke|p1|Arceus-Poison|\n|poke|p1|Palkia-Origin|\n|poke|p1|Hatterene, F|\n|poke|p1|Zacian-*|\n|poke|p1|Chi-Yu|\n|poke|p2|Landorus, M|\n|poke|p2|Urshifu-*, F|\n|poke|p2|Giratina|\n|poke|p2|Arceus-Poison|\n|poke|p2|Blissey, F|\n|poke|p2|Samurott-Hisui, F|\n|teampreview\n|inactive|Battle timer is ON: inactive players will automatically lose when time's up. (requested by ooga booga awooga)\n|\n|t:|1697753325\n|start\n|switch|p1a: Magnezone|Magnezone|100\/100\n|switch|p2a: Samurott|Samurott-Hisui, F|100\/100\n|turn|1\n|\n|t:|1697753330\n|move|p2a: Samurott|Ceaseless Edge|p1a: Magnezone|[miss]\n|-miss|p2a: Samurott|p1a: Magnezone\n|move|p1a: Magnezone|Volt Switch|p2a: Samurott\n|-supereffective|p2a: Samurott\n|-damage|p2a: Samurott|0 fnt\n|faint|p2a: Samurott\n|c|\u2606Underhours|rip\n|c|\u2606ooga booga awooga|oh come on now\n|c|\u2606ooga booga awooga|samurott you need glasses\n|\n|t:|1697753348\n|switch|p1a: Palkia|Palkia-Origin|100\/100|[from] Volt Switch\n|-ability|p1a: Palkia|Pressure\n|\n|upkeep\n|\n|t:|1697753356\n|switch|p2a: Blissey|Blissey, F|100\/100\n|turn|2\n|\n|t:|1697753359\n|move|p1a: Palkia|Substitute|p1a: Palkia\n|-start|p1a: Palkia|Substitute\n|-damage|p1a: Palkia|76\/100\n|move|p2a: Blissey|Thunder Wave||[still]\n|-fail|p2a: Blissey\n|\n|upkeep\n|turn|3\n|\n|t:|1697753363\n|move|p1a: Palkia|Scale Shot|p2a: Blissey\n|-damage|p2a: Blissey|82\/100\n|-damage|p2a: Blissey|65\/100\n|-damage|p2a: Blissey|47\/100\n|-hitcount|p2a: Blissey|3\n|-unboost|p1a: Palkia|def|1\n|-boost|p1a: Palkia|spe|1\n|move|p2a: Blissey|Seismic Toss|p1a: Palkia\n|-end|p1a: Palkia|Substitute\n|\n|upkeep\n|turn|4\n|\n|t:|1697753374\n|move|p1a: Palkia|Scale Shot|p2a: Blissey\n|-damage|p2a: Blissey|29\/100\n|-damage|p2a: Blissey|10\/100\n|-damage|p2a: Blissey|0 fnt\n|faint|p2a: Blissey\n|-hitcount|p2: Blissey|3\n|-unboost|p1a: Palkia|def|1\n|-boost|p1a: Palkia|spe|1\n|\n|upkeep\n|\n|t:|1697753397\n|switch|p2a: Urshifu|Urshifu, F|100\/100\n|turn|5\n|\n|t:|1697753408\n|-terastallize|p2a: Urshifu|Steel\n|move|p1a: Palkia|Hydro Pump|p2a: Urshifu\n|-damage|p2a: Urshifu|0 fnt\n|faint|p2a: Urshifu\n|\n|upkeep\n|inactive|ooga booga awooga has 270 seconds left.\n|c|\u2606ooga booga awooga|awww i thought u would do draco\n|\n|t:|1697753424\n|switch|p2a: Giratina|Giratina|100\/100\n|-ability|p2a: Giratina|Pressure\n|turn|6\n|c|\u2606Underhours|im spacial rend on this set\n|\n|t:|1697753443\n|-terastallize|p1a: Palkia|Fairy\n|move|p1a: Palkia|Spacial Rend|p2a: Giratina\n|-supereffective|p2a: Giratina\n|-damage|p2a: Giratina|18\/100\n|move|p2a: Giratina|Calm Mind|p2a: Giratina\n|-boost|p2a: Giratina|spa|1\n|-boost|p2a: Giratina|spd|1\n|\n|-heal|p2a: Giratina|24\/100|[from] item: Leftovers\n|upkeep\n|turn|7\n|\n|t:|1697753450\n|move|p1a: Palkia|Spacial Rend|p2a: Giratina\n|-supereffective|p2a: Giratina\n|-damage|p2a: Giratina|0 fnt\n|faint|p2a: Giratina\n|\n|upkeep\n|\n|t:|1697753454\n|switch|p2a: Arceus|Arceus-Poison|100\/100\n|turn|8\n|\n|t:|1697753475\n|switch|p1a: Arceus|Arceus-Poison|100\/100\n|move|p2a: Arceus|Earth Power|p1a: Arceus\n|-supereffective|p1a: Arceus\n|-damage|p1a: Arceus|70\/100\n|\n|upkeep\n|turn|9\n|\n|t:|1697753483\n|move|p2a: Arceus|Earth Power|p1a: Arceus\n|-supereffective|p1a: Arceus\n|-damage|p1a: Arceus|36\/100\n|move|p1a: Arceus|Dragon Dance|p1a: Arceus\n|-boost|p1a: Arceus|atk|1\n|-boost|p1a: Arceus|spe|1\n|\n|upkeep\n|turn|10\n|\n|t:|1697753489\n|move|p1a: Arceus|Recover|p1a: Arceus\n|-heal|p1a: Arceus|86\/100\n|move|p2a: Arceus|Roar|p1a: Arceus\n|drag|p1a: Palkia|Palkia-Origin, tera:Fairy|76\/100\n|-ability|p1a: Palkia|Pressure\n|\n|upkeep\n|turn|11\n|\n|t:|1697753498\n|switch|p1a: Arceus|Arceus-Poison|86\/100\n|move|p2a: Arceus|Stealth Rock|p1a: Arceus\n|-sidestart|p1: Underhours|move: Stealth Rock\n|\n|upkeep\n|turn|12\n|\n|t:|1697753502\n|move|p1a: Arceus|Earthquake|p2a: Arceus\n|-supereffective|p2a: Arceus\n|-crit|p2a: Arceus\n|-damage|p2a: Arceus|26\/100\n|move|p2a: Arceus|Roar|p1a: Arceus\n|drag|p1a: Magnezone|Magnezone|100\/100\n|\n|upkeep\n|turn|13\n|\n|t:|1697753509\n|move|p2a: Arceus|Earth Power|p1a: Magnezone\n|-supereffective|p1a: Magnezone\n|-damage|p1a: Magnezone|0 fnt\n|faint|p1a: Magnezone\n|\n|upkeep\n|\n|t:|1697753524\n|switch|p1a: Chi-Yu|Chi-Yu|100\/100\n|-damage|p1a: Chi-Yu|76\/100|[from] Stealth Rock\n|-ability|p1a: Chi-Yu|Beads of Ruin\n|turn|14\n|\n|t:|1697753543\n|move|p1a: Chi-Yu|Fire Blast|p2a: Arceus\n|-damage|p2a: Arceus|0 fnt\n|faint|p2a: Arceus\n|\n|upkeep\n|\n|t:|1697753547\n|switch|p2a: Landorus|Landorus, M|100\/100\n|turn|15\n|\n|t:|1697753553\n|move|p1a: Chi-Yu|Fire Blast|p2a: Landorus|[miss]\n|-miss|p1a: Chi-Yu|p2a: Landorus\n|move|p2a: Landorus|Substitute|p2a: Landorus\n|-start|p2a: Landorus|Substitute\n|-damage|p2a: Landorus|76\/100\n|\n|upkeep\n|turn|16\n|\n|t:|1697753557\n|move|p1a: Chi-Yu|Fire Blast|p2a: Landorus\n|-end|p2a: Landorus|Substitute\n|move|p2a: Landorus|Earth Power|p1a: Chi-Yu\n|-supereffective|p1a: Chi-Yu\n|-damage|p1a: Chi-Yu|0 fnt\n|faint|p1a: Chi-Yu\n|\n|upkeep\n|\n|t:|1697753561\n|switch|p1a: Palkia|Palkia-Origin, tera:Fairy|76\/100\n|-damage|p1a: Palkia|63\/100|[from] Stealth Rock\n|-ability|p1a: Palkia|Pressure\n|turn|17\n|\n|t:|1697753572\n|move|p1a: Palkia|Hydro Pump|p2a: Landorus\n|-supereffective|p2a: Landorus\n|-damage|p2a: Landorus|0 fnt\n|faint|p2a: Landorus\n|\n|win|Underhours\n|c|\u2606ooga booga awooga|gg\n|c|\u2606Underhours|ggs\n|l|\u2606ooga booga awooga\n","uploadtime":1697753578,"views":33,"p1id":"underhours","p2id":"oogaboogaawooga","formatid":"gen9ubers","rating":0,"private":0,"password":""}