{"id":"gen9ubers-1989409019","p1":"BlodiaMan","p2":"Tidal_Hiraeth","format":"[Gen 9] Ubers","log":"|j|\u2606BlodiaMan\n|j|\u2606Tidal_Hiraeth\n|t:|1699846501\n|gametype|singles\n|player|p1|BlodiaMan|silver|1051\n|player|p2|Tidal_Hiraeth|gambler|1000\n|teamsize|p1|6\n|teamsize|p2|6\n|gen|9\n|tier|[Gen 9] Ubers\n|rated|\n|rule|Sleep Clause Mod: Limit one foe put to sleep\n|rule|Species Clause: Limit one of each Pok\u00e9mon\n|rule|OHKO Clause: OHKO moves are banned\n|rule|Evasion Items Clause: Evasion items are banned\n|rule|Evasion Moves Clause: Evasion moves are banned\n|rule|Endless Battle Clause: Forcing endless battles is banned\n|rule|HP Percentage Mod: HP is shown in percentages\n|clearpoke\n|poke|p1|Golduck, F|\n|poke|p1|Shaymin-Sky|\n|poke|p1|Ogerpon-Wellspring, F|\n|poke|p1|Ursaluna, M|\n|poke|p1|Cinderace, M|\n|poke|p1|Swalot, F|\n|poke|p2|Mimikyu, F|\n|poke|p2|Snorlax, M|\n|poke|p2|Chi-Yu|\n|poke|p2|Ogerpon-Wellspring, F|\n|poke|p2|Glimmora, F|\n|poke|p2|Flutter Mane|\n|teampreview\n|\n|t:|1699846515\n|start\n|switch|p1a: Shaymin|Shaymin-Sky|100\/100\n|switch|p2a: Glimmora|Glimmora, F|100\/100\n|turn|1\n|\n|t:|1699846527\n|move|p1a: Shaymin|Trailblaze|p2a: Glimmora\n|-damage|p2a: Glimmora|83\/100\n|-boost|p1a: Shaymin|spe|1\n|-activate|p2a: Glimmora|ability: Toxic Debris\n|-sidestart|p1: BlodiaMan|move: Toxic Spikes\n|move|p2a: Glimmora|Spikes|p1a: Shaymin\n|-sidestart|p1: BlodiaMan|Spikes\n|\n|upkeep\n|turn|2\n|\n|t:|1699846539\n|move|p1a: Shaymin|Seed Flare|p2a: Glimmora\n|-damage|p2a: Glimmora|20\/100\n|-unboost|p2a: Glimmora|spd|2\n|move|p2a: Glimmora|Spikes|p1a: Shaymin\n|-sidestart|p1: BlodiaMan|Spikes\n|\n|upkeep\n|turn|3\n|\n|t:|1699846552\n|move|p1a: Shaymin|Air Slash|p2a: Glimmora\n|-resisted|p2a: Glimmora\n|-damage|p2a: Glimmora|0 fnt\n|faint|p2a: Glimmora\n|\n|upkeep\n|\n|t:|1699846562\n|switch|p2a: Chi-Yu|Chi-Yu|100\/100\n|-ability|p2a: Chi-Yu|Beads of Ruin\n|turn|4\n|\n|t:|1699846588\n|move|p1a: Shaymin|Dazzling Gleam|p2a: Chi-Yu\n|-damage|p2a: Chi-Yu|67\/100\n|move|p2a: Chi-Yu|Dark Pulse|p1a: Shaymin\n|-damage|p1a: Shaymin|0 fnt\n|faint|p1a: Shaymin\n|\n|upkeep\n|\n|t:|1699846615\n|switch|p1a: Cinderace|Cinderace, M|100\/100\n|turn|5\n|\n|t:|1699846623\n|move|p1a: Cinderace|Court Change|p1a: Cinderace\n|-start|p1a: Cinderace|typechange|Normal|[from] ability: Libero\n|-swapsideconditions\n|-activate|p1a: Cinderace|move: Court Change\n|move|p2a: Chi-Yu|Dark Pulse|p1a: Cinderace\n|-damage|p1a: Cinderace|0 fnt\n|faint|p1a: Cinderace\n|\n|upkeep\n|\n|t:|1699846630\n|switch|p1a: Ogerpon|Ogerpon-Wellspring, F|100\/100\n|turn|6\n|\n|t:|1699846646\n|-terastallize|p1a: Ogerpon|Water\n|detailschange|p1a: Ogerpon|Ogerpon-Wellspring-Tera, F, tera:Water\n|-ability|p1a: Ogerpon|Embody Aspect (Wellspring)|boost\n|-boost|p1a: Ogerpon|spd|1\n|-terastallize|p2a: Chi-Yu|Dark\n|move|p1a: Ogerpon|Ivy Cudgel|p2a: Chi-Yu\n|-crit|p2a: Chi-Yu\n|-damage|p2a: Chi-Yu|0 fnt\n|faint|p2a: Chi-Yu\n|\n|upkeep\n|\n|t:|1699846658\n|switch|p2a: Mimikyu|Mimikyu, F|100\/100\n|-status|p2a: Mimikyu|psn\n|-damage|p2a: Mimikyu|84\/100 psn|[from] Spikes\n|turn|7\n|\n|t:|1699846666\n|move|p1a: Ogerpon|Knock Off|p2a: Mimikyu\n|-activate|p2a: Mimikyu|ability: Disguise\n|-damage|p2a: Mimikyu|84\/100 psn\n|-enditem|p2a: Mimikyu|Toxic Orb|[from] move: Knock Off|[of] p1a: Ogerpon\n|detailschange|p2a: Mimikyu|Mimikyu-Busted, F\n|-damage|p2a: Mimikyu|72\/100 psn|[from] pokemon: Mimikyu-Busted\n|move|p2a: Mimikyu|Swords Dance|p2a: Mimikyu\n|-boost|p2a: Mimikyu|atk|2\n|\n|-damage|p2a: Mimikyu|59\/100 psn|[from] psn\n|upkeep\n|turn|8\n|\n|t:|1699846691\n|move|p1a: Ogerpon|Grassy Terrain|p1a: Ogerpon\n|-fieldstart|move: Grassy Terrain\n|move|p2a: Mimikyu|Facade|p1a: Ogerpon\n|-damage|p1a: Ogerpon|9\/100\n|\n|-heal|p1a: Ogerpon|15\/100|[from] Grassy Terrain\n|-heal|p2a: Mimikyu|65\/100 psn|[from] Grassy Terrain\n|-damage|p2a: Mimikyu|53\/100 psn|[from] psn\n|upkeep\n|turn|9\n|\n|t:|1699846705\n|move|p1a: Ogerpon|Grassy Glide|p2a: Mimikyu\n|-damage|p2a: Mimikyu|0 fnt\n|faint|p2a: Mimikyu\n|\n|-heal|p1a: Ogerpon|21\/100|[from] Grassy Terrain\n|upkeep\n|\n|t:|1699846716\n|switch|p2a: Flutter Mane|Flutter Mane|100\/100\n|-status|p2a: Flutter Mane|psn\n|-damage|p2a: Flutter Mane|84\/100 psn|[from] Spikes\n|turn|10\n|\n|t:|1699846725\n|move|p2a: Flutter Mane|Thunder|p1a: Ogerpon\n|-supereffective|p1a: Ogerpon\n|-damage|p1a: Ogerpon|0 fnt\n|faint|p1a: Ogerpon\n|\n|-heal|p2a: Flutter Mane|90\/100 psn|[from] Grassy Terrain\n|-heal|p2a: Flutter Mane|96\/100 psn|[from] item: Leftovers\n|-damage|p2a: Flutter Mane|84\/100 psn|[from] psn\n|upkeep\n|\n|t:|1699846742\n|switch|p1a: Golduck|Golduck, F|100\/100\n|-ability|p1a: Golduck|Cloud Nine\n|turn|11\n|\n|t:|1699846761\n|move|p2a: Flutter Mane|Thunder|p1a: Golduck\n|-supereffective|p1a: Golduck\n|-enditem|p1a: Golduck|Focus Sash\n|-damage|p1a: Golduck|1\/100\n|move|p1a: Golduck|Clear Smog|p2a: Flutter Mane\n|-damage|p2a: Flutter Mane|68\/100 psn\n|-clearboost|p2a: Flutter Mane\n|\n|-heal|p2a: Flutter Mane|74\/100 psn|[from] Grassy Terrain\n|-heal|p2a: Flutter Mane|80\/100 psn|[from] item: Leftovers\n|-heal|p1a: Golduck|7\/100|[from] Grassy Terrain\n|-damage|p2a: Flutter Mane|67\/100 psn|[from] psn\n|upkeep\n|turn|12\n|\n|t:|1699846776\n|move|p2a: Flutter Mane|Thunder|p1a: Golduck\n|-supereffective|p1a: Golduck\n|-damage|p1a: Golduck|0 fnt\n|faint|p1a: Golduck\n|\n|-heal|p2a: Flutter Mane|73\/100 psn|[from] Grassy Terrain\n|-heal|p2a: Flutter Mane|79\/100 psn|[from] item: Leftovers\n|-damage|p2a: Flutter Mane|67\/100 psn|[from] psn\n|-fieldend|move: Grassy Terrain\n|upkeep\n|\n|t:|1699846789\n|switch|p1a: Ursaluna|Ursaluna, M|100\/100\n|turn|13\n|\n|t:|1699846801\n|move|p2a: Flutter Mane|Wish|p2a: Flutter Mane\n|move|p1a: Ursaluna|Swords Dance|p1a: Ursaluna\n|-boost|p1a: Ursaluna|atk|2\n|\n|-heal|p2a: Flutter Mane|73\/100 psn|[from] item: Leftovers\n|-damage|p2a: Flutter Mane|61\/100 psn|[from] psn\n|-status|p1a: Ursaluna|brn|[from] item: Flame Orb\n|upkeep\n|turn|14\n|\n|t:|1699846818\n|move|p2a: Flutter Mane|Moonblast|p1a: Ursaluna\n|-damage|p1a: Ursaluna|58\/100 brn\n|move|p1a: Ursaluna|Earthquake|p2a: Flutter Mane\n|-damage|p2a: Flutter Mane|0 fnt\n|faint|p2a: Flutter Mane\n|-end|p2a: Flutter Mane|Protosynthesis|[silent]\n|\n|-damage|p1a: Ursaluna|52\/100 brn|[from] brn\n|upkeep\n|\n|t:|1699846839\n|switch|p2a: Ogerpon|Ogerpon-Wellspring, F|100\/100\n|-status|p2a: Ogerpon|psn\n|-damage|p2a: Ogerpon|84\/100 psn|[from] Spikes\n|turn|15\n|\n|t:|1699846850\n|move|p2a: Ogerpon|Ivy Cudgel|p1a: Ursaluna\n|-supereffective|p1a: Ursaluna\n|-damage|p1a: Ursaluna|0 fnt\n|faint|p1a: Ursaluna\n|\n|-damage|p2a: Ogerpon|72\/100 psn|[from] psn\n|upkeep\n|\n|t:|1699846856\n|switch|p1a: Swalot|Swalot, F|100\/100\n|turn|16\n|\n|t:|1699846871\n|move|p2a: Ogerpon|Swords Dance|p2a: Ogerpon\n|-boost|p2a: Ogerpon|atk|2\n|move|p1a: Swalot|Acid Armor|p1a: Swalot\n|-boost|p1a: Swalot|def|2\n|\n|-damage|p2a: Ogerpon|59\/100 psn|[from] psn\n|upkeep\n|turn|17\n|\n|t:|1699846882\n|move|p2a: Ogerpon|Ivy Cudgel|p1a: Swalot\n|-damage|p1a: Swalot|54\/100\n|move|p1a: Swalot|Body Press|p2a: Ogerpon\n|-damage|p2a: Ogerpon|0 fnt\n|faint|p2a: Ogerpon\n|\n|-heal|p1a: Swalot|60\/100|[from] item: Black Sludge\n|upkeep\n|\n|t:|1699846891\n|switch|p2a: Snorlax|Snorlax, M|100\/100\n|-status|p2a: Snorlax|psn\n|-damage|p2a: Snorlax|84\/100 psn|[from] Spikes\n|turn|18\n|\n|t:|1699846897\n|move|p1a: Swalot|Knock Off|p2a: Snorlax\n|-damage|p2a: Snorlax|71\/100 psn\n|-enditem|p2a: Snorlax|Sitrus Berry|[from] move: Knock Off|[of] p1a: Swalot\n|move|p2a: Snorlax|Belly Drum|p2a: Snorlax\n|-damage|p2a: Snorlax|21\/100 psn\n|-setboost|p2a: Snorlax|atk|6|[from] move: Belly Drum\n|\n|-heal|p1a: Swalot|67\/100|[from] item: Black Sludge\n|-damage|p2a: Snorlax|8\/100 psn|[from] psn\n|upkeep\n|turn|19\n|c|\u2606Tidal_Hiraeth|rip my berry\n|\n|t:|1699846916\n|move|p1a: Swalot|Body Press|p2a: Snorlax\n|-supereffective|p2a: Snorlax\n|-damage|p2a: Snorlax|0 fnt\n|faint|p2a: Snorlax\n|\n|win|BlodiaMan\n|raw|BlodiaMan's rating: 1051 &rarr; <strong>1079<\/strong><br \/>(+28 for winning)\n|raw|Tidal_Hiraeth's rating: 1000 &rarr; <strong>1000<\/strong><br \/>(+0 for losing)\n","uploadtime":1699846923,"views":20,"p1id":"blodiaman","p2id":"tidalhiraeth","formatid":"gen9ubers","rating":1000,"private":0,"password":""}