{"id":"gen9ubers-1987753048","p1":"Sydies","p2":"SadaShidz\ufe0f","format":"[Gen 9] Ubers","log":"|j|\u2606Sydies\n|j|\u2606SadaShidz\ufe0f\n|t:|1699633778\n|gametype|singles\n|player|p1|Sydies|266|1212\n|player|p2|SadaShidz\ufe0f|sada-ai|1328\n|teamsize|p1|6\n|teamsize|p2|6\n|gen|9\n|tier|[Gen 9] Ubers\n|rated|\n|rule|Sleep Clause Mod: Limit one foe put to sleep\n|rule|Species Clause: Limit one of each Pok\u00e9mon\n|rule|OHKO Clause: OHKO moves are banned\n|rule|Evasion Items Clause: Evasion items are banned\n|rule|Evasion Moves Clause: Evasion moves are banned\n|rule|Endless Battle Clause: Forcing endless battles is banned\n|rule|HP Percentage Mod: HP is shown in percentages\n|clearpoke\n|poke|p1|Gholdengo|\n|poke|p1|Groudon|\n|poke|p1|Empoleon, F|\n|poke|p1|Rayquaza|\n|poke|p1|Kyogre|\n|poke|p1|Zacian-*|\n|poke|p2|Glimmora, F|\n|poke|p2|Landorus-Therian, M|\n|poke|p2|Arceus-Ghost|\n|poke|p2|Iron Valiant|\n|poke|p2|Polteageist-Antique|\n|poke|p2|Kingambit, M|\n|teampreview\n|inactive|Battle timer is ON: inactive players will automatically lose when time's up. (requested by SadaShidz\ufe0f)\n|\n|t:|1699633800\n|start\n|switch|p1a: Empoleon|Empoleon, F|100\/100\n|switch|p2a: Mora The Explorer|Glimmora, F|100\/100\n|turn|1\n|\n|t:|1699633806\n|move|p2a: Mora The Explorer|Stealth Rock|p1a: Empoleon\n|-sidestart|p1: Sydies|move: Stealth Rock\n|move|p1a: Empoleon|Stealth Rock|p2a: Mora The Explorer\n|-sidestart|p2: SadaShidz\ufe0f|move: Stealth Rock\n|\n|upkeep\n|turn|2\n|\n|t:|1699633820\n|switch|p2a: Yamz|Arceus-Ghost, shiny|100\/100\n|-damage|p2a: Yamz|88\/100|[from] Stealth Rock\n|move|p1a: Empoleon|Flip Turn|p2a: Yamz\n|-damage|p2a: Yamz|77\/100\n|\n|t:|1699633831\n|switch|p1a: Zacian|Zacian-Crowned|100\/100|[from] Flip Turn\n|-damage|p1a: Zacian|94\/100|[from] Stealth Rock\n|-ability|p1a: Zacian|Intrepid Sword|boost\n|-boost|p1a: Zacian|atk|1\n|\n|upkeep\n|turn|3\n|\n|t:|1699633842\n|move|p1a: Zacian|Behemoth Blade|p2a: Yamz\n|-damage|p2a: Yamz|21\/100\n|move|p2a: Yamz|Judgment|p1a: Zacian\n|-damage|p1a: Zacian|52\/100\n|\n|upkeep\n|turn|4\n|\n|t:|1699633849\n|move|p1a: Zacian|Behemoth Blade|p2a: Yamz\n|-damage|p2a: Yamz|0 fnt\n|faint|p2a: Yamz\n|\n|upkeep\n|\n|t:|1699633864\n|switch|p2a: Lan Dan|Landorus-Therian, M, shiny|100\/100\n|-damage|p2a: Lan Dan|88\/100|[from] Stealth Rock\n|-ability|p2a: Lan Dan|Intimidate|boost\n|-unboost|p1a: Zacian|atk|1\n|turn|5\n|\n|t:|1699633872\n|switch|p1a: Kyogre|Kyogre|100\/100\n|-damage|p1a: Kyogre|88\/100|[from] Stealth Rock\n|-weather|RainDance|[from] ability: Drizzle|[of] p1a: Kyogre\n|move|p2a: Lan Dan|Earthquake|p1a: Kyogre\n|-damage|p1a: Kyogre|43\/100\n|\n|-weather|RainDance|[upkeep]\n|-heal|p1a: Kyogre|49\/100|[from] item: Leftovers\n|upkeep\n|turn|6\n|\n|t:|1699633882\n|move|p2a: Lan Dan|Grass Knot|p1a: Kyogre\n|-supereffective|p1a: Kyogre\n|-damage|p1a: Kyogre|9\/100\n|move|p1a: Kyogre|Ice Beam|p2a: Lan Dan\n|-supereffective|p2a: Lan Dan\n|-damage|p2a: Lan Dan|0 fnt\n|faint|p2a: Lan Dan\n|\n|-weather|RainDance|[upkeep]\n|-heal|p1a: Kyogre|16\/100|[from] item: Leftovers\n|upkeep\n|\n|t:|1699633904\n|switch|p2a: Chess Master|Kingambit, M, shiny|100\/100\n|-damage|p2a: Chess Master|94\/100|[from] Stealth Rock\n|-activate|p2a: Chess Master|ability: Supreme Overlord\n|-start|p2a: Chess Master|fallen2|[silent]\n|turn|7\n|\n|t:|1699633914\n|move|p1a: Kyogre|Thunderbolt|p2a: Chess Master\n|-damage|p2a: Chess Master|59\/100\n|move|p2a: Chess Master|Iron Head|p1a: Kyogre\n|-resisted|p1a: Kyogre\n|-damage|p1a: Kyogre|0 fnt\n|faint|p1a: Kyogre\n|\n|-weather|RainDance|[upkeep]\n|upkeep\n|\n|t:|1699633924\n|switch|p1a: Zacian|Zacian-Crowned|52\/100\n|-damage|p1a: Zacian|46\/100|[from] Stealth Rock\n|turn|8\n|\n|t:|1699633936\n|-end|p2a: Chess Master|fallen2|[silent]\n|switch|p2a: Mora The Explorer|Glimmora, F|100\/100\n|-damage|p2a: Mora The Explorer|88\/100|[from] Stealth Rock\n|move|p1a: Zacian|Sacred Sword|p2a: Mora The Explorer\n|-damage|p2a: Mora The Explorer|44\/100\n|-activate|p2a: Mora The Explorer|ability: Toxic Debris\n|-sidestart|p1: Sydies|move: Toxic Spikes\n|\n|-weather|RainDance|[upkeep]\n|upkeep\n|turn|9\n|\n|t:|1699633945\n|move|p1a: Zacian|Sacred Sword|p2a: Mora The Explorer\n|-damage|p2a: Mora The Explorer|0 fnt\n|-activate|p2a: Mora The Explorer|ability: Toxic Debris\n|-sidestart|p1: Sydies|move: Toxic Spikes\n|faint|p2a: Mora The Explorer\n|\n|-weather|none\n|upkeep\n|\n|t:|1699633968\n|switch|p2a: Teakaboo|Polteageist-Antique, shiny|100\/100\n|-damage|p2a: Teakaboo|88\/100|[from] Stealth Rock\n|turn|10\n|\n|t:|1699633975\n|move|p1a: Zacian|Ice Fang|p2a: Teakaboo\n|-damage|p2a: Teakaboo|39\/100\n|-ability|p2a: Teakaboo|Weak Armor|boost\n|-unboost|p2a: Teakaboo|def|1\n|-boost|p2a: Teakaboo|spe|2\n|move|p2a: Teakaboo|Shell Smash|p2a: Teakaboo\n|-unboost|p2a: Teakaboo|def|1\n|-unboost|p2a: Teakaboo|spd|1\n|-boost|p2a: Teakaboo|atk|2\n|-boost|p2a: Teakaboo|spa|2\n|-boost|p2a: Teakaboo|spe|2\n|\n|upkeep\n|turn|11\n|\n|t:|1699633985\n|move|p2a: Teakaboo|Shadow Ball|p1a: Zacian\n|-damage|p1a: Zacian|0 fnt\n|faint|p1a: Zacian\n|\n|upkeep\n|\n|t:|1699633991\n|switch|p1a: Gholdengo|Gholdengo|100\/100\n|-damage|p1a: Gholdengo|94\/100|[from] Stealth Rock\n|turn|12\n|\n|t:|1699633997\n|-terastallize|p1a: Gholdengo|Steel\n|move|p2a: Teakaboo|Shadow Ball|p1a: Gholdengo\n|-damage|p1a: Gholdengo|6\/100\n|move|p1a: Gholdengo|Shadow Ball|p2a: Teakaboo\n|-supereffective|p2a: Teakaboo\n|-damage|p2a: Teakaboo|0 fnt\n|faint|p2a: Teakaboo\n|-damage|p1a: Gholdengo|0 fnt|[from] item: Life Orb\n|faint|p1a: Gholdengo\n|\n|upkeep\n|\n|t:|1699634014\n|switch|p2a: Chess Master|Kingambit, M, shiny|59\/100\n|switch|p1a: Groudon|Groudon|100\/100\n|-damage|p1a: Groudon|94\/100|[from] Stealth Rock\n|-status|p1a: Groudon|tox\n|-weather|SunnyDay|[from] ability: Drought|[of] p1a: Groudon\n|-damage|p2a: Chess Master|52\/100|[from] Stealth Rock\n|-activate|p2a: Chess Master|ability: Supreme Overlord\n|-start|p2a: Chess Master|fallen4|[silent]\n|turn|13\n|\n|t:|1699634023\n|move|p1a: Groudon|Will-O-Wisp|p2a: Chess Master|[miss]\n|-miss|p1a: Groudon|p2a: Chess Master\n|move|p2a: Chess Master|Low Kick|p1a: Groudon\n|-damage|p1a: Groudon|58\/100 tox\n|\n|-weather|SunnyDay|[upkeep]\n|-heal|p1a: Groudon|64\/100 tox|[from] item: Leftovers\n|-damage|p1a: Groudon|58\/100 tox|[from] psn\n|upkeep\n|turn|14\n|\n|t:|1699634036\n|move|p1a: Groudon|Will-O-Wisp|p2a: Chess Master|[miss]\n|-miss|p1a: Groudon|p2a: Chess Master\n|move|p2a: Chess Master|Kowtow Cleave|p1a: Groudon\n|-crit|p1a: Groudon\n|-damage|p1a: Groudon|0 fnt\n|faint|p1a: Groudon\n|\n|-weather|SunnyDay|[upkeep]\n|upkeep\n|\n|t:|1699634044\n|switch|p1a: Rayquaza|Rayquaza, shiny|100\/100\n|-damage|p1a: Rayquaza|75\/100|[from] Stealth Rock\n|-ability|p1a: Rayquaza|Air Lock\n|turn|15\n|\n|t:|1699634051\n|move|p1a: Rayquaza|Dragon Dance|p1a: Rayquaza\n|-boost|p1a: Rayquaza|atk|1\n|-boost|p1a: Rayquaza|spe|1\n|move|p2a: Chess Master|Kowtow Cleave|p1a: Rayquaza\n|-damage|p1a: Rayquaza|0 fnt\n|faint|p1a: Rayquaza\n|\n|-weather|SunnyDay|[upkeep]\n|upkeep\n|-message|Sydies forfeited.\n|\n|win|SadaShidz\ufe0f\n|raw|Sydies's rating: 1212 &rarr; <strong>1195<\/strong><br \/>(-17 for losing)\n|raw|SadaShidz\ufe0f's rating: 1328 &rarr; <strong>1342<\/strong><br \/>(+14 for winning)\n|l|\u2606Sydies\n","uploadtime":1699634070,"views":4,"p1id":"sydies","p2id":"sadashidz","formatid":"gen9ubers","rating":1195,"private":0,"password":""}