{"id":"gen9ubers-1980924595","p1":"clorboycoctopus","p2":"AlicieLizzie","format":"[Gen 9] Ubers","log":"|j|\u2606clorboycoctopus\n|j|\u2606AlicieLizzie\n|t:|1698849437\n|gametype|singles\n|player|p1|clorboycoctopus|blackbelt-gen4dp|\n|player|p2|AlicieLizzie|marnie-masters3|\n|teamsize|p1|6\n|teamsize|p2|6\n|gen|9\n|tier|[Gen 9] Ubers\n|rule|Sleep Clause Mod: Limit one foe put to sleep\n|rule|Species Clause: Limit one of each Pok\u00e9mon\n|rule|OHKO Clause: OHKO moves are banned\n|rule|Evasion Items Clause: Evasion items are banned\n|rule|Evasion Moves Clause: Evasion moves are banned\n|rule|Endless Battle Clause: Forcing endless battles is banned\n|rule|HP Percentage Mod: HP is shown in percentages\n|clearpoke\n|poke|p1|Ninetales-Alola, F|\n|poke|p1|Espathra, M|\n|poke|p1|Cyclizar, M|\n|poke|p1|Arceus-Ice|\n|poke|p1|Zacian-*|\n|poke|p1|Baxcalibur, F|\n|poke|p2|Baxcalibur, F|\n|poke|p2|Ninetales-Alola, M|\n|poke|p2|Arceus-Ghost|\n|poke|p2|Espathra, M|\n|poke|p2|Kommo-o, M|\n|poke|p2|Cyclizar, F|\n|teampreview\n|inactive|Battle timer is ON: inactive players will automatically lose when time's up. (requested by AlicieLizzie)\n|\n|t:|1698849444\n|start\n|switch|p1a: Ninetales|Ninetales-Alola, F, shiny|100\/100\n|switch|p2a: Nine Inch Tails|Ninetales-Alola, M|100\/100\n|-weather|Snow|[from] ability: Snow Warning|[of] p2a: Nine Inch Tails\n|turn|1\n|\n|t:|1698849451\n|move|p1a: Ninetales|Hypnosis|p2a: Nine Inch Tails\n|-status|p2a: Nine Inch Tails|slp|[from] move: Hypnosis\n|cant|p2a: Nine Inch Tails|slp\n|\n|-weather|Snow|[upkeep]\n|upkeep\n|turn|2\n|\n|t:|1698849455\n|switch|p2a: Pathwood Mac|Espathra, M|100\/100\n|move|p1a: Ninetales|Aurora Veil|p1a: Ninetales\n|-sidestart|p1: clorboycoctopus|move: Aurora Veil\n|\n|-weather|Snow|[upkeep]\n|upkeep\n|turn|3\n|\n|t:|1698849463\n|move|p1a: Ninetales|Draining Kiss|p2a: Pathwood Mac\n|-damage|p2a: Pathwood Mac|80\/100\n|move|p2a: Pathwood Mac|Calm Mind|p2a: Pathwood Mac\n|-boost|p2a: Pathwood Mac|spa|1\n|-boost|p2a: Pathwood Mac|spd|1\n|\n|-weather|Snow|[upkeep]\n|-heal|p2a: Pathwood Mac|86\/100|[from] item: Leftovers\n|-ability|p2a: Pathwood Mac|Speed Boost|boost\n|-boost|p2a: Pathwood Mac|spe|1\n|upkeep\n|turn|4\n|\n|t:|1698849465\n|move|p2a: Pathwood Mac|Calm Mind|p2a: Pathwood Mac\n|-boost|p2a: Pathwood Mac|spa|1\n|-boost|p2a: Pathwood Mac|spd|1\n|move|p1a: Ninetales|Encore|p2a: Pathwood Mac\n|-start|p2a: Pathwood Mac|Encore\n|\n|-weather|Snow|[upkeep]\n|-heal|p2a: Pathwood Mac|92\/100|[from] item: Leftovers\n|-ability|p2a: Pathwood Mac|Speed Boost|boost\n|-boost|p2a: Pathwood Mac|spe|1\n|upkeep\n|turn|5\n|\n|t:|1698849468\n|switch|p1a: Baxcalibur|Baxcalibur, F|100\/100\n|move|p2a: Pathwood Mac|Calm Mind|p2a: Pathwood Mac\n|-boost|p2a: Pathwood Mac|spa|1\n|-boost|p2a: Pathwood Mac|spd|1\n|\n|-weather|none\n|-heal|p2a: Pathwood Mac|98\/100|[from] item: Leftovers\n|-ability|p2a: Pathwood Mac|Speed Boost|boost\n|-boost|p2a: Pathwood Mac|spe|1\n|upkeep\n|turn|6\n|\n|t:|1698849470\n|move|p2a: Pathwood Mac|Calm Mind|p2a: Pathwood Mac\n|-boost|p2a: Pathwood Mac|spa|1\n|-boost|p2a: Pathwood Mac|spd|1\n|move|p1a: Baxcalibur|Scale Shot|p2a: Pathwood Mac|[miss]\n|-miss|p1a: Baxcalibur|p2a: Pathwood Mac\n|\n|-heal|p2a: Pathwood Mac|100\/100|[from] item: Leftovers\n|-ability|p2a: Pathwood Mac|Speed Boost|boost\n|-boost|p2a: Pathwood Mac|spe|1\n|upkeep\n|turn|7\n|\n|t:|1698849474\n|move|p2a: Pathwood Mac|Calm Mind|p2a: Pathwood Mac\n|-boost|p2a: Pathwood Mac|spa|1\n|-boost|p2a: Pathwood Mac|spd|1\n|move|p1a: Baxcalibur|Scale Shot|p2a: Pathwood Mac|[miss]\n|-miss|p1a: Baxcalibur|p2a: Pathwood Mac\n|\n|-end|p2a: Pathwood Mac|Encore\n|-ability|p2a: Pathwood Mac|Speed Boost|boost\n|-boost|p2a: Pathwood Mac|spe|1\n|upkeep\n|turn|8\n|\n|t:|1698849481\n|move|p2a: Pathwood Mac|Stored Power|p1a: Baxcalibur\n|-damage|p1a: Baxcalibur|0 fnt\n|faint|p1a: Baxcalibur\n|\n|-ability|p2a: Pathwood Mac|Speed Boost|boost\n|-boost|p2a: Pathwood Mac|spe|1\n|upkeep\n|\n|t:|1698849484\n|switch|p1a: Ninetales|Ninetales-Alola, F, shiny|100\/100\n|-weather|Snow|[from] ability: Snow Warning|[of] p1a: Ninetales\n|turn|9\n|c|\u2606AlicieLizzie|you hate to see it\n|c|\u2606clorboycoctopus|yeah\n|\n|t:|1698849497\n|move|p2a: Pathwood Mac|Stored Power|p1a: Ninetales\n|-damage|p1a: Ninetales|0 fnt\n|faint|p1a: Ninetales\n|\n|-weather|Snow|[upkeep]\n|-sideend|p1: clorboycoctopus|move: Aurora Veil\n|upkeep\n|-message|clorboycoctopus forfeited.\n|\n|win|AlicieLizzie\n|c|\u2606clorboycoctopus|gg\n","uploadtime":1698849520,"views":10,"p1id":"clorboycoctopus","p2id":"alicielizzie","formatid":"gen9ubers","rating":0,"private":0,"password":""}