{"id":"gen9ubers-1985855224","p1":"CTE World","p2":"KevinF_VGC","format":"[Gen 9] Ubers","log":"|j|\u2606CTE World\n|j|\u2606KevinF_VGC\n|t:|1699413667\n|gametype|singles\n|player|p1|CTE World|cynthia-masters|\n|player|p2|KevinF_VGC|rosa|\n|teamsize|p1|6\n|teamsize|p2|6\n|gen|9\n|tier|[Gen 9] Ubers\n|rule|Sleep Clause Mod: Limit one foe put to sleep\n|rule|Species Clause: Limit one of each Pok\u00e9mon\n|rule|OHKO Clause: OHKO moves are banned\n|rule|Evasion Items Clause: Evasion items are banned\n|rule|Evasion Moves Clause: Evasion moves are banned\n|rule|Endless Battle Clause: Forcing endless battles is banned\n|rule|HP Percentage Mod: HP is shown in percentages\n|clearpoke\n|poke|p1|Heatran, M|\n|poke|p1|Mew|\n|poke|p1|Slither Wing|\n|poke|p1|Roaring Moon|\n|poke|p1|Iron Valiant|\n|poke|p1|Iron Treads|\n|poke|p2|Arcanine-Hisui, F|\n|poke|p2|Breloom, F|\n|poke|p2|Enamorus, F|\n|poke|p2|Glimmora, F|\n|poke|p2|Thundurus, M|\n|poke|p2|Greninja-*, M|\n|teampreview\n|inactive|Battle timer is ON: inactive players will automatically lose when time's up. (requested by CTE World)\n|j| muffinATEthat\n|inactive|CTE World has 270 seconds left.\n|inactive|KevinF_VGC has 270 seconds left.\n|j| DomNeedsHelp\n|\n|t:|1699413702\n|start\n|switch|p1a: The Heat Show|Heatran, M|100\/100\n|switch|p2a: Glimmora|Glimmora, F|100\/100\n|turn|1\n|\n|t:|1699413711\n|move|p1a: The Heat Show|Steel Beam|p2a: Glimmora\n|-supereffective|p2a: Glimmora\n|-enditem|p2a: Glimmora|Focus Sash\n|-damage|p2a: Glimmora|1\/100\n|-damage|p1a: The Heat Show|50\/100|[from] steelbeam\n|move|p2a: Glimmora|Stealth Rock|p1a: The Heat Show\n|-sidestart|p1: CTE World|move: Stealth Rock\n|\n|upkeep\n|turn|2\n|\n|t:|1699413727\n|switch|p2a: Thundurus|Thundurus, M|100\/100\n|move|p1a: The Heat Show|Steel Beam|p2a: Thundurus\n|-resisted|p2a: Thundurus\n|-damage|p2a: Thundurus|52\/100\n|-damage|p1a: The Heat Show|0 fnt|[from] steelbeam\n|faint|p1a: The Heat Show\n|\n|upkeep\n|\n|t:|1699413731\n|switch|p1a: The Question|Mew|100\/100\n|-damage|p1a: The Question|88\/100|[from] Stealth Rock\n|turn|3\n|\n|t:|1699413748\n|move|p2a: Thundurus|Volt Switch|p1a: The Question\n|-damage|p1a: The Question|68\/100\n|\n|t:|1699413753\n|switch|p2a: Glimmora|Glimmora, F|1\/100|[from] Volt Switch\n|move|p1a: The Question|Electric Terrain|p1a: The Question\n|-fieldstart|move: Electric Terrain\n|\n|upkeep\n|turn|4\n|\n|t:|1699413775\n|move|p2a: Glimmora|Sludge Wave|p1a: The Question\n|-damage|p1a: The Question|37\/100\n|move|p1a: The Question|Volt Switch|p2a: Glimmora\n|-damage|p2a: Glimmora|0 fnt\n|faint|p2a: Glimmora\n|\n|t:|1699413781\n|switch|p1a: Two N'ggas|Iron Valiant|100\/100|[from] Volt Switch\n|-damage|p1a: Two N'ggas|94\/100|[from] Stealth Rock\n|-activate|p1a: Two N'ggas|ability: Quark Drive\n|-start|p1a: Two N'ggas|quarkdrivespe\n|\n|upkeep\n|\n|t:|1699413789\n|switch|p2a: Thundurus|Thundurus, M|52\/100\n|turn|5\n|\n|t:|1699413793\n|-end|p1a: Two N'ggas|Quark Drive|[silent]\n|switch|p1a: (My Business)|Iron Treads|100\/100\n|-damage|p1a: (My Business)|97\/100|[from] Stealth Rock\n|-activate|p1a: (My Business)|ability: Quark Drive\n|-start|p1a: (My Business)|quarkdrivedef\n|move|p2a: Thundurus|Thunder Wave|p1a: (My Business)\n|-immune|p1a: (My Business)\n|\n|-heal|p1a: (My Business)|100\/100|[from] item: Leftovers\n|upkeep\n|turn|6\n|\n|t:|1699413820\n|switch|p2a: Enamorus|Enamorus, F|100\/100\n|move|p1a: (My Business)|Knock Off|p2a: Enamorus\n|-resisted|p2a: Enamorus\n|-damage|p2a: Enamorus|82\/100\n|-enditem|p2a: Enamorus|Choice Specs|[from] move: Knock Off|[of] p1a: (My Business)\n|\n|upkeep\n|turn|7\n|inactive|KevinF_VGC has 270 seconds left.\n|\n|t:|1699413836\n|move|p2a: Enamorus|Earth Power|p1a: (My Business)\n|-supereffective|p1a: (My Business)\n|-damage|p1a: (My Business)|30\/100\n|move|p1a: (My Business)|Stealth Rock|p2a: Enamorus\n|-sidestart|p2: KevinF_VGC|move: Stealth Rock\n|\n|-heal|p1a: (My Business)|36\/100|[from] item: Leftovers\n|-fieldend|move: Electric Terrain\n|-end|p1a: (My Business)|Quark Drive\n|upkeep\n|turn|8\n|inactive|KevinF_VGC has 270 seconds left.\n|\n|t:|1699413853\n|move|p2a: Enamorus|Mystical Fire|p1a: (My Business)\n|-supereffective|p1a: (My Business)\n|-damage|p1a: (My Business)|0 fnt\n|faint|p1a: (My Business)\n|-end|p1a: (My Business)|Quark Drive|[silent]\n|\n|upkeep\n|\n|t:|1699413856\n|switch|p1a: The Question|Mew|37\/100\n|-damage|p1a: The Question|25\/100|[from] Stealth Rock\n|turn|9\n|\n|t:|1699413861\n|move|p2a: Enamorus|Mystical Fire|p1a: The Question\n|-damage|p1a: The Question|8\/100\n|-unboost|p1a: The Question|spa|1\n|move|p1a: The Question|Sunny Day|p1a: The Question\n|-weather|SunnyDay\n|\n|-weather|SunnyDay|[upkeep]\n|upkeep\n|turn|10\n|\n|t:|1699413879\n|move|p2a: Enamorus|Mystical Fire|p1a: The Question\n|-damage|p1a: The Question|0 fnt\n|faint|p1a: The Question\n|\n|-weather|SunnyDay|[upkeep]\n|upkeep\n|\n|t:|1699413881\n|switch|p1a: Die-angle Offense|Roaring Moon|100\/100\n|-damage|p1a: Die-angle Offense|88\/100|[from] Stealth Rock\n|-activate|p1a: Die-angle Offense|ability: Protosynthesis\n|-start|p1a: Die-angle Offense|protosynthesisatk\n|turn|11\n|inactive|KevinF_VGC has 270 seconds left.\n|\n|t:|1699413908\n|switch|p2a: Greninja|Greninja, M|100\/100\n|-damage|p2a: Greninja|88\/100|[from] Stealth Rock\n|move|p1a: Die-angle Offense|Iron Head|p2a: Greninja\n|-resisted|p2a: Greninja\n|-damage|p2a: Greninja|45\/100\n|-damage|p1a: Die-angle Offense|78\/100|[from] item: Life Orb\n|\n|-weather|SunnyDay|[upkeep]\n|upkeep\n|turn|12\n|inactive|KevinF_VGC has 270 seconds left.\n|\n|t:|1699413938\n|move|p2a: Greninja|Dark Pulse|p1a: Die-angle Offense\n|-resisted|p1a: Die-angle Offense\n|-damage|p1a: Die-angle Offense|56\/100\n|-damage|p2a: Greninja|36\/100|[from] item: Life Orb\n|move|p1a: Die-angle Offense|Knock Off|p2a: Greninja\n|-resisted|p2a: Greninja\n|-damage|p2a: Greninja|0 fnt\n|-enditem|p2a: Greninja|Life Orb|[from] move: Knock Off|[of] p1a: Die-angle Offense\n|faint|p2a: Greninja\n|-damage|p1a: Die-angle Offense|46\/100|[from] item: Life Orb\n|\n|-weather|SunnyDay|[upkeep]\n|upkeep\n|\n|t:|1699413950\n|switch|p2a: Breloom|Breloom, F|100\/100\n|-damage|p2a: Breloom|94\/100|[from] Stealth Rock\n|turn|13\n|\n|t:|1699413957\n|-end|p1a: Die-angle Offense|Protosynthesis|[silent]\n|switch|p1a: Two N'ggas|Iron Valiant|94\/100\n|-damage|p1a: Two N'ggas|88\/100|[from] Stealth Rock\n|move|p2a: Breloom|Mach Punch|p1a: Two N'ggas\n|-resisted|p1a: Two N'ggas\n|-damage|p1a: Two N'ggas|66\/100\n|\n|-weather|SunnyDay|[upkeep]\n|upkeep\n|turn|14\n|inactive|KevinF_VGC has 240 seconds left.\n|inactive|KevinF_VGC has 210 seconds left.\n|\n|t:|1699414013\n|switch|p2a: Thundurus|Thundurus, M|52\/100\n|move|p1a: Two N'ggas|Close Combat|p2a: Thundurus\n|-resisted|p2a: Thundurus\n|-damage|p2a: Thundurus|0 fnt\n|-unboost|p1a: Two N'ggas|def|1\n|-unboost|p1a: Two N'ggas|spd|1\n|faint|p2a: Thundurus\n|-damage|p1a: Two N'ggas|56\/100|[from] item: Life Orb\n|\n|-weather|SunnyDay|[upkeep]\n|upkeep\n|inactive|KevinF_VGC has 210 seconds left.\n|\n|t:|1699414027\n|switch|p2a: Arcanine|Arcanine-Hisui, F|100\/100\n|-damage|p2a: Arcanine|76\/100|[from] Stealth Rock\n|turn|15\n|inactive|KevinF_VGC has 210 seconds left.\n|\n|t:|1699414034\n|-terastallize|p2a: Arcanine|Normal\n|move|p2a: Arcanine|Extreme Speed|p1a: Two N'ggas\n|-damage|p1a: Two N'ggas|0 fnt\n|faint|p1a: Two N'ggas\n|-end|p1a: Two N'ggas|Quark Drive|[silent]\n|\n|-weather|SunnyDay|[upkeep]\n|upkeep\n|\n|t:|1699414038\n|switch|p1a: Fuzzwole|Slither Wing|100\/100\n|-damage|p1a: Fuzzwole|88\/100|[from] Stealth Rock\n|-activate|p1a: Fuzzwole|ability: Protosynthesis\n|-start|p1a: Fuzzwole|protosynthesisatk\n|turn|16\n|inactive|KevinF_VGC has 210 seconds left.\n|\n|t:|1699414059\n|switch|p2a: Enamorus|Enamorus, F|82\/100\n|-damage|p2a: Enamorus|57\/100|[from] Stealth Rock\n|move|p1a: Fuzzwole|Leech Life|p2a: Enamorus\n|-resisted|p2a: Enamorus\n|-damage|p2a: Enamorus|21\/100\n|-heal|p1a: Fuzzwole|100\/100|[from] drain|[of] p2a: Enamorus\n|\n|-weather|none\n|-end|p1a: Fuzzwole|Protosynthesis\n|upkeep\n|turn|17\n|inactive|KevinF_VGC has 210 seconds left.\n|\n|t:|1699414071\n|move|p2a: Enamorus|Moonblast|p1a: Fuzzwole\n|-supereffective|p1a: Fuzzwole\n|-crit|p1a: Fuzzwole\n|-damage|p1a: Fuzzwole|0 fnt\n|faint|p1a: Fuzzwole\n|-end|p1a: Fuzzwole|Protosynthesis|[silent]\n|\n|upkeep\n|\n|t:|1699414076\n|switch|p1a: Die-angle Offense|Roaring Moon|46\/100\n|-damage|p1a: Die-angle Offense|34\/100|[from] Stealth Rock\n|turn|18\n|\n|t:|1699414081\n|move|p1a: Die-angle Offense|Iron Head|p2a: Enamorus\n|-supereffective|p2a: Enamorus\n|-damage|p2a: Enamorus|0 fnt\n|faint|p2a: Enamorus\n|-damage|p1a: Die-angle Offense|24\/100|[from] item: Life Orb\n|\n|upkeep\n|\n|t:|1699414087\n|switch|p2a: Breloom|Breloom, F|94\/100\n|-damage|p2a: Breloom|88\/100|[from] Stealth Rock\n|turn|19\n|\n|t:|1699414091\n|move|p2a: Breloom|Mach Punch|p1a: Die-angle Offense\n|-supereffective|p1a: Die-angle Offense\n|-damage|p1a: Die-angle Offense|0 fnt\n|faint|p1a: Die-angle Offense\n|-end|p1a: Die-angle Offense|Protosynthesis|[silent]\n|\n|win|KevinF_VGC\n","uploadtime":1699414101,"views":11,"p1id":"cteworld","p2id":"kevinfvgc","formatid":"gen9ubers","rating":0,"private":0,"password":""}