{"id":"gen9ubers-1973786679","p1":"SirSly720312","p2":"Velocitar32","format":"[Gen 9] Ubers","log":"|j|\u2606SirSly720312\n|j|\u2606Velocitar32\n|t:|1698013356\n|gametype|singles\n|player|p1|SirSly720312|waiter-gen4dp|1226\n|player|p2|Velocitar32|hugh|1328\n|teamsize|p1|6\n|teamsize|p2|6\n|gen|9\n|tier|[Gen 9] Ubers\n|rated|\n|rule|Sleep Clause Mod: Limit one foe put to sleep\n|rule|Species Clause: Limit one of each Pok\u00e9mon\n|rule|OHKO Clause: OHKO moves are banned\n|rule|Evasion Items Clause: Evasion items are banned\n|rule|Evasion Moves Clause: Evasion moves are banned\n|rule|Endless Battle Clause: Forcing endless battles is banned\n|rule|HP Percentage Mod: HP is shown in percentages\n|clearpoke\n|poke|p1|Koraidon|\n|poke|p1|Chi-Yu|\n|poke|p1|Ogerpon-Hearthflame, F|\n|poke|p1|Great Tusk|\n|poke|p1|Flutter Mane|\n|poke|p1|Shaymin-Sky|\n|poke|p2|Arceus-Ground|\n|poke|p2|Annihilape, F|\n|poke|p2|Zacian-*|\n|poke|p2|Miraidon|\n|poke|p2|Koraidon|\n|poke|p2|Rayquaza|\n|teampreview\n|\n|t:|1698013364\n|start\n|switch|p1a: Shaymin|Shaymin-Sky|100\/100\n|switch|p2a: Kong|Annihilape, F, shiny|100\/100\n|turn|1\n|\n|t:|1698013370\n|move|p1a: Shaymin|Substitute|p1a: Shaymin\n|-start|p1a: Shaymin|Substitute\n|-damage|p1a: Shaymin|76\/100\n|move|p2a: Kong|Taunt|p1a: Shaymin\n|-start|p1a: Shaymin|move: Taunt\n|\n|-heal|p1a: Shaymin|82\/100|[from] item: Leftovers\n|upkeep\n|turn|2\n|\n|t:|1698013378\n|move|p1a: Shaymin|Air Slash|p2a: Kong\n|-supereffective|p2a: Kong\n|-damage|p2a: Kong|38\/100\n|move|p2a: Kong|Stealth Rock|p1a: Shaymin\n|-sidestart|p1: SirSly720312|move: Stealth Rock\n|\n|-heal|p1a: Shaymin|88\/100|[from] item: Leftovers\n|upkeep\n|turn|3\n|\n|t:|1698013386\n|move|p1a: Shaymin|Air Slash|p2a: Kong\n|-supereffective|p2a: Kong\n|-damage|p2a: Kong|0 fnt\n|faint|p2a: Kong\n|\n|-heal|p1a: Shaymin|94\/100|[from] item: Leftovers\n|upkeep\n|\n|t:|1698013396\n|switch|p2a: Laxus|Miraidon|100\/100\n|-fieldstart|move: Electric Terrain|[from] ability: Hadron Engine|[of] p2a: Laxus\n|turn|4\n|\n|t:|1698013401\n|move|p2a: Laxus|Electro Drift|p1a: Shaymin\n|-end|p1a: Shaymin|Substitute\n|move|p1a: Shaymin|Air Slash|p2a: Laxus\n|-resisted|p2a: Laxus\n|-damage|p2a: Laxus|83\/100\n|\n|-heal|p1a: Shaymin|99\/100|[from] item: Leftovers\n|-end|p1a: Shaymin|move: Taunt\n|upkeep\n|turn|5\n|\n|t:|1698013412\n|move|p2a: Laxus|Electro Drift|p1a: Shaymin\n|-damage|p1a: Shaymin|0 fnt\n|faint|p1a: Shaymin\n|\n|upkeep\n|\n|t:|1698013416\n|switch|p1a: Koraidon|Koraidon|100\/100\n|-damage|p1a: Koraidon|94\/100|[from] Stealth Rock\n|-weather|SunnyDay|[from] ability: Orichalcum Pulse|[of] p1a: Koraidon\n|-activate|p1a: Koraidon|Orichalcum Pulse|[source]\n|turn|6\n|\n|t:|1698013423\n|move|p2a: Laxus|Electro Drift|p1a: Koraidon\n|-resisted|p1a: Koraidon\n|-damage|p1a: Koraidon|40\/100\n|move|p1a: Koraidon|Draco Meteor|p2a: Laxus|[miss]\n|-miss|p1a: Koraidon|p2a: Laxus\n|\n|-weather|SunnyDay|[upkeep]\n|upkeep\n|turn|7\n|\n|t:|1698013432\n|switch|p1a: Great Tusk|Great Tusk|100\/100\n|-activate|p1a: Great Tusk|ability: Protosynthesis\n|-start|p1a: Great Tusk|protosynthesisspe\n|move|p2a: Laxus|Electro Drift|p1a: Great Tusk\n|-immune|p1a: Great Tusk\n|\n|-weather|SunnyDay|[upkeep]\n|upkeep\n|turn|8\n|\n|t:|1698013446\n|switch|p2a: DarkLose|Rayquaza, shiny|100\/100\n|-ability|p2a: DarkLose|Air Lock\n|-end|p1a: Great Tusk|Protosynthesis\n|move|p1a: Great Tusk|Rapid Spin|p2a: DarkLose\n|-damage|p2a: DarkLose|85\/100\n|-boost|p1a: Great Tusk|spe|1\n|-sideend|p1: SirSly720312|Stealth Rock|[from] move: Rapid Spin|[of] p1a: Great Tusk\n|\n|-weather|SunnyDay|[upkeep]\n|-fieldend|move: Electric Terrain\n|upkeep\n|turn|9\n|\n|t:|1698013457\n|move|p1a: Great Tusk|Bulk Up|p1a: Great Tusk\n|-boost|p1a: Great Tusk|atk|1\n|-boost|p1a: Great Tusk|def|1\n|move|p2a: DarkLose|Dragon Ascent|p1a: Great Tusk\n|-supereffective|p1a: Great Tusk\n|-damage|p1a: Great Tusk|44\/100\n|-unboost|p2a: DarkLose|def|1\n|-unboost|p2a: DarkLose|spd|1\n|\n|-weather|SunnyDay|[upkeep]\n|upkeep\n|turn|10\n|\n|t:|1698013472\n|move|p1a: Great Tusk|Bulk Up|p1a: Great Tusk\n|-boost|p1a: Great Tusk|atk|1\n|-boost|p1a: Great Tusk|def|1\n|move|p2a: DarkLose|Dragon Ascent|p1a: Great Tusk\n|-supereffective|p1a: Great Tusk\n|-damage|p1a: Great Tusk|0 fnt\n|-unboost|p2a: DarkLose|def|1\n|-unboost|p2a: DarkLose|spd|1\n|faint|p1a: Great Tusk\n|-end|p1a: Great Tusk|Protosynthesis|[silent]\n|\n|-weather|SunnyDay|[upkeep]\n|upkeep\n|\n|t:|1698013476\n|switch|p1a: Flutter Mane|Flutter Mane|100\/100\n|-enditem|p1a: Flutter Mane|Booster Energy\n|-activate|p1a: Flutter Mane|ability: Protosynthesis|[fromitem]\n|-start|p1a: Flutter Mane|protosynthesisspe\n|turn|11\n|\n|t:|1698013496\n|move|p1a: Flutter Mane|Mystical Fire|p2a: DarkLose\n|-resisted|p2a: DarkLose\n|-damage|p2a: DarkLose|54\/100\n|-unboost|p2a: DarkLose|spa|1\n|move|p2a: DarkLose|Dragon Ascent|p1a: Flutter Mane\n|-damage|p1a: Flutter Mane|0 fnt\n|-unboost|p2a: DarkLose|def|1\n|-unboost|p2a: DarkLose|spd|1\n|faint|p1a: Flutter Mane\n|-end|p1a: Flutter Mane|Protosynthesis|[silent]\n|\n|-weather|SunnyDay|[upkeep]\n|upkeep\n|\n|t:|1698013509\n|switch|p1a: Ogerpon|Ogerpon-Hearthflame, F|100\/100\n|-ability|p1a: Ogerpon|Mold Breaker\n|turn|12\n|\n|t:|1698013523\n|-terastallize|p1a: Ogerpon|Fire\n|detailschange|p1a: Ogerpon|Ogerpon-Hearthflame-Tera, F, tera:Fire\n|-ability|p1a: Ogerpon|Embody Aspect (Hearthflame)|boost\n|-boost|p1a: Ogerpon|atk|1\n|move|p1a: Ogerpon|Knock Off|p2a: DarkLose\n|-damage|p2a: DarkLose|0 fnt\n|faint|p2a: DarkLose\n|\n|-weather|SunnyDay|[upkeep]\n|upkeep\n|\n|t:|1698013533\n|switch|p2a: Dieux|Arceus-Ground, shiny|100\/100\n|turn|13\n|\n|t:|1698013540\n|move|p1a: Ogerpon|Trailblaze|p2a: Dieux\n|-supereffective|p2a: Dieux\n|-damage|p2a: Dieux|31\/100\n|-boost|p1a: Ogerpon|spe|1\n|move|p2a: Dieux|Earthquake|p1a: Ogerpon\n|-supereffective|p1a: Ogerpon\n|-damage|p1a: Ogerpon|0 fnt\n|faint|p1a: Ogerpon\n|\n|-weather|none\n|upkeep\n|\n|t:|1698013546\n|switch|p1a: Koraidon|Koraidon|40\/100\n|-weather|SunnyDay|[from] ability: Orichalcum Pulse|[of] p1a: Koraidon\n|-activate|p1a: Koraidon|Orichalcum Pulse|[source]\n|turn|14\n|\n|t:|1698013556\n|move|p1a: Koraidon|Drain Punch|p2a: Dieux\n|-damage|p2a: Dieux|0 fnt\n|-heal|p1a: Koraidon|58\/100|[from] drain|[of] p2a: Dieux\n|faint|p2a: Dieux\n|\n|-weather|SunnyDay|[upkeep]\n|upkeep\n|\n|t:|1698013563\n|switch|p2a: Salamander|Koraidon|100\/100\n|-activate|p2a: Salamander|ability: Orichalcum Pulse\n|turn|15\n|\n|t:|1698013570\n|-terastallize|p2a: Salamander|Fire\n|move|p1a: Koraidon|Draco Meteor|p2a: Salamander\n|-damage|p2a: Salamander|61\/100\n|-unboost|p1a: Koraidon|spa|2\n|move|p2a: Salamander|Dragon Claw|p1a: Koraidon\n|-supereffective|p1a: Koraidon\n|-damage|p1a: Koraidon|0 fnt\n|faint|p1a: Koraidon\n|\n|-weather|SunnyDay|[upkeep]\n|-heal|p2a: Salamander|67\/100|[from] item: Leftovers\n|upkeep\n|\n|t:|1698013576\n|switch|p1a: Chi-Yu|Chi-Yu|100\/100\n|-ability|p1a: Chi-Yu|Beads of Ruin\n|turn|16\n|\n|t:|1698013589\n|move|p1a: Chi-Yu|Psychic|p2a: Salamander\n|-damage|p2a: Salamander|22\/100\n|move|p2a: Salamander|Collision Course|p1a: Chi-Yu\n|-supereffective|p1a: Chi-Yu\n|-crit|p1a: Chi-Yu\n|-damage|p1a: Chi-Yu|0 fnt\n|faint|p1a: Chi-Yu\n|\n|win|Velocitar32\n|raw|SirSly720312's rating: 1226 &rarr; <strong>1208<\/strong><br \/>(-18 for losing)\n|raw|Velocitar32's rating: 1328 &rarr; <strong>1342<\/strong><br \/>(+14 for winning)\n|l|\u2606SirSly720312\n","uploadtime":1698013611,"views":12,"p1id":"sirsly720312","p2id":"velocitar32","formatid":"gen9ubers","rating":1208,"private":0,"password":""}