{"id":"gen9ubers-1995594431","p1":"sdgsdfsdfsdf","p2":"mrbadd","format":"[Gen 9] Ubers","log":"|j|\u2606sdgsdfsdfsdf\n|j|\u2606mrbadd\n|t:|1700585876\n|gametype|singles\n|player|p1|sdgsdfsdfsdf|266|1242\n|player|p2|mrbadd|rocker-gen1rb|1360\n|teamsize|p1|6\n|teamsize|p2|6\n|gen|9\n|tier|[Gen 9] Ubers\n|rated|\n|rule|Sleep Clause Mod: Limit one foe put to sleep\n|rule|Species Clause: Limit one of each Pok\u00e9mon\n|rule|OHKO Clause: OHKO moves are banned\n|rule|Evasion Items Clause: Evasion items are banned\n|rule|Evasion Moves Clause: Evasion moves are banned\n|rule|Endless Battle Clause: Forcing endless battles is banned\n|rule|HP Percentage Mod: HP is shown in percentages\n|clearpoke\n|poke|p1|Ogerpon-Hearthflame, F|\n|poke|p1|Eternatus|\n|poke|p1|Giratina-Origin|\n|poke|p1|Ditto|\n|poke|p1|Gholdengo|\n|poke|p1|Ting-Lu|\n|poke|p2|Zacian-*|\n|poke|p2|Flutter Mane|\n|poke|p2|Groudon|\n|poke|p2|Kyogre|\n|poke|p2|Toxapex, F|\n|poke|p2|Koraidon|\n|teampreview\n|\n|t:|1700585891\n|start\n|switch|p1a: Ditto|Ditto|100\/100\n|switch|p2a: Pink Floyd|Kyogre, shiny|100\/100\n|-weather|RainDance|[from] ability: Drizzle|[of] p2a: Pink Floyd\n|-transform|p1a: Ditto|p2a: Pink Floyd|[from] ability: Imposter\n|turn|1\n|\n|t:|1700585907\n|switch|p1a: Eternatus|Eternatus|100\/100\n|-ability|p1a: Eternatus|Pressure\n|move|p2a: Pink Floyd|Thunder|p1a: Eternatus\n|-resisted|p1a: Eternatus\n|-damage|p1a: Eternatus|76\/100\n|\n|-weather|RainDance|[upkeep]\n|-heal|p1a: Eternatus|82\/100|[from] item: Leftovers\n|upkeep\n|turn|2\n|j| This-Fcucking-Guy\n|\n|t:|1700585919\n|switch|p2a: Heroin|Toxapex, F, shiny|100\/100\n|move|p1a: Eternatus|Cosmic Power|p1a: Eternatus\n|-boost|p1a: Eternatus|def|1\n|-boost|p1a: Eternatus|spd|1\n|\n|-weather|RainDance|[upkeep]\n|-heal|p1a: Eternatus|88\/100|[from] item: Leftovers\n|upkeep\n|turn|3\n|\n|t:|1700585928\n|move|p1a: Eternatus|Toxic Spikes|p2a: Heroin\n|-sidestart|p2: mrbadd|move: Toxic Spikes\n|move|p2a: Heroin|Haze|p2a: Heroin\n|-clearallboost\n|\n|-weather|RainDance|[upkeep]\n|-heal|p1a: Eternatus|94\/100|[from] item: Leftovers\n|upkeep\n|turn|4\n|\n|t:|1700585937\n|move|p1a: Eternatus|Cosmic Power|p1a: Eternatus\n|-boost|p1a: Eternatus|def|1\n|-boost|p1a: Eternatus|spd|1\n|move|p2a: Heroin|Toxic Spikes|p1a: Eternatus\n|-sidestart|p1: sdgsdfsdfsdf|move: Toxic Spikes\n|\n|-weather|RainDance|[upkeep]\n|-heal|p1a: Eternatus|100\/100|[from] item: Leftovers\n|upkeep\n|turn|5\n|\n|t:|1700585946\n|move|p2a: Heroin|Toxic Spikes|p1a: Eternatus\n|-sidestart|p1: sdgsdfsdfsdf|move: Toxic Spikes\n|move|p1a: Eternatus|Dragon Tail|p2a: Heroin\n|-damage|p2a: Heroin|90\/100\n|drag|p2a: Lapu-Lapu|Koraidon|100\/100\n|-status|p2a: Lapu-Lapu|psn\n|-weather|SunnyDay|[from] ability: Orichalcum Pulse|[of] p2a: Lapu-Lapu\n|-activate|p2a: Lapu-Lapu|Orichalcum Pulse|[source]\n|\n|-weather|SunnyDay|[upkeep]\n|-damage|p2a: Lapu-Lapu|88\/100 psn|[from] psn\n|upkeep\n|turn|6\n|\n|t:|1700585958\n|move|p2a: Lapu-Lapu|U-turn|p1a: Eternatus\n|-resisted|p1a: Eternatus\n|-damage|p1a: Eternatus|92\/100\n|\n|t:|1700585962\n|switch|p2a: Heroin|Toxapex, F, shiny|100\/100|[from] U-turn\n|-sideend|p2: mrbadd|move: Toxic Spikes|[of] p2a: Heroin\n|move|p1a: Eternatus|Dragon Tail|p2a: Heroin|[miss]\n|-miss|p1a: Eternatus|p2a: Heroin\n|\n|-weather|SunnyDay|[upkeep]\n|-heal|p1a: Eternatus|98\/100|[from] item: Leftovers\n|upkeep\n|turn|7\n|\n|t:|1700585971\n|move|p1a: Eternatus|Toxic Spikes|p2a: Heroin\n|-sidestart|p2: mrbadd|move: Toxic Spikes\n|move|p2a: Heroin|Haze|p2a: Heroin\n|-clearallboost\n|\n|-weather|SunnyDay|[upkeep]\n|-heal|p1a: Eternatus|100\/100|[from] item: Leftovers\n|upkeep\n|turn|8\n|\n|t:|1700585979\n|switch|p1a: Giratina|Giratina-Origin|100\/100\n|switch|p2a: Voodoo Chile|Flutter Mane, shiny|100\/100\n|-activate|p2a: Voodoo Chile|ability: Protosynthesis\n|-start|p2a: Voodoo Chile|protosynthesisspe\n|\n|-weather|SunnyDay|[upkeep]\n|upkeep\n|turn|9\n|inactive|Battle timer is ON: inactive players will automatically lose when time's up. (requested by mrbadd)\n|\n|t:|1700586013\n|switch|p1a: Eternatus|Eternatus|100\/100\n|-sideend|p1: sdgsdfsdfsdf|move: Toxic Spikes|[of] p1a: Eternatus\n|-ability|p1a: Eternatus|Pressure\n|move|p2a: Voodoo Chile|Shadow Ball|p1a: Eternatus\n|-damage|p1a: Eternatus|67\/100\n|\n|-weather|none\n|-end|p2a: Voodoo Chile|Protosynthesis\n|-heal|p1a: Eternatus|74\/100|[from] item: Leftovers\n|upkeep\n|turn|10\n|\n|t:|1700586026\n|move|p2a: Voodoo Chile|Taunt|p1a: Eternatus\n|-start|p1a: Eternatus|move: Taunt\n|cant|p1a: Eternatus|move: Taunt|Cosmic Power\n|\n|-heal|p1a: Eternatus|80\/100|[from] item: Leftovers\n|upkeep\n|turn|11\n|\n|t:|1700586034\n|switch|p1a: Ting-Lu|Ting-Lu|100\/100\n|-ability|p1a: Ting-Lu|Vessel of Ruin\n|move|p2a: Voodoo Chile|Calm Mind|p2a: Voodoo Chile\n|-boost|p2a: Voodoo Chile|spa|1\n|-boost|p2a: Voodoo Chile|spd|1\n|\n|upkeep\n|turn|12\n|\n|t:|1700586042\n|move|p2a: Voodoo Chile|Moonblast|p1a: Ting-Lu\n|-supereffective|p1a: Ting-Lu\n|-damage|p1a: Ting-Lu|15\/100\n|-unboost|p1a: Ting-Lu|spa|1\n|move|p1a: Ting-Lu|Earthquake|p2a: Voodoo Chile\n|-damage|p2a: Voodoo Chile|19\/100\n|\n|-heal|p1a: Ting-Lu|22\/100|[from] item: Leftovers\n|upkeep\n|turn|13\n|\n|t:|1700586052\n|move|p2a: Voodoo Chile|Moonblast|p1a: Ting-Lu\n|-supereffective|p1a: Ting-Lu\n|-damage|p1a: Ting-Lu|0 fnt\n|faint|p1a: Ting-Lu\n|\n|upkeep\n|\n|t:|1700586054\n|switch|p1a: Ditto|Ditto|100\/100\n|-transform|p1a: Ditto|p2a: Voodoo Chile|[from] ability: Imposter\n|turn|14\n|\n|t:|1700586063\n|-end|p2a: Voodoo Chile|Protosynthesis|[silent]\n|switch|p2a: Heroin|Toxapex, F, shiny|100\/100\n|-sideend|p2: mrbadd|move: Toxic Spikes|[of] p2a: Heroin\n|move|p1a: Ditto|Shadow Ball|p2a: Heroin\n|-damage|p2a: Heroin|50\/100\n|\n|-heal|p2a: Heroin|56\/100|[from] item: Black Sludge\n|upkeep\n|turn|15\n|\n|t:|1700586071\n|move|p1a: Ditto|Shadow Ball|p2a: Heroin\n|-damage|p2a: Heroin|0 fnt\n|faint|p2a: Heroin\n|\n|upkeep\n|\n|t:|1700586077\n|switch|p2a: Wilfred|Zacian-Crowned|100\/100\n|-ability|p2a: Wilfred|Intrepid Sword|boost\n|-boost|p2a: Wilfred|atk|1\n|turn|16\n|\n|t:|1700586087\n|-end|p1a: Ditto|Protosynthesis|[silent]\n|switch|p1a: Eternatus|Eternatus|80\/100\n|-ability|p1a: Eternatus|Pressure\n|move|p2a: Wilfred|Behemoth Blade|p1a: Eternatus\n|-damage|p1a: Eternatus|19\/100\n|\n|-heal|p1a: Eternatus|25\/100|[from] item: Leftovers\n|upkeep\n|turn|17\n|\n|t:|1700586096\n|move|p2a: Wilfred|Behemoth Blade|p1a: Eternatus\n|-damage|p1a: Eternatus|0 fnt\n|faint|p1a: Eternatus\n|\n|upkeep\n|\n|t:|1700586102\n|switch|p1a: Gholdengo|Gholdengo|100\/100\n|turn|18\n|\n|t:|1700586128\n|move|p2a: Wilfred|Wild Charge|p1a: Gholdengo\n|-damage|p1a: Gholdengo|68\/100\n|-damage|p2a: Wilfred|91\/100|[from] Recoil\n|move|p1a: Gholdengo|Trick||[still]\n|-fail|p1a: Gholdengo\n|\n|upkeep\n|turn|19\n|\n|t:|1700586142\n|switch|p1a: Ogerpon|Ogerpon-Hearthflame, F|100\/100\n|-ability|p1a: Ogerpon|Mold Breaker\n|move|p2a: Wilfred|Behemoth Blade|p1a: Ogerpon\n|-resisted|p1a: Ogerpon\n|-damage|p1a: Ogerpon|49\/100\n|\n|upkeep\n|turn|20\n|\n|t:|1700586151\n|move|p2a: Wilfred|Behemoth Blade|p1a: Ogerpon\n|-resisted|p1a: Ogerpon\n|-damage|p1a: Ogerpon|0 fnt\n|faint|p1a: Ogerpon\n|\n|upkeep\n|\n|t:|1700586160\n|switch|p1a: Ditto|Ditto|100\/100\n|-transform|p1a: Ditto|p2a: Wilfred|[from] ability: Imposter\n|-ability|p1a: Ditto|Intrepid Sword|boost\n|-boost|p1a: Ditto|atk|1\n|turn|21\n|\n|t:|1700586168\n|-terastallize|p2a: Wilfred|Steel\n|move|p1a: Ditto|Behemoth Blade|p2a: Wilfred\n|-resisted|p2a: Wilfred\n|-damage|p2a: Wilfred|40\/100\n|move|p2a: Wilfred|Behemoth Blade|p1a: Ditto\n|-damage|p1a: Ditto|0 fnt\n|faint|p1a: Ditto\n|\n|upkeep\n|-message|sdgsdfsdfsdf forfeited.\n|\n|win|mrbadd\n|raw|sdgsdfsdfsdf's rating: 1242 &rarr; <strong>1225<\/strong><br \/>(-17 for losing)\n|raw|mrbadd's rating: 1360 &rarr; <strong>1373<\/strong><br \/>(+13 for winning)\n|l|\u2606sdgsdfsdfsdf\n","uploadtime":1700586183,"views":1,"p1id":"sdgsdfsdfsdf","p2id":"mrbadd","formatid":"gen9ubers","rating":1225,"private":0,"password":""}