{"id":"gen9ubers-1995125646","p1":"Coronator420","p2":"koodagameplay","format":"[Gen 9] Ubers","log":"|j|\u2606Coronator420\n|j|\u2606koodagameplay\n|t:|1700525392\n|gametype|singles\n|player|p1|Coronator420|linebacker|1000\n|player|p2|koodagameplay|pokemonbreederf-gen4|1000\n|teamsize|p1|6\n|teamsize|p2|6\n|gen|9\n|tier|[Gen 9] Ubers\n|rated|\n|rule|Sleep Clause Mod: Limit one foe put to sleep\n|rule|Species Clause: Limit one of each Pok\u00e9mon\n|rule|OHKO Clause: OHKO moves are banned\n|rule|Evasion Items Clause: Evasion items are banned\n|rule|Evasion Moves Clause: Evasion moves are banned\n|rule|Endless Battle Clause: Forcing endless battles is banned\n|rule|HP Percentage Mod: HP is shown in percentages\n|clearpoke\n|poke|p1|Urshifu-*, F|\n|poke|p1|Clefable, F|\n|poke|p1|Rillaboom, M|\n|poke|p1|Chi-Yu|\n|poke|p1|Darkrai|\n|poke|p1|Kingambit, F|\n|poke|p2|Pelipper, M|\n|poke|p2|Palafin, F|\n|poke|p2|Hatterene, F|\n|poke|p2|Iron Treads|\n|poke|p2|Iron Bundle|\n|poke|p2|Miraidon|\n|teampreview\n|inactive|Battle timer is ON: inactive players will automatically lose when time's up. (requested by koodagameplay)\n|\n|t:|1700525414\n|start\n|switch|p1a: Urshifu|Urshifu, F|100\/100\n|switch|p2a: Pelipper|Pelipper, M|100\/100\n|-weather|RainDance|[from] ability: Drizzle|[of] p2a: Pelipper\n|turn|1\n|\n|t:|1700525425\n|-singleturn|p1a: Urshifu|move: Focus Punch\n|move|p2a: Pelipper|Tailwind|p2a: Pelipper\n|-sidestart|p2: koodagameplay|move: Tailwind\n|move|p1a: Urshifu|Focus Punch|p2a: Pelipper\n|-resisted|p2a: Pelipper\n|-damage|p2a: Pelipper|73\/100\n|\n|-weather|RainDance|[upkeep]\n|upkeep\n|turn|2\n|\n|t:|1700525436\n|move|p2a: Pelipper|U-turn|p1a: Urshifu\n|-damage|p1a: Urshifu|93\/100\n|\n|t:|1700525460\n|switch|p2a: Miraidon|Miraidon|100\/100|[from] U-turn\n|-fieldstart|move: Electric Terrain|[from] ability: Hadron Engine|[of] p2a: Miraidon\n|move|p1a: Urshifu|Dark Pulse|p2a: Miraidon\n|-damage|p2a: Miraidon|81\/100\n|\n|-weather|RainDance|[upkeep]\n|upkeep\n|turn|3\n|\n|t:|1700525482\n|-singleturn|p1a: Urshifu|move: Focus Punch\n|move|p2a: Miraidon|Dazzling Gleam|p1a: Urshifu\n|-supereffective|p1a: Urshifu\n|-damage|p1a: Urshifu|0 fnt\n|faint|p1a: Urshifu\n|\n|-weather|RainDance|[upkeep]\n|upkeep\n|\n|t:|1700525491\n|switch|p1a: Clefable|Clefable, F|100\/100\n|turn|4\n|\n|t:|1700525506\n|switch|p2a: Hatterene|Hatterene, F|100\/100\n|move|p1a: Clefable|Draining Kiss|p2a: Hatterene\n|-damage|p2a: Hatterene|77\/100\n|-enditem|p2a: Hatterene|Eject Button\n|\n|t:|1700525529\n|switch|p2a: Palafin|Palafin, F|100\/100\n|\n|-weather|RainDance|[upkeep]\n|-sideend|p2: koodagameplay|move: Tailwind\n|upkeep\n|turn|5\n|\n|t:|1700525540\n|move|p2a: Palafin|Flip Turn|p1a: Clefable\n|-damage|p1a: Clefable|41\/100\n|inactive|koodagameplay has 120 seconds left.\n|\n|t:|1700525556\n|detailschange|p2a: Palafin|Palafin-Hero, F\n|switch|p2a: Iron Treads|Iron Treads|100\/100|[from] Flip Turn\n|-activate|p2a: Iron Treads|ability: Quark Drive\n|-start|p2a: Iron Treads|quarkdrivedef\n|move|p1a: Clefable|Draining Kiss|p2a: Iron Treads\n|-resisted|p2a: Iron Treads\n|-damage|p2a: Iron Treads|95\/100\n|-heal|p1a: Clefable|45\/100|[from] drain|[of] p2a: Iron Treads\n|\n|-weather|RainDance|[upkeep]\n|upkeep\n|turn|6\n|inactive|koodagameplay has 120 seconds left.\n|\n|t:|1700525573\n|switch|p1a: Rillaboom|Rillaboom, M, shiny|100\/100\n|move|p2a: Iron Treads|Earthquake|p1a: Rillaboom\n|-resisted|p1a: Rillaboom\n|-damage|p1a: Rillaboom|81\/100\n|\n|-weather|RainDance|[upkeep]\n|-fieldend|move: Electric Terrain\n|-end|p2a: Iron Treads|Quark Drive\n|upkeep\n|turn|7\n|inactive|koodagameplay has 120 seconds left.\n|\n|t:|1700525601\n|move|p1a: Rillaboom|Drum Beating|p2a: Iron Treads\n|-crit|p2a: Iron Treads\n|-damage|p2a: Iron Treads|58\/100\n|-unboost|p2a: Iron Treads|spe|1\n|move|p2a: Iron Treads|Knock Off|p1a: Rillaboom\n|-damage|p1a: Rillaboom|56\/100\n|-enditem|p1a: Rillaboom|Grassy Seed|[from] move: Knock Off|[of] p2a: Iron Treads\n|\n|-weather|RainDance|[upkeep]\n|upkeep\n|turn|8\n|\n|t:|1700525619\n|-end|p2a: Iron Treads|Quark Drive|[silent]\n|switch|p2a: Hatterene|Hatterene, F|77\/100\n|move|p1a: Rillaboom|Grassy Glide|p2a: Hatterene\n|-damage|p2a: Hatterene|60\/100\n|\n|-weather|none\n|upkeep\n|turn|9\n|\n|t:|1700525638\n|switch|p1a: Chi-Yu|Chi-Yu|100\/100\n|-ability|p1a: Chi-Yu|Beads of Ruin\n|move|p2a: Hatterene|Healing Wish|p2a: Hatterene\n|faint|p2a: Hatterene\n|\n|upkeep\n|\n|t:|1700525647\n|switch|p2a: Pelipper|Pelipper, M|73\/100\n|-heal|p2a: Pelipper|100\/100|[from] move: Healing Wish\n|-weather|RainDance|[from] ability: Drizzle|[of] p2a: Pelipper\n|turn|10\n|\n|t:|1700525655\n|move|p1a: Chi-Yu|Burning Jealousy|p2a: Pelipper\n|-resisted|p2a: Pelipper\n|-damage|p2a: Pelipper|81\/100\n|move|p2a: Pelipper|Surf|p1a: Chi-Yu\n|-supereffective|p1a: Chi-Yu\n|-damage|p1a: Chi-Yu|0 fnt\n|faint|p1a: Chi-Yu\n|\n|-weather|RainDance|[upkeep]\n|upkeep\n|\n|t:|1700525665\n|switch|p1a: Darkrai|Darkrai|100\/100\n|turn|11\n|\n|t:|1700525671\n|move|p1a: Darkrai|Hypnosis|p2a: Pelipper\n|-status|p2a: Pelipper|slp|[from] move: Hypnosis\n|cant|p2a: Pelipper|slp\n|\n|-weather|RainDance|[upkeep]\n|-damage|p2a: Pelipper|69\/100 slp|[from] ability: Bad Dreams|[of] p1a: Darkrai\n|upkeep\n|turn|12\n|inactive|koodagameplay has 120 seconds left.\n|\n|t:|1700525678\n|move|p1a: Darkrai|Dream Eater|p2a: Pelipper\n|-damage|p2a: Pelipper|14\/100 slp\n|-curestatus|p2a: Pelipper|slp|[msg]\n|move|p2a: Pelipper|Tailwind|p2a: Pelipper\n|-sidestart|p2: koodagameplay|move: Tailwind\n|\n|-weather|RainDance|[upkeep]\n|upkeep\n|turn|13\n|\n|t:|1700525705\n|move|p1a: Darkrai|Dark Pulse|p2a: Pelipper\n|-damage|p2a: Pelipper|0 fnt\n|faint|p2a: Pelipper\n|\n|-weather|RainDance|[upkeep]\n|upkeep\n|\n|t:|1700525713\n|switch|p2a: Palafin|Palafin-Hero, F|100\/100\n|-activate|p2a: Palafin|ability: Zero to Hero\n|turn|14\n|\n|t:|1700525725\n|move|p2a: Palafin|Jet Punch|p1a: Darkrai\n|-damage|p1a: Darkrai|0 fnt\n|faint|p1a: Darkrai\n|\n|-weather|RainDance|[upkeep]\n|upkeep\n|\n|t:|1700525734\n|switch|p1a: Clefable|Clefable, F|45\/100\n|turn|15\n|\n|t:|1700525741\n|move|p2a: Palafin|Jet Punch|p1a: Clefable\n|-damage|p1a: Clefable|0 fnt\n|faint|p1a: Clefable\n|\n|-weather|RainDance|[upkeep]\n|-sideend|p2: koodagameplay|move: Tailwind\n|upkeep\n|\n|t:|1700525744\n|switch|p1a: Rillaboom|Rillaboom, M, shiny|56\/100\n|turn|16\n|\n|t:|1700525755\n|switch|p2a: Iron Treads|Iron Treads|58\/100\n|move|p1a: Rillaboom|Drum Beating|p2a: Iron Treads\n|-damage|p2a: Iron Treads|33\/100\n|-unboost|p2a: Iron Treads|spe|1\n|\n|-weather|RainDance|[upkeep]\n|upkeep\n|turn|17\n|\n|t:|1700525768\n|move|p1a: Rillaboom|Energy Ball|p2a: Iron Treads\n|-damage|p2a: Iron Treads|16\/100\n|move|p2a: Iron Treads|Knock Off|p1a: Rillaboom\n|-damage|p1a: Rillaboom|39\/100\n|\n|-weather|none\n|upkeep\n|turn|18\n|\n|t:|1700525778\n|move|p1a: Rillaboom|Energy Ball|p2a: Iron Treads\n|-damage|p2a: Iron Treads|0 fnt\n|faint|p2a: Iron Treads\n|-end|p2a: Iron Treads|Quark Drive|[silent]\n|\n|upkeep\n|\n|t:|1700525790\n|switch|p2a: Iron Bundle|Iron Bundle|100\/100\n|turn|19\n|\n|t:|1700525802\n|-terastallize|p2a: Iron Bundle|Ice\n|move|p2a: Iron Bundle|Ice Beam|p1a: Rillaboom\n|-supereffective|p1a: Rillaboom\n|-damage|p1a: Rillaboom|0 fnt\n|faint|p1a: Rillaboom\n|\n|upkeep\n|\n|t:|1700525807\n|switch|p1a: Kingambit|Kingambit, F|100\/100\n|-activate|p1a: Kingambit|ability: Supreme Overlord\n|-start|p1a: Kingambit|fallen5|[silent]\n|turn|20\n|\n|t:|1700525816\n|move|p1a: Kingambit|Sucker Punch|p2a: Iron Bundle\n|-damage|p2a: Iron Bundle|23\/100\n|move|p2a: Iron Bundle|Hydro Pump|p1a: Kingambit\n|-damage|p1a: Kingambit|48\/100\n|\n|upkeep\n|turn|21\n|\n|t:|1700525822\n|move|p1a: Kingambit|Sucker Punch|p2a: Iron Bundle\n|-damage|p2a: Iron Bundle|0 fnt\n|faint|p2a: Iron Bundle\n|-end|p2a: Iron Bundle|Quark Drive|[silent]\n|\n|upkeep\n|\n|t:|1700525826\n|switch|p2a: Miraidon|Miraidon|81\/100\n|-fieldstart|move: Electric Terrain|[from] ability: Hadron Engine|[of] p2a: Miraidon\n|turn|22\n|\n|t:|1700525832\n|move|p2a: Miraidon|Electro Drift|p1a: Kingambit\n|-damage|p1a: Kingambit|0 fnt\n|faint|p1a: Kingambit\n|-end|p1a: Kingambit|fallen5|[silent]\n|\n|win|koodagameplay\n|raw|Coronator420's rating: 1000 &rarr; <strong>1000<\/strong><br \/>(+0 for losing)\n|raw|koodagameplay's rating: 1000 &rarr; <strong>1040<\/strong><br \/>(+40 for winning)\n|l|\u2606Coronator420\n|c|\u2606koodagameplay|gg\n|j| Veinelso\n|l| Veinelso\n","uploadtime":1700525996,"views":2,"p1id":"coronator420","p2id":"koodagameplay","formatid":"gen9ubers","rating":1000,"private":0,"password":""}