{"id":"gen9ubers-1971506066","p1":"Caldiniho","p2":"This December","format":"[Gen 9] Ubers","log":"|j|\u2606Caldiniho\n|j|\u2606This December\n|t:|1697743866\n|gametype|singles\n|player|p1|Caldiniho|acetrainer-gen4|1017\n|player|p2|This December|mallow-masters|1000\n|teamsize|p1|6\n|teamsize|p2|6\n|gen|9\n|tier|[Gen 9] Ubers\n|rated|\n|rule|Sleep Clause Mod: Limit one foe put to sleep\n|rule|Species Clause: Limit one of each Pok\u00e9mon\n|rule|OHKO Clause: OHKO moves are banned\n|rule|Evasion Items Clause: Evasion items are banned\n|rule|Evasion Moves Clause: Evasion moves are banned\n|rule|Endless Battle Clause: Forcing endless battles is banned\n|rule|HP Percentage Mod: HP is shown in percentages\n|clearpoke\n|poke|p1|Chien-Pao|\n|poke|p1|Gholdengo|\n|poke|p1|Tyranitar, M|\n|poke|p1|Quaquaval, F|\n|poke|p1|Amoonguss, M|\n|poke|p1|Iron Treads|\n|poke|p2|Chien-Pao|\n|poke|p2|Miraidon|\n|poke|p2|Corviknight, M|\n|poke|p2|Skeledirge, M|\n|poke|p2|Arceus-Ground|\n|poke|p2|Zacian-*|\n|teampreview\n|c|\u2606This December|hf\n|inactive|Battle timer is ON: inactive players will automatically lose when time's up. (requested by Caldiniho)\n|c|\u2606Caldiniho|im new to this lol take it easy on me\n|c|\u2606This December|alr\n|\n|t:|1697743893\n|start\n|switch|p1a: Iron Treads|Iron Treads|100\/100\n|switch|p2a: Chien-Pao|Chien-Pao|100\/100\n|-ability|p2a: Chien-Pao|Sword of Ruin\n|turn|1\n|c|\u2606This December|ive never played this tier before so its even game ig\n|inactive|This December has 120 seconds left.\n|\n|t:|1697743927\n|switch|p2a: Arceus|Arceus-Ground|100\/100\n|move|p1a: Iron Treads|Stealth Rock|p2a: Arceus\n|-sidestart|p2: This December|move: Stealth Rock\n|\n|upkeep\n|turn|2\n|\n|t:|1697743944\n|move|p2a: Arceus|Judgment|p1a: Iron Treads\n|-supereffective|p1a: Iron Treads\n|-damage|p1a: Iron Treads|0 fnt\n|faint|p1a: Iron Treads\n|-end|p1a: Iron Treads|Quark Drive|[silent]\n|\n|upkeep\n|\n|t:|1697743949\n|switch|p1a: Quaquaval|Quaquaval, F|100\/100\n|turn|3\n|\n|t:|1697743963\n|-terastallize|p2a: Arceus|Water\n|move|p2a: Arceus|Judgment|p1a: Quaquaval\n|-damage|p1a: Quaquaval|42\/100\n|move|p1a: Quaquaval|Bulk Up|p1a: Quaquaval\n|-boost|p1a: Quaquaval|atk|1\n|-boost|p1a: Quaquaval|def|1\n|\n|upkeep\n|turn|4\n|\n|t:|1697743972\n|-terastallize|p1a: Quaquaval|Water\n|move|p2a: Arceus|Judgment|p1a: Quaquaval\n|-damage|p1a: Quaquaval|0 fnt\n|faint|p1a: Quaquaval\n|\n|upkeep\n|\n|t:|1697743980\n|switch|p1a: Amoonguss|Amoonguss, M|100\/100\n|turn|5\n|\n|t:|1697743993\n|switch|p2a: Corviknight|Corviknight, M|100\/100\n|-damage|p2a: Corviknight|88\/100|[from] Stealth Rock\n|-ability|p2a: Corviknight|Pressure\n|move|p1a: Amoonguss|Toxic|p2a: Corviknight\n|-immune|p2a: Corviknight\n|\n|-heal|p2a: Corviknight|94\/100|[from] item: Leftovers\n|upkeep\n|turn|6\n|\n|t:|1697744003\n|move|p2a: Corviknight|U-turn|p1a: Amoonguss\n|-damage|p1a: Amoonguss|89\/100\n|\n|t:|1697744008\n|switch|p2a: Miraidon|Miraidon|100\/100|[from] U-turn\n|-fieldstart|move: Electric Terrain|[from] ability: Hadron Engine|[of] p2a: Miraidon\n|move|p1a: Amoonguss|Giga Drain|p2a: Miraidon\n|-resisted|p2a: Miraidon\n|-damage|p2a: Miraidon|91\/100\n|-heal|p1a: Amoonguss|93\/100|[from] drain|[of] p2a: Miraidon\n|\n|-heal|p1a: Amoonguss|99\/100|[from] item: Black Sludge\n|upkeep\n|turn|7\n|\n|t:|1697744018\n|move|p2a: Miraidon|Electro Drift|p1a: Amoonguss\n|-resisted|p1a: Amoonguss\n|-damage|p1a: Amoonguss|54\/100\n|move|p1a: Amoonguss|Toxic|p2a: Miraidon\n|-status|p2a: Miraidon|tox\n|\n|-heal|p1a: Amoonguss|60\/100|[from] item: Black Sludge\n|-damage|p2a: Miraidon|85\/100 tox|[from] psn\n|upkeep\n|turn|8\n|\n|t:|1697744027\n|move|p2a: Miraidon|Draco Meteor|p1a: Amoonguss\n|-damage|p1a: Amoonguss|0 fnt\n|-unboost|p2a: Miraidon|spa|2\n|faint|p1a: Amoonguss\n|\n|-damage|p2a: Miraidon|72\/100 tox|[from] psn\n|upkeep\n|\n|t:|1697744036\n|switch|p1a: Gholdengo|Gholdengo, shiny|100\/100\n|turn|9\n|\n|t:|1697744041\n|move|p2a: Miraidon|U-turn|p1a: Gholdengo\n|-resisted|p1a: Gholdengo\n|-damage|p1a: Gholdengo|97\/100\n|\n|t:|1697744061\n|switch|p2a: Arceus|Arceus-Ground, tera:Water|100\/100|[from] U-turn\n|-damage|p2a: Arceus|88\/100|[from] Stealth Rock\n|move|p1a: Gholdengo|Nasty Plot|p1a: Gholdengo\n|-boost|p1a: Gholdengo|spa|2\n|\n|-heal|p1a: Gholdengo|100\/100|[from] item: Leftovers\n|upkeep\n|turn|10\n|\n|t:|1697744069\n|move|p2a: Arceus|Judgment|p1a: Gholdengo\n|-supereffective|p1a: Gholdengo\n|-damage|p1a: Gholdengo|10\/100\n|move|p1a: Gholdengo|Make It Rain|p2a: Arceus\n|-resisted|p2a: Arceus\n|-damage|p2a: Arceus|41\/100\n|-unboost|p1a: Gholdengo|spa|1\n|\n|-heal|p1a: Gholdengo|16\/100|[from] item: Leftovers\n|-fieldend|move: Electric Terrain\n|upkeep\n|turn|11\n|\n|t:|1697744081\n|move|p2a: Arceus|Recover|p2a: Arceus\n|-heal|p2a: Arceus|91\/100\n|move|p1a: Gholdengo|Recover|p1a: Gholdengo\n|-heal|p1a: Gholdengo|66\/100\n|\n|-heal|p1a: Gholdengo|72\/100|[from] item: Leftovers\n|upkeep\n|turn|12\n|\n|t:|1697744089\n|move|p2a: Arceus|Judgment|p1a: Gholdengo\n|-supereffective|p1a: Gholdengo\n|-damage|p1a: Gholdengo|0 fnt\n|faint|p1a: Gholdengo\n|\n|upkeep\n|\n|t:|1697744094\n|switch|p1a: Chien-Pao|Chien-Pao|100\/100\n|-ability|p1a: Chien-Pao|Sword of Ruin\n|turn|13\n|\n|t:|1697744109\n|switch|p2a: Zacian|Zacian-Crowned|100\/100\n|-damage|p2a: Zacian|94\/100|[from] Stealth Rock\n|-ability|p2a: Zacian|Intrepid Sword|boost\n|-boost|p2a: Zacian|atk|1\n|move|p1a: Chien-Pao|Sucker Punch||[still]\n|-fail|p1a: Chien-Pao\n|\n|upkeep\n|turn|14\n|\n|t:|1697744118\n|move|p2a: Zacian|Behemoth Blade|p1a: Chien-Pao\n|-supereffective|p1a: Chien-Pao\n|-enditem|p1a: Chien-Pao|Focus Sash\n|-damage|p1a: Chien-Pao|1\/100\n|move|p1a: Chien-Pao|Ice Spinner|p2a: Zacian\n|-resisted|p2a: Zacian\n|-damage|p2a: Zacian|71\/100\n|\n|upkeep\n|turn|15\n|\n|t:|1697744126\n|switch|p1a: Tyranitar|Tyranitar, M|100\/100\n|-weather|Sandstorm|[from] ability: Sand Stream|[of] p1a: Tyranitar\n|move|p2a: Zacian|Behemoth Blade|p1a: Tyranitar\n|-supereffective|p1a: Tyranitar\n|-damage|p1a: Tyranitar|0 fnt\n|faint|p1a: Tyranitar\n|\n|-weather|Sandstorm|[upkeep]\n|upkeep\n|c|\u2606This December|gg\n|\n|t:|1697744135\n|switch|p1a: Chien-Pao|Chien-Pao|1\/100\n|-ability|p1a: Chien-Pao|Sword of Ruin\n|turn|16\n|\n|t:|1697744139\n|move|p1a: Chien-Pao|Sucker Punch|p2a: Zacian\n|-resisted|p2a: Zacian\n|-damage|p2a: Zacian|49\/100\n|move|p2a: Zacian|Tera Blast|p1a: Chien-Pao\n|-damage|p1a: Chien-Pao|0 fnt\n|faint|p1a: Chien-Pao\n|\n|win|This December\n|raw|Caldiniho's rating: 1017 &rarr; <strong>1004<\/strong><br \/>(-13 for losing)\n|raw|This December's rating: 1000 &rarr; <strong>1042<\/strong><br \/>(+42 for winning)\n","uploadtime":1697744144,"views":8,"p1id":"caldiniho","p2id":"thisdecember","formatid":"gen9ubers","rating":1004,"private":0,"password":""}