{"id":"gen9ubers-1999549471","p1":"SoloOrca","p2":"GhostMasterMorty","format":"[Gen 9] Ubers","log":"|j|\u203dSoloOrca\n|j|\u2606GhostMasterMorty\n|t:|1701095087\n|gametype|singles\n|player|p1|SoloOrca|2|1054\n|player|p2|GhostMasterMorty|morty|1059\n|teamsize|p1|6\n|teamsize|p2|6\n|gen|9\n|tier|[Gen 9] Ubers\n|rated|\n|rule|Sleep Clause Mod: Limit one foe put to sleep\n|rule|Species Clause: Limit one of each Pok\u00e9mon\n|rule|OHKO Clause: OHKO moves are banned\n|rule|Evasion Items Clause: Evasion items are banned\n|rule|Evasion Moves Clause: Evasion moves are banned\n|rule|Endless Battle Clause: Forcing endless battles is banned\n|rule|HP Percentage Mod: HP is shown in percentages\n|clearpoke\n|poke|p1|Flapple, M|\n|poke|p1|Appletun, M|\n|poke|p1|Frosmoth, F|\n|poke|p1|Palafin, M|\n|poke|p1|Iron Jugulis|\n|poke|p1|Torterra, M|\n|poke|p2|Alomomola, F|\n|poke|p2|Palafin, M|\n|poke|p2|Mienshao, M|\n|poke|p2|Rotom-Wash|\n|poke|p2|Ursaluna-Bloodmoon, M|\n|poke|p2|Uxie|\n|teampreview\n|c|\u2606GhostMasterMorty|GLHF\n|inactive|Battle timer is ON: inactive players will automatically lose when time's up. (requested by GhostMasterMorty)\n|\n|t:|1701095106\n|start\n|switch|p1a: Palafin|Palafin, M|100\/100\n|switch|p2a: Uxie|Uxie|100\/100\n|turn|1\n|\n|t:|1701095114\n|move|p1a: Palafin|Flip Turn|p2a: Uxie\n|-damage|p2a: Uxie|75\/100\n|\n|t:|1701095120\n|detailschange|p1a: Palafin|Palafin-Hero, M\n|switch|p1a: Iron Jugulis|Iron Jugulis|100\/100|[from] Flip Turn\n|-enditem|p1a: Iron Jugulis|Booster Energy\n|-activate|p1a: Iron Jugulis|ability: Quark Drive|[fromitem]\n|-start|p1a: Iron Jugulis|quarkdrivespe\n|move|p2a: Uxie|Stealth Rock|p1a: Iron Jugulis\n|-sidestart|p1: SoloOrca|move: Stealth Rock\n|\n|upkeep\n|turn|2\n|\n|t:|1701095139\n|switch|p2a: Rotom|Rotom-Wash|100\/100\n|move|p1a: Iron Jugulis|Dark Pulse|p2a: Rotom\n|-damage|p2a: Rotom|45\/100\n|\n|upkeep\n|turn|3\n|\n|t:|1701095152\n|switch|p2a: Alomomola|Alomomola, F|100\/100\n|move|p1a: Iron Jugulis|Dark Pulse|p2a: Alomomola\n|-damage|p2a: Alomomola|57\/100\n|\n|upkeep\n|turn|4\n|\n|t:|1701095161\n|move|p1a: Iron Jugulis|Air Slash|p2a: Alomomola\n|-damage|p2a: Alomomola|17\/100\n|-enditem|p2a: Alomomola|Aguav Berry|[eat]\n|-heal|p2a: Alomomola|50\/100|[from] item: Aguav Berry\n|move|p2a: Alomomola|Pain Split|p1a: Iron Jugulis\n|-sethp|p1a: Iron Jugulis|89\/100|[from] move: Pain Split|[silent]\n|-sethp|p2a: Alomomola|58\/100|[from] move: Pain Split\n|\n|upkeep\n|turn|5\n|\n|t:|1701095176\n|move|p1a: Iron Jugulis|Air Slash|p2a: Alomomola\n|-damage|p2a: Alomomola|13\/100\n|move|p2a: Alomomola|Scald|p1a: Iron Jugulis\n|-damage|p1a: Iron Jugulis|72\/100\n|\n|upkeep\n|turn|6\n|\n|t:|1701095190\n|switch|p2a: Uxie|Uxie|75\/100\n|move|p1a: Iron Jugulis|Dark Pulse|p2a: Uxie\n|-supereffective|p2a: Uxie\n|-damage|p2a: Uxie|32\/100\n|\n|upkeep\n|turn|7\n|\n|t:|1701095199\n|move|p1a: Iron Jugulis|Dark Pulse|p2a: Uxie\n|-supereffective|p2a: Uxie\n|-damage|p2a: Uxie|0 fnt\n|faint|p2a: Uxie\n|\n|upkeep\n|\n|t:|1701095205\n|switch|p2a: Ursaluna|Ursaluna-Bloodmoon, M|100\/100\n|turn|8\n|\n|t:|1701095208\n|move|p1a: Iron Jugulis|Air Slash|p2a: Ursaluna\n|-crit|p2a: Ursaluna\n|-damage|p2a: Ursaluna|45\/100\n|move|p2a: Ursaluna|Calm Mind|p2a: Ursaluna\n|-boost|p2a: Ursaluna|spa|1\n|-boost|p2a: Ursaluna|spd|1\n|\n|-heal|p2a: Ursaluna|51\/100|[from] item: Leftovers\n|upkeep\n|turn|9\n|\n|t:|1701095218\n|move|p1a: Iron Jugulis|Air Slash|p2a: Ursaluna\n|-damage|p2a: Ursaluna|25\/100\n|move|p2a: Ursaluna|Moonlight|p2a: Ursaluna\n|-heal|p2a: Ursaluna|75\/100\n|\n|-heal|p2a: Ursaluna|81\/100|[from] item: Leftovers\n|upkeep\n|turn|10\n|\n|t:|1701095226\n|move|p1a: Iron Jugulis|Air Slash|p2a: Ursaluna\n|-damage|p2a: Ursaluna|53\/100\n|move|p2a: Ursaluna|Calm Mind|p2a: Ursaluna\n|-boost|p2a: Ursaluna|spa|1\n|-boost|p2a: Ursaluna|spd|1\n|\n|-heal|p2a: Ursaluna|59\/100|[from] item: Leftovers\n|upkeep\n|turn|11\n|\n|t:|1701095239\n|move|p1a: Iron Jugulis|Air Slash|p2a: Ursaluna\n|-damage|p2a: Ursaluna|38\/100\n|move|p2a: Ursaluna|Moonlight|p2a: Ursaluna\n|-heal|p2a: Ursaluna|88\/100\n|\n|-heal|p2a: Ursaluna|94\/100|[from] item: Leftovers\n|upkeep\n|turn|12\n|\n|t:|1701095248\n|move|p1a: Iron Jugulis|Air Slash|p2a: Ursaluna\n|-damage|p2a: Ursaluna|74\/100\n|move|p2a: Ursaluna|Blood Moon|p1a: Iron Jugulis\n|-damage|p1a: Iron Jugulis|0 fnt\n|faint|p1a: Iron Jugulis\n|-end|p1a: Iron Jugulis|Quark Drive|[silent]\n|\n|-heal|p2a: Ursaluna|80\/100|[from] item: Leftovers\n|upkeep\n|\n|t:|1701095257\n|switch|p1a: Palafin|Palafin-Hero, M|100\/100\n|-damage|p1a: Palafin|88\/100|[from] Stealth Rock\n|-activate|p1a: Palafin|ability: Zero to Hero\n|turn|13\n|\n|t:|1701095280\n|switch|p2a: Mienshao|Mienshao, M|100\/100\n|-terastallize|p1a: Palafin|Water\n|move|p1a: Palafin|Jet Punch|p2a: Mienshao\n|-damage|p2a: Mienshao|0 fnt\n|faint|p2a: Mienshao\n|\n|upkeep\n|\n|t:|1701095290\n|switch|p2a: Rotom|Rotom-Wash|45\/100\n|turn|14\n|\n|t:|1701095295\n|move|p1a: Palafin|Jet Punch|p2a: Rotom\n|-resisted|p2a: Rotom\n|-damage|p2a: Rotom|0 fnt\n|faint|p2a: Rotom\n|\n|upkeep\n|-message|GhostMasterMorty forfeited.\n|\n|win|SoloOrca\n|raw|SoloOrca's rating: 1054 &rarr; <strong>1086<\/strong><br \/>(+32 for winning)\n|raw|GhostMasterMorty's rating: 1059 &rarr; <strong>1040<\/strong><br \/>(-19 for losing)\n|l|\u2606GhostMasterMorty\n","uploadtime":1701095308,"views":11,"p1id":"soloorca","p2id":"ghostmastermorty","formatid":"gen9ubers","rating":1040,"private":0,"password":""}