{"id":"gen9ubers-1983751016","p1":"a dumb person lmao","p2":"zhangniubi","format":"[Gen 9] Ubers","log":"|j|\u2606a dumb person lmao\n|j|\u2606zhangniubi\n|t:|1699173516\n|gametype|singles\n|player|p1|a dumb person lmao|unknown|1182\n|player|p2|zhangniubi|102|1166\n|teamsize|p1|6\n|teamsize|p2|6\n|gen|9\n|tier|[Gen 9] Ubers\n|rated|\n|rule|Sleep Clause Mod: Limit one foe put to sleep\n|rule|Species Clause: Limit one of each Pok\u00e9mon\n|rule|OHKO Clause: OHKO moves are banned\n|rule|Evasion Items Clause: Evasion items are banned\n|rule|Evasion Moves Clause: Evasion moves are banned\n|rule|Endless Battle Clause: Forcing endless battles is banned\n|rule|HP Percentage Mod: HP is shown in percentages\n|clearpoke\n|poke|p1|Ribombee, M|\n|poke|p1|Dachsbun, M|\n|poke|p1|Koraidon|\n|poke|p1|Giratina-Origin|\n|poke|p1|Zacian-*|\n|poke|p1|Magearna-Original|\n|poke|p2|Koraidon|\n|poke|p2|Roaring Moon|\n|poke|p2|Walking Wake|\n|poke|p2|Skeledirge, F|\n|poke|p2|Glimmora, M|\n|poke|p2|Ceruledge, F|\n|teampreview\n|\n|t:|1699173538\n|start\n|switch|p1a: Ribombee|Ribombee, M, shiny|100\/100\n|switch|p2a: \u5de5\u5177\u82b1|Glimmora, M|100\/100\n|turn|1\n|\n|t:|1699173549\n|move|p1a: Ribombee|Sticky Web|p2a: \u5de5\u5177\u82b1\n|-sidestart|p2: zhangniubi|move: Sticky Web\n|move|p2a: \u5de5\u5177\u82b1|Power Gem|p1a: Ribombee\n|-supereffective|p1a: Ribombee\n|-enditem|p1a: Ribombee|Focus Sash\n|-damage|p1a: Ribombee|1\/100\n|\n|upkeep\n|turn|2\n|\n|t:|1699173556\n|move|p1a: Ribombee|Moonblast|p2a: \u5de5\u5177\u82b1\n|-resisted|p2a: \u5de5\u5177\u82b1\n|-damage|p2a: \u5de5\u5177\u82b1|79\/100\n|move|p2a: \u5de5\u5177\u82b1|Mortal Spin|p1a: Ribombee\n|-supereffective|p1a: Ribombee\n|-damage|p1a: Ribombee|0 fnt\n|-sideend|p2: zhangniubi|Sticky Web|[from] move: Mortal Spin|[of] p2a: \u5de5\u5177\u82b1\n|faint|p1a: Ribombee\n|\n|upkeep\n|\n|t:|1699173573\n|switch|p1a: Koraidon|Koraidon|100\/100\n|-weather|SunnyDay|[from] ability: Orichalcum Pulse|[of] p1a: Koraidon\n|-activate|p1a: Koraidon|Orichalcum Pulse|[source]\n|turn|3\n|\n|t:|1699173581\n|move|p1a: Koraidon|Scale Shot|p2a: \u5de5\u5177\u82b1\n|-damage|p2a: \u5de5\u5177\u82b1|62\/100\n|-activate|p2a: \u5de5\u5177\u82b1|ability: Toxic Debris\n|-sidestart|p1: a dumb person lmao|move: Toxic Spikes\n|-damage|p2a: \u5de5\u5177\u82b1|45\/100\n|-activate|p2a: \u5de5\u5177\u82b1|ability: Toxic Debris\n|-sidestart|p1: a dumb person lmao|move: Toxic Spikes\n|-crit|p2a: \u5de5\u5177\u82b1\n|-damage|p2a: \u5de5\u5177\u82b1|20\/100\n|-damage|p2a: \u5de5\u5177\u82b1|4\/100\n|-hitcount|p2a: \u5de5\u5177\u82b1|4\n|-unboost|p1a: Koraidon|def|1\n|-boost|p1a: Koraidon|spe|1\n|move|p2a: \u5de5\u5177\u82b1|Stealth Rock|p1a: Koraidon\n|-sidestart|p1: a dumb person lmao|move: Stealth Rock\n|\n|-weather|SunnyDay|[upkeep]\n|upkeep\n|turn|4\n|\n|t:|1699173599\n|move|p1a: Koraidon|Flare Blitz|p2a: \u5de5\u5177\u82b1\n|-resisted|p2a: \u5de5\u5177\u82b1\n|-damage|p2a: \u5de5\u5177\u82b1|0 fnt\n|faint|p2a: \u5de5\u5177\u82b1\n|-damage|p1a: Koraidon|99\/100|[from] Recoil\n|\n|-weather|SunnyDay|[upkeep]\n|upkeep\n|\n|t:|1699173614\n|switch|p2a: mega\u66b4\u98de\u9f99|Roaring Moon|100\/100\n|-activate|p2a: mega\u66b4\u98de\u9f99|ability: Protosynthesis\n|-start|p2a: mega\u66b4\u98de\u9f99|protosynthesisspe\n|turn|5\n|\n|t:|1699173623\n|move|p1a: Koraidon|Scale Shot|p2a: mega\u66b4\u98de\u9f99\n|-supereffective|p2a: mega\u66b4\u98de\u9f99\n|-damage|p2a: mega\u66b4\u98de\u9f99|56\/100\n|-supereffective|p2a: mega\u66b4\u98de\u9f99\n|-damage|p2a: mega\u66b4\u98de\u9f99|19\/100\n|-supereffective|p2a: mega\u66b4\u98de\u9f99\n|-damage|p2a: mega\u66b4\u98de\u9f99|0 fnt\n|faint|p2a: mega\u66b4\u98de\u9f99\n|-end|p2a: mega\u66b4\u98de\u9f99|Protosynthesis|[silent]\n|-hitcount|p2: mega\u66b4\u98de\u9f99|3\n|-unboost|p1a: Koraidon|def|1\n|-boost|p1a: Koraidon|spe|1\n|\n|-weather|SunnyDay|[upkeep]\n|upkeep\n|\n|t:|1699173637\n|switch|p2a: \u559c\u591a|Skeledirge, F|100\/100\n|turn|6\n|\n|t:|1699173646\n|switch|p1a: Dachsbun|Dachsbun, M, shiny|100\/100\n|-status|p1a: Dachsbun|tox\n|-damage|p1a: Dachsbun|88\/100 tox|[from] Stealth Rock\n|move|p2a: \u559c\u591a|Will-O-Wisp|p1a: Dachsbun\n|-ability|p1a: Dachsbun|Well-Baked Body|boost\n|-boost|p1a: Dachsbun|def|2\n|\n|-weather|SunnyDay|[upkeep]\n|-damage|p1a: Dachsbun|82\/100 tox|[from] psn\n|upkeep\n|turn|7\n|\n|t:|1699173668\n|move|p1a: Dachsbun|Stomping Tantrum|p2a: \u559c\u591a\n|-supereffective|p2a: \u559c\u591a\n|-crit|p2a: \u559c\u591a\n|-damage|p2a: \u559c\u591a|36\/100\n|move|p2a: \u559c\u591a|Torch Song|p1a: Dachsbun\n|-ability|p1a: Dachsbun|Well-Baked Body|boost\n|-boost|p1a: Dachsbun|def|2\n|\n|-weather|none\n|-heal|p2a: \u559c\u591a|42\/100|[from] item: Leftovers\n|-damage|p1a: Dachsbun|71\/100 tox|[from] psn\n|upkeep\n|turn|8\n|\n|t:|1699173675\n|move|p1a: Dachsbun|Stomping Tantrum|p2a: \u559c\u591a\n|-supereffective|p2a: \u559c\u591a\n|-damage|p2a: \u559c\u591a|0 fnt\n|faint|p2a: \u559c\u591a\n|\n|-damage|p1a: Dachsbun|53\/100 tox|[from] psn\n|upkeep\n|-message|zhangniubi forfeited.\n|\n|win|a dumb person lmao\n|raw|a dumb person lmao's rating: 1182 &rarr; <strong>1206<\/strong><br \/>(+24 for winning)\n|raw|zhangniubi's rating: 1166 &rarr; <strong>1142<\/strong><br \/>(-24 for losing)\n|l|\u2606zhangniubi\n","uploadtime":1699173695,"views":8,"p1id":"adumbpersonlmao","p2id":"zhangniubi","formatid":"gen9ubers","rating":1142,"private":0,"password":""}