{"id":"gen9ubers-1974590388","p1":"Nitro524","p2":"Lionah","format":"[Gen 9] Ubers","log":"|j|\u2606Nitro524\n|j|\u2606Lionah\n|t:|1698100318\n|gametype|singles\n|player|p1|Nitro524|hilbert-wonderlauncher|\n|player|p2|Lionah|lady|\n|teamsize|p1|6\n|teamsize|p2|6\n|gen|9\n|tier|[Gen 9] Ubers\n|rule|Sleep Clause Mod: Limit one foe put to sleep\n|rule|Species Clause: Limit one of each Pok\u00e9mon\n|rule|OHKO Clause: OHKO moves are banned\n|rule|Evasion Items Clause: Evasion items are banned\n|rule|Evasion Moves Clause: Evasion moves are banned\n|rule|Endless Battle Clause: Forcing endless battles is banned\n|rule|HP Percentage Mod: HP is shown in percentages\n|clearpoke\n|poke|p1|Pelipper, F|\n|poke|p1|Basculegion-F, F|\n|poke|p1|Thundurus-Therian, M|\n|poke|p1|Zacian-*|\n|poke|p1|Palkia-Origin|\n|poke|p1|Arceus-Grass|\n|poke|p2|Dondozo, F|\n|poke|p2|Giratina|\n|poke|p2|Azumarill, F|\n|poke|p2|Chi-Yu|\n|poke|p2|Arceus-Poison|\n|poke|p2|Magearna-Original|\n|teampreview\n|inactive|Battle timer is ON: inactive players will automatically lose when time's up. (requested by Lionah)\n|\n|t:|1698100337\n|start\n|switch|p1a: Pelipper|Pelipper, F|100\/100\n|switch|p2a: Arceus|Arceus-Poison|100\/100\n|-weather|RainDance|[from] ability: Drizzle|[of] p1a: Pelipper\n|turn|1\n|\n|t:|1698100344\n|switch|p1a: Palkia|Palkia-Origin|100\/100\n|-ability|p1a: Palkia|Pressure\n|move|p2a: Arceus|Cosmic Power|p2a: Arceus\n|-boost|p2a: Arceus|def|1\n|-boost|p2a: Arceus|spd|1\n|\n|-weather|RainDance|[upkeep]\n|upkeep\n|turn|2\n|\n|t:|1698100349\n|move|p1a: Palkia|Substitute|p1a: Palkia\n|-start|p1a: Palkia|Substitute\n|-damage|p1a: Palkia|76\/100\n|move|p2a: Arceus|Taunt|p1a: Palkia\n|-start|p1a: Palkia|move: Taunt\n|\n|-weather|RainDance|[upkeep]\n|upkeep\n|turn|3\n|\n|t:|1698100353\n|move|p1a: Palkia|Earth Power|p2a: Arceus\n|-supereffective|p2a: Arceus\n|-damage|p2a: Arceus|69\/100\n|move|p2a: Arceus|Poison Jab|p1a: Palkia\n|-end|p1a: Palkia|Substitute\n|\n|-weather|RainDance|[upkeep]\n|upkeep\n|turn|4\n|\n|t:|1698100356\n|move|p1a: Palkia|Earth Power|p2a: Arceus\n|-supereffective|p2a: Arceus\n|-damage|p2a: Arceus|40\/100\n|-unboost|p2a: Arceus|spd|1\n|move|p2a: Arceus|Cosmic Power|p2a: Arceus\n|-boost|p2a: Arceus|def|1\n|-boost|p2a: Arceus|spd|1\n|\n|-weather|RainDance|[upkeep]\n|upkeep\n|turn|5\n|\n|t:|1698100364\n|move|p1a: Palkia|Hydro Pump|p2a: Arceus|[miss]\n|-miss|p1a: Palkia|p2a: Arceus\n|move|p2a: Arceus|Recover|p2a: Arceus\n|-heal|p2a: Arceus|90\/100\n|\n|-weather|RainDance|[upkeep]\n|-end|p1a: Palkia|move: Taunt\n|upkeep\n|turn|6\n|inactive|Nitro524 has 270 seconds left.\n|\n|t:|1698100401\n|move|p1a: Palkia|Hydro Pump|p2a: Arceus\n|-damage|p2a: Arceus|40\/100\n|move|p2a: Arceus|Taunt|p1a: Palkia\n|-start|p1a: Palkia|move: Taunt\n|\n|-weather|RainDance|[upkeep]\n|upkeep\n|turn|7\n|\n|t:|1698100411\n|move|p1a: Palkia|Hydro Pump|p2a: Arceus\n|-damage|p2a: Arceus|0 fnt\n|faint|p2a: Arceus\n|\n|-weather|RainDance|[upkeep]\n|upkeep\n|\n|t:|1698100421\n|switch|p2a: Magearna|Magearna-Original|100\/100\n|turn|8\n|inactive|Nitro524 has 270 seconds left.\n|\n|t:|1698100469\n|move|p1a: Palkia|Earth Power|p2a: Magearna\n|-supereffective|p2a: Magearna\n|-damage|p2a: Magearna|60\/100\n|move|p2a: Magearna|Thunder Wave|p1a: Palkia|[miss]\n|-miss|p2a: Magearna|p1a: Palkia\n|\n|-weather|none\n|-heal|p2a: Magearna|66\/100|[from] item: Leftovers\n|upkeep\n|turn|9\n|\n|t:|1698100481\n|switch|p1a: Thundurus|Thundurus-Therian, M|100\/100\n|move|p2a: Magearna|Volt Switch|p1a: Thundurus\n|-immune|p1a: Thundurus|[from] ability: Volt Absorb\n|\n|-heal|p2a: Magearna|72\/100|[from] item: Leftovers\n|upkeep\n|turn|10\n|\n|t:|1698100497\n|move|p1a: Thundurus|Volt Switch|p2a: Magearna\n|-damage|p2a: Magearna|42\/100\n|-damage|p1a: Thundurus|91\/100|[from] item: Life Orb\n|\n|t:|1698100500\n|switch|p1a: Pelipper|Pelipper, F|100\/100|[from] Volt Switch\n|-weather|RainDance|[from] ability: Drizzle|[of] p1a: Pelipper\n|move|p2a: Magearna|Spikes|p1a: Pelipper\n|-sidestart|p1: Nitro524|Spikes\n|\n|-weather|RainDance|[upkeep]\n|-heal|p2a: Magearna|48\/100|[from] item: Leftovers\n|upkeep\n|turn|11\n|\n|t:|1698100518\n|switch|p2a: Dondozo|Dondozo, F|100\/100\n|move|p1a: Pelipper|Knock Off|p2a: Dondozo\n|-damage|p2a: Dondozo|95\/100\n|-enditem|p2a: Dondozo|Leftovers|[from] move: Knock Off|[of] p1a: Pelipper\n|\n|-weather|RainDance|[upkeep]\n|upkeep\n|turn|12\n|\n|t:|1698100527\n|move|p1a: Pelipper|U-turn|p2a: Dondozo\n|-damage|p2a: Dondozo|91\/100\n|\n|t:|1698100530\n|switch|p1a: Thundurus|Thundurus-Therian, M|91\/100|[from] U-turn\n|move|p2a: Dondozo|Wave Crash|p1a: Thundurus\n|-damage|p1a: Thundurus|0 fnt\n|faint|p1a: Thundurus\n|-damage|p2a: Dondozo|73\/100|[from] Recoil\n|\n|-weather|RainDance|[upkeep]\n|upkeep\n|\n|t:|1698100535\n|switch|p1a: Zacian|Zacian|100\/100\n|-ability|p1a: Zacian|Intrepid Sword|boost\n|-boost|p1a: Zacian|atk|1\n|turn|13\n|\n|t:|1698100539\n|move|p1a: Zacian|Trailblaze|p2a: Dondozo\n|-supereffective|p2a: Dondozo\n|-damage|p2a: Dondozo|58\/100\n|-boost|p1a: Zacian|spe|1\n|move|p2a: Dondozo|Substitute|p2a: Dondozo\n|-start|p2a: Dondozo|Substitute\n|-damage|p2a: Dondozo|34\/100\n|\n|-weather|RainDance|[upkeep]\n|upkeep\n|turn|14\n|\n|t:|1698100544\n|move|p1a: Zacian|Trailblaze|p2a: Dondozo\n|-supereffective|p2a: Dondozo\n|-activate|p2a: Dondozo|move: Substitute|[damage]\n|-boost|p1a: Zacian|spe|1\n|move|p2a: Dondozo|Rest|p2a: Dondozo\n|-status|p2a: Dondozo|slp|[from] move: Rest\n|-heal|p2a: Dondozo|100\/100 slp|[silent]\n|\n|-weather|RainDance|[upkeep]\n|upkeep\n|turn|15\n|inactive|Nitro524 has 270 seconds left.\n|\n|t:|1698100563\n|move|p1a: Zacian|Play Rough|p2a: Dondozo\n|-end|p2a: Dondozo|Substitute\n|cant|p2a: Dondozo|slp\n|\n|-weather|RainDance|[upkeep]\n|upkeep\n|turn|16\n|inactive|Nitro524 has 270 seconds left.\n|\n|t:|1698100576\n|switch|p1a: Arceus|Arceus-Grass|100\/100\n|-damage|p1a: Arceus|88\/100|[from] Spikes\n|-terastallize|p2a: Dondozo|Poison\n|cant|p2a: Dondozo|slp\n|\n|-weather|RainDance|[upkeep]\n|upkeep\n|turn|17\n|\n|t:|1698100586\n|move|p1a: Arceus|Calm Mind|p1a: Arceus\n|-boost|p1a: Arceus|spa|1\n|-boost|p1a: Arceus|spd|1\n|-curestatus|p2a: Dondozo|slp|[msg]\n|move|p2a: Dondozo|Wave Crash|p1a: Arceus\n|-resisted|p1a: Arceus\n|-crit|p1a: Arceus\n|-damage|p1a: Arceus|58\/100\n|-damage|p2a: Dondozo|92\/100|[from] Recoil\n|\n|-weather|none\n|upkeep\n|turn|18\n|\n|t:|1698100598\n|switch|p2a: Magearna|Magearna-Original|48\/100\n|move|p1a: Arceus|Calm Mind|p1a: Arceus\n|-boost|p1a: Arceus|spa|1\n|-boost|p1a: Arceus|spd|1\n|\n|-heal|p2a: Magearna|54\/100|[from] item: Leftovers\n|upkeep\n|turn|19\n|\n|t:|1698100604\n|move|p1a: Arceus|Earth Power|p2a: Magearna\n|-supereffective|p2a: Magearna\n|-damage|p2a: Magearna|0 fnt\n|faint|p2a: Magearna\n|\n|upkeep\n|\n|t:|1698100607\n|switch|p2a: Dondozo|Dondozo, F, tera:Poison|92\/100\n|turn|20\n|\n|t:|1698100610\n|move|p1a: Arceus|Earth Power|p2a: Dondozo\n|-supereffective|p2a: Dondozo\n|-crit|p2a: Dondozo\n|-damage|p2a: Dondozo|22\/100\n|move|p2a: Dondozo|Curse|p2a: Dondozo\n|-unboost|p2a: Dondozo|spe|1\n|-boost|p2a: Dondozo|atk|1\n|-boost|p2a: Dondozo|def|1\n|\n|upkeep\n|turn|21\n|\n|t:|1698100615\n|move|p1a: Arceus|Earth Power|p2a: Dondozo\n|-supereffective|p2a: Dondozo\n|-damage|p2a: Dondozo|0 fnt\n|faint|p2a: Dondozo\n|\n|upkeep\n|\n|t:|1698100617\n|switch|p2a: Giratina|Giratina|100\/100\n|-ability|p2a: Giratina|Pressure\n|turn|22\n|\n|t:|1698100634\n|move|p1a: Arceus|Recover|p1a: Arceus\n|-heal|p1a: Arceus|100\/100\n|move|p2a: Giratina|Thunder Wave|p1a: Arceus\n|-status|p1a: Arceus|par\n|\n|upkeep\n|turn|23\n|\n|t:|1698100641\n|move|p2a: Giratina|Hex|p1a: Arceus\n|-damage|p1a: Arceus|88\/100 par\n|cant|p1a: Arceus|par\n|\n|upkeep\n|turn|24\n|\n|t:|1698100648\n|move|p2a: Giratina|Hex|p1a: Arceus\n|-damage|p1a: Arceus|76\/100 par\n|move|p1a: Arceus|Calm Mind|p1a: Arceus\n|-boost|p1a: Arceus|spa|1\n|-boost|p1a: Arceus|spd|1\n|\n|upkeep\n|turn|25\n|\n|t:|1698100659\n|switch|p2a: Azumarill|Azumarill, F|100\/100\n|move|p1a: Arceus|Calm Mind|p1a: Arceus\n|-boost|p1a: Arceus|spa|1\n|-boost|p1a: Arceus|spd|1\n|\n|upkeep\n|turn|26\n|\n|t:|1698100663\n|move|p1a: Arceus|Judgment|p2a: Azumarill\n|-supereffective|p2a: Azumarill\n|-damage|p2a: Azumarill|0 fnt\n|faint|p2a: Azumarill\n|\n|upkeep\n|\n|t:|1698100666\n|switch|p2a: Chi-Yu|Chi-Yu|100\/100\n|-ability|p2a: Chi-Yu|Beads of Ruin\n|turn|27\n|\n|t:|1698100671\n|move|p2a: Chi-Yu|Flamethrower|p1a: Arceus\n|-supereffective|p1a: Arceus\n|-damage|p1a: Arceus|31\/100 par\n|cant|p1a: Arceus|par\n|\n|upkeep\n|turn|28\n|inactive|Nitro524 has 270 seconds left.\n|l|\u2606Nitro524\n|inactive|Nitro524 disconnected and has 300 seconds to reconnect!\n|player|p1|\n|inactive|Nitro524 has 270 seconds to reconnect!\n|inactive|Nitro524 has 240 seconds to reconnect!\n|inactive|Nitro524 has 210 seconds to reconnect!\n|inactive|Nitro524 has 180 seconds to reconnect!\n|j|\u2606Nitro524\n|inactive|Nitro524 reconnected and has 270 seconds left.\n|player|p1|Nitro524|hilbert-wonderlauncher\n|c|\u2606Nitro524|oh thank god\n|c|\u2606Nitro524|ok\n|c|\u2606Nitro524|hui\n|c|\u2606Nitro524|hi\n|\n|t:|1698100857\n|switch|p2a: Giratina|Giratina|100\/100\n|-ability|p2a: Giratina|Pressure\n|cant|p1a: Arceus|par\n|\n|upkeep\n|turn|29\n|c|\u2606Lionah|hi\n|\n|t:|1698100865\n|move|p2a: Giratina|Hex|p1a: Arceus\n|-damage|p1a: Arceus|22\/100 par\n|move|p1a: Arceus|Earth Power|p2a: Giratina\n|-damage|p2a: Giratina|62\/100\n|-unboost|p2a: Giratina|spd|1\n|\n|upkeep\n|turn|30\n|\n|t:|1698100872\n|move|p2a: Giratina|Hex|p1a: Arceus\n|-damage|p1a: Arceus|13\/100 par\n|move|p1a: Arceus|Recover|p1a: Arceus\n|-heal|p1a: Arceus|63\/100 par\n|\n|upkeep\n|turn|31\n|\n|t:|1698100876\n|switch|p2a: Chi-Yu|Chi-Yu|100\/100\n|-ability|p2a: Chi-Yu|Beads of Ruin\n|move|p1a: Arceus|Earth Power|p2a: Chi-Yu\n|-supereffective|p2a: Chi-Yu\n|-damage|p2a: Chi-Yu|0 fnt\n|faint|p2a: Chi-Yu\n|\n|upkeep\n|\n|t:|1698100878\n|switch|p2a: Giratina|Giratina|62\/100\n|-ability|p2a: Giratina|Pressure\n|turn|32\n|c|\u2606Nitro524|sorry abt that\n|c|\u2606Lionah|well gg\n|c|\u2606Nitro524|gg\n|-message|Lionah forfeited.\n|\n|win|Nitro524\n|c|\u2606Nitro524|showdown crashed on me lmao\n|c|\u2606Lionah|lol\n|c|\u2606Lionah|happens to all of us\n|c|\u2606Nitro524|yeah lol\n|c|\u2606Nitro524|but hey well played\n|c|\u2606Lionah|thanks\n|c|\u2606Lionah|i really need a ground resist huh\n|c|\u2606Nitro524|it would help\n|c|\u2606Nitro524|my team gets hard walled by a couple things\n|c|\u2606Nitro524|can't stallbreak\n","uploadtime":1698100895,"views":22,"p1id":"nitro524","p2id":"lionah","formatid":"gen9ubers","rating":0,"private":0,"password":""}