{"id":"gen9ubers-1986673361","p1":"heatranberg","p2":"Mr. Kessler","format":"[Gen 9] Ubers","log":"|j|\u2606heatranberg\n|j|\u2606Mr. Kessler\n|t:|1699505681\n|gametype|singles\n|player|p1|heatranberg|skyla-masters|\n|player|p2|Mr. Kessler|gambler|\n|teamsize|p1|6\n|teamsize|p2|6\n|gen|9\n|tier|[Gen 9] Ubers\n|rule|Sleep Clause Mod: Limit one foe put to sleep\n|rule|Species Clause: Limit one of each Pok\u00e9mon\n|rule|OHKO Clause: OHKO moves are banned\n|rule|Evasion Items Clause: Evasion items are banned\n|rule|Evasion Moves Clause: Evasion moves are banned\n|rule|Endless Battle Clause: Forcing endless battles is banned\n|rule|HP Percentage Mod: HP is shown in percentages\n|clearpoke\n|poke|p1|Palafin, F|\n|poke|p1|Ninetales-Alola, M|\n|poke|p1|Rillaboom, F|\n|poke|p1|Frosmoth, F|\n|poke|p1|Sneasler, F|\n|poke|p1|Hatterene, F|\n|poke|p2|Golem-Alola, M|\n|poke|p2|Palafin, M|\n|poke|p2|Samurott-Hisui, F|\n|poke|p2|Iron Valiant|\n|poke|p2|Great Tusk|\n|poke|p2|Zapdos|\n|teampreview\n|inactive|Battle timer is ON: inactive players will automatically lose when time's up. (requested by Mr. Kessler)\n|j| MyDeliciousAxe\n|\n|t:|1699505699\n|start\n|switch|p1a: Gov mandated joint|Palafin, F|100\/100\n|switch|p2a: Palafin|Palafin, M|100\/100\n|turn|1\n|c| MyDeliciousAxe|A-GOLEM!!!\n|\n|t:|1699505706\n|detailschange|p1a: Gov mandated joint|Palafin-Hero, F\n|switch|p1a: Joint No1|Ninetales-Alola, M|100\/100\n|-weather|Snow|[from] ability: Snow Warning|[of] p1a: Joint No1\n|move|p2a: Palafin|Flip Turn|p1a: Joint No1\n|-crit|p1a: Joint No1\n|-damage|p1a: Joint No1|59\/100\n|\n|t:|1699505721\n|detailschange|p2a: Palafin|Palafin-Hero, M\n|switch|p2a: Golem|Golem-Alola, M|100\/100|[from] Flip Turn\n|\n|-weather|Snow|[upkeep]\n|upkeep\n|turn|2\n|\n|t:|1699505728\n|move|p1a: Joint No1|Aurora Veil|p1a: Joint No1\n|-sidestart|p1: heatranberg|move: Aurora Veil\n|move|p2a: Golem|Stone Edge|p1a: Joint No1\n|-supereffective|p1a: Joint No1\n|-damage|p1a: Joint No1|0 fnt\n|faint|p1a: Joint No1\n|\n|-weather|Snow|[upkeep]\n|upkeep\n|\n|t:|1699505735\n|switch|p1a: Gov mandated joint|Palafin-Hero, F|100\/100\n|-activate|p1a: Gov mandated joint|ability: Zero to Hero\n|turn|3\n|\n|t:|1699505740\n|switch|p2a: Zapdos|Zapdos|100\/100\n|move|p1a: Gov mandated joint|Bulk Up|p1a: Gov mandated joint\n|-boost|p1a: Gov mandated joint|atk|1\n|-boost|p1a: Gov mandated joint|def|1\n|\n|-weather|Snow|[upkeep]\n|upkeep\n|turn|4\n|\n|t:|1699505750\n|-terastallize|p1a: Gov mandated joint|Steel\n|move|p2a: Zapdos|Discharge|p1a: Gov mandated joint\n|-damage|p1a: Gov mandated joint|78\/100\n|-status|p1a: Gov mandated joint|par\n|move|p1a: Gov mandated joint|Bulk Up|p1a: Gov mandated joint\n|-boost|p1a: Gov mandated joint|atk|1\n|-boost|p1a: Gov mandated joint|def|1\n|\n|-weather|Snow|[upkeep]\n|-heal|p1a: Gov mandated joint|84\/100 par|[from] item: Leftovers\n|upkeep\n|turn|5\n|\n|t:|1699505756\n|move|p2a: Zapdos|Discharge|p1a: Gov mandated joint\n|-damage|p1a: Gov mandated joint|62\/100 par\n|move|p1a: Gov mandated joint|Bulk Up|p1a: Gov mandated joint\n|-boost|p1a: Gov mandated joint|atk|1\n|-boost|p1a: Gov mandated joint|def|1\n|\n|-weather|none\n|-heal|p1a: Gov mandated joint|68\/100 par|[from] item: Leftovers\n|upkeep\n|turn|6\n|j| Dragon Master Rosa\n|\n|t:|1699505761\n|cant|p1a: Gov mandated joint|par\n|move|p2a: Zapdos|Discharge|p1a: Gov mandated joint\n|-damage|p1a: Gov mandated joint|48\/100 par\n|\n|-heal|p1a: Gov mandated joint|54\/100 par|[from] item: Leftovers\n|upkeep\n|turn|7\n|\n|t:|1699505766\n|move|p2a: Zapdos|Discharge|p1a: Gov mandated joint\n|-damage|p1a: Gov mandated joint|33\/100 par\n|move|p1a: Gov mandated joint|Drain Punch|p2a: Zapdos\n|-resisted|p2a: Zapdos\n|-damage|p2a: Zapdos|59\/100\n|-heal|p1a: Gov mandated joint|50\/100 par|[from] drain|[of] p2a: Zapdos\n|\n|-heal|p1a: Gov mandated joint|56\/100 par|[from] item: Leftovers\n|upkeep\n|turn|8\n|\n|t:|1699505772\n|move|p1a: Gov mandated joint|Jet Punch|p2a: Zapdos\n|-damage|p2a: Zapdos|0 fnt\n|faint|p2a: Zapdos\n|\n|-heal|p1a: Gov mandated joint|62\/100 par|[from] item: Leftovers\n|upkeep\n|\n|t:|1699505782\n|switch|p2a: Palafin|Palafin-Hero, M|100\/100\n|-activate|p2a: Palafin|ability: Zero to Hero\n|turn|9\n|\n|t:|1699505784\n|move|p2a: Palafin|Close Combat|p1a: Gov mandated joint\n|-supereffective|p1a: Gov mandated joint\n|-damage|p1a: Gov mandated joint|38\/100 par\n|-unboost|p2a: Palafin|def|1\n|-unboost|p2a: Palafin|spd|1\n|move|p1a: Gov mandated joint|Drain Punch|p2a: Palafin\n|-damage|p2a: Palafin|8\/100\n|-heal|p1a: Gov mandated joint|77\/100 par|[from] drain|[of] p2a: Palafin\n|\n|-heal|p1a: Gov mandated joint|84\/100 par|[from] item: Leftovers\n|-sideend|p1: heatranberg|move: Aurora Veil\n|upkeep\n|turn|10\n|\n|t:|1699505788\n|move|p1a: Gov mandated joint|Jet Punch|p2a: Palafin\n|-resisted|p2a: Palafin\n|-damage|p2a: Palafin|0 fnt\n|faint|p2a: Palafin\n|\n|-heal|p1a: Gov mandated joint|90\/100 par|[from] item: Leftovers\n|upkeep\n|c| MyDeliciousAxe|hes gonna turn into sage after this watch\n|\n|t:|1699505797\n|switch|p2a: Samurott|Samurott-Hisui, F|100\/100\n|turn|11\n|\n|t:|1699505800\n|move|p2a: Samurott|Sacred Sword|p1a: Gov mandated joint\n|-supereffective|p1a: Gov mandated joint\n|-damage|p1a: Gov mandated joint|0 fnt\n|faint|p1a: Gov mandated joint\n|\n|upkeep\n|\n|t:|1699505804\n|switch|p1a: surgical joint|Rillaboom, F|100\/100\n|-fieldstart|move: Grassy Terrain|[from] ability: Grassy Surge|[of] p1a: surgical joint\n|turn|12\n|\n|t:|1699505813\n|move|p1a: surgical joint|Grassy Glide|p2a: Samurott\n|-supereffective|p2a: Samurott\n|-damage|p2a: Samurott|0 fnt\n|faint|p2a: Samurott\n|\n|upkeep\n|\n|t:|1699505818\n|switch|p2a: Golem|Golem-Alola, M|100\/100\n|turn|13\n|\n|t:|1699505823\n|move|p1a: surgical joint|Grassy Glide|p2a: Golem\n|-supereffective|p2a: Golem\n|-damage|p2a: Golem|4\/100\n|move|p2a: Golem|Explosion|p1a: surgical joint\n|-resisted|p1a: surgical joint\n|-crit|p1a: surgical joint\n|-damage|p1a: surgical joint|0 fnt\n|faint|p2a: Golem\n|faint|p1a: surgical joint\n|\n|upkeep\n|\n|t:|1699505831\n|switch|p1a: Agent Jointulous|Hatterene, F|100\/100\n|switch|p2a: Great Tusk|Great Tusk|100\/100\n|-enditem|p1a: Agent Jointulous|Grassy Seed\n|-boost|p1a: Agent Jointulous|def|1|[from] item: Grassy Seed\n|-enditem|p2a: Great Tusk|Booster Energy\n|-activate|p2a: Great Tusk|ability: Protosynthesis|[fromitem]\n|-start|p2a: Great Tusk|protosynthesisatk\n|turn|14\n|\n|t:|1699505837\n|-terastallize|p2a: Great Tusk|Ground\n|move|p2a: Great Tusk|Headlong Rush|p1a: Agent Jointulous\n|-damage|p1a: Agent Jointulous|38\/100\n|-unboost|p2a: Great Tusk|def|1\n|-unboost|p2a: Great Tusk|spd|1\n|move|p1a: Agent Jointulous|Draining Kiss|p2a: Great Tusk\n|-damage|p2a: Great Tusk|53\/100\n|-heal|p1a: Agent Jointulous|80\/100|[from] drain|[of] p2a: Great Tusk\n|\n|-heal|p2a: Great Tusk|59\/100|[from] Grassy Terrain\n|-heal|p1a: Agent Jointulous|86\/100|[from] Grassy Terrain\n|upkeep\n|turn|15\n|\n|t:|1699505845\n|move|p2a: Great Tusk|Headlong Rush|p1a: Agent Jointulous\n|-damage|p1a: Agent Jointulous|32\/100\n|-unboost|p2a: Great Tusk|def|1\n|-unboost|p2a: Great Tusk|spd|1\n|move|p1a: Agent Jointulous|Draining Kiss|p2a: Great Tusk\n|-damage|p2a: Great Tusk|0 fnt\n|-heal|p1a: Agent Jointulous|83\/100|[from] drain|[of] p2a: Great Tusk\n|faint|p2a: Great Tusk\n|-end|p2a: Great Tusk|Protosynthesis|[silent]\n|\n|-heal|p1a: Agent Jointulous|89\/100|[from] Grassy Terrain\n|upkeep\n|\n|t:|1699505846\n|switch|p2a: Iron Valiant|Iron Valiant|100\/100\n|-enditem|p2a: Iron Valiant|Booster Energy\n|-activate|p2a: Iron Valiant|ability: Quark Drive|[fromitem]\n|-start|p2a: Iron Valiant|quarkdrivespa\n|turn|16\n|\n|t:|1699505851\n|move|p2a: Iron Valiant|Destiny Bond|p2a: Iron Valiant\n|-singlemove|p2a: Iron Valiant|Destiny Bond\n|move|p1a: Agent Jointulous|Draining Kiss|p2a: Iron Valiant\n|-supereffective|p2a: Iron Valiant\n|-damage|p2a: Iron Valiant|25\/100\n|-heal|p1a: Agent Jointulous|100\/100|[from] drain|[of] p2a: Iron Valiant\n|\n|-heal|p2a: Iron Valiant|31\/100|[from] Grassy Terrain\n|-fieldend|move: Grassy Terrain\n|upkeep\n|turn|17\n|\n|t:|1699505854\n|move|p2a: Iron Valiant|Moonblast|p1a: Agent Jointulous\n|-damage|p1a: Agent Jointulous|42\/100\n|move|p1a: Agent Jointulous|Draining Kiss|p2a: Iron Valiant\n|-supereffective|p2a: Iron Valiant\n|-damage|p2a: Iron Valiant|0 fnt\n|-heal|p1a: Agent Jointulous|65\/100|[from] drain|[of] p2a: Iron Valiant\n|faint|p2a: Iron Valiant\n|-end|p2a: Iron Valiant|Quark Drive|[silent]\n|\n|win|heatranberg\n|c|\u2606heatranberg|gg\n","uploadtime":1699505864,"views":15,"p1id":"heatranberg","p2id":"mrkessler","formatid":"gen9ubers","rating":0,"private":0,"password":""}