{"id":"gen9ubers-1994407704","p1":"B\/W Dark","p2":"Anne Frankkkk","format":"[Gen 9] Ubers","log":"|j|\u2606B\/W Dark\n|j|\u2606Anne Frankkkk\n|t:|1700440492\n|gametype|singles\n|player|p1|B\/W Dark|lance|1216\n|player|p2|Anne Frankkkk|hilbert|1208\n|teamsize|p1|6\n|teamsize|p2|6\n|gen|9\n|tier|[Gen 9] Ubers\n|rated|\n|rule|Sleep Clause Mod: Limit one foe put to sleep\n|rule|Species Clause: Limit one of each Pok\u00e9mon\n|rule|OHKO Clause: OHKO moves are banned\n|rule|Evasion Items Clause: Evasion items are banned\n|rule|Evasion Moves Clause: Evasion moves are banned\n|rule|Endless Battle Clause: Forcing endless battles is banned\n|rule|HP Percentage Mod: HP is shown in percentages\n|clearpoke\n|poke|p1|Basculegion, M|\n|poke|p1|Zacian-*|\n|poke|p1|Frosmoth, M|\n|poke|p1|Chien-Pao|\n|poke|p1|Cloyster, F|\n|poke|p1|Urshifu-*, F|\n|poke|p2|Regieleki|\n|poke|p2|Kyogre|\n|poke|p2|Chien-Pao|\n|poke|p2|Ribombee, F|\n|poke|p2|Miraidon|\n|poke|p2|Flutter Mane|\n|teampreview\n|inactive|Battle timer is ON: inactive players will automatically lose when time's up. (requested by B\/W Dark)\n|\n|t:|1700440499\n|start\n|switch|p1a: Zacian|Zacian-Crowned|100\/100\n|switch|p2a: Moonblast|Ribombee, F, shiny|100\/100\n|-ability|p1a: Zacian|Intrepid Sword|boost\n|-boost|p1a: Zacian|atk|1\n|turn|1\n|\n|t:|1700440505\n|move|p1a: Zacian|Behemoth Blade|p2a: Moonblast\n|-supereffective|p2a: Moonblast\n|-enditem|p2a: Moonblast|Focus Sash\n|-damage|p2a: Moonblast|1\/100\n|move|p2a: Moonblast|Stun Spore|p1a: Zacian\n|-status|p1a: Zacian|par\n|\n|upkeep\n|turn|2\n|\n|t:|1700440509\n|move|p2a: Moonblast|Sticky Web|p1a: Zacian\n|-sidestart|p1: B\/W Dark|move: Sticky Web\n|move|p1a: Zacian|Behemoth Blade|p2a: Moonblast\n|-supereffective|p2a: Moonblast\n|-damage|p2a: Moonblast|0 fnt\n|faint|p2a: Moonblast\n|\n|upkeep\n|\n|t:|1700440525\n|switch|p2a: Cyber Lizard|Miraidon|100\/100\n|-fieldstart|move: Electric Terrain|[from] ability: Hadron Engine|[of] p2a: Cyber Lizard\n|-item|p2a: Cyber Lizard|Air Balloon\n|turn|3\n|\n|t:|1700440529\n|move|p2a: Cyber Lizard|Electro Drift|p1a: Zacian\n|-damage|p1a: Zacian|31\/100 par\n|cant|p1a: Zacian|par\n|\n|upkeep\n|turn|4\n|\n|t:|1700440533\n|move|p2a: Cyber Lizard|Electro Drift|p1a: Zacian\n|-damage|p1a: Zacian|0 fnt\n|faint|p1a: Zacian\n|\n|upkeep\n|\n|t:|1700440540\n|switch|p1a: Frosmoth|Frosmoth, M|100\/100\n|-activate|p1a: Frosmoth|move: Sticky Web\n|-unboost|p1a: Frosmoth|spe|1\n|turn|5\n|\n|t:|1700440545\n|move|p2a: Cyber Lizard|Electro Drift|p1a: Frosmoth\n|-damage|p1a: Frosmoth|0 fnt\n|faint|p1a: Frosmoth\n|\n|upkeep\n|\n|t:|1700440548\n|switch|p1a: Urshifu|Urshifu, F|100\/100\n|-activate|p1a: Urshifu|move: Sticky Web\n|-unboost|p1a: Urshifu|spe|1\n|turn|6\n|\n|t:|1700440553\n|move|p2a: Cyber Lizard|Electro Drift|p1a: Urshifu\n|-damage|p1a: Urshifu|0 fnt\n|faint|p1a: Urshifu\n|\n|upkeep\n|\n|t:|1700440557\n|switch|p1a: Chien-Pao|Chien-Pao|100\/100\n|-activate|p1a: Chien-Pao|move: Sticky Web\n|-unboost|p1a: Chien-Pao|spe|1\n|-ability|p1a: Chien-Pao|Sword of Ruin\n|turn|7\n|\n|t:|1700440560\n|move|p2a: Cyber Lizard|Electro Drift|p1a: Chien-Pao\n|-damage|p1a: Chien-Pao|0 fnt\n|faint|p1a: Chien-Pao\n|\n|-fieldend|move: Electric Terrain\n|upkeep\n|\n|t:|1700440565\n|switch|p1a: Cloyster|Cloyster, F|100\/100\n|-activate|p1a: Cloyster|move: Sticky Web\n|-unboost|p1a: Cloyster|spe|1\n|turn|8\n|\n|t:|1700440567\n|move|p1a: Cloyster|Ice Shard|p2a: Cyber Lizard\n|-supereffective|p2a: Cyber Lizard\n|-damage|p2a: Cyber Lizard|65\/100\n|-enditem|p2a: Cyber Lizard|Air Balloon\n|move|p2a: Cyber Lizard|Electro Drift|p1a: Cloyster\n|-supereffective|p1a: Cloyster\n|-damage|p1a: Cloyster|0 fnt\n|faint|p1a: Cloyster\n|\n|upkeep\n|\n|t:|1700440571\n|switch|p1a: Basculegion|Basculegion, M|100\/100\n|-activate|p1a: Basculegion|move: Sticky Web\n|-unboost|p1a: Basculegion|spe|1\n|turn|9\n|\n|t:|1700440574\n|move|p2a: Cyber Lizard|Electro Drift|p1a: Basculegion\n|-supereffective|p1a: Basculegion\n|-damage|p1a: Basculegion|0 fnt\n|faint|p1a: Basculegion\n|\n|win|Anne Frankkkk\n|raw|B&#x2f;W Dark's rating: 1216 &rarr; <strong>1190<\/strong><br \/>(-26 for losing)\n|raw|Anne Frankkkk's rating: 1208 &rarr; <strong>1234<\/strong><br \/>(+26 for winning)\n","uploadtime":1700440581,"views":4,"p1id":"bwdark","p2id":"annefrankkkk","formatid":"gen9ubers","rating":1190,"private":0,"password":""}