{"id":"gen9ubers-1985389119","p1":"Abubakrcl7","p2":"z105","format":"[Gen 9] Ubers","log":"|j|\u2606Abubakrcl7\n|j|\u2606z105\n|t:|1699370590\n|gametype|singles\n|player|p1|Abubakrcl7|red|\n|player|p2|z105|1|\n|teamsize|p1|6\n|teamsize|p2|6\n|gen|9\n|tier|[Gen 9] Ubers\n|rated|Tournament battle\n|rule|Sleep Clause Mod: Limit one foe put to sleep\n|rule|Species Clause: Limit one of each Pok\u00e9mon\n|rule|OHKO Clause: OHKO moves are banned\n|rule|Evasion Items Clause: Evasion items are banned\n|rule|Evasion Moves Clause: Evasion moves are banned\n|rule|Endless Battle Clause: Forcing endless battles is banned\n|rule|HP Percentage Mod: HP is shown in percentages\n|clearpoke\n|poke|p1|Giratina|\n|poke|p1|Koraidon|\n|poke|p1|Zacian-*|\n|poke|p1|Flutter Mane|\n|poke|p1|Iron Bundle|\n|poke|p1|Arceus|\n|poke|p2|Miraidon|\n|poke|p2|Flutter Mane|\n|poke|p2|Urshifu-*, M|\n|poke|p2|Ogerpon-Hearthflame, F|\n|poke|p2|Ursaluna-Bloodmoon, M|\n|poke|p2|Glimmora, F|\n|teampreview\n|inactive|Battle timer is ON: inactive players will automatically lose when time's up. (requested by z105)\n|c|\u2606Abubakrcl7|glhf\n|c|\u2606z105|glhf\n|c|\u2606Abubakrcl7|finally a standard team\n|c|\u2606Abubakrcl7|no stall\n|\n|t:|1699370608\n|start\n|switch|p1a: Iron Bundle|Iron Bundle, shiny|100\/100\n|switch|p2a: Glimmora|Glimmora, F|100\/100\n|-enditem|p1a: Iron Bundle|Booster Energy\n|-activate|p1a: Iron Bundle|ability: Quark Drive|[fromitem]\n|-start|p1a: Iron Bundle|quarkdrivespe\n|turn|1\n|\n|t:|1699370616\n|move|p1a: Iron Bundle|Taunt|p2a: Glimmora\n|-start|p2a: Glimmora|move: Taunt\n|cant|p2a: Glimmora|move: Taunt|Stealth Rock\n|\n|upkeep\n|turn|2\n|\n|t:|1699370618\n|move|p1a: Iron Bundle|Ice Beam|p2a: Glimmora\n|-damage|p2a: Glimmora|48\/100\n|move|p2a: Glimmora|Power Gem|p1a: Iron Bundle\n|-supereffective|p1a: Iron Bundle\n|-damage|p1a: Iron Bundle|0 fnt\n|faint|p1a: Iron Bundle\n|-end|p1a: Iron Bundle|Quark Drive|[silent]\n|\n|upkeep\n|\n|t:|1699370628\n|switch|p1a: Flutter Mane|Flutter Mane, shiny|100\/100\n|turn|3\n|\n|t:|1699370631\n|move|p1a: Flutter Mane|Moonblast|p2a: Glimmora\n|-resisted|p2a: Glimmora\n|-damage|p2a: Glimmora|19\/100\n|move|p2a: Glimmora|Mortal Spin|p1a: Flutter Mane\n|-crit|p1a: Flutter Mane\n|-damage|p1a: Flutter Mane|79\/100\n|-status|p1a: Flutter Mane|psn\n|\n|-damage|p1a: Flutter Mane|67\/100 psn|[from] psn\n|-end|p2a: Glimmora|move: Taunt\n|upkeep\n|turn|4\n|\n|t:|1699370639\n|move|p2a: Glimmora|Spiky Shield|p2a: Glimmora\n|-singleturn|p2a: Glimmora|move: Protect\n|move|p1a: Flutter Mane|Psyshock|p2a: Glimmora\n|-activate|p2a: Glimmora|move: Protect\n|\n|-damage|p1a: Flutter Mane|54\/100 psn|[from] psn\n|upkeep\n|turn|5\n|\n|t:|1699370645\n|move|p1a: Flutter Mane|Moonblast|p2a: Glimmora\n|-resisted|p2a: Glimmora\n|-damage|p2a: Glimmora|0 fnt\n|faint|p2a: Glimmora\n|\n|-damage|p1a: Flutter Mane|42\/100 psn|[from] psn\n|upkeep\n|\n|t:|1699370653\n|switch|p2a: Urshifu|Urshifu-Rapid-Strike, M|100\/100\n|turn|6\n|\n|t:|1699370658\n|move|p2a: Urshifu|Aqua Jet|p1a: Flutter Mane\n|-damage|p1a: Flutter Mane|0 fnt\n|faint|p1a: Flutter Mane\n|-end|p1a: Flutter Mane|Protosynthesis|[silent]\n|\n|upkeep\n|\n|t:|1699370667\n|switch|p1a: Giratina|Giratina, shiny|100\/100\n|-ability|p1a: Giratina|Pressure\n|turn|7\n|\n|t:|1699370671\n|switch|p2a: Ursaluna|Ursaluna-Bloodmoon, M|100\/100\n|move|p1a: Giratina|Will-O-Wisp|p2a: Ursaluna|[miss]\n|-miss|p1a: Giratina|p2a: Ursaluna\n|\n|upkeep\n|turn|8\n|\n|t:|1699370676\n|move|p1a: Giratina|Protect|p1a: Giratina\n|-singleturn|p1a: Giratina|Protect\n|move|p2a: Ursaluna|Blood Moon|p1a: Giratina\n|-activate|p1a: Giratina|move: Protect\n|\n|upkeep\n|turn|9\n|\n|t:|1699370685\n|move|p1a: Giratina|Will-O-Wisp|p2a: Ursaluna\n|-status|p2a: Ursaluna|brn\n|move|p2a: Ursaluna|Earth Power|p1a: Giratina\n|-damage|p1a: Giratina|67\/100\n|\n|-heal|p1a: Giratina|73\/100|[from] item: Leftovers\n|-damage|p2a: Ursaluna|94\/100 brn|[from] brn\n|upkeep\n|turn|10\n|\n|t:|1699370691\n|move|p1a: Giratina|Protect|p1a: Giratina\n|-singleturn|p1a: Giratina|Protect\n|move|p2a: Ursaluna|Calm Mind|p2a: Ursaluna\n|-boost|p2a: Ursaluna|spa|1\n|-boost|p2a: Ursaluna|spd|1\n|\n|-heal|p1a: Giratina|79\/100|[from] item: Leftovers\n|-heal|p2a: Ursaluna|100\/100 brn|[from] item: Leftovers\n|-damage|p2a: Ursaluna|94\/100 brn|[from] brn\n|upkeep\n|turn|11\n|\n|t:|1699370704\n|switch|p1a: Koraidon|Koraidon|100\/100\n|-weather|SunnyDay|[from] ability: Orichalcum Pulse|[of] p1a: Koraidon\n|-activate|p1a: Koraidon|Orichalcum Pulse|[source]\n|move|p2a: Ursaluna|Blood Moon|p1a: Koraidon\n|-damage|p1a: Koraidon|0 fnt\n|faint|p1a: Koraidon\n|\n|-weather|SunnyDay|[upkeep]\n|-heal|p2a: Ursaluna|100\/100 brn|[from] item: Leftovers\n|-damage|p2a: Ursaluna|94\/100 brn|[from] brn\n|upkeep\n|\n|t:|1699370708\n|switch|p1a: Zacian|Zacian-Crowned, shiny|100\/100\n|-ability|p1a: Zacian|Intrepid Sword|boost\n|-boost|p1a: Zacian|atk|1\n|turn|12\n|\n|t:|1699370714\n|move|p1a: Zacian|Behemoth Blade|p2a: Ursaluna\n|-damage|p2a: Ursaluna|33\/100 brn\n|move|p2a: Ursaluna|Earth Power|p1a: Zacian\n|-supereffective|p1a: Zacian\n|-damage|p1a: Zacian|0 fnt\n|faint|p1a: Zacian\n|\n|-weather|SunnyDay|[upkeep]\n|-heal|p2a: Ursaluna|39\/100 brn|[from] item: Leftovers\n|-damage|p2a: Ursaluna|33\/100 brn|[from] brn\n|upkeep\n|\n|t:|1699370718\n|switch|p1a: Arceus|Arceus, shiny|100\/100\n|turn|13\n|\n|t:|1699370722\n|move|p1a: Arceus|Dragon Dance|p1a: Arceus\n|-boost|p1a: Arceus|atk|1\n|-boost|p1a: Arceus|spe|1\n|move|p2a: Ursaluna|Blood Moon|p1a: Arceus\n|-damage|p1a: Arceus|6\/100\n|\n|-weather|SunnyDay|[upkeep]\n|-heal|p2a: Ursaluna|39\/100 brn|[from] item: Leftovers\n|-damage|p2a: Ursaluna|33\/100 brn|[from] brn\n|upkeep\n|turn|14\n|\n|t:|1699370724\n|move|p1a: Arceus|Extreme Speed|p2a: Ursaluna\n|-damage|p2a: Ursaluna|0 fnt\n|faint|p2a: Ursaluna\n|\n|-weather|SunnyDay|[upkeep]\n|upkeep\n|\n|t:|1699370728\n|switch|p2a: Flutter Mane|Flutter Mane|100\/100\n|-activate|p2a: Flutter Mane|ability: Protosynthesis\n|-start|p2a: Flutter Mane|protosynthesisspe\n|turn|15\n|\n|t:|1699370732\n|move|p2a: Flutter Mane|Mystical Fire|p1a: Arceus\n|-damage|p1a: Arceus|0 fnt\n|faint|p1a: Arceus\n|\n|-weather|none\n|-end|p2a: Flutter Mane|Protosynthesis\n|upkeep\n|-enditem|p2a: Flutter Mane|Booster Energy\n|-activate|p2a: Flutter Mane|ability: Protosynthesis|[fromitem]\n|-start|p2a: Flutter Mane|protosynthesisspe\n|c|\u2606Abubakrcl7|gg\n|\n|t:|1699370736\n|switch|p1a: Giratina|Giratina, shiny|79\/100\n|-ability|p1a: Giratina|Pressure\n|turn|16\n|\n|t:|1699370741\n|move|p2a: Flutter Mane|Shadow Ball|p1a: Giratina\n|-supereffective|p1a: Giratina\n|-damage|p1a: Giratina|33\/100\n|move|p1a: Giratina|Shadow Ball|p2a: Flutter Mane\n|-supereffective|p2a: Flutter Mane\n|-damage|p2a: Flutter Mane|17\/100\n|\n|-heal|p1a: Giratina|39\/100|[from] item: Leftovers\n|upkeep\n|turn|17\n|c|\u2606z105|gg\n|\n|t:|1699370748\n|move|p1a: Giratina|Protect|p1a: Giratina\n|-singleturn|p1a: Giratina|Protect\n|move|p2a: Flutter Mane|Shadow Ball|p1a: Giratina\n|-activate|p1a: Giratina|move: Protect\n|\n|-heal|p1a: Giratina|45\/100|[from] item: Leftovers\n|upkeep\n|turn|18\n|\n|t:|1699370752\n|move|p2a: Flutter Mane|Shadow Ball|p1a: Giratina\n|-supereffective|p1a: Giratina\n|-damage|p1a: Giratina|0 fnt\n|faint|p1a: Giratina\n|\n|win|z105\n|n|\u2606Abubakrcl7|abubakrcl7\n|n|\u2606z105|z105\n","uploadtime":1699370753,"views":5,"p1id":"abubakrcl7","p2id":"z105","formatid":"gen9ubers","rating":0,"private":0,"password":""}