{"id":"gen9ubers-1988325150","p1":"Regimidas","p2":"CCQB","format":"[Gen 9] Ubers","log":"|j|\u2606Regimidas\n|j|\u203dCCQB\n|t:|1699708785\n|gametype|singles\n|player|p1|Regimidas|blue|1138\n|player|p2|CCQB|youngster-gen4dp|1293\n|teamsize|p1|6\n|teamsize|p2|6\n|gen|9\n|tier|[Gen 9] Ubers\n|rated|\n|rule|Sleep Clause Mod: Limit one foe put to sleep\n|rule|Species Clause: Limit one of each Pok\u00e9mon\n|rule|OHKO Clause: OHKO moves are banned\n|rule|Evasion Items Clause: Evasion items are banned\n|rule|Evasion Moves Clause: Evasion moves are banned\n|rule|Endless Battle Clause: Forcing endless battles is banned\n|rule|HP Percentage Mod: HP is shown in percentages\n|clearpoke\n|poke|p1|Ribombee, F|\n|poke|p1|Koraidon|\n|poke|p1|Arceus-Ghost|\n|poke|p1|Zacian-*|\n|poke|p1|Baxcalibur, M|\n|poke|p1|Great Tusk|\n|poke|p2|Urshifu-*, M|\n|poke|p2|Zacian-*|\n|poke|p2|Great Tusk|\n|poke|p2|Arceus|\n|poke|p2|Palafin, M|\n|poke|p2|Landorus, M|\n|teampreview\n|inactive|Battle timer is ON: inactive players will automatically lose when time's up. (requested by Regimidas)\n|inactive|CCQB also wants the timer to be on.\n|\n|t:|1699708790\n|start\n|switch|p1a: Ribombee|Ribombee, F|100\/100\n|switch|p2a: Palafin|Palafin, M|100\/100\n|turn|1\n|\n|t:|1699708799\n|move|p1a: Ribombee|Sticky Web|p2a: Palafin\n|-sidestart|p2: CCQB|move: Sticky Web\n|move|p2a: Palafin|Wave Crash|p1a: Ribombee\n|-enditem|p1a: Ribombee|Focus Sash\n|-damage|p1a: Ribombee|1\/100\n|-damage|p2a: Palafin|75\/100|[from] Recoil\n|\n|upkeep\n|turn|2\n|\n|t:|1699708803\n|detailschange|p2a: Palafin|Palafin-Hero, M\n|switch|p2a: Landorus|Landorus, M|100\/100\n|move|p1a: Ribombee|Moonblast|p2a: Landorus\n|-damage|p2a: Landorus|46\/100\n|\n|upkeep\n|turn|3\n|\n|t:|1699708808\n|move|p1a: Ribombee|Moonblast|p2a: Landorus\n|-damage|p2a: Landorus|0 fnt\n|faint|p2a: Landorus\n|\n|upkeep\n|\n|t:|1699708816\n|switch|p2a: Great Tusk|Great Tusk|100\/100\n|-activate|p2a: Great Tusk|move: Sticky Web\n|-unboost|p2a: Great Tusk|spe|1\n|turn|4\n|\n|t:|1699708820\n|switch|p1a: Arceus|Arceus-Ghost|100\/100\n|move|p2a: Great Tusk|Rapid Spin|p1a: Arceus\n|-immune|p1a: Arceus\n|\n|upkeep\n|turn|5\n|\n|t:|1699708824\n|move|p1a: Arceus|Will-O-Wisp|p2a: Great Tusk|[miss]\n|-miss|p1a: Arceus|p2a: Great Tusk\n|move|p2a: Great Tusk|Stealth Rock|p1a: Arceus\n|-sidestart|p1: Regimidas|move: Stealth Rock\n|\n|upkeep\n|turn|6\n|\n|t:|1699708833\n|-end|p2a: Great Tusk|Protosynthesis|[silent]\n|switch|p2a: Arceus|Arceus|100\/100\n|-activate|p2a: Arceus|move: Sticky Web\n|-unboost|p2a: Arceus|spe|1\n|move|p1a: Arceus|Will-O-Wisp|p2a: Arceus\n|-status|p2a: Arceus|brn\n|\n|-damage|p2a: Arceus|94\/100 brn|[from] brn\n|upkeep\n|turn|7\n|\n|t:|1699708840\n|move|p1a: Arceus|Aura Sphere|p2a: Arceus\n|-supereffective|p2a: Arceus\n|-damage|p2a: Arceus|58\/100 brn\n|move|p2a: Arceus|Trick||[still]\n|-fail|p2a: Arceus\n|\n|-damage|p2a: Arceus|52\/100 brn|[from] brn\n|upkeep\n|turn|8\n|\n|t:|1699708845\n|switch|p2a: Zacian|Zacian|100\/100\n|-activate|p2a: Zacian|move: Sticky Web\n|-unboost|p2a: Zacian|spe|1\n|-ability|p2a: Zacian|Intrepid Sword|boost\n|-boost|p2a: Zacian|atk|1\n|move|p1a: Arceus|Aura Sphere|p2a: Zacian\n|-resisted|p2a: Zacian\n|-damage|p2a: Zacian|90\/100\n|\n|upkeep\n|turn|9\n|\n|t:|1699708853\n|move|p1a: Arceus|Will-O-Wisp|p2a: Zacian\n|-status|p2a: Zacian|brn\n|move|p2a: Zacian|Play Rough|p1a: Arceus\n|-damage|p1a: Arceus|73\/100\n|\n|-damage|p2a: Zacian|84\/100 brn|[from] brn\n|upkeep\n|turn|10\n|-message|CCQB forfeited.\n|\n|win|Regimidas\n|raw|Regimidas's rating: 1138 &rarr; <strong>1173<\/strong><br \/>(+35 for winning)\n|raw|CCQB's rating: 1293 &rarr; <strong>1258<\/strong><br \/>(-35 for losing)\n|l|\u203dCCQB\n","uploadtime":1699708873,"views":4,"p1id":"regimidas","p2id":"ccqb","formatid":"gen9ubers","rating":1173,"private":0,"password":""}