{"id":"gen9ubers-1999618380","p1":"12345Carter","p2":"JayHaro","format":"[Gen 9] Ubers","log":"|j|\u260612345Carter\n|j|\u2606JayHaro\n|t:|1701101702\n|gametype|singles\n|player|p1|12345Carter|265|1122\n|player|p2|JayHaro|102|1225\n|teamsize|p1|6\n|teamsize|p2|6\n|gen|9\n|tier|[Gen 9] Ubers\n|rated|\n|rule|Sleep Clause Mod: Limit one foe put to sleep\n|rule|Species Clause: Limit one of each Pok\u00e9mon\n|rule|OHKO Clause: OHKO moves are banned\n|rule|Evasion Items Clause: Evasion items are banned\n|rule|Evasion Moves Clause: Evasion moves are banned\n|rule|Endless Battle Clause: Forcing endless battles is banned\n|rule|HP Percentage Mod: HP is shown in percentages\n|clearpoke\n|poke|p1|Gliscor, M|\n|poke|p1|Baxcalibur, F|\n|poke|p1|Ogerpon-Hearthflame, F|\n|poke|p1|Ursaluna-Bloodmoon, M|\n|poke|p1|Palkia-Origin|\n|poke|p1|Sneasler, F|\n|poke|p2|Zacian-*|\n|poke|p2|Arceus|\n|poke|p2|Flutter Mane|\n|poke|p2|Kyogre|\n|poke|p2|Glimmora, F|\n|poke|p2|Ting-Lu|\n|teampreview\n|\n|t:|1701101719\n|start\n|switch|p1a: Gliscor|Gliscor, M|100\/100\n|switch|p2a: Arceus|Arceus|100\/100\n|turn|1\n|\n|t:|1701101727\n|move|p2a: Arceus|Swords Dance|p2a: Arceus\n|-boost|p2a: Arceus|atk|2\n|move|p1a: Gliscor|Swords Dance|p1a: Gliscor\n|-boost|p1a: Gliscor|atk|2\n|\n|-status|p1a: Gliscor|tox|[from] item: Toxic Orb\n|upkeep\n|turn|2\n|\n|t:|1701101743\n|move|p2a: Arceus|Swords Dance|p2a: Arceus\n|-boost|p2a: Arceus|atk|2\n|move|p1a: Gliscor|Knock Off|p2a: Arceus\n|-damage|p2a: Arceus|62\/100\n|-enditem|p2a: Arceus|Silk Scarf|[from] move: Knock Off|[of] p1a: Gliscor\n|\n|upkeep\n|turn|3\n|\n|t:|1701101750\n|-terastallize|p2a: Arceus|Normal\n|move|p2a: Arceus|Extreme Speed|p1a: Gliscor\n|-damage|p1a: Gliscor|0 fnt\n|faint|p1a: Gliscor\n|\n|upkeep\n|\n|t:|1701101759\n|switch|p1a: Sneasler|Sneasler, F|100\/100\n|turn|4\n|\n|t:|1701101764\n|move|p2a: Arceus|Extreme Speed|p1a: Sneasler\n|-damage|p1a: Sneasler|0 fnt\n|faint|p1a: Sneasler\n|\n|upkeep\n|\n|t:|1701101767\n|switch|p1a: Baxcalibur|Baxcalibur, F|100\/100\n|turn|5\n|\n|t:|1701101772\n|-terastallize|p1a: Baxcalibur|Steel\n|move|p2a: Arceus|Extreme Speed|p1a: Baxcalibur\n|-resisted|p1a: Baxcalibur\n|-damage|p1a: Baxcalibur|20\/100\n|move|p1a: Baxcalibur|Glaive Rush|p2a: Arceus\n|-damage|p2a: Arceus|12\/100\n|-singlemove|p1a: Baxcalibur|Glaive Rush|[silent]\n|\n|upkeep\n|turn|6\n|\n|t:|1701101782\n|move|p2a: Arceus|Extreme Speed|p1a: Baxcalibur\n|-resisted|p1a: Baxcalibur\n|-damage|p1a: Baxcalibur|0 fnt\n|faint|p1a: Baxcalibur\n|\n|upkeep\n|\n|t:|1701101785\n|switch|p1a: Ursaluna|Ursaluna-Bloodmoon, M|100\/100\n|turn|7\n|\n|t:|1701101791\n|move|p2a: Arceus|Extreme Speed|p1a: Ursaluna\n|-damage|p1a: Ursaluna|0 fnt\n|faint|p1a: Ursaluna\n|\n|upkeep\n|\n|t:|1701101794\n|switch|p1a: Ogerpon|Ogerpon-Hearthflame, F|100\/100\n|-ability|p1a: Ogerpon|Mold Breaker\n|turn|8\n|\n|t:|1701101800\n|move|p2a: Arceus|Extreme Speed|p1a: Ogerpon\n|-damage|p1a: Ogerpon|0 fnt\n|faint|p1a: Ogerpon\n|\n|upkeep\n|\n|t:|1701101804\n|switch|p1a: Palkia|Palkia-Origin|100\/100\n|-ability|p1a: Palkia|Pressure\n|turn|9\n|\n|t:|1701101810\n|move|p2a: Arceus|Extreme Speed|p1a: Palkia\n|-damage|p1a: Palkia|0 fnt\n|faint|p1a: Palkia\n|\n|win|JayHaro\n|raw|12345Carter's rating: 1122 &rarr; <strong>1104<\/strong><br \/>(-18 for losing)\n|raw|JayHaro's rating: 1225 &rarr; <strong>1243<\/strong><br \/>(+18 for winning)\n|l|\u260612345Carter\n","uploadtime":1701101820,"views":13,"p1id":"12345carter","p2id":"jayharo","formatid":"gen9ubers","rating":1104,"private":0,"password":""}