{"id":"gen9ubers-1989314730","p1":"the tr4sh man","p2":"Kizaco","format":"[Gen 9] Ubers","log":"|j|\u2606the tr4sh man\n|j|\u2606Kizaco\n|t:|1699835340\n|gametype|singles\n|player|p1|the tr4sh man|xerosic|\n|player|p2|Kizaco|169|\n|teamsize|p1|6\n|teamsize|p2|6\n|gen|9\n|tier|[Gen 9] Ubers\n|rule|Sleep Clause Mod: Limit one foe put to sleep\n|rule|Species Clause: Limit one of each Pok\u00e9mon\n|rule|OHKO Clause: OHKO moves are banned\n|rule|Evasion Items Clause: Evasion items are banned\n|rule|Evasion Moves Clause: Evasion moves are banned\n|rule|Endless Battle Clause: Forcing endless battles is banned\n|rule|HP Percentage Mod: HP is shown in percentages\n|clearpoke\n|poke|p1|Arceus-Dragon|\n|poke|p1|Dialga|\n|poke|p1|Palkia-Origin|\n|poke|p1|Primeape, M|\n|poke|p1|Urshifu-*, F|\n|poke|p1|Volcarona, M|\n|poke|p2|Palafin, F|\n|poke|p2|Landorus, M|\n|poke|p2|Baxcalibur, F|\n|poke|p2|Chi-Yu|\n|poke|p2|Zacian-*|\n|poke|p2|Palkia-Origin|\n|teampreview\n|c|\u2606the tr4sh man|gl hf\n|c|\u2606Kizaco|u2\n|\n|t:|1699835377\n|start\n|switch|p1a: Primeape|Primeape, M|100\/100\n|switch|p2a: Palafin|Palafin, F|100\/100\n|turn|1\n|\n|t:|1699835386\n|move|p2a: Palafin|Flip Turn|p1a: Primeape\n|-damage|p1a: Primeape|57\/100\n|\n|t:|1699835400\n|detailschange|p2a: Palafin|Palafin-Hero, F\n|switch|p2a: Landorus|Landorus, M|100\/100|[from] Flip Turn\n|move|p1a: Primeape|Stealth Rock|p2a: Landorus\n|-sidestart|p2: Kizaco|move: Stealth Rock\n|\n|upkeep\n|turn|2\n|\n|t:|1699835412\n|move|p2a: Landorus|Nasty Plot|p2a: Landorus\n|-boost|p2a: Landorus|spa|2\n|move|p1a: Primeape|Rage Fist|p2a: Landorus\n|-damage|p2a: Landorus|71\/100\n|\n|upkeep\n|turn|3\n|\n|t:|1699835415\n|move|p2a: Landorus|Earth Power|p1a: Primeape\n|-damage|p1a: Primeape|0 fnt\n|faint|p1a: Primeape\n|\n|upkeep\n|\n|t:|1699835424\n|switch|p1a: Palkia|Palkia-Origin|100\/100\n|-ability|p1a: Palkia|Pressure\n|turn|4\n|\n|t:|1699835434\n|-terastallize|p2a: Landorus|Water\n|move|p1a: Palkia|Surf|p2a: Landorus\n|-resisted|p2a: Landorus\n|-damage|p2a: Landorus|32\/100\n|move|p2a: Landorus|Earth Power|p1a: Palkia\n|-damage|p1a: Palkia|0 fnt\n|faint|p1a: Palkia\n|\n|upkeep\n|\n|t:|1699835444\n|switch|p1a: Dialga|Dialga|100\/100\n|-ability|p1a: Dialga|Pressure\n|turn|5\n|\n|t:|1699835449\n|move|p1a: Dialga|Earth Power|p2a: Landorus\n|-damage|p2a: Landorus|0 fnt\n|faint|p2a: Landorus\n|\n|upkeep\n|\n|t:|1699835459\n|switch|p2a: Chi-Yu|Chi-Yu|100\/100\n|-ability|p2a: Chi-Yu|Beads of Ruin\n|turn|6\n|\n|t:|1699835466\n|move|p1a: Dialga|Earth Power|p2a: Chi-Yu\n|-supereffective|p2a: Chi-Yu\n|-damage|p2a: Chi-Yu|23\/100\n|move|p2a: Chi-Yu|Nasty Plot|p2a: Chi-Yu\n|-boost|p2a: Chi-Yu|spa|2\n|\n|upkeep\n|turn|7\n|\n|t:|1699835469\n|move|p1a: Dialga|Earth Power|p2a: Chi-Yu\n|-supereffective|p2a: Chi-Yu\n|-damage|p2a: Chi-Yu|0 fnt\n|faint|p2a: Chi-Yu\n|\n|upkeep\n|\n|t:|1699835476\n|switch|p2a: Palafin|Palafin-Hero, F|100\/100\n|-damage|p2a: Palafin|88\/100|[from] Stealth Rock\n|-activate|p2a: Palafin|ability: Zero to Hero\n|turn|8\n|\n|t:|1699835480\n|switch|p1a: Arceus|Arceus-Dragon|100\/100\n|move|p2a: Palafin|Close Combat|p1a: Arceus\n|-damage|p1a: Arceus|53\/100\n|-unboost|p2a: Palafin|def|1\n|-unboost|p2a: Palafin|spd|1\n|\n|upkeep\n|turn|9\n|c|\u2606Kizaco|scarf is a new one\n|c|\u2606Kizaco|lol\n|\n|t:|1699835491\n|switch|p2a: Baxcalibur|Baxcalibur, F|100\/100\n|-damage|p2a: Baxcalibur|76\/100|[from] Stealth Rock\n|move|p1a: Arceus|Thunder Wave|p2a: Baxcalibur\n|-status|p2a: Baxcalibur|par\n|\n|upkeep\n|turn|10\n|c|\u2606the tr4sh man|true!\n|\n|t:|1699835503\n|move|p1a: Arceus|Draco Meteor|p2a: Baxcalibur\n|-supereffective|p2a: Baxcalibur\n|-damage|p2a: Baxcalibur|0 fnt\n|-unboost|p1a: Arceus|spa|2\n|faint|p2a: Baxcalibur\n|\n|upkeep\n|\n|t:|1699835515\n|switch|p2a: Palkia|Palkia-Origin|100\/100\n|-damage|p2a: Palkia|88\/100|[from] Stealth Rock\n|-ability|p2a: Palkia|Pressure\n|turn|11\n|\n|t:|1699835520\n|switch|p1a: Volcarona|Volcarona, M|100\/100\n|move|p2a: Palkia|Spacial Rend|p1a: Volcarona\n|-damage|p1a: Volcarona|24\/100\n|\n|-heal|p1a: Volcarona|30\/100|[from] item: Leftovers\n|upkeep\n|turn|12\n|\n|t:|1699835524\n|move|p2a: Palkia|Spacial Rend|p1a: Volcarona\n|-damage|p1a: Volcarona|0 fnt\n|faint|p1a: Volcarona\n|\n|upkeep\n|\n|t:|1699835528\n|switch|p1a: Dialga|Dialga|100\/100\n|-ability|p1a: Dialga|Pressure\n|turn|13\n|\n|t:|1699835538\n|switch|p2a: Zacian|Zacian|100\/100\n|-ability|p2a: Zacian|Intrepid Sword|boost\n|-boost|p2a: Zacian|atk|1\n|move|p1a: Dialga|Flash Cannon|p2a: Zacian\n|-supereffective|p2a: Zacian\n|-damage|p2a: Zacian|13\/100\n|\n|upkeep\n|turn|14\n|\n|t:|1699835546\n|move|p1a: Dialga|Flash Cannon|p2a: Zacian\n|-supereffective|p2a: Zacian\n|-damage|p2a: Zacian|0 fnt\n|faint|p2a: Zacian\n|\n|upkeep\n|\n|t:|1699835549\n|switch|p2a: Palafin|Palafin-Hero, F|88\/100\n|-damage|p2a: Palafin|76\/100|[from] Stealth Rock\n|turn|15\n|\n|t:|1699835562\n|switch|p1a: Urshifu|Urshifu-Rapid-Strike, F|100\/100\n|move|p2a: Palafin|Close Combat|p1a: Urshifu\n|-damage|p1a: Urshifu|28\/100\n|-unboost|p2a: Palafin|def|1\n|-unboost|p2a: Palafin|spd|1\n|\n|upkeep\n|turn|16\n|\n|t:|1699835568\n|move|p1a: Urshifu|Aqua Jet|p2a: Palafin\n|-resisted|p2a: Palafin\n|-damage|p2a: Palafin|53\/100\n|move|p2a: Palafin|Close Combat|p1a: Urshifu\n|-damage|p1a: Urshifu|0 fnt\n|-unboost|p2a: Palafin|def|1\n|-unboost|p2a: Palafin|spd|1\n|faint|p1a: Urshifu\n|\n|upkeep\n|\n|t:|1699835570\n|switch|p1a: Arceus|Arceus-Dragon|53\/100\n|turn|17\n|\n|t:|1699835572\n|move|p2a: Palafin|Close Combat|p1a: Arceus\n|-damage|p1a: Arceus|8\/100\n|-unboost|p2a: Palafin|def|1\n|-unboost|p2a: Palafin|spd|1\n|move|p1a: Arceus|Recover|p1a: Arceus\n|-heal|p1a: Arceus|58\/100\n|\n|upkeep\n|turn|18\n|\n|t:|1699835577\n|move|p2a: Palafin|Close Combat|p1a: Arceus\n|-damage|p1a: Arceus|12\/100\n|-unboost|p2a: Palafin|def|1\n|-unboost|p2a: Palafin|spd|1\n|move|p1a: Arceus|Draco Meteor|p2a: Palafin\n|-damage|p2a: Palafin|0 fnt\n|-unboost|p1a: Arceus|spa|2\n|faint|p2a: Palafin\n|\n|upkeep\n|\n|t:|1699835581\n|switch|p2a: Palkia|Palkia-Origin|88\/100\n|-damage|p2a: Palkia|76\/100|[from] Stealth Rock\n|-ability|p2a: Palkia|Pressure\n|turn|19\n|\n|t:|1699835591\n|move|p2a: Palkia|Spacial Rend|p1a: Arceus|[miss]\n|-miss|p2a: Palkia|p1a: Arceus\n|move|p1a: Arceus|Draco Meteor|p2a: Palkia\n|-supereffective|p2a: Palkia\n|-damage|p2a: Palkia|0 fnt\n|-unboost|p1a: Arceus|spa|2\n|faint|p2a: Palkia\n|\n|win|the tr4sh man\n|c|\u2606the tr4sh man|gg\n|c|\u2606Kizaco|gg\n","uploadtime":1699835603,"views":16,"p1id":"thetr4shman","p2id":"kizaco","formatid":"gen9ubers","rating":0,"private":0,"password":""}