{"id":"gen9ubers-1978562366","p1":"Deriverse","p2":"Haziebien","format":"[Gen 9] Ubers","log":"|j|\u2606Deriverse\n|j|\u2606Haziebien\n|t:|1698556448\n|gametype|singles\n|player|p1|Deriverse|roxanne|1212\n|player|p2|Haziebien|elesa|1409\n|teamsize|p1|6\n|teamsize|p2|6\n|gen|9\n|tier|[Gen 9] Ubers\n|rated|\n|rule|Sleep Clause Mod: Limit one foe put to sleep\n|rule|Species Clause: Limit one of each Pok\u00e9mon\n|rule|OHKO Clause: OHKO moves are banned\n|rule|Evasion Items Clause: Evasion items are banned\n|rule|Evasion Moves Clause: Evasion moves are banned\n|rule|Endless Battle Clause: Forcing endless battles is banned\n|rule|HP Percentage Mod: HP is shown in percentages\n|clearpoke\n|poke|p1|Shaymin-Sky|\n|poke|p1|Flutter Mane|\n|poke|p1|Groudon|\n|poke|p1|Giratina|\n|poke|p1|Ribombee, M|\n|poke|p1|Cyclizar, M|\n|poke|p2|Kyogre|\n|poke|p2|Flutter Mane|\n|poke|p2|Arceus|\n|poke|p2|Koraidon|\n|poke|p2|Groudon|\n|poke|p2|Zacian-*|\n|teampreview\n|inactive|Battle timer is ON: inactive players will automatically lose when time's up. (requested by Deriverse)\n|inactive|Haziebien also wants the timer to be on.\n|\n|t:|1698556455\n|start\n|switch|p1a: Ribombee|Ribombee, M|100\/100\n|switch|p2a: Koraidon|Koraidon|100\/100\n|-weather|SunnyDay|[from] ability: Orichalcum Pulse|[of] p2a: Koraidon\n|-activate|p2a: Koraidon|Orichalcum Pulse|[source]\n|turn|1\n|\n|t:|1698556464\n|move|p2a: Koraidon|Flare Blitz|p1a: Ribombee\n|-supereffective|p1a: Ribombee\n|-enditem|p1a: Ribombee|Focus Sash\n|-damage|p1a: Ribombee|1\/100\n|-damage|p2a: Koraidon|75\/100|[from] Recoil\n|move|p1a: Ribombee|Sticky Web|p2a: Koraidon\n|-sidestart|p2: Haziebien|move: Sticky Web\n|\n|-weather|SunnyDay|[upkeep]\n|upkeep\n|turn|2\n|\n|t:|1698556471\n|move|p2a: Koraidon|Flare Blitz|p1a: Ribombee\n|-supereffective|p1a: Ribombee\n|-damage|p1a: Ribombee|0 fnt\n|faint|p1a: Ribombee\n|-damage|p2a: Koraidon|75\/100|[from] Recoil\n|\n|-weather|SunnyDay|[upkeep]\n|upkeep\n|\n|t:|1698556477\n|switch|p1a: Groudon|Groudon|100\/100\n|turn|3\n|\n|t:|1698556484\n|switch|p2a: Kyogre|Kyogre|100\/100\n|-activate|p2a: Kyogre|move: Sticky Web\n|-unboost|p2a: Kyogre|spe|1\n|-weather|RainDance|[from] ability: Drizzle|[of] p2a: Kyogre\n|move|p1a: Groudon|Precipice Blades|p2a: Kyogre|[miss]\n|-miss|p1a: Groudon|p2a: Kyogre\n|\n|-weather|RainDance|[upkeep]\n|upkeep\n|turn|4\n|\n|t:|1698556502\n|switch|p1a: Cyclizar|Cyclizar, M|100\/100\n|move|p2a: Kyogre|Ice Beam|p1a: Cyclizar\n|-supereffective|p1a: Cyclizar\n|-damage|p1a: Cyclizar|0 fnt\n|faint|p1a: Cyclizar\n|\n|-weather|RainDance|[upkeep]\n|upkeep\n|\n|t:|1698556507\n|switch|p1a: Flutter Mane|Flutter Mane|100\/100\n|turn|5\n|\n|t:|1698556514\n|move|p1a: Flutter Mane|Moonblast|p2a: Kyogre\n|-damage|p2a: Kyogre|66\/100\n|move|p2a: Kyogre|Surf|p1a: Flutter Mane\n|-damage|p1a: Flutter Mane|12\/100\n|\n|-weather|RainDance|[upkeep]\n|-heal|p1a: Flutter Mane|18\/100|[from] item: Leftovers\n|upkeep\n|turn|6\n|\n|t:|1698556520\n|move|p1a: Flutter Mane|Moonblast|p2a: Kyogre\n|-damage|p2a: Kyogre|34\/100\n|move|p2a: Kyogre|Ice Beam|p1a: Flutter Mane\n|-damage|p1a: Flutter Mane|0 fnt\n|faint|p1a: Flutter Mane\n|-end|p1a: Flutter Mane|Protosynthesis|[silent]\n|\n|-weather|RainDance|[upkeep]\n|upkeep\n|\n|t:|1698556530\n|switch|p1a: Groudon|Groudon|100\/100\n|-weather|SunnyDay|[from] ability: Drought|[of] p1a: Groudon\n|turn|7\n|\n|t:|1698556538\n|move|p1a: Groudon|Precipice Blades|p2a: Kyogre\n|-damage|p2a: Kyogre|0 fnt\n|faint|p2a: Kyogre\n|\n|-weather|SunnyDay|[upkeep]\n|upkeep\n|\n|t:|1698556549\n|switch|p2a: Groudon|Groudon|100\/100\n|-activate|p2a: Groudon|move: Sticky Web\n|-unboost|p2a: Groudon|spe|1\n|turn|8\n|\n|t:|1698556552\n|move|p1a: Groudon|Swords Dance|p1a: Groudon\n|-boost|p1a: Groudon|atk|2\n|move|p2a: Groudon|Will-O-Wisp|p1a: Groudon\n|-status|p1a: Groudon|brn\n|\n|-weather|SunnyDay|[upkeep]\n|-damage|p1a: Groudon|94\/100 brn|[from] brn\n|upkeep\n|turn|9\n|\n|t:|1698556557\n|move|p1a: Groudon|Precipice Blades|p2a: Groudon\n|-damage|p2a: Groudon|67\/100\n|move|p2a: Groudon|Precipice Blades|p1a: Groudon\n|-damage|p1a: Groudon|64\/100 brn\n|\n|-weather|SunnyDay|[upkeep]\n|-heal|p1a: Groudon|70\/100 brn|[from] item: Leftovers\n|-damage|p1a: Groudon|64\/100 brn|[from] brn\n|upkeep\n|turn|10\n|\n|t:|1698556562\n|move|p1a: Groudon|Swords Dance|p1a: Groudon\n|-boost|p1a: Groudon|atk|2\n|move|p2a: Groudon|Precipice Blades|p1a: Groudon\n|-damage|p1a: Groudon|31\/100 brn\n|\n|-weather|SunnyDay|[upkeep]\n|-heal|p1a: Groudon|37\/100 brn|[from] item: Leftovers\n|-damage|p1a: Groudon|31\/100 brn|[from] brn\n|upkeep\n|turn|11\n|\n|t:|1698556567\n|move|p1a: Groudon|Precipice Blades|p2a: Groudon\n|-damage|p2a: Groudon|17\/100\n|move|p2a: Groudon|Precipice Blades|p1a: Groudon\n|-damage|p1a: Groudon|2\/100 brn\n|\n|-weather|none\n|-heal|p1a: Groudon|9\/100 brn|[from] item: Leftovers\n|-damage|p1a: Groudon|2\/100 brn|[from] brn\n|upkeep\n|turn|12\n|\n|t:|1698556574\n|move|p1a: Groudon|Precipice Blades|p2a: Groudon|[miss]\n|-miss|p1a: Groudon|p2a: Groudon\n|move|p2a: Groudon|Spikes|p1a: Groudon\n|-sidestart|p1: Deriverse|Spikes\n|\n|-heal|p1a: Groudon|9\/100 brn|[from] item: Leftovers\n|-damage|p1a: Groudon|2\/100 brn|[from] brn\n|upkeep\n|turn|13\n|\n|t:|1698556579\n|move|p1a: Groudon|Precipice Blades|p2a: Groudon\n|-damage|p2a: Groudon|0 fnt\n|faint|p2a: Groudon\n|\n|-heal|p1a: Groudon|9\/100 brn|[from] item: Leftovers\n|-damage|p1a: Groudon|2\/100 brn|[from] brn\n|upkeep\n|\n|t:|1698556580\n|switch|p2a: Arceus|Arceus|100\/100\n|-activate|p2a: Arceus|move: Sticky Web\n|-unboost|p2a: Arceus|spe|1\n|turn|14\n|\n|t:|1698556582\n|move|p2a: Arceus|Extreme Speed|p1a: Groudon\n|-damage|p1a: Groudon|0 fnt\n|faint|p1a: Groudon\n|\n|upkeep\n|\n|t:|1698556585\n|switch|p1a: Giratina|Giratina|100\/100\n|-damage|p1a: Giratina|88\/100|[from] Spikes\n|-ability|p1a: Giratina|Pressure\n|turn|15\n|\n|t:|1698556593\n|switch|p2a: Zacian|Zacian-Crowned|100\/100\n|-activate|p2a: Zacian|move: Sticky Web\n|-unboost|p2a: Zacian|spe|1\n|-ability|p2a: Zacian|Intrepid Sword|boost\n|-boost|p2a: Zacian|atk|1\n|move|p1a: Giratina|Will-O-Wisp|p2a: Zacian\n|-status|p2a: Zacian|brn\n|\n|-heal|p1a: Giratina|94\/100|[from] item: Leftovers\n|-damage|p2a: Zacian|94\/100 brn|[from] brn\n|upkeep\n|turn|16\n|\n|t:|1698556608\n|move|p2a: Zacian|Play Rough|p1a: Giratina\n|-supereffective|p1a: Giratina\n|-damage|p1a: Giratina|60\/100\n|move|p1a: Giratina|Hex|p2a: Zacian\n|-damage|p2a: Zacian|45\/100 brn\n|\n|-heal|p1a: Giratina|67\/100|[from] item: Leftovers\n|-damage|p2a: Zacian|39\/100 brn|[from] brn\n|upkeep\n|turn|17\n|\n|t:|1698556622\n|-terastallize|p1a: Giratina|Poison\n|move|p2a: Zacian|Play Rough|p1a: Giratina\n|-resisted|p1a: Giratina\n|-damage|p1a: Giratina|58\/100\n|-unboost|p1a: Giratina|atk|1\n|move|p1a: Giratina|Hex|p2a: Zacian\n|-damage|p2a: Zacian|0 fnt\n|faint|p2a: Zacian\n|\n|-heal|p1a: Giratina|64\/100|[from] item: Leftovers\n|upkeep\n|\n|t:|1698556627\n|switch|p2a: Koraidon|Koraidon|75\/100\n|-activate|p2a: Koraidon|move: Sticky Web\n|-unboost|p2a: Koraidon|spe|1\n|-weather|SunnyDay|[from] ability: Orichalcum Pulse|[of] p2a: Koraidon\n|-activate|p2a: Koraidon|Orichalcum Pulse|[source]\n|turn|18\n|\n|t:|1698556636\n|-terastallize|p2a: Koraidon|Fire\n|move|p2a: Koraidon|Flare Blitz|p1a: Giratina\n|-damage|p1a: Giratina|5\/100\n|-status|p1a: Giratina|brn\n|-damage|p2a: Koraidon|47\/100|[from] Recoil\n|move|p1a: Giratina|Will-O-Wisp|p2a: Koraidon\n|-immune|p2a: Koraidon\n|\n|-weather|SunnyDay|[upkeep]\n|-heal|p1a: Giratina|11\/100 brn|[from] item: Leftovers\n|-damage|p1a: Giratina|5\/100 brn|[from] brn\n|upkeep\n|turn|19\n|\n|t:|1698556641\n|move|p2a: Koraidon|Flare Blitz|p1a: Giratina\n|-damage|p1a: Giratina|0 fnt\n|faint|p1a: Giratina\n|-damage|p2a: Koraidon|44\/100|[from] Recoil\n|\n|-weather|SunnyDay|[upkeep]\n|upkeep\n|\n|t:|1698556642\n|switch|p1a: Shaymin|Shaymin-Sky|100\/100\n|turn|20\n|\n|t:|1698556646\n|move|p1a: Shaymin|Air Slash|p2a: Koraidon\n|-damage|p2a: Koraidon|2\/100\n|cant|p2a: Koraidon|flinch\n|\n|-weather|SunnyDay|[upkeep]\n|upkeep\n|turn|21\n|\n|t:|1698556650\n|move|p1a: Shaymin|Air Slash|p2a: Koraidon\n|-damage|p2a: Koraidon|0 fnt\n|faint|p2a: Koraidon\n|\n|-weather|SunnyDay|[upkeep]\n|upkeep\n|\n|t:|1698556651\n|switch|p2a: Arceus|Arceus|100\/100\n|-activate|p2a: Arceus|move: Sticky Web\n|-unboost|p2a: Arceus|spe|1\n|turn|22\n|\n|t:|1698556653\n|move|p2a: Arceus|Extreme Speed|p1a: Shaymin\n|-crit|p1a: Shaymin\n|-damage|p1a: Shaymin|10\/100\n|move|p1a: Shaymin|Air Slash|p2a: Arceus\n|-damage|p2a: Arceus|72\/100\n|\n|-weather|none\n|upkeep\n|turn|23\n|\n|t:|1698556656\n|move|p2a: Arceus|Extreme Speed|p1a: Shaymin\n|-damage|p1a: Shaymin|0 fnt\n|faint|p1a: Shaymin\n|\n|win|Haziebien\n|raw|Deriverse's rating: 1212 &rarr; <strong>1200<\/strong><br \/>(-12 for losing)\n|raw|Haziebien's rating: 1409 &rarr; <strong>1419<\/strong><br \/>(+10 for winning)\n|l|\u2606Haziebien\n|l|\u2606Deriverse\n|j|\u2606Deriverse\n|player|p1|Deriverse|roxanne\n","uploadtime":1698557973,"views":9,"p1id":"deriverse","p2id":"haziebien","formatid":"gen9ubers","rating":1200,"private":0,"password":""}