{"id":"gen9ubers-1977830666","p1":"fwuffypetsowo","p2":"AlicieLizzie","format":"[Gen 9] Ubers","log":"|j|\u2606fwuffypetsowo\n|j|\u2606AlicieLizzie\n|t:|1698454894\n|gametype|singles\n|player|p1|fwuffypetsowo|zinnia|\n|player|p2|AlicieLizzie|pokemonbreederf|\n|teamsize|p1|6\n|teamsize|p2|6\n|gen|9\n|tier|[Gen 9] Ubers\n|rule|Sleep Clause Mod: Limit one foe put to sleep\n|rule|Species Clause: Limit one of each Pok\u00e9mon\n|rule|OHKO Clause: OHKO moves are banned\n|rule|Evasion Items Clause: Evasion items are banned\n|rule|Evasion Moves Clause: Evasion moves are banned\n|rule|Endless Battle Clause: Forcing endless battles is banned\n|rule|HP Percentage Mod: HP is shown in percentages\n|clearpoke\n|poke|p1|Torkoal, F|\n|poke|p1|Walking Wake|\n|poke|p1|Chi-Yu|\n|poke|p1|Leavanny, F|\n|poke|p1|Arceus-Poison|\n|poke|p1|Zacian-*|\n|poke|p2|Cyclizar, F|\n|poke|p2|Kommo-o, F|\n|poke|p2|Dondozo, M|\n|poke|p2|Shaymin-Sky|\n|poke|p2|Gholdengo|\n|poke|p2|Zacian-*|\n|teampreview\n|inactive|Battle timer is ON: inactive players will automatically lose when time's up. (requested by AlicieLizzie)\n|\n|t:|1698454904\n|start\n|switch|p1a: Leavanny|Leavanny, F|100\/100\n|switch|p2a: Cycle Dryer|Cyclizar, F|100\/100\n|turn|1\n|\n|t:|1698454911\n|move|p2a: Cycle Dryer|Taunt|p1a: Leavanny\n|-start|p1a: Leavanny|move: Taunt\n|cant|p1a: Leavanny|move: Taunt|Sticky Web\n|\n|upkeep\n|turn|2\n|\n|t:|1698454915\n|move|p2a: Cycle Dryer|Shed Tail|p2a: Cycle Dryer\n|-start|p2a: Cycle Dryer|Substitute|[from] move: Shed Tail\n|-damage|p2a: Cycle Dryer|50\/100\n|\n|t:|1698454917\n|switch|p2a: Kommo-OH NO|Kommo-o, F|100\/100|[from] Shed Tail\n|move|p1a: Leavanny|Knock Off|p2a: Kommo-OH NO\n|-resisted|p2a: Kommo-OH NO\n|-activate|p2a: Kommo-OH NO|move: Substitute|[damage]\n|\n|upkeep\n|turn|3\n|\n|t:|1698454923\n|move|p1a: Leavanny|Knock Off|p2a: Kommo-OH NO\n|-resisted|p2a: Kommo-OH NO\n|-activate|p2a: Kommo-OH NO|move: Substitute|[damage]\n|move|p2a: Kommo-OH NO|Clangorous Soul|p2a: Kommo-OH NO\n|-boost|p2a: Kommo-OH NO|atk|1\n|-boost|p2a: Kommo-OH NO|def|1\n|-boost|p2a: Kommo-OH NO|spa|1\n|-boost|p2a: Kommo-OH NO|spd|1\n|-boost|p2a: Kommo-OH NO|spe|1\n|-damage|p2a: Kommo-OH NO|68\/100\n|-enditem|p2a: Kommo-OH NO|Throat Spray\n|-boost|p2a: Kommo-OH NO|spa|1|[from] item: Throat Spray\n|\n|-end|p1a: Leavanny|move: Taunt\n|upkeep\n|turn|4\n|\n|t:|1698454936\n|-terastallize|p2a: Kommo-OH NO|Normal\n|move|p2a: Kommo-OH NO|Boomburst|p1a: Leavanny\n|-enditem|p1a: Leavanny|Focus Sash\n|-damage|p1a: Leavanny|1\/100\n|move|p1a: Leavanny|Lunge|p2a: Kommo-OH NO\n|-end|p2a: Kommo-OH NO|Substitute\n|\n|upkeep\n|turn|5\n|\n|t:|1698454943\n|move|p2a: Kommo-OH NO|Boomburst|p1a: Leavanny\n|-damage|p1a: Leavanny|0 fnt\n|faint|p1a: Leavanny\n|\n|upkeep\n|\n|t:|1698454956\n|switch|p1a: Torkoal|Torkoal, F|100\/100\n|-weather|SunnyDay|[from] ability: Drought|[of] p1a: Torkoal\n|turn|6\n|\n|t:|1698454962\n|switch|p1a: Zacian|Zacian|100\/100\n|-ability|p1a: Zacian|Intrepid Sword|boost\n|-boost|p1a: Zacian|atk|1\n|move|p2a: Kommo-OH NO|Boomburst|p1a: Zacian\n|-damage|p1a: Zacian|0 fnt\n|faint|p1a: Zacian\n|\n|-weather|SunnyDay|[upkeep]\n|upkeep\n|\n|t:|1698454967\n|switch|p1a: Walking Wake|Walking Wake|100\/100\n|-activate|p1a: Walking Wake|ability: Protosynthesis\n|-start|p1a: Walking Wake|protosynthesisspe\n|turn|7\n|\n|t:|1698454977\n|-terastallize|p1a: Walking Wake|Water\n|move|p1a: Walking Wake|Hydro Steam|p2a: Kommo-OH NO\n|-damage|p2a: Kommo-OH NO|0 fnt\n|faint|p2a: Kommo-OH NO\n|\n|-weather|SunnyDay|[upkeep]\n|upkeep\n|inactive|AlicieLizzie has 270 seconds left.\n|\n|t:|1698455012\n|switch|p2a: Spiffy as Silver|Gholdengo|100\/100\n|turn|8\n|inactive|AlicieLizzie has 270 seconds left.\n|\n|t:|1698455019\n|move|p1a: Walking Wake|Hydro Steam|p2a: Spiffy as Silver\n|-damage|p2a: Spiffy as Silver|0 fnt\n|faint|p2a: Spiffy as Silver\n|\n|-weather|SunnyDay|[upkeep]\n|upkeep\n|inactive|AlicieLizzie has 270 seconds left.\n|\n|t:|1698455025\n|switch|p2a: Marlon Brandozo|Dondozo, M|100\/100\n|turn|9\n|\n|t:|1698455028\n|move|p1a: Walking Wake|Hydro Steam|p2a: Marlon Brandozo\n|-resisted|p2a: Marlon Brandozo\n|-damage|p2a: Marlon Brandozo|42\/100\n|move|p2a: Marlon Brandozo|Curse|p2a: Marlon Brandozo\n|-unboost|p2a: Marlon Brandozo|spe|1\n|-boost|p2a: Marlon Brandozo|atk|1\n|-boost|p2a: Marlon Brandozo|def|1\n|\n|-weather|SunnyDay|[upkeep]\n|-heal|p2a: Marlon Brandozo|48\/100|[from] item: Leftovers\n|upkeep\n|turn|10\n|\n|t:|1698455031\n|move|p1a: Walking Wake|Hydro Steam|p2a: Marlon Brandozo\n|-resisted|p2a: Marlon Brandozo\n|-damage|p2a: Marlon Brandozo|0 fnt\n|faint|p2a: Marlon Brandozo\n|\n|-weather|SunnyDay|[upkeep]\n|upkeep\n|\n|t:|1698455033\n|switch|p2a: It's a Shayme|Shaymin-Sky|100\/100\n|turn|11\n|\n|t:|1698455040\n|-end|p1a: Walking Wake|Protosynthesis|[silent]\n|switch|p1a: Arceus|Arceus-Poison|100\/100\n|move|p2a: It's a Shayme|Seed Flare|p1a: Arceus\n|-resisted|p1a: Arceus\n|-damage|p1a: Arceus|81\/100\n|-unboost|p1a: Arceus|spd|2\n|\n|-weather|SunnyDay|[upkeep]\n|upkeep\n|turn|12\n|\n|t:|1698455046\n|move|p2a: It's a Shayme|Air Slash|p1a: Arceus\n|-damage|p1a: Arceus|35\/100\n|cant|p1a: Arceus|flinch\n|\n|-weather|SunnyDay|[upkeep]\n|upkeep\n|turn|13\n|\n|t:|1698455055\n|move|p2a: It's a Shayme|Air Slash|p1a: Arceus\n|-damage|p1a: Arceus|0 fnt\n|faint|p1a: Arceus\n|\n|-weather|none\n|upkeep\n|\n|t:|1698455058\n|switch|p1a: Torkoal|Torkoal, F|100\/100\n|-weather|SunnyDay|[from] ability: Drought|[of] p1a: Torkoal\n|turn|14\n|\n|t:|1698455082\n|move|p2a: It's a Shayme|Seed Flare|p1a: Torkoal\n|-resisted|p1a: Torkoal\n|-crit|p1a: Torkoal\n|-damage|p1a: Torkoal|50\/100\n|-unboost|p1a: Torkoal|spd|2\n|move|p1a: Torkoal|Lava Plume|p2a: It's a Shayme\n|-supereffective|p2a: It's a Shayme\n|-damage|p2a: It's a Shayme|20\/100\n|\n|-weather|SunnyDay|[upkeep]\n|upkeep\n|turn|15\n|c|\u2606fwuffypetsowo|love the nick on Skymin\n|\n|t:|1698455091\n|move|p2a: It's a Shayme|Seed Flare|p1a: Torkoal\n|-resisted|p1a: Torkoal\n|-damage|p1a: Torkoal|0 fnt\n|faint|p1a: Torkoal\n|\n|-weather|SunnyDay|[upkeep]\n|upkeep\n|\n|t:|1698455093\n|switch|p1a: Walking Wake|Walking Wake, tera:Water|100\/100\n|-activate|p1a: Walking Wake|ability: Protosynthesis\n|-start|p1a: Walking Wake|protosynthesisspe\n|turn|16\n|\n|t:|1698455096\n|move|p1a: Walking Wake|Hydro Steam|p2a: It's a Shayme\n|-resisted|p2a: It's a Shayme\n|-damage|p2a: It's a Shayme|0 fnt\n|faint|p2a: It's a Shayme\n|\n|-weather|SunnyDay|[upkeep]\n|upkeep\n|\n|t:|1698455103\n|switch|p2a: Cycle Dryer|Cyclizar, F|84\/100\n|turn|17\n|\n|t:|1698455107\n|move|p1a: Walking Wake|Hydro Steam|p2a: Cycle Dryer\n|-resisted|p2a: Cycle Dryer\n|-damage|p2a: Cycle Dryer|0 fnt\n|faint|p2a: Cycle Dryer\n|\n|-weather|SunnyDay|[upkeep]\n|upkeep\n|\n|t:|1698455109\n|switch|p2a: Zac King|Zacian|100\/100\n|-ability|p2a: Zac King|Intrepid Sword|boost\n|-boost|p2a: Zac King|atk|1\n|turn|18\n|\n|t:|1698455110\n|move|p1a: Walking Wake|Hydro Steam|p2a: Zac King\n|-damage|p2a: Zac King|0 fnt\n|faint|p2a: Zac King\n|\n|win|fwuffypetsowo\n|c|\u2606AlicieLizzie|gg\n|c|\u2606fwuffypetsowo|gg\n|c|\u2606AlicieLizzie|wild thing\n|c|\u2606fwuffypetsowo|Walking Wake moment\n","uploadtime":1698455120,"views":18,"p1id":"fwuffypetsowo","p2id":"alicielizzie","formatid":"gen9ubers","rating":0,"private":0,"password":""}