{"id":"gen9ubers-1967970866","p1":"rohnox37","p2":"Creator123","format":"[Gen 9] Ubers","log":"|j|\u2606rohnox37\n|j|\u2606Creator123\n|t:|1697367504\n|gametype|singles\n|player|p1|rohnox37|giovanni|\n|player|p2|Creator123|li|\n|teamsize|p1|6\n|teamsize|p2|4\n|gen|9\n|tier|[Gen 9] Ubers\n|rule|Sleep Clause Mod: Limit one foe put to sleep\n|rule|Species Clause: Limit one of each Pok\u00e9mon\n|rule|OHKO Clause: OHKO moves are banned\n|rule|Evasion Items Clause: Evasion items are banned\n|rule|Evasion Moves Clause: Evasion moves are banned\n|rule|Endless Battle Clause: Forcing endless battles is banned\n|rule|HP Percentage Mod: HP is shown in percentages\n|clearpoke\n|poke|p1|Meowscarada, M|\n|poke|p1|Rotom-Wash|\n|poke|p1|Iron Valiant|\n|poke|p1|Slowking-Galar, M|\n|poke|p1|Heatran, F|\n|poke|p1|Abomasnow, F|\n|poke|p2|Dragalge, M|\n|poke|p2|Dragonite, F|\n|poke|p2|Iron Valiant|\n|poke|p2|Jirachi|\n|teampreview\n|c|\u2606Creator123|\u0423\u0434\u0430\u0447\u0438)\n|\n|t:|1697367529\n|start\n|switch|p1a: Slowking|Slowking-Galar, M|100\/100\n|switch|p2a: Dragalge|Dragalge, M|100\/100\n|turn|1\n|\n|t:|1697367534\n|move|p2a: Dragalge|Toxic Spikes|p1a: Slowking\n|-sidestart|p1: rohnox37|move: Toxic Spikes\n|move|p1a: Slowking|Psychic|p2a: Dragalge\n|-supereffective|p2a: Dragalge\n|-enditem|p2a: Dragalge|Payapa Berry|[eat]\n|-enditem|p2a: Dragalge|Payapa Berry|[weaken]\n|-damage|p2a: Dragalge|61\/100\n|\n|upkeep\n|turn|2\n|j| Vinh26062007\n|\n|t:|1697367540\n|move|p2a: Dragalge|Shadow Ball|p1a: Slowking\n|-supereffective|p1a: Slowking\n|-damage|p1a: Slowking|63\/100\n|move|p1a: Slowking|Psychic|p2a: Dragalge\n|-supereffective|p2a: Dragalge\n|-damage|p2a: Dragalge|0 fnt\n|faint|p2a: Dragalge\n|\n|upkeep\n|\n|t:|1697367546\n|switch|p2a: Jirachi|Jirachi|100\/100\n|turn|3\n|\n|t:|1697367552\n|move|p2a: Jirachi|Stealth Rock|p1a: Slowking\n|-sidestart|p1: rohnox37|move: Stealth Rock\n|move|p1a: Slowking|Taunt|p2a: Jirachi\n|-start|p2a: Jirachi|move: Taunt\n|\n|upkeep\n|turn|4\n|\n|t:|1697367555\n|move|p2a: Jirachi|Future Sight|p1a: Slowking\n|-start|p2a: Jirachi|move: Future Sight\n|move|p1a: Slowking|Flamethrower|p2a: Jirachi\n|-supereffective|p2a: Jirachi\n|-crit|p2a: Jirachi\n|-damage|p2a: Jirachi|10\/100\n|\n|-heal|p2a: Jirachi|16\/100|[from] item: Leftovers\n|upkeep\n|turn|5\n|\n|t:|1697367567\n|move|p2a: Jirachi|Aura Sphere|p1a: Slowking\n|-resisted|p1a: Slowking\n|-damage|p1a: Slowking|58\/100\n|move|p1a: Slowking|Flamethrower|p2a: Jirachi\n|-supereffective|p2a: Jirachi\n|-damage|p2a: Jirachi|0 fnt\n|faint|p2a: Jirachi\n|\n|upkeep\n|\n|t:|1697367570\n|switch|p2a: Dragonite|Dragonite, F|100\/100\n|turn|6\n|\n|t:|1697367579\n|move|p2a: Dragonite|Dragon Dance|p2a: Dragonite\n|-boost|p2a: Dragonite|atk|1\n|-boost|p2a: Dragonite|spe|1\n|move|p1a: Slowking|Ice Beam|p2a: Dragonite\n|-supereffective|p2a: Dragonite\n|-damage|p2a: Dragonite|39\/100\n|-status|p2a: Dragonite|frz\n|\n|-end|p1a: Slowking|move: Future Sight\n|-damage|p1a: Slowking|9\/100\n|upkeep\n|turn|7\n|\n|t:|1697367586\n|cant|p2a: Dragonite|frz\n|move|p1a: Slowking|Ice Beam|p2a: Dragonite\n|-supereffective|p2a: Dragonite\n|-damage|p2a: Dragonite|0 fnt\n|faint|p2a: Dragonite\n|\n|upkeep\n|\n|t:|1697367588\n|switch|p2a: Iron Valiant|Iron Valiant|100\/100\n|-enditem|p2a: Iron Valiant|Booster Energy\n|-activate|p2a: Iron Valiant|ability: Quark Drive|[fromitem]\n|-start|p2a: Iron Valiant|quarkdriveatk\n|turn|8\n|\n|t:|1697367593\n|-terastallize|p2a: Iron Valiant|Dark\n|move|p2a: Iron Valiant|Agility|p2a: Iron Valiant\n|-boost|p2a: Iron Valiant|spe|2\n|move|p1a: Slowking|Psychic|p2a: Iron Valiant\n|-immune|p2a: Iron Valiant\n|\n|upkeep\n|turn|9\n|\n|t:|1697367599\n|move|p2a: Iron Valiant|Knock Off|p1a: Slowking\n|-supereffective|p1a: Slowking\n|-damage|p1a: Slowking|0 fnt\n|-enditem|p1a: Slowking|Shuca Berry|[from] move: Knock Off|[of] p2a: Iron Valiant\n|faint|p1a: Slowking\n|\n|upkeep\n|\n|t:|1697367605\n|switch|p1a: Abomasnow|Abomasnow, F|100\/100\n|-status|p1a: Abomasnow|psn\n|-damage|p1a: Abomasnow|76\/100 psn|[from] Stealth Rock\n|-weather|Snow|[from] ability: Snow Warning|[of] p1a: Abomasnow\n|turn|10\n|\n|t:|1697367612\n|move|p1a: Abomasnow|Ice Shard|p2a: Iron Valiant\n|-damage|p2a: Iron Valiant|83\/100\n|move|p2a: Iron Valiant|Close Combat|p1a: Abomasnow\n|-supereffective|p1a: Abomasnow\n|-damage|p1a: Abomasnow|0 fnt\n|-unboost|p2a: Iron Valiant|def|1\n|-unboost|p2a: Iron Valiant|spd|1\n|faint|p1a: Abomasnow\n|\n|-weather|Snow|[upkeep]\n|upkeep\n|\n|t:|1697367626\n|switch|p1a: Meowscarada|Meowscarada, M|100\/100\n|-status|p1a: Meowscarada|psn\n|-damage|p1a: Meowscarada|88\/100 psn|[from] Stealth Rock\n|turn|11\n|\n|t:|1697367638\n|move|p2a: Iron Valiant|Spirit Break|p1a: Meowscarada\n|-supereffective|p1a: Meowscarada\n|-damage|p1a: Meowscarada|0 fnt\n|faint|p1a: Meowscarada\n|\n|-weather|Snow|[upkeep]\n|upkeep\n|\n|t:|1697367648\n|switch|p1a: Heatran|Heatran, F|100\/100\n|-damage|p1a: Heatran|88\/100|[from] Stealth Rock\n|turn|12\n|\n|t:|1697367661\n|-terastallize|p1a: Heatran|Ground\n|move|p2a: Iron Valiant|Close Combat|p1a: Heatran\n|-damage|p1a: Heatran|14\/100\n|-unboost|p2a: Iron Valiant|def|1\n|-unboost|p2a: Iron Valiant|spd|1\n|move|p1a: Heatran|Magma Storm|p2a: Iron Valiant\n|-damage|p2a: Iron Valiant|0 fnt\n|faint|p2a: Iron Valiant\n|-end|p2a: Iron Valiant|Quark Drive|[silent]\n|\n|win|rohnox37\n|c|\u2606Creator123|\u0425\u0438\u0442\u0440\u0430\u043d\u0430 \u0443\u0431\u0438\u0440\u0430\u0439\n|l| Vinh26062007\n|l|\u2606Creator123\n|l|\u2606rohnox37\n|j|\u2606Creator123\n|player|p2|Creator123|li\n","uploadtime":1697367675,"views":28,"p1id":"rohnox37","p2id":"creator123","formatid":"gen9ubers","rating":0,"private":0,"password":""}