{"id":"gen9ubers-1980680713","p1":"lolgz","p2":"MarsisOurs","format":"[Gen 9] Ubers","log":"|j|\u2606lolgz\n|j|\u2606MarsisOurs\n|t:|1698812039\n|gametype|singles\n|player|p1|lolgz|266|\n|player|p2|MarsisOurs|palmer|\n|teamsize|p1|6\n|teamsize|p2|6\n|gen|9\n|tier|[Gen 9] Ubers\n|rule|Sleep Clause Mod: Limit one foe put to sleep\n|rule|Species Clause: Limit one of each Pok\u00e9mon\n|rule|OHKO Clause: OHKO moves are banned\n|rule|Evasion Items Clause: Evasion items are banned\n|rule|Evasion Moves Clause: Evasion moves are banned\n|rule|Endless Battle Clause: Forcing endless battles is banned\n|rule|HP Percentage Mod: HP is shown in percentages\n|clearpoke\n|poke|p1|Magearna|\n|poke|p1|Zacian-*|\n|poke|p1|Cyclizar, M|\n|poke|p1|Palkia-Origin|\n|poke|p1|Arceus-Fire|\n|poke|p1|Garchomp, F|\n|poke|p2|Arceus-Fire|\n|poke|p2|Chi-Yu|\n|poke|p2|Volcarona, M|\n|poke|p2|Torkoal, F|\n|poke|p2|Walking Wake|\n|poke|p2|Roaring Moon|\n|teampreview\n|inactive|Battle timer is ON: inactive players will automatically lose when time's up. (requested by lolgz)\n|\n|t:|1698812051\n|start\n|switch|p1a: Cyclizar|Cyclizar, M|100\/100\n|switch|p2a: Sun Bringer|Torkoal, F|100\/100\n|-weather|SunnyDay|[from] ability: Drought|[of] p2a: Sun Bringer\n|turn|1\n|\n|t:|1698812069\n|move|p1a: Cyclizar|Shed Tail|p1a: Cyclizar\n|-start|p1a: Cyclizar|Substitute|[from] move: Shed Tail\n|-damage|p1a: Cyclizar|50\/100\n|\n|t:|1698812074\n|switch|p1a: Arceus|Arceus-Fire|100\/100|[from] Shed Tail\n|move|p2a: Sun Bringer|Stealth Rock|p1a: Arceus\n|-sidestart|p1: lolgz|move: Stealth Rock\n|\n|-weather|SunnyDay|[upkeep]\n|upkeep\n|turn|2\n|\n|t:|1698812080\n|switch|p2a: T rex|Walking Wake|100\/100\n|-activate|p2a: T rex|ability: Protosynthesis\n|-start|p2a: T rex|protosynthesisspe\n|move|p1a: Arceus|Dragon Dance|p1a: Arceus\n|-boost|p1a: Arceus|atk|1\n|-boost|p1a: Arceus|spe|1\n|\n|-weather|SunnyDay|[upkeep]\n|upkeep\n|turn|3\n|\n|t:|1698812087\n|-terastallize|p1a: Arceus|Normal\n|move|p1a: Arceus|Extreme Speed|p2a: T rex\n|-damage|p2a: T rex|32\/100\n|move|p2a: T rex|Hydro Steam|p1a: Arceus\n|-crit|p1a: Arceus\n|-end|p1a: Arceus|Substitute\n|\n|-weather|SunnyDay|[upkeep]\n|upkeep\n|turn|4\n|\n|t:|1698812097\n|move|p1a: Arceus|Extreme Speed|p2a: T rex\n|-damage|p2a: T rex|0 fnt\n|faint|p2a: T rex\n|-end|p2a: T rex|Protosynthesis|[silent]\n|\n|-weather|SunnyDay|[upkeep]\n|upkeep\n|\n|t:|1698812110\n|switch|p2a: Funny Numbers|Chi-Yu|100\/100\n|-ability|p2a: Funny Numbers|Beads of Ruin\n|turn|5\n|\n|t:|1698812120\n|move|p1a: Arceus|Extreme Speed|p2a: Funny Numbers\n|-damage|p2a: Funny Numbers|0 fnt\n|faint|p2a: Funny Numbers\n|\n|-weather|none\n|upkeep\n|\n|t:|1698812125\n|switch|p2a: Sun Bringer|Torkoal, F|100\/100\n|-weather|SunnyDay|[from] ability: Drought|[of] p2a: Sun Bringer\n|turn|6\n|\n|t:|1698812130\n|move|p1a: Arceus|Extreme Speed|p2a: Sun Bringer\n|-damage|p2a: Sun Bringer|62\/100\n|move|p2a: Sun Bringer|Yawn|p1a: Arceus\n|-start|p1a: Arceus|move: Yawn|[of] p2a: Sun Bringer\n|\n|-weather|SunnyDay|[upkeep]\n|-heal|p2a: Sun Bringer|68\/100|[from] item: Leftovers\n|upkeep\n|turn|7\n|\n|t:|1698812142\n|switch|p2a: The Sun|Volcarona, M|100\/100\n|move|p1a: Arceus|Extreme Speed|p2a: The Sun\n|-damage|p2a: The Sun|19\/100\n|\n|-weather|SunnyDay|[upkeep]\n|-end|p1a: Arceus|move: Yawn|[silent]\n|-status|p1a: Arceus|slp\n|upkeep\n|turn|8\n|\n|t:|1698812152\n|cant|p1a: Arceus|slp\n|move|p2a: The Sun|Quiver Dance|p2a: The Sun\n|-boost|p2a: The Sun|spa|1\n|-boost|p2a: The Sun|spd|1\n|-boost|p2a: The Sun|spe|1\n|\n|-weather|SunnyDay|[upkeep]\n|upkeep\n|turn|9\n|\n|t:|1698812162\n|cant|p1a: Arceus|slp\n|move|p2a: The Sun|Fiery Dance|p1a: Arceus\n|-damage|p1a: Arceus|27\/100 slp\n|\n|-weather|SunnyDay|[upkeep]\n|upkeep\n|turn|10\n|\n|t:|1698812168\n|cant|p1a: Arceus|slp\n|move|p2a: The Sun|Fiery Dance|p1a: Arceus\n|-crit|p1a: Arceus\n|-damage|p1a: Arceus|0 fnt\n|faint|p1a: Arceus\n|\n|-weather|none\n|upkeep\n|\n|t:|1698812173\n|switch|p1a: Cyclizar|Cyclizar, M|84\/100\n|-damage|p1a: Cyclizar|71\/100|[from] Stealth Rock\n|turn|11\n|\n|t:|1698812186\n|move|p1a: Cyclizar|Draco Meteor|p2a: The Sun\n|-damage|p2a: The Sun|0 fnt\n|-unboost|p1a: Cyclizar|spa|2\n|faint|p2a: The Sun\n|\n|upkeep\n|\n|t:|1698812189\n|switch|p2a: Sun Bringer|Torkoal, F|68\/100\n|-weather|SunnyDay|[from] ability: Drought|[of] p2a: Sun Bringer\n|turn|12\n|\n|t:|1698812201\n|switch|p1a: Garchomp|Garchomp, F|100\/100\n|-damage|p1a: Garchomp|94\/100|[from] Stealth Rock\n|switch|p2a: God of Fire|Arceus-Fire|100\/100\n|\n|-weather|SunnyDay|[upkeep]\n|upkeep\n|turn|13\n|\n|t:|1698812221\n|-terastallize|p2a: God of Fire|Dragon\n|move|p1a: Garchomp|Earthquake|p2a: God of Fire\n|-damage|p2a: God of Fire|64\/100\n|move|p2a: God of Fire|Dragon Tail|p1a: Garchomp\n|-supereffective|p1a: Garchomp\n|-damage|p1a: Garchomp|30\/100\n|-damage|p2a: God of Fire|52\/100|[from] ability: Rough Skin|[of] p1a: Garchomp\n|drag|p1a: Magearna|Magearna|100\/100\n|-damage|p1a: Magearna|94\/100|[from] Stealth Rock\n|\n|-weather|SunnyDay|[upkeep]\n|-heal|p1a: Magearna|100\/100|[from] item: Leftovers\n|upkeep\n|turn|14\n|\n|t:|1698812235\n|move|p2a: God of Fire|Flare Blitz|p1a: Magearna\n|-supereffective|p1a: Magearna\n|-damage|p1a: Magearna|0 fnt\n|faint|p1a: Magearna\n|-damage|p2a: God of Fire|25\/100|[from] Recoil\n|\n|-weather|SunnyDay|[upkeep]\n|upkeep\n|\n|t:|1698812247\n|switch|p1a: Zacian|Zacian|100\/100\n|-damage|p1a: Zacian|88\/100|[from] Stealth Rock\n|-ability|p1a: Zacian|Intrepid Sword|boost\n|-boost|p1a: Zacian|atk|1\n|turn|15\n|\n|t:|1698812258\n|move|p1a: Zacian|Close Combat|p2a: God of Fire\n|-damage|p2a: God of Fire|0 fnt\n|-unboost|p1a: Zacian|def|1\n|-unboost|p1a: Zacian|spd|1\n|faint|p2a: God of Fire\n|\n|-weather|SunnyDay|[upkeep]\n|upkeep\n|\n|t:|1698812265\n|switch|p2a: Roaring Nyoom|Roaring Moon|100\/100\n|-activate|p2a: Roaring Nyoom|ability: Protosynthesis\n|-start|p2a: Roaring Nyoom|protosynthesisatk\n|turn|16\n|\n|t:|1698812272\n|move|p1a: Zacian|Close Combat|p2a: Roaring Nyoom\n|-supereffective|p2a: Roaring Nyoom\n|-damage|p2a: Roaring Nyoom|0 fnt\n|-unboost|p1a: Zacian|def|1\n|-unboost|p1a: Zacian|spd|1\n|faint|p2a: Roaring Nyoom\n|-end|p2a: Roaring Nyoom|Protosynthesis|[silent]\n|\n|-weather|none\n|upkeep\n|\n|t:|1698812276\n|switch|p2a: Sun Bringer|Torkoal, F|68\/100\n|-weather|SunnyDay|[from] ability: Drought|[of] p2a: Sun Bringer\n|turn|17\n|c|\u2606MarsisOurs|gg\n|\n|t:|1698812280\n|move|p1a: Zacian|Close Combat|p2a: Sun Bringer\n|-damage|p2a: Sun Bringer|16\/100\n|-unboost|p1a: Zacian|def|1\n|-unboost|p1a: Zacian|spd|1\n|move|p2a: Sun Bringer|Will-O-Wisp|p1a: Zacian\n|-status|p1a: Zacian|brn\n|\n|-weather|SunnyDay|[upkeep]\n|-heal|p2a: Sun Bringer|23\/100|[from] item: Leftovers\n|-damage|p1a: Zacian|82\/100 brn|[from] brn\n|upkeep\n|turn|18\n|\n|t:|1698812292\n|move|p1a: Zacian|Close Combat|p2a: Sun Bringer\n|-damage|p2a: Sun Bringer|0 fnt\n|-unboost|p1a: Zacian|def|1\n|-unboost|p1a: Zacian|spd|1\n|faint|p2a: Sun Bringer\n|\n|win|lolgz\n","uploadtime":1698812329,"views":14,"p1id":"lolgz","p2id":"marsisours","formatid":"gen9ubers","rating":0,"private":0,"password":""}