{"id":"gen9ubers-1984847278","p1":"gottagonotsofast","p2":"RiddleDog","format":"[Gen 9] Ubers","log":"|j|\u2606gottagonotsofast\n|j|\u2606RiddleDog\n|t:|1699304094\n|gametype|singles\n|player|p1|gottagonotsofast|169|\n|player|p2|RiddleDog|dawn-gen4pt|\n|teamsize|p1|6\n|teamsize|p2|6\n|gen|9\n|tier|[Gen 9] Ubers\n|rule|Sleep Clause Mod: Limit one foe put to sleep\n|rule|Species Clause: Limit one of each Pok\u00e9mon\n|rule|OHKO Clause: OHKO moves are banned\n|rule|Evasion Items Clause: Evasion items are banned\n|rule|Evasion Moves Clause: Evasion moves are banned\n|rule|Endless Battle Clause: Forcing endless battles is banned\n|rule|HP Percentage Mod: HP is shown in percentages\n|clearpoke\n|poke|p1|Kingambit, F|\n|poke|p1|Ribombee, F|\n|poke|p1|Moltres|\n|poke|p1|Ogerpon-Wellspring, F|\n|poke|p1|Poliwrath, F|\n|poke|p1|Landorus, M|\n|poke|p2|Chi-Yu|\n|poke|p2|Meowscarada, F|\n|poke|p2|Iron Treads|\n|poke|p2|Zoroark-Hisui, M|\n|poke|p2|Vaporeon, F|\n|poke|p2|Mimikyu, F|\n|teampreview\n|j| rustygoomba\n|\n|t:|1699304131\n|start\n|switch|p1a: Moltres|Moltres|100\/100\n|switch|p2a: Ralph|Iron Treads|100\/100\n|turn|1\n|\n|t:|1699304161\n|switch|p2a: cat|Vaporeon, F|100\/100\n|move|p1a: Moltres|Flamethrower|p2a: cat\n|-resisted|p2a: cat\n|-damage|p2a: cat|86\/100\n|\n|-heal|p2a: cat|92\/100|[from] item: Leftovers\n|upkeep\n|turn|2\n|\n|t:|1699304171\n|switch|p1a: Poliwrath|Poliwrath, F|100\/100\n|move|p2a: cat|Blizzard|p1a: Poliwrath\n|-resisted|p1a: Poliwrath\n|-damage|p1a: Poliwrath|92\/100\n|\n|-heal|p2a: cat|98\/100|[from] item: Leftovers\n|upkeep\n|turn|3\n|\n|t:|1699304186\n|switch|p2a: IT'S PIKACHU!!!!|Mimikyu, F|100\/100\n|move|p1a: Poliwrath|Knock Off|p2a: IT'S PIKACHU!!!!\n|-activate|p2a: IT'S PIKACHU!!!!|ability: Disguise\n|-damage|p2a: IT'S PIKACHU!!!!|100\/100\n|-enditem|p2a: IT'S PIKACHU!!!!|Life Orb|[from] move: Knock Off|[of] p1a: Poliwrath\n|detailschange|p2a: IT'S PIKACHU!!!!|Mimikyu-Busted, F\n|-damage|p2a: IT'S PIKACHU!!!!|88\/100|[from] pokemon: Mimikyu-Busted\n|\n|upkeep\n|turn|4\n|\n|t:|1699304221\n|switch|p1a: Moltres|Moltres|100\/100\n|move|p2a: IT'S PIKACHU!!!!|Play Rough|p1a: Moltres\n|-resisted|p1a: Moltres\n|-damage|p1a: Moltres|83\/100\n|-status|p2a: IT'S PIKACHU!!!!|brn|[from] ability: Flame Body|[of] p1a: Moltres\n|\n|-damage|p2a: IT'S PIKACHU!!!!|82\/100 brn|[from] brn\n|upkeep\n|turn|5\n|\n|t:|1699304247\n|switch|p2a: Matthew|Chi-Yu|100\/100\n|-ability|p2a: Matthew|Beads of Ruin\n|move|p1a: Moltres|Flamethrower|p2a: Matthew\n|-resisted|p2a: Matthew\n|-damage|p2a: Matthew|75\/100\n|\n|upkeep\n|turn|6\n|\n|t:|1699304263\n|switch|p1a: Poliwrath|Poliwrath, F|92\/100\n|move|p2a: Matthew|Dark Pulse|p1a: Poliwrath\n|-resisted|p1a: Poliwrath\n|-damage|p1a: Poliwrath|73\/100\n|\n|upkeep\n|turn|7\n|\n|t:|1699304286\n|switch|p2a: IT'S PIKACHU!!!!|Mimikyu-Busted, F|82\/100 brn\n|move|p1a: Poliwrath|Knock Off|p2a: IT'S PIKACHU!!!!\n|-damage|p2a: IT'S PIKACHU!!!!|47\/100 brn\n|\n|-damage|p2a: IT'S PIKACHU!!!!|41\/100 brn|[from] brn\n|upkeep\n|turn|8\n|\n|t:|1699304303\n|switch|p2a: cat|Vaporeon, F|98\/100\n|switch|p1a: Moltres|Moltres|83\/100\n|\n|-heal|p2a: cat|100\/100|[from] item: Leftovers\n|upkeep\n|turn|9\n|\n|t:|1699304315\n|switch|p1a: Poliwrath|Poliwrath, F|73\/100\n|move|p2a: cat|Blizzard|p1a: Poliwrath\n|-resisted|p1a: Poliwrath\n|-damage|p1a: Poliwrath|65\/100\n|\n|upkeep\n|turn|10\n|\n|t:|1699304332\n|switch|p2a: Morgana|Meowscarada, F, shiny|100\/100\n|move|p1a: Poliwrath|Knock Off|p2a: Morgana\n|-resisted|p2a: Morgana\n|-damage|p2a: Morgana|78\/100\n|-enditem|p2a: Morgana|Choice Band|[from] move: Knock Off|[of] p1a: Poliwrath\n|\n|upkeep\n|turn|11\n|\n|t:|1699304354\n|switch|p1a: Moltres|Moltres|83\/100\n|move|p2a: Morgana|Knock Off|p1a: Moltres\n|-start|p2a: Morgana|typechange|Dark|[from] ability: Protean\n|-damage|p1a: Moltres|40\/100\n|-enditem|p1a: Moltres|Heavy-Duty Boots|[from] move: Knock Off|[of] p2a: Morgana\n|\n|upkeep\n|turn|12\n|\n|t:|1699304373\n|move|p2a: Morgana|Knock Off|p1a: Moltres\n|-damage|p1a: Moltres|10\/100\n|move|p1a: Moltres|Roost|p1a: Moltres\n|-heal|p1a: Moltres|60\/100\n|-singleturn|p1a: Moltres|move: Roost\n|\n|upkeep\n|turn|13\n|\n|t:|1699304394\n|switch|p2a: cat|Vaporeon, F|100\/100\n|move|p1a: Moltres|Roost|p1a: Moltres\n|-heal|p1a: Moltres|100\/100\n|-singleturn|p1a: Moltres|move: Roost\n|\n|upkeep\n|turn|14\n|\n|t:|1699304430\n|switch|p1a: Poliwrath|Poliwrath, F|65\/100\n|move|p2a: cat|Blizzard|p1a: Poliwrath|[miss]\n|-miss|p2a: cat|p1a: Poliwrath\n|\n|upkeep\n|turn|15\n|\n|t:|1699304447\n|move|p1a: Poliwrath|Knock Off|p2a: cat\n|-damage|p2a: cat|76\/100\n|-enditem|p2a: cat|Leftovers|[from] move: Knock Off|[of] p1a: Poliwrath\n|move|p2a: cat|Blizzard|p1a: Poliwrath\n|-resisted|p1a: Poliwrath\n|-damage|p1a: Poliwrath|56\/100\n|\n|upkeep\n|turn|16\n|\n|t:|1699304463\n|move|p1a: Poliwrath|Drain Punch|p2a: cat\n|-damage|p2a: cat|47\/100\n|-heal|p1a: Poliwrath|74\/100|[from] drain|[of] p2a: cat\n|move|p2a: cat|Wish|p2a: cat\n|\n|upkeep\n|turn|17\n|\n|t:|1699304479\n|switch|p1a: Ogerpon|Ogerpon-Wellspring, F|100\/100\n|switch|p2a: IT'S PIKACHU!!!!|Mimikyu-Busted, F|41\/100 brn\n|\n|-heal|p2a: IT'S PIKACHU!!!!|100\/100 brn|[from] move: Wish|[wisher] cat\n|-damage|p2a: IT'S PIKACHU!!!!|95\/100 brn|[from] brn\n|upkeep\n|turn|18\n|\n|t:|1699304519\n|switch|p1a: Ribombee|Ribombee, F|100\/100\n|switch|p2a: Morgana|Meowscarada, F, shiny|78\/100\n|\n|upkeep\n|turn|19\n|\n|t:|1699304534\n|switch|p2a: Ralph|Iron Treads|100\/100\n|-enditem|p2a: Ralph|Booster Energy\n|-activate|p2a: Ralph|ability: Quark Drive|[fromitem]\n|-start|p2a: Ralph|quarkdrivespe\n|move|p1a: Ribombee|Moonblast|p2a: Ralph\n|-resisted|p2a: Ralph\n|-damage|p2a: Ralph|74\/100\n|\n|upkeep\n|turn|20\n|\n|t:|1699304541\n|switch|p1a: Landorus|Landorus, M|100\/100\n|move|p2a: Ralph|Ice Spinner|p1a: Landorus\n|-supereffective|p1a: Landorus\n|-damage|p1a: Landorus|0 fnt\n|faint|p1a: Landorus\n|\n|upkeep\n|c| rustygoomba|woah\n|\n|t:|1699304556\n|switch|p1a: Poliwrath|Poliwrath, F|74\/100\n|turn|21\n|\n|t:|1699304562\n|move|p2a: Ralph|Earthquake|p1a: Poliwrath\n|-crit|p1a: Poliwrath\n|-damage|p1a: Poliwrath|9\/100\n|move|p1a: Poliwrath|Drain Punch|p2a: Ralph\n|-supereffective|p2a: Ralph\n|-damage|p2a: Ralph|15\/100\n|-heal|p1a: Poliwrath|34\/100|[from] drain|[of] p2a: Ralph\n|\n|upkeep\n|turn|22\n|\n|t:|1699304585\n|-end|p2a: Ralph|Quark Drive|[silent]\n|switch|p2a: cat|Vaporeon, F|47\/100\n|switch|p1a: Moltres|Moltres|100\/100\n|\n|upkeep\n|turn|23\n|c| rustygoomba|???\n|\n|t:|1699304610\n|move|p1a: Moltres|Will-O-Wisp|p2a: cat\n|-status|p2a: cat|brn\n|move|p2a: cat|Wish|p2a: cat\n|\n|-damage|p2a: cat|40\/100 brn|[from] brn\n|upkeep\n|turn|24\n|\n|t:|1699304618\n|move|p1a: Moltres|Hurricane|p2a: cat|[miss]\n|-miss|p1a: Moltres|p2a: cat\n|move|p2a: cat|Scald|p1a: Moltres\n|-supereffective|p1a: Moltres\n|-damage|p1a: Moltres|53\/100\n|\n|-heal|p2a: cat|90\/100 brn|[from] move: Wish|[wisher] cat\n|-damage|p2a: cat|84\/100 brn|[from] brn\n|upkeep\n|turn|25\n|\n|t:|1699304636\n|switch|p1a: Poliwrath|Poliwrath, F|34\/100\n|move|p2a: cat|Blizzard|p1a: Poliwrath\n|-resisted|p1a: Poliwrath\n|-damage|p1a: Poliwrath|25\/100\n|\n|-damage|p2a: cat|78\/100 brn|[from] brn\n|upkeep\n|turn|26\n|\n|t:|1699304653\n|switch|p2a: IT'S PIKACHU!!!!|Mimikyu-Busted, F|95\/100 brn\n|move|p1a: Poliwrath|Drain Punch|p2a: IT'S PIKACHU!!!!\n|-immune|p2a: IT'S PIKACHU!!!!\n|\n|-damage|p2a: IT'S PIKACHU!!!!|89\/100 brn|[from] brn\n|upkeep\n|turn|27\n|\n|t:|1699304685\n|switch|p2a: Matthew|Chi-Yu|75\/100\n|-ability|p2a: Matthew|Beads of Ruin\n|move|p1a: Poliwrath|Liquidation|p2a: Matthew\n|-supereffective|p2a: Matthew\n|-damage|p2a: Matthew|0 fnt\n|faint|p2a: Matthew\n|\n|upkeep\n|\n|t:|1699304692\n|switch|p2a: IT'S PIKACHU!!!!|Mimikyu-Busted, F|89\/100 brn\n|turn|28\n|\n|t:|1699304702\n|move|p2a: IT'S PIKACHU!!!!|Play Rough|p1a: Poliwrath\n|-supereffective|p1a: Poliwrath\n|-crit|p1a: Poliwrath\n|-damage|p1a: Poliwrath|0 fnt\n|faint|p1a: Poliwrath\n|\n|-damage|p2a: IT'S PIKACHU!!!!|83\/100 brn|[from] brn\n|upkeep\n|\n|t:|1699304724\n|switch|p1a: Ogerpon|Ogerpon-Wellspring, F|100\/100\n|turn|29\n|\n|t:|1699304763\n|switch|p2a: Morgana|Meowscarada, F, shiny|78\/100\n|move|p1a: Ogerpon|Ivy Cudgel|p2a: Morgana\n|-resisted|p2a: Morgana\n|-crit|p2a: Morgana\n|-damage|p2a: Morgana|6\/100\n|\n|upkeep\n|turn|30\n|\n|t:|1699304780\n|switch|p1a: Moltres|Moltres|53\/100\n|move|p2a: Morgana|U-turn|p1a: Moltres\n|-start|p2a: Morgana|typechange|Bug|[from] ability: Protean\n|-resisted|p1a: Moltres\n|-damage|p1a: Moltres|46\/100\n|\n|t:|1699304785\n|switch|p2a: cat|Vaporeon, F|78\/100 brn|[from] U-turn\n|\n|-damage|p2a: cat|72\/100 brn|[from] brn\n|upkeep\n|turn|31\n|\n|t:|1699304820\n|switch|p1a: Ribombee|Ribombee, F|100\/100\n|move|p2a: cat|Wish|p2a: cat\n|\n|-damage|p2a: cat|65\/100 brn|[from] brn\n|upkeep\n|turn|32\n|\n|t:|1699304832\n|move|p1a: Ribombee|Moonblast|p2a: cat\n|-damage|p2a: cat|36\/100 brn\n|move|p2a: cat|Scald|p1a: Ribombee\n|-damage|p1a: Ribombee|44\/100\n|\n|-heal|p2a: cat|86\/100 brn|[from] move: Wish|[wisher] cat\n|-damage|p2a: cat|80\/100 brn|[from] brn\n|upkeep\n|turn|33\n|\n|t:|1699304849\n|switch|p1a: Ogerpon|Ogerpon-Wellspring, F|100\/100\n|move|p2a: cat|Blizzard|p1a: Ogerpon\n|-damage|p1a: Ogerpon|69\/100\n|\n|-damage|p2a: cat|74\/100 brn|[from] brn\n|upkeep\n|turn|34\n|\n|t:|1699304891\n|move|p2a: cat|Protect|p2a: cat\n|-singleturn|p2a: cat|Protect\n|move|p1a: Ogerpon|Swords Dance|p1a: Ogerpon\n|-boost|p1a: Ogerpon|atk|2\n|\n|-damage|p2a: cat|68\/100 brn|[from] brn\n|upkeep\n|turn|35\n|\n|t:|1699304925\n|move|p1a: Ogerpon|Play Rough|p2a: cat\n|-damage|p2a: cat|5\/100 brn\n|move|p2a: cat|Wish|p2a: cat\n|\n|-damage|p2a: cat|0 fnt|[from] brn\n|faint|p2a: cat\n|upkeep\n|\n|t:|1699304946\n|switch|p2a: Morgana|Meowscarada, F, shiny|6\/100\n|turn|36\n|\n|t:|1699304960\n|switch|p1a: Moltres|Moltres|46\/100\n|move|p2a: Morgana|Sucker Punch||[still]\n|-fail|p2a: Morgana\n|\n|-heal|p2a: Morgana|85\/100|[from] move: Wish|[wisher] cat\n|upkeep\n|turn|37\n|\n|t:|1699304989\n|switch|p2a: IT'S PIKACHU!!!!|Mimikyu-Busted, F|100\/100\n|move|p1a: Moltres|Flamethrower|p2a: IT'S PIKACHU!!!!\n|-damage|p2a: IT'S PIKACHU!!!!|20\/100\n|replace|p2a: Henri|Zoroark-Hisui, M\n|-end|p2a: Henri|Illusion\n|\n|upkeep\n|turn|38\n|\n|t:|1699305005\n|move|p2a: Henri|Shadow Ball|p1a: Moltres\n|-damage|p1a: Moltres|11\/100\n|move|p1a: Moltres|Roost|p1a: Moltres\n|-heal|p1a: Moltres|61\/100\n|-singleturn|p1a: Moltres|move: Roost\n|\n|upkeep\n|turn|39\n|\n|t:|1699305019\n|move|p2a: Henri|Shadow Ball|p1a: Moltres\n|-damage|p1a: Moltres|28\/100\n|-unboost|p1a: Moltres|spd|1\n|move|p1a: Moltres|Flamethrower|p2a: Henri\n|-damage|p2a: Henri|0 fnt\n|faint|p2a: Henri\n|\n|upkeep\n|\n|t:|1699305027\n|switch|p2a: IT'S PIKACHU!!!!|Mimikyu-Busted, F|83\/100 brn\n|turn|40\n|\n|t:|1699305030\n|move|p2a: IT'S PIKACHU!!!!|Psychic|p1a: Moltres\n|-damage|p1a: Moltres|15\/100\n|move|p1a: Moltres|Flamethrower|p2a: IT'S PIKACHU!!!!\n|-damage|p2a: IT'S PIKACHU!!!!|28\/100 brn\n|\n|-damage|p2a: IT'S PIKACHU!!!!|22\/100 brn|[from] brn\n|upkeep\n|turn|41\n|\n|t:|1699305035\n|move|p2a: IT'S PIKACHU!!!!|Psychic|p1a: Moltres\n|-damage|p1a: Moltres|3\/100\n|-unboost|p1a: Moltres|spd|1\n|move|p1a: Moltres|Flamethrower|p2a: IT'S PIKACHU!!!!\n|-damage|p2a: IT'S PIKACHU!!!!|0 fnt\n|faint|p2a: IT'S PIKACHU!!!!\n|\n|upkeep\n|\n|t:|1699305042\n|switch|p2a: Ralph|Iron Treads|15\/100\n|turn|42\n|\n|t:|1699305051\n|move|p2a: Ralph|Ice Spinner|p1a: Moltres\n|-damage|p1a: Moltres|0 fnt\n|faint|p1a: Moltres\n|\n|upkeep\n|\n|t:|1699305055\n|switch|p1a: Ogerpon|Ogerpon-Wellspring, F|69\/100\n|turn|43\n|\n|t:|1699305059\n|move|p1a: Ogerpon|Ivy Cudgel|p2a: Ralph\n|-supereffective|p2a: Ralph\n|-damage|p2a: Ralph|0 fnt\n|faint|p2a: Ralph\n|-end|p2a: Ralph|Quark Drive|[silent]\n|\n|upkeep\n|\n|t:|1699305063\n|switch|p2a: Morgana|Meowscarada, F, shiny|85\/100\n|turn|44\n|\n|t:|1699305067\n|move|p2a: Morgana|U-turn|p1a: Ogerpon\n|-start|p2a: Morgana|typechange|Bug|[from] ability: Protean\n|-supereffective|p1a: Ogerpon\n|-damage|p1a: Ogerpon|0 fnt\n|faint|p1a: Ogerpon\n|\n|upkeep\n|\n|t:|1699305072\n|switch|p1a: Ribombee|Ribombee, F|44\/100\n|turn|45\n|\n|t:|1699305080\n|move|p1a: Ribombee|Moonblast|p2a: Morgana\n|-damage|p2a: Morgana|26\/100\n|move|p2a: Morgana|Flower Trick|p1a: Ribombee\n|-resisted|p1a: Ribombee\n|-crit|p1a: Ribombee\n|-damage|p1a: Ribombee|10\/100\n|\n|upkeep\n|turn|46\n|\n|t:|1699305098\n|move|p2a: Morgana|Sucker Punch|p1a: Ribombee\n|-resisted|p1a: Ribombee\n|-damage|p1a: Ribombee|0 fnt\n|faint|p1a: Ribombee\n|\n|upkeep\n|\n|t:|1699305100\n|switch|p1a: Kingambit|Kingambit, F|100\/100\n|-activate|p1a: Kingambit|ability: Supreme Overlord\n|-start|p1a: Kingambit|fallen5|[silent]\n|turn|47\n|\n|t:|1699305108\n|move|p2a: Morgana|U-turn|p1a: Kingambit\n|-damage|p1a: Kingambit|76\/100\n|move|p1a: Kingambit|Kowtow Cleave|p2a: Morgana\n|-damage|p2a: Morgana|0 fnt\n|faint|p2a: Morgana\n|\n|win|gottagonotsofast\n","uploadtime":1699305116,"views":6,"p1id":"gottagonotsofast","p2id":"riddledog","formatid":"gen9ubers","rating":0,"private":0,"password":""}