{"id":"gen9ubers-1990050137","p1":"Poken00bz","p2":"SDK04","format":"[Gen 9] Ubers","log":"|j|\u2606Poken00bz\n|j|\u2606SDK04\n|t:|1699919163\n|gametype|singles\n|player|p1|Poken00bz|ruinmaniac|1056\n|player|p2|SDK04|unknown|1196\n|teamsize|p1|6\n|teamsize|p2|6\n|gen|9\n|tier|[Gen 9] Ubers\n|rated|\n|rule|Sleep Clause Mod: Limit one foe put to sleep\n|rule|Species Clause: Limit one of each Pok\u00e9mon\n|rule|OHKO Clause: OHKO moves are banned\n|rule|Evasion Items Clause: Evasion items are banned\n|rule|Evasion Moves Clause: Evasion moves are banned\n|rule|Endless Battle Clause: Forcing endless battles is banned\n|rule|HP Percentage Mod: HP is shown in percentages\n|clearpoke\n|poke|p1|Espathra, F|\n|poke|p1|Palafin, M|\n|poke|p1|Sneasler, M|\n|poke|p1|Flutter Mane|\n|poke|p1|Iron Thorns|\n|poke|p1|Tropius, F|\n|poke|p2|Grimmsnarl, M|\n|poke|p2|Miraidon|\n|poke|p2|Koraidon|\n|poke|p2|Zacian-*|\n|poke|p2|Iron Treads|\n|poke|p2|Gliscor, F|\n|teampreview\n|inactive|Battle timer is ON: inactive players will automatically lose when time's up. (requested by SDK04)\n|inactive|Poken00bz has 120 seconds left.\n|\n|t:|1699919200\n|start\n|switch|p1a: Sneasler|Sneasler, M|100\/100\n|switch|p2a: Scary Monsters|Grimmsnarl, M|100\/100\n|turn|1\n|\n|t:|1699919204\n|move|p1a: Sneasler|Fake Out|p2a: Scary Monsters\n|-enditem|p1a: Sneasler|Normal Gem|[from] gem\n|-damage|p2a: Scary Monsters|82\/100\n|cant|p2a: Scary Monsters|flinch\n|\n|upkeep\n|turn|2\n|\n|t:|1699919215\n|move|p2a: Scary Monsters|Reflect|p2a: Scary Monsters\n|-sidestart|p2: SDK04|Reflect\n|move|p1a: Sneasler|Dire Claw|p2a: Scary Monsters\n|-supereffective|p2a: Scary Monsters\n|-damage|p2a: Scary Monsters|42\/100\n|\n|upkeep\n|turn|3\n|\n|t:|1699919219\n|move|p2a: Scary Monsters|Light Screen|p2a: Scary Monsters\n|-sidestart|p2: SDK04|move: Light Screen\n|move|p1a: Sneasler|Dire Claw|p2a: Scary Monsters\n|-supereffective|p2a: Scary Monsters\n|-damage|p2a: Scary Monsters|5\/100\n|-status|p2a: Scary Monsters|psn\n|\n|-damage|p2a: Scary Monsters|0 fnt|[from] psn\n|faint|p2a: Scary Monsters\n|upkeep\n|\n|t:|1699919221\n|switch|p2a: Himiko|Gliscor, F|100\/100\n|turn|4\n|\n|t:|1699919229\n|move|p1a: Sneasler|Dire Claw|p2a: Himiko\n|-resisted|p2a: Himiko\n|-damage|p2a: Himiko|91\/100\n|move|p2a: Himiko|Agility|p2a: Himiko\n|-boost|p2a: Himiko|spe|2\n|\n|-status|p2a: Himiko|tox|[from] item: Toxic Orb\n|upkeep\n|turn|5\n|\n|t:|1699919255\n|-terastallize|p1a: Sneasler|Flying\n|move|p1a: Sneasler|Acrobatics|p2a: Himiko\n|-damage|p2a: Himiko|63\/100 tox\n|move|p2a: Himiko|Swords Dance|p2a: Himiko\n|-boost|p2a: Himiko|atk|2\n|\n|-heal|p2a: Himiko|76\/100 tox|[from] ability: Poison Heal\n|upkeep\n|turn|6\n|inactive|Poken00bz has 120 seconds left.\n|\n|t:|1699919273\n|switch|p1a: Tropius|Tropius, F|100\/100\n|move|p2a: Himiko|Swords Dance|p2a: Himiko\n|-boost|p2a: Himiko|atk|2\n|\n|-heal|p2a: Himiko|88\/100 tox|[from] ability: Poison Heal\n|upkeep\n|turn|7\n|\n|t:|1699919278\n|move|p2a: Himiko|Dual Wingbeat|p1a: Tropius\n|-supereffective|p1a: Tropius\n|-damage|p1a: Tropius|5\/100\n|-enditem|p1a: Tropius|Sitrus Berry|[eat]\n|-heal|p1a: Tropius|30\/100|[from] item: Sitrus Berry\n|-supereffective|p1a: Tropius\n|-damage|p1a: Tropius|0 fnt\n|faint|p1a: Tropius\n|-hitcount|p1: Tropius|2\n|\n|-heal|p2a: Himiko|100\/100 tox|[from] ability: Poison Heal\n|upkeep\n|\n|t:|1699919286\n|switch|p1a: Bigger Chicken|Espathra, F|100\/100\n|turn|8\n|\n|t:|1699919290\n|move|p1a: Bigger Chicken|Protect|p1a: Bigger Chicken\n|-singleturn|p1a: Bigger Chicken|Protect\n|move|p2a: Himiko|Dual Wingbeat|p1a: Bigger Chicken\n|-activate|p1a: Bigger Chicken|move: Protect\n|\n|-ability|p1a: Bigger Chicken|Speed Boost|boost\n|-boost|p1a: Bigger Chicken|spe|1\n|upkeep\n|turn|9\n|\n|t:|1699919299\n|move|p2a: Himiko|Earthquake|p1a: Bigger Chicken\n|-damage|p1a: Bigger Chicken|0 fnt\n|faint|p1a: Bigger Chicken\n|\n|-sideend|p2: SDK04|Reflect\n|upkeep\n|-message|Poken00bz forfeited.\n|\n|win|SDK04\n|raw|Poken00bz's rating: 1056 &rarr; <strong>1045<\/strong><br \/>(-11 for losing)\n|raw|SDK04's rating: 1196 &rarr; <strong>1211<\/strong><br \/>(+15 for winning)\n|l|\u2606Poken00bz\n","uploadtime":1699919306,"views":6,"p1id":"poken00bz","p2id":"sdk04","formatid":"gen9ubers","rating":1045,"private":0,"password":""}