{"id":"gen9ubers-1987894664","p1":"Pickedman","p2":"sweepy boi","format":"[Gen 9] Ubers","log":"|j|\u2606Pickedman\n|j|\u2606sweepy boi\n|t:|1699646748\n|gametype|singles\n|player|p1|Pickedman|zinnia|\n|player|p2|sweepy boi|skyla|\n|teamsize|p1|6\n|teamsize|p2|6\n|gen|9\n|tier|[Gen 9] Ubers\n|rule|Sleep Clause Mod: Limit one foe put to sleep\n|rule|Species Clause: Limit one of each Pok\u00e9mon\n|rule|OHKO Clause: OHKO moves are banned\n|rule|Evasion Items Clause: Evasion items are banned\n|rule|Evasion Moves Clause: Evasion moves are banned\n|rule|Endless Battle Clause: Forcing endless battles is banned\n|rule|HP Percentage Mod: HP is shown in percentages\n|clearpoke\n|poke|p1|Koraidon|\n|poke|p1|Calyrex-Ice|\n|poke|p1|Gliscor, F|\n|poke|p1|Alomomola, M|\n|poke|p1|Lucario, M|\n|poke|p1|Slowking-Galar, M|\n|poke|p2|Slowking-Galar, F|\n|poke|p2|Infernape, M|\n|poke|p2|Palafin, F|\n|poke|p2|Landorus-Therian, M|\n|poke|p2|Weezing-Galar, M|\n|poke|p2|Azelf|\n|teampreview\n|c|\u2606sweepy boi|glhf\n|c|\u2606Pickedman|u2\n|\n|t:|1699646774\n|start\n|switch|p1a: BlueRoom(KZVer)|Gliscor, F|100\/100\n|switch|p2a: Palafin|Palafin, F|100\/100\n|turn|1\n|\n|t:|1699646797\n|detailschange|p2a: Palafin|Palafin-Hero, F\n|switch|p2a: Weezing|Weezing-Galar, M|100\/100\n|switch|p1a: Snow|Slowking-Galar, M|100\/100\n|\n|upkeep\n|turn|2\n|\n|t:|1699646809\n|move|p2a: Weezing|Will-O-Wisp|p1a: Snow|[miss]\n|-miss|p2a: Weezing|p1a: Snow\n|move|p1a: Snow|Chilly Reception|p1a: Snow\n|-weather|Snow\n|\n|t:|1699646817\n|switch|p1a: BlueRoom(KZVer)|Gliscor, F|100\/100|[from] Chilly Reception\n|\n|-weather|Snow|[upkeep]\n|-status|p1a: BlueRoom(KZVer)|tox|[from] item: Toxic Orb\n|upkeep\n|turn|3\n|\n|t:|1699646828\n|move|p1a: BlueRoom(KZVer)|Taunt|p2a: Weezing\n|-start|p2a: Weezing|move: Taunt\n|move|p2a: Weezing|Strange Steam|p1a: BlueRoom(KZVer)\n|-damage|p1a: BlueRoom(KZVer)|69\/100 tox\n|-start|p1a: BlueRoom(KZVer)|confusion\n|\n|-weather|Snow|[upkeep]\n|-heal|p1a: BlueRoom(KZVer)|81\/100 tox|[from] ability: Poison Heal\n|upkeep\n|turn|4\n|\n|t:|1699646853\n|switch|p1a: Snow|Slowking-Galar, M|100\/100\n|switch|p2a: Palafin|Palafin-Hero, F|100\/100\n|-activate|p2a: Palafin|ability: Zero to Hero\n|\n|-weather|Snow|[upkeep]\n|upkeep\n|turn|5\n|\n|t:|1699646869\n|switch|p2a: Weezing|Weezing-Galar, M|100\/100\n|move|p1a: Snow|Thunder Wave|p2a: Weezing\n|-status|p2a: Weezing|par\n|\n|-weather|Snow|[upkeep]\n|upkeep\n|turn|6\n|\n|t:|1699646887\n|switch|p2a: Landorus|Landorus-Therian, M|100\/100\n|-ability|p2a: Landorus|Intimidate|boost\n|-unboost|p1a: Snow|atk|1\n|move|p1a: Snow|Chilly Reception|p1a: Snow\n|\n|t:|1699646897\n|switch|p1a: WNE|Calyrex-Ice|100\/100|[from] Chilly Reception\n|-ability|p1a: WNE|As One\n|-ability|p1a: WNE|Unnerve\n|\n|-weather|none\n|upkeep\n|turn|7\n|\n|t:|1699646908\n|switch|p2a: Slowking|Slowking-Galar, F|100\/100\n|move|p1a: WNE|Calm Mind|p1a: WNE\n|-boost|p1a: WNE|spa|1\n|-boost|p1a: WNE|spd|1\n|\n|upkeep\n|turn|8\n|\n|t:|1699646914\n|switch|p1a: BlueRoom(KZVer)|Gliscor, F|81\/100 tox\n|move|p2a: Slowking|Toxic|p1a: BlueRoom(KZVer)\n|-fail|p1a: BlueRoom(KZVer)|tox\n|\n|-heal|p1a: BlueRoom(KZVer)|94\/100 tox|[from] ability: Poison Heal\n|upkeep\n|turn|9\n|\n|t:|1699646920\n|move|p1a: BlueRoom(KZVer)|Sand Tomb|p2a: Slowking\n|-supereffective|p2a: Slowking\n|-damage|p2a: Slowking|85\/100\n|-activate|p2a: Slowking|move: Sand Tomb|[of] p1a: BlueRoom(KZVer)\n|move|p2a: Slowking|Chilly Reception|p2a: Slowking\n|-weather|Snow\n|\n|t:|1699646926\n|switch|p2a: Landorus|Landorus-Therian, M|100\/100|[from] Chilly Reception\n|-ability|p2a: Landorus|Intimidate|boost\n|-unboost|p1a: BlueRoom(KZVer)|atk|1\n|\n|-weather|Snow|[upkeep]\n|-heal|p1a: BlueRoom(KZVer)|100\/100 tox|[from] ability: Poison Heal\n|upkeep\n|turn|10\n|\n|t:|1699646934\n|switch|p1a: WNE|Calyrex-Ice|100\/100\n|-ability|p1a: WNE|As One\n|-ability|p1a: WNE|Unnerve\n|move|p2a: Landorus|Stealth Rock|p1a: WNE\n|-sidestart|p1: Pickedman|move: Stealth Rock\n|\n|-weather|Snow|[upkeep]\n|upkeep\n|turn|11\n|c|\u2606sweepy boi|hey isnt sand tomb gliscor illegal?\n|\n|t:|1699646972\n|switch|p2a: Slowking|Slowking-Galar, F|100\/100\n|move|p1a: WNE|Ice Beam|p2a: Slowking\n|-damage|p2a: Slowking|67\/100\n|\n|-weather|Snow|[upkeep]\n|upkeep\n|turn|12\n|c|\u2606Pickedman|im gonna be honest I thought that move was special lmaooooo\n|\n|t:|1699647015\n|switch|p1a: BlueRoom(KZVer)|Gliscor, F|100\/100 tox\n|-damage|p1a: BlueRoom(KZVer)|88\/100 tox|[from] Stealth Rock\n|move|p2a: Slowking|Chilly Reception|p2a: Slowking\n|c|\u2606sweepy boi|ights ight\n|c|\u2606Pickedman|mb\n|\n|t:|1699647031\n|switch|p2a: Palafin|Palafin-Hero, F|100\/100|[from] Chilly Reception\n|\n|-weather|Snow|[upkeep]\n|-heal|p1a: BlueRoom(KZVer)|100\/100 tox|[from] ability: Poison Heal\n|upkeep\n|turn|13\n|\n|t:|1699647089\n|switch|p1a: Snow|Slowking-Galar, M|100\/100\n|-terastallize|p2a: Palafin|Normal\n|move|p2a: Palafin|Boomburst|p1a: Snow\n|-damage|p1a: Snow|45\/100\n|\n|-weather|none\n|upkeep\n|turn|14\n|\n|t:|1699647099\n|move|p2a: Palafin|Boomburst|p1a: Snow\n|-damage|p1a: Snow|0 fnt\n|faint|p1a: Snow\n|\n|upkeep\n|\n|t:|1699647105\n|switch|p1a: Full Confession|Lucario, M|100\/100\n|-damage|p1a: Full Confession|98\/100|[from] Stealth Rock\n|turn|15\n|\n|t:|1699647115\n|switch|p2a: Landorus|Landorus-Therian, M|100\/100\n|-ability|p2a: Landorus|Intimidate|boost\n|-unboost|p1a: Full Confession|atk|1\n|move|p1a: Full Confession|Swords Dance|p1a: Full Confession\n|-boost|p1a: Full Confession|atk|2\n|\n|upkeep\n|turn|16\n|\n|t:|1699647130\n|-terastallize|p1a: Full Confession|Normal\n|move|p2a: Landorus|Earth Power|p1a: Full Confession\n|-damage|p1a: Full Confession|28\/100\n|move|p1a: Full Confession|Swords Dance|p1a: Full Confession\n|-boost|p1a: Full Confession|atk|2\n|\n|upkeep\n|turn|17\n|\n|t:|1699647148\n|move|p1a: Full Confession|Extreme Speed|p2a: Landorus\n|-damage|p2a: Landorus|0 fnt\n|faint|p2a: Landorus\n|-damage|p1a: Full Confession|18\/100|[from] item: Life Orb\n|\n|upkeep\n|\n|t:|1699647156\n|switch|p2a: Weezing|Weezing-Galar, M|100\/100 par\n|turn|18\n|\n|t:|1699647161\n|move|p1a: Full Confession|Meteor Mash|p2a: Weezing\n|-supereffective|p2a: Weezing\n|-damage|p2a: Weezing|0 fnt\n|faint|p2a: Weezing\n|-damage|p1a: Full Confession|8\/100|[from] item: Life Orb\n|\n|upkeep\n|\n|t:|1699647181\n|switch|p2a: Infernape|Infernape, M|100\/100\n|turn|19\n|\n|t:|1699647192\n|switch|p2a: Slowking|Slowking-Galar, F|99\/100\n|move|p1a: Full Confession|Extreme Speed|p2a: Slowking\n|-damage|p2a: Slowking|16\/100\n|-damage|p1a: Full Confession|0 fnt|[from] item: Life Orb\n|faint|p1a: Full Confession\n|\n|upkeep\n|\n|t:|1699647200\n|switch|p1a: BlueRoom(KZVer)|Gliscor, F|100\/100 tox\n|-damage|p1a: BlueRoom(KZVer)|88\/100 tox|[from] Stealth Rock\n|turn|20\n|\n|t:|1699647217\n|switch|p2a: Palafin|Palafin-Hero, F, tera:Normal|100\/100\n|move|p1a: BlueRoom(KZVer)|Stealth Rock|p2a: Palafin\n|-sidestart|p2: sweepy boi|move: Stealth Rock\n|\n|-heal|p1a: BlueRoom(KZVer)|100\/100 tox|[from] ability: Poison Heal\n|upkeep\n|turn|21\n|\n|t:|1699647226\n|move|p2a: Palafin|Boomburst|p1a: BlueRoom(KZVer)\n|-damage|p1a: BlueRoom(KZVer)|0 fnt\n|faint|p1a: BlueRoom(KZVer)\n|\n|upkeep\n|\n|t:|1699647239\n|switch|p1a: BreathOfASerpent|Koraidon|100\/100\n|-damage|p1a: BreathOfASerpent|94\/100|[from] Stealth Rock\n|-weather|SunnyDay|[from] ability: Orichalcum Pulse|[of] p1a: BreathOfASerpent\n|-activate|p1a: BreathOfASerpent|Orichalcum Pulse|[source]\n|turn|22\n|\n|t:|1699647247\n|switch|p2a: Azelf|Azelf|100\/100\n|-damage|p2a: Azelf|88\/100|[from] Stealth Rock\n|move|p1a: BreathOfASerpent|Draco Meteor|p2a: Azelf\n|-damage|p2a: Azelf|7\/100\n|-unboost|p1a: BreathOfASerpent|spa|2\n|\n|-weather|SunnyDay|[upkeep]\n|upkeep\n|turn|23\n|\n|t:|1699647256\n|switch|p1a: WNE|Calyrex-Ice|100\/100\n|-ability|p1a: WNE|As One\n|-ability|p1a: WNE|Unnerve\n|move|p2a: Azelf|Draining Kiss|p1a: WNE\n|-damage|p1a: WNE|89\/100\n|-heal|p2a: Azelf|18\/100|[from] drain|[of] p1a: WNE\n|\n|-weather|SunnyDay|[upkeep]\n|upkeep\n|turn|24\n|\n|t:|1699647275\n|move|p2a: Azelf|Shadow Ball|p1a: WNE\n|-supereffective|p1a: WNE\n|-damage|p1a: WNE|45\/100\n|move|p1a: WNE|Calm Mind|p1a: WNE\n|-boost|p1a: WNE|spa|1\n|-boost|p1a: WNE|spd|1\n|\n|-weather|SunnyDay|[upkeep]\n|upkeep\n|turn|25\n|\n|t:|1699647282\n|move|p2a: Azelf|Shadow Ball|p1a: WNE\n|-supereffective|p1a: WNE\n|-damage|p1a: WNE|16\/100\n|move|p1a: WNE|Draining Kiss|p2a: Azelf\n|-damage|p2a: Azelf|0 fnt\n|-heal|p1a: WNE|26\/100|[from] drain|[of] p2a: Azelf\n|faint|p2a: Azelf\n|-ability|p1a: WNE|Chilling Neigh|boost\n|-boost|p1a: WNE|atk|1\n|\n|-weather|SunnyDay|[upkeep]\n|upkeep\n|\n|t:|1699647290\n|switch|p2a: Infernape|Infernape, M|100\/100\n|-damage|p2a: Infernape|88\/100|[from] Stealth Rock\n|turn|26\n|\n|t:|1699647299\n|switch|p1a: Sneaky Driver|Alomomola, M|100\/100\n|-damage|p1a: Sneaky Driver|88\/100|[from] Stealth Rock\n|move|p2a: Infernape|Close Combat|p1a: Sneaky Driver\n|-damage|p1a: Sneaky Driver|62\/100\n|-unboost|p2a: Infernape|def|1\n|-unboost|p2a: Infernape|spd|1\n|-damage|p2a: Infernape|72\/100|[from] item: Rocky Helmet|[of] p1a: Sneaky Driver\n|\n|-weather|none\n|upkeep\n|turn|27\n|\n|t:|1699647308\n|switch|p2a: Slowking|Slowking-Galar, F|49\/100\n|move|p1a: Sneaky Driver|Wish|p1a: Sneaky Driver\n|\n|upkeep\n|turn|28\n|\n|t:|1699647319\n|move|p1a: Sneaky Driver|Whirlpool|p2a: Slowking\n|-damage|p2a: Slowking|44\/100\n|-activate|p2a: Slowking|move: Whirlpool|[of] p1a: Sneaky Driver\n|move|p2a: Slowking|Chilly Reception|p2a: Slowking\n|-weather|Snow\n|\n|t:|1699647327\n|switch|p2a: Palafin|Palafin-Hero, F, tera:Normal|100\/100|[from] Chilly Reception\n|-damage|p2a: Palafin|88\/100|[from] Stealth Rock\n|\n|-weather|Snow|[upkeep]\n|-heal|p1a: Sneaky Driver|100\/100|[from] move: Wish|[wisher] Sneaky Driver\n|upkeep\n|turn|29\n|\n|t:|1699647345\n|move|p2a: Palafin|Boomburst|p1a: Sneaky Driver\n|-damage|p1a: Sneaky Driver|0 fnt\n|faint|p1a: Sneaky Driver\n|\n|-weather|Snow|[upkeep]\n|upkeep\n|\n|t:|1699647350\n|switch|p1a: BreathOfASerpent|Koraidon|94\/100\n|-damage|p1a: BreathOfASerpent|88\/100|[from] Stealth Rock\n|-weather|SunnyDay|[from] ability: Orichalcum Pulse|[of] p1a: BreathOfASerpent\n|-activate|p1a: BreathOfASerpent|Orichalcum Pulse|[source]\n|turn|30\n|\n|t:|1699647357\n|switch|p2a: Slowking|Slowking-Galar, F|77\/100\n|move|p1a: BreathOfASerpent|Draco Meteor|p2a: Slowking\n|-damage|p2a: Slowking|33\/100\n|-unboost|p1a: BreathOfASerpent|spa|2\n|\n|-weather|SunnyDay|[upkeep]\n|upkeep\n|turn|31\n|\n|t:|1699647363\n|move|p1a: BreathOfASerpent|Substitute|p1a: BreathOfASerpent\n|-start|p1a: BreathOfASerpent|Substitute\n|-damage|p1a: BreathOfASerpent|63\/100\n|move|p2a: Slowking|Chilly Reception|p2a: Slowking\n|-weather|Snow\n|\n|t:|1699647390\n|switch|p2a: Infernape|Infernape, M|72\/100|[from] Chilly Reception\n|-damage|p2a: Infernape|60\/100|[from] Stealth Rock\n|\n|-weather|Snow|[upkeep]\n|upkeep\n|turn|32\n|\n|t:|1699647404\n|move|p2a: Infernape|Close Combat|p1a: BreathOfASerpent\n|-end|p1a: BreathOfASerpent|Substitute\n|-unboost|p2a: Infernape|def|1\n|-unboost|p2a: Infernape|spd|1\n|move|p1a: BreathOfASerpent|Ancient Power|p2a: Infernape\n|-damage|p2a: Infernape|40\/100\n|\n|-weather|Snow|[upkeep]\n|upkeep\n|turn|33\n|\n|t:|1699647416\n|move|p2a: Infernape|Close Combat|p1a: BreathOfASerpent\n|-damage|p1a: BreathOfASerpent|23\/100\n|-unboost|p2a: Infernape|def|1\n|-unboost|p2a: Infernape|spd|1\n|-enditem|p1a: BreathOfASerpent|Petaya Berry|[eat]\n|-boost|p1a: BreathOfASerpent|spa|1|[from] item: Petaya Berry\n|move|p1a: BreathOfASerpent|Draco Meteor|p2a: Infernape\n|-damage|p2a: Infernape|0 fnt\n|-unboost|p1a: BreathOfASerpent|spa|2\n|faint|p2a: Infernape\n|\n|-weather|Snow|[upkeep]\n|upkeep\n|\n|t:|1699647426\n|switch|p2a: Palafin|Palafin-Hero, F, tera:Normal|88\/100\n|-damage|p2a: Palafin|76\/100|[from] Stealth Rock\n|turn|34\n|\n|t:|1699647448\n|move|p2a: Palafin|Boomburst|p1a: BreathOfASerpent\n|-damage|p1a: BreathOfASerpent|0 fnt\n|faint|p1a: BreathOfASerpent\n|\n|-weather|Snow|[upkeep]\n|upkeep\n|\n|t:|1699647450\n|switch|p1a: WNE|Calyrex-Ice|26\/100\n|-ability|p1a: WNE|As One\n|-ability|p1a: WNE|Unnerve\n|turn|35\n|c|\u2606Pickedman|ggwp\n|c|\u2606sweepy boi|gg\n|\n|t:|1699647457\n|move|p2a: Palafin|Boomburst|p1a: WNE\n|-damage|p1a: WNE|0 fnt\n|faint|p1a: WNE\n|\n|win|sweepy boi\n|l|\u2606Pickedman\n|c|\u2606sweepy boi|very curious about that koraidon\n|j|\u2606Pickedman\n|player|p1|Pickedman|zinnia\n","uploadtime":1699647479,"views":11,"p1id":"pickedman","p2id":"sweepyboi","formatid":"gen9ubers","rating":0,"private":0,"password":""}