{"id":"gen9ubers-1970655377","p1":"so threatening","p2":"NEdgyman","format":"[Gen 9] Ubers","log":"|j|\u2606so threatening\n|j|\u2606NEdgyman\n|t:|1697655710\n|gametype|singles\n|player|p1|so threatening|170|\n|player|p2|NEdgyman|hanbei-conquest|\n|teamsize|p1|6\n|teamsize|p2|6\n|gen|9\n|tier|[Gen 9] Ubers\n|rule|Sleep Clause Mod: Limit one foe put to sleep\n|rule|Species Clause: Limit one of each Pok\u00e9mon\n|rule|OHKO Clause: OHKO moves are banned\n|rule|Evasion Items Clause: Evasion items are banned\n|rule|Evasion Moves Clause: Evasion moves are banned\n|rule|Endless Battle Clause: Forcing endless battles is banned\n|rule|HP Percentage Mod: HP is shown in percentages\n|clearpoke\n|poke|p1|Zamazenta-*|\n|poke|p1|Alomomola, F|\n|poke|p1|Fezandipiti, M|\n|poke|p1|Wo-Chien|\n|poke|p1|Sandy Shocks|\n|poke|p1|Talonflame, M|\n|poke|p2|Annihilape, F|\n|poke|p2|Crawdaunt, F|\n|poke|p2|Glimmora, F|\n|poke|p2|Cresselia, F|\n|poke|p2|Jolteon, M|\n|poke|p2|Ribombee, F|\n|teampreview\n|c|\u2606so threatening|glhf\n|c|\u2606NEdgyman|glhf\n|\n|t:|1697655745\n|start\n|switch|p1a: Dipendeez|Fezandipiti, M|100\/100\n|switch|p2a: Boiled Dinner|Crawdaunt, F|100\/100\n|turn|1\n|\n|t:|1697655756\n|move|p1a: Dipendeez|Moonblast|p2a: Boiled Dinner\n|-supereffective|p2a: Boiled Dinner\n|-damage|p2a: Boiled Dinner|24\/100\n|-unboost|p2a: Boiled Dinner|spa|1\n|move|p2a: Boiled Dinner|Crabhammer|p1a: Dipendeez\n|-damage|p1a: Dipendeez|0 fnt\n|faint|p1a: Dipendeez\n|\n|upkeep\n|\n|t:|1697655765\n|switch|p1a: WOAH|Wo-Chien|100\/100\n|-ability|p1a: WOAH|Tablets of Ruin\n|turn|2\n|\n|t:|1697655771\n|switch|p2a: Falcom Fanbase|Glimmora, F|100\/100\n|move|p1a: WOAH|Energy Ball|p2a: Falcom Fanbase\n|-damage|p2a: Falcom Fanbase|70\/100\n|\n|-heal|p2a: Falcom Fanbase|77\/100|[from] item: Black Sludge\n|upkeep\n|turn|3\n|\n|t:|1697655783\n|-terastallize|p1a: WOAH|Poison\n|move|p2a: Falcom Fanbase|Toxic|p1a: WOAH\n|-status|p1a: WOAH|tox\n|move|p1a: WOAH|Leech Seed|p2a: Falcom Fanbase\n|-start|p2a: Falcom Fanbase|move: Leech Seed\n|\n|-heal|p2a: Falcom Fanbase|83\/100|[from] item: Black Sludge\n|-damage|p2a: Falcom Fanbase|70\/100|[from] Leech Seed|[of] p1a: WOAH\n|-damage|p1a: WOAH|94\/100 tox|[from] psn\n|upkeep\n|turn|4\n|\n|t:|1697655791\n|move|p1a: WOAH|Protect|p1a: WOAH\n|-singleturn|p1a: WOAH|Protect\n|move|p2a: Falcom Fanbase|Mortal Spin|p1a: WOAH\n|-activate|p1a: WOAH|move: Protect\n|\n|-heal|p2a: Falcom Fanbase|77\/100|[from] item: Black Sludge\n|-heal|p1a: WOAH|100\/100 tox|[from] item: Leftovers\n|-damage|p2a: Falcom Fanbase|64\/100|[from] Leech Seed|[of] p1a: WOAH\n|-damage|p1a: WOAH|88\/100 tox|[from] psn\n|upkeep\n|turn|5\n|\n|t:|1697655820\n|switch|p1a: SANDY CROCS|Sandy Shocks|100\/100\n|move|p2a: Falcom Fanbase|Mortal Spin|p1a: SANDY CROCS\n|-resisted|p1a: SANDY CROCS\n|-damage|p1a: SANDY CROCS|97\/100\n|-status|p1a: SANDY CROCS|psn\n|-end|p2a: Falcom Fanbase|Leech Seed|[from] move: Mortal Spin|[of] p2a: Falcom Fanbase\n|\n|-heal|p1a: SANDY CROCS|100\/100 psn|[from] item: Leftovers\n|-heal|p2a: Falcom Fanbase|70\/100|[from] item: Black Sludge\n|-damage|p1a: SANDY CROCS|88\/100 psn|[from] psn\n|upkeep\n|turn|6\n|\n|t:|1697655857\n|switch|p2a: Take Wing|Ribombee, F|100\/100\n|move|p1a: SANDY CROCS|Stealth Rock|p2a: Take Wing\n|-sidestart|p2: NEdgyman|move: Stealth Rock\n|\n|-heal|p1a: SANDY CROCS|94\/100 psn|[from] item: Leftovers\n|-damage|p1a: SANDY CROCS|82\/100 psn|[from] psn\n|upkeep\n|turn|7\n|\n|t:|1697655866\n|move|p2a: Take Wing|Quiver Dance|p2a: Take Wing\n|-boost|p2a: Take Wing|spa|1\n|-boost|p2a: Take Wing|spd|1\n|-boost|p2a: Take Wing|spe|1\n|move|p1a: SANDY CROCS|Volt Switch|p2a: Take Wing\n|-damage|p2a: Take Wing|62\/100\n|\n|t:|1697655874\n|-end|p1a: SANDY CROCS|Protosynthesis|[silent]\n|switch|p1a: I am Speed|Talonflame, M|100\/100|[from] Volt Switch\n|\n|upkeep\n|turn|8\n|\n|t:|1697655952\n|switch|p2a: Jr. Crocker|Jolteon, M|100\/100\n|move|p1a: I am Speed|Brave Bird|p2a: Jr. Crocker\n|-resisted|p2a: Jr. Crocker\n|-damage|p2a: Jr. Crocker|69\/100\n|-damage|p1a: I am Speed|92\/100|[from] Recoil\n|\n|upkeep\n|turn|9\n|\n|t:|1697655966\n|switch|p1a: SANDY CROCS|Sandy Shocks|82\/100 psn\n|-terastallize|p2a: Jr. Crocker|Ice\n|move|p2a: Jr. Crocker|Tera Blast|p1a: SANDY CROCS|[anim] Tera Blast Ice\n|-supereffective|p1a: SANDY CROCS\n|-damage|p1a: SANDY CROCS|0 fnt\n|faint|p1a: SANDY CROCS\n|-end|p1a: SANDY CROCS|Protosynthesis|[silent]\n|\n|upkeep\n|\n|t:|1697655975\n|switch|p1a: WOAH|Wo-Chien, tera:Poison|88\/100 tox\n|-ability|p1a: WOAH|Tablets of Ruin\n|turn|10\n|\n|t:|1697655985\n|move|p2a: Jr. Crocker|Volt Switch|p1a: WOAH\n|-damage|p1a: WOAH|68\/100 tox\n|\n|t:|1697655988\n|switch|p2a: Take Wing|Ribombee, F|62\/100|[from] Volt Switch\n|move|p1a: WOAH|Leech Seed|p2a: Take Wing\n|-start|p2a: Take Wing|move: Leech Seed\n|\n|-heal|p1a: WOAH|74\/100 tox|[from] item: Leftovers\n|-damage|p2a: Take Wing|49\/100|[from] Leech Seed|[of] p1a: WOAH\n|-heal|p1a: WOAH|83\/100 tox|[silent]\n|-damage|p1a: WOAH|77\/100 tox|[from] psn\n|upkeep\n|turn|11\n|\n|t:|1697655996\n|switch|p1a: I am Speed|Talonflame, M|92\/100\n|move|p2a: Take Wing|Quiver Dance|p2a: Take Wing\n|-boost|p2a: Take Wing|spa|1\n|-boost|p2a: Take Wing|spd|1\n|-boost|p2a: Take Wing|spe|1\n|\n|-damage|p2a: Take Wing|37\/100|[from] Leech Seed|[of] p1a: I am Speed\n|-heal|p1a: I am Speed|100\/100|[silent]\n|upkeep\n|turn|12\n|\n|t:|1697656008\n|move|p2a: Take Wing|Stored Power|p1a: I am Speed\n|-damage|p1a: I am Speed|62\/100\n|move|p1a: I am Speed|U-turn|p2a: Take Wing\n|-resisted|p2a: Take Wing\n|-damage|p2a: Take Wing|25\/100\n|\n|t:|1697656012\n|switch|p1a: WOAH|Wo-Chien, tera:Poison|77\/100 tox|[from] U-turn\n|-ability|p1a: WOAH|Tablets of Ruin\n|\n|-heal|p1a: WOAH|83\/100 tox|[from] item: Leftovers\n|-damage|p2a: Take Wing|12\/100|[from] Leech Seed|[of] p1a: WOAH\n|-heal|p1a: WOAH|92\/100 tox|[silent]\n|-damage|p1a: WOAH|86\/100 tox|[from] psn\n|upkeep\n|turn|13\n|\n|t:|1697656023\n|move|p1a: WOAH|Protect|p1a: WOAH\n|-singleturn|p1a: WOAH|Protect\n|move|p2a: Take Wing|Stored Power|p1a: WOAH\n|-activate|p1a: WOAH|move: Protect\n|\n|-heal|p1a: WOAH|92\/100 tox|[from] item: Leftovers\n|-damage|p2a: Take Wing|0 fnt|[from] Leech Seed|[of] p1a: WOAH\n|-heal|p1a: WOAH|100\/100 tox|[silent]\n|faint|p2a: Take Wing\n|-damage|p1a: WOAH|88\/100 tox|[from] psn\n|upkeep\n|\n|t:|1697656027\n|switch|p2a: Falcom Fanbase|Glimmora, F|70\/100\n|-damage|p2a: Falcom Fanbase|58\/100|[from] Stealth Rock\n|turn|14\n|\n|t:|1697656032\n|move|p2a: Falcom Fanbase|Mortal Spin|p1a: WOAH\n|-resisted|p1a: WOAH\n|-damage|p1a: WOAH|86\/100 tox\n|-sideend|p2: NEdgyman|Stealth Rock|[from] move: Mortal Spin|[of] p2a: Falcom Fanbase\n|move|p1a: WOAH|Leech Seed|p2a: Falcom Fanbase\n|-start|p2a: Falcom Fanbase|move: Leech Seed\n|\n|-heal|p2a: Falcom Fanbase|64\/100|[from] item: Black Sludge\n|-heal|p1a: WOAH|92\/100 tox|[from] item: Leftovers\n|-damage|p2a: Falcom Fanbase|52\/100|[from] Leech Seed|[of] p1a: WOAH\n|-heal|p1a: WOAH|100\/100 tox|[silent]\n|-damage|p1a: WOAH|82\/100 tox|[from] psn\n|upkeep\n|turn|15\n|\n|t:|1697656051\n|switch|p2a: Howler Monkey|Annihilape, F, shiny|100\/100\n|move|p1a: WOAH|Energy Ball|p2a: Howler Monkey\n|-damage|p2a: Howler Monkey|73\/100\n|\n|-heal|p1a: WOAH|88\/100 tox|[from] item: Leftovers\n|-damage|p1a: WOAH|64\/100 tox|[from] psn\n|upkeep\n|turn|16\n|\n|t:|1697656058\n|switch|p1a: I am Speed|Talonflame, M|62\/100\n|move|p2a: Howler Monkey|Taunt|p1a: I am Speed\n|-start|p1a: I am Speed|move: Taunt\n|\n|upkeep\n|turn|17\n|\n|t:|1697656066\n|switch|p1a: Alomomomo|Alomomola, F|100\/100\n|switch|p2a: Jr. Crocker|Jolteon, M, tera:Ice|69\/100\n|\n|upkeep\n|turn|18\n|\n|t:|1697656071\n|move|p2a: Jr. Crocker|Volt Switch|p1a: Alomomomo\n|-supereffective|p1a: Alomomomo\n|-damage|p1a: Alomomomo|27\/100\n|\n|t:|1697656078\n|switch|p2a: Howler Monkey|Annihilape, F, shiny|73\/100|[from] Volt Switch\n|move|p1a: Alomomomo|Flip Turn|p2a: Howler Monkey\n|-damage|p2a: Howler Monkey|59\/100\n|\n|t:|1697656081\n|switch|p1a: No Ghosts?|Zamazenta-Crowned|100\/100|[from] Flip Turn\n|-ability|p1a: No Ghosts?|Dauntless Shield|boost\n|-boost|p1a: No Ghosts?|def|1\n|\n|upkeep\n|turn|19\n|\n|t:|1697656093\n|move|p1a: No Ghosts?|Iron Defense|p1a: No Ghosts?\n|-boost|p1a: No Ghosts?|def|2\n|move|p2a: Howler Monkey|Drain Punch|p1a: No Ghosts?\n|-supereffective|p1a: No Ghosts?\n|-damage|p1a: No Ghosts?|75\/100\n|-heal|p2a: Howler Monkey|68\/100|[from] drain|[of] p1a: No Ghosts?\n|\n|upkeep\n|turn|20\n|j| BPLD\n|\n|t:|1697656143\n|switch|p2a: Falcom Fanbase|Glimmora, F|52\/100\n|move|p1a: No Ghosts?|Heavy Slam|p2a: Falcom Fanbase\n|-supereffective|p2a: Falcom Fanbase\n|-damage|p2a: Falcom Fanbase|0 fnt\n|faint|p2a: Falcom Fanbase\n|\n|upkeep\n|\n|t:|1697656148\n|switch|p2a: Nearly Witches|Cresselia, F|100\/100\n|turn|21\n|\n|t:|1697656151\n|move|p2a: Nearly Witches|Calm Mind|p2a: Nearly Witches\n|-boost|p2a: Nearly Witches|spa|1\n|-boost|p2a: Nearly Witches|spd|1\n|move|p1a: No Ghosts?|Roar|p2a: Nearly Witches\n|drag|p2a: Boiled Dinner|Crawdaunt, F|24\/100\n|\n|upkeep\n|turn|22\n|\n|t:|1697656158\n|switch|p2a: Nearly Witches|Cresselia, F|100\/100\n|move|p1a: No Ghosts?|Body Press|p2a: Nearly Witches\n|-resisted|p2a: Nearly Witches\n|-damage|p2a: Nearly Witches|75\/100\n|\n|-heal|p2a: Nearly Witches|81\/100|[from] item: Leftovers\n|upkeep\n|turn|23\n|j| Holiss77\n|\n|t:|1697656164\n|move|p1a: No Ghosts?|Heavy Slam|p2a: Nearly Witches\n|-damage|p2a: Nearly Witches|48\/100\n|move|p2a: Nearly Witches|Calm Mind|p2a: Nearly Witches\n|-boost|p2a: Nearly Witches|spa|1\n|-boost|p2a: Nearly Witches|spd|1\n|\n|-heal|p2a: Nearly Witches|54\/100|[from] item: Leftovers\n|upkeep\n|turn|24\n|\n|t:|1697656173\n|move|p1a: No Ghosts?|Heavy Slam|p2a: Nearly Witches\n|-damage|p2a: Nearly Witches|21\/100\n|move|p2a: Nearly Witches|Moonlight|p2a: Nearly Witches\n|-heal|p2a: Nearly Witches|71\/100\n|\n|-heal|p2a: Nearly Witches|78\/100|[from] item: Leftovers\n|upkeep\n|turn|25\n|\n|t:|1697656181\n|move|p2a: Nearly Witches|Calm Mind|p2a: Nearly Witches\n|-boost|p2a: Nearly Witches|spa|1\n|-boost|p2a: Nearly Witches|spd|1\n|move|p1a: No Ghosts?|Roar|p2a: Nearly Witches\n|drag|p2a: Jr. Crocker|Jolteon, M, tera:Ice|69\/100\n|\n|upkeep\n|turn|26\n|l| BPLD\n|\n|t:|1697656185\n|move|p2a: Jr. Crocker|Volt Switch|p1a: No Ghosts?\n|-damage|p1a: No Ghosts?|48\/100\n|\n|t:|1697656189\n|switch|p2a: Nearly Witches|Cresselia, F|78\/100|[from] Volt Switch\n|move|p1a: No Ghosts?|Heavy Slam|p2a: Nearly Witches\n|-damage|p2a: Nearly Witches|45\/100\n|\n|-heal|p2a: Nearly Witches|51\/100|[from] item: Leftovers\n|upkeep\n|turn|27\n|j| BPLD\n|\n|t:|1697656195\n|move|p1a: No Ghosts?|Heavy Slam|p2a: Nearly Witches\n|-damage|p2a: Nearly Witches|20\/100\n|move|p2a: Nearly Witches|Moonlight|p2a: Nearly Witches\n|-heal|p2a: Nearly Witches|70\/100\n|\n|-heal|p2a: Nearly Witches|76\/100|[from] item: Leftovers\n|upkeep\n|turn|28\n|\n|t:|1697656210\n|switch|p1a: Alomomomo|Alomomola, F|61\/100\n|move|p2a: Nearly Witches|Calm Mind|p2a: Nearly Witches\n|-boost|p2a: Nearly Witches|spa|1\n|-boost|p2a: Nearly Witches|spd|1\n|\n|-heal|p2a: Nearly Witches|82\/100|[from] item: Leftovers\n|upkeep\n|turn|29\n|\n|t:|1697656242\n|move|p2a: Nearly Witches|Moonblast|p1a: Alomomomo\n|-damage|p1a: Alomomomo|28\/100\n|-unboost|p1a: Alomomomo|spa|1\n|move|p1a: Alomomomo|Wish|p1a: Alomomomo\n|\n|-heal|p2a: Nearly Witches|89\/100|[from] item: Leftovers\n|upkeep\n|turn|30\n|\n|t:|1697656247\n|switch|p1a: No Ghosts?|Zamazenta-Crowned|48\/100\n|move|p2a: Nearly Witches|Moonblast|p1a: No Ghosts?\n|-damage|p1a: No Ghosts?|28\/100\n|-unboost|p1a: No Ghosts?|spa|1\n|\n|-heal|p1a: No Ghosts?|100\/100|[from] move: Wish|[wisher] Alomomomo\n|-heal|p2a: Nearly Witches|95\/100|[from] item: Leftovers\n|upkeep\n|turn|31\n|\n|t:|1697656256\n|switch|p1a: WOAH|Wo-Chien, tera:Poison|64\/100 tox\n|-ability|p1a: WOAH|Tablets of Ruin\n|move|p2a: Nearly Witches|Moonblast|p1a: WOAH\n|-resisted|p1a: WOAH\n|-damage|p1a: WOAH|55\/100 tox\n|\n|-heal|p1a: WOAH|61\/100 tox|[from] item: Leftovers\n|-heal|p2a: Nearly Witches|100\/100|[from] item: Leftovers\n|-damage|p1a: WOAH|55\/100 tox|[from] psn\n|upkeep\n|turn|32\n|\n|t:|1697656268\n|switch|p2a: Howler Monkey|Annihilape, F, shiny|68\/100\n|move|p1a: WOAH|Leech Seed|p2a: Howler Monkey\n|-start|p2a: Howler Monkey|move: Leech Seed\n|\n|-heal|p1a: WOAH|61\/100 tox|[from] item: Leftovers\n|-damage|p2a: Howler Monkey|56\/100|[from] Leech Seed|[of] p1a: WOAH\n|-heal|p1a: WOAH|76\/100 tox|[silent]\n|-damage|p1a: WOAH|63\/100 tox|[from] psn\n|upkeep\n|turn|33\n|\n|t:|1697656279\n|switch|p2a: Jr. Crocker|Jolteon, M, tera:Ice|69\/100\n|switch|p1a: Alomomomo|Alomomola, F|61\/100\n|\n|upkeep\n|turn|34\n|\n|t:|1697656286\n|move|p2a: Jr. Crocker|Thunderbolt|p1a: Alomomomo\n|-supereffective|p1a: Alomomomo\n|-damage|p1a: Alomomomo|0 fnt\n|faint|p1a: Alomomomo\n|\n|upkeep\n|\n|t:|1697656289\n|switch|p1a: WOAH|Wo-Chien, tera:Poison|63\/100 tox\n|-ability|p1a: WOAH|Tablets of Ruin\n|turn|35\n|\n|t:|1697656293\n|move|p2a: Jr. Crocker|Volt Switch|p1a: WOAH\n|-crit|p1a: WOAH\n|-damage|p1a: WOAH|34\/100 tox\n|\n|t:|1697656296\n|switch|p2a: Howler Monkey|Annihilape, F, shiny|56\/100|[from] Volt Switch\n|move|p1a: WOAH|Leech Seed|p2a: Howler Monkey\n|-start|p2a: Howler Monkey|move: Leech Seed\n|\n|-heal|p1a: WOAH|40\/100 tox|[from] item: Leftovers\n|-damage|p2a: Howler Monkey|43\/100|[from] Leech Seed|[of] p1a: WOAH\n|-heal|p1a: WOAH|54\/100 tox|[silent]\n|-damage|p1a: WOAH|48\/100 tox|[from] psn\n|upkeep\n|turn|36\n|\n|t:|1697656308\n|switch|p1a: I am Speed|Talonflame, M|62\/100\n|move|p2a: Howler Monkey|Rage Fist|p1a: I am Speed\n|-damage|p1a: I am Speed|0 fnt\n|faint|p1a: I am Speed\n|\n|upkeep\n|\n|t:|1697656312\n|switch|p1a: No Ghosts?|Zamazenta-Crowned|100\/100\n|turn|37\n|\n|t:|1697656318\n|move|p1a: No Ghosts?|Heavy Slam|p2a: Howler Monkey\n|-damage|p2a: Howler Monkey|0 fnt\n|faint|p2a: Howler Monkey\n|\n|upkeep\n|\n|t:|1697656342\n|switch|p2a: Jr. Crocker|Jolteon, M, tera:Ice|69\/100\n|turn|38\n|\n|t:|1697656347\n|move|p2a: Jr. Crocker|Volt Switch|p1a: No Ghosts?\n|-damage|p1a: No Ghosts?|74\/100\n|\n|t:|1697656351\n|switch|p2a: Boiled Dinner|Crawdaunt, F|24\/100|[from] Volt Switch\n|move|p1a: No Ghosts?|Heavy Slam|p2a: Boiled Dinner\n|-resisted|p2a: Boiled Dinner\n|-damage|p2a: Boiled Dinner|0 fnt\n|faint|p2a: Boiled Dinner\n|\n|upkeep\n|\n|t:|1697656358\n|switch|p2a: Nearly Witches|Cresselia, F|100\/100\n|turn|39\n|\n|t:|1697656364\n|switch|p1a: WOAH|Wo-Chien, tera:Poison|48\/100 tox\n|-ability|p1a: WOAH|Tablets of Ruin\n|move|p2a: Nearly Witches|Calm Mind|p2a: Nearly Witches\n|-boost|p2a: Nearly Witches|spa|1\n|-boost|p2a: Nearly Witches|spd|1\n|\n|-heal|p1a: WOAH|54\/100 tox|[from] item: Leftovers\n|-damage|p1a: WOAH|48\/100 tox|[from] psn\n|upkeep\n|turn|40\n|\n|t:|1697656374\n|switch|p2a: Jr. Crocker|Jolteon, M, tera:Ice|69\/100\n|move|p1a: WOAH|Leech Seed|p2a: Jr. Crocker\n|-start|p2a: Jr. Crocker|move: Leech Seed\n|\n|-heal|p1a: WOAH|54\/100 tox|[from] item: Leftovers\n|-damage|p2a: Jr. Crocker|56\/100|[from] Leech Seed|[of] p1a: WOAH\n|-heal|p1a: WOAH|63\/100 tox|[silent]\n|-damage|p1a: WOAH|51\/100 tox|[from] psn\n|upkeep\n|turn|41\n|\n|t:|1697656381\n|move|p2a: Jr. Crocker|Thunderbolt|p1a: WOAH\n|-damage|p1a: WOAH|28\/100 tox\n|move|p1a: WOAH|Knock Off|p2a: Jr. Crocker\n|-damage|p2a: Jr. Crocker|4\/100\n|-enditem|p2a: Jr. Crocker|Heavy-Duty Boots|[from] move: Knock Off|[of] p1a: WOAH\n|\n|-heal|p1a: WOAH|34\/100 tox|[from] item: Leftovers\n|-damage|p2a: Jr. Crocker|0 fnt|[from] Leech Seed|[of] p1a: WOAH\n|-heal|p1a: WOAH|37\/100 tox|[silent]\n|faint|p2a: Jr. Crocker\n|-damage|p1a: WOAH|18\/100 tox|[from] psn\n|upkeep\n|\n|t:|1697656384\n|switch|p2a: Nearly Witches|Cresselia, F|100\/100\n|turn|42\n|\n|t:|1697656392\n|move|p1a: WOAH|Leech Seed|p2a: Nearly Witches\n|-start|p2a: Nearly Witches|move: Leech Seed\n|move|p2a: Nearly Witches|Moonblast|p1a: WOAH\n|-resisted|p1a: WOAH\n|-damage|p1a: WOAH|13\/100 tox\n|\n|-heal|p1a: WOAH|19\/100 tox|[from] item: Leftovers\n|-damage|p2a: Nearly Witches|88\/100|[from] Leech Seed|[of] p1a: WOAH\n|-heal|p1a: WOAH|34\/100 tox|[silent]\n|-damage|p1a: WOAH|9\/100 tox|[from] psn\n|upkeep\n|turn|43\n|\n|t:|1697656397\n|move|p1a: WOAH|Knock Off|p2a: Nearly Witches\n|-supereffective|p2a: Nearly Witches\n|-damage|p2a: Nearly Witches|61\/100\n|-enditem|p2a: Nearly Witches|Leftovers|[from] move: Knock Off|[of] p1a: WOAH\n|move|p2a: Nearly Witches|Moonblast|p1a: WOAH\n|-resisted|p1a: WOAH\n|-damage|p1a: WOAH|5\/100 tox\n|\n|-heal|p1a: WOAH|11\/100 tox|[from] item: Leftovers\n|-damage|p2a: Nearly Witches|49\/100|[from] Leech Seed|[of] p1a: WOAH\n|-heal|p1a: WOAH|26\/100 tox|[silent]\n|-damage|p1a: WOAH|0 fnt|[from] psn\n|faint|p1a: WOAH\n|upkeep\n|\n|t:|1697656402\n|switch|p1a: No Ghosts?|Zamazenta-Crowned|74\/100\n|turn|44\n|\n|t:|1697656406\n|move|p1a: No Ghosts?|Heavy Slam|p2a: Nearly Witches\n|-damage|p2a: Nearly Witches|18\/100\n|move|p2a: Nearly Witches|Moonlight|p2a: Nearly Witches\n|-heal|p2a: Nearly Witches|68\/100\n|\n|-damage|p2a: Nearly Witches|55\/100|[from] Leech Seed|[of] p1a: No Ghosts?\n|-heal|p1a: No Ghosts?|91\/100|[silent]\n|upkeep\n|turn|45\n|\n|t:|1697656411\n|move|p1a: No Ghosts?|Heavy Slam|p2a: Nearly Witches\n|-damage|p2a: Nearly Witches|22\/100\n|move|p2a: Nearly Witches|Moonlight|p2a: Nearly Witches\n|-heal|p2a: Nearly Witches|72\/100\n|\n|-damage|p2a: Nearly Witches|60\/100|[from] Leech Seed|[of] p1a: No Ghosts?\n|-heal|p1a: No Ghosts?|100\/100|[silent]\n|upkeep\n|turn|46\n|\n|t:|1697656415\n|move|p1a: No Ghosts?|Iron Defense|p1a: No Ghosts?\n|-boost|p1a: No Ghosts?|def|2\n|move|p2a: Nearly Witches|Moonlight|p2a: Nearly Witches\n|-heal|p2a: Nearly Witches|100\/100\n|\n|-damage|p2a: Nearly Witches|88\/100|[from] Leech Seed|[of] p1a: No Ghosts?\n|upkeep\n|turn|47\n|\n|t:|1697656419\n|move|p1a: No Ghosts?|Iron Defense|p1a: No Ghosts?\n|-boost|p1a: No Ghosts?|def|2\n|move|p2a: Nearly Witches|Calm Mind|p2a: Nearly Witches\n|-boost|p2a: Nearly Witches|spa|1\n|-boost|p2a: Nearly Witches|spd|1\n|\n|-damage|p2a: Nearly Witches|76\/100|[from] Leech Seed|[of] p1a: No Ghosts?\n|upkeep\n|turn|48\n|\n|t:|1697656422\n|move|p1a: No Ghosts?|Iron Defense|p1a: No Ghosts?\n|-boost|p1a: No Ghosts?|def|2\n|move|p2a: Nearly Witches|Calm Mind|p2a: Nearly Witches\n|-boost|p2a: Nearly Witches|spa|1\n|-boost|p2a: Nearly Witches|spd|1\n|\n|-damage|p2a: Nearly Witches|63\/100|[from] Leech Seed|[of] p1a: No Ghosts?\n|upkeep\n|turn|49\n|\n|t:|1697656426\n|move|p1a: No Ghosts?|Body Press|p2a: Nearly Witches\n|-resisted|p2a: Nearly Witches\n|-damage|p2a: Nearly Witches|27\/100\n|move|p2a: Nearly Witches|Moonlight|p2a: Nearly Witches\n|-heal|p2a: Nearly Witches|77\/100\n|\n|-damage|p2a: Nearly Witches|64\/100|[from] Leech Seed|[of] p1a: No Ghosts?\n|upkeep\n|turn|50\n|\n|t:|1697656434\n|move|p1a: No Ghosts?|Body Press|p2a: Nearly Witches\n|-resisted|p2a: Nearly Witches\n|-damage|p2a: Nearly Witches|27\/100\n|move|p2a: Nearly Witches|Moonlight|p2a: Nearly Witches\n|-heal|p2a: Nearly Witches|77\/100\n|\n|-damage|p2a: Nearly Witches|65\/100|[from] Leech Seed|[of] p1a: No Ghosts?\n|upkeep\n|turn|51\n|\n|t:|1697656440\n|move|p1a: No Ghosts?|Body Press|p2a: Nearly Witches\n|-resisted|p2a: Nearly Witches\n|-damage|p2a: Nearly Witches|29\/100\n|move|p2a: Nearly Witches|Moonlight|p2a: Nearly Witches\n|-heal|p2a: Nearly Witches|79\/100\n|\n|-damage|p2a: Nearly Witches|66\/100|[from] Leech Seed|[of] p1a: No Ghosts?\n|upkeep\n|turn|52\n|\n|t:|1697656443\n|move|p1a: No Ghosts?|Body Press|p2a: Nearly Witches\n|-resisted|p2a: Nearly Witches\n|-damage|p2a: Nearly Witches|26\/100\n|move|p2a: Nearly Witches|Moonblast|p1a: No Ghosts?\n|-damage|p1a: No Ghosts?|75\/100\n|\n|-damage|p2a: Nearly Witches|14\/100|[from] Leech Seed|[of] p1a: No Ghosts?\n|-heal|p1a: No Ghosts?|91\/100|[silent]\n|upkeep\n|turn|53\n|\n|t:|1697656447\n|move|p1a: No Ghosts?|Body Press|p2a: Nearly Witches\n|-resisted|p2a: Nearly Witches\n|-damage|p2a: Nearly Witches|0 fnt\n|faint|p2a: Nearly Witches\n|\n|win|so threatening\n|c|\u2606NEdgyman|gg\n|c|\u2606so threatening|gg\n","uploadtime":1697656454,"views":18,"p1id":"sothreatening","p2id":"nedgyman","formatid":"gen9ubers","rating":0,"private":0,"password":""}