{"id":"gen9ubers-1971471488","p1":"1P1o1s1h1e1","p2":"Albaz Brand","format":"[Gen 9] Ubers","log":"|j|\u26061P1o1s1h1e1\n|j|\u2606Albaz Brand\n|t:|1697741107\n|gametype|singles\n|player|p1|1P1o1s1h1e1|hooligans|\n|player|p2|Albaz Brand|bellelba|\n|teamsize|p1|6\n|teamsize|p2|6\n|gen|9\n|tier|[Gen 9] Ubers\n|rule|Sleep Clause Mod: Limit one foe put to sleep\n|rule|Species Clause: Limit one of each Pok\u00e9mon\n|rule|OHKO Clause: OHKO moves are banned\n|rule|Evasion Items Clause: Evasion items are banned\n|rule|Evasion Moves Clause: Evasion moves are banned\n|rule|Endless Battle Clause: Forcing endless battles is banned\n|rule|HP Percentage Mod: HP is shown in percentages\n|clearpoke\n|poke|p1|Wo-Chien|\n|poke|p1|Arceus-Poison|\n|poke|p1|Magearna|\n|poke|p1|Ursaluna-Bloodmoon, M|\n|poke|p1|Sneasler, M|\n|poke|p1|Scream Tail|\n|poke|p2|Ogerpon, F|\n|poke|p2|Palkia-Origin|\n|poke|p2|Magearna-Original|\n|poke|p2|Arceus-Fire|\n|poke|p2|Roaring Moon|\n|poke|p2|Iron Moth|\n|teampreview\n|c|\u2606Albaz Brand|GLHF\n|c|\u26061P1o1s1h1e1|u2\n|\n|t:|1697741116\n|start\n|switch|p1a: Arceus|Arceus-Poison|100\/100\n|switch|p2a: Magearna|Magearna-Original|100\/100\n|turn|1\n|\n|t:|1697741120\n|move|p1a: Arceus|Taunt|p2a: Magearna\n|-start|p2a: Magearna|move: Taunt\n|cant|p2a: Magearna|move: Taunt|Thunder Wave\n|\n|upkeep\n|turn|2\n|\n|t:|1697741125\n|move|p1a: Arceus|Will-O-Wisp|p2a: Magearna\n|-status|p2a: Magearna|brn\n|move|p2a: Magearna|Volt Switch|p1a: Arceus\n|-damage|p1a: Arceus|82\/100\n|\n|t:|1697741134\n|switch|p2a: Palkia|Palkia-Origin|100\/100|[from] Volt Switch\n|-ability|p2a: Palkia|Pressure\n|\n|upkeep\n|turn|3\n|\n|t:|1697741139\n|switch|p1a: Wo-Chien|Wo-Chien|100\/100\n|-ability|p1a: Wo-Chien|Tablets of Ruin\n|move|p2a: Palkia|Spacial Rend|p1a: Wo-Chien\n|-damage|p1a: Wo-Chien|64\/100\n|\n|-heal|p1a: Wo-Chien|70\/100|[from] item: Leftovers\n|upkeep\n|turn|4\n|\n|t:|1697741153\n|move|p2a: Palkia|Flamethrower|p1a: Wo-Chien\n|-supereffective|p1a: Wo-Chien\n|-damage|p1a: Wo-Chien|34\/100\n|move|p1a: Wo-Chien|Leech Seed|p2a: Palkia\n|-start|p2a: Palkia|move: Leech Seed\n|\n|-heal|p1a: Wo-Chien|40\/100|[from] item: Leftovers\n|-damage|p2a: Palkia|88\/100|[from] Leech Seed|[of] p1a: Wo-Chien\n|-heal|p1a: Wo-Chien|51\/100|[silent]\n|upkeep\n|turn|5\n|c|\u26061P1o1s1h1e1|I just noticed\n|c|\u26061P1o1s1h1e1|youve got the most anti knock squad ive ever seen lmao\n|c|\u2606Albaz Brand|HEHEHEHEHHE\n|\n|t:|1697741202\n|move|p1a: Wo-Chien|Protect|p1a: Wo-Chien\n|-singleturn|p1a: Wo-Chien|Protect\n|move|p2a: Palkia|Ice Beam|p1a: Wo-Chien\n|-activate|p1a: Wo-Chien|move: Protect\n|\n|-heal|p1a: Wo-Chien|57\/100|[from] item: Leftovers\n|-damage|p2a: Palkia|76\/100|[from] Leech Seed|[of] p1a: Wo-Chien\n|-heal|p1a: Wo-Chien|68\/100|[silent]\n|upkeep\n|turn|6\n|c|\u2606Albaz Brand|actually oger can get knocked\n|c|\u26061P1o1s1h1e1|yeah but thats it\n|\n|t:|1697741217\n|switch|p1a: Sneasler|Sneasler, M|100\/100\n|move|p2a: Palkia|Flamethrower|p1a: Sneasler\n|-damage|p1a: Sneasler|53\/100\n|\n|-damage|p2a: Palkia|63\/100|[from] Leech Seed|[of] p1a: Sneasler\n|-heal|p1a: Sneasler|67\/100|[silent]\n|upkeep\n|turn|7\n|\n|t:|1697741226\n|move|p1a: Sneasler|U-turn|p2a: Palkia\n|-damage|p2a: Palkia|38\/100\n|\n|t:|1697741229\n|switch|p1a: Magearna|Magearna|100\/100|[from] U-turn\n|move|p2a: Palkia|Spacial Rend|p1a: Magearna\n|-immune|p1a: Magearna\n|\n|-damage|p2a: Palkia|26\/100|[from] Leech Seed|[of] p1a: Magearna\n|upkeep\n|turn|8\n|\n|t:|1697741236\n|move|p2a: Palkia|Flamethrower|p1a: Magearna\n|-supereffective|p1a: Magearna\n|-damage|p1a: Magearna|58\/100\n|move|p1a: Magearna|Spikes|p2a: Palkia\n|-sidestart|p2: Albaz Brand|Spikes\n|\n|-heal|p1a: Magearna|64\/100|[from] item: Leftovers\n|-damage|p2a: Palkia|13\/100|[from] Leech Seed|[of] p1a: Magearna\n|-heal|p1a: Magearna|75\/100|[silent]\n|upkeep\n|turn|9\n|\n|t:|1697741245\n|move|p2a: Palkia|Flamethrower|p1a: Magearna\n|-supereffective|p1a: Magearna\n|-damage|p1a: Magearna|35\/100\n|-status|p1a: Magearna|brn\n|move|p1a: Magearna|Thunder Wave|p2a: Palkia\n|-status|p2a: Palkia|par\n|\n|-heal|p1a: Magearna|41\/100 brn|[from] item: Leftovers\n|-damage|p2a: Palkia|1\/100 par|[from] Leech Seed|[of] p1a: Magearna\n|-heal|p1a: Magearna|52\/100 brn|[silent]\n|-damage|p1a: Magearna|46\/100 brn|[from] brn\n|upkeep\n|turn|10\n|\n|t:|1697741251\n|cant|p2a: Palkia|par\n|move|p1a: Magearna|Spikes|p2a: Palkia\n|-sidestart|p2: Albaz Brand|Spikes\n|\n|-heal|p1a: Magearna|52\/100 brn|[from] item: Leftovers\n|-damage|p2a: Palkia|0 fnt|[from] Leech Seed|[of] p1a: Magearna\n|-heal|p1a: Magearna|52\/100 brn|[silent]\n|faint|p2a: Palkia\n|-ability|p1a: Magearna|Soul-Heart|boost\n|-boost|p1a: Magearna|spa|1\n|-damage|p1a: Magearna|46\/100 brn|[from] brn\n|upkeep\n|\n|t:|1697741265\n|switch|p2a: Ogerpon|Ogerpon, F|100\/100\n|-damage|p2a: Ogerpon|84\/100|[from] Spikes\n|turn|11\n|\n|t:|1697741270\n|move|p2a: Ogerpon|Swords Dance|p2a: Ogerpon\n|-boost|p2a: Ogerpon|atk|2\n|move|p1a: Magearna|Thunder Wave|p2a: Ogerpon\n|-status|p2a: Ogerpon|par\n|-enditem|p2a: Ogerpon|Lum Berry|[eat]\n|-curestatus|p2a: Ogerpon|par|[msg]\n|\n|-heal|p1a: Magearna|52\/100 brn|[from] item: Leftovers\n|-damage|p1a: Magearna|46\/100 brn|[from] brn\n|upkeep\n|turn|12\n|c|\u26061P1o1s1h1e1|oh shit\n|\n|t:|1697741284\n|move|p2a: Ogerpon|Stomping Tantrum|p1a: Magearna\n|-supereffective|p1a: Magearna\n|-damage|p1a: Magearna|0 fnt\n|faint|p1a: Magearna\n|\n|upkeep\n|\n|t:|1697741286\n|switch|p1a: Sneasler|Sneasler, M|67\/100\n|turn|13\n|\n|t:|1697741290\n|-terastallize|p2a: Ogerpon|Grass\n|detailschange|p2a: Ogerpon|Ogerpon-Teal-Tera, F, tera:Grass\n|-ability|p2a: Ogerpon|Embody Aspect (Teal)|boost\n|-boost|p2a: Ogerpon|spe|1\n|move|p1a: Sneasler|Dire Claw|p2a: Ogerpon\n|-supereffective|p2a: Ogerpon\n|-damage|p2a: Ogerpon|0 fnt\n|faint|p2a: Ogerpon\n|\n|upkeep\n|c|\u26061P1o1s1h1e1|shoutouts to scarf sneas\n|c|\u2606Albaz Brand|scarf damm\n|\n|t:|1697741302\n|switch|p2a: Iron Moth|Iron Moth|100\/100\n|-damage|p2a: Iron Moth|84\/100|[from] Spikes\n|-enditem|p2a: Iron Moth|Booster Energy\n|-activate|p2a: Iron Moth|ability: Quark Drive|[fromitem]\n|-start|p2a: Iron Moth|quarkdrivespe\n|turn|14\n|\n|t:|1697741307\n|move|p1a: Sneasler|Dire Claw|p2a: Iron Moth\n|-resisted|p2a: Iron Moth\n|-damage|p2a: Iron Moth|49\/100\n|-status|p2a: Iron Moth|par\n|move|p2a: Iron Moth|Fiery Dance|p1a: Sneasler\n|-damage|p1a: Sneasler|13\/100\n|\n|upkeep\n|turn|15\n|\n|t:|1697741331\n|switch|p1a: Scream Tail|Scream Tail|100\/100\n|move|p2a: Iron Moth|Energy Ball|p1a: Scream Tail\n|-damage|p1a: Scream Tail|78\/100\n|\n|-heal|p1a: Scream Tail|85\/100|[from] item: Leftovers\n|upkeep\n|turn|16\n|\n|t:|1697741337\n|move|p2a: Iron Moth|Sludge Wave|p1a: Scream Tail\n|-supereffective|p1a: Scream Tail\n|-damage|p1a: Scream Tail|11\/100\n|move|p1a: Scream Tail|Stealth Rock|p2a: Iron Moth\n|-sidestart|p2: Albaz Brand|move: Stealth Rock\n|\n|-heal|p1a: Scream Tail|18\/100|[from] item: Leftovers\n|upkeep\n|turn|17\n|\n|t:|1697741354\n|move|p1a: Scream Tail|Protect|p1a: Scream Tail\n|-singleturn|p1a: Scream Tail|Protect\n|move|p2a: Iron Moth|Fiery Dance|p1a: Scream Tail\n|-activate|p1a: Scream Tail|move: Protect\n|\n|-heal|p1a: Scream Tail|24\/100|[from] item: Leftovers\n|upkeep\n|turn|18\n|\n|t:|1697741383\n|-end|p1a: Scream Tail|Protosynthesis|[silent]\n|switch|p1a: Wo-Chien|Wo-Chien|68\/100\n|-ability|p1a: Wo-Chien|Tablets of Ruin\n|move|p2a: Iron Moth|Sludge Wave|p1a: Wo-Chien\n|-supereffective|p1a: Wo-Chien\n|-crit|p1a: Wo-Chien\n|-damage|p1a: Wo-Chien|0 fnt\n|faint|p1a: Wo-Chien\n|\n|upkeep\n|\n|t:|1697741406\n|switch|p1a: Sneasler|Sneasler, M|13\/100\n|turn|19\n|\n|t:|1697741411\n|move|p1a: Sneasler|Close Combat|p2a: Iron Moth\n|-resisted|p2a: Iron Moth\n|-damage|p2a: Iron Moth|0 fnt\n|-unboost|p1a: Sneasler|def|1\n|-unboost|p1a: Sneasler|spd|1\n|faint|p2a: Iron Moth\n|-end|p2a: Iron Moth|Quark Drive|[silent]\n|\n|upkeep\n|\n|t:|1697741416\n|switch|p2a: Arceus|Arceus-Fire|100\/100\n|-damage|p2a: Arceus|84\/100|[from] Spikes\n|-damage|p2a: Arceus|59\/100|[from] Stealth Rock\n|turn|20\n|\n|t:|1697741422\n|-terastallize|p1a: Sneasler|Fighting\n|move|p2a: Arceus|Extreme Speed|p1a: Sneasler\n|-damage|p1a: Sneasler|0 fnt\n|faint|p1a: Sneasler\n|\n|upkeep\n|c|\u26061P1o1s1h1e1|aw\n|c|\u26061P1o1s1h1e1|damn\n|\n|t:|1697741431\n|switch|p1a: Arceus|Arceus-Poison|82\/100\n|turn|21\n|\n|t:|1697741435\n|move|p2a: Arceus|Flare Blitz|p1a: Arceus\n|-damage|p1a: Arceus|47\/100\n|-damage|p2a: Arceus|46\/100|[from] Recoil\n|move|p1a: Arceus|Gunk Shot|p2a: Arceus\n|-damage|p2a: Arceus|0 fnt\n|faint|p2a: Arceus\n|\n|upkeep\n|\n|t:|1697741440\n|switch|p2a: Roaring Moon|Roaring Moon|100\/100\n|-damage|p2a: Roaring Moon|84\/100|[from] Spikes\n|-damage|p2a: Roaring Moon|72\/100|[from] Stealth Rock\n|-enditem|p2a: Roaring Moon|Booster Energy\n|-activate|p2a: Roaring Moon|ability: Protosynthesis|[fromitem]\n|-start|p2a: Roaring Moon|protosynthesisatk\n|turn|22\n|\n|t:|1697741446\n|move|p2a: Roaring Moon|Earthquake|p1a: Arceus\n|-supereffective|p1a: Arceus\n|-damage|p1a: Arceus|0 fnt\n|faint|p1a: Arceus\n|\n|upkeep\n|\n|t:|1697741449\n|switch|p1a: Ursaluna|Ursaluna-Bloodmoon, M|100\/100\n|turn|23\n|\n|t:|1697741460\n|move|p2a: Roaring Moon|Dragon Dance|p2a: Roaring Moon\n|-boost|p2a: Roaring Moon|atk|1\n|-boost|p2a: Roaring Moon|spe|1\n|move|p1a: Ursaluna|Roar|p2a: Roaring Moon\n|-end|p2a: Roaring Moon|Protosynthesis|[silent]\n|drag|p2a: Magearna|Magearna-Original|100\/100 brn\n|-damage|p2a: Magearna|84\/100 brn|[from] Spikes\n|-damage|p2a: Magearna|78\/100 brn|[from] Stealth Rock\n|\n|-heal|p2a: Magearna|84\/100 brn|[from] item: Leftovers\n|-damage|p2a: Magearna|78\/100 brn|[from] brn\n|upkeep\n|turn|24\n|c|\u26061P1o1s1h1e1|YES\n|c|\u26061P1o1s1h1e1|ROAR MOON THE GOAT\n|\n|t:|1697741471\n|move|p2a: Magearna|Draining Kiss|p1a: Ursaluna\n|-damage|p1a: Ursaluna|80\/100\n|-heal|p2a: Magearna|97\/100 brn|[from] drain|[of] p1a: Ursaluna\n|move|p1a: Ursaluna|Calm Mind|p1a: Ursaluna\n|-boost|p1a: Ursaluna|spa|1\n|-boost|p1a: Ursaluna|spd|1\n|\n|-heal|p2a: Magearna|100\/100 brn|[from] item: Leftovers\n|-heal|p1a: Ursaluna|86\/100|[from] item: Leftovers\n|-damage|p2a: Magearna|94\/100 brn|[from] brn\n|upkeep\n|turn|25\n|\n|t:|1697741482\n|move|p2a: Magearna|Draining Kiss|p1a: Ursaluna\n|-damage|p1a: Ursaluna|71\/100\n|-heal|p2a: Magearna|100\/100 brn|[from] drain|[of] p1a: Ursaluna\n|move|p1a: Ursaluna|Calm Mind|p1a: Ursaluna\n|-boost|p1a: Ursaluna|spa|1\n|-boost|p1a: Ursaluna|spd|1\n|\n|-heal|p1a: Ursaluna|77\/100|[from] item: Leftovers\n|-damage|p2a: Magearna|94\/100 brn|[from] brn\n|upkeep\n|turn|26\n|\n|t:|1697741501\n|move|p2a: Magearna|Draining Kiss|p1a: Ursaluna\n|-damage|p1a: Ursaluna|67\/100\n|-heal|p2a: Magearna|100\/100 brn|[from] drain|[of] p1a: Ursaluna\n|move|p1a: Ursaluna|Moonlight|p1a: Ursaluna\n|-heal|p1a: Ursaluna|100\/100\n|\n|-damage|p2a: Magearna|94\/100 brn|[from] brn\n|upkeep\n|turn|27\n|\n|t:|1697741506\n|move|p2a: Magearna|Draining Kiss|p1a: Ursaluna\n|-damage|p1a: Ursaluna|89\/100\n|-heal|p2a: Magearna|100\/100 brn|[from] drain|[of] p1a: Ursaluna\n|move|p1a: Ursaluna|Calm Mind|p1a: Ursaluna\n|-boost|p1a: Ursaluna|spa|1\n|-boost|p1a: Ursaluna|spd|1\n|\n|-heal|p1a: Ursaluna|95\/100|[from] item: Leftovers\n|-damage|p2a: Magearna|94\/100 brn|[from] brn\n|upkeep\n|turn|28\n|\n|t:|1697741508\n|move|p2a: Magearna|Draining Kiss|p1a: Ursaluna\n|-damage|p1a: Ursaluna|87\/100\n|-heal|p2a: Magearna|100\/100 brn|[from] drain|[of] p1a: Ursaluna\n|move|p1a: Ursaluna|Calm Mind|p1a: Ursaluna\n|-boost|p1a: Ursaluna|spa|1\n|-boost|p1a: Ursaluna|spd|1\n|\n|-heal|p1a: Ursaluna|93\/100|[from] item: Leftovers\n|-damage|p2a: Magearna|94\/100 brn|[from] brn\n|upkeep\n|turn|29\n|\n|t:|1697741510\n|move|p2a: Magearna|Draining Kiss|p1a: Ursaluna\n|-damage|p1a: Ursaluna|86\/100\n|-heal|p2a: Magearna|100\/100 brn|[from] drain|[of] p1a: Ursaluna\n|move|p1a: Ursaluna|Calm Mind|p1a: Ursaluna\n|-boost|p1a: Ursaluna|spa|1\n|-boost|p1a: Ursaluna|spd|1\n|\n|-heal|p1a: Ursaluna|92\/100|[from] item: Leftovers\n|-damage|p2a: Magearna|94\/100 brn|[from] brn\n|upkeep\n|turn|30\n|\n|t:|1697741513\n|move|p2a: Magearna|Draining Kiss|p1a: Ursaluna\n|-damage|p1a: Ursaluna|86\/100\n|-heal|p2a: Magearna|99\/100 brn|[from] drain|[of] p1a: Ursaluna\n|move|p1a: Ursaluna|Calm Mind|p1a: Ursaluna\n|-boost|p1a: Ursaluna|spa|1\n|-boost|p1a: Ursaluna|spd|1\n|\n|-heal|p2a: Magearna|100\/100 brn|[from] item: Leftovers\n|-heal|p1a: Ursaluna|92\/100|[from] item: Leftovers\n|-damage|p2a: Magearna|94\/100 brn|[from] brn\n|upkeep\n|turn|31\n|\n|t:|1697741529\n|move|p2a: Magearna|Draining Kiss|p1a: Ursaluna\n|-damage|p1a: Ursaluna|86\/100\n|-heal|p2a: Magearna|99\/100 brn|[from] drain|[of] p1a: Ursaluna\n|move|p1a: Ursaluna|Hyper Voice|p2a: Magearna\n|-resisted|p2a: Magearna\n|-damage|p2a: Magearna|30\/100 brn\n|\n|-heal|p2a: Magearna|36\/100 brn|[from] item: Leftovers\n|-heal|p1a: Ursaluna|92\/100|[from] item: Leftovers\n|-damage|p2a: Magearna|30\/100 brn|[from] brn\n|upkeep\n|turn|32\n|\n|t:|1697741538\n|move|p2a: Magearna|Draining Kiss|p1a: Ursaluna\n|-damage|p1a: Ursaluna|86\/100\n|-heal|p2a: Magearna|35\/100 brn|[from] drain|[of] p1a: Ursaluna\n|move|p1a: Ursaluna|Hyper Voice|p2a: Magearna\n|-resisted|p2a: Magearna\n|-damage|p2a: Magearna|0 fnt\n|faint|p2a: Magearna\n|\n|-heal|p1a: Ursaluna|92\/100|[from] item: Leftovers\n|upkeep\n|\n|t:|1697741548\n|switch|p2a: Roaring Moon|Roaring Moon|72\/100\n|-damage|p2a: Roaring Moon|55\/100|[from] Spikes\n|-damage|p2a: Roaring Moon|43\/100|[from] Stealth Rock\n|turn|33\n|\n|t:|1697741551\n|move|p2a: Roaring Moon|Iron Head|p1a: Ursaluna\n|-damage|p1a: Ursaluna|72\/100\n|cant|p1a: Ursaluna|flinch\n|\n|-heal|p1a: Ursaluna|78\/100|[from] item: Leftovers\n|upkeep\n|turn|34\n|\n|t:|1697741555\n|move|p2a: Roaring Moon|Iron Head|p1a: Ursaluna\n|-damage|p1a: Ursaluna|54\/100\n|move|p1a: Ursaluna|Hyper Voice|p2a: Roaring Moon\n|-damage|p2a: Roaring Moon|0 fnt\n|faint|p2a: Roaring Moon\n|-end|p2a: Roaring Moon|Protosynthesis|[silent]\n|\n|win|1P1o1s1h1e1\n|c|\u26061P1o1s1h1e1|gg\n|c|\u2606Albaz Brand|GGs\n|l|\u2606Albaz Brand\n","uploadtime":1697741563,"views":8,"p1id":"1p1o1s1h1e1","p2id":"albazbrand","formatid":"gen9ubers","rating":0,"private":0,"password":""}