{"id":"gen9ubers-1977691250","p1":"Chrizz Brown","p2":"naditza","format":"[Gen 9] Ubers","log":"|j|\u2606Chrizz Brown\n|j|\u2606naditza\n|inactive|Battle timer is ON: inactive players will automatically lose when time's up.\n|t:|1698439101\n|gametype|singles\n|player|p1|Chrizz Brown|twins|\n|player|p2|naditza|gambler|\n|teamsize|p1|6\n|teamsize|p2|6\n|gen|9\n|tier|[Gen 9] Ubers\n|rated|Tournament battle\n|rule|Sleep Clause Mod: Limit one foe put to sleep\n|rule|Species Clause: Limit one of each Pok\u00e9mon\n|rule|OHKO Clause: OHKO moves are banned\n|rule|Evasion Items Clause: Evasion items are banned\n|rule|Evasion Moves Clause: Evasion moves are banned\n|rule|Endless Battle Clause: Forcing endless battles is banned\n|rule|HP Percentage Mod: HP is shown in percentages\n|clearpoke\n|poke|p1|Koraidon|\n|poke|p1|Zacian-*|\n|poke|p1|Arceus-Fairy|\n|poke|p1|Skeledirge, M|\n|poke|p1|Giratina-Origin|\n|poke|p1|Ting-Lu|\n|poke|p2|Weezing-Galar, M|\n|poke|p2|Arceus-Steel|\n|poke|p2|Ting-Lu|\n|poke|p2|Landorus-Therian, M|\n|poke|p2|Koraidon|\n|poke|p2|Palkia-Origin|\n|teampreview\n|j|*Lady Monita \u263d\n|inactive|naditza has 120 seconds left.\n|c|\u2606naditza|glhf\n|c|\u2606Chrizz Brown|u2\n|\n|t:|1698439136\n|start\n|switch|p1a: Giratina|Giratina-Origin|100\/100\n|switch|p2a: Landorus|Landorus-Therian, M|100\/100\n|-ability|p2a: Landorus|Intimidate|boost\n|-unboost|p1a: Giratina|atk|1\n|turn|1\n|\n|t:|1698439144\n|move|p1a: Giratina|Will-O-Wisp|p2a: Landorus\n|-status|p2a: Landorus|brn\n|move|p2a: Landorus|Stealth Rock|p1a: Giratina\n|-sidestart|p1: Chrizz Brown|move: Stealth Rock\n|\n|-damage|p2a: Landorus|94\/100 brn|[from] brn\n|upkeep\n|turn|2\n|\n|t:|1698439149\n|move|p1a: Giratina|Defog|p2a: Landorus\n|-unboost|p2a: Landorus|evasion|1\n|-sideend|p1: Chrizz Brown|Stealth Rock|[from] move: Defog|[of] p1a: Giratina\n|move|p2a: Landorus|Taunt|p1a: Giratina\n|-start|p1a: Giratina|move: Taunt\n|\n|-damage|p2a: Landorus|88\/100 brn|[from] brn\n|upkeep\n|turn|3\n|\n|t:|1698439153\n|move|p1a: Giratina|Hex|p2a: Landorus\n|-damage|p2a: Landorus|7\/100 brn\n|move|p2a: Landorus|Stealth Rock|p1a: Giratina\n|-sidestart|p1: Chrizz Brown|move: Stealth Rock\n|\n|-damage|p2a: Landorus|1\/100 brn|[from] brn\n|upkeep\n|turn|4\n|\n|t:|1698439162\n|move|p1a: Giratina|Hex|p2a: Landorus\n|-damage|p2a: Landorus|0 fnt\n|faint|p2a: Landorus\n|\n|upkeep\n|\n|t:|1698439169\n|switch|p2a: Koraidon|Koraidon|100\/100\n|-weather|SunnyDay|[from] ability: Orichalcum Pulse|[of] p2a: Koraidon\n|-activate|p2a: Koraidon|Orichalcum Pulse|[source]\n|turn|5\n|\n|t:|1698439172\n|move|p2a: Koraidon|Dragon Claw|p1a: Giratina\n|-supereffective|p1a: Giratina\n|-damage|p1a: Giratina|31\/100\n|move|p1a: Giratina|Dragon Tail|p2a: Koraidon\n|-supereffective|p2a: Koraidon\n|-damage|p2a: Koraidon|72\/100\n|drag|p2a: Palkia|Palkia-Origin|100\/100\n|-ability|p2a: Palkia|Pressure\n|\n|-weather|SunnyDay|[upkeep]\n|-end|p1a: Giratina|move: Taunt\n|upkeep\n|turn|6\n|\n|t:|1698439181\n|switch|p1a: Ting-Lu|Ting-Lu|100\/100\n|-damage|p1a: Ting-Lu|94\/100|[from] Stealth Rock\n|-ability|p1a: Ting-Lu|Vessel of Ruin\n|move|p2a: Palkia|Spacial Rend|p1a: Ting-Lu\n|-damage|p1a: Ting-Lu|67\/100\n|-enditem|p1a: Ting-Lu|Eject Button\n|\n|t:|1698439185\n|switch|p1a: Zacian|Zacian-Crowned|100\/100\n|-damage|p1a: Zacian|94\/100|[from] Stealth Rock\n|-ability|p1a: Zacian|Intrepid Sword|boost\n|-boost|p1a: Zacian|atk|1\n|\n|-weather|SunnyDay|[upkeep]\n|upkeep\n|turn|7\n|\n|t:|1698439189\n|move|p1a: Zacian|Swords Dance|p1a: Zacian\n|-boost|p1a: Zacian|atk|2\n|move|p2a: Palkia|Fire Blast|p1a: Zacian\n|-supereffective|p1a: Zacian\n|-damage|p1a: Zacian|0 fnt\n|faint|p1a: Zacian\n|\n|-weather|SunnyDay|[upkeep]\n|upkeep\n|\n|t:|1698439197\n|switch|p1a: Arceus|Arceus-Fairy|100\/100\n|-damage|p1a: Arceus|88\/100|[from] Stealth Rock\n|turn|8\n|\n|t:|1698439204\n|switch|p2a: Weezing|Weezing-Galar, M|100\/100\n|-ability|p2a: Weezing|Neutralizing Gas\n|move|p1a: Arceus|Calm Mind|p1a: Arceus\n|-boost|p1a: Arceus|spa|1\n|-boost|p1a: Arceus|spd|1\n|\n|-weather|SunnyDay|[upkeep]\n|upkeep\n|turn|9\n|\n|t:|1698439209\n|move|p1a: Arceus|Earth Power|p2a: Weezing\n|-supereffective|p2a: Weezing\n|-damage|p2a: Weezing|0 fnt\n|faint|p2a: Weezing\n|-end|p2a: Weezing|ability: Neutralizing Gas\n|\n|-weather|none\n|upkeep\n|\n|t:|1698439213\n|switch|p2a: Arceus|Arceus-Steel|100\/100\n|turn|10\n|\n|t:|1698439217\n|-terastallize|p1a: Arceus|Poison\n|move|p2a: Arceus|Judgment|p1a: Arceus\n|-damage|p1a: Arceus|68\/100\n|move|p1a: Arceus|Earth Power|p2a: Arceus\n|-supereffective|p2a: Arceus\n|-damage|p2a: Arceus|47\/100\n|\n|upkeep\n|turn|11\n|\n|t:|1698439224\n|-terastallize|p2a: Arceus|Ground\n|move|p2a: Arceus|Recover|p2a: Arceus\n|-heal|p2a: Arceus|97\/100\n|move|p1a: Arceus|Earth Power|p2a: Arceus\n|-damage|p2a: Arceus|73\/100\n|\n|upkeep\n|turn|12\n|\n|t:|1698439229\n|move|p2a: Arceus|Earth Power|p1a: Arceus\n|-supereffective|p1a: Arceus\n|-damage|p1a: Arceus|37\/100\n|move|p1a: Arceus|Judgment|p2a: Arceus\n|-damage|p2a: Arceus|16\/100\n|\n|upkeep\n|turn|13\n|\n|t:|1698439234\n|move|p2a: Arceus|Earth Power|p1a: Arceus\n|-supereffective|p1a: Arceus\n|-damage|p1a: Arceus|3\/100\n|move|p1a: Arceus|Judgment|p2a: Arceus\n|-damage|p2a: Arceus|0 fnt\n|faint|p2a: Arceus\n|\n|upkeep\n|\n|t:|1698439241\n|switch|p2a: Koraidon|Koraidon|72\/100\n|-weather|SunnyDay|[from] ability: Orichalcum Pulse|[of] p2a: Koraidon\n|-activate|p2a: Koraidon|Orichalcum Pulse|[source]\n|turn|14\n|\n|t:|1698439245\n|move|p2a: Koraidon|U-turn|p1a: Arceus\n|-resisted|p1a: Arceus\n|-damage|p1a: Arceus|0 fnt\n|faint|p1a: Arceus\n|\n|t:|1698439250\n|switch|p2a: Ting-Lu|Ting-Lu|100\/100|[from] U-turn\n|-ability|p2a: Ting-Lu|Vessel of Ruin\n|\n|-weather|SunnyDay|[upkeep]\n|upkeep\n|\n|t:|1698439256\n|switch|p1a: Giratina|Giratina-Origin|31\/100\n|-damage|p1a: Giratina|19\/100|[from] Stealth Rock\n|turn|15\n|\n|t:|1698439262\n|switch|p2a: Palkia|Palkia-Origin|100\/100\n|-ability|p2a: Palkia|Pressure\n|move|p1a: Giratina|Defog|p2a: Palkia\n|-unboost|p2a: Palkia|evasion|1\n|-sideend|p1: Chrizz Brown|Stealth Rock|[from] move: Defog|[of] p1a: Giratina\n|\n|-weather|SunnyDay|[upkeep]\n|upkeep\n|turn|16\n|\n|t:|1698439268\n|move|p2a: Palkia|Spacial Rend|p1a: Giratina\n|-supereffective|p1a: Giratina\n|-crit|p1a: Giratina\n|-damage|p1a: Giratina|0 fnt\n|faint|p1a: Giratina\n|\n|-weather|SunnyDay|[upkeep]\n|upkeep\n|\n|t:|1698439272\n|switch|p1a: Koraidon|Koraidon|100\/100\n|-activate|p1a: Koraidon|ability: Orichalcum Pulse\n|turn|17\n|\n|t:|1698439279\n|switch|p2a: Ting-Lu|Ting-Lu|100\/100\n|-ability|p2a: Ting-Lu|Vessel of Ruin\n|move|p1a: Koraidon|Scale Shot|p2a: Ting-Lu\n|-damage|p2a: Ting-Lu|88\/100\n|-damage|p2a: Ting-Lu|78\/100\n|-damage|p2a: Ting-Lu|67\/100\n|-damage|p2a: Ting-Lu|55\/100\n|-hitcount|p2a: Ting-Lu|4\n|-unboost|p1a: Koraidon|def|1\n|-boost|p1a: Koraidon|spe|1\n|\n|-weather|SunnyDay|[upkeep]\n|-heal|p2a: Ting-Lu|61\/100|[from] item: Leftovers\n|upkeep\n|turn|18\n|\n|t:|1698439291\n|move|p1a: Koraidon|Scale Shot|p2a: Ting-Lu\n|-damage|p2a: Ting-Lu|49\/100\n|-damage|p2a: Ting-Lu|38\/100\n|-damage|p2a: Ting-Lu|28\/100\n|-damage|p2a: Ting-Lu|17\/100\n|-hitcount|p2a: Ting-Lu|4\n|-unboost|p1a: Koraidon|def|1\n|-boost|p1a: Koraidon|spe|1\n|move|p2a: Ting-Lu|Whirlwind|p1a: Koraidon\n|drag|p1a: Ting-Lu|Ting-Lu|67\/100\n|-ability|p1a: Ting-Lu|Vessel of Ruin\n|\n|-weather|none\n|-heal|p2a: Ting-Lu|23\/100|[from] item: Leftovers\n|upkeep\n|turn|19\n|\n|t:|1698439299\n|move|p2a: Ting-Lu|Spikes|p1a: Ting-Lu\n|-sidestart|p1: Chrizz Brown|Spikes\n|move|p1a: Ting-Lu|Spikes|p2a: Ting-Lu\n|-sidestart|p2: naditza|Spikes\n|\n|-heal|p2a: Ting-Lu|29\/100|[from] item: Leftovers\n|upkeep\n|turn|20\n|\n|t:|1698439303\n|switch|p1a: Koraidon|Koraidon|100\/100\n|-damage|p1a: Koraidon|88\/100|[from] Spikes\n|-weather|SunnyDay|[from] ability: Orichalcum Pulse|[of] p1a: Koraidon\n|-activate|p1a: Koraidon|Orichalcum Pulse|[source]\n|move|p2a: Ting-Lu|Ruination|p1a: Koraidon\n|-damage|p1a: Koraidon|44\/100\n|\n|-weather|SunnyDay|[upkeep]\n|-heal|p2a: Ting-Lu|35\/100|[from] item: Leftovers\n|upkeep\n|turn|21\n|\n|t:|1698439307\n|move|p1a: Koraidon|Scale Shot|p2a: Ting-Lu\n|-damage|p2a: Ting-Lu|25\/100\n|-damage|p2a: Ting-Lu|15\/100\n|-damage|p2a: Ting-Lu|4\/100\n|-damage|p2a: Ting-Lu|0 fnt\n|faint|p2a: Ting-Lu\n|-hitcount|p2: Ting-Lu|4\n|-unboost|p1a: Koraidon|def|1\n|-boost|p1a: Koraidon|spe|1\n|\n|-weather|SunnyDay|[upkeep]\n|upkeep\n|\n|t:|1698439311\n|switch|p2a: Koraidon|Koraidon|72\/100\n|-damage|p2a: Koraidon|59\/100|[from] Spikes\n|-activate|p2a: Koraidon|ability: Orichalcum Pulse\n|turn|22\n|\n|t:|1698439314\n|move|p1a: Koraidon|Scale Shot|p2a: Koraidon\n|-supereffective|p2a: Koraidon\n|-damage|p2a: Koraidon|28\/100\n|-supereffective|p2a: Koraidon\n|-damage|p2a: Koraidon|0 fnt\n|faint|p2a: Koraidon\n|-hitcount|p2: Koraidon|2\n|-unboost|p1a: Koraidon|def|1\n|-boost|p1a: Koraidon|spe|1\n|\n|-weather|SunnyDay|[upkeep]\n|upkeep\n|c|\u2606naditza|,,,,\n|\n|t:|1698439322\n|switch|p2a: Palkia|Palkia-Origin|100\/100\n|-damage|p2a: Palkia|88\/100|[from] Spikes\n|-ability|p2a: Palkia|Pressure\n|turn|23\n|\n|t:|1698439326\n|move|p1a: Koraidon|Scale Shot|p2a: Palkia\n|-supereffective|p2a: Palkia\n|-damage|p2a: Palkia|47\/100\n|-supereffective|p2a: Palkia\n|-damage|p2a: Palkia|6\/100\n|-supereffective|p2a: Palkia\n|-damage|p2a: Palkia|0 fnt\n|faint|p2a: Palkia\n|-hitcount|p2: Palkia|3\n|\n|win|Chrizz Brown\n|n|\u2606Chrizz Brown|chrizzbrown\n|n|\u2606naditza|naditza\n|n|*Lady Monita \u263d|ladymonita\n|l|*Lady Monita \u263d\n","uploadtime":1698439332,"views":15,"p1id":"chrizzbrown","p2id":"naditza","formatid":"gen9ubers","rating":0,"private":0,"password":""}