{"id":"gen9ubers-1979655473","p1":"rutriyououiyiyuyt","p2":"The8thSamurai","format":"[Gen 9] Ubers","log":"|j|\u2606rutriyououiyiyuyt\n|j|\u2606The8thSamurai\n|t:|1698700382\n|gametype|singles\n|player|p1|rutriyououiyiyuyt|elesa|\n|player|p2|The8thSamurai|benga|\n|teamsize|p1|6\n|teamsize|p2|6\n|gen|9\n|tier|[Gen 9] Ubers\n|rule|Sleep Clause Mod: Limit one foe put to sleep\n|rule|Species Clause: Limit one of each Pok\u00e9mon\n|rule|OHKO Clause: OHKO moves are banned\n|rule|Evasion Items Clause: Evasion items are banned\n|rule|Evasion Moves Clause: Evasion moves are banned\n|rule|Endless Battle Clause: Forcing endless battles is banned\n|rule|HP Percentage Mod: HP is shown in percentages\n|clearpoke\n|poke|p1|Meowscarada, F|\n|poke|p1|Ninetales-Alola, F|\n|poke|p1|Arceus-Poison|\n|poke|p1|Gholdengo|\n|poke|p1|Urshifu-*, M|\n|poke|p1|Ogerpon-Wellspring, F|\n|poke|p2|Magearna|\n|poke|p2|Cyclizar, F|\n|poke|p2|Zacian-*|\n|poke|p2|Pelipper, F|\n|poke|p2|Basculegion-F, F|\n|poke|p2|Palkia-Origin|\n|teampreview\n|inactive|Battle timer is ON: inactive players will automatically lose when time's up. (requested by The8thSamurai)\n|\n|t:|1698700409\n|start\n|switch|p1a: Ninetales-Kanto|Ninetales-Alola, F|100\/100\n|switch|p2a: Zacian|Zacian, shiny|100\/100\n|-weather|Snow|[from] ability: Snow Warning|[of] p1a: Ninetales-Kanto\n|-ability|p2a: Zacian|Intrepid Sword|boost\n|-boost|p2a: Zacian|atk|1\n|turn|1\n|\n|t:|1698700427\n|switch|p1a: Arceus-Toxic|Arceus-Poison|100\/100\n|switch|p2a: Magearna|Magearna|100\/100\n|\n|-weather|Snow|[upkeep]\n|upkeep\n|turn|2\n|\n|t:|1698700433\n|move|p1a: Arceus-Toxic|Earthquake|p2a: Magearna\n|-supereffective|p2a: Magearna\n|-damage|p2a: Magearna|64\/100\n|move|p2a: Magearna|Calm Mind|p2a: Magearna\n|-boost|p2a: Magearna|spa|1\n|-boost|p2a: Magearna|spd|1\n|\n|-weather|Snow|[upkeep]\n|-heal|p2a: Magearna|70\/100|[from] item: Leftovers\n|upkeep\n|turn|3\n|\n|t:|1698700442\n|move|p1a: Arceus-Toxic|Earthquake|p2a: Magearna\n|-supereffective|p2a: Magearna\n|-damage|p2a: Magearna|35\/100\n|move|p2a: Magearna|Shift Gear|p2a: Magearna\n|-boost|p2a: Magearna|spe|2\n|-boost|p2a: Magearna|atk|1\n|\n|-weather|Snow|[upkeep]\n|-heal|p2a: Magearna|41\/100|[from] item: Leftovers\n|upkeep\n|turn|4\n|\n|t:|1698700452\n|move|p2a: Magearna|Stored Power|p1a: Arceus-Toxic\n|-supereffective|p1a: Arceus-Toxic\n|-damage|p1a: Arceus-Toxic|35\/100\n|move|p1a: Arceus-Toxic|Earthquake|p2a: Magearna\n|-supereffective|p2a: Magearna\n|-damage|p2a: Magearna|4\/100\n|\n|-weather|Snow|[upkeep]\n|-heal|p2a: Magearna|10\/100|[from] item: Leftovers\n|upkeep\n|turn|5\n|\n|t:|1698700459\n|switch|p1a: Urshifu-Rapid|Urshifu, M|100\/100\n|move|p2a: Magearna|Stored Power|p1a: Urshifu-Rapid\n|-immune|p1a: Urshifu-Rapid\n|\n|-weather|none\n|-heal|p2a: Magearna|16\/100|[from] item: Leftovers\n|upkeep\n|turn|6\n|\n|t:|1698700466\n|move|p1a: Urshifu-Rapid|Sucker Punch|p2a: Magearna\n|-resisted|p2a: Magearna\n|-damage|p2a: Magearna|2\/100\n|move|p2a: Magearna|Draining Kiss|p1a: Urshifu-Rapid\n|-supereffective|p1a: Urshifu-Rapid\n|-damage|p1a: Urshifu-Rapid|0 fnt\n|-heal|p2a: Magearna|73\/100|[from] drain|[of] p1a: Urshifu-Rapid\n|faint|p1a: Urshifu-Rapid\n|-ability|p2a: Magearna|Soul-Heart|boost\n|-boost|p2a: Magearna|spa|1\n|\n|-heal|p2a: Magearna|79\/100|[from] item: Leftovers\n|upkeep\n|\n|t:|1698700476\n|switch|p1a: Dollar Bill|Gholdengo|100\/100\n|turn|7\n|\n|t:|1698700489\n|move|p2a: Magearna|Stored Power|p1a: Dollar Bill\n|-resisted|p1a: Dollar Bill\n|-damage|p1a: Dollar Bill|58\/100\n|move|p1a: Dollar Bill|Thunder Wave|p2a: Magearna\n|-status|p2a: Magearna|par\n|\n|-heal|p2a: Magearna|85\/100 par|[from] item: Leftovers\n|upkeep\n|turn|8\n|\n|t:|1698700496\n|move|p1a: Dollar Bill|Recover|p1a: Dollar Bill\n|-heal|p1a: Dollar Bill|100\/100\n|move|p2a: Magearna|Shift Gear|p2a: Magearna\n|-boost|p2a: Magearna|spe|2\n|-boost|p2a: Magearna|atk|1\n|\n|-heal|p2a: Magearna|91\/100 par|[from] item: Leftovers\n|upkeep\n|turn|9\n|\n|t:|1698700505\n|move|p2a: Magearna|Stored Power|p1a: Dollar Bill\n|-resisted|p1a: Dollar Bill\n|-damage|p1a: Dollar Bill|49\/100\n|move|p1a: Dollar Bill|Focus Blast|p2a: Magearna\n|-damage|p2a: Magearna|65\/100 par\n|\n|-heal|p2a: Magearna|71\/100 par|[from] item: Leftovers\n|upkeep\n|turn|10\n|\n|t:|1698700514\n|move|p2a: Magearna|Stored Power|p1a: Dollar Bill\n|-resisted|p1a: Dollar Bill\n|-crit|p1a: Dollar Bill\n|-damage|p1a: Dollar Bill|0 fnt\n|faint|p1a: Dollar Bill\n|-ability|p2a: Magearna|Soul-Heart|boost\n|-boost|p2a: Magearna|spa|1\n|\n|-heal|p2a: Magearna|77\/100 par|[from] item: Leftovers\n|upkeep\n|\n|t:|1698700520\n|switch|p1a: Ogerpon-Hearth|Ogerpon-Wellspring, F|100\/100\n|turn|11\n|\n|t:|1698700530\n|-terastallize|p1a: Ogerpon-Hearth|Water\n|detailschange|p1a: Ogerpon-Hearth|Ogerpon-Wellspring-Tera, F, tera:Water\n|-ability|p1a: Ogerpon-Hearth|Embody Aspect (Wellspring)|boost\n|-boost|p1a: Ogerpon-Hearth|spd|1\n|move|p1a: Ogerpon-Hearth|Ivy Cudgel|p2a: Magearna\n|-damage|p2a: Magearna|31\/100 par\n|move|p2a: Magearna|Stored Power|p1a: Ogerpon-Hearth\n|-damage|p1a: Ogerpon-Hearth|0 fnt\n|faint|p1a: Ogerpon-Hearth\n|-ability|p2a: Magearna|Soul-Heart|boost\n|-boost|p2a: Magearna|spa|1\n|\n|-heal|p2a: Magearna|37\/100 par|[from] item: Leftovers\n|upkeep\n|\n|t:|1698700545\n|switch|p1a: Incin|Meowscarada, F|100\/100\n|turn|12\n|\n|t:|1698700548\n|move|p1a: Incin|Flower Trick|p2a: Magearna\n|-start|p1a: Incin|typechange|Grass|[from] ability: Protean\n|-resisted|p2a: Magearna\n|-crit|p2a: Magearna\n|-damage|p2a: Magearna|21\/100 par\n|move|p2a: Magearna|Draining Kiss|p1a: Incin\n|-damage|p1a: Incin|2\/100\n|-heal|p2a: Magearna|81\/100 par|[from] drain|[of] p1a: Incin\n|\n|-heal|p2a: Magearna|87\/100 par|[from] item: Leftovers\n|upkeep\n|turn|13\n|\n|t:|1698700559\n|move|p1a: Incin|Flower Trick|p2a: Magearna\n|-resisted|p2a: Magearna\n|-crit|p2a: Magearna\n|-damage|p2a: Magearna|71\/100 par\n|cant|p2a: Magearna|par\n|\n|-heal|p2a: Magearna|77\/100 par|[from] item: Leftovers\n|upkeep\n|turn|14\n|\n|t:|1698700572\n|move|p1a: Incin|Flower Trick|p2a: Magearna\n|-resisted|p2a: Magearna\n|-crit|p2a: Magearna\n|-damage|p2a: Magearna|62\/100 par\n|move|p2a: Magearna|Stored Power|p1a: Incin\n|-damage|p1a: Incin|0 fnt\n|faint|p1a: Incin\n|-ability|p2a: Magearna|Soul-Heart|boost\n|-boost|p2a: Magearna|spa|1\n|\n|-heal|p2a: Magearna|68\/100 par|[from] item: Leftovers\n|upkeep\n|\n|t:|1698700575\n|switch|p1a: Arceus-Toxic|Arceus-Poison|35\/100\n|turn|15\n|\n|t:|1698700583\n|move|p1a: Arceus-Toxic|Earthquake|p2a: Magearna\n|-supereffective|p2a: Magearna\n|-damage|p2a: Magearna|31\/100 par\n|cant|p2a: Magearna|par\n|\n|-heal|p2a: Magearna|37\/100 par|[from] item: Leftovers\n|upkeep\n|turn|16\n|\n|t:|1698700589\n|move|p1a: Arceus-Toxic|Earthquake|p2a: Magearna\n|-supereffective|p2a: Magearna\n|-damage|p2a: Magearna|3\/100 par\n|move|p2a: Magearna|Stored Power|p1a: Arceus-Toxic\n|-supereffective|p1a: Arceus-Toxic\n|-damage|p1a: Arceus-Toxic|0 fnt\n|faint|p1a: Arceus-Toxic\n|-ability|p2a: Magearna|Soul-Heart|boost\n|-boost|p2a: Magearna|spa|1\n|\n|-heal|p2a: Magearna|9\/100 par|[from] item: Leftovers\n|upkeep\n|\n|t:|1698700594\n|switch|p1a: Ninetales-Kanto|Ninetales-Alola, F|100\/100\n|-weather|Snow|[from] ability: Snow Warning|[of] p1a: Ninetales-Kanto\n|turn|17\n|\n|t:|1698700601\n|move|p1a: Ninetales-Kanto|Freeze-Dry|p2a: Magearna\n|-resisted|p2a: Magearna\n|-damage|p2a: Magearna|1\/100 par\n|move|p2a: Magearna|Stored Power|p1a: Ninetales-Kanto\n|-damage|p1a: Ninetales-Kanto|0 fnt\n|faint|p1a: Ninetales-Kanto\n|\n|win|The8thSamurai\n|c|\u2606rutriyououiyiyuyt|gg\n|c|\u2606The8thSamurai|gg\n|l|\u2606rutriyououiyiyuyt\n","uploadtime":1698702032,"views":38,"p1id":"rutriyououiyiyuyt","p2id":"the8thsamurai","formatid":"gen9ubers","rating":0,"private":0,"password":""}