{"id":"gen9ubers-1993493104","p1":"Ducky like bread","p2":"MoeBamba19","format":"[Gen 9] Ubers","log":"|j|\u2606Ducky like bread\n|j|\u2606MoeBamba19\n|t:|1700324444\n|gametype|singles\n|player|p1|Ducky like bread|170|1235\n|player|p2|MoeBamba19|ghetsis-gen5bw|1123\n|teamsize|p1|6\n|teamsize|p2|6\n|gen|9\n|tier|[Gen 9] Ubers\n|rated|\n|rule|Sleep Clause Mod: Limit one foe put to sleep\n|rule|Species Clause: Limit one of each Pok\u00e9mon\n|rule|OHKO Clause: OHKO moves are banned\n|rule|Evasion Items Clause: Evasion items are banned\n|rule|Evasion Moves Clause: Evasion moves are banned\n|rule|Endless Battle Clause: Forcing endless battles is banned\n|rule|HP Percentage Mod: HP is shown in percentages\n|clearpoke\n|poke|p1|Calyrex-Ice|\n|poke|p1|Giratina-Origin|\n|poke|p1|Ursaluna-Bloodmoon, M|\n|poke|p1|Magearna|\n|poke|p1|Chien-Pao|\n|poke|p1|Gliscor, F|\n|poke|p2|Annihilape, M|\n|poke|p2|Koraidon|\n|poke|p2|Flutter Mane|\n|poke|p2|Zacian-*|\n|poke|p2|Palafin, M|\n|poke|p2|Ogerpon-Hearthflame, F|\n|teampreview\n|inactive|Battle timer is ON: inactive players will automatically lose when time's up. (requested by Ducky like bread)\n|\n|t:|1700324459\n|start\n|switch|p1a: Gliscor|Gliscor, F|100\/100\n|switch|p2a: Jotaro's Waifu|Palafin, M|100\/100\n|turn|1\n|\n|t:|1700324473\n|move|p1a: Gliscor|Protect|p1a: Gliscor\n|-singleturn|p1a: Gliscor|Protect\n|move|p2a: Jotaro's Waifu|Flip Turn|p1a: Gliscor\n|-activate|p1a: Gliscor|move: Protect\n|\n|-status|p1a: Gliscor|tox|[from] item: Toxic Orb\n|upkeep\n|turn|2\n|\n|t:|1700324479\n|move|p2a: Jotaro's Waifu|Flip Turn|p1a: Gliscor\n|-supereffective|p1a: Gliscor\n|-damage|p1a: Gliscor|73\/100 tox\n|\n|t:|1700324491\n|detailschange|p2a: Jotaro's Waifu|Palafin-Hero, M\n|switch|p2a: Mahomes|Koraidon|100\/100|[from] Flip Turn\n|-weather|SunnyDay|[from] ability: Orichalcum Pulse|[of] p2a: Mahomes\n|-activate|p2a: Mahomes|Orichalcum Pulse|[source]\n|move|p1a: Gliscor|Stealth Rock|p2a: Mahomes\n|-sidestart|p2: MoeBamba19|move: Stealth Rock\n|\n|-weather|SunnyDay|[upkeep]\n|-heal|p1a: Gliscor|86\/100 tox|[from] ability: Poison Heal\n|upkeep\n|turn|3\n|\n|t:|1700324497\n|move|p2a: Mahomes|Flare Blitz|p1a: Gliscor\n|-damage|p1a: Gliscor|34\/100 tox\n|-damage|p2a: Mahomes|83\/100|[from] Recoil\n|move|p1a: Gliscor|Toxic|p2a: Mahomes\n|-status|p2a: Mahomes|tox\n|\n|-weather|SunnyDay|[upkeep]\n|-damage|p2a: Mahomes|76\/100 tox|[from] psn\n|-heal|p1a: Gliscor|46\/100 tox|[from] ability: Poison Heal\n|upkeep\n|turn|4\n|\n|t:|1700324507\n|switch|p2a: Jotaro's Waifu|Palafin-Hero, M|100\/100\n|-damage|p2a: Jotaro's Waifu|88\/100|[from] Stealth Rock\n|-activate|p2a: Jotaro's Waifu|ability: Zero to Hero\n|move|p1a: Gliscor|Protect||[still]\n|-fail|p1a: Gliscor\n|\n|-weather|SunnyDay|[upkeep]\n|-heal|p1a: Gliscor|59\/100 tox|[from] ability: Poison Heal\n|upkeep\n|turn|5\n|\n|t:|1700324511\n|move|p2a: Jotaro's Waifu|Ice Punch|p1a: Gliscor\n|-supereffective|p1a: Gliscor\n|-damage|p1a: Gliscor|0 fnt\n|faint|p1a: Gliscor\n|\n|-weather|SunnyDay|[upkeep]\n|upkeep\n|\n|t:|1700324516\n|switch|p1a: Calyrex|Calyrex-Ice|100\/100\n|-ability|p1a: Calyrex|As One\n|-ability|p1a: Calyrex|Unnerve\n|turn|6\n|\n|t:|1700324519\n|switch|p2a: Mahomes|Koraidon|76\/100 tox\n|-damage|p2a: Mahomes|70\/100 tox|[from] Stealth Rock\n|-activate|p2a: Mahomes|ability: Orichalcum Pulse\n|move|p1a: Calyrex|Trick Room|p1a: Calyrex\n|-fieldstart|move: Trick Room|[of] p1a: Calyrex\n|\n|-weather|none\n|-damage|p2a: Mahomes|64\/100 tox|[from] psn\n|upkeep\n|turn|7\n|\n|t:|1700324523\n|move|p1a: Calyrex|Glacial Lance|p2a: Mahomes\n|-supereffective|p2a: Mahomes\n|-damage|p2a: Mahomes|0 fnt\n|faint|p2a: Mahomes\n|-ability|p1a: Calyrex|Chilling Neigh|boost\n|-boost|p1a: Calyrex|atk|1\n|\n|upkeep\n|\n|t:|1700324532\n|switch|p2a: Spankey|Annihilape, M|100\/100\n|-damage|p2a: Spankey|94\/100|[from] Stealth Rock\n|turn|8\n|\n|t:|1700324540\n|move|p1a: Calyrex|Glacial Lance|p2a: Spankey\n|-damage|p2a: Spankey|0 fnt\n|faint|p2a: Spankey\n|-ability|p1a: Calyrex|Chilling Neigh|boost\n|-boost|p1a: Calyrex|atk|1\n|\n|upkeep\n|\n|t:|1700324566\n|switch|p2a: Iss Lit|Ogerpon-Hearthflame, F|100\/100\n|-damage|p2a: Iss Lit|76\/100|[from] Stealth Rock\n|-ability|p2a: Iss Lit|Mold Breaker\n|turn|9\n|\n|t:|1700324585\n|move|p1a: Calyrex|Glacial Lance|p2a: Iss Lit\n|-damage|p2a: Iss Lit|0 fnt\n|faint|p2a: Iss Lit\n|-ability|p1a: Calyrex|Chilling Neigh|boost\n|-boost|p1a: Calyrex|atk|1\n|\n|upkeep\n|\n|t:|1700324596\n|switch|p2a: Tatsumaki|Flutter Mane|100\/100\n|-damage|p2a: Tatsumaki|88\/100|[from] Stealth Rock\n|turn|10\n|\n|t:|1700324599\n|move|p1a: Calyrex|Glacial Lance|p2a: Tatsumaki\n|-damage|p2a: Tatsumaki|0 fnt\n|faint|p2a: Tatsumaki\n|-end|p2a: Tatsumaki|Protosynthesis|[silent]\n|-ability|p1a: Calyrex|Chilling Neigh|boost\n|-boost|p1a: Calyrex|atk|1\n|\n|-fieldend|move: Trick Room\n|upkeep\n|\n|t:|1700324602\n|switch|p2a: What da Dog doin|Zacian-Crowned|100\/100\n|-damage|p2a: What da Dog doin|94\/100|[from] Stealth Rock\n|-ability|p2a: What da Dog doin|Intrepid Sword|boost\n|-boost|p2a: What da Dog doin|atk|1\n|turn|11\n|\n|t:|1700324607\n|-terastallize|p1a: Calyrex|Steel\n|move|p2a: What da Dog doin|Behemoth Blade|p1a: Calyrex\n|-resisted|p1a: Calyrex\n|-damage|p1a: Calyrex|74\/100\n|move|p1a: Calyrex|Trick Room|p1a: Calyrex\n|-fieldstart|move: Trick Room|[of] p1a: Calyrex\n|\n|upkeep\n|turn|12\n|c|\u2606Ducky like bread|Ggs\n|\n|t:|1700324621\n|move|p1a: Calyrex|High Horsepower|p2a: What da Dog doin\n|-supereffective|p2a: What da Dog doin\n|-damage|p2a: What da Dog doin|0 fnt\n|faint|p2a: What da Dog doin\n|-ability|p1a: Calyrex|Chilling Neigh|boost\n|-boost|p1a: Calyrex|atk|1\n|\n|upkeep\n|\n|t:|1700324624\n|switch|p2a: Jotaro's Waifu|Palafin-Hero, M|88\/100\n|-damage|p2a: Jotaro's Waifu|76\/100|[from] Stealth Rock\n|turn|13\n|-message|MoeBamba19 forfeited.\n|\n|win|Ducky like bread\n|raw|Ducky like bread's rating: 1235 &rarr; <strong>1252<\/strong><br \/>(+17 for winning)\n|raw|MoeBamba19's rating: 1123 &rarr; <strong>1106<\/strong><br \/>(-17 for losing)\n|l|\u2606MoeBamba19\n","uploadtime":1700324633,"views":12,"p1id":"duckylikebread","p2id":"moebamba19","formatid":"gen9ubers","rating":1106,"private":0,"password":""}