{"id":"gen9ubers-1968559673","p1":"sohai21","p2":"NotAltAc","format":"[Gen 9] Ubers","log":"|j|\u2606sohai21\n|j|\u2606NotAltAc\n|t:|1697433400\n|gametype|singles\n|player|p1|sohai21|2|\n|player|p2|NotAltAc|170|\n|teamsize|p1|6\n|teamsize|p2|6\n|gen|9\n|tier|[Gen 9] Ubers\n|rule|Sleep Clause Mod: Limit one foe put to sleep\n|rule|Species Clause: Limit one of each Pok\u00e9mon\n|rule|OHKO Clause: OHKO moves are banned\n|rule|Evasion Items Clause: Evasion items are banned\n|rule|Evasion Moves Clause: Evasion moves are banned\n|rule|Endless Battle Clause: Forcing endless battles is banned\n|rule|HP Percentage Mod: HP is shown in percentages\n|clearpoke\n|poke|p1|Breloom, M|\n|poke|p1|Kyogre|\n|poke|p1|Crawdaunt, F|\n|poke|p1|Tyranitar, M|\n|poke|p1|Mandibuzz, F|\n|poke|p1|Rillaboom, M|\n|poke|p2|Palafin, M|\n|poke|p2|Ursaluna-Bloodmoon, M|\n|poke|p2|Kingambit, M|\n|poke|p2|Torkoal, M|\n|poke|p2|Chi-Yu|\n|poke|p2|Great Tusk|\n|teampreview\n|\n|t:|1697433409\n|start\n|switch|p1a: Tyranitar|Tyranitar, M|100\/100\n|switch|p2a: Palafin|Palafin, M|100\/100\n|-weather|Sandstorm|[from] ability: Sand Stream|[of] p1a: Tyranitar\n|turn|1\n|\n|t:|1697433431\n|move|p2a: Palafin|Flip Turn|p1a: Tyranitar\n|-supereffective|p1a: Tyranitar\n|-damage|p1a: Tyranitar|62\/100\n|-damage|p2a: Palafin|91\/100|[from] item: Life Orb\n|\n|t:|1697433447\n|detailschange|p2a: Palafin|Palafin-Hero, M\n|switch|p2a: Ursaluna|Ursaluna-Bloodmoon, M|100\/100|[from] Flip Turn\n|move|p1a: Tyranitar|Thunder Wave|p2a: Ursaluna\n|-immune|p2a: Ursaluna\n|\n|-weather|Sandstorm|[upkeep]\n|-heal|p1a: Tyranitar|68\/100|[from] item: Leftovers\n|upkeep\n|turn|2\n|\n|t:|1697433457\n|switch|p1a: Mandibuzz|Mandibuzz, F|100\/100\n|move|p2a: Ursaluna|Calm Mind|p2a: Ursaluna\n|-boost|p2a: Ursaluna|spa|1\n|-boost|p2a: Ursaluna|spd|1\n|\n|-weather|Sandstorm|[upkeep]\n|upkeep\n|turn|3\n|\n|t:|1697433464\n|move|p1a: Mandibuzz|Taunt|p2a: Ursaluna\n|-start|p2a: Ursaluna|move: Taunt\n|move|p2a: Ursaluna|Blood Moon|p1a: Mandibuzz\n|-damage|p1a: Mandibuzz|7\/100\n|\n|-weather|Sandstorm|[upkeep]\n|-heal|p1a: Mandibuzz|13\/100|[from] item: Leftovers\n|upkeep\n|turn|4\n|\n|t:|1697433484\n|move|p2a: Ursaluna|Vacuum Wave|p1a: Mandibuzz\n|-crit|p1a: Mandibuzz\n|-damage|p1a: Mandibuzz|0 fnt\n|faint|p1a: Mandibuzz\n|\n|-weather|Sandstorm|[upkeep]\n|upkeep\n|\n|t:|1697433489\n|switch|p1a: Rillaboom|Rillaboom, M|100\/100\n|-fieldstart|move: Grassy Terrain|[from] ability: Grassy Surge|[of] p1a: Rillaboom\n|turn|5\n|l|\u2606NotAltAc\n|player|p2|\n|j|\u2606NotAltAc\n|player|p2|NotAltAc|170\n|\n|t:|1697433635\n|-terastallize|p2a: Ursaluna|Fighting\n|move|p1a: Rillaboom|Fake Out|p2a: Ursaluna\n|-damage|p2a: Ursaluna|90\/100\n|cant|p2a: Ursaluna|flinch\n|\n|-weather|none\n|-heal|p2a: Ursaluna|96\/100|[from] Grassy Terrain\n|-heal|p2a: Ursaluna|100\/100|[from] item: Leftovers\n|-end|p2a: Ursaluna|move: Taunt\n|upkeep\n|turn|6\n|\n|t:|1697433653\n|switch|p1a: Kyogre|Kyogre|100\/100\n|-weather|RainDance|[from] ability: Drizzle|[of] p1a: Kyogre\n|move|p2a: Ursaluna|Calm Mind|p2a: Ursaluna\n|-boost|p2a: Ursaluna|spa|1\n|-boost|p2a: Ursaluna|spd|1\n|\n|-weather|RainDance|[upkeep]\n|upkeep\n|turn|7\n|\n|t:|1697433665\n|move|p1a: Kyogre|Calm Mind|p1a: Kyogre\n|-boost|p1a: Kyogre|spa|1\n|-boost|p1a: Kyogre|spd|1\n|move|p2a: Ursaluna|Blood Moon|p1a: Kyogre\n|-damage|p1a: Kyogre|28\/100\n|\n|-weather|RainDance|[upkeep]\n|-heal|p1a: Kyogre|34\/100|[from] Grassy Terrain\n|-heal|p1a: Kyogre|41\/100|[from] item: Leftovers\n|upkeep\n|turn|8\n|\n|t:|1697433680\n|move|p2a: Ursaluna|Vacuum Wave|p1a: Kyogre\n|-damage|p1a: Kyogre|22\/100\n|move|p1a: Kyogre|Thunder|p2a: Ursaluna\n|-damage|p2a: Ursaluna|59\/100\n|\n|-weather|RainDance|[upkeep]\n|-heal|p1a: Kyogre|28\/100|[from] Grassy Terrain\n|-heal|p1a: Kyogre|34\/100|[from] item: Leftovers\n|-heal|p2a: Ursaluna|65\/100|[from] Grassy Terrain\n|-heal|p2a: Ursaluna|71\/100|[from] item: Leftovers\n|upkeep\n|turn|9\n|l|\u2606NotAltAc\n|player|p2|\n|j|\u2606NotAltAc\n|player|p2|NotAltAc|170\n|\n|t:|1697433849\n|move|p1a: Kyogre|Thunder|p2a: Ursaluna\n|-damage|p2a: Ursaluna|32\/100\n|move|p2a: Ursaluna|Blood Moon|p1a: Kyogre\n|-damage|p1a: Kyogre|0 fnt\n|faint|p1a: Kyogre\n|\n|-weather|RainDance|[upkeep]\n|-heal|p2a: Ursaluna|38\/100|[from] Grassy Terrain\n|-heal|p2a: Ursaluna|44\/100|[from] item: Leftovers\n|-fieldend|move: Grassy Terrain\n|upkeep\n|\n|t:|1697433859\n|switch|p1a: Crawdaunt|Crawdaunt, F|100\/100\n|turn|10\n|\n|t:|1697433864\n|move|p2a: Ursaluna|Vacuum Wave|p1a: Crawdaunt\n|-supereffective|p1a: Crawdaunt\n|-damage|p1a: Crawdaunt|0 fnt\n|faint|p1a: Crawdaunt\n|\n|-weather|none\n|-heal|p2a: Ursaluna|50\/100|[from] item: Leftovers\n|upkeep\n|\n|t:|1697433871\n|switch|p1a: Tyranitar|Tyranitar, M|68\/100\n|-weather|Sandstorm|[from] ability: Sand Stream|[of] p1a: Tyranitar\n|turn|11\n|\n|t:|1697433877\n|move|p1a: Tyranitar|Protect|p1a: Tyranitar\n|-singleturn|p1a: Tyranitar|Protect\n|move|p2a: Ursaluna|Vacuum Wave|p1a: Tyranitar\n|-activate|p1a: Tyranitar|move: Protect\n|\n|-weather|Sandstorm|[upkeep]\n|-damage|p2a: Ursaluna|44\/100|[from] Sandstorm\n|-heal|p1a: Tyranitar|74\/100|[from] item: Leftovers\n|-heal|p2a: Ursaluna|50\/100|[from] item: Leftovers\n|upkeep\n|turn|12\n|\n|t:|1697433886\n|move|p2a: Ursaluna|Vacuum Wave|p1a: Tyranitar\n|-supereffective|p1a: Tyranitar\n|-damage|p1a: Tyranitar|0 fnt\n|faint|p1a: Tyranitar\n|\n|-weather|Sandstorm|[upkeep]\n|-damage|p2a: Ursaluna|44\/100|[from] Sandstorm\n|-heal|p2a: Ursaluna|50\/100|[from] item: Leftovers\n|upkeep\n|\n|t:|1697433893\n|switch|p1a: Rillaboom|Rillaboom, M|100\/100\n|-fieldstart|move: Grassy Terrain|[from] ability: Grassy Surge|[of] p1a: Rillaboom\n|turn|13\n|\n|t:|1697433903\n|move|p1a: Rillaboom|Fake Out|p2a: Ursaluna\n|-damage|p2a: Ursaluna|40\/100\n|cant|p2a: Ursaluna|flinch\n|\n|-weather|Sandstorm|[upkeep]\n|-damage|p1a: Rillaboom|94\/100|[from] Sandstorm\n|-damage|p2a: Ursaluna|34\/100|[from] Sandstorm\n|-heal|p1a: Rillaboom|100\/100|[from] Grassy Terrain\n|-heal|p2a: Ursaluna|40\/100|[from] Grassy Terrain\n|-heal|p2a: Ursaluna|46\/100|[from] item: Leftovers\n|upkeep\n|turn|14\n|\n|t:|1697433913\n|move|p1a: Rillaboom|Grassy Glide|p2a: Ursaluna\n|-damage|p2a: Ursaluna|18\/100\n|move|p2a: Ursaluna|Calm Mind|p2a: Ursaluna\n|-boost|p2a: Ursaluna|spa|1\n|-boost|p2a: Ursaluna|spd|1\n|\n|-weather|Sandstorm|[upkeep]\n|-damage|p1a: Rillaboom|94\/100|[from] Sandstorm\n|-damage|p2a: Ursaluna|12\/100|[from] Sandstorm\n|-heal|p1a: Rillaboom|100\/100|[from] Grassy Terrain\n|-heal|p2a: Ursaluna|18\/100|[from] Grassy Terrain\n|-heal|p2a: Ursaluna|24\/100|[from] item: Leftovers\n|upkeep\n|turn|15\n|\n|t:|1697433925\n|move|p1a: Rillaboom|Grassy Glide|p2a: Ursaluna\n|-damage|p2a: Ursaluna|0 fnt\n|faint|p2a: Ursaluna\n|\n|-weather|none\n|upkeep\n|\n|t:|1697433935\n|switch|p2a: Palafin|Palafin-Hero, M|91\/100\n|-activate|p2a: Palafin|ability: Zero to Hero\n|turn|16\n|\n|t:|1697433946\n|move|p1a: Rillaboom|Grassy Glide|p2a: Palafin\n|-supereffective|p2a: Palafin\n|-damage|p2a: Palafin|15\/100\n|move|p2a: Palafin|Flip Turn|p1a: Rillaboom\n|-resisted|p1a: Rillaboom\n|-damage|p1a: Rillaboom|79\/100\n|-damage|p2a: Palafin|5\/100|[from] item: Life Orb\n|\n|t:|1697433958\n|switch|p2a: Torkoal|Torkoal, M|100\/100|[from] Flip Turn\n|-weather|SunnyDay|[from] ability: Drought|[of] p2a: Torkoal\n|\n|-weather|SunnyDay|[upkeep]\n|-heal|p1a: Rillaboom|85\/100|[from] Grassy Terrain\n|upkeep\n|turn|17\n|\n|t:|1697433968\n|switch|p1a: Breloom|Breloom, M|100\/100\n|move|p2a: Torkoal|Stealth Rock|p1a: Breloom\n|-sidestart|p1: sohai21|move: Stealth Rock\n|\n|-weather|SunnyDay|[upkeep]\n|-fieldend|move: Grassy Terrain\n|-status|p1a: Breloom|tox|[from] item: Toxic Orb\n|upkeep\n|turn|18\n|l|\u2606NotAltAc\n|player|p2|\n|j|\u2606NotAltAc\n|player|p2|NotAltAc|170\n|\n|t:|1697434007\n|move|p1a: Breloom|Substitute|p1a: Breloom\n|-start|p1a: Breloom|Substitute\n|-damage|p1a: Breloom|75\/100 tox\n|move|p2a: Torkoal|Eruption|p1a: Breloom\n|-supereffective|p1a: Breloom\n|-end|p1a: Breloom|Substitute\n|\n|-weather|SunnyDay|[upkeep]\n|-heal|p1a: Breloom|88\/100 tox|[from] ability: Poison Heal\n|upkeep\n|turn|19\n|\n|t:|1697434016\n|move|p1a: Breloom|Leech Seed|p2a: Torkoal\n|-start|p2a: Torkoal|move: Leech Seed\n|move|p2a: Torkoal|Eruption|p1a: Breloom\n|-supereffective|p1a: Breloom\n|-damage|p1a: Breloom|0 fnt\n|faint|p1a: Breloom\n|\n|-weather|SunnyDay|[upkeep]\n|upkeep\n|\n|t:|1697434023\n|switch|p1a: Rillaboom|Rillaboom, M|85\/100\n|-damage|p1a: Rillaboom|73\/100|[from] Stealth Rock\n|-fieldstart|move: Grassy Terrain|[from] ability: Grassy Surge|[of] p1a: Rillaboom\n|turn|20\n|\n|t:|1697434028\n|move|p1a: Rillaboom|Fake Out|p2a: Torkoal\n|-damage|p2a: Torkoal|91\/100\n|cant|p2a: Torkoal|flinch\n|\n|-weather|SunnyDay|[upkeep]\n|-heal|p1a: Rillaboom|79\/100|[from] Grassy Terrain\n|-heal|p2a: Torkoal|98\/100|[from] Grassy Terrain\n|-damage|p2a: Torkoal|85\/100|[from] Leech Seed|[of] p1a: Rillaboom\n|-heal|p1a: Rillaboom|89\/100|[silent]\n|upkeep\n|turn|21\n|\n|t:|1697434038\n|move|p1a: Rillaboom|Grassy Glide|p2a: Torkoal\n|-resisted|p2a: Torkoal\n|-damage|p2a: Torkoal|74\/100\n|move|p2a: Torkoal|Eruption|p1a: Rillaboom\n|-supereffective|p1a: Rillaboom\n|-damage|p1a: Rillaboom|0 fnt\n|faint|p1a: Rillaboom\n|\n|win|NotAltAc\n|l|\u2606sohai21\n","uploadtime":1697434051,"views":11,"p1id":"sohai21","p2id":"notaltac","formatid":"gen9ubers","rating":0,"private":0,"password":""}