{"id":"gen9ubers-1996640226","p1":"mduffy23","p2":"thenicksterd12","format":"[Gen 9] Ubers","log":"|j|\u2606mduffy23\n|j|\u2606thenicksterd12\n|t:|1700703954\n|gametype|singles\n|player|p1|mduffy23|169|\n|player|p2|thenicksterd12|cyrus|\n|teamsize|p1|6\n|teamsize|p2|6\n|gen|9\n|tier|[Gen 9] Ubers\n|rule|Sleep Clause Mod: Limit one foe put to sleep\n|rule|Species Clause: Limit one of each Pok\u00e9mon\n|rule|OHKO Clause: OHKO moves are banned\n|rule|Evasion Items Clause: Evasion items are banned\n|rule|Evasion Moves Clause: Evasion moves are banned\n|rule|Endless Battle Clause: Forcing endless battles is banned\n|rule|HP Percentage Mod: HP is shown in percentages\n|clearpoke\n|poke|p1|Volcanion|\n|poke|p1|Hoopa-Unbound|\n|poke|p1|Enamorus, F|\n|poke|p1|Clodsire, F|\n|poke|p1|Thundurus-Therian, M|\n|poke|p1|Baxcalibur, M|\n|poke|p2|Dragapult, M|\n|poke|p2|Bisharp, M|\n|poke|p2|Sneasler, M|\n|poke|p2|Braviary-Hisui, M|\n|poke|p2|Diancie|\n|poke|p2|Garchomp, F|\n|teampreview\n|inactive|Battle timer is ON: inactive players will automatically lose when time's up. (requested by thenicksterd12)\n|\n|t:|1700703985\n|start\n|switch|p1a: Hoopa|Hoopa-Unbound|100\/100\n|switch|p2a: Dragapult|Dragapult, M, shiny|100\/100\n|turn|1\n|inactive|thenicksterd12 has 270 seconds left.\n|inactive|mduffy23 has 270 seconds left.\n|inactive|thenicksterd12 has 240 seconds left.\n|\n|t:|1700704048\n|switch|p2a: Bisharp|Bisharp, M, shiny|100\/100\n|move|p1a: Hoopa|Hyperspace Fury|p2a: Bisharp\n|-resisted|p2a: Bisharp\n|-damage|p2a: Bisharp|70\/100\n|-unboost|p1a: Hoopa|def|1\n|\n|upkeep\n|turn|2\n|inactive|thenicksterd12 has 240 seconds left.\n|inactive|mduffy23 has 240 seconds left.\n|\n|t:|1700704081\n|switch|p1a: Volcanion|Volcanion|100\/100\n|move|p2a: Bisharp|Sucker Punch||[still]\n|-fail|p2a: Bisharp\n|\n|upkeep\n|turn|3\n|inactive|mduffy23 has 240 seconds left.\n|\n|t:|1700704113\n|switch|p2a: Dragapult|Dragapult, M, shiny|100\/100\n|move|p1a: Volcanion|Steam Eruption|p2a: Dragapult\n|-resisted|p2a: Dragapult\n|-damage|p2a: Dragapult|49\/100\n|-damage|p1a: Volcanion|91\/100|[from] item: Life Orb\n|\n|upkeep\n|turn|4\n|inactive|mduffy23 has 210 seconds left.\n|\n|t:|1700704156\n|switch|p1a: Hoopa|Hoopa-Unbound|100\/100\n|move|p2a: Dragapult|Light Screen|p2a: Dragapult\n|-sidestart|p2: thenicksterd12|move: Light Screen\n|\n|upkeep\n|turn|5\n|\n|t:|1700704172\n|move|p2a: Dragapult|Reflect|p2a: Dragapult\n|-sidestart|p2: thenicksterd12|Reflect\n|move|p1a: Hoopa|Drain Punch|p2a: Dragapult\n|-immune|p2a: Dragapult\n|\n|upkeep\n|turn|6\n|\n|t:|1700704185\n|switch|p1a: Volcanion|Volcanion|91\/100\n|move|p2a: Dragapult|Curse|p1a: Volcanion\n|-start|p1a: Volcanion|Curse|[of] p2a: Dragapult\n|-damage|p2a: Dragapult|0 fnt\n|faint|p2a: Dragapult\n|\n|-damage|p1a: Volcanion|66\/100|[from] Curse\n|upkeep\n|\n|t:|1700704207\n|switch|p2a: Sneasler|Sneasler, M|100\/100\n|turn|7\n|inactive|mduffy23 has 180 seconds left.\n|\n|t:|1700704252\n|switch|p1a: Clodsire|Clodsire, F|100\/100\n|move|p2a: Sneasler|Swords Dance|p2a: Sneasler\n|-boost|p2a: Sneasler|atk|2\n|\n|upkeep\n|turn|8\n|\n|t:|1700704268\n|-terastallize|p2a: Sneasler|Ground\n|move|p2a: Sneasler|Close Combat|p1a: Clodsire\n|-resisted|p1a: Clodsire\n|-damage|p1a: Clodsire|60\/100\n|-unboost|p2a: Sneasler|def|1\n|-unboost|p2a: Sneasler|spd|1\n|-enditem|p2a: Sneasler|White Herb\n|-clearnegativeboost|p2a: Sneasler|[silent]\n|move|p1a: Clodsire|Earthquake|p2a: Sneasler\n|-damage|p2a: Sneasler|79\/100\n|\n|-heal|p1a: Clodsire|66\/100|[from] item: Leftovers\n|upkeep\n|turn|9\n|\n|t:|1700704293\n|move|p2a: Sneasler|Tera Blast|p1a: Clodsire|[anim] Tera Blast Ground\n|-supereffective|p1a: Clodsire\n|-damage|p1a: Clodsire|0 fnt\n|faint|p1a: Clodsire\n|\n|upkeep\n|inactive|mduffy23 has 150 seconds left.\n|\n|t:|1700704307\n|switch|p1a: Thundurus|Thundurus-Therian, M|100\/100\n|turn|10\n|\n|t:|1700704316\n|move|p2a: Sneasler|Dire Claw|p1a: Thundurus\n|-damage|p1a: Thundurus|0 fnt\n|faint|p1a: Thundurus\n|\n|upkeep\n|inactive|mduffy23 has 150 seconds left.\n|\n|t:|1700704355\n|switch|p1a: Volcanion|Volcanion|66\/100\n|turn|11\n|inactive|thenicksterd12 has 240 seconds left.\n|\n|t:|1700704363\n|move|p2a: Sneasler|Dire Claw|p1a: Volcanion\n|-damage|p1a: Volcanion|0 fnt\n|faint|p1a: Volcanion\n|\n|-sideend|p2: thenicksterd12|move: Light Screen\n|upkeep\n|inactive|mduffy23 has 120 seconds left.\n|\n|t:|1700704379\n|switch|p1a: Enamorus|Enamorus, F|100\/100\n|turn|12\n|inactive|mduffy23 has 120 seconds left.\n|inactive|mduffy23 has 90 seconds left.\n|\n|t:|1700704428\n|move|p2a: Sneasler|Dire Claw|p1a: Enamorus\n|-supereffective|p1a: Enamorus\n|-damage|p1a: Enamorus|0 fnt\n|faint|p1a: Enamorus\n|\n|-sideend|p2: thenicksterd12|Reflect\n|upkeep\n|\n|t:|1700704445\n|switch|p1a: Hoopa|Hoopa-Unbound|100\/100\n|turn|13\n|\n|t:|1700704467\n|move|p2a: Sneasler|Dire Claw|p1a: Hoopa\n|-damage|p1a: Hoopa|0 fnt\n|faint|p1a: Hoopa\n|\n|upkeep\n|\n|t:|1700704471\n|switch|p1a: Baxcalibur|Baxcalibur, M|100\/100\n|turn|14\n|inactive|thenicksterd12 has 270 seconds left.\n|inactive|mduffy23 has 60 seconds left.\n|\n|t:|1700704495\n|move|p1a: Baxcalibur|Ice Shard|p2a: Sneasler\n|-supereffective|p2a: Sneasler\n|-damage|p2a: Sneasler|1\/100\n|move|p2a: Sneasler|Close Combat|p1a: Baxcalibur\n|-supereffective|p1a: Baxcalibur\n|-damage|p1a: Baxcalibur|0 fnt\n|-unboost|p2a: Sneasler|def|1\n|-unboost|p2a: Sneasler|spd|1\n|faint|p1a: Baxcalibur\n|\n|win|thenicksterd12\n","uploadtime":1700704506,"views":9,"p1id":"mduffy23","p2id":"thenicksterd12","formatid":"gen9ubers","rating":0,"private":0,"password":""}