{"id":"gen9ubers-1988594064","p1":"i am a mcrib","p2":"SCRIPTVRE","format":"[Gen 9] Ubers","log":"|j|\u2606i am a mcrib\n|j|\u2606SCRIPTVRE\n|t:|1699739874\n|gametype|singles\n|player|p1|i am a mcrib|benga|\n|player|p2|SCRIPTVRE|pokemonranger-gen4|\n|teamsize|p1|6\n|teamsize|p2|6\n|gen|9\n|tier|[Gen 9] Ubers\n|rated|Tournament battle\n|rule|Sleep Clause Mod: Limit one foe put to sleep\n|rule|Species Clause: Limit one of each Pok\u00e9mon\n|rule|OHKO Clause: OHKO moves are banned\n|rule|Evasion Items Clause: Evasion items are banned\n|rule|Evasion Moves Clause: Evasion moves are banned\n|rule|Endless Battle Clause: Forcing endless battles is banned\n|rule|HP Percentage Mod: HP is shown in percentages\n|clearpoke\n|poke|p1|Miraidon|\n|poke|p1|Glimmora, M|\n|poke|p1|Koraidon|\n|poke|p1|Zacian-*|\n|poke|p1|Arceus|\n|poke|p1|Kyogre|\n|poke|p2|Koraidon|\n|poke|p2|Flutter Mane|\n|poke|p2|Spectrier|\n|poke|p2|Magearna|\n|poke|p2|Miraidon|\n|poke|p2|Glimmora, M|\n|teampreview\n|inactive|Battle timer is ON: inactive players will automatically lose when time's up. (requested by SCRIPTVRE)\n|c|\u2606i am a mcrib|hf\n|c|\u2606SCRIPTVRE|You too fellow human\n|j|+corvere\u2665\n|\n|t:|1699739897\n|start\n|switch|p1a: Glimmora|Glimmora, M|100\/100\n|switch|p2a: Glimmora|Glimmora, M|100\/100\n|turn|1\n|\n|t:|1699739916\n|move|p1a: Glimmora|Mud Shot|p2a: Glimmora\n|-supereffective|p2a: Glimmora\n|-damage|p2a: Glimmora|29\/100\n|-unboost|p2a: Glimmora|spe|1\n|move|p2a: Glimmora|Stealth Rock|p1a: Glimmora\n|-sidestart|p1: i am a mcrib|move: Stealth Rock\n|\n|upkeep\n|turn|2\n|\n|t:|1699739933\n|switch|p2a: Magearna|Magearna|100\/100\n|move|p1a: Glimmora|Mortal Spin|p2a: Magearna\n|-immune|p2a: Magearna\n|\n|upkeep\n|turn|3\n|\n|t:|1699739938\n|move|p1a: Glimmora|Spikes|p2a: Magearna\n|-sidestart|p2: SCRIPTVRE|Spikes\n|move|p2a: Magearna|Flash Cannon|p1a: Glimmora\n|-supereffective|p1a: Glimmora\n|-enditem|p1a: Glimmora|Focus Sash\n|-damage|p1a: Glimmora|1\/100\n|-damage|p2a: Magearna|91\/100|[from] item: Life Orb\n|\n|upkeep\n|turn|4\n|\n|t:|1699739952\n|move|p1a: Glimmora|Spikes|p2a: Magearna\n|-sidestart|p2: SCRIPTVRE|Spikes\n|move|p2a: Magearna|Trick Room|p2a: Magearna\n|-fieldstart|move: Trick Room|[of] p2a: Magearna\n|\n|upkeep\n|turn|5\n|j| ShubhS98\n|\n|t:|1699739963\n|move|p2a: Magearna|Draining Kiss|p1a: Glimmora\n|-resisted|p1a: Glimmora\n|-damage|p1a: Glimmora|0 fnt\n|-heal|p2a: Magearna|91\/100|[from] drain|[of] p1a: Glimmora\n|faint|p1a: Glimmora\n|-ability|p2a: Magearna|Soul-Heart|boost\n|-boost|p2a: Magearna|spa|1\n|-damage|p2a: Magearna|81\/100|[from] item: Life Orb\n|\n|upkeep\n|l| ShubhS98\n|\n|t:|1699739972\n|switch|p1a: Zacian|Zacian-Crowned|100\/100\n|-damage|p1a: Zacian|94\/100|[from] Stealth Rock\n|-ability|p1a: Zacian|Intrepid Sword|boost\n|-boost|p1a: Zacian|atk|1\n|turn|6\n|\n|t:|1699739978\n|move|p2a: Magearna|Flash Cannon|p1a: Zacian\n|-damage|p1a: Zacian|9\/100\n|-damage|p2a: Magearna|71\/100|[from] item: Life Orb\n|move|p1a: Zacian|Behemoth Blade|p2a: Magearna\n|-damage|p2a: Magearna|0 fnt\n|faint|p2a: Magearna\n|\n|upkeep\n|\n|t:|1699739993\n|switch|p2a: Spectrier|Spectrier|100\/100\n|-damage|p2a: Spectrier|84\/100|[from] Spikes\n|turn|7\n|\n|t:|1699740007\n|move|p2a: Spectrier|Substitute|p2a: Spectrier\n|-start|p2a: Spectrier|Substitute\n|-damage|p2a: Spectrier|59\/100\n|move|p1a: Zacian|Behemoth Blade|p2a: Spectrier\n|-end|p2a: Spectrier|Substitute\n|\n|-heal|p2a: Spectrier|65\/100|[from] item: Leftovers\n|upkeep\n|turn|8\n|\n|t:|1699740015\n|move|p2a: Spectrier|Shadow Ball|p1a: Zacian\n|-damage|p1a: Zacian|0 fnt\n|faint|p1a: Zacian\n|-ability|p2a: Spectrier|Grim Neigh|boost\n|-boost|p2a: Spectrier|spa|1\n|\n|-heal|p2a: Spectrier|71\/100|[from] item: Leftovers\n|-fieldend|move: Trick Room\n|upkeep\n|j| Ult4cp Staller\n|\n|t:|1699740026\n|switch|p1a: Koraidon|Koraidon|100\/100\n|-damage|p1a: Koraidon|94\/100|[from] Stealth Rock\n|-weather|SunnyDay|[from] ability: Orichalcum Pulse|[of] p1a: Koraidon\n|-activate|p1a: Koraidon|Orichalcum Pulse|[source]\n|turn|9\n|\n|t:|1699740031\n|switch|p2a: Flutter Mane|Flutter Mane|100\/100\n|-damage|p2a: Flutter Mane|84\/100|[from] Spikes\n|-activate|p2a: Flutter Mane|ability: Protosynthesis\n|-start|p2a: Flutter Mane|protosynthesisspe\n|move|p1a: Koraidon|Scale Shot|p2a: Flutter Mane\n|-immune|p2a: Flutter Mane\n|\n|-weather|SunnyDay|[upkeep]\n|upkeep\n|turn|10\n|l| Ult4cp Staller\n|\n|t:|1699740044\n|switch|p1a: Arceus|Arceus|100\/100\n|-damage|p1a: Arceus|88\/100|[from] Stealth Rock\n|move|p2a: Flutter Mane|Moonblast|p1a: Arceus\n|-damage|p1a: Arceus|38\/100\n|\n|-weather|SunnyDay|[upkeep]\n|upkeep\n|turn|11\n|\n|t:|1699740051\n|move|p2a: Flutter Mane|Moonblast|p1a: Arceus\n|-damage|p1a: Arceus|0 fnt\n|faint|p1a: Arceus\n|\n|-weather|SunnyDay|[upkeep]\n|upkeep\n|\n|t:|1699740053\n|switch|p1a: Kyogre|Kyogre|100\/100\n|-damage|p1a: Kyogre|88\/100|[from] Stealth Rock\n|-weather|RainDance|[from] ability: Drizzle|[of] p1a: Kyogre\n|-end|p2a: Flutter Mane|Protosynthesis\n|turn|12\n|\n|t:|1699740067\n|-end|p2a: Flutter Mane|Protosynthesis|[silent]\n|switch|p2a: Glimmora|Glimmora, M|29\/100\n|-damage|p2a: Glimmora|13\/100|[from] Spikes\n|move|p1a: Kyogre|Ice Beam|p2a: Glimmora\n|-damage|p2a: Glimmora|0 fnt\n|faint|p2a: Glimmora\n|\n|-weather|RainDance|[upkeep]\n|upkeep\n|\n|t:|1699740081\n|switch|p2a: Koraidon|Koraidon|100\/100\n|-damage|p2a: Koraidon|84\/100|[from] Spikes\n|-weather|SunnyDay|[from] ability: Orichalcum Pulse|[of] p2a: Koraidon\n|-activate|p2a: Koraidon|Orichalcum Pulse|[source]\n|turn|13\n|\n|t:|1699740088\n|move|p2a: Koraidon|Endure|p2a: Koraidon\n|-singleturn|p2a: Koraidon|move: Endure\n|move|p1a: Kyogre|Ice Beam|p2a: Koraidon\n|-supereffective|p2a: Koraidon\n|-damage|p2a: Koraidon|8\/100\n|-enditem|p2a: Koraidon|Salac Berry|[eat]\n|-boost|p2a: Koraidon|spe|1|[from] item: Salac Berry\n|\n|-weather|SunnyDay|[upkeep]\n|upkeep\n|turn|14\n|\n|t:|1699740100\n|move|p2a: Koraidon|Reversal|p1a: Kyogre\n|-damage|p1a: Kyogre|0 fnt\n|faint|p1a: Kyogre\n|\n|-weather|SunnyDay|[upkeep]\n|upkeep\n|\n|t:|1699740116\n|switch|p1a: Miraidon|Miraidon|100\/100\n|-damage|p1a: Miraidon|88\/100|[from] Stealth Rock\n|-fieldstart|move: Electric Terrain|[from] ability: Hadron Engine|[of] p1a: Miraidon\n|-enditem|p1a: Miraidon|Electric Seed\n|-boost|p1a: Miraidon|def|1|[from] item: Electric Seed\n|turn|15\n|j| Dregone\n|\n|t:|1699740137\n|move|p2a: Koraidon|Scale Shot|p1a: Miraidon|[miss]\n|-miss|p2a: Koraidon|p1a: Miraidon\n|move|p1a: Miraidon|Agility|p1a: Miraidon\n|-boost|p1a: Miraidon|spe|2\n|\n|-weather|SunnyDay|[upkeep]\n|upkeep\n|turn|16\n|\n|t:|1699740154\n|move|p1a: Miraidon|Parabolic Charge|p2a: Koraidon\n|-resisted|p2a: Koraidon\n|-damage|p2a: Koraidon|0 fnt\n|-heal|p1a: Miraidon|92\/100|[from] drain|[of] p2a: Koraidon\n|faint|p2a: Koraidon\n|\n|-weather|SunnyDay|[upkeep]\n|upkeep\n|\n|t:|1699740167\n|switch|p2a: Miraidon|Miraidon|100\/100\n|-damage|p2a: Miraidon|84\/100|[from] Spikes\n|-activate|p2a: Miraidon|ability: Hadron Engine\n|turn|17\n|inactive|i am a mcrib has 120 seconds left.\n|\n|t:|1699740216\n|-terastallize|p2a: Miraidon|Steel\n|move|p1a: Miraidon|Parabolic Charge|p2a: Miraidon\n|-damage|p2a: Miraidon|29\/100\n|-heal|p1a: Miraidon|100\/100|[from] drain|[of] p2a: Miraidon\n|move|p2a: Miraidon|Dragon Pulse|p1a: Miraidon\n|-supereffective|p1a: Miraidon\n|-damage|p1a: Miraidon|7\/100\n|\n|-weather|none\n|-heal|p2a: Miraidon|35\/100|[from] item: Leftovers\n|upkeep\n|turn|18\n|c|\u2606SCRIPTVRE|balls\n|\n|t:|1699740230\n|move|p1a: Miraidon|Parabolic Charge|p2a: Miraidon\n|-damage|p2a: Miraidon|0 fnt\n|-heal|p1a: Miraidon|22\/100|[from] drain|[of] p2a: Miraidon\n|faint|p2a: Miraidon\n|\n|upkeep\n|\n|t:|1699740236\n|switch|p2a: Spectrier|Spectrier|71\/100\n|-damage|p2a: Spectrier|55\/100|[from] Spikes\n|turn|19\n|\n|t:|1699740244\n|move|p1a: Miraidon|Parabolic Charge|p2a: Spectrier\n|-damage|p2a: Spectrier|0 fnt\n|-heal|p1a: Miraidon|45\/100|[from] drain|[of] p2a: Spectrier\n|faint|p2a: Spectrier\n|\n|-fieldend|move: Electric Terrain\n|upkeep\n|\n|t:|1699740249\n|switch|p2a: Flutter Mane|Flutter Mane|84\/100\n|-damage|p2a: Flutter Mane|68\/100|[from] Spikes\n|turn|20\n|\n|t:|1699740253\n|move|p1a: Miraidon|Parabolic Charge|p2a: Flutter Mane\n|-damage|p2a: Flutter Mane|28\/100\n|-heal|p1a: Miraidon|58\/100|[from] drain|[of] p2a: Flutter Mane\n|move|p2a: Flutter Mane|Moonblast|p1a: Miraidon\n|-supereffective|p1a: Miraidon\n|-damage|p1a: Miraidon|0 fnt\n|faint|p1a: Miraidon\n|\n|upkeep\n|\n|t:|1699740256\n|switch|p1a: Koraidon|Koraidon|94\/100\n|-damage|p1a: Koraidon|88\/100|[from] Stealth Rock\n|-weather|SunnyDay|[from] ability: Orichalcum Pulse|[of] p1a: Koraidon\n|-activate|p2a: Flutter Mane|ability: Protosynthesis\n|-start|p2a: Flutter Mane|protosynthesisspe\n|-activate|p1a: Koraidon|Orichalcum Pulse|[source]\n|turn|21\n|\n|t:|1699740267\n|-terastallize|p1a: Koraidon|Fire\n|move|p2a: Flutter Mane|Moonblast|p1a: Koraidon\n|-resisted|p1a: Koraidon\n|-damage|p1a: Koraidon|52\/100\n|move|p1a: Koraidon|Flare Blitz|p2a: Flutter Mane\n|-damage|p2a: Flutter Mane|0 fnt\n|faint|p2a: Flutter Mane\n|-end|p2a: Flutter Mane|Protosynthesis|[silent]\n|-damage|p1a: Koraidon|46\/100|[from] Recoil\n|\n|win|i am a mcrib\n|n|\u2606i am a mcrib|iamamcrib\n|n|\u2606SCRIPTVRE|scriptvre\n|n| corvere\u2665|corvere\n|n| Dregone|dregone\n","uploadtime":1699740268,"views":5,"p1id":"iamamcrib","p2id":"scriptvre","formatid":"gen9ubers","rating":0,"private":0,"password":""}