{"id":"gen9ubers-1980943593","p1":"AlicieLizzie","p2":"manwhocouldntcook","format":"[Gen 9] Ubers","log":"|j|\u2606AlicieLizzie\n|j|\u2606manwhocouldntcook\n|t:|1698851062\n|gametype|singles\n|player|p1|AlicieLizzie|marnie-masters3|\n|player|p2|manwhocouldntcook|chili|\n|teamsize|p1|6\n|teamsize|p2|6\n|gen|9\n|tier|[Gen 9] Ubers\n|rule|Sleep Clause Mod: Limit one foe put to sleep\n|rule|Species Clause: Limit one of each Pok\u00e9mon\n|rule|OHKO Clause: OHKO moves are banned\n|rule|Evasion Items Clause: Evasion items are banned\n|rule|Evasion Moves Clause: Evasion moves are banned\n|rule|Endless Battle Clause: Forcing endless battles is banned\n|rule|HP Percentage Mod: HP is shown in percentages\n|clearpoke\n|poke|p1|Baxcalibur, M|\n|poke|p1|Ninetales-Alola, M|\n|poke|p1|Arceus-Ghost|\n|poke|p1|Espathra, F|\n|poke|p1|Kommo-o, F|\n|poke|p1|Cyclizar, F|\n|poke|p2|Ninetales-Alola, F|\n|poke|p2|Palkia-Origin|\n|poke|p2|Urshifu-*, M|\n|poke|p2|Cyclizar, F|\n|poke|p2|Volcarona, M|\n|poke|p2|Arceus-Ghost|\n|teampreview\n|inactive|Battle timer is ON: inactive players will automatically lose when time's up. (requested by AlicieLizzie)\n|\n|t:|1698851077\n|start\n|switch|p1a: Nine Inch Tails|Ninetales-Alola, M|100\/100\n|switch|p2a: Cyclizar|Cyclizar, F|100\/100\n|-weather|Snow|[from] ability: Snow Warning|[of] p1a: Nine Inch Tails\n|turn|1\n|\n|t:|1698851081\n|move|p2a: Cyclizar|Shed Tail|p2a: Cyclizar\n|-start|p2a: Cyclizar|Substitute|[from] move: Shed Tail\n|-damage|p2a: Cyclizar|50\/100\n|\n|t:|1698851083\n|switch|p2a: Arceus|Arceus-Ghost|100\/100|[from] Shed Tail\n|move|p1a: Nine Inch Tails|Aurora Veil|p1a: Nine Inch Tails\n|-sidestart|p1: AlicieLizzie|move: Aurora Veil\n|\n|-weather|Snow|[upkeep]\n|upkeep\n|turn|2\n|\n|t:|1698851090\n|switch|p1a: Ghosts N\u2019 Roses|Arceus-Ghost|100\/100\n|move|p2a: Arceus|Dragon Dance|p2a: Arceus\n|-boost|p2a: Arceus|atk|1\n|-boost|p2a: Arceus|spe|1\n|\n|-weather|Snow|[upkeep]\n|upkeep\n|turn|3\n|\n|t:|1698851118\n|move|p2a: Arceus|Dragon Dance|p2a: Arceus\n|-boost|p2a: Arceus|atk|1\n|-boost|p2a: Arceus|spe|1\n|move|p1a: Ghosts N\u2019 Roses|Swords Dance|p1a: Ghosts N\u2019 Roses\n|-boost|p1a: Ghosts N\u2019 Roses|atk|2\n|\n|-weather|Snow|[upkeep]\n|upkeep\n|turn|4\n|\n|t:|1698851120\n|move|p2a: Arceus|Shadow Claw|p1a: Ghosts N\u2019 Roses\n|-supereffective|p1a: Ghosts N\u2019 Roses\n|-damage|p1a: Ghosts N\u2019 Roses|47\/100\n|move|p1a: Ghosts N\u2019 Roses|Shadow Claw|p2a: Arceus\n|-supereffective|p2a: Arceus\n|-end|p2a: Arceus|Substitute\n|\n|-weather|Snow|[upkeep]\n|upkeep\n|turn|5\n|\n|t:|1698851131\n|switch|p1a: CycLed Zeppelin|Cyclizar, F|100\/100\n|move|p2a: Arceus|Shadow Claw|p1a: CycLed Zeppelin\n|-immune|p1a: CycLed Zeppelin\n|\n|-weather|none\n|upkeep\n|turn|6\n|inactive|manwhocouldntcook has 270 seconds left.\n|\n|t:|1698851177\n|-terastallize|p2a: Arceus|Fighting\n|move|p2a: Arceus|Tera Blast|p1a: CycLed Zeppelin|[anim] Tera Blast Fighting\n|-supereffective|p1a: CycLed Zeppelin\n|-damage|p1a: CycLed Zeppelin|0 fnt\n|faint|p1a: CycLed Zeppelin\n|\n|upkeep\n|c|\u2606AlicieLizzie|holy shit\n|\n|t:|1698851199\n|switch|p1a: Nine Inch Tails|Ninetales-Alola, M|100\/100\n|-weather|Snow|[from] ability: Snow Warning|[of] p1a: Nine Inch Tails\n|turn|7\n|\n|t:|1698851203\n|move|p2a: Arceus|Shadow Claw|p1a: Nine Inch Tails\n|-damage|p1a: Nine Inch Tails|57\/100\n|move|p1a: Nine Inch Tails|Moonblast|p2a: Arceus\n|-supereffective|p2a: Arceus\n|-damage|p2a: Arceus|42\/100\n|-unboost|p2a: Arceus|spa|1\n|\n|-weather|Snow|[upkeep]\n|upkeep\n|turn|8\n|\n|t:|1698851213\n|move|p2a: Arceus|Recover|p2a: Arceus\n|-heal|p2a: Arceus|92\/100\n|move|p1a: Nine Inch Tails|Moonblast|p2a: Arceus\n|-supereffective|p2a: Arceus\n|-damage|p2a: Arceus|35\/100\n|\n|-weather|Snow|[upkeep]\n|-sideend|p1: AlicieLizzie|move: Aurora Veil\n|upkeep\n|turn|9\n|\n|t:|1698851216\n|move|p2a: Arceus|Shadow Claw|p1a: Nine Inch Tails\n|-damage|p1a: Nine Inch Tails|0 fnt\n|faint|p1a: Nine Inch Tails\n|\n|-weather|Snow|[upkeep]\n|upkeep\n|\n|t:|1698851233\n|switch|p1a: Fommo-o Fighters|Kommo-o, F|100\/100\n|turn|10\n|\n|t:|1698851247\n|-terastallize|p1a: Fommo-o Fighters|Normal\n|move|p2a: Arceus|Shadow Claw|p1a: Fommo-o Fighters\n|-immune|p1a: Fommo-o Fighters\n|move|p1a: Fommo-o Fighters|Boomburst|p2a: Arceus\n|-damage|p2a: Arceus|0 fnt\n|faint|p2a: Arceus\n|-enditem|p1a: Fommo-o Fighters|Throat Spray\n|-boost|p1a: Fommo-o Fighters|spa|1|[from] item: Throat Spray\n|\n|-weather|Snow|[upkeep]\n|upkeep\n|c|\u2606manwhocouldntcook|ive been had\n|\n|t:|1698851262\n|switch|p2a: Cyclizar|Cyclizar, F|84\/100\n|turn|11\n|\n|t:|1698851267\n|move|p2a: Cyclizar|Taunt|p1a: Fommo-o Fighters\n|-start|p1a: Fommo-o Fighters|move: Taunt\n|cant|p1a: Fommo-o Fighters|move: Taunt|Clangorous Soul\n|\n|-weather|none\n|upkeep\n|turn|12\n|\n|t:|1698851278\n|move|p2a: Cyclizar|Draco Meteor|p1a: Fommo-o Fighters\n|-crit|p1a: Fommo-o Fighters\n|-damage|p1a: Fommo-o Fighters|30\/100\n|-unboost|p2a: Cyclizar|spa|2\n|move|p1a: Fommo-o Fighters|Boomburst|p2a: Cyclizar\n|-damage|p2a: Cyclizar|0 fnt\n|faint|p2a: Cyclizar\n|\n|upkeep\n|\n|t:|1698851286\n|switch|p2a: Urshifu|Urshifu, M|100\/100\n|turn|13\n|\n|t:|1698851290\n|move|p2a: Urshifu|Wicked Blow|p1a: Fommo-o Fighters\n|-crit|p1a: Fommo-o Fighters\n|-damage|p1a: Fommo-o Fighters|0 fnt\n|faint|p1a: Fommo-o Fighters\n|\n|upkeep\n|\n|t:|1698851295\n|switch|p1a: Bax Sabbath|Baxcalibur, M|100\/100\n|turn|14\n|\n|t:|1698851302\n|move|p2a: Urshifu|Close Combat|p1a: Bax Sabbath\n|-supereffective|p1a: Bax Sabbath\n|-damage|p1a: Bax Sabbath|0 fnt\n|-unboost|p2a: Urshifu|def|1\n|-unboost|p2a: Urshifu|spd|1\n|faint|p1a: Bax Sabbath\n|\n|upkeep\n|\n|t:|1698851308\n|switch|p1a: Pathwood Mac|Espathra, F|100\/100\n|turn|15\n|\n|t:|1698851312\n|move|p1a: Pathwood Mac|Protect|p1a: Pathwood Mac\n|-singleturn|p1a: Pathwood Mac|Protect\n|move|p2a: Urshifu|Wicked Blow|p1a: Pathwood Mac\n|-supereffective|p1a: Pathwood Mac\n|-crit|p1a: Pathwood Mac\n|-damage|p1a: Pathwood Mac|0 fnt\n|faint|p1a: Pathwood Mac\n|\n|upkeep\n|c|\u2606AlicieLizzie|I FORGOT ABOUT THAT\n|\n|t:|1698851324\n|switch|p1a: Ghosts N\u2019 Roses|Arceus-Ghost|47\/100\n|turn|16\n|c|\u2606manwhocouldntcook|i had a focu ah anyho\n|\n|t:|1698851337\n|move|p1a: Ghosts N\u2019 Roses|Extreme Speed|p2a: Urshifu\n|-damage|p2a: Urshifu|56\/100\n|move|p2a: Urshifu|Wicked Blow|p1a: Ghosts N\u2019 Roses\n|-supereffective|p1a: Ghosts N\u2019 Roses\n|-crit|p1a: Ghosts N\u2019 Roses\n|-damage|p1a: Ghosts N\u2019 Roses|0 fnt\n|faint|p1a: Ghosts N\u2019 Roses\n|\n|win|manwhocouldntcook\n","uploadtime":1698851351,"views":20,"p1id":"alicielizzie","p2id":"manwhocouldntcook","formatid":"gen9ubers","rating":0,"private":0,"password":""}