{"id":"gen9ubers-1969502928","p1":"IspamObjection","p2":"XpokVEVO","format":"[Gen 9] Ubers","log":"|j|\u2606IspamObjection\n|j|\u2606XpokVEVO\n|t:|1697540728\n|gametype|singles\n|player|p1|IspamObjection|lance-gen2|\n|player|p2|XpokVEVO|marshal|\n|teamsize|p1|6\n|teamsize|p2|6\n|gen|9\n|tier|[Gen 9] Ubers\n|rule|Sleep Clause Mod: Limit one foe put to sleep\n|rule|Species Clause: Limit one of each Pok\u00e9mon\n|rule|OHKO Clause: OHKO moves are banned\n|rule|Evasion Items Clause: Evasion items are banned\n|rule|Evasion Moves Clause: Evasion moves are banned\n|rule|Endless Battle Clause: Forcing endless battles is banned\n|rule|HP Percentage Mod: HP is shown in percentages\n|clearpoke\n|poke|p1|Masquerain, F|\n|poke|p1|Urshifu-*, M|\n|poke|p1|Gholdengo|\n|poke|p1|Zacian-*|\n|poke|p1|Arceus-Fire|\n|poke|p1|Dialga|\n|poke|p2|Arceus-Fire|\n|poke|p2|Shaymin-Sky|\n|poke|p2|Cyclizar, F|\n|poke|p2|Espathra, F|\n|poke|p2|Magearna|\n|poke|p2|Rillaboom, M|\n|teampreview\n|\n|t:|1697540741\n|start\n|switch|p1a: Masquerain|Masquerain, F|100\/100\n|switch|p2a: Akira|Cyclizar, F|100\/100\n|-ability|p1a: Masquerain|Intimidate|boost\n|-unboost|p2a: Akira|atk|1\n|turn|1\n|\n|t:|1697540757\n|move|p2a: Akira|Taunt|p1a: Masquerain\n|-start|p1a: Masquerain|move: Taunt\n|cant|p1a: Masquerain|move: Taunt|Quiver Dance\n|\n|upkeep\n|turn|2\n|\n|t:|1697540775\n|move|p2a: Akira|Shed Tail|p2a: Akira\n|-start|p2a: Akira|Substitute|[from] move: Shed Tail\n|-damage|p2a: Akira|50\/100\n|\n|t:|1697540781\n|switch|p2a: Emu War|Espathra, F|100\/100|[from] Shed Tail\n|move|p1a: Masquerain|Bug Buzz|p2a: Emu War\n|-supereffective|p2a: Emu War\n|-enditem|p2a: Emu War|Focus Sash\n|-damage|p2a: Emu War|1\/100\n|\n|upkeep\n|turn|3\n|\n|t:|1697540793\n|move|p2a: Emu War|Dazzling Gleam|p1a: Masquerain\n|-damage|p1a: Masquerain|64\/100\n|move|p1a: Masquerain|Bug Buzz|p2a: Emu War\n|-supereffective|p2a: Emu War\n|-damage|p2a: Emu War|0 fnt\n|faint|p2a: Emu War\n|\n|-end|p1a: Masquerain|move: Taunt\n|upkeep\n|\n|t:|1697540805\n|switch|p2a: Akira|Cyclizar, F|84\/100\n|turn|4\n|\n|t:|1697540810\n|move|p2a: Akira|Taunt|p1a: Masquerain\n|-start|p1a: Masquerain|move: Taunt\n|move|p1a: Masquerain|Bug Buzz|p2a: Akira\n|-damage|p2a: Akira|30\/100\n|\n|upkeep\n|turn|5\n|\n|t:|1697540825\n|move|p2a: Akira|Knock Off|p1a: Masquerain\n|-damage|p1a: Masquerain|26\/100\n|-enditem|p1a: Masquerain|Focus Sash|[from] move: Knock Off|[of] p2a: Akira\n|move|p1a: Masquerain|Bug Buzz|p2a: Akira\n|-damage|p2a: Akira|0 fnt\n|faint|p2a: Akira\n|\n|upkeep\n|\n|t:|1697540830\n|switch|p2a: Arceus-Fight\u0131ng|Arceus-Fire, shiny|100\/100\n|turn|6\n|\n|t:|1697540839\n|switch|p1a: Gholdengo|Gholdengo|100\/100\n|move|p2a: Arceus-Fight\u0131ng|Dragon Dance|p2a: Arceus-Fight\u0131ng\n|-boost|p2a: Arceus-Fight\u0131ng|atk|1\n|-boost|p2a: Arceus-Fight\u0131ng|spe|1\n|\n|upkeep\n|turn|7\n|\n|t:|1697540882\n|move|p2a: Arceus-Fight\u0131ng|Flare Blitz|p1a: Gholdengo\n|-supereffective|p1a: Gholdengo\n|-damage|p1a: Gholdengo|0 fnt\n|faint|p1a: Gholdengo\n|-damage|p2a: Arceus-Fight\u0131ng|73\/100|[from] Recoil\n|\n|upkeep\n|\n|t:|1697540913\n|switch|p1a: Dialga|Dialga|100\/100\n|-ability|p1a: Dialga|Pressure\n|turn|8\n|\n|t:|1697540926\n|move|p2a: Arceus-Fight\u0131ng|Flare Blitz|p1a: Dialga\n|-damage|p1a: Dialga|48\/100\n|-damage|p2a: Arceus-Fight\u0131ng|55\/100|[from] Recoil\n|move|p1a: Dialga|Roar|p2a: Arceus-Fight\u0131ng\n|drag|p2a: Sonic|Shaymin-Sky, shiny|100\/100\n|\n|-heal|p1a: Dialga|54\/100|[from] item: Leftovers\n|upkeep\n|turn|9\n|\n|t:|1697540943\n|move|p2a: Sonic|Earth Power|p1a: Dialga\n|-supereffective|p1a: Dialga\n|-crit|p1a: Dialga\n|-damage|p1a: Dialga|0 fnt\n|faint|p1a: Dialga\n|-damage|p2a: Sonic|91\/100|[from] item: Life Orb\n|\n|upkeep\n|\n|t:|1697540961\n|switch|p1a: Arceus|Arceus-Fire|100\/100\n|turn|10\n|\n|t:|1697540979\n|move|p2a: Sonic|Earth Power|p1a: Arceus\n|-supereffective|p1a: Arceus\n|-damage|p1a: Arceus|40\/100\n|-damage|p2a: Sonic|81\/100|[from] item: Life Orb\n|move|p1a: Arceus|Dragon Dance|p1a: Arceus\n|-boost|p1a: Arceus|atk|1\n|-boost|p1a: Arceus|spe|1\n|\n|upkeep\n|turn|11\n|\n|t:|1697540988\n|move|p1a: Arceus|Flare Blitz|p2a: Sonic\n|-supereffective|p2a: Sonic\n|-damage|p2a: Sonic|0 fnt\n|faint|p2a: Sonic\n|-damage|p1a: Arceus|16\/100|[from] Recoil\n|\n|upkeep\n|\n|t:|1697540998\n|switch|p2a: Oog|Rillaboom, M|100\/100\n|-fieldstart|move: Grassy Terrain|[from] ability: Grassy Surge|[of] p2a: Oog\n|turn|12\n|\n|t:|1697541010\n|move|p2a: Oog|Grassy Glide|p1a: Arceus\n|-resisted|p1a: Arceus\n|-damage|p1a: Arceus|0 fnt\n|faint|p1a: Arceus\n|-damage|p2a: Oog|91\/100|[from] item: Life Orb\n|\n|-heal|p2a: Oog|97\/100|[from] Grassy Terrain\n|upkeep\n|\n|t:|1697541022\n|switch|p1a: Masquerain|Masquerain, F|26\/100\n|-ability|p1a: Masquerain|Intimidate|boost\n|-unboost|p2a: Oog|atk|1\n|turn|13\n|\n|t:|1697541043\n|move|p2a: Oog|Grassy Glide|p1a: Masquerain\n|-resisted|p1a: Masquerain\n|-damage|p1a: Masquerain|10\/100\n|-damage|p2a: Oog|87\/100|[from] item: Life Orb\n|move|p1a: Masquerain|Sticky Web|p2a: Oog\n|-sidestart|p2: XpokVEVO|move: Sticky Web\n|\n|-heal|p2a: Oog|93\/100|[from] Grassy Terrain\n|upkeep\n|turn|14\n|\n|t:|1697541053\n|move|p1a: Masquerain|Bug Buzz|p2a: Oog\n|-supereffective|p2a: Oog\n|-damage|p2a: Oog|12\/100\n|move|p2a: Oog|U-turn|p1a: Masquerain\n|-resisted|p1a: Masquerain\n|-damage|p1a: Masquerain|0 fnt\n|faint|p1a: Masquerain\n|-damage|p2a: Oog|2\/100|[from] item: Life Orb\n|\n|t:|1697541057\n|switch|p2a: Aunt Fanny|Magearna|100\/100|[from] U-turn\n|-activate|p2a: Aunt Fanny|move: Sticky Web\n|-unboost|p2a: Aunt Fanny|spe|1\n|\n|upkeep\n|\n|t:|1697541079\n|switch|p1a: Zacian|Zacian|100\/100\n|-ability|p1a: Zacian|Intrepid Sword|boost\n|-boost|p1a: Zacian|atk|1\n|turn|15\n|\n|t:|1697541084\n|-terastallize|p2a: Aunt Fanny|Flying\n|move|p1a: Zacian|Play Rough|p2a: Aunt Fanny\n|-damage|p2a: Aunt Fanny|0 fnt\n|faint|p2a: Aunt Fanny\n|\n|upkeep\n|c|\u2606XpokVEVO|dude\n|\n|t:|1697541111\n|switch|p2a: Arceus-Fight\u0131ng|Arceus-Fire, shiny|55\/100\n|-activate|p2a: Arceus-Fight\u0131ng|move: Sticky Web\n|-unboost|p2a: Arceus-Fight\u0131ng|spe|1\n|turn|16\n|\n|t:|1697541117\n|move|p1a: Zacian|Play Rough|p2a: Arceus-Fight\u0131ng\n|-resisted|p2a: Arceus-Fight\u0131ng\n|-damage|p2a: Arceus-Fight\u0131ng|10\/100\n|move|p2a: Arceus-Fight\u0131ng|Flare Blitz|p1a: Zacian\n|-crit|p1a: Zacian\n|-damage|p1a: Zacian|0 fnt\n|faint|p1a: Zacian\n|-damage|p2a: Arceus-Fight\u0131ng|0 fnt|[from] Recoil\n|faint|p2a: Arceus-Fight\u0131ng\n|\n|-fieldend|move: Grassy Terrain\n|upkeep\n|\n|t:|1697541126\n|switch|p1a: Urshifu|Urshifu, M|100\/100\n|switch|p2a: Oog|Rillaboom, M|2\/100\n|-activate|p2a: Oog|move: Sticky Web\n|-unboost|p2a: Oog|spe|1\n|-fieldstart|move: Grassy Terrain|[from] ability: Grassy Surge|[of] p2a: Oog\n|turn|17\n|inactive|Battle timer is ON: inactive players will automatically lose when time's up. (requested by IspamObjection)\n|\n|t:|1697541238\n|move|p1a: Urshifu|Wicked Blow|p2a: Oog\n|-crit|p2a: Oog\n|-damage|p2a: Oog|0 fnt\n|faint|p2a: Oog\n|\n|win|IspamObjection\n|l|\u2606XpokVEVO\n","uploadtime":1697541247,"views":25,"p1id":"ispamobjection","p2id":"xpokvevo","formatid":"gen9ubers","rating":0,"private":0,"password":""}