{"id":"gen9ubers-1996361753","p1":"Waynner","p2":"poifunlol99","format":"[Gen 9] Ubers","log":"|j|\u2606Waynner\n|j|\u2606poifunlol99\n|t:|1700674759\n|gametype|singles\n|player|p1|Waynner|102|1303\n|player|p2|poifunlol99|iono|1274\n|teamsize|p1|6\n|teamsize|p2|6\n|gen|9\n|tier|[Gen 9] Ubers\n|rated|\n|rule|Sleep Clause Mod: Limit one foe put to sleep\n|rule|Species Clause: Limit one of each Pok\u00e9mon\n|rule|OHKO Clause: OHKO moves are banned\n|rule|Evasion Items Clause: Evasion items are banned\n|rule|Evasion Moves Clause: Evasion moves are banned\n|rule|Endless Battle Clause: Forcing endless battles is banned\n|rule|HP Percentage Mod: HP is shown in percentages\n|clearpoke\n|poke|p1|Arceus|\n|poke|p1|Flutter Mane|\n|poke|p1|Glimmora, F|\n|poke|p1|Zacian-*|\n|poke|p1|Koraidon|\n|poke|p1|Iron Moth|\n|poke|p2|Eternatus|\n|poke|p2|Skeledirge, F|\n|poke|p2|Espathra, F|\n|poke|p2|Cyclizar, M|\n|poke|p2|Zacian-*|\n|poke|p2|Landorus-Therian, M|\n|teampreview\n|\n|t:|1700674776\n|start\n|switch|p1a: Flutter Mane|Flutter Mane|100\/100\n|switch|p2a: Cyclizar|Cyclizar, M|100\/100\n|turn|1\n|\n|t:|1700674789\n|move|p2a: Cyclizar|Shed Tail|p2a: Cyclizar\n|-start|p2a: Cyclizar|Substitute|[from] move: Shed Tail\n|-damage|p2a: Cyclizar|50\/100\n|\n|t:|1700674792\n|switch|p2a: Zacian|Zacian-Crowned|100\/100|[from] Shed Tail\n|-ability|p2a: Zacian|Intrepid Sword|boost\n|-boost|p2a: Zacian|atk|1\n|move|p1a: Flutter Mane|Moonblast|p2a: Zacian\n|-resisted|p2a: Zacian\n|-end|p2a: Zacian|Substitute\n|\n|upkeep\n|turn|2\n|\n|t:|1700674799\n|-end|p1a: Flutter Mane|Protosynthesis|[silent]\n|switch|p1a: Glimmora|Glimmora, F|100\/100\n|move|p2a: Zacian|Behemoth Blade|p1a: Glimmora\n|-supereffective|p1a: Glimmora\n|-crit|p1a: Glimmora\n|-damage|p1a: Glimmora|0 fnt\n|-activate|p1a: Glimmora|ability: Toxic Debris\n|-sidestart|p2: poifunlol99|move: Toxic Spikes\n|faint|p1a: Glimmora\n|\n|upkeep\n|\n|t:|1700674810\n|switch|p1a: Iron Moth|Iron Moth|100\/100\n|-enditem|p1a: Iron Moth|Booster Energy\n|-activate|p1a: Iron Moth|ability: Quark Drive|[fromitem]\n|-start|p1a: Iron Moth|quarkdrivespe\n|turn|3\n|\n|t:|1700674822\n|switch|p2a: Landorus|Landorus-Therian, M|100\/100\n|-ability|p2a: Landorus|Intimidate|boost\n|-unboost|p1a: Iron Moth|atk|1\n|move|p1a: Iron Moth|Fiery Dance|p2a: Landorus\n|-damage|p2a: Landorus|69\/100\n|-boost|p1a: Iron Moth|spa|1\n|\n|upkeep\n|turn|4\n|\n|t:|1700674837\n|-end|p1a: Iron Moth|Quark Drive|[silent]\n|switch|p1a: Arceus|Arceus|100\/100\n|move|p2a: Landorus|Earthquake|p1a: Arceus\n|-damage|p1a: Arceus|57\/100\n|\n|upkeep\n|turn|5\n|\n|t:|1700674841\n|move|p1a: Arceus|Trick|p2a: Landorus\n|-activate|p1a: Arceus|move: Trick|[of] p2a: Landorus\n|-item|p2a: Landorus|Choice Band|[from] move: Trick\n|-item|p1a: Arceus|Assault Vest|[from] move: Trick\n|move|p2a: Landorus|Brick Break|p1a: Arceus\n|-supereffective|p1a: Arceus\n|-damage|p1a: Arceus|1\/100\n|\n|upkeep\n|turn|6\n|\n|t:|1700674855\n|switch|p2a: Zacian|Zacian-Crowned|100\/100\n|move|p1a: Arceus|Extreme Speed|p2a: Zacian\n|-resisted|p2a: Zacian\n|-damage|p2a: Zacian|80\/100\n|\n|upkeep\n|turn|7\n|\n|t:|1700674862\n|move|p1a: Arceus|Extreme Speed|p2a: Zacian\n|-resisted|p2a: Zacian\n|-crit|p2a: Zacian\n|-damage|p2a: Zacian|47\/100\n|move|p2a: Zacian|Swords Dance|p2a: Zacian\n|-boost|p2a: Zacian|atk|2\n|\n|upkeep\n|turn|8\n|\n|t:|1700674867\n|move|p1a: Arceus|Extreme Speed|p2a: Zacian\n|-resisted|p2a: Zacian\n|-damage|p2a: Zacian|26\/100\n|move|p2a: Zacian|Behemoth Blade|p1a: Arceus\n|-damage|p1a: Arceus|0 fnt\n|faint|p1a: Arceus\n|\n|upkeep\n|\n|t:|1700674903\n|switch|p1a: Zacian|Zacian-Crowned|100\/100\n|-ability|p1a: Zacian|Intrepid Sword|boost\n|-boost|p1a: Zacian|atk|1\n|turn|9\n|\n|t:|1700674908\n|move|p2a: Zacian|Behemoth Blade|p1a: Zacian\n|-damage|p1a: Zacian|0 fnt\n|faint|p1a: Zacian\n|\n|upkeep\n|\n|t:|1700674917\n|switch|p1a: Iron Moth|Iron Moth|100\/100\n|turn|10\n|\n|t:|1700674929\n|move|p2a: Zacian|Behemoth Blade|p1a: Iron Moth\n|-resisted|p1a: Iron Moth\n|-damage|p1a: Iron Moth|0 fnt\n|faint|p1a: Iron Moth\n|-end|p1a: Iron Moth|Quark Drive|[silent]\n|\n|upkeep\n|\n|t:|1700674933\n|switch|p1a: Koraidon|Koraidon|100\/100\n|-weather|SunnyDay|[from] ability: Orichalcum Pulse|[of] p1a: Koraidon\n|-activate|p1a: Koraidon|Orichalcum Pulse|[source]\n|turn|11\n|\n|t:|1700674937\n|switch|p1a: Flutter Mane|Flutter Mane|100\/100\n|-activate|p1a: Flutter Mane|ability: Protosynthesis\n|-start|p1a: Flutter Mane|protosynthesisspe\n|move|p2a: Zacian|Play Rough|p1a: Flutter Mane|[miss]\n|-miss|p2a: Zacian|p1a: Flutter Mane\n|\n|-weather|SunnyDay|[upkeep]\n|upkeep\n|turn|12\n|\n|t:|1700674947\n|switch|p2a: Landorus|Landorus-Therian, M|69\/100\n|-ability|p2a: Landorus|Intimidate|boost\n|-unboost|p1a: Flutter Mane|atk|1\n|move|p1a: Flutter Mane|Mystical Fire|p2a: Landorus\n|-damage|p2a: Landorus|26\/100\n|-unboost|p2a: Landorus|spa|1\n|\n|-weather|SunnyDay|[upkeep]\n|upkeep\n|turn|13\n|\n|t:|1700674950\n|move|p1a: Flutter Mane|Moonblast|p2a: Landorus\n|-damage|p2a: Landorus|0 fnt\n|faint|p2a: Landorus\n|\n|-weather|SunnyDay|[upkeep]\n|upkeep\n|\n|t:|1700674954\n|switch|p2a: Eternatus|Eternatus|100\/100\n|-sideend|p2: poifunlol99|move: Toxic Spikes|[of] p2a: Eternatus\n|-ability|p2a: Eternatus|Pressure\n|turn|14\n|\n|t:|1700674961\n|move|p1a: Flutter Mane|Mystical Fire|p2a: Eternatus\n|-resisted|p2a: Eternatus\n|-damage|p2a: Eternatus|87\/100\n|-unboost|p2a: Eternatus|spa|1\n|move|p2a: Eternatus|Toxic|p1a: Flutter Mane\n|-status|p1a: Flutter Mane|tox\n|\n|-weather|SunnyDay|[upkeep]\n|-heal|p2a: Eternatus|93\/100|[from] item: Leftovers\n|-damage|p1a: Flutter Mane|95\/100 tox|[from] psn\n|upkeep\n|turn|15\n|\n|t:|1700674970\n|move|p1a: Flutter Mane|Shadow Ball|p2a: Eternatus\n|-damage|p2a: Eternatus|62\/100\n|-unboost|p2a: Eternatus|spd|1\n|move|p2a: Eternatus|Cosmic Power|p2a: Eternatus\n|-boost|p2a: Eternatus|def|1\n|-boost|p2a: Eternatus|spd|1\n|\n|-weather|none\n|-end|p1a: Flutter Mane|Protosynthesis\n|-heal|p2a: Eternatus|68\/100|[from] item: Leftovers\n|-damage|p1a: Flutter Mane|83\/100 tox|[from] psn\n|upkeep\n|turn|16\n|\n|t:|1700674975\n|move|p1a: Flutter Mane|Shadow Ball|p2a: Eternatus\n|-damage|p2a: Eternatus|38\/100\n|move|p2a: Eternatus|Cosmic Power|p2a: Eternatus\n|-boost|p2a: Eternatus|def|1\n|-boost|p2a: Eternatus|spd|1\n|\n|-heal|p2a: Eternatus|44\/100|[from] item: Leftovers\n|-damage|p1a: Flutter Mane|65\/100 tox|[from] psn\n|upkeep\n|turn|17\n|\n|t:|1700674984\n|-end|p1a: Flutter Mane|Protosynthesis|[silent]\n|switch|p1a: Koraidon|Koraidon|100\/100\n|-weather|SunnyDay|[from] ability: Orichalcum Pulse|[of] p1a: Koraidon\n|-activate|p1a: Koraidon|Orichalcum Pulse|[source]\n|move|p2a: Eternatus|Recover|p2a: Eternatus\n|-heal|p2a: Eternatus|94\/100\n|\n|-weather|SunnyDay|[upkeep]\n|-heal|p2a: Eternatus|99\/100|[from] item: Leftovers\n|upkeep\n|turn|18\n|\n|t:|1700674992\n|move|p1a: Koraidon|Substitute|p1a: Koraidon\n|-start|p1a: Koraidon|Substitute\n|-damage|p1a: Koraidon|76\/100\n|move|p2a: Eternatus|Toxic||[still]\n|-fail|p2a: Eternatus\n|\n|-weather|SunnyDay|[upkeep]\n|-heal|p1a: Koraidon|82\/100|[from] item: Leftovers\n|-heal|p2a: Eternatus|100\/100|[from] item: Leftovers\n|upkeep\n|turn|19\n|\n|t:|1700675003\n|move|p1a: Koraidon|Swords Dance|p1a: Koraidon\n|-boost|p1a: Koraidon|atk|2\n|move|p2a: Eternatus|Cosmic Power|p2a: Eternatus\n|-boost|p2a: Eternatus|def|1\n|-boost|p2a: Eternatus|spd|1\n|\n|-weather|SunnyDay|[upkeep]\n|-heal|p1a: Koraidon|88\/100|[from] item: Leftovers\n|upkeep\n|turn|20\n|\n|t:|1700675009\n|move|p1a: Koraidon|Swords Dance|p1a: Koraidon\n|-boost|p1a: Koraidon|atk|2\n|move|p2a: Eternatus|Cosmic Power|p2a: Eternatus\n|-boost|p2a: Eternatus|def|1\n|-boost|p2a: Eternatus|spd|1\n|\n|-weather|SunnyDay|[upkeep]\n|-heal|p1a: Koraidon|94\/100|[from] item: Leftovers\n|upkeep\n|turn|21\n|\n|t:|1700675012\n|move|p1a: Koraidon|Swords Dance|p1a: Koraidon\n|-boost|p1a: Koraidon|atk|2\n|move|p2a: Eternatus|Cosmic Power|p2a: Eternatus\n|-boost|p2a: Eternatus|def|1\n|-boost|p2a: Eternatus|spd|1\n|\n|-weather|none\n|-heal|p1a: Koraidon|99\/100|[from] item: Leftovers\n|upkeep\n|turn|22\n|\n|t:|1700675016\n|-terastallize|p2a: Eternatus|Fairy\n|move|p1a: Koraidon|Flame Charge|p2a: Eternatus\n|-damage|p2a: Eternatus|90\/100\n|-boost|p1a: Koraidon|spe|1\n|move|p2a: Eternatus|Cosmic Power|p2a: Eternatus\n|-boost|p2a: Eternatus|def|1\n|-boost|p2a: Eternatus|spd|1\n|\n|-heal|p1a: Koraidon|100\/100|[from] item: Leftovers\n|-heal|p2a: Eternatus|96\/100|[from] item: Leftovers\n|upkeep\n|turn|23\n|\n|t:|1700675025\n|move|p1a: Koraidon|Flame Charge|p2a: Eternatus\n|-damage|p2a: Eternatus|86\/100\n|-boost|p1a: Koraidon|spe|1\n|move|p2a: Eternatus|Flamethrower|p1a: Koraidon\n|-resisted|p1a: Koraidon\n|-activate|p1a: Koraidon|move: Substitute|[damage]\n|\n|-heal|p2a: Eternatus|92\/100|[from] item: Leftovers\n|upkeep\n|turn|24\n|\n|t:|1700675034\n|move|p1a: Koraidon|Flame Charge|p2a: Eternatus\n|-damage|p2a: Eternatus|82\/100\n|-boost|p1a: Koraidon|spe|1\n|move|p2a: Eternatus|Flamethrower|p1a: Koraidon\n|-resisted|p1a: Koraidon\n|-activate|p1a: Koraidon|move: Substitute|[damage]\n|\n|-heal|p2a: Eternatus|88\/100|[from] item: Leftovers\n|upkeep\n|turn|25\n|\n|t:|1700675038\n|move|p1a: Koraidon|Flame Charge|p2a: Eternatus\n|-damage|p2a: Eternatus|79\/100\n|-boost|p1a: Koraidon|spe|1\n|move|p2a: Eternatus|Flamethrower|p1a: Koraidon\n|-resisted|p1a: Koraidon\n|-end|p1a: Koraidon|Substitute\n|\n|-heal|p2a: Eternatus|85\/100|[from] item: Leftovers\n|upkeep\n|turn|26\n|\n|t:|1700675043\n|move|p1a: Koraidon|Substitute|p1a: Koraidon\n|-start|p1a: Koraidon|Substitute\n|-damage|p1a: Koraidon|76\/100\n|move|p2a: Eternatus|Flamethrower|p1a: Koraidon\n|-resisted|p1a: Koraidon\n|-activate|p1a: Koraidon|move: Substitute|[damage]\n|\n|-heal|p1a: Koraidon|82\/100|[from] item: Leftovers\n|-heal|p2a: Eternatus|91\/100|[from] item: Leftovers\n|upkeep\n|turn|27\n|\n|t:|1700675049\n|move|p1a: Koraidon|Flame Charge|p2a: Eternatus\n|-damage|p2a: Eternatus|82\/100\n|-boost|p1a: Koraidon|spe|1\n|move|p2a: Eternatus|Flamethrower|p1a: Koraidon\n|-resisted|p1a: Koraidon\n|-activate|p1a: Koraidon|move: Substitute|[damage]\n|\n|-heal|p1a: Koraidon|88\/100|[from] item: Leftovers\n|-heal|p2a: Eternatus|88\/100|[from] item: Leftovers\n|upkeep\n|turn|28\n|\n|t:|1700675053\n|move|p1a: Koraidon|Flame Charge|p2a: Eternatus\n|-damage|p2a: Eternatus|78\/100\n|-boost|p1a: Koraidon|spe|1\n|move|p2a: Eternatus|Flamethrower|p1a: Koraidon\n|-resisted|p1a: Koraidon\n|-end|p1a: Koraidon|Substitute\n|\n|-heal|p1a: Koraidon|94\/100|[from] item: Leftovers\n|-heal|p2a: Eternatus|84\/100|[from] item: Leftovers\n|upkeep\n|turn|29\n|\n|t:|1700675063\n|move|p1a: Koraidon|Substitute|p1a: Koraidon\n|-start|p1a: Koraidon|Substitute\n|-damage|p1a: Koraidon|69\/100\n|move|p2a: Eternatus|Flamethrower|p1a: Koraidon\n|-resisted|p1a: Koraidon\n|-activate|p1a: Koraidon|move: Substitute|[damage]\n|\n|-heal|p1a: Koraidon|75\/100|[from] item: Leftovers\n|-heal|p2a: Eternatus|90\/100|[from] item: Leftovers\n|upkeep\n|turn|30\n|\n|t:|1700675066\n|move|p1a: Koraidon|Collision Course|p2a: Eternatus\n|-resisted|p2a: Eternatus\n|-damage|p2a: Eternatus|75\/100\n|move|p2a: Eternatus|Flamethrower|p1a: Koraidon\n|-resisted|p1a: Koraidon\n|-activate|p1a: Koraidon|move: Substitute|[damage]\n|\n|-heal|p1a: Koraidon|81\/100|[from] item: Leftovers\n|-heal|p2a: Eternatus|81\/100|[from] item: Leftovers\n|upkeep\n|turn|31\n|\n|t:|1700675071\n|move|p1a: Koraidon|Swords Dance|p1a: Koraidon\n|-boost|p1a: Koraidon|atk|0\n|move|p2a: Eternatus|Flamethrower|p1a: Koraidon\n|-resisted|p1a: Koraidon\n|-end|p1a: Koraidon|Substitute\n|\n|-heal|p1a: Koraidon|88\/100|[from] item: Leftovers\n|-heal|p2a: Eternatus|88\/100|[from] item: Leftovers\n|upkeep\n|turn|32\n|\n|t:|1700675080\n|move|p1a: Koraidon|Substitute|p1a: Koraidon\n|-start|p1a: Koraidon|Substitute\n|-damage|p1a: Koraidon|63\/100\n|move|p2a: Eternatus|Flamethrower|p1a: Koraidon\n|-resisted|p1a: Koraidon\n|-activate|p1a: Koraidon|move: Substitute|[damage]\n|\n|-heal|p1a: Koraidon|69\/100|[from] item: Leftovers\n|-heal|p2a: Eternatus|94\/100|[from] item: Leftovers\n|upkeep\n|turn|33\n|\n|t:|1700675084\n|move|p1a: Koraidon|Flame Charge|p2a: Eternatus\n|-damage|p2a: Eternatus|85\/100\n|move|p2a: Eternatus|Flamethrower|p1a: Koraidon\n|-resisted|p1a: Koraidon\n|-activate|p1a: Koraidon|move: Substitute|[damage]\n|\n|-heal|p1a: Koraidon|75\/100|[from] item: Leftovers\n|-heal|p2a: Eternatus|91\/100|[from] item: Leftovers\n|upkeep\n|turn|34\n|\n|t:|1700675088\n|move|p1a: Koraidon|Collision Course|p2a: Eternatus\n|-resisted|p2a: Eternatus\n|-damage|p2a: Eternatus|77\/100\n|move|p2a: Eternatus|Flamethrower|p1a: Koraidon\n|-resisted|p1a: Koraidon\n|-crit|p1a: Koraidon\n|-end|p1a: Koraidon|Substitute\n|\n|-heal|p1a: Koraidon|81\/100|[from] item: Leftovers\n|-heal|p2a: Eternatus|84\/100|[from] item: Leftovers\n|upkeep\n|turn|35\n|\n|t:|1700675106\n|move|p1a: Koraidon|Substitute|p1a: Koraidon\n|-start|p1a: Koraidon|Substitute\n|-damage|p1a: Koraidon|56\/100\n|move|p2a: Eternatus|Flamethrower|p1a: Koraidon\n|-resisted|p1a: Koraidon\n|-activate|p1a: Koraidon|move: Substitute|[damage]\n|\n|-heal|p1a: Koraidon|62\/100|[from] item: Leftovers\n|-heal|p2a: Eternatus|90\/100|[from] item: Leftovers\n|upkeep\n|turn|36\n|\n|t:|1700675121\n|move|p1a: Koraidon|Swords Dance|p1a: Koraidon\n|-boost|p1a: Koraidon|atk|0\n|move|p2a: Eternatus|Flamethrower|p1a: Koraidon\n|-resisted|p1a: Koraidon\n|-activate|p1a: Koraidon|move: Substitute|[damage]\n|\n|-heal|p1a: Koraidon|69\/100|[from] item: Leftovers\n|-heal|p2a: Eternatus|96\/100|[from] item: Leftovers\n|upkeep\n|turn|37\n|\n|t:|1700675125\n|move|p1a: Koraidon|Swords Dance|p1a: Koraidon\n|-boost|p1a: Koraidon|atk|0\n|move|p2a: Eternatus|Flamethrower|p1a: Koraidon\n|-resisted|p1a: Koraidon\n|-end|p1a: Koraidon|Substitute\n|\n|-heal|p1a: Koraidon|75\/100|[from] item: Leftovers\n|-heal|p2a: Eternatus|100\/100|[from] item: Leftovers\n|upkeep\n|turn|38\n|\n|t:|1700675134\n|move|p1a: Koraidon|Substitute|p1a: Koraidon\n|-start|p1a: Koraidon|Substitute\n|-damage|p1a: Koraidon|50\/100\n|move|p2a: Eternatus|Flamethrower|p1a: Koraidon\n|-resisted|p1a: Koraidon\n|-activate|p1a: Koraidon|move: Substitute|[damage]\n|\n|-heal|p1a: Koraidon|56\/100|[from] item: Leftovers\n|upkeep\n|turn|39\n|\n|t:|1700675139\n|move|p1a: Koraidon|Swords Dance|p1a: Koraidon\n|-boost|p1a: Koraidon|atk|0\n|move|p2a: Eternatus|Flamethrower|p1a: Koraidon\n|-resisted|p1a: Koraidon\n|-activate|p1a: Koraidon|move: Substitute|[damage]\n|\n|-heal|p1a: Koraidon|62\/100|[from] item: Leftovers\n|upkeep\n|turn|40\n|\n|t:|1700675149\n|move|p1a: Koraidon|Swords Dance|p1a: Koraidon\n|-boost|p1a: Koraidon|atk|0\n|move|p2a: Eternatus|Flamethrower|p1a: Koraidon\n|-resisted|p1a: Koraidon\n|-end|p1a: Koraidon|Substitute\n|\n|-heal|p1a: Koraidon|68\/100|[from] item: Leftovers\n|upkeep\n|turn|41\n|\n|t:|1700675152\n|switch|p2a: Skeledirge|Skeledirge, F|100\/100\n|move|p1a: Koraidon|Substitute|p1a: Koraidon\n|-start|p1a: Koraidon|Substitute\n|-damage|p1a: Koraidon|43\/100\n|\n|-heal|p1a: Koraidon|49\/100|[from] item: Leftovers\n|upkeep\n|turn|42\n|\n|t:|1700675155\n|move|p1a: Koraidon|Flame Charge|p2a: Skeledirge\n|-resisted|p2a: Skeledirge\n|-crit|p2a: Skeledirge\n|-damage|p2a: Skeledirge|90\/100\n|move|p2a: Skeledirge|Torch Song|p1a: Koraidon\n|-resisted|p1a: Koraidon\n|-damage|p1a: Koraidon|35\/100\n|-boost|p2a: Skeledirge|spa|1\n|\n|-heal|p1a: Koraidon|42\/100|[from] item: Leftovers\n|upkeep\n|turn|43\n|\n|t:|1700675160\n|switch|p1a: Flutter Mane|Flutter Mane|65\/100 tox\n|move|p2a: Skeledirge|Torch Song|p1a: Flutter Mane\n|-damage|p1a: Flutter Mane|34\/100 tox\n|-boost|p2a: Skeledirge|spa|1\n|\n|-damage|p1a: Flutter Mane|28\/100 tox|[from] psn\n|upkeep\n|turn|44\n|\n|t:|1700675166\n|switch|p2a: Zacian|Zacian-Crowned|26\/100\n|move|p1a: Flutter Mane|Shadow Ball|p2a: Zacian\n|-crit|p2a: Zacian\n|-damage|p2a: Zacian|0 fnt\n|faint|p2a: Zacian\n|\n|-damage|p1a: Flutter Mane|16\/100 tox|[from] psn\n|upkeep\n|\n|t:|1700675170\n|switch|p2a: Cyclizar|Cyclizar, M|83\/100\n|turn|45\n|-message|Waynner forfeited.\n|\n|win|poifunlol99\n|raw|Waynner's rating: 1303 &rarr; <strong>1281<\/strong><br \/>(-22 for losing)\n|raw|poifunlol99's rating: 1274 &rarr; <strong>1301<\/strong><br \/>(+27 for winning)\n|l|\u2606Waynner\n","uploadtime":1700675186,"views":2,"p1id":"waynner","p2id":"poifunlol99","formatid":"gen9ubers","rating":1281,"private":0,"password":""}