{"id":"gen9ubers-1983310993","p1":"XpokVEVO","p2":"Kinesquared","format":"[Gen 9] Ubers","log":"|j|\u2606XpokVEVO\n|j|\u2606Kinesquared\n|t:|1699116883\n|gametype|singles\n|player|p1|XpokVEVO|mustard|\n|player|p2|Kinesquared|scientist-gen4dp|\n|teamsize|p1|6\n|teamsize|p2|6\n|gen|9\n|tier|[Gen 9] Ubers\n|rule|Sleep Clause Mod: Limit one foe put to sleep\n|rule|Species Clause: Limit one of each Pok\u00e9mon\n|rule|OHKO Clause: OHKO moves are banned\n|rule|Evasion Items Clause: Evasion items are banned\n|rule|Evasion Moves Clause: Evasion moves are banned\n|rule|Endless Battle Clause: Forcing endless battles is banned\n|rule|HP Percentage Mod: HP is shown in percentages\n|clearpoke\n|poke|p1|Cyclizar, F|\n|poke|p1|Espathra, F|\n|poke|p1|Magearna|\n|poke|p1|Zacian-*|\n|poke|p1|Roaring Moon|\n|poke|p1|Arceus-Fire|\n|poke|p2|Magearna|\n|poke|p2|Ursaluna, F|\n|poke|p2|Dialga|\n|poke|p2|Hoopa-Unbound|\n|poke|p2|Cinderace, M|\n|poke|p2|Cresselia, F|\n|teampreview\n|inactive|Battle timer is ON: inactive players will automatically lose when time's up. (requested by XpokVEVO)\n|\n|t:|1699116900\n|start\n|switch|p1a: Ar\u0441eus-Fighting|Arceus-Fire, shiny|100\/100\n|switch|p2a: Ursaluna|Ursaluna, F|100\/100\n|turn|1\n|c|\u2606XpokVEVO|gods least obvious substitute bait\n|\n|t:|1699116920\n|-terastallize|p1a: Ar\u0441eus-Fighting|Fairy\n|move|p1a: Ar\u0441eus-Fighting|Tera Blast|p2a: Ursaluna|[anim] Tera Blast Fairy\n|-damage|p2a: Ursaluna|72\/100\n|move|p2a: Ursaluna|Headlong Rush|p1a: Ar\u0441eus-Fighting\n|-damage|p1a: Ar\u0441eus-Fighting|49\/100\n|-unboost|p2a: Ursaluna|def|1\n|-unboost|p2a: Ursaluna|spd|1\n|\n|-status|p2a: Ursaluna|brn|[from] item: Flame Orb\n|upkeep\n|turn|2\n|\n|t:|1699116931\n|switch|p2a: Cresselia|Cresselia, F|100\/100\n|move|p1a: Ar\u0441eus-Fighting|Tera Blast|p2a: Cresselia|[anim] Tera Blast Fairy\n|-damage|p2a: Cresselia|77\/100\n|\n|-heal|p2a: Cresselia|83\/100|[from] item: Leftovers\n|upkeep\n|turn|3\n|\n|t:|1699116937\n|move|p1a: Ar\u0441eus-Fighting|Roar|p2a: Cresselia\n|drag|p2a: Ursaluna|Ursaluna, F|72\/100 brn\n|\n|-damage|p2a: Ursaluna|66\/100 brn|[from] brn\n|upkeep\n|turn|4\n|\n|t:|1699116942\n|switch|p2a: Cresselia|Cresselia, F|83\/100\n|move|p1a: Ar\u0441eus-Fighting|Flare Blitz|p2a: Cresselia\n|-damage|p2a: Cresselia|40\/100\n|-damage|p1a: Ar\u0441eus-Fighting|35\/100|[from] Recoil\n|\n|-heal|p2a: Cresselia|46\/100|[from] item: Leftovers\n|upkeep\n|turn|5\n|\n|t:|1699116950\n|move|p1a: Ar\u0441eus-Fighting|Flare Blitz|p2a: Cresselia\n|-damage|p2a: Cresselia|3\/100\n|-damage|p1a: Ar\u0441eus-Fighting|21\/100|[from] Recoil\n|move|p2a: Cresselia|Moonlight|p2a: Cresselia\n|-heal|p2a: Cresselia|53\/100\n|\n|-heal|p2a: Cresselia|60\/100|[from] item: Leftovers\n|upkeep\n|turn|6\n|\n|t:|1699116960\n|switch|p1a: Akira|Cyclizar, F|100\/100\n|move|p2a: Cresselia|Trick Room|p2a: Cresselia\n|-fieldstart|move: Trick Room|[of] p2a: Cresselia\n|\n|-heal|p2a: Cresselia|66\/100|[from] item: Leftovers\n|upkeep\n|turn|7\n|c|\u2606XpokVEVO|nice\n|\n|t:|1699116972\n|move|p2a: Cresselia|Moonblast|p1a: Akira\n|-supereffective|p1a: Akira\n|-damage|p1a: Akira|54\/100\n|move|p1a: Akira|Shed Tail|p1a: Akira\n|-start|p1a: Akira|Substitute|[from] move: Shed Tail\n|-damage|p1a: Akira|4\/100\n|c|\u2606XpokVEVO|holy\n|\n|t:|1699116977\n|switch|p1a: Emu War|Espathra, F|100\/100|[from] Shed Tail\n|\n|-heal|p2a: Cresselia|72\/100|[from] item: Leftovers\n|upkeep\n|turn|8\n|c|\u2606Kinesquared|i need to EV to break shed tail on that\n|\n|t:|1699116990\n|switch|p2a: Hoopa|Hoopa-Unbound|100\/100\n|move|p1a: Emu War|Calm Mind|p1a: Emu War\n|-boost|p1a: Emu War|spa|1\n|-boost|p1a: Emu War|spd|1\n|\n|-ability|p1a: Emu War|Speed Boost|boost\n|-boost|p1a: Emu War|spe|1\n|upkeep\n|turn|9\n|c|\u2606XpokVEVO|STOP\n|c|\u2606XpokVEVO|NO\n|c|\u2606XpokVEVO|NONONOO\n|c|\u2606XpokVEVO|WAITWAITWIA\n|\n|t:|1699117010\n|switch|p1a: Aunt Fanny|Magearna|100\/100\n|move|p2a: Hoopa|Hyperspace Fury|p1a: Aunt Fanny\n|-resisted|p1a: Aunt Fanny\n|-crit|p1a: Aunt Fanny\n|-damage|p1a: Aunt Fanny|52\/100\n|-unboost|p2a: Hoopa|def|1\n|\n|upkeep\n|turn|10\n|c|\u2606Kinesquared|B)\n|c|\u2606XpokVEVO|the king of hax\n|\n|t:|1699117025\n|switch|p2a: Dialga|Dialga|100\/100\n|-ability|p2a: Dialga|Pressure\n|move|p1a: Aunt Fanny|Shift Gear|p1a: Aunt Fanny\n|-boost|p1a: Aunt Fanny|spe|2\n|-boost|p1a: Aunt Fanny|atk|1\n|\n|-fieldend|move: Trick Room\n|upkeep\n|turn|11\n|\n|t:|1699117033\n|move|p1a: Aunt Fanny|Thunder Wave|p2a: Dialga\n|-status|p2a: Dialga|par\n|move|p2a: Dialga|Earth Power|p1a: Aunt Fanny\n|-supereffective|p1a: Aunt Fanny\n|-damage|p1a: Aunt Fanny|0 fnt\n|faint|p1a: Aunt Fanny\n|\n|upkeep\n|\n|t:|1699117047\n|switch|p1a: Ar\u0441eus-Fighting|Arceus-Fire, shiny, tera:Fairy|21\/100\n|turn|12\n|\n|t:|1699117052\n|move|p1a: Ar\u0441eus-Fighting|Flare Blitz|p2a: Dialga\n|-damage|p2a: Dialga|49\/100 par\n|-damage|p1a: Ar\u0441eus-Fighting|6\/100|[from] Recoil\n|cant|p2a: Dialga|par\n|\n|upkeep\n|turn|13\n|\n|t:|1699117060\n|move|p1a: Ar\u0441eus-Fighting|Flare Blitz|p2a: Dialga\n|-damage|p2a: Dialga|0 fnt\n|faint|p2a: Dialga\n|-damage|p1a: Ar\u0441eus-Fighting|0 fnt|[from] Recoil\n|faint|p1a: Ar\u0441eus-Fighting\n|\n|upkeep\n|\n|t:|1699117066\n|switch|p1a: Akira|Cyclizar, F|37\/100\n|switch|p2a: Magearna|Magearna|100\/100\n|turn|14\n|\n|t:|1699117074\n|move|p1a: Akira|Taunt|p2a: Magearna\n|-start|p2a: Magearna|move: Taunt\n|move|p2a: Magearna|Fleur Cannon|p1a: Akira\n|-supereffective|p1a: Akira\n|-damage|p1a: Akira|0 fnt\n|-unboost|p2a: Magearna|spa|2\n|faint|p1a: Akira\n|-ability|p2a: Magearna|Soul-Heart|boost\n|-boost|p2a: Magearna|spa|1\n|\n|upkeep\n|\n|t:|1699117078\n|switch|p1a: Emu War|Espathra, F|100\/100\n|turn|15\n|\n|t:|1699117086\n|move|p1a: Emu War|Calm Mind|p1a: Emu War\n|-boost|p1a: Emu War|spa|1\n|-boost|p1a: Emu War|spd|1\n|move|p2a: Magearna|Volt Switch|p1a: Emu War\n|-damage|p1a: Emu War|87\/100\n|\n|t:|1699117092\n|switch|p2a: Hoopa|Hoopa-Unbound|100\/100|[from] Volt Switch\n|\n|-ability|p1a: Emu War|Speed Boost|boost\n|-boost|p1a: Emu War|spe|1\n|upkeep\n|turn|16\n|\n|t:|1699117102\n|move|p1a: Emu War|Dazzling Gleam|p2a: Hoopa\n|-supereffective|p2a: Hoopa\n|-damage|p2a: Hoopa|63\/100\n|move|p2a: Hoopa|Hyperspace Fury|p1a: Emu War\n|-supereffective|p1a: Emu War\n|-damage|p1a: Emu War|0 fnt\n|-unboost|p2a: Hoopa|def|1\n|faint|p1a: Emu War\n|\n|upkeep\n|\n|t:|1699117113\n|switch|p1a: Roaring Peak|Roaring Moon|100\/100\n|-enditem|p1a: Roaring Peak|Booster Energy\n|-activate|p1a: Roaring Peak|ability: Protosynthesis|[fromitem]\n|-start|p1a: Roaring Peak|protosynthesisspe\n|turn|17\n|\n|t:|1699117119\n|move|p1a: Roaring Peak|Dragon Dance|p1a: Roaring Peak\n|-boost|p1a: Roaring Peak|atk|1\n|-boost|p1a: Roaring Peak|spe|1\n|move|p2a: Hoopa|Drain Punch|p1a: Roaring Peak\n|-supereffective|p1a: Roaring Peak\n|-damage|p1a: Roaring Peak|21\/100\n|-heal|p2a: Hoopa|100\/100|[from] drain|[of] p1a: Roaring Peak\n|\n|upkeep\n|turn|18\n|c|\u2606XpokVEVO|Bruh\n|c|\u2606XpokVEVO|really?\n|c|\u2606Kinesquared|?\n|c|\u2606Kinesquared|common ifghting coverage\n|inactive|Kinesquared has 270 seconds left.\n|c|\u2606Kinesquared|i should start running focus punch instead lol\n|\n|t:|1699117179\n|-end|p1a: Roaring Peak|Protosynthesis|[silent]\n|switch|p1a: Princess|Zacian, shiny|100\/100\n|-ability|p1a: Princess|Intrepid Sword|boost\n|-boost|p1a: Princess|atk|1\n|move|p2a: Hoopa|Hyperspace Fury|p1a: Princess\n|-resisted|p1a: Princess\n|-damage|p1a: Princess|69\/100\n|-unboost|p2a: Hoopa|def|1\n|\n|upkeep\n|turn|19\n|\n|t:|1699117197\n|move|p1a: Princess|Swords Dance|p1a: Princess\n|-boost|p1a: Princess|atk|2\n|move|p2a: Hoopa|Gunk Shot|p1a: Princess|[miss]\n|-miss|p2a: Hoopa|p1a: Princess\n|\n|upkeep\n|turn|20\n|c|\u2606XpokVEVO|RRRAHH\n|c|\u2606Kinesquared|nooo\n|c|\u2606Kinesquared|darn\n|inactive|XpokVEVO has 270 seconds left.\n|\n|t:|1699117218\n|move|p1a: Princess|Crunch|p2a: Hoopa\n|-damage|p2a: Hoopa|0 fnt\n|faint|p2a: Hoopa\n|-damage|p1a: Princess|59\/100|[from] item: Life Orb\n|\n|upkeep\n|\n|t:|1699117229\n|switch|p2a: Magearna|Magearna|100\/100\n|turn|21\n|\n|t:|1699117237\n|move|p1a: Princess|Close Combat|p2a: Magearna\n|-damage|p2a: Magearna|22\/100\n|-unboost|p1a: Princess|def|1\n|-unboost|p1a: Princess|spd|1\n|-damage|p1a: Princess|49\/100|[from] item: Life Orb\n|move|p2a: Magearna|Trick Room|p2a: Magearna\n|-fieldstart|move: Trick Room|[of] p2a: Magearna\n|\n|-heal|p2a: Magearna|28\/100|[from] item: Leftovers\n|upkeep\n|turn|22\n|c|\u2606Kinesquared|gg\n|\n|t:|1699117246\n|switch|p1a: Roaring Peak|Roaring Moon|21\/100\n|move|p2a: Magearna|Fleur Cannon|p1a: Roaring Peak\n|-supereffective|p1a: Roaring Peak\n|-damage|p1a: Roaring Peak|0 fnt\n|-unboost|p2a: Magearna|spa|2\n|faint|p1a: Roaring Peak\n|-ability|p2a: Magearna|Soul-Heart|boost\n|-boost|p2a: Magearna|spa|1\n|-end|p1a: Roaring Peak|Protosynthesis|[silent]\n|\n|-heal|p2a: Magearna|34\/100|[from] item: Leftovers\n|upkeep\n|\n|t:|1699117249\n|switch|p1a: Princess|Zacian, shiny|49\/100\n|turn|23\n|inactive|Kinesquared has 270 seconds left.\n|\n|t:|1699117261\n|move|p2a: Magearna|Fleur Cannon|p1a: Princess\n|-damage|p1a: Princess|19\/100\n|-unboost|p2a: Magearna|spa|2\n|move|p1a: Princess|Close Combat|p2a: Magearna\n|-damage|p2a: Magearna|3\/100\n|-unboost|p1a: Princess|def|1\n|-unboost|p1a: Princess|spd|1\n|-damage|p1a: Princess|9\/100|[from] item: Life Orb\n|\n|-heal|p2a: Magearna|9\/100|[from] item: Leftovers\n|upkeep\n|turn|24\n|inactive|Kinesquared has 270 seconds left.\n|\n|t:|1699117273\n|move|p2a: Magearna|Fleur Cannon|p1a: Princess\n|-damage|p1a: Princess|0 fnt\n|-unboost|p2a: Magearna|spa|2\n|faint|p1a: Princess\n|\n|win|Kinesquared\n|l|\u2606XpokVEVO\n","uploadtime":1699117282,"views":26,"p1id":"xpokvevo","p2id":"kinesquared","formatid":"gen9ubers","rating":0,"private":0,"password":""}