{"id":"gen9ubers-1983632984","p1":"Nadoro_Aquaryx","p2":"yyeuo","format":"[Gen 9] Ubers","log":"|j|\u2606Nadoro_Aquaryx\n|j|\u2606yyeuo\n|t:|1699151832\n|gametype|singles\n|player|p1|Nadoro_Aquaryx|lucas|1044\n|player|p2|yyeuo|steven|1123\n|teamsize|p1|6\n|teamsize|p2|6\n|gen|9\n|tier|[Gen 9] Ubers\n|rated|\n|rule|Sleep Clause Mod: Limit one foe put to sleep\n|rule|Species Clause: Limit one of each Pok\u00e9mon\n|rule|OHKO Clause: OHKO moves are banned\n|rule|Evasion Items Clause: Evasion items are banned\n|rule|Evasion Moves Clause: Evasion moves are banned\n|rule|Endless Battle Clause: Forcing endless battles is banned\n|rule|HP Percentage Mod: HP is shown in percentages\n|clearpoke\n|poke|p1|Infernape, M|\n|poke|p1|Torkoal, F|\n|poke|p1|Lilligant, F|\n|poke|p1|Flutter Mane|\n|poke|p1|Gliscor, M|\n|poke|p1|Kingambit, M|\n|poke|p2|Houndstone, M|\n|poke|p2|Tyranitar, F|\n|poke|p2|Ribombee, M|\n|poke|p2|Palafin, M|\n|poke|p2|Flutter Mane|\n|poke|p2|Iron Treads|\n|teampreview\n|inactive|Battle timer is ON: inactive players will automatically lose when time's up. (requested by yyeuo)\n|\n|t:|1699151836\n|start\n|switch|p1a: Yamamoto|Torkoal, F|100\/100\n|switch|p2a: nick minute|Palafin, M, shiny|100\/100\n|-weather|SunnyDay|[from] ability: Drought|[of] p1a: Yamamoto\n|turn|1\n|\n|t:|1699151841\n|detailschange|p2a: nick minute|Palafin-Hero, M, shiny\n|switch|p2a: cozy mosquito|Ribombee, M, shiny|100\/100\n|switch|p1a: Kazamatsuri|Lilligant, F|100\/100\n|\n|-weather|SunnyDay|[upkeep]\n|upkeep\n|turn|2\n|\n|t:|1699151845\n|move|p1a: Kazamatsuri|Quiver Dance|p1a: Kazamatsuri\n|-boost|p1a: Kazamatsuri|spa|1\n|-boost|p1a: Kazamatsuri|spd|1\n|-boost|p1a: Kazamatsuri|spe|1\n|move|p2a: cozy mosquito|Light Screen|p2a: cozy mosquito\n|-sidestart|p2: yyeuo|move: Light Screen\n|\n|-weather|SunnyDay|[upkeep]\n|upkeep\n|turn|3\n|\n|t:|1699151849\n|-terastallize|p1a: Kazamatsuri|Fairy\n|move|p1a: Kazamatsuri|Quiver Dance|p1a: Kazamatsuri\n|-boost|p1a: Kazamatsuri|spa|1\n|-boost|p1a: Kazamatsuri|spd|1\n|-boost|p1a: Kazamatsuri|spe|1\n|move|p2a: cozy mosquito|Reflect|p2a: cozy mosquito\n|-sidestart|p2: yyeuo|Reflect\n|\n|-weather|SunnyDay|[upkeep]\n|upkeep\n|turn|4\n|\n|t:|1699151852\n|move|p1a: Kazamatsuri|Quiver Dance|p1a: Kazamatsuri\n|-boost|p1a: Kazamatsuri|spa|1\n|-boost|p1a: Kazamatsuri|spd|1\n|-boost|p1a: Kazamatsuri|spe|1\n|move|p2a: cozy mosquito|Sticky Web|p1a: Kazamatsuri\n|-sidestart|p1: Nadoro_Aquaryx|move: Sticky Web\n|\n|-weather|SunnyDay|[upkeep]\n|upkeep\n|turn|5\n|\n|t:|1699151856\n|move|p1a: Kazamatsuri|Quiver Dance|p1a: Kazamatsuri\n|-boost|p1a: Kazamatsuri|spa|1\n|-boost|p1a: Kazamatsuri|spd|1\n|-boost|p1a: Kazamatsuri|spe|1\n|move|p2a: cozy mosquito|U-turn|p1a: Kazamatsuri\n|-resisted|p1a: Kazamatsuri\n|-damage|p1a: Kazamatsuri|90\/100\n|\n|t:|1699151875\n|switch|p2a: nick minute|Palafin-Hero, M, shiny|100\/100|[from] U-turn\n|-activate|p2a: nick minute|ability: Zero to Hero\n|\n|-weather|SunnyDay|[upkeep]\n|-heal|p1a: Kazamatsuri|96\/100|[from] item: Leftovers\n|upkeep\n|turn|6\n|\n|t:|1699151879\n|move|p1a: Kazamatsuri|Solar Beam||[still]\n|-prepare|p1a: Kazamatsuri|Solar Beam\n|-anim|p1a: Kazamatsuri|Solar Beam|p2a: nick minute\n|-supereffective|p2a: nick minute\n|-damage|p2a: nick minute|0 fnt\n|faint|p2a: nick minute\n|\n|-weather|SunnyDay|[upkeep]\n|-heal|p1a: Kazamatsuri|100\/100|[from] item: Leftovers\n|upkeep\n|\n|t:|1699151888\n|switch|p2a: phantom|Flutter Mane, shiny|100\/100\n|-activate|p2a: phantom|ability: Protosynthesis\n|-start|p2a: phantom|protosynthesisspe\n|turn|7\n|\n|t:|1699151900\n|-terastallize|p2a: phantom|Fairy\n|move|p1a: Kazamatsuri|Solar Beam||[still]\n|-prepare|p1a: Kazamatsuri|Solar Beam\n|-anim|p1a: Kazamatsuri|Solar Beam|p2a: phantom\n|-damage|p2a: phantom|8\/100\n|move|p2a: phantom|Mystical Fire|p1a: Kazamatsuri\n|-damage|p1a: Kazamatsuri|69\/100\n|-unboost|p1a: Kazamatsuri|spa|1\n|\n|-weather|SunnyDay|[upkeep]\n|-heal|p1a: Kazamatsuri|75\/100|[from] item: Leftovers\n|upkeep\n|turn|8\n|\n|t:|1699151908\n|move|p1a: Kazamatsuri|Solar Beam||[still]\n|-prepare|p1a: Kazamatsuri|Solar Beam\n|-anim|p1a: Kazamatsuri|Solar Beam|p2a: phantom\n|-damage|p2a: phantom|0 fnt\n|faint|p2a: phantom\n|-end|p2a: phantom|Protosynthesis|[silent]\n|\n|-weather|none\n|-heal|p1a: Kazamatsuri|81\/100|[from] item: Leftovers\n|upkeep\n|\n|t:|1699151920\n|switch|p2a: Iron Treads|Iron Treads|100\/100\n|-enditem|p2a: Iron Treads|Booster Energy\n|-activate|p2a: Iron Treads|ability: Quark Drive|[fromitem]\n|-start|p2a: Iron Treads|quarkdriveatk\n|turn|9\n|\n|t:|1699151926\n|move|p1a: Kazamatsuri|Sleep Powder|p2a: Iron Treads\n|-status|p2a: Iron Treads|slp|[from] move: Sleep Powder\n|cant|p2a: Iron Treads|slp\n|\n|-heal|p1a: Kazamatsuri|87\/100|[from] item: Leftovers\n|-sideend|p2: yyeuo|move: Light Screen\n|upkeep\n|turn|10\n|\n|t:|1699151931\n|-end|p2a: Iron Treads|Quark Drive|[silent]\n|switch|p2a: actual dino nug|Tyranitar, F, shiny|100\/100\n|-weather|Sandstorm|[from] ability: Sand Stream|[of] p2a: actual dino nug\n|move|p1a: Kazamatsuri|Solar Beam||[still]\n|-prepare|p1a: Kazamatsuri|Solar Beam\n|\n|-weather|Sandstorm|[upkeep]\n|-damage|p1a: Kazamatsuri|81\/100|[from] Sandstorm\n|-heal|p1a: Kazamatsuri|87\/100|[from] item: Leftovers\n|-sideend|p2: yyeuo|Reflect\n|upkeep\n|turn|11\n|\n|t:|1699151934\n|switch|p2a: Iron Treads|Iron Treads|100\/100 slp\n|move|p1a: Kazamatsuri|Solar Beam|p2a: Iron Treads|[from]lockedmove\n|-damage|p2a: Iron Treads|0 fnt\n|faint|p2a: Iron Treads\n|-end|p2a: Iron Treads|Quark Drive|[silent]\n|\n|-weather|Sandstorm|[upkeep]\n|-damage|p1a: Kazamatsuri|81\/100|[from] Sandstorm\n|-heal|p1a: Kazamatsuri|87\/100|[from] item: Leftovers\n|upkeep\n|\n|t:|1699151938\n|switch|p2a: cozy mosquito|Ribombee, M, shiny|100\/100\n|turn|12\n|\n|t:|1699151941\n|move|p1a: Kazamatsuri|Tera Blast|p2a: cozy mosquito|[anim] Tera Blast Fairy\n|-damage|p2a: cozy mosquito|0 fnt\n|faint|p2a: cozy mosquito\n|\n|-weather|Sandstorm|[upkeep]\n|-damage|p1a: Kazamatsuri|81\/100|[from] Sandstorm\n|-heal|p1a: Kazamatsuri|87\/100|[from] item: Leftovers\n|upkeep\n|\n|t:|1699151949\n|switch|p2a: all my fellas|Houndstone, M, shiny|100\/100\n|turn|13\n|\n|t:|1699151953\n|move|p1a: Kazamatsuri|Tera Blast|p2a: all my fellas|[anim] Tera Blast Fairy\n|-damage|p2a: all my fellas|0 fnt\n|faint|p2a: all my fellas\n|\n|-weather|Sandstorm|[upkeep]\n|-damage|p1a: Kazamatsuri|81\/100|[from] Sandstorm\n|-heal|p1a: Kazamatsuri|87\/100|[from] item: Leftovers\n|upkeep\n|\n|t:|1699151955\n|switch|p2a: actual dino nug|Tyranitar, F, shiny|100\/100\n|turn|14\n|\n|t:|1699151957\n|move|p1a: Kazamatsuri|Tera Blast|p2a: actual dino nug|[anim] Tera Blast Fairy\n|-supereffective|p2a: actual dino nug\n|-damage|p2a: actual dino nug|0 fnt\n|faint|p2a: actual dino nug\n|\n|win|Nadoro_Aquaryx\n|raw|Nadoro_Aquaryx's rating: 1044 &rarr; <strong>1085<\/strong><br \/>(+41 for winning)\n|raw|yyeuo's rating: 1123 &rarr; <strong>1092<\/strong><br \/>(-31 for losing)\n|l|\u2606yyeuo\n|c|\u2606Nadoro_Aquaryx|gg\n","uploadtime":1699152131,"views":12,"p1id":"nadoroaquaryx","p2id":"yyeuo","formatid":"gen9ubers","rating":1085,"private":0,"password":""}