{"id":"gen9ubers-1990785584","p1":"Sinnerofgod","p2":"Thiago artista","format":"[Gen 9] Ubers","log":"|j|\u2606Sinnerofgod\n|j|\u2606Thiago artista\n|t:|1700000645\n|gametype|singles\n|player|p1|Sinnerofgod|richboy-gen4|1246\n|player|p2|Thiago artista|gambler|1195\n|teamsize|p1|5\n|teamsize|p2|6\n|gen|9\n|tier|[Gen 9] Ubers\n|rated|\n|rule|Sleep Clause Mod: Limit one foe put to sleep\n|rule|Species Clause: Limit one of each Pok\u00e9mon\n|rule|OHKO Clause: OHKO moves are banned\n|rule|Evasion Items Clause: Evasion items are banned\n|rule|Evasion Moves Clause: Evasion moves are banned\n|rule|Endless Battle Clause: Forcing endless battles is banned\n|rule|HP Percentage Mod: HP is shown in percentages\n|clearpoke\n|poke|p1|Kingambit, M|\n|poke|p1|Scream Tail|\n|poke|p1|Dragapult, M|\n|poke|p1|Coalossal, F|\n|poke|p1|Clodsire, M|\n|poke|p2|Noivern, F|\n|poke|p2|Haxorus, M|\n|poke|p2|Baxcalibur, F|\n|poke|p2|Miraidon|\n|poke|p2|Goodra-Hisui, M|\n|poke|p2|Altaria, F|\n|teampreview\n|\n|t:|1700000651\n|start\n|switch|p1a: The Clodsire|Clodsire, M, shiny|100\/100\n|switch|p2a: Baxcalibur|Baxcalibur, F|100\/100\n|turn|1\n|\n|t:|1700000661\n|move|p2a: Baxcalibur|Dragon Dance|p2a: Baxcalibur\n|-boost|p2a: Baxcalibur|atk|1\n|-boost|p2a: Baxcalibur|spe|1\n|move|p1a: The Clodsire|Curse|p1a: The Clodsire\n|-unboost|p1a: The Clodsire|spe|1\n|-boost|p1a: The Clodsire|atk|1\n|-boost|p1a: The Clodsire|def|1\n|\n|upkeep\n|turn|2\n|\n|t:|1700000670\n|-terastallize|p1a: The Clodsire|Poison\n|move|p2a: Baxcalibur|Icicle Crash|p1a: The Clodsire\n|-damage|p1a: The Clodsire|63\/100\n|move|p1a: The Clodsire|Curse|p1a: The Clodsire\n|-unboost|p1a: The Clodsire|spe|1\n|-boost|p1a: The Clodsire|atk|1\n|-boost|p1a: The Clodsire|def|1\n|\n|-heal|p1a: The Clodsire|69\/100|[from] item: Black Sludge\n|upkeep\n|turn|3\n|\n|t:|1700000682\n|move|p2a: Baxcalibur|Earthquake|p1a: The Clodsire\n|-supereffective|p1a: The Clodsire\n|-damage|p1a: The Clodsire|23\/100\n|move|p1a: The Clodsire|Recover|p1a: The Clodsire\n|-heal|p1a: The Clodsire|73\/100\n|\n|-heal|p1a: The Clodsire|79\/100|[from] item: Black Sludge\n|upkeep\n|turn|4\n|\n|t:|1700000691\n|move|p2a: Baxcalibur|Dragon Dance|p2a: Baxcalibur\n|-boost|p2a: Baxcalibur|atk|1\n|-boost|p2a: Baxcalibur|spe|1\n|move|p1a: The Clodsire|Recover|p1a: The Clodsire\n|-heal|p1a: The Clodsire|100\/100\n|\n|upkeep\n|turn|5\n|\n|t:|1700000698\n|move|p2a: Baxcalibur|Earthquake|p1a: The Clodsire\n|-supereffective|p1a: The Clodsire\n|-damage|p1a: The Clodsire|61\/100\n|move|p1a: The Clodsire|Curse|p1a: The Clodsire\n|-unboost|p1a: The Clodsire|spe|1\n|-boost|p1a: The Clodsire|atk|1\n|-boost|p1a: The Clodsire|def|1\n|\n|-heal|p1a: The Clodsire|67\/100|[from] item: Black Sludge\n|upkeep\n|turn|6\n|\n|t:|1700000710\n|move|p2a: Baxcalibur|Glaive Rush|p1a: The Clodsire\n|-crit|p1a: The Clodsire\n|-damage|p1a: The Clodsire|0 fnt\n|-singlemove|p2a: Baxcalibur|Glaive Rush|[silent]\n|faint|p1a: The Clodsire\n|\n|upkeep\n|\n|t:|1700000718\n|switch|p1a: The Coalassal|Coalossal, F|100\/100\n|turn|7\n|\n|t:|1700000721\n|move|p2a: Baxcalibur|Earthquake|p1a: The Coalassal\n|-supereffective|p1a: The Coalassal\n|-damage|p1a: The Coalassal|0 fnt\n|faint|p1a: The Coalassal\n|\n|upkeep\n|\n|t:|1700000729\n|switch|p1a: The Scream Tail|Scream Tail, shiny|100\/100\n|turn|8\n|\n|t:|1700000734\n|move|p2a: Baxcalibur|Icicle Crash|p1a: The Scream Tail|[miss]\n|-miss|p2a: Baxcalibur|p1a: The Scream Tail\n|move|p1a: The Scream Tail|Dazzling Gleam|p2a: Baxcalibur\n|-supereffective|p2a: Baxcalibur\n|-damage|p2a: Baxcalibur|63\/100\n|\n|upkeep\n|turn|9\n|\n|t:|1700000741\n|move|p2a: Baxcalibur|Earthquake|p1a: The Scream Tail\n|-damage|p1a: The Scream Tail|38\/100\n|move|p1a: The Scream Tail|Dazzling Gleam|p2a: Baxcalibur\n|-supereffective|p2a: Baxcalibur\n|-crit|p2a: Baxcalibur\n|-damage|p2a: Baxcalibur|5\/100\n|\n|-heal|p1a: The Scream Tail|44\/100|[from] item: Leftovers\n|upkeep\n|turn|10\n|\n|t:|1700000751\n|move|p2a: Baxcalibur|Earthquake|p1a: The Scream Tail\n|-damage|p1a: The Scream Tail|0 fnt\n|faint|p1a: The Scream Tail\n|-end|p1a: The Scream Tail|Protosynthesis|[silent]\n|\n|upkeep\n|\n|t:|1700000755\n|switch|p1a: The Dragapult|Dragapult, M, shiny|100\/100\n|turn|11\n|\n|t:|1700000759\n|move|p2a: Baxcalibur|Glaive Rush|p1a: The Dragapult\n|-supereffective|p1a: The Dragapult\n|-damage|p1a: The Dragapult|0 fnt\n|-singlemove|p2a: Baxcalibur|Glaive Rush|[silent]\n|faint|p1a: The Dragapult\n|\n|upkeep\n|\n|t:|1700000762\n|switch|p1a: The Kingambit|Kingambit, M, shiny|100\/100\n|-activate|p1a: The Kingambit|ability: Supreme Overlord\n|-start|p1a: The Kingambit|fallen4|[silent]\n|turn|12\n|\n|t:|1700000770\n|move|p2a: Baxcalibur|Glaive Rush|p1a: The Kingambit\n|-resisted|p1a: The Kingambit\n|-damage|p1a: The Kingambit|40\/100\n|-singlemove|p2a: Baxcalibur|Glaive Rush|[silent]\n|move|p1a: The Kingambit|Swords Dance|p1a: The Kingambit\n|-boost|p1a: The Kingambit|atk|2\n|\n|upkeep\n|turn|13\n|\n|t:|1700000778\n|move|p1a: The Kingambit|Sucker Punch|p2a: Baxcalibur\n|-damage|p2a: Baxcalibur|0 fnt\n|faint|p2a: Baxcalibur\n|\n|upkeep\n|\n|t:|1700000783\n|switch|p2a: Altaria|Altaria, F|100\/100\n|turn|14\n|\n|t:|1700000792\n|move|p1a: The Kingambit|Sucker Punch|p2a: Altaria\n|-crit|p2a: Altaria\n|-damage|p2a: Altaria|0 fnt\n|faint|p2a: Altaria\n|\n|upkeep\n|\n|t:|1700000799\n|switch|p2a: Miraidon|Miraidon|100\/100\n|-fieldstart|move: Electric Terrain|[from] ability: Hadron Engine|[of] p2a: Miraidon\n|turn|15\n|\n|t:|1700000807\n|-terastallize|p2a: Miraidon|Electric\n|move|p1a: The Kingambit|Sucker Punch|p2a: Miraidon\n|-damage|p2a: Miraidon|0 fnt\n|faint|p2a: Miraidon\n|\n|upkeep\n|\n|t:|1700000814\n|switch|p2a: Goodra|Goodra-Hisui, M|100\/100\n|turn|16\n|\n|t:|1700000819\n|move|p1a: The Kingambit|Low Kick|p2a: Goodra\n|-supereffective|p2a: Goodra\n|-damage|p2a: Goodra|0 fnt\n|faint|p2a: Goodra\n|\n|upkeep\n|\n|t:|1700000825\n|switch|p2a: Noivern|Noivern, F|100\/100\n|turn|17\n|\n|t:|1700000829\n|move|p1a: The Kingambit|Sucker Punch|p2a: Noivern\n|-damage|p2a: Noivern|0 fnt\n|faint|p2a: Noivern\n|\n|upkeep\n|\n|t:|1700000834\n|switch|p2a: Haxorus|Haxorus, M|100\/100\n|turn|18\n|\n|t:|1700000837\n|move|p1a: The Kingambit|Sucker Punch|p2a: Haxorus\n|-damage|p2a: Haxorus|0 fnt\n|faint|p2a: Haxorus\n|\n|win|Sinnerofgod\n|raw|Sinnerofgod's rating: 1246 &rarr; <strong>1267<\/strong><br \/>(+21 for winning)\n|raw|Thiago artista's rating: 1195 &rarr; <strong>1174<\/strong><br \/>(-21 for losing)\n|c|\u2606Sinnerofgod|gg\n|l|\u2606Thiago artista\n","uploadtime":1700000850,"views":5,"p1id":"sinnerofgod","p2id":"thiagoartista","formatid":"gen9ubers","rating":1174,"private":0,"password":""}