{"id":"gen9ubers-1991024380","p1":"pikakip379","p2":"genxdestroyer","format":"[Gen 9] Ubers","log":"|j|\u2606pikakip379\n|j|\u2606genxdestroyer\n|t:|1700029946\n|gametype|singles\n|player|p1|pikakip379|ninjaboy-gen3|1052\n|player|p2|genxdestroyer|170|1000\n|teamsize|p1|6\n|teamsize|p2|6\n|gen|9\n|tier|[Gen 9] Ubers\n|rated|\n|rule|Sleep Clause Mod: Limit one foe put to sleep\n|rule|Species Clause: Limit one of each Pok\u00e9mon\n|rule|OHKO Clause: OHKO moves are banned\n|rule|Evasion Items Clause: Evasion items are banned\n|rule|Evasion Moves Clause: Evasion moves are banned\n|rule|Endless Battle Clause: Forcing endless battles is banned\n|rule|HP Percentage Mod: HP is shown in percentages\n|clearpoke\n|poke|p1|Koraidon|\n|poke|p1|Arceus|\n|poke|p1|Miraidon|\n|poke|p1|Groudon|\n|poke|p1|Skeledirge, M|\n|poke|p1|Corviknight, M|\n|poke|p2|Kommo-o, F|\n|poke|p2|Volcanion|\n|poke|p2|Breloom, M|\n|poke|p2|Pikachu, F|\n|poke|p2|Ogerpon-Hearthflame, F|\n|poke|p2|Sinistcha|\n|teampreview\n|inactive|Battle timer is ON: inactive players will automatically lose when time's up. (requested by genxdestroyer)\n|c|\u2606pikakip379|lol pikachu\n|c|\u2606genxdestroyer|heheh\n|\n|t:|1700029966\n|start\n|switch|p1a: Mr. Electric|Miraidon|100\/100\n|switch|p2a: Pikachu|Pikachu, F|100\/100\n|-fieldstart|move: Electric Terrain|[from] ability: Hadron Engine|[of] p1a: Mr. Electric\n|turn|1\n|c|\u2606genxdestroyer|i am a newbie\n|\n|t:|1700029977\n|move|p1a: Mr. Electric|Draco Meteor|p2a: Pikachu\n|-damage|p2a: Pikachu|0 fnt\n|-unboost|p1a: Mr. Electric|spa|2\n|faint|p2a: Pikachu\n|\n|upkeep\n|c|\u2606pikakip379|ok tip then\n|\n|t:|1700029982\n|switch|p2a: Ogerpon|Ogerpon-Hearthflame, F|100\/100\n|-ability|p2a: Ogerpon|Mold Breaker\n|turn|2\n|c|\u2606pikakip379|use good mons\n|\n|t:|1700029992\n|switch|p1a: Cocodrilo|Skeledirge, M|100\/100\n|move|p2a: Ogerpon|Horn Leech|p1a: Cocodrilo\n|-resisted|p1a: Cocodrilo\n|-damage|p1a: Cocodrilo|88\/100\n|\n|upkeep\n|turn|3\n|\n|t:|1700030001\n|switch|p2a: Kommo-o|Kommo-o, F, shiny|100\/100\n|move|p1a: Cocodrilo|Torch Song|p2a: Kommo-o\n|-resisted|p2a: Kommo-o\n|-damage|p2a: Kommo-o|89\/100\n|-boost|p1a: Cocodrilo|spa|1\n|\n|upkeep\n|turn|4\n|\n|t:|1700030010\n|move|p2a: Kommo-o|Low Kick|p1a: Cocodrilo\n|-immune|p1a: Cocodrilo\n|move|p1a: Cocodrilo|Will-O-Wisp|p2a: Kommo-o\n|-status|p2a: Kommo-o|brn\n|\n|-damage|p2a: Kommo-o|83\/100 brn|[from] brn\n|upkeep\n|turn|5\n|c|\u2606pikakip379|lol\n|\n|t:|1700030020\n|move|p2a: Kommo-o|Clanging Scales|p1a: Cocodrilo\n|-damage|p1a: Cocodrilo|47\/100\n|-unboost|p2a: Kommo-o|def|1\n|move|p1a: Cocodrilo|Torch Song|p2a: Kommo-o\n|-resisted|p2a: Kommo-o\n|-damage|p2a: Kommo-o|67\/100 brn\n|-boost|p1a: Cocodrilo|spa|1\n|\n|-damage|p2a: Kommo-o|61\/100 brn|[from] brn\n|-fieldend|move: Electric Terrain\n|upkeep\n|turn|6\n|\n|t:|1700030033\n|move|p2a: Kommo-o|Clanging Scales|p1a: Cocodrilo\n|-damage|p1a: Cocodrilo|1\/100\n|-unboost|p2a: Kommo-o|def|1\n|move|p1a: Cocodrilo|Slack Off|p1a: Cocodrilo\n|-heal|p1a: Cocodrilo|51\/100\n|\n|-damage|p2a: Kommo-o|55\/100 brn|[from] brn\n|upkeep\n|turn|7\n|\n|t:|1700030042\n|switch|p1a: Meta Knight|Corviknight, M|100\/100\n|move|p2a: Kommo-o|Clanging Scales|p1a: Meta Knight\n|-resisted|p1a: Meta Knight\n|-damage|p1a: Meta Knight|87\/100\n|-unboost|p2a: Kommo-o|def|1\n|\n|-heal|p1a: Meta Knight|93\/100|[from] item: Leftovers\n|-damage|p2a: Kommo-o|49\/100 brn|[from] brn\n|upkeep\n|turn|8\n|\n|t:|1700030052\n|switch|p2a: Ogerpon|Ogerpon-Hearthflame, F|100\/100\n|-ability|p2a: Ogerpon|Mold Breaker\n|move|p1a: Meta Knight|U-turn|p2a: Ogerpon\n|-damage|p2a: Ogerpon|86\/100\n|\n|t:|1700030054\n|switch|p1a: Cocodrilo|Skeledirge, M|51\/100|[from] U-turn\n|\n|upkeep\n|turn|9\n|\n|t:|1700030065\n|move|p2a: Ogerpon|Spiky Shield|p2a: Ogerpon\n|-singleturn|p2a: Ogerpon|move: Protect\n|move|p1a: Cocodrilo|Slack Off|p1a: Cocodrilo\n|-heal|p1a: Cocodrilo|100\/100\n|\n|upkeep\n|turn|10\n|\n|t:|1700030071\n|move|p2a: Ogerpon|Spiky Shield||[still]\n|-fail|p2a: Ogerpon\n|move|p1a: Cocodrilo|Torch Song|p2a: Ogerpon\n|-damage|p2a: Ogerpon|52\/100\n|-boost|p1a: Cocodrilo|spa|1\n|\n|upkeep\n|turn|11\n|\n|t:|1700030078\n|move|p2a: Ogerpon|Stomping Tantrum|p1a: Cocodrilo\n|-supereffective|p1a: Cocodrilo\n|-damage|p1a: Cocodrilo|41\/100\n|move|p1a: Cocodrilo|Torch Song|p2a: Ogerpon\n|-damage|p2a: Ogerpon|6\/100\n|-boost|p1a: Cocodrilo|spa|1\n|\n|upkeep\n|turn|12\n|\n|t:|1700030089\n|switch|p1a: Megalovania|Koraidon|100\/100\n|-weather|SunnyDay|[from] ability: Orichalcum Pulse|[of] p1a: Megalovania\n|-activate|p1a: Megalovania|Orichalcum Pulse|[source]\n|move|p2a: Ogerpon|Stomping Tantrum|p1a: Megalovania\n|-damage|p1a: Megalovania|79\/100\n|\n|-weather|SunnyDay|[upkeep]\n|upkeep\n|turn|13\n|\n|t:|1700030097\n|switch|p2a: Sinistcha|Sinistcha|100\/100\n|move|p1a: Megalovania|Scale Shot|p2a: Sinistcha\n|-damage|p2a: Sinistcha|84\/100\n|-damage|p2a: Sinistcha|66\/100\n|-damage|p2a: Sinistcha|50\/100\n|-damage|p2a: Sinistcha|34\/100\n|-damage|p2a: Sinistcha|17\/100\n|-hitcount|p2a: Sinistcha|5\n|-unboost|p1a: Megalovania|def|1\n|-boost|p1a: Megalovania|spe|1\n|\n|-weather|SunnyDay|[upkeep]\n|upkeep\n|turn|14\n|\n|t:|1700030110\n|move|p1a: Megalovania|Scale Shot|p2a: Sinistcha\n|-damage|p2a: Sinistcha|0 fnt\n|faint|p2a: Sinistcha\n|-hitcount|p2: Sinistcha|1\n|-unboost|p1a: Megalovania|def|1\n|-boost|p1a: Megalovania|spe|1\n|\n|-weather|SunnyDay|[upkeep]\n|upkeep\n|\n|t:|1700030119\n|switch|p2a: Breloom|Breloom, M|100\/100\n|turn|15\n|\n|t:|1700030125\n|-terastallize|p1a: Megalovania|Ghost\n|move|p1a: Megalovania|Swords Dance|p1a: Megalovania\n|-boost|p1a: Megalovania|atk|2\n|move|p2a: Breloom|Spore|p1a: Megalovania\n|-status|p1a: Megalovania|slp|[from] move: Spore\n|\n|-weather|SunnyDay|[upkeep]\n|upkeep\n|turn|16\n|\n|t:|1700030138\n|switch|p1a: Cocodrilo|Skeledirge, M|41\/100\n|move|p2a: Breloom|Leech Seed|p1a: Cocodrilo\n|-start|p1a: Cocodrilo|move: Leech Seed\n|\n|-weather|none\n|-damage|p1a: Cocodrilo|28\/100|[from] Leech Seed|[of] p2a: Breloom\n|upkeep\n|turn|17\n|\n|t:|1700030145\n|switch|p2a: Kommo-o|Kommo-o, F, shiny|49\/100 brn\n|move|p1a: Cocodrilo|Slack Off|p1a: Cocodrilo\n|-heal|p1a: Cocodrilo|78\/100\n|\n|-damage|p1a: Cocodrilo|66\/100|[from] Leech Seed|[of] p2a: Kommo-o\n|-heal|p2a: Kommo-o|64\/100 brn|[silent]\n|-damage|p2a: Kommo-o|58\/100 brn|[from] brn\n|upkeep\n|turn|18\n|\n|t:|1700030158\n|switch|p1a: Meta Knight|Corviknight, M|93\/100\n|move|p2a: Kommo-o|Counter||[still]\n|-fail|p2a: Kommo-o\n|\n|-heal|p1a: Meta Knight|99\/100|[from] item: Leftovers\n|-damage|p2a: Kommo-o|52\/100 brn|[from] brn\n|upkeep\n|turn|19\n|\n|t:|1700030174\n|switch|p2a: Ogerpon|Ogerpon-Hearthflame, F|6\/100\n|-ability|p2a: Ogerpon|Mold Breaker\n|move|p1a: Meta Knight|U-turn|p2a: Ogerpon\n|-damage|p2a: Ogerpon|0 fnt\n|faint|p2a: Ogerpon\n|\n|t:|1700030180\n|switch|p1a: Mr. Electric|Miraidon|100\/100|[from] U-turn\n|-fieldstart|move: Electric Terrain|[from] ability: Hadron Engine|[of] p1a: Mr. Electric\n|\n|upkeep\n|\n|t:|1700030187\n|switch|p2a: Breloom|Breloom, M|100\/100\n|turn|20\n|\n|t:|1700030191\n|move|p1a: Mr. Electric|U-turn|p2a: Breloom\n|-damage|p2a: Breloom|83\/100\n|\n|t:|1700030193\n|switch|p1a: Cocodrilo|Skeledirge, M|66\/100|[from] U-turn\n|move|p2a: Breloom|Leech Seed|p1a: Cocodrilo\n|-start|p1a: Cocodrilo|move: Leech Seed\n|\n|-damage|p1a: Cocodrilo|54\/100|[from] Leech Seed|[of] p2a: Breloom\n|-heal|p2a: Breloom|100\/100|[silent]\n|upkeep\n|turn|21\n|\n|t:|1700030202\n|move|p2a: Breloom|Close Combat|p1a: Cocodrilo\n|-immune|p1a: Cocodrilo\n|move|p1a: Cocodrilo|Slack Off|p1a: Cocodrilo\n|-heal|p1a: Cocodrilo|100\/100\n|\n|-damage|p1a: Cocodrilo|88\/100|[from] Leech Seed|[of] p2a: Breloom\n|upkeep\n|turn|22\n|\n|t:|1700030211\n|switch|p2a: Kommo-o|Kommo-o, F, shiny|52\/100 brn\n|move|p1a: Cocodrilo|Will-O-Wisp|p2a: Kommo-o\n|-fail|p2a: Kommo-o|brn\n|\n|-damage|p1a: Cocodrilo|76\/100|[from] Leech Seed|[of] p2a: Kommo-o\n|-heal|p2a: Kommo-o|67\/100 brn|[silent]\n|-damage|p2a: Kommo-o|61\/100 brn|[from] brn\n|upkeep\n|turn|23\n|\n|t:|1700030224\n|switch|p1a: Meta Knight|Corviknight, M|99\/100\n|move|p2a: Kommo-o|Clanging Scales|p1a: Meta Knight\n|-resisted|p1a: Meta Knight\n|-damage|p1a: Meta Knight|85\/100\n|-unboost|p2a: Kommo-o|def|1\n|\n|-heal|p1a: Meta Knight|91\/100|[from] item: Leftovers\n|-damage|p2a: Kommo-o|55\/100 brn|[from] brn\n|-fieldend|move: Electric Terrain\n|upkeep\n|turn|24\n|\n|t:|1700030235\n|switch|p2a: Volcanion|Volcanion|100\/100\n|move|p1a: Meta Knight|U-turn|p2a: Volcanion\n|-resisted|p2a: Volcanion\n|-damage|p2a: Volcanion|95\/100\n|\n|t:|1700030242\n|switch|p1a: Mr. Electric|Miraidon|100\/100|[from] U-turn\n|-fieldstart|move: Electric Terrain|[from] ability: Hadron Engine|[of] p1a: Mr. Electric\n|\n|-heal|p2a: Volcanion|100\/100|[from] item: Leftovers\n|upkeep\n|turn|25\n|\n|t:|1700030259\n|move|p1a: Mr. Electric|Draco Meteor|p2a: Volcanion\n|-crit|p2a: Volcanion\n|-damage|p2a: Volcanion|0 fnt\n|-unboost|p1a: Mr. Electric|spa|2\n|faint|p2a: Volcanion\n|\n|upkeep\n|\n|t:|1700030266\n|switch|p2a: Breloom|Breloom, M|100\/100\n|turn|26\n|\n|t:|1700030270\n|switch|p1a: Cocodrilo|Skeledirge, M|76\/100\n|move|p2a: Breloom|Spore|p1a: Cocodrilo\n|-message|Sleep Clause Mod activated.\n|-hint|Sleep Clause Mod prevents players from putting more than one of their opponent's Pok\u00e9mon to sleep at a time\n|\n|upkeep\n|turn|27\n|c|\u2606pikakip379|lol\n|c|\u2606genxdestroyer|gg\n|\n|t:|1700030283\n|move|p2a: Breloom|Leech Seed|p1a: Cocodrilo\n|-start|p1a: Cocodrilo|move: Leech Seed\n|move|p1a: Cocodrilo|Hex|p2a: Breloom\n|-damage|p2a: Breloom|60\/100\n|\n|-damage|p1a: Cocodrilo|63\/100|[from] Leech Seed|[of] p2a: Breloom\n|-heal|p2a: Breloom|78\/100|[silent]\n|upkeep\n|turn|28\n|c|\u2606pikakip379|ggs\n|\n|t:|1700030292\n|move|p2a: Breloom|Close Combat|p1a: Cocodrilo\n|-immune|p1a: Cocodrilo\n|move|p1a: Cocodrilo|Torch Song|p2a: Breloom\n|-supereffective|p2a: Breloom\n|-crit|p2a: Breloom\n|-damage|p2a: Breloom|0 fnt\n|-boost|p1a: Cocodrilo|spa|1\n|faint|p2a: Breloom\n|\n|-fieldend|move: Electric Terrain\n|upkeep\n|\n|t:|1700030301\n|switch|p2a: Kommo-o|Kommo-o, F, shiny|55\/100 brn\n|turn|29\n|\n|t:|1700030310\n|switch|p1a: Meta Knight|Corviknight, M|91\/100\n|-terastallize|p2a: Kommo-o|Dragon\n|move|p2a: Kommo-o|Low Kick|p1a: Meta Knight\n|-damage|p1a: Meta Knight|76\/100\n|\n|-heal|p1a: Meta Knight|82\/100|[from] item: Leftovers\n|-damage|p2a: Kommo-o|49\/100 brn|[from] brn\n|upkeep\n|turn|30\n|\n|t:|1700030321\n|move|p1a: Meta Knight|Roost|p1a: Meta Knight\n|-heal|p1a: Meta Knight|100\/100\n|-singleturn|p1a: Meta Knight|move: Roost\n|move|p2a: Kommo-o|Counter||[still]\n|-fail|p2a: Kommo-o\n|\n|-damage|p2a: Kommo-o|43\/100 brn|[from] brn\n|upkeep\n|turn|31\n|\n|t:|1700030331\n|move|p2a: Kommo-o|Close Combat|p1a: Meta Knight\n|-damage|p1a: Meta Knight|76\/100\n|-unboost|p2a: Kommo-o|def|1\n|-unboost|p2a: Kommo-o|spd|1\n|move|p1a: Meta Knight|Defog|p2a: Kommo-o\n|-unboost|p2a: Kommo-o|evasion|1\n|\n|-heal|p1a: Meta Knight|82\/100|[from] item: Leftovers\n|-damage|p2a: Kommo-o|37\/100 brn|[from] brn\n|upkeep\n|turn|32\n|\n|t:|1700030344\n|move|p2a: Kommo-o|Clanging Scales|p1a: Meta Knight\n|-resisted|p1a: Meta Knight\n|-damage|p1a: Meta Knight|61\/100\n|-unboost|p2a: Kommo-o|def|1\n|move|p1a: Meta Knight|Defog|p2a: Kommo-o\n|-unboost|p2a: Kommo-o|evasion|1\n|\n|-heal|p1a: Meta Knight|67\/100|[from] item: Leftovers\n|-damage|p2a: Kommo-o|31\/100 brn|[from] brn\n|upkeep\n|turn|33\n|\n|t:|1700030349\n|move|p2a: Kommo-o|Clanging Scales|p1a: Meta Knight\n|-resisted|p1a: Meta Knight\n|-damage|p1a: Meta Knight|49\/100\n|-unboost|p2a: Kommo-o|def|1\n|move|p1a: Meta Knight|Defog|p2a: Kommo-o\n|-unboost|p2a: Kommo-o|evasion|1\n|\n|-heal|p1a: Meta Knight|55\/100|[from] item: Leftovers\n|-damage|p2a: Kommo-o|25\/100 brn|[from] brn\n|upkeep\n|turn|34\n|\n|t:|1700030359\n|move|p2a: Kommo-o|Clanging Scales|p1a: Meta Knight\n|-resisted|p1a: Meta Knight\n|-damage|p1a: Meta Knight|34\/100\n|-unboost|p2a: Kommo-o|def|1\n|move|p1a: Meta Knight|Roost|p1a: Meta Knight\n|-heal|p1a: Meta Knight|84\/100\n|-singleturn|p1a: Meta Knight|move: Roost\n|\n|-heal|p1a: Meta Knight|90\/100|[from] item: Leftovers\n|-damage|p2a: Kommo-o|19\/100 brn|[from] brn\n|upkeep\n|turn|35\n|c|\u2606genxdestroyer|fcuk u\n|c|\u2606pikakip379|uwu\n|-message|genxdestroyer forfeited.\n|\n|win|pikakip379\n|raw|pikakip379's rating: 1052 &rarr; <strong>1079<\/strong><br \/>(+27 for winning)\n|raw|genxdestroyer's rating: 1000 &rarr; <strong>1000<\/strong><br \/>(+0 for losing)\n|l|\u2606genxdestroyer\n|c|\u2606pikakip379|bro was at 1000 lmao\n","uploadtime":1700030374,"views":22,"p1id":"pikakip379","p2id":"genxdestroyer","formatid":"gen9ubers","rating":1000,"private":0,"password":""}