{"id":"gen9ubers-1984577069","p1":"OceanicGamer3","p2":"bennymbs","format":"[Gen 9] Ubers","log":"|j|\u2606OceanicGamer3\n|j|\u2606bennymbs\n|t:|1699281406\n|gametype|singles\n|player|p1|OceanicGamer3|bugcatcher-gen4dp|\n|player|p2|bennymbs|mina|\n|teamsize|p1|6\n|teamsize|p2|6\n|gen|9\n|tier|[Gen 9] Ubers\n|rule|Sleep Clause Mod: Limit one foe put to sleep\n|rule|Species Clause: Limit one of each Pok\u00e9mon\n|rule|OHKO Clause: OHKO moves are banned\n|rule|Evasion Items Clause: Evasion items are banned\n|rule|Evasion Moves Clause: Evasion moves are banned\n|rule|Endless Battle Clause: Forcing endless battles is banned\n|rule|HP Percentage Mod: HP is shown in percentages\n|clearpoke\n|poke|p1|Alomomola, F|\n|poke|p1|Landorus, M|\n|poke|p1|Dragapult, M|\n|poke|p1|Meowscarada, F|\n|poke|p1|Urshifu-*, M|\n|poke|p1|Baxcalibur, F|\n|poke|p2|Torkoal, M|\n|poke|p2|Walking Wake|\n|poke|p2|Chi-Yu|\n|poke|p2|Arceus-Grass|\n|poke|p2|Zacian-*|\n|poke|p2|Magearna-Original|\n|teampreview\n|inactive|Battle timer is ON: inactive players will automatically lose when time's up. (requested by bennymbs)\n|\n|t:|1699281438\n|start\n|switch|p1a: No recoil?|Landorus, M|100\/100\n|switch|p2a: \ud83e\udec0|Torkoal, M|100\/100\n|-weather|SunnyDay|[from] ability: Drought|[of] p2a: \ud83e\udec0\n|turn|1\n|c|\u2606OceanicGamer3|Glhf\n|\n|t:|1699281448\n|switch|p2a: The Green Stuff|Arceus-Grass|100\/100\n|move|p1a: No recoil?|Sludge Bomb|p2a: The Green Stuff\n|-supereffective|p2a: The Green Stuff\n|-damage|p2a: The Green Stuff|40\/100\n|\n|-weather|SunnyDay|[upkeep]\n|upkeep\n|turn|2\n|\n|t:|1699281460\n|move|p2a: The Green Stuff|Recover|p2a: The Green Stuff\n|-heal|p2a: The Green Stuff|90\/100\n|move|p1a: No recoil?|Sludge Bomb|p2a: The Green Stuff\n|-supereffective|p2a: The Green Stuff\n|-damage|p2a: The Green Stuff|26\/100\n|\n|-weather|SunnyDay|[upkeep]\n|upkeep\n|turn|3\n|\n|t:|1699281464\n|switch|p2a: Yours Truly|Magearna-Original|100\/100\n|move|p1a: No recoil?|Sludge Bomb|p2a: Yours Truly\n|-immune|p2a: Yours Truly\n|\n|-weather|SunnyDay|[upkeep]\n|upkeep\n|turn|4\n|\n|t:|1699281473\n|move|p1a: No recoil?|Sludge Bomb|p2a: Yours Truly\n|-immune|p2a: Yours Truly\n|move|p2a: Yours Truly|Fleur Cannon|p1a: No recoil?\n|-crit|p1a: No recoil?\n|-damage|p1a: No recoil?|0 fnt\n|-unboost|p2a: Yours Truly|spa|2\n|faint|p1a: No recoil?\n|-ability|p2a: Yours Truly|Soul-Heart|boost\n|-boost|p2a: Yours Truly|spa|1\n|\n|-weather|SunnyDay|[upkeep]\n|upkeep\n|inactive|OceanicGamer3 has 270 seconds left.\n|\n|t:|1699281509\n|switch|p1a: Magic|Meowscarada, F|100\/100\n|turn|5\n|\n|t:|1699281515\n|move|p1a: Magic|Toxic Spikes|p2a: Yours Truly\n|-start|p1a: Magic|typechange|Poison|[from] ability: Protean\n|-sidestart|p2: bennymbs|move: Toxic Spikes\n|move|p2a: Yours Truly|Spikes|p1a: Magic\n|-sidestart|p1: OceanicGamer3|Spikes\n|\n|-weather|SunnyDay|[upkeep]\n|upkeep\n|turn|6\n|\n|t:|1699281528\n|move|p1a: Magic|Toxic Spikes|p2a: Yours Truly\n|-sidestart|p2: bennymbs|move: Toxic Spikes\n|move|p2a: Yours Truly|Thunder Wave|p1a: Magic|[miss]\n|-miss|p2a: Yours Truly|p1a: Magic\n|\n|-weather|SunnyDay|[upkeep]\n|upkeep\n|turn|7\n|\n|t:|1699281541\n|move|p1a: Magic|Knock Off|p2a: Yours Truly\n|-resisted|p2a: Yours Truly\n|-damage|p2a: Yours Truly|88\/100\n|-enditem|p2a: Yours Truly|Leftovers|[from] move: Knock Off|[of] p1a: Magic\n|move|p2a: Yours Truly|Thunder Wave|p1a: Magic\n|-status|p1a: Magic|par\n|\n|-weather|SunnyDay|[upkeep]\n|upkeep\n|turn|8\n|\n|t:|1699281550\n|move|p1a: Magic|U-turn|p2a: Yours Truly\n|-resisted|p2a: Yours Truly\n|-damage|p2a: Yours Truly|83\/100\n|\n|t:|1699281554\n|switch|p1a: Wish Fish Dish|Alomomola, F, shiny|100\/100|[from] U-turn\n|move|p2a: Yours Truly|Volt Switch|p1a: Wish Fish Dish\n|-supereffective|p1a: Wish Fish Dish\n|-damage|p1a: Wish Fish Dish|69\/100\n|\n|t:|1699281559\n|switch|p2a: The Green Stuff|Arceus-Grass|26\/100|[from] Volt Switch\n|-status|p2a: The Green Stuff|tox\n|\n|-weather|none\n|-damage|p2a: The Green Stuff|20\/100 tox|[from] psn\n|upkeep\n|turn|9\n|\n|t:|1699281574\n|-terastallize|p2a: The Green Stuff|Poison\n|move|p2a: The Green Stuff|Judgment|p1a: Wish Fish Dish\n|-supereffective|p1a: Wish Fish Dish\n|-damage|p1a: Wish Fish Dish|0 fnt\n|faint|p1a: Wish Fish Dish\n|\n|-damage|p2a: The Green Stuff|8\/100 tox|[from] psn\n|upkeep\n|\n|t:|1699281581\n|switch|p1a: Specs Monster|Dragapult, M, shiny|100\/100\n|-damage|p1a: Specs Monster|88\/100|[from] Spikes\n|turn|10\n|\n|t:|1699281589\n|switch|p2a: Yours Truly|Magearna-Original|83\/100\n|move|p1a: Specs Monster|Dragon Darts|p2a: Yours Truly\n|-immune|p2a: Yours Truly\n|\n|upkeep\n|turn|11\n|\n|t:|1699281603\n|switch|p1a: Magic|Meowscarada, F|100\/100 par\n|-damage|p1a: Magic|88\/100 par|[from] Spikes\n|switch|p2a: The Green Stuff|Arceus-Grass, tera:Poison|8\/100 tox\n|-sideend|p2: bennymbs|move: Toxic Spikes|[of] p2a: The Green Stuff\n|\n|-damage|p2a: The Green Stuff|2\/100 tox|[from] psn\n|upkeep\n|turn|12\n|\n|t:|1699281620\n|move|p2a: The Green Stuff|Taunt|p1a: Magic\n|-start|p1a: Magic|move: Taunt\n|cant|p1a: Magic|par\n|\n|-damage|p2a: The Green Stuff|0 fnt|[from] psn\n|faint|p2a: The Green Stuff\n|upkeep\n|\n|t:|1699281629\n|switch|p2a: Hydrogen Baby|Chi-Yu|100\/100\n|-ability|p2a: Hydrogen Baby|Beads of Ruin\n|turn|13\n|\n|t:|1699281647\n|move|p2a: Hydrogen Baby|Flamethrower|p1a: Magic\n|-supereffective|p1a: Magic\n|-damage|p1a: Magic|0 fnt\n|faint|p1a: Magic\n|\n|upkeep\n|inactive|OceanicGamer3 has 270 seconds left.\n|\n|t:|1699281672\n|switch|p1a: It's baxover|Baxcalibur, F|100\/100\n|-damage|p1a: It's baxover|88\/100|[from] Spikes\n|turn|14\n|inactive|OceanicGamer3 has 270 seconds left.\n|\n|t:|1699281699\n|switch|p1a: Critical|Urshifu, M|100\/100\n|-damage|p1a: Critical|88\/100|[from] Spikes\n|move|p2a: Hydrogen Baby|Flamethrower|p1a: Critical\n|-damage|p1a: Critical|0 fnt\n|faint|p1a: Critical\n|\n|upkeep\n|\n|t:|1699281707\n|switch|p1a: Specs Monster|Dragapult, M, shiny|88\/100\n|-damage|p1a: Specs Monster|76\/100|[from] Spikes\n|turn|15\n|\n|t:|1699281711\n|switch|p2a: \ud83e\udec0|Torkoal, M|100\/100\n|-weather|SunnyDay|[from] ability: Drought|[of] p2a: \ud83e\udec0\n|move|p1a: Specs Monster|Dragon Dance|p1a: Specs Monster\n|-boost|p1a: Specs Monster|atk|1\n|-boost|p1a: Specs Monster|spe|1\n|\n|-weather|SunnyDay|[upkeep]\n|upkeep\n|turn|16\n|\n|t:|1699281722\n|move|p1a: Specs Monster|Phantom Force||[still]\n|-prepare|p1a: Specs Monster|Phantom Force\n|move|p2a: \ud83e\udec0|Will-O-Wisp|p1a: Specs Monster|[miss]\n|-miss|p2a: \ud83e\udec0|p1a: Specs Monster\n|\n|-weather|SunnyDay|[upkeep]\n|upkeep\n|turn|17\n|\n|t:|1699281726\n|move|p1a: Specs Monster|Phantom Force|p2a: \ud83e\udec0|[from]lockedmove\n|-damage|p2a: \ud83e\udec0|50\/100\n|-damage|p1a: Specs Monster|66\/100|[from] item: Life Orb\n|move|p2a: \ud83e\udec0|Will-O-Wisp|p1a: Specs Monster\n|-status|p1a: Specs Monster|brn\n|\n|-weather|SunnyDay|[upkeep]\n|-damage|p1a: Specs Monster|60\/100 brn|[from] brn\n|upkeep\n|turn|18\n|\n|t:|1699281745\n|move|p1a: Specs Monster|Dragon Dance|p1a: Specs Monster\n|-boost|p1a: Specs Monster|atk|1\n|-boost|p1a: Specs Monster|spe|1\n|move|p2a: \ud83e\udec0|Lava Plume|p1a: Specs Monster\n|-resisted|p1a: Specs Monster\n|-damage|p1a: Specs Monster|38\/100 brn\n|\n|-weather|SunnyDay|[upkeep]\n|-damage|p1a: Specs Monster|32\/100 brn|[from] brn\n|upkeep\n|turn|19\n|\n|t:|1699281772\n|switch|p2a: Yours Truly|Magearna-Original|83\/100\n|move|p1a: Specs Monster|Dragon Darts|p2a: Yours Truly\n|-immune|p2a: Yours Truly\n|\n|-weather|SunnyDay|[upkeep]\n|-damage|p1a: Specs Monster|26\/100 brn|[from] brn\n|upkeep\n|turn|20\n|\n|t:|1699281783\n|move|p1a: Specs Monster|Phantom Force||[still]\n|-prepare|p1a: Specs Monster|Phantom Force\n|move|p2a: Yours Truly|Volt Switch|p1a: Specs Monster|[miss]\n|-miss|p2a: Yours Truly|p1a: Specs Monster\n|\n|-weather|SunnyDay|[upkeep]\n|-damage|p1a: Specs Monster|20\/100 brn|[from] brn\n|upkeep\n|turn|21\n|\n|t:|1699281789\n|move|p1a: Specs Monster|Phantom Force|p2a: Yours Truly|[from]lockedmove\n|-damage|p2a: Yours Truly|35\/100\n|-damage|p1a: Specs Monster|10\/100 brn|[from] item: Life Orb\n|move|p2a: Yours Truly|Volt Switch|p1a: Specs Monster\n|-resisted|p1a: Specs Monster\n|-damage|p1a: Specs Monster|0 fnt\n|faint|p1a: Specs Monster\n|-ability|p2a: Yours Truly|Soul-Heart|boost\n|-boost|p2a: Yours Truly|spa|1\n|\n|t:|1699281795\n|switch|p2a: Hydrogen Baby|Chi-Yu|100\/100|[from] Volt Switch\n|-ability|p2a: Hydrogen Baby|Beads of Ruin\n|\n|-weather|SunnyDay|[upkeep]\n|upkeep\n|\n|t:|1699281796\n|switch|p1a: It's baxover|Baxcalibur, F|88\/100\n|-damage|p1a: It's baxover|76\/100|[from] Spikes\n|turn|22\n|\n|t:|1699281803\n|-terastallize|p1a: It's baxover|Fairy\n|move|p2a: Hydrogen Baby|Overheat|p1a: It's baxover\n|-damage|p1a: It's baxover|0 fnt\n|-unboost|p2a: Hydrogen Baby|spa|2\n|faint|p1a: It's baxover\n|\n|win|bennymbs\n|c|\u2606bennymbs|Ggs\n|l|\u2606OceanicGamer3\n|c|\u2606bennymbs|It truly was Baxover\n","uploadtime":1699281819,"views":11,"p1id":"oceanicgamer3","p2id":"bennymbs","formatid":"gen9ubers","rating":0,"private":0,"password":""}