{"id":"gen9ubers-1983431335","p1":"Gaara1","p2":"LITLE0","format":"[Gen 9] Ubers","log":"|j|\u2606Gaara1\n|j|\u2606LITLE0\n|t:|1699129435\n|gametype|singles\n|player|p1|Gaara1|ghetsis-gen5bw|1186\n|player|p2|LITLE0|brock|1274\n|teamsize|p1|6\n|teamsize|p2|6\n|gen|9\n|tier|[Gen 9] Ubers\n|rated|\n|rule|Sleep Clause Mod: Limit one foe put to sleep\n|rule|Species Clause: Limit one of each Pok\u00e9mon\n|rule|OHKO Clause: OHKO moves are banned\n|rule|Evasion Items Clause: Evasion items are banned\n|rule|Evasion Moves Clause: Evasion moves are banned\n|rule|Endless Battle Clause: Forcing endless battles is banned\n|rule|HP Percentage Mod: HP is shown in percentages\n|clearpoke\n|poke|p1|Glimmora, M|\n|poke|p1|Koraidon|\n|poke|p1|Zacian-*|\n|poke|p1|Garchomp, M|\n|poke|p1|Pelipper, M|\n|poke|p1|Basculegion, M|\n|poke|p2|Blissey, F|\n|poke|p2|Dondozo, M|\n|poke|p2|Flutter Mane|\n|poke|p2|Koraidon|\n|poke|p2|Torkoal, M|\n|poke|p2|Kingambit, M|\n|teampreview\n|inactive|Battle timer is ON: inactive players will automatically lose when time's up. (requested by Gaara1)\n|\n|t:|1699129456\n|start\n|switch|p1a: Poisonous|Glimmora, M, shiny|100\/100\n|switch|p2a: Torkoal|Torkoal, M|100\/100\n|-weather|SunnyDay|[from] ability: Drought|[of] p2a: Torkoal\n|turn|1\n|\n|t:|1699129463\n|move|p1a: Poisonous|Stealth Rock|p2a: Torkoal\n|-sidestart|p2: LITLE0|move: Stealth Rock\n|move|p2a: Torkoal|Yawn|p1a: Poisonous\n|-start|p1a: Poisonous|move: Yawn|[of] p2a: Torkoal\n|\n|-weather|SunnyDay|[upkeep]\n|upkeep\n|turn|2\n|\n|t:|1699129469\n|move|p1a: Poisonous|Explosion|p2a: Torkoal\n|-damage|p2a: Torkoal|82\/100\n|faint|p1a: Poisonous\n|move|p2a: Torkoal|Rapid Spin|p1: Poisonous|[notarget]\n|-fail|p2a: Torkoal\n|\n|-weather|SunnyDay|[upkeep]\n|upkeep\n|\n|t:|1699129477\n|switch|p1a: Fast & Furious|Koraidon|100\/100\n|-activate|p1a: Fast & Furious|ability: Orichalcum Pulse\n|turn|3\n|\n|t:|1699129481\n|move|p1a: Fast & Furious|Bulk Up|p1a: Fast & Furious\n|-boost|p1a: Fast & Furious|atk|1\n|-boost|p1a: Fast & Furious|def|1\n|move|p2a: Torkoal|Yawn|p1a: Fast & Furious\n|-start|p1a: Fast & Furious|move: Yawn|[of] p2a: Torkoal\n|\n|-weather|SunnyDay|[upkeep]\n|upkeep\n|turn|4\n|\n|t:|1699129490\n|move|p1a: Fast & Furious|Bulk Up|p1a: Fast & Furious\n|-boost|p1a: Fast & Furious|atk|1\n|-boost|p1a: Fast & Furious|def|1\n|move|p2a: Torkoal|Stealth Rock|p1a: Fast & Furious\n|-sidestart|p1: Gaara1|move: Stealth Rock\n|\n|-weather|SunnyDay|[upkeep]\n|-end|p1a: Fast & Furious|move: Yawn|[silent]\n|-status|p1a: Fast & Furious|slp\n|upkeep\n|turn|5\n|\n|t:|1699129497\n|switch|p2a: Flutter Mane|Flutter Mane|100\/100\n|-damage|p2a: Flutter Mane|88\/100|[from] Stealth Rock\n|-activate|p2a: Flutter Mane|ability: Protosynthesis\n|-start|p2a: Flutter Mane|protosynthesisspe\n|cant|p1a: Fast & Furious|slp\n|\n|-weather|SunnyDay|[upkeep]\n|upkeep\n|turn|6\n|\n|t:|1699129507\n|-terastallize|p1a: Fast & Furious|Steel\n|move|p2a: Flutter Mane|Moonblast|p1a: Fast & Furious\n|-resisted|p1a: Fast & Furious\n|-damage|p1a: Fast & Furious|70\/100 slp\n|-unboost|p1a: Fast & Furious|spa|1\n|-damage|p2a: Flutter Mane|78\/100|[from] item: Life Orb\n|-curestatus|p1a: Fast & Furious|slp|[msg]\n|move|p1a: Fast & Furious|Flame Charge|p2a: Flutter Mane\n|-damage|p2a: Flutter Mane|0 fnt\n|-boost|p1a: Fast & Furious|spe|1\n|faint|p2a: Flutter Mane\n|-end|p2a: Flutter Mane|Protosynthesis|[silent]\n|\n|-weather|SunnyDay|[upkeep]\n|-heal|p1a: Fast & Furious|77\/100|[from] item: Leftovers\n|upkeep\n|c|\u2606Gaara1|nice try\n|\n|t:|1699129521\n|switch|p2a: Dondozo|Dondozo, M|100\/100\n|-damage|p2a: Dondozo|88\/100|[from] Stealth Rock\n|turn|7\n|\n|t:|1699129526\n|move|p1a: Fast & Furious|Bulk Up|p1a: Fast & Furious\n|-boost|p1a: Fast & Furious|atk|1\n|-boost|p1a: Fast & Furious|def|1\n|move|p2a: Dondozo|Body Press|p1a: Fast & Furious\n|-supereffective|p1a: Fast & Furious\n|-damage|p1a: Fast & Furious|37\/100\n|\n|-weather|SunnyDay|[upkeep]\n|-heal|p1a: Fast & Furious|43\/100|[from] item: Leftovers\n|-heal|p2a: Dondozo|94\/100|[from] item: Leftovers\n|upkeep\n|turn|8\n|\n|t:|1699129536\n|move|p1a: Fast & Furious|Drain Punch|p2a: Dondozo\n|-crit|p2a: Dondozo\n|-damage|p2a: Dondozo|56\/100\n|-heal|p1a: Fast & Furious|67\/100|[from] drain|[of] p2a: Dondozo\n|move|p2a: Dondozo|Body Press|p1a: Fast & Furious\n|-supereffective|p1a: Fast & Furious\n|-damage|p1a: Fast & Furious|28\/100\n|\n|-weather|none\n|-heal|p1a: Fast & Furious|34\/100|[from] item: Leftovers\n|-heal|p2a: Dondozo|63\/100|[from] item: Leftovers\n|upkeep\n|turn|9\n|\n|t:|1699129546\n|move|p1a: Fast & Furious|Drain Punch|p2a: Dondozo\n|-damage|p2a: Dondozo|45\/100\n|-heal|p1a: Fast & Furious|45\/100|[from] drain|[of] p2a: Dondozo\n|move|p2a: Dondozo|Rest|p2a: Dondozo\n|-status|p2a: Dondozo|slp|[from] move: Rest\n|-heal|p2a: Dondozo|100\/100 slp|[silent]\n|\n|-heal|p1a: Fast & Furious|51\/100|[from] item: Leftovers\n|upkeep\n|turn|10\n|\n|t:|1699129555\n|move|p1a: Fast & Furious|Bulk Up|p1a: Fast & Furious\n|-boost|p1a: Fast & Furious|atk|1\n|-boost|p1a: Fast & Furious|def|1\n|cant|p2a: Dondozo|slp\n|move|p2a: Dondozo|Sleep Talk|p2a: Dondozo\n|move|p2a: Dondozo|Body Press|p1a: Fast & Furious|[from]move: Sleep Talk\n|-supereffective|p1a: Fast & Furious\n|-damage|p1a: Fast & Furious|8\/100\n|\n|-heal|p1a: Fast & Furious|14\/100|[from] item: Leftovers\n|upkeep\n|turn|11\n|\n|t:|1699129564\n|move|p1a: Fast & Furious|Drain Punch|p2a: Dondozo\n|-damage|p2a: Dondozo|81\/100 slp\n|-heal|p1a: Fast & Furious|26\/100|[from] drain|[of] p2a: Dondozo\n|cant|p2a: Dondozo|slp\n|move|p2a: Dondozo|Sleep Talk|p2a: Dondozo\n|move|p2a: Dondozo|Body Press|p1a: Fast & Furious|[from]move: Sleep Talk\n|-supereffective|p1a: Fast & Furious\n|-damage|p1a: Fast & Furious|0 fnt\n|faint|p1a: Fast & Furious\n|\n|-heal|p2a: Dondozo|87\/100 slp|[from] item: Leftovers\n|upkeep\n|c|\u2606LITLE0|nice try\n|\n|t:|1699129576\n|switch|p1a: Zacian|Zacian-Crowned, shiny|100\/100\n|-damage|p1a: Zacian|94\/100|[from] Stealth Rock\n|-ability|p1a: Zacian|Intrepid Sword|boost\n|-boost|p1a: Zacian|atk|1\n|turn|12\n|\n|t:|1699129583\n|move|p1a: Zacian|Swords Dance|p1a: Zacian\n|-boost|p1a: Zacian|atk|2\n|-curestatus|p2a: Dondozo|slp|[msg]\n|move|p2a: Dondozo|Body Press|p1a: Zacian\n|-damage|p1a: Zacian|66\/100\n|\n|-heal|p2a: Dondozo|93\/100|[from] item: Leftovers\n|upkeep\n|turn|13\n|\n|t:|1699129590\n|move|p1a: Zacian|Trailblaze|p2a: Dondozo\n|-supereffective|p2a: Dondozo\n|-damage|p2a: Dondozo|77\/100\n|-boost|p1a: Zacian|spe|1\n|move|p2a: Dondozo|Body Press|p1a: Zacian\n|-damage|p1a: Zacian|39\/100\n|\n|-heal|p2a: Dondozo|83\/100|[from] item: Leftovers\n|upkeep\n|turn|14\n|\n|t:|1699129600\n|move|p1a: Zacian|Trailblaze|p2a: Dondozo\n|-supereffective|p2a: Dondozo\n|-damage|p2a: Dondozo|65\/100\n|-boost|p1a: Zacian|spe|1\n|move|p2a: Dondozo|Body Press|p1a: Zacian\n|-damage|p1a: Zacian|12\/100\n|\n|-heal|p2a: Dondozo|71\/100|[from] item: Leftovers\n|upkeep\n|turn|15\n|\n|t:|1699129609\n|move|p1a: Zacian|Trailblaze|p2a: Dondozo\n|-supereffective|p2a: Dondozo\n|-damage|p2a: Dondozo|54\/100\n|-boost|p1a: Zacian|spe|1\n|move|p2a: Dondozo|Body Press|p1a: Zacian\n|-damage|p1a: Zacian|0 fnt\n|faint|p1a: Zacian\n|\n|-heal|p2a: Dondozo|60\/100|[from] item: Leftovers\n|upkeep\n|\n|t:|1699129618\n|switch|p1a: Cynthia|Garchomp, M, shiny|100\/100\n|-damage|p1a: Cynthia|94\/100|[from] Stealth Rock\n|turn|16\n|\n|t:|1699129623\n|move|p1a: Cynthia|Spikes|p2a: Dondozo\n|-sidestart|p2: LITLE0|Spikes\n|move|p2a: Dondozo|Rest|p2a: Dondozo\n|-status|p2a: Dondozo|slp|[from] move: Rest\n|-heal|p2a: Dondozo|100\/100 slp|[silent]\n|\n|upkeep\n|turn|17\n|\n|t:|1699129630\n|switch|p2a: Koraidon|Koraidon|100\/100\n|-damage|p2a: Koraidon|94\/100|[from] Stealth Rock\n|-damage|p2a: Koraidon|82\/100|[from] Spikes\n|-weather|SunnyDay|[from] ability: Orichalcum Pulse|[of] p2a: Koraidon\n|-activate|p2a: Koraidon|Orichalcum Pulse|[source]\n|move|p1a: Cynthia|Spikes|p2a: Koraidon\n|-sidestart|p2: LITLE0|Spikes\n|\n|-weather|SunnyDay|[upkeep]\n|upkeep\n|turn|18\n|\n|t:|1699129638\n|move|p2a: Koraidon|Dragon Claw|p1a: Cynthia\n|-supereffective|p1a: Cynthia\n|-damage|p1a: Cynthia|0 fnt\n|-damage|p2a: Koraidon|70\/100|[from] ability: Rough Skin|[of] p1a: Cynthia\n|-damage|p2a: Koraidon|53\/100|[from] item: Rocky Helmet|[of] p1a: Cynthia\n|faint|p1a: Cynthia\n|\n|-weather|SunnyDay|[upkeep]\n|upkeep\n|\n|t:|1699129646\n|switch|p1a: Last Respects|Basculegion, M, shiny|100\/100\n|-damage|p1a: Last Respects|88\/100|[from] Stealth Rock\n|turn|19\n|\n|t:|1699129654\n|move|p2a: Koraidon|Dragon Claw|p1a: Last Respects\n|-damage|p1a: Last Respects|14\/100\n|move|p1a: Last Respects|Last Respects|p2a: Koraidon\n|-damage|p2a: Koraidon|0 fnt\n|faint|p2a: Koraidon\n|\n|-weather|SunnyDay|[upkeep]\n|upkeep\n|\n|t:|1699129659\n|switch|p2a: Kingambit|Kingambit, M|100\/100\n|-damage|p2a: Kingambit|94\/100|[from] Stealth Rock\n|-damage|p2a: Kingambit|78\/100|[from] Spikes\n|-activate|p2a: Kingambit|ability: Supreme Overlord\n|-start|p2a: Kingambit|fallen2|[silent]\n|turn|20\n|\n|t:|1699129666\n|switch|p1a: Let it rain|Pelipper, M, shiny|100\/100\n|-damage|p1a: Let it rain|76\/100|[from] Stealth Rock\n|-weather|RainDance|[from] ability: Drizzle|[of] p1a: Let it rain\n|move|p2a: Kingambit|Sucker Punch||[still]\n|-fail|p2a: Kingambit\n|\n|-weather|RainDance|[upkeep]\n|upkeep\n|turn|21\n|\n|t:|1699129674\n|move|p1a: Let it rain|Tailwind|p1a: Let it rain\n|-sidestart|p1: Gaara1|move: Tailwind\n|move|p2a: Kingambit|Kowtow Cleave|p1a: Let it rain\n|-damage|p1a: Let it rain|0 fnt\n|faint|p1a: Let it rain\n|\n|-weather|RainDance|[upkeep]\n|upkeep\n|\n|t:|1699129680\n|switch|p1a: Last Respects|Basculegion, M, shiny|14\/100\n|-damage|p1a: Last Respects|2\/100|[from] Stealth Rock\n|turn|22\n|c|\u2606LITLE0|gg\n|\n|t:|1699129686\n|move|p2a: Kingambit|Sucker Punch|p1a: Last Respects\n|-supereffective|p1a: Last Respects\n|-damage|p1a: Last Respects|0 fnt\n|faint|p1a: Last Respects\n|\n|win|LITLE0\n|raw|Gaara1's rating: 1186 &rarr; <strong>1167<\/strong><br \/>(-19 for losing)\n|raw|LITLE0's rating: 1274 &rarr; <strong>1293<\/strong><br \/>(+19 for winning)\n","uploadtime":1699129689,"views":6,"p1id":"gaara1","p2id":"litle0","formatid":"gen9ubers","rating":1167,"private":0,"password":""}