{"id":"gen9ubers-1968298913","p1":"GratedsShtickface","p2":"IspamObjection","format":"[Gen 9] Ubers","log":"|j|\u2606GratedsShtickface\n|j|\u2606IspamObjection\n|t:|1697403687\n|gametype|singles\n|player|p1|GratedsShtickface|hiker-gen4|\n|player|p2|IspamObjection|skyla|\n|teamsize|p1|6\n|teamsize|p2|6\n|gen|9\n|tier|[Gen 9] Ubers\n|rule|Sleep Clause Mod: Limit one foe put to sleep\n|rule|Species Clause: Limit one of each Pok\u00e9mon\n|rule|OHKO Clause: OHKO moves are banned\n|rule|Evasion Items Clause: Evasion items are banned\n|rule|Evasion Moves Clause: Evasion moves are banned\n|rule|Endless Battle Clause: Forcing endless battles is banned\n|rule|HP Percentage Mod: HP is shown in percentages\n|clearpoke\n|poke|p1|Shaymin-Sky|\n|poke|p1|Masquerain, M|\n|poke|p1|Chi-Yu|\n|poke|p1|Magearna|\n|poke|p1|Palkia-Origin|\n|poke|p1|Zacian-*|\n|poke|p2|Giratina|\n|poke|p2|Garchomp, F|\n|poke|p2|Espathra, M|\n|poke|p2|Cyclizar, F|\n|poke|p2|Arceus-Fire|\n|poke|p2|Chi-Yu|\n|teampreview\n|inactive|Battle timer is ON: inactive players will automatically lose when time's up. (requested by GratedsShtickface)\n|\n|t:|1697403696\n|start\n|switch|p1a: Eye of Sauron|Masquerain, M, shiny|100\/100\n|switch|p2a: Garchomp|Garchomp, F|100\/100\n|-ability|p1a: Eye of Sauron|Intimidate|boost\n|-unboost|p2a: Garchomp|atk|1\n|turn|1\n|\n|t:|1697403705\n|move|p2a: Garchomp|Stealth Rock|p1a: Eye of Sauron\n|-sidestart|p1: GratedsShtickface|move: Stealth Rock\n|move|p1a: Eye of Sauron|Sticky Web|p2a: Garchomp\n|-sidestart|p2: IspamObjection|move: Sticky Web\n|\n|upkeep\n|turn|2\n|\n|t:|1697403710\n|move|p2a: Garchomp|Spikes|p1a: Eye of Sauron\n|-sidestart|p1: GratedsShtickface|Spikes\n|move|p1a: Eye of Sauron|Chilling Water|p2a: Garchomp\n|-damage|p2a: Garchomp|84\/100\n|-unboost|p2a: Garchomp|atk|1\n|\n|upkeep\n|turn|3\n|\n|t:|1697403722\n|switch|p1a: Honse|Palkia-Origin|100\/100\n|-damage|p1a: Honse|88\/100|[from] Stealth Rock\n|-damage|p1a: Honse|76\/100|[from] Spikes\n|-ability|p1a: Honse|Pressure\n|move|p2a: Garchomp|Spikes|p1a: Honse\n|-sidestart|p1: GratedsShtickface|Spikes\n|\n|upkeep\n|turn|4\n|\n|t:|1697403730\n|move|p1a: Honse|Spacial Rend|p2a: Garchomp\n|-supereffective|p2a: Garchomp\n|-damage|p2a: Garchomp|0 fnt\n|faint|p2a: Garchomp\n|\n|upkeep\n|inactive|IspamObjection has 270 seconds left.\n|inactive|IspamObjection has 240 seconds left.\n|\n|t:|1697403795\n|switch|p2a: Cyclizar|Cyclizar, F|100\/100\n|-activate|p2a: Cyclizar|move: Sticky Web\n|-unboost|p2a: Cyclizar|spe|1\n|turn|5\n|inactive|IspamObjection has 240 seconds left.\n|\n|t:|1697403801\n|move|p2a: Cyclizar|Shed Tail|p2a: Cyclizar\n|-start|p2a: Cyclizar|Substitute|[from] move: Shed Tail\n|-damage|p2a: Cyclizar|50\/100\n|inactive|IspamObjection has 240 seconds left.\n|\n|t:|1697403813\n|switch|p2a: Espathra|Espathra, M|100\/100|[from] Shed Tail\n|-activate|p2a: Espathra|move: Sticky Web\n|-unboost|p2a: Espathra|spe|1\n|move|p1a: Honse|Spacial Rend|p2a: Espathra\n|-end|p2a: Espathra|Substitute\n|\n|upkeep\n|turn|6\n|inactive|IspamObjection has 240 seconds left.\n|\n|t:|1697403830\n|-terastallize|p2a: Espathra|Fairy\n|move|p1a: Honse|Substitute|p1a: Honse\n|-start|p1a: Honse|Substitute\n|-damage|p1a: Honse|51\/100\n|move|p2a: Espathra|Calm Mind|p2a: Espathra\n|-boost|p2a: Espathra|spa|1\n|-boost|p2a: Espathra|spd|1\n|\n|-ability|p2a: Espathra|Speed Boost|boost\n|-boost|p2a: Espathra|spe|1\n|upkeep\n|turn|7\n|\n|t:|1697403841\n|move|p1a: Honse|Hydro Pump|p2a: Espathra\n|-damage|p2a: Espathra|29\/100\n|move|p2a: Espathra|Dazzling Gleam|p1a: Honse\n|-supereffective|p1a: Honse\n|-end|p1a: Honse|Substitute\n|\n|-heal|p2a: Espathra|36\/100|[from] item: Leftovers\n|-ability|p2a: Espathra|Speed Boost|boost\n|-boost|p2a: Espathra|spe|1\n|upkeep\n|turn|8\n|inactive|IspamObjection has 240 seconds left.\n|\n|t:|1697403847\n|move|p2a: Espathra|Dazzling Gleam|p1a: Honse\n|-supereffective|p1a: Honse\n|-damage|p1a: Honse|0 fnt\n|faint|p1a: Honse\n|\n|-heal|p2a: Espathra|42\/100|[from] item: Leftovers\n|-ability|p2a: Espathra|Speed Boost|boost\n|-boost|p2a: Espathra|spe|1\n|upkeep\n|\n|t:|1697403851\n|switch|p1a: Haxmin|Shaymin-Sky|100\/100\n|-damage|p1a: Haxmin|76\/100|[from] Stealth Rock\n|turn|9\n|\n|t:|1697403865\n|move|p2a: Espathra|Roost|p2a: Espathra\n|-heal|p2a: Espathra|92\/100\n|move|p1a: Haxmin|Seed Flare|p2a: Espathra|[miss]\n|-miss|p1a: Haxmin|p2a: Espathra\n|\n|-heal|p2a: Espathra|98\/100|[from] item: Leftovers\n|-ability|p2a: Espathra|Speed Boost|boost\n|-boost|p2a: Espathra|spe|1\n|upkeep\n|turn|10\n|\n|t:|1697403873\n|move|p2a: Espathra|Stored Power|p1a: Haxmin\n|-damage|p1a: Haxmin|0 fnt\n|faint|p1a: Haxmin\n|\n|-heal|p2a: Espathra|100\/100|[from] item: Leftovers\n|-ability|p2a: Espathra|Speed Boost|boost\n|-boost|p2a: Espathra|spe|1\n|upkeep\n|\n|t:|1697403875\n|switch|p1a: Sif|Zacian|100\/100\n|-damage|p1a: Sif|88\/100|[from] Stealth Rock\n|-damage|p1a: Sif|72\/100|[from] Spikes\n|-ability|p1a: Sif|Intrepid Sword|boost\n|-boost|p1a: Sif|atk|1\n|turn|11\n|\n|t:|1697403889\n|move|p2a: Espathra|Stored Power|p1a: Sif\n|-damage|p1a: Sif|0 fnt\n|faint|p1a: Sif\n|\n|-ability|p2a: Espathra|Speed Boost|boost\n|-boost|p2a: Espathra|spe|1\n|upkeep\n|\n|t:|1697403895\n|switch|p1a: Music Box Doll|Magearna|100\/100\n|-damage|p1a: Music Box Doll|94\/100|[from] Stealth Rock\n|-damage|p1a: Music Box Doll|78\/100|[from] Spikes\n|turn|12\n|\n|t:|1697403903\n|move|p2a: Espathra|Calm Mind|p2a: Espathra\n|-boost|p2a: Espathra|spa|1\n|-boost|p2a: Espathra|spd|1\n|move|p1a: Music Box Doll|Thunder Wave|p2a: Espathra\n|-status|p2a: Espathra|par\n|\n|-heal|p1a: Music Box Doll|84\/100|[from] item: Leftovers\n|-ability|p2a: Espathra|Speed Boost|boost\n|-boost|p2a: Espathra|spe|1\n|upkeep\n|turn|13\n|inactive|IspamObjection has 270 seconds left.\n|\n|t:|1697403910\n|cant|p2a: Espathra|par\n|move|p1a: Music Box Doll|Volt Switch|p2a: Espathra\n|-damage|p2a: Espathra|87\/100 par\n|\n|t:|1697403915\n|switch|p1a: Funny Fish|Chi-Yu|100\/100|[from] Volt Switch\n|-damage|p1a: Funny Fish|76\/100|[from] Stealth Rock\n|-damage|p1a: Funny Fish|59\/100|[from] Spikes\n|-ability|p1a: Funny Fish|Beads of Ruin\n|\n|-heal|p2a: Espathra|93\/100 par|[from] item: Leftovers\n|upkeep\n|turn|14\n|\n|t:|1697403923\n|move|p2a: Espathra|Dazzling Gleam|p1a: Funny Fish\n|-damage|p1a: Funny Fish|0 fnt\n|faint|p1a: Funny Fish\n|\n|-heal|p2a: Espathra|99\/100 par|[from] item: Leftovers\n|upkeep\n|\n|t:|1697403927\n|switch|p1a: Eye of Sauron|Masquerain, M, shiny|100\/100\n|-damage|p1a: Eye of Sauron|51\/100|[from] Stealth Rock\n|-ability|p1a: Eye of Sauron|Intimidate|boost\n|-unboost|p2a: Espathra|atk|1\n|turn|15\n|\n|t:|1697403932\n|move|p2a: Espathra|Stored Power|p1a: Eye of Sauron\n|-damage|p1a: Eye of Sauron|0 fnt\n|faint|p1a: Eye of Sauron\n|\n|-heal|p2a: Espathra|100\/100 par|[from] item: Leftovers\n|upkeep\n|\n|t:|1697403934\n|switch|p1a: Music Box Doll|Magearna|84\/100\n|-damage|p1a: Music Box Doll|78\/100|[from] Stealth Rock\n|-damage|p1a: Music Box Doll|61\/100|[from] Spikes\n|turn|16\n|c|\u2606GratedsShtickface|gg\n|\n|t:|1697403937\n|cant|p2a: Espathra|par\n|move|p1a: Music Box Doll|Volt Switch|p2a: Espathra\n|-damage|p2a: Espathra|87\/100 par\n|\n|-heal|p2a: Espathra|93\/100 par|[from] item: Leftovers\n|-heal|p1a: Music Box Doll|68\/100|[from] item: Leftovers\n|upkeep\n|turn|17\n|\n|t:|1697403940\n|move|p2a: Espathra|Stored Power|p1a: Music Box Doll\n|-resisted|p1a: Music Box Doll\n|-damage|p1a: Music Box Doll|15\/100\n|move|p1a: Music Box Doll|Volt Switch|p2a: Espathra\n|-crit|p2a: Espathra\n|-damage|p2a: Espathra|49\/100 par\n|\n|-heal|p2a: Espathra|55\/100 par|[from] item: Leftovers\n|-heal|p1a: Music Box Doll|21\/100|[from] item: Leftovers\n|upkeep\n|turn|18\n|\n|t:|1697403944\n|cant|p2a: Espathra|par\n|move|p1a: Music Box Doll|Volt Switch|p2a: Espathra\n|-damage|p2a: Espathra|42\/100 par\n|\n|-heal|p2a: Espathra|48\/100 par|[from] item: Leftovers\n|-heal|p1a: Music Box Doll|27\/100|[from] item: Leftovers\n|upkeep\n|turn|19\n|\n|t:|1697403948\n|move|p2a: Espathra|Stored Power|p1a: Music Box Doll\n|-resisted|p1a: Music Box Doll\n|-damage|p1a: Music Box Doll|0 fnt\n|faint|p1a: Music Box Doll\n|\n|win|IspamObjection\n|c|\u2606IspamObjection|gg\n|l|\u2606GratedsShtickface\n","uploadtime":1697403952,"views":20,"p1id":"gratedsshtickface","p2id":"ispamobjection","formatid":"gen9ubers","rating":0,"private":0,"password":""}