{"id":"gen9ubers-1995129300","p1":"the dapper","p2":"Anne Frankkkk","format":"[Gen 9] Ubers","log":"|j|\u2606the dapper\n|j|\u2606Anne Frankkkk\n|t:|1700525806\n|gametype|singles\n|player|p1|the dapper|guitarist-gen4|1124\n|player|p2|Anne Frankkkk|hilbert|1235\n|teamsize|p1|6\n|teamsize|p2|6\n|gen|9\n|tier|[Gen 9] Ubers\n|rated|\n|rule|Sleep Clause Mod: Limit one foe put to sleep\n|rule|Species Clause: Limit one of each Pok\u00e9mon\n|rule|OHKO Clause: OHKO moves are banned\n|rule|Evasion Items Clause: Evasion items are banned\n|rule|Evasion Moves Clause: Evasion moves are banned\n|rule|Endless Battle Clause: Forcing endless battles is banned\n|rule|HP Percentage Mod: HP is shown in percentages\n|clearpoke\n|poke|p1|Zacian-*|\n|poke|p1|Zamazenta-*|\n|poke|p1|Rayquaza|\n|poke|p1|Kyogre|\n|poke|p1|Chi-Yu|\n|poke|p1|Miraidon|\n|poke|p2|Regieleki|\n|poke|p2|Kyogre|\n|poke|p2|Chien-Pao|\n|poke|p2|Ribombee, F|\n|poke|p2|Miraidon|\n|poke|p2|Flutter Mane|\n|teampreview\n|inactive|Battle timer is ON: inactive players will automatically lose when time's up. (requested by Anne Frankkkk)\n|\n|t:|1700525814\n|start\n|switch|p1a: Chi-Yu|Chi-Yu|100\/100\n|switch|p2a: Moonblast|Ribombee, F, shiny|100\/100\n|-ability|p1a: Chi-Yu|Beads of Ruin\n|turn|1\n|\n|t:|1700525828\n|move|p1a: Chi-Yu|Flamethrower|p2a: Moonblast\n|-supereffective|p2a: Moonblast\n|-enditem|p2a: Moonblast|Focus Sash\n|-damage|p2a: Moonblast|1\/100\n|move|p2a: Moonblast|Sticky Web|p1a: Chi-Yu\n|-sidestart|p1: the dapper|move: Sticky Web\n|\n|upkeep\n|turn|2\n|\n|t:|1700525836\n|move|p1a: Chi-Yu|Flamethrower|p2a: Moonblast\n|-supereffective|p2a: Moonblast\n|-damage|p2a: Moonblast|0 fnt\n|faint|p2a: Moonblast\n|\n|upkeep\n|\n|t:|1700525844\n|switch|p2a: Misdreavius|Flutter Mane, shiny|100\/100\n|-enditem|p2a: Misdreavius|Booster Energy\n|-activate|p2a: Misdreavius|ability: Protosynthesis|[fromitem]\n|-start|p2a: Misdreavius|protosynthesisspe\n|turn|3\n|\n|t:|1700525849\n|-terastallize|p1a: Chi-Yu|Fairy\n|move|p2a: Misdreavius|Moonblast|p1a: Chi-Yu\n|-damage|p1a: Chi-Yu|43\/100\n|-unboost|p1a: Chi-Yu|spa|1\n|move|p1a: Chi-Yu|Flamethrower|p2a: Misdreavius\n|-damage|p2a: Misdreavius|53\/100\n|\n|upkeep\n|turn|4\n|\n|t:|1700525858\n|move|p2a: Misdreavius|Calm Mind|p2a: Misdreavius\n|-boost|p2a: Misdreavius|spa|1\n|-boost|p2a: Misdreavius|spd|1\n|move|p1a: Chi-Yu|Flamethrower|p2a: Misdreavius\n|-damage|p2a: Misdreavius|22\/100\n|\n|upkeep\n|turn|5\n|\n|t:|1700525864\n|move|p2a: Misdreavius|Moonblast|p1a: Chi-Yu\n|-damage|p1a: Chi-Yu|0 fnt\n|faint|p1a: Chi-Yu\n|\n|upkeep\n|\n|t:|1700525873\n|switch|p1a: Zacian|Zacian-Crowned, shiny|100\/100\n|-activate|p1a: Zacian|move: Sticky Web\n|-unboost|p1a: Zacian|spe|1\n|-ability|p1a: Zacian|Intrepid Sword|boost\n|-boost|p1a: Zacian|atk|1\n|turn|6\n|\n|t:|1700525879\n|move|p2a: Misdreavius|Shadow Ball|p1a: Zacian\n|-damage|p1a: Zacian|48\/100\n|-unboost|p1a: Zacian|spd|1\n|move|p1a: Zacian|Crunch|p2a: Misdreavius\n|-damage|p2a: Misdreavius|0 fnt\n|faint|p2a: Misdreavius\n|-end|p2a: Misdreavius|Protosynthesis|[silent]\n|\n|upkeep\n|\n|t:|1700525883\n|switch|p2a: Bzzzzt|Regieleki, shiny|100\/100\n|turn|7\n|\n|t:|1700525891\n|move|p2a: Bzzzzt|Volt Switch|p1a: Zacian\n|-damage|p1a: Zacian|0 fnt\n|faint|p1a: Zacian\n|\n|t:|1700525906\n|switch|p2a: Cyber Lizard|Miraidon|100\/100|[from] Volt Switch\n|-fieldstart|move: Electric Terrain|[from] ability: Hadron Engine|[of] p2a: Cyber Lizard\n|-item|p2a: Cyber Lizard|Air Balloon\n|\n|upkeep\n|\n|t:|1700525915\n|switch|p1a: Miraidon|Miraidon|100\/100\n|-activate|p1a: Miraidon|move: Sticky Web\n|-unboost|p1a: Miraidon|spe|1\n|-activate|p1a: Miraidon|ability: Hadron Engine\n|turn|8\n|\n|t:|1700525922\n|move|p2a: Cyber Lizard|Dragon Pulse|p1a: Miraidon\n|-supereffective|p1a: Miraidon\n|-crit|p1a: Miraidon\n|-damage|p1a: Miraidon|0 fnt\n|faint|p1a: Miraidon\n|\n|upkeep\n|\n|t:|1700525928\n|switch|p1a: Rayquaza|Rayquaza, shiny|100\/100\n|-ability|p1a: Rayquaza|Air Lock\n|turn|9\n|\n|t:|1700525934\n|move|p2a: Cyber Lizard|Electro Drift|p1a: Rayquaza\n|-damage|p1a: Rayquaza|19\/100\n|move|p1a: Rayquaza|Dragon Dance|p1a: Rayquaza\n|-boost|p1a: Rayquaza|atk|1\n|-boost|p1a: Rayquaza|spe|1\n|\n|upkeep\n|turn|10\n|\n|t:|1700525940\n|move|p1a: Rayquaza|Extreme Speed|p2a: Cyber Lizard\n|-damage|p2a: Cyber Lizard|43\/100\n|-enditem|p2a: Cyber Lizard|Air Balloon\n|-damage|p1a: Rayquaza|9\/100|[from] item: Life Orb\n|move|p2a: Cyber Lizard|Electro Drift|p1a: Rayquaza\n|-crit|p1a: Rayquaza\n|-damage|p1a: Rayquaza|0 fnt\n|faint|p1a: Rayquaza\n|\n|upkeep\n|-message|the dapper forfeited.\n|\n|win|Anne Frankkkk\n|raw|the dapper's rating: 1124 &rarr; <strong>1107<\/strong><br \/>(-17 for losing)\n|raw|Anne Frankkkk's rating: 1235 &rarr; <strong>1252<\/strong><br \/>(+17 for winning)\n|l|\u2606the dapper\n","uploadtime":1700525950,"views":2,"p1id":"thedapper","p2id":"annefrankkkk","formatid":"gen9ubers","rating":1107,"private":0,"password":""}