{"id":"gen9ubers-1979013474","p1":"xegrizzy","p2":"The ShaqtusLOL","format":"[Gen 9] Ubers","log":"|j|\u2606xegrizzy\n|j|\u2606The ShaqtusLOL\n|t:|1698621160\n|gametype|singles\n|player|p1|xegrizzy|266|\n|player|p2|The ShaqtusLOL|ghetsis|\n|teamsize|p1|6\n|teamsize|p2|6\n|gen|9\n|tier|[Gen 9] Ubers\n|rule|Sleep Clause Mod: Limit one foe put to sleep\n|rule|Species Clause: Limit one of each Pok\u00e9mon\n|rule|OHKO Clause: OHKO moves are banned\n|rule|Evasion Items Clause: Evasion items are banned\n|rule|Evasion Moves Clause: Evasion moves are banned\n|rule|Endless Battle Clause: Forcing endless battles is banned\n|rule|HP Percentage Mod: HP is shown in percentages\n|clearpoke\n|poke|p1|Goodra-Hisui, F|\n|poke|p1|Rotom-Wash|\n|poke|p1|Roaring Moon|\n|poke|p1|Great Tusk|\n|poke|p1|Torkoal, M|\n|poke|p1|Iron Moth|\n|poke|p2|Heatran, M|\n|poke|p2|Scizor, M|\n|poke|p2|Iron Bundle|\n|poke|p2|Gliscor, M|\n|poke|p2|Zapdos|\n|poke|p2|Tinkaton, F|\n|teampreview\n|c|\u2606xegrizzy|glhf\n|j| justinrockin\n|c|\u2606The ShaqtusLOL|same\n|\n|t:|1698621228\n|start\n|switch|p1a: Rotom|Rotom-Wash|100\/100\n|switch|p2a: Lil Bitch|Tinkaton, F|100\/100\n|-ability|p2a: Lil Bitch|Mold Breaker\n|turn|1\n|\n|t:|1698621283\n|move|p1a: Rotom|Substitute|p1a: Rotom\n|-start|p1a: Rotom|Substitute\n|-damage|p1a: Rotom|76\/100\n|move|p2a: Lil Bitch|Stealth Rock|p1a: Rotom\n|-sidestart|p1: xegrizzy|move: Stealth Rock\n|\n|-heal|p1a: Rotom|82\/100|[from] item: Leftovers\n|upkeep\n|turn|2\n|\n|t:|1698621292\n|move|p1a: Rotom|Hydro Pump|p2a: Lil Bitch\n|-damage|p2a: Lil Bitch|67\/100\n|move|p2a: Lil Bitch|Play Rough|p1a: Rotom\n|-end|p1a: Rotom|Substitute\n|\n|-heal|p1a: Rotom|88\/100|[from] item: Leftovers\n|-heal|p2a: Lil Bitch|73\/100|[from] item: Leftovers\n|upkeep\n|turn|3\n|\n|t:|1698621322\n|move|p1a: Rotom|Volt Switch|p2a: Lil Bitch\n|-damage|p2a: Lil Bitch|51\/100\n|\n|t:|1698621360\n|switch|p1a: Torkoal|Torkoal, M|100\/100|[from] Volt Switch\n|-damage|p1a: Torkoal|76\/100|[from] Stealth Rock\n|-weather|SunnyDay|[from] ability: Drought|[of] p1a: Torkoal\n|move|p2a: Lil Bitch|Knock Off|p1a: Torkoal\n|-damage|p1a: Torkoal|62\/100\n|-enditem|p1a: Torkoal|Heat Rock|[from] move: Knock Off|[of] p2a: Lil Bitch\n|\n|-weather|SunnyDay|[upkeep]\n|-heal|p2a: Lil Bitch|57\/100|[from] item: Leftovers\n|upkeep\n|turn|4\n|\n|t:|1698621376\n|switch|p2a: Reese|Heatran, M|100\/100\n|-item|p2a: Reese|Air Balloon\n|move|p1a: Torkoal|Stealth Rock|p2a: Reese\n|-sidestart|p2: The ShaqtusLOL|move: Stealth Rock\n|\n|-weather|SunnyDay|[upkeep]\n|upkeep\n|turn|5\n|\n|t:|1698621400\n|switch|p1a: Rotom|Rotom-Wash|88\/100\n|-damage|p1a: Rotom|75\/100|[from] Stealth Rock\n|move|p2a: Reese|Magma Storm|p1a: Rotom|[miss]\n|-miss|p2a: Reese|p1a: Rotom\n|\n|-weather|SunnyDay|[upkeep]\n|-heal|p1a: Rotom|81\/100|[from] item: Leftovers\n|upkeep\n|turn|6\n|\n|t:|1698621421\n|switch|p2a: Lil Bitch|Tinkaton, F|57\/100\n|-damage|p2a: Lil Bitch|51\/100|[from] Stealth Rock\n|-ability|p2a: Lil Bitch|Mold Breaker\n|move|p1a: Rotom|Substitute|p1a: Rotom\n|-start|p1a: Rotom|Substitute\n|-damage|p1a: Rotom|56\/100\n|\n|-weather|SunnyDay|[upkeep]\n|-heal|p1a: Rotom|62\/100|[from] item: Leftovers\n|-heal|p2a: Lil Bitch|57\/100|[from] item: Leftovers\n|upkeep\n|turn|7\n|\n|t:|1698621432\n|move|p1a: Rotom|Nasty Plot|p1a: Rotom\n|-boost|p1a: Rotom|spa|2\n|move|p2a: Lil Bitch|Play Rough|p1a: Rotom\n|-end|p1a: Rotom|Substitute\n|\n|-weather|SunnyDay|[upkeep]\n|-heal|p1a: Rotom|68\/100|[from] item: Leftovers\n|-heal|p2a: Lil Bitch|63\/100|[from] item: Leftovers\n|upkeep\n|turn|8\n|\n|t:|1698621460\n|move|p1a: Rotom|Volt Switch|p2a: Lil Bitch\n|-damage|p2a: Lil Bitch|19\/100\n|\n|t:|1698621464\n|switch|p1a: Iron Moth|Iron Moth|100\/100|[from] Volt Switch\n|-damage|p1a: Iron Moth|76\/100|[from] Stealth Rock\n|-enditem|p1a: Iron Moth|Booster Energy\n|-activate|p1a: Iron Moth|ability: Quark Drive|[fromitem]\n|-start|p1a: Iron Moth|quarkdrivespe\n|move|p2a: Lil Bitch|Knock Off|p1a: Iron Moth\n|-damage|p1a: Iron Moth|55\/100\n|\n|-weather|SunnyDay|[upkeep]\n|-heal|p2a: Lil Bitch|26\/100|[from] item: Leftovers\n|upkeep\n|turn|9\n|\n|t:|1698621493\n|move|p1a: Iron Moth|Charge Beam|p2a: Lil Bitch\n|-damage|p2a: Lil Bitch|13\/100\n|move|p2a: Lil Bitch|Thunder Wave|p1a: Iron Moth\n|-status|p1a: Iron Moth|par\n|\n|-weather|SunnyDay|[upkeep]\n|-heal|p2a: Lil Bitch|19\/100|[from] item: Leftovers\n|upkeep\n|turn|10\n|\n|t:|1698621503\n|move|p1a: Iron Moth|Fiery Dance|p2a: Lil Bitch\n|-supereffective|p2a: Lil Bitch\n|-damage|p2a: Lil Bitch|0 fnt\n|-boost|p1a: Iron Moth|spa|1\n|faint|p2a: Lil Bitch\n|\n|-weather|none\n|upkeep\n|\n|t:|1698621512\n|switch|p2a: Jesus Christo|Gliscor, M|100\/100\n|-damage|p2a: Jesus Christo|88\/100|[from] Stealth Rock\n|turn|11\n|\n|t:|1698621535\n|move|p1a: Iron Moth|Fiery Dance|p2a: Jesus Christo\n|-damage|p2a: Jesus Christo|17\/100\n|-boost|p1a: Iron Moth|spa|1\n|move|p2a: Jesus Christo|Swords Dance|p2a: Jesus Christo\n|-boost|p2a: Jesus Christo|atk|2\n|\n|-status|p2a: Jesus Christo|tox|[from] item: Toxic Orb\n|upkeep\n|turn|12\n|\n|t:|1698621545\n|move|p2a: Jesus Christo|Protect|p2a: Jesus Christo\n|-singleturn|p2a: Jesus Christo|Protect\n|move|p1a: Iron Moth|Fiery Dance|p2a: Jesus Christo\n|-activate|p2a: Jesus Christo|move: Protect\n|\n|-heal|p2a: Jesus Christo|30\/100 tox|[from] ability: Poison Heal\n|upkeep\n|turn|13\n|\n|t:|1698621553\n|switch|p2a: Reese|Heatran, M|100\/100\n|-damage|p2a: Reese|88\/100|[from] Stealth Rock\n|-item|p2a: Reese|Air Balloon\n|move|p1a: Iron Moth|Fiery Dance|p2a: Reese\n|-start|p2a: Reese|ability: Flash Fire\n|\n|upkeep\n|turn|14\n|\n|t:|1698621571\n|-end|p1a: Iron Moth|Quark Drive|[silent]\n|switch|p1a: Torkoal|Torkoal, M|62\/100\n|-damage|p1a: Torkoal|37\/100|[from] Stealth Rock\n|-weather|SunnyDay|[from] ability: Drought|[of] p1a: Torkoal\n|move|p2a: Reese|Flash Cannon|p1a: Torkoal\n|-resisted|p1a: Torkoal\n|-damage|p1a: Torkoal|22\/100\n|\n|-weather|SunnyDay|[upkeep]\n|upkeep\n|turn|15\n|\n|t:|1698621588\n|-end|p2a: Reese|ability: Flash Fire|[silent]\n|switch|p2a: Jesus Christo|Gliscor, M|30\/100 tox\n|-damage|p2a: Jesus Christo|17\/100 tox|[from] Stealth Rock\n|switch|p1a: Rotom|Rotom-Wash|68\/100\n|-damage|p1a: Rotom|56\/100|[from] Stealth Rock\n|\n|-weather|SunnyDay|[upkeep]\n|-heal|p1a: Rotom|62\/100|[from] item: Leftovers\n|-heal|p2a: Jesus Christo|30\/100 tox|[from] ability: Poison Heal\n|upkeep\n|turn|16\n|\n|t:|1698621599\n|move|p2a: Jesus Christo|Protect|p2a: Jesus Christo\n|-singleturn|p2a: Jesus Christo|Protect\n|move|p1a: Rotom|Substitute|p1a: Rotom\n|-start|p1a: Rotom|Substitute\n|-damage|p1a: Rotom|37\/100\n|\n|-weather|SunnyDay|[upkeep]\n|-heal|p1a: Rotom|43\/100|[from] item: Leftovers\n|-heal|p2a: Jesus Christo|42\/100 tox|[from] ability: Poison Heal\n|upkeep\n|turn|17\n|\n|t:|1698621618\n|move|p2a: Jesus Christo|Dual Wingbeat|p1a: Rotom|[miss]\n|-miss|p2a: Jesus Christo|p1a: Rotom\n|move|p1a: Rotom|Nasty Plot|p1a: Rotom\n|-boost|p1a: Rotom|spa|2\n|\n|-weather|SunnyDay|[upkeep]\n|-heal|p1a: Rotom|49\/100|[from] item: Leftovers\n|-heal|p2a: Jesus Christo|55\/100 tox|[from] ability: Poison Heal\n|upkeep\n|turn|18\n|\n|t:|1698621632\n|move|p2a: Jesus Christo|Dual Wingbeat|p1a: Rotom\n|-resisted|p1a: Rotom\n|-activate|p1a: Rotom|move: Substitute|[damage]\n|-resisted|p1a: Rotom\n|-activate|p1a: Rotom|move: Substitute|[damage]\n|-hitcount|p1a: Rotom|2\n|move|p1a: Rotom|Hydro Pump|p2a: Jesus Christo|[miss]\n|-miss|p1a: Rotom|p2a: Jesus Christo\n|\n|-weather|none\n|-heal|p1a: Rotom|55\/100|[from] item: Leftovers\n|-heal|p2a: Jesus Christo|67\/100 tox|[from] ability: Poison Heal\n|upkeep\n|turn|19\n|\n|t:|1698621647\n|move|p2a: Jesus Christo|Dual Wingbeat|p1a: Rotom\n|-resisted|p1a: Rotom\n|-end|p1a: Rotom|Substitute\n|-resisted|p1a: Rotom\n|-damage|p1a: Rotom|46\/100\n|-hitcount|p1a: Rotom|2\n|move|p1a: Rotom|Hydro Pump|p2a: Jesus Christo\n|-supereffective|p2a: Jesus Christo\n|-damage|p2a: Jesus Christo|0 fnt\n|faint|p2a: Jesus Christo\n|\n|-heal|p1a: Rotom|52\/100|[from] item: Leftovers\n|upkeep\n|\n|t:|1698621657\n|switch|p2a: E Wizard|Zapdos|100\/100\n|turn|20\n|\n|t:|1698621700\n|switch|p1a: Torkoal|Torkoal, M|22\/100\n|-damage|p1a: Torkoal|0 fnt|[from] Stealth Rock\n|faint|p1a: Torkoal\n|move|p2a: E Wizard|Hurricane|p1: Torkoal|[notarget]\n|-fail|p2a: E Wizard\n|\n|upkeep\n|\n|t:|1698621727\n|switch|p1a: Big Dumper|Goodra-Hisui, F|100\/100\n|-damage|p1a: Big Dumper|94\/100|[from] Stealth Rock\n|turn|21\n|\n|t:|1698621752\n|move|p2a: E Wizard|Volt Switch|p1a: Big Dumper\n|-resisted|p1a: Big Dumper\n|-damage|p1a: Big Dumper|87\/100\n|\n|t:|1698621757\n|switch|p2a: Reese|Heatran, M|88\/100|[from] Volt Switch\n|-damage|p2a: Reese|76\/100|[from] Stealth Rock\n|-item|p2a: Reese|Air Balloon\n|move|p1a: Big Dumper|Ice Beam|p2a: Reese\n|-resisted|p2a: Reese\n|-damage|p2a: Reese|72\/100\n|-enditem|p2a: Reese|Air Balloon\n|\n|upkeep\n|turn|22\n|\n|t:|1698621778\n|move|p2a: Reese|Magma Storm|p1a: Big Dumper\n|-damage|p1a: Big Dumper|68\/100\n|-activate|p1a: Big Dumper|move: Magma Storm|[of] p2a: Reese\n|move|p1a: Big Dumper|Earthquake|p2a: Reese\n|-supereffective|p2a: Reese\n|-damage|p2a: Reese|0 fnt\n|faint|p2a: Reese\n|\n|-end|p1a: Big Dumper|Magma Storm|[partiallytrapped]|[silent]\n|upkeep\n|\n|t:|1698621793\n|switch|p2a: Kris Kringle|Iron Bundle|100\/100\n|-damage|p2a: Kris Kringle|76\/100|[from] Stealth Rock\n|turn|23\n|\n|t:|1698621836\n|move|p2a: Kris Kringle|Ice Beam|p1a: Big Dumper\n|-damage|p1a: Big Dumper|39\/100\n|move|p1a: Big Dumper|Draco Meteor|p2a: Kris Kringle|[miss]\n|-miss|p1a: Big Dumper|p2a: Kris Kringle\n|\n|upkeep\n|turn|24\n|\n|t:|1698621859\n|move|p2a: Kris Kringle|Ice Beam|p1a: Big Dumper\n|-crit|p1a: Big Dumper\n|-damage|p1a: Big Dumper|0 fnt\n|faint|p1a: Big Dumper\n|\n|upkeep\n|c|\u2606xegrizzy|bro\n|\n|t:|1698621868\n|switch|p1a: Rotom|Rotom-Wash|52\/100\n|-damage|p1a: Rotom|40\/100|[from] Stealth Rock\n|turn|25\n|c| justinrockin|might of been the luckiest crit of all time\n|\n|t:|1698621888\n|move|p2a: Kris Kringle|Ice Beam|p1a: Rotom\n|-resisted|p1a: Rotom\n|-damage|p1a: Rotom|11\/100\n|move|p1a: Rotom|Volt Switch|p2a: Kris Kringle\n|-supereffective|p2a: Kris Kringle\n|-damage|p2a: Kris Kringle|0 fnt\n|faint|p2a: Kris Kringle\n|-end|p2a: Kris Kringle|Quark Drive|[silent]\n|c| justinrockin|nvm\n|\n|t:|1698621913\n|switch|p1a: Roaring Moon|Roaring Moon|100\/100|[from] Volt Switch\n|-damage|p1a: Roaring Moon|88\/100|[from] Stealth Rock\n|\n|upkeep\n|\n|t:|1698621920\n|switch|p2a: Nippy|Scizor, M|100\/100\n|-damage|p2a: Nippy|88\/100|[from] Stealth Rock\n|turn|26\n|\n|t:|1698621983\n|move|p1a: Roaring Moon|Knock Off|p2a: Nippy\n|-damage|p2a: Nippy|37\/100\n|-enditem|p2a: Nippy|Leftovers|[from] move: Knock Off|[of] p1a: Roaring Moon\n|move|p2a: Nippy|Lunge|p1a: Roaring Moon\n|-supereffective|p1a: Roaring Moon\n|-damage|p1a: Roaring Moon|0 fnt\n|faint|p1a: Roaring Moon\n|-end|p1a: Roaring Moon|Protosynthesis|[silent]\n|\n|upkeep\n|\n|t:|1698621993\n|switch|p1a: Great Tusk|Great Tusk|100\/100\n|-damage|p1a: Great Tusk|98\/100|[from] Stealth Rock\n|turn|27\n|\n|t:|1698622004\n|move|p1a: Great Tusk|Substitute|p1a: Great Tusk\n|-start|p1a: Great Tusk|Substitute\n|-damage|p1a: Great Tusk|73\/100\n|move|p2a: Nippy|Trailblaze|p1a: Great Tusk\n|-supereffective|p1a: Great Tusk\n|-end|p1a: Great Tusk|Substitute\n|-boost|p2a: Nippy|spe|1\n|\n|-heal|p1a: Great Tusk|79\/100|[from] item: Leftovers\n|upkeep\n|turn|28\n|\n|t:|1698622040\n|move|p1a: Great Tusk|Earthquake|p2a: Nippy\n|-damage|p2a: Nippy|0 fnt\n|faint|p2a: Nippy\n|\n|-heal|p1a: Great Tusk|85\/100|[from] item: Leftovers\n|upkeep\n|\n|t:|1698622045\n|switch|p2a: E Wizard|Zapdos|100\/100\n|turn|29\n|\n|t:|1698622094\n|move|p2a: E Wizard|Hurricane|p1a: Great Tusk|[miss]\n|-miss|p2a: E Wizard|p1a: Great Tusk\n|move|p1a: Great Tusk|Ice Spinner|p2a: E Wizard\n|-supereffective|p2a: E Wizard\n|-damage|p2a: E Wizard|44\/100\n|\n|-heal|p1a: Great Tusk|91\/100|[from] item: Leftovers\n|upkeep\n|turn|30\n|\n|t:|1698622106\n|move|p2a: E Wizard|Hurricane|p1a: Great Tusk\n|-supereffective|p1a: Great Tusk\n|-damage|p1a: Great Tusk|0 fnt\n|faint|p1a: Great Tusk\n|-end|p1a: Great Tusk|Protosynthesis|[silent]\n|\n|upkeep\n|\n|t:|1698622114\n|switch|p1a: Iron Moth|Iron Moth|55\/100 par\n|-damage|p1a: Iron Moth|30\/100 par|[from] Stealth Rock\n|turn|31\n|\n|t:|1698622120\n|move|p2a: E Wizard|Thunderbolt|p1a: Iron Moth\n|-damage|p1a: Iron Moth|0 fnt\n|faint|p1a: Iron Moth\n|-end|p1a: Iron Moth|Quark Drive|[silent]\n|\n|upkeep\n|\n|t:|1698622123\n|switch|p1a: Rotom|Rotom-Wash|11\/100\n|-damage|p1a: Rotom|0 fnt|[from] Stealth Rock\n|faint|p1a: Rotom\n|\n|win|The ShaqtusLOL\n|c|\u2606xegrizzy|gg\n|c|\u2606The ShaqtusLOL|gg\n|c|\u2606xegrizzy|i got rolled\n|c|\u2606The ShaqtusLOL|scary\n|c|\u2606The ShaqtusLOL|i played so bad\n|l|\u2606xegrizzy\n","uploadtime":1698622154,"views":33,"p1id":"xegrizzy","p2id":"theshaqtuslol","formatid":"gen9ubers","rating":0,"private":0,"password":""}