{"id":"gen9ubers-1989232153","p1":"RubenPaCe","p2":"1P1o1s1h1e1","format":"[Gen 9] Ubers","log":"|j|\u2606RubenPaCe\n|j|\u26061P1o1s1h1e1\n|t:|1699826069\n|gametype|singles\n|player|p1|RubenPaCe|camper|\n|player|p2|1P1o1s1h1e1|2|\n|teamsize|p1|6\n|teamsize|p2|6\n|gen|9\n|tier|[Gen 9] Ubers\n|rule|Sleep Clause Mod: Limit one foe put to sleep\n|rule|Species Clause: Limit one of each Pok\u00e9mon\n|rule|OHKO Clause: OHKO moves are banned\n|rule|Evasion Items Clause: Evasion items are banned\n|rule|Evasion Moves Clause: Evasion moves are banned\n|rule|Endless Battle Clause: Forcing endless battles is banned\n|rule|HP Percentage Mod: HP is shown in percentages\n|clearpoke\n|poke|p1|Pelipper, M|\n|poke|p1|Magearna|\n|poke|p1|Palkia-Origin|\n|poke|p1|Palafin, M|\n|poke|p1|Arceus-Grass|\n|poke|p1|Cyclizar, M|\n|poke|p2|Rillaboom, F|\n|poke|p2|Sneasler, F|\n|poke|p2|Cyclizar, F|\n|poke|p2|Arceus-Fire|\n|poke|p2|Dialga-Origin|\n|poke|p2|Zacian-*|\n|teampreview\n|c|\u2606RubenPaCe|shit\n|c|\u26061P1o1s1h1e1|lol\n|c|\u2606RubenPaCe|I found an RU ladder game the moment this oppened\n|c|\u26061P1o1s1h1e1|damn\n|c|\u26061P1o1s1h1e1|go ahead\n|c|\u26061P1o1s1h1e1|I can wait\n|c|\u2606RubenPaCe|thanks man\n|c|\u2606RubenPaCe|okay\n|c|\u26061P1o1s1h1e1|okay\n|c|\u26061P1o1s1h1e1|glhf\n|\n|t:|1699826400\n|start\n|switch|p1a: Palafin|Palafin, M|100\/100\n|switch|p2a: Dialga|Dialga-Origin|100\/100\n|-ability|p2a: Dialga|Pressure\n|turn|1\n|\n|t:|1699826416\n|detailschange|p1a: Palafin|Palafin-Hero, M\n|switch|p1a: Magearna|Magearna|100\/100\n|move|p2a: Dialga|Thunder Wave|p1a: Magearna|[miss]\n|-miss|p2a: Dialga|p1a: Magearna\n|\n|upkeep\n|turn|2\n|\n|t:|1699826427\n|switch|p2a: Arceus|Arceus-Fire|100\/100\n|move|p1a: Magearna|Spikes|p2a: Arceus\n|-sidestart|p2: 1P1o1s1h1e1|Spikes\n|\n|upkeep\n|turn|3\n|\n|t:|1699826431\n|switch|p2a: Rillaboom|Rillaboom, F|100\/100\n|-damage|p2a: Rillaboom|88\/100|[from] Spikes\n|-fieldstart|move: Grassy Terrain|[from] ability: Grassy Surge|[of] p2a: Rillaboom\n|move|p1a: Magearna|Thunder Wave|p2a: Rillaboom\n|-status|p2a: Rillaboom|par\n|\n|-heal|p2a: Rillaboom|94\/100 par|[from] Grassy Terrain\n|upkeep\n|turn|4\n|\n|t:|1699826437\n|move|p1a: Magearna|Spikes|p2a: Rillaboom\n|-sidestart|p2: 1P1o1s1h1e1|Spikes\n|move|p2a: Rillaboom|U-turn|p1a: Magearna\n|-resisted|p1a: Magearna\n|-damage|p1a: Magearna|93\/100\n|\n|t:|1699826440\n|switch|p2a: Cyclizar|Cyclizar, F|100\/100|[from] U-turn\n|\n|-heal|p1a: Magearna|99\/100|[from] Grassy Terrain\n|-heal|p1a: Magearna|100\/100|[from] item: Leftovers\n|upkeep\n|turn|5\n|\n|t:|1699826443\n|-terastallize|p2a: Cyclizar|Poison\n|move|p2a: Cyclizar|Rapid Spin|p1a: Magearna\n|-resisted|p1a: Magearna\n|-crit|p1a: Magearna\n|-damage|p1a: Magearna|91\/100\n|-boost|p2a: Cyclizar|spe|1\n|-sideend|p2: 1P1o1s1h1e1|Spikes|[from] move: Rapid Spin|[of] p2a: Cyclizar\n|move|p1a: Magearna|Volt Switch|p2a: Cyclizar\n|-damage|p2a: Cyclizar|73\/100\n|\n|t:|1699826448\n|switch|p1a: Palafin|Palafin-Hero, M|100\/100|[from] Volt Switch\n|-activate|p1a: Palafin|ability: Zero to Hero\n|\n|-heal|p2a: Cyclizar|80\/100|[from] Grassy Terrain\n|upkeep\n|turn|6\n|\n|t:|1699826456\n|switch|p2a: Rillaboom|Rillaboom, F|94\/100 par\n|move|p1a: Palafin|Flip Turn|p2a: Rillaboom\n|-resisted|p2a: Rillaboom\n|-damage|p2a: Rillaboom|74\/100 par\n|\n|t:|1699826458\n|switch|p1a: Pelipper|Pelipper, M|100\/100|[from] Flip Turn\n|-weather|RainDance|[from] ability: Drizzle|[of] p1a: Pelipper\n|\n|-weather|RainDance|[upkeep]\n|-heal|p2a: Rillaboom|80\/100 par|[from] Grassy Terrain\n|upkeep\n|turn|7\n|\n|t:|1699826463\n|switch|p2a: Dialga|Dialga-Origin|100\/100\n|-ability|p2a: Dialga|Pressure\n|move|p1a: Pelipper|U-turn|p2a: Dialga\n|-resisted|p2a: Dialga\n|-damage|p2a: Dialga|98\/100\n|\n|t:|1699826466\n|switch|p1a: Magearna|Magearna|91\/100|[from] U-turn\n|\n|-weather|RainDance|[upkeep]\n|-heal|p2a: Dialga|100\/100|[from] Grassy Terrain\n|-heal|p1a: Magearna|97\/100|[from] Grassy Terrain\n|-heal|p1a: Magearna|100\/100|[from] item: Leftovers\n|-fieldend|move: Grassy Terrain\n|upkeep\n|turn|8\n|\n|t:|1699826472\n|move|p2a: Dialga|Steel Beam|p1a: Magearna\n|-damage|p1a: Magearna|50\/100\n|-damage|p2a: Dialga|50\/100|[from] steelbeam\n|move|p1a: Magearna|Spikes|p2a: Dialga\n|-sidestart|p2: 1P1o1s1h1e1|Spikes\n|\n|-weather|RainDance|[upkeep]\n|-heal|p1a: Magearna|56\/100|[from] item: Leftovers\n|upkeep\n|turn|9\n|\n|t:|1699826480\n|switch|p2a: Cyclizar|Cyclizar, F, tera:Poison|100\/100\n|move|p1a: Magearna|Spikes|p2a: Cyclizar\n|-sidestart|p2: 1P1o1s1h1e1|Spikes\n|\n|-weather|RainDance|[upkeep]\n|-heal|p1a: Magearna|62\/100|[from] item: Leftovers\n|upkeep\n|turn|10\n|\n|t:|1699826492\n|move|p2a: Cyclizar|Shed Tail|p2a: Cyclizar\n|-start|p2a: Cyclizar|Substitute|[from] move: Shed Tail\n|-damage|p2a: Cyclizar|50\/100\n|\n|t:|1699826498\n|switch|p2a: Zacian|Zacian|100\/100|[from] Shed Tail\n|-ability|p2a: Zacian|Intrepid Sword|boost\n|-boost|p2a: Zacian|atk|1\n|move|p1a: Magearna|Volt Switch|p2a: Zacian\n|-activate|p2a: Zacian|move: Substitute|[damage]\n|\n|t:|1699826506\n|switch|p1a: Palafin|Palafin-Hero, M|100\/100|[from] Volt Switch\n|\n|-weather|RainDance|[upkeep]\n|upkeep\n|turn|11\n|\n|t:|1699826514\n|move|p1a: Palafin|Jet Punch|p2a: Zacian\n|-end|p2a: Zacian|Substitute\n|move|p2a: Zacian|Play Rough|p1a: Palafin\n|-damage|p1a: Palafin|44\/100\n|\n|-weather|RainDance|[upkeep]\n|upkeep\n|turn|12\n|\n|t:|1699826523\n|switch|p1a: Magearna|Magearna|62\/100\n|move|p2a: Zacian|Play Rough|p1a: Magearna\n|-resisted|p1a: Magearna\n|-damage|p1a: Magearna|36\/100\n|\n|-weather|RainDance|[upkeep]\n|-heal|p1a: Magearna|42\/100|[from] item: Leftovers\n|upkeep\n|turn|13\n|\n|t:|1699826543\n|switch|p2a: Dialga|Dialga-Origin|50\/100\n|-damage|p2a: Dialga|34\/100|[from] Spikes\n|-ability|p2a: Dialga|Pressure\n|move|p1a: Magearna|Volt Switch|p2a: Dialga\n|-resisted|p2a: Dialga\n|-damage|p2a: Dialga|28\/100\n|\n|t:|1699826553\n|switch|p1a: Palkia|Palkia-Origin|100\/100|[from] Volt Switch\n|-ability|p1a: Palkia|Pressure\n|\n|-weather|none\n|upkeep\n|turn|14\n|\n|t:|1699826565\n|switch|p2a: Zacian|Zacian|100\/100\n|move|p1a: Palkia|Spacial Rend|p2a: Zacian\n|-immune|p2a: Zacian\n|\n|upkeep\n|turn|15\n|\n|t:|1699826572\n|switch|p1a: Arceus|Arceus-Grass|100\/100\n|move|p2a: Zacian|Swords Dance|p2a: Zacian\n|-boost|p2a: Zacian|atk|2\n|\n|upkeep\n|turn|16\n|\n|t:|1699826577\n|move|p2a: Zacian|Play Rough|p1a: Arceus\n|-damage|p1a: Arceus|45\/100\n|move|p1a: Arceus|Judgment|p2a: Zacian\n|-crit|p2a: Zacian\n|-damage|p2a: Zacian|30\/100\n|\n|upkeep\n|turn|17\n|\n|t:|1699826582\n|switch|p1a: Pelipper|Pelipper, M|100\/100\n|-weather|RainDance|[from] ability: Drizzle|[of] p1a: Pelipper\n|move|p2a: Zacian|Play Rough|p1a: Pelipper\n|-damage|p1a: Pelipper|35\/100\n|\n|-weather|RainDance|[upkeep]\n|upkeep\n|turn|18\n|\n|t:|1699826588\n|switch|p1a: Magearna|Magearna|42\/100\n|move|p2a: Zacian|Play Rough|p1a: Magearna\n|-resisted|p1a: Magearna\n|-damage|p1a: Magearna|3\/100\n|-unboost|p1a: Magearna|atk|1\n|\n|-weather|RainDance|[upkeep]\n|-heal|p1a: Magearna|9\/100|[from] item: Leftovers\n|upkeep\n|turn|19\n|\n|t:|1699826592\n|move|p2a: Zacian|Play Rough|p1a: Magearna\n|-resisted|p1a: Magearna\n|-damage|p1a: Magearna|0 fnt\n|faint|p1a: Magearna\n|\n|-weather|RainDance|[upkeep]\n|upkeep\n|\n|t:|1699826593\n|switch|p1a: Palafin|Palafin-Hero, M|44\/100\n|turn|20\n|\n|t:|1699826598\n|move|p1a: Palafin|Jet Punch|p2a: Zacian\n|-damage|p2a: Zacian|0 fnt\n|faint|p2a: Zacian\n|\n|-weather|RainDance|[upkeep]\n|upkeep\n|\n|t:|1699826602\n|switch|p2a: Rillaboom|Rillaboom, F|80\/100 par\n|-damage|p2a: Rillaboom|64\/100 par|[from] Spikes\n|-fieldstart|move: Grassy Terrain|[from] ability: Grassy Surge|[of] p2a: Rillaboom\n|turn|21\n|\n|t:|1699826608\n|switch|p1a: Palkia|Palkia-Origin|100\/100\n|-ability|p1a: Palkia|Pressure\n|cant|p2a: Rillaboom|par\n|\n|-weather|RainDance|[upkeep]\n|-heal|p2a: Rillaboom|70\/100 par|[from] Grassy Terrain\n|upkeep\n|turn|22\n|\n|t:|1699826615\n|move|p1a: Palkia|Spacial Rend|p2a: Rillaboom\n|-damage|p2a: Rillaboom|0 fnt\n|faint|p2a: Rillaboom\n|\n|-weather|RainDance|[upkeep]\n|upkeep\n|\n|t:|1699826625\n|switch|p2a: Sneasler|Sneasler, F, shiny|100\/100\n|-damage|p2a: Sneasler|84\/100|[from] Spikes\n|-enditem|p2a: Sneasler|Grassy Seed\n|-boost|p2a: Sneasler|def|1|[from] item: Grassy Seed\n|turn|23\n|c|\u26061P1o1s1h1e1|that was definitely a misplay on my part\n|c|\u26061P1o1s1h1e1|should have sacked dial\n|\n|t:|1699826646\n|move|p2a: Sneasler|Dire Claw|p1a: Palkia\n|-damage|p1a: Palkia|47\/100\n|move|p1a: Palkia|Spacial Rend|p2a: Sneasler\n|-damage|p2a: Sneasler|0 fnt\n|faint|p2a: Sneasler\n|\n|-weather|RainDance|[upkeep]\n|-heal|p1a: Palkia|53\/100|[from] Grassy Terrain\n|upkeep\n|c|\u26061P1o1s1h1e1|gg\n|-message|1P1o1s1h1e1 forfeited.\n|\n|win|RubenPaCe\n|c|\u2606RubenPaCe|gg\n","uploadtime":1699826710,"views":20,"p1id":"rubenpace","p2id":"1p1o1s1h1e1","formatid":"gen9ubers","rating":0,"private":0,"password":""}