{"id":"gen9ubers-1987734920","p1":"japieboon522","p2":"Ph0n3_Guy1987","format":"[Gen 9] Ubers","log":"|j|\u2606japieboon522\n|j|\u203dPh0n3_Guy1987\n|t:|1699632122\n|gametype|singles\n|player|p1|japieboon522|102|1104\n|player|p2|Ph0n3_Guy1987|policeman-gen4|1008\n|teamsize|p1|6\n|teamsize|p2|6\n|gen|9\n|tier|[Gen 9] Ubers\n|rated|\n|rule|Sleep Clause Mod: Limit one foe put to sleep\n|rule|Species Clause: Limit one of each Pok\u00e9mon\n|rule|OHKO Clause: OHKO moves are banned\n|rule|Evasion Items Clause: Evasion items are banned\n|rule|Evasion Moves Clause: Evasion moves are banned\n|rule|Endless Battle Clause: Forcing endless battles is banned\n|rule|HP Percentage Mod: HP is shown in percentages\n|clearpoke\n|poke|p1|Rayquaza|\n|poke|p1|Annihilape, F|\n|poke|p1|Flutter Mane|\n|poke|p1|Koraidon|\n|poke|p1|Palafin, M|\n|poke|p1|Chien-Pao|\n|poke|p2|Flutter Mane|\n|poke|p2|Baxcalibur, F|\n|poke|p2|Espathra, M|\n|poke|p2|Zacian-*|\n|poke|p2|Regieleki|\n|poke|p2|Calyrex-Ice|\n|teampreview\n|inactive|Battle timer is ON: inactive players will automatically lose when time's up. (requested by Ph0n3_Guy1987)\n|inactive|Ph0n3_Guy1987 has 120 seconds left.\n|\n|t:|1699632158\n|start\n|switch|p1a: Annihilape|Annihilape, F|100\/100\n|switch|p2a: Espathra|Espathra, M|100\/100\n|turn|1\n|\n|t:|1699632177\n|move|p2a: Espathra|Calm Mind|p2a: Espathra\n|-boost|p2a: Espathra|spa|1\n|-boost|p2a: Espathra|spd|1\n|move|p1a: Annihilape|Rage Fist|p2a: Espathra\n|-supereffective|p2a: Espathra\n|-damage|p2a: Espathra|21\/100\n|-enditem|p2a: Espathra|Weakness Policy\n|-boost|p2a: Espathra|atk|2|[from] item: Weakness Policy\n|-boost|p2a: Espathra|spa|2|[from] item: Weakness Policy\n|\n|-ability|p2a: Espathra|Speed Boost|boost\n|-boost|p2a: Espathra|spe|1\n|upkeep\n|turn|2\n|\n|t:|1699632197\n|-terastallize|p2a: Espathra|Psychic\n|move|p2a: Espathra|Stored Power|p1a: Annihilape\n|-supereffective|p1a: Annihilape\n|-damage|p1a: Annihilape|0 fnt\n|faint|p1a: Annihilape\n|\n|-ability|p2a: Espathra|Speed Boost|boost\n|-boost|p2a: Espathra|spe|1\n|upkeep\n|\n|t:|1699632207\n|switch|p1a: Rayquaza|Rayquaza, shiny|100\/100\n|-ability|p1a: Rayquaza|Air Lock\n|turn|3\n|\n|t:|1699632212\n|move|p2a: Espathra|Protect|p2a: Espathra\n|-singleturn|p2a: Espathra|Protect\n|move|p1a: Rayquaza|Extreme Speed|p2a: Espathra\n|-activate|p2a: Espathra|move: Protect\n|\n|-ability|p2a: Espathra|Speed Boost|boost\n|-boost|p2a: Espathra|spe|1\n|upkeep\n|turn|4\n|\n|t:|1699632221\n|move|p1a: Rayquaza|Extreme Speed|p2a: Espathra\n|-damage|p2a: Espathra|0 fnt\n|faint|p2a: Espathra\n|\n|upkeep\n|\n|t:|1699632225\n|switch|p2a: Baxcalibur|Baxcalibur, F|100\/100\n|turn|5\n|\n|t:|1699632236\n|move|p2a: Baxcalibur|Ice Shard|p1a: Rayquaza\n|-supereffective|p1a: Rayquaza\n|-damage|p1a: Rayquaza|0 fnt\n|faint|p1a: Rayquaza\n|\n|upkeep\n|\n|t:|1699632259\n|switch|p1a: Flutter Mane|Flutter Mane, shiny|100\/100\n|turn|6\n|\n|t:|1699632265\n|switch|p2a: Zacian|Zacian-Crowned|100\/100\n|-ability|p2a: Zacian|Intrepid Sword|boost\n|-boost|p2a: Zacian|atk|1\n|-terastallize|p1a: Flutter Mane|Fairy\n|move|p1a: Flutter Mane|Moonblast|p2a: Zacian\n|-resisted|p2a: Zacian\n|-damage|p2a: Zacian|56\/100\n|-unboost|p2a: Zacian|spa|1\n|\n|upkeep\n|turn|7\n|inactive|japieboon522 has 120 seconds left.\n|\n|t:|1699632295\n|move|p2a: Zacian|Behemoth Blade|p1a: Flutter Mane\n|-supereffective|p1a: Flutter Mane\n|-damage|p1a: Flutter Mane|0 fnt\n|faint|p1a: Flutter Mane\n|-end|p1a: Flutter Mane|Protosynthesis|[silent]\n|\n|upkeep\n|\n|t:|1699632316\n|switch|p1a: Palafin|Palafin, M|100\/100\n|turn|8\n|inactive|Ph0n3_Guy1987 has 120 seconds left.\n|inactive|Ph0n3_Guy1987 has 90 seconds left.\n|inactive|Ph0n3_Guy1987 has 60 seconds left.\n|inactive|Ph0n3_Guy1987 has 30 seconds left.\n|inactive|Ph0n3_Guy1987 has 20 seconds left.\n|inactive|Ph0n3_Guy1987 has 15 seconds left.\n|inactive|Ph0n3_Guy1987 has 10 seconds left.\n|\n|t:|1699632460\n|detailschange|p1a: Palafin|Palafin-Hero, M\n|switch|p1a: Chien-Pao|Chien-Pao|100\/100\n|-ability|p1a: Chien-Pao|Sword of Ruin\n|move|p2a: Zacian|Sacred Sword|p1a: Chien-Pao\n|-supereffective|p1a: Chien-Pao\n|-enditem|p1a: Chien-Pao|Focus Sash\n|-damage|p1a: Chien-Pao|1\/100\n|\n|upkeep\n|turn|9\n|inactive|Ph0n3_Guy1987 has 20 seconds left this turn.\n|inactive|Ph0n3_Guy1987 has 15 seconds left.\n|\n|t:|1699632473\n|move|p1a: Chien-Pao|Sucker Punch|p2a: Zacian\n|-resisted|p2a: Zacian\n|-damage|p2a: Zacian|32\/100\n|move|p2a: Zacian|Sacred Sword|p1a: Chien-Pao\n|-supereffective|p1a: Chien-Pao\n|-damage|p1a: Chien-Pao|0 fnt\n|faint|p1a: Chien-Pao\n|\n|upkeep\n|inactive|Ph0n3_Guy1987 has 20 seconds left this turn.\n|\n|t:|1699632482\n|switch|p1a: Palafin|Palafin-Hero, M|100\/100\n|-activate|p1a: Palafin|ability: Zero to Hero\n|turn|10\n|inactive|Ph0n3_Guy1987 has 30 seconds left this turn.\n|inactive|Ph0n3_Guy1987 has 20 seconds left.\n|\n|t:|1699632495\n|move|p2a: Zacian|Sacred Sword|p1a: Palafin\n|-damage|p1a: Palafin|50\/100\n|move|p1a: Palafin|Wave Crash|p2a: Zacian\n|-damage|p2a: Zacian|0 fnt\n|faint|p2a: Zacian\n|-damage|p1a: Palafin|40\/100|[from] Recoil\n|\n|upkeep\n|inactive|Ph0n3_Guy1987 has 25 seconds left this turn.\n|inactive|Ph0n3_Guy1987 has 20 seconds left.\n|\n|t:|1699632502\n|switch|p2a: Flutter Mane|Flutter Mane|100\/100\n|-enditem|p2a: Flutter Mane|Booster Energy\n|-activate|p2a: Flutter Mane|ability: Protosynthesis|[fromitem]\n|-start|p2a: Flutter Mane|protosynthesisspe\n|turn|11\n|inactive|Ph0n3_Guy1987 has 30 seconds left this turn.\n|\n|t:|1699632509\n|move|p2a: Flutter Mane|Moonblast|p1a: Palafin\n|-damage|p1a: Palafin|0 fnt\n|faint|p1a: Palafin\n|\n|upkeep\n|\n|t:|1699632514\n|switch|p1a: Koraidon|Koraidon|100\/100\n|-weather|SunnyDay|[from] ability: Orichalcum Pulse|[of] p1a: Koraidon\n|-activate|p1a: Koraidon|Orichalcum Pulse|[source]\n|turn|12\n|inactive|japieboon522 has 120 seconds left.\n|inactive|Ph0n3_Guy1987 has 30 seconds left.\n|inactive|Ph0n3_Guy1987 has 20 seconds left.\n|inactive|Ph0n3_Guy1987 has 15 seconds left.\n|inactive|Ph0n3_Guy1987 has 10 seconds left.\n|inactive|Ph0n3_Guy1987 has 5 seconds left.\n|\n|t:|1699632557\n|move|p2a: Flutter Mane|Moonblast|p1a: Koraidon\n|-supereffective|p1a: Koraidon\n|-damage|p1a: Koraidon|0 fnt\n|faint|p1a: Koraidon\n|\n|win|Ph0n3_Guy1987\n|inactive|Ph0n3_Guy1987 has 10 seconds left this turn.\n|raw|japieboon522's rating: 1104 &rarr; <strong>1072<\/strong><br \/>(-32 for losing)\n|raw|Ph0n3_Guy1987's rating: 1008 &rarr; <strong>1057<\/strong><br \/>(+49 for winning)\n|l|\u2606japieboon522\n","uploadtime":1699632788,"views":6,"p1id":"japieboon522","p2id":"ph0n3guy1987","formatid":"gen9ubers","rating":1057,"private":0,"password":""}