{"id":"gen9ubers-1967812167","p1":"GratedsShtickface","p2":"Leo Justice","format":"[Gen 9] Ubers","log":"|j|\u2606GratedsShtickface\n|j|\u2606Leo Justice\n|t:|1697341487\n|gametype|singles\n|player|p1|GratedsShtickface|hiker-gen4|\n|player|p2|Leo Justice|169|\n|teamsize|p1|6\n|teamsize|p2|6\n|gen|9\n|tier|[Gen 9] Ubers\n|rule|Sleep Clause Mod: Limit one foe put to sleep\n|rule|Species Clause: Limit one of each Pok\u00e9mon\n|rule|OHKO Clause: OHKO moves are banned\n|rule|Evasion Items Clause: Evasion items are banned\n|rule|Evasion Moves Clause: Evasion moves are banned\n|rule|Endless Battle Clause: Forcing endless battles is banned\n|rule|HP Percentage Mod: HP is shown in percentages\n|clearpoke\n|poke|p1|Palkia-Origin|\n|poke|p1|Shaymin-Sky|\n|poke|p1|Arceus-Fire|\n|poke|p1|Magearna|\n|poke|p1|Zacian-*|\n|poke|p1|Cyclizar, M|\n|poke|p2|Dondozo, M|\n|poke|p2|Magearna|\n|poke|p2|Giratina|\n|poke|p2|Arceus-Poison|\n|poke|p2|Blissey, F|\n|poke|p2|Garganacl, F|\n|teampreview\n|inactive|Battle timer is ON: inactive players will automatically lose when time's up. (requested by GratedsShtickface)\n|\n|t:|1697341518\n|start\n|switch|p1a: Music Box Doll|Magearna|100\/100\n|switch|p2a: Arceus|Arceus-Poison|100\/100\n|turn|1\n|\n|t:|1697341529\n|switch|p2a: Magearna|Magearna|100\/100\n|move|p1a: Music Box Doll|Thunder Wave|p2a: Magearna\n|-status|p2a: Magearna|par\n|\n|upkeep\n|turn|2\n|\n|t:|1697341534\n|move|p1a: Music Box Doll|Spikes|p2a: Magearna\n|-sidestart|p2: Leo Justice|Spikes\n|move|p2a: Magearna|Spikes|p1a: Music Box Doll\n|-sidestart|p1: GratedsShtickface|Spikes\n|\n|upkeep\n|turn|3\n|\n|t:|1697341539\n|switch|p2a: Garganacl|Garganacl, F|100\/100\n|-damage|p2a: Garganacl|88\/100|[from] Spikes\n|move|p1a: Music Box Doll|Spikes|p2a: Garganacl\n|-sidestart|p2: Leo Justice|Spikes\n|\n|-heal|p2a: Garganacl|94\/100|[from] item: Leftovers\n|upkeep\n|turn|4\n|\n|t:|1697341546\n|move|p1a: Music Box Doll|Volt Switch|p2a: Garganacl\n|-damage|p2a: Garganacl|81\/100\n|\n|t:|1697341550\n|switch|p1a: Honse|Palkia-Origin, shiny|100\/100|[from] Volt Switch\n|-damage|p1a: Honse|88\/100|[from] Spikes\n|-ability|p1a: Honse|Pressure\n|move|p2a: Garganacl|Salt Cure|p1a: Honse\n|-damage|p1a: Honse|74\/100\n|-start|p1a: Honse|Salt Cure\n|\n|-heal|p2a: Garganacl|87\/100|[from] item: Leftovers\n|-damage|p1a: Honse|49\/100|[from] Salt Cure\n|upkeep\n|turn|5\n|\n|t:|1697341564\n|switch|p2a: Blissey|Blissey, F|100\/100\n|move|p1a: Honse|Hydro Pump|p2a: Blissey\n|-damage|p2a: Blissey|72\/100\n|\n|-damage|p1a: Honse|24\/100|[from] Salt Cure\n|upkeep\n|turn|6\n|\n|t:|1697341573\n|switch|p1a: Flesh Serpent|Cyclizar, M|100\/100\n|move|p2a: Blissey|Heal Bell|p2a: Blissey\n|-activate|p2a: Blissey|move: Heal Bell\n|-curestatus|p2: Magearna|par|[msg]\n|\n|upkeep\n|turn|7\n|\n|t:|1697341578\n|switch|p2a: Giratina|Giratina|100\/100\n|-ability|p2a: Giratina|Pressure\n|move|p1a: Flesh Serpent|Rapid Spin|p2a: Giratina\n|-immune|p2a: Giratina\n|\n|upkeep\n|turn|8\n|\n|t:|1697341584\n|move|p1a: Flesh Serpent|Knock Off|p2a: Giratina\n|-supereffective|p2a: Giratina\n|-damage|p2a: Giratina|82\/100\n|-enditem|p2a: Giratina|Heavy-Duty Boots|[from] move: Knock Off|[of] p1a: Flesh Serpent\n|move|p2a: Giratina|Will-O-Wisp|p1a: Flesh Serpent\n|-status|p1a: Flesh Serpent|brn\n|\n|-damage|p1a: Flesh Serpent|94\/100 brn|[from] brn\n|upkeep\n|turn|9\n|\n|t:|1697341592\n|move|p1a: Flesh Serpent|Shed Tail|p1a: Flesh Serpent\n|-start|p1a: Flesh Serpent|Substitute|[from] move: Shed Tail\n|-damage|p1a: Flesh Serpent|44\/100 brn\n|\n|t:|1697341597\n|switch|p1a: Haxmin|Shaymin-Sky|100\/100|[from] Shed Tail\n|move|p2a: Giratina|Defog|p1a: Haxmin\n|-sideend|p1: GratedsShtickface|Spikes|[from] move: Defog|[of] p2a: Giratina\n|-sideend|p2: Leo Justice|Spikes|[from] move: Defog|[of] p2a: Giratina\n|\n|upkeep\n|turn|10\n|\n|t:|1697341604\n|switch|p2a: Garganacl|Garganacl, F|87\/100\n|move|p1a: Haxmin|Seed Flare|p2a: Garganacl|[miss]\n|-miss|p1a: Haxmin|p2a: Garganacl\n|\n|-heal|p2a: Garganacl|93\/100|[from] item: Leftovers\n|upkeep\n|turn|11\n|\n|t:|1697341615\n|switch|p2a: Magearna|Magearna|100\/100\n|move|p1a: Haxmin|Seed Flare|p2a: Magearna\n|-resisted|p2a: Magearna\n|-damage|p2a: Magearna|81\/100\n|\n|-heal|p2a: Magearna|87\/100|[from] item: Leftovers\n|upkeep\n|turn|12\n|\n|t:|1697341624\n|switch|p1a: Honse|Palkia-Origin, shiny|24\/100\n|-ability|p1a: Honse|Pressure\n|-terastallize|p2a: Magearna|Flying\n|move|p2a: Magearna|Draining Kiss|p1a: Honse\n|-supereffective|p1a: Honse\n|-damage|p1a: Honse|0 fnt\n|-heal|p2a: Magearna|100\/100|[from] drain|[of] p1a: Honse\n|faint|p1a: Honse\n|-ability|p2a: Magearna|Soul-Heart|boost\n|-boost|p2a: Magearna|spa|1\n|\n|upkeep\n|\n|t:|1697341630\n|switch|p1a: Ar\u0441eus-Fighting|Arceus-Fire, shiny|100\/100\n|turn|13\n|\n|t:|1697341638\n|switch|p2a: Dondozo|Dondozo, M|100\/100\n|move|p1a: Ar\u0441eus-Fighting|Dragon Dance|p1a: Ar\u0441eus-Fighting\n|-boost|p1a: Ar\u0441eus-Fighting|atk|1\n|-boost|p1a: Ar\u0441eus-Fighting|spe|1\n|\n|upkeep\n|turn|14\n|\n|t:|1697341643\n|switch|p1a: Haxmin|Shaymin-Sky|100\/100\n|move|p2a: Dondozo|Liquidation|p1a: Haxmin\n|-resisted|p1a: Haxmin\n|-damage|p1a: Haxmin|81\/100\n|-unboost|p1a: Haxmin|def|1\n|\n|upkeep\n|turn|15\n|\n|t:|1697341650\n|switch|p2a: Magearna|Magearna, tera:Flying|100\/100\n|move|p1a: Haxmin|Earth Power|p2a: Magearna\n|-immune|p2a: Magearna\n|\n|upkeep\n|turn|16\n|\n|t:|1697341655\n|switch|p1a: Sif|Zacian|100\/100\n|-ability|p1a: Sif|Intrepid Sword|boost\n|-boost|p1a: Sif|atk|1\n|move|p2a: Magearna|Ice Beam|p1a: Sif\n|-damage|p1a: Sif|77\/100\n|\n|upkeep\n|turn|17\n|\n|t:|1697341664\n|switch|p2a: Dondozo|Dondozo, M|100\/100\n|move|p1a: Sif|Play Rough|p2a: Dondozo\n|-damage|p2a: Dondozo|82\/100\n|\n|upkeep\n|turn|18\n|\n|t:|1697341670\n|move|p1a: Sif|Trailblaze|p2a: Dondozo\n|-supereffective|p2a: Dondozo\n|-damage|p2a: Dondozo|67\/100\n|-boost|p1a: Sif|spe|1\n|move|p2a: Dondozo|Curse|p2a: Dondozo\n|-unboost|p2a: Dondozo|spe|1\n|-boost|p2a: Dondozo|atk|1\n|-boost|p2a: Dondozo|def|1\n|\n|upkeep\n|turn|19\n|\n|t:|1697341675\n|switch|p1a: Haxmin|Shaymin-Sky|81\/100\n|move|p2a: Dondozo|Liquidation|p1a: Haxmin\n|-resisted|p1a: Haxmin\n|-damage|p1a: Haxmin|55\/100\n|\n|upkeep\n|turn|20\n|\n|t:|1697341682\n|switch|p2a: Magearna|Magearna, tera:Flying|100\/100\n|move|p1a: Haxmin|Air Slash|p2a: Magearna\n|-damage|p2a: Magearna|77\/100\n|\n|-heal|p2a: Magearna|83\/100|[from] item: Leftovers\n|upkeep\n|turn|21\n|\n|t:|1697341687\n|move|p1a: Haxmin|Air Slash|p2a: Magearna\n|-damage|p2a: Magearna|60\/100\n|cant|p2a: Magearna|flinch\n|\n|-heal|p2a: Magearna|66\/100|[from] item: Leftovers\n|upkeep\n|turn|22\n|\n|t:|1697341691\n|move|p1a: Haxmin|Air Slash|p2a: Magearna\n|-damage|p2a: Magearna|40\/100\n|move|p2a: Magearna|Ice Beam|p1a: Haxmin\n|-supereffective|p1a: Haxmin\n|-damage|p1a: Haxmin|0 fnt\n|faint|p1a: Haxmin\n|-ability|p2a: Magearna|Soul-Heart|boost\n|-boost|p2a: Magearna|spa|1\n|\n|-heal|p2a: Magearna|46\/100|[from] item: Leftovers\n|upkeep\n|\n|t:|1697341698\n|switch|p1a: Music Box Doll|Magearna|100\/100\n|turn|23\n|\n|t:|1697341705\n|switch|p2a: Garganacl|Garganacl, F|93\/100\n|move|p1a: Music Box Doll|Volt Switch|p2a: Garganacl\n|-damage|p2a: Garganacl|81\/100\n|\n|t:|1697341713\n|switch|p1a: Ar\u0441eus-Fighting|Arceus-Fire, shiny|100\/100|[from] Volt Switch\n|\n|-heal|p2a: Garganacl|87\/100|[from] item: Leftovers\n|upkeep\n|turn|24\n|\n|t:|1697341717\n|move|p1a: Ar\u0441eus-Fighting|Earthquake|p2a: Garganacl\n|-supereffective|p2a: Garganacl\n|-damage|p2a: Garganacl|39\/100\n|move|p2a: Garganacl|Salt Cure|p1a: Ar\u0441eus-Fighting\n|-supereffective|p1a: Ar\u0441eus-Fighting\n|-crit|p1a: Ar\u0441eus-Fighting\n|-damage|p1a: Ar\u0441eus-Fighting|71\/100\n|-start|p1a: Ar\u0441eus-Fighting|Salt Cure\n|\n|-heal|p2a: Garganacl|45\/100|[from] item: Leftovers\n|-damage|p1a: Ar\u0441eus-Fighting|58\/100|[from] Salt Cure\n|upkeep\n|turn|25\n|\n|t:|1697341727\n|switch|p2a: Giratina|Giratina|82\/100\n|-ability|p2a: Giratina|Pressure\n|move|p1a: Ar\u0441eus-Fighting|Dragon Dance|p1a: Ar\u0441eus-Fighting\n|-boost|p1a: Ar\u0441eus-Fighting|atk|1\n|-boost|p1a: Ar\u0441eus-Fighting|spe|1\n|\n|-damage|p1a: Ar\u0441eus-Fighting|46\/100|[from] Salt Cure\n|upkeep\n|turn|26\n|\n|t:|1697341734\n|move|p1a: Ar\u0441eus-Fighting|Recover|p1a: Ar\u0441eus-Fighting\n|-heal|p1a: Ar\u0441eus-Fighting|96\/100\n|move|p2a: Giratina|Shadow Ball|p1a: Ar\u0441eus-Fighting\n|-damage|p1a: Ar\u0441eus-Fighting|76\/100\n|\n|-damage|p1a: Ar\u0441eus-Fighting|64\/100|[from] Salt Cure\n|upkeep\n|turn|27\n|\n|t:|1697341743\n|move|p1a: Ar\u0441eus-Fighting|Earthquake|p2a: Giratina\n|-damage|p2a: Giratina|59\/100\n|move|p2a: Giratina|Shadow Ball|p1a: Ar\u0441eus-Fighting\n|-damage|p1a: Ar\u0441eus-Fighting|43\/100\n|\n|-damage|p1a: Ar\u0441eus-Fighting|31\/100|[from] Salt Cure\n|upkeep\n|turn|28\n|\n|t:|1697341750\n|switch|p1a: Music Box Doll|Magearna|100\/100\n|move|p2a: Giratina|Shadow Ball|p1a: Music Box Doll\n|-damage|p1a: Music Box Doll|82\/100\n|\n|-heal|p1a: Music Box Doll|88\/100|[from] item: Leftovers\n|upkeep\n|turn|29\n|\n|t:|1697341767\n|switch|p2a: Garganacl|Garganacl, F|45\/100\n|move|p1a: Music Box Doll|Draining Kiss|p2a: Garganacl\n|-damage|p2a: Garganacl|31\/100\n|-heal|p1a: Music Box Doll|99\/100|[from] drain|[of] p2a: Garganacl\n|\n|-heal|p1a: Music Box Doll|100\/100|[from] item: Leftovers\n|-heal|p2a: Garganacl|37\/100|[from] item: Leftovers\n|upkeep\n|turn|30\n|\n|t:|1697341776\n|move|p1a: Music Box Doll|Volt Switch|p2a: Garganacl\n|-damage|p2a: Garganacl|25\/100\n|\n|t:|1697341779\n|switch|p1a: Sif|Zacian|77\/100|[from] Volt Switch\n|move|p2a: Garganacl|Recover|p2a: Garganacl\n|-heal|p2a: Garganacl|75\/100\n|\n|-heal|p2a: Garganacl|81\/100|[from] item: Leftovers\n|upkeep\n|turn|31\n|\n|t:|1697341790\n|move|p1a: Sif|Close Combat|p2a: Garganacl\n|-supereffective|p2a: Garganacl\n|-damage|p2a: Garganacl|30\/100\n|-unboost|p1a: Sif|def|1\n|-unboost|p1a: Sif|spd|1\n|move|p2a: Garganacl|Stealth Rock|p1a: Sif\n|-sidestart|p1: GratedsShtickface|move: Stealth Rock\n|\n|-heal|p2a: Garganacl|36\/100|[from] item: Leftovers\n|upkeep\n|turn|32\n|\n|t:|1697341799\n|switch|p2a: Dondozo|Dondozo, M|67\/100\n|move|p1a: Sif|Close Combat|p2a: Dondozo\n|-damage|p2a: Dondozo|48\/100\n|-unboost|p1a: Sif|def|1\n|-unboost|p1a: Sif|spd|1\n|\n|upkeep\n|turn|33\n|\n|t:|1697341805\n|switch|p1a: Flesh Serpent|Cyclizar, M|77\/100 brn\n|move|p2a: Dondozo|Rest|p2a: Dondozo\n|-status|p2a: Dondozo|slp|[from] move: Rest\n|-heal|p2a: Dondozo|100\/100 slp|[silent]\n|\n|-damage|p1a: Flesh Serpent|71\/100 brn|[from] brn\n|upkeep\n|turn|34\n|\n|t:|1697341809\n|switch|p2a: Giratina|Giratina|59\/100\n|-ability|p2a: Giratina|Pressure\n|move|p1a: Flesh Serpent|Rapid Spin|p2a: Giratina\n|-immune|p2a: Giratina\n|\n|-damage|p1a: Flesh Serpent|65\/100 brn|[from] brn\n|upkeep\n|turn|35\n|\n|t:|1697341815\n|move|p1a: Flesh Serpent|Dragon Claw|p2a: Giratina\n|-supereffective|p2a: Giratina\n|-damage|p2a: Giratina|49\/100\n|move|p2a: Giratina|Shadow Ball|p1a: Flesh Serpent\n|-immune|p1a: Flesh Serpent\n|\n|-damage|p1a: Flesh Serpent|59\/100 brn|[from] brn\n|upkeep\n|turn|36\n|\n|t:|1697341821\n|move|p1a: Flesh Serpent|Dragon Claw|p2a: Giratina\n|-supereffective|p2a: Giratina\n|-damage|p2a: Giratina|36\/100\n|move|p2a: Giratina|Shadow Ball|p1a: Flesh Serpent\n|-immune|p1a: Flesh Serpent\n|\n|-damage|p1a: Flesh Serpent|53\/100 brn|[from] brn\n|upkeep\n|turn|37\n|\n|t:|1697341824\n|move|p1a: Flesh Serpent|Dragon Claw|p2a: Giratina\n|-supereffective|p2a: Giratina\n|-damage|p2a: Giratina|24\/100\n|move|p2a: Giratina|Shadow Ball|p1a: Flesh Serpent\n|-immune|p1a: Flesh Serpent\n|\n|-damage|p1a: Flesh Serpent|47\/100 brn|[from] brn\n|upkeep\n|turn|38\n|\n|t:|1697341828\n|move|p1a: Flesh Serpent|Dragon Claw|p2a: Giratina\n|-supereffective|p2a: Giratina\n|-damage|p2a: Giratina|11\/100\n|move|p2a: Giratina|Rest|p2a: Giratina\n|-status|p2a: Giratina|slp|[from] move: Rest\n|-heal|p2a: Giratina|100\/100 slp|[silent]\n|\n|-damage|p1a: Flesh Serpent|40\/100 brn|[from] brn\n|upkeep\n|turn|39\n|\n|t:|1697341834\n|switch|p1a: Sif|Zacian|77\/100\n|-damage|p1a: Sif|65\/100|[from] Stealth Rock\n|cant|p2a: Giratina|slp\n|\n|upkeep\n|turn|40\n|\n|t:|1697341838\n|switch|p2a: Dondozo|Dondozo, M|100\/100 slp\n|move|p1a: Sif|Trailblaze|p2a: Dondozo\n|-supereffective|p2a: Dondozo\n|-damage|p2a: Dondozo|85\/100 slp\n|-boost|p1a: Sif|spe|1\n|\n|upkeep\n|turn|41\n|\n|t:|1697341843\n|switch|p1a: Music Box Doll|Magearna|100\/100\n|-damage|p1a: Music Box Doll|94\/100|[from] Stealth Rock\n|cant|p2a: Dondozo|slp\n|move|p2a: Dondozo|Sleep Talk|p2a: Dondozo\n|move|p2a: Dondozo|Curse|p2a: Dondozo|[from]move: Sleep Talk\n|-unboost|p2a: Dondozo|spe|1\n|-boost|p2a: Dondozo|atk|1\n|-boost|p2a: Dondozo|def|1\n|\n|-heal|p1a: Music Box Doll|100\/100|[from] item: Leftovers\n|upkeep\n|turn|42\n|\n|t:|1697341855\n|switch|p2a: Garganacl|Garganacl, F|36\/100\n|move|p1a: Music Box Doll|Volt Switch|p2a: Garganacl\n|-damage|p2a: Garganacl|23\/100\n|\n|t:|1697341862\n|switch|p1a: Sif|Zacian|65\/100|[from] Volt Switch\n|-damage|p1a: Sif|53\/100|[from] Stealth Rock\n|\n|-heal|p2a: Garganacl|29\/100|[from] item: Leftovers\n|upkeep\n|turn|43\n|\n|t:|1697341868\n|switch|p2a: Dondozo|Dondozo, M|85\/100 slp\n|move|p1a: Sif|Play Rough|p2a: Dondozo\n|-damage|p2a: Dondozo|66\/100 slp\n|\n|upkeep\n|turn|44\n|\n|t:|1697341875\n|move|p1a: Sif|Play Rough|p2a: Dondozo\n|-damage|p2a: Dondozo|47\/100 slp\n|-unboost|p2a: Dondozo|atk|1\n|cant|p2a: Dondozo|slp\n|move|p2a: Dondozo|Sleep Talk|p2a: Dondozo\n|move|p2a: Dondozo|Liquidation|p1a: Sif|[from]move: Sleep Talk\n|-damage|p1a: Sif|36\/100\n|\n|upkeep\n|turn|45\n|\n|t:|1697341886\n|switch|p1a: Music Box Doll|Magearna|100\/100\n|-damage|p1a: Music Box Doll|94\/100|[from] Stealth Rock\n|-curestatus|p2a: Dondozo|slp|[msg]\n|move|p2a: Dondozo|Rest|p2a: Dondozo\n|-status|p2a: Dondozo|slp|[from] move: Rest\n|-heal|p2a: Dondozo|100\/100 slp|[silent]\n|\n|-heal|p1a: Music Box Doll|100\/100|[from] item: Leftovers\n|upkeep\n|turn|46\n|\n|t:|1697341900\n|switch|p2a: Magearna|Magearna, tera:Flying|46\/100\n|move|p1a: Music Box Doll|Volt Switch|p2a: Magearna\n|-supereffective|p2a: Magearna\n|-damage|p2a: Magearna|21\/100\n|\n|t:|1697341908\n|switch|p1a: Flesh Serpent|Cyclizar, M|74\/100 brn|[from] Volt Switch\n|\n|-heal|p2a: Magearna|27\/100|[from] item: Leftovers\n|-damage|p1a: Flesh Serpent|67\/100 brn|[from] brn\n|upkeep\n|turn|47\n|\n|t:|1697341913\n|switch|p2a: Giratina|Giratina|100\/100 slp\n|-ability|p2a: Giratina|Pressure\n|move|p1a: Flesh Serpent|Shed Tail|p1a: Flesh Serpent\n|-start|p1a: Flesh Serpent|Substitute|[from] move: Shed Tail\n|-damage|p1a: Flesh Serpent|17\/100 brn\n|\n|t:|1697341918\n|switch|p1a: Sif|Zacian|36\/100|[from] Shed Tail\n|-damage|p1a: Sif|24\/100|[from] Stealth Rock\n|\n|upkeep\n|turn|48\n|\n|t:|1697341924\n|switch|p2a: Dondozo|Dondozo, M|100\/100 slp\n|move|p1a: Sif|Play Rough|p2a: Dondozo\n|-damage|p2a: Dondozo|82\/100 slp\n|\n|upkeep\n|turn|49\n|\n|t:|1697341933\n|move|p1a: Sif|Close Combat|p2a: Dondozo\n|-damage|p2a: Dondozo|64\/100 slp\n|-unboost|p1a: Sif|def|1\n|-unboost|p1a: Sif|spd|1\n|cant|p2a: Dondozo|slp\n|move|p2a: Dondozo|Sleep Talk|p2a: Dondozo\n|move|p2a: Dondozo|Liquidation|p1a: Sif|[from]move: Sleep Talk\n|-activate|p1a: Sif|move: Substitute|[damage]\n|\n|upkeep\n|turn|50\n|c|\u2606GratedsShtickface|I don't think I win\n|c|\u2606GratedsShtickface|gg\n|-message|GratedsShtickface forfeited.\n|\n|win|Leo Justice\n|l|\u2606GratedsShtickface\n|j|\u2606GratedsShtickface\n|player|p1|GratedsShtickface|hiker-gen4\n|l|\u2606Leo Justice\n","uploadtime":1697341958,"views":21,"p1id":"gratedsshtickface","p2id":"leojustice","formatid":"gen9ubers","rating":0,"private":0,"password":""}