{"id":"gen9ubers-1975316908","p1":"jaekling","p2":"Aaron_Naps","format":"[Gen 9] Ubers","log":"|j|\u2606jaekling\n|j|\u2606Aaron_Naps\n|t:|1698179211\n|gametype|singles\n|player|p1|jaekling|swimmerf|\n|player|p2|Aaron_Naps|dawn|\n|teamsize|p1|6\n|teamsize|p2|6\n|gen|9\n|tier|[Gen 9] Ubers\n|rule|Sleep Clause Mod: Limit one foe put to sleep\n|rule|Species Clause: Limit one of each Pok\u00e9mon\n|rule|OHKO Clause: OHKO moves are banned\n|rule|Evasion Items Clause: Evasion items are banned\n|rule|Evasion Moves Clause: Evasion moves are banned\n|rule|Endless Battle Clause: Forcing endless battles is banned\n|rule|HP Percentage Mod: HP is shown in percentages\n|clearpoke\n|poke|p1|Great Tusk|\n|poke|p1|Shaymin|\n|poke|p1|Garganacl, M|\n|poke|p1|Cinderace, M|\n|poke|p1|Sylveon, F|\n|poke|p1|Qwilfish-Hisui, M|\n|poke|p2|Iron Valiant|\n|poke|p2|Krookodile, M|\n|poke|p2|Zapdos|\n|poke|p2|Heatran, M|\n|poke|p2|Slowking-Galar, F|\n|poke|p2|Appletun, M|\n|teampreview\n|\n|t:|1698179231\n|start\n|switch|p1a: The Baker|Sylveon, F|100\/100\n|switch|p2a: Krookodile|Krookodile, M|100\/100\n|-ability|p2a: Krookodile|Intimidate|boost\n|-unboost|p1a: The Baker|atk|1\n|turn|1\n|\n|t:|1698179254\n|switch|p2a: Heatran|Heatran, M|100\/100\n|-item|p2a: Heatran|Air Balloon\n|move|p1a: The Baker|Light Screen|p1a: The Baker\n|-sidestart|p1: jaekling|move: Light Screen\n|\n|upkeep\n|turn|2\n|\n|t:|1698179330\n|switch|p1a: Jill|Shaymin, shiny|100\/100\n|move|p2a: Heatran|Stealth Rock|p1a: Jill\n|-sidestart|p1: jaekling|move: Stealth Rock\n|\n|upkeep\n|turn|3\n|\n|t:|1698179367\n|switch|p2a: Zapdos|Zapdos|100\/100\n|move|p1a: Jill|Leech Seed|p2a: Zapdos\n|-start|p2a: Zapdos|move: Leech Seed\n|\n|-damage|p2a: Zapdos|88\/100|[from] Leech Seed|[of] p1a: Jill\n|upkeep\n|turn|4\n|\n|t:|1698179374\n|switch|p1a: The Tub|Garganacl, M|100\/100\n|-damage|p1a: The Tub|88\/100|[from] Stealth Rock\n|move|p2a: Zapdos|Hurricane|p1a: The Tub\n|-resisted|p1a: The Tub\n|-damage|p1a: The Tub|79\/100\n|\n|-heal|p1a: The Tub|85\/100|[from] item: Leftovers\n|-damage|p2a: Zapdos|76\/100|[from] Leech Seed|[of] p1a: The Tub\n|-heal|p1a: The Tub|97\/100|[silent]\n|upkeep\n|turn|5\n|\n|t:|1698179389\n|switch|p2a: Krookodile|Krookodile, M|100\/100\n|-ability|p2a: Krookodile|Intimidate|boost\n|-unboost|p1a: The Tub|atk|1\n|move|p1a: The Tub|Salt Cure|p2a: Krookodile\n|-resisted|p2a: Krookodile\n|-damage|p2a: Krookodile|95\/100\n|-start|p2a: Krookodile|Salt Cure\n|\n|-heal|p1a: The Tub|100\/100|[from] item: Leftovers\n|-damage|p2a: Krookodile|82\/100|[from] Salt Cure\n|-sideend|p1: jaekling|move: Light Screen\n|upkeep\n|turn|6\n|\n|t:|1698179440\n|switch|p1a: The Butcher|Great Tusk|100\/100\n|-damage|p1a: The Butcher|98\/100|[from] Stealth Rock\n|move|p2a: Krookodile|Earthquake|p1a: The Butcher\n|-damage|p1a: The Butcher|41\/100\n|\n|-damage|p2a: Krookodile|70\/100|[from] Salt Cure\n|upkeep\n|turn|7\n|\n|t:|1698179513\n|-end|p1a: The Butcher|Protosynthesis|[silent]\n|switch|p1a: The Baker|Sylveon, F|100\/100\n|-damage|p1a: The Baker|88\/100|[from] Stealth Rock\n|move|p2a: Krookodile|Earthquake|p1a: The Baker\n|-damage|p1a: The Baker|33\/100\n|\n|-heal|p1a: The Baker|39\/100|[from] item: Leftovers\n|-damage|p2a: Krookodile|58\/100|[from] Salt Cure\n|upkeep\n|turn|8\n|\n|t:|1698179524\n|move|p1a: The Baker|Protect|p1a: The Baker\n|-singleturn|p1a: The Baker|Protect\n|move|p2a: Krookodile|Earthquake|p1a: The Baker\n|-activate|p1a: The Baker|move: Protect\n|\n|-heal|p1a: The Baker|45\/100|[from] item: Leftovers\n|-damage|p2a: Krookodile|45\/100|[from] Salt Cure\n|upkeep\n|turn|9\n|\n|t:|1698179620\n|switch|p1a: Jill|Shaymin, shiny|100\/100\n|-damage|p1a: Jill|88\/100|[from] Stealth Rock\n|move|p2a: Krookodile|Earthquake|p1a: Jill\n|-resisted|p1a: Jill\n|-damage|p1a: Jill|56\/100\n|\n|-heal|p1a: Jill|63\/100|[from] item: Leftovers\n|-damage|p2a: Krookodile|33\/100|[from] Salt Cure\n|upkeep\n|turn|10\n|\n|t:|1698179636\n|switch|p2a: Zapdos|Zapdos|76\/100\n|move|p1a: Jill|Leech Seed|p2a: Zapdos\n|-start|p2a: Zapdos|move: Leech Seed\n|\n|-heal|p1a: Jill|69\/100|[from] item: Leftovers\n|-damage|p2a: Zapdos|64\/100|[from] Leech Seed|[of] p1a: Jill\n|-heal|p1a: Jill|80\/100|[silent]\n|upkeep\n|turn|11\n|\n|t:|1698179647\n|switch|p2a: Appletun|Appletun, M|100\/100\n|move|p1a: Jill|Protect||[still]\n|-fail|p1a: Jill\n|\n|-heal|p1a: Jill|87\/100|[from] item: Leftovers\n|upkeep\n|turn|12\n|\n|t:|1698179662\n|move|p1a: Jill|Protect|p1a: Jill\n|-singleturn|p1a: Jill|Protect\n|move|p2a: Appletun|Protect||[still]\n|-fail|p2a: Appletun\n|\n|-heal|p1a: Jill|93\/100|[from] item: Leftovers\n|upkeep\n|turn|13\n|\n|t:|1698179673\n|move|p2a: Appletun|Protect|p2a: Appletun\n|-singleturn|p2a: Appletun|Protect\n|move|p1a: Jill|Air Slash|p2a: Appletun\n|-activate|p2a: Appletun|move: Protect\n|\n|-heal|p1a: Jill|99\/100|[from] item: Leftovers\n|upkeep\n|turn|14\n|\n|t:|1698179684\n|switch|p2a: Slowking|Slowking-Galar, F|100\/100\n|move|p1a: Jill|Leech Seed|p2a: Slowking\n|-start|p2a: Slowking|move: Leech Seed\n|\n|-heal|p1a: Jill|100\/100|[from] item: Leftovers\n|-damage|p2a: Slowking|88\/100|[from] Leech Seed|[of] p1a: Jill\n|upkeep\n|turn|15\n|\n|t:|1698179700\n|switch|p1a: Jack|Qwilfish-Hisui, M|100\/100\n|-damage|p1a: Jack|88\/100|[from] Stealth Rock\n|move|p2a: Slowking|Sludge Bomb|p1a: Jack\n|-resisted|p1a: Jack\n|-damage|p1a: Jack|74\/100\n|\n|-heal|p2a: Slowking|94\/100|[from] item: Leftovers\n|-damage|p2a: Slowking|82\/100|[from] Leech Seed|[of] p1a: Jack\n|-heal|p1a: Jack|88\/100|[silent]\n|upkeep\n|turn|16\n|\n|t:|1698179732\n|switch|p2a: Krookodile|Krookodile, M|33\/100\n|-ability|p2a: Krookodile|Intimidate|boost\n|-unboost|p1a: Jack|atk|1\n|move|p1a: Jack|Crunch|p2a: Krookodile\n|-resisted|p2a: Krookodile\n|-damage|p2a: Krookodile|23\/100\n|\n|upkeep\n|turn|17\n|\n|t:|1698179745\n|switch|p2a: Slowking|Slowking-Galar, F|100\/100\n|switch|p1a: Jill|Shaymin, shiny|100\/100\n|-damage|p1a: Jill|88\/100|[from] Stealth Rock\n|\n|-heal|p1a: Jill|94\/100|[from] item: Leftovers\n|upkeep\n|turn|18\n|\n|t:|1698179761\n|move|p1a: Jill|Leech Seed|p2a: Slowking\n|-start|p2a: Slowking|move: Leech Seed\n|move|p2a: Slowking|Toxic|p1a: Jill\n|-status|p1a: Jill|tox\n|\n|-heal|p1a: Jill|100\/100 tox|[from] item: Leftovers\n|-damage|p2a: Slowking|88\/100|[from] Leech Seed|[of] p1a: Jill\n|-damage|p1a: Jill|94\/100 tox|[from] psn\n|upkeep\n|turn|19\n|\n|t:|1698179772\n|switch|p2a: Zapdos|Zapdos|64\/100\n|move|p1a: Jill|Protect||[still]\n|-fail|p1a: Jill\n|\n|-heal|p1a: Jill|100\/100 tox|[from] item: Leftovers\n|-damage|p1a: Jill|88\/100 tox|[from] psn\n|upkeep\n|turn|20\n|\n|t:|1698179782\n|-curestatus|p1a: Jill|tox|[from] ability: Natural Cure\n|switch|p1a: The Tub|Garganacl, M|100\/100\n|-damage|p1a: The Tub|88\/100|[from] Stealth Rock\n|move|p2a: Zapdos|Roost|p2a: Zapdos\n|-heal|p2a: Zapdos|100\/100\n|-singleturn|p2a: Zapdos|move: Roost\n|\n|-heal|p1a: The Tub|94\/100|[from] item: Leftovers\n|upkeep\n|turn|21\n|j| hatev2\n|c| hatev2|hurry up bozo's\n|l| hatev2\n|\n|t:|1698179824\n|switch|p2a: Appletun|Appletun, M|100\/100\n|move|p1a: The Tub|Salt Cure|p2a: Appletun\n|-damage|p2a: Appletun|91\/100\n|-start|p2a: Appletun|Salt Cure\n|\n|-heal|p1a: The Tub|100\/100|[from] item: Leftovers\n|-heal|p2a: Appletun|97\/100|[from] item: Leftovers\n|-damage|p2a: Appletun|84\/100|[from] Salt Cure\n|upkeep\n|turn|22\n|\n|t:|1698179852\n|switch|p1a: Jill|Shaymin, shiny|88\/100\n|-damage|p1a: Jill|76\/100|[from] Stealth Rock\n|move|p2a: Appletun|Leech Seed|p1a: Jill\n|-immune|p1a: Jill\n|\n|-heal|p1a: Jill|82\/100|[from] item: Leftovers\n|-heal|p2a: Appletun|90\/100|[from] item: Leftovers\n|-damage|p2a: Appletun|78\/100|[from] Salt Cure\n|upkeep\n|turn|23\n|\n|t:|1698179863\n|switch|p2a: Slowking|Slowking-Galar, F|100\/100\n|move|p1a: Jill|Leech Seed|p2a: Slowking\n|-start|p2a: Slowking|move: Leech Seed\n|\n|-heal|p1a: Jill|88\/100|[from] item: Leftovers\n|-damage|p2a: Slowking|88\/100|[from] Leech Seed|[of] p1a: Jill\n|-heal|p1a: Jill|99\/100|[silent]\n|upkeep\n|turn|24\n|\n|t:|1698179871\n|move|p1a: Jill|Protect|p1a: Jill\n|-singleturn|p1a: Jill|Protect\n|move|p2a: Slowking|Sludge Bomb|p1a: Jill\n|-activate|p1a: Jill|move: Protect\n|\n|-heal|p1a: Jill|100\/100|[from] item: Leftovers\n|-heal|p2a: Slowking|94\/100|[from] item: Leftovers\n|-damage|p2a: Slowking|82\/100|[from] Leech Seed|[of] p1a: Jill\n|upkeep\n|turn|25\n|\n|t:|1698179889\n|switch|p1a: Jack|Qwilfish-Hisui, M|88\/100\n|-damage|p1a: Jack|76\/100|[from] Stealth Rock\n|move|p2a: Slowking|Sludge Bomb|p1a: Jack\n|-resisted|p1a: Jack\n|-damage|p1a: Jack|61\/100\n|\n|-heal|p2a: Slowking|88\/100|[from] item: Leftovers\n|-damage|p2a: Slowking|75\/100|[from] Leech Seed|[of] p1a: Jack\n|-heal|p1a: Jack|75\/100|[silent]\n|upkeep\n|turn|26\n|\n|t:|1698179904\n|switch|p2a: Heatran|Heatran, M|100\/100\n|-item|p2a: Heatran|Air Balloon\n|move|p1a: Jack|Toxic|p2a: Heatran\n|-immune|p2a: Heatran\n|\n|upkeep\n|turn|27\n|\n|t:|1698179938\n|switch|p1a: The Tub|Garganacl, M|100\/100\n|-damage|p1a: The Tub|88\/100|[from] Stealth Rock\n|move|p2a: Heatran|Flash Cannon|p1a: The Tub\n|-supereffective|p1a: The Tub\n|-damage|p1a: The Tub|31\/100\n|\n|-heal|p1a: The Tub|37\/100|[from] item: Leftovers\n|upkeep\n|turn|28\n|\n|t:|1698179985\n|switch|p1a: Jill|Shaymin, shiny|100\/100\n|-damage|p1a: Jill|88\/100|[from] Stealth Rock\n|move|p2a: Heatran|Flash Cannon|p1a: Jill\n|-damage|p1a: Jill|52\/100\n|-unboost|p1a: Jill|spd|1\n|\n|-heal|p1a: Jill|59\/100|[from] item: Leftovers\n|upkeep\n|turn|29\n|\n|t:|1698180009\n|move|p1a: Jill|Protect|p1a: Jill\n|-singleturn|p1a: Jill|Protect\n|move|p2a: Heatran|Flamethrower|p1a: Jill\n|-activate|p1a: Jill|move: Protect\n|\n|-heal|p1a: Jill|65\/100|[from] item: Leftovers\n|upkeep\n|turn|30\n|\n|t:|1698180177\n|switch|p1a: The Baker|Sylveon, F|45\/100\n|-damage|p1a: The Baker|33\/100|[from] Stealth Rock\n|move|p2a: Heatran|Flamethrower|p1a: The Baker\n|-damage|p1a: The Baker|0 fnt\n|faint|p1a: The Baker\n|\n|upkeep\n|\n|t:|1698180185\n|switch|p1a: The Butcher|Great Tusk|41\/100\n|-damage|p1a: The Butcher|39\/100|[from] Stealth Rock\n|turn|31\n|\n|t:|1698180215\n|switch|p2a: Zapdos|Zapdos|100\/100\n|move|p1a: The Butcher|Close Combat|p2a: Zapdos\n|-resisted|p2a: Zapdos\n|-damage|p2a: Zapdos|63\/100\n|-unboost|p1a: The Butcher|def|1\n|-unboost|p1a: The Butcher|spd|1\n|-enditem|p1a: The Butcher|White Herb\n|-clearnegativeboost|p1a: The Butcher|[silent]\n|\n|upkeep\n|turn|32\n|\n|t:|1698180268\n|-end|p1a: The Butcher|Protosynthesis|[silent]\n|switch|p1a: Candlestick Maker|Cinderace, M, shiny|100\/100\n|-damage|p1a: Candlestick Maker|76\/100|[from] Stealth Rock\n|move|p2a: Zapdos|Hurricane|p1a: Candlestick Maker\n|-damage|p1a: Candlestick Maker|0 fnt\n|faint|p1a: Candlestick Maker\n|\n|upkeep\n|\n|t:|1698180277\n|switch|p1a: The Tub|Garganacl, M|37\/100\n|-damage|p1a: The Tub|25\/100|[from] Stealth Rock\n|turn|33\n|\n|t:|1698180286\n|move|p2a: Zapdos|Discharge|p1a: The Tub\n|-crit|p1a: The Tub\n|-damage|p1a: The Tub|0 fnt\n|faint|p1a: The Tub\n|\n|upkeep\n|\n|t:|1698180293\n|switch|p1a: The Butcher|Great Tusk|39\/100\n|-damage|p1a: The Butcher|36\/100|[from] Stealth Rock\n|turn|34\n|\n|t:|1698180300\n|move|p1a: The Butcher|Ice Spinner|p2a: Zapdos\n|-supereffective|p2a: Zapdos\n|-damage|p2a: Zapdos|1\/100\n|-status|p1a: The Butcher|par|[from] ability: Static|[of] p2a: Zapdos\n|move|p2a: Zapdos|Hurricane|p1a: The Butcher\n|-supereffective|p1a: The Butcher\n|-damage|p1a: The Butcher|0 fnt\n|faint|p1a: The Butcher\n|-end|p1a: The Butcher|Protosynthesis|[silent]\n|\n|upkeep\n|\n|t:|1698180311\n|switch|p1a: Jack|Qwilfish-Hisui, M|75\/100\n|-damage|p1a: Jack|63\/100|[from] Stealth Rock\n|turn|35\n|\n|t:|1698180320\n|move|p2a: Zapdos|Roost|p2a: Zapdos\n|-heal|p2a: Zapdos|51\/100\n|-singleturn|p2a: Zapdos|move: Roost\n|move|p1a: Jack|Crunch|p2a: Zapdos\n|-crit|p2a: Zapdos\n|-damage|p2a: Zapdos|13\/100\n|-unboost|p2a: Zapdos|def|1\n|\n|upkeep\n|turn|36\n|\n|t:|1698180332\n|move|p2a: Zapdos|Roost|p2a: Zapdos\n|-heal|p2a: Zapdos|63\/100\n|-singleturn|p2a: Zapdos|move: Roost\n|move|p1a: Jack|Crunch|p2a: Zapdos\n|-damage|p2a: Zapdos|22\/100\n|\n|upkeep\n|turn|37\n|\n|t:|1698180340\n|switch|p2a: Heatran|Heatran, M|100\/100\n|-item|p2a: Heatran|Air Balloon\n|move|p1a: Jack|Crunch|p2a: Heatran\n|-damage|p2a: Heatran|79\/100\n|-status|p1a: Jack|brn|[from] ability: Flame Body|[of] p2a: Heatran\n|-enditem|p2a: Heatran|Air Balloon\n|\n|-damage|p1a: Jack|57\/100 brn|[from] brn\n|upkeep\n|turn|38\n|\n|t:|1698180354\n|switch|p1a: Jill|Shaymin, shiny|65\/100\n|-damage|p1a: Jill|52\/100|[from] Stealth Rock\n|move|p2a: Heatran|Flamethrower|p1a: Jill\n|-supereffective|p1a: Jill\n|-damage|p1a: Jill|0 fnt\n|faint|p1a: Jill\n|\n|upkeep\n|\n|t:|1698180362\n|switch|p1a: Jack|Qwilfish-Hisui, M|57\/100 brn\n|-damage|p1a: Jack|45\/100 brn|[from] Stealth Rock\n|turn|39\n|\n|t:|1698180367\n|move|p1a: Jack|Crunch|p2a: Heatran\n|-damage|p2a: Heatran|68\/100\n|move|p2a: Heatran|Flamethrower|p1a: Jack\n|-damage|p1a: Jack|7\/100 brn\n|\n|-damage|p1a: Jack|1\/100 brn|[from] brn\n|upkeep\n|turn|40\n|\n|t:|1698180376\n|move|p1a: Jack|Crunch|p2a: Heatran\n|-damage|p2a: Heatran|58\/100\n|-unboost|p2a: Heatran|def|1\n|move|p2a: Heatran|Flamethrower|p1a: Jack\n|-damage|p1a: Jack|0 fnt\n|faint|p1a: Jack\n|\n|win|Aaron_Naps\n|c|\u2606Aaron_Naps|gg\n","uploadtime":1698180410,"views":37,"p1id":"jaekling","p2id":"aaronnaps","formatid":"gen9ubers","rating":0,"private":0,"password":""}