{"id":"gen9ubers-1984156609","p1":"thavage","p2":"LOLWhale","format":"[Gen 9] Ubers","log":"|j|\u2606thavage\n|j|\u2606LOLWhale\n|t:|1699224606\n|gametype|singles\n|player|p1|thavage|266|\n|player|p2|LOLWhale|266|\n|teamsize|p1|6\n|teamsize|p2|6\n|gen|9\n|tier|[Gen 9] Ubers\n|rule|Sleep Clause Mod: Limit one foe put to sleep\n|rule|Species Clause: Limit one of each Pok\u00e9mon\n|rule|OHKO Clause: OHKO moves are banned\n|rule|Evasion Items Clause: Evasion items are banned\n|rule|Evasion Moves Clause: Evasion moves are banned\n|rule|Endless Battle Clause: Forcing endless battles is banned\n|rule|HP Percentage Mod: HP is shown in percentages\n|clearpoke\n|poke|p1|Cyclizar, M|\n|poke|p1|Munkidori, M|\n|poke|p1|Kingambit, M|\n|poke|p1|Kleavor, F|\n|poke|p1|Thundurus-Therian, M|\n|poke|p1|Annihilape, M|\n|poke|p2|Regidrago|\n|poke|p2|Muk-Alola, M|\n|poke|p2|Gurdurr, M|\n|poke|p2|Espeon, M|\n|poke|p2|Heatran, F|\n|poke|p2|Lycanroc-Dusk, F|\n|teampreview\n|\n|t:|1699224689\n|start\n|switch|p1a: Make like a tree|Kleavor, F|100\/100\n|switch|p2a: Lycanroc|Lycanroc-Dusk, F|100\/100\n|turn|1\n|\n|t:|1699224720\n|move|p2a: Lycanroc|Accelerock|p1a: Make like a tree\n|-supereffective|p1a: Make like a tree\n|-enditem|p1a: Make like a tree|Focus Sash\n|-damage|p1a: Make like a tree|1\/100\n|move|p1a: Make like a tree|Stone Axe|p2a: Lycanroc\n|-damage|p2a: Lycanroc|18\/100\n|-sidestart|p2: LOLWhale|move: Stealth Rock\n|\n|upkeep\n|turn|2\n|\n|t:|1699224737\n|switch|p1a: Liverking|Annihilape, M|100\/100\n|move|p2a: Lycanroc|Accelerock|p1a: Liverking\n|-resisted|p1a: Liverking\n|-damage|p1a: Liverking|80\/100\n|\n|-heal|p1a: Liverking|86\/100|[from] item: Leftovers\n|upkeep\n|turn|3\n|j| Scottowo\n|\n|t:|1699224792\n|switch|p2a: Heatran|Heatran, F|100\/100\n|-damage|p2a: Heatran|88\/100|[from] Stealth Rock\n|move|p1a: Liverking|Bulk Up|p1a: Liverking\n|-boost|p1a: Liverking|atk|1\n|-boost|p1a: Liverking|def|1\n|\n|-heal|p1a: Liverking|92\/100|[from] item: Leftovers\n|upkeep\n|turn|4\n|\n|t:|1699224828\n|move|p1a: Liverking|Rage Fist|p2a: Heatran\n|-damage|p2a: Heatran|54\/100\n|move|p2a: Heatran|Will-O-Wisp|p1a: Liverking\n|-status|p1a: Liverking|brn\n|\n|-heal|p1a: Liverking|99\/100 brn|[from] item: Leftovers\n|-damage|p1a: Liverking|92\/100 brn|[from] brn\n|upkeep\n|turn|5\n|\n|t:|1699224853\n|move|p1a: Liverking|Bulk Up|p1a: Liverking\n|-boost|p1a: Liverking|atk|1\n|-boost|p1a: Liverking|def|1\n|move|p2a: Heatran|Stealth Rock|p1a: Liverking\n|-sidestart|p1: thavage|move: Stealth Rock\n|\n|-heal|p1a: Liverking|99\/100 brn|[from] item: Leftovers\n|-damage|p1a: Liverking|92\/100 brn|[from] brn\n|upkeep\n|turn|6\n|\n|t:|1699224941\n|move|p1a: Liverking|Drain Punch|p2a: Heatran\n|-supereffective|p2a: Heatran\n|-enditem|p2a: Heatran|Chople Berry|[eat]\n|-enditem|p2a: Heatran|Chople Berry|[weaken]\n|-damage|p2a: Heatran|36\/100\n|-heal|p1a: Liverking|100\/100 brn|[from] drain|[of] p2a: Heatran\n|move|p2a: Heatran|Lava Plume|p1a: Liverking\n|-damage|p1a: Liverking|78\/100 brn\n|\n|-heal|p1a: Liverking|85\/100 brn|[from] item: Leftovers\n|-damage|p1a: Liverking|78\/100 brn|[from] brn\n|upkeep\n|turn|7\n|\n|t:|1699224954\n|switch|p2a: Lycanroc|Lycanroc-Dusk, F|18\/100\n|-damage|p2a: Lycanroc|5\/100|[from] Stealth Rock\n|move|p1a: Liverking|Rage Fist|p2a: Lycanroc\n|-crit|p2a: Lycanroc\n|-damage|p2a: Lycanroc|0 fnt\n|faint|p2a: Lycanroc\n|\n|-heal|p1a: Liverking|85\/100 brn|[from] item: Leftovers\n|-damage|p1a: Liverking|78\/100 brn|[from] brn\n|upkeep\n|\n|t:|1699224972\n|switch|p2a: Espeon|Espeon, M|100\/100\n|-damage|p2a: Espeon|88\/100|[from] Stealth Rock\n|turn|8\n|\n|t:|1699224982\n|-terastallize|p2a: Espeon|Psychic\n|move|p2a: Espeon|Psychic|p1a: Liverking\n|-supereffective|p1a: Liverking\n|-damage|p1a: Liverking|0 fnt\n|faint|p1a: Liverking\n|\n|upkeep\n|\n|t:|1699225004\n|switch|p1a: Cyclizar|Cyclizar, M|100\/100\n|turn|9\n|\n|t:|1699225037\n|move|p2a: Espeon|Psychic|p1a: Cyclizar\n|-damage|p1a: Cyclizar|0 fnt\n|faint|p1a: Cyclizar\n|\n|upkeep\n|\n|t:|1699225045\n|switch|p1a: Dingalingambit|Kingambit, M|100\/100\n|-damage|p1a: Dingalingambit|94\/100|[from] Stealth Rock\n|-activate|p1a: Dingalingambit|ability: Supreme Overlord\n|-start|p1a: Dingalingambit|fallen2|[silent]\n|turn|10\n|\n|t:|1699225080\n|switch|p2a: Heatran|Heatran, F|36\/100\n|-damage|p2a: Heatran|24\/100|[from] Stealth Rock\n|move|p1a: Dingalingambit|Sucker Punch||[still]\n|-fail|p1a: Dingalingambit\n|\n|-heal|p1a: Dingalingambit|100\/100|[from] item: Leftovers\n|upkeep\n|turn|11\n|\n|t:|1699225092\n|move|p1a: Dingalingambit|Sucker Punch|p2a: Heatran\n|-damage|p2a: Heatran|0 fnt\n|faint|p2a: Heatran\n|\n|upkeep\n|\n|t:|1699225137\n|switch|p2a: Gurdurr|Gurdurr, M|100\/100\n|-damage|p2a: Gurdurr|94\/100|[from] Stealth Rock\n|turn|12\n|\n|t:|1699225172\n|-end|p1a: Dingalingambit|fallen2|[silent]\n|switch|p1a: Dope ascetic|Munkidori, M|100\/100\n|-damage|p1a: Dope ascetic|88\/100|[from] Stealth Rock\n|move|p2a: Gurdurr|Drain Punch|p1a: Dope ascetic\n|-resisted|p1a: Dope ascetic\n|-damage|p1a: Dope ascetic|75\/100\n|-heal|p2a: Gurdurr|99\/100|[from] drain|[of] p1a: Dope ascetic\n|\n|upkeep\n|turn|13\n|\n|t:|1699225203\n|switch|p2a: Muk|Muk-Alola, M|100\/100\n|-damage|p2a: Muk|88\/100|[from] Stealth Rock\n|move|p1a: Dope ascetic|Psychic|p2a: Muk\n|-immune|p2a: Muk\n|\n|-heal|p2a: Muk|94\/100|[from] item: Leftovers\n|upkeep\n|turn|14\n|\n|t:|1699225217\n|move|p1a: Dope ascetic|Psychic|p2a: Muk\n|-immune|p2a: Muk\n|move|p2a: Muk|Acid Armor|p2a: Muk\n|-boost|p2a: Muk|def|2\n|\n|-heal|p2a: Muk|99\/100|[from] item: Leftovers\n|upkeep\n|turn|15\n|\n|t:|1699225230\n|switch|p1a: Dingalingambit|Kingambit, M|100\/100\n|-damage|p1a: Dingalingambit|94\/100|[from] Stealth Rock\n|-activate|p1a: Dingalingambit|ability: Supreme Overlord\n|-start|p1a: Dingalingambit|fallen2|[silent]\n|move|p2a: Muk|Knock Off|p1a: Dingalingambit\n|-resisted|p1a: Dingalingambit\n|-damage|p1a: Dingalingambit|78\/100\n|-enditem|p1a: Dingalingambit|Leftovers|[from] move: Knock Off|[of] p2a: Muk\n|\n|-heal|p2a: Muk|100\/100|[from] item: Leftovers\n|upkeep\n|turn|16\n|\n|t:|1699225253\n|move|p2a: Muk|Drain Punch|p1a: Dingalingambit\n|-supereffective|p1a: Dingalingambit\n|-damage|p1a: Dingalingambit|3\/100\n|move|p1a: Dingalingambit|Swords Dance|p1a: Dingalingambit\n|-boost|p1a: Dingalingambit|atk|2\n|\n|upkeep\n|turn|17\n|\n|t:|1699225282\n|move|p1a: Dingalingambit|Sucker Punch|p2a: Muk\n|-resisted|p2a: Muk\n|-damage|p2a: Muk|72\/100\n|move|p2a: Muk|Knock Off|p1a: Dingalingambit\n|-resisted|p1a: Dingalingambit\n|-damage|p1a: Dingalingambit|0 fnt\n|faint|p1a: Dingalingambit\n|-end|p1a: Dingalingambit|fallen2|[silent]\n|\n|-heal|p2a: Muk|79\/100|[from] item: Leftovers\n|upkeep\n|\n|t:|1699225290\n|switch|p1a: Thunturdus-Pee|Thundurus-Therian, M|100\/100\n|turn|18\n|\n|t:|1699225305\n|move|p1a: Thunturdus-Pee|Nasty Plot|p1a: Thunturdus-Pee\n|-boost|p1a: Thunturdus-Pee|spa|2\n|move|p2a: Muk|Knock Off|p1a: Thunturdus-Pee\n|-damage|p1a: Thunturdus-Pee|24\/100\n|-enditem|p1a: Thunturdus-Pee|Heavy-Duty Boots|[from] move: Knock Off|[of] p2a: Muk\n|\n|-heal|p2a: Muk|85\/100|[from] item: Leftovers\n|upkeep\n|turn|19\n|\n|t:|1699225378\n|move|p1a: Thunturdus-Pee|Thunderbolt|p2a: Muk\n|-damage|p2a: Muk|0 fnt\n|faint|p2a: Muk\n|\n|upkeep\n|\n|t:|1699225385\n|switch|p2a: Espeon|Espeon, M, tera:Psychic|88\/100\n|-damage|p2a: Espeon|76\/100|[from] Stealth Rock\n|turn|20\n|\n|t:|1699225403\n|move|p2a: Espeon|Psychic|p1a: Thunturdus-Pee\n|-damage|p1a: Thunturdus-Pee|0 fnt\n|faint|p1a: Thunturdus-Pee\n|\n|upkeep\n|\n|t:|1699225408\n|switch|p1a: Dope ascetic|Munkidori, M|75\/100\n|-damage|p1a: Dope ascetic|63\/100|[from] Stealth Rock\n|turn|21\n|\n|t:|1699225419\n|move|p1a: Dope ascetic|Shadow Ball|p2a: Espeon\n|-supereffective|p2a: Espeon\n|-damage|p2a: Espeon|5\/100\n|move|p2a: Espeon|Psychic|p1a: Dope ascetic\n|-damage|p1a: Dope ascetic|0 fnt\n|faint|p1a: Dope ascetic\n|\n|upkeep\n|\n|t:|1699225426\n|switch|p1a: Make like a tree|Kleavor, F|1\/100\n|-damage|p1a: Make like a tree|0 fnt|[from] Stealth Rock\n|faint|p1a: Make like a tree\n|\n|win|LOLWhale\n|c|\u2606LOLWhale|gg\n|c|\u2606thavage|gg\n|l|\u2606thavage\n","uploadtime":1699225444,"views":23,"p1id":"thavage","p2id":"lolwhale","formatid":"gen9ubers","rating":0,"private":0,"password":""}