{"id":"gen9ubers-1991317889","p1":"Ordell","p2":"Velocitar32","format":"[Gen 9] Ubers","log":"|j|\u2606Ordell\n|j|\u2606Velocitar32\n|t:|1700067087\n|gametype|singles\n|player|p1|Ordell|preschooler|1277\n|player|p2|Velocitar32|silver-masters|1399\n|teamsize|p1|6\n|teamsize|p2|6\n|gen|9\n|tier|[Gen 9] Ubers\n|rated|\n|rule|Sleep Clause Mod: Limit one foe put to sleep\n|rule|Species Clause: Limit one of each Pok\u00e9mon\n|rule|OHKO Clause: OHKO moves are banned\n|rule|Evasion Items Clause: Evasion items are banned\n|rule|Evasion Moves Clause: Evasion moves are banned\n|rule|Endless Battle Clause: Forcing endless battles is banned\n|rule|HP Percentage Mod: HP is shown in percentages\n|clearpoke\n|poke|p1|Arceus-Ground|\n|poke|p1|Annihilape, M|\n|poke|p1|Zacian-*|\n|poke|p1|Miraidon|\n|poke|p1|Koraidon|\n|poke|p1|Rayquaza|\n|poke|p2|Arceus-Ground|\n|poke|p2|Annihilape, M|\n|poke|p2|Zacian-*|\n|poke|p2|Miraidon|\n|poke|p2|Koraidon|\n|poke|p2|Rayquaza|\n|teampreview\n|\n|t:|1700067102\n|start\n|switch|p1a: Annihilape|Annihilape, M|100\/100\n|switch|p2a: Kong|Annihilape, M, shiny|100\/100\n|turn|1\n|\n|t:|1700067109\n|move|p1a: Annihilape|Taunt|p2a: Kong\n|-start|p2a: Kong|move: Taunt\n|cant|p2a: Kong|move: Taunt|Taunt\n|\n|upkeep\n|turn|2\n|\n|t:|1700067116\n|move|p2a: Kong|Rage Fist|p1a: Annihilape\n|-supereffective|p1a: Annihilape\n|-damage|p1a: Annihilape|61\/100\n|move|p1a: Annihilape|Stealth Rock|p2a: Kong\n|-sidestart|p2: Velocitar32|move: Stealth Rock\n|\n|upkeep\n|turn|3\n|inactive|Battle timer is ON: inactive players will automatically lose when time's up. (requested by Velocitar32)\n|\n|t:|1700067125\n|move|p2a: Kong|Rage Fist|p1a: Annihilape\n|-supereffective|p1a: Annihilape\n|-damage|p1a: Annihilape|21\/100\n|move|p1a: Annihilape|Rage Fist|p2a: Kong\n|-supereffective|p2a: Kong\n|-enditem|p2a: Kong|Focus Sash\n|-damage|p2a: Kong|1\/100\n|\n|-end|p2a: Kong|move: Taunt\n|upkeep\n|turn|4\n|\n|t:|1700067139\n|move|p1a: Annihilape|Rage Fist|p2a: Kong\n|-supereffective|p2a: Kong\n|-damage|p2a: Kong|0 fnt\n|faint|p2a: Kong\n|\n|upkeep\n|\n|t:|1700067150\n|switch|p2a: Salamander|Koraidon|100\/100\n|-damage|p2a: Salamander|94\/100|[from] Stealth Rock\n|-weather|SunnyDay|[from] ability: Orichalcum Pulse|[of] p2a: Salamander\n|-activate|p2a: Salamander|Orichalcum Pulse|[source]\n|turn|5\n|\n|t:|1700067157\n|-terastallize|p2a: Salamander|Fire\n|move|p2a: Salamander|Flame Charge|p1a: Annihilape\n|-damage|p1a: Annihilape|0 fnt\n|-boost|p2a: Salamander|spe|1\n|faint|p1a: Annihilape\n|\n|-weather|SunnyDay|[upkeep]\n|-heal|p2a: Salamander|100\/100|[from] item: Leftovers\n|upkeep\n|\n|t:|1700067168\n|switch|p1a: Miraidon|Miraidon|100\/100\n|-fieldstart|move: Electric Terrain|[from] ability: Hadron Engine|[of] p1a: Miraidon\n|turn|6\n|\n|t:|1700067173\n|move|p1a: Miraidon|Dazzling Gleam|p2a: Salamander\n|-resisted|p2a: Salamander\n|-damage|p2a: Salamander|81\/100\n|move|p2a: Salamander|Dragon Claw|p1a: Miraidon\n|-supereffective|p1a: Miraidon\n|-damage|p1a: Miraidon|0 fnt\n|faint|p1a: Miraidon\n|\n|-weather|SunnyDay|[upkeep]\n|-heal|p2a: Salamander|87\/100|[from] item: Leftovers\n|upkeep\n|\n|t:|1700067182\n|switch|p1a: Arceus|Arceus-Ground|100\/100\n|turn|7\n|\n|t:|1700067191\n|move|p2a: Salamander|Collision Course|p1a: Arceus\n|-damage|p1a: Arceus|45\/100\n|move|p1a: Arceus|Dragon Dance|p1a: Arceus\n|-boost|p1a: Arceus|atk|1\n|-boost|p1a: Arceus|spe|1\n|\n|-weather|SunnyDay|[upkeep]\n|-heal|p2a: Salamander|93\/100|[from] item: Leftovers\n|upkeep\n|turn|8\n|\n|t:|1700067201\n|move|p2a: Salamander|Collision Course|p1a: Arceus\n|-crit|p1a: Arceus\n|-damage|p1a: Arceus|0 fnt\n|faint|p1a: Arceus\n|\n|-weather|SunnyDay|[upkeep]\n|-heal|p2a: Salamander|99\/100|[from] item: Leftovers\n|upkeep\n|-message|Ordell forfeited.\n|\n|win|Velocitar32\n|raw|Ordell's rating: 1277 &rarr; <strong>1260<\/strong><br \/>(-17 for losing)\n|raw|Velocitar32's rating: 1399 &rarr; <strong>1412<\/strong><br \/>(+13 for winning)\n|l|\u2606Ordell\n","uploadtime":1700067213,"views":7,"p1id":"ordell","p2id":"velocitar32","formatid":"gen9ubers","rating":1260,"private":0,"password":""}