{"id":"gen9ubers-1977486420","p1":"Wochek","p2":"tryinggen9random","format":"[Gen 9] Ubers","log":"|j|\u2606Wochek\n|j|\u2606tryinggen9random\n|t:|1698421180\n|gametype|singles\n|player|p1|Wochek|lenora|1034\n|player|p2|tryinggen9random|170|1087\n|teamsize|p1|6\n|teamsize|p2|4\n|gen|9\n|tier|[Gen 9] Ubers\n|rated|\n|rule|Sleep Clause Mod: Limit one foe put to sleep\n|rule|Species Clause: Limit one of each Pok\u00e9mon\n|rule|OHKO Clause: OHKO moves are banned\n|rule|Evasion Items Clause: Evasion items are banned\n|rule|Evasion Moves Clause: Evasion moves are banned\n|rule|Endless Battle Clause: Forcing endless battles is banned\n|rule|HP Percentage Mod: HP is shown in percentages\n|clearpoke\n|poke|p1|Ninetales-Alola, F|\n|poke|p1|Umbreon, F|\n|poke|p1|Gliscor, M|\n|poke|p1|Snorlax, F|\n|poke|p1|Cetitan, F|\n|poke|p1|Abomasnow, M|\n|poke|p2|Torkoal, F|\n|poke|p2|Ribombee, F|\n|poke|p2|Leavanny, M|\n|poke|p2|Cyclizar, F|\n|teampreview\n|inactive|Battle timer is ON: inactive players will automatically lose when time's up. (requested by tryinggen9random)\n|\n|t:|1698421209\n|start\n|switch|p1a: Ninetales|Ninetales-Alola, F|100\/100\n|switch|p2a: Ribombee|Ribombee, F|100\/100\n|-weather|Snow|[from] ability: Snow Warning|[of] p1a: Ninetales\n|turn|1\n|\n|t:|1698421221\n|move|p2a: Ribombee|Sticky Web|p1a: Ninetales\n|-sidestart|p1: Wochek|move: Sticky Web\n|move|p1a: Ninetales|Freeze-Dry|p2a: Ribombee\n|-damage|p2a: Ribombee|60\/100\n|\n|-weather|Snow|[upkeep]\n|upkeep\n|turn|2\n|\n|t:|1698421228\n|move|p2a: Ribombee|Light Screen|p2a: Ribombee\n|-sidestart|p2: tryinggen9random|move: Light Screen\n|move|p1a: Ninetales|Aurora Veil|p1a: Ninetales\n|-sidestart|p1: Wochek|move: Aurora Veil\n|\n|-weather|Snow|[upkeep]\n|upkeep\n|turn|3\n|\n|t:|1698421236\n|switch|p1a: Snorlax|Snorlax, F|100\/100\n|-activate|p1a: Snorlax|move: Sticky Web\n|-unboost|p1a: Snorlax|spe|1\n|move|p2a: Ribombee|Reflect|p2a: Ribombee\n|-sidestart|p2: tryinggen9random|Reflect\n|\n|-weather|Snow|[upkeep]\n|upkeep\n|turn|4\n|\n|t:|1698421245\n|-terastallize|p1a: Snorlax|Ice\n|move|p2a: Ribombee|U-turn|p1a: Snorlax\n|-damage|p1a: Snorlax|96\/100\n|\n|t:|1698421248\n|switch|p2a: Torkoal|Torkoal, F|100\/100|[from] U-turn\n|-weather|SunnyDay|[from] ability: Drought|[of] p2a: Torkoal\n|move|p1a: Snorlax|Iron Head|p2a: Torkoal\n|-resisted|p2a: Torkoal\n|-damage|p2a: Torkoal|97\/100\n|\n|-weather|SunnyDay|[upkeep]\n|upkeep\n|turn|5\n|\n|t:|1698421261\n|switch|p1a: Umbreon|Umbreon, F|100\/100\n|-activate|p1a: Umbreon|move: Sticky Web\n|-unboost|p1a: Umbreon|spe|1\n|move|p2a: Torkoal|Stealth Rock|p1a: Umbreon\n|-sidestart|p1: Wochek|move: Stealth Rock\n|\n|-weather|SunnyDay|[upkeep]\n|upkeep\n|turn|6\n|\n|t:|1698421275\n|move|p1a: Umbreon|Light Screen|p1a: Umbreon\n|-sidestart|p1: Wochek|move: Light Screen\n|move|p2a: Torkoal|Yawn|p1a: Umbreon\n|-start|p1a: Umbreon|move: Yawn|[of] p2a: Torkoal\n|\n|-weather|SunnyDay|[upkeep]\n|-sideend|p2: tryinggen9random|move: Light Screen\n|-sideend|p1: Wochek|move: Aurora Veil\n|upkeep\n|turn|7\n|\n|t:|1698421287\n|switch|p1a: Ninetales|Ninetales-Alola, F|100\/100\n|-activate|p1a: Ninetales|move: Sticky Web\n|-unboost|p1a: Ninetales|spe|1\n|-damage|p1a: Ninetales|76\/100|[from] Stealth Rock\n|-weather|Snow|[from] ability: Snow Warning|[of] p1a: Ninetales\n|switch|p2a: Ribombee|Ribombee, F|60\/100\n|\n|-weather|Snow|[upkeep]\n|-heal|p1a: Ninetales|82\/100|[from] item: Leftovers\n|-sideend|p2: tryinggen9random|Reflect\n|upkeep\n|turn|8\n|\n|t:|1698421301\n|move|p2a: Ribombee|Light Screen|p2a: Ribombee\n|-sidestart|p2: tryinggen9random|move: Light Screen\n|move|p1a: Ninetales|Nasty Plot|p1a: Ninetales\n|-boost|p1a: Ninetales|spa|2\n|\n|-weather|Snow|[upkeep]\n|-heal|p1a: Ninetales|88\/100|[from] item: Leftovers\n|upkeep\n|turn|9\n|\n|t:|1698421307\n|move|p2a: Ribombee|U-turn|p1a: Ninetales\n|-resisted|p1a: Ninetales\n|-damage|p1a: Ninetales|80\/100\n|\n|t:|1698421309\n|switch|p2a: Torkoal|Torkoal, F|97\/100|[from] U-turn\n|-weather|SunnyDay|[from] ability: Drought|[of] p2a: Torkoal\n|move|p1a: Ninetales|Aurora Veil||[still]\n|-fail|p1a: Ninetales\n|\n|-weather|SunnyDay|[upkeep]\n|-heal|p1a: Ninetales|86\/100|[from] item: Leftovers\n|upkeep\n|turn|10\n|\n|t:|1698421320\n|switch|p1a: Gliscor|Gliscor, M|100\/100\n|-damage|p1a: Gliscor|88\/100|[from] Stealth Rock\n|switch|p2a: Cyclizar|Cyclizar, F|100\/100\n|\n|-weather|SunnyDay|[upkeep]\n|-status|p1a: Gliscor|tox|[from] item: Toxic Orb\n|upkeep\n|turn|11\n|\n|t:|1698421329\n|move|p2a: Cyclizar|Shed Tail|p2a: Cyclizar\n|-start|p2a: Cyclizar|Substitute|[from] move: Shed Tail\n|-damage|p2a: Cyclizar|50\/100\n|\n|t:|1698421332\n|switch|p2a: Leavanny|Leavanny, M, shiny|100\/100|[from] Shed Tail\n|move|p1a: Gliscor|Stealth Rock|p2a: Leavanny\n|-sidestart|p2: tryinggen9random|move: Stealth Rock\n|\n|-weather|SunnyDay|[upkeep]\n|-heal|p1a: Gliscor|100\/100 tox|[from] ability: Poison Heal\n|upkeep\n|turn|12\n|\n|t:|1698421337\n|-terastallize|p2a: Leavanny|Fire\n|move|p2a: Leavanny|Swords Dance|p2a: Leavanny\n|-boost|p2a: Leavanny|atk|2\n|move|p1a: Gliscor|Gunk Shot|p2a: Leavanny\n|-end|p2a: Leavanny|Substitute\n|\n|-weather|SunnyDay|[upkeep]\n|-sideend|p2: tryinggen9random|move: Light Screen\n|upkeep\n|turn|13\n|\n|t:|1698421345\n|move|p2a: Leavanny|Tera Blast|p1a: Gliscor|[anim] Tera Blast Fire\n|-damage|p1a: Gliscor|0 fnt\n|faint|p1a: Gliscor\n|-damage|p2a: Leavanny|91\/100|[from] item: Life Orb\n|\n|-weather|SunnyDay|[upkeep]\n|-sideend|p1: Wochek|move: Light Screen\n|upkeep\n|\n|t:|1698421357\n|switch|p1a: Abomasnow|Abomasnow, M|100\/100\n|-activate|p1a: Abomasnow|move: Sticky Web\n|-unboost|p1a: Abomasnow|spe|1\n|-damage|p1a: Abomasnow|75\/100|[from] Stealth Rock\n|-weather|Snow|[from] ability: Snow Warning|[of] p1a: Abomasnow\n|turn|14\n|\n|t:|1698421360\n|move|p2a: Leavanny|Tera Blast|p1a: Abomasnow|[anim] Tera Blast Fire\n|-supereffective|p1a: Abomasnow\n|-damage|p1a: Abomasnow|0 fnt\n|faint|p1a: Abomasnow\n|-damage|p2a: Leavanny|81\/100|[from] item: Life Orb\n|\n|-weather|Snow|[upkeep]\n|upkeep\n|\n|t:|1698421365\n|switch|p1a: Ninetales|Ninetales-Alola, F|86\/100\n|-activate|p1a: Ninetales|move: Sticky Web\n|-unboost|p1a: Ninetales|spe|1\n|-damage|p1a: Ninetales|61\/100|[from] Stealth Rock\n|turn|15\n|\n|t:|1698421369\n|move|p2a: Leavanny|Tera Blast|p1a: Ninetales|[anim] Tera Blast Fire\n|-supereffective|p1a: Ninetales\n|-damage|p1a: Ninetales|0 fnt\n|faint|p1a: Ninetales\n|-damage|p2a: Leavanny|71\/100|[from] item: Life Orb\n|\n|-weather|Snow|[upkeep]\n|upkeep\n|\n|t:|1698421377\n|switch|p1a: Umbreon|Umbreon, F|100\/100\n|-activate|p1a: Umbreon|move: Sticky Web\n|-unboost|p1a: Umbreon|spe|1\n|-damage|p1a: Umbreon|88\/100|[from] Stealth Rock\n|turn|16\n|\n|t:|1698421383\n|move|p2a: Leavanny|Leaf Blade|p1a: Umbreon\n|-damage|p1a: Umbreon|0 fnt\n|faint|p1a: Umbreon\n|-damage|p2a: Leavanny|61\/100|[from] item: Life Orb\n|\n|-weather|Snow|[upkeep]\n|upkeep\n|\n|t:|1698421386\n|switch|p1a: Cetitan|Cetitan, F|100\/100\n|-activate|p1a: Cetitan|move: Sticky Web\n|-unboost|p1a: Cetitan|spe|1\n|-damage|p1a: Cetitan|76\/100|[from] Stealth Rock\n|turn|17\n|\n|t:|1698421389\n|move|p1a: Cetitan|Icicle Spear|p2a: Leavanny\n|-resisted|p2a: Leavanny\n|-damage|p2a: Leavanny|52\/100\n|-resisted|p2a: Leavanny\n|-damage|p2a: Leavanny|43\/100\n|-resisted|p2a: Leavanny\n|-damage|p2a: Leavanny|34\/100\n|-resisted|p2a: Leavanny\n|-damage|p2a: Leavanny|27\/100\n|-hitcount|p2a: Leavanny|4\n|move|p2a: Leavanny|Tera Blast|p1a: Cetitan|[anim] Tera Blast Fire\n|-supereffective|p1a: Cetitan\n|-damage|p1a: Cetitan|0 fnt\n|faint|p1a: Cetitan\n|-damage|p2a: Leavanny|17\/100|[from] item: Life Orb\n|\n|-weather|Snow|[upkeep]\n|upkeep\n|\n|t:|1698421395\n|switch|p1a: Snorlax|Snorlax, F, tera:Ice|96\/100\n|-activate|p1a: Snorlax|move: Sticky Web\n|-unboost|p1a: Snorlax|spe|1\n|-damage|p1a: Snorlax|71\/100|[from] Stealth Rock\n|turn|18\n|\n|t:|1698421399\n|move|p2a: Leavanny|Leaf Blade|p1a: Snorlax\n|-damage|p1a: Snorlax|2\/100\n|-damage|p2a: Leavanny|7\/100|[from] item: Life Orb\n|move|p1a: Snorlax|Earthquake|p2a: Leavanny\n|-supereffective|p2a: Leavanny\n|-damage|p2a: Leavanny|0 fnt\n|faint|p2a: Leavanny\n|\n|-weather|none\n|upkeep\n|c|\u2606tryinggen9random|NOOOOOOOOOOO\n|\n|t:|1698421406\n|switch|p2a: Cyclizar|Cyclizar, F|83\/100\n|-damage|p2a: Cyclizar|71\/100|[from] Stealth Rock\n|turn|19\n|c|\u2606Wochek|xD\n|c|\u2606Wochek|almost!!\n|c|\u2606tryinggen9random|yeah\n|\n|t:|1698421416\n|move|p2a: Cyclizar|Knock Off|p1a: Snorlax\n|-damage|p1a: Snorlax|0 fnt\n|-enditem|p1a: Snorlax|Assault Vest|[from] move: Knock Off|[of] p2a: Cyclizar\n|faint|p1a: Snorlax\n|\n|win|tryinggen9random\n|raw|Wochek's rating: 1034 &rarr; <strong>1021<\/strong><br \/>(-13 for losing)\n|raw|tryinggen9random's rating: 1087 &rarr; <strong>1110<\/strong><br \/>(+23 for winning)\n|c|\u2606tryinggen9random|:(\n|c|\u2606tryinggen9random|gg\n|c|\u2606Wochek|ggs\n|l|\u2606Wochek\n","uploadtime":1698421430,"views":9,"p1id":"wochek","p2id":"tryinggen9random","formatid":"gen9ubers","rating":1021,"private":0,"password":""}