{"id":"gen9ubers-1994616696","p1":"Eclair_Or","p2":"SupremeRocker","format":"[Gen 9] Ubers","log":"|j|\u2606Eclair_Or\n|j|\u2606SupremeRocker\n|t:|1700470005\n|gametype|singles\n|player|p1|Eclair_Or|volkner|1106\n|player|p2|SupremeRocker|giovanni|1094\n|teamsize|p1|6\n|teamsize|p2|6\n|gen|9\n|tier|[Gen 9] Ubers\n|rated|\n|rule|Sleep Clause Mod: Limit one foe put to sleep\n|rule|Species Clause: Limit one of each Pok\u00e9mon\n|rule|OHKO Clause: OHKO moves are banned\n|rule|Evasion Items Clause: Evasion items are banned\n|rule|Evasion Moves Clause: Evasion moves are banned\n|rule|Endless Battle Clause: Forcing endless battles is banned\n|rule|HP Percentage Mod: HP is shown in percentages\n|clearpoke\n|poke|p1|Baxcalibur, M|\n|poke|p1|Giratina|\n|poke|p1|Miraidon|\n|poke|p1|Zacian-*|\n|poke|p1|Volcarona, M|\n|poke|p1|Urshifu-*, F|\n|poke|p2|Espathra, F|\n|poke|p2|Miraidon|\n|poke|p2|Palafin, F|\n|poke|p2|Iron Bundle|\n|poke|p2|Zacian-*|\n|poke|p2|Gliscor, F|\n|teampreview\n|inactive|Battle timer is ON: inactive players will automatically lose when time's up. (requested by SupremeRocker)\n|\n|t:|1700470019\n|start\n|switch|p1a: Minato|Miraidon|100\/100\n|switch|p2a: Gliscor|Gliscor, F|100\/100\n|-fieldstart|move: Electric Terrain|[from] ability: Hadron Engine|[of] p1a: Minato\n|turn|1\n|\n|t:|1700470030\n|move|p1a: Minato|Draco Meteor|p2a: Gliscor\n|-crit|p2a: Gliscor\n|-damage|p2a: Gliscor|0 fnt\n|-unboost|p1a: Minato|spa|2\n|faint|p2a: Gliscor\n|\n|upkeep\n|\n|t:|1700470033\n|switch|p2a: Miraidon|Miraidon|100\/100\n|-activate|p2a: Miraidon|ability: Hadron Engine\n|turn|2\n|\n|t:|1700470040\n|switch|p1a: Link|Zacian-Crowned, shiny|100\/100\n|-ability|p1a: Link|Intrepid Sword|boost\n|-boost|p1a: Link|atk|1\n|move|p2a: Miraidon|Calm Mind|p2a: Miraidon\n|-boost|p2a: Miraidon|spa|1\n|-boost|p2a: Miraidon|spd|1\n|\n|upkeep\n|turn|3\n|\n|t:|1700470055\n|switch|p2a: Zacian|Zacian-Crowned, shiny|100\/100\n|-ability|p2a: Zacian|Intrepid Sword|boost\n|-boost|p2a: Zacian|atk|1\n|move|p1a: Link|Play Rough|p2a: Zacian\n|-resisted|p2a: Zacian\n|-damage|p2a: Zacian|63\/100\n|\n|upkeep\n|turn|4\n|\n|t:|1700470068\n|move|p2a: Zacian|Play Rough|p1a: Link\n|-resisted|p1a: Link\n|-damage|p1a: Link|65\/100\n|move|p1a: Link|Fire Fang|p2a: Zacian\n|-supereffective|p2a: Zacian\n|-damage|p2a: Zacian|0 fnt\n|faint|p2a: Zacian\n|\n|upkeep\n|\n|t:|1700470080\n|switch|p2a: Espathra|Espathra, F, shiny|100\/100\n|turn|5\n|\n|t:|1700470087\n|move|p2a: Espathra|Protect|p2a: Espathra\n|-singleturn|p2a: Espathra|Protect\n|move|p1a: Link|Behemoth Blade|p2a: Espathra\n|-activate|p2a: Espathra|move: Protect\n|\n|-fieldend|move: Electric Terrain\n|-ability|p2a: Espathra|Speed Boost|boost\n|-boost|p2a: Espathra|spe|1\n|upkeep\n|turn|6\n|\n|t:|1700470095\n|move|p2a: Espathra|Lumina Crash|p1a: Link\n|-resisted|p1a: Link\n|-damage|p1a: Link|48\/100\n|-unboost|p1a: Link|spd|2\n|move|p1a: Link|Behemoth Blade|p2a: Espathra\n|-damage|p2a: Espathra|0 fnt\n|faint|p2a: Espathra\n|\n|upkeep\n|\n|t:|1700470102\n|switch|p2a: Iron Bundle|Iron Bundle|100\/100\n|turn|7\n|\n|t:|1700470112\n|move|p1a: Link|Sacred Sword|p2a: Iron Bundle\n|-supereffective|p2a: Iron Bundle\n|-damage|p2a: Iron Bundle|0 fnt\n|faint|p2a: Iron Bundle\n|-end|p2a: Iron Bundle|Quark Drive|[silent]\n|\n|upkeep\n|\n|t:|1700470116\n|switch|p2a: Palafin|Palafin, F, shiny|100\/100\n|turn|8\n|\n|t:|1700470122\n|detailschange|p2a: Palafin|Palafin-Hero, F, shiny\n|switch|p2a: Miraidon|Miraidon|100\/100\n|-fieldstart|move: Electric Terrain|[from] ability: Hadron Engine|[of] p2a: Miraidon\n|move|p1a: Link|Sacred Sword|p2a: Miraidon\n|-damage|p2a: Miraidon|59\/100\n|\n|-heal|p2a: Miraidon|65\/100|[from] item: Leftovers\n|upkeep\n|turn|9\n|\n|t:|1700470140\n|move|p1a: Link|Play Rough|p2a: Miraidon\n|-supereffective|p2a: Miraidon\n|-damage|p2a: Miraidon|0 fnt\n|faint|p2a: Miraidon\n|\n|upkeep\n|\n|t:|1700470142\n|switch|p2a: Palafin|Palafin-Hero, F, shiny|100\/100\n|-activate|p2a: Palafin|ability: Zero to Hero\n|turn|10\n|inactive|Eclair_Or has 120 seconds left.\n|\n|t:|1700470173\n|-terastallize|p2a: Palafin|Water\n|move|p2a: Palafin|Jet Punch|p1a: Link\n|-damage|p1a: Link|0 fnt\n|faint|p1a: Link\n|\n|upkeep\n|inactive|Eclair_Or has 120 seconds left.\n|\n|t:|1700470192\n|switch|p1a: Togata|Giratina, shiny|100\/100\n|-ability|p1a: Togata|Pressure\n|turn|11\n|\n|t:|1700470200\n|move|p2a: Palafin|Jet Punch|p1a: Togata\n|-resisted|p1a: Togata\n|-damage|p1a: Togata|80\/100\n|move|p1a: Togata|Shadow Ball|p2a: Palafin\n|-damage|p2a: Palafin|71\/100\n|\n|-heal|p1a: Togata|86\/100|[from] item: Leftovers\n|upkeep\n|turn|12\n|-message|SupremeRocker forfeited.\n|\n|win|Eclair_Or\n|raw|Eclair_Or's rating: 1106 &rarr; <strong>1130<\/strong><br \/>(+24 for winning)\n|raw|SupremeRocker's rating: 1094 &rarr; <strong>1071<\/strong><br \/>(-23 for losing)\n|l|\u2606SupremeRocker\n","uploadtime":1700470212,"views":4,"p1id":"eclairor","p2id":"supremerocker","formatid":"gen9ubers","rating":1071,"private":0,"password":""}