{"id":"gen9ubers-1980627333","p1":"TubeKnight","p2":"lolgz","format":"[Gen 9] Ubers","log":"|j|\u2606TubeKnight\n|j|\u2606lolgz\n|t:|1698804947\n|gametype|singles\n|player|p1|TubeKnight|101|\n|player|p2|lolgz|266|\n|teamsize|p1|6\n|teamsize|p2|6\n|gen|9\n|tier|[Gen 9] Ubers\n|rule|Sleep Clause Mod: Limit one foe put to sleep\n|rule|Species Clause: Limit one of each Pok\u00e9mon\n|rule|OHKO Clause: OHKO moves are banned\n|rule|Evasion Items Clause: Evasion items are banned\n|rule|Evasion Moves Clause: Evasion moves are banned\n|rule|Endless Battle Clause: Forcing endless battles is banned\n|rule|HP Percentage Mod: HP is shown in percentages\n|clearpoke\n|poke|p1|Torkoal, F|\n|poke|p1|Chi-Yu|\n|poke|p1|Walking Wake|\n|poke|p1|Lilligant-Hisui, F|\n|poke|p1|Giratina|\n|poke|p1|Zacian-*|\n|poke|p2|Magearna|\n|poke|p2|Zacian-*|\n|poke|p2|Cyclizar, F|\n|poke|p2|Palkia-Origin|\n|poke|p2|Arceus-Fire|\n|poke|p2|Garchomp, M|\n|teampreview\n|inactive|Battle timer is ON: inactive players will automatically lose when time's up. (requested by lolgz)\n|c|\u2606TubeKnight|glhf\n|\n|t:|1698804953\n|start\n|switch|p1a: Ze Turtle|Torkoal, F, shiny|100\/100\n|switch|p2a: Palkia|Palkia-Origin|100\/100\n|-ability|p2a: Palkia|Pressure\n|-weather|SunnyDay|[from] ability: Drought|[of] p1a: Ze Turtle\n|turn|1\n|\n|t:|1698804963\n|switch|p1a: Ze Dog|Zacian, shiny|100\/100\n|-ability|p1a: Ze Dog|Intrepid Sword|boost\n|-boost|p1a: Ze Dog|atk|1\n|move|p2a: Palkia|Draco Meteor|p1a: Ze Dog\n|-immune|p1a: Ze Dog\n|\n|-weather|SunnyDay|[upkeep]\n|upkeep\n|turn|2\n|\n|t:|1698804970\n|switch|p2a: Cyclizar|Cyclizar, F|100\/100\n|move|p1a: Ze Dog|Swords Dance|p1a: Ze Dog\n|-boost|p1a: Ze Dog|atk|2\n|\n|-weather|SunnyDay|[upkeep]\n|upkeep\n|turn|3\n|\n|t:|1698804975\n|move|p2a: Cyclizar|Shed Tail|p2a: Cyclizar\n|-start|p2a: Cyclizar|Substitute|[from] move: Shed Tail\n|-damage|p2a: Cyclizar|50\/100\n|\n|t:|1698804983\n|switch|p2a: Magearna|Magearna|100\/100|[from] Shed Tail\n|move|p1a: Ze Dog|Play Rough|p2a: Magearna\n|-resisted|p2a: Magearna\n|-end|p2a: Magearna|Substitute\n|\n|-weather|SunnyDay|[upkeep]\n|upkeep\n|turn|4\n|\n|t:|1698804989\n|move|p1a: Ze Dog|Close Combat|p2a: Magearna\n|-damage|p2a: Magearna|37\/100\n|-unboost|p1a: Ze Dog|def|1\n|-unboost|p1a: Ze Dog|spd|1\n|move|p2a: Magearna|Shift Gear|p2a: Magearna\n|-boost|p2a: Magearna|spe|2\n|-boost|p2a: Magearna|atk|1\n|\n|-weather|SunnyDay|[upkeep]\n|-heal|p2a: Magearna|43\/100|[from] item: Leftovers\n|upkeep\n|turn|5\n|c|\u2606TubeKnight|tf\n|\n|t:|1698805015\n|switch|p1a: Ze Turtle|Torkoal, F, shiny|100\/100\n|move|p2a: Magearna|Draining Kiss|p1a: Ze Turtle\n|-resisted|p1a: Ze Turtle\n|-damage|p1a: Ze Turtle|86\/100\n|-heal|p2a: Magearna|53\/100|[from] drain|[of] p1a: Ze Turtle\n|\n|-weather|SunnyDay|[upkeep]\n|-heal|p2a: Magearna|59\/100|[from] item: Leftovers\n|upkeep\n|turn|6\n|\n|t:|1698805022\n|-terastallize|p2a: Magearna|Water\n|move|p2a: Magearna|Calm Mind|p2a: Magearna\n|-boost|p2a: Magearna|spa|1\n|-boost|p2a: Magearna|spd|1\n|move|p1a: Ze Turtle|Yawn|p2a: Magearna\n|-start|p2a: Magearna|move: Yawn|[of] p1a: Ze Turtle\n|\n|-weather|SunnyDay|[upkeep]\n|-heal|p2a: Magearna|66\/100|[from] item: Leftovers\n|upkeep\n|turn|7\n|\n|t:|1698805058\n|move|p2a: Magearna|Stored Power|p1a: Ze Turtle\n|-damage|p1a: Ze Turtle|23\/100\n|move|p1a: Ze Turtle|Lava Plume|p2a: Magearna\n|-resisted|p2a: Magearna\n|-damage|p2a: Magearna|56\/100\n|\n|-weather|SunnyDay|[upkeep]\n|-heal|p2a: Magearna|62\/100|[from] item: Leftovers\n|-end|p2a: Magearna|move: Yawn|[silent]\n|-status|p2a: Magearna|slp\n|upkeep\n|turn|8\n|c|\u2606TubeKnight|omg i forgot to change the set\n|\n|t:|1698805082\n|switch|p1a: Ze Extinct One|Walking Wake|100\/100\n|-activate|p1a: Ze Extinct One|ability: Protosynthesis\n|-start|p1a: Ze Extinct One|protosynthesisspe\n|cant|p2a: Magearna|slp\n|\n|-weather|none\n|-end|p1a: Ze Extinct One|Protosynthesis\n|-heal|p2a: Magearna|68\/100 slp|[from] item: Leftovers\n|upkeep\n|turn|9\n|\n|t:|1698805090\n|move|p1a: Ze Extinct One|Flip Turn|p2a: Magearna\n|-resisted|p2a: Magearna\n|-damage|p2a: Magearna|63\/100 slp\n|\n|t:|1698805093\n|-end|p1a: Ze Extinct One|Protosynthesis|[silent]\n|switch|p1a: Ze Turtle|Torkoal, F, shiny|23\/100|[from] Flip Turn\n|-weather|SunnyDay|[from] ability: Drought|[of] p1a: Ze Turtle\n|-curestatus|p2a: Magearna|slp|[msg]\n|move|p2a: Magearna|Draining Kiss|p1a: Ze Turtle\n|-resisted|p1a: Ze Turtle\n|-crit|p1a: Ze Turtle\n|-damage|p1a: Ze Turtle|0 fnt\n|-heal|p2a: Magearna|79\/100|[from] drain|[of] p1a: Ze Turtle\n|faint|p1a: Ze Turtle\n|-ability|p2a: Magearna|Soul-Heart|boost\n|-boost|p2a: Magearna|spa|1\n|\n|-weather|SunnyDay|[upkeep]\n|-heal|p2a: Magearna|85\/100|[from] item: Leftovers\n|upkeep\n|\n|t:|1698805095\n|switch|p1a: Ze Fleur|Lilligant-Hisui, F, shiny|100\/100\n|turn|10\n|\n|t:|1698805099\n|move|p1a: Ze Fleur|Sleep Powder|p2a: Magearna\n|-status|p2a: Magearna|slp|[from] move: Sleep Powder\n|cant|p2a: Magearna|slp\n|\n|-weather|SunnyDay|[upkeep]\n|-heal|p2a: Magearna|91\/100 slp|[from] item: Leftovers\n|upkeep\n|turn|11\n|\n|t:|1698805101\n|move|p1a: Ze Fleur|Swords Dance|p1a: Ze Fleur\n|-boost|p1a: Ze Fleur|atk|2\n|cant|p2a: Magearna|slp\n|\n|-weather|SunnyDay|[upkeep]\n|-heal|p2a: Magearna|97\/100 slp|[from] item: Leftovers\n|upkeep\n|turn|12\n|\n|t:|1698805105\n|move|p1a: Ze Fleur|Solar Blade||[still]\n|-prepare|p1a: Ze Fleur|Solar Blade\n|-anim|p1a: Ze Fleur|Solar Blade|p2a: Magearna\n|-supereffective|p2a: Magearna\n|-damage|p2a: Magearna|0 fnt\n|faint|p2a: Magearna\n|\n|-weather|SunnyDay|[upkeep]\n|upkeep\n|inactive|lolgz has 270 seconds left.\n|inactive|lolgz has 240 seconds left.\n|inactive|lolgz has 210 seconds left.\n|inactive|lolgz has 180 seconds left.\n|inactive|lolgz has 150 seconds left.\n|inactive|lolgz has 120 seconds left.\n|c|\u2606TubeKnight|this doesnt stall sun turns just so you know lol\n|inactive|lolgz has 90 seconds left.\n|inactive|lolgz has 60 seconds left.\n|inactive|lolgz has 30 seconds left.\n|inactive|lolgz has 20 seconds left.\n|inactive|lolgz has 15 seconds left.\n|inactive|lolgz has 10 seconds left.\n|inactive|lolgz has 5 seconds left.\n|-message|lolgz lost due to inactivity.\n|\n|win|TubeKnight\n|c|\u2606TubeKnight|oh gg\n","uploadtime":1698805422,"views":8,"p1id":"tubeknight","p2id":"lolgz","formatid":"gen9ubers","rating":0,"private":0,"password":""}