{"id":"gen9ubers-1979762211","p1":"ttkilla","p2":"XpokVEVO","format":"[Gen 9] Ubers","log":"|j|\u2606ttkilla\n|j|\u2606XpokVEVO\n|t:|1698710600\n|gametype|singles\n|player|p1|ttkilla|cameraman|\n|player|p2|XpokVEVO|mustard|\n|teamsize|p1|6\n|teamsize|p2|6\n|gen|9\n|tier|[Gen 9] Ubers\n|rule|Sleep Clause Mod: Limit one foe put to sleep\n|rule|Species Clause: Limit one of each Pok\u00e9mon\n|rule|OHKO Clause: OHKO moves are banned\n|rule|Evasion Items Clause: Evasion items are banned\n|rule|Evasion Moves Clause: Evasion moves are banned\n|rule|Endless Battle Clause: Forcing endless battles is banned\n|rule|HP Percentage Mod: HP is shown in percentages\n|clearpoke\n|poke|p1|Roaring Moon|\n|poke|p1|Landorus, M|\n|poke|p1|Palkia-Origin|\n|poke|p1|Garganacl, F|\n|poke|p1|Arceus-Fire|\n|poke|p1|Spectrier|\n|poke|p2|Arceus-Fire|\n|poke|p2|Cyclizar, M|\n|poke|p2|Espathra, F|\n|poke|p2|Magearna|\n|poke|p2|Zacian-*|\n|poke|p2|Roaring Moon|\n|teampreview\n|inactive|Battle timer is ON: inactive players will automatically lose when time's up. (requested by XpokVEVO)\n|c|\u2606ttkilla|glhf\n|\n|t:|1698710614\n|start\n|switch|p1a: Landorus|Landorus, M|100\/100\n|switch|p2a: Akira|Cyclizar, M|100\/100\n|turn|1\n|\n|t:|1698710621\n|move|p2a: Akira|Shed Tail|p2a: Akira\n|-start|p2a: Akira|Substitute|[from] move: Shed Tail\n|-damage|p2a: Akira|50\/100\n|\n|t:|1698710627\n|switch|p2a: Aunt Fanny|Magearna|100\/100|[from] Shed Tail\n|move|p1a: Landorus|Earth Power|p2a: Aunt Fanny\n|-supereffective|p2a: Aunt Fanny\n|-end|p2a: Aunt Fanny|Substitute\n|\n|upkeep\n|turn|2\n|\n|t:|1698710631\n|move|p1a: Landorus|Earth Power|p2a: Aunt Fanny\n|-supereffective|p2a: Aunt Fanny\n|-damage|p2a: Aunt Fanny|0 fnt\n|faint|p2a: Aunt Fanny\n|\n|upkeep\n|\n|t:|1698710640\n|switch|p2a: Akira|Cyclizar, M|84\/100\n|turn|3\n|\n|t:|1698710643\n|move|p2a: Akira|Shed Tail|p2a: Akira\n|-start|p2a: Akira|Substitute|[from] move: Shed Tail\n|-damage|p2a: Akira|33\/100\n|\n|t:|1698710671\n|switch|p2a: Roaring Peak|Roaring Moon|100\/100|[from] Shed Tail\n|-enditem|p2a: Roaring Peak|Booster Energy\n|-activate|p2a: Roaring Peak|ability: Protosynthesis|[fromitem]\n|-start|p2a: Roaring Peak|protosynthesisspe\n|move|p1a: Landorus|Earth Power|p2a: Roaring Peak\n|-end|p2a: Roaring Peak|Substitute\n|\n|upkeep\n|turn|4\n|\n|t:|1698710677\n|-terastallize|p2a: Roaring Peak|Flying\n|move|p2a: Roaring Peak|Dragon Dance|p2a: Roaring Peak\n|-boost|p2a: Roaring Peak|atk|1\n|-boost|p2a: Roaring Peak|spe|1\n|move|p1a: Landorus|Earth Power|p2a: Roaring Peak\n|-immune|p2a: Roaring Peak\n|\n|upkeep\n|turn|5\n|\n|t:|1698710693\n|move|p2a: Roaring Peak|Acrobatics|p1a: Landorus\n|-damage|p1a: Landorus|0 fnt\n|faint|p1a: Landorus\n|\n|upkeep\n|inactive|ttkilla has 270 seconds left.\n|\n|t:|1698710724\n|switch|p1a: Arceus|Arceus-Fire|100\/100\n|turn|6\n|\n|t:|1698710735\n|move|p2a: Roaring Peak|Earthquake|p1a: Arceus\n|-supereffective|p1a: Arceus\n|-damage|p1a: Arceus|26\/100\n|move|p1a: Arceus|Flare Blitz|p2a: Roaring Peak\n|-crit|p2a: Roaring Peak\n|-damage|p2a: Roaring Peak|0 fnt\n|faint|p2a: Roaring Peak\n|-end|p2a: Roaring Peak|Protosynthesis|[silent]\n|-damage|p1a: Arceus|0 fnt|[from] Recoil\n|faint|p1a: Arceus\n|\n|upkeep\n|inactive|XpokVEVO has 270 seconds left.\n|c|\u2606XpokVEVO|If i ddanced once more id won\n|c|\u2606XpokVEVO|Damn\n|\n|t:|1698710780\n|switch|p2a: Akira|Cyclizar, M|67\/100\n|switch|p1a: Spectrier|Spectrier|100\/100\n|turn|7\n|\n|t:|1698710789\n|move|p1a: Spectrier|Substitute|p1a: Spectrier\n|-start|p1a: Spectrier|Substitute\n|-damage|p1a: Spectrier|76\/100\n|move|p2a: Akira|Shed Tail|p2a: Akira\n|-start|p2a: Akira|Substitute|[from] move: Shed Tail\n|-damage|p2a: Akira|17\/100\n|inactive|XpokVEVO has 240 seconds left.\n|inactive|XpokVEVO has 210 seconds left.\n|\n|t:|1698710850\n|switch|p2a: Ar\u0441eus-Fighting|Arceus-Fire, shiny|100\/100|[from] Shed Tail\n|\n|upkeep\n|turn|8\n|\n|t:|1698710856\n|move|p1a: Spectrier|Shadow Ball|p2a: Ar\u0441eus-Fighting\n|-end|p2a: Ar\u0441eus-Fighting|Substitute\n|move|p2a: Ar\u0441eus-Fighting|Roar|p1a: Spectrier\n|drag|p1a: Palkia|Palkia-Origin|100\/100\n|-ability|p1a: Palkia|Pressure\n|\n|upkeep\n|turn|9\n|inactive|XpokVEVO has 210 seconds left.\n|c|\u2606ttkilla|OMG ITS THE REAL ARCEUS FIGHTING\n|\n|t:|1698710895\n|switch|p2a: Emu War|Espathra, F|100\/100\n|move|p1a: Palkia|Hydro Pump|p2a: Emu War\n|-enditem|p2a: Emu War|Focus Sash\n|-damage|p2a: Emu War|1\/100\n|\n|upkeep\n|turn|10\n|\n|t:|1698710907\n|move|p2a: Emu War|Protect|p2a: Emu War\n|-singleturn|p2a: Emu War|Protect\n|move|p1a: Palkia|Earth Power|p2a: Emu War\n|-activate|p2a: Emu War|move: Protect\n|\n|-ability|p2a: Emu War|Speed Boost|boost\n|-boost|p2a: Emu War|spe|1\n|upkeep\n|turn|11\n|\n|t:|1698710912\n|move|p2a: Emu War|Dazzling Gleam|p1a: Palkia\n|-supereffective|p1a: Palkia\n|-damage|p1a: Palkia|56\/100\n|move|p1a: Palkia|Earth Power|p2a: Emu War\n|-damage|p2a: Emu War|0 fnt\n|faint|p2a: Emu War\n|\n|upkeep\n|inactive|XpokVEVO has 210 seconds left.\n|\n|t:|1698710918\n|switch|p2a: Princess|Zacian, shiny|100\/100\n|-ability|p2a: Princess|Intrepid Sword|boost\n|-boost|p2a: Princess|atk|1\n|turn|12\n|\n|t:|1698710927\n|move|p2a: Princess|Play Rough|p1a: Palkia\n|-supereffective|p1a: Palkia\n|-damage|p1a: Palkia|0 fnt\n|faint|p1a: Palkia\n|-damage|p2a: Princess|91\/100|[from] item: Life Orb\n|\n|upkeep\n|\n|t:|1698710931\n|switch|p1a: Roaring Moon|Roaring Moon|100\/100\n|-enditem|p1a: Roaring Moon|Booster Energy\n|-activate|p1a: Roaring Moon|ability: Protosynthesis|[fromitem]\n|-start|p1a: Roaring Moon|protosynthesisspe\n|turn|13\n|\n|t:|1698710938\n|-terastallize|p1a: Roaring Moon|Steel\n|move|p1a: Roaring Moon|Dragon Dance|p1a: Roaring Moon\n|-boost|p1a: Roaring Moon|atk|1\n|-boost|p1a: Roaring Moon|spe|1\n|move|p2a: Princess|Play Rough|p1a: Roaring Moon\n|-resisted|p1a: Roaring Moon\n|-damage|p1a: Roaring Moon|46\/100\n|-damage|p2a: Princess|81\/100|[from] item: Life Orb\n|\n|upkeep\n|turn|14\n|\n|t:|1698710942\n|move|p1a: Roaring Moon|Earthquake|p2a: Princess\n|-damage|p2a: Princess|33\/100\n|move|p2a: Princess|Close Combat|p1a: Roaring Moon\n|-supereffective|p1a: Roaring Moon\n|-damage|p1a: Roaring Moon|0 fnt\n|-unboost|p2a: Princess|def|1\n|-unboost|p2a: Princess|spd|1\n|faint|p1a: Roaring Moon\n|-end|p1a: Roaring Moon|Protosynthesis|[silent]\n|-damage|p2a: Princess|24\/100|[from] item: Life Orb\n|\n|upkeep\n|\n|t:|1698710948\n|switch|p1a: Garganacl|Garganacl, F|100\/100\n|turn|15\n|\n|t:|1698710953\n|move|p2a: Princess|Iron Head|p1a: Garganacl\n|-supereffective|p1a: Garganacl\n|-damage|p1a: Garganacl|31\/100\n|-damage|p2a: Princess|14\/100|[from] item: Life Orb\n|move|p1a: Garganacl|Salt Cure|p2a: Princess\n|-damage|p2a: Princess|0 fnt\n|faint|p2a: Princess\n|\n|-heal|p1a: Garganacl|37\/100|[from] item: Leftovers\n|upkeep\n|\n|t:|1698710958\n|switch|p2a: Ar\u0441eus-Fighting|Arceus-Fire, shiny|100\/100\n|turn|16\n|\n|t:|1698710963\n|move|p1a: Garganacl|Protect|p1a: Garganacl\n|-singleturn|p1a: Garganacl|Protect\n|move|p2a: Ar\u0441eus-Fighting|Dragon Dance|p2a: Ar\u0441eus-Fighting\n|-boost|p2a: Ar\u0441eus-Fighting|atk|1\n|-boost|p2a: Ar\u0441eus-Fighting|spe|1\n|\n|-heal|p1a: Garganacl|43\/100|[from] item: Leftovers\n|upkeep\n|turn|17\n|\n|t:|1698710965\n|move|p2a: Ar\u0441eus-Fighting|Flare Blitz|p1a: Garganacl\n|-resisted|p1a: Garganacl\n|-damage|p1a: Garganacl|2\/100\n|-damage|p2a: Ar\u0441eus-Fighting|88\/100|[from] Recoil\n|move|p1a: Garganacl|Salt Cure|p2a: Ar\u0441eus-Fighting\n|-supereffective|p2a: Ar\u0441eus-Fighting\n|-damage|p2a: Ar\u0441eus-Fighting|71\/100\n|-start|p2a: Ar\u0441eus-Fighting|Salt Cure\n|\n|-heal|p1a: Garganacl|8\/100|[from] item: Leftovers\n|-damage|p2a: Ar\u0441eus-Fighting|59\/100|[from] Salt Cure\n|upkeep\n|turn|18\n|\n|t:|1698710969\n|move|p2a: Ar\u0441eus-Fighting|Tera Blast|p1a: Garganacl\n|-resisted|p1a: Garganacl\n|-crit|p1a: Garganacl\n|-damage|p1a: Garganacl|0 fnt\n|faint|p1a: Garganacl\n|\n|-damage|p2a: Ar\u0441eus-Fighting|47\/100|[from] Salt Cure\n|upkeep\n|\n|t:|1698710971\n|switch|p1a: Spectrier|Spectrier|76\/100\n|turn|19\n|\n|t:|1698710975\n|move|p2a: Ar\u0441eus-Fighting|Flare Blitz|p1a: Spectrier\n|-damage|p1a: Spectrier|0 fnt\n|faint|p1a: Spectrier\n|-damage|p2a: Ar\u0441eus-Fighting|28\/100|[from] Recoil\n|\n|win|XpokVEVO\n|l|\u2606ttkilla\n","uploadtime":1698710979,"views":6,"p1id":"ttkilla","p2id":"xpokvevo","formatid":"gen9ubers","rating":0,"private":0,"password":""}