{"id":"gen9ubers-1971639979","p1":"SeishinVS","p2":"hatev2","format":"[Gen 9] Ubers","log":"|j|\u2606SeishinVS\n|j|\u2606hatev2\n|t:|1697756128\n|gametype|singles\n|player|p1|SeishinVS|2|\n|player|p2|hatev2|hiker-gen4|\n|teamsize|p1|6\n|teamsize|p2|6\n|gen|9\n|tier|[Gen 9] Ubers\n|rule|Sleep Clause Mod: Limit one foe put to sleep\n|rule|Species Clause: Limit one of each Pok\u00e9mon\n|rule|OHKO Clause: OHKO moves are banned\n|rule|Evasion Items Clause: Evasion items are banned\n|rule|Evasion Moves Clause: Evasion moves are banned\n|rule|Endless Battle Clause: Forcing endless battles is banned\n|rule|HP Percentage Mod: HP is shown in percentages\n|clearpoke\n|poke|p1|Baxcalibur, F|\n|poke|p1|Ninetales-Alola, M|\n|poke|p1|Kingambit, F|\n|poke|p1|Clodsire, M|\n|poke|p1|Skeledirge, F|\n|poke|p1|Quaquaval, M|\n|poke|p2|Iron Treads|\n|poke|p2|Dragapult, F|\n|poke|p2|Enamorus, F|\n|poke|p2|Zarude|\n|poke|p2|Ceruledge, M|\n|poke|p2|Klefki, F|\n|teampreview\n|\n|t:|1697756165\n|start\n|switch|p1a: Pex can't kill me|Clodsire, M, shiny|100\/100\n|switch|p2a: Time Stone|Klefki, F|100\/100\n|turn|1\n|j| SunShinyReys\n|\n|t:|1697756177\n|move|p2a: Time Stone|Magnet Rise|p2a: Time Stone\n|-start|p2a: Time Stone|Magnet Rise\n|move|p1a: Pex can't kill me|Stealth Rock|p2a: Time Stone\n|-sidestart|p2: hatev2|move: Stealth Rock\n|\n|upkeep\n|turn|2\n|\n|t:|1697756183\n|switch|p1a: Blue Boi|Quaquaval, M, shiny|100\/100\n|move|p2a: Time Stone|Sunny Day|p2a: Time Stone\n|-weather|SunnyDay\n|\n|-weather|SunnyDay|[upkeep]\n|upkeep\n|turn|3\n|\n|t:|1697756191\n|move|p2a: Time Stone|Thunder Wave|p1a: Blue Boi\n|-status|p1a: Blue Boi|par\n|move|p1a: Blue Boi|U-turn|p2a: Time Stone\n|-resisted|p2a: Time Stone\n|-damage|p2a: Time Stone|95\/100\n|\n|t:|1697756197\n|switch|p1a: Scary|Ninetales-Alola, M, shiny|100\/100|[from] U-turn\n|-weather|Snow|[from] ability: Snow Warning|[of] p1a: Scary\n|\n|-weather|Snow|[upkeep]\n|upkeep\n|turn|4\n|\n|t:|1697756205\n|move|p2a: Time Stone|Sunny Day|p2a: Time Stone\n|-weather|SunnyDay\n|move|p1a: Scary|Encore|p2a: Time Stone\n|-start|p2a: Time Stone|Encore\n|\n|-weather|SunnyDay|[upkeep]\n|upkeep\n|turn|5\n|\n|t:|1697756216\n|switch|p1a: Bannable|Baxcalibur, F|100\/100\n|switch|p2a: Power Stone|Iron Treads|100\/100\n|-damage|p2a: Power Stone|97\/100|[from] Stealth Rock\n|-enditem|p2a: Power Stone|Booster Energy\n|-activate|p2a: Power Stone|ability: Quark Drive|[fromitem]\n|-start|p2a: Power Stone|quarkdriveatk\n|\n|-weather|SunnyDay|[upkeep]\n|upkeep\n|turn|6\n|\n|t:|1697756236\n|move|p2a: Power Stone|Iron Head|p1a: Bannable\n|-supereffective|p1a: Bannable\n|-crit|p1a: Bannable\n|-damage|p1a: Bannable|0 fnt\n|faint|p1a: Bannable\n|\n|-weather|SunnyDay|[upkeep]\n|upkeep\n|\n|t:|1697756243\n|switch|p1a: Pex can't kill me|Clodsire, M, shiny|100\/100\n|turn|7\n|j| Lass Starling\n|\n|t:|1697756251\n|switch|p1a: Killer|Skeledirge, F, shiny|100\/100\n|move|p2a: Power Stone|Earthquake|p1a: Killer\n|-supereffective|p1a: Killer\n|-damage|p1a: Killer|0 fnt\n|faint|p1a: Killer\n|\n|-weather|SunnyDay|[upkeep]\n|upkeep\n|\n|t:|1697756262\n|switch|p1a: Scary|Ninetales-Alola, M, shiny|100\/100\n|-weather|Snow|[from] ability: Snow Warning|[of] p1a: Scary\n|turn|8\n|\n|t:|1697756269\n|move|p1a: Scary|Aurora Veil|p1a: Scary\n|-sidestart|p1: SeishinVS|move: Aurora Veil\n|move|p2a: Power Stone|Iron Head|p1a: Scary\n|-supereffective|p1a: Scary\n|-damage|p1a: Scary|15\/100\n|\n|-weather|Snow|[upkeep]\n|upkeep\n|turn|9\n|\n|t:|1697756277\n|switch|p1a: Blue Boi|Quaquaval, M, shiny|100\/100 par\n|move|p2a: Power Stone|Earthquake|p1a: Blue Boi\n|-damage|p1a: Blue Boi|57\/100 par\n|\n|-weather|Snow|[upkeep]\n|upkeep\n|turn|10\n|\n|t:|1697756304\n|-end|p2a: Power Stone|Quark Drive|[silent]\n|switch|p2a: Time Stone|Klefki, F|95\/100\n|-damage|p2a: Time Stone|89\/100|[from] Stealth Rock\n|move|p1a: Blue Boi|Brick Break|p2a: Time Stone\n|-damage|p2a: Time Stone|55\/100\n|\n|-weather|Snow|[upkeep]\n|upkeep\n|turn|11\n|\n|t:|1697756314\n|switch|p1a: Pex can't kill me|Clodsire, M, shiny|100\/100\n|move|p2a: Time Stone|Sunny Day|p2a: Time Stone\n|-weather|SunnyDay\n|\n|-weather|SunnyDay|[upkeep]\n|upkeep\n|turn|12\n|c| Lass Starling|:C this is quite the start\n|\n|t:|1697756322\n|move|p2a: Time Stone|Magnet Rise|p2a: Time Stone\n|-start|p2a: Time Stone|Magnet Rise\n|move|p1a: Pex can't kill me|Earthquake|p2a: Time Stone\n|-immune|p2a: Time Stone\n|\n|-weather|SunnyDay|[upkeep]\n|upkeep\n|turn|13\n|\n|t:|1697756331\n|switch|p1a: Queengambit|Kingambit, F, shiny|100\/100\n|-activate|p1a: Queengambit|ability: Supreme Overlord\n|-start|p1a: Queengambit|fallen2|[silent]\n|move|p2a: Time Stone|Flash Cannon|p1a: Queengambit\n|-resisted|p1a: Queengambit\n|-damage|p1a: Queengambit|96\/100\n|\n|-weather|SunnyDay|[upkeep]\n|upkeep\n|turn|14\n|\n|t:|1697756340\n|switch|p2a: Reality Stone|Zarude|100\/100\n|-damage|p2a: Reality Stone|88\/100|[from] Stealth Rock\n|move|p1a: Queengambit|Low Kick|p2a: Reality Stone\n|-supereffective|p2a: Reality Stone\n|-damage|p2a: Reality Stone|22\/100\n|\n|-weather|SunnyDay|[upkeep]\n|upkeep\n|turn|15\n|\n|t:|1697756360\n|move|p1a: Queengambit|Sucker Punch|p2a: Reality Stone\n|-resisted|p2a: Reality Stone\n|-damage|p2a: Reality Stone|0 fnt\n|faint|p2a: Reality Stone\n|\n|-weather|none\n|-sideend|p1: SeishinVS|move: Aurora Veil\n|upkeep\n|\n|t:|1697756372\n|switch|p2a: Space Stone|Dragapult, F|100\/100\n|-damage|p2a: Space Stone|88\/100|[from] Stealth Rock\n|turn|16\n|\n|t:|1697756377\n|move|p2a: Space Stone|Substitute|p2a: Space Stone\n|-start|p2a: Space Stone|Substitute\n|-damage|p2a: Space Stone|63\/100\n|move|p1a: Queengambit|Iron Head|p2a: Space Stone\n|-end|p2a: Space Stone|Substitute\n|\n|upkeep\n|turn|17\n|j| KaoVT\n|c| KaoVT|GO SEISHIN GO!\n|\n|t:|1697756440\n|move|p2a: Space Stone|Substitute|p2a: Space Stone\n|-start|p2a: Space Stone|Substitute\n|-damage|p2a: Space Stone|38\/100\n|move|p1a: Queengambit|Low Kick|p2a: Space Stone\n|-immune|p2a: Space Stone\n|\n|upkeep\n|turn|18\n|\n|t:|1697756448\n|move|p1a: Queengambit|Sucker Punch|p2a: Space Stone\n|-supereffective|p2a: Space Stone\n|-end|p2a: Space Stone|Substitute\n|move|p2a: Space Stone|Flamethrower|p1a: Queengambit\n|-supereffective|p1a: Queengambit\n|-damage|p1a: Queengambit|64\/100\n|-damage|p2a: Space Stone|29\/100|[from] item: Life Orb\n|\n|upkeep\n|turn|19\n|\n|t:|1697756488\n|move|p2a: Space Stone|Flamethrower|p1a: Queengambit\n|-supereffective|p1a: Queengambit\n|-damage|p1a: Queengambit|27\/100\n|-damage|p2a: Space Stone|19\/100|[from] item: Life Orb\n|move|p1a: Queengambit|Iron Head|p2a: Space Stone\n|-damage|p2a: Space Stone|0 fnt\n|faint|p2a: Space Stone\n|\n|upkeep\n|\n|t:|1697756498\n|switch|p2a: Power Stone|Iron Treads|97\/100\n|-damage|p2a: Power Stone|94\/100|[from] Stealth Rock\n|turn|20\n|\n|t:|1697756510\n|-end|p1a: Queengambit|fallen2|[silent]\n|switch|p1a: Pex can't kill me|Clodsire, M, shiny|100\/100\n|move|p2a: Power Stone|Earthquake|p1a: Pex can't kill me\n|-supereffective|p1a: Pex can't kill me\n|-damage|p1a: Pex can't kill me|0 fnt\n|faint|p1a: Pex can't kill me\n|\n|upkeep\n|\n|t:|1697756517\n|switch|p1a: Scary|Ninetales-Alola, M, shiny|15\/100\n|-weather|Snow|[from] ability: Snow Warning|[of] p1a: Scary\n|turn|21\n|\n|t:|1697756522\n|move|p1a: Scary|Aurora Veil|p1a: Scary\n|-sidestart|p1: SeishinVS|move: Aurora Veil\n|move|p2a: Power Stone|Earthquake|p1a: Scary\n|-damage|p1a: Scary|0 fnt\n|faint|p1a: Scary\n|\n|-weather|Snow|[upkeep]\n|upkeep\n|\n|t:|1697756532\n|switch|p1a: Blue Boi|Quaquaval, M, shiny|57\/100 par\n|turn|22\n|\n|t:|1697756565\n|-end|p2a: Power Stone|Quark Drive|[silent]\n|switch|p2a: Soul Stone|Ceruledge, M|100\/100\n|-damage|p2a: Soul Stone|76\/100|[from] Stealth Rock\n|move|p1a: Blue Boi|Aqua Step|p2a: Soul Stone\n|-supereffective|p2a: Soul Stone\n|-damage|p2a: Soul Stone|0 fnt\n|-boost|p1a: Blue Boi|spe|1\n|faint|p2a: Soul Stone\n|-ability|p1a: Blue Boi|Moxie|boost\n|-boost|p1a: Blue Boi|atk|1\n|\n|-weather|Snow|[upkeep]\n|upkeep\n|\n|t:|1697756575\n|switch|p2a: Mind Stone|Enamorus, F|100\/100\n|-damage|p2a: Mind Stone|76\/100|[from] Stealth Rock\n|turn|23\n|\n|t:|1697756581\n|move|p2a: Mind Stone|Moonblast|p1a: Blue Boi\n|-supereffective|p1a: Blue Boi\n|-damage|p1a: Blue Boi|0 fnt\n|faint|p1a: Blue Boi\n|\n|-weather|Snow|[upkeep]\n|upkeep\n|\n|t:|1697756588\n|switch|p1a: Queengambit|Kingambit, F, shiny|27\/100\n|-activate|p1a: Queengambit|ability: Supreme Overlord\n|-start|p1a: Queengambit|fallen5|[silent]\n|turn|24\n|\n|t:|1697756599\n|move|p2a: Mind Stone|Moonblast|p1a: Queengambit\n|-damage|p1a: Queengambit|11\/100\n|-unboost|p1a: Queengambit|spa|1\n|move|p1a: Queengambit|Iron Head|p2a: Mind Stone\n|-supereffective|p2a: Mind Stone\n|-damage|p2a: Mind Stone|0 fnt\n|faint|p2a: Mind Stone\n|\n|-weather|Snow|[upkeep]\n|upkeep\n|\n|t:|1697756608\n|switch|p2a: Power Stone|Iron Treads|94\/100\n|-damage|p2a: Power Stone|91\/100|[from] Stealth Rock\n|turn|25\n|\n|t:|1697756613\n|move|p1a: Queengambit|Sucker Punch|p2a: Power Stone\n|-damage|p2a: Power Stone|40\/100\n|move|p2a: Power Stone|Earthquake|p1a: Queengambit\n|-supereffective|p1a: Queengambit\n|-damage|p1a: Queengambit|0 fnt\n|faint|p1a: Queengambit\n|-end|p1a: Queengambit|fallen5|[silent]\n|\n|win|hatev2\n|c|\u2606hatev2|GG\n","uploadtime":1697756620,"views":26,"p1id":"seishinvs","p2id":"hatev2","formatid":"gen9ubers","rating":0,"private":0,"password":""}