{"id":"gen9ubers-1983907906","p1":"XpokVEVO","p2":"Kinesquared","format":"[Gen 9] Ubers","log":"|j|\u2606XpokVEVO\n|j|\u2606Kinesquared\n|t:|1699198688\n|gametype|singles\n|player|p1|XpokVEVO|mustard|\n|player|p2|Kinesquared|scientist-gen4dp|\n|teamsize|p1|6\n|teamsize|p2|6\n|gen|9\n|tier|[Gen 9] Ubers\n|rule|Sleep Clause Mod: Limit one foe put to sleep\n|rule|Species Clause: Limit one of each Pok\u00e9mon\n|rule|OHKO Clause: OHKO moves are banned\n|rule|Evasion Items Clause: Evasion items are banned\n|rule|Evasion Moves Clause: Evasion moves are banned\n|rule|Endless Battle Clause: Forcing endless battles is banned\n|rule|HP Percentage Mod: HP is shown in percentages\n|clearpoke\n|poke|p1|Cyclizar, M|\n|poke|p1|Espathra, M|\n|poke|p1|Magearna|\n|poke|p1|Zacian-*|\n|poke|p1|Roaring Moon|\n|poke|p1|Arceus-Fire|\n|poke|p2|Magearna|\n|poke|p2|Ursaluna, M|\n|poke|p2|Dialga|\n|poke|p2|Hoopa-Unbound|\n|poke|p2|Cinderace, M|\n|poke|p2|Cresselia, F|\n|teampreview\n|inactive|Battle timer is ON: inactive players will automatically lose when time's up. (requested by XpokVEVO)\n|c|\u2606XpokVEVO|there it is\n|\n|t:|1699198707\n|start\n|switch|p1a: Akira|Cyclizar, M|100\/100\n|switch|p2a: Dialga|Dialga|100\/100\n|-ability|p2a: Dialga|Pressure\n|turn|1\n|\n|t:|1699198721\n|-terastallize|p1a: Akira|Poison\n|move|p1a: Akira|Taunt|p2a: Dialga\n|-start|p2a: Dialga|move: Taunt\n|cant|p2a: Dialga|move: Taunt|Trick Room\n|\n|upkeep\n|turn|2\n|\n|t:|1699198731\n|switch|p1a: Aunt Fanny|Magearna|100\/100\n|move|p2a: Dialga|Earth Power|p1a: Aunt Fanny\n|-supereffective|p1a: Aunt Fanny\n|-damage|p1a: Aunt Fanny|26\/100\n|-enditem|p1a: Aunt Fanny|Weakness Policy\n|-boost|p1a: Aunt Fanny|atk|2|[from] item: Weakness Policy\n|-boost|p1a: Aunt Fanny|spa|2|[from] item: Weakness Policy\n|\n|upkeep\n|turn|3\n|c|\u2606XpokVEVO|unfortunate\n|c|\u2606Kinesquared|what did you think i'd do?\n|\n|t:|1699198745\n|move|p1a: Aunt Fanny|Fleur Cannon|p2a: Dialga\n|-damage|p2a: Dialga|0 fnt\n|-unboost|p1a: Aunt Fanny|spa|2\n|faint|p2a: Dialga\n|-ability|p1a: Aunt Fanny|Soul-Heart|boost\n|-boost|p1a: Aunt Fanny|spa|1\n|\n|upkeep\n|\n|t:|1699198753\n|switch|p2a: Hoopa|Hoopa-Unbound|100\/100\n|turn|4\n|\n|t:|1699198770\n|move|p1a: Aunt Fanny|Fleur Cannon|p2a: Hoopa\n|-supereffective|p2a: Hoopa\n|-damage|p2a: Hoopa|0 fnt\n|-unboost|p1a: Aunt Fanny|spa|2\n|faint|p2a: Hoopa\n|-ability|p1a: Aunt Fanny|Soul-Heart|boost\n|-boost|p1a: Aunt Fanny|spa|1\n|\n|upkeep\n|c|\u2606XpokVEVO|unforunate\n|c|\u2606XpokVEVO|it hits 101 exactly\n|c|\u2606Kinesquared|i think thats the first time weakness policy mag has done stuff to me tbh\n|\n|t:|1699198781\n|switch|p2a: Cresselia|Cresselia, F|100\/100\n|turn|5\n|\n|t:|1699198789\n|-terastallize|p2a: Cresselia|Poison\n|move|p1a: Aunt Fanny|Thunder Wave|p2a: Cresselia\n|-status|p2a: Cresselia|par\n|cant|p2a: Cresselia|par\n|\n|upkeep\n|turn|6\n|\n|t:|1699198795\n|switch|p1a: Ar\u0441eus-Fighting|Arceus-Fire, shiny|100\/100\n|move|p2a: Cresselia|Trick Room|p2a: Cresselia\n|-fieldstart|move: Trick Room|[of] p2a: Cresselia\n|\n|upkeep\n|turn|7\n|c|\u2606XpokVEVO|unfortunate\n|\n|t:|1699198803\n|switch|p2a: Ursaluna|Ursaluna, M|100\/100\n|move|p1a: Ar\u0441eus-Fighting|Roar|p2a: Ursaluna\n|drag|p2a: Cinderace|Cinderace, M|100\/100\n|\n|upkeep\n|turn|8\n|c|\u2606XpokVEVO|very\n|c|\u2606XpokVEVO|very\n|c|\u2606XpokVEVO|fortunate\n|\n|t:|1699198814\n|move|p1a: Ar\u0441eus-Fighting|Flare Blitz|p2a: Cinderace\n|-resisted|p2a: Cinderace\n|-damage|p2a: Cinderace|48\/100\n|-damage|p1a: Ar\u0441eus-Fighting|89\/100|[from] Recoil\n|move|p2a: Cinderace|U-turn|p1a: Ar\u0441eus-Fighting\n|-start|p2a: Cinderace|typechange|Bug|[from] ability: Libero\n|-resisted|p1a: Ar\u0441eus-Fighting\n|-damage|p1a: Ar\u0441eus-Fighting|77\/100\n|\n|t:|1699198822\n|switch|p2a: Ursaluna|Ursaluna, M|100\/100|[from] U-turn\n|\n|-status|p2a: Ursaluna|brn|[from] item: Flame Orb\n|upkeep\n|turn|9\n|\n|t:|1699198832\n|switch|p1a: Emu War|Espathra, M|100\/100\n|move|p2a: Ursaluna|Headlong Rush|p1a: Emu War\n|-enditem|p1a: Emu War|Focus Sash\n|-damage|p1a: Emu War|1\/100\n|-unboost|p2a: Ursaluna|def|1\n|-unboost|p2a: Ursaluna|spd|1\n|\n|-damage|p2a: Ursaluna|94\/100 brn|[from] brn\n|upkeep\n|turn|10\n|\n|t:|1699198844\n|move|p2a: Ursaluna|Facade|p1a: Emu War\n|-damage|p1a: Emu War|0 fnt\n|faint|p1a: Emu War\n|\n|-damage|p2a: Ursaluna|88\/100 brn|[from] brn\n|-fieldend|move: Trick Room\n|upkeep\n|\n|t:|1699198867\n|switch|p1a: Princess|Zacian, shiny|100\/100\n|-ability|p1a: Princess|Intrepid Sword|boost\n|-boost|p1a: Princess|atk|1\n|turn|11\n|inactive|XpokVEVO has 270 seconds left.\n|\n|t:|1699198886\n|switch|p1a: Akira|Cyclizar, M, tera:Poison|100\/100\n|switch|p2a: Magearna|Magearna|100\/100\n|\n|upkeep\n|turn|12\n|inactive|XpokVEVO has 270 seconds left.\n|\n|t:|1699198907\n|move|p1a: Akira|Shed Tail|p1a: Akira\n|-start|p1a: Akira|Substitute|[from] move: Shed Tail\n|-damage|p1a: Akira|50\/100\n|\n|t:|1699198908\n|switch|p1a: Aunt Fanny|Magearna|26\/100|[from] Shed Tail\n|move|p2a: Magearna|Volt Switch|p1a: Aunt Fanny\n|-activate|p1a: Aunt Fanny|move: Substitute|[damage]\n|\n|t:|1699198916\n|switch|p2a: Cinderace|Cinderace, M|48\/100|[from] Volt Switch\n|\n|upkeep\n|turn|13\n|\n|t:|1699198925\n|move|p2a: Cinderace|Pyro Ball|p1a: Aunt Fanny\n|-supereffective|p1a: Aunt Fanny\n|-end|p1a: Aunt Fanny|Substitute\n|move|p1a: Aunt Fanny|Fleur Cannon|p2a: Cinderace\n|-resisted|p2a: Cinderace\n|-damage|p2a: Cinderace|0 fnt\n|-unboost|p1a: Aunt Fanny|spa|2\n|faint|p2a: Cinderace\n|-ability|p1a: Aunt Fanny|Soul-Heart|boost\n|-boost|p1a: Aunt Fanny|spa|1\n|\n|upkeep\n|\n|t:|1699198935\n|switch|p2a: Magearna|Magearna|100\/100\n|turn|14\n|\n|t:|1699198939\n|move|p1a: Aunt Fanny|Thunder Wave|p2a: Magearna\n|-status|p2a: Magearna|par\n|move|p2a: Magearna|Trick Room|p2a: Magearna\n|-fieldstart|move: Trick Room|[of] p2a: Magearna\n|\n|upkeep\n|turn|15\n|\n|t:|1699198947\n|cant|p2a: Magearna|par\n|move|p1a: Aunt Fanny|Flash Cannon|p2a: Magearna\n|-damage|p2a: Magearna|77\/100 par\n|\n|-heal|p2a: Magearna|83\/100 par|[from] item: Leftovers\n|upkeep\n|turn|16\n|\n|t:|1699198954\n|move|p2a: Magearna|Volt Switch|p1a: Aunt Fanny\n|-damage|p1a: Aunt Fanny|6\/100\n|\n|t:|1699198958\n|switch|p2a: Ursaluna|Ursaluna, M|88\/100 brn|[from] Volt Switch\n|move|p1a: Aunt Fanny|Flash Cannon|p2a: Ursaluna\n|-damage|p2a: Ursaluna|64\/100 brn\n|\n|-damage|p2a: Ursaluna|58\/100 brn|[from] brn\n|upkeep\n|turn|17\n|\n|t:|1699198967\n|move|p2a: Ursaluna|Facade|p1a: Aunt Fanny\n|-resisted|p1a: Aunt Fanny\n|-damage|p1a: Aunt Fanny|0 fnt\n|faint|p1a: Aunt Fanny\n|\n|-damage|p2a: Ursaluna|52\/100 brn|[from] brn\n|upkeep\n|\n|t:|1699198985\n|switch|p1a: Roaring Peak|Roaring Moon|100\/100\n|-enditem|p1a: Roaring Peak|Booster Energy\n|-activate|p1a: Roaring Peak|ability: Protosynthesis|[fromitem]\n|-start|p1a: Roaring Peak|protosynthesisspe\n|turn|18\n|\n|t:|1699198993\n|move|p2a: Ursaluna|Facade|p1a: Roaring Peak\n|-damage|p1a: Roaring Peak|0 fnt\n|faint|p1a: Roaring Peak\n|-end|p1a: Roaring Peak|Protosynthesis|[silent]\n|\n|-damage|p2a: Ursaluna|46\/100 brn|[from] brn\n|-fieldend|move: Trick Room\n|upkeep\n|\n|t:|1699199012\n|switch|p1a: Ar\u0441eus-Fighting|Arceus-Fire, shiny|77\/100\n|turn|19\n|\n|t:|1699199021\n|move|p1a: Ar\u0441eus-Fighting|Dragon Dance|p1a: Ar\u0441eus-Fighting\n|-boost|p1a: Ar\u0441eus-Fighting|atk|1\n|-boost|p1a: Ar\u0441eus-Fighting|spe|1\n|move|p2a: Ursaluna|Headlong Rush|p1a: Ar\u0441eus-Fighting\n|-supereffective|p1a: Ar\u0441eus-Fighting\n|-damage|p1a: Ar\u0441eus-Fighting|0 fnt\n|-unboost|p2a: Ursaluna|def|1\n|-unboost|p2a: Ursaluna|spd|1\n|faint|p1a: Ar\u0441eus-Fighting\n|\n|-damage|p2a: Ursaluna|40\/100 brn|[from] brn\n|upkeep\n|c|\u2606XpokVEVO|DAMN IT\n|c|\u2606XpokVEVO|FUCK\n|c|\u2606XpokVEVO|FUCK\n|\n|t:|1699199033\n|switch|p1a: Princess|Zacian, shiny|100\/100\n|turn|20\n|\n|t:|1699199039\n|switch|p2a: Cresselia|Cresselia, F, tera:Poison|100\/100 par\n|move|p1a: Princess|Play Rough|p2a: Cresselia\n|-resisted|p2a: Cresselia\n|-damage|p2a: Cresselia|85\/100 par\n|-damage|p1a: Princess|91\/100|[from] item: Life Orb\n|\n|-heal|p2a: Cresselia|91\/100 par|[from] item: Leftovers\n|upkeep\n|turn|21\n|\n|t:|1699199049\n|switch|p1a: Akira|Cyclizar, M, tera:Poison|84\/100\n|move|p2a: Cresselia|Calm Mind|p2a: Cresselia\n|-boost|p2a: Cresselia|spa|1\n|-boost|p2a: Cresselia|spd|1\n|\n|-heal|p2a: Cresselia|97\/100 par|[from] item: Leftovers\n|upkeep\n|turn|22\n|c|\u2606XpokVEVO|dude i lost because of that\n|\n|t:|1699199056\n|move|p1a: Akira|Taunt|p2a: Cresselia\n|-start|p2a: Cresselia|move: Taunt\n|cant|p2a: Cresselia|move: Taunt|Trick Room\n|\n|-heal|p2a: Cresselia|100\/100 par|[from] item: Leftovers\n|upkeep\n|turn|23\n|c|\u2606Kinesquared|u got greedy\n|c|\u2606XpokVEVO|why would you sac your n1 exploiter of tr?\n|c|\u2606XpokVEVO|i dont understand\n|c|\u2606Kinesquared|why did you need the dance?\n|c|\u2606XpokVEVO|to kill creselia\n|c|\u2606XpokVEVO|i 3 shot\n|c|\u2606XpokVEVO|with blitz\n|c|\u2606Kinesquared|i knew you'd get greedy\n|c|\u2606XpokVEVO|i literally get tred on otherwise\n|c|\u2606Kinesquared|you're so used to me switching out\n|inactive|Kinesquared has 270 seconds left.\n|\n|t:|1699199091\n|switch|p1a: Princess|Zacian, shiny|91\/100\n|move|p2a: Cresselia|Moonblast|p1a: Princess\n|-damage|p1a: Princess|66\/100\n|-unboost|p1a: Princess|spa|1\n|\n|upkeep\n|turn|24\n|c|\u2606XpokVEVO|bro youre not an anime villian\n|c|\u2606Kinesquared|maybe i am\n|\n|t:|1699199101\n|switch|p2a: Magearna|Magearna|83\/100 par\n|move|p1a: Princess|Swords Dance|p1a: Princess\n|-boost|p1a: Princess|atk|2\n|\n|-heal|p2a: Magearna|89\/100 par|[from] item: Leftovers\n|upkeep\n|turn|25\n|c|\u2606XpokVEVO|i swear to god\n|c|\u2606XpokVEVO|if you dont get paraed\n|\n|t:|1699199123\n|move|p1a: Princess|Close Combat|p2a: Magearna\n|-damage|p2a: Magearna|23\/100 par\n|-unboost|p1a: Princess|def|1\n|-unboost|p1a: Princess|spd|1\n|-damage|p1a: Princess|56\/100|[from] item: Life Orb\n|move|p2a: Magearna|Trick Room|p2a: Magearna\n|-fieldstart|move: Trick Room|[of] p2a: Magearna\n|\n|-heal|p2a: Magearna|29\/100 par|[from] item: Leftovers\n|upkeep\n|turn|26\n|\n|t:|1699199132\n|switch|p1a: Akira|Cyclizar, M, tera:Poison|100\/100\n|move|p2a: Magearna|Fleur Cannon|p1a: Akira\n|-resisted|p1a: Akira\n|-damage|p1a: Akira|60\/100\n|-unboost|p2a: Magearna|spa|2\n|\n|-heal|p2a: Magearna|35\/100 par|[from] item: Leftovers\n|upkeep\n|turn|27\n|\n|t:|1699199142\n|cant|p2a: Magearna|par\n|move|p1a: Akira|Shed Tail|p1a: Akira\n|-start|p1a: Akira|Substitute|[from] move: Shed Tail\n|-damage|p1a: Akira|10\/100\n|c|\u2606XpokVEVO|HAHAHAHAHA\n|\n|t:|1699199146\n|switch|p1a: Princess|Zacian, shiny|56\/100|[from] Shed Tail\n|\n|-heal|p2a: Magearna|41\/100 par|[from] item: Leftovers\n|upkeep\n|turn|28\n|c|\u2606XpokVEVO|I JUST NEED\n|c|\u2606XpokVEVO|ONE MORE TURN\n|c|\u2606XpokVEVO|to get setup on by cresselia\n|c|\u2606XpokVEVO|good game desig\n|\n|t:|1699199172\n|move|p2a: Magearna|Fleur Cannon|p1a: Princess\n|-end|p1a: Princess|Substitute\n|-unboost|p2a: Magearna|spa|2\n|move|p1a: Princess|Close Combat|p2a: Magearna\n|-damage|p2a: Magearna|9\/100 par\n|-unboost|p1a: Princess|def|1\n|-unboost|p1a: Princess|spd|1\n|-damage|p1a: Princess|46\/100|[from] item: Life Orb\n|\n|-heal|p2a: Magearna|15\/100 par|[from] item: Leftovers\n|upkeep\n|turn|29\n|\n|t:|1699199187\n|switch|p1a: Akira|Cyclizar, M, tera:Poison|43\/100\n|move|p2a: Magearna|Fleur Cannon|p1a: Akira|[miss]\n|-miss|p2a: Magearna|p1a: Akira\n|\n|-heal|p2a: Magearna|21\/100 par|[from] item: Leftovers\n|-fieldend|move: Trick Room\n|upkeep\n|turn|30\n|c|\u2606XpokVEVO|holy goat\n|\n|t:|1699199196\n|move|p1a: Akira|Taunt|p2a: Magearna\n|-start|p2a: Magearna|move: Taunt\n|move|p2a: Magearna|Volt Switch|p1a: Akira\n|-damage|p1a: Akira|33\/100\n|c|\u2606XpokVEVO|bruhhh\n|\n|t:|1699199203\n|switch|p2a: Cresselia|Cresselia, F, tera:Poison|100\/100 par|[from] Volt Switch\n|\n|upkeep\n|turn|31\n|\n|t:|1699199207\n|move|p1a: Akira|Taunt|p2a: Cresselia\n|-start|p2a: Cresselia|move: Taunt\n|cant|p2a: Cresselia|move: Taunt|Trick Room\n|\n|upkeep\n|turn|32\n|\n|t:|1699199212\n|switch|p1a: Princess|Zacian, shiny|46\/100\n|move|p2a: Cresselia|Moonblast|p1a: Princess\n|-damage|p1a: Princess|31\/100\n|\n|upkeep\n|turn|33\n|\n|t:|1699199218\n|switch|p1a: Akira|Cyclizar, M, tera:Poison|66\/100\n|move|p2a: Cresselia|Moonblast|p1a: Akira\n|-resisted|p1a: Akira\n|-damage|p1a: Akira|54\/100\n|\n|-end|p2a: Cresselia|move: Taunt\n|upkeep\n|turn|34\n|\n|t:|1699199227\n|move|p1a: Akira|Taunt|p2a: Cresselia\n|-start|p2a: Cresselia|move: Taunt\n|move|p2a: Cresselia|Moonblast|p1a: Akira\n|-resisted|p1a: Akira\n|-damage|p1a: Akira|43\/100\n|\n|upkeep\n|turn|35\n|\n|t:|1699199236\n|switch|p1a: Princess|Zacian, shiny|31\/100\n|move|p2a: Cresselia|Moonblast|p1a: Princess\n|-damage|p1a: Princess|17\/100\n|-unboost|p1a: Princess|spa|1\n|\n|upkeep\n|turn|36\n|c|\u2606XpokVEVO|its so over\n|\n|t:|1699199243\n|switch|p1a: Akira|Cyclizar, M, tera:Poison|76\/100\n|move|p2a: Cresselia|Moonblast|p1a: Akira\n|-resisted|p1a: Akira\n|-damage|p1a: Akira|65\/100\n|\n|-end|p2a: Cresselia|move: Taunt\n|upkeep\n|turn|37\n|\n|t:|1699199253\n|switch|p2a: Ursaluna|Ursaluna, M|40\/100 brn\n|move|p1a: Akira|Shed Tail|p1a: Akira\n|-start|p1a: Akira|Substitute|[from] move: Shed Tail\n|-damage|p1a: Akira|14\/100\n|c|\u2606XpokVEVO|why cant it just proc ONCEW\n|\n|t:|1699199256\n|switch|p1a: Princess|Zacian, shiny|17\/100|[from] Shed Tail\n|\n|-damage|p2a: Ursaluna|34\/100 brn|[from] brn\n|upkeep\n|turn|38\n|\n|t:|1699199265\n|switch|p2a: Cresselia|Cresselia, F, tera:Poison|100\/100 par\n|move|p1a: Princess|Swords Dance|p1a: Princess\n|-boost|p1a: Princess|atk|2\n|\n|upkeep\n|turn|39\n|\n|t:|1699199273\n|move|p1a: Princess|Swords Dance|p1a: Princess\n|-boost|p1a: Princess|atk|2\n|move|p2a: Cresselia|Trick Room|p2a: Cresselia\n|-fieldstart|move: Trick Room|[of] p2a: Cresselia\n|\n|upkeep\n|turn|40\n|c|\u2606XpokVEVO|this game is not good for playing\n|\n|t:|1699199282\n|cant|p2a: Cresselia|par\n|move|p1a: Princess|Swords Dance|p1a: Princess\n|-boost|p1a: Princess|atk|2\n|\n|upkeep\n|turn|41\n|\n|t:|1699199287\n|move|p2a: Cresselia|Moonblast|p1a: Princess\n|-activate|p1a: Princess|move: Substitute|[damage]\n|move|p1a: Princess|Crunch|p2a: Cresselia\n|-damage|p2a: Cresselia|28\/100 par\n|-damage|p1a: Princess|7\/100|[from] item: Life Orb\n|\n|-heal|p2a: Cresselia|35\/100 par|[from] item: Leftovers\n|upkeep\n|turn|42\n|\n|t:|1699199305\n|switch|p1a: Akira|Cyclizar, M, tera:Poison|48\/100\n|cant|p2a: Cresselia|par\n|\n|-heal|p2a: Cresselia|41\/100 par|[from] item: Leftovers\n|upkeep\n|turn|43\n|\n|t:|1699199315\n|move|p2a: Cresselia|Moonlight|p2a: Cresselia\n|-heal|p2a: Cresselia|91\/100 par\n|move|p1a: Akira|Knock Off|p2a: Cresselia\n|-damage|p2a: Cresselia|79\/100 par\n|-enditem|p2a: Cresselia|Leftovers|[from] move: Knock Off|[of] p1a: Akira\n|\n|-fieldend|move: Trick Room\n|upkeep\n|turn|44\n|-message|XpokVEVO forfeited.\n|\n|win|Kinesquared\n|l|\u2606XpokVEVO\n|c|\u2606Kinesquared|gg\n|j|\u2606XpokVEVO\n|player|p1|XpokVEVO|mustard\n","uploadtime":1699199327,"views":30,"p1id":"xpokvevo","p2id":"kinesquared","formatid":"gen9ubers","rating":0,"private":0,"password":""}