{"id":"gen9ubers-1993430066","p1":"MiniNargacuga","p2":"MegaMoxie110","format":"[Gen 9] Ubers","log":"|j|\u2606MiniNargacuga\n|j|\u2606MegaMoxie110\n|t:|1700316868\n|gametype|singles\n|player|p1|MiniNargacuga|shadowtriad|\n|player|p2|MegaMoxie110|dawn|\n|teamsize|p1|6\n|teamsize|p2|6\n|gen|9\n|tier|[Gen 9] Ubers\n|rule|Sleep Clause Mod: Limit one foe put to sleep\n|rule|Species Clause: Limit one of each Pok\u00e9mon\n|rule|OHKO Clause: OHKO moves are banned\n|rule|Evasion Items Clause: Evasion items are banned\n|rule|Evasion Moves Clause: Evasion moves are banned\n|rule|Endless Battle Clause: Forcing endless battles is banned\n|rule|HP Percentage Mod: HP is shown in percentages\n|clearpoke\n|poke|p1|Rillaboom, F|\n|poke|p1|Ursaluna-Bloodmoon, M|\n|poke|p1|Heatran, M|\n|poke|p1|Sneasler, M|\n|poke|p1|Palkia-Origin|\n|poke|p1|Kommo-o, F|\n|poke|p2|Baxcalibur, M|\n|poke|p2|Gholdengo|\n|poke|p2|Landorus, M|\n|poke|p2|Meowscarada, M|\n|poke|p2|Zacian-*|\n|poke|p2|Heatran, F|\n|teampreview\n|\n|t:|1700316894\n|start\n|switch|p1a: Weakest Mexican|Rillaboom, F, shiny|100\/100\n|switch|p2a: Meowscarada|Meowscarada, M|100\/100\n|-fieldstart|move: Grassy Terrain|[from] ability: Grassy Surge|[of] p1a: Weakest Mexican\n|turn|1\n|\n|t:|1700316899\n|move|p2a: Meowscarada|Knock Off|p1a: Weakest Mexican\n|-start|p2a: Meowscarada|typechange|Dark|[from] ability: Protean\n|-damage|p1a: Weakest Mexican|39\/100\n|-enditem|p1a: Weakest Mexican|Choice Band|[from] move: Knock Off|[of] p2a: Meowscarada\n|move|p1a: Weakest Mexican|U-turn|p2a: Meowscarada\n|-supereffective|p2a: Meowscarada\n|-damage|p2a: Meowscarada|15\/100\n|\n|t:|1700316908\n|switch|p1a: Nightmare Feddy|Ursaluna-Bloodmoon, M|100\/100|[from] U-turn\n|-enditem|p1a: Nightmare Feddy|Grassy Seed\n|-boost|p1a: Nightmare Feddy|def|1|[from] item: Grassy Seed\n|\n|-heal|p2a: Meowscarada|21\/100|[from] Grassy Terrain\n|upkeep\n|turn|2\n|\n|t:|1700316913\n|move|p2a: Meowscarada|Knock Off|p1a: Nightmare Feddy\n|-damage|p1a: Nightmare Feddy|82\/100\n|move|p1a: Nightmare Feddy|Calm Mind|p1a: Nightmare Feddy\n|-boost|p1a: Nightmare Feddy|spa|1\n|-boost|p1a: Nightmare Feddy|spd|1\n|\n|-heal|p2a: Meowscarada|27\/100|[from] Grassy Terrain\n|-heal|p1a: Nightmare Feddy|88\/100|[from] Grassy Terrain\n|upkeep\n|turn|3\n|\n|t:|1700316927\n|switch|p2a: Baxcalibur|Baxcalibur, M|100\/100\n|move|p1a: Nightmare Feddy|Calm Mind|p1a: Nightmare Feddy\n|-boost|p1a: Nightmare Feddy|spa|1\n|-boost|p1a: Nightmare Feddy|spd|1\n|\n|-heal|p1a: Nightmare Feddy|94\/100|[from] Grassy Terrain\n|upkeep\n|turn|4\n|\n|t:|1700316938\n|move|p2a: Baxcalibur|Icicle Spear|p1a: Nightmare Feddy\n|-supereffective|p1a: Nightmare Feddy\n|-damage|p1a: Nightmare Feddy|83\/100\n|-supereffective|p1a: Nightmare Feddy\n|-damage|p1a: Nightmare Feddy|72\/100\n|-supereffective|p1a: Nightmare Feddy\n|-damage|p1a: Nightmare Feddy|60\/100\n|-supereffective|p1a: Nightmare Feddy\n|-damage|p1a: Nightmare Feddy|50\/100\n|-hitcount|p1a: Nightmare Feddy|4\n|move|p1a: Nightmare Feddy|Blood Moon|p2a: Baxcalibur\n|-damage|p2a: Baxcalibur|0 fnt\n|faint|p2a: Baxcalibur\n|\n|-heal|p1a: Nightmare Feddy|56\/100|[from] Grassy Terrain\n|upkeep\n|\n|t:|1700316954\n|switch|p2a: Meowscarada|Meowscarada, M|27\/100\n|turn|5\n|\n|t:|1700316957\n|-terastallize|p1a: Nightmare Feddy|Poison\n|move|p2a: Meowscarada|Flower Trick|p1a: Nightmare Feddy\n|-start|p2a: Meowscarada|typechange|Grass|[from] ability: Protean\n|-resisted|p1a: Nightmare Feddy\n|-crit|p1a: Nightmare Feddy\n|-damage|p1a: Nightmare Feddy|29\/100\n|move|p1a: Nightmare Feddy|Moonlight|p1a: Nightmare Feddy\n|-heal|p1a: Nightmare Feddy|79\/100\n|\n|-heal|p2a: Meowscarada|34\/100|[from] Grassy Terrain\n|-heal|p1a: Nightmare Feddy|85\/100|[from] Grassy Terrain\n|-fieldend|move: Grassy Terrain\n|upkeep\n|turn|6\n|\n|t:|1700316966\n|switch|p2a: Heatran|Heatran, F|100\/100\n|-item|p2a: Heatran|Air Balloon\n|move|p1a: Nightmare Feddy|Calm Mind|p1a: Nightmare Feddy\n|-boost|p1a: Nightmare Feddy|spa|1\n|-boost|p1a: Nightmare Feddy|spd|1\n|\n|upkeep\n|turn|7\n|\n|t:|1700316977\n|move|p2a: Heatran|Taunt|p1a: Nightmare Feddy\n|-start|p1a: Nightmare Feddy|move: Taunt\n|cant|p1a: Nightmare Feddy|move: Taunt|Calm Mind\n|\n|upkeep\n|turn|8\n|\n|t:|1700316981\n|move|p2a: Heatran|Magma Storm|p1a: Nightmare Feddy\n|-damage|p1a: Nightmare Feddy|69\/100\n|-activate|p1a: Nightmare Feddy|move: Magma Storm|[of] p2a: Heatran\n|move|p1a: Nightmare Feddy|Blood Moon|p2a: Heatran\n|-resisted|p2a: Heatran\n|-damage|p2a: Heatran|37\/100\n|-enditem|p2a: Heatran|Air Balloon\n|\n|-damage|p1a: Nightmare Feddy|57\/100|[from] move: Magma Storm|[partiallytrapped]\n|upkeep\n|turn|9\n|\n|t:|1700316991\n|move|p2a: Heatran|Will-O-Wisp|p1a: Nightmare Feddy\n|-status|p1a: Nightmare Feddy|brn\n|move|p1a: Nightmare Feddy|Earth Power|p2a: Heatran\n|-supereffective|p2a: Heatran\n|-damage|p2a: Heatran|0 fnt\n|faint|p2a: Heatran\n|\n|-damage|p1a: Nightmare Feddy|51\/100 brn|[from] brn\n|-end|p1a: Nightmare Feddy|Magma Storm|[partiallytrapped]|[silent]\n|-end|p1a: Nightmare Feddy|move: Taunt\n|upkeep\n|\n|t:|1700316999\n|switch|p2a: Landorus|Landorus, M|100\/100\n|turn|10\n|\n|t:|1700317010\n|switch|p2a: Gholdengo|Gholdengo|100\/100\n|move|p1a: Nightmare Feddy|Blood Moon|p2a: Gholdengo\n|-resisted|p2a: Gholdengo\n|-damage|p2a: Gholdengo|14\/100\n|\n|-damage|p1a: Nightmare Feddy|45\/100 brn|[from] brn\n|upkeep\n|turn|11\n|c|\u2606MegaMoxie110|wait\n|c|\u2606MegaMoxie110|I forgor\n|\n|t:|1700317025\n|move|p2a: Gholdengo|Make It Rain|p1a: Nightmare Feddy\n|-damage|p1a: Nightmare Feddy|22\/100 brn\n|-unboost|p2a: Gholdengo|spa|1\n|move|p1a: Nightmare Feddy|Moonlight|p1a: Nightmare Feddy\n|-heal|p1a: Nightmare Feddy|72\/100 brn\n|\n|-damage|p1a: Nightmare Feddy|66\/100 brn|[from] brn\n|upkeep\n|turn|12\n|\n|t:|1700317030\n|move|p2a: Gholdengo|Make It Rain|p1a: Nightmare Feddy\n|-damage|p1a: Nightmare Feddy|49\/100 brn\n|-unboost|p2a: Gholdengo|spa|1\n|move|p1a: Nightmare Feddy|Calm Mind|p1a: Nightmare Feddy\n|-boost|p1a: Nightmare Feddy|spa|1\n|-boost|p1a: Nightmare Feddy|spd|1\n|\n|-damage|p1a: Nightmare Feddy|43\/100 brn|[from] brn\n|upkeep\n|turn|13\n|\n|t:|1700317034\n|switch|p2a: Landorus|Landorus, M|100\/100\n|move|p1a: Nightmare Feddy|Moonlight|p1a: Nightmare Feddy\n|-heal|p1a: Nightmare Feddy|93\/100 brn\n|\n|-damage|p1a: Nightmare Feddy|87\/100 brn|[from] brn\n|upkeep\n|turn|14\n|\n|t:|1700317040\n|move|p2a: Landorus|Nasty Plot|p2a: Landorus\n|-boost|p2a: Landorus|spa|2\n|move|p1a: Nightmare Feddy|Blood Moon|p2a: Landorus\n|-damage|p2a: Landorus|0 fnt\n|faint|p2a: Landorus\n|\n|-damage|p1a: Nightmare Feddy|81\/100 brn|[from] brn\n|upkeep\n|\n|t:|1700317048\n|switch|p2a: Zacian|Zacian|100\/100\n|-ability|p2a: Zacian|Intrepid Sword|boost\n|-boost|p2a: Zacian|atk|1\n|turn|15\n|\n|t:|1700317053\n|switch|p2a: Gholdengo|Gholdengo|14\/100\n|move|p1a: Nightmare Feddy|Earth Power|p2a: Gholdengo\n|-supereffective|p2a: Gholdengo\n|-damage|p2a: Gholdengo|0 fnt\n|faint|p2a: Gholdengo\n|\n|-damage|p1a: Nightmare Feddy|75\/100 brn|[from] brn\n|upkeep\n|\n|t:|1700317056\n|switch|p2a: Meowscarada|Meowscarada, M|34\/100\n|turn|16\n|\n|t:|1700317058\n|move|p2a: Meowscarada|Flower Trick|p1a: Nightmare Feddy\n|-start|p2a: Meowscarada|typechange|Grass|[from] ability: Protean\n|-resisted|p1a: Nightmare Feddy\n|-crit|p1a: Nightmare Feddy\n|-damage|p1a: Nightmare Feddy|54\/100 brn\n|move|p1a: Nightmare Feddy|Earth Power|p2a: Meowscarada\n|-resisted|p2a: Meowscarada\n|-damage|p2a: Meowscarada|0 fnt\n|faint|p2a: Meowscarada\n|\n|-damage|p1a: Nightmare Feddy|48\/100 brn|[from] brn\n|upkeep\n|c|\u2606MiniNargacuga|holy shit bear went crazy\n|\n|t:|1700317087\n|switch|p2a: Zacian|Zacian|100\/100\n|turn|17\n|c|\u2606MegaMoxie110|bear is crazy\n|c|\u2606MegaMoxie110|and that twra\n|\n|t:|1700317110\n|-terastallize|p2a: Zacian|Fighting\n|move|p2a: Zacian|Close Combat|p1a: Nightmare Feddy\n|-resisted|p1a: Nightmare Feddy\n|-damage|p1a: Nightmare Feddy|38\/100 brn\n|-unboost|p2a: Zacian|def|1\n|-unboost|p2a: Zacian|spd|1\n|move|p1a: Nightmare Feddy|Moonlight|p1a: Nightmare Feddy\n|-heal|p1a: Nightmare Feddy|88\/100 brn\n|\n|-damage|p1a: Nightmare Feddy|82\/100 brn|[from] brn\n|upkeep\n|turn|18\n|c|\u2606MiniNargacuga|this was a standar OU set, now I see why it got banned\n|c|\u2606MegaMoxie110|yeah\u2026\n|\n|t:|1700317124\n|move|p2a: Zacian|Swords Dance|p2a: Zacian\n|-boost|p2a: Zacian|atk|2\n|move|p1a: Nightmare Feddy|Blood Moon|p2a: Zacian\n|-enditem|p2a: Zacian|Focus Sash\n|-damage|p2a: Zacian|1\/100\n|\n|-damage|p1a: Nightmare Feddy|76\/100 brn|[from] brn\n|upkeep\n|turn|19\n|c|\u2606MiniNargacuga|Also the bloodmoon animation\n|c|\u2606MegaMoxie110|oh that\u2019s 1 hp\n|\n|t:|1700317143\n|move|p2a: Zacian|Close Combat|p1a: Nightmare Feddy\n|-resisted|p1a: Nightmare Feddy\n|-damage|p1a: Nightmare Feddy|56\/100 brn\n|-unboost|p2a: Zacian|def|1\n|-unboost|p2a: Zacian|spd|1\n|move|p1a: Nightmare Feddy|Moonlight|p1a: Nightmare Feddy\n|-heal|p1a: Nightmare Feddy|100\/100 brn\n|\n|-damage|p1a: Nightmare Feddy|94\/100 brn|[from] brn\n|upkeep\n|turn|20\n|c|\u2606MegaMoxie110|forgot sash ngl\n|\n|t:|1700317151\n|move|p2a: Zacian|Close Combat|p1a: Nightmare Feddy\n|-resisted|p1a: Nightmare Feddy\n|-damage|p1a: Nightmare Feddy|72\/100 brn\n|-unboost|p2a: Zacian|def|1\n|-unboost|p2a: Zacian|spd|1\n|move|p1a: Nightmare Feddy|Blood Moon|p2a: Zacian\n|-damage|p2a: Zacian|0 fnt\n|faint|p2a: Zacian\n|\n|win|MiniNargacuga\n|c|\u2606MegaMoxie110|GG\n|c|\u2606MiniNargacuga|ggs\n|c|\u2606MegaMoxie110|also funfact\n|c|\u2606MegaMoxie110|when I was trying to accept the battle request\n","uploadtime":1700317161,"views":22,"p1id":"mininargacuga","p2id":"megamoxie110","formatid":"gen9ubers","rating":0,"private":0,"password":""}