{"id":"gen9ubers-1973139339","p1":"OsirisGrimm","p2":"darkmoju","format":"[Gen 9] Ubers","log":"|j|\u2606OsirisGrimm\n|j|\u2606darkmoju\n|t:|1697931989\n|gametype|singles\n|player|p1|OsirisGrimm|1|\n|player|p2|darkmoju|ghetsis-gen5bw|\n|teamsize|p1|6\n|teamsize|p2|6\n|gen|9\n|tier|[Gen 9] Ubers\n|rule|Sleep Clause Mod: Limit one foe put to sleep\n|rule|Species Clause: Limit one of each Pok\u00e9mon\n|rule|OHKO Clause: OHKO moves are banned\n|rule|Evasion Items Clause: Evasion items are banned\n|rule|Evasion Moves Clause: Evasion moves are banned\n|rule|Endless Battle Clause: Forcing endless battles is banned\n|rule|HP Percentage Mod: HP is shown in percentages\n|clearpoke\n|poke|p1|Annihilape, M|\n|poke|p1|Houndstone, F|\n|poke|p1|Palafin, M|\n|poke|p1|Flutter Mane|\n|poke|p1|Espathra, M|\n|poke|p1|Chi-Yu|\n|poke|p2|Dialga-Origin|\n|poke|p2|Palkia-Origin|\n|poke|p2|Giratina-Origin|\n|poke|p2|Arceus|\n|poke|p2|Groudon|\n|poke|p2|Eternatus|\n|teampreview\n|j| Sonad~\n|j| Hand0fD00m\n|j| Yangsta\n|c|\u2606darkmoju|glhf\n|c| Yangsta|gl hgf\n|\n|t:|1697932031\n|start\n|switch|p1a: Palafin|Palafin, M|100\/100\n|switch|p2a: Dialga|Dialga-Origin|100\/100\n|-ability|p2a: Dialga|Pressure\n|turn|1\n|\n|t:|1697932040\n|move|p1a: Palafin|Flip Turn|p2a: Dialga\n|-resisted|p2a: Dialga\n|-damage|p2a: Dialga|88\/100\n|-damage|p1a: Palafin|91\/100|[from] item: Life Orb\n|\n|t:|1697932053\n|detailschange|p1a: Palafin|Palafin-Hero, M\n|switch|p1a: Annihilape|Annihilape, M|100\/100|[from] Flip Turn\n|move|p2a: Dialga|Stealth Rock|p1a: Annihilape\n|-sidestart|p1: OsirisGrimm|move: Stealth Rock\n|\n|upkeep\n|turn|2\n|\n|t:|1697932066\n|switch|p2a: Giratina|Giratina-Origin, shiny|100\/100\n|move|p1a: Annihilape|Bulk Up|p1a: Annihilape\n|-boost|p1a: Annihilape|atk|1\n|-boost|p1a: Annihilape|def|1\n|\n|upkeep\n|turn|3\n|c| Yangsta|why does dialga have beldum legs\n|\n|t:|1697932077\n|move|p2a: Giratina|Shadow Ball|p1a: Annihilape\n|-supereffective|p1a: Annihilape\n|-damage|p1a: Annihilape|7\/100\n|move|p1a: Annihilape|Shadow Claw|p2a: Giratina\n|-supereffective|p2a: Giratina\n|-damage|p2a: Giratina|0 fnt\n|faint|p2a: Giratina\n|-damage|p1a: Annihilape|0 fnt|[from] item: Life Orb\n|faint|p1a: Annihilape\n|\n|upkeep\n|\n|t:|1697932104\n|switch|p2a: Dialga|Dialga-Origin|88\/100\n|switch|p1a: Espathra|Espathra, M|100\/100\n|-damage|p1a: Espathra|88\/100|[from] Stealth Rock\n|-ability|p2a: Dialga|Pressure\n|turn|4\n|c| Yangsta|ok what does that flamingo thing actually do\n|\n|t:|1697932119\n|move|p1a: Espathra|Lumina Crash|p2a: Dialga\n|-resisted|p2a: Dialga\n|-damage|p2a: Dialga|70\/100\n|-unboost|p2a: Dialga|spd|2\n|move|p2a: Dialga|Draco Meteor|p1a: Espathra\n|-damage|p1a: Espathra|0 fnt\n|-unboost|p2a: Dialga|spa|2\n|faint|p1a: Espathra\n|\n|upkeep\n|c| Yangsta|I see it around quite a bit\n|\n|t:|1697932135\n|switch|p1a: Flutter Mane|Flutter Mane|100\/100\n|-damage|p1a: Flutter Mane|88\/100|[from] Stealth Rock\n|-enditem|p1a: Flutter Mane|Booster Energy\n|-activate|p1a: Flutter Mane|ability: Protosynthesis|[fromitem]\n|-start|p1a: Flutter Mane|protosynthesisspe\n|turn|5\n|c| Hand0fD00m|cm and stored power\n|c|\u2606darkmoju|speed boost\n|c| Yangsta|ahh ok\n|\n|t:|1697932160\n|switch|p2a: Arceus|Arceus, shiny|100\/100\n|move|p1a: Flutter Mane|Calm Mind|p1a: Flutter Mane\n|-boost|p1a: Flutter Mane|spa|1\n|-boost|p1a: Flutter Mane|spd|1\n|\n|upkeep\n|turn|6\n|c| Sonad~|speed boost  & stored power is a good mix\n|\n|t:|1697932179\n|move|p1a: Flutter Mane|Draining Kiss|p2a: Arceus\n|-crit|p2a: Arceus\n|-damage|p2a: Arceus|57\/100\n|-heal|p1a: Flutter Mane|100\/100|[from] drain|[of] p2a: Arceus\n|move|p2a: Arceus|Shadow Claw|p1a: Flutter Mane\n|-supereffective|p1a: Flutter Mane\n|-damage|p1a: Flutter Mane|0 fnt\n|faint|p1a: Flutter Mane\n|-end|p1a: Flutter Mane|Protosynthesis|[silent]\n|\n|upkeep\n|c| Hand0fD00m|i think it was actually banned from OU\n|\n|t:|1697932190\n|switch|p1a: Palafin|Palafin-Hero, M|91\/100\n|-damage|p1a: Palafin|78\/100|[from] Stealth Rock\n|-activate|p1a: Palafin|ability: Zero to Hero\n|turn|7\n|c| Yangsta|lolol Arceus too clean\n|c| Yangsta|non stab OHKO\n|\n|t:|1697932202\n|move|p2a: Arceus|Extreme Speed|p1a: Palafin\n|-damage|p1a: Palafin|23\/100\n|move|p1a: Palafin|Aqua Tail|p2a: Arceus\n|-damage|p2a: Arceus|0 fnt\n|faint|p2a: Arceus\n|-damage|p1a: Palafin|13\/100|[from] item: Life Orb\n|\n|upkeep\n|\n|t:|1697932212\n|switch|p2a: Palkia|Palkia-Origin|100\/100\n|-ability|p2a: Palkia|Pressure\n|turn|8\n|c| Yangsta|homelander sweep\n|\n|t:|1697932218\n|move|p1a: Palafin|Jet Punch|p2a: Palkia\n|-resisted|p2a: Palkia\n|-damage|p2a: Palkia|87\/100\n|-damage|p1a: Palafin|3\/100|[from] item: Life Orb\n|move|p2a: Palkia|Spacial Rend|p1a: Palafin\n|-damage|p1a: Palafin|0 fnt\n|faint|p1a: Palafin\n|\n|upkeep\n|\n|t:|1697932228\n|switch|p1a: Chi-Yu|Chi-Yu|100\/100\n|-damage|p1a: Chi-Yu|76\/100|[from] Stealth Rock\n|-ability|p1a: Chi-Yu|Beads of Ruin\n|turn|9\n|\n|t:|1697932241\n|move|p2a: Palkia|Spacial Rend|p1a: Chi-Yu\n|-damage|p1a: Chi-Yu|0 fnt\n|faint|p1a: Chi-Yu\n|\n|upkeep\n|\n|t:|1697932247\n|switch|p1a: Houndstone|Houndstone, F|100\/100\n|-damage|p1a: Houndstone|88\/100|[from] Stealth Rock\n|turn|10\n|\n|t:|1697932257\n|move|p2a: Palkia|Spacial Rend|p1a: Houndstone\n|-damage|p1a: Houndstone|0 fnt\n|faint|p1a: Houndstone\n|\n|win|darkmoju\n|c|\u2606darkmoju|gg\n|c| Yangsta|gg\n|c|\u2606OsirisGrimm|Gg\n","uploadtime":1697932265,"views":11,"p1id":"osirisgrimm","p2id":"darkmoju","formatid":"gen9ubers","rating":0,"private":0,"password":""}