{"id":"gen9ubers-1990777561","p1":"Josayyy","p2":"rabidfroggo","format":"[Gen 9] Ubers","log":"|j|\u2606Josayyy\n|j|\u2606rabidfroggo\n|t:|1699999866\n|gametype|singles\n|player|p1|Josayyy|1|\n|player|p2|rabidfroggo|pokemaniac|\n|teamsize|p1|6\n|teamsize|p2|6\n|gen|9\n|tier|[Gen 9] Ubers\n|rule|Sleep Clause Mod: Limit one foe put to sleep\n|rule|Species Clause: Limit one of each Pok\u00e9mon\n|rule|OHKO Clause: OHKO moves are banned\n|rule|Evasion Items Clause: Evasion items are banned\n|rule|Evasion Moves Clause: Evasion moves are banned\n|rule|Endless Battle Clause: Forcing endless battles is banned\n|rule|HP Percentage Mod: HP is shown in percentages\n|clearpoke\n|poke|p1|Landorus-Therian, M|\n|poke|p1|Arcanine-Hisui, F|\n|poke|p1|Jolteon, M|\n|poke|p1|Mandibuzz, F|\n|poke|p1|Dondozo, M|\n|poke|p1|Slowking, F|\n|poke|p2|Lucario, M|\n|poke|p2|Toxicroak, F|\n|poke|p2|Gyarados, M|\n|poke|p2|Hoopa-Unbound|\n|poke|p2|Slowbro, F|\n|poke|p2|Salamence, M|\n|teampreview\n|j| XxShadowAngel\n|\n|t:|1699999878\n|start\n|switch|p1a: Arcanine|Arcanine-Hisui, F, shiny|100\/100\n|switch|p2a: Gyarados|Gyarados, M|100\/100\n|-ability|p2a: Gyarados|Intimidate|boost\n|-unboost|p1a: Arcanine|atk|1\n|turn|1\n|\n|t:|1699999886\n|move|p1a: Arcanine|Head Smash|p2a: Gyarados\n|-supereffective|p2a: Gyarados\n|-damage|p2a: Gyarados|0 fnt\n|faint|p2a: Gyarados\n|\n|upkeep\n|\n|t:|1699999892\n|switch|p2a: Salamence|Salamence, M|100\/100\n|-ability|p2a: Salamence|Intimidate|boost\n|-unboost|p1a: Arcanine|atk|1\n|turn|2\n|\n|t:|1699999897\n|move|p2a: Salamence|Hydro Pump|p1a: Arcanine\n|-supereffective|p1a: Arcanine\n|-damage|p1a: Arcanine|0 fnt\n|faint|p1a: Arcanine\n|\n|upkeep\n|\n|t:|1699999909\n|switch|p1a: Slowking|Slowking, F, shiny|100\/100\n|turn|3\n|\n|t:|1699999932\n|move|p2a: Salamence|Draco Meteor|p1a: Slowking\n|-damage|p1a: Slowking|53\/100\n|-unboost|p2a: Salamence|spa|2\n|move|p1a: Slowking|Blizzard|p2a: Salamence|[miss]\n|-miss|p1a: Slowking|p2a: Salamence\n|\n|-heal|p1a: Slowking|59\/100|[from] item: Leftovers\n|upkeep\n|turn|4\n|\n|t:|1699999943\n|move|p2a: Salamence|Draco Meteor|p1a: Slowking\n|-damage|p1a: Slowking|36\/100\n|-unboost|p2a: Salamence|spa|2\n|move|p1a: Slowking|Chilly Reception|p1a: Slowking\n|-weather|Snow\n|\n|t:|1699999950\n|switch|p1a: Dondozo|Dondozo, M, shiny|100\/100|[from] Chilly Reception\n|\n|-weather|Snow|[upkeep]\n|upkeep\n|turn|5\n|\n|t:|1699999984\n|switch|p2a: Hoopa|Hoopa-Unbound|100\/100\n|move|p1a: Dondozo|Wave Crash|p2a: Hoopa\n|-damage|p2a: Hoopa|32\/100\n|-damage|p1a: Dondozo|87\/100|[from] Recoil\n|\n|-weather|Snow|[upkeep]\n|-heal|p1a: Dondozo|93\/100|[from] item: Leftovers\n|upkeep\n|turn|6\n|\n|t:|1699999995\n|move|p2a: Hoopa|Energy Ball|p1a: Dondozo\n|-supereffective|p1a: Dondozo\n|-damage|p1a: Dondozo|18\/100\n|-item|p2a: Hoopa|Leftovers|[from] ability: Magician|[of] p1a: Dondozo\n|move|p1a: Dondozo|Wave Crash|p2a: Hoopa\n|-damage|p2a: Hoopa|0 fnt\n|faint|p2a: Hoopa\n|-damage|p1a: Dondozo|12\/100|[from] Recoil\n|\n|-weather|Snow|[upkeep]\n|upkeep\n|\n|t:|1700000007\n|switch|p2a: Lucario|Lucario, M|100\/100\n|turn|7\n|\n|t:|1700000014\n|move|p2a: Lucario|Aura Sphere|p1a: Dondozo\n|-damage|p1a: Dondozo|0 fnt\n|faint|p1a: Dondozo\n|\n|-weather|Snow|[upkeep]\n|upkeep\n|\n|t:|1700000022\n|switch|p1a: The Lost Thundorus|Landorus-Therian, M, shiny|100\/100\n|-ability|p1a: The Lost Thundorus|Intimidate|boost\n|-unboost|p2a: Lucario|atk|1\n|turn|8\n|\n|t:|1700000038\n|move|p2a: Lucario|Shadow Ball|p1a: The Lost Thundorus\n|-damage|p1a: The Lost Thundorus|72\/100\n|move|p1a: The Lost Thundorus|Earthquake|p2a: Lucario\n|-supereffective|p2a: Lucario\n|-damage|p2a: Lucario|0 fnt\n|faint|p2a: Lucario\n|\n|-weather|none\n|upkeep\n|\n|t:|1700000046\n|switch|p2a: Toxicroak|Toxicroak, F|100\/100\n|-ability|p2a: Toxicroak|Anticipation\n|turn|9\n|\n|t:|1700000056\n|-terastallize|p2a: Toxicroak|Poison\n|move|p2a: Toxicroak|Sludge Bomb|p1a: The Lost Thundorus\n|-resisted|p1a: The Lost Thundorus\n|-damage|p1a: The Lost Thundorus|53\/100\n|move|p1a: The Lost Thundorus|Earthquake|p2a: Toxicroak\n|-supereffective|p2a: Toxicroak\n|-damage|p2a: Toxicroak|0 fnt\n|faint|p2a: Toxicroak\n|\n|upkeep\n|\n|t:|1700000069\n|switch|p2a: Slowbro|Slowbro, F|100\/100\n|turn|10\n|\n|t:|1700000083\n|switch|p1a: Jolteon|Jolteon, M, shiny|100\/100\n|move|p2a: Slowbro|Flamethrower|p1a: Jolteon\n|-damage|p1a: Jolteon|61\/100\n|\n|upkeep\n|turn|11\n|\n|t:|1700000094\n|switch|p2a: Salamence|Salamence, M|100\/100\n|-ability|p2a: Salamence|Intimidate|boost\n|-unboost|p1a: Jolteon|atk|1\n|move|p1a: Jolteon|Thunderbolt|p2a: Salamence\n|-damage|p2a: Salamence|49\/100\n|\n|-heal|p2a: Salamence|55\/100|[from] item: Leftovers\n|upkeep\n|turn|12\n|\n|t:|1700000106\n|move|p1a: Jolteon|Volt Switch|p2a: Salamence\n|-damage|p2a: Salamence|13\/100\n|\n|t:|1700000110\n|switch|p1a: The Lost Thundorus|Landorus-Therian, M, shiny|53\/100|[from] Volt Switch\n|-ability|p1a: The Lost Thundorus|Intimidate|boost\n|-unboost|p2a: Salamence|atk|1\n|move|p2a: Salamence|Draco Meteor|p1a: The Lost Thundorus\n|-damage|p1a: The Lost Thundorus|0 fnt\n|-unboost|p2a: Salamence|spa|2\n|faint|p1a: The Lost Thundorus\n|\n|-heal|p2a: Salamence|19\/100|[from] item: Leftovers\n|upkeep\n|\n|t:|1700000121\n|switch|p1a: Jolteon|Jolteon, M, shiny|61\/100\n|turn|13\n|\n|t:|1700000125\n|move|p1a: Jolteon|Volt Switch|p2a: Salamence\n|-damage|p2a: Salamence|0 fnt\n|faint|p2a: Salamence\n|\n|t:|1700000133\n|switch|p1a: Slowking|Slowking, F, shiny|69\/100|[from] Volt Switch\n|\n|-heal|p1a: Slowking|75\/100|[from] item: Leftovers\n|upkeep\n|\n|t:|1700000138\n|switch|p2a: Slowbro|Slowbro, F|100\/100\n|turn|14\n|\n|t:|1700000147\n|move|p1a: Slowking|Chilly Reception|p1a: Slowking\n|-weather|Snow\n|\n|t:|1700000151\n|switch|p1a: Jolteon|Jolteon, M, shiny|61\/100|[from] Chilly Reception\n|move|p2a: Slowbro|Psychic|p1a: Jolteon\n|-damage|p1a: Jolteon|1\/100\n|\n|-weather|Snow|[upkeep]\n|upkeep\n|turn|15\n|\n|t:|1700000159\n|move|p1a: Jolteon|Thunderbolt|p2a: Slowbro\n|-supereffective|p2a: Slowbro\n|-damage|p2a: Slowbro|12\/100\n|move|p2a: Slowbro|Substitute|p2a: Slowbro\n|-fail|p2a: Slowbro|move: Substitute|[weak]\n|\n|-weather|Snow|[upkeep]\n|-heal|p2a: Slowbro|18\/100|[from] item: Leftovers\n|upkeep\n|turn|16\n|\n|t:|1700000167\n|move|p1a: Jolteon|Volt Switch|p2a: Slowbro\n|-supereffective|p2a: Slowbro\n|-damage|p2a: Slowbro|0 fnt\n|faint|p2a: Slowbro\n|\n|win|Josayyy\n|l|\u2606rabidfroggo\n|l| XxShadowAngel\n","uploadtime":1700000178,"views":9,"p1id":"josayyy","p2id":"rabidfroggo","formatid":"gen9ubers","rating":0,"private":0,"password":""}