{"id":"gen9ubers-1971770037","p1":"NYSleepy","p2":"Jtheking","format":"[Gen 9] Ubers","log":"|j|\u2606NYSleepy\n|j|\u2606Jtheking\n|t:|1697770176\n|gametype|singles\n|player|p1|NYSleepy|benga|\n|player|p2|Jtheking|2|\n|teamsize|p1|6\n|teamsize|p2|6\n|gen|9\n|tier|[Gen 9] Ubers\n|rule|Sleep Clause Mod: Limit one foe put to sleep\n|rule|Species Clause: Limit one of each Pok\u00e9mon\n|rule|OHKO Clause: OHKO moves are banned\n|rule|Evasion Items Clause: Evasion items are banned\n|rule|Evasion Moves Clause: Evasion moves are banned\n|rule|Endless Battle Clause: Forcing endless battles is banned\n|rule|HP Percentage Mod: HP is shown in percentages\n|clearpoke\n|poke|p1|Chi-Yu|\n|poke|p1|Quaquaval, M|\n|poke|p1|Slowbro-Galar, F|\n|poke|p1|Clodsire, M|\n|poke|p1|Florges, F|\n|poke|p1|Dragonite, M|\n|poke|p2|Ursaluna, F|\n|poke|p2|Cresselia, F|\n|poke|p2|Slowking, M|\n|poke|p2|Murkrow, F|\n|poke|p2|Squawkabilly-White, M|\n|poke|p2|Enamorus-Therian, F|\n|teampreview\n|j| Pakuiui\n|\n|t:|1697770216\n|start\n|switch|p1a: Him|Chi-Yu|100\/100\n|switch|p2a: Benito Mussolini|Murkrow, F|100\/100\n|-ability|p1a: Him|Beads of Ruin\n|turn|1\n|\n|t:|1697770232\n|-terastallize|p2a: Benito Mussolini|Water\n|move|p2a: Benito Mussolini|Thunder Wave|p1a: Him\n|-hint|Since gen 7, Dark is immune to Prankster moves.\n|-immune|p1a: Him\n|move|p1a: Him|Overheat|p2a: Benito Mussolini\n|-resisted|p2a: Benito Mussolini\n|-damage|p2a: Benito Mussolini|8\/100\n|-unboost|p1a: Him|spa|2\n|\n|upkeep\n|turn|2\n|\n|t:|1697770255\n|switch|p1a: Darude|Clodsire, M|100\/100\n|move|p2a: Benito Mussolini|Rain Dance|p2a: Benito Mussolini\n|-weather|RainDance\n|\n|-weather|RainDance|[upkeep]\n|upkeep\n|turn|3\n|\n|t:|1697770278\n|move|p2a: Benito Mussolini|Taunt|p1a: Darude\n|-start|p1a: Darude|move: Taunt\n|cant|p1a: Darude|move: Taunt|Stealth Rock\n|\n|-weather|RainDance|[upkeep]\n|upkeep\n|turn|4\n|\n|t:|1697770297\n|switch|p2a: Henry the XIII|Slowking, M|100\/100\n|move|p1a: Darude|Earthquake|p2a: Henry the XIII\n|-damage|p2a: Henry the XIII|80\/100\n|\n|-weather|RainDance|[upkeep]\n|-heal|p2a: Henry the XIII|86\/100|[from] item: Leftovers\n|upkeep\n|turn|5\n|\n|t:|1697770334\n|switch|p1a: They|Dragonite, M|100\/100\n|move|p2a: Henry the XIII|Trick Room|p2a: Henry the XIII\n|-fieldstart|move: Trick Room|[of] p2a: Henry the XIII\n|\n|-weather|RainDance|[upkeep]\n|-heal|p2a: Henry the XIII|92\/100|[from] item: Leftovers\n|upkeep\n|turn|6\n|\n|t:|1697770347\n|move|p2a: Henry the XIII|Chilly Reception|p2a: Henry the XIII\n|-weather|Snow\n|\n|t:|1697770355\n|switch|p2a: Ursama Bin Laden|Ursaluna, F|100\/100|[from] Chilly Reception\n|move|p1a: They|Dragon Dance|p1a: They\n|-boost|p1a: They|atk|1\n|-boost|p1a: They|spe|1\n|\n|-weather|Snow|[upkeep]\n|-status|p2a: Ursama Bin Laden|brn|[from] item: Flame Orb\n|upkeep\n|turn|7\n|\n|t:|1697770450\n|move|p1a: They|Extreme Speed|p2a: Ursama Bin Laden\n|-damage|p2a: Ursama Bin Laden|68\/100 brn\n|move|p2a: Ursama Bin Laden|Ice Punch|p1a: They\n|-supereffective|p1a: They\n|-damage|p1a: They|11\/100\n|\n|-weather|Snow|[upkeep]\n|-damage|p2a: Ursama Bin Laden|62\/100 brn|[from] brn\n|upkeep\n|turn|8\n|\n|t:|1697770470\n|move|p1a: They|Extreme Speed|p2a: Ursama Bin Laden\n|-damage|p2a: Ursama Bin Laden|31\/100 brn\n|move|p2a: Ursama Bin Laden|Facade|p1a: They\n|-damage|p1a: They|0 fnt\n|faint|p1a: They\n|\n|-weather|Snow|[upkeep]\n|-damage|p2a: Ursama Bin Laden|25\/100 brn|[from] brn\n|upkeep\n|\n|t:|1697770481\n|switch|p1a: Her|Florges, F|100\/100\n|turn|9\n|\n|t:|1697770490\n|move|p2a: Ursama Bin Laden|Facade|p1a: Her\n|-damage|p1a: Her|0 fnt\n|faint|p1a: Her\n|\n|-weather|Snow|[upkeep]\n|-damage|p2a: Ursama Bin Laden|19\/100 brn|[from] brn\n|-fieldend|move: Trick Room\n|upkeep\n|\n|t:|1697770534\n|switch|p1a: Him|Chi-Yu|100\/100\n|-ability|p1a: Him|Beads of Ruin\n|turn|10\n|\n|t:|1697770574\n|switch|p2a: Benito Mussolini|Murkrow, F, tera:Water|8\/100\n|move|p1a: Him|Dark Pulse|p2a: Benito Mussolini\n|-damage|p2a: Benito Mussolini|0 fnt\n|faint|p2a: Benito Mussolini\n|\n|-weather|none\n|upkeep\n|c|\u2606NYSleepy|i have a funny story after this game is done\n|\n|t:|1697770599\n|switch|p2a: Fidel Castro|Squawkabilly-White, M|100\/100\n|-ability|p2a: Fidel Castro|Intimidate|boost\n|-unboost|p1a: Him|atk|1\n|turn|11\n|c|\u2606Jtheking|sure\n|\n|t:|1697770659\n|move|p2a: Fidel Castro|Final Gambit|p1a: Him\n|-damage|p1a: Him|0 fnt\n|faint|p2a: Fidel Castro\n|faint|p1a: Him\n|\n|upkeep\n|\n|t:|1697770672\n|switch|p2a: Henry the XIII|Slowking, M|100\/100\n|switch|p1a: Don|Quaquaval, M|100\/100\n|turn|12\n|\n|t:|1697770679\n|move|p1a: Don|Knock Off|p2a: Henry the XIII\n|-supereffective|p2a: Henry the XIII\n|-damage|p2a: Henry the XIII|43\/100\n|-enditem|p2a: Henry the XIII|Leftovers|[from] move: Knock Off|[of] p1a: Don\n|move|p2a: Henry the XIII|Trick Room|p2a: Henry the XIII\n|-fieldstart|move: Trick Room|[of] p2a: Henry the XIII\n|\n|upkeep\n|turn|13\n|\n|t:|1697770697\n|switch|p2a: Girlboss Gestapo|Enamorus-Therian, F|100\/100\n|move|p1a: Don|Ice Spinner|p2a: Girlboss Gestapo\n|-supereffective|p2a: Girlboss Gestapo\n|-damage|p2a: Girlboss Gestapo|48\/100\n|\n|-heal|p2a: Girlboss Gestapo|54\/100|[from] item: Leftovers\n|upkeep\n|turn|14\n|\n|t:|1697770706\n|switch|p1a: Darude|Clodsire, M|100\/100\n|move|p2a: Girlboss Gestapo|Healing Wish|p2a: Girlboss Gestapo\n|faint|p2a: Girlboss Gestapo\n|\n|upkeep\n|\n|t:|1697770711\n|switch|p2a: Ursama Bin Laden|Ursaluna, F|19\/100 brn\n|-heal|p2a: Ursama Bin Laden|100\/100|[from] move: Healing Wish\n|turn|15\n|\n|t:|1697770726\n|move|p1a: Darude|Toxic|p2a: Ursama Bin Laden\n|-status|p2a: Ursama Bin Laden|tox\n|move|p2a: Ursama Bin Laden|Swords Dance|p2a: Ursama Bin Laden\n|-boost|p2a: Ursama Bin Laden|atk|2\n|\n|-damage|p2a: Ursama Bin Laden|94\/100 tox|[from] psn\n|upkeep\n|turn|16\n|\n|t:|1697770753\n|move|p1a: Darude|Earthquake|p2a: Ursama Bin Laden\n|-damage|p2a: Ursama Bin Laden|76\/100 tox\n|move|p2a: Ursama Bin Laden|Earthquake|p1a: Darude\n|-supereffective|p1a: Darude\n|-crit|p1a: Darude\n|-damage|p1a: Darude|0 fnt\n|faint|p1a: Darude\n|\n|-damage|p2a: Ursama Bin Laden|64\/100 tox|[from] psn\n|-fieldend|move: Trick Room\n|upkeep\n|\n|t:|1697770764\n|switch|p1a: Don|Quaquaval, M|100\/100\n|turn|17\n|\n|t:|1697770779\n|move|p1a: Don|Aqua Step|p2a: Ursama Bin Laden\n|-supereffective|p2a: Ursama Bin Laden\n|-damage|p2a: Ursama Bin Laden|0 fnt\n|-boost|p1a: Don|spe|1\n|faint|p2a: Ursama Bin Laden\n|-ability|p1a: Don|Moxie|boost\n|-boost|p1a: Don|atk|1\n|\n|upkeep\n|\n|t:|1697770788\n|switch|p2a: Girl Hi tler|Cresselia, F|100\/100\n|turn|18\n|\n|t:|1697770794\n|move|p1a: Don|Knock Off|p2a: Girl Hi tler\n|-supereffective|p2a: Girl Hi tler\n|-damage|p2a: Girl Hi tler|22\/100\n|-enditem|p2a: Girl Hi tler|Leftovers|[from] move: Knock Off|[of] p1a: Don\n|move|p2a: Girl Hi tler|Moonblast|p1a: Don\n|-supereffective|p1a: Don\n|-damage|p1a: Don|27\/100\n|-unboost|p1a: Don|spa|1\n|\n|upkeep\n|turn|19\n|\n|t:|1697770803\n|move|p1a: Don|Knock Off|p2a: Girl Hi tler\n|-supereffective|p2a: Girl Hi tler\n|-damage|p2a: Girl Hi tler|0 fnt\n|faint|p2a: Girl Hi tler\n|-ability|p1a: Don|Moxie|boost\n|-boost|p1a: Don|atk|1\n|\n|upkeep\n|\n|t:|1697770808\n|switch|p2a: Henry the XIII|Slowking, M|76\/100\n|turn|20\n|\n|t:|1697770813\n|move|p1a: Don|Knock Off|p2a: Henry the XIII\n|-supereffective|p2a: Henry the XIII\n|-damage|p2a: Henry the XIII|6\/100\n|move|p2a: Henry the XIII|Scald|p1a: Don\n|-resisted|p1a: Don\n|-damage|p1a: Don|9\/100\n|-status|p1a: Don|brn\n|\n|-damage|p1a: Don|3\/100 brn|[from] brn\n|upkeep\n|turn|21\n|c|\u2606Jtheking|Gg\n|c|\u2606NYSleepy|gg\n|\n|t:|1697770823\n|move|p1a: Don|Knock Off|p2a: Henry the XIII\n|-supereffective|p2a: Henry the XIII\n|-damage|p2a: Henry the XIII|0 fnt\n|faint|p2a: Henry the XIII\n|\n|win|NYSleepy\n|c|\u2606Jtheking|u uploading it?\n|c|\u2606NYSleepy|sure\n|c|\u2606NYSleepy|that squawk was crazy\n|c|\u2606Jtheking|Also whats the funny story\n|c|\u2606NYSleepy|i gave florges lagging tail to bait ursa in trick room\n|c|\u2606Jtheking|no one was ready for the scarf max hp max speed final gambit squack\n|c|\u2606NYSleepy|but didnt realize it still activates in TR lol\n|c|\u2606NYSleepy|i will admit i was not ready\n|c|\u2606NYSleepy|rip fish\n|c|\u2606Jtheking|lol\n","uploadtime":1697770887,"views":37,"p1id":"nysleepy","p2id":"jtheking","formatid":"gen9ubers","rating":0,"private":0,"password":""}