{"id":"gen9ubers-1977492085","p1":"Karubee","p2":"RichieF","format":"[Gen 9] Ubers","log":"|j|\u2606Karubee\n|j|\u2606RichieF\n|t:|1698421651\n|gametype|singles\n|player|p1|Karubee|waitress|1349\n|player|p2|RichieF|rocketgrunt|1557\n|teamsize|p1|6\n|teamsize|p2|6\n|gen|9\n|tier|[Gen 9] Ubers\n|rated|\n|rule|Sleep Clause Mod: Limit one foe put to sleep\n|rule|Species Clause: Limit one of each Pok\u00e9mon\n|rule|OHKO Clause: OHKO moves are banned\n|rule|Evasion Items Clause: Evasion items are banned\n|rule|Evasion Moves Clause: Evasion moves are banned\n|rule|Endless Battle Clause: Forcing endless battles is banned\n|rule|HP Percentage Mod: HP is shown in percentages\n|clearpoke\n|poke|p1|Miraidon|\n|poke|p1|Koraidon|\n|poke|p1|Skeledirge, F|\n|poke|p1|Arceus|\n|poke|p1|Kyogre|\n|poke|p1|Basculegion, M|\n|poke|p2|Rayquaza|\n|poke|p2|Zacian-*|\n|poke|p2|Glimmora, M|\n|poke|p2|Giratina-Origin|\n|poke|p2|Arceus-Water|\n|poke|p2|Dialga-Origin|\n|teampreview\n|inactive|Battle timer is ON: inactive players will automatically lose when time's up. (requested by RichieF)\n|\n|t:|1698421662\n|start\n|switch|p1a: Koraidon|Koraidon|100\/100\n|switch|p2a: Poisoning Petal|Glimmora, M, shiny|100\/100\n|-weather|SunnyDay|[from] ability: Orichalcum Pulse|[of] p1a: Koraidon\n|-activate|p1a: Koraidon|Orichalcum Pulse|[source]\n|turn|1\n|\n|t:|1698421671\n|-terastallize|p1a: Koraidon|Steel\n|move|p1a: Koraidon|Swords Dance|p1a: Koraidon\n|-boost|p1a: Koraidon|atk|2\n|move|p2a: Poisoning Petal|Stealth Rock|p1a: Koraidon\n|-sidestart|p1: Karubee|move: Stealth Rock\n|\n|-weather|SunnyDay|[upkeep]\n|upkeep\n|turn|2\n|c|\u2606RichieF|Uh oh\n|\n|t:|1698421679\n|move|p1a: Koraidon|Scale Shot|p2a: Poisoning Petal\n|-damage|p2a: Poisoning Petal|64\/100\n|-activate|p2a: Poisoning Petal|ability: Toxic Debris\n|-sidestart|p1: Karubee|move: Toxic Spikes\n|-damage|p2a: Poisoning Petal|28\/100\n|-activate|p2a: Poisoning Petal|ability: Toxic Debris\n|-sidestart|p1: Karubee|move: Toxic Spikes\n|-damage|p2a: Poisoning Petal|0 fnt\n|faint|p2a: Poisoning Petal\n|-hitcount|p2: Poisoning Petal|3\n|-unboost|p1a: Koraidon|def|1\n|-boost|p1a: Koraidon|spe|1\n|\n|-weather|SunnyDay|[upkeep]\n|upkeep\n|c|\u2606RichieF|Not necessarily ideal\n|\n|t:|1698421700\n|switch|p2a: greg|Arceus-Water, shiny|100\/100\n|turn|3\n|c|\u2606Karubee|hi greg\n|\n|t:|1698421715\n|move|p1a: Koraidon|Collision Course|p2a: greg\n|-crit|p2a: greg\n|-damage|p2a: greg|0 fnt\n|faint|p2a: greg\n|\n|-weather|SunnyDay|[upkeep]\n|upkeep\n|c|\u2606RichieF|'sup'\n|c|\u2606RichieF|-greg\n|\n|t:|1698421727\n|switch|p2a: Iron Clock|Dialga-Origin, shiny|100\/100\n|-ability|p2a: Iron Clock|Pressure\n|turn|4\n|\n|t:|1698421735\n|-terastallize|p2a: Iron Clock|Ghost\n|move|p1a: Koraidon|Collision Course|p2a: Iron Clock\n|-immune|p2a: Iron Clock\n|move|p2a: Iron Clock|Earth Power|p1a: Koraidon\n|-supereffective|p1a: Koraidon\n|-damage|p1a: Koraidon|25\/100\n|\n|-weather|SunnyDay|[upkeep]\n|upkeep\n|turn|5\n|\n|t:|1698421749\n|move|p1a: Koraidon|Scale Shot|p2a: Iron Clock|[miss]\n|-miss|p1a: Koraidon|p2a: Iron Clock\n|move|p2a: Iron Clock|Earth Power|p1a: Koraidon\n|-supereffective|p1a: Koraidon\n|-damage|p1a: Koraidon|0 fnt\n|faint|p1a: Koraidon\n|\n|-weather|none\n|upkeep\n|c|\u2606RichieF|Phew\n|\n|t:|1698421755\n|switch|p1a: Skeledirge|Skeledirge, F|100\/100\n|turn|6\n|c|\u2606RichieF|Still in the game\n|\n|t:|1698421761\n|move|p2a: Iron Clock|Earth Power|p1a: Skeledirge\n|-supereffective|p1a: Skeledirge\n|-crit|p1a: Skeledirge\n|-damage|p1a: Skeledirge|22\/100\n|move|p1a: Skeledirge|Will-O-Wisp|p2a: Iron Clock\n|-status|p2a: Iron Clock|brn\n|\n|-damage|p2a: Iron Clock|94\/100 brn|[from] brn\n|upkeep\n|turn|7\n|\n|t:|1698421769\n|move|p2a: Iron Clock|Dragon Pulse|p1a: Skeledirge\n|-damage|p1a: Skeledirge|0 fnt\n|faint|p1a: Skeledirge\n|\n|-damage|p2a: Iron Clock|88\/100 brn|[from] brn\n|upkeep\n|\n|t:|1698421772\n|switch|p1a: Miraidon|Miraidon|100\/100\n|-damage|p1a: Miraidon|88\/100|[from] Stealth Rock\n|-status|p1a: Miraidon|tox\n|-fieldstart|move: Electric Terrain|[from] ability: Hadron Engine|[of] p1a: Miraidon\n|turn|8\n|\n|t:|1698421779\n|move|p1a: Miraidon|Solar Beam||[still]\n|-prepare|p1a: Miraidon|Solar Beam\n|-enditem|p1a: Miraidon|Power Herb\n|-anim|p1a: Miraidon|Solar Beam|p2a: Iron Clock\n|-damage|p2a: Iron Clock|42\/100 brn\n|move|p2a: Iron Clock|Dragon Pulse|p1a: Miraidon\n|-supereffective|p1a: Miraidon\n|-damage|p1a: Miraidon|0 fnt\n|faint|p1a: Miraidon\n|\n|-damage|p2a: Iron Clock|35\/100 brn|[from] brn\n|upkeep\n|c|\u2606RichieF|Strange\n|\n|t:|1698421787\n|switch|p1a: Arceus|Arceus|100\/100\n|-damage|p1a: Arceus|88\/100|[from] Stealth Rock\n|-status|p1a: Arceus|tox\n|turn|9\n|c|\u2606RichieF|Why solar beam?\n|\n|t:|1698421792\n|move|p1a: Arceus|Dragon Claw|p2a: Iron Clock\n|-damage|p2a: Iron Clock|9\/100 brn\n|-damage|p1a: Arceus|78\/100 tox|[from] item: Life Orb\n|move|p2a: Iron Clock|Dragon Pulse|p1a: Arceus\n|-damage|p1a: Arceus|33\/100 tox\n|\n|-damage|p1a: Arceus|27\/100 tox|[from] psn\n|-damage|p2a: Iron Clock|3\/100 brn|[from] brn\n|upkeep\n|turn|10\n|\n|t:|1698421801\n|move|p1a: Arceus|Dragon Claw|p2a: Iron Clock\n|-damage|p2a: Iron Clock|0 fnt\n|faint|p2a: Iron Clock\n|-damage|p1a: Arceus|17\/100 tox|[from] item: Life Orb\n|\n|-damage|p1a: Arceus|5\/100 tox|[from] psn\n|upkeep\n|\n|t:|1698421808\n|switch|p2a: Soaring Screech|Rayquaza, shiny|100\/100\n|-ability|p2a: Soaring Screech|Air Lock\n|turn|11\n|c|\u2606Karubee|Surprise factor\n|\n|t:|1698421822\n|move|p1a: Arceus|Extreme Speed|p2a: Soaring Screech\n|-damage|p2a: Soaring Screech|47\/100\n|-damage|p1a: Arceus|0 fnt|[from] item: Life Orb\n|faint|p1a: Arceus\n|move|p2a: Soaring Screech|Extreme Speed|p1: Arceus|[notarget]\n|-fail|p2a: Soaring Screech\n|\n|upkeep\n|\n|t:|1698421825\n|switch|p1a: Kyogre|Kyogre|100\/100\n|-damage|p1a: Kyogre|88\/100|[from] Stealth Rock\n|-status|p1a: Kyogre|tox\n|-weather|RainDance|[from] ability: Drizzle|[of] p1a: Kyogre\n|turn|12\n|c|\u2606RichieF|Ah nice\n|\n|t:|1698421834\n|move|p2a: Soaring Screech|Extreme Speed|p1a: Kyogre\n|-damage|p1a: Kyogre|55\/100 tox\n|move|p1a: Kyogre|Ice Beam|p2a: Soaring Screech\n|-supereffective|p2a: Soaring Screech\n|-damage|p2a: Soaring Screech|0 fnt\n|faint|p2a: Soaring Screech\n|\n|-weather|RainDance|[upkeep]\n|-damage|p1a: Kyogre|49\/100 tox|[from] psn\n|-fieldend|move: Electric Terrain\n|upkeep\n|\n|t:|1698421847\n|switch|p2a: Iron Canine|Zacian-Crowned|100\/100\n|-ability|p2a: Iron Canine|Intrepid Sword|boost\n|-boost|p2a: Iron Canine|atk|1\n|turn|13\n|c|\u2606Karubee|Also beats Ground, so like why not\n|\n|t:|1698421854\n|move|p2a: Iron Canine|Play Rough|p1a: Kyogre\n|-damage|p1a: Kyogre|0 fnt\n|faint|p1a: Kyogre\n|\n|-weather|RainDance|[upkeep]\n|upkeep\n|\n|t:|1698421856\n|switch|p1a: Basculegion|Basculegion, M|100\/100\n|-damage|p1a: Basculegion|88\/100|[from] Stealth Rock\n|-status|p1a: Basculegion|tox\n|turn|14\n|c|\u2606RichieF|Yeah, but why use it on my Dialga?\n|\n|t:|1698421869\n|move|p1a: Basculegion|Last Respects|p2a: Iron Canine\n|-damage|p2a: Iron Canine|0 fnt\n|faint|p2a: Iron Canine\n|\n|-weather|RainDance|[upkeep]\n|-damage|p1a: Basculegion|82\/100 tox|[from] psn\n|upkeep\n|c|\u2606RichieF|I do not think I get an OHKO here\n|\n|t:|1698421879\n|switch|p2a: Sinning Centipede|Giratina-Origin, shiny|100\/100\n|turn|15\n|\n|t:|1698421885\n|move|p2a: Sinning Centipede|Shadow Sneak|p1a: Basculegion\n|-supereffective|p1a: Basculegion\n|-damage|p1a: Basculegion|19\/100 tox\n|move|p1a: Basculegion|Last Respects|p2a: Sinning Centipede\n|-supereffective|p2a: Sinning Centipede\n|-damage|p2a: Sinning Centipede|0 fnt\n|faint|p2a: Sinning Centipede\n|\n|win|Karubee\n|raw|Karubee's rating: 1349 &rarr; <strong>1380<\/strong><br \/>(+31 for winning)\n|raw|RichieF's rating: 1557 &rarr; <strong>1526<\/strong><br \/>(-31 for losing)\n|c|\u2606RichieF|Yeah, gg\n|c|\u2606RichieF|fun one\n|l|\u2606RichieF\n","uploadtime":1698421899,"views":10,"p1id":"karubee","p2id":"richief","formatid":"gen9ubers","rating":1380,"private":0,"password":""}