{"id":"gen9ubers-1996406923","p1":"colors198","p2":"rei_Arthur_Rei","format":"[Gen 9] Ubers","log":"|j|\u2606colors198\n|j|\u2606rei_Arthur_Rei\n|t:|1700679042\n|gametype|singles\n|player|p1|colors198|265|1106\n|player|p2|rei_Arthur_Rei|steven|1000\n|teamsize|p1|6\n|teamsize|p2|6\n|gen|9\n|tier|[Gen 9] Ubers\n|rated|\n|rule|Sleep Clause Mod: Limit one foe put to sleep\n|rule|Species Clause: Limit one of each Pok\u00e9mon\n|rule|OHKO Clause: OHKO moves are banned\n|rule|Evasion Items Clause: Evasion items are banned\n|rule|Evasion Moves Clause: Evasion moves are banned\n|rule|Endless Battle Clause: Forcing endless battles is banned\n|rule|HP Percentage Mod: HP is shown in percentages\n|clearpoke\n|poke|p1|Chien-Pao|\n|poke|p1|Chi-Yu|\n|poke|p1|Palafin, F|\n|poke|p1|Giratina-Origin|\n|poke|p1|Zacian-*|\n|poke|p1|Miraidon|\n|poke|p2|Alomomola, F|\n|poke|p2|Zoroark-Hisui, F|\n|poke|p2|Miraidon|\n|poke|p2|Landorus-Therian, M|\n|poke|p2|Chien-Pao|\n|poke|p2|Zacian-*|\n|teampreview\n|\n|t:|1700679061\n|start\n|switch|p1a: Palafin|Palafin, F|100\/100\n|switch|p2a: Landorus|Landorus-Therian, M|100\/100\n|-ability|p2a: Landorus|Intimidate|boost\n|-unboost|p1a: Palafin|atk|1\n|turn|1\n|\n|t:|1700679068\n|switch|p2a: Miraidon|Miraidon|100\/100\n|-fieldstart|move: Electric Terrain|[from] ability: Hadron Engine|[of] p2a: Miraidon\n|move|p1a: Palafin|Flip Turn|p2a: Miraidon\n|-resisted|p2a: Miraidon\n|-crit|p2a: Miraidon\n|-damage|p2a: Miraidon|86\/100\n|\n|t:|1700679083\n|detailschange|p1a: Palafin|Palafin-Hero, F\n|switch|p1a: Chien-Pao|Chien-Pao|100\/100|[from] Flip Turn\n|-ability|p1a: Chien-Pao|Sword of Ruin\n|\n|upkeep\n|turn|2\n|\n|t:|1700679092\n|switch|p2a: Zacian|Zacian-Crowned|100\/100\n|move|p1a: Chien-Pao|Ice Spinner|p2a: Zacian\n|-damage|p2a: Zacian|0 fnt\n|replace|p2a: Zoroark|Zoroark-Hisui, F\n|-end|p2a: Zoroark|Illusion\n|-fieldend|move: Electric Terrain\n|faint|p2a: Zoroark\n|\n|upkeep\n|\n|t:|1700679112\n|switch|p2a: Alomomola|Alomomola, F|100\/100\n|turn|3\n|\n|t:|1700679118\n|move|p1a: Chien-Pao|Ice Spinner|p2a: Alomomola\n|-resisted|p2a: Alomomola\n|-damage|p2a: Alomomola|83\/100\n|move|p2a: Alomomola|Chilling Water|p1a: Chien-Pao\n|-damage|p1a: Chien-Pao|89\/100\n|-unboost|p1a: Chien-Pao|atk|1\n|\n|-heal|p2a: Alomomola|89\/100|[from] item: Leftovers\n|upkeep\n|turn|4\n|\n|t:|1700679126\n|move|p1a: Chien-Pao|Ice Spinner|p2a: Alomomola\n|-resisted|p2a: Alomomola\n|-damage|p2a: Alomomola|77\/100\n|move|p2a: Alomomola|Whirlpool|p1a: Chien-Pao\n|-damage|p1a: Chien-Pao|80\/100\n|-activate|p1a: Chien-Pao|move: Whirlpool|[of] p2a: Alomomola\n|\n|-heal|p2a: Alomomola|83\/100|[from] item: Leftovers\n|-damage|p1a: Chien-Pao|68\/100|[from] move: Whirlpool|[partiallytrapped]\n|upkeep\n|turn|5\n|\n|t:|1700679135\n|move|p1a: Chien-Pao|Ice Spinner|p2a: Alomomola\n|-resisted|p2a: Alomomola\n|-damage|p2a: Alomomola|72\/100\n|move|p2a: Alomomola|Wish|p2a: Alomomola\n|\n|-heal|p2a: Alomomola|78\/100|[from] item: Leftovers\n|-damage|p1a: Chien-Pao|56\/100|[from] move: Whirlpool|[partiallytrapped]\n|upkeep\n|turn|6\n|\n|t:|1700679144\n|move|p1a: Chien-Pao|Ice Spinner|p2a: Alomomola\n|-resisted|p2a: Alomomola\n|-damage|p2a: Alomomola|65\/100\n|move|p2a: Alomomola|Chilling Water|p1a: Chien-Pao\n|-damage|p1a: Chien-Pao|42\/100\n|-unboost|p1a: Chien-Pao|atk|1\n|\n|-heal|p2a: Alomomola|100\/100|[from] move: Wish|[wisher] Alomomola\n|-damage|p1a: Chien-Pao|30\/100|[from] move: Whirlpool|[partiallytrapped]\n|upkeep\n|turn|7\n|\n|t:|1700679155\n|move|p1a: Chien-Pao|Ice Spinner|p2a: Alomomola\n|-resisted|p2a: Alomomola\n|-damage|p2a: Alomomola|92\/100\n|move|p2a: Alomomola|Wish|p2a: Alomomola\n|\n|-heal|p2a: Alomomola|98\/100|[from] item: Leftovers\n|-damage|p1a: Chien-Pao|17\/100|[from] move: Whirlpool|[partiallytrapped]\n|upkeep\n|turn|8\n|\n|t:|1700679162\n|move|p1a: Chien-Pao|Ice Spinner|p2a: Alomomola\n|-resisted|p2a: Alomomola\n|-damage|p2a: Alomomola|88\/100\n|move|p2a: Alomomola|Chilling Water|p1a: Chien-Pao\n|-damage|p1a: Chien-Pao|5\/100\n|-unboost|p1a: Chien-Pao|atk|1\n|\n|-heal|p2a: Alomomola|100\/100|[from] move: Wish|[wisher] Alomomola\n|-damage|p1a: Chien-Pao|0 fnt|[from] move: Whirlpool|[partiallytrapped]\n|faint|p1a: Chien-Pao\n|upkeep\n|\n|t:|1700679174\n|switch|p1a: Miraidon|Miraidon|100\/100\n|-fieldstart|move: Electric Terrain|[from] ability: Hadron Engine|[of] p1a: Miraidon\n|turn|9\n|\n|t:|1700679189\n|switch|p2a: Landorus|Landorus-Therian, M|100\/100\n|-ability|p2a: Landorus|Intimidate|boost\n|-unboost|p1a: Miraidon|atk|1\n|move|p1a: Miraidon|Draco Meteor|p2a: Landorus\n|-damage|p2a: Landorus|2\/100\n|-unboost|p1a: Miraidon|spa|2\n|\n|-heal|p2a: Landorus|8\/100|[from] item: Leftovers\n|upkeep\n|turn|10\n|\n|t:|1700679201\n|switch|p1a: Giratina|Giratina-Origin|100\/100\n|move|p2a: Landorus|Stealth Rock|p1a: Giratina\n|-sidestart|p1: colors198|move: Stealth Rock\n|\n|-heal|p2a: Landorus|14\/100|[from] item: Leftovers\n|upkeep\n|turn|11\n|\n|t:|1700679211\n|move|p2a: Landorus|Stone Edge|p1a: Giratina|[miss]\n|-miss|p2a: Landorus|p1a: Giratina\n|move|p1a: Giratina|Shadow Ball|p2a: Landorus\n|-damage|p2a: Landorus|0 fnt\n|faint|p2a: Landorus\n|\n|upkeep\n|\n|t:|1700679223\n|switch|p2a: Zacian|Zacian-Crowned|100\/100\n|-ability|p2a: Zacian|Intrepid Sword|boost\n|-boost|p2a: Zacian|atk|1\n|turn|12\n|\n|t:|1700679250\n|-terastallize|p2a: Zacian|Ground\n|-terastallize|p1a: Giratina|Ghost\n|move|p2a: Zacian|Swords Dance|p2a: Zacian\n|-boost|p2a: Zacian|atk|2\n|move|p1a: Giratina|Earthquake|p2a: Zacian\n|-damage|p2a: Zacian|72\/100\n|\n|upkeep\n|turn|13\n|\n|t:|1700679269\n|move|p2a: Zacian|Play Rough|p1a: Giratina\n|-crit|p1a: Giratina\n|-damage|p1a: Giratina|0 fnt\n|faint|p1a: Giratina\n|\n|-fieldend|move: Electric Terrain\n|upkeep\n|\n|t:|1700679273\n|switch|p1a: Chi-Yu|Chi-Yu|100\/100\n|-ability|p1a: Chi-Yu|Beads of Ruin\n|turn|14\n|\n|t:|1700679281\n|switch|p2a: Alomomola|Alomomola, F|100\/100\n|move|p1a: Chi-Yu|Ruination|p2a: Alomomola\n|-damage|p2a: Alomomola|50\/100\n|\n|-heal|p2a: Alomomola|57\/100|[from] item: Leftovers\n|upkeep\n|turn|15\n|\n|t:|1700679290\n|move|p1a: Chi-Yu|Ruination|p2a: Alomomola\n|-damage|p2a: Alomomola|29\/100\n|move|p2a: Alomomola|Wish|p2a: Alomomola\n|\n|-heal|p2a: Alomomola|35\/100|[from] item: Leftovers\n|upkeep\n|turn|16\n|\n|t:|1700679296\n|move|p2a: Alomomola|Protect|p2a: Alomomola\n|-singleturn|p2a: Alomomola|Protect\n|move|p1a: Chi-Yu|Ruination|p2a: Alomomola\n|-activate|p2a: Alomomola|move: Protect\n|\n|-heal|p2a: Alomomola|85\/100|[from] move: Wish|[wisher] Alomomola\n|-heal|p2a: Alomomola|91\/100|[from] item: Leftovers\n|upkeep\n|turn|17\n|\n|t:|1700679305\n|switch|p1a: Miraidon|Miraidon|100\/100\n|-damage|p1a: Miraidon|88\/100|[from] Stealth Rock\n|-fieldstart|move: Electric Terrain|[from] ability: Hadron Engine|[of] p1a: Miraidon\n|move|p2a: Alomomola|Chilling Water|p1a: Miraidon\n|-resisted|p1a: Miraidon\n|-damage|p1a: Miraidon|85\/100\n|-unboost|p1a: Miraidon|atk|1\n|\n|-heal|p1a: Miraidon|91\/100|[from] item: Leftovers\n|-heal|p2a: Alomomola|97\/100|[from] item: Leftovers\n|upkeep\n|turn|18\n|\n|t:|1700679324\n|switch|p2a: Zacian|Zacian-Crowned, tera:Ground|72\/100\n|move|p1a: Miraidon|Electro Drift|p2a: Zacian\n|-immune|p2a: Zacian\n|\n|-heal|p1a: Miraidon|97\/100|[from] item: Leftovers\n|upkeep\n|turn|19\n|\n|t:|1700679334\n|move|p2a: Zacian|Play Rough|p1a: Miraidon\n|-supereffective|p1a: Miraidon\n|-damage|p1a: Miraidon|0 fnt\n|faint|p1a: Miraidon\n|\n|upkeep\n|\n|t:|1700679341\n|switch|p1a: Zacian|Zacian-Crowned|100\/100\n|-damage|p1a: Zacian|94\/100|[from] Stealth Rock\n|-ability|p1a: Zacian|Intrepid Sword|boost\n|-boost|p1a: Zacian|atk|1\n|turn|20\n|\n|t:|1700679348\n|move|p2a: Zacian|Swords Dance|p2a: Zacian\n|-boost|p2a: Zacian|atk|2\n|move|p1a: Zacian|Close Combat|p2a: Zacian\n|-damage|p2a: Zacian|15\/100\n|-unboost|p1a: Zacian|def|1\n|-unboost|p1a: Zacian|spd|1\n|\n|upkeep\n|turn|21\n|\n|t:|1700679355\n|move|p2a: Zacian|Tera Blast|p1a: Zacian|[anim] Tera Blast Ground\n|-supereffective|p1a: Zacian\n|-damage|p1a: Zacian|0 fnt\n|faint|p1a: Zacian\n|\n|-fieldend|move: Electric Terrain\n|upkeep\n|\n|t:|1700679357\n|switch|p1a: Palafin|Palafin-Hero, F|100\/100\n|-damage|p1a: Palafin|88\/100|[from] Stealth Rock\n|-activate|p1a: Palafin|ability: Zero to Hero\n|turn|22\n|\n|t:|1700679367\n|move|p1a: Palafin|Jet Punch|p2a: Zacian\n|-supereffective|p2a: Zacian\n|-damage|p2a: Zacian|0 fnt\n|faint|p2a: Zacian\n|\n|-heal|p1a: Palafin|94\/100|[from] item: Leftovers\n|upkeep\n|\n|t:|1700679378\n|switch|p2a: Chien-Pao|Chien-Pao|100\/100\n|-ability|p2a: Chien-Pao|Sword of Ruin\n|turn|23\n|\n|t:|1700679393\n|move|p2a: Chien-Pao|Sucker Punch|p1a: Palafin\n|-damage|p1a: Palafin|56\/100\n|move|p1a: Palafin|Drain Punch|p2a: Chien-Pao\n|-supereffective|p2a: Chien-Pao\n|-damage|p2a: Chien-Pao|0 fnt\n|-heal|p1a: Palafin|97\/100|[from] drain|[of] p2a: Chien-Pao\n|faint|p2a: Chien-Pao\n|\n|-heal|p1a: Palafin|100\/100|[from] item: Leftovers\n|upkeep\n|\n|t:|1700679403\n|switch|p2a: Miraidon|Miraidon|86\/100\n|-fieldstart|move: Electric Terrain|[from] ability: Hadron Engine|[of] p2a: Miraidon\n|turn|24\n|\n|t:|1700679411\n|move|p2a: Miraidon|Volt Switch|p1a: Palafin\n|-supereffective|p1a: Palafin\n|-damage|p1a: Palafin|0 fnt\n|faint|p1a: Palafin\n|\n|t:|1700679416\n|switch|p2a: Alomomola|Alomomola, F|100\/100|[from] Volt Switch\n|\n|upkeep\n|\n|t:|1700679418\n|switch|p1a: Chi-Yu|Chi-Yu|100\/100\n|-ability|p1a: Chi-Yu|Beads of Ruin\n|turn|25\n|\n|t:|1700679424\n|move|p1a: Chi-Yu|Nasty Plot|p1a: Chi-Yu\n|-boost|p1a: Chi-Yu|spa|2\n|move|p2a: Alomomola|Whirlpool|p1a: Chi-Yu|[miss]\n|-miss|p2a: Alomomola|p1a: Chi-Yu\n|\n|upkeep\n|turn|26\n|\n|t:|1700679431\n|move|p1a: Chi-Yu|Ruination|p2a: Alomomola\n|-damage|p2a: Alomomola|50\/100\n|move|p2a: Alomomola|Whirlpool|p1a: Chi-Yu\n|-supereffective|p1a: Chi-Yu\n|-damage|p1a: Chi-Yu|88\/100\n|-activate|p1a: Chi-Yu|move: Whirlpool|[of] p2a: Alomomola\n|\n|-heal|p2a: Alomomola|57\/100|[from] item: Leftovers\n|-damage|p1a: Chi-Yu|75\/100|[from] move: Whirlpool|[partiallytrapped]\n|upkeep\n|turn|27\n|\n|t:|1700679439\n|move|p1a: Chi-Yu|Ruination|p2a: Alomomola\n|-damage|p2a: Alomomola|29\/100\n|move|p2a: Alomomola|Wish|p2a: Alomomola\n|\n|-heal|p2a: Alomomola|35\/100|[from] item: Leftovers\n|-damage|p1a: Chi-Yu|63\/100|[from] move: Whirlpool|[partiallytrapped]\n|upkeep\n|turn|28\n|\n|t:|1700679447\n|move|p2a: Alomomola|Protect|p2a: Alomomola\n|-singleturn|p2a: Alomomola|Protect\n|move|p1a: Chi-Yu|Nasty Plot|p1a: Chi-Yu\n|-boost|p1a: Chi-Yu|spa|2\n|\n|-heal|p2a: Alomomola|85\/100|[from] move: Wish|[wisher] Alomomola\n|-heal|p2a: Alomomola|91\/100|[from] item: Leftovers\n|-damage|p1a: Chi-Yu|51\/100|[from] move: Whirlpool|[partiallytrapped]\n|-fieldend|move: Electric Terrain\n|upkeep\n|turn|29\n|\n|t:|1700679456\n|move|p2a: Alomomola|Protect||[still]\n|-fail|p2a: Alomomola\n|move|p1a: Chi-Yu|Ruination|p2a: Alomomola\n|-damage|p2a: Alomomola|46\/100\n|\n|-heal|p2a: Alomomola|52\/100|[from] item: Leftovers\n|-damage|p1a: Chi-Yu|39\/100|[from] move: Whirlpool|[partiallytrapped]\n|upkeep\n|turn|30\n|\n|t:|1700679463\n|move|p1a: Chi-Yu|Ruination|p2a: Alomomola\n|-damage|p2a: Alomomola|26\/100\n|move|p2a: Alomomola|Wish|p2a: Alomomola\n|\n|-heal|p2a: Alomomola|33\/100|[from] item: Leftovers\n|-end|p1a: Chi-Yu|Whirlpool|[partiallytrapped]\n|upkeep\n|turn|31\n|\n|t:|1700679470\n|move|p2a: Alomomola|Protect|p2a: Alomomola\n|-singleturn|p2a: Alomomola|Protect\n|move|p1a: Chi-Yu|Ruination|p2a: Alomomola\n|-activate|p2a: Alomomola|move: Protect\n|\n|-heal|p2a: Alomomola|83\/100|[from] move: Wish|[wisher] Alomomola\n|-heal|p2a: Alomomola|89\/100|[from] item: Leftovers\n|upkeep\n|turn|32\n|\n|t:|1700679478\n|move|p1a: Chi-Yu|Ruination|p2a: Alomomola\n|-damage|p2a: Alomomola|45\/100\n|move|p2a: Alomomola|Chilling Water|p1a: Chi-Yu\n|-supereffective|p1a: Chi-Yu\n|-damage|p1a: Chi-Yu|22\/100\n|-unboost|p1a: Chi-Yu|atk|1\n|\n|-heal|p2a: Alomomola|51\/100|[from] item: Leftovers\n|upkeep\n|turn|33\n|\n|t:|1700679488\n|move|p1a: Chi-Yu|Ruination|p2a: Alomomola\n|-damage|p2a: Alomomola|26\/100\n|move|p2a: Alomomola|Whirlpool|p1a: Chi-Yu\n|-supereffective|p1a: Chi-Yu\n|-damage|p1a: Chi-Yu|9\/100\n|-activate|p1a: Chi-Yu|move: Whirlpool|[of] p2a: Alomomola\n|\n|-heal|p2a: Alomomola|32\/100|[from] item: Leftovers\n|-damage|p1a: Chi-Yu|0 fnt|[from] move: Whirlpool|[partiallytrapped]\n|faint|p1a: Chi-Yu\n|\n|win|rei_Arthur_Rei\n|upkeep\n|raw|colors198's rating: 1106 &rarr; <strong>1074<\/strong><br \/>(-32 for losing)\n|raw|rei_Arthur_Rei's rating: 1000 &rarr; <strong>1052<\/strong><br \/>(+52 for winning)\n|l|\u2606colors198\n","uploadtime":1700679498,"views":0,"p1id":"colors198","p2id":"reiarthurrei","formatid":"gen9ubers","rating":1052,"private":0,"password":""}