{"id":"gen9ubers-1973192031","p1":"darkmoju","p2":"Hand0fD00m","format":"[Gen 9] Ubers","log":"|j|\u2606darkmoju\n|j|\u2606Hand0fD00m\n|t:|1697937781\n|gametype|singles\n|player|p1|darkmoju|ghetsis-gen5bw|\n|player|p2|Hand0fD00m|roughneck|\n|teamsize|p1|6\n|teamsize|p2|6\n|gen|9\n|tier|[Gen 9] Ubers\n|rule|Sleep Clause Mod: Limit one foe put to sleep\n|rule|Species Clause: Limit one of each Pok\u00e9mon\n|rule|OHKO Clause: OHKO moves are banned\n|rule|Evasion Items Clause: Evasion items are banned\n|rule|Evasion Moves Clause: Evasion moves are banned\n|rule|Endless Battle Clause: Forcing endless battles is banned\n|rule|HP Percentage Mod: HP is shown in percentages\n|clearpoke\n|poke|p1|Dialga-Origin|\n|poke|p1|Palkia-Origin|\n|poke|p1|Giratina-Origin|\n|poke|p1|Arceus|\n|poke|p1|Groudon|\n|poke|p1|Eternatus|\n|poke|p2|Arceus|\n|poke|p2|Koraidon|\n|poke|p2|Zacian-*|\n|poke|p2|Miraidon|\n|poke|p2|Landorus-Therian, M|\n|poke|p2|Walking Wake|\n|teampreview\n|c|\u2606Hand0fD00m|hell yeah now its interesting\n|j| Sonad~\n|c|\u2606darkmoju|gl game 3!\n|j| Rival Andrew\n|c|\u2606Hand0fD00m|gl, this sets been dope so far\n|c|\u2606darkmoju|yessir\n|\n|t:|1697937854\n|start\n|switch|p1a: Arceus|Arceus, shiny|100\/100\n|switch|p2a: Calrissian|Landorus-Therian, M|100\/100\n|-ability|p2a: Calrissian|Intimidate|boost\n|-unboost|p1a: Arceus|atk|1\n|turn|1\n|\n|t:|1697937860\n|move|p1a: Arceus|Taunt|p2a: Calrissian\n|-start|p2a: Calrissian|move: Taunt\n|cant|p2a: Calrissian|move: Taunt|Taunt\n|\n|upkeep\n|turn|2\n|j| Yangsta\n|\n|t:|1697937877\n|move|p1a: Arceus|Swords Dance|p1a: Arceus\n|-boost|p1a: Arceus|atk|2\n|move|p2a: Calrissian|U-turn|p1a: Arceus\n|-damage|p1a: Arceus|84\/100\n|\n|t:|1697937885\n|switch|p2a: Zorro|Zacian-Crowned, shiny|100\/100|[from] U-turn\n|-ability|p2a: Zorro|Intrepid Sword|boost\n|-boost|p2a: Zorro|atk|1\n|\n|upkeep\n|turn|3\n|\n|t:|1697937894\n|move|p2a: Zorro|Behemoth Blade|p1a: Arceus\n|-damage|p1a: Arceus|17\/100\n|move|p1a: Arceus|Shadow Claw|p2a: Zorro\n|-damage|p2a: Zorro|63\/100\n|\n|upkeep\n|turn|4\n|\n|t:|1697937902\n|move|p2a: Zorro|Behemoth Blade|p1a: Arceus\n|-damage|p1a: Arceus|0 fnt\n|faint|p1a: Arceus\n|\n|upkeep\n|c| Sonad~|Yangsta\n|\n|t:|1697937916\n|switch|p1a: Eternatus|Eternatus|100\/100\n|-ability|p1a: Eternatus|Pressure\n|turn|5\n|\n|t:|1697937934\n|move|p1a: Eternatus|Dynamax Cannon|p2a: Zorro\n|-immune|p2a: Zorro\n|move|p2a: Zorro|Behemoth Blade|p1a: Eternatus\n|-damage|p1a: Eternatus|29\/100\n|\n|upkeep\n|turn|6\n|\n|t:|1697937943\n|switch|p1a: Dialga|Dialga-Origin|100\/100\n|-ability|p1a: Dialga|Pressure\n|move|p2a: Zorro|Behemoth Blade|p1a: Dialga\n|-resisted|p1a: Dialga\n|-damage|p1a: Dialga|63\/100\n|\n|upkeep\n|turn|7\n|\n|t:|1697937957\n|move|p2a: Zorro|Play Rough|p1a: Dialga\n|-damage|p1a: Dialga|0 fnt\n|faint|p1a: Dialga\n|\n|upkeep\n|\n|t:|1697937962\n|switch|p1a: Eternatus|Eternatus|29\/100\n|-ability|p1a: Eternatus|Pressure\n|turn|8\n|\n|t:|1697937971\n|move|p1a: Eternatus|Fire Blast|p2a: Zorro\n|-supereffective|p2a: Zorro\n|-damage|p2a: Zorro|0 fnt\n|faint|p2a: Zorro\n|\n|upkeep\n|\n|t:|1697937977\n|switch|p2a: Chief|Koraidon|100\/100\n|-weather|SunnyDay|[from] ability: Orichalcum Pulse|[of] p2a: Chief\n|-activate|p2a: Chief|Orichalcum Pulse|[source]\n|turn|9\n|\n|t:|1697937995\n|switch|p1a: Groudon|Groudon|100\/100\n|move|p2a: Chief|Outrage|p1a: Groudon\n|-damage|p1a: Groudon|45\/100\n|\n|-weather|SunnyDay|[upkeep]\n|-heal|p1a: Groudon|51\/100|[from] item: Leftovers\n|upkeep\n|turn|10\n|\n|t:|1697938004\n|-terastallize|p1a: Groudon|Fairy\n|move|p2a: Chief|Outrage|p1a: Groudon|[from]lockedmove\n|-immune|p1a: Groudon\n|move|p1a: Groudon|Precipice Blades|p2a: Chief\n|-damage|p2a: Chief|48\/100\n|\n|-weather|SunnyDay|[upkeep]\n|-heal|p1a: Groudon|58\/100|[from] item: Leftovers\n|upkeep\n|turn|11\n|c| Rival Andrew|holy shit\n|c| Rival Andrew|huge turn from Nathan\n|c|\u2606Hand0fD00m|dang lol\n|c| Rival Andrew|no confuse hurts bad\n|\n|t:|1697938044\n|switch|p2a: Calrissian|Landorus-Therian, M|100\/100\n|-ability|p2a: Calrissian|Intimidate|boost\n|-unboost|p1a: Groudon|atk|1\n|move|p1a: Groudon|Will-O-Wisp|p2a: Calrissian\n|-status|p2a: Calrissian|brn\n|\n|-weather|SunnyDay|[upkeep]\n|-heal|p1a: Groudon|64\/100|[from] item: Leftovers\n|-damage|p2a: Calrissian|94\/100 brn|[from] brn\n|upkeep\n|turn|12\n|\n|t:|1697938060\n|switch|p1a: Giratina|Giratina-Origin, shiny|100\/100\n|move|p2a: Calrissian|Stealth Rock|p1a: Giratina\n|-sidestart|p1: darkmoju|move: Stealth Rock\n|\n|-weather|SunnyDay|[upkeep]\n|-damage|p2a: Calrissian|88\/100 brn|[from] brn\n|upkeep\n|turn|13\n|\n|t:|1697938081\n|move|p1a: Giratina|Defog|p2a: Calrissian\n|-unboost|p2a: Calrissian|evasion|1\n|-sideend|p1: darkmoju|Stealth Rock|[from] move: Defog|[of] p1a: Giratina\n|move|p2a: Calrissian|Earthquake|p1a: Giratina\n|-immune|p1a: Giratina|[from] ability: Levitate\n|\n|-weather|none\n|-damage|p2a: Calrissian|82\/100 brn|[from] brn\n|upkeep\n|turn|14\n|c|\u2606Hand0fD00m|fuck i forgot levitate\n|\n|t:|1697938098\n|move|p1a: Giratina|Draco Meteor|p2a: Calrissian\n|-damage|p2a: Calrissian|1\/100 brn\n|-unboost|p1a: Giratina|spa|2\n|move|p2a: Calrissian|Taunt|p1a: Giratina\n|-start|p1a: Giratina|move: Taunt\n|\n|-damage|p2a: Calrissian|0 fnt|[from] brn\n|faint|p2a: Calrissian\n|upkeep\n|\n|t:|1697938125\n|switch|p2a: Bon Scott|Miraidon|100\/100\n|-fieldstart|move: Electric Terrain|[from] ability: Hadron Engine|[of] p2a: Bon Scott\n|turn|15\n|c| Rival Andrew|Zach you got a new avatar\n|\n|t:|1697938140\n|switch|p1a: Groudon|Groudon, tera:Fairy|64\/100\n|-weather|SunnyDay|[from] ability: Drought|[of] p1a: Groudon\n|move|p2a: Bon Scott|U-turn|p1a: Groudon\n|-resisted|p1a: Groudon\n|-damage|p1a: Groudon|60\/100\n|c| Rival Andrew|nice uturn\n|\n|t:|1697938156\n|switch|p2a: Godjesus|Arceus|100\/100|[from] U-turn\n|\n|-weather|SunnyDay|[upkeep]\n|-heal|p1a: Groudon|66\/100|[from] item: Leftovers\n|upkeep\n|turn|16\n|c|\u2606Hand0fD00m|i didnt even notice my avatar lol\n|\n|t:|1697938173\n|move|p2a: Godjesus|Taunt|p1a: Groudon\n|-start|p1a: Groudon|move: Taunt\n|cant|p1a: Groudon|move: Taunt|Will-O-Wisp\n|\n|-weather|SunnyDay|[upkeep]\n|-heal|p1a: Groudon|72\/100|[from] item: Leftovers\n|upkeep\n|turn|17\n|\n|t:|1697938180\n|move|p2a: Godjesus|Swords Dance|p2a: Godjesus\n|-boost|p2a: Godjesus|atk|2\n|move|p1a: Groudon|Precipice Blades|p2a: Godjesus\n|-crit|p2a: Godjesus\n|-damage|p2a: Godjesus|38\/100\n|\n|-weather|SunnyDay|[upkeep]\n|-heal|p2a: Godjesus|44\/100|[from] item: Leftovers\n|-heal|p1a: Groudon|79\/100|[from] item: Leftovers\n|upkeep\n|turn|18\n|c| Rival Andrew|the damn crit\n|\n|t:|1697938191\n|move|p2a: Godjesus|Extreme Speed|p1a: Groudon\n|-damage|p1a: Groudon|25\/100\n|move|p1a: Groudon|Precipice Blades|p2a: Godjesus|[miss]\n|-miss|p1a: Groudon|p2a: Godjesus\n|\n|-weather|SunnyDay|[upkeep]\n|-heal|p2a: Godjesus|50\/100|[from] item: Leftovers\n|-heal|p1a: Groudon|32\/100|[from] item: Leftovers\n|-end|p1a: Groudon|move: Taunt\n|upkeep\n|turn|19\n|c| Rival Andrew|followed by miss\n|c| Rival Andrew|classic\n|\n|t:|1697938201\n|move|p1a: Groudon|Protect|p1a: Groudon\n|-singleturn|p1a: Groudon|Protect\n|move|p2a: Godjesus|Extreme Speed|p1a: Groudon\n|-activate|p1a: Groudon|move: Protect\n|\n|-weather|none\n|-heal|p2a: Godjesus|57\/100|[from] item: Leftovers\n|-heal|p1a: Groudon|38\/100|[from] item: Leftovers\n|-fieldend|move: Electric Terrain\n|upkeep\n|turn|20\n|\n|t:|1697938210\n|move|p2a: Godjesus|Extreme Speed|p1a: Groudon\n|-damage|p1a: Groudon|0 fnt\n|faint|p1a: Groudon\n|\n|-heal|p2a: Godjesus|63\/100|[from] item: Leftovers\n|upkeep\n|\n|t:|1697938217\n|switch|p1a: Palkia|Palkia-Origin|100\/100\n|-ability|p1a: Palkia|Pressure\n|turn|21\n|\n|t:|1697938224\n|move|p2a: Godjesus|Extreme Speed|p1a: Palkia\n|-damage|p1a: Palkia|1\/100\n|move|p1a: Palkia|Spacial Rend|p2a: Godjesus\n|-damage|p2a: Godjesus|10\/100\n|\n|-heal|p2a: Godjesus|16\/100|[from] item: Leftovers\n|upkeep\n|turn|22\n|c| Rival Andrew|!\n|\n|t:|1697938231\n|move|p2a: Godjesus|Extreme Speed|p1a: Palkia\n|-damage|p1a: Palkia|0 fnt\n|faint|p1a: Palkia\n|\n|-heal|p2a: Godjesus|22\/100|[from] item: Leftovers\n|upkeep\n|\n|t:|1697938234\n|switch|p1a: Giratina|Giratina-Origin, shiny|100\/100\n|turn|23\n|\n|t:|1697938239\n|move|p2a: Godjesus|Shadow Claw|p1a: Giratina\n|-supereffective|p1a: Giratina\n|-damage|p1a: Giratina|16\/100\n|move|p1a: Giratina|Draco Meteor|p2a: Godjesus\n|-damage|p2a: Godjesus|0 fnt\n|-unboost|p1a: Giratina|spa|2\n|faint|p2a: Godjesus\n|\n|upkeep\n|\n|t:|1697938247\n|switch|p2a: Chief|Koraidon|48\/100\n|-weather|SunnyDay|[from] ability: Orichalcum Pulse|[of] p2a: Chief\n|-activate|p2a: Chief|Orichalcum Pulse|[source]\n|turn|24\n|\n|t:|1697938251\n|move|p2a: Chief|Outrage|p1a: Giratina\n|-supereffective|p1a: Giratina\n|-damage|p1a: Giratina|0 fnt\n|faint|p1a: Giratina\n|\n|-weather|SunnyDay|[upkeep]\n|upkeep\n|\n|t:|1697938254\n|switch|p1a: Eternatus|Eternatus|29\/100\n|-ability|p1a: Eternatus|Pressure\n|turn|25\n|c| Rival Andrew|hot dog\n|c| Sonad~|yikes\n|\n|t:|1697938260\n|move|p2a: Chief|Outrage|p1a: Eternatus|[from]lockedmove\n|-supereffective|p1a: Eternatus\n|-damage|p1a: Eternatus|0 fnt\n|faint|p1a: Eternatus\n|\n|win|Hand0fD00m\n|c|\u2606darkmoju|gg!\n|c| Rival Andrew|what a series\n|c|\u2606Hand0fD00m|holy gg, that was a dope set\n","uploadtime":1697938273,"views":11,"p1id":"darkmoju","p2id":"hand0fd00m","formatid":"gen9ubers","rating":0,"private":0,"password":""}