{"id":"gen9ubers-1969152304","p1":"smilingkyogre","p2":"underhours","format":"[Gen 9] Ubers","log":"|j|\u2606smilingkyogre\n|j|\u2606underhours\n|t:|1697494833\n|gametype|singles\n|player|p1|smilingkyogre|marnie|\n|player|p2|underhours|brock-gen2|\n|teamsize|p1|6\n|teamsize|p2|6\n|gen|9\n|tier|[Gen 9] Ubers\n|rule|Sleep Clause Mod: Limit one foe put to sleep\n|rule|Species Clause: Limit one of each Pok\u00e9mon\n|rule|OHKO Clause: OHKO moves are banned\n|rule|Evasion Items Clause: Evasion items are banned\n|rule|Evasion Moves Clause: Evasion moves are banned\n|rule|Endless Battle Clause: Forcing endless battles is banned\n|rule|HP Percentage Mod: HP is shown in percentages\n|clearpoke\n|poke|p1|Arceus-Ice|\n|poke|p1|Chi-Yu|\n|poke|p1|Urshifu-*, F|\n|poke|p1|Magearna|\n|poke|p1|Shaymin-Sky|\n|poke|p1|Gliscor, F|\n|poke|p2|Magearna|\n|poke|p2|Palkia-Origin|\n|poke|p2|Arceus-Fighting|\n|poke|p2|Chi-Yu|\n|poke|p2|Cyclizar, M|\n|poke|p2|Giratina|\n|teampreview\n|inactive|Battle timer is ON: inactive players will automatically lose when time's up. (requested by smilingkyogre)\n|inactive|underhours also wants the timer to be on.\n|c|\u2606underhours|hope u dont mind i switched it up\n|c|\u2606smilingkyogre|i only have 1 team lol\n|c|\u2606smilingkyogre|nope i dont mind\n|inactive|underhours has 270 seconds left.\n|\n|t:|1697494877\n|start\n|switch|p1a: Urshifu|Urshifu-Rapid-Strike, F|100\/100\n|switch|p2a: Cyclizar|Cyclizar, M|100\/100\n|turn|1\n|\n|t:|1697494886\n|move|p2a: Cyclizar|Shed Tail|p2a: Cyclizar\n|-start|p2a: Cyclizar|Substitute|[from] move: Shed Tail\n|-damage|p2a: Cyclizar|50\/100\n|\n|t:|1697494896\n|switch|p2a: Giratina|Giratina|100\/100|[from] Shed Tail\n|-ability|p2a: Giratina|Pressure\n|move|p1a: Urshifu|Swords Dance|p1a: Urshifu\n|-boost|p1a: Urshifu|atk|2\n|\n|upkeep\n|turn|2\n|\n|t:|1697494902\n|move|p1a: Urshifu|Surging Strikes|p2a: Giratina\n|-resisted|p2a: Giratina\n|-crit|p2a: Giratina\n|-activate|p2a: Giratina|move: Substitute|[damage]\n|-resisted|p2a: Giratina\n|-crit|p2a: Giratina\n|-activate|p2a: Giratina|move: Substitute|[damage]\n|-resisted|p2a: Giratina\n|-crit|p2a: Giratina\n|-end|p2a: Giratina|Substitute\n|-hitcount|p2a: Giratina|3\n|move|p2a: Giratina|Will-O-Wisp|p1a: Urshifu|[miss]\n|-miss|p2a: Giratina|p1a: Urshifu\n|\n|upkeep\n|turn|3\n|\n|t:|1697494907\n|move|p1a: Urshifu|Surging Strikes|p2a: Giratina\n|-resisted|p2a: Giratina\n|-crit|p2a: Giratina\n|-damage|p2a: Giratina|92\/100\n|-resisted|p2a: Giratina\n|-crit|p2a: Giratina\n|-damage|p2a: Giratina|84\/100\n|-resisted|p2a: Giratina\n|-crit|p2a: Giratina\n|-damage|p2a: Giratina|76\/100\n|-hitcount|p2a: Giratina|3\n|move|p2a: Giratina|Will-O-Wisp|p1a: Urshifu\n|-status|p1a: Urshifu|brn\n|-enditem|p1a: Urshifu|Lum Berry|[eat]\n|-curestatus|p1a: Urshifu|brn|[msg]\n|\n|upkeep\n|turn|4\n|\n|t:|1697494919\n|switch|p1a: Magearna|Magearna|100\/100\n|move|p2a: Giratina|Will-O-Wisp|p1a: Magearna\n|-status|p1a: Magearna|brn\n|\n|-damage|p1a: Magearna|94\/100 brn|[from] brn\n|upkeep\n|turn|5\n|inactive|underhours has 270 seconds left.\n|\n|t:|1697494952\n|switch|p2a: Cyclizar|Cyclizar, M|84\/100\n|move|p1a: Magearna|Fleur Cannon|p2a: Cyclizar\n|-supereffective|p2a: Cyclizar\n|-damage|p2a: Cyclizar|0 fnt\n|-unboost|p1a: Magearna|spa|2\n|faint|p2a: Cyclizar\n|-ability|p1a: Magearna|Soul-Heart|boost\n|-boost|p1a: Magearna|spa|1\n|\n|-heal|p1a: Magearna|100\/100 brn|[from] item: Leftovers\n|-damage|p1a: Magearna|94\/100 brn|[from] brn\n|upkeep\n|inactive|underhours has 270 seconds left.\n|\n|t:|1697494961\n|switch|p2a: Chi-Yu|Chi-Yu|100\/100\n|-ability|p2a: Chi-Yu|Beads of Ruin\n|turn|6\n|\n|t:|1697494972\n|switch|p1a: Chi-Yu|Chi-Yu|100\/100\n|-ability|p1a: Chi-Yu|Beads of Ruin\n|move|p2a: Chi-Yu|Fire Blast|p1a: Chi-Yu|[miss]\n|-miss|p2a: Chi-Yu|p1a: Chi-Yu\n|\n|upkeep\n|turn|7\n|\n|t:|1697494980\n|switch|p2a: Palkia|Palkia-Origin|100\/100\n|-ability|p2a: Palkia|Pressure\n|move|p1a: Chi-Yu|Overheat|p2a: Palkia\n|-resisted|p2a: Palkia\n|-damage|p2a: Palkia|69\/100\n|-unboost|p1a: Chi-Yu|spa|2\n|\n|upkeep\n|turn|8\n|\n|t:|1697494991\n|switch|p1a: Arceus|Arceus-Ice|100\/100\n|move|p2a: Palkia|Substitute|p2a: Palkia\n|-start|p2a: Palkia|Substitute\n|-damage|p2a: Palkia|44\/100\n|\n|upkeep\n|turn|9\n|c|\u2606underhours|wow that did so much\n|c|\u2606smilingkyogre|specs lol\n|\n|t:|1697495012\n|move|p2a: Palkia|Hydro Pump|p1a: Arceus\n|-damage|p1a: Arceus|45\/100\n|move|p1a: Arceus|Calm Mind|p1a: Arceus\n|-boost|p1a: Arceus|spa|1\n|-boost|p1a: Arceus|spd|1\n|\n|upkeep\n|turn|10\n|\n|t:|1697495021\n|move|p2a: Palkia|Hydro Pump|p1a: Arceus\n|-damage|p1a: Arceus|7\/100\n|move|p1a: Arceus|Recover|p1a: Arceus\n|-heal|p1a: Arceus|57\/100\n|\n|upkeep\n|turn|11\n|\n|t:|1697495031\n|move|p1a: Arceus|Recover|p1a: Arceus\n|-heal|p1a: Arceus|100\/100\n|move|p2a: Palkia|Draco Meteor|p1a: Arceus\n|-damage|p1a: Arceus|55\/100\n|-unboost|p2a: Palkia|spa|2\n|\n|upkeep\n|turn|12\n|\n|t:|1697495038\n|switch|p2a: Arceus|Arceus-Fighting|100\/100\n|move|p1a: Arceus|Calm Mind|p1a: Arceus\n|-boost|p1a: Arceus|spa|1\n|-boost|p1a: Arceus|spd|1\n|\n|upkeep\n|turn|13\n|\n|t:|1697495046\n|move|p1a: Arceus|Judgment|p2a: Arceus\n|-damage|p2a: Arceus|19\/100\n|move|p2a: Arceus|Dragon Tail|p1a: Arceus\n|-damage|p1a: Arceus|40\/100\n|drag|p1a: Chi-Yu|Chi-Yu|100\/100\n|-ability|p1a: Chi-Yu|Beads of Ruin\n|\n|upkeep\n|turn|14\n|\n|t:|1697495053\n|move|p2a: Arceus|Judgment|p1a: Chi-Yu\n|-supereffective|p1a: Chi-Yu\n|-damage|p1a: Chi-Yu|0 fnt\n|faint|p1a: Chi-Yu\n|\n|upkeep\n|\n|t:|1697495058\n|switch|p1a: Shaymin|Shaymin-Sky|100\/100\n|turn|15\n|\n|t:|1697495062\n|move|p1a: Shaymin|Air Slash|p2a: Arceus|[miss]\n|-miss|p1a: Shaymin|p2a: Arceus\n|move|p2a: Arceus|Recover|p2a: Arceus\n|-heal|p2a: Arceus|70\/100\n|\n|upkeep\n|turn|16\n|\n|t:|1697495072\n|switch|p2a: Giratina|Giratina|76\/100\n|-ability|p2a: Giratina|Pressure\n|move|p1a: Shaymin|Air Slash|p2a: Giratina\n|-damage|p2a: Giratina|54\/100\n|\n|upkeep\n|turn|17\n|\n|t:|1697495082\n|switch|p2a: Chi-Yu|Chi-Yu|100\/100\n|-ability|p2a: Chi-Yu|Beads of Ruin\n|move|p1a: Shaymin|Air Slash|p2a: Chi-Yu\n|-damage|p2a: Chi-Yu|50\/100\n|\n|upkeep\n|turn|18\n|\n|t:|1697495088\n|switch|p2a: Giratina|Giratina|54\/100\n|-ability|p2a: Giratina|Pressure\n|move|p1a: Shaymin|Air Slash|p2a: Giratina\n|-damage|p2a: Giratina|30\/100\n|\n|upkeep\n|turn|19\n|\n|t:|1697495093\n|move|p1a: Shaymin|Air Slash|p2a: Giratina\n|-damage|p2a: Giratina|7\/100\n|cant|p2a: Giratina|flinch\n|\n|upkeep\n|turn|20\n|j| somebodyuknow2\n|\n|t:|1697495098\n|move|p1a: Shaymin|Air Slash|p2a: Giratina\n|-damage|p2a: Giratina|0 fnt\n|faint|p2a: Giratina\n|\n|upkeep\n|\n|t:|1697495107\n|switch|p2a: Palkia|Palkia-Origin|44\/100\n|-ability|p2a: Palkia|Pressure\n|turn|21\n|\n|t:|1697495109\n|move|p1a: Shaymin|Air Slash|p2a: Palkia\n|-damage|p2a: Palkia|7\/100\n|cant|p2a: Palkia|flinch\n|\n|upkeep\n|turn|22\n|\n|t:|1697495112\n|switch|p2a: Magearna|Magearna|100\/100\n|move|p1a: Shaymin|Air Slash|p2a: Magearna\n|-resisted|p2a: Magearna\n|-damage|p2a: Magearna|83\/100\n|\n|-heal|p2a: Magearna|89\/100|[from] item: Leftovers\n|upkeep\n|turn|23\n|c|\u2606smilingkyogre|so cheap\n|\n|t:|1697495121\n|switch|p1a: Arceus|Arceus-Ice|40\/100\n|move|p2a: Magearna|Shift Gear|p2a: Magearna\n|-boost|p2a: Magearna|spe|2\n|-boost|p2a: Magearna|atk|1\n|\n|-heal|p2a: Magearna|95\/100|[from] item: Leftovers\n|upkeep\n|turn|24\n|\n|t:|1697495130\n|-terastallize|p1a: Arceus|Electric\n|move|p1a: Arceus|Recover|p1a: Arceus\n|-heal|p1a: Arceus|90\/100\n|move|p2a: Magearna|Calm Mind|p2a: Magearna\n|-boost|p2a: Magearna|spa|1\n|-boost|p2a: Magearna|spd|1\n|\n|-heal|p2a: Magearna|100\/100|[from] item: Leftovers\n|upkeep\n|turn|25\n|\n|t:|1697495138\n|move|p1a: Arceus|Thunderbolt|p2a: Magearna\n|-damage|p2a: Magearna|77\/100\n|-status|p2a: Magearna|par\n|move|p2a: Magearna|Calm Mind|p2a: Magearna\n|-boost|p2a: Magearna|spa|1\n|-boost|p2a: Magearna|spd|1\n|\n|-heal|p2a: Magearna|83\/100 par|[from] item: Leftovers\n|upkeep\n|turn|26\n|\n|t:|1697495147\n|move|p1a: Arceus|Thunderbolt|p2a: Magearna\n|-damage|p2a: Magearna|67\/100 par\n|move|p2a: Magearna|Calm Mind|p2a: Magearna\n|-boost|p2a: Magearna|spa|1\n|-boost|p2a: Magearna|spd|1\n|\n|-heal|p2a: Magearna|73\/100 par|[from] item: Leftovers\n|upkeep\n|turn|27\n|\n|t:|1697495152\n|move|p1a: Arceus|Thunderbolt|p2a: Magearna\n|-damage|p2a: Magearna|59\/100 par\n|move|p2a: Magearna|Stored Power|p1a: Arceus\n|-damage|p1a: Arceus|0 fnt\n|faint|p1a: Arceus\n|-ability|p2a: Magearna|Soul-Heart|boost\n|-boost|p2a: Magearna|spa|1\n|\n|-heal|p2a: Magearna|65\/100 par|[from] item: Leftovers\n|upkeep\n|\n|t:|1697495165\n|switch|p1a: Gliscor|Gliscor, F|100\/100\n|turn|28\n|c|\u2606underhours|talk about cheap\n|\n|t:|1697495171\n|move|p1a: Gliscor|Earthquake|p2a: Magearna\n|-supereffective|p2a: Magearna\n|-damage|p2a: Magearna|12\/100 par\n|move|p2a: Magearna|Stored Power|p1a: Gliscor\n|-damage|p1a: Gliscor|0 fnt\n|faint|p1a: Gliscor\n|-ability|p2a: Magearna|Soul-Heart|boost\n|-boost|p2a: Magearna|spa|1\n|\n|-heal|p2a: Magearna|18\/100 par|[from] item: Leftovers\n|upkeep\n|c|\u2606smilingkyogre|the skymin is cheap\n|c|\u2606smilingkyogre|well so is mag tbh\n|\n|t:|1697495187\n|switch|p1a: Urshifu|Urshifu-Rapid-Strike, F|100\/100\n|turn|29\n|c|\u2606underhours|ye thats what im saying\n|c|\u2606underhours|lmao\n|\n|t:|1697495192\n|move|p1a: Urshifu|Surging Strikes|p2a: Magearna\n|-crit|p2a: Magearna\n|-damage|p2a: Magearna|5\/100 par\n|-crit|p2a: Magearna\n|-damage|p2a: Magearna|0 fnt\n|faint|p2a: Magearna\n|-hitcount|p2: Magearna|2\n|\n|upkeep\n|c|\u2606smilingkyogre|agreed\n|\n|t:|1697495199\n|switch|p2a: Palkia|Palkia-Origin|7\/100\n|-ability|p2a: Palkia|Pressure\n|turn|30\n|\n|t:|1697495206\n|move|p1a: Urshifu|Aqua Jet|p2a: Palkia\n|-resisted|p2a: Palkia\n|-damage|p2a: Palkia|1\/100\n|move|p2a: Palkia|Draco Meteor|p1a: Urshifu\n|-damage|p1a: Urshifu|0 fnt\n|-unboost|p2a: Palkia|spa|2\n|faint|p1a: Urshifu\n|\n|upkeep\n|\n|t:|1697495208\n|switch|p1a: Shaymin|Shaymin-Sky|100\/100\n|turn|31\n|\n|t:|1697495213\n|move|p1a: Shaymin|Air Slash|p2a: Palkia\n|-damage|p2a: Palkia|0 fnt\n|faint|p2a: Palkia\n|\n|upkeep\n|\n|t:|1697495220\n|switch|p2a: Chi-Yu|Chi-Yu|50\/100\n|-ability|p2a: Chi-Yu|Beads of Ruin\n|turn|32\n|\n|t:|1697495226\n|move|p1a: Shaymin|Air Slash|p2a: Chi-Yu\n|-damage|p2a: Chi-Yu|6\/100\n|move|p2a: Chi-Yu|Fire Blast|p1a: Shaymin\n|-supereffective|p1a: Shaymin\n|-damage|p1a: Shaymin|0 fnt\n|faint|p1a: Shaymin\n|\n|upkeep\n|\n|t:|1697495228\n|switch|p1a: Magearna|Magearna|94\/100 brn\n|turn|33\n|\n|t:|1697495232\n|move|p2a: Chi-Yu|Fire Blast|p1a: Magearna\n|-supereffective|p1a: Magearna\n|-damage|p1a: Magearna|0 fnt\n|faint|p1a: Magearna\n|\n|win|underhours\n|c|\u2606smilingkyogre|gg\n|c|\u2606underhours|gg\n|l|\u2606smilingkyogre\n","uploadtime":1697495243,"views":45,"p1id":"smilingkyogre","p2id":"underhours","formatid":"gen9ubers","rating":0,"private":0,"password":""}