{"id":"gen9ubers-1986932108","p1":"ImhoPitit","p2":"Aaron MA","format":"[Gen 9] Ubers","log":"|j|\u2606ImhoPitit\n|j|\u2606Aaron MA\n|t:|1699542173\n|gametype|singles\n|player|p1|ImhoPitit|lucas|\n|player|p2|Aaron MA|2|\n|teamsize|p1|6\n|teamsize|p2|6\n|gen|9\n|tier|[Gen 9] Ubers\n|rule|Sleep Clause Mod: Limit one foe put to sleep\n|rule|Species Clause: Limit one of each Pok\u00e9mon\n|rule|OHKO Clause: OHKO moves are banned\n|rule|Evasion Items Clause: Evasion items are banned\n|rule|Evasion Moves Clause: Evasion moves are banned\n|rule|Endless Battle Clause: Forcing endless battles is banned\n|rule|HP Percentage Mod: HP is shown in percentages\n|clearpoke\n|poke|p1|Enamorus, F|\n|poke|p1|Dragonite, F|\n|poke|p1|Skeledirge, F|\n|poke|p1|Greninja-*, M|\n|poke|p1|Gliscor, M|\n|poke|p1|Iron Valiant|\n|poke|p2|Dondozo, M|\n|poke|p2|Gliscor, M|\n|poke|p2|Goodra-Hisui, M|\n|poke|p2|Dragonite, M|\n|poke|p2|Ogerpon-Hearthflame, F|\n|poke|p2|Iron Valiant|\n|teampreview\n|inactive|Battle timer is ON: inactive players will automatically lose when time's up. (requested by ImhoPitit)\n|inactive|Aaron MA has 270 seconds left.\n|inactive|Aaron MA has 240 seconds left.\n|inactive|Aaron MA has 210 seconds left.\n|\n|t:|1699542264\n|start\n|switch|p1a: Alucard|Gliscor, M|100\/100\n|switch|p2a: Gliscor|Gliscor, M|100\/100\n|turn|1\n|\n|t:|1699542273\n|move|p2a: Gliscor|Protect|p2a: Gliscor\n|-singleturn|p2a: Gliscor|Protect\n|move|p1a: Alucard|Spikes|p2a: Gliscor\n|-sidestart|p2: Aaron MA|Spikes\n|\n|-status|p1a: Alucard|tox|[from] item: Toxic Orb\n|-status|p2a: Gliscor|tox|[from] item: Toxic Orb\n|upkeep\n|turn|2\n|\n|t:|1699542281\n|move|p1a: Alucard|Spikes|p2a: Gliscor\n|-sidestart|p2: Aaron MA|Spikes\n|move|p2a: Gliscor|Spikes|p1a: Alucard\n|-sidestart|p1: ImhoPitit|Spikes\n|\n|upkeep\n|turn|3\n|\n|t:|1699542286\n|move|p1a: Alucard|Spikes|p2a: Gliscor\n|-sidestart|p2: Aaron MA|Spikes\n|move|p2a: Gliscor|Spikes|p1a: Alucard\n|-sidestart|p1: ImhoPitit|Spikes\n|\n|upkeep\n|turn|4\n|\n|t:|1699542292\n|switch|p1a: Sasssssssssske|Greninja, M|100\/100\n|-damage|p1a: Sasssssssssske|84\/100|[from] Spikes\n|move|p2a: Gliscor|Toxic|p1a: Sasssssssssske\n|-status|p1a: Sasssssssssske|tox\n|\n|-damage|p1a: Sasssssssssske|78\/100 tox|[from] psn\n|upkeep\n|turn|5\n|\n|t:|1699542304\n|move|p2a: Gliscor|Protect|p2a: Gliscor\n|-singleturn|p2a: Gliscor|Protect\n|move|p1a: Sasssssssssske|Surf|p2a: Gliscor\n|-activate|p2a: Gliscor|move: Protect\n|\n|-damage|p1a: Sasssssssssske|66\/100 tox|[from] psn\n|upkeep\n|turn|6\n|\n|t:|1699542313\n|switch|p2a: Goodra|Goodra-Hisui, M|100\/100\n|-damage|p2a: Goodra|75\/100|[from] Spikes\n|move|p1a: Sasssssssssske|Ice Beam|p2a: Goodra\n|-damage|p2a: Goodra|54\/100\n|-damage|p1a: Sasssssssssske|56\/100 tox|[from] item: Life Orb\n|\n|-damage|p1a: Sasssssssssske|38\/100 tox|[from] psn\n|upkeep\n|turn|7\n|\n|t:|1699542327\n|move|p1a: Sasssssssssske|Dark Pulse|p2a: Goodra\n|-damage|p2a: Goodra|28\/100\n|-damage|p1a: Sasssssssssske|29\/100 tox|[from] item: Life Orb\n|move|p2a: Goodra|Dragon Tail|p1a: Sasssssssssske\n|-damage|p1a: Sasssssssssske|0 fnt\n|faint|p1a: Sasssssssssske\n|\n|upkeep\n|\n|t:|1699542337\n|switch|p1a: Alucard|Gliscor, M|100\/100 tox\n|turn|8\n|\n|t:|1699542349\n|switch|p2a: Gliscor|Gliscor, M|100\/100 tox\n|move|p1a: Alucard|Earthquake|p2a: Gliscor\n|-immune|p2a: Gliscor\n|\n|upkeep\n|turn|9\n|\n|t:|1699542357\n|move|p1a: Alucard|Toxic|p2a: Gliscor\n|-fail|p2a: Gliscor|tox\n|move|p2a: Gliscor|Toxic|p1a: Alucard\n|-fail|p1a: Alucard|tox\n|\n|upkeep\n|turn|10\n|\n|t:|1699542367\n|move|p1a: Alucard|Earthquake|p2a: Gliscor\n|-immune|p2a: Gliscor\n|move|p2a: Gliscor|Spikes|p1a: Alucard\n|-sidestart|p1: ImhoPitit|Spikes\n|\n|upkeep\n|turn|11\n|\n|t:|1699542375\n|move|p1a: Alucard|Earthquake|p2a: Gliscor\n|-immune|p2a: Gliscor\n|move|p2a: Gliscor|Toxic|p1a: Alucard\n|-fail|p1a: Alucard|tox\n|\n|upkeep\n|turn|12\n|\n|t:|1699542387\n|move|p1a: Alucard|Earthquake|p2a: Gliscor\n|-immune|p2a: Gliscor\n|move|p2a: Gliscor|Earthquake|p1a: Alucard\n|-immune|p1a: Alucard\n|\n|upkeep\n|turn|13\n|\n|t:|1699542398\n|move|p1a: Alucard|Toxic|p2a: Gliscor|[miss]\n|-miss|p1a: Alucard|p2a: Gliscor\n|move|p2a: Gliscor|Toxic|p1a: Alucard\n|-fail|p1a: Alucard|tox\n|\n|upkeep\n|turn|14\n|\n|t:|1699542407\n|move|p1a: Alucard|Spikes||[still]\n|-fail|p1a: Alucard\n|move|p2a: Gliscor|Toxic|p1a: Alucard\n|-fail|p1a: Alucard|tox\n|\n|upkeep\n|turn|15\n|inactive|Aaron MA has 270 seconds left.\n|inactive|Aaron MA has 240 seconds left.\n|\n|t:|1699542475\n|move|p1a: Alucard|Toxic|p2a: Gliscor\n|-fail|p2a: Gliscor|tox\n|move|p2a: Gliscor|Toxic|p1a: Alucard\n|-fail|p1a: Alucard|tox\n|\n|upkeep\n|turn|16\n|inactive|Aaron MA has 240 seconds left.\n|\n|t:|1699542491\n|move|p1a: Alucard|Spikes||[still]\n|-fail|p1a: Alucard\n|move|p2a: Gliscor|Earthquake|p1a: Alucard\n|-immune|p1a: Alucard\n|\n|upkeep\n|turn|17\n|\n|t:|1699542504\n|move|p1a: Alucard|Toxic|p2a: Gliscor\n|-fail|p2a: Gliscor|tox\n|move|p2a: Gliscor|Spikes||[still]\n|-fail|p2a: Gliscor\n|\n|upkeep\n|turn|18\n|\n|t:|1699542518\n|switch|p2a: Iron Valiant|Iron Valiant|100\/100\n|-damage|p2a: Iron Valiant|76\/100|[from] Spikes\n|-enditem|p2a: Iron Valiant|Booster Energy\n|-activate|p2a: Iron Valiant|ability: Quark Drive|[fromitem]\n|-start|p2a: Iron Valiant|quarkdrivespe\n|move|p1a: Alucard|Spikes||[still]\n|-fail|p1a: Alucard\n|\n|upkeep\n|turn|19\n|\n|t:|1699542530\n|move|p2a: Iron Valiant|Moonblast|p1a: Alucard\n|-damage|p1a: Alucard|47\/100 tox\n|-unboost|p1a: Alucard|spa|1\n|move|p1a: Alucard|Toxic|p2a: Iron Valiant\n|-status|p2a: Iron Valiant|tox\n|\n|-damage|p2a: Iron Valiant|69\/100 tox|[from] psn\n|-heal|p1a: Alucard|60\/100 tox|[from] ability: Poison Heal\n|upkeep\n|turn|20\n|\n|t:|1699542542\n|move|p1a: Alucard|Protect|p1a: Alucard\n|-singleturn|p1a: Alucard|Protect\n|move|p2a: Iron Valiant|Moonblast|p1a: Alucard\n|-activate|p1a: Alucard|move: Protect\n|\n|-damage|p2a: Iron Valiant|57\/100 tox|[from] psn\n|-heal|p1a: Alucard|72\/100 tox|[from] ability: Poison Heal\n|upkeep\n|turn|21\n|\n|t:|1699542554\n|move|p2a: Iron Valiant|Moonblast|p1a: Alucard\n|-damage|p1a: Alucard|10\/100 tox\n|move|p1a: Alucard|Earthquake|p2a: Iron Valiant\n|-damage|p2a: Iron Valiant|12\/100 tox\n|\n|-damage|p2a: Iron Valiant|0 fnt|[from] psn\n|faint|p2a: Iron Valiant\n|-end|p2a: Iron Valiant|Quark Drive|[silent]\n|-heal|p1a: Alucard|22\/100 tox|[from] ability: Poison Heal\n|upkeep\n|\n|t:|1699542573\n|switch|p2a: Ogerpon|Ogerpon-Hearthflame, F|100\/100\n|-damage|p2a: Ogerpon|76\/100|[from] Spikes\n|-ability|p2a: Ogerpon|Mold Breaker\n|turn|22\n|\n|t:|1699542579\n|move|p2a: Ogerpon|Swords Dance|p2a: Ogerpon\n|-boost|p2a: Ogerpon|atk|2\n|move|p1a: Alucard|Toxic|p2a: Ogerpon\n|-status|p2a: Ogerpon|tox\n|\n|-damage|p2a: Ogerpon|70\/100 tox|[from] psn\n|-heal|p1a: Alucard|35\/100 tox|[from] ability: Poison Heal\n|upkeep\n|turn|23\n|\n|t:|1699542589\n|move|p1a: Alucard|Protect|p1a: Alucard\n|-singleturn|p1a: Alucard|Protect\n|move|p2a: Ogerpon|Trailblaze|p1a: Alucard\n|-activate|p1a: Alucard|move: Protect\n|\n|-damage|p2a: Ogerpon|58\/100 tox|[from] psn\n|-heal|p1a: Alucard|47\/100 tox|[from] ability: Poison Heal\n|upkeep\n|turn|24\n|inactive|Aaron MA has 240 seconds left.\n|\n|t:|1699542599\n|move|p1a: Alucard|Protect|p1a: Alucard\n|-singleturn|p1a: Alucard|Protect\n|move|p2a: Ogerpon|Horn Leech|p1a: Alucard\n|-activate|p1a: Alucard|move: Protect\n|\n|-damage|p2a: Ogerpon|40\/100 tox|[from] psn\n|-heal|p1a: Alucard|60\/100 tox|[from] ability: Poison Heal\n|upkeep\n|turn|25\n|inactive|Aaron MA has 240 seconds left.\n|\n|t:|1699542611\n|move|p2a: Ogerpon|Horn Leech|p1a: Alucard\n|-damage|p1a: Alucard|9\/100 tox\n|-heal|p2a: Ogerpon|69\/100 tox|[from] drain|[of] p1a: Alucard\n|move|p1a: Alucard|Earthquake|p2a: Ogerpon\n|-damage|p2a: Ogerpon|29\/100 tox\n|\n|-damage|p2a: Ogerpon|5\/100 tox|[from] psn\n|-heal|p1a: Alucard|22\/100 tox|[from] ability: Poison Heal\n|upkeep\n|turn|26\n|inactive|Aaron MA has 240 seconds left.\n|\n|t:|1699542623\n|move|p1a: Alucard|Protect|p1a: Alucard\n|-singleturn|p1a: Alucard|Protect\n|move|p2a: Ogerpon|Horn Leech|p1a: Alucard\n|-activate|p1a: Alucard|move: Protect\n|\n|-damage|p2a: Ogerpon|0 fnt|[from] psn\n|faint|p2a: Ogerpon\n|-heal|p1a: Alucard|34\/100 tox|[from] ability: Poison Heal\n|upkeep\n|inactive|Aaron MA has 240 seconds left.\n|\n|t:|1699542658\n|switch|p2a: Dragonite|Dragonite, M|100\/100\n|turn|27\n|\n|t:|1699542665\n|move|p2a: Dragonite|Dragon Claw|p1a: Alucard\n|-damage|p1a: Alucard|6\/100 tox\n|move|p1a: Alucard|Toxic|p2a: Dragonite\n|-status|p2a: Dragonite|tox\n|\n|-damage|p2a: Dragonite|94\/100 tox|[from] psn\n|-heal|p1a: Alucard|19\/100 tox|[from] ability: Poison Heal\n|upkeep\n|turn|28\n|\n|t:|1699542675\n|move|p1a: Alucard|Protect|p1a: Alucard\n|-singleturn|p1a: Alucard|Protect\n|move|p2a: Dragonite|Dragon Dance|p2a: Dragonite\n|-boost|p2a: Dragonite|atk|1\n|-boost|p2a: Dragonite|spe|1\n|\n|-damage|p2a: Dragonite|82\/100 tox|[from] psn\n|-heal|p1a: Alucard|31\/100 tox|[from] ability: Poison Heal\n|upkeep\n|turn|29\n|\n|t:|1699542696\n|switch|p1a: Hisashiburi dana|Skeledirge, F|100\/100\n|-damage|p1a: Hisashiburi dana|76\/100|[from] Spikes\n|move|p2a: Dragonite|Dragon Claw|p1a: Hisashiburi dana\n|-damage|p1a: Hisashiburi dana|35\/100\n|\n|-damage|p2a: Dragonite|63\/100 tox|[from] psn\n|upkeep\n|turn|30\n|\n|t:|1699542709\n|move|p2a: Dragonite|Dragon Claw|p1a: Hisashiburi dana\n|-damage|p1a: Hisashiburi dana|0 fnt\n|faint|p1a: Hisashiburi dana\n|\n|-damage|p2a: Dragonite|39\/100 tox|[from] psn\n|upkeep\n|\n|t:|1699542716\n|switch|p1a: Alucard|Gliscor, M|31\/100 tox\n|turn|31\n|\n|t:|1699542725\n|move|p1a: Alucard|Protect|p1a: Alucard\n|-singleturn|p1a: Alucard|Protect\n|move|p2a: Dragonite|Dragon Claw|p1a: Alucard\n|-activate|p1a: Alucard|move: Protect\n|\n|-damage|p2a: Dragonite|8\/100 tox|[from] psn\n|-heal|p1a: Alucard|43\/100 tox|[from] ability: Poison Heal\n|upkeep\n|turn|32\n|\n|t:|1699542735\n|move|p1a: Alucard|Protect||[still]\n|-fail|p1a: Alucard\n|move|p2a: Dragonite|Extreme Speed|p1a: Alucard\n|-damage|p1a: Alucard|13\/100 tox\n|\n|-damage|p2a: Dragonite|0 fnt|[from] psn\n|faint|p2a: Dragonite\n|-heal|p1a: Alucard|25\/100 tox|[from] ability: Poison Heal\n|upkeep\n|\n|t:|1699542747\n|switch|p2a: Dondozo|Dondozo, M|100\/100\n|-damage|p2a: Dondozo|75\/100|[from] Spikes\n|turn|33\n|\n|t:|1699542754\n|switch|p1a: Emo futuriste|Iron Valiant|100\/100\n|-damage|p1a: Emo futuriste|76\/100|[from] Spikes\n|-enditem|p1a: Emo futuriste|Booster Energy\n|-activate|p1a: Emo futuriste|ability: Quark Drive|[fromitem]\n|-start|p1a: Emo futuriste|quarkdrivespe\n|move|p2a: Dondozo|Curse|p2a: Dondozo\n|-unboost|p2a: Dondozo|spe|1\n|-boost|p2a: Dondozo|atk|1\n|-boost|p2a: Dondozo|def|1\n|\n|upkeep\n|turn|34\n|\n|t:|1699542766\n|-terastallize|p2a: Dondozo|Steel\n|move|p1a: Emo futuriste|Encore|p2a: Dondozo\n|-start|p2a: Dondozo|Encore\n|move|p2a: Dondozo|Curse|p2a: Dondozo\n|-unboost|p2a: Dondozo|spe|1\n|-boost|p2a: Dondozo|atk|1\n|-boost|p2a: Dondozo|def|1\n|\n|upkeep\n|turn|35\n|\n|t:|1699542779\n|move|p1a: Emo futuriste|Calm Mind|p1a: Emo futuriste\n|-boost|p1a: Emo futuriste|spa|1\n|-boost|p1a: Emo futuriste|spd|1\n|move|p2a: Dondozo|Curse|p2a: Dondozo\n|-unboost|p2a: Dondozo|spe|1\n|-boost|p2a: Dondozo|atk|1\n|-boost|p2a: Dondozo|def|1\n|\n|upkeep\n|turn|36\n|\n|t:|1699542787\n|move|p1a: Emo futuriste|Calm Mind|p1a: Emo futuriste\n|-boost|p1a: Emo futuriste|spa|1\n|-boost|p1a: Emo futuriste|spd|1\n|move|p2a: Dondozo|Curse|p2a: Dondozo\n|-unboost|p2a: Dondozo|spe|1\n|-boost|p2a: Dondozo|atk|1\n|-boost|p2a: Dondozo|def|1\n|\n|-end|p2a: Dondozo|Encore\n|upkeep\n|turn|37\n|\n|t:|1699542799\n|move|p1a: Emo futuriste|Encore|p2a: Dondozo\n|-start|p2a: Dondozo|Encore\n|move|p2a: Dondozo|Curse|p2a: Dondozo\n|-unboost|p2a: Dondozo|spe|1\n|-boost|p2a: Dondozo|atk|1\n|-boost|p2a: Dondozo|def|1\n|\n|upkeep\n|turn|38\n|\n|t:|1699542810\n|move|p1a: Emo futuriste|Calm Mind|p1a: Emo futuriste\n|-boost|p1a: Emo futuriste|spa|1\n|-boost|p1a: Emo futuriste|spd|1\n|move|p2a: Dondozo|Curse|p2a: Dondozo\n|-unboost|p2a: Dondozo|spe|1\n|-boost|p2a: Dondozo|atk|1\n|-boost|p2a: Dondozo|def|1\n|\n|upkeep\n|turn|39\n|\n|t:|1699542833\n|move|p1a: Emo futuriste|Calm Mind|p1a: Emo futuriste\n|-boost|p1a: Emo futuriste|spa|1\n|-boost|p1a: Emo futuriste|spd|1\n|move|p2a: Dondozo|Curse|p2a: Dondozo\n|\n|-end|p2a: Dondozo|Encore\n|upkeep\n|turn|40\n|\n|t:|1699542841\n|move|p1a: Emo futuriste|Encore|p2a: Dondozo\n|-start|p2a: Dondozo|Encore\n|move|p2a: Dondozo|Curse|p2a: Dondozo\n|\n|upkeep\n|turn|41\n|inactive|Aaron MA has 240 seconds left.\n|\n|t:|1699542873\n|move|p1a: Emo futuriste|Moonblast|p2a: Dondozo\n|-resisted|p2a: Dondozo\n|-crit|p2a: Dondozo\n|-damage|p2a: Dondozo|54\/100\n|move|p2a: Dondozo|Curse|p2a: Dondozo\n|\n|upkeep\n|turn|42\n|\n|t:|1699542881\n|move|p1a: Emo futuriste|Moonblast|p2a: Dondozo\n|-resisted|p2a: Dondozo\n|-damage|p2a: Dondozo|39\/100\n|-enditem|p2a: Dondozo|Sitrus Berry|[eat]\n|-heal|p2a: Dondozo|64\/100|[from] item: Sitrus Berry\n|move|p2a: Dondozo|Curse|p2a: Dondozo\n|\n|-end|p2a: Dondozo|Encore\n|upkeep\n|turn|43\n|inactive|Aaron MA has 240 seconds left.\n|\n|t:|1699542897\n|move|p1a: Emo futuriste|Encore|p2a: Dondozo\n|-start|p2a: Dondozo|Encore\n|move|p2a: Dondozo|Curse|p2a: Dondozo\n|\n|upkeep\n|turn|44\n|\n|t:|1699542903\n|move|p1a: Emo futuriste|Moonblast|p2a: Dondozo\n|-resisted|p2a: Dondozo\n|-damage|p2a: Dondozo|49\/100\n|-unboost|p2a: Dondozo|spa|1\n|move|p2a: Dondozo|Curse|p2a: Dondozo\n|\n|upkeep\n|turn|45\n|inactive|Aaron MA has 240 seconds left.\n|\n|t:|1699542912\n|move|p1a: Emo futuriste|Moonblast|p2a: Dondozo\n|-resisted|p2a: Dondozo\n|-damage|p2a: Dondozo|34\/100\n|move|p2a: Dondozo|Curse|p2a: Dondozo\n|\n|-end|p2a: Dondozo|Encore\n|upkeep\n|turn|46\n|\n|t:|1699542921\n|move|p1a: Emo futuriste|Encore|p2a: Dondozo\n|-start|p2a: Dondozo|Encore\n|move|p2a: Dondozo|Curse|p2a: Dondozo\n|\n|upkeep\n|turn|47\n|\n|t:|1699542927\n|move|p1a: Emo futuriste|Moonblast|p2a: Dondozo\n|-resisted|p2a: Dondozo\n|-damage|p2a: Dondozo|20\/100\n|move|p2a: Dondozo|Curse|p2a: Dondozo\n|\n|upkeep\n|turn|48\n|\n|t:|1699542932\n|move|p1a: Emo futuriste|Moonblast|p2a: Dondozo\n|-resisted|p2a: Dondozo\n|-damage|p2a: Dondozo|5\/100\n|move|p2a: Dondozo|Curse|p2a: Dondozo\n|\n|-end|p2a: Dondozo|Encore\n|upkeep\n|turn|49\n|\n|t:|1699542940\n|move|p1a: Emo futuriste|Moonblast|p2a: Dondozo\n|-resisted|p2a: Dondozo\n|-damage|p2a: Dondozo|0 fnt\n|faint|p2a: Dondozo\n|\n|upkeep\n|\n|t:|1699542947\n|switch|p2a: Goodra|Goodra-Hisui, M|28\/100\n|-damage|p2a: Goodra|3\/100|[from] Spikes\n|turn|50\n|\n|t:|1699542953\n|move|p1a: Emo futuriste|Moonblast|p2a: Goodra\n|-damage|p2a: Goodra|0 fnt\n|faint|p2a: Goodra\n|\n|upkeep\n|\n|t:|1699542957\n|switch|p2a: Gliscor|Gliscor, M|100\/100 tox\n|turn|51\n|\n|t:|1699542961\n|move|p1a: Emo futuriste|Moonblast|p2a: Gliscor\n|-damage|p2a: Gliscor|0 fnt\n|faint|p2a: Gliscor\n|\n|win|ImhoPitit\n","uploadtime":1699542971,"views":21,"p1id":"imhopitit","p2id":"aaronma","formatid":"gen9ubers","rating":0,"private":0,"password":""}