{"id":"gen9ubers-1991516030","p1":"Thibonosaure","p2":"Anne Frankkkk","format":"[Gen 9] Ubers","log":"|j|\u2606Thibonosaure\n|j|\u2606Anne Frankkkk\n|t:|1700084091\n|gametype|singles\n|player|p1|Thibonosaure|pokemaniac|1118\n|player|p2|Anne Frankkkk|hilbert|1196\n|teamsize|p1|6\n|teamsize|p2|6\n|gen|9\n|tier|[Gen 9] Ubers\n|rated|\n|rule|Sleep Clause Mod: Limit one foe put to sleep\n|rule|Species Clause: Limit one of each Pok\u00e9mon\n|rule|OHKO Clause: OHKO moves are banned\n|rule|Evasion Items Clause: Evasion items are banned\n|rule|Evasion Moves Clause: Evasion moves are banned\n|rule|Endless Battle Clause: Forcing endless battles is banned\n|rule|HP Percentage Mod: HP is shown in percentages\n|clearpoke\n|poke|p1|Arceus-Steel|\n|poke|p1|Kyogre|\n|poke|p1|Urshifu-*, F|\n|poke|p1|Ursaluna-Bloodmoon, M|\n|poke|p1|Magearna|\n|poke|p1|Ogerpon-Hearthflame, F|\n|poke|p2|Regieleki|\n|poke|p2|Kyogre|\n|poke|p2|Chien-Pao|\n|poke|p2|Ribombee, F|\n|poke|p2|Miraidon|\n|poke|p2|Flutter Mane|\n|teampreview\n|\n|t:|1700084099\n|start\n|switch|p1a: Debilo\u00efd|Arceus-Steel|100\/100\n|switch|p2a: Moonblast|Ribombee, F, shiny|100\/100\n|turn|1\n|\n|t:|1700084108\n|move|p2a: Moonblast|Sticky Web|p1a: Debilo\u00efd\n|-sidestart|p1: Thibonosaure|move: Sticky Web\n|move|p1a: Debilo\u00efd|Thunder Wave|p2a: Moonblast\n|-status|p2a: Moonblast|par\n|\n|upkeep\n|turn|2\n|\n|t:|1700084117\n|move|p1a: Debilo\u00efd|Stealth Rock|p2a: Moonblast\n|-sidestart|p2: Anne Frankkkk|move: Stealth Rock\n|move|p2a: Moonblast|Stun Spore|p1a: Debilo\u00efd\n|-status|p1a: Debilo\u00efd|par\n|\n|upkeep\n|turn|3\n|\n|t:|1700084123\n|cant|p2a: Moonblast|par\n|cant|p1a: Debilo\u00efd|par\n|\n|upkeep\n|turn|4\n|\n|t:|1700084128\n|move|p2a: Moonblast|Bug Buzz|p1a: Debilo\u00efd\n|-resisted|p1a: Debilo\u00efd\n|-damage|p1a: Debilo\u00efd|92\/100 par\n|cant|p1a: Debilo\u00efd|par\n|\n|upkeep\n|turn|5\n|\n|t:|1700084133\n|move|p2a: Moonblast|Bug Buzz|p1a: Debilo\u00efd\n|-resisted|p1a: Debilo\u00efd\n|-damage|p1a: Debilo\u00efd|83\/100 par\n|move|p1a: Debilo\u00efd|Judgment|p2a: Moonblast\n|-supereffective|p2a: Moonblast\n|-enditem|p2a: Moonblast|Focus Sash\n|-damage|p2a: Moonblast|1\/100 par\n|\n|upkeep\n|turn|6\n|\n|t:|1700084141\n|move|p2a: Moonblast|Bug Buzz|p1a: Debilo\u00efd\n|-resisted|p1a: Debilo\u00efd\n|-damage|p1a: Debilo\u00efd|74\/100 par\n|-unboost|p1a: Debilo\u00efd|spd|1\n|move|p1a: Debilo\u00efd|Judgment|p2a: Moonblast\n|-supereffective|p2a: Moonblast\n|-damage|p2a: Moonblast|0 fnt\n|faint|p2a: Moonblast\n|\n|upkeep\n|\n|t:|1700084143\n|switch|p2a: OHKO|Kyogre|100\/100\n|-damage|p2a: OHKO|88\/100|[from] Stealth Rock\n|-weather|RainDance|[from] ability: Drizzle|[of] p2a: OHKO\n|turn|7\n|inactive|Battle timer is ON: inactive players will automatically lose when time's up. (requested by Anne Frankkkk)\n|\n|t:|1700084156\n|-terastallize|p2a: OHKO|Water\n|move|p2a: OHKO|Water Spout|p1a: Debilo\u00efd\n|-damage|p1a: Debilo\u00efd|0 fnt\n|faint|p1a: Debilo\u00efd\n|\n|-weather|RainDance|[upkeep]\n|upkeep\n|\n|t:|1700084170\n|switch|p1a: Choun|Urshifu, F|100\/100\n|-activate|p1a: Choun|move: Sticky Web\n|-unboost|p1a: Choun|spe|1\n|turn|8\n|\n|t:|1700084176\n|move|p1a: Choun|Sucker Punch|p2a: OHKO\n|-damage|p2a: OHKO|21\/100\n|move|p2a: OHKO|Water Spout|p1a: Choun\n|-damage|p1a: Choun|13\/100\n|\n|-weather|RainDance|[upkeep]\n|upkeep\n|turn|9\n|\n|t:|1700084183\n|move|p1a: Choun|Sucker Punch|p2a: OHKO\n|-damage|p2a: OHKO|0 fnt\n|faint|p2a: OHKO\n|\n|-weather|RainDance|[upkeep]\n|upkeep\n|\n|t:|1700084190\n|switch|p2a: Cyber Lizard|Miraidon|100\/100\n|-damage|p2a: Cyber Lizard|88\/100|[from] Stealth Rock\n|-fieldstart|move: Electric Terrain|[from] ability: Hadron Engine|[of] p2a: Cyber Lizard\n|-item|p2a: Cyber Lizard|Air Balloon\n|turn|10\n|\n|t:|1700084199\n|switch|p1a: Petit Ours Brun|Ursaluna-Bloodmoon, M|100\/100\n|-activate|p1a: Petit Ours Brun|move: Sticky Web\n|-unboost|p1a: Petit Ours Brun|spe|1\n|move|p2a: Cyber Lizard|Dragon Pulse|p1a: Petit Ours Brun\n|-damage|p1a: Petit Ours Brun|27\/100\n|\n|-weather|RainDance|[upkeep]\n|-heal|p1a: Petit Ours Brun|33\/100|[from] item: Leftovers\n|upkeep\n|turn|11\n|\n|t:|1700084209\n|move|p1a: Petit Ours Brun|Protect|p1a: Petit Ours Brun\n|-singleturn|p1a: Petit Ours Brun|Protect\n|move|p2a: Cyber Lizard|Dragon Pulse|p1a: Petit Ours Brun\n|-activate|p1a: Petit Ours Brun|move: Protect\n|\n|-weather|none\n|-heal|p1a: Petit Ours Brun|39\/100|[from] item: Leftovers\n|upkeep\n|turn|12\n|\n|t:|1700084217\n|switch|p1a: Tank_Servant|Magearna|100\/100\n|-item|p1a: Tank_Servant|Air Balloon\n|move|p2a: Cyber Lizard|Dragon Pulse|p1a: Tank_Servant\n|-immune|p1a: Tank_Servant\n|\n|upkeep\n|turn|13\n|\n|t:|1700084227\n|move|p2a: Cyber Lizard|Electro Drift|p1a: Tank_Servant\n|-damage|p1a: Tank_Servant|41\/100\n|-enditem|p1a: Tank_Servant|Air Balloon\n|move|p1a: Tank_Servant|Fleur Cannon|p2a: Cyber Lizard\n|-supereffective|p2a: Cyber Lizard\n|-damage|p2a: Cyber Lizard|0 fnt\n|-unboost|p1a: Tank_Servant|spa|2\n|-enditem|p2a: Cyber Lizard|Air Balloon\n|faint|p2a: Cyber Lizard\n|-ability|p1a: Tank_Servant|Soul-Heart|boost\n|-boost|p1a: Tank_Servant|spa|1\n|\n|upkeep\n|\n|t:|1700084235\n|switch|p2a: Regieleki|Regieleki, shiny|100\/100\n|-damage|p2a: Regieleki|88\/100|[from] Stealth Rock\n|turn|14\n|\n|t:|1700084244\n|move|p2a: Regieleki|Rapid Spin|p1a: Tank_Servant\n|-resisted|p1a: Tank_Servant\n|-damage|p1a: Tank_Servant|38\/100\n|-boost|p2a: Regieleki|spe|1\n|-sideend|p2: Anne Frankkkk|Stealth Rock|[from] move: Rapid Spin|[of] p2a: Regieleki\n|move|p1a: Tank_Servant|Rest||[still]\n|-activate|p1a: Tank_Servant|move: Electric Terrain\n|-fail|p1a: Tank_Servant\n|\n|-fieldend|move: Electric Terrain\n|upkeep\n|turn|15\n|\n|t:|1700084255\n|move|p2a: Regieleki|Thunderbolt|p1a: Tank_Servant\n|-damage|p1a: Tank_Servant|0 fnt\n|faint|p1a: Tank_Servant\n|\n|upkeep\n|\n|t:|1700084266\n|switch|p1a: Petit Ours Brun|Ursaluna-Bloodmoon, M|39\/100\n|-activate|p1a: Petit Ours Brun|move: Sticky Web\n|-unboost|p1a: Petit Ours Brun|spe|1\n|turn|16\n|\n|t:|1700084274\n|switch|p2a: Misdreavius|Flutter Mane, shiny|100\/100\n|-enditem|p2a: Misdreavius|Booster Energy\n|-activate|p2a: Misdreavius|ability: Protosynthesis|[fromitem]\n|-start|p2a: Misdreavius|protosynthesisspe\n|move|p1a: Petit Ours Brun|Blood Moon|p2a: Misdreavius\n|-damage|p2a: Misdreavius|10\/100\n|\n|-heal|p1a: Petit Ours Brun|45\/100|[from] item: Leftovers\n|upkeep\n|turn|17\n|\n|t:|1700084288\n|move|p1a: Petit Ours Brun|Protect|p1a: Petit Ours Brun\n|-singleturn|p1a: Petit Ours Brun|Protect\n|move|p2a: Misdreavius|Moonblast|p1a: Petit Ours Brun\n|-activate|p1a: Petit Ours Brun|move: Protect\n|\n|-heal|p1a: Petit Ours Brun|51\/100|[from] item: Leftovers\n|upkeep\n|turn|18\n|\n|t:|1700084295\n|move|p2a: Misdreavius|Moonblast|p1a: Petit Ours Brun\n|-damage|p1a: Petit Ours Brun|0 fnt\n|faint|p1a: Petit Ours Brun\n|\n|upkeep\n|\n|t:|1700084301\n|switch|p1a: MobiDyck|Kyogre, shiny|100\/100\n|-activate|p1a: MobiDyck|move: Sticky Web\n|-unboost|p1a: MobiDyck|spe|1\n|-weather|RainDance|[from] ability: Drizzle|[of] p1a: MobiDyck\n|turn|19\n|\n|t:|1700084307\n|move|p2a: Misdreavius|Moonblast|p1a: MobiDyck\n|-damage|p1a: MobiDyck|65\/100\n|-unboost|p1a: MobiDyck|spa|1\n|move|p1a: MobiDyck|Substitute|p1a: MobiDyck\n|-start|p1a: MobiDyck|Substitute\n|-damage|p1a: MobiDyck|40\/100\n|\n|-weather|RainDance|[upkeep]\n|-heal|p1a: MobiDyck|47\/100|[from] item: Leftovers\n|upkeep\n|turn|20\n|\n|t:|1700084316\n|move|p2a: Misdreavius|Moonblast|p1a: MobiDyck\n|-crit|p1a: MobiDyck\n|-end|p1a: MobiDyck|Substitute\n|move|p1a: MobiDyck|Surf|p2a: Misdreavius\n|-damage|p2a: Misdreavius|0 fnt\n|faint|p2a: Misdreavius\n|-end|p2a: Misdreavius|Protosynthesis|[silent]\n|\n|-weather|RainDance|[upkeep]\n|-heal|p1a: MobiDyck|53\/100|[from] item: Leftovers\n|upkeep\n|\n|t:|1700084321\n|switch|p2a: Regieleki|Regieleki, shiny|88\/100\n|turn|21\n|\n|t:|1700084331\n|switch|p1a: Bouyachaka|Ogerpon-Hearthflame, F|100\/100\n|-activate|p1a: Bouyachaka|move: Sticky Web\n|-unboost|p1a: Bouyachaka|spe|1\n|-ability|p1a: Bouyachaka|Mold Breaker\n|move|p2a: Regieleki|Thunderbolt|p1a: Bouyachaka\n|-resisted|p1a: Bouyachaka\n|-damage|p1a: Bouyachaka|68\/100\n|\n|-weather|RainDance|[upkeep]\n|upkeep\n|turn|22\n|\n|t:|1700084344\n|-terastallize|p1a: Bouyachaka|Fire\n|detailschange|p1a: Bouyachaka|Ogerpon-Hearthflame-Tera, F, tera:Fire\n|-ability|p1a: Bouyachaka|Embody Aspect (Hearthflame)|boost\n|-boost|p1a: Bouyachaka|atk|1\n|move|p2a: Regieleki|Thunderbolt|p1a: Bouyachaka\n|-damage|p1a: Bouyachaka|3\/100\n|move|p1a: Bouyachaka|Ivy Cudgel|p2a: Regieleki|[anim] Ivy Cudgel Fire\n|-damage|p2a: Regieleki|0 fnt\n|faint|p2a: Regieleki\n|\n|-weather|RainDance|[upkeep]\n|upkeep\n|\n|t:|1700084352\n|switch|p2a: Ice Cat|Chien-Pao|100\/100\n|-ability|p2a: Ice Cat|Sword of Ruin\n|turn|23\n|\n|t:|1700084359\n|move|p2a: Ice Cat|Swords Dance|p2a: Ice Cat\n|-boost|p2a: Ice Cat|atk|2\n|move|p1a: Bouyachaka|Ivy Cudgel|p2a: Ice Cat|[anim] Ivy Cudgel Fire\n|-supereffective|p2a: Ice Cat\n|-enditem|p2a: Ice Cat|Focus Sash\n|-damage|p2a: Ice Cat|1\/100\n|\n|-weather|none\n|upkeep\n|turn|24\n|\n|t:|1700084370\n|move|p2a: Ice Cat|Ice Spinner|p1a: Bouyachaka\n|-resisted|p1a: Bouyachaka\n|-damage|p1a: Bouyachaka|0 fnt\n|faint|p1a: Bouyachaka\n|\n|upkeep\n|\n|t:|1700084375\n|switch|p1a: Choun|Urshifu, F|13\/100\n|-activate|p1a: Choun|move: Sticky Web\n|-unboost|p1a: Choun|spe|1\n|turn|25\n|\n|t:|1700084379\n|move|p2a: Ice Cat|Sucker Punch|p1a: Choun\n|-resisted|p1a: Choun\n|-damage|p1a: Choun|0 fnt\n|faint|p1a: Choun\n|\n|upkeep\n|\n|t:|1700084385\n|switch|p1a: MobiDyck|Kyogre, shiny|53\/100\n|-activate|p1a: MobiDyck|move: Sticky Web\n|-unboost|p1a: MobiDyck|spe|1\n|-weather|RainDance|[from] ability: Drizzle|[of] p1a: MobiDyck\n|turn|26\n|\n|t:|1700084390\n|move|p2a: Ice Cat|Sucker Punch|p1a: MobiDyck\n|-damage|p1a: MobiDyck|0 fnt\n|faint|p1a: MobiDyck\n|\n|win|Anne Frankkkk\n|raw|Thibonosaure's rating: 1118 &rarr; <strong>1099<\/strong><br \/>(-19 for losing)\n|raw|Anne Frankkkk's rating: 1196 &rarr; <strong>1215<\/strong><br \/>(+19 for winning)\n","uploadtime":1700084402,"views":6,"p1id":"thibonosaure","p2id":"annefrankkkk","formatid":"gen9ubers","rating":1099,"private":0,"password":""}