{"id":"gen9ubers-1982171717","p1":"ChiefBlueScreen","p2":"Yardrok","format":"[Gen 9] Ubers","log":"|j|\u2606ChiefBlueScreen\n|j|\u2606Yardrok\n|t:|1698975319\n|gametype|singles\n|player|p1|ChiefBlueScreen|scientist-gen4dp|\n|player|p2|Yardrok|doctor|\n|teamsize|p1|6\n|teamsize|p2|6\n|gen|9\n|tier|[Gen 9] Ubers\n|rule|Sleep Clause Mod: Limit one foe put to sleep\n|rule|Species Clause: Limit one of each Pok\u00e9mon\n|rule|OHKO Clause: OHKO moves are banned\n|rule|Evasion Items Clause: Evasion items are banned\n|rule|Evasion Moves Clause: Evasion moves are banned\n|rule|Endless Battle Clause: Forcing endless battles is banned\n|rule|HP Percentage Mod: HP is shown in percentages\n|clearpoke\n|poke|p1|Roaring Moon|\n|poke|p1|Jumpluff, F|\n|poke|p1|Great Tusk|\n|poke|p1|Shiftry, M|\n|poke|p1|Drednaw, M|\n|poke|p1|Infernape, M|\n|poke|p2|Samurott-Hisui, M|\n|poke|p2|Muk, M|\n|poke|p2|Golduck, M|\n|poke|p2|Pelipper, M|\n|poke|p2|Electrode-Hisui|\n|poke|p2|Gliscor, M|\n|teampreview\n|inactive|Battle timer is ON: inactive players will automatically lose when time's up. (requested by Yardrok)\n|inactiveoff|Battle timer is now OFF.\n|\n|t:|1698975379\n|start\n|switch|p1a: Rock That Body|Shiftry, M, shiny|100\/100\n|switch|p2a: Electrode|Electrode-Hisui|100\/100\n|turn|1\n|\n|t:|1698975385\n|move|p2a: Electrode|Volt Switch|p1a: Rock That Body\n|-resisted|p1a: Rock That Body\n|-damage|p1a: Rock That Body|79\/100\n|\n|t:|1698975393\n|switch|p2a: Gliscor|Gliscor, M|100\/100|[from] Volt Switch\n|move|p1a: Rock That Body|Tailwind|p1a: Rock That Body\n|-sidestart|p1: ChiefBlueScreen|move: Tailwind\n|-ability|p1a: Rock That Body|Wind Rider|boost\n|-boost|p1a: Rock That Body|atk|1\n|\n|-status|p2a: Gliscor|tox|[from] item: Toxic Orb\n|upkeep\n|turn|2\n|\n|t:|1698975417\n|switch|p1a: Quad City DJ|Great Tusk|100\/100\n|-enditem|p1a: Quad City DJ|Booster Energy\n|-activate|p1a: Quad City DJ|ability: Protosynthesis|[fromitem]\n|-start|p1a: Quad City DJ|protosynthesisatk\n|move|p2a: Gliscor|Toxic Spikes|p1a: Quad City DJ\n|-sidestart|p1: ChiefBlueScreen|move: Toxic Spikes\n|\n|upkeep\n|turn|3\n|\n|t:|1698975428\n|switch|p2a: Pelipper|Pelipper, M|100\/100\n|-weather|RainDance|[from] ability: Drizzle|[of] p2a: Pelipper\n|move|p1a: Quad City DJ|Rapid Spin|p2a: Pelipper\n|-damage|p2a: Pelipper|84\/100\n|-boost|p1a: Quad City DJ|spe|1\n|-sideend|p1: ChiefBlueScreen|Toxic Spikes|[from] move: Rapid Spin|[of] p1a: Quad City DJ\n|\n|-weather|RainDance|[upkeep]\n|upkeep\n|turn|4\n|\n|t:|1698975443\n|-end|p1a: Quad City DJ|Protosynthesis|[silent]\n|switch|p1a: Overtime|Drednaw, M|100\/100\n|move|p2a: Pelipper|U-turn|p1a: Overtime\n|-damage|p1a: Overtime|92\/100\n|\n|t:|1698975456\n|switch|p2a: Golduck|Golduck, M|100\/100|[from] U-turn\n|\n|-weather|RainDance|[upkeep]\n|-heal|p1a: Overtime|98\/100|[from] item: Leftovers\n|-sideend|p1: ChiefBlueScreen|move: Tailwind\n|upkeep\n|turn|5\n|j| LiquidPlazmid77\n|\n|t:|1698975476\n|move|p2a: Golduck|Surf|p1a: Overtime\n|-damage|p1a: Overtime|0 fnt\n|faint|p1a: Overtime\n|-damage|p2a: Golduck|91\/100|[from] item: Life Orb\n|\n|-weather|RainDance|[upkeep]\n|upkeep\n|\n|t:|1698975489\n|switch|p1a: Rock That Body|Shiftry, M, shiny|79\/100\n|turn|6\n|\n|t:|1698975500\n|move|p2a: Golduck|Ice Beam|p1a: Rock That Body\n|-supereffective|p1a: Rock That Body\n|-damage|p1a: Rock That Body|0 fnt\n|faint|p1a: Rock That Body\n|-damage|p2a: Golduck|81\/100|[from] item: Life Orb\n|\n|-weather|RainDance|[upkeep]\n|upkeep\n|\n|t:|1698975507\n|switch|p1a: Thank you Ma'am|Jumpluff, F, shiny|100\/100\n|turn|7\n|\n|t:|1698975510\n|move|p2a: Golduck|Ice Beam|p1a: Thank you Ma'am\n|-supereffective|p1a: Thank you Ma'am\n|-damage|p1a: Thank you Ma'am|0 fnt\n|faint|p1a: Thank you Ma'am\n|-damage|p2a: Golduck|71\/100|[from] item: Life Orb\n|\n|-weather|none\n|upkeep\n|\n|t:|1698975529\n|switch|p1a: Slam Jam|Roaring Moon|100\/100\n|-enditem|p1a: Slam Jam|Booster Energy\n|-activate|p1a: Slam Jam|ability: Protosynthesis|[fromitem]\n|-start|p1a: Slam Jam|protosynthesisspe\n|turn|8\n|\n|t:|1698975541\n|switch|p2a: Electrode|Electrode-Hisui|100\/100\n|move|p1a: Slam Jam|Knock Off|p2a: Electrode\n|-damage|p2a: Electrode|23\/100\n|-status|p1a: Slam Jam|par|[from] ability: Static|[of] p2a: Electrode\n|-enditem|p2a: Electrode|Heavy-Duty Boots|[from] move: Knock Off|[of] p1a: Slam Jam\n|\n|upkeep\n|turn|9\n|\n|t:|1698975552\n|-terastallize|p2a: Electrode|Fairy\n|move|p2a: Electrode|Tera Blast|p1a: Slam Jam|[anim] Tera Blast Fairy\n|-supereffective|p1a: Slam Jam\n|-damage|p1a: Slam Jam|0 fnt\n|faint|p1a: Slam Jam\n|-end|p1a: Slam Jam|Protosynthesis|[silent]\n|\n|upkeep\n|\n|t:|1698975558\n|switch|p1a: Quad City DJ|Great Tusk|100\/100\n|turn|10\n|\n|t:|1698975569\n|switch|p2a: Pelipper|Pelipper, M|84\/100\n|-weather|RainDance|[from] ability: Drizzle|[of] p2a: Pelipper\n|move|p1a: Quad City DJ|Megahorn|p2a: Pelipper\n|-resisted|p2a: Pelipper\n|-damage|p2a: Pelipper|69\/100\n|\n|-weather|RainDance|[upkeep]\n|upkeep\n|turn|11\n|\n|t:|1698975611\n|move|p1a: Quad City DJ|Close Combat|p2a: Pelipper\n|-resisted|p2a: Pelipper\n|-damage|p2a: Pelipper|43\/100\n|-unboost|p1a: Quad City DJ|def|1\n|-unboost|p1a: Quad City DJ|spd|1\n|move|p2a: Pelipper|Hurricane|p1a: Quad City DJ\n|-supereffective|p1a: Quad City DJ\n|-damage|p1a: Quad City DJ|0 fnt\n|faint|p1a: Quad City DJ\n|-end|p1a: Quad City DJ|Protosynthesis|[silent]\n|\n|-weather|RainDance|[upkeep]\n|upkeep\n|\n|t:|1698975619\n|switch|p1a: Burn it Up|Infernape, M, shiny|100\/100\n|turn|12\n|\n|t:|1698975623\n|switch|p2a: Muk|Muk, M|100\/100\n|move|p1a: Burn it Up|Thunder Punch|p2a: Muk\n|-damage|p2a: Muk|66\/100\n|\n|-weather|RainDance|[upkeep]\n|upkeep\n|turn|13\n|\n|t:|1698975632\n|move|p1a: Burn it Up|Thunder Punch|p2a: Muk\n|-damage|p2a: Muk|32\/100\n|move|p2a: Muk|Sludge Bomb|p1a: Burn it Up\n|-damage|p1a: Burn it Up|56\/100\n|-status|p1a: Burn it Up|psn\n|\n|-weather|RainDance|[upkeep]\n|-damage|p1a: Burn it Up|44\/100 psn|[from] psn\n|upkeep\n|turn|14\n|\n|t:|1698975640\n|switch|p2a: Gliscor|Gliscor, M|100\/100 tox\n|move|p1a: Burn it Up|Thunder Punch|p2a: Gliscor\n|-immune|p2a: Gliscor\n|\n|-weather|none\n|-damage|p1a: Burn it Up|32\/100 psn|[from] psn\n|upkeep\n|turn|15\n|-message|ChiefBlueScreen forfeited.\n|\n|win|Yardrok\n|l|\u2606ChiefBlueScreen\n|l| LiquidPlazmid77\n","uploadtime":1698975820,"views":4,"p1id":"chiefbluescreen","p2id":"yardrok","formatid":"gen9ubers","rating":0,"private":0,"password":""}