{"id":"gen9ubers-1995066090","p1":"Thiago artista","p2":"Anne Frankkkk","format":"[Gen 9] Ubers","log":"|j|\u2606Thiago artista\n|j|\u2606Anne Frankkkk\n|t:|1700518850\n|gametype|singles\n|player|p1|Thiago artista|265|1105\n|player|p2|Anne Frankkkk|hilbert|1241\n|teamsize|p1|6\n|teamsize|p2|6\n|gen|9\n|tier|[Gen 9] Ubers\n|rated|\n|rule|Sleep Clause Mod: Limit one foe put to sleep\n|rule|Species Clause: Limit one of each Pok\u00e9mon\n|rule|OHKO Clause: OHKO moves are banned\n|rule|Evasion Items Clause: Evasion items are banned\n|rule|Evasion Moves Clause: Evasion moves are banned\n|rule|Endless Battle Clause: Forcing endless battles is banned\n|rule|HP Percentage Mod: HP is shown in percentages\n|clearpoke\n|poke|p1|Altaria, F|\n|poke|p1|Baxcalibur, M|\n|poke|p1|Miraidon|\n|poke|p1|Goodra-Hisui, F|\n|poke|p1|Noivern, F|\n|poke|p1|Tatsugiri, F|\n|poke|p2|Regieleki|\n|poke|p2|Kyogre|\n|poke|p2|Chien-Pao|\n|poke|p2|Ribombee, M|\n|poke|p2|Miraidon|\n|poke|p2|Flutter Mane|\n|teampreview\n|inactive|Battle timer is ON: inactive players will automatically lose when time's up. (requested by Anne Frankkkk)\n|\n|t:|1700518857\n|start\n|switch|p1a: Baxcalibur|Baxcalibur, M|100\/100\n|switch|p2a: Moonblast|Ribombee, M, shiny|100\/100\n|turn|1\n|\n|t:|1700518865\n|move|p2a: Moonblast|Sticky Web|p1a: Baxcalibur\n|-sidestart|p1: Thiago artista|move: Sticky Web\n|move|p1a: Baxcalibur|Icicle Crash|p2a: Moonblast\n|-enditem|p2a: Moonblast|Focus Sash\n|-damage|p2a: Moonblast|1\/100\n|\n|upkeep\n|turn|2\n|\n|t:|1700518872\n|move|p2a: Moonblast|Moonblast|p1a: Baxcalibur\n|-supereffective|p1a: Baxcalibur\n|-damage|p1a: Baxcalibur|17\/100\n|-unboost|p1a: Baxcalibur|spa|1\n|move|p1a: Baxcalibur|Dragon Dance|p1a: Baxcalibur\n|-boost|p1a: Baxcalibur|atk|1\n|-boost|p1a: Baxcalibur|spe|1\n|\n|upkeep\n|turn|3\n|\n|t:|1700518882\n|move|p1a: Baxcalibur|Icicle Crash|p2a: Moonblast\n|-damage|p2a: Moonblast|0 fnt\n|faint|p2a: Moonblast\n|\n|upkeep\n|\n|t:|1700518895\n|switch|p2a: Bzzzzt|Regieleki, shiny|100\/100\n|turn|4\n|\n|t:|1700518901\n|move|p2a: Bzzzzt|Thunderbolt|p1a: Baxcalibur\n|-resisted|p1a: Baxcalibur\n|-damage|p1a: Baxcalibur|0 fnt\n|faint|p1a: Baxcalibur\n|\n|upkeep\n|\n|t:|1700518909\n|switch|p1a: Miraidon|Miraidon|100\/100\n|-fieldstart|move: Electric Terrain|[from] ability: Hadron Engine|[of] p1a: Miraidon\n|turn|5\n|\n|t:|1700518932\n|move|p2a: Bzzzzt|Volt Switch|p1a: Miraidon\n|-resisted|p1a: Miraidon\n|-damage|p1a: Miraidon|86\/100\n|\n|t:|1700518937\n|switch|p2a: Misdreavius|Flutter Mane, shiny|100\/100|[from] Volt Switch\n|-enditem|p2a: Misdreavius|Booster Energy\n|-activate|p2a: Misdreavius|ability: Protosynthesis|[fromitem]\n|-start|p2a: Misdreavius|protosynthesisspe\n|move|p1a: Miraidon|Draco Meteor|p2a: Misdreavius\n|-immune|p2a: Misdreavius\n|\n|upkeep\n|turn|6\n|\n|t:|1700518947\n|-terastallize|p1a: Miraidon|Electric\n|move|p2a: Misdreavius|Moonblast|p1a: Miraidon\n|-damage|p1a: Miraidon|38\/100\n|-unboost|p1a: Miraidon|spa|1\n|move|p1a: Miraidon|Electro Drift|p2a: Misdreavius\n|-damage|p2a: Misdreavius|24\/100\n|\n|upkeep\n|turn|7\n|\n|t:|1700518961\n|switch|p1a: Goodra|Goodra-Hisui, F|100\/100\n|-activate|p1a: Goodra|move: Sticky Web\n|-unboost|p1a: Goodra|spe|1\n|move|p2a: Misdreavius|Moonblast|p1a: Goodra\n|-damage|p1a: Goodra|64\/100\n|\n|-heal|p1a: Goodra|70\/100|[from] item: Leftovers\n|upkeep\n|turn|8\n|\n|t:|1700518971\n|move|p2a: Misdreavius|Moonblast|p1a: Goodra\n|-damage|p1a: Goodra|37\/100\n|move|p1a: Goodra|Flash Cannon|p2a: Misdreavius\n|-supereffective|p2a: Misdreavius\n|-damage|p2a: Misdreavius|0 fnt\n|faint|p2a: Misdreavius\n|-end|p2a: Misdreavius|Protosynthesis|[silent]\n|\n|-heal|p1a: Goodra|43\/100|[from] item: Leftovers\n|upkeep\n|\n|t:|1700518982\n|switch|p2a: Ice Cat|Chien-Pao|100\/100\n|-ability|p2a: Ice Cat|Sword of Ruin\n|turn|9\n|\n|t:|1700518990\n|move|p2a: Ice Cat|Swords Dance|p2a: Ice Cat\n|-boost|p2a: Ice Cat|atk|2\n|move|p1a: Goodra|Flash Cannon|p2a: Ice Cat\n|-supereffective|p2a: Ice Cat\n|-enditem|p2a: Ice Cat|Focus Sash\n|-damage|p2a: Ice Cat|1\/100\n|\n|-heal|p1a: Goodra|49\/100|[from] item: Leftovers\n|-fieldend|move: Electric Terrain\n|upkeep\n|turn|10\n|\n|t:|1700519000\n|move|p2a: Ice Cat|Sacred Sword|p1a: Goodra\n|-supereffective|p1a: Goodra\n|-damage|p1a: Goodra|0 fnt\n|faint|p1a: Goodra\n|\n|upkeep\n|\n|t:|1700519006\n|switch|p1a: Miraidon|Miraidon, tera:Electric|38\/100\n|-fieldstart|move: Electric Terrain|[from] ability: Hadron Engine|[of] p1a: Miraidon\n|turn|11\n|\n|t:|1700519012\n|move|p2a: Ice Cat|Sucker Punch|p1a: Miraidon\n|-damage|p1a: Miraidon|0 fnt\n|faint|p1a: Miraidon\n|\n|upkeep\n|\n|t:|1700519017\n|switch|p1a: Tatsugiri|Tatsugiri, F|100\/100\n|turn|12\n|\n|t:|1700519024\n|move|p2a: Ice Cat|Ice Spinner|p1a: Tatsugiri\n|-damage|p1a: Tatsugiri|0 fnt\n|-fieldend|move: Electric Terrain\n|faint|p1a: Tatsugiri\n|\n|upkeep\n|-message|Thiago artista forfeited.\n|\n|win|Anne Frankkkk\n|raw|Thiago artista's rating: 1105 &rarr; <strong>1089<\/strong><br \/>(-16 for losing)\n|raw|Anne Frankkkk's rating: 1241 &rarr; <strong>1257<\/strong><br \/>(+16 for winning)\n|l|\u2606Thiago artista\n","uploadtime":1700519032,"views":1,"p1id":"thiagoartista","p2id":"annefrankkkk","formatid":"gen9ubers","rating":1089,"private":0,"password":""}