{"id":"gen9ubers-1968265817","p1":"vespyyy","p2":"XpokVEVO","format":"[Gen 9] Ubers","log":"|j|\u2606vespyyy\n|j|\u2606XpokVEVO\n|t:|1697400470\n|gametype|singles\n|player|p1|vespyyy|juggler|\n|player|p2|XpokVEVO|marshal|\n|teamsize|p1|6\n|teamsize|p2|6\n|gen|9\n|tier|[Gen 9] Ubers\n|rule|Sleep Clause Mod: Limit one foe put to sleep\n|rule|Species Clause: Limit one of each Pok\u00e9mon\n|rule|OHKO Clause: OHKO moves are banned\n|rule|Evasion Items Clause: Evasion items are banned\n|rule|Evasion Moves Clause: Evasion moves are banned\n|rule|Endless Battle Clause: Forcing endless battles is banned\n|rule|HP Percentage Mod: HP is shown in percentages\n|clearpoke\n|poke|p1|Arceus-Dark|\n|poke|p1|Dondozo, F|\n|poke|p1|Blissey, F|\n|poke|p1|Cresselia, F|\n|poke|p1|Giratina|\n|poke|p1|Zacian-*|\n|poke|p2|Arceus-Fire|\n|poke|p2|Shaymin-Sky|\n|poke|p2|Palkia-Origin|\n|poke|p2|Cyclizar, M|\n|poke|p2|Espathra, M|\n|poke|p2|Magearna|\n|teampreview\n|\n|t:|1697400486\n|start\n|switch|p1a: Zacian|Zacian, shiny|100\/100\n|switch|p2a: Arceus-Fight\u0131ng|Arceus-Fire, shiny|100\/100\n|-ability|p1a: Zacian|Intrepid Sword|boost\n|-boost|p1a: Zacian|atk|1\n|turn|1\n|\n|t:|1697400490\n|-terastallize|p2a: Arceus-Fight\u0131ng|Fairy\n|move|p1a: Zacian|Swords Dance|p1a: Zacian\n|-boost|p1a: Zacian|atk|2\n|move|p2a: Arceus-Fight\u0131ng|Dragon Dance|p2a: Arceus-Fight\u0131ng\n|-boost|p2a: Arceus-Fight\u0131ng|atk|1\n|-boost|p2a: Arceus-Fight\u0131ng|spe|1\n|\n|upkeep\n|turn|2\n|\n|t:|1697400496\n|switch|p1a: Dondozo|Dondozo, F|100\/100\n|move|p2a: Arceus-Fight\u0131ng|Flare Blitz|p1a: Dondozo\n|-resisted|p1a: Dondozo\n|-damage|p1a: Dondozo|86\/100\n|-damage|p2a: Arceus-Fight\u0131ng|94\/100|[from] Recoil\n|\n|upkeep\n|turn|3\n|\n|t:|1697400499\n|switch|p2a: Shaymin|Shaymin-Sky, shiny|100\/100\n|move|p1a: Dondozo|Liquidation|p2a: Shaymin\n|-resisted|p2a: Shaymin\n|-damage|p2a: Shaymin|81\/100\n|\n|upkeep\n|turn|4\n|\n|t:|1697400501\n|switch|p1a: Blissey|Blissey, F|100\/100\n|move|p2a: Shaymin|Seed Flare|p1a: Blissey\n|-damage|p1a: Blissey|79\/100\n|-unboost|p1a: Blissey|spd|2\n|-damage|p2a: Shaymin|71\/100|[from] item: Life Orb\n|\n|upkeep\n|turn|5\n|\n|t:|1697400504\n|switch|p1a: Giratina|Giratina|100\/100\n|-ability|p1a: Giratina|Pressure\n|move|p2a: Shaymin|Seed Flare|p1a: Giratina\n|-resisted|p1a: Giratina\n|-damage|p1a: Giratina|79\/100\n|-unboost|p1a: Giratina|spd|2\n|-damage|p2a: Shaymin|61\/100|[from] item: Life Orb\n|\n|upkeep\n|turn|6\n|\n|t:|1697400510\n|switch|p1a: Blissey|Blissey, F|79\/100\n|move|p2a: Shaymin|Seed Flare|p1a: Blissey\n|-damage|p1a: Blissey|58\/100\n|-unboost|p1a: Blissey|spd|2\n|-damage|p2a: Shaymin|51\/100|[from] item: Life Orb\n|\n|upkeep\n|turn|7\n|\n|t:|1697400521\n|switch|p2a: Espathra|Espathra, M|100\/100\n|switch|p1a: Zacian|Zacian, shiny|100\/100\n|\n|upkeep\n|turn|8\n|\n|t:|1697400524\n|move|p1a: Zacian|Swords Dance|p1a: Zacian\n|-boost|p1a: Zacian|atk|2\n|move|p2a: Espathra|Calm Mind|p2a: Espathra\n|-boost|p2a: Espathra|spa|1\n|-boost|p2a: Espathra|spd|1\n|\n|-ability|p2a: Espathra|Speed Boost|boost\n|-boost|p2a: Espathra|spe|1\n|upkeep\n|turn|9\n|\n|t:|1697400533\n|move|p2a: Espathra|Protect|p2a: Espathra\n|-singleturn|p2a: Espathra|Protect\n|move|p1a: Zacian|Play Rough|p2a: Espathra\n|-activate|p2a: Espathra|move: Protect\n|\n|-ability|p2a: Espathra|Speed Boost|boost\n|-boost|p2a: Espathra|spe|1\n|upkeep\n|turn|10\n|\n|t:|1697400536\n|move|p2a: Espathra|Stored Power|p1a: Zacian\n|-damage|p1a: Zacian|31\/100\n|move|p1a: Zacian|Play Rough|p2a: Espathra\n|-enditem|p2a: Espathra|Focus Sash\n|-damage|p2a: Espathra|1\/100\n|\n|-ability|p2a: Espathra|Speed Boost|boost\n|-boost|p2a: Espathra|spe|1\n|upkeep\n|turn|11\n|\n|t:|1697400551\n|switch|p1a: Giratina|Giratina|79\/100\n|-ability|p1a: Giratina|Pressure\n|move|p2a: Espathra|Stored Power|p1a: Giratina\n|-damage|p1a: Giratina|25\/100\n|\n|-ability|p2a: Espathra|Speed Boost|boost\n|-boost|p2a: Espathra|spe|1\n|upkeep\n|turn|12\n|\n|t:|1697400556\n|move|p2a: Espathra|Stored Power|p1a: Giratina\n|-damage|p1a: Giratina|0 fnt\n|faint|p1a: Giratina\n|\n|-ability|p2a: Espathra|Speed Boost|boost\n|-boost|p2a: Espathra|spe|1\n|upkeep\n|\n|t:|1697400559\n|switch|p1a: Arceus|Arceus-Dark|100\/100\n|turn|13\n|\n|t:|1697400563\n|move|p2a: Espathra|Tera Blast|p1a: Arceus\n|-damage|p1a: Arceus|74\/100\n|move|p1a: Arceus|Foul Play|p2a: Espathra\n|-supereffective|p2a: Espathra\n|-damage|p2a: Espathra|0 fnt\n|faint|p2a: Espathra\n|\n|upkeep\n|\n|t:|1697400576\n|switch|p2a: Magearna|Magearna|100\/100\n|turn|14\n|\n|t:|1697400583\n|-terastallize|p1a: Arceus|Poison\n|move|p1a: Arceus|Taunt|p2a: Magearna\n|-start|p2a: Magearna|move: Taunt\n|cant|p2a: Magearna|move: Taunt|Shift Gear\n|\n|upkeep\n|turn|15\n|\n|t:|1697400587\n|move|p1a: Arceus|Recover|p1a: Arceus\n|-heal|p1a: Arceus|100\/100\n|move|p2a: Magearna|Flash Cannon|p1a: Arceus\n|-damage|p1a: Arceus|59\/100\n|-damage|p2a: Magearna|91\/100|[from] item: Life Orb\n|\n|upkeep\n|turn|16\n|\n|t:|1697400593\n|move|p1a: Arceus|Will-O-Wisp|p2a: Magearna\n|-status|p2a: Magearna|brn\n|move|p2a: Magearna|Flash Cannon|p1a: Arceus\n|-damage|p1a: Arceus|21\/100\n|-damage|p2a: Magearna|81\/100 brn|[from] item: Life Orb\n|\n|-damage|p2a: Magearna|75\/100 brn|[from] brn\n|-end|p2a: Magearna|move: Taunt\n|upkeep\n|turn|17\n|\n|t:|1697400598\n|move|p1a: Arceus|Recover|p1a: Arceus\n|-heal|p1a: Arceus|71\/100\n|move|p2a: Magearna|Flash Cannon|p1a: Arceus\n|-damage|p1a: Arceus|35\/100\n|-unboost|p1a: Arceus|spd|1\n|-damage|p2a: Magearna|65\/100 brn|[from] item: Life Orb\n|\n|-damage|p2a: Magearna|59\/100 brn|[from] brn\n|upkeep\n|turn|18\n|\n|t:|1697400604\n|switch|p1a: Cresselia|Cresselia, F|100\/100\n|move|p2a: Magearna|Shift Gear|p2a: Magearna\n|-boost|p2a: Magearna|spe|2\n|-boost|p2a: Magearna|atk|1\n|\n|-damage|p2a: Magearna|53\/100 brn|[from] brn\n|upkeep\n|turn|19\n|\n|t:|1697400612\n|move|p2a: Magearna|Fleur Cannon|p1a: Cresselia\n|-damage|p1a: Cresselia|37\/100\n|-unboost|p2a: Magearna|spa|2\n|-damage|p2a: Magearna|43\/100 brn|[from] item: Life Orb\n|move|p1a: Cresselia|Calm Mind|p1a: Cresselia\n|-boost|p1a: Cresselia|spa|1\n|-boost|p1a: Cresselia|spd|1\n|\n|-heal|p1a: Cresselia|43\/100|[from] item: Leftovers\n|-damage|p2a: Magearna|37\/100 brn|[from] brn\n|upkeep\n|turn|20\n|\n|t:|1697400619\n|switch|p2a: Cyclizar|Cyclizar, M|100\/100\n|move|p1a: Cresselia|Moonlight|p1a: Cresselia\n|-heal|p1a: Cresselia|93\/100\n|\n|-heal|p1a: Cresselia|99\/100|[from] item: Leftovers\n|upkeep\n|turn|21\n|\n|t:|1697400621\n|move|p2a: Cyclizar|Taunt|p1a: Cresselia\n|-start|p1a: Cresselia|move: Taunt\n|move|p1a: Cresselia|Moonblast|p2a: Cyclizar\n|-supereffective|p2a: Cyclizar\n|-damage|p2a: Cyclizar|27\/100\n|\n|-heal|p1a: Cresselia|100\/100|[from] item: Leftovers\n|upkeep\n|turn|22\n|\n|t:|1697400624\n|move|p2a: Cyclizar|Knock Off|p1a: Cresselia\n|-supereffective|p1a: Cresselia\n|-damage|p1a: Cresselia|78\/100\n|-enditem|p1a: Cresselia|Leftovers|[from] move: Knock Off|[of] p2a: Cyclizar\n|move|p1a: Cresselia|Stored Power|p2a: Cyclizar\n|-damage|p2a: Cyclizar|0 fnt\n|faint|p2a: Cyclizar\n|\n|upkeep\n|\n|t:|1697400634\n|switch|p2a: Arceus-Fight\u0131ng|Arceus-Fire, shiny, tera:Fairy|94\/100\n|turn|23\n|\n|t:|1697400641\n|switch|p1a: Dondozo|Dondozo, F|86\/100\n|move|p2a: Arceus-Fight\u0131ng|Dragon Dance|p2a: Arceus-Fight\u0131ng\n|-boost|p2a: Arceus-Fight\u0131ng|atk|1\n|-boost|p2a: Arceus-Fight\u0131ng|spe|1\n|\n|upkeep\n|turn|24\n|\n|t:|1697400645\n|switch|p2a: Palkia|Palkia-Origin|100\/100\n|-ability|p2a: Palkia|Pressure\n|move|p1a: Dondozo|Liquidation|p2a: Palkia\n|-resisted|p2a: Palkia\n|-damage|p2a: Palkia|92\/100\n|\n|upkeep\n|turn|25\n|\n|t:|1697400648\n|switch|p1a: Blissey|Blissey, F|58\/100\n|move|p2a: Palkia|Thunder Wave|p1a: Blissey\n|-status|p1a: Blissey|par\n|\n|upkeep\n|turn|26\n|\n|t:|1697400653\n|move|p2a: Palkia|Hydro Pump|p1a: Blissey|[miss]\n|-miss|p2a: Palkia|p1a: Blissey\n|move|p1a: Blissey|Soft-Boiled|p1a: Blissey\n|-heal|p1a: Blissey|100\/100 par\n|\n|upkeep\n|turn|27\n|\n|t:|1697400656\n|switch|p2a: Magearna|Magearna|37\/100 brn\n|move|p1a: Blissey|Heal Bell|p1a: Blissey\n|-activate|p1a: Blissey|move: Heal Bell\n|-curestatus|p1a: Blissey|par|[msg]\n|\n|-damage|p2a: Magearna|31\/100 brn|[from] brn\n|upkeep\n|turn|28\n|\n|t:|1697400658\n|move|p2a: Magearna|Draining Kiss|p1a: Blissey\n|-damage|p1a: Blissey|89\/100\n|-heal|p2a: Magearna|51\/100 brn|[from] drain|[of] p1a: Blissey\n|-damage|p2a: Magearna|42\/100 brn|[from] item: Life Orb\n|move|p1a: Blissey|Seismic Toss|p2a: Magearna\n|-damage|p2a: Magearna|8\/100 brn\n|\n|-damage|p2a: Magearna|2\/100 brn|[from] brn\n|upkeep\n|turn|29\n|\n|t:|1697400662\n|move|p2a: Magearna|Draining Kiss|p1a: Blissey\n|-damage|p1a: Blissey|78\/100\n|-heal|p2a: Magearna|22\/100 brn|[from] drain|[of] p1a: Blissey\n|-damage|p2a: Magearna|12\/100 brn|[from] item: Life Orb\n|move|p1a: Blissey|Stealth Rock|p2a: Magearna\n|-sidestart|p2: XpokVEVO|move: Stealth Rock\n|\n|-damage|p2a: Magearna|6\/100 brn|[from] brn\n|upkeep\n|turn|30\n|\n|t:|1697400665\n|move|p2a: Magearna|Draining Kiss|p1a: Blissey\n|-damage|p1a: Blissey|68\/100\n|-heal|p2a: Magearna|24\/100 brn|[from] drain|[of] p1a: Blissey\n|-damage|p2a: Magearna|14\/100 brn|[from] item: Life Orb\n|move|p1a: Blissey|Seismic Toss|p2a: Magearna\n|-damage|p2a: Magearna|0 fnt\n|faint|p2a: Magearna\n|\n|upkeep\n|\n|t:|1697400670\n|switch|p2a: Arceus-Fight\u0131ng|Arceus-Fire, shiny, tera:Fairy|94\/100\n|-damage|p2a: Arceus-Fight\u0131ng|82\/100|[from] Stealth Rock\n|turn|31\n|\n|t:|1697400674\n|switch|p1a: Dondozo|Dondozo, F|86\/100\n|move|p2a: Arceus-Fight\u0131ng|Tera Blast|p1a: Dondozo|[anim] Tera Blast Fairy\n|-damage|p1a: Dondozo|68\/100\n|\n|upkeep\n|turn|32\n|\n|t:|1697400679\n|move|p2a: Arceus-Fight\u0131ng|Dragon Dance|p2a: Arceus-Fight\u0131ng\n|-boost|p2a: Arceus-Fight\u0131ng|atk|1\n|-boost|p2a: Arceus-Fight\u0131ng|spe|1\n|move|p1a: Dondozo|Liquidation|p2a: Arceus-Fight\u0131ng\n|-damage|p2a: Arceus-Fight\u0131ng|61\/100\n|\n|upkeep\n|turn|33\n|\n|t:|1697400681\n|move|p2a: Arceus-Fight\u0131ng|Tera Blast|p1a: Dondozo|[anim] Tera Blast Fairy\n|-damage|p1a: Dondozo|49\/100\n|move|p1a: Dondozo|Curse|p1a: Dondozo\n|-unboost|p1a: Dondozo|spe|1\n|-boost|p1a: Dondozo|atk|1\n|-boost|p1a: Dondozo|def|1\n|\n|upkeep\n|turn|34\n|\n|t:|1697400684\n|move|p2a: Arceus-Fight\u0131ng|Tera Blast|p1a: Dondozo|[anim] Tera Blast Fairy\n|-damage|p1a: Dondozo|37\/100\n|move|p1a: Dondozo|Liquidation|p2a: Arceus-Fight\u0131ng\n|-damage|p2a: Arceus-Fight\u0131ng|29\/100\n|-unboost|p2a: Arceus-Fight\u0131ng|def|1\n|\n|upkeep\n|turn|35\n|\n|t:|1697400687\n|move|p2a: Arceus-Fight\u0131ng|Recover|p2a: Arceus-Fight\u0131ng\n|-heal|p2a: Arceus-Fight\u0131ng|79\/100\n|move|p1a: Dondozo|Rest|p1a: Dondozo\n|-status|p1a: Dondozo|slp|[from] move: Rest\n|-heal|p1a: Dondozo|100\/100 slp|[silent]\n|\n|upkeep\n|turn|36\n|\n|t:|1697400690\n|switch|p2a: Shaymin|Shaymin-Sky, shiny|51\/100\n|-damage|p2a: Shaymin|27\/100|[from] Stealth Rock\n|cant|p1a: Dondozo|slp\n|move|p1a: Dondozo|Sleep Talk|p1a: Dondozo\n|move|p1a: Dondozo|Rest||[from]move: Sleep Talk|[still]\n|-fail|p1a: Dondozo\n|\n|upkeep\n|turn|37\n|\n|t:|1697400700\n|switch|p1a: Arceus|Arceus-Dark, tera:Poison|35\/100\n|move|p2a: Shaymin|Seed Flare|p1a: Arceus\n|-resisted|p1a: Arceus\n|-damage|p1a: Arceus|10\/100\n|-damage|p2a: Shaymin|17\/100|[from] item: Life Orb\n|\n|upkeep\n|turn|38\n|\n|t:|1697400710\n|move|p2a: Shaymin|Earth Power|p1a: Arceus\n|-supereffective|p1a: Arceus\n|-damage|p1a: Arceus|0 fnt\n|faint|p1a: Arceus\n|-damage|p2a: Shaymin|7\/100|[from] item: Life Orb\n|\n|upkeep\n|\n|t:|1697400713\n|switch|p1a: Zacian|Zacian, shiny|31\/100\n|turn|39\n|\n|t:|1697400715\n|move|p1a: Zacian|Close Combat|p2a: Shaymin\n|-resisted|p2a: Shaymin\n|-damage|p2a: Shaymin|0 fnt\n|-unboost|p1a: Zacian|def|1\n|-unboost|p1a: Zacian|spd|1\n|faint|p2a: Shaymin\n|\n|upkeep\n|\n|t:|1697400727\n|switch|p2a: Arceus-Fight\u0131ng|Arceus-Fire, shiny, tera:Fairy|79\/100\n|-damage|p2a: Arceus-Fight\u0131ng|66\/100|[from] Stealth Rock\n|turn|40\n|\n|t:|1697400731\n|move|p1a: Zacian|Play Rough|p2a: Arceus-Fight\u0131ng\n|-damage|p2a: Arceus-Fight\u0131ng|31\/100\n|-unboost|p2a: Arceus-Fight\u0131ng|atk|1\n|move|p2a: Arceus-Fight\u0131ng|Tera Blast|p1a: Zacian|[anim] Tera Blast Fairy\n|-damage|p1a: Zacian|0 fnt\n|faint|p1a: Zacian\n|\n|upkeep\n|\n|t:|1697400735\n|switch|p1a: Dondozo|Dondozo, F|100\/100 slp\n|turn|41\n|\n|t:|1697400739\n|switch|p2a: Palkia|Palkia-Origin|92\/100\n|-damage|p2a: Palkia|80\/100|[from] Stealth Rock\n|-ability|p2a: Palkia|Pressure\n|cant|p1a: Dondozo|slp\n|\n|upkeep\n|turn|42\n|\n|t:|1697400748\n|switch|p1a: Blissey|Blissey, F|68\/100\n|move|p2a: Palkia|Hydro Pump|p1a: Blissey\n|-damage|p1a: Blissey|45\/100\n|\n|upkeep\n|turn|43\n|\n|t:|1697400752\n|move|p2a: Palkia|Thunder Wave|p1a: Blissey\n|-status|p1a: Blissey|par\n|cant|p1a: Blissey|par\n|\n|upkeep\n|turn|44\n|\n|t:|1697400754\n|move|p2a: Palkia|Hydro Pump|p1a: Blissey\n|-damage|p1a: Blissey|26\/100 par\n|move|p1a: Blissey|Soft-Boiled|p1a: Blissey\n|-heal|p1a: Blissey|76\/100 par\n|\n|upkeep\n|turn|45\n|\n|t:|1697400760\n|switch|p2a: Arceus-Fight\u0131ng|Arceus-Fire, shiny, tera:Fairy|31\/100\n|-damage|p2a: Arceus-Fight\u0131ng|18\/100|[from] Stealth Rock\n|move|p1a: Blissey|Seismic Toss|p2a: Arceus-Fight\u0131ng\n|-damage|p2a: Arceus-Fight\u0131ng|0 fnt\n|faint|p2a: Arceus-Fight\u0131ng\n|\n|upkeep\n|\n|t:|1697400761\n|switch|p2a: Palkia|Palkia-Origin|80\/100\n|-damage|p2a: Palkia|67\/100|[from] Stealth Rock\n|-ability|p2a: Palkia|Pressure\n|turn|46\n|\n|t:|1697400763\n|move|p2a: Palkia|Draco Meteor|p1a: Blissey|[miss]\n|-miss|p2a: Palkia|p1a: Blissey\n|cant|p1a: Blissey|par\n|\n|upkeep\n|turn|47\n|\n|t:|1697400765\n|move|p2a: Palkia|Hydro Pump|p1a: Blissey\n|-damage|p1a: Blissey|55\/100 par\n|move|p1a: Blissey|Seismic Toss|p2a: Palkia\n|-damage|p2a: Palkia|36\/100\n|\n|upkeep\n|turn|48\n|\n|t:|1697400770\n|move|p2a: Palkia|Hydro Pump|p1a: Blissey\n|-damage|p1a: Blissey|33\/100 par\n|move|p1a: Blissey|Seismic Toss|p2a: Palkia\n|-damage|p2a: Palkia|5\/100\n|\n|upkeep\n|turn|49\n|\n|t:|1697400772\n|move|p2a: Palkia|Hydro Pump|p1a: Blissey\n|-damage|p1a: Blissey|13\/100 par\n|move|p1a: Blissey|Seismic Toss|p2a: Palkia\n|-damage|p2a: Palkia|0 fnt\n|faint|p2a: Palkia\n|\n|win|vespyyy\n","uploadtime":1697400778,"views":19,"p1id":"vespyyy","p2id":"xpokvevo","formatid":"gen9ubers","rating":0,"private":0,"password":""}