{"id":"gen9ubers-1981565817","p1":"thatguy_313","p2":"jaymako","format":"[Gen 9] Ubers","log":"|j|\u2606thatguy_313\n|j|\u2606jaymako\n|t:|1698919279\n|gametype|singles\n|player|p1|thatguy_313|larry|\n|player|p2|jaymako|swimmer-gen4dp|\n|teamsize|p1|6\n|teamsize|p2|6\n|gen|9\n|tier|[Gen 9] Ubers\n|rule|Sleep Clause Mod: Limit one foe put to sleep\n|rule|Species Clause: Limit one of each Pok\u00e9mon\n|rule|OHKO Clause: OHKO moves are banned\n|rule|Evasion Items Clause: Evasion items are banned\n|rule|Evasion Moves Clause: Evasion moves are banned\n|rule|Endless Battle Clause: Forcing endless battles is banned\n|rule|HP Percentage Mod: HP is shown in percentages\n|clearpoke\n|poke|p1|Barraskewda, F|\n|poke|p1|Golduck, M|\n|poke|p1|Pelipper, F|\n|poke|p1|Kilowattrel, M|\n|poke|p1|Rillaboom, M|\n|poke|p1|Overqwil, M|\n|poke|p2|Dragonite, M|\n|poke|p2|Grimmsnarl, M|\n|poke|p2|Rotom-Wash|\n|poke|p2|Cramorant, F|\n|poke|p2|Lilligant, F|\n|poke|p2|Magneton|\n|teampreview\n|j| Primarinaso\n|c|\u2606jaymako|glhf\n|c|\u2606thatguy_313|glhf\n|c| Primarinaso|glhf\n|j| nicneg\n|\n|t:|1698919331\n|start\n|switch|p1a: BringTheRain|Pelipper, F|100\/100\n|switch|p2a: Davette|Lilligant, F|100\/100\n|-weather|RainDance|[from] ability: Drizzle|[of] p1a: BringTheRain\n|turn|1\n|\n|t:|1698919387\n|move|p2a: Davette|Sunny Day|p2a: Davette\n|-weather|SunnyDay\n|move|p1a: BringTheRain|U-turn|p2a: Davette\n|-supereffective|p2a: Davette\n|-damage|p2a: Davette|74\/100\n|\n|t:|1698919399\n|switch|p1a: SpookyJim|Rillaboom, M|100\/100|[from] U-turn\n|-fieldstart|move: Grassy Terrain|[from] ability: Grassy Surge|[of] p1a: SpookyJim\n|\n|-weather|SunnyDay|[upkeep]\n|-heal|p2a: Davette|80\/100|[from] Grassy Terrain\n|upkeep\n|turn|2\n|\n|t:|1698919414\n|switch|p1a: BringTheRain|Pelipper, F|100\/100\n|-weather|RainDance|[from] ability: Drizzle|[of] p1a: BringTheRain\n|move|p2a: Davette|Pollen Puff|p1a: BringTheRain\n|-resisted|p1a: BringTheRain\n|-damage|p1a: BringTheRain|75\/100\n|-damage|p2a: Davette|70\/100|[from] item: Life Orb\n|\n|-weather|RainDance|[upkeep]\n|-heal|p2a: Davette|76\/100|[from] Grassy Terrain\n|upkeep\n|turn|3\n|l| Primarinaso\n|\n|t:|1698919449\n|switch|p2a: Davo|Cramorant, F|100\/100\n|move|p1a: BringTheRain|U-turn|p2a: Davo\n|-resisted|p2a: Davo\n|-damage|p2a: Davo|93\/100\n|\n|t:|1698919485\n|switch|p1a: ZapdosAtHome|Kilowattrel, M|100\/100|[from] U-turn\n|\n|-weather|RainDance|[upkeep]\n|upkeep\n|turn|4\n|\n|t:|1698919501\n|switch|p2a: Magnedave|Magneton|100\/100\n|move|p1a: ZapdosAtHome|Volt Switch|p2a: Magnedave\n|-resisted|p2a: Magnedave\n|-damage|p2a: Magnedave|76\/100\n|-damage|p1a: ZapdosAtHome|91\/100|[from] item: Life Orb\n|\n|t:|1698919544\n|switch|p1a: SportySpice|Barraskewda, F|100\/100|[from] Volt Switch\n|\n|-weather|RainDance|[upkeep]\n|-heal|p2a: Magnedave|82\/100|[from] Grassy Terrain\n|upkeep\n|turn|5\n|\n|t:|1698919557\n|move|p1a: SportySpice|Flip Turn|p2a: Magnedave\n|-damage|p2a: Magnedave|31\/100\n|-damage|p1a: SportySpice|91\/100|[from] item: Life Orb\n|\n|t:|1698919561\n|switch|p1a: ZapdosAtHome|Kilowattrel, M|91\/100|[from] Flip Turn\n|move|p2a: Magnedave|Thunderbolt|p1a: ZapdosAtHome\n|-heal|p1a: ZapdosAtHome|100\/100|[from] ability: Volt Absorb|[of] p2a: Magnedave\n|\n|-weather|RainDance|[upkeep]\n|-heal|p2a: Magnedave|37\/100|[from] Grassy Terrain\n|upkeep\n|turn|6\n|\n|t:|1698919580\n|move|p1a: ZapdosAtHome|Weather Ball|p2a: Magnedave\n|-damage|p2a: Magnedave|0 fnt\n|faint|p2a: Magnedave\n|-damage|p1a: ZapdosAtHome|91\/100|[from] item: Life Orb\n|\n|-weather|RainDance|[upkeep]\n|upkeep\n|\n|t:|1698919599\n|switch|p2a: Davey|Grimmsnarl, M|100\/100\n|turn|7\n|\n|t:|1698919617\n|move|p2a: Davey|Light Screen|p2a: Davey\n|-sidestart|p2: jaymako|move: Light Screen\n|move|p1a: ZapdosAtHome|Volt Switch|p2a: Davey\n|-damage|p2a: Davey|84\/100\n|-damage|p1a: ZapdosAtHome|81\/100|[from] item: Life Orb\n|\n|t:|1698919628\n|switch|p1a: SportySpice|Barraskewda, F|91\/100|[from] Volt Switch\n|\n|-weather|RainDance|[upkeep]\n|-heal|p1a: SportySpice|97\/100|[from] Grassy Terrain\n|-heal|p2a: Davey|90\/100|[from] Grassy Terrain\n|upkeep\n|turn|8\n|\n|t:|1698919635\n|move|p2a: Davey|Reflect|p2a: Davey\n|-sidestart|p2: jaymako|Reflect\n|move|p1a: SportySpice|Liquidation|p2a: Davey\n|-damage|p2a: Davey|36\/100\n|-damage|p1a: SportySpice|87\/100|[from] item: Life Orb\n|\n|-weather|RainDance|[upkeep]\n|-heal|p1a: SportySpice|93\/100|[from] Grassy Terrain\n|-heal|p2a: Davey|42\/100|[from] Grassy Terrain\n|-fieldend|move: Grassy Terrain\n|upkeep\n|turn|9\n|\n|t:|1698919645\n|move|p2a: Davey|Sucker Punch|p1a: SportySpice\n|-damage|p1a: SportySpice|48\/100\n|move|p1a: SportySpice|Brick Break|p2a: Davey\n|-sideend|p2: jaymako|Reflect\n|-sideend|p2: jaymako|move: Light Screen\n|-damage|p2a: Davey|0 fnt\n|faint|p2a: Davey\n|-damage|p1a: SportySpice|38\/100|[from] item: Life Orb\n|\n|-weather|none\n|upkeep\n|\n|t:|1698919661\n|switch|p2a: Davie|Rotom-Wash|100\/100\n|turn|10\n|\n|t:|1698919666\n|switch|p1a: SpookyJim|Rillaboom, M|100\/100\n|-fieldstart|move: Grassy Terrain|[from] ability: Grassy Surge|[of] p1a: SpookyJim\n|move|p2a: Davie|Volt Switch|p1a: SpookyJim\n|-resisted|p1a: SpookyJim\n|-damage|p1a: SpookyJim|87\/100\n|\n|t:|1698919678\n|switch|p2a: Davo|Cramorant, F|93\/100|[from] Volt Switch\n|\n|-heal|p1a: SpookyJim|93\/100|[from] Grassy Terrain\n|upkeep\n|turn|11\n|\n|t:|1698919689\n|switch|p1a: BringTheRain|Pelipper, F|75\/100\n|-weather|RainDance|[from] ability: Drizzle|[of] p1a: BringTheRain\n|move|p2a: Davo|Tailwind|p2a: Davo\n|-sidestart|p2: jaymako|move: Tailwind\n|\n|-weather|RainDance|[upkeep]\n|upkeep\n|turn|12\n|\n|t:|1698919719\n|move|p2a: Davo|Defog|p1a: BringTheRain\n|-unboost|p1a: BringTheRain|evasion|1\n|-fieldend|move: Grassy Terrain\n|move|p1a: BringTheRain|Roost|p1a: BringTheRain\n|-heal|p1a: BringTheRain|100\/100\n|-singleturn|p1a: BringTheRain|move: Roost\n|\n|-weather|RainDance|[upkeep]\n|upkeep\n|turn|13\n|\n|t:|1698919734\n|move|p2a: Davo|Hurricane|p1a: BringTheRain\n|-damage|p1a: BringTheRain|54\/100\n|move|p1a: BringTheRain|Ice Beam|p2a: Davo\n|-damage|p2a: Davo|73\/100\n|\n|-weather|RainDance|[upkeep]\n|upkeep\n|turn|14\n|\n|t:|1698919761\n|switch|p1a: ZapdosAtHome|Kilowattrel, M|81\/100\n|move|p2a: Davo|Hurricane|p1a: ZapdosAtHome\n|-resisted|p1a: ZapdosAtHome\n|-damage|p1a: ZapdosAtHome|53\/100\n|\n|-weather|RainDance|[upkeep]\n|-sideend|p2: jaymako|move: Tailwind\n|upkeep\n|turn|15\n|\n|t:|1698919784\n|switch|p2a: Davie|Rotom-Wash|100\/100\n|move|p1a: ZapdosAtHome|Volt Switch|p2a: Davie\n|-damage|p2a: Davie|52\/100\n|-damage|p1a: ZapdosAtHome|43\/100|[from] item: Life Orb\n|\n|t:|1698919797\n|switch|p1a: SpookyJim|Rillaboom, M|93\/100|[from] Volt Switch\n|-fieldstart|move: Grassy Terrain|[from] ability: Grassy Surge|[of] p1a: SpookyJim\n|\n|-weather|RainDance|[upkeep]\n|-heal|p1a: SpookyJim|99\/100|[from] Grassy Terrain\n|upkeep\n|turn|16\n|\n|t:|1698919824\n|move|p2a: Davie|Volt Switch|p1a: SpookyJim\n|-resisted|p1a: SpookyJim\n|-damage|p1a: SpookyJim|86\/100\n|\n|t:|1698919832\n|switch|p2a: Davo|Cramorant, F|73\/100|[from] Volt Switch\n|move|p1a: SpookyJim|U-turn|p2a: Davo\n|-resisted|p2a: Davo\n|-damage|p2a: Davo|53\/100\n|\n|t:|1698919835\n|switch|p1a: ZapdosAtHome|Kilowattrel, M|43\/100|[from] U-turn\n|\n|-weather|RainDance|[upkeep]\n|upkeep\n|turn|17\n|\n|t:|1698919848\n|switch|p2a: Dave|Dragonite, M|100\/100\n|move|p1a: ZapdosAtHome|Volt Switch|p2a: Dave\n|-damage|p2a: Dave|75\/100\n|-damage|p1a: ZapdosAtHome|33\/100|[from] item: Life Orb\n|\n|t:|1698919866\n|switch|p1a: Gholduckgo|Golduck, M|100\/100|[from] Volt Switch\n|\n|-weather|RainDance|[upkeep]\n|upkeep\n|turn|18\n|\n|t:|1698919886\n|switch|p2a: Davette|Lilligant, F|76\/100\n|move|p1a: Gholduckgo|Ice Beam|p2a: Davette\n|-supereffective|p2a: Davette\n|-damage|p2a: Davette|0 fnt\n|faint|p2a: Davette\n|\n|-weather|none\n|upkeep\n|\n|t:|1698919891\n|switch|p2a: Davie|Rotom-Wash|52\/100\n|turn|19\n|\n|t:|1698919907\n|switch|p1a: ZapdosAtHome|Kilowattrel, M|33\/100\n|move|p2a: Davie|Hydro Pump|p1a: ZapdosAtHome\n|-damage|p1a: ZapdosAtHome|0 fnt\n|faint|p1a: ZapdosAtHome\n|\n|upkeep\n|\n|t:|1698919914\n|switch|p1a: SpookyJim|Rillaboom, M|86\/100\n|turn|20\n|\n|t:|1698919925\n|switch|p2a: Davo|Cramorant, F|53\/100\n|move|p1a: SpookyJim|U-turn|p2a: Davo\n|-resisted|p2a: Davo\n|-damage|p2a: Davo|31\/100\n|\n|t:|1698919971\n|switch|p1a: SportySpice|Barraskewda, F|38\/100|[from] U-turn\n|\n|-heal|p1a: SportySpice|44\/100|[from] Grassy Terrain\n|upkeep\n|turn|21\n|\n|t:|1698919983\n|move|p1a: SportySpice|Liquidation|p2a: Davo\n|-resisted|p2a: Davo\n|-damage|p2a: Davo|0 fnt\n|faint|p2a: Davo\n|-damage|p1a: SportySpice|34\/100|[from] item: Life Orb\n|\n|-heal|p1a: SportySpice|40\/100|[from] Grassy Terrain\n|upkeep\n|\n|t:|1698919994\n|switch|p2a: Davie|Rotom-Wash|52\/100\n|turn|22\n|\n|t:|1698920024\n|switch|p2a: Dave|Dragonite, M|75\/100\n|switch|p1a: BringTheRain|Pelipper, F|54\/100\n|-weather|RainDance|[from] ability: Drizzle|[of] p1a: BringTheRain\n|\n|-weather|RainDance|[upkeep]\n|-fieldend|move: Grassy Terrain\n|upkeep\n|turn|23\n|\n|t:|1698920056\n|move|p2a: Dave|Dragon Dance|p2a: Dave\n|-boost|p2a: Dave|atk|1\n|-boost|p2a: Dave|spe|1\n|move|p1a: BringTheRain|Ice Beam|p2a: Dave\n|-supereffective|p2a: Dave\n|-damage|p2a: Dave|0 fnt\n|faint|p2a: Dave\n|\n|-weather|RainDance|[upkeep]\n|upkeep\n|\n|t:|1698920063\n|switch|p2a: Davie|Rotom-Wash|52\/100\n|turn|24\n|\n|t:|1698920090\n|switch|p1a: LicenceToQwil|Overqwil, M|100\/100\n|-ability|p1a: LicenceToQwil|Intimidate|boost\n|-unboost|p2a: Davie|atk|1\n|move|p2a: Davie|Thunderbolt|p1a: LicenceToQwil\n|-damage|p1a: LicenceToQwil|56\/100\n|\n|-weather|RainDance|[upkeep]\n|-heal|p1a: LicenceToQwil|63\/100|[from] item: Black Sludge\n|upkeep\n|turn|25\n|\n|t:|1698920101\n|move|p2a: Davie|Thunderbolt|p1a: LicenceToQwil\n|-damage|p1a: LicenceToQwil|20\/100\n|move|p1a: LicenceToQwil|Gunk Shot|p2a: Davie\n|-damage|p2a: Davie|1\/100\n|\n|-weather|RainDance|[upkeep]\n|-heal|p1a: LicenceToQwil|26\/100|[from] item: Black Sludge\n|upkeep\n|turn|26\n|\n|t:|1698920109\n|switch|p1a: SpookyJim|Rillaboom, M|86\/100\n|-fieldstart|move: Grassy Terrain|[from] ability: Grassy Surge|[of] p1a: SpookyJim\n|move|p2a: Davie|Thunderbolt|p1a: SpookyJim\n|-resisted|p1a: SpookyJim\n|-damage|p1a: SpookyJim|68\/100\n|-status|p1a: SpookyJim|par\n|\n|-weather|RainDance|[upkeep]\n|-heal|p1a: SpookyJim|74\/100 par|[from] Grassy Terrain\n|upkeep\n|turn|27\n|c|\u2606jaymako|man let me make my L look better hahhaha\n|\n|t:|1698920124\n|move|p1a: SpookyJim|Grassy Glide|p2a: Davie\n|-supereffective|p2a: Davie\n|-damage|p2a: Davie|0 fnt\n|faint|p2a: Davie\n|\n|win|thatguy_313\n|c|\u2606thatguy_313|Haha\n|l| nicneg\n|c|\u2606thatguy_313|gg\n|c|\u2606jaymako|gg\n|l|\u2606jaymako\n","uploadtime":1698920159,"views":22,"p1id":"thatguy313","p2id":"jaymako","formatid":"gen9ubers","rating":0,"private":0,"password":""}