{"id":"gen9ubers-1976909382","p1":"Dragon Master Rosa","p2":"Rei_darkness","format":"[Gen 9] Ubers","log":"|j|\u2606Dragon Master Rosa\n|j|\u2606Rei_darkness\n|t:|1698351526\n|gametype|singles\n|player|p1|Dragon Master Rosa|rosa|\n|player|p2|Rei_darkness|drayden|\n|teamsize|p1|6\n|teamsize|p2|6\n|gen|9\n|tier|[Gen 9] Ubers\n|rule|Sleep Clause Mod: Limit one foe put to sleep\n|rule|Species Clause: Limit one of each Pok\u00e9mon\n|rule|OHKO Clause: OHKO moves are banned\n|rule|Evasion Items Clause: Evasion items are banned\n|rule|Evasion Moves Clause: Evasion moves are banned\n|rule|Endless Battle Clause: Forcing endless battles is banned\n|rule|HP Percentage Mod: HP is shown in percentages\n|clearpoke\n|poke|p1|Shaymin-Sky|\n|poke|p1|Landorus-Therian, M|\n|poke|p1|Palafin, F|\n|poke|p1|Slowking-Galar, F|\n|poke|p1|Toedscruel, F|\n|poke|p1|Empoleon, M|\n|poke|p2|Slowbro-Galar, F|\n|poke|p2|Klefki, F|\n|poke|p2|Arcanine, M|\n|poke|p2|Victreebel, F|\n|poke|p2|Scovillain, F|\n|poke|p2|Koraidon|\n|teampreview\n|c|\u2606Rei_darkness|chairman\n|c|\u2606Dragon Master Rosa|real\n|\n|t:|1698351644\n|start\n|switch|p1a: Empoleon|Empoleon, M|100\/100\n|switch|p2a: I die now|Klefki, F|100\/100\n|turn|1\n|\n|t:|1698351659\n|move|p2a: I die now|Reflect|p2a: I die now\n|-sidestart|p2: Rei_darkness|Reflect\n|move|p1a: Empoleon|Knock Off|p2a: I die now\n|-resisted|p2a: I die now\n|-damage|p2a: I die now|96\/100\n|-enditem|p2a: I die now|Light Clay|[from] move: Knock Off|[of] p1a: Empoleon\n|\n|upkeep\n|turn|2\n|\n|t:|1698351665\n|move|p2a: I die now|Light Screen|p2a: I die now\n|-sidestart|p2: Rei_darkness|move: Light Screen\n|move|p1a: Empoleon|Stealth Rock|p2a: I die now\n|-sidestart|p2: Rei_darkness|move: Stealth Rock\n|\n|upkeep\n|turn|3\n|\n|t:|1698351668\n|switch|p1a: Landorus|Landorus-Therian, M|100\/100\n|-ability|p1a: Landorus|Intimidate|boost\n|-unboost|p2a: I die now|atk|1\n|move|p2a: I die now|Steel Beam|p1a: Landorus\n|-damage|p1a: Landorus|56\/100\n|-damage|p2a: I die now|46\/100|[from] steelbeam\n|\n|-heal|p1a: Landorus|62\/100|[from] item: Leftovers\n|upkeep\n|turn|4\n|\n|t:|1698351677\n|switch|p1a: Palafin|Palafin, F|100\/100\n|move|p2a: I die now|Sunny Day|p2a: I die now\n|-weather|SunnyDay\n|\n|-weather|SunnyDay|[upkeep]\n|upkeep\n|turn|5\n|\n|t:|1698351684\n|detailschange|p1a: Palafin|Palafin-Hero, F\n|switch|p1a: Empoleon|Empoleon, M|100\/100\n|move|p2a: I die now|Steel Beam|p1a: Empoleon\n|-resisted|p1a: Empoleon\n|-damage|p1a: Empoleon|94\/100\n|-damage|p2a: I die now|0 fnt|[from] steelbeam\n|faint|p2a: I die now\n|\n|-weather|SunnyDay|[upkeep]\n|-heal|p1a: Empoleon|99\/100|[from] item: Leftovers\n|upkeep\n|\n|t:|1698351709\n|switch|p2a: gen9shitmon|Scovillain, F|100\/100\n|-damage|p2a: gen9shitmon|76\/100|[from] Stealth Rock\n|turn|6\n|\n|t:|1698351715\n|move|p2a: gen9shitmon|Growth|p2a: gen9shitmon\n|-boost|p2a: gen9shitmon|atk|2\n|-boost|p2a: gen9shitmon|spa|2\n|move|p1a: Empoleon|Knock Off|p2a: gen9shitmon\n|-damage|p2a: gen9shitmon|60\/100\n|-enditem|p2a: gen9shitmon|Focus Sash|[from] move: Knock Off|[of] p1a: Empoleon\n|\n|-weather|SunnyDay|[upkeep]\n|-heal|p1a: Empoleon|100\/100|[from] item: Leftovers\n|-sideend|p2: Rei_darkness|move: Light Screen\n|upkeep\n|turn|7\n|\n|t:|1698351721\n|move|p2a: gen9shitmon|Growth|p2a: gen9shitmon\n|-boost|p2a: gen9shitmon|atk|2\n|-boost|p2a: gen9shitmon|spa|2\n|move|p1a: Empoleon|Flip Turn|p2a: gen9shitmon\n|-damage|p2a: gen9shitmon|52\/100\n|\n|t:|1698351740\n|switch|p1a: Slowking|Slowking-Galar, F|100\/100|[from] Flip Turn\n|\n|-weather|SunnyDay|[upkeep]\n|upkeep\n|turn|8\n|\n|t:|1698351743\n|move|p2a: gen9shitmon|Lash Out|p1a: Slowking\n|-supereffective|p1a: Slowking\n|-damage|p1a: Slowking|0 fnt\n|faint|p1a: Slowking\n|\n|-weather|none\n|-sideend|p2: Rei_darkness|Reflect\n|upkeep\n|\n|t:|1698351751\n|switch|p1a: Palafin|Palafin-Hero, F|100\/100\n|-activate|p1a: Palafin|ability: Zero to Hero\n|turn|9\n|\n|t:|1698351756\n|switch|p2a: actualboxleg|Koraidon|100\/100\n|-damage|p2a: actualboxleg|94\/100|[from] Stealth Rock\n|-weather|SunnyDay|[from] ability: Orichalcum Pulse|[of] p2a: actualboxleg\n|-activate|p2a: actualboxleg|Orichalcum Pulse|[source]\n|-terastallize|p1a: Palafin|Normal\n|move|p1a: Palafin|Boomburst|p2a: actualboxleg\n|-damage|p2a: actualboxleg|6\/100\n|\n|-weather|SunnyDay|[upkeep]\n|upkeep\n|turn|10\n|\n|t:|1698351765\n|switch|p1a: Empoleon|Empoleon, M|100\/100\n|move|p2a: actualboxleg|Solar Beam||[still]\n|-prepare|p2a: actualboxleg|Solar Beam\n|-anim|p2a: actualboxleg|Solar Beam|p1a: Empoleon\n|-crit|p1a: Empoleon\n|-damage|p1a: Empoleon|72\/100\n|\n|-weather|SunnyDay|[upkeep]\n|-heal|p1a: Empoleon|78\/100|[from] item: Leftovers\n|upkeep\n|turn|11\n|\n|t:|1698351775\n|move|p2a: actualboxleg|Solar Beam||[still]\n|-prepare|p2a: actualboxleg|Solar Beam\n|-anim|p2a: actualboxleg|Solar Beam|p1a: Empoleon\n|-damage|p1a: Empoleon|57\/100\n|move|p1a: Empoleon|Knock Off|p2a: actualboxleg\n|-resisted|p2a: actualboxleg\n|-damage|p2a: actualboxleg|0 fnt\n|-enditem|p2a: actualboxleg|Heat Rock|[from] move: Knock Off|[of] p1a: Empoleon\n|faint|p2a: actualboxleg\n|\n|-weather|SunnyDay|[upkeep]\n|-heal|p1a: Empoleon|63\/100|[from] item: Leftovers\n|upkeep\n|\n|t:|1698351780\n|switch|p2a: gen1shitmon|Victreebel, F|100\/100\n|-damage|p2a: gen1shitmon|88\/100|[from] Stealth Rock\n|turn|12\n|\n|t:|1698351786\n|move|p2a: gen1shitmon|Growth|p2a: gen1shitmon\n|-boost|p2a: gen1shitmon|atk|2\n|-boost|p2a: gen1shitmon|spa|2\n|move|p1a: Empoleon|Flip Turn|p2a: gen1shitmon\n|-resisted|p2a: gen1shitmon\n|-damage|p2a: gen1shitmon|81\/100\n|\n|t:|1698351798\n|switch|p1a: Palafin|Palafin-Hero, F, tera:Normal|100\/100|[from] Flip Turn\n|\n|-weather|SunnyDay|[upkeep]\n|upkeep\n|turn|13\n|\n|t:|1698351804\n|-terastallize|p2a: gen1shitmon|Grass\n|move|p2a: gen1shitmon|Solar Beam||[still]\n|-prepare|p2a: gen1shitmon|Solar Beam\n|-anim|p2a: gen1shitmon|Solar Beam|p1a: Palafin\n|-damage|p1a: Palafin|0 fnt\n|faint|p1a: Palafin\n|\n|-weather|SunnyDay|[upkeep]\n|upkeep\n|\n|t:|1698351811\n|switch|p1a: Shaymin|Shaymin-Sky|100\/100\n|turn|14\n|\n|t:|1698351817\n|switch|p1a: Empoleon|Empoleon, M|63\/100\n|move|p2a: gen1shitmon|Weather Ball|p1a: Empoleon\n|-damage|p1a: Empoleon|2\/100\n|\n|-weather|SunnyDay|[upkeep]\n|-heal|p1a: Empoleon|8\/100|[from] item: Leftovers\n|upkeep\n|turn|15\n|\n|t:|1698351823\n|move|p2a: gen1shitmon|Weather Ball|p1a: Empoleon\n|-damage|p1a: Empoleon|0 fnt\n|faint|p1a: Empoleon\n|\n|-weather|SunnyDay|[upkeep]\n|upkeep\n|\n|t:|1698351826\n|switch|p1a: Toedscruel|Toedscruel, F|100\/100\n|turn|16\n|\n|t:|1698351830\n|move|p2a: gen1shitmon|Solar Beam||[still]\n|-prepare|p2a: gen1shitmon|Solar Beam\n|-anim|p2a: gen1shitmon|Solar Beam|p1a: Toedscruel\n|-damage|p1a: Toedscruel|3\/100\n|move|p1a: Toedscruel|Spikes|p2a: gen1shitmon\n|-sidestart|p2: Rei_darkness|Spikes\n|\n|-weather|none\n|-heal|p1a: Toedscruel|9\/100|[from] item: Leftovers\n|upkeep\n|turn|17\n|\n|t:|1698351838\n|move|p2a: gen1shitmon|Sludge Bomb|p1a: Toedscruel\n|-damage|p1a: Toedscruel|0 fnt\n|faint|p1a: Toedscruel\n|\n|upkeep\n|\n|t:|1698351847\n|switch|p1a: Landorus|Landorus-Therian, M|62\/100\n|-ability|p1a: Landorus|Intimidate|boost\n|-unboost|p2a: gen1shitmon|atk|1\n|turn|18\n|\n|t:|1698351854\n|move|p2a: gen1shitmon|Weather Ball|p1a: Landorus\n|-damage|p1a: Landorus|27\/100\n|move|p1a: Landorus|Tera Blast|p2a: gen1shitmon\n|-damage|p2a: gen1shitmon|41\/100\n|\n|-heal|p1a: Landorus|33\/100|[from] item: Leftovers\n|upkeep\n|turn|19\n|\n|t:|1698351858\n|move|p2a: gen1shitmon|Weather Ball|p1a: Landorus\n|-damage|p1a: Landorus|0 fnt\n|faint|p1a: Landorus\n|\n|upkeep\n|\n|t:|1698351861\n|switch|p1a: Shaymin|Shaymin-Sky|100\/100\n|turn|20\n|\n|t:|1698351868\n|move|p1a: Shaymin|Play Rough|p2a: gen1shitmon\n|-damage|p2a: gen1shitmon|0 fnt\n|faint|p2a: gen1shitmon\n|-damage|p1a: Shaymin|91\/100|[from] item: Life Orb\n|\n|upkeep\n|\n|t:|1698351876\n|switch|p2a: Cowgurl|Slowbro-Galar, F|100\/100\n|-damage|p2a: Cowgurl|88\/100|[from] Stealth Rock\n|-damage|p2a: Cowgurl|76\/100|[from] Spikes\n|turn|21\n|\n|t:|1698351889\n|move|p1a: Shaymin|Zen Headbutt|p2a: Cowgurl\n|-crit|p2a: Cowgurl\n|-damage|p2a: Cowgurl|32\/100\n|-damage|p1a: Shaymin|81\/100|[from] item: Life Orb\n|move|p2a: Cowgurl|Sludge Bomb|p1a: Shaymin\n|-supereffective|p1a: Shaymin\n|-damage|p1a: Shaymin|0 fnt\n|faint|p1a: Shaymin\n|\n|win|Rei_darkness\n|c|\u2606Rei_darkness|GG\n|c|\u2606Dragon Master Rosa|ggwp\n|c|\u2606Dragon Master Rosa|sun is crazy\n|c|\u2606Rei_darkness|wait does this count as one of my\n|c|\u2606Rei_darkness|1\/3 suspect wins\n|c|\u2606Dragon Master Rosa|didn't you already get reqs?\n|c|\u2606Rei_darkness|no\n|c|\u2606Dragon Master Rosa|well any win during the sus period against a council member counts\n|c|\u2606Rei_darkness|Oki\n|c|\u2606Rei_darkness|I'll make sure to keep it in mind, have to go now\n|c|\u2606Dragon Master Rosa|mk\n","uploadtime":1698351897,"views":20,"p1id":"dragonmasterrosa","p2id":"reidarkness","formatid":"gen9ubers","rating":0,"private":0,"password":""}