{"id":"gen9ubers-1998387093","p1":"LinkAwakens","p2":"Billl21","format":"[Gen 9] Ubers","log":"|j|\u2606LinkAwakens\n|j|\u2606Billl21\n|t:|1700936598\n|gametype|singles\n|player|p1|LinkAwakens|102|\n|player|p2|Billl21|iris|\n|teamsize|p1|6\n|teamsize|p2|6\n|gen|9\n|tier|[Gen 9] Ubers\n|rule|Sleep Clause Mod: Limit one foe put to sleep\n|rule|Species Clause: Limit one of each Pok\u00e9mon\n|rule|OHKO Clause: OHKO moves are banned\n|rule|Evasion Items Clause: Evasion items are banned\n|rule|Evasion Moves Clause: Evasion moves are banned\n|rule|Endless Battle Clause: Forcing endless battles is banned\n|rule|HP Percentage Mod: HP is shown in percentages\n|clearpoke\n|poke|p1|Koraidon|\n|poke|p1|Zacian-*|\n|poke|p1|Miraidon|\n|poke|p1|Ribombee, M|\n|poke|p1|Glimmora, F|\n|poke|p1|Arceus|\n|poke|p2|Calyrex-Ice|\n|poke|p2|Kyogre|\n|poke|p2|Ursaluna, F|\n|poke|p2|Hatterene, F|\n|poke|p2|Cresselia, F|\n|poke|p2|Magearna|\n|teampreview\n|c|\u2606Billl21|glhf\n|c|\u2606LinkAwakens|U2\n|\n|t:|1700936746\n|start\n|switch|p1a: Glimmora|Glimmora, F|100\/100\n|switch|p2a: Magearna|Magearna|100\/100\n|turn|1\n|j| Swaggyboii006\n|\n|t:|1700936788\n|move|p1a: Glimmora|Stealth Rock|p2a: Magearna\n|-sidestart|p2: Billl21|move: Stealth Rock\n|move|p2a: Magearna|Trick Room|p2a: Magearna\n|-fieldstart|move: Trick Room|[of] p2a: Magearna\n|\n|upkeep\n|turn|2\n|\n|t:|1700936818\n|move|p2a: Magearna|Fleur Cannon|p1a: Glimmora\n|-resisted|p1a: Glimmora\n|-damage|p1a: Glimmora|47\/100\n|-unboost|p2a: Magearna|spa|2\n|-enditem|p2a: Magearna|Eject Pack\n|\n|t:|1700936823\n|switch|p2a: Ursaluna|Ursaluna, F|100\/100\n|-damage|p2a: Ursaluna|94\/100|[from] Stealth Rock\n|move|p1a: Glimmora|Memento|p2a: Ursaluna\n|-unboost|p2a: Ursaluna|atk|2\n|-unboost|p2a: Ursaluna|spa|2\n|faint|p1a: Glimmora\n|\n|-status|p2a: Ursaluna|brn|[from] item: Flame Orb\n|upkeep\n|\n|t:|1700936844\n|switch|p1a: Ribombee|Ribombee, M|100\/100\n|turn|3\n|j| FatalOblivion\n|\n|t:|1700936847\n|move|p2a: Ursaluna|Facade|p1a: Ribombee\n|-enditem|p1a: Ribombee|Focus Sash\n|-damage|p1a: Ribombee|1\/100\n|move|p1a: Ribombee|Moonblast|p2a: Ursaluna\n|-damage|p2a: Ursaluna|59\/100 brn\n|-unboost|p2a: Ursaluna|spa|1\n|\n|-damage|p2a: Ursaluna|53\/100 brn|[from] brn\n|upkeep\n|turn|4\n|\n|t:|1700936852\n|move|p2a: Ursaluna|Facade|p1a: Ribombee\n|-damage|p1a: Ribombee|0 fnt\n|faint|p1a: Ribombee\n|\n|-damage|p2a: Ursaluna|47\/100 brn|[from] brn\n|upkeep\n|\n|t:|1700936856\n|switch|p1a: Arceus|Arceus|100\/100\n|turn|5\n|c| FatalOblivion|TR in Ubers is based\n|\n|t:|1700936872\n|switch|p2a: Magearna|Magearna|100\/100\n|-damage|p2a: Magearna|94\/100|[from] Stealth Rock\n|-terastallize|p1a: Arceus|Fairy\n|move|p1a: Arceus|Swords Dance|p1a: Arceus\n|-boost|p1a: Arceus|atk|2\n|\n|-fieldend|move: Trick Room\n|upkeep\n|turn|6\n|\n|t:|1700936880\n|move|p1a: Arceus|Earthquake|p2a: Magearna\n|-supereffective|p2a: Magearna\n|-damage|p2a: Magearna|0 fnt\n|faint|p2a: Magearna\n|\n|upkeep\n|j| swellow is stronk\n|c| Swaggyboii006|fr\n|\n|t:|1700936901\n|switch|p2a: Cresselia|Cresselia, F|100\/100\n|-damage|p2a: Cresselia|88\/100|[from] Stealth Rock\n|turn|7\n|\n|t:|1700936914\n|move|p1a: Arceus|Swords Dance|p1a: Arceus\n|-boost|p1a: Arceus|atk|2\n|move|p2a: Cresselia|Trick Room|p2a: Cresselia\n|-fieldstart|move: Trick Room|[of] p2a: Cresselia\n|\n|upkeep\n|turn|8\n|c|\u2606Billl21|i forgot to put tera types\n|c|\u2606Billl21|LOL\n|c| FatalOblivion|.....\n|c| FatalOblivion|If I could put corv reaction, I would\n|-message|Billl21 forfeited.\n|\n|win|LinkAwakens\n|c| Swaggyboii006|lol\n|c|\u2606Billl21|gg\n|c|\u2606LinkAwakens|Gg\n|l| FatalOblivion\n|l| swellow is stronk\n","uploadtime":1700936991,"views":17,"p1id":"linkawakens","p2id":"billl21","formatid":"gen9ubers","rating":0,"private":0,"password":""}