{"id":"gen9ubers-1981526908","p1":"thingamagig","p2":"BieberDialga","format":"[Gen 9] Ubers","log":"|j|\u2606thingamagig\n|j|\u2606BieberDialga\n|t:|1698912613\n|gametype|singles\n|player|p1|thingamagig|buck|\n|player|p2|BieberDialga|carmine-festival|\n|teamsize|p1|6\n|teamsize|p2|6\n|gen|9\n|tier|[Gen 9] Ubers\n|rule|Sleep Clause Mod: Limit one foe put to sleep\n|rule|Species Clause: Limit one of each Pok\u00e9mon\n|rule|OHKO Clause: OHKO moves are banned\n|rule|Evasion Items Clause: Evasion items are banned\n|rule|Evasion Moves Clause: Evasion moves are banned\n|rule|Endless Battle Clause: Forcing endless battles is banned\n|rule|HP Percentage Mod: HP is shown in percentages\n|clearpoke\n|poke|p1|Torkoal, F|\n|poke|p1|Arceus-Grass|\n|poke|p1|Zacian-*|\n|poke|p1|Dragapult, F|\n|poke|p1|Gliscor, F|\n|poke|p1|Cinderace, M|\n|poke|p2|Cyclizar, M|\n|poke|p2|Dialga|\n|poke|p2|Zacian-*|\n|poke|p2|Moltres|\n|poke|p2|Spectrier|\n|poke|p2|Arceus-Fighting|\n|teampreview\n|\n|t:|1698912709\n|start\n|switch|p1a: Torkoal|Torkoal, F|100\/100\n|switch|p2a: DJ Khaled|Cyclizar, M|100\/100\n|-weather|SunnyDay|[from] ability: Drought|[of] p1a: Torkoal\n|turn|1\n|\n|t:|1698912740\n|move|p2a: DJ Khaled|Draco Meteor|p1a: Torkoal\n|-damage|p1a: Torkoal|63\/100\n|-unboost|p2a: DJ Khaled|spa|2\n|move|p1a: Torkoal|Lava Plume|p2a: DJ Khaled\n|-resisted|p2a: DJ Khaled\n|-damage|p2a: DJ Khaled|74\/100\n|\n|-weather|SunnyDay|[upkeep]\n|upkeep\n|turn|2\n|\n|t:|1698912752\n|switch|p2a: Chance|Moltres|100\/100\n|move|p1a: Torkoal|Stealth Rock|p2a: Chance\n|-sidestart|p2: BieberDialga|move: Stealth Rock\n|\n|-weather|SunnyDay|[upkeep]\n|upkeep\n|turn|3\n|j| C4CTUSK1NG\n|\n|t:|1698912770\n|switch|p1a: Cinderace|Cinderace, M|100\/100\n|move|p2a: Chance|Flamethrower|p1a: Cinderace\n|-resisted|p1a: Cinderace\n|-damage|p1a: Cinderace|62\/100\n|\n|-weather|SunnyDay|[upkeep]\n|upkeep\n|turn|4\n|\n|t:|1698912779\n|move|p1a: Cinderace|Pyro Ball|p2a: Chance\n|-resisted|p2a: Chance\n|-damage|p2a: Chance|72\/100\n|move|p2a: Chance|Flamethrower|p1a: Cinderace\n|-resisted|p1a: Cinderace\n|-damage|p1a: Cinderace|21\/100\n|\n|-weather|SunnyDay|[upkeep]\n|upkeep\n|turn|5\n|\n|t:|1698912804\n|move|p1a: Cinderace|Pyro Ball|p2a: Chance\n|-resisted|p2a: Chance\n|-damage|p2a: Chance|44\/100\n|move|p2a: Chance|Roost|p2a: Chance\n|-heal|p2a: Chance|94\/100\n|-singleturn|p2a: Chance|move: Roost\n|\n|-weather|SunnyDay|[upkeep]\n|upkeep\n|turn|6\n|\n|t:|1698912811\n|move|p1a: Cinderace|Pyro Ball|p2a: Chance\n|-resisted|p2a: Chance\n|-damage|p2a: Chance|64\/100\n|move|p2a: Chance|Flamethrower|p1a: Cinderace\n|-resisted|p1a: Cinderace\n|-damage|p1a: Cinderace|0 fnt\n|faint|p1a: Cinderace\n|\n|-weather|SunnyDay|[upkeep]\n|upkeep\n|\n|t:|1698912817\n|switch|p1a: Dragapult|Dragapult, F|100\/100\n|turn|7\n|\n|t:|1698912842\n|switch|p2a: Justin|Dialga|100\/100\n|-damage|p2a: Justin|94\/100|[from] Stealth Rock\n|-ability|p2a: Justin|Pressure\n|move|p1a: Dragapult|Draco Meteor|p2a: Justin\n|-damage|p2a: Justin|44\/100\n|-unboost|p1a: Dragapult|spa|2\n|\n|-weather|SunnyDay|[upkeep]\n|-heal|p2a: Justin|50\/100|[from] item: Leftovers\n|upkeep\n|turn|8\n|\n|t:|1698912857\n|switch|p1a: Gliscor|Gliscor, F|100\/100\n|move|p2a: Justin|Stealth Rock|p1a: Gliscor\n|-sidestart|p1: thingamagig|move: Stealth Rock\n|\n|-weather|none\n|-heal|p2a: Justin|57\/100|[from] item: Leftovers\n|-status|p1a: Gliscor|tox|[from] item: Toxic Orb\n|upkeep\n|turn|9\n|\n|t:|1698912871\n|switch|p2a: Usher|Arceus-Fighting|100\/100\n|-damage|p2a: Usher|94\/100|[from] Stealth Rock\n|move|p1a: Gliscor|Knock Off|p2a: Usher\n|-resisted|p2a: Usher\n|-crit|p2a: Usher\n|-damage|p2a: Usher|87\/100\n|\n|upkeep\n|turn|10\n|\n|t:|1698912886\n|move|p2a: Usher|Cosmic Power|p2a: Usher\n|-boost|p2a: Usher|def|1\n|-boost|p2a: Usher|spd|1\n|move|p1a: Gliscor|U-turn|p2a: Usher\n|-resisted|p2a: Usher\n|-damage|p2a: Usher|84\/100\n|\n|t:|1698912918\n|switch|p1a: Zacian|Zacian|100\/100|[from] U-turn\n|-damage|p1a: Zacian|88\/100|[from] Stealth Rock\n|-ability|p1a: Zacian|Intrepid Sword|boost\n|-boost|p1a: Zacian|atk|1\n|\n|upkeep\n|turn|11\n|\n|t:|1698912957\n|switch|p2a: Justin|Dialga|57\/100\n|-damage|p2a: Justin|50\/100|[from] Stealth Rock\n|-ability|p2a: Justin|Pressure\n|-terastallize|p1a: Zacian|Fairy\n|move|p1a: Zacian|Play Rough|p2a: Justin\n|-damage|p2a: Justin|0 fnt\n|faint|p2a: Justin\n|\n|upkeep\n|\n|t:|1698912971\n|switch|p2a: Chance|Moltres|64\/100\n|turn|12\n|\n|t:|1698913000\n|switch|p1a: Dragapult|Dragapult, F|100\/100\n|-damage|p1a: Dragapult|88\/100|[from] Stealth Rock\n|move|p2a: Chance|Roost|p2a: Chance\n|-heal|p2a: Chance|100\/100\n|-singleturn|p2a: Chance|move: Roost\n|\n|upkeep\n|turn|13\n|\n|t:|1698913024\n|switch|p2a: DJ Khaled|Cyclizar, M|100\/100\n|-damage|p2a: DJ Khaled|88\/100|[from] Stealth Rock\n|move|p1a: Dragapult|Thunderbolt|p2a: DJ Khaled\n|-resisted|p2a: DJ Khaled\n|-damage|p2a: DJ Khaled|62\/100\n|\n|upkeep\n|turn|14\n|\n|t:|1698913071\n|move|p2a: DJ Khaled|U-turn|p1a: Dragapult\n|-resisted|p1a: Dragapult\n|-damage|p1a: Dragapult|79\/100\n|\n|t:|1698913101\n|switch|p2a: Weezy|Spectrier|100\/100|[from] U-turn\n|-damage|p2a: Weezy|88\/100|[from] Stealth Rock\n|move|p1a: Dragapult|Thunderbolt|p2a: Weezy\n|-damage|p2a: Weezy|43\/100\n|\n|upkeep\n|turn|15\n|\n|t:|1698913108\n|switch|p2a: DJ Khaled|Cyclizar, M|95\/100\n|-damage|p2a: DJ Khaled|83\/100|[from] Stealth Rock\n|move|p1a: Dragapult|Thunderbolt|p2a: DJ Khaled\n|-resisted|p2a: DJ Khaled\n|-damage|p2a: DJ Khaled|55\/100\n|\n|upkeep\n|turn|16\n|\n|t:|1698913125\n|switch|p1a: Gliscor|Gliscor, F|100\/100 tox\n|-damage|p1a: Gliscor|88\/100 tox|[from] Stealth Rock\n|move|p2a: DJ Khaled|Draco Meteor|p1a: Gliscor\n|-damage|p1a: Gliscor|50\/100 tox\n|-unboost|p2a: DJ Khaled|spa|2\n|\n|-heal|p1a: Gliscor|62\/100 tox|[from] ability: Poison Heal\n|upkeep\n|turn|17\n|\n|t:|1698913141\n|switch|p2a: Usher|Arceus-Fighting|84\/100\n|-damage|p2a: Usher|78\/100|[from] Stealth Rock\n|switch|p1a: Dragapult|Dragapult, F|79\/100\n|-damage|p1a: Dragapult|66\/100|[from] Stealth Rock\n|\n|upkeep\n|turn|18\n|\n|t:|1698913156\n|move|p1a: Dragapult|Draco Meteor|p2a: Usher\n|-damage|p2a: Usher|26\/100\n|-unboost|p1a: Dragapult|spa|2\n|move|p2a: Usher|Recover|p2a: Usher\n|-heal|p2a: Usher|76\/100\n|\n|upkeep\n|turn|19\n|\n|t:|1698913173\n|switch|p1a: Zacian|Zacian, tera:Fairy|88\/100\n|-damage|p1a: Zacian|76\/100|[from] Stealth Rock\n|move|p2a: Usher|Cosmic Power|p2a: Usher\n|-boost|p2a: Usher|def|1\n|-boost|p2a: Usher|spd|1\n|\n|upkeep\n|turn|20\n|\n|t:|1698913181\n|switch|p2a: Chance|Moltres|100\/100\n|move|p1a: Zacian|Play Rough|p2a: Chance\n|-resisted|p2a: Chance\n|-damage|p2a: Chance|70\/100\n|\n|upkeep\n|turn|21\n|\n|t:|1698913202\n|switch|p1a: Gliscor|Gliscor, F|62\/100 tox\n|-damage|p1a: Gliscor|50\/100 tox|[from] Stealth Rock\n|move|p2a: Chance|Flamethrower|p1a: Gliscor\n|-damage|p1a: Gliscor|11\/100 tox\n|\n|-heal|p1a: Gliscor|23\/100 tox|[from] ability: Poison Heal\n|upkeep\n|turn|22\n|\n|t:|1698913209\n|switch|p2a: Usher|Arceus-Fighting|76\/100\n|-damage|p2a: Usher|70\/100|[from] Stealth Rock\n|move|p1a: Gliscor|Knock Off|p2a: Usher\n|-resisted|p2a: Usher\n|-damage|p2a: Usher|66\/100\n|\n|-heal|p1a: Gliscor|36\/100 tox|[from] ability: Poison Heal\n|upkeep\n|turn|23\n|\n|t:|1698913216\n|switch|p1a: Arceus|Arceus-Grass|100\/100\n|-damage|p1a: Arceus|88\/100|[from] Stealth Rock\n|move|p2a: Usher|Recover|p2a: Usher\n|-heal|p2a: Usher|100\/100\n|\n|upkeep\n|turn|24\n|\n|t:|1698913232\n|switch|p2a: Chance|Moltres|70\/100\n|move|p1a: Arceus|Calm Mind|p1a: Arceus\n|-boost|p1a: Arceus|spa|1\n|-boost|p1a: Arceus|spd|1\n|\n|upkeep\n|turn|25\n|\n|t:|1698913241\n|move|p1a: Arceus|Flamethrower|p2a: Chance\n|-resisted|p2a: Chance\n|-damage|p2a: Chance|51\/100\n|move|p2a: Chance|Roost|p2a: Chance\n|-heal|p2a: Chance|100\/100\n|-singleturn|p2a: Chance|move: Roost\n|\n|upkeep\n|turn|26\n|\n|t:|1698913246\n|move|p1a: Arceus|Calm Mind|p1a: Arceus\n|-boost|p1a: Arceus|spa|1\n|-boost|p1a: Arceus|spd|1\n|move|p2a: Chance|Roar|p1a: Arceus\n|drag|p1a: Zacian|Zacian, tera:Fairy|76\/100\n|-damage|p1a: Zacian|64\/100|[from] Stealth Rock\n|\n|upkeep\n|turn|27\n|\n|t:|1698913315\n|switch|p1a: Dragapult|Dragapult, F|66\/100\n|-damage|p1a: Dragapult|54\/100|[from] Stealth Rock\n|move|p2a: Chance|Flamethrower|p1a: Dragapult\n|-resisted|p1a: Dragapult\n|-damage|p1a: Dragapult|27\/100\n|\n|upkeep\n|turn|28\n|\n|t:|1698913334\n|switch|p2a: DJ Khaled|Cyclizar, M|88\/100\n|-damage|p2a: DJ Khaled|76\/100|[from] Stealth Rock\n|move|p1a: Dragapult|Draco Meteor|p2a: DJ Khaled\n|-supereffective|p2a: DJ Khaled\n|-damage|p2a: DJ Khaled|0 fnt\n|-unboost|p1a: Dragapult|spa|2\n|faint|p2a: DJ Khaled\n|\n|upkeep\n|\n|t:|1698913358\n|switch|p2a: Quavo|Zacian|100\/100\n|-damage|p2a: Quavo|88\/100|[from] Stealth Rock\n|-ability|p2a: Quavo|Intrepid Sword|boost\n|-boost|p2a: Quavo|atk|1\n|turn|29\n|\n|t:|1698913387\n|switch|p1a: Gliscor|Gliscor, F|36\/100 tox\n|-damage|p1a: Gliscor|23\/100 tox|[from] Stealth Rock\n|move|p2a: Quavo|Trailblaze|p1a: Gliscor\n|-damage|p1a: Gliscor|1\/100 tox\n|-boost|p2a: Quavo|spe|1\n|\n|-heal|p1a: Gliscor|13\/100 tox|[from] ability: Poison Heal\n|upkeep\n|turn|30\n|\n|t:|1698913409\n|move|p2a: Quavo|Swords Dance|p2a: Quavo\n|-boost|p2a: Quavo|atk|2\n|move|p1a: Gliscor|Earthquake|p2a: Quavo\n|-damage|p2a: Quavo|52\/100\n|\n|-heal|p1a: Gliscor|26\/100 tox|[from] ability: Poison Heal\n|upkeep\n|turn|31\n|\n|t:|1698913420\n|-terastallize|p2a: Quavo|Grass\n|move|p2a: Quavo|Swords Dance|p2a: Quavo\n|-boost|p2a: Quavo|atk|2\n|move|p1a: Gliscor|Earthquake|p2a: Quavo\n|-resisted|p2a: Quavo\n|-crit|p2a: Quavo\n|-damage|p2a: Quavo|25\/100\n|\n|-heal|p1a: Gliscor|38\/100 tox|[from] ability: Poison Heal\n|upkeep\n|turn|32\n|\n|t:|1698913426\n|move|p2a: Quavo|Trailblaze|p1a: Gliscor\n|-damage|p1a: Gliscor|0 fnt\n|-boost|p2a: Quavo|spe|1\n|faint|p1a: Gliscor\n|\n|upkeep\n|\n|t:|1698913439\n|switch|p1a: Arceus|Arceus-Grass|88\/100\n|-damage|p1a: Arceus|76\/100|[from] Stealth Rock\n|turn|33\n|\n|t:|1698913445\n|move|p2a: Quavo|Play Rough|p1a: Arceus\n|-damage|p1a: Arceus|0 fnt\n|faint|p1a: Arceus\n|\n|upkeep\n|\n|t:|1698913453\n|switch|p1a: Torkoal|Torkoal, F|63\/100\n|-damage|p1a: Torkoal|38\/100|[from] Stealth Rock\n|-weather|SunnyDay|[from] ability: Drought|[of] p1a: Torkoal\n|turn|34\n|\n|t:|1698913457\n|move|p2a: Quavo|Crunch|p1a: Torkoal\n|-damage|p1a: Torkoal|0 fnt\n|faint|p1a: Torkoal\n|\n|-weather|SunnyDay|[upkeep]\n|upkeep\n|\n|t:|1698913459\n|switch|p1a: Zacian|Zacian, tera:Fairy|64\/100\n|-damage|p1a: Zacian|51\/100|[from] Stealth Rock\n|turn|35\n|\n|t:|1698913463\n|move|p2a: Quavo|Trailblaze|p1a: Zacian\n|-damage|p1a: Zacian|0 fnt\n|-boost|p2a: Quavo|spe|1\n|faint|p1a: Zacian\n|\n|-weather|SunnyDay|[upkeep]\n|upkeep\n|\n|t:|1698913465\n|switch|p1a: Dragapult|Dragapult, F|27\/100\n|-damage|p1a: Dragapult|14\/100|[from] Stealth Rock\n|turn|36\n|\n|t:|1698913468\n|move|p2a: Quavo|Trailblaze|p1a: Dragapult\n|-resisted|p1a: Dragapult\n|-damage|p1a: Dragapult|0 fnt\n|-boost|p2a: Quavo|spe|1\n|faint|p1a: Dragapult\n|\n|win|BieberDialga\n|l|\u2606BieberDialga\n","uploadtime":1698913536,"views":9,"p1id":"thingamagig","p2id":"bieberdialga","formatid":"gen9ubers","rating":0,"private":0,"password":""}