{"id":"gen9ubers-1971194601","p1":"NotreDame69","p2":"Flaming HERO","format":"[Gen 9] Ubers","log":"|j|\u2606NotreDame69\n|j|\u2606Flaming HERO\n|t:|1697718493\n|gametype|singles\n|player|p1|NotreDame69|linebacker|1029\n|player|p2|Flaming HERO|red|1048\n|teamsize|p1|6\n|teamsize|p2|6\n|gen|9\n|tier|[Gen 9] Ubers\n|rated|\n|rule|Sleep Clause Mod: Limit one foe put to sleep\n|rule|Species Clause: Limit one of each Pok\u00e9mon\n|rule|OHKO Clause: OHKO moves are banned\n|rule|Evasion Items Clause: Evasion items are banned\n|rule|Evasion Moves Clause: Evasion moves are banned\n|rule|Endless Battle Clause: Forcing endless battles is banned\n|rule|HP Percentage Mod: HP is shown in percentages\n|clearpoke\n|poke|p1|Ninetales, F|\n|poke|p1|Dunsparce, M|\n|poke|p1|Arcanine-Hisui, M|\n|poke|p1|Zangoose, M|\n|poke|p1|Shaymin|\n|poke|p1|Iron Bundle|\n|poke|p2|Kingambit, M|\n|poke|p2|Annihilape, M|\n|poke|p2|Darkrai|\n|poke|p2|Great Tusk|\n|poke|p2|Mewtwo|\n|poke|p2|Volcarona, M|\n|teampreview\n|inactive|Battle timer is ON: inactive players will automatically lose when time's up. (requested by Flaming HERO)\n|inactive|Flaming HERO has 120 seconds left.\n|inactive|Flaming HERO has 90 seconds left.\n|\n|t:|1697718562\n|start\n|switch|p1a: Iron Bundle|Iron Bundle|100\/100\n|switch|p2a: Darkrai|Darkrai|100\/100\n|turn|1\n|c|\u2606NotreDame69|Your either thinking very skillfully or js taking long\n|\n|t:|1697718572\n|move|p1a: Iron Bundle|Substitute|p1a: Iron Bundle\n|-start|p1a: Iron Bundle|Substitute\n|-damage|p1a: Iron Bundle|76\/100\n|move|p2a: Darkrai|Hypnosis||[still]\n|-fail|p2a: Darkrai\n|\n|-heal|p1a: Iron Bundle|82\/100|[from] item: Leftovers\n|upkeep\n|turn|2\n|\n|t:|1697718579\n|move|p1a: Iron Bundle|Hydro Pump|p2a: Darkrai|[miss]\n|-miss|p1a: Iron Bundle|p2a: Darkrai\n|move|p2a: Darkrai|Dark Pulse|p1a: Iron Bundle\n|-end|p1a: Iron Bundle|Substitute\n|\n|-heal|p1a: Iron Bundle|87\/100|[from] item: Leftovers\n|upkeep\n|turn|3\n|\n|t:|1697718596\n|-end|p1a: Iron Bundle|Quark Drive|[silent]\n|switch|p1a: Dunsparce|Dunsparce, M, shiny|100\/100\n|move|p2a: Darkrai|Hypnosis|p1a: Dunsparce|[miss]\n|-miss|p2a: Darkrai|p1a: Dunsparce\n|\n|upkeep\n|turn|4\n|\n|t:|1697718615\n|move|p2a: Darkrai|Dark Pulse|p1a: Dunsparce\n|-damage|p1a: Dunsparce|53\/100\n|cant|p1a: Dunsparce|flinch\n|\n|upkeep\n|turn|5\n|\n|t:|1697718633\n|move|p2a: Darkrai|Dark Pulse|p1a: Dunsparce\n|-damage|p1a: Dunsparce|12\/100\n|move|p1a: Dunsparce|Body Slam|p2a: Darkrai\n|-damage|p2a: Darkrai|60\/100\n|-status|p2a: Darkrai|par\n|\n|upkeep\n|turn|6\n|\n|t:|1697718646\n|move|p1a: Dunsparce|Roost|p1a: Dunsparce\n|-heal|p1a: Dunsparce|62\/100\n|-singleturn|p1a: Dunsparce|move: Roost\n|move|p2a: Darkrai|Dark Pulse|p1a: Dunsparce\n|-damage|p1a: Dunsparce|19\/100\n|\n|upkeep\n|turn|7\n|\n|t:|1697718649\n|move|p1a: Dunsparce|Roost|p1a: Dunsparce\n|-heal|p1a: Dunsparce|69\/100\n|-singleturn|p1a: Dunsparce|move: Roost\n|cant|p2a: Darkrai|par\n|\n|upkeep\n|turn|8\n|\n|t:|1697718654\n|move|p1a: Dunsparce|Coil|p1a: Dunsparce\n|-boost|p1a: Dunsparce|atk|1\n|-boost|p1a: Dunsparce|def|1\n|-boost|p1a: Dunsparce|accuracy|1\n|move|p2a: Darkrai|Hypnosis|p1a: Dunsparce\n|-status|p1a: Dunsparce|slp|[from] move: Hypnosis\n|\n|-damage|p1a: Dunsparce|57\/100 slp|[from] ability: Bad Dreams|[of] p2a: Darkrai\n|upkeep\n|turn|9\n|\n|t:|1697718684\n|cant|p1a: Dunsparce|slp\n|move|p2a: Darkrai|Dream Eater|p1a: Dunsparce\n|-damage|p1a: Dunsparce|27\/100 slp\n|-heal|p2a: Darkrai|78\/100 par|[from] drain|[of] p1a: Dunsparce\n|\n|-damage|p1a: Dunsparce|15\/100 slp|[from] ability: Bad Dreams|[of] p2a: Darkrai\n|upkeep\n|turn|10\n|\n|t:|1697718689\n|cant|p1a: Dunsparce|slp\n|move|p2a: Darkrai|Dream Eater|p1a: Dunsparce\n|-damage|p1a: Dunsparce|0 fnt\n|-heal|p2a: Darkrai|86\/100 par|[from] drain|[of] p1a: Dunsparce\n|faint|p1a: Dunsparce\n|\n|upkeep\n|\n|t:|1697718712\n|switch|p1a: Arcanine|Arcanine-Hisui, M, shiny|100\/100\n|turn|11\n|inactive|Flaming HERO has 120 seconds left.\n|\n|t:|1697718737\n|move|p1a: Arcanine|Close Combat|p2a: Darkrai\n|-supereffective|p2a: Darkrai\n|-damage|p2a: Darkrai|0 fnt\n|-unboost|p1a: Arcanine|def|1\n|-unboost|p1a: Arcanine|spd|1\n|faint|p2a: Darkrai\n|\n|upkeep\n|inactive|Flaming HERO has 120 seconds left.\n|\n|t:|1697718742\n|switch|p2a: Annihilape|Annihilape, M|100\/100\n|turn|12\n|\n|t:|1697718751\n|move|p1a: Arcanine|Head Smash|p2a: Annihilape\n|-resisted|p2a: Annihilape\n|-crit|p2a: Annihilape\n|-damage|p2a: Annihilape|43\/100\n|-enditem|p2a: Annihilape|Sitrus Berry|[eat]\n|-heal|p2a: Annihilape|68\/100|[from] item: Sitrus Berry\n|move|p2a: Annihilape|Earthquake|p1a: Arcanine\n|-supereffective|p1a: Arcanine\n|-damage|p1a: Arcanine|0 fnt\n|faint|p1a: Arcanine\n|\n|upkeep\n|c|\u2606NotreDame69|dammit\n|\n|t:|1697718759\n|switch|p1a: Shaymin|Shaymin, shiny|100\/100\n|turn|13\n|\n|t:|1697718767\n|move|p1a: Shaymin|Air Slash|p2a: Annihilape\n|-supereffective|p2a: Annihilape\n|-damage|p2a: Annihilape|23\/100\n|cant|p2a: Annihilape|flinch\n|\n|upkeep\n|turn|14\n|\n|t:|1697718776\n|move|p1a: Shaymin|Air Slash|p2a: Annihilape\n|-supereffective|p2a: Annihilape\n|-damage|p2a: Annihilape|0 fnt\n|faint|p2a: Annihilape\n|\n|upkeep\n|\n|t:|1697718785\n|switch|p2a: Mewtwo|Mewtwo|100\/100\n|-ability|p2a: Mewtwo|Pressure\n|turn|15\n|\n|t:|1697718792\n|move|p2a: Mewtwo|Flamethrower|p1a: Shaymin\n|-supereffective|p1a: Shaymin\n|-damage|p1a: Shaymin|38\/100\n|-status|p1a: Shaymin|brn\n|move|p1a: Shaymin|Seed Flare|p2a: Mewtwo\n|-damage|p2a: Mewtwo|48\/100\n|-unboost|p2a: Mewtwo|spd|2\n|\n|-heal|p1a: Shaymin|44\/100 brn|[from] item: Leftovers\n|-damage|p1a: Shaymin|38\/100 brn|[from] brn\n|upkeep\n|turn|16\n|\n|t:|1697718820\n|-terastallize|p1a: Shaymin|Ground\n|move|p2a: Mewtwo|Flamethrower|p1a: Shaymin\n|-damage|p1a: Shaymin|4\/100 brn\n|move|p1a: Shaymin|Rest|p1a: Shaymin\n|-status|p1a: Shaymin|slp|[from] move: Rest\n|-heal|p1a: Shaymin|100\/100 slp|[silent]\n|\n|upkeep\n|turn|17\n|\n|t:|1697718832\n|switch|p2a: Great Tusk|Great Tusk|100\/100\n|-enditem|p2a: Great Tusk|Booster Energy\n|-activate|p2a: Great Tusk|ability: Protosynthesis|[fromitem]\n|-start|p2a: Great Tusk|protosynthesisatk\n|cant|p1a: Shaymin|slp\n|\n|upkeep\n|turn|18\n|\n|t:|1697718836\n|cant|p1a: Shaymin|slp\n|move|p2a: Great Tusk|Ice Spinner|p1a: Shaymin\n|-supereffective|p1a: Shaymin\n|-damage|p1a: Shaymin|35\/100 slp\n|\n|-heal|p1a: Shaymin|42\/100 slp|[from] item: Leftovers\n|upkeep\n|turn|19\n|\n|t:|1697718839\n|-curestatus|p1a: Shaymin|slp|[msg]\n|move|p1a: Shaymin|Seed Flare|p2a: Great Tusk\n|-supereffective|p2a: Great Tusk\n|-damage|p2a: Great Tusk|0 fnt\n|faint|p2a: Great Tusk\n|-end|p2a: Great Tusk|Protosynthesis|[silent]\n|\n|-heal|p1a: Shaymin|48\/100|[from] item: Leftovers\n|upkeep\n|\n|t:|1697718846\n|switch|p2a: Volcarona|Volcarona, M|100\/100\n|turn|20\n|\n|t:|1697718852\n|move|p1a: Shaymin|Earth Power|p2a: Volcarona\n|-damage|p2a: Volcarona|61\/100\n|move|p2a: Volcarona|Giga Drain|p1a: Shaymin\n|-supereffective|p1a: Shaymin\n|-damage|p1a: Shaymin|3\/100\n|-heal|p2a: Volcarona|84\/100|[from] drain|[of] p1a: Shaymin\n|\n|-heal|p1a: Shaymin|9\/100|[from] item: Leftovers\n|upkeep\n|turn|21\n|\n|t:|1697718858\n|move|p1a: Shaymin|Air Slash|p2a: Volcarona\n|-supereffective|p2a: Volcarona\n|-damage|p2a: Volcarona|40\/100\n|move|p2a: Volcarona|Giga Drain|p1a: Shaymin\n|-supereffective|p1a: Shaymin\n|-damage|p1a: Shaymin|0 fnt\n|-heal|p2a: Volcarona|44\/100|[from] drain|[of] p1a: Shaymin\n|faint|p1a: Shaymin\n|\n|upkeep\n|\n|t:|1697718863\n|switch|p1a: Iron Bundle|Iron Bundle|87\/100\n|turn|22\n|\n|t:|1697718869\n|move|p1a: Iron Bundle|Substitute|p1a: Iron Bundle\n|-start|p1a: Iron Bundle|Substitute\n|-damage|p1a: Iron Bundle|63\/100\n|move|p2a: Volcarona|Fiery Dance|p1a: Iron Bundle\n|-end|p1a: Iron Bundle|Substitute\n|\n|-heal|p1a: Iron Bundle|68\/100|[from] item: Leftovers\n|upkeep\n|turn|23\n|\n|t:|1697718878\n|move|p1a: Iron Bundle|Hydro Pump|p2a: Volcarona\n|-supereffective|p2a: Volcarona\n|-damage|p2a: Volcarona|0 fnt\n|faint|p2a: Volcarona\n|\n|-heal|p1a: Iron Bundle|74\/100|[from] item: Leftovers\n|upkeep\n|\n|t:|1697718883\n|switch|p2a: Mewtwo|Mewtwo|48\/100\n|-ability|p2a: Mewtwo|Pressure\n|turn|24\n|\n|t:|1697718897\n|move|p2a: Mewtwo|Aura Sphere|p1a: Iron Bundle\n|-supereffective|p1a: Iron Bundle\n|-damage|p1a: Iron Bundle|0 fnt\n|faint|p1a: Iron Bundle\n|-end|p1a: Iron Bundle|Quark Drive|[silent]\n|\n|upkeep\n|\n|t:|1697718900\n|switch|p1a: Zangoose|Zangoose, M, shiny|100\/100\n|turn|25\n|\n|t:|1697718909\n|move|p2a: Mewtwo|Aura Sphere|p1a: Zangoose\n|-supereffective|p1a: Zangoose\n|-damage|p1a: Zangoose|0 fnt\n|faint|p1a: Zangoose\n|\n|upkeep\n|\n|t:|1697718912\n|switch|p1a: Ninetales|Ninetales, F, shiny|100\/100\n|-weather|SunnyDay|[from] ability: Drought|[of] p1a: Ninetales\n|turn|26\n|\n|t:|1697718922\n|move|p2a: Mewtwo|Aura Sphere|p1a: Ninetales\n|-damage|p1a: Ninetales|69\/100\n|move|p1a: Ninetales|Fire Blast|p2a: Mewtwo\n|-damage|p2a: Mewtwo|0 fnt\n|faint|p2a: Mewtwo\n|\n|-weather|SunnyDay|[upkeep]\n|-heal|p1a: Ninetales|75\/100|[from] item: Leftovers\n|upkeep\n|\n|t:|1697718929\n|switch|p2a: Kingambit|Kingambit, M|100\/100\n|-activate|p2a: Kingambit|ability: Supreme Overlord\n|-start|p2a: Kingambit|fallen5|[silent]\n|turn|27\n|inactive|NotreDame69 has 120 seconds left.\n|\n|t:|1697718979\n|-terastallize|p2a: Kingambit|Steel\n|move|p2a: Kingambit|Sucker Punch|p1a: Ninetales\n|-damage|p1a: Ninetales|5\/100\n|move|p1a: Ninetales|Fire Blast|p2a: Kingambit\n|-supereffective|p2a: Kingambit\n|-damage|p2a: Kingambit|11\/100\n|\n|-weather|SunnyDay|[upkeep]\n|-heal|p1a: Ninetales|11\/100|[from] item: Leftovers\n|upkeep\n|turn|28\n|\n|t:|1697718990\n|move|p2a: Kingambit|Sucker Punch||[still]\n|-fail|p2a: Kingambit\n|move|p1a: Ninetales|Will-O-Wisp|p2a: Kingambit\n|-status|p2a: Kingambit|brn\n|\n|-weather|SunnyDay|[upkeep]\n|-heal|p1a: Ninetales|17\/100|[from] item: Leftovers\n|-damage|p2a: Kingambit|5\/100 brn|[from] brn\n|upkeep\n|turn|29\n|\n|t:|1697719000\n|move|p2a: Kingambit|Sucker Punch||[still]\n|-fail|p2a: Kingambit\n|move|p1a: Ninetales|Will-O-Wisp|p2a: Kingambit\n|-fail|p2a: Kingambit|brn\n|\n|-weather|SunnyDay|[upkeep]\n|-heal|p1a: Ninetales|22\/100|[from] item: Leftovers\n|-damage|p2a: Kingambit|0 fnt|[from] brn\n|faint|p2a: Kingambit\n|-end|p2a: Kingambit|fallen5|[silent]\n|\n|win|NotreDame69\n|upkeep\n|raw|NotreDame69's rating: 1029 &rarr; <strong>1067<\/strong><br \/>(+38 for winning)\n|raw|Flaming HERO's rating: 1048 &rarr; <strong>1030<\/strong><br \/>(-18 for losing)\n|l|\u2606Flaming HERO\n","uploadtime":1697719119,"views":7,"p1id":"notredame69","p2id":"flaminghero","formatid":"gen9ubers","rating":1030,"private":0,"password":""}