{"id":"gen9ubers-1995430140","p1":"lil bro driving","p2":"Dark Specter 4","format":"[Gen 9] Ubers","log":"|j|\u2606lil bro driving\n|j|\u2606Dark Specter 4\n|t:|1700569779\n|gametype|singles\n|player|p1|lil bro driving|petrel|1174\n|player|p2|Dark Specter 4|2|1127\n|teamsize|p1|6\n|teamsize|p2|6\n|gen|9\n|tier|[Gen 9] Ubers\n|rated|\n|rule|Sleep Clause Mod: Limit one foe put to sleep\n|rule|Species Clause: Limit one of each Pok\u00e9mon\n|rule|OHKO Clause: OHKO moves are banned\n|rule|Evasion Items Clause: Evasion items are banned\n|rule|Evasion Moves Clause: Evasion moves are banned\n|rule|Endless Battle Clause: Forcing endless battles is banned\n|rule|HP Percentage Mod: HP is shown in percentages\n|clearpoke\n|poke|p1|Iron Bundle|\n|poke|p1|Clefable, F|\n|poke|p1|Miraidon|\n|poke|p1|Skeledirge, M|\n|poke|p1|Blissey, F|\n|poke|p1|Gliscor, F|\n|poke|p2|Ting-Lu|\n|poke|p2|Eternatus|\n|poke|p2|Skeledirge, F|\n|poke|p2|Gliscor, F|\n|poke|p2|Koraidon|\n|poke|p2|Arceus-Fairy|\n|teampreview\n|inactive|Battle timer is ON: inactive players will automatically lose when time's up. (requested by lil bro driving)\n|\n|t:|1700569804\n|start\n|switch|p1a: Iron Bundle|Iron Bundle|100\/100\n|switch|p2a: Koraidon|Koraidon|100\/100\n|-weather|SunnyDay|[from] ability: Orichalcum Pulse|[of] p2a: Koraidon\n|-activate|p2a: Koraidon|Orichalcum Pulse|[source]\n|turn|1\n|\n|t:|1700569815\n|-end|p1a: Iron Bundle|Quark Drive|[silent]\n|switch|p1a: Gliscor|Gliscor, F|100\/100\n|move|p2a: Koraidon|Dragon Claw|p1a: Gliscor\n|-damage|p1a: Gliscor|66\/100\n|\n|-weather|SunnyDay|[upkeep]\n|-status|p1a: Gliscor|tox|[from] item: Toxic Orb\n|upkeep\n|turn|2\n|\n|t:|1700569825\n|switch|p2a: Arceus|Arceus-Fairy|100\/100\n|move|p1a: Gliscor|Knock Off|p2a: Arceus\n|-resisted|p2a: Arceus\n|-crit|p2a: Arceus\n|-damage|p2a: Arceus|93\/100\n|\n|-weather|SunnyDay|[upkeep]\n|-heal|p1a: Gliscor|79\/100 tox|[from] ability: Poison Heal\n|upkeep\n|turn|3\n|\n|t:|1700569850\n|switch|p1a: Blissey|Blissey, F|100\/100\n|-terastallize|p2a: Arceus|Poison\n|move|p2a: Arceus|Calm Mind|p2a: Arceus\n|-boost|p2a: Arceus|spa|1\n|-boost|p2a: Arceus|spd|1\n|\n|-weather|SunnyDay|[upkeep]\n|upkeep\n|turn|4\n|\n|t:|1700569857\n|move|p2a: Arceus|Calm Mind|p2a: Arceus\n|-boost|p2a: Arceus|spa|1\n|-boost|p2a: Arceus|spd|1\n|move|p1a: Blissey|Thunder Wave|p2a: Arceus\n|-status|p2a: Arceus|par\n|\n|-weather|SunnyDay|[upkeep]\n|upkeep\n|turn|5\n|\n|t:|1700569864\n|move|p2a: Arceus|Judgment|p1a: Blissey\n|-damage|p1a: Blissey|69\/100\n|move|p1a: Blissey|Stealth Rock|p2a: Arceus\n|-sidestart|p2: Dark Specter 4|move: Stealth Rock\n|\n|-weather|none\n|upkeep\n|turn|6\n|\n|t:|1700569871\n|move|p2a: Arceus|Calm Mind|p2a: Arceus\n|-boost|p2a: Arceus|spa|1\n|-boost|p2a: Arceus|spd|1\n|move|p1a: Blissey|Soft-Boiled|p1a: Blissey\n|-heal|p1a: Blissey|100\/100\n|\n|upkeep\n|turn|7\n|\n|t:|1700569876\n|switch|p1a: Clefable|Clefable, F|100\/100\n|move|p2a: Arceus|Calm Mind|p2a: Arceus\n|-boost|p2a: Arceus|spa|1\n|-boost|p2a: Arceus|spd|1\n|\n|upkeep\n|turn|8\n|\n|t:|1700569887\n|switch|p2a: Eternatus|Eternatus|100\/100\n|-ability|p2a: Eternatus|Pressure\n|move|p1a: Clefable|Moonblast|p2a: Eternatus\n|-damage|p2a: Eternatus|80\/100\n|-unboost|p2a: Eternatus|spa|1\n|\n|upkeep\n|turn|9\n|\n|t:|1700569898\n|switch|p1a: Blissey|Blissey, F|100\/100\n|move|p2a: Eternatus|Flamethrower|p1a: Blissey\n|-damage|p1a: Blissey|95\/100\n|\n|upkeep\n|turn|10\n|\n|t:|1700569907\n|move|p2a: Eternatus|Toxic|p1a: Blissey\n|-status|p1a: Blissey|tox\n|move|p1a: Blissey|Seismic Toss|p2a: Eternatus\n|-damage|p2a: Eternatus|57\/100\n|\n|-damage|p1a: Blissey|89\/100 tox|[from] psn\n|upkeep\n|turn|11\n|\n|t:|1700569916\n|switch|p2a: Koraidon|Koraidon|100\/100\n|-damage|p2a: Koraidon|94\/100|[from] Stealth Rock\n|-weather|SunnyDay|[from] ability: Orichalcum Pulse|[of] p2a: Koraidon\n|-activate|p2a: Koraidon|Orichalcum Pulse|[source]\n|-curestatus|p1a: Blissey|tox|[from] ability: Natural Cure\n|switch|p1a: Gliscor|Gliscor, F|79\/100 tox\n|\n|-weather|SunnyDay|[upkeep]\n|-heal|p1a: Gliscor|91\/100 tox|[from] ability: Poison Heal\n|upkeep\n|turn|12\n|\n|t:|1700569927\n|move|p2a: Koraidon|Ice Fang|p1a: Gliscor\n|-supereffective|p1a: Gliscor\n|-damage|p1a: Gliscor|19\/100 tox\n|move|p1a: Gliscor|Knock Off|p2a: Koraidon\n|-resisted|p2a: Koraidon\n|-damage|p2a: Koraidon|86\/100\n|-enditem|p2a: Koraidon|Choice Scarf|[from] move: Knock Off|[of] p1a: Gliscor\n|\n|-weather|SunnyDay|[upkeep]\n|-heal|p1a: Gliscor|31\/100 tox|[from] ability: Poison Heal\n|upkeep\n|turn|13\n|\n|t:|1700569935\n|move|p1a: Gliscor|Protect|p1a: Gliscor\n|-singleturn|p1a: Gliscor|Protect\n|move|p2a: Koraidon|Ice Fang|p1a: Gliscor\n|-activate|p1a: Gliscor|move: Protect\n|\n|-weather|SunnyDay|[upkeep]\n|-heal|p1a: Gliscor|44\/100 tox|[from] ability: Poison Heal\n|upkeep\n|turn|14\n|\n|t:|1700569951\n|switch|p1a: Skeledirge|Skeledirge, M|100\/100\n|move|p2a: Koraidon|Ice Fang|p1a: Skeledirge\n|-resisted|p1a: Skeledirge\n|-damage|p1a: Skeledirge|91\/100\n|\n|-weather|SunnyDay|[upkeep]\n|upkeep\n|turn|15\n|\n|t:|1700569960\n|switch|p2a: Gliscor|Gliscor, F|100\/100\n|-damage|p2a: Gliscor|88\/100|[from] Stealth Rock\n|move|p1a: Skeledirge|Will-O-Wisp|p2a: Gliscor\n|-status|p2a: Gliscor|brn\n|\n|-weather|none\n|-damage|p2a: Gliscor|82\/100 brn|[from] brn\n|upkeep\n|turn|16\n|-message|Dark Specter 4 forfeited.\n|\n|win|lil bro driving\n|raw|lil bro driving's rating: 1174 &rarr; <strong>1196<\/strong><br \/>(+22 for winning)\n|raw|Dark Specter 4's rating: 1127 &rarr; <strong>1105<\/strong><br \/>(-22 for losing)\n|l|\u2606Dark Specter 4\n","uploadtime":1700569975,"views":1,"p1id":"lilbrodriving","p2id":"darkspecter4","formatid":"gen9ubers","rating":1105,"private":0,"password":""}