{"id":"gen9ubers-1995052751","p1":"MadJabberwock","p2":"Bensan v","format":"[Gen 9] Ubers","log":"|j|\u2606MadJabberwock\n|j|\u2606Bensan v\n|t:|1700517448\n|gametype|singles\n|player|p1|MadJabberwock|bede|1038\n|player|p2|Bensan v|dawn|1000\n|teamsize|p1|6\n|teamsize|p2|6\n|gen|9\n|tier|[Gen 9] Ubers\n|rated|\n|rule|Sleep Clause Mod: Limit one foe put to sleep\n|rule|Species Clause: Limit one of each Pok\u00e9mon\n|rule|OHKO Clause: OHKO moves are banned\n|rule|Evasion Items Clause: Evasion items are banned\n|rule|Evasion Moves Clause: Evasion moves are banned\n|rule|Endless Battle Clause: Forcing endless battles is banned\n|rule|HP Percentage Mod: HP is shown in percentages\n|clearpoke\n|poke|p1|Gholdengo|\n|poke|p1|Heatran, M|\n|poke|p1|Cyclizar, F|\n|poke|p1|Vaporeon, F|\n|poke|p1|Meowscarada, M|\n|poke|p1|Urshifu-*, F|\n|poke|p2|Ogerpon-Hearthflame, F|\n|poke|p2|Sableye, M|\n|poke|p2|Meowscarada, F|\n|poke|p2|Volcarona, F|\n|poke|p2|Kingambit, M|\n|poke|p2|Rabsca, M|\n|teampreview\n|\n|t:|1700517487\n|start\n|switch|p1a: Heatran|Heatran, M|100\/100\n|switch|p2a: Sableye|Sableye, M|100\/100\n|turn|1\n|\n|t:|1700517492\n|switch|p1a: Urshifu|Urshifu, F|100\/100\n|move|p2a: Sableye|Light Screen|p2a: Sableye\n|-sidestart|p2: Bensan v|move: Light Screen\n|\n|upkeep\n|turn|2\n|\n|t:|1700517500\n|move|p2a: Sableye|Will-O-Wisp|p1a: Urshifu\n|-hint|Since gen 7, Dark is immune to Prankster moves.\n|-immune|p1a: Urshifu\n|move|p1a: Urshifu|Bulk Up|p1a: Urshifu\n|-boost|p1a: Urshifu|atk|1\n|-boost|p1a: Urshifu|def|1\n|\n|upkeep\n|turn|3\n|\n|t:|1700517510\n|move|p1a: Urshifu|Bulk Up|p1a: Urshifu\n|-boost|p1a: Urshifu|atk|1\n|-boost|p1a: Urshifu|def|1\n|move|p2a: Sableye|Knock Off|p1a: Urshifu\n|-resisted|p1a: Urshifu\n|-damage|p1a: Urshifu|98\/100\n|-enditem|p1a: Urshifu|Leftovers|[from] move: Knock Off|[of] p2a: Sableye\n|\n|upkeep\n|turn|4\n|\n|t:|1700517518\n|move|p1a: Urshifu|Bulk Up|p1a: Urshifu\n|-boost|p1a: Urshifu|atk|1\n|-boost|p1a: Urshifu|def|1\n|move|p2a: Sableye|Knock Off|p1a: Urshifu\n|-resisted|p1a: Urshifu\n|-damage|p1a: Urshifu|96\/100\n|\n|upkeep\n|turn|5\n|l|\u2606MadJabberwock\n|player|p1|\n|j|\u2606MadJabberwock\n|player|p1|MadJabberwock|bede\n|\n|t:|1700517584\n|move|p2a: Sableye|Reflect|p2a: Sableye\n|-sidestart|p2: Bensan v|Reflect\n|move|p1a: Urshifu|Bulk Up|p1a: Urshifu\n|-boost|p1a: Urshifu|atk|1\n|-boost|p1a: Urshifu|def|1\n|\n|upkeep\n|turn|6\n|inactive|Battle timer is ON: inactive players will automatically lose when time's up. (requested by MadJabberwock)\n|inactive|MadJabberwock has 120 seconds left.\n|\n|t:|1700517625\n|switch|p2a: Volcarona|Volcarona, F|100\/100\n|move|p1a: Urshifu|Bulk Up|p1a: Urshifu\n|-boost|p1a: Urshifu|atk|1\n|-boost|p1a: Urshifu|def|1\n|\n|upkeep\n|turn|7\n|\n|t:|1700517636\n|move|p2a: Volcarona|Quiver Dance|p2a: Volcarona\n|-boost|p2a: Volcarona|spa|1\n|-boost|p2a: Volcarona|spd|1\n|-boost|p2a: Volcarona|spe|1\n|move|p1a: Urshifu|Wicked Blow|p2a: Volcarona\n|-crit|p2a: Volcarona\n|-enditem|p2a: Volcarona|Focus Sash\n|-damage|p2a: Volcarona|1\/100\n|\n|upkeep\n|turn|8\n|\n|t:|1700517653\n|move|p2a: Volcarona|Fiery Dance|p1a: Urshifu\n|-damage|p1a: Urshifu|11\/100\n|move|p1a: Urshifu|Drain Punch|p2a: Volcarona\n|-resisted|p2a: Volcarona\n|-damage|p2a: Volcarona|0 fnt\n|-heal|p1a: Urshifu|11\/100|[from] drain|[of] p2a: Volcarona\n|faint|p2a: Volcarona\n|\n|-sideend|p2: Bensan v|move: Light Screen\n|upkeep\n|\n|t:|1700517665\n|switch|p2a: Fukush\u016b (venganza)|Ogerpon-Hearthflame, F|100\/100\n|-ability|p2a: Fukush\u016b (venganza)|Mold Breaker\n|turn|9\n|\n|t:|1700517670\n|-terastallize|p2a: Fukush\u016b (venganza)|Fire\n|detailschange|p2a: Fukush\u016b (venganza)|Ogerpon-Hearthflame-Tera, F, tera:Fire\n|-ability|p2a: Fukush\u016b (venganza)|Embody Aspect (Hearthflame)|boost\n|-boost|p2a: Fukush\u016b (venganza)|atk|1\n|move|p2a: Fukush\u016b (venganza)|Play Rough|p1a: Urshifu\n|-supereffective|p1a: Urshifu\n|-damage|p1a: Urshifu|0 fnt\n|faint|p1a: Urshifu\n|\n|upkeep\n|\n|t:|1700517678\n|switch|p1a: Heatran|Heatran, M|100\/100\n|turn|10\n|\n|t:|1700517685\n|move|p2a: Fukush\u016b (venganza)|Ivy Cudgel|p1a: Heatran|[anim] Ivy Cudgel Fire\n|-start|p1a: Heatran|ability: Flash Fire\n|move|p1a: Heatran|Taunt|p2a: Fukush\u016b (venganza)\n|-start|p2a: Fukush\u016b (venganza)|move: Taunt\n|\n|upkeep\n|turn|11\n|\n|t:|1700517708\n|switch|p2a: Sableye|Sableye, M|100\/100\n|move|p1a: Heatran|Earth Power|p2a: Sableye\n|-damage|p2a: Sableye|72\/100\n|\n|upkeep\n|turn|12\n|\n|t:|1700517721\n|move|p2a: Sableye|Light Screen|p2a: Sableye\n|-sidestart|p2: Bensan v|move: Light Screen\n|move|p1a: Heatran|Taunt|p2a: Sableye\n|-start|p2a: Sableye|move: Taunt\n|\n|-sideend|p2: Bensan v|Reflect\n|upkeep\n|turn|13\n|\n|t:|1700517727\n|move|p1a: Heatran|Magma Storm|p2a: Sableye|[miss]\n|-miss|p1a: Heatran|p2a: Sableye\n|move|p2a: Sableye|Knock Off|p1a: Heatran\n|-damage|p1a: Heatran|79\/100\n|-enditem|p1a: Heatran|Leftovers|[from] move: Knock Off|[of] p2a: Sableye\n|\n|upkeep\n|turn|14\n|\n|t:|1700517739\n|move|p1a: Heatran|Magma Storm|p2a: Sableye\n|-damage|p2a: Sableye|40\/100\n|-activate|p2a: Sableye|move: Magma Storm|[of] p1a: Heatran\n|move|p2a: Sableye|Knock Off|p1a: Heatran\n|-damage|p1a: Heatran|65\/100\n|\n|-damage|p2a: Sableye|27\/100|[from] move: Magma Storm|[partiallytrapped]\n|upkeep\n|turn|15\n|\n|t:|1700517745\n|move|p1a: Heatran|Stealth Rock|p2a: Sableye\n|-sidestart|p2: Bensan v|move: Stealth Rock\n|move|p2a: Sableye|Knock Off|p1a: Heatran\n|-damage|p1a: Heatran|51\/100\n|\n|-damage|p2a: Sableye|15\/100|[from] move: Magma Storm|[partiallytrapped]\n|-end|p2a: Sableye|move: Taunt\n|upkeep\n|turn|16\n|\n|t:|1700517751\n|move|p1a: Heatran|Taunt|p2a: Sableye\n|-start|p2a: Sableye|move: Taunt\n|move|p2a: Sableye|Knock Off|p1a: Heatran\n|-damage|p1a: Heatran|37\/100\n|\n|-damage|p2a: Sableye|2\/100|[from] move: Magma Storm|[partiallytrapped]\n|upkeep\n|turn|17\n|\n|t:|1700517760\n|move|p1a: Heatran|Earth Power|p2a: Sableye\n|-damage|p2a: Sableye|0 fnt\n|faint|p2a: Sableye\n|\n|upkeep\n|\n|t:|1700517782\n|switch|p2a: Kingambit|Kingambit, M|100\/100\n|-damage|p2a: Kingambit|94\/100|[from] Stealth Rock\n|-activate|p2a: Kingambit|ability: Supreme Overlord\n|-start|p2a: Kingambit|fallen2|[silent]\n|turn|18\n|\n|t:|1700517799\n|move|p2a: Kingambit|Sucker Punch|p1a: Heatran\n|-damage|p1a: Heatran|0 fnt\n|faint|p1a: Heatran\n|\n|upkeep\n|\n|t:|1700517806\n|switch|p1a: Vaporeon|Vaporeon, F|100\/100\n|turn|19\n|\n|t:|1700517816\n|move|p1a: Vaporeon|Wish|p1a: Vaporeon\n|move|p2a: Kingambit|Swords Dance|p2a: Kingambit\n|-boost|p2a: Kingambit|atk|2\n|\n|-sideend|p2: Bensan v|move: Light Screen\n|upkeep\n|turn|20\n|\n|t:|1700517826\n|move|p1a: Vaporeon|Haze|p1a: Vaporeon\n|-clearallboost\n|move|p2a: Kingambit|Swords Dance|p2a: Kingambit\n|-boost|p2a: Kingambit|atk|2\n|\n|upkeep\n|turn|21\n|\n|t:|1700517833\n|move|p1a: Vaporeon|Haze|p1a: Vaporeon\n|-clearallboost\n|move|p2a: Kingambit|Iron Head|p1a: Vaporeon\n|-resisted|p1a: Vaporeon\n|-damage|p1a: Vaporeon|79\/100\n|-damage|p2a: Kingambit|78\/100|[from] item: Rocky Helmet|[of] p1a: Vaporeon\n|\n|upkeep\n|turn|22\n|\n|t:|1700517843\n|move|p1a: Vaporeon|Scald|p2a: Kingambit\n|-crit|p2a: Kingambit\n|-damage|p2a: Kingambit|31\/100\n|move|p2a: Kingambit|Brick Break|p1a: Vaporeon\n|-damage|p1a: Vaporeon|54\/100\n|-damage|p2a: Kingambit|14\/100|[from] item: Rocky Helmet|[of] p1a: Vaporeon\n|\n|upkeep\n|turn|23\n|\n|t:|1700517851\n|move|p2a: Kingambit|Sucker Punch||[still]\n|-fail|p2a: Kingambit\n|move|p1a: Vaporeon|Wish|p1a: Vaporeon\n|\n|upkeep\n|turn|24\n|\n|t:|1700517863\n|move|p1a: Vaporeon|Haze|p1a: Vaporeon\n|-clearallboost\n|move|p2a: Kingambit|Iron Head|p1a: Vaporeon\n|-resisted|p1a: Vaporeon\n|-damage|p1a: Vaporeon|33\/100\n|-damage|p2a: Kingambit|0 fnt|[from] item: Rocky Helmet|[of] p1a: Vaporeon\n|faint|p2a: Kingambit\n|-end|p2a: Kingambit|fallen2|[silent]\n|\n|-heal|p1a: Vaporeon|83\/100|[from] move: Wish|[wisher] Vaporeon\n|upkeep\n|\n|t:|1700517869\n|switch|p2a: Meowscarada|Meowscarada, F|100\/100\n|-damage|p2a: Meowscarada|88\/100|[from] Stealth Rock\n|turn|25\n|\n|t:|1700517878\n|switch|p1a: Cyclizar|Cyclizar, F|100\/100\n|move|p2a: Meowscarada|Flower Trick|p1a: Cyclizar\n|-start|p2a: Meowscarada|typechange|Grass|[from] ability: Protean\n|-resisted|p1a: Cyclizar\n|-crit|p1a: Cyclizar\n|-damage|p1a: Cyclizar|64\/100\n|\n|upkeep\n|turn|26\n|\n|t:|1700517889\n|move|p2a: Meowscarada|Play Rough|p1a: Cyclizar\n|-supereffective|p1a: Cyclizar\n|-damage|p1a: Cyclizar|0 fnt\n|faint|p1a: Cyclizar\n|\n|upkeep\n|\n|t:|1700517903\n|switch|p1a: Meowscarada|Meowscarada, M|100\/100\n|turn|27\n|\n|t:|1700517911\n|move|p2a: Meowscarada|U-turn|p1a: Meowscarada\n|-supereffective|p1a: Meowscarada\n|-damage|p1a: Meowscarada|0 fnt\n|faint|p1a: Meowscarada\n|\n|t:|1700517918\n|switch|p2a: Fukush\u016b (venganza)|Ogerpon-Hearthflame-Tera, F, tera:Fire|100\/100|[from] U-turn\n|-damage|p2a: Fukush\u016b (venganza)|76\/100|[from] Stealth Rock\n|-ability|p2a: Fukush\u016b (venganza)|Embody Aspect (Hearthflame)|boost\n|-boost|p2a: Fukush\u016b (venganza)|atk|1\n|\n|upkeep\n|\n|t:|1700517920\n|switch|p1a: Vaporeon|Vaporeon, F|83\/100\n|turn|28\n|\n|t:|1700517926\n|move|p2a: Fukush\u016b (venganza)|Horn Leech|p1a: Vaporeon\n|-supereffective|p1a: Vaporeon\n|-crit|p1a: Vaporeon\n|-damage|p1a: Vaporeon|0 fnt\n|-heal|p2a: Fukush\u016b (venganza)|100\/100|[from] drain|[of] p1a: Vaporeon\n|-damage|p2a: Fukush\u016b (venganza)|84\/100|[from] item: Rocky Helmet|[of] p1a: Vaporeon\n|faint|p1a: Vaporeon\n|\n|upkeep\n|\n|t:|1700517929\n|switch|p1a: Gholdengo|Gholdengo|100\/100\n|-item|p1a: Gholdengo|Air Balloon\n|turn|29\n|\n|t:|1700517932\n|move|p2a: Fukush\u016b (venganza)|Ivy Cudgel|p1a: Gholdengo|[anim] Ivy Cudgel Fire\n|-supereffective|p1a: Gholdengo\n|-damage|p1a: Gholdengo|0 fnt\n|-enditem|p1a: Gholdengo|Air Balloon\n|faint|p1a: Gholdengo\n|\n|win|Bensan v\n|raw|MadJabberwock's rating: 1038 &rarr; <strong>1021<\/strong><br \/>(-17 for losing)\n|raw|Bensan v's rating: 1000 &rarr; <strong>1044<\/strong><br \/>(+44 for winning)\n","uploadtime":1700517942,"views":2,"p1id":"madjabberwock","p2id":"bensanv","formatid":"gen9ubers","rating":1021,"private":0,"password":""}