{"id":"gen9ubers-1983564653","p1":"KoziolKombat","p2":"Prof Balls","format":"[Gen 9] Ubers","log":"|j|\u2606KoziolKombat\n|j|\u2606Prof Balls\n|t:|1699143952\n|gametype|singles\n|player|p1|KoziolKombat|morty-masters2|\n|player|p2|Prof Balls|brycenman|\n|teamsize|p1|6\n|teamsize|p2|6\n|gen|9\n|tier|[Gen 9] Ubers\n|rule|Sleep Clause Mod: Limit one foe put to sleep\n|rule|Species Clause: Limit one of each Pok\u00e9mon\n|rule|OHKO Clause: OHKO moves are banned\n|rule|Evasion Items Clause: Evasion items are banned\n|rule|Evasion Moves Clause: Evasion moves are banned\n|rule|Endless Battle Clause: Forcing endless battles is banned\n|rule|HP Percentage Mod: HP is shown in percentages\n|clearpoke\n|poke|p1|Dragapult, F|\n|poke|p1|Garganacl, F|\n|poke|p1|Hatterene, F|\n|poke|p1|Annihilape, F|\n|poke|p1|Regieleki|\n|poke|p1|Volcarona, F|\n|poke|p2|Ogerpon-Wellspring, F|\n|poke|p2|Walking Wake|\n|poke|p2|Zapdos|\n|poke|p2|Hydreigon, M|\n|poke|p2|Revavroom, F|\n|poke|p2|Donphan, F|\n|teampreview\n|\n|t:|1699143969\n|start\n|switch|p1a: Annihilape|Annihilape, F|100\/100\n|switch|p2a: Hydreigon|Hydreigon, M, shiny|100\/100\n|turn|1\n|\n|t:|1699143989\n|switch|p1a: Volcarona|Volcarona, F|100\/100\n|move|p2a: Hydreigon|Draco Meteor|p1a: Volcarona\n|-damage|p1a: Volcarona|0 fnt\n|-unboost|p2a: Hydreigon|spa|2\n|faint|p1a: Volcarona\n|\n|upkeep\n|\n|t:|1699143997\n|switch|p1a: Garganacl|Garganacl, F|100\/100\n|turn|2\n|\n|t:|1699144018\n|switch|p2a: Walking Wake|Walking Wake|100\/100\n|-enditem|p2a: Walking Wake|Booster Energy\n|-activate|p2a: Walking Wake|ability: Protosynthesis|[fromitem]\n|-start|p2a: Walking Wake|protosynthesisspa\n|move|p1a: Garganacl|Salt Cure|p2a: Walking Wake\n|-damage|p2a: Walking Wake|84\/100\n|-start|p2a: Walking Wake|Salt Cure\n|\n|-damage|p2a: Walking Wake|59\/100|[from] Salt Cure\n|upkeep\n|turn|3\n|\n|t:|1699144030\n|switch|p1a: Hatterene|Hatterene, F, shiny|100\/100\n|-terastallize|p2a: Walking Wake|Water\n|move|p2a: Walking Wake|Hydro Steam|p1a: Hatterene\n|-damage|p1a: Hatterene|21\/100\n|\n|-heal|p1a: Hatterene|27\/100|[from] item: Leftovers\n|-damage|p2a: Walking Wake|35\/100|[from] Salt Cure\n|upkeep\n|turn|4\n|\n|t:|1699144041\n|move|p2a: Walking Wake|Flamethrower|p1a: Hatterene\n|-damage|p1a: Hatterene|0 fnt\n|faint|p1a: Hatterene\n|\n|-damage|p2a: Walking Wake|10\/100|[from] Salt Cure\n|upkeep\n|\n|t:|1699144047\n|switch|p1a: Regieleki|Regieleki, shiny|100\/100\n|turn|5\n|\n|t:|1699144067\n|-end|p2a: Walking Wake|Protosynthesis|[silent]\n|switch|p2a: Donphan|Donphan, F, shiny|100\/100\n|move|p1a: Regieleki|Tera Blast|p2a: Donphan\n|-damage|p2a: Donphan|68\/100\n|\n|-heal|p2a: Donphan|74\/100|[from] item: Leftovers\n|upkeep\n|turn|6\n|\n|t:|1699144073\n|-terastallize|p1a: Regieleki|Ice\n|move|p1a: Regieleki|Tera Blast|p2a: Donphan|[anim] Tera Blast Ice\n|-supereffective|p2a: Donphan\n|-damage|p2a: Donphan|0 fnt\n|faint|p2a: Donphan\n|\n|upkeep\n|\n|t:|1699144082\n|switch|p2a: Revavroom|Revavroom, F|100\/100\n|turn|7\n|\n|t:|1699144087\n|switch|p1a: Annihilape|Annihilape, F|100\/100\n|move|p2a: Revavroom|Iron Head|p1a: Annihilape\n|-damage|p1a: Annihilape|56\/100\n|\n|-heal|p1a: Annihilape|62\/100|[from] item: Leftovers\n|upkeep\n|turn|8\n|\n|t:|1699144106\n|switch|p2a: Hydreigon|Hydreigon, M, shiny|100\/100\n|move|p1a: Annihilape|Bulk Up|p1a: Annihilape\n|-boost|p1a: Annihilape|atk|1\n|-boost|p1a: Annihilape|def|1\n|\n|-heal|p1a: Annihilape|68\/100|[from] item: Leftovers\n|upkeep\n|turn|9\n|\n|t:|1699144175\n|move|p2a: Hydreigon|U-turn|p1a: Annihilape\n|-resisted|p1a: Annihilape\n|-damage|p1a: Annihilape|66\/100\n|\n|t:|1699144209\n|switch|p2a: Zapdos|Zapdos|100\/100|[from] U-turn\n|move|p1a: Annihilape|Drain Punch|p2a: Zapdos\n|-resisted|p2a: Zapdos\n|-damage|p2a: Zapdos|82\/100\n|-heal|p1a: Annihilape|74\/100|[from] drain|[of] p2a: Zapdos\n|\n|-heal|p1a: Annihilape|80\/100|[from] item: Leftovers\n|upkeep\n|turn|10\n|\n|t:|1699144229\n|move|p2a: Zapdos|Hurricane|p1a: Annihilape\n|-supereffective|p1a: Annihilape\n|-damage|p1a: Annihilape|21\/100\n|-start|p1a: Annihilape|confusion\n|-activate|p1a: Annihilape|confusion\n|move|p1a: Annihilape|Rage Fist|p2a: Zapdos\n|-damage|p2a: Zapdos|0 fnt\n|faint|p2a: Zapdos\n|\n|-heal|p1a: Annihilape|28\/100|[from] item: Leftovers\n|upkeep\n|\n|t:|1699144251\n|switch|p2a: Hydreigon|Hydreigon, M, shiny|100\/100\n|turn|11\n|\n|t:|1699144255\n|move|p2a: Hydreigon|Dark Pulse|p1a: Annihilape\n|-damage|p1a: Annihilape|0 fnt\n|faint|p1a: Annihilape\n|\n|upkeep\n|\n|t:|1699144265\n|switch|p1a: Regieleki|Regieleki, shiny, tera:Ice|100\/100\n|turn|12\n|\n|t:|1699144276\n|move|p1a: Regieleki|Thunderbolt|p2a: Hydreigon\n|-resisted|p2a: Hydreigon\n|-damage|p2a: Hydreigon|67\/100\n|move|p2a: Hydreigon|Dark Pulse|p1a: Regieleki\n|-damage|p1a: Regieleki|0 fnt\n|faint|p1a: Regieleki\n|\n|upkeep\n|\n|t:|1699144284\n|switch|p1a: Dragapult|Dragapult, F, shiny|100\/100\n|turn|13\n|\n|t:|1699144292\n|move|p1a: Dragapult|Draco Meteor|p2a: Hydreigon|[miss]\n|-miss|p1a: Dragapult|p2a: Hydreigon\n|move|p2a: Hydreigon|Dark Pulse|p1a: Dragapult\n|-supereffective|p1a: Dragapult\n|-damage|p1a: Dragapult|0 fnt\n|faint|p1a: Dragapult\n|\n|upkeep\n|\n|t:|1699144298\n|switch|p1a: Garganacl|Garganacl, F|100\/100\n|turn|14\n|\n|t:|1699144320\n|move|p2a: Hydreigon|Dark Pulse|p1a: Garganacl\n|-damage|p1a: Garganacl|46\/100\n|move|p1a: Garganacl|Salt Cure|p2a: Hydreigon\n|-damage|p2a: Hydreigon|51\/100\n|-start|p2a: Hydreigon|Salt Cure\n|\n|-heal|p1a: Garganacl|52\/100|[from] item: Leftovers\n|-damage|p2a: Hydreigon|39\/100|[from] Salt Cure\n|upkeep\n|turn|15\n|\n|t:|1699144328\n|move|p2a: Hydreigon|Dark Pulse|p1a: Garganacl\n|-damage|p1a: Garganacl|0 fnt\n|faint|p1a: Garganacl\n|\n|win|Prof Balls\n","uploadtime":1699144387,"views":13,"p1id":"koziolkombat","p2id":"profballs","formatid":"gen9ubers","rating":0,"private":0,"password":""}