{"id":"gen9ubers-1995839925","p1":"Bellatrix2022","p2":"Mickey kulpa","format":"[Gen 9] Ubers","log":"|j|\u2606Bellatrix2022\n|j|\u2606Mickey kulpa\n|t:|1700608399\n|gametype|singles\n|player|p1|Bellatrix2022|2|1019\n|player|p2|Mickey kulpa|alder|1048\n|teamsize|p1|6\n|teamsize|p2|6\n|gen|9\n|tier|[Gen 9] Ubers\n|rated|\n|rule|Sleep Clause Mod: Limit one foe put to sleep\n|rule|Species Clause: Limit one of each Pok\u00e9mon\n|rule|OHKO Clause: OHKO moves are banned\n|rule|Evasion Items Clause: Evasion items are banned\n|rule|Evasion Moves Clause: Evasion moves are banned\n|rule|Endless Battle Clause: Forcing endless battles is banned\n|rule|HP Percentage Mod: HP is shown in percentages\n|clearpoke\n|poke|p1|Baxcalibur, M|\n|poke|p1|Ninetales, F|\n|poke|p1|Lilligant, F|\n|poke|p1|Sinistcha|\n|poke|p1|Kleavor, M|\n|poke|p1|Sableye, F|\n|poke|p2|Rillaboom, M|\n|poke|p2|Infernape, F|\n|poke|p2|Greninja-*, M|\n|poke|p2|Walking Wake|\n|poke|p2|Sneasler, F|\n|poke|p2|Iron Leaves|\n|teampreview\n|\n|t:|1700608405\n|start\n|switch|p1a: Kleavor|Kleavor, M|100\/100\n|switch|p2a: Rillaboom|Rillaboom, M, shiny|100\/100\n|-fieldstart|move: Grassy Terrain|[from] ability: Grassy Surge|[of] p2a: Rillaboom\n|-enditem|p2a: Rillaboom|Grassy Seed\n|-boost|p2a: Rillaboom|def|1|[from] item: Grassy Seed\n|turn|1\n|\n|t:|1700608417\n|move|p1a: Kleavor|U-turn|p2a: Rillaboom\n|-supereffective|p2a: Rillaboom\n|-damage|p2a: Rillaboom|47\/100\n|\n|t:|1700608423\n|switch|p1a: Sableye|Sableye, F|100\/100|[from] U-turn\n|move|p2a: Rillaboom|Drain Punch|p1a: Sableye\n|-immune|p1a: Sableye\n|\n|-heal|p2a: Rillaboom|54\/100|[from] Grassy Terrain\n|upkeep\n|turn|2\n|\n|t:|1700608437\n|move|p1a: Sableye|Encore|p2a: Rillaboom\n|-start|p2a: Rillaboom|Encore\n|move|p2a: Rillaboom|Drain Punch|p1a: Sableye\n|-immune|p1a: Sableye\n|\n|-heal|p2a: Rillaboom|60\/100|[from] Grassy Terrain\n|upkeep\n|turn|3\n|\n|t:|1700608450\n|switch|p2a: Infernape|Infernape, F|100\/100\n|move|p1a: Sableye|Foul Play|p2a: Infernape\n|-resisted|p2a: Infernape\n|-damage|p2a: Infernape|75\/100\n|\n|-heal|p2a: Infernape|81\/100|[from] Grassy Terrain\n|upkeep\n|turn|4\n|\n|t:|1700608473\n|move|p1a: Sableye|Thunder Wave|p2a: Infernape|[miss]\n|-miss|p1a: Sableye|p2a: Infernape\n|move|p2a: Infernape|Fire Blast|p1a: Sableye\n|-damage|p1a: Sableye|19\/100\n|\n|-heal|p2a: Infernape|87\/100|[from] Grassy Terrain\n|-heal|p1a: Sableye|25\/100|[from] Grassy Terrain\n|-heal|p1a: Sableye|31\/100|[from] item: Leftovers\n|upkeep\n|turn|5\n|\n|t:|1700608490\n|move|p1a: Sableye|Thunder Wave|p2a: Infernape\n|-status|p2a: Infernape|par\n|move|p2a: Infernape|Fire Blast|p1a: Sableye\n|-damage|p1a: Sableye|0 fnt\n|faint|p1a: Sableye\n|\n|-heal|p2a: Infernape|93\/100 par|[from] Grassy Terrain\n|-fieldend|move: Grassy Terrain\n|upkeep\n|\n|t:|1700608504\n|switch|p1a: Kleavor|Kleavor, M|100\/100\n|turn|6\n|\n|t:|1700608517\n|move|p1a: Kleavor|Stone Axe|p2a: Infernape\n|-damage|p2a: Infernape|23\/100 par\n|-sidestart|p2: Mickey kulpa|move: Stealth Rock\n|move|p2a: Infernape|Aura Sphere|p1a: Kleavor\n|-damage|p1a: Kleavor|48\/100\n|\n|upkeep\n|turn|7\n|\n|t:|1700608524\n|move|p1a: Kleavor|Stone Axe|p2a: Infernape\n|-damage|p2a: Infernape|0 fnt\n|faint|p2a: Infernape\n|\n|upkeep\n|\n|t:|1700608532\n|switch|p2a: Rillaboom|Rillaboom, M, shiny|60\/100\n|-damage|p2a: Rillaboom|47\/100|[from] Stealth Rock\n|-fieldstart|move: Grassy Terrain|[from] ability: Grassy Surge|[of] p2a: Rillaboom\n|turn|8\n|\n|t:|1700608544\n|switch|p1a: Sinistcha|Sinistcha, shiny|100\/100\n|move|p2a: Rillaboom|Drum Beating|p1a: Sinistcha\n|-resisted|p1a: Sinistcha\n|-damage|p1a: Sinistcha|81\/100\n|-unboost|p1a: Sinistcha|spe|1\n|\n|-heal|p2a: Rillaboom|53\/100|[from] Grassy Terrain\n|-heal|p1a: Sinistcha|87\/100|[from] Grassy Terrain\n|-heal|p1a: Sinistcha|94\/100|[from] item: Leftovers\n|upkeep\n|turn|9\n|inactive|Battle timer is ON: inactive players will automatically lose when time's up. (requested by Bellatrix2022)\n|\n|t:|1700608588\n|move|p2a: Rillaboom|Acrobatics|p1a: Sinistcha\n|-supereffective|p1a: Sinistcha\n|-damage|p1a: Sinistcha|46\/100\n|move|p1a: Sinistcha|Calm Mind|p1a: Sinistcha\n|-boost|p1a: Sinistcha|spa|1\n|-boost|p1a: Sinistcha|spd|1\n|\n|-heal|p2a: Rillaboom|59\/100|[from] Grassy Terrain\n|-heal|p1a: Sinistcha|52\/100|[from] Grassy Terrain\n|-heal|p1a: Sinistcha|58\/100|[from] item: Leftovers\n|upkeep\n|turn|10\n|\n|t:|1700608608\n|-terastallize|p1a: Sinistcha|Steel\n|move|p2a: Rillaboom|Acrobatics|p1a: Sinistcha\n|-resisted|p1a: Sinistcha\n|-damage|p1a: Sinistcha|46\/100\n|move|p1a: Sinistcha|Matcha Gotcha|p2a: Rillaboom\n|-resisted|p2a: Rillaboom\n|-damage|p2a: Rillaboom|23\/100\n|-heal|p1a: Sinistcha|65\/100|[from] drain|[of] p2a: Rillaboom\n|\n|-heal|p2a: Rillaboom|29\/100|[from] Grassy Terrain\n|-heal|p1a: Sinistcha|71\/100|[from] Grassy Terrain\n|-heal|p1a: Sinistcha|77\/100|[from] item: Leftovers\n|upkeep\n|turn|11\n|\n|t:|1700608625\n|move|p2a: Rillaboom|Drain Punch|p1a: Sinistcha\n|-supereffective|p1a: Sinistcha\n|-damage|p1a: Sinistcha|39\/100\n|-heal|p2a: Rillaboom|47\/100|[from] drain|[of] p1a: Sinistcha\n|move|p1a: Sinistcha|Iron Defense|p1a: Sinistcha\n|-boost|p1a: Sinistcha|def|2\n|\n|-heal|p2a: Rillaboom|54\/100|[from] Grassy Terrain\n|-heal|p1a: Sinistcha|45\/100|[from] Grassy Terrain\n|-heal|p1a: Sinistcha|51\/100|[from] item: Leftovers\n|upkeep\n|turn|12\n|inactive|Bellatrix2022 has 120 seconds left.\n|\n|t:|1700608641\n|move|p2a: Rillaboom|Drain Punch|p1a: Sinistcha\n|-supereffective|p1a: Sinistcha\n|-damage|p1a: Sinistcha|34\/100\n|-heal|p2a: Rillaboom|61\/100|[from] drain|[of] p1a: Sinistcha\n|move|p1a: Sinistcha|Matcha Gotcha|p2a: Rillaboom\n|-resisted|p2a: Rillaboom\n|-damage|p2a: Rillaboom|26\/100\n|-heal|p1a: Sinistcha|53\/100|[from] drain|[of] p2a: Rillaboom\n|\n|-heal|p2a: Rillaboom|32\/100|[from] Grassy Terrain\n|-heal|p1a: Sinistcha|59\/100|[from] Grassy Terrain\n|-heal|p1a: Sinistcha|66\/100|[from] item: Leftovers\n|-fieldend|move: Grassy Terrain\n|upkeep\n|turn|13\n|inactive|Bellatrix2022 has 120 seconds left.\n|\n|t:|1700608657\n|switch|p2a: Sneasler|Sneasler, F|100\/100\n|-damage|p2a: Sneasler|94\/100|[from] Stealth Rock\n|move|p1a: Sinistcha|Matcha Gotcha|p2a: Sneasler\n|-resisted|p2a: Sneasler\n|-damage|p2a: Sneasler|66\/100\n|-heal|p1a: Sinistcha|79\/100|[from] drain|[of] p2a: Sneasler\n|\n|-heal|p1a: Sinistcha|85\/100|[from] item: Leftovers\n|upkeep\n|turn|14\n|inactive|Bellatrix2022 has 120 seconds left.\n|\n|t:|1700608676\n|move|p2a: Sneasler|Brick Break|p1a: Sinistcha\n|-supereffective|p1a: Sinistcha\n|-damage|p1a: Sinistcha|58\/100\n|move|p1a: Sinistcha|Iron Defense|p1a: Sinistcha\n|-boost|p1a: Sinistcha|def|2\n|\n|-heal|p1a: Sinistcha|64\/100|[from] item: Leftovers\n|upkeep\n|turn|15\n|\n|t:|1700608689\n|move|p2a: Sneasler|Shadow Ball|p1a: Sinistcha\n|-damage|p1a: Sinistcha|58\/100\n|move|p1a: Sinistcha|Tera Blast|p2a: Sneasler|[anim] Tera Blast Steel\n|-damage|p2a: Sneasler|16\/100\n|\n|-heal|p1a: Sinistcha|64\/100|[from] item: Leftovers\n|upkeep\n|turn|16\n|\n|t:|1700608699\n|move|p2a: Sneasler|Brick Break|p1a: Sinistcha\n|-supereffective|p1a: Sinistcha\n|-damage|p1a: Sinistcha|44\/100\n|move|p1a: Sinistcha|Matcha Gotcha|p2a: Sneasler\n|-resisted|p2a: Sneasler\n|-damage|p2a: Sneasler|0 fnt\n|-heal|p1a: Sinistcha|52\/100|[from] drain|[of] p2a: Sneasler\n|faint|p2a: Sneasler\n|\n|-heal|p1a: Sinistcha|58\/100|[from] item: Leftovers\n|upkeep\n|\n|t:|1700608719\n|switch|p2a: Greninja|Greninja, M|100\/100\n|-damage|p2a: Greninja|88\/100|[from] Stealth Rock\n|turn|17\n|inactive|Bellatrix2022 has 120 seconds left.\n|\n|t:|1700608727\n|switch|p2a: Iron Leaves|Iron Leaves|100\/100\n|-damage|p2a: Iron Leaves|88\/100|[from] Stealth Rock\n|move|p1a: Sinistcha|Matcha Gotcha|p2a: Iron Leaves\n|-resisted|p2a: Iron Leaves\n|-damage|p2a: Iron Leaves|67\/100\n|-heal|p1a: Sinistcha|68\/100|[from] drain|[of] p2a: Iron Leaves\n|\n|-heal|p1a: Sinistcha|74\/100|[from] item: Leftovers\n|upkeep\n|turn|18\n|inactive|Bellatrix2022 has 120 seconds left.\n|\n|t:|1700608749\n|-terastallize|p2a: Iron Leaves|Psychic\n|move|p2a: Iron Leaves|Close Combat|p1a: Sinistcha\n|-supereffective|p1a: Sinistcha\n|-damage|p1a: Sinistcha|50\/100\n|-unboost|p2a: Iron Leaves|def|1\n|-unboost|p2a: Iron Leaves|spd|1\n|move|p1a: Sinistcha|Tera Blast|p2a: Iron Leaves|[anim] Tera Blast Steel\n|-damage|p2a: Iron Leaves|7\/100\n|\n|-heal|p1a: Sinistcha|56\/100|[from] item: Leftovers\n|upkeep\n|turn|19\n|-message|Mickey kulpa forfeited.\n|\n|win|Bellatrix2022\n|raw|Bellatrix2022's rating: 1019 &rarr; <strong>1059<\/strong><br \/>(+40 for winning)\n|raw|Mickey kulpa's rating: 1048 &rarr; <strong>1029<\/strong><br \/>(-19 for losing)\n|l|\u2606Mickey kulpa\n","uploadtime":1700608774,"views":15,"p1id":"bellatrix2022","p2id":"mickeykulpa","formatid":"gen9ubers","rating":1029,"private":0,"password":""}