{"id":"gen9ubers-1992503730","p1":"Pidgeot is good","p2":"Ascatevil","format":"[Gen 9] Ubers","log":"|j|\u2606Pidgeot is good\n|j|\u2606Ascatevil\n|t:|1700196125\n|gametype|singles\n|player|p1|Pidgeot is good|red|\n|player|p2|Ascatevil|265|\n|teamsize|p1|6\n|teamsize|p2|6\n|gen|9\n|tier|[Gen 9] Ubers\n|rule|Sleep Clause Mod: Limit one foe put to sleep\n|rule|Species Clause: Limit one of each Pok\u00e9mon\n|rule|OHKO Clause: OHKO moves are banned\n|rule|Evasion Items Clause: Evasion items are banned\n|rule|Evasion Moves Clause: Evasion moves are banned\n|rule|Endless Battle Clause: Forcing endless battles is banned\n|rule|HP Percentage Mod: HP is shown in percentages\n|clearpoke\n|poke|p1|Torterra, F|\n|poke|p1|Roaring Moon|\n|poke|p1|Kingambit, M|\n|poke|p1|Quagsire, M|\n|poke|p1|Gliscor, M|\n|poke|p1|Ditto|\n|poke|p2|Iron Treads|\n|poke|p2|Baxcalibur, M|\n|poke|p2|Alomomola, M|\n|poke|p2|Espeon, M|\n|poke|p2|Samurott-Hisui, F|\n|poke|p2|Ribombee, F|\n|teampreview\n|j| Red_Knight64\n|j| Greninja3040\n|c| Greninja3040|Spooky\n|\n|t:|1700196144\n|start\n|switch|p1a: Hello City|Gliscor, M, shiny|100\/100\n|switch|p2a: Ribombee|Ribombee, F|100\/100\n|turn|1\n|\n|t:|1700196158\n|move|p2a: Ribombee|Reflect|p2a: Ribombee\n|-sidestart|p2: Ascatevil|Reflect\n|move|p1a: Hello City|Swords Dance|p1a: Hello City\n|-boost|p1a: Hello City|atk|2\n|\n|-status|p1a: Hello City|tox|[from] item: Toxic Orb\n|upkeep\n|turn|2\n|c|\u2606Pidgeot is good|Glhf\n|\n|t:|1700196258\n|switch|p2a: Baxcalibur|Baxcalibur, M|100\/100\n|move|p1a: Hello City|Dual Wingbeat|p2a: Baxcalibur\n|-damage|p2a: Baxcalibur|86\/100\n|-damage|p2a: Baxcalibur|72\/100\n|-hitcount|p2a: Baxcalibur|2\n|\n|upkeep\n|turn|3\n|\n|t:|1700196276\n|move|p2a: Baxcalibur|Ice Shard|p1a: Hello City\n|-supereffective|p1a: Hello City\n|-damage|p1a: Hello City|13\/100 tox\n|move|p1a: Hello City|Stealth Rock|p2a: Baxcalibur\n|-sidestart|p2: Ascatevil|move: Stealth Rock\n|\n|-heal|p1a: Hello City|25\/100 tox|[from] ability: Poison Heal\n|upkeep\n|turn|4\n|\n|t:|1700196311\n|move|p2a: Baxcalibur|Ice Shard|p1a: Hello City\n|-supereffective|p1a: Hello City\n|-damage|p1a: Hello City|0 fnt\n|faint|p1a: Hello City\n|\n|upkeep\n|\n|t:|1700196360\n|switch|p1a: Call and Answer|Quagsire, M, shiny|100\/100\n|turn|5\n|\n|t:|1700196366\n|switch|p2a: Espeon|Espeon, M|100\/100\n|-damage|p2a: Espeon|88\/100|[from] Stealth Rock\n|move|p1a: Call and Answer|Curse|p1a: Call and Answer\n|-unboost|p1a: Call and Answer|spe|1\n|-boost|p1a: Call and Answer|atk|1\n|-boost|p1a: Call and Answer|def|1\n|\n|-sideend|p2: Ascatevil|Reflect\n|upkeep\n|turn|6\n|\n|t:|1700196376\n|move|p2a: Espeon|Trick|p1a: Call and Answer\n|-activate|p2a: Espeon|move: Trick|[of] p1a: Call and Answer\n|-item|p1a: Call and Answer|Choice Scarf|[from] move: Trick\n|-item|p2a: Espeon|Leftovers|[from] move: Trick\n|move|p1a: Call and Answer|Earthquake|p2a: Espeon\n|-damage|p2a: Espeon|0 fnt\n|faint|p2a: Espeon\n|\n|upkeep\n|\n|t:|1700196401\n|switch|p2a: Samurott|Samurott-Hisui, F|100\/100\n|-damage|p2a: Samurott|88\/100|[from] Stealth Rock\n|turn|7\n|\n|t:|1700196424\n|move|p2a: Samurott|Ceaseless Edge|p1a: Call and Answer\n|-damage|p1a: Call and Answer|78\/100\n|-sidestart|p1: Pidgeot is good|Spikes\n|move|p1a: Call and Answer|Earthquake|p2a: Samurott\n|-damage|p2a: Samurott|28\/100\n|\n|upkeep\n|turn|8\n|\n|t:|1700196440\n|switch|p1a: TooLittleToo Late|Kingambit, M, shiny|100\/100\n|-activate|p1a: TooLittleToo Late|ability: Supreme Overlord\n|-start|p1a: TooLittleToo Late|fallen1|[silent]\n|move|p2a: Samurott|Ceaseless Edge|p1a: TooLittleToo Late\n|-resisted|p1a: TooLittleToo Late\n|-damage|p1a: TooLittleToo Late|84\/100\n|-sidestart|p1: Pidgeot is good|Spikes\n|\n|upkeep\n|turn|9\n|\n|t:|1700196454\n|move|p2a: Samurott|Encore||[still]\n|-fail|p2a: Samurott\n|move|p1a: TooLittleToo Late|Swords Dance|p1a: TooLittleToo Late\n|-boost|p1a: TooLittleToo Late|atk|2\n|\n|upkeep\n|turn|10\n|\n|t:|1700196459\n|move|p1a: TooLittleToo Late|Sucker Punch||[still]\n|-fail|p1a: TooLittleToo Late\n|move|p2a: Samurott|Encore|p1a: TooLittleToo Late\n|-start|p1a: TooLittleToo Late|Encore\n|\n|upkeep\n|turn|11\n|\n|t:|1700196479\n|-end|p1a: TooLittleToo Late|fallen1|[silent]\n|switch|p1a: Helicopters|Roaring Moon, shiny|100\/100\n|-damage|p1a: Helicopters|84\/100|[from] Spikes\n|-enditem|p1a: Helicopters|Booster Energy\n|-activate|p1a: Helicopters|ability: Protosynthesis|[fromitem]\n|-start|p1a: Helicopters|protosynthesisspe\n|move|p2a: Samurott|Sacred Sword|p1a: Helicopters\n|-supereffective|p1a: Helicopters\n|-damage|p1a: Helicopters|0 fnt\n|faint|p1a: Helicopters\n|-end|p1a: Helicopters|Protosynthesis|[silent]\n|\n|upkeep\n|\n|t:|1700196489\n|switch|p1a: Pinch Me|Torterra, F, shiny|100\/100\n|turn|12\n|l|\u2606Pidgeot is good\n|player|p1|\n|j|\u2606Pidgeot is good\n|player|p1|Pidgeot is good|red\n|\n|t:|1700196525\n|move|p2a: Samurott|Encore||[still]\n|-fail|p2a: Samurott\n|move|p1a: Pinch Me|Shell Smash|p1a: Pinch Me\n|-unboost|p1a: Pinch Me|def|1\n|-unboost|p1a: Pinch Me|spd|1\n|-boost|p1a: Pinch Me|atk|2\n|-boost|p1a: Pinch Me|spa|2\n|-boost|p1a: Pinch Me|spe|2\n|\n|upkeep\n|turn|13\n|\n|t:|1700196537\n|move|p1a: Pinch Me|Earthquake|p2a: Samurott\n|-damage|p2a: Samurott|0 fnt\n|faint|p2a: Samurott\n|\n|upkeep\n|\n|t:|1700196544\n|switch|p2a: Iron Treads|Iron Treads|100\/100\n|-damage|p2a: Iron Treads|97\/100|[from] Stealth Rock\n|turn|14\n|\n|t:|1700196559\n|move|p1a: Pinch Me|Earthquake|p2a: Iron Treads\n|-supereffective|p2a: Iron Treads\n|-damage|p2a: Iron Treads|0 fnt\n|faint|p2a: Iron Treads\n|-end|p2a: Iron Treads|Quark Drive|[silent]\n|\n|upkeep\n|\n|t:|1700196564\n|switch|p2a: Alomomola|Alomomola, M|100\/100\n|-damage|p2a: Alomomola|88\/100|[from] Stealth Rock\n|turn|15\n|\n|t:|1700196592\n|move|p1a: Pinch Me|Earthquake|p2a: Alomomola\n|-damage|p2a: Alomomola|39\/100\n|-enditem|p2a: Alomomola|Red Card|[of] p1a: Pinch Me\n|drag|p1a: Call and Answer|Quagsire, M, shiny|78\/100\n|-damage|p1a: Call and Answer|62\/100|[from] Spikes\n|move|p2a: Alomomola|Icy Wind|p1a: Call and Answer\n|-damage|p1a: Call and Answer|54\/100\n|-unboost|p1a: Call and Answer|spe|1\n|\n|upkeep\n|turn|16\n|\n|t:|1700196605\n|move|p2a: Alomomola|Wish|p2a: Alomomola\n|move|p1a: Call and Answer|Recover|p1a: Call and Answer\n|-heal|p1a: Call and Answer|100\/100\n|\n|upkeep\n|turn|17\n|\n|t:|1700196616\n|switch|p1a: TooLittleToo Late|Kingambit, M, shiny|84\/100\n|-activate|p1a: TooLittleToo Late|ability: Supreme Overlord\n|-start|p1a: TooLittleToo Late|fallen2|[silent]\n|move|p2a: Alomomola|Icy Wind|p1a: TooLittleToo Late\n|-resisted|p1a: TooLittleToo Late\n|-damage|p1a: TooLittleToo Late|80\/100\n|-unboost|p1a: TooLittleToo Late|spe|1\n|\n|-heal|p2a: Alomomola|89\/100|[from] move: Wish|[wisher] Alomomola\n|upkeep\n|turn|18\n|\n|t:|1700196636\n|move|p2a: Alomomola|Wish|p2a: Alomomola\n|move|p1a: TooLittleToo Late|Iron Head|p2a: Alomomola\n|-resisted|p2a: Alomomola\n|-damage|p2a: Alomomola|74\/100\n|\n|upkeep\n|turn|19\n|\n|t:|1700196649\n|move|p2a: Alomomola|Scald|p1a: TooLittleToo Late\n|-damage|p1a: TooLittleToo Late|63\/100\n|-status|p1a: TooLittleToo Late|brn\n|move|p1a: TooLittleToo Late|Iron Head|p2a: Alomomola\n|-resisted|p2a: Alomomola\n|-damage|p2a: Alomomola|66\/100\n|\n|-heal|p2a: Alomomola|100\/100|[from] move: Wish|[wisher] Alomomola\n|-damage|p1a: TooLittleToo Late|57\/100 brn|[from] brn\n|upkeep\n|turn|20\n|\n|t:|1700196673\n|move|p2a: Alomomola|Wish|p2a: Alomomola\n|move|p1a: TooLittleToo Late|Swords Dance|p1a: TooLittleToo Late\n|-boost|p1a: TooLittleToo Late|atk|2\n|\n|-damage|p1a: TooLittleToo Late|51\/100 brn|[from] brn\n|upkeep\n|turn|21\n|\n|t:|1700196691\n|move|p2a: Alomomola|Scald|p1a: TooLittleToo Late\n|-damage|p1a: TooLittleToo Late|36\/100 brn\n|move|p1a: TooLittleToo Late|Brick Break|p2a: Alomomola\n|-damage|p2a: Alomomola|81\/100\n|\n|-heal|p2a: Alomomola|100\/100|[from] move: Wish|[wisher] Alomomola\n|-damage|p1a: TooLittleToo Late|30\/100 brn|[from] brn\n|upkeep\n|turn|22\n|\n|t:|1700196703\n|-end|p1a: TooLittleToo Late|fallen2|[silent]\n|switch|p1a: If I had 1 000 000|Ditto, shiny|100\/100\n|-damage|p1a: If I had 1 000 000|84\/100|[from] Spikes\n|-transform|p1a: If I had 1 000 000|p2a: Alomomola|[from] ability: Imposter\n|move|p2a: Alomomola|Wish|p2a: Alomomola\n|\n|upkeep\n|turn|23\n|\n|t:|1700196716\n|move|p1a: If I had 1 000 000|Wish|p1a: If I had 1 000 000\n|move|p2a: Alomomola|Scald|p1a: If I had 1 000 000\n|-resisted|p1a: If I had 1 000 000\n|-damage|p1a: If I had 1 000 000|65\/100\n|\n|upkeep\n|turn|24\n|\n|t:|1700196739\n|switch|p1a: TooLittleToo Late|Kingambit, M, shiny|30\/100 brn\n|-activate|p1a: TooLittleToo Late|ability: Supreme Overlord\n|-start|p1a: TooLittleToo Late|fallen2|[silent]\n|move|p2a: Alomomola|Wish|p2a: Alomomola\n|\n|-heal|p1a: TooLittleToo Late|65\/100 brn|[from] move: Wish|[wisher] If I had 1 000 000\n|-damage|p1a: TooLittleToo Late|59\/100 brn|[from] brn\n|upkeep\n|turn|25\n|\n|t:|1700196765\n|-end|p1a: TooLittleToo Late|fallen2|[silent]\n|switch|p1a: Pinch Me|Torterra, F, shiny|100\/100\n|move|p2a: Alomomola|Scald|p1a: Pinch Me\n|-damage|p1a: Pinch Me|86\/100\n|\n|upkeep\n|turn|26\n|\n|t:|1700196785\n|move|p1a: Pinch Me|Shell Smash|p1a: Pinch Me\n|-unboost|p1a: Pinch Me|def|1\n|-unboost|p1a: Pinch Me|spd|1\n|-boost|p1a: Pinch Me|atk|2\n|-boost|p1a: Pinch Me|spa|2\n|-boost|p1a: Pinch Me|spe|2\n|move|p2a: Alomomola|Icy Wind|p1a: Pinch Me\n|-supereffective|p1a: Pinch Me\n|-damage|p1a: Pinch Me|37\/100\n|-unboost|p1a: Pinch Me|spe|1\n|\n|upkeep\n|turn|27\n|\n|t:|1700196801\n|move|p1a: Pinch Me|Wood Hammer|p2a: Alomomola\n|-supereffective|p2a: Alomomola\n|-damage|p2a: Alomomola|0 fnt\n|faint|p2a: Alomomola\n|-damage|p1a: Pinch Me|0 fnt|[from] Recoil\n|faint|p1a: Pinch Me\n|\n|upkeep\n|\n|t:|1700196827\n|switch|p1a: Call and Answer|Quagsire, M, shiny|100\/100\n|switch|p2a: Ribombee|Ribombee, F|100\/100\n|-damage|p2a: Ribombee|76\/100|[from] Stealth Rock\n|-damage|p1a: Call and Answer|84\/100|[from] Spikes\n|turn|28\n|\n|t:|1700196833\n|move|p2a: Ribombee|Reflect|p2a: Ribombee\n|-sidestart|p2: Ascatevil|Reflect\n|move|p1a: Call and Answer|Aqua Tail|p2a: Ribombee\n|-damage|p2a: Ribombee|51\/100\n|\n|upkeep\n|turn|29\n|\n|t:|1700196840\n|move|p2a: Ribombee|Quiver Dance|p2a: Ribombee\n|-boost|p2a: Ribombee|spa|1\n|-boost|p2a: Ribombee|spd|1\n|-boost|p2a: Ribombee|spe|1\n|move|p1a: Call and Answer|Aqua Tail|p2a: Ribombee|[miss]\n|-miss|p1a: Call and Answer|p2a: Ribombee\n|\n|upkeep\n|turn|30\n|\n|t:|1700196846\n|move|p2a: Ribombee|Draining Kiss|p1a: Call and Answer\n|-damage|p1a: Call and Answer|55\/100\n|-heal|p2a: Ribombee|84\/100|[from] drain|[of] p1a: Call and Answer\n|move|p1a: Call and Answer|Aqua Tail|p2a: Ribombee\n|-damage|p2a: Ribombee|59\/100\n|\n|upkeep\n|turn|31\n|\n|t:|1700196861\n|move|p2a: Ribombee|Quiver Dance|p2a: Ribombee\n|-boost|p2a: Ribombee|spa|1\n|-boost|p2a: Ribombee|spd|1\n|-boost|p2a: Ribombee|spe|1\n|move|p1a: Call and Answer|Aqua Tail|p2a: Ribombee\n|-damage|p2a: Ribombee|33\/100\n|\n|upkeep\n|turn|32\n|\n|t:|1700196867\n|move|p2a: Ribombee|Draining Kiss|p1a: Call and Answer\n|-damage|p1a: Call and Answer|26\/100\n|-heal|p2a: Ribombee|66\/100|[from] drain|[of] p1a: Call and Answer\n|move|p1a: Call and Answer|Aqua Tail|p2a: Ribombee\n|-damage|p2a: Ribombee|38\/100\n|\n|-sideend|p2: Ascatevil|Reflect\n|upkeep\n|turn|33\n|\n|t:|1700196874\n|move|p2a: Ribombee|Reflect|p2a: Ribombee\n|-sidestart|p2: Ascatevil|Reflect\n|move|p1a: Call and Answer|Aqua Tail|p2a: Ribombee\n|-damage|p2a: Ribombee|13\/100\n|\n|upkeep\n|turn|34\n|\n|t:|1700196880\n|move|p2a: Ribombee|Draining Kiss|p1a: Call and Answer\n|-damage|p1a: Call and Answer|0 fnt\n|-heal|p2a: Ribombee|41\/100|[from] drain|[of] p1a: Call and Answer\n|faint|p1a: Call and Answer\n|\n|upkeep\n|\n|t:|1700196882\n|switch|p1a: If I had 1 000 000|Ditto, shiny|98\/100\n|-damage|p1a: If I had 1 000 000|82\/100|[from] Spikes\n|-transform|p1a: If I had 1 000 000|p2a: Ribombee|[from] ability: Imposter\n|turn|35\n|\n|t:|1700196895\n|move|p1a: If I had 1 000 000|Moonblast|p2a: Ribombee\n|-damage|p2a: Ribombee|0 fnt\n|faint|p2a: Ribombee\n|\n|upkeep\n|\n|t:|1700196898\n|switch|p2a: Baxcalibur|Baxcalibur, M|72\/100\n|-damage|p2a: Baxcalibur|47\/100|[from] Stealth Rock\n|turn|36\n|\n|t:|1700196900\n|move|p2a: Baxcalibur|Ice Shard|p1a: If I had 1 000 000\n|-damage|p1a: If I had 1 000 000|30\/100\n|move|p1a: If I had 1 000 000|Moonblast|p2a: Baxcalibur\n|-supereffective|p2a: Baxcalibur\n|-damage|p2a: Baxcalibur|0 fnt\n|faint|p2a: Baxcalibur\n|\n|win|Pidgeot is good\n","uploadtime":1700196905,"views":34,"p1id":"pidgeotisgood","p2id":"ascatevil","formatid":"gen9ubers","rating":0,"private":0,"password":""}