{"id":"gen9ubers-1992637451","p1":"haydos1998","p2":"MIDNIGHTMINAA","format":"[Gen 9] Ubers","log":"|j|\u2606haydos1998\n|j|\u2606MIDNIGHTMINAA\n|t:|1700218533\n|gametype|singles\n|player|p1|haydos1998|1|\n|player|p2|MIDNIGHTMINAA|cynthia|\n|teamsize|p1|6\n|teamsize|p2|6\n|gen|9\n|tier|[Gen 9] Ubers\n|rule|Sleep Clause Mod: Limit one foe put to sleep\n|rule|Species Clause: Limit one of each Pok\u00e9mon\n|rule|OHKO Clause: OHKO moves are banned\n|rule|Evasion Items Clause: Evasion items are banned\n|rule|Evasion Moves Clause: Evasion moves are banned\n|rule|Endless Battle Clause: Forcing endless battles is banned\n|rule|HP Percentage Mod: HP is shown in percentages\n|clearpoke\n|poke|p1|Scyther, F|\n|poke|p1|Gabite, M|\n|poke|p1|Sneasel, M|\n|poke|p1|Monferno, F|\n|poke|p1|Dusclops, F|\n|poke|p1|Haunter, M|\n|poke|p2|Sneasel-Hisui, M|\n|poke|p2|Raboot, F|\n|poke|p2|Scyther, M|\n|poke|p2|Drakloak, F|\n|poke|p2|Drizzile, F|\n|poke|p2|Magneton|\n|teampreview\n|\n|t:|1700218546\n|start\n|switch|p1a: Monferno|Monferno, F|100\/100\n|switch|p2a: Sneasel|Sneasel-Hisui, M|100\/100\n|turn|1\n|\n|t:|1700218565\n|move|p2a: Sneasel|Toxic Spikes|p1a: Monferno\n|-sidestart|p1: haydos1998|move: Toxic Spikes\n|move|p1a: Monferno|Fire Punch|p2a: Sneasel\n|-damage|p2a: Sneasel|26\/100\n|\n|upkeep\n|turn|2\n|\n|t:|1700218594\n|move|p2a: Sneasel|Toxic Spikes|p1a: Monferno\n|-sidestart|p1: haydos1998|move: Toxic Spikes\n|move|p1a: Monferno|Drain Punch|p2a: Sneasel\n|-resisted|p2a: Sneasel\n|-damage|p2a: Sneasel|0 fnt\n|faint|p2a: Sneasel\n|\n|upkeep\n|\n|t:|1700218611\n|switch|p2a: Drakloak|Drakloak, F, shiny|100\/100\n|turn|3\n|\n|t:|1700218630\n|move|p2a: Drakloak|Psychic Fangs|p1a: Monferno\n|-supereffective|p1a: Monferno\n|-damage|p1a: Monferno|9\/100\n|move|p1a: Monferno|Drain Punch|p2a: Drakloak\n|-immune|p2a: Drakloak\n|\n|-heal|p1a: Monferno|15\/100|[from] item: Leftovers\n|upkeep\n|turn|4\n|\n|t:|1700218644\n|move|p2a: Drakloak|Psychic Fangs|p1a: Monferno\n|-supereffective|p1a: Monferno\n|-damage|p1a: Monferno|0 fnt\n|faint|p1a: Monferno\n|\n|upkeep\n|\n|t:|1700218662\n|switch|p1a: Sneasel|Sneasel, M|100\/100\n|-status|p1a: Sneasel|tox\n|turn|5\n|\n|t:|1700218687\n|switch|p2a: Magneton|Magneton, shiny|100\/100\n|move|p1a: Sneasel|Foul Play|p2a: Magneton\n|-damage|p2a: Magneton|87\/100\n|\n|-damage|p1a: Sneasel|95\/100 tox|[from] psn\n|upkeep\n|turn|6\n|\n|t:|1700218699\n|switch|p1a: Dusclops|Dusclops, F, shiny|100\/100\n|-status|p1a: Dusclops|tox\n|-item|p2a: Magneton|Eviolite|[from] ability: Frisk|[of] p1a: Dusclops|[identify]\n|move|p2a: Magneton|Thunderbolt|p1a: Dusclops\n|-damage|p1a: Dusclops|65\/100 tox\n|\n|-heal|p1a: Dusclops|71\/100 tox|[from] item: Leftovers\n|-damage|p1a: Dusclops|65\/100 tox|[from] psn\n|upkeep\n|turn|7\n|\n|t:|1700218718\n|move|p2a: Magneton|Discharge|p1a: Dusclops\n|-damage|p1a: Dusclops|31\/100 tox\n|move|p1a: Dusclops|Will-O-Wisp|p2a: Magneton\n|-status|p2a: Magneton|brn\n|\n|-heal|p1a: Dusclops|37\/100 tox|[from] item: Leftovers\n|-damage|p1a: Dusclops|25\/100 tox|[from] psn\n|-damage|p2a: Magneton|81\/100 brn|[from] brn\n|upkeep\n|turn|8\n|\n|t:|1700218740\n|move|p2a: Magneton|Discharge|p1a: Dusclops\n|-damage|p1a: Dusclops|0 fnt\n|faint|p1a: Dusclops\n|\n|-damage|p2a: Magneton|75\/100 brn|[from] brn\n|upkeep\n|\n|t:|1700218746\n|switch|p1a: Gabite|Gabite, M, shiny|100\/100\n|-status|p1a: Gabite|tox\n|turn|9\n|\n|t:|1700218756\n|switch|p2a: Drizzile|Drizzile, F, shiny|100\/100\n|move|p1a: Gabite|Earthquake|p2a: Drizzile\n|-damage|p2a: Drizzile|37\/100\n|\n|-damage|p1a: Gabite|94\/100 tox|[from] psn\n|upkeep\n|turn|10\n|\n|t:|1700218769\n|move|p2a: Drizzile|Surf|p1a: Gabite\n|-damage|p1a: Gabite|17\/100 tox\n|move|p1a: Gabite|Earthquake|p2a: Drizzile\n|-damage|p2a: Drizzile|0 fnt\n|faint|p2a: Drizzile\n|\n|-heal|p1a: Gabite|23\/100 tox|[from] item: Leftovers\n|-damage|p1a: Gabite|11\/100 tox|[from] psn\n|upkeep\n|\n|t:|1700218780\n|switch|p2a: Drakloak|Drakloak, F, shiny|100\/100\n|turn|11\n|\n|t:|1700218788\n|move|p2a: Drakloak|Psychic Fangs|p1a: Gabite\n|-damage|p1a: Gabite|0 fnt\n|-damage|p2a: Drakloak|88\/100|[from] ability: Rough Skin|[of] p1a: Gabite\n|faint|p1a: Gabite\n|\n|upkeep\n|\n|t:|1700218797\n|switch|p1a: Sneasel|Sneasel, M|95\/100 tox\n|turn|12\n|\n|t:|1700218810\n|switch|p2a: Magneton|Magneton, shiny|75\/100 brn\n|move|p1a: Sneasel|Hone Claws|p1a: Sneasel\n|-boost|p1a: Sneasel|atk|1\n|-boost|p1a: Sneasel|accuracy|1\n|\n|-heal|p1a: Sneasel|100\/100 tox|[from] item: Leftovers\n|-damage|p1a: Sneasel|95\/100 tox|[from] psn\n|-damage|p2a: Magneton|69\/100 brn|[from] brn\n|upkeep\n|turn|13\n|\n|t:|1700218835\n|move|p1a: Sneasel|Brick Break|p2a: Magneton\n|-supereffective|p2a: Magneton\n|-damage|p2a: Magneton|15\/100 brn\n|move|p2a: Magneton|Thunderbolt|p1a: Sneasel\n|-damage|p1a: Sneasel|8\/100 tox\n|\n|-heal|p1a: Sneasel|14\/100 tox|[from] item: Leftovers\n|-damage|p1a: Sneasel|2\/100 tox|[from] psn\n|-damage|p2a: Magneton|9\/100 brn|[from] brn\n|upkeep\n|turn|14\n|\n|t:|1700218851\n|move|p1a: Sneasel|Brick Break|p2a: Magneton\n|-supereffective|p2a: Magneton\n|-damage|p2a: Magneton|0 fnt\n|faint|p2a: Magneton\n|\n|-heal|p1a: Sneasel|8\/100 tox|[from] item: Leftovers\n|-damage|p1a: Sneasel|0 fnt|[from] psn\n|faint|p1a: Sneasel\n|upkeep\n|\n|t:|1700218865\n|switch|p1a: Scyther|Scyther, F, shiny|100\/100\n|switch|p2a: Drakloak|Drakloak, F, shiny|88\/100\n|turn|15\n|\n|t:|1700218882\n|move|p1a: Scyther|Aerial Ace|p2a: Drakloak\n|-damage|p2a: Drakloak|31\/100\n|move|p2a: Drakloak|Thunder Wave|p1a: Scyther\n|-status|p1a: Scyther|par\n|\n|upkeep\n|turn|16\n|\n|t:|1700218889\n|move|p2a: Drakloak|Psychic Fangs|p1a: Scyther\n|-damage|p1a: Scyther|69\/100 par\n|move|p1a: Scyther|Aerial Ace|p2a: Drakloak\n|-damage|p2a: Drakloak|0 fnt\n|faint|p2a: Drakloak\n|\n|-heal|p1a: Scyther|75\/100 par|[from] item: Leftovers\n|upkeep\n|\n|t:|1700218903\n|switch|p2a: Scyther|Scyther, M, shiny|100\/100\n|turn|17\n|\n|t:|1700218907\n|move|p1a: Scyther|Quick Attack|p2a: Scyther\n|-damage|p2a: Scyther|72\/100\n|move|p2a: Scyther|Aerial Ace|p1a: Scyther\n|-supereffective|p1a: Scyther\n|-damage|p1a: Scyther|0 fnt\n|faint|p1a: Scyther\n|\n|upkeep\n|\n|t:|1700218914\n|switch|p1a: Haunter|Haunter, M, shiny|100\/100\n|turn|18\n|\n|t:|1700218934\n|move|p2a: Scyther|X-Scissor|p1a: Haunter\n|-resisted|p1a: Haunter\n|-damage|p1a: Haunter|74\/100\n|move|p1a: Haunter|Thunderbolt|p2a: Scyther\n|-supereffective|p2a: Scyther\n|-damage|p2a: Scyther|0 fnt\n|faint|p2a: Scyther\n|\n|upkeep\n|\n|t:|1700218943\n|switch|p2a: Raboot|Raboot, F|100\/100\n|turn|19\n|\n|t:|1700218970\n|-terastallize|p1a: Haunter|Dark\n|move|p2a: Raboot|Flame Charge|p1a: Haunter\n|-damage|p1a: Haunter|14\/100\n|-boost|p2a: Raboot|spe|1\n|move|p1a: Haunter|Psychic|p2a: Raboot\n|-damage|p2a: Raboot|38\/100\n|\n|upkeep\n|turn|20\n|\n|t:|1700218991\n|move|p2a: Raboot|Flame Charge|p1a: Haunter\n|-damage|p1a: Haunter|0 fnt\n|-boost|p2a: Raboot|spe|1\n|faint|p1a: Haunter\n|\n|win|MIDNIGHTMINAA\n","uploadtime":1700218999,"views":5,"p1id":"haydos1998","p2id":"midnightminaa","formatid":"gen9ubers","rating":0,"private":0,"password":""}