{"id":"gen9ubers-1997049611","p1":"Aurorecristal","p2":"Passemonde RPPLF","format":"[Gen 9] Ubers","log":"|j|\u2606Aurorecristal\n|j|\u2606Passemonde RPPLF\n|t:|1700759427\n|gametype|singles\n|player|p1|Aurorecristal|lady|\n|player|p2|Passemonde RPPLF|rood|\n|teamsize|p1|6\n|teamsize|p2|6\n|gen|9\n|tier|[Gen 9] Ubers\n|rule|Sleep Clause Mod: Limit one foe put to sleep\n|rule|Species Clause: Limit one of each Pok\u00e9mon\n|rule|OHKO Clause: OHKO moves are banned\n|rule|Evasion Items Clause: Evasion items are banned\n|rule|Evasion Moves Clause: Evasion moves are banned\n|rule|Endless Battle Clause: Forcing endless battles is banned\n|rule|HP Percentage Mod: HP is shown in percentages\n|clearpoke\n|poke|p1|Kingambit, M|\n|poke|p1|Ditto|\n|poke|p1|Scream Tail|\n|poke|p1|Alomomola, M|\n|poke|p1|Okidogi, M|\n|poke|p1|Annihilape, F|\n|poke|p2|Clefable, M|\n|poke|p2|Avalugg, F|\n|poke|p2|Crawdaunt, F|\n|poke|p2|Slowking-Galar, M|\n|poke|p2|Eternatus|\n|poke|p2|Landorus-Therian, M|\n|teampreview\n|c|\u2606Aurorecristal|Hf\n|\n|t:|1700759476\n|start\n|switch|p1a: Lovdisc|Alomomola, M|100\/100\n|switch|p2a: Landorus|Landorus-Therian, M|100\/100\n|-ability|p2a: Landorus|Intimidate|boost\n|-unboost|p1a: Lovdisc|atk|1\n|turn|1\n|\n|t:|1700759484\n|move|p2a: Landorus|U-turn|p1a: Lovdisc\n|-damage|p1a: Lovdisc|80\/100\n|-damage|p2a: Landorus|84\/100|[from] item: Rocky Helmet|[of] p1a: Lovdisc\n|\n|t:|1700759502\n|switch|p2a: Eternatus|Eternatus|100\/100|[from] U-turn\n|-ability|p2a: Eternatus|Pressure\n|move|p1a: Lovdisc|Whirlpool|p2a: Eternatus\n|-resisted|p2a: Eternatus\n|-damage|p2a: Eternatus|98\/100\n|-activate|p2a: Eternatus|move: Whirlpool|[of] p1a: Lovdisc\n|\n|-heal|p2a: Eternatus|100\/100|[from] item: Leftovers\n|-damage|p2a: Eternatus|88\/100|[from] move: Whirlpool|[partiallytrapped]\n|upkeep\n|turn|2\n|\n|t:|1700759515\n|move|p1a: Lovdisc|Protect|p1a: Lovdisc\n|-singleturn|p1a: Lovdisc|Protect\n|move|p2a: Eternatus|Cosmic Power|p2a: Eternatus\n|-boost|p2a: Eternatus|def|1\n|-boost|p2a: Eternatus|spd|1\n|\n|-heal|p2a: Eternatus|94\/100|[from] item: Leftovers\n|-damage|p2a: Eternatus|82\/100|[from] move: Whirlpool|[partiallytrapped]\n|upkeep\n|turn|3\n|\n|t:|1700759526\n|move|p2a: Eternatus|Cosmic Power|p2a: Eternatus\n|-boost|p2a: Eternatus|def|1\n|-boost|p2a: Eternatus|spd|1\n|move|p1a: Lovdisc|Flip Turn|p2a: Eternatus\n|-resisted|p2a: Eternatus\n|-damage|p2a: Eternatus|80\/100\n|\n|t:|1700759535\n|switch|p1a: Tail'low|Scream Tail|100\/100|[from] Flip Turn\n|\n|-heal|p2a: Eternatus|86\/100|[from] item: Leftovers\n|-end|p2a: Eternatus|Whirlpool|[partiallytrapped]|[silent]\n|upkeep\n|turn|4\n|\n|t:|1700759545\n|move|p1a: Tail'low|Perish Song|p1a: Tail'low\n|-start|p1a: Tail'low|perish3|[silent]\n|-start|p2a: Eternatus|perish3|[silent]\n|-fieldactivate|move: Perish Song\n|move|p2a: Eternatus|Sludge Bomb|p1a: Tail'low\n|-supereffective|p1a: Tail'low\n|-damage|p1a: Tail'low|30\/100\n|\n|-heal|p1a: Tail'low|36\/100|[from] item: Leftovers\n|-heal|p2a: Eternatus|92\/100|[from] item: Leftovers\n|-start|p1a: Tail'low|perish3\n|-start|p2a: Eternatus|perish3\n|upkeep\n|turn|5\n|\n|t:|1700759556\n|-end|p1a: Tail'low|Protosynthesis|[silent]\n|switch|p1a: Lovdisc|Alomomola, M|100\/100\n|move|p2a: Eternatus|Flamethrower|p1a: Lovdisc\n|-resisted|p1a: Lovdisc\n|-damage|p1a: Lovdisc|86\/100\n|\n|-heal|p2a: Eternatus|98\/100|[from] item: Leftovers\n|-start|p2a: Eternatus|perish2\n|upkeep\n|turn|6\n|\n|t:|1700759571\n|switch|p2a: Eau revoir|Slowking-Galar, M|100\/100\n|move|p1a: Lovdisc|Flip Turn|p2a: Eau revoir\n|-crit|p2a: Eau revoir\n|-damage|p2a: Eau revoir|76\/100\n|\n|t:|1700759577\n|switch|p1a: Okikitty|Okidogi, M|100\/100|[from] Flip Turn\n|\n|upkeep\n|turn|7\n|\n|t:|1700759586\n|move|p1a: Okikitty|Knock Off|p2a: Eau revoir\n|-supereffective|p2a: Eau revoir\n|-damage|p2a: Eau revoir|10\/100\n|-enditem|p2a: Eau revoir|Sitrus Berry|[from] move: Knock Off|[of] p1a: Okikitty\n|move|p2a: Eau revoir|Chilly Reception|p2a: Eau revoir\n|-weather|Snow\n|\n|t:|1700759614\n|switch|p2a: Eau chiotte|Crawdaunt, F|100\/100|[from] Chilly Reception\n|\n|-weather|Snow|[upkeep]\n|upkeep\n|turn|8\n|\n|t:|1700759623\n|move|p2a: Eau chiotte|Swords Dance|p2a: Eau chiotte\n|-boost|p2a: Eau chiotte|atk|2\n|move|p1a: Okikitty|Gunk Shot|p2a: Eau chiotte\n|-damage|p2a: Eau chiotte|15\/100\n|\n|-weather|Snow|[upkeep]\n|upkeep\n|turn|9\n|\n|t:|1700759638\n|move|p2a: Eau chiotte|Aqua Jet|p1a: Okikitty\n|-damage|p1a: Okikitty|32\/100\n|move|p1a: Okikitty|Knock Off|p2a: Eau chiotte\n|-resisted|p2a: Eau chiotte\n|-damage|p2a: Eau chiotte|0 fnt\n|-enditem|p2a: Eau chiotte|Mystic Water|[from] move: Knock Off|[of] p1a: Okikitty\n|faint|p2a: Eau chiotte\n|\n|-weather|Snow|[upkeep]\n|-heal|p1a: Okikitty|38\/100|[from] item: Black Sludge\n|upkeep\n|\n|t:|1700759655\n|switch|p2a: Landorus|Landorus-Therian, M|84\/100\n|-ability|p2a: Landorus|Intimidate|boost\n|-unboost|p1a: Okikitty|atk|1\n|turn|10\n|\n|t:|1700759663\n|move|p1a: Okikitty|Protect|p1a: Okikitty\n|-singleturn|p1a: Okikitty|Protect\n|move|p2a: Landorus|U-turn|p1a: Okikitty\n|-activate|p1a: Okikitty|move: Protect\n|\n|-weather|Snow|[upkeep]\n|-heal|p1a: Okikitty|44\/100|[from] item: Black Sludge\n|upkeep\n|turn|11\n|\n|t:|1700759675\n|switch|p1a: Angry bird|Annihilape, F|100\/100\n|move|p2a: Landorus|U-turn|p1a: Angry bird\n|-resisted|p1a: Angry bird\n|-damage|p1a: Angry bird|93\/100\n|\n|t:|1700759694\n|switch|p2a: Eau mon dieu|Clefable, M|100\/100|[from] U-turn\n|\n|-weather|none\n|upkeep\n|turn|12\n|\n|t:|1700759702\n|move|p1a: Angry bird|U-turn|p2a: Eau mon dieu\n|-resisted|p2a: Eau mon dieu\n|-damage|p2a: Eau mon dieu|91\/100\n|\n|t:|1700759704\n|switch|p1a: Tail'low|Scream Tail|36\/100|[from] U-turn\n|move|p2a: Eau mon dieu|Calm Mind|p2a: Eau mon dieu\n|-boost|p2a: Eau mon dieu|spa|1\n|-boost|p2a: Eau mon dieu|spd|1\n|\n|-heal|p1a: Tail'low|42\/100|[from] item: Leftovers\n|upkeep\n|turn|13\n|\n|t:|1700759715\n|switch|p2a: Eternatus|Eternatus|98\/100\n|-ability|p2a: Eternatus|Pressure\n|move|p1a: Tail'low|Wish|p1a: Tail'low\n|\n|-heal|p1a: Tail'low|48\/100|[from] item: Leftovers\n|-heal|p2a: Eternatus|100\/100|[from] item: Leftovers\n|upkeep\n|turn|14\n|\n|t:|1700759728\n|-end|p1a: Tail'low|Protosynthesis|[silent]\n|switch|p1a: Okikitty|Okidogi, M|44\/100\n|move|p2a: Eternatus|Sludge Bomb|p1a: Okikitty\n|-resisted|p1a: Okikitty\n|-damage|p1a: Okikitty|18\/100\n|\n|-heal|p1a: Okikitty|87\/100|[from] move: Wish|[wisher] Tail'low\n|-heal|p1a: Okikitty|93\/100|[from] item: Black Sludge\n|upkeep\n|turn|15\n|\n|t:|1700759739\n|move|p2a: Eternatus|Cosmic Power|p2a: Eternatus\n|-boost|p2a: Eternatus|def|1\n|-boost|p2a: Eternatus|spd|1\n|move|p1a: Okikitty|Knock Off|p2a: Eternatus\n|-damage|p2a: Eternatus|83\/100\n|-enditem|p2a: Eternatus|Leftovers|[from] move: Knock Off|[of] p1a: Okikitty\n|\n|-heal|p1a: Okikitty|99\/100|[from] item: Black Sludge\n|upkeep\n|turn|16\n|\n|t:|1700759757\n|switch|p1a: Angry bird|Annihilape, F|93\/100\n|move|p2a: Eternatus|Sludge Bomb|p1a: Angry bird\n|-resisted|p1a: Angry bird\n|-damage|p1a: Angry bird|75\/100\n|\n|upkeep\n|turn|17\n|\n|t:|1700759786\n|move|p1a: Angry bird|Rage Fist|p2a: Eternatus\n|-damage|p2a: Eternatus|45\/100\n|move|p2a: Eternatus|Sludge Bomb|p1a: Angry bird\n|-resisted|p1a: Angry bird\n|-damage|p1a: Angry bird|56\/100\n|\n|upkeep\n|turn|18\n|\n|t:|1700759796\n|-terastallize|p1a: Angry bird|Ghost\n|move|p1a: Angry bird|Rage Fist|p2a: Eternatus\n|-damage|p2a: Eternatus|0 fnt\n|faint|p2a: Eternatus\n|\n|upkeep\n|\n|t:|1700759821\n|switch|p2a: Landorus|Landorus-Therian, M|84\/100\n|-ability|p2a: Landorus|Intimidate|boost\n|-unboost|p1a: Angry bird|atk|1\n|-ability|p1a: Angry bird|Defiant|boost\n|-boost|p1a: Angry bird|atk|2\n|turn|19\n|\n|t:|1700759829\n|switch|p1a: Slimy slime|Ditto|100\/100\n|-transform|p1a: Slimy slime|p2a: Landorus|[from] ability: Imposter\n|-ability|p1a: Slimy slime|Intimidate|boost\n|-unboost|p2a: Landorus|atk|1\n|-terastallize|p2a: Landorus|Flying\n|move|p2a: Landorus|Tera Blast|p1a: Slimy slime|[anim] Tera Blast Flying\n|-damage|p1a: Slimy slime|48\/100\n|\n|upkeep\n|turn|20\n|\n|t:|1700759843\n|move|p2a: Landorus|Tera Blast|p1a: Slimy slime|[anim] Tera Blast Flying\n|-damage|p1a: Slimy slime|0 fnt\n|faint|p1a: Slimy slime\n|\n|upkeep\n|\n|t:|1700759851\n|switch|p1a: My Lord|Kingambit, M|100\/100\n|-activate|p1a: My Lord|ability: Supreme Overlord\n|-start|p1a: My Lord|fallen1|[silent]\n|turn|21\n|\n|t:|1700759856\n|switch|p2a: Dragon berg|Avalugg, F|100\/100\n|move|p1a: My Lord|Stealth Rock|p2a: Dragon berg\n|-sidestart|p2: Passemonde RPPLF|move: Stealth Rock\n|\n|upkeep\n|turn|22\n|c|\u2606Aurorecristal|Wow\n|\n|t:|1700759872\n|switch|p2a: Landorus|Landorus-Therian, M, tera:Flying|84\/100\n|-damage|p2a: Landorus|59\/100|[from] Stealth Rock\n|-ability|p2a: Landorus|Intimidate|boost\n|-unboost|p1a: My Lord|atk|1\n|move|p1a: My Lord|Iron Head|p2a: Landorus\n|-damage|p2a: Landorus|9\/100\n|-damage|p1a: My Lord|91\/100|[from] item: Life Orb\n|\n|upkeep\n|turn|23\n|\n|t:|1700759885\n|switch|p2a: Eau revoir|Slowking-Galar, M|44\/100\n|-damage|p2a: Eau revoir|31\/100|[from] Stealth Rock\n|move|p1a: My Lord|Sucker Punch||[still]\n|-fail|p1a: My Lord\n|\n|upkeep\n|turn|24\n|\n|t:|1700759893\n|move|p1a: My Lord|Kowtow Cleave|p2a: Eau revoir\n|-supereffective|p2a: Eau revoir\n|-damage|p2a: Eau revoir|0 fnt\n|faint|p2a: Eau revoir\n|-damage|p1a: My Lord|81\/100|[from] item: Life Orb\n|\n|upkeep\n|\n|t:|1700759900\n|switch|p2a: Dragon berg|Avalugg, F|100\/100\n|turn|25\n|\n|t:|1700759907\n|-end|p1a: My Lord|fallen1|[silent]\n|switch|p1a: Angry bird|Annihilape, F, tera:Ghost|56\/100\n|move|p2a: Dragon berg|Rapid Spin|p1a: Angry bird\n|-immune|p1a: Angry bird\n|\n|upkeep\n|turn|26\n|\n|t:|1700759927\n|move|p1a: Angry bird|Rage Fist|p2a: Dragon berg\n|-damage|p2a: Dragon berg|52\/100\n|move|p2a: Dragon berg|Avalanche|p1a: Angry bird\n|-damage|p1a: Angry bird|0 fnt\n|faint|p1a: Angry bird\n|\n|upkeep\n|\n|t:|1700759934\n|switch|p1a: My Lord|Kingambit, M|81\/100\n|-activate|p1a: My Lord|ability: Supreme Overlord\n|-start|p1a: My Lord|fallen2|[silent]\n|turn|27\n|\n|t:|1700759942\n|move|p1a: My Lord|Iron Head|p2a: Dragon berg\n|-supereffective|p2a: Dragon berg\n|-crit|p2a: Dragon berg\n|-damage|p2a: Dragon berg|0 fnt\n|faint|p2a: Dragon berg\n|-damage|p1a: My Lord|71\/100|[from] item: Life Orb\n|\n|upkeep\n|\n|t:|1700759952\n|switch|p2a: Landorus|Landorus-Therian, M, tera:Flying|9\/100\n|-damage|p2a: Landorus|0 fnt|[from] Stealth Rock\n|faint|p2a: Landorus\n|\n|t:|1700759957\n|switch|p2a: Eau mon dieu|Clefable, M|91\/100\n|-damage|p2a: Eau mon dieu|79\/100|[from] Stealth Rock\n|turn|28\n|\n|t:|1700759963\n|move|p2a: Eau mon dieu|Flamethrower|p1a: My Lord\n|-supereffective|p1a: My Lord\n|-damage|p1a: My Lord|37\/100\n|-status|p1a: My Lord|brn\n|move|p1a: My Lord|Iron Head|p2a: Eau mon dieu\n|-supereffective|p2a: Eau mon dieu\n|-damage|p2a: Eau mon dieu|20\/100\n|-damage|p1a: My Lord|27\/100 brn|[from] item: Life Orb\n|\n|-damage|p1a: My Lord|21\/100 brn|[from] brn\n|upkeep\n|turn|29\n|c|\u2606Aurorecristal|Gg\n|\n|t:|1700759982\n|-end|p1a: My Lord|fallen2|[silent]\n|switch|p1a: Okikitty|Okidogi, M|99\/100\n|move|p2a: Eau mon dieu|Moonlight|p2a: Eau mon dieu\n|-heal|p2a: Eau mon dieu|70\/100\n|\n|-heal|p1a: Okikitty|100\/100|[from] item: Black Sludge\n|upkeep\n|turn|30\n|\n|t:|1700759993\n|move|p2a: Eau mon dieu|Draining Kiss|p1a: Okikitty\n|-damage|p1a: Okikitty|86\/100\n|-heal|p2a: Eau mon dieu|79\/100|[from] drain|[of] p1a: Okikitty\n|move|p1a: Okikitty|Gunk Shot|p2a: Eau mon dieu\n|-supereffective|p2a: Eau mon dieu\n|-damage|p2a: Eau mon dieu|0 fnt\n|faint|p2a: Eau mon dieu\n|\n|win|Aurorecristal\n|c|\u2606Passemonde RPPLF|Gg\n|c|\u2606Aurorecristal|Gg joli scarf \u00e7a m'a surpris\n|l|\u2606Aurorecristal\n|j|\u2606Aurorecristal\n|player|p1|Aurorecristal|lady\n","uploadtime":1700760093,"views":11,"p1id":"aurorecristal","p2id":"passemonderpplf","formatid":"gen9ubers","rating":0,"private":0,"password":""}