{"id":"gen9ubers-1970008233","p1":"ArtDrake","p2":"Azer54","format":"[Gen 9] Ubers","log":"|j|\u2606ArtDrake\n|j|\u2606Azer54\n|t:|1697584587\n|gametype|singles\n|player|p1|ArtDrake|101|1185\n|player|p2|Azer54|nate|1133\n|teamsize|p1|6\n|teamsize|p2|6\n|gen|9\n|tier|[Gen 9] Ubers\n|rated|\n|rule|Sleep Clause Mod: Limit one foe put to sleep\n|rule|Species Clause: Limit one of each Pok\u00e9mon\n|rule|OHKO Clause: OHKO moves are banned\n|rule|Evasion Items Clause: Evasion items are banned\n|rule|Evasion Moves Clause: Evasion moves are banned\n|rule|Endless Battle Clause: Forcing endless battles is banned\n|rule|HP Percentage Mod: HP is shown in percentages\n|clearpoke\n|poke|p1|Miraidon|\n|poke|p1|Iron Treads|\n|poke|p1|Zacian-*|\n|poke|p1|Iron Bundle|\n|poke|p1|Ogerpon-Hearthflame, F|\n|poke|p1|Arceus|\n|poke|p2|Miraidon|\n|poke|p2|Iron Bundle|\n|poke|p2|Iron Leaves|\n|poke|p2|Iron Valiant|\n|poke|p2|Iron Treads|\n|poke|p2|Iron Moth|\n|teampreview\n|\n|t:|1697584599\n|start\n|switch|p1a: Miraidon|Miraidon|100\/100\n|switch|p2a: Miraidon|Miraidon|100\/100\n|-fieldstart|move: Electric Terrain|[from] ability: Hadron Engine|[of] p2a: Miraidon\n|-activate|p1a: Miraidon|ability: Hadron Engine\n|turn|1\n|\n|t:|1697584609\n|-terastallize|p1a: Miraidon|Electric\n|move|p2a: Miraidon|Draco Meteor|p1a: Miraidon\n|-crit|p1a: Miraidon\n|-damage|p1a: Miraidon|0 fnt\n|-unboost|p2a: Miraidon|spa|2\n|faint|p1a: Miraidon\n|\n|upkeep\n|\n|t:|1697584617\n|switch|p1a: Zacian|Zacian-Crowned, shiny|100\/100\n|-ability|p1a: Zacian|Intrepid Sword|boost\n|-boost|p1a: Zacian|atk|1\n|turn|2\n|\n|t:|1697584632\n|switch|p2a: Iron Treads|Iron Treads, shiny|100\/100\n|-activate|p2a: Iron Treads|ability: Quark Drive\n|-start|p2a: Iron Treads|quarkdrivespe\n|move|p1a: Zacian|Swords Dance|p1a: Zacian\n|-boost|p1a: Zacian|atk|2\n|\n|upkeep\n|turn|3\n|inactive|Battle timer is ON: inactive players will automatically lose when time's up. (requested by Azer54)\n|\n|t:|1697584646\n|move|p2a: Iron Treads|Stealth Rock|p1a: Zacian\n|-sidestart|p1: ArtDrake|move: Stealth Rock\n|move|p1a: Zacian|Crunch|p2a: Iron Treads\n|-damage|p2a: Iron Treads|40\/100\n|\n|-heal|p2a: Iron Treads|46\/100|[from] item: Leftovers\n|upkeep\n|turn|4\n|\n|t:|1697584654\n|move|p2a: Iron Treads|Earthquake|p1a: Zacian\n|-supereffective|p1a: Zacian\n|-damage|p1a: Zacian|27\/100\n|move|p1a: Zacian|Crunch|p2a: Iron Treads\n|-damage|p2a: Iron Treads|0 fnt\n|faint|p2a: Iron Treads\n|-end|p2a: Iron Treads|Quark Drive|[silent]\n|\n|upkeep\n|\n|t:|1697584671\n|switch|p2a: Iron Valiant|Iron Valiant, shiny|100\/100\n|-activate|p2a: Iron Valiant|ability: Quark Drive\n|-start|p2a: Iron Valiant|quarkdrivespe\n|turn|5\n|\n|t:|1697584690\n|move|p2a: Iron Valiant|Close Combat|p1a: Zacian\n|-damage|p1a: Zacian|0 fnt\n|-unboost|p2a: Iron Valiant|def|1\n|-unboost|p2a: Iron Valiant|spd|1\n|faint|p1a: Zacian\n|\n|-fieldend|move: Electric Terrain\n|-end|p2a: Iron Valiant|Quark Drive\n|upkeep\n|inactive|ArtDrake has 120 seconds left.\n|\n|t:|1697584722\n|switch|p1a: Arceus|Arceus|100\/100\n|-damage|p1a: Arceus|88\/100|[from] Stealth Rock\n|turn|6\n|inactive|Azer54 has 120 seconds left.\n|\n|t:|1697584758\n|move|p1a: Arceus|Extreme Speed|p2a: Iron Valiant\n|-damage|p2a: Iron Valiant|0 fnt\n|faint|p2a: Iron Valiant\n|-end|p2a: Iron Valiant|Quark Drive|[silent]\n|\n|upkeep\n|\n|t:|1697584762\n|switch|p2a: Miraidon|Miraidon|100\/100\n|-fieldstart|move: Electric Terrain|[from] ability: Hadron Engine|[of] p2a: Miraidon\n|turn|7\n|inactive|ArtDrake has 120 seconds left.\n|inactive|Azer54 has 120 seconds left.\n|\n|t:|1697584780\n|switch|p1a: Ogerpon|Ogerpon-Hearthflame, F|100\/100\n|-damage|p1a: Ogerpon|76\/100|[from] Stealth Rock\n|-ability|p1a: Ogerpon|Mold Breaker\n|move|p2a: Miraidon|U-turn|p1a: Ogerpon\n|-damage|p1a: Ogerpon|59\/100\n|inactive|Azer54 has 120 seconds left.\n|\n|t:|1697584788\n|switch|p2a: Iron Moth|Iron Moth, shiny|100\/100|[from] U-turn\n|-activate|p2a: Iron Moth|ability: Quark Drive\n|-start|p2a: Iron Moth|quarkdrivespa\n|\n|upkeep\n|turn|8\n|inactive|ArtDrake has 120 seconds left.\n|\n|t:|1697584798\n|move|p1a: Ogerpon|Knock Off|p2a: Iron Moth\n|-damage|p2a: Iron Moth|39\/100\n|-enditem|p2a: Iron Moth|Heavy-Duty Boots|[from] move: Knock Off|[of] p1a: Ogerpon\n|move|p2a: Iron Moth|Toxic Spikes|p1a: Ogerpon\n|-sidestart|p1: ArtDrake|move: Toxic Spikes\n|\n|upkeep\n|turn|9\n|inactive|ArtDrake has 120 seconds left.\n|inactive|Azer54 has 120 seconds left.\n|\n|t:|1697584815\n|move|p1a: Ogerpon|Knock Off|p2a: Iron Moth\n|-damage|p2a: Iron Moth|0 fnt\n|faint|p2a: Iron Moth\n|-end|p2a: Iron Moth|Quark Drive|[silent]\n|\n|upkeep\n|inactive|Azer54 has 120 seconds left.\n|\n|t:|1697584827\n|switch|p2a: Iron Leaves|Iron Leaves|100\/100\n|-activate|p2a: Iron Leaves|ability: Quark Drive\n|-start|p2a: Iron Leaves|quarkdriveatk\n|turn|10\n|inactive|Azer54 has 120 seconds left.\n|inactive|Azer54 has 90 seconds left.\n|\n|t:|1697584877\n|move|p1a: Ogerpon|Ivy Cudgel|p2a: Iron Leaves\n|-supereffective|p2a: Iron Leaves\n|-damage|p2a: Iron Leaves|0 fnt\n|faint|p2a: Iron Leaves\n|-end|p2a: Iron Leaves|Quark Drive|[silent]\n|\n|upkeep\n|\n|t:|1697584882\n|switch|p2a: Miraidon|Miraidon|100\/100\n|-activate|p2a: Miraidon|ability: Hadron Engine\n|turn|11\n|\n|t:|1697584887\n|move|p2a: Miraidon|Draco Meteor|p1a: Ogerpon\n|-crit|p1a: Ogerpon\n|-damage|p1a: Ogerpon|0 fnt\n|-unboost|p2a: Miraidon|spa|2\n|faint|p1a: Ogerpon\n|\n|-fieldend|move: Electric Terrain\n|upkeep\n|\n|t:|1697584907\n|switch|p1a: Iron Bundle|Iron Bundle|100\/100\n|turn|12\n|\n|t:|1697584920\n|switch|p2a: Iron Bundle|Iron Bundle, shiny|100\/100\n|move|p1a: Iron Bundle|Freeze-Dry|p2a: Iron Bundle\n|-damage|p2a: Iron Bundle|24\/100\n|\n|upkeep\n|turn|13\n|\n|t:|1697584927\n|-end|p2a: Iron Bundle|Quark Drive|[silent]\n|switch|p2a: Miraidon|Miraidon|100\/100\n|-fieldstart|move: Electric Terrain|[from] ability: Hadron Engine|[of] p2a: Miraidon\n|-activate|p1a: Iron Bundle|ability: Quark Drive\n|-start|p1a: Iron Bundle|quarkdrivespe\n|move|p1a: Iron Bundle|Freeze-Dry|p2a: Miraidon\n|-supereffective|p2a: Miraidon\n|-damage|p2a: Miraidon|40\/100\n|\n|upkeep\n|turn|14\n|\n|t:|1697584939\n|move|p1a: Iron Bundle|Freeze-Dry|p2a: Miraidon\n|-supereffective|p2a: Miraidon\n|-damage|p2a: Miraidon|0 fnt\n|faint|p2a: Miraidon\n|\n|upkeep\n|\n|t:|1697584944\n|switch|p2a: Iron Bundle|Iron Bundle, shiny|24\/100\n|-activate|p2a: Iron Bundle|ability: Quark Drive\n|-start|p2a: Iron Bundle|quarkdrivespe\n|turn|15\n|\n|t:|1697584950\n|-terastallize|p2a: Iron Bundle|Ice\n|move|p1a: Iron Bundle|Freeze-Dry|p2a: Iron Bundle\n|-resisted|p2a: Iron Bundle\n|-damage|p2a: Iron Bundle|0 fnt\n|faint|p2a: Iron Bundle\n|-end|p2a: Iron Bundle|Quark Drive|[silent]\n|\n|win|ArtDrake\n|raw|ArtDrake's rating: 1185 &rarr; <strong>1206<\/strong><br \/>(+21 for winning)\n|raw|Azer54's rating: 1133 &rarr; <strong>1112<\/strong><br \/>(-21 for losing)\n|c|\u2606Azer54|GG\n|l|\u2606Azer54\n","uploadtime":1697584962,"views":10,"p1id":"artdrake","p2id":"azer54","formatid":"gen9ubers","rating":1112,"private":0,"password":""}