{"id":"gen9ubers-1999192295","p1":"KingDuns","p2":"Derpyderk","format":"[Gen 9] Ubers","log":"|j|\u2606KingDuns\n|j|\u2606Derpyderk\n|t:|1701043629\n|gametype|singles\n|player|p1|KingDuns|hero2-conquest|\n|player|p2|Derpyderk|brycenman|\n|teamsize|p1|6\n|teamsize|p2|6\n|gen|9\n|tier|[Gen 9] Ubers\n|rule|Sleep Clause Mod: Limit one foe put to sleep\n|rule|Species Clause: Limit one of each Pok\u00e9mon\n|rule|OHKO Clause: OHKO moves are banned\n|rule|Evasion Items Clause: Evasion items are banned\n|rule|Evasion Moves Clause: Evasion moves are banned\n|rule|Endless Battle Clause: Forcing endless battles is banned\n|rule|HP Percentage Mod: HP is shown in percentages\n|clearpoke\n|poke|p1|Torkoal, M|\n|poke|p1|Walking Wake|\n|poke|p1|Roaring Moon|\n|poke|p1|Klefki, M|\n|poke|p1|Arcanine, F|\n|poke|p1|Thundurus-Therian, M|\n|poke|p2|Dragapult, M|\n|poke|p2|Slowking-Galar, F|\n|poke|p2|Enamorus-Therian, F|\n|poke|p2|Barraskewda, M|\n|poke|p2|Blissey, F|\n|poke|p2|Volcanion|\n|teampreview\n|j| DerekGrish\n|j| BossShuckle\n|j| ajpjlm\n|j| MaxiumMeda\n|c| BossShuckle|timer start\n|inactive|Battle timer is ON: inactive players will automatically lose when time's up. (requested by KingDuns)\n|\n|t:|1701043670\n|start\n|switch|p1a: Torkoal|Torkoal, M|100\/100\n|switch|p2a: Dragapult|Dragapult, M|100\/100\n|-weather|SunnyDay|[from] ability: Drought|[of] p1a: Torkoal\n|turn|1\n|\n|t:|1701043681\n|move|p2a: Dragapult|Substitute|p2a: Dragapult\n|-start|p2a: Dragapult|Substitute\n|-damage|p2a: Dragapult|76\/100\n|move|p1a: Torkoal|Yawn||[still]\n|-fail|p1a: Torkoal\n|\n|-weather|SunnyDay|[upkeep]\n|-heal|p2a: Dragapult|82\/100|[from] item: Leftovers\n|upkeep\n|turn|2\n|\n|t:|1701043691\n|switch|p1a: Thundurus|Thundurus-Therian, M|100\/100\n|move|p2a: Dragapult|Dragon Dance|p2a: Dragapult\n|-boost|p2a: Dragapult|atk|1\n|-boost|p2a: Dragapult|spe|1\n|\n|-weather|SunnyDay|[upkeep]\n|-heal|p2a: Dragapult|88\/100|[from] item: Leftovers\n|upkeep\n|turn|3\n|\n|t:|1701043713\n|move|p2a: Dragapult|Dragon Dance|p2a: Dragapult\n|-boost|p2a: Dragapult|atk|1\n|-boost|p2a: Dragapult|spe|1\n|move|p1a: Thundurus|Knock Off|p2a: Dragapult\n|-supereffective|p2a: Dragapult\n|-end|p2a: Dragapult|Substitute\n|\n|-weather|SunnyDay|[upkeep]\n|-heal|p2a: Dragapult|94\/100|[from] item: Leftovers\n|upkeep\n|turn|4\n|inactive|Derpyderk has 270 seconds left.\n|\n|t:|1701043756\n|move|p2a: Dragapult|Phantom Force||[still]\n|-prepare|p2a: Dragapult|Phantom Force\n|move|p1a: Thundurus|Knock Off|p2a: Dragapult|[miss]\n|-miss|p1a: Thundurus|p2a: Dragapult\n|\n|-weather|SunnyDay|[upkeep]\n|-heal|p2a: Dragapult|99\/100|[from] item: Leftovers\n|upkeep\n|turn|5\n|\n|t:|1701043768\n|switch|p1a: Check your Pockets|Klefki, M|100\/100\n|move|p2a: Dragapult|Phantom Force|p1a: Check your Pockets|[from]lockedmove\n|-damage|p1a: Check your Pockets|1\/100\n|\n|-weather|SunnyDay|[upkeep]\n|-heal|p2a: Dragapult|100\/100|[from] item: Leftovers\n|-heal|p1a: Check your Pockets|7\/100|[from] item: Leftovers\n|upkeep\n|turn|6\n|\n|t:|1701043777\n|move|p1a: Check your Pockets|Thunder Wave|p2a: Dragapult\n|-status|p2a: Dragapult|par\n|cant|p2a: Dragapult|par\n|\n|-weather|SunnyDay|[upkeep]\n|-heal|p1a: Check your Pockets|13\/100|[from] item: Leftovers\n|upkeep\n|turn|7\n|\n|t:|1701043793\n|move|p2a: Dragapult|Phantom Force||[still]\n|-prepare|p2a: Dragapult|Phantom Force\n|move|p1a: Check your Pockets|Foul Play|p2a: Dragapult|[miss]\n|-miss|p1a: Check your Pockets|p2a: Dragapult\n|\n|-weather|SunnyDay|[upkeep]\n|-heal|p1a: Check your Pockets|19\/100|[from] item: Leftovers\n|upkeep\n|turn|8\n|\n|t:|1701043804\n|move|p1a: Check your Pockets|Spikes|p2a: Dragapult\n|-sidestart|p2: Derpyderk|Spikes\n|move|p2a: Dragapult|Phantom Force|p1a: Check your Pockets|[from]lockedmove\n|-damage|p1a: Check your Pockets|0 fnt\n|faint|p1a: Check your Pockets\n|\n|-weather|none\n|upkeep\n|\n|t:|1701043809\n|switch|p1a: Torkoal|Torkoal, M|100\/100\n|-weather|SunnyDay|[from] ability: Drought|[of] p1a: Torkoal\n|turn|9\n|inactive|Derpyderk has 270 seconds left.\n|\n|t:|1701043822\n|move|p2a: Dragapult|Dragon Dance|p2a: Dragapult\n|-boost|p2a: Dragapult|atk|1\n|-boost|p2a: Dragapult|spe|1\n|move|p1a: Torkoal|Clear Smog|p2a: Dragapult\n|-resisted|p2a: Dragapult\n|-damage|p2a: Dragapult|94\/100 par\n|-clearboost|p2a: Dragapult\n|\n|-weather|SunnyDay|[upkeep]\n|-heal|p2a: Dragapult|99\/100 par|[from] item: Leftovers\n|upkeep\n|turn|10\n|inactive|Derpyderk has 270 seconds left.\n|\n|t:|1701043832\n|switch|p1a: Walking Wake|Walking Wake|100\/100\n|-activate|p1a: Walking Wake|ability: Protosynthesis\n|-start|p1a: Walking Wake|protosynthesisspe\n|move|p2a: Dragapult|Substitute|p2a: Dragapult\n|-start|p2a: Dragapult|Substitute\n|-damage|p2a: Dragapult|75\/100 par\n|\n|-weather|SunnyDay|[upkeep]\n|-heal|p2a: Dragapult|81\/100 par|[from] item: Leftovers\n|upkeep\n|turn|11\n|\n|t:|1701043842\n|move|p1a: Walking Wake|Dragon Pulse|p2a: Dragapult\n|-supereffective|p2a: Dragapult\n|-end|p2a: Dragapult|Substitute\n|move|p2a: Dragapult|Dragon Darts|p1a: Walking Wake\n|-supereffective|p1a: Walking Wake\n|-enditem|p1a: Walking Wake|Haban Berry|[eat]\n|-enditem|p1a: Walking Wake|Haban Berry|[weaken]\n|-damage|p1a: Walking Wake|72\/100\n|-anim|p2a: Dragapult|Dragon Darts|p1a: Walking Wake\n|-supereffective|p1a: Walking Wake\n|-damage|p1a: Walking Wake|16\/100\n|\n|-weather|SunnyDay|[upkeep]\n|-heal|p2a: Dragapult|87\/100 par|[from] item: Leftovers\n|upkeep\n|turn|12\n|\n|t:|1701043855\n|-end|p1a: Walking Wake|Protosynthesis|[silent]\n|switch|p1a: Arcanine|Arcanine, F|100\/100\n|switch|p2a: Blissey|Blissey, F|100\/100\n|-damage|p2a: Blissey|88\/100|[from] Spikes\n|\n|-weather|SunnyDay|[upkeep]\n|-heal|p2a: Blissey|94\/100|[from] item: Leftovers\n|upkeep\n|turn|13\n|\n|t:|1701043870\n|switch|p2a: Volcanion|Volcanion|100\/100\n|-damage|p2a: Volcanion|88\/100|[from] Spikes\n|move|p1a: Arcanine|Close Combat|p2a: Volcanion\n|-damage|p2a: Volcanion|55\/100\n|-unboost|p1a: Arcanine|def|1\n|-unboost|p1a: Arcanine|spd|1\n|\n|-weather|SunnyDay|[upkeep]\n|-heal|p2a: Volcanion|61\/100|[from] item: Leftovers\n|upkeep\n|turn|14\n|\n|t:|1701043883\n|switch|p1a: Thundurus|Thundurus-Therian, M|100\/100\n|move|p2a: Volcanion|Steam Eruption|p1a: Thundurus\n|-damage|p1a: Thundurus|82\/100\n|-status|p1a: Thundurus|brn\n|\n|-weather|SunnyDay|[upkeep]\n|-heal|p2a: Volcanion|67\/100|[from] item: Leftovers\n|-damage|p1a: Thundurus|76\/100 brn|[from] brn\n|upkeep\n|turn|15\n|inactive|Derpyderk has 270 seconds left.\n|\n|t:|1701043900\n|switch|p2a: Blissey|Blissey, F|94\/100\n|-damage|p2a: Blissey|82\/100|[from] Spikes\n|move|p1a: Thundurus|Thunderbolt|p2a: Blissey\n|-damage|p2a: Blissey|65\/100\n|\n|-weather|SunnyDay|[upkeep]\n|-heal|p2a: Blissey|72\/100|[from] item: Leftovers\n|-damage|p1a: Thundurus|70\/100 brn|[from] brn\n|upkeep\n|turn|16\n|inactive|Derpyderk has 270 seconds left.\n|\n|t:|1701043910\n|move|p1a: Thundurus|Knock Off|p2a: Blissey\n|-damage|p2a: Blissey|61\/100\n|-enditem|p2a: Blissey|Leftovers|[from] move: Knock Off|[of] p1a: Thundurus\n|move|p2a: Blissey|Stealth Rock|p1a: Thundurus\n|-sidestart|p1: KingDuns|move: Stealth Rock\n|\n|-weather|none\n|-damage|p1a: Thundurus|64\/100 brn|[from] brn\n|upkeep\n|turn|17\n|\n|t:|1701043918\n|move|p1a: Thundurus|U-turn|p2a: Blissey\n|-damage|p2a: Blissey|53\/100\n|\n|t:|1701043921\n|switch|p1a: Torkoal|Torkoal, M|100\/100|[from] U-turn\n|-damage|p1a: Torkoal|76\/100|[from] Stealth Rock\n|-weather|SunnyDay|[from] ability: Drought|[of] p1a: Torkoal\n|move|p2a: Blissey|Soft-Boiled|p2a: Blissey\n|-heal|p2a: Blissey|100\/100\n|\n|-weather|SunnyDay|[upkeep]\n|upkeep\n|turn|18\n|inactive|Derpyderk has 270 seconds left.\n|\n|t:|1701043942\n|switch|p1a: Roaring Moon|Roaring Moon|100\/100\n|-damage|p1a: Roaring Moon|88\/100|[from] Stealth Rock\n|-activate|p1a: Roaring Moon|ability: Protosynthesis\n|-start|p1a: Roaring Moon|protosynthesisatk\n|move|p2a: Blissey|Seismic Toss|p1a: Roaring Moon\n|-damage|p1a: Roaring Moon|60\/100\n|\n|-weather|SunnyDay|[upkeep]\n|upkeep\n|turn|19\n|inactive|Derpyderk has 270 seconds left.\n|\n|t:|1701043978\n|-terastallize|p2a: Blissey|Fairy\n|move|p1a: Roaring Moon|Knock Off|p2a: Blissey\n|-resisted|p2a: Blissey\n|-damage|p2a: Blissey|62\/100\n|move|p2a: Blissey|Thunder Wave|p1a: Roaring Moon\n|-status|p1a: Roaring Moon|par\n|\n|-weather|SunnyDay|[upkeep]\n|upkeep\n|turn|20\n|\n|t:|1701043989\n|-end|p1a: Roaring Moon|Protosynthesis|[silent]\n|switch|p1a: Walking Wake|Walking Wake|16\/100\n|-damage|p1a: Walking Wake|4\/100|[from] Stealth Rock\n|-activate|p1a: Walking Wake|ability: Protosynthesis\n|-start|p1a: Walking Wake|protosynthesisspe\n|move|p2a: Blissey|Seismic Toss|p1a: Walking Wake\n|-damage|p1a: Walking Wake|0 fnt\n|faint|p1a: Walking Wake\n|-end|p1a: Walking Wake|Protosynthesis|[silent]\n|\n|-weather|SunnyDay|[upkeep]\n|upkeep\n|\n|t:|1701043996\n|switch|p1a: Roaring Moon|Roaring Moon|60\/100 par\n|-damage|p1a: Roaring Moon|48\/100 par|[from] Stealth Rock\n|-activate|p1a: Roaring Moon|ability: Protosynthesis\n|-start|p1a: Roaring Moon|protosynthesisatk\n|turn|21\n|\n|t:|1701044011\n|switch|p2a: Volcanion|Volcanion|67\/100\n|-damage|p2a: Volcanion|54\/100|[from] Spikes\n|cant|p1a: Roaring Moon|par\n|\n|-weather|SunnyDay|[upkeep]\n|-heal|p2a: Volcanion|61\/100|[from] item: Leftovers\n|upkeep\n|turn|22\n|\n|t:|1701044022\n|cant|p1a: Roaring Moon|par\n|move|p2a: Volcanion|Steam Eruption|p1a: Roaring Moon\n|-resisted|p1a: Roaring Moon\n|-crit|p1a: Roaring Moon\n|-damage|p1a: Roaring Moon|32\/100 par\n|\n|-weather|SunnyDay|[upkeep]\n|-heal|p2a: Volcanion|67\/100|[from] item: Leftovers\n|upkeep\n|turn|23\n|c| BossShuckle|thats 100% rodneys fualt\n|\n|t:|1701044032\n|move|p1a: Roaring Moon|Earthquake|p2a: Volcanion\n|-supereffective|p2a: Volcanion\n|-damage|p2a: Volcanion|0 fnt\n|faint|p2a: Volcanion\n|\n|-weather|SunnyDay|[upkeep]\n|upkeep\n|c| BossShuckle|mother fucker called the back to back para\n|inactive|Derpyderk has 240 seconds left.\n|\n|t:|1701044059\n|switch|p2a: Enamorus|Enamorus-Therian, F|100\/100\n|turn|24\n|\n|t:|1701044068\n|-end|p1a: Roaring Moon|Protosynthesis|[silent]\n|switch|p1a: Arcanine|Arcanine, F|100\/100\n|-damage|p1a: Arcanine|76\/100|[from] Stealth Rock\n|move|p2a: Enamorus|Moonblast|p1a: Arcanine\n|-resisted|p1a: Arcanine\n|-damage|p1a: Arcanine|29\/100\n|\n|-weather|none\n|upkeep\n|turn|25\n|\n|t:|1701044081\n|-terastallize|p1a: Arcanine|Electric\n|move|p1a: Arcanine|Tera Blast|p2a: Enamorus|[anim] Tera Blast Electric\n|-supereffective|p2a: Enamorus\n|-damage|p2a: Enamorus|3\/100\n|move|p2a: Enamorus|Moonblast|p1a: Arcanine\n|-damage|p1a: Arcanine|0 fnt\n|faint|p1a: Arcanine\n|\n|upkeep\n|\n|t:|1701044090\n|switch|p1a: Thundurus|Thundurus-Therian, M|64\/100 brn\n|-damage|p1a: Thundurus|40\/100 brn|[from] Stealth Rock\n|turn|26\n|\n|t:|1701044098\n|move|p1a: Thundurus|Knock Off|p2a: Enamorus\n|-resisted|p2a: Enamorus\n|-damage|p2a: Enamorus|0 fnt\n|-enditem|p2a: Enamorus|Choice Specs|[from] move: Knock Off|[of] p1a: Thundurus\n|faint|p2a: Enamorus\n|\n|-damage|p1a: Thundurus|34\/100 brn|[from] brn\n|upkeep\n|j| tom chwando\n|inactive|Derpyderk has 240 seconds left.\n|\n|t:|1701044129\n|switch|p2a: Blissey|Blissey, F, tera:Fairy|62\/100\n|-damage|p2a: Blissey|50\/100|[from] Spikes\n|turn|27\n|\n|t:|1701044135\n|move|p1a: Thundurus|U-turn|p2a: Blissey\n|-resisted|p2a: Blissey\n|-damage|p2a: Blissey|46\/100\n|\n|t:|1701044137\n|switch|p1a: Torkoal|Torkoal, M|76\/100|[from] U-turn\n|-damage|p1a: Torkoal|51\/100|[from] Stealth Rock\n|-weather|SunnyDay|[from] ability: Drought|[of] p1a: Torkoal\n|move|p2a: Blissey|Soft-Boiled|p2a: Blissey\n|-heal|p2a: Blissey|96\/100\n|\n|-weather|SunnyDay|[upkeep]\n|upkeep\n|turn|28\n|\n|t:|1701044146\n|move|p2a: Blissey|Seismic Toss|p1a: Torkoal\n|-damage|p1a: Torkoal|22\/100\n|move|p1a: Torkoal|Rapid Spin|p2a: Blissey\n|-damage|p2a: Blissey|87\/100\n|-boost|p1a: Torkoal|spe|1\n|-sideend|p1: KingDuns|Stealth Rock|[from] move: Rapid Spin|[of] p1a: Torkoal\n|\n|-weather|SunnyDay|[upkeep]\n|upkeep\n|turn|29\n|\n|t:|1701044160\n|move|p2a: Blissey|Stealth Rock|p1a: Torkoal\n|-sidestart|p1: KingDuns|move: Stealth Rock\n|move|p1a: Torkoal|Yawn|p2a: Blissey\n|-start|p2a: Blissey|move: Yawn|[of] p1a: Torkoal\n|\n|-weather|SunnyDay|[upkeep]\n|upkeep\n|turn|30\n|\n|t:|1701044165\n|move|p2a: Blissey|Seismic Toss|p1a: Torkoal\n|-damage|p1a: Torkoal|0 fnt\n|faint|p1a: Torkoal\n|\n|-weather|SunnyDay|[upkeep]\n|-end|p2a: Blissey|move: Yawn|[silent]\n|-status|p2a: Blissey|slp\n|upkeep\n|\n|t:|1701044168\n|switch|p1a: Roaring Moon|Roaring Moon|32\/100 par\n|-damage|p1a: Roaring Moon|19\/100 par|[from] Stealth Rock\n|-activate|p1a: Roaring Moon|ability: Protosynthesis\n|-start|p1a: Roaring Moon|protosynthesisatk\n|turn|31\n|\n|t:|1701044192\n|-curestatus|p2a: Blissey|slp|[from] ability: Natural Cure\n|switch|p2a: Dragapult|Dragapult, M|87\/100 par\n|-damage|p2a: Dragapult|75\/100 par|[from] Spikes\n|cant|p1a: Roaring Moon|par\n|\n|-weather|SunnyDay|[upkeep]\n|-heal|p2a: Dragapult|81\/100 par|[from] item: Leftovers\n|upkeep\n|turn|32\n|\n|t:|1701044204\n|move|p1a: Roaring Moon|Dragon Claw|p2a: Dragapult\n|-supereffective|p2a: Dragapult\n|-damage|p2a: Dragapult|0 fnt\n|faint|p2a: Dragapult\n|\n|-weather|SunnyDay|[upkeep]\n|upkeep\n|\n|t:|1701044208\n|switch|p2a: Barraskewda|Barraskewda, M|100\/100\n|-damage|p2a: Barraskewda|88\/100|[from] Spikes\n|turn|33\n|\n|t:|1701044218\n|move|p2a: Barraskewda|Close Combat|p1a: Roaring Moon\n|-supereffective|p1a: Roaring Moon\n|-damage|p1a: Roaring Moon|0 fnt\n|-unboost|p2a: Barraskewda|def|1\n|-unboost|p2a: Barraskewda|spd|1\n|faint|p1a: Roaring Moon\n|-end|p1a: Roaring Moon|Protosynthesis|[silent]\n|\n|-weather|SunnyDay|[upkeep]\n|upkeep\n|\n|t:|1701044221\n|switch|p1a: Thundurus|Thundurus-Therian, M|34\/100 brn\n|-damage|p1a: Thundurus|9\/100 brn|[from] Stealth Rock\n|turn|34\n|\n|t:|1701044225\n|move|p2a: Barraskewda|Close Combat|p1a: Thundurus\n|-resisted|p1a: Thundurus\n|-damage|p1a: Thundurus|0 fnt\n|-unboost|p2a: Barraskewda|def|1\n|-unboost|p2a: Barraskewda|spd|1\n|faint|p1a: Thundurus\n|\n|win|Derpyderk\n|l|\u2606KingDuns\n|l| tom chwando\n","uploadtime":1701044236,"views":28,"p1id":"kingduns","p2id":"derpyderk","formatid":"gen9ubers","rating":0,"private":0,"password":""}