{"id":"gen9ubers-1992306214","p1":"rustygoomba","p2":"gottagonotsofast","format":"[Gen 9] Ubers","log":"|j|\u2606rustygoomba\n|j|\u2606gottagonotsofast\n|t:|1700172946\n|gametype|singles\n|player|p1|rustygoomba|burglar-lgpe|\n|player|p2|gottagonotsofast|1|\n|teamsize|p1|6\n|teamsize|p2|6\n|gen|9\n|tier|[Gen 9] Ubers\n|rule|Sleep Clause Mod: Limit one foe put to sleep\n|rule|Species Clause: Limit one of each Pok\u00e9mon\n|rule|OHKO Clause: OHKO moves are banned\n|rule|Evasion Items Clause: Evasion items are banned\n|rule|Evasion Moves Clause: Evasion moves are banned\n|rule|Endless Battle Clause: Forcing endless battles is banned\n|rule|HP Percentage Mod: HP is shown in percentages\n|clearpoke\n|poke|p1|Roaring Moon|\n|poke|p1|Frosmoth, F|\n|poke|p1|Bisharp, F|\n|poke|p1|Chandelure, M|\n|poke|p1|Mew|\n|poke|p1|Iron Bundle|\n|poke|p2|Kingambit, F|\n|poke|p2|Ribombee, F|\n|poke|p2|Moltres|\n|poke|p2|Ogerpon-Wellspring, F|\n|poke|p2|Landorus, M|\n|poke|p2|Scizor, M|\n|teampreview\n|\n|t:|1700173003\n|start\n|switch|p1a: lean|Chandelure, M|100\/100\n|switch|p2a: Moltres|Moltres|100\/100\n|turn|1\n|j| shuckleshellshock\n|\n|t:|1700173032\n|move|p1a: lean|Shadow Ball|p2a: Moltres\n|-damage|p2a: Moltres|54\/100\n|move|p2a: Moltres|Hurricane|p1a: lean|[miss]\n|-miss|p2a: Moltres|p1a: lean\n|\n|upkeep\n|turn|2\n|\n|t:|1700173045\n|move|p1a: lean|Shadow Ball|p2a: Moltres\n|-damage|p2a: Moltres|0 fnt\n|faint|p2a: Moltres\n|\n|upkeep\n|\n|t:|1700173060\n|switch|p2a: Ogerpon|Ogerpon-Wellspring, F|100\/100\n|turn|3\n|\n|t:|1700173068\n|switch|p1a: loser|Iron Bundle|100\/100\n|move|p2a: Ogerpon|Knock Off|p1a: loser\n|-damage|p1a: loser|51\/100\n|-enditem|p1a: loser|Choice Specs|[from] move: Knock Off|[of] p2a: Ogerpon\n|\n|upkeep\n|turn|4\n|\n|t:|1700173094\n|switch|p2a: Scizor|Scizor, M|100\/100\n|move|p1a: loser|Freeze-Dry|p2a: Scizor\n|-resisted|p2a: Scizor\n|-damage|p2a: Scizor|80\/100\n|\n|upkeep\n|turn|5\n|\n|t:|1700173121\n|-end|p1a: loser|Quark Drive|[silent]\n|switch|p1a: lean|Chandelure, M|100\/100\n|move|p2a: Scizor|Bullet Punch|p1a: lean\n|-resisted|p1a: lean\n|-damage|p1a: lean|66\/100\n|\n|upkeep\n|turn|6\n|\n|t:|1700173145\n|switch|p2a: Ogerpon|Ogerpon-Wellspring, F|100\/100\n|move|p1a: lean|Flamethrower|p2a: Ogerpon\n|-damage|p2a: Ogerpon|34\/100\n|\n|upkeep\n|turn|7\n|\n|t:|1700173157\n|move|p1a: lean|Flamethrower|p2a: Ogerpon\n|-damage|p2a: Ogerpon|0 fnt\n|faint|p2a: Ogerpon\n|\n|upkeep\n|c|\u2606rustygoomba|!dt chandelure\n|raw|<div class=\"message\"><ul class=\"utilichart\"><li class=\"result\"><span class=\"col numcol\">RU<\/span> <span class=\"col iconcol\"><psicon pokemon=\"chandelure\"\/><\/span> <span class=\"col pokemonnamecol\" style=\"white-space:nowrap\"><a href=\"https:\/\/dex.pokemonshowdown.com\/pokemon\/chandelure\" target=\"_blank\">Chandelure<\/a><\/span> <span class=\"col typecol\"><img src=\"https:\/\/play.pokemonshowdown.com\/sprites\/types\/Ghost.png\" alt=\"Ghost\" height=\"14\" width=\"32\"><img src=\"https:\/\/play.pokemonshowdown.com\/sprites\/types\/Fire.png\" alt=\"Fire\" height=\"14\" width=\"32\"><\/span> <span style=\"float:left;min-height:26px\"><span class=\"col twoabilitycol\">Flash Fire<br \/>Flame Body<\/span><span class=\"col abilitycol\"><em>Infiltrator<\/em><\/span><\/span><span style=\"float:left;min-height:26px\"><span class=\"col statcol\"><em>HP<\/em><br \/>60<\/span> <span class=\"col statcol\"><em>Atk<\/em><br \/>55<\/span> <span class=\"col statcol\"><em>Def<\/em><br \/>90<\/span> <span class=\"col statcol\"><em>SpA<\/em><br \/>145<\/span> <span class=\"col statcol\"><em>SpD<\/em><br \/>90<\/span> <span class=\"col statcol\"><em>Spe<\/em><br \/>80<\/span> <span class=\"col bstcol\"><em>BST<br \/>520<\/em><\/span> <\/span><\/li><li style=\"clear:both\"><\/li><\/ul><\/div>\n|raw|<font size=\"1\"><font color=\"#686868\">Dex#:<\/font> 609&nbsp;|&ThickSpace;<font color=\"#686868\">Gen:<\/font> 5&nbsp;|&ThickSpace;<font color=\"#686868\">Height:<\/font> 1 m&nbsp;|&ThickSpace;<font color=\"#686868\">Weight:<\/font> 34.3 kg <em>(60 BP)<\/em>&nbsp;|&ThickSpace;<font color=\"#686868\">Dex Colour:<\/font> Black&nbsp;|&ThickSpace;<font color=\"#686868\">Egg Group(s):<\/font> Amorphous&nbsp;|&ThickSpace;<font color=\"#686868\">Pre-Evolution:<\/font> Lampent&nbsp;|&ThickSpace;<font color=\"#686868\">Does Not Evolve<\/font><\/font>\n\n|\n|t:|1700173181\n|switch|p2a: Kingambit|Kingambit, F|100\/100\n|-activate|p2a: Kingambit|ability: Supreme Overlord\n|-start|p2a: Kingambit|fallen2|[silent]\n|turn|8\n|\n|t:|1700173192\n|switch|p1a: princegambit|Bisharp, F|100\/100\n|move|p2a: Kingambit|Sucker Punch||[still]\n|-fail|p2a: Kingambit\n|\n|upkeep\n|turn|9\n|\n|t:|1700173216\n|-terastallize|p2a: Kingambit|Flying\n|move|p1a: princegambit|Low Kick|p2a: Kingambit\n|-resisted|p2a: Kingambit\n|-damage|p2a: Kingambit|86\/100\n|move|p2a: Kingambit|Low Kick|p1a: princegambit\n|-supereffective|p1a: princegambit\n|-damage|p1a: princegambit|0 fnt\n|faint|p1a: princegambit\n|\n|-heal|p2a: Kingambit|92\/100|[from] item: Leftovers\n|upkeep\n|\n|t:|1700173231\n|switch|p1a: monya|Mew|100\/100\n|turn|10\n|\n|t:|1700173244\n|move|p1a: monya|Will-O-Wisp|p2a: Kingambit\n|-status|p2a: Kingambit|brn\n|move|p2a: Kingambit|Kowtow Cleave|p1a: monya\n|-supereffective|p1a: monya\n|-damage|p1a: monya|53\/100\n|\n|-heal|p1a: monya|59\/100|[from] item: Leftovers\n|-heal|p2a: Kingambit|99\/100 brn|[from] item: Leftovers\n|-damage|p2a: Kingambit|92\/100 brn|[from] brn\n|upkeep\n|turn|11\n|\n|t:|1700173260\n|move|p1a: monya|Stealth Rock|p2a: Kingambit\n|-sidestart|p2: gottagonotsofast|move: Stealth Rock\n|move|p2a: Kingambit|Swords Dance|p2a: Kingambit\n|-boost|p2a: Kingambit|atk|2\n|\n|-heal|p1a: monya|65\/100|[from] item: Leftovers\n|-heal|p2a: Kingambit|99\/100 brn|[from] item: Leftovers\n|-damage|p2a: Kingambit|92\/100 brn|[from] brn\n|upkeep\n|turn|12\n|\n|t:|1700173266\n|move|p1a: monya|Encore|p2a: Kingambit\n|-start|p2a: Kingambit|Encore\n|move|p2a: Kingambit|Swords Dance|p2a: Kingambit\n|-boost|p2a: Kingambit|atk|2\n|\n|-heal|p1a: monya|71\/100|[from] item: Leftovers\n|-heal|p2a: Kingambit|99\/100 brn|[from] item: Leftovers\n|-damage|p2a: Kingambit|92\/100 brn|[from] brn\n|upkeep\n|turn|13\n|\n|t:|1700173294\n|switch|p1a: justin jefferson|Frosmoth, F|100\/100\n|move|p2a: Kingambit|Swords Dance|p2a: Kingambit\n|-boost|p2a: Kingambit|atk|2\n|\n|-heal|p2a: Kingambit|99\/100 brn|[from] item: Leftovers\n|-damage|p2a: Kingambit|92\/100 brn|[from] brn\n|upkeep\n|turn|14\n|j| RiddleDog\n|c| RiddleDog|oh hey chat\n|\n|t:|1700173308\n|-end|p2a: Kingambit|fallen2|[silent]\n|switch|p2a: Scizor|Scizor, M|80\/100\n|-damage|p2a: Scizor|67\/100|[from] Stealth Rock\n|move|p1a: justin jefferson|Quiver Dance|p1a: justin jefferson\n|-boost|p1a: justin jefferson|spa|1\n|-boost|p1a: justin jefferson|spd|1\n|-boost|p1a: justin jefferson|spe|1\n|\n|upkeep\n|turn|15\n|\n|t:|1700173330\n|-terastallize|p1a: justin jefferson|Ground\n|move|p1a: justin jefferson|Tera Blast|p2a: Scizor|[anim] Tera Blast Ground\n|-damage|p2a: Scizor|0 fnt\n|faint|p2a: Scizor\n|\n|upkeep\n|\n|t:|1700173343\n|switch|p2a: Ribombee|Ribombee, F|100\/100\n|-damage|p2a: Ribombee|76\/100|[from] Stealth Rock\n|turn|16\n|\n|t:|1700173348\n|move|p2a: Ribombee|Moonblast|p1a: justin jefferson\n|-damage|p1a: justin jefferson|84\/100\n|move|p1a: justin jefferson|Ice Beam|p2a: Ribombee\n|-damage|p2a: Ribombee|0 fnt\n|faint|p2a: Ribombee\n|\n|upkeep\n|\n|t:|1700173352\n|switch|p2a: Landorus|Landorus, M|100\/100\n|-damage|p2a: Landorus|88\/100|[from] Stealth Rock\n|turn|17\n|\n|t:|1700173360\n|move|p1a: justin jefferson|Ice Beam|p2a: Landorus\n|-supereffective|p2a: Landorus\n|-damage|p2a: Landorus|0 fnt\n|faint|p2a: Landorus\n|\n|upkeep\n|\n|t:|1700173362\n|switch|p2a: Kingambit|Kingambit, F, tera:Flying|92\/100 brn\n|-damage|p2a: Kingambit|67\/100 brn|[from] Stealth Rock\n|-activate|p2a: Kingambit|ability: Supreme Overlord\n|-start|p2a: Kingambit|fallen5|[silent]\n|turn|18\n|\n|t:|1700173371\n|move|p1a: justin jefferson|Substitute|p1a: justin jefferson\n|-start|p1a: justin jefferson|Substitute\n|-damage|p1a: justin jefferson|59\/100\n|move|p2a: Kingambit|Kowtow Cleave|p1a: justin jefferson\n|-end|p1a: justin jefferson|Substitute\n|\n|-heal|p2a: Kingambit|74\/100 brn|[from] item: Leftovers\n|-damage|p2a: Kingambit|67\/100 brn|[from] brn\n|upkeep\n|turn|19\n|\n|t:|1700173376\n|move|p1a: justin jefferson|Substitute|p1a: justin jefferson\n|-start|p1a: justin jefferson|Substitute\n|-damage|p1a: justin jefferson|34\/100\n|move|p2a: Kingambit|Kowtow Cleave|p1a: justin jefferson\n|-end|p1a: justin jefferson|Substitute\n|\n|-heal|p2a: Kingambit|74\/100 brn|[from] item: Leftovers\n|-damage|p2a: Kingambit|67\/100 brn|[from] brn\n|upkeep\n|turn|20\n|\n|t:|1700173381\n|move|p1a: justin jefferson|Substitute|p1a: justin jefferson\n|-start|p1a: justin jefferson|Substitute\n|-damage|p1a: justin jefferson|9\/100\n|move|p2a: Kingambit|Kowtow Cleave|p1a: justin jefferson\n|-end|p1a: justin jefferson|Substitute\n|\n|-heal|p2a: Kingambit|74\/100 brn|[from] item: Leftovers\n|-damage|p2a: Kingambit|67\/100 brn|[from] brn\n|upkeep\n|turn|21\n|\n|t:|1700173389\n|switch|p1a: monya|Mew|71\/100\n|move|p2a: Kingambit|Kowtow Cleave|p1a: monya\n|-supereffective|p1a: monya\n|-damage|p1a: monya|10\/100\n|\n|-heal|p1a: monya|16\/100|[from] item: Leftovers\n|-heal|p2a: Kingambit|74\/100 brn|[from] item: Leftovers\n|-damage|p2a: Kingambit|67\/100 brn|[from] brn\n|upkeep\n|turn|22\n|\n|t:|1700173399\n|move|p1a: monya|Encore|p2a: Kingambit\n|-start|p2a: Kingambit|Encore\n|move|p2a: Kingambit|Kowtow Cleave|p1a: monya\n|-supereffective|p1a: monya\n|-damage|p1a: monya|0 fnt\n|faint|p1a: monya\n|\n|-heal|p2a: Kingambit|74\/100 brn|[from] item: Leftovers\n|-damage|p2a: Kingambit|67\/100 brn|[from] brn\n|upkeep\n|\n|t:|1700173411\n|switch|p1a: justin jefferson|Frosmoth, F, tera:Ground|9\/100\n|turn|23\n|\n|t:|1700173413\n|move|p1a: justin jefferson|Ice Beam|p2a: Kingambit\n|-supereffective|p2a: Kingambit\n|-damage|p2a: Kingambit|0 fnt\n|faint|p2a: Kingambit\n|-end|p2a: Kingambit|fallen5|[silent]\n|\n|win|rustygoomba\n","uploadtime":1700173416,"views":12,"p1id":"rustygoomba","p2id":"gottagonotsofast","formatid":"gen9ubers","rating":0,"private":0,"password":""}