{"id":"gen9ubers-1974242930","p1":"DarkLordLoki","p2":"FatalOblivion","format":"[Gen 9] Ubers","log":"|j|\u2606DarkLordLoki\n|j|\u2606FatalOblivion\n|t:|1698071415\n|gametype|singles\n|player|p1|DarkLordLoki|101|1158\n|player|p2|FatalOblivion|marley|1254\n|teamsize|p1|6\n|teamsize|p2|6\n|gen|9\n|tier|[Gen 9] Ubers\n|rated|\n|rule|Sleep Clause Mod: Limit one foe put to sleep\n|rule|Species Clause: Limit one of each Pok\u00e9mon\n|rule|OHKO Clause: OHKO moves are banned\n|rule|Evasion Items Clause: Evasion items are banned\n|rule|Evasion Moves Clause: Evasion moves are banned\n|rule|Endless Battle Clause: Forcing endless battles is banned\n|rule|HP Percentage Mod: HP is shown in percentages\n|clearpoke\n|poke|p1|Kingambit, M|\n|poke|p1|Dragapult, M|\n|poke|p1|Quaquaval, F|\n|poke|p1|Espathra, F|\n|poke|p1|Iron Bundle|\n|poke|p1|Palafin, M|\n|poke|p2|Walking Wake|\n|poke|p2|Koraidon|\n|poke|p2|Great Tusk|\n|poke|p2|Ogerpon-Hearthflame, F|\n|poke|p2|Roaring Moon|\n|poke|p2|Scream Tail|\n|teampreview\n|inactive|Battle timer is ON: inactive players will automatically lose when time's up. (requested by FatalOblivion)\n|\n|t:|1698071422\n|start\n|switch|p1a: Palafin|Palafin, M|100\/100\n|switch|p2a: Koraidon|Koraidon|100\/100\n|-weather|SunnyDay|[from] ability: Orichalcum Pulse|[of] p2a: Koraidon\n|-activate|p2a: Koraidon|Orichalcum Pulse|[source]\n|turn|1\n|\n|t:|1698071433\n|detailschange|p1a: Palafin|Palafin-Hero, M\n|switch|p1a: Iron Bundle|Iron Bundle|100\/100\n|-enditem|p1a: Iron Bundle|Booster Energy\n|-activate|p1a: Iron Bundle|ability: Quark Drive|[fromitem]\n|-start|p1a: Iron Bundle|quarkdrivespe\n|move|p2a: Koraidon|U-turn|p1a: Iron Bundle\n|-damage|p1a: Iron Bundle|55\/100\n|\n|t:|1698071439\n|switch|p2a: Scream Tail|Scream Tail|100\/100|[from] U-turn\n|-activate|p2a: Scream Tail|ability: Protosynthesis\n|-start|p2a: Scream Tail|protosynthesisspd\n|\n|-weather|SunnyDay|[upkeep]\n|upkeep\n|turn|2\n|\n|t:|1698071452\n|move|p1a: Iron Bundle|Air Cutter|p2a: Scream Tail\n|-crit|p2a: Scream Tail\n|-damage|p2a: Scream Tail|87\/100\n|move|p2a: Scream Tail|Wish|p2a: Scream Tail\n|\n|-weather|SunnyDay|[upkeep]\n|-heal|p2a: Scream Tail|94\/100|[from] item: Leftovers\n|upkeep\n|turn|3\n|\n|t:|1698071462\n|-end|p1a: Iron Bundle|Quark Drive|[silent]\n|switch|p1a: Kingambit|Kingambit, M|100\/100\n|move|p2a: Scream Tail|Encore||[still]\n|-fail|p2a: Scream Tail\n|\n|-weather|SunnyDay|[upkeep]\n|-heal|p2a: Scream Tail|100\/100|[from] move: Wish|[wisher] Scream Tail\n|upkeep\n|turn|4\n|\n|t:|1698071475\n|-end|p2a: Scream Tail|Protosynthesis|[silent]\n|switch|p2a: Ogerpon|Ogerpon-Hearthflame, F|100\/100\n|-ability|p2a: Ogerpon|Mold Breaker\n|move|p1a: Kingambit|Iron Head|p2a: Ogerpon\n|-resisted|p2a: Ogerpon\n|-damage|p2a: Ogerpon|61\/100\n|-damage|p1a: Kingambit|91\/100|[from] item: Life Orb\n|\n|-weather|SunnyDay|[upkeep]\n|upkeep\n|turn|5\n|\n|t:|1698071489\n|move|p1a: Kingambit|Sucker Punch|p2a: Ogerpon\n|-damage|p2a: Ogerpon|0 fnt\n|faint|p2a: Ogerpon\n|-damage|p1a: Kingambit|81\/100|[from] item: Life Orb\n|\n|-weather|none\n|upkeep\n|\n|t:|1698071493\n|switch|p2a: Koraidon|Koraidon|100\/100\n|-weather|SunnyDay|[from] ability: Orichalcum Pulse|[of] p2a: Koraidon\n|-activate|p2a: Koraidon|Orichalcum Pulse|[source]\n|turn|6\n|\n|t:|1698071500\n|-end|p1a: Kingambit|fallenundefined|[silent]\n|switch|p1a: Iron Bundle|Iron Bundle|55\/100\n|move|p2a: Koraidon|Dragon Claw|p1a: Iron Bundle\n|-damage|p1a: Iron Bundle|0 fnt\n|faint|p1a: Iron Bundle\n|-end|p1a: Iron Bundle|Quark Drive|[silent]\n|\n|-weather|SunnyDay|[upkeep]\n|upkeep\n|\n|t:|1698071509\n|switch|p1a: Espathra|Espathra, F|100\/100\n|turn|7\n|\n|t:|1698071524\n|switch|p2a: Scream Tail|Scream Tail|100\/100\n|-activate|p2a: Scream Tail|ability: Protosynthesis\n|-start|p2a: Scream Tail|protosynthesisspd\n|move|p1a: Espathra|Calm Mind|p1a: Espathra\n|-boost|p1a: Espathra|spa|1\n|-boost|p1a: Espathra|spd|1\n|\n|-weather|SunnyDay|[upkeep]\n|-ability|p1a: Espathra|Speed Boost|boost\n|-boost|p1a: Espathra|spe|1\n|upkeep\n|turn|8\n|\n|t:|1698071532\n|move|p1a: Espathra|Calm Mind|p1a: Espathra\n|-boost|p1a: Espathra|spa|1\n|-boost|p1a: Espathra|spd|1\n|move|p2a: Scream Tail|Encore|p1a: Espathra\n|-start|p1a: Espathra|Encore\n|\n|-weather|SunnyDay|[upkeep]\n|-ability|p1a: Espathra|Speed Boost|boost\n|-boost|p1a: Espathra|spe|1\n|upkeep\n|turn|9\n|\n|t:|1698071536\n|-end|p2a: Scream Tail|Protosynthesis|[silent]\n|switch|p2a: Roaring Moon|Roaring Moon|100\/100\n|-activate|p2a: Roaring Moon|ability: Protosynthesis\n|-start|p2a: Roaring Moon|protosynthesisatk\n|move|p1a: Espathra|Calm Mind|p1a: Espathra\n|-boost|p1a: Espathra|spa|1\n|-boost|p1a: Espathra|spd|1\n|\n|-weather|SunnyDay|[upkeep]\n|-ability|p1a: Espathra|Speed Boost|boost\n|-boost|p1a: Espathra|spe|1\n|upkeep\n|turn|10\n|\n|t:|1698071544\n|move|p1a: Espathra|Calm Mind|p1a: Espathra\n|-boost|p1a: Espathra|spa|1\n|-boost|p1a: Espathra|spd|1\n|move|p2a: Roaring Moon|Knock Off|p1a: Espathra\n|-supereffective|p1a: Espathra\n|-damage|p1a: Espathra|0 fnt\n|-damage|p2a: Roaring Moon|84\/100|[from] item: Rocky Helmet|[of] p1a: Espathra\n|-enditem|p1a: Espathra|Rocky Helmet|[from] move: Knock Off|[of] p2a: Roaring Moon\n|faint|p1a: Espathra\n|\n|-weather|none\n|-end|p2a: Roaring Moon|Protosynthesis\n|upkeep\n|\n|t:|1698071553\n|switch|p1a: Palafin|Palafin-Hero, M|100\/100\n|-activate|p1a: Palafin|ability: Zero to Hero\n|turn|11\n|\n|t:|1698071563\n|move|p1a: Palafin|Jet Punch|p2a: Roaring Moon\n|-resisted|p2a: Roaring Moon\n|-damage|p2a: Roaring Moon|43\/100\n|move|p2a: Roaring Moon|Knock Off|p1a: Palafin\n|-damage|p1a: Palafin|31\/100\n|-enditem|p1a: Palafin|Choice Band|[from] move: Knock Off|[of] p2a: Roaring Moon\n|\n|upkeep\n|turn|12\n|\n|t:|1698071572\n|move|p1a: Palafin|Jet Punch|p2a: Roaring Moon\n|-resisted|p2a: Roaring Moon\n|-damage|p2a: Roaring Moon|18\/100\n|move|p2a: Roaring Moon|Earthquake|p1a: Palafin\n|-damage|p1a: Palafin|0 fnt\n|faint|p1a: Palafin\n|\n|upkeep\n|\n|t:|1698071578\n|switch|p1a: Quaquaval|Quaquaval, F|100\/100\n|turn|13\n|\n|t:|1698071586\n|move|p2a: Roaring Moon|Knock Off|p1a: Quaquaval\n|-resisted|p1a: Quaquaval\n|-damage|p1a: Quaquaval|58\/100\n|-enditem|p1a: Quaquaval|Leftovers|[from] move: Knock Off|[of] p2a: Roaring Moon\n|move|p1a: Quaquaval|Aqua Step|p2a: Roaring Moon\n|-resisted|p2a: Roaring Moon\n|-damage|p2a: Roaring Moon|0 fnt\n|-boost|p1a: Quaquaval|spe|1\n|faint|p2a: Roaring Moon\n|-end|p2a: Roaring Moon|Protosynthesis|[silent]\n|-ability|p1a: Quaquaval|Moxie|boost\n|-boost|p1a: Quaquaval|atk|1\n|\n|upkeep\n|\n|t:|1698071593\n|switch|p2a: Koraidon|Koraidon|100\/100\n|-weather|SunnyDay|[from] ability: Orichalcum Pulse|[of] p2a: Koraidon\n|-activate|p2a: Koraidon|Orichalcum Pulse|[source]\n|turn|14\n|\n|t:|1698071602\n|-terastallize|p1a: Quaquaval|Flying\n|move|p2a: Koraidon|Dragon Claw|p1a: Quaquaval\n|-damage|p1a: Quaquaval|0 fnt\n|faint|p1a: Quaquaval\n|\n|-weather|SunnyDay|[upkeep]\n|upkeep\n|\n|t:|1698071607\n|switch|p1a: Kingambit|Kingambit, M|81\/100\n|-activate|p1a: Kingambit|ability: Supreme Overlord\n|-start|p1a: Kingambit|fallen4|[silent]\n|turn|15\n|\n|t:|1698071614\n|switch|p2a: Great Tusk|Great Tusk|100\/100\n|-activate|p2a: Great Tusk|ability: Protosynthesis\n|-start|p2a: Great Tusk|protosynthesisdef\n|move|p1a: Kingambit|Sucker Punch||[still]\n|-fail|p1a: Kingambit\n|\n|-weather|SunnyDay|[upkeep]\n|upkeep\n|turn|16\n|\n|t:|1698071622\n|move|p2a: Great Tusk|Earthquake|p1a: Kingambit\n|-supereffective|p1a: Kingambit\n|-damage|p1a: Kingambit|7\/100\n|move|p1a: Kingambit|Kowtow Cleave|p2a: Great Tusk\n|-resisted|p2a: Great Tusk\n|-damage|p2a: Great Tusk|83\/100\n|-damage|p1a: Kingambit|0 fnt|[from] item: Life Orb\n|faint|p1a: Kingambit\n|-end|p1a: Kingambit|fallen4|[silent]\n|\n|-weather|SunnyDay|[upkeep]\n|-heal|p2a: Great Tusk|90\/100|[from] item: Leftovers\n|upkeep\n|\n|t:|1698071625\n|switch|p1a: Dragapult|Dragapult, M|100\/100\n|turn|17\n|\n|t:|1698071627\n|move|p1a: Dragapult|Substitute|p1a: Dragapult\n|-start|p1a: Dragapult|Substitute\n|-damage|p1a: Dragapult|76\/100\n|move|p2a: Great Tusk|Earthquake|p1a: Dragapult\n|-end|p1a: Dragapult|Substitute\n|\n|-weather|SunnyDay|[upkeep]\n|-heal|p1a: Dragapult|82\/100|[from] item: Leftovers\n|-heal|p2a: Great Tusk|96\/100|[from] item: Leftovers\n|upkeep\n|turn|18\n|\n|t:|1698071632\n|move|p1a: Dragapult|Disable|p2a: Great Tusk\n|-start|p2a: Great Tusk|Disable|Earthquake\n|cant|p2a: Great Tusk|Disable|Earthquake\n|\n|-weather|none\n|-end|p2a: Great Tusk|Protosynthesis\n|-heal|p1a: Dragapult|88\/100|[from] item: Leftovers\n|-heal|p2a: Great Tusk|100\/100|[from] item: Leftovers\n|upkeep\n|turn|19\n|\n|t:|1698071640\n|-end|p2a: Great Tusk|Protosynthesis|[silent]\n|switch|p2a: Scream Tail|Scream Tail|100\/100\n|move|p1a: Dragapult|Will-O-Wisp|p2a: Scream Tail\n|-status|p2a: Scream Tail|brn\n|\n|-heal|p1a: Dragapult|94\/100|[from] item: Leftovers\n|-damage|p2a: Scream Tail|94\/100 brn|[from] brn\n|upkeep\n|turn|20\n|\n|t:|1698071644\n|move|p1a: Dragapult|Substitute|p1a: Dragapult\n|-start|p1a: Dragapult|Substitute\n|-damage|p1a: Dragapult|69\/100\n|move|p2a: Scream Tail|Play Rough|p1a: Dragapult\n|-supereffective|p1a: Dragapult\n|-end|p1a: Dragapult|Substitute\n|\n|-heal|p1a: Dragapult|75\/100|[from] item: Leftovers\n|-heal|p2a: Scream Tail|100\/100 brn|[from] item: Leftovers\n|-damage|p2a: Scream Tail|94\/100 brn|[from] brn\n|upkeep\n|turn|21\n|\n|t:|1698071649\n|move|p1a: Dragapult|Disable|p2a: Scream Tail\n|-start|p2a: Scream Tail|Disable|Play Rough\n|move|p2a: Scream Tail|Encore|p1a: Dragapult\n|-start|p1a: Dragapult|Encore\n|\n|-heal|p1a: Dragapult|81\/100|[from] item: Leftovers\n|-heal|p2a: Scream Tail|100\/100 brn|[from] item: Leftovers\n|-damage|p2a: Scream Tail|94\/100 brn|[from] brn\n|upkeep\n|turn|22\n|c|\u2606FatalOblivion|GG\n|inactive|DarkLordLoki has 120 seconds left.\n|c|\u2606FatalOblivion|Lol\n|inactive|DarkLordLoki has 90 seconds left.\n|c|\u2606FatalOblivion|Imagine timer stalling because you lose lmao\n|inactive|DarkLordLoki has 60 seconds left.\n|c|\u2606FatalOblivion|Stay salty, brotha \ud83e\uddc2 \ud83d\udc4d\n|inactive|DarkLordLoki has 30 seconds left.\n|inactive|DarkLordLoki has 20 seconds left.\n|inactive|DarkLordLoki has 15 seconds left.\n|inactive|DarkLordLoki has 10 seconds left.\n|inactive|DarkLordLoki has 5 seconds left.\n|-message|DarkLordLoki lost due to inactivity.\n|\n|win|FatalOblivion\n|raw|DarkLordLoki's rating: 1158 &rarr; <strong>1140<\/strong><br \/>(-18 for losing)\n|raw|FatalOblivion's rating: 1254 &rarr; <strong>1272<\/strong><br \/>(+18 for winning)\n|c|\u2606FatalOblivion|Ez W\n","uploadtime":1698071811,"views":9,"p1id":"darklordloki","p2id":"fataloblivion","formatid":"gen9ubers","rating":1140,"private":0,"password":""}