{"id":"gen9ubers-1977787008","p1":"DeusGamer69","p2":"HelloThereMites","format":"[Gen 9] Ubers","log":"|j|\u2606DeusGamer69\n|j|\u2606HelloThereMites\n|t:|1698449527\n|gametype|singles\n|player|p1|DeusGamer69|102|1057\n|player|p2|HelloThereMites|cynthia|1095\n|teamsize|p1|6\n|teamsize|p2|6\n|gen|9\n|tier|[Gen 9] Ubers\n|rated|\n|rule|Sleep Clause Mod: Limit one foe put to sleep\n|rule|Species Clause: Limit one of each Pok\u00e9mon\n|rule|OHKO Clause: OHKO moves are banned\n|rule|Evasion Items Clause: Evasion items are banned\n|rule|Evasion Moves Clause: Evasion moves are banned\n|rule|Endless Battle Clause: Forcing endless battles is banned\n|rule|HP Percentage Mod: HP is shown in percentages\n|clearpoke\n|poke|p1|Glimmora, F|\n|poke|p1|Houndstone, M|\n|poke|p1|Baxcalibur, F|\n|poke|p1|Zacian-*|\n|poke|p1|Urshifu-*, M|\n|poke|p1|Blissey, F|\n|poke|p2|Ogerpon-Hearthflame, F|\n|poke|p2|Zacian-*|\n|poke|p2|Urshifu-*, F|\n|poke|p2|Flutter Mane|\n|poke|p2|Arceus|\n|poke|p2|Iron Bundle|\n|teampreview\n|inactive|Battle timer is ON: inactive players will automatically lose when time's up. (requested by HelloThereMites)\n|\n|t:|1698449540\n|start\n|switch|p1a: Glimmora|Glimmora, F|100\/100\n|switch|p2a: Ogerpon|Ogerpon-Hearthflame, F|100\/100\n|-ability|p2a: Ogerpon|Mold Breaker\n|turn|1\n|\n|t:|1698449549\n|move|p2a: Ogerpon|Swords Dance|p2a: Ogerpon\n|-boost|p2a: Ogerpon|atk|2\n|move|p1a: Glimmora|Toxic|p2a: Ogerpon\n|-status|p2a: Ogerpon|tox\n|\n|-damage|p2a: Ogerpon|95\/100 tox|[from] psn\n|upkeep\n|turn|2\n|\n|t:|1698449559\n|move|p2a: Ogerpon|Ivy Cudgel|p1a: Glimmora\n|-resisted|p1a: Glimmora\n|-damage|p1a: Glimmora|33\/100\n|-activate|p1a: Glimmora|ability: Toxic Debris\n|-sidestart|p2: HelloThereMites|move: Toxic Spikes\n|move|p1a: Glimmora|Toxic Spikes|p2a: Ogerpon\n|-sidestart|p2: HelloThereMites|move: Toxic Spikes\n|\n|-damage|p2a: Ogerpon|83\/100 tox|[from] psn\n|upkeep\n|turn|3\n|\n|t:|1698449568\n|move|p2a: Ogerpon|Ivy Cudgel|p1a: Glimmora\n|-resisted|p1a: Glimmora\n|-crit|p1a: Glimmora\n|-damage|p1a: Glimmora|0 fnt\n|faint|p1a: Glimmora\n|\n|-damage|p2a: Ogerpon|65\/100 tox|[from] psn\n|upkeep\n|\n|t:|1698449579\n|switch|p1a: Baxcalibur|Baxcalibur, F|100\/100\n|turn|4\n|\n|t:|1698449584\n|move|p2a: Ogerpon|Ivy Cudgel|p1a: Baxcalibur\n|-damage|p1a: Baxcalibur|0 fnt\n|faint|p1a: Baxcalibur\n|\n|-damage|p2a: Ogerpon|41\/100 tox|[from] psn\n|upkeep\n|\n|t:|1698449590\n|switch|p1a: Urshifu|Urshifu-Rapid-Strike, M|100\/100\n|turn|5\n|\n|t:|1698449594\n|move|p1a: Urshifu|Surging Strikes|p2a: Ogerpon\n|-crit|p2a: Ogerpon\n|-damage|p2a: Ogerpon|6\/100 tox\n|-crit|p2a: Ogerpon\n|-damage|p2a: Ogerpon|0 fnt\n|faint|p2a: Ogerpon\n|-hitcount|p2: Ogerpon|2\n|-damage|p1a: Urshifu|91\/100|[from] item: Life Orb\n|\n|upkeep\n|\n|t:|1698449604\n|switch|p2a: Flutter Mane|Flutter Mane|100\/100\n|-status|p2a: Flutter Mane|tox\n|turn|6\n|\n|t:|1698449615\n|move|p2a: Flutter Mane|Moonblast|p1a: Urshifu\n|-supereffective|p1a: Urshifu\n|-damage|p1a: Urshifu|0 fnt\n|faint|p1a: Urshifu\n|-damage|p2a: Flutter Mane|91\/100 tox|[from] item: Life Orb\n|\n|-damage|p2a: Flutter Mane|85\/100 tox|[from] psn\n|upkeep\n|\n|t:|1698449623\n|switch|p1a: Zacian|Zacian-Crowned|100\/100\n|-ability|p1a: Zacian|Intrepid Sword|boost\n|-boost|p1a: Zacian|atk|1\n|turn|7\n|\n|t:|1698449627\n|move|p2a: Flutter Mane|Thunderbolt|p1a: Zacian\n|-damage|p1a: Zacian|64\/100\n|-status|p1a: Zacian|par\n|-damage|p2a: Flutter Mane|75\/100 tox|[from] item: Life Orb\n|move|p1a: Zacian|Behemoth Blade|p2a: Flutter Mane\n|-supereffective|p2a: Flutter Mane\n|-damage|p2a: Flutter Mane|0 fnt\n|faint|p2a: Flutter Mane\n|-end|p2a: Flutter Mane|Protosynthesis|[silent]\n|\n|upkeep\n|\n|t:|1698449640\n|switch|p2a: Urshifu|Urshifu-Rapid-Strike, F|100\/100\n|-status|p2a: Urshifu|tox\n|turn|8\n|\n|t:|1698449645\n|move|p2a: Urshifu|Surging Strikes|p1a: Zacian\n|-crit|p1a: Zacian\n|-damage|p1a: Zacian|42\/100 par\n|-crit|p1a: Zacian\n|-damage|p1a: Zacian|20\/100 par\n|-crit|p1a: Zacian\n|-damage|p1a: Zacian|0 fnt\n|faint|p1a: Zacian\n|-hitcount|p1: Zacian|3\n|\n|-damage|p2a: Urshifu|94\/100 tox|[from] psn\n|upkeep\n|\n|t:|1698449656\n|switch|p1a: Blissey|Blissey, F|100\/100\n|turn|9\n|\n|t:|1698449660\n|move|p2a: Urshifu|Close Combat|p1a: Blissey\n|-supereffective|p1a: Blissey\n|-enditem|p1a: Blissey|Focus Sash\n|-damage|p1a: Blissey|1\/100\n|-unboost|p2a: Urshifu|def|1\n|-unboost|p2a: Urshifu|spd|1\n|move|p1a: Blissey|Stealth Rock|p2a: Urshifu\n|-sidestart|p2: HelloThereMites|move: Stealth Rock\n|\n|-damage|p2a: Urshifu|82\/100 tox|[from] psn\n|upkeep\n|turn|10\n|\n|t:|1698449671\n|move|p2a: Urshifu|Aqua Jet|p1a: Blissey\n|-damage|p1a: Blissey|0 fnt\n|faint|p1a: Blissey\n|\n|-damage|p2a: Urshifu|64\/100 tox|[from] psn\n|upkeep\n|\n|t:|1698449677\n|switch|p1a: Houndstone|Houndstone, M|100\/100\n|turn|11\n|\n|t:|1698449683\n|-terastallize|p1a: Houndstone|Ghost\n|move|p1a: Houndstone|Last Respects|p2a: Urshifu\n|-damage|p2a: Urshifu|0 fnt\n|faint|p2a: Urshifu\n|\n|upkeep\n|\n|t:|1698449691\n|switch|p2a: Zacian|Zacian-Crowned|100\/100\n|-damage|p2a: Zacian|94\/100|[from] Stealth Rock\n|-ability|p2a: Zacian|Intrepid Sword|boost\n|-boost|p2a: Zacian|atk|1\n|turn|12\n|\n|t:|1698449696\n|move|p2a: Zacian|Behemoth Blade|p1a: Houndstone\n|-damage|p1a: Houndstone|50\/100\n|move|p1a: Houndstone|Last Respects|p2a: Zacian\n|-damage|p2a: Zacian|0 fnt\n|faint|p2a: Zacian\n|\n|upkeep\n|\n|t:|1698449705\n|switch|p2a: Iron Bundle|Iron Bundle, shiny|100\/100\n|turn|13\n|\n|t:|1698449711\n|move|p2a: Iron Bundle|Ice Beam|p1a: Houndstone\n|-damage|p1a: Houndstone|0 fnt\n|faint|p1a: Houndstone\n|\n|win|HelloThereMites\n|raw|DeusGamer69's rating: 1057 &rarr; <strong>1040<\/strong><br \/>(-17 for losing)\n|raw|HelloThereMites's rating: 1095 &rarr; <strong>1118<\/strong><br \/>(+23 for winning)\n|l|\u2606DeusGamer69\n","uploadtime":1698449719,"views":7,"p1id":"deusgamer69","p2id":"hellotheremites","formatid":"gen9ubers","rating":1040,"private":0,"password":""}