{"id":"gen9ubers-1968091754","p1":"NYSleepy","p2":"Koreki","format":"[Gen 9] Ubers","log":"|j|\u2606NYSleepy\n|j|\u2606Koreki\n|t:|1697383445\n|gametype|singles\n|player|p1|NYSleepy|benga|\n|player|p2|Koreki|tate|\n|teamsize|p1|6\n|teamsize|p2|6\n|gen|9\n|tier|[Gen 9] Ubers\n|rule|Sleep Clause Mod: Limit one foe put to sleep\n|rule|Species Clause: Limit one of each Pok\u00e9mon\n|rule|OHKO Clause: OHKO moves are banned\n|rule|Evasion Items Clause: Evasion items are banned\n|rule|Evasion Moves Clause: Evasion moves are banned\n|rule|Endless Battle Clause: Forcing endless battles is banned\n|rule|HP Percentage Mod: HP is shown in percentages\n|clearpoke\n|poke|p1|Chi-Yu|\n|poke|p1|Florges, F|\n|poke|p1|Electrode-Hisui|\n|poke|p1|Dragonite, M|\n|poke|p1|Quaquaval, M|\n|poke|p1|Clodsire, F|\n|poke|p2|Iron Hands|\n|poke|p2|Rotom-Wash|\n|poke|p2|Mew|\n|poke|p2|Ditto|\n|poke|p2|Charizard, M|\n|poke|p2|Tornadus-Therian, M|\n|teampreview\n|inactive|Battle timer is ON: inactive players will automatically lose when time's up. (requested by Koreki)\n|inactiveoff|Battle timer is now OFF.\n|\n|t:|1697383472\n|start\n|switch|p1a: MAD|Electrode-Hisui|100\/100\n|switch|p2a: Answer: Me|Charizard, M, shiny|100\/100\n|turn|1\n|\n|t:|1697383480\n|-terastallize|p2a: Answer: Me|Ground\n|move|p1a: MAD|Thunder Wave|p2a: Answer: Me\n|-immune|p2a: Answer: Me\n|move|p2a: Answer: Me|Dragon Dance|p2a: Answer: Me\n|-boost|p2a: Answer: Me|atk|1\n|-boost|p2a: Answer: Me|spe|1\n|\n|upkeep\n|turn|2\n|\n|t:|1697383491\n|move|p2a: Answer: Me|Earthquake|p1a: MAD\n|-damage|p1a: MAD|0 fnt\n|faint|p1a: MAD\n|-damage|p2a: Answer: Me|91\/100|[from] item: Life Orb\n|\n|upkeep\n|\n|t:|1697383498\n|switch|p1a: The King|Quaquaval, M|100\/100\n|turn|3\n|\n|t:|1697383504\n|move|p2a: Answer: Me|Acrobatics|p1a: The King\n|-supereffective|p1a: The King\n|-damage|p1a: The King|0 fnt\n|faint|p1a: The King\n|-damage|p2a: Answer: Me|81\/100|[from] item: Life Orb\n|\n|upkeep\n|\n|t:|1697383532\n|switch|p1a: bro|Dragonite, M|100\/100\n|turn|4\n|\n|t:|1697383541\n|move|p2a: Answer: Me|Acrobatics|p1a: bro\n|-damage|p1a: bro|76\/100\n|-damage|p2a: Answer: Me|71\/100|[from] item: Life Orb\n|move|p1a: bro|Dragon Dance|p1a: bro\n|-boost|p1a: bro|atk|1\n|-boost|p1a: bro|spe|1\n|\n|upkeep\n|turn|5\n|\n|t:|1697383557\n|move|p1a: bro|Extreme Speed|p2a: Answer: Me\n|-damage|p2a: Answer: Me|3\/100\n|move|p2a: Answer: Me|Acrobatics|p1a: bro\n|-damage|p1a: bro|27\/100\n|-damage|p2a: Answer: Me|0 fnt|[from] item: Life Orb\n|faint|p2a: Answer: Me\n|\n|upkeep\n|\n|t:|1697383563\n|switch|p2a: Scepti|Ditto, shiny|100\/100\n|-transform|p2a: Scepti|p1a: bro|[from] ability: Imposter\n|turn|6\n|c|\u2606NYSleepy|acrobatics with life orb is so evil LOL\n|c|\u2606Koreki|I wasn't sure how it'd work out but it went much better than I thought LOL\n|\n|t:|1697383598\n|switch|p1a: Bruh|Florges, F|100\/100\n|move|p2a: Scepti|Extreme Speed|p1a: Bruh\n|-damage|p1a: Bruh|56\/100\n|\n|-heal|p1a: Bruh|62\/100|[from] item: Leftovers\n|upkeep\n|turn|7\n|\n|t:|1697383607\n|switch|p2a: O Great Winged Won|Tornadus-Therian, M, shiny|100\/100\n|move|p1a: Bruh|Wish|p1a: Bruh\n|\n|-heal|p1a: Bruh|69\/100|[from] item: Leftovers\n|upkeep\n|turn|8\n|\n|t:|1697383621\n|move|p2a: O Great Winged Won|Knock Off|p1a: Bruh\n|-resisted|p1a: Bruh\n|-damage|p1a: Bruh|60\/100\n|-enditem|p1a: Bruh|Leftovers|[from] move: Knock Off|[of] p2a: O Great Winged Won\n|move|p1a: Bruh|Calm Mind|p1a: Bruh\n|-boost|p1a: Bruh|spa|1\n|-boost|p1a: Bruh|spd|1\n|\n|-heal|p1a: Bruh|100\/100|[from] move: Wish|[wisher] Bruh\n|upkeep\n|turn|9\n|\n|t:|1697383635\n|move|p2a: O Great Winged Won|U-turn|p1a: Bruh\n|-resisted|p1a: Bruh\n|-damage|p1a: Bruh|94\/100\n|\n|t:|1697383649\n|switch|p2a: Sane Cat|Mew, shiny|100\/100|[from] U-turn\n|move|p1a: Bruh|Moonblast|p2a: Sane Cat\n|-damage|p2a: Sane Cat|53\/100\n|\n|-heal|p2a: Sane Cat|59\/100|[from] item: Leftovers\n|upkeep\n|turn|10\n|\n|t:|1697383662\n|switch|p1a: i|Clodsire, F|100\/100\n|move|p2a: Sane Cat|Psychic Fangs|p1a: i\n|-supereffective|p1a: i\n|-damage|p1a: i|11\/100\n|\n|-heal|p2a: Sane Cat|65\/100|[from] item: Leftovers\n|-heal|p1a: i|17\/100|[from] item: Black Sludge\n|upkeep\n|turn|11\n|\n|t:|1697383672\n|move|p2a: Sane Cat|Flip Turn|p1a: i\n|-heal|p1a: i|42\/100|[from] ability: Water Absorb|[of] p2a: Sane Cat\n|move|p1a: i|Recover|p1a: i\n|-heal|p1a: i|92\/100\n|\n|-heal|p2a: Sane Cat|71\/100|[from] item: Leftovers\n|-heal|p1a: i|98\/100|[from] item: Black Sludge\n|upkeep\n|turn|12\n|c|\u2606Koreki|O\n|\n|t:|1697383688\n|move|p2a: Sane Cat|Psychic Fangs|p1a: i\n|-supereffective|p1a: i\n|-damage|p1a: i|7\/100\n|move|p1a: i|Stealth Rock|p2a: Sane Cat\n|-sidestart|p2: Koreki|move: Stealth Rock\n|\n|-heal|p2a: Sane Cat|77\/100|[from] item: Leftovers\n|-heal|p1a: i|14\/100|[from] item: Black Sludge\n|upkeep\n|turn|13\n|\n|t:|1697383695\n|move|p2a: Sane Cat|Psychic Fangs|p1a: i\n|-supereffective|p1a: i\n|-damage|p1a: i|0 fnt\n|faint|p1a: i\n|\n|-heal|p2a: Sane Cat|84\/100|[from] item: Leftovers\n|upkeep\n|\n|t:|1697383712\n|switch|p1a: bro|Dragonite, M|27\/100\n|turn|14\n|\n|t:|1697383716\n|move|p1a: bro|Extreme Speed|p2a: Sane Cat\n|-damage|p2a: Sane Cat|57\/100\n|move|p2a: Sane Cat|Psychic Fangs|p1a: bro\n|-damage|p1a: bro|0 fnt\n|faint|p1a: bro\n|\n|-heal|p2a: Sane Cat|63\/100|[from] item: Leftovers\n|upkeep\n|\n|t:|1697383719\n|switch|p1a: Bruh|Florges, F|94\/100\n|turn|15\n|\n|t:|1697383727\n|move|p2a: Sane Cat|Psychic Fangs|p1a: Bruh\n|-damage|p1a: Bruh|56\/100\n|move|p1a: Bruh|Calm Mind|p1a: Bruh\n|-boost|p1a: Bruh|spa|1\n|-boost|p1a: Bruh|spd|1\n|\n|-heal|p2a: Sane Cat|70\/100|[from] item: Leftovers\n|upkeep\n|turn|16\n|\n|t:|1697383731\n|move|p2a: Sane Cat|Psychic Fangs|p1a: Bruh\n|-damage|p1a: Bruh|19\/100\n|move|p1a: Bruh|Wish|p1a: Bruh\n|\n|-heal|p2a: Sane Cat|76\/100|[from] item: Leftovers\n|upkeep\n|turn|17\n|\n|t:|1697383738\n|move|p1a: Bruh|Protect|p1a: Bruh\n|-singleturn|p1a: Bruh|Protect\n|move|p2a: Sane Cat|Psychic Fangs|p1a: Bruh\n|-activate|p1a: Bruh|move: Protect\n|\n|-heal|p1a: Bruh|69\/100|[from] move: Wish|[wisher] Bruh\n|-heal|p2a: Sane Cat|82\/100|[from] item: Leftovers\n|upkeep\n|turn|18\n|\n|t:|1697383751\n|move|p2a: Sane Cat|Psychic Fangs|p1a: Bruh\n|-damage|p1a: Bruh|35\/100\n|move|p1a: Bruh|Wish|p1a: Bruh\n|\n|-heal|p2a: Sane Cat|88\/100|[from] item: Leftovers\n|upkeep\n|turn|19\n|\n|t:|1697383758\n|move|p2a: Sane Cat|Flip Turn|p1a: Bruh\n|-damage|p1a: Bruh|17\/100\n|\n|t:|1697383766\n|switch|p2a: O Great Winged Won|Tornadus-Therian, M, shiny|100\/100|[from] Flip Turn\n|-damage|p2a: O Great Winged Won|76\/100|[from] Stealth Rock\n|move|p1a: Bruh|Calm Mind|p1a: Bruh\n|-boost|p1a: Bruh|spa|1\n|-boost|p1a: Bruh|spd|1\n|\n|-heal|p1a: Bruh|67\/100|[from] move: Wish|[wisher] Bruh\n|upkeep\n|turn|20\n|\n|t:|1697383779\n|move|p2a: O Great Winged Won|U-turn|p1a: Bruh\n|-resisted|p1a: Bruh\n|-damage|p1a: Bruh|60\/100\n|\n|t:|1697383782\n|switch|p2a: Scepti|Ditto, shiny|100\/100|[from] U-turn\n|-damage|p2a: Scepti|88\/100|[from] Stealth Rock\n|-transform|p2a: Scepti|p1a: Bruh|[from] ability: Imposter\n|move|p1a: Bruh|Wish|p1a: Bruh\n|\n|upkeep\n|turn|21\n|\n|t:|1697383791\n|move|p2a: Scepti|Moonblast|p1a: Bruh\n|-damage|p1a: Bruh|38\/100\n|move|p1a: Bruh|Moonblast|p2a: Scepti\n|-damage|p2a: Scepti|58\/100\n|\n|-heal|p1a: Bruh|88\/100|[from] move: Wish|[wisher] Bruh\n|upkeep\n|turn|22\n|\n|t:|1697383799\n|move|p2a: Scepti|Moonblast|p1a: Bruh\n|-damage|p1a: Bruh|64\/100\n|move|p1a: Bruh|Moonblast|p2a: Scepti\n|-damage|p2a: Scepti|28\/100\n|\n|upkeep\n|turn|23\n|\n|t:|1697383805\n|move|p2a: Scepti|Moonblast|p1a: Bruh\n|-damage|p1a: Bruh|40\/100\n|-unboost|p1a: Bruh|spa|1\n|move|p1a: Bruh|Calm Mind|p1a: Bruh\n|-boost|p1a: Bruh|spa|1\n|-boost|p1a: Bruh|spd|1\n|\n|upkeep\n|turn|24\n|\n|t:|1697383814\n|move|p2a: Scepti|Moonblast|p1a: Bruh\n|-damage|p1a: Bruh|20\/100\n|move|p1a: Bruh|Wish|p1a: Bruh\n|\n|upkeep\n|turn|25\n|\n|t:|1697383820\n|move|p1a: Bruh|Protect|p1a: Bruh\n|-singleturn|p1a: Bruh|Protect\n|move|p2a: Scepti|Moonblast|p1a: Bruh\n|-activate|p1a: Bruh|move: Protect\n|\n|-heal|p1a: Bruh|70\/100|[from] move: Wish|[wisher] Bruh\n|upkeep\n|turn|26\n|\n|t:|1697383827\n|-activate|p2a: Scepti|move: Struggle\n|move|p2a: Scepti|Struggle|p1a: Bruh\n|-damage|p1a: Bruh|65\/100\n|-damage|p2a: Scepti|3\/100|[from] recoil\n|move|p1a: Bruh|Calm Mind|p1a: Bruh\n|-boost|p1a: Bruh|spa|1\n|-boost|p1a: Bruh|spd|1\n|\n|upkeep\n|turn|27\n|\n|t:|1697383836\n|-activate|p2a: Scepti|move: Struggle\n|move|p2a: Scepti|Struggle|p1a: Bruh\n|-damage|p1a: Bruh|60\/100\n|-damage|p2a: Scepti|0 fnt|[from] recoil\n|faint|p2a: Scepti\n|move|p1a: Bruh|Wish|p1a: Bruh\n|\n|upkeep\n|\n|t:|1697383844\n|switch|p2a: Sane Cat|Mew, shiny|88\/100\n|-damage|p2a: Sane Cat|76\/100|[from] Stealth Rock\n|turn|28\n|\n|t:|1697383848\n|move|p2a: Sane Cat|Psychic Fangs|p1a: Bruh\n|-damage|p1a: Bruh|27\/100\n|move|p1a: Bruh|Moonblast|p2a: Sane Cat\n|-damage|p2a: Sane Cat|1\/100\n|\n|-heal|p1a: Bruh|77\/100|[from] move: Wish|[wisher] Bruh\n|-heal|p2a: Sane Cat|7\/100|[from] item: Leftovers\n|upkeep\n|turn|29\n|\n|t:|1697383857\n|move|p2a: Sane Cat|Psychic Fangs|p1a: Bruh\n|-damage|p1a: Bruh|42\/100\n|move|p1a: Bruh|Wish|p1a: Bruh\n|\n|-heal|p2a: Sane Cat|14\/100|[from] item: Leftovers\n|upkeep\n|turn|30\n|\n|t:|1697383869\n|move|p1a: Bruh|Protect|p1a: Bruh\n|-singleturn|p1a: Bruh|Protect\n|move|p2a: Sane Cat|Psychic Fangs|p1a: Bruh\n|-activate|p1a: Bruh|move: Protect\n|\n|-heal|p1a: Bruh|92\/100|[from] move: Wish|[wisher] Bruh\n|-heal|p2a: Sane Cat|20\/100|[from] item: Leftovers\n|upkeep\n|turn|31\n|\n|t:|1697383871\n|move|p2a: Sane Cat|Psychic Fangs|p1a: Bruh\n|-damage|p1a: Bruh|55\/100\n|move|p1a: Bruh|Moonblast|p2a: Sane Cat\n|-damage|p2a: Sane Cat|0 fnt\n|faint|p2a: Sane Cat\n|\n|upkeep\n|\n|t:|1697383875\n|switch|p2a: Man who would|Rotom-Wash, shiny|100\/100\n|-damage|p2a: Man who would|88\/100|[from] Stealth Rock\n|turn|32\n|\n|t:|1697383880\n|move|p2a: Man who would|Thunder Wave|p1a: Bruh\n|-status|p1a: Bruh|par\n|move|p1a: Bruh|Wish|p1a: Bruh\n|\n|-heal|p2a: Man who would|94\/100|[from] item: Leftovers\n|upkeep\n|turn|33\n|\n|t:|1697383886\n|move|p2a: Man who would|Thunderbolt|p1a: Bruh\n|-damage|p1a: Bruh|47\/100 par\n|move|p1a: Bruh|Moonblast|p2a: Man who would\n|-damage|p2a: Man who would|22\/100\n|-unboost|p2a: Man who would|spa|1\n|\n|-heal|p1a: Bruh|97\/100 par|[from] move: Wish|[wisher] Bruh\n|-heal|p2a: Man who would|28\/100|[from] item: Leftovers\n|upkeep\n|turn|34\n|\n|t:|1697383897\n|move|p2a: Man who would|Thunderbolt|p1a: Bruh\n|-damage|p1a: Bruh|93\/100 par\n|cant|p1a: Bruh|par\n|\n|-heal|p2a: Man who would|34\/100|[from] item: Leftovers\n|upkeep\n|turn|35\n|\n|t:|1697383903\n|move|p2a: Man who would|Volt Switch|p1a: Bruh\n|-damage|p1a: Bruh|89\/100 par\n|\n|t:|1697383906\n|switch|p2a: O Great Winged Won|Tornadus-Therian, M, shiny|100\/100|[from] Volt Switch\n|-damage|p2a: O Great Winged Won|76\/100|[from] Stealth Rock\n|cant|p1a: Bruh|par\n|\n|upkeep\n|turn|36\n|\n|t:|1697383913\n|move|p2a: O Great Winged Won|Bleakwind Storm|p1a: Bruh\n|-damage|p1a: Bruh|80\/100 par\n|cant|p1a: Bruh|par\n|\n|upkeep\n|turn|37\n|\n|t:|1697383918\n|move|p2a: O Great Winged Won|Bleakwind Storm|p1a: Bruh\n|-damage|p1a: Bruh|71\/100 par\n|move|p1a: Bruh|Moonblast|p2a: O Great Winged Won\n|-damage|p2a: O Great Winged Won|27\/100\n|\n|upkeep\n|turn|38\n|\n|t:|1697383928\n|move|p2a: O Great Winged Won|Bleakwind Storm|p1a: Bruh\n|-crit|p1a: Bruh\n|-damage|p1a: Bruh|34\/100 par\n|-unboost|p1a: Bruh|spe|1\n|cant|p1a: Bruh|par\n|\n|upkeep\n|turn|39\n|\n|t:|1697383934\n|move|p2a: O Great Winged Won|Bleakwind Storm|p1a: Bruh\n|-damage|p1a: Bruh|25\/100 par\n|move|p1a: Bruh|Wish|p1a: Bruh\n|\n|upkeep\n|turn|40\n|\n|t:|1697383941\n|move|p1a: Bruh|Protect|p1a: Bruh\n|-singleturn|p1a: Bruh|Protect\n|move|p2a: O Great Winged Won|Bleakwind Storm|p1a: Bruh\n|-activate|p1a: Bruh|move: Protect\n|\n|-heal|p1a: Bruh|75\/100 par|[from] move: Wish|[wisher] Bruh\n|upkeep\n|turn|41\n|\n|t:|1697383950\n|move|p2a: O Great Winged Won|Bleakwind Storm|p1a: Bruh\n|-damage|p1a: Bruh|67\/100 par\n|move|p1a: Bruh|Moonblast|p2a: O Great Winged Won\n|-damage|p2a: O Great Winged Won|0 fnt\n|faint|p2a: O Great Winged Won\n|\n|upkeep\n|\n|t:|1697383955\n|switch|p2a: Huge-hands Hans|Iron Hands, shiny|100\/100\n|-damage|p2a: Huge-hands Hans|94\/100|[from] Stealth Rock\n|turn|42\n|\n|t:|1697383962\n|move|p2a: Huge-hands Hans|Earthquake|p1a: Bruh\n|-damage|p1a: Bruh|33\/100 par\n|move|p1a: Bruh|Moonblast|p2a: Huge-hands Hans\n|-supereffective|p2a: Huge-hands Hans\n|-damage|p2a: Huge-hands Hans|0 fnt\n|faint|p2a: Huge-hands Hans\n|-end|p2a: Huge-hands Hans|Quark Drive|[silent]\n|\n|upkeep\n|\n|t:|1697383966\n|switch|p2a: Man who would|Rotom-Wash, shiny|34\/100\n|-damage|p2a: Man who would|22\/100|[from] Stealth Rock\n|turn|43\n|\n|t:|1697383971\n|move|p2a: Man who would|Thunderbolt|p1a: Bruh\n|-damage|p1a: Bruh|25\/100 par\n|move|p1a: Bruh|Moonblast|p2a: Man who would\n|-damage|p2a: Man who would|0 fnt\n|faint|p2a: Man who would\n|\n|win|NYSleepy\n|c|\u2606Koreki|gg\n|c|\u2606NYSleepy|gg\n|c|\u2606NYSleepy|that charizard was sick\n|c|\u2606Koreki|Lol yeah\n|c|\u2606Koreki|Idk how Zard is that cheap\n|l|\u2606Koreki\n|c|\u2606NYSleepy|bro is just that strong\n","uploadtime":1697384014,"views":36,"p1id":"nysleepy","p2id":"koreki","formatid":"gen9ubers","rating":0,"private":0,"password":""}