{"id":"gen9ubers-1993052549","p1":"Raiozin","p2":"Da noob 6000","format":"[Gen 9] Ubers","log":"|j|\u2606Raiozin\n|j|\u203dDa noob 6000\n|t:|1700259490\n|gametype|singles\n|player|p1|Raiozin|gambler|1136\n|player|p2|Da noob 6000|riley|1268\n|teamsize|p1|6\n|teamsize|p2|6\n|gen|9\n|tier|[Gen 9] Ubers\n|rated|\n|rule|Sleep Clause Mod: Limit one foe put to sleep\n|rule|Species Clause: Limit one of each Pok\u00e9mon\n|rule|OHKO Clause: OHKO moves are banned\n|rule|Evasion Items Clause: Evasion items are banned\n|rule|Evasion Moves Clause: Evasion moves are banned\n|rule|Endless Battle Clause: Forcing endless battles is banned\n|rule|HP Percentage Mod: HP is shown in percentages\n|clearpoke\n|poke|p1|Kommo-o, M|\n|poke|p1|Chien-Pao|\n|poke|p1|Basculegion, M|\n|poke|p1|Espathra, M|\n|poke|p1|Lucario, M|\n|poke|p1|Kyogre|\n|poke|p2|Corviknight, M|\n|poke|p2|Skeledirge, M|\n|poke|p2|Zacian-*|\n|poke|p2|Miraidon|\n|poke|p2|Ting-Lu|\n|poke|p2|Koraidon|\n|teampreview\n|inactive|Battle timer is ON: inactive players will automatically lose when time's up. (requested by Da noob 6000)\n|\n|t:|1700259504\n|start\n|switch|p1a: Espathra|Espathra, M|100\/100\n|switch|p2a: Miraidon|Miraidon|100\/100\n|-fieldstart|move: Electric Terrain|[from] ability: Hadron Engine|[of] p2a: Miraidon\n|turn|1\n|\n|t:|1700259515\n|move|p1a: Espathra|Protect|p1a: Espathra\n|-singleturn|p1a: Espathra|Protect\n|move|p2a: Miraidon|Electro Drift|p1a: Espathra\n|-activate|p1a: Espathra|move: Protect\n|\n|-ability|p1a: Espathra|Speed Boost|boost\n|-boost|p1a: Espathra|spe|1\n|upkeep\n|turn|2\n|\n|t:|1700259534\n|-terastallize|p1a: Espathra|Ground\n|move|p2a: Miraidon|Electro Drift|p1a: Espathra\n|-immune|p1a: Espathra\n|move|p1a: Espathra|Calm Mind|p1a: Espathra\n|-boost|p1a: Espathra|spa|1\n|-boost|p1a: Espathra|spd|1\n|\n|-ability|p1a: Espathra|Speed Boost|boost\n|-boost|p1a: Espathra|spe|1\n|upkeep\n|turn|3\n|\n|t:|1700259546\n|switch|p2a: Ting-Lu|Ting-Lu|100\/100\n|-ability|p2a: Ting-Lu|Vessel of Ruin\n|move|p1a: Espathra|Protect||[still]\n|-fail|p1a: Espathra\n|\n|-ability|p1a: Espathra|Speed Boost|boost\n|-boost|p1a: Espathra|spe|1\n|upkeep\n|turn|4\n|inactive|Raiozin has 120 seconds left.\n|\n|t:|1700259588\n|switch|p1a: Lucario|Lucario, M|100\/100\n|move|p2a: Ting-Lu|Whirlwind|p1a: Lucario\n|drag|p1a: Kommo-o|Kommo-o, M|100\/100\n|\n|upkeep\n|turn|5\n|\n|t:|1700259595\n|move|p1a: Kommo-o|Drain Punch|p2a: Ting-Lu\n|-supereffective|p2a: Ting-Lu\n|-damage|p2a: Ting-Lu|65\/100\n|move|p2a: Ting-Lu|Ruination|p1a: Kommo-o\n|-damage|p1a: Kommo-o|50\/100\n|\n|-heal|p2a: Ting-Lu|71\/100|[from] item: Leftovers\n|-fieldend|move: Electric Terrain\n|upkeep\n|turn|6\n|\n|t:|1700259604\n|switch|p2a: Skeledirge|Skeledirge, M|100\/100\n|move|p1a: Kommo-o|Drain Punch|p2a: Skeledirge\n|-immune|p2a: Skeledirge\n|\n|upkeep\n|turn|7\n|inactive|Raiozin has 120 seconds left.\n|\n|t:|1700259622\n|switch|p1a: Chien-Pao|Chien-Pao|100\/100\n|-ability|p1a: Chien-Pao|Sword of Ruin\n|move|p2a: Skeledirge|Will-O-Wisp|p1a: Chien-Pao\n|-status|p1a: Chien-Pao|brn\n|\n|-damage|p1a: Chien-Pao|95\/100 brn|[from] brn\n|upkeep\n|turn|8\n|\n|t:|1700259631\n|move|p1a: Chien-Pao|Crunch|p2a: Skeledirge\n|-supereffective|p2a: Skeledirge\n|-damage|p2a: Skeledirge|40\/100\n|-unboost|p2a: Skeledirge|def|1\n|-damage|p1a: Chien-Pao|85\/100 brn|[from] item: Life Orb\n|move|p2a: Skeledirge|Torch Song|p1a: Chien-Pao\n|-supereffective|p1a: Chien-Pao\n|-damage|p1a: Chien-Pao|0 fnt\n|-boost|p2a: Skeledirge|spa|1\n|faint|p1a: Chien-Pao\n|\n|upkeep\n|\n|t:|1700259659\n|switch|p1a: Espathra|Espathra, M, tera:Ground|100\/100\n|turn|9\n|\n|t:|1700259665\n|move|p1a: Espathra|Protect|p1a: Espathra\n|-singleturn|p1a: Espathra|Protect\n|move|p2a: Skeledirge|Torch Song|p1a: Espathra\n|-activate|p1a: Espathra|move: Protect\n|\n|-ability|p1a: Espathra|Speed Boost|boost\n|-boost|p1a: Espathra|spe|1\n|upkeep\n|turn|10\n|\n|t:|1700259673\n|move|p1a: Espathra|Tera Blast|p2a: Skeledirge|[anim] Tera Blast Ground\n|-supereffective|p2a: Skeledirge\n|-damage|p2a: Skeledirge|0 fnt\n|faint|p2a: Skeledirge\n|\n|-ability|p1a: Espathra|Speed Boost|boost\n|-boost|p1a: Espathra|spe|1\n|upkeep\n|\n|t:|1700259685\n|switch|p2a: Koraidon|Koraidon|100\/100\n|-weather|SunnyDay|[from] ability: Orichalcum Pulse|[of] p2a: Koraidon\n|-activate|p2a: Koraidon|Orichalcum Pulse|[source]\n|turn|11\n|inactive|Raiozin has 120 seconds left.\n|\n|t:|1700259699\n|-terastallize|p2a: Koraidon|Fire\n|move|p1a: Espathra|Calm Mind|p1a: Espathra\n|-boost|p1a: Espathra|spa|1\n|-boost|p1a: Espathra|spd|1\n|move|p2a: Koraidon|Swords Dance|p2a: Koraidon\n|-boost|p2a: Koraidon|atk|2\n|-enditem|p1a: Espathra|Mirror Herb\n|-boost|p1a: Espathra|atk|2|[from] item: Mirror Herb\n|\n|-weather|SunnyDay|[upkeep]\n|-ability|p1a: Espathra|Speed Boost|boost\n|-boost|p1a: Espathra|spe|1\n|upkeep\n|turn|12\n|inactive|Raiozin has 120 seconds left.\n|\n|t:|1700259713\n|move|p1a: Espathra|Tera Blast|p2a: Koraidon|[anim] Tera Blast Ground\n|-supereffective|p2a: Koraidon\n|-damage|p2a: Koraidon|0 fnt\n|faint|p2a: Koraidon\n|\n|-weather|SunnyDay|[upkeep]\n|-ability|p1a: Espathra|Speed Boost|boost\n|-boost|p1a: Espathra|spe|1\n|upkeep\n|-message|Da noob 6000 forfeited.\n|\n|win|Raiozin\n|raw|Raiozin's rating: 1136 &rarr; <strong>1170<\/strong><br \/>(+34 for winning)\n|raw|Da noob 6000's rating: 1268 &rarr; <strong>1234<\/strong><br \/>(-34 for losing)\n|l|\u203dDa noob 6000\n","uploadtime":1700259725,"views":18,"p1id":"raiozin","p2id":"danoob6000","formatid":"gen9ubers","rating":1170,"private":0,"password":""}