{"id":"gen9ubers-1983359648","p1":"1P1o1s1h1e1","p2":"Leo Justice","format":"[Gen 9] Ubers","log":"|j|\u26061P1o1s1h1e1\n|j|\u2606Leo Justice\n|t:|1699121895\n|gametype|singles\n|player|p1|1P1o1s1h1e1|265|\n|player|p2|Leo Justice|carmine|\n|teamsize|p1|6\n|teamsize|p2|6\n|gen|9\n|tier|[Gen 9] Ubers\n|rule|Sleep Clause Mod: Limit one foe put to sleep\n|rule|Species Clause: Limit one of each Pok\u00e9mon\n|rule|OHKO Clause: OHKO moves are banned\n|rule|Evasion Items Clause: Evasion items are banned\n|rule|Evasion Moves Clause: Evasion moves are banned\n|rule|Endless Battle Clause: Forcing endless battles is banned\n|rule|HP Percentage Mod: HP is shown in percentages\n|clearpoke\n|poke|p1|Arceus-Ghost|\n|poke|p1|Magearna|\n|poke|p1|Garganacl, F|\n|poke|p1|Sneasler, M|\n|poke|p1|Cyclizar, M|\n|poke|p1|Gyarados, F|\n|poke|p2|Arceus-Fire|\n|poke|p2|Espathra, M|\n|poke|p2|Cyclizar, M|\n|poke|p2|Gholdengo|\n|poke|p2|Rillaboom, M|\n|poke|p2|Sneasler, F|\n|teampreview\n|\n|t:|1699121913\n|start\n|switch|p1a: Sneasler|Sneasler, M|100\/100\n|switch|p2a: Cyclizar|Cyclizar, M|100\/100\n|turn|1\n|\n|t:|1699121922\n|switch|p2a: Gholdengo|Gholdengo|100\/100\n|move|p1a: Sneasler|Dire Claw|p2a: Gholdengo\n|-immune|p2a: Gholdengo\n|\n|upkeep\n|turn|2\n|\n|t:|1699121968\n|switch|p1a: Magearna|Magearna|100\/100\n|move|p2a: Gholdengo|Trick|p1a: Magearna\n|-activate|p2a: Gholdengo|move: Trick|[of] p1a: Magearna\n|-item|p1a: Magearna|Choice Scarf|[from] move: Trick\n|-item|p2a: Gholdengo|Leftovers|[from] move: Trick\n|\n|upkeep\n|turn|3\n|\n|t:|1699121984\n|switch|p2a: Cyclizar|Cyclizar, M|100\/100\n|move|p1a: Magearna|Volt Switch|p2a: Cyclizar\n|-resisted|p2a: Cyclizar\n|-damage|p2a: Cyclizar|86\/100\n|\n|t:|1699121989\n|switch|p1a: Sneasler|Sneasler, M|100\/100|[from] Volt Switch\n|\n|upkeep\n|turn|4\n|\n|t:|1699122034\n|move|p1a: Sneasler|Lash Out|p2a: Cyclizar\n|-damage|p2a: Cyclizar|49\/100\n|move|p2a: Cyclizar|Knock Off|p1a: Sneasler\n|-resisted|p1a: Sneasler\n|-damage|p1a: Sneasler|82\/100\n|-enditem|p1a: Sneasler|Choice Scarf|[from] move: Knock Off|[of] p2a: Cyclizar\n|\n|upkeep\n|turn|5\n|\n|t:|1699122047\n|switch|p2a: Gholdengo|Gholdengo|100\/100\n|move|p1a: Sneasler|U-turn|p2a: Gholdengo\n|-resisted|p2a: Gholdengo\n|-damage|p2a: Gholdengo|94\/100\n|\n|t:|1699122056\n|switch|p1a: Cyclizar|Cyclizar, M|100\/100|[from] U-turn\n|\n|-heal|p2a: Gholdengo|99\/100|[from] item: Leftovers\n|upkeep\n|turn|6\n|\n|t:|1699122068\n|move|p1a: Cyclizar|Shed Tail|p1a: Cyclizar\n|-start|p1a: Cyclizar|Substitute|[from] move: Shed Tail\n|-damage|p1a: Cyclizar|50\/100\n|\n|t:|1699122078\n|switch|p1a: Gyarados|Gyarados, F|100\/100|[from] Shed Tail\n|-ability|p1a: Gyarados|Intimidate|boost\n|-unboost|p2a: Gholdengo|atk|1\n|move|p2a: Gholdengo|Make It Rain|p1a: Gyarados\n|-resisted|p1a: Gyarados\n|-end|p1a: Gyarados|Substitute\n|-unboost|p2a: Gholdengo|spa|1\n|\n|-heal|p2a: Gholdengo|100\/100|[from] item: Leftovers\n|upkeep\n|turn|7\n|\n|t:|1699122097\n|switch|p2a: Rillaboom|Rillaboom, M|100\/100\n|-fieldstart|move: Grassy Terrain|[from] ability: Grassy Surge|[of] p2a: Rillaboom\n|move|p1a: Gyarados|Dragon Dance|p1a: Gyarados\n|-boost|p1a: Gyarados|atk|1\n|-boost|p1a: Gyarados|spe|1\n|\n|upkeep\n|turn|8\n|\n|t:|1699122152\n|switch|p1a: Magearna|Magearna|100\/100\n|-terastallize|p2a: Rillaboom|Grass\n|move|p2a: Rillaboom|Grassy Glide|p1a: Magearna\n|-resisted|p1a: Magearna\n|-damage|p1a: Magearna|66\/100\n|\n|-heal|p1a: Magearna|72\/100|[from] Grassy Terrain\n|upkeep\n|turn|9\n|\n|t:|1699122166\n|switch|p2a: Cyclizar|Cyclizar, M|82\/100\n|move|p1a: Magearna|Volt Switch|p2a: Cyclizar\n|-resisted|p2a: Cyclizar\n|-damage|p2a: Cyclizar|69\/100\n|\n|t:|1699122171\n|switch|p1a: Arceus|Arceus-Ghost|100\/100|[from] Volt Switch\n|\n|-heal|p2a: Cyclizar|75\/100|[from] Grassy Terrain\n|upkeep\n|turn|10\n|\n|t:|1699122177\n|move|p2a: Cyclizar|Taunt|p1a: Arceus\n|-start|p1a: Arceus|move: Taunt\n|cant|p1a: Arceus|move: Taunt|Roar\n|\n|-heal|p2a: Cyclizar|81\/100|[from] Grassy Terrain\n|upkeep\n|turn|11\n|\n|t:|1699122186\n|switch|p1a: Sneasler|Sneasler, M|82\/100\n|move|p2a: Cyclizar|Shed Tail|p2a: Cyclizar\n|-start|p2a: Cyclizar|Substitute|[from] move: Shed Tail\n|-damage|p2a: Cyclizar|31\/100\n|\n|t:|1699122191\n|switch|p2a: Espathra|Espathra, M|100\/100|[from] Shed Tail\n|-enditem|p2a: Espathra|Grassy Seed\n|-boost|p2a: Espathra|def|1|[from] item: Grassy Seed\n|\n|-heal|p1a: Sneasler|88\/100|[from] Grassy Terrain\n|-fieldend|move: Grassy Terrain\n|upkeep\n|turn|12\n|\n|t:|1699122202\n|switch|p1a: Arceus|Arceus-Ghost|100\/100\n|move|p2a: Espathra|Protect||[still]\n|-fail|p2a: Espathra\n|\n|-ability|p2a: Espathra|Speed Boost|boost\n|-boost|p2a: Espathra|spe|1\n|upkeep\n|turn|13\n|\n|t:|1699122210\n|switch|p2a: Gholdengo|Gholdengo|100\/100\n|move|p1a: Arceus|Roar|p2a: Gholdengo\n|-immune|p2a: Gholdengo|[from] ability: Good as Gold\n|\n|upkeep\n|turn|14\n|\n|t:|1699122222\n|switch|p1a: Cyclizar|Cyclizar, M|84\/100\n|move|p2a: Gholdengo|Shadow Ball|p1a: Cyclizar\n|-immune|p1a: Cyclizar\n|\n|upkeep\n|turn|15\n|\n|t:|1699122231\n|move|p1a: Cyclizar|Shed Tail|p1a: Cyclizar\n|-start|p1a: Cyclizar|Substitute|[from] move: Shed Tail\n|-damage|p1a: Cyclizar|33\/100\n|\n|t:|1699122242\n|switch|p1a: Garganacl|Garganacl, F|100\/100|[from] Shed Tail\n|move|p2a: Gholdengo|Make It Rain|p1a: Garganacl\n|-supereffective|p1a: Garganacl\n|-end|p1a: Garganacl|Substitute\n|-unboost|p2a: Gholdengo|spa|1\n|\n|upkeep\n|turn|16\n|\n|t:|1699122271\n|switch|p2a: Rillaboom|Rillaboom, M, tera:Grass|100\/100\n|-fieldstart|move: Grassy Terrain|[from] ability: Grassy Surge|[of] p2a: Rillaboom\n|move|p1a: Garganacl|Recover||[still]\n|-fail|p1a: Garganacl|heal\n|\n|upkeep\n|turn|17\n|\n|t:|1699122299\n|switch|p1a: Magearna|Magearna|72\/100\n|move|p2a: Rillaboom|U-turn|p1a: Magearna\n|-resisted|p1a: Magearna\n|-damage|p1a: Magearna|64\/100\n|\n|t:|1699122306\n|switch|p2a: Cyclizar|Cyclizar, M|64\/100|[from] U-turn\n|\n|-heal|p2a: Cyclizar|70\/100|[from] Grassy Terrain\n|-heal|p1a: Magearna|70\/100|[from] Grassy Terrain\n|upkeep\n|turn|18\n|\n|t:|1699122315\n|move|p2a: Cyclizar|Shed Tail|p2a: Cyclizar\n|-start|p2a: Cyclizar|Substitute|[from] move: Shed Tail\n|-damage|p2a: Cyclizar|20\/100\n|\n|t:|1699122321\n|switch|p2a: Arceus|Arceus-Fire|100\/100|[from] Shed Tail\n|move|p1a: Magearna|Fleur Cannon|p2a: Arceus\n|-resisted|p2a: Arceus\n|-activate|p2a: Arceus|move: Substitute|[damage]\n|-unboost|p1a: Magearna|spa|2\n|\n|-heal|p1a: Magearna|76\/100|[from] Grassy Terrain\n|upkeep\n|turn|19\n|\n|t:|1699122327\n|move|p2a: Arceus|Dragon Dance|p2a: Arceus\n|-boost|p2a: Arceus|atk|1\n|-boost|p2a: Arceus|spe|1\n|move|p1a: Magearna|Fleur Cannon|p2a: Arceus\n|-resisted|p2a: Arceus\n|-end|p2a: Arceus|Substitute\n|-unboost|p1a: Magearna|spa|2\n|\n|-heal|p1a: Magearna|82\/100|[from] Grassy Terrain\n|upkeep\n|turn|20\n|\n|t:|1699122333\n|switch|p1a: Gyarados|Gyarados, F|100\/100\n|-ability|p1a: Gyarados|Intimidate|boost\n|-unboost|p2a: Arceus|atk|1\n|move|p2a: Arceus|Flare Blitz|p1a: Gyarados\n|-resisted|p1a: Gyarados\n|-damage|p1a: Gyarados|61\/100\n|-damage|p2a: Arceus|87\/100|[from] Recoil\n|\n|-heal|p2a: Arceus|93\/100|[from] Grassy Terrain\n|-fieldend|move: Grassy Terrain\n|upkeep\n|turn|21\n|\n|t:|1699122344\n|switch|p2a: Rillaboom|Rillaboom, M, tera:Grass|100\/100\n|-fieldstart|move: Grassy Terrain|[from] ability: Grassy Surge|[of] p2a: Rillaboom\n|move|p1a: Gyarados|Earthquake|p2a: Rillaboom\n|-resisted|p2a: Rillaboom\n|-damage|p2a: Rillaboom|94\/100\n|\n|-heal|p2a: Rillaboom|100\/100|[from] Grassy Terrain\n|upkeep\n|turn|22\n|\n|t:|1699122355\n|switch|p1a: Arceus|Arceus-Ghost|100\/100\n|move|p2a: Rillaboom|Grassy Glide|p1a: Arceus\n|-damage|p1a: Arceus|49\/100\n|\n|-heal|p1a: Arceus|55\/100|[from] Grassy Terrain\n|upkeep\n|turn|23\n|\n|t:|1699122371\n|move|p2a: Rillaboom|Grassy Glide|p1a: Arceus\n|-damage|p1a: Arceus|4\/100\n|move|p1a: Arceus|Recover|p1a: Arceus\n|-heal|p1a: Arceus|54\/100\n|\n|-heal|p1a: Arceus|60\/100|[from] Grassy Terrain\n|upkeep\n|turn|24\n|\n|t:|1699122380\n|switch|p2a: Cyclizar|Cyclizar, M|54\/100\n|move|p1a: Arceus|Thunder Wave|p2a: Cyclizar|[miss]\n|-miss|p1a: Arceus|p2a: Cyclizar\n|\n|-heal|p2a: Cyclizar|60\/100|[from] Grassy Terrain\n|-heal|p1a: Arceus|66\/100|[from] Grassy Terrain\n|upkeep\n|turn|25\n|c|\u26061P1o1s1h1e1|damn\n|\n|t:|1699122394\n|move|p2a: Cyclizar|Taunt|p1a: Arceus\n|-start|p1a: Arceus|move: Taunt\n|move|p1a: Arceus|Hex|p2a: Cyclizar\n|-immune|p2a: Cyclizar\n|\n|-heal|p2a: Cyclizar|66\/100|[from] Grassy Terrain\n|-heal|p1a: Arceus|73\/100|[from] Grassy Terrain\n|-fieldend|move: Grassy Terrain\n|upkeep\n|turn|26\n|c|\u2606Leo Justice|unlucky\n|\n|t:|1699122408\n|switch|p1a: Cyclizar|Cyclizar, M|67\/100\n|move|p2a: Cyclizar|Knock Off|p1a: Cyclizar\n|-damage|p1a: Cyclizar|38\/100\n|-enditem|p1a: Cyclizar|Heavy-Duty Boots|[from] move: Knock Off|[of] p2a: Cyclizar\n|\n|upkeep\n|turn|27\n|\n|t:|1699122415\n|move|p2a: Cyclizar|Shed Tail|p2a: Cyclizar\n|-start|p2a: Cyclizar|Substitute|[from] move: Shed Tail\n|-damage|p2a: Cyclizar|16\/100\n|\n|t:|1699122428\n|switch|p2a: Arceus|Arceus-Fire|93\/100|[from] Shed Tail\n|move|p1a: Cyclizar|Knock Off|p2a: Arceus\n|-activate|p2a: Arceus|move: Substitute|[damage]\n|\n|upkeep\n|turn|28\n|\n|t:|1699122433\n|move|p1a: Cyclizar|Taunt|p2a: Arceus\n|-start|p2a: Arceus|move: Taunt\n|cant|p2a: Arceus|move: Taunt|Dragon Dance\n|\n|upkeep\n|turn|29\n|\n|t:|1699122442\n|switch|p1a: Arceus|Arceus-Ghost|73\/100\n|move|p2a: Arceus|Flare Blitz|p1a: Arceus\n|-damage|p1a: Arceus|24\/100\n|-damage|p2a: Arceus|75\/100|[from] Recoil\n|\n|upkeep\n|turn|30\n|\n|t:|1699122450\n|move|p1a: Arceus|Recover|p1a: Arceus\n|-heal|p1a: Arceus|74\/100\n|move|p2a: Arceus|Flare Blitz|p1a: Arceus\n|-damage|p1a: Arceus|24\/100\n|-damage|p2a: Arceus|55\/100|[from] Recoil\n|\n|-end|p2a: Arceus|move: Taunt\n|upkeep\n|turn|31\n|\n|t:|1699122458\n|move|p2a: Arceus|Dragon Dance|p2a: Arceus\n|-boost|p2a: Arceus|atk|1\n|-boost|p2a: Arceus|spe|1\n|move|p1a: Arceus|Roar|p2a: Arceus\n|drag|p2a: Sneasler|Sneasler, F|100\/100\n|\n|upkeep\n|turn|32\n|\n|t:|1699122473\n|switch|p2a: Gholdengo|Gholdengo|100\/100\n|move|p1a: Arceus|Recover|p1a: Arceus\n|-heal|p1a: Arceus|74\/100\n|\n|upkeep\n|turn|33\n|\n|t:|1699122487\n|switch|p1a: Magearna|Magearna|82\/100\n|switch|p2a: Cyclizar|Cyclizar, M|49\/100\n|\n|upkeep\n|turn|34\n|\n|t:|1699122492\n|switch|p2a: Rillaboom|Rillaboom, M, tera:Grass|100\/100\n|-fieldstart|move: Grassy Terrain|[from] ability: Grassy Surge|[of] p2a: Rillaboom\n|move|p1a: Magearna|Spikes|p2a: Rillaboom\n|-sidestart|p2: Leo Justice|Spikes\n|\n|-heal|p1a: Magearna|88\/100|[from] Grassy Terrain\n|upkeep\n|turn|35\n|\n|t:|1699122502\n|move|p1a: Magearna|Spikes|p2a: Rillaboom\n|-sidestart|p2: Leo Justice|Spikes\n|move|p2a: Rillaboom|High Horsepower|p1a: Magearna\n|-supereffective|p1a: Magearna\n|-damage|p1a: Magearna|0 fnt\n|faint|p1a: Magearna\n|\n|upkeep\n|\n|t:|1699122508\n|switch|p1a: Sneasler|Sneasler, M|88\/100\n|turn|36\n|\n|t:|1699122514\n|switch|p2a: Gholdengo|Gholdengo|100\/100\n|-damage|p2a: Gholdengo|84\/100|[from] Spikes\n|move|p1a: Sneasler|Dire Claw|p2a: Gholdengo\n|-immune|p2a: Gholdengo\n|\n|-heal|p1a: Sneasler|94\/100|[from] Grassy Terrain\n|-heal|p2a: Gholdengo|90\/100|[from] Grassy Terrain\n|-heal|p2a: Gholdengo|96\/100|[from] item: Leftovers\n|upkeep\n|turn|37\n|\n|t:|1699122532\n|move|p1a: Sneasler|Lash Out|p2a: Gholdengo\n|-supereffective|p2a: Gholdengo\n|-damage|p2a: Gholdengo|38\/100\n|move|p2a: Gholdengo|Make It Rain|p1a: Sneasler\n|-damage|p1a: Sneasler|1\/100\n|-unboost|p2a: Gholdengo|spa|1\n|\n|-heal|p1a: Sneasler|7\/100|[from] Grassy Terrain\n|-heal|p2a: Gholdengo|44\/100|[from] Grassy Terrain\n|-heal|p2a: Gholdengo|50\/100|[from] item: Leftovers\n|upkeep\n|turn|38\n|\n|t:|1699122566\n|switch|p2a: Rillaboom|Rillaboom, M, tera:Grass|100\/100\n|-damage|p2a: Rillaboom|84\/100|[from] Spikes\n|move|p1a: Sneasler|U-turn|p2a: Rillaboom\n|-supereffective|p2a: Rillaboom\n|-damage|p2a: Rillaboom|41\/100\n|\n|t:|1699122575\n|switch|p1a: Arceus|Arceus-Ghost|74\/100|[from] U-turn\n|\n|-heal|p1a: Arceus|80\/100|[from] Grassy Terrain\n|-heal|p2a: Rillaboom|47\/100|[from] Grassy Terrain\n|-fieldend|move: Grassy Terrain\n|upkeep\n|turn|39\n|\n|t:|1699122582\n|move|p1a: Arceus|Hex|p2a: Rillaboom\n|-damage|p2a: Rillaboom|5\/100\n|move|p2a: Rillaboom|U-turn|p1a: Arceus\n|-resisted|p1a: Arceus\n|-damage|p1a: Arceus|67\/100\n|\n|t:|1699122590\n|switch|p2a: Cyclizar|Cyclizar, M|82\/100|[from] U-turn\n|\n|upkeep\n|turn|40\n|\n|t:|1699122593\n|move|p2a: Cyclizar|Taunt|p1a: Arceus\n|-start|p1a: Arceus|move: Taunt\n|cant|p1a: Arceus|move: Taunt|Thunder Wave\n|\n|upkeep\n|turn|41\n|\n|t:|1699122602\n|move|p2a: Cyclizar|Rapid Spin|p1a: Arceus\n|-immune|p1a: Arceus\n|move|p1a: Arceus|Hex|p2a: Cyclizar\n|-immune|p2a: Cyclizar\n|\n|upkeep\n|turn|42\n|\n|t:|1699122613\n|move|p2a: Cyclizar|Rapid Spin|p1a: Arceus\n|-immune|p1a: Arceus\n|move|p1a: Arceus|Hex|p2a: Cyclizar\n|-immune|p2a: Cyclizar\n|\n|-end|p1a: Arceus|move: Taunt\n|upkeep\n|turn|43\n|\n|t:|1699122644\n|move|p2a: Cyclizar|Taunt|p1a: Arceus\n|-start|p1a: Arceus|move: Taunt\n|cant|p1a: Arceus|move: Taunt|Thunder Wave\n|\n|upkeep\n|turn|44\n|\n|t:|1699122648\n|move|p2a: Cyclizar|Rapid Spin|p1a: Arceus\n|-immune|p1a: Arceus\n|move|p1a: Arceus|Hex|p2a: Cyclizar\n|-immune|p2a: Cyclizar\n|\n|upkeep\n|turn|45\n|\n|t:|1699122653\n|move|p2a: Cyclizar|Rapid Spin|p1a: Arceus\n|-immune|p1a: Arceus\n|move|p1a: Arceus|Hex|p2a: Cyclizar\n|-immune|p2a: Cyclizar\n|\n|-end|p1a: Arceus|move: Taunt\n|upkeep\n|turn|46\n|\n|t:|1699122663\n|switch|p1a: Gyarados|Gyarados, F|61\/100\n|-ability|p1a: Gyarados|Intimidate|boost\n|-unboost|p2a: Cyclizar|atk|1\n|move|p2a: Cyclizar|Taunt|p1a: Gyarados\n|-start|p1a: Gyarados|move: Taunt\n|\n|upkeep\n|turn|47\n|\n|t:|1699122676\n|move|p2a: Cyclizar|Rapid Spin|p1a: Gyarados\n|-damage|p1a: Gyarados|49\/100\n|-boost|p2a: Cyclizar|spe|1\n|-sideend|p2: Leo Justice|Spikes|[from] move: Rapid Spin|[of] p2a: Cyclizar\n|move|p1a: Gyarados|Earthquake|p2a: Cyclizar\n|-damage|p2a: Cyclizar|44\/100\n|\n|upkeep\n|turn|48\n|\n|t:|1699122710\n|switch|p2a: Rillaboom|Rillaboom, M, tera:Grass|5\/100\n|-fieldstart|move: Grassy Terrain|[from] ability: Grassy Surge|[of] p2a: Rillaboom\n|switch|p1a: Cyclizar|Cyclizar, M|72\/100\n|\n|-heal|p1a: Cyclizar|78\/100|[from] Grassy Terrain\n|-heal|p2a: Rillaboom|12\/100|[from] Grassy Terrain\n|upkeep\n|turn|49\n|\n|t:|1699122717\n|move|p2a: Rillaboom|Grassy Glide|p1a: Cyclizar\n|-resisted|p1a: Cyclizar\n|-damage|p1a: Cyclizar|23\/100\n|move|p1a: Cyclizar|Knock Off|p2a: Rillaboom\n|-damage|p2a: Rillaboom|0 fnt\n|-enditem|p2a: Rillaboom|Choice Band|[from] move: Knock Off|[of] p1a: Cyclizar\n|faint|p2a: Rillaboom\n|\n|-heal|p1a: Cyclizar|29\/100|[from] Grassy Terrain\n|upkeep\n|\n|t:|1699122722\n|switch|p2a: Sneasler|Sneasler, F|100\/100\n|-enditem|p2a: Sneasler|Grassy Seed\n|-boost|p2a: Sneasler|def|1|[from] item: Grassy Seed\n|turn|50\n|\n|t:|1699122740\n|switch|p1a: Gyarados|Gyarados, F|49\/100\n|-ability|p1a: Gyarados|Intimidate|boost\n|-unboost|p2a: Sneasler|atk|1\n|move|p2a: Sneasler|Swords Dance|p2a: Sneasler\n|-boost|p2a: Sneasler|atk|2\n|\n|upkeep\n|turn|51\n|\n|t:|1699122772\n|switch|p1a: Garganacl|Garganacl, F|100\/100\n|move|p2a: Sneasler|Swords Dance|p2a: Sneasler\n|-boost|p2a: Sneasler|atk|2\n|\n|upkeep\n|turn|52\n|\n|t:|1699122798\n|-terastallize|p1a: Garganacl|Ghost\n|move|p2a: Sneasler|Close Combat|p1a: Garganacl\n|-immune|p1a: Garganacl\n|move|p1a: Garganacl|Curse|p2a: Sneasler\n|-start|p2a: Sneasler|Curse|[of] p1a: Garganacl\n|-damage|p1a: Garganacl|50\/100\n|\n|-heal|p1a: Garganacl|57\/100|[from] Grassy Terrain\n|-heal|p1a: Garganacl|63\/100|[from] item: Leftovers\n|-damage|p2a: Sneasler|76\/100|[from] Curse\n|-fieldend|move: Grassy Terrain\n|upkeep\n|turn|53\n|\n|t:|1699122810\n|move|p2a: Sneasler|Acrobatics|p1a: Garganacl\n|-damage|p1a: Garganacl|4\/100\n|move|p1a: Garganacl|Recover|p1a: Garganacl\n|-heal|p1a: Garganacl|54\/100\n|\n|-heal|p1a: Garganacl|60\/100|[from] item: Leftovers\n|-damage|p2a: Sneasler|51\/100|[from] Curse\n|upkeep\n|turn|54\n|\n|t:|1699122820\n|move|p2a: Sneasler|Acrobatics|p1a: Garganacl\n|-damage|p1a: Garganacl|0 fnt\n|faint|p1a: Garganacl\n|\n|-damage|p2a: Sneasler|26\/100|[from] Curse\n|upkeep\n|\n|t:|1699122827\n|switch|p1a: Gyarados|Gyarados, F|49\/100\n|-ability|p1a: Gyarados|Intimidate|boost\n|-unboost|p2a: Sneasler|atk|1\n|turn|55\n|\n|t:|1699122836\n|move|p2a: Sneasler|Acrobatics|p1a: Gyarados\n|-damage|p1a: Gyarados|0 fnt\n|faint|p1a: Gyarados\n|\n|-damage|p2a: Sneasler|1\/100|[from] Curse\n|upkeep\n|\n|t:|1699122843\n|switch|p1a: Arceus|Arceus-Ghost|67\/100\n|turn|56\n|\n|t:|1699122847\n|move|p2a: Sneasler|Acrobatics|p1a: Arceus\n|-damage|p1a: Arceus|15\/100\n|move|p1a: Arceus|Recover|p1a: Arceus\n|-heal|p1a: Arceus|65\/100\n|\n|-damage|p2a: Sneasler|0 fnt|[from] Curse\n|faint|p2a: Sneasler\n|upkeep\n|\n|t:|1699122852\n|switch|p2a: Cyclizar|Cyclizar, M|77\/100\n|turn|57\n|\n|t:|1699122860\n|move|p2a: Cyclizar|Taunt|p1a: Arceus\n|-start|p1a: Arceus|move: Taunt\n|move|p1a: Arceus|Hex|p2a: Cyclizar\n|-immune|p2a: Cyclizar\n|\n|upkeep\n|turn|58\n|\n|t:|1699122867\n|move|p2a: Cyclizar|Knock Off|p1a: Arceus\n|-supereffective|p1a: Arceus\n|-damage|p1a: Arceus|45\/100\n|move|p1a: Arceus|Hex|p2a: Cyclizar\n|-immune|p2a: Cyclizar\n|\n|upkeep\n|turn|59\n|\n|t:|1699122873\n|move|p2a: Cyclizar|Knock Off|p1a: Arceus\n|-supereffective|p1a: Arceus\n|-damage|p1a: Arceus|26\/100\n|move|p1a: Arceus|Hex|p2a: Cyclizar\n|-immune|p2a: Cyclizar\n|\n|-end|p1a: Arceus|move: Taunt\n|upkeep\n|turn|60\n|\n|t:|1699122881\n|switch|p1a: Cyclizar|Cyclizar, M|63\/100\n|move|p2a: Cyclizar|Taunt|p1a: Cyclizar\n|-start|p1a: Cyclizar|move: Taunt\n|\n|upkeep\n|turn|61\n|\n|t:|1699122891\n|switch|p2a: Arceus|Arceus-Fire|55\/100\n|switch|p1a: Sneasler|Sneasler, M|7\/100\n|\n|upkeep\n|turn|62\n|\n|t:|1699122905\n|move|p1a: Sneasler|Dire Claw|p2a: Arceus\n|-damage|p2a: Arceus|24\/100\n|move|p2a: Arceus|Earthquake|p1a: Sneasler\n|-supereffective|p1a: Sneasler\n|-damage|p1a: Sneasler|0 fnt\n|faint|p1a: Sneasler\n|\n|upkeep\n|\n|t:|1699122910\n|switch|p1a: Arceus|Arceus-Ghost|26\/100\n|turn|63\n|\n|t:|1699122916\n|switch|p2a: Gholdengo|Gholdengo|50\/100\n|move|p1a: Arceus|Recover|p1a: Arceus\n|-heal|p1a: Arceus|76\/100\n|\n|-heal|p2a: Gholdengo|56\/100|[from] item: Leftovers\n|upkeep\n|turn|64\n|\n|t:|1699122922\n|switch|p2a: Cyclizar|Cyclizar, M|100\/100\n|move|p1a: Arceus|Thunder Wave|p2a: Cyclizar\n|-status|p2a: Cyclizar|par\n|\n|upkeep\n|turn|65\n|c|\u26061P1o1s1h1e1|finally lol\n|c|\u26061P1o1s1h1e1|unfortunately\n|c|\u26061P1o1s1h1e1|still don't think this is winnable\n|\n|t:|1699122941\n|switch|p1a: Cyclizar|Cyclizar, M|96\/100\n|move|p2a: Cyclizar|Shed Tail|p2a: Cyclizar\n|-start|p2a: Cyclizar|Substitute|[from] move: Shed Tail\n|-damage|p2a: Cyclizar|50\/100 par\n|\n|t:|1699122945\n|switch|p2a: Arceus|Arceus-Fire|24\/100|[from] Shed Tail\n|\n|upkeep\n|turn|66\n|\n|t:|1699122949\n|move|p1a: Cyclizar|Shed Tail|p1a: Cyclizar\n|-start|p1a: Cyclizar|Substitute|[from] move: Shed Tail\n|-damage|p1a: Cyclizar|46\/100\n|\n|t:|1699122950\n|switch|p1a: Arceus|Arceus-Ghost|76\/100|[from] Shed Tail\n|move|p2a: Arceus|Recover|p2a: Arceus\n|-heal|p2a: Arceus|74\/100\n|\n|upkeep\n|turn|67\n|\n|t:|1699122968\n|move|p2a: Arceus|Earthquake|p1a: Arceus\n|-crit|p1a: Arceus\n|-end|p1a: Arceus|Substitute\n|move|p1a: Arceus|Roar|p2a: Arceus\n|drag|p2a: Gholdengo|Gholdengo|56\/100\n|\n|-heal|p2a: Gholdengo|62\/100|[from] item: Leftovers\n|upkeep\n|turn|68\n|c|\u26061P1o1s1h1e1|may have had a chance if mag wasn't tricked on lead or that other twave hi\n|c|\u26061P1o1s1h1e1|but\n|\n|t:|1699122981\n|switch|p2a: Cyclizar|Cyclizar, M|84\/100 par\n|move|p1a: Arceus|Hex|p2a: Cyclizar\n|-immune|p2a: Cyclizar\n|\n|upkeep\n|turn|69\n|\n|t:|1699122989\n|cant|p2a: Cyclizar|par\n|move|p1a: Arceus|Roar|p2a: Cyclizar\n|drag|p2a: Arceus|Arceus-Fire|74\/100\n|\n|upkeep\n|turn|70\n|\n|t:|1699122994\n|switch|p2a: Cyclizar|Cyclizar, M|100\/100 par\n|move|p1a: Arceus|Thunder Wave|p2a: Cyclizar\n|-fail|p2a: Cyclizar|par\n|\n|upkeep\n|turn|71\n|c|\u2606Leo Justice|Tbf\n|c|\u2606Leo Justice|Ur arc cannot touch cyclizar\n|\n|t:|1699123010\n|switch|p1a: Cyclizar|Cyclizar, M|79\/100\n|cant|p2a: Cyclizar|par\n|\n|upkeep\n|turn|72\n|c|\u26061P1o1s1h1e1|yeah but the problem was that I lost some of my methods of dealing with it\n|c|\u26061P1o1s1h1e1|like mag being unable to put hazards up easily\n|\n|t:|1699123035\n|switch|p2a: Arceus|Arceus-Fire|74\/100\n|move|p1a: Cyclizar|Taunt|p2a: Arceus\n|-start|p2a: Arceus|move: Taunt\n|\n|upkeep\n|turn|73\n|c|\u2606Leo Justice|I predicted that u were scarf from the moment you lead tbf\n|c|\u2606Leo Justice|Cuz that is an idea I also had\n|c|\u26061P1o1s1h1e1|oh yeah nah that's fair\n|\n|t:|1699123062\n|move|p1a: Cyclizar|Shed Tail|p1a: Cyclizar\n|-start|p1a: Cyclizar|Substitute|[from] move: Shed Tail\n|-damage|p1a: Cyclizar|29\/100\n|c|\u26061P1o1s1h1e1|like it isn't exactly subtle but it also just stops cycli off lead\n|\n|t:|1699123079\n|switch|p1a: Arceus|Arceus-Ghost|76\/100|[from] Shed Tail\n|move|p2a: Arceus|Flare Blitz|p1a: Arceus\n|-end|p1a: Arceus|Substitute\n|-damage|p2a: Arceus|66\/100|[from] Recoil|[of] p1a: Arceus\n|\n|upkeep\n|turn|74\n|\n|t:|1699123087\n|switch|p2a: Cyclizar|Cyclizar, M|100\/100 par\n|move|p1a: Arceus|Roar|p2a: Cyclizar\n|drag|p2a: Espathra|Espathra, M|100\/100\n|\n|upkeep\n|turn|75\n|\n|t:|1699123094\n|move|p2a: Espathra|Protect|p2a: Espathra\n|-singleturn|p2a: Espathra|Protect\n|move|p1a: Arceus|Roar|p2a: Espathra\n|drag|p2a: Arceus|Arceus-Fire|66\/100\n|\n|upkeep\n|turn|76\n|\n|t:|1699123100\n|switch|p2a: Gholdengo|Gholdengo|62\/100\n|move|p1a: Arceus|Thunder Wave|p2a: Gholdengo\n|-immune|p2a: Gholdengo|[from] ability: Good as Gold\n|\n|-heal|p2a: Gholdengo|68\/100|[from] item: Leftovers\n|upkeep\n|turn|77\n|\n|t:|1699123110\n|switch|p2a: Cyclizar|Cyclizar, M|100\/100 par\n|move|p1a: Arceus|Hex|p2a: Cyclizar\n|-immune|p2a: Cyclizar\n|\n|upkeep\n|turn|78\n|\n|t:|1699123116\n|switch|p1a: Cyclizar|Cyclizar, M|62\/100\n|move|p2a: Cyclizar|Taunt|p1a: Cyclizar\n|-start|p1a: Cyclizar|move: Taunt\n|\n|upkeep\n|turn|79\n|\n|t:|1699123121\n|switch|p2a: Arceus|Arceus-Fire|66\/100\n|move|p1a: Cyclizar|Knock Off|p2a: Arceus\n|-damage|p2a: Arceus|56\/100\n|\n|upkeep\n|turn|80\n|\n|t:|1699123124\n|switch|p1a: Arceus|Arceus-Ghost|76\/100\n|move|p2a: Arceus|Recover|p2a: Arceus\n|-heal|p2a: Arceus|100\/100\n|\n|upkeep\n|turn|81\n|\n|t:|1699123129\n|switch|p2a: Cyclizar|Cyclizar, M|100\/100 par\n|move|p1a: Arceus|Hex|p2a: Cyclizar\n|-immune|p2a: Cyclizar\n|\n|upkeep\n|turn|82\n|\n|t:|1699123134\n|move|p2a: Cyclizar|Shed Tail|p2a: Cyclizar\n|-start|p2a: Cyclizar|Substitute|[from] move: Shed Tail\n|-damage|p2a: Cyclizar|50\/100 par\n|\n|t:|1699123138\n|switch|p2a: Gholdengo|Gholdengo|68\/100|[from] Shed Tail\n|move|p1a: Arceus|Roar|p2a: Gholdengo\n|-immune|p2a: Gholdengo|[from] ability: Good as Gold\n|\n|-heal|p2a: Gholdengo|74\/100|[from] item: Leftovers\n|upkeep\n|turn|83\n|\n|t:|1699123144\n|move|p1a: Arceus|Hex|p2a: Gholdengo\n|-supereffective|p2a: Gholdengo\n|-end|p2a: Gholdengo|Substitute\n|move|p2a: Gholdengo|Shadow Ball|p1a: Arceus\n|-supereffective|p1a: Arceus\n|-damage|p1a: Arceus|22\/100\n|-unboost|p1a: Arceus|spd|1\n|\n|-heal|p2a: Gholdengo|80\/100|[from] item: Leftovers\n|upkeep\n|turn|84\n|\n|t:|1699123152\n|move|p1a: Arceus|Hex|p2a: Gholdengo\n|-supereffective|p2a: Gholdengo\n|-damage|p2a: Gholdengo|5\/100\n|move|p2a: Gholdengo|Shadow Ball|p1a: Arceus\n|-supereffective|p1a: Arceus\n|-damage|p1a: Arceus|0 fnt\n|faint|p1a: Arceus\n|\n|-heal|p2a: Gholdengo|11\/100|[from] item: Leftovers\n|upkeep\n|\n|t:|1699123154\n|switch|p1a: Cyclizar|Cyclizar, M|95\/100\n|turn|85\n|\n|t:|1699123163\n|switch|p2a: Arceus|Arceus-Fire|100\/100\n|move|p1a: Cyclizar|Knock Off|p2a: Arceus\n|-damage|p2a: Arceus|89\/100\n|\n|upkeep\n|turn|86\n|c|\u26061P1o1s1h1e1|yeah damn missed the kill though gg\n|c|\u2606Leo Justice|gg\n|-message|1P1o1s1h1e1 forfeited.\n|\n|win|Leo Justice\n","uploadtime":1699123185,"views":15,"p1id":"1p1o1s1h1e1","p2id":"leojustice","formatid":"gen9ubers","rating":0,"private":0,"password":""}