{"id":"gen9ubers-1978990479","p1":"tortortortellini","p2":"sirorangeotter","format":"[Gen 9] Ubers","log":"|j|\u2606tortortortellini\n|j|\u2606sirorangeotter\n|t:|1698618359\n|gametype|singles\n|player|p1|tortortortellini|youngster-gen4dp|\n|player|p2|sirorangeotter|hilbert|\n|teamsize|p1|6\n|teamsize|p2|6\n|gen|9\n|tier|[Gen 9] Ubers\n|rule|Sleep Clause Mod: Limit one foe put to sleep\n|rule|Species Clause: Limit one of each Pok\u00e9mon\n|rule|OHKO Clause: OHKO moves are banned\n|rule|Evasion Items Clause: Evasion items are banned\n|rule|Evasion Moves Clause: Evasion moves are banned\n|rule|Endless Battle Clause: Forcing endless battles is banned\n|rule|HP Percentage Mod: HP is shown in percentages\n|clearpoke\n|poke|p1|Zamazenta-*|\n|poke|p1|Revavroom, F|\n|poke|p1|Articuno-Galar|\n|poke|p1|Dipplin, F|\n|poke|p1|Skeledirge, F|\n|poke|p1|Bombirdier, M|\n|poke|p2|Dragapult, M|\n|poke|p2|Volcanion|\n|poke|p2|Clodsire, M|\n|poke|p2|Mandibuzz, F|\n|poke|p2|Iron Leaves|\n|poke|p2|Lycanroc, M|\n|teampreview\n|c|\u2606sirorangeotter|gl hf\n|c|\u2606tortortortellini|can you post link?\n|c|\u2606sirorangeotter|uh i can try\n|\n|t:|1698618390\n|start\n|switch|p1a: Bombirdier|Bombirdier, M|100\/100\n|switch|p2a: Rito|Lycanroc, M|100\/100\n|turn|1\n|\n|t:|1698618469\n|move|p1a: Bombirdier|Knock Off|p2a: Rito\n|-damage|p2a: Rito|27\/100\n|-enditem|p2a: Rito|Focus Sash|[from] move: Knock Off|[of] p1a: Bombirdier\n|move|p2a: Rito|Stealth Rock|p1a: Bombirdier\n|-sidestart|p1: tortortortellini|move: Stealth Rock\n|\n|upkeep\n|turn|2\n|\n|t:|1698618498\n|switch|p2a: Pebbles|Clodsire, M|100\/100\n|move|p1a: Bombirdier|Knock Off|p2a: Pebbles\n|-damage|p2a: Pebbles|65\/100\n|-enditem|p2a: Pebbles|Black Sludge|[from] move: Knock Off|[of] p1a: Bombirdier\n|\n|upkeep\n|turn|3\n|c|\u2606tortortortellini|oh right accelerock exists\n|\n|t:|1698618517\n|switch|p1a: Revavroom|Revavroom, F|100\/100\n|-damage|p1a: Revavroom|94\/100|[from] Stealth Rock\n|move|p2a: Pebbles|Rock Tomb|p1a: Revavroom\n|-resisted|p1a: Revavroom\n|-crit|p1a: Revavroom\n|-damage|p1a: Revavroom|85\/100\n|\n|upkeep\n|turn|4\n|c|\u2606sirorangeotter|?\n|\n|t:|1698618640\n|switch|p1a: Articuno|Articuno-Galar|100\/100\n|switch|p2a: Mama Gunda|Mandibuzz, F|100\/100\n|\n|upkeep\n|turn|5\n|\n|t:|1698618707\n|switch|p1a: Dipplin|Dipplin, F|100\/100\n|-damage|p1a: Dipplin|88\/100|[from] Stealth Rock\n|move|p2a: Mama Gunda|Knock Off|p1a: Dipplin\n|-damage|p1a: Dipplin|75\/100\n|-activate|p1a: Dipplin|ability: Sticky Hold\n|\n|upkeep\n|turn|6\n|\n|t:|1698618737\n|move|p2a: Mama Gunda|Brave Bird|p1a: Dipplin\n|-supereffective|p1a: Dipplin\n|-damage|p1a: Dipplin|40\/100\n|-damage|p2a: Mama Gunda|91\/100|[from] Recoil\n|move|p1a: Dipplin|Recover|p1a: Dipplin\n|-heal|p1a: Dipplin|90\/100\n|\n|upkeep\n|turn|7\n|\n|t:|1698618754\n|switch|p2a: Pebbles|Clodsire, M|65\/100\n|move|p1a: Dipplin|Infestation|p2a: Pebbles\n|-resisted|p2a: Pebbles\n|-damage|p2a: Pebbles|64\/100\n|-activate|p2a: Pebbles|move: Infestation|[of] p1a: Dipplin\n|\n|-damage|p2a: Pebbles|51\/100|[from] move: Infestation|[partiallytrapped]\n|upkeep\n|turn|8\n|j| Swagadile\n|j| So Threatening\n|\n|t:|1698618826\n|switch|p1a: Revavroom|Revavroom, F|85\/100\n|-damage|p1a: Revavroom|79\/100|[from] Stealth Rock\n|move|p2a: Pebbles|Recover|p2a: Pebbles\n|-heal|p2a: Pebbles|100\/100\n|\n|-end|p2a: Pebbles|Infestation|[partiallytrapped]|[silent]\n|upkeep\n|turn|9\n|l| Swagadile\n|\n|t:|1698618851\n|switch|p2a: Mama Gunda|Mandibuzz, F|91\/100\n|move|p1a: Revavroom|Shift Gear|p1a: Revavroom\n|-boost|p1a: Revavroom|spe|2\n|-boost|p1a: Revavroom|atk|1\n|\n|upkeep\n|turn|10\n|\n|t:|1698618878\n|move|p1a: Revavroom|Gunk Shot|p2a: Mama Gunda\n|-damage|p2a: Mama Gunda|31\/100\n|move|p2a: Mama Gunda|Foul Play|p1a: Revavroom\n|-damage|p1a: Revavroom|0 fnt\n|faint|p1a: Revavroom\n|\n|upkeep\n|\n|t:|1698618903\n|switch|p1a: Bombirdier|Bombirdier, M|100\/100\n|-damage|p1a: Bombirdier|76\/100|[from] Stealth Rock\n|turn|11\n|\n|t:|1698618914\n|switch|p2a: Pebbles|Clodsire, M|100\/100\n|move|p1a: Bombirdier|Brave Bird|p2a: Pebbles\n|-damage|p2a: Pebbles|53\/100\n|-damage|p1a: Bombirdier|51\/100|[from] Recoil\n|\n|upkeep\n|turn|12\n|\n|t:|1698618925\n|move|p1a: Bombirdier|Brave Bird|p2a: Pebbles\n|-damage|p2a: Pebbles|6\/100\n|-damage|p1a: Bombirdier|26\/100|[from] Recoil\n|move|p2a: Pebbles|Rock Tomb|p1a: Bombirdier\n|-supereffective|p1a: Bombirdier\n|-damage|p1a: Bombirdier|0 fnt\n|faint|p1a: Bombirdier\n|\n|upkeep\n|j| jksm\n|\n|t:|1698618992\n|switch|p1a: Skeledirge|Skeledirge, F|100\/100\n|turn|13\n|\n|t:|1698618996\n|move|p1a: Skeledirge|Torch Song|p2a: Pebbles\n|-crit|p2a: Pebbles\n|-damage|p2a: Pebbles|0 fnt\n|-boost|p1a: Skeledirge|spa|1\n|faint|p2a: Pebbles\n|\n|upkeep\n|\n|t:|1698619000\n|switch|p2a: Steam Surgeon|Volcanion|100\/100\n|turn|14\n|l| jksm\n|\n|t:|1698619060\n|switch|p1a: Dipplin|Dipplin, F|90\/100\n|-damage|p1a: Dipplin|77\/100|[from] Stealth Rock\n|move|p2a: Steam Surgeon|Steam Eruption|p1a: Dipplin\n|-resisted|p1a: Dipplin\n|-damage|p1a: Dipplin|66\/100\n|\n|upkeep\n|turn|15\n|\n|t:|1698619073\n|switch|p2a: Rito|Lycanroc, M|27\/100\n|move|p1a: Dipplin|Recover|p1a: Dipplin\n|-heal|p1a: Dipplin|100\/100\n|\n|upkeep\n|turn|16\n|\n|t:|1698619088\n|move|p2a: Rito|Stone Edge|p1a: Dipplin\n|-damage|p1a: Dipplin|72\/100\n|move|p1a: Dipplin|Energy Ball|p2a: Rito\n|-supereffective|p2a: Rito\n|-damage|p2a: Rito|0 fnt\n|faint|p2a: Rito\n|\n|upkeep\n|\n|t:|1698619121\n|switch|p2a: Mercury|Dragapult, M|100\/100\n|turn|17\n|\n|t:|1698619152\n|move|p2a: Mercury|Draco Meteor|p1a: Dipplin\n|-supereffective|p1a: Dipplin\n|-damage|p1a: Dipplin|9\/100\n|-unboost|p2a: Mercury|spa|2\n|move|p1a: Dipplin|Draco Meteor|p2a: Mercury\n|-supereffective|p2a: Mercury\n|-damage|p2a: Mercury|0 fnt\n|-unboost|p1a: Dipplin|spa|2\n|faint|p2a: Mercury\n|\n|upkeep\n|c|\u2606tortortortellini|dipplin the goat\n|l| So Threatening\n|j| NEdgyman\n|\n|t:|1698619211\n|switch|p2a: Steam Surgeon|Volcanion|100\/100\n|turn|18\n|\n|t:|1698619226\n|move|p2a: Steam Surgeon|Steam Eruption|p1a: Dipplin\n|-resisted|p1a: Dipplin\n|-damage|p1a: Dipplin|0 fnt\n|faint|p1a: Dipplin\n|\n|upkeep\n|\n|t:|1698619285\n|switch|p1a: Articuno|Articuno-Galar|100\/100\n|turn|19\n|l| NEdgyman\n|\n|t:|1698619435\n|move|p2a: Steam Surgeon|Steam Eruption|p1a: Articuno\n|-damage|p1a: Articuno|30\/100\n|move|p1a: Articuno|Calm Mind|p1a: Articuno\n|-boost|p1a: Articuno|spa|1\n|-boost|p1a: Articuno|spd|1\n|\n|upkeep\n|turn|20\n|\n|t:|1698619446\n|move|p2a: Steam Surgeon|Steam Eruption|p1a: Articuno\n|-damage|p1a: Articuno|0 fnt\n|faint|p1a: Articuno\n|\n|upkeep\n|\n|t:|1698619448\n|switch|p1a: Skeledirge|Skeledirge, F|100\/100\n|turn|21\n|\n|t:|1698619454\n|move|p2a: Steam Surgeon|Steam Eruption|p1a: Skeledirge\n|-supereffective|p1a: Skeledirge\n|-damage|p1a: Skeledirge|0 fnt\n|faint|p1a: Skeledirge\n|\n|upkeep\n|\n|t:|1698619457\n|switch|p1a: Zamazenta|Zamazenta|100\/100\n|-damage|p1a: Zamazenta|94\/100|[from] Stealth Rock\n|-ability|p1a: Zamazenta|Dauntless Shield|boost\n|-boost|p1a: Zamazenta|def|1\n|turn|22\n|\n|t:|1698619462\n|move|p1a: Zamazenta|Body Press|p2a: Steam Surgeon\n|-damage|p2a: Steam Surgeon|37\/100\n|move|p2a: Steam Surgeon|Steam Eruption|p1a: Zamazenta\n|-damage|p1a: Zamazenta|20\/100\n|-status|p1a: Zamazenta|brn\n|\n|-damage|p1a: Zamazenta|14\/100 brn|[from] brn\n|upkeep\n|turn|23\n|\n|t:|1698619469\n|switch|p2a: Mama Gunda|Mandibuzz, F|31\/100\n|move|p1a: Zamazenta|Rest|p1a: Zamazenta\n|-status|p1a: Zamazenta|slp|[from] move: Rest\n|-heal|p1a: Zamazenta|100\/100 slp|[silent]\n|-enditem|p1a: Zamazenta|Chesto Berry|[eat]\n|-curestatus|p1a: Zamazenta|slp|[msg]\n|\n|upkeep\n|turn|24\n|j| MonkeyManStan\n|c|\u2606sirorangeotter|oof what a choke\n|j| NEdgyman\n|l| NEdgyman\n|j| NEdgyman\n|\n|t:|1698619594\n|move|p1a: Zamazenta|Iron Defense|p1a: Zamazenta\n|-boost|p1a: Zamazenta|def|2\n|move|p2a: Mama Gunda|Brave Bird|p1a: Zamazenta\n|-supereffective|p1a: Zamazenta\n|-damage|p1a: Zamazenta|84\/100\n|-damage|p2a: Mama Gunda|27\/100|[from] Recoil\n|\n|upkeep\n|turn|25\n|\n|t:|1698619610\n|move|p1a: Zamazenta|Body Press|p2a: Mama Gunda\n|-damage|p2a: Mama Gunda|0 fnt\n|-damage|p1a: Zamazenta|68\/100|[from] item: Rocky Helmet|[of] p2a: Mama Gunda\n|faint|p2a: Mama Gunda\n|\n|upkeep\n|\n|t:|1698619723\n|switch|p2a: Lazeroph|Iron Leaves|100\/100\n|turn|26\n|\n|t:|1698619826\n|move|p1a: Zamazenta|Body Press|p2a: Lazeroph\n|-resisted|p2a: Lazeroph\n|-damage|p2a: Lazeroph|41\/100\n|move|p2a: Lazeroph|Psyblade|p1a: Zamazenta\n|-supereffective|p1a: Zamazenta\n|-damage|p1a: Zamazenta|40\/100\n|-damage|p2a: Lazeroph|31\/100|[from] item: Life Orb\n|\n|upkeep\n|turn|27\n|\n|t:|1698619834\n|move|p1a: Zamazenta|Body Press|p2a: Lazeroph\n|-resisted|p2a: Lazeroph\n|-damage|p2a: Lazeroph|0 fnt\n|faint|p2a: Lazeroph\n|-end|p2a: Lazeroph|Quark Drive|[silent]\n|\n|upkeep\n|\n|t:|1698619836\n|switch|p2a: Steam Surgeon|Volcanion|37\/100\n|turn|28\n|c|\u2606sirorangeotter|gg\n|c|\u2606sirorangeotter|wp\n|j| Swagadile\n|c|\u2606sirorangeotter|bro\n|c|\u2606sirorangeotter|just click a button\n|l| MonkeyManStan\n|c| NEdgyman|bruh just click\n|c|\u2606tortortortellini|sorry\n|\n|t:|1698619944\n|move|p1a: Zamazenta|Body Press|p2a: Steam Surgeon\n|-damage|p2a: Steam Surgeon|0 fnt\n|faint|p2a: Steam Surgeon\n|\n|win|tortortortellini\n|l| Swagadile\n|c|\u2606tortortortellini|got too focused on other game\n|c|\u2606sirorangeotter|ready for rematch?\n|c|\u2606sirorangeotter|or game2\n|c|\u2606sirorangeotter|whatever you call it\n","uploadtime":1698620031,"views":19,"p1id":"tortortortellini","p2id":"sirorangeotter","formatid":"gen9ubers","rating":0,"private":0,"password":""}