{"id":"gen9ubers-1968149569","p1":"Coupe457","p2":"Nechestivo","format":"[Gen 9] Ubers","log":"|j|\u2606Coupe457\n|j|\u2606Nechestivo\n|t:|1697389244\n|gametype|singles\n|player|p1|Coupe457|artist-gen4|\n|player|p2|Nechestivo|n|\n|teamsize|p1|5\n|teamsize|p2|5\n|gen|9\n|tier|[Gen 9] Ubers\n|rule|Sleep Clause Mod: Limit one foe put to sleep\n|rule|Species Clause: Limit one of each Pok\u00e9mon\n|rule|OHKO Clause: OHKO moves are banned\n|rule|Evasion Items Clause: Evasion items are banned\n|rule|Evasion Moves Clause: Evasion moves are banned\n|rule|Endless Battle Clause: Forcing endless battles is banned\n|rule|HP Percentage Mod: HP is shown in percentages\n|clearpoke\n|poke|p1|Ogerpon, F|\n|poke|p1|Ninetales-Alola, F|\n|poke|p1|Great Tusk|\n|poke|p1|Mew|\n|poke|p1|Clefable, F|\n|poke|p2|Heatran, M|\n|poke|p2|Landorus-Therian, M|\n|poke|p2|Dragonite, F|\n|poke|p2|Jirachi|\n|poke|p2|Okidogi, M|\n|teampreview\n|inactive|Battle timer is ON: inactive players will automatically lose when time's up. (requested by Coupe457)\n|inactiveoff|Battle timer is now OFF.\n|\n|t:|1697389252\n|start\n|switch|p1a: Ninetales|Ninetales-Alola, F|100\/100\n|switch|p2a: Heatran|Heatran, M, shiny|100\/100\n|-weather|Snow|[from] ability: Snow Warning|[of] p1a: Ninetales\n|-item|p2a: Heatran|Air Balloon\n|turn|1\n|c|\u2606Coupe457|hf\n|\n|t:|1697389265\n|switch|p1a: Mew|Mew|100\/100\n|move|p2a: Heatran|Magma Storm|p1a: Mew\n|-damage|p1a: Mew|53\/100\n|-activate|p1a: Mew|move: Magma Storm|[of] p2a: Heatran\n|\n|-weather|Snow|[upkeep]\n|-damage|p1a: Mew|40\/100|[from] move: Magma Storm|[partiallytrapped]\n|upkeep\n|turn|2\n|\n|t:|1697389283\n|move|p1a: Mew|Close Combat|p2a: Heatran\n|-supereffective|p2a: Heatran\n|-damage|p2a: Heatran|7\/100\n|-unboost|p1a: Mew|def|1\n|-unboost|p1a: Mew|spd|1\n|-enditem|p2a: Heatran|Air Balloon\n|move|p2a: Heatran|Magma Storm|p1a: Mew|[miss]\n|-miss|p2a: Heatran|p1a: Mew\n|\n|-weather|Snow|[upkeep]\n|-damage|p1a: Mew|28\/100|[from] move: Magma Storm|[partiallytrapped]\n|upkeep\n|turn|3\n|\n|t:|1697389307\n|switch|p2a: Landorus|Landorus-Therian, M, shiny|100\/100\n|-ability|p2a: Landorus|Intimidate|boost\n|-unboost|p1a: Mew|atk|1\n|move|p1a: Mew|Close Combat|p2a: Landorus\n|-resisted|p2a: Landorus\n|-damage|p2a: Landorus|91\/100\n|-unboost|p1a: Mew|def|1\n|-unboost|p1a: Mew|spd|1\n|-damage|p1a: Mew|12\/100|[from] item: Rocky Helmet|[of] p2a: Landorus\n|\n|-weather|Snow|[upkeep]\n|-end|p1a: Mew|Magma Storm|[partiallytrapped]|[silent]\n|upkeep\n|turn|4\n|\n|t:|1697389321\n|move|p1a: Mew|Ice Spinner|p2a: Landorus\n|-supereffective|p2a: Landorus\n|-damage|p2a: Landorus|35\/100\n|-damage|p1a: Mew|0 fnt|[from] item: Rocky Helmet|[of] p2a: Landorus\n|faint|p1a: Mew\n|move|p2a: Landorus|U-turn|p1: Mew|[notarget]\n|-fail|p2a: Landorus\n|\n|-weather|Snow|[upkeep]\n|upkeep\n|\n|t:|1697389338\n|switch|p1a: Ninetales|Ninetales-Alola, F|100\/100\n|turn|5\n|\n|t:|1697389352\n|switch|p2a: Jirachi|Jirachi, shiny|100\/100\n|-terastallize|p1a: Ninetales|Ground\n|move|p1a: Ninetales|Nasty Plot|p1a: Ninetales\n|-boost|p1a: Ninetales|spa|2\n|\n|-weather|none\n|upkeep\n|turn|6\n|\n|t:|1697389367\n|move|p1a: Ninetales|Tera Blast|p2a: Jirachi|[anim] Tera Blast Ground\n|-supereffective|p2a: Jirachi\n|-damage|p2a: Jirachi|0 fnt\n|faint|p2a: Jirachi\n|\n|upkeep\n|\n|t:|1697389387\n|switch|p2a: Okidogi|Okidogi, M|100\/100\n|turn|7\n|\n|t:|1697389402\n|-terastallize|p2a: Okidogi|Water\n|move|p1a: Ninetales|Psyshock|p2a: Okidogi\n|-damage|p2a: Okidogi|73\/100\n|move|p2a: Okidogi|Knock Off|p1a: Ninetales\n|-damage|p1a: Ninetales|53\/100\n|-enditem|p1a: Ninetales|Covert Cloak|[from] move: Knock Off|[of] p2a: Okidogi\n|\n|-heal|p2a: Okidogi|79\/100|[from] item: Leftovers\n|upkeep\n|turn|8\n|\n|t:|1697389423\n|move|p1a: Ninetales|Tera Blast|p2a: Okidogi|[anim] Tera Blast Ground\n|-damage|p2a: Okidogi|24\/100\n|move|p2a: Okidogi|Ice Punch|p1a: Ninetales\n|-supereffective|p1a: Ninetales\n|-damage|p1a: Ninetales|0 fnt\n|faint|p1a: Ninetales\n|\n|-heal|p2a: Okidogi|30\/100|[from] item: Leftovers\n|upkeep\n|\n|t:|1697389445\n|switch|p1a: Great Tusk|Great Tusk|100\/100\n|-enditem|p1a: Great Tusk|Booster Energy\n|-activate|p1a: Great Tusk|ability: Protosynthesis|[fromitem]\n|-start|p1a: Great Tusk|protosynthesisatk\n|turn|9\n|\n|t:|1697389458\n|switch|p2a: Landorus|Landorus-Therian, M, shiny|35\/100\n|-ability|p2a: Landorus|Intimidate|boost\n|-unboost|p1a: Great Tusk|atk|1\n|move|p1a: Great Tusk|Rapid Spin|p2a: Landorus\n|-damage|p2a: Landorus|24\/100\n|-boost|p1a: Great Tusk|spe|1\n|-damage|p1a: Great Tusk|84\/100|[from] item: Rocky Helmet|[of] p2a: Landorus\n|\n|upkeep\n|turn|10\n|\n|t:|1697389473\n|move|p1a: Great Tusk|Ice Spinner|p2a: Landorus\n|-supereffective|p2a: Landorus\n|-damage|p2a: Landorus|0 fnt\n|-damage|p1a: Great Tusk|67\/100|[from] item: Rocky Helmet|[of] p2a: Landorus\n|faint|p2a: Landorus\n|\n|upkeep\n|\n|t:|1697389491\n|switch|p2a: Okidogi|Okidogi, M, tera:Water|30\/100\n|turn|11\n|\n|t:|1697389501\n|move|p1a: Great Tusk|Close Combat|p2a: Okidogi\n|-damage|p2a: Okidogi|0 fnt\n|-unboost|p1a: Great Tusk|def|1\n|-unboost|p1a: Great Tusk|spd|1\n|faint|p2a: Okidogi\n|\n|upkeep\n|\n|t:|1697389518\n|switch|p2a: Dragonite|Dragonite, F, shiny|100\/100\n|turn|12\n|\n|t:|1697389524\n|move|p1a: Great Tusk|Ice Spinner|p2a: Dragonite\n|-supereffective|p2a: Dragonite\n|-damage|p2a: Dragonite|8\/100\n|move|p2a: Dragonite|Ice Spinner|p1a: Great Tusk\n|-supereffective|p1a: Great Tusk\n|-damage|p1a: Great Tusk|6\/100\n|\n|upkeep\n|turn|13\n|\n|t:|1697389532\n|move|p2a: Dragonite|Extreme Speed|p1a: Great Tusk\n|-damage|p1a: Great Tusk|0 fnt\n|faint|p1a: Great Tusk\n|-end|p1a: Great Tusk|Protosynthesis|[silent]\n|\n|upkeep\n|\n|t:|1697389534\n|switch|p1a: Ogerpon|Ogerpon, F|100\/100\n|turn|14\n|\n|t:|1697389547\n|move|p1a: Ogerpon|Knock Off|p2a: Dragonite\n|-crit|p2a: Dragonite\n|-damage|p2a: Dragonite|0 fnt\n|-enditem|p2a: Dragonite|Heavy-Duty Boots|[from] move: Knock Off|[of] p1a: Ogerpon\n|faint|p2a: Dragonite\n|\n|upkeep\n|\n|t:|1697389553\n|switch|p2a: Heatran|Heatran, M, shiny|7\/100\n|turn|15\n|c|\u2606Coupe457|\u0449\u0430 \u0441\u0435\u043a \u044f \u0443\u0442\u043e\u0447\u043d\u044f\u044e \u043f\u0440\u0430\u0432\u0438\u043b\u0430 \u0442\u0430\u043c\n|\n|t:|1697389662\n|move|p1a: Ogerpon|Knock Off|p2a: Heatran\n|-damage|p2a: Heatran|0 fnt\n|faint|p2a: Heatran\n|\n|win|Coupe457\n|c|\u2606Coupe457|- \u043a\u043b\u0435\u0444\u044d\u0439\u0431\u043b\n|c|\u2606Coupe457|gg\n|c|\u2606Nechestivo|\u0433\u0433\n","uploadtime":1697389676,"views":23,"p1id":"coupe457","p2id":"nechestivo","formatid":"gen9ubers","rating":0,"private":0,"password":""}