{"id":"gen9ubers-1978991471","p1":"Vazquez 2.0","p2":"Shirou nanaya","format":"[Gen 9] Ubers","log":"|j|\u2606Vazquez 2.0\n|j|\u2606Shirou nanaya\n|t:|1698618472\n|gametype|singles\n|player|p1|Vazquez 2.0|gardenia|\n|player|p2|Shirou nanaya|benga|\n|teamsize|p1|6\n|teamsize|p2|6\n|gen|9\n|tier|[Gen 9] Ubers\n|rule|Sleep Clause Mod: Limit one foe put to sleep\n|rule|Species Clause: Limit one of each Pok\u00e9mon\n|rule|OHKO Clause: OHKO moves are banned\n|rule|Evasion Items Clause: Evasion items are banned\n|rule|Evasion Moves Clause: Evasion moves are banned\n|rule|Endless Battle Clause: Forcing endless battles is banned\n|rule|HP Percentage Mod: HP is shown in percentages\n|clearpoke\n|poke|p1|Pelipper, F|\n|poke|p1|Basculegion-F, F|\n|poke|p1|Arceus-Grass|\n|poke|p1|Giratina|\n|poke|p1|Zamazenta-*|\n|poke|p1|Thundurus-Therian, M|\n|poke|p2|Darkrai|\n|poke|p2|Dialga|\n|poke|p2|Landorus, M|\n|poke|p2|Giratina|\n|poke|p2|Avalugg-Hisui, F|\n|poke|p2|Palafin, F|\n|teampreview\n|inactive|Battle timer is ON: inactive players will automatically lose when time's up. (requested by Shirou nanaya)\n|c|\u2606Vazquez 2.0|glhf\n|\n|t:|1698618487\n|start\n|switch|p1a: Thundurus|Thundurus-Therian, M|100\/100\n|switch|p2a: Avalugg|Avalugg-Hisui, F|100\/100\n|turn|1\n|\n|t:|1698618489\n|move|p1a: Thundurus|Volt Switch|p2a: Avalugg\n|-damage|p2a: Avalugg|24\/100\n|\n|t:|1698618491\n|switch|p1a: Giratina|Giratina, shiny|100\/100|[from] Volt Switch\n|-ability|p1a: Giratina|Pressure\n|move|p2a: Avalugg|Rock Blast|p1a: Giratina\n|-damage|p1a: Giratina|95\/100\n|-damage|p1a: Giratina|88\/100\n|-hitcount|p1a: Giratina|2\n|\n|upkeep\n|turn|2\n|-enditem|p2a: Avalugg|Custap Berry|[eat]\n|-activate|p2a: Avalugg|item: Custap Berry|[consumed]\n|\n|t:|1698618495\n|move|p2a: Avalugg|Mountain Gale|p1a: Giratina\n|-supereffective|p1a: Giratina\n|-damage|p1a: Giratina|38\/100\n|move|p1a: Giratina|Hex|p2a: Avalugg\n|-damage|p2a: Avalugg|0 fnt\n|faint|p2a: Avalugg\n|\n|upkeep\n|\n|t:|1698618501\n|switch|p2a: Darkrai|Darkrai|100\/100\n|turn|3\n|\n|t:|1698618515\n|switch|p1a: Zamazenta|Zamazenta-Crowned, shiny|100\/100\n|-ability|p1a: Zamazenta|Dauntless Shield|boost\n|-boost|p1a: Zamazenta|def|1\n|move|p2a: Darkrai|Dark Pulse|p1a: Zamazenta\n|-resisted|p1a: Zamazenta\n|-crit|p1a: Zamazenta\n|-damage|p1a: Zamazenta|77\/100\n|\n|upkeep\n|turn|4\n|\n|t:|1698618522\n|switch|p2a: Giratina|Giratina|100\/100\n|-ability|p2a: Giratina|Pressure\n|move|p1a: Zamazenta|Substitute|p1a: Zamazenta\n|-start|p1a: Zamazenta|Substitute\n|-damage|p1a: Zamazenta|52\/100\n|\n|upkeep\n|turn|5\n|\n|t:|1698618525\n|move|p1a: Zamazenta|Behemoth Bash|p2a: Giratina\n|-damage|p2a: Giratina|84\/100\n|move|p2a: Giratina|Roar|p1a: Zamazenta\n|drag|p1a: Giratina|Giratina, shiny|38\/100\n|-ability|p1a: Giratina|Pressure\n|\n|-heal|p2a: Giratina|90\/100|[from] item: Leftovers\n|upkeep\n|turn|6\n|\n|t:|1698618532\n|move|p2a: Giratina|Shadow Ball|p1a: Giratina\n|-supereffective|p1a: Giratina\n|-damage|p1a: Giratina|5\/100\n|move|p1a: Giratina|Will-O-Wisp|p2a: Giratina\n|-status|p2a: Giratina|brn\n|\n|-heal|p2a: Giratina|96\/100 brn|[from] item: Leftovers\n|-damage|p2a: Giratina|90\/100 brn|[from] brn\n|upkeep\n|turn|7\n|\n|t:|1698618538\n|move|p2a: Giratina|Shadow Ball|p1a: Giratina\n|-supereffective|p1a: Giratina\n|-damage|p1a: Giratina|0 fnt\n|faint|p1a: Giratina\n|\n|-heal|p2a: Giratina|96\/100 brn|[from] item: Leftovers\n|-damage|p2a: Giratina|90\/100 brn|[from] brn\n|upkeep\n|\n|t:|1698618540\n|switch|p1a: Pelipper|Pelipper, F, shiny|100\/100\n|-weather|RainDance|[from] ability: Drizzle|[of] p1a: Pelipper\n|turn|8\n|\n|t:|1698618549\n|switch|p1a: Arceus|Arceus-Grass, shiny|100\/100\n|move|p2a: Giratina|Calm Mind|p2a: Giratina\n|-boost|p2a: Giratina|spa|1\n|-boost|p2a: Giratina|spd|1\n|\n|-weather|RainDance|[upkeep]\n|-heal|p2a: Giratina|96\/100 brn|[from] item: Leftovers\n|-damage|p2a: Giratina|90\/100 brn|[from] brn\n|upkeep\n|turn|9\n|\n|t:|1698618553\n|move|p1a: Arceus|Stealth Rock|p2a: Giratina\n|-sidestart|p2: Shirou nanaya|move: Stealth Rock\n|move|p2a: Giratina|Calm Mind|p2a: Giratina\n|-boost|p2a: Giratina|spa|1\n|-boost|p2a: Giratina|spd|1\n|\n|-weather|RainDance|[upkeep]\n|-heal|p2a: Giratina|96\/100 brn|[from] item: Leftovers\n|-damage|p2a: Giratina|90\/100 brn|[from] brn\n|upkeep\n|turn|10\n|\n|t:|1698618556\n|move|p1a: Arceus|Ice Beam|p2a: Giratina\n|-supereffective|p2a: Giratina\n|-damage|p2a: Giratina|77\/100 brn\n|move|p2a: Giratina|Shadow Ball|p1a: Arceus\n|-damage|p1a: Arceus|64\/100\n|\n|-weather|RainDance|[upkeep]\n|-heal|p2a: Giratina|83\/100 brn|[from] item: Leftovers\n|-damage|p2a: Giratina|77\/100 brn|[from] brn\n|upkeep\n|turn|11\n|\n|t:|1698618562\n|move|p1a: Arceus|Ice Beam|p2a: Giratina\n|-supereffective|p2a: Giratina\n|-damage|p2a: Giratina|62\/100 brn\n|move|p2a: Giratina|Shadow Ball|p1a: Arceus\n|-damage|p1a: Arceus|28\/100\n|-unboost|p1a: Arceus|spd|1\n|\n|-weather|RainDance|[upkeep]\n|-heal|p2a: Giratina|68\/100 brn|[from] item: Leftovers\n|-damage|p2a: Giratina|62\/100 brn|[from] brn\n|upkeep\n|turn|12\n|\n|t:|1698618564\n|move|p1a: Arceus|Ice Beam|p2a: Giratina\n|-supereffective|p2a: Giratina\n|-damage|p2a: Giratina|47\/100 brn\n|move|p2a: Giratina|Shadow Ball|p1a: Arceus\n|-damage|p1a: Arceus|0 fnt\n|faint|p1a: Arceus\n|\n|-weather|RainDance|[upkeep]\n|-heal|p2a: Giratina|53\/100 brn|[from] item: Leftovers\n|-damage|p2a: Giratina|47\/100 brn|[from] brn\n|upkeep\n|\n|t:|1698618566\n|switch|p1a: Basculegion|Basculegion-F, F, shiny|100\/100\n|turn|13\n|\n|t:|1698618570\n|move|p1a: Basculegion|Last Respects|p2a: Giratina\n|-supereffective|p2a: Giratina\n|-damage|p2a: Giratina|0 fnt\n|faint|p2a: Giratina\n|\n|-weather|RainDance|[upkeep]\n|upkeep\n|\n|t:|1698618583\n|switch|p2a: Darkrai|Darkrai|100\/100\n|-damage|p2a: Darkrai|88\/100|[from] Stealth Rock\n|turn|14\n|\n|t:|1698618587\n|switch|p1a: Zamazenta|Zamazenta-Crowned, shiny|52\/100\n|move|p2a: Darkrai|Dark Pulse|p1a: Zamazenta\n|-resisted|p1a: Zamazenta\n|-damage|p1a: Zamazenta|37\/100\n|\n|-weather|RainDance|[upkeep]\n|upkeep\n|turn|15\n|\n|t:|1698618601\n|move|p1a: Zamazenta|Body Press|p2a: Darkrai\n|-supereffective|p2a: Darkrai\n|-damage|p2a: Darkrai|0 fnt\n|faint|p2a: Darkrai\n|\n|-weather|none\n|upkeep\n|\n|t:|1698618607\n|switch|p2a: Landorus|Landorus, M|100\/100\n|-damage|p2a: Landorus|88\/100|[from] Stealth Rock\n|turn|16\n|\n|t:|1698618613\n|move|p1a: Zamazenta|Behemoth Bash|p2a: Landorus\n|-damage|p2a: Landorus|37\/100\n|move|p2a: Landorus|Psychic|p1a: Zamazenta\n|-damage|p1a: Zamazenta|3\/100\n|\n|upkeep\n|turn|17\n|\n|t:|1698618616\n|move|p1a: Zamazenta|Behemoth Bash|p2a: Landorus\n|-damage|p2a: Landorus|0 fnt\n|faint|p2a: Landorus\n|\n|upkeep\n|\n|t:|1698618617\n|switch|p2a: Dialga|Dialga|100\/100\n|-damage|p2a: Dialga|94\/100|[from] Stealth Rock\n|-ability|p2a: Dialga|Pressure\n|turn|18\n|\n|t:|1698618632\n|-terastallize|p2a: Dialga|Water\n|move|p1a: Zamazenta|Body Press|p2a: Dialga\n|-damage|p2a: Dialga|59\/100\n|move|p2a: Dialga|Bulk Up|p2a: Dialga\n|-boost|p2a: Dialga|atk|1\n|-boost|p2a: Dialga|def|1\n|\n|upkeep\n|turn|19\n|\n|t:|1698618636\n|move|p1a: Zamazenta|Body Press|p2a: Dialga\n|-damage|p2a: Dialga|38\/100\n|move|p2a: Dialga|Scale Shot|p1a: Zamazenta\n|-resisted|p1a: Zamazenta\n|-damage|p1a: Zamazenta|0 fnt\n|faint|p1a: Zamazenta\n|-hitcount|p1: Zamazenta|1\n|-unboost|p2a: Dialga|def|1\n|-boost|p2a: Dialga|spe|1\n|\n|upkeep\n|\n|t:|1698618640\n|switch|p1a: Pelipper|Pelipper, F, shiny|100\/100\n|-weather|RainDance|[from] ability: Drizzle|[of] p1a: Pelipper\n|turn|20\n|\n|t:|1698618646\n|move|p2a: Dialga|Scale Shot|p1a: Pelipper\n|-damage|p1a: Pelipper|87\/100\n|-crit|p1a: Pelipper\n|-damage|p1a: Pelipper|67\/100\n|-damage|p1a: Pelipper|53\/100\n|-damage|p1a: Pelipper|40\/100\n|-hitcount|p1a: Pelipper|4\n|-unboost|p2a: Dialga|def|1\n|-boost|p2a: Dialga|spe|1\n|move|p1a: Pelipper|Hurricane|p2a: Dialga\n|-damage|p2a: Dialga|0 fnt\n|faint|p2a: Dialga\n|\n|-weather|RainDance|[upkeep]\n|upkeep\n|c|\u2606Shirou nanaya|Gg\n|c|\u2606Vazquez 2.0|gg\n|\n|t:|1698618656\n|switch|p2a: Palafin|Palafin, F|100\/100\n|-damage|p2a: Palafin|88\/100|[from] Stealth Rock\n|turn|21\n|\n|t:|1698618658\n|move|p2a: Palafin|Wave Crash|p1a: Pelipper\n|-resisted|p1a: Pelipper\n|-damage|p1a: Pelipper|5\/100\n|-damage|p2a: Palafin|77\/100|[from] Recoil\n|move|p1a: Pelipper|U-turn|p2a: Palafin\n|-damage|p2a: Palafin|64\/100\n|\n|t:|1698618660\n|switch|p1a: Thundurus|Thundurus-Therian, M|100\/100|[from] U-turn\n|\n|-weather|RainDance|[upkeep]\n|upkeep\n|turn|22\n|\n|t:|1698618663\n|move|p1a: Thundurus|Thunder|p2a: Palafin\n|-supereffective|p2a: Palafin\n|-damage|p2a: Palafin|0 fnt\n|faint|p2a: Palafin\n|\n|win|Vazquez 2.0\n","uploadtime":1698618667,"views":15,"p1id":"vazquez20","p2id":"shirounanaya","formatid":"gen9ubers","rating":0,"private":0,"password":""}