{"id":"gen9ubers-1970023021","p1":"764468i","p2":"YoungsterJoey_LOL","format":"[Gen 9] Ubers","log":"|j|\u2606764468i\n|j|\u2606YoungsterJoey_LOL\n|t:|1697586128\n|gametype|singles\n|player|p1|764468i|alder|\n|player|p2|YoungsterJoey_LOL|blue|\n|teamsize|p1|6\n|teamsize|p2|6\n|gen|9\n|tier|[Gen 9] Ubers\n|rule|Sleep Clause Mod: Limit one foe put to sleep\n|rule|Species Clause: Limit one of each Pok\u00e9mon\n|rule|OHKO Clause: OHKO moves are banned\n|rule|Evasion Items Clause: Evasion items are banned\n|rule|Evasion Moves Clause: Evasion moves are banned\n|rule|Endless Battle Clause: Forcing endless battles is banned\n|rule|HP Percentage Mod: HP is shown in percentages\n|clearpoke\n|poke|p1|Abomasnow, F|\n|poke|p1|Froslass, F|\n|poke|p1|Eternatus|\n|poke|p1|Torterra, M|\n|poke|p1|Chi-Yu|\n|poke|p1|Palkia-Origin|\n|poke|p2|Koraidon|\n|poke|p2|Sandy Shocks|\n|poke|p2|Quaquaval, M|\n|poke|p2|Dragapult, F|\n|poke|p2|Arcanine-Hisui, M|\n|poke|p2|Zapdos-Galar|\n|teampreview\n|\n|t:|1697586134\n|start\n|switch|p1a: Chi-Yu|Chi-Yu|100\/100\n|switch|p2a: Jackie chan|Koraidon|100\/100\n|-weather|SunnyDay|[from] ability: Orichalcum Pulse|[of] p2a: Jackie chan\n|-activate|p2a: Jackie chan|Orichalcum Pulse|[source]\n|-ability|p1a: Chi-Yu|Beads of Ruin\n|turn|1\n|\n|t:|1697586144\n|move|p2a: Jackie chan|Swords Dance|p2a: Jackie chan\n|-boost|p2a: Jackie chan|atk|2\n|move|p1a: Chi-Yu|Fire Blast|p2a: Jackie chan\n|-resisted|p2a: Jackie chan\n|-damage|p2a: Jackie chan|54\/100\n|\n|-weather|SunnyDay|[upkeep]\n|upkeep\n|turn|2\n|\n|t:|1697586153\n|move|p2a: Jackie chan|Collision Course|p1a: Chi-Yu\n|-supereffective|p1a: Chi-Yu\n|-damage|p1a: Chi-Yu|0 fnt\n|faint|p1a: Chi-Yu\n|\n|-weather|SunnyDay|[upkeep]\n|upkeep\n|c|\u2606764468i|woah\n|\n|t:|1697586163\n|switch|p1a: Torterra|Torterra, M|100\/100\n|turn|3\n|\n|t:|1697586167\n|move|p2a: Jackie chan|U-turn|p1a: Torterra\n|-supereffective|p1a: Torterra\n|-damage|p1a: Torterra|0 fnt\n|faint|p1a: Torterra\n|\n|t:|1697586173\n|switch|p2a: Hairy magnets|Sandy Shocks, shiny|100\/100|[from] U-turn\n|-activate|p2a: Hairy magnets|ability: Protosynthesis\n|-start|p2a: Hairy magnets|protosynthesisspa\n|\n|-weather|SunnyDay|[upkeep]\n|upkeep\n|c|\u2606764468i|brh\n|\n|t:|1697586180\n|switch|p1a: Abomasnow|Abomasnow, F|100\/100\n|-weather|Snow|[from] ability: Snow Warning|[of] p1a: Abomasnow\n|-end|p2a: Hairy magnets|Protosynthesis\n|turn|4\n|\n|t:|1697586191\n|move|p2a: Hairy magnets|Thunderbolt|p1a: Abomasnow\n|-resisted|p1a: Abomasnow\n|-damage|p1a: Abomasnow|76\/100\n|move|p1a: Abomasnow|Aurora Veil|p1a: Abomasnow\n|-sidestart|p1: 764468i|move: Aurora Veil\n|\n|-weather|Snow|[upkeep]\n|upkeep\n|turn|5\n|\n|t:|1697586197\n|move|p2a: Hairy magnets|Tri Attack|p1a: Abomasnow\n|-damage|p1a: Abomasnow|62\/100\n|move|p1a: Abomasnow|Icy Wind|p2a: Hairy magnets\n|-supereffective|p2a: Hairy magnets\n|-damage|p2a: Hairy magnets|49\/100\n|-unboost|p2a: Hairy magnets|spe|1\n|\n|-weather|Snow|[upkeep]\n|-heal|p2a: Hairy magnets|55\/100|[from] item: Leftovers\n|upkeep\n|turn|6\n|\n|t:|1697586208\n|move|p2a: Hairy magnets|Tri Attack|p1a: Abomasnow\n|-damage|p1a: Abomasnow|48\/100\n|move|p1a: Abomasnow|Blizzard|p2a: Hairy magnets\n|-supereffective|p2a: Hairy magnets\n|-damage|p2a: Hairy magnets|0 fnt\n|faint|p2a: Hairy magnets\n|-end|p2a: Hairy magnets|Protosynthesis|[silent]\n|\n|-weather|Snow|[upkeep]\n|upkeep\n|\n|t:|1697586216\n|switch|p2a: Zapdos|Zapdos-Galar, shiny|100\/100\n|turn|7\n|\n|t:|1697586220\n|move|p2a: Zapdos|Thunderous Kick|p1a: Abomasnow\n|-supereffective|p1a: Abomasnow\n|-damage|p1a: Abomasnow|13\/100\n|-unboost|p1a: Abomasnow|def|1\n|move|p1a: Abomasnow|Blizzard|p2a: Zapdos\n|-supereffective|p2a: Zapdos\n|-damage|p2a: Zapdos|0 fnt\n|faint|p2a: Zapdos\n|\n|-weather|Snow|[upkeep]\n|upkeep\n|\n|t:|1697586229\n|switch|p2a: Donald duck|Quaquaval, M, shiny|100\/100\n|turn|8\n|\n|t:|1697586238\n|move|p2a: Donald duck|Aqua Step|p1a: Abomasnow\n|-resisted|p1a: Abomasnow\n|-damage|p1a: Abomasnow|0 fnt\n|-boost|p2a: Donald duck|spe|1\n|faint|p1a: Abomasnow\n|-ability|p2a: Donald duck|Moxie|boost\n|-boost|p2a: Donald duck|atk|1\n|-damage|p2a: Donald duck|91\/100|[from] item: Life Orb\n|\n|-weather|none\n|-sideend|p1: 764468i|move: Aurora Veil\n|upkeep\n|c|\u2606764468i|dam\n|\n|t:|1697586247\n|switch|p1a: Froslass|Froslass, F|100\/100\n|turn|9\n|\n|t:|1697586252\n|-terastallize|p2a: Donald duck|Flying\n|move|p2a: Donald duck|Brave Bird|p1a: Froslass\n|-crit|p1a: Froslass\n|-damage|p1a: Froslass|0 fnt\n|faint|p1a: Froslass\n|-ability|p2a: Donald duck|Moxie|boost\n|-boost|p2a: Donald duck|atk|1\n|-damage|p2a: Donald duck|61\/100|[from] Recoil\n|-damage|p2a: Donald duck|51\/100|[from] item: Life Orb\n|\n|upkeep\n|\n|t:|1697586261\n|switch|p1a: Eternatus|Eternatus|100\/100\n|-ability|p1a: Eternatus|Pressure\n|turn|10\n|c|\u2606764468i|no way\n|\n|t:|1697586276\n|move|p2a: Donald duck|Ice Spinner|p1a: Eternatus\n|-supereffective|p1a: Eternatus\n|-damage|p1a: Eternatus|0 fnt\n|faint|p1a: Eternatus\n|-ability|p2a: Donald duck|Moxie|boost\n|-boost|p2a: Donald duck|atk|1\n|-damage|p2a: Donald duck|41\/100|[from] item: Life Orb\n|\n|upkeep\n|c|\u2606764468i|howwwwwwwwww?\n|c|\u2606YoungsterJoey_LOL|Wait is ubers the same as ag\n|\n|t:|1697586284\n|switch|p1a: Palkia|Palkia-Origin|100\/100\n|-ability|p1a: Palkia|Pressure\n|turn|11\n|\n|t:|1697586289\n|move|p2a: Donald duck|Brave Bird|p1a: Palkia\n|-damage|p1a: Palkia|0 fnt\n|faint|p1a: Palkia\n|-damage|p2a: Donald duck|7\/100|[from] Recoil\n|-damage|p2a: Donald duck|0 fnt|[from] item: Life Orb\n|faint|p2a: Donald duck\n|\n|win|YoungsterJoey_LOL\n|c|\u2606YoungsterJoey_LOL|Ggwp\n|c|\u2606764468i|rematch\n|l|\u2606764468i\n|j|\u2606764468i\n|player|p1|764468i|alder\n|l|\u2606764468i\n|player|p1|\n|j| EclipseWave\n|j| lol man1111\n|c| lol man1111|click upload and share replay\n|c| lol man1111|then click copy\n|l| lol man1111\n|l| EclipseWave\n","uploadtime":1697586308,"views":8,"p1id":"764468i","p2id":"youngsterjoeylol","formatid":"gen9ubers","rating":0,"private":0,"password":""}