{"id":"gen9ubers-1982296602","p1":"leonissenbaum","p2":"wamkou","format":"[Gen 9] Ubers","log":"|j|\u2606leonissenbaum\n|j|\u2606wamkou\n|t:|1698992061\n|gametype|singles\n|player|p1|leonissenbaum|leon|\n|player|p2|wamkou|elesa-masters2|\n|teamsize|p1|6\n|teamsize|p2|6\n|gen|9\n|tier|[Gen 9] Ubers\n|rule|Sleep Clause Mod: Limit one foe put to sleep\n|rule|Species Clause: Limit one of each Pok\u00e9mon\n|rule|OHKO Clause: OHKO moves are banned\n|rule|Evasion Items Clause: Evasion items are banned\n|rule|Evasion Moves Clause: Evasion moves are banned\n|rule|Endless Battle Clause: Forcing endless battles is banned\n|rule|HP Percentage Mod: HP is shown in percentages\n|clearpoke\n|poke|p1|Quagsire, M|\n|poke|p1|Alomomola, M|\n|poke|p1|Magearna|\n|poke|p1|Clefable, M|\n|poke|p1|Volcarona, F|\n|poke|p1|Blissey, F|\n|poke|p2|Scizor, M|\n|poke|p2|Heatran, F|\n|poke|p2|Palkia-Origin|\n|poke|p2|Palafin, M|\n|poke|p2|Magearna|\n|poke|p2|Zacian-*|\n|teampreview\n|c|\u2606leonissenbaum|gl!\n|\n|t:|1698992089\n|start\n|switch|p1a: Quagsire|Quagsire, M|100\/100\n|switch|p2a: Palafin|Palafin, M|100\/100\n|turn|1\n|\n|t:|1698992096\n|move|p2a: Palafin|Flip Turn|p1a: Quagsire\n|-damage|p1a: Quagsire|78\/100\n|\n|t:|1698992108\n|detailschange|p2a: Palafin|Palafin-Hero, M\n|switch|p2a: Scizor|Scizor, M, shiny|100\/100|[from] Flip Turn\n|move|p1a: Quagsire|Stealth Rock|p2a: Scizor\n|-sidestart|p2: wamkou|move: Stealth Rock\n|\n|upkeep\n|turn|2\n|\n|t:|1698992119\n|switch|p1a: Alomomola|Alomomola, M|100\/100\n|move|p2a: Scizor|Knock Off|p1a: Alomomola\n|-damage|p1a: Alomomola|85\/100\n|-enditem|p1a: Alomomola|Heavy-Duty Boots|[from] move: Knock Off|[of] p2a: Scizor\n|\n|upkeep\n|turn|3\n|\n|t:|1698992129\n|move|p1a: Alomomola|Whirlpool|p2a: Scizor\n|-damage|p2a: Scizor|92\/100\n|-activate|p2a: Scizor|move: Whirlpool|[of] p1a: Alomomola\n|move|p2a: Scizor|Defog|p1a: Alomomola\n|-unboost|p1a: Alomomola|evasion|1\n|-sideend|p2: wamkou|Stealth Rock|[from] move: Defog|[of] p2a: Scizor\n|\n|-damage|p2a: Scizor|80\/100|[from] move: Whirlpool|[partiallytrapped]\n|upkeep\n|turn|4\n|\n|t:|1698992136\n|move|p1a: Alomomola|Chilling Water|p2a: Scizor\n|-crit|p2a: Scizor\n|-damage|p2a: Scizor|63\/100\n|-unboost|p2a: Scizor|atk|1\n|move|p2a: Scizor|U-turn|p1a: Alomomola\n|-damage|p1a: Alomomola|74\/100\n|\n|t:|1698992147\n|switch|p2a: Magearna|Magearna|100\/100|[from] U-turn\n|\n|upkeep\n|turn|5\n|\n|t:|1698992158\n|switch|p1a: Magearna|Magearna|100\/100\n|move|p2a: Magearna|Thunder Wave|p1a: Magearna\n|-status|p1a: Magearna|par\n|\n|upkeep\n|turn|6\n|\n|t:|1698992172\n|move|p2a: Magearna|Spikes|p1a: Magearna\n|-sidestart|p1: leonissenbaum|Spikes\n|cant|p1a: Magearna|par\n|\n|upkeep\n|turn|7\n|\n|t:|1698992175\n|move|p2a: Magearna|Spikes|p1a: Magearna\n|-sidestart|p1: leonissenbaum|Spikes\n|cant|p1a: Magearna|par\n|\n|upkeep\n|turn|8\n|\n|t:|1698992180\n|move|p2a: Magearna|Spikes|p1a: Magearna\n|-sidestart|p1: leonissenbaum|Spikes\n|cant|p1a: Magearna|par\n|\n|upkeep\n|turn|9\n|c|\u2606wamkou|oof\n|c|\u2606leonissenbaum|unfortunate\n|c|\u2606wamkou|does not begin to describe\n|\n|t:|1698992200\n|switch|p2a: Palkia|Palkia-Origin|100\/100\n|-ability|p2a: Palkia|Pressure\n|move|p1a: Magearna|Spikes|p2a: Palkia\n|-sidestart|p2: wamkou|Spikes\n|\n|upkeep\n|turn|10\n|\n|t:|1698992208\n|switch|p1a: Blissey|Blissey, F|100\/100\n|move|p2a: Palkia|Substitute|p2a: Palkia\n|-start|p2a: Palkia|Substitute\n|-damage|p2a: Palkia|76\/100\n|\n|upkeep\n|turn|11\n|\n|t:|1698992225\n|move|p2a: Palkia|Hydro Pump|p1a: Blissey\n|-damage|p1a: Blissey|75\/100\n|move|p1a: Blissey|Heal Bell|p1a: Blissey\n|-activate|p1a: Blissey|move: Heal Bell\n|-curestatus|p1: Magearna|par|[msg]\n|\n|upkeep\n|turn|12\n|\n|t:|1698992248\n|switch|p2a: Palafin|Palafin-Hero, M|100\/100\n|-damage|p2a: Palafin|88\/100|[from] Spikes\n|-activate|p2a: Palafin|ability: Zero to Hero\n|move|p1a: Blissey|Seismic Toss|p2a: Palafin\n|-damage|p2a: Palafin|59\/100\n|\n|upkeep\n|turn|13\n|\n|t:|1698992259\n|switch|p1a: Alomomola|Alomomola, M|100\/100\n|-damage|p1a: Alomomola|76\/100|[from] Spikes\n|move|p2a: Palafin|Close Combat|p1a: Alomomola\n|-damage|p1a: Alomomola|32\/100\n|-unboost|p2a: Palafin|def|1\n|-unboost|p2a: Palafin|spd|1\n|\n|upkeep\n|turn|14\n|\n|t:|1698992274\n|switch|p1a: Clefable|Clefable, M|100\/100\n|move|p2a: Palafin|Close Combat|p1a: Clefable\n|-resisted|p1a: Clefable\n|-damage|p1a: Clefable|68\/100\n|-unboost|p2a: Palafin|def|1\n|-unboost|p2a: Palafin|spd|1\n|\n|-heal|p1a: Clefable|74\/100|[from] item: Leftovers\n|upkeep\n|turn|15\n|\n|t:|1698992283\n|switch|p2a: Scizor|Scizor, M, shiny|63\/100\n|-damage|p2a: Scizor|51\/100|[from] Spikes\n|move|p1a: Clefable|Wish|p1a: Clefable\n|\n|-heal|p1a: Clefable|80\/100|[from] item: Leftovers\n|upkeep\n|turn|16\n|\n|t:|1698992296\n|switch|p1a: Alomomola|Alomomola, M|65\/100\n|-damage|p1a: Alomomola|40\/100|[from] Spikes\n|move|p2a: Scizor|Knock Off|p1a: Alomomola\n|-damage|p1a: Alomomola|31\/100\n|\n|-heal|p1a: Alomomola|68\/100|[from] move: Wish|[wisher] Clefable\n|upkeep\n|turn|17\n|\n|t:|1698992310\n|move|p1a: Alomomola|Whirlpool|p2a: Scizor\n|-damage|p2a: Scizor|44\/100\n|-activate|p2a: Scizor|move: Whirlpool|[of] p1a: Alomomola\n|move|p2a: Scizor|U-turn|p1a: Alomomola\n|-damage|p1a: Alomomola|52\/100\n|j| Pajoomas!\n|\n|t:|1698992324\n|switch|p2a: Magearna|Magearna|100\/100|[from] U-turn\n|-damage|p2a: Magearna|88\/100|[from] Spikes\n|\n|-heal|p2a: Magearna|94\/100|[from] item: Leftovers\n|upkeep\n|turn|18\n|\n|t:|1698992332\n|switch|p1a: Magearna|Magearna|100\/100\n|move|p2a: Magearna|Thunder Wave|p1a: Magearna\n|-status|p1a: Magearna|par\n|\n|-heal|p2a: Magearna|99\/100|[from] item: Leftovers\n|upkeep\n|turn|19\n|j| Kizaco\n|c| Pajoomas!|VOLC ON STALL?\n|\n|t:|1698992358\n|switch|p2a: Palafin|Palafin-Hero, M|59\/100\n|-damage|p2a: Palafin|47\/100|[from] Spikes\n|move|p1a: Magearna|Spikes|p2a: Palafin\n|-sidestart|p2: wamkou|Spikes\n|\n|upkeep\n|turn|20\n|c|\u2606leonissenbaum|volc stall is real\n|\n|t:|1698992376\n|switch|p1a: Alomomola|Alomomola, M|85\/100\n|-damage|p1a: Alomomola|60\/100|[from] Spikes\n|move|p2a: Palafin|Jet Punch|p1a: Alomomola\n|-resisted|p1a: Alomomola\n|-damage|p1a: Alomomola|43\/100\n|\n|upkeep\n|turn|21\n|c|\u2606wamkou|semi stall right\n|c|\u2606leonissenbaum|no.\n|\n|t:|1698992400\n|switch|p2a: Magearna|Magearna|99\/100\n|-damage|p2a: Magearna|84\/100|[from] Spikes\n|move|p1a: Alomomola|Wish|p1a: Alomomola\n|\n|-heal|p2a: Magearna|90\/100|[from] item: Leftovers\n|upkeep\n|turn|22\n|\n|t:|1698992417\n|move|p1a: Alomomola|Protect|p1a: Alomomola\n|-singleturn|p1a: Alomomola|Protect\n|move|p2a: Magearna|Draining Kiss|p1a: Alomomola\n|-activate|p1a: Alomomola|move: Protect\n|\n|-heal|p1a: Alomomola|93\/100|[from] move: Wish|[wisher] Alomomola\n|-heal|p2a: Magearna|96\/100|[from] item: Leftovers\n|upkeep\n|turn|23\n|\n|t:|1698992425\n|switch|p1a: Magearna|Magearna|100\/100 par\n|move|p2a: Magearna|Draining Kiss|p1a: Magearna\n|-resisted|p1a: Magearna\n|-damage|p1a: Magearna|94\/100 par\n|-heal|p2a: Magearna|100\/100|[from] drain|[of] p1a: Magearna\n|\n|upkeep\n|turn|24\n|\n|t:|1698992457\n|move|p2a: Magearna|Spikes||[still]\n|-fail|p2a: Magearna\n|move|p1a: Magearna|Spikes|p2a: Magearna\n|-sidestart|p2: wamkou|Spikes\n|\n|upkeep\n|turn|25\n|\n|t:|1698992462\n|move|p2a: Magearna|Spikes||[still]\n|-fail|p2a: Magearna\n|move|p1a: Magearna|Thunder Wave|p2a: Magearna\n|-status|p2a: Magearna|par\n|\n|upkeep\n|turn|26\n|\n|t:|1698992467\n|cant|p2a: Magearna|par\n|move|p1a: Magearna|Eerie Impulse|p2a: Magearna\n|-unboost|p2a: Magearna|spa|2\n|\n|upkeep\n|turn|27\n|c| Kizaco|What is bro cooking?\n|c|\u2606leonissenbaum|let a man cook\n|c| Pajoomas!|this is the best stall player in the format btw\n|c| Kizaco|Trying to put up the fourth spike layer\n|c| Pajoomas!|running eerie impulse\n|c| Kizaco|It\u2019s good vs espathra\n|\n|t:|1698992504\n|cant|p2a: Magearna|par\n|move|p1a: Magearna|Thunder Wave|p2a: Magearna\n|-fail|p2a: Magearna|par\n|\n|upkeep\n|turn|28\n|\n|t:|1698992510\n|cant|p2a: Magearna|par\n|move|p1a: Magearna|Thunder Wave|p2a: Magearna\n|-fail|p2a: Magearna|par\n|\n|upkeep\n|turn|29\n|c| Kizaco|found that out the hard way unfort\n|\n|t:|1698992515\n|move|p1a: Magearna|Thunder Wave|p2a: Magearna\n|-fail|p2a: Magearna|par\n|cant|p2a: Magearna|par\n|\n|upkeep\n|turn|30\n|c| Pajoomas!|LOL\n|\n|t:|1698992521\n|switch|p1a: Blissey|Blissey, F|75\/100\n|move|p2a: Magearna|Thunder Wave|p1a: Blissey\n|-status|p1a: Blissey|par\n|\n|upkeep\n|turn|31\n|c|\u2606leonissenbaum|tfw i got got\n|c| Kizaco|It\u2019s like less shit confide blissey\n|\n|t:|1698992531\n|cant|p2a: Magearna|par\n|move|p1a: Blissey|Heal Bell|p1a: Blissey\n|-activate|p1a: Blissey|move: Heal Bell\n|-curestatus|p1a: Blissey|par|[msg]\n|-curestatus|p1: Magearna|par|[msg]\n|\n|upkeep\n|turn|32\n|c| Pajoomas!|kizaco since this will take a while\n|c| Pajoomas!|wanna fight me\n|c| Pajoomas!|and see what im cooking\n|\n|t:|1698992538\n|move|p1a: Blissey|Seismic Toss|p2a: Magearna\n|-damage|p2a: Magearna|73\/100 par\n|move|p2a: Magearna|Thunder Wave|p1a: Blissey\n|-status|p1a: Blissey|par\n|\n|-heal|p2a: Magearna|79\/100 par|[from] item: Leftovers\n|upkeep\n|turn|33\n|c| Pajoomas!|leon don't join\n|\n|t:|1698992544\n|cant|p2a: Magearna|par\n|move|p1a: Blissey|Seismic Toss|p2a: Magearna\n|-damage|p2a: Magearna|52\/100 par\n|\n|-heal|p2a: Magearna|58\/100 par|[from] item: Leftovers\n|upkeep\n|turn|34\n|c| Kizaco|Nah laptop is dead\n|c| Pajoomas!|oh\n|\n|t:|1698992548\n|cant|p2a: Magearna|par\n|move|p1a: Blissey|Seismic Toss|p2a: Magearna\n|-damage|p2a: Magearna|30\/100 par\n|\n|-heal|p2a: Magearna|36\/100 par|[from] item: Leftovers\n|upkeep\n|turn|35\n|c| Pajoomas!|unfort\n|c| Kizaco|Truely\n|\n|t:|1698992553\n|move|p2a: Magearna|Draining Kiss|p1a: Blissey\n|-damage|p1a: Blissey|71\/100 par\n|-heal|p2a: Magearna|41\/100 par|[from] drain|[of] p1a: Blissey\n|cant|p1a: Blissey|par\n|\n|-heal|p2a: Magearna|47\/100 par|[from] item: Leftovers\n|upkeep\n|turn|36\n|c| Kizaco|I\u2019ll see what your cooking tomorrow\n|l| Kizaco\n|\n|t:|1698992569\n|switch|p2a: Scizor|Scizor, M, shiny|44\/100\n|-damage|p2a: Scizor|19\/100|[from] Spikes\n|move|p1a: Blissey|Seismic Toss|p2a: Scizor\n|-damage|p2a: Scizor|0 fnt\n|-damage|p1a: Blissey|55\/100 par|[from] item: Rocky Helmet|[of] p2a: Scizor\n|faint|p2a: Scizor\n|\n|upkeep\n|c|\u2606leonissenbaum|if pajoomas can play on a samsung tv then whats your excuse\n|c|\u2606wamkou|ah shit\n|\n|t:|1698992587\n|switch|p2a: Heatran|Heatran, F|100\/100\n|-damage|p2a: Heatran|76\/100|[from] Spikes\n|turn|37\n|c| Pajoomas!|thats true\n|\n|t:|1698992595\n|move|p2a: Heatran|Magma Storm|p1a: Blissey\n|-damage|p1a: Blissey|41\/100 par\n|-activate|p1a: Blissey|move: Magma Storm|[of] p2a: Heatran\n|move|p1a: Blissey|Soft-Boiled|p1a: Blissey\n|-heal|p1a: Blissey|91\/100 par\n|\n|-heal|p2a: Heatran|82\/100|[from] item: Leftovers\n|-damage|p1a: Blissey|78\/100 par|[from] move: Magma Storm|[partiallytrapped]\n|upkeep\n|turn|38\n|\n|t:|1698992604\n|move|p2a: Heatran|Stealth Rock|p1a: Blissey\n|-sidestart|p1: leonissenbaum|move: Stealth Rock\n|move|p1a: Blissey|Seismic Toss|p2a: Heatran\n|-damage|p2a: Heatran|56\/100\n|\n|-heal|p2a: Heatran|62\/100|[from] item: Leftovers\n|-damage|p1a: Blissey|66\/100 par|[from] move: Magma Storm|[partiallytrapped]\n|upkeep\n|turn|39\n|c| Pajoomas!|i got the best stall player down to his last mon(? or was it the second to last) on a samsung tv\n|c| Pajoomas!|clearly I'm the best player in the format\n|c|\u2606leonissenbaum|i think last yeah\n|\n|t:|1698992616\n|move|p2a: Heatran|Earth Power|p1a: Blissey\n|-damage|p1a: Blissey|57\/100 par\n|move|p1a: Blissey|Seismic Toss|p2a: Heatran\n|-damage|p2a: Heatran|36\/100\n|\n|-heal|p2a: Heatran|42\/100|[from] item: Leftovers\n|-damage|p1a: Blissey|45\/100 par|[from] move: Magma Storm|[partiallytrapped]\n|upkeep\n|turn|40\n|\n|t:|1698992624\n|move|p2a: Heatran|Earth Power|p1a: Blissey\n|-damage|p1a: Blissey|37\/100 par\n|cant|p1a: Blissey|par\n|\n|-heal|p2a: Heatran|49\/100|[from] item: Leftovers\n|-damage|p1a: Blissey|24\/100 par|[from] move: Magma Storm|[partiallytrapped]\n|upkeep\n|turn|41\n|\n|t:|1698992634\n|move|p2a: Heatran|Magma Storm|p1a: Blissey\n|-damage|p1a: Blissey|11\/100 par\n|move|p1a: Blissey|Soft-Boiled|p1a: Blissey\n|-heal|p1a: Blissey|61\/100 par\n|\n|-heal|p2a: Heatran|55\/100|[from] item: Leftovers\n|-end|p1a: Blissey|Magma Storm|[partiallytrapped]\n|upkeep\n|turn|42\n|c| Pajoomas!|i think i'm the only prominent member in the UUbers discord who plays rain on a regular basis\n|c| Pajoomas!|I haven't found any rain mirror matchups in days\n|\n|t:|1698992657\n|-curestatus|p1a: Blissey|par|[from] ability: Natural Cure\n|switch|p1a: Clefable|Clefable, M|80\/100\n|move|p2a: Heatran|Magma Storm|p1a: Clefable\n|-damage|p1a: Clefable|42\/100\n|-activate|p1a: Clefable|move: Magma Storm|[of] p2a: Heatran\n|\n|-heal|p2a: Heatran|61\/100|[from] item: Leftovers\n|-heal|p1a: Clefable|48\/100|[from] item: Leftovers\n|upkeep\n|turn|43\n|\n|t:|1698992668\n|move|p1a: Clefable|Protect|p1a: Clefable\n|-singleturn|p1a: Clefable|Protect\n|move|p2a: Heatran|Earth Power|p1a: Clefable\n|-activate|p1a: Clefable|move: Protect\n|\n|-heal|p2a: Heatran|67\/100|[from] item: Leftovers\n|-heal|p1a: Clefable|54\/100|[from] item: Leftovers\n|upkeep\n|turn|44\n|\n|t:|1698992680\n|move|p2a: Heatran|Earth Power|p1a: Clefable\n|-crit|p1a: Clefable\n|-damage|p1a: Clefable|19\/100\n|move|p1a: Clefable|Wish|p1a: Clefable\n|\n|-heal|p2a: Heatran|74\/100|[from] item: Leftovers\n|-heal|p1a: Clefable|25\/100|[from] item: Leftovers\n|upkeep\n|turn|45\n|c| Pajoomas!|more people need to play it\n|c| Pajoomas!|it's fun\n|c|\u2606wamkou|yeah rain is good i run it fairly often\n|\n|t:|1698992698\n|move|p1a: Clefable|Protect|p1a: Clefable\n|-singleturn|p1a: Clefable|Protect\n|move|p2a: Heatran|Earth Power|p1a: Clefable\n|-activate|p1a: Clefable|move: Protect\n|\n|-heal|p1a: Clefable|75\/100|[from] move: Wish|[wisher] Clefable\n|-heal|p2a: Heatran|80\/100|[from] item: Leftovers\n|-heal|p1a: Clefable|81\/100|[from] item: Leftovers\n|upkeep\n|turn|46\n|\n|t:|1698992713\n|move|p2a: Heatran|Earth Power|p1a: Clefable\n|-damage|p1a: Clefable|59\/100\n|move|p1a: Clefable|Wish|p1a: Clefable\n|\n|-heal|p2a: Heatran|86\/100|[from] item: Leftovers\n|-heal|p1a: Clefable|65\/100|[from] item: Leftovers\n|-end|p1a: Clefable|Magma Storm|[partiallytrapped]\n|upkeep\n|turn|47\n|c| Pajoomas!|gets a bad rep cuz of basc\n|\n|t:|1698992723\n|move|p2a: Heatran|Stealth Rock||[still]\n|-fail|p2a: Heatran\n|move|p1a: Clefable|Calm Mind|p1a: Clefable\n|-boost|p1a: Clefable|spa|1\n|-boost|p1a: Clefable|spd|1\n|\n|-heal|p1a: Clefable|100\/100|[from] move: Wish|[wisher] Clefable\n|-heal|p2a: Heatran|92\/100|[from] item: Leftovers\n|upkeep\n|turn|48\n|c| Pajoomas!|i dont even use basc that often now adays\n|\n|t:|1698992733\n|move|p2a: Heatran|Magma Storm|p1a: Clefable\n|-damage|p1a: Clefable|72\/100\n|-activate|p1a: Clefable|move: Magma Storm|[of] p2a: Heatran\n|move|p1a: Clefable|Calm Mind|p1a: Clefable\n|-boost|p1a: Clefable|spa|1\n|-boost|p1a: Clefable|spd|1\n|\n|-heal|p2a: Heatran|98\/100|[from] item: Leftovers\n|-heal|p1a: Clefable|78\/100|[from] item: Leftovers\n|upkeep\n|turn|49\n|c| Pajoomas!|overqwil feels more consistent unironically\n|c| Pajoomas!|with dozo gone\n|c|\u2606wamkou|please can the 4th be moonblast\n|c|\u2606wamkou|i pray\n|\n|t:|1698992760\n|move|p2a: Heatran|Earth Power|p1a: Clefable\n|-damage|p1a: Clefable|65\/100\n|move|p1a: Clefable|Wish|p1a: Clefable\n|\n|-heal|p2a: Heatran|100\/100|[from] item: Leftovers\n|-heal|p1a: Clefable|71\/100|[from] item: Leftovers\n|upkeep\n|turn|50\n|\n|t:|1698992766\n|move|p2a: Heatran|Earth Power|p1a: Clefable\n|-damage|p1a: Clefable|59\/100\n|move|p1a: Clefable|Calm Mind|p1a: Clefable\n|-boost|p1a: Clefable|spa|1\n|-boost|p1a: Clefable|spd|1\n|\n|-heal|p1a: Clefable|100\/100|[from] move: Wish|[wisher] Clefable\n|upkeep\n|turn|51\n|\n|t:|1698992781\n|move|p2a: Heatran|Earth Power|p1a: Clefable\n|-damage|p1a: Clefable|90\/100\n|move|p1a: Clefable|Calm Mind|p1a: Clefable\n|-boost|p1a: Clefable|spa|1\n|-boost|p1a: Clefable|spd|1\n|\n|-heal|p1a: Clefable|96\/100|[from] item: Leftovers\n|upkeep\n|turn|52\n|\n|t:|1698992788\n|move|p2a: Heatran|Earth Power|p1a: Clefable\n|-damage|p1a: Clefable|89\/100\n|move|p1a: Clefable|Calm Mind|p1a: Clefable\n|-boost|p1a: Clefable|spa|1\n|-boost|p1a: Clefable|spd|1\n|\n|-heal|p1a: Clefable|95\/100|[from] item: Leftovers\n|-end|p1a: Clefable|Magma Storm|[partiallytrapped]\n|upkeep\n|turn|53\n|\n|t:|1698992794\n|move|p2a: Heatran|Stealth Rock||[still]\n|-fail|p2a: Heatran\n|move|p1a: Clefable|Calm Mind|p1a: Clefable\n|-boost|p1a: Clefable|spa|1\n|-boost|p1a: Clefable|spd|1\n|\n|-heal|p1a: Clefable|100\/100|[from] item: Leftovers\n|upkeep\n|turn|54\n|\n|t:|1698992800\n|move|p2a: Heatran|Stealth Rock||[still]\n|-fail|p2a: Heatran\n|move|p1a: Clefable|Moonblast|p2a: Heatran\n|-resisted|p2a: Heatran\n|-damage|p2a: Heatran|80\/100\n|-unboost|p2a: Heatran|spa|1\n|\n|-heal|p2a: Heatran|86\/100|[from] item: Leftovers\n|upkeep\n|turn|55\n|c|\u2606leonissenbaum|your prayer has bee answered\n|c|\u2606leonissenbaum|answered\n|c|\u2606leonissenbaum|english\n|\n|t:|1698992809\n|move|p2a: Heatran|Stealth Rock||[still]\n|-fail|p2a: Heatran\n|move|p1a: Clefable|Moonblast|p2a: Heatran\n|-resisted|p2a: Heatran\n|-crit|p2a: Heatran\n|-damage|p2a: Heatran|58\/100\n|-unboost|p2a: Heatran|spa|1\n|\n|-heal|p2a: Heatran|64\/100|[from] item: Leftovers\n|upkeep\n|turn|56\n|\n|t:|1698992824\n|move|p2a: Heatran|Stealth Rock||[still]\n|-fail|p2a: Heatran\n|move|p1a: Clefable|Moonblast|p2a: Heatran\n|-resisted|p2a: Heatran\n|-damage|p2a: Heatran|46\/100\n|-unboost|p2a: Heatran|spa|1\n|\n|-heal|p2a: Heatran|52\/100|[from] item: Leftovers\n|upkeep\n|turn|57\n|c|\u2606leonissenbaum|4x resist gaming\n|\n|t:|1698992849\n|move|p2a: Heatran|Magma Storm|p1a: Clefable\n|-damage|p1a: Clefable|96\/100\n|-activate|p1a: Clefable|move: Magma Storm|[of] p2a: Heatran\n|move|p1a: Clefable|Moonblast|p2a: Heatran\n|-resisted|p2a: Heatran\n|-damage|p2a: Heatran|33\/100\n|-unboost|p2a: Heatran|spa|1\n|\n|-heal|p2a: Heatran|39\/100|[from] item: Leftovers\n|-heal|p1a: Clefable|100\/100|[from] item: Leftovers\n|upkeep\n|turn|58\n|\n|t:|1698992855\n|move|p2a: Heatran|Magma Storm|p1a: Clefable\n|-damage|p1a: Clefable|97\/100\n|move|p1a: Clefable|Moonblast|p2a: Heatran\n|-resisted|p2a: Heatran\n|-damage|p2a: Heatran|21\/100\n|-unboost|p2a: Heatran|spa|1\n|\n|-heal|p2a: Heatran|27\/100|[from] item: Leftovers\n|-heal|p1a: Clefable|100\/100|[from] item: Leftovers\n|upkeep\n|turn|59\n|\n|t:|1698992862\n|move|p2a: Heatran|Magma Storm|p1a: Clefable|[miss]\n|-miss|p2a: Heatran|p1a: Clefable\n|move|p1a: Clefable|Moonblast|p2a: Heatran\n|-resisted|p2a: Heatran\n|-damage|p2a: Heatran|8\/100\n|\n|-heal|p2a: Heatran|14\/100|[from] item: Leftovers\n|upkeep\n|turn|60\n|\n|t:|1698992865\n|move|p2a: Heatran|Magma Storm|p1a: Clefable\n|-damage|p1a: Clefable|97\/100\n|move|p1a: Clefable|Moonblast|p2a: Heatran\n|-resisted|p2a: Heatran\n|-damage|p2a: Heatran|0 fnt\n|faint|p2a: Heatran\n|\n|-heal|p1a: Clefable|100\/100|[from] item: Leftovers\n|-end|p1a: Clefable|Magma Storm|[partiallytrapped]|[silent]\n|upkeep\n|\n|t:|1698992871\n|switch|p2a: Palafin|Palafin-Hero, M|47\/100\n|-damage|p2a: Palafin|22\/100|[from] Spikes\n|turn|61\n|\n|t:|1698992877\n|-terastallize|p2a: Palafin|Water\n|move|p1a: Clefable|Protect|p1a: Clefable\n|-singleturn|p1a: Clefable|Protect\n|move|p2a: Palafin|Jet Punch|p1a: Clefable\n|-activate|p1a: Clefable|move: Protect\n|\n|upkeep\n|turn|62\n|c| Pajoomas!|all my brother needed was one crit\n|c|\u2606wamkou|nah crit deosnt kill anyway\n|\n|t:|1698992898\n|move|p2a: Palafin|Jet Punch|p1a: Clefable\n|-damage|p1a: Clefable|40\/100\n|move|p1a: Clefable|Moonblast|p2a: Palafin\n|-damage|p2a: Palafin|0 fnt\n|faint|p2a: Palafin\n|\n|-heal|p1a: Clefable|46\/100|[from] item: Leftovers\n|upkeep\n|\n|t:|1698992912\n|switch|p2a: Zacian|Zacian|100\/100\n|-damage|p2a: Zacian|76\/100|[from] Spikes\n|-ability|p2a: Zacian|Intrepid Sword|boost\n|-boost|p2a: Zacian|atk|1\n|turn|63\n|\n|t:|1698992925\n|move|p1a: Clefable|Protect|p1a: Clefable\n|-singleturn|p1a: Clefable|Protect\n|move|p2a: Zacian|Play Rough|p1a: Clefable\n|-activate|p1a: Clefable|move: Protect\n|\n|-heal|p1a: Clefable|52\/100|[from] item: Leftovers\n|upkeep\n|turn|64\n|c| Pajoomas!|i forgot wish is one of the few recovery moves that didnt get nerfed\n|c|\u2606leonissenbaum|yeah wish is great\n|\n|t:|1698992937\n|switch|p1a: Quagsire|Quagsire, M|78\/100\n|move|p2a: Zacian|Play Rough|p1a: Quagsire\n|-damage|p1a: Quagsire|32\/100\n|\n|upkeep\n|turn|65\n|\n|t:|1698992949\n|move|p2a: Zacian|Play Rough|p1a: Quagsire\n|-damage|p1a: Quagsire|0 fnt\n|faint|p1a: Quagsire\n|\n|upkeep\n|\n|t:|1698992951\n|switch|p1a: Volcarona|Volcarona, F|100\/100\n|turn|66\n|\n|t:|1698992961\n|switch|p2a: Palkia|Palkia-Origin|76\/100\n|-damage|p2a: Palkia|51\/100|[from] Spikes\n|-ability|p2a: Palkia|Pressure\n|move|p1a: Volcarona|Will-O-Wisp|p2a: Palkia\n|-status|p2a: Palkia|brn\n|\n|-damage|p2a: Palkia|44\/100 brn|[from] brn\n|upkeep\n|turn|67\n|\n|t:|1698992969\n|switch|p1a: Blissey|Blissey, F|61\/100\n|move|p2a: Palkia|Hydro Pump|p1a: Blissey\n|-damage|p1a: Blissey|37\/100\n|\n|-damage|p2a: Palkia|38\/100 brn|[from] brn\n|upkeep\n|turn|68\n|\n|t:|1698992977\n|move|p2a: Palkia|Hydro Pump|p1a: Blissey|[miss]\n|-miss|p2a: Palkia|p1a: Blissey\n|move|p1a: Blissey|Soft-Boiled|p1a: Blissey\n|-heal|p1a: Blissey|87\/100\n|\n|-damage|p2a: Palkia|32\/100 brn|[from] brn\n|upkeep\n|turn|69\n|\n|t:|1698992981\n|move|p2a: Palkia|Hydro Pump|p1a: Blissey\n|-damage|p1a: Blissey|63\/100\n|move|p1a: Blissey|Soft-Boiled|p1a: Blissey\n|-heal|p1a: Blissey|100\/100\n|\n|-damage|p2a: Palkia|26\/100 brn|[from] brn\n|upkeep\n|turn|70\n|\n|t:|1698992987\n|move|p2a: Palkia|Spacial Rend|p1a: Blissey\n|-crit|p1a: Blissey\n|-damage|p1a: Blissey|71\/100\n|move|p1a: Blissey|Seismic Toss|p2a: Palkia\n|-damage|p2a: Palkia|0 fnt\n|faint|p2a: Palkia\n|\n|upkeep\n|\n|t:|1698992992\n|switch|p2a: Magearna|Magearna|47\/100 par\n|-damage|p2a: Magearna|22\/100 par|[from] Spikes\n|turn|71\n|\n|t:|1698992996\n|move|p1a: Blissey|Seismic Toss|p2a: Magearna\n|-damage|p2a: Magearna|0 fnt\n|faint|p2a: Magearna\n|\n|upkeep\n|\n|t:|1698992999\n|switch|p2a: Zacian|Zacian|76\/100\n|-damage|p2a: Zacian|51\/100|[from] Spikes\n|turn|72\n|c|\u2606wamkou|doable\n|\n|t:|1698993006\n|move|p2a: Zacian|Close Combat|p1a: Blissey\n|-supereffective|p1a: Blissey\n|-damage|p1a: Blissey|0 fnt\n|-unboost|p2a: Zacian|def|1\n|-unboost|p2a: Zacian|spd|1\n|faint|p1a: Blissey\n|\n|upkeep\n|\n|t:|1698993010\n|switch|p1a: Volcarona|Volcarona, F|100\/100\n|turn|73\n|\n|t:|1698993017\n|move|p2a: Zacian|Close Combat|p1a: Volcarona\n|-resisted|p1a: Volcarona\n|-damage|p1a: Volcarona|62\/100\n|-unboost|p2a: Zacian|def|1\n|-unboost|p2a: Zacian|spd|1\n|move|p1a: Volcarona|Will-O-Wisp|p2a: Zacian\n|-status|p2a: Zacian|brn\n|\n|-damage|p2a: Zacian|44\/100 brn|[from] brn\n|upkeep\n|turn|74\n|c|\u2606leonissenbaum|gg\n|\n|t:|1698993025\n|move|p2a: Zacian|Close Combat|p1a: Volcarona\n|-resisted|p1a: Volcarona\n|-damage|p1a: Volcarona|43\/100\n|-unboost|p2a: Zacian|def|1\n|-unboost|p2a: Zacian|spd|1\n|move|p1a: Volcarona|Fiery Dance|p2a: Zacian\n|-damage|p2a: Zacian|0 fnt\n|-boost|p1a: Volcarona|spa|1\n|faint|p2a: Zacian\n|\n|win|leonissenbaum\n|c|\u2606wamkou|gg\n|c| Pajoomas!|dang\n","uploadtime":1698993045,"views":26,"p1id":"leonissenbaum","p2id":"wamkou","formatid":"gen9ubers","rating":0,"private":0,"password":""}