{"id":"gen9ubers-1976337880","p1":"KEI21","p2":"Pug320","format":"[Gen 9] Ubers","log":"|j|\u2606KEI21\n|j|\u2606Pug320\n|t:|1698288341\n|gametype|singles\n|player|p1|KEI21|backersf|\n|player|p2|Pug320|crasherwake|\n|teamsize|p1|6\n|teamsize|p2|6\n|gen|9\n|tier|[Gen 9] Ubers\n|rule|Sleep Clause Mod: Limit one foe put to sleep\n|rule|Species Clause: Limit one of each Pok\u00e9mon\n|rule|OHKO Clause: OHKO moves are banned\n|rule|Evasion Items Clause: Evasion items are banned\n|rule|Evasion Moves Clause: Evasion moves are banned\n|rule|Endless Battle Clause: Forcing endless battles is banned\n|rule|HP Percentage Mod: HP is shown in percentages\n|clearpoke\n|poke|p1|Arbok, F|\n|poke|p1|Corviknight, F|\n|poke|p1|Krookodile, F|\n|poke|p1|Gliscor, F|\n|poke|p1|Gengar, F|\n|poke|p1|Hydreigon, M|\n|poke|p2|Politoed, M|\n|poke|p2|Ariados, F|\n|poke|p2|Basculegion, M|\n|poke|p2|Sableye, M|\n|poke|p2|Annihilape, M|\n|poke|p2|Samurott-Hisui, M|\n|teampreview\n|inactive|Battle timer is ON: inactive players will automatically lose when time's up. (requested by KEI21)\n|\n|t:|1698288360\n|start\n|switch|p1a: Corviknight|Corviknight, F|100\/100\n|switch|p2a: Ariados|Ariados, F, shiny|100\/100\n|turn|1\n|\n|t:|1698288376\n|move|p2a: Ariados|Sticky Web|p1a: Corviknight\n|-sidestart|p1: KEI21|move: Sticky Web\n|move|p1a: Corviknight|Brave Bird|p2a: Ariados\n|-supereffective|p2a: Ariados\n|-damage|p2a: Ariados|9\/100\n|-damage|p1a: Corviknight|75\/100|[from] Recoil\n|\n|upkeep\n|turn|2\n|\n|t:|1698288386\n|move|p2a: Ariados|Toxic Spikes|p1a: Corviknight\n|-sidestart|p1: KEI21|move: Toxic Spikes\n|move|p1a: Corviknight|Defog|p2a: Ariados\n|-unboost|p2a: Ariados|evasion|1\n|-sideend|p1: KEI21|Toxic Spikes|[from] move: Defog|[of] p1a: Corviknight\n|-sideend|p1: KEI21|Sticky Web|[from] move: Defog|[of] p1a: Corviknight\n|\n|upkeep\n|turn|3\n|\n|t:|1698288402\n|move|p2a: Ariados|Sticky Web|p1a: Corviknight\n|-sidestart|p1: KEI21|move: Sticky Web\n|move|p1a: Corviknight|U-turn|p2a: Ariados\n|-resisted|p2a: Ariados\n|-damage|p2a: Ariados|0 fnt\n|faint|p2a: Ariados\n|\n|t:|1698288410\n|switch|p1a: Gliscor|Gliscor, F|100\/100|[from] U-turn\n|\n|upkeep\n|\n|t:|1698288417\n|switch|p2a: Politoed|Politoed, M, shiny|100\/100\n|-weather|RainDance|[from] ability: Drizzle|[of] p2a: Politoed\n|turn|4\n|\n|t:|1698288428\n|move|p1a: Gliscor|U-turn|p2a: Politoed\n|-damage|p2a: Politoed|79\/100\n|\n|t:|1698288433\n|switch|p1a: Corviknight|Corviknight, F|75\/100|[from] U-turn\n|move|p2a: Politoed|Hydro Pump|p1a: Corviknight\n|-damage|p1a: Corviknight|18\/100\n|\n|-weather|RainDance|[upkeep]\n|upkeep\n|turn|5\n|\n|t:|1698288453\n|move|p2a: Politoed|Hydro Pump|p1a: Corviknight\n|-damage|p1a: Corviknight|0 fnt\n|faint|p1a: Corviknight\n|\n|-weather|RainDance|[upkeep]\n|upkeep\n|\n|t:|1698288462\n|switch|p1a: Hydreigon|Hydreigon, M|100\/100\n|turn|6\n|\n|t:|1698288470\n|switch|p1a: Arbok|Arbok, F|100\/100\n|-activate|p1a: Arbok|move: Sticky Web\n|-unboost|p1a: Arbok|spe|1\n|-ability|p1a: Arbok|Intimidate|boost\n|-unboost|p2a: Politoed|atk|1\n|move|p2a: Politoed|Ice Beam|p1a: Arbok\n|-damage|p1a: Arbok|84\/100\n|\n|-weather|RainDance|[upkeep]\n|upkeep\n|turn|7\n|\n|t:|1698288483\n|switch|p2a: Basculegion|Basculegion, M, shiny|100\/100\n|move|p1a: Arbok|Switcheroo|p2a: Basculegion\n|-activate|p1a: Arbok|move: Trick|[of] p2a: Basculegion\n|-item|p2a: Basculegion|Toxic Orb|[from] move: Switcheroo\n|-item|p1a: Arbok|Choice Band|[from] move: Switcheroo\n|\n|-weather|RainDance|[upkeep]\n|-status|p2a: Basculegion|tox|[from] item: Toxic Orb\n|upkeep\n|turn|8\n|\n|t:|1698288500\n|-terastallize|p2a: Basculegion|Water\n|move|p1a: Arbok|Sucker Punch|p2a: Basculegion\n|-damage|p2a: Basculegion|72\/100 tox\n|move|p2a: Basculegion|Wave Crash|p1a: Arbok\n|-damage|p1a: Arbok|0 fnt\n|faint|p1a: Arbok\n|-damage|p2a: Basculegion|51\/100 tox|[from] Recoil\n|\n|-weather|RainDance|[upkeep]\n|-damage|p2a: Basculegion|45\/100 tox|[from] psn\n|upkeep\n|\n|t:|1698288519\n|switch|p1a: Hydreigon|Hydreigon, M|100\/100\n|turn|9\n|inactive|Pug320 has 270 seconds left.\n|\n|t:|1698288555\n|move|p1a: Hydreigon|Dark Pulse|p2a: Basculegion\n|-damage|p2a: Basculegion|0 fnt\n|faint|p2a: Basculegion\n|\n|-weather|RainDance|[upkeep]\n|upkeep\n|\n|t:|1698288563\n|switch|p2a: Annihilape|Annihilape, M, shiny|100\/100\n|turn|10\n|\n|t:|1698288578\n|move|p1a: Hydreigon|U-turn|p2a: Annihilape\n|-resisted|p2a: Annihilape\n|-damage|p2a: Annihilape|97\/100\n|\n|t:|1698288580\n|switch|p1a: Gliscor|Gliscor, F|100\/100|[from] U-turn\n|move|p2a: Annihilape|Bulk Up|p2a: Annihilape\n|-boost|p2a: Annihilape|atk|1\n|-boost|p2a: Annihilape|def|1\n|\n|-weather|RainDance|[upkeep]\n|-heal|p2a: Annihilape|100\/100|[from] item: Leftovers\n|upkeep\n|turn|11\n|inactive|Pug320 has 270 seconds left.\n|\n|t:|1698288606\n|move|p1a: Gliscor|Swords Dance|p1a: Gliscor\n|-boost|p1a: Gliscor|atk|2\n|move|p2a: Annihilape|Shadow Claw|p1a: Gliscor\n|-damage|p1a: Gliscor|56\/100\n|\n|-weather|none\n|upkeep\n|turn|12\n|inactive|Pug320 has 270 seconds left.\n|\n|t:|1698288617\n|move|p1a: Gliscor|Earthquake|p2a: Annihilape\n|-damage|p2a: Annihilape|47\/100\n|move|p2a: Annihilape|Bulk Up|p2a: Annihilape\n|-boost|p2a: Annihilape|atk|1\n|-boost|p2a: Annihilape|def|1\n|\n|-heal|p2a: Annihilape|53\/100|[from] item: Leftovers\n|upkeep\n|turn|13\n|inactive|Pug320 has 270 seconds left.\n|\n|t:|1698288626\n|move|p2a: Annihilape|Protect|p2a: Annihilape\n|-singleturn|p2a: Annihilape|Protect\n|move|p1a: Gliscor|Earthquake|p2a: Annihilape\n|-activate|p2a: Annihilape|move: Protect\n|\n|-heal|p2a: Annihilape|59\/100|[from] item: Leftovers\n|upkeep\n|turn|14\n|inactive|Pug320 has 270 seconds left.\n|\n|t:|1698288637\n|move|p1a: Gliscor|Earthquake|p2a: Annihilape\n|-damage|p2a: Annihilape|21\/100\n|move|p2a: Annihilape|Shadow Claw|p1a: Gliscor\n|-damage|p1a: Gliscor|0 fnt\n|faint|p1a: Gliscor\n|\n|-heal|p2a: Annihilape|27\/100|[from] item: Leftovers\n|upkeep\n|\n|t:|1698288659\n|switch|p1a: Hydreigon|Hydreigon, M|100\/100\n|turn|15\n|inactive|Pug320 has 270 seconds left.\n|inactive|KEI21 has 270 seconds left.\n|\n|t:|1698288693\n|move|p2a: Annihilape|Protect|p2a: Annihilape\n|-singleturn|p2a: Annihilape|Protect\n|move|p1a: Hydreigon|Draco Meteor|p2a: Annihilape\n|-activate|p2a: Annihilape|move: Protect\n|\n|-heal|p2a: Annihilape|33\/100|[from] item: Leftovers\n|upkeep\n|turn|16\n|inactive|Pug320 has 270 seconds left.\n|\n|t:|1698288708\n|move|p1a: Hydreigon|Draco Meteor|p2a: Annihilape|[miss]\n|-miss|p1a: Hydreigon|p2a: Annihilape\n|move|p2a: Annihilape|Drain Punch|p1a: Hydreigon\n|-supereffective|p1a: Hydreigon\n|-damage|p1a: Hydreigon|0 fnt\n|-heal|p2a: Annihilape|74\/100|[from] drain|[of] p1a: Hydreigon\n|faint|p1a: Hydreigon\n|\n|-heal|p2a: Annihilape|80\/100|[from] item: Leftovers\n|upkeep\n|inactive|KEI21 has 270 seconds left.\n|c|\u2606KEI21|gg\n|\n|t:|1698288715\n|switch|p1a: Krookodile|Krookodile, F|100\/100\n|-activate|p1a: Krookodile|move: Sticky Web\n|-unboost|p1a: Krookodile|spe|1\n|turn|17\n|inactive|Pug320 has 270 seconds left.\n|\n|t:|1698288736\n|move|p1a: Krookodile|Crunch|p2a: Annihilape\n|-damage|p2a: Annihilape|63\/100\n|-unboost|p2a: Annihilape|def|1\n|move|p2a: Annihilape|Drain Punch|p1a: Krookodile\n|-supereffective|p1a: Krookodile\n|-damage|p1a: Krookodile|0 fnt\n|-heal|p2a: Annihilape|100\/100|[from] drain|[of] p1a: Krookodile\n|faint|p1a: Krookodile\n|\n|upkeep\n|\n|t:|1698288740\n|switch|p1a: Gengar|Gengar, F|100\/100\n|-activate|p1a: Gengar|move: Sticky Web\n|-unboost|p1a: Gengar|spe|1\n|turn|18\n|inactive|Pug320 has 270 seconds left.\n|\n|t:|1698288748\n|move|p1a: Gengar|Psychic|p2a: Annihilape\n|-supereffective|p2a: Annihilape\n|-damage|p2a: Annihilape|53\/100\n|move|p2a: Annihilape|Shadow Claw|p1a: Gengar\n|-supereffective|p1a: Gengar\n|-enditem|p1a: Gengar|Focus Sash\n|-damage|p1a: Gengar|1\/100\n|\n|-heal|p2a: Annihilape|59\/100|[from] item: Leftovers\n|upkeep\n|turn|19\n|\n|t:|1698288758\n|move|p2a: Annihilape|Protect|p2a: Annihilape\n|-singleturn|p2a: Annihilape|Protect\n|move|p1a: Gengar|Psychic|p2a: Annihilape\n|-activate|p2a: Annihilape|move: Protect\n|\n|-heal|p2a: Annihilape|65\/100|[from] item: Leftovers\n|upkeep\n|turn|20\n|\n|t:|1698288768\n|move|p1a: Gengar|Psychic|p2a: Annihilape\n|-supereffective|p2a: Annihilape\n|-damage|p2a: Annihilape|10\/100\n|move|p2a: Annihilape|Shadow Claw|p1a: Gengar\n|-supereffective|p1a: Gengar\n|-damage|p1a: Gengar|0 fnt\n|-start|p2a: Annihilape|Disable|Shadow Claw|[from] ability: Cursed Body|[of] p1a: Gengar\n|faint|p1a: Gengar\n|\n|win|Pug320\n|l|\u2606KEI21\n","uploadtime":1698288787,"views":10,"p1id":"kei21","p2id":"pug320","formatid":"gen9ubers","rating":0,"private":0,"password":""}