{"id":"gen9ubers-1991649194","p1":"adpg.alt","p2":"ban goldhengo","format":"[Gen 9] Ubers","log":"|j|\u2606adpg.alt\n|j|\u2606ban goldhengo\n|t:|1700098331\n|gametype|singles\n|player|p1|adpg.alt|hilbert-wonderlauncher|1369\n|player|p2|ban goldhengo|169|1170\n|teamsize|p1|6\n|teamsize|p2|5\n|gen|9\n|tier|[Gen 9] Ubers\n|rated|\n|rule|Sleep Clause Mod: Limit one foe put to sleep\n|rule|Species Clause: Limit one of each Pok\u00e9mon\n|rule|OHKO Clause: OHKO moves are banned\n|rule|Evasion Items Clause: Evasion items are banned\n|rule|Evasion Moves Clause: Evasion moves are banned\n|rule|Endless Battle Clause: Forcing endless battles is banned\n|rule|HP Percentage Mod: HP is shown in percentages\n|clearpoke\n|poke|p1|Koraidon|\n|poke|p1|Miraidon|\n|poke|p1|Zacian-*|\n|poke|p1|Ribombee, F|\n|poke|p1|Flutter Mane|\n|poke|p1|Mewtwo|\n|poke|p2|Gastrodon, F|\n|poke|p2|Heatran, F|\n|poke|p2|Landorus-Therian, M|\n|poke|p2|Toxapex, F|\n|poke|p2|Gliscor, M|\n|teampreview\n|c|\u2606adpg.alt|:v\n|\n|t:|1700098354\n|start\n|switch|p1a: Ribombee|Ribombee, F|100\/100\n|switch|p2a: I'm annoying|Heatran, F|100\/100\n|turn|1\n|\n|t:|1700098363\n|move|p1a: Ribombee|Sticky Web|p2a: I'm annoying\n|-sidestart|p2: ban goldhengo|move: Sticky Web\n|move|p2a: I'm annoying|Stealth Rock|p1a: Ribombee\n|-sidestart|p1: adpg.alt|move: Stealth Rock\n|\n|upkeep\n|turn|2\n|\n|t:|1700098368\n|move|p1a: Ribombee|Stun Spore|p2a: I'm annoying\n|-status|p2a: I'm annoying|par\n|move|p2a: I'm annoying|Magma Storm|p1a: Ribombee|[miss]\n|-miss|p2a: I'm annoying|p1a: Ribombee\n|\n|upkeep\n|turn|3\n|\n|t:|1700098375\n|move|p1a: Ribombee|Skill Swap|p2a: I'm annoying\n|-activate|p1a: Ribombee|move: Skill Swap|Flash Fire|Shield Dust|[of] p2a: I'm annoying\n|cant|p2a: I'm annoying|par\n|\n|upkeep\n|turn|4\n|\n|t:|1700098386\n|switch|p2a: Gliscor|Gliscor, M|100\/100\n|move|p1a: Ribombee|Moonblast|p2a: Gliscor\n|-damage|p2a: Gliscor|54\/100\n|-unboost|p2a: Gliscor|spa|1\n|\n|-status|p2a: Gliscor|tox|[from] item: Toxic Orb\n|upkeep\n|turn|5\n|\n|t:|1700098393\n|move|p2a: Gliscor|Protect|p2a: Gliscor\n|-singleturn|p2a: Gliscor|Protect\n|move|p1a: Ribombee|Skill Swap|p2a: Gliscor\n|-activate|p2a: Gliscor|move: Protect\n|\n|-heal|p2a: Gliscor|66\/100 tox|[from] ability: Poison Heal\n|upkeep\n|turn|6\n|\n|t:|1700098403\n|switch|p2a: Landorus|Landorus-Therian, M|100\/100\n|-ability|p2a: Landorus|Intimidate|boost\n|-unboost|p1a: Ribombee|atk|1\n|move|p1a: Ribombee|Skill Swap|p2a: Landorus\n|-activate|p1a: Ribombee|move: Skill Swap|Intimidate|Flash Fire|[of] p2a: Landorus\n|-ability|p1a: Ribombee|Intimidate|boost\n|-unboost|p2a: Landorus|atk|1\n|\n|upkeep\n|turn|7\n|\n|t:|1700098413\n|move|p2a: Landorus|Rock Slide|p1a: Ribombee|[miss]\n|-miss|p2a: Landorus|p1a: Ribombee\n|move|p1a: Ribombee|Stun Spore|p2a: Landorus\n|-status|p2a: Landorus|par\n|\n|upkeep\n|turn|8\n|-message|ban goldhengo forfeited.\n|\n|win|adpg.alt\n|raw|adpg.alt's rating: 1369 &rarr; <strong>1379<\/strong><br \/>(+10 for winning)\n|raw|ban goldhengo's rating: 1170 &rarr; <strong>1158<\/strong><br \/>(-12 for losing)\n|l|\u2606ban goldhengo\n","uploadtime":1700098424,"views":12,"p1id":"adpgalt","p2id":"bangoldhengo","formatid":"gen9ubers","rating":1158,"private":0,"password":""}