{"id":"gen9ubers-1983973216","p1":"ttkilla","p2":"Leo Justice","format":"[Gen 9] Ubers","log":"|j|\u2606ttkilla\n|j|\u2606Leo Justice\n|t:|1699205678\n|gametype|singles\n|player|p1|ttkilla|cameraman|\n|player|p2|Leo Justice|carmine|\n|teamsize|p1|6\n|teamsize|p2|6\n|gen|9\n|tier|[Gen 9] Ubers\n|rule|Sleep Clause Mod: Limit one foe put to sleep\n|rule|Species Clause: Limit one of each Pok\u00e9mon\n|rule|OHKO Clause: OHKO moves are banned\n|rule|Evasion Items Clause: Evasion items are banned\n|rule|Evasion Moves Clause: Evasion moves are banned\n|rule|Endless Battle Clause: Forcing endless battles is banned\n|rule|HP Percentage Mod: HP is shown in percentages\n|clearpoke\n|poke|p1|Cyclizar, M|\n|poke|p1|Ogerpon, F|\n|poke|p1|Dialga|\n|poke|p1|Tyranitar, F|\n|poke|p1|Arceus-Fighting|\n|poke|p1|Iron Moth|\n|poke|p2|Blissey, F|\n|poke|p2|Moltres|\n|poke|p2|Arceus-Poison|\n|poke|p2|Garganacl, M|\n|poke|p2|Magearna|\n|poke|p2|Cyclizar, M|\n|teampreview\n|c|\u2606ttkilla|glhf\n|c|\u2606Leo Justice|Gl\n|\n|t:|1699205708\n|start\n|switch|p1a: Ogerpon|Ogerpon, F|100\/100\n|switch|p2a: Cyclizar|Cyclizar, M|100\/100\n|turn|1\n|\n|t:|1699205715\n|move|p2a: Cyclizar|Taunt|p1a: Ogerpon\n|-start|p1a: Ogerpon|move: Taunt\n|move|p1a: Ogerpon|U-turn|p2a: Cyclizar\n|-damage|p2a: Cyclizar|51\/100\n|\n|t:|1699205725\n|switch|p1a: Short Godzilla|Tyranitar, F|100\/100|[from] U-turn\n|-weather|Sandstorm|[from] ability: Sand Stream|[of] p1a: Short Godzilla\n|\n|-weather|Sandstorm|[upkeep]\n|-damage|p2a: Cyclizar|45\/100|[from] Sandstorm\n|upkeep\n|turn|2\n|\n|t:|1699205731\n|switch|p2a: Magearna|Magearna|100\/100\n|move|p1a: Short Godzilla|Knock Off|p2a: Magearna\n|-resisted|p2a: Magearna\n|-damage|p2a: Magearna|79\/100\n|-enditem|p2a: Magearna|Leftovers|[from] move: Knock Off|[of] p1a: Short Godzilla\n|\n|-weather|Sandstorm|[upkeep]\n|upkeep\n|turn|3\n|\n|t:|1699205737\n|move|p2a: Magearna|Draining Kiss|p1a: Short Godzilla\n|-supereffective|p1a: Short Godzilla\n|-damage|p1a: Short Godzilla|85\/100\n|-heal|p2a: Magearna|91\/100|[from] drain|[of] p1a: Short Godzilla\n|move|p1a: Short Godzilla|Earthquake|p2a: Magearna\n|-supereffective|p2a: Magearna\n|-damage|p2a: Magearna|37\/100\n|\n|-weather|Sandstorm|[upkeep]\n|upkeep\n|turn|4\n|\n|t:|1699205744\n|switch|p2a: Moltres|Moltres|100\/100\n|move|p1a: Short Godzilla|Knock Off|p2a: Moltres\n|-damage|p2a: Moltres|64\/100\n|-enditem|p2a: Moltres|Heavy-Duty Boots|[from] move: Knock Off|[of] p1a: Short Godzilla\n|\n|-weather|Sandstorm|[upkeep]\n|-damage|p2a: Moltres|58\/100|[from] Sandstorm\n|upkeep\n|turn|5\n|\n|t:|1699205754\n|switch|p1a: WannaRidemyBICYCLE|Cyclizar, M|100\/100\n|move|p2a: Moltres|Will-O-Wisp|p1a: WannaRidemyBICYCLE\n|-status|p1a: WannaRidemyBICYCLE|brn\n|\n|-weather|none\n|-damage|p1a: WannaRidemyBICYCLE|94\/100 brn|[from] brn\n|upkeep\n|turn|6\n|\n|t:|1699205759\n|move|p1a: WannaRidemyBICYCLE|Shed Tail|p1a: WannaRidemyBICYCLE\n|-start|p1a: WannaRidemyBICYCLE|Substitute|[from] move: Shed Tail\n|-damage|p1a: WannaRidemyBICYCLE|44\/100 brn\n|\n|t:|1699205764\n|switch|p1a: Spicy Moth|Iron Moth|100\/100|[from] Shed Tail\n|-enditem|p1a: Spicy Moth|Booster Energy\n|-activate|p1a: Spicy Moth|ability: Quark Drive|[fromitem]\n|-start|p1a: Spicy Moth|quarkdrivespa\n|move|p2a: Moltres|Roar|p1a: Spicy Moth\n|-end|p1a: Spicy Moth|Quark Drive|[silent]\n|drag|p1a: WannaRidemyBICYCLE|Cyclizar, M|77\/100 brn\n|\n|-damage|p1a: WannaRidemyBICYCLE|71\/100 brn|[from] brn\n|upkeep\n|turn|7\n|\n|t:|1699205773\n|move|p1a: WannaRidemyBICYCLE|Taunt|p2a: Moltres\n|-start|p2a: Moltres|move: Taunt\n|cant|p2a: Moltres|move: Taunt|Roost\n|\n|-damage|p1a: WannaRidemyBICYCLE|65\/100 brn|[from] brn\n|upkeep\n|turn|8\n|\n|t:|1699205780\n|switch|p2a: Cyclizar|Cyclizar, M|78\/100\n|move|p1a: WannaRidemyBICYCLE|Shed Tail|p1a: WannaRidemyBICYCLE\n|-start|p1a: WannaRidemyBICYCLE|Substitute|[from] move: Shed Tail\n|-damage|p1a: WannaRidemyBICYCLE|15\/100 brn\n|\n|t:|1699205792\n|switch|p1a: Angy Dugy|Arceus-Fighting|100\/100|[from] Shed Tail\n|\n|upkeep\n|turn|9\n|\n|t:|1699205802\n|move|p2a: Cyclizar|Shed Tail|p2a: Cyclizar\n|-start|p2a: Cyclizar|Substitute|[from] move: Shed Tail\n|-damage|p2a: Cyclizar|28\/100\n|\n|t:|1699205803\n|switch|p2a: Moltres|Moltres|58\/100|[from] Shed Tail\n|move|p1a: Angy Dugy|Cosmic Power|p1a: Angy Dugy\n|-boost|p1a: Angy Dugy|def|1\n|-boost|p1a: Angy Dugy|spd|1\n|\n|upkeep\n|turn|10\n|\n|t:|1699205810\n|move|p1a: Angy Dugy|Cosmic Power|p1a: Angy Dugy\n|-boost|p1a: Angy Dugy|def|1\n|-boost|p1a: Angy Dugy|spd|1\n|move|p2a: Moltres|Roar|p1a: Angy Dugy\n|drag|p1a: IdontHaveLeftovers|Dialga|100\/100\n|-ability|p1a: IdontHaveLeftovers|Pressure\n|\n|upkeep\n|turn|11\n|\n|t:|1699205815\n|move|p2a: Moltres|Roost|p2a: Moltres\n|-heal|p2a: Moltres|100\/100\n|-singleturn|p2a: Moltres|move: Roost\n|move|p1a: IdontHaveLeftovers|Roar|p2a: Moltres\n|drag|p2a: Cyclizar|Cyclizar, M|61\/100\n|\n|upkeep\n|turn|12\n|\n|t:|1699205824\n|switch|p2a: Magearna|Magearna|37\/100\n|move|p1a: IdontHaveLeftovers|Draco Meteor|p2a: Magearna\n|-immune|p2a: Magearna\n|\n|upkeep\n|turn|13\n|\n|t:|1699205835\n|move|p1a: IdontHaveLeftovers|Thunder Wave|p2a: Magearna\n|-status|p2a: Magearna|par\n|move|p2a: Magearna|Spikes|p1a: IdontHaveLeftovers\n|-sidestart|p1: ttkilla|Spikes\n|\n|upkeep\n|turn|14\n|\n|t:|1699205845\n|switch|p2a: Blissey|Blissey, F|100\/100\n|move|p1a: IdontHaveLeftovers|Flash Cannon|p2a: Blissey\n|-damage|p2a: Blissey|87\/100\n|\n|upkeep\n|turn|15\n|\n|t:|1699205850\n|switch|p1a: Angy Dugy|Arceus-Fighting|100\/100\n|-damage|p1a: Angy Dugy|88\/100|[from] Spikes\n|move|p2a: Blissey|Stealth Rock|p1a: Angy Dugy\n|-sidestart|p1: ttkilla|move: Stealth Rock\n|\n|upkeep\n|turn|16\n|\n|t:|1699205874\n|switch|p2a: Arceus|Arceus-Poison|100\/100\n|move|p1a: Angy Dugy|Body Press|p2a: Arceus\n|-resisted|p2a: Arceus\n|-damage|p2a: Arceus|91\/100\n|\n|upkeep\n|turn|17\n|\n|t:|1699205882\n|-terastallize|p1a: Angy Dugy|Steel\n|move|p1a: Angy Dugy|Cosmic Power|p1a: Angy Dugy\n|-boost|p1a: Angy Dugy|def|1\n|-boost|p1a: Angy Dugy|spd|1\n|move|p2a: Arceus|Roar|p1a: Angy Dugy\n|drag|p1a: Spicy Moth|Iron Moth|100\/100\n|-damage|p1a: Spicy Moth|88\/100|[from] Spikes\n|-damage|p1a: Spicy Moth|63\/100|[from] Stealth Rock\n|\n|upkeep\n|turn|18\n|\n|t:|1699205895\n|switch|p2a: Garganacl|Garganacl, M|100\/100\n|move|p1a: Spicy Moth|Fiery Dance|p2a: Garganacl\n|-resisted|p2a: Garganacl\n|-damage|p2a: Garganacl|87\/100\n|-boost|p1a: Spicy Moth|spa|1\n|\n|-heal|p2a: Garganacl|93\/100|[from] item: Leftovers\n|upkeep\n|turn|19\n|\n|t:|1699205902\n|move|p1a: Spicy Moth|Energy Ball|p2a: Garganacl\n|-supereffective|p2a: Garganacl\n|-crit|p2a: Garganacl\n|-damage|p2a: Garganacl|0 fnt\n|faint|p2a: Garganacl\n|\n|upkeep\n|\n|t:|1699205908\n|switch|p2a: Blissey|Blissey, F|87\/100\n|turn|20\n|c|\u2606Leo Justice|Oh the crit\n|c|\u2606Leo Justice|the misery\n|\n|t:|1699205921\n|-end|p1a: Spicy Moth|Quark Drive|[silent]\n|switch|p1a: WannaRidemyBICYCLE|Cyclizar, M|48\/100 brn\n|move|p2a: Blissey|Thunder Wave||[still]\n|-fail|p2a: Blissey\n|\n|-damage|p1a: WannaRidemyBICYCLE|42\/100 brn|[from] brn\n|upkeep\n|turn|21\n|\n|t:|1699205930\n|switch|p2a: Arceus|Arceus-Poison|91\/100\n|move|p1a: WannaRidemyBICYCLE|Rapid Spin|p2a: Arceus\n|-damage|p2a: Arceus|86\/100\n|-boost|p1a: WannaRidemyBICYCLE|spe|1\n|-sideend|p1: ttkilla|Spikes|[from] move: Rapid Spin|[of] p1a: WannaRidemyBICYCLE\n|-sideend|p1: ttkilla|Stealth Rock|[from] move: Rapid Spin|[of] p1a: WannaRidemyBICYCLE\n|\n|-damage|p1a: WannaRidemyBICYCLE|36\/100 brn|[from] brn\n|upkeep\n|turn|22\n|\n|t:|1699205936\n|switch|p1a: Short Godzilla|Tyranitar, F|85\/100\n|-weather|Sandstorm|[from] ability: Sand Stream|[of] p1a: Short Godzilla\n|move|p2a: Arceus|Judgment|p1a: Short Godzilla\n|-resisted|p1a: Short Godzilla\n|-damage|p1a: Short Godzilla|78\/100\n|\n|-weather|Sandstorm|[upkeep]\n|-damage|p2a: Arceus|80\/100|[from] Sandstorm\n|upkeep\n|turn|23\n|\n|t:|1699205948\n|switch|p2a: Moltres|Moltres|100\/100\n|move|p1a: Short Godzilla|Stone Edge|p2a: Moltres|[miss]\n|-miss|p1a: Short Godzilla|p2a: Moltres\n|\n|-weather|Sandstorm|[upkeep]\n|-damage|p2a: Moltres|94\/100|[from] Sandstorm\n|upkeep\n|turn|24\n|\n|t:|1699205952\n|move|p2a: Moltres|Will-O-Wisp|p1a: Short Godzilla\n|-status|p1a: Short Godzilla|brn\n|move|p1a: Short Godzilla|Stone Edge|p2a: Moltres\n|-supereffective|p2a: Moltres\n|-damage|p2a: Moltres|25\/100\n|\n|-weather|Sandstorm|[upkeep]\n|-damage|p2a: Moltres|19\/100|[from] Sandstorm\n|-damage|p1a: Short Godzilla|72\/100 brn|[from] brn\n|upkeep\n|turn|25\n|\n|t:|1699205959\n|move|p1a: Short Godzilla|Knock Off|p2a: Moltres\n|-damage|p2a: Moltres|8\/100\n|move|p2a: Moltres|Roar|p1a: Short Godzilla\n|drag|p1a: Spicy Moth|Iron Moth|63\/100\n|\n|-weather|Sandstorm|[upkeep]\n|-damage|p1a: Spicy Moth|57\/100|[from] Sandstorm\n|-damage|p2a: Moltres|2\/100|[from] Sandstorm\n|upkeep\n|turn|26\n|c|\u2606Leo Justice|Missclick\n|c|\u2606Leo Justice|oh god\n|\n|t:|1699205967\n|switch|p2a: Blissey|Blissey, F|87\/100\n|move|p1a: Spicy Moth|Fiery Dance|p2a: Blissey\n|-damage|p2a: Blissey|71\/100\n|-boost|p1a: Spicy Moth|spa|1\n|\n|-weather|none\n|upkeep\n|turn|27\n|\n|t:|1699205972\n|move|p1a: Spicy Moth|Fiery Dance|p2a: Blissey\n|-damage|p2a: Blissey|47\/100\n|move|p2a: Blissey|Seismic Toss|p1a: Spicy Moth\n|-damage|p1a: Spicy Moth|24\/100\n|\n|upkeep\n|turn|28\n|\n|t:|1699205981\n|-end|p1a: Spicy Moth|Quark Drive|[silent]\n|switch|p1a: Ogerpon|Ogerpon, F|100\/100\n|move|p2a: Blissey|Soft-Boiled|p2a: Blissey\n|-heal|p2a: Blissey|97\/100\n|\n|upkeep\n|turn|29\n|\n|t:|1699205988\n|switch|p2a: Moltres|Moltres|2\/100\n|move|p1a: Ogerpon|U-turn|p2a: Moltres\n|-resisted|p2a: Moltres\n|-damage|p2a: Moltres|0 fnt\n|-status|p1a: Ogerpon|brn|[from] ability: Flame Body|[of] p2a: Moltres\n|faint|p2a: Moltres\n|\n|t:|1699205994\n|switch|p1a: Short Godzilla|Tyranitar, F|72\/100 brn|[from] U-turn\n|-weather|Sandstorm|[from] ability: Sand Stream|[of] p1a: Short Godzilla\n|\n|-weather|Sandstorm|[upkeep]\n|-damage|p1a: Short Godzilla|66\/100 brn|[from] brn\n|upkeep\n|\n|t:|1699206010\n|switch|p2a: Arceus|Arceus-Poison|80\/100\n|turn|30\n|\n|t:|1699206017\n|move|p2a: Arceus|Judgment|p1a: Short Godzilla\n|-resisted|p1a: Short Godzilla\n|-damage|p1a: Short Godzilla|59\/100 brn\n|move|p1a: Short Godzilla|Earthquake|p2a: Arceus\n|-supereffective|p2a: Arceus\n|-damage|p2a: Arceus|63\/100\n|\n|-weather|Sandstorm|[upkeep]\n|-damage|p2a: Arceus|57\/100|[from] Sandstorm\n|-damage|p1a: Short Godzilla|53\/100 brn|[from] brn\n|upkeep\n|turn|31\n|\n|t:|1699206023\n|move|p2a: Arceus|Recover|p2a: Arceus\n|-heal|p2a: Arceus|100\/100\n|move|p1a: Short Godzilla|Earthquake|p2a: Arceus\n|-supereffective|p2a: Arceus\n|-damage|p2a: Arceus|80\/100\n|\n|-weather|Sandstorm|[upkeep]\n|-damage|p2a: Arceus|74\/100|[from] Sandstorm\n|-damage|p1a: Short Godzilla|46\/100 brn|[from] brn\n|upkeep\n|turn|32\n|\n|t:|1699206028\n|switch|p2a: Cyclizar|Cyclizar, M|94\/100\n|switch|p1a: IdontHaveLeftovers|Dialga|100\/100\n|-ability|p1a: IdontHaveLeftovers|Pressure\n|\n|-weather|Sandstorm|[upkeep]\n|-damage|p2a: Cyclizar|88\/100|[from] Sandstorm\n|upkeep\n|turn|33\n|\n|t:|1699206036\n|move|p2a: Cyclizar|Shed Tail|p2a: Cyclizar\n|-start|p2a: Cyclizar|Substitute|[from] move: Shed Tail\n|-damage|p2a: Cyclizar|38\/100\n|\n|t:|1699206038\n|switch|p2a: Blissey|Blissey, F|97\/100|[from] Shed Tail\n|move|p1a: IdontHaveLeftovers|Flash Cannon|p2a: Blissey\n|-end|p2a: Blissey|Substitute\n|\n|-weather|none\n|upkeep\n|turn|34\n|\n|t:|1699206044\n|move|p2a: Blissey|Stealth Rock|p1a: IdontHaveLeftovers\n|-sidestart|p1: ttkilla|move: Stealth Rock\n|move|p1a: IdontHaveLeftovers|Roar|p2a: Blissey\n|drag|p2a: Cyclizar|Cyclizar, M|71\/100\n|\n|upkeep\n|turn|35\n|\n|t:|1699206050\n|switch|p2a: Blissey|Blissey, F|97\/100\n|move|p1a: IdontHaveLeftovers|Flash Cannon|p2a: Blissey\n|-damage|p2a: Blissey|82\/100\n|-unboost|p2a: Blissey|spd|1\n|\n|upkeep\n|turn|36\n|\n|t:|1699206056\n|move|p1a: IdontHaveLeftovers|Thunder Wave|p2a: Blissey\n|-status|p2a: Blissey|par\n|cant|p2a: Blissey|par\n|\n|upkeep\n|turn|37\n|\n|t:|1699206060\n|-curestatus|p2a: Blissey|par|[from] ability: Natural Cure\n|switch|p2a: Cyclizar|Cyclizar, M|100\/100\n|move|p1a: IdontHaveLeftovers|Flash Cannon|p2a: Cyclizar\n|-damage|p2a: Cyclizar|44\/100\n|\n|upkeep\n|turn|38\n|\n|t:|1699206066\n|switch|p2a: Blissey|Blissey, F|82\/100\n|move|p1a: IdontHaveLeftovers|Flash Cannon|p2a: Blissey\n|-damage|p2a: Blissey|68\/100\n|\n|upkeep\n|turn|39\n|\n|t:|1699206074\n|switch|p1a: Ogerpon|Ogerpon, F|100\/100 brn\n|-damage|p1a: Ogerpon|88\/100 brn|[from] Stealth Rock\n|move|p2a: Blissey|Thunder Wave||[still]\n|-fail|p2a: Blissey\n|\n|-damage|p1a: Ogerpon|82\/100 brn|[from] brn\n|upkeep\n|turn|40\n|\n|t:|1699206082\n|switch|p2a: Cyclizar|Cyclizar, M|77\/100\n|move|p1a: Ogerpon|Ivy Cudgel|p2a: Cyclizar\n|-resisted|p2a: Cyclizar\n|-damage|p2a: Cyclizar|50\/100\n|\n|-damage|p1a: Ogerpon|76\/100 brn|[from] brn\n|upkeep\n|turn|41\n|\n|t:|1699206088\n|switch|p1a: WannaRidemyBICYCLE|Cyclizar, M|69\/100 brn\n|move|p2a: Cyclizar|Knock Off|p1a: WannaRidemyBICYCLE\n|-damage|p1a: WannaRidemyBICYCLE|39\/100 brn\n|-enditem|p1a: WannaRidemyBICYCLE|Heavy-Duty Boots|[from] move: Knock Off|[of] p2a: Cyclizar\n|\n|-damage|p1a: WannaRidemyBICYCLE|33\/100 brn|[from] brn\n|upkeep\n|turn|42\n|\n|t:|1699206096\n|move|p2a: Cyclizar|Rapid Spin|p1a: WannaRidemyBICYCLE\n|-damage|p1a: WannaRidemyBICYCLE|9\/100 brn\n|-boost|p2a: Cyclizar|spe|1\n|move|p1a: WannaRidemyBICYCLE|Rapid Spin|p2a: Cyclizar\n|-damage|p2a: Cyclizar|38\/100\n|-boost|p1a: WannaRidemyBICYCLE|spe|1\n|-sideend|p1: ttkilla|Stealth Rock|[from] move: Rapid Spin|[of] p1a: WannaRidemyBICYCLE\n|\n|-damage|p1a: WannaRidemyBICYCLE|3\/100 brn|[from] brn\n|upkeep\n|turn|43\n|\n|t:|1699206102\n|move|p1a: WannaRidemyBICYCLE|Knock Off|p2a: Cyclizar\n|-damage|p2a: Cyclizar|22\/100\n|-enditem|p2a: Cyclizar|Heavy-Duty Boots|[from] move: Knock Off|[of] p1a: WannaRidemyBICYCLE\n|move|p2a: Cyclizar|Rapid Spin|p1a: WannaRidemyBICYCLE\n|-damage|p1a: WannaRidemyBICYCLE|0 fnt\n|-boost|p2a: Cyclizar|spe|1\n|faint|p1a: WannaRidemyBICYCLE\n|\n|upkeep\n|\n|t:|1699206107\n|switch|p1a: Angy Dugy|Arceus-Fighting, tera:Steel|88\/100\n|turn|44\n|\n|t:|1699206112\n|switch|p2a: Arceus|Arceus-Poison|74\/100\n|move|p1a: Angy Dugy|Body Press|p2a: Arceus\n|-resisted|p2a: Arceus\n|-damage|p2a: Arceus|64\/100\n|\n|upkeep\n|turn|45\n|\n|t:|1699206118\n|move|p1a: Angy Dugy|Cosmic Power|p1a: Angy Dugy\n|-boost|p1a: Angy Dugy|def|1\n|-boost|p1a: Angy Dugy|spd|1\n|move|p2a: Arceus|Roar|p1a: Angy Dugy\n|drag|p1a: IdontHaveLeftovers|Dialga|100\/100\n|-ability|p1a: IdontHaveLeftovers|Pressure\n|\n|upkeep\n|turn|46\n|\n|t:|1699206124\n|switch|p2a: Blissey|Blissey, F|68\/100\n|move|p1a: IdontHaveLeftovers|Thunder Wave|p2a: Blissey\n|-status|p2a: Blissey|par\n|\n|upkeep\n|turn|47\n|\n|t:|1699206129\n|move|p1a: IdontHaveLeftovers|Flash Cannon|p2a: Blissey\n|-damage|p2a: Blissey|54\/100 par\n|move|p2a: Blissey|Stealth Rock|p1a: IdontHaveLeftovers\n|-sidestart|p1: ttkilla|move: Stealth Rock\n|\n|upkeep\n|turn|48\n|\n|t:|1699206134\n|move|p2a: Blissey|Soft-Boiled|p2a: Blissey\n|-heal|p2a: Blissey|100\/100 par\n|move|p1a: IdontHaveLeftovers|Roar|p2a: Blissey\n|-curestatus|p2a: Blissey|par|[from] ability: Natural Cure\n|drag|p2a: Arceus|Arceus-Poison|64\/100\n|\n|upkeep\n|turn|49\n|\n|t:|1699206141\n|switch|p2a: Blissey|Blissey, F|100\/100\n|move|p1a: IdontHaveLeftovers|Draco Meteor|p2a: Blissey\n|-damage|p2a: Blissey|80\/100\n|-unboost|p1a: IdontHaveLeftovers|spa|2\n|\n|upkeep\n|turn|50\n|j| shinyjupiter37\n|\n|t:|1699206147\n|switch|p1a: Short Godzilla|Tyranitar, F|46\/100 brn\n|-damage|p1a: Short Godzilla|34\/100 brn|[from] Stealth Rock\n|-weather|Sandstorm|[from] ability: Sand Stream|[of] p1a: Short Godzilla\n|move|p2a: Blissey|Seismic Toss|p1a: Short Godzilla\n|-damage|p1a: Short Godzilla|9\/100 brn\n|\n|-weather|Sandstorm|[upkeep]\n|-damage|p2a: Blissey|74\/100|[from] Sandstorm\n|-damage|p1a: Short Godzilla|3\/100 brn|[from] brn\n|upkeep\n|turn|51\n|\n|t:|1699206157\n|switch|p2a: Magearna|Magearna|37\/100 par\n|move|p1a: Short Godzilla|Earthquake|p2a: Magearna\n|-supereffective|p2a: Magearna\n|-damage|p2a: Magearna|8\/100 par\n|\n|-weather|Sandstorm|[upkeep]\n|-damage|p1a: Short Godzilla|0 fnt|[from] brn\n|faint|p1a: Short Godzilla\n|-ability|p2a: Magearna|Soul-Heart|boost\n|-boost|p2a: Magearna|spa|1\n|upkeep\n|\n|t:|1699206164\n|switch|p1a: Spicy Moth|Iron Moth|24\/100\n|-damage|p1a: Spicy Moth|0 fnt|[from] Stealth Rock\n|faint|p1a: Spicy Moth\n|-ability|p2a: Magearna|Soul-Heart|boost\n|-boost|p2a: Magearna|spa|1\n|-end|p1a: Spicy Moth|Quark Drive|[silent]\n|\n|t:|1699206165\n|switch|p1a: Ogerpon|Ogerpon, F|76\/100 brn\n|-damage|p1a: Ogerpon|64\/100 brn|[from] Stealth Rock\n|turn|52\n|\n|t:|1699206173\n|move|p1a: Ogerpon|U-turn|p2a: Magearna\n|-resisted|p2a: Magearna\n|-damage|p2a: Magearna|5\/100 par\n|\n|t:|1699206176\n|switch|p1a: IdontHaveLeftovers|Dialga|100\/100|[from] U-turn\n|-damage|p1a: IdontHaveLeftovers|94\/100|[from] Stealth Rock\n|-ability|p1a: IdontHaveLeftovers|Pressure\n|move|p2a: Magearna|Draining Kiss|p1a: IdontHaveLeftovers\n|-damage|p1a: IdontHaveLeftovers|55\/100\n|-heal|p2a: Magearna|38\/100 par|[from] drain|[of] p1a: IdontHaveLeftovers\n|\n|-weather|Sandstorm|[upkeep]\n|-heal|p1a: IdontHaveLeftovers|61\/100|[from] item: Leftovers\n|upkeep\n|turn|53\n|\n|t:|1699206184\n|move|p1a: IdontHaveLeftovers|Flash Cannon|p2a: Magearna\n|-damage|p2a: Magearna|11\/100 par\n|move|p2a: Magearna|Draining Kiss|p1a: IdontHaveLeftovers\n|-damage|p1a: IdontHaveLeftovers|24\/100\n|-heal|p2a: Magearna|43\/100 par|[from] drain|[of] p1a: IdontHaveLeftovers\n|\n|-weather|Sandstorm|[upkeep]\n|-heal|p1a: IdontHaveLeftovers|30\/100|[from] item: Leftovers\n|upkeep\n|turn|54\n|\n|t:|1699206193\n|move|p1a: IdontHaveLeftovers|Flash Cannon|p2a: Magearna\n|-damage|p2a: Magearna|16\/100 par\n|move|p2a: Magearna|Draining Kiss|p1a: IdontHaveLeftovers\n|-damage|p1a: IdontHaveLeftovers|0 fnt\n|-heal|p2a: Magearna|41\/100 par|[from] drain|[of] p1a: IdontHaveLeftovers\n|faint|p1a: IdontHaveLeftovers\n|-ability|p2a: Magearna|Soul-Heart|boost\n|-boost|p2a: Magearna|spa|1\n|\n|-weather|none\n|upkeep\n|\n|t:|1699206196\n|switch|p1a: Angy Dugy|Arceus-Fighting, tera:Steel|88\/100\n|-damage|p1a: Angy Dugy|82\/100|[from] Stealth Rock\n|turn|55\n|\n|t:|1699206204\n|move|p1a: Angy Dugy|Cosmic Power|p1a: Angy Dugy\n|-boost|p1a: Angy Dugy|def|1\n|-boost|p1a: Angy Dugy|spd|1\n|move|p2a: Magearna|Eerie Impulse|p1a: Angy Dugy\n|-unboost|p1a: Angy Dugy|spa|2\n|\n|upkeep\n|turn|56\n|l| shinyjupiter37\n|\n|t:|1699206209\n|switch|p2a: Arceus|Arceus-Poison|64\/100\n|move|p1a: Angy Dugy|Cosmic Power|p1a: Angy Dugy\n|-boost|p1a: Angy Dugy|def|1\n|-boost|p1a: Angy Dugy|spd|1\n|\n|upkeep\n|turn|57\n|\n|t:|1699206214\n|move|p1a: Angy Dugy|Body Press|p2a: Arceus\n|-resisted|p2a: Arceus\n|-crit|p2a: Arceus\n|-damage|p2a: Arceus|31\/100\n|move|p2a: Arceus|Roar|p1a: Angy Dugy\n|drag|p1a: Ogerpon|Ogerpon, F|64\/100 brn\n|-damage|p1a: Ogerpon|52\/100 brn|[from] Stealth Rock\n|\n|-damage|p1a: Ogerpon|46\/100 brn|[from] brn\n|upkeep\n|turn|58\n|\n|t:|1699206222\n|move|p1a: Ogerpon|Ivy Cudgel|p2a: Arceus\n|-resisted|p2a: Arceus\n|-damage|p2a: Arceus|22\/100\n|move|p2a: Arceus|Recover|p2a: Arceus\n|-heal|p2a: Arceus|72\/100\n|\n|-damage|p1a: Ogerpon|40\/100 brn|[from] brn\n|upkeep\n|turn|59\n|\n|t:|1699206225\n|switch|p1a: Angy Dugy|Arceus-Fighting, tera:Steel|82\/100\n|-damage|p1a: Angy Dugy|76\/100|[from] Stealth Rock\n|move|p2a: Arceus|Judgment|p1a: Angy Dugy\n|-immune|p1a: Angy Dugy\n|\n|upkeep\n|turn|60\n|\n|t:|1699206229\n|switch|p1a: Ogerpon|Ogerpon, F|40\/100 brn\n|-damage|p1a: Ogerpon|27\/100 brn|[from] Stealth Rock\n|move|p2a: Arceus|Roar|p1a: Ogerpon\n|drag|p1a: Angy Dugy|Arceus-Fighting, tera:Steel|76\/100\n|-damage|p1a: Angy Dugy|70\/100|[from] Stealth Rock\n|\n|upkeep\n|turn|61\n|\n|t:|1699206233\n|move|p1a: Angy Dugy|Recover|p1a: Angy Dugy\n|-heal|p1a: Angy Dugy|100\/100\n|move|p2a: Arceus|Roar|p1a: Angy Dugy\n|drag|p1a: Ogerpon|Ogerpon, F|27\/100 brn\n|-damage|p1a: Ogerpon|15\/100 brn|[from] Stealth Rock\n|\n|-damage|p1a: Ogerpon|9\/100 brn|[from] brn\n|upkeep\n|turn|62\n|\n|t:|1699206237\n|move|p1a: Ogerpon|Knock Off|p2a: Arceus\n|-damage|p2a: Arceus|64\/100\n|move|p2a: Arceus|Judgment|p1a: Ogerpon\n|-supereffective|p1a: Ogerpon\n|-damage|p1a: Ogerpon|0 fnt\n|faint|p1a: Ogerpon\n|\n|upkeep\n|c|\u2606Leo Justice|g\n|\n|t:|1699206240\n|switch|p1a: Angy Dugy|Arceus-Fighting, tera:Steel|100\/100\n|-damage|p1a: Angy Dugy|94\/100|[from] Stealth Rock\n|turn|63\n|c|\u2606Leo Justice|gg\n|\n|t:|1699206244\n|move|p1a: Angy Dugy|Cosmic Power|p1a: Angy Dugy\n|-boost|p1a: Angy Dugy|def|1\n|-boost|p1a: Angy Dugy|spd|1\n|move|p2a: Arceus|Perish Song|p2a: Arceus\n|-start|p1a: Angy Dugy|perish3|[silent]\n|-start|p2a: Arceus|perish3|[silent]\n|-fieldactivate|move: Perish Song\n|\n|-start|p1a: Angy Dugy|perish3\n|-start|p2a: Arceus|perish3\n|upkeep\n|turn|64\n|c|\u2606ttkilla|dang gg\n|\n|t:|1699206254\n|switch|p2a: Cyclizar|Cyclizar, M|55\/100\n|move|p1a: Angy Dugy|Body Press|p2a: Cyclizar\n|-supereffective|p2a: Cyclizar\n|-crit|p2a: Cyclizar\n|-damage|p2a: Cyclizar|0 fnt\n|faint|p2a: Cyclizar\n|\n|-start|p1a: Angy Dugy|perish2\n|upkeep\n|\n|t:|1699206259\n|switch|p2a: Magearna|Magearna|41\/100 par\n|turn|65\n|\n|t:|1699206263\n|move|p1a: Angy Dugy|Body Press|p2a: Magearna\n|-damage|p2a: Magearna|0 fnt\n|faint|p2a: Magearna\n|\n|-start|p1a: Angy Dugy|perish1\n|upkeep\n|\n|t:|1699206270\n|switch|p2a: Blissey|Blissey, F|74\/100\n|turn|66\n|\n|t:|1699206272\n|move|p1a: Angy Dugy|Body Press|p2a: Blissey\n|-supereffective|p2a: Blissey\n|-damage|p2a: Blissey|0 fnt\n|faint|p2a: Blissey\n|\n|-start|p1a: Angy Dugy|perish0\n|upkeep\n|faint|p1a: Angy Dugy\n|\n|win|Leo Justice\n|l|\u2606ttkilla\n|j|\u2606ttkilla\n|player|p1|ttkilla|cameraman\n","uploadtime":1699206281,"views":11,"p1id":"ttkilla","p2id":"leojustice","formatid":"gen9ubers","rating":0,"private":0,"password":""}