{"id":"gen9ubers-1978694533","p1":"Hydro76226","p2":"SEUIf","format":"[Gen 9] Ubers","log":"|j|\u2606Hydro76226\n|j|\u2606SEUIf\n|t:|1698582774\n|gametype|singles\n|player|p1|Hydro76226|cyrus|1146\n|player|p2|SEUIf|ingo-hisui|1240\n|teamsize|p1|6\n|teamsize|p2|6\n|gen|9\n|tier|[Gen 9] Ubers\n|rated|\n|rule|Sleep Clause Mod: Limit one foe put to sleep\n|rule|Species Clause: Limit one of each Pok\u00e9mon\n|rule|OHKO Clause: OHKO moves are banned\n|rule|Evasion Items Clause: Evasion items are banned\n|rule|Evasion Moves Clause: Evasion moves are banned\n|rule|Endless Battle Clause: Forcing endless battles is banned\n|rule|HP Percentage Mod: HP is shown in percentages\n|clearpoke\n|poke|p1|Dragapult, M|\n|poke|p1|Regieleki|\n|poke|p1|Urshifu-*, M|\n|poke|p1|Rillaboom, M|\n|poke|p1|Chi-Yu|\n|poke|p1|Zacian-*|\n|poke|p2|Kingambit, F|\n|poke|p2|Miraidon|\n|poke|p2|Iron Bundle|\n|poke|p2|Ting-Lu|\n|poke|p2|Skeledirge, M|\n|poke|p2|Corviknight, F|\n|teampreview\n|\n|t:|1698582784\n|start\n|switch|p1a: Dragapult|Dragapult, M, shiny|100\/100\n|switch|p2a: Ting-Lu|Ting-Lu|100\/100\n|-ability|p2a: Ting-Lu|Vessel of Ruin\n|turn|1\n|\n|t:|1698582789\n|move|p1a: Dragapult|U-turn|p2a: Ting-Lu\n|-supereffective|p2a: Ting-Lu\n|-damage|p2a: Ting-Lu|64\/100\n|\n|t:|1698582797\n|switch|p1a: Zacian|Zacian-Crowned|100\/100|[from] U-turn\n|-ability|p1a: Zacian|Intrepid Sword|boost\n|-boost|p1a: Zacian|atk|1\n|move|p2a: Ting-Lu|Whirlwind|p1a: Zacian\n|drag|p1a: Chi-Yu|Chi-Yu|100\/100\n|-ability|p1a: Chi-Yu|Beads of Ruin\n|\n|-heal|p2a: Ting-Lu|70\/100|[from] item: Leftovers\n|upkeep\n|turn|2\n|\n|t:|1698582814\n|switch|p1a: Zacian|Zacian-Crowned|100\/100\n|move|p2a: Ting-Lu|Stealth Rock|p1a: Zacian\n|-sidestart|p1: Hydro76226|move: Stealth Rock\n|\n|-heal|p2a: Ting-Lu|76\/100|[from] item: Leftovers\n|upkeep\n|turn|3\n|\n|t:|1698582820\n|switch|p2a: Corviknight|Corviknight, F|100\/100\n|-ability|p2a: Corviknight|Pressure\n|move|p1a: Zacian|Play Rough|p2a: Corviknight\n|-resisted|p2a: Corviknight\n|-damage|p2a: Corviknight|84\/100\n|\n|-heal|p2a: Corviknight|90\/100|[from] item: Leftovers\n|upkeep\n|turn|4\n|\n|t:|1698582831\n|move|p1a: Zacian|Behemoth Blade|p2a: Corviknight\n|-resisted|p2a: Corviknight\n|-damage|p2a: Corviknight|70\/100\n|move|p2a: Corviknight|U-turn|p1a: Zacian\n|-resisted|p1a: Zacian\n|-damage|p1a: Zacian|97\/100\n|\n|t:|1698582836\n|switch|p2a: Skeledirge|Skeledirge, M|100\/100|[from] U-turn\n|\n|upkeep\n|turn|5\n|\n|t:|1698582840\n|-terastallize|p1a: Zacian|Ground\n|move|p1a: Zacian|Swords Dance|p1a: Zacian\n|-boost|p1a: Zacian|atk|2\n|move|p2a: Skeledirge|Will-O-Wisp|p1a: Zacian\n|-status|p1a: Zacian|brn\n|\n|-damage|p1a: Zacian|91\/100 brn|[from] brn\n|upkeep\n|turn|6\n|\n|t:|1698582848\n|switch|p2a: Corviknight|Corviknight, F|70\/100\n|-ability|p2a: Corviknight|Pressure\n|move|p1a: Zacian|Tera Blast|p2a: Corviknight|[anim] Tera Blast Ground\n|-immune|p2a: Corviknight\n|\n|-heal|p2a: Corviknight|76\/100|[from] item: Leftovers\n|-damage|p1a: Zacian|85\/100 brn|[from] brn\n|upkeep\n|turn|7\n|inactive|Battle timer is ON: inactive players will automatically lose when time's up. (requested by Hydro76226)\n|\n|t:|1698582865\n|move|p1a: Zacian|Behemoth Blade|p2a: Corviknight\n|-resisted|p2a: Corviknight\n|-damage|p2a: Corviknight|59\/100\n|move|p2a: Corviknight|Body Press|p1a: Zacian\n|-damage|p1a: Zacian|61\/100 brn\n|\n|-heal|p2a: Corviknight|65\/100|[from] item: Leftovers\n|-damage|p1a: Zacian|55\/100 brn|[from] brn\n|upkeep\n|turn|8\n|\n|t:|1698582874\n|move|p1a: Zacian|Behemoth Blade|p2a: Corviknight\n|-resisted|p2a: Corviknight\n|-damage|p2a: Corviknight|48\/100\n|move|p2a: Corviknight|Roost|p2a: Corviknight\n|-heal|p2a: Corviknight|98\/100\n|-singleturn|p2a: Corviknight|move: Roost\n|\n|-heal|p2a: Corviknight|100\/100|[from] item: Leftovers\n|-damage|p1a: Zacian|48\/100 brn|[from] brn\n|upkeep\n|turn|9\n|\n|t:|1698582879\n|switch|p1a: Regieleki|Regieleki|100\/100\n|-damage|p1a: Regieleki|88\/100|[from] Stealth Rock\n|move|p2a: Corviknight|Body Press|p1a: Regieleki\n|-damage|p1a: Regieleki|43\/100\n|\n|upkeep\n|turn|10\n|\n|t:|1698582885\n|switch|p2a: Ting-Lu|Ting-Lu|76\/100\n|-ability|p2a: Ting-Lu|Vessel of Ruin\n|move|p1a: Regieleki|Thunderbolt|p2a: Ting-Lu\n|-immune|p2a: Ting-Lu\n|\n|-heal|p2a: Ting-Lu|83\/100|[from] item: Leftovers\n|upkeep\n|turn|11\n|-message|Hydro76226 forfeited.\n|\n|win|SEUIf\n|raw|Hydro76226's rating: 1146 &rarr; <strong>1128<\/strong><br \/>(-18 for losing)\n|raw|SEUIf's rating: 1240 &rarr; <strong>1258<\/strong><br \/>(+18 for winning)\n|l|\u2606Hydro76226\n","uploadtime":1698582895,"views":11,"p1id":"hydro76226","p2id":"seuif","formatid":"gen9ubers","rating":1128,"private":0,"password":""}