{"id":"gen9ubers-1987648379","p1":"SilverSlime","p2":"ExplodingKirb","format":"[Gen 9] Ubers","log":"|j|\u2606SilverSlime\n|j|\u2606ExplodingKirb\n|t:|1699623782\n|gametype|singles\n|player|p1|SilverSlime|larry|\n|player|p2|ExplodingKirb|riley|\n|teamsize|p1|6\n|teamsize|p2|6\n|gen|9\n|tier|[Gen 9] Ubers\n|rule|Sleep Clause Mod: Limit one foe put to sleep\n|rule|Species Clause: Limit one of each Pok\u00e9mon\n|rule|OHKO Clause: OHKO moves are banned\n|rule|Evasion Items Clause: Evasion items are banned\n|rule|Evasion Moves Clause: Evasion moves are banned\n|rule|Endless Battle Clause: Forcing endless battles is banned\n|rule|HP Percentage Mod: HP is shown in percentages\n|clearpoke\n|poke|p1|Politoed, M|\n|poke|p1|Barraskewda, F|\n|poke|p1|Basculegion, M|\n|poke|p1|Kingambit, M|\n|poke|p1|Ludicolo, M|\n|poke|p1|Ursaluna-Bloodmoon, M|\n|poke|p2|Ogerpon-Hearthflame, F|\n|poke|p2|Staraptor, F|\n|poke|p2|Kommo-o, F|\n|poke|p2|Clefable, M|\n|poke|p2|Kingambit, M|\n|poke|p2|Mamoswine, F|\n|teampreview\n|inactive|Battle timer is ON: inactive players will automatically lose when time's up. (requested by SilverSlime)\n|\n|t:|1699623795\n|start\n|switch|p1a: Politoed|Politoed, M|100\/100\n|switch|p2a: Ogerpon|Ogerpon-Hearthflame, F|100\/100\n|-ability|p2a: Ogerpon|Mold Breaker\n|-weather|RainDance|[from] ability: Drizzle|[of] p1a: Politoed\n|turn|1\n|\n|t:|1699623818\n|switch|p1a: Ludicolo|Ludicolo, M|100\/100\n|move|p2a: Ogerpon|Trailblaze|p1a: Ludicolo\n|-damage|p1a: Ludicolo|65\/100\n|-boost|p2a: Ogerpon|spe|1\n|\n|-weather|RainDance|[upkeep]\n|upkeep\n|turn|2\n|\n|t:|1699623836\n|-terastallize|p1a: Ludicolo|Flying\n|move|p2a: Ogerpon|Trailblaze|p1a: Ludicolo\n|-resisted|p1a: Ludicolo\n|-damage|p1a: Ludicolo|45\/100\n|-boost|p2a: Ogerpon|spe|1\n|move|p1a: Ludicolo|Weather Ball|p2a: Ogerpon\n|-damage|p2a: Ogerpon|18\/100\n|-damage|p1a: Ludicolo|35\/100|[from] item: Life Orb\n|\n|-weather|RainDance|[upkeep]\n|upkeep\n|turn|3\n|\n|t:|1699623844\n|move|p2a: Ogerpon|Ivy Cudgel|p1a: Ludicolo\n|-crit|p1a: Ludicolo\n|-damage|p1a: Ludicolo|0 fnt\n|faint|p1a: Ludicolo\n|\n|-weather|RainDance|[upkeep]\n|upkeep\n|\n|t:|1699623849\n|switch|p1a: Barraskewda|Barraskewda, F|100\/100\n|turn|4\n|\n|t:|1699623853\n|move|p1a: Barraskewda|Flip Turn|p2a: Ogerpon\n|-damage|p2a: Ogerpon|0 fnt\n|faint|p2a: Ogerpon\n|\n|t:|1699623857\n|switch|p1a: Basculegion|Basculegion, M|100\/100|[from] Flip Turn\n|\n|-weather|RainDance|[upkeep]\n|upkeep\n|c|\u2606SilverSlime|Uber down\n|\n|t:|1699623861\n|switch|p2a: Staraptor|Staraptor, F|100\/100\n|turn|5\n|\n|t:|1699623877\n|move|p1a: Basculegion|Flip Turn|p2a: Staraptor\n|-damage|p2a: Staraptor|8\/100\n|-damage|p1a: Basculegion|91\/100|[from] item: Life Orb\n|\n|t:|1699623883\n|switch|p1a: Ursaluna|Ursaluna-Bloodmoon, M|100\/100|[from] Flip Turn\n|move|p2a: Staraptor|Brave Bird|p1a: Ursaluna\n|-damage|p1a: Ursaluna|52\/100\n|-damage|p2a: Staraptor|0 fnt|[from] Recoil\n|faint|p2a: Staraptor\n|\n|-weather|RainDance|[upkeep]\n|upkeep\n|\n|t:|1699623891\n|switch|p2a: Mamoswine|Mamoswine, F|100\/100\n|turn|6\n|\n|t:|1699623896\n|move|p1a: Ursaluna|Vacuum Wave|p2a: Mamoswine\n|-supereffective|p2a: Mamoswine\n|-damage|p2a: Mamoswine|52\/100\n|move|p2a: Mamoswine|Trailblaze|p1a: Ursaluna\n|-supereffective|p1a: Ursaluna\n|-damage|p1a: Ursaluna|25\/100\n|-boost|p2a: Mamoswine|spe|1\n|\n|-weather|RainDance|[upkeep]\n|upkeep\n|turn|7\n|\n|t:|1699623901\n|move|p2a: Mamoswine|Ice Shard|p1a: Ursaluna\n|-supereffective|p1a: Ursaluna\n|-damage|p1a: Ursaluna|0 fnt\n|faint|p1a: Ursaluna\n|\n|-weather|RainDance|[upkeep]\n|upkeep\n|\n|t:|1699623904\n|switch|p1a: Barraskewda|Barraskewda, F|100\/100\n|turn|8\n|\n|t:|1699623912\n|-terastallize|p2a: Mamoswine|Grass\n|move|p1a: Barraskewda|Aqua Jet|p2a: Mamoswine\n|-resisted|p2a: Mamoswine\n|-damage|p2a: Mamoswine|27\/100\n|move|p2a: Mamoswine|Trailblaze|p1a: Barraskewda\n|-supereffective|p1a: Barraskewda\n|-crit|p1a: Barraskewda\n|-damage|p1a: Barraskewda|0 fnt\n|-boost|p2a: Mamoswine|spe|1\n|faint|p1a: Barraskewda\n|\n|-weather|none\n|upkeep\n|\n|t:|1699623917\n|switch|p1a: Politoed|Politoed, M|100\/100\n|-weather|RainDance|[from] ability: Drizzle|[of] p1a: Politoed\n|turn|9\n|\n|t:|1699623925\n|move|p2a: Mamoswine|Trailblaze|p1a: Politoed\n|-supereffective|p1a: Politoed\n|-damage|p1a: Politoed|19\/100\n|-boost|p2a: Mamoswine|spe|1\n|move|p1a: Politoed|Surf|p2a: Mamoswine\n|-resisted|p2a: Mamoswine\n|-damage|p2a: Mamoswine|7\/100\n|\n|-weather|RainDance|[upkeep]\n|upkeep\n|turn|10\n|\n|t:|1699623937\n|switch|p1a: Kingambit|Kingambit, M|100\/100\n|-activate|p1a: Kingambit|ability: Supreme Overlord\n|-start|p1a: Kingambit|fallen3|[silent]\n|move|p2a: Mamoswine|Trailblaze|p1a: Kingambit\n|-resisted|p1a: Kingambit\n|-damage|p1a: Kingambit|87\/100\n|-boost|p2a: Mamoswine|spe|1\n|\n|-weather|RainDance|[upkeep]\n|upkeep\n|turn|11\n|\n|t:|1699623943\n|move|p1a: Kingambit|Sucker Punch|p2a: Mamoswine\n|-damage|p2a: Mamoswine|0 fnt\n|faint|p2a: Mamoswine\n|\n|-weather|RainDance|[upkeep]\n|upkeep\n|\n|t:|1699623949\n|switch|p2a: Kommo-o|Kommo-o, F|100\/100\n|turn|12\n|\n|t:|1699623953\n|move|p2a: Kommo-o|Substitute|p2a: Kommo-o\n|-start|p2a: Kommo-o|Substitute\n|-damage|p2a: Kommo-o|76\/100\n|move|p1a: Kingambit|Iron Head|p2a: Kommo-o\n|-end|p2a: Kommo-o|Substitute\n|\n|-weather|RainDance|[upkeep]\n|upkeep\n|turn|13\n|\n|t:|1699623957\n|move|p2a: Kommo-o|Body Press|p1a: Kingambit\n|-supereffective|p1a: Kingambit\n|-damage|p1a: Kingambit|0 fnt\n|faint|p1a: Kingambit\n|-end|p1a: Kingambit|fallen3|[silent]\n|\n|-weather|RainDance|[upkeep]\n|upkeep\n|\n|t:|1699623959\n|switch|p1a: Basculegion|Basculegion, M|91\/100\n|turn|14\n|\n|t:|1699623965\n|switch|p2a: Kingambit|Kingambit, M|100\/100\n|-activate|p2a: Kingambit|ability: Supreme Overlord\n|-start|p2a: Kingambit|fallen3|[silent]\n|move|p1a: Basculegion|Last Respects|p2a: Kingambit\n|-resisted|p2a: Kingambit\n|-damage|p2a: Kingambit|45\/100\n|-damage|p1a: Basculegion|81\/100|[from] item: Life Orb\n|\n|-weather|RainDance|[upkeep]\n|upkeep\n|turn|15\n|\n|t:|1699623970\n|move|p1a: Basculegion|Aqua Jet|p2a: Kingambit\n|-damage|p2a: Kingambit|15\/100\n|-damage|p1a: Basculegion|71\/100|[from] item: Life Orb\n|move|p2a: Kingambit|Sucker Punch||[still]\n|-fail|p2a: Kingambit\n|\n|-weather|RainDance|[upkeep]\n|upkeep\n|turn|16\n|\n|t:|1699623978\n|-end|p2a: Kingambit|fallen3|[silent]\n|switch|p2a: Kommo-o|Kommo-o, F|76\/100\n|move|p1a: Basculegion|Aqua Jet|p2a: Kommo-o\n|-resisted|p2a: Kommo-o\n|-damage|p2a: Kommo-o|60\/100\n|-damage|p1a: Basculegion|61\/100|[from] item: Life Orb\n|\n|-weather|none\n|upkeep\n|turn|17\n|\n|t:|1699623987\n|switch|p1a: Politoed|Politoed, M|19\/100\n|-weather|RainDance|[from] ability: Drizzle|[of] p1a: Politoed\n|move|p2a: Kommo-o|Iron Head|p1a: Politoed\n|-resisted|p1a: Politoed\n|-damage|p1a: Politoed|5\/100\n|\n|-weather|RainDance|[upkeep]\n|upkeep\n|turn|18\n|\n|t:|1699623990\n|move|p2a: Kommo-o|Iron Defense|p2a: Kommo-o\n|-boost|p2a: Kommo-o|def|2\n|move|p1a: Politoed|Perish Song|p1a: Politoed\n|-start|p1a: Politoed|perish3|[silent]\n|-start|p2a: Kommo-o|perish3|[silent]\n|-fieldactivate|move: Perish Song\n|\n|-weather|RainDance|[upkeep]\n|-start|p2a: Kommo-o|perish3\n|-start|p1a: Politoed|perish3\n|upkeep\n|turn|19\n|\n|t:|1699623994\n|move|p2a: Kommo-o|Body Press|p1a: Politoed\n|-damage|p1a: Politoed|0 fnt\n|faint|p1a: Politoed\n|\n|-weather|RainDance|[upkeep]\n|-start|p2a: Kommo-o|perish2\n|upkeep\n|\n|t:|1699623996\n|switch|p1a: Basculegion|Basculegion, M|61\/100\n|turn|20\n|\n|t:|1699624001\n|move|p1a: Basculegion|Last Respects|p2a: Kommo-o\n|-damage|p2a: Kommo-o|0 fnt\n|faint|p2a: Kommo-o\n|-damage|p1a: Basculegion|51\/100|[from] item: Life Orb\n|\n|-weather|RainDance|[upkeep]\n|upkeep\n|\n|t:|1699624004\n|switch|p2a: Clefable|Clefable, M|100\/100\n|turn|21\n|\n|t:|1699624007\n|move|p1a: Basculegion|Last Respects|p2a: Clefable\n|-damage|p2a: Clefable|0 fnt\n|faint|p2a: Clefable\n|-damage|p1a: Basculegion|41\/100|[from] item: Life Orb\n|\n|-weather|RainDance|[upkeep]\n|upkeep\n|\n|t:|1699624009\n|switch|p2a: Kingambit|Kingambit, M|15\/100\n|-activate|p2a: Kingambit|ability: Supreme Overlord\n|-start|p2a: Kingambit|fallen5|[silent]\n|turn|22\n|c|\u2606SilverSlime|Phew\n|\n|t:|1699624014\n|move|p1a: Basculegion|Aqua Jet|p2a: Kingambit\n|-damage|p2a: Kingambit|0 fnt\n|faint|p2a: Kingambit\n|-end|p2a: Kingambit|fallen5|[silent]\n|-damage|p1a: Basculegion|31\/100|[from] item: Life Orb\n|\n|win|SilverSlime\n","uploadtime":1699624019,"views":22,"p1id":"silverslime","p2id":"explodingkirb","formatid":"gen9ubers","rating":0,"private":0,"password":""}