{"id":"gen9ubers-1976176957","p1":"efwin2763","p2":"Vazquez 2.0","format":"[Gen 9] Ubers","log":"|j|\u2606efwin2763\n|j|\u2606Vazquez 2.0\n|t:|1698270674\n|gametype|singles\n|player|p1|efwin2763|ghetsis-gen5bw|\n|player|p2|Vazquez 2.0|gardenia|\n|teamsize|p1|6\n|teamsize|p2|6\n|gen|9\n|tier|[Gen 9] Ubers\n|rule|Sleep Clause Mod: Limit one foe put to sleep\n|rule|Species Clause: Limit one of each Pok\u00e9mon\n|rule|OHKO Clause: OHKO moves are banned\n|rule|Evasion Items Clause: Evasion items are banned\n|rule|Evasion Moves Clause: Evasion moves are banned\n|rule|Endless Battle Clause: Forcing endless battles is banned\n|rule|HP Percentage Mod: HP is shown in percentages\n|clearpoke\n|poke|p1|Tyranitar, F|\n|poke|p1|Landorus, M|\n|poke|p1|Ogerpon-Wellspring, F|\n|poke|p1|Zamazenta-*|\n|poke|p1|Ursaluna-Bloodmoon, M|\n|poke|p1|Houndstone, F|\n|poke|p2|Magearna|\n|poke|p2|Volcarona, F|\n|poke|p2|Dondozo, M|\n|poke|p2|Gliscor, M|\n|poke|p2|Shaymin-Sky|\n|poke|p2|Roaring Moon|\n|teampreview\n|inactive|Battle timer is ON: inactive players will automatically lose when time's up. (requested by efwin2763)\n|c|\u2606efwin2763|damn dondozo\n|\n|t:|1698270699\n|start\n|switch|p1a: landlord|Landorus, M|100\/100\n|switch|p2a: Magearna|Magearna|100\/100\n|turn|1\n|c|\u2606efwin2763|i fucking hate it in uubers\n|\n|t:|1698270711\n|-terastallize|p2a: Magearna|Flying\n|move|p1a: landlord|Nasty Plot|p1a: landlord\n|-boost|p1a: landlord|spa|2\n|move|p2a: Magearna|Ice Beam|p1a: landlord\n|-supereffective|p1a: landlord\n|-damage|p1a: landlord|0 fnt\n|faint|p1a: landlord\n|-ability|p2a: Magearna|Soul-Heart|boost\n|-boost|p2a: Magearna|spa|1\n|\n|upkeep\n|\n|t:|1698270724\n|switch|p1a: sand caller|Tyranitar, F|100\/100\n|-weather|Sandstorm|[from] ability: Sand Stream|[of] p1a: sand caller\n|turn|2\n|\n|t:|1698270726\n|move|p1a: sand caller|Rock Blast|p2a: Magearna\n|-supereffective|p2a: Magearna\n|-damage|p2a: Magearna|81\/100\n|-supereffective|p2a: Magearna\n|-damage|p2a: Magearna|62\/100\n|-supereffective|p2a: Magearna\n|-damage|p2a: Magearna|42\/100\n|-hitcount|p2a: Magearna|3\n|move|p2a: Magearna|Fleur Cannon|p1a: sand caller\n|-supereffective|p1a: sand caller\n|-damage|p1a: sand caller|5\/100\n|-unboost|p2a: Magearna|spa|2\n|\n|-weather|Sandstorm|[upkeep]\n|-damage|p2a: Magearna|36\/100|[from] Sandstorm\n|-heal|p2a: Magearna|42\/100|[from] item: Leftovers\n|upkeep\n|turn|3\n|\n|t:|1698270735\n|switch|p2a: Gliscor|Gliscor, M, shiny|100\/100\n|move|p1a: sand caller|Rock Blast|p2a: Gliscor\n|-damage|p2a: Gliscor|90\/100\n|-damage|p2a: Gliscor|79\/100\n|-hitcount|p2a: Gliscor|2\n|\n|-weather|Sandstorm|[upkeep]\n|-status|p2a: Gliscor|tox|[from] item: Toxic Orb\n|upkeep\n|turn|4\n|\n|t:|1698270738\n|move|p2a: Gliscor|Spikes|p1a: sand caller\n|-sidestart|p1: efwin2763|Spikes\n|move|p1a: sand caller|Rock Blast|p2a: Gliscor\n|-damage|p2a: Gliscor|67\/100 tox\n|-damage|p2a: Gliscor|57\/100 tox\n|-damage|p2a: Gliscor|45\/100 tox\n|-damage|p2a: Gliscor|33\/100 tox\n|-damage|p2a: Gliscor|23\/100 tox\n|-hitcount|p2a: Gliscor|5\n|\n|-weather|Sandstorm|[upkeep]\n|-heal|p2a: Gliscor|36\/100 tox|[from] ability: Poison Heal\n|upkeep\n|turn|5\n|\n|t:|1698270744\n|move|p2a: Gliscor|U-turn|p1a: sand caller\n|-supereffective|p1a: sand caller\n|-damage|p1a: sand caller|0 fnt\n|faint|p1a: sand caller\n|c|\u2606efwin2763|well fuck\n|\n|t:|1698270749\n|switch|p2a: Magearna|Magearna, tera:Flying|42\/100|[from] U-turn\n|\n|-weather|Sandstorm|[upkeep]\n|-damage|p2a: Magearna|36\/100|[from] Sandstorm\n|-heal|p2a: Magearna|42\/100|[from] item: Leftovers\n|upkeep\n|\n|t:|1698270754\n|switch|p1a: woof|Houndstone, F|100\/100\n|turn|6\n|\n|t:|1698270760\n|move|p1a: woof|Last Respects|p2a: Magearna\n|-damage|p2a: Magearna|0 fnt\n|faint|p2a: Magearna\n|\n|-weather|Sandstorm|[upkeep]\n|upkeep\n|\n|t:|1698270762\n|switch|p2a: Dondozo|Dondozo, M, shiny|100\/100\n|turn|7\n|\n|t:|1698270771\n|-terastallize|p1a: woof|Ghost\n|move|p1a: woof|Last Respects|p2a: Dondozo\n|-damage|p2a: Dondozo|60\/100\n|move|p2a: Dondozo|Earthquake|p1a: woof\n|-damage|p1a: woof|73\/100\n|\n|-weather|Sandstorm|[upkeep]\n|-damage|p2a: Dondozo|54\/100|[from] Sandstorm\n|upkeep\n|turn|8\n|\n|t:|1698270777\n|move|p1a: woof|Last Respects|p2a: Dondozo\n|-damage|p2a: Dondozo|15\/100\n|move|p2a: Dondozo|Earthquake|p1a: woof\n|-damage|p1a: woof|45\/100\n|\n|-weather|Sandstorm|[upkeep]\n|-damage|p2a: Dondozo|9\/100|[from] Sandstorm\n|upkeep\n|turn|9\n|\n|t:|1698270780\n|move|p1a: woof|Last Respects|p2a: Dondozo\n|-damage|p2a: Dondozo|0 fnt\n|faint|p2a: Dondozo\n|\n|-weather|none\n|upkeep\n|\n|t:|1698270792\n|switch|p2a: Roaring Moon|Roaring Moon|100\/100\n|-enditem|p2a: Roaring Moon|Booster Energy\n|-activate|p2a: Roaring Moon|ability: Protosynthesis|[fromitem]\n|-start|p2a: Roaring Moon|protosynthesisatk\n|turn|10\n|\n|t:|1698270795\n|move|p2a: Roaring Moon|Crunch|p1a: woof\n|-supereffective|p1a: woof\n|-damage|p1a: woof|0 fnt\n|faint|p1a: woof\n|\n|upkeep\n|\n|t:|1698270798\n|switch|p1a: shield doggo|Zamazenta-Crowned|100\/100\n|-damage|p1a: shield doggo|88\/100|[from] Spikes\n|-ability|p1a: shield doggo|Dauntless Shield|boost\n|-boost|p1a: shield doggo|def|1\n|turn|11\n|\n|t:|1698270811\n|-end|p2a: Roaring Moon|Protosynthesis|[silent]\n|switch|p2a: Volcarona|Volcarona, F, shiny|100\/100\n|move|p1a: shield doggo|Iron Defense|p1a: shield doggo\n|-boost|p1a: shield doggo|def|2\n|\n|upkeep\n|turn|12\n|\n|t:|1698270818\n|move|p1a: shield doggo|Body Press|p2a: Volcarona\n|-resisted|p2a: Volcarona\n|-damage|p2a: Volcarona|46\/100\n|move|p2a: Volcarona|Quiver Dance|p2a: Volcarona\n|-boost|p2a: Volcarona|spa|1\n|-boost|p2a: Volcarona|spd|1\n|-boost|p2a: Volcarona|spe|1\n|\n|upkeep\n|turn|13\n|\n|t:|1698270823\n|move|p1a: shield doggo|Body Press|p2a: Volcarona\n|-resisted|p2a: Volcarona\n|-damage|p2a: Volcarona|0 fnt\n|faint|p2a: Volcarona\n|\n|upkeep\n|\n|t:|1698270840\n|switch|p2a: Gliscor|Gliscor, M, shiny|36\/100 tox\n|turn|14\n|\n|t:|1698270842\n|move|p1a: shield doggo|Behemoth Bash|p2a: Gliscor\n|-damage|p2a: Gliscor|0 fnt\n|faint|p2a: Gliscor\n|\n|upkeep\n|\n|t:|1698270846\n|switch|p2a: Shaymin|Shaymin-Sky, shiny|100\/100\n|turn|15\n|\n|t:|1698270853\n|move|p1a: shield doggo|Behemoth Bash|p2a: Shaymin\n|-damage|p2a: Shaymin|51\/100\n|move|p2a: Shaymin|Seed Flare|p1a: shield doggo\n|-resisted|p1a: shield doggo\n|-damage|p1a: shield doggo|68\/100\n|-unboost|p1a: shield doggo|spd|2\n|\n|upkeep\n|turn|16\n|\n|t:|1698270859\n|move|p1a: shield doggo|Behemoth Bash|p2a: Shaymin\n|-damage|p2a: Shaymin|0 fnt\n|faint|p2a: Shaymin\n|\n|upkeep\n|\n|t:|1698270863\n|switch|p2a: Roaring Moon|Roaring Moon|100\/100\n|turn|17\n|\n|t:|1698270866\n|move|p1a: shield doggo|Body Press|p2a: Roaring Moon\n|-supereffective|p2a: Roaring Moon\n|-damage|p2a: Roaring Moon|0 fnt\n|faint|p2a: Roaring Moon\n|-end|p2a: Roaring Moon|Protosynthesis|[silent]\n|\n|win|efwin2763\n|c|\u2606Vazquez 2.0|gg\n|c|\u2606efwin2763|game 3\n|l|\u2606efwin2763\n|l|\u2606Vazquez 2.0\n|j|\u2606Vazquez 2.0\n|player|p2|Vazquez 2.0|gardenia\n","uploadtime":1698271158,"views":25,"p1id":"efwin2763","p2id":"vazquez20","formatid":"gen9ubers","rating":0,"private":0,"password":""}