{"id":"gen9ubers-1988961832","p1":"JamboreeJourney","p2":"Dilon baby","format":"[Gen 9] Ubers","log":"|j|\u2606JamboreeJourney\n|j|\u2606Dilon baby\n|t:|1699795090\n|gametype|singles\n|player|p1|JamboreeJourney|parasollady-gen4|\n|player|p2|Dilon baby|fantina|\n|teamsize|p1|6\n|teamsize|p2|6\n|gen|9\n|tier|[Gen 9] Ubers\n|rule|Sleep Clause Mod: Limit one foe put to sleep\n|rule|Species Clause: Limit one of each Pok\u00e9mon\n|rule|OHKO Clause: OHKO moves are banned\n|rule|Evasion Items Clause: Evasion items are banned\n|rule|Evasion Moves Clause: Evasion moves are banned\n|rule|Endless Battle Clause: Forcing endless battles is banned\n|rule|HP Percentage Mod: HP is shown in percentages\n|clearpoke\n|poke|p1|Koraidon|\n|poke|p1|Arceus|\n|poke|p1|Kyogre|\n|poke|p1|Skeledirge, M|\n|poke|p1|Gliscor, M|\n|poke|p1|Flutter Mane|\n|poke|p2|Ting-Lu|\n|poke|p2|Koraidon|\n|poke|p2|Toxapex, F|\n|poke|p2|Flutter Mane|\n|poke|p2|Arceus-Ground|\n|poke|p2|Miraidon|\n|teampreview\n|inactive|Battle timer is ON: inactive players will automatically lose when time's up. (requested by Dilon baby)\n|c|\u2606JamboreeJourney|gl hf\n|c|\u2606Dilon baby|u2\n|\n|t:|1699795114\n|start\n|switch|p1a: Gliscor|Gliscor, M|100\/100\n|switch|p2a: Koraidon|Koraidon|100\/100\n|-weather|SunnyDay|[from] ability: Orichalcum Pulse|[of] p2a: Koraidon\n|-activate|p2a: Koraidon|Orichalcum Pulse|[source]\n|turn|1\n|\n|t:|1699795124\n|move|p2a: Koraidon|Flare Blitz|p1a: Gliscor\n|-damage|p1a: Gliscor|27\/100\n|-damage|p2a: Koraidon|76\/100|[from] Recoil\n|move|p1a: Gliscor|Spikes|p2a: Koraidon\n|-sidestart|p2: Dilon baby|Spikes\n|\n|-weather|SunnyDay|[upkeep]\n|-status|p1a: Gliscor|tox|[from] item: Toxic Orb\n|upkeep\n|turn|2\n|\n|t:|1699795139\n|switch|p2a: Miraidon|Miraidon|100\/100\n|-damage|p2a: Miraidon|88\/100|[from] Spikes\n|-fieldstart|move: Electric Terrain|[from] ability: Hadron Engine|[of] p2a: Miraidon\n|move|p1a: Gliscor|Protect||[still]\n|-fail|p1a: Gliscor\n|\n|-weather|SunnyDay|[upkeep]\n|-heal|p2a: Miraidon|94\/100|[from] item: Leftovers\n|-heal|p1a: Gliscor|40\/100 tox|[from] ability: Poison Heal\n|upkeep\n|turn|3\n|\n|t:|1699795155\n|switch|p1a: Flutter Mane|Flutter Mane|100\/100\n|-activate|p1a: Flutter Mane|ability: Protosynthesis\n|-start|p1a: Flutter Mane|protosynthesisspe\n|move|p2a: Miraidon|Dazzling Gleam|p1a: Flutter Mane\n|-damage|p1a: Flutter Mane|53\/100\n|\n|-weather|SunnyDay|[upkeep]\n|-heal|p2a: Miraidon|100\/100|[from] item: Leftovers\n|upkeep\n|turn|4\n|\n|t:|1699795164\n|move|p1a: Flutter Mane|Psyshock|p2a: Miraidon\n|-damage|p2a: Miraidon|61\/100\n|move|p2a: Miraidon|Electro Drift|p1a: Flutter Mane\n|-damage|p1a: Flutter Mane|0 fnt\n|faint|p1a: Flutter Mane\n|-end|p1a: Flutter Mane|Protosynthesis|[silent]\n|\n|-weather|SunnyDay|[upkeep]\n|-heal|p2a: Miraidon|67\/100|[from] item: Leftovers\n|upkeep\n|\n|t:|1699795170\n|switch|p1a: Koraidon|Koraidon|100\/100\n|-activate|p1a: Koraidon|ability: Orichalcum Pulse\n|turn|5\n|\n|t:|1699795177\n|switch|p2a: Toxapex|Toxapex, F|100\/100\n|-damage|p2a: Toxapex|88\/100|[from] Spikes\n|move|p1a: Koraidon|Dragon Claw|p2a: Toxapex\n|-crit|p2a: Toxapex\n|-damage|p2a: Toxapex|37\/100\n|-damage|p1a: Koraidon|84\/100|[from] item: Rocky Helmet|[of] p2a: Toxapex\n|\n|-weather|none\n|upkeep\n|turn|6\n|\n|t:|1699795188\n|switch|p1a: Gliscor|Gliscor, M|40\/100 tox\n|switch|p2a: Flutter Mane|Flutter Mane|100\/100\n|-damage|p2a: Flutter Mane|88\/100|[from] Spikes\n|\n|-heal|p1a: Gliscor|52\/100 tox|[from] ability: Poison Heal\n|-fieldend|move: Electric Terrain\n|upkeep\n|turn|7\n|\n|t:|1699795203\n|move|p1a: Gliscor|Protect|p1a: Gliscor\n|-singleturn|p1a: Gliscor|Protect\n|move|p2a: Flutter Mane|Moonblast|p1a: Gliscor\n|-activate|p1a: Gliscor|move: Protect\n|\n|-heal|p1a: Gliscor|65\/100 tox|[from] ability: Poison Heal\n|upkeep\n|turn|8\n|\n|t:|1699795208\n|move|p2a: Flutter Mane|Moonblast|p1a: Gliscor\n|-damage|p1a: Gliscor|3\/100 tox\n|-unboost|p1a: Gliscor|spa|1\n|move|p1a: Gliscor|Earthquake|p2a: Flutter Mane\n|-damage|p2a: Flutter Mane|13\/100\n|\n|-heal|p1a: Gliscor|15\/100 tox|[from] ability: Poison Heal\n|upkeep\n|turn|9\n|\n|t:|1699795215\n|move|p1a: Gliscor|Protect|p1a: Gliscor\n|-singleturn|p1a: Gliscor|Protect\n|move|p2a: Flutter Mane|Moonblast|p1a: Gliscor\n|-activate|p1a: Gliscor|move: Protect\n|\n|-heal|p1a: Gliscor|28\/100 tox|[from] ability: Poison Heal\n|upkeep\n|turn|10\n|\n|t:|1699795220\n|switch|p1a: Skeledirge|Skeledirge, M|100\/100\n|move|p2a: Flutter Mane|Moonblast|p1a: Skeledirge\n|-resisted|p1a: Skeledirge\n|-damage|p1a: Skeledirge|58\/100\n|\n|upkeep\n|turn|11\n|\n|t:|1699795227\n|move|p2a: Flutter Mane|Moonblast|p1a: Skeledirge\n|-resisted|p1a: Skeledirge\n|-damage|p1a: Skeledirge|18\/100\n|move|p1a: Skeledirge|Slack Off|p1a: Skeledirge\n|-heal|p1a: Skeledirge|68\/100\n|\n|upkeep\n|turn|12\n|\n|t:|1699795240\n|-end|p2a: Flutter Mane|Protosynthesis|[silent]\n|switch|p2a: Ting-Lu|Ting-Lu|100\/100\n|-damage|p2a: Ting-Lu|88\/100|[from] Spikes\n|-ability|p2a: Ting-Lu|Vessel of Ruin\n|move|p1a: Skeledirge|Slack Off|p1a: Skeledirge\n|-heal|p1a: Skeledirge|100\/100\n|\n|-heal|p2a: Ting-Lu|94\/100|[from] item: Leftovers\n|upkeep\n|turn|13\n|\n|t:|1699795245\n|switch|p1a: Gliscor|Gliscor, M|28\/100 tox\n|move|p2a: Ting-Lu|Spikes|p1a: Gliscor\n|-sidestart|p1: JamboreeJourney|Spikes\n|\n|-heal|p2a: Ting-Lu|100\/100|[from] item: Leftovers\n|-heal|p1a: Gliscor|40\/100 tox|[from] ability: Poison Heal\n|upkeep\n|turn|14\n|\n|t:|1699795253\n|switch|p2a: Arceus|Arceus-Ground|100\/100\n|-damage|p2a: Arceus|88\/100|[from] Spikes\n|move|p1a: Gliscor|Spikes|p2a: Arceus\n|-sidestart|p2: Dilon baby|Spikes\n|\n|-heal|p1a: Gliscor|52\/100 tox|[from] ability: Poison Heal\n|upkeep\n|turn|15\n|\n|t:|1699795261\n|switch|p1a: Kyogre|Kyogre|100\/100\n|-weather|RainDance|[from] ability: Drizzle|[of] p1a: Kyogre\n|move|p2a: Arceus|Ice Beam|p1a: Kyogre\n|-resisted|p1a: Kyogre\n|-damage|p1a: Kyogre|92\/100\n|\n|-weather|RainDance|[upkeep]\n|upkeep\n|turn|16\n|\n|t:|1699795266\n|switch|p2a: Flutter Mane|Flutter Mane|13\/100\n|-damage|p2a: Flutter Mane|0 fnt|[from] Spikes\n|faint|p2a: Flutter Mane\n|-end|p2a: Flutter Mane|Protosynthesis|[silent]\n|move|p1a: Kyogre|Surf|p2: Flutter Mane|[notarget]\n|-fail|p1a: Kyogre\n|\n|-weather|RainDance|[upkeep]\n|upkeep\n|\n|t:|1699795279\n|switch|p2a: Koraidon|Koraidon|76\/100\n|-damage|p2a: Koraidon|59\/100|[from] Spikes\n|-weather|SunnyDay|[from] ability: Orichalcum Pulse|[of] p2a: Koraidon\n|-activate|p2a: Koraidon|Orichalcum Pulse|[source]\n|turn|17\n|\n|t:|1699795285\n|switch|p1a: Skeledirge|Skeledirge, M|100\/100\n|move|p2a: Koraidon|Dragon Claw|p1a: Skeledirge\n|-damage|p1a: Skeledirge|67\/100\n|\n|-weather|SunnyDay|[upkeep]\n|upkeep\n|turn|18\n|\n|t:|1699795292\n|switch|p2a: Ting-Lu|Ting-Lu|100\/100\n|-damage|p2a: Ting-Lu|84\/100|[from] Spikes\n|-ability|p2a: Ting-Lu|Vessel of Ruin\n|move|p1a: Skeledirge|Will-O-Wisp|p2a: Ting-Lu\n|-status|p2a: Ting-Lu|brn\n|\n|-weather|SunnyDay|[upkeep]\n|-heal|p2a: Ting-Lu|90\/100 brn|[from] item: Leftovers\n|-damage|p2a: Ting-Lu|84\/100 brn|[from] brn\n|upkeep\n|turn|19\n|\n|t:|1699795296\n|switch|p1a: Gliscor|Gliscor, M|52\/100 tox\n|move|p2a: Ting-Lu|Spikes|p1a: Gliscor\n|-sidestart|p1: JamboreeJourney|Spikes\n|\n|-weather|SunnyDay|[upkeep]\n|-heal|p2a: Ting-Lu|90\/100 brn|[from] item: Leftovers\n|-heal|p1a: Gliscor|65\/100 tox|[from] ability: Poison Heal\n|-damage|p2a: Ting-Lu|84\/100 brn|[from] brn\n|upkeep\n|turn|20\n|\n|t:|1699795306\n|move|p1a: Gliscor|Toxic||[still]\n|-fail|p1a: Gliscor\n|move|p2a: Ting-Lu|Spikes|p1a: Gliscor\n|-sidestart|p1: JamboreeJourney|Spikes\n|\n|-weather|SunnyDay|[upkeep]\n|-heal|p2a: Ting-Lu|90\/100 brn|[from] item: Leftovers\n|-heal|p1a: Gliscor|77\/100 tox|[from] ability: Poison Heal\n|-damage|p2a: Ting-Lu|84\/100 brn|[from] brn\n|upkeep\n|turn|21\n|\n|t:|1699795316\n|move|p1a: Gliscor|Spikes|p2a: Ting-Lu\n|-sidestart|p2: Dilon baby|Spikes\n|move|p2a: Ting-Lu|Ruination|p1a: Gliscor\n|-damage|p1a: Gliscor|39\/100 tox\n|\n|-weather|none\n|-heal|p2a: Ting-Lu|90\/100 brn|[from] item: Leftovers\n|-heal|p1a: Gliscor|51\/100 tox|[from] ability: Poison Heal\n|-damage|p2a: Ting-Lu|84\/100 brn|[from] brn\n|upkeep\n|turn|22\n|\n|t:|1699795326\n|switch|p2a: Arceus|Arceus-Ground|88\/100\n|-damage|p2a: Arceus|63\/100|[from] Spikes\n|move|p1a: Gliscor|Earthquake|p2a: Arceus\n|-crit|p2a: Arceus\n|-damage|p2a: Arceus|38\/100\n|\n|-heal|p1a: Gliscor|64\/100 tox|[from] ability: Poison Heal\n|upkeep\n|turn|23\n|\n|t:|1699795330\n|move|p1a: Gliscor|Protect|p1a: Gliscor\n|-singleturn|p1a: Gliscor|Protect\n|move|p2a: Arceus|Recover|p2a: Arceus\n|-heal|p2a: Arceus|88\/100\n|\n|-heal|p1a: Gliscor|76\/100 tox|[from] ability: Poison Heal\n|upkeep\n|turn|24\n|\n|t:|1699795337\n|switch|p1a: Arceus|Arceus|100\/100\n|-damage|p1a: Arceus|76\/100|[from] Spikes\n|move|p2a: Arceus|Ice Beam|p1a: Arceus\n|-damage|p1a: Arceus|58\/100\n|\n|upkeep\n|turn|25\n|\n|t:|1699795344\n|move|p1a: Arceus|Extreme Speed|p2a: Arceus\n|-damage|p2a: Arceus|60\/100\n|move|p2a: Arceus|Will-O-Wisp|p1a: Arceus\n|-status|p1a: Arceus|brn\n|\n|-damage|p1a: Arceus|52\/100 brn|[from] brn\n|upkeep\n|turn|26\n|\n|t:|1699795355\n|move|p1a: Arceus|Taunt|p2a: Arceus\n|-start|p2a: Arceus|move: Taunt\n|cant|p2a: Arceus|move: Taunt|Recover\n|\n|-damage|p1a: Arceus|46\/100 brn|[from] brn\n|upkeep\n|turn|27\n|\n|t:|1699795359\n|switch|p2a: Toxapex|Toxapex, F|71\/100\n|-damage|p2a: Toxapex|46\/100|[from] Spikes\n|move|p1a: Arceus|Extreme Speed|p2a: Toxapex\n|-damage|p2a: Toxapex|30\/100\n|-damage|p1a: Arceus|29\/100 brn|[from] item: Rocky Helmet|[of] p2a: Toxapex\n|\n|-damage|p1a: Arceus|23\/100 brn|[from] brn\n|upkeep\n|turn|28\n|\n|t:|1699795370\n|switch|p2a: Ting-Lu|Ting-Lu|84\/100 brn\n|-damage|p2a: Ting-Lu|59\/100 brn|[from] Spikes\n|-ability|p2a: Ting-Lu|Vessel of Ruin\n|move|p1a: Arceus|Taunt|p2a: Ting-Lu\n|-start|p2a: Ting-Lu|move: Taunt\n|\n|-heal|p2a: Ting-Lu|65\/100 brn|[from] item: Leftovers\n|-damage|p1a: Arceus|17\/100 brn|[from] brn\n|-damage|p2a: Ting-Lu|59\/100 brn|[from] brn\n|upkeep\n|turn|29\n|\n|t:|1699795375\n|move|p1a: Arceus|Extreme Speed|p2a: Ting-Lu\n|-damage|p2a: Ting-Lu|43\/100 brn\n|move|p2a: Ting-Lu|Earthquake|p1a: Arceus\n|-damage|p1a: Arceus|4\/100 brn\n|\n|-heal|p2a: Ting-Lu|49\/100 brn|[from] item: Leftovers\n|-damage|p1a: Arceus|0 fnt|[from] brn\n|faint|p1a: Arceus\n|-damage|p2a: Ting-Lu|43\/100 brn|[from] brn\n|upkeep\n|\n|t:|1699795379\n|switch|p1a: Kyogre|Kyogre|92\/100\n|-weather|RainDance|[from] ability: Drizzle|[of] p1a: Kyogre\n|turn|30\n|\n|t:|1699795385\n|move|p1a: Kyogre|Ice Beam|p2a: Ting-Lu\n|-supereffective|p2a: Ting-Lu\n|-damage|p2a: Ting-Lu|9\/100 brn\n|move|p2a: Ting-Lu|Earthquake|p1a: Kyogre\n|-damage|p1a: Kyogre|77\/100\n|\n|-weather|RainDance|[upkeep]\n|-heal|p2a: Ting-Lu|15\/100 brn|[from] item: Leftovers\n|-damage|p2a: Ting-Lu|9\/100 brn|[from] brn\n|-end|p2a: Ting-Lu|move: Taunt\n|upkeep\n|turn|31\n|c|\u2606Dilon baby|puto mc\n|\n|t:|1699795396\n|move|p1a: Kyogre|Ice Beam|p2a: Ting-Lu\n|-supereffective|p2a: Ting-Lu\n|-damage|p2a: Ting-Lu|0 fnt\n|faint|p2a: Ting-Lu\n|\n|-weather|RainDance|[upkeep]\n|upkeep\n|\n|t:|1699795402\n|switch|p2a: Toxapex|Toxapex, F|63\/100\n|-damage|p2a: Toxapex|38\/100|[from] Spikes\n|turn|32\n|\n|t:|1699795404\n|move|p1a: Kyogre|Thunder|p2a: Toxapex\n|-supereffective|p2a: Toxapex\n|-damage|p2a: Toxapex|0 fnt\n|faint|p2a: Toxapex\n|\n|-weather|RainDance|[upkeep]\n|upkeep\n|\n|t:|1699795409\n|switch|p2a: Koraidon|Koraidon|59\/100\n|-damage|p2a: Koraidon|34\/100|[from] Spikes\n|-weather|SunnyDay|[from] ability: Orichalcum Pulse|[of] p2a: Koraidon\n|-activate|p2a: Koraidon|Orichalcum Pulse|[source]\n|turn|33\n|inactive|JamboreeJourney has 270 seconds left.\n|\n|t:|1699795448\n|move|p2a: Koraidon|Dragon Claw|p1a: Kyogre\n|-damage|p1a: Kyogre|24\/100\n|move|p1a: Kyogre|Ice Beam|p2a: Koraidon\n|-supereffective|p2a: Koraidon\n|-damage|p2a: Koraidon|0 fnt\n|faint|p2a: Koraidon\n|\n|-weather|SunnyDay|[upkeep]\n|upkeep\n|\n|t:|1699795456\n|switch|p2a: Miraidon|Miraidon|67\/100\n|-damage|p2a: Miraidon|42\/100|[from] Spikes\n|-fieldstart|move: Electric Terrain|[from] ability: Hadron Engine|[of] p2a: Miraidon\n|turn|34\n|\n|t:|1699795462\n|move|p2a: Miraidon|Dazzling Gleam|p1a: Kyogre\n|-damage|p1a: Kyogre|0 fnt\n|faint|p1a: Kyogre\n|\n|-weather|SunnyDay|[upkeep]\n|-heal|p2a: Miraidon|48\/100|[from] item: Leftovers\n|upkeep\n|\n|t:|1699795465\n|switch|p1a: Koraidon|Koraidon|84\/100\n|-damage|p1a: Koraidon|59\/100|[from] Spikes\n|-activate|p1a: Koraidon|ability: Orichalcum Pulse\n|turn|35\n|\n|t:|1699795470\n|move|p1a: Koraidon|Low Kick|p2a: Miraidon\n|-damage|p2a: Miraidon|0 fnt\n|faint|p2a: Miraidon\n|\n|-weather|SunnyDay|[upkeep]\n|upkeep\n|\n|t:|1699795473\n|switch|p2a: Arceus|Arceus-Ground|60\/100\n|-damage|p2a: Arceus|35\/100|[from] Spikes\n|turn|36\n|\n|t:|1699795475\n|move|p1a: Koraidon|Low Kick|p2a: Arceus\n|-damage|p2a: Arceus|0 fnt\n|faint|p2a: Arceus\n|\n|win|JamboreeJourney\n|l|\u2606Dilon baby\n|c|\u2606JamboreeJourney|gg\n|l|\u2606JamboreeJourney\n|j|\u2606JamboreeJourney\n|player|p1|JamboreeJourney|parasollady-gen4\n","uploadtime":1699795526,"views":29,"p1id":"jamboreejourney","p2id":"dilonbaby","formatid":"gen9ubers","rating":0,"private":0,"password":""}