{"id":"gen9ubers-1976563203","p1":"JTM4146","p2":"TadakatsuPC","format":"[Gen 9] Ubers","log":"|j|\u2606JTM4146\n|j|\u2606TadakatsuPC\n|t:|1698322126\n|gametype|singles\n|player|p1|JTM4146|aromalady|1145\n|player|p2|TadakatsuPC|nobunaga-conquest|1048\n|teamsize|p1|6\n|teamsize|p2|6\n|gen|9\n|tier|[Gen 9] Ubers\n|rated|\n|rule|Sleep Clause Mod: Limit one foe put to sleep\n|rule|Species Clause: Limit one of each Pok\u00e9mon\n|rule|OHKO Clause: OHKO moves are banned\n|rule|Evasion Items Clause: Evasion items are banned\n|rule|Evasion Moves Clause: Evasion moves are banned\n|rule|Endless Battle Clause: Forcing endless battles is banned\n|rule|HP Percentage Mod: HP is shown in percentages\n|clearpoke\n|poke|p1|Skeledirge, M|\n|poke|p1|Bellibolt, F|\n|poke|p1|Tatsugiri, M|\n|poke|p1|Clodsire, M|\n|poke|p1|Baxcalibur, F|\n|poke|p1|Dipplin, F|\n|poke|p2|Houndstone, M|\n|poke|p2|Chien-Pao|\n|poke|p2|Regieleki|\n|poke|p2|Miraidon|\n|poke|p2|Chi-Yu|\n|poke|p2|Iron Bundle|\n|teampreview\n|\n|t:|1698322157\n|start\n|switch|p1a: Clodsire|Clodsire, M|100\/100\n|switch|p2a: Iron Bundle|Iron Bundle|100\/100\n|turn|1\n|\n|t:|1698322170\n|move|p2a: Iron Bundle|Taunt|p1a: Clodsire\n|-start|p1a: Clodsire|move: Taunt\n|cant|p1a: Clodsire|move: Taunt|Toxic\n|\n|upkeep\n|turn|2\n|\n|t:|1698322179\n|switch|p1a: Bellibolt|Bellibolt, F|100\/100\n|move|p2a: Iron Bundle|Ice Beam|p1a: Bellibolt\n|-damage|p1a: Bellibolt|69\/100\n|-status|p1a: Bellibolt|frz\n|-start|p1a: Bellibolt|Charge|Ice Beam|[from] ability: Electromorphosis\n|\n|upkeep\n|turn|3\n|\n|t:|1698322189\n|move|p2a: Iron Bundle|Ice Beam|p1a: Bellibolt\n|-damage|p1a: Bellibolt|38\/100 frz\n|-start|p1a: Bellibolt|Charge|Ice Beam|[from] ability: Electromorphosis\n|cant|p1a: Bellibolt|frz\n|\n|upkeep\n|turn|4\n|\n|t:|1698322195\n|move|p2a: Iron Bundle|Ice Beam|p1a: Bellibolt\n|-damage|p1a: Bellibolt|5\/100 frz\n|-start|p1a: Bellibolt|Charge|Ice Beam|[from] ability: Electromorphosis\n|cant|p1a: Bellibolt|frz\n|-end|p1a: Bellibolt|Charge|[silent]\n|\n|upkeep\n|turn|5\n|\n|t:|1698322201\n|move|p2a: Iron Bundle|Ice Beam|p1a: Bellibolt\n|-damage|p1a: Bellibolt|0 fnt\n|faint|p1a: Bellibolt\n|\n|upkeep\n|\n|t:|1698322228\n|switch|p1a: Baxcalibur|Baxcalibur, F|100\/100\n|turn|6\n|inactive|Battle timer is ON: inactive players will automatically lose when time's up. (requested by JTM4146)\n|\n|t:|1698322258\n|-end|p2a: Iron Bundle|Quark Drive|[silent]\n|switch|p2a: Miraidon|Miraidon|100\/100\n|-fieldstart|move: Electric Terrain|[from] ability: Hadron Engine|[of] p2a: Miraidon\n|move|p1a: Baxcalibur|Swords Dance|p1a: Baxcalibur\n|-boost|p1a: Baxcalibur|atk|2\n|\n|upkeep\n|turn|7\n|\n|t:|1698322270\n|-terastallize|p2a: Miraidon|Fairy\n|-terastallize|p1a: Baxcalibur|Steel\n|move|p2a: Miraidon|Dazzling Gleam|p1a: Baxcalibur\n|-resisted|p1a: Baxcalibur\n|-damage|p1a: Baxcalibur|70\/100\n|move|p1a: Baxcalibur|Scale Shot|p2a: Miraidon\n|-immune|p2a: Miraidon\n|\n|upkeep\n|turn|8\n|\n|t:|1698322282\n|switch|p1a: Clodsire|Clodsire, M|100\/100\n|move|p2a: Miraidon|Electro Drift|p1a: Clodsire\n|-immune|p1a: Clodsire\n|\n|upkeep\n|turn|9\n|\n|t:|1698322289\n|move|p2a: Miraidon|U-turn|p1a: Clodsire\n|-resisted|p1a: Clodsire\n|-damage|p1a: Clodsire|94\/100\n|\n|t:|1698322292\n|switch|p2a: Iron Bundle|Iron Bundle|100\/100|[from] U-turn\n|-activate|p2a: Iron Bundle|ability: Quark Drive\n|-start|p2a: Iron Bundle|quarkdrivespe\n|move|p1a: Clodsire|Toxic|p2a: Iron Bundle\n|-status|p2a: Iron Bundle|tox\n|\n|-heal|p1a: Clodsire|99\/100|[from] item: Leftovers\n|-damage|p2a: Iron Bundle|95\/100 tox|[from] psn\n|upkeep\n|turn|10\n|\n|t:|1698322305\n|move|p2a: Iron Bundle|Ice Beam|p1a: Clodsire\n|-supereffective|p1a: Clodsire\n|-damage|p1a: Clodsire|51\/100\n|move|p1a: Clodsire|Earthquake|p2a: Iron Bundle\n|-crit|p2a: Iron Bundle\n|-damage|p2a: Iron Bundle|46\/100 tox\n|\n|-heal|p1a: Clodsire|57\/100|[from] item: Leftovers\n|-damage|p2a: Iron Bundle|34\/100 tox|[from] psn\n|-fieldend|move: Electric Terrain\n|-end|p2a: Iron Bundle|Quark Drive\n|upkeep\n|turn|11\n|\n|t:|1698322314\n|move|p2a: Iron Bundle|Ice Beam|p1a: Clodsire\n|-supereffective|p1a: Clodsire\n|-damage|p1a: Clodsire|9\/100\n|-status|p1a: Clodsire|frz\n|cant|p1a: Clodsire|frz\n|\n|-heal|p1a: Clodsire|15\/100 frz|[from] item: Leftovers\n|-damage|p2a: Iron Bundle|16\/100 tox|[from] psn\n|upkeep\n|turn|12\n|\n|t:|1698322332\n|move|p2a: Iron Bundle|Ice Beam|p1a: Clodsire\n|-supereffective|p1a: Clodsire\n|-damage|p1a: Clodsire|0 fnt\n|faint|p1a: Clodsire\n|\n|-damage|p2a: Iron Bundle|0 fnt|[from] psn\n|faint|p2a: Iron Bundle\n|-end|p2a: Iron Bundle|Quark Drive|[silent]\n|upkeep\n|\n|t:|1698322343\n|switch|p2a: Miraidon|Miraidon, tera:Fairy|100\/100\n|switch|p1a: Skeledirge|Skeledirge, M|100\/100\n|-fieldstart|move: Electric Terrain|[from] ability: Hadron Engine|[of] p2a: Miraidon\n|turn|13\n|\n|t:|1698322349\n|move|p2a: Miraidon|Parabolic Charge|p1a: Skeledirge\n|-damage|p1a: Skeledirge|27\/100\n|move|p1a: Skeledirge|Torch Song|p2a: Miraidon\n|-damage|p2a: Miraidon|85\/100\n|-boost|p1a: Skeledirge|spa|1\n|\n|upkeep\n|turn|14\n|\n|t:|1698322356\n|move|p2a: Miraidon|Parabolic Charge|p1a: Skeledirge\n|-damage|p1a: Skeledirge|0 fnt\n|-heal|p2a: Miraidon|100\/100|[from] drain|[of] p1a: Skeledirge\n|faint|p1a: Skeledirge\n|\n|upkeep\n|\n|t:|1698322363\n|switch|p1a: Dipplin|Dipplin, F|100\/100\n|turn|15\n|\n|t:|1698322368\n|move|p2a: Miraidon|Dazzling Gleam|p1a: Dipplin\n|-supereffective|p1a: Dipplin\n|-damage|p1a: Dipplin|0 fnt\n|faint|p1a: Dipplin\n|\n|upkeep\n|-message|JTM4146 forfeited.\n|\n|win|TadakatsuPC\n|raw|JTM4146's rating: 1145 &rarr; <strong>1113<\/strong><br \/>(-32 for losing)\n|raw|TadakatsuPC's rating: 1048 &rarr; <strong>1090<\/strong><br \/>(+42 for winning)\n|l|\u2606JTM4146\n","uploadtime":1698322377,"views":9,"p1id":"jtm4146","p2id":"tadakatsupc","formatid":"gen9ubers","rating":1090,"private":0,"password":""}