{"id":"gen9ubers-1987069091","p1":"ffefrrfr","p2":"TerrarianSkeleton","format":"[Gen 9] Ubers","log":"|j|\u2606ffefrrfr\n|j|\u2606TerrarianSkeleton\n|t:|1699553538\n|gametype|singles\n|player|p1|ffefrrfr|ghetsis|1050\n|player|p2|TerrarianSkeleton|koga|1202\n|teamsize|p1|6\n|teamsize|p2|6\n|gen|9\n|tier|[Gen 9] Ubers\n|rated|\n|rule|Sleep Clause Mod: Limit one foe put to sleep\n|rule|Species Clause: Limit one of each Pok\u00e9mon\n|rule|OHKO Clause: OHKO moves are banned\n|rule|Evasion Items Clause: Evasion items are banned\n|rule|Evasion Moves Clause: Evasion moves are banned\n|rule|Endless Battle Clause: Forcing endless battles is banned\n|rule|HP Percentage Mod: HP is shown in percentages\n|clearpoke\n|poke|p1|Flutter Mane|\n|poke|p1|Annihilape, M|\n|poke|p1|Regieleki|\n|poke|p1|Toxapex, M|\n|poke|p1|Koraidon|\n|poke|p1|Amoonguss, M|\n|poke|p2|Regieleki|\n|poke|p2|Enamorus, F|\n|poke|p2|Glimmora, F|\n|poke|p2|Golem-Alola, M|\n|poke|p2|Tyranitar, F|\n|poke|p2|Houndstone, M|\n|teampreview\n|inactive|Battle timer is ON: inactive players will automatically lose when time's up. (requested by TerrarianSkeleton)\n|\n|t:|1699553543\n|start\n|switch|p1a: Regieleki|Regieleki|100\/100\n|switch|p2a: Glimmora|Glimmora, F|100\/100\n|turn|1\n|\n|t:|1699553549\n|move|p1a: Regieleki|Reflect|p1a: Regieleki\n|-sidestart|p1: ffefrrfr|Reflect\n|move|p2a: Glimmora|Stealth Rock|p1a: Regieleki\n|-sidestart|p1: ffefrrfr|move: Stealth Rock\n|\n|upkeep\n|turn|2\n|\n|t:|1699553555\n|move|p1a: Regieleki|Light Screen|p1a: Regieleki\n|-sidestart|p1: ffefrrfr|move: Light Screen\n|move|p2a: Glimmora|Spikes|p1a: Regieleki\n|-sidestart|p1: ffefrrfr|Spikes\n|\n|upkeep\n|turn|3\n|\n|t:|1699553559\n|move|p1a: Regieleki|Rapid Spin|p2a: Glimmora\n|-resisted|p2a: Glimmora\n|-damage|p2a: Glimmora|95\/100\n|-boost|p1a: Regieleki|spe|1\n|-activate|p2a: Glimmora|ability: Toxic Debris\n|-sidestart|p1: ffefrrfr|move: Toxic Spikes\n|-sideend|p1: ffefrrfr|Spikes|[from] move: Rapid Spin|[of] p1a: Regieleki\n|-sideend|p1: ffefrrfr|Toxic Spikes|[from] move: Rapid Spin|[of] p1a: Regieleki\n|-sideend|p1: ffefrrfr|Stealth Rock|[from] move: Rapid Spin|[of] p1a: Regieleki\n|move|p2a: Glimmora|Spikes|p1a: Regieleki\n|-sidestart|p1: ffefrrfr|Spikes\n|\n|upkeep\n|turn|4\n|\n|t:|1699553568\n|move|p1a: Regieleki|Rapid Spin|p2a: Glimmora\n|-resisted|p2a: Glimmora\n|-damage|p2a: Glimmora|89\/100\n|-boost|p1a: Regieleki|spe|1\n|-activate|p2a: Glimmora|ability: Toxic Debris\n|-sidestart|p1: ffefrrfr|move: Toxic Spikes\n|-sideend|p1: ffefrrfr|Spikes|[from] move: Rapid Spin|[of] p1a: Regieleki\n|-sideend|p1: ffefrrfr|Toxic Spikes|[from] move: Rapid Spin|[of] p1a: Regieleki\n|move|p2a: Glimmora|Toxic|p1a: Regieleki\n|-status|p1a: Regieleki|tox\n|\n|-damage|p1a: Regieleki|94\/100 tox|[from] psn\n|upkeep\n|turn|5\n|\n|t:|1699553579\n|move|p1a: Regieleki|Volt Switch|p2a: Glimmora\n|-damage|p2a: Glimmora|52\/100\n|\n|t:|1699553584\n|switch|p1a: Annihilape|Annihilape, M, shiny|100\/100|[from] Volt Switch\n|move|p2a: Glimmora|Stealth Rock|p1a: Annihilape\n|-sidestart|p1: ffefrrfr|move: Stealth Rock\n|\n|upkeep\n|turn|6\n|\n|t:|1699553592\n|-terastallize|p1a: Annihilape|Fairy\n|move|p2a: Glimmora|Toxic|p1a: Annihilape\n|-status|p1a: Annihilape|tox\n|move|p1a: Annihilape|Bulk Up|p1a: Annihilape\n|-boost|p1a: Annihilape|atk|1\n|-boost|p1a: Annihilape|def|1\n|\n|-damage|p1a: Annihilape|94\/100 tox|[from] psn\n|upkeep\n|turn|7\n|\n|t:|1699553602\n|move|p2a: Glimmora|Explosion|p1a: Annihilape\n|-damage|p1a: Annihilape|83\/100 tox\n|faint|p2a: Glimmora\n|move|p1a: Annihilape|Bulk Up|p1a: Annihilape\n|-boost|p1a: Annihilape|atk|1\n|-boost|p1a: Annihilape|def|1\n|\n|-damage|p1a: Annihilape|71\/100 tox|[from] psn\n|upkeep\n|\n|t:|1699553611\n|switch|p2a: Golem|Golem-Alola, M|100\/100\n|turn|8\n|\n|t:|1699553615\n|move|p1a: Annihilape|Drain Punch|p2a: Golem\n|-supereffective|p2a: Golem\n|-damage|p2a: Golem|11\/100\n|-heal|p1a: Annihilape|100\/100 tox|[from] drain|[of] p2a: Golem\n|move|p2a: Golem|Roar|p1a: Annihilape\n|drag|p1a: Toxapex|Toxapex, M, shiny|100\/100\n|-damage|p1a: Toxapex|88\/100|[from] Stealth Rock\n|\n|-heal|p1a: Toxapex|94\/100|[from] item: Leftovers\n|-sideend|p1: ffefrrfr|Reflect\n|upkeep\n|turn|9\n|\n|t:|1699553627\n|move|p2a: Golem|Explosion|p1a: Toxapex\n|-supereffective|p1a: Toxapex\n|-damage|p1a: Toxapex|0 fnt\n|faint|p2a: Golem\n|faint|p1a: Toxapex\n|\n|-sideend|p1: ffefrrfr|move: Light Screen\n|upkeep\n|\n|t:|1699553633\n|switch|p2a: Enamorus|Enamorus, F|100\/100\n|switch|p1a: Annihilape|Annihilape, M, shiny, tera:Fairy|100\/100 tox\n|-damage|p1a: Annihilape|88\/100 tox|[from] Stealth Rock\n|turn|10\n|\n|t:|1699553640\n|move|p2a: Enamorus|Misty Explosion|p1a: Annihilape\n|-damage|p1a: Annihilape|55\/100 tox\n|faint|p2a: Enamorus\n|move|p1a: Annihilape|Bulk Up|p1a: Annihilape\n|-boost|p1a: Annihilape|atk|1\n|-boost|p1a: Annihilape|def|1\n|\n|-damage|p1a: Annihilape|48\/100 tox|[from] psn\n|upkeep\n|\n|t:|1699553648\n|switch|p2a: Regieleki|Regieleki|100\/100\n|turn|11\n|\n|t:|1699553652\n|move|p2a: Regieleki|Reflect|p2a: Regieleki\n|-sidestart|p2: TerrarianSkeleton|Reflect\n|move|p1a: Annihilape|Rest|p1a: Annihilape\n|-status|p1a: Annihilape|slp|[from] move: Rest\n|-heal|p1a: Annihilape|100\/100 slp|[silent]\n|-enditem|p1a: Annihilape|Chesto Berry|[eat]\n|-curestatus|p1a: Annihilape|slp|[msg]\n|\n|upkeep\n|turn|12\n|\n|t:|1699553661\n|move|p2a: Regieleki|Light Screen|p2a: Regieleki\n|-sidestart|p2: TerrarianSkeleton|move: Light Screen\n|move|p1a: Annihilape|Bulk Up|p1a: Annihilape\n|-boost|p1a: Annihilape|atk|1\n|-boost|p1a: Annihilape|def|1\n|\n|upkeep\n|turn|13\n|\n|t:|1699553668\n|move|p2a: Regieleki|Explosion|p1a: Annihilape\n|-damage|p1a: Annihilape|63\/100\n|faint|p2a: Regieleki\n|move|p1a: Annihilape|Bulk Up|p1a: Annihilape\n|-boost|p1a: Annihilape|atk|1\n|-boost|p1a: Annihilape|def|1\n|\n|upkeep\n|\n|t:|1699553675\n|switch|p2a: Tyranitar|Tyranitar, F, shiny|100\/100\n|-weather|Sandstorm|[from] ability: Sand Stream|[of] p2a: Tyranitar\n|turn|14\n|\n|t:|1699553679\n|switch|p2a: Houndstone|Houndstone, M|100\/100\n|move|p1a: Annihilape|Drain Punch|p2a: Houndstone\n|-immune|p2a: Houndstone\n|\n|-weather|Sandstorm|[upkeep]\n|-damage|p1a: Annihilape|57\/100|[from] Sandstorm\n|upkeep\n|turn|15\n|\n|t:|1699553689\n|move|p2a: Houndstone|Last Respects|p1a: Annihilape\n|-damage|p1a: Annihilape|0 fnt\n|faint|p1a: Annihilape\n|\n|-weather|Sandstorm|[upkeep]\n|upkeep\n|\n|t:|1699553699\n|switch|p1a: Flutter Mane|Flutter Mane, shiny|100\/100\n|-damage|p1a: Flutter Mane|88\/100|[from] Stealth Rock\n|turn|16\n|\n|t:|1699553704\n|move|p2a: Houndstone|Last Respects|p1a: Flutter Mane\n|-supereffective|p1a: Flutter Mane\n|-damage|p1a: Flutter Mane|0 fnt\n|faint|p1a: Flutter Mane\n|-end|p1a: Flutter Mane|Protosynthesis|[silent]\n|\n|-weather|Sandstorm|[upkeep]\n|upkeep\n|\n|t:|1699553710\n|switch|p1a: Regieleki|Regieleki|94\/100 tox\n|-damage|p1a: Regieleki|82\/100 tox|[from] Stealth Rock\n|turn|17\n|\n|t:|1699553715\n|move|p1a: Regieleki|Volt Switch|p2a: Houndstone\n|-damage|p2a: Houndstone|80\/100\n|\n|t:|1699553718\n|switch|p1a: Koraidon|Koraidon|100\/100|[from] Volt Switch\n|-damage|p1a: Koraidon|94\/100|[from] Stealth Rock\n|-weather|SunnyDay|[from] ability: Orichalcum Pulse|[of] p1a: Koraidon\n|-activate|p1a: Koraidon|Orichalcum Pulse|[source]\n|move|p2a: Houndstone|Last Respects|p1a: Koraidon\n|-damage|p1a: Koraidon|0 fnt\n|faint|p1a: Koraidon\n|\n|-weather|SunnyDay|[upkeep]\n|upkeep\n|c|\u2606ffefrrfr|dude stop\n|\n|t:|1699553729\n|switch|p1a: Amoonguss|Amoonguss, M, shiny|100\/100\n|-damage|p1a: Amoonguss|88\/100|[from] Stealth Rock\n|turn|18\n|\n|t:|1699553734\n|move|p2a: Houndstone|Last Respects|p1a: Amoonguss\n|-damage|p1a: Amoonguss|0 fnt\n|faint|p1a: Amoonguss\n|\n|-weather|SunnyDay|[upkeep]\n|-sideend|p2: TerrarianSkeleton|Reflect\n|upkeep\n|\n|t:|1699553739\n|switch|p1a: Regieleki|Regieleki|82\/100 tox\n|-damage|p1a: Regieleki|70\/100 tox|[from] Stealth Rock\n|turn|19\n|c|\u2606TerrarianSkeleton|can't\n|c|\u2606TerrarianSkeleton|i have choice band\n|c|\u2606ffefrrfr|wdum cant\n|c|\u2606ffefrrfr|fuck\n|\n|t:|1699553755\n|move|p1a: Regieleki|Volt Switch|p2a: Houndstone\n|-damage|p2a: Houndstone|62\/100\n|move|p2a: Houndstone|Last Respects|p1a: Regieleki\n|-damage|p1a: Regieleki|0 fnt\n|faint|p1a: Regieleki\n|\n|win|TerrarianSkeleton\n|raw|ffefrrfr's rating: 1050 &rarr; <strong>1040<\/strong><br \/>(-10 for losing)\n|raw|TerrarianSkeleton's rating: 1202 &rarr; <strong>1217<\/strong><br \/>(+15 for winning)\n|c|\u2606TerrarianSkeleton|gg\n|c|\u2606ffefrrfr|i hate explosion spammers tbh\n|c|\u2606ffefrrfr|i spend time making this team and i lost\n|c|\u2606TerrarianSkeleton|put a choice scarf on flutter mane\n|c|\u2606ffefrrfr|yeah how do i set up\n|c|\u2606ffefrrfr|uk what ima just go bye\n|l|\u2606ffefrrfr\n|c|\u2606TerrarianSkeleton|k\n","uploadtime":1699553840,"views":5,"p1id":"ffefrrfr","p2id":"terrarianskeleton","formatid":"gen9ubers","rating":1040,"private":0,"password":""}