{"id":"gen9ubers-1982072757","p1":"hutswag","p2":"85792195wwww","format":"[Gen 9] Ubers","log":"|j|\u2606hutswag\n|j|\u203d85792195wwww\n|t:|1698965094\n|gametype|singles\n|player|p1|hutswag|170|1285\n|player|p2|85792195wwww|102|1418\n|teamsize|p1|6\n|teamsize|p2|6\n|gen|9\n|tier|[Gen 9] Ubers\n|rated|\n|rule|Sleep Clause Mod: Limit one foe put to sleep\n|rule|Species Clause: Limit one of each Pok\u00e9mon\n|rule|OHKO Clause: OHKO moves are banned\n|rule|Evasion Items Clause: Evasion items are banned\n|rule|Evasion Moves Clause: Evasion moves are banned\n|rule|Endless Battle Clause: Forcing endless battles is banned\n|rule|HP Percentage Mod: HP is shown in percentages\n|clearpoke\n|poke|p1|Dialga-Origin|\n|poke|p1|Palkia-Origin|\n|poke|p1|Giratina-Origin|\n|poke|p1|Arceus|\n|poke|p1|Groudon|\n|poke|p1|Eternatus|\n|poke|p2|Kyogre|\n|poke|p2|Zacian-*|\n|poke|p2|Arceus|\n|poke|p2|Landorus, M|\n|poke|p2|Koraidon|\n|poke|p2|Ursaluna, M|\n|teampreview\n|\n|t:|1698965107\n|start\n|switch|p1a: Palkia|Palkia-Origin|100\/100\n|switch|p2a: Landorus|Landorus, M|100\/100\n|-ability|p1a: Palkia|Pressure\n|turn|1\n|\n|t:|1698965115\n|move|p1a: Palkia|Hydro Pump|p2a: Landorus\n|-supereffective|p2a: Landorus\n|-enditem|p2a: Landorus|Focus Sash\n|-damage|p2a: Landorus|1\/100\n|move|p2a: Landorus|Stealth Rock|p1a: Palkia\n|-sidestart|p1: hutswag|move: Stealth Rock\n|\n|upkeep\n|turn|2\n|\n|t:|1698965123\n|move|p1a: Palkia|Spacial Rend|p2a: Landorus\n|-damage|p2a: Landorus|0 fnt\n|faint|p2a: Landorus\n|\n|upkeep\n|\n|t:|1698965136\n|switch|p2a: Arceus|Arceus|100\/100\n|turn|3\n|\n|t:|1698965152\n|move|p1a: Palkia|Spacial Rend|p2a: Arceus\n|-damage|p2a: Arceus|44\/100\n|move|p2a: Arceus|Swords Dance|p2a: Arceus\n|-boost|p2a: Arceus|atk|2\n|\n|upkeep\n|turn|4\n|\n|t:|1698965164\n|-terastallize|p1a: Palkia|Steel\n|move|p2a: Arceus|Extreme Speed|p1a: Palkia\n|-resisted|p1a: Palkia\n|-damage|p1a: Palkia|46\/100\n|-damage|p2a: Arceus|34\/100|[from] item: Life Orb\n|move|p1a: Palkia|Spacial Rend|p2a: Arceus\n|-damage|p2a: Arceus|0 fnt\n|faint|p2a: Arceus\n|\n|upkeep\n|\n|t:|1698965180\n|switch|p2a: Koraidon|Koraidon|100\/100\n|-weather|SunnyDay|[from] ability: Orichalcum Pulse|[of] p2a: Koraidon\n|-activate|p2a: Koraidon|Orichalcum Pulse|[source]\n|turn|5\n|\n|t:|1698965186\n|move|p2a: Koraidon|Close Combat|p1a: Palkia\n|-supereffective|p1a: Palkia\n|-damage|p1a: Palkia|0 fnt\n|-unboost|p2a: Koraidon|def|1\n|-unboost|p2a: Koraidon|spd|1\n|faint|p1a: Palkia\n|-damage|p2a: Koraidon|91\/100|[from] item: Life Orb\n|\n|-weather|SunnyDay|[upkeep]\n|upkeep\n|\n|t:|1698965189\n|switch|p1a: Giratina|Giratina-Origin, shiny|100\/100\n|-damage|p1a: Giratina|88\/100|[from] Stealth Rock\n|turn|6\n|j| billy jamal\n|\n|t:|1698965202\n|switch|p2a: Ursaluna|Ursaluna, M|100\/100\n|move|p1a: Giratina|Shadow Ball|p2a: Ursaluna\n|-immune|p2a: Ursaluna\n|\n|-weather|SunnyDay|[upkeep]\n|-status|p2a: Ursaluna|brn|[from] item: Flame Orb\n|upkeep\n|turn|7\n|l| billy jamal\n|\n|t:|1698965212\n|move|p1a: Giratina|Draco Meteor|p2a: Ursaluna\n|-damage|p2a: Ursaluna|28\/100 brn\n|-unboost|p1a: Giratina|spa|2\n|move|p2a: Ursaluna|Bulk Up|p2a: Ursaluna\n|-boost|p2a: Ursaluna|atk|1\n|-boost|p2a: Ursaluna|def|1\n|\n|-weather|SunnyDay|[upkeep]\n|-damage|p2a: Ursaluna|22\/100 brn|[from] brn\n|upkeep\n|turn|8\n|\n|t:|1698965223\n|move|p1a: Giratina|Defog|p2a: Ursaluna\n|-unboost|p2a: Ursaluna|evasion|1\n|-sideend|p1: hutswag|Stealth Rock|[from] move: Defog|[of] p1a: Giratina\n|move|p2a: Ursaluna|Crunch|p1a: Giratina\n|-supereffective|p1a: Giratina\n|-damage|p1a: Giratina|0 fnt\n|faint|p1a: Giratina\n|\n|-weather|SunnyDay|[upkeep]\n|-damage|p2a: Ursaluna|16\/100 brn|[from] brn\n|upkeep\n|\n|t:|1698965237\n|switch|p1a: Dialga|Dialga-Origin|100\/100\n|-ability|p1a: Dialga|Pressure\n|turn|9\n|\n|t:|1698965242\n|move|p1a: Dialga|Flash Cannon|p2a: Ursaluna\n|-damage|p2a: Ursaluna|0 fnt\n|faint|p2a: Ursaluna\n|\n|-weather|none\n|upkeep\n|\n|t:|1698965249\n|switch|p2a: Koraidon|Koraidon|91\/100\n|-weather|SunnyDay|[from] ability: Orichalcum Pulse|[of] p2a: Koraidon\n|-activate|p2a: Koraidon|Orichalcum Pulse|[source]\n|turn|10\n|\n|t:|1698965258\n|move|p2a: Koraidon|Close Combat|p1a: Dialga\n|-supereffective|p1a: Dialga\n|-damage|p1a: Dialga|0 fnt\n|-unboost|p2a: Koraidon|def|1\n|-unboost|p2a: Koraidon|spd|1\n|faint|p1a: Dialga\n|-damage|p2a: Koraidon|81\/100|[from] item: Life Orb\n|\n|-weather|SunnyDay|[upkeep]\n|upkeep\n|\n|t:|1698965268\n|switch|p1a: Eternatus|Eternatus|100\/100\n|-ability|p1a: Eternatus|Pressure\n|turn|11\n|\n|t:|1698965273\n|switch|p2a: Kyogre|Kyogre|100\/100\n|-weather|RainDance|[from] ability: Drizzle|[of] p2a: Kyogre\n|move|p1a: Eternatus|Fire Blast|p2a: Kyogre\n|-resisted|p2a: Kyogre\n|-damage|p2a: Kyogre|91\/100\n|\n|-weather|RainDance|[upkeep]\n|upkeep\n|turn|12\n|\n|t:|1698965284\n|switch|p1a: Groudon|Groudon|100\/100\n|-weather|SunnyDay|[from] ability: Drought|[of] p1a: Groudon\n|move|p2a: Kyogre|Ice Beam|p1a: Groudon\n|-supereffective|p1a: Groudon\n|-damage|p1a: Groudon|52\/100\n|\n|-weather|SunnyDay|[upkeep]\n|-heal|p1a: Groudon|58\/100|[from] item: Leftovers\n|upkeep\n|turn|13\n|\n|t:|1698965305\n|switch|p2a: Koraidon|Koraidon|81\/100\n|-activate|p2a: Koraidon|ability: Orichalcum Pulse\n|move|p1a: Groudon|Protect||[still]\n|-fail|p1a: Groudon\n|\n|-weather|SunnyDay|[upkeep]\n|-heal|p1a: Groudon|64\/100|[from] item: Leftovers\n|upkeep\n|turn|14\n|\n|t:|1698965318\n|move|p1a: Groudon|Protect|p1a: Groudon\n|-singleturn|p1a: Groudon|Protect\n|move|p2a: Koraidon|Swords Dance|p2a: Koraidon\n|-boost|p2a: Koraidon|atk|2\n|\n|-weather|SunnyDay|[upkeep]\n|-heal|p1a: Groudon|70\/100|[from] item: Leftovers\n|upkeep\n|turn|15\n|\n|t:|1698965327\n|move|p2a: Koraidon|Close Combat|p1a: Groudon\n|-damage|p1a: Groudon|0 fnt\n|-unboost|p2a: Koraidon|def|1\n|-unboost|p2a: Koraidon|spd|1\n|faint|p1a: Groudon\n|-damage|p2a: Koraidon|71\/100|[from] item: Life Orb\n|\n|-weather|SunnyDay|[upkeep]\n|upkeep\n|\n|t:|1698965342\n|switch|p1a: Eternatus|Eternatus|100\/100\n|-ability|p1a: Eternatus|Pressure\n|turn|16\n|\n|t:|1698965349\n|move|p1a: Eternatus|Fire Blast|p2a: Koraidon\n|-resisted|p2a: Koraidon\n|-damage|p2a: Koraidon|16\/100\n|move|p2a: Koraidon|Scale Shot|p1a: Eternatus\n|-supereffective|p1a: Eternatus\n|-damage|p1a: Eternatus|24\/100\n|-supereffective|p1a: Eternatus\n|-damage|p1a: Eternatus|0 fnt\n|faint|p1a: Eternatus\n|-hitcount|p1: Eternatus|2\n|-unboost|p2a: Koraidon|def|1\n|-boost|p2a: Koraidon|spe|1\n|-damage|p2a: Koraidon|6\/100|[from] item: Life Orb\n|\n|-weather|none\n|upkeep\n|\n|t:|1698965352\n|switch|p1a: Arceus|Arceus, shiny|100\/100\n|turn|17\n|\n|t:|1698965367\n|-terastallize|p2a: Koraidon|Ghost\n|move|p1a: Arceus|Extreme Speed|p2a: Koraidon\n|-immune|p2a: Koraidon\n|move|p2a: Koraidon|Close Combat|p1a: Arceus\n|-supereffective|p1a: Arceus\n|-damage|p1a: Arceus|0 fnt\n|-unboost|p2a: Koraidon|def|1\n|-unboost|p2a: Koraidon|spd|1\n|faint|p1a: Arceus\n|-damage|p2a: Koraidon|0 fnt|[from] item: Life Orb\n|faint|p2a: Koraidon\n|\n|win|85792195wwww\n|raw|hutswag's rating: 1285 &rarr; <strong>1269<\/strong><br \/>(-16 for losing)\n|raw|85792195wwww's rating: 1418 &rarr; <strong>1431<\/strong><br \/>(+13 for winning)\n|l|\u2606hutswag\n","uploadtime":1698965399,"views":5,"p1id":"hutswag","p2id":"85792195wwww","formatid":"gen9ubers","rating":1269,"private":0,"password":""}