{"id":"gen9ubers-1980286205","p1":"N-Zoroark stan","p2":"Dragon Master Rosa","format":"[Gen 9] Ubers","log":"|j|\u2606N-Zoroark stan\n|j|\u2606Dragon Master Rosa\n|t:|1698772427\n|gametype|singles\n|player|p1|N-Zoroark stan|riley|\n|player|p2|Dragon Master Rosa|dragontamer-gen9|\n|teamsize|p1|6\n|teamsize|p2|6\n|gen|9\n|tier|[Gen 9] Ubers\n|rule|Sleep Clause Mod: Limit one foe put to sleep\n|rule|Species Clause: Limit one of each Pok\u00e9mon\n|rule|OHKO Clause: OHKO moves are banned\n|rule|Evasion Items Clause: Evasion items are banned\n|rule|Evasion Moves Clause: Evasion moves are banned\n|rule|Endless Battle Clause: Forcing endless battles is banned\n|rule|HP Percentage Mod: HP is shown in percentages\n|clearpoke\n|poke|p1|Zoroark-Hisui, M|\n|poke|p1|Toedscruel, F|\n|poke|p1|Blissey, F|\n|poke|p1|Palafin, F|\n|poke|p1|Slowking-Galar, F|\n|poke|p1|Infernape, F|\n|poke|p2|Landorus-Therian, M|\n|poke|p2|Clefable, M|\n|poke|p2|Greninja-*, M|\n|poke|p2|Weezing-Galar, M|\n|poke|p2|Medicham, F|\n|poke|p2|Slowking-Galar, F|\n|teampreview\n|inactive|Battle timer is ON: inactive players will automatically lose when time's up. (requested by N-Zoroark stan)\n|c|\u2606N-Zoroark stan|glhf\n|c|\u2606Dragon Master Rosa|glfh\n|inactive|Dragon Master Rosa has 270 seconds left.\n|\n|t:|1698772485\n|start\n|switch|p1a: Infernape|Infernape, F|100\/100\n|switch|p2a: Clefable|Clefable, M|100\/100\n|turn|1\n|\n|t:|1698772502\n|-terastallize|p1a: Infernape|Ghost\n|move|p1a: Infernape|Poltergeist|p2a: Clefable|[miss]\n|-miss|p1a: Infernape|p2a: Clefable\n|move|p2a: Clefable|Stealth Rock|p1a: Infernape\n|-sidestart|p1: N-Zoroark stan|move: Stealth Rock\n|\n|upkeep\n|turn|2\n|c|\u2606Dragon Master Rosa|skill\n|c|\u2606N-Zoroark stan|1984\n|inactive|Dragon Master Rosa has 270 seconds left.\n|\n|t:|1698772537\n|move|p1a: Infernape|Poltergeist|p2a: Clefable\n|-activate|p2a: Clefable|move: Poltergeist|Leftovers\n|-damage|p2a: Clefable|0 fnt\n|faint|p2a: Clefable\n|\n|upkeep\n|\n|t:|1698772542\n|switch|p2a: Landorus|Landorus-Therian, M|100\/100\n|-ability|p2a: Landorus|Intimidate|boost\n|-unboost|p1a: Infernape|atk|1\n|turn|3\n|\n|t:|1698772546\n|switch|p2a: Weezing|Weezing-Galar, M|100\/100\n|move|p1a: Infernape|Poltergeist|p2a: Weezing\n|-activate|p2a: Weezing|move: Poltergeist|Leftovers\n|-damage|p2a: Weezing|62\/100\n|\n|-heal|p2a: Weezing|68\/100|[from] item: Leftovers\n|upkeep\n|turn|4\n|\n|t:|1698772551\n|switch|p1a: Slowking|Slowking-Galar, F|100\/100\n|move|p2a: Weezing|Will-O-Wisp|p1a: Slowking\n|-status|p1a: Slowking|brn\n|\n|-heal|p2a: Weezing|74\/100|[from] item: Leftovers\n|-damage|p1a: Slowking|94\/100 brn|[from] brn\n|upkeep\n|turn|5\n|\n|t:|1698772562\n|switch|p2a: Greninja|Greninja, M|100\/100\n|move|p1a: Slowking|Chilly Reception|p1a: Slowking\n|-weather|Snow\n|\n|t:|1698772564\n|switch|p1a: Toedscruel|Toedscruel, F|100\/100|[from] Chilly Reception\n|\n|-weather|Snow|[upkeep]\n|upkeep\n|turn|6\n|\n|t:|1698772568\n|move|p2a: Greninja|U-turn|p1a: Toedscruel\n|-start|p2a: Greninja|typechange|Bug|[from] ability: Protean\n|-supereffective|p1a: Toedscruel\n|-damage|p1a: Toedscruel|26\/100\n|\n|t:|1698772577\n|switch|p2a: Landorus|Landorus-Therian, M|100\/100|[from] U-turn\n|-ability|p2a: Landorus|Intimidate|boost\n|-unboost|p1a: Toedscruel|atk|1\n|move|p1a: Toedscruel|Rapid Spin|p2a: Landorus\n|-damage|p2a: Landorus|95\/100\n|-boost|p1a: Toedscruel|spe|1\n|-sideend|p1: N-Zoroark stan|Stealth Rock|[from] move: Rapid Spin|[of] p1a: Toedscruel\n|\n|-weather|Snow|[upkeep]\n|-heal|p2a: Landorus|100\/100|[from] item: Leftovers\n|upkeep\n|turn|7\n|\n|t:|1698772602\n|switch|p2a: Weezing|Weezing-Galar, M|74\/100\n|move|p1a: Toedscruel|Leech Seed|p2a: Weezing\n|-start|p2a: Weezing|move: Leech Seed\n|\n|-weather|Snow|[upkeep]\n|-heal|p2a: Weezing|80\/100|[from] item: Leftovers\n|-damage|p2a: Weezing|67\/100|[from] Leech Seed|[of] p1a: Toedscruel\n|-heal|p1a: Toedscruel|38\/100|[silent]\n|upkeep\n|turn|8\n|\n|t:|1698772609\n|switch|p2a: Greninja|Greninja, M|100\/100\n|move|p1a: Toedscruel|Knock Off|p2a: Greninja\n|-resisted|p2a: Greninja\n|-damage|p2a: Greninja|92\/100\n|-enditem|p2a: Greninja|Choice Band|[from] move: Knock Off|[of] p1a: Toedscruel\n|\n|-weather|Snow|[upkeep]\n|upkeep\n|turn|9\n|\n|t:|1698772618\n|move|p2a: Greninja|U-turn|p1a: Toedscruel\n|-start|p2a: Greninja|typechange|Bug|[from] ability: Protean\n|-supereffective|p1a: Toedscruel\n|-crit|p1a: Toedscruel\n|-damage|p1a: Toedscruel|0 fnt\n|faint|p1a: Toedscruel\n|\n|t:|1698772631\n|switch|p2a: Medicham|Medicham, F|100\/100|[from] U-turn\n|\n|-weather|none\n|upkeep\n|\n|t:|1698772635\n|switch|p1a: Infernape|Infernape, F, tera:Ghost|100\/100\n|turn|10\n|c|\u2606N-Zoroark stan|oh hold on I forgot I terad\n|\n|t:|1698772658\n|switch|p2a: Landorus|Landorus-Therian, M|100\/100\n|-ability|p2a: Landorus|Intimidate|boost\n|-unboost|p1a: Infernape|atk|1\n|switch|p1a: Slowking|Slowking-Galar, F|100\/100 brn\n|\n|-damage|p1a: Slowking|94\/100 brn|[from] brn\n|upkeep\n|turn|11\n|\n|t:|1698772666\n|move|p2a: Landorus|Substitute|p2a: Landorus\n|-start|p2a: Landorus|Substitute\n|-damage|p2a: Landorus|76\/100\n|move|p1a: Slowking|Chilly Reception|p1a: Slowking\n|-weather|Snow\n|\n|t:|1698772674\n|switch|p1a: Palafin|Palafin, F|100\/100|[from] Chilly Reception\n|\n|-weather|Snow|[upkeep]\n|-heal|p2a: Landorus|82\/100|[from] item: Leftovers\n|upkeep\n|turn|12\n|\n|t:|1698772685\n|detailschange|p1a: Palafin|Palafin-Hero, F\n|switch|p1a: Blissey|Blissey, F|100\/100\n|move|p2a: Landorus|Nasty Plot|p2a: Landorus\n|-boost|p2a: Landorus|spa|2\n|\n|-weather|Snow|[upkeep]\n|-heal|p2a: Landorus|88\/100|[from] item: Leftovers\n|upkeep\n|turn|13\n|\n|t:|1698772689\n|move|p2a: Landorus|Nasty Plot|p2a: Landorus\n|-boost|p2a: Landorus|spa|2\n|move|p1a: Blissey|Seismic Toss|p2a: Landorus\n|-end|p2a: Landorus|Substitute\n|\n|-weather|Snow|[upkeep]\n|-heal|p2a: Landorus|94\/100|[from] item: Leftovers\n|upkeep\n|turn|14\n|\n|t:|1698772691\n|move|p2a: Landorus|Substitute|p2a: Landorus\n|-start|p2a: Landorus|Substitute\n|-damage|p2a: Landorus|69\/100\n|move|p1a: Blissey|Seismic Toss|p2a: Landorus\n|-end|p2a: Landorus|Substitute\n|\n|-weather|Snow|[upkeep]\n|-heal|p2a: Landorus|75\/100|[from] item: Leftovers\n|upkeep\n|turn|15\n|\n|t:|1698772695\n|move|p2a: Landorus|Earth Power|p1a: Blissey\n|-damage|p1a: Blissey|50\/100\n|move|p1a: Blissey|Seismic Toss|p2a: Landorus\n|-damage|p2a: Landorus|49\/100\n|\n|-weather|none\n|-heal|p2a: Landorus|55\/100|[from] item: Leftovers\n|upkeep\n|turn|16\n|c|\u2606Dragon Master Rosa|whoa wtf\n|\n|t:|1698772703\n|move|p2a: Landorus|Earth Power|p1a: Blissey\n|-damage|p1a: Blissey|0 fnt\n|faint|p1a: Blissey\n|\n|-heal|p2a: Landorus|61\/100|[from] item: Leftovers\n|upkeep\n|c|\u2606N-Zoroark stan|damn\n|\n|t:|1698772712\n|switch|p1a: Palafin|Palafin-Hero, F|100\/100\n|-activate|p1a: Palafin|ability: Zero to Hero\n|turn|17\n|\n|t:|1698772724\n|switch|p2a: Greninja|Greninja, M|92\/100\n|move|p1a: Palafin|Surf|p2a: Greninja\n|-resisted|p2a: Greninja\n|-damage|p2a: Greninja|47\/100\n|\n|upkeep\n|turn|18\n|\n|t:|1698772733\n|switch|p1a: Infernape|Infernape, F|100\/100\n|move|p2a: Greninja|Night Slash|p1a: Infernape\n|-start|p2a: Greninja|typechange|Dark|[from] ability: Protean\n|-resisted|p1a: Infernape\n|-damage|p1a: Infernape|80\/100\n|\n|upkeep\n|turn|19\n|\n|t:|1698772738\n|move|p1a: Infernape|U-turn|p2a: Greninja\n|-supereffective|p2a: Greninja\n|-damage|p2a: Greninja|0 fnt\n|faint|p2a: Greninja\n|\n|t:|1698772745\n|switch|p1a: Palafin|Palafin-Hero, F|100\/100|[from] U-turn\n|\n|upkeep\n|\n|t:|1698772749\n|switch|p2a: Medicham|Medicham, F|100\/100\n|turn|20\n|\n|t:|1698772755\n|switch|p1a: Slowking|Slowking-Galar, F|100\/100 brn\n|-terastallize|p2a: Medicham|Fighting\n|move|p2a: Medicham|Close Combat|p1a: Slowking\n|-resisted|p1a: Slowking\n|-damage|p1a: Slowking|83\/100 brn\n|-unboost|p2a: Medicham|def|1\n|-unboost|p2a: Medicham|spd|1\n|\n|-damage|p1a: Slowking|77\/100 brn|[from] brn\n|upkeep\n|turn|21\n|\n|t:|1698772763\n|switch|p2a: Slowking|Slowking-Galar, F|100\/100\n|move|p1a: Slowking|Chilly Reception|p1a: Slowking\n|-weather|Snow\n|\n|t:|1698772765\n|switch|p1a: Infernape|Infernape, F, tera:Ghost|100\/100|[from] Chilly Reception\n|\n|-weather|Snow|[upkeep]\n|upkeep\n|turn|22\n|\n|t:|1698772768\n|move|p1a: Infernape|Poltergeist|p2a: Slowking\n|-activate|p2a: Slowking|move: Poltergeist|Heavy-Duty Boots\n|-supereffective|p2a: Slowking\n|-damage|p2a: Slowking|0 fnt\n|faint|p2a: Slowking\n|\n|-weather|Snow|[upkeep]\n|upkeep\n|\n|t:|1698772778\n|switch|p2a: Landorus|Landorus-Therian, M|61\/100\n|-ability|p2a: Landorus|Intimidate|boost\n|-unboost|p1a: Infernape|atk|1\n|turn|23\n|\n|t:|1698772780\n|move|p1a: Infernape|Poltergeist|p2a: Landorus\n|-activate|p2a: Landorus|move: Poltergeist|Leftovers\n|-damage|p2a: Landorus|0 fnt\n|faint|p2a: Landorus\n|\n|-weather|Snow|[upkeep]\n|upkeep\n|\n|t:|1698772786\n|switch|p2a: Medicham|Medicham, F, tera:Fighting|100\/100\n|turn|24\n|\n|t:|1698772789\n|switch|p1a: Slowking|Slowking-Galar, F|100\/100 brn\n|move|p2a: Medicham|Rock Slide|p1a: Slowking\n|-damage|p1a: Slowking|77\/100 brn\n|\n|-weather|Snow|[upkeep]\n|-damage|p1a: Slowking|71\/100 brn|[from] brn\n|upkeep\n|turn|25\n|\n|t:|1698772794\n|move|p2a: Medicham|Rock Slide|p1a: Slowking\n|-damage|p1a: Slowking|46\/100 brn\n|cant|p1a: Slowking|flinch\n|\n|-weather|none\n|-damage|p1a: Slowking|40\/100 brn|[from] brn\n|upkeep\n|turn|26\n|\n|t:|1698772797\n|move|p2a: Medicham|Rock Slide|p1a: Slowking\n|-damage|p1a: Slowking|15\/100 brn\n|cant|p1a: Slowking|flinch\n|\n|-damage|p1a: Slowking|9\/100 brn|[from] brn\n|upkeep\n|turn|27\n|\n|t:|1698772801\n|switch|p1a: Infernape|Infernape, F|80\/100\n|move|p2a: Medicham|Rock Slide|p1a: Infernape\n|-damage|p1a: Infernape|28\/100\n|\n|upkeep\n|turn|28\n|\n|t:|1698772807\n|switch|p2a: Weezing|Weezing-Galar, M|67\/100\n|move|p1a: Infernape|Flare Blitz|p2a: Weezing\n|-damage|p2a: Weezing|17\/100\n|-damage|p1a: Infernape|10\/100|[from] Recoil\n|\n|-heal|p2a: Weezing|23\/100|[from] item: Leftovers\n|upkeep\n|turn|29\n|\n|t:|1698772812\n|move|p1a: Infernape|Flare Blitz|p2a: Weezing\n|-damage|p2a: Weezing|0 fnt\n|faint|p2a: Weezing\n|-damage|p1a: Infernape|1\/100|[from] Recoil\n|\n|upkeep\n|\n|t:|1698772815\n|switch|p2a: Medicham|Medicham, F, tera:Fighting|100\/100\n|turn|30\n|c|\u2606Dragon Master Rosa|ggwp\n|\n|t:|1698772821\n|move|p1a: Infernape|Flare Blitz|p2a: Medicham\n|-damage|p2a: Medicham|0 fnt\n|faint|p2a: Medicham\n|-damage|p1a: Infernape|0 fnt|[from] Recoil\n|faint|p1a: Infernape\n|\n|win|N-Zoroark stan\n|c|\u2606N-Zoroark stan|ggwp\n","uploadtime":1698772827,"views":9,"p1id":"nzoroarkstan","p2id":"dragonmasterrosa","formatid":"gen9ubers","rating":0,"private":0,"password":""}