{"id":"gen9ubers-1988104751","p1":"ZachPlay","p2":"angl3r","format":"[Gen 9] Ubers","log":"|j|\u2606ZachPlay\n|j|\u203dangl3r\n|t:|1699670088\n|gametype|singles\n|player|p1|ZachPlay|ginchiyo-conquest|\n|player|p2|angl3r|iris-gen5bw2|\n|teamsize|p1|6\n|teamsize|p2|6\n|gen|9\n|tier|[Gen 9] Ubers\n|rule|Sleep Clause Mod: Limit one foe put to sleep\n|rule|Species Clause: Limit one of each Pok\u00e9mon\n|rule|OHKO Clause: OHKO moves are banned\n|rule|Evasion Items Clause: Evasion items are banned\n|rule|Evasion Moves Clause: Evasion moves are banned\n|rule|Endless Battle Clause: Forcing endless battles is banned\n|rule|HP Percentage Mod: HP is shown in percentages\n|clearpoke\n|poke|p1|Spectrier|\n|poke|p1|Cyclizar, M|\n|poke|p1|Magearna|\n|poke|p1|Ogerpon-Wellspring, F|\n|poke|p1|Arceus-Fire|\n|poke|p1|Rayquaza|\n|poke|p2|Magearna|\n|poke|p2|Ursaluna, F|\n|poke|p2|Baxcalibur, M|\n|poke|p2|Iron Hands|\n|poke|p2|Houndstone, M|\n|poke|p2|Dialga|\n|teampreview\n|c|\u2606ZachPlay|Is that\n|c|\u2606ZachPlay|Trick room?\n|c|\u2606ZachPlay|Or something\n|\n|t:|1699670117\n|start\n|switch|p1a: Cyclizar|Cyclizar, M|100\/100\n|switch|p2a: Magearna|Magearna|100\/100\n|turn|1\n|\n|t:|1699670123\n|move|p1a: Cyclizar|Taunt|p2a: Magearna\n|-start|p2a: Magearna|move: Taunt\n|cant|p2a: Magearna|move: Taunt|Trick Room\n|\n|upkeep\n|turn|2\n|\n|t:|1699670132\n|move|p1a: Cyclizar|Shed Tail|p1a: Cyclizar\n|-start|p1a: Cyclizar|Substitute|[from] move: Shed Tail\n|-damage|p1a: Cyclizar|50\/100\n|\n|t:|1699670140\n|switch|p1a: Spectrier|Spectrier|100\/100|[from] Shed Tail\n|move|p2a: Magearna|Fleur Cannon|p1a: Spectrier\n|-end|p1a: Spectrier|Substitute\n|-unboost|p2a: Magearna|spa|2\n|-enditem|p2a: Magearna|Eject Pack\n|\n|t:|1699670151\n|switch|p2a: Dialga|Dialga|100\/100\n|-ability|p2a: Dialga|Pressure\n|\n|upkeep\n|turn|3\n|\n|t:|1699670154\n|move|p1a: Spectrier|Substitute|p1a: Spectrier\n|-start|p1a: Spectrier|Substitute\n|-damage|p1a: Spectrier|76\/100\n|move|p2a: Dialga|Trick Room|p2a: Dialga\n|-fieldstart|move: Trick Room|[of] p2a: Dialga\n|\n|upkeep\n|turn|4\n|\n|t:|1699670159\n|move|p2a: Dialga|Draco Meteor|p1a: Spectrier\n|-end|p1a: Spectrier|Substitute\n|-unboost|p2a: Dialga|spa|2\n|-enditem|p2a: Dialga|Eject Pack\n|\n|t:|1699670163\n|switch|p2a: Ursaluna|Ursaluna, F, shiny|100\/100\n|move|p1a: Spectrier|Shadow Ball|p2a: Ursaluna\n|-immune|p2a: Ursaluna\n|\n|-status|p2a: Ursaluna|brn|[from] item: Flame Orb\n|upkeep\n|turn|5\n|\n|t:|1699670171\n|switch|p1a: Rayquaza|Rayquaza|100\/100\n|-ability|p1a: Rayquaza|Air Lock\n|move|p2a: Ursaluna|Crunch|p1a: Rayquaza\n|-damage|p1a: Rayquaza|53\/100\n|\n|-damage|p2a: Ursaluna|94\/100 brn|[from] brn\n|upkeep\n|turn|6\n|\n|t:|1699670183\n|switch|p1a: Spectrier|Spectrier|76\/100\n|move|p2a: Ursaluna|Crunch|p1a: Spectrier\n|-supereffective|p1a: Spectrier\n|-damage|p1a: Spectrier|0 fnt\n|faint|p1a: Spectrier\n|\n|-damage|p2a: Ursaluna|88\/100 brn|[from] brn\n|upkeep\n|\n|t:|1699670196\n|switch|p1a: Magearna|Magearna|100\/100\n|turn|7\n|\n|t:|1699670201\n|move|p2a: Ursaluna|Facade|p1a: Magearna\n|-resisted|p1a: Magearna\n|-damage|p1a: Magearna|51\/100\n|move|p1a: Magearna|Shift Gear|p1a: Magearna\n|-boost|p1a: Magearna|spe|2\n|-boost|p1a: Magearna|atk|1\n|\n|-heal|p1a: Magearna|57\/100|[from] item: Leftovers\n|-damage|p2a: Ursaluna|82\/100 brn|[from] brn\n|-fieldend|move: Trick Room\n|upkeep\n|turn|8\n|\n|t:|1699670211\n|move|p1a: Magearna|Draining Kiss|p2a: Ursaluna\n|-damage|p2a: Ursaluna|62\/100 brn\n|-heal|p1a: Magearna|79\/100|[from] drain|[of] p2a: Ursaluna\n|move|p2a: Ursaluna|Headlong Rush|p1a: Magearna\n|-supereffective|p1a: Magearna\n|-damage|p1a: Magearna|0 fnt\n|-unboost|p2a: Ursaluna|def|1\n|-unboost|p2a: Ursaluna|spd|1\n|faint|p1a: Magearna\n|\n|-damage|p2a: Ursaluna|56\/100 brn|[from] brn\n|upkeep\n|\n|t:|1699670221\n|switch|p1a: Arceus|Arceus-Fire|100\/100\n|turn|9\n|\n|t:|1699670224\n|move|p1a: Arceus|Flare Blitz|p2a: Ursaluna\n|-damage|p2a: Ursaluna|0 fnt\n|faint|p2a: Ursaluna\n|-damage|p1a: Arceus|78\/100|[from] Recoil\n|\n|upkeep\n|\n|t:|1699670229\n|switch|p2a: Baxcalibur|Baxcalibur, M|100\/100\n|turn|10\n|\n|t:|1699670233\n|move|p1a: Arceus|Dragon Dance|p1a: Arceus\n|-boost|p1a: Arceus|atk|1\n|-boost|p1a: Arceus|spe|1\n|move|p2a: Baxcalibur|Glaive Rush|p1a: Arceus\n|-damage|p1a: Arceus|0 fnt\n|-singlemove|p2a: Baxcalibur|Glaive Rush|[silent]\n|faint|p1a: Arceus\n|\n|upkeep\n|\n|t:|1699670249\n|switch|p1a: Cyclizar|Cyclizar, M|84\/100\n|turn|11\n|\n|t:|1699670254\n|move|p1a: Cyclizar|Shed Tail|p1a: Cyclizar\n|-start|p1a: Cyclizar|Substitute|[from] move: Shed Tail\n|-damage|p1a: Cyclizar|33\/100\n|\n|t:|1699670256\n|switch|p1a: Ogerpon|Ogerpon-Wellspring, F|100\/100|[from] Shed Tail\n|move|p2a: Baxcalibur|Glaive Rush|p1a: Ogerpon\n|-end|p1a: Ogerpon|Substitute\n|-singlemove|p2a: Baxcalibur|Glaive Rush|[silent]\n|\n|upkeep\n|turn|12\n|\n|t:|1699670266\n|move|p1a: Ogerpon|Play Rough|p2a: Baxcalibur\n|-supereffective|p2a: Baxcalibur\n|-damage|p2a: Baxcalibur|0 fnt\n|faint|p2a: Baxcalibur\n|\n|upkeep\n|\n|t:|1699670271\n|switch|p2a: Magearna|Magearna|100\/100\n|turn|13\n|\n|t:|1699670276\n|-terastallize|p1a: Ogerpon|Water\n|detailschange|p1a: Ogerpon|Ogerpon-Wellspring-Tera, F, tera:Water\n|-ability|p1a: Ogerpon|Embody Aspect (Wellspring)|boost\n|-boost|p1a: Ogerpon|spd|1\n|move|p1a: Ogerpon|Ivy Cudgel|p2a: Magearna\n|-damage|p2a: Magearna|33\/100\n|move|p2a: Magearna|Trick Room|p2a: Magearna\n|-fieldstart|move: Trick Room|[of] p2a: Magearna\n|\n|upkeep\n|turn|14\n|\n|t:|1699670285\n|move|p2a: Magearna|Thunder Wave|p1a: Ogerpon\n|-status|p1a: Ogerpon|par\n|move|p1a: Ogerpon|Swords Dance|p1a: Ogerpon\n|-boost|p1a: Ogerpon|atk|2\n|\n|upkeep\n|turn|15\n|\n|t:|1699670291\n|switch|p2a: Iron Hands|Iron Hands|100\/100\n|cant|p1a: Ogerpon|par\n|\n|upkeep\n|turn|16\n|\n|t:|1699670298\n|switch|p1a: Cyclizar|Cyclizar, M|67\/100\n|move|p2a: Iron Hands|Thunder Punch|p1a: Cyclizar\n|-resisted|p1a: Cyclizar\n|-damage|p1a: Cyclizar|35\/100\n|\n|upkeep\n|turn|17\n|\n|t:|1699670303\n|move|p2a: Iron Hands|Ice Punch|p1a: Cyclizar\n|-supereffective|p1a: Cyclizar\n|-damage|p1a: Cyclizar|0 fnt\n|faint|p1a: Cyclizar\n|\n|-fieldend|move: Trick Room\n|upkeep\n|\n|t:|1699670305\n|switch|p1a: Rayquaza|Rayquaza|53\/100\n|-ability|p1a: Rayquaza|Air Lock\n|turn|18\n|\n|t:|1699670311\n|-terastallize|p2a: Iron Hands|Steel\n|move|p1a: Rayquaza|Draco Meteor|p2a: Iron Hands\n|-resisted|p2a: Iron Hands\n|-damage|p2a: Iron Hands|66\/100\n|-unboost|p1a: Rayquaza|spa|2\n|move|p2a: Iron Hands|Ice Punch|p1a: Rayquaza\n|-supereffective|p1a: Rayquaza\n|-damage|p1a: Rayquaza|0 fnt\n|faint|p1a: Rayquaza\n|\n|-heal|p2a: Iron Hands|72\/100|[from] item: Leftovers\n|upkeep\n|\n|t:|1699670317\n|switch|p1a: Ogerpon|Ogerpon-Wellspring-Tera, F, tera:Water|100\/100 par\n|-ability|p1a: Ogerpon|Embody Aspect (Wellspring)|boost\n|-boost|p1a: Ogerpon|spd|1\n|turn|19\n|\n|t:|1699670319\n|move|p1a: Ogerpon|Ivy Cudgel|p2a: Iron Hands\n|-damage|p2a: Iron Hands|20\/100\n|move|p2a: Iron Hands|Thunder Punch|p1a: Ogerpon\n|-supereffective|p1a: Ogerpon\n|-damage|p1a: Ogerpon|0 fnt\n|faint|p1a: Ogerpon\n|\n|win|angl3r\n|c|\u2606ZachPlay|Eh\n|c|\u2606ZachPlay|Gg\n|l|\u203dangl3r\n|j|\u203dangl3r\n|player|p2|angl3r|iris-gen5bw2\n|l|\u2606ZachPlay\n","uploadtime":1699670369,"views":14,"p1id":"zachplay","p2id":"angl3r","formatid":"gen9ubers","rating":0,"private":0,"password":""}