{"id":"gen9ubers-1974243282","p1":"Rei_darkness","p2":"Gladiator_Kraken","format":"[Gen 9] Ubers","log":"|j|\u2606Rei_darkness\n|j|\u2606Gladiator_Kraken\n|t:|1698071445\n|gametype|singles\n|player|p1|Rei_darkness|drayden|\n|player|p2|Gladiator_Kraken|youngster-gen4dp|\n|teamsize|p1|6\n|teamsize|p2|6\n|gen|9\n|tier|[Gen 9] Ubers\n|rule|Sleep Clause Mod: Limit one foe put to sleep\n|rule|Species Clause: Limit one of each Pok\u00e9mon\n|rule|OHKO Clause: OHKO moves are banned\n|rule|Evasion Items Clause: Evasion items are banned\n|rule|Evasion Moves Clause: Evasion moves are banned\n|rule|Endless Battle Clause: Forcing endless battles is banned\n|rule|HP Percentage Mod: HP is shown in percentages\n|clearpoke\n|poke|p1|Slowbro-Galar, F|\n|poke|p1|Slowking-Galar, F|\n|poke|p1|Calyrex-Ice|\n|poke|p1|Victreebel, M|\n|poke|p1|Scovillain, M|\n|poke|p1|Koraidon|\n|poke|p2|Slowking-Galar, F|\n|poke|p2|Crawdaunt, M|\n|poke|p2|Goodra-Hisui, F|\n|poke|p2|Medicham, F|\n|poke|p2|Spiritomb, F|\n|poke|p2|Torkoal, M|\n|teampreview\n|c|\u2606Gladiator_Kraken|glhf\n|inactive|Battle timer is ON: inactive players will automatically lose when time's up. (requested by Gladiator_Kraken)\n|\n|t:|1698071481\n|start\n|switch|p1a: Slowking|Slowking-Galar, F|100\/100\n|switch|p2a: The Contrarian Mon|Slowking-Galar, F|100\/100\n|turn|1\n|\n|t:|1698071492\n|move|p2a: The Contrarian Mon|Taunt|p1a: Slowking\n|-start|p1a: Slowking|move: Taunt\n|cant|p1a: Slowking|move: Taunt|Chilly Reception\n|\n|upkeep\n|turn|2\n|inactive|Rei_darkness has 270 seconds left.\n|\n|t:|1698071524\n|switch|p1a: Calyrex|Calyrex-Ice|100\/100\n|-ability|p1a: Calyrex|As One\n|-ability|p1a: Calyrex|Unnerve\n|move|p2a: The Contrarian Mon|Trick Room|p2a: The Contrarian Mon\n|-fieldstart|move: Trick Room|[of] p2a: The Contrarian Mon\n|\n|upkeep\n|turn|3\n|\n|t:|1698071535\n|move|p1a: Calyrex|Calm Mind|p1a: Calyrex\n|-boost|p1a: Calyrex|spa|1\n|-boost|p1a: Calyrex|spd|1\n|move|p2a: The Contrarian Mon|Chilly Reception|p2a: The Contrarian Mon\n|-weather|Snow\n|\n|t:|1698071539\n|switch|p2a: Cool guy :)|Goodra-Hisui, F|100\/100|[from] Chilly Reception\n|\n|-weather|Snow|[upkeep]\n|upkeep\n|turn|4\n|\n|t:|1698071563\n|move|p1a: Calyrex|Calm Mind|p1a: Calyrex\n|-boost|p1a: Calyrex|spa|1\n|-boost|p1a: Calyrex|spd|1\n|move|p2a: Cool guy :)|Outrage|p1a: Calyrex\n|-crit|p1a: Calyrex\n|-damage|p1a: Calyrex|58\/100\n|-damage|p2a: Cool guy :)|91\/100|[from] item: Life Orb\n|\n|-weather|Snow|[upkeep]\n|upkeep\n|turn|5\n|\n|t:|1698071568\n|move|p1a: Calyrex|Calm Mind|p1a: Calyrex\n|-boost|p1a: Calyrex|spa|1\n|-boost|p1a: Calyrex|spd|1\n|move|p2a: Cool guy :)|Outrage|p1a: Calyrex|[from]lockedmove\n|-damage|p1a: Calyrex|28\/100\n|-damage|p2a: Cool guy :)|81\/100|[from] item: Life Orb\n|-start|p2a: Cool guy :)|confusion|[fatigue]\n|\n|-weather|Snow|[upkeep]\n|upkeep\n|turn|6\n|\n|t:|1698071572\n|move|p1a: Calyrex|Rest|p1a: Calyrex\n|-status|p1a: Calyrex|slp|[from] move: Rest\n|-heal|p1a: Calyrex|100\/100 slp|[silent]\n|-enditem|p1a: Calyrex|Chesto Berry|[eat]\n|-curestatus|p1a: Calyrex|slp|[msg]\n|-activate|p2a: Cool guy :)|confusion\n|move|p2a: Cool guy :)|Outrage|p1a: Calyrex\n|-damage|p1a: Calyrex|69\/100\n|-damage|p2a: Cool guy :)|71\/100|[from] item: Life Orb\n|\n|-weather|Snow|[upkeep]\n|-fieldend|move: Trick Room\n|upkeep\n|turn|7\n|\n|t:|1698071580\n|-terastallize|p1a: Calyrex|Fairy\n|-activate|p2a: Cool guy :)|confusion\n|move|p2a: Cool guy :)|Outrage|p1a: Calyrex|[from]lockedmove\n|-immune|p1a: Calyrex\n|move|p1a: Calyrex|Draining Kiss|p2a: Cool guy :)\n|-damage|p2a: Cool guy :)|43\/100\n|-heal|p1a: Calyrex|87\/100|[from] drain|[of] p2a: Cool guy :)\n|\n|-weather|none\n|upkeep\n|turn|8\n|\n|t:|1698071588\n|-activate|p2a: Cool guy :)|confusion\n|move|p2a: Cool guy :)|Heavy Slam|p1a: Calyrex\n|-supereffective|p1a: Calyrex\n|-damage|p1a: Calyrex|54\/100\n|-damage|p2a: Cool guy :)|33\/100|[from] item: Life Orb\n|move|p1a: Calyrex|Draining Kiss|p2a: Cool guy :)\n|-damage|p2a: Cool guy :)|6\/100\n|-heal|p1a: Calyrex|73\/100|[from] drain|[of] p2a: Cool guy :)\n|\n|upkeep\n|turn|9\n|\n|t:|1698071593\n|-activate|p2a: Cool guy :)|confusion\n|move|p2a: Cool guy :)|Heavy Slam|p1a: Calyrex\n|-supereffective|p1a: Calyrex\n|-damage|p1a: Calyrex|45\/100\n|-damage|p2a: Cool guy :)|0 fnt|[from] item: Life Orb\n|faint|p2a: Cool guy :)\n|move|p1a: Calyrex|Draining Kiss|p2: Cool guy :)|[notarget]\n|-fail|p1a: Calyrex\n|\n|upkeep\n|\n|t:|1698071599\n|switch|p2a: Me deez champ|Medicham, F|100\/100\n|turn|10\n|\n|t:|1698071605\n|move|p2a: Me deez champ|Zen Headbutt|p1a: Calyrex\n|-damage|p1a: Calyrex|0 fnt\n|faint|p1a: Calyrex\n|\n|upkeep\n|\n|t:|1698071610\n|switch|p1a: Koraidon|Koraidon|100\/100\n|-weather|SunnyDay|[from] ability: Orichalcum Pulse|[of] p1a: Koraidon\n|-activate|p1a: Koraidon|Orichalcum Pulse|[source]\n|turn|11\n|\n|t:|1698071631\n|switch|p2a: Toomer|Spiritomb, F|100\/100\n|move|p1a: Koraidon|Fire Spin|p2a: Toomer|[miss]\n|-miss|p1a: Koraidon|p2a: Toomer\n|\n|-weather|SunnyDay|[upkeep]\n|upkeep\n|turn|12\n|\n|t:|1698071638\n|move|p1a: Koraidon|Taunt|p2a: Toomer\n|-start|p2a: Toomer|move: Taunt\n|cant|p2a: Toomer|move: Taunt|Trick Room\n|\n|-weather|SunnyDay|[upkeep]\n|upkeep\n|turn|13\n|\n|t:|1698071653\n|switch|p2a: Me deez champ|Medicham, F|100\/100\n|move|p1a: Koraidon|Fire Spin|p2a: Me deez champ\n|-damage|p2a: Me deez champ|81\/100\n|-activate|p2a: Me deez champ|move: Fire Spin|[of] p1a: Koraidon\n|\n|-weather|SunnyDay|[upkeep]\n|-damage|p2a: Me deez champ|69\/100|[from] move: Fire Spin|[partiallytrapped]\n|upkeep\n|turn|14\n|\n|t:|1698071664\n|move|p1a: Koraidon|Draco Meteor|p2a: Me deez champ\n|-damage|p2a: Me deez champ|0 fnt\n|-unboost|p1a: Koraidon|spa|2\n|faint|p2a: Me deez champ\n|\n|-weather|SunnyDay|[upkeep]\n|upkeep\n|\n|t:|1698071673\n|switch|p2a: The Contrarian Mon|Slowking-Galar, F|100\/100\n|turn|15\n|\n|t:|1698071679\n|move|p1a: Koraidon|Taunt|p2a: The Contrarian Mon\n|-start|p2a: The Contrarian Mon|move: Taunt\n|-enditem|p2a: The Contrarian Mon|Mental Herb\n|-end|p2a: The Contrarian Mon|move: Taunt\n|move|p2a: The Contrarian Mon|Trick Room|p2a: The Contrarian Mon\n|-fieldstart|move: Trick Room|[of] p2a: The Contrarian Mon\n|\n|-weather|SunnyDay|[upkeep]\n|upkeep\n|turn|16\n|\n|t:|1698071696\n|move|p2a: The Contrarian Mon|Chilly Reception|p2a: The Contrarian Mon\n|-weather|Snow\n|\n|t:|1698071707\n|switch|p2a: Little Guy :)|Torkoal, M|100\/100|[from] Chilly Reception\n|-weather|SunnyDay|[from] ability: Drought|[of] p2a: Little Guy :)\n|move|p1a: Koraidon|Taunt|p2a: Little Guy :)\n|-start|p2a: Little Guy :)|move: Taunt\n|\n|-weather|SunnyDay|[upkeep]\n|upkeep\n|turn|17\n|\n|t:|1698071731\n|switch|p1a: Slowking|Slowking-Galar, F|100\/100\n|-terastallize|p2a: Little Guy :)|Fire\n|move|p2a: Little Guy :)|Eruption|p1a: Slowking\n|-damage|p1a: Slowking|0 fnt\n|faint|p1a: Slowking\n|\n|-weather|SunnyDay|[upkeep]\n|upkeep\n|\n|t:|1698071737\n|switch|p1a: Slowbro|Slowbro-Galar, F|100\/100\n|turn|18\n|\n|t:|1698071743\n|move|p2a: Little Guy :)|Eruption|p1a: Slowbro\n|-damage|p1a: Slowbro|0 fnt\n|faint|p1a: Slowbro\n|\n|-weather|SunnyDay|[upkeep]\n|-end|p2a: Little Guy :)|move: Taunt\n|upkeep\n|\n|t:|1698071756\n|switch|p1a: Victreebel|Victreebel, M|100\/100\n|turn|19\n|\n|t:|1698071760\n|move|p2a: Little Guy :)|Eruption|p1a: Victreebel\n|-supereffective|p1a: Victreebel\n|-damage|p1a: Victreebel|0 fnt\n|faint|p1a: Victreebel\n|\n|-weather|SunnyDay|[upkeep]\n|-fieldend|move: Trick Room\n|upkeep\n|\n|t:|1698071761\n|switch|p1a: Scovillain|Scovillain, M|100\/100\n|turn|20\n|\n|t:|1698071772\n|switch|p2a: Toomer|Spiritomb, F|100\/100\n|move|p1a: Scovillain|Lash Out|p2a: Toomer\n|-crit|p2a: Toomer\n|-damage|p2a: Toomer|56\/100\n|\n|-weather|none\n|-heal|p2a: Toomer|62\/100|[from] item: Leftovers\n|upkeep\n|turn|21\n|\n|t:|1698071799\n|switch|p1a: Koraidon|Koraidon|100\/100\n|-weather|SunnyDay|[from] ability: Orichalcum Pulse|[of] p1a: Koraidon\n|-activate|p1a: Koraidon|Orichalcum Pulse|[source]\n|move|p2a: Toomer|Trick Room|p2a: Toomer\n|-fieldstart|move: Trick Room|[of] p2a: Toomer\n|\n|-weather|SunnyDay|[upkeep]\n|-heal|p2a: Toomer|69\/100|[from] item: Leftovers\n|upkeep\n|turn|22\n|\n|t:|1698071817\n|switch|p2a: Mr Craw|Crawdaunt, M|100\/100\n|move|p1a: Koraidon|Fire Spin|p2a: Mr Craw\n|-resisted|p2a: Mr Craw\n|-damage|p2a: Mr Craw|90\/100\n|-activate|p2a: Mr Craw|move: Fire Spin|[of] p1a: Koraidon\n|\n|-weather|SunnyDay|[upkeep]\n|-damage|p2a: Mr Craw|78\/100|[from] move: Fire Spin|[partiallytrapped]\n|upkeep\n|turn|23\n|\n|t:|1698071827\n|move|p2a: Mr Craw|Ice Beam|p1a: Koraidon\n|-supereffective|p1a: Koraidon\n|-damage|p1a: Koraidon|34\/100\n|-damage|p2a: Mr Craw|68\/100|[from] item: Life Orb\n|move|p1a: Koraidon|Draco Meteor|p2a: Mr Craw\n|-damage|p2a: Mr Craw|0 fnt\n|-unboost|p1a: Koraidon|spa|2\n|faint|p2a: Mr Craw\n|\n|-weather|SunnyDay|[upkeep]\n|upkeep\n|\n|t:|1698071830\n|switch|p2a: Little Guy :)|Torkoal, M, tera:Fire|100\/100\n|turn|24\n|-message|Rei_darkness forfeited.\n|\n|win|Gladiator_Kraken\n","uploadtime":1698071841,"views":11,"p1id":"reidarkness","p2id":"gladiatorkraken","formatid":"gen9ubers","rating":0,"private":0,"password":""}