{"id":"gen9ubers-1987134247","p1":"Gym Leader Sohniya","p2":"Rip_Dialga","format":"[Gen 9] Ubers","log":"|j|\u2606Gym Leader Sohniya\n|j|\u2606Rip_Dialga\n|t:|1699558888\n|gametype|singles\n|player|p1|Gym Leader Sohniya|colress|1028\n|player|p2|Rip_Dialga|hilbert-wonderlauncher|1086\n|teamsize|p1|6\n|teamsize|p2|6\n|gen|9\n|tier|[Gen 9] Ubers\n|rated|\n|rule|Sleep Clause Mod: Limit one foe put to sleep\n|rule|Species Clause: Limit one of each Pok\u00e9mon\n|rule|OHKO Clause: OHKO moves are banned\n|rule|Evasion Items Clause: Evasion items are banned\n|rule|Evasion Moves Clause: Evasion moves are banned\n|rule|Endless Battle Clause: Forcing endless battles is banned\n|rule|HP Percentage Mod: HP is shown in percentages\n|clearpoke\n|poke|p1|Dragonite, M|\n|poke|p1|Hydreigon, F|\n|poke|p1|Garchomp, M|\n|poke|p1|Roaring Moon|\n|poke|p1|Dragapult, F|\n|poke|p1|Quaquaval, F|\n|poke|p2|Rayquaza|\n|poke|p2|Urshifu-*, M|\n|poke|p2|Clefable, F|\n|poke|p2|Kyogre|\n|poke|p2|Groudon|\n|poke|p2|Mewtwo|\n|teampreview\n|\n|t:|1699558902\n|start\n|switch|p1a: Dragonite|Dragonite, M|100\/100\n|switch|p2a: Clefable|Clefable, F|100\/100\n|turn|1\n|\n|t:|1699558917\n|move|p2a: Clefable|Calm Mind|p2a: Clefable\n|-boost|p2a: Clefable|spa|1\n|-boost|p2a: Clefable|spd|1\n|move|p1a: Dragonite|Dragon Dance|p1a: Dragonite\n|-boost|p1a: Dragonite|atk|1\n|-boost|p1a: Dragonite|spe|1\n|\n|upkeep\n|turn|2\n|inactive|Battle timer is ON: inactive players will automatically lose when time's up. (requested by Gym Leader Sohniya)\n|\n|t:|1699558925\n|move|p1a: Dragonite|Dragon Dance|p1a: Dragonite\n|-boost|p1a: Dragonite|atk|1\n|-boost|p1a: Dragonite|spe|1\n|move|p2a: Clefable|Calm Mind|p2a: Clefable\n|-boost|p2a: Clefable|spa|1\n|-boost|p2a: Clefable|spd|1\n|\n|upkeep\n|turn|3\n|\n|t:|1699558934\n|move|p1a: Dragonite|Encore|p2a: Clefable\n|-start|p2a: Clefable|Encore\n|move|p2a: Clefable|Calm Mind|p2a: Clefable\n|-boost|p2a: Clefable|spa|1\n|-boost|p2a: Clefable|spd|1\n|\n|upkeep\n|turn|4\n|\n|t:|1699558954\n|move|p1a: Dragonite|Dragon Dance|p1a: Dragonite\n|-boost|p1a: Dragonite|atk|1\n|-boost|p1a: Dragonite|spe|1\n|move|p2a: Clefable|Calm Mind|p2a: Clefable\n|-boost|p2a: Clefable|spa|1\n|-boost|p2a: Clefable|spd|1\n|\n|upkeep\n|turn|5\n|\n|t:|1699558961\n|move|p1a: Dragonite|Dragon Dance|p1a: Dragonite\n|-boost|p1a: Dragonite|atk|1\n|-boost|p1a: Dragonite|spe|1\n|move|p2a: Clefable|Calm Mind|p2a: Clefable\n|-boost|p2a: Clefable|spa|1\n|-boost|p2a: Clefable|spd|1\n|\n|-end|p2a: Clefable|Encore\n|upkeep\n|turn|6\n|\n|t:|1699558972\n|move|p1a: Dragonite|Encore|p2a: Clefable\n|-start|p2a: Clefable|Encore\n|move|p2a: Clefable|Calm Mind|p2a: Clefable\n|-boost|p2a: Clefable|spa|1\n|-boost|p2a: Clefable|spd|1\n|\n|upkeep\n|turn|7\n|\n|t:|1699558978\n|move|p1a: Dragonite|Dragon Dance|p1a: Dragonite\n|-boost|p1a: Dragonite|atk|1\n|-boost|p1a: Dragonite|spe|1\n|move|p2a: Clefable|Calm Mind|p2a: Clefable\n|-boost|p2a: Clefable|spa|0\n|-boost|p2a: Clefable|spd|0\n|\n|upkeep\n|turn|8\n|\n|t:|1699558985\n|move|p1a: Dragonite|Dragon Dance|p1a: Dragonite\n|-boost|p1a: Dragonite|atk|1\n|-boost|p1a: Dragonite|spe|1\n|move|p2a: Clefable|Calm Mind|p2a: Clefable\n|-boost|p2a: Clefable|spa|0\n|-boost|p2a: Clefable|spd|0\n|\n|-end|p2a: Clefable|Encore\n|upkeep\n|turn|9\n|\n|t:|1699558997\n|move|p1a: Dragonite|Encore|p2a: Clefable\n|-start|p2a: Clefable|Encore\n|move|p2a: Clefable|Calm Mind|p2a: Clefable\n|-boost|p2a: Clefable|spa|0\n|-boost|p2a: Clefable|spd|0\n|\n|upkeep\n|turn|10\n|\n|t:|1699559004\n|move|p1a: Dragonite|Extreme Speed|p2a: Clefable\n|-damage|p2a: Clefable|65\/100\n|move|p2a: Clefable|Calm Mind|p2a: Clefable\n|-boost|p2a: Clefable|spa|0\n|-boost|p2a: Clefable|spd|0\n|\n|-heal|p2a: Clefable|71\/100|[from] item: Leftovers\n|upkeep\n|turn|11\n|\n|t:|1699559013\n|switch|p2a: Kyogre|Kyogre|100\/100\n|-weather|RainDance|[from] ability: Drizzle|[of] p2a: Kyogre\n|-terastallize|p1a: Dragonite|Normal\n|move|p1a: Dragonite|Extreme Speed|p2a: Kyogre\n|-damage|p2a: Kyogre|0 fnt\n|faint|p2a: Kyogre\n|\n|-weather|RainDance|[upkeep]\n|upkeep\n|\n|t:|1699559018\n|switch|p2a: Clefable|Clefable, F|71\/100\n|turn|12\n|\n|t:|1699559026\n|move|p1a: Dragonite|Extreme Speed|p2a: Clefable\n|-damage|p2a: Clefable|17\/100\n|move|p2a: Clefable|Moonblast|p1a: Dragonite\n|-damage|p1a: Dragonite|85\/100\n|\n|-weather|RainDance|[upkeep]\n|-heal|p2a: Clefable|24\/100|[from] item: Leftovers\n|upkeep\n|turn|13\n|\n|t:|1699559035\n|move|p1a: Dragonite|Extreme Speed|p2a: Clefable\n|-damage|p2a: Clefable|0 fnt\n|faint|p2a: Clefable\n|\n|-weather|RainDance|[upkeep]\n|upkeep\n|\n|t:|1699559041\n|switch|p2a: Mewtwo|Mewtwo|100\/100\n|-ability|p2a: Mewtwo|Pressure\n|turn|14\n|\n|t:|1699559052\n|move|p1a: Dragonite|Extreme Speed|p2a: Mewtwo\n|-damage|p2a: Mewtwo|0 fnt\n|faint|p2a: Mewtwo\n|\n|-weather|RainDance|[upkeep]\n|upkeep\n|\n|t:|1699559058\n|switch|p2a: Rayquaza|Rayquaza|100\/100\n|-ability|p2a: Rayquaza|Air Lock\n|turn|15\n|\n|t:|1699559065\n|move|p1a: Dragonite|Extreme Speed|p2a: Rayquaza\n|-damage|p2a: Rayquaza|0 fnt\n|faint|p2a: Rayquaza\n|\n|-weather|none\n|upkeep\n|\n|t:|1699559072\n|switch|p2a: Urshifu|Urshifu, M|100\/100\n|turn|16\n|\n|t:|1699559076\n|move|p1a: Dragonite|Extreme Speed|p2a: Urshifu\n|-damage|p2a: Urshifu|0 fnt\n|faint|p2a: Urshifu\n|\n|upkeep\n|\n|t:|1699559080\n|switch|p2a: Groudon|Groudon|100\/100\n|-weather|SunnyDay|[from] ability: Drought|[of] p2a: Groudon\n|turn|17\n|\n|t:|1699559087\n|move|p1a: Dragonite|Outrage|p2a: Groudon\n|-damage|p2a: Groudon|0 fnt\n|faint|p2a: Groudon\n|\n|win|Gym Leader Sohniya\n|raw|Gym Leader Sohniya's rating: 1028 &rarr; <strong>1070<\/strong><br \/>(+42 for winning)\n|raw|Rip_Dialga's rating: 1086 &rarr; <strong>1059<\/strong><br \/>(-27 for losing)\n","uploadtime":1699559095,"views":18,"p1id":"gymleadersohniya","p2id":"ripdialga","formatid":"gen9ubers","rating":1059,"private":0,"password":""}