{"id":"gen9ubers-1998038692","p1":"Infernium Blade","p2":"Keith Burnett","format":"[Gen 9] Ubers","log":"|j|\u2606Infernium Blade\n|j|\u203dKeith Burnett\n|t:|1700882235\n|gametype|singles\n|player|p1|Infernium Blade|1|1196\n|player|p2|Keith Burnett|170|1307\n|teamsize|p1|6\n|teamsize|p2|6\n|gen|9\n|tier|[Gen 9] Ubers\n|rated|\n|rule|Sleep Clause Mod: Limit one foe put to sleep\n|rule|Species Clause: Limit one of each Pok\u00e9mon\n|rule|OHKO Clause: OHKO moves are banned\n|rule|Evasion Items Clause: Evasion items are banned\n|rule|Evasion Moves Clause: Evasion moves are banned\n|rule|Endless Battle Clause: Forcing endless battles is banned\n|rule|HP Percentage Mod: HP is shown in percentages\n|clearpoke\n|poke|p1|Arceus-Ghost|\n|poke|p1|Koraidon|\n|poke|p1|Sneasler, F|\n|poke|p1|Flutter Mane|\n|poke|p1|Zacian-*|\n|poke|p1|Regieleki|\n|poke|p2|Pelipper, F|\n|poke|p2|Iron Treads|\n|poke|p2|Iron Bundle|\n|poke|p2|Koraidon|\n|poke|p2|Miraidon|\n|poke|p2|Zacian-*|\n|teampreview\n|inactive|Battle timer is ON: inactive players will automatically lose when time's up. (requested by Keith Burnett)\n|inactive|Infernium Blade has 120 seconds left.\n|l|\u2606Infernium Blade\n|inactive|Infernium Blade disconnected and has a minute to reconnect!\n|player|p1|\n|j|\u2606Infernium Blade\n|inactive|Infernium Blade reconnected and has 100 seconds left.\n|player|p1|Infernium Blade|1\n|inactive|Infernium Blade has 90 seconds left.\n|l|\u2606Infernium Blade\n|inactive|Infernium Blade disconnected and has a minute to reconnect!\n|player|p1|\n|j|\u2606Infernium Blade\n|inactive|Infernium Blade reconnected and has 80 seconds left.\n|player|p1|Infernium Blade|1\n|inactive|Infernium Blade has 60 seconds left.\n|\n|t:|1700882388\n|start\n|switch|p1a: Arceus|Arceus-Ghost|100\/100\n|switch|p2a: Miraidon|Miraidon|100\/100\n|-fieldstart|move: Electric Terrain|[from] ability: Hadron Engine|[of] p2a: Miraidon\n|turn|1\n|\n|t:|1700882401\n|move|p2a: Miraidon|Draco Meteor|p1a: Arceus|[miss]\n|-miss|p2a: Miraidon|p1a: Arceus\n|move|p1a: Arceus|Dragon Dance|p1a: Arceus\n|-boost|p1a: Arceus|atk|1\n|-boost|p1a: Arceus|spe|1\n|\n|upkeep\n|turn|2\n|\n|t:|1700882416\n|move|p1a: Arceus|Shadow Claw|p2a: Miraidon\n|-damage|p2a: Miraidon|34\/100\n|move|p2a: Miraidon|Draco Meteor|p1a: Arceus\n|-damage|p1a: Arceus|8\/100\n|-unboost|p2a: Miraidon|spa|2\n|\n|upkeep\n|turn|3\n|j| A-Pec 110\n|inactive|Keith Burnett has 120 seconds left.\n|\n|t:|1700882453\n|switch|p2a: Iron Treads|Iron Treads|100\/100\n|-activate|p2a: Iron Treads|ability: Quark Drive\n|-start|p2a: Iron Treads|quarkdrivespd\n|move|p1a: Arceus|Shadow Claw|p2a: Iron Treads\n|-crit|p2a: Iron Treads\n|-damage|p2a: Iron Treads|21\/100\n|\n|-heal|p2a: Iron Treads|27\/100|[from] item: Leftovers\n|upkeep\n|turn|4\n|inactive|Keith Burnett has 120 seconds left.\n|\n|t:|1700882468\n|move|p1a: Arceus|Shadow Claw|p2a: Iron Treads\n|-damage|p2a: Iron Treads|0 fnt\n|faint|p2a: Iron Treads\n|-end|p2a: Iron Treads|Quark Drive|[silent]\n|\n|upkeep\n|\n|t:|1700882476\n|switch|p2a: Koraidon|Koraidon|100\/100\n|-weather|SunnyDay|[from] ability: Orichalcum Pulse|[of] p2a: Koraidon\n|-activate|p2a: Koraidon|Orichalcum Pulse|[source]\n|turn|5\n|inactive|Infernium Blade has 120 seconds left.\n|\n|t:|1700882486\n|move|p1a: Arceus|Shadow Claw|p2a: Koraidon\n|-crit|p2a: Koraidon\n|-damage|p2a: Koraidon|13\/100\n|move|p2a: Koraidon|Scale Shot|p1a: Arceus|[miss]\n|-miss|p2a: Koraidon|p1a: Arceus\n|\n|-weather|SunnyDay|[upkeep]\n|-fieldend|move: Electric Terrain\n|upkeep\n|turn|6\n|inactive|Infernium Blade has 120 seconds left.\n|inactive|Keith Burnett has 120 seconds left.\n|\n|t:|1700882497\n|move|p1a: Arceus|Shadow Claw|p2a: Koraidon\n|-damage|p2a: Koraidon|0 fnt\n|faint|p2a: Koraidon\n|\n|-weather|SunnyDay|[upkeep]\n|upkeep\n|\n|t:|1700882505\n|switch|p2a: Iron Bundle|Iron Bundle|100\/100\n|turn|7\n|inactive|Keith Burnett has 120 seconds left.\n|\n|t:|1700882513\n|move|p1a: Arceus|Shadow Claw|p2a: Iron Bundle\n|-crit|p2a: Iron Bundle\n|-damage|p2a: Iron Bundle|0 fnt\n|faint|p2a: Iron Bundle\n|-end|p2a: Iron Bundle|Quark Drive|[silent]\n|\n|-weather|SunnyDay|[upkeep]\n|upkeep\n|inactive|Keith Burnett has 120 seconds left.\n|\n|t:|1700882519\n|switch|p2a: Zacian|Zacian-Crowned|100\/100\n|-ability|p2a: Zacian|Intrepid Sword|boost\n|-boost|p2a: Zacian|atk|1\n|turn|8\n|c|\u2606Infernium Blade|This luck is insane\n|\n|t:|1700882534\n|move|p2a: Zacian|Behemoth Blade|p1a: Arceus\n|-damage|p1a: Arceus|0 fnt\n|faint|p1a: Arceus\n|\n|-weather|SunnyDay|[upkeep]\n|upkeep\n|\n|t:|1700882542\n|switch|p1a: Koraidon|Koraidon|100\/100\n|-activate|p1a: Koraidon|ability: Orichalcum Pulse\n|turn|9\n|inactive|Keith Burnett has 120 seconds left.\n|\n|t:|1700882567\n|-terastallize|p1a: Koraidon|Fire\n|move|p2a: Zacian|Sacred Sword|p1a: Koraidon\n|-damage|p1a: Koraidon|53\/100\n|move|p1a: Koraidon|Flare Blitz|p2a: Zacian\n|-supereffective|p2a: Zacian\n|-damage|p2a: Zacian|0 fnt\n|faint|p2a: Zacian\n|-damage|p1a: Koraidon|22\/100|[from] Recoil\n|\n|-weather|none\n|upkeep\n|inactive|Keith Burnett has 120 seconds left.\n|\n|t:|1700882576\n|switch|p2a: Pelipper|Pelipper, F, shiny|100\/100\n|-weather|RainDance|[from] ability: Drizzle|[of] p2a: Pelipper\n|turn|10\n|\n|t:|1700882584\n|move|p1a: Koraidon|U-turn|p2a: Pelipper\n|-resisted|p2a: Pelipper\n|-damage|p2a: Pelipper|90\/100\n|\n|t:|1700882589\n|switch|p1a: Regieleki|Regieleki|100\/100|[from] U-turn\n|move|p2a: Pelipper|Hydro Pump|p1a: Regieleki\n|-enditem|p1a: Regieleki|Focus Sash\n|-damage|p1a: Regieleki|1\/100\n|\n|-weather|RainDance|[upkeep]\n|upkeep\n|turn|11\n|\n|t:|1700882597\n|switch|p2a: Miraidon|Miraidon|34\/100\n|-fieldstart|move: Electric Terrain|[from] ability: Hadron Engine|[of] p2a: Miraidon\n|move|p1a: Regieleki|Thunder Cage|p2a: Miraidon\n|-resisted|p2a: Miraidon\n|-damage|p2a: Miraidon|23\/100\n|-activate|p2a: Miraidon|move: Thunder Cage|[of] p1a: Regieleki\n|\n|-weather|RainDance|[upkeep]\n|-damage|p2a: Miraidon|11\/100|[from] move: Thunder Cage|[partiallytrapped]\n|upkeep\n|turn|12\n|\n|t:|1700882609\n|move|p1a: Regieleki|Thunder Cage|p2a: Miraidon\n|-resisted|p2a: Miraidon\n|-damage|p2a: Miraidon|1\/100\n|move|p2a: Miraidon|Volt Switch|p1a: Regieleki\n|-resisted|p1a: Regieleki\n|-damage|p1a: Regieleki|0 fnt\n|faint|p1a: Regieleki\n|\n|t:|1700882612\n|switch|p2a: Pelipper|Pelipper, F, shiny|90\/100|[from] Volt Switch\n|\n|-weather|RainDance|[upkeep]\n|upkeep\n|\n|t:|1700882621\n|switch|p1a: Sneasler|Sneasler, F|100\/100\n|turn|13\n|\n|t:|1700882625\n|move|p1a: Sneasler|Fake Out|p2a: Pelipper\n|-damage|p2a: Pelipper|79\/100\n|cant|p2a: Pelipper|flinch\n|\n|-weather|RainDance|[upkeep]\n|upkeep\n|turn|14\n|\n|t:|1700882634\n|move|p1a: Sneasler|Close Combat|p2a: Pelipper\n|-resisted|p2a: Pelipper\n|-damage|p2a: Pelipper|53\/100\n|-unboost|p1a: Sneasler|def|1\n|-unboost|p1a: Sneasler|spd|1\n|-enditem|p1a: Sneasler|White Herb\n|-clearnegativeboost|p1a: Sneasler|[silent]\n|move|p2a: Pelipper|Hurricane|p1a: Sneasler\n|-supereffective|p1a: Sneasler\n|-damage|p1a: Sneasler|3\/100\n|\n|-weather|none\n|upkeep\n|turn|15\n|\n|t:|1700882644\n|move|p1a: Sneasler|Acrobatics|p2a: Pelipper\n|-damage|p2a: Pelipper|20\/100\n|move|p2a: Pelipper|Roost|p2a: Pelipper\n|-heal|p2a: Pelipper|70\/100\n|-singleturn|p2a: Pelipper|move: Roost\n|\n|-fieldend|move: Electric Terrain\n|upkeep\n|turn|16\n|\n|t:|1700882652\n|switch|p1a: Zacian|Zacian-Crowned|100\/100\n|-ability|p1a: Zacian|Intrepid Sword|boost\n|-boost|p1a: Zacian|atk|1\n|move|p2a: Pelipper|Roost|p2a: Pelipper\n|-heal|p2a: Pelipper|100\/100\n|-singleturn|p2a: Pelipper|move: Roost\n|\n|upkeep\n|turn|17\n|\n|t:|1700882659\n|move|p1a: Zacian|Swords Dance|p1a: Zacian\n|-boost|p1a: Zacian|atk|2\n|move|p2a: Pelipper|Hydro Pump|p1a: Zacian\n|-damage|p1a: Zacian|64\/100\n|\n|upkeep\n|turn|18\n|\n|t:|1700882682\n|move|p1a: Zacian|Play Rough|p2a: Pelipper\n|-damage|p2a: Pelipper|10\/100\n|move|p2a: Pelipper|Hydro Pump|p1a: Zacian|[miss]\n|-miss|p2a: Pelipper|p1a: Zacian\n|\n|upkeep\n|turn|19\n|\n|t:|1700882689\n|move|p1a: Zacian|Play Rough|p2a: Pelipper\n|-damage|p2a: Pelipper|0 fnt\n|faint|p2a: Pelipper\n|\n|upkeep\n|\n|t:|1700882691\n|switch|p2a: Miraidon|Miraidon|1\/100\n|-fieldstart|move: Electric Terrain|[from] ability: Hadron Engine|[of] p2a: Miraidon\n|turn|20\n|\n|t:|1700882696\n|move|p1a: Zacian|Play Rough|p2a: Miraidon\n|-supereffective|p2a: Miraidon\n|-damage|p2a: Miraidon|0 fnt\n|faint|p2a: Miraidon\n|\n|win|Infernium Blade\n|raw|Infernium Blade's rating: 1196 &rarr; <strong>1229<\/strong><br \/>(+33 for winning)\n|raw|Keith Burnett's rating: 1307 &rarr; <strong>1281<\/strong><br \/>(-26 for losing)\n|l|\u203dKeith Burnett\n|l| A-Pec 110\n","uploadtime":1700882704,"views":2,"p1id":"inferniumblade","p2id":"keithburnett","formatid":"gen9ubers","rating":1229,"private":0,"password":""}