{"id":"gen9ubers-1970680304","p1":"cartoon cat 4455","p2":"BigFat_Romney","format":"[Gen 9] Ubers","log":"|j|\u2606cartoon cat 4455\n|j|\u2606BigFat_Romney\n|t:|1697657701\n|gametype|singles\n|player|p1|cartoon cat 4455|red|1000\n|player|p2|BigFat_Romney|worker|1098\n|teamsize|p1|6\n|teamsize|p2|6\n|gen|9\n|tier|[Gen 9] Ubers\n|rated|\n|rule|Sleep Clause Mod: Limit one foe put to sleep\n|rule|Species Clause: Limit one of each Pok\u00e9mon\n|rule|OHKO Clause: OHKO moves are banned\n|rule|Evasion Items Clause: Evasion items are banned\n|rule|Evasion Moves Clause: Evasion moves are banned\n|rule|Endless Battle Clause: Forcing endless battles is banned\n|rule|HP Percentage Mod: HP is shown in percentages\n|clearpoke\n|poke|p1|Arcanine, F|\n|poke|p1|Arctibax, F|\n|poke|p1|Palkia|\n|poke|p1|Torkoal, M|\n|poke|p1|Armarouge, F|\n|poke|p1|Arceus|\n|poke|p2|Skeledirge, F|\n|poke|p2|Koraidon|\n|poke|p2|Quagsire, M|\n|poke|p2|Zacian-*|\n|poke|p2|Ditto|\n|poke|p2|Dialga-Origin|\n|teampreview\n|inactive|Battle timer is ON: inactive players will automatically lose when time's up. (requested by BigFat_Romney)\n|\n|t:|1697657712\n|start\n|switch|p1a: Arctibax|Arctibax, F, shiny|100\/100\n|switch|p2a: Koraidon|Koraidon|100\/100\n|-weather|SunnyDay|[from] ability: Orichalcum Pulse|[of] p2a: Koraidon\n|-activate|p2a: Koraidon|Orichalcum Pulse|[source]\n|turn|1\n|\n|t:|1697657726\n|-terastallize|p2a: Koraidon|Fighting\n|move|p2a: Koraidon|Swords Dance|p2a: Koraidon\n|-boost|p2a: Koraidon|atk|2\n|move|p1a: Arctibax|Draco Meteor|p2a: Koraidon\n|-damage|p2a: Koraidon|72\/100\n|-unboost|p1a: Arctibax|spa|2\n|\n|-weather|SunnyDay|[upkeep]\n|upkeep\n|turn|2\n|\n|t:|1697657732\n|move|p2a: Koraidon|Scale Shot|p1a: Arctibax|[miss]\n|-miss|p2a: Koraidon|p1a: Arctibax\n|move|p1a: Arctibax|Avalanche|p2a: Koraidon\n|-crit|p2a: Koraidon\n|-damage|p2a: Koraidon|45\/100\n|\n|-weather|SunnyDay|[upkeep]\n|upkeep\n|turn|3\n|\n|t:|1697657736\n|move|p2a: Koraidon|Scale Shot|p1a: Arctibax\n|-supereffective|p1a: Arctibax\n|-damage|p1a: Arctibax|6\/100\n|-supereffective|p1a: Arctibax\n|-damage|p1a: Arctibax|0 fnt\n|faint|p1a: Arctibax\n|-hitcount|p1: Arctibax|2\n|-unboost|p2a: Koraidon|def|1\n|-boost|p2a: Koraidon|spe|1\n|\n|-weather|SunnyDay|[upkeep]\n|upkeep\n|\n|t:|1697657740\n|switch|p1a: Palkia|Palkia|100\/100\n|-ability|p1a: Palkia|Pressure\n|turn|4\n|\n|t:|1697657745\n|move|p2a: Koraidon|Scale Shot|p1a: Palkia\n|-supereffective|p1a: Palkia\n|-damage|p1a: Palkia|23\/100\n|-supereffective|p1a: Palkia\n|-damage|p1a: Palkia|0 fnt\n|faint|p1a: Palkia\n|-hitcount|p1: Palkia|2\n|-unboost|p2a: Koraidon|def|1\n|-boost|p2a: Koraidon|spe|1\n|\n|-weather|SunnyDay|[upkeep]\n|upkeep\n|\n|t:|1697657749\n|switch|p1a: Arceus|Arceus|100\/100\n|turn|5\n|\n|t:|1697657771\n|move|p2a: Koraidon|Collision Course|p1a: Arceus\n|-supereffective|p1a: Arceus\n|-damage|p1a: Arceus|0 fnt\n|faint|p1a: Arceus\n|\n|-weather|none\n|upkeep\n|\n|t:|1697657778\n|switch|p1a: Torkoal|Torkoal, M|100\/100\n|turn|6\n|\n|t:|1697657797\n|move|p2a: Koraidon|Collision Course|p1a: Torkoal\n|-damage|p1a: Torkoal|0 fnt\n|faint|p1a: Torkoal\n|\n|upkeep\n|\n|t:|1697657801\n|switch|p1a: Armarouge|Armarouge, F|100\/100\n|turn|7\n|\n|t:|1697657806\n|move|p2a: Koraidon|Scale Shot|p1a: Armarouge\n|-crit|p1a: Armarouge\n|-damage|p1a: Armarouge|62\/100\n|-damage|p1a: Armarouge|36\/100\n|-damage|p1a: Armarouge|7\/100\n|-damage|p1a: Armarouge|0 fnt\n|faint|p1a: Armarouge\n|-hitcount|p1: Armarouge|4\n|-unboost|p2a: Koraidon|def|1\n|-boost|p2a: Koraidon|spe|1\n|\n|upkeep\n|\n|t:|1697657809\n|switch|p1a: Arcanine|Arcanine, F, shiny|100\/100\n|turn|8\n|\n|t:|1697657818\n|move|p2a: Koraidon|Collision Course|p1a: Arcanine\n|-damage|p1a: Arcanine|0 fnt\n|faint|p1a: Arcanine\n|\n|win|BigFat_Romney\n|raw|cartoon cat 4455's rating: 1000 &rarr; <strong>1000<\/strong><br \/>(+0 for losing)\n|raw|BigFat_Romney's rating: 1098 &rarr; <strong>1116<\/strong><br \/>(+18 for winning)\n","uploadtime":1697657823,"views":9,"p1id":"cartooncat4455","p2id":"bigfatromney","formatid":"gen9ubers","rating":1000,"private":0,"password":""}