{"id":"gen9ubers-1972446832","p1":"littlemagpie2","p2":"rtyedy","format":"[Gen 9] Ubers","log":"|j|\u2606littlemagpie2\n|j|\u2606rtyedy\n|t:|1697843805\n|gametype|singles\n|player|p1|littlemagpie2|colress|1000\n|player|p2|rtyedy|2|1052\n|teamsize|p1|6\n|teamsize|p2|6\n|gen|9\n|tier|[Gen 9] Ubers\n|rated|\n|rule|Sleep Clause Mod: Limit one foe put to sleep\n|rule|Species Clause: Limit one of each Pok\u00e9mon\n|rule|OHKO Clause: OHKO moves are banned\n|rule|Evasion Items Clause: Evasion items are banned\n|rule|Evasion Moves Clause: Evasion moves are banned\n|rule|Endless Battle Clause: Forcing endless battles is banned\n|rule|HP Percentage Mod: HP is shown in percentages\n|clearpoke\n|poke|p1|Darkrai|\n|poke|p1|Giratina-Origin|\n|poke|p1|Garchomp, M|\n|poke|p1|Heatran, M|\n|poke|p1|Mewtwo|\n|poke|p1|Kyogre|\n|poke|p2|Darkrai|\n|poke|p2|Giratina-Origin|\n|poke|p2|Lucario, M|\n|poke|p2|Groudon|\n|poke|p2|Azelf|\n|poke|p2|Manaphy|\n|teampreview\n|\n|t:|1697843811\n|start\n|switch|p1a: Darkrai|Darkrai|100\/100\n|switch|p2a: Azelf|Azelf|100\/100\n|turn|1\n|\n|t:|1697843820\n|-terastallize|p2a: Azelf|Psychic\n|move|p2a: Azelf|Trick|p1a: Darkrai\n|-activate|p2a: Azelf|move: Trick|[of] p1a: Darkrai\n|-item|p1a: Darkrai|Choice Scarf|[from] move: Trick\n|-item|p2a: Azelf|Focus Sash|[from] move: Trick\n|move|p1a: Darkrai|Dark Void|p2a: Azelf\n|-status|p2a: Azelf|slp|[from] move: Dark Void\n|\n|-damage|p2a: Azelf|88\/100 slp|[from] ability: Bad Dreams|[of] p1a: Darkrai\n|upkeep\n|turn|2\n|\n|t:|1697843833\n|switch|p1a: Heatran|Heatran, M|100\/100\n|cant|p2a: Azelf|slp\n|\n|upkeep\n|turn|3\n|\n|t:|1697843845\n|switch|p2a: Manaphy|Manaphy|100\/100\n|move|p1a: Heatran|Taunt|p2a: Manaphy\n|-start|p2a: Manaphy|move: Taunt\n|\n|upkeep\n|turn|4\n|\n|t:|1697843853\n|switch|p1a: Giratina|Giratina-Origin|100\/100\n|move|p2a: Manaphy|Scald|p1a: Giratina\n|-resisted|p1a: Giratina\n|-damage|p1a: Giratina|89\/100\n|\n|upkeep\n|turn|5\n|\n|t:|1697843866\n|move|p2a: Manaphy|Ice Beam|p1a: Giratina\n|-supereffective|p1a: Giratina\n|-damage|p1a: Giratina|54\/100\n|move|p1a: Giratina|Thunder|p2a: Manaphy\n|-supereffective|p2a: Manaphy\n|-damage|p2a: Manaphy|34\/100\n|\n|-heal|p2a: Manaphy|40\/100|[from] item: Leftovers\n|-end|p2a: Manaphy|move: Taunt\n|upkeep\n|turn|6\n|\n|t:|1697843898\n|switch|p2a: Groudon|Groudon|100\/100\n|-weather|SunnyDay|[from] ability: Drought|[of] p2a: Groudon\n|switch|p1a: Mewtwo|Mewtwo|100\/100\n|-ability|p1a: Mewtwo|Pressure\n|\n|-weather|SunnyDay|[upkeep]\n|upkeep\n|turn|7\n|\n|t:|1697843911\n|move|p1a: Mewtwo|Ice Beam|p2a: Groudon\n|-supereffective|p2a: Groudon\n|-damage|p2a: Groudon|36\/100\n|move|p2a: Groudon|Earthquake|p1a: Mewtwo\n|-damage|p1a: Mewtwo|48\/100\n|\n|-weather|SunnyDay|[upkeep]\n|-heal|p1a: Mewtwo|54\/100|[from] item: Leftovers\n|-heal|p2a: Groudon|42\/100|[from] item: Leftovers\n|upkeep\n|turn|8\n|\n|t:|1697843937\n|switch|p2a: Giratina|Giratina-Origin|100\/100\n|move|p1a: Mewtwo|Ice Beam|p2a: Giratina\n|-supereffective|p2a: Giratina\n|-damage|p2a: Giratina|55\/100\n|\n|-weather|SunnyDay|[upkeep]\n|-heal|p1a: Mewtwo|60\/100|[from] item: Leftovers\n|upkeep\n|turn|9\n|\n|t:|1697843950\n|switch|p1a: Darkrai|Darkrai|100\/100\n|move|p2a: Giratina|Dragon Pulse|p1a: Darkrai\n|-damage|p1a: Darkrai|35\/100\n|\n|-weather|SunnyDay|[upkeep]\n|upkeep\n|turn|10\n|\n|t:|1697843962\n|switch|p2a: Azelf|Azelf, tera:Psychic|88\/100 slp\n|move|p1a: Darkrai|Focus Blast|p2a: Azelf\n|-resisted|p2a: Azelf\n|-damage|p2a: Azelf|56\/100 slp\n|\n|-weather|none\n|-damage|p2a: Azelf|43\/100 slp|[from] ability: Bad Dreams|[of] p1a: Darkrai\n|upkeep\n|turn|11\n|\n|t:|1697843973\n|move|p1a: Darkrai|Focus Blast|p2a: Azelf|[miss]\n|-miss|p1a: Darkrai|p2a: Azelf\n|-curestatus|p2a: Azelf|slp|[msg]\n|move|p2a: Azelf|U-turn|p1a: Darkrai\n|-supereffective|p1a: Darkrai\n|-damage|p1a: Darkrai|0 fnt\n|faint|p1a: Darkrai\n|\n|t:|1697843992\n|switch|p2a: Manaphy|Manaphy|40\/100|[from] U-turn\n|\n|-heal|p2a: Manaphy|47\/100|[from] item: Leftovers\n|upkeep\n|\n|t:|1697843998\n|switch|p1a: Garchomp|Garchomp, M|100\/100\n|turn|12\n|\n|t:|1697844003\n|move|p1a: Garchomp|Dragon Claw|p2a: Manaphy\n|-damage|p2a: Manaphy|0 fnt\n|faint|p2a: Manaphy\n|\n|upkeep\n|\n|t:|1697844014\n|switch|p2a: Azelf|Azelf, tera:Psychic|43\/100\n|turn|13\n|\n|t:|1697844023\n|move|p2a: Azelf|Explosion|p1a: Garchomp\n|-damage|p1a: Garchomp|21\/100\n|faint|p2a: Azelf\n|move|p1a: Garchomp|Dragon Claw|p2: Azelf|[notarget]\n|-fail|p1a: Garchomp\n|\n|upkeep\n|\n|t:|1697844031\n|switch|p2a: Lucario|Lucario, M|100\/100\n|turn|14\n|\n|t:|1697844035\n|switch|p1a: Heatran|Heatran, M|100\/100\n|move|p2a: Lucario|Extreme Speed|p1a: Heatran\n|-resisted|p1a: Heatran\n|-damage|p1a: Heatran|86\/100\n|-damage|p2a: Lucario|91\/100|[from] item: Life Orb\n|\n|-heal|p1a: Heatran|92\/100|[from] item: Leftovers\n|upkeep\n|turn|15\n|\n|t:|1697844046\n|switch|p2a: Groudon|Groudon|42\/100\n|-weather|SunnyDay|[from] ability: Drought|[of] p2a: Groudon\n|move|p1a: Heatran|Flamethrower|p2a: Groudon\n|-damage|p2a: Groudon|0 fnt\n|faint|p2a: Groudon\n|\n|-weather|SunnyDay|[upkeep]\n|-heal|p1a: Heatran|99\/100|[from] item: Leftovers\n|upkeep\n|\n|t:|1697844059\n|switch|p2a: Darkrai|Darkrai|100\/100\n|turn|16\n|\n|t:|1697844069\n|move|p2a: Darkrai|Dark Void|p1a: Heatran|[miss]\n|-miss|p2a: Darkrai|p1a: Heatran\n|move|p1a: Heatran|Flamethrower|p2a: Darkrai\n|-damage|p2a: Darkrai|2\/100\n|-status|p2a: Darkrai|brn\n|\n|-weather|SunnyDay|[upkeep]\n|-heal|p1a: Heatran|100\/100|[from] item: Leftovers\n|-damage|p2a: Darkrai|0 fnt|[from] brn\n|faint|p2a: Darkrai\n|upkeep\n|\n|t:|1697844083\n|switch|p2a: Lucario|Lucario, M|91\/100\n|turn|17\n|c|\u2606littlemagpie2|I want pre nerf dark void back tbh\n|\n|t:|1697844094\n|switch|p1a: Giratina|Giratina-Origin|54\/100\n|move|p2a: Lucario|Close Combat|p1a: Giratina\n|-immune|p1a: Giratina\n|\n|-weather|SunnyDay|[upkeep]\n|upkeep\n|turn|18\n|\n|t:|1697844107\n|move|p2a: Lucario|Ice Punch|p1a: Giratina\n|-supereffective|p1a: Giratina\n|-damage|p1a: Giratina|9\/100\n|-damage|p2a: Lucario|81\/100|[from] item: Life Orb\n|move|p1a: Giratina|Draco Meteor|p2a: Lucario\n|-resisted|p2a: Lucario\n|-damage|p2a: Lucario|15\/100\n|-unboost|p1a: Giratina|spa|2\n|\n|-weather|SunnyDay|[upkeep]\n|upkeep\n|turn|19\n|\n|t:|1697844118\n|move|p1a: Giratina|Shadow Sneak|p2a: Lucario\n|-damage|p2a: Lucario|0 fnt\n|faint|p2a: Lucario\n|\n|-weather|none\n|upkeep\n|\n|t:|1697844122\n|switch|p2a: Giratina|Giratina-Origin|55\/100\n|turn|20\n|\n|t:|1697844126\n|move|p2a: Giratina|Dragon Pulse|p1a: Giratina\n|-supereffective|p1a: Giratina\n|-damage|p1a: Giratina|0 fnt\n|faint|p1a: Giratina\n|\n|upkeep\n|\n|t:|1697844131\n|switch|p1a: Garchomp|Garchomp, M|21\/100\n|turn|21\n|\n|t:|1697844135\n|move|p1a: Garchomp|Outrage|p2a: Giratina\n|-supereffective|p2a: Giratina\n|-damage|p2a: Giratina|0 fnt\n|faint|p2a: Giratina\n|\n|win|littlemagpie2\n|raw|littlemagpie2's rating: 1000 &rarr; <strong>1046<\/strong><br \/>(+46 for winning)\n|raw|rtyedy's rating: 1052 &rarr; <strong>1032<\/strong><br \/>(-20 for losing)\n|c|\u2606littlemagpie2|gg\n|l|\u2606rtyedy\n|c|\u2606littlemagpie2|I got really lucky in this one\n","uploadtime":1697844141,"views":12,"p1id":"littlemagpie2","p2id":"rtyedy","formatid":"gen9ubers","rating":1032,"private":0,"password":""}