{"id":"gen9ubers-1988150829","p1":"RoamingDia","p2":"pkpowers310","format":"[Gen 9] Ubers","log":"|j|\u2606RoamingDia\n|j|\u2606pkpowers310\n|t:|1699676067\n|gametype|singles\n|player|p1|RoamingDia|pokemaniac|\n|player|p2|pkpowers310|crasherwake|\n|teamsize|p1|6\n|teamsize|p2|6\n|gen|9\n|tier|[Gen 9] Ubers\n|rule|Sleep Clause Mod: Limit one foe put to sleep\n|rule|Species Clause: Limit one of each Pok\u00e9mon\n|rule|OHKO Clause: OHKO moves are banned\n|rule|Evasion Items Clause: Evasion items are banned\n|rule|Evasion Moves Clause: Evasion moves are banned\n|rule|Endless Battle Clause: Forcing endless battles is banned\n|rule|HP Percentage Mod: HP is shown in percentages\n|clearpoke\n|poke|p1|Sneasler, F|\n|poke|p1|Roaring Moon|\n|poke|p1|Walking Wake|\n|poke|p1|Lilligant-Hisui, F|\n|poke|p1|Torkoal, M|\n|poke|p1|Typhlosion-Hisui, F|\n|poke|p2|Hatterene, F|\n|poke|p2|Abomasnow, M|\n|poke|p2|Regieleki|\n|poke|p2|Ursaluna, M|\n|poke|p2|Baxcalibur, F|\n|poke|p2|Cetitan, M|\n|teampreview\n|j| Squirshawott\n|\n|t:|1699676071\n|start\n|switch|p1a: Bently|Torkoal, M|100\/100\n|switch|p2a: Regieleki|Regieleki|100\/100\n|-weather|SunnyDay|[from] ability: Drought|[of] p1a: Bently\n|turn|1\n|\n|t:|1699676079\n|move|p2a: Regieleki|Volt Switch|p1a: Bently\n|-damage|p1a: Bently|54\/100\n|\n|t:|1699676082\n|switch|p2a: Hatterene|Hatterene, F|100\/100|[from] Volt Switch\n|move|p1a: Bently|Stealth Rock|p2a: Hatterene\n|move|p2a: Hatterene|Stealth Rock|p1a: Bently|[from]ability: Magic Bounce\n|-sidestart|p1: RoamingDia|move: Stealth Rock\n|\n|-weather|SunnyDay|[upkeep]\n|upkeep\n|turn|2\n|j| slugmaaa\n|\n|t:|1699676094\n|switch|p1a: Gazoontite|Sneasler, F|100\/100\n|-damage|p1a: Gazoontite|95\/100|[from] Stealth Rock\n|move|p2a: Hatterene|Trick Room|p2a: Hatterene\n|-fieldstart|move: Trick Room|[of] p2a: Hatterene\n|\n|-weather|SunnyDay|[upkeep]\n|upkeep\n|turn|3\n|\n|t:|1699676104\n|move|p2a: Hatterene|Psychic|p1a: Gazoontite\n|-supereffective|p1a: Gazoontite\n|-damage|p1a: Gazoontite|0 fnt\n|faint|p1a: Gazoontite\n|\n|-weather|SunnyDay|[upkeep]\n|upkeep\n|\n|t:|1699676109\n|switch|p1a: Bently|Torkoal, M|54\/100\n|-damage|p1a: Bently|29\/100|[from] Stealth Rock\n|turn|4\n|\n|t:|1699676112\n|move|p2a: Hatterene|Calm Mind|p2a: Hatterene\n|-boost|p2a: Hatterene|spa|1\n|-boost|p2a: Hatterene|spd|1\n|move|p1a: Bently|Lava Plume|p2a: Hatterene\n|-damage|p2a: Hatterene|74\/100\n|\n|-weather|SunnyDay|[upkeep]\n|-heal|p2a: Hatterene|81\/100|[from] item: Leftovers\n|upkeep\n|turn|5\n|\n|t:|1699676122\n|move|p2a: Hatterene|Calm Mind|p2a: Hatterene\n|-boost|p2a: Hatterene|spa|1\n|-boost|p2a: Hatterene|spd|1\n|move|p1a: Bently|Clear Smog|p2a: Hatterene\n|-supereffective|p2a: Hatterene\n|-damage|p2a: Hatterene|70\/100\n|-clearboost|p2a: Hatterene\n|\n|-weather|SunnyDay|[upkeep]\n|-heal|p2a: Hatterene|76\/100|[from] item: Leftovers\n|upkeep\n|turn|6\n|\n|t:|1699676136\n|switch|p1a: Okuyasu Nijimura|Walking Wake|100\/100\n|-damage|p1a: Okuyasu Nijimura|88\/100|[from] Stealth Rock\n|-activate|p1a: Okuyasu Nijimura|ability: Protosynthesis\n|-start|p1a: Okuyasu Nijimura|protosynthesisspe\n|move|p2a: Hatterene|Calm Mind|p2a: Hatterene\n|-boost|p2a: Hatterene|spa|1\n|-boost|p2a: Hatterene|spd|1\n|\n|-weather|SunnyDay|[upkeep]\n|-heal|p2a: Hatterene|82\/100|[from] item: Leftovers\n|-fieldend|move: Trick Room\n|upkeep\n|turn|7\n|\n|t:|1699676159\n|switch|p2a: Regieleki|Regieleki|100\/100\n|move|p1a: Okuyasu Nijimura|Hydro Steam|p2a: Regieleki\n|-enditem|p2a: Regieleki|Focus Sash\n|-damage|p2a: Regieleki|1\/100\n|\n|-weather|SunnyDay|[upkeep]\n|upkeep\n|turn|8\n|\n|t:|1699676179\n|-end|p1a: Okuyasu Nijimura|Protosynthesis|[silent]\n|switch|p1a: Pea Shooter|Lilligant-Hisui, F, shiny|100\/100\n|-damage|p1a: Pea Shooter|94\/100|[from] Stealth Rock\n|move|p2a: Regieleki|Thunder Wave|p1a: Pea Shooter\n|-status|p1a: Pea Shooter|par\n|\n|-weather|none\n|upkeep\n|turn|9\n|\n|t:|1699676191\n|move|p2a: Regieleki|Volt Switch|p1a: Pea Shooter\n|-resisted|p1a: Pea Shooter\n|-damage|p1a: Pea Shooter|62\/100 par\n|\n|t:|1699676254\n|switch|p2a: Abomasnow|Abomasnow, M|100\/100|[from] Volt Switch\n|-weather|Snow|[from] ability: Snow Warning|[of] p2a: Abomasnow\n|move|p1a: Pea Shooter|Ice Spinner|p2a: Abomasnow\n|-crit|p2a: Abomasnow\n|-damage|p2a: Abomasnow|75\/100\n|-damage|p1a: Pea Shooter|52\/100 par|[from] item: Life Orb\n|\n|-weather|Snow|[upkeep]\n|upkeep\n|turn|10\n|\n|t:|1699676274\n|switch|p1a: Bently|Torkoal, M|29\/100\n|-damage|p1a: Bently|5\/100|[from] Stealth Rock\n|-weather|SunnyDay|[from] ability: Drought|[of] p1a: Bently\n|-terastallize|p2a: Abomasnow|Water\n|move|p2a: Abomasnow|Aurora Veil||[still]\n|-fail|p2a: Abomasnow\n|\n|-weather|SunnyDay|[upkeep]\n|upkeep\n|turn|11\n|\n|t:|1699676284\n|move|p2a: Abomasnow|Earth Power|p1a: Bently\n|-supereffective|p1a: Bently\n|-damage|p1a: Bently|0 fnt\n|faint|p1a: Bently\n|\n|-weather|SunnyDay|[upkeep]\n|upkeep\n|\n|t:|1699676295\n|switch|p1a: Okuyasu Nijimura|Walking Wake|88\/100\n|-damage|p1a: Okuyasu Nijimura|76\/100|[from] Stealth Rock\n|-activate|p1a: Okuyasu Nijimura|ability: Protosynthesis\n|-start|p1a: Okuyasu Nijimura|protosynthesisspe\n|turn|12\n|\n|t:|1699676309\n|switch|p2a: Hatterene|Hatterene, F|82\/100\n|move|p1a: Okuyasu Nijimura|Hydro Steam|p2a: Hatterene\n|-damage|p2a: Hatterene|0 fnt\n|faint|p2a: Hatterene\n|\n|-weather|SunnyDay|[upkeep]\n|upkeep\n|\n|t:|1699676320\n|switch|p2a: Regieleki|Regieleki|1\/100\n|turn|13\n|\n|t:|1699676333\n|move|p1a: Okuyasu Nijimura|Hydro Steam|p2a: Regieleki\n|-damage|p2a: Regieleki|0 fnt\n|faint|p2a: Regieleki\n|\n|-weather|SunnyDay|[upkeep]\n|upkeep\n|\n|t:|1699676353\n|switch|p2a: Abomasnow|Abomasnow, M, tera:Water|75\/100\n|-weather|Snow|[from] ability: Snow Warning|[of] p2a: Abomasnow\n|-end|p1a: Okuyasu Nijimura|Protosynthesis\n|turn|14\n|\n|t:|1699676358\n|move|p1a: Okuyasu Nijimura|Hydro Steam|p2a: Abomasnow\n|-resisted|p2a: Abomasnow\n|-damage|p2a: Abomasnow|42\/100\n|move|p2a: Abomasnow|Aurora Veil|p2a: Abomasnow\n|-sidestart|p2: pkpowers310|move: Aurora Veil\n|\n|-weather|Snow|[upkeep]\n|upkeep\n|turn|15\n|\n|t:|1699676368\n|-end|p1a: Okuyasu Nijimura|Protosynthesis|[silent]\n|switch|p1a: Pea Shooter|Lilligant-Hisui, F, shiny|52\/100 par\n|-damage|p1a: Pea Shooter|46\/100 par|[from] Stealth Rock\n|move|p2a: Abomasnow|Blizzard|p1a: Pea Shooter\n|-supereffective|p1a: Pea Shooter\n|-damage|p1a: Pea Shooter|0 fnt\n|faint|p1a: Pea Shooter\n|\n|-weather|Snow|[upkeep]\n|upkeep\n|\n|t:|1699676380\n|switch|p1a: Noriaki Kakyoin|Roaring Moon, shiny|100\/100\n|-damage|p1a: Noriaki Kakyoin|88\/100|[from] Stealth Rock\n|turn|16\n|\n|t:|1699676390\n|move|p1a: Noriaki Kakyoin|Earthquake|p2a: Abomasnow\n|-damage|p2a: Abomasnow|20\/100\n|move|p2a: Abomasnow|Blizzard|p1a: Noriaki Kakyoin\n|-supereffective|p1a: Noriaki Kakyoin\n|-damage|p1a: Noriaki Kakyoin|18\/100\n|\n|-weather|Snow|[upkeep]\n|upkeep\n|turn|17\n|\n|t:|1699676402\n|switch|p2a: Freddy|Ursaluna, M|100\/100\n|move|p1a: Noriaki Kakyoin|Earthquake|p2a: Freddy\n|-damage|p2a: Freddy|82\/100\n|\n|-weather|Snow|[upkeep]\n|-status|p2a: Freddy|brn|[from] item: Flame Orb\n|upkeep\n|turn|18\n|\n|t:|1699676422\n|-end|p1a: Noriaki Kakyoin|Protosynthesis|[silent]\n|switch|p1a: Diabetic|Typhlosion-Hisui, F, shiny|100\/100\n|-damage|p1a: Diabetic|76\/100|[from] Stealth Rock\n|-item|p1a: Diabetic|Air Balloon\n|move|p2a: Freddy|Drain Punch|p1a: Diabetic\n|-immune|p1a: Diabetic\n|\n|-weather|none\n|-damage|p2a: Freddy|76\/100 brn|[from] brn\n|upkeep\n|turn|19\n|\n|t:|1699676433\n|switch|p2a: Baxcalibur|Baxcalibur, F|100\/100\n|-terastallize|p1a: Diabetic|Fire\n|move|p1a: Diabetic|Eruption|p2a: Baxcalibur\n|-damage|p2a: Baxcalibur|67\/100\n|-ability|p2a: Baxcalibur|Thermal Exchange|boost\n|-boost|p2a: Baxcalibur|atk|1\n|\n|upkeep\n|turn|20\n|\n|t:|1699676445\n|move|p1a: Diabetic|Focus Blast|p2a: Baxcalibur|[miss]\n|-miss|p1a: Diabetic|p2a: Baxcalibur\n|move|p2a: Baxcalibur|Dragon Dance|p2a: Baxcalibur\n|-boost|p2a: Baxcalibur|atk|1\n|-boost|p2a: Baxcalibur|spe|1\n|\n|upkeep\n|turn|21\n|\n|t:|1699676453\n|move|p2a: Baxcalibur|Glaive Rush|p1a: Diabetic\n|-damage|p1a: Diabetic|0 fnt\n|-singlemove|p2a: Baxcalibur|Glaive Rush|[silent]\n|-enditem|p1a: Diabetic|Air Balloon\n|faint|p1a: Diabetic\n|\n|-sideend|p2: pkpowers310|move: Aurora Veil\n|upkeep\n|\n|t:|1699676466\n|switch|p1a: Okuyasu Nijimura|Walking Wake|76\/100\n|-damage|p1a: Okuyasu Nijimura|64\/100|[from] Stealth Rock\n|turn|22\n|\n|t:|1699676482\n|move|p2a: Baxcalibur|Glaive Rush|p1a: Okuyasu Nijimura\n|-supereffective|p1a: Okuyasu Nijimura\n|-damage|p1a: Okuyasu Nijimura|0 fnt\n|-singlemove|p2a: Baxcalibur|Glaive Rush|[silent]\n|faint|p1a: Okuyasu Nijimura\n|-end|p1a: Okuyasu Nijimura|Protosynthesis|[silent]\n|\n|upkeep\n|\n|t:|1699676489\n|switch|p1a: Noriaki Kakyoin|Roaring Moon, shiny|18\/100\n|-damage|p1a: Noriaki Kakyoin|6\/100|[from] Stealth Rock\n|turn|23\n|\n|t:|1699676519\n|move|p2a: Baxcalibur|Glaive Rush|p1a: Noriaki Kakyoin\n|-supereffective|p1a: Noriaki Kakyoin\n|-damage|p1a: Noriaki Kakyoin|0 fnt\n|-singlemove|p2a: Baxcalibur|Glaive Rush|[silent]\n|faint|p1a: Noriaki Kakyoin\n|-end|p1a: Noriaki Kakyoin|Protosynthesis|[silent]\n|\n|win|pkpowers310\n|l|\u2606RoamingDia\n|l| slugmaaa\n","uploadtime":1699676537,"views":35,"p1id":"roamingdia","p2id":"pkpowers310","formatid":"gen9ubers","rating":0,"private":0,"password":""}