{"id":"gen9ubers-1983055807","p1":"kinqidiot","p2":"Ssundeelover56","format":"[Gen 9] Ubers","log":"|j|\u2606kinqidiot\n|j|\u2606Ssundeelover56\n|t:|1699076571\n|gametype|singles\n|player|p1|kinqidiot|n|\n|player|p2|Ssundeelover56|n|\n|teamsize|p1|6\n|teamsize|p2|6\n|gen|9\n|tier|[Gen 9] Ubers\n|rule|Sleep Clause Mod: Limit one foe put to sleep\n|rule|Species Clause: Limit one of each Pok\u00e9mon\n|rule|OHKO Clause: OHKO moves are banned\n|rule|Evasion Items Clause: Evasion items are banned\n|rule|Evasion Moves Clause: Evasion moves are banned\n|rule|Endless Battle Clause: Forcing endless battles is banned\n|rule|HP Percentage Mod: HP is shown in percentages\n|clearpoke\n|poke|p1|Meowscarada, M|\n|poke|p1|Ambipom, F|\n|poke|p1|Clodsire, F|\n|poke|p1|Iron Treads|\n|poke|p1|Mimikyu, F|\n|poke|p1|Naclstack, M|\n|poke|p2|Raichu-Alola, M|\n|poke|p2|Heatran, M|\n|poke|p2|Great Tusk|\n|poke|p2|Glimmora, M|\n|poke|p2|Cryogonal|\n|poke|p2|Amoonguss, F|\n|teampreview\n|\n|t:|1699076589\n|start\n|switch|p1a: Clodsire|Clodsire, F|100\/100\n|switch|p2a: Cryogonal|Cryogonal, shiny|100\/100\n|turn|1\n|\n|t:|1699076606\n|-terastallize|p2a: Cryogonal|Water\n|move|p2a: Cryogonal|Tera Blast|p1a: Clodsire|[anim] Tera Blast Water\n|-supereffective|p1a: Clodsire\n|-damage|p1a: Clodsire|62\/100\n|move|p1a: Clodsire|Toxic Spikes|p2a: Cryogonal\n|-sidestart|p2: Ssundeelover56|move: Toxic Spikes\n|\n|-heal|p1a: Clodsire|68\/100|[from] item: Black Sludge\n|upkeep\n|turn|2\n|\n|t:|1699076616\n|move|p2a: Cryogonal|Tera Blast|p1a: Clodsire|[anim] Tera Blast Water\n|-supereffective|p1a: Clodsire\n|-damage|p1a: Clodsire|26\/100\n|move|p1a: Clodsire|Spikes|p2a: Cryogonal\n|-sidestart|p2: Ssundeelover56|Spikes\n|\n|-heal|p1a: Clodsire|32\/100|[from] item: Black Sludge\n|upkeep\n|turn|3\n|\n|t:|1699076624\n|move|p1a: Clodsire|Protect|p1a: Clodsire\n|-singleturn|p1a: Clodsire|Protect\n|move|p2a: Cryogonal|Tera Blast|p1a: Clodsire|[anim] Tera Blast Water\n|-activate|p1a: Clodsire|move: Protect\n|\n|-heal|p1a: Clodsire|38\/100|[from] item: Black Sludge\n|upkeep\n|turn|4\n|\n|t:|1699076633\n|move|p2a: Cryogonal|Tera Blast|p1a: Clodsire|[anim] Tera Blast Water\n|-supereffective|p1a: Clodsire\n|-damage|p1a: Clodsire|0 fnt\n|faint|p1a: Clodsire\n|\n|upkeep\n|\n|t:|1699076641\n|switch|p1a: Meowscarada|Meowscarada, M|100\/100\n|turn|5\n|\n|t:|1699076646\n|switch|p2a: Amoonguss|Amoonguss, F|100\/100\n|-sideend|p2: Ssundeelover56|move: Toxic Spikes|[of] p2a: Amoonguss\n|-damage|p2a: Amoonguss|88\/100|[from] Spikes\n|move|p1a: Meowscarada|Flower Trick|p2a: Amoonguss\n|-resisted|p2a: Amoonguss\n|-crit|p2a: Amoonguss\n|-damage|p2a: Amoonguss|75\/100\n|\n|upkeep\n|turn|6\n|\n|t:|1699076663\n|switch|p1a: Naclstack|Naclstack, M|100\/100\n|move|p2a: Amoonguss|Sludge Bomb|p1a: Naclstack\n|-resisted|p1a: Naclstack\n|-damage|p1a: Naclstack|91\/100\n|\n|upkeep\n|turn|7\n|\n|t:|1699076672\n|move|p1a: Naclstack|Salt Cure|p2a: Amoonguss\n|-damage|p2a: Amoonguss|67\/100\n|-start|p2a: Amoonguss|Salt Cure\n|move|p2a: Amoonguss|Spore|p1a: Naclstack\n|-immune|p1a: Naclstack|[from] ability: Purifying Salt\n|\n|-damage|p2a: Amoonguss|55\/100|[from] Salt Cure\n|upkeep\n|turn|8\n|\n|t:|1699076683\n|move|p1a: Naclstack|Iron Defense|p1a: Naclstack\n|-boost|p1a: Naclstack|def|2\n|move|p2a: Amoonguss|Giga Drain|p1a: Naclstack\n|-supereffective|p1a: Naclstack\n|-damage|p1a: Naclstack|62\/100\n|-heal|p2a: Amoonguss|65\/100|[from] drain|[of] p1a: Naclstack\n|\n|-damage|p2a: Amoonguss|53\/100|[from] Salt Cure\n|upkeep\n|turn|9\n|\n|t:|1699076700\n|move|p1a: Naclstack|Recover|p1a: Naclstack\n|-heal|p1a: Naclstack|100\/100\n|move|p2a: Amoonguss|Giga Drain|p1a: Naclstack\n|-supereffective|p1a: Naclstack\n|-crit|p1a: Naclstack\n|-damage|p1a: Naclstack|59\/100\n|-heal|p2a: Amoonguss|68\/100|[from] drain|[of] p1a: Naclstack\n|\n|-damage|p2a: Amoonguss|56\/100|[from] Salt Cure\n|upkeep\n|turn|10\n|\n|t:|1699076717\n|move|p1a: Naclstack|Body Press|p2a: Amoonguss\n|-resisted|p2a: Amoonguss\n|-damage|p2a: Amoonguss|43\/100\n|-damage|p1a: Naclstack|42\/100|[from] item: Rocky Helmet|[of] p2a: Amoonguss\n|move|p2a: Amoonguss|Giga Drain|p1a: Naclstack\n|-supereffective|p1a: Naclstack\n|-damage|p1a: Naclstack|12\/100\n|-heal|p2a: Amoonguss|54\/100|[from] drain|[of] p1a: Naclstack\n|\n|-damage|p2a: Amoonguss|42\/100|[from] Salt Cure\n|upkeep\n|turn|11\n|\n|t:|1699076733\n|switch|p2a: Great Tusk|Great Tusk|100\/100\n|-damage|p2a: Great Tusk|88\/100|[from] Spikes\n|-enditem|p2a: Great Tusk|Booster Energy\n|-activate|p2a: Great Tusk|ability: Protosynthesis|[fromitem]\n|-start|p2a: Great Tusk|protosynthesisspe\n|move|p1a: Naclstack|Salt Cure|p2a: Great Tusk\n|-resisted|p2a: Great Tusk\n|-damage|p2a: Great Tusk|87\/100\n|-start|p2a: Great Tusk|Salt Cure\n|\n|-damage|p2a: Great Tusk|74\/100|[from] Salt Cure\n|upkeep\n|turn|12\n|\n|t:|1699076747\n|move|p2a: Great Tusk|Earthquake|p1a: Naclstack\n|-supereffective|p1a: Naclstack\n|-damage|p1a: Naclstack|0 fnt\n|faint|p1a: Naclstack\n|\n|-damage|p2a: Great Tusk|62\/100|[from] Salt Cure\n|upkeep\n|\n|t:|1699076759\n|switch|p1a: Mimikyu|Mimikyu, F|100\/100\n|turn|13\n|\n|t:|1699076766\n|move|p2a: Great Tusk|Ice Spinner|p1a: Mimikyu\n|-activate|p1a: Mimikyu|ability: Disguise\n|-damage|p1a: Mimikyu|100\/100\n|detailschange|p1a: Mimikyu|Mimikyu-Busted, F\n|-damage|p1a: Mimikyu|88\/100|[from] pokemon: Mimikyu-Busted\n|move|p1a: Mimikyu|Play Rough|p2a: Great Tusk|[miss]\n|-miss|p1a: Mimikyu|p2a: Great Tusk\n|\n|-damage|p2a: Great Tusk|49\/100|[from] Salt Cure\n|upkeep\n|turn|14\n|\n|t:|1699076781\n|move|p2a: Great Tusk|Earthquake|p1a: Mimikyu\n|-damage|p1a: Mimikyu|12\/100\n|move|p1a: Mimikyu|Play Rough|p2a: Great Tusk\n|-supereffective|p2a: Great Tusk\n|-damage|p2a: Great Tusk|5\/100\n|\n|-damage|p2a: Great Tusk|0 fnt|[from] Salt Cure\n|faint|p2a: Great Tusk\n|-end|p2a: Great Tusk|Protosynthesis|[silent]\n|upkeep\n|\n|t:|1699076793\n|switch|p2a: Cryogonal|Cryogonal, shiny, tera:Water|100\/100\n|turn|15\n|\n|t:|1699076798\n|move|p1a: Mimikyu|Shadow Sneak|p2a: Cryogonal\n|-damage|p2a: Cryogonal|68\/100\n|move|p2a: Cryogonal|Freeze-Dry|p1a: Mimikyu\n|-damage|p1a: Mimikyu|0 fnt\n|faint|p1a: Mimikyu\n|\n|upkeep\n|\n|t:|1699076813\n|switch|p1a: Ambipom|Ambipom, F|100\/100\n|turn|16\n|\n|t:|1699076824\n|switch|p2a: Heatran|Heatran, M|100\/100\n|-damage|p2a: Heatran|88\/100|[from] Spikes\n|-terastallize|p1a: Ambipom|Normal\n|move|p1a: Ambipom|Fake Out|p2a: Heatran\n|-resisted|p2a: Heatran\n|-damage|p2a: Heatran|71\/100\n|\n|-heal|p2a: Heatran|77\/100|[from] item: Leftovers\n|upkeep\n|turn|17\n|\n|t:|1699076843\n|move|p1a: Ambipom|Last Resort|p2a: Heatran\n|-resisted|p2a: Heatran\n|-damage|p2a: Heatran|40\/100\n|move|p2a: Heatran|Magma Storm|p1a: Ambipom\n|-damage|p1a: Ambipom|32\/100\n|-activate|p1a: Ambipom|move: Magma Storm|[of] p2a: Heatran\n|\n|-heal|p2a: Heatran|46\/100|[from] item: Leftovers\n|-damage|p1a: Ambipom|20\/100|[from] move: Magma Storm|[partiallytrapped]\n|upkeep\n|turn|18\n|\n|t:|1699076872\n|switch|p2a: Glimmora|Glimmora, M|100\/100\n|-damage|p2a: Glimmora|88\/100|[from] Spikes\n|move|p1a: Ambipom|Last Resort|p2a: Glimmora\n|-resisted|p2a: Glimmora\n|-damage|p2a: Glimmora|25\/100\n|-activate|p2a: Glimmora|ability: Toxic Debris\n|-sidestart|p1: kinqidiot|move: Toxic Spikes\n|\n|-end|p1a: Ambipom|Magma Storm|[partiallytrapped]|[silent]\n|upkeep\n|turn|19\n|\n|t:|1699076883\n|move|p1a: Ambipom|Last Resort|p2a: Glimmora\n|-resisted|p2a: Glimmora\n|-damage|p2a: Glimmora|0 fnt\n|-activate|p2a: Glimmora|ability: Toxic Debris\n|-sidestart|p1: kinqidiot|move: Toxic Spikes\n|faint|p2a: Glimmora\n|\n|upkeep\n|\n|t:|1699076892\n|switch|p2a: Amoonguss|Amoonguss, F|75\/100\n|-damage|p2a: Amoonguss|63\/100|[from] Spikes\n|turn|20\n|\n|t:|1699076899\n|move|p1a: Ambipom|Last Resort|p2a: Amoonguss\n|-damage|p2a: Amoonguss|0 fnt\n|-damage|p1a: Ambipom|4\/100|[from] item: Rocky Helmet|[of] p2a: Amoonguss\n|faint|p2a: Amoonguss\n|\n|upkeep\n|\n|t:|1699076908\n|switch|p2a: Cryogonal|Cryogonal, shiny, tera:Water|68\/100\n|turn|21\n|\n|t:|1699076912\n|move|p2a: Cryogonal|Freeze-Dry|p1a: Ambipom\n|-damage|p1a: Ambipom|0 fnt\n|faint|p1a: Ambipom\n|\n|upkeep\n|\n|t:|1699076924\n|switch|p1a: Meowscarada|Meowscarada, M|100\/100\n|-status|p1a: Meowscarada|tox\n|turn|22\n|\n|t:|1699076936\n|move|p2a: Cryogonal|Freeze-Dry|p1a: Meowscarada\n|-supereffective|p1a: Meowscarada\n|-damage|p1a: Meowscarada|2\/100 tox\n|move|p1a: Meowscarada|Flower Trick|p2a: Cryogonal\n|-supereffective|p2a: Cryogonal\n|-crit|p2a: Cryogonal\n|-damage|p2a: Cryogonal|0 fnt\n|faint|p2a: Cryogonal\n|\n|-damage|p1a: Meowscarada|0 fnt|[from] psn\n|faint|p1a: Meowscarada\n|upkeep\n|\n|t:|1699076952\n|switch|p1a: Iron Treads|Iron Treads|100\/100\n|switch|p2a: Heatran|Heatran, M|46\/100\n|-damage|p2a: Heatran|33\/100|[from] Spikes\n|-enditem|p1a: Iron Treads|Booster Energy\n|-activate|p1a: Iron Treads|ability: Quark Drive|[fromitem]\n|-start|p1a: Iron Treads|quarkdrivespe\n|turn|23\n|\n|t:|1699076969\n|move|p1a: Iron Treads|Earthquake|p2a: Heatran\n|-supereffective|p2a: Heatran\n|-damage|p2a: Heatran|0 fnt\n|faint|p2a: Heatran\n|\n|upkeep\n|c|\u2606Ssundeelover56|Pretty sure i lose. gg\n|\n|t:|1699076985\n|switch|p2a: Raichu|Raichu-Alola, M|100\/100\n|-damage|p2a: Raichu|88\/100|[from] Spikes\n|turn|24\n|\n|t:|1699076995\n|move|p1a: Iron Treads|Earthquake|p2a: Raichu\n|-supereffective|p2a: Raichu\n|-crit|p2a: Raichu\n|-damage|p2a: Raichu|0 fnt\n|faint|p2a: Raichu\n|\n|win|kinqidiot\n","uploadtime":1699077006,"views":13,"p1id":"kinqidiot","p2id":"ssundeelover56","formatid":"gen9ubers","rating":0,"private":0,"password":""}