{"id":"gen9ubers-1976195457","p1":"fabxorusVGC","p2":"FT Morgan","format":"[Gen 9] Ubers","log":"|j|\u2606fabxorusVGC\n|j|\u2606FT Morgan\n|t:|1698272556\n|gametype|singles\n|player|p1|fabxorusVGC|hilbert|1163\n|player|p2|FT Morgan|lass|1213\n|teamsize|p1|6\n|teamsize|p2|6\n|gen|9\n|tier|[Gen 9] Ubers\n|rated|\n|rule|Sleep Clause Mod: Limit one foe put to sleep\n|rule|Species Clause: Limit one of each Pok\u00e9mon\n|rule|OHKO Clause: OHKO moves are banned\n|rule|Evasion Items Clause: Evasion items are banned\n|rule|Evasion Moves Clause: Evasion moves are banned\n|rule|Endless Battle Clause: Forcing endless battles is banned\n|rule|HP Percentage Mod: HP is shown in percentages\n|clearpoke\n|poke|p1|Arcanine, M|\n|poke|p1|Corviknight, F|\n|poke|p1|Pikachu, M|\n|poke|p1|Iron Bundle|\n|poke|p1|Roaring Moon|\n|poke|p1|Iron Leaves|\n|poke|p2|Volcarona, M|\n|poke|p2|Corviknight, M|\n|poke|p2|Grimmsnarl, M|\n|poke|p2|Garchomp, F|\n|poke|p2|Rillaboom, F|\n|poke|p2|Sneasler, M|\n|teampreview\n|inactive|Battle timer is ON: inactive players will automatically lose when time's up. (requested by fabxorusVGC)\n|\n|t:|1698272567\n|start\n|switch|p1a: Pikachu|Pikachu, M|100\/100\n|switch|p2a: Garchomp|Garchomp, F|100\/100\n|turn|1\n|\n|t:|1698272577\n|switch|p1a: Corviknight|Corviknight, F, shiny|100\/100\n|move|p2a: Garchomp|Outrage|p1a: Corviknight\n|-resisted|p1a: Corviknight\n|-damage|p1a: Corviknight|77\/100\n|\n|upkeep\n|turn|2\n|\n|t:|1698272594\n|move|p2a: Garchomp|Outrage|p1a: Corviknight|[from]lockedmove\n|-resisted|p1a: Corviknight\n|-damage|p1a: Corviknight|51\/100\n|-start|p2a: Garchomp|confusion|[fatigue]\n|move|p1a: Corviknight|Bulk Up|p1a: Corviknight\n|-boost|p1a: Corviknight|atk|1\n|-boost|p1a: Corviknight|def|1\n|\n|upkeep\n|turn|3\n|\n|t:|1698272603\n|switch|p2a: Volcarona|Volcarona, M|100\/100\n|move|p1a: Corviknight|Roost|p1a: Corviknight\n|-heal|p1a: Corviknight|100\/100\n|-singleturn|p1a: Corviknight|move: Roost\n|\n|upkeep\n|turn|4\n|\n|t:|1698272626\n|-terastallize|p2a: Volcarona|Water\n|-terastallize|p1a: Corviknight|Ground\n|move|p2a: Volcarona|Quiver Dance|p2a: Volcarona\n|-boost|p2a: Volcarona|spa|1\n|-boost|p2a: Volcarona|spd|1\n|-boost|p2a: Volcarona|spe|1\n|move|p1a: Corviknight|Brave Bird|p2a: Volcarona\n|-damage|p2a: Volcarona|19\/100\n|-damage|p1a: Corviknight|78\/100|[from] Recoil\n|\n|upkeep\n|turn|5\n|inactive|fabxorusVGC has 120 seconds left.\n|\n|t:|1698272647\n|switch|p1a: Arcanine|Arcanine, M|100\/100\n|-ability|p1a: Arcanine|Intimidate|boost\n|-unboost|p2a: Volcarona|atk|1\n|move|p2a: Volcarona|Tera Blast|p1a: Arcanine|[anim] Tera Blast Water\n|-supereffective|p1a: Arcanine\n|-damage|p1a: Arcanine|0 fnt\n|faint|p1a: Arcanine\n|\n|upkeep\n|inactive|fabxorusVGC has 120 seconds left.\n|\n|t:|1698272656\n|switch|p1a: Pikachu|Pikachu, M|100\/100\n|turn|6\n|\n|t:|1698272660\n|switch|p2a: Garchomp|Garchomp, F|100\/100\n|move|p1a: Pikachu|Fake Out|p2a: Garchomp\n|-damage|p2a: Garchomp|84\/100\n|-damage|p1a: Pikachu|88\/100|[from] ability: Rough Skin|[of] p2a: Garchomp\n|\n|upkeep\n|turn|7\n|\n|t:|1698272672\n|switch|p1a: Corviknight|Corviknight, F, shiny, tera:Ground|78\/100\n|move|p2a: Garchomp|Outrage|p1a: Corviknight\n|-damage|p1a: Corviknight|26\/100\n|\n|upkeep\n|turn|8\n|-message|fabxorusVGC forfeited.\n|\n|win|FT Morgan\n|raw|fabxorusVGC's rating: 1163 &rarr; <strong>1142<\/strong><br \/>(-21 for losing)\n|raw|FT Morgan's rating: 1213 &rarr; <strong>1234<\/strong><br \/>(+21 for winning)\n|l|\u2606fabxorusVGC\n","uploadtime":1698272703,"views":16,"p1id":"fabxorusvgc","p2id":"ftmorgan","formatid":"gen9ubers","rating":1142,"private":0,"password":""}