{"id":"gen9ubers-1992428126","p1":"pbrake12","p2":"Mucheeezy","format":"[Gen 9] Ubers","log":"|j|\u2606pbrake12\n|j|\u2606Mucheeezy\n|t:|1700186392\n|gametype|singles\n|player|p1|pbrake12|hoopster|\n|player|p2|Mucheeezy|lady-gen4|\n|teamsize|p1|6\n|teamsize|p2|6\n|gen|9\n|tier|[Gen 9] Ubers\n|rule|Sleep Clause Mod: Limit one foe put to sleep\n|rule|Species Clause: Limit one of each Pok\u00e9mon\n|rule|OHKO Clause: OHKO moves are banned\n|rule|Evasion Items Clause: Evasion items are banned\n|rule|Evasion Moves Clause: Evasion moves are banned\n|rule|Endless Battle Clause: Forcing endless battles is banned\n|rule|HP Percentage Mod: HP is shown in percentages\n|clearpoke\n|poke|p1|Skeledirge, M|\n|poke|p1|Samurott-Hisui, M|\n|poke|p1|Ogerpon-Hearthflame, F|\n|poke|p1|Mandibuzz, F|\n|poke|p1|Torterra, M|\n|poke|p1|Toxicroak, M|\n|poke|p2|Sneasler, M|\n|poke|p2|Arcanine-Hisui, F|\n|poke|p2|Grimmsnarl, M|\n|poke|p2|Goodra, F|\n|poke|p2|Chansey, F|\n|poke|p2|Enamorus-Therian, F|\n|teampreview\n|j| butter dk\n|j| skrattywithdafatty\n|\n|t:|1700186457\n|start\n|switch|p1a: Samurott|Samurott-Hisui, M|100\/100\n|switch|p2a: Sneasler|Sneasler, M|100\/100\n|turn|1\n|c|\u2606pbrake12|gl\n|c|\u2606Mucheeezy|gl gl\n|\n|t:|1700186489\n|move|p2a: Sneasler|U-turn|p1a: Samurott\n|-supereffective|p1a: Samurott\n|-damage|p1a: Samurott|37\/100\n|\n|t:|1700186523\n|switch|p2a: Enamorus|Enamorus-Therian, F|100\/100|[from] U-turn\n|move|p1a: Samurott|Ceaseless Edge|p2a: Enamorus\n|-resisted|p2a: Enamorus\n|-damage|p2a: Enamorus|81\/100\n|-sidestart|p2: Mucheeezy|Spikes\n|\n|upkeep\n|turn|2\n|c| butter dk|it's truly ceaseless\n|j| strabington\n|c| skrattywithdafatty|smoking that shit that made the edge not cease\n|\n|t:|1700186562\n|move|p1a: Samurott|Ceaseless Edge|p2a: Enamorus\n|-resisted|p2a: Enamorus\n|-damage|p2a: Enamorus|61\/100\n|-sidestart|p2: Mucheeezy|Spikes\n|move|p2a: Enamorus|Sludge Bomb|p1a: Samurott\n|-damage|p1a: Samurott|0 fnt\n|faint|p1a: Samurott\n|\n|upkeep\n|\n|t:|1700186577\n|switch|p1a: Toxicroak|Toxicroak, M|100\/100\n|turn|3\n|\n|t:|1700186599\n|switch|p2a: Goodra|Goodra, F|100\/100\n|-damage|p2a: Goodra|84\/100|[from] Spikes\n|move|p1a: Toxicroak|Fake Out|p2a: Goodra\n|-damage|p2a: Goodra|69\/100\n|-damage|p1a: Toxicroak|91\/100|[from] item: Life Orb\n|\n|upkeep\n|turn|4\n|\n|t:|1700186660\n|switch|p1a: Mandibuzz|Mandibuzz, F|100\/100\n|move|p2a: Goodra|Earthquake|p1a: Mandibuzz\n|-immune|p1a: Mandibuzz\n|\n|upkeep\n|turn|5\n|\n|t:|1700186676\n|move|p1a: Mandibuzz|Foul Play|p2a: Goodra\n|-damage|p2a: Goodra|34\/100\n|move|p2a: Goodra|Ice Beam|p1a: Mandibuzz\n|-supereffective|p1a: Mandibuzz\n|-damage|p1a: Mandibuzz|63\/100\n|\n|upkeep\n|turn|6\n|\n|t:|1700186699\n|move|p1a: Mandibuzz|Foul Play|p2a: Goodra\n|-damage|p2a: Goodra|0 fnt\n|faint|p2a: Goodra\n|\n|upkeep\n|j| Bigsmokemorel\n|\n|t:|1700186733\n|switch|p2a: Enamorus|Enamorus-Therian, F|61\/100\n|turn|7\n|\n|t:|1700186785\n|switch|p1a: Skeledirge|Skeledirge, M|100\/100\n|move|p2a: Enamorus|Moonblast|p1a: Skeledirge\n|-resisted|p1a: Skeledirge\n|-damage|p1a: Skeledirge|71\/100\n|\n|-heal|p1a: Skeledirge|77\/100|[from] item: Leftovers\n|upkeep\n|turn|8\n|c| Bigsmokemorel|I LOVE BALANCE\n|\n|t:|1700186844\n|switch|p2a: Arcanine|Arcanine-Hisui, F|100\/100\n|-damage|p2a: Arcanine|84\/100|[from] Spikes\n|move|p1a: Skeledirge|Torch Song|p2a: Arcanine\n|-resisted|p2a: Arcanine\n|-damage|p2a: Arcanine|76\/100\n|-boost|p1a: Skeledirge|spa|1\n|\n|-heal|p1a: Skeledirge|83\/100|[from] item: Leftovers\n|upkeep\n|turn|9\n|\n|t:|1700186890\n|switch|p1a: Torterra|Torterra, M|100\/100\n|move|p2a: Arcanine|Head Smash|p1a: Torterra|[miss]\n|-miss|p2a: Arcanine|p1a: Torterra\n|\n|upkeep\n|turn|10\n|c| butter dk|no\n|c|\u2606pbrake12|i calced for this\n|c| butter dk|for the miss\n|\n|t:|1700186923\n|switch|p2a: Grimmsnarl|Grimmsnarl, M|100\/100\n|-damage|p2a: Grimmsnarl|84\/100|[from] Spikes\n|move|p1a: Torterra|Shell Smash|p1a: Torterra\n|-unboost|p1a: Torterra|def|1\n|-unboost|p1a: Torterra|spd|1\n|-boost|p1a: Torterra|atk|2\n|-boost|p1a: Torterra|spa|2\n|-boost|p1a: Torterra|spe|2\n|\n|upkeep\n|turn|11\n|c|\u2606pbrake12|all according to plan\n|\n|t:|1700186960\n|move|p2a: Grimmsnarl|Reflect|p2a: Grimmsnarl\n|-sidestart|p2: Mucheeezy|Reflect\n|move|p1a: Torterra|Iron Head|p2a: Grimmsnarl\n|-supereffective|p2a: Grimmsnarl\n|-damage|p2a: Grimmsnarl|12\/100\n|\n|upkeep\n|turn|12\n|c| butter dk|torterra fucked up\n|\n|t:|1700187037\n|move|p1a: Torterra|Iron Head|p2a: Grimmsnarl\n|-supereffective|p2a: Grimmsnarl\n|-damage|p2a: Grimmsnarl|0 fnt\n|faint|p2a: Grimmsnarl\n|\n|upkeep\n|\n|t:|1700187059\n|switch|p2a: Enamorus|Enamorus-Therian, F|61\/100\n|turn|13\n|\n|t:|1700187068\n|move|p1a: Torterra|Stone Edge|p2a: Enamorus\n|-supereffective|p2a: Enamorus\n|-damage|p2a: Enamorus|0 fnt\n|faint|p2a: Enamorus\n|\n|upkeep\n|c| butter dk|oh shit the stone edge\n|c| Bigsmokemorel|wood hammer more like would not hammer\n|c|\u2606pbrake12|never\n|\n|t:|1700187118\n|switch|p2a: Sneasler|Sneasler, M|100\/100\n|-damage|p2a: Sneasler|84\/100|[from] Spikes\n|turn|14\n|c| Bigsmokemorel|whats 232 x 2\n|\n|t:|1700187130\n|move|p2a: Sneasler|Dire Claw|p1a: Torterra\n|-damage|p1a: Torterra|37\/100\n|move|p1a: Torterra|Stone Edge|p2a: Sneasler\n|-resisted|p2a: Sneasler\n|-damage|p2a: Sneasler|56\/100\n|\n|upkeep\n|turn|15\n|c| butter dk|hold\n|\n|t:|1700187153\n|switch|p1a: Skeledirge|Skeledirge, M|83\/100\n|move|p2a: Sneasler|Dire Claw|p1a: Skeledirge\n|-resisted|p1a: Skeledirge\n|-damage|p1a: Skeledirge|70\/100\n|-status|p1a: Skeledirge|psn|[from] ability: Poison Touch|[of] p2a: Sneasler\n|\n|-heal|p1a: Skeledirge|76\/100 psn|[from] item: Leftovers\n|-damage|p1a: Skeledirge|63\/100 psn|[from] psn\n|upkeep\n|turn|16\n|c| butter dk|poison touch!\n|\n|t:|1700187194\n|switch|p2a: Chansey|Chansey, F|100\/100\n|-damage|p2a: Chansey|84\/100|[from] Spikes\n|move|p1a: Skeledirge|Will-O-Wisp|p2a: Chansey\n|-status|p2a: Chansey|brn\n|\n|-heal|p1a: Skeledirge|69\/100 psn|[from] item: Leftovers\n|-damage|p1a: Skeledirge|57\/100 psn|[from] psn\n|-damage|p2a: Chansey|78\/100 brn|[from] brn\n|upkeep\n|turn|17\n|\n|t:|1700187207\n|switch|p1a: Torterra|Torterra, M|37\/100\n|move|p2a: Chansey|Stealth Rock|p1a: Torterra\n|-sidestart|p1: pbrake12|move: Stealth Rock\n|\n|-damage|p2a: Chansey|72\/100 brn|[from] brn\n|upkeep\n|turn|18\n|\n|t:|1700187221\n|move|p1a: Torterra|Headlong Rush|p2a: Chansey\n|-damage|p2a: Chansey|52\/100 brn\n|-unboost|p1a: Torterra|def|1\n|-unboost|p1a: Torterra|spd|1\n|move|p2a: Chansey|Seismic Toss|p1a: Torterra\n|-damage|p1a: Torterra|7\/100\n|\n|-damage|p2a: Chansey|46\/100 brn|[from] brn\n|-sideend|p2: Mucheeezy|Reflect\n|upkeep\n|turn|19\n|c| butter dk|show me the ice beam\n|c|\u2606Mucheeezy|Never too klate for rocks\n|\n|t:|1700187234\n|move|p1a: Torterra|Headlong Rush|p2a: Chansey\n|-damage|p2a: Chansey|10\/100 brn\n|-unboost|p1a: Torterra|def|1\n|-unboost|p1a: Torterra|spd|1\n|move|p2a: Chansey|Soft-Boiled|p2a: Chansey\n|-heal|p2a: Chansey|60\/100 brn\n|\n|-damage|p2a: Chansey|54\/100 brn|[from] brn\n|upkeep\n|turn|20\n|c| butter dk|she BULKY\n|c| Bigsmokemorel|bro that shit doing nothing\n|\n|t:|1700187251\n|move|p1a: Torterra|Shell Smash|p1a: Torterra\n|-unboost|p1a: Torterra|def|1\n|-unboost|p1a: Torterra|spd|1\n|-boost|p1a: Torterra|atk|2\n|-boost|p1a: Torterra|spa|2\n|-boost|p1a: Torterra|spe|2\n|move|p2a: Chansey|Soft-Boiled|p2a: Chansey\n|-heal|p2a: Chansey|100\/100 brn\n|\n|-damage|p2a: Chansey|94\/100 brn|[from] brn\n|upkeep\n|turn|21\n|c| Bigsmokemorel|my girl can really take some limbs to the face\n|\n|t:|1700187263\n|move|p1a: Torterra|Headlong Rush|p2a: Chansey\n|-damage|p2a: Chansey|23\/100 brn\n|-unboost|p1a: Torterra|def|1\n|-unboost|p1a: Torterra|spd|1\n|move|p2a: Chansey|Seismic Toss|p1a: Torterra\n|-damage|p1a: Torterra|0 fnt\n|faint|p1a: Torterra\n|\n|-damage|p2a: Chansey|17\/100 brn|[from] brn\n|upkeep\n|\n|t:|1700187270\n|switch|p1a: Mandibuzz|Mandibuzz, F|63\/100\n|turn|22\n|\n|t:|1700187290\n|move|p2a: Chansey|Soft-Boiled|p2a: Chansey\n|-heal|p2a: Chansey|67\/100 brn\n|move|p1a: Mandibuzz|Whirlwind|p2a: Chansey\n|-curestatus|p2a: Chansey|brn|[from] ability: Natural Cure\n|drag|p2a: Sneasler|Sneasler, M|56\/100\n|-damage|p2a: Sneasler|39\/100|[from] Spikes\n|\n|upkeep\n|turn|23\n|\n|t:|1700187325\n|move|p2a: Sneasler|U-turn|p1a: Mandibuzz\n|-damage|p1a: Mandibuzz|49\/100\n|\n|t:|1700187334\n|switch|p2a: Chansey|Chansey, F|67\/100|[from] U-turn\n|-damage|p2a: Chansey|50\/100|[from] Spikes\n|move|p1a: Mandibuzz|Foul Play|p2a: Chansey\n|-damage|p2a: Chansey|49\/100\n|\n|upkeep\n|turn|24\n|c| butter dk|1\n|\n|t:|1700187343\n|move|p2a: Chansey|Soft-Boiled|p2a: Chansey\n|-heal|p2a: Chansey|99\/100\n|move|p1a: Mandibuzz|Whirlwind|p2a: Chansey\n|drag|p2a: Sneasler|Sneasler, M|39\/100\n|-damage|p2a: Sneasler|23\/100|[from] Spikes\n|\n|upkeep\n|turn|25\n|c| Bigsmokemorel|1\n|c|\u2606Mucheeezy|never lucky\n|\n|t:|1700187391\n|move|p2a: Sneasler|U-turn|p1a: Mandibuzz\n|-damage|p1a: Mandibuzz|36\/100\n|\n|t:|1700187399\n|switch|p2a: Chansey|Chansey, F|99\/100|[from] U-turn\n|-damage|p2a: Chansey|82\/100|[from] Spikes\n|move|p1a: Mandibuzz|Roost|p1a: Mandibuzz\n|-heal|p1a: Mandibuzz|86\/100\n|-singleturn|p1a: Mandibuzz|move: Roost\n|\n|upkeep\n|turn|26\n|\n|t:|1700187405\n|move|p2a: Chansey|Seismic Toss|p1a: Mandibuzz\n|-damage|p1a: Mandibuzz|63\/100\n|move|p1a: Mandibuzz|Whirlwind|p2a: Chansey\n|drag|p2a: Arcanine|Arcanine-Hisui, F|76\/100\n|-damage|p2a: Arcanine|60\/100|[from] Spikes\n|\n|upkeep\n|turn|27\n|c| butter dk|the champ is here\n|\n|t:|1700187432\n|move|p2a: Arcanine|Head Smash|p1a: Mandibuzz\n|-supereffective|p1a: Mandibuzz\n|-damage|p1a: Mandibuzz|0 fnt\n|faint|p1a: Mandibuzz\n|\n|upkeep\n|c| Bigsmokemorel|already filled the missed head smash quota\n|c| Bigsmokemorel|its time\n|c| butter dk|o7\n|\n|t:|1700187437\n|switch|p1a: Skeledirge|Skeledirge, M|57\/100 psn\n|-damage|p1a: Skeledirge|32\/100 psn|[from] Stealth Rock\n|turn|28\n|\n|t:|1700187492\n|switch|p2a: Chansey|Chansey, F|82\/100\n|-damage|p2a: Chansey|66\/100|[from] Spikes\n|move|p1a: Skeledirge|Shadow Ball|p2a: Chansey\n|-immune|p2a: Chansey\n|\n|-heal|p1a: Skeledirge|38\/100 psn|[from] item: Leftovers\n|-damage|p1a: Skeledirge|26\/100 psn|[from] psn\n|upkeep\n|turn|29\n|j| ralph smogon\n|c| ralph smogon|lets go both palyers\n|\n|t:|1700187552\n|move|p1a: Skeledirge|Slack Off|p1a: Skeledirge\n|-heal|p1a: Skeledirge|76\/100 psn\n|move|p2a: Chansey|Seismic Toss|p1a: Skeledirge\n|-immune|p1a: Skeledirge\n|\n|-heal|p1a: Skeledirge|82\/100 psn|[from] item: Leftovers\n|-damage|p1a: Skeledirge|69\/100 psn|[from] psn\n|upkeep\n|turn|30\n|\n|t:|1700187565\n|move|p1a: Skeledirge|Slack Off|p1a: Skeledirge\n|-heal|p1a: Skeledirge|100\/100 psn\n|move|p2a: Chansey|Seismic Toss|p1a: Skeledirge\n|-immune|p1a: Skeledirge\n|\n|-damage|p1a: Skeledirge|88\/100 psn|[from] psn\n|upkeep\n|turn|31\n|\n|t:|1700187574\n|move|p1a: Skeledirge|Will-O-Wisp|p2a: Chansey\n|-status|p2a: Chansey|brn\n|move|p2a: Chansey|Seismic Toss|p1a: Skeledirge\n|-immune|p1a: Skeledirge\n|\n|-heal|p1a: Skeledirge|94\/100 psn|[from] item: Leftovers\n|-damage|p1a: Skeledirge|82\/100 psn|[from] psn\n|-damage|p2a: Chansey|59\/100 brn|[from] brn\n|upkeep\n|turn|32\n|\n|t:|1700187583\n|move|p1a: Skeledirge|Torch Song|p2a: Chansey\n|-damage|p2a: Chansey|50\/100 brn\n|-boost|p1a: Skeledirge|spa|1\n|move|p2a: Chansey|Seismic Toss|p1a: Skeledirge\n|-immune|p1a: Skeledirge\n|\n|-heal|p1a: Skeledirge|88\/100 psn|[from] item: Leftovers\n|-damage|p1a: Skeledirge|75\/100 psn|[from] psn\n|-damage|p2a: Chansey|44\/100 brn|[from] brn\n|upkeep\n|turn|33\n|\n|t:|1700187587\n|move|p1a: Skeledirge|Torch Song|p2a: Chansey\n|-damage|p2a: Chansey|29\/100 brn\n|-boost|p1a: Skeledirge|spa|1\n|move|p2a: Chansey|Soft-Boiled|p2a: Chansey\n|-heal|p2a: Chansey|79\/100 brn\n|\n|-heal|p1a: Skeledirge|82\/100 psn|[from] item: Leftovers\n|-damage|p1a: Skeledirge|69\/100 psn|[from] psn\n|-damage|p2a: Chansey|73\/100 brn|[from] brn\n|upkeep\n|turn|34\n|c| butter dk|i sleep\n|\n|t:|1700187599\n|move|p1a: Skeledirge|Torch Song|p2a: Chansey\n|-damage|p2a: Chansey|54\/100 brn\n|-boost|p1a: Skeledirge|spa|1\n|move|p2a: Chansey|Soft-Boiled|p2a: Chansey\n|-heal|p2a: Chansey|100\/100 brn\n|\n|-heal|p1a: Skeledirge|75\/100 psn|[from] item: Leftovers\n|-damage|p1a: Skeledirge|63\/100 psn|[from] psn\n|-damage|p2a: Chansey|94\/100 brn|[from] brn\n|upkeep\n|turn|35\n|c| ralph smogon|boooooooooooooo\n|c| ralph smogon|wait yeahhhhhhhhhhhhh\n|\n|t:|1700187615\n|move|p1a: Skeledirge|Slack Off|p1a: Skeledirge\n|-heal|p1a: Skeledirge|100\/100 psn\n|move|p2a: Chansey|Heal Bell|p2a: Chansey\n|-activate|p2a: Chansey|move: Heal Bell\n|-curestatus|p2a: Chansey|brn|[msg]\n|\n|-damage|p1a: Skeledirge|88\/100 psn|[from] psn\n|upkeep\n|turn|36\n|c| butter dk|yo the heal bell\n|\n|t:|1700187633\n|move|p1a: Skeledirge|Torch Song|p2a: Chansey\n|-crit|p2a: Chansey\n|-damage|p2a: Chansey|58\/100\n|-boost|p1a: Skeledirge|spa|1\n|move|p2a: Chansey|Seismic Toss|p1a: Skeledirge\n|-immune|p1a: Skeledirge\n|\n|-heal|p1a: Skeledirge|94\/100 psn|[from] item: Leftovers\n|-damage|p1a: Skeledirge|82\/100 psn|[from] psn\n|upkeep\n|turn|37\n|\n|t:|1700187663\n|move|p1a: Skeledirge|Torch Song|p2a: Chansey\n|-damage|p2a: Chansey|28\/100\n|-boost|p1a: Skeledirge|spa|1\n|move|p2a: Chansey|Soft-Boiled|p2a: Chansey\n|-heal|p2a: Chansey|78\/100\n|\n|-heal|p1a: Skeledirge|88\/100 psn|[from] item: Leftovers\n|-damage|p1a: Skeledirge|75\/100 psn|[from] psn\n|upkeep\n|turn|38\n|\n|t:|1700187708\n|move|p1a: Skeledirge|Torch Song|p2a: Chansey\n|-damage|p2a: Chansey|43\/100\n|-boost|p1a: Skeledirge|spa|1\n|move|p2a: Chansey|Seismic Toss|p1a: Skeledirge\n|-immune|p1a: Skeledirge\n|\n|-heal|p1a: Skeledirge|82\/100 psn|[from] item: Leftovers\n|-damage|p1a: Skeledirge|69\/100 psn|[from] psn\n|upkeep\n|turn|39\n|\n|t:|1700187772\n|move|p1a: Skeledirge|Torch Song|p2a: Chansey\n|-damage|p2a: Chansey|5\/100\n|move|p2a: Chansey|Soft-Boiled|p2a: Chansey\n|-heal|p2a: Chansey|55\/100\n|\n|-heal|p1a: Skeledirge|75\/100 psn|[from] item: Leftovers\n|-damage|p1a: Skeledirge|63\/100 psn|[from] psn\n|upkeep\n|turn|40\n|\n|t:|1700187791\n|switch|p2a: Arcanine|Arcanine-Hisui, F|60\/100\n|-damage|p2a: Arcanine|43\/100|[from] Spikes\n|move|p1a: Skeledirge|Torch Song|p2a: Arcanine\n|-resisted|p2a: Arcanine\n|-damage|p2a: Arcanine|11\/100\n|\n|-heal|p1a: Skeledirge|69\/100 psn|[from] item: Leftovers\n|-damage|p1a: Skeledirge|57\/100 psn|[from] psn\n|upkeep\n|turn|41\n|\n|t:|1700187810\n|move|p2a: Arcanine|Head Smash|p1a: Skeledirge|[miss]\n|-miss|p2a: Arcanine|p1a: Skeledirge\n|move|p1a: Skeledirge|Shadow Ball|p2a: Arcanine\n|-damage|p2a: Arcanine|0 fnt\n|faint|p2a: Arcanine\n|\n|-heal|p1a: Skeledirge|63\/100 psn|[from] item: Leftovers\n|-damage|p1a: Skeledirge|50\/100 psn|[from] psn\n|upkeep\n|c| butter dk|no dude\n|c|\u2606pbrake12|no way\n|l| ralph smogon\n|c| butter dk|not like that\n|\n|t:|1700187831\n|switch|p2a: Sneasler|Sneasler, M|23\/100\n|-damage|p2a: Sneasler|6\/100|[from] Spikes\n|turn|42\n|c|\u2606Mucheeezy|Man\n|c|\u2606pbrake12|that is some shit\n|c|\u2606pbrake12|srry\n|c|\u2606Mucheeezy|I had the plan\n|\n|t:|1700187897\n|-terastallize|p2a: Sneasler|Dark\n|move|p2a: Sneasler|Tera Blast|p1a: Skeledirge|[anim] Tera Blast Dark\n|-supereffective|p1a: Skeledirge\n|-damage|p1a: Skeledirge|2\/100 psn\n|move|p1a: Skeledirge|Torch Song|p2a: Sneasler\n|-damage|p2a: Sneasler|0 fnt\n|faint|p2a: Sneasler\n|\n|-heal|p1a: Skeledirge|8\/100 psn|[from] item: Leftovers\n|-damage|p1a: Skeledirge|0 fnt|[from] psn\n|faint|p1a: Skeledirge\n|upkeep\n|\n|t:|1700187912\n|switch|p2a: Chansey|Chansey, F|55\/100\n|switch|p1a: Ogerpon|Ogerpon-Hearthflame, F|100\/100\n|-damage|p1a: Ogerpon|76\/100|[from] Stealth Rock\n|-ability|p1a: Ogerpon|Mold Breaker\n|-damage|p2a: Chansey|39\/100|[from] Spikes\n|turn|43\n|\n|t:|1700187917\n|-terastallize|p1a: Ogerpon|Fire\n|detailschange|p1a: Ogerpon|Ogerpon-Hearthflame-Tera, F, tera:Fire\n|-ability|p1a: Ogerpon|Embody Aspect (Hearthflame)|boost\n|-boost|p1a: Ogerpon|atk|1\n|move|p1a: Ogerpon|Ivy Cudgel|p2a: Chansey|[anim] Ivy Cudgel Fire\n|-damage|p2a: Chansey|0 fnt\n|faint|p2a: Chansey\n|\n|win|pbrake12\n|c|\u2606Mucheeezy|gg\n|c|\u2606pbrake12|ggs man sry bout that bs\n","uploadtime":1700187931,"views":11,"p1id":"pbrake12","p2id":"mucheeezy","formatid":"gen9ubers","rating":0,"private":0,"password":""}