{"id":"gen9ubers-1970612320","p1":"whaah","p2":"MeteorAsh15","format":"[Gen 9] Ubers","log":"|j|\u2606whaah\n|j|\u2606MeteorAsh15\n|t:|1697652384\n|gametype|singles\n|player|p1|whaah|266|1328\n|player|p2|MeteorAsh15|nate|1206\n|teamsize|p1|6\n|teamsize|p2|6\n|gen|9\n|tier|[Gen 9] Ubers\n|rated|\n|rule|Sleep Clause Mod: Limit one foe put to sleep\n|rule|Species Clause: Limit one of each Pok\u00e9mon\n|rule|OHKO Clause: OHKO moves are banned\n|rule|Evasion Items Clause: Evasion items are banned\n|rule|Evasion Moves Clause: Evasion moves are banned\n|rule|Endless Battle Clause: Forcing endless battles is banned\n|rule|HP Percentage Mod: HP is shown in percentages\n|clearpoke\n|poke|p1|Glimmora, F|\n|poke|p1|Koraidon|\n|poke|p1|Zacian-*|\n|poke|p1|Miraidon|\n|poke|p1|Ceruledge, F|\n|poke|p1|Giratina-Origin|\n|poke|p2|Baxcalibur, F|\n|poke|p2|Ninetales-Alola, F|\n|poke|p2|Kyogre|\n|poke|p2|Koraidon|\n|poke|p2|Zacian-*|\n|poke|p2|Tornadus, M|\n|teampreview\n|inactive|Battle timer is ON: inactive players will automatically lose when time's up. (requested by MeteorAsh15)\n|\n|t:|1697652391\n|start\n|switch|p1a: Glimmora|Glimmora, F|100\/100\n|switch|p2a: Kyogre|Kyogre|100\/100\n|-weather|RainDance|[from] ability: Drizzle|[of] p2a: Kyogre\n|turn|1\n|\n|t:|1697652399\n|move|p2a: Kyogre|Water Spout|p1a: Glimmora\n|-supereffective|p1a: Glimmora\n|-enditem|p1a: Glimmora|Focus Sash\n|-damage|p1a: Glimmora|1\/100\n|move|p1a: Glimmora|Stealth Rock|p2a: Kyogre\n|-sidestart|p2: MeteorAsh15|move: Stealth Rock\n|\n|-weather|RainDance|[upkeep]\n|upkeep\n|turn|2\n|\n|t:|1697652408\n|move|p2a: Kyogre|Water Spout|p1a: Glimmora\n|-supereffective|p1a: Glimmora\n|-damage|p1a: Glimmora|0 fnt\n|faint|p1a: Glimmora\n|\n|-weather|RainDance|[upkeep]\n|upkeep\n|\n|t:|1697652410\n|switch|p1a: Miraidon|Miraidon|100\/100\n|-fieldstart|move: Electric Terrain|[from] ability: Hadron Engine|[of] p1a: Miraidon\n|turn|3\n|\n|t:|1697652424\n|move|p2a: Kyogre|Water Spout|p1a: Miraidon\n|-resisted|p1a: Miraidon\n|-damage|p1a: Miraidon|34\/100\n|move|p1a: Miraidon|Calm Mind|p1a: Miraidon\n|-boost|p1a: Miraidon|spa|1\n|-boost|p1a: Miraidon|spd|1\n|\n|-weather|RainDance|[upkeep]\n|upkeep\n|turn|4\n|\n|t:|1697652433\n|move|p2a: Kyogre|Water Spout|p1a: Miraidon\n|-resisted|p1a: Miraidon\n|-damage|p1a: Miraidon|0 fnt\n|faint|p1a: Miraidon\n|\n|-weather|RainDance|[upkeep]\n|upkeep\n|\n|t:|1697652438\n|switch|p1a: Ceruledge|Ceruledge, F|100\/100\n|turn|5\n|\n|t:|1697652446\n|move|p2a: Kyogre|Water Spout|p1a: Ceruledge\n|-supereffective|p1a: Ceruledge\n|-enditem|p1a: Ceruledge|Focus Sash\n|-damage|p1a: Ceruledge|1\/100\n|move|p1a: Ceruledge|Poltergeist|p2a: Kyogre\n|-activate|p2a: Kyogre|move: Poltergeist|Choice Scarf\n|-damage|p2a: Kyogre|37\/100\n|\n|-weather|none\n|upkeep\n|turn|6\n|\n|t:|1697652457\n|move|p1a: Ceruledge|Shadow Sneak|p2a: Kyogre\n|-damage|p2a: Kyogre|14\/100\n|move|p2a: Kyogre|Water Spout|p1a: Ceruledge\n|-supereffective|p1a: Ceruledge\n|-damage|p1a: Ceruledge|0 fnt\n|faint|p1a: Ceruledge\n|\n|upkeep\n|\n|t:|1697652464\n|switch|p1a: Koraidon|Koraidon|100\/100\n|-weather|SunnyDay|[from] ability: Orichalcum Pulse|[of] p1a: Koraidon\n|-activate|p1a: Koraidon|Orichalcum Pulse|[source]\n|turn|7\n|\n|t:|1697652469\n|move|p2a: Kyogre|Water Spout|p1a: Koraidon\n|-resisted|p1a: Koraidon\n|-damage|p1a: Koraidon|98\/100\n|move|p1a: Koraidon|Swords Dance|p1a: Koraidon\n|-boost|p1a: Koraidon|atk|2\n|\n|-weather|SunnyDay|[upkeep]\n|-fieldend|move: Electric Terrain\n|upkeep\n|turn|8\n|\n|t:|1697652479\n|switch|p2a: Zacian|Zacian-Crowned, shiny|100\/100\n|-damage|p2a: Zacian|94\/100|[from] Stealth Rock\n|-ability|p2a: Zacian|Intrepid Sword|boost\n|-boost|p2a: Zacian|atk|1\n|move|p1a: Koraidon|Swords Dance|p1a: Koraidon\n|-boost|p1a: Koraidon|atk|2\n|\n|-weather|SunnyDay|[upkeep]\n|upkeep\n|turn|9\n|\n|t:|1697652489\n|-terastallize|p1a: Koraidon|Fire\n|move|p2a: Zacian|Play Rough|p1a: Koraidon\n|-resisted|p1a: Koraidon\n|-damage|p1a: Koraidon|64\/100\n|move|p1a: Koraidon|Flare Blitz|p2a: Zacian\n|-supereffective|p2a: Zacian\n|-crit|p2a: Zacian\n|-damage|p2a: Zacian|0 fnt\n|faint|p2a: Zacian\n|-damage|p1a: Koraidon|34\/100|[from] Recoil\n|\n|-weather|SunnyDay|[upkeep]\n|upkeep\n|\n|t:|1697652503\n|switch|p2a: Tornadus|Tornadus, M, shiny|100\/100\n|turn|10\n|\n|t:|1697652507\n|move|p2a: Tornadus|Tailwind|p2a: Tornadus\n|-sidestart|p2: MeteorAsh15|move: Tailwind\n|move|p1a: Koraidon|Scale Shot|p2a: Tornadus\n|-damage|p2a: Tornadus|14\/100\n|-damage|p2a: Tornadus|0 fnt\n|faint|p2a: Tornadus\n|-hitcount|p2: Tornadus|2\n|-unboost|p1a: Koraidon|def|1\n|-boost|p1a: Koraidon|spe|1\n|\n|-weather|SunnyDay|[upkeep]\n|upkeep\n|\n|t:|1697652523\n|switch|p2a: Kyogre|Kyogre|14\/100\n|-damage|p2a: Kyogre|1\/100|[from] Stealth Rock\n|-weather|RainDance|[from] ability: Drizzle|[of] p2a: Kyogre\n|turn|11\n|\n|t:|1697652530\n|move|p2a: Kyogre|Water Spout|p1a: Koraidon\n|-supereffective|p1a: Koraidon\n|-damage|p1a: Koraidon|32\/100\n|move|p1a: Koraidon|Collision Course|p2a: Kyogre\n|-damage|p2a: Kyogre|0 fnt\n|faint|p2a: Kyogre\n|\n|-weather|RainDance|[upkeep]\n|upkeep\n|\n|t:|1697652541\n|switch|p2a: Koraidon|Koraidon|100\/100\n|-damage|p2a: Koraidon|94\/100|[from] Stealth Rock\n|-weather|SunnyDay|[from] ability: Orichalcum Pulse|[of] p2a: Koraidon\n|-activate|p2a: Koraidon|Orichalcum Pulse|[source]\n|turn|12\n|\n|t:|1697652551\n|move|p2a: Koraidon|Scale Shot|p1a: Koraidon\n|-damage|p1a: Koraidon|8\/100\n|-damage|p1a: Koraidon|0 fnt\n|faint|p1a: Koraidon\n|-hitcount|p1: Koraidon|2\n|-unboost|p2a: Koraidon|def|1\n|-boost|p2a: Koraidon|spe|1\n|\n|-weather|SunnyDay|[upkeep]\n|upkeep\n|\n|t:|1697652556\n|switch|p1a: Zacian|Zacian-Crowned|100\/100\n|-ability|p1a: Zacian|Intrepid Sword|boost\n|-boost|p1a: Zacian|atk|1\n|turn|13\n|\n|t:|1697652565\n|move|p2a: Koraidon|Flare Blitz|p1a: Zacian\n|-supereffective|p1a: Zacian\n|-damage|p1a: Zacian|0 fnt\n|faint|p1a: Zacian\n|-damage|p2a: Koraidon|63\/100|[from] Recoil\n|\n|-weather|SunnyDay|[upkeep]\n|-sideend|p2: MeteorAsh15|move: Tailwind\n|upkeep\n|\n|t:|1697652568\n|switch|p1a: Giratina|Giratina-Origin|100\/100\n|turn|14\n|\n|t:|1697652576\n|move|p2a: Koraidon|Shadow Claw|p1a: Giratina\n|-supereffective|p1a: Giratina\n|-damage|p1a: Giratina|51\/100\n|move|p1a: Giratina|Dragon Tail|p2a: Koraidon\n|-supereffective|p2a: Koraidon\n|-damage|p2a: Koraidon|0 fnt\n|faint|p2a: Koraidon\n|\n|-weather|SunnyDay|[upkeep]\n|upkeep\n|\n|t:|1697652586\n|switch|p2a: Ninetales|Ninetales-Alola, F|100\/100\n|-damage|p2a: Ninetales|75\/100|[from] Stealth Rock\n|-weather|Snow|[from] ability: Snow Warning|[of] p2a: Ninetales\n|turn|15\n|\n|t:|1697652592\n|move|p2a: Ninetales|Aurora Veil|p2a: Ninetales\n|-sidestart|p2: MeteorAsh15|move: Aurora Veil\n|move|p1a: Giratina|Earthquake|p2a: Ninetales\n|-damage|p2a: Ninetales|61\/100\n|\n|-weather|Snow|[upkeep]\n|upkeep\n|turn|16\n|\n|t:|1697652601\n|move|p2a: Ninetales|Hypnosis|p1a: Giratina\n|-status|p1a: Giratina|slp|[from] move: Hypnosis\n|cant|p1a: Giratina|slp\n|\n|-weather|Snow|[upkeep]\n|upkeep\n|turn|17\n|\n|t:|1697652608\n|switch|p2a: Baxcalibur|Baxcalibur, F|100\/100\n|-damage|p2a: Baxcalibur|76\/100|[from] Stealth Rock\n|-curestatus|p1a: Giratina|slp|[msg]\n|move|p1a: Giratina|Defog|p2a: Baxcalibur\n|-unboost|p2a: Baxcalibur|evasion|1\n|-sideend|p2: MeteorAsh15|move: Aurora Veil\n|-sideend|p2: MeteorAsh15|Stealth Rock|[from] move: Defog|[of] p1a: Giratina\n|\n|-weather|Snow|[upkeep]\n|upkeep\n|turn|18\n|\n|t:|1697652624\n|move|p2a: Baxcalibur|Icicle Spear|p1a: Giratina\n|-supereffective|p1a: Giratina\n|-damage|p1a: Giratina|34\/100\n|-supereffective|p1a: Giratina\n|-crit|p1a: Giratina\n|-damage|p1a: Giratina|6\/100\n|-supereffective|p1a: Giratina\n|-damage|p1a: Giratina|0 fnt\n|faint|p1a: Giratina\n|-hitcount|p1: Giratina|3\n|\n|win|MeteorAsh15\n|raw|whaah's rating: 1328 &rarr; <strong>1301<\/strong><br \/>(-27 for losing)\n|raw|MeteorAsh15's rating: 1206 &rarr; <strong>1239<\/strong><br \/>(+33 for winning)\n|l|\u2606whaah\n","uploadtime":1697652654,"views":9,"p1id":"whaah","p2id":"meteorash15","formatid":"gen9ubers","rating":1239,"private":0,"password":""}