{"id":"gen9ubers-1983464907","p1":"ttkilla","p2":"HinaKagiyama1","format":"[Gen 9] Ubers","log":"|j|\u2606ttkilla\n|j|\u2606HinaKagiyama1\n|t:|1699132971\n|gametype|singles\n|player|p1|ttkilla|cameraman|\n|player|p2|HinaKagiyama1|2|\n|teamsize|p1|6\n|teamsize|p2|6\n|gen|9\n|tier|[Gen 9] Ubers\n|rule|Sleep Clause Mod: Limit one foe put to sleep\n|rule|Species Clause: Limit one of each Pok\u00e9mon\n|rule|OHKO Clause: OHKO moves are banned\n|rule|Evasion Items Clause: Evasion items are banned\n|rule|Evasion Moves Clause: Evasion moves are banned\n|rule|Endless Battle Clause: Forcing endless battles is banned\n|rule|HP Percentage Mod: HP is shown in percentages\n|clearpoke\n|poke|p1|Zacian-*|\n|poke|p1|Chi-Yu|\n|poke|p1|Cyclizar, F|\n|poke|p1|Arceus-Ghost|\n|poke|p1|Baxcalibur, M|\n|poke|p1|Ogerpon-Wellspring, F|\n|poke|p2|Tyranitar, F|\n|poke|p2|Arceus-Rock|\n|poke|p2|Garchomp, F|\n|poke|p2|Donphan, F|\n|poke|p2|Magearna|\n|poke|p2|Houndstone, M|\n|teampreview\n|c|\u2606ttkilla|glhf\n|\n|t:|1699132991\n|start\n|switch|p1a: Ogerpon|Ogerpon-Wellspring, F|100\/100\n|switch|p2a: Uwu orb|Magearna|100\/100\n|turn|1\n|c|\u2606HinaKagiyama1|You too\n|\n|t:|1699132998\n|move|p1a: Ogerpon|Swords Dance|p1a: Ogerpon\n|-boost|p1a: Ogerpon|atk|2\n|move|p2a: Uwu orb|Thunder Wave|p1a: Ogerpon\n|-status|p1a: Ogerpon|par\n|\n|upkeep\n|turn|2\n|\n|t:|1699133002\n|move|p1a: Ogerpon|Stomping Tantrum|p2a: Uwu orb\n|-supereffective|p2a: Uwu orb\n|-damage|p2a: Uwu orb|0 fnt\n|faint|p2a: Uwu orb\n|\n|upkeep\n|\n|t:|1699133018\n|switch|p2a: Arc the rock eus|Arceus-Rock|100\/100\n|turn|3\n|\n|t:|1699133024\n|move|p2a: Arc the rock eus|Judgment|p1a: Ogerpon\n|-damage|p1a: Ogerpon|41\/100 par\n|move|p1a: Ogerpon|Ivy Cudgel|p2a: Arc the rock eus\n|-supereffective|p2a: Arc the rock eus\n|-damage|p2a: Arc the rock eus|0 fnt\n|faint|p2a: Arc the rock eus\n|\n|upkeep\n|c|\u2606HinaKagiyama1|\u2026\n|c|\u2606HinaKagiyama1|for some ungodly reason\n|c|\u2606HinaKagiyama1|not known to any man within this realm\n|l|\u2606HinaKagiyama1\n|player|p2|\n|c|\u2606ttkilla|?\n|inactive|Battle timer is ON: inactive players will automatically lose when time's up. (requested by ttkilla)\n|inactiveoff|Battle timer is now OFF.\n|j|\u2606HinaKagiyama1\n|player|p2|HinaKagiyama1|2\n|c|\u2606HinaKagiyama1|I thought it was bug\n|c|\u2606HinaKagiyama1|also sry\n|c|\u2606ttkilla|u good\n|c|\u2606HinaKagiyama1|No\n|c|\u2606HinaKagiyama1|lol\n|\n|t:|1699133120\n|switch|p2a: Donphozo|Donphan, F|100\/100\n|turn|4\n|\n|t:|1699133124\n|move|p2a: Donphozo|Ice Shard|p1a: Ogerpon\n|-damage|p1a: Ogerpon|21\/100 par\n|move|p1a: Ogerpon|Horn Leech|p2a: Donphozo\n|-supereffective|p2a: Donphozo\n|-ability|p2a: Donphozo|Sturdy\n|-damage|p2a: Donphozo|1\/100\n|-heal|p1a: Ogerpon|84\/100 par|[from] drain|[of] p2a: Donphozo\n|\n|upkeep\n|turn|5\n|c|\u2606HinaKagiyama1|Bro\n|\n|t:|1699133130\n|move|p2a: Donphozo|Ice Shard|p1a: Ogerpon\n|-damage|p1a: Ogerpon|67\/100 par\n|move|p1a: Ogerpon|Horn Leech|p2a: Donphozo\n|-supereffective|p2a: Donphozo\n|-damage|p2a: Donphozo|0 fnt\n|-heal|p1a: Ogerpon|67\/100 par|[from] drain|[of] p2a: Donphozo\n|faint|p2a: Donphozo\n|\n|upkeep\n|\n|t:|1699133150\n|switch|p2a: DREAM ON|Tyranitar, F|100\/100\n|-weather|Sandstorm|[from] ability: Sand Stream|[of] p2a: DREAM ON\n|turn|6\n|\n|t:|1699133155\n|switch|p2a: Cynthia DREAM ON|Garchomp, F|100\/100\n|move|p1a: Ogerpon|Horn Leech|p2a: Cynthia DREAM ON\n|-damage|p2a: Cynthia DREAM ON|16\/100\n|-heal|p1a: Ogerpon|100\/100 par|[from] drain|[of] p2a: Cynthia DREAM ON\n|\n|-weather|Sandstorm|[upkeep]\n|-damage|p1a: Ogerpon|95\/100 par|[from] Sandstorm\n|upkeep\n|turn|7\n|\n|t:|1699133173\n|move|p2a: Cynthia DREAM ON|Scale Shot|p1a: Ogerpon\n|-damage|p1a: Ogerpon|77\/100 par\n|-damage|p1a: Ogerpon|60\/100 par\n|-damage|p1a: Ogerpon|44\/100 par\n|-damage|p1a: Ogerpon|26\/100 par\n|-hitcount|p1a: Ogerpon|4\n|-unboost|p2a: Cynthia DREAM ON|def|1\n|-boost|p2a: Cynthia DREAM ON|spe|1\n|move|p1a: Ogerpon|Horn Leech|p2a: Cynthia DREAM ON\n|-damage|p2a: Cynthia DREAM ON|0 fnt\n|-heal|p1a: Ogerpon|35\/100 par|[from] drain|[of] p2a: Cynthia DREAM ON\n|faint|p2a: Cynthia DREAM ON\n|\n|-weather|Sandstorm|[upkeep]\n|-damage|p1a: Ogerpon|29\/100 par|[from] Sandstorm\n|upkeep\n|\n|t:|1699133178\n|switch|p2a: DREAM ON|Tyranitar, F|100\/100\n|turn|8\n|c|\u2606HinaKagiyama1|Can we rematch\n|c|\u2606HinaKagiyama1|and me not throw\n|c|\u2606ttkilla|yea\n|c|\u2606HinaKagiyama1|by thinking this is water bug\n|\n|t:|1699133195\n|move|p1a: Ogerpon|Horn Leech|p2a: DREAM ON\n|-supereffective|p2a: DREAM ON\n|-damage|p2a: DREAM ON|0 fnt\n|-heal|p1a: Ogerpon|96\/100 par|[from] drain|[of] p2a: DREAM ON\n|faint|p2a: DREAM ON\n|\n|-weather|Sandstorm|[upkeep]\n|-damage|p1a: Ogerpon|90\/100 par|[from] Sandstorm\n|upkeep\n|c|\u2606ttkilla|best of 3\n|\n|t:|1699133218\n|switch|p2a: Rockless|Houndstone, M|100\/100\n|turn|9\n|\n|t:|1699133223\n|switch|p1a: Cyclizar|Cyclizar, F|100\/100\n|-terastallize|p2a: Rockless|Ghost\n|move|p2a: Rockless|Last Respects|p1a: Cyclizar\n|-immune|p1a: Cyclizar\n|\n|-weather|Sandstorm|[upkeep]\n|-damage|p1a: Cyclizar|94\/100|[from] Sandstorm\n|upkeep\n|turn|10\n|\n|t:|1699133235\n|move|p2a: Rockless|Play Rough|p1a: Cyclizar\n|-supereffective|p1a: Cyclizar\n|-damage|p1a: Cyclizar|8\/100\n|move|p1a: Cyclizar|Draco Meteor|p2a: Rockless\n|-damage|p2a: Rockless|52\/100\n|-unboost|p1a: Cyclizar|spa|2\n|\n|-weather|Sandstorm|[upkeep]\n|-damage|p1a: Cyclizar|2\/100|[from] Sandstorm\n|upkeep\n|turn|11\n|\n|t:|1699133244\n|switch|p1a: Ogerpon|Ogerpon-Wellspring, F|90\/100 par\n|move|p2a: Rockless|Play Rough|p1a: Ogerpon\n|-damage|p1a: Ogerpon|53\/100 par\n|-unboost|p1a: Ogerpon|atk|1\n|\n|-weather|Sandstorm|[upkeep]\n|-damage|p1a: Ogerpon|47\/100 par|[from] Sandstorm\n|upkeep\n|turn|12\n|\n|t:|1699133261\n|move|p2a: Rockless|Last Respects|p1a: Ogerpon\n|-damage|p1a: Ogerpon|0 fnt\n|faint|p1a: Ogerpon\n|\n|-weather|Sandstorm|[upkeep]\n|upkeep\n|\n|t:|1699133269\n|switch|p1a: Chi-Yu|Chi-Yu|100\/100\n|-ability|p1a: Chi-Yu|Beads of Ruin\n|turn|13\n|\n|t:|1699133283\n|move|p2a: Rockless|Last Respects|p1a: Chi-Yu\n|-resisted|p1a: Chi-Yu\n|-damage|p1a: Chi-Yu|0 fnt\n|faint|p1a: Chi-Yu\n|\n|-weather|none\n|upkeep\n|\n|t:|1699133289\n|switch|p1a: Arceus|Arceus-Ghost|100\/100\n|turn|14\n|c|\u2606HinaKagiyama1|Well\n|c|\u2606HinaKagiyama1|at least I did that much\n|\n|t:|1699133302\n|move|p2a: Rockless|Shadow Sneak|p1a: Arceus\n|-supereffective|p1a: Arceus\n|-damage|p1a: Arceus|58\/100\n|move|p1a: Arceus|Judgment|p2a: Rockless\n|-supereffective|p2a: Rockless\n|-damage|p2a: Rockless|0 fnt\n|faint|p2a: Rockless\n|\n|win|ttkilla\n|l|\u2606HinaKagiyama1\n|l|\u2606ttkilla\n|j|\u2606ttkilla\n|player|p1|ttkilla|cameraman\n","uploadtime":1699133963,"views":10,"p1id":"ttkilla","p2id":"hinakagiyama1","formatid":"gen9ubers","rating":0,"private":0,"password":""}