{"id":"gen9ubers-1997076366","p1":"AsNodt RPPLF","p2":"Passemonde RPPLF","format":"[Gen 9] Ubers","log":"|j|\u2606AsNodt RPPLF\n|j|\u2606Passemonde RPPLF\n|t:|1700762093\n|gametype|singles\n|player|p1|AsNodt RPPLF|teamrocket|\n|player|p2|Passemonde RPPLF|rood|\n|teamsize|p1|6\n|teamsize|p2|6\n|gen|9\n|tier|[Gen 9] Ubers\n|rule|Sleep Clause Mod: Limit one foe put to sleep\n|rule|Species Clause: Limit one of each Pok\u00e9mon\n|rule|OHKO Clause: OHKO moves are banned\n|rule|Evasion Items Clause: Evasion items are banned\n|rule|Evasion Moves Clause: Evasion moves are banned\n|rule|Endless Battle Clause: Forcing endless battles is banned\n|rule|HP Percentage Mod: HP is shown in percentages\n|clearpoke\n|poke|p1|Torkoal, M|\n|poke|p1|Walking Wake|\n|poke|p1|Hatterene, F|\n|poke|p1|Cinderace, M|\n|poke|p1|Weezing-Galar, M|\n|poke|p1|Gliscor, M|\n|poke|p2|Clefable, M|\n|poke|p2|Avalugg, F|\n|poke|p2|Crawdaunt, F|\n|poke|p2|Slowking-Galar, F|\n|poke|p2|Eternatus|\n|poke|p2|Landorus-Therian, M|\n|teampreview\n|\n|t:|1700762117\n|start\n|switch|p1a: Smoker|Weezing-Galar, M|100\/100\n|switch|p2a: Eternatus|Eternatus|100\/100\n|-ability|p2a: Eternatus|Pressure\n|turn|1\n|\n|t:|1700762125\n|move|p2a: Eternatus|Cosmic Power|p2a: Eternatus\n|-boost|p2a: Eternatus|def|1\n|-boost|p2a: Eternatus|spd|1\n|move|p1a: Smoker|Strange Steam|p2a: Eternatus\n|-damage|p2a: Eternatus|87\/100\n|\n|-heal|p2a: Eternatus|93\/100|[from] item: Leftovers\n|upkeep\n|turn|2\n|\n|t:|1700762139\n|move|p2a: Eternatus|Cosmic Power|p2a: Eternatus\n|-boost|p2a: Eternatus|def|1\n|-boost|p2a: Eternatus|spd|1\n|move|p1a: Smoker|Clear Smog|p2a: Eternatus\n|-resisted|p2a: Eternatus\n|-damage|p2a: Eternatus|90\/100\n|-clearboost|p2a: Eternatus\n|\n|-heal|p2a: Eternatus|97\/100|[from] item: Leftovers\n|upkeep\n|turn|3\n|\n|t:|1700762150\n|switch|p1a: Nami|Hatterene, F|100\/100\n|move|p2a: Eternatus|Sludge Bomb|p1a: Nami\n|-supereffective|p1a: Nami\n|-damage|p1a: Nami|0 fnt\n|faint|p1a: Nami\n|\n|-heal|p2a: Eternatus|100\/100|[from] item: Leftovers\n|upkeep\n|\n|t:|1700762158\n|switch|p1a: Magellan|Gliscor, M, shiny|100\/100\n|turn|4\n|c|\u2606AsNodt RPPLF|mauvais switch xd\n|\n|t:|1700762182\n|move|p1a: Magellan|Swords Dance|p1a: Magellan\n|-boost|p1a: Magellan|atk|2\n|move|p2a: Eternatus|Cosmic Power|p2a: Eternatus\n|-boost|p2a: Eternatus|def|1\n|-boost|p2a: Eternatus|spd|1\n|\n|-status|p1a: Magellan|tox|[from] item: Toxic Orb\n|upkeep\n|turn|5\n|\n|t:|1700762194\n|switch|p2a: Landorus|Landorus-Therian, M|100\/100\n|-ability|p2a: Landorus|Intimidate|boost\n|-unboost|p1a: Magellan|atk|1\n|move|p1a: Magellan|Earthquake|p2a: Landorus\n|-immune|p2a: Landorus\n|\n|upkeep\n|turn|6\n|\n|t:|1700762212\n|move|p2a: Landorus|U-turn|p1a: Magellan\n|-resisted|p1a: Magellan\n|-damage|p1a: Magellan|87\/100 tox\n|\n|t:|1700762216\n|switch|p2a: Dragon berg|Avalugg, F|100\/100|[from] U-turn\n|move|p1a: Magellan|Knock Off|p2a: Dragon berg\n|-damage|p2a: Dragon berg|85\/100\n|-enditem|p2a: Dragon berg|Heavy-Duty Boots|[from] move: Knock Off|[of] p1a: Magellan\n|\n|-heal|p1a: Magellan|99\/100 tox|[from] ability: Poison Heal\n|upkeep\n|turn|7\n|\n|t:|1700762232\n|switch|p2a: Landorus|Landorus-Therian, M|100\/100\n|-ability|p2a: Landorus|Intimidate|boost\n|-unboost|p1a: Magellan|atk|1\n|-terastallize|p1a: Magellan|Normal\n|move|p1a: Magellan|Swords Dance|p1a: Magellan\n|-boost|p1a: Magellan|atk|2\n|\n|-heal|p1a: Magellan|100\/100 tox|[from] ability: Poison Heal\n|upkeep\n|turn|8\n|\n|t:|1700762244\n|move|p2a: Landorus|Earthquake|p1a: Magellan\n|-damage|p1a: Magellan|42\/100 tox\n|move|p1a: Magellan|Facade|p2a: Landorus\n|-damage|p2a: Landorus|0 fnt\n|faint|p2a: Landorus\n|\n|-heal|p1a: Magellan|55\/100 tox|[from] ability: Poison Heal\n|upkeep\n|\n|t:|1700762263\n|switch|p2a: Dragon berg|Avalugg, F|85\/100\n|turn|9\n|\n|t:|1700762267\n|move|p1a: Magellan|Facade|p2a: Dragon berg\n|-damage|p2a: Dragon berg|40\/100\n|move|p2a: Dragon berg|Body Press|p1a: Magellan\n|-supereffective|p1a: Magellan\n|-damage|p1a: Magellan|0 fnt\n|faint|p1a: Magellan\n|\n|upkeep\n|\n|t:|1700762275\n|switch|p1a: Akainu|Torkoal, M|100\/100\n|-weather|SunnyDay|[from] ability: Drought|[of] p1a: Akainu\n|turn|10\n|\n|t:|1700762295\n|switch|p2a: Eau revoir|Slowking-Galar, F|100\/100\n|switch|p1a: Yamato|Walking Wake|100\/100\n|-activate|p1a: Yamato|ability: Protosynthesis\n|-start|p1a: Yamato|protosynthesisspe\n|\n|-weather|SunnyDay|[upkeep]\n|upkeep\n|turn|11\n|\n|t:|1700762321\n|-terastallize|p2a: Eau revoir|Water\n|move|p1a: Yamato|Hydro Steam|p2a: Eau revoir\n|-resisted|p2a: Eau revoir\n|-damage|p2a: Eau revoir|70\/100\n|move|p2a: Eau revoir|Chilly Reception|p2a: Eau revoir\n|-weather|Snow\n|-end|p1a: Yamato|Protosynthesis\n|\n|t:|1700762330\n|switch|p2a: Eternatus|Eternatus|100\/100|[from] Chilly Reception\n|-ability|p2a: Eternatus|Pressure\n|\n|-weather|Snow|[upkeep]\n|upkeep\n|turn|12\n|\n|t:|1700762337\n|-end|p1a: Yamato|Protosynthesis|[silent]\n|switch|p1a: Smoker|Weezing-Galar, M|100\/100\n|move|p2a: Eternatus|Cosmic Power|p2a: Eternatus\n|-boost|p2a: Eternatus|def|1\n|-boost|p2a: Eternatus|spd|1\n|\n|-weather|Snow|[upkeep]\n|upkeep\n|turn|13\n|\n|t:|1700762346\n|move|p2a: Eternatus|Sludge Bomb|p1a: Smoker\n|-damage|p1a: Smoker|21\/100\n|move|p1a: Smoker|Clear Smog|p2a: Eternatus\n|-resisted|p2a: Eternatus\n|-damage|p2a: Eternatus|96\/100\n|-clearboost|p2a: Eternatus\n|\n|-weather|Snow|[upkeep]\n|-heal|p2a: Eternatus|100\/100|[from] item: Leftovers\n|-heal|p1a: Smoker|27\/100|[from] item: Black Sludge\n|upkeep\n|turn|14\n|\n|t:|1700762358\n|switch|p1a: Akainu|Torkoal, M|100\/100\n|-weather|SunnyDay|[from] ability: Drought|[of] p1a: Akainu\n|move|p2a: Eternatus|Sludge Bomb|p1a: Akainu\n|-damage|p1a: Akainu|22\/100\n|-status|p1a: Akainu|psn\n|\n|-weather|SunnyDay|[upkeep]\n|-damage|p1a: Akainu|10\/100 psn|[from] psn\n|upkeep\n|turn|15\n|\n|t:|1700762370\n|move|p2a: Eternatus|Sludge Bomb|p1a: Akainu\n|-damage|p1a: Akainu|0 fnt\n|faint|p1a: Akainu\n|\n|-weather|SunnyDay|[upkeep]\n|upkeep\n|\n|t:|1700762375\n|switch|p1a: Yamato|Walking Wake|100\/100\n|-activate|p1a: Yamato|ability: Protosynthesis\n|-start|p1a: Yamato|protosynthesisspe\n|turn|16\n|\n|t:|1700762381\n|switch|p2a: Dragon berg|Avalugg, F|40\/100\n|move|p1a: Yamato|Dragon Pulse|p2a: Dragon berg\n|-damage|p2a: Dragon berg|0 fnt\n|faint|p2a: Dragon berg\n|\n|-weather|SunnyDay|[upkeep]\n|upkeep\n|\n|t:|1700762390\n|switch|p2a: Eau revoir|Slowking-Galar, F, tera:Water|100\/100\n|turn|17\n|\n|t:|1700762397\n|-end|p1a: Yamato|Protosynthesis|[silent]\n|switch|p1a: Sanji|Cinderace, M|100\/100\n|move|p2a: Eau revoir|Chilly Reception|p2a: Eau revoir\n|-weather|Snow\n|\n|t:|1700762412\n|switch|p2a: Eau chiotte|Crawdaunt, F|100\/100|[from] Chilly Reception\n|\n|-weather|Snow|[upkeep]\n|upkeep\n|turn|18\n|c|\u2606AsNodt RPPLF|bon d\u00e9cidement cette compo me reussis pas vais revenir sur les anciennes xd\n|\n|t:|1700762424\n|move|p1a: Sanji|Sucker Punch|p2a: Eau chiotte\n|-start|p1a: Sanji|typechange|Dark|[from] ability: Libero\n|-resisted|p2a: Eau chiotte\n|-damage|p2a: Eau chiotte|79\/100\n|move|p2a: Eau chiotte|Aqua Jet|p1a: Sanji\n|-damage|p1a: Sanji|48\/100\n|\n|-weather|Snow|[upkeep]\n|upkeep\n|turn|19\n|\n|t:|1700762433\n|move|p2a: Eau chiotte|Aqua Jet|p1a: Sanji\n|-damage|p1a: Sanji|0 fnt\n|faint|p1a: Sanji\n|\n|-weather|Snow|[upkeep]\n|upkeep\n|c|\u2606AsNodt RPPLF|gg\n|-message|AsNodt RPPLF forfeited.\n|\n|win|Passemonde RPPLF\n|l|\u2606AsNodt RPPLF\n","uploadtime":1700762447,"views":13,"p1id":"asnodtrpplf","p2id":"passemonderpplf","formatid":"gen9ubers","rating":0,"private":0,"password":""}