{"id":"gen9ubers-1982096881","p1":"LadyMaria-Blue","p2":"NewHoovybeast05","format":"[Gen 9] Ubers","log":"|j|\u2606LadyMaria-Blue\n|j|\u2606NewHoovybeast05\n|t:|1698967511\n|gametype|singles\n|player|p1|LadyMaria-Blue|cynthia|\n|player|p2|NewHoovybeast05|palmer|\n|teamsize|p1|6\n|teamsize|p2|6\n|gen|9\n|tier|[Gen 9] Ubers\n|rule|Sleep Clause Mod: Limit one foe put to sleep\n|rule|Species Clause: Limit one of each Pok\u00e9mon\n|rule|OHKO Clause: OHKO moves are banned\n|rule|Evasion Items Clause: Evasion items are banned\n|rule|Evasion Moves Clause: Evasion moves are banned\n|rule|Endless Battle Clause: Forcing endless battles is banned\n|rule|HP Percentage Mod: HP is shown in percentages\n|clearpoke\n|poke|p1|Baxcalibur, F|\n|poke|p1|Milotic, F|\n|poke|p1|Zacian-*|\n|poke|p1|Mandibuzz, F|\n|poke|p1|Arceus-Poison|\n|poke|p1|Magearna|\n|poke|p2|Baxcalibur, F|\n|poke|p2|Ninetales-Alola, F|\n|poke|p2|Cyclizar, F|\n|poke|p2|Volcarona, M|\n|poke|p2|Urshifu-*, M|\n|poke|p2|Bisharp, F|\n|teampreview\n|\n|t:|1698967531\n|start\n|switch|p1a: Magearna|Magearna|100\/100\n|switch|p2a: Ninetales|Ninetales-Alola, F|100\/100\n|-weather|Snow|[from] ability: Snow Warning|[of] p2a: Ninetales\n|turn|1\n|c|\u2606NewHoovybeast05|idk what i cooked up\n|\n|t:|1698967537\n|move|p2a: Ninetales|Aurora Veil|p2a: Ninetales\n|-sidestart|p2: NewHoovybeast05|move: Aurora Veil\n|move|p1a: Magearna|Thunder Wave|p2a: Ninetales\n|-status|p2a: Ninetales|par\n|\n|-weather|Snow|[upkeep]\n|upkeep\n|turn|2\n|\n|t:|1698967551\n|switch|p2a: Cyclizar|Cyclizar, F|100\/100\n|move|p1a: Magearna|Spikes|p2a: Cyclizar\n|-sidestart|p2: NewHoovybeast05|Spikes\n|\n|-weather|Snow|[upkeep]\n|upkeep\n|turn|3\n|\n|t:|1698967560\n|move|p2a: Cyclizar|Shed Tail|p2a: Cyclizar\n|-start|p2a: Cyclizar|Substitute|[from] move: Shed Tail\n|-damage|p2a: Cyclizar|50\/100\n|\n|t:|1698967565\n|switch|p2a: Volcarona|Volcarona, M|100\/100|[from] Shed Tail\n|move|p1a: Magearna|Volt Switch|p2a: Volcarona\n|-activate|p2a: Volcarona|move: Substitute|[damage]\n|\n|t:|1698967571\n|switch|p1a: Milotic|Milotic, F, shiny|100\/100|[from] Volt Switch\n|\n|-weather|Snow|[upkeep]\n|upkeep\n|turn|4\n|\n|t:|1698967575\n|move|p2a: Volcarona|Quiver Dance|p2a: Volcarona\n|-boost|p2a: Volcarona|spa|1\n|-boost|p2a: Volcarona|spd|1\n|-boost|p2a: Volcarona|spe|1\n|move|p1a: Milotic|Scald|p2a: Volcarona\n|-supereffective|p2a: Volcarona\n|-end|p2a: Volcarona|Substitute\n|\n|-weather|Snow|[upkeep]\n|upkeep\n|turn|5\n|\n|t:|1698967584\n|move|p2a: Volcarona|Quiver Dance|p2a: Volcarona\n|-boost|p2a: Volcarona|spa|1\n|-boost|p2a: Volcarona|spd|1\n|-boost|p2a: Volcarona|spe|1\n|move|p1a: Milotic|Haze|p1a: Milotic\n|-clearallboost\n|\n|-weather|none\n|upkeep\n|turn|6\n|\n|t:|1698967591\n|move|p2a: Volcarona|Quiver Dance|p2a: Volcarona\n|-boost|p2a: Volcarona|spa|1\n|-boost|p2a: Volcarona|spd|1\n|-boost|p2a: Volcarona|spe|1\n|move|p1a: Milotic|Scald|p2a: Volcarona\n|-supereffective|p2a: Volcarona\n|-damage|p2a: Volcarona|80\/100\n|\n|upkeep\n|turn|7\n|\n|t:|1698967594\n|move|p2a: Volcarona|Giga Drain|p1a: Milotic\n|-supereffective|p1a: Milotic\n|-damage|p1a: Milotic|57\/100\n|-heal|p2a: Volcarona|100\/100|[from] drain|[of] p1a: Milotic\n|move|p1a: Milotic|Haze|p1a: Milotic\n|-clearallboost\n|\n|-heal|p1a: Milotic|63\/100|[from] item: Leftovers\n|upkeep\n|turn|8\n|\n|t:|1698967601\n|move|p2a: Volcarona|Giga Drain|p1a: Milotic\n|-supereffective|p1a: Milotic\n|-damage|p1a: Milotic|30\/100\n|move|p1a: Milotic|Recover|p1a: Milotic\n|-heal|p1a: Milotic|80\/100\n|\n|-heal|p1a: Milotic|87\/100|[from] item: Leftovers\n|-sideend|p2: NewHoovybeast05|move: Aurora Veil\n|upkeep\n|turn|9\n|\n|t:|1698967617\n|switch|p2a: Ninetales|Ninetales-Alola, F|100\/100 par\n|-damage|p2a: Ninetales|88\/100 par|[from] Spikes\n|-weather|Snow|[from] ability: Snow Warning|[of] p2a: Ninetales\n|move|p1a: Milotic|Scald|p2a: Ninetales\n|-damage|p2a: Ninetales|63\/100 par\n|\n|-weather|Snow|[upkeep]\n|-heal|p1a: Milotic|93\/100|[from] item: Leftovers\n|upkeep\n|turn|10\n|\n|t:|1698967625\n|move|p1a: Milotic|Flip Turn|p2a: Ninetales\n|-damage|p2a: Ninetales|52\/100 par\n|\n|t:|1698967628\n|switch|p1a: Magearna|Magearna|100\/100|[from] Flip Turn\n|move|p2a: Ninetales|Aurora Veil|p2a: Ninetales\n|-sidestart|p2: NewHoovybeast05|move: Aurora Veil\n|\n|-weather|Snow|[upkeep]\n|upkeep\n|turn|11\n|\n|t:|1698967636\n|switch|p2a: Cyclizar|Cyclizar, F|83\/100\n|-damage|p2a: Cyclizar|71\/100|[from] Spikes\n|move|p1a: Magearna|Fleur Cannon|p2a: Cyclizar\n|-supereffective|p2a: Cyclizar\n|-damage|p2a: Cyclizar|0 fnt\n|-unboost|p1a: Magearna|spa|2\n|faint|p2a: Cyclizar\n|-ability|p1a: Magearna|Soul-Heart|boost\n|-boost|p1a: Magearna|spa|1\n|\n|-weather|Snow|[upkeep]\n|upkeep\n|\n|t:|1698967658\n|switch|p2a: Bisharp|Bisharp, F|100\/100\n|-damage|p2a: Bisharp|88\/100|[from] Spikes\n|turn|12\n|\n|t:|1698967670\n|move|p2a: Bisharp|Swords Dance|p2a: Bisharp\n|-boost|p2a: Bisharp|atk|2\n|move|p1a: Magearna|Volt Switch|p2a: Bisharp\n|-damage|p2a: Bisharp|81\/100\n|\n|t:|1698967675\n|switch|p1a: Zacian|Zacian|100\/100|[from] Volt Switch\n|-ability|p1a: Zacian|Intrepid Sword|boost\n|-boost|p1a: Zacian|atk|1\n|\n|-weather|Snow|[upkeep]\n|upkeep\n|turn|13\n|\n|t:|1698967686\n|-terastallize|p2a: Bisharp|Fairy\n|move|p1a: Zacian|Close Combat|p2a: Bisharp\n|-resisted|p2a: Bisharp\n|-damage|p2a: Bisharp|64\/100\n|-unboost|p1a: Zacian|def|1\n|-unboost|p1a: Zacian|spd|1\n|move|p2a: Bisharp|Iron Head|p1a: Zacian\n|-supereffective|p1a: Zacian\n|-damage|p1a: Zacian|0 fnt\n|faint|p1a: Zacian\n|\n|-weather|none\n|upkeep\n|\n|t:|1698967691\n|switch|p1a: Milotic|Milotic, F, shiny|93\/100\n|turn|14\n|\n|t:|1698967695\n|move|p2a: Bisharp|Night Slash|p1a: Milotic\n|-damage|p1a: Milotic|22\/100\n|move|p1a: Milotic|Haze|p1a: Milotic\n|-clearallboost\n|\n|-heal|p1a: Milotic|28\/100|[from] item: Leftovers\n|upkeep\n|turn|15\n|\n|t:|1698967699\n|move|p2a: Bisharp|Night Slash|p1a: Milotic\n|-damage|p1a: Milotic|0 fnt\n|faint|p1a: Milotic\n|\n|upkeep\n|\n|t:|1698967703\n|switch|p1a: Arceus|Arceus-Poison|100\/100\n|turn|16\n|\n|t:|1698967709\n|move|p1a: Arceus|Calm Mind|p1a: Arceus\n|-boost|p1a: Arceus|spa|1\n|-boost|p1a: Arceus|spd|1\n|move|p2a: Bisharp|Swords Dance|p2a: Bisharp\n|-boost|p2a: Bisharp|atk|2\n|\n|upkeep\n|turn|17\n|\n|t:|1698967714\n|move|p1a: Arceus|Earth Power|p2a: Bisharp\n|-damage|p2a: Bisharp|43\/100\n|move|p2a: Bisharp|Iron Head|p1a: Arceus\n|-damage|p1a: Arceus|47\/100\n|\n|-sideend|p2: NewHoovybeast05|move: Aurora Veil\n|upkeep\n|turn|18\n|\n|t:|1698967717\n|move|p1a: Arceus|Judgment|p2a: Bisharp\n|-supereffective|p2a: Bisharp\n|-damage|p2a: Bisharp|0 fnt\n|faint|p2a: Bisharp\n|\n|upkeep\n|\n|t:|1698967733\n|switch|p2a: Volcarona|Volcarona, M|100\/100\n|turn|19\n|\n|t:|1698967741\n|move|p1a: Arceus|Recover|p1a: Arceus\n|-heal|p1a: Arceus|97\/100\n|move|p2a: Volcarona|Quiver Dance|p2a: Volcarona\n|-boost|p2a: Volcarona|spa|1\n|-boost|p2a: Volcarona|spd|1\n|-boost|p2a: Volcarona|spe|1\n|\n|upkeep\n|turn|20\n|\n|t:|1698967746\n|move|p2a: Volcarona|Quiver Dance|p2a: Volcarona\n|-boost|p2a: Volcarona|spa|1\n|-boost|p2a: Volcarona|spd|1\n|-boost|p2a: Volcarona|spe|1\n|move|p1a: Arceus|Judgment|p2a: Volcarona\n|-damage|p2a: Volcarona|65\/100\n|\n|upkeep\n|turn|21\n|\n|t:|1698967750\n|move|p2a: Volcarona|Psychic|p1a: Arceus\n|-supereffective|p1a: Arceus\n|-damage|p1a: Arceus|43\/100\n|move|p1a: Arceus|Calm Mind|p1a: Arceus\n|-boost|p1a: Arceus|spa|1\n|-boost|p1a: Arceus|spd|1\n|\n|upkeep\n|turn|22\n|\n|t:|1698967760\n|move|p2a: Volcarona|Psychic|p1a: Arceus\n|-supereffective|p1a: Arceus\n|-damage|p1a: Arceus|0 fnt\n|faint|p1a: Arceus\n|\n|upkeep\n|\n|t:|1698967764\n|switch|p1a: Magearna|Magearna|100\/100\n|turn|23\n|\n|t:|1698967767\n|move|p2a: Volcarona|Fiery Dance|p1a: Magearna\n|-supereffective|p1a: Magearna\n|-damage|p1a: Magearna|0 fnt\n|faint|p1a: Magearna\n|\n|upkeep\n|\n|t:|1698967770\n|switch|p1a: Mandibuzz|Mandibuzz, F, shiny|100\/100\n|turn|24\n|\n|t:|1698967775\n|move|p2a: Volcarona|Fiery Dance|p1a: Mandibuzz\n|-damage|p1a: Mandibuzz|37\/100\n|move|p1a: Mandibuzz|Foul Play|p2a: Volcarona\n|-damage|p2a: Volcarona|42\/100\n|-status|p1a: Mandibuzz|brn|[from] ability: Flame Body|[of] p2a: Volcarona\n|\n|-damage|p1a: Mandibuzz|31\/100 brn|[from] brn\n|upkeep\n|turn|25\n|\n|t:|1698967781\n|move|p2a: Volcarona|Fiery Dance|p1a: Mandibuzz\n|-damage|p1a: Mandibuzz|0 fnt\n|-boost|p2a: Volcarona|spa|1\n|faint|p1a: Mandibuzz\n|\n|upkeep\n|\n|t:|1698967782\n|switch|p1a: Baxcalibur|Baxcalibur, F|100\/100\n|turn|26\n|\n|t:|1698967809\n|move|p2a: Volcarona|Fiery Dance|p1a: Baxcalibur\n|-damage|p1a: Baxcalibur|0 fnt\n|faint|p1a: Baxcalibur\n|\n|win|NewHoovybeast05\n|c|\u2606LadyMaria-Blue|gg\n","uploadtime":1698967815,"views":17,"p1id":"ladymariablue","p2id":"newhoovybeast05","formatid":"gen9ubers","rating":0,"private":0,"password":""}