{"id":"gen9ubers-1998798130","p1":"TrafalgarLaw773","p2":"Etrio","format":"[Gen 9] Ubers","log":"|j|\u2606TrafalgarLaw773\n|j|\u2606Etrio\n|t:|1700993093\n|gametype|singles\n|player|p1|TrafalgarLaw773|2|\n|player|p2|Etrio|veteran|\n|teamsize|p1|6\n|teamsize|p2|6\n|gen|9\n|tier|[Gen 9] Ubers\n|rule|Sleep Clause Mod: Limit one foe put to sleep\n|rule|Species Clause: Limit one of each Pok\u00e9mon\n|rule|OHKO Clause: OHKO moves are banned\n|rule|Evasion Items Clause: Evasion items are banned\n|rule|Evasion Moves Clause: Evasion moves are banned\n|rule|Endless Battle Clause: Forcing endless battles is banned\n|rule|HP Percentage Mod: HP is shown in percentages\n|clearpoke\n|poke|p1|Chi-Yu|\n|poke|p1|Regieleki|\n|poke|p1|Flutter Mane|\n|poke|p1|Koraidon|\n|poke|p1|Ursaluna-Bloodmoon, M|\n|poke|p1|Landorus-Therian, M|\n|poke|p2|Chien-Pao|\n|poke|p2|Koraidon|\n|poke|p2|Walking Wake|\n|poke|p2|Basculegion, M|\n|poke|p2|Tornadus, M|\n|poke|p2|Flutter Mane|\n|teampreview\n|inactive|Battle timer is ON: inactive players will automatically lose when time's up. (requested by Etrio)\n|\n|t:|1700993114\n|start\n|switch|p1a: Regieleki|Regieleki|100\/100\n|switch|p2a: Koraidon|Koraidon|100\/100\n|-weather|SunnyDay|[from] ability: Orichalcum Pulse|[of] p2a: Koraidon\n|-activate|p2a: Koraidon|Orichalcum Pulse|[source]\n|turn|1\n|\n|t:|1700993120\n|move|p2a: Koraidon|Flare Blitz|p1a: Regieleki\n|-damage|p1a: Regieleki|0 fnt\n|faint|p1a: Regieleki\n|-damage|p2a: Koraidon|65\/100|[from] Recoil\n|\n|-weather|SunnyDay|[upkeep]\n|upkeep\n|\n|t:|1700993128\n|switch|p1a: Landorus|Landorus-Therian, M|100\/100\n|-ability|p1a: Landorus|Intimidate|boost\n|-unboost|p2a: Koraidon|atk|1\n|turn|2\n|\n|t:|1700993132\n|switch|p2a: Chien-Pao|Chien-Pao|100\/100\n|-ability|p2a: Chien-Pao|Sword of Ruin\n|move|p1a: Landorus|Stealth Rock|p2a: Chien-Pao\n|-sidestart|p2: Etrio|move: Stealth Rock\n|\n|-weather|SunnyDay|[upkeep]\n|upkeep\n|turn|3\n|\n|t:|1700993138\n|-terastallize|p1a: Landorus|Water\n|move|p2a: Chien-Pao|Sacred Sword|p1a: Landorus\n|-damage|p1a: Landorus|57\/100\n|-damage|p2a: Chien-Pao|84\/100|[from] item: Rocky Helmet|[of] p1a: Landorus\n|move|p1a: Landorus|U-turn|p2a: Chien-Pao\n|-supereffective|p2a: Chien-Pao\n|-damage|p2a: Chien-Pao|11\/100\n|\n|t:|1700993150\n|switch|p1a: Koraidon|Koraidon|100\/100|[from] U-turn\n|-activate|p1a: Koraidon|ability: Orichalcum Pulse\n|\n|-weather|SunnyDay|[upkeep]\n|upkeep\n|turn|4\n|\n|t:|1700993153\n|move|p1a: Koraidon|Flame Charge|p2a: Chien-Pao\n|-supereffective|p2a: Chien-Pao\n|-damage|p2a: Chien-Pao|0 fnt\n|-boost|p1a: Koraidon|spe|1\n|faint|p2a: Chien-Pao\n|\n|-weather|SunnyDay|[upkeep]\n|upkeep\n|\n|t:|1700993163\n|switch|p2a: Tornadus|Tornadus, M|100\/100\n|-damage|p2a: Tornadus|76\/100|[from] Stealth Rock\n|turn|5\n|\n|t:|1700993166\n|move|p2a: Tornadus|Tailwind|p2a: Tornadus\n|-sidestart|p2: Etrio|move: Tailwind\n|move|p1a: Koraidon|Flame Charge|p2a: Tornadus\n|-damage|p2a: Tornadus|35\/100\n|-boost|p1a: Koraidon|spe|1\n|-enditem|p2a: Tornadus|Sitrus Berry|[eat]\n|-heal|p2a: Tornadus|60\/100|[from] item: Sitrus Berry\n|\n|-weather|none\n|upkeep\n|turn|6\n|\n|t:|1700993173\n|move|p1a: Koraidon|Flare Blitz|p2a: Tornadus\n|-damage|p2a: Tornadus|10\/100\n|-damage|p1a: Koraidon|83\/100|[from] Recoil\n|move|p2a: Tornadus|Bleakwind Storm|p1a: Koraidon\n|-supereffective|p1a: Koraidon\n|-damage|p1a: Koraidon|0 fnt\n|faint|p1a: Koraidon\n|\n|upkeep\n|\n|t:|1700993182\n|switch|p1a: Ursaluna|Ursaluna-Bloodmoon, M|100\/100\n|turn|7\n|\n|t:|1700993188\n|move|p2a: Tornadus|Bleakwind Storm|p1a: Ursaluna\n|-damage|p1a: Ursaluna|68\/100\n|-unboost|p1a: Ursaluna|spe|1\n|move|p1a: Ursaluna|Moonblast|p2a: Tornadus\n|-damage|p2a: Tornadus|0 fnt\n|faint|p2a: Tornadus\n|\n|upkeep\n|\n|t:|1700993195\n|switch|p2a: Walking Wake|Walking Wake|100\/100\n|-damage|p2a: Walking Wake|88\/100|[from] Stealth Rock\n|turn|8\n|\n|t:|1700993203\n|switch|p1a: Landorus|Landorus-Therian, M, tera:Water|57\/100\n|-ability|p1a: Landorus|Intimidate|boost\n|-unboost|p2a: Walking Wake|atk|1\n|move|p2a: Walking Wake|Hydro Steam|p1a: Landorus\n|-resisted|p1a: Landorus\n|-crit|p1a: Landorus\n|-damage|p1a: Landorus|0 fnt\n|faint|p1a: Landorus\n|\n|-sideend|p2: Etrio|move: Tailwind\n|upkeep\n|\n|t:|1700993209\n|switch|p1a: Flutter Mane|Flutter Mane|100\/100\n|turn|9\n|\n|t:|1700993212\n|move|p1a: Flutter Mane|Dazzling Gleam|p2a: Walking Wake\n|-supereffective|p2a: Walking Wake\n|-damage|p2a: Walking Wake|0 fnt\n|faint|p2a: Walking Wake\n|-end|p2a: Walking Wake|Protosynthesis|[silent]\n|\n|upkeep\n|\n|t:|1700993222\n|switch|p2a: Basculegion|Basculegion, M|100\/100\n|-damage|p2a: Basculegion|88\/100|[from] Stealth Rock\n|turn|10\n|\n|t:|1700993234\n|move|p2a: Basculegion|Wave Crash|p1a: Flutter Mane\n|-damage|p1a: Flutter Mane|0 fnt\n|faint|p1a: Flutter Mane\n|-end|p1a: Flutter Mane|Protosynthesis|[silent]\n|-damage|p2a: Basculegion|66\/100|[from] Recoil\n|\n|upkeep\n|\n|t:|1700993246\n|switch|p1a: Chi-Yu|Chi-Yu|100\/100\n|-ability|p1a: Chi-Yu|Beads of Ruin\n|turn|11\n|inactive|TrafalgarLaw773 has 270 seconds left.\n|\n|t:|1700993286\n|move|p1a: Chi-Yu|Dark Pulse|p2a: Basculegion\n|-supereffective|p2a: Basculegion\n|-crit|p2a: Basculegion\n|-damage|p2a: Basculegion|0 fnt\n|faint|p2a: Basculegion\n|\n|upkeep\n|\n|t:|1700993292\n|switch|p2a: Koraidon|Koraidon|65\/100\n|-damage|p2a: Koraidon|59\/100|[from] Stealth Rock\n|-weather|SunnyDay|[from] ability: Orichalcum Pulse|[of] p2a: Koraidon\n|-activate|p2a: Koraidon|Orichalcum Pulse|[source]\n|turn|12\n|\n|t:|1700993301\n|switch|p1a: Ursaluna|Ursaluna-Bloodmoon, M|68\/100\n|move|p2a: Koraidon|Collision Course|p1a: Ursaluna\n|-supereffective|p1a: Ursaluna\n|-damage|p1a: Ursaluna|0 fnt\n|faint|p1a: Ursaluna\n|\n|-weather|SunnyDay|[upkeep]\n|upkeep\n|\n|t:|1700993308\n|switch|p1a: Chi-Yu|Chi-Yu|100\/100\n|-ability|p1a: Chi-Yu|Beads of Ruin\n|turn|13\n|inactive|TrafalgarLaw773 has 270 seconds left.\n|\n|t:|1700993319\n|move|p2a: Koraidon|Collision Course|p1a: Chi-Yu\n|-supereffective|p1a: Chi-Yu\n|-damage|p1a: Chi-Yu|0 fnt\n|faint|p1a: Chi-Yu\n|\n|win|Etrio\n|c|\u2606Etrio|gg brother really wp\n","uploadtime":1700993322,"views":16,"p1id":"trafalgarlaw773","p2id":"etrio","formatid":"gen9ubers","rating":0,"private":0,"password":""}