{"id":"gen9ubers-1977133287","p1":"Em208","p2":"SmogonSinglesNearU","format":"[Gen 9] Ubers","log":"|j|\u2606Em208\n|j|\u2606SmogonSinglesNearU\n|t:|1698375413\n|gametype|singles\n|player|p1|Em208|striker|1111\n|player|p2|SmogonSinglesNearU|lenora|1339\n|teamsize|p1|6\n|teamsize|p2|6\n|gen|9\n|tier|[Gen 9] Ubers\n|rated|\n|rule|Sleep Clause Mod: Limit one foe put to sleep\n|rule|Species Clause: Limit one of each Pok\u00e9mon\n|rule|OHKO Clause: OHKO moves are banned\n|rule|Evasion Items Clause: Evasion items are banned\n|rule|Evasion Moves Clause: Evasion moves are banned\n|rule|Endless Battle Clause: Forcing endless battles is banned\n|rule|HP Percentage Mod: HP is shown in percentages\n|clearpoke\n|poke|p1|Ursaluna-Bloodmoon, M|\n|poke|p1|Hatterene, F|\n|poke|p1|Slowking, F|\n|poke|p1|Glastrier|\n|poke|p1|Muk-Alola, M|\n|poke|p1|Snorlax, F|\n|poke|p2|Alomomola, F|\n|poke|p2|Iron Treads|\n|poke|p2|Clodsire, F|\n|poke|p2|Ditto|\n|poke|p2|Skeledirge, F|\n|poke|p2|Klefki, M|\n|teampreview\n|inactive|Battle timer is ON: inactive players will automatically lose when time's up. (requested by Em208)\n|\n|t:|1698375429\n|start\n|switch|p1a: Hatterene|Hatterene, F|100\/100\n|switch|p2a: DC The Don Fan|Iron Treads|100\/100\n|turn|1\n|c|\u2606Em208|stall in uber?\n|c|\u2606SmogonSinglesNearU|yes\n|\n|t:|1698375441\n|switch|p1a: Snorlax|Snorlax, F|100\/100\n|move|p2a: DC The Don Fan|Iron Head|p1a: Snorlax\n|-crit|p1a: Snorlax\n|-damage|p1a: Snorlax|58\/100\n|\n|-heal|p1a: Snorlax|64\/100|[from] item: Leftovers\n|upkeep\n|turn|2\n|\n|t:|1698375446\n|move|p2a: DC The Don Fan|Volt Switch|p1a: Snorlax\n|-damage|p1a: Snorlax|59\/100\n|\n|t:|1698375450\n|-end|p2a: DC The Don Fan|Quark Drive|[silent]\n|switch|p2a: Koraidon't|Skeledirge, F|100\/100|[from] Volt Switch\n|move|p1a: Snorlax|Curse|p1a: Snorlax\n|-unboost|p1a: Snorlax|spe|1\n|-boost|p1a: Snorlax|atk|1\n|-boost|p1a: Snorlax|def|1\n|\n|-heal|p1a: Snorlax|65\/100|[from] item: Leftovers\n|upkeep\n|turn|3\n|\n|t:|1698375457\n|move|p2a: Koraidon't|Will-O-Wisp|p1a: Snorlax\n|-status|p1a: Snorlax|brn\n|move|p1a: Snorlax|Rest|p1a: Snorlax\n|-status|p1a: Snorlax|slp|[from] move: Rest\n|-heal|p1a: Snorlax|100\/100 slp|[silent]\n|\n|upkeep\n|turn|4\n|c|\u2606Em208|sorry\n|\n|t:|1698375475\n|switch|p2a: bbno$|Klefki, M|100\/100\n|cant|p1a: Snorlax|slp\n|move|p1a: Snorlax|Sleep Talk|p1a: Snorlax\n|move|p1a: Snorlax|Rest||[from]move: Sleep Talk|[still]\n|-fail|p1a: Snorlax\n|\n|upkeep\n|turn|5\n|\n|t:|1698375485\n|move|p2a: bbno$|Magnet Rise|p2a: bbno$\n|-start|p2a: bbno$|Magnet Rise\n|cant|p1a: Snorlax|slp\n|move|p1a: Snorlax|Sleep Talk|p1a: Snorlax\n|move|p1a: Snorlax|Curse|p1a: Snorlax|[from]move: Sleep Talk\n|-unboost|p1a: Snorlax|spe|1\n|-boost|p1a: Snorlax|atk|1\n|-boost|p1a: Snorlax|def|1\n|\n|upkeep\n|turn|6\n|\n|t:|1698375494\n|move|p2a: bbno$|Spikes|p1a: Snorlax\n|-sidestart|p1: Em208|Spikes\n|-curestatus|p1a: Snorlax|slp|[msg]\n|move|p1a: Snorlax|Curse|p1a: Snorlax\n|-unboost|p1a: Snorlax|spe|1\n|-boost|p1a: Snorlax|atk|1\n|-boost|p1a: Snorlax|def|1\n|\n|upkeep\n|turn|7\n|\n|t:|1698375501\n|move|p2a: bbno$|Spikes|p1a: Snorlax\n|-sidestart|p1: Em208|Spikes\n|move|p1a: Snorlax|Curse|p1a: Snorlax\n|-unboost|p1a: Snorlax|spe|1\n|-boost|p1a: Snorlax|atk|1\n|-boost|p1a: Snorlax|def|1\n|\n|upkeep\n|turn|8\n|\n|t:|1698375506\n|move|p2a: bbno$|Spikes|p1a: Snorlax\n|-sidestart|p1: Em208|Spikes\n|move|p1a: Snorlax|Crunch|p2a: bbno$\n|-resisted|p2a: bbno$\n|-damage|p2a: bbno$|66\/100\n|\n|-heal|p2a: bbno$|72\/100|[from] item: Leftovers\n|upkeep\n|turn|9\n|\n|t:|1698375512\n|move|p2a: bbno$|Thunder Wave|p1a: Snorlax\n|-status|p1a: Snorlax|par\n|move|p1a: Snorlax|Crunch|p2a: bbno$\n|-resisted|p2a: bbno$\n|-damage|p2a: bbno$|38\/100\n|\n|-heal|p2a: bbno$|44\/100|[from] item: Leftovers\n|-end|p2a: bbno$|Magnet Rise\n|upkeep\n|turn|10\n|\n|t:|1698375517\n|move|p2a: bbno$|Foul Play|p1a: Snorlax\n|-damage|p1a: Snorlax|79\/100 par\n|move|p1a: Snorlax|Crunch|p2a: bbno$\n|-resisted|p2a: bbno$\n|-damage|p2a: bbno$|11\/100\n|\n|-heal|p2a: bbno$|17\/100|[from] item: Leftovers\n|-heal|p1a: Snorlax|85\/100 par|[from] item: Leftovers\n|upkeep\n|turn|11\n|\n|t:|1698375522\n|move|p2a: bbno$|Foul Play|p1a: Snorlax\n|-damage|p1a: Snorlax|65\/100 par\n|move|p1a: Snorlax|Crunch|p2a: bbno$\n|-resisted|p2a: bbno$\n|-damage|p2a: bbno$|0 fnt\n|faint|p2a: bbno$\n|\n|-heal|p1a: Snorlax|71\/100 par|[from] item: Leftovers\n|upkeep\n|\n|t:|1698375538\n|switch|p2a: Rimuru|Ditto, shiny|100\/100\n|-transform|p2a: Rimuru|p1a: Snorlax|[from] ability: Imposter\n|turn|12\n|\n|t:|1698375541\n|move|p2a: Rimuru|Crunch|p1a: Snorlax\n|-damage|p1a: Snorlax|52\/100 par\n|-unboost|p1a: Snorlax|def|1\n|move|p1a: Snorlax|Rest|p1a: Snorlax\n|-status|p1a: Snorlax|slp|[from] move: Rest\n|-heal|p1a: Snorlax|100\/100 slp|[silent]\n|\n|upkeep\n|turn|13\n|\n|t:|1698375546\n|move|p2a: Rimuru|Crunch|p1a: Snorlax\n|-damage|p1a: Snorlax|77\/100 slp\n|cant|p1a: Snorlax|slp\n|move|p1a: Snorlax|Sleep Talk|p1a: Snorlax\n|move|p1a: Snorlax|Crunch|p2a: Rimuru|[from]move: Sleep Talk\n|-damage|p2a: Rimuru|68\/100\n|\n|-heal|p1a: Snorlax|83\/100 slp|[from] item: Leftovers\n|upkeep\n|turn|14\n|\n|t:|1698375552\n|move|p2a: Rimuru|Crunch|p1a: Snorlax\n|-damage|p1a: Snorlax|62\/100 slp\n|-unboost|p1a: Snorlax|def|1\n|cant|p1a: Snorlax|slp\n|move|p1a: Snorlax|Sleep Talk|p1a: Snorlax\n|move|p1a: Snorlax|Rest||[from]move: Sleep Talk|[still]\n|-fail|p1a: Snorlax\n|\n|-heal|p1a: Snorlax|68\/100 slp|[from] item: Leftovers\n|upkeep\n|turn|15\n|\n|t:|1698375560\n|move|p2a: Rimuru|Crunch|p1a: Snorlax\n|-damage|p1a: Snorlax|40\/100 slp\n|-curestatus|p1a: Snorlax|slp|[msg]\n|move|p1a: Snorlax|Curse|p1a: Snorlax\n|-unboost|p1a: Snorlax|spe|1\n|-boost|p1a: Snorlax|atk|1\n|-boost|p1a: Snorlax|def|1\n|\n|-heal|p1a: Snorlax|46\/100|[from] item: Leftovers\n|upkeep\n|turn|16\n|\n|t:|1698375566\n|move|p2a: Rimuru|Crunch|p1a: Snorlax\n|-damage|p1a: Snorlax|23\/100\n|move|p1a: Snorlax|Rest|p1a: Snorlax\n|-status|p1a: Snorlax|slp|[from] move: Rest\n|-heal|p1a: Snorlax|100\/100 slp|[silent]\n|\n|upkeep\n|turn|17\n|\n|t:|1698375574\n|switch|p2a: Koraidon't|Skeledirge, F|100\/100\n|cant|p1a: Snorlax|slp\n|move|p1a: Snorlax|Sleep Talk|p1a: Snorlax\n|move|p1a: Snorlax|Crunch|p2a: Koraidon't|[from]move: Sleep Talk\n|-supereffective|p2a: Koraidon't\n|-damage|p2a: Koraidon't|78\/100\n|\n|upkeep\n|turn|18\n|\n|t:|1698375582\n|move|p2a: Koraidon't|Torch Song|p1a: Snorlax\n|-damage|p1a: Snorlax|94\/100 slp\n|-boost|p2a: Koraidon't|spa|1\n|cant|p1a: Snorlax|slp\n|move|p1a: Snorlax|Sleep Talk|p1a: Snorlax\n|move|p1a: Snorlax|Crunch|p2a: Koraidon't|[from]move: Sleep Talk\n|-supereffective|p2a: Koraidon't\n|-damage|p2a: Koraidon't|54\/100\n|-unboost|p2a: Koraidon't|def|1\n|\n|-heal|p1a: Snorlax|99\/100 slp|[from] item: Leftovers\n|upkeep\n|turn|19\n|\n|t:|1698375592\n|switch|p2a: Rimuru|Ditto, shiny|68\/100\n|-transform|p2a: Rimuru|p1a: Snorlax|[from] ability: Imposter\n|-curestatus|p1a: Snorlax|slp|[msg]\n|move|p1a: Snorlax|Crunch|p2a: Rimuru\n|-damage|p2a: Rimuru|27\/100\n|\n|-heal|p1a: Snorlax|100\/100|[from] item: Leftovers\n|upkeep\n|turn|20\n|\n|t:|1698375601\n|move|p2a: Rimuru|Crunch|p1a: Snorlax\n|-damage|p1a: Snorlax|75\/100\n|move|p1a: Snorlax|Crunch|p2a: Rimuru\n|-damage|p2a: Rimuru|0 fnt\n|faint|p2a: Rimuru\n|\n|-heal|p1a: Snorlax|81\/100|[from] item: Leftovers\n|upkeep\n|\n|t:|1698375612\n|switch|p2a: Aloasmfamfoala|Alomomola, F|100\/100\n|turn|21\n|-message|SmogonSinglesNearU forfeited.\n|\n|win|Em208\n|raw|Em208's rating: 1111 &rarr; <strong>1150<\/strong><br \/>(+39 for winning)\n|raw|SmogonSinglesNearU's rating: 1339 &rarr; <strong>1307<\/strong><br \/>(-32 for losing)\n|l|\u2606SmogonSinglesNearU\n|c|\u2606Em208|gg\n","uploadtime":1698375652,"views":42,"p1id":"em208","p2id":"smogonsinglesnearu","formatid":"gen9ubers","rating":1150,"private":0,"password":""}