{"id":"gen9ubers-1971898730","p1":"ArekkusuKage","p2":"Grrimm32","format":"[Gen 9] Ubers","log":"|j|\u2606ArekkusuKage\n|j|\u2606Grrimm32\n|t:|1697789031\n|gametype|singles\n|player|p1|ArekkusuKage|juan|\n|player|p2|Grrimm32|101|\n|teamsize|p1|6\n|teamsize|p2|6\n|gen|9\n|tier|[Gen 9] Ubers\n|rule|Sleep Clause Mod: Limit one foe put to sleep\n|rule|Species Clause: Limit one of each Pok\u00e9mon\n|rule|OHKO Clause: OHKO moves are banned\n|rule|Evasion Items Clause: Evasion items are banned\n|rule|Evasion Moves Clause: Evasion moves are banned\n|rule|Endless Battle Clause: Forcing endless battles is banned\n|rule|HP Percentage Mod: HP is shown in percentages\n|clearpoke\n|poke|p1|Braixen, F|\n|poke|p1|Persian, F|\n|poke|p1|Magcargo, F|\n|poke|p1|Blissey, F|\n|poke|p1|Brute Bonnet|\n|poke|p1|Volcarona, M|\n|poke|p2|Shaymin-Sky|\n|poke|p2|Manaphy|\n|poke|p2|Golem-Alola, M|\n|poke|p2|Diglett, M|\n|poke|p2|Sandslash, F|\n|poke|p2|Walking Wake|\n|teampreview\n|\n|t:|1697789061\n|start\n|switch|p1a: Fortune Finder(14)|Persian, F|100\/100\n|switch|p2a: Golem|Golem-Alola, M|100\/100\n|turn|1\n|\n|t:|1697789069\n|move|p2a: Golem|Protect|p2a: Golem\n|-singleturn|p2a: Golem|Protect\n|move|p1a: Fortune Finder(14)|Hypnosis|p2a: Golem\n|-activate|p2a: Golem|move: Protect\n|\n|-status|p2a: Golem|brn|[from] item: Flame Orb\n|upkeep\n|turn|2\n|\n|t:|1697789079\n|move|p1a: Fortune Finder(14)|Substitute|p1a: Fortune Finder(14)\n|-start|p1a: Fortune Finder(14)|Substitute\n|-damage|p1a: Fortune Finder(14)|76\/100\n|move|p2a: Golem|Facade|p1a: Fortune Finder(14)\n|-end|p1a: Fortune Finder(14)|Substitute\n|\n|-damage|p2a: Golem|94\/100 brn|[from] brn\n|upkeep\n|turn|3\n|\n|t:|1697789091\n|move|p1a: Fortune Finder(14)|Pay Day|p2a: Golem\n|-resisted|p2a: Golem\n|-damage|p2a: Golem|84\/100 brn\n|move|p2a: Golem|Facade|p1a: Fortune Finder(14)\n|-damage|p1a: Fortune Finder(14)|0 fnt\n|faint|p1a: Fortune Finder(14)\n|\n|-damage|p2a: Golem|77\/100 brn|[from] brn\n|upkeep\n|\n|t:|1697789104\n|switch|p1a: \u0412\u043e\u0440\u043c\u0438\u043a\u0441(20)|Magcargo, F|100\/100\n|turn|4\n|\n|t:|1697789111\n|move|p2a: Golem|Facade|p1a: \u0412\u043e\u0440\u043c\u0438\u043a\u0441(20)\n|-damage|p1a: \u0412\u043e\u0440\u043c\u0438\u043a\u0441(20)|10\/100\n|move|p1a: \u0412\u043e\u0440\u043c\u0438\u043a\u0441(20)|Earth Power|p2a: Golem\n|-supereffective|p2a: Golem\n|-damage|p2a: Golem|0 fnt\n|faint|p2a: Golem\n|\n|upkeep\n|\n|t:|1697789120\n|switch|p2a: \u0421\u0442\u0435\u0440\u0435\u043e\u0442\u0438\u043f|Diglett, M|100\/100\n|turn|5\n|\n|t:|1697789129\n|move|p2a: \u0421\u0442\u0435\u0440\u0435\u043e\u0442\u0438\u043f|Ancient Power|p1a: \u0412\u043e\u0440\u043c\u0438\u043a\u0441(20)\n|-supereffective|p1a: \u0412\u043e\u0440\u043c\u0438\u043a\u0441(20)\n|-damage|p1a: \u0412\u043e\u0440\u043c\u0438\u043a\u0441(20)|0 fnt\n|faint|p1a: \u0412\u043e\u0440\u043c\u0438\u043a\u0441(20)\n|\n|upkeep\n|\n|t:|1697789135\n|switch|p1a: (55)|Brute Bonnet, shiny|100\/100\n|-enditem|p1a: (55)|Booster Energy\n|-activate|p1a: (55)|ability: Protosynthesis|[fromitem]\n|-start|p1a: (55)|protosynthesisatk\n|turn|6\n|\n|t:|1697789140\n|move|p2a: \u0421\u0442\u0435\u0440\u0435\u043e\u0442\u0438\u043f|Final Gambit|p1a: (55)\n|-damage|p1a: (55)|48\/100\n|faint|p2a: \u0421\u0442\u0435\u0440\u0435\u043e\u0442\u0438\u043f\n|move|p1a: (55)|Seed Bomb|p2: \u0421\u0442\u0435\u0440\u0435\u043e\u0442\u0438\u043f|[notarget]\n|-fail|p1a: (55)\n|\n|upkeep\n|\n|t:|1697789146\n|switch|p2a: Shaymin|Shaymin-Sky, shiny|100\/100\n|turn|7\n|\n|t:|1697789156\n|move|p1a: (55)|Sucker Punch|p2a: Shaymin\n|-damage|p2a: Shaymin|41\/100\n|move|p2a: Shaymin|Play Rough|p1a: (55)\n|-supereffective|p1a: (55)\n|-damage|p1a: (55)|0 fnt\n|faint|p1a: (55)\n|-end|p1a: (55)|Protosynthesis|[silent]\n|\n|upkeep\n|\n|t:|1697789168\n|switch|p1a: Cute Na Kanojo(13)|Braixen, F|100\/100\n|turn|8\n|\n|t:|1697789172\n|switch|p2a: Manaphy|Manaphy|100\/100\n|move|p1a: Cute Na Kanojo(13)|Fire Spin|p2a: Manaphy\n|-resisted|p2a: Manaphy\n|-damage|p2a: Manaphy|97\/100\n|-activate|p2a: Manaphy|move: Fire Spin|[of] p1a: Cute Na Kanojo(13)\n|\n|-damage|p2a: Manaphy|85\/100|[from] move: Fire Spin|[partiallytrapped]\n|upkeep\n|turn|9\n|\n|t:|1697789188\n|move|p1a: Cute Na Kanojo(13)|Protect|p1a: Cute Na Kanojo(13)\n|-singleturn|p1a: Cute Na Kanojo(13)|Protect\n|move|p2a: Manaphy|Flip Turn|p1a: Cute Na Kanojo(13)\n|-activate|p1a: Cute Na Kanojo(13)|move: Protect\n|\n|-damage|p2a: Manaphy|72\/100|[from] move: Fire Spin|[partiallytrapped]\n|upkeep\n|turn|10\n|\n|t:|1697789200\n|switch|p1a: Sub zero(24)|Blissey, F|100\/100\n|move|p2a: Manaphy|Flip Turn|p1a: Sub zero(24)\n|-damage|p1a: Sub zero(24)|74\/100\n|\n|t:|1697789207\n|switch|p2a: Choice|Sandslash, F|100\/100|[from] Flip Turn\n|\n|upkeep\n|turn|11\n|\n|t:|1697789214\n|move|p2a: Choice|Earthquake|p1a: Sub zero(24)\n|-damage|p1a: Sub zero(24)|45\/100\n|move|p1a: Sub zero(24)|Calm Mind|p1a: Sub zero(24)\n|-boost|p1a: Sub zero(24)|spa|1\n|-boost|p1a: Sub zero(24)|spd|1\n|\n|upkeep\n|turn|12\n|\n|t:|1697789223\n|-terastallize|p1a: Sub zero(24)|Ice\n|-singleturn|p2a: Choice|move: Focus Punch\n|move|p1a: Sub zero(24)|Ice Beam|p2a: Choice\n|-supereffective|p2a: Choice\n|-damage|p2a: Choice|0 fnt\n|faint|p2a: Choice\n|\n|upkeep\n|\n|t:|1697789231\n|switch|p2a: Manaphy|Manaphy|72\/100\n|turn|13\n|\n|t:|1697789239\n|move|p2a: Manaphy|Liquidation|p1a: Sub zero(24)\n|-damage|p1a: Sub zero(24)|12\/100\n|move|p1a: Sub zero(24)|Ice Beam|p2a: Manaphy\n|-resisted|p2a: Manaphy\n|-damage|p2a: Manaphy|60\/100\n|\n|upkeep\n|turn|14\n|\n|t:|1697789247\n|move|p2a: Manaphy|Liquidation|p1a: Sub zero(24)\n|-damage|p1a: Sub zero(24)|0 fnt\n|faint|p1a: Sub zero(24)\n|\n|upkeep\n|\n|t:|1697789255\n|switch|p1a: (56)|Volcarona, M, shiny|100\/100\n|turn|15\n|\n|t:|1697789264\n|move|p1a: (56)|Dual Wingbeat|p2a: Manaphy\n|-damage|p2a: Manaphy|50\/100\n|-crit|p2a: Manaphy\n|-damage|p2a: Manaphy|32\/100\n|-hitcount|p2a: Manaphy|2\n|move|p2a: Manaphy|Knock Off|p1a: (56)\n|-damage|p1a: (56)|56\/100\n|-enditem|p1a: (56)|Choice Band|[from] move: Knock Off|[of] p2a: Manaphy\n|\n|upkeep\n|turn|16\n|\n|t:|1697789274\n|move|p1a: (56)|Leech Life|p2a: Manaphy\n|-damage|p2a: Manaphy|7\/100\n|-heal|p1a: (56)|71\/100|[from] drain|[of] p2a: Manaphy\n|move|p2a: Manaphy|Liquidation|p1a: (56)\n|-supereffective|p1a: (56)\n|-damage|p1a: (56)|0 fnt\n|-status|p2a: Manaphy|brn|[from] ability: Flame Body|[of] p1a: (56)\n|faint|p1a: (56)\n|\n|-damage|p2a: Manaphy|1\/100 brn|[from] brn\n|upkeep\n|\n|t:|1697789277\n|switch|p1a: Cute Na Kanojo(13)|Braixen, F|100\/100\n|turn|17\n|\n|t:|1697789287\n|move|p1a: Cute Na Kanojo(13)|Protect|p1a: Cute Na Kanojo(13)\n|-singleturn|p1a: Cute Na Kanojo(13)|Protect\n|move|p2a: Manaphy|Flip Turn|p1a: Cute Na Kanojo(13)\n|-activate|p1a: Cute Na Kanojo(13)|move: Protect\n|\n|-damage|p2a: Manaphy|0 fnt|[from] brn\n|faint|p2a: Manaphy\n|upkeep\n|\n|t:|1697789295\n|switch|p2a: Walking Wake|Walking Wake|100\/100\n|turn|18\n|\n|t:|1697789302\n|move|p1a: Cute Na Kanojo(13)|Protect||[still]\n|-fail|p1a: Cute Na Kanojo(13)\n|move|p2a: Walking Wake|Liquidation|p1a: Cute Na Kanojo(13)\n|-supereffective|p1a: Cute Na Kanojo(13)\n|-damage|p1a: Cute Na Kanojo(13)|29\/100\n|\n|upkeep\n|turn|19\n|\n|t:|1697789308\n|move|p2a: Walking Wake|Liquidation|p1a: Cute Na Kanojo(13)\n|-supereffective|p1a: Cute Na Kanojo(13)\n|-damage|p1a: Cute Na Kanojo(13)|0 fnt\n|faint|p1a: Cute Na Kanojo(13)\n|\n|win|Grrimm32\n|c|\u2606Grrimm32|\u0433\u0433\n","uploadtime":1697789316,"views":12,"p1id":"arekkusukage","p2id":"grrimm32","formatid":"gen9ubers","rating":0,"private":0,"password":""}