{"id":"gen9ubers-1978460839","p1":"Taka","p2":"Future king of ou","format":"[Gen 9] Ubers","log":"|j|\u2606Taka\n|j|\u2606Future king of ou\n|t:|1698541910\n|gametype|singles\n|player|p1|Taka|dawn|\n|player|p2|Future king of ou|heroine-conquest|\n|teamsize|p1|6\n|teamsize|p2|6\n|gen|9\n|tier|[Gen 9] Ubers\n|rated|Tournament battle\n|rule|Sleep Clause Mod: Limit one foe put to sleep\n|rule|Species Clause: Limit one of each Pok\u00e9mon\n|rule|OHKO Clause: OHKO moves are banned\n|rule|Evasion Items Clause: Evasion items are banned\n|rule|Evasion Moves Clause: Evasion moves are banned\n|rule|Endless Battle Clause: Forcing endless battles is banned\n|rule|HP Percentage Mod: HP is shown in percentages\n|clearpoke\n|poke|p1|Koraidon|\n|poke|p1|Miraidon|\n|poke|p1|Arceus-Ghost|\n|poke|p1|Kyogre|\n|poke|p1|Zacian-*|\n|poke|p1|Mewtwo|\n|poke|p2|Skeledirge, M|\n|poke|p2|Kyogre|\n|poke|p2|Zacian-*|\n|poke|p2|Koraidon|\n|poke|p2|Arceus|\n|poke|p2|Blissey, F|\n|teampreview\n|inactive|Battle timer is ON: inactive players will automatically lose when time's up. (requested by Taka)\n|j|+OreoSpeedruns\n|j| ZowwyCafe\u2764\n|c|\u2606Taka|hf\n|c|\u2606Future king of ou|Hf\n|c|+OreoSpeedruns|lgi takoat\n|\n|t:|1698541923\n|start\n|switch|p1a: Arceus|Arceus-Ghost|100\/100\n|switch|p2a: Kyogre|Kyogre|100\/100\n|-weather|RainDance|[from] ability: Drizzle|[of] p2a: Kyogre\n|turn|1\n|l| ZowwyCafe\u2764\n|inactive|Taka has 120 seconds left.\n|\n|t:|1698541958\n|move|p1a: Arceus|Stealth Rock|p2a: Kyogre\n|-sidestart|p2: Future king of ou|move: Stealth Rock\n|move|p2a: Kyogre|Origin Pulse|p1a: Arceus\n|-damage|p1a: Arceus|0 fnt\n|faint|p1a: Arceus\n|\n|-weather|RainDance|[upkeep]\n|upkeep\n|c|\u2606Taka|insane tech\n|inactive|Taka has 120 seconds left.\n|\n|t:|1698541967\n|switch|p1a: Miraidon|Miraidon|100\/100\n|-fieldstart|move: Electric Terrain|[from] ability: Hadron Engine|[of] p1a: Miraidon\n|-enditem|p1a: Miraidon|Electric Seed\n|-boost|p1a: Miraidon|def|1|[from] item: Electric Seed\n|turn|2\n|inactive|Taka has 120 seconds left.\n|\n|t:|1698541987\n|-terastallize|p2a: Kyogre|Water\n|move|p1a: Miraidon|Electro Drift|p2a: Kyogre\n|-supereffective|p2a: Kyogre\n|-damage|p2a: Kyogre|0 fnt\n|faint|p2a: Kyogre\n|\n|-weather|RainDance|[upkeep]\n|upkeep\n|c|\u2606Future king of ou|Damn\n|c|\u2606Future king of ou|I thought you would set up\n|\n|t:|1698541996\n|switch|p2a: Zacian|Zacian-Crowned|100\/100\n|-damage|p2a: Zacian|94\/100|[from] Stealth Rock\n|-ability|p2a: Zacian|Intrepid Sword|boost\n|-boost|p2a: Zacian|atk|1\n|turn|3\n|inactive|Taka has 120 seconds left.\n|c|\u2606Taka|thats a hassle\n|\n|t:|1698542006\n|move|p2a: Zacian|Swords Dance|p2a: Zacian\n|-boost|p2a: Zacian|atk|2\n|move|p1a: Miraidon|Electro Drift|p2a: Zacian\n|-damage|p2a: Zacian|3\/100\n|\n|-weather|RainDance|[upkeep]\n|upkeep\n|turn|4\n|\n|t:|1698542011\n|switch|p1a: Kyogre|Kyogre|100\/100\n|move|p2a: Zacian|Close Combat|p1a: Kyogre\n|-damage|p1a: Kyogre|0 fnt\n|-unboost|p2a: Zacian|def|1\n|-unboost|p2a: Zacian|spd|1\n|faint|p1a: Kyogre\n|\n|-weather|RainDance|[upkeep]\n|upkeep\n|inactive|Taka has 120 seconds left.\n|\n|t:|1698542038\n|switch|p1a: Miraidon|Miraidon|100\/100\n|-activate|p1a: Miraidon|ability: Hadron Engine\n|turn|5\n|\n|t:|1698542055\n|move|p2a: Zacian|Close Combat|p1a: Miraidon\n|-damage|p1a: Miraidon|3\/100\n|-unboost|p2a: Zacian|def|1\n|-unboost|p2a: Zacian|spd|1\n|move|p1a: Miraidon|Agility|p1a: Miraidon\n|-boost|p1a: Miraidon|spe|2\n|\n|-weather|none\n|upkeep\n|turn|6\n|\n|t:|1698542065\n|move|p1a: Miraidon|Electro Drift|p2a: Zacian\n|-damage|p2a: Zacian|0 fnt\n|faint|p2a: Zacian\n|\n|-fieldend|move: Electric Terrain\n|upkeep\n|\n|t:|1698542067\n|switch|p2a: Blissey|Blissey, F|100\/100\n|turn|7\n|j| ZowwyCafe\u2764\n|inactive|Taka has 120 seconds left.\n|\n|t:|1698542075\n|switch|p1a: Mewtwo|Mewtwo|100\/100\n|-ability|p1a: Mewtwo|Pressure\n|move|p2a: Blissey|Thunder Wave|p1a: Mewtwo\n|-status|p1a: Mewtwo|par\n|\n|upkeep\n|turn|8\n|\n|t:|1698542083\n|switch|p2a: Skeledirge|Skeledirge, M|100\/100\n|cant|p1a: Mewtwo|par\n|\n|upkeep\n|turn|9\n|\n|t:|1698542086\n|move|p1a: Mewtwo|Psystrike|p2a: Skeledirge\n|-crit|p2a: Skeledirge\n|-damage|p2a: Skeledirge|51\/100\n|move|p2a: Skeledirge|Hex|p1a: Mewtwo\n|-supereffective|p1a: Mewtwo\n|-damage|p1a: Mewtwo|17\/100 par\n|-enditem|p1a: Mewtwo|Salac Berry|[eat]\n|-boost|p1a: Mewtwo|spe|1|[from] item: Salac Berry\n|\n|upkeep\n|turn|10\n|\n|t:|1698542092\n|switch|p1a: Miraidon|Miraidon|3\/100\n|-fieldstart|move: Electric Terrain|[from] ability: Hadron Engine|[of] p1a: Miraidon\n|move|p2a: Skeledirge|Slack Off|p2a: Skeledirge\n|-heal|p2a: Skeledirge|100\/100\n|\n|upkeep\n|turn|11\n|\n|t:|1698542097\n|switch|p1a: Koraidon|Koraidon|100\/100\n|-weather|SunnyDay|[from] ability: Orichalcum Pulse|[of] p1a: Koraidon\n|-activate|p1a: Koraidon|Orichalcum Pulse|[source]\n|switch|p2a: Blissey|Blissey, F|100\/100\n|\n|-weather|SunnyDay|[upkeep]\n|upkeep\n|turn|12\n|\n|t:|1698542100\n|move|p1a: Koraidon|Scale Shot|p2a: Blissey\n|-damage|p2a: Blissey|64\/100\n|-damage|p2a: Blissey|30\/100\n|-crit|p2a: Blissey\n|-damage|p2a: Blissey|0 fnt\n|faint|p2a: Blissey\n|-hitcount|p2: Blissey|3\n|-unboost|p1a: Koraidon|def|1\n|-boost|p1a: Koraidon|spe|1\n|\n|-weather|SunnyDay|[upkeep]\n|upkeep\n|\n|t:|1698542103\n|switch|p2a: Skeledirge|Skeledirge, M|100\/100\n|turn|13\n|\n|t:|1698542109\n|switch|p1a: Mewtwo|Mewtwo|17\/100 par\n|-ability|p1a: Mewtwo|Pressure\n|move|p2a: Skeledirge|Will-O-Wisp||[still]\n|-fail|p2a: Skeledirge\n|\n|-weather|SunnyDay|[upkeep]\n|upkeep\n|turn|14\n|\n|t:|1698542115\n|switch|p2a: Arceus|Arceus|100\/100\n|-damage|p2a: Arceus|88\/100|[from] Stealth Rock\n|move|p1a: Mewtwo|Psystrike|p2a: Arceus\n|-damage|p2a: Arceus|55\/100\n|\n|-weather|SunnyDay|[upkeep]\n|-fieldend|move: Electric Terrain\n|upkeep\n|turn|15\n|\n|t:|1698542117\n|move|p2a: Arceus|Recover|p2a: Arceus\n|-heal|p2a: Arceus|100\/100\n|move|p1a: Mewtwo|Focus Blast|p2a: Arceus\n|-supereffective|p2a: Arceus\n|-damage|p2a: Arceus|49\/100\n|\n|-weather|none\n|upkeep\n|turn|16\n|\n|t:|1698542121\n|switch|p1a: Zacian|Zacian-Crowned|100\/100\n|-ability|p1a: Zacian|Intrepid Sword|boost\n|-boost|p1a: Zacian|atk|1\n|move|p2a: Arceus|Recover|p2a: Arceus\n|-heal|p2a: Arceus|99\/100\n|\n|upkeep\n|turn|17\n|\n|t:|1698542126\n|switch|p1a: Miraidon|Miraidon|3\/100\n|-fieldstart|move: Electric Terrain|[from] ability: Hadron Engine|[of] p1a: Miraidon\n|switch|p2a: Skeledirge|Skeledirge, M|100\/100\n|\n|upkeep\n|turn|18\n|\n|t:|1698542131\n|switch|p2a: Arceus|Arceus|99\/100\n|-damage|p2a: Arceus|87\/100|[from] Stealth Rock\n|move|p1a: Miraidon|Electro Drift|p2a: Arceus\n|-damage|p2a: Arceus|22\/100\n|\n|upkeep\n|turn|19\n|\n|t:|1698542134\n|switch|p1a: Mewtwo|Mewtwo|17\/100 par\n|-ability|p1a: Mewtwo|Pressure\n|move|p2a: Arceus|Recover|p2a: Arceus\n|-heal|p2a: Arceus|72\/100\n|\n|upkeep\n|turn|20\n|\n|t:|1698542136\n|move|p2a: Arceus|Extreme Speed|p1a: Mewtwo\n|-damage|p1a: Mewtwo|0 fnt\n|faint|p1a: Mewtwo\n|\n|upkeep\n|\n|t:|1698542140\n|switch|p1a: Koraidon|Koraidon|100\/100\n|-weather|SunnyDay|[from] ability: Orichalcum Pulse|[of] p1a: Koraidon\n|-activate|p1a: Koraidon|Orichalcum Pulse|[source]\n|turn|21\n|\n|t:|1698542149\n|move|p2a: Arceus|Extreme Speed|p1a: Koraidon\n|-damage|p1a: Koraidon|57\/100\n|move|p1a: Koraidon|Scale Shot|p2a: Arceus\n|-damage|p2a: Arceus|60\/100\n|-crit|p2a: Arceus\n|-damage|p2a: Arceus|42\/100\n|-damage|p2a: Arceus|31\/100\n|-damage|p2a: Arceus|17\/100\n|-hitcount|p2a: Arceus|4\n|-unboost|p1a: Koraidon|def|1\n|-boost|p1a: Koraidon|spe|1\n|\n|-weather|SunnyDay|[upkeep]\n|-fieldend|move: Electric Terrain\n|upkeep\n|turn|22\n|\n|t:|1698542153\n|switch|p1a: Zacian|Zacian-Crowned|100\/100\n|move|p2a: Arceus|Extreme Speed|p1a: Zacian\n|-resisted|p1a: Zacian\n|-damage|p1a: Zacian|76\/100\n|\n|-weather|SunnyDay|[upkeep]\n|upkeep\n|turn|23\n|\n|t:|1698542158\n|switch|p2a: Skeledirge|Skeledirge, M|100\/100\n|move|p1a: Zacian|Behemoth Blade|p2a: Skeledirge\n|-resisted|p2a: Skeledirge\n|-damage|p2a: Skeledirge|82\/100\n|\n|-weather|SunnyDay|[upkeep]\n|upkeep\n|turn|24\n|\n|t:|1698542161\n|move|p1a: Zacian|Wild Charge|p2a: Skeledirge\n|-damage|p2a: Skeledirge|63\/100\n|-damage|p1a: Zacian|70\/100|[from] Recoil\n|move|p2a: Skeledirge|Torch Song|p1a: Zacian\n|-supereffective|p1a: Zacian\n|-damage|p1a: Zacian|0 fnt\n|-boost|p2a: Skeledirge|spa|1\n|faint|p1a: Zacian\n|\n|-weather|SunnyDay|[upkeep]\n|upkeep\n|\n|t:|1698542163\n|switch|p1a: Miraidon|Miraidon|3\/100\n|-fieldstart|move: Electric Terrain|[from] ability: Hadron Engine|[of] p1a: Miraidon\n|turn|25\n|\n|t:|1698542174\n|move|p1a: Miraidon|Electro Drift|p2a: Skeledirge\n|-damage|p2a: Skeledirge|0 fnt\n|faint|p2a: Skeledirge\n|\n|-weather|none\n|upkeep\n|\n|t:|1698542178\n|switch|p2a: Koraidon|Koraidon|100\/100\n|-damage|p2a: Koraidon|94\/100|[from] Stealth Rock\n|-weather|SunnyDay|[from] ability: Orichalcum Pulse|[of] p2a: Koraidon\n|-activate|p2a: Koraidon|Orichalcum Pulse|[source]\n|turn|26\n|\n|t:|1698542184\n|-terastallize|p1a: Miraidon|Fairy\n|move|p2a: Koraidon|Low Kick|p1a: Miraidon\n|-resisted|p1a: Miraidon\n|-damage|p1a: Miraidon|0 fnt\n|faint|p1a: Miraidon\n|\n|-weather|SunnyDay|[upkeep]\n|upkeep\n|\n|t:|1698542186\n|switch|p1a: Koraidon|Koraidon|57\/100\n|-activate|p1a: Koraidon|ability: Orichalcum Pulse\n|turn|27\n|c|\u2606Taka|damn\n|c|\u2606Taka|L on me\n|\n|t:|1698542192\n|move|p2a: Koraidon|Low Kick|p1a: Koraidon\n|-damage|p1a: Koraidon|0 fnt\n|faint|p1a: Koraidon\n|\n|win|Future king of ou\n|n|\u2606Taka|taka\n|n|\u2606Future king of ou|futurekingofou\n|n| OreoSpeedruns|oreospeedruns\n|n| ZowwyCafe\u2764|zowwycafe\n","uploadtime":1698542193,"views":24,"p1id":"taka","p2id":"futurekingofou","formatid":"gen9ubers","rating":0,"private":0,"password":""}