{"id":"gen9ubers-1989287964","p1":"Rei_darkness","p2":"HarmoniChaos","format":"[Gen 9] Ubers","log":"|j|\u2606Rei_darkness\n|j|\u2606HarmoniChaos\n|t:|1699832208\n|gametype|singles\n|player|p1|Rei_darkness|drayden|\n|player|p2|HarmoniChaos|cheren|\n|teamsize|p1|6\n|teamsize|p2|6\n|gen|9\n|tier|[Gen 9] Ubers\n|rule|Sleep Clause Mod: Limit one foe put to sleep\n|rule|Species Clause: Limit one of each Pok\u00e9mon\n|rule|OHKO Clause: OHKO moves are banned\n|rule|Evasion Items Clause: Evasion items are banned\n|rule|Evasion Moves Clause: Evasion moves are banned\n|rule|Endless Battle Clause: Forcing endless battles is banned\n|rule|HP Percentage Mod: HP is shown in percentages\n|clearpoke\n|poke|p1|Slowbro-Galar, F|\n|poke|p1|Annihilape, F|\n|poke|p1|Goodra-Hisui, F|\n|poke|p1|Grimmsnarl, M|\n|poke|p1|Pawmot, M|\n|poke|p1|Mandibuzz, F|\n|poke|p2|Swalot, F|\n|poke|p2|Samurott, M|\n|poke|p2|Decidueye, F|\n|poke|p2|Arcanine, F|\n|poke|p2|Goodra-Hisui, F|\n|poke|p2|Articuno|\n|teampreview\n|\n|t:|1699832219\n|start\n|switch|p1a: Grimmsnarl|Grimmsnarl, M|100\/100\n|switch|p2a: Goodra|Goodra-Hisui, F|100\/100\n|turn|1\n|j| Dragon Master Rosa\n|c|\u2606Rei_darkness|my team is so not structurally sound\n|c|\u2606Rei_darkness|it's literally just try to foce glowbro make wor\n|\n|t:|1699832243\n|move|p1a: Grimmsnarl|Reflect|p1a: Grimmsnarl\n|-sidestart|p1: Rei_darkness|Reflect\n|move|p2a: Goodra|Curse|p2a: Goodra\n|-unboost|p2a: Goodra|spe|1\n|-boost|p2a: Goodra|atk|1\n|-boost|p2a: Goodra|def|1\n|\n|upkeep\n|turn|2\n|c|\u2606HarmoniChaos|ah\n|c|\u2606HarmoniChaos|i make people upset\n|c|\u2606HarmoniChaos|because I use stuff that nobody else knows about\n|c|\u2606HarmoniChaos|to make people mad\n|c|\u2606HarmoniChaos|well\n|c|\u2606HarmoniChaos|i try to at least\n|\n|t:|1699832269\n|move|p1a: Grimmsnarl|Burning Jealousy|p2a: Goodra\n|-damage|p2a: Goodra|88\/100\n|move|p2a: Goodra|Curse|p2a: Goodra\n|-unboost|p2a: Goodra|spe|1\n|-boost|p2a: Goodra|atk|1\n|-boost|p2a: Goodra|def|1\n|\n|upkeep\n|turn|3\n|c|\u2606Rei_darkness|jealousy only works if you underspeed?!\n|c|\u2606HarmoniChaos|recently I have been running shell smash crustle and speed boost scolipede\n|c|\u2606HarmoniChaos|apparently\n|\n|t:|1699832308\n|move|p1a: Grimmsnarl|Parting Shot|p2a: Goodra\n|-unboost|p2a: Goodra|atk|1\n|-unboost|p2a: Goodra|spa|1\n|\n|t:|1699832311\n|switch|p1a: Annihilape|Annihilape, F|100\/100|[from] Parting Shot\n|move|p2a: Goodra|Curse|p2a: Goodra\n|-unboost|p2a: Goodra|spe|1\n|-boost|p2a: Goodra|atk|1\n|-boost|p2a: Goodra|def|1\n|\n|upkeep\n|turn|4\n|c|\u2606HarmoniChaos|*gasps* how rude\n|\n|t:|1699832320\n|move|p1a: Annihilape|Final Gambit|p2a: Goodra\n|-damage|p2a: Goodra|0 fnt\n|faint|p1a: Annihilape\n|faint|p2a: Goodra\n|\n|upkeep\n|c|\u2606HarmoniChaos|dude\n|c|\u2606HarmoniChaos|rude\n|\n|t:|1699832332\n|switch|p1a: Pawmot|Pawmot, M|100\/100\n|switch|p2a: Swalot|Swalot, F|100\/100\n|turn|5\n|\n|t:|1699832366\n|move|p1a: Pawmot|Volt Switch|p2a: Swalot\n|-damage|p2a: Swalot|80\/100\n|\n|t:|1699832373\n|switch|p1a: Slowbro|Slowbro-Galar, F|100\/100|[from] Volt Switch\n|move|p2a: Swalot|Knock Off|p1a: Slowbro\n|-supereffective|p1a: Slowbro\n|-damage|p1a: Slowbro|84\/100\n|-enditem|p1a: Slowbro|Quick Claw|[from] move: Knock Off|[of] p2a: Swalot\n|\n|-heal|p2a: Swalot|86\/100|[from] item: Black Sludge\n|upkeep\n|turn|6\n|c|\u2606HarmoniChaos|the minds they are athinking\n|\n|t:|1699832386\n|move|p2a: Swalot|Knock Off|p1a: Slowbro\n|-supereffective|p1a: Slowbro\n|-damage|p1a: Slowbro|74\/100\n|move|p1a: Slowbro|Nasty Plot|p1a: Slowbro\n|-boost|p1a: Slowbro|spa|2\n|\n|-heal|p2a: Swalot|92\/100|[from] item: Black Sludge\n|upkeep\n|turn|7\n|c| Dragon Master Rosa|bing bong fuck your quick claw\n|c|\u2606HarmoniChaos|hey it's you\n|c|\u2606HarmoniChaos|i know you\n|\n|t:|1699832407\n|move|p2a: Swalot|Knock Off|p1a: Slowbro\n|-supereffective|p1a: Slowbro\n|-crit|p1a: Slowbro\n|-damage|p1a: Slowbro|43\/100\n|move|p1a: Slowbro|Psyshock|p2a: Swalot\n|-supereffective|p2a: Swalot\n|-damage|p2a: Swalot|0 fnt\n|faint|p2a: Swalot\n|\n|upkeep\n|\n|t:|1699832415\n|switch|p2a: Decidueye|Decidueye, F|100\/100\n|turn|8\n|c| Dragon Master Rosa|nahhh idk what you mean \/j\n|\n|t:|1699832421\n|move|p2a: Decidueye|Shadow Ball|p1a: Slowbro\n|-supereffective|p1a: Slowbro\n|-damage|p1a: Slowbro|0 fnt\n|faint|p1a: Slowbro\n|-damage|p2a: Decidueye|91\/100|[from] item: Life Orb\n|\n|-sideend|p1: Rei_darkness|Reflect\n|upkeep\n|c| Dragon Master Rosa|omg best set...\n|\n|t:|1699832433\n|switch|p1a: Grimmsnarl|Grimmsnarl, M|100\/100\n|turn|9\n|c|\u2606HarmoniChaos|no you're right I'm thinking of dragon master asor\n|c| Dragon Master Rosa|so true\n|\n|t:|1699832455\n|move|p1a: Grimmsnarl|Light Screen|p1a: Grimmsnarl\n|-sidestart|p1: Rei_darkness|move: Light Screen\n|move|p2a: Decidueye|Giga Drain|p1a: Grimmsnarl\n|-damage|p1a: Grimmsnarl|85\/100\n|-heal|p2a: Decidueye|100\/100|[from] drain|[of] p1a: Grimmsnarl\n|-damage|p2a: Decidueye|91\/100|[from] item: Life Orb\n|\n|upkeep\n|turn|10\n|\n|t:|1699832462\n|move|p1a: Grimmsnarl|Parting Shot|p2a: Decidueye\n|-unboost|p2a: Decidueye|atk|1\n|-unboost|p2a: Decidueye|spa|1\n|\n|t:|1699832466\n|switch|p1a: Mandibuzz|Mandibuzz, F|100\/100|[from] Parting Shot\n|move|p2a: Decidueye|Nasty Plot|p2a: Decidueye\n|-boost|p2a: Decidueye|spa|2\n|\n|upkeep\n|turn|11\n|\n|t:|1699832482\n|move|p2a: Decidueye|Defog|p1a: Mandibuzz\n|-unboost|p1a: Mandibuzz|evasion|1\n|-sideend|p1: Rei_darkness|move: Light Screen\n|move|p1a: Mandibuzz|Toxic|p2a: Decidueye\n|-status|p2a: Decidueye|tox\n|\n|-damage|p2a: Decidueye|85\/100 tox|[from] psn\n|upkeep\n|turn|12\n|c|\u2606HarmoniChaos|that's right\n|c|\u2606HarmoniChaos|I READ THE RULES\n|c| Dragon Master Rosa|hey HarmoniChaos you should sign up for the tournament in the announcements channel\n|c|\u2606HarmoniChaos|oh good idea\n|c|\u2606HarmoniChaos|how do I do that\n|\n|t:|1699832529\n|switch|p1a: Goodra|Goodra-Hisui, F|100\/100\n|move|p2a: Decidueye|Nasty Plot|p2a: Decidueye\n|-boost|p2a: Decidueye|spa|2\n|\n|-damage|p2a: Decidueye|73\/100 tox|[from] psn\n|upkeep\n|turn|13\n|c| Dragon Master Rosa|just react with the glowking emoji under it\n|c|\u2606HarmoniChaos|will do\n|c|\u2606HarmoniChaos|done\n|\n|t:|1699832568\n|move|p2a: Decidueye|Shadow Ball|p1a: Goodra\n|-damage|p1a: Goodra|48\/100\n|-damage|p2a: Decidueye|63\/100 tox|[from] item: Life Orb\n|move|p1a: Goodra|Life Dew|p1a: Goodra\n|-heal|p1a: Goodra|73\/100\n|\n|-heal|p1a: Goodra|79\/100|[from] item: Leftovers\n|-damage|p2a: Decidueye|45\/100 tox|[from] psn\n|upkeep\n|turn|14\n|c| Dragon Master Rosa|nice\n|\n|t:|1699832575\n|move|p2a: Decidueye|Nasty Plot|p2a: Decidueye\n|-boost|p2a: Decidueye|spa|2\n|move|p1a: Goodra|Life Dew|p1a: Goodra\n|-heal|p1a: Goodra|100\/100\n|\n|-damage|p2a: Decidueye|21\/100 tox|[from] psn\n|upkeep\n|turn|15\n|c|\u2606HarmoniChaos|life dew\n|c|\u2606HarmoniChaos|dew you really have to?\n|\n|t:|1699832589\n|move|p1a: Goodra|Protect|p1a: Goodra\n|-singleturn|p1a: Goodra|Protect\n|move|p2a: Decidueye|Shadow Ball|p1a: Goodra\n|-activate|p1a: Goodra|move: Protect\n|\n|-damage|p2a: Decidueye|0 fnt|[from] psn\n|faint|p2a: Decidueye\n|upkeep\n|c| Dragon Master Rosa|uselessmons moment\n|\n|t:|1699832600\n|switch|p2a: Samurott|Samurott, M|100\/100\n|turn|16\n|c|\u2606Rei_darkness|uselessmons inspiration :3\n|\n|t:|1699832611\n|move|p2a: Samurott|Drill Run|p1a: Goodra\n|-supereffective|p1a: Goodra\n|-damage|p1a: Goodra|25\/100\n|move|p1a: Goodra|Acid Armor|p1a: Goodra\n|-boost|p1a: Goodra|def|2\n|\n|-heal|p1a: Goodra|31\/100|[from] item: Leftovers\n|upkeep\n|turn|17\n|c|\u2606HarmoniChaos|mind explaining please\n|\n|t:|1699832620\n|switch|p2a: Articuno|Articuno|100\/100\n|-ability|p2a: Articuno|Pressure\n|move|p1a: Goodra|Protect||[still]\n|-fail|p1a: Goodra\n|\n|-heal|p1a: Goodra|37\/100|[from] item: Leftovers\n|upkeep\n|turn|18\n|\n|t:|1699832629\n|move|p2a: Articuno|Ice Spinner|p1a: Goodra\n|-damage|p1a: Goodra|21\/100\n|move|p1a: Goodra|Life Dew|p1a: Goodra\n|-heal|p1a: Goodra|46\/100\n|\n|-heal|p1a: Goodra|52\/100|[from] item: Leftovers\n|upkeep\n|turn|19\n|c| Dragon Master Rosa|it's an OM they're the tier leader of where mons are restricted to only using moves in the \"usually useless moves\" category\n|c|\u2606Rei_darkness|tier with only usually useless moves\n|c|\u2606HarmoniChaos|aaaaaaah\n|c|\u2606HarmoniChaos|*gasps*\n|c|\u2606HarmoniChaos|fell stinger\n|\n|t:|1699832663\n|move|p2a: Articuno|Ice Spinner|p1a: Goodra\n|-damage|p1a: Goodra|37\/100\n|move|p1a: Goodra|Life Dew|p1a: Goodra\n|-heal|p1a: Goodra|62\/100\n|\n|-heal|p1a: Goodra|68\/100|[from] item: Leftovers\n|upkeep\n|turn|20\n|c| Dragon Master Rosa|yep\n|\n|t:|1699832669\n|move|p2a: Articuno|Ice Spinner|p1a: Goodra\n|-damage|p1a: Goodra|51\/100\n|move|p1a: Goodra|Acid Armor|p1a: Goodra\n|-boost|p1a: Goodra|def|2\n|\n|-heal|p1a: Goodra|57\/100|[from] item: Leftovers\n|upkeep\n|turn|21\n|\n|t:|1699832679\n|switch|p2a: Samurott|Samurott, M|100\/100\n|move|p1a: Goodra|Life Dew|p1a: Goodra\n|-heal|p1a: Goodra|82\/100\n|\n|-heal|p1a: Goodra|88\/100|[from] item: Leftovers\n|upkeep\n|turn|22\n|\n|t:|1699832682\n|move|p2a: Samurott|Sacred Sword|p1a: Goodra\n|-supereffective|p1a: Goodra\n|-damage|p1a: Goodra|5\/100\n|move|p1a: Goodra|Body Press|p2a: Samurott\n|-damage|p2a: Samurott|43\/100\n|\n|-heal|p1a: Goodra|11\/100|[from] item: Leftovers\n|upkeep\n|turn|23\n|\n|t:|1699832690\n|move|p1a: Goodra|Protect|p1a: Goodra\n|-singleturn|p1a: Goodra|Protect\n|move|p2a: Samurott|Sacred Sword|p1a: Goodra\n|-activate|p1a: Goodra|move: Protect\n|\n|-heal|p1a: Goodra|17\/100|[from] item: Leftovers\n|upkeep\n|turn|24\n|\n|t:|1699832698\n|switch|p1a: Pawmot|Pawmot, M|100\/100\n|move|p2a: Samurott|Sacred Sword|p1a: Pawmot\n|-damage|p1a: Pawmot|29\/100\n|\n|upkeep\n|turn|25\n|\n|t:|1699832714\n|switch|p2a: Articuno|Articuno|100\/100\n|-ability|p2a: Articuno|Pressure\n|move|p1a: Pawmot|Volt Switch|p2a: Articuno\n|-supereffective|p2a: Articuno\n|-damage|p2a: Articuno|61\/100\n|\n|t:|1699832724\n|switch|p1a: Mandibuzz|Mandibuzz, F|100\/100|[from] Volt Switch\n|\n|upkeep\n|turn|26\n|\n|t:|1699832733\n|move|p2a: Articuno|Ice Spinner|p1a: Mandibuzz\n|-supereffective|p1a: Mandibuzz\n|-damage|p1a: Mandibuzz|60\/100\n|move|p1a: Mandibuzz|Toxic|p2a: Articuno\n|-status|p2a: Articuno|tox\n|\n|-damage|p2a: Articuno|55\/100 tox|[from] psn\n|upkeep\n|turn|27\n|\n|t:|1699832746\n|move|p1a: Mandibuzz|Protect|p1a: Mandibuzz\n|-singleturn|p1a: Mandibuzz|Protect\n|move|p2a: Articuno|Roost|p2a: Articuno\n|-heal|p2a: Articuno|100\/100 tox\n|-singleturn|p2a: Articuno|move: Roost\n|\n|-damage|p2a: Articuno|88\/100 tox|[from] psn\n|upkeep\n|turn|28\n|\n|t:|1699832755\n|switch|p1a: Goodra|Goodra-Hisui, F|17\/100\n|move|p2a: Articuno|Ice Spinner|p1a: Goodra\n|-damage|p1a: Goodra|0 fnt\n|faint|p1a: Goodra\n|\n|-damage|p2a: Articuno|69\/100 tox|[from] psn\n|upkeep\n|\n|t:|1699832756\n|switch|p1a: Pawmot|Pawmot, M|29\/100\n|turn|29\n|c|\u2606HarmoniChaos|die stupid dragon snail\n|\n|t:|1699832776\n|move|p1a: Pawmot|Volt Switch|p2a: Articuno\n|-supereffective|p2a: Articuno\n|-damage|p2a: Articuno|34\/100 tox\n|c|\u2606Rei_darkness|being dead is a\n|c|\u2606Rei_darkness|surprise tool that will help us later\n|\n|t:|1699832788\n|switch|p1a: Mandibuzz|Mandibuzz, F|60\/100|[from] Volt Switch\n|move|p2a: Articuno|Roost|p2a: Articuno\n|-heal|p2a: Articuno|84\/100 tox\n|-singleturn|p2a: Articuno|move: Roost\n|\n|-damage|p2a: Articuno|59\/100 tox|[from] psn\n|upkeep\n|turn|30\n|\n|t:|1699832803\n|move|p2a: Articuno|Ice Spinner|p1a: Mandibuzz\n|-supereffective|p1a: Mandibuzz\n|-damage|p1a: Mandibuzz|23\/100\n|move|p1a: Mandibuzz|Roost|p1a: Mandibuzz\n|-heal|p1a: Mandibuzz|73\/100\n|-singleturn|p1a: Mandibuzz|move: Roost\n|\n|-damage|p2a: Articuno|28\/100 tox|[from] psn\n|upkeep\n|turn|31\n|c|\u2606HarmoniChaos|tactics\n|\n|t:|1699832814\n|move|p2a: Articuno|Ice Spinner|p1a: Mandibuzz\n|-supereffective|p1a: Mandibuzz\n|-damage|p1a: Mandibuzz|35\/100\n|move|p1a: Mandibuzz|Toxic|p2a: Articuno\n|-fail|p2a: Articuno|tox\n|\n|-damage|p2a: Articuno|0 fnt|[from] psn\n|faint|p2a: Articuno\n|upkeep\n|\n|t:|1699832825\n|switch|p2a: Arcanine|Arcanine, F|100\/100\n|-ability|p2a: Arcanine|Intimidate|boost\n|-unboost|p1a: Mandibuzz|atk|1\n|turn|32\n|c|\u2606HarmoniChaos|die bird\n|\n|t:|1699832830\n|switch|p1a: Grimmsnarl|Grimmsnarl, M|85\/100\n|move|p2a: Arcanine|Flamethrower|p1a: Grimmsnarl\n|-damage|p1a: Grimmsnarl|58\/100\n|\n|upkeep\n|turn|33\n|\n|t:|1699832839\n|move|p1a: Grimmsnarl|Light Screen|p1a: Grimmsnarl\n|-sidestart|p1: Rei_darkness|move: Light Screen\n|move|p2a: Arcanine|Hyper Voice|p1a: Grimmsnarl\n|-damage|p1a: Grimmsnarl|47\/100\n|-enditem|p2a: Arcanine|Throat Spray\n|-boost|p2a: Arcanine|spa|1|[from] item: Throat Spray\n|\n|upkeep\n|turn|34\n|\n|t:|1699832845\n|move|p1a: Grimmsnarl|Parting Shot|p2a: Arcanine\n|-unboost|p2a: Arcanine|atk|1\n|-unboost|p2a: Arcanine|spa|1\n|\n|t:|1699832848\n|switch|p1a: Mandibuzz|Mandibuzz, F|35\/100|[from] Parting Shot\n|move|p2a: Arcanine|Flamethrower|p1a: Mandibuzz\n|-crit|p1a: Mandibuzz\n|-damage|p1a: Mandibuzz|0 fnt\n|faint|p1a: Mandibuzz\n|\n|upkeep\n|\n|t:|1699832851\n|switch|p1a: Pawmot|Pawmot, M|29\/100\n|turn|35\n|c|\u2606HarmoniChaos|LET'S GOOOOOOO\n|\n|t:|1699832861\n|-terastallize|p2a: Arcanine|Fire\n|move|p1a: Pawmot|Revival Blessing|p1a: Pawmot\n|\n|t:|1699832868\n|-heal|p1: Goodra|50\/100|[from] move: Revival Blessing\n|move|p2a: Arcanine|Flamethrower|p1a: Pawmot\n|-damage|p1a: Pawmot|0 fnt\n|faint|p1a: Pawmot\n|\n|upkeep\n|\n|t:|1699832876\n|switch|p1a: Goodra|Goodra-Hisui, F|50\/100\n|turn|36\n|c|\u2606HarmoniChaos|NO NOT THE sTUPID DRAGON SNAIL\n|\n|t:|1699832879\n|move|p2a: Arcanine|Flamethrower|p1a: Goodra\n|-damage|p1a: Goodra|37\/100\n|move|p1a: Goodra|Life Dew|p1a: Goodra\n|-heal|p1a: Goodra|62\/100\n|\n|-heal|p1a: Goodra|68\/100|[from] item: Leftovers\n|upkeep\n|turn|37\n|\n|t:|1699832888\n|switch|p2a: Samurott|Samurott, M|43\/100\n|move|p1a: Goodra|Protect||[still]\n|-fail|p1a: Goodra\n|\n|-heal|p1a: Goodra|74\/100|[from] item: Leftovers\n|upkeep\n|turn|38\n|\n|t:|1699832894\n|-terastallize|p1a: Goodra|Fairy\n|move|p2a: Samurott|Sacred Sword|p1a: Goodra\n|-resisted|p1a: Goodra\n|-damage|p1a: Goodra|54\/100\n|move|p1a: Goodra|Body Press|p2a: Samurott\n|-damage|p2a: Samurott|23\/100\n|\n|-heal|p1a: Goodra|60\/100|[from] item: Leftovers\n|upkeep\n|turn|39\n|\n|t:|1699832902\n|switch|p2a: Arcanine|Arcanine, F, tera:Fire|100\/100\n|-ability|p2a: Arcanine|Intimidate|boost\n|-unboost|p1a: Goodra|atk|1\n|move|p1a: Goodra|Protect||[still]\n|-fail|p1a: Goodra\n|\n|-heal|p1a: Goodra|66\/100|[from] item: Leftovers\n|upkeep\n|turn|40\n|\n|t:|1699832913\n|move|p2a: Arcanine|Flamethrower|p1a: Goodra\n|-damage|p1a: Goodra|52\/100\n|move|p1a: Goodra|Body Press|p2a: Arcanine\n|-damage|p2a: Arcanine|75\/100\n|\n|-heal|p1a: Goodra|58\/100|[from] item: Leftovers\n|-sideend|p1: Rei_darkness|move: Light Screen\n|upkeep\n|turn|41\n|\n|t:|1699832926\n|move|p1a: Goodra|Protect|p1a: Goodra\n|-singleturn|p1a: Goodra|Protect\n|move|p2a: Arcanine|Flamethrower|p1a: Goodra\n|-activate|p1a: Goodra|move: Protect\n|\n|-heal|p1a: Goodra|65\/100|[from] item: Leftovers\n|upkeep\n|turn|42\n|\n|t:|1699832932\n|switch|p1a: Grimmsnarl|Grimmsnarl, M|47\/100\n|move|p2a: Arcanine|Snarl|p1a: Grimmsnarl\n|-resisted|p1a: Grimmsnarl\n|-damage|p1a: Grimmsnarl|44\/100\n|-unboost|p1a: Grimmsnarl|spa|1\n|\n|upkeep\n|turn|43\n|\n|t:|1699832939\n|move|p1a: Grimmsnarl|Light Screen|p1a: Grimmsnarl\n|-sidestart|p1: Rei_darkness|move: Light Screen\n|move|p2a: Arcanine|Flamethrower|p1a: Grimmsnarl\n|-damage|p1a: Grimmsnarl|25\/100\n|\n|upkeep\n|turn|44\n|\n|t:|1699832956\n|move|p1a: Grimmsnarl|Parting Shot|p2a: Arcanine\n|-unboost|p2a: Arcanine|atk|1\n|-unboost|p2a: Arcanine|spa|1\n|\n|t:|1699832959\n|switch|p1a: Goodra|Goodra-Hisui, F, tera:Fairy|65\/100|[from] Parting Shot\n|move|p2a: Arcanine|Flamethrower|p1a: Goodra\n|-damage|p1a: Goodra|55\/100\n|\n|-heal|p1a: Goodra|61\/100|[from] item: Leftovers\n|upkeep\n|turn|45\n|\n|t:|1699832966\n|move|p2a: Arcanine|Flamethrower|p1a: Goodra\n|-damage|p1a: Goodra|51\/100\n|move|p1a: Goodra|Life Dew|p1a: Goodra\n|-heal|p1a: Goodra|76\/100\n|\n|-heal|p1a: Goodra|82\/100|[from] item: Leftovers\n|upkeep\n|turn|46\n|\n|t:|1699832974\n|switch|p2a: Samurott|Samurott, M|23\/100\n|move|p1a: Goodra|Acid Armor|p1a: Goodra\n|-boost|p1a: Goodra|def|2\n|\n|-heal|p1a: Goodra|88\/100|[from] item: Leftovers\n|upkeep\n|turn|47\n|\n|t:|1699832984\n|move|p1a: Goodra|Protect|p1a: Goodra\n|-singleturn|p1a: Goodra|Protect\n|move|p2a: Samurott|Aqua Cutter|p1a: Goodra\n|-activate|p1a: Goodra|move: Protect\n|\n|-heal|p1a: Goodra|94\/100|[from] item: Leftovers\n|upkeep\n|turn|48\n|\n|t:|1699832986\n|move|p2a: Samurott|Aqua Cutter|p1a: Goodra\n|-damage|p1a: Goodra|60\/100\n|move|p1a: Goodra|Body Press|p2a: Samurott\n|-damage|p2a: Samurott|0 fnt\n|faint|p2a: Samurott\n|\n|-heal|p1a: Goodra|66\/100|[from] item: Leftovers\n|upkeep\n|\n|t:|1699832995\n|switch|p2a: Arcanine|Arcanine, F, tera:Fire|75\/100\n|-ability|p2a: Arcanine|Intimidate|boost\n|-unboost|p1a: Goodra|atk|1\n|turn|49\n|\n|t:|1699833003\n|move|p2a: Arcanine|Flamethrower|p1a: Goodra\n|-damage|p1a: Goodra|51\/100\n|move|p1a: Goodra|Acid Armor|p1a: Goodra\n|-boost|p1a: Goodra|def|2\n|\n|-heal|p1a: Goodra|57\/100|[from] item: Leftovers\n|upkeep\n|turn|50\n|\n|t:|1699833022\n|move|p1a: Goodra|Protect|p1a: Goodra\n|-singleturn|p1a: Goodra|Protect\n|move|p2a: Arcanine|Flamethrower|p1a: Goodra\n|-activate|p1a: Goodra|move: Protect\n|\n|-heal|p1a: Goodra|63\/100|[from] item: Leftovers\n|-sideend|p1: Rei_darkness|move: Light Screen\n|upkeep\n|turn|51\n|\n|t:|1699833034\n|move|p2a: Arcanine|Flamethrower|p1a: Goodra\n|-damage|p1a: Goodra|38\/100\n|move|p1a: Goodra|Body Press|p2a: Arcanine\n|-damage|p2a: Arcanine|3\/100\n|\n|-heal|p1a: Goodra|44\/100|[from] item: Leftovers\n|upkeep\n|turn|52\n|c|\u2606Rei_darkness|GG\n|c|\u2606HarmoniChaos|acid armor and not its signature move?\n|c|\u2606Rei_darkness|lower pp\n|c|\u2606HarmoniChaos|you, sir, should be ashamed\n|c| Dragon Master Rosa|shelter is worse\n|c| Dragon Master Rosa|less pp\n|c|\u2606HarmoniChaos|oh\n|c|\u2606Rei_darkness|thats why its good in uselessmons\n|c|\u2606HarmoniChaos|nintendo, you, sir, should be ashamed\n|c|\u2606Rei_darkness|its in usually useless\n|c|\u2606Rei_darkness|it does the same shit but better\n|c|\u2606Rei_darkness|since it is allowed to run spray\n|c|\u2606HarmoniChaos|ah i see\n|\n|t:|1699833081\n|move|p2a: Arcanine|Flamethrower|p1a: Goodra\n|-damage|p1a: Goodra|18\/100\n|move|p1a: Goodra|Body Press|p2a: Arcanine\n|-damage|p2a: Arcanine|0 fnt\n|faint|p2a: Arcanine\n|\n|win|Rei_darkness\n","uploadtime":1699833089,"views":28,"p1id":"reidarkness","p2id":"harmonichaos","formatid":"gen9ubers","rating":0,"private":0,"password":""}