{"id":"gen9ubers-1996871236","p1":"Gamer Boi YT","p2":"00OO00OO00OO","format":"[Gen 9] Ubers","log":"|j|\u2606Gamer Boi YT\n|j|\u260600OO00OO00OO\n|t:|1700738271\n|gametype|singles\n|player|p1|Gamer Boi YT|ethan|1166\n|player|p2|00OO00OO00OO|emmet|1079\n|teamsize|p1|6\n|teamsize|p2|6\n|gen|9\n|tier|[Gen 9] Ubers\n|rated|\n|rule|Sleep Clause Mod: Limit one foe put to sleep\n|rule|Species Clause: Limit one of each Pok\u00e9mon\n|rule|OHKO Clause: OHKO moves are banned\n|rule|Evasion Items Clause: Evasion items are banned\n|rule|Evasion Moves Clause: Evasion moves are banned\n|rule|Endless Battle Clause: Forcing endless battles is banned\n|rule|HP Percentage Mod: HP is shown in percentages\n|clearpoke\n|poke|p1|Glimmora, F|\n|poke|p1|Espathra, M|\n|poke|p1|Gliscor, M|\n|poke|p1|Grimmsnarl, M|\n|poke|p1|Arceus|\n|poke|p1|Miraidon|\n|poke|p2|Arceus|\n|poke|p2|Annihilape, F|\n|poke|p2|Landorus, M|\n|poke|p2|Urshifu-*, F|\n|poke|p2|Zacian-*|\n|poke|p2|Ogerpon-Cornerstone, F|\n|teampreview\n|inactive|Battle timer is ON: inactive players will automatically lose when time's up. (requested by Gamer Boi YT)\n|\n|t:|1700738284\n|start\n|switch|p1a: Glimmora|Glimmora, F|100\/100\n|switch|p2a: Urshifu|Urshifu-Rapid-Strike, F|100\/100\n|turn|1\n|\n|t:|1700738296\n|switch|p2a: Landorus|Landorus, M|100\/100\n|move|p1a: Glimmora|Stealth Rock|p2a: Landorus\n|-sidestart|p2: 00OO00OO00OO|move: Stealth Rock\n|\n|upkeep\n|turn|2\n|\n|t:|1700738305\n|switch|p1a: Gliscor|Gliscor, M, shiny|100\/100\n|move|p2a: Landorus|Earth Power|p1a: Gliscor\n|-immune|p1a: Gliscor\n|\n|-status|p1a: Gliscor|tox|[from] item: Toxic Orb\n|upkeep\n|turn|3\n|\n|t:|1700738322\n|move|p2a: Landorus|Focus Blast|p1a: Gliscor\n|-resisted|p1a: Gliscor\n|-damage|p1a: Gliscor|60\/100 tox\n|move|p1a: Gliscor|Toxic|p2a: Landorus|[miss]\n|-miss|p1a: Gliscor|p2a: Landorus\n|\n|-heal|p1a: Gliscor|73\/100 tox|[from] ability: Poison Heal\n|upkeep\n|turn|4\n|\n|t:|1700738335\n|move|p2a: Landorus|Psychic|p1a: Gliscor\n|-damage|p1a: Gliscor|12\/100 tox\n|move|p1a: Gliscor|Toxic|p2a: Landorus\n|-status|p2a: Landorus|tox\n|\n|-damage|p2a: Landorus|95\/100 tox|[from] psn\n|-heal|p1a: Gliscor|24\/100 tox|[from] ability: Poison Heal\n|upkeep\n|turn|5\n|\n|t:|1700738342\n|move|p1a: Gliscor|Protect|p1a: Gliscor\n|-singleturn|p1a: Gliscor|Protect\n|move|p2a: Landorus|Psychic|p1a: Gliscor\n|-activate|p1a: Gliscor|move: Protect\n|\n|-damage|p2a: Landorus|83\/100 tox|[from] psn\n|-heal|p1a: Gliscor|36\/100 tox|[from] ability: Poison Heal\n|upkeep\n|turn|6\n|\n|t:|1700738350\n|switch|p1a: Grimmsnarl|Grimmsnarl, M|100\/100\n|move|p2a: Landorus|Psychic|p1a: Grimmsnarl\n|-immune|p1a: Grimmsnarl\n|\n|-damage|p2a: Landorus|65\/100 tox|[from] psn\n|upkeep\n|turn|7\n|\n|t:|1700738377\n|move|p1a: Grimmsnarl|Parting Shot|p2a: Landorus\n|-unboost|p2a: Landorus|atk|1\n|-unboost|p2a: Landorus|spa|1\n|\n|t:|1700738381\n|switch|p1a: Gliscor|Gliscor, M, shiny|36\/100 tox|[from] Parting Shot\n|move|p2a: Landorus|Nasty Plot|p2a: Landorus\n|-boost|p2a: Landorus|spa|2\n|\n|-damage|p2a: Landorus|41\/100 tox|[from] psn\n|-heal|p1a: Gliscor|49\/100 tox|[from] ability: Poison Heal\n|upkeep\n|turn|8\n|\n|t:|1700738390\n|move|p1a: Gliscor|Protect|p1a: Gliscor\n|-singleturn|p1a: Gliscor|Protect\n|move|p2a: Landorus|Psychic|p1a: Gliscor\n|-activate|p1a: Gliscor|move: Protect\n|\n|-damage|p2a: Landorus|11\/100 tox|[from] psn\n|-heal|p1a: Gliscor|61\/100 tox|[from] ability: Poison Heal\n|upkeep\n|turn|9\n|\n|t:|1700738401\n|move|p1a: Gliscor|Protect||[still]\n|-fail|p1a: Gliscor\n|move|p2a: Landorus|Earth Power|p1a: Gliscor\n|-immune|p1a: Gliscor\n|\n|-damage|p2a: Landorus|0 fnt|[from] psn\n|faint|p2a: Landorus\n|-heal|p1a: Gliscor|74\/100 tox|[from] ability: Poison Heal\n|upkeep\n|\n|t:|1700738412\n|switch|p2a: Arceus|Arceus, shiny|100\/100\n|-damage|p2a: Arceus|88\/100|[from] Stealth Rock\n|turn|10\n|\n|t:|1700738417\n|-terastallize|p2a: Arceus|Normal\n|move|p2a: Arceus|Extreme Speed|p1a: Gliscor\n|-damage|p1a: Gliscor|19\/100 tox\n|move|p1a: Gliscor|Toxic|p2a: Arceus\n|-status|p2a: Arceus|tox\n|\n|-damage|p2a: Arceus|82\/100 tox|[from] psn\n|-heal|p1a: Gliscor|31\/100 tox|[from] ability: Poison Heal\n|upkeep\n|turn|11\n|\n|t:|1700738427\n|move|p1a: Gliscor|Protect|p1a: Gliscor\n|-singleturn|p1a: Gliscor|Protect\n|move|p2a: Arceus|Extreme Speed|p1a: Gliscor\n|-activate|p1a: Gliscor|move: Protect\n|\n|-damage|p2a: Arceus|69\/100 tox|[from] psn\n|-heal|p1a: Gliscor|44\/100 tox|[from] ability: Poison Heal\n|upkeep\n|turn|12\n|\n|t:|1700738439\n|switch|p1a: Glimmora|Glimmora, F|100\/100\n|move|p2a: Arceus|Extreme Speed|p1a: Glimmora\n|-resisted|p1a: Glimmora\n|-damage|p1a: Glimmora|48\/100\n|-activate|p1a: Glimmora|ability: Toxic Debris\n|-sidestart|p2: 00OO00OO00OO|move: Toxic Spikes\n|\n|-damage|p2a: Arceus|50\/100 tox|[from] psn\n|upkeep\n|turn|13\n|\n|t:|1700738451\n|move|p2a: Arceus|Extreme Speed|p1a: Glimmora\n|-resisted|p1a: Glimmora\n|-damage|p1a: Glimmora|0 fnt\n|-activate|p1a: Glimmora|ability: Toxic Debris\n|-sidestart|p2: 00OO00OO00OO|move: Toxic Spikes\n|faint|p1a: Glimmora\n|\n|-damage|p2a: Arceus|25\/100 tox|[from] psn\n|upkeep\n|\n|t:|1700738456\n|switch|p1a: Gliscor|Gliscor, M, shiny|44\/100 tox\n|turn|14\n|\n|t:|1700738466\n|switch|p2a: Annihilape|Annihilape, F|100\/100\n|-damage|p2a: Annihilape|94\/100|[from] Stealth Rock\n|-status|p2a: Annihilape|tox\n|move|p1a: Gliscor|Protect||[still]\n|-fail|p1a: Gliscor\n|\n|-heal|p2a: Annihilape|100\/100 tox|[from] item: Leftovers\n|-heal|p1a: Gliscor|56\/100 tox|[from] ability: Poison Heal\n|-damage|p2a: Annihilape|94\/100 tox|[from] psn\n|upkeep\n|turn|15\n|\n|t:|1700738478\n|switch|p1a: Grimmsnarl|Grimmsnarl, M|100\/100\n|move|p2a: Annihilape|Drain Punch|p1a: Grimmsnarl\n|-damage|p1a: Grimmsnarl|62\/100\n|-heal|p2a: Annihilape|100\/100 tox|[from] drain|[of] p1a: Grimmsnarl\n|\n|-damage|p2a: Annihilape|88\/100 tox|[from] psn\n|upkeep\n|turn|16\n|\n|t:|1700738488\n|move|p1a: Grimmsnarl|Taunt|p2a: Annihilape\n|-start|p2a: Annihilape|move: Taunt\n|cant|p2a: Annihilape|move: Taunt|Taunt\n|\n|-heal|p2a: Annihilape|94\/100 tox|[from] item: Leftovers\n|-damage|p2a: Annihilape|76\/100 tox|[from] psn\n|upkeep\n|turn|17\n|\n|t:|1700738499\n|move|p1a: Grimmsnarl|Reflect|p1a: Grimmsnarl\n|-sidestart|p1: Gamer Boi YT|Reflect\n|move|p2a: Annihilape|Drain Punch|p1a: Grimmsnarl\n|-damage|p1a: Grimmsnarl|46\/100\n|-heal|p2a: Annihilape|83\/100 tox|[from] drain|[of] p1a: Grimmsnarl\n|\n|-heal|p2a: Annihilape|90\/100 tox|[from] item: Leftovers\n|-damage|p2a: Annihilape|65\/100 tox|[from] psn\n|upkeep\n|turn|18\n|\n|t:|1700738510\n|switch|p1a: Gliscor|Gliscor, M, shiny|56\/100 tox\n|move|p2a: Annihilape|Drain Punch|p1a: Gliscor\n|-resisted|p1a: Gliscor\n|-damage|p1a: Gliscor|51\/100 tox\n|-heal|p2a: Annihilape|67\/100 tox|[from] drain|[of] p1a: Gliscor\n|\n|-heal|p2a: Annihilape|73\/100 tox|[from] item: Leftovers\n|-heal|p1a: Gliscor|64\/100 tox|[from] ability: Poison Heal\n|-damage|p2a: Annihilape|42\/100 tox|[from] psn\n|-end|p2a: Annihilape|move: Taunt\n|upkeep\n|turn|19\n|\n|t:|1700738524\n|move|p1a: Gliscor|Spikes|p2a: Annihilape\n|-sidestart|p2: 00OO00OO00OO|Spikes\n|move|p2a: Annihilape|Taunt|p1a: Gliscor\n|-start|p1a: Gliscor|move: Taunt\n|\n|-heal|p2a: Annihilape|48\/100 tox|[from] item: Leftovers\n|-heal|p1a: Gliscor|76\/100 tox|[from] ability: Poison Heal\n|-damage|p2a: Annihilape|11\/100 tox|[from] psn\n|upkeep\n|turn|20\n|\n|t:|1700738536\n|move|p1a: Gliscor|Earthquake|p2a: Annihilape\n|-damage|p2a: Annihilape|0 fnt\n|faint|p2a: Annihilape\n|\n|-heal|p1a: Gliscor|89\/100 tox|[from] ability: Poison Heal\n|upkeep\n|\n|t:|1700738544\n|switch|p2a: Urshifu|Urshifu-Rapid-Strike, F|100\/100\n|-damage|p2a: Urshifu|94\/100|[from] Stealth Rock\n|-status|p2a: Urshifu|tox\n|-damage|p2a: Urshifu|82\/100 tox|[from] Spikes\n|turn|21\n|\n|t:|1700738555\n|move|p2a: Urshifu|Surging Strikes|p1a: Gliscor\n|-supereffective|p1a: Gliscor\n|-crit|p1a: Gliscor\n|-damage|p1a: Gliscor|51\/100 tox\n|-supereffective|p1a: Gliscor\n|-crit|p1a: Gliscor\n|-damage|p1a: Gliscor|15\/100 tox\n|-supereffective|p1a: Gliscor\n|-crit|p1a: Gliscor\n|-damage|p1a: Gliscor|0 fnt\n|faint|p1a: Gliscor\n|-hitcount|p1: Gliscor|3\n|\n|-damage|p2a: Urshifu|76\/100 tox|[from] psn\n|upkeep\n|\n|t:|1700738558\n|switch|p1a: Miraidon|Miraidon|100\/100\n|-fieldstart|move: Electric Terrain|[from] ability: Hadron Engine|[of] p1a: Miraidon\n|turn|22\n|\n|t:|1700738569\n|move|p1a: Miraidon|Substitute|p1a: Miraidon\n|-start|p1a: Miraidon|Substitute\n|-damage|p1a: Miraidon|76\/100\n|move|p2a: Urshifu|Surging Strikes|p1a: Miraidon\n|-resisted|p1a: Miraidon\n|-crit|p1a: Miraidon\n|-activate|p1a: Miraidon|move: Substitute|[damage]\n|-resisted|p1a: Miraidon\n|-crit|p1a: Miraidon\n|-end|p1a: Miraidon|Substitute\n|-resisted|p1a: Miraidon\n|-crit|p1a: Miraidon\n|-damage|p1a: Miraidon|61\/100\n|-hitcount|p1a: Miraidon|3\n|\n|-damage|p2a: Urshifu|64\/100 tox|[from] psn\n|upkeep\n|turn|23\n|-message|00OO00OO00OO forfeited.\n|\n|win|Gamer Boi YT\n|raw|Gamer Boi YT's rating: 1166 &rarr; <strong>1185<\/strong><br \/>(+19 for winning)\n|raw|00OO00OO00OO's rating: 1079 &rarr; <strong>1063<\/strong><br \/>(-16 for losing)\n|l|\u260600OO00OO00OO\n","uploadtime":1700738576,"views":11,"p1id":"gamerboiyt","p2id":"00oo00oo00oo","formatid":"gen9ubers","rating":1063,"private":0,"password":""}