{"id":"gen9ubers-1980600711","p1":"WishNM","p2":"JaxxUwwU","format":"[Gen 9] Ubers","log":"|j|\u2606WishNM\n|j|\u2606JaxxUwwU\n|t:|1698801901\n|gametype|singles\n|player|p1|WishNM|n|\n|player|p2|JaxxUwwU|266|\n|teamsize|p1|6\n|teamsize|p2|6\n|gen|9\n|tier|[Gen 9] Ubers\n|rule|Sleep Clause Mod: Limit one foe put to sleep\n|rule|Species Clause: Limit one of each Pok\u00e9mon\n|rule|OHKO Clause: OHKO moves are banned\n|rule|Evasion Items Clause: Evasion items are banned\n|rule|Evasion Moves Clause: Evasion moves are banned\n|rule|Endless Battle Clause: Forcing endless battles is banned\n|rule|HP Percentage Mod: HP is shown in percentages\n|clearpoke\n|poke|p1|Slowking, M|\n|poke|p1|Zoroark-Hisui, M|\n|poke|p1|Okidogi, M|\n|poke|p1|Appletun, F|\n|poke|p1|Weavile, F|\n|poke|p1|Iron Treads|\n|poke|p2|Ninetales-Alola, F|\n|poke|p2|Roaring Moon|\n|poke|p2|Dondozo, F|\n|poke|p2|Manaphy|\n|poke|p2|Glimmora, M|\n|poke|p2|Infernape, M|\n|teampreview\n|j| DisloyalWB\n|c|\u2606JaxxUwwU|i am\n|c|\u2606JaxxUwwU|so scared\n|c|\u2606JaxxUwwU|lmfao\n|c|\u2606WishNM|GLHF\n|c|\u2606JaxxUwwU|tyu2\n|\n|t:|1698802017\n|start\n|switch|p1a: Iron Treads|Iron Treads|100\/100\n|switch|p2a: Roaring Moon|Roaring Moon|100\/100\n|turn|1\n|\n|t:|1698802052\n|move|p2a: Roaring Moon|Earthquake|p1a: Iron Treads\n|-damage|p1a: Iron Treads|5\/100\n|replace|p1a: Zoroark|Zoroark-Hisui, M, shiny\n|-end|p1a: Zoroark|Illusion\n|move|p1a: Zoroark|Will-O-Wisp|p2a: Roaring Moon\n|-status|p2a: Roaring Moon|brn\n|\n|-heal|p1a: Zoroark|11\/100|[from] item: Leftovers\n|-damage|p2a: Roaring Moon|95\/100 brn|[from] brn\n|upkeep\n|turn|2\n|\n|t:|1698802100\n|switch|p1a: Appletun|Appletun, F|100\/100\n|move|p2a: Roaring Moon|Earthquake|p1a: Appletun\n|-resisted|p1a: Appletun\n|-damage|p1a: Appletun|92\/100\n|\n|-damage|p2a: Roaring Moon|89\/100 brn|[from] brn\n|upkeep\n|turn|3\n|\n|t:|1698802205\n|-end|p2a: Roaring Moon|Protosynthesis|[silent]\n|switch|p2a: Dondozo|Dondozo, F|100\/100\n|move|p1a: Appletun|Body Press|p2a: Dondozo\n|-damage|p2a: Dondozo|86\/100\n|\n|upkeep\n|turn|4\n|\n|t:|1698802213\n|move|p2a: Dondozo|Yawn|p1a: Appletun\n|-start|p1a: Appletun|move: Yawn|[of] p2a: Dondozo\n|move|p1a: Appletun|Apple Acid|p2a: Dondozo\n|-supereffective|p2a: Dondozo\n|-damage|p2a: Dondozo|46\/100\n|-unboost|p2a: Dondozo|spd|1\n|\n|upkeep\n|turn|5\n|\n|t:|1698802228\n|switch|p2a: Ninetales|Ninetales-Alola, F|100\/100\n|-weather|Snow|[from] ability: Snow Warning|[of] p2a: Ninetales\n|switch|p1a: Iron Treads|Iron Treads|11\/100\n|\n|-weather|Snow|[upkeep]\n|-heal|p1a: Iron Treads|17\/100|[from] item: Leftovers\n|upkeep\n|turn|6\n|\n|t:|1698802261\n|switch|p2a: Manaphy|Manaphy|100\/100\n|move|p1a: Iron Treads|Taunt|p2a: Manaphy\n|-start|p2a: Manaphy|move: Taunt\n|\n|-weather|Snow|[upkeep]\n|-heal|p1a: Iron Treads|23\/100|[from] item: Leftovers\n|upkeep\n|turn|7\n|\n|t:|1698802282\n|switch|p1a: Okidogi|Okidogi, M|100\/100\n|move|p2a: Manaphy|Energy Ball|p1a: Okidogi\n|-resisted|p1a: Okidogi\n|-damage|p1a: Okidogi|91\/100\n|-unboost|p1a: Okidogi|spd|1\n|\n|-weather|Snow|[upkeep]\n|upkeep\n|turn|8\n|\n|t:|1698802306\n|move|p2a: Manaphy|Surf|p1a: Okidogi\n|-damage|p1a: Okidogi|46\/100\n|move|p1a: Okidogi|Knock Off|p2a: Manaphy\n|-damage|p2a: Manaphy|65\/100\n|-status|p2a: Manaphy|tox|[from] ability: Toxic Chain|[of] p1a: Okidogi\n|-enditem|p2a: Manaphy|Leftovers|[from] move: Knock Off|[of] p1a: Okidogi\n|\n|-weather|Snow|[upkeep]\n|-damage|p2a: Manaphy|59\/100 tox|[from] psn\n|-end|p2a: Manaphy|move: Taunt\n|upkeep\n|turn|9\n|\n|t:|1698802322\n|switch|p1a: Appletun|Appletun, F|92\/100\n|move|p2a: Manaphy|Surf|p1a: Appletun\n|-resisted|p1a: Appletun\n|-damage|p1a: Appletun|85\/100\n|\n|-weather|none\n|-damage|p2a: Manaphy|46\/100 tox|[from] psn\n|upkeep\n|turn|10\n|\n|t:|1698802331\n|-terastallize|p1a: Appletun|Steel\n|move|p2a: Manaphy|Ice Beam|p1a: Appletun\n|-resisted|p1a: Appletun\n|-damage|p1a: Appletun|80\/100\n|move|p1a: Appletun|Giga Drain|p2a: Manaphy\n|-supereffective|p2a: Manaphy\n|-damage|p2a: Manaphy|4\/100 tox\n|-heal|p1a: Appletun|97\/100|[from] drain|[of] p2a: Manaphy\n|\n|-damage|p2a: Manaphy|0 fnt|[from] psn\n|faint|p2a: Manaphy\n|upkeep\n|\n|t:|1698802396\n|switch|p2a: Roaring Moon|Roaring Moon|89\/100 brn\n|turn|11\n|j| ThePlumber7\n|\n|t:|1698802424\n|move|p2a: Roaring Moon|Knock Off|p1a: Appletun\n|-damage|p1a: Appletun|70\/100\n|-enditem|p1a: Appletun|Assault Vest|[from] move: Knock Off|[of] p2a: Roaring Moon\n|move|p1a: Appletun|Body Press|p2a: Roaring Moon\n|-supereffective|p2a: Roaring Moon\n|-damage|p2a: Roaring Moon|35\/100 brn\n|\n|-damage|p2a: Roaring Moon|29\/100 brn|[from] brn\n|upkeep\n|turn|12\n|l| ThePlumber7\n|\n|t:|1698802499\n|move|p2a: Roaring Moon|Knock Off|p1a: Appletun\n|-crit|p1a: Appletun\n|-damage|p1a: Appletun|42\/100\n|move|p1a: Appletun|Tera Blast|p2a: Roaring Moon|[anim] Tera Blast Steel\n|-damage|p2a: Roaring Moon|3\/100 brn\n|\n|-damage|p2a: Roaring Moon|0 fnt|[from] brn\n|faint|p2a: Roaring Moon\n|-end|p2a: Roaring Moon|Protosynthesis|[silent]\n|upkeep\n|\n|t:|1698802507\n|switch|p2a: Infernape|Infernape, M|100\/100\n|turn|13\n|\n|t:|1698802513\n|switch|p1a: Slowking|Slowking, M|100\/100\n|move|p2a: Infernape|Fire Punch|p1a: Slowking\n|-resisted|p1a: Slowking\n|-damage|p1a: Slowking|75\/100\n|-damage|p2a: Infernape|91\/100|[from] item: Life Orb\n|\n|upkeep\n|turn|14\n|\n|t:|1698802557\n|switch|p1a: Iron Treads|Iron Treads|100\/100\n|move|p2a: Infernape|Knock Off|p1a: Iron Treads\n|-damage|p1a: Iron Treads|69\/100\n|-enditem|p1a: Iron Treads|Assault Vest|[from] move: Knock Off|[of] p2a: Infernape\n|-damage|p2a: Infernape|81\/100|[from] item: Life Orb\n|\n|upkeep\n|turn|15\n|\n|t:|1698802586\n|-end|p1a: Iron Treads|Quark Drive|[silent]\n|switch|p1a: Slowking|Slowking, M|100\/100\n|move|p2a: Infernape|Fire Punch|p1a: Slowking\n|-resisted|p1a: Slowking\n|-damage|p1a: Slowking|74\/100\n|-damage|p2a: Infernape|71\/100|[from] item: Life Orb\n|\n|upkeep\n|turn|16\n|\n|t:|1698802596\n|switch|p2a: Ninetales|Ninetales-Alola, F|100\/100\n|-weather|Snow|[from] ability: Snow Warning|[of] p2a: Ninetales\n|move|p1a: Slowking|Psychic|p2a: Ninetales\n|-damage|p2a: Ninetales|70\/100\n|\n|-weather|Snow|[upkeep]\n|upkeep\n|turn|17\n|\n|t:|1698802606\n|move|p2a: Ninetales|Aurora Veil|p2a: Ninetales\n|-sidestart|p2: JaxxUwwU|move: Aurora Veil\n|move|p1a: Slowking|Chilly Reception|p1a: Slowking\n|\n|t:|1698802615\n|switch|p1a: Iron Treads|Iron Treads|69\/100|[from] Chilly Reception\n|\n|-weather|Snow|[upkeep]\n|upkeep\n|turn|18\n|\n|t:|1698802631\n|move|p2a: Ninetales|Hypnosis|p1a: Iron Treads\n|-status|p1a: Iron Treads|slp|[from] move: Hypnosis\n|cant|p1a: Iron Treads|slp\n|\n|-weather|Snow|[upkeep]\n|upkeep\n|turn|19\n|\n|t:|1698802640\n|switch|p2a: Glimmora|Glimmora, M|100\/100\n|-end|p1a: Iron Treads|Quark Drive|[silent]\n|switch|p1a: Appletun|Appletun, F, tera:Steel|42\/100\n|\n|-weather|Snow|[upkeep]\n|upkeep\n|turn|20\n|\n|t:|1698802656\n|switch|p1a: Iron Treads|Iron Treads|69\/100 slp\n|move|p2a: Glimmora|Earth Power|p1a: Iron Treads\n|-supereffective|p1a: Iron Treads\n|-damage|p1a: Iron Treads|0 fnt\n|faint|p1a: Iron Treads\n|-end|p1a: Iron Treads|Quark Drive|[silent]\n|\n|-weather|none\n|upkeep\n|\n|t:|1698802679\n|switch|p1a: Slowking|Slowking, M|100\/100\n|turn|21\n|\n|t:|1698802709\n|switch|p2a: Ninetales|Ninetales-Alola, F|70\/100\n|-weather|Snow|[from] ability: Snow Warning|[of] p2a: Ninetales\n|move|p1a: Slowking|Brick Break|p2a: Ninetales\n|-sideend|p2: JaxxUwwU|move: Aurora Veil\n|-damage|p2a: Ninetales|60\/100\n|\n|-weather|Snow|[upkeep]\n|upkeep\n|turn|22\n|\n|t:|1698802743\n|switch|p1a: Weavile|Weavile, F|23\/100\n|move|p2a: Ninetales|Blizzard|p1a: Weavile\n|-damage|p1a: Weavile|0 fnt\n|replace|p1a: Zoroark|Zoroark-Hisui, M, shiny\n|-end|p1a: Zoroark|Illusion\n|faint|p1a: Zoroark\n|\n|-weather|Snow|[upkeep]\n|upkeep\n|\n|t:|1698802753\n|switch|p1a: Okidogi|Okidogi, M|46\/100\n|turn|23\n|\n|t:|1698802770\n|move|p2a: Ninetales|Extrasensory|p1a: Okidogi\n|-supereffective|p1a: Okidogi\n|-damage|p1a: Okidogi|5\/100\n|move|p1a: Okidogi|Drain Punch|p2a: Ninetales\n|-damage|p2a: Ninetales|26\/100\n|-heal|p1a: Okidogi|20\/100|[from] drain|[of] p2a: Ninetales\n|\n|-weather|Snow|[upkeep]\n|upkeep\n|turn|24\n|\n|t:|1698802782\n|switch|p1a: Weavile|Weavile, F|100\/100\n|-ability|p1a: Weavile|Pressure\n|move|p2a: Ninetales|Extrasensory|p1a: Weavile\n|-immune|p1a: Weavile\n|\n|-weather|Snow|[upkeep]\n|upkeep\n|turn|25\n|\n|t:|1698802797\n|move|p1a: Weavile|Knock Off|p2a: Ninetales\n|-resisted|p2a: Ninetales\n|-damage|p2a: Ninetales|8\/100\n|-enditem|p2a: Ninetales|Light Clay|[from] move: Knock Off|[of] p1a: Weavile\n|move|p2a: Ninetales|Aurora Veil|p2a: Ninetales\n|-sidestart|p2: JaxxUwwU|move: Aurora Veil\n|\n|-weather|none\n|upkeep\n|turn|26\n|\n|t:|1698802810\n|switch|p2a: Dondozo|Dondozo, F|46\/100\n|move|p1a: Weavile|Knock Off|p2a: Dondozo\n|-damage|p2a: Dondozo|32\/100\n|-enditem|p2a: Dondozo|Chesto Berry|[from] move: Knock Off|[of] p1a: Weavile\n|\n|upkeep\n|turn|27\n|\n|t:|1698802826\n|switch|p1a: Slowking|Slowking, M|100\/100\n|move|p2a: Dondozo|Yawn|p1a: Slowking\n|-start|p1a: Slowking|move: Yawn|[of] p2a: Dondozo\n|\n|upkeep\n|turn|28\n|\n|t:|1698802843\n|move|p2a: Dondozo|Rest|p2a: Dondozo\n|-status|p2a: Dondozo|slp|[from] move: Rest\n|-heal|p2a: Dondozo|100\/100 slp|[silent]\n|move|p1a: Slowking|Chilly Reception|p1a: Slowking\n|-weather|Snow\n|\n|t:|1698802849\n|switch|p1a: Appletun|Appletun, F, tera:Steel|42\/100|[from] Chilly Reception\n|\n|-weather|Snow|[upkeep]\n|upkeep\n|turn|29\n|\n|t:|1698802870\n|cant|p2a: Dondozo|slp\n|move|p1a: Appletun|Giga Drain|p2a: Dondozo\n|-supereffective|p2a: Dondozo\n|-damage|p2a: Dondozo|83\/100 slp\n|-heal|p1a: Appletun|51\/100|[from] drain|[of] p2a: Dondozo\n|\n|-weather|Snow|[upkeep]\n|-sideend|p2: JaxxUwwU|move: Aurora Veil\n|upkeep\n|turn|30\n|\n|t:|1698802877\n|cant|p2a: Dondozo|slp\n|move|p1a: Appletun|Giga Drain|p2a: Dondozo\n|-supereffective|p2a: Dondozo\n|-damage|p2a: Dondozo|49\/100 slp\n|-heal|p1a: Appletun|71\/100|[from] drain|[of] p2a: Dondozo\n|\n|-weather|Snow|[upkeep]\n|upkeep\n|turn|31\n|\n|t:|1698802894\n|-curestatus|p2a: Dondozo|slp|[msg]\n|move|p2a: Dondozo|Yawn|p1a: Appletun\n|-start|p1a: Appletun|move: Yawn|[of] p2a: Dondozo\n|move|p1a: Appletun|Apple Acid|p2a: Dondozo\n|-supereffective|p2a: Dondozo\n|-damage|p2a: Dondozo|14\/100\n|-unboost|p2a: Dondozo|spd|1\n|\n|-weather|Snow|[upkeep]\n|upkeep\n|turn|32\n|\n|t:|1698802916\n|switch|p1a: Slowking|Slowking, M|100\/100\n|move|p2a: Dondozo|Rest|p2a: Dondozo\n|-status|p2a: Dondozo|slp|[from] move: Rest\n|-heal|p2a: Dondozo|100\/100 slp|[silent]\n|\n|-weather|none\n|upkeep\n|turn|33\n|\n|t:|1698802948\n|cant|p2a: Dondozo|slp\n|move|p1a: Slowking|Grass Knot|p2a: Dondozo\n|-supereffective|p2a: Dondozo\n|-damage|p2a: Dondozo|41\/100 slp\n|\n|upkeep\n|turn|34\n|\n|t:|1698802958\n|cant|p2a: Dondozo|slp\n|move|p1a: Slowking|Psychic|p2a: Dondozo\n|-crit|p2a: Dondozo\n|-damage|p2a: Dondozo|0 fnt\n|faint|p2a: Dondozo\n|\n|upkeep\n|\n|t:|1698802963\n|switch|p2a: Ninetales|Ninetales-Alola, F|8\/100\n|-weather|Snow|[from] ability: Snow Warning|[of] p2a: Ninetales\n|turn|35\n|\n|t:|1698802968\n|move|p2a: Ninetales|Aurora Veil|p2a: Ninetales\n|-sidestart|p2: JaxxUwwU|move: Aurora Veil\n|move|p1a: Slowking|Brick Break|p2a: Ninetales\n|-sideend|p2: JaxxUwwU|move: Aurora Veil\n|-damage|p2a: Ninetales|0 fnt\n|faint|p2a: Ninetales\n|\n|-weather|Snow|[upkeep]\n|upkeep\n|\n|t:|1698802979\n|switch|p2a: Glimmora|Glimmora, M|100\/100\n|turn|36\n|\n|t:|1698803039\n|move|p2a: Glimmora|Earth Power|p1a: Slowking\n|-damage|p1a: Slowking|80\/100\n|move|p1a: Slowking|Psychic|p2a: Glimmora\n|-supereffective|p2a: Glimmora\n|-damage|p2a: Glimmora|26\/100\n|\n|-weather|Snow|[upkeep]\n|upkeep\n|turn|37\n|\n|t:|1698803045\n|move|p2a: Glimmora|Earth Power|p1a: Slowking\n|-damage|p1a: Slowking|60\/100\n|move|p1a: Slowking|Psychic|p2a: Glimmora\n|-supereffective|p2a: Glimmora\n|-damage|p2a: Glimmora|0 fnt\n|faint|p2a: Glimmora\n|\n|-weather|Snow|[upkeep]\n|upkeep\n|\n|t:|1698803052\n|switch|p2a: Infernape|Infernape, M|71\/100\n|turn|38\n|\n|t:|1698803089\n|move|p2a: Infernape|Fire Punch|p1a: Slowking\n|-resisted|p1a: Slowking\n|-damage|p1a: Slowking|35\/100\n|-damage|p2a: Infernape|61\/100|[from] item: Life Orb\n|move|p1a: Slowking|Psychic|p2a: Infernape\n|-supereffective|p2a: Infernape\n|-damage|p2a: Infernape|0 fnt\n|faint|p2a: Infernape\n|\n|win|WishNM\n|c|\u2606JaxxUwwU|gg\n|c|\u2606WishNM|ggwp\n|l| DisloyalWB\n","uploadtime":1698803132,"views":31,"p1id":"wishnm","p2id":"jaxxuwwu","formatid":"gen9ubers","rating":0,"private":0,"password":""}