{"id":"gen9ubers-1968514088","p1":"something482","p2":"BlackAceX19","format":"[Gen 9] Ubers","log":"|j|\u2606something482\n|j|\u2606BlackAceX19\n|t:|1697427021\n|gametype|singles\n|player|p1|something482|victor|\n|player|p2|BlackAceX19|wally-masters|\n|teamsize|p1|6\n|teamsize|p2|6\n|gen|9\n|tier|[Gen 9] Ubers\n|rule|Sleep Clause Mod: Limit one foe put to sleep\n|rule|Species Clause: Limit one of each Pok\u00e9mon\n|rule|OHKO Clause: OHKO moves are banned\n|rule|Evasion Items Clause: Evasion items are banned\n|rule|Evasion Moves Clause: Evasion moves are banned\n|rule|Endless Battle Clause: Forcing endless battles is banned\n|rule|HP Percentage Mod: HP is shown in percentages\n|clearpoke\n|poke|p1|Chien-Pao|\n|poke|p1|Cinderace, M|\n|poke|p1|Dragapult, M|\n|poke|p1|Manaphy|\n|poke|p1|Gholdengo|\n|poke|p1|Pawmot, F|\n|poke|p2|Amoonguss, M|\n|poke|p2|Iron Bundle|\n|poke|p2|Kommo-o, M|\n|poke|p2|Infernape, M|\n|poke|p2|Ninetales-Alola, M|\n|poke|p2|Garganacl, M|\n|teampreview\n|c|\u2606something482|gl hf!\n|j| Smoocheh\n|l| Smoocheh\n|j| ampharosaunt11\n|j| Smoocheh\n|j| Willish6634\n|c| Smoocheh|Interesting\n|c|\u2606something482|great game last one too! the sheet i had eneded up being outdated after refresh, so my prep for infernape was not there XD\n|c|\u2606BlackAceX19|i had the wrong bundle\n|c|\u2606something482|oh no\n|\n|t:|1697427118\n|start\n|switch|p1a: prince|Manaphy|100\/100\n|switch|p2a: Shara Ishvalda|Garganacl, M|100\/100\n|turn|1\n|\n|t:|1697427127\n|move|p1a: prince|Acid Armor|p1a: prince\n|-boost|p1a: prince|def|2\n|move|p2a: Shara Ishvalda|Salt Cure|p1a: prince\n|-damage|p1a: prince|95\/100\n|-start|p1a: prince|Salt Cure\n|\n|-heal|p1a: prince|100\/100|[from] item: Leftovers\n|-damage|p1a: prince|75\/100|[from] Salt Cure\n|upkeep\n|turn|2\n|\n|t:|1697427143\n|switch|p1a: Pawmot|Pawmot, F|100\/100\n|move|p2a: Shara Ishvalda|Stealth Rock|p1a: Pawmot\n|-sidestart|p1: something482|move: Stealth Rock\n|\n|upkeep\n|turn|3\n|\n|t:|1697427152\n|switch|p2a: Amoonguss|Amoonguss, M, shiny|100\/100\n|move|p1a: Pawmot|Knock Off|p2a: Amoonguss\n|-damage|p2a: Amoonguss|78\/100\n|-damage|p1a: Pawmot|84\/100|[from] item: Rocky Helmet|[of] p2a: Amoonguss\n|-enditem|p2a: Amoonguss|Rocky Helmet|[from] move: Knock Off|[of] p1a: Pawmot\n|\n|upkeep\n|turn|4\n|\n|t:|1697427180\n|move|p1a: Pawmot|Double Shock|p2a: Amoonguss\n|-resisted|p2a: Amoonguss\n|-damage|p2a: Amoonguss|59\/100\n|-start|p1a: Pawmot|typechange|???\/Fighting|[from] move: Double Shock\n|move|p2a: Amoonguss|Spore|p1a: Pawmot\n|-status|p1a: Pawmot|slp|[from] move: Spore\n|\n|upkeep\n|turn|5\n|\n|t:|1697427188\n|switch|p1a: Nyoom|Dragapult, M, shiny|100\/100\n|-damage|p1a: Nyoom|88\/100|[from] Stealth Rock\n|switch|p2a: Khione|Ninetales-Alola, M|100\/100\n|-weather|Snow|[from] ability: Snow Warning|[of] p2a: Khione\n|\n|-weather|Snow|[upkeep]\n|-heal|p1a: Nyoom|94\/100|[from] item: Leftovers\n|upkeep\n|turn|6\n|\n|t:|1697427202\n|switch|p1a: Mercury|Cinderace, M, shiny|100\/100\n|-damage|p1a: Mercury|76\/100|[from] Stealth Rock\n|move|p2a: Khione|Aurora Veil|p2a: Khione\n|-sidestart|p2: BlackAceX19|move: Aurora Veil\n|\n|-weather|Snow|[upkeep]\n|upkeep\n|turn|7\n|\n|t:|1697427212\n|move|p1a: Mercury|Court Change|p1a: Mercury\n|-start|p1a: Mercury|typechange|Normal|[from] ability: Libero\n|-swapsideconditions\n|-activate|p1a: Mercury|move: Court Change\n|move|p2a: Khione|Encore|p1a: Mercury\n|-start|p1a: Mercury|Encore\n|\n|-weather|Snow|[upkeep]\n|upkeep\n|turn|8\n|\n|t:|1697427225\n|switch|p1a: prince|Manaphy|75\/100\n|switch|p2a: Shara Ishvalda|Garganacl, M|100\/100\n|-damage|p2a: Shara Ishvalda|88\/100|[from] Stealth Rock\n|\n|-weather|Snow|[upkeep]\n|-heal|p1a: prince|82\/100|[from] item: Leftovers\n|-heal|p2a: Shara Ishvalda|94\/100|[from] item: Leftovers\n|upkeep\n|turn|9\n|\n|t:|1697427238\n|-terastallize|p2a: Shara Ishvalda|Water\n|move|p1a: prince|Scald|p2a: Shara Ishvalda\n|-resisted|p2a: Shara Ishvalda\n|-damage|p2a: Shara Ishvalda|86\/100\n|move|p2a: Shara Ishvalda|Stealth Rock|p1a: prince\n|-sidestart|p1: something482|move: Stealth Rock\n|\n|-weather|none\n|-heal|p1a: prince|88\/100|[from] item: Leftovers\n|-heal|p2a: Shara Ishvalda|92\/100|[from] item: Leftovers\n|upkeep\n|turn|10\n|\n|t:|1697427247\n|switch|p1a: Pawmot|Pawmot, F|84\/100 slp\n|-damage|p1a: Pawmot|78\/100 slp|[from] Stealth Rock\n|move|p2a: Shara Ishvalda|Salt Cure|p1a: Pawmot\n|-resisted|p1a: Pawmot\n|-damage|p1a: Pawmot|73\/100 slp\n|-start|p1a: Pawmot|Salt Cure\n|\n|-heal|p2a: Shara Ishvalda|98\/100|[from] item: Leftovers\n|-damage|p1a: Pawmot|60\/100 slp|[from] Salt Cure\n|upkeep\n|turn|11\n|\n|t:|1697427255\n|cant|p1a: Pawmot|slp\n|move|p2a: Shara Ishvalda|Body Press|p1a: Pawmot\n|-damage|p1a: Pawmot|41\/100 slp\n|\n|-heal|p2a: Shara Ishvalda|100\/100|[from] item: Leftovers\n|-damage|p1a: Pawmot|28\/100 slp|[from] Salt Cure\n|upkeep\n|turn|12\n|\n|t:|1697427266\n|switch|p1a: DaveNBusters|Gholdengo|100\/100\n|-damage|p1a: DaveNBusters|94\/100|[from] Stealth Rock\n|switch|p2a: Khione|Ninetales-Alola, M|100\/100\n|-damage|p2a: Khione|76\/100|[from] Stealth Rock\n|-weather|Snow|[from] ability: Snow Warning|[of] p2a: Khione\n|\n|-weather|Snow|[upkeep]\n|-heal|p1a: DaveNBusters|100\/100|[from] item: Leftovers\n|upkeep\n|turn|13\n|\n|t:|1697427279\n|move|p2a: Khione|Aurora Veil|p2a: Khione\n|-sidestart|p2: BlackAceX19|move: Aurora Veil\n|move|p1a: DaveNBusters|Make It Rain|p2a: Khione\n|-supereffective|p2a: Khione\n|-damage|p2a: Khione|0 fnt\n|-unboost|p1a: DaveNBusters|spa|1\n|faint|p2a: Khione\n|\n|-weather|Snow|[upkeep]\n|-sideend|p1: something482|move: Aurora Veil\n|upkeep\n|\n|t:|1697427284\n|switch|p2a: Passione|Kommo-o, M|100\/100\n|turn|14\n|\n|t:|1697427300\n|switch|p1a: Nyoom|Dragapult, M, shiny|94\/100\n|-damage|p1a: Nyoom|82\/100|[from] Stealth Rock\n|move|p2a: Passione|Clangorous Soul|p2a: Passione\n|-boost|p2a: Passione|atk|1\n|-boost|p2a: Passione|def|1\n|-boost|p2a: Passione|spa|1\n|-boost|p2a: Passione|spd|1\n|-boost|p2a: Passione|spe|1\n|-damage|p2a: Passione|68\/100\n|\n|-weather|Snow|[upkeep]\n|-heal|p1a: Nyoom|88\/100|[from] item: Leftovers\n|upkeep\n|turn|15\n|\n|t:|1697427337\n|-terastallize|p1a: Nyoom|Steel\n|move|p2a: Passione|Shadow Claw|p1a: Nyoom\n|-damage|p1a: Nyoom|52\/100\n|move|p1a: Nyoom|Dragon Dance|p1a: Nyoom\n|-boost|p1a: Nyoom|atk|1\n|-boost|p1a: Nyoom|spe|1\n|\n|-weather|Snow|[upkeep]\n|-heal|p1a: Nyoom|58\/100|[from] item: Leftovers\n|upkeep\n|turn|16\n|\n|t:|1697427357\n|move|p1a: Nyoom|Dragon Darts|p2a: Passione\n|-supereffective|p2a: Passione\n|-damage|p2a: Passione|26\/100\n|-anim|p1a: Nyoom|Dragon Darts|p2a: Passione\n|-supereffective|p2a: Passione\n|-damage|p2a: Passione|0 fnt\n|faint|p2a: Passione\n|\n|-weather|none\n|-heal|p1a: Nyoom|64\/100|[from] item: Leftovers\n|upkeep\n|\n|t:|1697427366\n|switch|p2a: Shara Ishvalda|Garganacl, M, tera:Water|100\/100\n|-damage|p2a: Shara Ishvalda|88\/100|[from] Stealth Rock\n|turn|17\n|\n|t:|1697427372\n|move|p1a: Nyoom|Substitute|p1a: Nyoom\n|-start|p1a: Nyoom|Substitute\n|-damage|p1a: Nyoom|39\/100\n|move|p2a: Shara Ishvalda|Salt Cure|p1a: Nyoom\n|-resisted|p1a: Nyoom\n|-activate|p1a: Nyoom|move: Substitute|[damage]\n|\n|-heal|p1a: Nyoom|45\/100|[from] item: Leftovers\n|-heal|p2a: Shara Ishvalda|94\/100|[from] item: Leftovers\n|upkeep\n|turn|18\n|\n|t:|1697427382\n|move|p1a: Nyoom|Dragon Dance|p1a: Nyoom\n|-boost|p1a: Nyoom|atk|1\n|-boost|p1a: Nyoom|spe|1\n|move|p2a: Shara Ishvalda|Salt Cure|p1a: Nyoom\n|-resisted|p1a: Nyoom\n|-activate|p1a: Nyoom|move: Substitute|[damage]\n|\n|-heal|p1a: Nyoom|51\/100|[from] item: Leftovers\n|-heal|p2a: Shara Ishvalda|100\/100|[from] item: Leftovers\n|upkeep\n|turn|19\n|\n|t:|1697427392\n|move|p1a: Nyoom|Dragon Dance|p1a: Nyoom\n|-boost|p1a: Nyoom|atk|1\n|-boost|p1a: Nyoom|spe|1\n|move|p2a: Shara Ishvalda|Body Press|p1a: Nyoom\n|-supereffective|p1a: Nyoom\n|-crit|p1a: Nyoom\n|-end|p1a: Nyoom|Substitute\n|\n|-heal|p1a: Nyoom|57\/100|[from] item: Leftovers\n|upkeep\n|turn|20\n|\n|t:|1697427429\n|move|p1a: Nyoom|Substitute|p1a: Nyoom\n|-start|p1a: Nyoom|Substitute\n|-damage|p1a: Nyoom|32\/100\n|move|p2a: Shara Ishvalda|Body Press|p1a: Nyoom\n|-supereffective|p1a: Nyoom\n|-end|p1a: Nyoom|Substitute\n|\n|-heal|p1a: Nyoom|38\/100|[from] item: Leftovers\n|-sideend|p2: BlackAceX19|move: Aurora Veil\n|upkeep\n|turn|21\n|\n|t:|1697427457\n|move|p1a: Nyoom|Dragon Darts|p2a: Shara Ishvalda\n|-damage|p2a: Shara Ishvalda|69\/100\n|-anim|p1a: Nyoom|Dragon Darts|p2a: Shara Ishvalda\n|-damage|p2a: Shara Ishvalda|36\/100\n|move|p2a: Shara Ishvalda|Body Press|p1a: Nyoom\n|-supereffective|p1a: Nyoom\n|-damage|p1a: Nyoom|0 fnt\n|faint|p1a: Nyoom\n|\n|-heal|p2a: Shara Ishvalda|42\/100|[from] item: Leftovers\n|upkeep\n|\n|t:|1697427473\n|switch|p1a: DaveNBusters|Gholdengo|100\/100\n|-damage|p1a: DaveNBusters|94\/100|[from] Stealth Rock\n|turn|22\n|\n|t:|1697427478\n|move|p1a: DaveNBusters|Make It Rain|p2a: Shara Ishvalda\n|-resisted|p2a: Shara Ishvalda\n|-damage|p2a: Shara Ishvalda|22\/100\n|-unboost|p1a: DaveNBusters|spa|1\n|move|p2a: Shara Ishvalda|Salt Cure|p1a: DaveNBusters\n|-resisted|p1a: DaveNBusters\n|-damage|p1a: DaveNBusters|88\/100\n|-start|p1a: DaveNBusters|Salt Cure\n|\n|-heal|p1a: DaveNBusters|94\/100|[from] item: Leftovers\n|-heal|p2a: Shara Ishvalda|28\/100|[from] item: Leftovers\n|-damage|p1a: DaveNBusters|69\/100|[from] Salt Cure\n|upkeep\n|turn|23\n|\n|t:|1697427490\n|switch|p1a: Pawmot|Pawmot, F|28\/100 slp\n|-damage|p1a: Pawmot|22\/100 slp|[from] Stealth Rock\n|move|p2a: Shara Ishvalda|Recover|p2a: Shara Ishvalda\n|-heal|p2a: Shara Ishvalda|78\/100\n|\n|-heal|p2a: Shara Ishvalda|84\/100|[from] item: Leftovers\n|upkeep\n|turn|24\n|\n|t:|1697427498\n|cant|p1a: Pawmot|slp\n|move|p2a: Shara Ishvalda|Salt Cure|p1a: Pawmot\n|-resisted|p1a: Pawmot\n|-damage|p1a: Pawmot|12\/100 slp\n|-start|p1a: Pawmot|Salt Cure\n|\n|-heal|p2a: Shara Ishvalda|91\/100|[from] item: Leftovers\n|-damage|p1a: Pawmot|0 fnt|[from] Salt Cure\n|faint|p1a: Pawmot\n|upkeep\n|\n|t:|1697427507\n|switch|p1a: prince|Manaphy|88\/100\n|-damage|p1a: prince|75\/100|[from] Stealth Rock\n|turn|25\n|\n|t:|1697427515\n|move|p1a: prince|Take Heart|p1a: prince\n|-boost|p1a: prince|spa|1\n|-boost|p1a: prince|spd|1\n|move|p2a: Shara Ishvalda|Salt Cure|p1a: prince\n|-damage|p1a: prince|65\/100\n|-start|p1a: prince|Salt Cure\n|\n|-heal|p1a: prince|71\/100|[from] item: Leftovers\n|-heal|p2a: Shara Ishvalda|97\/100|[from] item: Leftovers\n|-damage|p1a: prince|46\/100|[from] Salt Cure\n|upkeep\n|turn|26\n|\n|t:|1697427526\n|move|p1a: prince|Scald|p2a: Shara Ishvalda\n|-resisted|p2a: Shara Ishvalda\n|-damage|p2a: Shara Ishvalda|84\/100\n|move|p2a: Shara Ishvalda|Body Press|p1a: prince\n|-crit|p1a: prince\n|-damage|p1a: prince|18\/100\n|\n|-heal|p1a: prince|24\/100|[from] item: Leftovers\n|-heal|p2a: Shara Ishvalda|90\/100|[from] item: Leftovers\n|-damage|p1a: prince|0 fnt|[from] Salt Cure\n|faint|p1a: prince\n|upkeep\n|c|\u2606something482|dang, didnt expect recover, rough game for me XD definitely wasnt stoked going in this week\n|\n|t:|1697427556\n|switch|p1a: DaveNBusters|Gholdengo|69\/100\n|-damage|p1a: DaveNBusters|63\/100|[from] Stealth Rock\n|turn|27\n|\n|t:|1697427563\n|move|p1a: DaveNBusters|Nasty Plot|p1a: DaveNBusters\n|-boost|p1a: DaveNBusters|spa|2\n|move|p2a: Shara Ishvalda|Salt Cure|p1a: DaveNBusters\n|-resisted|p1a: DaveNBusters\n|-damage|p1a: DaveNBusters|57\/100\n|-start|p1a: DaveNBusters|Salt Cure\n|\n|-heal|p1a: DaveNBusters|63\/100|[from] item: Leftovers\n|-heal|p2a: Shara Ishvalda|97\/100|[from] item: Leftovers\n|-damage|p1a: DaveNBusters|38\/100|[from] Salt Cure\n|upkeep\n|turn|28\n|c|\u2606BlackAceX19|your team is a nightmare\n|\n|t:|1697427575\n|move|p1a: DaveNBusters|Make It Rain|p2a: Shara Ishvalda\n|-resisted|p2a: Shara Ishvalda\n|-damage|p2a: Shara Ishvalda|58\/100\n|-unboost|p1a: DaveNBusters|spa|1\n|move|p2a: Shara Ishvalda|Salt Cure|p1a: DaveNBusters\n|-resisted|p1a: DaveNBusters\n|-damage|p1a: DaveNBusters|32\/100\n|\n|-heal|p1a: DaveNBusters|38\/100|[from] item: Leftovers\n|-heal|p2a: Shara Ishvalda|64\/100|[from] item: Leftovers\n|-damage|p1a: DaveNBusters|13\/100|[from] Salt Cure\n|upkeep\n|turn|29\n|c|\u2606something482|i just feel like im not using it to it's fullest\n|\n|t:|1697427614\n|move|p1a: DaveNBusters|Make It Rain|p2a: Shara Ishvalda\n|-resisted|p2a: Shara Ishvalda\n|-damage|p2a: Shara Ishvalda|36\/100\n|-unboost|p1a: DaveNBusters|spa|1\n|move|p2a: Shara Ishvalda|Recover|p2a: Shara Ishvalda\n|-heal|p2a: Shara Ishvalda|86\/100\n|\n|-heal|p1a: DaveNBusters|19\/100|[from] item: Leftovers\n|-heal|p2a: Shara Ishvalda|92\/100|[from] item: Leftovers\n|-damage|p1a: DaveNBusters|0 fnt|[from] Salt Cure\n|faint|p1a: DaveNBusters\n|upkeep\n|\n|t:|1697427624\n|switch|p1a: Lion-O|Chien-Pao|100\/100\n|-ability|p1a: Lion-O|Sword of Ruin\n|turn|30\n|\n|t:|1697427637\n|move|p1a: Lion-O|Crunch|p2a: Shara Ishvalda\n|-damage|p2a: Shara Ishvalda|59\/100\n|move|p2a: Shara Ishvalda|Body Press|p1a: Lion-O\n|-supereffective|p1a: Lion-O\n|-damage|p1a: Lion-O|0 fnt\n|faint|p1a: Lion-O\n|\n|-heal|p2a: Shara Ishvalda|66\/100|[from] item: Leftovers\n|upkeep\n|\n|t:|1697427640\n|switch|p1a: Mercury|Cinderace, M, shiny|76\/100\n|-damage|p1a: Mercury|51\/100|[from] Stealth Rock\n|turn|31\n|c|\u2606something482|ggs\n|c|\u2606BlackAceX19|your dragapult could've destroyed me\n|c| ampharosaunt11|stank\n|c|\u2606BlackAceX19|i got lucky\n|\n|t:|1697427652\n|move|p1a: Mercury|Iron Head|p2a: Shara Ishvalda\n|-start|p1a: Mercury|typechange|Steel|[from] ability: Libero\n|-resisted|p2a: Shara Ishvalda\n|-damage|p2a: Shara Ishvalda|48\/100\n|-damage|p1a: Mercury|41\/100|[from] item: Life Orb\n|cant|p2a: Shara Ishvalda|flinch\n|\n|-heal|p2a: Shara Ishvalda|54\/100|[from] item: Leftovers\n|upkeep\n|turn|32\n|c|\u2606something482|i know, i tried to position well, just a bad game for me\n|\n|t:|1697427662\n|move|p1a: Mercury|Iron Head|p2a: Shara Ishvalda\n|-resisted|p2a: Shara Ishvalda\n|-damage|p2a: Shara Ishvalda|39\/100\n|-damage|p1a: Mercury|31\/100|[from] item: Life Orb\n|move|p2a: Shara Ishvalda|Salt Cure|p1a: Mercury\n|-resisted|p1a: Mercury\n|-damage|p1a: Mercury|22\/100\n|-start|p1a: Mercury|Salt Cure\n|\n|-heal|p2a: Shara Ishvalda|45\/100|[from] item: Leftovers\n|-damage|p1a: Mercury|0 fnt|[from] Salt Cure\n|faint|p1a: Mercury\n|\n|win|BlackAceX19\n|upkeep\n|c| ampharosaunt11|finchinator\n","uploadtime":1697427676,"views":17,"p1id":"something482","p2id":"blackacex19","formatid":"gen9ubers","rating":0,"private":0,"password":""}