{"id":"gen9ubers-1998344131","p1":"Noob2024","p2":"deatjr","format":"[Gen 9] Ubers","log":"|j|\u2606Noob2024\n|j|\u2606deatjr\n|t:|1700931796\n|gametype|singles\n|player|p1|Noob2024|acetrainersnow|1180\n|player|p2|deatjr|lance|1152\n|teamsize|p1|6\n|teamsize|p2|6\n|gen|9\n|tier|[Gen 9] Ubers\n|rated|\n|rule|Sleep Clause Mod: Limit one foe put to sleep\n|rule|Species Clause: Limit one of each Pok\u00e9mon\n|rule|OHKO Clause: OHKO moves are banned\n|rule|Evasion Items Clause: Evasion items are banned\n|rule|Evasion Moves Clause: Evasion moves are banned\n|rule|Endless Battle Clause: Forcing endless battles is banned\n|rule|HP Percentage Mod: HP is shown in percentages\n|clearpoke\n|poke|p1|Grafaiai, F|\n|poke|p1|Basculegion, M|\n|poke|p1|Ursaluna-Bloodmoon, M|\n|poke|p1|Corviknight, F|\n|poke|p1|Palafin, F|\n|poke|p1|Kommo-o, F|\n|poke|p2|Rayquaza|\n|poke|p2|Ogerpon-Hearthflame, F|\n|poke|p2|Volcarona, M|\n|poke|p2|Iron Bundle|\n|poke|p2|Zacian-*|\n|poke|p2|Regieleki|\n|teampreview\n|\n|t:|1700931840\n|start\n|switch|p1a: Grafaiai|Grafaiai, F|100\/100\n|switch|p2a: buzzy boi|Volcarona, M|100\/100\n|turn|1\n|\n|t:|1700931848\n|move|p1a: Grafaiai|Toxic|p2a: buzzy boi\n|-status|p2a: buzzy boi|tox\n|move|p2a: buzzy boi|Quiver Dance|p2a: buzzy boi\n|-boost|p2a: buzzy boi|spa|1\n|-boost|p2a: buzzy boi|spd|1\n|-boost|p2a: buzzy boi|spe|1\n|\n|-damage|p2a: buzzy boi|94\/100 tox|[from] psn\n|upkeep\n|turn|2\n|\n|t:|1700931870\n|move|p1a: Grafaiai|Encore|p2a: buzzy boi\n|-start|p2a: buzzy boi|Encore\n|move|p2a: buzzy boi|Quiver Dance|p2a: buzzy boi\n|-boost|p2a: buzzy boi|spa|1\n|-boost|p2a: buzzy boi|spd|1\n|-boost|p2a: buzzy boi|spe|1\n|\n|-damage|p2a: buzzy boi|82\/100 tox|[from] psn\n|upkeep\n|turn|3\n|\n|t:|1700931878\n|move|p1a: Grafaiai|Parting Shot|p2a: buzzy boi\n|-unboost|p2a: buzzy boi|atk|1\n|-unboost|p2a: buzzy boi|spa|1\n|\n|t:|1700931881\n|switch|p1a: Palafin|Palafin, F|100\/100|[from] Parting Shot\n|move|p2a: buzzy boi|Quiver Dance|p2a: buzzy boi\n|-boost|p2a: buzzy boi|spa|1\n|-boost|p2a: buzzy boi|spd|1\n|-boost|p2a: buzzy boi|spe|1\n|\n|-damage|p2a: buzzy boi|64\/100 tox|[from] psn\n|upkeep\n|turn|4\n|c|\u2606deatjr|noooooo\n|c|\u2606deatjr|nooooo\n|c|\u2606deatjr|noooo\n|c|\u2606deatjr|noooo\n|c|\u2606Noob2024|:)\n|\n|t:|1700931894\n|detailschange|p1a: Palafin|Palafin-Hero, F\n|switch|p1a: Grafaiai|Grafaiai, F|100\/100\n|move|p2a: buzzy boi|Quiver Dance|p2a: buzzy boi\n|-boost|p2a: buzzy boi|spa|1\n|-boost|p2a: buzzy boi|spd|1\n|-boost|p2a: buzzy boi|spe|1\n|\n|-damage|p2a: buzzy boi|39\/100 tox|[from] psn\n|-end|p2a: buzzy boi|Encore\n|upkeep\n|turn|5\n|c|\u2606Noob2024|noi que?\n|\n|t:|1700931902\n|move|p1a: Grafaiai|Encore|p2a: buzzy boi\n|-start|p2a: buzzy boi|Encore\n|move|p2a: buzzy boi|Quiver Dance|p2a: buzzy boi\n|-boost|p2a: buzzy boi|spa|1\n|-boost|p2a: buzzy boi|spd|1\n|-boost|p2a: buzzy boi|spe|1\n|\n|-damage|p2a: buzzy boi|9\/100 tox|[from] psn\n|upkeep\n|turn|6\n|c|\u2606Noob2024|xD\n|c|\u2606deatjr|hijo de puta\n|c|\u2606Noob2024|jaja\n|\n|t:|1700931919\n|move|p1a: Grafaiai|Parting Shot|p2a: buzzy boi\n|-unboost|p2a: buzzy boi|atk|1\n|-unboost|p2a: buzzy boi|spa|1\n|c|\u2606Noob2024|facil\n|\n|t:|1700931924\n|switch|p1a: Kommo-o|Kommo-o, F|100\/100|[from] Parting Shot\n|move|p2a: buzzy boi|Quiver Dance|p2a: buzzy boi\n|-boost|p2a: buzzy boi|spa|1\n|-boost|p2a: buzzy boi|spd|1\n|-boost|p2a: buzzy boi|spe|1\n|\n|-damage|p2a: buzzy boi|0 fnt|[from] psn\n|faint|p2a: buzzy boi\n|upkeep\n|\n|t:|1700931930\n|switch|p2a: stabby boi|Zacian-Crowned, shiny|100\/100\n|-ability|p2a: stabby boi|Intrepid Sword|boost\n|-boost|p2a: stabby boi|atk|1\n|turn|7\n|\n|t:|1700931936\n|switch|p1a: Corviknight|Corviknight, F|100\/100\n|move|p2a: stabby boi|Play Rough|p1a: Corviknight\n|-resisted|p1a: Corviknight\n|-damage|p1a: Corviknight|77\/100\n|-damage|p2a: stabby boi|84\/100|[from] item: Rocky Helmet|[of] p1a: Corviknight\n|\n|upkeep\n|turn|8\n|\n|t:|1700931949\n|switch|p2a: Rayquaza|Rayquaza|100\/100\n|-ability|p2a: Rayquaza|Air Lock\n|move|p1a: Corviknight|Body Press|p2a: Rayquaza\n|-resisted|p2a: Rayquaza\n|-damage|p2a: Rayquaza|86\/100\n|\n|upkeep\n|turn|9\n|\n|t:|1700931958\n|switch|p1a: Grafaiai|Grafaiai, F|100\/100\n|move|p2a: Rayquaza|Stone Edge|p1a: Grafaiai|[miss]\n|-miss|p2a: Rayquaza|p1a: Grafaiai\n|\n|upkeep\n|turn|10\n|\n|t:|1700931964\n|move|p1a: Grafaiai|Parting Shot|p2a: Rayquaza\n|-unboost|p2a: Rayquaza|atk|1\n|-unboost|p2a: Rayquaza|spa|1\n|\n|t:|1700931975\n|switch|p1a: Palafin|Palafin-Hero, F|100\/100|[from] Parting Shot\n|-activate|p1a: Palafin|ability: Zero to Hero\n|move|p2a: Rayquaza|Stone Edge|p1a: Palafin\n|-damage|p1a: Palafin|74\/100\n|\n|upkeep\n|turn|11\n|\n|t:|1700931991\n|move|p2a: Rayquaza|Stone Edge|p1a: Palafin\n|-crit|p1a: Palafin\n|-damage|p1a: Palafin|20\/100\n|move|p1a: Palafin|Ice Punch|p2a: Rayquaza\n|-supereffective|p2a: Rayquaza\n|-damage|p2a: Rayquaza|0 fnt\n|faint|p2a: Rayquaza\n|\n|upkeep\n|\n|t:|1700931993\n|switch|p2a: chilly boi|Iron Bundle, shiny|100\/100\n|-enditem|p2a: chilly boi|Booster Energy\n|-activate|p2a: chilly boi|ability: Quark Drive|[fromitem]\n|-start|p2a: chilly boi|quarkdrivespe\n|turn|12\n|inactive|Battle timer is ON: inactive players will automatically lose when time's up. (requested by deatjr)\n|\n|t:|1700932032\n|switch|p1a: Corviknight|Corviknight, F|77\/100\n|move|p2a: chilly boi|Freeze-Dry|p1a: Corviknight\n|-damage|p1a: Corviknight|43\/100\n|\n|upkeep\n|turn|13\n|\n|t:|1700932042\n|-terastallize|p2a: chilly boi|Ground\n|move|p2a: chilly boi|Ice Beam|p1a: Corviknight\n|-damage|p1a: Corviknight|0 fnt\n|faint|p1a: Corviknight\n|\n|upkeep\n|\n|t:|1700932052\n|switch|p1a: Palafin|Palafin-Hero, F|20\/100\n|turn|14\n|\n|t:|1700932055\n|-terastallize|p1a: Palafin|Water\n|move|p1a: Palafin|Jet Punch|p2a: chilly boi\n|-supereffective|p2a: chilly boi\n|-damage|p2a: chilly boi|0 fnt\n|faint|p2a: chilly boi\n|-end|p2a: chilly boi|Quark Drive|[silent]\n|\n|upkeep\n|\n|t:|1700932058\n|switch|p2a: zappy boi|Regieleki, shiny|100\/100\n|turn|15\n|\n|t:|1700932061\n|move|p1a: Palafin|Jet Punch|p2a: zappy boi\n|-enditem|p2a: zappy boi|Focus Sash\n|-damage|p2a: zappy boi|1\/100\n|move|p2a: zappy boi|Volt Switch|p1a: Palafin\n|-supereffective|p1a: Palafin\n|-crit|p1a: Palafin\n|-damage|p1a: Palafin|0 fnt\n|faint|p1a: Palafin\n|c|\u2606deatjr|jajjajajajajajajajaja\n|\n|t:|1700932080\n|switch|p2a: stabby boi|Zacian-Crowned, shiny|84\/100|[from] Volt Switch\n|\n|upkeep\n|\n|t:|1700932085\n|switch|p1a: Kommo-o|Kommo-o, F|100\/100\n|turn|16\n|\n|t:|1700932103\n|switch|p1a: Grafaiai|Grafaiai, F|100\/100\n|move|p2a: stabby boi|Play Rough|p1a: Grafaiai\n|-resisted|p1a: Grafaiai\n|-damage|p1a: Grafaiai|53\/100\n|-unboost|p1a: Grafaiai|atk|1\n|\n|upkeep\n|turn|17\n|\n|t:|1700932110\n|switch|p2a: zappy boi|Regieleki, shiny|1\/100\n|move|p1a: Grafaiai|Parting Shot|p2a: zappy boi\n|-unboost|p2a: zappy boi|atk|1\n|-unboost|p2a: zappy boi|spa|1\n|\n|t:|1700932115\n|switch|p1a: Ursaluna|Ursaluna-Bloodmoon, M|100\/100|[from] Parting Shot\n|\n|upkeep\n|turn|18\n|\n|t:|1700932120\n|move|p2a: zappy boi|Extreme Speed|p1a: Ursaluna\n|-damage|p1a: Ursaluna|93\/100\n|move|p1a: Ursaluna|Vacuum Wave|p2a: zappy boi\n|-damage|p2a: zappy boi|0 fnt\n|faint|p2a: zappy boi\n|\n|-heal|p1a: Ursaluna|99\/100|[from] item: Leftovers\n|upkeep\n|\n|t:|1700932123\n|switch|p2a: stabby boi|Zacian-Crowned, shiny|84\/100\n|turn|19\n|\n|t:|1700932131\n|move|p2a: stabby boi|Sacred Sword|p1a: Ursaluna\n|-supereffective|p1a: Ursaluna\n|-damage|p1a: Ursaluna|55\/100\n|move|p1a: Ursaluna|Earth Power|p2a: stabby boi\n|-supereffective|p2a: stabby boi\n|-crit|p2a: stabby boi\n|-damage|p2a: stabby boi|0 fnt\n|faint|p2a: stabby boi\n|\n|-heal|p1a: Ursaluna|61\/100|[from] item: Leftovers\n|upkeep\n|\n|t:|1700932134\n|switch|p2a: Ogerpon|Ogerpon-Hearthflame, F|100\/100\n|-ability|p2a: Ogerpon|Mold Breaker\n|turn|20\n|c|\u2606Noob2024|jajaja\n|c|\u2606Noob2024|JAJJAJA\n|c|\u2606Noob2024|jajJAJAJAJjsajaj\n|c|\u2606deatjr|lol\n|\n|t:|1700932145\n|move|p2a: Ogerpon|Spiky Shield|p2a: Ogerpon\n|-singleturn|p2a: Ogerpon|move: Protect\n|move|p1a: Ursaluna|Blood Moon|p2a: Ogerpon\n|-activate|p2a: Ogerpon|move: Protect\n|\n|-heal|p1a: Ursaluna|68\/100|[from] item: Leftovers\n|upkeep\n|turn|21\n|\n|t:|1700932153\n|move|p2a: Ogerpon|Power Whip|p1a: Ursaluna\n|-supereffective|p1a: Ursaluna\n|-crit|p1a: Ursaluna\n|-damage|p1a: Ursaluna|0 fnt\n|faint|p1a: Ursaluna\n|\n|upkeep\n|\n|t:|1700932159\n|switch|p1a: Grafaiai|Grafaiai, F|53\/100\n|turn|22\n|\n|t:|1700932162\n|move|p2a: Ogerpon|Spiky Shield|p2a: Ogerpon\n|-singleturn|p2a: Ogerpon|move: Protect\n|move|p1a: Grafaiai|Parting Shot|p2a: Ogerpon\n|-activate|p2a: Ogerpon|move: Protect\n|\n|upkeep\n|turn|23\n|c|\u2606Noob2024|bad\n|c|\u2606Noob2024|bad\n|c|\u2606deatjr|loolololol\n|c|\u2606Noob2024|GG\n|c|\u2606Noob2024|jajaj\n|\n|t:|1700932179\n|move|p1a: Grafaiai|Encore|p2a: Ogerpon\n|-start|p2a: Ogerpon|Encore\n|move|p2a: Ogerpon|Spiky Shield||[still]\n|-fail|p2a: Ogerpon\n|\n|upkeep\n|turn|24\n|c|\u2606Noob2024|u need to atack\n|\n|t:|1700932185\n|move|p2a: Ogerpon|Spiky Shield|p2a: Ogerpon\n|-singleturn|p2a: Ogerpon|move: Protect\n|move|p1a: Grafaiai|Knock Off|p2a: Ogerpon\n|-activate|p2a: Ogerpon|move: Protect\n|-damage|p1a: Grafaiai|40\/100|[from] Spiky Shield|[of] p2a: Ogerpon\n|\n|upkeep\n|turn|25\n|\n|t:|1700932195\n|move|p2a: Ogerpon|Spiky Shield||[still]\n|-fail|p2a: Ogerpon\n|move|p1a: Grafaiai|Toxic|p2a: Ogerpon\n|-status|p2a: Ogerpon|tox\n|\n|-damage|p2a: Ogerpon|95\/100 tox|[from] psn\n|-end|p2a: Ogerpon|Encore\n|upkeep\n|turn|26\n|\n|t:|1700932202\n|move|p1a: Grafaiai|Encore|p2a: Ogerpon\n|-start|p2a: Ogerpon|Encore\n|move|p2a: Ogerpon|Spiky Shield||[still]\n|-fail|p2a: Ogerpon\n|\n|-damage|p2a: Ogerpon|83\/100 tox|[from] psn\n|upkeep\n|turn|27\n|c|\u2606Noob2024|jaja\n|\n|t:|1700932210\n|move|p2a: Ogerpon|Spiky Shield|p2a: Ogerpon\n|-singleturn|p2a: Ogerpon|move: Protect\n|move|p1a: Grafaiai|Toxic|p2a: Ogerpon\n|-activate|p2a: Ogerpon|move: Protect\n|\n|-damage|p2a: Ogerpon|65\/100 tox|[from] psn\n|upkeep\n|turn|28\n|c|\u2606Noob2024|hahaha\n|\n|t:|1700932230\n|move|p2a: Ogerpon|Spiky Shield||[still]\n|-fail|p2a: Ogerpon\n|move|p1a: Grafaiai|Knock Off|p2a: Ogerpon\n|-damage|p2a: Ogerpon|42\/100 tox\n|\n|-damage|p2a: Ogerpon|18\/100 tox|[from] psn\n|-end|p2a: Ogerpon|Encore\n|upkeep\n|turn|29\n|c|\u2606Noob2024|muy facil muy facil\n|\n|t:|1700932240\n|move|p1a: Grafaiai|Encore|p2a: Ogerpon\n|-start|p2a: Ogerpon|Encore\n|move|p2a: Ogerpon|Spiky Shield||[still]\n|-fail|p2a: Ogerpon\n|\n|-damage|p2a: Ogerpon|0 fnt|[from] psn\n|faint|p2a: Ogerpon\n|\n|win|Noob2024\n|upkeep\n|raw|Noob2024's rating: 1180 &rarr; <strong>1203<\/strong><br \/>(+23 for winning)\n|raw|deatjr's rating: 1152 &rarr; <strong>1129<\/strong><br \/>(-23 for losing)\n","uploadtime":1700931918,"views":14,"p1id":"noob2024","p2id":"deatjr","formatid":"gen9ubers","rating":1129,"private":0,"password":""}