{"id":"gen9ubers-1993183840","p1":"Pks Dutchrudder","p2":"DrakoSal18","format":"[Gen 9] Ubers","log":"|j|\u2606Pks Dutchrudder\n|j|\u2606DrakoSal18\n|t:|1700275068\n|gametype|singles\n|player|p1|Pks Dutchrudder|palmer|\n|player|p2|DrakoSal18|169|\n|teamsize|p1|6\n|teamsize|p2|6\n|gen|9\n|tier|[Gen 9] Ubers\n|rule|Sleep Clause Mod: Limit one foe put to sleep\n|rule|Species Clause: Limit one of each Pok\u00e9mon\n|rule|OHKO Clause: OHKO moves are banned\n|rule|Evasion Items Clause: Evasion items are banned\n|rule|Evasion Moves Clause: Evasion moves are banned\n|rule|Endless Battle Clause: Forcing endless battles is banned\n|rule|HP Percentage Mod: HP is shown in percentages\n|clearpoke\n|poke|p1|Grafaiai, M|\n|poke|p1|Walking Wake|\n|poke|p1|Clefable, M|\n|poke|p1|Ditto|\n|poke|p1|Great Tusk|\n|poke|p1|Arceus|\n|poke|p2|Koraidon|\n|poke|p2|Walking Wake|\n|poke|p2|Roaring Moon|\n|poke|p2|Dragapult, M|\n|poke|p2|Dragonite, F|\n|poke|p2|Baxcalibur, F|\n|teampreview\n|\n|t:|1700275081\n|start\n|switch|p1a: Walking Wake|Walking Wake|100\/100\n|switch|p2a: Baxcalibur|Baxcalibur, F|100\/100\n|-enditem|p1a: Walking Wake|Booster Energy\n|-activate|p1a: Walking Wake|ability: Protosynthesis|[fromitem]\n|-start|p1a: Walking Wake|protosynthesisspa\n|turn|1\n|\n|t:|1700275107\n|move|p1a: Walking Wake|Dragon Pulse|p2a: Baxcalibur\n|-supereffective|p2a: Baxcalibur\n|-damage|p2a: Baxcalibur|0 fnt\n|faint|p2a: Baxcalibur\n|\n|upkeep\n|\n|t:|1700275128\n|switch|p2a: Walking Wake|Walking Wake|100\/100\n|turn|2\n|\n|t:|1700275144\n|-terastallize|p2a: Walking Wake|Water\n|move|p1a: Walking Wake|Dragon Pulse|p2a: Walking Wake\n|-damage|p2a: Walking Wake|35\/100\n|move|p2a: Walking Wake|Dragon Pulse|p1a: Walking Wake\n|-supereffective|p1a: Walking Wake\n|-damage|p1a: Walking Wake|0 fnt\n|faint|p1a: Walking Wake\n|-end|p1a: Walking Wake|Protosynthesis|[silent]\n|\n|upkeep\n|\n|t:|1700275162\n|switch|p1a: Clefable|Clefable, M|100\/100\n|turn|3\n|\n|t:|1700275168\n|-end|p2a: Walking Wake|Protosynthesis|[silent]\n|switch|p2a: Koraidon|Koraidon|100\/100\n|-weather|SunnyDay|[from] ability: Orichalcum Pulse|[of] p2a: Koraidon\n|-activate|p2a: Koraidon|Orichalcum Pulse|[source]\n|move|p1a: Clefable|Moonblast|p2a: Koraidon\n|-supereffective|p2a: Koraidon\n|-damage|p2a: Koraidon|0 fnt\n|faint|p2a: Koraidon\n|\n|-weather|SunnyDay|[upkeep]\n|upkeep\n|\n|t:|1700275179\n|switch|p2a: Walking Wake|Walking Wake, tera:Water|35\/100\n|-activate|p2a: Walking Wake|ability: Protosynthesis\n|-start|p2a: Walking Wake|protosynthesisspa\n|turn|4\n|\n|t:|1700275184\n|move|p2a: Walking Wake|Hydro Steam|p1a: Clefable\n|-damage|p1a: Clefable|0 fnt\n|faint|p1a: Clefable\n|\n|-weather|SunnyDay|[upkeep]\n|upkeep\n|\n|t:|1700275188\n|switch|p1a: Ditto|Ditto|100\/100\n|-transform|p1a: Ditto|p2a: Walking Wake|[from] ability: Imposter\n|turn|5\n|\n|t:|1700275195\n|move|p1a: Ditto|Hydro Steam|p2a: Walking Wake\n|-resisted|p2a: Walking Wake\n|-damage|p2a: Walking Wake|0 fnt\n|faint|p2a: Walking Wake\n|-end|p2a: Walking Wake|Protosynthesis|[silent]\n|\n|-weather|SunnyDay|[upkeep]\n|upkeep\n|\n|t:|1700275214\n|switch|p2a: Dragapult|Dragapult, M|100\/100\n|turn|6\n|\n|t:|1700275221\n|move|p1a: Ditto|Hydro Steam|p2a: Dragapult\n|-resisted|p2a: Dragapult\n|-damage|p2a: Dragapult|58\/100\n|move|p2a: Dragapult|Dragon Darts|p1a: Ditto\n|-supereffective|p1a: Ditto\n|-damage|p1a: Ditto|38\/100\n|-anim|p2a: Dragapult|Dragon Darts|p1a: Ditto\n|-supereffective|p1a: Ditto\n|-damage|p1a: Ditto|0 fnt\n|faint|p1a: Ditto\n|-end|p1a: Ditto|Protosynthesis|[silent]\n|\n|-weather|SunnyDay|[upkeep]\n|-heal|p2a: Dragapult|64\/100|[from] item: Leftovers\n|upkeep\n|\n|t:|1700275238\n|switch|p1a: Grafaiai|Grafaiai, M, shiny|100\/100\n|turn|7\n|\n|t:|1700275244\n|move|p2a: Dragapult|Dragon Dance|p2a: Dragapult\n|-boost|p2a: Dragapult|atk|1\n|-boost|p2a: Dragapult|spe|1\n|-enditem|p1a: Grafaiai|Mirror Herb\n|-boost|p1a: Grafaiai|atk|1|[from] item: Mirror Herb\n|-boost|p1a: Grafaiai|spe|1|[from] item: Mirror Herb\n|move|p1a: Grafaiai|Swagger|p2a: Dragapult\n|-boost|p2a: Dragapult|atk|2\n|-start|p2a: Dragapult|confusion\n|\n|-weather|none\n|-heal|p2a: Dragapult|70\/100|[from] item: Leftovers\n|upkeep\n|turn|8\n|\n|t:|1700275261\n|move|p1a: Grafaiai|Knock Off|p2a: Dragapult\n|-supereffective|p2a: Dragapult\n|-damage|p2a: Dragapult|0 fnt\n|-enditem|p2a: Dragapult|Leftovers|[from] move: Knock Off|[of] p1a: Grafaiai\n|faint|p2a: Dragapult\n|\n|upkeep\n|\n|t:|1700275271\n|switch|p2a: Dragonite|Dragonite, F|100\/100\n|turn|9\n|\n|t:|1700275277\n|-terastallize|p1a: Grafaiai|Fairy\n|move|p1a: Grafaiai|Tera Blast|p2a: Dragonite|[anim] Tera Blast Fairy\n|-supereffective|p2a: Dragonite\n|-damage|p2a: Dragonite|54\/100\n|move|p2a: Dragonite|Brick Break|p1a: Grafaiai\n|-resisted|p1a: Grafaiai\n|-damage|p1a: Grafaiai|60\/100\n|\n|upkeep\n|turn|10\n|\n|t:|1700275292\n|move|p1a: Grafaiai|Tera Blast|p2a: Dragonite|[anim] Tera Blast Fairy\n|-supereffective|p2a: Dragonite\n|-damage|p2a: Dragonite|0 fnt\n|faint|p2a: Dragonite\n|\n|upkeep\n|\n|t:|1700275297\n|switch|p2a: Roaring Moon|Roaring Moon|100\/100\n|-enditem|p2a: Roaring Moon|Booster Energy\n|-activate|p2a: Roaring Moon|ability: Protosynthesis|[fromitem]\n|-start|p2a: Roaring Moon|protosynthesisspe\n|turn|11\n|\n|t:|1700275306\n|move|p1a: Grafaiai|Tera Blast|p2a: Roaring Moon|[anim] Tera Blast Fairy\n|-supereffective|p2a: Roaring Moon\n|-damage|p2a: Roaring Moon|0 fnt\n|faint|p2a: Roaring Moon\n|-end|p2a: Roaring Moon|Protosynthesis|[silent]\n|\n|win|Pks Dutchrudder\n|l|\u2606Pks Dutchrudder\n|j|\u2606Pks Dutchrudder\n|player|p1|Pks Dutchrudder|palmer\n","uploadtime":1700275363,"views":21,"p1id":"pksdutchrudder","p2id":"drakosal18","formatid":"gen9ubers","rating":0,"private":0,"password":""}