{"id":"gen9ubers-1970385843","p1":"IspamObjection","p2":"Kabunger","format":"[Gen 9] Ubers","log":"|j|\u2606IspamObjection\n|j|\u2606Kabunger\n|t:|1697634432\n|gametype|singles\n|player|p1|IspamObjection|lance-gen2|\n|player|p2|Kabunger|hilda-wonderlauncher|\n|teamsize|p1|6\n|teamsize|p2|6\n|gen|9\n|tier|[Gen 9] Ubers\n|rule|Sleep Clause Mod: Limit one foe put to sleep\n|rule|Species Clause: Limit one of each Pok\u00e9mon\n|rule|OHKO Clause: OHKO moves are banned\n|rule|Evasion Items Clause: Evasion items are banned\n|rule|Evasion Moves Clause: Evasion moves are banned\n|rule|Endless Battle Clause: Forcing endless battles is banned\n|rule|HP Percentage Mod: HP is shown in percentages\n|clearpoke\n|poke|p1|Masquerain, M|\n|poke|p1|Urshifu-*, F|\n|poke|p1|Gholdengo|\n|poke|p1|Zacian-*|\n|poke|p1|Dialga|\n|poke|p1|Shaymin-Sky|\n|poke|p2|Palafin, M|\n|poke|p2|Cyclizar, F|\n|poke|p2|Dialga|\n|poke|p2|Weezing-Galar, M|\n|poke|p2|Chi-Yu|\n|poke|p2|Gastrodon-East, M|\n|teampreview\n|c|\u2606Kabunger|don't mind me I'm just a silly goober\n|\n|t:|1697634457\n|start\n|switch|p1a: Masquerain|Masquerain, M|100\/100\n|switch|p2a: Chi-Yu|Chi-Yu|100\/100\n|-ability|p2a: Chi-Yu|Beads of Ruin\n|-ability|p1a: Masquerain|Intimidate|boost\n|-unboost|p2a: Chi-Yu|atk|1\n|-enditem|p2a: Chi-Yu|Eject Pack\n|\n|t:|1697634467\n|switch|p2a: Cyclizar|Cyclizar, F|100\/100\n|turn|1\n|inactive|Battle timer is ON: inactive players will automatically lose when time's up. (requested by Kabunger)\n|\n|t:|1697634490\n|move|p2a: Cyclizar|Taunt|p1a: Masquerain\n|-start|p1a: Masquerain|move: Taunt\n|cant|p1a: Masquerain|move: Taunt|Sticky Web\n|\n|upkeep\n|turn|2\n|\n|t:|1697634493\n|move|p2a: Cyclizar|Shed Tail|p2a: Cyclizar\n|-start|p2a: Cyclizar|Substitute|[from] move: Shed Tail\n|-damage|p2a: Cyclizar|50\/100\n|\n|t:|1697634496\n|switch|p2a: Chi-Yu|Chi-Yu|100\/100|[from] Shed Tail\n|-ability|p2a: Chi-Yu|Beads of Ruin\n|move|p1a: Masquerain|Bug Buzz|p2a: Chi-Yu\n|-damage|p2a: Chi-Yu|57\/100\n|-unboost|p2a: Chi-Yu|spd|1\n|\n|upkeep\n|turn|3\n|\n|t:|1697634505\n|move|p2a: Chi-Yu|Overheat|p1a: Masquerain|[miss]\n|-miss|p2a: Chi-Yu|p1a: Masquerain\n|move|p1a: Masquerain|Bug Buzz|p2a: Chi-Yu\n|-damage|p2a: Chi-Yu|0 fnt\n|faint|p2a: Chi-Yu\n|\n|-end|p1a: Masquerain|move: Taunt\n|upkeep\n|c|\u2606Kabunger|thank you overheat miss\n|\n|t:|1697634516\n|switch|p2a: Cyclizar|Cyclizar, F|84\/100\n|turn|4\n|\n|t:|1697634525\n|switch|p1a: Gholdengo|Gholdengo|100\/100\n|move|p2a: Cyclizar|Knock Off|p1a: Gholdengo\n|-supereffective|p1a: Gholdengo\n|-damage|p1a: Gholdengo|63\/100\n|-enditem|p1a: Gholdengo|Leftovers|[from] move: Knock Off|[of] p2a: Cyclizar\n|\n|upkeep\n|turn|5\n|\n|t:|1697634537\n|move|p2a: Cyclizar|Shed Tail|p2a: Cyclizar\n|-start|p2a: Cyclizar|Substitute|[from] move: Shed Tail\n|-damage|p2a: Cyclizar|34\/100\n|\n|t:|1697634540\n|switch|p2a: Gastrodon|Gastrodon-East, M|100\/100|[from] Shed Tail\n|move|p1a: Gholdengo|Recover|p1a: Gholdengo\n|-heal|p1a: Gholdengo|100\/100\n|\n|upkeep\n|turn|6\n|\n|t:|1697634548\n|move|p1a: Gholdengo|Nasty Plot|p1a: Gholdengo\n|-boost|p1a: Gholdengo|spa|2\n|move|p2a: Gastrodon|Spikes|p1a: Gholdengo\n|-sidestart|p1: IspamObjection|Spikes\n|\n|upkeep\n|turn|7\n|\n|t:|1697634552\n|move|p1a: Gholdengo|Shadow Ball|p2a: Gastrodon\n|-end|p2a: Gastrodon|Substitute\n|move|p2a: Gastrodon|Earth Power|p1a: Gholdengo\n|-supereffective|p1a: Gholdengo\n|-damage|p1a: Gholdengo|40\/100\n|\n|upkeep\n|turn|8\n|\n|t:|1697634561\n|move|p1a: Gholdengo|Shadow Ball|p2a: Gastrodon\n|-damage|p2a: Gastrodon|32\/100\n|move|p2a: Gastrodon|Earth Power|p1a: Gholdengo\n|-supereffective|p1a: Gholdengo\n|-damage|p1a: Gholdengo|0 fnt\n|faint|p1a: Gholdengo\n|\n|-heal|p2a: Gastrodon|38\/100|[from] item: Leftovers\n|upkeep\n|\n|t:|1697634570\n|switch|p1a: Masquerain|Masquerain, M|100\/100\n|-ability|p1a: Masquerain|Intimidate|boost\n|-unboost|p2a: Gastrodon|atk|1\n|turn|9\n|\n|t:|1697634574\n|move|p1a: Masquerain|Sticky Web|p2a: Gastrodon\n|-sidestart|p2: Kabunger|move: Sticky Web\n|move|p2a: Gastrodon|Recover|p2a: Gastrodon\n|-heal|p2a: Gastrodon|88\/100\n|\n|-heal|p2a: Gastrodon|94\/100|[from] item: Leftovers\n|upkeep\n|turn|10\n|\n|t:|1697634582\n|move|p1a: Masquerain|Stun Spore|p2a: Gastrodon|[miss]\n|-miss|p1a: Masquerain|p2a: Gastrodon\n|move|p2a: Gastrodon|Spikes|p1a: Masquerain\n|-sidestart|p1: IspamObjection|Spikes\n|\n|-heal|p2a: Gastrodon|99\/100|[from] item: Leftovers\n|upkeep\n|turn|11\n|\n|t:|1697634586\n|move|p1a: Masquerain|Stun Spore|p2a: Gastrodon\n|-status|p2a: Gastrodon|par\n|move|p2a: Gastrodon|Spikes|p1a: Masquerain\n|-sidestart|p1: IspamObjection|Spikes\n|\n|-heal|p2a: Gastrodon|100\/100 par|[from] item: Leftovers\n|upkeep\n|turn|12\n|\n|t:|1697634589\n|move|p1a: Masquerain|Quiver Dance|p1a: Masquerain\n|-boost|p1a: Masquerain|spa|1\n|-boost|p1a: Masquerain|spd|1\n|-boost|p1a: Masquerain|spe|1\n|move|p2a: Gastrodon|Ice Beam|p1a: Masquerain\n|-supereffective|p1a: Masquerain\n|-damage|p1a: Masquerain|59\/100\n|\n|upkeep\n|turn|13\n|\n|t:|1697634597\n|move|p1a: Masquerain|Bug Buzz|p2a: Gastrodon\n|-damage|p2a: Gastrodon|44\/100 par\n|-unboost|p2a: Gastrodon|spd|1\n|move|p2a: Gastrodon|Ice Beam|p1a: Masquerain\n|-supereffective|p1a: Masquerain\n|-crit|p1a: Masquerain\n|-damage|p1a: Masquerain|0 fnt\n|faint|p1a: Masquerain\n|\n|-heal|p2a: Gastrodon|50\/100 par|[from] item: Leftovers\n|upkeep\n|\n|t:|1697634619\n|switch|p1a: Shaymin|Shaymin-Sky|100\/100\n|turn|14\n|\n|t:|1697634625\n|switch|p2a: Weezing|Weezing-Galar, M|100\/100\n|move|p1a: Shaymin|Leech Seed|p2a: Weezing\n|-start|p2a: Weezing|move: Leech Seed\n|\n|-damage|p2a: Weezing|88\/100|[from] Leech Seed|[of] p1a: Shaymin\n|upkeep\n|turn|15\n|\n|t:|1697634640\n|move|p1a: Shaymin|Air Slash|p2a: Weezing\n|-damage|p2a: Weezing|44\/100\n|cant|p2a: Weezing|flinch\n|\n|-heal|p2a: Weezing|50\/100|[from] item: Leftovers\n|-damage|p2a: Weezing|38\/100|[from] Leech Seed|[of] p1a: Shaymin\n|upkeep\n|turn|16\n|\n|t:|1697634653\n|switch|p2a: Gastrodon|Gastrodon-East, M|50\/100 par\n|-activate|p2a: Gastrodon|move: Sticky Web\n|-unboost|p2a: Gastrodon|spe|1\n|move|p1a: Shaymin|Air Slash|p2a: Gastrodon\n|-damage|p2a: Gastrodon|14\/100 par\n|\n|-heal|p2a: Gastrodon|20\/100 par|[from] item: Leftovers\n|upkeep\n|turn|17\n|\n|t:|1697634662\n|switch|p2a: Dialga|Dialga|100\/100\n|-activate|p2a: Dialga|move: Sticky Web\n|-unboost|p2a: Dialga|spe|1\n|-ability|p2a: Dialga|Pressure\n|move|p1a: Shaymin|Air Slash|p2a: Dialga\n|-resisted|p2a: Dialga\n|-damage|p2a: Dialga|85\/100\n|\n|upkeep\n|turn|18\n|\n|t:|1697634683\n|-terastallize|p1a: Shaymin|Steel\n|move|p1a: Shaymin|Earth Power|p2a: Dialga\n|-supereffective|p2a: Dialga\n|-damage|p2a: Dialga|31\/100\n|move|p2a: Dialga|Draco Meteor|p1a: Shaymin\n|-resisted|p1a: Shaymin\n|-damage|p1a: Shaymin|48\/100\n|-unboost|p2a: Dialga|spa|2\n|\n|upkeep\n|turn|19\n|\n|t:|1697634695\n|switch|p2a: Palafin|Palafin, M|100\/100\n|-activate|p2a: Palafin|move: Sticky Web\n|-unboost|p2a: Palafin|spe|1\n|move|p1a: Shaymin|Leech Seed|p2a: Palafin\n|-start|p2a: Palafin|move: Leech Seed\n|\n|-damage|p2a: Palafin|88\/100|[from] Leech Seed|[of] p1a: Shaymin\n|-heal|p1a: Shaymin|62\/100|[silent]\n|upkeep\n|turn|20\n|\n|t:|1697634708\n|detailschange|p2a: Palafin|Palafin-Hero, M\n|switch|p2a: Gastrodon|Gastrodon-East, M|20\/100 par\n|-activate|p2a: Gastrodon|move: Sticky Web\n|-unboost|p2a: Gastrodon|spe|1\n|move|p1a: Shaymin|Seed Flare|p2a: Gastrodon\n|-supereffective|p2a: Gastrodon\n|-crit|p2a: Gastrodon\n|-damage|p2a: Gastrodon|0 fnt\n|faint|p2a: Gastrodon\n|\n|upkeep\n|\n|t:|1697634711\n|switch|p2a: Palafin|Palafin-Hero, M|88\/100\n|-activate|p2a: Palafin|move: Sticky Web\n|-unboost|p2a: Palafin|spe|1\n|-activate|p2a: Palafin|ability: Zero to Hero\n|turn|21\n|\n|t:|1697634726\n|-terastallize|p2a: Palafin|Water\n|move|p2a: Palafin|Jet Punch|p1a: Shaymin\n|-damage|p1a: Shaymin|0 fnt\n|faint|p1a: Shaymin\n|\n|upkeep\n|\n|t:|1697634731\n|switch|p1a: Urshifu|Urshifu, F|100\/100\n|-damage|p1a: Urshifu|76\/100|[from] Spikes\n|turn|22\n|\n|t:|1697634756\n|switch|p1a: Dialga|Dialga|100\/100\n|-damage|p1a: Dialga|75\/100|[from] Spikes\n|-ability|p1a: Dialga|Pressure\n|move|p2a: Palafin|Wave Crash|p1a: Dialga\n|-resisted|p1a: Dialga\n|-crit|p1a: Dialga\n|-damage|p1a: Dialga|25\/100\n|-damage|p2a: Palafin|70\/100|[from] Recoil\n|\n|-heal|p1a: Dialga|31\/100|[from] item: Leftovers\n|upkeep\n|turn|23\n|\n|t:|1697634771\n|switch|p2a: Dialga|Dialga|31\/100\n|-activate|p2a: Dialga|move: Sticky Web\n|-unboost|p2a: Dialga|spe|1\n|-ability|p2a: Dialga|Pressure\n|move|p1a: Dialga|Thunder Wave|p2a: Dialga\n|-status|p2a: Dialga|par\n|\n|-heal|p1a: Dialga|37\/100|[from] item: Leftovers\n|upkeep\n|turn|24\n|\n|t:|1697634778\n|move|p1a: Dialga|Stealth Rock|p2a: Dialga\n|-sidestart|p2: Kabunger|move: Stealth Rock\n|cant|p2a: Dialga|par\n|\n|-heal|p1a: Dialga|43\/100|[from] item: Leftovers\n|upkeep\n|turn|25\n|\n|t:|1697634787\n|move|p1a: Dialga|Draco Meteor|p2a: Dialga\n|-damage|p2a: Dialga|0 fnt\n|-unboost|p1a: Dialga|spa|2\n|faint|p2a: Dialga\n|\n|-heal|p1a: Dialga|49\/100|[from] item: Leftovers\n|upkeep\n|c|\u2606Kabunger|the para <\/3\n|\n|t:|1697634791\n|switch|p2a: Cyclizar|Cyclizar, F|67\/100\n|turn|26\n|\n|t:|1697634798\n|move|p2a: Cyclizar|Rapid Spin|p1a: Dialga\n|-resisted|p1a: Dialga\n|-damage|p1a: Dialga|45\/100\n|-boost|p2a: Cyclizar|spe|1\n|-sideend|p2: Kabunger|Stealth Rock|[from] move: Rapid Spin|[of] p2a: Cyclizar\n|-sideend|p2: Kabunger|Sticky Web|[from] move: Rapid Spin|[of] p2a: Cyclizar\n|move|p1a: Dialga|Roar|p2a: Cyclizar\n|drag|p2a: Weezing|Weezing-Galar, M|38\/100\n|\n|-heal|p1a: Dialga|51\/100|[from] item: Leftovers\n|-heal|p2a: Weezing|44\/100|[from] item: Leftovers\n|upkeep\n|turn|27\n|\n|t:|1697634807\n|move|p1a: Dialga|Thunder Wave|p2a: Weezing\n|-status|p2a: Weezing|par\n|move|p2a: Weezing|Strange Steam|p1a: Dialga\n|-damage|p1a: Dialga|27\/100\n|\n|-heal|p1a: Dialga|33\/100|[from] item: Leftovers\n|-heal|p2a: Weezing|50\/100 par|[from] item: Leftovers\n|upkeep\n|turn|28\n|\n|t:|1697634814\n|move|p1a: Dialga|Stealth Rock|p2a: Weezing\n|-sidestart|p2: Kabunger|move: Stealth Rock\n|cant|p2a: Weezing|par\n|\n|-heal|p1a: Dialga|40\/100|[from] item: Leftovers\n|-heal|p2a: Weezing|56\/100 par|[from] item: Leftovers\n|upkeep\n|turn|29\n|\n|t:|1697634824\n|move|p2a: Weezing|Strange Steam|p1a: Dialga\n|-damage|p1a: Dialga|19\/100\n|move|p1a: Dialga|Roar|p2a: Weezing\n|drag|p2a: Cyclizar|Cyclizar, F|99\/100\n|\n|-heal|p1a: Dialga|25\/100|[from] item: Leftovers\n|upkeep\n|turn|30\n|\n|t:|1697634846\n|move|p2a: Cyclizar|Knock Off|p1a: Dialga\n|-damage|p1a: Dialga|13\/100\n|-enditem|p1a: Dialga|Leftovers|[from] move: Knock Off|[of] p2a: Cyclizar\n|move|p1a: Dialga|Thunder Wave|p2a: Cyclizar\n|-status|p2a: Cyclizar|par\n|\n|upkeep\n|turn|31\n|\n|t:|1697634853\n|move|p2a: Cyclizar|Rapid Spin|p1a: Dialga\n|-resisted|p1a: Dialga\n|-damage|p1a: Dialga|9\/100\n|-boost|p2a: Cyclizar|spe|1\n|-sideend|p2: Kabunger|Stealth Rock|[from] move: Rapid Spin|[of] p2a: Cyclizar\n|move|p1a: Dialga|Roar|p2a: Cyclizar\n|drag|p2a: Weezing|Weezing-Galar, M|56\/100 par\n|\n|-heal|p2a: Weezing|62\/100 par|[from] item: Leftovers\n|upkeep\n|turn|32\n|\n|t:|1697634863\n|move|p1a: Dialga|Stealth Rock|p2a: Weezing\n|-sidestart|p2: Kabunger|move: Stealth Rock\n|move|p2a: Weezing|Strange Steam|p1a: Dialga\n|-damage|p1a: Dialga|0 fnt\n|faint|p1a: Dialga\n|\n|-heal|p2a: Weezing|68\/100 par|[from] item: Leftovers\n|upkeep\n|\n|t:|1697634880\n|switch|p1a: Urshifu|Urshifu, F|76\/100\n|-damage|p1a: Urshifu|51\/100|[from] Spikes\n|turn|33\n|\n|t:|1697634889\n|move|p1a: Urshifu|Wicked Blow|p2a: Weezing\n|-resisted|p2a: Weezing\n|-crit|p2a: Weezing\n|-damage|p2a: Weezing|32\/100 par\n|cant|p2a: Weezing|par\n|\n|-heal|p2a: Weezing|38\/100 par|[from] item: Leftovers\n|upkeep\n|turn|34\n|\n|t:|1697634896\n|move|p1a: Urshifu|Wicked Blow|p2a: Weezing\n|-resisted|p2a: Weezing\n|-crit|p2a: Weezing\n|-damage|p2a: Weezing|1\/100 par\n|cant|p2a: Weezing|par\n|\n|-heal|p2a: Weezing|7\/100 par|[from] item: Leftovers\n|upkeep\n|turn|35\n|c|\u2606Kabunger|NOOOOOO\n|\n|t:|1697634904\n|move|p1a: Urshifu|Wicked Blow|p2a: Weezing\n|-resisted|p2a: Weezing\n|-crit|p2a: Weezing\n|-damage|p2a: Weezing|0 fnt\n|faint|p2a: Weezing\n|\n|upkeep\n|\n|t:|1697634906\n|switch|p2a: Palafin|Palafin-Hero, M, tera:Water|70\/100\n|-damage|p2a: Palafin|58\/100|[from] Stealth Rock\n|turn|36\n|\n|t:|1697634913\n|switch|p1a: Zacian|Zacian|100\/100\n|-damage|p1a: Zacian|76\/100|[from] Spikes\n|-ability|p1a: Zacian|Intrepid Sword|boost\n|-boost|p1a: Zacian|atk|1\n|move|p2a: Palafin|Jet Punch|p1a: Zacian\n|-damage|p1a: Zacian|18\/100\n|\n|upkeep\n|turn|37\n|c|\u2606Kabunger|the paras <\/3\n|c|\u2606Kabunger|d. did you just choke\n|inactive|IspamObjection has 270 seconds left.\n|c|\u2606IspamObjection|Palafin outspeeds Urshifu and 1HKO with everything\n|\n|t:|1697634964\n|move|p2a: Palafin|Jet Punch|p1a: Zacian\n|-damage|p1a: Zacian|0 fnt\n|faint|p1a: Zacian\n|\n|upkeep\n|\n|t:|1697634968\n|switch|p1a: Urshifu|Urshifu, F|51\/100\n|-damage|p1a: Urshifu|26\/100|[from] Spikes\n|turn|38\n|\n|t:|1697634975\n|move|p1a: Urshifu|Sucker Punch|p2a: Palafin\n|-damage|p2a: Palafin|1\/100\n|move|p2a: Palafin|Jet Punch|p1a: Urshifu\n|-damage|p1a: Urshifu|0 fnt\n|faint|p1a: Urshifu\n|\n|win|Kabunger\n|c|\u2606Kabunger|I'm bulky\n|c|\u2606IspamObjection|still banded though right?\n|c|\u2606Kabunger|nope!\n|c|\u2606IspamObjection|oh huh missed that\n|l|\u2606Kabunger\n","uploadtime":1697635045,"views":25,"p1id":"ispamobjection","p2id":"kabunger","formatid":"gen9ubers","rating":0,"private":0,"password":""}