{"id":"gen9ubers-1991695921","p1":"ZachMcD","p2":"PoopMan3210","format":"[Gen 9] Ubers","log":"|j|\u2606ZachMcD\n|j|\u2606PoopMan3210\n|t:|1700103712\n|gametype|singles\n|player|p1|ZachMcD|giovanni|\n|player|p2|PoopMan3210|101|\n|teamsize|p1|6\n|teamsize|p2|6\n|gen|9\n|tier|[Gen 9] Ubers\n|rule|Sleep Clause Mod: Limit one foe put to sleep\n|rule|Species Clause: Limit one of each Pok\u00e9mon\n|rule|OHKO Clause: OHKO moves are banned\n|rule|Evasion Items Clause: Evasion items are banned\n|rule|Evasion Moves Clause: Evasion moves are banned\n|rule|Endless Battle Clause: Forcing endless battles is banned\n|rule|HP Percentage Mod: HP is shown in percentages\n|clearpoke\n|poke|p1|Chi-Yu|\n|poke|p1|Annihilape, F|\n|poke|p1|Ursaluna, M|\n|poke|p1|Toxapex, F|\n|poke|p1|Torterra, F|\n|poke|p1|Ampharos, F|\n|poke|p2|Iron Bundle|\n|poke|p2|Maushold-Four|\n|poke|p2|Ceruledge, F|\n|poke|p2|Dragonite, M|\n|poke|p2|Clodsire, M|\n|poke|p2|Clefable, F|\n|teampreview\n|c|\u2606ZachMcD|glgl\n|c|\u2606PoopMan3210|u2\n|c|\u2606PoopMan3210|o7\n|\n|t:|1700103786\n|start\n|switch|p1a: Shelled like that|Torterra, F|100\/100\n|switch|p2a: Clodsire|Clodsire, M|100\/100\n|turn|1\n|\n|t:|1700103805\n|switch|p2a: Dragonite|Dragonite, M|100\/100\n|move|p1a: Shelled like that|Shell Smash|p1a: Shelled like that\n|-unboost|p1a: Shelled like that|def|1\n|-unboost|p1a: Shelled like that|spd|1\n|-boost|p1a: Shelled like that|atk|2\n|-boost|p1a: Shelled like that|spa|2\n|-boost|p1a: Shelled like that|spe|2\n|-enditem|p1a: Shelled like that|White Herb\n|-clearnegativeboost|p1a: Shelled like that|[silent]\n|\n|upkeep\n|turn|2\n|j| Hatev2\n|\n|t:|1700103836\n|move|p1a: Shelled like that|Rock Blast|p2a: Dragonite\n|-supereffective|p2a: Dragonite\n|-damage|p2a: Dragonite|87\/100\n|-supereffective|p2a: Dragonite\n|-crit|p2a: Dragonite\n|-damage|p2a: Dragonite|44\/100\n|-supereffective|p2a: Dragonite\n|-damage|p2a: Dragonite|17\/100\n|-hitcount|p2a: Dragonite|3\n|move|p2a: Dragonite|Dragon Dance|p2a: Dragonite\n|-boost|p2a: Dragonite|atk|1\n|-boost|p2a: Dragonite|spe|1\n|\n|upkeep\n|turn|3\n|c|\u2606PoopMan3210|ROCK BLAST\n|c|\u2606PoopMan3210|WHA\n|\n|t:|1700103859\n|move|p2a: Dragonite|Extreme Speed|p1a: Shelled like that\n|-damage|p1a: Shelled like that|58\/100\n|move|p1a: Shelled like that|Rock Blast|p2a: Dragonite\n|-supereffective|p2a: Dragonite\n|-damage|p2a: Dragonite|0 fnt\n|faint|p2a: Dragonite\n|-hitcount|p2: Dragonite|1\n|\n|upkeep\n|\n|t:|1700103867\n|switch|p2a: Ceruledge|Ceruledge, F|100\/100\n|turn|4\n|\n|t:|1700103876\n|move|p1a: Shelled like that|Rock Blast|p2a: Ceruledge\n|-supereffective|p2a: Ceruledge\n|-damage|p2a: Ceruledge|59\/100\n|-ability|p2a: Ceruledge|Weak Armor|boost\n|-unboost|p2a: Ceruledge|def|1\n|-boost|p2a: Ceruledge|spe|2\n|-supereffective|p2a: Ceruledge\n|-damage|p2a: Ceruledge|0 fnt\n|faint|p2a: Ceruledge\n|-hitcount|p2: Ceruledge|2\n|\n|upkeep\n|j| Siffs\n|\n|t:|1700103901\n|switch|p2a: Maushold|Maushold-Four|100\/100\n|turn|5\n|\n|t:|1700103911\n|move|p1a: Shelled like that|Headlong Rush|p2a: Maushold\n|-damage|p2a: Maushold|0 fnt\n|-unboost|p1a: Shelled like that|def|1\n|-unboost|p1a: Shelled like that|spd|1\n|faint|p2a: Maushold\n|\n|upkeep\n|c|\u2606PoopMan3210|rip\n|\n|t:|1700103922\n|switch|p2a: Clefable|Clefable, F|100\/100\n|turn|6\n|c| Siffs|yo..\n|\n|t:|1700103927\n|move|p1a: Shelled like that|Headlong Rush|p2a: Clefable\n|-damage|p2a: Clefable|23\/100\n|-unboost|p1a: Shelled like that|def|1\n|-unboost|p1a: Shelled like that|spd|1\n|move|p2a: Clefable|Knock Off|p1a: Shelled like that\n|-damage|p1a: Shelled like that|39\/100\n|\n|-heal|p2a: Clefable|29\/100|[from] item: Leftovers\n|upkeep\n|turn|7\n|\n|t:|1700103936\n|move|p2a: Clefable|Protect|p2a: Clefable\n|-singleturn|p2a: Clefable|Protect\n|move|p1a: Shelled like that|Headlong Rush|p2a: Clefable\n|-activate|p2a: Clefable|move: Protect\n|\n|-heal|p2a: Clefable|36\/100|[from] item: Leftovers\n|upkeep\n|turn|8\n|c|\u2606PoopMan3210|i acutally get 6\/0d by this mon\n|\n|t:|1700103942\n|move|p1a: Shelled like that|Seed Bomb|p2a: Clefable\n|-damage|p2a: Clefable|0 fnt\n|faint|p2a: Clefable\n|\n|upkeep\n|c| Hatev2|Torterra the goat?\n|c|\u2606PoopMan3210|its not even close WTF LOL\n|\n|t:|1700103950\n|switch|p2a: Iron Bundle|Iron Bundle|100\/100\n|turn|9\n|\n|t:|1700103952\n|move|p1a: Shelled like that|Seed Bomb|p2a: Iron Bundle\n|-supereffective|p2a: Iron Bundle\n|-damage|p2a: Iron Bundle|0 fnt\n|faint|p2a: Iron Bundle\n|-end|p2a: Iron Bundle|Quark Drive|[silent]\n|\n|upkeep\n|c|\u2606PoopMan3210|ggwp\n|-message|PoopMan3210 forfeited.\n|\n|win|ZachMcD\n|c|\u2606PoopMan3210|LMAO\n|c| Siffs|bro\n|c|\u2606PoopMan3210|I forgot this hsit got sell smash\n|c|\u2606PoopMan3210|Not gonna lie\n|c| Hatev2|That\u2019s insane\n|c|\u2606ZachMcD|oh, pain\n|c|\u2606PoopMan3210|And rock blast\n|c|\u2606PoopMan3210|INSANE\n|c|\u2606ZachMcD|It's Cloyster at home tbh\n|c| Hatev2|Curtis used rockblast loaded dice shell smash against me one time in a mock\n","uploadtime":1700104005,"views":34,"p1id":"zachmcd","p2id":"poopman3210","formatid":"gen9ubers","rating":0,"private":0,"password":""}