{"id":"gen9ubers-1975628130","p1":"Funni gen 3 boi","p2":"A_Chonky_Rat","format":"[Gen 9] Ubers","log":"|j|\u2606Funni gen 3 boi\n|j|\u2606A_Chonky_Rat\n|t:|1698215666\n|gametype|singles\n|player|p1|Funni gen 3 boi|102|1237\n|player|p2|A_Chonky_Rat|wattson|1040\n|teamsize|p1|6\n|teamsize|p2|6\n|gen|9\n|tier|[Gen 9] Ubers\n|rated|\n|rule|Sleep Clause Mod: Limit one foe put to sleep\n|rule|Species Clause: Limit one of each Pok\u00e9mon\n|rule|OHKO Clause: OHKO moves are banned\n|rule|Evasion Items Clause: Evasion items are banned\n|rule|Evasion Moves Clause: Evasion moves are banned\n|rule|Endless Battle Clause: Forcing endless battles is banned\n|rule|HP Percentage Mod: HP is shown in percentages\n|clearpoke\n|poke|p1|Chi-Yu|\n|poke|p1|Koraidon|\n|poke|p1|Flutter Mane|\n|poke|p1|Regieleki|\n|poke|p1|Miraidon|\n|poke|p1|Zacian-*|\n|poke|p2|Annihilape, M|\n|poke|p2|Dondozo, M|\n|poke|p2|Chi-Yu|\n|poke|p2|Iron Hands|\n|poke|p2|Rillaboom, M|\n|poke|p2|Flutter Mane|\n|teampreview\n|\n|t:|1698215677\n|start\n|switch|p1a: Koraidon|Koraidon|100\/100\n|switch|p2a: Iron Hands|Iron Hands|100\/100\n|-weather|SunnyDay|[from] ability: Orichalcum Pulse|[of] p1a: Koraidon\n|-activate|p1a: Koraidon|Orichalcum Pulse|[source]\n|turn|1\n|\n|t:|1698215689\n|move|p2a: Iron Hands|Fake Out|p1a: Koraidon\n|-damage|p1a: Koraidon|89\/100\n|cant|p1a: Koraidon|flinch\n|\n|-weather|SunnyDay|[upkeep]\n|upkeep\n|turn|2\n|inactive|Battle timer is ON: inactive players will automatically lose when time's up. (requested by Funni gen 3 boi)\n|\n|t:|1698215696\n|move|p1a: Koraidon|U-turn|p2a: Iron Hands\n|-resisted|p2a: Iron Hands\n|-damage|p2a: Iron Hands|87\/100\n|\n|t:|1698215699\n|switch|p1a: Zacian|Zacian-Crowned|100\/100|[from] U-turn\n|-ability|p1a: Zacian|Intrepid Sword|boost\n|-boost|p1a: Zacian|atk|1\n|move|p2a: Iron Hands|Volt Switch|p1a: Zacian\n|-damage|p1a: Zacian|91\/100\n|\n|t:|1698215708\n|-end|p2a: Iron Hands|Quark Drive|[silent]\n|switch|p2a: Dondozo|Dondozo, M|100\/100|[from] Volt Switch\n|\n|-weather|SunnyDay|[upkeep]\n|upkeep\n|turn|3\n|\n|t:|1698215722\n|switch|p1a: Regieleki|Regieleki|100\/100\n|move|p2a: Dondozo|Curse|p2a: Dondozo\n|-unboost|p2a: Dondozo|spe|1\n|-boost|p2a: Dondozo|atk|1\n|-boost|p2a: Dondozo|def|1\n|\n|-weather|SunnyDay|[upkeep]\n|upkeep\n|turn|4\n|\n|t:|1698215731\n|switch|p2a: Rillaboom|Rillaboom, M|100\/100\n|-fieldstart|move: Grassy Terrain|[from] ability: Grassy Surge|[of] p2a: Rillaboom\n|move|p1a: Regieleki|Thunder Wave|p2a: Rillaboom\n|-status|p2a: Rillaboom|par\n|\n|-weather|SunnyDay|[upkeep]\n|upkeep\n|turn|5\n|\n|t:|1698215740\n|move|p2a: Rillaboom|Fake Out|p1a: Regieleki\n|-damage|p1a: Regieleki|75\/100\n|cant|p1a: Regieleki|flinch\n|\n|-weather|none\n|-heal|p1a: Regieleki|81\/100|[from] Grassy Terrain\n|upkeep\n|turn|6\n|\n|t:|1698215763\n|switch|p1a: Zacian|Zacian-Crowned|91\/100\n|move|p2a: Rillaboom|Drum Beating|p1a: Zacian\n|-resisted|p1a: Zacian\n|-damage|p1a: Zacian|59\/100\n|-unboost|p1a: Zacian|spe|1\n|\n|-heal|p1a: Zacian|65\/100|[from] Grassy Terrain\n|upkeep\n|turn|7\n|\n|t:|1698215779\n|move|p1a: Zacian|Fire Fang|p2a: Rillaboom\n|-supereffective|p2a: Rillaboom\n|-crit|p2a: Rillaboom\n|-damage|p2a: Rillaboom|15\/100 par\n|move|p2a: Rillaboom|U-turn|p1a: Zacian\n|-resisted|p1a: Zacian\n|-damage|p1a: Zacian|60\/100\n|\n|t:|1698215788\n|switch|p2a: Dondozo|Dondozo, M|100\/100|[from] U-turn\n|\n|-heal|p1a: Zacian|66\/100|[from] Grassy Terrain\n|upkeep\n|turn|8\n|\n|t:|1698215802\n|switch|p1a: Miraidon|Miraidon|100\/100\n|-fieldstart|move: Electric Terrain|[from] ability: Hadron Engine|[of] p1a: Miraidon\n|move|p2a: Dondozo|Liquidation|p1a: Miraidon\n|-resisted|p1a: Miraidon\n|-damage|p1a: Miraidon|86\/100\n|\n|upkeep\n|turn|9\n|\n|t:|1698215819\n|switch|p2a: Iron Hands|Iron Hands|87\/100\n|-activate|p2a: Iron Hands|ability: Quark Drive\n|-start|p2a: Iron Hands|quarkdriveatk\n|move|p1a: Miraidon|Electro Drift|p2a: Iron Hands\n|-resisted|p2a: Iron Hands\n|-damage|p2a: Iron Hands|65\/100\n|\n|upkeep\n|turn|10\n|inactive|Funni gen 3 boi has 120 seconds left.\n|\n|t:|1698215854\n|-terastallize|p1a: Miraidon|Ground\n|move|p1a: Miraidon|Tera Blast|p2a: Iron Hands|[anim] Tera Blast Ground\n|-supereffective|p2a: Iron Hands\n|-damage|p2a: Iron Hands|11\/100\n|move|p2a: Iron Hands|Drain Punch|p1a: Miraidon\n|-damage|p1a: Miraidon|34\/100\n|-heal|p2a: Iron Hands|31\/100|[from] drain|[of] p1a: Miraidon\n|\n|upkeep\n|turn|11\n|\n|t:|1698215874\n|-end|p2a: Iron Hands|Quark Drive|[silent]\n|switch|p2a: Rillaboom|Rillaboom, M|15\/100 par\n|-fieldstart|move: Grassy Terrain|[from] ability: Grassy Surge|[of] p2a: Rillaboom\n|move|p1a: Miraidon|Tera Blast|p2a: Rillaboom|[anim] Tera Blast Ground\n|-resisted|p2a: Rillaboom\n|-damage|p2a: Rillaboom|0 fnt\n|faint|p2a: Rillaboom\n|\n|-heal|p1a: Miraidon|40\/100|[from] Grassy Terrain\n|upkeep\n|\n|t:|1698215881\n|switch|p2a: Dondozo|Dondozo, M|100\/100\n|turn|12\n|\n|t:|1698215896\n|switch|p1a: Koraidon|Koraidon|89\/100\n|-weather|SunnyDay|[from] ability: Orichalcum Pulse|[of] p1a: Koraidon\n|-activate|p1a: Koraidon|Orichalcum Pulse|[source]\n|move|p2a: Dondozo|Liquidation|p1a: Koraidon\n|-resisted|p1a: Koraidon\n|-damage|p1a: Koraidon|83\/100\n|\n|-weather|SunnyDay|[upkeep]\n|-heal|p1a: Koraidon|89\/100|[from] Grassy Terrain\n|upkeep\n|turn|13\n|inactive|Funni gen 3 boi has 90 seconds left.\n|\n|t:|1698215917\n|switch|p2a: Flutter Mane|Flutter Mane|100\/100\n|-activate|p2a: Flutter Mane|ability: Protosynthesis\n|-start|p2a: Flutter Mane|protosynthesisspa\n|move|p1a: Koraidon|Collision Course|p2a: Flutter Mane\n|-immune|p2a: Flutter Mane\n|\n|-weather|SunnyDay|[upkeep]\n|-heal|p1a: Koraidon|95\/100|[from] Grassy Terrain\n|upkeep\n|turn|14\n|inactive|Funni gen 3 boi has 90 seconds left.\n|\n|t:|1698215941\n|switch|p1a: Chi-Yu|Chi-Yu|100\/100\n|-ability|p1a: Chi-Yu|Beads of Ruin\n|move|p2a: Flutter Mane|Moonblast|p1a: Chi-Yu\n|-damage|p1a: Chi-Yu|38\/100\n|-unboost|p1a: Chi-Yu|spa|1\n|\n|-weather|SunnyDay|[upkeep]\n|-heal|p1a: Chi-Yu|44\/100|[from] Grassy Terrain\n|upkeep\n|turn|15\n|\n|t:|1698215964\n|move|p1a: Chi-Yu|Dark Pulse|p2a: Flutter Mane\n|-damage|p2a: Flutter Mane|63\/100\n|move|p2a: Flutter Mane|Moonblast|p1a: Chi-Yu\n|-damage|p1a: Chi-Yu|0 fnt\n|faint|p1a: Chi-Yu\n|\n|-weather|SunnyDay|[upkeep]\n|-heal|p2a: Flutter Mane|69\/100|[from] Grassy Terrain\n|-fieldend|move: Grassy Terrain\n|upkeep\n|inactive|Funni gen 3 boi has 60 seconds left.\n|\n|t:|1698215975\n|switch|p1a: Zacian|Zacian-Crowned|66\/100\n|turn|16\n|inactive|Funni gen 3 boi has 60 seconds left.\n|\n|t:|1698215986\n|-end|p2a: Flutter Mane|Protosynthesis|[silent]\n|switch|p2a: Dondozo|Dondozo, M|100\/100\n|move|p1a: Zacian|Behemoth Blade|p2a: Dondozo\n|-resisted|p2a: Dondozo\n|-damage|p2a: Dondozo|84\/100\n|\n|-weather|none\n|-heal|p2a: Dondozo|91\/100|[from] item: Leftovers\n|upkeep\n|turn|17\n|inactive|Funni gen 3 boi has 60 seconds left.\n|\n|t:|1698215998\n|move|p1a: Zacian|Play Rough|p2a: Dondozo\n|-damage|p2a: Dondozo|62\/100\n|move|p2a: Dondozo|Curse|p2a: Dondozo\n|-unboost|p2a: Dondozo|spe|1\n|-boost|p2a: Dondozo|atk|1\n|-boost|p2a: Dondozo|def|1\n|\n|-heal|p2a: Dondozo|68\/100|[from] item: Leftovers\n|upkeep\n|turn|18\n|inactive|Funni gen 3 boi has 60 seconds left.\n|\n|t:|1698216009\n|switch|p1a: Miraidon|Miraidon, tera:Ground|40\/100\n|-fieldstart|move: Electric Terrain|[from] ability: Hadron Engine|[of] p1a: Miraidon\n|move|p2a: Dondozo|Liquidation|p1a: Miraidon\n|-supereffective|p1a: Miraidon\n|-damage|p1a: Miraidon|0 fnt\n|faint|p1a: Miraidon\n|\n|-heal|p2a: Dondozo|74\/100|[from] item: Leftovers\n|upkeep\n|inactive|Funni gen 3 boi has 60 seconds left.\n|\n|t:|1698216021\n|switch|p1a: Regieleki|Regieleki|81\/100\n|turn|19\n|inactive|Funni gen 3 boi has 60 seconds left.\n|\n|t:|1698216030\n|switch|p2a: Iron Hands|Iron Hands|31\/100\n|-activate|p2a: Iron Hands|ability: Quark Drive\n|-start|p2a: Iron Hands|quarkdriveatk\n|move|p1a: Regieleki|Volt Switch|p2a: Iron Hands\n|-resisted|p2a: Iron Hands\n|-damage|p2a: Iron Hands|18\/100\n|inactive|Funni gen 3 boi has 60 seconds left.\n|\n|t:|1698216041\n|switch|p1a: Flutter Mane|Flutter Mane|100\/100|[from] Volt Switch\n|\n|upkeep\n|turn|20\n|inactive|Funni gen 3 boi has 60 seconds left.\n|\n|t:|1698216056\n|move|p1a: Flutter Mane|Energy Ball|p2a: Iron Hands\n|-damage|p2a: Iron Hands|0 fnt\n|faint|p2a: Iron Hands\n|-end|p2a: Iron Hands|Quark Drive|[silent]\n|-damage|p1a: Flutter Mane|91\/100|[from] item: Life Orb\n|\n|upkeep\n|\n|t:|1698216062\n|switch|p2a: Chi-Yu|Chi-Yu|100\/100\n|-ability|p2a: Chi-Yu|Beads of Ruin\n|turn|21\n|inactive|Funni gen 3 boi has 60 seconds left.\n|\n|t:|1698216079\n|-end|p1a: Flutter Mane|Protosynthesis|[silent]\n|switch|p1a: Koraidon|Koraidon|95\/100\n|-weather|SunnyDay|[from] ability: Orichalcum Pulse|[of] p1a: Koraidon\n|-activate|p1a: Koraidon|Orichalcum Pulse|[source]\n|move|p2a: Chi-Yu|Dark Pulse|p1a: Koraidon\n|-resisted|p1a: Koraidon\n|-damage|p1a: Koraidon|58\/100\n|\n|-weather|SunnyDay|[upkeep]\n|upkeep\n|turn|22\n|inactive|Funni gen 3 boi has 60 seconds left.\n|\n|t:|1698216097\n|switch|p2a: Flutter Mane|Flutter Mane|69\/100\n|-activate|p2a: Flutter Mane|ability: Protosynthesis\n|-start|p2a: Flutter Mane|protosynthesisspa\n|move|p1a: Koraidon|U-turn|p2a: Flutter Mane\n|-resisted|p2a: Flutter Mane\n|-damage|p2a: Flutter Mane|57\/100\n|\n|t:|1698216109\n|switch|p1a: Flutter Mane|Flutter Mane|91\/100|[from] U-turn\n|-activate|p1a: Flutter Mane|ability: Protosynthesis\n|-start|p1a: Flutter Mane|protosynthesisspe\n|\n|-weather|SunnyDay|[upkeep]\n|-fieldend|move: Electric Terrain\n|upkeep\n|turn|23\n|\n|t:|1698216125\n|move|p2a: Flutter Mane|Protect|p2a: Flutter Mane\n|-singleturn|p2a: Flutter Mane|Protect\n|move|p1a: Flutter Mane|Shadow Ball|p2a: Flutter Mane\n|-activate|p2a: Flutter Mane|move: Protect\n|\n|-weather|SunnyDay|[upkeep]\n|upkeep\n|turn|24\n|\n|t:|1698216139\n|move|p1a: Flutter Mane|Moonblast|p2a: Flutter Mane\n|-damage|p2a: Flutter Mane|0 fnt\n|faint|p2a: Flutter Mane\n|-end|p2a: Flutter Mane|Protosynthesis|[silent]\n|-damage|p1a: Flutter Mane|81\/100|[from] item: Life Orb\n|\n|-weather|SunnyDay|[upkeep]\n|upkeep\n|\n|t:|1698216148\n|switch|p2a: Chi-Yu|Chi-Yu|100\/100\n|-ability|p2a: Chi-Yu|Beads of Ruin\n|turn|25\n|\n|t:|1698216158\n|-end|p1a: Flutter Mane|Protosynthesis|[silent]\n|switch|p1a: Regieleki|Regieleki|81\/100\n|move|p2a: Chi-Yu|Flamethrower|p1a: Regieleki\n|-damage|p1a: Regieleki|0 fnt\n|faint|p1a: Regieleki\n|\n|-weather|none\n|upkeep\n|\n|t:|1698216171\n|switch|p1a: Koraidon|Koraidon|58\/100\n|-weather|SunnyDay|[from] ability: Orichalcum Pulse|[of] p1a: Koraidon\n|-activate|p1a: Koraidon|Orichalcum Pulse|[source]\n|turn|26\n|\n|t:|1698216187\n|switch|p2a: Dondozo|Dondozo, M|74\/100\n|move|p1a: Koraidon|Collision Course|p2a: Dondozo\n|-damage|p2a: Dondozo|32\/100\n|\n|-weather|SunnyDay|[upkeep]\n|-heal|p2a: Dondozo|38\/100|[from] item: Leftovers\n|upkeep\n|turn|27\n|\n|t:|1698216197\n|move|p1a: Koraidon|Collision Course|p2a: Dondozo\n|-damage|p2a: Dondozo|0 fnt\n|faint|p2a: Dondozo\n|\n|-weather|SunnyDay|[upkeep]\n|upkeep\n|\n|t:|1698216204\n|switch|p2a: Annihilape|Annihilape, M|100\/100\n|turn|28\n|\n|t:|1698216212\n|switch|p1a: Zacian|Zacian-Crowned|66\/100\n|move|p2a: Annihilape|Rage Fist|p1a: Zacian\n|-damage|p1a: Zacian|28\/100\n|\n|-weather|SunnyDay|[upkeep]\n|upkeep\n|turn|29\n|inactive|Funni gen 3 boi has 60 seconds left.\n|\n|t:|1698216220\n|move|p1a: Zacian|Play Rough|p2a: Annihilape\n|-supereffective|p2a: Annihilape\n|-damage|p2a: Annihilape|0 fnt\n|faint|p2a: Annihilape\n|\n|-weather|SunnyDay|[upkeep]\n|upkeep\n|\n|t:|1698216223\n|switch|p2a: Chi-Yu|Chi-Yu|100\/100\n|-ability|p2a: Chi-Yu|Beads of Ruin\n|turn|30\n|\n|t:|1698216233\n|-terastallize|p2a: Chi-Yu|Water\n|move|p1a: Zacian|Play Rough|p2a: Chi-Yu\n|-damage|p2a: Chi-Yu|26\/100\n|move|p2a: Chi-Yu|Flamethrower|p1a: Zacian\n|-supereffective|p1a: Zacian\n|-damage|p1a: Zacian|0 fnt\n|faint|p1a: Zacian\n|\n|-weather|none\n|upkeep\n|c|\u2606A_Chonky_Rat|Gg\n|c|\u2606Funni gen 3 boi|Gg\n|inactive|Funni gen 3 boi has 60 seconds left.\n|\n|t:|1698216245\n|switch|p1a: Flutter Mane|Flutter Mane|81\/100\n|turn|31\n|\n|t:|1698216249\n|move|p1a: Flutter Mane|Energy Ball|p2a: Chi-Yu\n|-supereffective|p2a: Chi-Yu\n|-damage|p2a: Chi-Yu|0 fnt\n|faint|p2a: Chi-Yu\n|-damage|p1a: Flutter Mane|71\/100|[from] item: Life Orb\n|\n|win|Funni gen 3 boi\n|raw|Funni gen 3 boi's rating: 1237 &rarr; <strong>1249<\/strong><br \/>(+12 for winning)\n|raw|A_Chonky_Rat's rating: 1040 &rarr; <strong>1032<\/strong><br \/>(-8 for losing)\n|l|\u2606A_Chonky_Rat\n","uploadtime":1698216263,"views":13,"p1id":"funnigen3boi","p2id":"achonkyrat","formatid":"gen9ubers","rating":1032,"private":0,"password":""}