{"id":"gen9ubers-1974362710","p1":"Snorlaxchef","p2":"EpicGamer069420","format":"[Gen 9] Ubers","log":"|j|\u2606Snorlaxchef\n|j|\u2606EpicGamer069420\n|t:|1698081004\n|gametype|singles\n|player|p1|Snorlaxchef|baker|1564\n|player|p2|EpicGamer069420|lucas|1545\n|teamsize|p1|6\n|teamsize|p2|6\n|gen|9\n|tier|[Gen 9] Ubers\n|rated|\n|rule|Sleep Clause Mod: Limit one foe put to sleep\n|rule|Species Clause: Limit one of each Pok\u00e9mon\n|rule|OHKO Clause: OHKO moves are banned\n|rule|Evasion Items Clause: Evasion items are banned\n|rule|Evasion Moves Clause: Evasion moves are banned\n|rule|Endless Battle Clause: Forcing endless battles is banned\n|rule|HP Percentage Mod: HP is shown in percentages\n|clearpoke\n|poke|p1|Corviknight, F|\n|poke|p1|Blissey, F|\n|poke|p1|Clodsire, F|\n|poke|p1|Toxapex, M|\n|poke|p1|Arceus-Fairy|\n|poke|p1|Skeledirge, M|\n|poke|p2|Annihilape, M|\n|poke|p2|Hatterene, F|\n|poke|p2|Arceus-Ground|\n|poke|p2|Clodsire, M|\n|poke|p2|Kingambit, M|\n|poke|p2|Miraidon|\n|teampreview\n|inactive|Battle timer is ON: inactive players will automatically lose when time's up. (requested by Snorlaxchef)\n|inactive|EpicGamer069420 also wants the timer to be on.\n|inactive|EpicGamer069420 has 120 seconds left.\n|j| Cyrenux\n|\n|t:|1698081037\n|start\n|switch|p1a: Arceus|Arceus-Fairy|100\/100\n|switch|p2a: Clodsire|Clodsire, M|100\/100\n|turn|1\n|inactive|Snorlaxchef has 120 seconds left.\n|\n|t:|1698081073\n|switch|p1a: Corviknight|Corviknight, F|100\/100\n|-ability|p1a: Corviknight|Pressure\n|switch|p2a: Hatterene|Hatterene, F|100\/100\n|\n|upkeep\n|turn|2\n|\n|t:|1698081078\n|switch|p2a: Annihilape|Annihilape, M|100\/100\n|move|p1a: Corviknight|Steel Wing|p2a: Annihilape\n|-damage|p2a: Annihilape|77\/100\n|-boost|p1a: Corviknight|def|1\n|\n|upkeep\n|turn|3\n|\n|t:|1698081092\n|switch|p2a: Arceus|Arceus-Ground|100\/100\n|switch|p1a: Toxapex|Toxapex, M|100\/100\n|\n|upkeep\n|turn|4\n|\n|t:|1698081098\n|switch|p2a: Hatterene|Hatterene, F|100\/100\n|move|p1a: Toxapex|Baneful Bunker||[still]\n|-fail|p1a: Toxapex\n|\n|upkeep\n|turn|5\n|\n|t:|1698081109\n|switch|p1a: Arceus|Arceus-Fairy|100\/100\n|switch|p2a: Annihilape|Annihilape, M|77\/100\n|\n|upkeep\n|turn|6\n|\n|t:|1698081113\n|switch|p2a: Clodsire|Clodsire, M|100\/100\n|move|p1a: Arceus|Judgment|p2a: Clodsire\n|-resisted|p2a: Clodsire\n|-damage|p2a: Clodsire|87\/100\n|\n|upkeep\n|turn|7\n|j| Tempo6498\n|\n|t:|1698081118\n|switch|p1a: Corviknight|Corviknight, F|100\/100\n|-ability|p1a: Corviknight|Pressure\n|move|p2a: Clodsire|Stealth Rock|p1a: Corviknight\n|-sidestart|p1: Snorlaxchef|move: Stealth Rock\n|\n|upkeep\n|turn|8\n|\n|t:|1698081146\n|switch|p1a: Toxapex|Toxapex, M|100\/100\n|-damage|p1a: Toxapex|88\/100|[from] Stealth Rock\n|switch|p2a: Arceus|Arceus-Ground|100\/100\n|\n|upkeep\n|turn|9\n|\n|t:|1698081152\n|switch|p2a: Hatterene|Hatterene, F|100\/100\n|move|p1a: Toxapex|Infestation|p2a: Hatterene\n|-damage|p2a: Hatterene|98\/100\n|-activate|p2a: Hatterene|move: Infestation|[of] p1a: Toxapex\n|\n|-heal|p2a: Hatterene|100\/100|[from] item: Leftovers\n|-damage|p2a: Hatterene|88\/100|[from] move: Infestation|[partiallytrapped]\n|upkeep\n|turn|10\n|\n|t:|1698081155\n|move|p1a: Toxapex|Baneful Bunker|p1a: Toxapex\n|-singleturn|p1a: Toxapex|move: Protect\n|move|p2a: Hatterene|Psyshock|p1a: Toxapex\n|-activate|p1a: Toxapex|move: Protect\n|\n|-heal|p2a: Hatterene|94\/100|[from] item: Leftovers\n|-damage|p2a: Hatterene|82\/100|[from] move: Infestation|[partiallytrapped]\n|upkeep\n|turn|11\n|c| Cyrenux|wth\n|\n|t:|1698081160\n|switch|p1a: Corviknight|Corviknight, F|100\/100\n|-damage|p1a: Corviknight|88\/100|[from] Stealth Rock\n|-ability|p1a: Corviknight|Pressure\n|move|p2a: Hatterene|Psyshock|p1a: Corviknight\n|-resisted|p1a: Corviknight\n|-damage|p1a: Corviknight|77\/100\n|\n|-heal|p1a: Corviknight|84\/100|[from] item: Leftovers\n|-heal|p2a: Hatterene|88\/100|[from] item: Leftovers\n|-end|p2a: Hatterene|Infestation|[partiallytrapped]|[silent]\n|upkeep\n|turn|12\n|\n|t:|1698081164\n|switch|p2a: Annihilape|Annihilape, M|77\/100\n|move|p1a: Corviknight|Defog|p2a: Annihilape\n|-unboost|p2a: Annihilape|evasion|1\n|-ability|p2a: Annihilape|Defiant|boost\n|-boost|p2a: Annihilape|atk|2\n|-sideend|p1: Snorlaxchef|Stealth Rock|[from] move: Defog|[of] p1a: Corviknight\n|\n|-heal|p1a: Corviknight|90\/100|[from] item: Leftovers\n|upkeep\n|turn|13\n|inactive|Snorlaxchef has 120 seconds left.\n|\n|t:|1698081198\n|switch|p1a: Skeledirge|Skeledirge, M|100\/100\n|move|p2a: Annihilape|Rage Fist|p1a: Skeledirge\n|-supereffective|p1a: Skeledirge\n|-damage|p1a: Skeledirge|44\/100\n|\n|upkeep\n|turn|14\n|\n|t:|1698081207\n|-terastallize|p1a: Skeledirge|Normal\n|move|p2a: Annihilape|Rage Fist|p1a: Skeledirge\n|-immune|p1a: Skeledirge\n|move|p1a: Skeledirge|Slack Off|p1a: Skeledirge\n|-heal|p1a: Skeledirge|94\/100\n|\n|upkeep\n|turn|15\n|\n|t:|1698081219\n|switch|p2a: Clodsire|Clodsire, M|87\/100\n|move|p1a: Skeledirge|Will-O-Wisp|p2a: Clodsire\n|-status|p2a: Clodsire|brn\n|\n|-damage|p2a: Clodsire|81\/100 brn|[from] brn\n|upkeep\n|turn|16\n|\n|t:|1698081226\n|switch|p1a: Clodsire|Clodsire, F|100\/100\n|move|p2a: Clodsire|Stealth Rock|p1a: Clodsire\n|-sidestart|p1: Snorlaxchef|move: Stealth Rock\n|\n|-damage|p2a: Clodsire|75\/100 brn|[from] brn\n|upkeep\n|turn|17\n|\n|t:|1698081232\n|switch|p2a: Hatterene|Hatterene, F|88\/100\n|move|p1a: Clodsire|Earthquake|p2a: Hatterene\n|-damage|p2a: Hatterene|67\/100\n|\n|-heal|p2a: Hatterene|73\/100|[from] item: Leftovers\n|upkeep\n|turn|18\n|l| Tempo6498\n|\n|t:|1698081241\n|switch|p1a: Arceus|Arceus-Fairy|100\/100\n|-damage|p1a: Arceus|88\/100|[from] Stealth Rock\n|move|p2a: Hatterene|Mystical Fire|p1a: Arceus\n|-damage|p1a: Arceus|72\/100\n|-unboost|p1a: Arceus|spa|1\n|\n|-heal|p2a: Hatterene|79\/100|[from] item: Leftovers\n|upkeep\n|turn|19\n|\n|t:|1698081253\n|switch|p2a: Clodsire|Clodsire, M|75\/100 brn\n|move|p1a: Arceus|Stealth Rock|p2a: Clodsire\n|-sidestart|p2: EpicGamer069420|move: Stealth Rock\n|\n|-damage|p2a: Clodsire|68\/100 brn|[from] brn\n|upkeep\n|turn|20\n|\n|t:|1698081275\n|switch|p1a: Corviknight|Corviknight, F|90\/100\n|-damage|p1a: Corviknight|77\/100|[from] Stealth Rock\n|-ability|p1a: Corviknight|Pressure\n|switch|p2a: Miraidon|Miraidon|100\/100\n|-fieldstart|move: Electric Terrain|[from] ability: Hadron Engine|[of] p2a: Miraidon\n|\n|-heal|p1a: Corviknight|84\/100|[from] item: Leftovers\n|upkeep\n|turn|21\n|\n|t:|1698081281\n|move|p1a: Corviknight|Protect|p1a: Corviknight\n|-singleturn|p1a: Corviknight|Protect\n|move|p2a: Miraidon|Taunt|p1a: Corviknight\n|-activate|p1a: Corviknight|move: Protect\n|\n|-heal|p1a: Corviknight|90\/100|[from] item: Leftovers\n|upkeep\n|turn|22\n|\n|t:|1698081287\n|switch|p1a: Blissey|Blissey, F|100\/100\n|-terastallize|p2a: Miraidon|Electric\n|move|p2a: Miraidon|Electro Drift|p1a: Blissey\n|-damage|p1a: Blissey|66\/100\n|\n|upkeep\n|turn|23\n|\n|t:|1698081291\n|move|p2a: Miraidon|Draco Meteor|p1a: Blissey\n|-damage|p1a: Blissey|38\/100\n|-unboost|p2a: Miraidon|spa|2\n|move|p1a: Blissey|Soft-Boiled|p1a: Blissey\n|-heal|p1a: Blissey|88\/100\n|\n|upkeep\n|turn|24\n|\n|t:|1698081309\n|move|p2a: Miraidon|Taunt|p1a: Blissey\n|-start|p1a: Blissey|move: Taunt\n|move|p1a: Blissey|Seismic Toss|p2a: Miraidon\n|-damage|p2a: Miraidon|71\/100\n|\n|-fieldend|move: Electric Terrain\n|upkeep\n|turn|25\n|inactive|EpicGamer069420 has 120 seconds left.\n|inactive|Snorlaxchef has 120 seconds left.\n|\n|t:|1698081341\n|switch|p2a: Arceus|Arceus-Ground|100\/100\n|-damage|p2a: Arceus|94\/100|[from] Stealth Rock\n|move|p1a: Blissey|Seismic Toss|p2a: Arceus\n|-damage|p2a: Arceus|72\/100\n|\n|upkeep\n|turn|26\n|\n|t:|1698081347\n|switch|p1a: Corviknight|Corviknight, F|90\/100\n|-damage|p1a: Corviknight|77\/100|[from] Stealth Rock\n|-ability|p1a: Corviknight|Pressure\n|move|p2a: Arceus|Calm Mind|p2a: Arceus\n|-boost|p2a: Arceus|spa|1\n|-boost|p2a: Arceus|spd|1\n|\n|-heal|p1a: Corviknight|84\/100|[from] item: Leftovers\n|upkeep\n|turn|27\n|\n|t:|1698081355\n|move|p1a: Corviknight|Protect|p1a: Corviknight\n|-singleturn|p1a: Corviknight|Protect\n|move|p2a: Arceus|Calm Mind|p2a: Arceus\n|-boost|p2a: Arceus|spa|1\n|-boost|p2a: Arceus|spd|1\n|\n|-heal|p1a: Corviknight|90\/100|[from] item: Leftovers\n|upkeep\n|turn|28\n|\n|t:|1698081360\n|switch|p1a: Clodsire|Clodsire, F|100\/100\n|-damage|p1a: Clodsire|94\/100|[from] Stealth Rock\n|move|p2a: Arceus|Calm Mind|p2a: Arceus\n|-boost|p2a: Arceus|spa|1\n|-boost|p2a: Arceus|spd|1\n|\n|upkeep\n|turn|29\n|\n|t:|1698081364\n|move|p2a: Arceus|Judgment|p1a: Clodsire\n|-supereffective|p1a: Clodsire\n|-damage|p1a: Clodsire|39\/100\n|move|p1a: Clodsire|Toxic|p2a: Arceus\n|-status|p2a: Arceus|tox\n|\n|-damage|p2a: Arceus|66\/100 tox|[from] psn\n|upkeep\n|turn|30\n|\n|t:|1698081378\n|move|p2a: Arceus|Ice Beam|p1a: Clodsire\n|-supereffective|p1a: Clodsire\n|-damage|p1a: Clodsire|12\/100\n|move|p1a: Clodsire|Recover|p1a: Clodsire\n|-heal|p1a: Clodsire|62\/100\n|\n|-damage|p2a: Arceus|54\/100 tox|[from] psn\n|upkeep\n|turn|31\n|\n|t:|1698081394\n|switch|p1a: Corviknight|Corviknight, F|90\/100\n|-damage|p1a: Corviknight|77\/100|[from] Stealth Rock\n|-ability|p1a: Corviknight|Pressure\n|move|p2a: Arceus|Recover|p2a: Arceus\n|-heal|p2a: Arceus|100\/100 tox\n|\n|-heal|p1a: Corviknight|84\/100|[from] item: Leftovers\n|-damage|p2a: Arceus|82\/100 tox|[from] psn\n|upkeep\n|turn|32\n|\n|t:|1698081408\n|switch|p2a: Annihilape|Annihilape, M|77\/100\n|-damage|p2a: Annihilape|71\/100|[from] Stealth Rock\n|move|p1a: Corviknight|Roost|p1a: Corviknight\n|-heal|p1a: Corviknight|100\/100\n|-singleturn|p1a: Corviknight|move: Roost\n|\n|upkeep\n|turn|33\n|\n|t:|1698081423\n|switch|p1a: Skeledirge|Skeledirge, M, tera:Normal|94\/100\n|move|p2a: Annihilape|Rage Fist|p1a: Skeledirge\n|-immune|p1a: Skeledirge\n|\n|upkeep\n|turn|34\n|\n|t:|1698081431\n|switch|p2a: Clodsire|Clodsire, M|68\/100 brn\n|move|p1a: Skeledirge|Hex|p2a: Clodsire\n|-damage|p2a: Clodsire|45\/100 brn\n|\n|-damage|p2a: Clodsire|39\/100 brn|[from] brn\n|upkeep\n|turn|35\n|\n|t:|1698081439\n|switch|p1a: Clodsire|Clodsire, F|62\/100\n|-damage|p1a: Clodsire|56\/100|[from] Stealth Rock\n|move|p2a: Clodsire|Recover|p2a: Clodsire\n|-heal|p2a: Clodsire|89\/100 brn\n|\n|-damage|p2a: Clodsire|82\/100 brn|[from] brn\n|upkeep\n|turn|36\n|\n|t:|1698081463\n|switch|p2a: Hatterene|Hatterene, F|79\/100\n|-damage|p2a: Hatterene|67\/100|[from] Stealth Rock\n|move|p1a: Clodsire|Recover|p1a: Clodsire\n|-heal|p1a: Clodsire|100\/100\n|\n|-heal|p2a: Hatterene|73\/100|[from] item: Leftovers\n|upkeep\n|turn|37\n|\n|t:|1698081484\n|switch|p1a: Arceus|Arceus-Fairy|72\/100\n|-damage|p1a: Arceus|60\/100|[from] Stealth Rock\n|move|p2a: Hatterene|Mystical Fire|p1a: Arceus\n|-damage|p1a: Arceus|45\/100\n|-unboost|p1a: Arceus|spa|1\n|\n|-heal|p2a: Hatterene|78\/100|[from] item: Leftovers\n|upkeep\n|turn|38\n|\n|t:|1698081504\n|move|p1a: Arceus|Recover|p1a: Arceus\n|-heal|p1a: Arceus|95\/100\n|move|p2a: Hatterene|Psyshock|p1a: Arceus\n|-damage|p1a: Arceus|76\/100\n|\n|-heal|p2a: Hatterene|84\/100|[from] item: Leftovers\n|upkeep\n|turn|39\n|\n|t:|1698081511\n|switch|p2a: Clodsire|Clodsire, M|82\/100 brn\n|move|p1a: Arceus|Judgment|p2a: Clodsire\n|-resisted|p2a: Clodsire\n|-damage|p2a: Clodsire|74\/100 brn\n|\n|-damage|p2a: Clodsire|68\/100 brn|[from] brn\n|upkeep\n|turn|40\n|\n|t:|1698081537\n|switch|p1a: Corviknight|Corviknight, F|100\/100\n|-damage|p1a: Corviknight|88\/100|[from] Stealth Rock\n|-ability|p1a: Corviknight|Pressure\n|switch|p2a: Miraidon|Miraidon, tera:Electric|71\/100\n|-fieldstart|move: Electric Terrain|[from] ability: Hadron Engine|[of] p2a: Miraidon\n|\n|-heal|p1a: Corviknight|94\/100|[from] item: Leftovers\n|upkeep\n|turn|41\n|\n|t:|1698081540\n|move|p1a: Corviknight|Protect|p1a: Corviknight\n|-singleturn|p1a: Corviknight|Protect\n|move|p2a: Miraidon|Taunt|p1a: Corviknight\n|-activate|p1a: Corviknight|move: Protect\n|\n|-heal|p1a: Corviknight|100\/100|[from] item: Leftovers\n|upkeep\n|turn|42\n|inactive|Snorlaxchef has 120 seconds left.\n|inactive|Snorlaxchef has 90 seconds left.\n|\n|t:|1698081600\n|switch|p1a: Blissey|Blissey, F|88\/100\n|move|p2a: Miraidon|Draco Meteor|p1a: Blissey\n|-damage|p1a: Blissey|64\/100\n|-unboost|p2a: Miraidon|spa|2\n|\n|upkeep\n|turn|43\n|\n|t:|1698081608\n|switch|p2a: Annihilape|Annihilape, M|71\/100\n|-damage|p2a: Annihilape|65\/100|[from] Stealth Rock\n|move|p1a: Blissey|Seismic Toss|p2a: Annihilape\n|-immune|p2a: Annihilape\n|\n|upkeep\n|turn|44\n|\n|t:|1698081629\n|switch|p2a: Miraidon|Miraidon, tera:Electric|71\/100\n|-activate|p2a: Miraidon|ability: Hadron Engine\n|switch|p1a: Skeledirge|Skeledirge, M, tera:Normal|94\/100\n|\n|-fieldend|move: Electric Terrain\n|upkeep\n|turn|45\n|\n|t:|1698081640\n|switch|p1a: Blissey|Blissey, F|64\/100\n|move|p2a: Miraidon|Draco Meteor|p1a: Blissey\n|-damage|p1a: Blissey|44\/100\n|-unboost|p2a: Miraidon|spa|2\n|\n|upkeep\n|turn|46\n|\n|t:|1698081643\n|move|p2a: Miraidon|Taunt|p1a: Blissey\n|-start|p1a: Blissey|move: Taunt\n|move|p1a: Blissey|Seismic Toss|p2a: Miraidon\n|-damage|p2a: Miraidon|42\/100\n|\n|upkeep\n|turn|47\n|\n|t:|1698081672\n|switch|p2a: Annihilape|Annihilape, M|65\/100\n|-damage|p2a: Annihilape|59\/100|[from] Stealth Rock\n|switch|p1a: Arceus|Arceus-Fairy|76\/100\n|-damage|p1a: Arceus|64\/100|[from] Stealth Rock\n|\n|upkeep\n|turn|48\n|inactive|Snorlaxchef has 120 seconds left.\n|inactive|EpicGamer069420 has 120 seconds left.\n|inactive|Snorlaxchef has 90 seconds left.\n|\n|t:|1698081719\n|move|p2a: Annihilape|Rage Fist|p1a: Arceus\n|-damage|p1a: Arceus|38\/100\n|move|p1a: Arceus|Roar|p2a: Annihilape\n|drag|p2a: Arceus|Arceus-Ground|82\/100 tox\n|-damage|p2a: Arceus|76\/100 tox|[from] Stealth Rock\n|\n|-damage|p2a: Arceus|70\/100 tox|[from] psn\n|upkeep\n|turn|49\n|\n|t:|1698081732\n|move|p2a: Arceus|Judgment|p1a: Arceus\n|-damage|p1a: Arceus|3\/100\n|move|p1a: Arceus|Recover|p1a: Arceus\n|-heal|p1a: Arceus|53\/100\n|\n|-damage|p2a: Arceus|58\/100 tox|[from] psn\n|upkeep\n|turn|50\n|\n|t:|1698081736\n|move|p2a: Arceus|Recover|p2a: Arceus\n|-heal|p2a: Arceus|100\/100 tox\n|move|p1a: Arceus|Recover|p1a: Arceus\n|-heal|p1a: Arceus|100\/100\n|\n|-damage|p2a: Arceus|82\/100 tox|[from] psn\n|upkeep\n|turn|51\n|\n|t:|1698081742\n|switch|p2a: Clodsire|Clodsire, M|68\/100 brn\n|switch|p1a: Blissey|Blissey, F|44\/100\n|\n|-damage|p2a: Clodsire|62\/100 brn|[from] brn\n|upkeep\n|turn|52\n|c|\u2606EpicGamer069420|ah\n|inactive|EpicGamer069420 has 120 seconds left.\n|c|\u2606EpicGamer069420|i hate this mu so much\n|\n|t:|1698081772\n|switch|p2a: Kingambit|Kingambit, M|100\/100\n|-damage|p2a: Kingambit|94\/100|[from] Stealth Rock\n|move|p1a: Blissey|Soft-Boiled|p1a: Blissey\n|-heal|p1a: Blissey|94\/100\n|\n|-heal|p2a: Kingambit|100\/100|[from] item: Leftovers\n|upkeep\n|turn|53\n|inactive|EpicGamer069420 has 120 seconds left.\n|\n|t:|1698081786\n|switch|p1a: Skeledirge|Skeledirge, M, tera:Normal|94\/100\n|-end|p2a: Kingambit|fallenundefined|[silent]\n|switch|p2a: Hatterene|Hatterene, F|84\/100\n|-damage|p2a: Hatterene|72\/100|[from] Stealth Rock\n|\n|-heal|p2a: Hatterene|78\/100|[from] item: Leftovers\n|upkeep\n|turn|54\n|c|\u2606Snorlaxchef|We talked yesterday about the 1v1\n|inactive|EpicGamer069420 has 120 seconds left.\n|c|\u2606EpicGamer069420|i remember\n|c|\u2606EpicGamer069420|i just dont like facing this\n|\n|t:|1698081821\n|switch|p2a: Clodsire|Clodsire, M|62\/100 brn\n|move|p1a: Skeledirge|Hex|p2a: Clodsire\n|-damage|p2a: Clodsire|34\/100 brn\n|\n|-damage|p2a: Clodsire|27\/100 brn|[from] brn\n|upkeep\n|turn|55\n|c|\u2606Snorlaxchef|Me neither a taunt miraidon\n|inactive|EpicGamer069420 has 90 seconds left.\n|c|\u2606Snorlaxchef|I should ko\n|\n|t:|1698081855\n|switch|p2a: Arceus|Arceus-Ground|82\/100 tox\n|-damage|p2a: Arceus|76\/100 tox|[from] Stealth Rock\n|move|p1a: Skeledirge|Hex|p2a: Arceus\n|-damage|p2a: Arceus|43\/100 tox\n|\n|-damage|p2a: Arceus|37\/100 tox|[from] psn\n|upkeep\n|turn|56\n|\n|t:|1698081867\n|move|p2a: Arceus|Recover|p2a: Arceus\n|-heal|p2a: Arceus|87\/100 tox\n|move|p1a: Skeledirge|Hex|p2a: Arceus\n|-damage|p2a: Arceus|52\/100 tox\n|\n|-damage|p2a: Arceus|40\/100 tox|[from] psn\n|upkeep\n|turn|57\n|inactive|EpicGamer069420 has 90 seconds left.\n|\n|t:|1698081898\n|move|p2a: Arceus|Judgment|p1a: Skeledirge\n|-crit|p1a: Skeledirge\n|-damage|p1a: Skeledirge|9\/100\n|move|p1a: Skeledirge|Hex|p2a: Arceus\n|-damage|p2a: Arceus|8\/100 tox\n|\n|-damage|p2a: Arceus|0 fnt|[from] psn\n|faint|p2a: Arceus\n|upkeep\n|inactive|EpicGamer069420 has 60 seconds left.\n|\n|t:|1698081912\n|switch|p2a: Miraidon|Miraidon, tera:Electric|42\/100\n|-fieldstart|move: Electric Terrain|[from] ability: Hadron Engine|[of] p2a: Miraidon\n|turn|58\n|inactive|Snorlaxchef has 120 seconds left.\n|\n|t:|1698081961\n|switch|p1a: Blissey|Blissey, F|94\/100\n|move|p2a: Miraidon|Draco Meteor|p1a: Blissey\n|-damage|p1a: Blissey|70\/100\n|-unboost|p2a: Miraidon|spa|2\n|\n|upkeep\n|turn|59\n|\n|t:|1698081972\n|switch|p2a: Annihilape|Annihilape, M|59\/100\n|-damage|p2a: Annihilape|53\/100|[from] Stealth Rock\n|move|p1a: Blissey|Soft-Boiled|p1a: Blissey\n|-heal|p1a: Blissey|100\/100\n|\n|upkeep\n|turn|60\n|inactive|Snorlaxchef has 120 seconds left.\n|\n|t:|1698081980\n|switch|p2a: Miraidon|Miraidon, tera:Electric|42\/100\n|-activate|p2a: Miraidon|ability: Hadron Engine\n|switch|p1a: Toxapex|Toxapex, M|100\/100\n|-damage|p1a: Toxapex|88\/100|[from] Stealth Rock\n|\n|upkeep\n|turn|61\n|\n|t:|1698081985\n|move|p1a: Toxapex|Baneful Bunker|p1a: Toxapex\n|-singleturn|p1a: Toxapex|move: Protect\n|move|p2a: Miraidon|Taunt|p1a: Toxapex\n|-activate|p1a: Toxapex|move: Protect\n|\n|upkeep\n|turn|62\n|\n|t:|1698082001\n|switch|p2a: Hatterene|Hatterene, F|78\/100\n|-damage|p2a: Hatterene|66\/100|[from] Stealth Rock\n|switch|p1a: Blissey|Blissey, F|100\/100\n|\n|-heal|p2a: Hatterene|72\/100|[from] item: Leftovers\n|-fieldend|move: Electric Terrain\n|upkeep\n|turn|63\n|\n|t:|1698082008\n|switch|p1a: Arceus|Arceus-Fairy|100\/100\n|-damage|p1a: Arceus|88\/100|[from] Stealth Rock\n|move|p2a: Hatterene|Psyshock|p1a: Arceus\n|-damage|p1a: Arceus|70\/100\n|\n|-heal|p2a: Hatterene|78\/100|[from] item: Leftovers\n|upkeep\n|turn|64\n|inactive|EpicGamer069420 has 90 seconds left.\n|\n|t:|1698082031\n|switch|p2a: Clodsire|Clodsire, M|27\/100 brn\n|move|p1a: Arceus|Judgment|p2a: Clodsire\n|-resisted|p2a: Clodsire\n|-damage|p2a: Clodsire|15\/100 brn\n|\n|-damage|p2a: Clodsire|9\/100 brn|[from] brn\n|upkeep\n|turn|65\n|\n|t:|1698082040\n|move|p1a: Arceus|Judgment|p2a: Clodsire\n|-resisted|p2a: Clodsire\n|-damage|p2a: Clodsire|0 fnt\n|faint|p2a: Clodsire\n|\n|upkeep\n|\n|t:|1698082052\n|switch|p2a: Miraidon|Miraidon, tera:Electric|42\/100\n|-fieldstart|move: Electric Terrain|[from] ability: Hadron Engine|[of] p2a: Miraidon\n|turn|66\n|\n|t:|1698082065\n|switch|p1a: Blissey|Blissey, F|100\/100\n|move|p2a: Miraidon|Electro Drift|p1a: Blissey\n|-crit|p1a: Blissey\n|-damage|p1a: Blissey|49\/100\n|\n|upkeep\n|turn|67\n|c|\u2606Snorlaxchef|Nice\n|inactive|EpicGamer069420 has 90 seconds left.\n|\n|t:|1698082079\n|move|p2a: Miraidon|Taunt|p1a: Blissey\n|-start|p1a: Blissey|move: Taunt\n|move|p1a: Blissey|Seismic Toss|p2a: Miraidon\n|-damage|p2a: Miraidon|13\/100\n|\n|upkeep\n|turn|68\n|inactive|EpicGamer069420 has 90 seconds left.\n|\n|t:|1698082095\n|switch|p2a: Kingambit|Kingambit, M|100\/100\n|-damage|p2a: Kingambit|94\/100|[from] Stealth Rock\n|-activate|p2a: Kingambit|ability: Supreme Overlord\n|-start|p2a: Kingambit|fallen2|[silent]\n|move|p1a: Blissey|Seismic Toss|p2a: Kingambit\n|-damage|p2a: Kingambit|69\/100\n|\n|-heal|p2a: Kingambit|75\/100|[from] item: Leftovers\n|upkeep\n|turn|69\n|\n|t:|1698082106\n|switch|p1a: Toxapex|Toxapex, M|100\/100\n|-damage|p1a: Toxapex|88\/100|[from] Stealth Rock\n|move|p2a: Kingambit|Iron Head|p1a: Toxapex\n|-resisted|p1a: Toxapex\n|-damage|p1a: Toxapex|70\/100\n|-damage|p2a: Kingambit|59\/100|[from] item: Rocky Helmet|[of] p1a: Toxapex\n|\n|-heal|p2a: Kingambit|65\/100|[from] item: Leftovers\n|upkeep\n|turn|70\n|\n|t:|1698082111\n|move|p2a: Kingambit|Swords Dance|p2a: Kingambit\n|-boost|p2a: Kingambit|atk|2\n|move|p1a: Toxapex|Infestation|p2a: Kingambit\n|-damage|p2a: Kingambit|62\/100\n|-activate|p2a: Kingambit|move: Infestation|[of] p1a: Toxapex\n|\n|-heal|p2a: Kingambit|69\/100|[from] item: Leftovers\n|-damage|p2a: Kingambit|56\/100|[from] move: Infestation|[partiallytrapped]\n|-fieldend|move: Electric Terrain\n|upkeep\n|turn|71\n|\n|t:|1698082114\n|move|p2a: Kingambit|Kowtow Cleave|p1a: Toxapex\n|-damage|p1a: Toxapex|0 fnt\n|-damage|p2a: Kingambit|40\/100|[from] item: Rocky Helmet|[of] p1a: Toxapex\n|faint|p1a: Toxapex\n|\n|-heal|p2a: Kingambit|46\/100|[from] item: Leftovers\n|-end|p2a: Kingambit|Infestation|[partiallytrapped]|[silent]\n|upkeep\n|\n|t:|1698082121\n|switch|p1a: Skeledirge|Skeledirge, M, tera:Normal|9\/100\n|turn|72\n|\n|t:|1698082126\n|-end|p2a: Kingambit|fallen2|[silent]\n|switch|p2a: Hatterene|Hatterene, F|78\/100\n|-damage|p2a: Hatterene|66\/100|[from] Stealth Rock\n|move|p1a: Skeledirge|Slack Off|p1a: Skeledirge\n|-heal|p1a: Skeledirge|59\/100\n|\n|-heal|p2a: Hatterene|72\/100|[from] item: Leftovers\n|upkeep\n|turn|73\n|inactive|EpicGamer069420 has 120 seconds left.\n|\n|t:|1698082150\n|switch|p1a: Arceus|Arceus-Fairy|70\/100\n|-damage|p1a: Arceus|57\/100|[from] Stealth Rock\n|move|p2a: Hatterene|Mystical Fire|p1a: Arceus\n|-damage|p1a: Arceus|44\/100\n|-unboost|p1a: Arceus|spa|1\n|\n|-heal|p2a: Hatterene|78\/100|[from] item: Leftovers\n|upkeep\n|turn|74\n|inactive|EpicGamer069420 has 120 seconds left.\n|\n|t:|1698082167\n|switch|p2a: Miraidon|Miraidon, tera:Electric|13\/100\n|-fieldstart|move: Electric Terrain|[from] ability: Hadron Engine|[of] p2a: Miraidon\n|move|p1a: Arceus|Recover|p1a: Arceus\n|-heal|p1a: Arceus|94\/100\n|\n|upkeep\n|turn|75\n|inactive|EpicGamer069420 has 120 seconds left.\n|\n|t:|1698082179\n|switch|p1a: Clodsire|Clodsire, F|100\/100\n|-damage|p1a: Clodsire|94\/100|[from] Stealth Rock\n|move|p2a: Miraidon|Draco Meteor|p1a: Clodsire\n|-damage|p1a: Clodsire|49\/100\n|-unboost|p2a: Miraidon|spa|2\n|\n|upkeep\n|turn|76\n|\n|t:|1698082192\n|move|p2a: Miraidon|Draco Meteor|p1a: Clodsire\n|-damage|p1a: Clodsire|1\/100\n|-unboost|p2a: Miraidon|spa|2\n|move|p1a: Clodsire|Recover|p1a: Clodsire\n|-heal|p1a: Clodsire|51\/100\n|\n|upkeep\n|turn|77\n|c|\u2606EpicGamer069420|fdgsfdgfsdgdfsg\n|\n|t:|1698082206\n|switch|p2a: Hatterene|Hatterene, F|78\/100\n|-damage|p2a: Hatterene|65\/100|[from] Stealth Rock\n|switch|p1a: Blissey|Blissey, F|49\/100\n|\n|-heal|p2a: Hatterene|71\/100|[from] item: Leftovers\n|upkeep\n|turn|78\n|\n|t:|1698082230\n|switch|p1a: Arceus|Arceus-Fairy|94\/100\n|-damage|p1a: Arceus|81\/100|[from] Stealth Rock\n|move|p2a: Hatterene|Psyshock|p1a: Arceus\n|-damage|p1a: Arceus|63\/100\n|\n|-heal|p2a: Hatterene|77\/100|[from] item: Leftovers\n|-fieldend|move: Electric Terrain\n|upkeep\n|turn|79\n|l| Cyrenux\n|inactive|EpicGamer069420 has 120 seconds left.\n|\n|t:|1698082281\n|move|p1a: Arceus|Judgment|p2a: Hatterene\n|-damage|p2a: Hatterene|30\/100\n|move|p2a: Hatterene|Mystical Fire|p1a: Arceus\n|-damage|p1a: Arceus|48\/100\n|-unboost|p1a: Arceus|spa|1\n|\n|-heal|p2a: Hatterene|36\/100|[from] item: Leftovers\n|upkeep\n|turn|80\n|\n|t:|1698082289\n|move|p1a: Arceus|Recover|p1a: Arceus\n|-heal|p1a: Arceus|98\/100\n|move|p2a: Hatterene|Draining Kiss|p1a: Arceus\n|-damage|p1a: Arceus|84\/100\n|-heal|p2a: Hatterene|51\/100|[from] drain|[of] p1a: Arceus\n|\n|-heal|p2a: Hatterene|57\/100|[from] item: Leftovers\n|upkeep\n|turn|81\n|\n|t:|1698082292\n|move|p1a: Arceus|Judgment|p2a: Hatterene\n|-damage|p2a: Hatterene|22\/100\n|move|p2a: Hatterene|Mystical Fire|p1a: Arceus\n|-damage|p1a: Arceus|70\/100\n|-unboost|p1a: Arceus|spa|1\n|\n|-heal|p2a: Hatterene|28\/100|[from] item: Leftovers\n|upkeep\n|turn|82\n|\n|t:|1698082296\n|move|p1a: Arceus|Judgment|p2a: Hatterene\n|-damage|p2a: Hatterene|1\/100\n|move|p2a: Hatterene|Draining Kiss|p1a: Arceus\n|-damage|p1a: Arceus|55\/100\n|-heal|p2a: Hatterene|17\/100|[from] drain|[of] p1a: Arceus\n|\n|-heal|p2a: Hatterene|23\/100|[from] item: Leftovers\n|upkeep\n|turn|83\n|inactive|EpicGamer069420 has 120 seconds left.\n|\n|t:|1698082323\n|switch|p2a: Annihilape|Annihilape, M|53\/100\n|-damage|p2a: Annihilape|47\/100|[from] Stealth Rock\n|move|p1a: Arceus|Judgment|p2a: Annihilape\n|-supereffective|p2a: Annihilape\n|-damage|p2a: Annihilape|0 fnt\n|faint|p2a: Annihilape\n|\n|upkeep\n|\n|t:|1698082328\n|switch|p2a: Miraidon|Miraidon, tera:Electric|13\/100\n|-fieldstart|move: Electric Terrain|[from] ability: Hadron Engine|[of] p2a: Miraidon\n|turn|84\n|inactive|Snorlaxchef has 120 seconds left.\n|\n|t:|1698082372\n|move|p2a: Miraidon|Electro Drift|p1a: Arceus\n|-damage|p1a: Arceus|0 fnt\n|faint|p1a: Arceus\n|\n|upkeep\n|\n|t:|1698082382\n|switch|p1a: Blissey|Blissey, F|49\/100\n|turn|85\n|inactive|EpicGamer069420 has 120 seconds left.\n|\n|t:|1698082391\n|move|p2a: Miraidon|Electro Drift|p1a: Blissey\n|-damage|p1a: Blissey|14\/100\n|move|p1a: Blissey|Soft-Boiled|p1a: Blissey\n|-heal|p1a: Blissey|64\/100\n|\n|upkeep\n|turn|86\n|inactive|EpicGamer069420 has 120 seconds left.\n|\n|t:|1698082411\n|move|p2a: Miraidon|Electro Drift|p1a: Blissey\n|-damage|p1a: Blissey|27\/100\n|move|p1a: Blissey|Seismic Toss|p2a: Miraidon\n|-damage|p2a: Miraidon|0 fnt\n|faint|p2a: Miraidon\n|\n|upkeep\n|\n|t:|1698082415\n|switch|p2a: Kingambit|Kingambit, M|46\/100\n|-damage|p2a: Kingambit|40\/100|[from] Stealth Rock\n|-activate|p2a: Kingambit|ability: Supreme Overlord\n|-start|p2a: Kingambit|fallen4|[silent]\n|turn|87\n|inactive|EpicGamer069420 has 120 seconds left.\n|\n|t:|1698082428\n|-end|p2a: Kingambit|fallen4|[silent]\n|switch|p2a: Hatterene|Hatterene, F|23\/100\n|-damage|p2a: Hatterene|11\/100|[from] Stealth Rock\n|move|p1a: Blissey|Seismic Toss|p2a: Hatterene\n|-damage|p2a: Hatterene|0 fnt\n|faint|p2a: Hatterene\n|\n|upkeep\n|\n|t:|1698082430\n|switch|p2a: Kingambit|Kingambit, M|40\/100\n|-damage|p2a: Kingambit|33\/100|[from] Stealth Rock\n|-activate|p2a: Kingambit|ability: Supreme Overlord\n|-start|p2a: Kingambit|fallen5|[silent]\n|turn|88\n|\n|t:|1698082436\n|move|p2a: Kingambit|Sucker Punch|p1a: Blissey\n|-damage|p1a: Blissey|0 fnt\n|faint|p1a: Blissey\n|\n|-heal|p2a: Kingambit|40\/100|[from] item: Leftovers\n|-fieldend|move: Electric Terrain\n|upkeep\n|\n|t:|1698082451\n|switch|p1a: Corviknight|Corviknight, F|100\/100\n|-damage|p1a: Corviknight|88\/100|[from] Stealth Rock\n|-ability|p1a: Corviknight|Pressure\n|turn|89\n|\n|t:|1698082457\n|move|p1a: Corviknight|Steel Wing|p2a: Kingambit\n|-resisted|p2a: Kingambit\n|-damage|p2a: Kingambit|31\/100\n|move|p2a: Kingambit|Swords Dance|p2a: Kingambit\n|-boost|p2a: Kingambit|atk|2\n|\n|-heal|p1a: Corviknight|94\/100|[from] item: Leftovers\n|-heal|p2a: Kingambit|38\/100|[from] item: Leftovers\n|upkeep\n|turn|90\n|\n|t:|1698082466\n|move|p1a: Corviknight|Steel Wing|p2a: Kingambit\n|-resisted|p2a: Kingambit\n|-damage|p2a: Kingambit|30\/100\n|move|p2a: Kingambit|Swords Dance|p2a: Kingambit\n|-boost|p2a: Kingambit|atk|2\n|\n|-heal|p1a: Corviknight|100\/100|[from] item: Leftovers\n|-heal|p2a: Kingambit|36\/100|[from] item: Leftovers\n|upkeep\n|turn|91\n|\n|t:|1698082477\n|move|p1a: Corviknight|Steel Wing|p2a: Kingambit\n|-resisted|p2a: Kingambit\n|-damage|p2a: Kingambit|29\/100\n|move|p2a: Kingambit|Kowtow Cleave|p1a: Corviknight\n|-damage|p1a: Corviknight|0 fnt\n|faint|p1a: Corviknight\n|\n|-heal|p2a: Kingambit|35\/100|[from] item: Leftovers\n|upkeep\n|\n|t:|1698082483\n|switch|p1a: Clodsire|Clodsire, F|51\/100\n|-damage|p1a: Clodsire|45\/100|[from] Stealth Rock\n|turn|92\n|\n|t:|1698082487\n|move|p2a: Kingambit|Kowtow Cleave|p1a: Clodsire\n|-damage|p1a: Clodsire|0 fnt\n|faint|p1a: Clodsire\n|\n|-heal|p2a: Kingambit|41\/100|[from] item: Leftovers\n|upkeep\n|\n|t:|1698082490\n|switch|p1a: Skeledirge|Skeledirge, M, tera:Normal|59\/100\n|turn|93\n|c|\u2606Snorlaxchef|It all comes down to this\n|inactive|EpicGamer069420 has 120 seconds left.\n|j| Bush's America\n|c|\u2606Snorlaxchef|I should ko\n|\n|t:|1698082535\n|move|p1a: Skeledirge|Will-O-Wisp|p2a: Kingambit\n|-status|p2a: Kingambit|brn\n|move|p2a: Kingambit|Kowtow Cleave|p1a: Skeledirge\n|-damage|p1a: Skeledirge|35\/100\n|\n|-heal|p2a: Kingambit|47\/100 brn|[from] item: Leftovers\n|-damage|p2a: Kingambit|41\/100 brn|[from] brn\n|upkeep\n|turn|94\n|inactive|EpicGamer069420 has 90 seconds left.\n|c|\u2606Snorlaxchef|No crit please\n|\n|t:|1698082571\n|move|p2a: Kingambit|Sucker Punch||[still]\n|-fail|p2a: Kingambit\n|move|p1a: Skeledirge|Slack Off|p1a: Skeledirge\n|-heal|p1a: Skeledirge|85\/100\n|\n|-heal|p2a: Kingambit|47\/100 brn|[from] item: Leftovers\n|-damage|p2a: Kingambit|41\/100 brn|[from] brn\n|upkeep\n|turn|95\n|\n|t:|1698082587\n|move|p2a: Kingambit|Sucker Punch|p1a: Skeledirge\n|-damage|p1a: Skeledirge|67\/100\n|move|p1a: Skeledirge|Torch Song|p2a: Kingambit\n|-supereffective|p2a: Kingambit\n|-damage|p2a: Kingambit|0 fnt\n|-boost|p1a: Skeledirge|spa|1\n|faint|p2a: Kingambit\n|-end|p2a: Kingambit|fallen5|[silent]\n|\n|win|Snorlaxchef\n|raw|Snorlaxchef's rating: 1564 &rarr; <strong>1583<\/strong><br \/>(+19 for winning)\n|raw|EpicGamer069420's rating: 1545 &rarr; <strong>1526<\/strong><br \/>(-19 for losing)\n|l| Bush's America\n|c|\u2606Snorlaxchef|Gg\n|l|\u2606EpicGamer069420\n|l|\u2606Snorlaxchef\n|j| Cyrenux\n","uploadtime":1698082983,"views":9,"p1id":"snorlaxchef","p2id":"epicgamer069420","formatid":"gen9ubers","rating":1526,"private":0,"password":""}