{"id":"gen9ubers-1973677460","p1":"Scampton","p2":"godiamsosorry","format":"[Gen 9] Ubers","log":"|j|\u2606Scampton\n|j|\u2606godiamsosorry\n|t:|1698002461\n|gametype|singles\n|player|p1|Scampton|clown|\n|player|p2|godiamsosorry|caitlin|\n|teamsize|p1|6\n|teamsize|p2|6\n|gen|9\n|tier|[Gen 9] Ubers\n|rule|Sleep Clause Mod: Limit one foe put to sleep\n|rule|Species Clause: Limit one of each Pok\u00e9mon\n|rule|OHKO Clause: OHKO moves are banned\n|rule|Evasion Items Clause: Evasion items are banned\n|rule|Evasion Moves Clause: Evasion moves are banned\n|rule|Endless Battle Clause: Forcing endless battles is banned\n|rule|HP Percentage Mod: HP is shown in percentages\n|clearpoke\n|poke|p1|Ribombee, M|\n|poke|p1|Delibird, F|\n|poke|p1|Landorus-Therian, M|\n|poke|p1|Slowking-Galar, F|\n|poke|p1|Gholdengo|\n|poke|p1|Palafin, M|\n|poke|p2|Greninja-*, F|\n|poke|p2|Slowking-Galar, M|\n|poke|p2|Lucario, F|\n|poke|p2|Pincurchin, M|\n|poke|p2|Raichu, F|\n|poke|p2|Weezing-Galar, F|\n|teampreview\n|c|\u2606godiamsosorry|This is a Silly team...\n|c|\u2606Scampton|real\n|\n|t:|1698002477\n|start\n|switch|p1a: Ribombee|Ribombee, M|100\/100\n|switch|p2a: Lucario|Lucario, F|100\/100\n|turn|1\n|\n|t:|1698002482\n|move|p1a: Ribombee|Sticky Web|p2a: Lucario\n|-sidestart|p2: godiamsosorry|move: Sticky Web\n|move|p2a: Lucario|Swords Dance|p2a: Lucario\n|-boost|p2a: Lucario|atk|2\n|\n|upkeep\n|turn|2\n|\n|t:|1698002486\n|move|p1a: Ribombee|Play Rough|p2a: Lucario\n|-damage|p2a: Lucario|52\/100\n|move|p2a: Lucario|Rock Slide|p1a: Ribombee\n|-supereffective|p1a: Ribombee\n|-enditem|p1a: Ribombee|Focus Sash\n|-damage|p1a: Ribombee|1\/100\n|-damage|p2a: Lucario|42\/100|[from] item: Life Orb\n|\n|upkeep\n|turn|3\n|c|\u2606Scampton|oooo\n|c|\u2606Scampton|scarrr\n|\n|t:|1698002500\n|move|p2a: Lucario|Extreme Speed|p1a: Ribombee\n|-damage|p1a: Ribombee|0 fnt\n|faint|p1a: Ribombee\n|-damage|p2a: Lucario|33\/100|[from] item: Life Orb\n|\n|upkeep\n|c|\u2606Scampton|word\n|\n|t:|1698002509\n|switch|p1a: Landorus|Landorus-Therian, M|100\/100\n|-ability|p1a: Landorus|Intimidate|boost\n|-unboost|p2a: Lucario|atk|1\n|turn|4\n|\n|t:|1698002513\n|move|p2a: Lucario|Extreme Speed|p1a: Landorus\n|-damage|p1a: Landorus|63\/100\n|-damage|p2a: Lucario|23\/100|[from] item: Life Orb\n|move|p1a: Landorus|Earth Power|p2a: Lucario\n|-supereffective|p2a: Lucario\n|-damage|p2a: Lucario|0 fnt\n|faint|p2a: Lucario\n|\n|-heal|p1a: Landorus|69\/100|[from] item: Leftovers\n|upkeep\n|\n|t:|1698002528\n|switch|p2a: Weezing|Weezing-Galar, F|100\/100\n|turn|5\n|\n|t:|1698002540\n|switch|p1a: Gholdengo|Gholdengo|100\/100\n|-item|p1a: Gholdengo|Air Balloon\n|move|p2a: Weezing|Defog|p1a: Gholdengo\n|-immune|p1a: Gholdengo|[from] ability: Good as Gold\n|\n|upkeep\n|turn|6\n|\n|t:|1698002543\n|move|p1a: Gholdengo|Iron Head|p2a: Weezing\n|-supereffective|p2a: Weezing\n|-damage|p2a: Weezing|65\/100\n|move|p2a: Weezing|Strange Steam|p1a: Gholdengo\n|-resisted|p1a: Gholdengo\n|-damage|p1a: Gholdengo|86\/100\n|-enditem|p1a: Gholdengo|Air Balloon\n|\n|-heal|p2a: Weezing|71\/100|[from] item: Leftovers\n|upkeep\n|turn|7\n|\n|t:|1698002549\n|switch|p2a: Slowking|Slowking-Galar, M|100\/100\n|move|p1a: Gholdengo|Poltergeist|p2a: Slowking\n|-activate|p2a: Slowking|move: Poltergeist|Heavy-Duty Boots\n|-supereffective|p2a: Slowking\n|-damage|p2a: Slowking|43\/100\n|\n|upkeep\n|turn|8\n|c|\u2606Scampton|owned\n|\n|t:|1698002554\n|switch|p2a: Greninja|Greninja, F|100\/100\n|-activate|p2a: Greninja|move: Sticky Web\n|-unboost|p2a: Greninja|spe|1\n|move|p1a: Gholdengo|Poltergeist|p2a: Greninja\n|-activate|p2a: Greninja|move: Poltergeist|Choice Band\n|-resisted|p2a: Greninja\n|-damage|p2a: Greninja|68\/100\n|\n|upkeep\n|turn|9\n|c|\u2606Scampton|wait\n|c|\u2606Scampton|wat speed is -1 gren at\n|c|\u2606godiamsosorry|251.\n|\n|t:|1698002592\n|move|p1a: Gholdengo|Thunder Punch|p2a: Greninja\n|-supereffective|p2a: Greninja\n|-damage|p2a: Greninja|12\/100\n|move|p2a: Greninja|U-turn|p1a: Gholdengo\n|-start|p2a: Greninja|typechange|Bug|[from] ability: Protean\n|-resisted|p1a: Gholdengo\n|-damage|p1a: Gholdengo|74\/100\n|\n|t:|1698002599\n|switch|p2a: Raichu|Raichu, F|100\/100|[from] U-turn\n|-activate|p2a: Raichu|move: Sticky Web\n|-unboost|p2a: Raichu|spe|1\n|\n|upkeep\n|turn|10\n|\n|t:|1698002604\n|move|p1a: Gholdengo|Poltergeist|p2a: Raichu\n|-activate|p2a: Raichu|move: Poltergeist|Choice Specs\n|-damage|p2a: Raichu|20\/100\n|move|p2a: Raichu|Surf|p1a: Gholdengo\n|-damage|p1a: Gholdengo|34\/100\n|\n|upkeep\n|turn|11\n|\n|t:|1698002613\n|move|p1a: Gholdengo|Poltergeist|p2a: Raichu\n|-activate|p2a: Raichu|move: Poltergeist|Choice Specs\n|-damage|p2a: Raichu|0 fnt\n|faint|p2a: Raichu\n|\n|upkeep\n|c|\u2606godiamsosorry|Lol this team loses to webs.\n|c|\u2606godiamsosorry|Gg.\n|\n|t:|1698002623\n|switch|p2a: Pincurchin|Pincurchin, M|100\/100\n|-activate|p2a: Pincurchin|move: Sticky Web\n|-unboost|p2a: Pincurchin|spe|1\n|-fieldstart|move: Electric Terrain|[from] ability: Electric Surge|[of] p2a: Pincurchin\n|turn|12\n|c|\u2606Scampton|i love azards\n|\n|t:|1698002630\n|switch|p1a: Landorus|Landorus-Therian, M|69\/100\n|-ability|p1a: Landorus|Intimidate|boost\n|-unboost|p2a: Pincurchin|atk|1\n|move|p2a: Pincurchin|Scald|p1a: Landorus\n|-supereffective|p1a: Landorus\n|-damage|p1a: Landorus|23\/100\n|\n|-heal|p1a: Landorus|29\/100|[from] item: Leftovers\n|upkeep\n|turn|13\n|\n|t:|1698002634\n|-terastallize|p2a: Pincurchin|Grass\n|move|p1a: Landorus|Earth Power|p2a: Pincurchin\n|-resisted|p2a: Pincurchin\n|-damage|p2a: Pincurchin|77\/100\n|-unboost|p2a: Pincurchin|spd|1\n|move|p2a: Pincurchin|Scald|p1a: Landorus\n|-supereffective|p1a: Landorus\n|-damage|p1a: Landorus|0 fnt\n|faint|p1a: Landorus\n|\n|upkeep\n|\n|t:|1698002639\n|switch|p1a: Delibird|Delibird, F|100\/100\n|turn|14\n|\n|t:|1698002644\n|move|p1a: Delibird|Ice Spinner|p2a: Pincurchin\n|-supereffective|p2a: Pincurchin\n|-damage|p2a: Pincurchin|0 fnt\n|-fieldend|move: Electric Terrain\n|faint|p2a: Pincurchin\n|\n|upkeep\n|\n|t:|1698002649\n|switch|p2a: Greninja|Greninja, F|12\/100\n|-activate|p2a: Greninja|move: Sticky Web\n|-unboost|p2a: Greninja|spe|1\n|turn|15\n|\n|t:|1698002651\n|move|p1a: Delibird|Ice Spinner|p2a: Greninja\n|-resisted|p2a: Greninja\n|-damage|p2a: Greninja|0 fnt\n|faint|p2a: Greninja\n|\n|upkeep\n|\n|t:|1698002655\n|switch|p2a: Weezing|Weezing-Galar, F|71\/100\n|turn|16\n|c|\u2606Scampton|BIIIIRD\n|\n|t:|1698002661\n|-terastallize|p1a: Delibird|Ice\n|move|p1a: Delibird|Ice Spinner|p2a: Weezing\n|-damage|p2a: Weezing|22\/100\n|move|p2a: Weezing|Strange Steam|p1a: Delibird\n|-damage|p1a: Delibird|29\/100\n|\n|-heal|p2a: Weezing|28\/100|[from] item: Leftovers\n|upkeep\n|turn|17\n|\n|t:|1698002668\n|move|p1a: Delibird|Ice Spinner|p2a: Weezing\n|-damage|p2a: Weezing|0 fnt\n|faint|p2a: Weezing\n|\n|upkeep\n|\n|t:|1698002669\n|switch|p2a: Slowking|Slowking-Galar, M|76\/100\n|turn|18\n|\n|t:|1698002671\n|move|p1a: Delibird|Ice Spinner|p2a: Slowking\n|-damage|p2a: Slowking|25\/100\n|move|p2a: Slowking|Foul Play|p1a: Delibird\n|-damage|p1a: Delibird|0 fnt\n|faint|p1a: Delibird\n|\n|upkeep\n|\n|t:|1698002674\n|switch|p1a: Gholdengo|Gholdengo|34\/100\n|turn|19\n|\n|t:|1698002677\n|move|p1a: Gholdengo|Poltergeist|p2a: Slowking|[miss]\n|-miss|p1a: Gholdengo|p2a: Slowking\n|move|p2a: Slowking|Slack Off|p2a: Slowking\n|-heal|p2a: Slowking|75\/100\n|\n|upkeep\n|turn|20\n|\n|t:|1698002679\n|move|p1a: Gholdengo|Poltergeist|p2a: Slowking\n|-activate|p2a: Slowking|move: Poltergeist|Heavy-Duty Boots\n|-supereffective|p2a: Slowking\n|-damage|p2a: Slowking|14\/100\n|move|p2a: Slowking|Foul Play|p1a: Gholdengo\n|-supereffective|p1a: Gholdengo\n|-damage|p1a: Gholdengo|0 fnt\n|faint|p1a: Gholdengo\n|\n|upkeep\n|\n|t:|1698002683\n|switch|p1a: Palafin|Palafin, M|100\/100\n|turn|21\n|c|\u2606godiamsosorry|Gg...\n|\n|t:|1698002687\n|move|p1a: Palafin|Boomburst|p2a: Slowking\n|-damage|p2a: Slowking|0 fnt\n|faint|p2a: Slowking\n|\n|win|Scampton\n|c|\u2606Scampton|geegees\n|l|\u2606godiamsosorry\n|j|\u2606godiamsosorry\n|player|p2|godiamsosorry|caitlin\n","uploadtime":1698002695,"views":15,"p1id":"scampton","p2id":"godiamsosorry","formatid":"gen9ubers","rating":0,"private":0,"password":""}