{"id":"gen9ubers-1977969292","p1":"Harun10022","p2":"sdafuehirw","format":"[Gen 9] Ubers","log":"|j|\u2606Harun10022\n|j|\u2606sdafuehirw\n|t:|1698475324\n|gametype|singles\n|player|p1|Harun10022|red|1323\n|player|p2|sdafuehirw|2|1223\n|teamsize|p1|6\n|teamsize|p2|6\n|gen|9\n|tier|[Gen 9] Ubers\n|rated|\n|rule|Sleep Clause Mod: Limit one foe put to sleep\n|rule|Species Clause: Limit one of each Pok\u00e9mon\n|rule|OHKO Clause: OHKO moves are banned\n|rule|Evasion Items Clause: Evasion items are banned\n|rule|Evasion Moves Clause: Evasion moves are banned\n|rule|Endless Battle Clause: Forcing endless battles is banned\n|rule|HP Percentage Mod: HP is shown in percentages\n|clearpoke\n|poke|p1|Chien-Pao|\n|poke|p1|Polteageist-Antique|\n|poke|p1|Torterra, M|\n|poke|p1|Glimmora, M|\n|poke|p1|Miraidon|\n|poke|p1|Koraidon|\n|poke|p2|Kleavor, F|\n|poke|p2|Sneasler, F|\n|poke|p2|Gholdengo|\n|poke|p2|Enamorus, F|\n|poke|p2|Dragapult, F|\n|poke|p2|Samurott-Hisui, M|\n|teampreview\n|inactive|Battle timer is ON: inactive players will automatically lose when time's up. (requested by Harun10022)\n|c|\u2606Harun10022|Uhh\n|c|\u2606Harun10022|I see a big problem here\n|\n|t:|1698475343\n|start\n|switch|p1a: Glimmora|Glimmora, M|100\/100\n|switch|p2a: Samurott|Samurott-Hisui, M|100\/100\n|turn|1\n|c|\u2606Harun10022|Swords dance close combat acrobatics unberden sneasler\n|\n|t:|1698475368\n|move|p2a: Samurott|Razor Shell|p1a: Glimmora\n|-supereffective|p1a: Glimmora\n|-enditem|p1a: Glimmora|Focus Sash\n|-damage|p1a: Glimmora|1\/100\n|-unboost|p1a: Glimmora|def|1\n|-activate|p1a: Glimmora|ability: Toxic Debris\n|-sidestart|p2: sdafuehirw|move: Toxic Spikes\n|move|p1a: Glimmora|Stealth Rock|p2a: Samurott\n|-sidestart|p2: sdafuehirw|move: Stealth Rock\n|\n|upkeep\n|turn|2\n|\n|t:|1698475378\n|move|p2a: Samurott|Ceaseless Edge|p1a: Glimmora\n|-damage|p1a: Glimmora|0 fnt\n|-activate|p1a: Glimmora|ability: Toxic Debris\n|-sidestart|p2: sdafuehirw|move: Toxic Spikes\n|-sidestart|p1: Harun10022|Spikes\n|faint|p1a: Glimmora\n|\n|upkeep\n|\n|t:|1698475390\n|switch|p1a: Torterra|Torterra, M|100\/100\n|-damage|p1a: Torterra|88\/100|[from] Spikes\n|turn|3\n|\n|t:|1698475394\n|move|p2a: Samurott|Ceaseless Edge|p1a: Torterra\n|-damage|p1a: Torterra|38\/100\n|-sidestart|p1: Harun10022|Spikes\n|move|p1a: Torterra|Shell Smash|p1a: Torterra\n|-unboost|p1a: Torterra|def|1\n|-unboost|p1a: Torterra|spd|1\n|-boost|p1a: Torterra|atk|2\n|-boost|p1a: Torterra|spa|2\n|-boost|p1a: Torterra|spe|2\n|\n|upkeep\n|turn|4\n|\n|t:|1698475405\n|move|p2a: Samurott|Sucker Punch|p1a: Torterra\n|-damage|p1a: Torterra|0 fnt\n|faint|p1a: Torterra\n|\n|upkeep\n|\n|t:|1698475413\n|switch|p1a: Polteageist|Polteageist-Antique|100\/100\n|-damage|p1a: Polteageist|84\/100|[from] Spikes\n|turn|5\n|\n|t:|1698475416\n|move|p2a: Samurott|Ceaseless Edge|p1a: Polteageist\n|-supereffective|p1a: Polteageist\n|-damage|p1a: Polteageist|0 fnt\n|-sidestart|p1: Harun10022|Spikes\n|faint|p1a: Polteageist\n|\n|upkeep\n|\n|t:|1698475419\n|switch|p1a: Chien-Pao|Chien-Pao|100\/100\n|-damage|p1a: Chien-Pao|76\/100|[from] Spikes\n|-ability|p1a: Chien-Pao|Sword of Ruin\n|turn|6\n|\n|t:|1698475433\n|move|p1a: Chien-Pao|Swords Dance|p1a: Chien-Pao\n|-boost|p1a: Chien-Pao|atk|2\n|move|p2a: Samurott|Razor Shell|p1a: Chien-Pao\n|-damage|p1a: Chien-Pao|6\/100\n|\n|upkeep\n|turn|7\n|\n|t:|1698475448\n|-terastallize|p1a: Chien-Pao|Dark\n|move|p1a: Chien-Pao|Sucker Punch|p2a: Samurott\n|-resisted|p2a: Samurott\n|-damage|p2a: Samurott|15\/100\n|move|p2a: Samurott|Sucker Punch||[still]\n|-fail|p2a: Samurott\n|\n|upkeep\n|turn|8\n|\n|t:|1698475456\n|switch|p2a: Sneasler|Sneasler, F|100\/100\n|-sideend|p2: sdafuehirw|move: Toxic Spikes|[of] p2a: Sneasler\n|-damage|p2a: Sneasler|95\/100|[from] Stealth Rock\n|move|p1a: Chien-Pao|Sucker Punch||[still]\n|-fail|p1a: Chien-Pao\n|\n|upkeep\n|turn|9\n|\n|t:|1698475461\n|move|p2a: Sneasler|Switcheroo|p1a: Chien-Pao\n|-activate|p2a: Sneasler|move: Trick|[of] p1a: Chien-Pao\n|-item|p1a: Chien-Pao|Choice Scarf|[from] move: Switcheroo\n|-item|p2a: Sneasler|Focus Sash|[from] move: Switcheroo\n|move|p1a: Chien-Pao|Ice Spinner|p2a: Sneasler\n|-damage|p2a: Sneasler|0 fnt\n|faint|p2a: Sneasler\n|\n|upkeep\n|\n|t:|1698475464\n|switch|p2a: Samurott|Samurott-Hisui, M|15\/100\n|-damage|p2a: Samurott|3\/100|[from] Stealth Rock\n|turn|10\n|\n|t:|1698475476\n|move|p2a: Samurott|Sucker Punch|p1a: Chien-Pao\n|-resisted|p1a: Chien-Pao\n|-damage|p1a: Chien-Pao|0 fnt\n|faint|p1a: Chien-Pao\n|\n|upkeep\n|l|\u2606Harun10022\n|inactive|Harun10022 disconnected and has a minute to reconnect!\n|player|p1|\n|inactive|Harun10022 has 30 seconds to reconnect!\n|inactive|Harun10022 has 20 seconds to reconnect!\n|inactive|Harun10022 has 15 seconds to reconnect!\n|inactive|Harun10022 has 10 seconds to reconnect!\n|inactive|Harun10022 has 5 seconds to reconnect!\n|-message|Harun10022 lost due to inactivity.\n|\n|win|sdafuehirw\n|raw|Harun10022's rating: 1323 &rarr; <strong>1297<\/strong><br \/>(-26 for losing)\n|raw|sdafuehirw's rating: 1223 &rarr; <strong>1255<\/strong><br \/>(+32 for winning)\n","uploadtime":1698475550,"views":9,"p1id":"harun10022","p2id":"sdafuehirw","formatid":"gen9ubers","rating":1255,"private":0,"password":""}