{"id":"gen9ubers-1997448422","p1":"JiroBoy64","p2":"YtheDude","format":"[Gen 9] Ubers","log":"|j|\u2606JiroBoy64\n|j|\u2606YtheDude\n|t:|1700807020\n|gametype|singles\n|player|p1|JiroBoy64|liza|1000\n|player|p2|YtheDude|266|1065\n|teamsize|p1|6\n|teamsize|p2|6\n|gen|9\n|tier|[Gen 9] Ubers\n|rated|\n|rule|Sleep Clause Mod: Limit one foe put to sleep\n|rule|Species Clause: Limit one of each Pok\u00e9mon\n|rule|OHKO Clause: OHKO moves are banned\n|rule|Evasion Items Clause: Evasion items are banned\n|rule|Evasion Moves Clause: Evasion moves are banned\n|rule|Endless Battle Clause: Forcing endless battles is banned\n|rule|HP Percentage Mod: HP is shown in percentages\n|clearpoke\n|poke|p1|Koraidon|\n|poke|p1|Ursaluna-Bloodmoon, M|\n|poke|p1|Groudon|\n|poke|p1|Gliscor, M|\n|poke|p1|Regieleki|\n|poke|p1|Chi-Yu|\n|poke|p2|Miraidon|\n|poke|p2|Chien-Pao|\n|poke|p2|Houndstone, M|\n|poke|p2|Tyranitar, F|\n|poke|p2|Iron Treads|\n|poke|p2|Ceruledge, M|\n|teampreview\n|inactive|Battle timer is ON: inactive players will automatically lose when time's up. (requested by YtheDude)\n|inactive|JiroBoy64 has 120 seconds left.\n|\n|t:|1700807077\n|start\n|switch|p1a: Gliscor|Gliscor, M|100\/100\n|switch|p2a: Ceruledge|Ceruledge, M|100\/100\n|turn|1\n|\n|t:|1700807085\n|move|p1a: Gliscor|Earthquake|p2a: Ceruledge\n|-supereffective|p2a: Ceruledge\n|-enditem|p2a: Ceruledge|Focus Sash\n|-damage|p2a: Ceruledge|1\/100\n|-ability|p2a: Ceruledge|Weak Armor|boost\n|-unboost|p2a: Ceruledge|def|1\n|-boost|p2a: Ceruledge|spe|2\n|move|p2a: Ceruledge|Swords Dance|p2a: Ceruledge\n|-boost|p2a: Ceruledge|atk|2\n|\n|-status|p1a: Gliscor|tox|[from] item: Toxic Orb\n|upkeep\n|turn|2\n|\n|t:|1700807102\n|switch|p1a: Chi-Yu|Chi-Yu|100\/100\n|-ability|p1a: Chi-Yu|Beads of Ruin\n|move|p2a: Ceruledge|Bitter Blade|p1a: Chi-Yu\n|-resisted|p1a: Chi-Yu\n|-damage|p1a: Chi-Yu|24\/100\n|-heal|p2a: Ceruledge|34\/100|[from] drain|[of] p1a: Chi-Yu\n|\n|upkeep\n|turn|3\n|\n|t:|1700807115\n|move|p2a: Ceruledge|Bitter Blade|p1a: Chi-Yu\n|-resisted|p1a: Chi-Yu\n|-damage|p1a: Chi-Yu|0 fnt\n|-heal|p2a: Ceruledge|44\/100|[from] drain|[of] p1a: Chi-Yu\n|faint|p1a: Chi-Yu\n|\n|upkeep\n|\n|t:|1700807123\n|switch|p1a: Regieleki|Regieleki|100\/100\n|turn|4\n|\n|t:|1700807127\n|move|p1a: Regieleki|Volt Switch|p2a: Ceruledge\n|-damage|p2a: Ceruledge|0 fnt\n|faint|p2a: Ceruledge\n|c|\u2606YtheDude|bull\n|\n|t:|1700807132\n|switch|p1a: Gliscor|Gliscor, M|100\/100 tox|[from] Volt Switch\n|\n|upkeep\n|\n|t:|1700807136\n|switch|p2a: Chien-Pao|Chien-Pao|100\/100\n|-ability|p2a: Chien-Pao|Sword of Ruin\n|turn|5\n|\n|t:|1700807143\n|switch|p1a: Regieleki|Regieleki|100\/100\n|move|p2a: Chien-Pao|Ice Shard|p1a: Regieleki\n|-damage|p1a: Regieleki|48\/100\n|\n|upkeep\n|turn|6\n|\n|t:|1700807166\n|-terastallize|p1a: Regieleki|Ice\n|move|p2a: Chien-Pao|Ice Shard|p1a: Regieleki\n|-resisted|p1a: Regieleki\n|-damage|p1a: Regieleki|21\/100\n|move|p1a: Regieleki|Thunder Cage|p2a: Chien-Pao\n|-damage|p2a: Chien-Pao|21\/100\n|-activate|p2a: Chien-Pao|move: Thunder Cage|[of] p1a: Regieleki\n|\n|-damage|p2a: Chien-Pao|8\/100|[from] move: Thunder Cage|[partiallytrapped]\n|upkeep\n|turn|7\n|\n|t:|1700807182\n|switch|p1a: Koraidon|Koraidon|100\/100\n|-weather|SunnyDay|[from] ability: Orichalcum Pulse|[of] p1a: Koraidon\n|-activate|p1a: Koraidon|Orichalcum Pulse|[source]\n|move|p2a: Chien-Pao|Ice Shard|p1a: Koraidon\n|-supereffective|p1a: Koraidon\n|-crit|p1a: Koraidon\n|-damage|p1a: Koraidon|28\/100\n|\n|-weather|SunnyDay|[upkeep]\n|-end|p2a: Chien-Pao|Thunder Cage|[partiallytrapped]|[silent]\n|upkeep\n|turn|8\n|\n|t:|1700807191\n|move|p2a: Chien-Pao|Ice Shard|p1a: Koraidon\n|-supereffective|p1a: Koraidon\n|-damage|p1a: Koraidon|0 fnt\n|faint|p1a: Koraidon\n|\n|-weather|SunnyDay|[upkeep]\n|upkeep\n|\n|t:|1700807197\n|switch|p1a: Regieleki|Regieleki, tera:Ice|21\/100\n|turn|9\n|\n|t:|1700807200\n|move|p2a: Chien-Pao|Ice Shard|p1a: Regieleki\n|-resisted|p1a: Regieleki\n|-damage|p1a: Regieleki|0 fnt\n|faint|p1a: Regieleki\n|\n|-weather|SunnyDay|[upkeep]\n|upkeep\n|\n|t:|1700807205\n|switch|p1a: Groudon|Groudon|100\/100\n|turn|10\n|\n|t:|1700807212\n|move|p2a: Chien-Pao|Ice Spinner|p1a: Groudon\n|-supereffective|p1a: Groudon\n|-damage|p1a: Groudon|32\/100\n|move|p1a: Groudon|Lava Plume|p2a: Chien-Pao\n|-supereffective|p2a: Chien-Pao\n|-damage|p2a: Chien-Pao|0 fnt\n|faint|p2a: Chien-Pao\n|\n|-weather|SunnyDay|[upkeep]\n|-heal|p1a: Groudon|38\/100|[from] item: Leftovers\n|upkeep\n|\n|t:|1700807221\n|switch|p2a: Miraidon|Miraidon|100\/100\n|-fieldstart|move: Electric Terrain|[from] ability: Hadron Engine|[of] p2a: Miraidon\n|turn|11\n|\n|t:|1700807227\n|-terastallize|p2a: Miraidon|Grass\n|move|p2a: Miraidon|Tera Blast|p1a: Groudon|[anim] Tera Blast Grass\n|-supereffective|p1a: Groudon\n|-damage|p1a: Groudon|0 fnt\n|faint|p1a: Groudon\n|\n|-weather|none\n|upkeep\n|\n|t:|1700807233\n|switch|p1a: Gliscor|Gliscor, M|100\/100 tox\n|turn|12\n|\n|t:|1700807238\n|move|p2a: Miraidon|Tera Blast|p1a: Gliscor|[anim] Tera Blast Grass\n|-damage|p1a: Gliscor|23\/100 tox\n|move|p1a: Gliscor|Fling|p2a: Miraidon\n|-damage|p2a: Miraidon|92\/100\n|-enditem|p1a: Gliscor|Toxic Orb|[from] move: Fling\n|\n|-heal|p1a: Gliscor|35\/100 tox|[from] ability: Poison Heal\n|upkeep\n|turn|13\n|\n|t:|1700807246\n|move|p2a: Miraidon|Tera Blast|p1a: Gliscor|[anim] Tera Blast Grass\n|-damage|p1a: Gliscor|0 fnt\n|faint|p1a: Gliscor\n|\n|upkeep\n|-message|JiroBoy64 forfeited.\n|\n|win|YtheDude\n|raw|JiroBoy64's rating: 1000 &rarr; <strong>1000<\/strong><br \/>(+0 for losing)\n|raw|YtheDude's rating: 1065 &rarr; <strong>1090<\/strong><br \/>(+25 for winning)\n|l|\u2606JiroBoy64\n|c|\u2606YtheDude|gggg\n","uploadtime":1700807255,"views":4,"p1id":"jiroboy64","p2id":"ythedude","formatid":"gen9ubers","rating":1000,"private":0,"password":""}