{"id":"gen9ubers-1992035631","p1":"IceColdd","p2":"Olie4","format":"[Gen 9] Ubers","log":"|j|\u2606IceColdd\n|j|\u2606Olie4\n|t:|1700149647\n|gametype|singles\n|player|p1|IceColdd|guzma|\n|player|p2|Olie4|lady|\n|teamsize|p1|6\n|teamsize|p2|6\n|gen|9\n|tier|[Gen 9] Ubers\n|rule|Sleep Clause Mod: Limit one foe put to sleep\n|rule|Species Clause: Limit one of each Pok\u00e9mon\n|rule|OHKO Clause: OHKO moves are banned\n|rule|Evasion Items Clause: Evasion items are banned\n|rule|Evasion Moves Clause: Evasion moves are banned\n|rule|Endless Battle Clause: Forcing endless battles is banned\n|rule|HP Percentage Mod: HP is shown in percentages\n|clearpoke\n|poke|p1|Arceus-Fire|\n|poke|p1|Palkia-Origin|\n|poke|p1|Rillaboom, M|\n|poke|p1|Sneasler, M|\n|poke|p1|Magearna|\n|poke|p1|Gholdengo|\n|poke|p2|Urshifu-*, M|\n|poke|p2|Cyclizar, F|\n|poke|p2|Heatran, F|\n|poke|p2|Landorus, M|\n|poke|p2|Zacian-*|\n|poke|p2|Sneasler, F|\n|teampreview\n|inactive|Battle timer is ON: inactive players will automatically lose when time's up. (requested by IceColdd)\n|inactive|IceColdd has 270 seconds left.\n|\n|t:|1700149682\n|start\n|switch|p1a: Rillaboom|Rillaboom, M|100\/100\n|switch|p2a: Heatran|Heatran, F|100\/100\n|-fieldstart|move: Grassy Terrain|[from] ability: Grassy Surge|[of] p1a: Rillaboom\n|turn|1\n|\n|t:|1700149693\n|move|p1a: Rillaboom|Fake Out|p2a: Heatran\n|-resisted|p2a: Heatran\n|-damage|p2a: Heatran|94\/100\n|cant|p2a: Heatran|flinch\n|\n|-heal|p2a: Heatran|99\/100|[from] Grassy Terrain\n|-heal|p2a: Heatran|100\/100|[from] item: Leftovers\n|upkeep\n|turn|2\n|\n|t:|1700149699\n|switch|p2a: Landorus|Landorus, M|100\/100\n|move|p1a: Rillaboom|High Horsepower|p2a: Landorus\n|-immune|p2a: Landorus\n|\n|upkeep\n|turn|3\n|\n|t:|1700149724\n|move|p1a: Rillaboom|Grassy Glide|p2a: Landorus\n|-damage|p2a: Landorus|53\/100\n|move|p2a: Landorus|Stealth Rock|p1a: Rillaboom\n|-sidestart|p1: IceColdd|move: Stealth Rock\n|\n|upkeep\n|turn|4\n|\n|t:|1700149729\n|move|p1a: Rillaboom|Grassy Glide|p2a: Landorus\n|-damage|p2a: Landorus|3\/100\n|move|p2a: Landorus|Sludge Bomb|p1a: Rillaboom\n|-supereffective|p1a: Rillaboom\n|-damage|p1a: Rillaboom|21\/100\n|\n|-heal|p1a: Rillaboom|27\/100|[from] Grassy Terrain\n|upkeep\n|turn|5\n|\n|t:|1700149735\n|move|p1a: Rillaboom|Grassy Glide|p2a: Landorus\n|-damage|p2a: Landorus|0 fnt\n|faint|p2a: Landorus\n|\n|-heal|p1a: Rillaboom|33\/100|[from] Grassy Terrain\n|-fieldend|move: Grassy Terrain\n|upkeep\n|\n|t:|1700149742\n|switch|p2a: Sneasler|Sneasler, F|100\/100\n|turn|6\n|\n|t:|1700149757\n|switch|p1a: Gholdengo|Gholdengo|100\/100\n|-damage|p1a: Gholdengo|94\/100|[from] Stealth Rock\n|move|p2a: Sneasler|Close Combat|p1a: Gholdengo\n|-immune|p1a: Gholdengo\n|\n|upkeep\n|turn|7\n|\n|t:|1700149773\n|switch|p2a: Heatran|Heatran, F|100\/100\n|move|p1a: Gholdengo|Shadow Ball|p2a: Heatran\n|-damage|p2a: Heatran|69\/100\n|\n|-heal|p2a: Heatran|75\/100|[from] item: Leftovers\n|upkeep\n|turn|8\n|\n|t:|1700149784\n|switch|p1a: Palkia|Palkia-Origin|100\/100\n|-damage|p1a: Palkia|88\/100|[from] Stealth Rock\n|-ability|p1a: Palkia|Pressure\n|move|p2a: Heatran|Magma Storm|p1a: Palkia\n|-resisted|p1a: Palkia\n|-damage|p1a: Palkia|76\/100\n|-activate|p1a: Palkia|move: Magma Storm|[of] p2a: Heatran\n|\n|-heal|p2a: Heatran|81\/100|[from] item: Leftovers\n|-damage|p1a: Palkia|64\/100|[from] move: Magma Storm|[partiallytrapped]\n|upkeep\n|turn|9\n|\n|t:|1700149794\n|move|p1a: Palkia|Earth Power|p2a: Heatran\n|-supereffective|p2a: Heatran\n|-damage|p2a: Heatran|0 fnt\n|faint|p2a: Heatran\n|\n|-end|p1a: Palkia|Magma Storm|[partiallytrapped]|[silent]\n|upkeep\n|\n|t:|1700149797\n|switch|p2a: Cyclizar|Cyclizar, F|100\/100\n|turn|10\n|\n|t:|1700149807\n|switch|p1a: Magearna|Magearna|100\/100\n|-damage|p1a: Magearna|94\/100|[from] Stealth Rock\n|move|p2a: Cyclizar|Shed Tail|p2a: Cyclizar\n|-start|p2a: Cyclizar|Substitute|[from] move: Shed Tail\n|-damage|p2a: Cyclizar|50\/100\n|\n|t:|1700149814\n|switch|p2a: Sneasler|Sneasler, F|100\/100|[from] Shed Tail\n|\n|-heal|p1a: Magearna|100\/100|[from] item: Leftovers\n|upkeep\n|turn|11\n|\n|t:|1700149835\n|-terastallize|p1a: Magearna|Psychic\n|move|p2a: Sneasler|Swords Dance|p2a: Sneasler\n|-boost|p2a: Sneasler|atk|2\n|move|p1a: Magearna|Shift Gear|p1a: Magearna\n|-boost|p1a: Magearna|spe|2\n|-boost|p1a: Magearna|atk|1\n|\n|upkeep\n|turn|12\n|\n|t:|1700149850\n|move|p1a: Magearna|Stored Power|p2a: Sneasler\n|-supereffective|p2a: Sneasler\n|-end|p2a: Sneasler|Substitute\n|move|p2a: Sneasler|Close Combat|p1a: Magearna\n|-resisted|p1a: Magearna\n|-damage|p1a: Magearna|33\/100\n|-unboost|p2a: Sneasler|def|1\n|-unboost|p2a: Sneasler|spd|1\n|-enditem|p2a: Sneasler|White Herb\n|-clearnegativeboost|p2a: Sneasler|[silent]\n|\n|-heal|p1a: Magearna|39\/100|[from] item: Leftovers\n|upkeep\n|turn|13\n|\n|t:|1700149855\n|move|p2a: Sneasler|Dire Claw|p1a: Magearna\n|-damage|p1a: Magearna|0 fnt\n|faint|p1a: Magearna\n|\n|upkeep\n|\n|t:|1700149865\n|switch|p1a: Rillaboom|Rillaboom, M|33\/100\n|-damage|p1a: Rillaboom|21\/100|[from] Stealth Rock\n|-fieldstart|move: Grassy Terrain|[from] ability: Grassy Surge|[of] p1a: Rillaboom\n|turn|14\n|\n|t:|1700149869\n|move|p1a: Rillaboom|Fake Out|p2a: Sneasler\n|-damage|p2a: Sneasler|74\/100\n|cant|p2a: Sneasler|flinch\n|\n|-heal|p2a: Sneasler|80\/100|[from] Grassy Terrain\n|-heal|p1a: Rillaboom|27\/100|[from] Grassy Terrain\n|upkeep\n|turn|15\n|\n|t:|1700149878\n|move|p1a: Rillaboom|Grassy Glide|p2a: Sneasler\n|-resisted|p2a: Sneasler\n|-damage|p2a: Sneasler|45\/100\n|move|p2a: Sneasler|Acrobatics|p1a: Rillaboom\n|-supereffective|p1a: Rillaboom\n|-damage|p1a: Rillaboom|0 fnt\n|faint|p1a: Rillaboom\n|\n|-heal|p2a: Sneasler|51\/100|[from] Grassy Terrain\n|upkeep\n|\n|t:|1700149894\n|switch|p1a: Arceus|Arceus-Fire|100\/100\n|-damage|p1a: Arceus|76\/100|[from] Stealth Rock\n|turn|16\n|\n|t:|1700149901\n|move|p1a: Arceus|Extreme Speed|p2a: Sneasler\n|-damage|p2a: Sneasler|1\/100\n|move|p2a: Sneasler|Close Combat|p1a: Arceus\n|-damage|p1a: Arceus|0 fnt\n|-unboost|p2a: Sneasler|def|1\n|-unboost|p2a: Sneasler|spd|1\n|faint|p1a: Arceus\n|\n|-heal|p2a: Sneasler|7\/100|[from] Grassy Terrain\n|upkeep\n|c|\u2606Olie4|LIVE\n|c|\u2606Olie4|ya but now ur sneasler comes in\n|\n|t:|1700149915\n|switch|p1a: Gholdengo|Gholdengo|94\/100\n|-damage|p1a: Gholdengo|88\/100|[from] Stealth Rock\n|turn|17\n|\n|t:|1700149923\n|move|p2a: Sneasler|Acrobatics|p1a: Gholdengo\n|-resisted|p1a: Gholdengo\n|-damage|p1a: Gholdengo|37\/100\n|move|p1a: Gholdengo|Dazzling Gleam|p2a: Sneasler\n|-damage|p2a: Sneasler|0 fnt\n|faint|p2a: Sneasler\n|\n|-heal|p1a: Gholdengo|43\/100|[from] Grassy Terrain\n|upkeep\n|\n|t:|1700149936\n|switch|p2a: Zacian|Zacian|100\/100\n|-ability|p2a: Zacian|Intrepid Sword|boost\n|-boost|p2a: Zacian|atk|1\n|turn|18\n|c|\u2606IceColdd|yours is adamant?\n|\n|t:|1700149946\n|switch|p1a: Sneasler|Sneasler, M|100\/100\n|-damage|p1a: Sneasler|95\/100|[from] Stealth Rock\n|-enditem|p1a: Sneasler|Grassy Seed\n|-boost|p1a: Sneasler|def|1|[from] item: Grassy Seed\n|move|p2a: Zacian|Play Rough|p1a: Sneasler\n|-damage|p1a: Sneasler|21\/100\n|\n|-heal|p1a: Sneasler|27\/100|[from] Grassy Terrain\n|-fieldend|move: Grassy Terrain\n|upkeep\n|turn|19\n|\n|t:|1700149956\n|move|p1a: Sneasler|Dire Claw|p2a: Zacian\n|-supereffective|p2a: Zacian\n|-damage|p2a: Zacian|22\/100\n|move|p2a: Zacian|Iron Head|p1a: Sneasler\n|-damage|p1a: Sneasler|0 fnt\n|faint|p1a: Sneasler\n|\n|upkeep\n|c|\u2606Olie4|i think im not sure\n|\n|t:|1700149966\n|switch|p1a: Gholdengo|Gholdengo|43\/100\n|-damage|p1a: Gholdengo|37\/100|[from] Stealth Rock\n|turn|20\n|c|\u2606Olie4|ya it is\n|\n|t:|1700149975\n|move|p1a: Gholdengo|Dazzling Gleam|p2a: Zacian\n|-damage|p2a: Zacian|0 fnt\n|faint|p2a: Zacian\n|\n|upkeep\n|\n|t:|1700149977\n|switch|p2a: Urshifu|Urshifu-Rapid-Strike, M|100\/100\n|turn|21\n|c|\u2606IceColdd|oh that's a misplay by my part there\n|\n|t:|1700149992\n|move|p2a: Urshifu|Surging Strikes|p1a: Gholdengo\n|-crit|p1a: Gholdengo\n|-damage|p1a: Gholdengo|14\/100\n|-crit|p1a: Gholdengo\n|-damage|p1a: Gholdengo|0 fnt\n|faint|p1a: Gholdengo\n|-hitcount|p1: Gholdengo|2\n|\n|upkeep\n|\n|t:|1700149994\n|switch|p1a: Palkia|Palkia-Origin|64\/100\n|-damage|p1a: Palkia|51\/100|[from] Stealth Rock\n|-ability|p1a: Palkia|Pressure\n|turn|22\n|c|\u2606Olie4|ya ig\n|\n|t:|1700150002\n|move|p2a: Urshifu|Surging Strikes|p1a: Palkia\n|-resisted|p1a: Palkia\n|-crit|p1a: Palkia\n|-damage|p1a: Palkia|46\/100\n|-resisted|p1a: Palkia\n|-crit|p1a: Palkia\n|-damage|p1a: Palkia|41\/100\n|-resisted|p1a: Palkia\n|-crit|p1a: Palkia\n|-damage|p1a: Palkia|36\/100\n|-hitcount|p1a: Palkia|3\n|move|p1a: Palkia|Spacial Rend|p2a: Urshifu\n|-damage|p2a: Urshifu|0 fnt\n|faint|p2a: Urshifu\n|\n|upkeep\n|\n|t:|1700150005\n|switch|p2a: Cyclizar|Cyclizar, F|83\/100\n|turn|23\n|\n|t:|1700150010\n|move|p2a: Cyclizar|Draco Meteor|p1a: Palkia\n|-supereffective|p1a: Palkia\n|-damage|p1a: Palkia|0 fnt\n|-unboost|p2a: Cyclizar|spa|2\n|faint|p1a: Palkia\n|\n|win|Olie4\n|c|\u2606Olie4|gg\n|c|\u2606IceColdd|gg wp\n|l|\u2606IceColdd\n|j|\u2606IceColdd\n|player|p1|IceColdd|guzma\n|l|\u2606Olie4\n","uploadtime":1700150021,"views":8,"p1id":"icecoldd","p2id":"olie4","formatid":"gen9ubers","rating":0,"private":0,"password":""}