{"id":"gen9ubers-1982827115","p1":"alsome1","p2":"PikaG10","format":"[Gen 9] Ubers","log":"|j|\u2606alsome1\n|j|\u2606PikaG10\n|t:|1699048767\n|gametype|singles\n|player|p1|alsome1|2|\n|player|p2|PikaG10|170|\n|teamsize|p1|6\n|teamsize|p2|6\n|gen|9\n|tier|[Gen 9] Ubers\n|rule|Sleep Clause Mod: Limit one foe put to sleep\n|rule|Species Clause: Limit one of each Pok\u00e9mon\n|rule|OHKO Clause: OHKO moves are banned\n|rule|Evasion Items Clause: Evasion items are banned\n|rule|Evasion Moves Clause: Evasion moves are banned\n|rule|Endless Battle Clause: Forcing endless battles is banned\n|rule|HP Percentage Mod: HP is shown in percentages\n|clearpoke\n|poke|p1|Sableye, F|\n|poke|p1|Iron Moth|\n|poke|p1|Iron Valiant|\n|poke|p1|Iron Hands|\n|poke|p1|Zoroark, F|\n|poke|p1|Magneton|\n|poke|p2|Annihilape, F|\n|poke|p2|Electrode-Hisui|\n|poke|p2|Muk, F|\n|poke|p2|Zapdos|\n|poke|p2|Great Tusk|\n|poke|p2|Iron Bundle|\n|teampreview\n|\n|t:|1699048801\n|start\n|switch|p1a: Iron Moth|Iron Moth|100\/100\n|switch|p2a: ballin?|Electrode-Hisui|100\/100\n|turn|1\n|\n|t:|1699048814\n|move|p2a: ballin?|Volt Switch|p1a: Iron Moth\n|-damage|p1a: Iron Moth|47\/100\n|replace|p1a: Zoroark|Zoroark, F\n|-end|p1a: Zoroark|Illusion\n|j| Ascatevil\n|\n|t:|1699048836\n|switch|p2a: the globster|Muk, F|100\/100|[from] Volt Switch\n|move|p1a: Zoroark|U-turn|p2a: the globster\n|-resisted|p2a: the globster\n|-damage|p2a: the globster|87\/100\n|-damage|p1a: Zoroark|37\/100|[from] item: Life Orb\n|\n|t:|1699048857\n|switch|p1a: The Devil|Sableye, F, shiny|100\/100|[from] U-turn\n|\n|-heal|p2a: the globster|93\/100|[from] item: Leftovers\n|upkeep\n|turn|2\n|\n|t:|1699048874\n|move|p1a: The Devil|Thunder Wave|p2a: the globster\n|-status|p2a: the globster|par\n|move|p2a: the globster|Knock Off|p1a: The Devil\n|-damage|p1a: The Devil|68\/100\n|-enditem|p1a: The Devil|Light Clay|[from] move: Knock Off|[of] p2a: the globster\n|\n|-heal|p2a: the globster|99\/100 par|[from] item: Leftovers\n|upkeep\n|turn|3\n|\n|t:|1699048887\n|move|p1a: The Devil|Light Screen|p1a: The Devil\n|-sidestart|p1: alsome1|move: Light Screen\n|move|p2a: the globster|Poison Jab|p1a: The Devil\n|-resisted|p1a: The Devil\n|-damage|p1a: The Devil|48\/100\n|\n|-heal|p2a: the globster|100\/100 par|[from] item: Leftovers\n|upkeep\n|turn|4\n|\n|t:|1699048903\n|move|p1a: The Devil|Reflect|p1a: The Devil\n|-sidestart|p1: alsome1|Reflect\n|move|p2a: the globster|Toxic|p1a: The Devil\n|-status|p1a: The Devil|tox\n|\n|-damage|p1a: The Devil|42\/100 tox|[from] psn\n|upkeep\n|turn|5\n|\n|t:|1699048914\n|switch|p1a: magnet|Magneton|100\/100\n|move|p2a: the globster|Knock Off|p1a: magnet\n|-damage|p1a: magnet|81\/100\n|-enditem|p1a: magnet|Choice Specs|[from] move: Knock Off|[of] p2a: the globster\n|\n|upkeep\n|turn|6\n|\n|t:|1699048930\n|move|p1a: magnet|Steel Beam|p2a: the globster\n|-damage|p2a: the globster|55\/100 par\n|-damage|p1a: magnet|30\/100|[from] steelbeam\n|move|p2a: the globster|Drain Punch|p1a: magnet\n|-supereffective|p1a: magnet\n|-damage|p1a: magnet|1\/100\n|-heal|p2a: the globster|64\/100 par|[from] drain|[of] p1a: magnet\n|\n|-heal|p2a: the globster|70\/100 par|[from] item: Leftovers\n|upkeep\n|turn|7\n|l| Ascatevil\n|j| Ascatevil\n|\n|t:|1699048944\n|move|p1a: magnet|Steel Beam|p2a: the globster\n|-damage|p2a: the globster|24\/100 par\n|-damage|p1a: magnet|0 fnt|[from] steelbeam\n|faint|p1a: magnet\n|move|p2a: the globster|Knock Off|p1: magnet|[notarget]\n|-fail|p2a: the globster\n|\n|-heal|p2a: the globster|30\/100 par|[from] item: Leftovers\n|-sideend|p1: alsome1|move: Light Screen\n|upkeep\n|\n|t:|1699048960\n|switch|p1a: Iron Moth|Iron Moth|37\/100\n|turn|8\n|\n|t:|1699048980\n|move|p1a: Iron Moth|Sucker Punch|p2a: the globster\n|-damage|p2a: the globster|0 fnt\n|faint|p2a: the globster\n|-damage|p1a: Iron Moth|27\/100|[from] item: Life Orb\n|\n|-sideend|p1: alsome1|Reflect\n|upkeep\n|\n|t:|1699048999\n|switch|p2a: titanic joke|Iron Bundle|100\/100\n|turn|9\n|\n|t:|1699049013\n|move|p2a: titanic joke|Flip Turn|p1a: Iron Moth\n|-damage|p1a: Iron Moth|0 fnt\n|replace|p1a: Zoroark|Zoroark, F\n|-end|p1a: Zoroark|Illusion\n|faint|p1a: Zoroark\n|\n|t:|1699049034\n|-end|p2a: titanic joke|Quark Drive|[silent]\n|switch|p2a: angry bird|Zapdos|100\/100|[from] Flip Turn\n|\n|upkeep\n|\n|t:|1699049039\n|switch|p1a: The Devil|Sableye, F, shiny|42\/100 tox\n|turn|10\n|\n|t:|1699049045\n|move|p1a: The Devil|Light Screen|p1a: The Devil\n|-sidestart|p1: alsome1|move: Light Screen\n|move|p2a: angry bird|Discharge|p1a: The Devil\n|-damage|p1a: The Devil|24\/100 tox\n|\n|-damage|p1a: The Devil|17\/100 tox|[from] psn\n|upkeep\n|turn|11\n|\n|t:|1699049055\n|move|p1a: The Devil|Reflect|p1a: The Devil\n|-sidestart|p1: alsome1|Reflect\n|move|p2a: angry bird|Discharge|p1a: The Devil\n|-damage|p1a: The Devil|0 fnt\n|faint|p1a: The Devil\n|\n|upkeep\n|\n|t:|1699049063\n|switch|p1a: Iron Moth|Iron Moth|100\/100\n|-enditem|p1a: Iron Moth|Booster Energy\n|-activate|p1a: Iron Moth|ability: Quark Drive|[fromitem]\n|-start|p1a: Iron Moth|quarkdrivespe\n|turn|12\n|\n|t:|1699049081\n|move|p1a: Iron Moth|Fiery Dance|p2a: angry bird\n|-damage|p2a: angry bird|64\/100\n|-boost|p1a: Iron Moth|spa|1\n|move|p2a: angry bird|Discharge|p1a: Iron Moth\n|-damage|p1a: Iron Moth|84\/100\n|\n|upkeep\n|turn|13\n|\n|t:|1699049103\n|switch|p2a: guy from ice age|Great Tusk|100\/100\n|-enditem|p2a: guy from ice age|Booster Energy\n|-activate|p2a: guy from ice age|ability: Protosynthesis|[fromitem]\n|-start|p2a: guy from ice age|protosynthesisatk\n|move|p1a: Iron Moth|Fiery Dance|p2a: guy from ice age\n|-damage|p2a: guy from ice age|26\/100\n|\n|upkeep\n|turn|14\n|l| Ascatevil\n|j| Ascatevil\n|\n|t:|1699049167\n|move|p1a: Iron Moth|Fiery Dance|p2a: guy from ice age\n|-damage|p2a: guy from ice age|0 fnt\n|faint|p2a: guy from ice age\n|-end|p2a: guy from ice age|Protosynthesis|[silent]\n|\n|-sideend|p1: alsome1|move: Light Screen\n|upkeep\n|\n|t:|1699049181\n|switch|p2a: titanic joke|Iron Bundle|100\/100\n|turn|15\n|\n|t:|1699049240\n|move|p1a: Iron Moth|Fiery Dance|p2a: titanic joke\n|-damage|p2a: titanic joke|0 fnt\n|-boost|p1a: Iron Moth|spa|1\n|faint|p2a: titanic joke\n|-end|p2a: titanic joke|Quark Drive|[silent]\n|\n|-sideend|p1: alsome1|Reflect\n|upkeep\n|\n|t:|1699049270\n|switch|p2a: ballin?|Electrode-Hisui|100\/100\n|turn|16\n|\n|t:|1699049291\n|-terastallize|p2a: ballin?|Fairy\n|move|p1a: Iron Moth|Fiery Dance|p2a: ballin?\n|-damage|p2a: ballin?|25\/100\n|-boost|p1a: Iron Moth|spa|1\n|move|p2a: ballin?|Thunderbolt|p1a: Iron Moth\n|-damage|p1a: Iron Moth|46\/100\n|-status|p1a: Iron Moth|par\n|\n|upkeep\n|turn|17\n|\n|t:|1699049339\n|move|p2a: ballin?|Volt Switch|p1a: Iron Moth\n|-damage|p1a: Iron Moth|17\/100 par\n|\n|t:|1699049344\n|switch|p2a: angry bird|Zapdos|64\/100|[from] Volt Switch\n|move|p1a: Iron Moth|Energy Ball|p2a: angry bird\n|-resisted|p2a: angry bird\n|-damage|p2a: angry bird|25\/100\n|\n|upkeep\n|turn|18\n|\n|t:|1699049359\n|move|p1a: Iron Moth|Sludge Wave|p2a: angry bird\n|-damage|p2a: angry bird|0 fnt\n|faint|p2a: angry bird\n|\n|upkeep\n|\n|t:|1699049363\n|switch|p2a: ballin?|Electrode-Hisui, tera:Fairy|25\/100\n|turn|19\n|l| Ascatevil\n|\n|t:|1699049367\n|move|p2a: ballin?|Thunderbolt|p1a: Iron Moth\n|-damage|p1a: Iron Moth|0 fnt\n|faint|p1a: Iron Moth\n|-end|p1a: Iron Moth|Quark Drive|[silent]\n|\n|upkeep\n|j| Ascatevil\n|\n|t:|1699049373\n|switch|p1a: Iron Hands|Iron Hands|100\/100\n|turn|20\n|\n|t:|1699049390\n|move|p2a: ballin?|Volt Switch|p1a: Iron Hands\n|-resisted|p1a: Iron Hands\n|-damage|p1a: Iron Hands|92\/100\n|\n|t:|1699049393\n|switch|p2a: harambe's revenge|Annihilape, F|100\/100|[from] Volt Switch\n|move|p1a: Iron Hands|Earthquake|p2a: harambe's revenge\n|-damage|p2a: harambe's revenge|67\/100\n|\n|-heal|p2a: harambe's revenge|73\/100|[from] item: Leftovers\n|upkeep\n|turn|21\n|\n|t:|1699049410\n|move|p2a: harambe's revenge|Bulk Up|p2a: harambe's revenge\n|-boost|p2a: harambe's revenge|atk|1\n|-boost|p2a: harambe's revenge|def|1\n|move|p1a: Iron Hands|Close Combat|p2a: harambe's revenge\n|-immune|p2a: harambe's revenge\n|\n|-heal|p2a: harambe's revenge|79\/100|[from] item: Leftovers\n|upkeep\n|turn|22\n|\n|t:|1699049422\n|move|p2a: harambe's revenge|Bulk Up|p2a: harambe's revenge\n|-boost|p2a: harambe's revenge|atk|1\n|-boost|p2a: harambe's revenge|def|1\n|move|p1a: Iron Hands|Wild Charge|p2a: harambe's revenge\n|-damage|p2a: harambe's revenge|53\/100\n|-damage|p1a: Iron Hands|86\/100|[from] Recoil\n|\n|-heal|p2a: harambe's revenge|59\/100|[from] item: Leftovers\n|upkeep\n|turn|23\n|c| Ascatevil|Throwing\n|\n|t:|1699049436\n|move|p2a: harambe's revenge|Drain Punch|p1a: Iron Hands\n|-damage|p1a: Iron Hands|47\/100\n|-heal|p2a: harambe's revenge|81\/100|[from] drain|[of] p1a: Iron Hands\n|move|p1a: Iron Hands|Earthquake|p2a: harambe's revenge\n|-damage|p2a: harambe's revenge|62\/100\n|\n|-heal|p2a: harambe's revenge|68\/100|[from] item: Leftovers\n|upkeep\n|turn|24\n|\n|t:|1699049456\n|move|p2a: harambe's revenge|Drain Punch|p1a: Iron Hands\n|-damage|p1a: Iron Hands|11\/100\n|-heal|p2a: harambe's revenge|89\/100|[from] drain|[of] p1a: Iron Hands\n|move|p1a: Iron Hands|Earthquake|p2a: harambe's revenge\n|-damage|p2a: harambe's revenge|71\/100\n|\n|-heal|p2a: harambe's revenge|77\/100|[from] item: Leftovers\n|upkeep\n|turn|25\n|\n|t:|1699049473\n|move|p2a: harambe's revenge|Drain Punch|p1a: Iron Hands\n|-damage|p1a: Iron Hands|0 fnt\n|-heal|p2a: harambe's revenge|83\/100|[from] drain|[of] p1a: Iron Hands\n|faint|p1a: Iron Hands\n|-end|p1a: Iron Hands|Quark Drive|[silent]\n|\n|-heal|p2a: harambe's revenge|89\/100|[from] item: Leftovers\n|upkeep\n|\n|t:|1699049481\n|switch|p1a: Iron Valiant|Iron Valiant|100\/100\n|-enditem|p1a: Iron Valiant|Booster Energy\n|-activate|p1a: Iron Valiant|ability: Quark Drive|[fromitem]\n|-start|p1a: Iron Valiant|quarkdrivespe\n|turn|26\n|l| Ascatevil\n|j| Ascatevil\n|l| Ascatevil\n|j| Ascatevil\n|\n|t:|1699049540\n|move|p1a: Iron Valiant|Calm Mind|p1a: Iron Valiant\n|-boost|p1a: Iron Valiant|spa|1\n|-boost|p1a: Iron Valiant|spd|1\n|move|p2a: harambe's revenge|Rage Fist|p1a: Iron Valiant\n|-damage|p1a: Iron Valiant|0 fnt\n|faint|p1a: Iron Valiant\n|-end|p1a: Iron Valiant|Quark Drive|[silent]\n|\n|win|PikaG10\n|l| Ascatevil\n|j| Ascatevil\n|c|\u2606PikaG10|ggs\n|l|\u2606alsome1\n|l| Ascatevil\n|j| Ascatevil\n|l| Ascatevil\n|j| Ascatevil\n|l| Ascatevil\n|j| Ascatevil\n|l| Ascatevil\n|l|\u2606PikaG10\n|j| Ascatevil\n|l| Ascatevil\n|j| Ascatevil\n","uploadtime":1699050222,"views":26,"p1id":"alsome1","p2id":"pikag10","formatid":"gen9ubers","rating":0,"private":0,"password":""}