{"id":"gen9ubers-1997378725","p1":"MemoG15","p2":"Rose Quarks","format":"[Gen 9] Ubers","log":"|j|\u2606MemoG15\n|j|\u2606Rose Quarks\n|t:|1700796404\n|gametype|singles\n|player|p1|MemoG15|hilbert-wonderlauncher|1212\n|player|p2|Rose Quarks|lady-gen4|1323\n|teamsize|p1|6\n|teamsize|p2|6\n|gen|9\n|tier|[Gen 9] Ubers\n|rated|\n|rule|Sleep Clause Mod: Limit one foe put to sleep\n|rule|Species Clause: Limit one of each Pok\u00e9mon\n|rule|OHKO Clause: OHKO moves are banned\n|rule|Evasion Items Clause: Evasion items are banned\n|rule|Evasion Moves Clause: Evasion moves are banned\n|rule|Endless Battle Clause: Forcing endless battles is banned\n|rule|HP Percentage Mod: HP is shown in percentages\n|clearpoke\n|poke|p1|Cyclizar, M|\n|poke|p1|Iron Bundle|\n|poke|p1|Kingambit, F|\n|poke|p1|Ogerpon-Wellspring, F|\n|poke|p1|Flutter Mane|\n|poke|p1|Chien-Pao|\n|poke|p2|Espathra, F|\n|poke|p2|Ribombee, M|\n|poke|p2|Arceus-Ground|\n|poke|p2|Grimmsnarl, M|\n|poke|p2|Zacian-*|\n|poke|p2|Miraidon|\n|teampreview\n|\n|t:|1700796416\n|start\n|switch|p1a: Ogerpon|Ogerpon-Wellspring, F|100\/100\n|switch|p2a: Grimmsnarl|Grimmsnarl, M|100\/100\n|turn|1\n|\n|t:|1700796422\n|move|p2a: Grimmsnarl|Reflect|p2a: Grimmsnarl\n|-sidestart|p2: Rose Quarks|Reflect\n|move|p1a: Ogerpon|Taunt|p2a: Grimmsnarl\n|-start|p2a: Grimmsnarl|move: Taunt\n|\n|upkeep\n|turn|2\n|\n|t:|1700796432\n|switch|p2a: That Dawg|Zacian-Crowned|100\/100\n|-ability|p2a: That Dawg|Intrepid Sword|boost\n|-boost|p2a: That Dawg|atk|1\n|move|p1a: Ogerpon|Swords Dance|p1a: Ogerpon\n|-boost|p1a: Ogerpon|atk|2\n|\n|upkeep\n|turn|3\n|\n|t:|1700796448\n|move|p2a: That Dawg|Play Rough|p1a: Ogerpon\n|-damage|p1a: Ogerpon|4\/100\n|move|p1a: Ogerpon|Ivy Cudgel|p2a: That Dawg|[anim] Ivy Cudgel Water\n|-damage|p2a: That Dawg|48\/100\n|\n|upkeep\n|turn|4\n|\n|t:|1700796468\n|move|p2a: That Dawg|Behemoth Blade|p1a: Ogerpon\n|-resisted|p1a: Ogerpon\n|-damage|p1a: Ogerpon|0 fnt\n|faint|p1a: Ogerpon\n|\n|upkeep\n|\n|t:|1700796473\n|switch|p1a: Iron Bundle|Iron Bundle, shiny|100\/100\n|-enditem|p1a: Iron Bundle|Booster Energy\n|-activate|p1a: Iron Bundle|ability: Quark Drive|[fromitem]\n|-start|p1a: Iron Bundle|quarkdrivespe\n|turn|5\n|inactive|Battle timer is ON: inactive players will automatically lose when time's up. (requested by MemoG15)\n|\n|t:|1700796484\n|switch|p2a: Miraidon|Miraidon|100\/100\n|-fieldstart|move: Electric Terrain|[from] ability: Hadron Engine|[of] p2a: Miraidon\n|move|p1a: Iron Bundle|Hydro Pump|p2a: Miraidon\n|-resisted|p2a: Miraidon\n|-damage|p2a: Miraidon|75\/100\n|\n|upkeep\n|turn|6\n|inactive|Rose Quarks has 120 seconds left.\n|\n|t:|1700796525\n|switch|p2a: That Dawg|Zacian-Crowned|48\/100\n|move|p1a: Iron Bundle|Freeze-Dry|p2a: That Dawg\n|-resisted|p2a: That Dawg\n|-damage|p2a: That Dawg|33\/100\n|\n|upkeep\n|turn|7\n|inactive|MemoG15 has 120 seconds left.\n|\n|t:|1700796557\n|move|p1a: Iron Bundle|Hydro Pump|p2a: That Dawg\n|-damage|p2a: That Dawg|0 fnt\n|faint|p2a: That Dawg\n|\n|upkeep\n|\n|t:|1700796561\n|switch|p2a: Grimmsnarl|Grimmsnarl, M|100\/100\n|turn|8\n|\n|t:|1700796567\n|move|p2a: Grimmsnarl|Light Screen|p2a: Grimmsnarl\n|-sidestart|p2: Rose Quarks|move: Light Screen\n|move|p1a: Iron Bundle|Encore|p2a: Grimmsnarl\n|-start|p2a: Grimmsnarl|Encore\n|\n|-sideend|p2: Rose Quarks|Reflect\n|upkeep\n|turn|9\n|\n|t:|1700796580\n|-end|p1a: Iron Bundle|Quark Drive|[silent]\n|switch|p1a: Cyclizar|Cyclizar, M|100\/100\n|switch|p2a: Miraidon|Miraidon|75\/100\n|-activate|p2a: Miraidon|ability: Hadron Engine\n|\n|-fieldend|move: Electric Terrain\n|upkeep\n|turn|10\n|\n|t:|1700796587\n|move|p2a: Miraidon|Volt Switch|p1a: Cyclizar\n|-resisted|p1a: Cyclizar\n|-crit|p1a: Cyclizar\n|-damage|p1a: Cyclizar|35\/100\n|-enditem|p1a: Cyclizar|Sitrus Berry|[eat]\n|-heal|p1a: Cyclizar|60\/100|[from] item: Sitrus Berry\n|-damage|p2a: Miraidon|65\/100|[from] item: Life Orb\n|\n|t:|1700796592\n|switch|p2a: Grimmsnarl|Grimmsnarl, M|100\/100|[from] Volt Switch\n|move|p1a: Cyclizar|Shed Tail|p1a: Cyclizar\n|-start|p1a: Cyclizar|Substitute|[from] move: Shed Tail\n|-damage|p1a: Cyclizar|9\/100\n|\n|t:|1700796600\n|switch|p1a: Iron Bundle|Iron Bundle, shiny|100\/100|[from] Shed Tail\n|\n|upkeep\n|turn|11\n|\n|t:|1700796610\n|move|p2a: Grimmsnarl|Parting Shot|p1a: Iron Bundle\n|-unboost|p1a: Iron Bundle|atk|1\n|-unboost|p1a: Iron Bundle|spa|1\n|\n|t:|1700796612\n|switch|p2a: Miraidon|Miraidon|65\/100|[from] Parting Shot\n|-fieldstart|move: Electric Terrain|[from] ability: Hadron Engine|[of] p2a: Miraidon\n|-activate|p1a: Iron Bundle|ability: Quark Drive\n|-start|p1a: Iron Bundle|quarkdrivespe\n|move|p1a: Iron Bundle|Taunt|p2a: Miraidon\n|-start|p2a: Miraidon|move: Taunt\n|\n|upkeep\n|turn|12\n|\n|t:|1700796615\n|move|p1a: Iron Bundle|Freeze-Dry|p2a: Miraidon\n|-supereffective|p2a: Miraidon\n|-damage|p2a: Miraidon|46\/100\n|move|p2a: Miraidon|Draco Meteor|p1a: Iron Bundle\n|-end|p1a: Iron Bundle|Substitute\n|-unboost|p2a: Miraidon|spa|2\n|-damage|p2a: Miraidon|36\/100|[from] item: Life Orb\n|\n|upkeep\n|turn|13\n|\n|t:|1700796634\n|-end|p1a: Iron Bundle|Quark Drive|[silent]\n|switch|p1a: Flutter Mane|Flutter Mane|100\/100\n|move|p2a: Miraidon|Volt Switch|p1a: Flutter Mane\n|-damage|p1a: Flutter Mane|57\/100\n|-damage|p2a: Miraidon|26\/100|[from] item: Life Orb\n|\n|t:|1700796648\n|switch|p2a: Grimmsnarl|Grimmsnarl, M|100\/100|[from] Volt Switch\n|\n|upkeep\n|turn|14\n|\n|t:|1700796676\n|move|p2a: Grimmsnarl|Taunt|p1a: Flutter Mane\n|-start|p1a: Flutter Mane|move: Taunt\n|move|p1a: Flutter Mane|Moonblast|p2a: Grimmsnarl\n|-supereffective|p2a: Grimmsnarl\n|-damage|p2a: Grimmsnarl|61\/100\n|-unboost|p2a: Grimmsnarl|spa|1\n|\n|upkeep\n|turn|15\n|\n|t:|1700796685\n|move|p2a: Grimmsnarl|Reflect|p2a: Grimmsnarl\n|-sidestart|p2: Rose Quarks|Reflect\n|move|p1a: Flutter Mane|Moonblast|p2a: Grimmsnarl\n|-supereffective|p2a: Grimmsnarl\n|-damage|p2a: Grimmsnarl|25\/100\n|\n|-sideend|p2: Rose Quarks|move: Light Screen\n|-fieldend|move: Electric Terrain\n|upkeep\n|turn|16\n|\n|t:|1700796690\n|move|p2a: Grimmsnarl|Light Screen|p2a: Grimmsnarl\n|-sidestart|p2: Rose Quarks|move: Light Screen\n|move|p1a: Flutter Mane|Moonblast|p2a: Grimmsnarl\n|-supereffective|p2a: Grimmsnarl\n|-damage|p2a: Grimmsnarl|0 fnt\n|faint|p2a: Grimmsnarl\n|\n|-end|p1a: Flutter Mane|move: Taunt\n|upkeep\n|\n|t:|1700796692\n|switch|p2a: Madonna|Espathra, F|100\/100\n|turn|17\n|\n|t:|1700796696\n|-terastallize|p2a: Madonna|Fairy\n|move|p1a: Flutter Mane|Moonblast|p2a: Madonna\n|-crit|p2a: Madonna\n|-damage|p2a: Madonna|0 fnt\n|faint|p2a: Madonna\n|\n|upkeep\n|\n|t:|1700796705\n|switch|p2a: Arceus|Arceus-Ground|100\/100\n|turn|18\n|c|\u2606MemoG15|Esto es por andar incite que incite a Grimnars\n|\n|t:|1700796725\n|move|p1a: Flutter Mane|Moonblast|p2a: Arceus\n|-damage|p2a: Arceus|83\/100\n|move|p2a: Arceus|Judgment|p1a: Flutter Mane\n|-damage|p1a: Flutter Mane|2\/100\n|\n|upkeep\n|turn|19\n|\n|t:|1700796730\n|move|p1a: Flutter Mane|Moonblast|p2a: Arceus\n|-damage|p2a: Arceus|66\/100\n|-unboost|p2a: Arceus|spa|1\n|move|p2a: Arceus|Judgment|p1a: Flutter Mane\n|-damage|p1a: Flutter Mane|0 fnt\n|faint|p1a: Flutter Mane\n|-end|p1a: Flutter Mane|Protosynthesis|[silent]\n|\n|upkeep\n|\n|t:|1700796746\n|switch|p1a: Cyclizar|Cyclizar, M|42\/100\n|turn|20\n|\n|t:|1700796760\n|move|p1a: Cyclizar|Acrobatics|p2a: Arceus\n|-damage|p2a: Arceus|58\/100\n|move|p2a: Arceus|Judgment|p1a: Cyclizar\n|-damage|p1a: Cyclizar|0 fnt\n|faint|p1a: Cyclizar\n|\n|upkeep\n|inactive|MemoG15 has 120 seconds left.\n|\n|t:|1700796797\n|switch|p1a: Chien-Pao|Chien-Pao|100\/100\n|-ability|p1a: Chien-Pao|Sword of Ruin\n|turn|21\n|\n|t:|1700796807\n|switch|p2a: Beeyonce|Ribombee, M|100\/100\n|move|p1a: Chien-Pao|Icicle Crash|p2a: Beeyonce\n|-damage|p2a: Beeyonce|50\/100\n|\n|upkeep\n|turn|22\n|\n|t:|1700796815\n|move|p1a: Chien-Pao|Icicle Crash|p2a: Beeyonce\n|-damage|p2a: Beeyonce|0 fnt\n|faint|p2a: Beeyonce\n|\n|-sideend|p2: Rose Quarks|Reflect\n|upkeep\n|\n|t:|1700796820\n|switch|p2a: Miraidon|Miraidon|26\/100\n|-fieldstart|move: Electric Terrain|[from] ability: Hadron Engine|[of] p2a: Miraidon\n|turn|23\n|\n|t:|1700796844\n|move|p1a: Chien-Pao|Crunch|p2a: Miraidon\n|-damage|p2a: Miraidon|0 fnt\n|faint|p2a: Miraidon\n|\n|-sideend|p2: Rose Quarks|move: Light Screen\n|upkeep\n|\n|t:|1700796847\n|switch|p2a: Arceus|Arceus-Ground|58\/100\n|turn|24\n|\n|t:|1700796852\n|move|p1a: Chien-Pao|Icicle Crash|p2a: Arceus\n|-supereffective|p2a: Arceus\n|-damage|p2a: Arceus|0 fnt\n|faint|p2a: Arceus\n|\n|win|MemoG15\n|raw|MemoG15's rating: 1212 &rarr; <strong>1245<\/strong><br \/>(+33 for winning)\n|raw|Rose Quarks's rating: 1323 &rarr; <strong>1297<\/strong><br \/>(-26 for losing)\n|l|\u2606Rose Quarks\n","uploadtime":1700796860,"views":10,"p1id":"memog15","p2id":"rosequarks","formatid":"gen9ubers","rating":1245,"private":0,"password":""}