{"id":"gen9ubers-1990449347","p1":"Ph0n3_Guy1987","p2":"ShinyScarfy","format":"[Gen 9] Ubers","log":"|j|\u203dPh0n3_Guy1987\n|j|\u2606ShinyScarfy\n|t:|1699972041\n|gametype|singles\n|player|p1|Ph0n3_Guy1987|policeman-gen4|1051\n|player|p2|ShinyScarfy|alec-anime|1103\n|teamsize|p1|6\n|teamsize|p2|6\n|gen|9\n|tier|[Gen 9] Ubers\n|rated|\n|rule|Sleep Clause Mod: Limit one foe put to sleep\n|rule|Species Clause: Limit one of each Pok\u00e9mon\n|rule|OHKO Clause: OHKO moves are banned\n|rule|Evasion Items Clause: Evasion items are banned\n|rule|Evasion Moves Clause: Evasion moves are banned\n|rule|Endless Battle Clause: Forcing endless battles is banned\n|rule|HP Percentage Mod: HP is shown in percentages\n|clearpoke\n|poke|p1|Hatterene, F|\n|poke|p1|Chansey, F|\n|poke|p1|Annihilape, F|\n|poke|p1|Calyrex-Ice|\n|poke|p1|Giratina|\n|poke|p1|Magearna|\n|poke|p2|Zoroark-Hisui, M|\n|poke|p2|Darkrai|\n|poke|p2|Shaymin-Sky|\n|poke|p2|Gliscor, M|\n|poke|p2|Dialga-Origin|\n|poke|p2|Ursaluna-Bloodmoon, M|\n|teampreview\n|inactive|Battle timer is ON: inactive players will automatically lose when time's up. (requested by ShinyScarfy)\n|inactive|Ph0n3_Guy1987 also wants the timer to be on.\n|\n|t:|1699972069\n|start\n|switch|p1a: Hatterene|Hatterene, F|100\/100\n|switch|p2a: Dialga|Dialga-Origin|100\/100\n|-ability|p2a: Dialga|Pressure\n|turn|1\n|\n|t:|1699972077\n|move|p2a: Dialga|Flash Cannon|p1a: Hatterene\n|-supereffective|p1a: Hatterene\n|-damage|p1a: Hatterene|9\/100\n|-unboost|p1a: Hatterene|spd|1\n|move|p1a: Hatterene|Trick Room|p1a: Hatterene\n|-fieldstart|move: Trick Room|[of] p1a: Hatterene\n|\n|upkeep\n|turn|2\n|\n|t:|1699972084\n|move|p1a: Hatterene|Light Screen|p1a: Hatterene\n|-sidestart|p1: Ph0n3_Guy1987|move: Light Screen\n|move|p2a: Dialga|Flash Cannon|p1a: Hatterene\n|-supereffective|p1a: Hatterene\n|-damage|p1a: Hatterene|0 fnt\n|faint|p1a: Hatterene\n|\n|upkeep\n|\n|t:|1699972096\n|switch|p1a: Calyrex|Calyrex-Ice|100\/100\n|-ability|p1a: Calyrex|As One\n|-ability|p1a: Calyrex|Unnerve\n|turn|3\n|\n|t:|1699972104\n|move|p1a: Calyrex|High Horsepower|p2a: Dialga\n|-supereffective|p2a: Dialga\n|-damage|p2a: Dialga|44\/100\n|move|p2a: Dialga|Flash Cannon|p1a: Calyrex\n|-supereffective|p1a: Calyrex\n|-damage|p1a: Calyrex|60\/100\n|-unboost|p1a: Calyrex|spd|1\n|-enditem|p1a: Calyrex|Weakness Policy\n|-boost|p1a: Calyrex|atk|2|[from] item: Weakness Policy\n|-boost|p1a: Calyrex|spa|2|[from] item: Weakness Policy\n|\n|upkeep\n|turn|4\n|\n|t:|1699972115\n|move|p1a: Calyrex|High Horsepower|p2a: Dialga\n|-supereffective|p2a: Dialga\n|-damage|p2a: Dialga|0 fnt\n|faint|p2a: Dialga\n|-ability|p1a: Calyrex|Chilling Neigh|boost\n|-boost|p1a: Calyrex|atk|1\n|\n|upkeep\n|\n|t:|1699972136\n|switch|p2a: Shaymin|Shaymin-Sky|100\/100\n|turn|5\n|\n|t:|1699972141\n|move|p1a: Calyrex|Glacial Lance|p2a: Shaymin\n|-supereffective|p2a: Shaymin\n|-damage|p2a: Shaymin|0 fnt\n|faint|p2a: Shaymin\n|-ability|p1a: Calyrex|Chilling Neigh|boost\n|-boost|p1a: Calyrex|atk|1\n|\n|-fieldend|move: Trick Room\n|upkeep\n|\n|t:|1699972150\n|switch|p2a: Darkrai|Darkrai|100\/100\n|turn|6\n|\n|t:|1699972164\n|move|p2a: Darkrai|Shadow Ball|p1a: Calyrex\n|-supereffective|p1a: Calyrex\n|-damage|p1a: Calyrex|17\/100\n|-unboost|p1a: Calyrex|spd|1\n|move|p1a: Calyrex|Glacial Lance|p2a: Darkrai\n|-enditem|p2a: Darkrai|Focus Sash\n|-damage|p2a: Darkrai|1\/100\n|replace|p2a: Zoroark|Zoroark-Hisui, M\n|-end|p2a: Zoroark|Illusion\n|\n|upkeep\n|turn|7\n|\n|t:|1699972177\n|switch|p1a: Chansey|Chansey, F|100\/100\n|move|p2a: Zoroark|Hyper Voice|p1a: Chansey\n|-damage|p1a: Chansey|94\/100\n|\n|upkeep\n|turn|8\n|\n|t:|1699972185\n|move|p2a: Zoroark|Nasty Plot|p2a: Zoroark\n|-boost|p2a: Zoroark|spa|2\n|move|p1a: Chansey|Stealth Rock|p2a: Zoroark\n|-sidestart|p2: ShinyScarfy|move: Stealth Rock\n|\n|upkeep\n|turn|9\n|\n|t:|1699972190\n|move|p2a: Zoroark|Nasty Plot|p2a: Zoroark\n|-boost|p2a: Zoroark|spa|2\n|move|p1a: Chansey|Thunder Wave|p2a: Zoroark\n|-status|p2a: Zoroark|par\n|\n|-sideend|p1: Ph0n3_Guy1987|move: Light Screen\n|upkeep\n|turn|10\n|\n|t:|1699972204\n|switch|p1a: Magearna|Magearna|100\/100\n|move|p2a: Zoroark|Nasty Plot|p2a: Zoroark\n|-boost|p2a: Zoroark|spa|2\n|\n|upkeep\n|turn|11\n|\n|t:|1699972210\n|move|p2a: Zoroark|Shadow Ball|p1a: Magearna\n|-damage|p1a: Magearna|0 fnt\n|faint|p1a: Magearna\n|\n|upkeep\n|\n|t:|1699972218\n|switch|p1a: Chansey|Chansey, F|94\/100\n|turn|12\n|\n|t:|1699972223\n|move|p2a: Zoroark|Hyper Voice|p1a: Chansey\n|-damage|p1a: Chansey|42\/100\n|move|p1a: Chansey|Soft-Boiled|p1a: Chansey\n|-heal|p1a: Chansey|93\/100\n|\n|upkeep\n|turn|13\n|\n|t:|1699972227\n|move|p2a: Zoroark|Hyper Voice|p1a: Chansey\n|-damage|p1a: Chansey|38\/100\n|move|p1a: Chansey|Soft-Boiled|p1a: Chansey\n|-heal|p1a: Chansey|88\/100\n|\n|upkeep\n|turn|14\n|\n|t:|1699972230\n|move|p2a: Zoroark|Hyper Voice|p1a: Chansey\n|-damage|p1a: Chansey|32\/100\n|move|p1a: Chansey|Soft-Boiled|p1a: Chansey\n|-heal|p1a: Chansey|82\/100\n|\n|upkeep\n|turn|15\n|\n|t:|1699972257\n|move|p2a: Zoroark|Shadow Ball|p1a: Chansey\n|-immune|p1a: Chansey\n|move|p1a: Chansey|Soft-Boiled|p1a: Chansey\n|-heal|p1a: Chansey|100\/100\n|\n|upkeep\n|turn|16\n|inactive|Ph0n3_Guy1987 has 120 seconds left.\n|inactive|Ph0n3_Guy1987 has 90 seconds left.\n|\n|t:|1699972316\n|move|p2a: Zoroark|Hyper Voice|p1a: Chansey\n|-damage|p1a: Chansey|46\/100\n|move|p1a: Chansey|Soft-Boiled|p1a: Chansey\n|-heal|p1a: Chansey|96\/100\n|\n|upkeep\n|turn|17\n|\n|t:|1699972324\n|move|p2a: Zoroark|Hyper Voice|p1a: Chansey\n|-damage|p1a: Chansey|36\/100\n|move|p1a: Chansey|Soft-Boiled|p1a: Chansey\n|-heal|p1a: Chansey|86\/100\n|\n|upkeep\n|turn|18\n|inactive|Ph0n3_Guy1987 has 90 seconds left.\n|\n|t:|1699972330\n|cant|p2a: Zoroark|par\n|move|p1a: Chansey|Soft-Boiled|p1a: Chansey\n|-heal|p1a: Chansey|100\/100\n|\n|upkeep\n|turn|19\n|\n|t:|1699972335\n|move|p2a: Zoroark|Hyper Voice|p1a: Chansey\n|-damage|p1a: Chansey|45\/100\n|move|p1a: Chansey|Soft-Boiled|p1a: Chansey\n|-heal|p1a: Chansey|95\/100\n|\n|upkeep\n|turn|20\n|\n|t:|1699972343\n|switch|p1a: Calyrex|Calyrex-Ice|17\/100\n|-ability|p1a: Calyrex|As One\n|-ability|p1a: Calyrex|Unnerve\n|move|p2a: Zoroark|Shadow Ball|p1a: Calyrex\n|-supereffective|p1a: Calyrex\n|-damage|p1a: Calyrex|0 fnt\n|faint|p1a: Calyrex\n|\n|upkeep\n|inactive|Ph0n3_Guy1987 has 90 seconds left.\n|\n|t:|1699972365\n|switch|p1a: Giratina|Giratina|100\/100\n|-ability|p1a: Giratina|Pressure\n|turn|21\n|\n|t:|1699972367\n|move|p1a: Giratina|Destiny Bond|p1a: Giratina\n|-singlemove|p1a: Giratina|Destiny Bond\n|move|p2a: Zoroark|Shadow Ball|p1a: Giratina\n|-supereffective|p1a: Giratina\n|-damage|p1a: Giratina|0 fnt\n|faint|p1a: Giratina\n|-activate|p1a: Giratina|move: Destiny Bond\n|faint|p2a: Zoroark\n|\n|upkeep\n|\n|t:|1699972378\n|switch|p2a: Gliscor|Gliscor, M|100\/100\n|switch|p1a: Chansey|Chansey, F|95\/100\n|-damage|p2a: Gliscor|88\/100|[from] Stealth Rock\n|turn|22\n|\n|t:|1699972387\n|switch|p1a: Annihilape|Annihilape, F|100\/100\n|move|p2a: Gliscor|Swords Dance|p2a: Gliscor\n|-boost|p2a: Gliscor|atk|2\n|\n|-status|p2a: Gliscor|tox|[from] item: Toxic Orb\n|upkeep\n|turn|23\n|\n|t:|1699972397\n|move|p2a: Gliscor|Fling|p1a: Annihilape\n|-damage|p1a: Annihilape|88\/100\n|-status|p1a: Annihilape|tox\n|-enditem|p2a: Gliscor|Toxic Orb|[from] move: Fling\n|move|p1a: Annihilape|Rage Fist|p2a: Gliscor\n|-damage|p2a: Gliscor|45\/100 tox\n|\n|-heal|p1a: Annihilape|94\/100 tox|[from] item: Leftovers\n|-heal|p2a: Gliscor|57\/100 tox|[from] ability: Poison Heal\n|-damage|p1a: Annihilape|88\/100 tox|[from] psn\n|upkeep\n|turn|24\n|inactive|Ph0n3_Guy1987 has 120 seconds left.\n|\n|t:|1699972406\n|move|p2a: Gliscor|Acrobatics|p1a: Annihilape\n|-supereffective|p1a: Annihilape\n|-damage|p1a: Annihilape|0 fnt\n|faint|p1a: Annihilape\n|\n|-heal|p2a: Gliscor|70\/100 tox|[from] ability: Poison Heal\n|upkeep\n|-message|Ph0n3_Guy1987 forfeited.\n|\n|win|ShinyScarfy\n|raw|Ph0n3_Guy1987's rating: 1051 &rarr; <strong>1036<\/strong><br \/>(-15 for losing)\n|raw|ShinyScarfy's rating: 1103 &rarr; <strong>1124<\/strong><br \/>(+21 for winning)\n|l|\u203dPh0n3_Guy1987\n","uploadtime":1699972440,"views":5,"p1id":"ph0n3guy1987","p2id":"shinyscarfy","formatid":"gen9ubers","rating":1036,"private":0,"password":""}