{"id":"gen9ubers-1985404793","p1":"Bestmaindragonite","p2":"AlicieLizzie","format":"[Gen 9] Ubers","log":"|j|\u2606Bestmaindragonite\n|j|\u2606AlicieLizzie\n|t:|1699371903\n|gametype|singles\n|player|p1|Bestmaindragonite|lillie|\n|player|p2|AlicieLizzie|marnie-masters3|\n|teamsize|p1|6\n|teamsize|p2|6\n|gen|9\n|tier|[Gen 9] Ubers\n|rule|Sleep Clause Mod: Limit one foe put to sleep\n|rule|Species Clause: Limit one of each Pok\u00e9mon\n|rule|OHKO Clause: OHKO moves are banned\n|rule|Evasion Items Clause: Evasion items are banned\n|rule|Evasion Moves Clause: Evasion moves are banned\n|rule|Endless Battle Clause: Forcing endless battles is banned\n|rule|HP Percentage Mod: HP is shown in percentages\n|clearpoke\n|poke|p1|Ninetales-Alola, F|\n|poke|p1|Baxcalibur, M|\n|poke|p1|Cloyster, M|\n|poke|p1|Arceus-Ghost|\n|poke|p1|Magearna|\n|poke|p1|Zacian-*|\n|poke|p2|Pelipper, F|\n|poke|p2|Overqwil, M|\n|poke|p2|Zapdos|\n|poke|p2|Palkia-Origin|\n|poke|p2|Landorus, M|\n|poke|p2|Arceus-Grass|\n|teampreview\n|inactive|Battle timer is ON: inactive players will automatically lose when time's up. (requested by AlicieLizzie)\n|\n|t:|1699371908\n|start\n|switch|p1a: Ninetales|Ninetales-Alola, F|100\/100\n|switch|p2a: der nebel kommt|Pelipper, F|100\/100\n|-weather|Snow|[from] ability: Snow Warning|[of] p1a: Ninetales\n|-weather|RainDance|[from] ability: Drizzle|[of] p2a: der nebel kommt\n|turn|1\n|\n|t:|1699371912\n|move|p1a: Ninetales|Freeze-Dry|p2a: der nebel kommt\n|-supereffective|p2a: der nebel kommt\n|-damage|p2a: der nebel kommt|0 fnt\n|faint|p2a: der nebel kommt\n|\n|-weather|RainDance|[upkeep]\n|upkeep\n|c|\u2606AlicieLizzie|fuck\n|\n|t:|1699371924\n|switch|p2a: sea mine|Overqwil, M|100\/100\n|turn|2\n|\n|t:|1699371950\n|switch|p1a: Magearna|Magearna|100\/100\n|move|p2a: sea mine|Liquidation|p1a: Magearna\n|-damage|p1a: Magearna|29\/100\n|\n|-weather|RainDance|[upkeep]\n|upkeep\n|turn|3\n|\n|t:|1699371955\n|switch|p1a: Ninetales|Ninetales-Alola, F|100\/100\n|-weather|Snow|[from] ability: Snow Warning|[of] p1a: Ninetales\n|move|p2a: sea mine|Liquidation|p1a: Ninetales\n|-damage|p1a: Ninetales|61\/100\n|\n|-weather|Snow|[upkeep]\n|upkeep\n|turn|4\n|\n|t:|1699371962\n|switch|p1a: Cloyster|Cloyster, M|100\/100\n|switch|p2a: fuckin honse|Palkia-Origin|100\/100\n|-ability|p2a: fuckin honse|Pressure\n|\n|-weather|Snow|[upkeep]\n|upkeep\n|turn|5\n|\n|t:|1699371974\n|switch|p1a: Arceus|Arceus-Ghost|100\/100\n|move|p2a: fuckin honse|Spacial Rend|p1a: Arceus\n|-damage|p1a: Arceus|56\/100\n|\n|-weather|Snow|[upkeep]\n|upkeep\n|turn|6\n|\n|t:|1699371981\n|move|p2a: fuckin honse|Hydro Pump|p1a: Arceus\n|-damage|p1a: Arceus|3\/100\n|move|p1a: Arceus|Judgment|p2a: fuckin honse\n|-damage|p2a: fuckin honse|56\/100\n|\n|-weather|Snow|[upkeep]\n|upkeep\n|turn|7\n|\n|t:|1699371988\n|move|p1a: Arceus|Judgment|p2a: fuckin honse\n|-damage|p2a: fuckin honse|16\/100\n|move|p2a: fuckin honse|Spacial Rend|p1a: Arceus\n|-damage|p1a: Arceus|0 fnt\n|faint|p1a: Arceus\n|\n|-weather|none\n|upkeep\n|\n|t:|1699372006\n|switch|p1a: Zacian|Zacian|100\/100\n|-ability|p1a: Zacian|Intrepid Sword|boost\n|-boost|p1a: Zacian|atk|1\n|turn|8\n|\n|t:|1699372026\n|-terastallize|p1a: Zacian|Rock\n|move|p1a: Zacian|Tera Blast|p2a: fuckin honse|[anim] Tera Blast Rock\n|-damage|p2a: fuckin honse|0 fnt\n|faint|p2a: fuckin honse\n|\n|upkeep\n|\n|t:|1699372032\n|switch|p2a: dad (with belt)|Landorus, M|100\/100\n|turn|9\n|\n|t:|1699372037\n|switch|p1a: Magearna|Magearna|29\/100\n|move|p2a: dad (with belt)|Sandsear Storm|p1a: Magearna\n|-supereffective|p1a: Magearna\n|-damage|p1a: Magearna|0 fnt\n|faint|p1a: Magearna\n|\n|upkeep\n|\n|t:|1699372044\n|switch|p1a: Ninetales|Ninetales-Alola, F|61\/100\n|-weather|Snow|[from] ability: Snow Warning|[of] p1a: Ninetales\n|turn|10\n|\n|t:|1699372046\n|move|p1a: Ninetales|Aurora Veil|p1a: Ninetales\n|-sidestart|p1: Bestmaindragonite|move: Aurora Veil\n|move|p2a: dad (with belt)|Sludge Bomb|p1a: Ninetales\n|-supereffective|p1a: Ninetales\n|-damage|p1a: Ninetales|13\/100\n|\n|-weather|Snow|[upkeep]\n|upkeep\n|turn|11\n|\n|t:|1699372052\n|move|p1a: Ninetales|Freeze-Dry|p2a: dad (with belt)\n|-supereffective|p2a: dad (with belt)\n|-crit|p2a: dad (with belt)\n|-damage|p2a: dad (with belt)|0 fnt\n|faint|p2a: dad (with belt)\n|\n|-weather|Snow|[upkeep]\n|upkeep\n|\n|t:|1699372054\n|switch|p2a: sea mine|Overqwil, M|100\/100\n|turn|12\n|\n|t:|1699372057\n|move|p2a: sea mine|Aqua Jet|p1a: Ninetales\n|-damage|p1a: Ninetales|4\/100\n|move|p1a: Ninetales|Freeze-Dry|p2a: sea mine\n|-crit|p2a: sea mine\n|-damage|p2a: sea mine|55\/100\n|\n|-weather|Snow|[upkeep]\n|upkeep\n|turn|13\n|\n|t:|1699372061\n|move|p2a: sea mine|Aqua Jet|p1a: Ninetales\n|-damage|p1a: Ninetales|0 fnt\n|faint|p1a: Ninetales\n|\n|-weather|Snow|[upkeep]\n|upkeep\n|\n|t:|1699372065\n|switch|p1a: Cloyster|Cloyster, M|100\/100\n|turn|14\n|\n|t:|1699372074\n|switch|p2a: shockzwei|Zapdos|100\/100\n|move|p1a: Cloyster|Shell Smash|p1a: Cloyster\n|-unboost|p1a: Cloyster|def|1\n|-unboost|p1a: Cloyster|spd|1\n|-boost|p1a: Cloyster|atk|2\n|-boost|p1a: Cloyster|spa|2\n|-boost|p1a: Cloyster|spe|2\n|-enditem|p1a: Cloyster|White Herb\n|-clearnegativeboost|p1a: Cloyster|[silent]\n|\n|-weather|none\n|upkeep\n|turn|15\n|\n|t:|1699372078\n|move|p1a: Cloyster|Icicle Spear|p2a: shockzwei\n|-supereffective|p2a: shockzwei\n|-damage|p2a: shockzwei|57\/100\n|-supereffective|p2a: shockzwei\n|-damage|p2a: shockzwei|6\/100\n|-supereffective|p2a: shockzwei\n|-damage|p2a: shockzwei|0 fnt\n|faint|p2a: shockzwei\n|-hitcount|p2: shockzwei|3\n|\n|upkeep\n|\n|t:|1699372080\n|switch|p2a: touch grass?|Arceus-Grass|100\/100\n|turn|16\n|\n|t:|1699372091\n|move|p1a: Cloyster|Icicle Spear|p2a: touch grass?\n|-supereffective|p2a: touch grass?\n|-damage|p2a: touch grass?|69\/100\n|-supereffective|p2a: touch grass?\n|-damage|p2a: touch grass?|39\/100\n|-supereffective|p2a: touch grass?\n|-damage|p2a: touch grass?|9\/100\n|-supereffective|p2a: touch grass?\n|-damage|p2a: touch grass?|0 fnt\n|faint|p2a: touch grass?\n|-hitcount|p2: touch grass?|4\n|\n|upkeep\n|\n|t:|1699372093\n|switch|p2a: sea mine|Overqwil, M|55\/100\n|turn|17\n|c|\u2606AlicieLizzie|gg\n|c|\u2606Bestmaindragonite|Not contact moves in grass\n|c|\u2606Bestmaindragonite|gg\n|\n|t:|1699372110\n|move|p1a: Cloyster|Shell Smash|p1a: Cloyster\n|-unboost|p1a: Cloyster|def|1\n|-unboost|p1a: Cloyster|spd|1\n|-boost|p1a: Cloyster|atk|2\n|-boost|p1a: Cloyster|spa|2\n|-boost|p1a: Cloyster|spe|2\n|move|p2a: sea mine|Gunk Shot|p1a: Cloyster\n|-damage|p1a: Cloyster|37\/100\n|\n|-sideend|p1: Bestmaindragonite|move: Aurora Veil\n|upkeep\n|turn|18\n|\n|t:|1699372116\n|move|p1a: Cloyster|Icicle Spear|p2a: sea mine\n|-damage|p2a: sea mine|18\/100\n|-damage|p2a: sea mine|0 fnt\n|faint|p2a: sea mine\n|-hitcount|p2: sea mine|2\n|\n|win|Bestmaindragonite\n","uploadtime":1699372118,"views":14,"p1id":"bestmaindragonite","p2id":"alicielizzie","formatid":"gen9ubers","rating":0,"private":0,"password":""}