{"id":"gen9ubers-1970726552","p1":"Dragon Master Rosa","p2":"N-Zoroark stan","format":"[Gen 9] Ubers","log":"|j|\u2606Dragon Master Rosa\n|j|\u2606N-Zoroark stan\n|t:|1697661559\n|gametype|singles\n|player|p1|Dragon Master Rosa|dragontamer-gen9|\n|player|p2|N-Zoroark stan|riley|\n|teamsize|p1|6\n|teamsize|p2|6\n|gen|9\n|tier|[Gen 9] Ubers\n|rule|Sleep Clause Mod: Limit one foe put to sleep\n|rule|Species Clause: Limit one of each Pok\u00e9mon\n|rule|OHKO Clause: OHKO moves are banned\n|rule|Evasion Items Clause: Evasion items are banned\n|rule|Evasion Moves Clause: Evasion moves are banned\n|rule|Endless Battle Clause: Forcing endless battles is banned\n|rule|HP Percentage Mod: HP is shown in percentages\n|clearpoke\n|poke|p1|Iron Hands|\n|poke|p1|Eelektross, F|\n|poke|p1|Pincurchin, F|\n|poke|p1|Thundurus, M|\n|poke|p1|Sandy Shocks|\n|poke|p1|Toxtricity, M|\n|poke|p2|Zoroark-Hisui, M|\n|poke|p2|Palossand, F|\n|poke|p2|Slowking-Galar, M|\n|poke|p2|Pelipper, F|\n|poke|p2|Blissey, F|\n|poke|p2|Darkrai|\n|teampreview\n|inactive|Battle timer is ON: inactive players will automatically lose when time's up. (requested by N-Zoroark stan)\n|c|\u2606N-Zoroark stan|glhf\n|c|\u2606N-Zoroark stan|wrong team but eh\n|c|\u2606Dragon Master Rosa|you'll probably be fine\n|inactive|N-Zoroark stan has 270 seconds left.\n|\n|t:|1697661593\n|start\n|switch|p1a: Sandy Shocks|Sandy Shocks|100\/100\n|switch|p2a: Palossand|Palossand, F|100\/100\n|turn|1\n|\n|t:|1697661603\n|move|p1a: Sandy Shocks|Stealth Rock|p2a: Palossand\n|-sidestart|p2: N-Zoroark stan|move: Stealth Rock\n|move|p2a: Palossand|Stealth Rock|p1a: Sandy Shocks\n|-sidestart|p1: Dragon Master Rosa|move: Stealth Rock\n|\n|upkeep\n|turn|2\n|\n|t:|1697661615\n|-end|p1a: Sandy Shocks|Protosynthesis|[silent]\n|switch|p1a: Eelektross|Eelektross, F|100\/100\n|-damage|p1a: Eelektross|88\/100|[from] Stealth Rock\n|move|p2a: Palossand|Earthquake|p1a: Eelektross\n|-immune|p1a: Eelektross|[from] ability: Levitate\n|\n|upkeep\n|turn|3\n|\n|t:|1697661623\n|switch|p2a: Slowking|Slowking-Galar, M|100\/100\n|move|p1a: Eelektross|Giga Drain|p2a: Slowking\n|-resisted|p2a: Slowking\n|-damage|p2a: Slowking|90\/100\n|-heal|p1a: Eelektross|94\/100|[from] drain|[of] p2a: Slowking\n|\n|upkeep\n|turn|4\n|\n|t:|1697661627\n|move|p1a: Eelektross|Volt Switch|p2a: Slowking\n|-damage|p2a: Slowking|63\/100\n|\n|t:|1697661639\n|switch|p1a: Sandy Shocks|Sandy Shocks|100\/100|[from] Volt Switch\n|move|p2a: Slowking|Chilly Reception|p2a: Slowking\n|-weather|Snow\n|\n|t:|1697661652\n|switch|p2a: Palossand|Palossand, F|100\/100|[from] Chilly Reception\n|-damage|p2a: Palossand|94\/100|[from] Stealth Rock\n|\n|-weather|Snow|[upkeep]\n|-heal|p2a: Palossand|100\/100|[from] item: Leftovers\n|upkeep\n|turn|5\n|\n|t:|1697661660\n|move|p1a: Sandy Shocks|Spikes|p2a: Palossand\n|-sidestart|p2: N-Zoroark stan|Spikes\n|move|p2a: Palossand|Curse|p1a: Sandy Shocks\n|-start|p1a: Sandy Shocks|Curse|[of] p2a: Palossand\n|-damage|p2a: Palossand|50\/100\n|\n|-weather|Snow|[upkeep]\n|-heal|p2a: Palossand|57\/100|[from] item: Leftovers\n|-damage|p1a: Sandy Shocks|76\/100|[from] Curse\n|upkeep\n|turn|6\n|\n|t:|1697661669\n|-end|p1a: Sandy Shocks|Protosynthesis|[silent]\n|switch|p1a: Thundurus|Thundurus, M|100\/100\n|move|p2a: Palossand|Shore Up|p2a: Palossand\n|-heal|p2a: Palossand|100\/100\n|\n|-weather|Snow|[upkeep]\n|upkeep\n|turn|7\n|\n|t:|1697661673\n|move|p1a: Thundurus|Knock Off|p2a: Palossand\n|-supereffective|p2a: Palossand\n|-damage|p2a: Palossand|61\/100\n|-enditem|p2a: Palossand|Leftovers|[from] move: Knock Off|[of] p1a: Thundurus\n|move|p2a: Palossand|Curse|p1a: Thundurus\n|-start|p1a: Thundurus|Curse|[of] p2a: Palossand\n|-damage|p2a: Palossand|11\/100\n|\n|-weather|Snow|[upkeep]\n|-damage|p1a: Thundurus|76\/100|[from] Curse\n|upkeep\n|turn|8\n|\n|t:|1697661678\n|move|p1a: Thundurus|Knock Off|p2a: Palossand\n|-supereffective|p2a: Palossand\n|-damage|p2a: Palossand|0 fnt\n|faint|p2a: Palossand\n|\n|-weather|none\n|-damage|p1a: Thundurus|51\/100|[from] Curse\n|upkeep\n|\n|t:|1697661684\n|switch|p2a: Darkrai|Darkrai|100\/100\n|turn|9\n|\n|t:|1697661694\n|move|p2a: Darkrai|Swords Dance|p2a: Darkrai\n|-boost|p2a: Darkrai|atk|2\n|move|p1a: Thundurus|U-turn|p2a: Darkrai\n|-supereffective|p2a: Darkrai\n|-damage|p2a: Darkrai|39\/100\n|inactive|Dragon Master Rosa has 270 seconds left.\n|\n|t:|1697661734\n|switch|p1a: Pincurchin|Pincurchin, F|100\/100|[from] U-turn\n|-damage|p1a: Pincurchin|88\/100|[from] Stealth Rock\n|-fieldstart|move: Electric Terrain|[from] ability: Electric Surge|[of] p1a: Pincurchin\n|\n|upkeep\n|turn|10\n|\n|t:|1697661739\n|move|p2a: Darkrai|Substitute|p2a: Darkrai\n|-start|p2a: Darkrai|Substitute\n|-damage|p2a: Darkrai|14\/100\n|move|p1a: Pincurchin|Discharge|p2a: Darkrai\n|-end|p2a: Darkrai|Substitute\n|\n|upkeep\n|turn|11\n|\n|t:|1697661742\n|-terastallize|p2a: Darkrai|Fighting\n|move|p2a: Darkrai|Drain Punch|p1a: Pincurchin\n|-damage|p1a: Pincurchin|36\/100\n|-heal|p2a: Darkrai|42\/100|[from] drain|[of] p1a: Pincurchin\n|move|p1a: Pincurchin|Discharge|p2a: Darkrai\n|-damage|p2a: Darkrai|0 fnt\n|faint|p2a: Darkrai\n|\n|upkeep\n|\n|t:|1697661750\n|switch|p2a: Slowking|Slowking-Galar, M|100\/100\n|turn|12\n|\n|t:|1697661766\n|move|p2a: Slowking|Swords Dance|p2a: Slowking\n|-boost|p2a: Slowking|atk|2\n|move|p1a: Pincurchin|Recover|p1a: Pincurchin\n|-heal|p1a: Pincurchin|86\/100\n|\n|upkeep\n|turn|13\n|\n|t:|1697661768\n|move|p2a: Slowking|Poltergeist|p1a: Pincurchin\n|-activate|p1a: Pincurchin|move: Poltergeist|Terrain Extender\n|-damage|p1a: Pincurchin|0 fnt\n|faint|p1a: Pincurchin\n|\n|upkeep\n|inactive|Dragon Master Rosa has 270 seconds left.\n|\n|t:|1697661810\n|switch|p1a: Iron Hands|Iron Hands|100\/100\n|-damage|p1a: Iron Hands|94\/100|[from] Stealth Rock\n|-activate|p1a: Iron Hands|ability: Quark Drive\n|-start|p1a: Iron Hands|quarkdrivedef\n|turn|14\n|\n|t:|1697661818\n|switch|p2a: Blissey|Blissey, F|100\/100\n|move|p1a: Iron Hands|Volt Switch|p2a: Blissey\n|-damage|p2a: Blissey|85\/100\n|\n|t:|1697661826\n|-end|p1a: Iron Hands|Quark Drive|[silent]\n|switch|p1a: Sandy Shocks|Sandy Shocks|76\/100|[from] Volt Switch\n|\n|upkeep\n|turn|15\n|inactive|Dragon Master Rosa has 270 seconds left.\n|\n|t:|1697661832\n|switch|p2a: Slowking|Slowking-Galar, M|96\/100\n|move|p1a: Sandy Shocks|Wild Charge|p2a: Slowking\n|-damage|p2a: Slowking|62\/100\n|-damage|p1a: Sandy Shocks|65\/100|[from] Recoil\n|\n|upkeep\n|turn|16\n|\n|t:|1697661836\n|move|p1a: Sandy Shocks|Earthquake|p2a: Slowking\n|-supereffective|p2a: Slowking\n|-damage|p2a: Slowking|2\/100\n|move|p2a: Slowking|Slack Off|p2a: Slowking\n|-heal|p2a: Slowking|52\/100\n|\n|-fieldend|move: Electric Terrain\n|upkeep\n|turn|17\n|\n|t:|1697661840\n|switch|p2a: Pelipper|Pelipper, F|100\/100\n|-weather|RainDance|[from] ability: Drizzle|[of] p2a: Pelipper\n|move|p1a: Sandy Shocks|Earthquake|p2a: Pelipper\n|-immune|p2a: Pelipper\n|\n|-weather|RainDance|[upkeep]\n|upkeep\n|turn|18\n|\n|t:|1697661849\n|switch|p2a: Slowking|Slowking-Galar, M|85\/100\n|move|p1a: Sandy Shocks|Wild Charge|p2a: Slowking\n|-damage|p2a: Slowking|58\/100\n|-damage|p1a: Sandy Shocks|56\/100|[from] Recoil\n|\n|-weather|RainDance|[upkeep]\n|upkeep\n|turn|19\n|\n|t:|1697661855\n|move|p1a: Sandy Shocks|Wild Charge|p2a: Slowking\n|-damage|p2a: Slowking|34\/100\n|-damage|p1a: Sandy Shocks|48\/100|[from] Recoil\n|move|p2a: Slowking|Chilly Reception|p2a: Slowking\n|-weather|Snow\n|\n|t:|1697661859\n|switch|p2a: Blissey|Blissey, F|100\/100|[from] Chilly Reception\n|\n|-weather|Snow|[upkeep]\n|upkeep\n|turn|20\n|\n|t:|1697661863\n|move|p2a: Blissey|Poltergeist|p1a: Sandy Shocks\n|-activate|p1a: Sandy Shocks|move: Poltergeist|Heavy-Duty Boots\n|-damage|p1a: Sandy Shocks|0 fnt\n|faint|p1a: Sandy Shocks\n|-end|p1a: Sandy Shocks|Protosynthesis|[silent]\n|\n|-weather|Snow|[upkeep]\n|upkeep\n|\n|t:|1697661871\n|switch|p1a: Thundurus|Thundurus, M|51\/100\n|turn|21\n|\n|t:|1697661878\n|switch|p2a: Pelipper|Pelipper, F|100\/100\n|-weather|RainDance|[from] ability: Drizzle|[of] p2a: Pelipper\n|move|p1a: Thundurus|Knock Off|p2a: Pelipper\n|-damage|p2a: Pelipper|75\/100\n|-enditem|p2a: Pelipper|Heavy-Duty Boots|[from] move: Knock Off|[of] p1a: Thundurus\n|\n|-weather|RainDance|[upkeep]\n|upkeep\n|turn|22\n|\n|t:|1697661882\n|move|p1a: Thundurus|Taunt|p2a: Pelipper\n|-start|p2a: Pelipper|move: Taunt\n|move|p2a: Pelipper|Knock Off|p1a: Thundurus\n|-damage|p1a: Thundurus|36\/100\n|-enditem|p1a: Thundurus|Heavy-Duty Boots|[from] move: Knock Off|[of] p2a: Pelipper\n|\n|-weather|RainDance|[upkeep]\n|upkeep\n|turn|23\n|\n|t:|1697661887\n|move|p1a: Thundurus|Wild Charge|p2a: Pelipper\n|-supereffective|p2a: Pelipper\n|-damage|p2a: Pelipper|0 fnt\n|faint|p2a: Pelipper\n|-damage|p1a: Thundurus|19\/100|[from] Recoil\n|\n|-weather|RainDance|[upkeep]\n|upkeep\n|\n|t:|1697661891\n|switch|p2a: Slowking|Slowking-Galar, M|68\/100\n|turn|24\n|\n|t:|1697661895\n|move|p1a: Thundurus|Knock Off|p2a: Slowking\n|-supereffective|p2a: Slowking\n|-damage|p2a: Slowking|18\/100\n|-enditem|p2a: Slowking|Heavy-Duty Boots|[from] move: Knock Off|[of] p1a: Thundurus\n|move|p2a: Slowking|Foul Play|p1a: Thundurus\n|-damage|p1a: Thundurus|0 fnt\n|faint|p1a: Thundurus\n|\n|-weather|RainDance|[upkeep]\n|upkeep\n|\n|t:|1697661903\n|switch|p1a: Eelektross|Eelektross, F|94\/100\n|-damage|p1a: Eelektross|82\/100|[from] Stealth Rock\n|turn|25\n|\n|t:|1697661906\n|switch|p2a: Blissey|Blissey, F|85\/100\n|move|p1a: Eelektross|Volt Switch|p2a: Blissey\n|-damage|p2a: Blissey|73\/100\n|\n|t:|1697661908\n|switch|p1a: Toxtricity|Toxtricity, M|100\/100|[from] Volt Switch\n|-damage|p1a: Toxtricity|88\/100|[from] Stealth Rock\n|\n|-weather|none\n|upkeep\n|turn|26\n|\n|t:|1697661923\n|switch|p2a: Slowking|Slowking-Galar, M|52\/100\n|-damage|p2a: Slowking|39\/100|[from] Stealth Rock\n|-damage|p2a: Slowking|27\/100|[from] Spikes\n|move|p1a: Toxtricity|Drain Punch|p2a: Slowking\n|-resisted|p2a: Slowking\n|-damage|p2a: Slowking|23\/100\n|-heal|p1a: Toxtricity|91\/100|[from] drain|[of] p2a: Slowking\n|\n|upkeep\n|turn|27\n|\n|t:|1697661934\n|switch|p2a: Blissey|Blissey, F|100\/100\n|move|p1a: Toxtricity|Shift Gear|p1a: Toxtricity\n|-boost|p1a: Toxtricity|spe|2\n|-boost|p1a: Toxtricity|atk|1\n|\n|upkeep\n|turn|28\n|\n|t:|1697661939\n|switch|p1a: Iron Hands|Iron Hands|94\/100\n|-damage|p1a: Iron Hands|88\/100|[from] Stealth Rock\n|move|p2a: Blissey|Shadow Sneak|p1a: Iron Hands\n|-damage|p1a: Iron Hands|75\/100\n|\n|upkeep\n|turn|29\n|\n|t:|1697661949\n|move|p2a: Blissey|Poltergeist|p1a: Iron Hands\n|-activate|p1a: Iron Hands|move: Poltergeist|Choice Specs\n|-damage|p1a: Iron Hands|40\/100\n|move|p1a: Iron Hands|Volt Switch|p2a: Blissey\n|-damage|p2a: Blissey|35\/100\n|replace|p2a: Zoroark|Zoroark-Hisui, M, shiny\n|-end|p2a: Zoroark|Illusion\n|\n|t:|1697661953\n|-end|p1a: Iron Hands|Quark Drive|[silent]\n|switch|p1a: Eelektross|Eelektross, F|82\/100|[from] Volt Switch\n|-damage|p1a: Eelektross|69\/100|[from] Stealth Rock\n|\n|upkeep\n|turn|30\n|\n|t:|1697661957\n|move|p2a: Zoroark|Poltergeist|p1a: Eelektross|[miss]\n|-miss|p2a: Zoroark|p1a: Eelektross\n|move|p1a: Eelektross|Volt Switch|p2a: Zoroark\n|-damage|p2a: Zoroark|0 fnt\n|faint|p2a: Zoroark\n|\n|t:|1697661961\n|switch|p1a: Toxtricity|Toxtricity, M|91\/100|[from] Volt Switch\n|-damage|p1a: Toxtricity|79\/100|[from] Stealth Rock\n|\n|upkeep\n|\n|t:|1697661965\n|switch|p2a: Slowking|Slowking-Galar, M|56\/100\n|-damage|p2a: Slowking|44\/100|[from] Stealth Rock\n|-damage|p2a: Slowking|31\/100|[from] Spikes\n|turn|31\n|\n|t:|1697661969\n|move|p1a: Toxtricity|Shift Gear|p1a: Toxtricity\n|-boost|p1a: Toxtricity|spe|2\n|-boost|p1a: Toxtricity|atk|1\n|move|p2a: Slowking|Foul Play|p1a: Toxtricity\n|-damage|p1a: Toxtricity|18\/100\n|\n|upkeep\n|turn|32\n|\n|t:|1697661975\n|-terastallize|p1a: Toxtricity|Normal\n|move|p1a: Toxtricity|Flail|p2a: Slowking\n|-damage|p2a: Slowking|0 fnt\n|faint|p2a: Slowking\n|\n|upkeep\n|\n|t:|1697661979\n|switch|p2a: Blissey|Blissey, F|73\/100\n|turn|33\n|c|\u2606N-Zoroark stan|ggwp\n|\n|t:|1697661983\n|move|p1a: Toxtricity|Flail|p2a: Blissey\n|-damage|p2a: Blissey|17\/100\n|move|p2a: Blissey|Seismic Toss|p1a: Toxtricity\n|-damage|p1a: Toxtricity|0 fnt\n|faint|p1a: Toxtricity\n|\n|upkeep\n|c|\u2606Dragon Master Rosa|ggwp\n|c|\u2606Dragon Master Rosa|wait\n|\n|t:|1697661992\n|switch|p1a: Iron Hands|Iron Hands|40\/100\n|-damage|p1a: Iron Hands|33\/100|[from] Stealth Rock\n|turn|34\n|c|\u2606N-Zoroark stan|this giga kills fym !wait\" lmao\n|\n|t:|1697662009\n|move|p2a: Blissey|Soft-Boiled|p2a: Blissey\n|-heal|p2a: Blissey|67\/100\n|move|p1a: Iron Hands|Focus Blast|p2a: Blissey|[miss]\n|-miss|p1a: Iron Hands|p2a: Blissey\n|\n|upkeep\n|turn|35\n|c|\u2606Dragon Master Rosa|nuh uh\n|c|\u2606N-Zoroark stan|oh I'm faster\n|c|\u2606Dragon Master Rosa|yeah\n|c|\u2606N-Zoroark stan|lmao\n|c|\u2606Dragon Master Rosa|gotta ev that\n|c|\u2606Dragon Master Rosa|what's 0 spe bliss\n|c|\u2606Dragon Master Rosa|oh and i missed anyway\n|inactive|N-Zoroark stan has 270 seconds left.\n|\n|t:|1697662047\n|move|p2a: Blissey|Soft-Boiled|p2a: Blissey\n|-heal|p2a: Blissey|100\/100\n|move|p1a: Iron Hands|Focus Blast|p2a: Blissey|[miss]\n|-miss|p1a: Iron Hands|p2a: Blissey\n|\n|upkeep\n|turn|36\n|c|\u2606N-Zoroark stan|skill issue\n|inactive|Dragon Master Rosa has 270 seconds left.\n|\n|t:|1697662080\n|move|p2a: Blissey|Seismic Toss|p1a: Iron Hands\n|-damage|p1a: Iron Hands|11\/100\n|move|p1a: Iron Hands|Focus Blast|p2a: Blissey\n|-supereffective|p2a: Blissey\n|-damage|p2a: Blissey|59\/100\n|\n|upkeep\n|turn|37\n|\n|t:|1697662086\n|move|p2a: Blissey|Seismic Toss|p1a: Iron Hands\n|-damage|p1a: Iron Hands|0 fnt\n|faint|p1a: Iron Hands\n|-end|p1a: Iron Hands|Quark Drive|[silent]\n|\n|upkeep\n|\n|t:|1697662088\n|switch|p1a: Eelektross|Eelektross, F|69\/100\n|-damage|p1a: Eelektross|57\/100|[from] Stealth Rock\n|turn|38\n|\n|t:|1697662092\n|move|p2a: Blissey|Seismic Toss|p1a: Eelektross\n|-damage|p1a: Eelektross|30\/100\n|move|p1a: Eelektross|Giga Drain|p2a: Blissey\n|-damage|p2a: Blissey|49\/100\n|-heal|p1a: Eelektross|40\/100|[from] drain|[of] p2a: Blissey\n|\n|upkeep\n|turn|39\n|\n|t:|1697662098\n|move|p2a: Blissey|Seismic Toss|p1a: Eelektross\n|-damage|p1a: Eelektross|13\/100\n|move|p1a: Eelektross|Discharge|p2a: Blissey\n|-damage|p2a: Blissey|34\/100\n|\n|upkeep\n|turn|40\n|\n|t:|1697662100\n|move|p2a: Blissey|Seismic Toss|p1a: Eelektross\n|-damage|p1a: Eelektross|0 fnt\n|faint|p1a: Eelektross\n|\n|win|N-Zoroark stan\n|c|\u2606N-Zoroark stan|gg\n|c|\u2606Dragon Master Rosa|gg\n","uploadtime":1697662114,"views":19,"p1id":"dragonmasterrosa","p2id":"nzoroarkstan","formatid":"gen9ubers","rating":0,"private":0,"password":""}