{"id":"gen9ubers-1982016755","p1":"Jumilapipe RPPLF","p2":"wendyecho","format":"[Gen 9] Ubers","log":"|j|\u2606Jumilapipe RPPLF\n|j|\u2606wendyecho\n|t:|1698959927\n|gametype|singles\n|player|p1|Jumilapipe RPPLF|backers|\n|player|p2|wendyecho|iris-gen5bw2|\n|teamsize|p1|6\n|teamsize|p2|6\n|gen|9\n|tier|[Gen 9] Ubers\n|rule|Sleep Clause Mod: Limit one foe put to sleep\n|rule|Species Clause: Limit one of each Pok\u00e9mon\n|rule|OHKO Clause: OHKO moves are banned\n|rule|Evasion Items Clause: Evasion items are banned\n|rule|Evasion Moves Clause: Evasion moves are banned\n|rule|Endless Battle Clause: Forcing endless battles is banned\n|rule|HP Percentage Mod: HP is shown in percentages\n|clearpoke\n|poke|p1|Frosmoth, F|\n|poke|p1|Forretress, F|\n|poke|p1|Grumpig, M|\n|poke|p1|Dugtrio, F|\n|poke|p1|Pachirisu, M|\n|poke|p1|Gallade, M|\n|poke|p2|Ursaluna-Bloodmoon, M|\n|poke|p2|Grafaiai, F|\n|poke|p2|Ditto|\n|poke|p2|Weezing-Galar, F|\n|poke|p2|Dragalge, M|\n|poke|p2|Sneasler, F|\n|teampreview\n|c|\u2606Jumilapipe RPPLF|bon match \u00e0 toi !\n|\n|t:|1698959983\n|start\n|switch|p1a: Pachirisu|Pachirisu, M|100\/100\n|switch|p2a: Ma\u00eft\u00e9|Grafaiai, F|100\/100\n|-item|p1a: Pachirisu|Air Balloon\n|turn|1\n|\n|t:|1698960015\n|switch|p1a: Forretress|Forretress, F|100\/100\n|move|p2a: Ma\u00eft\u00e9|Parting Shot|p1a: Forretress\n|-unboost|p1a: Forretress|atk|1\n|-unboost|p1a: Forretress|spa|1\n|\n|t:|1698960021\n|switch|p2a: Weezing|Weezing-Galar, F|100\/100|[from] Parting Shot\n|\n|upkeep\n|turn|2\n|\n|t:|1698960028\n|switch|p1a: Grumpig|Grumpig, M|100\/100\n|move|p2a: Weezing|Flamethrower|p1a: Grumpig\n|-damage|p1a: Grumpig|94\/100\n|\n|-heal|p1a: Grumpig|100\/100|[from] item: Leftovers\n|upkeep\n|turn|3\n|\n|t:|1698960038\n|switch|p2a: Ditto|Ditto|100\/100\n|-transform|p2a: Ditto|p1a: Grumpig|[from] ability: Imposter\n|move|p1a: Grumpig|Nasty Plot|p1a: Grumpig\n|-boost|p1a: Grumpig|spa|2\n|\n|upkeep\n|turn|4\n|\n|t:|1698960052\n|move|p1a: Grumpig|Psychic|p2a: Ditto\n|-resisted|p2a: Ditto\n|-damage|p2a: Ditto|78\/100\n|move|p2a: Ditto|Whirlwind|p1a: Grumpig\n|drag|p1a: Dugtrio|Dugtrio, F|100\/100\n|\n|upkeep\n|turn|5\n|\n|t:|1698960073\n|move|p1a: Dugtrio|Earthquake|p2a: Ditto\n|-damage|p2a: Ditto|10\/100\n|move|p2a: Ditto|Whirlwind|p1a: Dugtrio\n|drag|p1a: Forretress|Forretress, F|100\/100\n|\n|upkeep\n|turn|6\n|\n|t:|1698960092\n|switch|p2a: Ma\u00eft\u00e9|Grafaiai, F|100\/100\n|move|p1a: Forretress|Volt Switch|p2a: Ma\u00eft\u00e9\n|-damage|p2a: Ma\u00eft\u00e9|87\/100\n|\n|t:|1698960131\n|switch|p1a: Dugtrio|Dugtrio, F|100\/100|[from] Volt Switch\n|\n|upkeep\n|turn|7\n|\n|t:|1698960140\n|move|p2a: Ma\u00eft\u00e9|Parting Shot|p1a: Dugtrio\n|-unboost|p1a: Dugtrio|atk|1\n|-unboost|p1a: Dugtrio|spa|1\n|\n|t:|1698960144\n|switch|p2a: Weezing|Weezing-Galar, F|100\/100|[from] Parting Shot\n|move|p1a: Dugtrio|Stealth Rock|p2a: Weezing\n|-sidestart|p2: wendyecho|move: Stealth Rock\n|\n|upkeep\n|turn|8\n|\n|t:|1698960155\n|switch|p1a: Grumpig|Grumpig, M|100\/100\n|move|p2a: Weezing|Defog|p1a: Grumpig\n|-unboost|p1a: Grumpig|evasion|1\n|-sideend|p2: wendyecho|Stealth Rock|[from] move: Defog|[of] p2a: Weezing\n|\n|upkeep\n|turn|9\n|\n|t:|1698960165\n|switch|p2a: Dragalge|Dragalge, M|100\/100\n|move|p1a: Grumpig|Nasty Plot|p1a: Grumpig\n|-boost|p1a: Grumpig|spa|2\n|\n|upkeep\n|turn|10\n|\n|t:|1698960175\n|move|p1a: Grumpig|Psychic|p2a: Dragalge\n|-supereffective|p2a: Dragalge\n|-damage|p2a: Dragalge|50\/100\n|move|p2a: Dragalge|Dragon Tail|p1a: Grumpig\n|-damage|p1a: Grumpig|72\/100\n|drag|p1a: Pachirisu|Pachirisu, M|100\/100\n|-item|p1a: Pachirisu|Air Balloon\n|\n|upkeep\n|turn|11\n|\n|t:|1698960195\n|move|p1a: Pachirisu|U-turn|p2a: Dragalge\n|-resisted|p2a: Dragalge\n|-crit|p2a: Dragalge\n|-damage|p2a: Dragalge|42\/100\n|\n|t:|1698960212\n|switch|p1a: Grumpig|Grumpig, M|72\/100|[from] U-turn\n|move|p2a: Dragalge|Sludge Bomb|p1a: Grumpig\n|-damage|p1a: Grumpig|46\/100\n|\n|-heal|p1a: Grumpig|52\/100|[from] item: Leftovers\n|upkeep\n|turn|12\n|\n|t:|1698960223\n|move|p1a: Grumpig|Protect|p1a: Grumpig\n|-singleturn|p1a: Grumpig|Protect\n|move|p2a: Dragalge|Flip Turn|p1a: Grumpig\n|-activate|p1a: Grumpig|move: Protect\n|\n|-heal|p1a: Grumpig|58\/100|[from] item: Leftovers\n|upkeep\n|turn|13\n|\n|t:|1698960232\n|move|p1a: Grumpig|Psychic|p2a: Dragalge\n|-supereffective|p2a: Dragalge\n|-crit|p2a: Dragalge\n|-damage|p2a: Dragalge|6\/100\n|-unboost|p2a: Dragalge|spd|1\n|move|p2a: Dragalge|Dragon Tail|p1a: Grumpig|[miss]\n|-miss|p2a: Dragalge|p1a: Grumpig\n|\n|-heal|p1a: Grumpig|64\/100|[from] item: Leftovers\n|upkeep\n|turn|14\n|\n|t:|1698960245\n|move|p1a: Grumpig|Psychic|p2a: Dragalge\n|-supereffective|p2a: Dragalge\n|-damage|p2a: Dragalge|0 fnt\n|faint|p2a: Dragalge\n|\n|-heal|p1a: Grumpig|70\/100|[from] item: Leftovers\n|upkeep\n|\n|t:|1698960256\n|switch|p2a: Sneasler|Sneasler, F|100\/100\n|turn|15\n|\n|t:|1698960277\n|switch|p2a: Ditto|Ditto|10\/100\n|-transform|p2a: Ditto|p1a: Grumpig|[from] ability: Imposter\n|switch|p1a: Forretress|Forretress, F|100\/100\n|\n|upkeep\n|turn|16\n|\n|t:|1698960301\n|move|p2a: Ditto|Psychic|p1a: Forretress\n|-resisted|p1a: Forretress\n|-damage|p1a: Forretress|80\/100\n|move|p1a: Forretress|Volt Switch|p2a: Ditto\n|-damage|p2a: Ditto|2\/100\n|\n|t:|1698960316\n|switch|p1a: Frosmoth|Frosmoth, F|100\/100|[from] Volt Switch\n|\n|upkeep\n|turn|17\n|\n|t:|1698960346\n|switch|p2a: Sneasler|Sneasler, F|100\/100\n|move|p1a: Frosmoth|Quiver Dance|p1a: Frosmoth\n|-boost|p1a: Frosmoth|spa|1\n|-boost|p1a: Frosmoth|spd|1\n|-boost|p1a: Frosmoth|spe|1\n|\n|upkeep\n|turn|18\n|\n|t:|1698960353\n|switch|p1a: Forretress|Forretress, F|80\/100\n|move|p2a: Sneasler|Fake Out|p1a: Forretress\n|-enditem|p2a: Sneasler|Normal Gem|[from] gem\n|-resisted|p1a: Forretress\n|-damage|p1a: Forretress|75\/100\n|-damage|p2a: Sneasler|84\/100|[from] item: Rocky Helmet|[of] p1a: Forretress\n|\n|upkeep\n|turn|19\n|\n|t:|1698960362\n|move|p2a: Sneasler|Swords Dance|p2a: Sneasler\n|-boost|p2a: Sneasler|atk|2\n|move|p1a: Forretress|Volt Switch|p2a: Sneasler\n|-damage|p2a: Sneasler|72\/100\n|\n|t:|1698960369\n|switch|p1a: Dugtrio|Dugtrio, F|100\/100|[from] Volt Switch\n|\n|upkeep\n|turn|20\n|\n|t:|1698960376\n|move|p2a: Sneasler|Acrobatics|p1a: Dugtrio\n|-enditem|p1a: Dugtrio|Focus Sash\n|-damage|p1a: Dugtrio|1\/100\n|move|p1a: Dugtrio|Earthquake|p2a: Sneasler\n|-supereffective|p2a: Sneasler\n|-damage|p2a: Sneasler|0 fnt\n|faint|p2a: Sneasler\n|\n|upkeep\n|\n|t:|1698960389\n|switch|p2a: Ditto|Ditto|2\/100\n|-transform|p2a: Ditto|p1a: Dugtrio|[from] ability: Imposter\n|turn|21\n|\n|t:|1698960408\n|move|p1a: Dugtrio|Sucker Punch||[still]\n|-fail|p1a: Dugtrio\n|move|p2a: Ditto|Memento|p1a: Dugtrio\n|-unboost|p1a: Dugtrio|atk|2\n|-unboost|p1a: Dugtrio|spa|2\n|faint|p2a: Ditto\n|\n|upkeep\n|\n|t:|1698960422\n|switch|p2a: Ma\u00eft\u00e9|Grafaiai, F|87\/100\n|turn|22\n|\n|t:|1698960454\n|move|p2a: Ma\u00eft\u00e9|Parting Shot|p1a: Dugtrio\n|-unboost|p1a: Dugtrio|atk|1\n|-unboost|p1a: Dugtrio|spa|1\n|\n|t:|1698960465\n|switch|p2a: Ursaluna|Ursaluna-Bloodmoon, M|100\/100|[from] Parting Shot\n|move|p1a: Dugtrio|Stealth Rock|p2a: Ursaluna\n|-sidestart|p2: wendyecho|move: Stealth Rock\n|\n|upkeep\n|turn|23\n|\n|t:|1698960474\n|move|p1a: Dugtrio|Memento|p2a: Ursaluna\n|-unboost|p2a: Ursaluna|atk|2\n|-unboost|p2a: Ursaluna|spa|2\n|faint|p1a: Dugtrio\n|move|p2a: Ursaluna|Calm Mind|p2a: Ursaluna\n|-boost|p2a: Ursaluna|spa|1\n|-boost|p2a: Ursaluna|spd|1\n|\n|upkeep\n|\n|t:|1698960481\n|switch|p1a: Frosmoth|Frosmoth, F|100\/100\n|turn|24\n|\n|t:|1698960502\n|switch|p2a: Ma\u00eft\u00e9|Grafaiai, F|87\/100\n|-damage|p2a: Ma\u00eft\u00e9|75\/100|[from] Stealth Rock\n|move|p1a: Frosmoth|Quiver Dance|p1a: Frosmoth\n|-boost|p1a: Frosmoth|spa|1\n|-boost|p1a: Frosmoth|spd|1\n|-boost|p1a: Frosmoth|spe|1\n|\n|upkeep\n|turn|25\n|\n|t:|1698960515\n|switch|p1a: Forretress|Forretress, F|75\/100\n|move|p2a: Ma\u00eft\u00e9|Dig||[still]\n|-prepare|p2a: Ma\u00eft\u00e9|Dig\n|\n|upkeep\n|turn|26\n|\n|t:|1698960524\n|move|p1a: Forretress|Gyro Ball|p2a: Ma\u00eft\u00e9|[miss]\n|-miss|p1a: Forretress|p2a: Ma\u00eft\u00e9\n|move|p2a: Ma\u00eft\u00e9|Dig|p1a: Forretress|[from]lockedmove\n|-damage|p1a: Forretress|62\/100\n|-damage|p2a: Ma\u00eft\u00e9|58\/100|[from] item: Rocky Helmet|[of] p1a: Forretress\n|\n|upkeep\n|turn|27\n|\n|t:|1698960544\n|move|p2a: Ma\u00eft\u00e9|Parting Shot|p1a: Forretress\n|-unboost|p1a: Forretress|atk|1\n|-unboost|p1a: Forretress|spa|1\n|\n|t:|1698960553\n|switch|p2a: Ursaluna|Ursaluna-Bloodmoon, M|100\/100|[from] Parting Shot\n|-damage|p2a: Ursaluna|94\/100|[from] Stealth Rock\n|move|p1a: Forretress|Gyro Ball|p2a: Ursaluna\n|-damage|p2a: Ursaluna|90\/100\n|\n|-heal|p2a: Ursaluna|96\/100|[from] item: Leftovers\n|upkeep\n|turn|28\n|\n|t:|1698960564\n|move|p2a: Ursaluna|Calm Mind|p2a: Ursaluna\n|-boost|p2a: Ursaluna|spa|1\n|-boost|p2a: Ursaluna|spd|1\n|move|p1a: Forretress|Volt Switch|p2a: Ursaluna\n|-immune|p2a: Ursaluna\n|\n|-heal|p2a: Ursaluna|100\/100|[from] item: Leftovers\n|upkeep\n|turn|29\n|\n|t:|1698960580\n|switch|p1a: Pachirisu|Pachirisu, M|100\/100\n|-item|p1a: Pachirisu|Air Balloon\n|move|p2a: Ursaluna|Calm Mind|p2a: Ursaluna\n|-boost|p2a: Ursaluna|spa|1\n|-boost|p2a: Ursaluna|spd|1\n|\n|upkeep\n|turn|30\n|\n|t:|1698960597\n|-terastallize|p2a: Ursaluna|Ghost\n|move|p1a: Pachirisu|Encore|p2a: Ursaluna\n|-start|p2a: Ursaluna|Encore\n|move|p2a: Ursaluna|Calm Mind|p2a: Ursaluna\n|-boost|p2a: Ursaluna|spa|1\n|-boost|p2a: Ursaluna|spd|1\n|\n|upkeep\n|turn|31\n|\n|t:|1698960611\n|switch|p1a: Grumpig|Grumpig, M|70\/100\n|move|p2a: Ursaluna|Calm Mind|p2a: Ursaluna\n|-boost|p2a: Ursaluna|spa|1\n|-boost|p2a: Ursaluna|spd|1\n|\n|-heal|p1a: Grumpig|76\/100|[from] item: Leftovers\n|upkeep\n|turn|32\n|\n|t:|1698960633\n|move|p2a: Ursaluna|Calm Mind|p2a: Ursaluna\n|-boost|p2a: Ursaluna|spa|1\n|-boost|p2a: Ursaluna|spd|1\n|move|p1a: Grumpig|Whirlwind|p2a: Ursaluna\n|drag|p2a: Weezing|Weezing-Galar, F|100\/100\n|-damage|p2a: Weezing|88\/100|[from] Stealth Rock\n|\n|-heal|p1a: Grumpig|82\/100|[from] item: Leftovers\n|-heal|p2a: Weezing|94\/100|[from] item: Black Sludge\n|upkeep\n|turn|33\n|\n|t:|1698960647\n|move|p1a: Grumpig|Nasty Plot|p1a: Grumpig\n|-boost|p1a: Grumpig|spa|2\n|move|p2a: Weezing|Pain Split|p1a: Grumpig\n|-sethp|p1a: Grumpig|84\/100|[from] move: Pain Split|[silent]\n|-sethp|p2a: Weezing|92\/100|[from] move: Pain Split\n|\n|-heal|p1a: Grumpig|90\/100|[from] item: Leftovers\n|-heal|p2a: Weezing|98\/100|[from] item: Black Sludge\n|upkeep\n|turn|34\n|\n|t:|1698960661\n|move|p1a: Grumpig|Psychic|p2a: Weezing\n|-supereffective|p2a: Weezing\n|-damage|p2a: Weezing|0 fnt\n|faint|p2a: Weezing\n|\n|-heal|p1a: Grumpig|96\/100|[from] item: Leftovers\n|upkeep\n|\n|t:|1698960668\n|switch|p2a: Ma\u00eft\u00e9|Grafaiai, F|58\/100\n|-damage|p2a: Ma\u00eft\u00e9|46\/100|[from] Stealth Rock\n|turn|35\n|\n|t:|1698960674\n|move|p1a: Grumpig|Protect|p1a: Grumpig\n|-singleturn|p1a: Grumpig|Protect\n|move|p2a: Ma\u00eft\u00e9|Switcheroo|p1a: Grumpig\n|-activate|p1a: Grumpig|move: Protect\n|\n|-heal|p1a: Grumpig|100\/100|[from] item: Leftovers\n|upkeep\n|turn|36\n|\n|t:|1698960691\n|switch|p1a: Forretress|Forretress, F|62\/100\n|move|p2a: Ma\u00eft\u00e9|Copycat||[still]\n|-fail|p2a: Ma\u00eft\u00e9\n|\n|upkeep\n|turn|37\n|\n|t:|1698960705\n|move|p2a: Ma\u00eft\u00e9|Parting Shot|p1a: Forretress\n|-unboost|p1a: Forretress|atk|1\n|-unboost|p1a: Forretress|spa|1\n|\n|t:|1698960708\n|switch|p2a: Ursaluna|Ursaluna-Bloodmoon, M, tera:Ghost|100\/100|[from] Parting Shot\n|-damage|p2a: Ursaluna|88\/100|[from] Stealth Rock\n|move|p1a: Forretress|Volt Switch|p2a: Ursaluna\n|-damage|p2a: Ursaluna|80\/100\n|\n|t:|1698960717\n|switch|p1a: Grumpig|Grumpig, M|100\/100|[from] Volt Switch\n|\n|-heal|p2a: Ursaluna|87\/100|[from] item: Leftovers\n|upkeep\n|turn|38\n|\n|t:|1698960725\n|move|p1a: Grumpig|Nasty Plot|p1a: Grumpig\n|-boost|p1a: Grumpig|spa|2\n|move|p2a: Ursaluna|Blood Moon|p1a: Grumpig\n|-crit|p1a: Grumpig\n|-damage|p1a: Grumpig|38\/100\n|\n|-heal|p1a: Grumpig|44\/100|[from] item: Leftovers\n|-heal|p2a: Ursaluna|93\/100|[from] item: Leftovers\n|upkeep\n|turn|39\n|\n|t:|1698960735\n|move|p1a: Grumpig|Psychic|p2a: Ursaluna\n|-damage|p2a: Ursaluna|24\/100\n|-unboost|p2a: Ursaluna|spd|1\n|move|p2a: Ursaluna|Moonlight|p2a: Ursaluna\n|-heal|p2a: Ursaluna|74\/100\n|\n|-heal|p1a: Grumpig|50\/100|[from] item: Leftovers\n|-heal|p2a: Ursaluna|80\/100|[from] item: Leftovers\n|upkeep\n|turn|40\n|\n|t:|1698960756\n|switch|p2a: Ma\u00eft\u00e9|Grafaiai, F|46\/100\n|-damage|p2a: Ma\u00eft\u00e9|33\/100|[from] Stealth Rock\n|move|p1a: Grumpig|Psychic|p2a: Ma\u00eft\u00e9\n|-supereffective|p2a: Ma\u00eft\u00e9\n|-damage|p2a: Ma\u00eft\u00e9|0 fnt\n|faint|p2a: Ma\u00eft\u00e9\n|\n|-heal|p1a: Grumpig|56\/100|[from] item: Leftovers\n|upkeep\n|\n|t:|1698960767\n|switch|p2a: Ursaluna|Ursaluna-Bloodmoon, M, tera:Ghost|80\/100\n|-damage|p2a: Ursaluna|68\/100|[from] Stealth Rock\n|turn|41\n|\n|t:|1698960771\n|move|p1a: Grumpig|Psychic|p2a: Ursaluna\n|-damage|p2a: Ursaluna|5\/100\n|move|p2a: Ursaluna|Blood Moon|p1a: Grumpig\n|-damage|p1a: Grumpig|17\/100\n|\n|-heal|p1a: Grumpig|23\/100|[from] item: Leftovers\n|-heal|p2a: Ursaluna|11\/100|[from] item: Leftovers\n|upkeep\n|turn|42\n|\n|t:|1698960780\n|move|p1a: Grumpig|Psychic|p2a: Ursaluna\n|-damage|p2a: Ursaluna|0 fnt\n|faint|p2a: Ursaluna\n|\n|win|Jumilapipe RPPLF\n|c|\u2606Jumilapipe RPPLF|gg\n","uploadtime":1698960823,"views":24,"p1id":"jumilapiperpplf","p2id":"wendyecho","formatid":"gen9ubers","rating":0,"private":0,"password":""}