{"id":"gen9ubers-1977983252","p1":"sdafuehirw","p2":"Blake-Mamba","format":"[Gen 9] Ubers","log":"|j|\u2606sdafuehirw\n|j|\u2606Blake-Mamba\n|t:|1698478261\n|gametype|singles\n|player|p1|sdafuehirw|2|1245\n|player|p2|Blake-Mamba|juan|1341\n|teamsize|p1|6\n|teamsize|p2|6\n|gen|9\n|tier|[Gen 9] Ubers\n|rated|\n|rule|Sleep Clause Mod: Limit one foe put to sleep\n|rule|Species Clause: Limit one of each Pok\u00e9mon\n|rule|OHKO Clause: OHKO moves are banned\n|rule|Evasion Items Clause: Evasion items are banned\n|rule|Evasion Moves Clause: Evasion moves are banned\n|rule|Endless Battle Clause: Forcing endless battles is banned\n|rule|HP Percentage Mod: HP is shown in percentages\n|clearpoke\n|poke|p1|Kleavor, M|\n|poke|p1|Sneasler, M|\n|poke|p1|Gholdengo|\n|poke|p1|Enamorus, F|\n|poke|p1|Dragapult, M|\n|poke|p1|Samurott-Hisui, F|\n|poke|p2|Ogerpon-Hearthflame, F|\n|poke|p2|Vikavolt, F|\n|poke|p2|Kommo-o, F|\n|poke|p2|Ursaluna-Bloodmoon, M|\n|poke|p2|Yanmega, F|\n|poke|p2|Chandelure, M|\n|teampreview\n|inactive|Battle timer is ON: inactive players will automatically lose when time's up. (requested by sdafuehirw)\n|\n|t:|1698478277\n|start\n|switch|p1a: Kleavor|Kleavor, M|100\/100\n|switch|p2a: Kommo-o|Kommo-o, F|100\/100\n|turn|1\n|\n|t:|1698478285\n|move|p1a: Kleavor|Close Combat|p2a: Kommo-o\n|-damage|p2a: Kommo-o|69\/100\n|-unboost|p1a: Kleavor|def|1\n|-unboost|p1a: Kleavor|spd|1\n|move|p2a: Kommo-o|Clangorous Soul|p2a: Kommo-o\n|-boost|p2a: Kommo-o|atk|1\n|-boost|p2a: Kommo-o|def|1\n|-boost|p2a: Kommo-o|spa|1\n|-boost|p2a: Kommo-o|spd|1\n|-boost|p2a: Kommo-o|spe|1\n|-damage|p2a: Kommo-o|36\/100\n|\n|-heal|p2a: Kommo-o|42\/100|[from] item: Leftovers\n|upkeep\n|turn|2\n|\n|t:|1698478298\n|switch|p1a: Enamorus|Enamorus, F|100\/100\n|move|p2a: Kommo-o|Drain Punch|p1a: Enamorus\n|-resisted|p1a: Enamorus\n|-damage|p1a: Enamorus|78\/100\n|-heal|p2a: Kommo-o|51\/100|[from] drain|[of] p1a: Enamorus\n|\n|-heal|p2a: Kommo-o|57\/100|[from] item: Leftovers\n|upkeep\n|turn|3\n|\n|t:|1698478314\n|-terastallize|p2a: Kommo-o|Steel\n|move|p1a: Enamorus|Moonblast|p2a: Kommo-o\n|-resisted|p2a: Kommo-o\n|-damage|p2a: Kommo-o|41\/100\n|-unboost|p2a: Kommo-o|spa|1\n|move|p2a: Kommo-o|Clangorous Soul|p2a: Kommo-o\n|-boost|p2a: Kommo-o|atk|1\n|-boost|p2a: Kommo-o|def|1\n|-boost|p2a: Kommo-o|spa|1\n|-boost|p2a: Kommo-o|spd|1\n|-boost|p2a: Kommo-o|spe|1\n|-damage|p2a: Kommo-o|9\/100\n|\n|-heal|p2a: Kommo-o|15\/100|[from] item: Leftovers\n|upkeep\n|turn|4\n|\n|t:|1698478328\n|switch|p1a: Gholdengo|Gholdengo|100\/100\n|move|p2a: Kommo-o|Iron Head|p1a: Gholdengo\n|-resisted|p1a: Gholdengo\n|-damage|p1a: Gholdengo|54\/100\n|\n|-heal|p2a: Kommo-o|21\/100|[from] item: Leftovers\n|upkeep\n|turn|5\n|\n|t:|1698478337\n|move|p1a: Gholdengo|Make It Rain|p2a: Kommo-o\n|-resisted|p2a: Kommo-o\n|-damage|p2a: Kommo-o|7\/100\n|-unboost|p1a: Gholdengo|spa|1\n|move|p2a: Kommo-o|Iron Head|p1a: Gholdengo\n|-resisted|p1a: Gholdengo\n|-damage|p1a: Gholdengo|10\/100\n|\n|-heal|p2a: Kommo-o|13\/100|[from] item: Leftovers\n|upkeep\n|turn|6\n|\n|t:|1698478349\n|move|p1a: Gholdengo|Make It Rain|p2a: Kommo-o\n|-resisted|p2a: Kommo-o\n|-damage|p2a: Kommo-o|3\/100\n|-unboost|p1a: Gholdengo|spa|1\n|move|p2a: Kommo-o|Drain Punch|p1a: Gholdengo\n|-immune|p1a: Gholdengo\n|\n|-heal|p2a: Kommo-o|10\/100|[from] item: Leftovers\n|upkeep\n|turn|7\n|\n|t:|1698478361\n|move|p1a: Gholdengo|Make It Rain|p2a: Kommo-o\n|-resisted|p2a: Kommo-o\n|-damage|p2a: Kommo-o|2\/100\n|-unboost|p1a: Gholdengo|spa|1\n|move|p2a: Kommo-o|Iron Head|p1a: Gholdengo\n|-resisted|p1a: Gholdengo\n|-damage|p1a: Gholdengo|0 fnt\n|faint|p1a: Gholdengo\n|\n|-heal|p2a: Kommo-o|8\/100|[from] item: Leftovers\n|upkeep\n|\n|t:|1698478363\n|switch|p1a: Samurott|Samurott-Hisui, F|100\/100\n|turn|8\n|\n|t:|1698478375\n|move|p1a: Samurott|Sucker Punch|p2a: Kommo-o\n|-damage|p2a: Kommo-o|0 fnt\n|faint|p2a: Kommo-o\n|\n|upkeep\n|\n|t:|1698478380\n|switch|p2a: Vikavolt|Vikavolt, F|100\/100\n|turn|9\n|-activate|p2a: Vikavolt|item: Quick Claw\n|\n|t:|1698478389\n|switch|p1a: Kleavor|Kleavor, M|100\/100\n|move|p2a: Vikavolt|Sticky Web|p1a: Kleavor\n|-sidestart|p1: sdafuehirw|move: Sticky Web\n|\n|upkeep\n|turn|10\n|\n|t:|1698478399\n|move|p1a: Kleavor|Stone Axe|p2a: Vikavolt\n|-supereffective|p2a: Vikavolt\n|-damage|p2a: Vikavolt|0 fnt\n|-sidestart|p2: Blake-Mamba|move: Stealth Rock\n|faint|p2a: Vikavolt\n|\n|upkeep\n|\n|t:|1698478413\n|switch|p2a: Ursaluna|Ursaluna-Bloodmoon, M|100\/100\n|-damage|p2a: Ursaluna|94\/100|[from] Stealth Rock\n|turn|11\n|\n|t:|1698478424\n|switch|p1a: Enamorus|Enamorus, F|78\/100\n|move|p2a: Ursaluna|Earth Power|p1a: Enamorus\n|-immune|p1a: Enamorus\n|\n|-heal|p2a: Ursaluna|100\/100|[from] item: Leftovers\n|upkeep\n|turn|12\n|\n|t:|1698478433\n|move|p1a: Enamorus|Moonblast|p2a: Ursaluna\n|-damage|p2a: Ursaluna|47\/100\n|move|p2a: Ursaluna|Calm Mind|p2a: Ursaluna\n|-boost|p2a: Ursaluna|spa|1\n|-boost|p2a: Ursaluna|spd|1\n|\n|-heal|p2a: Ursaluna|54\/100|[from] item: Leftovers\n|upkeep\n|turn|13\n|\n|t:|1698478442\n|move|p1a: Enamorus|Moonblast|p2a: Ursaluna\n|-damage|p2a: Ursaluna|13\/100\n|-unboost|p2a: Ursaluna|spa|1\n|move|p2a: Ursaluna|Moonlight|p2a: Ursaluna\n|-heal|p2a: Ursaluna|63\/100\n|\n|-heal|p2a: Ursaluna|70\/100|[from] item: Leftovers\n|upkeep\n|turn|14\n|\n|t:|1698478453\n|move|p1a: Enamorus|Moonblast|p2a: Ursaluna\n|-damage|p2a: Ursaluna|35\/100\n|move|p2a: Ursaluna|Moonlight|p2a: Ursaluna\n|-heal|p2a: Ursaluna|85\/100\n|\n|-heal|p2a: Ursaluna|91\/100|[from] item: Leftovers\n|upkeep\n|turn|15\n|\n|t:|1698478461\n|move|p1a: Enamorus|Moonblast|p2a: Ursaluna\n|-damage|p2a: Ursaluna|54\/100\n|-unboost|p2a: Ursaluna|spa|1\n|move|p2a: Ursaluna|Calm Mind|p2a: Ursaluna\n|-boost|p2a: Ursaluna|spa|1\n|-boost|p2a: Ursaluna|spd|1\n|\n|-heal|p2a: Ursaluna|60\/100|[from] item: Leftovers\n|upkeep\n|turn|16\n|\n|t:|1698478471\n|switch|p1a: Samurott|Samurott-Hisui, F|100\/100\n|-activate|p1a: Samurott|move: Sticky Web\n|-unboost|p1a: Samurott|spe|1\n|move|p2a: Ursaluna|Moonlight|p2a: Ursaluna\n|-heal|p2a: Ursaluna|100\/100\n|\n|upkeep\n|turn|17\n|\n|t:|1698478479\n|move|p1a: Samurott|Razor Shell|p2a: Ursaluna\n|-supereffective|p2a: Ursaluna\n|-damage|p2a: Ursaluna|23\/100\n|-unboost|p2a: Ursaluna|def|1\n|move|p2a: Ursaluna|Blood Moon|p1a: Samurott\n|-damage|p1a: Samurott|0 fnt\n|faint|p1a: Samurott\n|\n|-heal|p2a: Ursaluna|29\/100|[from] item: Leftovers\n|upkeep\n|\n|t:|1698478482\n|switch|p1a: Sneasler|Sneasler, M|100\/100\n|-activate|p1a: Sneasler|move: Sticky Web\n|-unboost|p1a: Sneasler|spe|1\n|turn|18\n|\n|t:|1698478494\n|switch|p2a: Chandelure|Chandelure, M|100\/100\n|-damage|p2a: Chandelure|76\/100|[from] Stealth Rock\n|move|p1a: Sneasler|U-turn|p2a: Chandelure\n|-resisted|p2a: Chandelure\n|-damage|p2a: Chandelure|67\/100\n|\n|t:|1698478496\n|switch|p1a: Dragapult|Dragapult, M|100\/100|[from] U-turn\n|-activate|p1a: Dragapult|move: Sticky Web\n|-unboost|p1a: Dragapult|spe|1\n|\n|upkeep\n|turn|19\n|\n|t:|1698478505\n|move|p1a: Dragapult|Shadow Ball|p2a: Chandelure\n|-supereffective|p2a: Chandelure\n|-damage|p2a: Chandelure|0 fnt\n|faint|p2a: Chandelure\n|\n|upkeep\n|\n|t:|1698478514\n|switch|p2a: Ursaluna|Ursaluna-Bloodmoon, M|29\/100\n|-damage|p2a: Ursaluna|23\/100|[from] Stealth Rock\n|turn|20\n|\n|t:|1698478521\n|switch|p1a: Kleavor|Kleavor, M|100\/100\n|-activate|p1a: Kleavor|move: Sticky Web\n|-unboost|p1a: Kleavor|spe|1\n|move|p2a: Ursaluna|Moonlight|p2a: Ursaluna\n|-heal|p2a: Ursaluna|73\/100\n|\n|-heal|p2a: Ursaluna|79\/100|[from] item: Leftovers\n|upkeep\n|turn|21\n|\n|t:|1698478531\n|move|p1a: Kleavor|Close Combat|p2a: Ursaluna\n|-supereffective|p2a: Ursaluna\n|-damage|p2a: Ursaluna|23\/100\n|-unboost|p1a: Kleavor|def|1\n|-unboost|p1a: Kleavor|spd|1\n|move|p2a: Ursaluna|Earth Power|p1a: Kleavor\n|-damage|p1a: Kleavor|0 fnt\n|faint|p1a: Kleavor\n|\n|-heal|p2a: Ursaluna|29\/100|[from] item: Leftovers\n|upkeep\n|\n|t:|1698478541\n|switch|p1a: Enamorus|Enamorus, F|78\/100\n|turn|22\n|\n|t:|1698478548\n|move|p1a: Enamorus|Earth Power|p2a: Ursaluna\n|-damage|p2a: Ursaluna|0 fnt\n|faint|p2a: Ursaluna\n|\n|upkeep\n|\n|t:|1698478554\n|switch|p2a: Yanmega|Yanmega, F, shiny|100\/100\n|-damage|p2a: Yanmega|50\/100|[from] Stealth Rock\n|turn|23\n|\n|t:|1698478558\n|switch|p1a: Dragapult|Dragapult, M|100\/100\n|-activate|p1a: Dragapult|move: Sticky Web\n|-unboost|p1a: Dragapult|spe|1\n|move|p2a: Yanmega|Protect||[still]\n|-fail|p2a: Yanmega\n|\n|-ability|p2a: Yanmega|Speed Boost|boost\n|-boost|p2a: Yanmega|spe|1\n|upkeep\n|turn|24\n|\n|t:|1698478568\n|move|p2a: Yanmega|Protect|p2a: Yanmega\n|-singleturn|p2a: Yanmega|Protect\n|move|p1a: Dragapult|Shadow Ball|p2a: Yanmega\n|-activate|p2a: Yanmega|move: Protect\n|\n|-ability|p2a: Yanmega|Speed Boost|boost\n|-boost|p2a: Yanmega|spe|1\n|upkeep\n|turn|25\n|\n|t:|1698478578\n|move|p2a: Yanmega|Air Slash|p1a: Dragapult\n|-damage|p1a: Dragapult|46\/100\n|move|p1a: Dragapult|Shadow Ball|p2a: Yanmega\n|-damage|p2a: Yanmega|0 fnt\n|faint|p2a: Yanmega\n|\n|upkeep\n|\n|t:|1698478585\n|switch|p2a: Ogerpon|Ogerpon-Hearthflame, F|100\/100\n|-damage|p2a: Ogerpon|76\/100|[from] Stealth Rock\n|-ability|p2a: Ogerpon|Mold Breaker\n|turn|26\n|\n|t:|1698478600\n|move|p1a: Dragapult|Shadow Ball|p2a: Ogerpon\n|-damage|p2a: Ogerpon|32\/100\n|move|p2a: Ogerpon|Trailblaze|p1a: Dragapult\n|-resisted|p1a: Dragapult\n|-damage|p1a: Dragapult|23\/100\n|-boost|p2a: Ogerpon|spe|1\n|\n|upkeep\n|turn|27\n|\n|t:|1698478617\n|move|p2a: Ogerpon|Horn Leech|p1a: Dragapult\n|-resisted|p1a: Dragapult\n|-damage|p1a: Dragapult|0 fnt\n|-heal|p2a: Ogerpon|44\/100|[from] drain|[of] p1a: Dragapult\n|faint|p1a: Dragapult\n|\n|upkeep\n|\n|t:|1698478620\n|switch|p1a: Enamorus|Enamorus, F|78\/100\n|turn|28\n|\n|t:|1698478627\n|-terastallize|p1a: Enamorus|Fairy\n|move|p1a: Enamorus|Earth Power|p2a: Ogerpon\n|-damage|p2a: Ogerpon|2\/100\n|move|p2a: Ogerpon|Ivy Cudgel|p1a: Enamorus\n|-crit|p1a: Enamorus\n|-damage|p1a: Enamorus|0 fnt\n|faint|p1a: Enamorus\n|\n|upkeep\n|\n|t:|1698478630\n|switch|p1a: Sneasler|Sneasler, M|100\/100\n|-activate|p1a: Sneasler|move: Sticky Web\n|-unboost|p1a: Sneasler|spe|1\n|turn|29\n|\n|t:|1698478640\n|move|p2a: Ogerpon|Ivy Cudgel|p1a: Sneasler\n|-damage|p1a: Sneasler|0 fnt\n|faint|p1a: Sneasler\n|\n|win|Blake-Mamba\n|raw|sdafuehirw's rating: 1245 &rarr; <strong>1227<\/strong><br \/>(-18 for losing)\n|raw|Blake-Mamba's rating: 1341 &rarr; <strong>1356<\/strong><br \/>(+15 for winning)\n|l|\u2606sdafuehirw\n|c|\u2606Blake-Mamba|Gg\n","uploadtime":1698478650,"views":11,"p1id":"sdafuehirw","p2id":"blakemamba","formatid":"gen9ubers","rating":1227,"private":0,"password":""}