{"id":"gen9ubers-1981513031","p1":"ShanmanT","p2":"Rival Gary Oak","format":"[Gen 9] Ubers","log":"|j|\u2606ShanmanT\n|j|\u2606Rival Gary Oak\n|t:|1698909984\n|gametype|singles\n|player|p1|ShanmanT|169|\n|player|p2|Rival Gary Oak|blue|\n|teamsize|p1|6\n|teamsize|p2|6\n|gen|9\n|tier|[Gen 9] Ubers\n|rule|Sleep Clause Mod: Limit one foe put to sleep\n|rule|Species Clause: Limit one of each Pok\u00e9mon\n|rule|OHKO Clause: OHKO moves are banned\n|rule|Evasion Items Clause: Evasion items are banned\n|rule|Evasion Moves Clause: Evasion moves are banned\n|rule|Endless Battle Clause: Forcing endless battles is banned\n|rule|HP Percentage Mod: HP is shown in percentages\n|clearpoke\n|poke|p1|Breloom, M|\n|poke|p1|Diancie|\n|poke|p1|Garganacl, F|\n|poke|p1|Armarouge, M|\n|poke|p1|Decidueye, F|\n|poke|p1|Munkidori, M|\n|poke|p2|Dragapult, M|\n|poke|p2|Ogerpon, F|\n|poke|p2|Goodra-Hisui, F|\n|poke|p2|Cloyster, F|\n|poke|p2|Articuno-Galar|\n|poke|p2|Regieleki|\n|teampreview\n|j| currys\n|\n|t:|1698910039\n|start\n|switch|p1a: Armarouge|Armarouge, M|100\/100\n|switch|p2a: Goodra|Goodra-Hisui, F|100\/100\n|turn|1\n|\n|t:|1698910069\n|move|p1a: Armarouge|Light Screen|p1a: Armarouge\n|-sidestart|p1: ShanmanT|move: Light Screen\n|move|p2a: Goodra|Knock Off|p1a: Armarouge\n|-supereffective|p1a: Armarouge\n|-damage|p1a: Armarouge|63\/100\n|-enditem|p1a: Armarouge|Light Clay|[from] move: Knock Off|[of] p2a: Goodra\n|\n|upkeep\n|turn|2\n|\n|t:|1698910110\n|move|p1a: Armarouge|Armor Cannon|p2a: Goodra\n|-damage|p2a: Goodra|65\/100\n|-unboost|p1a: Armarouge|def|1\n|-unboost|p1a: Armarouge|spd|1\n|move|p2a: Goodra|Knock Off|p1a: Armarouge\n|-supereffective|p1a: Armarouge\n|-damage|p1a: Armarouge|28\/100\n|\n|upkeep\n|turn|3\n|j| mysticalcheese\n|\n|t:|1698910138\n|switch|p1a: Breloom|Breloom, M|100\/100\n|move|p2a: Goodra|Knock Off|p1a: Breloom\n|-resisted|p1a: Breloom\n|-damage|p1a: Breloom|87\/100\n|-enditem|p1a: Breloom|Choice Band|[from] move: Knock Off|[of] p2a: Goodra\n|\n|upkeep\n|turn|4\n|\n|t:|1698910154\n|move|p1a: Breloom|Spore|p2a: Goodra\n|-ability|p2a: Goodra|Sap Sipper|boost\n|-boost|p2a: Goodra|atk|1\n|move|p2a: Goodra|Ice Beam|p1a: Breloom\n|-supereffective|p1a: Breloom\n|-damage|p1a: Breloom|39\/100\n|\n|upkeep\n|turn|5\n|\n|t:|1698910250\n|move|p1a: Breloom|Bulldoze|p2a: Goodra\n|-supereffective|p2a: Goodra\n|-damage|p2a: Goodra|0 fnt\n|faint|p2a: Goodra\n|\n|upkeep\n|\n|t:|1698910283\n|switch|p2a: Articuno|Articuno-Galar, shiny|100\/100\n|turn|6\n|\n|t:|1698910292\n|switch|p1a: Garganacl|Garganacl, F|100\/100\n|move|p2a: Articuno|Freezing Glare|p1a: Garganacl\n|-damage|p1a: Garganacl|81\/100\n|\n|-heal|p1a: Garganacl|87\/100|[from] item: Leftovers\n|upkeep\n|turn|7\n|\n|t:|1698910311\n|move|p2a: Articuno|Calm Mind|p2a: Articuno\n|-boost|p2a: Articuno|spa|1\n|-boost|p2a: Articuno|spd|1\n|move|p1a: Garganacl|Salt Cure|p2a: Articuno\n|-supereffective|p2a: Articuno\n|-damage|p2a: Articuno|67\/100\n|\n|-heal|p1a: Garganacl|93\/100|[from] item: Leftovers\n|upkeep\n|turn|8\n|\n|t:|1698910453\n|-terastallize|p2a: Articuno|Grass\n|move|p2a: Articuno|Tera Blast|p1a: Garganacl|[anim] Tera Blast Grass\n|-supereffective|p1a: Garganacl\n|-damage|p1a: Garganacl|34\/100\n|move|p1a: Garganacl|Salt Cure|p2a: Articuno\n|-damage|p2a: Articuno|50\/100\n|\n|-heal|p1a: Garganacl|40\/100|[from] item: Leftovers\n|-sideend|p1: ShanmanT|move: Light Screen\n|upkeep\n|turn|9\n|j| jacoooby\n|l| jacoooby\n|\n|t:|1698910498\n|move|p2a: Articuno|Tera Blast|p1a: Garganacl|[anim] Tera Blast Grass\n|-supereffective|p1a: Garganacl\n|-damage|p1a: Garganacl|0 fnt\n|faint|p1a: Garganacl\n|\n|upkeep\n|\n|t:|1698910502\n|switch|p1a: Armarouge|Armarouge, M|28\/100\n|turn|10\n|\n|t:|1698910509\n|move|p2a: Articuno|Air Slash|p1a: Armarouge\n|-damage|p1a: Armarouge|0 fnt\n|faint|p1a: Armarouge\n|\n|upkeep\n|\n|t:|1698910513\n|switch|p1a: Munkidori|Munkidori, M|100\/100\n|turn|11\n|\n|t:|1698910533\n|move|p1a: Munkidori|Sludge Wave|p2a: Articuno\n|-supereffective|p2a: Articuno\n|-damage|p2a: Articuno|0 fnt\n|faint|p2a: Articuno\n|\n|upkeep\n|\n|t:|1698910544\n|switch|p2a: Regieleki|Regieleki, shiny|100\/100\n|turn|12\n|\n|t:|1698910550\n|switch|p1a: Breloom|Breloom, M|39\/100\n|move|p2a: Regieleki|Thunderbolt|p1a: Breloom\n|-resisted|p1a: Breloom\n|-damage|p1a: Breloom|0 fnt\n|faint|p1a: Breloom\n|\n|upkeep\n|\n|t:|1698910556\n|switch|p1a: Decidueye|Decidueye, F|100\/100\n|turn|13\n|\n|t:|1698910570\n|-terastallize|p1a: Decidueye|Ground\n|move|p2a: Regieleki|Tera Blast|p1a: Decidueye\n|-damage|p1a: Decidueye|78\/100\n|move|p1a: Decidueye|Shadow Ball|p2a: Regieleki\n|-damage|p2a: Regieleki|0 fnt\n|faint|p2a: Regieleki\n|-damage|p1a: Decidueye|68\/100|[from] item: Life Orb\n|\n|upkeep\n|\n|t:|1698910597\n|switch|p2a: Ogerpon|Ogerpon, F|100\/100\n|turn|14\n|\n|t:|1698910614\n|switch|p1a: Munkidori|Munkidori, M|100\/100\n|move|p2a: Ogerpon|Ivy Cudgel|p1a: Munkidori\n|-resisted|p1a: Munkidori\n|-damage|p1a: Munkidori|64\/100\n|\n|upkeep\n|turn|15\n|\n|t:|1698910637\n|move|p1a: Munkidori|Sludge Wave|p2a: Ogerpon\n|-supereffective|p2a: Ogerpon\n|-damage|p2a: Ogerpon|0 fnt\n|faint|p2a: Ogerpon\n|\n|upkeep\n|\n|t:|1698910641\n|switch|p2a: Dragapult|Dragapult, M|100\/100\n|turn|16\n|\n|t:|1698910650\n|switch|p1a: Diancie|Diancie|100\/100\n|move|p2a: Dragapult|Shadow Ball|p1a: Diancie\n|-crit|p1a: Diancie\n|-damage|p1a: Diancie|59\/100\n|\n|upkeep\n|turn|17\n|\n|t:|1698910659\n|move|p2a: Dragapult|Shadow Ball|p1a: Diancie\n|-damage|p1a: Diancie|28\/100\n|move|p1a: Diancie|Moonblast|p2a: Dragapult\n|-supereffective|p2a: Dragapult\n|-damage|p2a: Dragapult|0 fnt\n|faint|p2a: Dragapult\n|\n|upkeep\n|\n|t:|1698910670\n|switch|p2a: Cloyster|Cloyster, F, shiny|100\/100\n|turn|18\n|\n|t:|1698910693\n|move|p2a: Cloyster|Hydro Pump|p1a: Diancie\n|-supereffective|p1a: Diancie\n|-damage|p1a: Diancie|0 fnt\n|faint|p1a: Diancie\n|\n|upkeep\n|\n|t:|1698910698\n|switch|p1a: Munkidori|Munkidori, M|64\/100\n|turn|19\n|\n|t:|1698910773\n|move|p1a: Munkidori|Psychic|p2a: Cloyster\n|-enditem|p2a: Cloyster|Focus Sash\n|-damage|p2a: Cloyster|1\/100\n|-status|p2a: Cloyster|tox|[from] ability: Toxic Chain|[of] p1a: Munkidori\n|move|p2a: Cloyster|Icicle Spear|p1a: Munkidori\n|-damage|p1a: Munkidori|45\/100\n|-damage|p1a: Munkidori|26\/100\n|-damage|p1a: Munkidori|9\/100\n|-damage|p1a: Munkidori|0 fnt\n|faint|p1a: Munkidori\n|-hitcount|p1: Munkidori|4\n|\n|-damage|p2a: Cloyster|0 fnt|[from] psn\n|faint|p2a: Cloyster\n|\n|win|ShanmanT\n|upkeep\n|l|\u2606ShanmanT\n","uploadtime":1698910792,"views":15,"p1id":"shanmant","p2id":"rivalgaryoak","formatid":"gen9ubers","rating":0,"private":0,"password":""}