{"id":"gen9ubers-1992742470","p1":"Raiozin","p2":"Ind0mitable Will","format":"[Gen 9] Ubers","log":"|j|\u2606Raiozin\n|j|\u2606Ind0mitable Will\n|t:|1700231248\n|gametype|singles\n|player|p1|Raiozin|gambler|1088\n|player|p2|Ind0mitable Will|irida|1181\n|teamsize|p1|6\n|teamsize|p2|6\n|gen|9\n|tier|[Gen 9] Ubers\n|rated|\n|rule|Sleep Clause Mod: Limit one foe put to sleep\n|rule|Species Clause: Limit one of each Pok\u00e9mon\n|rule|OHKO Clause: OHKO moves are banned\n|rule|Evasion Items Clause: Evasion items are banned\n|rule|Evasion Moves Clause: Evasion moves are banned\n|rule|Endless Battle Clause: Forcing endless battles is banned\n|rule|HP Percentage Mod: HP is shown in percentages\n|clearpoke\n|poke|p1|Kommo-o, F|\n|poke|p1|Chien-Pao|\n|poke|p1|Basculegion, M|\n|poke|p1|Espathra, F|\n|poke|p1|Lucario, F|\n|poke|p1|Kyogre|\n|poke|p2|Walking Wake|\n|poke|p2|Weavile, M|\n|poke|p2|Ursaluna-Bloodmoon, M|\n|poke|p2|Lilligant-Hisui, F|\n|poke|p2|Torkoal, M|\n|poke|p2|Iron Moth|\n|teampreview\n|\n|t:|1700231258\n|start\n|switch|p1a: Kyogre|Kyogre|100\/100\n|switch|p2a: Gran|Torkoal, M|100\/100\n|-weather|RainDance|[from] ability: Drizzle|[of] p1a: Kyogre\n|-weather|SunnyDay|[from] ability: Drought|[of] p2a: Gran\n|turn|1\n|\n|t:|1700231275\n|switch|p2a: Lucy|Walking Wake|100\/100\n|-activate|p2a: Lucy|ability: Protosynthesis\n|-start|p2a: Lucy|protosynthesisspe\n|move|p1a: Kyogre|Water Spout|p2a: Lucy\n|-resisted|p2a: Lucy\n|-damage|p2a: Lucy|88\/100\n|\n|-weather|SunnyDay|[upkeep]\n|upkeep\n|turn|2\n|\n|t:|1700231290\n|switch|p1a: Chien-Pao|Chien-Pao|100\/100\n|-ability|p1a: Chien-Pao|Sword of Ruin\n|move|p2a: Lucy|Dragon Dance|p2a: Lucy\n|-boost|p2a: Lucy|atk|1\n|-boost|p2a: Lucy|spe|1\n|\n|-weather|SunnyDay|[upkeep]\n|upkeep\n|turn|3\n|\n|t:|1700231303\n|move|p1a: Chien-Pao|Ice Shard|p2a: Lucy\n|-damage|p2a: Lucy|46\/100\n|-damage|p1a: Chien-Pao|91\/100|[from] item: Life Orb\n|move|p2a: Lucy|Low Kick|p1a: Chien-Pao\n|-supereffective|p1a: Chien-Pao\n|-damage|p1a: Chien-Pao|0 fnt\n|faint|p1a: Chien-Pao\n|\n|-weather|SunnyDay|[upkeep]\n|upkeep\n|\n|t:|1700231315\n|switch|p1a: Kyogre|Kyogre|100\/100\n|-weather|RainDance|[from] ability: Drizzle|[of] p1a: Kyogre\n|-end|p2a: Lucy|Protosynthesis\n|-enditem|p2a: Lucy|Booster Energy\n|-activate|p2a: Lucy|ability: Protosynthesis|[fromitem]\n|-start|p2a: Lucy|protosynthesisspe\n|turn|4\n|\n|t:|1700231323\n|move|p2a: Lucy|Draco Meteor|p1a: Kyogre\n|-damage|p1a: Kyogre|58\/100\n|-unboost|p2a: Lucy|spa|2\n|move|p1a: Kyogre|Thunder|p2a: Lucy\n|-damage|p2a: Lucy|0 fnt\n|faint|p2a: Lucy\n|-end|p2a: Lucy|Protosynthesis|[silent]\n|\n|-weather|RainDance|[upkeep]\n|upkeep\n|\n|t:|1700231330\n|switch|p2a: Gran|Torkoal, M|100\/100\n|-weather|SunnyDay|[from] ability: Drought|[of] p2a: Gran\n|turn|5\n|\n|t:|1700231354\n|switch|p1a: Basculegion|Basculegion, M|100\/100\n|switch|p2a: Vivi|Lilligant-Hisui, F|100\/100\n|\n|-weather|SunnyDay|[upkeep]\n|upkeep\n|turn|6\n|\n|t:|1700231365\n|move|p2a: Vivi|Victory Dance|p2a: Vivi\n|-boost|p2a: Vivi|atk|1\n|-boost|p2a: Vivi|def|1\n|-boost|p2a: Vivi|spe|1\n|move|p1a: Basculegion|Wave Crash|p2a: Vivi\n|-resisted|p2a: Vivi\n|-damage|p2a: Vivi|83\/100\n|-damage|p1a: Basculegion|96\/100|[from] Recoil\n|\n|-weather|SunnyDay|[upkeep]\n|upkeep\n|turn|7\n|\n|t:|1700231380\n|switch|p1a: Kyogre|Kyogre|58\/100\n|-weather|RainDance|[from] ability: Drizzle|[of] p1a: Kyogre\n|move|p2a: Vivi|Leaf Blade|p1a: Kyogre\n|-supereffective|p1a: Kyogre\n|-damage|p1a: Kyogre|0 fnt\n|faint|p1a: Kyogre\n|\n|-weather|RainDance|[upkeep]\n|upkeep\n|\n|t:|1700231414\n|switch|p1a: Espathra|Espathra, F|100\/100\n|turn|8\n|\n|t:|1700231426\n|move|p1a: Espathra|Protect|p1a: Espathra\n|-singleturn|p1a: Espathra|Protect\n|move|p2a: Vivi|Victory Dance|p2a: Vivi\n|-boost|p2a: Vivi|atk|1\n|-boost|p2a: Vivi|def|1\n|-boost|p2a: Vivi|spe|1\n|-enditem|p1a: Espathra|Mirror Herb\n|-boost|p1a: Espathra|atk|1|[from] item: Mirror Herb\n|-boost|p1a: Espathra|def|1|[from] item: Mirror Herb\n|-boost|p1a: Espathra|spe|1|[from] item: Mirror Herb\n|\n|-weather|RainDance|[upkeep]\n|-ability|p1a: Espathra|Speed Boost|boost\n|-boost|p1a: Espathra|spe|1\n|upkeep\n|turn|9\n|\n|t:|1700231471\n|move|p2a: Vivi|Leaf Blade|p1a: Espathra\n|-damage|p1a: Espathra|20\/100\n|move|p1a: Espathra|Calm Mind|p1a: Espathra\n|-boost|p1a: Espathra|spa|1\n|-boost|p1a: Espathra|spd|1\n|\n|-weather|RainDance|[upkeep]\n|-ability|p1a: Espathra|Speed Boost|boost\n|-boost|p1a: Espathra|spe|1\n|upkeep\n|turn|10\n|\n|t:|1700231481\n|move|p1a: Espathra|Protect|p1a: Espathra\n|-singleturn|p1a: Espathra|Protect\n|move|p2a: Vivi|Leaf Blade|p1a: Espathra\n|-activate|p1a: Espathra|move: Protect\n|\n|-weather|RainDance|[upkeep]\n|-ability|p1a: Espathra|Speed Boost|boost\n|-boost|p1a: Espathra|spe|1\n|upkeep\n|turn|11\n|\n|t:|1700231496\n|move|p1a: Espathra|Stored Power|p2a: Vivi\n|-supereffective|p2a: Vivi\n|-damage|p2a: Vivi|0 fnt\n|faint|p2a: Vivi\n|\n|-weather|none\n|-ability|p1a: Espathra|Speed Boost|boost\n|-boost|p1a: Espathra|spe|1\n|upkeep\n|\n|t:|1700231500\n|switch|p2a: Quin|Weavile, M|100\/100\n|-ability|p2a: Quin|Pressure\n|turn|12\n|\n|t:|1700231513\n|move|p1a: Espathra|Protect|p1a: Espathra\n|-singleturn|p1a: Espathra|Protect\n|move|p2a: Quin|Knock Off|p1a: Espathra\n|-activate|p1a: Espathra|move: Protect\n|\n|-ability|p1a: Espathra|Speed Boost|boost\n|-boost|p1a: Espathra|spe|1\n|upkeep\n|turn|13\n|\n|t:|1700231520\n|move|p1a: Espathra|Stored Power|p2a: Quin\n|-immune|p2a: Quin\n|move|p2a: Quin|Knock Off|p1a: Espathra\n|-supereffective|p1a: Espathra\n|-damage|p1a: Espathra|0 fnt\n|faint|p1a: Espathra\n|\n|upkeep\n|\n|t:|1700231530\n|switch|p1a: Lucario|Lucario, F|100\/100\n|turn|14\n|\n|t:|1700231550\n|switch|p2a: Gran|Torkoal, M|100\/100\n|-weather|SunnyDay|[from] ability: Drought|[of] p2a: Gran\n|move|p1a: Lucario|Bullet Punch|p2a: Gran\n|-resisted|p2a: Gran\n|-damage|p2a: Gran|93\/100\n|\n|-weather|SunnyDay|[upkeep]\n|upkeep\n|turn|15\n|\n|t:|1700231561\n|switch|p1a: Kommo-o|Kommo-o, F|100\/100\n|move|p2a: Gran|Will-O-Wisp|p1a: Kommo-o\n|-status|p1a: Kommo-o|brn\n|\n|-weather|SunnyDay|[upkeep]\n|-damage|p1a: Kommo-o|94\/100 brn|[from] brn\n|upkeep\n|turn|16\n|\n|t:|1700231569\n|switch|p2a: Iron Moth|Iron Moth|100\/100\n|move|p1a: Kommo-o|Substitute|p1a: Kommo-o\n|-start|p1a: Kommo-o|Substitute\n|-damage|p1a: Kommo-o|69\/100 brn\n|\n|-weather|SunnyDay|[upkeep]\n|-damage|p1a: Kommo-o|63\/100 brn|[from] brn\n|upkeep\n|turn|17\n|\n|t:|1700231576\n|move|p2a: Iron Moth|Sludge Wave|p1a: Kommo-o\n|-end|p1a: Kommo-o|Substitute\n|move|p1a: Kommo-o|Belly Drum|p1a: Kommo-o\n|-damage|p1a: Kommo-o|13\/100 brn\n|-setboost|p1a: Kommo-o|atk|6|[from] move: Belly Drum\n|-enditem|p1a: Kommo-o|Salac Berry|[eat]\n|-boost|p1a: Kommo-o|spe|1|[from] item: Salac Berry\n|\n|-weather|SunnyDay|[upkeep]\n|-damage|p1a: Kommo-o|7\/100 brn|[from] brn\n|upkeep\n|turn|18\n|\n|t:|1700231589\n|move|p1a: Kommo-o|Drain Punch|p2a: Iron Moth\n|-resisted|p2a: Iron Moth\n|-damage|p2a: Iron Moth|44\/100\n|-heal|p1a: Kommo-o|36\/100 brn|[from] drain|[of] p2a: Iron Moth\n|move|p2a: Iron Moth|Sludge Wave|p1a: Kommo-o\n|-damage|p1a: Kommo-o|0 fnt\n|faint|p1a: Kommo-o\n|\n|-weather|none\n|upkeep\n|\n|t:|1700231600\n|switch|p1a: Lucario|Lucario, F|100\/100\n|turn|19\n|\n|t:|1700231607\n|-end|p2a: Iron Moth|Quark Drive|[silent]\n|switch|p2a: Gran|Torkoal, M|93\/100\n|-weather|SunnyDay|[from] ability: Drought|[of] p2a: Gran\n|move|p1a: Lucario|Extreme Speed|p2a: Gran\n|-damage|p2a: Gran|69\/100\n|\n|-weather|SunnyDay|[upkeep]\n|upkeep\n|turn|20\n|\n|t:|1700231640\n|-terastallize|p1a: Lucario|Fighting\n|move|p1a: Lucario|Extreme Speed|p2a: Gran\n|-damage|p2a: Gran|45\/100\n|move|p2a: Gran|Will-O-Wisp|p1a: Lucario\n|-status|p1a: Lucario|brn\n|\n|-weather|SunnyDay|[upkeep]\n|-damage|p1a: Lucario|94\/100 brn|[from] brn\n|upkeep\n|turn|21\n|\n|t:|1700231654\n|move|p1a: Lucario|Extreme Speed|p2a: Gran\n|-damage|p2a: Gran|33\/100\n|move|p2a: Gran|Body Press|p1a: Lucario\n|-damage|p1a: Lucario|40\/100 brn\n|\n|-weather|SunnyDay|[upkeep]\n|-damage|p1a: Lucario|34\/100 brn|[from] brn\n|upkeep\n|turn|22\n|\n|t:|1700231662\n|move|p1a: Lucario|Extreme Speed|p2a: Gran\n|-damage|p2a: Gran|22\/100\n|move|p2a: Gran|Body Press|p1a: Lucario\n|-damage|p1a: Lucario|0 fnt\n|faint|p1a: Lucario\n|\n|-weather|SunnyDay|[upkeep]\n|upkeep\n|\n|t:|1700231670\n|switch|p1a: Basculegion|Basculegion, M|96\/100\n|turn|23\n|\n|t:|1700231677\n|move|p1a: Basculegion|Last Respects|p2a: Gran\n|-damage|p2a: Gran|0 fnt\n|faint|p2a: Gran\n|\n|-weather|none\n|upkeep\n|\n|t:|1700231680\n|switch|p2a: Max|Ursaluna-Bloodmoon, M|100\/100\n|turn|24\n|\n|t:|1700231689\n|move|p1a: Basculegion|Last Respects|p2a: Max\n|-immune|p2a: Max\n|move|p2a: Max|Blood Moon|p1a: Basculegion\n|-damage|p1a: Basculegion|7\/100\n|\n|upkeep\n|turn|25\n|\n|t:|1700231717\n|move|p1a: Basculegion|Last Respects|p2a: Max\n|-immune|p2a: Max\n|move|p2a: Max|Earth Power|p1a: Basculegion\n|-damage|p1a: Basculegion|0 fnt\n|faint|p1a: Basculegion\n|\n|win|Ind0mitable Will\n|raw|Raiozin's rating: 1088 &rarr; <strong>1071<\/strong><br \/>(-17 for losing)\n|raw|Ind0mitable Will's rating: 1181 &rarr; <strong>1199<\/strong><br \/>(+18 for winning)\n|l|\u2606Raiozin\n|l|\u2606Ind0mitable Will\n|j|\u2606Raiozin\n|player|p1|Raiozin|gambler\n","uploadtime":1700231747,"views":18,"p1id":"raiozin","p2id":"ind0mitablewill","formatid":"gen9ubers","rating":1071,"private":0,"password":""}