{"id":"gen9ubers-1990207944","p1":"jhkjhkjhkjhki","p2":"Rustry101","format":"[Gen 9] Ubers","log":"|j|\u2606jhkjhkjhkjhki\n|j|\u2606Rustry101\n|t:|1699937526\n|gametype|singles\n|player|p1|jhkjhkjhkjhki|preschoolerf|1000\n|player|p2|Rustry101|101|1153\n|teamsize|p1|6\n|teamsize|p2|6\n|gen|9\n|tier|[Gen 9] Ubers\n|rated|\n|rule|Sleep Clause Mod: Limit one foe put to sleep\n|rule|Species Clause: Limit one of each Pok\u00e9mon\n|rule|OHKO Clause: OHKO moves are banned\n|rule|Evasion Items Clause: Evasion items are banned\n|rule|Evasion Moves Clause: Evasion moves are banned\n|rule|Endless Battle Clause: Forcing endless battles is banned\n|rule|HP Percentage Mod: HP is shown in percentages\n|clearpoke\n|poke|p1|Flutter Mane|\n|poke|p1|Koraidon|\n|poke|p1|Houndstone, M|\n|poke|p1|Ting-Lu|\n|poke|p1|Glimmora, F|\n|poke|p1|Armarouge, M|\n|poke|p2|Dialga-Origin|\n|poke|p2|Palkia-Origin|\n|poke|p2|Giratina-Origin|\n|poke|p2|Arceus|\n|poke|p2|Groudon|\n|poke|p2|Eternatus|\n|teampreview\n|inactive|Battle timer is ON: inactive players will automatically lose when time's up. (requested by Rustry101)\n|\n|t:|1699937541\n|start\n|switch|p1a: Ting-Lu|Ting-Lu|100\/100\n|switch|p2a: Groudon|Groudon|100\/100\n|-weather|SunnyDay|[from] ability: Drought|[of] p2a: Groudon\n|-ability|p1a: Ting-Lu|Vessel of Ruin\n|turn|1\n|\n|t:|1699937548\n|move|p2a: Groudon|Spikes|p1a: Ting-Lu\n|-sidestart|p1: jhkjhkjhkjhki|Spikes\n|move|p1a: Ting-Lu|Earthquake|p2a: Groudon\n|-damage|p2a: Groudon|71\/100\n|\n|-weather|SunnyDay|[upkeep]\n|-heal|p2a: Groudon|77\/100|[from] item: Leftovers\n|upkeep\n|turn|2\n|\n|t:|1699937563\n|move|p2a: Groudon|Will-O-Wisp|p1a: Ting-Lu\n|-status|p1a: Ting-Lu|brn\n|move|p1a: Ting-Lu|Ruination|p2a: Groudon|[miss]\n|-miss|p1a: Ting-Lu|p2a: Groudon\n|\n|-weather|SunnyDay|[upkeep]\n|-heal|p2a: Groudon|83\/100|[from] item: Leftovers\n|-damage|p1a: Ting-Lu|94\/100 brn|[from] brn\n|upkeep\n|turn|3\n|\n|t:|1699937570\n|move|p2a: Groudon|Precipice Blades|p1a: Ting-Lu\n|-damage|p1a: Ting-Lu|63\/100 brn\n|move|p1a: Ting-Lu|Ruination|p2a: Groudon\n|-damage|p2a: Groudon|42\/100\n|\n|-weather|SunnyDay|[upkeep]\n|-heal|p2a: Groudon|48\/100|[from] item: Leftovers\n|-damage|p1a: Ting-Lu|57\/100 brn|[from] brn\n|upkeep\n|turn|4\n|\n|t:|1699937577\n|move|p2a: Groudon|Protect|p2a: Groudon\n|-singleturn|p2a: Groudon|Protect\n|move|p1a: Ting-Lu|Ruination|p2a: Groudon\n|-activate|p2a: Groudon|move: Protect\n|\n|-weather|SunnyDay|[upkeep]\n|-heal|p2a: Groudon|54\/100|[from] item: Leftovers\n|-damage|p1a: Ting-Lu|51\/100 brn|[from] brn\n|upkeep\n|turn|5\n|\n|t:|1699937587\n|move|p2a: Groudon|Precipice Blades|p1a: Ting-Lu\n|-damage|p1a: Ting-Lu|17\/100 brn\n|move|p1a: Ting-Lu|Ruination|p2a: Groudon\n|-damage|p2a: Groudon|27\/100\n|\n|-weather|none\n|-heal|p2a: Groudon|34\/100|[from] item: Leftovers\n|-damage|p1a: Ting-Lu|11\/100 brn|[from] brn\n|upkeep\n|turn|6\n|\n|t:|1699937593\n|move|p2a: Groudon|Protect|p2a: Groudon\n|-singleturn|p2a: Groudon|Protect\n|move|p1a: Ting-Lu|Earthquake|p2a: Groudon\n|-activate|p2a: Groudon|move: Protect\n|\n|-heal|p2a: Groudon|40\/100|[from] item: Leftovers\n|-damage|p1a: Ting-Lu|5\/100 brn|[from] brn\n|upkeep\n|turn|7\n|\n|t:|1699937598\n|move|p2a: Groudon|Precipice Blades|p1a: Ting-Lu\n|-damage|p1a: Ting-Lu|0 fnt\n|faint|p1a: Ting-Lu\n|\n|-heal|p2a: Groudon|46\/100|[from] item: Leftovers\n|upkeep\n|\n|t:|1699937600\n|switch|p1a: Koraidon|Koraidon|100\/100\n|-damage|p1a: Koraidon|88\/100|[from] Spikes\n|-weather|SunnyDay|[from] ability: Orichalcum Pulse|[of] p1a: Koraidon\n|-activate|p1a: Koraidon|Orichalcum Pulse|[source]\n|turn|8\n|\n|t:|1699937605\n|move|p1a: Koraidon|Flare Blitz|p2a: Groudon\n|-damage|p2a: Groudon|0 fnt\n|faint|p2a: Groudon\n|-damage|p1a: Koraidon|71\/100|[from] Recoil\n|-damage|p1a: Koraidon|61\/100|[from] item: Life Orb\n|\n|-weather|SunnyDay|[upkeep]\n|upkeep\n|\n|t:|1699937611\n|switch|p2a: Eternatus|Eternatus|100\/100\n|-ability|p2a: Eternatus|Pressure\n|turn|9\n|\n|t:|1699937621\n|switch|p1a: Flutter Mane|Flutter Mane|100\/100\n|-damage|p1a: Flutter Mane|88\/100|[from] Spikes\n|-activate|p1a: Flutter Mane|ability: Protosynthesis\n|-start|p1a: Flutter Mane|protosynthesisspe\n|move|p2a: Eternatus|Dynamax Cannon|p1a: Flutter Mane\n|-immune|p1a: Flutter Mane\n|\n|-weather|SunnyDay|[upkeep]\n|upkeep\n|turn|10\n|\n|t:|1699937630\n|switch|p2a: Arceus|Arceus, shiny|100\/100\n|move|p1a: Flutter Mane|Moonblast|p2a: Arceus\n|-damage|p2a: Arceus|65\/100\n|-unboost|p2a: Arceus|spa|1\n|\n|-weather|SunnyDay|[upkeep]\n|upkeep\n|turn|11\n|\n|t:|1699937637\n|-end|p1a: Flutter Mane|Protosynthesis|[silent]\n|switch|p1a: Glimmora|Glimmora, F|100\/100\n|-damage|p1a: Glimmora|88\/100|[from] Spikes\n|move|p2a: Arceus|Shadow Claw|p1a: Glimmora\n|-damage|p1a: Glimmora|60\/100\n|-activate|p1a: Glimmora|ability: Toxic Debris\n|-sidestart|p2: Rustry101|move: Toxic Spikes\n|\n|-weather|SunnyDay|[upkeep]\n|upkeep\n|turn|12\n|\n|t:|1699937644\n|move|p2a: Arceus|Taunt|p1a: Glimmora\n|-start|p1a: Glimmora|move: Taunt\n|move|p1a: Glimmora|Mortal Spin|p2a: Arceus\n|-damage|p2a: Arceus|62\/100\n|-status|p2a: Arceus|psn\n|-sideend|p1: jhkjhkjhkjhki|Spikes|[from] move: Mortal Spin|[of] p1a: Glimmora\n|\n|-weather|none\n|-damage|p2a: Arceus|49\/100 psn|[from] psn\n|upkeep\n|turn|13\n|\n|t:|1699937648\n|move|p2a: Arceus|Swords Dance|p2a: Arceus\n|-boost|p2a: Arceus|atk|2\n|move|p1a: Glimmora|Earth Power|p2a: Arceus\n|-damage|p2a: Arceus|25\/100 psn\n|\n|-damage|p2a: Arceus|13\/100 psn|[from] psn\n|upkeep\n|turn|14\n|\n|t:|1699937654\n|move|p2a: Arceus|Extreme Speed|p1a: Glimmora\n|-resisted|p1a: Glimmora\n|-damage|p1a: Glimmora|0 fnt\n|-activate|p1a: Glimmora|ability: Toxic Debris\n|-sidestart|p2: Rustry101|move: Toxic Spikes\n|faint|p1a: Glimmora\n|\n|-damage|p2a: Arceus|0 fnt|[from] psn\n|faint|p2a: Arceus\n|upkeep\n|\n|t:|1699937660\n|switch|p2a: Eternatus|Eternatus|100\/100\n|switch|p1a: Koraidon|Koraidon|61\/100\n|-sideend|p2: Rustry101|move: Toxic Spikes|[of] p2a: Eternatus\n|-ability|p2a: Eternatus|Pressure\n|-weather|SunnyDay|[from] ability: Orichalcum Pulse|[of] p1a: Koraidon\n|-activate|p1a: Koraidon|Orichalcum Pulse|[source]\n|turn|15\n|\n|t:|1699937671\n|switch|p2a: Giratina|Giratina-Origin, shiny|100\/100\n|move|p1a: Koraidon|Outrage|p2a: Giratina\n|-supereffective|p2a: Giratina\n|-damage|p2a: Giratina|0 fnt\n|faint|p2a: Giratina\n|-damage|p1a: Koraidon|51\/100|[from] item: Life Orb\n|\n|-weather|SunnyDay|[upkeep]\n|upkeep\n|\n|t:|1699937674\n|switch|p2a: Eternatus|Eternatus|100\/100\n|-ability|p2a: Eternatus|Pressure\n|turn|16\n|\n|t:|1699937676\n|move|p2a: Eternatus|Dynamax Cannon|p1a: Koraidon\n|-supereffective|p1a: Koraidon\n|-damage|p1a: Koraidon|0 fnt\n|faint|p1a: Koraidon\n|\n|-weather|SunnyDay|[upkeep]\n|upkeep\n|\n|t:|1699937678\n|switch|p1a: Flutter Mane|Flutter Mane|88\/100\n|-activate|p1a: Flutter Mane|ability: Protosynthesis\n|-start|p1a: Flutter Mane|protosynthesisspe\n|turn|17\n|\n|t:|1699937687\n|switch|p2a: Dialga|Dialga-Origin|100\/100\n|-ability|p2a: Dialga|Pressure\n|move|p1a: Flutter Mane|Moonblast|p2a: Dialga\n|-damage|p2a: Dialga|60\/100\n|\n|-weather|SunnyDay|[upkeep]\n|upkeep\n|turn|18\n|\n|t:|1699937692\n|-end|p1a: Flutter Mane|Protosynthesis|[silent]\n|switch|p1a: Armarouge|Armarouge, M|100\/100\n|move|p2a: Dialga|Thunder Wave|p1a: Armarouge\n|-status|p1a: Armarouge|par\n|\n|-weather|SunnyDay|[upkeep]\n|upkeep\n|turn|19\n|\n|t:|1699937701\n|move|p2a: Dialga|Stealth Rock|p1a: Armarouge\n|-sidestart|p1: jhkjhkjhkjhki|move: Stealth Rock\n|cant|p1a: Armarouge|par\n|\n|-weather|none\n|upkeep\n|turn|20\n|\n|t:|1699937706\n|switch|p2a: Palkia|Palkia-Origin|100\/100\n|-ability|p2a: Palkia|Pressure\n|move|p1a: Armarouge|Armor Cannon|p2a: Palkia\n|-resisted|p2a: Palkia\n|-crit|p2a: Palkia\n|-damage|p2a: Palkia|76\/100\n|-unboost|p1a: Armarouge|def|1\n|-unboost|p1a: Armarouge|spd|1\n|\n|upkeep\n|turn|21\n|\n|t:|1699937714\n|move|p2a: Palkia|Hydro Pump|p1a: Armarouge|[miss]\n|-miss|p2a: Palkia|p1a: Armarouge\n|move|p1a: Armarouge|Psyshock|p2a: Palkia\n|-damage|p2a: Palkia|27\/100\n|\n|upkeep\n|turn|22\n|\n|t:|1699937717\n|move|p2a: Palkia|Hydro Pump|p1a: Armarouge\n|-supereffective|p1a: Armarouge\n|-damage|p1a: Armarouge|0 fnt\n|faint|p1a: Armarouge\n|\n|upkeep\n|\n|t:|1699937719\n|switch|p1a: Flutter Mane|Flutter Mane|88\/100\n|-damage|p1a: Flutter Mane|76\/100|[from] Stealth Rock\n|turn|23\n|\n|t:|1699937724\n|move|p1a: Flutter Mane|Moonblast|p2a: Palkia\n|-supereffective|p2a: Palkia\n|-damage|p2a: Palkia|0 fnt\n|faint|p2a: Palkia\n|\n|upkeep\n|\n|t:|1699937732\n|switch|p2a: Eternatus|Eternatus|100\/100\n|-ability|p2a: Eternatus|Pressure\n|turn|24\n|\n|t:|1699937736\n|move|p1a: Flutter Mane|Moonblast|p2a: Eternatus\n|-damage|p2a: Eternatus|58\/100\n|move|p2a: Eternatus|Sludge Bomb|p1a: Flutter Mane\n|-damage|p1a: Flutter Mane|14\/100\n|-status|p1a: Flutter Mane|psn\n|\n|-damage|p1a: Flutter Mane|1\/100 psn|[from] psn\n|upkeep\n|turn|25\n|\n|t:|1699937742\n|switch|p2a: Dialga|Dialga-Origin|60\/100\n|-ability|p2a: Dialga|Pressure\n|-terastallize|p1a: Flutter Mane|Fairy\n|move|p1a: Flutter Mane|Moonblast|p2a: Dialga\n|-damage|p2a: Dialga|0 fnt\n|faint|p2a: Dialga\n|\n|-damage|p1a: Flutter Mane|0 fnt|[from] psn\n|faint|p1a: Flutter Mane\n|-end|p1a: Flutter Mane|Protosynthesis|[silent]\n|upkeep\n|\n|t:|1699937749\n|switch|p1a: Houndstone|Houndstone, M|100\/100\n|switch|p2a: Eternatus|Eternatus|58\/100\n|-ability|p2a: Eternatus|Pressure\n|-damage|p1a: Houndstone|88\/100|[from] Stealth Rock\n|turn|26\n|\n|t:|1699937756\n|move|p2a: Eternatus|Dynamax Cannon|p1a: Houndstone\n|-damage|p1a: Houndstone|23\/100\n|move|p1a: Houndstone|Last Respects|p2a: Eternatus\n|-damage|p2a: Eternatus|0 fnt\n|faint|p2a: Eternatus\n|\n|win|jhkjhkjhkjhki\n|raw|jhkjhkjhkjhki's rating: 1000 &rarr; <strong>1057<\/strong><br \/>(+57 for winning)\n|raw|Rustry101's rating: 1153 &rarr; <strong>1118<\/strong><br \/>(-35 for losing)\n|l|\u2606Rustry101\n","uploadtime":1699937769,"views":8,"p1id":"jhkjhkjhkjhki","p2id":"rustry101","formatid":"gen9ubers","rating":1057,"private":0,"password":""}