{"id":"gen9ubers-1983608880","p1":"maarc999(red)","p2":"ujiijhh","format":"[Gen 9] Ubers","log":"|j|\u2606maarc999(red)\n|j|\u2606ujiijhh\n|t:|1699148986\n|gametype|singles\n|player|p1|maarc999(red)|ethan|1104\n|player|p2|ujiijhh|cogita|1000\n|teamsize|p1|6\n|teamsize|p2|6\n|gen|9\n|tier|[Gen 9] Ubers\n|rated|\n|rule|Sleep Clause Mod: Limit one foe put to sleep\n|rule|Species Clause: Limit one of each Pok\u00e9mon\n|rule|OHKO Clause: OHKO moves are banned\n|rule|Evasion Items Clause: Evasion items are banned\n|rule|Evasion Moves Clause: Evasion moves are banned\n|rule|Endless Battle Clause: Forcing endless battles is banned\n|rule|HP Percentage Mod: HP is shown in percentages\n|clearpoke\n|poke|p1|Mewtwo|\n|poke|p1|Palafin, F|\n|poke|p1|Spectrier|\n|poke|p1|Goodra, M|\n|poke|p1|Groudon|\n|poke|p1|Arceus|\n|poke|p2|Glimmora, M|\n|poke|p2|Zamazenta-*|\n|poke|p2|Ursaluna-Bloodmoon, M|\n|poke|p2|Iron Valiant|\n|poke|p2|Rillaboom, F|\n|poke|p2|Sneasler, F|\n|teampreview\n|inactive|Battle timer is ON: inactive players will automatically lose when time's up. (requested by maarc999(red))\n|\n|t:|1699148993\n|start\n|switch|p1a: Arceus|Arceus|100\/100\n|switch|p2a: Glimmora|Glimmora, M|100\/100\n|turn|1\n|\n|t:|1699149002\n|move|p1a: Arceus|Dragon Dance|p1a: Arceus\n|-boost|p1a: Arceus|atk|1\n|-boost|p1a: Arceus|spe|1\n|move|p2a: Glimmora|Stealth Rock|p1a: Arceus\n|-sidestart|p1: maarc999(red)|move: Stealth Rock\n|\n|upkeep\n|turn|2\n|\n|t:|1699149006\n|move|p1a: Arceus|Dragon Dance|p1a: Arceus\n|-boost|p1a: Arceus|atk|1\n|-boost|p1a: Arceus|spe|1\n|move|p2a: Glimmora|Mortal Spin|p1a: Arceus\n|-damage|p1a: Arceus|96\/100\n|-status|p1a: Arceus|psn\n|\n|-damage|p1a: Arceus|83\/100 psn|[from] psn\n|upkeep\n|turn|3\n|\n|t:|1699149018\n|move|p1a: Arceus|Dragon Dance|p1a: Arceus\n|-boost|p1a: Arceus|atk|1\n|-boost|p1a: Arceus|spe|1\n|move|p2a: Glimmora|Earth Power|p1a: Arceus\n|-damage|p1a: Arceus|61\/100 psn\n|\n|-damage|p1a: Arceus|49\/100 psn|[from] psn\n|upkeep\n|turn|4\n|\n|t:|1699149026\n|-terastallize|p1a: Arceus|Flying\n|move|p1a: Arceus|Dragon Dance|p1a: Arceus\n|-boost|p1a: Arceus|atk|1\n|-boost|p1a: Arceus|spe|1\n|move|p2a: Glimmora|Earth Power|p1a: Arceus\n|-immune|p1a: Arceus\n|\n|-damage|p1a: Arceus|36\/100 psn|[from] psn\n|upkeep\n|turn|5\n|\n|t:|1699149039\n|switch|p2a: Rillaboom|Rillaboom, F|100\/100\n|-fieldstart|move: Grassy Terrain|[from] ability: Grassy Surge|[of] p2a: Rillaboom\n|move|p1a: Arceus|Outrage|p2a: Rillaboom\n|-damage|p2a: Rillaboom|0 fnt\n|faint|p2a: Rillaboom\n|-damage|p1a: Arceus|26\/100 psn|[from] item: Life Orb\n|\n|-damage|p1a: Arceus|14\/100 psn|[from] psn\n|upkeep\n|\n|t:|1699149042\n|switch|p2a: Glimmora|Glimmora, M|100\/100\n|turn|6\n|\n|t:|1699149045\n|move|p1a: Arceus|Outrage|p2a: Glimmora|[from]lockedmove\n|-enditem|p2a: Glimmora|Focus Sash\n|-damage|p2a: Glimmora|1\/100\n|-activate|p2a: Glimmora|ability: Toxic Debris\n|-sidestart|p1: maarc999(red)|move: Toxic Spikes\n|-damage|p1a: Arceus|4\/100 psn|[from] item: Life Orb\n|move|p2a: Glimmora|Mortal Spin|p1a: Arceus\n|-damage|p1a: Arceus|0 fnt\n|faint|p1a: Arceus\n|\n|-heal|p2a: Glimmora|7\/100|[from] Grassy Terrain\n|upkeep\n|\n|t:|1699149052\n|switch|p1a: Goodra|Goodra, M|100\/100\n|-damage|p1a: Goodra|88\/100|[from] Stealth Rock\n|-status|p1a: Goodra|psn\n|turn|7\n|\n|t:|1699149062\n|switch|p1a: Palafin|Palafin, F|100\/100\n|-damage|p1a: Palafin|88\/100|[from] Stealth Rock\n|-status|p1a: Palafin|psn\n|move|p2a: Glimmora|Earth Power|p1a: Palafin\n|-damage|p1a: Palafin|42\/100 psn\n|-unboost|p1a: Palafin|spd|1\n|\n|-heal|p1a: Palafin|48\/100 psn|[from] Grassy Terrain\n|-heal|p2a: Glimmora|13\/100|[from] Grassy Terrain\n|-damage|p1a: Palafin|36\/100 psn|[from] psn\n|upkeep\n|turn|8\n|\n|t:|1699149066\n|move|p1a: Palafin|Flip Turn|p2a: Glimmora\n|-supereffective|p2a: Glimmora\n|-damage|p2a: Glimmora|0 fnt\n|-activate|p2a: Glimmora|ability: Toxic Debris\n|-sidestart|p1: maarc999(red)|move: Toxic Spikes\n|faint|p2a: Glimmora\n|\n|t:|1699149089\n|detailschange|p1a: Palafin|Palafin-Hero, F\n|switch|p1a: Groudon|Groudon|100\/100|[from] Flip Turn\n|-damage|p1a: Groudon|94\/100|[from] Stealth Rock\n|-status|p1a: Groudon|tox\n|-weather|SunnyDay|[from] ability: Drought|[of] p1a: Groudon\n|\n|-weather|SunnyDay|[upkeep]\n|-heal|p1a: Groudon|100\/100 tox|[from] Grassy Terrain\n|-damage|p1a: Groudon|94\/100 tox|[from] psn\n|upkeep\n|\n|t:|1699149103\n|switch|p2a: Sneasler|Sneasler, F|100\/100\n|-enditem|p2a: Sneasler|Grassy Seed\n|-boost|p2a: Sneasler|def|1|[from] item: Grassy Seed\n|turn|9\n|\n|t:|1699149117\n|move|p2a: Sneasler|Close Combat|p1a: Groudon\n|-damage|p1a: Groudon|53\/100 tox\n|-unboost|p2a: Sneasler|def|1\n|-unboost|p2a: Sneasler|spd|1\n|move|p1a: Groudon|Earthquake|p2a: Sneasler\n|-supereffective|p2a: Sneasler\n|-damage|p2a: Sneasler|0 fnt\n|faint|p2a: Sneasler\n|\n|-weather|SunnyDay|[upkeep]\n|-heal|p1a: Groudon|60\/100 tox|[from] Grassy Terrain\n|-damage|p1a: Groudon|47\/100 tox|[from] psn\n|upkeep\n|\n|t:|1699149133\n|switch|p2a: Zamazenta|Zamazenta|100\/100\n|-ability|p2a: Zamazenta|Dauntless Shield|boost\n|-boost|p2a: Zamazenta|def|1\n|turn|10\n|\n|t:|1699149138\n|move|p2a: Zamazenta|Substitute|p2a: Zamazenta\n|-start|p2a: Zamazenta|Substitute\n|-damage|p2a: Zamazenta|75\/100\n|move|p1a: Groudon|Earthquake|p2a: Zamazenta\n|-activate|p2a: Zamazenta|move: Substitute|[damage]\n|\n|-weather|SunnyDay|[upkeep]\n|-heal|p2a: Zamazenta|82\/100|[from] Grassy Terrain\n|-heal|p2a: Zamazenta|88\/100|[from] item: Leftovers\n|-heal|p1a: Groudon|53\/100 tox|[from] Grassy Terrain\n|-damage|p1a: Groudon|35\/100 tox|[from] psn\n|upkeep\n|turn|11\n|\n|t:|1699149144\n|move|p2a: Zamazenta|Iron Defense|p2a: Zamazenta\n|-boost|p2a: Zamazenta|def|2\n|move|p1a: Groudon|Earthquake|p2a: Zamazenta\n|-crit|p2a: Zamazenta\n|-end|p2a: Zamazenta|Substitute\n|\n|-weather|SunnyDay|[upkeep]\n|-heal|p2a: Zamazenta|94\/100|[from] Grassy Terrain\n|-heal|p2a: Zamazenta|99\/100|[from] item: Leftovers\n|-heal|p1a: Groudon|41\/100 tox|[from] Grassy Terrain\n|-damage|p1a: Groudon|16\/100 tox|[from] psn\n|upkeep\n|turn|12\n|\n|t:|1699149153\n|move|p2a: Zamazenta|Substitute|p2a: Zamazenta\n|-start|p2a: Zamazenta|Substitute\n|-damage|p2a: Zamazenta|75\/100\n|move|p1a: Groudon|Earthquake|p2a: Zamazenta\n|-activate|p2a: Zamazenta|move: Substitute|[damage]\n|\n|-weather|none\n|-heal|p2a: Zamazenta|81\/100|[from] Grassy Terrain\n|-heal|p2a: Zamazenta|88\/100|[from] item: Leftovers\n|-heal|p1a: Groudon|23\/100 tox|[from] Grassy Terrain\n|-damage|p1a: Groudon|0 fnt|[from] psn\n|faint|p1a: Groudon\n|-fieldend|move: Grassy Terrain\n|upkeep\n|\n|t:|1699149160\n|switch|p1a: Palafin|Palafin-Hero, F|36\/100 psn\n|-damage|p1a: Palafin|23\/100 psn|[from] Stealth Rock\n|-activate|p1a: Palafin|ability: Zero to Hero\n|turn|13\n|\n|t:|1699149167\n|move|p2a: Zamazenta|Body Press|p1a: Palafin\n|-damage|p1a: Palafin|0 fnt\n|faint|p1a: Palafin\n|\n|-heal|p2a: Zamazenta|94\/100|[from] item: Leftovers\n|upkeep\n|\n|t:|1699149173\n|switch|p1a: Spectrier|Spectrier|100\/100\n|-damage|p1a: Spectrier|88\/100|[from] Stealth Rock\n|-status|p1a: Spectrier|tox\n|turn|14\n|\n|t:|1699149181\n|move|p1a: Spectrier|Psychic|p2a: Zamazenta\n|-supereffective|p2a: Zamazenta\n|-end|p2a: Zamazenta|Substitute\n|move|p2a: Zamazenta|Crunch|p1a: Spectrier\n|-supereffective|p1a: Spectrier\n|-damage|p1a: Spectrier|21\/100 tox\n|\n|-heal|p2a: Zamazenta|99\/100|[from] item: Leftovers\n|-damage|p1a: Spectrier|15\/100 tox|[from] psn\n|upkeep\n|turn|15\n|\n|t:|1699149191\n|move|p1a: Spectrier|Psychic|p2a: Zamazenta\n|-supereffective|p2a: Zamazenta\n|-damage|p2a: Zamazenta|25\/100\n|move|p2a: Zamazenta|Substitute|p2a: Zamazenta\n|-fail|p2a: Zamazenta|move: Substitute|[weak]\n|\n|-heal|p2a: Zamazenta|31\/100|[from] item: Leftovers\n|-damage|p1a: Spectrier|2\/100 tox|[from] psn\n|upkeep\n|turn|16\n|\n|t:|1699149195\n|move|p1a: Spectrier|Psychic|p2a: Zamazenta\n|-supereffective|p2a: Zamazenta\n|-damage|p2a: Zamazenta|0 fnt\n|faint|p2a: Zamazenta\n|-ability|p1a: Spectrier|Grim Neigh|boost\n|-boost|p1a: Spectrier|spa|1\n|\n|-damage|p1a: Spectrier|0 fnt|[from] psn\n|faint|p1a: Spectrier\n|upkeep\n|\n|t:|1699149201\n|switch|p1a: Goodra|Goodra, M|88\/100 psn\n|switch|p2a: Iron Valiant|Iron Valiant|100\/100\n|-damage|p1a: Goodra|75\/100 psn|[from] Stealth Rock\n|-enditem|p2a: Iron Valiant|Booster Energy\n|-activate|p2a: Iron Valiant|ability: Quark Drive|[fromitem]\n|-start|p2a: Iron Valiant|quarkdrivespe\n|turn|17\n|\n|t:|1699149209\n|move|p1a: Goodra|Toxic|p2a: Iron Valiant\n|-status|p2a: Iron Valiant|tox\n|move|p2a: Iron Valiant|Trick Room|p2a: Iron Valiant\n|-fieldstart|move: Trick Room|[of] p2a: Iron Valiant\n|\n|-heal|p1a: Goodra|82\/100 psn|[from] item: Leftovers\n|-damage|p1a: Goodra|69\/100 psn|[from] psn\n|-damage|p2a: Iron Valiant|94\/100 tox|[from] psn\n|upkeep\n|turn|18\n|\n|t:|1699149224\n|move|p1a: Goodra|Protect|p1a: Goodra\n|-singleturn|p1a: Goodra|Protect\n|move|p2a: Iron Valiant|Moonblast|p1a: Goodra\n|-activate|p1a: Goodra|move: Protect\n|\n|-heal|p1a: Goodra|75\/100 psn|[from] item: Leftovers\n|-damage|p1a: Goodra|63\/100 psn|[from] psn\n|-damage|p2a: Iron Valiant|82\/100 tox|[from] psn\n|upkeep\n|turn|19\n|\n|t:|1699149229\n|move|p1a: Goodra|Acid Armor|p1a: Goodra\n|-boost|p1a: Goodra|def|2\n|move|p2a: Iron Valiant|Moonblast|p1a: Goodra\n|-supereffective|p1a: Goodra\n|-damage|p1a: Goodra|19\/100 psn\n|\n|-heal|p1a: Goodra|25\/100 psn|[from] item: Leftovers\n|-damage|p1a: Goodra|13\/100 psn|[from] psn\n|-damage|p2a: Iron Valiant|63\/100 tox|[from] psn\n|upkeep\n|turn|20\n|\n|t:|1699149240\n|move|p1a: Goodra|Protect|p1a: Goodra\n|-singleturn|p1a: Goodra|Protect\n|move|p2a: Iron Valiant|Moonblast|p1a: Goodra\n|-activate|p1a: Goodra|move: Protect\n|\n|-heal|p1a: Goodra|19\/100 psn|[from] item: Leftovers\n|-damage|p1a: Goodra|7\/100 psn|[from] psn\n|-damage|p2a: Iron Valiant|38\/100 tox|[from] psn\n|upkeep\n|turn|21\n|\n|t:|1699149243\n|move|p1a: Goodra|Rest|p1a: Goodra\n|-status|p1a: Goodra|slp|[from] move: Rest\n|-heal|p1a: Goodra|100\/100 slp|[silent]\n|move|p2a: Iron Valiant|Moonblast|p1a: Goodra\n|-supereffective|p1a: Goodra\n|-damage|p1a: Goodra|58\/100 slp\n|\n|-heal|p1a: Goodra|64\/100 slp|[from] item: Leftovers\n|-damage|p2a: Iron Valiant|7\/100 tox|[from] psn\n|-fieldend|move: Trick Room\n|upkeep\n|turn|22\n|\n|t:|1699149251\n|cant|p1a: Goodra|slp\n|move|p2a: Iron Valiant|Trick Room|p2a: Iron Valiant\n|-fieldstart|move: Trick Room|[of] p2a: Iron Valiant\n|\n|-heal|p1a: Goodra|70\/100 slp|[from] item: Leftovers\n|-damage|p2a: Iron Valiant|0 fnt|[from] psn\n|faint|p2a: Iron Valiant\n|-end|p2a: Iron Valiant|Quark Drive|[silent]\n|upkeep\n|\n|t:|1699149252\n|switch|p2a: Ursaluna|Ursaluna-Bloodmoon, M|100\/100\n|turn|23\n|\n|t:|1699149257\n|move|p2a: Ursaluna|Calm Mind|p2a: Ursaluna\n|-boost|p2a: Ursaluna|spa|1\n|-boost|p2a: Ursaluna|spd|1\n|cant|p1a: Goodra|slp\n|\n|-heal|p1a: Goodra|77\/100 slp|[from] item: Leftovers\n|upkeep\n|turn|24\n|\n|t:|1699149261\n|move|p2a: Ursaluna|Blood Moon|p1a: Goodra\n|-damage|p1a: Goodra|14\/100 slp\n|-curestatus|p1a: Goodra|slp|[msg]\n|move|p1a: Goodra|Toxic|p2a: Ursaluna\n|-status|p2a: Ursaluna|tox\n|\n|-heal|p1a: Goodra|20\/100|[from] item: Leftovers\n|-damage|p2a: Ursaluna|94\/100 tox|[from] psn\n|upkeep\n|turn|25\n|\n|t:|1699149269\n|move|p1a: Goodra|Protect|p1a: Goodra\n|-singleturn|p1a: Goodra|Protect\n|move|p2a: Ursaluna|Earth Power|p1a: Goodra\n|-activate|p1a: Goodra|move: Protect\n|\n|-heal|p2a: Ursaluna|100\/100 tox|[from] item: Leftovers\n|-heal|p1a: Goodra|27\/100|[from] item: Leftovers\n|-damage|p2a: Ursaluna|88\/100 tox|[from] psn\n|upkeep\n|turn|26\n|\n|t:|1699149273\n|move|p2a: Ursaluna|Earth Power|p1a: Goodra\n|-damage|p1a: Goodra|0 fnt\n|faint|p1a: Goodra\n|\n|-heal|p2a: Ursaluna|94\/100 tox|[from] item: Leftovers\n|-damage|p2a: Ursaluna|76\/100 tox|[from] psn\n|-fieldend|move: Trick Room\n|upkeep\n|\n|t:|1699149277\n|switch|p1a: Mewtwo|Mewtwo|100\/100\n|-damage|p1a: Mewtwo|88\/100|[from] Stealth Rock\n|-status|p1a: Mewtwo|tox\n|-ability|p1a: Mewtwo|Pressure\n|turn|27\n|\n|t:|1699149284\n|move|p1a: Mewtwo|Ice Beam|p2a: Ursaluna\n|-supereffective|p2a: Ursaluna\n|-damage|p2a: Ursaluna|6\/100 tox\n|move|p2a: Ursaluna|Blood Moon|p1a: Mewtwo\n|-damage|p1a: Mewtwo|0 fnt\n|faint|p1a: Mewtwo\n|\n|win|ujiijhh\n|raw|maarc999(red)'s rating: 1104 &rarr; <strong>1072<\/strong><br \/>(-32 for losing)\n|raw|ujiijhh's rating: 1000 &rarr; <strong>1052<\/strong><br \/>(+52 for winning)\n","uploadtime":1699149296,"views":6,"p1id":"maarc999red","p2id":"ujiijhh","formatid":"gen9ubers","rating":1052,"private":0,"password":""}