{"id":"gen9ubers-1980095863","p1":"XpokVEVO","p2":"wamkou","format":"[Gen 9] Ubers","log":"|j|\u2606XpokVEVO\n|j|\u2606wamkou\n|t:|1698756788\n|gametype|singles\n|player|p1|XpokVEVO|mustard|\n|player|p2|wamkou|elesa-masters2|\n|teamsize|p1|6\n|teamsize|p2|6\n|gen|9\n|tier|[Gen 9] Ubers\n|rule|Sleep Clause Mod: Limit one foe put to sleep\n|rule|Species Clause: Limit one of each Pok\u00e9mon\n|rule|OHKO Clause: OHKO moves are banned\n|rule|Evasion Items Clause: Evasion items are banned\n|rule|Evasion Moves Clause: Evasion moves are banned\n|rule|Endless Battle Clause: Forcing endless battles is banned\n|rule|HP Percentage Mod: HP is shown in percentages\n|clearpoke\n|poke|p1|Arceus-Fire|\n|poke|p1|Cyclizar, M|\n|poke|p1|Espathra, F|\n|poke|p1|Magearna|\n|poke|p1|Zacian-*|\n|poke|p1|Roaring Moon|\n|poke|p2|Dondozo, F|\n|poke|p2|Giratina|\n|poke|p2|Blissey, F|\n|poke|p2|Magearna|\n|poke|p2|Arceus-Poison|\n|poke|p2|Gliscor, M|\n|teampreview\n|\n|t:|1698756802\n|start\n|switch|p1a: Akira|Cyclizar, M|100\/100\n|switch|p2a: Poke Floats|Magearna|100\/100\n|turn|1\n|\n|t:|1698756808\n|move|p1a: Akira|Shed Tail|p1a: Akira\n|-start|p1a: Akira|Substitute|[from] move: Shed Tail\n|-damage|p1a: Akira|50\/100\n|\n|t:|1698756813\n|switch|p1a: Ar\u0441eus-Fighting|Arceus-Fire, shiny|100\/100|[from] Shed Tail\n|move|p2a: Poke Floats|Draining Kiss|p1a: Ar\u0441eus-Fighting\n|-resisted|p1a: Ar\u0441eus-Fighting\n|-activate|p1a: Ar\u0441eus-Fighting|move: Substitute|[damage]\n|\n|upkeep\n|turn|2\n|\n|t:|1698756823\n|move|p1a: Ar\u0441eus-Fighting|Dragon Dance|p1a: Ar\u0441eus-Fighting\n|-boost|p1a: Ar\u0441eus-Fighting|atk|1\n|-boost|p1a: Ar\u0441eus-Fighting|spe|1\n|move|p2a: Poke Floats|Draining Kiss|p1a: Ar\u0441eus-Fighting\n|-resisted|p1a: Ar\u0441eus-Fighting\n|-activate|p1a: Ar\u0441eus-Fighting|move: Substitute|[damage]\n|\n|upkeep\n|turn|3\n|\n|t:|1698756830\n|move|p1a: Ar\u0441eus-Fighting|Flare Blitz|p2a: Poke Floats\n|-supereffective|p2a: Poke Floats\n|-damage|p2a: Poke Floats|0 fnt\n|faint|p2a: Poke Floats\n|-damage|p1a: Ar\u0441eus-Fighting|73\/100|[from] Recoil\n|\n|upkeep\n|\n|t:|1698756835\n|switch|p2a: Big Blue|Dondozo, F|100\/100\n|turn|4\n|\n|t:|1698756845\n|-terastallize|p1a: Ar\u0441eus-Fighting|Fairy\n|move|p1a: Ar\u0441eus-Fighting|Tera Blast|p2a: Big Blue|[anim] Tera Blast Fairy\n|-damage|p2a: Big Blue|81\/100\n|move|p2a: Big Blue|Waterfall|p1a: Ar\u0441eus-Fighting\n|-end|p1a: Ar\u0441eus-Fighting|Substitute\n|\n|upkeep\n|turn|5\n|\n|t:|1698756857\n|switch|p1a: Akira|Cyclizar, M|84\/100\n|move|p2a: Big Blue|Waterfall|p1a: Akira\n|-resisted|p1a: Akira\n|-damage|p1a: Akira|63\/100\n|\n|upkeep\n|turn|6\n|\n|t:|1698756862\n|move|p1a: Akira|Shed Tail|p1a: Akira\n|-start|p1a: Akira|Substitute|[from] move: Shed Tail\n|-damage|p1a: Akira|12\/100\n|\n|t:|1698756881\n|switch|p1a: Aunt Fanny|Magearna|100\/100|[from] Shed Tail\n|move|p2a: Big Blue|Body Press|p1a: Aunt Fanny\n|-activate|p1a: Aunt Fanny|move: Substitute|[damage]\n|\n|upkeep\n|turn|7\n|\n|t:|1698756889\n|move|p1a: Aunt Fanny|Thunder Wave|p2a: Big Blue\n|-status|p2a: Big Blue|par\n|move|p2a: Big Blue|Waterfall|p1a: Aunt Fanny\n|-end|p1a: Aunt Fanny|Substitute\n|\n|upkeep\n|turn|8\n|\n|t:|1698756894\n|move|p1a: Aunt Fanny|Shift Gear|p1a: Aunt Fanny\n|-boost|p1a: Aunt Fanny|spe|2\n|-boost|p1a: Aunt Fanny|atk|1\n|move|p2a: Big Blue|Waterfall|p1a: Aunt Fanny\n|-damage|p1a: Aunt Fanny|74\/100\n|\n|upkeep\n|turn|9\n|\n|t:|1698756902\n|move|p1a: Aunt Fanny|Flash Cannon|p2a: Big Blue\n|-resisted|p2a: Big Blue\n|-damage|p2a: Big Blue|60\/100 par\n|cant|p2a: Big Blue|par\n|\n|upkeep\n|turn|10\n|\n|t:|1698756917\n|move|p1a: Aunt Fanny|Flash Cannon|p2a: Big Blue\n|-resisted|p2a: Big Blue\n|-damage|p2a: Big Blue|37\/100 par\n|move|p2a: Big Blue|Waterfall|p1a: Aunt Fanny\n|-damage|p1a: Aunt Fanny|45\/100\n|\n|upkeep\n|turn|11\n|\n|t:|1698756922\n|move|p1a: Aunt Fanny|Flash Cannon|p2a: Big Blue\n|-resisted|p2a: Big Blue\n|-damage|p2a: Big Blue|17\/100 par\n|move|p2a: Big Blue|Rest|p2a: Big Blue\n|-status|p2a: Big Blue|slp|[from] move: Rest\n|-heal|p2a: Big Blue|100\/100 slp|[silent]\n|\n|upkeep\n|turn|12\n|\n|t:|1698756928\n|move|p1a: Aunt Fanny|Fleur Cannon|p2a: Big Blue\n|-damage|p2a: Big Blue|31\/100 slp\n|-unboost|p1a: Aunt Fanny|spa|2\n|cant|p2a: Big Blue|slp\n|move|p2a: Big Blue|Sleep Talk|p2a: Big Blue\n|move|p2a: Big Blue|Waterfall|p1a: Aunt Fanny|[from]move: Sleep Talk\n|-damage|p1a: Aunt Fanny|20\/100\n|\n|upkeep\n|turn|13\n|\n|t:|1698756941\n|switch|p2a: Brinstar|Arceus-Poison|100\/100\n|move|p1a: Aunt Fanny|Fleur Cannon|p2a: Brinstar\n|-resisted|p2a: Brinstar\n|-damage|p2a: Brinstar|91\/100\n|-unboost|p1a: Aunt Fanny|spa|2\n|\n|upkeep\n|turn|14\n|\n|t:|1698756956\n|move|p1a: Aunt Fanny|Thunder Wave|p2a: Brinstar\n|-status|p2a: Brinstar|par\n|move|p2a: Brinstar|Taunt|p1a: Aunt Fanny\n|-start|p1a: Aunt Fanny|move: Taunt\n|\n|upkeep\n|turn|15\n|\n|t:|1698756968\n|switch|p1a: Akira|Cyclizar, M|46\/100\n|switch|p2a: Dreamland|Blissey, F|100\/100\n|\n|upkeep\n|turn|16\n|\n|t:|1698756971\n|move|p1a: Akira|Knock Off|p2a: Dreamland\n|-damage|p2a: Dreamland|60\/100\n|-enditem|p2a: Dreamland|Leftovers|[from] move: Knock Off|[of] p1a: Akira\n|move|p2a: Dreamland|Stealth Rock|p1a: Akira\n|-sidestart|p1: XpokVEVO|move: Stealth Rock\n|\n|upkeep\n|turn|17\n|\n|t:|1698756979\n|move|p1a: Akira|Rapid Spin|p2a: Dreamland\n|-damage|p2a: Dreamland|26\/100\n|-boost|p1a: Akira|spe|1\n|-sideend|p1: XpokVEVO|Stealth Rock|[from] move: Rapid Spin|[of] p1a: Akira\n|move|p2a: Dreamland|Seismic Toss|p1a: Akira\n|-damage|p1a: Akira|17\/100\n|\n|upkeep\n|turn|18\n|\n|t:|1698756998\n|switch|p1a: Princess|Zacian, shiny|100\/100\n|-ability|p1a: Princess|Intrepid Sword|boost\n|-boost|p1a: Princess|atk|1\n|switch|p2a: Final Destination|Giratina|100\/100\n|-ability|p2a: Final Destination|Pressure\n|\n|upkeep\n|turn|19\n|\n|t:|1698757006\n|switch|p2a: Big Blue|Dondozo, F|31\/100 slp\n|move|p1a: Princess|Play Rough|p2a: Big Blue\n|-crit|p2a: Big Blue\n|-damage|p2a: Big Blue|0 fnt\n|faint|p2a: Big Blue\n|-damage|p1a: Princess|91\/100|[from] item: Life Orb\n|\n|upkeep\n|\n|t:|1698757012\n|switch|p2a: Brinstar|Arceus-Poison|91\/100 par\n|turn|20\n|\n|t:|1698757029\n|move|p1a: Princess|Swords Dance|p1a: Princess\n|-boost|p1a: Princess|atk|2\n|cant|p2a: Brinstar|par\n|\n|upkeep\n|turn|21\n|\n|t:|1698757033\n|move|p1a: Princess|Iron Head|p2a: Brinstar\n|-damage|p2a: Brinstar|32\/100 par\n|-damage|p1a: Princess|81\/100|[from] item: Life Orb\n|cant|p2a: Brinstar|flinch\n|\n|upkeep\n|turn|22\n|\n|t:|1698757038\n|move|p1a: Princess|Iron Head|p2a: Brinstar\n|-damage|p2a: Brinstar|0 fnt\n|faint|p2a: Brinstar\n|-damage|p1a: Princess|71\/100|[from] item: Life Orb\n|\n|upkeep\n|\n|t:|1698757040\n|switch|p2a: Battlefield|Gliscor, M|100\/100\n|turn|23\n|\n|t:|1698757048\n|move|p1a: Princess|Play Rough|p2a: Battlefield\n|-damage|p2a: Battlefield|19\/100\n|-damage|p1a: Princess|61\/100|[from] item: Life Orb\n|move|p2a: Battlefield|Earthquake|p1a: Princess\n|-damage|p1a: Princess|32\/100\n|\n|-status|p2a: Battlefield|tox|[from] item: Toxic Orb\n|upkeep\n|turn|24\n|\n|t:|1698757062\n|move|p2a: Battlefield|Protect|p2a: Battlefield\n|-singleturn|p2a: Battlefield|Protect\n|move|p1a: Princess|Iron Head|p2a: Battlefield\n|-activate|p2a: Battlefield|move: Protect\n|\n|-heal|p2a: Battlefield|31\/100 tox|[from] ability: Poison Heal\n|upkeep\n|turn|25\n|\n|t:|1698757070\n|-terastallize|p2a: Battlefield|Water\n|move|p1a: Princess|Iron Head|p2a: Battlefield\n|-resisted|p2a: Battlefield\n|-damage|p2a: Battlefield|6\/100 tox\n|-damage|p1a: Princess|22\/100|[from] item: Life Orb\n|move|p2a: Battlefield|Earthquake|p1a: Princess\n|-damage|p1a: Princess|0 fnt\n|faint|p1a: Princess\n|\n|-heal|p2a: Battlefield|18\/100 tox|[from] ability: Poison Heal\n|upkeep\n|\n|t:|1698757075\n|switch|p1a: Roaring Peak|Roaring Moon|100\/100\n|-enditem|p1a: Roaring Peak|Booster Energy\n|-activate|p1a: Roaring Peak|ability: Protosynthesis|[fromitem]\n|-start|p1a: Roaring Peak|protosynthesisspe\n|turn|26\n|\n|t:|1698757083\n|move|p1a: Roaring Peak|Acrobatics|p2a: Battlefield\n|-damage|p2a: Battlefield|0 fnt\n|faint|p2a: Battlefield\n|\n|upkeep\n|\n|t:|1698757086\n|switch|p2a: Final Destination|Giratina|100\/100\n|-ability|p2a: Final Destination|Pressure\n|turn|27\n|\n|t:|1698757096\n|move|p1a: Roaring Peak|Knock Off|p2a: Final Destination\n|-supereffective|p2a: Final Destination\n|-damage|p2a: Final Destination|57\/100\n|-enditem|p2a: Final Destination|Heavy-Duty Boots|[from] move: Knock Off|[of] p1a: Roaring Peak\n|move|p2a: Final Destination|Shadow Ball|p1a: Roaring Peak\n|-resisted|p1a: Roaring Peak\n|-damage|p1a: Roaring Peak|88\/100\n|\n|upkeep\n|turn|28\n|-message|wamkou forfeited.\n|\n|win|XpokVEVO\n|l|\u2606wamkou\n","uploadtime":1698757133,"views":8,"p1id":"xpokvevo","p2id":"wamkou","formatid":"gen9ubers","rating":0,"private":0,"password":""}