{"id":"gen9ubers-1990001806","p1":"bennymbs","p2":"pdswww","format":"[Gen 9] Ubers","log":"|j|\u2606bennymbs\n|j|\u2606pdswww\n|t:|1699914237\n|gametype|singles\n|player|p1|bennymbs|mina|\n|player|p2|pdswww|unknown|\n|teamsize|p1|6\n|teamsize|p2|6\n|gen|9\n|tier|[Gen 9] Ubers\n|rule|Sleep Clause Mod: Limit one foe put to sleep\n|rule|Species Clause: Limit one of each Pok\u00e9mon\n|rule|OHKO Clause: OHKO moves are banned\n|rule|Evasion Items Clause: Evasion items are banned\n|rule|Evasion Moves Clause: Evasion moves are banned\n|rule|Endless Battle Clause: Forcing endless battles is banned\n|rule|HP Percentage Mod: HP is shown in percentages\n|clearpoke\n|poke|p1|Cyclizar, M|\n|poke|p1|Zacian-*|\n|poke|p1|Magearna|\n|poke|p1|Palkia-Origin|\n|poke|p1|Arceus-Fire|\n|poke|p1|Jirachi|\n|poke|p2|Zacian-*|\n|poke|p2|Chi-Yu|\n|poke|p2|Urshifu-*, M|\n|poke|p2|Arceus-Dragon|\n|poke|p2|Espathra, M|\n|poke|p2|Magearna|\n|teampreview\n|inactive|Battle timer is ON: inactive players will automatically lose when time's up. (requested by bennymbs)\n|\n|t:|1699914265\n|start\n|switch|p1a: Oh Moon and Star|Jirachi|100\/100\n|switch|p2a: Chi-Yu|Chi-Yu|100\/100\n|-ability|p2a: Chi-Yu|Beads of Ruin\n|turn|1\n|\n|t:|1699914290\n|move|p1a: Oh Moon and Star|Iron Head|p2a: Chi-Yu\n|-resisted|p2a: Chi-Yu\n|-crit|p2a: Chi-Yu\n|-damage|p2a: Chi-Yu|60\/100\n|cant|p2a: Chi-Yu|flinch\n|\n|upkeep\n|turn|2\n|\n|t:|1699914295\n|move|p1a: Oh Moon and Star|Iron Head|p2a: Chi-Yu\n|-resisted|p2a: Chi-Yu\n|-damage|p2a: Chi-Yu|34\/100\n|cant|p2a: Chi-Yu|flinch\n|\n|upkeep\n|turn|3\n|\n|t:|1699914300\n|move|p1a: Oh Moon and Star|Iron Head|p2a: Chi-Yu\n|-resisted|p2a: Chi-Yu\n|-crit|p2a: Chi-Yu\n|-damage|p2a: Chi-Yu|0 fnt\n|faint|p2a: Chi-Yu\n|\n|upkeep\n|c|\u2606bennymbs|Hilarious\n|c|\u2606bennymbs|I apologize\n|c|\u2606pdswww|this is the second time today\n|inactive|pdswww has 270 seconds left.\n|\n|t:|1699914340\n|switch|p2a: Urshifu|Urshifu-Rapid-Strike, M|100\/100\n|turn|4\n|l|\u2606bennymbs\n|inactive|bennymbs disconnected and has 300 seconds to reconnect!\n|player|p1|\n|j|\u2606bennymbs\n|inactive|bennymbs reconnected and has 285 seconds left.\n|player|p1|bennymbs|mina\n|inactive|bennymbs has 270 seconds left.\n|\n|t:|1699914387\n|switch|p1a: HitsHydro3\/8|Palkia-Origin|100\/100\n|-ability|p1a: HitsHydro3\/8|Pressure\n|move|p2a: Urshifu|Surging Strikes|p1a: HitsHydro3\/8\n|-resisted|p1a: HitsHydro3\/8\n|-crit|p1a: HitsHydro3\/8\n|-damage|p1a: HitsHydro3\/8|95\/100\n|-resisted|p1a: HitsHydro3\/8\n|-crit|p1a: HitsHydro3\/8\n|-damage|p1a: HitsHydro3\/8|90\/100\n|-resisted|p1a: HitsHydro3\/8\n|-crit|p1a: HitsHydro3\/8\n|-damage|p1a: HitsHydro3\/8|85\/100\n|-hitcount|p1a: HitsHydro3\/8|3\n|\n|upkeep\n|turn|5\n|inactive|pdswww has 270 seconds left.\n|\n|t:|1699914402\n|switch|p2a: Zacian|Zacian|100\/100\n|-ability|p2a: Zacian|Intrepid Sword|boost\n|-boost|p2a: Zacian|atk|1\n|move|p1a: HitsHydro3\/8|Hydro Pump|p2a: Zacian\n|-damage|p2a: Zacian|28\/100\n|\n|upkeep\n|turn|6\n|\n|t:|1699914413\n|switch|p1a: Oh Moon and Star|Jirachi|100\/100\n|move|p2a: Zacian|Play Rough|p1a: Oh Moon and Star\n|-resisted|p1a: Oh Moon and Star\n|-damage|p1a: Oh Moon and Star|55\/100\n|\n|upkeep\n|turn|7\n|\n|t:|1699914421\n|move|p1a: Oh Moon and Star|Zen Headbutt|p2a: Zacian\n|-damage|p2a: Zacian|0 fnt\n|faint|p2a: Zacian\n|\n|upkeep\n|inactive|pdswww has 270 seconds left.\n|\n|t:|1699914438\n|switch|p2a: Espathra|Espathra, M|100\/100\n|turn|8\n|\n|t:|1699914445\n|switch|p1a: ThisGirlisOnFire|Arceus-Fire|100\/100\n|move|p2a: Espathra|Calm Mind|p2a: Espathra\n|-boost|p2a: Espathra|spa|1\n|-boost|p2a: Espathra|spd|1\n|\n|-ability|p2a: Espathra|Speed Boost|boost\n|-boost|p2a: Espathra|spe|1\n|upkeep\n|turn|9\n|\n|t:|1699914453\n|move|p2a: Espathra|Protect|p2a: Espathra\n|-singleturn|p2a: Espathra|Protect\n|move|p1a: ThisGirlisOnFire|Dragon Dance|p1a: ThisGirlisOnFire\n|-boost|p1a: ThisGirlisOnFire|atk|1\n|-boost|p1a: ThisGirlisOnFire|spe|1\n|\n|-ability|p2a: Espathra|Speed Boost|boost\n|-boost|p2a: Espathra|spe|1\n|upkeep\n|turn|10\n|\n|t:|1699914471\n|move|p2a: Espathra|Substitute|p2a: Espathra\n|-start|p2a: Espathra|Substitute\n|-damage|p2a: Espathra|76\/100\n|move|p1a: ThisGirlisOnFire|Flare Blitz|p2a: Espathra\n|-end|p2a: Espathra|Substitute\n|-damage|p1a: ThisGirlisOnFire|94\/100|[from] Recoil|[of] p2a: Espathra\n|\n|-ability|p2a: Espathra|Speed Boost|boost\n|-boost|p2a: Espathra|spe|1\n|upkeep\n|turn|11\n|\n|t:|1699914478\n|-terastallize|p1a: ThisGirlisOnFire|Normal\n|move|p1a: ThisGirlisOnFire|Extreme Speed|p2a: Espathra\n|-damage|p2a: Espathra|0 fnt\n|faint|p2a: Espathra\n|\n|upkeep\n|\n|t:|1699914493\n|switch|p2a: Magearna|Magearna|100\/100\n|turn|12\n|\n|t:|1699914497\n|move|p1a: ThisGirlisOnFire|Flare Blitz|p2a: Magearna\n|-supereffective|p2a: Magearna\n|-damage|p2a: Magearna|0 fnt\n|faint|p2a: Magearna\n|-damage|p1a: ThisGirlisOnFire|63\/100|[from] Recoil\n|\n|upkeep\n|\n|t:|1699914500\n|switch|p2a: Arceus|Arceus-Dragon|100\/100\n|turn|13\n|\n|t:|1699914509\n|move|p1a: ThisGirlisOnFire|Extreme Speed|p2a: Arceus\n|-damage|p2a: Arceus|58\/100\n|move|p2a: Arceus|Outrage|p1a: ThisGirlisOnFire\n|-damage|p1a: ThisGirlisOnFire|5\/100\n|\n|upkeep\n|turn|14\n|\n|t:|1699914519\n|move|p1a: ThisGirlisOnFire|Extreme Speed|p2a: Arceus\n|-damage|p2a: Arceus|18\/100\n|move|p2a: Arceus|Outrage|p1a: ThisGirlisOnFire|[from]lockedmove\n|-damage|p1a: ThisGirlisOnFire|0 fnt\n|faint|p1a: ThisGirlisOnFire\n|\n|upkeep\n|\n|t:|1699914523\n|switch|p1a: Oh Moon and Star|Jirachi|55\/100\n|turn|15\n|\n|t:|1699914527\n|move|p1a: Oh Moon and Star|Zen Headbutt|p2a: Arceus\n|-damage|p2a: Arceus|0 fnt\n|faint|p2a: Arceus\n|\n|upkeep\n|\n|t:|1699914529\n|switch|p2a: Urshifu|Urshifu-Rapid-Strike, M|100\/100\n|turn|16\n|c|\u2606bennymbs|Ggs\n|inactive|pdswww has 270 seconds left.\n|\n|t:|1699914560\n|-terastallize|p2a: Urshifu|Water\n|move|p1a: Oh Moon and Star|Zen Headbutt|p2a: Urshifu\n|-damage|p2a: Urshifu|66\/100\n|move|p2a: Urshifu|Surging Strikes|p1a: Oh Moon and Star\n|-crit|p1a: Oh Moon and Star\n|-damage|p1a: Oh Moon and Star|27\/100\n|-crit|p1a: Oh Moon and Star\n|-damage|p1a: Oh Moon and Star|0 fnt\n|faint|p1a: Oh Moon and Star\n|-hitcount|p1: Oh Moon and Star|2\n|\n|upkeep\n|\n|t:|1699914575\n|switch|p1a: HitsHydro3\/8|Palkia-Origin|85\/100\n|-ability|p1a: HitsHydro3\/8|Pressure\n|turn|17\n|\n|t:|1699914577\n|move|p2a: Urshifu|Surging Strikes|p1a: HitsHydro3\/8\n|-resisted|p1a: HitsHydro3\/8\n|-crit|p1a: HitsHydro3\/8\n|-damage|p1a: HitsHydro3\/8|77\/100\n|-resisted|p1a: HitsHydro3\/8\n|-crit|p1a: HitsHydro3\/8\n|-damage|p1a: HitsHydro3\/8|71\/100\n|-resisted|p1a: HitsHydro3\/8\n|-crit|p1a: HitsHydro3\/8\n|-damage|p1a: HitsHydro3\/8|65\/100\n|-hitcount|p1a: HitsHydro3\/8|3\n|move|p1a: HitsHydro3\/8|Spacial Rend|p2a: Urshifu\n|-damage|p2a: Urshifu|0 fnt\n|faint|p2a: Urshifu\n|\n|win|bennymbs\n|c|\u2606pdswww|gg\n|c|\u2606bennymbs|Gg\n","uploadtime":1699914593,"views":7,"p1id":"bennymbs","p2id":"pdswww","formatid":"gen9ubers","rating":0,"private":0,"password":""}