{"id":"gen9ubers-1984107975","p1":"the tr4sh man","p2":"Kinesquared","format":"[Gen 9] Ubers","log":"|j|\u2606the tr4sh man\n|j|\u2606Kinesquared\n|t:|1699219476\n|gametype|singles\n|player|p1|the tr4sh man|xerosic|\n|player|p2|Kinesquared|scientist-gen4dp|\n|teamsize|p1|6\n|teamsize|p2|6\n|gen|9\n|tier|[Gen 9] Ubers\n|rule|Sleep Clause Mod: Limit one foe put to sleep\n|rule|Species Clause: Limit one of each Pok\u00e9mon\n|rule|OHKO Clause: OHKO moves are banned\n|rule|Evasion Items Clause: Evasion items are banned\n|rule|Evasion Moves Clause: Evasion moves are banned\n|rule|Endless Battle Clause: Forcing endless battles is banned\n|rule|HP Percentage Mod: HP is shown in percentages\n|clearpoke\n|poke|p1|Enamorus, F|\n|poke|p1|Slowking-Galar, M|\n|poke|p1|Ursaluna, M|\n|poke|p1|Dialga|\n|poke|p1|Espathra, F|\n|poke|p1|Meowscarada, F|\n|poke|p2|Meowscarada, F|\n|poke|p2|Arceus-Ghost|\n|poke|p2|Landorus, M|\n|poke|p2|Dialga|\n|poke|p2|Cyclizar, F|\n|poke|p2|Urshifu-*, M|\n|teampreview\n|\n|t:|1699219501\n|start\n|switch|p1a: Meowscarada|Meowscarada, F|100\/100\n|switch|p2a: Meowscarada|Meowscarada, F|100\/100\n|turn|1\n|\n|t:|1699219508\n|move|p1a: Meowscarada|Taunt|p2a: Meowscarada\n|-start|p1a: Meowscarada|typechange|Dark|[from] ability: Protean\n|-start|p2a: Meowscarada|move: Taunt\n|cant|p2a: Meowscarada|move: Taunt|Toxic Spikes\n|\n|upkeep\n|turn|2\n|\n|t:|1699219520\n|switch|p2a: Dialga|Dialga|100\/100\n|-ability|p2a: Dialga|Pressure\n|move|p1a: Meowscarada|Toxic Spikes|p2a: Dialga\n|-sidestart|p2: Kinesquared|move: Toxic Spikes\n|\n|upkeep\n|turn|3\n|\n|t:|1699219526\n|move|p1a: Meowscarada|Knock Off|p2a: Dialga\n|-damage|p2a: Dialga|63\/100\n|-enditem|p2a: Dialga|Leftovers|[from] move: Knock Off|[of] p1a: Meowscarada\n|move|p2a: Dialga|Draco Meteor|p1a: Meowscarada\n|-enditem|p1a: Meowscarada|Focus Sash\n|-damage|p1a: Meowscarada|1\/100\n|-unboost|p2a: Dialga|spa|2\n|\n|upkeep\n|turn|4\n|\n|t:|1699219536\n|move|p1a: Meowscarada|Taunt|p2a: Dialga\n|-start|p2a: Dialga|move: Taunt\n|move|p2a: Dialga|Flash Cannon|p1a: Meowscarada\n|-damage|p1a: Meowscarada|0 fnt\n|faint|p1a: Meowscarada\n|\n|upkeep\n|\n|t:|1699219546\n|switch|p1a: Slowking|Slowking-Galar, M|100\/100\n|turn|5\n|\n|t:|1699219551\n|switch|p2a: Landorus|Landorus, M|100\/100\n|move|p1a: Slowking|Trick Room|p1a: Slowking\n|-fieldstart|move: Trick Room|[of] p1a: Slowking\n|\n|upkeep\n|turn|6\n|\n|t:|1699219558\n|move|p2a: Landorus|Substitute|p2a: Landorus\n|-start|p2a: Landorus|Substitute\n|-damage|p2a: Landorus|76\/100\n|move|p1a: Slowking|Chilly Reception|p1a: Slowking\n|-weather|Snow\n|\n|t:|1699219563\n|switch|p1a: Espathra|Espathra, F|100\/100|[from] Chilly Reception\n|\n|-weather|Snow|[upkeep]\n|upkeep\n|turn|7\n|\n|t:|1699219569\n|move|p1a: Espathra|Substitute|p1a: Espathra\n|-start|p1a: Espathra|Substitute\n|-damage|p1a: Espathra|76\/100\n|move|p2a: Landorus|Earth Power|p1a: Espathra\n|-end|p1a: Espathra|Substitute\n|\n|-weather|Snow|[upkeep]\n|-heal|p1a: Espathra|82\/100|[from] item: Leftovers\n|upkeep\n|turn|8\n|\n|t:|1699219577\n|move|p1a: Espathra|Lumina Crash|p2a: Landorus\n|-end|p2a: Landorus|Substitute\n|move|p2a: Landorus|Earth Power|p1a: Espathra\n|-damage|p1a: Espathra|0 fnt\n|faint|p1a: Espathra\n|\n|-weather|Snow|[upkeep]\n|upkeep\n|\n|t:|1699219583\n|switch|p1a: Dialga|Dialga|100\/100\n|-ability|p1a: Dialga|Pressure\n|turn|9\n|\n|t:|1699219592\n|switch|p1a: Enamorus|Enamorus, F|100\/100\n|-enditem|p1a: Enamorus|Room Service\n|-boost|p1a: Enamorus|spe|1|[from] item: Room Service\n|switch|p2a: Dialga|Dialga|63\/100\n|-ability|p2a: Dialga|Pressure\n|\n|-weather|Snow|[upkeep]\n|-fieldend|move: Trick Room\n|upkeep\n|turn|10\n|\n|t:|1699219601\n|-terastallize|p1a: Enamorus|Ground\n|move|p1a: Enamorus|Superpower|p2a: Dialga\n|-supereffective|p2a: Dialga\n|-damage|p2a: Dialga|0 fnt\n|-boost|p1a: Enamorus|atk|1\n|-boost|p1a: Enamorus|def|1\n|faint|p2a: Dialga\n|\n|-weather|none\n|upkeep\n|\n|t:|1699219611\n|switch|p2a: Arceus|Arceus-Ghost|100\/100\n|-status|p2a: Arceus|psn\n|turn|11\n|\n|t:|1699219616\n|move|p1a: Enamorus|Play Rough|p2a: Arceus\n|-damage|p2a: Arceus|67\/100 psn\n|move|p2a: Arceus|Will-O-Wisp|p1a: Enamorus|[miss]\n|-miss|p2a: Arceus|p1a: Enamorus\n|\n|-damage|p2a: Arceus|55\/100 psn|[from] psn\n|upkeep\n|turn|12\n|\n|t:|1699219623\n|move|p1a: Enamorus|Substitute|p1a: Enamorus\n|-start|p1a: Enamorus|Substitute\n|-damage|p1a: Enamorus|76\/100\n|move|p2a: Arceus|Will-O-Wisp||[still]\n|-fail|p2a: Arceus\n|\n|-damage|p2a: Arceus|43\/100 psn|[from] psn\n|upkeep\n|turn|13\n|\n|t:|1699219630\n|move|p1a: Enamorus|Tera Blast|p2a: Arceus|[anim] Tera Blast Ground\n|-damage|p2a: Arceus|16\/100 psn\n|move|p2a: Arceus|Hex|p1a: Enamorus\n|-end|p1a: Enamorus|Substitute\n|\n|-damage|p2a: Arceus|4\/100 psn|[from] psn\n|upkeep\n|turn|14\n|\n|t:|1699219637\n|move|p1a: Enamorus|Tera Blast|p2a: Arceus|[anim] Tera Blast Ground\n|-damage|p2a: Arceus|0 fnt\n|faint|p2a: Arceus\n|\n|upkeep\n|\n|t:|1699219648\n|switch|p2a: Meowscarada|Meowscarada, F|100\/100\n|-status|p2a: Meowscarada|psn\n|turn|15\n|\n|t:|1699219652\n|move|p1a: Enamorus|Substitute|p1a: Enamorus\n|-start|p1a: Enamorus|Substitute\n|-damage|p1a: Enamorus|51\/100\n|move|p2a: Meowscarada|Flower Trick|p1a: Enamorus\n|-supereffective|p1a: Enamorus\n|-crit|p1a: Enamorus\n|-end|p1a: Enamorus|Substitute\n|\n|-damage|p2a: Meowscarada|88\/100 psn|[from] psn\n|upkeep\n|turn|16\n|\n|t:|1699219659\n|move|p1a: Enamorus|Superpower|p2a: Meowscarada\n|-supereffective|p2a: Meowscarada\n|-damage|p2a: Meowscarada|0 fnt\n|-boost|p1a: Enamorus|atk|1\n|-boost|p1a: Enamorus|def|1\n|faint|p2a: Meowscarada\n|\n|upkeep\n|\n|t:|1699219665\n|switch|p2a: Urshifu|Urshifu, M|100\/100\n|-status|p2a: Urshifu|psn\n|turn|17\n|\n|t:|1699219673\n|move|p2a: Urshifu|Sucker Punch|p1a: Enamorus\n|-damage|p1a: Enamorus|5\/100\n|move|p1a: Enamorus|Superpower|p2a: Urshifu\n|-supereffective|p2a: Urshifu\n|-damage|p2a: Urshifu|0 fnt\n|-boost|p1a: Enamorus|atk|1\n|-boost|p1a: Enamorus|def|1\n|faint|p2a: Urshifu\n|\n|upkeep\n|c|\u2606Kinesquared|darn u always just roll me lol\n|\n|t:|1699219689\n|switch|p2a: Cyclizar|Cyclizar, F|100\/100\n|turn|18\n|\n|t:|1699219693\n|move|p1a: Enamorus|Superpower|p2a: Cyclizar\n|-supereffective|p2a: Cyclizar\n|-damage|p2a: Cyclizar|0 fnt\n|-boost|p1a: Enamorus|atk|1\n|-boost|p1a: Enamorus|def|1\n|faint|p2a: Cyclizar\n|\n|upkeep\n|c|\u2606Kinesquared|gg\n|c|\u2606the tr4sh man|are you banded\n|c|\u2606the tr4sh man|gg\n|c|\u2606Kinesquared|on what?\n|\n|t:|1699219707\n|switch|p2a: Landorus|Landorus, M|76\/100\n|turn|19\n|c|\u2606the tr4sh man|urshifu\n|c|\u2606Kinesquared|yea\n|\n|t:|1699219713\n|move|p1a: Enamorus|Play Rough|p2a: Landorus\n|-damage|p2a: Landorus|0 fnt\n|faint|p2a: Landorus\n|\n|win|the tr4sh man\n|c|\u2606the tr4sh man|i was thinking about clicking sub\n|c|\u2606the tr4sh man|there\n|c|\u2606the tr4sh man|lol\n|c|\u2606Kinesquared|oof yea\n|l|\u2606Kinesquared\n","uploadtime":1699219741,"views":3,"p1id":"thetr4shman","p2id":"kinesquared","formatid":"gen9ubers","rating":0,"private":0,"password":""}