{"id":"gen9ubers-1977197835","p1":"fungoos469","p2":"vespyyy","format":"[Gen 9] Ubers","log":"|j|\u2606fungoos469\n|j|\u2606vespyyy\n|t:|1698384948\n|gametype|singles\n|player|p1|fungoos469|hero2-conquest|\n|player|p2|vespyyy|juggler|\n|teamsize|p1|6\n|teamsize|p2|6\n|gen|9\n|tier|[Gen 9] Ubers\n|rule|Sleep Clause Mod: Limit one foe put to sleep\n|rule|Species Clause: Limit one of each Pok\u00e9mon\n|rule|OHKO Clause: OHKO moves are banned\n|rule|Evasion Items Clause: Evasion items are banned\n|rule|Evasion Moves Clause: Evasion moves are banned\n|rule|Endless Battle Clause: Forcing endless battles is banned\n|rule|HP Percentage Mod: HP is shown in percentages\n|clearpoke\n|poke|p1|Magearna|\n|poke|p1|Zamazenta-*|\n|poke|p1|Zacian-*|\n|poke|p1|Dialga|\n|poke|p1|Palkia-Origin|\n|poke|p1|Arceus-Fighting|\n|poke|p2|Giratina|\n|poke|p2|Dondozo, F|\n|poke|p2|Blissey, F|\n|poke|p2|Gliscor, M|\n|poke|p2|Gholdengo|\n|poke|p2|Arceus-Psychic|\n|teampreview\n|j| I registered this\n|\n|t:|1698384961\n|start\n|switch|p1a: Dialga|Dialga|100\/100\n|switch|p2a: Gliscor|Gliscor, M|100\/100\n|-ability|p1a: Dialga|Pressure\n|turn|1\n|\n|t:|1698384975\n|move|p2a: Gliscor|Protect|p2a: Gliscor\n|-singleturn|p2a: Gliscor|Protect\n|move|p1a: Dialga|Stealth Rock|p2a: Gliscor\n|-sidestart|p2: vespyyy|move: Stealth Rock\n|\n|-status|p2a: Gliscor|tox|[from] item: Toxic Orb\n|upkeep\n|turn|2\n|\n|t:|1698384986\n|switch|p1a: Palkia|Palkia-Origin, shiny|100\/100\n|-ability|p1a: Palkia|Pressure\n|move|p2a: Gliscor|Spikes|p1a: Palkia\n|-sidestart|p1: fungoos469|Spikes\n|\n|upkeep\n|turn|3\n|\n|t:|1698384997\n|move|p2a: Gliscor|Protect|p2a: Gliscor\n|-singleturn|p2a: Gliscor|Protect\n|move|p1a: Palkia|Surf|p2a: Gliscor\n|-activate|p2a: Gliscor|move: Protect\n|\n|upkeep\n|turn|4\n|\n|t:|1698385003\n|switch|p2a: Blissey|Blissey, F|100\/100\n|move|p1a: Palkia|Surf|p2a: Blissey\n|-damage|p2a: Blissey|84\/100\n|\n|upkeep\n|turn|5\n|\n|t:|1698385009\n|switch|p1a: Arceus|Arceus-Fighting|100\/100\n|-damage|p1a: Arceus|88\/100|[from] Spikes\n|move|p2a: Blissey|Stealth Rock|p1a: Arceus\n|-sidestart|p1: fungoos469|move: Stealth Rock\n|\n|upkeep\n|turn|6\n|\n|t:|1698385018\n|switch|p2a: Giratina|Giratina|100\/100\n|-ability|p2a: Giratina|Pressure\n|move|p1a: Arceus|Calm Mind|p1a: Arceus\n|-boost|p1a: Arceus|spa|1\n|-boost|p1a: Arceus|spd|1\n|\n|upkeep\n|turn|7\n|\n|t:|1698385030\n|move|p1a: Arceus|Dark Pulse|p2a: Giratina\n|-supereffective|p2a: Giratina\n|-damage|p2a: Giratina|75\/100\n|move|p2a: Giratina|Roar|p1a: Arceus\n|drag|p1a: Zamazenta|Zamazenta-Crowned, shiny|100\/100\n|-damage|p1a: Zamazenta|88\/100|[from] Spikes\n|-damage|p1a: Zamazenta|85\/100|[from] Stealth Rock\n|-ability|p1a: Zamazenta|Dauntless Shield|boost\n|-boost|p1a: Zamazenta|def|1\n|\n|upkeep\n|turn|8\n|\n|t:|1698385041\n|switch|p2a: Gliscor|Gliscor, M|100\/100 tox\n|-damage|p2a: Gliscor|88\/100 tox|[from] Stealth Rock\n|move|p1a: Zamazenta|Ice Fang|p2a: Gliscor\n|-supereffective|p2a: Gliscor\n|-damage|p2a: Gliscor|20\/100 tox\n|\n|-heal|p2a: Gliscor|33\/100 tox|[from] ability: Poison Heal\n|upkeep\n|turn|9\n|\n|t:|1698385051\n|move|p2a: Gliscor|Protect|p2a: Gliscor\n|-singleturn|p2a: Gliscor|Protect\n|move|p1a: Zamazenta|Iron Defense|p1a: Zamazenta\n|-boost|p1a: Zamazenta|def|2\n|\n|-heal|p2a: Gliscor|45\/100 tox|[from] ability: Poison Heal\n|upkeep\n|turn|10\n|\n|t:|1698385058\n|switch|p2a: Gholdengo|Gholdengo|100\/100\n|-damage|p2a: Gholdengo|94\/100|[from] Stealth Rock\n|move|p1a: Zamazenta|Ice Fang|p2a: Gholdengo\n|-resisted|p2a: Gholdengo\n|-damage|p2a: Gholdengo|85\/100\n|\n|-heal|p2a: Gholdengo|91\/100|[from] item: Leftovers\n|upkeep\n|turn|11\n|\n|t:|1698385070\n|move|p1a: Zamazenta|Behemoth Bash|p2a: Gholdengo\n|-resisted|p2a: Gholdengo\n|-damage|p2a: Gholdengo|71\/100\n|move|p2a: Gholdengo|Nasty Plot|p2a: Gholdengo\n|-boost|p2a: Gholdengo|spa|2\n|\n|-heal|p2a: Gholdengo|77\/100|[from] item: Leftovers\n|upkeep\n|turn|12\n|\n|t:|1698385085\n|switch|p1a: Palkia|Palkia-Origin, shiny|100\/100\n|-damage|p1a: Palkia|88\/100|[from] Spikes\n|-damage|p1a: Palkia|76\/100|[from] Stealth Rock\n|-ability|p1a: Palkia|Pressure\n|move|p2a: Gholdengo|Nasty Plot|p2a: Gholdengo\n|-boost|p2a: Gholdengo|spa|2\n|\n|-heal|p2a: Gholdengo|84\/100|[from] item: Leftovers\n|upkeep\n|turn|13\n|\n|t:|1698385101\n|-terastallize|p1a: Palkia|Water\n|move|p1a: Palkia|Surf|p2a: Gholdengo\n|-damage|p2a: Gholdengo|18\/100\n|move|p2a: Gholdengo|Shadow Ball|p1a: Palkia\n|-damage|p1a: Palkia|0 fnt\n|faint|p1a: Palkia\n|\n|-heal|p2a: Gholdengo|25\/100|[from] item: Leftovers\n|upkeep\n|\n|t:|1698385111\n|switch|p1a: Zacian|Zacian, shiny|100\/100\n|-damage|p1a: Zacian|88\/100|[from] Spikes\n|-damage|p1a: Zacian|76\/100|[from] Stealth Rock\n|-ability|p1a: Zacian|Intrepid Sword|boost\n|-boost|p1a: Zacian|atk|1\n|turn|14\n|\n|t:|1698385117\n|move|p1a: Zacian|Fire Fang|p2a: Gholdengo\n|-supereffective|p2a: Gholdengo\n|-damage|p2a: Gholdengo|0 fnt\n|faint|p2a: Gholdengo\n|-damage|p1a: Zacian|66\/100|[from] item: Life Orb\n|\n|upkeep\n|\n|t:|1698385123\n|switch|p2a: Gliscor|Gliscor, M|45\/100 tox\n|-damage|p2a: Gliscor|33\/100 tox|[from] Stealth Rock\n|turn|15\n|\n|t:|1698385128\n|move|p2a: Gliscor|Protect|p2a: Gliscor\n|-singleturn|p2a: Gliscor|Protect\n|move|p1a: Zacian|Swords Dance|p1a: Zacian\n|-boost|p1a: Zacian|atk|2\n|\n|-heal|p2a: Gliscor|45\/100 tox|[from] ability: Poison Heal\n|upkeep\n|turn|16\n|\n|t:|1698385137\n|switch|p2a: Dondozo|Dondozo, F|100\/100\n|move|p1a: Zacian|Play Rough|p2a: Dondozo\n|-damage|p2a: Dondozo|74\/100\n|-damage|p1a: Zacian|56\/100|[from] item: Life Orb\n|\n|upkeep\n|turn|17\n|\n|t:|1698385148\n|switch|p1a: Magearna|Magearna|100\/100\n|-damage|p1a: Magearna|88\/100|[from] Spikes\n|-damage|p1a: Magearna|82\/100|[from] Stealth Rock\n|move|p2a: Dondozo|Liquidation|p1a: Magearna\n|-damage|p1a: Magearna|60\/100\n|-unboost|p1a: Magearna|def|1\n|\n|-heal|p1a: Magearna|66\/100|[from] item: Leftovers\n|upkeep\n|turn|18\n|\n|t:|1698385162\n|switch|p1a: Dialga|Dialga|100\/100\n|-damage|p1a: Dialga|88\/100|[from] Spikes\n|-damage|p1a: Dialga|82\/100|[from] Stealth Rock\n|-ability|p1a: Dialga|Pressure\n|switch|p2a: Arceus|Arceus-Psychic|100\/100\n|-damage|p2a: Arceus|88\/100|[from] Stealth Rock\n|\n|-heal|p1a: Dialga|88\/100|[from] item: Leftovers\n|upkeep\n|turn|19\n|\n|t:|1698385175\n|move|p2a: Arceus|Calm Mind|p2a: Arceus\n|-boost|p2a: Arceus|spa|1\n|-boost|p2a: Arceus|spd|1\n|move|p1a: Dialga|Thunder Wave|p2a: Arceus\n|-status|p2a: Arceus|par\n|\n|-heal|p1a: Dialga|94\/100|[from] item: Leftovers\n|upkeep\n|turn|20\n|\n|t:|1698385184\n|move|p1a: Dialga|Flash Cannon|p2a: Arceus\n|-damage|p2a: Arceus|73\/100 par\n|move|p2a: Arceus|Calm Mind|p2a: Arceus\n|-boost|p2a: Arceus|spa|1\n|-boost|p2a: Arceus|spd|1\n|\n|-heal|p1a: Dialga|100\/100|[from] item: Leftovers\n|upkeep\n|turn|21\n|\n|t:|1698385193\n|switch|p1a: Zamazenta|Zamazenta-Crowned, shiny|85\/100\n|-damage|p1a: Zamazenta|73\/100|[from] Spikes\n|-damage|p1a: Zamazenta|70\/100|[from] Stealth Rock\n|cant|p2a: Arceus|par\n|\n|upkeep\n|turn|22\n|\n|t:|1698385201\n|move|p1a: Zamazenta|Behemoth Bash|p2a: Arceus\n|-damage|p2a: Arceus|45\/100 par\n|move|p2a: Arceus|Recover|p2a: Arceus\n|-heal|p2a: Arceus|95\/100 par\n|\n|upkeep\n|turn|23\n|\n|t:|1698385211\n|move|p1a: Zamazenta|Behemoth Bash|p2a: Arceus\n|-damage|p2a: Arceus|68\/100 par\n|move|p2a: Arceus|Calm Mind|p2a: Arceus\n|-boost|p2a: Arceus|spa|1\n|-boost|p2a: Arceus|spd|1\n|\n|upkeep\n|turn|24\n|\n|t:|1698385219\n|move|p1a: Zamazenta|Behemoth Bash|p2a: Arceus\n|-damage|p2a: Arceus|42\/100 par\n|cant|p2a: Arceus|par\n|\n|upkeep\n|turn|25\n|\n|t:|1698385224\n|move|p1a: Zamazenta|Behemoth Bash|p2a: Arceus\n|-damage|p2a: Arceus|19\/100 par\n|move|p2a: Arceus|Recover|p2a: Arceus\n|-heal|p2a: Arceus|69\/100 par\n|\n|upkeep\n|turn|26\n|\n|t:|1698385231\n|move|p1a: Zamazenta|Behemoth Bash|p2a: Arceus\n|-damage|p2a: Arceus|41\/100 par\n|move|p2a: Arceus|Stored Power|p1a: Zamazenta\n|-damage|p1a: Zamazenta|0 fnt\n|faint|p1a: Zamazenta\n|\n|upkeep\n|\n|t:|1698385239\n|switch|p1a: Zacian|Zacian, shiny|56\/100\n|-damage|p1a: Zacian|44\/100|[from] Spikes\n|-damage|p1a: Zacian|32\/100|[from] Stealth Rock\n|turn|27\n|\n|t:|1698385247\n|switch|p2a: Dondozo|Dondozo, F|74\/100\n|move|p1a: Zacian|Play Rough|p2a: Dondozo\n|-damage|p2a: Dondozo|47\/100\n|-damage|p1a: Zacian|22\/100|[from] item: Life Orb\n|\n|upkeep\n|turn|28\n|\n|t:|1698385260\n|switch|p1a: Dialga|Dialga|100\/100\n|-damage|p1a: Dialga|88\/100|[from] Spikes\n|-damage|p1a: Dialga|82\/100|[from] Stealth Rock\n|-ability|p1a: Dialga|Pressure\n|move|p2a: Dondozo|Rest|p2a: Dondozo\n|-status|p2a: Dondozo|slp|[from] move: Rest\n|-heal|p2a: Dondozo|100\/100 slp|[silent]\n|\n|-heal|p1a: Dialga|88\/100|[from] item: Leftovers\n|upkeep\n|turn|29\n|\n|t:|1698385276\n|switch|p1a: Magearna|Magearna|66\/100\n|-damage|p1a: Magearna|53\/100|[from] Spikes\n|-damage|p1a: Magearna|47\/100|[from] Stealth Rock\n|switch|p2a: Blissey|Blissey, F|84\/100\n|\n|-heal|p1a: Magearna|53\/100|[from] item: Leftovers\n|upkeep\n|turn|30\n|\n|t:|1698385287\n|move|p1a: Magearna|Spikes|p2a: Blissey\n|-sidestart|p2: vespyyy|Spikes\n|move|p2a: Blissey|Heal Bell|p2a: Blissey\n|-activate|p2a: Blissey|move: Heal Bell\n|-curestatus|p2: Gliscor|tox|[msg]\n|-curestatus|p2: Dondozo|slp|[msg]\n|-curestatus|p2: Arceus|par|[msg]\n|\n|-heal|p1a: Magearna|59\/100|[from] item: Leftovers\n|upkeep\n|turn|31\n|\n|t:|1698385297\n|switch|p2a: Arceus|Arceus-Psychic|41\/100\n|-damage|p2a: Arceus|28\/100|[from] Stealth Rock\n|-damage|p2a: Arceus|16\/100|[from] Spikes\n|move|p1a: Magearna|Spikes|p2a: Arceus\n|-sidestart|p2: vespyyy|Spikes\n|\n|-heal|p1a: Magearna|65\/100|[from] item: Leftovers\n|upkeep\n|turn|32\n|\n|t:|1698385307\n|move|p2a: Arceus|Recover|p2a: Arceus\n|-heal|p2a: Arceus|66\/100\n|move|p1a: Magearna|Flash Cannon|p2a: Arceus\n|-damage|p2a: Arceus|38\/100\n|\n|-heal|p1a: Magearna|71\/100|[from] item: Leftovers\n|upkeep\n|turn|33\n|\n|t:|1698385314\n|move|p2a: Arceus|Recover|p2a: Arceus\n|-heal|p2a: Arceus|88\/100\n|move|p1a: Magearna|Volt Switch|p2a: Arceus\n|-damage|p2a: Arceus|71\/100\n|\n|t:|1698385320\n|switch|p1a: Zacian|Zacian, shiny|22\/100|[from] Volt Switch\n|-damage|p1a: Zacian|9\/100|[from] Spikes\n|-damage|p1a: Zacian|0 fnt|[from] Stealth Rock\n|faint|p1a: Zacian\n|\n|upkeep\n|\n|t:|1698385335\n|switch|p1a: Magearna|Magearna|71\/100\n|-damage|p1a: Magearna|59\/100|[from] Spikes\n|-damage|p1a: Magearna|53\/100|[from] Stealth Rock\n|turn|34\n|\n|t:|1698385341\n|move|p2a: Arceus|Calm Mind|p2a: Arceus\n|-boost|p2a: Arceus|spa|1\n|-boost|p2a: Arceus|spd|1\n|move|p1a: Magearna|Thunder Wave|p2a: Arceus\n|-status|p2a: Arceus|par\n|\n|-heal|p1a: Magearna|59\/100|[from] item: Leftovers\n|upkeep\n|turn|35\n|\n|t:|1698385353\n|move|p1a: Magearna|Flash Cannon|p2a: Arceus\n|-damage|p2a: Arceus|53\/100 par\n|cant|p2a: Arceus|par\n|\n|-heal|p1a: Magearna|65\/100|[from] item: Leftovers\n|upkeep\n|turn|36\n|\n|t:|1698385359\n|move|p1a: Magearna|Flash Cannon|p2a: Arceus\n|-damage|p2a: Arceus|35\/100 par\n|-unboost|p2a: Arceus|spd|1\n|move|p2a: Arceus|Recover|p2a: Arceus\n|-heal|p2a: Arceus|85\/100 par\n|\n|-heal|p1a: Magearna|71\/100|[from] item: Leftovers\n|upkeep\n|turn|37\n|\n|t:|1698385366\n|move|p1a: Magearna|Flash Cannon|p2a: Arceus\n|-damage|p2a: Arceus|57\/100 par\n|move|p2a: Arceus|Calm Mind|p2a: Arceus\n|-boost|p2a: Arceus|spa|1\n|-boost|p2a: Arceus|spd|1\n|\n|-heal|p1a: Magearna|77\/100|[from] item: Leftovers\n|upkeep\n|turn|38\n|\n|t:|1698385373\n|move|p1a: Magearna|Flash Cannon|p2a: Arceus\n|-damage|p2a: Arceus|37\/100 par\n|cant|p2a: Arceus|par\n|\n|-heal|p1a: Magearna|83\/100|[from] item: Leftovers\n|upkeep\n|turn|39\n|\n|t:|1698385386\n|move|p1a: Magearna|Flash Cannon|p2a: Arceus\n|-damage|p2a: Arceus|19\/100 par\n|move|p2a: Arceus|Recover|p2a: Arceus\n|-heal|p2a: Arceus|69\/100 par\n|\n|-heal|p1a: Magearna|89\/100|[from] item: Leftovers\n|upkeep\n|turn|40\n|\n|t:|1698385394\n|move|p1a: Magearna|Flash Cannon|p2a: Arceus\n|-damage|p2a: Arceus|52\/100 par\n|move|p2a: Arceus|Stored Power|p1a: Magearna\n|-resisted|p1a: Magearna\n|-damage|p1a: Magearna|56\/100\n|\n|-heal|p1a: Magearna|62\/100|[from] item: Leftovers\n|upkeep\n|turn|41\n|\n|t:|1698385404\n|move|p1a: Magearna|Flash Cannon|p2a: Arceus\n|-damage|p2a: Arceus|33\/100 par\n|move|p2a: Arceus|Calm Mind|p2a: Arceus\n|-boost|p2a: Arceus|spa|1\n|-boost|p2a: Arceus|spd|1\n|\n|-heal|p1a: Magearna|68\/100|[from] item: Leftovers\n|upkeep\n|turn|42\n|\n|t:|1698385411\n|move|p1a: Magearna|Flash Cannon|p2a: Arceus\n|-damage|p2a: Arceus|17\/100 par\n|move|p2a: Arceus|Recover|p2a: Arceus\n|-heal|p2a: Arceus|68\/100 par\n|\n|-heal|p1a: Magearna|74\/100|[from] item: Leftovers\n|upkeep\n|turn|43\n|\n|t:|1698385419\n|move|p1a: Magearna|Flash Cannon|p2a: Arceus\n|-damage|p2a: Arceus|53\/100 par\n|move|p2a: Arceus|Stored Power|p1a: Magearna\n|-resisted|p1a: Magearna\n|-damage|p1a: Magearna|10\/100\n|\n|-heal|p1a: Magearna|16\/100|[from] item: Leftovers\n|upkeep\n|turn|44\n|\n|t:|1698385431\n|move|p1a: Magearna|Flash Cannon|p2a: Arceus\n|-damage|p2a: Arceus|40\/100 par\n|move|p2a: Arceus|Stored Power|p1a: Magearna\n|-resisted|p1a: Magearna\n|-damage|p1a: Magearna|0 fnt\n|faint|p1a: Magearna\n|\n|upkeep\n|\n|t:|1698385439\n|switch|p1a: Dialga|Dialga|88\/100\n|-damage|p1a: Dialga|76\/100|[from] Spikes\n|-damage|p1a: Dialga|70\/100|[from] Stealth Rock\n|-ability|p1a: Dialga|Pressure\n|turn|45\n|\n|t:|1698385449\n|move|p1a: Dialga|Rest|p1a: Dialga\n|-status|p1a: Dialga|slp|[from] move: Rest\n|-heal|p1a: Dialga|100\/100 slp|[silent]\n|move|p2a: Arceus|Recover|p2a: Arceus\n|-heal|p2a: Arceus|90\/100 par\n|\n|upkeep\n|turn|46\n|\n|t:|1698385464\n|cant|p1a: Dialga|slp\n|cant|p2a: Arceus|par\n|\n|upkeep\n|turn|47\n|\n|t:|1698385469\n|cant|p1a: Dialga|slp\n|move|p2a: Arceus|Calm Mind|p2a: Arceus\n|-boost|p2a: Arceus|spa|1\n|-boost|p2a: Arceus|spd|1\n|\n|upkeep\n|turn|48\n|\n|t:|1698385475\n|-curestatus|p1a: Dialga|slp|[msg]\n|move|p1a: Dialga|Flash Cannon|p2a: Arceus\n|-damage|p2a: Arceus|80\/100 par\n|move|p2a: Arceus|Calm Mind|p2a: Arceus\n|-boost|p2a: Arceus|spa|1\n|-boost|p2a: Arceus|spd|1\n|\n|upkeep\n|turn|49\n|\n|t:|1698385483\n|move|p1a: Dialga|Flash Cannon|p2a: Arceus\n|-damage|p2a: Arceus|72\/100 par\n|move|p2a: Arceus|Stored Power|p1a: Dialga\n|-resisted|p1a: Dialga\n|-crit|p1a: Dialga\n|-damage|p1a: Dialga|0 fnt\n|faint|p1a: Dialga\n|\n|upkeep\n|\n|t:|1698385490\n|switch|p1a: Arceus|Arceus-Fighting|88\/100\n|-damage|p1a: Arceus|76\/100|[from] Spikes\n|-damage|p1a: Arceus|70\/100|[from] Stealth Rock\n|turn|50\n|\n|t:|1698385496\n|move|p1a: Arceus|Dark Pulse|p2a: Arceus\n|-supereffective|p2a: Arceus\n|-damage|p2a: Arceus|64\/100 par\n|move|p2a: Arceus|Stored Power|p1a: Arceus\n|-supereffective|p1a: Arceus\n|-damage|p1a: Arceus|0 fnt\n|faint|p1a: Arceus\n|\n|win|vespyyy\n|c|\u2606fungoos469|gg\n|c|\u2606vespyyy|Gg\n|l|\u2606fungoos469\n","uploadtime":1698385508,"views":23,"p1id":"fungoos469","p2id":"vespyyy","formatid":"gen9ubers","rating":0,"private":0,"password":""}