{"id":"gen9ubers-1998988881","p1":"Inkaying","p2":"bydy2","format":"[Gen 9] Ubers","log":"|j|\u2606Inkaying\n|j|\u2606bydy2\n|t:|1701021237\n|gametype|singles\n|player|p1|Inkaying|170|\n|player|p2|bydy2|barry|\n|teamsize|p1|6\n|teamsize|p2|6\n|gen|9\n|tier|[Gen 9] Ubers\n|rule|Sleep Clause Mod: Limit one foe put to sleep\n|rule|Species Clause: Limit one of each Pok\u00e9mon\n|rule|OHKO Clause: OHKO moves are banned\n|rule|Evasion Items Clause: Evasion items are banned\n|rule|Evasion Moves Clause: Evasion moves are banned\n|rule|Endless Battle Clause: Forcing endless battles is banned\n|rule|HP Percentage Mod: HP is shown in percentages\n|clearpoke\n|poke|p1|Kilowattrel, F|\n|poke|p1|Ninetales-Alola, M|\n|poke|p1|Skeledirge, M|\n|poke|p1|Kleavor, M|\n|poke|p1|Weavile, F|\n|poke|p1|Great Tusk|\n|poke|p2|Cinderace, F|\n|poke|p2|Slowking-Galar, M|\n|poke|p2|Ting-Lu|\n|poke|p2|Dragapult, M|\n|poke|p2|Enamorus, F|\n|poke|p2|Torterra, F|\n|teampreview\n|inactive|Battle timer is ON: inactive players will automatically lose when time's up. (requested by Inkaying)\n|c|\u2606bydy2|glhf\n|c|\u2606Inkaying|Glhf\n|\n|t:|1701021268\n|start\n|switch|p1a: Kilowattrel|Kilowattrel, F|100\/100\n|switch|p2a: Dragapult|Dragapult, M|100\/100\n|turn|1\n|\n|t:|1701021298\n|move|p1a: Kilowattrel|Hurricane|p2a: Dragapult|[miss]\n|-miss|p1a: Kilowattrel|p2a: Dragapult\n|move|p2a: Dragapult|Shadow Ball|p1a: Kilowattrel\n|-damage|p1a: Kilowattrel|1\/100\n|\n|upkeep\n|turn|2\n|\n|t:|1701021305\n|move|p2a: Dragapult|Shadow Ball|p1a: Kilowattrel\n|-damage|p1a: Kilowattrel|0 fnt\n|faint|p1a: Kilowattrel\n|\n|upkeep\n|c|\u2606bydy2|speed tie baby\n|\n|t:|1701021319\n|switch|p1a: Weavile|Weavile, F|100\/100\n|turn|3\n|\n|t:|1701021327\n|switch|p2a: Cinderace|Cinderace, F|100\/100\n|move|p1a: Weavile|Icicle Spear|p2a: Cinderace\n|-resisted|p2a: Cinderace\n|-damage|p2a: Cinderace|91\/100\n|-resisted|p2a: Cinderace\n|-damage|p2a: Cinderace|82\/100\n|-resisted|p2a: Cinderace\n|-damage|p2a: Cinderace|72\/100\n|-resisted|p2a: Cinderace\n|-damage|p2a: Cinderace|63\/100\n|-hitcount|p2a: Cinderace|4\n|\n|upkeep\n|turn|4\n|\n|t:|1701021344\n|switch|p1a: Skeledirge|Skeledirge, M|100\/100\n|move|p2a: Cinderace|Pyro Ball|p1a: Skeledirge\n|-resisted|p1a: Skeledirge\n|-damage|p1a: Skeledirge|82\/100\n|\n|upkeep\n|turn|5\n|\n|t:|1701021356\n|move|p2a: Cinderace|Taunt|p1a: Skeledirge\n|-start|p1a: Skeledirge|move: Taunt\n|cant|p1a: Skeledirge|move: Taunt|Yawn\n|\n|upkeep\n|turn|6\n|\n|t:|1701021367\n|move|p2a: Cinderace|U-turn|p1a: Skeledirge\n|-resisted|p1a: Skeledirge\n|-damage|p1a: Skeledirge|79\/100\n|\n|t:|1701021373\n|switch|p2a: Ting-Lu|Ting-Lu|100\/100|[from] U-turn\n|-ability|p2a: Ting-Lu|Vessel of Ruin\n|move|p1a: Skeledirge|Hex|p2a: Ting-Lu\n|-resisted|p2a: Ting-Lu\n|-damage|p2a: Ting-Lu|93\/100\n|\n|-heal|p2a: Ting-Lu|99\/100|[from] item: Leftovers\n|upkeep\n|turn|7\n|\n|t:|1701021384\n|switch|p1a: Kleavor|Kleavor, M|100\/100\n|move|p2a: Ting-Lu|Stealth Rock|p1a: Kleavor\n|-sidestart|p1: Inkaying|move: Stealth Rock\n|\n|-heal|p2a: Ting-Lu|100\/100|[from] item: Leftovers\n|upkeep\n|turn|8\n|\n|t:|1701021393\n|move|p1a: Kleavor|Trailblaze|p2a: Ting-Lu\n|-supereffective|p2a: Ting-Lu\n|-crit|p2a: Ting-Lu\n|-damage|p2a: Ting-Lu|78\/100\n|-boost|p1a: Kleavor|spe|1\n|move|p2a: Ting-Lu|Whirlwind|p1a: Kleavor\n|drag|p1a: Ninetales|Ninetales-Alola, M|100\/100\n|-damage|p1a: Ninetales|76\/100|[from] Stealth Rock\n|-weather|Snow|[from] ability: Snow Warning|[of] p1a: Ninetales\n|\n|-weather|Snow|[upkeep]\n|-heal|p2a: Ting-Lu|84\/100|[from] item: Leftovers\n|upkeep\n|turn|9\n|\n|t:|1701021404\n|switch|p2a: Cinderace|Cinderace, F|63\/100\n|move|p1a: Ninetales|Aurora Veil|p1a: Ninetales\n|-sidestart|p1: Inkaying|move: Aurora Veil\n|\n|-weather|Snow|[upkeep]\n|upkeep\n|turn|10\n|\n|t:|1701021412\n|move|p2a: Cinderace|Court Change|p2a: Cinderace\n|-swapsideconditions\n|-activate|p2a: Cinderace|move: Court Change\n|move|p1a: Ninetales|Hypnosis|p2a: Cinderace\n|-status|p2a: Cinderace|slp|[from] move: Hypnosis\n|\n|-weather|Snow|[upkeep]\n|upkeep\n|turn|11\n|\n|t:|1701021425\n|switch|p2a: Slowking|Slowking-Galar, M|100\/100\n|move|p1a: Ninetales|Draining Kiss|p2a: Slowking\n|-resisted|p2a: Slowking\n|-damage|p2a: Slowking|97\/100\n|-heal|p1a: Ninetales|80\/100|[from] drain|[of] p2a: Slowking\n|\n|-weather|Snow|[upkeep]\n|upkeep\n|turn|12\n|\n|t:|1701021438\n|switch|p1a: Great Tusk|Great Tusk|100\/100\n|-enditem|p1a: Great Tusk|Booster Energy\n|-activate|p1a: Great Tusk|ability: Protosynthesis|[fromitem]\n|-start|p1a: Great Tusk|protosynthesisatk\n|move|p2a: Slowking|Chilly Reception|p2a: Slowking\n|inactive|bydy2 has 270 seconds left.\n|\n|t:|1701021464\n|switch|p2a: Torterra|Torterra, F|100\/100|[from] Chilly Reception\n|-damage|p2a: Torterra|94\/100|[from] Stealth Rock\n|\n|-weather|none\n|upkeep\n|turn|13\n|inactive|bydy2 has 270 seconds left.\n|\n|t:|1701021476\n|move|p1a: Great Tusk|Iron Head|p2a: Torterra\n|-damage|p2a: Torterra|76\/100\n|move|p2a: Torterra|Shell Smash|p2a: Torterra\n|-unboost|p2a: Torterra|def|1\n|-unboost|p2a: Torterra|spd|1\n|-boost|p2a: Torterra|atk|2\n|-boost|p2a: Torterra|spa|2\n|-boost|p2a: Torterra|spe|2\n|\n|upkeep\n|turn|14\n|\n|t:|1701021487\n|move|p2a: Torterra|Headlong Rush|p1a: Great Tusk\n|-damage|p1a: Great Tusk|26\/100\n|-unboost|p2a: Torterra|def|1\n|-unboost|p2a: Torterra|spd|1\n|move|p1a: Great Tusk|Bulk Up|p1a: Great Tusk\n|-boost|p1a: Great Tusk|atk|1\n|-boost|p1a: Great Tusk|def|1\n|\n|upkeep\n|turn|15\n|\n|t:|1701021504\n|move|p2a: Torterra|Headlong Rush|p1a: Great Tusk\n|-damage|p1a: Great Tusk|0 fnt\n|-unboost|p2a: Torterra|def|1\n|-unboost|p2a: Torterra|spd|1\n|faint|p1a: Great Tusk\n|-end|p1a: Great Tusk|Protosynthesis|[silent]\n|\n|upkeep\n|\n|t:|1701021510\n|switch|p1a: Weavile|Weavile, F|100\/100\n|turn|16\n|\n|t:|1701021522\n|-terastallize|p2a: Torterra|Ice\n|move|p1a: Weavile|Fake Out|p2a: Torterra\n|-damage|p2a: Torterra|62\/100\n|cant|p2a: Torterra|flinch\n|\n|-sideend|p2: bydy2|move: Aurora Veil\n|upkeep\n|turn|17\n|\n|t:|1701021528\n|move|p2a: Torterra|Headlong Rush|p1a: Weavile\n|-damage|p1a: Weavile|0 fnt\n|-unboost|p2a: Torterra|def|1\n|-unboost|p2a: Torterra|spd|1\n|faint|p1a: Weavile\n|\n|upkeep\n|\n|t:|1701021535\n|switch|p1a: Kleavor|Kleavor, M|100\/100\n|turn|18\n|\n|t:|1701021547\n|move|p2a: Torterra|Headlong Rush|p1a: Kleavor\n|-damage|p1a: Kleavor|0 fnt\n|-unboost|p2a: Torterra|def|1\n|-unboost|p2a: Torterra|spd|1\n|faint|p1a: Kleavor\n|\n|upkeep\n|\n|t:|1701021552\n|switch|p1a: Skeledirge|Skeledirge, M|79\/100\n|turn|19\n|\n|t:|1701021562\n|move|p2a: Torterra|Headlong Rush|p1a: Skeledirge\n|-supereffective|p1a: Skeledirge\n|-damage|p1a: Skeledirge|4\/100\n|-unboost|p2a: Torterra|def|1\n|-unboost|p2a: Torterra|spd|1\n|move|p1a: Skeledirge|Torch Song|p2a: Torterra\n|-supereffective|p2a: Torterra\n|-damage|p2a: Torterra|0 fnt\n|-boost|p1a: Skeledirge|spa|1\n|faint|p2a: Torterra\n|-enditem|p1a: Skeledirge|Throat Spray\n|-boost|p1a: Skeledirge|spa|1|[from] item: Throat Spray\n|\n|upkeep\n|\n|t:|1701021574\n|switch|p2a: Enamorus|Enamorus, F|100\/100\n|-damage|p2a: Enamorus|75\/100|[from] Stealth Rock\n|turn|20\n|\n|t:|1701021581\n|move|p2a: Enamorus|Sludge Bomb|p1a: Skeledirge\n|-resisted|p1a: Skeledirge\n|-damage|p1a: Skeledirge|0 fnt\n|faint|p1a: Skeledirge\n|\n|upkeep\n|\n|t:|1701021584\n|switch|p1a: Ninetales|Ninetales-Alola, M|80\/100\n|-weather|Snow|[from] ability: Snow Warning|[of] p1a: Ninetales\n|turn|21\n|\n|t:|1701021593\n|move|p2a: Enamorus|Sludge Bomb|p1a: Ninetales\n|-supereffective|p1a: Ninetales\n|-damage|p1a: Ninetales|0 fnt\n|faint|p1a: Ninetales\n|\n|win|bydy2\n|c|\u2606bydy2|gg\n|c|\u2606Inkaying|Gg\n|c|\u2606bydy2|tera ice was to live ice shard even at low defense\n|l|\u2606Inkaying\n","uploadtime":1701021611,"views":2,"p1id":"inkaying","p2id":"bydy2","formatid":"gen9ubers","rating":0,"private":0,"password":""}