{"id":"gen9ubers-1993688428","p1":"AlicieLizzie","p2":"Reposti","format":"[Gen 9] Ubers","log":"|j|\u2606AlicieLizzie\n|j|\u2606Reposti\n|t:|1700345736\n|gametype|singles\n|player|p1|AlicieLizzie|marnie-masters3|\n|player|p2|Reposti|gentleman-gen4dp|\n|teamsize|p1|6\n|teamsize|p2|6\n|gen|9\n|tier|[Gen 9] Ubers\n|rule|Sleep Clause Mod: Limit one foe put to sleep\n|rule|Species Clause: Limit one of each Pok\u00e9mon\n|rule|OHKO Clause: OHKO moves are banned\n|rule|Evasion Items Clause: Evasion items are banned\n|rule|Evasion Moves Clause: Evasion moves are banned\n|rule|Endless Battle Clause: Forcing endless battles is banned\n|rule|HP Percentage Mod: HP is shown in percentages\n|clearpoke\n|poke|p1|Rillaboom, M|\n|poke|p1|Sneasler, M|\n|poke|p1|Baxcalibur, M|\n|poke|p1|Ninetales-Alola, M|\n|poke|p1|Cyclizar, M|\n|poke|p1|Dragonite, M|\n|poke|p2|Magearna|\n|poke|p2|Ursaluna, F|\n|poke|p2|Rillaboom, F|\n|poke|p2|Sneasler, F|\n|poke|p2|Dragapult, M|\n|poke|p2|Arceus-Poison|\n|teampreview\n|inactive|Battle timer is ON: inactive players will automatically lose when time's up. (requested by AlicieLizzie)\n|\n|t:|1700345752\n|start\n|switch|p1a: Keith Richards|Ninetales-Alola, M|100\/100\n|switch|p2a: Magearna|Magearna|100\/100\n|-weather|Snow|[from] ability: Snow Warning|[of] p1a: Keith Richards\n|turn|1\n|j| sword over shield\n|\n|t:|1700345761\n|switch|p1a: Charlie Watts|Rillaboom, M|100\/100\n|-fieldstart|move: Grassy Terrain|[from] ability: Grassy Surge|[of] p1a: Charlie Watts\n|move|p2a: Magearna|Thunder Wave|p1a: Charlie Watts\n|-status|p1a: Charlie Watts|par\n|\n|-weather|Snow|[upkeep]\n|upkeep\n|turn|2\n|j| Finchely\n|c| sword over shield|YOU GOT THIS HUN\n|\n|t:|1700345771\n|switch|p1a: Ian Stewart|Sneasler, M|100\/100\n|-enditem|p1a: Ian Stewart|Grassy Seed\n|-boost|p1a: Ian Stewart|def|1|[from] item: Grassy Seed\n|move|p2a: Magearna|Trick Room|p2a: Magearna\n|-fieldstart|move: Trick Room|[of] p2a: Magearna\n|\n|-weather|Snow|[upkeep]\n|upkeep\n|turn|3\n|c| Finchely|fr\n|c| Finchely|the best gf in the world\n|c|\u2606AlicieLizzie|well\n|c|\u2606AlicieLizzie|that's ggs\n|\n|t:|1700345795\n|move|p2a: Magearna|Fleur Cannon|p1a: Ian Stewart\n|-damage|p1a: Ian Stewart|29\/100\n|-unboost|p2a: Magearna|spa|2\n|-enditem|p2a: Magearna|Eject Pack\n|\n|t:|1700345801\n|switch|p2a: Big G?|Arceus-Poison|100\/100\n|move|p1a: Ian Stewart|Close Combat|p2a: Big G?\n|-resisted|p2a: Big G?\n|-damage|p2a: Big G?|81\/100\n|-unboost|p1a: Ian Stewart|def|1\n|-unboost|p1a: Ian Stewart|spd|1\n|\n|-weather|Snow|[upkeep]\n|-heal|p2a: Big G?|87\/100|[from] Grassy Terrain\n|-heal|p1a: Ian Stewart|35\/100|[from] Grassy Terrain\n|upkeep\n|turn|4\n|\n|t:|1700345825\n|switch|p1a: Bill Wyman|Cyclizar, M|100\/100\n|move|p2a: Big G?|Cosmic Power|p2a: Big G?\n|-boost|p2a: Big G?|def|1\n|-boost|p2a: Big G?|spd|1\n|\n|-weather|Snow|[upkeep]\n|-heal|p2a: Big G?|94\/100|[from] Grassy Terrain\n|upkeep\n|turn|5\n|\n|t:|1700345834\n|move|p2a: Big G?|Body Press|p1a: Bill Wyman\n|-supereffective|p1a: Bill Wyman\n|-damage|p1a: Bill Wyman|0 fnt\n|faint|p1a: Bill Wyman\n|\n|-weather|none\n|-heal|p2a: Big G?|99\/100|[from] Grassy Terrain\n|-fieldend|move: Grassy Terrain\n|upkeep\n|c|\u2606AlicieLizzie|and i lost\n|inactive|AlicieLizzie has 270 seconds left.\n|c| sword over shield|nah i see an out\n|\n|t:|1700345864\n|switch|p1a: Mick Jagger|Baxcalibur, M|100\/100\n|turn|6\n|c|\u2606Reposti|Ain\u2019t over till the last mon drips\n|\n|t:|1700345874\n|move|p2a: Big G?|Cosmic Power|p2a: Big G?\n|-boost|p2a: Big G?|def|1\n|-boost|p2a: Big G?|spd|1\n|move|p1a: Mick Jagger|Scale Shot|p2a: Big G?\n|-damage|p2a: Big G?|96\/100\n|-damage|p2a: Big G?|92\/100\n|-damage|p2a: Big G?|88\/100\n|-damage|p2a: Big G?|85\/100\n|-damage|p2a: Big G?|81\/100\n|-hitcount|p2a: Big G?|5\n|-unboost|p1a: Mick Jagger|def|1\n|-boost|p1a: Mick Jagger|spe|1\n|\n|-fieldend|move: Trick Room\n|upkeep\n|turn|7\n|inactive|AlicieLizzie has 270 seconds left.\n|\n|t:|1700345888\n|move|p1a: Mick Jagger|High Horsepower|p2a: Big G?\n|-supereffective|p2a: Big G?\n|-damage|p2a: Big G?|62\/100\n|move|p2a: Big G?|Cosmic Power|p2a: Big G?\n|-boost|p2a: Big G?|def|1\n|-boost|p2a: Big G?|spd|1\n|\n|upkeep\n|turn|8\n|\n|t:|1700345896\n|-terastallize|p2a: Big G?|Fighting\n|move|p1a: Mick Jagger|High Horsepower|p2a: Big G?\n|-damage|p2a: Big G?|55\/100\n|move|p2a: Big G?|Body Press|p1a: Mick Jagger\n|-supereffective|p1a: Mick Jagger\n|-damage|p1a: Mick Jagger|0 fnt\n|faint|p1a: Mick Jagger\n|\n|upkeep\n|\n|t:|1700345905\n|switch|p1a: Ian Stewart|Sneasler, M|35\/100\n|turn|9\n|\n|t:|1700345908\n|move|p1a: Ian Stewart|Dire Claw|p2a: Big G?\n|-damage|p2a: Big G?|45\/100\n|move|p2a: Big G?|Recover|p2a: Big G?\n|-heal|p2a: Big G?|95\/100\n|\n|upkeep\n|turn|10\n|\n|t:|1700345915\n|move|p1a: Ian Stewart|Dire Claw|p2a: Big G?\n|-damage|p2a: Big G?|85\/100\n|move|p2a: Big G?|Body Press|p1a: Ian Stewart\n|-resisted|p1a: Ian Stewart\n|-damage|p1a: Ian Stewart|0 fnt\n|faint|p1a: Ian Stewart\n|\n|upkeep\n|\n|t:|1700345926\n|switch|p1a: Keith Richards|Ninetales-Alola, M|100\/100\n|-weather|Snow|[from] ability: Snow Warning|[of] p1a: Keith Richards\n|turn|11\n|\n|t:|1700345930\n|move|p1a: Keith Richards|Moonblast|p2a: Big G?\n|-supereffective|p2a: Big G?\n|-damage|p2a: Big G?|68\/100\n|move|p2a: Big G?|Cosmic Power|p2a: Big G?\n|-boost|p2a: Big G?|def|1\n|-boost|p2a: Big G?|spd|1\n|\n|-weather|Snow|[upkeep]\n|upkeep\n|turn|12\n|\n|t:|1700345938\n|move|p1a: Keith Richards|Moonblast|p2a: Big G?\n|-supereffective|p2a: Big G?\n|-damage|p2a: Big G?|54\/100\n|-unboost|p2a: Big G?|spa|1\n|move|p2a: Big G?|Cosmic Power|p2a: Big G?\n|-boost|p2a: Big G?|def|1\n|-boost|p2a: Big G?|spd|1\n|\n|-weather|Snow|[upkeep]\n|upkeep\n|turn|13\n|\n|t:|1700345947\n|move|p1a: Keith Richards|Moonblast|p2a: Big G?\n|-supereffective|p2a: Big G?\n|-damage|p2a: Big G?|42\/100\n|move|p2a: Big G?|Recover|p2a: Big G?\n|-heal|p2a: Big G?|92\/100\n|\n|-weather|Snow|[upkeep]\n|upkeep\n|turn|14\n|\n|t:|1700345955\n|move|p1a: Keith Richards|Encore|p2a: Big G?\n|-start|p2a: Big G?|Encore\n|move|p2a: Big G?|Recover|p2a: Big G?\n|-heal|p2a: Big G?|100\/100\n|\n|-weather|Snow|[upkeep]\n|upkeep\n|turn|15\n|\n|t:|1700345962\n|switch|p1a: Ronnie Wood|Dragonite, M|100\/100\n|move|p2a: Big G?|Recover||[still]\n|-fail|p2a: Big G?|heal\n|\n|-weather|none\n|upkeep\n|turn|16\n|c| sword over shield|that was risky\n|\n|t:|1700345969\n|move|p2a: Big G?|Recover||[still]\n|-fail|p2a: Big G?|heal\n|move|p1a: Ronnie Wood|Dragon Dance|p1a: Ronnie Wood\n|-boost|p1a: Ronnie Wood|atk|1\n|-boost|p1a: Ronnie Wood|spe|1\n|\n|-end|p2a: Big G?|Encore\n|upkeep\n|turn|17\n|\n|t:|1700345976\n|move|p1a: Ronnie Wood|Dragon Dance|p1a: Ronnie Wood\n|-boost|p1a: Ronnie Wood|atk|1\n|-boost|p1a: Ronnie Wood|spe|1\n|move|p2a: Big G?|Cosmic Power|p2a: Big G?\n|-boost|p2a: Big G?|def|1\n|-boost|p2a: Big G?|spd|1\n|\n|upkeep\n|turn|18\n|c|\u2606AlicieLizzie|it's my only chance\n|\n|t:|1700345983\n|move|p1a: Ronnie Wood|Dragon Dance|p1a: Ronnie Wood\n|-boost|p1a: Ronnie Wood|atk|1\n|-boost|p1a: Ronnie Wood|spe|1\n|move|p2a: Big G?|Body Press|p1a: Ronnie Wood\n|-resisted|p1a: Ronnie Wood\n|-damage|p1a: Ronnie Wood|56\/100\n|\n|upkeep\n|turn|19\n|c| sword over shield|yeah no stallin this out\n|\n|t:|1700346008\n|move|p1a: Ronnie Wood|Outrage|p2a: Big G?\n|-damage|p2a: Big G?|78\/100\n|move|p2a: Big G?|Body Press|p1a: Ronnie Wood\n|-resisted|p1a: Ronnie Wood\n|-damage|p1a: Ronnie Wood|0 fnt\n|faint|p1a: Ronnie Wood\n|\n|upkeep\n|c|\u2606AlicieLizzie|yeah i needed to crit there\n|c|\u2606AlicieLizzie|gg\n|\n|t:|1700346023\n|switch|p1a: Charlie Watts|Rillaboom, M|100\/100 par\n|-fieldstart|move: Grassy Terrain|[from] ability: Grassy Surge|[of] p1a: Charlie Watts\n|turn|20\n|c| sword over shield|no dwb?\n|\n|t:|1700346028\n|move|p1a: Charlie Watts|Grassy Glide|p2a: Big G?\n|-damage|p2a: Big G?|69\/100\n|move|p2a: Big G?|Body Press|p1a: Charlie Watts\n|-damage|p1a: Charlie Watts|0 fnt\n|faint|p1a: Charlie Watts\n|\n|-heal|p2a: Big G?|75\/100|[from] Grassy Terrain\n|upkeep\n|c|\u2606AlicieLizzie|no\n|\n|t:|1700346036\n|switch|p1a: Keith Richards|Ninetales-Alola, M|100\/100\n|-weather|Snow|[from] ability: Snow Warning|[of] p1a: Keith Richards\n|turn|21\n|\n|t:|1700346041\n|move|p1a: Keith Richards|Moonblast|p2a: Big G?\n|-supereffective|p2a: Big G?\n|-damage|p2a: Big G?|64\/100\n|-unboost|p2a: Big G?|spa|1\n|move|p2a: Big G?|Body Press|p1a: Keith Richards\n|-damage|p1a: Keith Richards|0 fnt\n|faint|p1a: Keith Richards\n|\n|win|Reposti\n|l|\u2606AlicieLizzie\n|c|\u2606Reposti|Ggwp\n","uploadtime":1700346062,"views":31,"p1id":"alicielizzie","p2id":"reposti","formatid":"gen9ubers","rating":0,"private":0,"password":""}