{"id":"gen9ubers-1970422681","p1":"Ph0n3_Guy1987","p2":"ShirosakiAoi","format":"[Gen 9] Ubers","log":"|j|\u2606Ph0n3_Guy1987\n|j|\u2606ShirosakiAoi\n|t:|1697637732\n|gametype|singles\n|player|p1|Ph0n3_Guy1987|policeman-gen4|1068\n|player|p2|ShirosakiAoi|265|1117\n|teamsize|p1|6\n|teamsize|p2|6\n|gen|9\n|tier|[Gen 9] Ubers\n|rated|\n|rule|Sleep Clause Mod: Limit one foe put to sleep\n|rule|Species Clause: Limit one of each Pok\u00e9mon\n|rule|OHKO Clause: OHKO moves are banned\n|rule|Evasion Items Clause: Evasion items are banned\n|rule|Evasion Moves Clause: Evasion moves are banned\n|rule|Endless Battle Clause: Forcing endless battles is banned\n|rule|HP Percentage Mod: HP is shown in percentages\n|clearpoke\n|poke|p1|Volcarona, F|\n|poke|p1|Magearna|\n|poke|p1|Palkia-Origin|\n|poke|p1|Ursaluna-Bloodmoon, M|\n|poke|p1|Dondozo, F|\n|poke|p1|Landorus, M|\n|poke|p2|Urshifu-*, F|\n|poke|p2|Ogerpon-Hearthflame, F|\n|poke|p2|Ursaluna-Bloodmoon, M|\n|poke|p2|Espathra, F|\n|poke|p2|Samurott-Hisui, M|\n|poke|p2|Landorus, M|\n|teampreview\n|\n|t:|1697637743\n|start\n|switch|p1a: Magearna|Magearna|100\/100\n|switch|p2a: Shirohige|Samurott-Hisui, M|100\/100\n|turn|1\n|\n|t:|1697637751\n|-terastallize|p2a: Shirohige|Water\n|move|p2a: Shirohige|Swords Dance|p2a: Shirohige\n|-boost|p2a: Shirohige|atk|2\n|move|p1a: Magearna|Calm Mind|p1a: Magearna\n|-boost|p1a: Magearna|spa|1\n|-boost|p1a: Magearna|spd|1\n|\n|upkeep\n|turn|2\n|\n|t:|1697637756\n|move|p2a: Shirohige|Ceaseless Edge|p1a: Magearna\n|-resisted|p1a: Magearna\n|-damage|p1a: Magearna|60\/100\n|-sidestart|p1: Ph0n3_Guy1987|Spikes\n|move|p1a: Magearna|Calm Mind|p1a: Magearna\n|-boost|p1a: Magearna|spa|1\n|-boost|p1a: Magearna|spd|1\n|\n|-heal|p1a: Magearna|66\/100|[from] item: Leftovers\n|upkeep\n|turn|3\n|\n|t:|1697637761\n|move|p2a: Shirohige|Aqua Cutter|p1a: Magearna\n|-damage|p1a: Magearna|0 fnt\n|faint|p1a: Magearna\n|\n|upkeep\n|\n|t:|1697637764\n|switch|p1a: Dondozo|Dondozo, F|100\/100\n|-damage|p1a: Dondozo|88\/100|[from] Spikes\n|turn|4\n|\n|t:|1697637770\n|move|p2a: Shirohige|Swords Dance|p2a: Shirohige\n|-boost|p2a: Shirohige|atk|2\n|move|p1a: Dondozo|Curse|p1a: Dondozo\n|-unboost|p1a: Dondozo|spe|1\n|-boost|p1a: Dondozo|atk|1\n|-boost|p1a: Dondozo|def|1\n|\n|-heal|p1a: Dondozo|94\/100|[from] item: Leftovers\n|upkeep\n|turn|5\n|\n|t:|1697637778\n|move|p2a: Shirohige|Ceaseless Edge|p1a: Dondozo\n|-damage|p1a: Dondozo|80\/100\n|-sidestart|p1: Ph0n3_Guy1987|Spikes\n|move|p1a: Dondozo|Curse|p1a: Dondozo\n|-unboost|p1a: Dondozo|spe|1\n|-boost|p1a: Dondozo|atk|1\n|-boost|p1a: Dondozo|def|1\n|\n|-heal|p1a: Dondozo|87\/100|[from] item: Leftovers\n|upkeep\n|turn|6\n|\n|t:|1697637783\n|move|p2a: Shirohige|Ceaseless Edge|p1a: Dondozo\n|-damage|p1a: Dondozo|75\/100\n|-sidestart|p1: Ph0n3_Guy1987|Spikes\n|move|p1a: Dondozo|Curse|p1a: Dondozo\n|-unboost|p1a: Dondozo|spe|1\n|-boost|p1a: Dondozo|atk|1\n|-boost|p1a: Dondozo|def|1\n|\n|-heal|p1a: Dondozo|81\/100|[from] item: Leftovers\n|upkeep\n|turn|7\n|\n|t:|1697637790\n|move|p2a: Shirohige|Ceaseless Edge|p1a: Dondozo\n|-damage|p1a: Dondozo|71\/100\n|move|p1a: Dondozo|Curse|p1a: Dondozo\n|-unboost|p1a: Dondozo|spe|1\n|-boost|p1a: Dondozo|atk|1\n|-boost|p1a: Dondozo|def|1\n|\n|-heal|p1a: Dondozo|77\/100|[from] item: Leftovers\n|upkeep\n|turn|8\n|\n|t:|1697637798\n|move|p2a: Shirohige|Swords Dance|p2a: Shirohige\n|-boost|p2a: Shirohige|atk|2\n|move|p1a: Dondozo|Curse|p1a: Dondozo\n|-unboost|p1a: Dondozo|spe|1\n|-boost|p1a: Dondozo|atk|1\n|-boost|p1a: Dondozo|def|1\n|\n|-heal|p1a: Dondozo|84\/100|[from] item: Leftovers\n|upkeep\n|turn|9\n|\n|t:|1697637801\n|move|p2a: Shirohige|Ceaseless Edge|p1a: Dondozo\n|-damage|p1a: Dondozo|77\/100\n|move|p1a: Dondozo|Curse|p1a: Dondozo\n|-unboost|p1a: Dondozo|spe|1\n|-boost|p1a: Dondozo|atk|1\n|-boost|p1a: Dondozo|def|1\n|\n|-heal|p1a: Dondozo|84\/100|[from] item: Leftovers\n|upkeep\n|turn|10\n|\n|t:|1697637804\n|move|p2a: Shirohige|Ceaseless Edge|p1a: Dondozo\n|-damage|p1a: Dondozo|78\/100\n|move|p1a: Dondozo|Wave Crash|p2a: Shirohige\n|-resisted|p2a: Shirohige\n|-damage|p2a: Shirohige|20\/100\n|-damage|p1a: Dondozo|58\/100|[from] Recoil\n|\n|-heal|p1a: Dondozo|64\/100|[from] item: Leftovers\n|upkeep\n|turn|11\n|\n|t:|1697637807\n|move|p2a: Shirohige|Ceaseless Edge|p1a: Dondozo\n|-damage|p1a: Dondozo|58\/100\n|move|p1a: Dondozo|Wave Crash|p2a: Shirohige\n|-resisted|p2a: Shirohige\n|-damage|p2a: Shirohige|0 fnt\n|faint|p2a: Shirohige\n|-damage|p1a: Dondozo|54\/100|[from] Recoil\n|\n|-heal|p1a: Dondozo|60\/100|[from] item: Leftovers\n|upkeep\n|\n|t:|1697637812\n|switch|p2a: Zombear|Ursaluna-Bloodmoon, M|100\/100\n|turn|12\n|\n|t:|1697637816\n|move|p2a: Zombear|Blood Moon|p1a: Dondozo\n|-damage|p1a: Dondozo|0 fnt\n|faint|p1a: Dondozo\n|\n|upkeep\n|\n|t:|1697637819\n|switch|p1a: Palkia|Palkia-Origin|100\/100\n|-damage|p1a: Palkia|76\/100|[from] Spikes\n|-ability|p1a: Palkia|Pressure\n|turn|13\n|\n|t:|1697637828\n|switch|p2a: Judge|Landorus, M|100\/100\n|-terastallize|p1a: Palkia|Water\n|move|p1a: Palkia|Surf|p2a: Judge\n|-supereffective|p2a: Judge\n|-damage|p2a: Judge|0 fnt\n|faint|p2a: Judge\n|\n|upkeep\n|\n|t:|1697637833\n|switch|p2a: Zombear|Ursaluna-Bloodmoon, M|100\/100\n|turn|14\n|\n|t:|1697637835\n|move|p1a: Palkia|Surf|p2a: Zombear\n|-supereffective|p2a: Zombear\n|-damage|p2a: Zombear|0 fnt\n|faint|p2a: Zombear\n|\n|upkeep\n|\n|t:|1697637838\n|switch|p2a: Skylar Vox|Espathra, F|100\/100\n|turn|15\n|\n|t:|1697637843\n|move|p2a: Skylar Vox|Protect|p2a: Skylar Vox\n|-singleturn|p2a: Skylar Vox|Protect\n|move|p1a: Palkia|Surf|p2a: Skylar Vox\n|-activate|p2a: Skylar Vox|move: Protect\n|\n|-ability|p2a: Skylar Vox|Speed Boost|boost\n|-boost|p2a: Skylar Vox|spe|1\n|upkeep\n|turn|16\n|\n|t:|1697637847\n|move|p2a: Skylar Vox|Calm Mind|p2a: Skylar Vox\n|-boost|p2a: Skylar Vox|spa|1\n|-boost|p2a: Skylar Vox|spd|1\n|move|p1a: Palkia|Surf|p2a: Skylar Vox\n|-damage|p2a: Skylar Vox|9\/100\n|\n|-heal|p2a: Skylar Vox|15\/100|[from] item: Leftovers\n|-ability|p2a: Skylar Vox|Speed Boost|boost\n|-boost|p2a: Skylar Vox|spe|1\n|upkeep\n|turn|17\n|\n|t:|1697637852\n|move|p2a: Skylar Vox|Protect|p2a: Skylar Vox\n|-singleturn|p2a: Skylar Vox|Protect\n|move|p1a: Palkia|Surf|p2a: Skylar Vox\n|-activate|p2a: Skylar Vox|move: Protect\n|\n|-heal|p2a: Skylar Vox|21\/100|[from] item: Leftovers\n|-ability|p2a: Skylar Vox|Speed Boost|boost\n|-boost|p2a: Skylar Vox|spe|1\n|upkeep\n|turn|18\n|\n|t:|1697637858\n|move|p2a: Skylar Vox|Stored Power|p1a: Palkia\n|-damage|p1a: Palkia|0 fnt\n|faint|p1a: Palkia\n|\n|-heal|p2a: Skylar Vox|27\/100|[from] item: Leftovers\n|-ability|p2a: Skylar Vox|Speed Boost|boost\n|-boost|p2a: Skylar Vox|spe|1\n|upkeep\n|\n|t:|1697637865\n|switch|p1a: Volcarona|Volcarona, F|100\/100\n|turn|19\n|\n|t:|1697637870\n|move|p2a: Skylar Vox|Stored Power|p1a: Volcarona\n|-damage|p1a: Volcarona|0 fnt\n|faint|p1a: Volcarona\n|\n|-heal|p2a: Skylar Vox|34\/100|[from] item: Leftovers\n|-ability|p2a: Skylar Vox|Speed Boost|boost\n|-boost|p2a: Skylar Vox|spe|1\n|upkeep\n|\n|t:|1697637872\n|switch|p1a: Ursaluna|Ursaluna-Bloodmoon, M|100\/100\n|-damage|p1a: Ursaluna|76\/100|[from] Spikes\n|turn|20\n|\n|t:|1697637877\n|move|p2a: Skylar Vox|Stored Power|p1a: Ursaluna\n|-damage|p1a: Ursaluna|0 fnt\n|faint|p1a: Ursaluna\n|\n|-heal|p2a: Skylar Vox|40\/100|[from] item: Leftovers\n|-ability|p2a: Skylar Vox|Speed Boost|boost\n|-boost|p2a: Skylar Vox|spe|1\n|upkeep\n|c|\u2606Ph0n3_Guy1987|Crap\n|c|\u2606ShirosakiAoi|^^?\n|\n|t:|1697637891\n|switch|p1a: Landorus|Landorus, M|100\/100\n|turn|21\n|\n|t:|1697637896\n|move|p2a: Skylar Vox|Stored Power|p1a: Landorus\n|-damage|p1a: Landorus|0 fnt\n|faint|p1a: Landorus\n|\n|win|ShirosakiAoi\n|raw|Ph0n3_Guy1987's rating: 1068 &rarr; <strong>1051<\/strong><br \/>(-17 for losing)\n|raw|ShirosakiAoi's rating: 1117 &rarr; <strong>1138<\/strong><br \/>(+21 for winning)\n|c|\u2606ShirosakiAoi|GG BRO\n","uploadtime":1697637902,"views":10,"p1id":"ph0n3guy1987","p2id":"shirosakiaoi","formatid":"gen9ubers","rating":1051,"private":0,"password":""}