{"id":"gen9ubers-1999686258","p1":"KeshBa45","p2":"thunderbug","format":"[Gen 9] Ubers","log":"|j|\u2606KeshBa45\n|j|\u2606thunderbug\n|t:|1701107762\n|gametype|singles\n|player|p1|KeshBa45|red|\n|player|p2|thunderbug|bugsy-gen2|\n|teamsize|p1|6\n|teamsize|p2|6\n|gen|9\n|tier|[Gen 9] Ubers\n|rated|Tournament battle\n|rule|Sleep Clause Mod: Limit one foe put to sleep\n|rule|Species Clause: Limit one of each Pok\u00e9mon\n|rule|OHKO Clause: OHKO moves are banned\n|rule|Evasion Items Clause: Evasion items are banned\n|rule|Evasion Moves Clause: Evasion moves are banned\n|rule|Endless Battle Clause: Forcing endless battles is banned\n|rule|HP Percentage Mod: HP is shown in percentages\n|clearpoke\n|poke|p1|Koraidon|\n|poke|p1|Miraidon|\n|poke|p1|Zacian-*|\n|poke|p1|Kyogre|\n|poke|p1|Arceus-Ground|\n|poke|p1|Giratina-Origin|\n|poke|p2|Calyrex-Ice|\n|poke|p2|Miraidon|\n|poke|p2|Koraidon|\n|poke|p2|Ting-Lu|\n|poke|p2|Zacian-*|\n|poke|p2|Kyogre|\n|teampreview\n|c|\u2606thunderbug|gl hf\n|c|\u2606KeshBa45|glgl\n|j| Owl In Daylight\n|\n|t:|1701107798\n|start\n|switch|p1a: Koraidon|Koraidon|100\/100\n|switch|p2a: Miraidon|Miraidon|100\/100\n|-fieldstart|move: Electric Terrain|[from] ability: Hadron Engine|[of] p2a: Miraidon\n|-weather|SunnyDay|[from] ability: Orichalcum Pulse|[of] p1a: Koraidon\n|-activate|p1a: Koraidon|Orichalcum Pulse|[source]\n|turn|1\n|j| BillyFan\n|j| MrKrustyKrust\n|\n|t:|1701107815\n|switch|p2a: Zacian|Zacian-Crowned|100\/100\n|-ability|p2a: Zacian|Intrepid Sword|boost\n|-boost|p2a: Zacian|atk|1\n|move|p1a: Koraidon|U-turn|p2a: Zacian\n|-resisted|p2a: Zacian\n|-damage|p2a: Zacian|93\/100\n|\n|t:|1701107829\n|switch|p1a: Arceus|Arceus-Ground|100\/100|[from] U-turn\n|\n|-weather|SunnyDay|[upkeep]\n|upkeep\n|turn|2\n|\n|t:|1701107832\n|move|p2a: Zacian|Behemoth Blade|p1a: Arceus\n|-damage|p1a: Arceus|59\/100\n|move|p1a: Arceus|Judgment|p2a: Zacian\n|-supereffective|p2a: Zacian\n|-damage|p2a: Zacian|0 fnt\n|faint|p2a: Zacian\n|\n|-weather|SunnyDay|[upkeep]\n|upkeep\n|\n|t:|1701107837\n|switch|p2a: Kyogre|Kyogre|100\/100\n|-weather|RainDance|[from] ability: Drizzle|[of] p2a: Kyogre\n|turn|3\n|\n|t:|1701107849\n|switch|p1a: Kyogre|Kyogre|100\/100\n|move|p2a: Kyogre|Substitute|p2a: Kyogre\n|-start|p2a: Kyogre|Substitute\n|-damage|p2a: Kyogre|75\/100\n|\n|-weather|RainDance|[upkeep]\n|-heal|p2a: Kyogre|82\/100|[from] item: Leftovers\n|upkeep\n|turn|4\n|l| Owl In Daylight\n|\n|t:|1701107855\n|switch|p1a: Koraidon|Koraidon|100\/100\n|-weather|SunnyDay|[from] ability: Orichalcum Pulse|[of] p1a: Koraidon\n|-activate|p1a: Koraidon|Orichalcum Pulse|[source]\n|move|p2a: Kyogre|Calm Mind|p2a: Kyogre\n|-boost|p2a: Kyogre|spa|1\n|-boost|p2a: Kyogre|spd|1\n|\n|-weather|SunnyDay|[upkeep]\n|-heal|p2a: Kyogre|88\/100|[from] item: Leftovers\n|upkeep\n|turn|5\n|\n|t:|1701107865\n|move|p1a: Koraidon|U-turn|p2a: Kyogre\n|-activate|p2a: Kyogre|move: Substitute|[damage]\n|\n|t:|1701107867\n|switch|p1a: Kyogre|Kyogre|100\/100|[from] U-turn\n|-weather|RainDance|[from] ability: Drizzle|[of] p1a: Kyogre\n|move|p2a: Kyogre|Ice Beam|p1a: Kyogre\n|-resisted|p1a: Kyogre\n|-damage|p1a: Kyogre|83\/100\n|\n|-weather|RainDance|[upkeep]\n|-heal|p2a: Kyogre|94\/100|[from] item: Leftovers\n|-fieldend|move: Electric Terrain\n|upkeep\n|turn|6\n|\n|t:|1701107878\n|move|p1a: Kyogre|Thunder|p2a: Kyogre\n|-supereffective|p2a: Kyogre\n|-end|p2a: Kyogre|Substitute\n|move|p2a: Kyogre|Surf|p1a: Kyogre\n|-resisted|p1a: Kyogre\n|-damage|p1a: Kyogre|48\/100\n|\n|-weather|RainDance|[upkeep]\n|-heal|p2a: Kyogre|99\/100|[from] item: Leftovers\n|upkeep\n|turn|7\n|\n|t:|1701107888\n|switch|p2a: Ting-Lu|Ting-Lu|100\/100\n|-ability|p2a: Ting-Lu|Vessel of Ruin\n|move|p1a: Kyogre|Thunder|p2a: Ting-Lu\n|-immune|p2a: Ting-Lu\n|\n|-weather|RainDance|[upkeep]\n|upkeep\n|turn|8\n|\n|t:|1701107891\n|switch|p1a: Giratina|Giratina-Origin|100\/100\n|move|p2a: Ting-Lu|Spikes|p1a: Giratina\n|-sidestart|p1: KeshBa45|Spikes\n|\n|-weather|RainDance|[upkeep]\n|upkeep\n|turn|9\n|l| BillyFan\n|\n|t:|1701107902\n|move|p1a: Giratina|Defog|p2a: Ting-Lu\n|-unboost|p2a: Ting-Lu|evasion|1\n|-sideend|p1: KeshBa45|Spikes|[from] move: Defog|[of] p1a: Giratina\n|move|p2a: Ting-Lu|Ruination|p1a: Giratina\n|-damage|p1a: Giratina|50\/100\n|\n|-weather|none\n|upkeep\n|turn|10\n|\n|t:|1701107920\n|switch|p1a: Koraidon|Koraidon|100\/100\n|-weather|SunnyDay|[from] ability: Orichalcum Pulse|[of] p1a: Koraidon\n|-activate|p1a: Koraidon|Orichalcum Pulse|[source]\n|move|p2a: Ting-Lu|Spikes|p1a: Koraidon\n|-sidestart|p1: KeshBa45|Spikes\n|\n|-weather|SunnyDay|[upkeep]\n|upkeep\n|turn|11\n|\n|t:|1701107925\n|move|p2a: Ting-Lu|Protect|p2a: Ting-Lu\n|-singleturn|p2a: Ting-Lu|Protect\n|move|p1a: Koraidon|Low Kick|p2a: Ting-Lu\n|-activate|p2a: Ting-Lu|move: Protect\n|\n|-weather|SunnyDay|[upkeep]\n|upkeep\n|turn|12\n|\n|t:|1701107941\n|switch|p2a: Kyogre|Kyogre|99\/100\n|-weather|RainDance|[from] ability: Drizzle|[of] p2a: Kyogre\n|move|p1a: Koraidon|Low Kick|p2a: Kyogre\n|-damage|p2a: Kyogre|58\/100\n|\n|-weather|RainDance|[upkeep]\n|-heal|p2a: Kyogre|64\/100|[from] item: Leftovers\n|upkeep\n|turn|13\n|\n|t:|1701107960\n|switch|p1a: Kyogre|Kyogre|48\/100\n|-damage|p1a: Kyogre|36\/100|[from] Spikes\n|move|p2a: Kyogre|Ice Beam|p1a: Kyogre\n|-resisted|p1a: Kyogre\n|-damage|p1a: Kyogre|24\/100\n|-status|p1a: Kyogre|frz\n|\n|-weather|RainDance|[upkeep]\n|-heal|p2a: Kyogre|70\/100|[from] item: Leftovers\n|upkeep\n|turn|14\n|\n|t:|1701107967\n|cant|p1a: Kyogre|frz\n|move|p2a: Kyogre|Surf|p1a: Kyogre\n|-resisted|p1a: Kyogre\n|-damage|p1a: Kyogre|0 fnt\n|faint|p1a: Kyogre\n|\n|-weather|RainDance|[upkeep]\n|-heal|p2a: Kyogre|76\/100|[from] item: Leftovers\n|upkeep\n|\n|t:|1701108002\n|switch|p1a: Miraidon|Miraidon|100\/100\n|-damage|p1a: Miraidon|88\/100|[from] Spikes\n|-fieldstart|move: Electric Terrain|[from] ability: Hadron Engine|[of] p1a: Miraidon\n|turn|15\n|\n|t:|1701108009\n|switch|p2a: Ting-Lu|Ting-Lu|100\/100\n|-ability|p2a: Ting-Lu|Vessel of Ruin\n|move|p1a: Miraidon|Calm Mind|p1a: Miraidon\n|-boost|p1a: Miraidon|spa|1\n|-boost|p1a: Miraidon|spd|1\n|\n|-weather|RainDance|[upkeep]\n|upkeep\n|turn|16\n|\n|t:|1701108013\n|move|p1a: Miraidon|Draco Meteor|p2a: Ting-Lu\n|-damage|p2a: Ting-Lu|19\/100\n|-unboost|p1a: Miraidon|spa|2\n|-damage|p1a: Miraidon|78\/100|[from] item: Life Orb\n|move|p2a: Ting-Lu|Earthquake|p1a: Miraidon\n|-supereffective|p1a: Miraidon\n|-damage|p1a: Miraidon|0 fnt\n|faint|p1a: Miraidon\n|\n|-weather|none\n|-heal|p2a: Ting-Lu|26\/100|[from] item: Leftovers\n|upkeep\n|\n|t:|1701108020\n|switch|p1a: Koraidon|Koraidon|100\/100\n|-damage|p1a: Koraidon|88\/100|[from] Spikes\n|-weather|SunnyDay|[from] ability: Orichalcum Pulse|[of] p1a: Koraidon\n|-activate|p1a: Koraidon|Orichalcum Pulse|[source]\n|turn|17\n|\n|t:|1701108023\n|move|p2a: Ting-Lu|Protect|p2a: Ting-Lu\n|-singleturn|p2a: Ting-Lu|Protect\n|move|p1a: Koraidon|Low Kick|p2a: Ting-Lu\n|-activate|p2a: Ting-Lu|move: Protect\n|\n|-weather|SunnyDay|[upkeep]\n|-heal|p2a: Ting-Lu|32\/100|[from] item: Leftovers\n|upkeep\n|turn|18\n|\n|t:|1701108027\n|move|p1a: Koraidon|Low Kick|p2a: Ting-Lu\n|-supereffective|p2a: Ting-Lu\n|-damage|p2a: Ting-Lu|0 fnt\n|faint|p2a: Ting-Lu\n|\n|-weather|SunnyDay|[upkeep]\n|upkeep\n|\n|t:|1701108058\n|switch|p2a: Koraidon|Koraidon|100\/100\n|-activate|p2a: Koraidon|ability: Orichalcum Pulse\n|turn|19\n|\n|t:|1701108071\n|switch|p1a: Arceus|Arceus-Ground|59\/100\n|-damage|p1a: Arceus|46\/100|[from] Spikes\n|move|p2a: Koraidon|Scale Shot|p1a: Arceus\n|-damage|p1a: Arceus|37\/100\n|-damage|p1a: Arceus|29\/100\n|-damage|p1a: Arceus|21\/100\n|-damage|p1a: Arceus|11\/100\n|-hitcount|p1a: Arceus|4\n|-unboost|p2a: Koraidon|def|1\n|-boost|p2a: Koraidon|spe|1\n|\n|-weather|SunnyDay|[upkeep]\n|-fieldend|move: Electric Terrain\n|upkeep\n|turn|20\n|\n|t:|1701108084\n|move|p2a: Koraidon|Scale Shot|p1a: Arceus\n|-damage|p1a: Arceus|3\/100\n|-damage|p1a: Arceus|0 fnt\n|faint|p1a: Arceus\n|-hitcount|p1: Arceus|2\n|-unboost|p2a: Koraidon|def|1\n|-boost|p2a: Koraidon|spe|1\n|\n|-weather|SunnyDay|[upkeep]\n|upkeep\n|\n|t:|1701108110\n|switch|p1a: Giratina|Giratina-Origin|50\/100\n|turn|21\n|\n|t:|1701108121\n|-terastallize|p1a: Giratina|Steel\n|move|p2a: Koraidon|Flare Blitz|p1a: Giratina\n|-supereffective|p1a: Giratina\n|-damage|p1a: Giratina|0 fnt\n|faint|p1a: Giratina\n|-damage|p2a: Koraidon|76\/100|[from] Recoil\n|\n|-weather|none\n|upkeep\n|-message|KeshBa45 forfeited.\n|\n|win|thunderbug\n|n|\u2606KeshBa45|keshba45\n|n|\u2606thunderbug|thunderbug\n|n| MrKrustyKrust|mrkrustykrust\n","uploadtime":1701108127,"views":1,"p1id":"keshba45","p2id":"thunderbug","formatid":"gen9ubers","rating":0,"private":0,"password":""}