{"id":"gen9ubers-1980612215","p1":"Zeddbruh","p2":"mindyourmoney","format":"[Gen 9] Ubers","log":"|j|\u2606Zeddbruh\n|j|\u2606mindyourmoney\n|t:|1698803225\n|gametype|singles\n|player|p1|Zeddbruh|2|\n|player|p2|mindyourmoney|flannery|\n|teamsize|p1|6\n|teamsize|p2|6\n|gen|9\n|tier|[Gen 9] Ubers\n|rule|Sleep Clause Mod: Limit one foe put to sleep\n|rule|Species Clause: Limit one of each Pok\u00e9mon\n|rule|OHKO Clause: OHKO moves are banned\n|rule|Evasion Items Clause: Evasion items are banned\n|rule|Evasion Moves Clause: Evasion moves are banned\n|rule|Endless Battle Clause: Forcing endless battles is banned\n|rule|HP Percentage Mod: HP is shown in percentages\n|clearpoke\n|poke|p1|Roaring Moon|\n|poke|p1|Azumarill, F|\n|poke|p1|Hippowdon, M|\n|poke|p1|Blissey, F|\n|poke|p1|Toxtricity, M|\n|poke|p1|Brambleghast, F|\n|poke|p2|Iron Valiant|\n|poke|p2|Iron Leaves|\n|poke|p2|Pincurchin, F|\n|poke|p2|Grimmsnarl, M|\n|poke|p2|Cacturne, M|\n|poke|p2|Iron Treads|\n|teampreview\n|j| blue999\n|j| DomNeedsHelp\n|j| CTE World\n|j| acetrainerluck\n|c|\u2606mindyourmoney|go mode?\n|c| DomNeedsHelp|Go!\n|inactive|Battle timer is ON: inactive players will automatically lose when time's up. (requested by mindyourmoney)\n|\n|t:|1698803302\n|start\n|switch|p1a: Azumarill|Azumarill, F|100\/100\n|switch|p2a: Iron Treads|Iron Treads|100\/100\n|turn|1\n|\n|t:|1698803309\n|-terastallize|p2a: Iron Treads|Electric\n|move|p2a: Iron Treads|Tera Blast|p1a: Azumarill|[anim] Tera Blast Electric\n|-supereffective|p1a: Azumarill\n|-damage|p1a: Azumarill|22\/100\n|-enditem|p1a: Azumarill|Sitrus Berry|[eat]\n|-heal|p1a: Azumarill|47\/100|[from] item: Sitrus Berry\n|move|p1a: Azumarill|Liquidation|p2a: Iron Treads\n|-damage|p2a: Iron Treads|47\/100\n|\n|upkeep\n|turn|2\n|\n|t:|1698803320\n|switch|p1a: Hippowdon|Hippowdon, M|100\/100\n|move|p2a: Iron Treads|Tera Blast|p1a: Hippowdon|[anim] Tera Blast Electric\n|-immune|p1a: Hippowdon\n|\n|upkeep\n|turn|3\n|\n|t:|1698803335\n|-end|p2a: Iron Treads|Quark Drive|[silent]\n|switch|p2a: Pincurchin|Pincurchin, F|100\/100\n|-fieldstart|move: Electric Terrain|[from] ability: Electric Surge|[of] p2a: Pincurchin\n|move|p1a: Hippowdon|Stealth Rock|p2a: Pincurchin\n|-sidestart|p2: mindyourmoney|move: Stealth Rock\n|\n|upkeep\n|turn|4\n|inactive|Zeddbruh has 270 seconds left.\n|\n|t:|1698803371\n|switch|p1a: Brambleghast|Brambleghast, F|100\/100\n|move|p2a: Pincurchin|Spikes|p1a: Brambleghast\n|-sidestart|p1: Zeddbruh|Spikes\n|\n|upkeep\n|turn|5\n|inactive|Zeddbruh has 270 seconds left.\n|\n|t:|1698803387\n|switch|p2a: Cacturne|Cacturne, M|100\/100\n|-damage|p2a: Cacturne|88\/100|[from] Stealth Rock\n|move|p1a: Brambleghast|Rapid Spin|p2a: Cacturne\n|-damage|p2a: Cacturne|69\/100\n|-boost|p1a: Brambleghast|spe|1\n|-sideend|p1: Zeddbruh|Spikes|[from] move: Rapid Spin|[of] p1a: Brambleghast\n|\n|upkeep\n|turn|6\n|inactive|Zeddbruh has 270 seconds left.\n|\n|t:|1698803401\n|switch|p1a: Toxtricity|Toxtricity, M|100\/100\n|move|p2a: Cacturne|Swords Dance|p2a: Cacturne\n|-boost|p2a: Cacturne|atk|2\n|\n|upkeep\n|turn|7\n|inactive|Zeddbruh has 270 seconds left.\n|\n|t:|1698803412\n|move|p2a: Cacturne|Sucker Punch|p1a: Toxtricity\n|-damage|p1a: Toxtricity|0 fnt\n|faint|p1a: Toxtricity\n|-damage|p2a: Cacturne|59\/100|[from] item: Life Orb\n|\n|upkeep\n|inactive|Zeddbruh has 270 seconds left.\n|\n|t:|1698803424\n|switch|p1a: Brambleghast|Brambleghast, F|100\/100\n|turn|8\n|\n|t:|1698803440\n|move|p2a: Cacturne|Sucker Punch||[still]\n|-fail|p2a: Cacturne\n|move|p1a: Brambleghast|Strength Sap|p2a: Cacturne\n|-unboost|p2a: Cacturne|atk|1\n|\n|upkeep\n|turn|9\n|\n|t:|1698803449\n|move|p1a: Brambleghast|Strength Sap|p2a: Cacturne\n|-unboost|p2a: Cacturne|atk|1\n|move|p2a: Cacturne|Swords Dance|p2a: Cacturne\n|-boost|p2a: Cacturne|atk|2\n|\n|upkeep\n|turn|10\n|j| SenketsuThreads\n|inactive|Zeddbruh has 270 seconds left.\n|\n|t:|1698803474\n|switch|p1a: Blissey|Blissey, F|100\/100\n|move|p2a: Cacturne|Swords Dance|p2a: Cacturne\n|-boost|p2a: Cacturne|atk|2\n|\n|-fieldend|move: Electric Terrain\n|upkeep\n|turn|11\n|\n|t:|1698803483\n|switch|p1a: Brambleghast|Brambleghast, F|100\/100\n|move|p2a: Cacturne|Drain Punch|p1a: Brambleghast\n|-immune|p1a: Brambleghast\n|\n|upkeep\n|turn|12\n|\n|t:|1698803494\n|move|p1a: Brambleghast|Power Whip|p2a: Cacturne\n|-resisted|p2a: Cacturne\n|-damage|p2a: Cacturne|23\/100\n|move|p2a: Cacturne|Swords Dance|p2a: Cacturne\n|-boost|p2a: Cacturne|atk|2\n|\n|upkeep\n|turn|13\n|\n|t:|1698803501\n|move|p2a: Cacturne|Sucker Punch||[still]\n|-fail|p2a: Cacturne\n|move|p1a: Brambleghast|Strength Sap|p2a: Cacturne\n|-unboost|p2a: Cacturne|atk|1\n|\n|upkeep\n|turn|14\n|\n|t:|1698803507\n|move|p2a: Cacturne|Sucker Punch||[still]\n|-fail|p2a: Cacturne\n|move|p1a: Brambleghast|Strength Sap|p2a: Cacturne\n|-unboost|p2a: Cacturne|atk|1\n|\n|upkeep\n|turn|15\n|\n|t:|1698803517\n|move|p2a: Cacturne|Sucker Punch||[still]\n|-fail|p2a: Cacturne\n|move|p1a: Brambleghast|Strength Sap|p2a: Cacturne\n|-unboost|p2a: Cacturne|atk|1\n|\n|upkeep\n|turn|16\n|inactive|Zeddbruh has 270 seconds left.\n|\n|t:|1698803552\n|move|p1a: Brambleghast|Power Whip|p2a: Cacturne\n|-resisted|p2a: Cacturne\n|-damage|p2a: Cacturne|0 fnt\n|faint|p2a: Cacturne\n|\n|upkeep\n|c| acetrainerluck|lmao\n|c| SenketsuThreads|AGENCY\n|c| DomNeedsHelp|AGENCY\n|c| blue999|AGENCY\n|c| blue999|FUCKING CALLED IT\n|inactive|mindyourmoney has 270 seconds left.\n|inactive|mindyourmoney has 240 seconds left.\n|\n|t:|1698803623\n|switch|p2a: Grimmsnarl|Grimmsnarl, M|100\/100\n|-damage|p2a: Grimmsnarl|88\/100|[from] Stealth Rock\n|turn|17\n|\n|t:|1698803630\n|move|p2a: Grimmsnarl|Reflect|p2a: Grimmsnarl\n|-sidestart|p2: mindyourmoney|Reflect\n|move|p1a: Brambleghast|Rapid Spin|p2a: Grimmsnarl\n|-damage|p2a: Grimmsnarl|79\/100\n|-boost|p1a: Brambleghast|spe|1\n|\n|upkeep\n|turn|18\n|inactive|mindyourmoney has 240 seconds left.\n|\n|t:|1698803638\n|move|p2a: Grimmsnarl|Taunt|p1a: Brambleghast\n|-start|p1a: Brambleghast|move: Taunt\n|move|p1a: Brambleghast|Power Whip|p2a: Grimmsnarl\n|-damage|p2a: Grimmsnarl|49\/100\n|\n|upkeep\n|turn|19\n|\n|t:|1698803645\n|move|p1a: Brambleghast|Power Whip|p2a: Grimmsnarl\n|-damage|p2a: Grimmsnarl|22\/100\n|move|p2a: Grimmsnarl|Spirit Break|p1a: Brambleghast\n|-damage|p1a: Brambleghast|58\/100\n|-unboost|p1a: Brambleghast|spa|1\n|\n|-heal|p1a: Brambleghast|64\/100|[from] item: Leftovers\n|upkeep\n|turn|20\n|\n|t:|1698803656\n|move|p1a: Brambleghast|Power Whip|p2a: Grimmsnarl\n|-damage|p2a: Grimmsnarl|0 fnt\n|faint|p2a: Grimmsnarl\n|\n|-heal|p1a: Brambleghast|70\/100|[from] item: Leftovers\n|-end|p1a: Brambleghast|move: Taunt\n|upkeep\n|\n|t:|1698803658\n|switch|p2a: Iron Treads|Iron Treads, tera:Electric|47\/100\n|-damage|p2a: Iron Treads|35\/100|[from] Stealth Rock\n|turn|21\n|\n|t:|1698803671\n|switch|p1a: Hippowdon|Hippowdon, M|100\/100\n|move|p2a: Iron Treads|Knock Off|p1a: Hippowdon\n|-damage|p1a: Hippowdon|85\/100\n|-enditem|p1a: Hippowdon|Leftovers|[from] move: Knock Off|[of] p2a: Iron Treads\n|\n|upkeep\n|turn|22\n|c| blue999|power whip masterclass?\n|inactive|mindyourmoney has 270 seconds left.\n|inactive|Zeddbruh has 270 seconds left.\n|\n|t:|1698803722\n|-end|p2a: Iron Treads|Quark Drive|[silent]\n|switch|p2a: Pincurchin|Pincurchin, F|100\/100\n|-damage|p2a: Pincurchin|88\/100|[from] Stealth Rock\n|-fieldstart|move: Electric Terrain|[from] ability: Electric Surge|[of] p2a: Pincurchin\n|move|p1a: Hippowdon|Whirlwind|p2a: Pincurchin\n|drag|p2a: Iron Valiant|Iron Valiant|100\/100\n|-damage|p2a: Iron Valiant|94\/100|[from] Stealth Rock\n|-activate|p2a: Iron Valiant|ability: Quark Drive\n|-start|p2a: Iron Valiant|quarkdrivespe\n|\n|upkeep\n|turn|23\n|\n|t:|1698803736\n|switch|p1a: Blissey|Blissey, F|100\/100\n|move|p2a: Iron Valiant|Grass Knot|p1a: Blissey\n|-damage|p1a: Blissey|92\/100\n|-damage|p2a: Iron Valiant|85\/100|[from] item: Life Orb\n|\n|upkeep\n|turn|24\n|\n|t:|1698803749\n|move|p2a: Iron Valiant|Moonblast|p1a: Blissey\n|-damage|p1a: Blissey|71\/100\n|-unboost|p1a: Blissey|spa|1\n|-damage|p2a: Iron Valiant|75\/100|[from] item: Life Orb\n|move|p1a: Blissey|Thunder Wave|p2a: Iron Valiant\n|-status|p2a: Iron Valiant|par\n|\n|-sideend|p2: mindyourmoney|Reflect\n|upkeep\n|turn|25\n|\n|t:|1698803759\n|move|p2a: Iron Valiant|Moonblast|p1a: Blissey\n|-damage|p1a: Blissey|48\/100\n|-unboost|p1a: Blissey|spa|1\n|-damage|p2a: Iron Valiant|65\/100 par|[from] item: Life Orb\n|move|p1a: Blissey|Soft-Boiled|p1a: Blissey\n|-heal|p1a: Blissey|99\/100\n|\n|upkeep\n|turn|26\n|\n|t:|1698803768\n|move|p2a: Iron Valiant|Close Combat|p1a: Blissey\n|-supereffective|p1a: Blissey\n|-damage|p1a: Blissey|0 fnt\n|-unboost|p2a: Iron Valiant|def|1\n|-unboost|p2a: Iron Valiant|spd|1\n|faint|p1a: Blissey\n|-damage|p2a: Iron Valiant|56\/100 par|[from] item: Life Orb\n|\n|upkeep\n|\n|t:|1698803779\n|switch|p1a: Roaring Moon|Roaring Moon|100\/100\n|turn|27\n|\n|t:|1698803791\n|move|p1a: Roaring Moon|Earthquake|p2a: Iron Valiant\n|-damage|p2a: Iron Valiant|0 fnt\n|faint|p2a: Iron Valiant\n|-end|p2a: Iron Valiant|Quark Drive|[silent]\n|-damage|p1a: Roaring Moon|91\/100|[from] item: Life Orb\n|\n|upkeep\n|\n|t:|1698803796\n|switch|p2a: Iron Leaves|Iron Leaves|100\/100\n|-damage|p2a: Iron Leaves|88\/100|[from] Stealth Rock\n|-activate|p2a: Iron Leaves|ability: Quark Drive\n|-start|p2a: Iron Leaves|quarkdrivespe\n|turn|28\n|inactive|Zeddbruh has 270 seconds left.\n|\n|t:|1698803818\n|-end|p1a: Roaring Moon|Protosynthesis|[silent]\n|switch|p1a: Brambleghast|Brambleghast, F|70\/100\n|move|p2a: Iron Leaves|Psyblade|p1a: Brambleghast\n|-damage|p1a: Brambleghast|0 fnt\n|faint|p1a: Brambleghast\n|-damage|p2a: Iron Leaves|78\/100|[from] item: Life Orb\n|\n|upkeep\n|\n|t:|1698803834\n|switch|p1a: Hippowdon|Hippowdon, M|85\/100\n|turn|29\n|\n|t:|1698803843\n|move|p2a: Iron Leaves|Swords Dance|p2a: Iron Leaves\n|-boost|p2a: Iron Leaves|atk|2\n|move|p1a: Hippowdon|Earthquake|p2a: Iron Leaves\n|-resisted|p2a: Iron Leaves\n|-damage|p2a: Iron Leaves|58\/100\n|\n|-fieldend|move: Electric Terrain\n|-end|p2a: Iron Leaves|Quark Drive\n|upkeep\n|turn|30\n|\n|t:|1698803873\n|move|p2a: Iron Leaves|Close Combat|p1a: Hippowdon\n|-damage|p1a: Hippowdon|32\/100\n|-unboost|p2a: Iron Leaves|def|1\n|-unboost|p2a: Iron Leaves|spd|1\n|-damage|p2a: Iron Leaves|48\/100|[from] item: Life Orb\n|move|p1a: Hippowdon|Whirlwind|p2a: Iron Leaves\n|-end|p2a: Iron Leaves|Quark Drive|[silent]\n|drag|p2a: Iron Treads|Iron Treads, tera:Electric|35\/100\n|-damage|p2a: Iron Treads|22\/100|[from] Stealth Rock\n|\n|upkeep\n|turn|31\n|\n|t:|1698803884\n|move|p2a: Iron Treads|Earthquake|p1a: Hippowdon\n|-damage|p1a: Hippowdon|6\/100\n|move|p1a: Hippowdon|Slack Off|p1a: Hippowdon\n|-heal|p1a: Hippowdon|56\/100\n|\n|upkeep\n|turn|32\n|\n|t:|1698803891\n|move|p2a: Iron Treads|Earthquake|p1a: Hippowdon\n|-damage|p1a: Hippowdon|32\/100\n|move|p1a: Hippowdon|Slack Off|p1a: Hippowdon\n|-heal|p1a: Hippowdon|82\/100\n|\n|upkeep\n|turn|33\n|\n|t:|1698803898\n|move|p2a: Iron Treads|Earthquake|p1a: Hippowdon\n|-damage|p1a: Hippowdon|60\/100\n|move|p1a: Hippowdon|Slack Off|p1a: Hippowdon\n|-heal|p1a: Hippowdon|100\/100\n|\n|upkeep\n|turn|34\n|\n|t:|1698803905\n|move|p2a: Iron Treads|Earthquake|p1a: Hippowdon\n|-crit|p1a: Hippowdon\n|-damage|p1a: Hippowdon|60\/100\n|move|p1a: Hippowdon|Earthquake|p2a: Iron Treads\n|-supereffective|p2a: Iron Treads\n|-damage|p2a: Iron Treads|0 fnt\n|faint|p2a: Iron Treads\n|-end|p2a: Iron Treads|Quark Drive|[silent]\n|\n|upkeep\n|\n|t:|1698803908\n|switch|p2a: Pincurchin|Pincurchin, F|88\/100\n|-damage|p2a: Pincurchin|76\/100|[from] Stealth Rock\n|-fieldstart|move: Electric Terrain|[from] ability: Electric Surge|[of] p2a: Pincurchin\n|turn|35\n|inactive|Zeddbruh has 270 seconds left.\n|\n|t:|1698803920\n|move|p1a: Hippowdon|Slack Off|p1a: Hippowdon\n|-heal|p1a: Hippowdon|100\/100\n|move|p2a: Pincurchin|Scald|p1a: Hippowdon\n|-supereffective|p1a: Hippowdon\n|-damage|p1a: Hippowdon|61\/100\n|\n|upkeep\n|turn|36\n|inactive|Zeddbruh has 270 seconds left.\n|\n|t:|1698803927\n|move|p1a: Hippowdon|Stealth Rock||[still]\n|-fail|p1a: Hippowdon\n|move|p2a: Pincurchin|Scald|p1a: Hippowdon\n|-supereffective|p1a: Hippowdon\n|-damage|p1a: Hippowdon|27\/100\n|\n|upkeep\n|turn|37\n|\n|t:|1698803935\n|move|p1a: Hippowdon|Slack Off|p1a: Hippowdon\n|-heal|p1a: Hippowdon|77\/100\n|move|p2a: Pincurchin|Scald|p1a: Hippowdon\n|-supereffective|p1a: Hippowdon\n|-damage|p1a: Hippowdon|39\/100\n|\n|upkeep\n|turn|38\n|\n|t:|1698803942\n|move|p1a: Hippowdon|Slack Off|p1a: Hippowdon\n|-heal|p1a: Hippowdon|90\/100\n|move|p2a: Pincurchin|Toxic Spikes|p1a: Hippowdon\n|-sidestart|p1: Zeddbruh|move: Toxic Spikes\n|\n|upkeep\n|turn|39\n|\n|t:|1698803949\n|move|p1a: Hippowdon|Stealth Rock||[still]\n|-fail|p1a: Hippowdon\n|move|p2a: Pincurchin|Scald|p1a: Hippowdon\n|-supereffective|p1a: Hippowdon\n|-damage|p1a: Hippowdon|52\/100\n|-status|p1a: Hippowdon|brn\n|\n|-damage|p1a: Hippowdon|46\/100 brn|[from] brn\n|upkeep\n|turn|40\n|\n|t:|1698803971\n|move|p1a: Hippowdon|Slack Off|p1a: Hippowdon\n|-heal|p1a: Hippowdon|96\/100 brn\n|move|p2a: Pincurchin|Spikes|p1a: Hippowdon\n|-sidestart|p1: Zeddbruh|Spikes\n|\n|-damage|p1a: Hippowdon|90\/100 brn|[from] brn\n|upkeep\n|turn|41\n|\n|t:|1698803979\n|move|p1a: Hippowdon|Earthquake|p2a: Pincurchin\n|-supereffective|p2a: Pincurchin\n|-damage|p2a: Pincurchin|44\/100\n|move|p2a: Pincurchin|Spikes|p1a: Hippowdon\n|-sidestart|p1: Zeddbruh|Spikes\n|\n|-damage|p1a: Hippowdon|83\/100 brn|[from] brn\n|upkeep\n|turn|42\n|\n|t:|1698803993\n|switch|p2a: Iron Leaves|Iron Leaves|48\/100\n|-damage|p2a: Iron Leaves|36\/100|[from] Stealth Rock\n|-activate|p2a: Iron Leaves|ability: Quark Drive\n|-start|p2a: Iron Leaves|quarkdrivespe\n|move|p1a: Hippowdon|Earthquake|p2a: Iron Leaves\n|-resisted|p2a: Iron Leaves\n|-damage|p2a: Iron Leaves|26\/100\n|\n|-damage|p1a: Hippowdon|77\/100 brn|[from] brn\n|-fieldend|move: Electric Terrain\n|-end|p2a: Iron Leaves|Quark Drive\n|upkeep\n|turn|43\n|\n|t:|1698804005\n|-end|p2a: Iron Leaves|Quark Drive|[silent]\n|switch|p2a: Pincurchin|Pincurchin, F|44\/100\n|-damage|p2a: Pincurchin|31\/100|[from] Stealth Rock\n|-fieldstart|move: Electric Terrain|[from] ability: Electric Surge|[of] p2a: Pincurchin\n|move|p1a: Hippowdon|Earthquake|p2a: Pincurchin\n|-supereffective|p2a: Pincurchin\n|-damage|p2a: Pincurchin|0 fnt\n|faint|p2a: Pincurchin\n|\n|-damage|p1a: Hippowdon|71\/100 brn|[from] brn\n|upkeep\n|\n|t:|1698804011\n|switch|p2a: Iron Leaves|Iron Leaves|26\/100\n|-damage|p2a: Iron Leaves|13\/100|[from] Stealth Rock\n|-activate|p2a: Iron Leaves|ability: Quark Drive\n|-start|p2a: Iron Leaves|quarkdrivespe\n|turn|44\n|\n|t:|1698804021\n|move|p2a: Iron Leaves|Leaf Blade|p1a: Hippowdon\n|-supereffective|p1a: Hippowdon\n|-damage|p1a: Hippowdon|9\/100 brn\n|-damage|p2a: Iron Leaves|3\/100|[from] item: Life Orb\n|move|p1a: Hippowdon|Earthquake|p2a: Iron Leaves\n|-resisted|p2a: Iron Leaves\n|-damage|p2a: Iron Leaves|0 fnt\n|faint|p2a: Iron Leaves\n|-end|p2a: Iron Leaves|Quark Drive|[silent]\n|\n|win|Zeddbruh\n|c|\u2606mindyourmoney|no swaps\n|l|\u2606Zeddbruh\n","uploadtime":1698804041,"views":11,"p1id":"zeddbruh","p2id":"mindyourmoney","formatid":"gen9ubers","rating":0,"private":0,"password":""}