{"id":"gen9ubers-1990916948","p1":"guzmfran","p2":"raulex902","format":"[Gen 9] Ubers","log":"|j|\u2606guzmfran\n|j|\u2606raulex902\n|t:|1700014869\n|gametype|singles\n|player|p1|guzmfran|102|\n|player|p2|raulex902|alder|\n|teamsize|p1|6\n|teamsize|p2|6\n|gen|9\n|tier|[Gen 9] Ubers\n|rule|Sleep Clause Mod: Limit one foe put to sleep\n|rule|Species Clause: Limit one of each Pok\u00e9mon\n|rule|OHKO Clause: OHKO moves are banned\n|rule|Evasion Items Clause: Evasion items are banned\n|rule|Evasion Moves Clause: Evasion moves are banned\n|rule|Endless Battle Clause: Forcing endless battles is banned\n|rule|HP Percentage Mod: HP is shown in percentages\n|clearpoke\n|poke|p1|Gliscor, M|\n|poke|p1|Dondozo, F|\n|poke|p1|Blissey, F|\n|poke|p1|Chesnaught, M|\n|poke|p1|Clefable, M|\n|poke|p1|Skeledirge, F|\n|poke|p2|Blissey, F|\n|poke|p2|Chesnaught, M|\n|poke|p2|Corviknight, M|\n|poke|p2|Rotom-Heat|\n|poke|p2|Quagsire, M|\n|poke|p2|Clodsire, M|\n|teampreview\n|inactive|Battle timer is ON: inactive players will automatically lose when time's up. (requested by raulex902)\n|c|\u2606raulex902|waos\n|c|\u2606raulex902|sueerte\n|c|\u2606guzmfran|Jajajaj\n|c|\u2606guzmfran|Casi same team\n|inactive|guzmfran has 270 seconds left.\n|c|\u2606guzmfran|\ud83d\ude02\ud83d\ude02\n|\n|t:|1700014909\n|start\n|switch|p1a: Dondozo|Dondozo, F|100\/100\n|switch|p2a: Agamos...|Rotom-Heat|100\/100\n|turn|1\n|c|\u2606raulex902|veamos quien le sabe mejor al stall xd\n|\n|t:|1700014922\n|-terastallize|p1a: Dondozo|Fighting\n|move|p2a: Agamos...|Trick|p1a: Dondozo\n|-activate|p2a: Agamos...|move: Trick|[of] p1a: Dondozo\n|-item|p1a: Dondozo|Choice Scarf|[from] move: Trick\n|-item|p2a: Agamos...|Heavy-Duty Boots|[from] move: Trick\n|move|p1a: Dondozo|Body Press|p2a: Agamos...\n|-damage|p2a: Agamos...|43\/100\n|\n|upkeep\n|turn|2\n|\n|t:|1700014933\n|move|p2a: Agamos...|Volt Switch|p1a: Dondozo\n|-damage|p1a: Dondozo|67\/100\n|\n|t:|1700014939\n|switch|p2a: Chesnaught|Chesnaught, M, shiny|100\/100|[from] Volt Switch\n|move|p1a: Dondozo|Body Press|p2a: Chesnaught\n|-damage|p2a: Chesnaught|78\/100\n|\n|-heal|p2a: Chesnaught|84\/100|[from] item: Leftovers\n|upkeep\n|turn|3\n|\n|t:|1700014951\n|switch|p1a: Skeledirge|Skeledirge, F, shiny|100\/100\n|move|p2a: Chesnaught|Leech Seed|p1a: Skeledirge\n|-start|p1a: Skeledirge|move: Leech Seed\n|\n|-heal|p2a: Chesnaught|90\/100|[from] item: Leftovers\n|-damage|p1a: Skeledirge|88\/100|[from] Leech Seed|[of] p2a: Chesnaught\n|-heal|p2a: Chesnaught|100\/100|[silent]\n|upkeep\n|turn|4\n|\n|t:|1700014961\n|switch|p2a: Agamos...|Rotom-Heat|43\/100\n|move|p1a: Skeledirge|Torch Song|p2a: Agamos...\n|-resisted|p2a: Agamos...\n|-damage|p2a: Agamos...|24\/100\n|-boost|p1a: Skeledirge|spa|1\n|\n|-damage|p1a: Skeledirge|76\/100|[from] Leech Seed|[of] p2a: Agamos...\n|-heal|p2a: Agamos...|46\/100|[silent]\n|upkeep\n|turn|5\n|\n|t:|1700014971\n|move|p2a: Agamos...|Volt Switch|p1a: Skeledirge\n|-damage|p1a: Skeledirge|50\/100\n|\n|t:|1700014976\n|switch|p2a: Clodsire|Clodsire, M, shiny|100\/100|[from] Volt Switch\n|move|p1a: Skeledirge|Shadow Ball|p2a: Clodsire\n|-damage|p2a: Clodsire|79\/100\n|\n|-heal|p2a: Clodsire|85\/100|[from] item: Black Sludge\n|-damage|p1a: Skeledirge|38\/100|[from] Leech Seed|[of] p2a: Clodsire\n|-heal|p2a: Clodsire|96\/100|[silent]\n|upkeep\n|turn|6\n|\n|t:|1700014989\n|move|p1a: Skeledirge|Will-O-Wisp|p2a: Clodsire\n|-status|p2a: Clodsire|brn\n|move|p2a: Clodsire|Spikes|p1a: Skeledirge\n|-sidestart|p1: guzmfran|Spikes\n|\n|-heal|p2a: Clodsire|100\/100 brn|[from] item: Black Sludge\n|-damage|p1a: Skeledirge|25\/100|[from] Leech Seed|[of] p2a: Clodsire\n|-damage|p2a: Clodsire|94\/100 brn|[from] brn\n|upkeep\n|turn|7\n|\n|t:|1700014999\n|move|p1a: Skeledirge|Slack Off|p1a: Skeledirge\n|-heal|p1a: Skeledirge|75\/100\n|move|p2a: Clodsire|Spikes|p1a: Skeledirge\n|-sidestart|p1: guzmfran|Spikes\n|\n|-heal|p2a: Clodsire|100\/100 brn|[from] item: Black Sludge\n|-damage|p1a: Skeledirge|63\/100|[from] Leech Seed|[of] p2a: Clodsire\n|-damage|p2a: Clodsire|94\/100 brn|[from] brn\n|upkeep\n|turn|8\n|\n|t:|1700015009\n|switch|p1a: Gliscor|Gliscor, M|100\/100\n|move|p2a: Clodsire|Spikes|p1a: Gliscor\n|-sidestart|p1: guzmfran|Spikes\n|\n|-heal|p2a: Clodsire|100\/100 brn|[from] item: Black Sludge\n|-damage|p2a: Clodsire|94\/100 brn|[from] brn\n|-status|p1a: Gliscor|tox|[from] item: Toxic Orb\n|upkeep\n|turn|9\n|\n|t:|1700015019\n|switch|p2a: X-avier|Corviknight, M, shiny|100\/100\n|-ability|p2a: X-avier|Pressure\n|move|p1a: Gliscor|Spikes|p2a: X-avier\n|-sidestart|p2: raulex902|Spikes\n|\n|upkeep\n|turn|10\n|\n|t:|1700015030\n|move|p1a: Gliscor|Knock Off|p2a: X-avier\n|-damage|p2a: X-avier|88\/100\n|-damage|p1a: Gliscor|84\/100 tox|[from] item: Rocky Helmet|[of] p2a: X-avier\n|-enditem|p2a: X-avier|Rocky Helmet|[from] move: Knock Off|[of] p1a: Gliscor\n|move|p2a: X-avier|Brave Bird|p1a: Gliscor\n|-damage|p1a: Gliscor|60\/100 tox\n|-damage|p2a: X-avier|81\/100|[from] Recoil\n|\n|-heal|p1a: Gliscor|73\/100 tox|[from] ability: Poison Heal\n|upkeep\n|turn|11\n|\n|t:|1700015043\n|move|p1a: Gliscor|Spikes|p2a: X-avier\n|-sidestart|p2: raulex902|Spikes\n|move|p2a: X-avier|U-turn|p1a: Gliscor\n|-resisted|p1a: Gliscor\n|-damage|p1a: Gliscor|68\/100 tox\n|\n|t:|1700015046\n|switch|p2a: Agamos...|Rotom-Heat|46\/100|[from] U-turn\n|\n|-heal|p1a: Gliscor|81\/100 tox|[from] ability: Poison Heal\n|upkeep\n|turn|12\n|\n|t:|1700015055\n|move|p2a: Agamos...|Overheat|p1a: Gliscor|[miss]\n|-miss|p2a: Agamos...|p1a: Gliscor\n|move|p1a: Gliscor|Knock Off|p2a: Agamos...\n|-damage|p2a: Agamos...|15\/100\n|-enditem|p2a: Agamos...|Heavy-Duty Boots|[from] move: Knock Off|[of] p1a: Gliscor\n|\n|-heal|p1a: Gliscor|93\/100 tox|[from] ability: Poison Heal\n|upkeep\n|turn|13\n|c|\u2606raulex902|sus\n|\n|t:|1700015066\n|switch|p1a: Blissey|Blissey, F|100\/100\n|move|p2a: Agamos...|Overheat|p1a: Blissey\n|-damage|p1a: Blissey|81\/100\n|-unboost|p2a: Agamos...|spa|2\n|\n|upkeep\n|turn|14\n|\n|t:|1700015075\n|move|p2a: Agamos...|Volt Switch|p1a: Blissey\n|-damage|p1a: Blissey|75\/100\n|\n|t:|1700015080\n|switch|p2a: X-avier|Corviknight, M, shiny|81\/100|[from] Volt Switch\n|-ability|p2a: X-avier|Pressure\n|move|p1a: Blissey|Stealth Rock|p2a: X-avier\n|-sidestart|p2: raulex902|move: Stealth Rock\n|\n|upkeep\n|turn|15\n|\n|t:|1700015093\n|switch|p1a: Skeledirge|Skeledirge, F, shiny|63\/100\n|move|p2a: X-avier|Defog|p1a: Skeledirge\n|-unboost|p1a: Skeledirge|evasion|1\n|-sideend|p1: guzmfran|Spikes|[from] move: Defog|[of] p2a: X-avier\n|-sideend|p2: raulex902|Spikes|[from] move: Defog|[of] p2a: X-avier\n|-sideend|p2: raulex902|Stealth Rock|[from] move: Defog|[of] p2a: X-avier\n|\n|upkeep\n|turn|16\n|\n|t:|1700015104\n|switch|p2a: Clodsire|Clodsire, M, shiny|94\/100 brn\n|move|p1a: Skeledirge|Torch Song|p2a: Clodsire\n|-damage|p2a: Clodsire|79\/100 brn\n|-boost|p1a: Skeledirge|spa|1\n|\n|-heal|p2a: Clodsire|85\/100 brn|[from] item: Black Sludge\n|-damage|p2a: Clodsire|79\/100 brn|[from] brn\n|upkeep\n|turn|17\n|\n|t:|1700015115\n|move|p1a: Skeledirge|Slack Off|p1a: Skeledirge\n|-heal|p1a: Skeledirge|100\/100\n|move|p2a: Clodsire|Toxic|p1a: Skeledirge\n|-status|p1a: Skeledirge|tox\n|\n|-heal|p2a: Clodsire|85\/100 brn|[from] item: Black Sludge\n|-damage|p1a: Skeledirge|94\/100 tox|[from] psn\n|-damage|p2a: Clodsire|79\/100 brn|[from] brn\n|upkeep\n|turn|18\n|\n|t:|1700015127\n|switch|p1a: Gliscor|Gliscor, M|93\/100 tox\n|move|p2a: Clodsire|Spikes|p1a: Gliscor\n|-sidestart|p1: guzmfran|Spikes\n|\n|-heal|p2a: Clodsire|85\/100 brn|[from] item: Black Sludge\n|-heal|p1a: Gliscor|100\/100 tox|[from] ability: Poison Heal\n|-damage|p2a: Clodsire|79\/100 brn|[from] brn\n|upkeep\n|turn|19\n|\n|t:|1700015140\n|switch|p2a: X-avier|Corviknight, M, shiny|81\/100\n|-ability|p2a: X-avier|Pressure\n|move|p1a: Gliscor|Spikes|p2a: X-avier\n|-sidestart|p2: raulex902|Spikes\n|\n|upkeep\n|turn|20\n|\n|t:|1700015162\n|move|p1a: Gliscor|Knock Off|p2a: X-avier\n|-damage|p2a: X-avier|73\/100\n|move|p2a: X-avier|Brave Bird|p1a: Gliscor\n|-damage|p1a: Gliscor|76\/100 tox\n|-damage|p2a: X-avier|66\/100|[from] Recoil\n|\n|-heal|p1a: Gliscor|89\/100 tox|[from] ability: Poison Heal\n|upkeep\n|turn|21\n|\n|t:|1700015175\n|move|p1a: Gliscor|Knock Off|p2a: X-avier\n|-damage|p2a: X-avier|57\/100\n|move|p2a: X-avier|Defog|p1a: Gliscor\n|-unboost|p1a: Gliscor|evasion|1\n|-sideend|p1: guzmfran|Spikes|[from] move: Defog|[of] p2a: X-avier\n|-sideend|p2: raulex902|Spikes|[from] move: Defog|[of] p2a: X-avier\n|\n|-heal|p1a: Gliscor|100\/100 tox|[from] ability: Poison Heal\n|upkeep\n|turn|22\n|inactive|guzmfran has 270 seconds left.\n|\n|t:|1700015196\n|move|p1a: Gliscor|Spikes|p2a: X-avier\n|-sidestart|p2: raulex902|Spikes\n|move|p2a: X-avier|Roost|p2a: X-avier\n|-heal|p2a: X-avier|100\/100\n|-singleturn|p2a: X-avier|move: Roost\n|\n|upkeep\n|turn|23\n|inactive|guzmfran has 270 seconds left.\n|\n|t:|1700015206\n|move|p1a: Gliscor|Knock Off|p2a: X-avier\n|-damage|p2a: X-avier|91\/100\n|move|p2a: X-avier|U-turn|p1a: Gliscor\n|-resisted|p1a: Gliscor\n|-crit|p1a: Gliscor\n|-damage|p1a: Gliscor|93\/100 tox\n|c|\u2606raulex902|una lastima que este team no sea post home\n|inactive|raulex902 has 270 seconds left.\n|c|\u2606raulex902|digo ddigo dlc xd\n|\n|t:|1700015239\n|switch|p2a: Agamos...|Rotom-Heat|15\/100|[from] U-turn\n|\n|-heal|p1a: Gliscor|100\/100 tox|[from] ability: Poison Heal\n|upkeep\n|turn|24\n|\n|t:|1700015247\n|move|p2a: Agamos...|Overheat|p1a: Gliscor\n|-damage|p1a: Gliscor|23\/100 tox\n|-unboost|p2a: Agamos...|spa|2\n|move|p1a: Gliscor|Knock Off|p2a: Agamos...\n|-damage|p2a: Agamos...|0 fnt\n|faint|p2a: Agamos...\n|\n|-heal|p1a: Gliscor|36\/100 tox|[from] ability: Poison Heal\n|upkeep\n|inactive|raulex902 has 270 seconds left.\n|\n|t:|1700015269\n|switch|p2a: X-avier|Corviknight, M, shiny|91\/100\n|-ability|p2a: X-avier|Pressure\n|turn|25\n|\n|t:|1700015279\n|move|p1a: Gliscor|Protect|p1a: Gliscor\n|-singleturn|p1a: Gliscor|Protect\n|move|p2a: X-avier|Brave Bird|p1a: Gliscor\n|-activate|p1a: Gliscor|move: Protect\n|\n|-heal|p1a: Gliscor|48\/100 tox|[from] ability: Poison Heal\n|upkeep\n|turn|26\n|\n|t:|1700015292\n|switch|p1a: Clefable|Clefable, M, shiny|100\/100\n|move|p2a: X-avier|Brave Bird|p1a: Clefable\n|-damage|p1a: Clefable|70\/100\n|-damage|p2a: X-avier|81\/100|[from] Recoil\n|\n|-heal|p1a: Clefable|76\/100|[from] item: Leftovers\n|upkeep\n|turn|27\n|\n|t:|1700015302\n|move|p1a: Clefable|Wish|p1a: Clefable\n|move|p2a: X-avier|U-turn|p1a: Clefable\n|-resisted|p1a: Clefable\n|-damage|p1a: Clefable|71\/100\n|\n|t:|1700015305\n|switch|p2a: Chesnaught|Chesnaught, M, shiny|100\/100|[from] U-turn\n|-damage|p2a: Chesnaught|88\/100|[from] Spikes\n|\n|-heal|p2a: Chesnaught|94\/100|[from] item: Leftovers\n|-heal|p1a: Clefable|77\/100|[from] item: Leftovers\n|upkeep\n|turn|28\n|\n|t:|1700015315\n|move|p2a: Chesnaught|Leech Seed|p1a: Clefable\n|-start|p1a: Clefable|move: Leech Seed\n|move|p1a: Clefable|Moonblast|p2a: Chesnaught\n|-supereffective|p2a: Chesnaught\n|-damage|p2a: Chesnaught|19\/100\n|-unboost|p2a: Chesnaught|spa|1\n|\n|-heal|p1a: Clefable|100\/100|[from] move: Wish|[wisher] Clefable\n|-heal|p2a: Chesnaught|25\/100|[from] item: Leftovers\n|upkeep\n|turn|29\n|\n|t:|1700015326\n|move|p2a: Chesnaught|Spiky Shield|p2a: Chesnaught\n|-singleturn|p2a: Chesnaught|move: Protect\n|move|p1a: Clefable|Moonblast|p2a: Chesnaught\n|-activate|p2a: Chesnaught|move: Protect\n|\n|-heal|p2a: Chesnaught|32\/100|[from] item: Leftovers\n|upkeep\n|turn|30\n|\n|t:|1700015340\n|switch|p2a: Huevona|Blissey, F, shiny|100\/100\n|move|p1a: Clefable|Moonblast|p2a: Huevona\n|-damage|p2a: Huevona|91\/100\n|\n|upkeep\n|turn|31\n|\n|t:|1700015346\n|move|p1a: Clefable|Wish|p1a: Clefable\n|move|p2a: Huevona|Stealth Rock|p1a: Clefable\n|-sidestart|p1: guzmfran|move: Stealth Rock\n|\n|upkeep\n|turn|32\n|\n|t:|1700015353\n|switch|p1a: Gliscor|Gliscor, M|48\/100 tox\n|-damage|p1a: Gliscor|36\/100 tox|[from] Stealth Rock\n|move|p2a: Huevona|Seismic Toss|p1a: Gliscor\n|-damage|p1a: Gliscor|7\/100 tox\n|\n|-heal|p1a: Gliscor|63\/100 tox|[from] move: Wish|[wisher] Clefable\n|-heal|p1a: Gliscor|75\/100 tox|[from] ability: Poison Heal\n|upkeep\n|turn|33\n|\n|t:|1700015365\n|switch|p2a: X-avier|Corviknight, M, shiny|81\/100\n|-ability|p2a: X-avier|Pressure\n|move|p1a: Gliscor|Toxic|p2a: X-avier\n|-immune|p2a: X-avier\n|\n|-heal|p1a: Gliscor|88\/100 tox|[from] ability: Poison Heal\n|upkeep\n|turn|34\n|\n|t:|1700015383\n|move|p1a: Gliscor|Protect|p1a: Gliscor\n|-singleturn|p1a: Gliscor|Protect\n|move|p2a: X-avier|Defog|p1a: Gliscor\n|-activate|p1a: Gliscor|move: Protect\n|\n|-heal|p1a: Gliscor|99\/100 tox|[from] ability: Poison Heal\n|upkeep\n|turn|35\n|\n|t:|1700015391\n|move|p1a: Gliscor|Knock Off|p2a: X-avier\n|-damage|p2a: X-avier|72\/100\n|move|p2a: X-avier|U-turn|p1a: Gliscor\n|-resisted|p1a: Gliscor\n|-damage|p1a: Gliscor|96\/100 tox\n|\n|t:|1700015395\n|switch|p2a: Chesnaught|Chesnaught, M, shiny|32\/100|[from] U-turn\n|-damage|p2a: Chesnaught|19\/100|[from] Spikes\n|\n|-heal|p2a: Chesnaught|25\/100|[from] item: Leftovers\n|-heal|p1a: Gliscor|100\/100 tox|[from] ability: Poison Heal\n|upkeep\n|turn|36\n|\n|t:|1700015404\n|switch|p1a: Clefable|Clefable, M, shiny|100\/100\n|move|p2a: Chesnaught|Spiky Shield||[still]\n|-fail|p2a: Chesnaught\n|\n|-heal|p2a: Chesnaught|31\/100|[from] item: Leftovers\n|upkeep\n|turn|37\n|\n|t:|1700015415\n|move|p2a: Chesnaught|Spiky Shield|p2a: Chesnaught\n|-singleturn|p2a: Chesnaught|move: Protect\n|move|p1a: Clefable|Moonblast|p2a: Chesnaught\n|-activate|p2a: Chesnaught|move: Protect\n|\n|-heal|p2a: Chesnaught|37\/100|[from] item: Leftovers\n|upkeep\n|turn|38\n|\n|t:|1700015425\n|switch|p2a: Huevona|Blissey, F, shiny|91\/100\n|move|p1a: Clefable|Wish|p1a: Clefable\n|\n|upkeep\n|turn|39\n|\n|t:|1700015434\n|switch|p1a: Blissey|Blissey, F|75\/100\n|move|p2a: Huevona|Seismic Toss|p1a: Blissey\n|-damage|p1a: Blissey|60\/100\n|\n|-heal|p1a: Blissey|90\/100|[from] move: Wish|[wisher] Clefable\n|upkeep\n|turn|40\n|\n|t:|1700015446\n|switch|p2a: Chesnaught|Chesnaught, M, shiny|37\/100\n|-damage|p2a: Chesnaught|25\/100|[from] Spikes\n|move|p1a: Blissey|Stealth Rock|p2a: Chesnaught\n|-sidestart|p2: raulex902|move: Stealth Rock\n|\n|-heal|p2a: Chesnaught|31\/100|[from] item: Leftovers\n|upkeep\n|turn|41\n|\n|t:|1700015458\n|switch|p1a: Clefable|Clefable, M, shiny|100\/100\n|move|p2a: Chesnaught|Body Press|p1a: Clefable\n|-resisted|p1a: Clefable\n|-damage|p1a: Clefable|85\/100\n|\n|-heal|p2a: Chesnaught|37\/100|[from] item: Leftovers\n|-heal|p1a: Clefable|91\/100|[from] item: Leftovers\n|upkeep\n|turn|42\n|\n|t:|1700015476\n|move|p2a: Chesnaught|Spiky Shield|p2a: Chesnaught\n|-singleturn|p2a: Chesnaught|move: Protect\n|move|p1a: Clefable|Moonblast|p2a: Chesnaught\n|-activate|p2a: Chesnaught|move: Protect\n|\n|-heal|p2a: Chesnaught|43\/100|[from] item: Leftovers\n|-heal|p1a: Clefable|97\/100|[from] item: Leftovers\n|upkeep\n|turn|43\n|\n|t:|1700015488\n|switch|p2a: Huevona|Blissey, F, shiny|91\/100\n|move|p1a: Clefable|Wish|p1a: Clefable\n|\n|-heal|p1a: Clefable|100\/100|[from] item: Leftovers\n|upkeep\n|turn|44\n|\n|t:|1700015495\n|switch|p1a: Dondozo|Dondozo, F, tera:Fighting|67\/100\n|-damage|p1a: Dondozo|60\/100|[from] Stealth Rock\n|move|p2a: Huevona|Thunder Wave|p1a: Dondozo\n|-status|p1a: Dondozo|par\n|\n|-heal|p1a: Dondozo|99\/100 par|[from] move: Wish|[wisher] Clefable\n|upkeep\n|turn|45\n|\n|t:|1700015505\n|switch|p2a: X-avier|Corviknight, M, shiny|72\/100\n|-damage|p2a: X-avier|60\/100|[from] Stealth Rock\n|-ability|p2a: X-avier|Pressure\n|cant|p1a: Dondozo|par\n|\n|upkeep\n|turn|46\n|\n|t:|1700015513\n|move|p2a: X-avier|Roost|p2a: X-avier\n|-heal|p2a: X-avier|100\/100\n|-singleturn|p2a: X-avier|move: Roost\n|move|p1a: Dondozo|Body Press|p2a: X-avier\n|-supereffective|p2a: X-avier\n|-damage|p2a: X-avier|50\/100\n|\n|upkeep\n|turn|47\n|\n|t:|1700015522\n|move|p2a: X-avier|Defog|p1a: Dondozo\n|-unboost|p1a: Dondozo|evasion|1\n|-sideend|p1: guzmfran|Stealth Rock|[from] move: Defog|[of] p2a: X-avier\n|-sideend|p2: raulex902|Spikes|[from] move: Defog|[of] p2a: X-avier\n|-sideend|p2: raulex902|Stealth Rock|[from] move: Defog|[of] p2a: X-avier\n|move|p1a: Dondozo|Body Press|p2a: X-avier\n|-damage|p2a: X-avier|26\/100\n|\n|upkeep\n|turn|48\n|\n|t:|1700015530\n|move|p2a: X-avier|U-turn|p1a: Dondozo\n|-resisted|p1a: Dondozo\n|-damage|p1a: Dondozo|96\/100 par\n|\n|t:|1700015536\n|switch|p2a: Clodsire|Clodsire, M, shiny|79\/100 brn|[from] U-turn\n|move|p1a: Dondozo|Body Press|p2a: Clodsire\n|-resisted|p2a: Clodsire\n|-damage|p2a: Clodsire|54\/100 brn\n|\n|-heal|p2a: Clodsire|60\/100 brn|[from] item: Black Sludge\n|-damage|p2a: Clodsire|54\/100 brn|[from] brn\n|upkeep\n|turn|49\n|\n|t:|1700015548\n|switch|p1a: Gliscor|Gliscor, M|100\/100 tox\n|move|p2a: Clodsire|Recover|p2a: Clodsire\n|-heal|p2a: Clodsire|100\/100 brn\n|\n|-damage|p2a: Clodsire|94\/100 brn|[from] brn\n|upkeep\n|turn|50\n|\n|t:|1700015558\n|move|p1a: Gliscor|Knock Off|p2a: Clodsire\n|-damage|p2a: Clodsire|69\/100 brn\n|-enditem|p2a: Clodsire|Black Sludge|[from] move: Knock Off|[of] p1a: Gliscor\n|move|p2a: Clodsire|Spikes|p1a: Gliscor\n|-sidestart|p1: guzmfran|Spikes\n|\n|-damage|p2a: Clodsire|63\/100 brn|[from] brn\n|upkeep\n|turn|51\n|\n|t:|1700015567\n|move|p1a: Gliscor|Spikes|p2a: Clodsire\n|-sidestart|p2: raulex902|Spikes\n|move|p2a: Clodsire|Spikes|p1a: Gliscor\n|-sidestart|p1: guzmfran|Spikes\n|\n|-damage|p2a: Clodsire|57\/100 brn|[from] brn\n|upkeep\n|turn|52\n|\n|t:|1700015577\n|switch|p1a: Blissey|Blissey, F|90\/100\n|move|p2a: Clodsire|Recover|p2a: Clodsire\n|-heal|p2a: Clodsire|100\/100 brn\n|\n|-damage|p2a: Clodsire|94\/100 brn|[from] brn\n|upkeep\n|turn|53\n|\n|t:|1700015585\n|move|p1a: Blissey|Stealth Rock|p2a: Clodsire\n|-sidestart|p2: raulex902|move: Stealth Rock\n|move|p2a: Clodsire|Toxic|p1a: Blissey\n|-status|p1a: Blissey|tox\n|\n|-damage|p1a: Blissey|84\/100 tox|[from] psn\n|-damage|p2a: Clodsire|88\/100 brn|[from] brn\n|upkeep\n|turn|54\n|\n|t:|1700015601\n|-curestatus|p1a: Blissey|tox|[from] ability: Natural Cure\n|switch|p1a: Gliscor|Gliscor, M|100\/100 tox\n|switch|p2a: X-avier|Corviknight, M, shiny|26\/100\n|-damage|p2a: X-avier|14\/100|[from] Stealth Rock\n|-ability|p2a: X-avier|Pressure\n|\n|upkeep\n|turn|55\n|\n|t:|1700015611\n|move|p1a: Gliscor|Knock Off|p2a: X-avier\n|-damage|p2a: X-avier|5\/100\n|move|p2a: X-avier|Roost|p2a: X-avier\n|-heal|p2a: X-avier|55\/100\n|-singleturn|p2a: X-avier|move: Roost\n|\n|upkeep\n|turn|56\n|\n|t:|1700015618\n|switch|p1a: Chesnaught|Chesnaught, M, shiny|100\/100\n|move|p2a: X-avier|Roost|p2a: X-avier\n|-heal|p2a: X-avier|100\/100\n|-singleturn|p2a: X-avier|move: Roost\n|\n|upkeep\n|turn|57\n|\n|t:|1700015629\n|switch|p1a: Clefable|Clefable, M, shiny|100\/100\n|move|p2a: X-avier|Defog|p1a: Clefable\n|-unboost|p1a: Clefable|evasion|1\n|-sideend|p1: guzmfran|Spikes|[from] move: Defog|[of] p2a: X-avier\n|-sideend|p2: raulex902|Spikes|[from] move: Defog|[of] p2a: X-avier\n|-sideend|p2: raulex902|Stealth Rock|[from] move: Defog|[of] p2a: X-avier\n|\n|upkeep\n|turn|58\n|\n|t:|1700015643\n|switch|p2a: Huevona|Blissey, F, shiny|91\/100\n|move|p1a: Clefable|Wish|p1a: Clefable\n|\n|upkeep\n|turn|59\n|\n|t:|1700015655\n|switch|p1a: Dondozo|Dondozo, F, tera:Fighting|96\/100 par\n|move|p2a: Huevona|Stealth Rock|p1a: Dondozo\n|-sidestart|p1: guzmfran|move: Stealth Rock\n|\n|-heal|p1a: Dondozo|100\/100 par|[from] move: Wish|[wisher] Clefable\n|upkeep\n|turn|60\n|\n|t:|1700015666\n|switch|p2a: Clodsire|Clodsire, M, shiny|88\/100 brn\n|move|p1a: Dondozo|Body Press|p2a: Clodsire\n|-resisted|p2a: Clodsire\n|-damage|p2a: Clodsire|66\/100 brn\n|\n|-damage|p2a: Clodsire|60\/100 brn|[from] brn\n|upkeep\n|turn|61\n|c|\u2606raulex902|esto va para largo xd\n|\n|t:|1700015689\n|switch|p1a: Blissey|Blissey, F|84\/100\n|move|p2a: Clodsire|Recover|p2a: Clodsire\n|-heal|p2a: Clodsire|100\/100 brn\n|\n|-damage|p2a: Clodsire|94\/100 brn|[from] brn\n|upkeep\n|turn|62\n|\n|t:|1700015697\n|switch|p2a: Chesnaught|Chesnaught, M, shiny|43\/100\n|move|p1a: Blissey|Stealth Rock|p2a: Chesnaught\n|-sidestart|p2: raulex902|move: Stealth Rock\n|\n|-heal|p2a: Chesnaught|49\/100|[from] item: Leftovers\n|upkeep\n|turn|63\n|\n|t:|1700015707\n|switch|p1a: Clefable|Clefable, M, shiny|100\/100\n|move|p2a: Chesnaught|Body Press|p1a: Clefable\n|-resisted|p1a: Clefable\n|-damage|p1a: Clefable|85\/100\n|\n|-heal|p2a: Chesnaught|55\/100|[from] item: Leftovers\n|-heal|p1a: Clefable|91\/100|[from] item: Leftovers\n|upkeep\n|turn|64\n|\n|t:|1700015717\n|move|p2a: Chesnaught|Spiky Shield|p2a: Chesnaught\n|-singleturn|p2a: Chesnaught|move: Protect\n|move|p1a: Clefable|Calm Mind|p1a: Clefable\n|-boost|p1a: Clefable|spa|1\n|-boost|p1a: Clefable|spd|1\n|\n|-heal|p2a: Chesnaught|61\/100|[from] item: Leftovers\n|-heal|p1a: Clefable|97\/100|[from] item: Leftovers\n|upkeep\n|turn|65\n|\n|t:|1700015728\n|switch|p2a: Huevona|Blissey, F, shiny|91\/100\n|move|p1a: Clefable|Moonblast|p2a: Huevona\n|-damage|p2a: Huevona|77\/100\n|-unboost|p2a: Huevona|spa|1\n|\n|-heal|p1a: Clefable|100\/100|[from] item: Leftovers\n|upkeep\n|turn|66\n|\n|t:|1700015742\n|switch|p1a: Skeledirge|Skeledirge, F, shiny|94\/100 tox\n|move|p2a: Huevona|Thunder Wave||[still]\n|-fail|p2a: Huevona\n|\n|-damage|p1a: Skeledirge|88\/100 tox|[from] psn\n|upkeep\n|turn|67\n|\n|t:|1700015752\n|move|p1a: Skeledirge|Torch Song|p2a: Huevona\n|-damage|p2a: Huevona|69\/100\n|-boost|p1a: Skeledirge|spa|1\n|move|p2a: Huevona|Soft-Boiled|p2a: Huevona\n|-heal|p2a: Huevona|100\/100\n|\n|-damage|p1a: Skeledirge|76\/100 tox|[from] psn\n|upkeep\n|turn|68\n|\n|t:|1700015767\n|switch|p2a: MiCaraCuando|Quagsire, M, shiny|100\/100\n|-damage|p2a: MiCaraCuando|94\/100|[from] Stealth Rock\n|move|p1a: Skeledirge|Will-O-Wisp|p2a: MiCaraCuando\n|-status|p2a: MiCaraCuando|brn\n|\n|-damage|p1a: Skeledirge|58\/100 tox|[from] psn\n|-damage|p2a: MiCaraCuando|88\/100 brn|[from] brn\n|upkeep\n|turn|69\n|\n|t:|1700015783\n|switch|p1a: Gliscor|Gliscor, M|100\/100 tox\n|-damage|p1a: Gliscor|88\/100 tox|[from] Stealth Rock\n|move|p2a: MiCaraCuando|Curse|p2a: MiCaraCuando\n|-unboost|p2a: MiCaraCuando|spe|1\n|-boost|p2a: MiCaraCuando|atk|1\n|-boost|p2a: MiCaraCuando|def|1\n|\n|-heal|p1a: Gliscor|100\/100 tox|[from] ability: Poison Heal\n|-damage|p2a: MiCaraCuando|82\/100 brn|[from] brn\n|upkeep\n|turn|70\n|\n|t:|1700015796\n|switch|p2a: X-avier|Corviknight, M, shiny|100\/100\n|-damage|p2a: X-avier|88\/100|[from] Stealth Rock\n|-ability|p2a: X-avier|Pressure\n|move|p1a: Gliscor|Knock Off|p2a: X-avier\n|-damage|p2a: X-avier|80\/100\n|\n|upkeep\n|turn|71\n|\n|t:|1700015808\n|switch|p1a: Clefable|Clefable, M, shiny|100\/100\n|move|p2a: X-avier|Defog|p1a: Clefable\n|-unboost|p1a: Clefable|evasion|1\n|-sideend|p1: guzmfran|Stealth Rock|[from] move: Defog|[of] p2a: X-avier\n|-sideend|p2: raulex902|Stealth Rock|[from] move: Defog|[of] p2a: X-avier\n|\n|upkeep\n|turn|72\n|\n|t:|1700015817\n|move|p1a: Clefable|Wish|p1a: Clefable\n|move|p2a: X-avier|Brave Bird|p1a: Clefable\n|-damage|p1a: Clefable|74\/100\n|-damage|p2a: X-avier|71\/100|[from] Recoil\n|\n|-heal|p1a: Clefable|80\/100|[from] item: Leftovers\n|upkeep\n|turn|73\n|\n|t:|1700015829\n|switch|p1a: Skeledirge|Skeledirge, F, shiny|58\/100 tox\n|move|p2a: X-avier|U-turn|p1a: Skeledirge\n|-resisted|p1a: Skeledirge\n|-damage|p1a: Skeledirge|55\/100 tox\n|\n|t:|1700015842\n|switch|p2a: Huevona|Blissey, F, shiny|100\/100|[from] U-turn\n|\n|-heal|p1a: Skeledirge|100\/100 tox|[from] move: Wish|[wisher] Clefable\n|-damage|p1a: Skeledirge|94\/100 tox|[from] psn\n|upkeep\n|turn|74\n|\n|t:|1700015851\n|switch|p1a: Dondozo|Dondozo, F, tera:Fighting|100\/100 par\n|move|p2a: Huevona|Stealth Rock|p1a: Dondozo\n|-sidestart|p1: guzmfran|move: Stealth Rock\n|\n|upkeep\n|turn|75\n|\n|t:|1700015859\n|switch|p2a: MiCaraCuando|Quagsire, M, shiny|82\/100 brn\n|move|p1a: Dondozo|Liquidation|p2a: MiCaraCuando\n|-damage|p2a: MiCaraCuando|60\/100 brn\n|\n|-damage|p2a: MiCaraCuando|54\/100 brn|[from] brn\n|upkeep\n|turn|76\n|\n|t:|1700015868\n|move|p2a: MiCaraCuando|Recover|p2a: MiCaraCuando\n|-heal|p2a: MiCaraCuando|100\/100 brn\n|cant|p1a: Dondozo|par\n|\n|-damage|p2a: MiCaraCuando|94\/100 brn|[from] brn\n|upkeep\n|turn|77\n|\n|t:|1700015875\n|move|p2a: MiCaraCuando|Curse|p2a: MiCaraCuando\n|-unboost|p2a: MiCaraCuando|spe|1\n|-boost|p2a: MiCaraCuando|atk|1\n|-boost|p2a: MiCaraCuando|def|1\n|move|p1a: Dondozo|Liquidation|p2a: MiCaraCuando\n|-damage|p2a: MiCaraCuando|72\/100 brn\n|\n|-damage|p2a: MiCaraCuando|66\/100 brn|[from] brn\n|upkeep\n|turn|78\n|\n|t:|1700015892\n|switch|p2a: Chesnaught|Chesnaught, M, shiny|61\/100\n|cant|p1a: Dondozo|par\n|\n|-heal|p2a: Chesnaught|67\/100|[from] item: Leftovers\n|upkeep\n|turn|79\n|\n|t:|1700015900\n|switch|p1a: Clefable|Clefable, M, shiny|80\/100\n|move|p2a: Chesnaught|Seed Bomb|p1a: Clefable\n|-crit|p1a: Clefable\n|-damage|p1a: Clefable|48\/100\n|\n|-heal|p2a: Chesnaught|73\/100|[from] item: Leftovers\n|-heal|p1a: Clefable|54\/100|[from] item: Leftovers\n|upkeep\n|turn|80\n|\n|t:|1700015910\n|switch|p2a: Huevona|Blissey, F, shiny|100\/100\n|move|p1a: Clefable|Moonblast|p2a: Huevona\n|-damage|p2a: Huevona|92\/100\n|\n|-heal|p1a: Clefable|60\/100|[from] item: Leftovers\n|upkeep\n|turn|81\n|\n|t:|1700015918\n|move|p1a: Clefable|Wish|p1a: Clefable\n|move|p2a: Huevona|Thunder Wave|p1a: Clefable\n|-status|p1a: Clefable|par\n|\n|-heal|p1a: Clefable|66\/100 par|[from] item: Leftovers\n|upkeep\n|turn|82\n|\n|t:|1700015925\n|move|p2a: Huevona|Seismic Toss|p1a: Clefable\n|-damage|p1a: Clefable|41\/100 par\n|move|p1a: Clefable|Moonblast|p2a: Huevona\n|-damage|p2a: Huevona|82\/100\n|-unboost|p2a: Huevona|spa|1\n|\n|-heal|p1a: Clefable|91\/100 par|[from] move: Wish|[wisher] Clefable\n|-heal|p1a: Clefable|97\/100 par|[from] item: Leftovers\n|upkeep\n|turn|83\n|\n|t:|1700015937\n|move|p2a: Huevona|Seismic Toss|p1a: Clefable\n|-damage|p1a: Clefable|72\/100 par\n|move|p1a: Clefable|Wish|p1a: Clefable\n|\n|-heal|p1a: Clefable|78\/100 par|[from] item: Leftovers\n|upkeep\n|turn|84\n|\n|t:|1700015951\n|switch|p1a: Blissey|Blissey, F|84\/100\n|move|p2a: Huevona|Seismic Toss|p1a: Blissey\n|-damage|p1a: Blissey|69\/100\n|\n|-heal|p1a: Blissey|99\/100|[from] move: Wish|[wisher] Clefable\n|upkeep\n|turn|85\n|\n|t:|1700015961\n|switch|p2a: Clodsire|Clodsire, M, shiny|94\/100 brn\n|move|p1a: Blissey|Stealth Rock|p2a: Clodsire\n|-sidestart|p2: raulex902|move: Stealth Rock\n|\n|-damage|p2a: Clodsire|88\/100 brn|[from] brn\n|upkeep\n|turn|86\n|\n|t:|1700015973\n|move|p1a: Blissey|Stealth Rock||[still]\n|-fail|p1a: Blissey\n|move|p2a: Clodsire|Spikes|p1a: Blissey\n|-sidestart|p1: guzmfran|Spikes\n|\n|-damage|p2a: Clodsire|82\/100 brn|[from] brn\n|upkeep\n|turn|87\n|\n|t:|1700015981\n|switch|p1a: Dondozo|Dondozo, F, tera:Fighting|100\/100 par\n|-damage|p1a: Dondozo|94\/100 par|[from] Stealth Rock\n|-damage|p1a: Dondozo|82\/100 par|[from] Spikes\n|move|p2a: Clodsire|Spikes|p1a: Dondozo\n|-sidestart|p1: guzmfran|Spikes\n|\n|-damage|p2a: Clodsire|75\/100 brn|[from] brn\n|upkeep\n|turn|88\n|\n|t:|1700015990\n|move|p1a: Dondozo|Liquidation|p2a: Clodsire\n|-heal|p2a: Clodsire|100\/100 brn|[from] ability: Water Absorb|[of] p1a: Dondozo\n|move|p2a: Clodsire|Spikes|p1a: Dondozo\n|-sidestart|p1: guzmfran|Spikes\n|\n|-damage|p2a: Clodsire|94\/100 brn|[from] brn\n|upkeep\n|turn|89\n|\n|t:|1700016001\n|switch|p1a: Gliscor|Gliscor, M|100\/100 tox\n|-damage|p1a: Gliscor|88\/100 tox|[from] Stealth Rock\n|switch|p2a: X-avier|Corviknight, M, shiny|71\/100\n|-damage|p2a: X-avier|59\/100|[from] Stealth Rock\n|-ability|p2a: X-avier|Pressure\n|\n|-heal|p1a: Gliscor|100\/100 tox|[from] ability: Poison Heal\n|upkeep\n|turn|90\n|\n|t:|1700016012\n|move|p1a: Gliscor|Knock Off|p2a: X-avier\n|-damage|p2a: X-avier|50\/100\n|move|p2a: X-avier|Roost|p2a: X-avier\n|-heal|p2a: X-avier|99\/100\n|-singleturn|p2a: X-avier|move: Roost\n|\n|upkeep\n|turn|91\n|\n|t:|1700016028\n|move|p1a: Gliscor|Spikes|p2a: X-avier\n|-sidestart|p2: raulex902|Spikes\n|move|p2a: X-avier|U-turn|p1a: Gliscor\n|-resisted|p1a: Gliscor\n|-damage|p1a: Gliscor|96\/100 tox\n|c|\u2606guzmfran|Los mvp del stall\n|c|\u2606guzmfran|Hell yeah baby\n|\n|t:|1700016036\n|switch|p2a: Chesnaught|Chesnaught, M, shiny|73\/100|[from] U-turn\n|-damage|p2a: Chesnaught|67\/100|[from] Stealth Rock\n|-damage|p2a: Chesnaught|55\/100|[from] Spikes\n|\n|-heal|p2a: Chesnaught|61\/100|[from] item: Leftovers\n|-heal|p1a: Gliscor|100\/100 tox|[from] ability: Poison Heal\n|upkeep\n|turn|92\n|c|\u2606raulex902|lit xd\n|\n|t:|1700016048\n|move|p2a: Chesnaught|Spiky Shield|p2a: Chesnaught\n|-singleturn|p2a: Chesnaught|move: Protect\n|move|p1a: Gliscor|Toxic|p2a: Chesnaught\n|-activate|p2a: Chesnaught|move: Protect\n|\n|-heal|p2a: Chesnaught|67\/100|[from] item: Leftovers\n|upkeep\n|turn|93\n|\n|t:|1700016058\n|switch|p2a: X-avier|Corviknight, M, shiny|99\/100\n|-damage|p2a: X-avier|88\/100|[from] Stealth Rock\n|-ability|p2a: X-avier|Pressure\n|move|p1a: Gliscor|Toxic|p2a: X-avier\n|-immune|p2a: X-avier\n|\n|upkeep\n|turn|94\n|\n|t:|1700016069\n|move|p1a: Gliscor|Spikes|p2a: X-avier\n|-sidestart|p2: raulex902|Spikes\n|move|p2a: X-avier|Defog|p1a: Gliscor\n|-unboost|p1a: Gliscor|evasion|1\n|-sideend|p1: guzmfran|Spikes|[from] move: Defog|[of] p2a: X-avier\n|-sideend|p1: guzmfran|Stealth Rock|[from] move: Defog|[of] p2a: X-avier\n|-sideend|p2: raulex902|Spikes|[from] move: Defog|[of] p2a: X-avier\n|-sideend|p2: raulex902|Stealth Rock|[from] move: Defog|[of] p2a: X-avier\n|\n|upkeep\n|turn|95\n|c|\u2606raulex902|que me falte de todo menos los pp\n|\n|t:|1700016083\n|move|p1a: Gliscor|Spikes|p2a: X-avier\n|-sidestart|p2: raulex902|Spikes\n|move|p2a: X-avier|Brave Bird|p1a: Gliscor\n|-damage|p1a: Gliscor|78\/100 tox\n|-damage|p2a: X-avier|81\/100|[from] Recoil\n|\n|-heal|p1a: Gliscor|90\/100 tox|[from] ability: Poison Heal\n|upkeep\n|turn|96\n|c|\u2606guzmfran|Jajja si xd\n|\n|t:|1700016093\n|move|p1a: Gliscor|Spikes|p2a: X-avier\n|-sidestart|p2: raulex902|Spikes\n|move|p2a: X-avier|Defog|p1a: Gliscor\n|-unboost|p1a: Gliscor|evasion|1\n|-sideend|p2: raulex902|Spikes|[from] move: Defog|[of] p2a: X-avier\n|\n|-heal|p1a: Gliscor|100\/100 tox|[from] ability: Poison Heal\n|upkeep\n|turn|97\n|\n|t:|1700016112\n|switch|p1a: Skeledirge|Skeledirge, F, shiny|94\/100 tox\n|move|p2a: X-avier|U-turn|p1a: Skeledirge\n|-resisted|p1a: Skeledirge\n|-damage|p1a: Skeledirge|92\/100 tox\n|\n|t:|1700016116\n|switch|p2a: MiCaraCuando|Quagsire, M, shiny|66\/100 brn|[from] U-turn\n|\n|-damage|p1a: Skeledirge|86\/100 tox|[from] psn\n|-damage|p2a: MiCaraCuando|60\/100 brn|[from] brn\n|upkeep\n|turn|98\n|\n|t:|1700016123\n|move|p1a: Skeledirge|Shadow Ball|p2a: MiCaraCuando\n|-crit|p2a: MiCaraCuando\n|-damage|p2a: MiCaraCuando|3\/100 brn\n|move|p2a: MiCaraCuando|Recover|p2a: MiCaraCuando\n|-heal|p2a: MiCaraCuando|53\/100 brn\n|\n|-damage|p1a: Skeledirge|74\/100 tox|[from] psn\n|-damage|p2a: MiCaraCuando|47\/100 brn|[from] brn\n|upkeep\n|turn|99\n|\n|t:|1700016135\n|move|p1a: Skeledirge|Shadow Ball|p2a: MiCaraCuando\n|-damage|p2a: MiCaraCuando|11\/100 brn\n|move|p2a: MiCaraCuando|Recover|p2a: MiCaraCuando\n|-heal|p2a: MiCaraCuando|61\/100 brn\n|\n|-damage|p1a: Skeledirge|55\/100 tox|[from] psn\n|-damage|p2a: MiCaraCuando|55\/100 brn|[from] brn\n|upkeep\n|turn|100\n|\n|t:|1700016145\n|switch|p1a: Clefable|Clefable, M, shiny|78\/100 par\n|move|p2a: MiCaraCuando|Recover|p2a: MiCaraCuando\n|-heal|p2a: MiCaraCuando|100\/100 brn\n|\n|-heal|p1a: Clefable|84\/100 par|[from] item: Leftovers\n|-damage|p2a: MiCaraCuando|94\/100 brn|[from] brn\n|upkeep\n|turn|101\n|\n|t:|1700016154\n|switch|p2a: Huevona|Blissey, F, shiny|82\/100\n|move|p1a: Clefable|Wish|p1a: Clefable\n|\n|-heal|p1a: Clefable|90\/100 par|[from] item: Leftovers\n|upkeep\n|turn|102\n|c|\u2606raulex902|creo que a largo plazo gano yo ammnos que la caggue\n|\n|t:|1700016180\n|switch|p1a: Chesnaught|Chesnaught, M, shiny|100\/100\n|move|p2a: Huevona|Seismic Toss|p1a: Chesnaught\n|-damage|p1a: Chesnaught|74\/100\n|\n|-heal|p1a: Chesnaught|100\/100|[from] move: Wish|[wisher] Clefable\n|upkeep\n|turn|103\n|\n|t:|1700016193\n|switch|p2a: Clodsire|Clodsire, M, shiny|94\/100 brn\n|move|p1a: Chesnaught|Body Press|p2a: Clodsire\n|-resisted|p2a: Clodsire\n|-damage|p2a: Clodsire|71\/100 brn\n|\n|-damage|p2a: Clodsire|65\/100 brn|[from] brn\n|upkeep\n|turn|104\n|\n|t:|1700016213\n|switch|p1a: Gliscor|Gliscor, M|100\/100 tox\n|move|p2a: Clodsire|Toxic|p1a: Gliscor\n|-fail|p1a: Gliscor|tox\n|\n|-damage|p2a: Clodsire|59\/100 brn|[from] brn\n|upkeep\n|turn|105\n|\n|t:|1700016221\n|switch|p1a: Blissey|Blissey, F|99\/100\n|move|p2a: Clodsire|Recover|p2a: Clodsire\n|-heal|p2a: Clodsire|100\/100 brn\n|\n|-damage|p2a: Clodsire|94\/100 brn|[from] brn\n|upkeep\n|turn|106\n|\n|t:|1700016230\n|move|p1a: Blissey|Stealth Rock|p2a: Clodsire\n|-sidestart|p2: raulex902|move: Stealth Rock\n|move|p2a: Clodsire|Toxic|p1a: Blissey\n|-status|p1a: Blissey|tox\n|\n|-damage|p1a: Blissey|93\/100 tox|[from] psn\n|-damage|p2a: Clodsire|88\/100 brn|[from] brn\n|upkeep\n|turn|107\n|\n|t:|1700016240\n|-curestatus|p1a: Blissey|tox|[from] ability: Natural Cure\n|switch|p1a: Clefable|Clefable, M, shiny|90\/100 par\n|move|p2a: Clodsire|Earthquake|p1a: Clefable\n|-damage|p1a: Clefable|79\/100 par\n|\n|-heal|p1a: Clefable|85\/100 par|[from] item: Leftovers\n|-damage|p2a: Clodsire|82\/100 brn|[from] brn\n|upkeep\n|turn|108\n|\n|t:|1700016250\n|switch|p2a: Huevona|Blissey, F, shiny|82\/100\n|move|p1a: Clefable|Wish|p1a: Clefable\n|\n|-heal|p1a: Clefable|91\/100 par|[from] item: Leftovers\n|upkeep\n|turn|109\n|\n|t:|1700016257\n|switch|p1a: Skeledirge|Skeledirge, F, shiny|55\/100 tox\n|move|p2a: Huevona|Stealth Rock|p1a: Skeledirge\n|-sidestart|p1: guzmfran|move: Stealth Rock\n|\n|-heal|p1a: Skeledirge|100\/100 tox|[from] move: Wish|[wisher] Clefable\n|-damage|p1a: Skeledirge|94\/100 tox|[from] psn\n|upkeep\n|turn|110\n|\n|t:|1700016271\n|switch|p1a: Chesnaught|Chesnaught, M, shiny|100\/100\n|move|p2a: Huevona|Seismic Toss|p1a: Chesnaught\n|-damage|p1a: Chesnaught|74\/100\n|\n|upkeep\n|turn|111\n|\n|t:|1700016278\n|switch|p2a: Clodsire|Clodsire, M, shiny|82\/100 brn\n|-damage|p2a: Clodsire|75\/100 brn|[from] Stealth Rock\n|move|p1a: Chesnaught|Body Press|p2a: Clodsire\n|-resisted|p2a: Clodsire\n|-damage|p2a: Clodsire|50\/100 brn\n|\n|-damage|p2a: Clodsire|44\/100 brn|[from] brn\n|upkeep\n|turn|112\n|\n|t:|1700016292\n|switch|p1a: Dondozo|Dondozo, F, tera:Fighting|82\/100 par\n|-damage|p1a: Dondozo|76\/100 par|[from] Stealth Rock\n|move|p2a: Clodsire|Recover|p2a: Clodsire\n|-heal|p2a: Clodsire|94\/100 brn\n|\n|-damage|p2a: Clodsire|88\/100 brn|[from] brn\n|upkeep\n|turn|113\n|\n|t:|1700016306\n|move|p1a: Dondozo|Body Press|p2a: Clodsire\n|-resisted|p2a: Clodsire\n|-damage|p2a: Clodsire|65\/100 brn\n|move|p2a: Clodsire|Earthquake|p1a: Dondozo\n|-damage|p1a: Dondozo|70\/100 par\n|\n|-damage|p2a: Clodsire|58\/100 brn|[from] brn\n|upkeep\n|turn|114\n|\n|t:|1700016316\n|switch|p1a: Clefable|Clefable, M, shiny|91\/100 par\n|move|p2a: Clodsire|Recover|p2a: Clodsire\n|-heal|p2a: Clodsire|100\/100 brn\n|\n|-heal|p1a: Clefable|97\/100 par|[from] item: Leftovers\n|-damage|p2a: Clodsire|94\/100 brn|[from] brn\n|upkeep\n|turn|115\n|\n|t:|1700016325\n|switch|p2a: Huevona|Blissey, F, shiny|82\/100\n|move|p1a: Clefable|Wish|p1a: Clefable\n|\n|-heal|p1a: Clefable|100\/100 par|[from] item: Leftovers\n|upkeep\n|turn|116\n|\n|t:|1700016332\n|switch|p1a: Dondozo|Dondozo, F, tera:Fighting|70\/100 par\n|-damage|p1a: Dondozo|64\/100 par|[from] Stealth Rock\n|move|p2a: Huevona|Seismic Toss|p1a: Dondozo\n|-damage|p1a: Dondozo|44\/100 par\n|\n|-heal|p1a: Dondozo|83\/100 par|[from] move: Wish|[wisher] Clefable\n|upkeep\n|turn|117\n|\n|t:|1700016351\n|switch|p2a: Chesnaught|Chesnaught, M, shiny|67\/100\n|-damage|p2a: Chesnaught|61\/100|[from] Stealth Rock\n|move|p1a: Dondozo|Body Press|p2a: Chesnaught\n|-damage|p2a: Chesnaught|35\/100\n|\n|-heal|p2a: Chesnaught|42\/100|[from] item: Leftovers\n|upkeep\n|turn|118\n|\n|t:|1700016365\n|switch|p1a: Gliscor|Gliscor, M|100\/100 tox\n|-damage|p1a: Gliscor|88\/100 tox|[from] Stealth Rock\n|move|p2a: Chesnaught|Seed Bomb|p1a: Gliscor\n|-damage|p1a: Gliscor|71\/100 tox\n|\n|-heal|p2a: Chesnaught|48\/100|[from] item: Leftovers\n|-heal|p1a: Gliscor|83\/100 tox|[from] ability: Poison Heal\n|upkeep\n|turn|119\n|c|\u2606raulex902|missclick\n|c|\u2606raulex902|unnu\n|\n|t:|1700016392\n|switch|p1a: Skeledirge|Skeledirge, F, shiny|94\/100 tox\n|move|p2a: Chesnaught|Spiky Shield||[still]\n|-fail|p2a: Chesnaught\n|\n|-heal|p2a: Chesnaught|54\/100|[from] item: Leftovers\n|-damage|p1a: Skeledirge|88\/100 tox|[from] psn\n|upkeep\n|turn|120\n|\n|t:|1700016401\n|switch|p1a: Dondozo|Dondozo, F, tera:Fighting|83\/100 par\n|-damage|p1a: Dondozo|77\/100 par|[from] Stealth Rock\n|move|p2a: Chesnaught|Spiky Shield||[still]\n|-fail|p2a: Chesnaught\n|\n|-heal|p2a: Chesnaught|60\/100|[from] item: Leftovers\n|upkeep\n|turn|121\n|\n|t:|1700016410\n|switch|p1a: Clefable|Clefable, M, shiny|100\/100 par\n|move|p2a: Chesnaught|Leech Seed|p1a: Clefable|[miss]\n|-miss|p2a: Chesnaught|p1a: Clefable\n|\n|-heal|p2a: Chesnaught|66\/100|[from] item: Leftovers\n|upkeep\n|turn|122\n|\n|t:|1700016418\n|switch|p2a: Huevona|Blissey, F, shiny|82\/100\n|move|p1a: Clefable|Wish|p1a: Clefable\n|\n|upkeep\n|turn|123\n|\n|t:|1700016427\n|switch|p2a: Chesnaught|Chesnaught, M, shiny|66\/100\n|-damage|p2a: Chesnaught|60\/100|[from] Stealth Rock\n|switch|p1a: Chesnaught|Chesnaught, M, shiny|74\/100\n|\n|-heal|p1a: Chesnaught|100\/100|[from] move: Wish|[wisher] Clefable\n|-heal|p2a: Chesnaught|66\/100|[from] item: Leftovers\n|upkeep\n|turn|124\n|\n|t:|1700016442\n|move|p1a: Chesnaught|Body Press|p2a: Chesnaught\n|-damage|p2a: Chesnaught|40\/100\n|move|p2a: Chesnaught|Body Press|p1a: Chesnaught\n|-damage|p1a: Chesnaught|77\/100\n|\n|-heal|p2a: Chesnaught|46\/100|[from] item: Leftovers\n|upkeep\n|turn|125\n|\n|t:|1700016452\n|switch|p1a: Gliscor|Gliscor, M|83\/100 tox\n|-damage|p1a: Gliscor|71\/100 tox|[from] Stealth Rock\n|move|p2a: Chesnaught|Spiky Shield||[still]\n|-fail|p2a: Chesnaught\n|\n|-heal|p2a: Chesnaught|52\/100|[from] item: Leftovers\n|-heal|p1a: Gliscor|83\/100 tox|[from] ability: Poison Heal\n|upkeep\n|turn|126\n|\n|t:|1700016462\n|move|p2a: Chesnaught|Spiky Shield|p2a: Chesnaught\n|-singleturn|p2a: Chesnaught|move: Protect\n|move|p1a: Gliscor|Toxic|p2a: Chesnaught\n|-activate|p2a: Chesnaught|move: Protect\n|\n|-heal|p2a: Chesnaught|58\/100|[from] item: Leftovers\n|-heal|p1a: Gliscor|96\/100 tox|[from] ability: Poison Heal\n|upkeep\n|turn|127\n|\n|t:|1700016472\n|switch|p2a: X-avier|Corviknight, M, shiny|81\/100\n|-damage|p2a: X-avier|69\/100|[from] Stealth Rock\n|-ability|p2a: X-avier|Pressure\n|move|p1a: Gliscor|Spikes|p2a: X-avier\n|-sidestart|p2: raulex902|Spikes\n|\n|-heal|p1a: Gliscor|100\/100 tox|[from] ability: Poison Heal\n|upkeep\n|turn|128\n|\n|t:|1700016484\n|switch|p1a: Skeledirge|Skeledirge, F, shiny|88\/100 tox\n|move|p2a: X-avier|Defog|p1a: Skeledirge\n|-unboost|p1a: Skeledirge|evasion|1\n|-sideend|p1: guzmfran|Stealth Rock|[from] move: Defog|[of] p2a: X-avier\n|-sideend|p2: raulex902|Spikes|[from] move: Defog|[of] p2a: X-avier\n|-sideend|p2: raulex902|Stealth Rock|[from] move: Defog|[of] p2a: X-avier\n|\n|-damage|p1a: Skeledirge|82\/100 tox|[from] psn\n|upkeep\n|turn|129\n|\n|t:|1700016495\n|switch|p2a: Huevona|Blissey, F, shiny|82\/100\n|move|p1a: Skeledirge|Torch Song|p2a: Huevona\n|-damage|p2a: Huevona|74\/100\n|-boost|p1a: Skeledirge|spa|1\n|\n|-damage|p1a: Skeledirge|70\/100 tox|[from] psn\n|upkeep\n|turn|130\n|\n|t:|1700016504\n|move|p1a: Skeledirge|Torch Song|p2a: Huevona\n|-crit|p2a: Huevona\n|-damage|p2a: Huevona|54\/100\n|-boost|p1a: Skeledirge|spa|1\n|move|p2a: Huevona|Stealth Rock|p1a: Skeledirge\n|-sidestart|p1: guzmfran|move: Stealth Rock\n|\n|-damage|p1a: Skeledirge|52\/100 tox|[from] psn\n|upkeep\n|turn|131\n|\n|t:|1700016513\n|move|p1a: Skeledirge|Torch Song|p2a: Huevona\n|-damage|p2a: Huevona|38\/100\n|-boost|p1a: Skeledirge|spa|1\n|move|p2a: Huevona|Soft-Boiled|p2a: Huevona\n|-heal|p2a: Huevona|88\/100\n|\n|-damage|p1a: Skeledirge|28\/100 tox|[from] psn\n|upkeep\n|turn|132\n|\n|t:|1700016525\n|switch|p1a: Clefable|Clefable, M, shiny|100\/100 par\n|switch|p2a: MiCaraCuando|Quagsire, M, shiny|94\/100 brn\n|\n|-damage|p2a: MiCaraCuando|88\/100 brn|[from] brn\n|upkeep\n|turn|133\n|\n|t:|1700016534\n|switch|p2a: Huevona|Blissey, F, shiny|88\/100\n|move|p1a: Clefable|Calm Mind|p1a: Clefable\n|-boost|p1a: Clefable|spa|1\n|-boost|p1a: Clefable|spd|1\n|\n|upkeep\n|turn|134\n|\n|t:|1700016540\n|move|p2a: Huevona|Seismic Toss|p1a: Clefable\n|-damage|p1a: Clefable|75\/100 par\n|cant|p1a: Clefable|par\n|\n|-heal|p1a: Clefable|81\/100 par|[from] item: Leftovers\n|upkeep\n|turn|135\n|\n|t:|1700016548\n|move|p2a: Huevona|Seismic Toss|p1a: Clefable\n|-damage|p1a: Clefable|56\/100 par\n|move|p1a: Clefable|Wish|p1a: Clefable\n|\n|-heal|p1a: Clefable|62\/100 par|[from] item: Leftovers\n|upkeep\n|turn|136\n|\n|t:|1700016555\n|move|p2a: Huevona|Seismic Toss|p1a: Clefable\n|-damage|p1a: Clefable|37\/100 par\n|move|p1a: Clefable|Calm Mind|p1a: Clefable\n|-boost|p1a: Clefable|spa|1\n|-boost|p1a: Clefable|spd|1\n|\n|-heal|p1a: Clefable|87\/100 par|[from] move: Wish|[wisher] Clefable\n|-heal|p1a: Clefable|93\/100 par|[from] item: Leftovers\n|upkeep\n|turn|137\n|\n|t:|1700016565\n|move|p2a: Huevona|Seismic Toss|p1a: Clefable\n|-damage|p1a: Clefable|67\/100 par\n|cant|p1a: Clefable|par\n|\n|-heal|p1a: Clefable|73\/100 par|[from] item: Leftovers\n|upkeep\n|turn|138\n|\n|t:|1700016572\n|move|p2a: Huevona|Seismic Toss|p1a: Clefable\n|-damage|p1a: Clefable|48\/100 par\n|move|p1a: Clefable|Calm Mind|p1a: Clefable\n|-boost|p1a: Clefable|spa|1\n|-boost|p1a: Clefable|spd|1\n|\n|-heal|p1a: Clefable|54\/100 par|[from] item: Leftovers\n|upkeep\n|turn|139\n|\n|t:|1700016581\n|move|p2a: Huevona|Seismic Toss|p1a: Clefable\n|-damage|p1a: Clefable|29\/100 par\n|cant|p1a: Clefable|par\n|\n|-heal|p1a: Clefable|35\/100 par|[from] item: Leftovers\n|upkeep\n|turn|140\n|\n|t:|1700016588\n|move|p2a: Huevona|Seismic Toss|p1a: Clefable\n|-damage|p1a: Clefable|9\/100 par\n|cant|p1a: Clefable|par\n|\n|-heal|p1a: Clefable|15\/100 par|[from] item: Leftovers\n|upkeep\n|turn|141\n|c|\u2606raulex902|ggod\n|\n|t:|1700016597\n|move|p1a: Clefable|Protect|p1a: Clefable\n|-singleturn|p1a: Clefable|Protect\n|move|p2a: Huevona|Seismic Toss|p1a: Clefable\n|-activate|p1a: Clefable|move: Protect\n|\n|-heal|p1a: Clefable|22\/100 par|[from] item: Leftovers\n|upkeep\n|turn|142\n|\n|t:|1700016611\n|switch|p1a: Dondozo|Dondozo, F, tera:Fighting|77\/100 par\n|-damage|p1a: Dondozo|71\/100 par|[from] Stealth Rock\n|move|p2a: Huevona|Seismic Toss|p1a: Dondozo\n|-damage|p1a: Dondozo|51\/100 par\n|\n|upkeep\n|turn|143\n|\n|t:|1700016631\n|-terastallize|p2a: Huevona|Ghost\n|move|p2a: Huevona|Seismic Toss|p1a: Dondozo\n|-damage|p1a: Dondozo|31\/100 par\n|move|p1a: Dondozo|Body Press|p2a: Huevona\n|-immune|p2a: Huevona\n|\n|upkeep\n|turn|144\n|\n|t:|1700016647\n|switch|p1a: Skeledirge|Skeledirge, F, shiny|28\/100 tox\n|move|p2a: Huevona|Seismic Toss|p1a: Skeledirge\n|-immune|p1a: Skeledirge\n|\n|-damage|p1a: Skeledirge|22\/100 tox|[from] psn\n|upkeep\n|turn|145\n|\n|t:|1700016655\n|switch|p2a: Chesnaught|Chesnaught, M, shiny|58\/100\n|move|p1a: Skeledirge|Slack Off|p1a: Skeledirge\n|-heal|p1a: Skeledirge|72\/100 tox\n|\n|-heal|p2a: Chesnaught|64\/100|[from] item: Leftovers\n|-damage|p1a: Skeledirge|59\/100 tox|[from] psn\n|upkeep\n|turn|146\n|\n|t:|1700016665\n|move|p2a: Chesnaught|Spiky Shield|p2a: Chesnaught\n|-singleturn|p2a: Chesnaught|move: Protect\n|move|p1a: Skeledirge|Will-O-Wisp|p2a: Chesnaught\n|-activate|p2a: Chesnaught|move: Protect\n|\n|-heal|p2a: Chesnaught|70\/100|[from] item: Leftovers\n|-damage|p1a: Skeledirge|41\/100 tox|[from] psn\n|upkeep\n|turn|147\n|\n|t:|1700016676\n|switch|p2a: Huevona|Blissey, F, shiny, tera:Ghost|88\/100\n|move|p1a: Skeledirge|Torch Song|p2a: Huevona\n|-damage|p2a: Huevona|79\/100\n|-boost|p1a: Skeledirge|spa|1\n|\n|-damage|p1a: Skeledirge|17\/100 tox|[from] psn\n|upkeep\n|turn|148\n|\n|t:|1700016687\n|switch|p1a: Dondozo|Dondozo, F, tera:Fighting|31\/100 par\n|-damage|p1a: Dondozo|25\/100 par|[from] Stealth Rock\n|move|p2a: Huevona|Thunder Wave|p1a: Dondozo\n|-fail|p1a: Dondozo|par\n|\n|upkeep\n|turn|149\n|\n|t:|1700016695\n|move|p2a: Huevona|Seismic Toss|p1a: Dondozo\n|-damage|p1a: Dondozo|5\/100 par\n|move|p1a: Dondozo|Rest|p1a: Dondozo\n|-status|p1a: Dondozo|slp|[from] move: Rest\n|-heal|p1a: Dondozo|100\/100 slp|[silent]\n|\n|upkeep\n|turn|150\n|\n|t:|1700016705\n|switch|p1a: Skeledirge|Skeledirge, F, shiny|17\/100 tox\n|move|p2a: Huevona|Seismic Toss|p1a: Skeledirge\n|-immune|p1a: Skeledirge\n|\n|-damage|p1a: Skeledirge|11\/100 tox|[from] psn\n|upkeep\n|turn|151\n|\n|t:|1700016713\n|move|p1a: Skeledirge|Slack Off|p1a: Skeledirge\n|-heal|p1a: Skeledirge|61\/100 tox\n|move|p2a: Huevona|Thunder Wave||[still]\n|-fail|p2a: Huevona\n|\n|-damage|p1a: Skeledirge|49\/100 tox|[from] psn\n|upkeep\n|turn|152\n|\n|t:|1700016727\n|switch|p1a: Chesnaught|Chesnaught, M, shiny|77\/100\n|switch|p2a: Clodsire|Clodsire, M, shiny|94\/100 brn\n|\n|-damage|p2a: Clodsire|88\/100 brn|[from] brn\n|upkeep\n|turn|153\n|\n|t:|1700016738\n|switch|p1a: Gliscor|Gliscor, M|100\/100 tox\n|-damage|p1a: Gliscor|88\/100 tox|[from] Stealth Rock\n|move|p2a: Clodsire|Toxic|p1a: Gliscor\n|-fail|p1a: Gliscor|tox\n|\n|-heal|p1a: Gliscor|100\/100 tox|[from] ability: Poison Heal\n|-damage|p2a: Clodsire|82\/100 brn|[from] brn\n|upkeep\n|turn|154\n|\n|t:|1700016748\n|move|p1a: Gliscor|Spikes|p2a: Clodsire\n|-sidestart|p2: raulex902|Spikes\n|move|p2a: Clodsire|Earthquake|p1a: Gliscor\n|-immune|p1a: Gliscor\n|\n|-damage|p2a: Clodsire|75\/100 brn|[from] brn\n|upkeep\n|turn|155\n|\n|t:|1700016755\n|switch|p2a: X-avier|Corviknight, M, shiny|69\/100\n|-ability|p2a: X-avier|Pressure\n|move|p1a: Gliscor|Spikes|p2a: X-avier\n|-sidestart|p2: raulex902|Spikes\n|\n|upkeep\n|turn|156\n|\n|t:|1700016762\n|move|p1a: Gliscor|Knock Off|p2a: X-avier\n|-crit|p2a: X-avier\n|-damage|p2a: X-avier|56\/100\n|move|p2a: X-avier|Defog|p1a: Gliscor\n|-unboost|p1a: Gliscor|evasion|1\n|-sideend|p1: guzmfran|Stealth Rock|[from] move: Defog|[of] p2a: X-avier\n|-sideend|p2: raulex902|Spikes|[from] move: Defog|[of] p2a: X-avier\n|\n|upkeep\n|turn|157\n|\n|t:|1700016769\n|move|p1a: Gliscor|Toxic|p2a: X-avier\n|-immune|p2a: X-avier\n|move|p2a: X-avier|Roost|p2a: X-avier\n|-heal|p2a: X-avier|100\/100\n|-singleturn|p2a: X-avier|move: Roost\n|\n|upkeep\n|turn|158\n|\n|t:|1700016782\n|move|p1a: Gliscor|Spikes|p2a: X-avier\n|-sidestart|p2: raulex902|Spikes\n|move|p2a: X-avier|U-turn|p1a: Gliscor\n|-resisted|p1a: Gliscor\n|-damage|p1a: Gliscor|96\/100 tox\n|\n|t:|1700016787\n|switch|p2a: Huevona|Blissey, F, shiny, tera:Ghost|79\/100|[from] U-turn\n|\n|-heal|p1a: Gliscor|100\/100 tox|[from] ability: Poison Heal\n|upkeep\n|turn|159\n|\n|t:|1700016794\n|switch|p2a: X-avier|Corviknight, M, shiny|100\/100\n|-ability|p2a: X-avier|Pressure\n|move|p1a: Gliscor|Knock Off|p2a: X-avier\n|-damage|p2a: X-avier|91\/100\n|\n|upkeep\n|turn|160\n|\n|t:|1700016803\n|move|p1a: Gliscor|Spikes|p2a: X-avier\n|-sidestart|p2: raulex902|Spikes\n|move|p2a: X-avier|Defog|p1a: Gliscor\n|-unboost|p1a: Gliscor|evasion|1\n|-sideend|p2: raulex902|Spikes|[from] move: Defog|[of] p2a: X-avier\n|\n|upkeep\n|turn|161\n|\n|t:|1700016814\n|move|p1a: Gliscor|Toxic|p2a: X-avier\n|-immune|p2a: X-avier\n|move|p2a: X-avier|U-turn|p1a: Gliscor\n|-resisted|p1a: Gliscor\n|-damage|p1a: Gliscor|96\/100 tox\n|\n|t:|1700016827\n|switch|p2a: Chesnaught|Chesnaught, M, shiny|70\/100|[from] U-turn\n|\n|-heal|p2a: Chesnaught|76\/100|[from] item: Leftovers\n|-heal|p1a: Gliscor|100\/100 tox|[from] ability: Poison Heal\n|upkeep\n|turn|162\n|\n|t:|1700016840\n|move|p2a: Chesnaught|Spiky Shield|p2a: Chesnaught\n|-singleturn|p2a: Chesnaught|move: Protect\n|move|p1a: Gliscor|Spikes|p2a: Chesnaught\n|-sidestart|p2: raulex902|Spikes\n|\n|-heal|p2a: Chesnaught|82\/100|[from] item: Leftovers\n|upkeep\n|turn|163\n|c|\u2606raulex902|se te van los pp ara\u00f1aa\n|\n|t:|1700016849\n|switch|p2a: X-avier|Corviknight, M, shiny|91\/100\n|-ability|p2a: X-avier|Pressure\n|move|p1a: Gliscor|Toxic|p2a: X-avier\n|-immune|p2a: X-avier\n|\n|upkeep\n|turn|164\n|\n|t:|1700016861\n|move|p1a: Gliscor|Toxic|p2a: X-avier\n|-immune|p2a: X-avier\n|move|p2a: X-avier|U-turn|p1a: Gliscor\n|-resisted|p1a: Gliscor\n|-crit|p1a: Gliscor\n|-damage|p1a: Gliscor|93\/100 tox\n|\n|t:|1700016864\n|switch|p2a: Chesnaught|Chesnaught, M, shiny|82\/100|[from] U-turn\n|-damage|p2a: Chesnaught|70\/100|[from] Spikes\n|\n|-heal|p2a: Chesnaught|76\/100|[from] item: Leftovers\n|-heal|p1a: Gliscor|100\/100 tox|[from] ability: Poison Heal\n|upkeep\n|turn|165\n|\n|t:|1700016874\n|move|p2a: Chesnaught|Spiky Shield|p2a: Chesnaught\n|-singleturn|p2a: Chesnaught|move: Protect\n|move|p1a: Gliscor|Spikes|p2a: Chesnaught\n|-sidestart|p2: raulex902|Spikes\n|\n|-heal|p2a: Chesnaught|82\/100|[from] item: Leftovers\n|upkeep\n|turn|166\n|\n|t:|1700016882\n|switch|p2a: X-avier|Corviknight, M, shiny|91\/100\n|-ability|p2a: X-avier|Pressure\n|move|p1a: Gliscor|Toxic|p2a: X-avier\n|-immune|p2a: X-avier\n|\n|upkeep\n|turn|167\n|\n|t:|1700016891\n|move|p1a: Gliscor|Spikes|p2a: X-avier\n|-sidestart|p2: raulex902|Spikes\n|move|p2a: X-avier|U-turn|p1a: Gliscor\n|-resisted|p1a: Gliscor\n|-damage|p1a: Gliscor|96\/100 tox\n|\n|t:|1700016893\n|switch|p2a: Huevona|Blissey, F, shiny, tera:Ghost|79\/100|[from] U-turn\n|\n|-heal|p1a: Gliscor|100\/100 tox|[from] ability: Poison Heal\n|upkeep\n|turn|168\n|\n|t:|1700016901\n|switch|p2a: X-avier|Corviknight, M, shiny|91\/100\n|-ability|p2a: X-avier|Pressure\n|move|p1a: Gliscor|Knock Off|p2a: X-avier\n|-damage|p2a: X-avier|83\/100\n|\n|upkeep\n|turn|169\n|\n|t:|1700016911\n|switch|p1a: Chesnaught|Chesnaught, M, shiny|77\/100\n|move|p2a: X-avier|Defog|p1a: Chesnaught\n|-unboost|p1a: Chesnaught|evasion|1\n|-sideend|p2: raulex902|Spikes|[from] move: Defog|[of] p2a: X-avier\n|\n|upkeep\n|turn|170\n|\n|t:|1700016918\n|move|p1a: Chesnaught|Spiky Shield|p1a: Chesnaught\n|-singleturn|p1a: Chesnaught|move: Protect\n|move|p2a: X-avier|Brave Bird|p1a: Chesnaught\n|-activate|p1a: Chesnaught|move: Protect\n|-damage|p2a: X-avier|70\/100|[from] Spiky Shield|[of] p1a: Chesnaught\n|\n|upkeep\n|turn|171\n|\n|t:|1700016932\n|switch|p1a: Gliscor|Gliscor, M|100\/100 tox\n|move|p2a: X-avier|Brave Bird|p1a: Gliscor\n|-damage|p1a: Gliscor|77\/100 tox\n|-damage|p2a: X-avier|63\/100|[from] Recoil\n|\n|-heal|p1a: Gliscor|89\/100 tox|[from] ability: Poison Heal\n|upkeep\n|turn|172\n|\n|t:|1700016942\n|switch|p2a: Chesnaught|Chesnaught, M, shiny|82\/100\n|move|p1a: Gliscor|Protect||[still]\n|-fail|p1a: Gliscor\n|\n|-heal|p2a: Chesnaught|88\/100|[from] item: Leftovers\n|-heal|p1a: Gliscor|100\/100 tox|[from] ability: Poison Heal\n|upkeep\n|turn|173\n|\n|t:|1700016951\n|switch|p1a: Clefable|Clefable, M, shiny|22\/100 par\n|move|p2a: Chesnaught|Spiky Shield||[still]\n|-fail|p2a: Chesnaught\n|\n|-heal|p2a: Chesnaught|94\/100|[from] item: Leftovers\n|-heal|p1a: Clefable|28\/100 par|[from] item: Leftovers\n|upkeep\n|turn|174\n|\n|t:|1700016967\n|switch|p2a: Huevona|Blissey, F, shiny, tera:Ghost|79\/100\n|move|p1a: Clefable|Wish|p1a: Clefable\n|\n|-heal|p1a: Clefable|34\/100 par|[from] item: Leftovers\n|upkeep\n|turn|175\n|\n|t:|1700016974\n|move|p1a: Clefable|Protect|p1a: Clefable\n|-singleturn|p1a: Clefable|Protect\n|move|p2a: Huevona|Seismic Toss|p1a: Clefable\n|-activate|p1a: Clefable|move: Protect\n|\n|-heal|p1a: Clefable|84\/100 par|[from] move: Wish|[wisher] Clefable\n|-heal|p1a: Clefable|90\/100 par|[from] item: Leftovers\n|upkeep\n|turn|176\n|\n|t:|1700016985\n|move|p2a: Huevona|Seismic Toss|p1a: Clefable\n|-damage|p1a: Clefable|64\/100 par\n|cant|p1a: Clefable|par\n|\n|-heal|p1a: Clefable|71\/100 par|[from] item: Leftovers\n|upkeep\n|turn|177\n|\n|t:|1700016992\n|move|p2a: Huevona|Seismic Toss|p1a: Clefable\n|-damage|p1a: Clefable|45\/100 par\n|move|p1a: Clefable|Wish|p1a: Clefable\n|\n|-heal|p1a: Clefable|51\/100 par|[from] item: Leftovers\n|upkeep\n|turn|178\n|\n|t:|1700016999\n|switch|p1a: Skeledirge|Skeledirge, F, shiny|49\/100 tox\n|move|p2a: Huevona|Stealth Rock|p1a: Skeledirge\n|-sidestart|p1: guzmfran|move: Stealth Rock\n|\n|-heal|p1a: Skeledirge|97\/100 tox|[from] move: Wish|[wisher] Clefable\n|-damage|p1a: Skeledirge|91\/100 tox|[from] psn\n|upkeep\n|turn|179\n|\n|t:|1700017009\n|switch|p2a: Clodsire|Clodsire, M, shiny|75\/100 brn\n|move|p1a: Skeledirge|Will-O-Wisp|p2a: Clodsire\n|-fail|p2a: Clodsire|brn\n|\n|-damage|p1a: Skeledirge|78\/100 tox|[from] psn\n|-damage|p2a: Clodsire|69\/100 brn|[from] brn\n|upkeep\n|turn|180\n|\n|t:|1700017022\n|switch|p1a: Gliscor|Gliscor, M|100\/100 tox\n|-damage|p1a: Gliscor|88\/100 tox|[from] Stealth Rock\n|move|p2a: Clodsire|Spikes|p1a: Gliscor\n|-sidestart|p1: guzmfran|Spikes\n|\n|-heal|p1a: Gliscor|100\/100 tox|[from] ability: Poison Heal\n|-damage|p2a: Clodsire|63\/100 brn|[from] brn\n|upkeep\n|turn|181\n|\n|t:|1700017032\n|move|p1a: Gliscor|Spikes|p2a: Clodsire\n|-sidestart|p2: raulex902|Spikes\n|move|p2a: Clodsire|Recover|p2a: Clodsire\n|-heal|p2a: Clodsire|100\/100 brn\n|\n|-damage|p2a: Clodsire|94\/100 brn|[from] brn\n|upkeep\n|turn|182\n|\n|t:|1700017043\n|switch|p1a: Chesnaught|Chesnaught, M, shiny|77\/100\n|switch|p2a: X-avier|Corviknight, M, shiny|63\/100\n|-ability|p2a: X-avier|Pressure\n|\n|upkeep\n|turn|183\n|\n|t:|1700017051\n|move|p1a: Chesnaught|Spiky Shield|p1a: Chesnaught\n|-singleturn|p1a: Chesnaught|move: Protect\n|move|p2a: X-avier|Roost|p2a: X-avier\n|-heal|p2a: X-avier|100\/100\n|-singleturn|p2a: X-avier|move: Roost\n|\n|upkeep\n|turn|184\n|\n|t:|1700017061\n|switch|p1a: Gliscor|Gliscor, M|100\/100 tox\n|-damage|p1a: Gliscor|88\/100 tox|[from] Stealth Rock\n|move|p2a: X-avier|Brave Bird|p1a: Gliscor\n|-damage|p1a: Gliscor|67\/100 tox\n|-damage|p2a: X-avier|94\/100|[from] Recoil\n|\n|-heal|p1a: Gliscor|79\/100 tox|[from] ability: Poison Heal\n|upkeep\n|turn|185\n|\n|t:|1700017072\n|move|p1a: Gliscor|Protect|p1a: Gliscor\n|-singleturn|p1a: Gliscor|Protect\n|move|p2a: X-avier|U-turn|p1a: Gliscor\n|-activate|p1a: Gliscor|move: Protect\n|\n|-heal|p1a: Gliscor|92\/100 tox|[from] ability: Poison Heal\n|upkeep\n|turn|186\n|\n|t:|1700017081\n|switch|p1a: Dondozo|Dondozo, F, tera:Fighting|100\/100 slp\n|-damage|p1a: Dondozo|94\/100 slp|[from] Stealth Rock\n|-damage|p1a: Dondozo|82\/100 slp|[from] Spikes\n|move|p2a: X-avier|Defog|p1a: Dondozo\n|-unboost|p1a: Dondozo|evasion|1\n|-sideend|p1: guzmfran|Spikes|[from] move: Defog|[of] p2a: X-avier\n|-sideend|p1: guzmfran|Stealth Rock|[from] move: Defog|[of] p2a: X-avier\n|-sideend|p2: raulex902|Spikes|[from] move: Defog|[of] p2a: X-avier\n|\n|upkeep\n|turn|187\n|\n|t:|1700017091\n|cant|p1a: Dondozo|slp\n|move|p2a: X-avier|Brave Bird|p1a: Dondozo\n|-supereffective|p1a: Dondozo\n|-damage|p1a: Dondozo|51\/100 slp\n|-damage|p2a: X-avier|81\/100|[from] Recoil\n|\n|upkeep\n|turn|188\n|\n|t:|1700017105\n|cant|p1a: Dondozo|slp\n|move|p1a: Dondozo|Sleep Talk|p1a: Dondozo\n|move|p1a: Dondozo|Liquidation|p2a: X-avier|[from]move: Sleep Talk\n|-damage|p2a: X-avier|65\/100\n|move|p2a: X-avier|U-turn|p1a: Dondozo\n|-resisted|p1a: Dondozo\n|-damage|p1a: Dondozo|48\/100 slp\n|\n|t:|1700017115\n|switch|p2a: Chesnaught|Chesnaught, M, shiny|94\/100|[from] U-turn\n|\n|-heal|p2a: Chesnaught|99\/100|[from] item: Leftovers\n|upkeep\n|turn|189\n|\n|t:|1700017129\n|switch|p1a: Gliscor|Gliscor, M|92\/100 tox\n|move|p2a: Chesnaught|Leech Seed|p1a: Gliscor\n|-start|p1a: Gliscor|move: Leech Seed\n|\n|-heal|p2a: Chesnaught|100\/100|[from] item: Leftovers\n|-damage|p1a: Gliscor|79\/100 tox|[from] Leech Seed|[of] p2a: Chesnaught\n|-heal|p1a: Gliscor|92\/100 tox|[from] ability: Poison Heal\n|upkeep\n|turn|190\n|\n|t:|1700017141\n|switch|p1a: Skeledirge|Skeledirge, F, shiny|78\/100 tox\n|move|p2a: Chesnaught|Body Press|p1a: Skeledirge\n|-immune|p1a: Skeledirge\n|\n|-damage|p1a: Skeledirge|72\/100 tox|[from] psn\n|upkeep\n|turn|191\n|\n|t:|1700017150\n|switch|p2a: Clodsire|Clodsire, M, shiny|94\/100 brn\n|move|p1a: Skeledirge|Slack Off|p1a: Skeledirge\n|-heal|p1a: Skeledirge|100\/100 tox\n|\n|-damage|p1a: Skeledirge|88\/100 tox|[from] psn\n|-damage|p2a: Clodsire|88\/100 brn|[from] brn\n|upkeep\n|turn|192\n|\n|t:|1700017163\n|switch|p1a: Gliscor|Gliscor, M|92\/100 tox\n|move|p2a: Clodsire|Earthquake|p1a: Gliscor\n|-immune|p1a: Gliscor\n|\n|-heal|p1a: Gliscor|100\/100 tox|[from] ability: Poison Heal\n|-damage|p2a: Clodsire|82\/100 brn|[from] brn\n|upkeep\n|turn|193\n|\n|t:|1700017176\n|move|p1a: Gliscor|Knock Off|p2a: Clodsire\n|-damage|p2a: Clodsire|65\/100 brn\n|move|p2a: Clodsire|Spikes|p1a: Gliscor\n|-sidestart|p1: guzmfran|Spikes\n|\n|-damage|p2a: Clodsire|58\/100 brn|[from] brn\n|upkeep\n|turn|194\n|\n|t:|1700017184\n|switch|p1a: Clefable|Clefable, M, shiny|51\/100 par\n|switch|p2a: X-avier|Corviknight, M, shiny|65\/100\n|-ability|p2a: X-avier|Pressure\n|\n|-heal|p1a: Clefable|57\/100 par|[from] item: Leftovers\n|upkeep\n|turn|195\n|\n|t:|1700017193\n|move|p2a: X-avier|U-turn|p1a: Clefable\n|-resisted|p1a: Clefable\n|-damage|p1a: Clefable|52\/100 par\n|\n|t:|1700017201\n|switch|p2a: MiCaraCuando|Quagsire, M, shiny|88\/100 brn|[from] U-turn\n|move|p1a: Clefable|Wish|p1a: Clefable\n|\n|-heal|p1a: Clefable|58\/100 par|[from] item: Leftovers\n|-damage|p2a: MiCaraCuando|82\/100 brn|[from] brn\n|upkeep\n|turn|196\n|\n|t:|1700017212\n|move|p2a: MiCaraCuando|Curse|p2a: MiCaraCuando\n|-unboost|p2a: MiCaraCuando|spe|1\n|-boost|p2a: MiCaraCuando|atk|1\n|-boost|p2a: MiCaraCuando|def|1\n|move|p1a: Clefable|Moonblast|p2a: MiCaraCuando\n|-damage|p2a: MiCaraCuando|43\/100 brn\n|\n|-heal|p1a: Clefable|100\/100 par|[from] move: Wish|[wisher] Clefable\n|-damage|p2a: MiCaraCuando|37\/100 brn|[from] brn\n|upkeep\n|turn|197\n|\n|t:|1700017224\n|move|p1a: Clefable|Moonblast|p2a: MiCaraCuando\n|-damage|p2a: MiCaraCuando|0 fnt\n|faint|p2a: MiCaraCuando\n|\n|upkeep\n|\n|t:|1700017229\n|switch|p2a: Huevona|Blissey, F, shiny, tera:Ghost|79\/100\n|turn|198\n|\n|t:|1700017237\n|switch|p1a: Skeledirge|Skeledirge, F, shiny|88\/100 tox\n|move|p2a: Huevona|Stealth Rock|p1a: Skeledirge\n|-sidestart|p1: guzmfran|move: Stealth Rock\n|\n|-damage|p1a: Skeledirge|82\/100 tox|[from] psn\n|upkeep\n|turn|199\n|\n|t:|1700017246\n|switch|p2a: Clodsire|Clodsire, M, shiny|58\/100 brn\n|move|p1a: Skeledirge|Will-O-Wisp|p2a: Clodsire\n|-fail|p2a: Clodsire|brn\n|\n|-damage|p1a: Skeledirge|70\/100 tox|[from] psn\n|-damage|p2a: Clodsire|52\/100 brn|[from] brn\n|upkeep\n|turn|200\n|\n|t:|1700017256\n|switch|p1a: Gliscor|Gliscor, M|100\/100 tox\n|-damage|p1a: Gliscor|88\/100 tox|[from] Stealth Rock\n|move|p2a: Clodsire|Recover|p2a: Clodsire\n|-heal|p2a: Clodsire|100\/100 brn\n|\n|-heal|p1a: Gliscor|100\/100 tox|[from] ability: Poison Heal\n|-damage|p2a: Clodsire|94\/100 brn|[from] brn\n|upkeep\n|turn|201\n|\n|t:|1700017266\n|switch|p2a: X-avier|Corviknight, M, shiny|65\/100\n|-ability|p2a: X-avier|Pressure\n|move|p1a: Gliscor|Knock Off|p2a: X-avier\n|-damage|p2a: X-avier|57\/100\n|\n|upkeep\n|turn|202\n|\n|t:|1700017282\n|move|p1a: Gliscor|Protect|p1a: Gliscor\n|-singleturn|p1a: Gliscor|Protect\n|move|p2a: X-avier|U-turn|p1a: Gliscor\n|-activate|p1a: Gliscor|move: Protect\n|\n|upkeep\n|turn|203\n|\n|t:|1700017291\n|move|p1a: Gliscor|Spikes|p2a: X-avier\n|-sidestart|p2: raulex902|Spikes\n|move|p2a: X-avier|U-turn|p1a: Gliscor\n|-resisted|p1a: Gliscor\n|-damage|p1a: Gliscor|97\/100 tox\n|\n|t:|1700017296\n|switch|p2a: Huevona|Blissey, F, shiny, tera:Ghost|79\/100|[from] U-turn\n|\n|-heal|p1a: Gliscor|100\/100 tox|[from] ability: Poison Heal\n|upkeep\n|turn|204\n|\n|t:|1700017304\n|switch|p1a: Skeledirge|Skeledirge, F, shiny|70\/100 tox\n|switch|p2a: X-avier|Corviknight, M, shiny|57\/100\n|-ability|p2a: X-avier|Pressure\n|\n|-damage|p1a: Skeledirge|64\/100 tox|[from] psn\n|upkeep\n|turn|205\n|\n|t:|1700017313\n|switch|p2a: Huevona|Blissey, F, shiny, tera:Ghost|79\/100\n|move|p1a: Skeledirge|Slack Off|p1a: Skeledirge\n|-heal|p1a: Skeledirge|100\/100 tox\n|\n|-damage|p1a: Skeledirge|88\/100 tox|[from] psn\n|upkeep\n|turn|206\n|\n|t:|1700017321\n|move|p1a: Skeledirge|Will-O-Wisp|p2a: Huevona\n|-status|p2a: Huevona|brn\n|move|p2a: Huevona|Stealth Rock||[still]\n|-fail|p2a: Huevona\n|\n|-damage|p1a: Skeledirge|70\/100 tox|[from] psn\n|-damage|p2a: Huevona|73\/100 brn|[from] brn\n|upkeep\n|turn|207\n|\n|t:|1700017331\n|switch|p1a: Clefable|Clefable, M, shiny|100\/100 par\n|move|p2a: Huevona|Soft-Boiled|p2a: Huevona\n|-heal|p2a: Huevona|100\/100 brn\n|\n|-damage|p2a: Huevona|94\/100 brn|[from] brn\n|upkeep\n|turn|208\n|\n|t:|1700017342\n|switch|p1a: Blissey|Blissey, F|93\/100\n|move|p2a: Huevona|Seismic Toss|p1a: Blissey\n|-damage|p1a: Blissey|77\/100\n|\n|-damage|p2a: Huevona|88\/100 brn|[from] brn\n|upkeep\n|turn|209\n|\n|t:|1700017351\n|-curestatus|p2a: Huevona|brn|[from] ability: Natural Cure\n|switch|p2a: Clodsire|Clodsire, M, shiny|94\/100 brn\n|-damage|p2a: Clodsire|82\/100 brn|[from] Spikes\n|move|p1a: Blissey|Stealth Rock|p2a: Clodsire\n|-sidestart|p2: raulex902|move: Stealth Rock\n|\n|-damage|p2a: Clodsire|75\/100 brn|[from] brn\n|upkeep\n|turn|210\n|\n|t:|1700017360\n|move|p1a: Blissey|Shadow Ball|p2a: Clodsire\n|-damage|p2a: Clodsire|67\/100 brn\n|move|p2a: Clodsire|Toxic|p1a: Blissey\n|-status|p1a: Blissey|tox\n|\n|-damage|p1a: Blissey|71\/100 tox|[from] psn\n|-damage|p2a: Clodsire|61\/100 brn|[from] brn\n|upkeep\n|turn|211\n|\n|t:|1700017370\n|switch|p2a: X-avier|Corviknight, M, shiny|57\/100\n|-damage|p2a: X-avier|45\/100|[from] Stealth Rock\n|-ability|p2a: X-avier|Pressure\n|move|p1a: Blissey|Shadow Ball|p2a: X-avier\n|-damage|p2a: X-avier|29\/100\n|\n|-damage|p1a: Blissey|59\/100 tox|[from] psn\n|upkeep\n|turn|212\n|\n|t:|1700017381\n|move|p1a: Blissey|Shadow Ball|p2a: X-avier\n|-damage|p2a: X-avier|16\/100\n|move|p2a: X-avier|Roost|p2a: X-avier\n|-heal|p2a: X-avier|66\/100\n|-singleturn|p2a: X-avier|move: Roost\n|\n|-damage|p1a: Blissey|41\/100 tox|[from] psn\n|upkeep\n|turn|213\n|\n|t:|1700017392\n|-curestatus|p1a: Blissey|tox|[from] ability: Natural Cure\n|switch|p1a: Gliscor|Gliscor, M|100\/100 tox\n|-damage|p1a: Gliscor|88\/100 tox|[from] Stealth Rock\n|move|p2a: X-avier|Defog|p1a: Gliscor\n|-unboost|p1a: Gliscor|evasion|1\n|-sideend|p1: guzmfran|Spikes|[from] move: Defog|[of] p2a: X-avier\n|-sideend|p1: guzmfran|Stealth Rock|[from] move: Defog|[of] p2a: X-avier\n|-sideend|p2: raulex902|Spikes|[from] move: Defog|[of] p2a: X-avier\n|-sideend|p2: raulex902|Stealth Rock|[from] move: Defog|[of] p2a: X-avier\n|\n|-heal|p1a: Gliscor|100\/100 tox|[from] ability: Poison Heal\n|upkeep\n|turn|214\n|c|\u2606guzmfran|Oh yeahhh\n|\n|t:|1700017411\n|move|p1a: Gliscor|Knock Off|p2a: X-avier\n|-damage|p2a: X-avier|57\/100\n|move|p2a: X-avier|U-turn|p1a: Gliscor\n|-resisted|p1a: Gliscor\n|-damage|p1a: Gliscor|96\/100 tox\n|c|\u2606raulex902|ese  gliscor eesta  sequisimo\n|\n|t:|1700017423\n|switch|p2a: Chesnaught|Chesnaught, M, shiny|100\/100|[from] U-turn\n|\n|-heal|p1a: Gliscor|100\/100 tox|[from] ability: Poison Heal\n|upkeep\n|turn|215\n|c|\u2606guzmfran|Jajajjj\n|\n|t:|1700017439\n|switch|p1a: Clefable|Clefable, M, shiny|100\/100 par\n|move|p2a: Chesnaught|Leech Seed|p1a: Clefable\n|-start|p1a: Clefable|move: Leech Seed\n|\n|upkeep\n|turn|216\n|\n|t:|1700017449\n|switch|p2a: Huevona|Blissey, F, shiny, tera:Ghost|88\/100\n|move|p1a: Clefable|Moonblast|p2a: Huevona\n|-crit|p2a: Huevona\n|-damage|p2a: Huevona|75\/100\n|\n|upkeep\n|turn|217\n|\n|t:|1700017465\n|switch|p1a: Chesnaught|Chesnaught, M, shiny|77\/100\n|move|p2a: Huevona|Stealth Rock|p1a: Chesnaught\n|-sidestart|p1: guzmfran|move: Stealth Rock\n|\n|upkeep\n|turn|218\n|\n|t:|1700017472\n|switch|p2a: Clodsire|Clodsire, M, shiny|61\/100 brn\n|move|p1a: Chesnaught|Synthesis|p1a: Chesnaught\n|-heal|p1a: Chesnaught|100\/100\n|\n|-damage|p2a: Clodsire|54\/100 brn|[from] brn\n|upkeep\n|turn|219\n|\n|t:|1700017487\n|switch|p1a: Blissey|Blissey, F|41\/100\n|move|p2a: Clodsire|Toxic|p1a: Blissey\n|-status|p1a: Blissey|tox\n|\n|-damage|p1a: Blissey|35\/100 tox|[from] psn\n|-damage|p2a: Clodsire|48\/100 brn|[from] brn\n|upkeep\n|turn|220\n|\n|t:|1700017497\n|switch|p2a: Chesnaught|Chesnaught, M, shiny|100\/100\n|move|p1a: Blissey|Soft-Boiled|p1a: Blissey\n|-heal|p1a: Blissey|85\/100 tox\n|\n|-damage|p1a: Blissey|72\/100 tox|[from] psn\n|upkeep\n|turn|221\n|\n|t:|1700017505\n|-curestatus|p1a: Blissey|tox|[from] ability: Natural Cure\n|switch|p1a: Skeledirge|Skeledirge, F, shiny|70\/100 tox\n|move|p2a: Chesnaught|Leech Seed|p1a: Skeledirge\n|-start|p1a: Skeledirge|move: Leech Seed\n|\n|-damage|p1a: Skeledirge|58\/100 tox|[from] Leech Seed|[of] p2a: Chesnaught\n|-damage|p1a: Skeledirge|52\/100 tox|[from] psn\n|upkeep\n|turn|222\n|\n|t:|1700017519\n|switch|p1a: Clefable|Clefable, M, shiny|100\/100 par\n|switch|p2a: Clodsire|Clodsire, M, shiny|48\/100 brn\n|\n|-damage|p2a: Clodsire|42\/100 brn|[from] brn\n|upkeep\n|turn|223\n|\n|t:|1700017528\n|move|p1a: Clefable|Moonblast|p2a: Clodsire\n|-resisted|p2a: Clodsire\n|-damage|p2a: Clodsire|34\/100 brn\n|move|p2a: Clodsire|Spikes|p1a: Clefable\n|-sidestart|p1: guzmfran|Spikes\n|\n|-damage|p2a: Clodsire|28\/100 brn|[from] brn\n|upkeep\n|turn|224\n|\n|t:|1700017537\n|move|p1a: Clefable|Moonblast|p2a: Clodsire\n|-resisted|p2a: Clodsire\n|-damage|p2a: Clodsire|20\/100 brn\n|move|p2a: Clodsire|Spikes|p1a: Clefable\n|-sidestart|p1: guzmfran|Spikes\n|\n|-damage|p2a: Clodsire|13\/100 brn|[from] brn\n|upkeep\n|turn|225\n|\n|t:|1700017549\n|cant|p1a: Clefable|par\n|move|p2a: Clodsire|Spikes|p1a: Clefable\n|-sidestart|p1: guzmfran|Spikes\n|\n|-damage|p2a: Clodsire|7\/100 brn|[from] brn\n|upkeep\n|turn|226\n|\n|t:|1700017556\n|move|p1a: Clefable|Calm Mind|p1a: Clefable\n|-boost|p1a: Clefable|spa|1\n|-boost|p1a: Clefable|spd|1\n|move|p2a: Clodsire|Earthquake|p1a: Clefable\n|-damage|p1a: Clefable|90\/100 par\n|\n|-heal|p1a: Clefable|96\/100 par|[from] item: Leftovers\n|-damage|p2a: Clodsire|1\/100 brn|[from] brn\n|upkeep\n|turn|227\n|\n|t:|1700017566\n|switch|p2a: Huevona|Blissey, F, shiny, tera:Ghost|75\/100\n|move|p1a: Clefable|Calm Mind|p1a: Clefable\n|-boost|p1a: Clefable|spa|1\n|-boost|p1a: Clefable|spd|1\n|\n|-heal|p1a: Clefable|100\/100 par|[from] item: Leftovers\n|upkeep\n|turn|228\n|\n|t:|1700017575\n|switch|p1a: Skeledirge|Skeledirge, F, shiny|52\/100 tox\n|move|p2a: Huevona|Seismic Toss|p1a: Skeledirge\n|-immune|p1a: Skeledirge\n|\n|-damage|p1a: Skeledirge|46\/100 tox|[from] psn\n|upkeep\n|turn|229\n|\n|t:|1700017586\n|switch|p2a: Clodsire|Clodsire, M, shiny|1\/100 brn\n|move|p1a: Skeledirge|Slack Off|p1a: Skeledirge\n|-heal|p1a: Skeledirge|96\/100 tox\n|\n|-damage|p1a: Skeledirge|84\/100 tox|[from] psn\n|-damage|p2a: Clodsire|0 fnt|[from] brn\n|faint|p2a: Clodsire\n|upkeep\n|\n|t:|1700017593\n|switch|p2a: Chesnaught|Chesnaught, M, shiny|100\/100\n|turn|230\n|\n|t:|1700017600\n|switch|p1a: Gliscor|Gliscor, M|100\/100 tox\n|-damage|p1a: Gliscor|88\/100 tox|[from] Stealth Rock\n|move|p2a: Chesnaught|Spiky Shield||[still]\n|-fail|p2a: Chesnaught\n|\n|-heal|p1a: Gliscor|100\/100 tox|[from] ability: Poison Heal\n|upkeep\n|turn|231\n|\n|t:|1700017614\n|switch|p1a: Skeledirge|Skeledirge, F, shiny|84\/100 tox\n|switch|p2a: X-avier|Corviknight, M, shiny|57\/100\n|-ability|p2a: X-avier|Pressure\n|\n|-damage|p1a: Skeledirge|77\/100 tox|[from] psn\n|upkeep\n|turn|232\n|\n|t:|1700017625\n|switch|p2a: Huevona|Blissey, F, shiny, tera:Ghost|75\/100\n|move|p1a: Skeledirge|Shadow Ball|p2a: Huevona\n|-supereffective|p2a: Huevona\n|-damage|p2a: Huevona|58\/100\n|\n|-damage|p1a: Skeledirge|65\/100 tox|[from] psn\n|upkeep\n|turn|233\n|\n|t:|1700017635\n|switch|p1a: Gliscor|Gliscor, M|100\/100 tox\n|-damage|p1a: Gliscor|88\/100 tox|[from] Stealth Rock\n|move|p2a: Huevona|Soft-Boiled|p2a: Huevona\n|-heal|p2a: Huevona|100\/100\n|\n|-heal|p1a: Gliscor|100\/100 tox|[from] ability: Poison Heal\n|upkeep\n|turn|234\n|c|\u2606raulex902|estoy en laa shiet\n|\n|t:|1700017646\n|switch|p2a: X-avier|Corviknight, M, shiny|57\/100\n|-ability|p2a: X-avier|Pressure\n|move|p1a: Gliscor|Knock Off|p2a: X-avier\n|-damage|p2a: X-avier|48\/100\n|\n|upkeep\n|turn|235\n|\n|t:|1700017656\n|switch|p2a: Chesnaught|Chesnaught, M, shiny|100\/100\n|move|p1a: Gliscor|Protect||[still]\n|-fail|p1a: Gliscor\n|\n|upkeep\n|turn|236\n|c|\u2606raulex902|listo\n|c|\u2606raulex902|lo logre\n|\n|t:|1700017664\n|switch|p1a: Clefable|Clefable, M, shiny|100\/100 par\n|move|p2a: Chesnaught|Seed Bomb|p1a: Clefable\n|-damage|p1a: Clefable|77\/100 par\n|\n|-heal|p1a: Clefable|83\/100 par|[from] item: Leftovers\n|upkeep\n|turn|237\n|\n|t:|1700017675\n|switch|p2a: Huevona|Blissey, F, shiny, tera:Ghost|100\/100\n|move|p1a: Clefable|Calm Mind|p1a: Clefable\n|-boost|p1a: Clefable|spa|1\n|-boost|p1a: Clefable|spd|1\n|\n|-heal|p1a: Clefable|89\/100 par|[from] item: Leftovers\n|upkeep\n|turn|238\n|\n|t:|1700017684\n|move|p1a: Clefable|Protect|p1a: Clefable\n|-singleturn|p1a: Clefable|Protect\n|move|p2a: Huevona|Seismic Toss|p1a: Clefable\n|-activate|p1a: Clefable|move: Protect\n|\n|-heal|p1a: Clefable|95\/100 par|[from] item: Leftovers\n|upkeep\n|turn|239\n|\n|t:|1700017692\n|move|p2a: Huevona|Seismic Toss|p1a: Clefable\n|-damage|p1a: Clefable|70\/100 par\n|move|p1a: Clefable|Calm Mind|p1a: Clefable\n|-boost|p1a: Clefable|spa|1\n|-boost|p1a: Clefable|spd|1\n|\n|-heal|p1a: Clefable|76\/100 par|[from] item: Leftovers\n|upkeep\n|turn|240\n|\n|t:|1700017701\n|cant|p1a: Clefable|par\n|move|p2a: Huevona|Stealth Rock||[still]\n|-fail|p2a: Huevona\n|\n|-heal|p1a: Clefable|82\/100 par|[from] item: Leftovers\n|upkeep\n|turn|241\n|\n|t:|1700017708\n|move|p2a: Huevona|Stealth Rock||[still]\n|-fail|p2a: Huevona\n|cant|p1a: Clefable|par\n|\n|-heal|p1a: Clefable|88\/100 par|[from] item: Leftovers\n|upkeep\n|turn|242\n|\n|t:|1700017715\n|switch|p2a: X-avier|Corviknight, M, shiny|48\/100\n|-ability|p2a: X-avier|Pressure\n|move|p1a: Clefable|Calm Mind|p1a: Clefable\n|-boost|p1a: Clefable|spa|1\n|-boost|p1a: Clefable|spd|1\n|\n|-heal|p1a: Clefable|94\/100 par|[from] item: Leftovers\n|upkeep\n|turn|243\n|\n|t:|1700017724\n|move|p2a: X-avier|U-turn|p1a: Clefable\n|-resisted|p1a: Clefable\n|-damage|p1a: Clefable|88\/100 par\n|\n|t:|1700017726\n|switch|p2a: Huevona|Blissey, F, shiny, tera:Ghost|100\/100|[from] U-turn\n|move|p1a: Clefable|Calm Mind|p1a: Clefable\n|-boost|p1a: Clefable|spa|1\n|-boost|p1a: Clefable|spd|1\n|\n|-heal|p1a: Clefable|94\/100 par|[from] item: Leftovers\n|upkeep\n|turn|244\n|\n|t:|1700017736\n|move|p1a: Clefable|Protect|p1a: Clefable\n|-singleturn|p1a: Clefable|Protect\n|move|p2a: Huevona|Seismic Toss|p1a: Clefable\n|-activate|p1a: Clefable|move: Protect\n|\n|-heal|p1a: Clefable|100\/100 par|[from] item: Leftovers\n|upkeep\n|turn|245\n|\n|t:|1700017746\n|move|p2a: Huevona|Seismic Toss|p1a: Clefable\n|-damage|p1a: Clefable|75\/100 par\n|move|p1a: Clefable|Calm Mind|p1a: Clefable\n|-boost|p1a: Clefable|spa|1\n|-boost|p1a: Clefable|spd|1\n|\n|-heal|p1a: Clefable|81\/100 par|[from] item: Leftovers\n|upkeep\n|turn|246\n|\n|t:|1700017754\n|move|p1a: Clefable|Protect|p1a: Clefable\n|-singleturn|p1a: Clefable|Protect\n|move|p2a: Huevona|Seismic Toss|p1a: Clefable\n|-activate|p1a: Clefable|move: Protect\n|\n|-heal|p1a: Clefable|87\/100 par|[from] item: Leftovers\n|upkeep\n|turn|247\n|\n|t:|1700017764\n|move|p2a: Huevona|Seismic Toss|p1a: Clefable\n|-damage|p1a: Clefable|62\/100 par\n|move|p1a: Clefable|Calm Mind|p1a: Clefable\n|-boost|p1a: Clefable|spa|1\n|-boost|p1a: Clefable|spd|1\n|\n|-heal|p1a: Clefable|68\/100 par|[from] item: Leftovers\n|upkeep\n|turn|248\n|\n|t:|1700017773\n|move|p2a: Huevona|Stealth Rock||[still]\n|-fail|p2a: Huevona\n|cant|p1a: Clefable|par\n|\n|-heal|p1a: Clefable|74\/100 par|[from] item: Leftovers\n|upkeep\n|turn|249\n|\n|t:|1700017785\n|move|p2a: Huevona|Stealth Rock||[still]\n|-fail|p2a: Huevona\n|move|p1a: Clefable|Moonblast|p2a: Huevona\n|-damage|p2a: Huevona|68\/100\n|\n|-heal|p1a: Clefable|80\/100 par|[from] item: Leftovers\n|upkeep\n|turn|250\n|\n|t:|1700017793\n|move|p2a: Huevona|Stealth Rock||[still]\n|-fail|p2a: Huevona\n|move|p1a: Clefable|Moonblast|p2a: Huevona\n|-damage|p2a: Huevona|35\/100\n|\n|-heal|p1a: Clefable|86\/100 par|[from] item: Leftovers\n|upkeep\n|turn|251\n|c|\u2606raulex902|se los tanquea\n|\n|t:|1700017803\n|move|p2a: Huevona|Soft-Boiled|p2a: Huevona\n|-heal|p2a: Huevona|85\/100\n|move|p1a: Clefable|Calm Mind|p1a: Clefable\n|-boost|p1a: Clefable|spa|0\n|-boost|p1a: Clefable|spd|0\n|\n|-heal|p1a: Clefable|92\/100 par|[from] item: Leftovers\n|upkeep\n|turn|252\n|\n|t:|1700017819\n|switch|p1a: Skeledirge|Skeledirge, F, shiny|65\/100 tox\n|move|p2a: Huevona|Stealth Rock||[still]\n|-fail|p2a: Huevona\n|\n|-damage|p1a: Skeledirge|59\/100 tox|[from] psn\n|upkeep\n|turn|253\n|\n|t:|1700017827\n|move|p1a: Skeledirge|Slack Off|p1a: Skeledirge\n|-heal|p1a: Skeledirge|100\/100 tox\n|move|p2a: Huevona|Stealth Rock||[still]\n|-fail|p2a: Huevona\n|\n|-damage|p1a: Skeledirge|88\/100 tox|[from] psn\n|upkeep\n|turn|254\n|\n|t:|1700017835\n|switch|p1a: Blissey|Blissey, F|72\/100\n|move|p2a: Huevona|Stealth Rock||[still]\n|-fail|p2a: Huevona\n|\n|upkeep\n|turn|255\n|\n|t:|1700017841\n|switch|p2a: Chesnaught|Chesnaught, M, shiny|100\/100\n|move|p1a: Blissey|Stealth Rock|p2a: Chesnaught\n|-sidestart|p2: raulex902|move: Stealth Rock\n|\n|upkeep\n|turn|256\n|\n|t:|1700017854\n|switch|p1a: Skeledirge|Skeledirge, F, shiny|88\/100 tox\n|move|p2a: Chesnaught|Leech Seed|p1a: Skeledirge\n|-start|p1a: Skeledirge|move: Leech Seed\n|\n|-damage|p1a: Skeledirge|76\/100 tox|[from] Leech Seed|[of] p2a: Chesnaught\n|-damage|p1a: Skeledirge|70\/100 tox|[from] psn\n|upkeep\n|turn|257\n|\n|t:|1700017867\n|switch|p1a: Clefable|Clefable, M, shiny|92\/100 par\n|move|p2a: Chesnaught|Spiky Shield||[still]\n|-fail|p2a: Chesnaught\n|\n|-heal|p1a: Clefable|98\/100 par|[from] item: Leftovers\n|upkeep\n|turn|258\n|\n|t:|1700017876\n|switch|p2a: X-avier|Corviknight, M, shiny|48\/100\n|-damage|p2a: X-avier|35\/100|[from] Stealth Rock\n|-ability|p2a: X-avier|Pressure\n|move|p1a: Clefable|Calm Mind|p1a: Clefable\n|-boost|p1a: Clefable|spa|1\n|-boost|p1a: Clefable|spd|1\n|\n|-heal|p1a: Clefable|100\/100 par|[from] item: Leftovers\n|upkeep\n|turn|259\n|\n|t:|1700017886\n|move|p2a: X-avier|U-turn|p1a: Clefable\n|-resisted|p1a: Clefable\n|-damage|p1a: Clefable|96\/100 par\n|\n|t:|1700017888\n|switch|p2a: Huevona|Blissey, F, shiny, tera:Ghost|85\/100|[from] U-turn\n|move|p1a: Clefable|Moonblast|p2a: Huevona\n|-damage|p2a: Huevona|72\/100\n|\n|-heal|p1a: Clefable|100\/100 par|[from] item: Leftovers\n|upkeep\n|turn|260\n|\n|t:|1700017900\n|switch|p1a: Gliscor|Gliscor, M|100\/100 tox\n|-damage|p1a: Gliscor|88\/100 tox|[from] Stealth Rock\n|move|p2a: Huevona|Stealth Rock||[still]\n|-fail|p2a: Huevona\n|\n|-heal|p1a: Gliscor|100\/100 tox|[from] ability: Poison Heal\n|upkeep\n|turn|261\n|\n|t:|1700017909\n|switch|p2a: Chesnaught|Chesnaught, M, shiny|100\/100\n|-damage|p2a: Chesnaught|94\/100|[from] Stealth Rock\n|move|p1a: Gliscor|Protect||[still]\n|-fail|p1a: Gliscor\n|\n|-heal|p2a: Chesnaught|100\/100|[from] item: Leftovers\n|upkeep\n|turn|262\n|\n|t:|1700017921\n|switch|p1a: Skeledirge|Skeledirge, F, shiny|70\/100 tox\n|move|p2a: Chesnaught|Seed Bomb|p1a: Skeledirge\n|-resisted|p1a: Skeledirge\n|-damage|p1a: Skeledirge|58\/100 tox\n|\n|-damage|p1a: Skeledirge|52\/100 tox|[from] psn\n|upkeep\n|turn|263\n|\n|t:|1700017930\n|move|p1a: Skeledirge|Will-O-Wisp|p2a: Chesnaught\n|-status|p2a: Chesnaught|brn\n|move|p2a: Chesnaught|Leech Seed|p1a: Skeledirge\n|-start|p1a: Skeledirge|move: Leech Seed\n|\n|-damage|p1a: Skeledirge|40\/100 tox|[from] Leech Seed|[of] p2a: Chesnaught\n|-damage|p1a: Skeledirge|27\/100 tox|[from] psn\n|-damage|p2a: Chesnaught|94\/100 brn|[from] brn\n|upkeep\n|turn|264\n|\n|t:|1700017945\n|switch|p1a: Clefable|Clefable, M, shiny|100\/100 par\n|switch|p2a: Huevona|Blissey, F, shiny, tera:Ghost|72\/100\n|\n|upkeep\n|turn|265\n|\n|t:|1700017954\n|switch|p2a: Chesnaught|Chesnaught, M, shiny|94\/100 brn\n|-damage|p2a: Chesnaught|88\/100 brn|[from] Stealth Rock\n|switch|p1a: Chesnaught|Chesnaught, M, shiny|100\/100\n|\n|-heal|p2a: Chesnaught|94\/100 brn|[from] item: Leftovers\n|-damage|p2a: Chesnaught|88\/100 brn|[from] brn\n|upkeep\n|turn|266\n|\n|t:|1700017966\n|move|p2a: Chesnaught|Body Press|p1a: Chesnaught\n|-damage|p1a: Chesnaught|88\/100\n|move|p1a: Chesnaught|Knock Off|p2a: Chesnaught\n|-resisted|p2a: Chesnaught\n|-damage|p2a: Chesnaught|82\/100 brn\n|-enditem|p2a: Chesnaught|Leftovers|[from] move: Knock Off|[of] p1a: Chesnaught\n|\n|-damage|p2a: Chesnaught|75\/100 brn|[from] brn\n|upkeep\n|turn|267\n|\n|t:|1700017975\n|switch|p2a: X-avier|Corviknight, M, shiny|35\/100\n|-damage|p2a: X-avier|23\/100|[from] Stealth Rock\n|-ability|p2a: X-avier|Pressure\n|move|p1a: Chesnaught|Body Press|p2a: X-avier\n|-damage|p2a: X-avier|0 fnt\n|faint|p2a: X-avier\n|\n|upkeep\n|\n|t:|1700017979\n|switch|p2a: Huevona|Blissey, F, shiny, tera:Ghost|72\/100\n|turn|268\n|\n|t:|1700017987\n|move|p1a: Chesnaught|Knock Off|p2a: Huevona\n|-supereffective|p2a: Huevona\n|-damage|p2a: Huevona|0 fnt\n|-enditem|p2a: Huevona|Heavy-Duty Boots|[from] move: Knock Off|[of] p1a: Chesnaught\n|faint|p2a: Huevona\n|\n|upkeep\n|c|\u2606raulex902|se me habia olvidado el chegsnaaugt xd\n|\n|t:|1700018003\n|switch|p2a: Chesnaught|Chesnaught, M, shiny|75\/100 brn\n|-damage|p2a: Chesnaught|69\/100 brn|[from] Stealth Rock\n|turn|269\n|\n|t:|1700018008\n|move|p2a: Chesnaught|Body Press|p1a: Chesnaught\n|-damage|p1a: Chesnaught|75\/100\n|move|p1a: Chesnaught|Body Press|p2a: Chesnaught\n|-damage|p2a: Chesnaught|45\/100 brn\n|\n|-damage|p2a: Chesnaught|39\/100 brn|[from] brn\n|upkeep\n|turn|270\n|\n|t:|1700018016\n|move|p1a: Chesnaught|Body Press|p2a: Chesnaught\n|-damage|p2a: Chesnaught|15\/100 brn\n|move|p2a: Chesnaught|Body Press|p1a: Chesnaught\n|-damage|p1a: Chesnaught|62\/100\n|\n|-damage|p2a: Chesnaught|9\/100 brn|[from] brn\n|upkeep\n|turn|271\n|c|\u2606raulex902|gg esstuvo buena+\n|\n|t:|1700018028\n|move|p1a: Chesnaught|Body Press|p2a: Chesnaught\n|-damage|p2a: Chesnaught|0 fnt\n|faint|p2a: Chesnaught\n|\n|win|guzmfran\n|l|\u2606raulex902\n|c|\u2606guzmfran|Si men alfin conoci alguien como yo \ud83d\ude02\n","uploadtime":1700018049,"views":39,"p1id":"guzmfran","p2id":"raulex902","formatid":"gen9ubers","rating":0,"private":0,"password":""}