{"id":"gen9ubers-1977034139","p1":"Deriverse","p2":"Plumira","format":"[Gen 9] Ubers","log":"|j|\u2606Deriverse\n|j|\u2606Plumira\n|t:|1698364105\n|gametype|singles\n|player|p1|Deriverse|roxanne|1232\n|player|p2|Plumira|caitlin-masters|1169\n|teamsize|p1|6\n|teamsize|p2|6\n|gen|9\n|tier|[Gen 9] Ubers\n|rated|\n|rule|Sleep Clause Mod: Limit one foe put to sleep\n|rule|Species Clause: Limit one of each Pok\u00e9mon\n|rule|OHKO Clause: OHKO moves are banned\n|rule|Evasion Items Clause: Evasion items are banned\n|rule|Evasion Moves Clause: Evasion moves are banned\n|rule|Endless Battle Clause: Forcing endless battles is banned\n|rule|HP Percentage Mod: HP is shown in percentages\n|clearpoke\n|poke|p1|Shaymin-Sky|\n|poke|p1|Flutter Mane|\n|poke|p1|Groudon|\n|poke|p1|Chi-Yu|\n|poke|p1|Ribombee, M|\n|poke|p1|Great Tusk|\n|poke|p2|Kyogre|\n|poke|p2|Vaporeon, M|\n|poke|p2|Clodsire, F|\n|poke|p2|Urshifu-*, M|\n|poke|p2|Magearna|\n|poke|p2|Spectrier|\n|teampreview\n|inactive|Battle timer is ON: inactive players will automatically lose when time's up. (requested by Deriverse)\n|inactive|Deriverse has 120 seconds left.\n|inactive|Deriverse has 90 seconds left.\n|\n|t:|1698364183\n|start\n|switch|p1a: Ribombee|Ribombee, M|100\/100\n|switch|p2a: Magearna|Magearna|100\/100\n|-item|p2a: Magearna|Air Balloon\n|turn|1\n|\n|t:|1698364190\n|move|p1a: Ribombee|Stun Spore|p2a: Magearna|[miss]\n|-miss|p1a: Ribombee|p2a: Magearna\n|move|p2a: Magearna|Encore|p1a: Ribombee\n|-start|p1a: Ribombee|Encore\n|\n|upkeep\n|turn|2\n|\n|t:|1698364196\n|switch|p2a: Clodsire|Clodsire, F|100\/100\n|move|p1a: Ribombee|Stun Spore|p2a: Clodsire\n|-status|p2a: Clodsire|par\n|\n|upkeep\n|turn|3\n|\n|t:|1698364202\n|switch|p1a: Great Tusk|Great Tusk|100\/100\n|move|p2a: Clodsire|Toxic|p1a: Great Tusk\n|-status|p1a: Great Tusk|tox\n|\n|-damage|p1a: Great Tusk|94\/100 tox|[from] psn\n|upkeep\n|turn|4\n|\n|t:|1698364209\n|switch|p2a: Vaporeon|Vaporeon, M|100\/100\n|move|p1a: Great Tusk|Stealth Rock|p2a: Vaporeon\n|-sidestart|p2: Plumira|move: Stealth Rock\n|\n|-damage|p1a: Great Tusk|82\/100 tox|[from] psn\n|upkeep\n|turn|5\n|\n|t:|1698364215\n|move|p2a: Vaporeon|Protect|p2a: Vaporeon\n|-singleturn|p2a: Vaporeon|Protect\n|move|p1a: Great Tusk|Knock Off|p2a: Vaporeon\n|-activate|p2a: Vaporeon|move: Protect\n|\n|-damage|p1a: Great Tusk|63\/100 tox|[from] psn\n|upkeep\n|turn|6\n|\n|t:|1698364224\n|-end|p1a: Great Tusk|Protosynthesis|[silent]\n|switch|p1a: Ribombee|Ribombee, M|100\/100\n|switch|p2a: Clodsire|Clodsire, F|100\/100 par\n|-damage|p2a: Clodsire|94\/100 par|[from] Stealth Rock\n|\n|upkeep\n|turn|7\n|\n|t:|1698364232\n|move|p1a: Ribombee|Sticky Web|p2a: Clodsire\n|-sidestart|p2: Plumira|move: Sticky Web\n|move|p2a: Clodsire|Toxic|p1a: Ribombee\n|-status|p1a: Ribombee|tox\n|\n|-damage|p1a: Ribombee|94\/100 tox|[from] psn\n|upkeep\n|turn|8\n|\n|t:|1698364239\n|switch|p1a: Great Tusk|Great Tusk|63\/100 tox\n|move|p2a: Clodsire|Earthquake|p1a: Great Tusk\n|-damage|p1a: Great Tusk|48\/100 tox\n|\n|-damage|p1a: Great Tusk|42\/100 tox|[from] psn\n|upkeep\n|turn|9\n|\n|t:|1698364251\n|switch|p2a: Magearna|Magearna|100\/100\n|-damage|p2a: Magearna|94\/100|[from] Stealth Rock\n|-item|p2a: Magearna|Air Balloon\n|move|p1a: Great Tusk|Knock Off|p2a: Magearna\n|-resisted|p2a: Magearna\n|-crit|p2a: Magearna\n|-damage|p2a: Magearna|75\/100\n|-enditem|p2a: Magearna|Air Balloon\n|\n|-damage|p1a: Great Tusk|29\/100 tox|[from] psn\n|upkeep\n|turn|10\n|\n|t:|1698364262\n|switch|p2a: Vaporeon|Vaporeon, M|100\/100\n|-damage|p2a: Vaporeon|88\/100|[from] Stealth Rock\n|-activate|p2a: Vaporeon|move: Sticky Web\n|-unboost|p2a: Vaporeon|spe|1\n|move|p1a: Great Tusk|Headlong Rush|p2a: Vaporeon\n|-damage|p2a: Vaporeon|46\/100\n|-unboost|p1a: Great Tusk|def|1\n|-unboost|p1a: Great Tusk|spd|1\n|\n|-heal|p2a: Vaporeon|52\/100|[from] item: Leftovers\n|-damage|p1a: Great Tusk|10\/100 tox|[from] psn\n|upkeep\n|turn|11\n|\n|t:|1698364276\n|-end|p1a: Great Tusk|Protosynthesis|[silent]\n|switch|p1a: Ribombee|Ribombee, M|94\/100 tox\n|move|p2a: Vaporeon|Protect||[still]\n|-fail|p2a: Vaporeon\n|\n|-heal|p2a: Vaporeon|58\/100|[from] item: Leftovers\n|-damage|p1a: Ribombee|88\/100 tox|[from] psn\n|upkeep\n|turn|12\n|\n|t:|1698364283\n|move|p1a: Ribombee|Moonblast|p2a: Vaporeon\n|-damage|p2a: Vaporeon|23\/100\n|move|p2a: Vaporeon|Calm Mind|p2a: Vaporeon\n|-boost|p2a: Vaporeon|spa|1\n|-boost|p2a: Vaporeon|spd|1\n|\n|-heal|p2a: Vaporeon|29\/100|[from] item: Leftovers\n|-damage|p1a: Ribombee|76\/100 tox|[from] psn\n|upkeep\n|turn|13\n|\n|t:|1698364292\n|move|p2a: Vaporeon|Protect|p2a: Vaporeon\n|-singleturn|p2a: Vaporeon|Protect\n|move|p1a: Ribombee|Stun Spore|p2a: Vaporeon\n|-activate|p2a: Vaporeon|move: Protect\n|\n|-heal|p2a: Vaporeon|35\/100|[from] item: Leftovers\n|-damage|p1a: Ribombee|58\/100 tox|[from] psn\n|upkeep\n|turn|14\n|\n|t:|1698364304\n|move|p2a: Vaporeon|Protect|p2a: Vaporeon\n|-singleturn|p2a: Vaporeon|Protect\n|move|p1a: Ribombee|Stun Spore|p2a: Vaporeon\n|-activate|p2a: Vaporeon|move: Protect\n|\n|-heal|p2a: Vaporeon|42\/100|[from] item: Leftovers\n|-damage|p1a: Ribombee|33\/100 tox|[from] psn\n|upkeep\n|turn|15\n|\n|t:|1698364313\n|move|p2a: Vaporeon|Protect||[still]\n|-fail|p2a: Vaporeon\n|move|p1a: Ribombee|Stun Spore|p2a: Vaporeon|[miss]\n|-miss|p1a: Ribombee|p2a: Vaporeon\n|\n|-heal|p2a: Vaporeon|48\/100|[from] item: Leftovers\n|-damage|p1a: Ribombee|2\/100 tox|[from] psn\n|upkeep\n|turn|16\n|\n|t:|1698364321\n|move|p2a: Vaporeon|Protect|p2a: Vaporeon\n|-singleturn|p2a: Vaporeon|Protect\n|move|p1a: Ribombee|Moonblast|p2a: Vaporeon\n|-activate|p2a: Vaporeon|move: Protect\n|\n|-heal|p2a: Vaporeon|54\/100|[from] item: Leftovers\n|-damage|p1a: Ribombee|0 fnt|[from] psn\n|faint|p1a: Ribombee\n|upkeep\n|\n|t:|1698364326\n|switch|p1a: Shaymin|Shaymin-Sky|100\/100\n|turn|17\n|\n|t:|1698364332\n|move|p1a: Shaymin|Air Slash|p2a: Vaporeon\n|-damage|p2a: Vaporeon|33\/100\n|cant|p2a: Vaporeon|flinch\n|\n|-heal|p2a: Vaporeon|40\/100|[from] item: Leftovers\n|upkeep\n|turn|18\n|\n|t:|1698364337\n|move|p2a: Vaporeon|Protect|p2a: Vaporeon\n|-singleturn|p2a: Vaporeon|Protect\n|move|p1a: Shaymin|Air Slash|p2a: Vaporeon\n|-activate|p2a: Vaporeon|move: Protect\n|\n|-heal|p2a: Vaporeon|46\/100|[from] item: Leftovers\n|upkeep\n|turn|19\n|\n|t:|1698364344\n|move|p1a: Shaymin|Air Slash|p2a: Vaporeon\n|-damage|p2a: Vaporeon|25\/100\n|move|p2a: Vaporeon|Yawn|p1a: Shaymin\n|-start|p1a: Shaymin|move: Yawn|[of] p2a: Vaporeon\n|\n|-heal|p2a: Vaporeon|31\/100|[from] item: Leftovers\n|upkeep\n|turn|20\n|\n|t:|1698364351\n|switch|p1a: Great Tusk|Great Tusk|10\/100 tox\n|move|p2a: Vaporeon|Scald|p1a: Great Tusk\n|-supereffective|p1a: Great Tusk\n|-damage|p1a: Great Tusk|0 fnt\n|faint|p1a: Great Tusk\n|-end|p1a: Great Tusk|Protosynthesis|[silent]\n|\n|-heal|p2a: Vaporeon|38\/100|[from] item: Leftovers\n|upkeep\n|\n|t:|1698364363\n|switch|p1a: Groudon|Groudon|100\/100\n|-weather|SunnyDay|[from] ability: Drought|[of] p1a: Groudon\n|turn|21\n|\n|t:|1698364367\n|move|p2a: Vaporeon|Protect|p2a: Vaporeon\n|-singleturn|p2a: Vaporeon|Protect\n|move|p1a: Groudon|Precipice Blades|p2a: Vaporeon\n|-activate|p2a: Vaporeon|move: Protect\n|\n|-weather|SunnyDay|[upkeep]\n|-heal|p2a: Vaporeon|44\/100|[from] item: Leftovers\n|upkeep\n|turn|22\n|\n|t:|1698364375\n|move|p1a: Groudon|Precipice Blades|p2a: Vaporeon\n|-damage|p2a: Vaporeon|0 fnt\n|faint|p2a: Vaporeon\n|\n|-weather|SunnyDay|[upkeep]\n|upkeep\n|\n|t:|1698364384\n|switch|p2a: Kyogre|Kyogre|100\/100\n|-damage|p2a: Kyogre|88\/100|[from] Stealth Rock\n|-activate|p2a: Kyogre|move: Sticky Web\n|-unboost|p2a: Kyogre|spe|1\n|-weather|RainDance|[from] ability: Drizzle|[of] p2a: Kyogre\n|turn|23\n|\n|t:|1698364398\n|switch|p1a: Shaymin|Shaymin-Sky|100\/100\n|move|p2a: Kyogre|Ice Beam|p1a: Shaymin\n|-supereffective|p1a: Shaymin\n|-damage|p1a: Shaymin|0 fnt\n|faint|p1a: Shaymin\n|\n|-weather|RainDance|[upkeep]\n|upkeep\n|\n|t:|1698364405\n|switch|p1a: Flutter Mane|Flutter Mane|100\/100\n|turn|24\n|\n|t:|1698364411\n|switch|p2a: Magearna|Magearna|75\/100\n|-damage|p2a: Magearna|69\/100|[from] Stealth Rock\n|-activate|p2a: Magearna|move: Sticky Web\n|-unboost|p2a: Magearna|spe|1\n|move|p1a: Flutter Mane|Calm Mind|p1a: Flutter Mane\n|-boost|p1a: Flutter Mane|spa|1\n|-boost|p1a: Flutter Mane|spd|1\n|\n|-weather|RainDance|[upkeep]\n|upkeep\n|turn|25\n|\n|t:|1698364429\n|-terastallize|p1a: Flutter Mane|Ghost\n|move|p1a: Flutter Mane|Calm Mind|p1a: Flutter Mane\n|-boost|p1a: Flutter Mane|spa|1\n|-boost|p1a: Flutter Mane|spd|1\n|move|p2a: Magearna|Iron Head|p1a: Flutter Mane\n|-damage|p1a: Flutter Mane|37\/100\n|\n|-weather|RainDance|[upkeep]\n|-heal|p1a: Flutter Mane|43\/100|[from] item: Leftovers\n|upkeep\n|turn|26\n|\n|t:|1698364438\n|move|p1a: Flutter Mane|Shadow Ball|p2a: Magearna\n|-damage|p2a: Magearna|0 fnt\n|faint|p2a: Magearna\n|\n|-weather|RainDance|[upkeep]\n|-heal|p1a: Flutter Mane|49\/100|[from] item: Leftovers\n|upkeep\n|\n|t:|1698364445\n|switch|p2a: Clodsire|Clodsire, F|94\/100 par\n|-damage|p2a: Clodsire|88\/100 par|[from] Stealth Rock\n|-activate|p2a: Clodsire|move: Sticky Web\n|-unboost|p2a: Clodsire|spe|1\n|turn|27\n|\n|t:|1698364449\n|move|p1a: Flutter Mane|Substitute|p1a: Flutter Mane\n|-start|p1a: Flutter Mane|Substitute\n|-damage|p1a: Flutter Mane|24\/100\n|cant|p2a: Clodsire|par\n|\n|-weather|none\n|-heal|p1a: Flutter Mane|30\/100|[from] item: Leftovers\n|upkeep\n|turn|28\n|\n|t:|1698364456\n|move|p1a: Flutter Mane|Shadow Ball|p2a: Clodsire\n|-damage|p2a: Clodsire|43\/100 par\n|-enditem|p2a: Clodsire|Sitrus Berry|[eat]\n|-heal|p2a: Clodsire|68\/100 par|[from] item: Sitrus Berry\n|cant|p2a: Clodsire|par\n|\n|-heal|p1a: Flutter Mane|36\/100|[from] item: Leftovers\n|upkeep\n|turn|29\n|\n|t:|1698364463\n|move|p1a: Flutter Mane|Shadow Ball|p2a: Clodsire\n|-damage|p2a: Clodsire|26\/100 par\n|-unboost|p2a: Clodsire|spd|1\n|move|p2a: Clodsire|Earthquake|p1a: Flutter Mane\n|-end|p1a: Flutter Mane|Substitute\n|\n|-heal|p1a: Flutter Mane|42\/100|[from] item: Leftovers\n|upkeep\n|turn|30\n|\n|t:|1698364472\n|move|p1a: Flutter Mane|Shadow Ball|p2a: Clodsire\n|-damage|p2a: Clodsire|0 fnt\n|faint|p2a: Clodsire\n|\n|-heal|p1a: Flutter Mane|48\/100|[from] item: Leftovers\n|upkeep\n|\n|t:|1698364484\n|switch|p2a: Spectrier|Spectrier|100\/100\n|-damage|p2a: Spectrier|88\/100|[from] Stealth Rock\n|-activate|p2a: Spectrier|move: Sticky Web\n|-unboost|p2a: Spectrier|spe|1\n|turn|31\n|\n|t:|1698364504\n|move|p1a: Flutter Mane|Moonblast|p2a: Spectrier\n|-damage|p2a: Spectrier|0 fnt\n|faint|p2a: Spectrier\n|\n|-heal|p1a: Flutter Mane|54\/100|[from] item: Leftovers\n|upkeep\n|\n|t:|1698364509\n|switch|p2a: Kyogre|Kyogre|88\/100\n|-damage|p2a: Kyogre|76\/100|[from] Stealth Rock\n|-activate|p2a: Kyogre|move: Sticky Web\n|-unboost|p2a: Kyogre|spe|1\n|-weather|RainDance|[from] ability: Drizzle|[of] p2a: Kyogre\n|turn|32\n|\n|t:|1698364520\n|-terastallize|p2a: Kyogre|Water\n|move|p1a: Flutter Mane|Moonblast|p2a: Kyogre\n|-damage|p2a: Kyogre|0 fnt\n|faint|p2a: Kyogre\n|\n|-weather|RainDance|[upkeep]\n|-heal|p1a: Flutter Mane|60\/100|[from] item: Leftovers\n|upkeep\n|-message|Plumira forfeited.\n|\n|win|Deriverse\n|raw|Deriverse's rating: 1232 &rarr; <strong>1253<\/strong><br \/>(+21 for winning)\n|raw|Plumira's rating: 1169 &rarr; <strong>1148<\/strong><br \/>(-21 for losing)\n|l|\u2606Plumira\n","uploadtime":1698364533,"views":6,"p1id":"deriverse","p2id":"plumira","formatid":"gen9ubers","rating":1148,"private":0,"password":""}