{"id":"gen9ubers-1998204091","p1":"Vincent RPPLF","p2":"Roxas RPPLF","format":"[Gen 9] Ubers","log":"|j|\u2606Vincent RPPLF\n|j|\u2606Roxas RPPLF\n|t:|1700912119\n|gametype|singles\n|player|p1|Vincent RPPLF|ghetsis-gen5bw|\n|player|p2|Roxas RPPLF|supernerd|\n|teamsize|p1|6\n|teamsize|p2|6\n|gen|9\n|tier|[Gen 9] Ubers\n|rule|Sleep Clause Mod: Limit one foe put to sleep\n|rule|Species Clause: Limit one of each Pok\u00e9mon\n|rule|OHKO Clause: OHKO moves are banned\n|rule|Evasion Items Clause: Evasion items are banned\n|rule|Evasion Moves Clause: Evasion moves are banned\n|rule|Endless Battle Clause: Forcing endless battles is banned\n|rule|HP Percentage Mod: HP is shown in percentages\n|clearpoke\n|poke|p1|Clodsire, M|\n|poke|p1|Iron Valiant|\n|poke|p1|Regidrago|\n|poke|p1|Corviknight, M|\n|poke|p1|Hawlucha, F|\n|poke|p1|Dugtrio, F|\n|poke|p2|Miraidon|\n|poke|p2|Iron Leaves|\n|poke|p2|Iron Moth|\n|poke|p2|Iron Hands|\n|poke|p2|Iron Jugulis|\n|poke|p2|Forretress, F|\n|teampreview\n|c|\u2606Vincent RPPLF|Bon match l'ami !\n|\n|t:|1700912164\n|start\n|switch|p1a: Regidrago|Regidrago|100\/100\n|switch|p2a: Forretress|Forretress, F|100\/100\n|turn|1\n|\n|t:|1700912175\n|move|p1a: Regidrago|Dragon Energy|p2a: Forretress\n|-resisted|p2a: Forretress\n|-damage|p2a: Forretress|29\/100\n|move|p2a: Forretress|Volt Switch|p1a: Regidrago\n|-resisted|p1a: Regidrago\n|-damage|p1a: Regidrago|95\/100\n|\n|t:|1700912184\n|switch|p2a: Iron Hands|Iron Hands|100\/100|[from] Volt Switch\n|\n|upkeep\n|turn|2\n|c|\u2606Roxas RPPLF|Bon match :)\n|\n|t:|1700912237\n|-terastallize|p1a: Regidrago|Dragon\n|move|p1a: Regidrago|Dragon Energy|p2a: Iron Hands\n|-damage|p2a: Iron Hands|25\/100\n|move|p2a: Iron Hands|Ice Punch|p1a: Regidrago\n|-supereffective|p1a: Regidrago\n|-damage|p1a: Regidrago|30\/100\n|\n|upkeep\n|turn|3\n|\n|t:|1700912262\n|move|p1a: Regidrago|Dragon Energy|p2a: Iron Hands\n|-damage|p2a: Iron Hands|1\/100\n|move|p2a: Iron Hands|Drain Punch|p1a: Regidrago\n|-crit|p1a: Regidrago\n|-damage|p1a: Regidrago|0 fnt\n|-heal|p2a: Iron Hands|17\/100|[from] drain|[of] p1a: Regidrago\n|faint|p1a: Regidrago\n|\n|upkeep\n|\n|t:|1700912271\n|switch|p1a: Dugtrio|Dugtrio, F|100\/100\n|turn|4\n|\n|t:|1700912276\n|move|p1a: Dugtrio|Earthquake|p2a: Iron Hands\n|-supereffective|p2a: Iron Hands\n|-damage|p2a: Iron Hands|0 fnt\n|faint|p2a: Iron Hands\n|-end|p2a: Iron Hands|Quark Drive|[silent]\n|\n|upkeep\n|\n|t:|1700912288\n|switch|p2a: Iron Leaves|Iron Leaves|100\/100\n|turn|5\n|\n|t:|1700912294\n|move|p1a: Dugtrio|Foul Play|p2a: Iron Leaves\n|-supereffective|p2a: Iron Leaves\n|-damage|p2a: Iron Leaves|31\/100\n|move|p2a: Iron Leaves|Swords Dance|p2a: Iron Leaves\n|-boost|p2a: Iron Leaves|atk|2\n|\n|upkeep\n|turn|6\n|\n|t:|1700912312\n|move|p1a: Dugtrio|Foul Play|p2a: Iron Leaves\n|-supereffective|p2a: Iron Leaves\n|-damage|p2a: Iron Leaves|0 fnt\n|faint|p2a: Iron Leaves\n|-end|p2a: Iron Leaves|Quark Drive|[silent]\n|\n|upkeep\n|\n|t:|1700912320\n|switch|p2a: Iron Jugulis|Iron Jugulis|100\/100\n|turn|7\n|\n|t:|1700912339\n|switch|p1a: Corviknight|Corviknight, M|100\/100\n|move|p2a: Iron Jugulis|Dark Pulse|p1a: Corviknight\n|-damage|p1a: Corviknight|43\/100\n|\n|upkeep\n|turn|8\n|\n|t:|1700912357\n|move|p2a: Iron Jugulis|Dark Pulse|p1a: Corviknight\n|-damage|p1a: Corviknight|0 fnt\n|faint|p1a: Corviknight\n|\n|upkeep\n|\n|t:|1700912380\n|switch|p1a: Clodsire|Clodsire, M|100\/100\n|turn|9\n|\n|t:|1700912390\n|-end|p2a: Iron Jugulis|Quark Drive|[silent]\n|switch|p2a: Forretress|Forretress, F|29\/100\n|move|p1a: Clodsire|Stealth Rock|p2a: Forretress\n|-sidestart|p2: Roxas RPPLF|move: Stealth Rock\n|\n|upkeep\n|turn|10\n|\n|t:|1700912397\n|move|p2a: Forretress|Rapid Spin|p1a: Clodsire\n|-damage|p1a: Clodsire|91\/100\n|-boost|p2a: Forretress|spe|1\n|-sideend|p2: Roxas RPPLF|Stealth Rock|[from] move: Rapid Spin|[of] p2a: Forretress\n|move|p1a: Clodsire|Earthquake|p2a: Forretress\n|-damage|p2a: Forretress|12\/100\n|\n|-heal|p1a: Clodsire|97\/100|[from] item: Leftovers\n|upkeep\n|turn|11\n|\n|t:|1700912408\n|move|p2a: Forretress|Stealth Rock|p1a: Clodsire\n|-sidestart|p1: Vincent RPPLF|move: Stealth Rock\n|move|p1a: Clodsire|Earthquake|p2a: Forretress\n|-damage|p2a: Forretress|0 fnt\n|faint|p2a: Forretress\n|\n|-heal|p1a: Clodsire|100\/100|[from] item: Leftovers\n|upkeep\n|\n|t:|1700912438\n|switch|p2a: Miraidon|Miraidon|100\/100\n|-fieldstart|move: Electric Terrain|[from] ability: Hadron Engine|[of] p2a: Miraidon\n|turn|12\n|\n|t:|1700912455\n|move|p2a: Miraidon|Taunt|p1a: Clodsire\n|-start|p1a: Clodsire|move: Taunt\n|move|p1a: Clodsire|Earthquake|p2a: Miraidon\n|-supereffective|p2a: Miraidon\n|-damage|p2a: Miraidon|44\/100\n|\n|upkeep\n|turn|13\n|\n|t:|1700912463\n|switch|p2a: Iron Jugulis|Iron Jugulis|100\/100\n|-activate|p2a: Iron Jugulis|ability: Quark Drive\n|-start|p2a: Iron Jugulis|quarkdrivespe\n|move|p1a: Clodsire|Earthquake|p2a: Iron Jugulis\n|-immune|p2a: Iron Jugulis\n|\n|upkeep\n|turn|14\n|\n|t:|1700912484\n|switch|p1a: Dugtrio|Dugtrio, F|100\/100\n|-damage|p1a: Dugtrio|94\/100|[from] Stealth Rock\n|move|p2a: Iron Jugulis|Dark Pulse|p1a: Dugtrio\n|-damage|p1a: Dugtrio|0 fnt\n|faint|p1a: Dugtrio\n|\n|upkeep\n|\n|t:|1700912489\n|switch|p1a: Iron Valiant|Iron Valiant|100\/100\n|-damage|p1a: Iron Valiant|94\/100|[from] Stealth Rock\n|-activate|p1a: Iron Valiant|ability: Quark Drive\n|-start|p1a: Iron Valiant|quarkdrivespe\n|turn|15\n|\n|t:|1700912498\n|-end|p2a: Iron Jugulis|Quark Drive|[silent]\n|switch|p2a: Iron Moth|Iron Moth|100\/100\n|-activate|p2a: Iron Moth|ability: Quark Drive\n|-start|p2a: Iron Moth|quarkdrivespe\n|move|p1a: Iron Valiant|Moonblast|p2a: Iron Moth\n|-resisted|p2a: Iron Moth\n|-crit|p2a: Iron Moth\n|-damage|p2a: Iron Moth|77\/100\n|-unboost|p2a: Iron Moth|spa|1\n|-damage|p1a: Iron Valiant|85\/100|[from] item: Life Orb\n|\n|upkeep\n|turn|16\n|\n|t:|1700912511\n|move|p1a: Iron Valiant|Psyshock|p2a: Iron Moth\n|-supereffective|p2a: Iron Moth\n|-damage|p2a: Iron Moth|0 fnt\n|faint|p2a: Iron Moth\n|-end|p2a: Iron Moth|Quark Drive|[silent]\n|-damage|p1a: Iron Valiant|75\/100|[from] item: Life Orb\n|\n|upkeep\n|\n|t:|1700912519\n|switch|p2a: Iron Jugulis|Iron Jugulis|100\/100\n|-activate|p2a: Iron Jugulis|ability: Quark Drive\n|-start|p2a: Iron Jugulis|quarkdrivespe\n|turn|17\n|\n|t:|1700912530\n|-end|p1a: Iron Valiant|Quark Drive|[silent]\n|switch|p1a: Clodsire|Clodsire, M|100\/100\n|-damage|p1a: Clodsire|94\/100|[from] Stealth Rock\n|-terastallize|p2a: Iron Jugulis|Fire\n|move|p2a: Iron Jugulis|Flamethrower|p1a: Clodsire\n|-damage|p1a: Clodsire|58\/100\n|\n|-heal|p1a: Clodsire|65\/100|[from] item: Leftovers\n|upkeep\n|turn|18\n|\n|t:|1700912546\n|-end|p2a: Iron Jugulis|Quark Drive|[silent]\n|switch|p2a: Miraidon|Miraidon|44\/100\n|-activate|p2a: Miraidon|ability: Hadron Engine\n|move|p1a: Clodsire|Recover|p1a: Clodsire\n|-heal|p1a: Clodsire|100\/100\n|\n|upkeep\n|turn|19\n|\n|t:|1700912559\n|move|p2a: Miraidon|Draco Meteor|p1a: Clodsire\n|-damage|p1a: Clodsire|52\/100\n|-unboost|p2a: Miraidon|spa|2\n|move|p1a: Clodsire|Earthquake|p2a: Miraidon\n|-supereffective|p2a: Miraidon\n|-damage|p2a: Miraidon|0 fnt\n|faint|p2a: Miraidon\n|\n|-heal|p1a: Clodsire|58\/100|[from] item: Leftovers\n|-fieldend|move: Electric Terrain\n|upkeep\n|\n|t:|1700912571\n|switch|p2a: Iron Jugulis|Iron Jugulis, tera:Fire|100\/100\n|turn|20\n|\n|t:|1700912576\n|move|p2a: Iron Jugulis|Flamethrower|p1a: Clodsire\n|-damage|p1a: Clodsire|25\/100\n|move|p1a: Clodsire|Earthquake|p2a: Iron Jugulis\n|-supereffective|p2a: Iron Jugulis\n|-damage|p2a: Iron Jugulis|37\/100\n|\n|-heal|p1a: Clodsire|31\/100|[from] item: Leftovers\n|upkeep\n|turn|21\n|\n|t:|1700912590\n|move|p2a: Iron Jugulis|Flamethrower|p1a: Clodsire\n|-damage|p1a: Clodsire|0 fnt\n|faint|p1a: Clodsire\n|\n|upkeep\n|\n|t:|1700912594\n|switch|p1a: Iron Valiant|Iron Valiant|75\/100\n|-damage|p1a: Iron Valiant|69\/100|[from] Stealth Rock\n|turn|22\n|c|\u2606Roxas RPPLF|Gg\n|\n|t:|1700912612\n|move|p1a: Iron Valiant|Thunderbolt|p2a: Iron Jugulis\n|-damage|p2a: Iron Jugulis|0 fnt\n|faint|p2a: Iron Jugulis\n|-end|p2a: Iron Jugulis|Quark Drive|[silent]\n|-damage|p1a: Iron Valiant|59\/100|[from] item: Life Orb\n|\n|win|Vincent RPPLF\n|c|\u2606Vincent RPPLF|Gg\n|c|\u2606Roxas RPPLF|Je te mp pour te charade :)\n","uploadtime":1700912636,"views":7,"p1id":"vincentrpplf","p2id":"roxasrpplf","formatid":"gen9ubers","rating":0,"private":0,"password":""}