{"id":"gen9ubers-1988324460","p1":"HinaKagiyama1","p2":"miebaso11","format":"[Gen 9] Ubers","log":"|j|\u2606HinaKagiyama1\n|j|\u2606miebaso11\n|t:|1699708673\n|gametype|singles\n|player|p1|HinaKagiyama1|170|\n|player|p2|miebaso11|hilda-wonderlauncher|\n|teamsize|p1|6\n|teamsize|p2|6\n|gen|9\n|tier|[Gen 9] Ubers\n|rule|Sleep Clause Mod: Limit one foe put to sleep\n|rule|Species Clause: Limit one of each Pok\u00e9mon\n|rule|OHKO Clause: OHKO moves are banned\n|rule|Evasion Items Clause: Evasion items are banned\n|rule|Evasion Moves Clause: Evasion moves are banned\n|rule|Endless Battle Clause: Forcing endless battles is banned\n|rule|HP Percentage Mod: HP is shown in percentages\n|clearpoke\n|poke|p1|Ninetales-Alola, M|\n|poke|p1|Cyclizar, F|\n|poke|p1|Baxcalibur, F|\n|poke|p1|Froslass, F|\n|poke|p1|Chi-Yu|\n|poke|p1|Dragonite, F|\n|poke|p2|Walking Wake|\n|poke|p2|Manaphy|\n|poke|p2|Dragonite, M|\n|poke|p2|Sylveon, M|\n|poke|p2|Arceus-Poison|\n|poke|p2|Shaymin-Sky|\n|teampreview\n|inactive|Battle timer is ON: inactive players will automatically lose when time's up. (requested by miebaso11)\n|\n|t:|1699708689\n|start\n|switch|p1a: Cyclizar|Cyclizar, F|100\/100\n|switch|p2a: Dragonite|Dragonite, M|100\/100\n|turn|1\n|\n|t:|1699708712\n|-terastallize|p2a: Dragonite|Normal\n|move|p1a: Cyclizar|Shed Tail|p1a: Cyclizar\n|-start|p1a: Cyclizar|Substitute|[from] move: Shed Tail\n|-damage|p1a: Cyclizar|50\/100\n|\n|t:|1699708728\n|switch|p1a: Baxcalibur|Baxcalibur, F|100\/100|[from] Shed Tail\n|move|p2a: Dragonite|Dragon Dance|p2a: Dragonite\n|-boost|p2a: Dragonite|atk|1\n|-boost|p2a: Dragonite|spe|1\n|\n|upkeep\n|turn|2\n|\n|t:|1699708739\n|move|p2a: Dragonite|Dragon Dance|p2a: Dragonite\n|-boost|p2a: Dragonite|atk|1\n|-boost|p2a: Dragonite|spe|1\n|move|p1a: Baxcalibur|Icicle Spear|p2a: Dragonite\n|-damage|p2a: Dragonite|82\/100\n|-damage|p2a: Dragonite|65\/100\n|-damage|p2a: Dragonite|48\/100\n|-damage|p2a: Dragonite|30\/100\n|-damage|p2a: Dragonite|13\/100\n|-enditem|p2a: Dragonite|Liechi Berry|[eat]\n|-boost|p2a: Dragonite|atk|1|[from] item: Liechi Berry\n|-hitcount|p2a: Dragonite|5\n|\n|upkeep\n|turn|3\n|\n|t:|1699708750\n|move|p2a: Dragonite|Earthquake|p1a: Baxcalibur\n|-end|p1a: Baxcalibur|Substitute\n|move|p1a: Baxcalibur|Icicle Spear|p2a: Dragonite\n|-damage|p2a: Dragonite|0 fnt\n|faint|p2a: Dragonite\n|-hitcount|p2: Dragonite|1\n|\n|upkeep\n|\n|t:|1699708758\n|switch|p2a: Walking Wake|Walking Wake|100\/100\n|turn|4\n|\n|t:|1699708767\n|switch|p1a: Ninetales|Ninetales-Alola, M|100\/100\n|-weather|Snow|[from] ability: Snow Warning|[of] p1a: Ninetales\n|move|p2a: Walking Wake|Dragon Pulse|p1a: Ninetales\n|-immune|p1a: Ninetales\n|\n|-weather|Snow|[upkeep]\n|upkeep\n|turn|5\n|\n|t:|1699708778\n|-end|p2a: Walking Wake|Protosynthesis|[silent]\n|switch|p2a: Arceus|Arceus-Poison|100\/100\n|move|p1a: Ninetales|Aurora Veil|p1a: Ninetales\n|-sidestart|p1: HinaKagiyama1|move: Aurora Veil\n|\n|-weather|Snow|[upkeep]\n|upkeep\n|turn|6\n|\n|t:|1699708787\n|move|p2a: Arceus|Cosmic Power|p2a: Arceus\n|-boost|p2a: Arceus|def|1\n|-boost|p2a: Arceus|spd|1\n|move|p1a: Ninetales|Roar|p2a: Arceus\n|drag|p2a: Walking Wake|Walking Wake|100\/100\n|\n|-weather|Snow|[upkeep]\n|upkeep\n|turn|7\n|\n|t:|1699708799\n|switch|p1a: Cyclizar|Cyclizar, F|84\/100\n|move|p2a: Walking Wake|Flamethrower|p1a: Cyclizar\n|-resisted|p1a: Cyclizar\n|-damage|p1a: Cyclizar|69\/100\n|\n|-weather|Snow|[upkeep]\n|upkeep\n|turn|8\n|\n|t:|1699708816\n|-end|p2a: Walking Wake|Protosynthesis|[silent]\n|switch|p2a: Arceus|Arceus-Poison|100\/100\n|move|p1a: Cyclizar|Shed Tail|p1a: Cyclizar\n|-start|p1a: Cyclizar|Substitute|[from] move: Shed Tail\n|-damage|p1a: Cyclizar|19\/100\n|\n|t:|1699708819\n|switch|p1a: Baxcalibur|Baxcalibur, F|100\/100|[from] Shed Tail\n|\n|-weather|Snow|[upkeep]\n|upkeep\n|turn|9\n|\n|t:|1699708822\n|move|p2a: Arceus|Cosmic Power|p2a: Arceus\n|-boost|p2a: Arceus|def|1\n|-boost|p2a: Arceus|spd|1\n|move|p1a: Baxcalibur|Dragon Dance|p1a: Baxcalibur\n|-boost|p1a: Baxcalibur|atk|1\n|-boost|p1a: Baxcalibur|spe|1\n|\n|-weather|Snow|[upkeep]\n|-sideend|p1: HinaKagiyama1|move: Aurora Veil\n|upkeep\n|turn|10\n|\n|t:|1699708844\n|move|p1a: Baxcalibur|Dragon Dance|p1a: Baxcalibur\n|-boost|p1a: Baxcalibur|atk|1\n|-boost|p1a: Baxcalibur|spe|1\n|move|p2a: Arceus|Body Press|p1a: Baxcalibur\n|-supereffective|p1a: Baxcalibur\n|-end|p1a: Baxcalibur|Substitute\n|\n|-weather|Snow|[upkeep]\n|upkeep\n|turn|11\n|\n|t:|1699708851\n|-terastallize|p1a: Baxcalibur|Ground\n|move|p1a: Baxcalibur|Earthquake|p2a: Arceus\n|-supereffective|p2a: Arceus\n|-damage|p2a: Arceus|0 fnt\n|faint|p2a: Arceus\n|\n|-weather|none\n|upkeep\n|\n|t:|1699708864\n|switch|p2a: Sylveon|Sylveon, M|100\/100\n|turn|12\n|\n|t:|1699708873\n|move|p1a: Baxcalibur|Icicle Spear|p2a: Sylveon\n|-damage|p2a: Sylveon|65\/100\n|-damage|p2a: Sylveon|23\/100\n|-damage|p2a: Sylveon|0 fnt\n|faint|p2a: Sylveon\n|-hitcount|p2: Sylveon|3\n|\n|upkeep\n|\n|t:|1699708881\n|switch|p2a: Manaphy|Manaphy|100\/100\n|turn|13\n|\n|t:|1699708885\n|move|p1a: Baxcalibur|Glaive Rush|p2a: Manaphy\n|-damage|p2a: Manaphy|0 fnt\n|-singlemove|p1a: Baxcalibur|Glaive Rush|[silent]\n|faint|p2a: Manaphy\n|\n|upkeep\n|\n|t:|1699708892\n|switch|p2a: Shaymin|Shaymin-Sky|100\/100\n|turn|14\n|\n|t:|1699708898\n|move|p1a: Baxcalibur|Icicle Spear|p2a: Shaymin\n|-supereffective|p2a: Shaymin\n|-damage|p2a: Shaymin|0 fnt\n|faint|p2a: Shaymin\n|-hitcount|p2: Shaymin|1\n|\n|upkeep\n|\n|t:|1699708900\n|switch|p2a: Walking Wake|Walking Wake|100\/100\n|turn|15\n|\n|t:|1699708904\n|move|p1a: Baxcalibur|Glaive Rush|p2a: Walking Wake\n|-supereffective|p2a: Walking Wake\n|-damage|p2a: Walking Wake|0 fnt\n|-singlemove|p1a: Baxcalibur|Glaive Rush|[silent]\n|faint|p2a: Walking Wake\n|-end|p2a: Walking Wake|Protosynthesis|[silent]\n|\n|win|HinaKagiyama1\n|c|\u2606HinaKagiyama1|Gg\n","uploadtime":1699708908,"views":22,"p1id":"hinakagiyama1","p2id":"miebaso11","formatid":"gen9ubers","rating":0,"private":0,"password":""}