{"id":"gen9ubers-2000392418","p1":"justPiplup","p2":"bezrukiy_noob","format":"[Gen 9] Ubers","log":"|j|\u2606justPiplup\n|j|\u2606bezrukiy_noob\n|t:|1701190982\n|gametype|singles\n|player|p1|justPiplup|karen|\n|player|p2|bezrukiy_noob|pokekid|\n|teamsize|p1|6\n|teamsize|p2|6\n|gen|9\n|tier|[Gen 9] Ubers\n|rule|Sleep Clause Mod: Limit one foe put to sleep\n|rule|Species Clause: Limit one of each Pok\u00e9mon\n|rule|OHKO Clause: OHKO moves are banned\n|rule|Evasion Items Clause: Evasion items are banned\n|rule|Evasion Moves Clause: Evasion moves are banned\n|rule|Endless Battle Clause: Forcing endless battles is banned\n|rule|HP Percentage Mod: HP is shown in percentages\n|clearpoke\n|poke|p1|Koraidon|\n|poke|p1|Arceus-Water|\n|poke|p1|Skeledirge, M|\n|poke|p1|Wo-Chien|\n|poke|p1|Zacian-*|\n|poke|p1|Flutter Mane|\n|poke|p2|Volbeat, M|\n|poke|p2|Clefairy, F|\n|poke|p2|Typhlosion-Hisui, F|\n|poke|p2|Koraidon|\n|poke|p2|Miraidon|\n|poke|p2|Zacian-*|\n|teampreview\n|inactive|Battle timer is ON: inactive players will automatically lose when time's up. (requested by bezrukiy_noob)\n|inactive|justPiplup has 270 seconds left.\n|\n|t:|1701191013\n|start\n|switch|p1a: Lacoste|Skeledirge, M|100\/100\n|switch|p2a: Miraidon|Miraidon|100\/100\n|-fieldstart|move: Electric Terrain|[from] ability: Hadron Engine|[of] p2a: Miraidon\n|turn|1\n|\n|t:|1701191033\n|switch|p1a: Live reaction|Wo-Chien|100\/100\n|-ability|p1a: Live reaction|Tablets of Ruin\n|move|p2a: Miraidon|Electro Drift|p1a: Live reaction\n|-resisted|p1a: Live reaction\n|-damage|p1a: Live reaction|64\/100\n|\n|-heal|p1a: Live reaction|70\/100|[from] item: Leftovers\n|upkeep\n|turn|2\n|\n|t:|1701191055\n|switch|p2a: Zacian|Zacian-Crowned|100\/100\n|-ability|p2a: Zacian|Intrepid Sword|boost\n|-boost|p2a: Zacian|atk|1\n|move|p1a: Live reaction|Leech Seed|p2a: Zacian\n|-start|p2a: Zacian|move: Leech Seed\n|\n|-heal|p1a: Live reaction|76\/100|[from] item: Leftovers\n|-damage|p2a: Zacian|88\/100|[from] Leech Seed|[of] p1a: Live reaction\n|-heal|p1a: Live reaction|87\/100|[silent]\n|upkeep\n|turn|3\n|\n|t:|1701191068\n|switch|p2a: Miraidon|Miraidon|100\/100\n|-activate|p2a: Miraidon|ability: Hadron Engine\n|move|p1a: Live reaction|Protect||[still]\n|-fail|p1a: Live reaction\n|\n|-heal|p1a: Live reaction|93\/100|[from] item: Leftovers\n|upkeep\n|turn|4\n|inactive|justPiplup has 270 seconds left.\n|\n|t:|1701191103\n|move|p1a: Live reaction|Protect|p1a: Live reaction\n|-singleturn|p1a: Live reaction|Protect\n|move|p2a: Miraidon|Volt Switch|p1a: Live reaction\n|-activate|p1a: Live reaction|move: Protect\n|\n|-heal|p1a: Live reaction|99\/100|[from] item: Leftovers\n|upkeep\n|turn|5\n|inactive|justPiplup has 270 seconds left.\n|\n|t:|1701191120\n|move|p2a: Miraidon|Volt Switch|p1a: Live reaction\n|-resisted|p1a: Live reaction\n|-damage|p1a: Live reaction|73\/100\n|c|\u2606bezrukiy_noob|\u041e\u0441\u0443\u0436\u043b\u0430\u044e \u043f\u0440\u043e\u0442\u0435\u043a\u0442.\n|\n|t:|1701191134\n|switch|p2a: Zacian|Zacian-Crowned|88\/100|[from] Volt Switch\n|move|p1a: Live reaction|Ruination|p2a: Zacian\n|-damage|p2a: Zacian|44\/100\n|\n|-heal|p1a: Live reaction|79\/100|[from] item: Leftovers\n|-fieldend|move: Electric Terrain\n|upkeep\n|turn|6\n|c|\u2606justPiplup|don't judge da slug\n|inactive|justPiplup has 270 seconds left.\n|\n|t:|1701191148\n|switch|p1a: Lacoste|Skeledirge, M|100\/100\n|move|p2a: Zacian|Play Rough|p1a: Lacoste\n|-resisted|p1a: Lacoste\n|-crit|p1a: Lacoste\n|-damage|p1a: Lacoste|77\/100\n|\n|upkeep\n|turn|7\n|inactive|justPiplup has 270 seconds left.\n|\n|t:|1701191168\n|switch|p2a: Miraidon|Miraidon|100\/100\n|-fieldstart|move: Electric Terrain|[from] ability: Hadron Engine|[of] p2a: Miraidon\n|move|p1a: Lacoste|Hex|p2a: Miraidon\n|-damage|p2a: Miraidon|78\/100\n|\n|upkeep\n|turn|8\n|inactive|justPiplup has 240 seconds left.\n|\n|t:|1701191202\n|switch|p1a: Live reaction|Wo-Chien|79\/100\n|-ability|p1a: Live reaction|Tablets of Ruin\n|move|p2a: Miraidon|Volt Switch|p1a: Live reaction\n|-resisted|p1a: Live reaction\n|-crit|p1a: Live reaction\n|-damage|p1a: Live reaction|43\/100\n|\n|t:|1701191222\n|switch|p2a: Koraidon|Koraidon|100\/100|[from] Volt Switch\n|-weather|SunnyDay|[from] ability: Orichalcum Pulse|[of] p2a: Koraidon\n|-activate|p2a: Koraidon|Orichalcum Pulse|[source]\n|\n|-weather|SunnyDay|[upkeep]\n|-heal|p1a: Live reaction|49\/100|[from] item: Leftovers\n|upkeep\n|turn|9\n|\n|t:|1701191229\n|move|p1a: Live reaction|Protect|p1a: Live reaction\n|-singleturn|p1a: Live reaction|Protect\n|move|p2a: Koraidon|U-turn|p1a: Live reaction\n|-activate|p1a: Live reaction|move: Protect\n|\n|-weather|SunnyDay|[upkeep]\n|-heal|p1a: Live reaction|56\/100|[from] item: Leftovers\n|upkeep\n|turn|10\n|inactive|justPiplup has 240 seconds left.\n|c|\u2606bezrukiy_noob|\u041e, \u0443 \u0430\u0440\u0446\u0430 \u0444\u043e\u0440\u043c\u0430 \u0432\u0438\u0434\u043d\u0430.\n|inactive|justPiplup has 210 seconds left.\n|\n|t:|1701191299\n|-terastallize|p1a: Live reaction|Water\n|move|p2a: Koraidon|U-turn|p1a: Live reaction\n|-damage|p1a: Live reaction|23\/100\n|\n|t:|1701191317\n|switch|p2a: Zacian|Zacian-Crowned|44\/100|[from] U-turn\n|move|p1a: Live reaction|Leech Seed|p2a: Zacian\n|-start|p2a: Zacian|move: Leech Seed\n|\n|-weather|SunnyDay|[upkeep]\n|-heal|p1a: Live reaction|30\/100|[from] item: Leftovers\n|-damage|p2a: Zacian|32\/100|[from] Leech Seed|[of] p1a: Live reaction\n|-heal|p1a: Live reaction|40\/100|[silent]\n|upkeep\n|turn|11\n|\n|t:|1701191332\n|move|p2a: Zacian|Play Rough|p1a: Live reaction\n|-damage|p1a: Live reaction|5\/100\n|move|p1a: Live reaction|Leech Seed||[still]\n|-fail|p1a: Live reaction\n|\n|-weather|SunnyDay|[upkeep]\n|-heal|p1a: Live reaction|11\/100|[from] item: Leftovers\n|-damage|p2a: Zacian|20\/100|[from] Leech Seed|[of] p1a: Live reaction\n|-heal|p1a: Live reaction|22\/100|[silent]\n|-fieldend|move: Electric Terrain\n|upkeep\n|turn|12\n|\n|t:|1701191340\n|switch|p2a: Miraidon|Miraidon|78\/100\n|-fieldstart|move: Electric Terrain|[from] ability: Hadron Engine|[of] p2a: Miraidon\n|move|p1a: Live reaction|Protect||[still]\n|-fail|p1a: Live reaction\n|\n|-weather|none\n|-heal|p1a: Live reaction|28\/100|[from] item: Leftovers\n|upkeep\n|turn|13\n|inactive|justPiplup has 210 seconds left.\n|\n|t:|1701191349\n|move|p1a: Live reaction|Protect|p1a: Live reaction\n|-singleturn|p1a: Live reaction|Protect\n|move|p2a: Miraidon|Electro Drift|p1a: Live reaction\n|-activate|p1a: Live reaction|move: Protect\n|\n|-heal|p1a: Live reaction|34\/100|[from] item: Leftovers\n|upkeep\n|turn|14\n|inactive|justPiplup has 210 seconds left.\n|\n|t:|1701191385\n|switch|p1a: Charlie|Zacian-Crowned, shiny|100\/100\n|-ability|p1a: Charlie|Intrepid Sword|boost\n|-boost|p1a: Charlie|atk|1\n|move|p2a: Miraidon|Electro Drift|p1a: Charlie\n|-damage|p1a: Charlie|0 fnt\n|faint|p1a: Charlie\n|\n|upkeep\n|\n|t:|1701191394\n|switch|p1a: Subway|Koraidon|100\/100\n|-weather|SunnyDay|[from] ability: Orichalcum Pulse|[of] p1a: Subway\n|-activate|p1a: Subway|Orichalcum Pulse|[source]\n|turn|15\n|inactive|justPiplup has 180 seconds left.\n|\n|t:|1701191410\n|switch|p2a: Clefairy|Clefairy, F|100\/100\n|move|p1a: Subway|Flare Blitz|p2a: Clefairy\n|-damage|p2a: Clefairy|26\/100\n|-damage|p1a: Subway|76\/100|[from] Recoil\n|\n|-weather|SunnyDay|[upkeep]\n|upkeep\n|turn|16\n|\n|t:|1701191420\n|switch|p1a: Lacoste|Skeledirge, M|77\/100\n|move|p2a: Clefairy|Protect||[still]\n|-fail|p2a: Clefairy\n|\n|-weather|SunnyDay|[upkeep]\n|-fieldend|move: Electric Terrain\n|upkeep\n|turn|17\n|\n|t:|1701191433\n|move|p1a: Lacoste|Torch Song|p2a: Clefairy\n|-damage|p2a: Clefairy|0 fnt\n|-boost|p1a: Lacoste|spa|1\n|faint|p2a: Clefairy\n|\n|-weather|SunnyDay|[upkeep]\n|upkeep\n|\n|t:|1701191436\n|switch|p2a: Miraidon|Miraidon|78\/100\n|-fieldstart|move: Electric Terrain|[from] ability: Hadron Engine|[of] p2a: Miraidon\n|turn|18\n|inactive|justPiplup has 180 seconds left.\n|\n|t:|1701191474\n|switch|p1a: Live reaction|Wo-Chien, tera:Water|34\/100\n|-ability|p1a: Live reaction|Tablets of Ruin\n|move|p2a: Miraidon|Volt Switch|p1a: Live reaction\n|-supereffective|p1a: Live reaction\n|-damage|p1a: Live reaction|0 fnt\n|faint|p1a: Live reaction\n|\n|t:|1701191484\n|switch|p2a: Typhlosion|Typhlosion-Hisui, F|100\/100|[from] Volt Switch\n|\n|-weather|SunnyDay|[upkeep]\n|upkeep\n|\n|t:|1701191502\n|switch|p1a: Holy Water|Arceus-Water|100\/100\n|turn|19\n|\n|t:|1701191522\n|switch|p2a: Volbeat|Volbeat, M|100\/100\n|move|p1a: Holy Water|Earth Power|p2a: Volbeat\n|-resisted|p2a: Volbeat\n|-damage|p2a: Volbeat|91\/100\n|-unboost|p2a: Volbeat|spd|1\n|\n|-weather|none\n|upkeep\n|turn|20\n|inactive|justPiplup has 150 seconds left.\n|\n|t:|1701191556\n|switch|p1a: Lacoste|Skeledirge, M|77\/100\n|move|p2a: Volbeat|Encore||[still]\n|-fail|p2a: Volbeat\n|\n|upkeep\n|turn|21\n|inactive|justPiplup has 120 seconds left.\n|\n|t:|1701191582\n|switch|p2a: Miraidon|Miraidon|78\/100\n|-activate|p2a: Miraidon|ability: Hadron Engine\n|move|p1a: Lacoste|Will-O-Wisp|p2a: Miraidon\n|-status|p2a: Miraidon|brn\n|\n|-damage|p2a: Miraidon|71\/100 brn|[from] brn\n|upkeep\n|turn|22\n|inactive|justPiplup has 120 seconds left.\n|\n|t:|1701191594\n|move|p2a: Miraidon|Electro Drift|p1a: Lacoste\n|-damage|p1a: Lacoste|0 fnt\n|faint|p1a: Lacoste\n|\n|-damage|p2a: Miraidon|65\/100 brn|[from] brn\n|-fieldend|move: Electric Terrain\n|upkeep\n|inactive|justPiplup has 120 seconds left.\n|\n|t:|1701191601\n|switch|p1a: Subway|Koraidon|76\/100\n|-weather|SunnyDay|[from] ability: Orichalcum Pulse|[of] p1a: Subway\n|-activate|p1a: Subway|Orichalcum Pulse|[source]\n|turn|23\n|inactive|justPiplup has 120 seconds left.\n|\n|t:|1701191635\n|switch|p2a: Volbeat|Volbeat, M|91\/100\n|move|p1a: Subway|Flare Blitz|p2a: Volbeat\n|-supereffective|p2a: Volbeat\n|-damage|p2a: Volbeat|0 fnt\n|faint|p2a: Volbeat\n|-damage|p1a: Subway|47\/100|[from] Recoil\n|\n|-weather|SunnyDay|[upkeep]\n|upkeep\n|\n|t:|1701191648\n|switch|p2a: Zacian|Zacian-Crowned|20\/100\n|turn|24\n|\n|t:|1701191654\n|move|p1a: Subway|Flare Blitz|p2a: Zacian\n|-supereffective|p2a: Zacian\n|-damage|p2a: Zacian|0 fnt\n|faint|p2a: Zacian\n|-damage|p1a: Subway|40\/100|[from] Recoil\n|\n|-weather|SunnyDay|[upkeep]\n|upkeep\n|\n|t:|1701191658\n|switch|p2a: Koraidon|Koraidon|100\/100\n|-activate|p2a: Koraidon|ability: Orichalcum Pulse\n|turn|25\n|\n|t:|1701191668\n|switch|p1a: VGC Slayer|Flutter Mane|100\/100\n|-activate|p1a: VGC Slayer|ability: Protosynthesis\n|-start|p1a: VGC Slayer|protosynthesisspe\n|move|p2a: Koraidon|U-turn|p1a: VGC Slayer\n|-resisted|p1a: VGC Slayer\n|-damage|p1a: VGC Slayer|75\/100\n|\n|t:|1701191675\n|switch|p2a: Typhlosion|Typhlosion-Hisui, F|100\/100|[from] U-turn\n|\n|-weather|SunnyDay|[upkeep]\n|upkeep\n|turn|26\n|\n|t:|1701191683\n|-terastallize|p2a: Typhlosion|Fire\n|move|p1a: VGC Slayer|Shadow Ball|p2a: Typhlosion\n|-damage|p2a: Typhlosion|45\/100\n|move|p2a: Typhlosion|Shadow Ball|p1a: VGC Slayer\n|-supereffective|p1a: VGC Slayer\n|-damage|p1a: VGC Slayer|0 fnt\n|faint|p1a: VGC Slayer\n|-end|p1a: VGC Slayer|Protosynthesis|[silent]\n|\n|-weather|SunnyDay|[upkeep]\n|upkeep\n|\n|t:|1701191697\n|switch|p1a: Holy Water|Arceus-Water|100\/100\n|turn|27\n|inactive|bezrukiy_noob has 270 seconds left.\n|\n|t:|1701191730\n|move|p2a: Typhlosion|Shadow Ball|p1a: Holy Water\n|-damage|p1a: Holy Water|74\/100\n|move|p1a: Holy Water|Calm Mind|p1a: Holy Water\n|-boost|p1a: Holy Water|spa|1\n|-boost|p1a: Holy Water|spd|1\n|\n|-weather|none\n|upkeep\n|turn|28\n|inactive|justPiplup has 120 seconds left.\n|\n|t:|1701191757\n|switch|p2a: Miraidon|Miraidon|65\/100 brn\n|-fieldstart|move: Electric Terrain|[from] ability: Hadron Engine|[of] p2a: Miraidon\n|move|p1a: Holy Water|Recover|p1a: Holy Water\n|-heal|p1a: Holy Water|100\/100\n|\n|-damage|p2a: Miraidon|59\/100 brn|[from] brn\n|upkeep\n|turn|29\n|inactive|justPiplup has 120 seconds left.\n|\n|t:|1701191767\n|move|p2a: Miraidon|Electro Drift|p1a: Holy Water\n|-supereffective|p1a: Holy Water\n|-damage|p1a: Holy Water|0 fnt\n|faint|p1a: Holy Water\n|\n|-damage|p2a: Miraidon|53\/100 brn|[from] brn\n|upkeep\n|\n|t:|1701191774\n|switch|p1a: Subway|Koraidon|40\/100\n|-weather|SunnyDay|[from] ability: Orichalcum Pulse|[of] p1a: Subway\n|-activate|p1a: Subway|Orichalcum Pulse|[source]\n|turn|30\n|inactive|justPiplup has 120 seconds left.\n|\n|t:|1701191779\n|move|p1a: Subway|Dragon Claw|p2a: Miraidon\n|-supereffective|p2a: Miraidon\n|-damage|p2a: Miraidon|0 fnt\n|faint|p2a: Miraidon\n|\n|-weather|SunnyDay|[upkeep]\n|upkeep\n|\n|t:|1701191784\n|switch|p2a: Koraidon|Koraidon|100\/100\n|-activate|p2a: Koraidon|ability: Orichalcum Pulse\n|turn|31\n|\n|t:|1701191788\n|move|p1a: Subway|Dragon Claw|p2a: Koraidon\n|-supereffective|p2a: Koraidon\n|-damage|p2a: Koraidon|0 fnt\n|faint|p2a: Koraidon\n|\n|-weather|SunnyDay|[upkeep]\n|upkeep\n|\n|t:|1701191791\n|switch|p2a: Typhlosion|Typhlosion-Hisui, F, tera:Fire|45\/100\n|turn|32\n|\n|t:|1701191795\n|move|p1a: Subway|Dragon Claw|p2a: Typhlosion\n|-damage|p2a: Typhlosion|0 fnt\n|faint|p2a: Typhlosion\n|\n|win|justPiplup\n|c|\u2606justPiplup|gg\n|l|\u2606bezrukiy_noob\n|j|\u2606bezrukiy_noob\n|player|p2|bezrukiy_noob|pokekid\n|l|\u2606bezrukiy_noob\n|player|p2|\n","uploadtime":1701192315,"views":5,"p1id":"justpiplup","p2id":"bezrukiynoob","formatid":"gen9ubers","rating":0,"private":0,"password":""}