{"id":"gen9ubers-1973065717","p1":"UBstachel","p2":"Kinesquared","format":"[Gen 9] Ubers","log":"|j|\u2606UBstachel\n|j|\u2606Kinesquared\n|t:|1697923862\n|gametype|singles\n|player|p1|UBstachel|unknownf|\n|player|p2|Kinesquared|scientist-gen4dp|\n|teamsize|p1|6\n|teamsize|p2|6\n|gen|9\n|tier|[Gen 9] Ubers\n|rule|Sleep Clause Mod: Limit one foe put to sleep\n|rule|Species Clause: Limit one of each Pok\u00e9mon\n|rule|OHKO Clause: OHKO moves are banned\n|rule|Evasion Items Clause: Evasion items are banned\n|rule|Evasion Moves Clause: Evasion moves are banned\n|rule|Endless Battle Clause: Forcing endless battles is banned\n|rule|HP Percentage Mod: HP is shown in percentages\n|clearpoke\n|poke|p1|Palafin, F|\n|poke|p1|Chi-Yu|\n|poke|p1|Zacian-*|\n|poke|p1|Shaymin-Sky|\n|poke|p1|Giratina|\n|poke|p1|Garganacl, M|\n|poke|p2|Magearna|\n|poke|p2|Ursaluna, F|\n|poke|p2|Dialga|\n|poke|p2|Hoopa-Unbound|\n|poke|p2|Cinderace, M|\n|poke|p2|Arceus-Poison|\n|teampreview\n|c|\u2606UBstachel|glhf\n|c|\u2606Kinesquared|gl\n|\n|t:|1697923875\n|start\n|switch|p1a: Palafin|Palafin, F|100\/100\n|switch|p2a: Magearna|Magearna|100\/100\n|turn|1\n|\n|t:|1697923886\n|move|p1a: Palafin|Flip Turn|p2a: Magearna\n|-damage|p2a: Magearna|73\/100\n|\n|t:|1697923889\n|detailschange|p1a: Palafin|Palafin-Hero, F\n|switch|p1a: Chi-Yu|Chi-Yu|100\/100|[from] Flip Turn\n|-ability|p1a: Chi-Yu|Beads of Ruin\n|move|p2a: Magearna|Trick Room|p2a: Magearna\n|-fieldstart|move: Trick Room|[of] p2a: Magearna\n|\n|-heal|p2a: Magearna|79\/100|[from] item: Leftovers\n|upkeep\n|turn|2\n|\n|t:|1697923911\n|-terastallize|p2a: Magearna|Water\n|move|p2a: Magearna|Fleur Cannon|p1a: Chi-Yu\n|-damage|p1a: Chi-Yu|40\/100\n|-unboost|p2a: Magearna|spa|2\n|move|p1a: Chi-Yu|Overheat|p2a: Magearna\n|-resisted|p2a: Magearna\n|-damage|p2a: Magearna|49\/100\n|-unboost|p1a: Chi-Yu|spa|2\n|\n|-heal|p2a: Magearna|55\/100|[from] item: Leftovers\n|upkeep\n|turn|3\n|\n|t:|1697923955\n|switch|p1a: Garganacl|Garganacl, M|100\/100\n|move|p2a: Magearna|Volt Switch|p1a: Garganacl\n|-damage|p1a: Garganacl|91\/100\n|\n|t:|1697923971\n|switch|p2a: Ursaluna|Ursaluna, F|100\/100|[from] Volt Switch\n|\n|-heal|p1a: Garganacl|97\/100|[from] item: Leftovers\n|-status|p2a: Ursaluna|brn|[from] item: Flame Orb\n|upkeep\n|turn|4\n|\n|t:|1697923992\n|move|p2a: Ursaluna|Facade|p1a: Garganacl\n|-resisted|p1a: Garganacl\n|-damage|p1a: Garganacl|66\/100\n|move|p1a: Garganacl|Iron Defense|p1a: Garganacl\n|-boost|p1a: Garganacl|def|2\n|\n|-heal|p1a: Garganacl|72\/100|[from] item: Leftovers\n|-damage|p2a: Ursaluna|94\/100 brn|[from] brn\n|upkeep\n|turn|5\n|\n|t:|1697924001\n|move|p2a: Ursaluna|Headlong Rush|p1a: Garganacl\n|-supereffective|p1a: Garganacl\n|-damage|p1a: Garganacl|15\/100\n|-unboost|p2a: Ursaluna|def|1\n|-unboost|p2a: Ursaluna|spd|1\n|move|p1a: Garganacl|Body Press|p2a: Ursaluna\n|-supereffective|p2a: Ursaluna\n|-damage|p2a: Ursaluna|0 fnt\n|faint|p2a: Ursaluna\n|\n|-heal|p1a: Garganacl|22\/100|[from] item: Leftovers\n|-fieldend|move: Trick Room\n|upkeep\n|\n|t:|1697924011\n|switch|p2a: Dialga|Dialga|100\/100\n|-ability|p2a: Dialga|Pressure\n|turn|6\n|\n|t:|1697924017\n|move|p2a: Dialga|Flash Cannon|p1a: Garganacl\n|-supereffective|p1a: Garganacl\n|-damage|p1a: Garganacl|0 fnt\n|faint|p1a: Garganacl\n|-damage|p2a: Dialga|91\/100|[from] item: Life Orb\n|\n|upkeep\n|\n|t:|1697924024\n|switch|p1a: Zacian|Zacian|100\/100\n|-ability|p1a: Zacian|Intrepid Sword|boost\n|-boost|p1a: Zacian|atk|1\n|turn|7\n|\n|t:|1697924035\n|switch|p2a: Arceus|Arceus-Poison|100\/100\n|move|p1a: Zacian|Close Combat|p2a: Arceus\n|-resisted|p2a: Arceus\n|-damage|p2a: Arceus|73\/100\n|-unboost|p1a: Zacian|def|1\n|-unboost|p1a: Zacian|spd|1\n|-damage|p1a: Zacian|91\/100|[from] item: Life Orb\n|\n|upkeep\n|turn|8\n|\n|t:|1697924045\n|switch|p1a: Chi-Yu|Chi-Yu|40\/100\n|-ability|p1a: Chi-Yu|Beads of Ruin\n|move|p2a: Arceus|Thunderbolt|p1a: Chi-Yu\n|-damage|p1a: Chi-Yu|12\/100\n|\n|upkeep\n|turn|9\n|\n|t:|1697924067\n|switch|p2a: Magearna|Magearna, tera:Water|55\/100\n|move|p1a: Chi-Yu|Dark Pulse|p2a: Magearna\n|-damage|p2a: Magearna|18\/100\n|\n|-heal|p2a: Magearna|24\/100|[from] item: Leftovers\n|upkeep\n|turn|10\n|\n|t:|1697924074\n|switch|p2a: Hoopa|Hoopa-Unbound|100\/100\n|move|p1a: Chi-Yu|Dark Pulse|p2a: Hoopa\n|-damage|p2a: Hoopa|72\/100\n|\n|upkeep\n|turn|11\n|\n|t:|1697924083\n|move|p1a: Chi-Yu|Dark Pulse|p2a: Hoopa\n|-crit|p2a: Hoopa\n|-damage|p2a: Hoopa|28\/100\n|move|p2a: Hoopa|Knock Off|p1a: Chi-Yu\n|-resisted|p1a: Chi-Yu\n|-damage|p1a: Chi-Yu|0 fnt\n|-enditem|p1a: Chi-Yu|Choice Scarf|[from] move: Knock Off|[of] p2a: Hoopa\n|faint|p1a: Chi-Yu\n|\n|upkeep\n|\n|t:|1697924089\n|switch|p1a: Palafin|Palafin-Hero, F|100\/100\n|-activate|p1a: Palafin|ability: Zero to Hero\n|turn|12\n|\n|t:|1697924097\n|switch|p2a: Dialga|Dialga|91\/100\n|-ability|p2a: Dialga|Pressure\n|move|p1a: Palafin|Flip Turn|p2a: Dialga\n|-resisted|p2a: Dialga\n|-crit|p2a: Dialga\n|-damage|p2a: Dialga|61\/100\n|\n|t:|1697924099\n|switch|p1a: Zacian|Zacian|91\/100|[from] Flip Turn\n|\n|upkeep\n|turn|13\n|\n|t:|1697924107\n|switch|p1a: Palafin|Palafin-Hero, F|100\/100\n|move|p2a: Dialga|Flash Cannon|p1a: Palafin\n|-resisted|p1a: Palafin\n|-damage|p1a: Palafin|64\/100\n|-damage|p2a: Dialga|51\/100|[from] item: Life Orb\n|\n|upkeep\n|turn|14\n|\n|t:|1697924118\n|switch|p1a: Zacian|Zacian|91\/100\n|switch|p2a: Cinderace|Cinderace, M|100\/100\n|\n|upkeep\n|turn|15\n|\n|t:|1697924125\n|switch|p1a: Giratina|Giratina|100\/100\n|-ability|p1a: Giratina|Pressure\n|move|p2a: Cinderace|Pyro Ball|p1a: Giratina\n|-resisted|p1a: Giratina\n|-damage|p1a: Giratina|83\/100\n|\n|upkeep\n|turn|16\n|\n|t:|1697924134\n|move|p2a: Cinderace|Pyro Ball|p1a: Giratina\n|-resisted|p1a: Giratina\n|-damage|p1a: Giratina|66\/100\n|move|p1a: Giratina|Will-O-Wisp|p2a: Cinderace\n|-immune|p2a: Cinderace\n|\n|upkeep\n|turn|17\n|\n|t:|1697924140\n|move|p2a: Cinderace|Pyro Ball|p1a: Giratina\n|-resisted|p1a: Giratina\n|-damage|p1a: Giratina|50\/100\n|move|p1a: Giratina|Hex|p2a: Cinderace\n|-damage|p2a: Cinderace|67\/100\n|\n|upkeep\n|turn|18\n|\n|t:|1697924153\n|move|p2a: Cinderace|U-turn|p1a: Giratina\n|-start|p2a: Cinderace|typechange|Bug|[from] ability: Libero\n|-resisted|p1a: Giratina\n|-damage|p1a: Giratina|40\/100\n|\n|t:|1697924159\n|switch|p2a: Dialga|Dialga|51\/100|[from] U-turn\n|-ability|p2a: Dialga|Pressure\n|move|p1a: Giratina|Hex|p2a: Dialga\n|-damage|p2a: Dialga|33\/100\n|\n|upkeep\n|turn|19\n|\n|t:|1697924177\n|move|p1a: Giratina|Will-O-Wisp|p2a: Dialga\n|-status|p2a: Dialga|brn\n|move|p2a: Dialga|Trick Room|p2a: Dialga\n|-fieldstart|move: Trick Room|[of] p2a: Dialga\n|\n|-damage|p2a: Dialga|27\/100 brn|[from] brn\n|upkeep\n|turn|20\n|\n|t:|1697924184\n|move|p2a: Dialga|Flash Cannon|p1a: Giratina\n|-damage|p1a: Giratina|12\/100\n|-unboost|p1a: Giratina|spd|1\n|-damage|p2a: Dialga|17\/100 brn|[from] item: Life Orb\n|move|p1a: Giratina|Hex|p2a: Dialga\n|-damage|p2a: Dialga|0 fnt\n|faint|p2a: Dialga\n|\n|upkeep\n|\n|t:|1697924192\n|switch|p2a: Hoopa|Hoopa-Unbound|28\/100\n|turn|21\n|\n|t:|1697924213\n|move|p2a: Hoopa|Knock Off|p1a: Giratina\n|-supereffective|p1a: Giratina\n|-damage|p1a: Giratina|0 fnt\n|-enditem|p1a: Giratina|Heavy-Duty Boots|[from] move: Knock Off|[of] p2a: Hoopa\n|faint|p1a: Giratina\n|\n|upkeep\n|\n|t:|1697924219\n|switch|p1a: Palafin|Palafin-Hero, F|64\/100\n|turn|22\n|\n|t:|1697924230\n|switch|p2a: Cinderace|Cinderace, M|67\/100\n|move|p1a: Palafin|Jet Punch|p2a: Cinderace\n|-supereffective|p2a: Cinderace\n|-damage|p2a: Cinderace|0 fnt\n|faint|p2a: Cinderace\n|\n|upkeep\n|\n|t:|1697924236\n|switch|p2a: Magearna|Magearna, tera:Water|24\/100\n|turn|23\n|\n|t:|1697924245\n|-terastallize|p1a: Palafin|Water\n|move|p1a: Palafin|Jet Punch|p2a: Magearna\n|-resisted|p2a: Magearna\n|-damage|p2a: Magearna|0 fnt\n|faint|p2a: Magearna\n|\n|-fieldend|move: Trick Room\n|upkeep\n|\n|t:|1697924251\n|switch|p2a: Arceus|Arceus-Poison|73\/100\n|turn|24\n|\n|t:|1697924255\n|switch|p1a: Shaymin|Shaymin-Sky|100\/100\n|move|p2a: Arceus|Calm Mind|p2a: Arceus\n|-boost|p2a: Arceus|spa|1\n|-boost|p2a: Arceus|spd|1\n|\n|upkeep\n|turn|25\n|\n|t:|1697924262\n|move|p1a: Shaymin|Air Slash|p2a: Arceus\n|-damage|p2a: Arceus|47\/100\n|cant|p2a: Arceus|flinch\n|\n|upkeep\n|turn|26\n|\n|t:|1697924267\n|move|p1a: Shaymin|Air Slash|p2a: Arceus\n|-damage|p2a: Arceus|21\/100\n|cant|p2a: Arceus|flinch\n|\n|upkeep\n|turn|27\n|\n|t:|1697924273\n|switch|p2a: Hoopa|Hoopa-Unbound|28\/100\n|move|p1a: Shaymin|Air Slash|p2a: Hoopa\n|-damage|p2a: Hoopa|0 fnt\n|faint|p2a: Hoopa\n|\n|upkeep\n|c|\u2606Kinesquared|gg\n|c|\u2606UBstachel|gg\n|\n|t:|1697924278\n|switch|p2a: Arceus|Arceus-Poison|21\/100\n|turn|28\n|\n|t:|1697924281\n|move|p1a: Shaymin|Air Slash|p2a: Arceus\n|-crit|p2a: Arceus\n|-damage|p2a: Arceus|0 fnt\n|faint|p2a: Arceus\n|\n|win|UBstachel\n","uploadtime":1697924287,"views":21,"p1id":"ubstachel","p2id":"kinesquared","formatid":"gen9ubers","rating":0,"private":0,"password":""}