{"id":"gen9ubers-1968916687","p1":"XpokVEVO","p2":"mimolette7","format":"[Gen 9] Ubers","log":"|j|\u2606XpokVEVO\n|j|\u2606mimolette7\n|t:|1697475238\n|gametype|singles\n|player|p1|XpokVEVO|marshal|\n|player|p2|mimolette7|lucy|\n|teamsize|p1|6\n|teamsize|p2|6\n|gen|9\n|tier|[Gen 9] Ubers\n|rule|Sleep Clause Mod: Limit one foe put to sleep\n|rule|Species Clause: Limit one of each Pok\u00e9mon\n|rule|OHKO Clause: OHKO moves are banned\n|rule|Evasion Items Clause: Evasion items are banned\n|rule|Evasion Moves Clause: Evasion moves are banned\n|rule|Endless Battle Clause: Forcing endless battles is banned\n|rule|HP Percentage Mod: HP is shown in percentages\n|clearpoke\n|poke|p1|Arceus-Fire|\n|poke|p1|Shaymin-Sky|\n|poke|p1|Cyclizar, M|\n|poke|p1|Espathra, M|\n|poke|p1|Magearna|\n|poke|p1|Sneasler, M|\n|poke|p2|Landorus, M|\n|poke|p2|Dugtrio, F|\n|poke|p2|Zacian-*|\n|poke|p2|Chi-Yu|\n|poke|p2|Torkoal, M|\n|poke|p2|Arceus-Poison|\n|teampreview\n|inactive|Battle timer is ON: inactive players will automatically lose when time's up. (requested by mimolette7)\n|\n|t:|1697475260\n|start\n|switch|p1a: Cyclizar|Cyclizar, M|100\/100\n|switch|p2a: Landorus|Landorus, M|100\/100\n|turn|1\n|\n|t:|1697475286\n|move|p2a: Landorus|Sludge Bomb|p1a: Cyclizar\n|-damage|p1a: Cyclizar|39\/100\n|move|p1a: Cyclizar|Knock Off|p2a: Landorus\n|-damage|p2a: Landorus|70\/100\n|-enditem|p2a: Landorus|Choice Scarf|[from] move: Knock Off|[of] p1a: Cyclizar\n|\n|upkeep\n|turn|2\n|inactive|XpokVEVO has 270 seconds left.\n|\n|t:|1697475313\n|switch|p1a: Sneasler|Sneasler, M|100\/100\n|move|p2a: Landorus|U-turn|p1a: Sneasler\n|-resisted|p1a: Sneasler\n|-damage|p1a: Sneasler|92\/100\n|\n|t:|1697475319\n|switch|p2a: Dugtrio|Dugtrio, F|100\/100|[from] U-turn\n|\n|upkeep\n|turn|3\n|\n|t:|1697475321\n|move|p1a: Sneasler|Fake Out|p2a: Dugtrio\n|-damage|p2a: Dugtrio|63\/100\n|cant|p2a: Dugtrio|flinch\n|\n|upkeep\n|turn|4\n|c|\u2606XpokVEVO|Idk why i sacrificed sneasler\n|\n|t:|1697475345\n|move|p1a: Sneasler|Close Combat|p2a: Dugtrio\n|-damage|p2a: Dugtrio|0 fnt\n|-unboost|p1a: Sneasler|def|1\n|-unboost|p1a: Sneasler|spd|1\n|faint|p2a: Dugtrio\n|\n|upkeep\n|\n|t:|1697475353\n|switch|p2a: Chi-Yu|Chi-Yu|100\/100\n|-ability|p2a: Chi-Yu|Beads of Ruin\n|turn|5\n|inactive|mimolette7 has 270 seconds left.\n|\n|t:|1697475377\n|switch|p2a: Landorus|Landorus, M|70\/100\n|switch|p1a: Arceus-Fight\u0131ng|Arceus-Fire, shiny|100\/100\n|\n|upkeep\n|turn|6\n|inactive|mimolette7 has 270 seconds left.\n|\n|t:|1697475403\n|move|p1a: Arceus-Fight\u0131ng|Dragon Dance|p1a: Arceus-Fight\u0131ng\n|-boost|p1a: Arceus-Fight\u0131ng|atk|1\n|-boost|p1a: Arceus-Fight\u0131ng|spe|1\n|move|p2a: Landorus|U-turn|p1a: Arceus-Fight\u0131ng\n|-resisted|p1a: Arceus-Fight\u0131ng\n|-damage|p1a: Arceus-Fight\u0131ng|93\/100\n|inactive|mimolette7 has 240 seconds left.\n|\n|t:|1697475427\n|switch|p2a: Torkoal|Torkoal, M|100\/100|[from] U-turn\n|-weather|SunnyDay|[from] ability: Drought|[of] p2a: Torkoal\n|\n|-weather|SunnyDay|[upkeep]\n|upkeep\n|turn|7\n|\n|t:|1697475438\n|move|p2a: Torkoal|Yawn|p1a: Arceus-Fight\u0131ng\n|-start|p1a: Arceus-Fight\u0131ng|move: Yawn|[of] p2a: Torkoal\n|move|p1a: Arceus-Fight\u0131ng|Roar|p2a: Torkoal\n|drag|p2a: Chi-Yu|Chi-Yu|100\/100\n|-ability|p2a: Chi-Yu|Beads of Ruin\n|\n|-weather|SunnyDay|[upkeep]\n|upkeep\n|turn|8\n|inactive|mimolette7 has 240 seconds left.\n|\n|t:|1697475459\n|switch|p1a: Cyclizar|Cyclizar, M|73\/100\n|switch|p2a: Torkoal|Torkoal, M|100\/100\n|\n|-weather|SunnyDay|[upkeep]\n|upkeep\n|turn|9\n|\n|t:|1697475465\n|move|p1a: Cyclizar|Shed Tail|p1a: Cyclizar\n|-start|p1a: Cyclizar|Substitute|[from] move: Shed Tail\n|-damage|p1a: Cyclizar|23\/100\n|-enditem|p1a: Cyclizar|Aguav Berry|[eat]\n|-heal|p1a: Cyclizar|56\/100|[from] item: Aguav Berry\n|\n|t:|1697475474\n|switch|p1a: Arceus-Fight\u0131ng|Arceus-Fire, shiny|93\/100|[from] Shed Tail\n|move|p2a: Torkoal|Stealth Rock|p1a: Arceus-Fight\u0131ng\n|-sidestart|p1: XpokVEVO|move: Stealth Rock\n|\n|-weather|SunnyDay|[upkeep]\n|upkeep\n|turn|10\n|inactive|mimolette7 has 240 seconds left.\n|\n|t:|1697475506\n|switch|p2a: Landorus|Landorus, M|70\/100\n|move|p1a: Arceus-Fight\u0131ng|Dragon Dance|p1a: Arceus-Fight\u0131ng\n|-boost|p1a: Arceus-Fight\u0131ng|atk|1\n|-boost|p1a: Arceus-Fight\u0131ng|spe|1\n|\n|-weather|SunnyDay|[upkeep]\n|upkeep\n|turn|11\n|inactive|mimolette7 has 210 seconds left.\n|\n|t:|1697475558\n|move|p1a: Arceus-Fight\u0131ng|Flare Blitz|p2a: Landorus\n|-damage|p2a: Landorus|0 fnt\n|faint|p2a: Landorus\n|-damage|p1a: Arceus-Fight\u0131ng|74\/100|[from] Recoil\n|\n|-weather|SunnyDay|[upkeep]\n|upkeep\n|inactive|mimolette7 has 180 seconds left.\n|\n|t:|1697475597\n|switch|p2a: Chi-Yu|Chi-Yu|100\/100\n|-ability|p2a: Chi-Yu|Beads of Ruin\n|turn|12\n|\n|t:|1697475622\n|move|p1a: Arceus-Fight\u0131ng|Flare Blitz|p2a: Chi-Yu\n|-resisted|p2a: Chi-Yu\n|-damage|p2a: Chi-Yu|0 fnt\n|faint|p2a: Chi-Yu\n|-damage|p1a: Arceus-Fight\u0131ng|53\/100|[from] Recoil\n|\n|-weather|SunnyDay|[upkeep]\n|upkeep\n|\n|t:|1697475637\n|switch|p2a: Arceus|Arceus-Poison|100\/100\n|turn|13\n|\n|t:|1697475642\n|switch|p2a: Torkoal|Torkoal, M|100\/100\n|move|p1a: Arceus-Fight\u0131ng|Flare Blitz|p2a: Torkoal\n|-resisted|p2a: Torkoal\n|-damage|p2a: Torkoal|54\/100\n|-damage|p1a: Arceus-Fight\u0131ng|39\/100|[from] Recoil\n|\n|-weather|none\n|upkeep\n|turn|14\n|\n|t:|1697475651\n|move|p1a: Arceus-Fight\u0131ng|Dragon Dance|p1a: Arceus-Fight\u0131ng\n|-boost|p1a: Arceus-Fight\u0131ng|atk|1\n|-boost|p1a: Arceus-Fight\u0131ng|spe|1\n|move|p2a: Torkoal|Lava Plume|p1a: Arceus-Fight\u0131ng\n|-resisted|p1a: Arceus-Fight\u0131ng\n|-activate|p1a: Arceus-Fight\u0131ng|move: Substitute|[damage]\n|\n|upkeep\n|turn|15\n|\n|t:|1697475660\n|move|p1a: Arceus-Fight\u0131ng|Flare Blitz|p2a: Torkoal\n|-resisted|p2a: Torkoal\n|-damage|p2a: Torkoal|17\/100\n|-damage|p1a: Arceus-Fight\u0131ng|28\/100|[from] Recoil\n|move|p2a: Torkoal|Lava Plume|p1a: Arceus-Fight\u0131ng\n|-resisted|p1a: Arceus-Fight\u0131ng\n|-activate|p1a: Arceus-Fight\u0131ng|move: Substitute|[damage]\n|\n|upkeep\n|turn|16\n|inactive|mimolette7 has 180 seconds left.\n|\n|t:|1697475667\n|move|p1a: Arceus-Fight\u0131ng|Tera Blast|p2a: Torkoal\n|-damage|p2a: Torkoal|0 fnt\n|faint|p2a: Torkoal\n|\n|upkeep\n|\n|t:|1697475670\n|switch|p2a: Arceus|Arceus-Poison|100\/100\n|turn|17\n|\n|t:|1697475689\n|move|p1a: Arceus-Fight\u0131ng|Flare Blitz|p2a: Arceus\n|-damage|p2a: Arceus|14\/100\n|-damage|p1a: Arceus-Fight\u0131ng|0 fnt|[from] Recoil\n|faint|p1a: Arceus-Fight\u0131ng\n|move|p2a: Arceus|Judgment|p1: Arceus-Fight\u0131ng|[notarget]\n|-fail|p2a: Arceus\n|\n|upkeep\n|\n|t:|1697475700\n|switch|p1a: Cyclizar|Cyclizar, M|89\/100\n|-damage|p1a: Cyclizar|76\/100|[from] Stealth Rock\n|turn|18\n|\n|t:|1697475706\n|move|p1a: Cyclizar|Rapid Spin|p2a: Arceus\n|-damage|p2a: Arceus|2\/100\n|-boost|p1a: Cyclizar|spe|1\n|-sideend|p1: XpokVEVO|Stealth Rock|[from] move: Rapid Spin|[of] p1a: Cyclizar\n|move|p2a: Arceus|Judgment|p1a: Cyclizar\n|-damage|p1a: Cyclizar|3\/100\n|\n|upkeep\n|turn|19\n|\n|t:|1697475715\n|move|p1a: Cyclizar|Rapid Spin|p2a: Arceus\n|-damage|p2a: Arceus|0 fnt\n|-boost|p1a: Cyclizar|spe|1\n|faint|p2a: Arceus\n|\n|upkeep\n|\n|t:|1697475718\n|switch|p2a: Zacian|Zacian|100\/100\n|-ability|p2a: Zacian|Intrepid Sword|boost\n|-boost|p2a: Zacian|atk|1\n|turn|20\n|\n|t:|1697475723\n|move|p1a: Cyclizar|Taunt|p2a: Zacian\n|-start|p2a: Zacian|move: Taunt\n|cant|p2a: Zacian|move: Taunt|Swords Dance\n|\n|upkeep\n|turn|21\n|\n|t:|1697475730\n|move|p1a: Cyclizar|Knock Off|p2a: Zacian\n|-resisted|p2a: Zacian\n|-damage|p2a: Zacian|90\/100\n|-enditem|p2a: Zacian|Heavy-Duty Boots|[from] move: Knock Off|[of] p1a: Cyclizar\n|move|p2a: Zacian|Crunch|p1a: Cyclizar\n|-damage|p1a: Cyclizar|0 fnt\n|faint|p1a: Cyclizar\n|\n|upkeep\n|\n|t:|1697475741\n|switch|p1a: Sneasler|Sneasler, M|92\/100\n|turn|22\n|\n|t:|1697475759\n|-terastallize|p2a: Zacian|Fighting\n|move|p1a: Sneasler|Fake Out|p2a: Zacian\n|-damage|p2a: Zacian|78\/100\n|cant|p2a: Zacian|flinch\n|\n|-end|p2a: Zacian|move: Taunt\n|upkeep\n|turn|23\n|\n|t:|1697475764\n|move|p2a: Zacian|Play Rough|p1a: Sneasler|[miss]\n|-miss|p2a: Zacian|p1a: Sneasler\n|move|p1a: Sneasler|Gunk Shot|p2a: Zacian\n|-damage|p2a: Zacian|17\/100\n|\n|upkeep\n|turn|24\n|\n|t:|1697475773\n|switch|p1a: Espathra|Espathra, M|100\/100\n|move|p2a: Zacian|Play Rough|p1a: Espathra\n|-enditem|p1a: Espathra|Focus Sash\n|-damage|p1a: Espathra|1\/100\n|\n|upkeep\n|turn|25\n|\n|t:|1697475777\n|move|p1a: Espathra|Protect|p1a: Espathra\n|-singleturn|p1a: Espathra|Protect\n|move|p2a: Zacian|Crunch|p1a: Espathra\n|-activate|p1a: Espathra|move: Protect\n|\n|-ability|p1a: Espathra|Speed Boost|boost\n|-boost|p1a: Espathra|spe|1\n|upkeep\n|turn|26\n|c|\u2606mimolette7|gg\n|\n|t:|1697475782\n|move|p1a: Espathra|Tera Blast|p2a: Zacian\n|-damage|p2a: Zacian|0 fnt\n|faint|p2a: Zacian\n|\n|win|XpokVEVO\n|c|\u2606mimolette7|I forgot about fake out\n|l|\u2606XpokVEVO\n|j|\u2606XpokVEVO\n|player|p1|XpokVEVO|marshal\n","uploadtime":1697475824,"views":21,"p1id":"xpokvevo","p2id":"mimolette7","formatid":"gen9ubers","rating":0,"private":0,"password":""}