{"id":"gen9ubers-2000174778","p1":"700club","p2":"mith205","format":"[Gen 9] Ubers","log":"|j|\u2606700club\n|j|\u2606mith205\n|t:|1701167418\n|gametype|singles\n|player|p1|700club|shadowtriad|1120\n|player|p2|mith205|hugh|1060\n|teamsize|p1|6\n|teamsize|p2|6\n|gen|9\n|tier|[Gen 9] Ubers\n|rated|\n|rule|Sleep Clause Mod: Limit one foe put to sleep\n|rule|Species Clause: Limit one of each Pok\u00e9mon\n|rule|OHKO Clause: OHKO moves are banned\n|rule|Evasion Items Clause: Evasion items are banned\n|rule|Evasion Moves Clause: Evasion moves are banned\n|rule|Endless Battle Clause: Forcing endless battles is banned\n|rule|HP Percentage Mod: HP is shown in percentages\n|clearpoke\n|poke|p1|Koraidon|\n|poke|p1|Toxapex, F|\n|poke|p1|Gothitelle, F|\n|poke|p1|Scovillain, F|\n|poke|p1|Alomomola, F|\n|poke|p1|Great Tusk|\n|poke|p2|Volcarona, M|\n|poke|p2|Greninja-*, F|\n|poke|p2|Muk, F|\n|poke|p2|Azumarill, M|\n|poke|p2|Trevenant, F|\n|poke|p2|Espeon, M|\n|teampreview\n|c|\u2606700club|hi\n|\n|t:|1701167428\n|start\n|switch|p1a: Koraidon|Koraidon|100\/100\n|switch|p2a: Greninja|Greninja, F|100\/100\n|-weather|SunnyDay|[from] ability: Orichalcum Pulse|[of] p1a: Koraidon\n|-activate|p1a: Koraidon|Orichalcum Pulse|[source]\n|turn|1\n|\n|t:|1701167441\n|move|p1a: Koraidon|Collision Course|p2a: Greninja\n|-supereffective|p2a: Greninja\n|-damage|p2a: Greninja|0 fnt\n|faint|p2a: Greninja\n|\n|-weather|SunnyDay|[upkeep]\n|upkeep\n|\n|t:|1701167449\n|switch|p2a: Trevenant|Trevenant, F|100\/100\n|turn|2\n|\n|t:|1701167461\n|move|p1a: Koraidon|Flare Blitz|p2a: Trevenant\n|-supereffective|p2a: Trevenant\n|-damage|p2a: Trevenant|0 fnt\n|faint|p2a: Trevenant\n|-damage|p1a: Koraidon|64\/100|[from] Recoil\n|\n|-weather|SunnyDay|[upkeep]\n|upkeep\n|\n|t:|1701167469\n|switch|p2a: Volcarona|Volcarona, M|100\/100\n|turn|3\n|\n|t:|1701167492\n|move|p1a: Koraidon|Dragon Claw|p2a: Volcarona\n|-damage|p2a: Volcarona|17\/100\n|move|p2a: Volcarona|Quiver Dance|p2a: Volcarona\n|-boost|p2a: Volcarona|spa|1\n|-boost|p2a: Volcarona|spd|1\n|-boost|p2a: Volcarona|spe|1\n|\n|-weather|SunnyDay|[upkeep]\n|upkeep\n|turn|4\n|c|\u2606mith205|hi\n|\n|t:|1701167503\n|move|p2a: Volcarona|Giga Drain|p1a: Koraidon\n|-resisted|p1a: Koraidon\n|-damage|p1a: Koraidon|42\/100\n|-heal|p2a: Volcarona|32\/100|[from] drain|[of] p1a: Koraidon\n|move|p1a: Koraidon|Dragon Claw|p2a: Volcarona\n|-damage|p2a: Volcarona|0 fnt\n|faint|p2a: Volcarona\n|\n|-weather|SunnyDay|[upkeep]\n|upkeep\n|\n|t:|1701167514\n|switch|p2a: Muk|Muk, F|100\/100\n|turn|5\n|\n|t:|1701167534\n|move|p1a: Koraidon|U-turn|p2a: Muk\n|-resisted|p2a: Muk\n|-damage|p2a: Muk|82\/100\n|\n|t:|1701167549\n|switch|p1a: Gothitelle|Gothitelle, F, shiny|100\/100|[from] U-turn\n|move|p2a: Muk|Curse|p2a: Muk\n|-unboost|p2a: Muk|spe|1\n|-boost|p2a: Muk|atk|1\n|-boost|p2a: Muk|def|1\n|\n|-weather|SunnyDay|[upkeep]\n|-heal|p2a: Muk|88\/100|[from] item: Black Sludge\n|upkeep\n|turn|6\n|l|\u2606700club\n|player|p1|\n|j|\u2606700club\n|player|p1|700club|shadowtriad\n|\n|t:|1701167583\n|-terastallize|p2a: Muk|Poison\n|move|p2a: Muk|Shadow Sneak|p1a: Gothitelle\n|-supereffective|p1a: Gothitelle\n|-damage|p1a: Gothitelle|59\/100\n|-status|p1a: Gothitelle|psn|[from] ability: Poison Touch|[of] p2a: Muk\n|move|p1a: Gothitelle|Calm Mind|p1a: Gothitelle\n|-boost|p1a: Gothitelle|spa|1\n|-boost|p1a: Gothitelle|spd|1\n|\n|-weather|SunnyDay|[upkeep]\n|-heal|p1a: Gothitelle|65\/100 psn|[from] item: Leftovers\n|-heal|p2a: Muk|94\/100|[from] item: Black Sludge\n|-damage|p1a: Gothitelle|53\/100 psn|[from] psn\n|upkeep\n|turn|7\n|\n|t:|1701167603\n|move|p1a: Gothitelle|Stored Power|p2a: Muk\n|-supereffective|p2a: Muk\n|-damage|p2a: Muk|34\/100\n|move|p2a: Muk|Curse|p2a: Muk\n|-unboost|p2a: Muk|spe|1\n|-boost|p2a: Muk|atk|1\n|-boost|p2a: Muk|def|1\n|\n|-weather|SunnyDay|[upkeep]\n|-heal|p1a: Gothitelle|59\/100 psn|[from] item: Leftovers\n|-heal|p2a: Muk|40\/100|[from] item: Black Sludge\n|-damage|p1a: Gothitelle|46\/100 psn|[from] psn\n|upkeep\n|turn|8\n|\n|t:|1701167615\n|move|p2a: Muk|Shadow Sneak|p1a: Gothitelle\n|-supereffective|p1a: Gothitelle\n|-damage|p1a: Gothitelle|0 fnt\n|faint|p1a: Gothitelle\n|\n|-weather|none\n|-heal|p2a: Muk|46\/100|[from] item: Black Sludge\n|upkeep\n|\n|t:|1701167625\n|switch|p1a: Great Tusk|Great Tusk|100\/100\n|-enditem|p1a: Great Tusk|Booster Energy\n|-activate|p1a: Great Tusk|ability: Protosynthesis|[fromitem]\n|-start|p1a: Great Tusk|protosynthesisatk\n|turn|9\n|\n|t:|1701167636\n|move|p1a: Great Tusk|Earthquake|p2a: Muk\n|-supereffective|p2a: Muk\n|-damage|p2a: Muk|0 fnt\n|faint|p2a: Muk\n|\n|upkeep\n|\n|t:|1701167642\n|switch|p2a: Azumarill|Azumarill, M|100\/100\n|turn|10\n|\n|t:|1701167661\n|move|p1a: Great Tusk|Earthquake|p2a: Azumarill\n|-damage|p2a: Azumarill|22\/100\n|move|p2a: Azumarill|Belly Drum||[still]\n|-fail|p2a: Azumarill\n|\n|upkeep\n|turn|11\n|\n|t:|1701167667\n|move|p2a: Azumarill|Aqua Jet|p1a: Great Tusk\n|-supereffective|p1a: Great Tusk\n|-damage|p1a: Great Tusk|64\/100\n|-heal|p2a: Azumarill|27\/100|[from] item: Shell Bell|[of] p1a: Great Tusk\n|move|p1a: Great Tusk|Stealth Rock|p2a: Azumarill\n|-sidestart|p2: mith205|move: Stealth Rock\n|\n|upkeep\n|turn|12\n|\n|t:|1701167675\n|move|p1a: Great Tusk|Earthquake|p2a: Azumarill\n|-damage|p2a: Azumarill|0 fnt\n|faint|p2a: Azumarill\n|\n|upkeep\n|-message|mith205 forfeited.\n|\n|win|700club\n|raw|700club's rating: 1120 &rarr; <strong>1141<\/strong><br \/>(+21 for winning)\n|raw|mith205's rating: 1060 &rarr; <strong>1044<\/strong><br \/>(-16 for losing)\n|l|\u2606mith205\n","uploadtime":1701167686,"views":4,"p1id":"700club","p2id":"mith205","formatid":"gen9ubers","rating":1044,"private":0,"password":""}