{"id":"gen9ubers-1988758632","p1":"Aipom Hoshino","p2":"MythicSword","format":"[Gen 9] Ubers","log":"|j|\u2606Aipom Hoshino\n|j|\u2606MythicSword\n|t:|1699759400\n|gametype|singles\n|player|p1|Aipom Hoshino|lady-gen4|\n|player|p2|MythicSword|265|\n|teamsize|p1|6\n|teamsize|p2|6\n|gen|9\n|tier|[Gen 9] Ubers\n|rule|Sleep Clause Mod: Limit one foe put to sleep\n|rule|Species Clause: Limit one of each Pok\u00e9mon\n|rule|OHKO Clause: OHKO moves are banned\n|rule|Evasion Items Clause: Evasion items are banned\n|rule|Evasion Moves Clause: Evasion moves are banned\n|rule|Endless Battle Clause: Forcing endless battles is banned\n|rule|HP Percentage Mod: HP is shown in percentages\n|clearpoke\n|poke|p1|Masquerain, F|\n|poke|p1|Chi-Yu|\n|poke|p1|Spectrier|\n|poke|p1|Urshifu-*, F|\n|poke|p1|Zacian-*|\n|poke|p1|Houndstone, M|\n|poke|p2|Dialga-Origin|\n|poke|p2|Chi-Yu|\n|poke|p2|Magearna|\n|poke|p2|Ursaluna, F|\n|poke|p2|Cresselia, F|\n|poke|p2|Azumarill, F|\n|teampreview\n|inactive|Battle timer is ON: inactive players will automatically lose when time's up. (requested by MythicSword)\n|c|\u2606MythicSword|glhf\n|\n|t:|1699759472\n|start\n|switch|p1a: Zacian|Zacian|100\/100\n|switch|p2a: Magearna|Magearna|100\/100\n|-ability|p1a: Zacian|Intrepid Sword|boost\n|-boost|p1a: Zacian|atk|1\n|turn|1\n|c|\u2606Aipom Hoshino|glhf\n|\n|t:|1699759494\n|move|p1a: Zacian|Swords Dance|p1a: Zacian\n|-boost|p1a: Zacian|atk|2\n|move|p2a: Magearna|Trick Room|p2a: Magearna\n|-fieldstart|move: Trick Room|[of] p2a: Magearna\n|\n|upkeep\n|turn|2\n|\n|t:|1699759499\n|move|p2a: Magearna|Encore|p1a: Zacian\n|-start|p1a: Zacian|Encore\n|move|p1a: Zacian|Swords Dance|p1a: Zacian\n|-boost|p1a: Zacian|atk|2\n|\n|upkeep\n|turn|3\n|\n|t:|1699759505\n|switch|p1a: Masquerain|Masquerain, F|100\/100\n|-ability|p1a: Masquerain|Intimidate|boost\n|-unboost|p2a: Magearna|atk|1\n|move|p2a: Magearna|Volt Switch|p1a: Masquerain\n|-supereffective|p1a: Masquerain\n|-damage|p1a: Masquerain|56\/100\n|\n|t:|1699759512\n|switch|p2a: Ursaluna|Ursaluna, F|100\/100|[from] Volt Switch\n|\n|-status|p2a: Ursaluna|brn|[from] item: Flame Orb\n|upkeep\n|turn|4\n|\n|t:|1699759526\n|switch|p1a: Spectrier|Spectrier|100\/100\n|move|p2a: Ursaluna|Facade|p1a: Spectrier\n|-immune|p1a: Spectrier\n|\n|-damage|p2a: Ursaluna|94\/100 brn|[from] brn\n|upkeep\n|turn|5\n|\n|t:|1699759530\n|switch|p1a: Masquerain|Masquerain, F|56\/100\n|-ability|p1a: Masquerain|Intimidate|boost\n|-unboost|p2a: Ursaluna|atk|1\n|move|p2a: Ursaluna|Crunch|p1a: Masquerain\n|-damage|p1a: Masquerain|9\/100\n|\n|-damage|p2a: Ursaluna|88\/100 brn|[from] brn\n|-fieldend|move: Trick Room\n|upkeep\n|turn|6\n|\n|t:|1699759540\n|switch|p2a: Magearna|Magearna|100\/100\n|move|p1a: Masquerain|U-turn|p2a: Magearna\n|-resisted|p2a: Magearna\n|-damage|p2a: Magearna|97\/100\n|\n|t:|1699759544\n|switch|p1a: Chi-Yu|Chi-Yu|100\/100|[from] U-turn\n|-ability|p1a: Chi-Yu|Beads of Ruin\n|\n|-heal|p2a: Magearna|100\/100|[from] item: Leftovers\n|upkeep\n|turn|7\n|\n|t:|1699759555\n|switch|p2a: Azumarill|Azumarill, F, shiny|100\/100\n|move|p1a: Chi-Yu|Dark Pulse|p2a: Azumarill\n|-resisted|p2a: Azumarill\n|-damage|p2a: Azumarill|55\/100\n|\n|upkeep\n|turn|8\n|\n|t:|1699759580\n|switch|p1a: Masquerain|Masquerain, F|9\/100\n|-ability|p1a: Masquerain|Intimidate|boost\n|-unboost|p2a: Azumarill|atk|1\n|move|p2a: Azumarill|Belly Drum|p2a: Azumarill\n|-damage|p2a: Azumarill|5\/100\n|-setboost|p2a: Azumarill|atk|6|[from] move: Belly Drum\n|-enditem|p2a: Azumarill|Sitrus Berry|[eat]\n|-heal|p2a: Azumarill|30\/100|[from] item: Sitrus Berry\n|\n|upkeep\n|turn|9\n|\n|t:|1699759603\n|move|p2a: Azumarill|Aqua Jet|p1a: Masquerain\n|-damage|p1a: Masquerain|0 fnt\n|faint|p1a: Masquerain\n|\n|upkeep\n|\n|t:|1699759605\n|switch|p1a: Urshifu|Urshifu, F|100\/100\n|turn|10\n|\n|t:|1699759613\n|move|p2a: Azumarill|Aqua Jet|p1a: Urshifu\n|-damage|p1a: Urshifu|6\/100\n|move|p1a: Urshifu|Wicked Blow|p2a: Azumarill\n|-resisted|p2a: Azumarill\n|-crit|p2a: Azumarill\n|-damage|p2a: Azumarill|0 fnt\n|faint|p2a: Azumarill\n|\n|upkeep\n|\n|t:|1699759621\n|switch|p2a: Magearna|Magearna|100\/100\n|turn|11\n|\n|t:|1699759625\n|switch|p1a: Chi-Yu|Chi-Yu|100\/100\n|-ability|p1a: Chi-Yu|Beads of Ruin\n|move|p2a: Magearna|Trick Room|p2a: Magearna\n|-fieldstart|move: Trick Room|[of] p2a: Magearna\n|\n|upkeep\n|turn|12\n|inactive|Aipom Hoshino has 270 seconds left.\n|inactive|MythicSword has 270 seconds left.\n|\n|t:|1699759667\n|move|p2a: Magearna|Fleur Cannon|p1a: Chi-Yu\n|-damage|p1a: Chi-Yu|32\/100\n|-unboost|p2a: Magearna|spa|2\n|move|p1a: Chi-Yu|Flamethrower|p2a: Magearna\n|-supereffective|p2a: Magearna\n|-damage|p2a: Magearna|0 fnt\n|faint|p2a: Magearna\n|\n|upkeep\n|\n|t:|1699759674\n|switch|p2a: Ursaluna|Ursaluna, F|88\/100 brn\n|turn|13\n|inactive|Aipom Hoshino has 270 seconds left.\n|\n|t:|1699759694\n|move|p2a: Ursaluna|Crunch|p1a: Chi-Yu\n|-resisted|p1a: Chi-Yu\n|-damage|p1a: Chi-Yu|0 fnt\n|faint|p1a: Chi-Yu\n|\n|-damage|p2a: Ursaluna|82\/100 brn|[from] brn\n|upkeep\n|inactive|Aipom Hoshino has 270 seconds left.\n|\n|t:|1699759715\n|switch|p1a: Zacian|Zacian|100\/100\n|turn|14\n|\n|t:|1699759722\n|move|p2a: Ursaluna|Facade|p1a: Zacian\n|-damage|p1a: Zacian|0 fnt\n|faint|p1a: Zacian\n|\n|-damage|p2a: Ursaluna|76\/100 brn|[from] brn\n|upkeep\n|\n|t:|1699759736\n|switch|p1a: Urshifu|Urshifu, F|6\/100\n|turn|15\n|\n|t:|1699759743\n|move|p1a: Urshifu|Sucker Punch|p2a: Ursaluna\n|-damage|p2a: Ursaluna|35\/100 brn\n|move|p2a: Ursaluna|Crunch|p1a: Urshifu\n|-resisted|p1a: Urshifu\n|-damage|p1a: Urshifu|0 fnt\n|faint|p1a: Urshifu\n|\n|-damage|p2a: Ursaluna|29\/100 brn|[from] brn\n|-fieldend|move: Trick Room\n|upkeep\n|inactive|Aipom Hoshino has 270 seconds left.\n|\n|t:|1699759758\n|switch|p1a: Spectrier|Spectrier|100\/100\n|turn|16\n|\n|t:|1699759764\n|switch|p2a: Chi-Yu|Chi-Yu|100\/100\n|-ability|p2a: Chi-Yu|Beads of Ruin\n|move|p1a: Spectrier|Dark Pulse|p2a: Chi-Yu\n|-resisted|p2a: Chi-Yu\n|-damage|p2a: Chi-Yu|76\/100\n|\n|upkeep\n|turn|17\n|inactive|Aipom Hoshino has 270 seconds left.\n|\n|t:|1699759777\n|-terastallize|p1a: Spectrier|Fighting\n|move|p1a: Spectrier|Dark Pulse|p2a: Chi-Yu\n|-resisted|p2a: Chi-Yu\n|-damage|p2a: Chi-Yu|55\/100\n|move|p2a: Chi-Yu|Flamethrower|p1a: Spectrier\n|-crit|p1a: Spectrier\n|-damage|p1a: Spectrier|0 fnt\n|faint|p1a: Spectrier\n|\n|upkeep\n|\n|t:|1699759783\n|switch|p1a: Houndstone|Houndstone, M|100\/100\n|turn|18\n|inactive|Aipom Hoshino has 270 seconds left.\n|\n|t:|1699759789\n|move|p1a: Houndstone|Last Respects|p2a: Chi-Yu\n|-resisted|p2a: Chi-Yu\n|-damage|p2a: Chi-Yu|0 fnt\n|faint|p2a: Chi-Yu\n|\n|upkeep\n|\n|t:|1699759813\n|switch|p2a: Ursaluna|Ursaluna, F|29\/100 brn\n|turn|19\n|\n|t:|1699759818\n|move|p1a: Houndstone|Last Respects|p2a: Ursaluna\n|-immune|p2a: Ursaluna\n|move|p2a: Ursaluna|Headlong Rush|p1a: Houndstone\n|-damage|p1a: Houndstone|37\/100\n|-unboost|p2a: Ursaluna|def|1\n|-unboost|p2a: Ursaluna|spd|1\n|\n|-damage|p2a: Ursaluna|23\/100 brn|[from] brn\n|upkeep\n|turn|20\n|\n|t:|1699759824\n|move|p1a: Houndstone|Last Respects|p2a: Ursaluna\n|-immune|p2a: Ursaluna\n|move|p2a: Ursaluna|Headlong Rush|p1a: Houndstone\n|-damage|p1a: Houndstone|0 fnt\n|-unboost|p2a: Ursaluna|def|1\n|-unboost|p2a: Ursaluna|spd|1\n|faint|p1a: Houndstone\n|\n|win|MythicSword\n|c|\u2606Aipom Hoshino|gg\n|c|\u2606MythicSword|gg\\\n|l|\u2606Aipom Hoshino\n","uploadtime":1699759850,"views":27,"p1id":"aipomhoshino","p2id":"mythicsword","formatid":"gen9ubers","rating":0,"private":0,"password":""}