{"id":"gen9ubers-1991458189","p1":"Wetcroutons","p2":"Pdswww","format":"[Gen 9] Ubers","log":"|j|\u2606Wetcroutons\n|j|\u2606Pdswww\n|t:|1700078834\n|gametype|singles\n|player|p1|Wetcroutons|101|\n|player|p2|Pdswww|265|\n|teamsize|p1|6\n|teamsize|p2|6\n|gen|9\n|tier|[Gen 9] Ubers\n|rule|Sleep Clause Mod: Limit one foe put to sleep\n|rule|Species Clause: Limit one of each Pok\u00e9mon\n|rule|OHKO Clause: OHKO moves are banned\n|rule|Evasion Items Clause: Evasion items are banned\n|rule|Evasion Moves Clause: Evasion moves are banned\n|rule|Endless Battle Clause: Forcing endless battles is banned\n|rule|HP Percentage Mod: HP is shown in percentages\n|clearpoke\n|poke|p1|Spidops, M|\n|poke|p1|Quagsire, F|\n|poke|p1|Sneasler, F|\n|poke|p1|Ursaluna-Bloodmoon, M|\n|poke|p1|Cinderace, F|\n|poke|p1|Starly, L1, M|\n|poke|p2|Zacian-*|\n|poke|p2|Urshifu-*, F|\n|poke|p2|Ogerpon-Wellspring, F|\n|poke|p2|Landorus, M|\n|poke|p2|Weezing-Galar, F|\n|poke|p2|Arceus-Bug|\n|teampreview\n|inactive|Battle timer is ON: inactive players will automatically lose when time's up. (requested by Wetcroutons)\n|\n|t:|1700078852\n|start\n|switch|p1a: Spidops|Spidops, M|100\/100\n|switch|p2a: Ogerpon|Ogerpon-Wellspring, F|100\/100\n|turn|1\n|\n|t:|1700078860\n|move|p2a: Ogerpon|Ivy Cudgel|p1a: Spidops|[anim] Ivy Cudgel Water\n|-crit|p1a: Spidops\n|-damage|p1a: Spidops|34\/100\n|move|p1a: Spidops|Sticky Web|p2a: Ogerpon\n|-sidestart|p2: Pdswww|move: Sticky Web\n|\n|upkeep\n|turn|2\n|\n|t:|1700078867\n|move|p2a: Ogerpon|Ivy Cudgel|p1a: Spidops|[anim] Ivy Cudgel Water\n|-damage|p1a: Spidops|0 fnt\n|faint|p1a: Spidops\n|\n|upkeep\n|\n|t:|1700078870\n|switch|p1a: Quagsire|Quagsire, F|100\/100\n|turn|3\n|\n|t:|1700078874\n|move|p2a: Ogerpon|Horn Leech|p1a: Quagsire\n|-supereffective|p1a: Quagsire\n|-damage|p1a: Quagsire|0 fnt\n|faint|p1a: Quagsire\n|\n|upkeep\n|\n|t:|1700078877\n|switch|p1a: Starly|Starly, L1, M|100\/100\n|turn|4\n|\n|t:|1700078881\n|move|p2a: Ogerpon|U-turn|p1a: Starly\n|-resisted|p1a: Starly\n|-enditem|p1a: Starly|Focus Sash\n|-damage|p1a: Starly|9\/100\n|\n|t:|1700078889\n|switch|p2a: Urshifu|Urshifu-Rapid-Strike, F|100\/100|[from] U-turn\n|-activate|p2a: Urshifu|move: Sticky Web\n|-unboost|p2a: Urshifu|spe|1\n|move|p1a: Starly|Endeavor|p2a: Urshifu\n|-damage|p2a: Urshifu|1\/100\n|\n|upkeep\n|turn|5\n|\n|t:|1700078897\n|move|p1a: Starly|Quick Attack|p2a: Urshifu\n|-damage|p2a: Urshifu|0 fnt\n|faint|p2a: Urshifu\n|\n|upkeep\n|c|\u2606Wetcroutons|Bro\n|inactive|Pdswww has 270 seconds left.\n|\n|t:|1700078932\n|switch|p2a: Arceus|Arceus-Bug|100\/100\n|-activate|p2a: Arceus|move: Sticky Web\n|-unboost|p2a: Arceus|spe|1\n|turn|6\n|inactive|Pdswww has 270 seconds left.\n|\n|t:|1700078942\n|move|p2a: Arceus|Thunderbolt|p1a: Starly\n|-supereffective|p1a: Starly\n|-damage|p1a: Starly|0 fnt\n|faint|p1a: Starly\n|\n|upkeep\n|\n|t:|1700078952\n|switch|p1a: Ursaluna|Ursaluna-Bloodmoon, M|100\/100\n|turn|7\n|\n|t:|1700078959\n|move|p2a: Arceus|Calm Mind|p2a: Arceus\n|-boost|p2a: Arceus|spa|1\n|-boost|p2a: Arceus|spd|1\n|move|p1a: Ursaluna|Blood Moon|p2a: Arceus\n|-damage|p2a: Arceus|62\/100\n|\n|upkeep\n|turn|8\n|\n|t:|1700078967\n|switch|p1a: Cinderace|Cinderace, F|100\/100\n|move|p2a: Arceus|Calm Mind|p2a: Arceus\n|-boost|p2a: Arceus|spa|1\n|-boost|p2a: Arceus|spd|1\n|\n|upkeep\n|turn|9\n|\n|t:|1700078972\n|move|p1a: Cinderace|Pyro Ball|p2a: Arceus\n|-supereffective|p2a: Arceus\n|-crit|p2a: Arceus\n|-damage|p2a: Arceus|0 fnt\n|faint|p2a: Arceus\n|\n|upkeep\n|\n|t:|1700078984\n|switch|p2a: Ogerpon|Ogerpon-Wellspring, F|100\/100\n|-activate|p2a: Ogerpon|move: Sticky Web\n|-unboost|p2a: Ogerpon|spe|1\n|turn|10\n|\n|t:|1700078987\n|-terastallize|p2a: Ogerpon|Water\n|detailschange|p2a: Ogerpon|Ogerpon-Wellspring-Tera, F, tera:Water\n|-ability|p2a: Ogerpon|Embody Aspect (Wellspring)|boost\n|-boost|p2a: Ogerpon|spd|1\n|move|p1a: Cinderace|U-turn|p2a: Ogerpon\n|-start|p1a: Cinderace|typechange|Bug|[from] ability: Libero\n|-damage|p2a: Ogerpon|56\/100\n|\n|t:|1700078993\n|switch|p1a: Ursaluna|Ursaluna-Bloodmoon, M|100\/100|[from] U-turn\n|move|p2a: Ogerpon|Ivy Cudgel|p1a: Ursaluna|[anim] Ivy Cudgel Water\n|-supereffective|p1a: Ursaluna\n|-damage|p1a: Ursaluna|0 fnt\n|faint|p1a: Ursaluna\n|\n|upkeep\n|\n|t:|1700078999\n|switch|p1a: Sneasler|Sneasler, F|100\/100\n|turn|11\n|\n|t:|1700079006\n|move|p1a: Sneasler|Swords Dance|p1a: Sneasler\n|-boost|p1a: Sneasler|atk|2\n|move|p2a: Ogerpon|Ivy Cudgel|p1a: Sneasler|[anim] Ivy Cudgel Water\n|-enditem|p1a: Sneasler|Focus Sash\n|-damage|p1a: Sneasler|1\/100\n|\n|upkeep\n|turn|12\n|\n|t:|1700079017\n|move|p1a: Sneasler|Close Combat|p2a: Ogerpon\n|-damage|p2a: Ogerpon|0 fnt\n|-unboost|p1a: Sneasler|def|1\n|-unboost|p1a: Sneasler|spd|1\n|faint|p2a: Ogerpon\n|\n|upkeep\n|\n|t:|1700079030\n|switch|p2a: Weezing|Weezing-Galar, F|100\/100\n|-ability|p2a: Weezing|Neutralizing Gas\n|-activate|p2a: Weezing|move: Sticky Web\n|-unboost|p2a: Weezing|spe|1\n|turn|13\n|\n|t:|1700079038\n|move|p1a: Sneasler|Dire Claw|p2a: Weezing\n|-damage|p2a: Weezing|41\/100\n|-status|p2a: Weezing|par\n|move|p2a: Weezing|Defog|p1a: Sneasler\n|-unboost|p1a: Sneasler|evasion|1\n|-sideend|p2: Pdswww|Sticky Web|[from] move: Defog|[of] p2a: Weezing\n|\n|-heal|p2a: Weezing|47\/100 par|[from] item: Black Sludge\n|upkeep\n|turn|14\n|\n|t:|1700079043\n|move|p1a: Sneasler|Dire Claw|p2a: Weezing\n|-damage|p2a: Weezing|0 fnt\n|faint|p2a: Weezing\n|-end|p2a: Weezing|ability: Neutralizing Gas\n|\n|upkeep\n|\n|t:|1700079045\n|switch|p2a: Zacian|Zacian|100\/100\n|-ability|p2a: Zacian|Intrepid Sword|boost\n|-boost|p2a: Zacian|atk|1\n|turn|15\n|\n|t:|1700079057\n|move|p1a: Sneasler|Dire Claw|p2a: Zacian\n|-supereffective|p2a: Zacian\n|-damage|p2a: Zacian|0 fnt\n|faint|p2a: Zacian\n|\n|upkeep\n|\n|t:|1700079060\n|switch|p2a: Landorus|Landorus, M|100\/100\n|turn|16\n|\n|t:|1700079069\n|move|p1a: Sneasler|Acrobatics|p2a: Landorus\n|-damage|p2a: Landorus|2\/100\n|move|p2a: Landorus|Earth Power|p1a: Sneasler\n|-supereffective|p1a: Sneasler\n|-damage|p1a: Sneasler|0 fnt\n|faint|p1a: Sneasler\n|\n|upkeep\n|\n|t:|1700079075\n|switch|p1a: Cinderace|Cinderace, F|100\/100\n|turn|17\n|\n|t:|1700079090\n|move|p1a: Cinderace|U-turn|p2a: Landorus\n|-start|p1a: Cinderace|typechange|Bug|[from] ability: Libero\n|-resisted|p2a: Landorus\n|-damage|p2a: Landorus|0 fnt\n|faint|p2a: Landorus\n|\n|win|Wetcroutons\n|l|\u2606Pdswww\n","uploadtime":1700079105,"views":6,"p1id":"wetcroutons","p2id":"pdswww","formatid":"gen9ubers","rating":0,"private":0,"password":""}