{"id":"gen9ubers-1982015878","p1":"i'm drunk xd","p2":"Andy834","format":"[Gen 9] Ubers","log":"|j|\u2606i'm drunk xd\n|j|\u2606Andy834\n|t:|1698959848\n|gametype|singles\n|player|p1|i'm drunk xd|cynthia|1045\n|player|p2|Andy834|silver|1174\n|teamsize|p1|6\n|teamsize|p2|6\n|gen|9\n|tier|[Gen 9] Ubers\n|rated|\n|rule|Sleep Clause Mod: Limit one foe put to sleep\n|rule|Species Clause: Limit one of each Pok\u00e9mon\n|rule|OHKO Clause: OHKO moves are banned\n|rule|Evasion Items Clause: Evasion items are banned\n|rule|Evasion Moves Clause: Evasion moves are banned\n|rule|Endless Battle Clause: Forcing endless battles is banned\n|rule|HP Percentage Mod: HP is shown in percentages\n|clearpoke\n|poke|p1|Ogerpon, F|\n|poke|p1|Tinkaton, F|\n|poke|p1|Iron Valiant|\n|poke|p1|Gholdengo|\n|poke|p1|Grimmsnarl, M|\n|poke|p1|Miraidon|\n|poke|p2|Kingambit, M|\n|poke|p2|Skeledirge, M|\n|poke|p2|Eternatus|\n|poke|p2|Flutter Mane|\n|poke|p2|Grimmsnarl, M|\n|poke|p2|Lucario, F|\n|teampreview\n|c|\u2606i'm drunk xd|here we go!\n|\n|t:|1698959858\n|start\n|switch|p1a: Kain|Grimmsnarl, M, shiny|100\/100\n|switch|p2a: Grimmsnarl|Grimmsnarl, M|100\/100\n|turn|1\n|\n|t:|1698959865\n|move|p1a: Kain|Light Screen|p1a: Kain\n|-sidestart|p1: i'm drunk xd|move: Light Screen\n|move|p2a: Grimmsnarl|Light Screen|p2a: Grimmsnarl\n|-sidestart|p2: Andy834|move: Light Screen\n|\n|upkeep\n|turn|2\n|\n|t:|1698959869\n|move|p2a: Grimmsnarl|Reflect|p2a: Grimmsnarl\n|-sidestart|p2: Andy834|Reflect\n|move|p1a: Kain|Reflect|p1a: Kain\n|-sidestart|p1: i'm drunk xd|Reflect\n|\n|upkeep\n|turn|3\n|\n|t:|1698959879\n|switch|p1a: e621|Miraidon|100\/100\n|-fieldstart|move: Electric Terrain|[from] ability: Hadron Engine|[of] p1a: e621\n|switch|p2a: Skeledirge|Skeledirge, M|100\/100\n|\n|upkeep\n|turn|4\n|c|\u2606i'm drunk xd|a man of culture I se\n|\n|t:|1698959908\n|switch|p2a: Grimmsnarl|Grimmsnarl, M|100\/100\n|move|p1a: e621|Volt Switch|p2a: Grimmsnarl\n|-damage|p2a: Grimmsnarl|73\/100\n|\n|t:|1698959917\n|switch|p1a: Drinkaton|Tinkaton, F|100\/100|[from] Volt Switch\n|\n|upkeep\n|turn|5\n|\n|t:|1698959922\n|move|p2a: Grimmsnarl|Parting Shot|p1a: Drinkaton\n|-unboost|p1a: Drinkaton|atk|1\n|-unboost|p1a: Drinkaton|spa|1\n|\n|t:|1698959935\n|switch|p2a: Eternatus|Eternatus|100\/100|[from] Parting Shot\n|-ability|p2a: Eternatus|Pressure\n|move|p1a: Drinkaton|Gigaton Hammer|p2a: Eternatus\n|-damage|p2a: Eternatus|86\/100\n|\n|upkeep\n|turn|6\n|\n|t:|1698959942\n|move|p1a: Drinkaton|Stealth Rock|p2a: Eternatus\n|-sidestart|p2: Andy834|move: Stealth Rock\n|move|p2a: Eternatus|Cosmic Power|p2a: Eternatus\n|-boost|p2a: Eternatus|def|1\n|-boost|p2a: Eternatus|spd|1\n|\n|upkeep\n|turn|7\n|\n|t:|1698959947\n|move|p1a: Drinkaton|Encore|p2a: Eternatus\n|-start|p2a: Eternatus|Encore\n|-enditem|p2a: Eternatus|Mental Herb\n|-end|p2a: Eternatus|Encore\n|move|p2a: Eternatus|Flamethrower|p1a: Drinkaton\n|-supereffective|p1a: Drinkaton\n|-damage|p1a: Drinkaton|69\/100\n|\n|-fieldend|move: Electric Terrain\n|upkeep\n|turn|8\n|\n|t:|1698959956\n|move|p1a: Drinkaton|Knock Off|p2a: Eternatus\n|-damage|p2a: Eternatus|84\/100\n|move|p2a: Eternatus|Cosmic Power|p2a: Eternatus\n|-boost|p2a: Eternatus|def|1\n|-boost|p2a: Eternatus|spd|1\n|\n|-sideend|p1: i'm drunk xd|move: Light Screen\n|-sideend|p2: Andy834|move: Light Screen\n|upkeep\n|turn|9\n|\n|t:|1698959963\n|move|p1a: Drinkaton|Encore|p2a: Eternatus\n|-start|p2a: Eternatus|Encore\n|move|p2a: Eternatus|Cosmic Power|p2a: Eternatus\n|-boost|p2a: Eternatus|def|1\n|-boost|p2a: Eternatus|spd|1\n|\n|-sideend|p2: Andy834|Reflect\n|-sideend|p1: i'm drunk xd|Reflect\n|upkeep\n|turn|10\n|\n|t:|1698959969\n|move|p1a: Drinkaton|Gigaton Hammer|p2a: Eternatus\n|-damage|p2a: Eternatus|73\/100\n|move|p2a: Eternatus|Cosmic Power|p2a: Eternatus\n|-boost|p2a: Eternatus|def|1\n|-boost|p2a: Eternatus|spd|1\n|\n|upkeep\n|turn|11\n|\n|t:|1698959975\n|move|p1a: Drinkaton|Knock Off|p2a: Eternatus\n|-damage|p2a: Eternatus|70\/100\n|move|p2a: Eternatus|Cosmic Power|p2a: Eternatus\n|-boost|p2a: Eternatus|def|1\n|-boost|p2a: Eternatus|spd|1\n|\n|-end|p2a: Eternatus|Encore\n|upkeep\n|turn|12\n|\n|t:|1698959982\n|move|p1a: Drinkaton|Encore|p2a: Eternatus\n|-start|p2a: Eternatus|Encore\n|move|p2a: Eternatus|Cosmic Power|p2a: Eternatus\n|-boost|p2a: Eternatus|def|1\n|-boost|p2a: Eternatus|spd|1\n|\n|upkeep\n|turn|13\n|\n|t:|1698959988\n|move|p1a: Drinkaton|Gigaton Hammer|p2a: Eternatus\n|-damage|p2a: Eternatus|64\/100\n|move|p2a: Eternatus|Cosmic Power|p2a: Eternatus\n|-boost|p2a: Eternatus|def|0\n|-boost|p2a: Eternatus|spd|0\n|\n|upkeep\n|turn|14\n|\n|t:|1698959995\n|move|p1a: Drinkaton|Knock Off|p2a: Eternatus\n|-damage|p2a: Eternatus|62\/100\n|move|p2a: Eternatus|Cosmic Power|p2a: Eternatus\n|-boost|p2a: Eternatus|def|0\n|-boost|p2a: Eternatus|spd|0\n|\n|-end|p2a: Eternatus|Encore\n|upkeep\n|turn|15\n|\n|t:|1698960001\n|move|p1a: Drinkaton|Encore|p2a: Eternatus\n|-start|p2a: Eternatus|Encore\n|move|p2a: Eternatus|Cosmic Power|p2a: Eternatus\n|-boost|p2a: Eternatus|def|0\n|-boost|p2a: Eternatus|spd|0\n|\n|upkeep\n|turn|16\n|\n|t:|1698960007\n|move|p1a: Drinkaton|Gigaton Hammer|p2a: Eternatus\n|-damage|p2a: Eternatus|55\/100\n|move|p2a: Eternatus|Cosmic Power|p2a: Eternatus\n|-boost|p2a: Eternatus|def|0\n|-boost|p2a: Eternatus|spd|0\n|\n|upkeep\n|turn|17\n|\n|t:|1698960013\n|move|p1a: Drinkaton|Knock Off|p2a: Eternatus\n|-damage|p2a: Eternatus|53\/100\n|move|p2a: Eternatus|Cosmic Power|p2a: Eternatus\n|-boost|p2a: Eternatus|def|0\n|-boost|p2a: Eternatus|spd|0\n|\n|-end|p2a: Eternatus|Encore\n|upkeep\n|turn|18\n|c|\u2606i'm drunk xd|fuck out of pp haha\n|\n|t:|1698960033\n|switch|p1a: Murder Drone|Iron Valiant, shiny|100\/100\n|move|p2a: Eternatus|Recover|p2a: Eternatus\n|-heal|p2a: Eternatus|100\/100\n|\n|upkeep\n|turn|19\n|\n|t:|1698960041\n|move|p1a: Murder Drone|Thunderbolt|p2a: Eternatus\n|-resisted|p2a: Eternatus\n|-damage|p2a: Eternatus|98\/100\n|move|p2a: Eternatus|Toxic|p1a: Murder Drone\n|-status|p1a: Murder Drone|tox\n|\n|-damage|p1a: Murder Drone|94\/100 tox|[from] psn\n|upkeep\n|turn|20\n|\n|t:|1698960050\n|move|p1a: Murder Drone|Destiny Bond|p1a: Murder Drone\n|-singlemove|p1a: Murder Drone|Destiny Bond\n|move|p2a: Eternatus|Flamethrower|p1a: Murder Drone\n|-crit|p1a: Murder Drone\n|-damage|p1a: Murder Drone|8\/100 tox\n|\n|-damage|p1a: Murder Drone|0 fnt|[from] psn\n|faint|p1a: Murder Drone\n|-end|p1a: Murder Drone|Quark Drive|[silent]\n|upkeep\n|\n|t:|1698960060\n|switch|p1a: e621|Miraidon|100\/100\n|-fieldstart|move: Electric Terrain|[from] ability: Hadron Engine|[of] p1a: e621\n|turn|21\n|c|\u2606Andy834|that was so close\n|c|\u2606i'm drunk xd|Fuck\n|-message|i'm drunk xd forfeited.\n|\n|win|Andy834\n|raw|i&apos;m drunk xd's rating: 1045 &rarr; <strong>1034<\/strong><br \/>(-11 for losing)\n|raw|Andy834's rating: 1174 &rarr; <strong>1190<\/strong><br \/>(+16 for winning)\n","uploadtime":1698960030,"views":4,"p1id":"imdrunkxd","p2id":"andy834","formatid":"gen9ubers","rating":1034,"private":0,"password":""}