{"id":"gen9ubers-1969599912","p1":"masterash","p2":"ligmmaball","format":"[Gen 9] Ubers","log":"|j|\u2606masterash\n|j|\u2606ligmmaball\n|t:|1697550833\n|gametype|singles\n|player|p1|masterash|ash|1109\n|player|p2|ligmmaball|170|1050\n|teamsize|p1|6\n|teamsize|p2|6\n|gen|9\n|tier|[Gen 9] Ubers\n|rated|\n|rule|Sleep Clause Mod: Limit one foe put to sleep\n|rule|Species Clause: Limit one of each Pok\u00e9mon\n|rule|OHKO Clause: OHKO moves are banned\n|rule|Evasion Items Clause: Evasion items are banned\n|rule|Evasion Moves Clause: Evasion moves are banned\n|rule|Endless Battle Clause: Forcing endless battles is banned\n|rule|HP Percentage Mod: HP is shown in percentages\n|clearpoke\n|poke|p1|Meowscarada, M|\n|poke|p1|Tinkaton, F|\n|poke|p1|Annihilape, M|\n|poke|p1|Scream Tail|\n|poke|p1|Iron Moth|\n|poke|p1|Palafin, F|\n|poke|p2|Volcarona, M|\n|poke|p2|Garchomp, F|\n|poke|p2|Landorus-Therian, M|\n|poke|p2|Zacian-*|\n|poke|p2|Palkia|\n|poke|p2|Giratina-Origin|\n|teampreview\n|\n|t:|1697550858\n|start\n|switch|p1a: Palafin|Palafin, F|100\/100\n|switch|p2a: Garchomp|Garchomp, F|100\/100\n|turn|1\n|\n|t:|1697550869\n|move|p1a: Palafin|Ice Punch|p2a: Garchomp\n|-supereffective|p2a: Garchomp\n|-damage|p2a: Garchomp|20\/100\n|-status|p2a: Garchomp|frz\n|-damage|p1a: Palafin|88\/100|[from] ability: Rough Skin|[of] p2a: Garchomp\n|-enditem|p2a: Garchomp|Aguav Berry|[eat]\n|-heal|p2a: Garchomp|53\/100 frz|[from] item: Aguav Berry\n|cant|p2a: Garchomp|frz\n|\n|upkeep\n|turn|2\n|\n|t:|1697550885\n|detailschange|p1a: Palafin|Palafin-Hero, F\n|switch|p1a: Scream Tail|Scream Tail|100\/100\n|switch|p2a: Zacian|Zacian-Crowned, shiny|100\/100\n|-ability|p2a: Zacian|Intrepid Sword|boost\n|-boost|p2a: Zacian|atk|1\n|\n|upkeep\n|turn|3\n|\n|t:|1697550894\n|move|p2a: Zacian|Behemoth Blade|p1a: Scream Tail\n|-supereffective|p1a: Scream Tail\n|-damage|p1a: Scream Tail|5\/100\n|-damage|p2a: Zacian|84\/100|[from] item: Rocky Helmet|[of] p1a: Scream Tail\n|move|p1a: Scream Tail|Stealth Rock|p2a: Zacian\n|-sidestart|p2: ligmmaball|move: Stealth Rock\n|\n|upkeep\n|turn|4\n|\n|t:|1697550905\n|move|p2a: Zacian|Moonblast|p1a: Scream Tail\n|-damage|p1a: Scream Tail|0 fnt\n|faint|p1a: Scream Tail\n|-end|p1a: Scream Tail|Protosynthesis|[silent]\n|\n|upkeep\n|\n|t:|1697550912\n|switch|p1a: Tinkaton|Tinkaton, F|100\/100\n|-ability|p1a: Tinkaton|Mold Breaker\n|turn|5\n|\n|t:|1697550925\n|-terastallize|p2a: Zacian|Water\n|move|p2a: Zacian|Swords Dance|p2a: Zacian\n|-boost|p2a: Zacian|atk|2\n|move|p1a: Tinkaton|Encore|p2a: Zacian\n|-start|p2a: Zacian|Encore\n|\n|upkeep\n|turn|6\n|\n|t:|1697550933\n|switch|p1a: Meowscarada|Meowscarada, M|100\/100\n|move|p2a: Zacian|Swords Dance|p2a: Zacian\n|-boost|p2a: Zacian|atk|2\n|\n|upkeep\n|turn|7\n|\n|t:|1697550941\n|move|p2a: Zacian|Swords Dance|p2a: Zacian\n|-boost|p2a: Zacian|atk|1\n|move|p1a: Meowscarada|Flower Trick|p2a: Zacian\n|-start|p1a: Meowscarada|typechange|Grass|[from] ability: Protean\n|-supereffective|p2a: Zacian\n|-crit|p2a: Zacian\n|-damage|p2a: Zacian|0 fnt\n|faint|p2a: Zacian\n|\n|upkeep\n|\n|t:|1697550950\n|switch|p2a: Volcarona|Volcarona, M|100\/100\n|-damage|p2a: Volcarona|50\/100|[from] Stealth Rock\n|turn|8\n|\n|t:|1697550959\n|move|p1a: Meowscarada|Knock Off|p2a: Volcarona\n|-damage|p2a: Volcarona|13\/100\n|-enditem|p2a: Volcarona|Aguav Berry|[from] move: Knock Off|[of] p1a: Meowscarada\n|move|p2a: Volcarona|Bug Buzz|p1a: Meowscarada\n|-supereffective|p1a: Meowscarada\n|-damage|p1a: Meowscarada|0 fnt\n|faint|p1a: Meowscarada\n|\n|upkeep\n|\n|t:|1697550970\n|switch|p1a: Iron Moth|Iron Moth|100\/100\n|-enditem|p1a: Iron Moth|Booster Energy\n|-activate|p1a: Iron Moth|ability: Quark Drive|[fromitem]\n|-start|p1a: Iron Moth|quarkdrivespa\n|turn|9\n|\n|t:|1697550976\n|move|p1a: Iron Moth|Fiery Dance|p2a: Volcarona\n|-damage|p2a: Volcarona|0 fnt\n|faint|p2a: Volcarona\n|\n|upkeep\n|\n|t:|1697550989\n|switch|p2a: Garchomp|Garchomp, F|53\/100 frz\n|-damage|p2a: Garchomp|47\/100 frz|[from] Stealth Rock\n|turn|10\n|\n|t:|1697550996\n|move|p1a: Iron Moth|Substitute|p1a: Iron Moth\n|-start|p1a: Iron Moth|Substitute\n|-damage|p1a: Iron Moth|76\/100\n|cant|p2a: Garchomp|frz\n|\n|upkeep\n|turn|11\n|\n|t:|1697551001\n|move|p1a: Iron Moth|Fiery Dance|p2a: Garchomp\n|-resisted|p2a: Garchomp\n|-damage|p2a: Garchomp|19\/100 frz\n|-curestatus|p2a: Garchomp|frz|[msg]\n|move|p2a: Garchomp|Rest|p2a: Garchomp\n|-status|p2a: Garchomp|slp|[from] move: Rest\n|-heal|p2a: Garchomp|100\/100 slp|[silent]\n|\n|upkeep\n|turn|12\n|\n|t:|1697551011\n|move|p1a: Iron Moth|Fiery Dance|p2a: Garchomp\n|-resisted|p2a: Garchomp\n|-crit|p2a: Garchomp\n|-damage|p2a: Garchomp|58\/100 slp\n|-boost|p1a: Iron Moth|spa|1\n|cant|p2a: Garchomp|slp\n|\n|upkeep\n|turn|13\n|\n|t:|1697551020\n|move|p1a: Iron Moth|Fiery Dance|p2a: Garchomp\n|-resisted|p2a: Garchomp\n|-damage|p2a: Garchomp|19\/100 slp\n|-boost|p1a: Iron Moth|spa|1\n|cant|p2a: Garchomp|slp\n|\n|upkeep\n|turn|14\n|\n|t:|1697551027\n|move|p1a: Iron Moth|Fiery Dance|p2a: Garchomp\n|-resisted|p2a: Garchomp\n|-damage|p2a: Garchomp|0 fnt\n|-boost|p1a: Iron Moth|spa|1\n|faint|p2a: Garchomp\n|\n|upkeep\n|\n|t:|1697551041\n|switch|p2a: Landorus|Landorus-Therian, M|100\/100\n|-damage|p2a: Landorus|88\/100|[from] Stealth Rock\n|-ability|p2a: Landorus|Intimidate|boost\n|-immune|p1a: Iron Moth\n|turn|15\n|\n|t:|1697551056\n|move|p1a: Iron Moth|Fiery Dance|p2a: Landorus\n|-damage|p2a: Landorus|0 fnt\n|faint|p2a: Landorus\n|\n|upkeep\n|\n|t:|1697551062\n|switch|p2a: Giratina|Giratina-Origin|100\/100\n|-damage|p2a: Giratina|88\/100|[from] Stealth Rock\n|turn|16\n|\n|t:|1697551067\n|move|p1a: Iron Moth|Fiery Dance|p2a: Giratina\n|-resisted|p2a: Giratina\n|-damage|p2a: Giratina|37\/100\n|move|p2a: Giratina|Poltergeist||[still]\n|-fail|p2a: Giratina\n|\n|upkeep\n|turn|17\n|\n|t:|1697551076\n|move|p1a: Iron Moth|Fiery Dance|p2a: Giratina\n|-resisted|p2a: Giratina\n|-damage|p2a: Giratina|0 fnt\n|-boost|p1a: Iron Moth|spa|1\n|faint|p2a: Giratina\n|\n|upkeep\n|\n|t:|1697551083\n|switch|p2a: Palkia|Palkia|100\/100\n|-damage|p2a: Palkia|88\/100|[from] Stealth Rock\n|-ability|p2a: Palkia|Pressure\n|turn|18\n|c|\u2606masterash|GG\n|\n|t:|1697551091\n|-terastallize|p1a: Iron Moth|Grass\n|move|p1a: Iron Moth|Energy Ball|p2a: Palkia\n|-crit|p2a: Palkia\n|-damage|p2a: Palkia|0 fnt\n|faint|p2a: Palkia\n|\n|win|masterash\n|raw|masterash's rating: 1109 &rarr; <strong>1130<\/strong><br \/>(+21 for winning)\n|raw|ligmmaball's rating: 1050 &rarr; <strong>1035<\/strong><br \/>(-15 for losing)\n|l|\u2606ligmmaball\n","uploadtime":1697551110,"views":43,"p1id":"masterash","p2id":"ligmmaball","formatid":"gen9ubers","rating":1035,"private":0,"password":""}