{"id":"gen9ubers-1988646458","p1":"jaymako","p2":"nicneg","format":"[Gen 9] Ubers","log":"|j|\u2606jaymako\n|j|\u2606nicneg\n|t:|1699745808\n|gametype|singles\n|player|p1|jaymako|swimmer-gen4dp|\n|player|p2|nicneg|hiker-gen4|\n|teamsize|p1|6\n|teamsize|p2|6\n|gen|9\n|tier|[Gen 9] Ubers\n|rule|Sleep Clause Mod: Limit one foe put to sleep\n|rule|Species Clause: Limit one of each Pok\u00e9mon\n|rule|OHKO Clause: OHKO moves are banned\n|rule|Evasion Items Clause: Evasion items are banned\n|rule|Evasion Moves Clause: Evasion moves are banned\n|rule|Endless Battle Clause: Forcing endless battles is banned\n|rule|HP Percentage Mod: HP is shown in percentages\n|clearpoke\n|poke|p1|Dragonite, F|\n|poke|p1|Grimmsnarl, M|\n|poke|p1|Avalugg, M|\n|poke|p1|Rotom-Wash|\n|poke|p1|Charizard, F|\n|poke|p1|Skuntank, F|\n|poke|p2|Magcargo, M|\n|poke|p2|Conkeldurr, M|\n|poke|p2|Manaphy|\n|poke|p2|Glaceon, M|\n|poke|p2|Sylveon, F|\n|poke|p2|Thundurus, M|\n|teampreview\n|c|\u2606nicneg|gl\n|j| thatguy_313\n|c|\u2606jaymako|no luck to you\n|c|\u2606nicneg|fair\n|\n|t:|1699745868\n|start\n|switch|p1a: Davey|Grimmsnarl, M|100\/100\n|switch|p2a: Conkeldurr|Conkeldurr, M|100\/100\n|turn|1\n|\n|t:|1699745886\n|move|p1a: Davey|Spirit Break|p2a: Conkeldurr\n|-supereffective|p2a: Conkeldurr\n|-damage|p2a: Conkeldurr|46\/100\n|-unboost|p2a: Conkeldurr|spa|1\n|-enditem|p2a: Conkeldurr|Weakness Policy\n|-boost|p2a: Conkeldurr|atk|2|[from] item: Weakness Policy\n|-boost|p2a: Conkeldurr|spa|2|[from] item: Weakness Policy\n|move|p2a: Conkeldurr|Brick Break|p1a: Davey\n|-damage|p1a: Davey|0 fnt\n|faint|p1a: Davey\n|\n|upkeep\n|\n|t:|1699745902\n|switch|p1a: Davos|Charizard, F|100\/100\n|turn|2\n|\n|t:|1699745917\n|move|p2a: Conkeldurr|Mach Punch|p1a: Davos\n|-resisted|p1a: Davos\n|-damage|p1a: Davos|58\/100\n|move|p1a: Davos|Air Slash|p2a: Conkeldurr\n|-supereffective|p2a: Conkeldurr\n|-damage|p2a: Conkeldurr|0 fnt\n|faint|p2a: Conkeldurr\n|\n|upkeep\n|\n|t:|1699745927\n|switch|p2a: Thundurus|Thundurus, M|100\/100\n|turn|3\n|\n|t:|1699745979\n|move|p2a: Thundurus|Nasty Plot|p2a: Thundurus\n|-boost|p2a: Thundurus|spa|2\n|move|p1a: Davos|Flamethrower|p2a: Thundurus\n|-damage|p2a: Thundurus|47\/100\n|-status|p2a: Thundurus|brn\n|\n|-damage|p2a: Thundurus|41\/100 brn|[from] brn\n|upkeep\n|turn|4\n|\n|t:|1699745998\n|move|p2a: Thundurus|Rest|p2a: Thundurus\n|-status|p2a: Thundurus|slp|[from] move: Rest\n|-heal|p2a: Thundurus|100\/100 slp|[silent]\n|-enditem|p2a: Thundurus|Chesto Berry|[eat]\n|-curestatus|p2a: Thundurus|slp|[msg]\n|move|p1a: Davos|Flamethrower|p2a: Thundurus\n|-damage|p2a: Thundurus|47\/100\n|\n|upkeep\n|turn|5\n|\n|t:|1699746007\n|move|p2a: Thundurus|Thunderbolt|p1a: Davos\n|-supereffective|p1a: Davos\n|-damage|p1a: Davos|0 fnt\n|faint|p1a: Davos\n|\n|upkeep\n|\n|t:|1699746020\n|switch|p1a: Davie|Rotom-Wash|100\/100\n|turn|6\n|\n|t:|1699746023\n|move|p1a: Davie|Hydro Pump|p2a: Thundurus\n|-crit|p2a: Thundurus\n|-damage|p2a: Thundurus|0 fnt\n|faint|p2a: Thundurus\n|\n|upkeep\n|\n|t:|1699746047\n|switch|p2a: Manaphy|Manaphy|100\/100\n|turn|7\n|\n|t:|1699746053\n|switch|p1a: Davidthan|Skuntank, F|100\/100\n|move|p2a: Manaphy|Tail Glow|p2a: Manaphy\n|-boost|p2a: Manaphy|spa|3\n|\n|upkeep\n|turn|8\n|\n|t:|1699746060\n|move|p2a: Manaphy|Surf|p1a: Davidthan\n|-damage|p1a: Davidthan|0 fnt\n|faint|p1a: Davidthan\n|\n|upkeep\n|\n|t:|1699746065\n|switch|p1a: Davie|Rotom-Wash|100\/100\n|turn|9\n|\n|t:|1699746069\n|move|p1a: Davie|Thunderbolt|p2a: Manaphy\n|-supereffective|p2a: Manaphy\n|-enditem|p2a: Manaphy|Wacan Berry|[eat]\n|-enditem|p2a: Manaphy|Wacan Berry|[weaken]\n|-damage|p2a: Manaphy|65\/100\n|move|p2a: Manaphy|Energy Ball|p1a: Davie\n|-supereffective|p1a: Davie\n|-damage|p1a: Davie|0 fnt\n|faint|p1a: Davie\n|\n|upkeep\n|j| stealthr2\n|\n|t:|1699746103\n|switch|p1a: Dave|Dragonite, F|100\/100\n|turn|10\n|\n|t:|1699746120\n|move|p1a: Dave|Extreme Speed|p2a: Manaphy\n|-damage|p2a: Manaphy|35\/100\n|move|p2a: Manaphy|Ice Beam|p1a: Dave\n|-supereffective|p1a: Dave\n|-damage|p1a: Dave|0 fnt\n|faint|p1a: Dave\n|\n|upkeep\n|\n|t:|1699746126\n|switch|p1a: David|Avalugg, M|100\/100\n|turn|11\n|\n|t:|1699746134\n|-terastallize|p1a: David|Electric\n|move|p2a: Manaphy|Surf|p1a: David\n|-ability|p1a: David|Sturdy\n|-damage|p1a: David|1\/100\n|move|p1a: David|Body Press|p2a: Manaphy\n|-damage|p2a: Manaphy|0 fnt\n|faint|p2a: Manaphy\n|\n|-heal|p1a: David|7\/100|[from] item: Leftovers\n|upkeep\n|\n|t:|1699746148\n|switch|p2a: Sylveon|Sylveon, F|100\/100\n|turn|12\n|\n|t:|1699746153\n|move|p2a: Sylveon|Hyper Voice|p1a: David\n|-damage|p1a: David|0 fnt\n|faint|p1a: David\n|\n|win|nicneg\n|c|\u2606nicneg|gg\n|c|\u2606jaymako|gg\n|l|\u2606jaymako\n|c|\u2606nicneg|soz king\n","uploadtime":1699746162,"views":14,"p1id":"jaymako","p2id":"nicneg","formatid":"gen9ubers","rating":0,"private":0,"password":""}