{"id":"gen9ubers-1968763337","p1":"Karubee","p2":"TTV.LIFEBL00dx","format":"[Gen 9] Ubers","log":"|j|\u2606Karubee\n|j|\u2606TTV.LIFEBL00dx\n|t:|1697462501\n|gametype|singles\n|player|p1|Karubee|waitress|1169\n|player|p2|TTV.LIFEBL00dx|cynthia-gen4|1014\n|teamsize|p1|6\n|teamsize|p2|6\n|gen|9\n|tier|[Gen 9] Ubers\n|rated|\n|rule|Sleep Clause Mod: Limit one foe put to sleep\n|rule|Species Clause: Limit one of each Pok\u00e9mon\n|rule|OHKO Clause: OHKO moves are banned\n|rule|Evasion Items Clause: Evasion items are banned\n|rule|Evasion Moves Clause: Evasion moves are banned\n|rule|Endless Battle Clause: Forcing endless battles is banned\n|rule|HP Percentage Mod: HP is shown in percentages\n|clearpoke\n|poke|p1|Miraidon|\n|poke|p1|Koraidon|\n|poke|p1|Skeledirge, F|\n|poke|p1|Arceus|\n|poke|p1|Kyogre|\n|poke|p1|Basculegion, M|\n|poke|p2|Houndstone, M|\n|poke|p2|Tyranitar, F|\n|poke|p2|Flutter Mane|\n|poke|p2|Pawmot, F|\n|poke|p2|Rabsca, M|\n|poke|p2|Chi-Yu|\n|teampreview\n|\n|t:|1697462506\n|start\n|switch|p1a: Koraidon|Koraidon|100\/100\n|switch|p2a: bolas en la boca|Flutter Mane|100\/100\n|-weather|SunnyDay|[from] ability: Orichalcum Pulse|[of] p1a: Koraidon\n|-activate|p2a: bolas en la boca|ability: Protosynthesis\n|-start|p2a: bolas en la boca|protosynthesisspa\n|-activate|p1a: Koraidon|Orichalcum Pulse|[source]\n|turn|1\n|\n|t:|1697462516\n|-terastallize|p1a: Koraidon|Poison\n|move|p1a: Koraidon|Swords Dance|p1a: Koraidon\n|-boost|p1a: Koraidon|atk|2\n|move|p2a: bolas en la boca|Moonblast|p1a: Koraidon\n|-resisted|p1a: Koraidon\n|-damage|p1a: Koraidon|67\/100\n|\n|-weather|SunnyDay|[upkeep]\n|upkeep\n|turn|2\n|\n|t:|1697462525\n|move|p1a: Koraidon|Flare Blitz|p2a: bolas en la boca\n|-damage|p2a: bolas en la boca|0 fnt\n|faint|p2a: bolas en la boca\n|-end|p2a: bolas en la boca|Protosynthesis|[silent]\n|-damage|p1a: Koraidon|43\/100|[from] Recoil\n|\n|-weather|SunnyDay|[upkeep]\n|upkeep\n|\n|t:|1697462534\n|switch|p2a: mercy 1|Pawmot, F|100\/100\n|turn|3\n|\n|t:|1697462538\n|move|p1a: Koraidon|Scale Shot|p2a: mercy 1\n|-damage|p2a: mercy 1|54\/100\n|-damage|p2a: mercy 1|15\/100\n|-damage|p2a: mercy 1|0 fnt\n|faint|p2a: mercy 1\n|-hitcount|p2: mercy 1|3\n|-unboost|p1a: Koraidon|def|1\n|-boost|p1a: Koraidon|spe|1\n|\n|-weather|SunnyDay|[upkeep]\n|upkeep\n|\n|t:|1697462549\n|switch|p2a: ah-choo|Chi-Yu|100\/100\n|-ability|p2a: ah-choo|Beads of Ruin\n|turn|4\n|\n|t:|1697462554\n|move|p1a: Koraidon|Scale Shot|p2a: ah-choo\n|-crit|p2a: ah-choo\n|-damage|p2a: ah-choo|13\/100\n|-damage|p2a: ah-choo|0 fnt\n|faint|p2a: ah-choo\n|-hitcount|p2: ah-choo|2\n|-unboost|p1a: Koraidon|def|1\n|-boost|p1a: Koraidon|spe|1\n|\n|-weather|SunnyDay|[upkeep]\n|upkeep\n|\n|t:|1697462564\n|switch|p2a: mercy 2|Rabsca, M|100\/100\n|turn|5\n|\n|t:|1697462569\n|move|p1a: Koraidon|Scale Shot|p2a: mercy 2\n|-damage|p2a: mercy 2|61\/100\n|-damage|p2a: mercy 2|26\/100\n|-damage|p2a: mercy 2|0 fnt\n|faint|p2a: mercy 2\n|-hitcount|p2: mercy 2|3\n|-unboost|p1a: Koraidon|def|1\n|-boost|p1a: Koraidon|spe|1\n|\n|-weather|none\n|upkeep\n|\n|t:|1697462580\n|switch|p2a: the sandman|Tyranitar, F|100\/100\n|-weather|Sandstorm|[from] ability: Sand Stream|[of] p2a: the sandman\n|turn|6\n|\n|t:|1697462588\n|move|p1a: Koraidon|Scale Shot|p2a: the sandman\n|-damage|p2a: the sandman|74\/100\n|-damage|p2a: the sandman|50\/100\n|-damage|p2a: the sandman|24\/100\n|-damage|p2a: the sandman|0 fnt\n|faint|p2a: the sandman\n|-hitcount|p2: the sandman|4\n|-unboost|p1a: Koraidon|def|1\n|-boost|p1a: Koraidon|spe|1\n|\n|-weather|Sandstorm|[upkeep]\n|-damage|p1a: Koraidon|37\/100|[from] Sandstorm\n|upkeep\n|\n|t:|1697462601\n|switch|p2a: the man himself|Houndstone, M, shiny|100\/100\n|turn|7\n|\n|t:|1697462606\n|move|p1a: Koraidon|Scale Shot|p2a: the man himself\n|-damage|p2a: the man himself|71\/100\n|-damage|p2a: the man himself|39\/100\n|-damage|p2a: the man himself|6\/100\n|-damage|p2a: the man himself|0 fnt\n|faint|p2a: the man himself\n|-hitcount|p2: the man himself|4\n|\n|win|Karubee\n|raw|Karubee's rating: 1169 &rarr; <strong>1184<\/strong><br \/>(+15 for winning)\n|raw|TTV.LIFEBL00dx's rating: 1014 &rarr; <strong>1007<\/strong><br \/>(-7 for losing)\n|c|\u2606TTV.LIFEBL00dx|damn\n|c|\u2606TTV.LIFEBL00dx|thets something\n|c|\u2606Karubee|Scale Shot Koraidon is very fair\n|c|\u2606Karubee|gg\n|c|\u2606TTV.LIFEBL00dx|im stealinf that btw\n|c|\u2606TTV.LIFEBL00dx|:D\n|c|\u2606Karubee|\ud83d\udc4d\n|c|\u2606TTV.LIFEBL00dx|gg man lol\n|l|\u2606TTV.LIFEBL00dx\n","uploadtime":1697462675,"views":16,"p1id":"karubee","p2id":"ttvlifebl00dx","formatid":"gen9ubers","rating":1007,"private":0,"password":""}