{"id":"gen9ubers-1994619536","p1":"Vincent RPPLF","p2":"Aaron MA","format":"[Gen 9] Ubers","log":"|j|\u2606Vincent RPPLF\n|j|\u2606Aaron MA\n|t:|1700470481\n|gametype|singles\n|player|p1|Vincent RPPLF|2|\n|player|p2|Aaron MA|2|\n|teamsize|p1|6\n|teamsize|p2|6\n|gen|9\n|tier|[Gen 9] Ubers\n|rule|Sleep Clause Mod: Limit one foe put to sleep\n|rule|Species Clause: Limit one of each Pok\u00e9mon\n|rule|OHKO Clause: OHKO moves are banned\n|rule|Evasion Items Clause: Evasion items are banned\n|rule|Evasion Moves Clause: Evasion moves are banned\n|rule|Endless Battle Clause: Forcing endless battles is banned\n|rule|HP Percentage Mod: HP is shown in percentages\n|clearpoke\n|poke|p1|Ogerpon-Wellspring, F|\n|poke|p1|Ting-Lu|\n|poke|p1|Chesnaught, F|\n|poke|p1|Gholdengo|\n|poke|p1|Dragonite, M|\n|poke|p1|Hatterene, F|\n|poke|p2|Samurott-Hisui, F|\n|poke|p2|Zapdos|\n|poke|p2|Slowking-Galar, F|\n|poke|p2|Baxcalibur, M|\n|poke|p2|Meowscarada, F|\n|poke|p2|Great Tusk|\n|teampreview\n|l|\u2606Aaron MA\n|player|p2|\n|j|\u2606Aaron MA\n|player|p2|Aaron MA|2\n|j| Skotchaud\n|\n|t:|1700470545\n|start\n|switch|p1a: Chesnaught|Chesnaught, F|100\/100\n|switch|p2a: Great Tusk|Great Tusk|100\/100\n|turn|1\n|\n|t:|1700470563\n|move|p2a: Great Tusk|Headlong Rush|p1a: Chesnaught\n|-resisted|p1a: Chesnaught\n|-damage|p1a: Chesnaught|82\/100\n|-unboost|p2a: Great Tusk|def|1\n|-unboost|p2a: Great Tusk|spd|1\n|-enditem|p2a: Great Tusk|Eject Pack\n|-damage|p2a: Great Tusk|84\/100|[from] item: Rocky Helmet|[of] p1a: Chesnaught\n|\n|t:|1700470575\n|-end|p2a: Great Tusk|Protosynthesis|[silent]\n|switch|p2a: Slowking|Slowking-Galar, F|100\/100\n|move|p1a: Chesnaught|Knock Off|p2a: Slowking\n|-supereffective|p2a: Slowking\n|-damage|p2a: Slowking|55\/100\n|-enditem|p2a: Slowking|Sitrus Berry|[from] move: Knock Off|[of] p1a: Chesnaught\n|\n|upkeep\n|turn|2\n|\n|t:|1700470595\n|move|p1a: Chesnaught|Spikes|p2a: Slowking\n|-sidestart|p2: Aaron MA|Spikes\n|move|p2a: Slowking|Ice Beam|p1a: Chesnaught\n|-supereffective|p1a: Chesnaught\n|-crit|p1a: Chesnaught\n|-damage|p1a: Chesnaught|0 fnt\n|faint|p1a: Chesnaught\n|\n|upkeep\n|l|\u2606Aaron MA\n|player|p2|\n|j| AyanYuli\n|j|\u2606Aaron MA\n|player|p2|Aaron MA|2\n|\n|t:|1700470639\n|switch|p1a: Dragonite|Dragonite, M|100\/100\n|turn|3\n|\n|t:|1700470645\n|-terastallize|p1a: Dragonite|Normal\n|move|p1a: Dragonite|Dragon Dance|p1a: Dragonite\n|-boost|p1a: Dragonite|atk|1\n|-boost|p1a: Dragonite|spe|1\n|move|p2a: Slowking|Ice Beam|p1a: Dragonite\n|-damage|p1a: Dragonite|89\/100\n|\n|upkeep\n|turn|4\n|\n|t:|1700470653\n|switch|p2a: Great Tusk|Great Tusk|84\/100\n|-damage|p2a: Great Tusk|72\/100|[from] Spikes\n|move|p1a: Dragonite|Dragon Dance|p1a: Dragonite\n|-boost|p1a: Dragonite|atk|1\n|-boost|p1a: Dragonite|spe|1\n|\n|upkeep\n|turn|5\n|\n|t:|1700470664\n|move|p1a: Dragonite|Roost|p1a: Dragonite\n|-heal|p1a: Dragonite|100\/100\n|move|p2a: Great Tusk|Rapid Spin|p1a: Dragonite\n|-damage|p1a: Dragonite|93\/100\n|-boost|p2a: Great Tusk|spe|1\n|-sideend|p2: Aaron MA|Spikes|[from] move: Rapid Spin|[of] p2a: Great Tusk\n|\n|upkeep\n|turn|6\n|\n|t:|1700470673\n|move|p2a: Great Tusk|Knock Off|p1a: Dragonite\n|-damage|p1a: Dragonite|64\/100\n|-enditem|p1a: Dragonite|Heavy-Duty Boots|[from] move: Knock Off|[of] p2a: Great Tusk\n|move|p1a: Dragonite|Roost|p1a: Dragonite\n|-heal|p1a: Dragonite|100\/100\n|\n|upkeep\n|turn|7\n|\n|t:|1700470685\n|-end|p2a: Great Tusk|Protosynthesis|[silent]\n|switch|p2a: Zapdos|Zapdos|100\/100\n|move|p1a: Dragonite|Dragon Dance|p1a: Dragonite\n|-boost|p1a: Dragonite|atk|1\n|-boost|p1a: Dragonite|spe|1\n|\n|upkeep\n|turn|8\n|\n|t:|1700470694\n|move|p1a: Dragonite|Dragon Dance|p1a: Dragonite\n|-boost|p1a: Dragonite|atk|1\n|-boost|p1a: Dragonite|spe|1\n|move|p2a: Zapdos|Discharge|p1a: Dragonite\n|-damage|p1a: Dragonite|82\/100\n|-status|p1a: Dragonite|par\n|\n|upkeep\n|turn|9\n|c| AyanYuli|Sweep in comming\n|c|\u2606Vincent RPPLF|Je vais me faire haxx\n|c| AyanYuli|\ud83e\udd23\ud83e\udd23\n|\n|t:|1700470720\n|cant|p1a: Dragonite|par\n|move|p2a: Zapdos|Hurricane|p1a: Dragonite|[miss]\n|-miss|p2a: Zapdos|p1a: Dragonite\n|\n|upkeep\n|turn|10\n|\n|t:|1700470728\n|move|p1a: Dragonite|Extreme Speed|p2a: Zapdos\n|-damage|p2a: Zapdos|0 fnt\n|faint|p2a: Zapdos\n|\n|upkeep\n|\n|t:|1700470735\n|switch|p2a: Great Tusk|Great Tusk|72\/100\n|turn|11\n|\n|t:|1700470739\n|move|p1a: Dragonite|Extreme Speed|p2a: Great Tusk\n|-damage|p2a: Great Tusk|0 fnt\n|faint|p2a: Great Tusk\n|-end|p2a: Great Tusk|Protosynthesis|[silent]\n|\n|upkeep\n|\n|t:|1700470745\n|switch|p2a: Samurott|Samurott-Hisui, F|100\/100\n|turn|12\n|\n|t:|1700470750\n|move|p1a: Dragonite|Extreme Speed|p2a: Samurott\n|-crit|p2a: Samurott\n|-enditem|p2a: Samurott|Focus Sash\n|-damage|p2a: Samurott|1\/100\n|move|p2a: Samurott|Sacred Sword|p1a: Dragonite\n|-supereffective|p1a: Dragonite\n|-damage|p1a: Dragonite|2\/100 par\n|\n|upkeep\n|turn|13\n|\n|t:|1700470765\n|cant|p1a: Dragonite|par\n|move|p2a: Samurott|Sucker Punch||[still]\n|-fail|p2a: Samurott\n|\n|upkeep\n|turn|14\n|\n|t:|1700470770\n|move|p1a: Dragonite|Extreme Speed|p2a: Samurott\n|-damage|p2a: Samurott|0 fnt\n|faint|p2a: Samurott\n|\n|upkeep\n|c|\u2606Vincent RPPLF|Bah\n|\n|t:|1700470776\n|switch|p2a: Meowscarada|Meowscarada, F|100\/100\n|turn|15\n|c|\u2606Vincent RPPLF|Aarin\n|c| AyanYuli|Jpp il a fait Sp \ud83e\udd23\n|c|\u2606Vincent RPPLF|Mais\n|c|\u2606Vincent RPPLF|Pq\n|\n|t:|1700470785\n|move|p1a: Dragonite|Extreme Speed|p2a: Meowscarada\n|-damage|p2a: Meowscarada|0 fnt\n|faint|p2a: Meowscarada\n|\n|upkeep\n|\n|t:|1700470792\n|switch|p2a: Slowking|Slowking-Galar, F|88\/100\n|turn|16\n|c| AyanYuli|Je suis sur il las fair avec Meo aussi\n|\n|t:|1700470798\n|move|p1a: Dragonite|Earthquake|p2a: Slowking\n|-supereffective|p2a: Slowking\n|-damage|p2a: Slowking|0 fnt\n|faint|p2a: Slowking\n|\n|upkeep\n|c|\u2606Vincent RPPLF|Ptdrr\n|\n|t:|1700470804\n|switch|p2a: Baxcalibur|Baxcalibur, M|100\/100\n|turn|17\n|\n|t:|1700470810\n|move|p1a: Dragonite|Extreme Speed|p2a: Baxcalibur\n|-damage|p2a: Baxcalibur|0 fnt\n|faint|p2a: Baxcalibur\n|\n|win|Vincent RPPLF\n","uploadtime":1700470814,"views":4,"p1id":"vincentrpplf","p2id":"aaronma","formatid":"gen9ubers","rating":0,"private":0,"password":""}