{"id":"gen9ubers-1974625998","p1":"IcyTheScreamer","p2":"zsg","format":"[Gen 9] Ubers","log":"|j|\u2606IcyTheScreamer\n|j|\u2606zsg\n|t:|1698103991\n|gametype|singles\n|player|p1|IcyTheScreamer|ingo|\n|player|p2|zsg|byron|\n|teamsize|p1|6\n|teamsize|p2|6\n|gen|9\n|tier|[Gen 9] Ubers\n|rule|Sleep Clause Mod: Limit one foe put to sleep\n|rule|Species Clause: Limit one of each Pok\u00e9mon\n|rule|OHKO Clause: OHKO moves are banned\n|rule|Evasion Items Clause: Evasion items are banned\n|rule|Evasion Moves Clause: Evasion moves are banned\n|rule|Endless Battle Clause: Forcing endless battles is banned\n|rule|HP Percentage Mod: HP is shown in percentages\n|clearpoke\n|poke|p1|Dialga|\n|poke|p1|Gliscor, M|\n|poke|p1|Arceus-Poison|\n|poke|p1|Blissey, F|\n|poke|p1|Giratina|\n|poke|p1|Dondozo, F|\n|poke|p2|Dondozo, M|\n|poke|p2|Giratina|\n|poke|p2|Urshifu-*, F|\n|poke|p2|Sneasler, M|\n|poke|p2|Thundurus-Therian, M|\n|poke|p2|Palafin, M|\n|teampreview\n|c|\u2606zsg|gl!\n|c|\u2606IcyTheScreamer|good luck\n|\n|t:|1698104033\n|start\n|switch|p1a: Gliscor|Gliscor, M|100\/100\n|switch|p2a: Palafin|Palafin, M|100\/100\n|turn|1\n|\n|t:|1698104053\n|move|p1a: Gliscor|Protect|p1a: Gliscor\n|-singleturn|p1a: Gliscor|Protect\n|move|p2a: Palafin|Flip Turn|p1a: Gliscor\n|-activate|p1a: Gliscor|move: Protect\n|\n|-status|p1a: Gliscor|tox|[from] item: Toxic Orb\n|upkeep\n|turn|2\n|\n|t:|1698104059\n|switch|p1a: Dondozo|Dondozo, F|100\/100\n|move|p2a: Palafin|Flip Turn|p1a: Dondozo\n|-resisted|p1a: Dondozo\n|-damage|p1a: Dondozo|94\/100\n|\n|t:|1698104078\n|detailschange|p2a: Palafin|Palafin-Hero, M\n|switch|p2a: Thundurus|Thundurus-Therian, M|100\/100|[from] Flip Turn\n|\n|-heal|p1a: Dondozo|99\/100|[from] item: Leftovers\n|upkeep\n|turn|3\n|\n|t:|1698104083\n|switch|p2a: Palafin|Palafin-Hero, M|100\/100\n|-activate|p2a: Palafin|ability: Zero to Hero\n|switch|p1a: Gliscor|Gliscor, M|100\/100 tox\n|\n|upkeep\n|turn|4\n|\n|t:|1698104097\n|switch|p1a: Giratina|Giratina|100\/100\n|-ability|p1a: Giratina|Pressure\n|move|p2a: Palafin|Wave Crash|p1a: Giratina\n|-resisted|p1a: Giratina\n|-damage|p1a: Giratina|70\/100\n|-damage|p2a: Palafin|86\/100|[from] Recoil\n|\n|-heal|p1a: Giratina|76\/100|[from] item: Leftovers\n|upkeep\n|turn|5\n|\n|t:|1698104109\n|switch|p2a: Urshifu|Urshifu, F|100\/100\n|move|p1a: Giratina|Will-O-Wisp|p2a: Urshifu\n|-status|p2a: Urshifu|brn\n|\n|-heal|p1a: Giratina|82\/100|[from] item: Leftovers\n|-damage|p2a: Urshifu|94\/100 brn|[from] brn\n|upkeep\n|turn|6\n|\n|t:|1698104127\n|switch|p1a: Dondozo|Dondozo, F|99\/100\n|move|p2a: Urshifu|Wicked Blow|p1a: Dondozo\n|-crit|p1a: Dondozo\n|-damage|p1a: Dondozo|86\/100\n|\n|-heal|p1a: Dondozo|92\/100|[from] item: Leftovers\n|-damage|p2a: Urshifu|88\/100 brn|[from] brn\n|upkeep\n|turn|7\n|\n|t:|1698104141\n|switch|p2a: Thundurus|Thundurus-Therian, M|100\/100\n|move|p1a: Dondozo|Curse|p1a: Dondozo\n|-unboost|p1a: Dondozo|spe|1\n|-boost|p1a: Dondozo|atk|1\n|-boost|p1a: Dondozo|def|1\n|\n|-heal|p1a: Dondozo|98\/100|[from] item: Leftovers\n|upkeep\n|turn|8\n|j| imperialorder241\n|\n|t:|1698104162\n|switch|p1a: Giratina|Giratina|82\/100\n|-ability|p1a: Giratina|Pressure\n|move|p2a: Thundurus|Dark Pulse|p1a: Giratina\n|-supereffective|p1a: Giratina\n|-damage|p1a: Giratina|46\/100\n|\n|-heal|p1a: Giratina|52\/100|[from] item: Leftovers\n|upkeep\n|turn|9\n|j| ttkilla\n|\n|t:|1698104178\n|switch|p1a: Blissey|Blissey, F|100\/100\n|move|p2a: Thundurus|Dark Pulse|p1a: Blissey\n|-crit|p1a: Blissey\n|-damage|p1a: Blissey|75\/100\n|\n|-heal|p1a: Blissey|81\/100|[from] item: Leftovers\n|upkeep\n|turn|10\n|\n|t:|1698104213\n|switch|p2a: Giratina|Giratina|100\/100\n|-ability|p2a: Giratina|Pressure\n|move|p1a: Blissey|Stealth Rock|p2a: Giratina\n|-sidestart|p2: zsg|move: Stealth Rock\n|\n|-heal|p1a: Blissey|87\/100|[from] item: Leftovers\n|upkeep\n|turn|11\n|\n|t:|1698104221\n|move|p2a: Giratina|Defog|p1a: Blissey\n|-unboost|p1a: Blissey|evasion|1\n|-sideend|p2: zsg|Stealth Rock|[from] move: Defog|[of] p2a: Giratina\n|move|p1a: Blissey|Ice Beam|p2a: Giratina\n|-supereffective|p2a: Giratina\n|-crit|p2a: Giratina\n|-damage|p2a: Giratina|79\/100\n|\n|-heal|p1a: Blissey|93\/100|[from] item: Leftovers\n|upkeep\n|turn|12\n|l| ttkilla\n|\n|t:|1698104237\n|switch|p1a: Arceus|Arceus-Poison|100\/100\n|move|p2a: Giratina|Pain Split|p1a: Arceus\n|-sethp|p1a: Arceus|95\/100|[from] move: Pain Split|[silent]\n|-sethp|p2a: Giratina|84\/100|[from] move: Pain Split\n|\n|upkeep\n|turn|13\n|\n|t:|1698104285\n|move|p1a: Arceus|Taunt|p2a: Giratina\n|-start|p2a: Giratina|move: Taunt\n|move|p2a: Giratina|Shadow Ball|p1a: Arceus\n|-damage|p1a: Arceus|77\/100\n|\n|upkeep\n|turn|14\n|\n|t:|1698104295\n|switch|p1a: Blissey|Blissey, F|93\/100\n|switch|p2a: Dondozo|Dondozo, M|100\/100\n|\n|-heal|p1a: Blissey|99\/100|[from] item: Leftovers\n|upkeep\n|turn|15\n|\n|t:|1698104310\n|move|p1a: Blissey|Stealth Rock|p2a: Dondozo\n|-sidestart|p2: zsg|move: Stealth Rock\n|move|p2a: Dondozo|Liquidation|p1a: Blissey\n|-damage|p1a: Blissey|75\/100\n|-unboost|p1a: Blissey|def|1\n|\n|-heal|p1a: Blissey|81\/100|[from] item: Leftovers\n|upkeep\n|turn|16\n|\n|t:|1698104337\n|switch|p1a: Dialga|Dialga|100\/100\n|-ability|p1a: Dialga|Pressure\n|switch|p2a: Thundurus|Thundurus-Therian, M|100\/100\n|-damage|p2a: Thundurus|76\/100|[from] Stealth Rock\n|\n|upkeep\n|turn|17\n|\n|t:|1698104350\n|move|p2a: Thundurus|Volt Switch|p1a: Dialga\n|-resisted|p1a: Dialga\n|-damage|p1a: Dialga|73\/100\n|j| uubers account\n|\n|t:|1698104377\n|switch|p2a: Giratina|Giratina|84\/100|[from] Volt Switch\n|-ability|p2a: Giratina|Pressure\n|move|p1a: Dialga|Roar|p2a: Giratina\n|drag|p2a: Palafin|Palafin-Hero, M|86\/100\n|-damage|p2a: Palafin|74\/100|[from] Stealth Rock\n|\n|-heal|p1a: Dialga|79\/100|[from] item: Leftovers\n|upkeep\n|turn|18\n|\n|t:|1698104401\n|switch|p1a: Giratina|Giratina|52\/100\n|-ability|p1a: Giratina|Pressure\n|move|p2a: Palafin|Wave Crash|p1a: Giratina\n|-resisted|p1a: Giratina\n|-damage|p1a: Giratina|20\/100\n|-damage|p2a: Palafin|58\/100|[from] Recoil\n|\n|-heal|p1a: Giratina|26\/100|[from] item: Leftovers\n|upkeep\n|turn|19\n|\n|t:|1698104416\n|switch|p1a: Dondozo|Dondozo, F|98\/100\n|move|p2a: Palafin|Wave Crash|p1a: Dondozo\n|-resisted|p1a: Dondozo\n|-damage|p1a: Dondozo|75\/100\n|-damage|p2a: Palafin|47\/100|[from] Recoil\n|\n|-heal|p1a: Dondozo|81\/100|[from] item: Leftovers\n|upkeep\n|turn|20\n|\n|t:|1698104431\n|switch|p2a: Thundurus|Thundurus-Therian, M|76\/100\n|-damage|p2a: Thundurus|51\/100|[from] Stealth Rock\n|move|p1a: Dondozo|Curse|p1a: Dondozo\n|-unboost|p1a: Dondozo|spe|1\n|-boost|p1a: Dondozo|atk|1\n|-boost|p1a: Dondozo|def|1\n|\n|-heal|p1a: Dondozo|87\/100|[from] item: Leftovers\n|upkeep\n|turn|21\n|\n|t:|1698104443\n|-terastallize|p1a: Dondozo|Steel\n|move|p2a: Thundurus|Volt Switch|p1a: Dondozo\n|-damage|p1a: Dondozo|26\/100\n|\n|t:|1698104455\n|switch|p2a: Dondozo|Dondozo, M|100\/100|[from] Volt Switch\n|-damage|p2a: Dondozo|88\/100|[from] Stealth Rock\n|move|p1a: Dondozo|Waterfall|p2a: Dondozo\n|-resisted|p2a: Dondozo\n|-damage|p2a: Dondozo|82\/100\n|-damage|p1a: Dondozo|10\/100|[from] item: Rocky Helmet|[of] p2a: Dondozo\n|\n|-heal|p1a: Dondozo|16\/100|[from] item: Leftovers\n|upkeep\n|turn|22\n|\n|t:|1698104474\n|move|p1a: Dondozo|Rest|p1a: Dondozo\n|-status|p1a: Dondozo|slp|[from] move: Rest\n|-heal|p1a: Dondozo|100\/100 slp|[silent]\n|move|p2a: Dondozo|Body Press|p1a: Dondozo\n|-supereffective|p1a: Dondozo\n|-damage|p1a: Dondozo|74\/100 slp\n|\n|-heal|p1a: Dondozo|80\/100 slp|[from] item: Leftovers\n|upkeep\n|turn|23\n|\n|t:|1698104496\n|switch|p1a: Giratina|Giratina|26\/100\n|-ability|p1a: Giratina|Pressure\n|switch|p2a: Thundurus|Thundurus-Therian, M|51\/100\n|-damage|p2a: Thundurus|26\/100|[from] Stealth Rock\n|\n|-heal|p1a: Giratina|32\/100|[from] item: Leftovers\n|upkeep\n|turn|24\n|\n|t:|1698104510\n|move|p2a: Thundurus|Dark Pulse|p1a: Giratina\n|-supereffective|p1a: Giratina\n|-damage|p1a: Giratina|0 fnt\n|faint|p1a: Giratina\n|\n|upkeep\n|\n|t:|1698104514\n|switch|p1a: Blissey|Blissey, F|81\/100\n|turn|25\n|\n|t:|1698104536\n|switch|p2a: Giratina|Giratina|84\/100\n|-ability|p2a: Giratina|Pressure\n|switch|p1a: Dialga|Dialga|79\/100\n|-ability|p1a: Dialga|Pressure\n|\n|-heal|p1a: Dialga|86\/100|[from] item: Leftovers\n|upkeep\n|turn|26\n|\n|t:|1698104547\n|move|p1a: Dialga|Roar|p2a: Giratina\n|drag|p2a: Sneasler|Sneasler, M|100\/100\n|-damage|p2a: Sneasler|95\/100|[from] Stealth Rock\n|\n|-heal|p1a: Dialga|92\/100|[from] item: Leftovers\n|upkeep\n|turn|27\n|\n|t:|1698104559\n|move|p2a: Sneasler|Close Combat|p1a: Dialga\n|-supereffective|p1a: Dialga\n|-damage|p1a: Dialga|15\/100\n|-unboost|p2a: Sneasler|def|1\n|-unboost|p2a: Sneasler|spd|1\n|-enditem|p2a: Sneasler|White Herb\n|-clearnegativeboost|p2a: Sneasler|[silent]\n|move|p1a: Dialga|Earth Power|p2a: Sneasler\n|-supereffective|p2a: Sneasler\n|-damage|p2a: Sneasler|17\/100\n|\n|-heal|p1a: Dialga|21\/100|[from] item: Leftovers\n|upkeep\n|turn|28\n|\n|t:|1698104587\n|switch|p1a: Gliscor|Gliscor, M|100\/100 tox\n|move|p2a: Sneasler|Close Combat|p1a: Gliscor\n|-resisted|p1a: Gliscor\n|-damage|p1a: Gliscor|73\/100 tox\n|-unboost|p2a: Sneasler|def|1\n|-unboost|p2a: Sneasler|spd|1\n|\n|-heal|p1a: Gliscor|86\/100 tox|[from] ability: Poison Heal\n|upkeep\n|turn|29\n|j| Albaz Brand\n|\n|t:|1698104602\n|-terastallize|p2a: Sneasler|Flying\n|move|p2a: Sneasler|Dire Claw|p1a: Gliscor\n|-resisted|p1a: Gliscor\n|-damage|p1a: Gliscor|68\/100 tox\n|move|p1a: Gliscor|Knock Off|p2a: Sneasler\n|-damage|p2a: Sneasler|0 fnt\n|faint|p2a: Sneasler\n|\n|-heal|p1a: Gliscor|80\/100 tox|[from] ability: Poison Heal\n|upkeep\n|\n|t:|1698104617\n|switch|p2a: Palafin|Palafin-Hero, M|47\/100\n|-damage|p2a: Palafin|34\/100|[from] Stealth Rock\n|turn|30\n|\n|t:|1698104632\n|move|p1a: Gliscor|Protect|p1a: Gliscor\n|-singleturn|p1a: Gliscor|Protect\n|move|p2a: Palafin|Flip Turn|p1a: Gliscor\n|-activate|p1a: Gliscor|move: Protect\n|\n|-heal|p1a: Gliscor|93\/100 tox|[from] ability: Poison Heal\n|upkeep\n|turn|31\n|\n|t:|1698104645\n|switch|p1a: Dondozo|Dondozo, F, tera:Steel|80\/100 slp\n|move|p2a: Palafin|Flip Turn|p1a: Dondozo\n|-damage|p1a: Dondozo|54\/100 slp\n|\n|t:|1698104649\n|switch|p2a: Thundurus|Thundurus-Therian, M|26\/100|[from] Flip Turn\n|-damage|p2a: Thundurus|2\/100|[from] Stealth Rock\n|\n|-heal|p1a: Dondozo|61\/100 slp|[from] item: Leftovers\n|upkeep\n|turn|32\n|\n|t:|1698104668\n|switch|p1a: Gliscor|Gliscor, M|93\/100 tox\n|move|p2a: Thundurus|Dark Pulse|p1a: Gliscor\n|-damage|p1a: Gliscor|52\/100 tox\n|\n|-heal|p1a: Gliscor|65\/100 tox|[from] ability: Poison Heal\n|upkeep\n|turn|33\n|\n|t:|1698104673\n|move|p1a: Gliscor|Protect|p1a: Gliscor\n|-singleturn|p1a: Gliscor|Protect\n|move|p2a: Thundurus|Dark Pulse|p1a: Gliscor\n|-activate|p1a: Gliscor|move: Protect\n|\n|-heal|p1a: Gliscor|77\/100 tox|[from] ability: Poison Heal\n|upkeep\n|turn|34\n|\n|t:|1698104681\n|move|p2a: Thundurus|Dark Pulse|p1a: Gliscor\n|-damage|p1a: Gliscor|41\/100 tox\n|cant|p1a: Gliscor|flinch\n|\n|-heal|p1a: Gliscor|53\/100 tox|[from] ability: Poison Heal\n|upkeep\n|turn|35\n|\n|t:|1698104686\n|move|p1a: Gliscor|Protect|p1a: Gliscor\n|-singleturn|p1a: Gliscor|Protect\n|move|p2a: Thundurus|Dark Pulse|p1a: Gliscor\n|-activate|p1a: Gliscor|move: Protect\n|\n|-heal|p1a: Gliscor|65\/100 tox|[from] ability: Poison Heal\n|upkeep\n|turn|36\n|\n|t:|1698104690\n|move|p2a: Thundurus|Dark Pulse|p1a: Gliscor\n|-damage|p1a: Gliscor|25\/100 tox\n|cant|p1a: Gliscor|flinch\n|\n|-heal|p1a: Gliscor|38\/100 tox|[from] ability: Poison Heal\n|upkeep\n|turn|37\n|c|\u2606IcyTheScreamer|unfortuntate\n|c|\u2606zsg|who need skymin?\n|\n|t:|1698104704\n|move|p1a: Gliscor|Protect|p1a: Gliscor\n|-singleturn|p1a: Gliscor|Protect\n|move|p2a: Thundurus|Dark Pulse|p1a: Gliscor\n|-activate|p1a: Gliscor|move: Protect\n|\n|-heal|p1a: Gliscor|50\/100 tox|[from] ability: Poison Heal\n|upkeep\n|turn|38\n|j| mimolette7\n|\n|t:|1698104711\n|move|p2a: Thundurus|Dark Pulse|p1a: Gliscor\n|-damage|p1a: Gliscor|13\/100 tox\n|move|p1a: Gliscor|Knock Off|p2a: Thundurus\n|-damage|p2a: Thundurus|0 fnt\n|-enditem|p2a: Thundurus|Choice Specs|[from] move: Knock Off|[of] p1a: Gliscor\n|faint|p2a: Thundurus\n|\n|-heal|p1a: Gliscor|26\/100 tox|[from] ability: Poison Heal\n|upkeep\n|c| uubers account|thundrus-sky\n|\n|t:|1698104729\n|switch|p2a: Palafin|Palafin-Hero, M|34\/100\n|-damage|p2a: Palafin|22\/100|[from] Stealth Rock\n|turn|39\n|\n|t:|1698104740\n|move|p1a: Gliscor|Protect|p1a: Gliscor\n|-singleturn|p1a: Gliscor|Protect\n|move|p2a: Palafin|Flip Turn|p1a: Gliscor\n|-activate|p1a: Gliscor|move: Protect\n|\n|-heal|p1a: Gliscor|38\/100 tox|[from] ability: Poison Heal\n|upkeep\n|turn|40\n|\n|t:|1698104756\n|switch|p1a: Dondozo|Dondozo, F, tera:Steel|61\/100 slp\n|move|p2a: Palafin|Flip Turn|p1a: Dondozo\n|-damage|p1a: Dondozo|37\/100 slp\n|\n|t:|1698104777\n|switch|p2a: Urshifu|Urshifu, F|88\/100 brn|[from] Flip Turn\n|-damage|p2a: Urshifu|82\/100 brn|[from] Stealth Rock\n|\n|-heal|p1a: Dondozo|43\/100 slp|[from] item: Leftovers\n|-damage|p2a: Urshifu|76\/100 brn|[from] brn\n|upkeep\n|turn|41\n|\n|t:|1698104795\n|move|p2a: Urshifu|Close Combat|p1a: Dondozo\n|-supereffective|p1a: Dondozo\n|-damage|p1a: Dondozo|14\/100 slp\n|-unboost|p2a: Urshifu|def|1\n|-unboost|p2a: Urshifu|spd|1\n|cant|p1a: Dondozo|slp\n|move|p1a: Dondozo|Sleep Talk|p1a: Dondozo\n|move|p1a: Dondozo|Rest||[from]move: Sleep Talk|[still]\n|-fail|p1a: Dondozo\n|\n|-heal|p1a: Dondozo|20\/100 slp|[from] item: Leftovers\n|-damage|p2a: Urshifu|70\/100 brn|[from] brn\n|upkeep\n|turn|42\n|\n|t:|1698104828\n|switch|p2a: Palafin|Palafin-Hero, M|22\/100\n|-damage|p2a: Palafin|10\/100|[from] Stealth Rock\n|switch|p1a: Arceus|Arceus-Poison|77\/100\n|\n|upkeep\n|turn|43\n|\n|t:|1698104837\n|switch|p1a: Dondozo|Dondozo, F, tera:Steel|20\/100 slp\n|move|p2a: Palafin|Zen Headbutt|p1a: Dondozo\n|-resisted|p1a: Dondozo\n|-damage|p1a: Dondozo|10\/100 slp\n|\n|-heal|p1a: Dondozo|16\/100 slp|[from] item: Leftovers\n|upkeep\n|turn|44\n|\n|t:|1698104844\n|move|p2a: Palafin|Zen Headbutt|p1a: Dondozo\n|-resisted|p1a: Dondozo\n|-damage|p1a: Dondozo|6\/100 slp\n|cant|p1a: Dondozo|slp\n|move|p1a: Dondozo|Sleep Talk|p1a: Dondozo\n|move|p1a: Dondozo|Curse|p1a: Dondozo|[from]move: Sleep Talk\n|-unboost|p1a: Dondozo|spe|1\n|-boost|p1a: Dondozo|atk|1\n|-boost|p1a: Dondozo|def|1\n|\n|-heal|p1a: Dondozo|12\/100 slp|[from] item: Leftovers\n|upkeep\n|turn|45\n|\n|t:|1698104851\n|move|p2a: Palafin|Zen Headbutt|p1a: Dondozo\n|-resisted|p1a: Dondozo\n|-damage|p1a: Dondozo|5\/100 slp\n|-curestatus|p1a: Dondozo|slp|[msg]\n|move|p1a: Dondozo|Rest|p1a: Dondozo\n|-status|p1a: Dondozo|slp|[from] move: Rest\n|-heal|p1a: Dondozo|100\/100 slp|[silent]\n|\n|upkeep\n|turn|46\n|\n|t:|1698104861\n|switch|p2a: Urshifu|Urshifu, F|70\/100 brn\n|-damage|p2a: Urshifu|64\/100 brn|[from] Stealth Rock\n|cant|p1a: Dondozo|slp\n|move|p1a: Dondozo|Sleep Talk|p1a: Dondozo\n|move|p1a: Dondozo|Waterfall|p2a: Urshifu|[from]move: Sleep Talk\n|-damage|p2a: Urshifu|22\/100 brn\n|\n|-damage|p2a: Urshifu|16\/100 brn|[from] brn\n|upkeep\n|turn|47\n|c|\u2606zsg|rip\n|\n|t:|1698104870\n|move|p2a: Urshifu|Close Combat|p1a: Dondozo\n|-supereffective|p1a: Dondozo\n|-damage|p1a: Dondozo|81\/100 slp\n|-unboost|p2a: Urshifu|def|1\n|-unboost|p2a: Urshifu|spd|1\n|cant|p1a: Dondozo|slp\n|\n|-heal|p1a: Dondozo|88\/100 slp|[from] item: Leftovers\n|-damage|p2a: Urshifu|10\/100 brn|[from] brn\n|upkeep\n|turn|48\n|\n|t:|1698104879\n|move|p2a: Urshifu|Close Combat|p1a: Dondozo\n|-supereffective|p1a: Dondozo\n|-damage|p1a: Dondozo|65\/100 slp\n|-unboost|p2a: Urshifu|def|1\n|-unboost|p2a: Urshifu|spd|1\n|-curestatus|p1a: Dondozo|slp|[msg]\n|move|p1a: Dondozo|Sleep Talk||[still]\n|-fail|p1a: Dondozo\n|\n|-heal|p1a: Dondozo|72\/100|[from] item: Leftovers\n|-damage|p2a: Urshifu|3\/100 brn|[from] brn\n|upkeep\n|turn|49\n|c| uubers account|f\n|\n|t:|1698104887\n|move|p2a: Urshifu|Close Combat|p1a: Dondozo\n|-supereffective|p1a: Dondozo\n|-damage|p1a: Dondozo|51\/100\n|-unboost|p2a: Urshifu|def|1\n|-unboost|p2a: Urshifu|spd|1\n|move|p1a: Dondozo|Waterfall|p2a: Urshifu\n|-damage|p2a: Urshifu|0 fnt\n|faint|p2a: Urshifu\n|\n|-heal|p1a: Dondozo|57\/100|[from] item: Leftovers\n|upkeep\n|c|\u2606zsg|gg. its best 2\/3, right?\n|c|\u2606IcyTheScreamer|yeah\n|-message|zsg forfeited.\n|\n|win|IcyTheScreamer\n|c|\u2606zsg|on to 2!\n|c|\u2606IcyTheScreamer|gg\n","uploadtime":1698104950,"views":61,"p1id":"icythescreamer","p2id":"zsg","formatid":"gen9ubers","rating":0,"private":0,"password":""}