{"id":"gen9ubers-1969156108","p1":"jordblast","p2":"ItsmeBlankKnight","format":"[Gen 9] Ubers","log":"|j|\u2606jordblast\n|j|\u2606ItsmeBlankKnight\n|t:|1697495206\n|gametype|singles\n|player|p1|jordblast|170|\n|player|p2|ItsmeBlankKnight|larry|\n|teamsize|p1|6\n|teamsize|p2|6\n|gen|9\n|tier|[Gen 9] Ubers\n|rule|Sleep Clause Mod: Limit one foe put to sleep\n|rule|Species Clause: Limit one of each Pok\u00e9mon\n|rule|OHKO Clause: OHKO moves are banned\n|rule|Evasion Items Clause: Evasion items are banned\n|rule|Evasion Moves Clause: Evasion moves are banned\n|rule|Endless Battle Clause: Forcing endless battles is banned\n|rule|HP Percentage Mod: HP is shown in percentages\n|clearpoke\n|poke|p1|Palkia-Origin|\n|poke|p1|Enamorus-Therian, F|\n|poke|p1|Mimikyu, F|\n|poke|p1|Arceus-Grass|\n|poke|p1|Gholdengo|\n|poke|p1|Dondozo, F|\n|poke|p2|Zacian-*|\n|poke|p2|Torkoal, M|\n|poke|p2|Chi-Yu|\n|poke|p2|Volcarona, M|\n|poke|p2|Cyclizar, F|\n|poke|p2|Arceus-Fire|\n|teampreview\n|\n|t:|1697495233\n|start\n|switch|p1a: Palkia|Palkia-Origin|100\/100\n|switch|p2a: Cyclizar|Cyclizar, F|100\/100\n|-ability|p1a: Palkia|Pressure\n|turn|1\n|\n|t:|1697495237\n|move|p2a: Cyclizar|Shed Tail|p2a: Cyclizar\n|-start|p2a: Cyclizar|Substitute|[from] move: Shed Tail\n|-damage|p2a: Cyclizar|50\/100\n|\n|t:|1697495243\n|switch|p2a: Zacian|Zacian|100\/100|[from] Shed Tail\n|-ability|p2a: Zacian|Intrepid Sword|boost\n|-boost|p2a: Zacian|atk|1\n|move|p1a: Palkia|Spacial Rend|p2a: Zacian\n|-immune|p2a: Zacian\n|\n|upkeep\n|turn|2\n|\n|t:|1697495247\n|switch|p1a: Gholdengo|Gholdengo|100\/100\n|-item|p1a: Gholdengo|Air Balloon\n|move|p2a: Zacian|Play Rough|p1a: Gholdengo|[miss]\n|-miss|p2a: Zacian|p1a: Gholdengo\n|\n|upkeep\n|turn|3\n|\n|t:|1697495254\n|move|p2a: Zacian|Play Rough|p1a: Gholdengo\n|-resisted|p1a: Gholdengo\n|-damage|p1a: Gholdengo|46\/100\n|-enditem|p1a: Gholdengo|Air Balloon\n|move|p1a: Gholdengo|Shadow Ball|p2a: Zacian\n|-end|p2a: Zacian|Substitute\n|\n|upkeep\n|turn|4\n|c|\u2606ItsmeBlankKnight|Goddamn\n|\n|t:|1697495266\n|switch|p1a: Dondozo|Dondozo, F|100\/100\n|move|p2a: Zacian|Play Rough|p1a: Dondozo\n|-damage|p1a: Dondozo|73\/100\n|-damage|p2a: Zacian|84\/100|[from] item: Rocky Helmet|[of] p1a: Dondozo\n|\n|upkeep\n|turn|5\n|\n|t:|1697495273\n|switch|p2a: Cyclizar|Cyclizar, F|84\/100\n|move|p1a: Dondozo|Wave Crash|p2a: Cyclizar\n|-resisted|p2a: Cyclizar\n|-damage|p2a: Cyclizar|56\/100\n|-damage|p1a: Dondozo|67\/100|[from] Recoil\n|\n|upkeep\n|turn|6\n|\n|t:|1697495287\n|move|p2a: Cyclizar|Shed Tail|p2a: Cyclizar\n|-start|p2a: Cyclizar|Substitute|[from] move: Shed Tail\n|-damage|p2a: Cyclizar|6\/100\n|\n|t:|1697495288\n|switch|p2a: Chi-Yu|Chi-Yu|100\/100|[from] Shed Tail\n|-ability|p2a: Chi-Yu|Beads of Ruin\n|move|p1a: Dondozo|Wave Crash|p2a: Chi-Yu\n|-supereffective|p2a: Chi-Yu\n|-end|p2a: Chi-Yu|Substitute\n|-damage|p1a: Dondozo|61\/100|[from] Recoil|[of] p2a: Chi-Yu\n|\n|upkeep\n|turn|7\n|\n|t:|1697495293\n|switch|p1a: Gholdengo|Gholdengo|46\/100\n|move|p2a: Chi-Yu|Dark Pulse|p1a: Gholdengo\n|-supereffective|p1a: Gholdengo\n|-damage|p1a: Gholdengo|0 fnt\n|faint|p1a: Gholdengo\n|\n|upkeep\n|\n|t:|1697495296\n|switch|p1a: Enamorus|Enamorus-Therian, F|100\/100\n|turn|8\n|\n|t:|1697495307\n|switch|p2a: Torkoal|Torkoal, M|100\/100\n|-weather|SunnyDay|[from] ability: Drought|[of] p2a: Torkoal\n|move|p1a: Enamorus|Earth Power|p2a: Torkoal\n|-supereffective|p2a: Torkoal\n|-damage|p2a: Torkoal|33\/100\n|\n|-weather|SunnyDay|[upkeep]\n|upkeep\n|turn|9\n|\n|t:|1697495313\n|move|p1a: Enamorus|Earth Power|p2a: Torkoal\n|-supereffective|p2a: Torkoal\n|-damage|p2a: Torkoal|0 fnt\n|faint|p2a: Torkoal\n|\n|-weather|SunnyDay|[upkeep]\n|upkeep\n|\n|t:|1697495316\n|switch|p2a: Cyclizar|Cyclizar, F|39\/100\n|turn|10\n|\n|t:|1697495325\n|switch|p1a: Arceus|Arceus-Grass|100\/100\n|move|p2a: Cyclizar|U-turn|p1a: Arceus\n|-supereffective|p1a: Arceus\n|-damage|p1a: Arceus|83\/100\n|\n|t:|1697495328\n|switch|p2a: Chi-Yu|Chi-Yu|100\/100|[from] U-turn\n|-ability|p2a: Chi-Yu|Beads of Ruin\n|\n|-weather|SunnyDay|[upkeep]\n|upkeep\n|turn|11\n|\n|t:|1697495340\n|move|p2a: Chi-Yu|Flamethrower|p1a: Arceus\n|-supereffective|p1a: Arceus\n|-damage|p1a: Arceus|0 fnt\n|faint|p1a: Arceus\n|\n|-weather|SunnyDay|[upkeep]\n|upkeep\n|\n|t:|1697495344\n|switch|p1a: Palkia|Palkia-Origin|100\/100\n|-ability|p1a: Palkia|Pressure\n|turn|12\n|\n|t:|1697495354\n|switch|p2a: Zacian|Zacian|84\/100\n|move|p1a: Palkia|Earth Power|p2a: Zacian\n|-damage|p2a: Zacian|51\/100\n|\n|-weather|SunnyDay|[upkeep]\n|upkeep\n|turn|13\n|\n|t:|1697495361\n|switch|p1a: Dondozo|Dondozo, F|61\/100\n|move|p2a: Zacian|Play Rough|p1a: Dondozo|[miss]\n|-miss|p2a: Zacian|p1a: Dondozo\n|\n|-weather|SunnyDay|[upkeep]\n|upkeep\n|turn|14\n|\n|t:|1697495370\n|switch|p2a: Cyclizar|Cyclizar, F|72\/100\n|move|p1a: Dondozo|Curse|p1a: Dondozo\n|-unboost|p1a: Dondozo|spe|1\n|-boost|p1a: Dondozo|atk|1\n|-boost|p1a: Dondozo|def|1\n|\n|-weather|SunnyDay|[upkeep]\n|upkeep\n|turn|15\n|\n|t:|1697495377\n|move|p2a: Cyclizar|Shed Tail|p2a: Cyclizar\n|-start|p2a: Cyclizar|Substitute|[from] move: Shed Tail\n|-damage|p2a: Cyclizar|22\/100\n|\n|t:|1697495378\n|switch|p2a: Chi-Yu|Chi-Yu|100\/100|[from] Shed Tail\n|-ability|p2a: Chi-Yu|Beads of Ruin\n|move|p1a: Dondozo|Wave Crash|p2a: Chi-Yu\n|-supereffective|p2a: Chi-Yu\n|-end|p2a: Chi-Yu|Substitute\n|-damage|p1a: Dondozo|56\/100|[from] Recoil|[of] p2a: Chi-Yu\n|\n|-weather|none\n|upkeep\n|turn|16\n|\n|t:|1697495383\n|switch|p1a: Enamorus|Enamorus-Therian, F|100\/100\n|move|p2a: Chi-Yu|Dark Pulse|p1a: Enamorus\n|-resisted|p1a: Enamorus\n|-damage|p1a: Enamorus|81\/100\n|\n|upkeep\n|turn|17\n|\n|t:|1697495389\n|switch|p2a: Volcarona|Volcarona, M|100\/100\n|move|p1a: Enamorus|Moonblast|p2a: Volcarona\n|-resisted|p2a: Volcarona\n|-damage|p2a: Volcarona|71\/100\n|-unboost|p2a: Volcarona|spa|1\n|\n|upkeep\n|turn|18\n|\n|t:|1697495402\n|switch|p1a: Palkia|Palkia-Origin|100\/100\n|-ability|p1a: Palkia|Pressure\n|move|p2a: Volcarona|Quiver Dance|p2a: Volcarona\n|-boost|p2a: Volcarona|spa|1\n|-boost|p2a: Volcarona|spd|1\n|-boost|p2a: Volcarona|spe|1\n|\n|upkeep\n|turn|19\n|\n|t:|1697495410\n|move|p2a: Volcarona|Quiver Dance|p2a: Volcarona\n|-boost|p2a: Volcarona|spa|1\n|-boost|p2a: Volcarona|spd|1\n|-boost|p2a: Volcarona|spe|1\n|move|p1a: Palkia|Hydro Pump|p2a: Volcarona\n|-supereffective|p2a: Volcarona\n|-damage|p2a: Volcarona|0 fnt\n|faint|p2a: Volcarona\n|\n|upkeep\n|\n|t:|1697495413\n|switch|p2a: Zacian|Zacian|51\/100\n|turn|20\n|\n|t:|1697495419\n|switch|p1a: Dondozo|Dondozo, F|56\/100\n|move|p2a: Zacian|Close Combat|p1a: Dondozo\n|-damage|p1a: Dondozo|29\/100\n|-unboost|p2a: Zacian|def|1\n|-unboost|p2a: Zacian|spd|1\n|-damage|p2a: Zacian|34\/100|[from] item: Rocky Helmet|[of] p1a: Dondozo\n|\n|upkeep\n|turn|21\n|\n|t:|1697495422\n|move|p2a: Zacian|Close Combat|p1a: Dondozo\n|-damage|p1a: Dondozo|3\/100\n|-unboost|p2a: Zacian|def|1\n|-unboost|p2a: Zacian|spd|1\n|-damage|p2a: Zacian|17\/100|[from] item: Rocky Helmet|[of] p1a: Dondozo\n|move|p1a: Dondozo|Rest|p1a: Dondozo\n|-status|p1a: Dondozo|slp|[from] move: Rest\n|-heal|p1a: Dondozo|100\/100 slp|[silent]\n|\n|upkeep\n|turn|22\n|\n|t:|1697495426\n|switch|p2a: Chi-Yu|Chi-Yu|100\/100\n|-ability|p2a: Chi-Yu|Beads of Ruin\n|cant|p1a: Dondozo|slp\n|move|p1a: Dondozo|Sleep Talk|p1a: Dondozo\n|move|p1a: Dondozo|Rest||[from]move: Sleep Talk|[still]\n|-fail|p1a: Dondozo\n|\n|upkeep\n|turn|23\n|\n|t:|1697495433\n|-terastallize|p2a: Chi-Yu|Fire\n|move|p2a: Chi-Yu|Overheat|p1a: Dondozo\n|-resisted|p1a: Dondozo\n|-damage|p1a: Dondozo|35\/100 slp\n|-unboost|p2a: Chi-Yu|spa|2\n|cant|p1a: Dondozo|slp\n|move|p1a: Dondozo|Sleep Talk|p1a: Dondozo\n|move|p1a: Dondozo|Curse|p1a: Dondozo|[from]move: Sleep Talk\n|-unboost|p1a: Dondozo|spe|1\n|-boost|p1a: Dondozo|atk|1\n|-boost|p1a: Dondozo|def|1\n|\n|upkeep\n|turn|24\n|c|\u2606ItsmeBlankKnight|Dear lord\n|\n|t:|1697495449\n|switch|p1a: Palkia|Palkia-Origin|100\/100\n|-ability|p1a: Palkia|Pressure\n|move|p2a: Chi-Yu|Overheat|p1a: Palkia\n|-resisted|p1a: Palkia\n|-damage|p1a: Palkia|86\/100\n|-unboost|p2a: Chi-Yu|spa|2\n|\n|upkeep\n|turn|25\n|c|\u2606ItsmeBlankKnight|That\u2019s disgusting\n|\n|t:|1697495458\n|switch|p2a: Arceus|Arceus-Fire|100\/100\n|move|p1a: Palkia|Earth Power|p2a: Arceus\n|-supereffective|p2a: Arceus\n|-damage|p2a: Arceus|52\/100\n|-unboost|p2a: Arceus|spd|1\n|\n|upkeep\n|turn|26\n|\n|t:|1697495467\n|move|p2a: Arceus|Extreme Speed|p1a: Palkia\n|-damage|p1a: Palkia|53\/100\n|move|p1a: Palkia|Spacial Rend|p2a: Arceus\n|-damage|p2a: Arceus|0 fnt\n|faint|p2a: Arceus\n|\n|upkeep\n|\n|t:|1697495471\n|switch|p2a: Zacian|Zacian|17\/100\n|turn|27\n|\n|t:|1697495474\n|switch|p1a: Dondozo|Dondozo, F|35\/100 slp\n|move|p2a: Zacian|Play Rough|p1a: Dondozo\n|-damage|p1a: Dondozo|3\/100 slp\n|-damage|p2a: Zacian|1\/100|[from] item: Rocky Helmet|[of] p1a: Dondozo\n|\n|upkeep\n|turn|28\n|\n|t:|1697495478\n|move|p2a: Zacian|Play Rough|p1a: Dondozo\n|-damage|p1a: Dondozo|0 fnt\n|-damage|p2a: Zacian|0 fnt|[from] item: Rocky Helmet|[of] p1a: Dondozo\n|faint|p1a: Dondozo\n|faint|p2a: Zacian\n|\n|upkeep\n|\n|t:|1697495491\n|switch|p2a: Cyclizar|Cyclizar, F|55\/100\n|switch|p1a: Palkia|Palkia-Origin|53\/100\n|-ability|p1a: Palkia|Pressure\n|turn|29\n|\n|t:|1697495496\n|move|p2a: Cyclizar|Shed Tail|p2a: Cyclizar\n|-start|p2a: Cyclizar|Substitute|[from] move: Shed Tail\n|-damage|p2a: Cyclizar|5\/100\n|\n|t:|1697495499\n|switch|p2a: Chi-Yu|Chi-Yu, tera:Fire|100\/100|[from] Shed Tail\n|-ability|p2a: Chi-Yu|Beads of Ruin\n|move|p1a: Palkia|Spacial Rend|p2a: Chi-Yu\n|-end|p2a: Chi-Yu|Substitute\n|\n|upkeep\n|turn|30\n|\n|t:|1697495505\n|move|p2a: Chi-Yu|Dark Pulse|p1a: Palkia\n|-damage|p1a: Palkia|0 fnt\n|faint|p1a: Palkia\n|\n|upkeep\n|\n|t:|1697495507\n|switch|p1a: Enamorus|Enamorus-Therian, F|81\/100\n|turn|31\n|\n|t:|1697495510\n|switch|p2a: Cyclizar|Cyclizar, F|39\/100\n|move|p1a: Enamorus|Moonblast|p2a: Cyclizar\n|-supereffective|p2a: Cyclizar\n|-damage|p2a: Cyclizar|0 fnt\n|faint|p2a: Cyclizar\n|\n|upkeep\n|\n|t:|1697495515\n|switch|p2a: Chi-Yu|Chi-Yu, tera:Fire|100\/100\n|-ability|p2a: Chi-Yu|Beads of Ruin\n|turn|32\n|\n|t:|1697495519\n|-terastallize|p1a: Enamorus|Water\n|move|p2a: Chi-Yu|Flamethrower|p1a: Enamorus\n|-resisted|p1a: Enamorus\n|-damage|p1a: Enamorus|52\/100\n|move|p1a: Enamorus|Earth Power|p2a: Chi-Yu\n|-supereffective|p2a: Chi-Yu\n|-damage|p2a: Chi-Yu|14\/100\n|\n|upkeep\n|turn|33\n|\n|t:|1697495522\n|move|p2a: Chi-Yu|Flamethrower|p1a: Enamorus\n|-resisted|p1a: Enamorus\n|-damage|p1a: Enamorus|20\/100\n|move|p1a: Enamorus|Earth Power|p2a: Chi-Yu\n|-supereffective|p2a: Chi-Yu\n|-damage|p2a: Chi-Yu|0 fnt\n|faint|p2a: Chi-Yu\n|\n|win|jordblast\n|c|\u2606ItsmeBlankKnight|Ggs\n|c|\u2606jordblast|gg\n","uploadtime":1697495533,"views":8,"p1id":"jordblast","p2id":"itsmeblankknight","formatid":"gen9ubers","rating":0,"private":0,"password":""}