{"id":"gen9ubers-1989223376","p1":"Dragon Master Rosa","p2":"Nugget O Silver","format":"[Gen 9] Ubers","log":"|j|\u2606Dragon Master Rosa\n|j|\u2606Nugget O Silver\n|t:|1699825141\n|gametype|singles\n|player|p1|Dragon Master Rosa|dragontamer-gen9|\n|player|p2|Nugget O Silver|colress|\n|teamsize|p1|6\n|teamsize|p2|6\n|gen|9\n|tier|[Gen 9] Ubers\n|rule|Sleep Clause Mod: Limit one foe put to sleep\n|rule|Species Clause: Limit one of each Pok\u00e9mon\n|rule|OHKO Clause: OHKO moves are banned\n|rule|Evasion Items Clause: Evasion items are banned\n|rule|Evasion Moves Clause: Evasion moves are banned\n|rule|Endless Battle Clause: Forcing endless battles is banned\n|rule|HP Percentage Mod: HP is shown in percentages\n|clearpoke\n|poke|p1|Cyclizar, M|\n|poke|p1|Arceus-Ice|\n|poke|p1|Ninetales-Alola, M|\n|poke|p1|Greninja-*, M|\n|poke|p1|Basculegion-F, F|\n|poke|p1|Weezing-Galar, F|\n|poke|p2|Arceus|\n|poke|p2|Dragapult, F|\n|poke|p2|Dialga|\n|poke|p2|Iron Valiant|\n|poke|p2|Basculegion-F, F|\n|poke|p2|Rayquaza|\n|teampreview\n|\n|t:|1699825167\n|start\n|switch|p1a: Greninja|Greninja, M|100\/100\n|switch|p2a: Dialga|Dialga|100\/100\n|-ability|p2a: Dialga|Pressure\n|turn|1\n|\n|t:|1699825179\n|switch|p1a: Weezing|Weezing-Galar, F|100\/100\n|move|p2a: Dialga|Bulk Up|p2a: Dialga\n|-boost|p2a: Dialga|atk|1\n|-boost|p2a: Dialga|def|1\n|\n|upkeep\n|turn|2\n|\n|t:|1699825184\n|move|p2a: Dialga|Heavy Slam|p1a: Weezing\n|-supereffective|p1a: Weezing\n|-crit|p1a: Weezing\n|-damage|p1a: Weezing|0 fnt\n|faint|p1a: Weezing\n|\n|upkeep\n|\n|t:|1699825194\n|switch|p1a: Ninetales|Ninetales-Alola, M|100\/100\n|-weather|Snow|[from] ability: Snow Warning|[of] p1a: Ninetales\n|turn|3\n|\n|t:|1699825199\n|move|p1a: Ninetales|Aurora Veil|p1a: Ninetales\n|-sidestart|p1: Dragon Master Rosa|move: Aurora Veil\n|move|p2a: Dialga|Heavy Slam|p1a: Ninetales\n|-supereffective|p1a: Ninetales\n|-damage|p1a: Ninetales|0 fnt\n|faint|p1a: Ninetales\n|\n|-weather|Snow|[upkeep]\n|upkeep\n|\n|t:|1699825220\n|switch|p1a: Cyclizar|Cyclizar, M|100\/100\n|turn|4\n|\n|t:|1699825223\n|move|p1a: Cyclizar|Draco Meteor|p2a: Dialga\n|-damage|p2a: Dialga|19\/100\n|-unboost|p1a: Cyclizar|spa|2\n|move|p2a: Dialga|Scale Shot|p1a: Cyclizar\n|-supereffective|p1a: Cyclizar\n|-damage|p1a: Cyclizar|68\/100\n|-supereffective|p1a: Cyclizar\n|-damage|p1a: Cyclizar|36\/100\n|-supereffective|p1a: Cyclizar\n|-damage|p1a: Cyclizar|6\/100\n|-supereffective|p1a: Cyclizar\n|-damage|p1a: Cyclizar|0 fnt\n|faint|p1a: Cyclizar\n|-hitcount|p1: Cyclizar|4\n|-unboost|p2a: Dialga|def|1\n|-boost|p2a: Dialga|spe|1\n|\n|-weather|Snow|[upkeep]\n|upkeep\n|\n|t:|1699825233\n|switch|p1a: Basculegion|Basculegion-F, F|100\/100\n|turn|5\n|\n|t:|1699825244\n|move|p2a: Dialga|Scale Shot|p1a: Basculegion\n|-damage|p1a: Basculegion|89\/100\n|-damage|p1a: Basculegion|78\/100\n|-damage|p1a: Basculegion|65\/100\n|-damage|p1a: Basculegion|54\/100\n|-hitcount|p1a: Basculegion|4\n|-unboost|p2a: Dialga|def|1\n|-boost|p2a: Dialga|spe|1\n|move|p1a: Basculegion|Wave Crash|p2a: Dialga\n|-resisted|p2a: Dialga\n|-damage|p2a: Dialga|0 fnt\n|faint|p2a: Dialga\n|-damage|p1a: Basculegion|48\/100|[from] Recoil\n|\n|-weather|Snow|[upkeep]\n|upkeep\n|\n|t:|1699825261\n|switch|p2a: Dragapult|Dragapult, F|100\/100\n|turn|6\n|\n|t:|1699825271\n|switch|p1a: Arceus|Arceus-Ice|100\/100\n|move|p2a: Dragapult|Reflect|p2a: Dragapult\n|-sidestart|p2: Nugget O Silver|Reflect\n|\n|-weather|Snow|[upkeep]\n|upkeep\n|turn|7\n|\n|t:|1699825277\n|move|p2a: Dragapult|Light Screen|p2a: Dragapult\n|-sidestart|p2: Nugget O Silver|move: Light Screen\n|move|p1a: Arceus|Judgment|p2a: Dragapult\n|-supereffective|p2a: Dragapult\n|-damage|p2a: Dragapult|38\/100\n|\n|-weather|none\n|upkeep\n|turn|8\n|\n|t:|1699825281\n|move|p2a: Dragapult|Curse|p1a: Arceus\n|-start|p1a: Arceus|Curse|[of] p2a: Dragapult\n|-damage|p2a: Dragapult|0 fnt\n|faint|p2a: Dragapult\n|move|p1a: Arceus|Judgment|p2: Dragapult|[notarget]\n|-fail|p1a: Arceus\n|\n|-damage|p1a: Arceus|76\/100|[from] Curse\n|upkeep\n|\n|t:|1699825290\n|switch|p2a: Arceus|Arceus|100\/100\n|turn|9\n|\n|t:|1699825293\n|move|p1a: Arceus|Thunderbolt|p2a: Arceus\n|-damage|p2a: Arceus|90\/100\n|move|p2a: Arceus|Swords Dance|p2a: Arceus\n|-boost|p2a: Arceus|atk|2\n|\n|-heal|p2a: Arceus|96\/100|[from] item: Leftovers\n|-damage|p1a: Arceus|51\/100|[from] Curse\n|upkeep\n|turn|10\n|\n|t:|1699825304\n|move|p1a: Arceus|Thunderbolt|p2a: Arceus\n|-damage|p2a: Arceus|87\/100\n|move|p2a: Arceus|Swords Dance|p2a: Arceus\n|-boost|p2a: Arceus|atk|2\n|\n|-heal|p2a: Arceus|93\/100|[from] item: Leftovers\n|-damage|p1a: Arceus|26\/100|[from] Curse\n|-sideend|p1: Dragon Master Rosa|move: Aurora Veil\n|upkeep\n|turn|11\n|\n|t:|1699825308\n|move|p2a: Arceus|Extreme Speed|p1a: Arceus\n|-damage|p1a: Arceus|0 fnt\n|faint|p1a: Arceus\n|\n|-heal|p2a: Arceus|99\/100|[from] item: Leftovers\n|upkeep\n|\n|t:|1699825310\n|switch|p1a: Greninja|Greninja, M|100\/100\n|turn|12\n|\n|t:|1699825319\n|move|p2a: Arceus|Extreme Speed|p1a: Greninja\n|-enditem|p1a: Greninja|Focus Sash\n|-damage|p1a: Greninja|1\/100\n|move|p1a: Greninja|Swords Dance|p1a: Greninja\n|-boost|p1a: Greninja|atk|2\n|\n|-heal|p2a: Arceus|100\/100|[from] item: Leftovers\n|upkeep\n|turn|13\n|\n|t:|1699825324\n|-terastallize|p1a: Greninja|Ghost\n|move|p2a: Arceus|Extreme Speed|p1a: Greninja\n|-immune|p1a: Greninja\n|move|p1a: Greninja|Night Slash|p2a: Arceus\n|-crit|p2a: Arceus\n|-damage|p2a: Arceus|43\/100\n|\n|-heal|p2a: Arceus|49\/100|[from] item: Leftovers\n|-sideend|p2: Nugget O Silver|Reflect\n|upkeep\n|turn|14\n|\n|t:|1699825337\n|move|p1a: Greninja|Liquidation|p2a: Arceus\n|-damage|p2a: Arceus|1\/100\n|move|p2a: Arceus|Shadow Claw|p1a: Greninja\n|-supereffective|p1a: Greninja\n|-damage|p1a: Greninja|0 fnt\n|faint|p1a: Greninja\n|\n|-heal|p2a: Arceus|7\/100|[from] item: Leftovers\n|-sideend|p2: Nugget O Silver|move: Light Screen\n|upkeep\n|\n|t:|1699825340\n|switch|p1a: Basculegion|Basculegion-F, F|48\/100\n|turn|15\n|c|\u2606Dragon Master Rosa|it's so incredibly over\n|\n|t:|1699825350\n|move|p1a: Basculegion|Head Smash|p2a: Arceus\n|-damage|p2a: Arceus|0 fnt\n|faint|p2a: Arceus\n|-damage|p1a: Basculegion|44\/100|[from] Recoil\n|\n|upkeep\n|\n|t:|1699825356\n|switch|p2a: Basculegion|Basculegion-F, F|100\/100\n|turn|16\n|\n|t:|1699825359\n|move|p2a: Basculegion|Last Respects|p1a: Basculegion\n|-supereffective|p1a: Basculegion\n|-damage|p1a: Basculegion|0 fnt\n|faint|p1a: Basculegion\n|\n|win|Nugget O Silver\n|c|\u2606Dragon Master Rosa|ggwp\n|c|\u2606Nugget O Silver|ggwp\n","uploadtime":1699825371,"views":18,"p1id":"dragonmasterrosa","p2id":"nuggetosilver","formatid":"gen9ubers","rating":0,"private":0,"password":""}