{"id":"gen9ubers-1994908786","p1":"butter dk","p2":"ralph smogon","format":"[Gen 9] Ubers","log":"|j|\u2606butter dk\n|j|\u2606ralph smogon\n|t:|1700503740\n|gametype|singles\n|player|p1|butter dk|proton|\n|player|p2|ralph smogon|policeman-gen4|\n|teamsize|p1|6\n|teamsize|p2|6\n|gen|9\n|tier|[Gen 9] Ubers\n|rule|Sleep Clause Mod: Limit one foe put to sleep\n|rule|Species Clause: Limit one of each Pok\u00e9mon\n|rule|OHKO Clause: OHKO moves are banned\n|rule|Evasion Items Clause: Evasion items are banned\n|rule|Evasion Moves Clause: Evasion moves are banned\n|rule|Endless Battle Clause: Forcing endless battles is banned\n|rule|HP Percentage Mod: HP is shown in percentages\n|clearpoke\n|poke|p1|Urshifu-*, F|\n|poke|p1|Dusclops, M|\n|poke|p1|Ting-Lu|\n|poke|p1|Cloyster, M|\n|poke|p1|Regidrago|\n|poke|p1|Rotom-Heat|\n|poke|p2|Great Tusk|\n|poke|p2|Espathra, F|\n|poke|p2|Corviknight, M|\n|poke|p2|Hydreigon, M|\n|poke|p2|Revavroom, F|\n|poke|p2|Brambleghast, M|\n|teampreview\n|j| skrattywithdafatty\n|l| skrattywithdafatty\n|\n|t:|1700503783\n|start\n|switch|p1a: Cloyster|Cloyster, M|100\/100\n|switch|p2a: outback steakohuse|Brambleghast, M|100\/100\n|turn|1\n|j| Bigsmokemorel\n|\n|t:|1700503813\n|move|p2a: outback steakohuse|Power Whip|p1a: Cloyster\n|-supereffective|p1a: Cloyster\n|-enditem|p1a: Cloyster|Focus Sash\n|-damage|p1a: Cloyster|1\/100\n|move|p1a: Cloyster|Shell Smash|p1a: Cloyster\n|-unboost|p1a: Cloyster|def|1\n|-unboost|p1a: Cloyster|spd|1\n|-boost|p1a: Cloyster|atk|2\n|-boost|p1a: Cloyster|spa|2\n|-boost|p1a: Cloyster|spe|2\n|\n|upkeep\n|turn|2\n|c| Bigsmokemorel|tyler didn't do nicknames this is a guaranteed L\n|j| Tinkisgaming\n|c|\u2606butter dk|i had them but i forgot to put em when i made my new team\n|\n|t:|1700503877\n|switch|p2a: in the house|Corviknight, M, shiny|100\/100\n|-ability|p2a: in the house|Pressure\n|move|p1a: Cloyster|Icicle Spear|p2a: in the house\n|-damage|p2a: in the house|89\/100\n|-damage|p2a: in the house|77\/100\n|-damage|p2a: in the house|65\/100\n|-damage|p2a: in the house|52\/100\n|-damage|p2a: in the house|41\/100\n|-hitcount|p2a: in the house|5\n|\n|upkeep\n|turn|3\n|\n|t:|1700503893\n|move|p1a: Cloyster|Shell Smash|p1a: Cloyster\n|-unboost|p1a: Cloyster|def|1\n|-unboost|p1a: Cloyster|spd|1\n|-boost|p1a: Cloyster|atk|2\n|-boost|p1a: Cloyster|spa|2\n|-boost|p1a: Cloyster|spe|2\n|move|p2a: in the house|U-turn|p1a: Cloyster\n|-damage|p1a: Cloyster|0 fnt\n|faint|p1a: Cloyster\n|c|\u2606butter dk|wtf\n|c|\u2606butter dk|i did not click that lmao\n|c|\u2606ralph smogon|weird\n|c| Bigsmokemorel|lex got you sweating and misclicking uhoh\n|\n|t:|1700503943\n|switch|p2a: Revavroom|Revavroom, F|100\/100|[from] U-turn\n|\n|upkeep\n|c|\u2606butter dk|man that was about to immediately be a 6-0 lmao\n|c|\u2606ralph smogon|surely\n|c| Bigsmokemorel|big rev was bout to come in and take 74 after corv died\n|\n|t:|1700503984\n|switch|p1a: Rotom|Rotom-Heat|100\/100\n|turn|4\n|\n|t:|1700504076\n|switch|p2a: Hydreigon|Hydreigon, M|100\/100\n|move|p1a: Rotom|Will-O-Wisp|p2a: Hydreigon|[miss]\n|-miss|p1a: Rotom|p2a: Hydreigon\n|\n|upkeep\n|turn|5\n|\n|t:|1700504104\n|move|p2a: Hydreigon|Substitute|p2a: Hydreigon\n|-start|p2a: Hydreigon|Substitute\n|-damage|p2a: Hydreigon|76\/100\n|move|p1a: Rotom|Volt Switch|p2a: Hydreigon\n|-resisted|p2a: Hydreigon\n|-activate|p2a: Hydreigon|move: Substitute|[damage]\n|\n|t:|1700504116\n|switch|p1a: Ting-Lu|Ting-Lu|100\/100|[from] Volt Switch\n|-ability|p1a: Ting-Lu|Vessel of Ruin\n|\n|upkeep\n|turn|6\n|\n|t:|1700504124\n|move|p2a: Hydreigon|Nasty Plot|p2a: Hydreigon\n|-boost|p2a: Hydreigon|spa|2\n|move|p1a: Ting-Lu|Heavy Slam|p2a: Hydreigon\n|-end|p2a: Hydreigon|Substitute\n|\n|upkeep\n|turn|7\n|\n|t:|1700504135\n|move|p2a: Hydreigon|Dark Pulse|p1a: Ting-Lu\n|-resisted|p1a: Ting-Lu\n|-damage|p1a: Ting-Lu|83\/100\n|move|p1a: Ting-Lu|Heavy Slam|p2a: Hydreigon\n|-damage|p2a: Hydreigon|35\/100\n|\n|upkeep\n|turn|8\n|c| Bigsmokemorel|this draco bouta do 62\n|\n|t:|1700504165\n|move|p2a: Hydreigon|Earth Power|p1a: Ting-Lu\n|-damage|p1a: Ting-Lu|57\/100\n|move|p1a: Ting-Lu|Heavy Slam|p2a: Hydreigon\n|-damage|p2a: Hydreigon|0 fnt\n|faint|p2a: Hydreigon\n|\n|upkeep\n|\n|t:|1700504182\n|switch|p2a: outback steakohuse|Brambleghast, M|100\/100\n|turn|9\n|c|\u2606butter dk|man my tera type on urshifu is messed up too\n|c|\u2606butter dk|wtf happened\n|\n|t:|1700504194\n|switch|p1a: Rotom|Rotom-Heat|100\/100\n|move|p2a: outback steakohuse|Power Whip|p1a: Rotom|[miss]\n|-miss|p2a: outback steakohuse|p1a: Rotom\n|\n|upkeep\n|turn|10\n|\n|t:|1700504244\n|switch|p2a: The Stranger|Great Tusk|100\/100\n|-enditem|p2a: The Stranger|Booster Energy\n|-activate|p2a: The Stranger|ability: Protosynthesis|[fromitem]\n|-start|p2a: The Stranger|protosynthesisatk\n|move|p1a: Rotom|Will-O-Wisp|p2a: The Stranger\n|-status|p2a: The Stranger|brn\n|\n|-damage|p2a: The Stranger|94\/100 brn|[from] brn\n|upkeep\n|turn|11\n|\n|t:|1700504259\n|move|p2a: The Stranger|Stealth Rock|p1a: Rotom\n|-sidestart|p1: butter dk|move: Stealth Rock\n|move|p1a: Rotom|Overheat|p2a: The Stranger|[miss]\n|-miss|p1a: Rotom|p2a: The Stranger\n|\n|-damage|p2a: The Stranger|88\/100 brn|[from] brn\n|upkeep\n|turn|12\n|\n|t:|1700504281\n|switch|p1a: Dusclops|Dusclops, M|100\/100\n|-damage|p1a: Dusclops|88\/100|[from] Stealth Rock\n|move|p2a: The Stranger|Close Combat|p1a: Dusclops\n|-immune|p1a: Dusclops\n|\n|-damage|p2a: The Stranger|82\/100 brn|[from] brn\n|upkeep\n|turn|13\n|l| Bigsmokemorel\n|\n|t:|1700504308\n|move|p2a: The Stranger|Headlong Rush|p1a: Dusclops\n|-damage|p1a: Dusclops|63\/100\n|-unboost|p2a: The Stranger|def|1\n|-unboost|p2a: The Stranger|spd|1\n|move|p1a: Dusclops|Curse|p2a: The Stranger\n|-start|p2a: The Stranger|Curse|[of] p1a: Dusclops\n|-damage|p1a: Dusclops|13\/100\n|\n|-damage|p2a: The Stranger|76\/100 brn|[from] brn\n|-damage|p2a: The Stranger|51\/100 brn|[from] Curse\n|upkeep\n|turn|14\n|\n|t:|1700504323\n|move|p2a: The Stranger|Headlong Rush|p1a: Dusclops\n|-damage|p1a: Dusclops|0 fnt\n|-unboost|p2a: The Stranger|def|1\n|-unboost|p2a: The Stranger|spd|1\n|faint|p1a: Dusclops\n|\n|-damage|p2a: The Stranger|45\/100 brn|[from] brn\n|-damage|p2a: The Stranger|20\/100 brn|[from] Curse\n|upkeep\n|\n|t:|1700504326\n|switch|p1a: Urshifu|Urshifu-Rapid-Strike, F|100\/100\n|-damage|p1a: Urshifu|94\/100|[from] Stealth Rock\n|turn|15\n|\n|t:|1700504365\n|move|p1a: Urshifu|Surging Strikes|p2a: The Stranger\n|-supereffective|p2a: The Stranger\n|-crit|p2a: The Stranger\n|-damage|p2a: The Stranger|0 fnt\n|faint|p2a: The Stranger\n|-end|p2a: The Stranger|Protosynthesis|[silent]\n|-hitcount|p2: The Stranger|1\n|\n|upkeep\n|\n|t:|1700504436\n|switch|p2a: Revavroom|Revavroom, F|100\/100\n|turn|16\n|\n|t:|1700504443\n|move|p1a: Urshifu|Surging Strikes|p2a: Revavroom\n|-crit|p2a: Revavroom\n|-damage|p2a: Revavroom|77\/100\n|-crit|p2a: Revavroom\n|-damage|p2a: Revavroom|54\/100\n|-crit|p2a: Revavroom\n|-damage|p2a: Revavroom|34\/100\n|-hitcount|p2a: Revavroom|3\n|move|p2a: Revavroom|Toxic Spikes|p1a: Urshifu\n|-sidestart|p1: butter dk|move: Toxic Spikes\n|\n|-heal|p2a: Revavroom|40\/100|[from] item: Leftovers\n|upkeep\n|turn|17\n|\n|t:|1700504459\n|move|p1a: Urshifu|Surging Strikes|p2a: Revavroom\n|-crit|p2a: Revavroom\n|-damage|p2a: Revavroom|18\/100\n|-crit|p2a: Revavroom\n|-damage|p2a: Revavroom|0 fnt\n|faint|p2a: Revavroom\n|-hitcount|p2: Revavroom|2\n|\n|upkeep\n|c|\u2606ralph smogon|i see\n|\n|t:|1700504465\n|switch|p2a: outback steakohuse|Brambleghast, M|100\/100\n|turn|18\n|\n|t:|1700504485\n|move|p1a: Urshifu|Surging Strikes|p2a: outback steakohuse\n|-resisted|p2a: outback steakohuse\n|-crit|p2a: outback steakohuse\n|-damage|p2a: outback steakohuse|74\/100\n|-resisted|p2a: outback steakohuse\n|-crit|p2a: outback steakohuse\n|-damage|p2a: outback steakohuse|45\/100\n|-resisted|p2a: outback steakohuse\n|-crit|p2a: outback steakohuse\n|-damage|p2a: outback steakohuse|18\/100\n|-hitcount|p2a: outback steakohuse|3\n|move|p2a: outback steakohuse|Power Whip|p1a: Urshifu|[miss]\n|-miss|p2a: outback steakohuse|p1a: Urshifu\n|\n|upkeep\n|turn|19\n|c|\u2606ralph smogon|i see\n|\n|t:|1700504496\n|move|p1a: Urshifu|Surging Strikes|p2a: outback steakohuse\n|-resisted|p2a: outback steakohuse\n|-crit|p2a: outback steakohuse\n|-damage|p2a: outback steakohuse|0 fnt\n|faint|p2a: outback steakohuse\n|-hitcount|p2: outback steakohuse|1\n|\n|upkeep\n|\n|t:|1700504503\n|switch|p2a: in the house|Corviknight, M, shiny|41\/100\n|-ability|p2a: in the house|Pressure\n|turn|20\n|\n|t:|1700504509\n|move|p1a: Urshifu|Surging Strikes|p2a: in the house\n|-crit|p2a: in the house\n|-damage|p2a: in the house|24\/100\n|-damage|p1a: Urshifu|78\/100|[from] item: Rocky Helmet|[of] p2a: in the house\n|-crit|p2a: in the house\n|-damage|p2a: in the house|7\/100\n|-damage|p1a: Urshifu|61\/100|[from] item: Rocky Helmet|[of] p2a: in the house\n|-crit|p2a: in the house\n|-damage|p2a: in the house|0 fnt\n|-damage|p1a: Urshifu|45\/100|[from] item: Rocky Helmet|[of] p2a: in the house\n|faint|p2a: in the house\n|-hitcount|p2: in the house|3\n|\n|upkeep\n|c|\u2606butter dk|he so rocky\n|c|\u2606butter dk|ow ow ow\n|\n|t:|1700504520\n|switch|p2a: nepo baby|Espathra, F|100\/100\n|turn|21\n|c| Tinkisgaming|urshifu strong as hell\n|c| Tinkisgaming|his bench must go stupid\n|\n|t:|1700504547\n|move|p2a: nepo baby|Protect|p2a: nepo baby\n|-singleturn|p2a: nepo baby|Protect\n|move|p1a: Urshifu|Surging Strikes|p2a: nepo baby\n|-crit|p2a: nepo baby\n|-damage|p2a: nepo baby|58\/100\n|-crit|p2a: nepo baby\n|-damage|p2a: nepo baby|16\/100\n|-crit|p2a: nepo baby\n|-damage|p2a: nepo baby|0 fnt\n|faint|p2a: nepo baby\n|-hitcount|p2: nepo baby|3\n|\n|win|butter dk\n|c|\u2606ralph smogon|i see\n|c|\u2606butter dk|look at them legs hes a squatter\n|c|\u2606ralph smogon|hey good games\n|c|\u2606butter dk|hey ggs lex\n|l|\u2606ralph smogon\n|l| Tinkisgaming\n","uploadtime":1700504569,"views":8,"p1id":"butterdk","p2id":"ralphsmogon","formatid":"gen9ubers","rating":0,"private":0,"password":""}