{"id":"gen9ubers-1970187266","p1":"blakesigsworth","p2":"trialteam98","format":"[Gen 9] Ubers","log":"|j|\u2606blakesigsworth\n|j|\u2606trialteam98\n|t:|1697607107\n|gametype|singles\n|player|p1|blakesigsworth|clown|1025\n|player|p2|trialteam98|lady-gen4|1130\n|teamsize|p1|6\n|teamsize|p2|6\n|gen|9\n|tier|[Gen 9] Ubers\n|rated|\n|rule|Sleep Clause Mod: Limit one foe put to sleep\n|rule|Species Clause: Limit one of each Pok\u00e9mon\n|rule|OHKO Clause: OHKO moves are banned\n|rule|Evasion Items Clause: Evasion items are banned\n|rule|Evasion Moves Clause: Evasion moves are banned\n|rule|Endless Battle Clause: Forcing endless battles is banned\n|rule|HP Percentage Mod: HP is shown in percentages\n|clearpoke\n|poke|p1|Magearna|\n|poke|p1|Zacian-*|\n|poke|p1|Jolteon, M|\n|poke|p1|Snorlax, M|\n|poke|p1|Slowking-Galar, M|\n|poke|p1|Empoleon, F|\n|poke|p2|Koraidon|\n|poke|p2|Miraidon|\n|poke|p2|Walking Wake|\n|poke|p2|Zoroark-Hisui, F|\n|poke|p2|Flutter Mane|\n|poke|p2|Annihilape, M|\n|teampreview\n|\n|t:|1697607116\n|start\n|switch|p1a: Jolteon|Jolteon, M|100\/100\n|switch|p2a: Annihilape|Annihilape, M|100\/100\n|turn|1\n|\n|t:|1697607126\n|move|p1a: Jolteon|Calm Mind|p1a: Jolteon\n|-boost|p1a: Jolteon|spa|1\n|-boost|p1a: Jolteon|spd|1\n|move|p2a: Annihilape|Psychic|p1a: Jolteon\n|-damage|p1a: Jolteon|74\/100\n|\n|upkeep\n|turn|2\n|\n|t:|1697607132\n|move|p1a: Jolteon|Thunderbolt|p2a: Annihilape\n|-enditem|p2a: Annihilape|Focus Sash\n|-damage|p2a: Annihilape|1\/100\n|replace|p2a: Zoroark|Zoroark-Hisui, F\n|-end|p2a: Zoroark|Illusion\n|move|p2a: Zoroark|Psychic|p1a: Jolteon\n|-damage|p1a: Jolteon|46\/100\n|\n|upkeep\n|turn|3\n|\n|t:|1697607137\n|move|p1a: Jolteon|Thunderbolt|p2a: Zoroark\n|-damage|p2a: Zoroark|0 fnt\n|faint|p2a: Zoroark\n|\n|upkeep\n|\n|t:|1697607160\n|switch|p2a: Koraidon|Koraidon|100\/100\n|-weather|SunnyDay|[from] ability: Orichalcum Pulse|[of] p2a: Koraidon\n|-activate|p2a: Koraidon|Orichalcum Pulse|[source]\n|turn|4\n|\n|t:|1697607170\n|move|p1a: Jolteon|Detect|p1a: Jolteon\n|-singleturn|p1a: Jolteon|Protect\n|move|p2a: Koraidon|Collision Course|p1a: Jolteon\n|-activate|p1a: Jolteon|move: Protect\n|\n|-weather|SunnyDay|[upkeep]\n|upkeep\n|turn|5\n|\n|t:|1697607179\n|move|p2a: Koraidon|Collision Course|p1a: Jolteon\n|-damage|p1a: Jolteon|0 fnt\n|faint|p1a: Jolteon\n|-damage|p2a: Koraidon|91\/100|[from] item: Life Orb\n|\n|-weather|SunnyDay|[upkeep]\n|upkeep\n|\n|t:|1697607193\n|switch|p1a: Slowking|Slowking-Galar, M|100\/100\n|turn|6\n|\n|t:|1697607200\n|-terastallize|p2a: Koraidon|Steel\n|move|p2a: Koraidon|Swords Dance|p2a: Koraidon\n|-boost|p2a: Koraidon|atk|2\n|-enditem|p1a: Slowking|Mirror Herb\n|-boost|p1a: Slowking|atk|2|[from] item: Mirror Herb\n|move|p1a: Slowking|Eerie Spell|p2a: Koraidon\n|-resisted|p2a: Koraidon\n|-damage|p2a: Koraidon|72\/100\n|-activate|p2a: Koraidon|move: Eerie Spell|Swords Dance|3\n|\n|-weather|SunnyDay|[upkeep]\n|upkeep\n|turn|7\n|\n|t:|1697607208\n|move|p2a: Koraidon|Crunch|p1a: Slowking\n|-supereffective|p1a: Slowking\n|-damage|p1a: Slowking|0 fnt\n|faint|p1a: Slowking\n|-damage|p2a: Koraidon|62\/100|[from] item: Life Orb\n|\n|-weather|SunnyDay|[upkeep]\n|upkeep\n|-message|blakesigsworth forfeited.\n|\n|win|trialteam98\n|raw|blakesigsworth's rating: 1025 &rarr; <strong>1015<\/strong><br \/>(-10 for losing)\n|raw|trialteam98's rating: 1130 &rarr; <strong>1148<\/strong><br \/>(+18 for winning)\n|l|\u2606blakesigsworth\n","uploadtime":1697607216,"views":13,"p1id":"blakesigsworth","p2id":"trialteam98","formatid":"gen9ubers","rating":1015,"private":0,"password":""}