{"id":"gen9ubers-1987804475","p1":"rutriyououiyiyuyt","p2":"whaud","format":"[Gen 9] Ubers","log":"|j|\u2606rutriyououiyiyuyt\n|j|\u2606whaud\n|t:|1699638410\n|gametype|singles\n|player|p1|rutriyououiyiyuyt|elesa|\n|player|p2|whaud|alain|\n|teamsize|p1|6\n|teamsize|p2|6\n|gen|9\n|tier|[Gen 9] Ubers\n|rule|Sleep Clause Mod: Limit one foe put to sleep\n|rule|Species Clause: Limit one of each Pok\u00e9mon\n|rule|OHKO Clause: OHKO moves are banned\n|rule|Evasion Items Clause: Evasion items are banned\n|rule|Evasion Moves Clause: Evasion moves are banned\n|rule|Endless Battle Clause: Forcing endless battles is banned\n|rule|HP Percentage Mod: HP is shown in percentages\n|clearpoke\n|poke|p1|Meowscarada, F|\n|poke|p1|Ninetales-Alola, M|\n|poke|p1|Arceus-Poison|\n|poke|p1|Gholdengo|\n|poke|p1|Urshifu-*, M|\n|poke|p1|Ogerpon-Wellspring, F|\n|poke|p2|Chi-Yu|\n|poke|p2|Palkia-Origin|\n|poke|p2|Magearna|\n|poke|p2|Shaymin-Sky|\n|poke|p2|Zacian-*|\n|poke|p2|Arceus-Ghost|\n|teampreview\n|\n|t:|1699638417\n|start\n|switch|p1a: Incin|Meowscarada, F|100\/100\n|switch|p2a: Chi-Yu|Chi-Yu|100\/100\n|-ability|p2a: Chi-Yu|Beads of Ruin\n|turn|1\n|\n|t:|1699638438\n|move|p2a: Chi-Yu|Flamethrower|p1a: Incin\n|-supereffective|p1a: Incin\n|-enditem|p1a: Incin|Focus Sash\n|-damage|p1a: Incin|1\/100\n|move|p1a: Incin|Toxic Spikes|p2a: Chi-Yu\n|-start|p1a: Incin|typechange|Poison|[from] ability: Protean\n|-sidestart|p2: whaud|move: Toxic Spikes\n|\n|upkeep\n|turn|2\n|\n|t:|1699638452\n|move|p2a: Chi-Yu|Flamethrower|p1a: Incin\n|-damage|p1a: Incin|0 fnt\n|faint|p1a: Incin\n|\n|upkeep\n|\n|t:|1699638473\n|switch|p1a: Dollar Bill|Gholdengo|100\/100\n|turn|3\n|\n|t:|1699638476\n|-terastallize|p1a: Dollar Bill|Water\n|move|p2a: Chi-Yu|Flamethrower|p1a: Dollar Bill\n|-resisted|p1a: Dollar Bill\n|-damage|p1a: Dollar Bill|67\/100\n|move|p1a: Dollar Bill|Focus Blast|p2a: Chi-Yu\n|-supereffective|p2a: Chi-Yu\n|-damage|p2a: Chi-Yu|0 fnt\n|faint|p2a: Chi-Yu\n|\n|upkeep\n|\n|t:|1699638492\n|switch|p2a: Shaymin|Shaymin-Sky|100\/100\n|turn|4\n|\n|t:|1699638502\n|switch|p1a: Arceus-Toxic|Arceus-Poison|100\/100\n|move|p2a: Shaymin|Seed Flare|p1a: Arceus-Toxic\n|-resisted|p1a: Arceus-Toxic\n|-damage|p1a: Arceus-Toxic|82\/100\n|-unboost|p1a: Arceus-Toxic|spd|2\n|\n|upkeep\n|turn|5\n|\n|t:|1699638509\n|switch|p2a: Magearna|Magearna|100\/100\n|move|p1a: Arceus-Toxic|Poison Jab|p2a: Magearna\n|-immune|p2a: Magearna\n|\n|upkeep\n|turn|6\n|\n|t:|1699638518\n|switch|p1a: Ogerpon-Hearth|Ogerpon-Wellspring, F|100\/100\n|move|p2a: Magearna|Iron Defense|p2a: Magearna\n|-boost|p2a: Magearna|def|2\n|\n|upkeep\n|turn|7\n|\n|t:|1699638522\n|move|p1a: Ogerpon-Hearth|Swords Dance|p1a: Ogerpon-Hearth\n|-boost|p1a: Ogerpon-Hearth|atk|2\n|move|p2a: Magearna|Calm Mind|p2a: Magearna\n|-boost|p2a: Magearna|spa|1\n|-boost|p2a: Magearna|spd|1\n|\n|upkeep\n|turn|8\n|\n|t:|1699638526\n|move|p1a: Ogerpon-Hearth|Ivy Cudgel|p2a: Magearna\n|-damage|p2a: Magearna|66\/100\n|move|p2a: Magearna|Stored Power|p1a: Ogerpon-Hearth\n|-damage|p1a: Ogerpon-Hearth|52\/100\n|\n|-heal|p2a: Magearna|72\/100|[from] item: Leftovers\n|upkeep\n|turn|9\n|\n|t:|1699638531\n|move|p1a: Ogerpon-Hearth|Ivy Cudgel|p2a: Magearna\n|-damage|p2a: Magearna|37\/100\n|move|p2a: Magearna|Draining Kiss|p1a: Ogerpon-Hearth\n|-damage|p1a: Ogerpon-Hearth|12\/100\n|-heal|p2a: Magearna|62\/100|[from] drain|[of] p1a: Ogerpon-Hearth\n|\n|-heal|p2a: Magearna|68\/100|[from] item: Leftovers\n|upkeep\n|turn|10\n|\n|t:|1699638538\n|move|p1a: Ogerpon-Hearth|Ivy Cudgel|p2a: Magearna\n|-damage|p2a: Magearna|29\/100\n|move|p2a: Magearna|Stored Power|p1a: Ogerpon-Hearth\n|-damage|p1a: Ogerpon-Hearth|0 fnt\n|faint|p1a: Ogerpon-Hearth\n|-ability|p2a: Magearna|Soul-Heart|boost\n|-boost|p2a: Magearna|spa|1\n|\n|-heal|p2a: Magearna|35\/100|[from] item: Leftovers\n|upkeep\n|\n|t:|1699638555\n|switch|p1a: Dollar Bill|Gholdengo, tera:Water|67\/100\n|turn|11\n|\n|t:|1699638561\n|-terastallize|p2a: Magearna|Water\n|move|p1a: Dollar Bill|Thunder Wave|p2a: Magearna\n|-status|p2a: Magearna|par\n|move|p2a: Magearna|Draining Kiss|p1a: Dollar Bill\n|-damage|p1a: Dollar Bill|29\/100\n|-heal|p2a: Magearna|65\/100 par|[from] drain|[of] p1a: Dollar Bill\n|\n|-heal|p2a: Magearna|71\/100 par|[from] item: Leftovers\n|upkeep\n|turn|12\n|\n|t:|1699638568\n|move|p1a: Dollar Bill|Recover|p1a: Dollar Bill\n|-heal|p1a: Dollar Bill|79\/100\n|move|p2a: Magearna|Stored Power|p1a: Dollar Bill\n|-damage|p1a: Dollar Bill|12\/100\n|\n|-heal|p2a: Magearna|77\/100 par|[from] item: Leftovers\n|upkeep\n|turn|13\n|\n|t:|1699638573\n|move|p1a: Dollar Bill|Recover|p1a: Dollar Bill\n|-heal|p1a: Dollar Bill|62\/100\n|cant|p2a: Magearna|par\n|\n|-heal|p2a: Magearna|83\/100 par|[from] item: Leftovers\n|upkeep\n|turn|14\n|\n|t:|1699638577\n|move|p1a: Dollar Bill|Recover|p1a: Dollar Bill\n|-heal|p1a: Dollar Bill|100\/100\n|move|p2a: Magearna|Calm Mind|p2a: Magearna\n|-boost|p2a: Magearna|spa|1\n|-boost|p2a: Magearna|spd|1\n|\n|-heal|p2a: Magearna|89\/100 par|[from] item: Leftovers\n|upkeep\n|turn|15\n|\n|t:|1699638582\n|move|p1a: Dollar Bill|Focus Blast|p2a: Magearna\n|-damage|p2a: Magearna|71\/100 par\n|-unboost|p2a: Magearna|spd|1\n|move|p2a: Magearna|Stored Power|p1a: Dollar Bill\n|-damage|p1a: Dollar Bill|0 fnt\n|faint|p1a: Dollar Bill\n|-ability|p2a: Magearna|Soul-Heart|boost\n|-boost|p2a: Magearna|spa|1\n|\n|-heal|p2a: Magearna|77\/100 par|[from] item: Leftovers\n|upkeep\n|\n|t:|1699638589\n|switch|p1a: Arceus-Toxic|Arceus-Poison|82\/100\n|turn|16\n|\n|t:|1699638593\n|move|p1a: Arceus-Toxic|Poison Jab|p2a: Magearna\n|-damage|p2a: Magearna|64\/100 par\n|move|p2a: Magearna|Stored Power|p1a: Arceus-Toxic\n|-supereffective|p1a: Arceus-Toxic\n|-damage|p1a: Arceus-Toxic|0 fnt\n|faint|p1a: Arceus-Toxic\n|-ability|p2a: Magearna|Soul-Heart|boost\n|-boost|p2a: Magearna|spa|1\n|\n|-heal|p2a: Magearna|70\/100 par|[from] item: Leftovers\n|upkeep\n|\n|t:|1699638597\n|switch|p1a: Urshifu-Rapid|Urshifu, M|100\/100\n|turn|17\n|\n|t:|1699638602\n|move|p1a: Urshifu-Rapid|Wicked Blow|p2a: Magearna\n|-crit|p2a: Magearna\n|-damage|p2a: Magearna|19\/100 par\n|move|p2a: Magearna|Draining Kiss|p1a: Urshifu-Rapid\n|-supereffective|p1a: Urshifu-Rapid\n|-damage|p1a: Urshifu-Rapid|0 fnt\n|-heal|p2a: Magearna|100\/100 par|[from] drain|[of] p1a: Urshifu-Rapid\n|faint|p1a: Urshifu-Rapid\n|-ability|p2a: Magearna|Soul-Heart|boost\n|-boost|p2a: Magearna|spa|1\n|\n|upkeep\n|\n|t:|1699638606\n|switch|p1a: Ninetales-Kanto|Ninetales-Alola, M|100\/100\n|-weather|Snow|[from] ability: Snow Warning|[of] p1a: Ninetales-Kanto\n|turn|18\n|\n|t:|1699638608\n|move|p1a: Ninetales-Kanto|Moonblast|p2a: Magearna\n|-damage|p2a: Magearna|79\/100 par\n|move|p2a: Magearna|Stored Power|p1a: Ninetales-Kanto\n|-damage|p1a: Ninetales-Kanto|0 fnt\n|faint|p1a: Ninetales-Kanto\n|\n|win|whaud\n|c|\u2606rutriyououiyiyuyt|gg\n|c|\u2606whaud|gg\n|l|\u2606rutriyououiyiyuyt\n|j| Leo Justice\n","uploadtime":1699638813,"views":32,"p1id":"rutriyououiyiyuyt","p2id":"whaud","formatid":"gen9ubers","rating":0,"private":0,"password":""}