{"id":"gen9ubers-1994877846","p1":"coffee meta","p2":"EG Jhonx","format":"[Gen 9] Ubers","log":"|j|\u2606coffee meta\n|j|\u2606EG Jhonx\n|t:|1700500988\n|gametype|singles\n|player|p1|coffee meta|alec-anime|\n|player|p2|EG Jhonx|169|\n|teamsize|p1|6\n|teamsize|p2|6\n|gen|9\n|tier|[Gen 9] Ubers\n|rated|Tournament battle\n|rule|Sleep Clause Mod: Limit one foe put to sleep\n|rule|Species Clause: Limit one of each Pok\u00e9mon\n|rule|OHKO Clause: OHKO moves are banned\n|rule|Evasion Items Clause: Evasion items are banned\n|rule|Evasion Moves Clause: Evasion moves are banned\n|rule|Endless Battle Clause: Forcing endless battles is banned\n|rule|HP Percentage Mod: HP is shown in percentages\n|clearpoke\n|poke|p1|Ribombee, F|\n|poke|p1|Koraidon|\n|poke|p1|Flutter Mane|\n|poke|p1|Ogerpon-Hearthflame, F|\n|poke|p1|Arceus-Ground|\n|poke|p1|Rayquaza|\n|poke|p2|Hatterene, F|\n|poke|p2|Giratina-Origin|\n|poke|p2|Chansey, F|\n|poke|p2|Arceus-Ground|\n|poke|p2|Toxapex, F|\n|poke|p2|Dondozo, M|\n|teampreview\n|inactive|Battle timer is ON: inactive players will automatically lose when time's up. (requested by coffee meta)\n|j| A-Pec 110\n|j|+OreoSpeedruns\n|c|\u2606coffee meta|hf\n|j| Primordiallite\n|inactive|EG Jhonx has 120 seconds left.\n|\n|t:|1700501021\n|start\n|switch|p1a: Arceus|Arceus-Ground, shiny|100\/100\n|switch|p2a: Chansey|Chansey, F|100\/100\n|turn|1\n|\n|t:|1700501028\n|move|p1a: Arceus|Taunt|p2a: Chansey\n|-start|p2a: Chansey|move: Taunt\n|cant|p2a: Chansey|move: Taunt|Stealth Rock\n|\n|upkeep\n|turn|2\n|\n|t:|1700501037\n|switch|p2a: Giratina|Giratina-Origin|100\/100\n|move|p1a: Arceus|Ice Beam|p2a: Giratina\n|-supereffective|p2a: Giratina\n|-damage|p2a: Giratina|69\/100\n|\n|upkeep\n|turn|3\n|\n|t:|1700501047\n|switch|p2a: Arceus|Arceus-Ground|100\/100\n|move|p1a: Arceus|Ice Beam|p2a: Arceus\n|-supereffective|p2a: Arceus\n|-damage|p2a: Arceus|73\/100\n|-status|p2a: Arceus|frz\n|\n|upkeep\n|turn|4\n|c|\u2606coffee meta|skilled\n|\n|t:|1700501058\n|move|p1a: Arceus|Ice Beam|p2a: Arceus\n|-supereffective|p2a: Arceus\n|-damage|p2a: Arceus|42\/100 frz\n|-curestatus|p2a: Arceus|frz|[msg]\n|move|p2a: Arceus|Will-O-Wisp|p1a: Arceus\n|-status|p1a: Arceus|brn\n|\n|-damage|p1a: Arceus|94\/100 brn|[from] brn\n|upkeep\n|turn|5\n|\n|t:|1700501064\n|move|p1a: Arceus|Stealth Rock|p2a: Arceus\n|-sidestart|p2: EG Jhonx|move: Stealth Rock\n|move|p2a: Arceus|Recover|p2a: Arceus\n|-heal|p2a: Arceus|92\/100\n|\n|-damage|p1a: Arceus|88\/100 brn|[from] brn\n|upkeep\n|turn|6\n|\n|t:|1700501070\n|move|p1a: Arceus|Taunt|p2a: Arceus\n|-start|p2a: Arceus|move: Taunt\n|move|p2a: Arceus|Ice Beam|p1a: Arceus\n|-supereffective|p1a: Arceus\n|-damage|p1a: Arceus|56\/100 brn\n|\n|-damage|p1a: Arceus|50\/100 brn|[from] brn\n|upkeep\n|turn|7\n|\n|t:|1700501079\n|move|p1a: Arceus|Judgment|p2a: Arceus\n|-damage|p2a: Arceus|62\/100\n|move|p2a: Arceus|Ice Beam|p1a: Arceus\n|-supereffective|p1a: Arceus\n|-damage|p1a: Arceus|21\/100 brn\n|\n|-damage|p1a: Arceus|15\/100 brn|[from] brn\n|upkeep\n|turn|8\n|\n|t:|1700501090\n|switch|p2a: Chansey|Chansey, F|100\/100\n|-damage|p2a: Chansey|88\/100|[from] Stealth Rock\n|move|p1a: Arceus|Judgment|p2a: Chansey\n|-damage|p2a: Chansey|75\/100\n|\n|-damage|p1a: Arceus|8\/100 brn|[from] brn\n|upkeep\n|turn|9\n|\n|t:|1700501097\n|switch|p2a: Hatterene|Hatterene, F|100\/100\n|-damage|p2a: Hatterene|88\/100|[from] Stealth Rock\n|move|p1a: Arceus|Taunt|p2a: Hatterene\n|move|p2a: Hatterene|Taunt|p1a: Arceus|[from]ability: Magic Bounce\n|-start|p1a: Arceus|move: Taunt\n|\n|-heal|p2a: Hatterene|94\/100|[from] item: Leftovers\n|-damage|p1a: Arceus|2\/100 brn|[from] brn\n|upkeep\n|turn|10\n|\n|t:|1700501105\n|move|p1a: Arceus|Ice Beam|p2a: Hatterene\n|-damage|p2a: Hatterene|69\/100\n|move|p2a: Hatterene|Calm Mind|p2a: Hatterene\n|-boost|p2a: Hatterene|spa|1\n|-boost|p2a: Hatterene|spd|1\n|\n|-heal|p2a: Hatterene|75\/100|[from] item: Leftovers\n|-damage|p1a: Arceus|0 fnt|[from] brn\n|faint|p1a: Arceus\n|upkeep\n|\n|t:|1700501112\n|switch|p1a: Ogerpon|Ogerpon-Hearthflame, F|100\/100\n|-ability|p1a: Ogerpon|Mold Breaker\n|turn|11\n|j|+corvere\u2665\n|\n|t:|1700501129\n|switch|p2a: Toxapex|Toxapex, F|100\/100\n|-damage|p2a: Toxapex|88\/100|[from] Stealth Rock\n|move|p1a: Ogerpon|Power Whip|p2a: Toxapex\n|-damage|p2a: Toxapex|43\/100\n|-damage|p1a: Ogerpon|84\/100|[from] item: Rocky Helmet|[of] p2a: Toxapex\n|\n|upkeep\n|turn|12\n|\n|t:|1700501140\n|move|p1a: Ogerpon|Power Whip|p2a: Toxapex\n|-damage|p2a: Toxapex|0 fnt\n|-damage|p1a: Ogerpon|68\/100|[from] item: Rocky Helmet|[of] p2a: Toxapex\n|faint|p2a: Toxapex\n|\n|upkeep\n|\n|t:|1700501145\n|switch|p2a: Giratina|Giratina-Origin|69\/100\n|-damage|p2a: Giratina|57\/100|[from] Stealth Rock\n|turn|13\n|\n|t:|1700501148\n|move|p1a: Ogerpon|Play Rough|p2a: Giratina\n|-supereffective|p2a: Giratina\n|-damage|p2a: Giratina|18\/100\n|move|p2a: Giratina|Defog|p1a: Ogerpon\n|-unboost|p1a: Ogerpon|evasion|1\n|-sideend|p2: EG Jhonx|Stealth Rock|[from] move: Defog|[of] p2a: Giratina\n|\n|upkeep\n|turn|14\n|\n|t:|1700501156\n|-terastallize|p2a: Giratina|Steel\n|move|p1a: Ogerpon|Play Rough|p2a: Giratina\n|-resisted|p2a: Giratina\n|-damage|p2a: Giratina|9\/100\n|move|p2a: Giratina|Rest|p2a: Giratina\n|-status|p2a: Giratina|slp|[from] move: Rest\n|-heal|p2a: Giratina|100\/100 slp|[silent]\n|\n|upkeep\n|turn|15\n|\n|t:|1700501161\n|switch|p2a: Dondozo|Dondozo, M|100\/100\n|move|p1a: Ogerpon|Swords Dance|p1a: Ogerpon\n|-boost|p1a: Ogerpon|atk|2\n|\n|upkeep\n|turn|16\n|\n|t:|1700501168\n|move|p1a: Ogerpon|Power Whip|p2a: Dondozo\n|-supereffective|p2a: Dondozo\n|-damage|p2a: Dondozo|0 fnt\n|faint|p2a: Dondozo\n|\n|upkeep\n|c|\u2606coffee meta|bonk\n|\n|t:|1700501190\n|switch|p2a: Arceus|Arceus-Ground|62\/100\n|turn|17\n|\n|t:|1700501194\n|move|p1a: Ogerpon|Ivy Cudgel|p2a: Arceus|[anim] Ivy Cudgel Fire\n|-damage|p2a: Arceus|0 fnt\n|faint|p2a: Arceus\n|\n|upkeep\n|c|\u2606EG Jhonx|gg\n|c|\u2606coffee meta|gg\n|c|\u2606EG Jhonx|idk what it does\n|l|+corvere\u2665\n|c|\u2606EG Jhonx|i just started yday play sv\n|c|\u2606EG Jhonx|droped in early sm\n|inactive|EG Jhonx has 120 seconds left.\n|\n|t:|1700501220\n|switch|p2a: Hatterene|Hatterene, F|75\/100\n|turn|18\n|\n|t:|1700501228\n|-terastallize|p1a: Ogerpon|Fire\n|detailschange|p1a: Ogerpon|Ogerpon-Hearthflame-Tera, F, tera:Fire\n|-ability|p1a: Ogerpon|Embody Aspect (Hearthflame)|boost\n|-boost|p1a: Ogerpon|atk|1\n|move|p1a: Ogerpon|Ivy Cudgel|p2a: Hatterene|[anim] Ivy Cudgel Fire\n|-damage|p2a: Hatterene|0 fnt\n|faint|p2a: Hatterene\n|\n|upkeep\n|\n|t:|1700501235\n|switch|p2a: Chansey|Chansey, F|75\/100\n|turn|19\n|c|\u2606EG Jhonx|I should ve saved pex\n|\n|t:|1700501255\n|move|p1a: Ogerpon|Ivy Cudgel|p2a: Chansey|[anim] Ivy Cudgel Fire\n|-damage|p2a: Chansey|0 fnt\n|faint|p2a: Chansey\n|\n|upkeep\n|c|\u2606EG Jhonx|but vs +2 whip I was dying anyway\n|\n|t:|1700501270\n|switch|p2a: Giratina|Giratina-Origin, tera:Steel|100\/100 slp\n|turn|20\n|\n|t:|1700501277\n|move|p1a: Ogerpon|Ivy Cudgel|p2a: Giratina|[anim] Ivy Cudgel Fire\n|-supereffective|p2a: Giratina\n|-damage|p2a: Giratina|0 fnt\n|faint|p2a: Giratina\n|\n|win|coffee meta\n|n|\u2606coffee meta|coffeemeta\n|n|\u2606EG Jhonx|egjhonx\n|n| A-Pec 110|apec110\n|n| OreoSpeedruns|oreospeedruns\n|n| Primordiallite|primordiallite\n","uploadtime":1700501278,"views":2,"p1id":"coffeemeta","p2id":"egjhonx","formatid":"gen9ubers","rating":0,"private":0,"password":""}