{"id":"gen9ubers-1972264657","p1":"MeteorAsh15","p2":"grosalamander","format":"[Gen 9] Ubers","log":"|j|\u2606MeteorAsh15\n|j|\u2606grosalamander\n|t:|1697826259\n|gametype|singles\n|player|p1|MeteorAsh15|nate|1262\n|player|p2|grosalamander|101|1282\n|teamsize|p1|6\n|teamsize|p2|6\n|gen|9\n|tier|[Gen 9] Ubers\n|rated|\n|rule|Sleep Clause Mod: Limit one foe put to sleep\n|rule|Species Clause: Limit one of each Pok\u00e9mon\n|rule|OHKO Clause: OHKO moves are banned\n|rule|Evasion Items Clause: Evasion items are banned\n|rule|Evasion Moves Clause: Evasion moves are banned\n|rule|Endless Battle Clause: Forcing endless battles is banned\n|rule|HP Percentage Mod: HP is shown in percentages\n|clearpoke\n|poke|p1|Baxcalibur, F|\n|poke|p1|Ninetales-Alola, F|\n|poke|p1|Koraidon|\n|poke|p1|Zacian-*|\n|poke|p1|Tornadus, M|\n|poke|p1|Ribombee, F|\n|poke|p2|Skeledirge, M|\n|poke|p2|Clodsire, F|\n|poke|p2|Giratina-Origin|\n|poke|p2|Miraidon|\n|poke|p2|Zacian-*|\n|poke|p2|Arceus|\n|teampreview\n|\n|t:|1697826266\n|start\n|switch|p1a: Ribombee|Ribombee, F, shiny|100\/100\n|switch|p2a: Arceus|Arceus|100\/100\n|turn|1\n|inactive|Battle timer is ON: inactive players will automatically lose when time's up. (requested by MeteorAsh15)\n|\n|t:|1697826273\n|move|p1a: Ribombee|Sticky Web|p2a: Arceus\n|-sidestart|p2: grosalamander|move: Sticky Web\n|move|p2a: Arceus|Swords Dance|p2a: Arceus\n|-boost|p2a: Arceus|atk|2\n|\n|upkeep\n|turn|2\n|\n|t:|1697826279\n|move|p2a: Arceus|Extreme Speed|p1a: Ribombee\n|-enditem|p1a: Ribombee|Focus Sash\n|-damage|p1a: Ribombee|1\/100\n|move|p1a: Ribombee|Stun Spore|p2a: Arceus\n|-status|p2a: Arceus|par\n|\n|upkeep\n|turn|3\n|\n|t:|1697826288\n|cant|p2a: Arceus|par\n|move|p1a: Ribombee|Tailwind|p1a: Ribombee\n|-sidestart|p1: MeteorAsh15|move: Tailwind\n|\n|upkeep\n|turn|4\n|\n|t:|1697826293\n|move|p2a: Arceus|Extreme Speed|p1a: Ribombee\n|-damage|p1a: Ribombee|0 fnt\n|faint|p1a: Ribombee\n|\n|upkeep\n|\n|t:|1697826300\n|switch|p1a: Zacian|Zacian-Crowned, shiny|100\/100\n|-ability|p1a: Zacian|Intrepid Sword|boost\n|-boost|p1a: Zacian|atk|1\n|turn|5\n|\n|t:|1697826306\n|move|p1a: Zacian|Sacred Sword|p2a: Arceus\n|-supereffective|p2a: Arceus\n|-damage|p2a: Arceus|37\/100 par\n|cant|p2a: Arceus|par\n|\n|upkeep\n|turn|6\n|\n|t:|1697826314\n|cant|p2a: Arceus|par\n|move|p1a: Zacian|Behemoth Blade|p2a: Arceus\n|-damage|p2a: Arceus|0 fnt\n|faint|p2a: Arceus\n|\n|-sideend|p1: MeteorAsh15|move: Tailwind\n|upkeep\n|\n|t:|1697826318\n|switch|p2a: Skeledirge|Skeledirge, M|100\/100\n|turn|7\n|\n|t:|1697826325\n|move|p1a: Zacian|Crunch|p2a: Skeledirge\n|-supereffective|p2a: Skeledirge\n|-damage|p2a: Skeledirge|60\/100\n|move|p2a: Skeledirge|Torch Song|p1a: Zacian\n|-supereffective|p1a: Zacian\n|-damage|p1a: Zacian|45\/100\n|-boost|p2a: Skeledirge|spa|1\n|\n|upkeep\n|turn|8\n|\n|t:|1697826334\n|move|p1a: Zacian|Crunch|p2a: Skeledirge\n|-supereffective|p2a: Skeledirge\n|-damage|p2a: Skeledirge|25\/100\n|move|p2a: Skeledirge|Slack Off|p2a: Skeledirge\n|-heal|p2a: Skeledirge|75\/100\n|\n|upkeep\n|turn|9\n|\n|t:|1697826342\n|switch|p1a: Koraidon|Koraidon|100\/100\n|-weather|SunnyDay|[from] ability: Orichalcum Pulse|[of] p1a: Koraidon\n|-activate|p1a: Koraidon|Orichalcum Pulse|[source]\n|-terastallize|p2a: Skeledirge|Fairy\n|move|p2a: Skeledirge|Torch Song|p1a: Koraidon\n|-resisted|p1a: Koraidon\n|-damage|p1a: Koraidon|67\/100\n|-boost|p2a: Skeledirge|spa|1\n|\n|-weather|SunnyDay|[upkeep]\n|upkeep\n|turn|10\n|\n|t:|1697826355\n|move|p1a: Koraidon|Flare Blitz|p2a: Skeledirge\n|-damage|p2a: Skeledirge|28\/100\n|-damage|p1a: Koraidon|49\/100|[from] Recoil\n|move|p2a: Skeledirge|Will-O-Wisp|p1a: Koraidon\n|-status|p1a: Koraidon|brn\n|\n|-weather|SunnyDay|[upkeep]\n|-damage|p1a: Koraidon|42\/100 brn|[from] brn\n|upkeep\n|turn|11\n|\n|t:|1697826368\n|switch|p2a: Clodsire|Clodsire, F|100\/100\n|-activate|p2a: Clodsire|move: Sticky Web\n|-unboost|p2a: Clodsire|spe|1\n|move|p1a: Koraidon|Flare Blitz|p2a: Clodsire\n|-damage|p2a: Clodsire|51\/100\n|-damage|p1a: Koraidon|20\/100 brn|[from] Recoil\n|\n|-weather|SunnyDay|[upkeep]\n|-heal|p2a: Clodsire|57\/100|[from] item: Leftovers\n|-damage|p1a: Koraidon|14\/100 brn|[from] brn\n|upkeep\n|turn|12\n|\n|t:|1697826380\n|move|p1a: Koraidon|Flare Blitz|p2a: Clodsire\n|-crit|p2a: Clodsire\n|-damage|p2a: Clodsire|0 fnt\n|faint|p2a: Clodsire\n|-damage|p1a: Koraidon|0 fnt|[from] Recoil\n|faint|p1a: Koraidon\n|\n|-weather|SunnyDay|[upkeep]\n|upkeep\n|\n|t:|1697826389\n|switch|p1a: Zacian|Zacian-Crowned, shiny|45\/100\n|switch|p2a: Skeledirge|Skeledirge, M, tera:Fairy|28\/100\n|turn|13\n|\n|t:|1697826395\n|move|p1a: Zacian|Behemoth Blade|p2a: Skeledirge\n|-supereffective|p2a: Skeledirge\n|-damage|p2a: Skeledirge|0 fnt\n|faint|p2a: Skeledirge\n|\n|-weather|none\n|upkeep\n|\n|t:|1697826403\n|switch|p2a: Zacian|Zacian-Crowned, shiny|100\/100\n|-activate|p2a: Zacian|move: Sticky Web\n|-unboost|p2a: Zacian|spe|1\n|-ability|p2a: Zacian|Intrepid Sword|boost\n|-boost|p2a: Zacian|atk|1\n|turn|14\n|\n|t:|1697826409\n|move|p1a: Zacian|Behemoth Blade|p2a: Zacian\n|-damage|p2a: Zacian|45\/100\n|move|p2a: Zacian|Close Combat|p1a: Zacian\n|-damage|p1a: Zacian|0 fnt\n|-unboost|p2a: Zacian|def|1\n|-unboost|p2a: Zacian|spd|1\n|faint|p1a: Zacian\n|\n|upkeep\n|\n|t:|1697826426\n|switch|p1a: Tornadus|Tornadus, M, shiny|100\/100\n|turn|15\n|\n|t:|1697826431\n|switch|p2a: Giratina|Giratina-Origin, shiny|100\/100\n|move|p1a: Tornadus|Heat Wave|p2a: Giratina|[miss]\n|-miss|p1a: Tornadus|p2a: Giratina\n|\n|upkeep\n|turn|16\n|\n|t:|1697826442\n|move|p1a: Tornadus|Tailwind|p1a: Tornadus\n|-sidestart|p1: MeteorAsh15|move: Tailwind\n|move|p2a: Giratina|Defog|p1a: Tornadus\n|-unboost|p1a: Tornadus|evasion|1\n|-sideend|p2: grosalamander|Sticky Web|[from] move: Defog|[of] p2a: Giratina\n|\n|upkeep\n|turn|17\n|\n|t:|1697826450\n|switch|p1a: Ninetales|Ninetales-Alola, F|100\/100\n|-weather|Snow|[from] ability: Snow Warning|[of] p1a: Ninetales\n|move|p2a: Giratina|Will-O-Wisp|p1a: Ninetales\n|-status|p1a: Ninetales|brn\n|\n|-weather|Snow|[upkeep]\n|-damage|p1a: Ninetales|94\/100 brn|[from] brn\n|upkeep\n|turn|18\n|\n|t:|1697826460\n|move|p1a: Ninetales|Aurora Veil|p1a: Ninetales\n|-sidestart|p1: MeteorAsh15|move: Aurora Veil\n|move|p2a: Giratina|Poltergeist|p1a: Ninetales\n|-activate|p1a: Ninetales|move: Poltergeist|Light Clay\n|-damage|p1a: Ninetales|62\/100 brn\n|\n|-weather|Snow|[upkeep]\n|-damage|p1a: Ninetales|55\/100 brn|[from] brn\n|upkeep\n|turn|19\n|\n|t:|1697826471\n|move|p1a: Ninetales|Freeze-Dry|p2a: Giratina\n|-supereffective|p2a: Giratina\n|-damage|p2a: Giratina|56\/100\n|move|p2a: Giratina|Defog|p1a: Ninetales\n|-unboost|p1a: Ninetales|evasion|1\n|-sideend|p1: MeteorAsh15|move: Aurora Veil\n|\n|-weather|Snow|[upkeep]\n|-damage|p1a: Ninetales|49\/100 brn|[from] brn\n|-sideend|p1: MeteorAsh15|move: Tailwind\n|upkeep\n|turn|20\n|\n|t:|1697826481\n|switch|p1a: Baxcalibur|Baxcalibur, F|100\/100\n|move|p2a: Giratina|Poltergeist|p1a: Baxcalibur\n|-activate|p1a: Baxcalibur|move: Poltergeist|Loaded Dice\n|-damage|p1a: Baxcalibur|59\/100\n|\n|-weather|Snow|[upkeep]\n|upkeep\n|turn|21\n|\n|t:|1697826491\n|move|p1a: Baxcalibur|Scale Shot|p2a: Giratina\n|-supereffective|p2a: Giratina\n|-damage|p2a: Giratina|39\/100\n|-supereffective|p2a: Giratina\n|-damage|p2a: Giratina|21\/100\n|-supereffective|p2a: Giratina\n|-damage|p2a: Giratina|5\/100\n|-supereffective|p2a: Giratina\n|-damage|p2a: Giratina|0 fnt\n|faint|p2a: Giratina\n|-hitcount|p2: Giratina|4\n|-unboost|p1a: Baxcalibur|def|1\n|-boost|p1a: Baxcalibur|spe|1\n|\n|-weather|none\n|upkeep\n|\n|t:|1697826495\n|switch|p2a: Zacian|Zacian-Crowned, shiny|45\/100\n|turn|22\n|\n|t:|1697826507\n|-terastallize|p1a: Baxcalibur|Ground\n|move|p1a: Baxcalibur|Earthquake|p2a: Zacian\n|-supereffective|p2a: Zacian\n|-damage|p2a: Zacian|0 fnt\n|faint|p2a: Zacian\n|\n|upkeep\n|\n|t:|1697826514\n|switch|p2a: Miraidon|Miraidon|100\/100\n|-fieldstart|move: Electric Terrain|[from] ability: Hadron Engine|[of] p2a: Miraidon\n|turn|23\n|\n|t:|1697826524\n|move|p1a: Baxcalibur|Icicle Spear|p2a: Miraidon\n|-supereffective|p2a: Miraidon\n|-damage|p2a: Miraidon|72\/100\n|-supereffective|p2a: Miraidon\n|-damage|p2a: Miraidon|42\/100\n|-supereffective|p2a: Miraidon\n|-damage|p2a: Miraidon|12\/100\n|-supereffective|p2a: Miraidon\n|-damage|p2a: Miraidon|0 fnt\n|faint|p2a: Miraidon\n|-hitcount|p2: Miraidon|4\n|\n|win|MeteorAsh15\n|raw|MeteorAsh15's rating: 1262 &rarr; <strong>1288<\/strong><br \/>(+26 for winning)\n|raw|grosalamander's rating: 1282 &rarr; <strong>1256<\/strong><br \/>(-26 for losing)\n|l|\u2606grosalamander\n|c|\u2606MeteorAsh15|Gg\n","uploadtime":1697826622,"views":8,"p1id":"meteorash15","p2id":"grosalamander","formatid":"gen9ubers","rating":1256,"private":0,"password":""}