{"id":"gen9ubers-1988165494","p1":"Bondayru","p2":"ShwyGuy","format":"[Gen 9] Ubers","log":"|j|\u2606Bondayru\n|j|\u2606ShwyGuy\n|t:|1699678206\n|gametype|singles\n|player|p1|Bondayru|bruno|\n|player|p2|ShwyGuy|riley|\n|teamsize|p1|6\n|teamsize|p2|6\n|gen|9\n|tier|[Gen 9] Ubers\n|rule|Sleep Clause Mod: Limit one foe put to sleep\n|rule|Species Clause: Limit one of each Pok\u00e9mon\n|rule|OHKO Clause: OHKO moves are banned\n|rule|Evasion Items Clause: Evasion items are banned\n|rule|Evasion Moves Clause: Evasion moves are banned\n|rule|Endless Battle Clause: Forcing endless battles is banned\n|rule|HP Percentage Mod: HP is shown in percentages\n|clearpoke\n|poke|p1|Dragapult, M|\n|poke|p1|Diancie|\n|poke|p1|Clodsire, M|\n|poke|p1|Glastrier|\n|poke|p1|Talonflame, M|\n|poke|p1|Slowking, F|\n|poke|p2|Torkoal, F|\n|poke|p2|Walking Wake|\n|poke|p2|Klefki, M|\n|poke|p2|Ceruledge, M|\n|poke|p2|Brute Bonnet|\n|poke|p2|Thundurus, M|\n|teampreview\n|c|\u2606Bondayru|gl gl\n|c|\u2606Bondayru|hf hf\n|c|\u2606ShwyGuy|hey\n|c|\u2606ShwyGuy|you too\n|j| Bogaes\n|\n|t:|1699678335\n|start\n|switch|p1a: Latte|Diancie|100\/100\n|switch|p2a: Klefki|Klefki, M|100\/100\n|turn|1\n|\n|t:|1699678349\n|move|p2a: Klefki|Spikes|p1a: Latte\n|-sidestart|p1: Bondayru|Spikes\n|move|p1a: Latte|Trick Room|p1a: Latte\n|-fieldstart|move: Trick Room|[of] p1a: Latte\n|\n|upkeep\n|turn|2\n|\n|t:|1699678444\n|switch|p1a: Macchi|Glastrier|100\/100\n|-damage|p1a: Macchi|88\/100|[from] Spikes\n|move|p2a: Klefki|Spikes|p1a: Macchi\n|-sidestart|p1: Bondayru|Spikes\n|\n|-heal|p1a: Macchi|94\/100|[from] item: Leftovers\n|upkeep\n|turn|3\n|\n|t:|1699678495\n|switch|p2a: Pickleball|Torkoal, F|100\/100\n|-weather|SunnyDay|[from] ability: Drought|[of] p2a: Pickleball\n|move|p1a: Macchi|High Horsepower|p2a: Pickleball\n|-supereffective|p2a: Pickleball\n|-damage|p2a: Pickleball|54\/100\n|\n|-weather|SunnyDay|[upkeep]\n|-heal|p1a: Macchi|100\/100|[from] item: Leftovers\n|upkeep\n|turn|4\n|\n|t:|1699678544\n|move|p2a: Pickleball|Lava Plume|p1a: Macchi\n|-supereffective|p1a: Macchi\n|-damage|p1a: Macchi|41\/100\n|move|p1a: Macchi|Swords Dance|p1a: Macchi\n|-boost|p1a: Macchi|atk|2\n|\n|-weather|SunnyDay|[upkeep]\n|-heal|p1a: Macchi|47\/100|[from] item: Leftovers\n|upkeep\n|turn|5\n|\n|t:|1699678552\n|switch|p1a: Americano|Slowking, F|100\/100\n|move|p2a: Pickleball|Lava Plume|p1a: Americano\n|-resisted|p1a: Americano\n|-damage|p1a: Americano|89\/100\n|\n|-weather|SunnyDay|[upkeep]\n|-fieldend|move: Trick Room\n|upkeep\n|turn|6\n|\n|t:|1699678560\n|switch|p2a: Brute Bonnet|Brute Bonnet|100\/100\n|-activate|p2a: Brute Bonnet|ability: Protosynthesis\n|-start|p2a: Brute Bonnet|protosynthesisatk\n|move|p1a: Americano|Trick Room|p1a: Americano\n|-fieldstart|move: Trick Room|[of] p1a: Americano\n|\n|-weather|SunnyDay|[upkeep]\n|upkeep\n|turn|7\n|\n|t:|1699678588\n|move|p1a: Americano|Chilly Reception|p1a: Americano\n|-weather|Snow\n|-end|p2a: Brute Bonnet|Protosynthesis\n|\n|t:|1699678604\n|switch|p1a: Macchi|Glastrier|47\/100|[from] Chilly Reception\n|-damage|p1a: Macchi|30\/100|[from] Spikes\n|move|p2a: Brute Bonnet|Bullet Seed|p1a: Macchi\n|-damage|p1a: Macchi|24\/100\n|-damage|p1a: Macchi|17\/100\n|-damage|p1a: Macchi|10\/100\n|-damage|p1a: Macchi|4\/100\n|-damage|p1a: Macchi|0 fnt\n|faint|p1a: Macchi\n|-hitcount|p1: Macchi|5\n|\n|-weather|Snow|[upkeep]\n|upkeep\n|\n|t:|1699678609\n|switch|p1a: Latte|Diancie|100\/100\n|-damage|p1a: Latte|84\/100|[from] Spikes\n|turn|8\n|\n|t:|1699678682\n|switch|p1a: Cortado|Talonflame, M|100\/100\n|move|p2a: Brute Bonnet|Bullet Seed|p1a: Cortado\n|-resisted|p1a: Cortado\n|-damage|p1a: Cortado|98\/100\n|-resisted|p1a: Cortado\n|-damage|p1a: Cortado|95\/100\n|-resisted|p1a: Cortado\n|-damage|p1a: Cortado|92\/100\n|-resisted|p1a: Cortado\n|-damage|p1a: Cortado|89\/100\n|-resisted|p1a: Cortado\n|-damage|p1a: Cortado|86\/100\n|-hitcount|p1a: Cortado|5\n|\n|-weather|Snow|[upkeep]\n|upkeep\n|turn|9\n|\n|t:|1699678698\n|move|p2a: Brute Bonnet|Spore|p1a: Cortado\n|-status|p1a: Cortado|slp|[from] move: Spore\n|cant|p1a: Cortado|slp\n|\n|-weather|Snow|[upkeep]\n|upkeep\n|turn|10\n|\n|t:|1699678766\n|-end|p2a: Brute Bonnet|Protosynthesis|[silent]\n|switch|p2a: Pickleball|Torkoal, F|54\/100\n|-weather|SunnyDay|[from] ability: Drought|[of] p2a: Pickleball\n|cant|p1a: Cortado|slp\n|\n|-weather|SunnyDay|[upkeep]\n|-fieldend|move: Trick Room\n|upkeep\n|turn|11\n|\n|t:|1699678774\n|cant|p1a: Cortado|slp\n|move|p2a: Pickleball|Stealth Rock|p1a: Cortado\n|-sidestart|p1: Bondayru|move: Stealth Rock\n|\n|-weather|SunnyDay|[upkeep]\n|upkeep\n|turn|12\n|\n|t:|1699678907\n|switch|p2a: Ceruledge|Ceruledge, M|100\/100\n|-curestatus|p1a: Cortado|slp|[msg]\n|move|p1a: Cortado|Defog|p2a: Ceruledge\n|-unboost|p2a: Ceruledge|evasion|1\n|-sideend|p1: Bondayru|Spikes|[from] move: Defog|[of] p1a: Cortado\n|-sideend|p1: Bondayru|Stealth Rock|[from] move: Defog|[of] p1a: Cortado\n|\n|-weather|SunnyDay|[upkeep]\n|upkeep\n|turn|13\n|\n|t:|1699678978\n|switch|p1a: Latte|Diancie|84\/100\n|move|p2a: Ceruledge|Poltergeist|p1a: Latte\n|-activate|p1a: Latte|move: Poltergeist|Leftovers\n|-damage|p1a: Latte|33\/100\n|\n|-weather|SunnyDay|[upkeep]\n|-heal|p1a: Latte|39\/100|[from] item: Leftovers\n|upkeep\n|turn|14\n|\n|t:|1699678997\n|move|p2a: Ceruledge|Poltergeist|p1a: Latte\n|-activate|p1a: Latte|move: Poltergeist|Leftovers\n|-damage|p1a: Latte|0 fnt\n|faint|p1a: Latte\n|\n|-weather|SunnyDay|[upkeep]\n|upkeep\n|\n|t:|1699679017\n|switch|p1a: Cappy|Dragapult, M|100\/100\n|turn|15\n|\n|t:|1699679093\n|move|p1a: Cappy|Thunder Wave|p2a: Ceruledge\n|-status|p2a: Ceruledge|par\n|move|p2a: Ceruledge|Poltergeist|p1a: Cappy\n|-activate|p1a: Cappy|move: Poltergeist|Leftovers\n|-supereffective|p1a: Cappy\n|-damage|p1a: Cappy|0 fnt\n|faint|p1a: Cappy\n|\n|-weather|SunnyDay|[upkeep]\n|upkeep\n|\n|t:|1699679100\n|switch|p1a: Mochi|Clodsire, M|100\/100\n|turn|16\n|\n|t:|1699679112\n|cant|p2a: Ceruledge|par\n|move|p1a: Mochi|Spikes|p2a: Ceruledge\n|-sidestart|p2: ShwyGuy|Spikes\n|\n|-weather|SunnyDay|[upkeep]\n|upkeep\n|turn|17\n|\n|t:|1699679117\n|move|p2a: Ceruledge|Bitter Blade|p1a: Mochi\n|-damage|p1a: Mochi|11\/100\n|move|p1a: Mochi|Earthquake|p2a: Ceruledge\n|-supereffective|p2a: Ceruledge\n|-damage|p2a: Ceruledge|24\/100 par\n|-ability|p2a: Ceruledge|Weak Armor|boost\n|-unboost|p2a: Ceruledge|def|1\n|-boost|p2a: Ceruledge|spe|2\n|\n|-weather|none\n|-heal|p1a: Mochi|17\/100|[from] item: Leftovers\n|upkeep\n|turn|18\n|\n|t:|1699679142\n|move|p2a: Ceruledge|Bitter Blade|p1a: Mochi\n|-damage|p1a: Mochi|0 fnt\n|-heal|p2a: Ceruledge|37\/100 par|[from] drain|[of] p1a: Mochi\n|faint|p1a: Mochi\n|\n|upkeep\n|\n|t:|1699679147\n|switch|p1a: Cortado|Talonflame, M|86\/100\n|turn|19\n|\n|t:|1699679170\n|move|p2a: Ceruledge|Shadow Sneak|p1a: Cortado\n|-damage|p1a: Cortado|68\/100\n|move|p1a: Cortado|Air Slash|p2a: Ceruledge\n|-damage|p2a: Ceruledge|12\/100 par\n|\n|upkeep\n|turn|20\n|\n|t:|1699679176\n|cant|p2a: Ceruledge|par\n|move|p1a: Cortado|Roost|p1a: Cortado\n|-heal|p1a: Cortado|100\/100\n|-singleturn|p1a: Cortado|move: Roost\n|\n|upkeep\n|turn|21\n|\n|t:|1699679182\n|move|p1a: Cortado|Air Slash|p2a: Ceruledge\n|-damage|p2a: Ceruledge|0 fnt\n|faint|p2a: Ceruledge\n|\n|upkeep\n|\n|t:|1699679188\n|switch|p2a: Thundurus|Thundurus, M|100\/100\n|turn|22\n|\n|t:|1699679194\n|move|p1a: Cortado|Air Slash|p2a: Thundurus|[miss]\n|-miss|p1a: Cortado|p2a: Thundurus\n|move|p2a: Thundurus|Thunderbolt|p1a: Cortado\n|-supereffective|p1a: Cortado\n|-damage|p1a: Cortado|0 fnt\n|faint|p1a: Cortado\n|\n|upkeep\n|\n|t:|1699679198\n|switch|p1a: Americano|Slowking, F|100\/100\n|turn|23\n|\n|t:|1699679202\n|move|p2a: Thundurus|Thunderbolt|p1a: Americano\n|-supereffective|p1a: Americano\n|-damage|p1a: Americano|47\/100\n|move|p1a: Americano|Scald|p2a: Thundurus\n|-damage|p2a: Thundurus|60\/100\n|-status|p2a: Thundurus|brn\n|\n|-damage|p2a: Thundurus|54\/100 brn|[from] brn\n|upkeep\n|turn|24\n|\n|t:|1699679210\n|move|p2a: Thundurus|Thunderbolt|p1a: Americano\n|-supereffective|p1a: Americano\n|-damage|p1a: Americano|0 fnt\n|faint|p1a: Americano\n|\n|win|ShwyGuy\n|c|\u2606Bondayru|gg\n","uploadtime":1699679226,"views":42,"p1id":"bondayru","p2id":"shwyguy","formatid":"gen9ubers","rating":0,"private":0,"password":""}