{"id":"gen9ubers-1975394294","p1":"faceplant83","p2":"IC Oshawott","format":"[Gen 9] Ubers","log":"|j|\u2606faceplant83\n|j|\u2606IC Oshawott\n|t:|1698186584\n|gametype|singles\n|player|p1|faceplant83|giovanni-masters|1152\n|player|p2|IC Oshawott|colress|1304\n|teamsize|p1|6\n|teamsize|p2|6\n|gen|9\n|tier|[Gen 9] Ubers\n|rated|\n|rule|Sleep Clause Mod: Limit one foe put to sleep\n|rule|Species Clause: Limit one of each Pok\u00e9mon\n|rule|OHKO Clause: OHKO moves are banned\n|rule|Evasion Items Clause: Evasion items are banned\n|rule|Evasion Moves Clause: Evasion moves are banned\n|rule|Endless Battle Clause: Forcing endless battles is banned\n|rule|HP Percentage Mod: HP is shown in percentages\n|clearpoke\n|poke|p1|Landorus, M|\n|poke|p1|Mewtwo|\n|poke|p1|Gliscor, F|\n|poke|p1|Garchomp, M|\n|poke|p1|Gengar, F|\n|poke|p1|Gyarados, F|\n|poke|p2|Groudon|\n|poke|p2|Ribombee, M|\n|poke|p2|Gholdengo|\n|poke|p2|Zacian-*|\n|poke|p2|Lilligant-Hisui, F|\n|poke|p2|Great Tusk|\n|teampreview\n|inactive|Battle timer is ON: inactive players will automatically lose when time's up. (requested by IC Oshawott)\n|\n|t:|1698186606\n|start\n|switch|p1a: Gengar|Gengar, F|100\/100\n|switch|p2a: Gholdengo|Gholdengo|100\/100\n|-item|p1a: Gengar|Air Balloon\n|turn|1\n|\n|t:|1698186634\n|switch|p1a: Rocket|Gyarados, F|100\/100\n|move|p2a: Gholdengo|Shadow Ball|p1a: Rocket\n|-damage|p1a: Rocket|56\/100\n|\n|upkeep\n|turn|2\n|\n|t:|1698186641\n|switch|p2a: Lilligant|Lilligant-Hisui, F|100\/100\n|move|p1a: Rocket|Earthquake|p2a: Lilligant\n|-resisted|p2a: Lilligant\n|-damage|p2a: Lilligant|74\/100\n|\n|upkeep\n|turn|3\n|\n|t:|1698186654\n|-terastallize|p1a: Rocket|Flying\n|move|p2a: Lilligant|Sleep Powder|p1a: Rocket\n|-status|p1a: Rocket|slp|[from] move: Sleep Powder\n|cant|p1a: Rocket|slp\n|\n|upkeep\n|turn|4\n|\n|t:|1698186664\n|switch|p2a: Gholdengo|Gholdengo|100\/100\n|-curestatus|p1a: Rocket|slp|[msg]\n|move|p1a: Rocket|Tera Blast|p2a: Gholdengo|[anim] Tera Blast Flying\n|-resisted|p2a: Gholdengo\n|-damage|p2a: Gholdengo|65\/100\n|\n|upkeep\n|turn|5\n|\n|t:|1698186670\n|move|p2a: Gholdengo|Make It Rain|p1a: Rocket\n|-damage|p1a: Rocket|0 fnt\n|-unboost|p2a: Gholdengo|spa|1\n|faint|p1a: Rocket\n|\n|upkeep\n|\n|t:|1698186674\n|switch|p1a: Landorus|Landorus, M|100\/100\n|turn|6\n|\n|t:|1698186678\n|switch|p2a: Ribombee|Ribombee, M|100\/100\n|move|p1a: Landorus|Nasty Plot|p1a: Landorus\n|-boost|p1a: Landorus|spa|2\n|\n|upkeep\n|turn|7\n|\n|t:|1698186683\n|move|p2a: Ribombee|Stun Spore|p1a: Landorus\n|-status|p1a: Landorus|par\n|move|p1a: Landorus|Sludge Bomb|p2a: Ribombee\n|-supereffective|p2a: Ribombee\n|-enditem|p2a: Ribombee|Focus Sash\n|-damage|p2a: Ribombee|1\/100\n|\n|upkeep\n|turn|8\n|\n|t:|1698186688\n|move|p2a: Ribombee|Sticky Web|p1a: Landorus\n|-sidestart|p1: faceplant83|move: Sticky Web\n|move|p1a: Landorus|Sludge Bomb|p2a: Ribombee\n|-supereffective|p2a: Ribombee\n|-damage|p2a: Ribombee|0 fnt\n|faint|p2a: Ribombee\n|\n|upkeep\n|\n|t:|1698186710\n|switch|p2a: Gholdengo|Gholdengo|65\/100\n|turn|9\n|\n|t:|1698186713\n|move|p2a: Gholdengo|Make It Rain|p1a: Landorus\n|-crit|p1a: Landorus\n|-damage|p1a: Landorus|0 fnt\n|-unboost|p2a: Gholdengo|spa|1\n|faint|p1a: Landorus\n|\n|upkeep\n|\n|t:|1698186724\n|switch|p1a: Clutch|Gliscor, F|100\/100\n|turn|10\n|\n|t:|1698186729\n|move|p2a: Gholdengo|Make It Rain|p1a: Clutch\n|-damage|p1a: Clutch|48\/100\n|-unboost|p2a: Gholdengo|spa|1\n|move|p1a: Clutch|Earthquake|p2a: Gholdengo\n|-supereffective|p2a: Gholdengo\n|-damage|p2a: Gholdengo|0 fnt\n|faint|p2a: Gholdengo\n|\n|-status|p1a: Clutch|tox|[from] item: Toxic Orb\n|upkeep\n|\n|t:|1698186737\n|switch|p2a: Lilligant|Lilligant-Hisui, F|74\/100\n|turn|11\n|\n|t:|1698186742\n|move|p1a: Clutch|Protect|p1a: Clutch\n|-singleturn|p1a: Clutch|Protect\n|move|p2a: Lilligant|Victory Dance|p2a: Lilligant\n|-boost|p2a: Lilligant|atk|1\n|-boost|p2a: Lilligant|def|1\n|-boost|p2a: Lilligant|spe|1\n|\n|-heal|p1a: Clutch|60\/100 tox|[from] ability: Poison Heal\n|upkeep\n|turn|12\n|\n|t:|1698186744\n|move|p2a: Lilligant|Leaf Blade|p1a: Clutch\n|-damage|p1a: Clutch|19\/100 tox\n|move|p1a: Clutch|Toxic|p2a: Lilligant\n|-status|p2a: Lilligant|tox\n|\n|-damage|p2a: Lilligant|68\/100 tox|[from] psn\n|-heal|p1a: Clutch|31\/100 tox|[from] ability: Poison Heal\n|upkeep\n|turn|13\n|\n|t:|1698186758\n|move|p1a: Clutch|Protect|p1a: Clutch\n|-singleturn|p1a: Clutch|Protect\n|move|p2a: Lilligant|Victory Dance|p2a: Lilligant\n|-boost|p2a: Lilligant|atk|1\n|-boost|p2a: Lilligant|def|1\n|-boost|p2a: Lilligant|spe|1\n|\n|-damage|p2a: Lilligant|56\/100 tox|[from] psn\n|-heal|p1a: Clutch|43\/100 tox|[from] ability: Poison Heal\n|upkeep\n|turn|14\n|\n|t:|1698186766\n|move|p1a: Clutch|Protect||[still]\n|-fail|p1a: Clutch\n|move|p2a: Lilligant|Leaf Blade|p1a: Clutch\n|-damage|p1a: Clutch|0 fnt\n|faint|p1a: Clutch\n|\n|-damage|p2a: Lilligant|38\/100 tox|[from] psn\n|upkeep\n|inactive|faceplant83 has 120 seconds left.\n|\n|t:|1698186796\n|switch|p1a: Gengar|Gengar, F|100\/100\n|-item|p1a: Gengar|Air Balloon\n|turn|15\n|\n|t:|1698186815\n|move|p2a: Lilligant|Leaf Blade|p1a: Gengar\n|-resisted|p1a: Gengar\n|-crit|p1a: Gengar\n|-damage|p1a: Gengar|0 fnt\n|-enditem|p1a: Gengar|Air Balloon\n|faint|p1a: Gengar\n|\n|-damage|p2a: Lilligant|14\/100 tox|[from] psn\n|upkeep\n|inactive|faceplant83 has 120 seconds left.\n|\n|t:|1698186832\n|switch|p1a: Garchomp|Garchomp, M|100\/100\n|-activate|p1a: Garchomp|move: Sticky Web\n|-unboost|p1a: Garchomp|spe|1\n|turn|16\n|\n|t:|1698186835\n|move|p2a: Lilligant|Close Combat|p1a: Garchomp\n|-damage|p1a: Garchomp|0 fnt\n|-unboost|p2a: Lilligant|def|1\n|-unboost|p2a: Lilligant|spd|1\n|-damage|p2a: Lilligant|1\/100 tox|[from] ability: Rough Skin|[of] p1a: Garchomp\n|-damage|p2a: Lilligant|0 fnt|[from] item: Rocky Helmet|[of] p1a: Garchomp\n|faint|p1a: Garchomp\n|faint|p2a: Lilligant\n|\n|upkeep\n|\n|t:|1698186845\n|switch|p1a: Mewtwo|Mewtwo|100\/100\n|switch|p2a: Groudon|Groudon|100\/100\n|-activate|p1a: Mewtwo|move: Sticky Web\n|-unboost|p1a: Mewtwo|spe|1\n|-ability|p1a: Mewtwo|Pressure\n|-weather|SunnyDay|[from] ability: Drought|[of] p2a: Groudon\n|turn|17\n|\n|t:|1698186851\n|-terastallize|p2a: Groudon|Fire\n|move|p1a: Mewtwo|Ice Beam|p2a: Groudon\n|-resisted|p2a: Groudon\n|-damage|p2a: Groudon|87\/100\n|move|p2a: Groudon|Heat Crash|p1a: Mewtwo\n|-damage|p1a: Mewtwo|14\/100\n|\n|-weather|SunnyDay|[upkeep]\n|-heal|p1a: Mewtwo|21\/100|[from] item: Leftovers\n|-heal|p2a: Groudon|94\/100|[from] item: Leftovers\n|upkeep\n|turn|18\n|\n|t:|1698186856\n|move|p1a: Mewtwo|Psystrike|p2a: Groudon\n|-damage|p2a: Groudon|67\/100\n|move|p2a: Groudon|Heat Crash|p1a: Mewtwo\n|-damage|p1a: Mewtwo|0 fnt\n|faint|p1a: Mewtwo\n|\n|win|IC Oshawott\n|raw|faceplant83's rating: 1152 &rarr; <strong>1137<\/strong><br \/>(-15 for losing)\n|raw|IC Oshawott's rating: 1304 &rarr; <strong>1316<\/strong><br \/>(+12 for winning)\n|c|\u2606faceplant83|gg\n|l|\u2606faceplant83\n|c|\u2606IC Oshawott|gg\n","uploadtime":1698187086,"views":9,"p1id":"faceplant83","p2id":"icoshawott","formatid":"gen9ubers","rating":1137,"private":0,"password":""}