{"id":"gen9ubers-1995715303","p1":"kinou_pkm","p2":"Gabi 15","format":"[Gen 9] Ubers","log":"|j|\u2606kinou_pkm\n|j|\u2606Gabi 15\n|t:|1700596446\n|gametype|singles\n|player|p1|kinou_pkm|turo|\n|player|p2|Gabi 15|n|\n|teamsize|p1|6\n|teamsize|p2|6\n|gen|9\n|tier|[Gen 9] Ubers\n|rule|Sleep Clause Mod: Limit one foe put to sleep\n|rule|Species Clause: Limit one of each Pok\u00e9mon\n|rule|OHKO Clause: OHKO moves are banned\n|rule|Evasion Items Clause: Evasion items are banned\n|rule|Evasion Moves Clause: Evasion moves are banned\n|rule|Endless Battle Clause: Forcing endless battles is banned\n|rule|HP Percentage Mod: HP is shown in percentages\n|clearpoke\n|poke|p1|Annihilape, M|\n|poke|p1|Garganacl, M|\n|poke|p1|Clodsire, M|\n|poke|p1|Gliscor, M|\n|poke|p1|Gholdengo|\n|poke|p1|Espathra, F|\n|poke|p2|Urshifu-*, M|\n|poke|p2|Espathra, M|\n|poke|p2|Ogerpon-Hearthflame, F|\n|poke|p2|Ursaluna-Bloodmoon, M|\n|poke|p2|Corviknight, F|\n|poke|p2|Flutter Mane|\n|teampreview\n|inactive|Battle timer is ON: inactive players will automatically lose when time's up. (requested by kinou_pkm)\n|\n|t:|1700596474\n|start\n|switch|p1a: Gliscor|Gliscor, M, shiny|100\/100\n|switch|p2a: Ogerpon|Ogerpon-Hearthflame, F|100\/100\n|-ability|p2a: Ogerpon|Mold Breaker\n|turn|1\n|\n|t:|1700596486\n|move|p1a: Gliscor|Protect|p1a: Gliscor\n|-singleturn|p1a: Gliscor|Protect\n|move|p2a: Ogerpon|Knock Off|p1a: Gliscor\n|-activate|p1a: Gliscor|move: Protect\n|\n|-status|p1a: Gliscor|tox|[from] item: Toxic Orb\n|upkeep\n|turn|2\n|\n|t:|1700596492\n|move|p2a: Ogerpon|U-turn|p1a: Gliscor\n|-resisted|p1a: Gliscor\n|-damage|p1a: Gliscor|93\/100 tox\n|\n|t:|1700596500\n|switch|p2a: Corviknight|Corviknight, F, shiny|100\/100|[from] U-turn\n|move|p1a: Gliscor|Spikes|p2a: Corviknight\n|-sidestart|p2: Gabi 15|Spikes\n|\n|-heal|p1a: Gliscor|100\/100 tox|[from] ability: Poison Heal\n|upkeep\n|turn|3\n|\n|t:|1700596510\n|move|p1a: Gliscor|Protect|p1a: Gliscor\n|-singleturn|p1a: Gliscor|Protect\n|move|p2a: Corviknight|Defog|p1a: Gliscor\n|-activate|p1a: Gliscor|move: Protect\n|\n|upkeep\n|turn|4\n|\n|t:|1700596518\n|move|p1a: Gliscor|Spikes|p2a: Corviknight\n|-sidestart|p2: Gabi 15|Spikes\n|move|p2a: Corviknight|U-turn|p1a: Gliscor\n|-resisted|p1a: Gliscor\n|-damage|p1a: Gliscor|96\/100 tox\n|\n|t:|1700596543\n|switch|p2a: Ursaluna|Ursaluna-Bloodmoon, M|100\/100|[from] U-turn\n|-damage|p2a: Ursaluna|84\/100|[from] Spikes\n|\n|-heal|p1a: Gliscor|100\/100 tox|[from] ability: Poison Heal\n|upkeep\n|turn|5\n|inactive|Gabi 15 has 270 seconds left.\n|inactive|kinou_pkm has 270 seconds left.\n|\n|t:|1700596582\n|switch|p1a: Clodsire|Clodsire, M, shiny|100\/100\n|move|p2a: Ursaluna|Earth Power|p1a: Clodsire\n|-supereffective|p1a: Clodsire\n|-damage|p1a: Clodsire|38\/100\n|\n|-heal|p1a: Clodsire|44\/100|[from] item: Leftovers\n|upkeep\n|turn|6\n|inactive|kinou_pkm has 270 seconds left.\n|inactive|Gabi 15 has 270 seconds left.\n|\n|t:|1700596593\n|switch|p1a: Gholdengo|Gholdengo|100\/100\n|-item|p1a: Gholdengo|Air Balloon\n|move|p2a: Ursaluna|Blood Moon|p1a: Gholdengo\n|-resisted|p1a: Gholdengo\n|-damage|p1a: Gholdengo|58\/100\n|-enditem|p1a: Gholdengo|Air Balloon\n|\n|upkeep\n|turn|7\n|inactive|kinou_pkm has 270 seconds left.\n|inactive|Gabi 15 has 270 seconds left.\n|\n|t:|1700596621\n|switch|p1a: Gliscor|Gliscor, M, shiny|100\/100 tox\n|switch|p2a: Corviknight|Corviknight, F, shiny|100\/100\n|\n|upkeep\n|turn|8\n|\n|t:|1700596643\n|switch|p1a: Gholdengo|Gholdengo|58\/100\n|move|p2a: Corviknight|Iron Head|p1a: Gholdengo\n|-resisted|p1a: Gholdengo\n|-damage|p1a: Gholdengo|47\/100\n|\n|upkeep\n|turn|9\n|\n|t:|1700596651\n|move|p1a: Gholdengo|Recover|p1a: Gholdengo\n|-heal|p1a: Gholdengo|97\/100\n|move|p2a: Corviknight|U-turn|p1a: Gholdengo\n|-resisted|p1a: Gholdengo\n|-damage|p1a: Gholdengo|94\/100\n|inactive|Gabi 15 has 240 seconds left.\n|\n|t:|1700596674\n|switch|p2a: Ogerpon|Ogerpon-Hearthflame, F|100\/100|[from] U-turn\n|-damage|p2a: Ogerpon|84\/100|[from] Spikes\n|-ability|p2a: Ogerpon|Mold Breaker\n|\n|upkeep\n|turn|10\n|inactive|kinou_pkm has 270 seconds left.\n|inactive|Gabi 15 has 240 seconds left.\n|\n|t:|1700596711\n|switch|p1a: Gliscor|Gliscor, M, shiny|100\/100 tox\n|-terastallize|p2a: Ogerpon|Fire\n|detailschange|p2a: Ogerpon|Ogerpon-Hearthflame-Tera, F, tera:Fire\n|-ability|p2a: Ogerpon|Embody Aspect (Hearthflame)|boost\n|-boost|p2a: Ogerpon|atk|1\n|move|p2a: Ogerpon|Ivy Cudgel|p1a: Gliscor|[anim] Ivy Cudgel Fire\n|-damage|p1a: Gliscor|24\/100 tox\n|\n|-heal|p1a: Gliscor|37\/100 tox|[from] ability: Poison Heal\n|upkeep\n|turn|11\n|inactive|kinou_pkm has 240 seconds left.\n|\n|t:|1700596727\n|-terastallize|p1a: Gliscor|Water\n|move|p2a: Ogerpon|U-turn|p1a: Gliscor\n|-damage|p1a: Gliscor|13\/100 tox\n|inactive|Gabi 15 has 210 seconds left.\n|\n|t:|1700596759\n|switch|p2a: Corviknight|Corviknight, F, shiny|100\/100|[from] U-turn\n|move|p1a: Gliscor|Toxic|p2a: Corviknight\n|-immune|p2a: Corviknight\n|\n|-heal|p1a: Gliscor|25\/100 tox|[from] ability: Poison Heal\n|upkeep\n|turn|12\n|\n|t:|1700596775\n|move|p1a: Gliscor|Spikes|p2a: Corviknight\n|-sidestart|p2: Gabi 15|Spikes\n|move|p2a: Corviknight|Iron Head|p1a: Gliscor\n|-resisted|p1a: Gliscor\n|-damage|p1a: Gliscor|18\/100 tox\n|\n|-heal|p1a: Gliscor|30\/100 tox|[from] ability: Poison Heal\n|upkeep\n|turn|13\n|\n|t:|1700596781\n|move|p1a: Gliscor|Protect|p1a: Gliscor\n|-singleturn|p1a: Gliscor|Protect\n|move|p2a: Corviknight|U-turn|p1a: Gliscor\n|-activate|p1a: Gliscor|move: Protect\n|\n|-heal|p1a: Gliscor|43\/100 tox|[from] ability: Poison Heal\n|upkeep\n|turn|14\n|\n|t:|1700596787\n|switch|p1a: Gholdengo|Gholdengo|94\/100\n|move|p2a: Corviknight|U-turn|p1a: Gholdengo\n|-resisted|p1a: Gholdengo\n|-damage|p1a: Gholdengo|91\/100\n|\n|t:|1700596793\n|switch|p2a: Ogerpon|Ogerpon-Hearthflame-Tera, F, tera:Fire|84\/100|[from] U-turn\n|-damage|p2a: Ogerpon|59\/100|[from] Spikes\n|-ability|p2a: Ogerpon|Embody Aspect (Hearthflame)|boost\n|-boost|p2a: Ogerpon|atk|1\n|\n|upkeep\n|turn|15\n|inactive|kinou_pkm has 270 seconds left.\n|\n|t:|1700596805\n|switch|p1a: Clodsire|Clodsire, M, shiny|44\/100\n|move|p2a: Ogerpon|Ivy Cudgel|p1a: Clodsire|[anim] Ivy Cudgel Fire\n|-crit|p1a: Clodsire\n|-damage|p1a: Clodsire|0 fnt\n|faint|p1a: Clodsire\n|\n|upkeep\n|inactive|kinou_pkm has 270 seconds left.\n|\n|t:|1700596832\n|switch|p1a: Garganacl|Garganacl, M, shiny|100\/100\n|turn|16\n|\n|t:|1700596837\n|move|p2a: Ogerpon|Horn Leech|p1a: Garganacl\n|-supereffective|p1a: Garganacl\n|-damage|p1a: Garganacl|35\/100\n|-heal|p2a: Ogerpon|100\/100|[from] drain|[of] p1a: Garganacl\n|move|p1a: Garganacl|Salt Cure|p2a: Ogerpon\n|-supereffective|p2a: Ogerpon\n|-damage|p2a: Ogerpon|63\/100\n|-start|p2a: Ogerpon|Salt Cure\n|\n|-heal|p1a: Garganacl|41\/100|[from] item: Leftovers\n|-damage|p2a: Ogerpon|50\/100|[from] Salt Cure\n|upkeep\n|turn|17\n|inactive|Gabi 15 has 210 seconds left.\n|\n|t:|1700596855\n|move|p2a: Ogerpon|U-turn|p1a: Garganacl\n|-damage|p1a: Garganacl|18\/100\n|inactive|Gabi 15 has 210 seconds left.\n|\n|t:|1700596873\n|switch|p2a: Corviknight|Corviknight, F, shiny|100\/100|[from] U-turn\n|move|p1a: Garganacl|Recover|p1a: Garganacl\n|-heal|p1a: Garganacl|68\/100\n|\n|-heal|p1a: Garganacl|74\/100|[from] item: Leftovers\n|upkeep\n|turn|18\n|inactive|kinou_pkm has 270 seconds left.\n|\n|t:|1700596889\n|move|p2a: Corviknight|U-turn|p1a: Garganacl\n|-damage|p1a: Garganacl|67\/100\n|\n|t:|1700596900\n|switch|p2a: Ursaluna|Ursaluna-Bloodmoon, M|84\/100|[from] U-turn\n|-damage|p2a: Ursaluna|59\/100|[from] Spikes\n|move|p1a: Garganacl|Iron Defense|p1a: Garganacl\n|-boost|p1a: Garganacl|def|2\n|\n|-heal|p1a: Garganacl|73\/100|[from] item: Leftovers\n|upkeep\n|turn|19\n|inactive|kinou_pkm has 270 seconds left.\n|\n|t:|1700596928\n|move|p2a: Ursaluna|Earth Power|p1a: Garganacl\n|-supereffective|p1a: Garganacl\n|-damage|p1a: Garganacl|0 fnt\n|faint|p1a: Garganacl\n|\n|upkeep\n|inactive|kinou_pkm has 240 seconds left.\n|\n|t:|1700596959\n|switch|p1a: Annihilape|Annihilape, M, shiny|100\/100\n|turn|20\n|inactive|kinou_pkm has 240 seconds left.\n|\n|t:|1700596986\n|move|p1a: Annihilape|Bulk Up|p1a: Annihilape\n|-boost|p1a: Annihilape|atk|1\n|-boost|p1a: Annihilape|def|1\n|move|p2a: Ursaluna|Blood Moon|p1a: Annihilape\n|-damage|p1a: Annihilape|49\/100\n|\n|-heal|p1a: Annihilape|55\/100|[from] item: Leftovers\n|upkeep\n|turn|21\n|inactive|kinou_pkm has 240 seconds left.\n|\n|t:|1700596996\n|move|p1a: Annihilape|Drain Punch|p2a: Ursaluna\n|-supereffective|p2a: Ursaluna\n|-damage|p2a: Ursaluna|1\/100\n|-heal|p1a: Annihilape|84\/100|[from] drain|[of] p2a: Ursaluna\n|move|p2a: Ursaluna|Moonblast|p1a: Annihilape\n|-supereffective|p1a: Annihilape\n|-damage|p1a: Annihilape|38\/100\n|\n|-heal|p1a: Annihilape|44\/100|[from] item: Leftovers\n|upkeep\n|turn|22\n|inactive|kinou_pkm has 240 seconds left.\n|\n|t:|1700597007\n|move|p2a: Ursaluna|Vacuum Wave|p1a: Annihilape\n|-damage|p1a: Annihilape|35\/100\n|move|p1a: Annihilape|Drain Punch|p2a: Ursaluna\n|-supereffective|p2a: Ursaluna\n|-crit|p2a: Ursaluna\n|-damage|p2a: Ursaluna|0 fnt\n|-heal|p1a: Annihilape|35\/100|[from] drain|[of] p2a: Ursaluna\n|faint|p2a: Ursaluna\n|\n|-heal|p1a: Annihilape|41\/100|[from] item: Leftovers\n|upkeep\n|\n|t:|1700597020\n|switch|p2a: Corviknight|Corviknight, F, shiny|100\/100\n|turn|23\n|\n|t:|1700597026\n|move|p1a: Annihilape|Taunt|p2a: Corviknight\n|-start|p2a: Corviknight|move: Taunt\n|cant|p2a: Corviknight|move: Taunt|Defog\n|\n|-heal|p1a: Annihilape|48\/100|[from] item: Leftovers\n|upkeep\n|turn|24\n|\n|t:|1700597037\n|move|p1a: Annihilape|Rage Fist|p2a: Corviknight\n|-damage|p2a: Corviknight|30\/100\n|-damage|p1a: Annihilape|31\/100|[from] item: Rocky Helmet|[of] p2a: Corviknight\n|move|p2a: Corviknight|U-turn|p1a: Annihilape\n|-resisted|p1a: Annihilape\n|-damage|p1a: Annihilape|29\/100\n|\n|t:|1700597049\n|switch|p2a: Flutter Mane|Flutter Mane|100\/100|[from] U-turn\n|-damage|p2a: Flutter Mane|76\/100|[from] Spikes\n|-enditem|p2a: Flutter Mane|Booster Energy\n|-activate|p2a: Flutter Mane|ability: Protosynthesis|[fromitem]\n|-start|p2a: Flutter Mane|protosynthesisspd\n|\n|-heal|p1a: Annihilape|35\/100|[from] item: Leftovers\n|upkeep\n|turn|25\n|\n|t:|1700597060\n|move|p2a: Flutter Mane|Shadow Ball|p1a: Annihilape\n|-supereffective|p1a: Annihilape\n|-damage|p1a: Annihilape|0 fnt\n|faint|p1a: Annihilape\n|\n|upkeep\n|\n|t:|1700597077\n|switch|p1a: Espatarr\u00e1|Espathra, F, shiny|100\/100\n|turn|26\n|inactive|Gabi 15 has 210 seconds left.\n|\n|t:|1700597092\n|switch|p1a: Gholdengo|Gholdengo|91\/100\n|move|p2a: Flutter Mane|Mystical Fire|p1a: Gholdengo\n|-supereffective|p1a: Gholdengo\n|-damage|p1a: Gholdengo|50\/100\n|-unboost|p1a: Gholdengo|spa|1\n|\n|upkeep\n|turn|27\n|inactive|Gabi 15 has 210 seconds left.\n|\n|t:|1700597107\n|move|p2a: Flutter Mane|Shadow Ball|p1a: Gholdengo\n|-supereffective|p1a: Gholdengo\n|-damage|p1a: Gholdengo|0 fnt\n|faint|p1a: Gholdengo\n|\n|upkeep\n|inactive|kinou_pkm has 240 seconds left.\n|\n|t:|1700597124\n|switch|p1a: Espatarr\u00e1|Espathra, F, shiny|100\/100\n|turn|28\n|\n|t:|1700597131\n|move|p2a: Flutter Mane|Shadow Ball|p1a: Espatarr\u00e1\n|-supereffective|p1a: Espatarr\u00e1\n|-damage|p1a: Espatarr\u00e1|9\/100\n|move|p1a: Espatarr\u00e1|Calm Mind|p1a: Espatarr\u00e1\n|-boost|p1a: Espatarr\u00e1|spa|1\n|-boost|p1a: Espatarr\u00e1|spd|1\n|\n|-heal|p1a: Espatarr\u00e1|15\/100|[from] item: Leftovers\n|-ability|p1a: Espatarr\u00e1|Speed Boost|boost\n|-boost|p1a: Espatarr\u00e1|spe|1\n|upkeep\n|turn|29\n|\n|t:|1700597146\n|move|p1a: Espatarr\u00e1|Protect|p1a: Espatarr\u00e1\n|-singleturn|p1a: Espatarr\u00e1|Protect\n|move|p2a: Flutter Mane|Shadow Ball|p1a: Espatarr\u00e1\n|-activate|p1a: Espatarr\u00e1|move: Protect\n|\n|-heal|p1a: Espatarr\u00e1|21\/100|[from] item: Leftovers\n|-ability|p1a: Espatarr\u00e1|Speed Boost|boost\n|-boost|p1a: Espatarr\u00e1|spe|1\n|upkeep\n|turn|30\n|\n|t:|1700597157\n|move|p1a: Espatarr\u00e1|Stored Power|p2a: Flutter Mane\n|-damage|p2a: Flutter Mane|49\/100\n|move|p2a: Flutter Mane|Shadow Ball|p1a: Espatarr\u00e1\n|-supereffective|p1a: Espatarr\u00e1\n|-damage|p1a: Espatarr\u00e1|0 fnt\n|faint|p1a: Espatarr\u00e1\n|\n|upkeep\n|\n|t:|1700597162\n|switch|p1a: Gliscor|Gliscor, M, shiny, tera:Water|43\/100 tox\n|turn|31\n|\n|t:|1700597167\n|move|p2a: Flutter Mane|Shadow Ball|p1a: Gliscor\n|-damage|p1a: Gliscor|1\/100 tox\n|move|p1a: Gliscor|High Horsepower|p2a: Flutter Mane\n|-damage|p2a: Flutter Mane|0 fnt\n|faint|p2a: Flutter Mane\n|-end|p2a: Flutter Mane|Protosynthesis|[silent]\n|\n|-heal|p1a: Gliscor|13\/100 tox|[from] ability: Poison Heal\n|upkeep\n|\n|t:|1700597180\n|switch|p2a: Urshifu|Urshifu-Rapid-Strike, M|100\/100\n|-damage|p2a: Urshifu|76\/100|[from] Spikes\n|turn|32\n|\n|t:|1700597186\n|move|p1a: Gliscor|Protect|p1a: Gliscor\n|-singleturn|p1a: Gliscor|Protect\n|move|p2a: Urshifu|Close Combat|p1a: Gliscor\n|-damage|p1a: Gliscor|0 fnt\n|-unboost|p2a: Urshifu|def|1\n|-unboost|p2a: Urshifu|spd|1\n|faint|p1a: Gliscor\n|\n|win|Gabi 15\n","uploadtime":1700597198,"views":0,"p1id":"kinoupkm","p2id":"gabi15","formatid":"gen9ubers","rating":0,"private":0,"password":""}