{"id":"gen9ubers-1968301226","p1":"NexusAS","p2":"DylanUni","format":"[Gen 9] Ubers","log":"|j|\u2606NexusAS\n|j|\u2606DylanUni\n|t:|1697403914\n|gametype|singles\n|player|p1|NexusAS|red|\n|player|p2|DylanUni|ghetsis-gen5bw|\n|teamsize|p1|6\n|teamsize|p2|6\n|gen|9\n|tier|[Gen 9] Ubers\n|rule|Sleep Clause Mod: Limit one foe put to sleep\n|rule|Species Clause: Limit one of each Pok\u00e9mon\n|rule|OHKO Clause: OHKO moves are banned\n|rule|Evasion Items Clause: Evasion items are banned\n|rule|Evasion Moves Clause: Evasion moves are banned\n|rule|Endless Battle Clause: Forcing endless battles is banned\n|rule|HP Percentage Mod: HP is shown in percentages\n|clearpoke\n|poke|p1|Meowscarada, M|\n|poke|p1|Lycanroc-Dusk, M|\n|poke|p1|Florges, F|\n|poke|p1|Drifblim, M|\n|poke|p1|Ursaluna-Bloodmoon, M|\n|poke|p1|Toxtricity, M|\n|poke|p2|Landorus-Therian, M|\n|poke|p2|Ribombee, F|\n|poke|p2|Zangoose, F|\n|poke|p2|Thundurus-Therian, M|\n|poke|p2|Coalossal, M|\n|poke|p2|Cresselia, F|\n|teampreview\n|inactive|Battle timer is ON: inactive players will automatically lose when time's up. (requested by NexusAS)\n|inactiveoff|Battle timer is now OFF.\n|c|\u2606NexusAS|glhf\n|\n|t:|1697403941\n|start\n|switch|p1a: Lycanroc|Lycanroc-Dusk, M|100\/100\n|switch|p2a: Ribombee|Ribombee, F|100\/100\n|turn|1\n|\n|t:|1697403947\n|move|p1a: Lycanroc|Accelerock|p2a: Ribombee\n|-supereffective|p2a: Ribombee\n|-enditem|p2a: Ribombee|Focus Sash\n|-damage|p2a: Ribombee|1\/100\n|move|p2a: Ribombee|Sticky Web|p1a: Lycanroc\n|-sidestart|p1: NexusAS|move: Sticky Web\n|\n|upkeep\n|turn|2\n|\n|t:|1697403959\n|move|p2a: Ribombee|U-turn|p1a: Lycanroc\n|-damage|p1a: Lycanroc|79\/100\n|\n|t:|1697403987\n|switch|p2a: Cresselia|Cresselia, F|100\/100|[from] U-turn\n|move|p1a: Lycanroc|Swords Dance|p1a: Lycanroc\n|-boost|p1a: Lycanroc|atk|2\n|\n|upkeep\n|turn|3\n|\n|t:|1697404001\n|move|p1a: Lycanroc|Crunch|p2a: Cresselia\n|-supereffective|p2a: Cresselia\n|-damage|p2a: Cresselia|5\/100\n|-unboost|p2a: Cresselia|def|1\n|move|p2a: Cresselia|Future Sight|p1a: Lycanroc\n|-start|p2a: Cresselia|move: Future Sight\n|\n|-heal|p2a: Cresselia|11\/100|[from] item: Leftovers\n|upkeep\n|turn|4\n|\n|t:|1697404014\n|move|p1a: Lycanroc|Crunch|p2a: Cresselia\n|-supereffective|p2a: Cresselia\n|-damage|p2a: Cresselia|0 fnt\n|faint|p2a: Cresselia\n|\n|upkeep\n|\n|t:|1697404025\n|switch|p2a: Coalossal|Coalossal, M|100\/100\n|turn|5\n|\n|t:|1697404049\n|move|p1a: Lycanroc|Stone Edge|p2a: Coalossal\n|-supereffective|p2a: Coalossal\n|-damage|p2a: Coalossal|0 fnt\n|faint|p2a: Coalossal\n|\n|-end|p1a: Lycanroc|move: Future Sight\n|-damage|p1a: Lycanroc|0 fnt\n|faint|p1a: Lycanroc\n|upkeep\n|\n|t:|1697404060\n|switch|p1a: Drifblim|Drifblim, M|100\/100\n|switch|p2a: Zangoose|Zangoose, F|100\/100\n|turn|6\n|\n|t:|1697404079\n|move|p2a: Zangoose|X-Scissor|p1a: Drifblim\n|-resisted|p1a: Drifblim\n|-damage|p1a: Drifblim|92\/100\n|move|p1a: Drifblim|Knock Off|p2a: Zangoose\n|-damage|p2a: Zangoose|65\/100\n|-enditem|p2a: Zangoose|Toxic Orb|[from] move: Knock Off|[of] p1a: Drifblim\n|\n|upkeep\n|turn|7\n|\n|t:|1697404085\n|move|p2a: Zangoose|X-Scissor|p1a: Drifblim\n|-resisted|p1a: Drifblim\n|-crit|p1a: Drifblim\n|-damage|p1a: Drifblim|80\/100\n|move|p1a: Drifblim|Defog|p2a: Zangoose\n|-unboost|p2a: Zangoose|evasion|1\n|-sideend|p1: NexusAS|Sticky Web|[from] move: Defog|[of] p1a: Drifblim\n|\n|upkeep\n|turn|8\n|\n|t:|1697404092\n|move|p2a: Zangoose|X-Scissor|p1a: Drifblim\n|-resisted|p1a: Drifblim\n|-damage|p1a: Drifblim|72\/100\n|move|p1a: Drifblim|Strength Sap|p2a: Zangoose\n|-unboost|p2a: Zangoose|atk|1\n|-heal|p1a: Drifblim|100\/100\n|\n|upkeep\n|turn|9\n|\n|t:|1697404099\n|move|p2a: Zangoose|X-Scissor|p1a: Drifblim\n|-resisted|p1a: Drifblim\n|-damage|p1a: Drifblim|95\/100\n|move|p1a: Drifblim|Thunder Wave|p2a: Zangoose\n|-status|p2a: Zangoose|par\n|\n|upkeep\n|turn|10\n|\n|t:|1697404105\n|move|p1a: Drifblim|Strength Sap|p2a: Zangoose\n|-unboost|p2a: Zangoose|atk|1\n|-heal|p1a: Drifblim|100\/100\n|move|p2a: Zangoose|X-Scissor|p1a: Drifblim\n|-resisted|p1a: Drifblim\n|-damage|p1a: Drifblim|97\/100\n|\n|upkeep\n|turn|11\n|\n|t:|1697404112\n|switch|p1a: Toxtricity|Toxtricity, M|100\/100\n|move|p2a: Zangoose|X-Scissor|p1a: Toxtricity\n|-resisted|p1a: Toxtricity\n|-damage|p1a: Toxtricity|92\/100\n|\n|upkeep\n|turn|12\n|\n|t:|1697404120\n|move|p1a: Toxtricity|Shift Gear|p1a: Toxtricity\n|-boost|p1a: Toxtricity|spe|2\n|-boost|p1a: Toxtricity|atk|1\n|move|p2a: Zangoose|X-Scissor|p1a: Toxtricity\n|-resisted|p1a: Toxtricity\n|-damage|p1a: Toxtricity|84\/100\n|\n|upkeep\n|turn|13\n|\n|t:|1697404127\n|move|p1a: Toxtricity|Boomburst|p2a: Zangoose\n|-damage|p2a: Zangoose|0 fnt\n|faint|p2a: Zangoose\n|-enditem|p1a: Toxtricity|Throat Spray\n|-boost|p1a: Toxtricity|spa|1|[from] item: Throat Spray\n|\n|upkeep\n|\n|t:|1697404132\n|switch|p2a: Thundurus|Thundurus-Therian, M|100\/100\n|turn|14\n|\n|t:|1697404157\n|move|p1a: Toxtricity|Boomburst|p2a: Thundurus\n|-damage|p2a: Thundurus|0 fnt\n|faint|p2a: Thundurus\n|\n|upkeep\n|\n|t:|1697404162\n|switch|p2a: Ribombee|Ribombee, F|1\/100\n|turn|15\n|\n|t:|1697404170\n|move|p1a: Toxtricity|Boomburst|p2a: Ribombee\n|-damage|p2a: Ribombee|0 fnt\n|faint|p2a: Ribombee\n|\n|upkeep\n|\n|t:|1697404174\n|switch|p2a: Landorus|Landorus-Therian, M|100\/100\n|-ability|p2a: Landorus|Intimidate|boost\n|-unboost|p1a: Toxtricity|atk|1\n|turn|16\n|\n|t:|1697404179\n|-terastallize|p1a: Toxtricity|Normal\n|move|p1a: Toxtricity|Boomburst|p2a: Landorus\n|-damage|p2a: Landorus|0 fnt\n|faint|p2a: Landorus\n|\n|win|NexusAS\n|c|\u2606NexusAS|gg\n","uploadtime":1697404188,"views":30,"p1id":"nexusas","p2id":"dylanuni","formatid":"gen9ubers","rating":0,"private":0,"password":""}