{"id":"gen9ubers-1971681926","p1":"Sea_Anenome33","p2":"Bikey5600","format":"[Gen 9] Ubers","log":"|j|\u2606Sea_Anenome33\n|j|\u2606Bikey5600\n|t:|1697760596\n|gametype|singles\n|player|p1|Sea_Anenome33|102|\n|player|p2|Bikey5600|backpacker|\n|teamsize|p1|6\n|teamsize|p2|6\n|gen|9\n|tier|[Gen 9] Ubers\n|rule|Sleep Clause Mod: Limit one foe put to sleep\n|rule|Species Clause: Limit one of each Pok\u00e9mon\n|rule|OHKO Clause: OHKO moves are banned\n|rule|Evasion Items Clause: Evasion items are banned\n|rule|Evasion Moves Clause: Evasion moves are banned\n|rule|Endless Battle Clause: Forcing endless battles is banned\n|rule|HP Percentage Mod: HP is shown in percentages\n|clearpoke\n|poke|p1|Kleavor, F|\n|poke|p1|Ribombee, M|\n|poke|p1|Venomoth, M|\n|poke|p1|Scyther, M|\n|poke|p1|Forretress, M|\n|poke|p1|Heracross, F|\n|poke|p2|Rayquaza|\n|poke|p2|Clodsire, M|\n|poke|p2|Gliscor, M|\n|poke|p2|Chandelure, F|\n|poke|p2|Great Tusk|\n|poke|p2|Diancie|\n|teampreview\n|\n|t:|1697760612\n|start\n|switch|p1a: Venomoth|Venomoth, M|100\/100\n|switch|p2a: manny savage|Great Tusk|100\/100\n|turn|1\n|\n|t:|1697760621\n|move|p2a: manny savage|Stealth Rock|p1a: Venomoth\n|-sidestart|p1: Sea_Anenome33|move: Stealth Rock\n|move|p1a: Venomoth|Sleep Powder|p2a: manny savage\n|-status|p2a: manny savage|slp|[from] move: Sleep Powder\n|\n|upkeep\n|turn|2\n|\n|t:|1697760630\n|-end|p2a: manny savage|Protosynthesis|[silent]\n|switch|p2a: cosmic brownie|Clodsire, M|100\/100\n|move|p1a: Venomoth|Quiver Dance|p1a: Venomoth\n|-boost|p1a: Venomoth|spa|1\n|-boost|p1a: Venomoth|spd|1\n|-boost|p1a: Venomoth|spe|1\n|\n|upkeep\n|turn|3\n|\n|t:|1697760646\n|move|p1a: Venomoth|Disable||[still]\n|-fail|p1a: Venomoth\n|move|p2a: cosmic brownie|Ancient Power|p1a: Venomoth\n|-supereffective|p1a: Venomoth\n|-damage|p1a: Venomoth|80\/100\n|\n|upkeep\n|turn|4\n|\n|t:|1697760653\n|move|p1a: Venomoth|Quiver Dance|p1a: Venomoth\n|-boost|p1a: Venomoth|spa|1\n|-boost|p1a: Venomoth|spd|1\n|-boost|p1a: Venomoth|spe|1\n|move|p2a: cosmic brownie|Haze|p2a: cosmic brownie\n|-clearallboost\n|\n|upkeep\n|turn|5\n|\n|t:|1697760681\n|switch|p1a: Heracross|Heracross, F|100\/100\n|-damage|p1a: Heracross|88\/100|[from] Stealth Rock\n|move|p2a: cosmic brownie|Ancient Power|p1a: Heracross\n|-damage|p1a: Heracross|80\/100\n|\n|-status|p1a: Heracross|brn|[from] item: Flame Orb\n|upkeep\n|turn|6\n|\n|t:|1697760726\n|switch|p2a: spooky|Chandelure, F|100\/100\n|move|p1a: Heracross|Iron Defense|p1a: Heracross\n|-boost|p1a: Heracross|def|2\n|\n|-damage|p1a: Heracross|73\/100 brn|[from] brn\n|upkeep\n|turn|7\n|\n|t:|1697760733\n|move|p2a: spooky|Overheat|p1a: Heracross\n|-supereffective|p1a: Heracross\n|-damage|p1a: Heracross|0 fnt\n|-unboost|p2a: spooky|spa|2\n|faint|p1a: Heracross\n|\n|upkeep\n|\n|t:|1697760749\n|switch|p1a: Venomoth|Venomoth, M|80\/100\n|-damage|p1a: Venomoth|55\/100|[from] Stealth Rock\n|turn|8\n|\n|t:|1697760754\n|move|p2a: spooky|Overheat|p1a: Venomoth\n|-supereffective|p1a: Venomoth\n|-damage|p1a: Venomoth|0 fnt\n|-unboost|p2a: spooky|spa|2\n|faint|p1a: Venomoth\n|\n|upkeep\n|\n|t:|1697760761\n|switch|p1a: Forretress|Forretress, M|100\/100\n|-damage|p1a: Forretress|88\/100|[from] Stealth Rock\n|turn|9\n|\n|t:|1697760780\n|-terastallize|p1a: Forretress|Water\n|move|p2a: spooky|Overheat|p1a: Forretress\n|-resisted|p1a: Forretress\n|-damage|p1a: Forretress|73\/100\n|-unboost|p2a: spooky|spa|2\n|move|p1a: Forretress|Substitute|p1a: Forretress\n|-start|p1a: Forretress|Substitute\n|-damage|p1a: Forretress|48\/100\n|\n|-heal|p1a: Forretress|54\/100|[from] item: Leftovers\n|upkeep\n|turn|10\n|\n|t:|1697760801\n|switch|p2a: queen bink|Diancie|100\/100\n|move|p1a: Forretress|Spikes|p2a: queen bink\n|-sidestart|p2: Bikey5600|Spikes\n|\n|-heal|p1a: Forretress|60\/100|[from] item: Leftovers\n|upkeep\n|turn|11\n|\n|t:|1697760823\n|move|p1a: Forretress|Rapid Spin|p2a: queen bink\n|-resisted|p2a: queen bink\n|-damage|p2a: queen bink|96\/100\n|-boost|p1a: Forretress|spe|1\n|-sideend|p1: Sea_Anenome33|Stealth Rock|[from] move: Rapid Spin|[of] p1a: Forretress\n|move|p2a: queen bink|Diamond Storm|p1a: Forretress\n|-end|p1a: Forretress|Substitute\n|-boost|p2a: queen bink|def|2\n|\n|-heal|p1a: Forretress|66\/100|[from] item: Leftovers\n|upkeep\n|turn|12\n|\n|t:|1697760837\n|move|p1a: Forretress|Substitute|p1a: Forretress\n|-start|p1a: Forretress|Substitute\n|-damage|p1a: Forretress|41\/100\n|move|p2a: queen bink|Diamond Storm|p1a: Forretress\n|-end|p1a: Forretress|Substitute\n|\n|-heal|p1a: Forretress|47\/100|[from] item: Leftovers\n|upkeep\n|turn|13\n|\n|t:|1697760845\n|move|p1a: Forretress|Rest|p1a: Forretress\n|-status|p1a: Forretress|slp|[from] move: Rest\n|-heal|p1a: Forretress|100\/100 slp|[silent]\n|move|p2a: queen bink|Diamond Storm|p1a: Forretress\n|-damage|p1a: Forretress|60\/100 slp\n|\n|-heal|p1a: Forretress|66\/100 slp|[from] item: Leftovers\n|upkeep\n|turn|14\n|\n|t:|1697760859\n|switch|p1a: Kleavor|Kleavor, F|100\/100\n|move|p2a: queen bink|Diamond Storm|p1a: Kleavor\n|-supereffective|p1a: Kleavor\n|-damage|p1a: Kleavor|3\/100\n|\n|upkeep\n|turn|15\n|\n|t:|1697760874\n|move|p1a: Kleavor|Stone Axe|p2a: queen bink\n|-damage|p2a: queen bink|76\/100\n|-sidestart|p2: Bikey5600|move: Stealth Rock\n|move|p2a: queen bink|Diamond Storm|p1a: Kleavor\n|-supereffective|p1a: Kleavor\n|-damage|p1a: Kleavor|0 fnt\n|-boost|p2a: queen bink|def|2\n|faint|p1a: Kleavor\n|\n|upkeep\n|\n|t:|1697760883\n|switch|p1a: Scyther|Scyther, M|100\/100\n|turn|16\n|\n|t:|1697760893\n|move|p1a: Scyther|Tailwind|p1a: Scyther\n|-sidestart|p1: Sea_Anenome33|move: Tailwind\n|move|p2a: queen bink|Diamond Storm|p1a: Scyther\n|-supereffective|p1a: Scyther\n|-damage|p1a: Scyther|0 fnt\n|-boost|p2a: queen bink|def|2\n|faint|p1a: Scyther\n|\n|upkeep\n|\n|t:|1697760900\n|switch|p1a: Ribombee|Ribombee, M|100\/100\n|turn|17\n|\n|t:|1697760908\n|move|p1a: Ribombee|Calm Mind|p1a: Ribombee\n|-boost|p1a: Ribombee|spa|1\n|-boost|p1a: Ribombee|spd|1\n|move|p2a: queen bink|Diamond Storm|p1a: Ribombee\n|-supereffective|p1a: Ribombee\n|-damage|p1a: Ribombee|0 fnt\n|faint|p1a: Ribombee\n|\n|upkeep\n|\n|t:|1697760918\n|switch|p1a: Forretress|Forretress, M, tera:Water|66\/100 slp\n|turn|18\n|\n|t:|1697760925\n|cant|p1a: Forretress|slp\n|move|p2a: queen bink|Diamond Storm|p1a: Forretress\n|-damage|p1a: Forretress|29\/100 slp\n|\n|-heal|p1a: Forretress|35\/100 slp|[from] item: Leftovers\n|upkeep\n|turn|19\n|\n|t:|1697760931\n|cant|p1a: Forretress|slp\n|move|p2a: queen bink|Play Rough|p1a: Forretress|[miss]\n|-miss|p2a: queen bink|p1a: Forretress\n|\n|-heal|p1a: Forretress|41\/100 slp|[from] item: Leftovers\n|-sideend|p1: Sea_Anenome33|move: Tailwind\n|upkeep\n|turn|20\n|\n|t:|1697760941\n|-curestatus|p1a: Forretress|slp|[msg]\n|move|p1a: Forretress|Rest|p1a: Forretress\n|-status|p1a: Forretress|slp|[from] move: Rest\n|-heal|p1a: Forretress|100\/100 slp|[silent]\n|move|p2a: queen bink|Body Press|p1a: Forretress\n|-damage|p1a: Forretress|15\/100 slp\n|\n|-heal|p1a: Forretress|21\/100 slp|[from] item: Leftovers\n|upkeep\n|turn|21\n|\n|t:|1697760953\n|cant|p1a: Forretress|slp\n|move|p2a: queen bink|Body Press|p1a: Forretress\n|-damage|p1a: Forretress|0 fnt\n|faint|p1a: Forretress\n|\n|win|Bikey5600\n","uploadtime":1697760961,"views":6,"p1id":"seaanenome33","p2id":"bikey5600","formatid":"gen9ubers","rating":0,"private":0,"password":""}