{"id":"gen9ubers-1999313979","p1":"AshMet15","p2":"EpicMegaMan","format":"[Gen 9] Ubers","log":"|j|\u2606AshMet15\n|j|\u2606EpicMegaMan\n|t:|1701058922\n|gametype|singles\n|player|p1|AshMet15|170|1000\n|player|p2|EpicMegaMan|2|1094\n|teamsize|p1|6\n|teamsize|p2|6\n|gen|9\n|tier|[Gen 9] Ubers\n|rated|\n|rule|Sleep Clause Mod: Limit one foe put to sleep\n|rule|Species Clause: Limit one of each Pok\u00e9mon\n|rule|OHKO Clause: OHKO moves are banned\n|rule|Evasion Items Clause: Evasion items are banned\n|rule|Evasion Moves Clause: Evasion moves are banned\n|rule|Endless Battle Clause: Forcing endless battles is banned\n|rule|HP Percentage Mod: HP is shown in percentages\n|clearpoke\n|poke|p1|Baxcalibur, F|\n|poke|p1|Miraidon|\n|poke|p1|Chi-Yu|\n|poke|p1|Chien-Pao|\n|poke|p1|Palkia-Origin|\n|poke|p1|Zacian-*|\n|poke|p2|Calyrex-Ice|\n|poke|p2|Palafin, M|\n|poke|p2|Hoopa-Unbound|\n|poke|p2|Slaking, M|\n|poke|p2|Groudon|\n|poke|p2|Rayquaza|\n|teampreview\n|inactive|Battle timer is ON: inactive players will automatically lose when time's up. (requested by AshMet15)\n|\n|t:|1701058931\n|start\n|switch|p1a: Zacian|Zacian-Crowned|100\/100\n|switch|p2a: Palafin|Palafin, M|100\/100\n|-ability|p1a: Zacian|Intrepid Sword|boost\n|-boost|p1a: Zacian|atk|1\n|turn|1\n|\n|t:|1701058945\n|detailschange|p2a: Palafin|Palafin-Hero, M\n|switch|p2a: Hoopa|Hoopa-Unbound|100\/100\n|move|p1a: Zacian|Play Rough|p2a: Hoopa\n|-supereffective|p2a: Hoopa\n|-damage|p2a: Hoopa|0 fnt\n|faint|p2a: Hoopa\n|\n|upkeep\n|\n|t:|1701058955\n|switch|p2a: Slaking|Slaking, M|100\/100\n|turn|2\n|\n|t:|1701058977\n|move|p1a: Zacian|Brick Break|p2a: Slaking\n|-supereffective|p2a: Slaking\n|-damage|p2a: Slaking|28\/100\n|move|p2a: Slaking|Earthquake|p1a: Zacian\n|-supereffective|p1a: Zacian\n|-damage|p1a: Zacian|2\/100\n|-damage|p2a: Slaking|18\/100|[from] item: Life Orb\n|\n|upkeep\n|turn|3\n|\n|t:|1701058986\n|move|p1a: Zacian|Brick Break|p2a: Slaking\n|-supereffective|p2a: Slaking\n|-damage|p2a: Slaking|0 fnt\n|faint|p2a: Slaking\n|\n|upkeep\n|\n|t:|1701058992\n|switch|p2a: Groudon|Groudon|100\/100\n|-weather|SunnyDay|[from] ability: Drought|[of] p2a: Groudon\n|turn|4\n|\n|t:|1701058996\n|move|p1a: Zacian|Play Rough|p2a: Groudon\n|-damage|p2a: Groudon|54\/100\n|move|p2a: Groudon|Precipice Blades|p1a: Zacian|[miss]\n|-miss|p2a: Groudon|p1a: Zacian\n|\n|-weather|SunnyDay|[upkeep]\n|-heal|p2a: Groudon|60\/100|[from] item: Leftovers\n|upkeep\n|turn|5\n|\n|t:|1701059006\n|move|p1a: Zacian|Behemoth Blade|p2a: Groudon\n|-damage|p2a: Groudon|5\/100\n|move|p2a: Groudon|Precipice Blades|p1a: Zacian\n|-supereffective|p1a: Zacian\n|-damage|p1a: Zacian|0 fnt\n|faint|p1a: Zacian\n|\n|-weather|SunnyDay|[upkeep]\n|-heal|p2a: Groudon|12\/100|[from] item: Leftovers\n|upkeep\n|\n|t:|1701059019\n|switch|p1a: Chien-Pao|Chien-Pao|100\/100\n|-ability|p1a: Chien-Pao|Sword of Ruin\n|turn|6\n|\n|t:|1701059025\n|move|p1a: Chien-Pao|Ice Spinner|p2a: Groudon\n|-supereffective|p2a: Groudon\n|-damage|p2a: Groudon|0 fnt\n|faint|p2a: Groudon\n|\n|-weather|SunnyDay|[upkeep]\n|upkeep\n|\n|t:|1701059030\n|switch|p2a: Palafin|Palafin-Hero, M|100\/100\n|-activate|p2a: Palafin|ability: Zero to Hero\n|turn|7\n|\n|t:|1701059039\n|move|p1a: Chien-Pao|Crunch|p2a: Palafin\n|-damage|p2a: Palafin|46\/100\n|move|p2a: Palafin|Wave Crash|p1a: Chien-Pao\n|-damage|p1a: Chien-Pao|24\/100\n|-damage|p2a: Palafin|23\/100|[from] Recoil\n|\n|-weather|SunnyDay|[upkeep]\n|upkeep\n|turn|8\n|\n|t:|1701059048\n|move|p1a: Chien-Pao|Crunch|p2a: Palafin\n|-damage|p2a: Palafin|0 fnt\n|faint|p2a: Palafin\n|\n|-weather|none\n|upkeep\n|\n|t:|1701059052\n|switch|p2a: Calyrex|Calyrex-Ice|100\/100\n|-ability|p2a: Calyrex|As One\n|-ability|p2a: Calyrex|Unnerve\n|turn|9\n|\n|t:|1701059062\n|move|p1a: Chien-Pao|Crunch|p2a: Calyrex\n|-supereffective|p2a: Calyrex\n|-damage|p2a: Calyrex|26\/100\n|move|p2a: Calyrex|Glacial Lance|p1a: Chien-Pao\n|-resisted|p1a: Chien-Pao\n|-damage|p1a: Chien-Pao|0 fnt\n|faint|p1a: Chien-Pao\n|-ability|p2a: Calyrex|Chilling Neigh|boost\n|-boost|p2a: Calyrex|atk|1\n|\n|-heal|p2a: Calyrex|32\/100|[from] item: Leftovers\n|upkeep\n|\n|t:|1701059075\n|switch|p1a: Baxcalibur|Baxcalibur, F|100\/100\n|turn|10\n|\n|t:|1701059083\n|move|p1a: Baxcalibur|Scale Shot|p2a: Calyrex\n|-damage|p2a: Calyrex|22\/100\n|-damage|p2a: Calyrex|12\/100\n|-damage|p2a: Calyrex|1\/100\n|-damage|p2a: Calyrex|0 fnt\n|faint|p2a: Calyrex\n|-hitcount|p2: Calyrex|4\n|-unboost|p1a: Baxcalibur|def|1\n|-boost|p1a: Baxcalibur|spe|1\n|\n|upkeep\n|\n|t:|1701059092\n|switch|p2a: Rayquaza|Rayquaza|100\/100\n|-ability|p2a: Rayquaza|Air Lock\n|turn|11\n|\n|t:|1701059102\n|-terastallize|p1a: Baxcalibur|Ground\n|move|p2a: Rayquaza|Extreme Speed|p1a: Baxcalibur\n|-damage|p1a: Baxcalibur|38\/100\n|-damage|p2a: Rayquaza|91\/100|[from] item: Life Orb\n|move|p1a: Baxcalibur|Icicle Spear|p2a: Rayquaza\n|-supereffective|p2a: Rayquaza\n|-damage|p2a: Rayquaza|28\/100\n|-supereffective|p2a: Rayquaza\n|-damage|p2a: Rayquaza|0 fnt\n|faint|p2a: Rayquaza\n|-hitcount|p2: Rayquaza|2\n|\n|win|AshMet15\n|raw|AshMet15's rating: 1000 &rarr; <strong>1051<\/strong><br \/>(+51 for winning)\n|raw|EpicMegaMan's rating: 1094 &rarr; <strong>1064<\/strong><br \/>(-30 for losing)\n|l|\u2606EpicMegaMan\n|n|\u2606AshMet15|ashmet15\n","uploadtime":1701059159,"views":2,"p1id":"ashmet15","p2id":"epicmegaman","formatid":"gen9ubers","rating":1051,"private":0,"password":""}