{"id":"gen9ubers-1970072393","p1":"krabbyfattypatty","p2":"sans943","format":"[Gen 9] Ubers","log":"|j|\u203dkrabbyfattypatty\n|j|\u2606sans943\n|t:|1697591313\n|gametype|singles\n|player|p1|krabbyfattypatty|101|1083\n|player|p2|sans943|lucas|1000\n|teamsize|p1|6\n|teamsize|p2|6\n|gen|9\n|tier|[Gen 9] Ubers\n|rated|\n|rule|Sleep Clause Mod: Limit one foe put to sleep\n|rule|Species Clause: Limit one of each Pok\u00e9mon\n|rule|OHKO Clause: OHKO moves are banned\n|rule|Evasion Items Clause: Evasion items are banned\n|rule|Evasion Moves Clause: Evasion moves are banned\n|rule|Endless Battle Clause: Forcing endless battles is banned\n|rule|HP Percentage Mod: HP is shown in percentages\n|clearpoke\n|poke|p1|Rayquaza|\n|poke|p1|Landorus, M|\n|poke|p1|Ogerpon-Hearthflame, F|\n|poke|p1|Giratina-Origin|\n|poke|p1|Kyogre|\n|poke|p1|Urshifu-*, M|\n|poke|p2|Empoleon, M|\n|poke|p2|Zapdos|\n|poke|p2|Rayquaza|\n|poke|p2|Ursaring, F|\n|poke|p2|Moltres|\n|poke|p2|Zamazenta-*|\n|teampreview\n|\n|t:|1697591327\n|start\n|switch|p1a: Landorus|Landorus, M|100\/100\n|switch|p2a: Empoleon|Empoleon, M, shiny|100\/100\n|turn|1\n|\n|t:|1697591337\n|move|p1a: Landorus|Sandsear Storm|p2a: Empoleon\n|-supereffective|p2a: Empoleon\n|-damage|p2a: Empoleon|0 fnt\n|faint|p2a: Empoleon\n|\n|upkeep\n|\n|t:|1697591351\n|switch|p2a: Zapdos|Zapdos, shiny|100\/100\n|-ability|p2a: Zapdos|Pressure\n|turn|2\n|\n|t:|1697591386\n|switch|p1a: Kyogre|Kyogre|100\/100\n|-weather|RainDance|[from] ability: Drizzle|[of] p1a: Kyogre\n|move|p2a: Zapdos|Discharge|p1a: Kyogre\n|-supereffective|p1a: Kyogre\n|-damage|p1a: Kyogre|52\/100\n|\n|-weather|RainDance|[upkeep]\n|upkeep\n|turn|3\n|\n|t:|1697591396\n|move|p1a: Kyogre|Ice Beam|p2a: Zapdos\n|-supereffective|p2a: Zapdos\n|-damage|p2a: Zapdos|33\/100\n|move|p2a: Zapdos|Discharge|p1a: Kyogre\n|-supereffective|p1a: Kyogre\n|-damage|p1a: Kyogre|4\/100\n|\n|-weather|RainDance|[upkeep]\n|upkeep\n|turn|4\n|\n|t:|1697591404\n|move|p1a: Kyogre|Ice Beam|p2a: Zapdos\n|-supereffective|p2a: Zapdos\n|-damage|p2a: Zapdos|0 fnt\n|faint|p2a: Zapdos\n|\n|-weather|RainDance|[upkeep]\n|upkeep\n|\n|t:|1697591411\n|switch|p2a: Zamazenta|Zamazenta-Crowned, shiny|100\/100\n|-ability|p2a: Zamazenta|Dauntless Shield|boost\n|-boost|p2a: Zamazenta|def|1\n|turn|5\n|\n|t:|1697591419\n|switch|p1a: Landorus|Landorus, M|100\/100\n|move|p2a: Zamazenta|Behemoth Bash|p1a: Landorus\n|-damage|p1a: Landorus|48\/100\n|\n|-weather|RainDance|[upkeep]\n|upkeep\n|turn|6\n|\n|t:|1697591427\n|move|p1a: Landorus|Sandsear Storm|p2a: Zamazenta\n|-supereffective|p2a: Zamazenta\n|-damage|p2a: Zamazenta|0 fnt\n|faint|p2a: Zamazenta\n|\n|-weather|none\n|upkeep\n|\n|t:|1697591432\n|switch|p2a: Moltres|Moltres, shiny|100\/100\n|turn|7\n|\n|t:|1697591440\n|move|p1a: Landorus|Sludge Bomb|p2a: Moltres\n|-damage|p2a: Moltres|44\/100\n|move|p2a: Moltres|Overheat|p1a: Landorus|[miss]\n|-miss|p2a: Moltres|p1a: Landorus\n|\n|upkeep\n|turn|8\n|\n|t:|1697591448\n|move|p1a: Landorus|Sludge Bomb|p2a: Moltres\n|-damage|p2a: Moltres|0 fnt\n|faint|p2a: Moltres\n|\n|upkeep\n|\n|t:|1697591452\n|switch|p2a: Ursaring|Ursaring, F, shiny|100\/100\n|turn|9\n|\n|t:|1697591460\n|move|p1a: Landorus|Focus Blast|p2a: Ursaring\n|-supereffective|p2a: Ursaring\n|-damage|p2a: Ursaring|0 fnt\n|faint|p2a: Ursaring\n|\n|upkeep\n|\n|t:|1697591464\n|switch|p2a: Rayquaza|Rayquaza, shiny|100\/100\n|-ability|p2a: Rayquaza|Air Lock\n|turn|10\n|\n|t:|1697591470\n|-terastallize|p1a: Landorus|Poison\n|move|p1a: Landorus|Sludge Bomb|p2a: Rayquaza\n|-damage|p2a: Rayquaza|35\/100\n|move|p2a: Rayquaza|Draco Meteor|p1a: Landorus\n|-damage|p1a: Landorus|0 fnt\n|-unboost|p2a: Rayquaza|spa|2\n|faint|p1a: Landorus\n|\n|upkeep\n|\n|t:|1697591477\n|switch|p1a: Kyogre|Kyogre|4\/100\n|-weather|RainDance|[from] ability: Drizzle|[of] p1a: Kyogre\n|turn|11\n|\n|t:|1697591483\n|-terastallize|p2a: Rayquaza|Dragon\n|move|p1a: Kyogre|Ice Beam|p2a: Rayquaza\n|-supereffective|p2a: Rayquaza\n|-damage|p2a: Rayquaza|0 fnt\n|faint|p2a: Rayquaza\n|\n|win|krabbyfattypatty\n|raw|krabbyfattypatty's rating: 1083 &rarr; <strong>1104<\/strong><br \/>(+21 for winning)\n|raw|sans943's rating: 1000 &rarr; <strong>1000<\/strong><br \/>(+0 for losing)\n","uploadtime":1697591490,"views":11,"p1id":"krabbyfattypatty","p2id":"sans943","formatid":"gen9ubers","rating":1000,"private":0,"password":""}