{"id":"gen9ubers-1999608881","p1":"IwillPrayForyou","p2":"Kai dragneel","format":"[Gen 9] Ubers","log":"|j|\u2606IwillPrayForyou\n|j|\u2606Kai dragneel\n|t:|1701100824\n|gametype|singles\n|player|p1|IwillPrayForyou|102|1090\n|player|p2|Kai dragneel|265|1204\n|teamsize|p1|6\n|teamsize|p2|6\n|gen|9\n|tier|[Gen 9] Ubers\n|rated|\n|rule|Sleep Clause Mod: Limit one foe put to sleep\n|rule|Species Clause: Limit one of each Pok\u00e9mon\n|rule|OHKO Clause: OHKO moves are banned\n|rule|Evasion Items Clause: Evasion items are banned\n|rule|Evasion Moves Clause: Evasion moves are banned\n|rule|Endless Battle Clause: Forcing endless battles is banned\n|rule|HP Percentage Mod: HP is shown in percentages\n|clearpoke\n|poke|p1|Landorus, M|\n|poke|p1|Garchomp, F|\n|poke|p1|Tyranitar, F|\n|poke|p1|Hippowdon, M|\n|poke|p1|Sandaconda, F|\n|poke|p1|Corviknight, F|\n|poke|p2|Quaquaval, M|\n|poke|p2|Arboliva, M|\n|poke|p2|Armarouge, M|\n|poke|p2|Garganacl, M|\n|poke|p2|Baxcalibur, M|\n|poke|p2|Gholdengo|\n|teampreview\n|\n|t:|1701100834\n|start\n|switch|p1a: Tyranitar|Tyranitar, F|100\/100\n|switch|p2a: Gholdengo|Gholdengo|100\/100\n|-weather|Sandstorm|[from] ability: Sand Stream|[of] p1a: Tyranitar\n|turn|1\n|\n|t:|1701100848\n|-terastallize|p2a: Gholdengo|Fighting\n|move|p2a: Gholdengo|Make It Rain|p1a: Tyranitar\n|-supereffective|p1a: Tyranitar\n|-damage|p1a: Tyranitar|56\/100\n|-unboost|p2a: Gholdengo|spa|1\n|move|p1a: Tyranitar|Knock Off|p2a: Gholdengo\n|-resisted|p2a: Gholdengo\n|-damage|p2a: Gholdengo|66\/100\n|-enditem|p2a: Gholdengo|Choice Scarf|[from] move: Knock Off|[of] p1a: Tyranitar\n|\n|-weather|Sandstorm|[upkeep]\n|-damage|p2a: Gholdengo|60\/100|[from] Sandstorm\n|upkeep\n|turn|2\n|\n|t:|1701100866\n|move|p2a: Gholdengo|Make It Rain|p1a: Tyranitar\n|-supereffective|p1a: Tyranitar\n|-damage|p1a: Tyranitar|21\/100\n|-unboost|p2a: Gholdengo|spa|1\n|move|p1a: Tyranitar|Stone Edge|p2a: Gholdengo\n|-resisted|p2a: Gholdengo\n|-damage|p2a: Gholdengo|25\/100\n|\n|-weather|Sandstorm|[upkeep]\n|-damage|p2a: Gholdengo|19\/100|[from] Sandstorm\n|upkeep\n|turn|3\n|\n|t:|1701100879\n|switch|p1a: Landorus|Landorus, M, shiny|100\/100\n|move|p2a: Gholdengo|Make It Rain|p1a: Landorus\n|-damage|p1a: Landorus|57\/100\n|-unboost|p2a: Gholdengo|spa|1\n|\n|-weather|Sandstorm|[upkeep]\n|-damage|p2a: Gholdengo|13\/100|[from] Sandstorm\n|upkeep\n|turn|4\n|\n|t:|1701100892\n|switch|p2a: Arboliva|Arboliva, M|100\/100\n|move|p1a: Landorus|Bulk Up|p1a: Landorus\n|-boost|p1a: Landorus|atk|1\n|-boost|p1a: Landorus|def|1\n|\n|-weather|Sandstorm|[upkeep]\n|-damage|p2a: Arboliva|94\/100|[from] Sandstorm\n|upkeep\n|turn|5\n|\n|t:|1701100901\n|move|p1a: Landorus|Bulk Up|p1a: Landorus\n|-boost|p1a: Landorus|atk|1\n|-boost|p1a: Landorus|def|1\n|move|p2a: Arboliva|Giga Drain|p1a: Landorus\n|-damage|p1a: Landorus|0 fnt\n|-heal|p2a: Arboliva|100\/100|[from] drain|[of] p1a: Landorus\n|faint|p1a: Landorus\n|\n|-weather|none\n|upkeep\n|\n|t:|1701100906\n|switch|p1a: Tyranitar|Tyranitar, F|21\/100\n|-weather|Sandstorm|[from] ability: Sand Stream|[of] p1a: Tyranitar\n|turn|6\n|\n|t:|1701100919\n|switch|p2a: Gholdengo|Gholdengo, tera:Fighting|13\/100\n|move|p1a: Tyranitar|Knock Off|p2a: Gholdengo\n|-resisted|p2a: Gholdengo\n|-damage|p2a: Gholdengo|0 fnt\n|faint|p2a: Gholdengo\n|\n|-weather|Sandstorm|[upkeep]\n|upkeep\n|\n|t:|1701100928\n|switch|p2a: Quaquaval|Quaquaval, M|100\/100\n|turn|7\n|\n|t:|1701100934\n|move|p2a: Quaquaval|Swords Dance|p2a: Quaquaval\n|-boost|p2a: Quaquaval|atk|2\n|move|p1a: Tyranitar|Stone Edge|p2a: Quaquaval\n|-resisted|p2a: Quaquaval\n|-damage|p2a: Quaquaval|61\/100\n|\n|-weather|Sandstorm|[upkeep]\n|-damage|p2a: Quaquaval|55\/100|[from] Sandstorm\n|upkeep\n|turn|8\n|\n|t:|1701100947\n|move|p2a: Quaquaval|Aqua Step|p1a: Tyranitar\n|-supereffective|p1a: Tyranitar\n|-damage|p1a: Tyranitar|0 fnt\n|-boost|p2a: Quaquaval|spe|1\n|faint|p1a: Tyranitar\n|-ability|p2a: Quaquaval|Moxie|boost\n|-boost|p2a: Quaquaval|atk|1\n|\n|-weather|Sandstorm|[upkeep]\n|-damage|p2a: Quaquaval|49\/100|[from] Sandstorm\n|upkeep\n|\n|t:|1701100952\n|switch|p1a: Hippowdon|Hippowdon, M|100\/100\n|turn|9\n|\n|t:|1701100962\n|-terastallize|p1a: Hippowdon|Water\n|move|p2a: Quaquaval|Aqua Step|p1a: Hippowdon\n|-resisted|p1a: Hippowdon\n|-damage|p1a: Hippowdon|71\/100\n|-boost|p2a: Quaquaval|spe|1\n|move|p1a: Hippowdon|Roar|p2a: Quaquaval\n|drag|p2a: Garganacl|Garganacl, M|100\/100\n|\n|-weather|Sandstorm|[upkeep]\n|-damage|p1a: Hippowdon|65\/100|[from] Sandstorm\n|-heal|p1a: Hippowdon|71\/100|[from] item: Leftovers\n|upkeep\n|turn|10\n|\n|t:|1701100976\n|move|p1a: Hippowdon|Earthquake|p2a: Garganacl\n|-supereffective|p2a: Garganacl\n|-damage|p2a: Garganacl|47\/100\n|move|p2a: Garganacl|Salt Cure|p1a: Hippowdon\n|-damage|p1a: Hippowdon|62\/100\n|-start|p1a: Hippowdon|Salt Cure\n|\n|-weather|none\n|-heal|p1a: Hippowdon|69\/100|[from] item: Leftovers\n|-heal|p2a: Garganacl|53\/100|[from] item: Leftovers\n|-damage|p1a: Hippowdon|44\/100|[from] Salt Cure\n|upkeep\n|turn|11\n|\n|t:|1701100988\n|switch|p1a: Garchomp|Garchomp, F, shiny|100\/100\n|switch|p2a: Arboliva|Arboliva, M|100\/100\n|\n|upkeep\n|turn|12\n|\n|t:|1701100997\n|move|p1a: Garchomp|Swords Dance|p1a: Garchomp\n|-boost|p1a: Garchomp|atk|2\n|move|p2a: Arboliva|Dazzling Gleam|p1a: Garchomp\n|-supereffective|p1a: Garchomp\n|-damage|p1a: Garchomp|34\/100\n|\n|upkeep\n|turn|13\n|\n|t:|1701101004\n|move|p1a: Garchomp|Scale Shot|p2a: Arboliva\n|-damage|p2a: Arboliva|75\/100\n|-fieldstart|move: Grassy Terrain|[from] ability: Seed Sower|[of] p2a: Arboliva\n|-damage|p2a: Arboliva|48\/100\n|-damage|p2a: Arboliva|21\/100\n|-damage|p2a: Arboliva|0 fnt\n|faint|p2a: Arboliva\n|-hitcount|p2: Arboliva|4\n|-unboost|p1a: Garchomp|def|1\n|-boost|p1a: Garchomp|spe|1\n|\n|-heal|p1a: Garchomp|40\/100|[from] Grassy Terrain\n|upkeep\n|\n|t:|1701101022\n|switch|p2a: Armarouge|Armarouge, M|100\/100\n|turn|14\n|\n|t:|1701101028\n|move|p1a: Garchomp|Earthquake|p2a: Armarouge\n|-supereffective|p2a: Armarouge\n|-damage|p2a: Armarouge|10\/100\n|move|p2a: Armarouge|Psyshock|p1a: Garchomp\n|-damage|p1a: Garchomp|0 fnt\n|faint|p1a: Garchomp\n|\n|-heal|p2a: Armarouge|16\/100|[from] Grassy Terrain\n|upkeep\n|\n|t:|1701101063\n|switch|p1a: Hippowdon|Hippowdon, M, tera:Water|44\/100\n|-weather|Sandstorm|[from] ability: Sand Stream|[of] p1a: Hippowdon\n|turn|15\n|\n|t:|1701101073\n|move|p2a: Armarouge|Energy Ball|p1a: Hippowdon\n|-supereffective|p1a: Hippowdon\n|-damage|p1a: Hippowdon|0 fnt\n|faint|p1a: Hippowdon\n|\n|-weather|Sandstorm|[upkeep]\n|-damage|p2a: Armarouge|10\/100|[from] Sandstorm\n|-heal|p2a: Armarouge|16\/100|[from] Grassy Terrain\n|upkeep\n|\n|t:|1701101077\n|switch|p1a: Sandaconda|Sandaconda, F|100\/100\n|turn|16\n|\n|t:|1701101086\n|switch|p2a: Garganacl|Garganacl, M|53\/100\n|move|p1a: Sandaconda|Rest|p1a: Sandaconda\n|-fail|p1a: Sandaconda|heal\n|\n|-weather|Sandstorm|[upkeep]\n|-heal|p2a: Garganacl|59\/100|[from] Grassy Terrain\n|-heal|p2a: Garganacl|66\/100|[from] item: Leftovers\n|upkeep\n|turn|17\n|\n|t:|1701101096\n|move|p1a: Sandaconda|Wrap|p2a: Garganacl\n|-resisted|p2a: Garganacl\n|-damage|p2a: Garganacl|64\/100\n|-activate|p2a: Garganacl|move: Wrap|[of] p1a: Sandaconda\n|move|p2a: Garganacl|Iron Defense|p2a: Garganacl\n|-boost|p2a: Garganacl|def|2\n|\n|-weather|Sandstorm|[upkeep]\n|-heal|p2a: Garganacl|70\/100|[from] Grassy Terrain\n|-heal|p2a: Garganacl|76\/100|[from] item: Leftovers\n|-damage|p2a: Garganacl|64\/100|[from] move: Wrap|[partiallytrapped]\n|-fieldend|move: Grassy Terrain\n|upkeep\n|turn|18\n|\n|t:|1701101109\n|move|p1a: Sandaconda|Earthquake|p2a: Garganacl\n|-supereffective|p2a: Garganacl\n|-damage|p2a: Garganacl|35\/100\n|move|p2a: Garganacl|Iron Defense|p2a: Garganacl\n|-boost|p2a: Garganacl|def|2\n|\n|-weather|Sandstorm|[upkeep]\n|-heal|p2a: Garganacl|41\/100|[from] item: Leftovers\n|-damage|p2a: Garganacl|29\/100|[from] move: Wrap|[partiallytrapped]\n|upkeep\n|turn|19\n|\n|t:|1701101120\n|move|p1a: Sandaconda|Earthquake|p2a: Garganacl\n|-supereffective|p2a: Garganacl\n|-damage|p2a: Garganacl|9\/100\n|move|p2a: Garganacl|Recover|p2a: Garganacl\n|-heal|p2a: Garganacl|60\/100\n|\n|-weather|none\n|-heal|p2a: Garganacl|66\/100|[from] item: Leftovers\n|-damage|p2a: Garganacl|53\/100|[from] move: Wrap|[partiallytrapped]\n|upkeep\n|turn|20\n|\n|t:|1701101130\n|move|p1a: Sandaconda|Earthquake|p2a: Garganacl\n|-supereffective|p2a: Garganacl\n|-damage|p2a: Garganacl|34\/100\n|move|p2a: Garganacl|Recover|p2a: Garganacl\n|-heal|p2a: Garganacl|84\/100\n|\n|-heal|p2a: Garganacl|90\/100|[from] item: Leftovers\n|-damage|p2a: Garganacl|78\/100|[from] move: Wrap|[partiallytrapped]\n|upkeep\n|turn|21\n|\n|t:|1701101143\n|move|p1a: Sandaconda|Earthquake|p2a: Garganacl\n|-supereffective|p2a: Garganacl\n|-damage|p2a: Garganacl|58\/100\n|move|p2a: Garganacl|Iron Defense|p2a: Garganacl\n|-boost|p2a: Garganacl|def|2\n|\n|-heal|p2a: Garganacl|64\/100|[from] item: Leftovers\n|-end|p2a: Garganacl|Wrap|[partiallytrapped]\n|upkeep\n|turn|22\n|\n|t:|1701101153\n|move|p1a: Sandaconda|Wrap|p2a: Garganacl\n|-resisted|p2a: Garganacl\n|-damage|p2a: Garganacl|64\/100\n|-activate|p2a: Garganacl|move: Wrap|[of] p1a: Sandaconda\n|move|p2a: Garganacl|Recover|p2a: Garganacl\n|-heal|p2a: Garganacl|100\/100\n|\n|-damage|p2a: Garganacl|88\/100|[from] move: Wrap|[partiallytrapped]\n|upkeep\n|turn|23\n|-message|IwillPrayForyou forfeited.\n|\n|win|Kai dragneel\n|raw|IwillPrayForyou's rating: 1090 &rarr; <strong>1074<\/strong><br \/>(-16 for losing)\n|raw|Kai dragneel's rating: 1204 &rarr; <strong>1221<\/strong><br \/>(+17 for winning)\n|l|\u2606IwillPrayForyou\n","uploadtime":1701101168,"views":1,"p1id":"iwillprayforyou","p2id":"kaidragneel","formatid":"gen9ubers","rating":1074,"private":0,"password":""}