{"id":"gen9ubers-2000251752","p1":"Dogattacks","p2":"Destroyer6113","format":"[Gen 9] Ubers","log":"|j|\u2606Dogattacks\n|j|\u2606Destroyer6113\n|t:|1701177717\n|gametype|singles\n|player|p1|Dogattacks|koga|1150\n|player|p2|Destroyer6113|ghetsis|1165\n|teamsize|p1|6\n|teamsize|p2|6\n|gen|9\n|tier|[Gen 9] Ubers\n|rated|\n|rule|Sleep Clause Mod: Limit one foe put to sleep\n|rule|Species Clause: Limit one of each Pok\u00e9mon\n|rule|OHKO Clause: OHKO moves are banned\n|rule|Evasion Items Clause: Evasion items are banned\n|rule|Evasion Moves Clause: Evasion moves are banned\n|rule|Endless Battle Clause: Forcing endless battles is banned\n|rule|HP Percentage Mod: HP is shown in percentages\n|clearpoke\n|poke|p1|Koraidon|\n|poke|p1|Great Tusk|\n|poke|p1|Baxcalibur, F|\n|poke|p1|Arceus-Ghost|\n|poke|p1|Zacian-*|\n|poke|p1|Ribombee, M|\n|poke|p2|Grimmsnarl, M|\n|poke|p2|Arceus-Ground|\n|poke|p2|Miraidon|\n|poke|p2|Sneasler, F|\n|poke|p2|Calyrex-Ice|\n|poke|p2|Zacian-*|\n|teampreview\n|inactive|Battle timer is ON: inactive players will automatically lose when time's up. (requested by Destroyer6113)\n|\n|t:|1701177726\n|start\n|switch|p1a: Ribombee|Ribombee, M|100\/100\n|switch|p2a: Grimmsnarl|Grimmsnarl, M|100\/100\n|turn|1\n|\n|t:|1701177729\n|move|p2a: Grimmsnarl|Taunt|p1a: Ribombee\n|-start|p1a: Ribombee|move: Taunt\n|move|p1a: Ribombee|Moonblast|p2a: Grimmsnarl\n|-supereffective|p2a: Grimmsnarl\n|-damage|p2a: Grimmsnarl|31\/100\n|\n|upkeep\n|turn|2\n|\n|t:|1701177736\n|move|p2a: Grimmsnarl|Light Screen|p2a: Grimmsnarl\n|-sidestart|p2: Destroyer6113|move: Light Screen\n|move|p1a: Ribombee|Moonblast|p2a: Grimmsnarl\n|-supereffective|p2a: Grimmsnarl\n|-damage|p2a: Grimmsnarl|0 fnt\n|faint|p2a: Grimmsnarl\n|\n|upkeep\n|\n|t:|1701177738\n|switch|p2a: Miraidon|Miraidon|100\/100\n|-fieldstart|move: Electric Terrain|[from] ability: Hadron Engine|[of] p2a: Miraidon\n|-enditem|p2a: Miraidon|Electric Seed\n|-boost|p2a: Miraidon|def|1|[from] item: Electric Seed\n|turn|3\n|\n|t:|1701177748\n|switch|p1a: Great Tusk|Great Tusk|100\/100\n|move|p2a: Miraidon|Parabolic Charge|p1a: Great Tusk\n|-immune|p1a: Great Tusk\n|\n|upkeep\n|turn|4\n|\n|t:|1701177756\n|move|p1a: Great Tusk|Headlong Rush|p2a: Miraidon\n|-supereffective|p2a: Miraidon\n|-damage|p2a: Miraidon|31\/100\n|-unboost|p1a: Great Tusk|def|1\n|-unboost|p1a: Great Tusk|spd|1\n|move|p2a: Miraidon|Calm Mind|p2a: Miraidon\n|-boost|p2a: Miraidon|spa|1\n|-boost|p2a: Miraidon|spd|1\n|\n|upkeep\n|turn|5\n|\n|t:|1701177763\n|move|p1a: Great Tusk|Headlong Rush|p2a: Miraidon\n|-supereffective|p2a: Miraidon\n|-damage|p2a: Miraidon|0 fnt\n|-unboost|p1a: Great Tusk|def|1\n|-unboost|p1a: Great Tusk|spd|1\n|faint|p2a: Miraidon\n|\n|upkeep\n|\n|t:|1701177765\n|switch|p2a: Calyrex|Calyrex-Ice|100\/100\n|-ability|p2a: Calyrex|As One\n|-ability|p2a: Calyrex|Unnerve\n|turn|6\n|\n|t:|1701177783\n|-end|p1a: Great Tusk|Protosynthesis|[silent]\n|switch|p1a: Baxcalibur|Baxcalibur, F|100\/100\n|move|p2a: Calyrex|Trick Room|p2a: Calyrex\n|-fieldstart|move: Trick Room|[of] p2a: Calyrex\n|\n|upkeep\n|turn|7\n|\n|t:|1701177795\n|switch|p1a: Arceus|Arceus-Ghost|100\/100\n|move|p2a: Calyrex|Swords Dance|p2a: Calyrex\n|-boost|p2a: Calyrex|atk|2\n|\n|-fieldend|move: Electric Terrain\n|upkeep\n|turn|8\n|\n|t:|1701177807\n|move|p2a: Calyrex|Glacial Lance|p1a: Arceus\n|-damage|p1a: Arceus|19\/100\n|move|p1a: Arceus|Will-O-Wisp|p2a: Calyrex\n|-status|p2a: Calyrex|brn\n|\n|-damage|p2a: Calyrex|94\/100 brn|[from] brn\n|upkeep\n|turn|9\n|\n|t:|1701177819\n|switch|p1a: Baxcalibur|Baxcalibur, F|100\/100\n|move|p2a: Calyrex|Glacial Lance|p1a: Baxcalibur\n|-damage|p1a: Baxcalibur|15\/100\n|\n|-damage|p2a: Calyrex|88\/100 brn|[from] brn\n|-sideend|p2: Destroyer6113|move: Light Screen\n|upkeep\n|turn|10\n|\n|t:|1701177827\n|move|p2a: Calyrex|Glacial Lance|p1a: Baxcalibur\n|-damage|p1a: Baxcalibur|0 fnt\n|faint|p1a: Baxcalibur\n|-ability|p2a: Calyrex|Chilling Neigh|boost\n|-boost|p2a: Calyrex|atk|1\n|\n|-damage|p2a: Calyrex|82\/100 brn|[from] brn\n|-fieldend|move: Trick Room\n|upkeep\n|\n|t:|1701177829\n|switch|p1a: Koraidon|Koraidon|100\/100\n|-weather|SunnyDay|[from] ability: Orichalcum Pulse|[of] p1a: Koraidon\n|-activate|p1a: Koraidon|Orichalcum Pulse|[source]\n|turn|11\n|\n|t:|1701177835\n|-terastallize|p2a: Calyrex|Fire\n|move|p1a: Koraidon|Flare Blitz|p2a: Calyrex\n|-resisted|p2a: Calyrex\n|-damage|p2a: Calyrex|55\/100 brn\n|-damage|p1a: Koraidon|90\/100|[from] Recoil\n|move|p2a: Calyrex|Trick Room|p2a: Calyrex\n|-fieldstart|move: Trick Room|[of] p2a: Calyrex\n|\n|-weather|SunnyDay|[upkeep]\n|-damage|p2a: Calyrex|49\/100 brn|[from] brn\n|upkeep\n|turn|12\n|\n|t:|1701177845\n|move|p2a: Calyrex|Glacial Lance|p1a: Koraidon\n|-supereffective|p1a: Koraidon\n|-damage|p1a: Koraidon|0 fnt\n|faint|p1a: Koraidon\n|-ability|p2a: Calyrex|Chilling Neigh|boost\n|-boost|p2a: Calyrex|atk|1\n|\n|-weather|SunnyDay|[upkeep]\n|-damage|p2a: Calyrex|43\/100 brn|[from] brn\n|upkeep\n|\n|t:|1701177851\n|switch|p1a: Ribombee|Ribombee, M|100\/100\n|turn|13\n|\n|t:|1701177856\n|move|p2a: Calyrex|Glacial Lance|p1a: Ribombee\n|-enditem|p1a: Ribombee|Focus Sash\n|-damage|p1a: Ribombee|1\/100\n|move|p1a: Ribombee|Stun Spore||[still]\n|-fail|p1a: Ribombee\n|\n|-weather|SunnyDay|[upkeep]\n|-damage|p2a: Calyrex|37\/100 brn|[from] brn\n|upkeep\n|turn|14\n|\n|t:|1701177864\n|move|p2a: Calyrex|Glacial Lance|p1a: Ribombee\n|-damage|p1a: Ribombee|0 fnt\n|faint|p1a: Ribombee\n|-ability|p2a: Calyrex|Chilling Neigh|boost\n|-boost|p2a: Calyrex|atk|1\n|\n|-weather|SunnyDay|[upkeep]\n|-damage|p2a: Calyrex|30\/100 brn|[from] brn\n|upkeep\n|\n|t:|1701177867\n|switch|p1a: Arceus|Arceus-Ghost|19\/100\n|turn|15\n|\n|t:|1701177870\n|move|p2a: Calyrex|Glacial Lance|p1a: Arceus\n|-damage|p1a: Arceus|0 fnt\n|faint|p1a: Arceus\n|-ability|p2a: Calyrex|Chilling Neigh|boost\n|-boost|p2a: Calyrex|atk|1\n|\n|-weather|none\n|-damage|p2a: Calyrex|24\/100 brn|[from] brn\n|-fieldend|move: Trick Room\n|upkeep\n|\n|t:|1701177876\n|switch|p1a: Great Tusk|Great Tusk|100\/100\n|turn|16\n|\n|t:|1701177884\n|move|p1a: Great Tusk|Headlong Rush|p2a: Calyrex\n|-supereffective|p2a: Calyrex\n|-damage|p2a: Calyrex|0 fnt\n|-unboost|p1a: Great Tusk|def|1\n|-unboost|p1a: Great Tusk|spd|1\n|faint|p2a: Calyrex\n|\n|upkeep\n|\n|t:|1701177894\n|switch|p2a: Arceus|Arceus-Ground|100\/100\n|turn|17\n|\n|t:|1701177899\n|-terastallize|p1a: Great Tusk|Ground\n|move|p1a: Great Tusk|Headlong Rush|p2a: Arceus\n|-damage|p2a: Arceus|43\/100\n|-unboost|p1a: Great Tusk|def|1\n|-unboost|p1a: Great Tusk|spd|1\n|move|p2a: Arceus|Earthquake|p1a: Great Tusk\n|-damage|p1a: Great Tusk|3\/100\n|\n|upkeep\n|turn|18\n|\n|t:|1701177909\n|-end|p1a: Great Tusk|Protosynthesis|[silent]\n|switch|p1a: Zacian|Zacian-Crowned|100\/100\n|-ability|p1a: Zacian|Intrepid Sword|boost\n|-boost|p1a: Zacian|atk|1\n|move|p2a: Arceus|Earthquake|p1a: Zacian\n|-supereffective|p1a: Zacian\n|-damage|p1a: Zacian|0 fnt\n|faint|p1a: Zacian\n|\n|upkeep\n|\n|t:|1701177915\n|switch|p1a: Great Tusk|Great Tusk, tera:Ground|3\/100\n|turn|19\n|\n|t:|1701177919\n|move|p1a: Great Tusk|Headlong Rush|p2a: Arceus\n|-damage|p2a: Arceus|0 fnt\n|-unboost|p1a: Great Tusk|def|1\n|-unboost|p1a: Great Tusk|spd|1\n|faint|p2a: Arceus\n|\n|upkeep\n|\n|t:|1701177923\n|switch|p2a: Zacian|Zacian-Crowned|100\/100\n|-ability|p2a: Zacian|Intrepid Sword|boost\n|-boost|p2a: Zacian|atk|1\n|turn|20\n|\n|t:|1701177930\n|move|p1a: Great Tusk|Headlong Rush|p2a: Zacian\n|-supereffective|p2a: Zacian\n|-damage|p2a: Zacian|0 fnt\n|-unboost|p1a: Great Tusk|def|1\n|-unboost|p1a: Great Tusk|spd|1\n|faint|p2a: Zacian\n|\n|upkeep\n|\n|t:|1701177932\n|switch|p2a: Sneasler|Sneasler, F|100\/100\n|turn|21\n|\n|t:|1701177936\n|move|p1a: Great Tusk|Headlong Rush|p2a: Sneasler\n|-supereffective|p2a: Sneasler\n|-damage|p2a: Sneasler|0 fnt\n|-unboost|p1a: Great Tusk|def|1\n|-unboost|p1a: Great Tusk|spd|1\n|faint|p2a: Sneasler\n|\n|win|Dogattacks\n|raw|Dogattacks's rating: 1150 &rarr; <strong>1176<\/strong><br \/>(+26 for winning)\n|raw|Destroyer6113's rating: 1165 &rarr; <strong>1139<\/strong><br \/>(-26 for losing)\n|l|\u2606Destroyer6113\n","uploadtime":1701177944,"views":1,"p1id":"dogattacks","p2id":"destroyer6113","formatid":"gen9ubers","rating":1139,"private":0,"password":""}