{"id":"gen9ubers-1973960412","p1":"godsgifttogaming","p2":"KingManwich46","format":"[Gen 9] Ubers","log":"|j|\u2606godsgifttogaming\n|j|\u2606KingManwich46\n|t:|1698033262\n|gametype|singles\n|player|p1|godsgifttogaming|brycenman|\n|player|p2|KingManwich46|brycen|\n|teamsize|p1|6\n|teamsize|p2|6\n|gen|9\n|tier|[Gen 9] Ubers\n|rule|Sleep Clause Mod: Limit one foe put to sleep\n|rule|Species Clause: Limit one of each Pok\u00e9mon\n|rule|OHKO Clause: OHKO moves are banned\n|rule|Evasion Items Clause: Evasion items are banned\n|rule|Evasion Moves Clause: Evasion moves are banned\n|rule|Endless Battle Clause: Forcing endless battles is banned\n|rule|HP Percentage Mod: HP is shown in percentages\n|clearpoke\n|poke|p1|Glimmora, F|\n|poke|p1|Rillaboom, F|\n|poke|p1|Iron Bundle|\n|poke|p1|Krookodile, F|\n|poke|p1|Hawlucha, M|\n|poke|p1|Lokix, M|\n|poke|p2|Sneasler, F|\n|poke|p2|Corviknight, M|\n|poke|p2|Froslass, F|\n|poke|p2|Hoopa-Unbound|\n|poke|p2|Arcanine-Hisui, M|\n|poke|p2|Ting-Lu|\n|teampreview\n|j| Puptup\n|\n|t:|1698033313\n|start\n|switch|p1a: Benson|Rillaboom, F|100\/100\n|switch|p2a: Corviknight|Corviknight, M, shiny|100\/100\n|-fieldstart|move: Grassy Terrain|[from] ability: Grassy Surge|[of] p1a: Benson\n|turn|1\n|l| Puptup\n|j| Puptup\n|\n|t:|1698033348\n|move|p1a: Benson|Knock Off|p2a: Corviknight\n|-damage|p2a: Corviknight|76\/100\n|-enditem|p2a: Corviknight|Leftovers|[from] move: Knock Off|[of] p1a: Benson\n|-damage|p1a: Benson|91\/100|[from] item: Life Orb\n|move|p2a: Corviknight|Iron Defense|p2a: Corviknight\n|-boost|p2a: Corviknight|def|2\n|\n|-heal|p1a: Benson|97\/100|[from] Grassy Terrain\n|upkeep\n|turn|2\n|\n|t:|1698033387\n|switch|p1a: soogsx on twitter|Glimmora, F|100\/100\n|move|p2a: Corviknight|Brave Bird|p1a: soogsx on twitter\n|-resisted|p1a: soogsx on twitter\n|-damage|p1a: soogsx on twitter|80\/100\n|-activate|p1a: soogsx on twitter|ability: Toxic Debris\n|-sidestart|p2: KingManwich46|move: Toxic Spikes\n|-damage|p2a: Corviknight|71\/100|[from] Recoil\n|\n|-heal|p1a: soogsx on twitter|86\/100|[from] Grassy Terrain\n|upkeep\n|turn|3\n|\n|t:|1698033403\n|move|p1a: soogsx on twitter|Stealth Rock|p2a: Corviknight\n|-sidestart|p2: KingManwich46|move: Stealth Rock\n|move|p2a: Corviknight|U-turn|p1a: soogsx on twitter\n|-resisted|p1a: soogsx on twitter\n|-damage|p1a: soogsx on twitter|78\/100\n|-activate|p1a: soogsx on twitter|ability: Toxic Debris\n|-sidestart|p2: KingManwich46|move: Toxic Spikes\n|\n|t:|1698033409\n|switch|p2a: Sneasler|Sneasler, F|100\/100|[from] U-turn\n|-sideend|p2: KingManwich46|move: Toxic Spikes|[of] p2a: Sneasler\n|-damage|p2a: Sneasler|95\/100|[from] Stealth Rock\n|-enditem|p2a: Sneasler|Grassy Seed\n|-boost|p2a: Sneasler|def|1|[from] item: Grassy Seed\n|\n|-heal|p2a: Sneasler|100\/100|[from] Grassy Terrain\n|-heal|p1a: soogsx on twitter|84\/100|[from] Grassy Terrain\n|upkeep\n|turn|4\n|\n|t:|1698033487\n|move|p2a: Sneasler|Swords Dance|p2a: Sneasler\n|-boost|p2a: Sneasler|atk|2\n|move|p1a: soogsx on twitter|Toxic Spikes|p2a: Sneasler\n|-sidestart|p2: KingManwich46|move: Toxic Spikes\n|\n|-heal|p1a: soogsx on twitter|90\/100|[from] Grassy Terrain\n|upkeep\n|turn|5\n|\n|t:|1698033497\n|move|p2a: Sneasler|Close Combat|p1a: soogsx on twitter\n|-damage|p1a: soogsx on twitter|0 fnt\n|-unboost|p2a: Sneasler|def|1\n|-unboost|p2a: Sneasler|spd|1\n|-activate|p1a: soogsx on twitter|ability: Toxic Debris\n|-sidestart|p2: KingManwich46|move: Toxic Spikes\n|faint|p1a: soogsx on twitter\n|\n|-fieldend|move: Grassy Terrain\n|upkeep\n|\n|t:|1698033530\n|switch|p1a: zuko|Lokix, M|100\/100\n|turn|6\n|\n|t:|1698033552\n|move|p1a: zuko|Sucker Punch|p2a: Sneasler\n|-resisted|p2a: Sneasler\n|-damage|p2a: Sneasler|25\/100\n|move|p2a: Sneasler|Close Combat|p1a: zuko\n|-damage|p1a: zuko|0 fnt\n|-unboost|p2a: Sneasler|def|1\n|-unboost|p2a: Sneasler|spd|1\n|faint|p1a: zuko\n|\n|upkeep\n|\n|t:|1698033566\n|switch|p1a: Benson|Rillaboom, F|97\/100\n|-fieldstart|move: Grassy Terrain|[from] ability: Grassy Surge|[of] p1a: Benson\n|turn|7\n|\n|t:|1698033572\n|switch|p2a: Corviknight|Corviknight, M, shiny|71\/100\n|-damage|p2a: Corviknight|59\/100|[from] Stealth Rock\n|move|p1a: Benson|Grassy Glide|p2a: Corviknight\n|-resisted|p2a: Corviknight\n|-damage|p2a: Corviknight|52\/100\n|-damage|p1a: Benson|87\/100|[from] item: Life Orb\n|\n|-heal|p1a: Benson|93\/100|[from] Grassy Terrain\n|upkeep\n|turn|8\n|\n|t:|1698033607\n|move|p1a: Benson|Drain Punch|p2a: Corviknight\n|-damage|p2a: Corviknight|33\/100\n|-heal|p1a: Benson|100\/100|[from] drain|[of] p2a: Corviknight\n|-damage|p1a: Benson|91\/100|[from] item: Life Orb\n|move|p2a: Corviknight|Roost|p2a: Corviknight\n|-heal|p2a: Corviknight|83\/100\n|-singleturn|p2a: Corviknight|move: Roost\n|\n|-heal|p1a: Benson|97\/100|[from] Grassy Terrain\n|-heal|p2a: Corviknight|89\/100|[from] Grassy Terrain\n|upkeep\n|turn|9\n|\n|t:|1698033634\n|move|p1a: Benson|Swords Dance|p1a: Benson\n|-boost|p1a: Benson|atk|2\n|move|p2a: Corviknight|Iron Defense|p2a: Corviknight\n|-boost|p2a: Corviknight|def|2\n|\n|-heal|p1a: Benson|100\/100|[from] Grassy Terrain\n|upkeep\n|turn|10\n|\n|t:|1698033667\n|move|p1a: Benson|Drain Punch|p2a: Corviknight\n|-damage|p2a: Corviknight|69\/100\n|-damage|p1a: Benson|91\/100|[from] item: Life Orb\n|move|p2a: Corviknight|Iron Defense|p2a: Corviknight\n|-boost|p2a: Corviknight|def|2\n|\n|-heal|p1a: Benson|97\/100|[from] Grassy Terrain\n|upkeep\n|turn|11\n|\n|t:|1698033678\n|move|p1a: Benson|Swords Dance|p1a: Benson\n|-boost|p1a: Benson|atk|2\n|move|p2a: Corviknight|Brave Bird|p1a: Benson\n|-supereffective|p1a: Benson\n|-damage|p1a: Benson|19\/100\n|-damage|p2a: Corviknight|47\/100|[from] Recoil\n|\n|-heal|p1a: Benson|25\/100|[from] Grassy Terrain\n|-fieldend|move: Grassy Terrain\n|upkeep\n|turn|12\n|\n|t:|1698033706\n|move|p1a: Benson|Drain Punch|p2a: Corviknight\n|-damage|p2a: Corviknight|28\/100\n|-heal|p1a: Benson|37\/100|[from] drain|[of] p2a: Corviknight\n|-damage|p1a: Benson|27\/100|[from] item: Life Orb\n|move|p2a: Corviknight|Roost|p2a: Corviknight\n|-heal|p2a: Corviknight|78\/100\n|-singleturn|p2a: Corviknight|move: Roost\n|\n|upkeep\n|turn|13\n|\n|t:|1698033724\n|switch|p1a: Jidion|Krookodile, F|100\/100\n|move|p2a: Corviknight|Brave Bird|p1a: Jidion\n|-damage|p1a: Jidion|55\/100\n|-damage|p2a: Corviknight|65\/100|[from] Recoil\n|\n|upkeep\n|turn|14\n|\n|t:|1698033742\n|move|p1a: Jidion|Close Combat|p2a: Corviknight\n|-damage|p2a: Corviknight|57\/100\n|-unboost|p1a: Jidion|def|1\n|-unboost|p1a: Jidion|spd|1\n|move|p2a: Corviknight|Brave Bird|p1a: Jidion\n|-damage|p1a: Jidion|0 fnt\n|faint|p1a: Jidion\n|-damage|p2a: Corviknight|42\/100|[from] Recoil\n|\n|upkeep\n|\n|t:|1698033745\n|switch|p1a: mr incredible|Iron Bundle, shiny|100\/100\n|turn|15\n|\n|t:|1698033783\n|switch|p2a: Ting-Lu|Ting-Lu|100\/100\n|-damage|p2a: Ting-Lu|94\/100|[from] Stealth Rock\n|-status|p2a: Ting-Lu|tox\n|-ability|p2a: Ting-Lu|Vessel of Ruin\n|move|p1a: mr incredible|Hydro Pump|p2a: Ting-Lu|[miss]\n|-miss|p1a: mr incredible|p2a: Ting-Lu\n|\n|-heal|p2a: Ting-Lu|100\/100 tox|[from] item: Leftovers\n|-damage|p2a: Ting-Lu|94\/100 tox|[from] psn\n|upkeep\n|turn|16\n|c|\u2606godsgifttogaming|if its not 100%\n|c|\u2606godsgifttogaming|its 50%\n|\n|t:|1698033798\n|move|p1a: mr incredible|Hydro Pump|p2a: Ting-Lu\n|-supereffective|p2a: Ting-Lu\n|-damage|p2a: Ting-Lu|0 fnt\n|faint|p2a: Ting-Lu\n|\n|upkeep\n|\n|t:|1698033856\n|switch|p2a: Hoopa|Hoopa-Unbound|100\/100\n|-damage|p2a: Hoopa|88\/100|[from] Stealth Rock\n|-status|p2a: Hoopa|tox\n|turn|17\n|\n|t:|1698033861\n|move|p1a: mr incredible|Hydro Pump|p2a: Hoopa\n|-damage|p2a: Hoopa|55\/100 tox\n|move|p2a: Hoopa|Drain Punch|p1a: mr incredible\n|-supereffective|p1a: mr incredible\n|-damage|p1a: mr incredible|33\/100\n|-heal|p2a: Hoopa|79\/100 tox|[from] drain|[of] p1a: mr incredible\n|\n|-damage|p2a: Hoopa|73\/100 tox|[from] psn\n|upkeep\n|turn|18\n|c|\u2606godsgifttogaming|holy bulk\n|\n|t:|1698033884\n|-end|p1a: mr incredible|Quark Drive|[silent]\n|switch|p1a: Benson|Rillaboom, F|27\/100\n|-fieldstart|move: Grassy Terrain|[from] ability: Grassy Surge|[of] p1a: Benson\n|move|p2a: Hoopa|Drain Punch|p1a: Benson\n|-damage|p1a: Benson|0 fnt\n|-heal|p2a: Hoopa|85\/100 tox|[from] drain|[of] p1a: Benson\n|faint|p1a: Benson\n|\n|-heal|p2a: Hoopa|91\/100 tox|[from] Grassy Terrain\n|-damage|p2a: Hoopa|79\/100 tox|[from] psn\n|upkeep\n|\n|t:|1698033885\n|switch|p1a: John|Hawlucha, M|100\/100\n|-enditem|p1a: John|Grassy Seed\n|-boost|p1a: John|def|1|[from] item: Grassy Seed\n|turn|19\n|c|\u2606KingManwich46|my goat\n|c|\u2606KingManwich46|oh fuck\n|l| Puptup\n|\n|t:|1698033936\n|switch|p2a: Sneasler|Sneasler, F|25\/100\n|-damage|p2a: Sneasler|19\/100|[from] Stealth Rock\n|-sideend|p2: KingManwich46|move: Toxic Spikes|[of] p2a: Sneasler\n|move|p1a: John|Acrobatics|p2a: Sneasler\n|-supereffective|p2a: Sneasler\n|-damage|p2a: Sneasler|0 fnt\n|faint|p2a: Sneasler\n|\n|upkeep\n|\n|t:|1698033947\n|switch|p2a: Froslass|Froslass, F|100\/100\n|-damage|p2a: Froslass|76\/100|[from] Stealth Rock\n|turn|20\n|c|\u2606godsgifttogaming|ghost type pokemon\n|c|\u2606godsgifttogaming|what about my stab\n|c|\u2606godsgifttogaming|there is 0 way this lives an acrobatics i cannot fathom a universe\n|c|\u2606godsgifttogaming|i am scared\n|\n|t:|1698034006\n|move|p1a: John|Iron Head|p2a: Froslass\n|-supereffective|p2a: Froslass\n|-damage|p2a: Froslass|22\/100\n|move|p2a: Froslass|Will-O-Wisp|p1a: John\n|-status|p1a: John|brn\n|\n|-heal|p2a: Froslass|28\/100|[from] Grassy Terrain\n|-damage|p1a: John|94\/100 brn|[from] brn\n|upkeep\n|turn|21\n|c|\u2606godsgifttogaming|???????\n|c|\u2606KingManwich46|holy shit\n|c|\u2606godsgifttogaming|lowkey i think acro has like5 more bp lmao\n|\n|t:|1698034058\n|move|p1a: John|Swords Dance|p1a: John\n|-boost|p1a: John|atk|2\n|move|p2a: Froslass|Destiny Bond|p2a: Froslass\n|-singlemove|p2a: Froslass|Destiny Bond\n|\n|-heal|p2a: Froslass|34\/100|[from] Grassy Terrain\n|-damage|p1a: John|88\/100 brn|[from] brn\n|upkeep\n|turn|22\n|c|\u2606godsgifttogaming|bozo\n|c|\u2606KingManwich46|oops lmfao\n|c|\u2606KingManwich46|dumbass\n|c|\u2606godsgifttogaming|i woulda killed and then it\n|c|\u2606godsgifttogaming|i cry if i die\n|\n|t:|1698034086\n|move|p1a: John|Swords Dance|p1a: John\n|-boost|p1a: John|atk|2\n|move|p2a: Froslass|Ice Beam|p1a: John\n|-supereffective|p1a: John\n|-damage|p1a: John|4\/100 brn\n|\n|-heal|p2a: Froslass|40\/100|[from] Grassy Terrain\n|-damage|p1a: John|0 fnt|[from] brn\n|faint|p1a: John\n|-fieldend|move: Grassy Terrain\n|upkeep\n|c|\u2606godsgifttogaming|pov: i cry\n|\n|t:|1698034097\n|switch|p1a: mr incredible|Iron Bundle, shiny|33\/100\n|turn|23\n|j| Puptup\n|c|\u2606KingManwich46|im sorry\n|c|\u2606KingManwich46|do not cry\n|c|\u2606godsgifttogaming|ggs i lose to\n|c|\u2606godsgifttogaming|AV hoopa max spdf\n|\n|t:|1698034109\n|move|p1a: mr incredible|Hydro Pump|p2a: Froslass\n|-damage|p2a: Froslass|0 fnt\n|faint|p2a: Froslass\n|\n|upkeep\n|l| Puptup\n|\n|t:|1698034115\n|switch|p2a: Hoopa|Hoopa-Unbound|79\/100 tox\n|-damage|p2a: Hoopa|67\/100 tox|[from] Stealth Rock\n|turn|24\n|j| Puptup\n|\n|t:|1698034119\n|move|p1a: mr incredible|Hydro Pump|p2a: Hoopa\n|-damage|p2a: Hoopa|34\/100 tox\n|move|p2a: Hoopa|Drain Punch|p1a: mr incredible\n|-supereffective|p1a: mr incredible\n|-damage|p1a: mr incredible|0 fnt\n|-heal|p2a: Hoopa|45\/100 tox|[from] drain|[of] p1a: mr incredible\n|faint|p1a: mr incredible\n|-end|p1a: mr incredible|Quark Drive|[silent]\n|\n|win|KingManwich46\n|c|\u2606godsgifttogaming|actual god wall\n|c|\u2606godsgifttogaming|ggs\n|c|\u2606KingManwich46|ggs\n|l| Puptup\n|c|\u2606godsgifttogaming|god i hate corv\n|c|\u2606KingManwich46|dude i love corv\n|c|\u2606godsgifttogaming|having to sit there and not use bundle the whole game because its my only spattacker is a huge oversight\n|c|\u2606KingManwich46|i can post\n|j| Puptup\n|c|\u2606godsgifttogaming|ive been using this team for 4 weeks in a row now\n|c|\u2606KingManwich46|dude bundle is scary af\n|c|\u2606godsgifttogaming|there is just no point in making new teams every week when my win con will always be \"dont miss hydro pump\"\n|c|\u2606KingManwich46|and you would've gotten away with it too if it weren't for crazy bulk....\n|c|\u2606godsgifttogaming|i didnt even know what ur draft was LMAO\n|c|\u2606godsgifttogaming|i literally wouldve\n|c|\u2606godsgifttogaming|that pokemon is insane\n|l| Puptup\n|c|\u2606KingManwich46|yeah dude definitely need to keep it on the roster\n|c|\u2606KingManwich46|wp though holy\n|l|\u2606godsgifttogaming\n","uploadtime":1698034255,"views":34,"p1id":"godsgifttogaming","p2id":"kingmanwich46","formatid":"gen9ubers","rating":0,"private":0,"password":""}