{"id":"gen9ubers-1987370604","p1":"PyroGaleZX","p2":"tbor2002","format":"[Gen 9] Ubers","log":"|j|\u2606PyroGaleZX\n|j|\u2606tbor2002\n|t:|1699582871\n|gametype|singles\n|player|p1|PyroGaleZX|grusha|\n|player|p2|tbor2002|wattson|\n|teamsize|p1|6\n|teamsize|p2|6\n|gen|9\n|tier|[Gen 9] Ubers\n|rule|Sleep Clause Mod: Limit one foe put to sleep\n|rule|Species Clause: Limit one of each Pok\u00e9mon\n|rule|OHKO Clause: OHKO moves are banned\n|rule|Evasion Items Clause: Evasion items are banned\n|rule|Evasion Moves Clause: Evasion moves are banned\n|rule|Endless Battle Clause: Forcing endless battles is banned\n|rule|HP Percentage Mod: HP is shown in percentages\n|clearpoke\n|poke|p1|Samurott-Hisui, M|\n|poke|p1|Enamorus-Therian, F|\n|poke|p1|Arcanine, M|\n|poke|p1|Umbreon, M|\n|poke|p1|Spiritomb, M|\n|poke|p1|Pawmo, M|\n|poke|p2|Walking Wake|\n|poke|p2|Muk-Alola, M|\n|poke|p2|Jolteon, M|\n|poke|p2|Toxicroak, F|\n|poke|p2|Crabominable, M|\n|poke|p2|Glimmet, M|\n|teampreview\n|j| HeirEhm\n|\n|t:|1699582899\n|start\n|switch|p1a: Umbreon|Umbreon, M|100\/100\n|switch|p2a: Toxicroak|Toxicroak, F|100\/100\n|turn|1\n|\n|t:|1699582915\n|move|p1a: Umbreon|Protect|p1a: Umbreon\n|-singleturn|p1a: Umbreon|Protect\n|move|p2a: Toxicroak|Swords Dance|p2a: Toxicroak\n|-boost|p2a: Toxicroak|atk|2\n|\n|upkeep\n|turn|2\n|\n|t:|1699582923\n|-terastallize|p1a: Umbreon|Poison\n|move|p2a: Toxicroak|Drain Punch|p1a: Umbreon\n|-resisted|p1a: Umbreon\n|-damage|p1a: Umbreon|68\/100\n|-damage|p2a: Toxicroak|91\/100|[from] item: Life Orb\n|move|p1a: Umbreon|Foul Play|p2a: Toxicroak\n|-resisted|p2a: Toxicroak\n|-damage|p2a: Toxicroak|28\/100\n|\n|-heal|p1a: Umbreon|74\/100|[from] item: Leftovers\n|upkeep\n|turn|3\n|\n|t:|1699582997\n|move|p2a: Toxicroak|Sucker Punch||[still]\n|-fail|p2a: Toxicroak\n|move|p1a: Umbreon|Wish|p1a: Umbreon\n|\n|-heal|p1a: Umbreon|80\/100|[from] item: Leftovers\n|upkeep\n|turn|4\n|\n|t:|1699583004\n|move|p2a: Toxicroak|Sucker Punch|p1a: Umbreon\n|-damage|p1a: Umbreon|36\/100\n|-damage|p2a: Toxicroak|18\/100|[from] item: Life Orb\n|move|p1a: Umbreon|Foul Play|p2a: Toxicroak\n|-resisted|p2a: Toxicroak\n|-damage|p2a: Toxicroak|0 fnt\n|faint|p2a: Toxicroak\n|\n|-heal|p1a: Umbreon|86\/100|[from] move: Wish|[wisher] Umbreon\n|-heal|p1a: Umbreon|92\/100|[from] item: Leftovers\n|upkeep\n|\n|t:|1699583037\n|switch|p2a: Crabominable|Crabominable, M|100\/100\n|turn|5\n|j| lunchbox5536\n|\n|t:|1699583061\n|move|p1a: Umbreon|Foul Play|p2a: Crabominable\n|-resisted|p2a: Crabominable\n|-damage|p2a: Crabominable|74\/100\n|move|p2a: Crabominable|Earthquake|p1a: Umbreon\n|-supereffective|p1a: Umbreon\n|-damage|p1a: Umbreon|26\/100\n|\n|-heal|p1a: Umbreon|32\/100|[from] item: Leftovers\n|upkeep\n|turn|6\n|\n|t:|1699583070\n|move|p1a: Umbreon|Toxic|p2a: Crabominable\n|-status|p2a: Crabominable|tox\n|move|p2a: Crabominable|Earthquake|p1a: Umbreon\n|-supereffective|p1a: Umbreon\n|-damage|p1a: Umbreon|0 fnt\n|faint|p1a: Umbreon\n|\n|-damage|p2a: Crabominable|68\/100 tox|[from] psn\n|upkeep\n|\n|t:|1699583075\n|switch|p1a: Enamorus|Enamorus-Therian, F|100\/100\n|turn|7\n|j| Jam20Jam\n|l| Jam20Jam\n|j| Jam20Jam\n|l| lunchbox5536\n|\n|t:|1699583095\n|switch|p2a: Glimmet|Glimmet, M|100\/100\n|move|p1a: Enamorus|Draining Kiss|p2a: Glimmet\n|-resisted|p2a: Glimmet\n|-damage|p2a: Glimmet|68\/100\n|\n|upkeep\n|turn|8\n|l| Jam20Jam\n|\n|t:|1699583111\n|move|p2a: Glimmet|Power Gem|p1a: Enamorus\n|-supereffective|p1a: Enamorus\n|-damage|p1a: Enamorus|30\/100\n|move|p1a: Enamorus|Earth Power|p2a: Glimmet\n|-supereffective|p2a: Glimmet\n|-damage|p2a: Glimmet|0 fnt\n|faint|p2a: Glimmet\n|\n|upkeep\n|\n|t:|1699583129\n|switch|p2a: Jolteon|Jolteon, M|100\/100\n|turn|9\n|\n|t:|1699583139\n|move|p2a: Jolteon|Volt Switch|p1a: Enamorus\n|-supereffective|p1a: Enamorus\n|-damage|p1a: Enamorus|0 fnt\n|faint|p1a: Enamorus\n|\n|t:|1699583143\n|switch|p2a: Crabominable|Crabominable, M|68\/100 tox|[from] Volt Switch\n|\n|-damage|p2a: Crabominable|62\/100 tox|[from] psn\n|upkeep\n|\n|t:|1699583167\n|switch|p1a: Spiritomb|Spiritomb, M, shiny|100\/100\n|turn|10\n|\n|t:|1699583190\n|move|p2a: Crabominable|Thunder Punch|p1a: Spiritomb\n|-damage|p1a: Spiritomb|66\/100\n|-status|p1a: Spiritomb|par\n|move|p1a: Spiritomb|Calm Mind|p1a: Spiritomb\n|-boost|p1a: Spiritomb|spa|1\n|-boost|p1a: Spiritomb|spd|1\n|\n|-damage|p2a: Crabominable|49\/100 tox|[from] psn\n|upkeep\n|turn|11\n|\n|t:|1699583199\n|move|p2a: Crabominable|Ice Hammer|p1a: Spiritomb\n|-damage|p1a: Spiritomb|0 fnt\n|-unboost|p2a: Crabominable|spe|1\n|faint|p1a: Spiritomb\n|\n|-damage|p2a: Crabominable|31\/100 tox|[from] psn\n|upkeep\n|\n|t:|1699583210\n|switch|p1a: Arcanine|Arcanine, M|100\/100\n|-ability|p1a: Arcanine|Intimidate|boost\n|-unboost|p2a: Crabominable|atk|1\n|turn|12\n|\n|t:|1699583221\n|move|p2a: Crabominable|Drain Punch|p1a: Arcanine\n|-damage|p1a: Arcanine|73\/100\n|-heal|p2a: Crabominable|45\/100 tox|[from] drain|[of] p1a: Arcanine\n|move|p1a: Arcanine|Roar|p2a: Crabominable\n|drag|p2a: Walking Wake|Walking Wake|100\/100\n|\n|upkeep\n|turn|13\n|\n|t:|1699583236\n|move|p2a: Walking Wake|Hydro Steam|p1a: Arcanine\n|-supereffective|p1a: Arcanine\n|-damage|p1a: Arcanine|0 fnt\n|faint|p1a: Arcanine\n|\n|upkeep\n|\n|t:|1699583250\n|switch|p1a: Samurott|Samurott-Hisui, M|100\/100\n|turn|14\n|\n|t:|1699583256\n|-end|p2a: Walking Wake|Protosynthesis|[silent]\n|switch|p2a: Crabominable|Crabominable, M|45\/100 tox\n|move|p1a: Samurott|Ceaseless Edge|p2a: Crabominable\n|-resisted|p2a: Crabominable\n|-damage|p2a: Crabominable|10\/100 tox\n|-sidestart|p2: tbor2002|Spikes\n|\n|-damage|p2a: Crabominable|4\/100 tox|[from] psn\n|upkeep\n|turn|15\n|\n|t:|1699583267\n|move|p1a: Samurott|Ceaseless Edge|p2a: Crabominable\n|-resisted|p2a: Crabominable\n|-damage|p2a: Crabominable|0 fnt\n|-sidestart|p2: tbor2002|Spikes\n|faint|p2a: Crabominable\n|\n|upkeep\n|\n|t:|1699583279\n|switch|p2a: Jolteon|Jolteon, M|100\/100\n|turn|16\n|\n|t:|1699583287\n|move|p2a: Jolteon|Thunderbolt|p1a: Samurott\n|-supereffective|p1a: Samurott\n|-damage|p1a: Samurott|0 fnt\n|faint|p1a: Samurott\n|\n|upkeep\n|\n|t:|1699583294\n|switch|p1a: Pawmo|Pawmo, M|100\/100\n|turn|17\n|\n|t:|1699583298\n|move|p1a: Pawmo|Fake Out|p2a: Jolteon\n|-damage|p2a: Jolteon|85\/100\n|cant|p2a: Jolteon|flinch\n|\n|upkeep\n|turn|18\n|\n|t:|1699583310\n|move|p2a: Jolteon|Rain Dance|p2a: Jolteon\n|-weather|RainDance\n|move|p1a: Pawmo|Volt Switch|p2a: Jolteon\n|-heal|p2a: Jolteon|100\/100|[from] ability: Volt Absorb|[of] p1a: Pawmo\n|\n|-weather|RainDance|[upkeep]\n|upkeep\n|turn|19\n|\n|t:|1699583324\n|move|p2a: Jolteon|Volt Switch|p1a: Pawmo\n|-resisted|p1a: Pawmo\n|-damage|p1a: Pawmo|86\/100\n|\n|t:|1699583331\n|switch|p2a: Muk|Muk-Alola, M|100\/100|[from] Volt Switch\n|-damage|p2a: Muk|84\/100|[from] Spikes\n|move|p1a: Pawmo|Volt Switch|p2a: Muk\n|-damage|p2a: Muk|77\/100\n|\n|-weather|RainDance|[upkeep]\n|upkeep\n|turn|20\n|\n|t:|1699583344\n|move|p1a: Pawmo|Wish|p1a: Pawmo\n|move|p2a: Muk|Poison Jab|p1a: Pawmo\n|-damage|p1a: Pawmo|30\/100\n|-status|p1a: Pawmo|psn|[from] ability: Poison Touch|[of] p2a: Muk\n|\n|-weather|RainDance|[upkeep]\n|-damage|p1a: Pawmo|17\/100 psn|[from] psn\n|upkeep\n|turn|21\n|\n|t:|1699583355\n|switch|p2a: Jolteon|Jolteon, M|100\/100\n|move|p1a: Pawmo|Volt Switch|p2a: Jolteon\n|-immune|p2a: Jolteon|[from] ability: Volt Absorb\n|\n|-weather|RainDance|[upkeep]\n|-heal|p1a: Pawmo|67\/100 psn|[from] move: Wish|[wisher] Pawmo\n|-damage|p1a: Pawmo|55\/100 psn|[from] psn\n|upkeep\n|turn|22\n|\n|t:|1699583373\n|move|p2a: Jolteon|Rain Dance||[still]\n|-fail|p2a: Jolteon\n|move|p1a: Pawmo|Wish|p1a: Pawmo\n|\n|-weather|none\n|-damage|p1a: Pawmo|43\/100 psn|[from] psn\n|upkeep\n|turn|23\n|\n|t:|1699583380\n|move|p2a: Jolteon|Rain Dance|p2a: Jolteon\n|-weather|RainDance\n|move|p1a: Pawmo|Volt Switch|p2a: Jolteon\n|-immune|p2a: Jolteon|[from] ability: Volt Absorb\n|\n|-weather|RainDance|[upkeep]\n|-heal|p1a: Pawmo|93\/100 psn|[from] move: Wish|[wisher] Pawmo\n|-damage|p1a: Pawmo|80\/100 psn|[from] psn\n|upkeep\n|turn|24\n|\n|t:|1699583397\n|move|p2a: Jolteon|Thunderbolt|p1a: Pawmo\n|-resisted|p1a: Pawmo\n|-damage|p1a: Pawmo|63\/100 psn\n|move|p1a: Pawmo|Wish|p1a: Pawmo\n|\n|-weather|RainDance|[upkeep]\n|-damage|p1a: Pawmo|50\/100 psn|[from] psn\n|upkeep\n|turn|25\n|\n|t:|1699583410\n|move|p2a: Jolteon|Volt Switch|p1a: Pawmo\n|-resisted|p1a: Pawmo\n|-damage|p1a: Pawmo|37\/100 psn\n|\n|t:|1699583414\n|switch|p2a: Muk|Muk-Alola, M|77\/100|[from] Volt Switch\n|-damage|p2a: Muk|61\/100|[from] Spikes\n|move|p1a: Pawmo|Rest|p1a: Pawmo\n|-status|p1a: Pawmo|slp|[from] move: Rest\n|-heal|p1a: Pawmo|100\/100 slp|[silent]\n|\n|-weather|RainDance|[upkeep]\n|upkeep\n|turn|26\n|\n|t:|1699583426\n|cant|p1a: Pawmo|slp\n|move|p2a: Muk|Knock Off|p1a: Pawmo\n|-resisted|p1a: Pawmo\n|-damage|p1a: Pawmo|67\/100 slp\n|-enditem|p1a: Pawmo|Eviolite|[from] move: Knock Off|[of] p2a: Muk\n|\n|-weather|RainDance|[upkeep]\n|upkeep\n|turn|27\n|\n|t:|1699583433\n|cant|p1a: Pawmo|slp\n|move|p2a: Muk|Poison Jab|p1a: Pawmo\n|-damage|p1a: Pawmo|0 fnt\n|faint|p1a: Pawmo\n|\n|win|tbor2002\n","uploadtime":1699583437,"views":4,"p1id":"pyrogalezx","p2id":"tbor2002","formatid":"gen9ubers","rating":0,"private":0,"password":""}