{"id":"gen9ubers-1986205809","p1":"e63593","p2":"Batataplays","format":"[Gen 9] Ubers","log":"|j|\u2606e63593\n|j|\u2606Batataplays\n|inactive|Battle timer is ON: inactive players will automatically lose when time's up.\n|t:|1699459734\n|gametype|singles\n|player|p1|e63593|lillie-masters|\n|player|p2|Batataplays|marnie-masters3|\n|teamsize|p1|6\n|teamsize|p2|6\n|gen|9\n|tier|[Gen 9] Ubers\n|rated|Tournament battle\n|rule|Sleep Clause Mod: Limit one foe put to sleep\n|rule|Species Clause: Limit one of each Pok\u00e9mon\n|rule|OHKO Clause: OHKO moves are banned\n|rule|Evasion Items Clause: Evasion items are banned\n|rule|Evasion Moves Clause: Evasion moves are banned\n|rule|Endless Battle Clause: Forcing endless battles is banned\n|rule|HP Percentage Mod: HP is shown in percentages\n|clearpoke\n|poke|p1|Kyogre|\n|poke|p1|Basculegion, M|\n|poke|p1|Miraidon|\n|poke|p1|Hawlucha, M|\n|poke|p1|Pelipper, F|\n|poke|p1|Ting-Lu|\n|poke|p2|Ribombee, M|\n|poke|p2|Grimmsnarl, M|\n|poke|p2|Ting-Lu|\n|poke|p2|Zacian-*|\n|poke|p2|Arceus|\n|poke|p2|Calyrex-Ice|\n|teampreview\n|inactive|e63593 also wants the timer to be on.\n|j| WanniM\n|c| WanniM|grrrr\n|c|\u2606Batataplays|Fia da mae trocou de time KKK\n|\n|t:|1699459751\n|start\n|switch|p1a: Ting-Lu|Ting-Lu|100\/100\n|switch|p2a: Edgynessa|Ribombee, M|100\/100\n|-ability|p1a: Ting-Lu|Vessel of Ruin\n|turn|1\n|\n|t:|1699459757\n|move|p2a: Edgynessa|Moonblast|p1a: Ting-Lu\n|-supereffective|p1a: Ting-Lu\n|-damage|p1a: Ting-Lu|67\/100\n|move|p1a: Ting-Lu|Spikes|p2a: Edgynessa\n|-sidestart|p2: Batataplays|Spikes\n|\n|-heal|p1a: Ting-Lu|74\/100|[from] item: Leftovers\n|upkeep\n|turn|2\n|\n|t:|1699459759\n|move|p2a: Edgynessa|Sticky Web|p1a: Ting-Lu\n|-sidestart|p1: e63593|move: Sticky Web\n|move|p1a: Ting-Lu|Spikes|p2a: Edgynessa\n|-sidestart|p2: Batataplays|Spikes\n|\n|-heal|p1a: Ting-Lu|80\/100|[from] item: Leftovers\n|upkeep\n|turn|3\n|\n|t:|1699459761\n|move|p2a: Edgynessa|Moonblast|p1a: Ting-Lu\n|-supereffective|p1a: Ting-Lu\n|-damage|p1a: Ting-Lu|50\/100\n|-unboost|p1a: Ting-Lu|spa|1\n|move|p1a: Ting-Lu|Spikes|p2a: Edgynessa\n|-sidestart|p2: Batataplays|Spikes\n|\n|-heal|p1a: Ting-Lu|56\/100|[from] item: Leftovers\n|upkeep\n|turn|4\n|c| WanniM|foi stalkear, Batataplays? grrr toma\n|\n|t:|1699459765\n|move|p2a: Edgynessa|Moonblast|p1a: Ting-Lu\n|-supereffective|p1a: Ting-Lu\n|-damage|p1a: Ting-Lu|24\/100\n|-unboost|p1a: Ting-Lu|spa|1\n|move|p1a: Ting-Lu|Whirlwind|p2a: Edgynessa\n|drag|p2a: Edgy cearense|Ting-Lu|100\/100\n|-damage|p2a: Edgy cearense|76\/100|[from] Spikes\n|-ability|p2a: Edgy cearense|Vessel of Ruin\n|\n|-heal|p2a: Edgy cearense|82\/100|[from] item: Leftovers\n|-heal|p1a: Ting-Lu|30\/100|[from] item: Leftovers\n|upkeep\n|turn|5\n|\n|t:|1699459767\n|move|p2a: Edgy cearense|Spikes|p1a: Ting-Lu\n|-sidestart|p1: e63593|Spikes\n|move|p1a: Ting-Lu|Ruination|p2a: Edgy cearense\n|-damage|p2a: Edgy cearense|41\/100\n|\n|-heal|p1a: Ting-Lu|36\/100|[from] item: Leftovers\n|-heal|p2a: Edgy cearense|47\/100|[from] item: Leftovers\n|upkeep\n|turn|6\n|j| playergamerxl\n|\n|t:|1699459775\n|move|p1a: Ting-Lu|Earthquake|p2a: Edgy cearense\n|-damage|p2a: Edgy cearense|26\/100\n|move|p2a: Edgy cearense|Spikes|p1a: Ting-Lu\n|-sidestart|p1: e63593|Spikes\n|\n|-heal|p1a: Ting-Lu|43\/100|[from] item: Leftovers\n|-heal|p2a: Edgy cearense|32\/100|[from] item: Leftovers\n|upkeep\n|turn|7\n|\n|t:|1699459778\n|move|p2a: Edgy cearense|Spikes|p1a: Ting-Lu\n|-sidestart|p1: e63593|Spikes\n|move|p1a: Ting-Lu|Earthquake|p2a: Edgy cearense\n|-damage|p2a: Edgy cearense|9\/100\n|\n|-heal|p1a: Ting-Lu|49\/100|[from] item: Leftovers\n|-heal|p2a: Edgy cearense|16\/100|[from] item: Leftovers\n|upkeep\n|turn|8\n|c|\u2606Batataplays|Fui\n|\n|t:|1699459783\n|switch|p2a: Edgynessa|Ribombee, M|100\/100\n|-damage|p2a: Edgynessa|76\/100|[from] Spikes\n|move|p1a: Ting-Lu|Earthquake|p2a: Edgynessa\n|-resisted|p2a: Edgynessa\n|-damage|p2a: Edgynessa|37\/100\n|\n|-heal|p1a: Ting-Lu|55\/100|[from] item: Leftovers\n|upkeep\n|turn|9\n|\n|t:|1699459786\n|move|p2a: Edgynessa|Moonblast|p1a: Ting-Lu\n|-supereffective|p1a: Ting-Lu\n|-damage|p1a: Ting-Lu|19\/100\n|move|p1a: Ting-Lu|Whirlwind|p2a: Edgynessa\n|drag|p2a: Edgy cearense|Ting-Lu|16\/100\n|-damage|p2a: Edgy cearense|0 fnt|[from] Spikes\n|faint|p2a: Edgy cearense\n|\n|-heal|p1a: Ting-Lu|25\/100|[from] item: Leftovers\n|upkeep\n|\n|t:|1699459789\n|switch|p2a: Eu no edgy|Calyrex-Ice|100\/100\n|-ability|p2a: Eu no edgy|As One\n|-ability|p2a: Eu no edgy|Unnerve\n|-damage|p2a: Eu no edgy|76\/100|[from] Spikes\n|turn|10\n|\n|t:|1699459798\n|move|p2a: Eu no edgy|Glacial Lance|p1a: Ting-Lu\n|-supereffective|p1a: Ting-Lu\n|-damage|p1a: Ting-Lu|0 fnt\n|faint|p1a: Ting-Lu\n|-ability|p2a: Eu no edgy|Chilling Neigh|boost\n|-boost|p2a: Eu no edgy|atk|1\n|\n|upkeep\n|\n|t:|1699459804\n|switch|p1a: Pelipper|Pelipper, F|100\/100\n|-weather|RainDance|[from] ability: Drizzle|[of] p1a: Pelipper\n|turn|11\n|\n|t:|1699459807\n|move|p1a: Pelipper|Knock Off|p2a: Eu no edgy\n|-supereffective|p2a: Eu no edgy\n|-damage|p2a: Eu no edgy|61\/100\n|-enditem|p2a: Eu no edgy|Weakness Policy\n|-boost|p2a: Eu no edgy|atk|2|[from] item: Weakness Policy\n|-boost|p2a: Eu no edgy|spa|2|[from] item: Weakness Policy\n|move|p2a: Eu no edgy|Trick Room|p2a: Eu no edgy\n|-fieldstart|move: Trick Room|[of] p2a: Eu no edgy\n|\n|-weather|RainDance|[upkeep]\n|upkeep\n|turn|12\n|\n|t:|1699459821\n|move|p1a: Pelipper|Hurricane|p2a: Eu no edgy\n|-damage|p2a: Eu no edgy|38\/100\n|move|p2a: Eu no edgy|Glacial Lance|p1a: Pelipper\n|-damage|p1a: Pelipper|0 fnt\n|faint|p1a: Pelipper\n|-ability|p2a: Eu no edgy|Chilling Neigh|boost\n|-boost|p2a: Eu no edgy|atk|1\n|\n|-weather|RainDance|[upkeep]\n|upkeep\n|\n|t:|1699459823\n|switch|p1a: Basculegion|Basculegion, M|100\/100\n|-activate|p1a: Basculegion|move: Sticky Web\n|-unboost|p1a: Basculegion|spe|1\n|-damage|p1a: Basculegion|76\/100|[from] Spikes\n|turn|13\n|\n|t:|1699459826\n|-terastallize|p1a: Basculegion|Water\n|move|p1a: Basculegion|Aqua Jet|p2a: Eu no edgy\n|-damage|p2a: Eu no edgy|4\/100\n|move|p2a: Eu no edgy|Glacial Lance|p1a: Basculegion\n|-resisted|p1a: Basculegion\n|-damage|p1a: Basculegion|0 fnt\n|faint|p1a: Basculegion\n|-ability|p2a: Eu no edgy|Chilling Neigh|boost\n|-boost|p2a: Eu no edgy|atk|1\n|\n|-weather|RainDance|[upkeep]\n|upkeep\n|c|\u2606e63593|perdi\n|\n|t:|1699459841\n|switch|p1a: Miraidon|Miraidon|100\/100\n|-activate|p1a: Miraidon|move: Sticky Web\n|-unboost|p1a: Miraidon|spe|1\n|-damage|p1a: Miraidon|76\/100|[from] Spikes\n|-fieldstart|move: Electric Terrain|[from] ability: Hadron Engine|[of] p1a: Miraidon\n|turn|14\n|\n|t:|1699459845\n|move|p2a: Eu no edgy|Glacial Lance|p1a: Miraidon\n|-supereffective|p1a: Miraidon\n|-damage|p1a: Miraidon|0 fnt\n|faint|p1a: Miraidon\n|-ability|p2a: Eu no edgy|Chilling Neigh|boost\n|-boost|p2a: Eu no edgy|atk|1\n|\n|-weather|RainDance|[upkeep]\n|upkeep\n|\n|t:|1699459848\n|switch|p1a: Kyogre|Kyogre|100\/100\n|-activate|p1a: Kyogre|move: Sticky Web\n|-unboost|p1a: Kyogre|spe|1\n|-damage|p1a: Kyogre|76\/100|[from] Spikes\n|turn|15\n|c|\u2606Batataplays|Webs com tr\n|\n|t:|1699459856\n|move|p2a: Eu no edgy|Close Combat|p1a: Kyogre\n|-damage|p1a: Kyogre|0 fnt\n|-unboost|p2a: Eu no edgy|def|1\n|-unboost|p2a: Eu no edgy|spd|1\n|faint|p1a: Kyogre\n|\n|-weather|none\n|-fieldend|move: Trick Room\n|upkeep\n|\n|t:|1699459858\n|switch|p1a: Hawlucha|Hawlucha, M|100\/100\n|-enditem|p1a: Hawlucha|Electric Seed\n|-boost|p1a: Hawlucha|def|1|[from] item: Electric Seed\n|turn|16\n|c|\u2606Batataplays|Its the meta\n|\n|t:|1699459862\n|move|p1a: Hawlucha|Acrobatics|p2a: Eu no edgy\n|-damage|p2a: Eu no edgy|0 fnt\n|faint|p2a: Eu no edgy\n|\n|upkeep\n|\n|t:|1699459867\n|switch|p2a: Edgy shrek|Grimmsnarl, M|100\/100\n|-damage|p2a: Edgy shrek|76\/100|[from] Spikes\n|turn|17\n|c| WanniM|mamou, e6\n|\n|t:|1699459875\n|move|p2a: Edgy shrek|Taunt|p1a: Hawlucha\n|-start|p1a: Hawlucha|move: Taunt\n|cant|p1a: Hawlucha|move: Taunt|Swords Dance\n|\n|upkeep\n|turn|18\n|\n|t:|1699459878\n|move|p2a: Edgy shrek|Reflect|p2a: Edgy shrek\n|-sidestart|p2: Batataplays|Reflect\n|move|p1a: Hawlucha|Acrobatics|p2a: Edgy shrek\n|-damage|p2a: Edgy shrek|46\/100\n|\n|-fieldend|move: Electric Terrain\n|upkeep\n|turn|19\n|\n|t:|1699459881\n|move|p2a: Edgy shrek|Parting Shot|p1a: Hawlucha\n|-unboost|p1a: Hawlucha|atk|1\n|-unboost|p1a: Hawlucha|spa|1\n|\n|t:|1699459882\n|switch|p2a: Edgynessa|Ribombee, M|37\/100|[from] Parting Shot\n|-damage|p2a: Edgynessa|12\/100|[from] Spikes\n|move|p1a: Hawlucha|Acrobatics|p2a: Edgynessa\n|-supereffective|p2a: Edgynessa\n|-damage|p2a: Edgynessa|0 fnt\n|faint|p2a: Edgynessa\n|\n|-end|p1a: Hawlucha|move: Taunt\n|upkeep\n|\n|t:|1699459885\n|switch|p2a: Edgy shrek|Grimmsnarl, M|46\/100\n|-damage|p2a: Edgy shrek|21\/100|[from] Spikes\n|turn|20\n|\n|t:|1699459890\n|move|p2a: Edgy shrek|Taunt|p1a: Hawlucha\n|-start|p1a: Hawlucha|move: Taunt\n|cant|p1a: Hawlucha|move: Taunt|Swords Dance\n|\n|upkeep\n|turn|21\n|\n|t:|1699459893\n|move|p2a: Edgy shrek|Parting Shot|p1a: Hawlucha\n|-unboost|p1a: Hawlucha|atk|1\n|-unboost|p1a: Hawlucha|spa|1\n|c| WanniM|por que n\u00e3o usou logo, e6?\n|\n|t:|1699459895\n|switch|p2a: Edgy armaduro|Zacian-Crowned|100\/100|[from] Parting Shot\n|-damage|p2a: Edgy armaduro|76\/100|[from] Spikes\n|-ability|p2a: Edgy armaduro|Intrepid Sword|boost\n|-boost|p2a: Edgy armaduro|atk|1\n|move|p1a: Hawlucha|Close Combat|p2a: Edgy armaduro\n|-damage|p2a: Edgy armaduro|63\/100\n|-unboost|p1a: Hawlucha|def|1\n|-unboost|p1a: Hawlucha|spd|1\n|\n|upkeep\n|turn|22\n|\n|t:|1699459898\n|move|p1a: Hawlucha|Close Combat|p2a: Edgy armaduro\n|-damage|p2a: Edgy armaduro|49\/100\n|-unboost|p1a: Hawlucha|def|1\n|-unboost|p1a: Hawlucha|spd|1\n|move|p2a: Edgy armaduro|Behemoth Blade|p1a: Hawlucha\n|-damage|p1a: Hawlucha|0 fnt\n|faint|p1a: Hawlucha\n|\n|win|Batataplays\n|n|\u2606e63593|e63593\n|n|\u2606Batataplays|batataplays\n|n| WanniM|wannim\n|n| playergamerxl|playergamerxl\n","uploadtime":1699459899,"views":9,"p1id":"e63593","p2id":"batataplays","formatid":"gen9ubers","rating":0,"private":0,"password":""}