{"id":"gen9ubers-1983408985","p1":"XpokVEVO","p2":"Kinesquared","format":"[Gen 9] Ubers","log":"|j|\u2606XpokVEVO\n|j|\u2606Kinesquared\n|t:|1699127043\n|gametype|singles\n|player|p1|XpokVEVO|mustard|\n|player|p2|Kinesquared|scientist-gen4dp|\n|teamsize|p1|6\n|teamsize|p2|6\n|gen|9\n|tier|[Gen 9] Ubers\n|rule|Sleep Clause Mod: Limit one foe put to sleep\n|rule|Species Clause: Limit one of each Pok\u00e9mon\n|rule|OHKO Clause: OHKO moves are banned\n|rule|Evasion Items Clause: Evasion items are banned\n|rule|Evasion Moves Clause: Evasion moves are banned\n|rule|Endless Battle Clause: Forcing endless battles is banned\n|rule|HP Percentage Mod: HP is shown in percentages\n|clearpoke\n|poke|p1|Cyclizar, M|\n|poke|p1|Espathra, M|\n|poke|p1|Zacian-*|\n|poke|p1|Roaring Moon|\n|poke|p1|Arceus-Fire|\n|poke|p1|Magearna|\n|poke|p2|Torkoal, F|\n|poke|p2|Walking Wake|\n|poke|p2|Chi-Yu|\n|poke|p2|Arceus-Grass|\n|poke|p2|Zacian-*|\n|poke|p2|Magearna|\n|teampreview\n|inactive|Battle timer is ON: inactive players will automatically lose when time's up. (requested by XpokVEVO)\n|\n|t:|1699127073\n|start\n|switch|p1a: Akira|Cyclizar, M|100\/100\n|switch|p2a: Walking Wake|Walking Wake|100\/100\n|turn|1\n|\n|t:|1699127078\n|move|p1a: Akira|Shed Tail|p1a: Akira\n|-start|p1a: Akira|Substitute|[from] move: Shed Tail\n|-damage|p1a: Akira|50\/100\n|\n|t:|1699127085\n|switch|p1a: Aunt Fanny|Magearna|100\/100|[from] Shed Tail\n|move|p2a: Walking Wake|Flip Turn|p1a: Aunt Fanny\n|-activate|p1a: Aunt Fanny|move: Substitute|[damage]\n|\n|t:|1699127093\n|-end|p2a: Walking Wake|Protosynthesis|[silent]\n|switch|p2a: Torkoal|Torkoal, F|100\/100|[from] Flip Turn\n|-weather|SunnyDay|[from] ability: Drought|[of] p2a: Torkoal\n|\n|-weather|SunnyDay|[upkeep]\n|upkeep\n|turn|2\n|inactive|XpokVEVO has 270 seconds left.\n|\n|t:|1699127142\n|move|p1a: Aunt Fanny|Thunder Wave|p2a: Torkoal\n|-status|p2a: Torkoal|par\n|move|p2a: Torkoal|Lava Plume|p1a: Aunt Fanny\n|-supereffective|p1a: Aunt Fanny\n|-end|p1a: Aunt Fanny|Substitute\n|\n|-weather|SunnyDay|[upkeep]\n|upkeep\n|turn|3\n|\n|t:|1699127152\n|switch|p1a: Roaring Peak|Roaring Moon|100\/100\n|-activate|p1a: Roaring Peak|ability: Protosynthesis\n|-start|p1a: Roaring Peak|protosynthesisspe\n|cant|p2a: Torkoal|par\n|\n|-weather|SunnyDay|[upkeep]\n|upkeep\n|turn|4\n|\n|t:|1699127161\n|move|p1a: Roaring Peak|Earthquake|p2a: Torkoal\n|-supereffective|p2a: Torkoal\n|-damage|p2a: Torkoal|61\/100 par\n|move|p2a: Torkoal|Yawn|p1a: Roaring Peak\n|-start|p1a: Roaring Peak|move: Yawn|[of] p2a: Torkoal\n|\n|-weather|SunnyDay|[upkeep]\n|upkeep\n|turn|5\n|\n|t:|1699127174\n|switch|p2a: Zacian|Zacian|100\/100\n|-ability|p2a: Zacian|Intrepid Sword|boost\n|-boost|p2a: Zacian|atk|1\n|move|p1a: Roaring Peak|Knock Off|p2a: Zacian\n|-resisted|p2a: Zacian\n|-damage|p2a: Zacian|77\/100\n|-enditem|p2a: Zacian|Heavy-Duty Boots|[from] move: Knock Off|[of] p1a: Roaring Peak\n|\n|-weather|SunnyDay|[upkeep]\n|-end|p1a: Roaring Peak|move: Yawn|[silent]\n|-status|p1a: Roaring Peak|slp\n|upkeep\n|turn|6\n|inactive|XpokVEVO has 270 seconds left.\n|\n|t:|1699127193\n|-end|p1a: Roaring Peak|Protosynthesis|[silent]\n|switch|p1a: Aunt Fanny|Magearna|100\/100\n|move|p2a: Zacian|Close Combat|p1a: Aunt Fanny\n|-damage|p1a: Aunt Fanny|44\/100\n|-unboost|p2a: Zacian|def|1\n|-unboost|p2a: Zacian|spd|1\n|\n|-weather|SunnyDay|[upkeep]\n|upkeep\n|turn|7\n|inactive|Kinesquared has 270 seconds left.\n|j| Cw1999\n|\n|t:|1699127222\n|-terastallize|p2a: Zacian|Fire\n|move|p2a: Zacian|Tera Blast|p1a: Aunt Fanny|[anim] Tera Blast Fire\n|-supereffective|p1a: Aunt Fanny\n|-damage|p1a: Aunt Fanny|0 fnt\n|faint|p1a: Aunt Fanny\n|\n|-weather|SunnyDay|[upkeep]\n|upkeep\n|l| Cw1999\n|c|\u2606XpokVEVO|Why?\n|inactive|XpokVEVO has 270 seconds left.\n|c|\u2606Kinesquared|to watch zacian on the switch\n|c|\u2606Kinesquared|catch*\n|c|\u2606Kinesquared|or espathra\n|inactive|XpokVEVO has 240 seconds left.\n|j| a bit moody\n|l| a bit moody\n|\n|t:|1699127290\n|switch|p1a: Roaring Peak|Roaring Moon|100\/100 slp\n|-activate|p1a: Roaring Peak|ability: Protosynthesis\n|-start|p1a: Roaring Peak|protosynthesisspe\n|turn|8\n|\n|t:|1699127297\n|cant|p1a: Roaring Peak|slp\n|move|p2a: Zacian|Play Rough|p1a: Roaring Peak\n|-supereffective|p1a: Roaring Peak\n|-damage|p1a: Roaring Peak|0 fnt\n|faint|p1a: Roaring Peak\n|-end|p1a: Roaring Peak|Protosynthesis|[silent]\n|\n|-weather|none\n|upkeep\n|\n|t:|1699127308\n|switch|p1a: Ar\u0441eus-Fighting|Arceus-Fire, shiny|100\/100\n|turn|9\n|\n|t:|1699127317\n|switch|p2a: Torkoal|Torkoal, F|61\/100 par\n|-weather|SunnyDay|[from] ability: Drought|[of] p2a: Torkoal\n|move|p1a: Ar\u0441eus-Fighting|Dragon Dance|p1a: Ar\u0441eus-Fighting\n|-boost|p1a: Ar\u0441eus-Fighting|atk|1\n|-boost|p1a: Ar\u0441eus-Fighting|spe|1\n|\n|-weather|SunnyDay|[upkeep]\n|upkeep\n|turn|10\n|\n|t:|1699127328\n|move|p1a: Ar\u0441eus-Fighting|Dragon Dance|p1a: Ar\u0441eus-Fighting\n|-boost|p1a: Ar\u0441eus-Fighting|atk|1\n|-boost|p1a: Ar\u0441eus-Fighting|spe|1\n|cant|p2a: Torkoal|par\n|\n|-weather|SunnyDay|[upkeep]\n|upkeep\n|turn|11\n|c|\u2606Kinesquared|oof\n|c|\u2606Kinesquared|i was going to yawn\n|\n|t:|1699127356\n|move|p1a: Ar\u0441eus-Fighting|Flare Blitz|p2a: Torkoal\n|-resisted|p2a: Torkoal\n|-damage|p2a: Torkoal|0 fnt\n|faint|p2a: Torkoal\n|-damage|p1a: Ar\u0441eus-Fighting|85\/100|[from] Recoil\n|\n|-weather|SunnyDay|[upkeep]\n|upkeep\n|inactive|Kinesquared has 270 seconds left.\n|\n|t:|1699127374\n|switch|p2a: Walking Wake|Walking Wake|100\/100\n|-activate|p2a: Walking Wake|ability: Protosynthesis\n|-start|p2a: Walking Wake|protosynthesisspe\n|turn|12\n|\n|t:|1699127380\n|-terastallize|p1a: Ar\u0441eus-Fighting|Fairy\n|move|p1a: Ar\u0441eus-Fighting|Tera Blast|p2a: Walking Wake|[anim] Tera Blast Fairy\n|-supereffective|p2a: Walking Wake\n|-damage|p2a: Walking Wake|0 fnt\n|faint|p2a: Walking Wake\n|-end|p2a: Walking Wake|Protosynthesis|[silent]\n|\n|-weather|SunnyDay|[upkeep]\n|upkeep\n|\n|t:|1699127387\n|switch|p2a: Magearna|Magearna|100\/100\n|turn|13\n|\n|t:|1699127390\n|switch|p2a: Arceus|Arceus-Grass|100\/100\n|move|p1a: Ar\u0441eus-Fighting|Flare Blitz|p2a: Arceus\n|-supereffective|p2a: Arceus\n|-damage|p2a: Arceus|0 fnt\n|faint|p2a: Arceus\n|-damage|p1a: Ar\u0441eus-Fighting|52\/100|[from] Recoil\n|\n|-weather|SunnyDay|[upkeep]\n|upkeep\n|c|\u2606XpokVEVO|?\n|\n|t:|1699127399\n|switch|p2a: Zacian|Zacian, tera:Fire|77\/100\n|turn|14\n|j| mimolette7\n|c|\u2606Kinesquared|to burn your hp down\n|c|\u2606XpokVEVO|Fishibg for eq\n|c|\u2606XpokVEVO|Oh\n|c|\u2606Kinesquared|its ggs\n|\n|t:|1699127416\n|move|p1a: Ar\u0441eus-Fighting|Flare Blitz|p2a: Zacian\n|-resisted|p2a: Zacian\n|-damage|p2a: Zacian|0 fnt\n|faint|p2a: Zacian\n|-damage|p1a: Ar\u0441eus-Fighting|33\/100|[from] Recoil\n|\n|-weather|SunnyDay|[upkeep]\n|upkeep\n|\n|t:|1699127422\n|switch|p2a: Chi-Yu|Chi-Yu|100\/100\n|-ability|p2a: Chi-Yu|Beads of Ruin\n|turn|15\n|\n|t:|1699127429\n|move|p1a: Ar\u0441eus-Fighting|Flare Blitz|p2a: Chi-Yu\n|-resisted|p2a: Chi-Yu\n|-crit|p2a: Chi-Yu\n|-damage|p2a: Chi-Yu|0 fnt\n|faint|p2a: Chi-Yu\n|-damage|p1a: Ar\u0441eus-Fighting|15\/100|[from] Recoil\n|\n|-weather|SunnyDay|[upkeep]\n|upkeep\n|\n|t:|1699127435\n|switch|p2a: Magearna|Magearna|100\/100\n|turn|16\n|inactive|XpokVEVO has 270 seconds left.\n|\n|t:|1699127443\n|move|p1a: Ar\u0441eus-Fighting|Flare Blitz|p2a: Magearna\n|-supereffective|p2a: Magearna\n|-damage|p2a: Magearna|0 fnt\n|faint|p2a: Magearna\n|-damage|p1a: Ar\u0441eus-Fighting|0 fnt|[from] Recoil\n|faint|p1a: Ar\u0441eus-Fighting\n|\n|win|XpokVEVO\n","uploadtime":1699127451,"views":13,"p1id":"xpokvevo","p2id":"kinesquared","formatid":"gen9ubers","rating":0,"private":0,"password":""}