{"id":"gen9ubers-1985705840","p1":"flambojambo","p2":"RektCactus","format":"[Gen 9] Ubers","log":"|j|\u2606flambojambo\n|j|\u2606RektCactus\n|t:|1699397633\n|gametype|singles\n|player|p1|flambojambo|skyla|\n|player|p2|RektCactus|1|\n|teamsize|p1|6\n|teamsize|p2|6\n|gen|9\n|tier|[Gen 9] Ubers\n|rule|Sleep Clause Mod: Limit one foe put to sleep\n|rule|Species Clause: Limit one of each Pok\u00e9mon\n|rule|OHKO Clause: OHKO moves are banned\n|rule|Evasion Items Clause: Evasion items are banned\n|rule|Evasion Moves Clause: Evasion moves are banned\n|rule|Endless Battle Clause: Forcing endless battles is banned\n|rule|HP Percentage Mod: HP is shown in percentages\n|clearpoke\n|poke|p1|Zamazenta-*|\n|poke|p1|Skeledirge, F|\n|poke|p1|Cinderace, F|\n|poke|p1|Enamorus, F|\n|poke|p1|Manaphy|\n|poke|p1|Kommo-o, M|\n|poke|p2|Ogerpon-Hearthflame, F|\n|poke|p2|Sneasler, M|\n|poke|p2|Urshifu-*, M|\n|poke|p2|Landorus-Therian, M|\n|poke|p2|Glimmora, M|\n|poke|p2|Heatran, M|\n|teampreview\n|j| rustygoomba\n|\n|t:|1699397642\n|start\n|switch|p1a: Sarahdirge|Skeledirge, F, shiny|100\/100\n|switch|p2a: Landorus|Landorus-Therian, M, shiny|100\/100\n|-ability|p2a: Landorus|Intimidate|boost\n|-unboost|p1a: Sarahdirge|atk|1\n|turn|1\n|\n|t:|1699397658\n|-terastallize|p1a: Sarahdirge|Fairy\n|move|p2a: Landorus|Stone Edge|p1a: Sarahdirge\n|-damage|p1a: Sarahdirge|75\/100\n|move|p1a: Sarahdirge|Torch Song|p2a: Landorus\n|-damage|p2a: Landorus|63\/100\n|-boost|p1a: Sarahdirge|spa|1\n|\n|upkeep\n|turn|2\n|\n|t:|1699397687\n|switch|p2a: Heatran|Heatran, M, shiny|100\/100\n|move|p1a: Sarahdirge|Torch Song|p2a: Heatran\n|-start|p2a: Heatran|ability: Flash Fire\n|\n|upkeep\n|turn|3\n|\n|t:|1699397719\n|switch|p1a: Camero - on|Kommo-o, M, shiny|100\/100\n|move|p2a: Heatran|Magma Storm|p1a: Camero - on\n|-resisted|p1a: Camero - on\n|-damage|p1a: Camero - on|64\/100\n|-activate|p1a: Camero - on|move: Magma Storm|[of] p2a: Heatran\n|\n|-damage|p1a: Camero - on|51\/100|[from] move: Magma Storm|[partiallytrapped]\n|upkeep\n|turn|4\n|\n|t:|1699397770\n|move|p1a: Camero - on|Close Combat|p2a: Heatran\n|-supereffective|p2a: Heatran\n|-damage|p2a: Heatran|4\/100\n|-unboost|p1a: Camero - on|def|1\n|-unboost|p1a: Camero - on|spd|1\n|move|p2a: Heatran|Earth Power|p1a: Camero - on\n|-crit|p1a: Camero - on\n|-damage|p1a: Camero - on|0 fnt\n|faint|p1a: Camero - on\n|\n|-heal|p2a: Heatran|10\/100|[from] item: Leftovers\n|upkeep\n|\n|t:|1699397791\n|switch|p1a: Zendaya - Crowned|Zamazenta-Crowned, shiny|100\/100\n|-ability|p1a: Zendaya - Crowned|Dauntless Shield|boost\n|-boost|p1a: Zendaya - Crowned|def|1\n|turn|5\n|\n|t:|1699397815\n|move|p1a: Zendaya - Crowned|Body Press|p2a: Heatran\n|-supereffective|p2a: Heatran\n|-damage|p2a: Heatran|0 fnt\n|faint|p2a: Heatran\n|\n|upkeep\n|\n|t:|1699397819\n|switch|p2a: Glimmora|Glimmora, M, shiny|100\/100\n|turn|6\n|\n|t:|1699397861\n|move|p1a: Zendaya - Crowned|Iron Defense|p1a: Zendaya - Crowned\n|-boost|p1a: Zendaya - Crowned|def|2\n|move|p2a: Glimmora|Stealth Rock|p1a: Zendaya - Crowned\n|-sidestart|p1: flambojambo|move: Stealth Rock\n|\n|upkeep\n|turn|7\n|\n|t:|1699397936\n|switch|p2a: Sneasler|Sneasler, M, shiny|100\/100\n|move|p1a: Zendaya - Crowned|Iron Defense|p1a: Zendaya - Crowned\n|-boost|p1a: Zendaya - Crowned|def|2\n|\n|upkeep\n|turn|8\n|c| rustygoomba|flambo has decided its bulk season\n|\n|t:|1699397969\n|move|p1a: Zendaya - Crowned|Behemoth Bash|p2a: Sneasler\n|-damage|p2a: Sneasler|20\/100\n|move|p2a: Sneasler|Close Combat|p1a: Zendaya - Crowned\n|-supereffective|p1a: Zendaya - Crowned\n|-damage|p1a: Zendaya - Crowned|71\/100\n|-unboost|p2a: Sneasler|def|1\n|-unboost|p2a: Sneasler|spd|1\n|-enditem|p2a: Sneasler|White Herb\n|-clearnegativeboost|p2a: Sneasler|[silent]\n|\n|upkeep\n|turn|9\n|\n|t:|1699397985\n|move|p2a: Sneasler|Close Combat|p1a: Zendaya - Crowned\n|-supereffective|p1a: Zendaya - Crowned\n|-damage|p1a: Zendaya - Crowned|41\/100\n|-unboost|p2a: Sneasler|def|1\n|-unboost|p2a: Sneasler|spd|1\n|move|p1a: Zendaya - Crowned|Body Press|p2a: Sneasler\n|-resisted|p2a: Sneasler\n|-damage|p2a: Sneasler|0 fnt\n|faint|p2a: Sneasler\n|\n|upkeep\n|\n|t:|1699398017\n|switch|p2a: Landorus|Landorus-Therian, M, shiny|63\/100\n|-ability|p2a: Landorus|Intimidate|boost\n|-unboost|p1a: Zendaya - Crowned|atk|1\n|turn|10\n|\n|t:|1699398030\n|move|p2a: Landorus|Earthquake|p1a: Zendaya - Crowned\n|-supereffective|p1a: Zendaya - Crowned\n|-damage|p1a: Zendaya - Crowned|17\/100\n|move|p1a: Zendaya - Crowned|Ice Fang|p2a: Landorus\n|-supereffective|p2a: Landorus\n|-damage|p2a: Landorus|0 fnt\n|faint|p2a: Landorus\n|\n|upkeep\n|\n|t:|1699398052\n|switch|p2a: Glimmora|Glimmora, M, shiny|100\/100\n|turn|11\n|\n|t:|1699398059\n|move|p2a: Glimmora|Spiky Shield|p2a: Glimmora\n|-singleturn|p2a: Glimmora|move: Protect\n|move|p1a: Zendaya - Crowned|Body Press|p2a: Glimmora\n|-activate|p2a: Glimmora|move: Protect\n|-damage|p1a: Zendaya - Crowned|4\/100|[from] Spiky Shield|[of] p2a: Glimmora\n|\n|upkeep\n|turn|12\n|\n|t:|1699398071\n|switch|p2a: Ogerpon|Ogerpon-Hearthflame, F|100\/100\n|-ability|p2a: Ogerpon|Mold Breaker\n|move|p1a: Zendaya - Crowned|Body Press|p2a: Ogerpon\n|-damage|p2a: Ogerpon|0 fnt\n|faint|p2a: Ogerpon\n|\n|upkeep\n|\n|t:|1699398083\n|switch|p2a: Glimmora|Glimmora, M, shiny|100\/100\n|turn|13\n|\n|t:|1699398104\n|move|p2a: Glimmora|Spiky Shield|p2a: Glimmora\n|-singleturn|p2a: Glimmora|move: Protect\n|move|p1a: Zendaya - Crowned|Iron Defense|p1a: Zendaya - Crowned\n|-boost|p1a: Zendaya - Crowned|def|1\n|\n|upkeep\n|turn|14\n|\n|t:|1699398109\n|move|p2a: Glimmora|Spiky Shield||[still]\n|-fail|p2a: Glimmora\n|move|p1a: Zendaya - Crowned|Body Press|p2a: Glimmora\n|-damage|p2a: Glimmora|0 fnt\n|-activate|p2a: Glimmora|ability: Toxic Debris\n|-sidestart|p1: flambojambo|move: Toxic Spikes\n|faint|p2a: Glimmora\n|\n|upkeep\n|\n|t:|1699398111\n|switch|p2a: Urshifu|Urshifu, M|100\/100\n|turn|15\n|\n|t:|1699398118\n|move|p1a: Zendaya - Crowned|Body Press|p2a: Urshifu\n|-supereffective|p2a: Urshifu\n|-damage|p2a: Urshifu|0 fnt\n|faint|p2a: Urshifu\n|\n|win|flambojambo\n","uploadtime":1699398130,"views":11,"p1id":"flambojambo","p2id":"rektcactus","formatid":"gen9ubers","rating":0,"private":0,"password":""}