{"id":"gen9ubers-1984532501","p1":"Laprasrules12","p2":"sword over shield","format":"[Gen 9] Ubers","log":"|j|\u2606Laprasrules12\n|j|\u2606sword over shield\n|t:|1699276958\n|gametype|singles\n|player|p1|Laprasrules12|lusamine-nihilego|\n|player|p2|sword over shield|170|\n|teamsize|p1|6\n|teamsize|p2|6\n|gen|9\n|tier|[Gen 9] Ubers\n|rule|Sleep Clause Mod: Limit one foe put to sleep\n|rule|Species Clause: Limit one of each Pok\u00e9mon\n|rule|OHKO Clause: OHKO moves are banned\n|rule|Evasion Items Clause: Evasion items are banned\n|rule|Evasion Moves Clause: Evasion moves are banned\n|rule|Endless Battle Clause: Forcing endless battles is banned\n|rule|HP Percentage Mod: HP is shown in percentages\n|clearpoke\n|poke|p1|Arceus-Fighting|\n|poke|p1|Espathra, M|\n|poke|p1|Zacian-*|\n|poke|p1|Palkia-Origin|\n|poke|p1|Cyclizar, M|\n|poke|p1|Magearna-Original|\n|poke|p2|Magearna|\n|poke|p2|Dragapult, F|\n|poke|p2|Zacian-*|\n|poke|p2|Palkia-Origin|\n|poke|p2|Mew|\n|poke|p2|Arceus-Ghost|\n|teampreview\n|inactive|Battle timer is ON: inactive players will automatically lose when time's up. (requested by Laprasrules12)\n|\n|t:|1699276968\n|start\n|switch|p1a: Say Gex|Cyclizar, M, shiny|100\/100\n|switch|p2a: Mew|Mew|100\/100\n|turn|1\n|\n|t:|1699276976\n|move|p1a: Say Gex|Shed Tail|p1a: Say Gex\n|-start|p1a: Say Gex|Substitute|[from] move: Shed Tail\n|-damage|p1a: Say Gex|50\/100\n|\n|t:|1699276979\n|switch|p1a: Cleopatra|Espathra, M, shiny|100\/100|[from] Shed Tail\n|move|p2a: Mew|Toxic Spikes|p1a: Cleopatra\n|-sidestart|p1: Laprasrules12|move: Toxic Spikes\n|\n|upkeep\n|turn|2\n|\n|t:|1699277000\n|move|p1a: Cleopatra|Calm Mind|p1a: Cleopatra\n|-boost|p1a: Cleopatra|spa|1\n|-boost|p1a: Cleopatra|spd|1\n|move|p2a: Mew|U-turn|p1a: Cleopatra\n|-supereffective|p1a: Cleopatra\n|-end|p1a: Cleopatra|Substitute\n|\n|t:|1699277007\n|switch|p2a: Dragapult|Dragapult, F|100\/100|[from] U-turn\n|\n|-ability|p1a: Cleopatra|Speed Boost|boost\n|-boost|p1a: Cleopatra|spe|1\n|upkeep\n|turn|3\n|\n|t:|1699277014\n|move|p1a: Cleopatra|Protect|p1a: Cleopatra\n|-singleturn|p1a: Cleopatra|Protect\n|move|p2a: Dragapult|U-turn|p1a: Cleopatra\n|-activate|p1a: Cleopatra|move: Protect\n|\n|-ability|p1a: Cleopatra|Speed Boost|boost\n|-boost|p1a: Cleopatra|spe|1\n|upkeep\n|turn|4\n|\n|t:|1699277019\n|switch|p2a: Mew|Mew|100\/100\n|move|p1a: Cleopatra|Stored Power|p2a: Mew\n|-resisted|p2a: Mew\n|-damage|p2a: Mew|77\/100\n|\n|-ability|p1a: Cleopatra|Speed Boost|boost\n|-boost|p1a: Cleopatra|spe|1\n|upkeep\n|turn|5\n|\n|t:|1699277027\n|move|p1a: Cleopatra|Calm Mind|p1a: Cleopatra\n|-boost|p1a: Cleopatra|spa|1\n|-boost|p1a: Cleopatra|spd|1\n|move|p2a: Mew|Encore|p1a: Cleopatra\n|-start|p1a: Cleopatra|Encore\n|\n|-ability|p1a: Cleopatra|Speed Boost|boost\n|-boost|p1a: Cleopatra|spe|1\n|upkeep\n|turn|6\n|\n|t:|1699277031\n|move|p1a: Cleopatra|Calm Mind|p1a: Cleopatra\n|-boost|p1a: Cleopatra|spa|1\n|-boost|p1a: Cleopatra|spd|1\n|move|p2a: Mew|Stealth Rock|p1a: Cleopatra\n|-sidestart|p1: Laprasrules12|move: Stealth Rock\n|\n|-ability|p1a: Cleopatra|Speed Boost|boost\n|-boost|p1a: Cleopatra|spe|1\n|upkeep\n|turn|7\n|\n|t:|1699277040\n|move|p1a: Cleopatra|Calm Mind|p1a: Cleopatra\n|-boost|p1a: Cleopatra|spa|1\n|-boost|p1a: Cleopatra|spd|1\n|move|p2a: Mew|Toxic Spikes|p1a: Cleopatra\n|-sidestart|p1: Laprasrules12|move: Toxic Spikes\n|\n|-ability|p1a: Cleopatra|Speed Boost|boost\n|-boost|p1a: Cleopatra|spe|1\n|upkeep\n|turn|8\n|\n|t:|1699277048\n|move|p1a: Cleopatra|Calm Mind|p1a: Cleopatra\n|-boost|p1a: Cleopatra|spa|1\n|-boost|p1a: Cleopatra|spd|1\n|move|p2a: Mew|Encore||[still]\n|-fail|p2a: Mew\n|\n|-end|p1a: Cleopatra|Encore\n|upkeep\n|turn|9\n|\n|t:|1699277053\n|move|p1a: Cleopatra|Stored Power|p2a: Mew\n|-resisted|p2a: Mew\n|-damage|p2a: Mew|0 fnt\n|faint|p2a: Mew\n|\n|upkeep\n|c|\u2606Laprasrules12|GG\n|\n|t:|1699277063\n|switch|p2a: Arceus|Arceus-Ghost|100\/100\n|turn|10\n|\n|t:|1699277068\n|-terastallize|p2a: Arceus|Normal\n|move|p1a: Cleopatra|Protect|p1a: Cleopatra\n|-singleturn|p1a: Cleopatra|Protect\n|move|p2a: Arceus|Extreme Speed|p1a: Cleopatra\n|-activate|p1a: Cleopatra|move: Protect\n|\n|upkeep\n|turn|11\n|\n|t:|1699277072\n|-terastallize|p1a: Cleopatra|Fighting\n|move|p2a: Arceus|Extreme Speed|p1a: Cleopatra\n|-damage|p1a: Cleopatra|36\/100\n|move|p1a: Cleopatra|Tera Blast|p2a: Arceus|[anim] Tera Blast Fighting\n|-supereffective|p2a: Arceus\n|-damage|p2a: Arceus|0 fnt\n|faint|p2a: Arceus\n|\n|-heal|p1a: Cleopatra|42\/100|[from] item: Leftovers\n|upkeep\n|\n|t:|1699277084\n|switch|p2a: Magearna|Magearna|100\/100\n|turn|12\n|\n|t:|1699277087\n|move|p1a: Cleopatra|Protect|p1a: Cleopatra\n|-singleturn|p1a: Cleopatra|Protect\n|move|p2a: Magearna|Fleur Cannon|p1a: Cleopatra\n|-activate|p1a: Cleopatra|move: Protect\n|\n|-heal|p1a: Cleopatra|48\/100|[from] item: Leftovers\n|upkeep\n|turn|13\n|\n|t:|1699277090\n|move|p1a: Cleopatra|Stored Power|p2a: Magearna\n|-resisted|p2a: Magearna\n|-crit|p2a: Magearna\n|-damage|p2a: Magearna|0 fnt\n|faint|p2a: Magearna\n|\n|-heal|p1a: Cleopatra|54\/100|[from] item: Leftovers\n|upkeep\n|-message|sword over shield forfeited.\n|\n|win|Laprasrules12\n|l|\u2606sword over shield\n","uploadtime":1699277100,"views":16,"p1id":"laprasrules12","p2id":"swordovershield","formatid":"gen9ubers","rating":0,"private":0,"password":""}