{"id":"gen9ubers-1968089001","p1":"Hakurei Aquarius","p2":"XpokVEVO","format":"[Gen 9] Ubers","log":"|j|\u2606Hakurei Aquarius\n|j|\u2606XpokVEVO\n|t:|1697383162\n|gametype|singles\n|player|p1|Hakurei Aquarius|gloria|\n|player|p2|XpokVEVO|marshal|\n|teamsize|p1|6\n|teamsize|p2|6\n|gen|9\n|tier|[Gen 9] Ubers\n|rule|Sleep Clause Mod: Limit one foe put to sleep\n|rule|Species Clause: Limit one of each Pok\u00e9mon\n|rule|OHKO Clause: OHKO moves are banned\n|rule|Evasion Items Clause: Evasion items are banned\n|rule|Evasion Moves Clause: Evasion moves are banned\n|rule|Endless Battle Clause: Forcing endless battles is banned\n|rule|HP Percentage Mod: HP is shown in percentages\n|clearpoke\n|poke|p1|Magearna|\n|poke|p1|Garchomp, M|\n|poke|p1|Chi-Yu|\n|poke|p1|Arceus-Grass|\n|poke|p1|Palkia-Origin|\n|poke|p1|Donphan, F|\n|poke|p2|Arceus-Fire|\n|poke|p2|Spectrier|\n|poke|p2|Magearna|\n|poke|p2|Shaymin-Sky|\n|poke|p2|Palkia-Origin|\n|poke|p2|Cyclizar, M|\n|teampreview\n|inactive|Battle timer is ON: inactive players will automatically lose when time's up. (requested by Hakurei Aquarius)\n|inactive|Hakurei Aquarius has 270 seconds left.\n|\n|t:|1697383200\n|start\n|switch|p1a: Palkia|Palkia-Origin|100\/100\n|switch|p2a: Cyclizar|Cyclizar, M|100\/100\n|-ability|p1a: Palkia|Pressure\n|turn|1\n|inactive|XpokVEVO has 270 seconds left.\n|inactive|XpokVEVO has 240 seconds left.\n|inactive|XpokVEVO has 210 seconds left.\n|\n|t:|1697383293\n|move|p2a: Cyclizar|Shed Tail|p2a: Cyclizar\n|-start|p2a: Cyclizar|Substitute|[from] move: Shed Tail\n|-damage|p2a: Cyclizar|50\/100\n|\n|t:|1697383295\n|switch|p2a: Magearna|Magearna|100\/100|[from] Shed Tail\n|move|p1a: Palkia|Spacial Rend|p2a: Magearna\n|-immune|p2a: Magearna\n|\n|upkeep\n|turn|2\n|\n|t:|1697383300\n|move|p1a: Palkia|Hydro Pump|p2a: Magearna\n|-end|p2a: Magearna|Substitute\n|move|p2a: Magearna|Shift Gear|p2a: Magearna\n|-boost|p2a: Magearna|spe|2\n|-boost|p2a: Magearna|atk|1\n|\n|upkeep\n|turn|3\n|\n|t:|1697383324\n|switch|p1a: Arceus|Arceus-Grass|100\/100\n|move|p2a: Magearna|Draining Kiss|p1a: Arceus\n|-damage|p1a: Arceus|78\/100\n|-damage|p2a: Magearna|91\/100|[from] item: Life Orb\n|\n|upkeep\n|turn|4\n|\n|t:|1697383331\n|-terastallize|p2a: Magearna|Fairy\n|move|p2a: Magearna|Fleur Cannon|p1a: Arceus\n|-damage|p1a: Arceus|0 fnt\n|-unboost|p2a: Magearna|spa|2\n|faint|p1a: Arceus\n|-ability|p2a: Magearna|Soul-Heart|boost\n|-boost|p2a: Magearna|spa|1\n|-damage|p2a: Magearna|81\/100|[from] item: Life Orb\n|\n|upkeep\n|\n|t:|1697383336\n|switch|p1a: Chi-Yu|Chi-Yu|100\/100\n|-ability|p1a: Chi-Yu|Beads of Ruin\n|turn|5\n|\n|t:|1697383342\n|move|p1a: Chi-Yu|Flamethrower|p2a: Magearna\n|-damage|p2a: Magearna|17\/100\n|move|p2a: Magearna|Steel Beam|p1a: Chi-Yu\n|-resisted|p1a: Chi-Yu\n|-damage|p1a: Chi-Yu|62\/100\n|-damage|p2a: Magearna|0 fnt|[from] steelbeam\n|faint|p2a: Magearna\n|\n|upkeep\n|c|\u2606XpokVEVO|Am i stupid\n|c|\u2606Hakurei Aquarius|Nah\n|\n|t:|1697383356\n|switch|p2a: Palkia|Palkia-Origin|100\/100\n|-ability|p2a: Palkia|Pressure\n|turn|6\n|\n|t:|1697383366\n|switch|p1a: Magearna|Magearna|100\/100\n|move|p2a: Palkia|Substitute|p2a: Palkia\n|-start|p2a: Palkia|Substitute\n|-damage|p2a: Palkia|76\/100\n|\n|upkeep\n|turn|7\n|c|\u2606XpokVEVO|Lets see how this guy performs\n|inactive|XpokVEVO has 240 seconds left.\n|\n|t:|1697383379\n|move|p2a: Palkia|Hydro Pump|p1a: Magearna|[miss]\n|-miss|p2a: Palkia|p1a: Magearna\n|move|p1a: Magearna|Spikes|p2a: Palkia\n|-sidestart|p2: XpokVEVO|Spikes\n|\n|upkeep\n|turn|8\n|c|\u2606XpokVEVO|Fuck this game\n|inactive|XpokVEVO has 240 seconds left.\n|c|\u2606XpokVEVO|Oh whatever its spikes\n|\n|t:|1697383388\n|move|p2a: Palkia|Hydro Pump|p1a: Magearna\n|-damage|p1a: Magearna|35\/100\n|move|p1a: Magearna|Fleur Cannon|p2a: Palkia\n|-supereffective|p2a: Palkia\n|-end|p2a: Palkia|Substitute\n|-unboost|p1a: Magearna|spa|2\n|\n|-heal|p1a: Magearna|41\/100|[from] item: Leftovers\n|upkeep\n|turn|9\n|\n|t:|1697383394\n|move|p2a: Palkia|Substitute|p2a: Palkia\n|-start|p2a: Palkia|Substitute\n|-damage|p2a: Palkia|51\/100\n|move|p1a: Magearna|Volt Switch|p2a: Palkia\n|-activate|p2a: Palkia|move: Substitute|[damage]\n|\n|t:|1697383397\n|switch|p1a: Donphan|Donphan, F|100\/100|[from] Volt Switch\n|\n|upkeep\n|turn|10\n|\n|t:|1697383400\n|move|p2a: Palkia|Hydro Pump|p1a: Donphan\n|-supereffective|p1a: Donphan\n|-ability|p1a: Donphan|Sturdy\n|-damage|p1a: Donphan|1\/100\n|move|p1a: Donphan|Earthquake|p2a: Palkia\n|-end|p2a: Palkia|Substitute\n|\n|upkeep\n|turn|11\n|\n|t:|1697383405\n|move|p1a: Donphan|Ice Shard|p2a: Palkia\n|-damage|p2a: Palkia|36\/100\n|move|p2a: Palkia|Hydro Pump|p1a: Donphan\n|-supereffective|p1a: Donphan\n|-damage|p1a: Donphan|0 fnt\n|faint|p1a: Donphan\n|\n|upkeep\n|\n|t:|1697383408\n|switch|p1a: Chi-Yu|Chi-Yu|62\/100\n|-ability|p1a: Chi-Yu|Beads of Ruin\n|turn|12\n|c|\u2606XpokVEVO|So much for t wave counters\n|c|\u2606Hakurei Aquarius|Yep\n|c|\u2606XpokVEVO|Chi yu would be dead if i wasnt an ape\n|\n|t:|1697383427\n|move|p1a: Chi-Yu|Dark Pulse|p2a: Palkia\n|-damage|p2a: Palkia|0 fnt\n|faint|p2a: Palkia\n|\n|upkeep\n|inactive|XpokVEVO has 270 seconds left.\n|\n|t:|1697383447\n|switch|p2a: Arceus-Fight\u0131ng|Arceus-Fire, shiny|100\/100\n|-damage|p2a: Arceus-Fight\u0131ng|88\/100|[from] Spikes\n|turn|13\n|c|\u2606Hakurei Aquarius|No, I just carefully played around\n|\n|t:|1697383453\n|-terastallize|p1a: Chi-Yu|Dark\n|move|p1a: Chi-Yu|Dark Pulse|p2a: Arceus-Fight\u0131ng\n|-damage|p2a: Arceus-Fight\u0131ng|34\/100\n|move|p2a: Arceus-Fight\u0131ng|Dazzling Gleam|p1a: Chi-Yu\n|-supereffective|p1a: Chi-Yu\n|-damage|p1a: Chi-Yu|0 fnt\n|faint|p1a: Chi-Yu\n|\n|upkeep\n|\n|t:|1697383458\n|switch|p1a: Garchomp|Garchomp, M|100\/100\n|turn|14\n|c|\u2606XpokVEVO|Wouldnt fleur cannon have killed chi yu?\n|inactive|XpokVEVO has 270 seconds left.\n|c|\u2606Hakurei Aquarius|Maybe?\n|c|\u2606Hakurei Aquarius|it would have done a lot\n|\n|t:|1697383481\n|move|p2a: Arceus-Fight\u0131ng|Dazzling Gleam|p1a: Garchomp\n|-supereffective|p1a: Garchomp\n|-damage|p1a: Garchomp|46\/100\n|move|p1a: Garchomp|Swords Dance|p1a: Garchomp\n|-boost|p1a: Garchomp|atk|2\n|\n|upkeep\n|turn|15\n|\n|t:|1697383486\n|switch|p1a: Magearna|Magearna|41\/100\n|move|p2a: Arceus-Fight\u0131ng|Dazzling Gleam|p1a: Magearna\n|-resisted|p1a: Magearna\n|-damage|p1a: Magearna|30\/100\n|\n|-heal|p1a: Magearna|36\/100|[from] item: Leftovers\n|upkeep\n|turn|16\n|\n|t:|1697383492\n|move|p2a: Arceus-Fight\u0131ng|Judgment|p1a: Magearna\n|-supereffective|p1a: Magearna\n|-damage|p1a: Magearna|0 fnt\n|faint|p1a: Magearna\n|\n|upkeep\n|\n|t:|1697383494\n|switch|p1a: Palkia|Palkia-Origin|100\/100\n|-ability|p1a: Palkia|Pressure\n|turn|17\n|\n|t:|1697383498\n|move|p1a: Palkia|Hydro Pump|p2a: Arceus-Fight\u0131ng\n|-supereffective|p2a: Arceus-Fight\u0131ng\n|-damage|p2a: Arceus-Fight\u0131ng|0 fnt\n|faint|p2a: Arceus-Fight\u0131ng\n|\n|upkeep\n|\n|t:|1697383504\n|switch|p2a: Shaymin|Shaymin-Sky, shiny|100\/100\n|turn|18\n|\n|t:|1697383520\n|move|p2a: Shaymin|Seed Flare|p1a: Palkia\n|-damage|p1a: Palkia|30\/100\n|-unboost|p1a: Palkia|spd|2\n|-damage|p2a: Shaymin|91\/100|[from] item: Life Orb\n|move|p1a: Palkia|Power Gem|p2a: Shaymin\n|-supereffective|p2a: Shaymin\n|-damage|p2a: Shaymin|16\/100\n|\n|upkeep\n|turn|19\n|c|\u2606Hakurei Aquarius|You probably won\n|\n|t:|1697383532\n|move|p2a: Shaymin|Tailwind|p2a: Shaymin\n|-sidestart|p2: XpokVEVO|move: Tailwind\n|move|p1a: Palkia|Power Gem|p2a: Shaymin\n|-supereffective|p2a: Shaymin\n|-damage|p2a: Shaymin|0 fnt\n|faint|p2a: Shaymin\n|\n|upkeep\n|\n|t:|1697383533\n|switch|p2a: Spectrier|Spectrier|100\/100\n|-damage|p2a: Spectrier|88\/100|[from] Spikes\n|turn|20\n|\n|t:|1697383535\n|move|p2a: Spectrier|Shadow Ball|p1a: Palkia\n|-damage|p1a: Palkia|0 fnt\n|faint|p1a: Palkia\n|-ability|p2a: Spectrier|Grim Neigh|boost\n|-boost|p2a: Spectrier|spa|1\n|\n|upkeep\n|\n|t:|1697383537\n|switch|p1a: Garchomp|Garchomp, M|46\/100\n|turn|21\n|\n|t:|1697383539\n|move|p2a: Spectrier|Shadow Ball|p1a: Garchomp\n|-damage|p1a: Garchomp|0 fnt\n|faint|p1a: Garchomp\n|\n|win|XpokVEVO\n|c|\u2606XpokVEVO|Gg\n|c|\u2606Hakurei Aquarius|Yea, should\u2019ve let chomp go\n|c|\u2606Hakurei Aquarius|gg\n|l|\u2606XpokVEVO\n|l|\u2606Hakurei Aquarius\n|j|\u2606XpokVEVO\n|player|p2|XpokVEVO|marshal\n","uploadtime":1697383551,"views":18,"p1id":"hakureiaquarius","p2id":"xpokvevo","formatid":"gen9ubers","rating":0,"private":0,"password":""}