{"id":"gen9ubers-1978437885","p1":"1P1o1s1h1e1","p2":"aiyalexei","format":"[Gen 9] Ubers","log":"|j|\u26061P1o1s1h1e1\n|j|\u2606aiyalexei\n|t:|1698538922\n|gametype|singles\n|player|p1|1P1o1s1h1e1|2|\n|player|p2|aiyalexei|carmine-festival|\n|teamsize|p1|6\n|teamsize|p2|6\n|gen|9\n|tier|[Gen 9] Ubers\n|rule|Sleep Clause Mod: Limit one foe put to sleep\n|rule|Species Clause: Limit one of each Pok\u00e9mon\n|rule|OHKO Clause: OHKO moves are banned\n|rule|Evasion Items Clause: Evasion items are banned\n|rule|Evasion Moves Clause: Evasion moves are banned\n|rule|Endless Battle Clause: Forcing endless battles is banned\n|rule|HP Percentage Mod: HP is shown in percentages\n|clearpoke\n|poke|p1|Wo-Chien|\n|poke|p1|Arceus-Poison|\n|poke|p1|Magearna|\n|poke|p1|Ursaluna-Bloodmoon, M|\n|poke|p1|Sneasler, M|\n|poke|p1|Scream Tail|\n|poke|p2|Pelipper, M|\n|poke|p2|Basculegion-F, F|\n|poke|p2|Palkia-Origin|\n|poke|p2|Magearna|\n|poke|p2|Arceus-Poison|\n|poke|p2|Gholdengo|\n|teampreview\n|c|\u2606aiyalexei|glhf\n|c|\u26061P1o1s1h1e1|glhf\n|\n|t:|1698538957\n|start\n|switch|p1a: Bonnie (FNAF)|Magearna|100\/100\n|switch|p2a: Magearna|Magearna|100\/100\n|turn|1\n|\n|t:|1698538968\n|move|p1a: Bonnie (FNAF)|Thunder Wave|p2a: Magearna\n|-status|p2a: Magearna|par\n|cant|p2a: Magearna|par\n|\n|upkeep\n|turn|2\n|\n|t:|1698538977\n|move|p1a: Bonnie (FNAF)|Spikes|p2a: Magearna\n|-sidestart|p2: aiyalexei|Spikes\n|cant|p2a: Magearna|par\n|\n|upkeep\n|turn|3\n|\n|t:|1698538985\n|move|p1a: Bonnie (FNAF)|Volt Switch|p2a: Magearna\n|-damage|p2a: Magearna|88\/100 par\n|\n|t:|1698538988\n|switch|p1a: Freddy (FNAF)|Ursaluna-Bloodmoon, M|100\/100|[from] Volt Switch\n|cant|p2a: Magearna|par\n|\n|-heal|p2a: Magearna|94\/100 par|[from] item: Leftovers\n|upkeep\n|turn|4\n|\n|t:|1698538996\n|switch|p2a: Pelipper|Pelipper, M|100\/100\n|-weather|RainDance|[from] ability: Drizzle|[of] p2a: Pelipper\n|move|p1a: Freddy (FNAF)|Calm Mind|p1a: Freddy (FNAF)\n|-boost|p1a: Freddy (FNAF)|spa|1\n|-boost|p1a: Freddy (FNAF)|spd|1\n|\n|-weather|RainDance|[upkeep]\n|upkeep\n|turn|5\n|\n|t:|1698539030\n|move|p1a: Freddy (FNAF)|Hyper Voice|p2a: Pelipper\n|-damage|p2a: Pelipper|22\/100\n|move|p2a: Pelipper|U-turn|p1a: Freddy (FNAF)\n|-damage|p1a: Freddy (FNAF)|94\/100\n|\n|t:|1698539036\n|switch|p2a: Basculegion|Basculegion-F, F|100\/100|[from] U-turn\n|-damage|p2a: Basculegion|88\/100|[from] Spikes\n|\n|-weather|RainDance|[upkeep]\n|-heal|p1a: Freddy (FNAF)|100\/100|[from] item: Leftovers\n|upkeep\n|turn|6\n|\n|t:|1698539044\n|-terastallize|p1a: Freddy (FNAF)|Water\n|move|p2a: Basculegion|Flip Turn|p1a: Freddy (FNAF)\n|-resisted|p1a: Freddy (FNAF)\n|-crit|p1a: Freddy (FNAF)\n|-damage|p1a: Freddy (FNAF)|71\/100\n|\n|t:|1698539068\n|switch|p2a: Palkia|Palkia-Origin|100\/100|[from] Flip Turn\n|-damage|p2a: Palkia|88\/100|[from] Spikes\n|-ability|p2a: Palkia|Pressure\n|move|p1a: Freddy (FNAF)|Hyper Voice|p2a: Palkia\n|-damage|p2a: Palkia|32\/100\n|\n|-weather|RainDance|[upkeep]\n|-heal|p1a: Freddy (FNAF)|77\/100|[from] item: Leftovers\n|upkeep\n|turn|7\n|\n|t:|1698539079\n|move|p2a: Palkia|Draco Meteor|p1a: Freddy (FNAF)\n|-damage|p1a: Freddy (FNAF)|28\/100\n|-unboost|p2a: Palkia|spa|2\n|move|p1a: Freddy (FNAF)|Hyper Voice|p2a: Palkia\n|-damage|p2a: Palkia|0 fnt\n|faint|p2a: Palkia\n|\n|-weather|RainDance|[upkeep]\n|-heal|p1a: Freddy (FNAF)|34\/100|[from] item: Leftovers\n|upkeep\n|\n|t:|1698539097\n|switch|p2a: Basculegion|Basculegion-F, F|88\/100\n|-damage|p2a: Basculegion|76\/100|[from] Spikes\n|turn|8\n|\n|t:|1698539104\n|move|p2a: Basculegion|Last Respects|p1a: Freddy (FNAF)\n|-damage|p1a: Freddy (FNAF)|0 fnt\n|faint|p1a: Freddy (FNAF)\n|\n|-weather|RainDance|[upkeep]\n|upkeep\n|\n|t:|1698539117\n|switch|p1a: Mangle (FNAF)|Wo-Chien|100\/100\n|-ability|p1a: Mangle (FNAF)|Tablets of Ruin\n|turn|9\n|\n|t:|1698539127\n|switch|p2a: Magearna|Magearna|94\/100 par\n|-damage|p2a: Magearna|82\/100 par|[from] Spikes\n|move|p1a: Mangle (FNAF)|Knock Off|p2a: Magearna\n|-resisted|p2a: Magearna\n|-damage|p2a: Magearna|69\/100 par\n|-enditem|p2a: Magearna|Leftovers|[from] move: Knock Off|[of] p1a: Mangle (FNAF)\n|\n|-weather|RainDance|[upkeep]\n|upkeep\n|turn|10\n|\n|t:|1698539135\n|move|p1a: Mangle (FNAF)|Substitute|p1a: Mangle (FNAF)\n|-start|p1a: Mangle (FNAF)|Substitute\n|-damage|p1a: Mangle (FNAF)|76\/100\n|cant|p2a: Magearna|par\n|\n|-weather|RainDance|[upkeep]\n|-heal|p1a: Mangle (FNAF)|82\/100|[from] item: Leftovers\n|upkeep\n|turn|11\n|c|\u2606aiyalexei|this magearna is worthless\n|\n|t:|1698539146\n|move|p1a: Mangle (FNAF)|Leech Seed|p2a: Magearna\n|-start|p2a: Magearna|move: Leech Seed\n|move|p2a: Magearna|Spikes|p1a: Mangle (FNAF)\n|-sidestart|p1: 1P1o1s1h1e1|Spikes\n|\n|-weather|none\n|-heal|p1a: Mangle (FNAF)|88\/100|[from] item: Leftovers\n|-damage|p2a: Magearna|57\/100 par|[from] Leech Seed|[of] p1a: Mangle (FNAF)\n|-heal|p1a: Mangle (FNAF)|99\/100|[silent]\n|upkeep\n|turn|12\n|c|\u26061P1o1s1h1e1|im sorry man\n|c|\u26061P1o1s1h1e1|this is unfort\n|\n|t:|1698539155\n|move|p1a: Mangle (FNAF)|Knock Off|p2a: Magearna\n|-resisted|p2a: Magearna\n|-damage|p2a: Magearna|48\/100 par\n|move|p2a: Magearna|Fleur Cannon|p1a: Mangle (FNAF)\n|-supereffective|p1a: Mangle (FNAF)\n|-end|p1a: Mangle (FNAF)|Substitute\n|-unboost|p2a: Magearna|spa|2\n|\n|-heal|p1a: Mangle (FNAF)|100\/100|[from] item: Leftovers\n|-damage|p2a: Magearna|36\/100 par|[from] Leech Seed|[of] p1a: Mangle (FNAF)\n|upkeep\n|turn|13\n|c|\u2606aiyalexei|lol dw abt it\n|\n|t:|1698539174\n|move|p1a: Mangle (FNAF)|Substitute|p1a: Mangle (FNAF)\n|-start|p1a: Mangle (FNAF)|Substitute\n|-damage|p1a: Mangle (FNAF)|76\/100\n|move|p2a: Magearna|Volt Switch|p1a: Mangle (FNAF)\n|-resisted|p1a: Mangle (FNAF)\n|-activate|p1a: Mangle (FNAF)|move: Substitute|[damage]\n|\n|t:|1698539179\n|switch|p2a: Arceus|Arceus-Poison|100\/100|[from] Volt Switch\n|-damage|p2a: Arceus|88\/100|[from] Spikes\n|\n|-heal|p1a: Mangle (FNAF)|82\/100|[from] item: Leftovers\n|upkeep\n|turn|14\n|\n|t:|1698539183\n|move|p2a: Arceus|Judgment|p1a: Mangle (FNAF)\n|-supereffective|p1a: Mangle (FNAF)\n|-end|p1a: Mangle (FNAF)|Substitute\n|move|p1a: Mangle (FNAF)|Leech Seed|p2a: Arceus\n|-start|p2a: Arceus|move: Leech Seed\n|\n|-heal|p1a: Mangle (FNAF)|88\/100|[from] item: Leftovers\n|-damage|p2a: Arceus|76\/100|[from] Leech Seed|[of] p1a: Mangle (FNAF)\n|-heal|p1a: Mangle (FNAF)|100\/100|[silent]\n|upkeep\n|turn|15\n|\n|t:|1698539199\n|move|p2a: Arceus|Taunt|p1a: Mangle (FNAF)\n|-start|p1a: Mangle (FNAF)|move: Taunt\n|cant|p1a: Mangle (FNAF)|move: Taunt|Substitute\n|\n|-damage|p2a: Arceus|63\/100|[from] Leech Seed|[of] p1a: Mangle (FNAF)\n|upkeep\n|turn|16\n|\n|t:|1698539206\n|switch|p1a: Bonnie (FNAF)|Magearna|100\/100\n|-damage|p1a: Bonnie (FNAF)|88\/100|[from] Spikes\n|move|p2a: Arceus|Will-O-Wisp|p1a: Bonnie (FNAF)\n|-status|p1a: Bonnie (FNAF)|brn\n|\n|-heal|p1a: Bonnie (FNAF)|94\/100 brn|[from] item: Leftovers\n|-damage|p2a: Arceus|51\/100|[from] Leech Seed|[of] p1a: Bonnie (FNAF)\n|-heal|p1a: Bonnie (FNAF)|100\/100 brn|[silent]\n|-damage|p1a: Bonnie (FNAF)|94\/100 brn|[from] brn\n|upkeep\n|turn|17\n|\n|t:|1698539214\n|move|p2a: Arceus|Recover|p2a: Arceus\n|-heal|p2a: Arceus|100\/100\n|move|p1a: Bonnie (FNAF)|Thunder Wave|p2a: Arceus\n|-status|p2a: Arceus|par\n|\n|-heal|p1a: Bonnie (FNAF)|100\/100 brn|[from] item: Leftovers\n|-damage|p2a: Arceus|88\/100 par|[from] Leech Seed|[of] p1a: Bonnie (FNAF)\n|-damage|p1a: Bonnie (FNAF)|94\/100 brn|[from] brn\n|upkeep\n|turn|18\n|\n|t:|1698539224\n|switch|p2a: Gholdengo|Gholdengo|100\/100\n|-damage|p2a: Gholdengo|88\/100|[from] Spikes\n|move|p1a: Bonnie (FNAF)|Volt Switch|p2a: Gholdengo\n|-damage|p2a: Gholdengo|66\/100\n|\n|t:|1698539237\n|switch|p1a: Mangle (FNAF)|Wo-Chien|100\/100|[from] Volt Switch\n|-damage|p1a: Mangle (FNAF)|88\/100|[from] Spikes\n|-ability|p1a: Mangle (FNAF)|Tablets of Ruin\n|\n|-heal|p1a: Mangle (FNAF)|94\/100|[from] item: Leftovers\n|upkeep\n|turn|19\n|\n|t:|1698539251\n|move|p1a: Mangle (FNAF)|Protect|p1a: Mangle (FNAF)\n|-singleturn|p1a: Mangle (FNAF)|Protect\n|move|p2a: Gholdengo|Trick|p1a: Mangle (FNAF)\n|-activate|p1a: Mangle (FNAF)|move: Protect\n|\n|-heal|p1a: Mangle (FNAF)|100\/100|[from] item: Leftovers\n|upkeep\n|turn|20\n|\n|t:|1698539278\n|switch|p2a: Arceus|Arceus-Poison|88\/100 par\n|-damage|p2a: Arceus|76\/100 par|[from] Spikes\n|switch|p1a: sheIsSuchABadBi-|Sneasler, M, shiny|100\/100\n|-damage|p1a: sheIsSuchABadBi-|88\/100|[from] Spikes\n|\n|upkeep\n|turn|21\n|\n|t:|1698539286\n|move|p1a: sheIsSuchABadBi-|U-turn|p2a: Arceus\n|-resisted|p2a: Arceus\n|-damage|p2a: Arceus|69\/100 par\n|\n|t:|1698539289\n|switch|p1a: Bonnie (FNAF)|Magearna|94\/100 brn|[from] U-turn\n|-damage|p1a: Bonnie (FNAF)|82\/100 brn|[from] Spikes\n|move|p2a: Arceus|Will-O-Wisp|p1a: Bonnie (FNAF)\n|-fail|p1a: Bonnie (FNAF)|brn\n|\n|-heal|p1a: Bonnie (FNAF)|88\/100 brn|[from] item: Leftovers\n|-damage|p1a: Bonnie (FNAF)|82\/100 brn|[from] brn\n|upkeep\n|turn|22\n|\n|t:|1698539310\n|move|p1a: Bonnie (FNAF)|Spikes|p2a: Arceus\n|-sidestart|p2: aiyalexei|Spikes\n|cant|p2a: Arceus|par\n|\n|-heal|p1a: Bonnie (FNAF)|88\/100 brn|[from] item: Leftovers\n|-damage|p1a: Bonnie (FNAF)|82\/100 brn|[from] brn\n|upkeep\n|turn|23\n|\n|t:|1698539317\n|move|p1a: Bonnie (FNAF)|Spikes|p2a: Arceus\n|-sidestart|p2: aiyalexei|Spikes\n|move|p2a: Arceus|Taunt|p1a: Bonnie (FNAF)\n|-start|p1a: Bonnie (FNAF)|move: Taunt\n|\n|-heal|p1a: Bonnie (FNAF)|88\/100 brn|[from] item: Leftovers\n|-damage|p1a: Bonnie (FNAF)|82\/100 brn|[from] brn\n|upkeep\n|turn|24\n|\n|t:|1698539322\n|move|p1a: Bonnie (FNAF)|Volt Switch|p2a: Arceus\n|-damage|p2a: Arceus|55\/100 par\n|\n|t:|1698539326\n|switch|p1a: Purple Guy (FNAF)|Arceus-Poison|100\/100|[from] Volt Switch\n|-damage|p1a: Purple Guy (FNAF)|88\/100|[from] Spikes\n|move|p2a: Arceus|Judgment|p1a: Purple Guy (FNAF)\n|-resisted|p1a: Purple Guy (FNAF)\n|-damage|p1a: Purple Guy (FNAF)|73\/100\n|\n|upkeep\n|turn|25\n|\n|t:|1698539338\n|move|p1a: Purple Guy (FNAF)|Will-O-Wisp||[still]\n|-fail|p1a: Purple Guy (FNAF)\n|move|p2a: Arceus|Will-O-Wisp|p1a: Purple Guy (FNAF)\n|-status|p1a: Purple Guy (FNAF)|brn\n|\n|-damage|p1a: Purple Guy (FNAF)|67\/100 brn|[from] brn\n|upkeep\n|turn|26\n|\n|t:|1698539345\n|move|p1a: Purple Guy (FNAF)|Taunt|p2a: Arceus\n|-start|p2a: Arceus|move: Taunt\n|cant|p2a: Arceus|move: Taunt|Recover\n|\n|-damage|p1a: Purple Guy (FNAF)|61\/100 brn|[from] brn\n|upkeep\n|turn|27\n|\n|t:|1698539351\n|switch|p2a: Magearna|Magearna|36\/100 par\n|-damage|p2a: Magearna|11\/100 par|[from] Spikes\n|move|p1a: Purple Guy (FNAF)|Gunk Shot|p2a: Magearna\n|-immune|p2a: Magearna\n|\n|-damage|p1a: Purple Guy (FNAF)|55\/100 brn|[from] brn\n|upkeep\n|turn|28\n|\n|t:|1698539358\n|move|p1a: Purple Guy (FNAF)|Taunt|p2a: Magearna\n|-start|p2a: Magearna|move: Taunt\n|cant|p2a: Magearna|move: Taunt|Spikes\n|\n|-damage|p1a: Purple Guy (FNAF)|49\/100 brn|[from] brn\n|upkeep\n|turn|29\n|\n|t:|1698539365\n|move|p1a: Purple Guy (FNAF)|Recover|p1a: Purple Guy (FNAF)\n|-heal|p1a: Purple Guy (FNAF)|99\/100 brn\n|cant|p2a: Magearna|par\n|\n|-damage|p1a: Purple Guy (FNAF)|93\/100 brn|[from] brn\n|upkeep\n|turn|30\n|\n|t:|1698539370\n|switch|p1a: Bonnie (FNAF)|Magearna|82\/100 brn\n|-damage|p1a: Bonnie (FNAF)|70\/100 brn|[from] Spikes\n|cant|p2a: Magearna|par\n|\n|-heal|p1a: Bonnie (FNAF)|76\/100 brn|[from] item: Leftovers\n|-damage|p1a: Bonnie (FNAF)|70\/100 brn|[from] brn\n|-end|p2a: Magearna|move: Taunt\n|upkeep\n|turn|31\n|\n|t:|1698539377\n|move|p1a: Bonnie (FNAF)|Volt Switch|p2a: Magearna\n|-damage|p2a: Magearna|0 fnt\n|faint|p2a: Magearna\n|-ability|p1a: Bonnie (FNAF)|Soul-Heart|boost\n|-boost|p1a: Bonnie (FNAF)|spa|1\n|\n|t:|1698539385\n|switch|p1a: Mangle (FNAF)|Wo-Chien|100\/100|[from] Volt Switch\n|-damage|p1a: Mangle (FNAF)|88\/100|[from] Spikes\n|-ability|p1a: Mangle (FNAF)|Tablets of Ruin\n|\n|-heal|p1a: Mangle (FNAF)|94\/100|[from] item: Leftovers\n|upkeep\n|\n|t:|1698539394\n|switch|p2a: Pelipper|Pelipper, M|22\/100\n|-weather|RainDance|[from] ability: Drizzle|[of] p2a: Pelipper\n|turn|32\n|\n|t:|1698539400\n|move|p1a: Mangle (FNAF)|Knock Off|p2a: Pelipper\n|-damage|p2a: Pelipper|0 fnt\n|-enditem|p2a: Pelipper|Damp Rock|[from] move: Knock Off|[of] p1a: Mangle (FNAF)\n|faint|p2a: Pelipper\n|\n|-weather|RainDance|[upkeep]\n|-heal|p1a: Mangle (FNAF)|100\/100|[from] item: Leftovers\n|upkeep\n|\n|t:|1698539407\n|switch|p2a: Basculegion|Basculegion-F, F|76\/100\n|-damage|p2a: Basculegion|51\/100|[from] Spikes\n|turn|33\n|\n|t:|1698539415\n|-terastallize|p2a: Basculegion|Water\n|move|p2a: Basculegion|Flip Turn|p1a: Mangle (FNAF)\n|-resisted|p1a: Mangle (FNAF)\n|-damage|p1a: Mangle (FNAF)|74\/100\n|\n|t:|1698539421\n|switch|p2a: Gholdengo|Gholdengo|66\/100|[from] Flip Turn\n|-damage|p2a: Gholdengo|41\/100|[from] Spikes\n|move|p1a: Mangle (FNAF)|Knock Off|p2a: Gholdengo\n|-supereffective|p2a: Gholdengo\n|-damage|p2a: Gholdengo|0 fnt\n|-enditem|p2a: Gholdengo|Choice Scarf|[from] move: Knock Off|[of] p1a: Mangle (FNAF)\n|faint|p2a: Gholdengo\n|\n|-weather|RainDance|[upkeep]\n|-heal|p1a: Mangle (FNAF)|80\/100|[from] item: Leftovers\n|upkeep\n|\n|t:|1698539429\n|switch|p2a: Arceus|Arceus-Poison|55\/100 par\n|-damage|p2a: Arceus|30\/100 par|[from] Spikes\n|turn|34\n|\n|t:|1698539433\n|move|p1a: Mangle (FNAF)|Substitute|p1a: Mangle (FNAF)\n|-start|p1a: Mangle (FNAF)|Substitute\n|-damage|p1a: Mangle (FNAF)|56\/100\n|cant|p2a: Arceus|par\n|\n|-weather|RainDance|[upkeep]\n|-heal|p1a: Mangle (FNAF)|62\/100|[from] item: Leftovers\n|upkeep\n|turn|35\n|\n|t:|1698539439\n|move|p1a: Mangle (FNAF)|Protect|p1a: Mangle (FNAF)\n|-singleturn|p1a: Mangle (FNAF)|Protect\n|move|p2a: Arceus|Judgment|p1a: Mangle (FNAF)\n|-activate|p1a: Mangle (FNAF)|move: Protect\n|\n|-weather|RainDance|[upkeep]\n|-heal|p1a: Mangle (FNAF)|68\/100|[from] item: Leftovers\n|upkeep\n|turn|36\n|c|\u2606aiyalexei|gg\n|c|\u26061P1o1s1h1e1|gg\n|-message|aiyalexei forfeited.\n|\n|win|1P1o1s1h1e1\n|l|\u2606aiyalexei\n","uploadtime":1698539455,"views":56,"p1id":"1p1o1s1h1e1","p2id":"aiyalexei","formatid":"gen9ubers","rating":0,"private":0,"password":""}