{"id":"gen9ubers-1994417598","p1":"Ups1deD0wnSyndrome","p2":"Darcia","format":"[Gen 9] Ubers","log":"|j|\u2606Ups1deD0wnSyndrome\n|j|\u2606Darcia\n|t:|1700441621\n|gametype|singles\n|player|p1|Ups1deD0wnSyndrome|102|\n|player|p2|Darcia|n-masters|\n|teamsize|p1|6\n|teamsize|p2|6\n|gen|9\n|tier|[Gen 9] Ubers\n|rule|Sleep Clause Mod: Limit one foe put to sleep\n|rule|Species Clause: Limit one of each Pok\u00e9mon\n|rule|OHKO Clause: OHKO moves are banned\n|rule|Evasion Items Clause: Evasion items are banned\n|rule|Evasion Moves Clause: Evasion moves are banned\n|rule|Endless Battle Clause: Forcing endless battles is banned\n|rule|HP Percentage Mod: HP is shown in percentages\n|clearpoke\n|poke|p1|Sylveon, M|\n|poke|p1|Wo-Chien|\n|poke|p1|Haxorus, F|\n|poke|p1|Arcanine, F|\n|poke|p1|Palafin, F|\n|poke|p1|Quagsire, M|\n|poke|p2|Zoroark-Hisui, F|\n|poke|p2|Ogerpon-Wellspring, F|\n|poke|p2|Great Tusk|\n|poke|p2|Ribombee, F|\n|poke|p2|Shiftry, F|\n|poke|p2|Typhlosion-Hisui, F|\n|teampreview\n|\n|t:|1700441648\n|start\n|switch|p1a: Palafin|Palafin, F|100\/100\n|switch|p2a: Tengu|Shiftry, F|100\/100\n|turn|1\n|\n|t:|1700441658\n|move|p1a: Palafin|Flip Turn|p2a: Tengu\n|-resisted|p2a: Tengu\n|-damage|p2a: Tengu|72\/100\n|\n|t:|1700441665\n|detailschange|p1a: Palafin|Palafin-Hero, F\n|switch|p1a: Arcanine|Arcanine, F|100\/100|[from] Flip Turn\n|-ability|p1a: Arcanine|Intimidate|boost\n|-unboost|p2a: Tengu|atk|1\n|move|p2a: Tengu|Toxic Spikes|p1a: Arcanine\n|-sidestart|p1: Ups1deD0wnSyndrome|move: Toxic Spikes\n|\n|upkeep\n|turn|2\n|\n|t:|1700441701\n|switch|p2a: Seymour|Typhlosion-Hisui, F|100\/100\n|-item|p1a: Arcanine|Rocky Helmet|[from] ability: Frisk|[of] p2a: Seymour|[identify]\n|move|p1a: Arcanine|Will-O-Wisp|p2a: Seymour\n|-immune|p2a: Seymour\n|\n|upkeep\n|turn|3\n|\n|t:|1700441715\n|switch|p1a: Quagsire|Quagsire, M|100\/100\n|-status|p1a: Quagsire|psn\n|move|p2a: Seymour|Shadow Ball|p1a: Quagsire\n|-damage|p1a: Quagsire|32\/100 psn\n|\n|-heal|p1a: Quagsire|38\/100 psn|[from] item: Leftovers\n|-damage|p1a: Quagsire|25\/100 psn|[from] psn\n|upkeep\n|turn|4\n|\n|t:|1700441729\n|move|p2a: Seymour|Shadow Ball|p1a: Quagsire\n|-crit|p1a: Quagsire\n|-damage|p1a: Quagsire|0 fnt\n|faint|p1a: Quagsire\n|\n|upkeep\n|\n|t:|1700441747\n|switch|p1a: Wo-Chien|Wo-Chien|100\/100\n|-status|p1a: Wo-Chien|psn\n|-ability|p1a: Wo-Chien|Tablets of Ruin\n|turn|5\n|\n|t:|1700441759\n|switch|p2a: Tengu|Shiftry, F|72\/100\n|move|p1a: Wo-Chien|Dark Pulse|p2a: Tengu\n|-resisted|p2a: Tengu\n|-damage|p2a: Tengu|50\/100\n|\n|-damage|p1a: Wo-Chien|88\/100 psn|[from] psn\n|upkeep\n|turn|6\n|\n|t:|1700441774\n|switch|p1a: Haxorus|Haxorus, F|100\/100\n|-status|p1a: Haxorus|psn\n|-ability|p1a: Haxorus|Mold Breaker\n|move|p2a: Tengu|Toxic Spikes|p1a: Haxorus\n|-sidestart|p1: Ups1deD0wnSyndrome|move: Toxic Spikes\n|\n|-damage|p1a: Haxorus|88\/100 psn|[from] psn\n|upkeep\n|turn|7\n|\n|t:|1700441792\n|move|p1a: Haxorus|Dragon Dance|p1a: Haxorus\n|-boost|p1a: Haxorus|atk|1\n|-boost|p1a: Haxorus|spe|1\n|move|p2a: Tengu|Knock Off|p1a: Haxorus\n|-damage|p1a: Haxorus|30\/100 psn\n|-enditem|p1a: Haxorus|Life Orb|[from] move: Knock Off|[of] p2a: Tengu\n|\n|-damage|p1a: Haxorus|18\/100 psn|[from] psn\n|upkeep\n|turn|8\n|\n|t:|1700441809\n|switch|p2a: Behemoth|Great Tusk|100\/100\n|move|p1a: Haxorus|Dragon Claw|p2a: Behemoth\n|-damage|p2a: Behemoth|57\/100\n|\n|-damage|p1a: Haxorus|5\/100 psn|[from] psn\n|upkeep\n|turn|9\n|\n|t:|1700441819\n|-end|p2a: Behemoth|Protosynthesis|[silent]\n|switch|p2a: Titania|Ribombee, F|100\/100\n|move|p1a: Haxorus|Iron Head|p2a: Titania\n|-supereffective|p2a: Titania\n|-enditem|p2a: Titania|Focus Sash\n|-damage|p2a: Titania|1\/100\n|\n|-damage|p1a: Haxorus|0 fnt|[from] psn\n|faint|p1a: Haxorus\n|upkeep\n|\n|t:|1700441830\n|switch|p1a: Palafin|Palafin-Hero, F|100\/100\n|-status|p1a: Palafin|tox\n|-activate|p1a: Palafin|ability: Zero to Hero\n|turn|10\n|\n|t:|1700441845\n|switch|p2a: Katara|Ogerpon-Wellspring, F|100\/100\n|move|p1a: Palafin|Flip Turn|p2a: Katara\n|-immune|p2a: Katara|[from] ability: Water Absorb\n|\n|-damage|p1a: Palafin|94\/100 tox|[from] psn\n|upkeep\n|turn|11\n|\n|t:|1700441855\n|switch|p1a: Wo-Chien|Wo-Chien|88\/100 psn\n|-ability|p1a: Wo-Chien|Tablets of Ruin\n|move|p2a: Katara|Swords Dance|p2a: Katara\n|-boost|p2a: Katara|atk|2\n|\n|-damage|p1a: Wo-Chien|76\/100 psn|[from] psn\n|upkeep\n|turn|12\n|\n|t:|1700441868\n|move|p2a: Katara|Play Rough|p1a: Wo-Chien\n|-supereffective|p1a: Wo-Chien\n|-damage|p1a: Wo-Chien|0 fnt\n|faint|p1a: Wo-Chien\n|\n|upkeep\n|\n|t:|1700441882\n|switch|p1a: Palafin|Palafin-Hero, F|94\/100 tox\n|turn|13\n|\n|t:|1700441890\n|move|p2a: Katara|Horn Leech|p1a: Palafin\n|-supereffective|p1a: Palafin\n|-damage|p1a: Palafin|0 fnt\n|faint|p1a: Palafin\n|\n|upkeep\n|\n|t:|1700441896\n|switch|p1a: Arcanine|Arcanine, F|100\/100\n|-status|p1a: Arcanine|tox\n|-ability|p1a: Arcanine|Intimidate|boost\n|-unboost|p2a: Katara|atk|1\n|turn|14\n|\n|t:|1700441904\n|move|p2a: Katara|Ivy Cudgel|p1a: Arcanine|[anim] Ivy Cudgel Water\n|-supereffective|p1a: Arcanine\n|-crit|p1a: Arcanine\n|-damage|p1a: Arcanine|0 fnt\n|faint|p1a: Arcanine\n|\n|upkeep\n|\n|t:|1700441910\n|switch|p1a: Sylveon|Sylveon, M|100\/100\n|-status|p1a: Sylveon|tox\n|turn|15\n|\n|t:|1700441917\n|move|p2a: Katara|Ivy Cudgel|p1a: Sylveon|[anim] Ivy Cudgel Water\n|-damage|p1a: Sylveon|0 fnt\n|faint|p1a: Sylveon\n|\n|win|Darcia\n","uploadtime":1700441924,"views":26,"p1id":"ups1ded0wnsyndrome","p2id":"darcia","formatid":"gen9ubers","rating":0,"private":0,"password":""}