{"id":"gen9ubers-1999507751","p1":"wholesomeisland","p2":"Gavin Wagner","format":"[Gen 9] Ubers","log":"|j|\u2606wholesomeisland\n|j|\u2606Gavin Wagner\n|t:|1701090464\n|gametype|singles\n|player|p1|wholesomeisland|265|1131\n|player|p2|Gavin Wagner|170|1000\n|teamsize|p1|6\n|teamsize|p2|6\n|gen|9\n|tier|[Gen 9] Ubers\n|rated|\n|rule|Sleep Clause Mod: Limit one foe put to sleep\n|rule|Species Clause: Limit one of each Pok\u00e9mon\n|rule|OHKO Clause: OHKO moves are banned\n|rule|Evasion Items Clause: Evasion items are banned\n|rule|Evasion Moves Clause: Evasion moves are banned\n|rule|Endless Battle Clause: Forcing endless battles is banned\n|rule|HP Percentage Mod: HP is shown in percentages\n|clearpoke\n|poke|p1|Magearna|\n|poke|p1|Zacian-*|\n|poke|p1|Jirachi|\n|poke|p1|Calyrex-Ice|\n|poke|p1|Chi-Yu|\n|poke|p1|Groudon|\n|poke|p2|Darkrai|\n|poke|p2|Shaymin-Sky|\n|poke|p2|Gliscor, M|\n|poke|p2|Annihilape, M|\n|poke|p2|Baxcalibur, M|\n|poke|p2|Zacian-*|\n|teampreview\n|\n|t:|1701090481\n|start\n|switch|p1a: Calyrex|Calyrex-Ice|100\/100\n|switch|p2a: Gliscor|Gliscor, M, shiny|100\/100\n|-ability|p1a: Calyrex|As One\n|-ability|p1a: Calyrex|Unnerve\n|-item|p2a: Gliscor|Air Balloon\n|turn|1\n|\n|t:|1701090492\n|move|p2a: Gliscor|Stealth Rock|p1a: Calyrex\n|-sidestart|p1: wholesomeisland|move: Stealth Rock\n|move|p1a: Calyrex|Trick Room|p1a: Calyrex\n|-fieldstart|move: Trick Room|[of] p1a: Calyrex\n|\n|upkeep\n|turn|2\n|\n|t:|1701090496\n|move|p1a: Calyrex|Glacial Lance|p2a: Gliscor\n|-supereffective|p2a: Gliscor\n|-damage|p2a: Gliscor|0 fnt\n|-enditem|p2a: Gliscor|Air Balloon\n|faint|p2a: Gliscor\n|-ability|p1a: Calyrex|Chilling Neigh|boost\n|-boost|p1a: Calyrex|atk|1\n|\n|upkeep\n|c|\u2606wholesomeisland|snowball time\n|\n|t:|1701090516\n|switch|p2a: Annihilape|Annihilape, M, shiny|100\/100\n|turn|3\n|\n|t:|1701090526\n|move|p1a: Calyrex|Glacial Lance|p2a: Annihilape\n|-enditem|p2a: Annihilape|Focus Sash\n|-damage|p2a: Annihilape|1\/100\n|move|p2a: Annihilape|Close Combat|p1a: Calyrex\n|-damage|p1a: Calyrex|77\/100\n|-unboost|p2a: Annihilape|def|1\n|-unboost|p2a: Annihilape|spd|1\n|\n|-heal|p1a: Calyrex|83\/100|[from] item: Leftovers\n|upkeep\n|turn|4\n|\n|t:|1701090544\n|move|p1a: Calyrex|Glacial Lance|p2a: Annihilape\n|-damage|p2a: Annihilape|0 fnt\n|faint|p2a: Annihilape\n|-ability|p1a: Calyrex|Chilling Neigh|boost\n|-boost|p1a: Calyrex|atk|1\n|\n|-heal|p1a: Calyrex|89\/100|[from] item: Leftovers\n|upkeep\n|inactive|Battle timer is ON: inactive players will automatically lose when time's up. (requested by wholesomeisland)\n|\n|t:|1701090567\n|switch|p2a: Darkrai|Darkrai, shiny|100\/100\n|turn|5\n|\n|t:|1701090574\n|move|p1a: Calyrex|Glacial Lance|p2a: Darkrai\n|-damage|p2a: Darkrai|0 fnt\n|faint|p2a: Darkrai\n|-ability|p1a: Calyrex|Chilling Neigh|boost\n|-boost|p1a: Calyrex|atk|1\n|\n|-heal|p1a: Calyrex|95\/100|[from] item: Leftovers\n|-fieldend|move: Trick Room\n|upkeep\n|\n|t:|1701090583\n|switch|p2a: Baxcalibur|Baxcalibur, M, shiny|100\/100\n|turn|6\n|\n|t:|1701090588\n|move|p2a: Baxcalibur|Body Press|p1a: Calyrex\n|-damage|p1a: Calyrex|86\/100\n|move|p1a: Calyrex|Trick Room|p1a: Calyrex\n|-fieldstart|move: Trick Room|[of] p1a: Calyrex\n|\n|-heal|p1a: Calyrex|92\/100|[from] item: Leftovers\n|upkeep\n|turn|7\n|\n|t:|1701090599\n|move|p1a: Calyrex|Glacial Lance|p2a: Baxcalibur\n|-damage|p2a: Baxcalibur|0 fnt\n|faint|p2a: Baxcalibur\n|-ability|p1a: Calyrex|Chilling Neigh|boost\n|-boost|p1a: Calyrex|atk|1\n|\n|-heal|p1a: Calyrex|98\/100|[from] item: Leftovers\n|upkeep\n|c|\u2606wholesomeisland|calyrex-I sweep fr\n|\n|t:|1701090611\n|switch|p2a: Shaymin|Shaymin-Sky, shiny|100\/100\n|turn|8\n|\n|t:|1701090624\n|-terastallize|p2a: Shaymin|Fairy\n|move|p1a: Calyrex|Glacial Lance|p2a: Shaymin\n|-damage|p2a: Shaymin|0 fnt\n|faint|p2a: Shaymin\n|-ability|p1a: Calyrex|Chilling Neigh|boost\n|-boost|p1a: Calyrex|atk|1\n|\n|-heal|p1a: Calyrex|100\/100|[from] item: Leftovers\n|upkeep\n|\n|t:|1701090635\n|switch|p2a: Zacian|Zacian, shiny|100\/100\n|-ability|p2a: Zacian|Intrepid Sword|boost\n|-boost|p2a: Zacian|atk|1\n|turn|9\n|\n|t:|1701090640\n|move|p1a: Calyrex|Glacial Lance|p2a: Zacian\n|-damage|p2a: Zacian|0 fnt\n|faint|p2a: Zacian\n|\n|win|wholesomeisland\n|raw|wholesomeisland's rating: 1131 &rarr; <strong>1147<\/strong><br \/>(+16 for winning)\n|raw|Gavin Wagner's rating: 1000 &rarr; <strong>1000<\/strong><br \/>(+0 for losing)\n|c|\u2606wholesomeisland|gg\n|l|\u2606Gavin Wagner\n","uploadtime":1701090649,"views":7,"p1id":"wholesomeisland","p2id":"gavinwagner","formatid":"gen9ubers","rating":1000,"private":0,"password":""}