{"id":"gen9ubers-1977526423","p1":"churchpumpkin","p2":"SearsCoupon","format":"[Gen 9] Ubers","log":"|j|\u203dchurchpumpkin\n|j|\u2606SearsCoupon\n|t:|1698424542\n|gametype|singles\n|player|p1|churchpumpkin|preschoolerf|1139\n|player|p2|SearsCoupon|266|1033\n|teamsize|p1|6\n|teamsize|p2|6\n|gen|9\n|tier|[Gen 9] Ubers\n|rated|\n|rule|Sleep Clause Mod: Limit one foe put to sleep\n|rule|Species Clause: Limit one of each Pok\u00e9mon\n|rule|OHKO Clause: OHKO moves are banned\n|rule|Evasion Items Clause: Evasion items are banned\n|rule|Evasion Moves Clause: Evasion moves are banned\n|rule|Endless Battle Clause: Forcing endless battles is banned\n|rule|HP Percentage Mod: HP is shown in percentages\n|clearpoke\n|poke|p1|Ogerpon-Hearthflame, F|\n|poke|p1|Rillaboom, M|\n|poke|p1|Torterra, M|\n|poke|p1|Dipplin, M|\n|poke|p1|Zarude-Dada|\n|poke|p1|Ludicolo, M|\n|poke|p2|Okidogi, M|\n|poke|p2|Ninetales-Alola, M|\n|poke|p2|Baxcalibur, F|\n|poke|p2|Manaphy|\n|poke|p2|Kingambit, M|\n|poke|p2|Ditto|\n|teampreview\n|\n|t:|1698424557\n|start\n|switch|p1a: Ludicolo|Ludicolo, M|100\/100\n|switch|p2a: Ninetales|Ninetales-Alola, M|100\/100\n|-weather|Snow|[from] ability: Snow Warning|[of] p2a: Ninetales\n|turn|1\n|inactive|Battle timer is ON: inactive players will automatically lose when time's up. (requested by churchpumpkin)\n|\n|t:|1698424571\n|move|p2a: Ninetales|Aurora Veil|p2a: Ninetales\n|-sidestart|p2: SearsCoupon|move: Aurora Veil\n|move|p1a: Ludicolo|Leech Seed|p2a: Ninetales\n|-start|p2a: Ninetales|move: Leech Seed\n|\n|-weather|Snow|[upkeep]\n|-damage|p2a: Ninetales|88\/100|[from] Leech Seed|[of] p1a: Ludicolo\n|upkeep\n|turn|2\n|\n|t:|1698424581\n|switch|p1a: Ogerpon|Ogerpon-Hearthflame, F|100\/100\n|-ability|p1a: Ogerpon|Mold Breaker\n|move|p2a: Ninetales|Freeze-Dry|p1a: Ogerpon\n|-damage|p1a: Ogerpon|76\/100\n|\n|-weather|Snow|[upkeep]\n|-damage|p2a: Ninetales|76\/100|[from] Leech Seed|[of] p1a: Ogerpon\n|-heal|p1a: Ogerpon|91\/100|[silent]\n|upkeep\n|turn|3\n|\n|t:|1698424599\n|-terastallize|p1a: Ogerpon|Fire\n|detailschange|p1a: Ogerpon|Ogerpon-Hearthflame-Tera, F, tera:Fire\n|-ability|p1a: Ogerpon|Embody Aspect (Hearthflame)|boost\n|-boost|p1a: Ogerpon|atk|1\n|move|p1a: Ogerpon|Ivy Cudgel|p2a: Ninetales\n|-supereffective|p2a: Ninetales\n|-damage|p2a: Ninetales|0 fnt\n|faint|p2a: Ninetales\n|\n|-weather|Snow|[upkeep]\n|upkeep\n|\n|t:|1698424609\n|switch|p2a: Baxcalibur|Baxcalibur, F|100\/100\n|turn|4\n|\n|t:|1698424613\n|move|p1a: Ogerpon|U-turn|p2a: Baxcalibur\n|-damage|p2a: Baxcalibur|88\/100\n|\n|t:|1698424619\n|switch|p1a: Ludicolo|Ludicolo, M|100\/100|[from] U-turn\n|move|p2a: Baxcalibur|Earthquake|p1a: Ludicolo\n|-resisted|p1a: Ludicolo\n|-damage|p1a: Ludicolo|80\/100\n|\n|-weather|Snow|[upkeep]\n|-heal|p2a: Baxcalibur|94\/100|[from] ability: Ice Body\n|-heal|p1a: Ludicolo|86\/100|[from] item: Leftovers\n|upkeep\n|turn|5\n|\n|t:|1698424630\n|move|p2a: Baxcalibur|Icicle Spear|p1a: Ludicolo\n|-damage|p1a: Ludicolo|72\/100\n|-damage|p1a: Ludicolo|55\/100\n|-damage|p1a: Ludicolo|40\/100\n|-damage|p1a: Ludicolo|25\/100\n|-hitcount|p1a: Ludicolo|4\n|move|p1a: Ludicolo|Chilling Water|p2a: Baxcalibur\n|-resisted|p2a: Baxcalibur\n|-damage|p2a: Baxcalibur|89\/100\n|-unboost|p2a: Baxcalibur|atk|1\n|\n|-weather|none\n|-heal|p1a: Ludicolo|31\/100|[from] item: Leftovers\n|upkeep\n|turn|6\n|\n|t:|1698424647\n|move|p2a: Baxcalibur|Icicle Spear|p1a: Ludicolo\n|-damage|p1a: Ludicolo|20\/100\n|-damage|p1a: Ludicolo|10\/100\n|-damage|p1a: Ludicolo|0 fnt\n|faint|p1a: Ludicolo\n|-hitcount|p1: Ludicolo|3\n|\n|upkeep\n|\n|t:|1698424657\n|switch|p1a: Ogerpon|Ogerpon-Hearthflame-Tera, F, tera:Fire|91\/100\n|-ability|p1a: Ogerpon|Embody Aspect (Hearthflame)|boost\n|-boost|p1a: Ogerpon|atk|1\n|turn|7\n|\n|t:|1698424666\n|move|p1a: Ogerpon|Spiky Shield|p1a: Ogerpon\n|-singleturn|p1a: Ogerpon|move: Protect\n|move|p2a: Baxcalibur|Scale Shot|p1a: Ogerpon\n|-activate|p1a: Ogerpon|move: Protect\n|\n|upkeep\n|turn|8\n|\n|t:|1698424679\n|move|p1a: Ogerpon|Ivy Cudgel|p2a: Baxcalibur\n|-crit|p2a: Baxcalibur\n|-damage|p2a: Baxcalibur|0 fnt\n|faint|p2a: Baxcalibur\n|\n|-sideend|p2: SearsCoupon|move: Aurora Veil\n|upkeep\n|\n|t:|1698424685\n|switch|p2a: Manaphy|Manaphy|100\/100\n|turn|9\n|\n|t:|1698424690\n|move|p1a: Ogerpon|Horn Leech|p2a: Manaphy\n|-supereffective|p2a: Manaphy\n|-damage|p2a: Manaphy|0 fnt\n|-heal|p1a: Ogerpon|100\/100|[from] drain|[of] p2a: Manaphy\n|faint|p2a: Manaphy\n|\n|upkeep\n|\n|t:|1698424694\n|switch|p2a: Ditto|Ditto, shiny|100\/100\n|turn|10\n|\n|t:|1698424702\n|move|p1a: Ogerpon|Ivy Cudgel|p2a: Ditto\n|-crit|p2a: Ditto\n|-damage|p2a: Ditto|0 fnt\n|faint|p2a: Ditto\n|\n|upkeep\n|-message|SearsCoupon forfeited.\n|\n|win|churchpumpkin\n|raw|churchpumpkin's rating: 1139 &rarr; <strong>1157<\/strong><br \/>(+18 for winning)\n|raw|SearsCoupon's rating: 1033 &rarr; <strong>1022<\/strong><br \/>(-11 for losing)\n|l|\u2606SearsCoupon\n","uploadtime":1698424722,"views":11,"p1id":"churchpumpkin","p2id":"searscoupon","formatid":"gen9ubers","rating":1022,"private":0,"password":""}