{"id":"gen9ubers-1998408897","p1":"Chimsweep","p2":"Chunkymilk7272!","format":"[Gen 9] Ubers","log":"|j|\u2606Chimsweep\n|j|\u2606Chunkymilk7272!\n|t:|1700939056\n|gametype|singles\n|player|p1|Chimsweep|psychic|1226\n|player|p2|Chunkymilk7272!|melony|1289\n|teamsize|p1|6\n|teamsize|p2|6\n|gen|9\n|tier|[Gen 9] Ubers\n|rated|\n|rule|Sleep Clause Mod: Limit one foe put to sleep\n|rule|Species Clause: Limit one of each Pok\u00e9mon\n|rule|OHKO Clause: OHKO moves are banned\n|rule|Evasion Items Clause: Evasion items are banned\n|rule|Evasion Moves Clause: Evasion moves are banned\n|rule|Endless Battle Clause: Forcing endless battles is banned\n|rule|HP Percentage Mod: HP is shown in percentages\n|clearpoke\n|poke|p1|Miraidon|\n|poke|p1|Scream Tail|\n|poke|p1|Urshifu-*, F|\n|poke|p1|Arceus-Water|\n|poke|p1|Hippowdon, M|\n|poke|p1|Chi-Yu|\n|poke|p2|Arceus-Fairy|\n|poke|p2|Palkia-Origin|\n|poke|p2|Shaymin-Sky|\n|poke|p2|Giratina-Origin|\n|poke|p2|Mienshao, M|\n|poke|p2|Flutter Mane|\n|teampreview\n|inactive|Battle timer is ON: inactive players will automatically lose when time's up. (requested by Chimsweep)\n|j| sdfgfdgfdgsd\n|\n|t:|1700939080\n|start\n|switch|p1a: Chi-Yu|Chi-Yu|100\/100\n|switch|p2a: Flutter Mane|Flutter Mane|100\/100\n|-ability|p1a: Chi-Yu|Beads of Ruin\n|turn|1\n|inactive|Chimsweep has 120 seconds left.\n|\n|t:|1700939122\n|move|p2a: Flutter Mane|Substitute|p2a: Flutter Mane\n|-start|p2a: Flutter Mane|Substitute\n|-damage|p2a: Flutter Mane|76\/100\n|move|p1a: Chi-Yu|Flamethrower|p2a: Flutter Mane\n|-end|p2a: Flutter Mane|Substitute\n|\n|-heal|p2a: Flutter Mane|82\/100|[from] item: Leftovers\n|upkeep\n|turn|2\n|\n|t:|1700939126\n|move|p2a: Flutter Mane|Calm Mind|p2a: Flutter Mane\n|-boost|p2a: Flutter Mane|spa|1\n|-boost|p2a: Flutter Mane|spd|1\n|move|p1a: Chi-Yu|Flamethrower|p2a: Flutter Mane\n|-damage|p2a: Flutter Mane|11\/100\n|\n|-heal|p2a: Flutter Mane|17\/100|[from] item: Leftovers\n|upkeep\n|turn|3\n|\n|t:|1700939135\n|move|p2a: Flutter Mane|Moonblast|p1a: Chi-Yu\n|-damage|p1a: Chi-Yu|17\/100\n|-unboost|p1a: Chi-Yu|spa|1\n|move|p1a: Chi-Yu|Flamethrower|p2a: Flutter Mane\n|-damage|p2a: Flutter Mane|0 fnt\n|faint|p2a: Flutter Mane\n|-end|p2a: Flutter Mane|Protosynthesis|[silent]\n|\n|upkeep\n|\n|t:|1700939140\n|switch|p2a: Mienshao|Mienshao, M|100\/100\n|turn|4\n|\n|t:|1700939147\n|switch|p1a: Hippowdon|Hippowdon, M|100\/100\n|-weather|Sandstorm|[from] ability: Sand Stream|[of] p1a: Hippowdon\n|move|p2a: Mienshao|U-turn|p1a: Hippowdon\n|-damage|p1a: Hippowdon|84\/100\n|\n|t:|1700939154\n|switch|p2a: Palkia|Palkia-Origin|100\/100|[from] U-turn\n|-ability|p2a: Palkia|Pressure\n|\n|-weather|Sandstorm|[upkeep]\n|-damage|p2a: Palkia|94\/100|[from] Sandstorm\n|-heal|p1a: Hippowdon|90\/100|[from] item: Leftovers\n|upkeep\n|turn|5\n|\n|t:|1700939163\n|move|p2a: Palkia|Hydro Pump|p1a: Hippowdon|[miss]\n|-miss|p2a: Palkia|p1a: Hippowdon\n|move|p1a: Hippowdon|Roar|p2a: Palkia\n|drag|p2a: Arceus|Arceus-Fairy|100\/100\n|\n|-weather|Sandstorm|[upkeep]\n|-damage|p2a: Arceus|94\/100|[from] Sandstorm\n|-heal|p1a: Hippowdon|96\/100|[from] item: Leftovers\n|upkeep\n|turn|6\n|\n|t:|1700939167\n|move|p2a: Arceus|Calm Mind|p2a: Arceus\n|-boost|p2a: Arceus|spa|1\n|-boost|p2a: Arceus|spd|1\n|move|p1a: Hippowdon|Stealth Rock|p2a: Arceus\n|-sidestart|p2: Chunkymilk7272!|move: Stealth Rock\n|\n|-weather|Sandstorm|[upkeep]\n|-damage|p2a: Arceus|88\/100|[from] Sandstorm\n|-heal|p1a: Hippowdon|100\/100|[from] item: Leftovers\n|upkeep\n|turn|7\n|\n|t:|1700939173\n|move|p2a: Arceus|Judgment|p1a: Hippowdon\n|-damage|p1a: Hippowdon|52\/100\n|move|p1a: Hippowdon|Roar|p2a: Arceus\n|drag|p2a: Mienshao|Mienshao, M|100\/100\n|-damage|p2a: Mienshao|95\/100|[from] Stealth Rock\n|\n|-weather|Sandstorm|[upkeep]\n|-damage|p2a: Mienshao|89\/100|[from] Sandstorm\n|-heal|p1a: Hippowdon|59\/100|[from] item: Leftovers\n|upkeep\n|turn|8\n|\n|t:|1700939179\n|move|p2a: Mienshao|High Jump Kick|p1a: Hippowdon\n|-damage|p1a: Hippowdon|4\/100\n|move|p1a: Hippowdon|Slack Off|p1a: Hippowdon\n|-heal|p1a: Hippowdon|54\/100\n|\n|-weather|none\n|-heal|p1a: Hippowdon|60\/100|[from] item: Leftovers\n|upkeep\n|turn|9\n|\n|t:|1700939183\n|switch|p1a: Chi-Yu|Chi-Yu|17\/100\n|-ability|p1a: Chi-Yu|Beads of Ruin\n|move|p2a: Mienshao|High Jump Kick|p1a: Chi-Yu\n|-supereffective|p1a: Chi-Yu\n|-damage|p1a: Chi-Yu|0 fnt\n|faint|p1a: Chi-Yu\n|\n|upkeep\n|\n|t:|1700939186\n|switch|p1a: Scream Tail|Scream Tail|100\/100\n|turn|10\n|\n|t:|1700939191\n|switch|p2a: Arceus|Arceus-Fairy|88\/100\n|-damage|p2a: Arceus|76\/100|[from] Stealth Rock\n|move|p1a: Scream Tail|Wish|p1a: Scream Tail\n|\n|upkeep\n|turn|11\n|\n|t:|1700939204\n|move|p2a: Arceus|Calm Mind|p2a: Arceus\n|-boost|p2a: Arceus|spa|1\n|-boost|p2a: Arceus|spd|1\n|move|p1a: Scream Tail|Encore|p2a: Arceus\n|-start|p2a: Arceus|Encore\n|\n|upkeep\n|turn|12\n|\n|t:|1700939210\n|switch|p2a: Shaymin|Shaymin-Sky|100\/100\n|-damage|p2a: Shaymin|76\/100|[from] Stealth Rock\n|-end|p1a: Scream Tail|Protosynthesis|[silent]\n|switch|p1a: Miraidon|Miraidon|100\/100\n|-fieldstart|move: Electric Terrain|[from] ability: Hadron Engine|[of] p1a: Miraidon\n|\n|upkeep\n|turn|13\n|\n|t:|1700939220\n|move|p2a: Shaymin|Air Slash|p1a: Miraidon\n|-resisted|p1a: Miraidon\n|-damage|p1a: Miraidon|85\/100\n|move|p1a: Miraidon|Volt Switch|p2a: Shaymin\n|-damage|p2a: Shaymin|0 fnt\n|faint|p2a: Shaymin\n|\n|t:|1700939226\n|switch|p1a: Arceus|Arceus-Water|100\/100|[from] Volt Switch\n|\n|upkeep\n|\n|t:|1700939233\n|switch|p2a: Arceus|Arceus-Fairy|76\/100\n|-damage|p2a: Arceus|64\/100|[from] Stealth Rock\n|turn|14\n|\n|t:|1700939238\n|move|p2a: Arceus|Calm Mind|p2a: Arceus\n|-boost|p2a: Arceus|spa|1\n|-boost|p2a: Arceus|spd|1\n|move|p1a: Arceus|Calm Mind|p1a: Arceus\n|-boost|p1a: Arceus|spa|1\n|-boost|p1a: Arceus|spd|1\n|\n|upkeep\n|turn|15\n|\n|t:|1700939240\n|move|p2a: Arceus|Calm Mind|p2a: Arceus\n|-boost|p2a: Arceus|spa|1\n|-boost|p2a: Arceus|spd|1\n|move|p1a: Arceus|Calm Mind|p1a: Arceus\n|-boost|p1a: Arceus|spa|1\n|-boost|p1a: Arceus|spd|1\n|\n|upkeep\n|turn|16\n|\n|t:|1700939242\n|move|p1a: Arceus|Calm Mind|p1a: Arceus\n|-boost|p1a: Arceus|spa|1\n|-boost|p1a: Arceus|spd|1\n|move|p2a: Arceus|Calm Mind|p2a: Arceus\n|-boost|p2a: Arceus|spa|1\n|-boost|p2a: Arceus|spd|1\n|\n|-fieldend|move: Electric Terrain\n|upkeep\n|turn|17\n|\n|t:|1700939246\n|move|p1a: Arceus|Calm Mind|p1a: Arceus\n|-boost|p1a: Arceus|spa|1\n|-boost|p1a: Arceus|spd|1\n|move|p2a: Arceus|Calm Mind|p2a: Arceus\n|-boost|p2a: Arceus|spa|1\n|-boost|p2a: Arceus|spd|1\n|\n|upkeep\n|turn|18\n|\n|t:|1700939248\n|move|p2a: Arceus|Calm Mind|p2a: Arceus\n|-boost|p2a: Arceus|spa|1\n|-boost|p2a: Arceus|spd|1\n|move|p1a: Arceus|Calm Mind|p1a: Arceus\n|-boost|p1a: Arceus|spa|1\n|-boost|p1a: Arceus|spd|1\n|\n|upkeep\n|turn|19\n|\n|t:|1700939251\n|move|p1a: Arceus|Calm Mind|p1a: Arceus\n|-boost|p1a: Arceus|spa|1\n|-boost|p1a: Arceus|spd|1\n|move|p2a: Arceus|Calm Mind|p2a: Arceus\n|-boost|p2a: Arceus|spa|1\n|-boost|p2a: Arceus|spd|1\n|\n|upkeep\n|turn|20\n|\n|t:|1700939254\n|move|p2a: Arceus|Recover|p2a: Arceus\n|-heal|p2a: Arceus|100\/100\n|move|p1a: Arceus|Judgment|p2a: Arceus\n|-damage|p2a: Arceus|67\/100\n|\n|upkeep\n|turn|21\n|\n|t:|1700939263\n|move|p2a: Arceus|Judgment|p1a: Arceus\n|-damage|p1a: Arceus|66\/100\n|move|p1a: Arceus|Judgment|p2a: Arceus\n|-damage|p2a: Arceus|34\/100\n|\n|upkeep\n|turn|22\n|\n|t:|1700939269\n|move|p2a: Arceus|Recover|p2a: Arceus\n|-heal|p2a: Arceus|84\/100\n|move|p1a: Arceus|Judgment|p2a: Arceus\n|-damage|p2a: Arceus|49\/100\n|\n|upkeep\n|turn|23\n|\n|t:|1700939278\n|move|p1a: Arceus|Recover|p1a: Arceus\n|-heal|p1a: Arceus|100\/100\n|move|p2a: Arceus|Recover|p2a: Arceus\n|-heal|p2a: Arceus|99\/100\n|\n|upkeep\n|turn|24\n|\n|t:|1700939281\n|move|p2a: Arceus|Judgment|p1a: Arceus\n|-damage|p1a: Arceus|66\/100\n|move|p1a: Arceus|Judgment|p2a: Arceus\n|-damage|p2a: Arceus|67\/100\n|\n|upkeep\n|turn|25\n|\n|t:|1700939287\n|move|p1a: Arceus|Judgment|p2a: Arceus\n|-damage|p2a: Arceus|35\/100\n|move|p2a: Arceus|Judgment|p1a: Arceus\n|-damage|p1a: Arceus|33\/100\n|\n|upkeep\n|turn|26\n|\n|t:|1700939297\n|move|p1a: Arceus|Recover|p1a: Arceus\n|-heal|p1a: Arceus|83\/100\n|move|p2a: Arceus|Judgment|p1a: Arceus\n|-damage|p1a: Arceus|53\/100\n|\n|upkeep\n|turn|27\n|\n|t:|1700939300\n|move|p1a: Arceus|Judgment|p2a: Arceus\n|-damage|p2a: Arceus|5\/100\n|move|p2a: Arceus|Recover|p2a: Arceus\n|-heal|p2a: Arceus|55\/100\n|\n|upkeep\n|turn|28\n|\n|t:|1700939306\n|move|p1a: Arceus|Judgment|p2a: Arceus\n|-damage|p2a: Arceus|21\/100\n|move|p2a: Arceus|Recover|p2a: Arceus\n|-heal|p2a: Arceus|71\/100\n|\n|upkeep\n|turn|29\n|\n|t:|1700939312\n|move|p2a: Arceus|Judgment|p1a: Arceus\n|-damage|p1a: Arceus|20\/100\n|move|p1a: Arceus|Recover|p1a: Arceus\n|-heal|p1a: Arceus|70\/100\n|\n|upkeep\n|turn|30\n|\n|t:|1700939316\n|move|p1a: Arceus|Judgment|p2a: Arceus\n|-damage|p2a: Arceus|38\/100\n|move|p2a: Arceus|Judgment|p1a: Arceus\n|-damage|p1a: Arceus|39\/100\n|\n|upkeep\n|turn|31\n|\n|t:|1700939325\n|move|p2a: Arceus|Recover|p2a: Arceus\n|-heal|p2a: Arceus|88\/100\n|move|p1a: Arceus|Recover|p1a: Arceus\n|-heal|p1a: Arceus|89\/100\n|\n|upkeep\n|turn|32\n|\n|t:|1700939333\n|move|p2a: Arceus|Judgment|p1a: Arceus\n|-damage|p1a: Arceus|57\/100\n|move|p1a: Arceus|Judgment|p2a: Arceus\n|-damage|p2a: Arceus|56\/100\n|\n|upkeep\n|turn|33\n|\n|t:|1700939340\n|move|p1a: Arceus|Judgment|p2a: Arceus\n|-damage|p2a: Arceus|22\/100\n|move|p2a: Arceus|Judgment|p1a: Arceus\n|-damage|p1a: Arceus|27\/100\n|\n|upkeep\n|turn|34\n|\n|t:|1700939344\n|move|p2a: Arceus|Judgment|p1a: Arceus\n|-damage|p1a: Arceus|0 fnt\n|faint|p1a: Arceus\n|\n|upkeep\n|\n|t:|1700939349\n|switch|p1a: Miraidon|Miraidon|85\/100\n|-fieldstart|move: Electric Terrain|[from] ability: Hadron Engine|[of] p1a: Miraidon\n|turn|35\n|\n|t:|1700939356\n|-terastallize|p1a: Miraidon|Electric\n|move|p1a: Miraidon|Electro Drift|p2a: Arceus\n|-damage|p2a: Arceus|0 fnt\n|faint|p2a: Arceus\n|\n|upkeep\n|\n|t:|1700939363\n|switch|p2a: Mienshao|Mienshao, M|89\/100\n|-damage|p2a: Mienshao|83\/100|[from] Stealth Rock\n|turn|36\n|\n|t:|1700939368\n|switch|p1a: Hippowdon|Hippowdon, M|60\/100\n|-weather|Sandstorm|[from] ability: Sand Stream|[of] p1a: Hippowdon\n|move|p2a: Mienshao|High Jump Kick|p1a: Hippowdon\n|-damage|p1a: Hippowdon|4\/100\n|\n|-weather|Sandstorm|[upkeep]\n|-damage|p2a: Mienshao|77\/100|[from] Sandstorm\n|-heal|p1a: Hippowdon|10\/100|[from] item: Leftovers\n|upkeep\n|turn|37\n|\n|t:|1700939375\n|move|p2a: Mienshao|High Jump Kick|p1a: Hippowdon\n|-damage|p1a: Hippowdon|0 fnt\n|faint|p1a: Hippowdon\n|\n|-weather|Sandstorm|[upkeep]\n|-damage|p2a: Mienshao|71\/100|[from] Sandstorm\n|upkeep\n|\n|t:|1700939378\n|switch|p1a: Scream Tail|Scream Tail|100\/100\n|turn|38\n|\n|t:|1700939384\n|switch|p2a: Giratina|Giratina-Origin|100\/100\n|-damage|p2a: Giratina|88\/100|[from] Stealth Rock\n|move|p1a: Scream Tail|Dazzling Gleam|p2a: Giratina\n|-supereffective|p2a: Giratina\n|-damage|p2a: Giratina|60\/100\n|\n|-weather|Sandstorm|[upkeep]\n|-damage|p1a: Scream Tail|94\/100|[from] Sandstorm\n|-damage|p2a: Giratina|54\/100|[from] Sandstorm\n|-heal|p1a: Scream Tail|100\/100|[from] item: Leftovers\n|upkeep\n|turn|39\n|\n|t:|1700939391\n|move|p1a: Scream Tail|Wish|p1a: Scream Tail\n|move|p2a: Giratina|Shadow Ball|p1a: Scream Tail\n|-supereffective|p1a: Scream Tail\n|-damage|p1a: Scream Tail|46\/100\n|\n|-weather|Sandstorm|[upkeep]\n|-damage|p1a: Scream Tail|40\/100|[from] Sandstorm\n|-damage|p2a: Giratina|48\/100|[from] Sandstorm\n|-heal|p1a: Scream Tail|46\/100|[from] item: Leftovers\n|-fieldend|move: Electric Terrain\n|upkeep\n|turn|40\n|\n|t:|1700939396\n|move|p1a: Scream Tail|Encore|p2a: Giratina\n|-start|p2a: Giratina|Encore\n|move|p2a: Giratina|Shadow Ball|p1a: Scream Tail\n|-supereffective|p1a: Scream Tail\n|-damage|p1a: Scream Tail|0 fnt\n|faint|p1a: Scream Tail\n|-end|p1a: Scream Tail|Protosynthesis|[silent]\n|\n|-weather|none\n|upkeep\n|\n|t:|1700939398\n|switch|p1a: Urshifu|Urshifu, F|100\/100\n|turn|41\n|\n|t:|1700939402\n|move|p1a: Urshifu|Trailblaze|p2a: Giratina\n|-resisted|p2a: Giratina\n|-damage|p2a: Giratina|42\/100\n|-boost|p1a: Urshifu|spe|1\n|move|p2a: Giratina|Shadow Ball|p1a: Urshifu\n|-resisted|p1a: Urshifu\n|-damage|p1a: Urshifu|60\/100\n|-unboost|p1a: Urshifu|spd|1\n|\n|upkeep\n|turn|42\n|\n|t:|1700939407\n|move|p1a: Urshifu|Wicked Blow|p2a: Giratina\n|-supereffective|p2a: Giratina\n|-crit|p2a: Giratina\n|-damage|p2a: Giratina|0 fnt\n|faint|p2a: Giratina\n|\n|upkeep\n|\n|t:|1700939410\n|switch|p2a: Mienshao|Mienshao, M|71\/100\n|-damage|p2a: Mienshao|65\/100|[from] Stealth Rock\n|turn|43\n|\n|t:|1700939415\n|move|p1a: Urshifu|Sucker Punch|p2a: Mienshao\n|-resisted|p2a: Mienshao\n|-damage|p2a: Mienshao|28\/100\n|move|p2a: Mienshao|High Jump Kick|p1a: Urshifu\n|-supereffective|p1a: Urshifu\n|-damage|p1a: Urshifu|0 fnt\n|faint|p1a: Urshifu\n|\n|upkeep\n|\n|t:|1700939417\n|switch|p1a: Miraidon|Miraidon, tera:Electric|85\/100\n|-fieldstart|move: Electric Terrain|[from] ability: Hadron Engine|[of] p1a: Miraidon\n|turn|44\n|\n|t:|1700939424\n|-terastallize|p2a: Mienshao|Fighting\n|move|p2a: Mienshao|High Jump Kick|p1a: Miraidon\n|-damage|p1a: Miraidon|0 fnt\n|faint|p1a: Miraidon\n|\n|win|Chunkymilk7272!\n|raw|Chimsweep's rating: 1226 &rarr; <strong>1205<\/strong><br \/>(-21 for losing)\n|raw|Chunkymilk7272!'s rating: 1289 &rarr; <strong>1310<\/strong><br \/>(+21 for winning)\n|l|\u2606Chimsweep\n|c|\u2606Chunkymilk7272!|YOOOO\n","uploadtime":1700939439,"views":26,"p1id":"chimsweep","p2id":"chunkymilk7272","formatid":"gen9ubers","rating":1205,"private":0,"password":""}