{"id":"gen9ubers-1981925834","p1":"bowsori","p2":"sword over shield","format":"[Gen 9] Ubers","log":"|j|\u2606bowsori\n|j|\u2606sword over shield\n|t:|1698952219\n|gametype|singles\n|player|p1|bowsori|ruinmaniac|\n|player|p2|sword over shield|169|\n|teamsize|p1|6\n|teamsize|p2|6\n|gen|9\n|tier|[Gen 9] Ubers\n|rule|Sleep Clause Mod: Limit one foe put to sleep\n|rule|Species Clause: Limit one of each Pok\u00e9mon\n|rule|OHKO Clause: OHKO moves are banned\n|rule|Evasion Items Clause: Evasion items are banned\n|rule|Evasion Moves Clause: Evasion moves are banned\n|rule|Endless Battle Clause: Forcing endless battles is banned\n|rule|HP Percentage Mod: HP is shown in percentages\n|clearpoke\n|poke|p1|Landorus, M|\n|poke|p1|Houndstone, M|\n|poke|p1|Magearna|\n|poke|p1|Tyranitar, F|\n|poke|p1|Zacian-*|\n|poke|p1|Arceus-Bug|\n|poke|p2|Roaring Moon|\n|poke|p2|Zacian-*|\n|poke|p2|Magearna|\n|poke|p2|Arceus-Ice|\n|poke|p2|Ninetales-Alola, M|\n|poke|p2|Milotic, F|\n|teampreview\n|j| Laprasrules12\n|c| Laprasrules12|Kick his ass\n|c|\u2606bowsori|hi\n|c|\u2606bowsori|glhf\n|inactive|Battle timer is ON: inactive players will automatically lose when time's up. (requested by bowsori)\n|c|\u2606sword over shield|sty\n|\n|t:|1698952267\n|start\n|switch|p1a: Zacian|Zacian, shiny|100\/100\n|switch|p2a: Milotic|Milotic, F|100\/100\n|-ability|p1a: Zacian|Intrepid Sword|boost\n|-boost|p1a: Zacian|atk|1\n|turn|1\n|\n|t:|1698952294\n|move|p1a: Zacian|Wild Charge|p2a: Milotic\n|-supereffective|p2a: Milotic\n|-damage|p2a: Milotic|0 fnt\n|faint|p2a: Milotic\n|-damage|p1a: Zacian|70\/100|[from] Recoil\n|\n|upkeep\n|j| Lord Femboy\n|j| LadyMaria-Blue\n|c| Lord Femboy|wild charge zacian :skull:\n|c| Lord Femboy|also this is Finchely btw\n|c| Lord Femboy|also gl Neb\n|\n|t:|1698952323\n|switch|p2a: Ninetales|Ninetales-Alola, M|100\/100\n|-weather|Snow|[from] ability: Snow Warning|[of] p2a: Ninetales\n|turn|2\n|c| Laprasrules12|Damn I thought I was bad\n|\n|t:|1698952329\n|switch|p1a: Tyranitar|Tyranitar, F|100\/100\n|-weather|Sandstorm|[from] ability: Sand Stream|[of] p1a: Tyranitar\n|move|p2a: Ninetales|Aurora Veil||[still]\n|-fail|p2a: Ninetales\n|\n|-weather|Sandstorm|[upkeep]\n|-damage|p2a: Ninetales|94\/100|[from] Sandstorm\n|upkeep\n|turn|3\n|\n|t:|1698952342\n|switch|p2a: Magearna|Magearna|100\/100\n|move|p1a: Tyranitar|Stealth Rock|p2a: Magearna\n|-sidestart|p2: sword over shield|move: Stealth Rock\n|\n|-weather|Sandstorm|[upkeep]\n|upkeep\n|turn|4\n|c| LadyMaria-Blue|you brought sand to a tourney match?\n|c| Lord Femboy|it's not bad really\n|c| Laprasrules12|I used Wild Charge Zacian\n|c| Lord Femboy|and garchomp under sand veil is really scary\n|inactive|bowsori has 270 seconds left.\n|c| LadyMaria-Blue|so wheres chomp lol\n|inactive|bowsori has 240 seconds left.\n|c| Laprasrules12|BL\n|c|\u2606bowsori|it's just balance with a side of sand\n|\n|t:|1698952416\n|move|p2a: Magearna|Shift Gear|p2a: Magearna\n|-boost|p2a: Magearna|spe|2\n|-boost|p2a: Magearna|atk|1\n|move|p1a: Tyranitar|Earthquake|p2a: Magearna\n|-supereffective|p2a: Magearna\n|-damage|p2a: Magearna|61\/100\n|-enditem|p2a: Magearna|Weakness Policy\n|-boost|p2a: Magearna|atk|2|[from] item: Weakness Policy\n|-boost|p2a: Magearna|spa|2|[from] item: Weakness Policy\n|\n|-weather|Sandstorm|[upkeep]\n|upkeep\n|turn|5\n|inactive|sword over shield has 270 seconds left.\n|\n|t:|1698952438\n|move|p2a: Magearna|Shift Gear|p2a: Magearna\n|-boost|p2a: Magearna|spe|2\n|-boost|p2a: Magearna|atk|1\n|move|p1a: Tyranitar|Earthquake|p2a: Magearna\n|-supereffective|p2a: Magearna\n|-damage|p2a: Magearna|24\/100\n|\n|-weather|Sandstorm|[upkeep]\n|upkeep\n|turn|6\n|inactive|bowsori has 240 seconds left.\n|\n|t:|1698952444\n|move|p2a: Magearna|Draining Kiss|p1a: Tyranitar\n|-supereffective|p1a: Tyranitar\n|-damage|p1a: Tyranitar|64\/100\n|-heal|p2a: Magearna|54\/100|[from] drain|[of] p1a: Tyranitar\n|move|p1a: Tyranitar|Earthquake|p2a: Magearna\n|-supereffective|p2a: Magearna\n|-damage|p2a: Magearna|14\/100\n|\n|-weather|Sandstorm|[upkeep]\n|upkeep\n|turn|7\n|\n|t:|1698952459\n|move|p2a: Magearna|Draining Kiss|p1a: Tyranitar\n|-supereffective|p1a: Tyranitar\n|-damage|p1a: Tyranitar|30\/100\n|-heal|p2a: Magearna|42\/100|[from] drain|[of] p1a: Tyranitar\n|move|p1a: Tyranitar|Earthquake|p2a: Magearna\n|-supereffective|p2a: Magearna\n|-damage|p2a: Magearna|1\/100\n|\n|-weather|Sandstorm|[upkeep]\n|upkeep\n|turn|8\n|\n|t:|1698952473\n|move|p2a: Magearna|Draining Kiss|p1a: Tyranitar\n|-supereffective|p1a: Tyranitar\n|-damage|p1a: Tyranitar|0 fnt\n|-heal|p2a: Magearna|26\/100|[from] drain|[of] p1a: Tyranitar\n|faint|p1a: Tyranitar\n|-ability|p2a: Magearna|Soul-Heart|boost\n|-boost|p2a: Magearna|spa|1\n|\n|-weather|Sandstorm|[upkeep]\n|upkeep\n|c| Lord Femboy|bitch bot moment\n|inactive|bowsori has 240 seconds left.\n|c| Laprasrules12|Ew\n|c| Lord Femboy|emu better\n|\n|t:|1698952511\n|switch|p1a: Houndstone|Houndstone, M|100\/100\n|turn|9\n|c| Laprasrules12|Fact\n|\n|t:|1698952518\n|move|p2a: Magearna|Stored Power|p1a: Houndstone\n|-damage|p1a: Houndstone|0 fnt\n|faint|p1a: Houndstone\n|-ability|p2a: Magearna|Soul-Heart|boost\n|-boost|p2a: Magearna|spa|1\n|\n|-weather|none\n|upkeep\n|inactive|bowsori has 210 seconds left.\n|\n|t:|1698952535\n|switch|p1a: Arceus Grass|Arceus-Bug|100\/100\n|turn|10\n|\n|t:|1698952538\n|-terastallize|p2a: Magearna|Psychic\n|-terastallize|p1a: Arceus Grass|Ground\n|move|p2a: Magearna|Stored Power|p1a: Arceus Grass\n|-crit|p1a: Arceus Grass\n|-damage|p1a: Arceus Grass|0 fnt\n|faint|p1a: Arceus Grass\n|-ability|p2a: Magearna|Soul-Heart|boost\n|-boost|p2a: Magearna|spa|1\n|\n|upkeep\n|\n|t:|1698952547\n|switch|p1a: Zacian|Zacian, shiny|70\/100\n|turn|11\n|c| Laprasrules12|Crit totally mattered\n|\n|t:|1698952550\n|move|p2a: Magearna|Stored Power|p1a: Zacian\n|-damage|p1a: Zacian|0 fnt\n|faint|p1a: Zacian\n|-ability|p2a: Magearna|Soul-Heart|boost\n|-boost|p2a: Magearna|spa|1\n|\n|upkeep\n|\n|t:|1698952555\n|switch|p1a: Landorus|Landorus, M|100\/100\n|turn|12\n|\n|t:|1698952558\n|move|p2a: Magearna|Stored Power|p1a: Landorus\n|-damage|p1a: Landorus|0 fnt\n|faint|p1a: Landorus\n|\n|upkeep\n|c|\u2606bowsori|gg\n|\n|t:|1698952562\n|switch|p1a: Magearna|Magearna|100\/100\n|turn|13\n|\n|t:|1698952565\n|move|p2a: Magearna|Stored Power|p1a: Magearna\n|-resisted|p1a: Magearna\n|-damage|p1a: Magearna|0 fnt\n|faint|p1a: Magearna\n|\n|win|sword over shield\n|c| Laprasrules12|Why send out Mag last\n|c| Lord Femboy|:skull:\n|c| Laprasrules12|Oh\n|l| LadyMaria-Blue\n","uploadtime":1698952575,"views":24,"p1id":"bowsori","p2id":"swordovershield","formatid":"gen9ubers","rating":0,"private":0,"password":""}