{"id":"gen9ubers-1992455863","p1":"So Threatening","p2":"Holiss77","format":"[Gen 9] Ubers","log":"|j|\u2606So Threatening\n|j|\u2606Holiss77\n|t:|1700189727\n|gametype|singles\n|player|p1|So Threatening|caitlin|\n|player|p2|Holiss77|lucas|\n|teamsize|p1|6\n|teamsize|p2|6\n|gen|9\n|tier|[Gen 9] Ubers\n|rule|Sleep Clause Mod: Limit one foe put to sleep\n|rule|Species Clause: Limit one of each Pok\u00e9mon\n|rule|OHKO Clause: OHKO moves are banned\n|rule|Evasion Items Clause: Evasion items are banned\n|rule|Evasion Moves Clause: Evasion moves are banned\n|rule|Endless Battle Clause: Forcing endless battles is banned\n|rule|HP Percentage Mod: HP is shown in percentages\n|clearpoke\n|poke|p1|Zamazenta-*|\n|poke|p1|Sandy Shocks|\n|poke|p1|Wo-Chien|\n|poke|p1|Alomomola, M|\n|poke|p1|Talonflame, F|\n|poke|p1|Fezandipiti, M|\n|poke|p2|Ninetales, F|\n|poke|p2|Roaring Moon|\n|poke|p2|Electrode-Hisui|\n|poke|p2|Donphan, F|\n|poke|p2|Ogerpon-Hearthflame, F|\n|poke|p2|Shiftry, M|\n|teampreview\n|j| BPLD\n|\n|t:|1700189740\n|start\n|switch|p1a: SANDY CROCS|Sandy Shocks|100\/100\n|switch|p2a: MadCueBall|Electrode-Hisui, shiny|100\/100\n|turn|1\n|j| TheOtakuOutcast\n|\n|t:|1700189749\n|move|p1a: SANDY CROCS|Earth Power|p2a: MadCueBall\n|-damage|p2a: MadCueBall|26\/100\n|move|p2a: MadCueBall|Giga Drain|p1a: SANDY CROCS\n|-supereffective|p1a: SANDY CROCS\n|-damage|p1a: SANDY CROCS|35\/100\n|-heal|p2a: MadCueBall|70\/100|[from] drain|[of] p1a: SANDY CROCS\n|\n|upkeep\n|turn|2\n|j| PorygonTheBot\n|c| PorygonTheBot|y'all are stupid\n|\n|t:|1700189765\n|switch|p2a: BelowAverage Tusks|Donphan, F, shiny|100\/100\n|move|p1a: SANDY CROCS|Earth Power|p2a: BelowAverage Tusks\n|-damage|p2a: BelowAverage Tusks|60\/100\n|\n|upkeep\n|turn|3\n|j| Seior\n|\n|t:|1700189776\n|-end|p1a: SANDY CROCS|Protosynthesis|[silent]\n|switch|p1a: Aloe Vera|Alomomola, M|100\/100\n|move|p2a: BelowAverage Tusks|Knock Off|p1a: Aloe Vera\n|-damage|p1a: Aloe Vera|84\/100\n|-damage|p2a: BelowAverage Tusks|43\/100|[from] item: Rocky Helmet|[of] p1a: Aloe Vera\n|-enditem|p1a: Aloe Vera|Rocky Helmet|[from] move: Knock Off|[of] p2a: BelowAverage Tusks\n|\n|upkeep\n|turn|4\n|\n|t:|1700189782\n|switch|p2a: Okami|Ninetales, F, shiny|100\/100\n|-weather|SunnyDay|[from] ability: Drought|[of] p2a: Okami\n|move|p1a: Aloe Vera|Flip Turn|p2a: Okami\n|-supereffective|p2a: Okami\n|-damage|p2a: Okami|75\/100\n|\n|t:|1700189784\n|switch|p1a: SANDY CROCS|Sandy Shocks|35\/100|[from] Flip Turn\n|-activate|p1a: SANDY CROCS|ability: Protosynthesis\n|-start|p1a: SANDY CROCS|protosynthesisspa\n|\n|-weather|SunnyDay|[upkeep]\n|upkeep\n|turn|5\n|\n|t:|1700189806\n|switch|p2a: Kozuki|Shiftry, M|100\/100\n|move|p1a: SANDY CROCS|Earth Power|p2a: Kozuki\n|-resisted|p2a: Kozuki\n|-crit|p2a: Kozuki\n|-damage|p2a: Kozuki|20\/100\n|\n|-weather|SunnyDay|[upkeep]\n|upkeep\n|turn|6\n|\n|t:|1700189813\n|-end|p1a: SANDY CROCS|Protosynthesis|[silent]\n|switch|p1a: Dipendeez|Fezandipiti, M|100\/100\n|-item|p1a: Dipendeez|Air Balloon\n|move|p2a: Kozuki|Weather Ball|p1a: Dipendeez\n|-damage|p1a: Dipendeez|68\/100\n|-enditem|p1a: Dipendeez|Air Balloon\n|\n|-weather|SunnyDay|[upkeep]\n|upkeep\n|turn|7\n|\n|t:|1700189820\n|move|p2a: Kozuki|Weather Ball|p1a: Dipendeez\n|-damage|p1a: Dipendeez|36\/100\n|move|p1a: Dipendeez|U-turn|p2a: Kozuki\n|-supereffective|p2a: Kozuki\n|-damage|p2a: Kozuki|0 fnt\n|faint|p2a: Kozuki\n|\n|t:|1700189823\n|switch|p1a: SANDY CROCS|Sandy Shocks|35\/100|[from] U-turn\n|-activate|p1a: SANDY CROCS|ability: Protosynthesis\n|-start|p1a: SANDY CROCS|protosynthesisspa\n|\n|-weather|SunnyDay|[upkeep]\n|upkeep\n|\n|t:|1700189831\n|switch|p2a: DemonBack|Ogerpon-Hearthflame, F|100\/100\n|-ability|p2a: DemonBack|Mold Breaker\n|turn|8\n|\n|t:|1700189836\n|move|p1a: SANDY CROCS|Volt Switch|p2a: DemonBack\n|-resisted|p2a: DemonBack\n|-damage|p2a: DemonBack|79\/100\n|\n|t:|1700189838\n|-end|p1a: SANDY CROCS|Protosynthesis|[silent]\n|switch|p1a: I am Speed|Talonflame, F|100\/100|[from] Volt Switch\n|move|p2a: DemonBack|Trailblaze|p1a: I am Speed\n|-resisted|p1a: I am Speed\n|-damage|p1a: I am Speed|96\/100\n|-boost|p2a: DemonBack|spe|1\n|\n|-weather|SunnyDay|[upkeep]\n|upkeep\n|turn|9\n|\n|t:|1700189884\n|switch|p2a: BelowAverage Tusks|Donphan, F, shiny|43\/100\n|move|p1a: I am Speed|Brave Bird|p2a: BelowAverage Tusks\n|-damage|p2a: BelowAverage Tusks|15\/100\n|-damage|p1a: I am Speed|87\/100|[from] Recoil\n|\n|-weather|SunnyDay|[upkeep]\n|upkeep\n|turn|10\n|j| Ace_T_24\n|\n|t:|1700189907\n|move|p1a: I am Speed|Brave Bird|p2a: BelowAverage Tusks\n|-damage|p2a: BelowAverage Tusks|0 fnt\n|faint|p2a: BelowAverage Tusks\n|-damage|p1a: I am Speed|83\/100|[from] Recoil\n|\n|-weather|SunnyDay|[upkeep]\n|upkeep\n|\n|t:|1700189923\n|switch|p2a: MadCueBall|Electrode-Hisui, shiny|70\/100\n|turn|11\n|\n|t:|1700189926\n|switch|p1a: WOAH|Wo-Chien|100\/100\n|-ability|p1a: WOAH|Tablets of Ruin\n|move|p2a: MadCueBall|Volt Switch|p1a: WOAH\n|-resisted|p1a: WOAH\n|-damage|p1a: WOAH|91\/100\n|\n|t:|1700189934\n|switch|p2a: Roaring 737|Roaring Moon|100\/100|[from] Volt Switch\n|-activate|p2a: Roaring 737|ability: Protosynthesis\n|-start|p2a: Roaring 737|protosynthesisatk\n|\n|-weather|none\n|-end|p2a: Roaring 737|Protosynthesis\n|-heal|p1a: WOAH|97\/100|[from] item: Leftovers\n|upkeep\n|turn|12\n|\n|t:|1700189937\n|move|p2a: Roaring 737|Dragon Dance|p2a: Roaring 737\n|-boost|p2a: Roaring 737|atk|1\n|-boost|p2a: Roaring 737|spe|1\n|move|p1a: WOAH|Leech Seed|p2a: Roaring 737\n|-start|p2a: Roaring 737|move: Leech Seed\n|\n|-heal|p1a: WOAH|100\/100|[from] item: Leftovers\n|-damage|p2a: Roaring 737|88\/100|[from] Leech Seed|[of] p1a: WOAH\n|upkeep\n|turn|13\n|\n|t:|1700189944\n|-end|p2a: Roaring 737|Protosynthesis|[silent]\n|switch|p2a: Okami|Ninetales, F, shiny|75\/100\n|-weather|SunnyDay|[from] ability: Drought|[of] p2a: Okami\n|move|p1a: WOAH|Foul Play|p2a: Okami\n|-damage|p2a: Okami|48\/100\n|\n|-weather|SunnyDay|[upkeep]\n|upkeep\n|turn|14\n|\n|t:|1700189949\n|switch|p1a: Aloe Vera|Alomomola, M|100\/100\n|move|p2a: Okami|Flamethrower|p1a: Aloe Vera\n|-resisted|p1a: Aloe Vera\n|-damage|p1a: Aloe Vera|71\/100\n|\n|-weather|SunnyDay|[upkeep]\n|upkeep\n|turn|15\n|\n|t:|1700189955\n|switch|p2a: Roaring 737|Roaring Moon|88\/100\n|-activate|p2a: Roaring 737|ability: Protosynthesis\n|-start|p2a: Roaring 737|protosynthesisatk\n|move|p1a: Aloe Vera|Safeguard|p1a: Aloe Vera\n|-sidestart|p1: So Threatening|Safeguard\n|\n|-weather|SunnyDay|[upkeep]\n|upkeep\n|turn|16\n|\n|t:|1700189964\n|move|p2a: Roaring 737|Dragon Dance|p2a: Roaring 737\n|-boost|p2a: Roaring 737|atk|1\n|-boost|p2a: Roaring 737|spe|1\n|move|p1a: Aloe Vera|Flip Turn|p2a: Roaring 737\n|-resisted|p2a: Roaring 737\n|-damage|p2a: Roaring 737|83\/100\n|\n|t:|1700189966\n|switch|p1a: No Ghosts?|Zamazenta-Crowned|100\/100|[from] Flip Turn\n|-ability|p1a: No Ghosts?|Dauntless Shield|boost\n|-boost|p1a: No Ghosts?|def|1\n|\n|-weather|SunnyDay|[upkeep]\n|upkeep\n|turn|17\n|\n|t:|1700189974\n|move|p2a: Roaring 737|Earthquake|p1a: No Ghosts?\n|-supereffective|p1a: No Ghosts?\n|-damage|p1a: No Ghosts?|34\/100\n|move|p1a: No Ghosts?|Iron Defense|p1a: No Ghosts?\n|-boost|p1a: No Ghosts?|def|2\n|\n|-weather|SunnyDay|[upkeep]\n|upkeep\n|turn|18\n|\n|t:|1700189979\n|move|p2a: Roaring 737|Earthquake|p1a: No Ghosts?\n|-supereffective|p1a: No Ghosts?\n|-damage|p1a: No Ghosts?|0 fnt\n|faint|p1a: No Ghosts?\n|\n|-weather|SunnyDay|[upkeep]\n|upkeep\n|\n|t:|1700189984\n|switch|p1a: Aloe Vera|Alomomola, M|100\/100\n|turn|19\n|\n|t:|1700189990\n|-end|p2a: Roaring 737|Protosynthesis|[silent]\n|switch|p2a: MadCueBall|Electrode-Hisui, shiny|70\/100\n|move|p1a: Aloe Vera|Scald|p2a: MadCueBall\n|-resisted|p2a: MadCueBall\n|-damage|p2a: MadCueBall|64\/100\n|\n|-weather|SunnyDay|[upkeep]\n|-sideend|p1: So Threatening|Safeguard\n|upkeep\n|turn|20\n|\n|t:|1700190001\n|switch|p1a: WOAH|Wo-Chien|100\/100\n|-ability|p1a: WOAH|Tablets of Ruin\n|move|p2a: MadCueBall|Giga Drain|p1a: WOAH\n|-resisted|p1a: WOAH\n|-damage|p1a: WOAH|90\/100\n|-heal|p2a: MadCueBall|72\/100|[from] drain|[of] p1a: WOAH\n|\n|-weather|none\n|-heal|p1a: WOAH|96\/100|[from] item: Leftovers\n|upkeep\n|turn|21\n|\n|t:|1700190009\n|move|p2a: MadCueBall|Volt Switch|p1a: WOAH\n|-resisted|p1a: WOAH\n|-damage|p1a: WOAH|86\/100\n|\n|t:|1700190011\n|switch|p2a: Okami|Ninetales, F, shiny|48\/100|[from] Volt Switch\n|-weather|SunnyDay|[from] ability: Drought|[of] p2a: Okami\n|move|p1a: WOAH|Knock Off|p2a: Okami\n|-damage|p2a: Okami|4\/100\n|-enditem|p2a: Okami|Heat Rock|[from] move: Knock Off|[of] p1a: WOAH\n|\n|-weather|SunnyDay|[upkeep]\n|-heal|p1a: WOAH|92\/100|[from] item: Leftovers\n|upkeep\n|turn|22\n|\n|t:|1700190020\n|switch|p1a: Aloe Vera|Alomomola, M|100\/100\n|move|p2a: Okami|Rest|p2a: Okami\n|-status|p2a: Okami|slp|[from] move: Rest\n|-heal|p2a: Okami|100\/100 slp|[silent]\n|\n|-weather|SunnyDay|[upkeep]\n|upkeep\n|turn|23\n|\n|t:|1700190024\n|switch|p2a: MadCueBall|Electrode-Hisui, shiny|72\/100\n|move|p1a: Aloe Vera|Wish|p1a: Aloe Vera\n|\n|-weather|SunnyDay|[upkeep]\n|upkeep\n|turn|24\n|c| BPLD|REST\n|c| BPLD|Thats wild\n|\n|t:|1700190049\n|move|p2a: MadCueBall|Giga Drain|p1a: Aloe Vera\n|-supereffective|p1a: Aloe Vera\n|-damage|p1a: Aloe Vera|24\/100\n|-heal|p2a: MadCueBall|100\/100|[from] drain|[of] p1a: Aloe Vera\n|move|p1a: Aloe Vera|Flip Turn|p2a: MadCueBall\n|-resisted|p2a: MadCueBall\n|-damage|p2a: MadCueBall|94\/100\n|\n|t:|1700190051\n|switch|p1a: SANDY CROCS|Sandy Shocks|35\/100|[from] Flip Turn\n|-activate|p1a: SANDY CROCS|ability: Protosynthesis\n|-start|p1a: SANDY CROCS|protosynthesisspa\n|\n|-weather|SunnyDay|[upkeep]\n|-heal|p1a: SANDY CROCS|100\/100|[from] move: Wish|[wisher] Aloe Vera\n|upkeep\n|turn|25\n|c| Seior|downvote\n|c| BPLD|nah\n|c| BPLD|big brain\n|\n|t:|1700190124\n|move|p1a: SANDY CROCS|Earth Power|p2a: MadCueBall\n|-crit|p2a: MadCueBall\n|-damage|p2a: MadCueBall|0 fnt\n|faint|p2a: MadCueBall\n|\n|-weather|SunnyDay|[upkeep]\n|upkeep\n|c|\u2606So Threatening|lets go\n|\n|t:|1700190144\n|switch|p2a: Roaring 737|Roaring Moon|83\/100\n|-activate|p2a: Roaring 737|ability: Protosynthesis\n|-start|p2a: Roaring 737|protosynthesisatk\n|turn|26\n|c| Seior|downvote\n|\n|t:|1700190156\n|move|p1a: SANDY CROCS|Earth Power|p2a: Roaring 737\n|-damage|p2a: Roaring 737|29\/100\n|-unboost|p2a: Roaring 737|spd|1\n|move|p2a: Roaring 737|Dragon Dance|p2a: Roaring 737\n|-boost|p2a: Roaring 737|atk|1\n|-boost|p2a: Roaring 737|spe|1\n|\n|-weather|SunnyDay|[upkeep]\n|upkeep\n|turn|27\n|\n|t:|1700190163\n|-end|p1a: SANDY CROCS|Protosynthesis|[silent]\n|switch|p1a: Dipendeez|Fezandipiti, M|36\/100\n|move|p2a: Roaring 737|Earthquake|p1a: Dipendeez\n|-supereffective|p1a: Dipendeez\n|-damage|p1a: Dipendeez|0 fnt\n|faint|p1a: Dipendeez\n|\n|-weather|SunnyDay|[upkeep]\n|upkeep\n|\n|t:|1700190167\n|switch|p1a: WOAH|Wo-Chien|92\/100\n|-ability|p1a: WOAH|Tablets of Ruin\n|turn|28\n|\n|t:|1700190176\n|-end|p2a: Roaring 737|Protosynthesis|[silent]\n|switch|p2a: DemonBack|Ogerpon-Hearthflame, F|79\/100\n|-ability|p2a: DemonBack|Mold Breaker\n|move|p1a: WOAH|Foul Play|p2a: DemonBack\n|-damage|p2a: DemonBack|42\/100\n|\n|-weather|none\n|-heal|p1a: WOAH|98\/100|[from] item: Leftovers\n|upkeep\n|turn|29\n|\n|t:|1700190189\n|-terastallize|p1a: WOAH|Poison\n|move|p2a: DemonBack|Ivy Cudgel|p1a: WOAH|[anim] Ivy Cudgel Fire\n|-damage|p1a: WOAH|75\/100\n|move|p1a: WOAH|Foul Play|p2a: DemonBack\n|-damage|p2a: DemonBack|9\/100\n|\n|-heal|p1a: WOAH|81\/100|[from] item: Leftovers\n|upkeep\n|turn|30\n|\n|t:|1700190196\n|move|p2a: DemonBack|Ivy Cudgel|p1a: WOAH|[anim] Ivy Cudgel Fire\n|-damage|p1a: WOAH|59\/100\n|move|p1a: WOAH|Foul Play|p2a: DemonBack\n|-damage|p2a: DemonBack|0 fnt\n|faint|p2a: DemonBack\n|\n|-heal|p1a: WOAH|65\/100|[from] item: Leftovers\n|upkeep\n|\n|t:|1700190199\n|switch|p2a: Okami|Ninetales, F, shiny|100\/100 slp\n|-weather|SunnyDay|[from] ability: Drought|[of] p2a: Okami\n|turn|31\n|\n|t:|1700190204\n|switch|p1a: Aloe Vera|Alomomola, M|57\/100\n|cant|p2a: Okami|slp\n|\n|-weather|SunnyDay|[upkeep]\n|upkeep\n|turn|32\n|\n|t:|1700190210\n|cant|p2a: Okami|slp\n|move|p1a: Aloe Vera|Wish|p1a: Aloe Vera\n|\n|-weather|SunnyDay|[upkeep]\n|upkeep\n|turn|33\n|\n|t:|1700190219\n|switch|p1a: I am Speed|Talonflame, F|83\/100\n|-curestatus|p2a: Okami|slp|[msg]\n|move|p2a: Okami|Healing Wish|p2a: Okami\n|faint|p2a: Okami\n|\n|-weather|SunnyDay|[upkeep]\n|-heal|p1a: I am Speed|100\/100|[from] move: Wish|[wisher] Aloe Vera\n|upkeep\n|c|\u2606So Threatening|bro\n|c|\u2606So Threatening|what\n|c|\u2606So Threatening|ninetales learns healing wish? lmao\n|c| Seior|not doin research\n|c| Seior|smh\n|\n|t:|1700190255\n|switch|p2a: Roaring 737|Roaring Moon|29\/100\n|-heal|p2a: Roaring 737|100\/100|[from] move: Healing Wish\n|-activate|p2a: Roaring 737|ability: Protosynthesis\n|-start|p2a: Roaring 737|protosynthesisatk\n|turn|34\n|\n|t:|1700190258\n|move|p2a: Roaring 737|Dragon Dance|p2a: Roaring 737\n|-boost|p2a: Roaring 737|atk|1\n|-boost|p2a: Roaring 737|spe|1\n|move|p1a: I am Speed|U-turn|p2a: Roaring 737\n|-supereffective|p2a: Roaring 737\n|-damage|p2a: Roaring 737|64\/100\n|\n|t:|1700190262\n|switch|p1a: WOAH|Wo-Chien, tera:Poison|65\/100|[from] U-turn\n|-ability|p1a: WOAH|Tablets of Ruin\n|\n|-weather|SunnyDay|[upkeep]\n|-heal|p1a: WOAH|72\/100|[from] item: Leftovers\n|upkeep\n|turn|35\n|\n|t:|1700190309\n|switch|p1a: I am Speed|Talonflame, F|100\/100\n|move|p2a: Roaring 737|Earthquake|p1a: I am Speed\n|-immune|p1a: I am Speed\n|\n|-weather|none\n|-end|p2a: Roaring 737|Protosynthesis\n|upkeep\n|turn|36\n|\n|t:|1700190318\n|move|p2a: Roaring 737|Rock Slide|p1a: I am Speed\n|-supereffective|p1a: I am Speed\n|-damage|p1a: I am Speed|0 fnt\n|faint|p1a: I am Speed\n|\n|upkeep\n|\n|t:|1700190323\n|switch|p1a: Aloe Vera|Alomomola, M|90\/100\n|turn|37\n|\n|t:|1700190350\n|move|p2a: Roaring 737|Dragon Dance|p2a: Roaring 737\n|-boost|p2a: Roaring 737|atk|1\n|-boost|p2a: Roaring 737|spe|1\n|move|p1a: Aloe Vera|Scald|p2a: Roaring 737\n|-resisted|p2a: Roaring 737\n|-damage|p2a: Roaring 737|58\/100\n|-status|p2a: Roaring 737|brn\n|\n|-damage|p2a: Roaring 737|52\/100 brn|[from] brn\n|upkeep\n|turn|38\n|\n|t:|1700190354\n|move|p2a: Roaring 737|Dragon Dance|p2a: Roaring 737\n|-boost|p2a: Roaring 737|atk|1\n|-boost|p2a: Roaring 737|spe|1\n|move|p1a: Aloe Vera|Wish|p1a: Aloe Vera\n|\n|-damage|p2a: Roaring 737|46\/100 brn|[from] brn\n|upkeep\n|turn|39\n|\n|t:|1700190361\n|move|p2a: Roaring 737|Knock Off|p1a: Aloe Vera\n|-damage|p1a: Aloe Vera|67\/100\n|move|p1a: Aloe Vera|Scald|p2a: Roaring 737\n|-resisted|p2a: Roaring 737\n|-damage|p2a: Roaring 737|40\/100 brn\n|\n|-heal|p1a: Aloe Vera|100\/100|[from] move: Wish|[wisher] Aloe Vera\n|-damage|p2a: Roaring 737|34\/100 brn|[from] brn\n|upkeep\n|turn|40\n|c| Seior|bro banked on 30 percent\n|\n|t:|1700190366\n|move|p2a: Roaring 737|Earthquake|p1a: Aloe Vera\n|-damage|p1a: Aloe Vera|78\/100\n|move|p1a: Aloe Vera|Wish|p1a: Aloe Vera\n|\n|-damage|p2a: Roaring 737|28\/100 brn|[from] brn\n|upkeep\n|turn|41\n|c|\u2606So Threatening|its my only play\n|\n|t:|1700190371\n|move|p2a: Roaring 737|Knock Off|p1a: Aloe Vera\n|-crit|p1a: Aloe Vera\n|-damage|p1a: Aloe Vera|40\/100\n|move|p1a: Aloe Vera|Scald|p2a: Roaring 737\n|-resisted|p2a: Roaring 737\n|-damage|p2a: Roaring 737|22\/100 brn\n|\n|-heal|p1a: Aloe Vera|90\/100|[from] move: Wish|[wisher] Aloe Vera\n|-damage|p2a: Roaring 737|16\/100 brn|[from] brn\n|upkeep\n|turn|42\n|c|\u2606Holiss77|Gg\n|\n|t:|1700190382\n|move|p2a: Roaring 737|Rock Slide|p1a: Aloe Vera\n|-damage|p1a: Aloe Vera|72\/100\n|move|p1a: Aloe Vera|Wish|p1a: Aloe Vera\n|\n|-damage|p2a: Roaring 737|10\/100 brn|[from] brn\n|upkeep\n|turn|43\n|\n|t:|1700190389\n|move|p2a: Roaring 737|Rock Slide|p1a: Aloe Vera\n|-crit|p1a: Aloe Vera\n|-damage|p1a: Aloe Vera|44\/100\n|cant|p1a: Aloe Vera|flinch\n|\n|-heal|p1a: Aloe Vera|94\/100|[from] move: Wish|[wisher] Aloe Vera\n|-damage|p2a: Roaring 737|4\/100 brn|[from] brn\n|upkeep\n|turn|44\n|\n|t:|1700190392\n|move|p2a: Roaring 737|Earthquake|p1a: Aloe Vera\n|-damage|p1a: Aloe Vera|70\/100\n|move|p1a: Aloe Vera|Scald|p2a: Roaring 737\n|-resisted|p2a: Roaring 737\n|-damage|p2a: Roaring 737|0 fnt\n|faint|p2a: Roaring 737\n|-end|p2a: Roaring 737|Protosynthesis|[silent]\n|\n|win|So Threatening\n|l| PorygonTheBot\n|c|\u2606So Threatening|gg\n|l| Seior\n|l|\u2606So Threatening\n|l| BPLD\n|l| Ace_T_24\n|l| TheOtakuOutcast\n|l|\u2606Holiss77\n|j| Ace_T_24\n","uploadtime":1700190393,"views":18,"p1id":"sothreatening","p2id":"holiss77","formatid":"gen9ubers","rating":0,"private":0,"password":""}