{"id":"gen9ubers-1976016954","p1":"babynogalXD","p2":"termofservice","format":"[Gen 9] Ubers","log":"|j|\u2606babynogalXD\n|j|\u2606termofservice\n|t:|1698256823\n|gametype|singles\n|player|p1|babynogalXD|ethan|\n|player|p2|termofservice|cynthia-masters|\n|teamsize|p1|6\n|teamsize|p2|6\n|gen|9\n|tier|[Gen 9] Ubers\n|rule|Sleep Clause Mod: Limit one foe put to sleep\n|rule|Species Clause: Limit one of each Pok\u00e9mon\n|rule|OHKO Clause: OHKO moves are banned\n|rule|Evasion Items Clause: Evasion items are banned\n|rule|Evasion Moves Clause: Evasion moves are banned\n|rule|Endless Battle Clause: Forcing endless battles is banned\n|rule|HP Percentage Mod: HP is shown in percentages\n|clearpoke\n|poke|p1|Cutiefly, F|\n|poke|p1|Hatterene, F|\n|poke|p1|Spectrier|\n|poke|p1|Landorus, M|\n|poke|p1|Zacian-*|\n|poke|p1|Shaymin-Sky|\n|poke|p2|Magearna|\n|poke|p2|Zacian-*|\n|poke|p2|Cyclizar, F|\n|poke|p2|Palkia-Origin|\n|poke|p2|Chi-Yu|\n|poke|p2|Shaymin-Sky|\n|teampreview\n|\n|t:|1698256833\n|start\n|switch|p1a: Cutiefly|Cutiefly, F|100\/100\n|switch|p2a: Shaymin|Shaymin-Sky|100\/100\n|turn|1\n|j| zane123456\n|\n|t:|1698256838\n|move|p2a: Shaymin|Tailwind|p2a: Shaymin\n|-sidestart|p2: termofservice|move: Tailwind\n|move|p1a: Cutiefly|Sticky Web|p2a: Shaymin\n|-sidestart|p2: termofservice|move: Sticky Web\n|\n|upkeep\n|turn|2\n|\n|t:|1698256845\n|move|p2a: Shaymin|Air Slash|p1a: Cutiefly\n|-supereffective|p1a: Cutiefly\n|-enditem|p1a: Cutiefly|Focus Sash\n|-damage|p1a: Cutiefly|1\/100\n|move|p1a: Cutiefly|Stun Spore|p2a: Shaymin\n|-immune|p2a: Shaymin\n|\n|upkeep\n|turn|3\n|\n|t:|1698256848\n|move|p2a: Shaymin|Air Slash|p1a: Cutiefly\n|-supereffective|p1a: Cutiefly\n|-damage|p1a: Cutiefly|0 fnt\n|faint|p1a: Cutiefly\n|\n|upkeep\n|\n|t:|1698256878\n|switch|p1a: Hatterene|Hatterene, F|100\/100\n|turn|4\n|\n|t:|1698256887\n|move|p2a: Shaymin|Air Slash|p1a: Hatterene\n|-damage|p1a: Hatterene|46\/100\n|cant|p1a: Hatterene|flinch\n|\n|-heal|p1a: Hatterene|52\/100|[from] item: Leftovers\n|-sideend|p2: termofservice|move: Tailwind\n|upkeep\n|turn|5\n|\n|t:|1698256891\n|move|p2a: Shaymin|Air Slash|p1a: Hatterene\n|-damage|p1a: Hatterene|0 fnt\n|faint|p1a: Hatterene\n|\n|upkeep\n|\n|t:|1698256898\n|switch|p1a: Zacian|Zacian|100\/100\n|-ability|p1a: Zacian|Intrepid Sword|boost\n|-boost|p1a: Zacian|atk|1\n|turn|6\n|\n|t:|1698256902\n|move|p1a: Zacian|Play Rough|p2a: Shaymin\n|-damage|p2a: Shaymin|0 fnt\n|faint|p2a: Shaymin\n|-damage|p1a: Zacian|91\/100|[from] item: Life Orb\n|\n|upkeep\n|\n|t:|1698256911\n|switch|p2a: Magearna|Magearna|100\/100\n|-activate|p2a: Magearna|move: Sticky Web\n|-unboost|p2a: Magearna|spe|1\n|turn|7\n|\n|t:|1698256916\n|switch|p1a: Landorus|Landorus, M|100\/100\n|move|p2a: Magearna|Thunder Wave|p1a: Landorus\n|-immune|p1a: Landorus\n|\n|upkeep\n|turn|8\n|\n|t:|1698256928\n|switch|p2a: Zacian|Zacian|100\/100\n|-activate|p2a: Zacian|move: Sticky Web\n|-unboost|p2a: Zacian|spe|1\n|-ability|p2a: Zacian|Intrepid Sword|boost\n|-boost|p2a: Zacian|atk|1\n|move|p1a: Landorus|Earth Power|p2a: Zacian\n|-damage|p2a: Zacian|27\/100\n|\n|upkeep\n|turn|9\n|\n|t:|1698256932\n|move|p1a: Landorus|Earth Power|p2a: Zacian\n|-damage|p2a: Zacian|0 fnt\n|faint|p2a: Zacian\n|\n|upkeep\n|\n|t:|1698256940\n|switch|p2a: Palkia|Palkia-Origin|100\/100\n|-activate|p2a: Palkia|move: Sticky Web\n|-unboost|p2a: Palkia|spe|1\n|-ability|p2a: Palkia|Pressure\n|turn|10\n|\n|t:|1698256947\n|switch|p1a: Shaymin|Shaymin-Sky|100\/100\n|move|p2a: Palkia|Ice Beam|p1a: Shaymin\n|-supereffective|p1a: Shaymin\n|-damage|p1a: Shaymin|0 fnt\n|faint|p1a: Shaymin\n|\n|upkeep\n|\n|t:|1698256950\n|switch|p1a: Zacian|Zacian|91\/100\n|turn|11\n|\n|t:|1698256955\n|-terastallize|p2a: Palkia|Water\n|move|p1a: Zacian|Play Rough|p2a: Palkia\n|-damage|p2a: Palkia|41\/100\n|-damage|p1a: Zacian|81\/100|[from] item: Life Orb\n|move|p2a: Palkia|Hydro Pump|p1a: Zacian\n|-damage|p1a: Zacian|0 fnt\n|faint|p1a: Zacian\n|\n|upkeep\n|\n|t:|1698256968\n|switch|p1a: Spectrier|Spectrier|100\/100\n|turn|12\n|\n|t:|1698256973\n|switch|p2a: Cyclizar|Cyclizar, F|100\/100\n|move|p1a: Spectrier|Shadow Ball|p2a: Cyclizar\n|-immune|p2a: Cyclizar\n|\n|upkeep\n|turn|13\n|\n|t:|1698256984\n|-terastallize|p1a: Spectrier|Fighting\n|move|p1a: Spectrier|Tera Blast|p2a: Cyclizar|[anim] Tera Blast Fighting\n|-supereffective|p2a: Cyclizar\n|-damage|p2a: Cyclizar|0 fnt\n|faint|p2a: Cyclizar\n|-ability|p1a: Spectrier|Grim Neigh|boost\n|-boost|p1a: Spectrier|spa|1\n|\n|upkeep\n|\n|t:|1698256993\n|switch|p2a: Magearna|Magearna|100\/100\n|-activate|p2a: Magearna|move: Sticky Web\n|-unboost|p2a: Magearna|spe|1\n|turn|14\n|\n|t:|1698257000\n|move|p1a: Spectrier|Substitute|p1a: Spectrier\n|-start|p1a: Spectrier|Substitute\n|-damage|p1a: Spectrier|76\/100\n|move|p2a: Magearna|Draining Kiss|p1a: Spectrier\n|-supereffective|p1a: Spectrier\n|-end|p1a: Spectrier|Substitute\n|\n|upkeep\n|turn|15\n|\n|t:|1698257004\n|move|p1a: Spectrier|Shadow Ball|p2a: Magearna\n|-damage|p2a: Magearna|29\/100\n|move|p2a: Magearna|Draining Kiss|p1a: Spectrier\n|-supereffective|p1a: Spectrier\n|-damage|p1a: Spectrier|10\/100\n|-heal|p2a: Magearna|75\/100|[from] drain|[of] p1a: Spectrier\n|\n|-heal|p2a: Magearna|81\/100|[from] item: Leftovers\n|upkeep\n|turn|16\n|\n|t:|1698257010\n|move|p1a: Spectrier|Shadow Ball|p2a: Magearna\n|-damage|p2a: Magearna|11\/100\n|move|p2a: Magearna|Draining Kiss|p1a: Spectrier\n|-supereffective|p1a: Spectrier\n|-damage|p1a: Spectrier|0 fnt\n|-heal|p2a: Magearna|18\/100|[from] drain|[of] p1a: Spectrier\n|faint|p1a: Spectrier\n|-ability|p2a: Magearna|Soul-Heart|boost\n|-boost|p2a: Magearna|spa|1\n|\n|-heal|p2a: Magearna|24\/100|[from] item: Leftovers\n|upkeep\n|\n|t:|1698257013\n|switch|p1a: Landorus|Landorus, M|100\/100\n|turn|17\n|\n|t:|1698257019\n|move|p1a: Landorus|Earth Power|p2a: Magearna\n|-supereffective|p2a: Magearna\n|-damage|p2a: Magearna|0 fnt\n|faint|p2a: Magearna\n|\n|upkeep\n|\n|t:|1698257021\n|switch|p2a: Chi-Yu|Chi-Yu|100\/100\n|-ability|p2a: Chi-Yu|Beads of Ruin\n|turn|18\n|\n|t:|1698257023\n|move|p1a: Landorus|Earth Power|p2a: Chi-Yu\n|-supereffective|p2a: Chi-Yu\n|-damage|p2a: Chi-Yu|0 fnt\n|faint|p2a: Chi-Yu\n|\n|upkeep\n|\n|t:|1698257026\n|switch|p2a: Palkia|Palkia-Origin, tera:Water|41\/100\n|-activate|p2a: Palkia|move: Sticky Web\n|-unboost|p2a: Palkia|spe|1\n|-ability|p2a: Palkia|Pressure\n|turn|19\n|\n|t:|1698257028\n|move|p1a: Landorus|Earth Power|p2a: Palkia\n|-crit|p2a: Palkia\n|-damage|p2a: Palkia|0 fnt\n|faint|p2a: Palkia\n|\n|win|babynogalXD\n|c|\u2606termofservice|GG\n|c|\u2606termofservice|Close\n|c|\u2606babynogalXD|Gg\n|c|\u2606termofservice|Rematch?\n|c|\u2606babynogalXD|Sure\n|l|\u2606termofservice\n|l|\u2606babynogalXD\n|j|\u2606termofservice\n|player|p2|termofservice|cynthia-masters\n","uploadtime":1698257681,"views":18,"p1id":"babynogalxd","p2id":"termofservice","formatid":"gen9ubers","rating":0,"private":0,"password":""}