{"id":"gen9ubers-1969389695","p1":"Cw1999","p2":"Pajoomas!","format":"[Gen 9] Ubers","log":"|j|\u2606Cw1999\n|j|\u2606Pajoomas!\n|t:|1697524145\n|gametype|singles\n|player|p1|Cw1999|benga|\n|player|p2|Pajoomas!|hilbert|\n|teamsize|p1|6\n|teamsize|p2|6\n|gen|9\n|tier|[Gen 9] Ubers\n|rule|Sleep Clause Mod: Limit one foe put to sleep\n|rule|Species Clause: Limit one of each Pok\u00e9mon\n|rule|OHKO Clause: OHKO moves are banned\n|rule|Evasion Items Clause: Evasion items are banned\n|rule|Evasion Moves Clause: Evasion moves are banned\n|rule|Endless Battle Clause: Forcing endless battles is banned\n|rule|HP Percentage Mod: HP is shown in percentages\n|clearpoke\n|poke|p1|Arceus-Dark|\n|poke|p1|Iron Moth|\n|poke|p1|Magearna-Original|\n|poke|p1|Palkia-Origin|\n|poke|p1|Cyclizar, M|\n|poke|p1|Zacian-*|\n|poke|p2|Zacian-*|\n|poke|p2|Palkia-Origin|\n|poke|p2|Pelipper, F|\n|poke|p2|Magearna|\n|poke|p2|Arceus-Grass|\n|poke|p2|Basculegion-F, F|\n|teampreview\n|inactive|Battle timer is ON: inactive players will automatically lose when time's up. (requested by Cw1999)\n|c|\u2606Cw1999|Glhf\n|j| Dekarran\n|c|\u2606Pajoomas!|hf\n|\n|t:|1697524177\n|start\n|switch|p1a: Cyclizar|Cyclizar, M|100\/100\n|switch|p2a: Magearna|Magearna|100\/100\n|turn|1\n|l|\u2606Cw1999\n|inactive|Cw1999 disconnected and has 300 seconds to reconnect!\n|player|p1|\n|c| Dekarran|Um, UUbers?\n|c|\u2606Pajoomas!|yup\n|c| Dekarran|Excuse me, I was trying looking for that\n|c|\u2606Pajoomas!|Do you want a link to the discord?\n|inactive|Cw1999 has 270 seconds to reconnect!\n|c| Dekarran|Yeah, it could be faster by here\n|j|\u2606Cw1999\n|inactive|Cw1999 reconnected and has 275 seconds left.\n|player|p1|Cw1999|benga\n|inactive|Cw1999 has 270 seconds left.\n|c| Dekarran|I will hace to change some stuff before entering, but I may find more there\n|c|\u2606Pajoomas!|https:\/\/d iscord.gg\/4GXYGWDrSX\n|\n|t:|1697524274\n|move|p1a: Cyclizar|Shed Tail|p1a: Cyclizar\n|-start|p1a: Cyclizar|Substitute|[from] move: Shed Tail\n|-damage|p1a: Cyclizar|50\/100\n|c|\u2606Pajoomas!|just remove a space after the D\n|\n|t:|1697524279\n|switch|p1a: Iron Moth|Iron Moth|100\/100|[from] Shed Tail\n|move|p2a: Magearna|Volt Switch|p1a: Iron Moth\n|-activate|p1a: Iron Moth|move: Substitute|[damage]\n|\n|t:|1697524287\n|switch|p2a: Palkia|Palkia-Origin, shiny|100\/100|[from] Volt Switch\n|-ability|p2a: Palkia|Pressure\n|\n|upkeep\n|turn|2\n|inactive|Cw1999 has 270 seconds left.\n|\n|t:|1697524300\n|move|p2a: Palkia|Spacial Rend|p1a: Iron Moth\n|-end|p1a: Iron Moth|Substitute\n|move|p1a: Iron Moth|Toxic Spikes|p2a: Palkia\n|-sidestart|p2: Pajoomas!|move: Toxic Spikes\n|\n|upkeep\n|turn|3\n|c| Dekarran|thx\n|inactive|Cw1999 has 270 seconds left.\n|\n|t:|1697524314\n|-end|p1a: Iron Moth|Quark Drive|[silent]\n|switch|p1a: Magearna|Magearna-Original|100\/100\n|move|p2a: Palkia|Hydro Pump|p1a: Magearna\n|-damage|p1a: Magearna|38\/100\n|\n|-heal|p1a: Magearna|44\/100|[from] item: Leftovers\n|upkeep\n|turn|4\n|inactive|Cw1999 has 270 seconds left.\n|\n|t:|1697524335\n|switch|p1a: Palkia|Palkia-Origin|100\/100\n|-ability|p1a: Palkia|Pressure\n|move|p2a: Palkia|Substitute|p2a: Palkia\n|-start|p2a: Palkia|Substitute\n|-damage|p2a: Palkia|76\/100\n|\n|upkeep\n|turn|5\n|inactive|Cw1999 has 270 seconds left.\n|\n|t:|1697524349\n|move|p2a: Palkia|Spacial Rend|p1a: Palkia\n|-supereffective|p1a: Palkia\n|-crit|p1a: Palkia\n|-damage|p1a: Palkia|0 fnt\n|faint|p1a: Palkia\n|\n|upkeep\n|\n|t:|1697524358\n|switch|p1a: Zacian|Zacian|100\/100\n|-ability|p1a: Zacian|Intrepid Sword|boost\n|-boost|p1a: Zacian|atk|1\n|turn|6\n|\n|t:|1697524367\n|move|p1a: Zacian|Play Rough|p2a: Palkia\n|-supereffective|p2a: Palkia\n|-end|p2a: Palkia|Substitute\n|move|p2a: Palkia|Hydro Pump|p1a: Zacian\n|-damage|p1a: Zacian|28\/100\n|\n|-heal|p1a: Zacian|34\/100|[from] item: Leftovers\n|upkeep\n|turn|7\n|\n|t:|1697524388\n|-terastallize|p2a: Palkia|Steel\n|move|p1a: Zacian|Play Rough|p2a: Palkia\n|-resisted|p2a: Palkia\n|-damage|p2a: Palkia|41\/100\n|move|p2a: Palkia|Hydro Pump|p1a: Zacian\n|-damage|p1a: Zacian|0 fnt\n|faint|p1a: Zacian\n|\n|upkeep\n|inactive|Cw1999 has 270 seconds left.\n|\n|t:|1697524419\n|switch|p1a: Magearna|Magearna-Original|44\/100\n|turn|8\n|\n|t:|1697524424\n|move|p2a: Palkia|Hydro Pump|p1a: Magearna|[miss]\n|-miss|p2a: Palkia|p1a: Magearna\n|move|p1a: Magearna|Pain Split|p2a: Palkia\n|-sethp|p2a: Palkia|45\/100|[from] move: Pain Split|[silent]\n|-sethp|p1a: Magearna|40\/100|[from] move: Pain Split\n|\n|-heal|p1a: Magearna|46\/100|[from] item: Leftovers\n|upkeep\n|turn|9\n|\n|t:|1697524431\n|move|p2a: Palkia|Substitute|p2a: Palkia\n|-start|p2a: Palkia|Substitute\n|-damage|p2a: Palkia|20\/100\n|move|p1a: Magearna|Fleur Cannon|p2a: Palkia\n|-resisted|p2a: Palkia\n|-end|p2a: Palkia|Substitute\n|-unboost|p1a: Magearna|spa|2\n|\n|-heal|p1a: Magearna|52\/100|[from] item: Leftovers\n|upkeep\n|turn|10\n|\n|t:|1697524441\n|move|p2a: Palkia|Hydro Pump|p1a: Magearna\n|-damage|p1a: Magearna|0 fnt\n|faint|p1a: Magearna\n|\n|upkeep\n|\n|t:|1697524447\n|switch|p1a: Cyclizar|Cyclizar, M|84\/100\n|turn|11\n|inactive|Cw1999 has 270 seconds left.\n|\n|t:|1697524453\n|move|p1a: Cyclizar|Draco Meteor|p2a: Palkia\n|-resisted|p2a: Palkia\n|-damage|p2a: Palkia|4\/100\n|-unboost|p1a: Cyclizar|spa|2\n|move|p2a: Palkia|Spacial Rend|p1a: Cyclizar\n|-supereffective|p1a: Cyclizar\n|-crit|p1a: Cyclizar\n|-damage|p1a: Cyclizar|0 fnt\n|faint|p1a: Cyclizar\n|\n|upkeep\n|inactive|Cw1999 has 270 seconds left.\n|c|\u2606Cw1999|gg\n|c|\u2606Pajoomas!|gg\n|-message|Cw1999 forfeited.\n|\n|win|Pajoomas!\n","uploadtime":1697524474,"views":28,"p1id":"cw1999","p2id":"pajoomas","formatid":"gen9ubers","rating":0,"private":0,"password":""}