{"id":"gen9ubers-1976411345","p1":"DarkBlade00","p2":"Regi345","format":"[Gen 9] Ubers","log":"|j|\u2606DarkBlade00\n|j|\u2606Regi345\n|t:|1698298698\n|gametype|singles\n|player|p1|DarkBlade00|2|1000\n|player|p2|Regi345|170|1126\n|teamsize|p1|5\n|teamsize|p2|6\n|gen|9\n|tier|[Gen 9] Ubers\n|rated|\n|rule|Sleep Clause Mod: Limit one foe put to sleep\n|rule|Species Clause: Limit one of each Pok\u00e9mon\n|rule|OHKO Clause: OHKO moves are banned\n|rule|Evasion Items Clause: Evasion items are banned\n|rule|Evasion Moves Clause: Evasion moves are banned\n|rule|Endless Battle Clause: Forcing endless battles is banned\n|rule|HP Percentage Mod: HP is shown in percentages\n|clearpoke\n|poke|p1|Infernape, F|\n|poke|p1|Gastrodon, M|\n|poke|p1|Raichu, M|\n|poke|p1|Mewtwo|\n|poke|p1|Gyarados, M|\n|poke|p2|Grotle, M|\n|poke|p2|Garganacl, F|\n|poke|p2|Volcarona, M|\n|poke|p2|Annihilape, M|\n|poke|p2|Chansey, F|\n|poke|p2|Baxcalibur, M|\n|teampreview\n|inactive|Battle timer is ON: inactive players will automatically lose when time's up. (requested by Regi345)\n|\n|t:|1698298706\n|start\n|switch|p1a: Infernape|Infernape, F|100\/100\n|switch|p2a: Grotle|Grotle, M|100\/100\n|turn|1\n|\n|t:|1698298714\n|move|p1a: Infernape|Flamethrower|p2a: Grotle\n|-supereffective|p2a: Grotle\n|-damage|p2a: Grotle|50\/100\n|move|p2a: Grotle|Leech Seed|p1a: Infernape\n|-start|p1a: Infernape|move: Leech Seed\n|\n|-damage|p1a: Infernape|88\/100|[from] Leech Seed|[of] p2a: Grotle\n|-heal|p2a: Grotle|61\/100|[silent]\n|upkeep\n|turn|2\n|\n|t:|1698298722\n|move|p2a: Grotle|Protect|p2a: Grotle\n|-singleturn|p2a: Grotle|Protect\n|move|p1a: Infernape|Flamethrower|p2a: Grotle\n|-activate|p2a: Grotle|move: Protect\n|\n|-damage|p1a: Infernape|76\/100|[from] Leech Seed|[of] p2a: Grotle\n|-heal|p2a: Grotle|72\/100|[silent]\n|upkeep\n|turn|3\n|\n|t:|1698298731\n|move|p1a: Infernape|Fire Punch|p2a: Grotle\n|-supereffective|p2a: Grotle\n|-damage|p2a: Grotle|11\/100\n|move|p2a: Grotle|Synthesis|p2a: Grotle\n|-heal|p2a: Grotle|61\/100\n|\n|-damage|p1a: Infernape|63\/100|[from] Leech Seed|[of] p2a: Grotle\n|-heal|p2a: Grotle|72\/100|[silent]\n|upkeep\n|turn|4\n|\n|t:|1698298742\n|move|p2a: Grotle|Protect|p2a: Grotle\n|-singleturn|p2a: Grotle|Protect\n|move|p1a: Infernape|Close Combat|p2a: Grotle\n|-activate|p2a: Grotle|move: Protect\n|\n|-damage|p1a: Infernape|51\/100|[from] Leech Seed|[of] p2a: Grotle\n|-heal|p2a: Grotle|83\/100|[silent]\n|upkeep\n|turn|5\n|\n|t:|1698298750\n|move|p1a: Infernape|Fire Punch|p2a: Grotle\n|-supereffective|p2a: Grotle\n|-damage|p2a: Grotle|22\/100\n|move|p2a: Grotle|Synthesis|p2a: Grotle\n|-heal|p2a: Grotle|72\/100\n|\n|-damage|p1a: Infernape|39\/100|[from] Leech Seed|[of] p2a: Grotle\n|-heal|p2a: Grotle|83\/100|[silent]\n|upkeep\n|turn|6\n|\n|t:|1698298759\n|move|p2a: Grotle|Protect|p2a: Grotle\n|-singleturn|p2a: Grotle|Protect\n|move|p1a: Infernape|Fire Punch|p2a: Grotle\n|-activate|p2a: Grotle|move: Protect\n|\n|-damage|p1a: Infernape|26\/100|[from] Leech Seed|[of] p2a: Grotle\n|-heal|p2a: Grotle|94\/100|[silent]\n|upkeep\n|turn|7\n|\n|t:|1698298768\n|switch|p1a: Raichu|Raichu, M|100\/100\n|move|p2a: Grotle|Synthesis|p2a: Grotle\n|-heal|p2a: Grotle|100\/100\n|\n|upkeep\n|turn|8\n|\n|t:|1698298779\n|move|p1a: Raichu|Thunder Wave|p2a: Grotle\n|-status|p2a: Grotle|par\n|move|p2a: Grotle|Substitute|p2a: Grotle\n|-start|p2a: Grotle|Substitute\n|-damage|p2a: Grotle|76\/100 par\n|\n|upkeep\n|turn|9\n|\n|t:|1698298789\n|move|p1a: Raichu|Electro Ball|p2a: Grotle\n|-resisted|p2a: Grotle\n|-activate|p2a: Grotle|move: Substitute|[damage]\n|move|p2a: Grotle|Leech Seed|p1a: Raichu\n|-start|p1a: Raichu|move: Leech Seed\n|\n|-damage|p1a: Raichu|88\/100|[from] Leech Seed|[of] p2a: Grotle\n|-heal|p2a: Grotle|86\/100 par|[silent]\n|upkeep\n|turn|10\n|\n|t:|1698298802\n|move|p2a: Grotle|Protect|p2a: Grotle\n|-singleturn|p2a: Grotle|Protect\n|move|p1a: Raichu|Thunder Wave|p2a: Grotle\n|-activate|p2a: Grotle|move: Protect\n|\n|-damage|p1a: Raichu|76\/100|[from] Leech Seed|[of] p2a: Grotle\n|-heal|p2a: Grotle|95\/100 par|[silent]\n|upkeep\n|turn|11\n|\n|t:|1698298814\n|move|p1a: Raichu|Draining Kiss|p2a: Grotle\n|-end|p2a: Grotle|Substitute\n|-heal|p1a: Raichu|82\/100|[from] drain|[of] p2a: Grotle\n|cant|p2a: Grotle|par\n|\n|-damage|p1a: Raichu|70\/100|[from] Leech Seed|[of] p2a: Grotle\n|-heal|p2a: Grotle|100\/100 par|[silent]\n|upkeep\n|turn|12\n|\n|t:|1698298827\n|move|p1a: Raichu|Discharge|p2a: Grotle\n|-resisted|p2a: Grotle\n|-damage|p2a: Grotle|91\/100 par\n|cant|p2a: Grotle|par\n|\n|-damage|p1a: Raichu|58\/100|[from] Leech Seed|[of] p2a: Grotle\n|-heal|p2a: Grotle|100\/100 par|[silent]\n|upkeep\n|turn|13\n|\n|t:|1698298839\n|switch|p1a: Infernape|Infernape, F|26\/100\n|move|p2a: Grotle|Substitute|p2a: Grotle\n|-start|p2a: Grotle|Substitute\n|-damage|p2a: Grotle|76\/100 par\n|\n|upkeep\n|turn|14\n|\n|t:|1698298854\n|-singleturn|p1a: Infernape|move: Focus Punch\n|move|p2a: Grotle|Leech Seed|p1a: Infernape\n|-start|p1a: Infernape|move: Leech Seed\n|move|p1a: Infernape|Focus Punch|p2a: Grotle\n|-end|p2a: Grotle|Substitute\n|\n|-damage|p1a: Infernape|14\/100|[from] Leech Seed|[of] p2a: Grotle\n|-heal|p2a: Grotle|87\/100 par|[silent]\n|upkeep\n|turn|15\n|\n|t:|1698298870\n|move|p1a: Infernape|Fire Punch|p2a: Grotle\n|-supereffective|p2a: Grotle\n|-damage|p2a: Grotle|27\/100 par\n|move|p2a: Grotle|Synthesis|p2a: Grotle\n|-heal|p2a: Grotle|77\/100 par\n|\n|-damage|p1a: Infernape|2\/100|[from] Leech Seed|[of] p2a: Grotle\n|-heal|p2a: Grotle|89\/100 par|[silent]\n|upkeep\n|turn|16\n|inactive|DarkBlade00 has 120 seconds left.\n|\n|t:|1698298898\n|cant|p2a: Grotle|par\n|move|p1a: Infernape|Fire Punch|p2a: Grotle\n|-supereffective|p2a: Grotle\n|-damage|p2a: Grotle|26\/100 par\n|\n|-damage|p1a: Infernape|0 fnt|[from] Leech Seed|[of] p2a: Grotle\n|-heal|p2a: Grotle|27\/100 par|[silent]\n|faint|p1a: Infernape\n|upkeep\n|inactive|DarkBlade00 has 120 seconds left.\n|\n|t:|1698298907\n|switch|p1a: Gastrodon|Gastrodon, M|100\/100\n|turn|17\n|\n|t:|1698298918\n|move|p1a: Gastrodon|Earthquake|p2a: Grotle\n|-resisted|p2a: Grotle\n|-damage|p2a: Grotle|17\/100 par\n|move|p2a: Grotle|Synthesis|p2a: Grotle\n|-heal|p2a: Grotle|67\/100 par\n|\n|upkeep\n|turn|18\n|\n|t:|1698298925\n|move|p1a: Gastrodon|Ice Beam|p2a: Grotle\n|-supereffective|p2a: Grotle\n|-damage|p2a: Grotle|37\/100 par\n|move|p2a: Grotle|Leech Seed|p1a: Gastrodon\n|-start|p1a: Gastrodon|move: Leech Seed\n|\n|-damage|p1a: Gastrodon|88\/100|[from] Leech Seed|[of] p2a: Grotle\n|-heal|p2a: Grotle|51\/100 par|[silent]\n|upkeep\n|turn|19\n|\n|t:|1698298940\n|move|p1a: Gastrodon|Sludge Bomb|p2a: Grotle\n|-supereffective|p2a: Grotle\n|-damage|p2a: Grotle|22\/100 par\n|move|p2a: Grotle|Synthesis|p2a: Grotle\n|-heal|p2a: Grotle|72\/100 par\n|\n|-damage|p1a: Gastrodon|76\/100|[from] Leech Seed|[of] p2a: Grotle\n|-heal|p2a: Grotle|86\/100 par|[silent]\n|upkeep\n|turn|20\n|\n|t:|1698298953\n|move|p1a: Gastrodon|Ice Beam|p2a: Grotle\n|-supereffective|p2a: Grotle\n|-damage|p2a: Grotle|56\/100 par\n|move|p2a: Grotle|Substitute|p2a: Grotle\n|-start|p2a: Grotle|Substitute\n|-damage|p2a: Grotle|31\/100 par\n|\n|-damage|p1a: Gastrodon|63\/100|[from] Leech Seed|[of] p2a: Grotle\n|-heal|p2a: Grotle|45\/100 par|[silent]\n|upkeep\n|turn|21\n|\n|t:|1698298964\n|cant|p2a: Grotle|par\n|move|p1a: Gastrodon|Ice Beam|p2a: Grotle\n|-supereffective|p2a: Grotle\n|-end|p2a: Grotle|Substitute\n|\n|-damage|p1a: Gastrodon|51\/100|[from] Leech Seed|[of] p2a: Grotle\n|-heal|p2a: Grotle|60\/100 par|[silent]\n|upkeep\n|turn|22\n|\n|t:|1698298972\n|move|p2a: Grotle|Protect|p2a: Grotle\n|-singleturn|p2a: Grotle|Protect\n|move|p1a: Gastrodon|Hydro Pump|p2a: Grotle\n|-activate|p2a: Grotle|move: Protect\n|\n|-damage|p1a: Gastrodon|38\/100|[from] Leech Seed|[of] p2a: Grotle\n|-heal|p2a: Grotle|74\/100 par|[silent]\n|upkeep\n|turn|23\n|\n|t:|1698298983\n|move|p1a: Gastrodon|Hydro Pump|p2a: Grotle\n|-resisted|p2a: Grotle\n|-damage|p2a: Grotle|60\/100 par\n|move|p2a: Grotle|Synthesis|p2a: Grotle\n|-heal|p2a: Grotle|100\/100 par\n|\n|-damage|p1a: Gastrodon|26\/100|[from] Leech Seed|[of] p2a: Grotle\n|upkeep\n|turn|24\n|\n|t:|1698298998\n|switch|p1a: Gyarados|Gyarados, M|100\/100\n|-ability|p1a: Gyarados|Intimidate|boost\n|-unboost|p2a: Grotle|atk|1\n|move|p2a: Grotle|Substitute|p2a: Grotle\n|-start|p2a: Grotle|Substitute\n|-damage|p2a: Grotle|76\/100 par\n|\n|upkeep\n|turn|25\n|\n|t:|1698299010\n|move|p1a: Gyarados|Blizzard|p2a: Grotle\n|-supereffective|p2a: Grotle\n|-end|p2a: Grotle|Substitute\n|cant|p2a: Grotle|par\n|\n|upkeep\n|turn|26\n|\n|t:|1698299016\n|move|p1a: Gyarados|Blizzard|p2a: Grotle\n|-supereffective|p2a: Grotle\n|-damage|p2a: Grotle|50\/100 par\n|move|p2a: Grotle|Leech Seed|p1a: Gyarados\n|-start|p1a: Gyarados|move: Leech Seed\n|\n|-damage|p1a: Gyarados|88\/100|[from] Leech Seed|[of] p2a: Grotle\n|-heal|p2a: Grotle|63\/100 par|[silent]\n|upkeep\n|turn|27\n|\n|t:|1698299030\n|move|p2a: Grotle|Protect|p2a: Grotle\n|-singleturn|p2a: Grotle|Protect\n|move|p1a: Gyarados|Blizzard|p2a: Grotle\n|-activate|p2a: Grotle|move: Protect\n|\n|-damage|p1a: Gyarados|76\/100|[from] Leech Seed|[of] p2a: Grotle\n|-heal|p2a: Grotle|76\/100 par|[silent]\n|upkeep\n|turn|28\n|\n|t:|1698299052\n|move|p2a: Grotle|Protect|p2a: Grotle\n|-singleturn|p2a: Grotle|Protect\n|move|p1a: Gyarados|Blizzard|p2a: Grotle\n|-activate|p2a: Grotle|move: Protect\n|\n|-damage|p1a: Gyarados|64\/100|[from] Leech Seed|[of] p2a: Grotle\n|-heal|p2a: Grotle|89\/100 par|[silent]\n|upkeep\n|turn|29\n|\n|t:|1698299062\n|move|p1a: Gyarados|Hurricane|p2a: Grotle\n|-supereffective|p2a: Grotle\n|-damage|p2a: Grotle|53\/100 par\n|move|p2a: Grotle|Substitute|p2a: Grotle\n|-start|p2a: Grotle|Substitute\n|-damage|p2a: Grotle|28\/100 par\n|\n|-damage|p1a: Gyarados|51\/100|[from] Leech Seed|[of] p2a: Grotle\n|-heal|p2a: Grotle|41\/100 par|[silent]\n|upkeep\n|turn|30\n|\n|t:|1698299078\n|switch|p1a: Gastrodon|Gastrodon, M|26\/100\n|move|p2a: Grotle|Synthesis|p2a: Grotle\n|-heal|p2a: Grotle|91\/100 par\n|\n|upkeep\n|turn|31\n|\n|t:|1698299086\n|move|p1a: Gastrodon|Earthquake|p2a: Grotle\n|-resisted|p2a: Grotle\n|-activate|p2a: Grotle|move: Substitute|[damage]\n|move|p2a: Grotle|Leech Seed|p1a: Gastrodon\n|-start|p1a: Gastrodon|move: Leech Seed\n|\n|-damage|p1a: Gastrodon|13\/100|[from] Leech Seed|[of] p2a: Grotle\n|-heal|p2a: Grotle|100\/100 par|[silent]\n|upkeep\n|turn|32\n|\n|t:|1698299110\n|move|p2a: Grotle|Protect|p2a: Grotle\n|-singleturn|p2a: Grotle|Protect\n|move|p1a: Gastrodon|Sludge Bomb|p2a: Grotle\n|-activate|p2a: Grotle|move: Protect\n|\n|-damage|p1a: Gastrodon|1\/100|[from] Leech Seed|[of] p2a: Grotle\n|upkeep\n|turn|33\n|inactive|Regi345 has 120 seconds left.\n|\n|t:|1698299142\n|switch|p1a: Gyarados|Gyarados, M|51\/100\n|-ability|p1a: Gyarados|Intimidate|boost\n|-immune|p2a: Grotle\n|move|p2a: Grotle|Substitute|p2a: Grotle\n|-fail|p2a: Grotle|move: Substitute\n|\n|upkeep\n|turn|34\n|\n|t:|1698299150\n|move|p1a: Gyarados|Blizzard|p2a: Grotle|[miss]\n|-miss|p1a: Gyarados|p2a: Grotle\n|cant|p2a: Grotle|par\n|\n|upkeep\n|turn|35\n|\n|t:|1698299156\n|move|p1a: Gyarados|Aqua Tail|p2a: Grotle\n|-resisted|p2a: Grotle\n|-activate|p2a: Grotle|move: Substitute|[damage]\n|move|p2a: Grotle|Leech Seed|p1a: Gyarados\n|-start|p1a: Gyarados|move: Leech Seed\n|\n|-damage|p1a: Gyarados|39\/100|[from] Leech Seed|[of] p2a: Grotle\n|upkeep\n|turn|36\n|\n|t:|1698299170\n|cant|p2a: Grotle|par\n|move|p1a: Gyarados|Hurricane|p2a: Grotle\n|-supereffective|p2a: Grotle\n|-end|p2a: Grotle|Substitute\n|\n|-damage|p1a: Gyarados|27\/100|[from] Leech Seed|[of] p2a: Grotle\n|upkeep\n|turn|37\n|\n|t:|1698299178\n|move|p1a: Gyarados|Hurricane|p2a: Grotle\n|-supereffective|p2a: Grotle\n|-damage|p2a: Grotle|67\/100 par\n|move|p2a: Grotle|Substitute|p2a: Grotle\n|-start|p2a: Grotle|Substitute\n|-damage|p2a: Grotle|42\/100 par\n|\n|-damage|p1a: Gyarados|14\/100|[from] Leech Seed|[of] p2a: Grotle\n|-heal|p2a: Grotle|55\/100 par|[silent]\n|upkeep\n|turn|38\n|\n|t:|1698299194\n|-terastallize|p1a: Gyarados|Water\n|move|p1a: Gyarados|Hydro Pump|p2a: Grotle|[miss]\n|-miss|p1a: Gyarados|p2a: Grotle\n|move|p2a: Grotle|Leech Seed||[still]\n|-fail|p2a: Grotle\n|\n|-damage|p1a: Gyarados|2\/100|[from] Leech Seed|[of] p2a: Grotle\n|-heal|p2a: Grotle|68\/100 par|[silent]\n|upkeep\n|turn|39\n|\n|t:|1698299211\n|move|p1a: Gyarados|Blizzard|p2a: Grotle|[miss]\n|-miss|p1a: Gyarados|p2a: Grotle\n|move|p2a: Grotle|Leech Seed||[still]\n|-fail|p2a: Grotle\n|\n|-damage|p1a: Gyarados|0 fnt|[from] Leech Seed|[of] p2a: Grotle\n|-heal|p2a: Grotle|69\/100 par|[silent]\n|faint|p1a: Gyarados\n|upkeep\n|inactive|DarkBlade00 has 120 seconds left.\n|\n|t:|1698299230\n|switch|p1a: Mewtwo|Mewtwo|100\/100\n|-ability|p1a: Mewtwo|Pressure\n|turn|40\n|\n|t:|1698299256\n|move|p1a: Mewtwo|Psyshock|p2a: Grotle\n|-end|p2a: Grotle|Substitute\n|move|p2a: Grotle|Leech Seed|p1a: Mewtwo\n|-start|p1a: Mewtwo|move: Leech Seed\n|\n|-damage|p1a: Mewtwo|88\/100|[from] Leech Seed|[of] p2a: Grotle\n|-heal|p2a: Grotle|83\/100 par|[silent]\n|upkeep\n|turn|41\n|\n|t:|1698299269\n|cant|p2a: Grotle|par\n|move|p1a: Mewtwo|Aura Sphere|p2a: Grotle\n|-damage|p2a: Grotle|62\/100 par\n|\n|-damage|p1a: Mewtwo|76\/100|[from] Leech Seed|[of] p2a: Grotle\n|-heal|p2a: Grotle|76\/100 par|[silent]\n|upkeep\n|turn|42\n|\n|t:|1698299279\n|cant|p2a: Grotle|par\n|move|p1a: Mewtwo|Psycho Cut|p2a: Grotle\n|-damage|p2a: Grotle|56\/100 par\n|\n|-damage|p1a: Mewtwo|64\/100|[from] Leech Seed|[of] p2a: Grotle\n|-heal|p2a: Grotle|70\/100 par|[silent]\n|upkeep\n|turn|43\n|inactive|Regi345 has 120 seconds left.\n|inactive|Regi345 has 90 seconds left.\n|\n|t:|1698299347\n|move|p1a: Mewtwo|Aura Sphere|p2a: Grotle\n|-damage|p2a: Grotle|48\/100 par\n|move|p2a: Grotle|Substitute|p2a: Grotle\n|-start|p2a: Grotle|Substitute\n|-damage|p2a: Grotle|23\/100 par\n|\n|-damage|p1a: Mewtwo|51\/100|[from] Leech Seed|[of] p2a: Grotle\n|-heal|p2a: Grotle|37\/100 par|[silent]\n|upkeep\n|turn|44\n|\n|t:|1698299358\n|move|p2a: Grotle|Protect|p2a: Grotle\n|-singleturn|p2a: Grotle|Protect\n|move|p1a: Mewtwo|Dark Pulse|p2a: Grotle\n|-activate|p2a: Grotle|move: Protect\n|\n|-damage|p1a: Mewtwo|39\/100|[from] Leech Seed|[of] p2a: Grotle\n|-heal|p2a: Grotle|51\/100 par|[silent]\n|upkeep\n|turn|45\n|inactive|Regi345 has 90 seconds left.\n|\n|t:|1698299384\n|move|p1a: Mewtwo|Dark Pulse|p2a: Grotle\n|-activate|p2a: Grotle|move: Substitute|[damage]\n|cant|p2a: Grotle|par\n|\n|-damage|p1a: Mewtwo|27\/100|[from] Leech Seed|[of] p2a: Grotle\n|-heal|p2a: Grotle|65\/100 par|[silent]\n|upkeep\n|turn|46\n|\n|t:|1698299402\n|move|p1a: Mewtwo|Psycho Cut|p2a: Grotle\n|-end|p2a: Grotle|Substitute\n|move|p2a: Grotle|Substitute|p2a: Grotle\n|-start|p2a: Grotle|Substitute\n|-damage|p2a: Grotle|40\/100 par\n|\n|-damage|p1a: Mewtwo|15\/100|[from] Leech Seed|[of] p2a: Grotle\n|-heal|p2a: Grotle|54\/100 par|[silent]\n|upkeep\n|turn|47\n|\n|t:|1698299412\n|switch|p1a: Raichu|Raichu, M|58\/100\n|move|p2a: Grotle|Protect||[still]\n|-fail|p2a: Grotle\n|\n|upkeep\n|turn|48\n|\n|t:|1698299418\n|move|p1a: Raichu|Electro Ball|p2a: Grotle\n|-resisted|p2a: Grotle\n|-activate|p2a: Grotle|move: Substitute|[damage]\n|cant|p2a: Grotle|par\n|\n|upkeep\n|turn|49\n|inactive|Regi345 has 90 seconds left.\n|\n|t:|1698299425\n|move|p1a: Raichu|Thunder Wave||[still]\n|-fail|p1a: Raichu\n|move|p2a: Grotle|Leech Seed|p1a: Raichu\n|-start|p1a: Raichu|move: Leech Seed\n|\n|-damage|p1a: Raichu|45\/100|[from] Leech Seed|[of] p2a: Grotle\n|-heal|p2a: Grotle|64\/100 par|[silent]\n|upkeep\n|turn|50\n|inactive|Regi345 has 90 seconds left.\n|\n|t:|1698299443\n|switch|p1a: Mewtwo|Mewtwo|15\/100\n|-ability|p1a: Mewtwo|Pressure\n|move|p2a: Grotle|Substitute|p2a: Grotle\n|-fail|p2a: Grotle|move: Substitute\n|\n|upkeep\n|turn|51\n|inactive|Regi345 has 90 seconds left.\n|\n|t:|1698299452\n|move|p1a: Mewtwo|Dark Pulse|p2a: Grotle\n|-end|p2a: Grotle|Substitute\n|move|p2a: Grotle|Leech Seed|p1a: Mewtwo\n|-start|p1a: Mewtwo|move: Leech Seed\n|\n|-damage|p1a: Mewtwo|2\/100|[from] Leech Seed|[of] p2a: Grotle\n|-heal|p2a: Grotle|78\/100 par|[silent]\n|upkeep\n|turn|52\n|inactive|Regi345 has 90 seconds left.\n|\n|t:|1698299465\n|move|p2a: Grotle|Protect|p2a: Grotle\n|-singleturn|p2a: Grotle|Protect\n|move|p1a: Mewtwo|Aura Sphere|p2a: Grotle\n|-activate|p2a: Grotle|move: Protect\n|\n|-damage|p1a: Mewtwo|0 fnt|[from] Leech Seed|[of] p2a: Grotle\n|-heal|p2a: Grotle|80\/100 par|[silent]\n|faint|p1a: Mewtwo\n|upkeep\n|\n|t:|1698299484\n|switch|p1a: Raichu|Raichu, M|45\/100\n|turn|53\n|inactive|Regi345 has 90 seconds left.\n|\n|t:|1698299508\n|move|p1a: Raichu|Discharge|p2a: Grotle\n|-resisted|p2a: Grotle\n|-damage|p2a: Grotle|69\/100 par\n|move|p2a: Grotle|Leech Seed|p1a: Raichu\n|-start|p1a: Raichu|move: Leech Seed\n|\n|-damage|p1a: Raichu|33\/100|[from] Leech Seed|[of] p2a: Grotle\n|-heal|p2a: Grotle|79\/100 par|[silent]\n|upkeep\n|turn|54\n|inactive|Regi345 has 90 seconds left.\n|\n|t:|1698299522\n|move|p1a: Raichu|Electro Ball|p2a: Grotle\n|-resisted|p2a: Grotle\n|-damage|p2a: Grotle|60\/100 par\n|move|p2a: Grotle|Substitute|p2a: Grotle\n|-start|p2a: Grotle|Substitute\n|-damage|p2a: Grotle|35\/100 par\n|\n|-damage|p1a: Raichu|20\/100|[from] Leech Seed|[of] p2a: Grotle\n|-heal|p2a: Grotle|45\/100 par|[silent]\n|upkeep\n|turn|55\n|\n|t:|1698299538\n|move|p2a: Grotle|Protect|p2a: Grotle\n|-singleturn|p2a: Grotle|Protect\n|move|p1a: Raichu|Discharge|p2a: Grotle\n|-activate|p2a: Grotle|move: Protect\n|\n|-damage|p1a: Raichu|8\/100|[from] Leech Seed|[of] p2a: Grotle\n|-heal|p2a: Grotle|55\/100 par|[silent]\n|upkeep\n|turn|56\n|inactive|Regi345 has 90 seconds left.\n|\n|t:|1698299571\n|switch|p1a: Gastrodon|Gastrodon, M|1\/100\n|move|p2a: Grotle|Substitute|p2a: Grotle\n|-fail|p2a: Grotle|move: Substitute\n|\n|upkeep\n|turn|57\n|\n|t:|1698299580\n|move|p1a: Gastrodon|Sludge Bomb|p2a: Grotle\n|-supereffective|p2a: Grotle\n|-end|p2a: Grotle|Substitute\n|cant|p2a: Grotle|par\n|\n|upkeep\n|turn|58\n|\n|t:|1698299600\n|move|p1a: Gastrodon|Sludge Bomb|p2a: Grotle\n|-supereffective|p2a: Grotle\n|-damage|p2a: Grotle|25\/100 par\n|move|p2a: Grotle|Leech Seed|p1a: Gastrodon\n|-start|p1a: Gastrodon|move: Leech Seed\n|\n|-damage|p1a: Gastrodon|0 fnt|[from] Leech Seed|[of] p2a: Grotle\n|-heal|p2a: Grotle|25\/100 par|[silent]\n|faint|p1a: Gastrodon\n|upkeep\n|\n|t:|1698299611\n|switch|p1a: Raichu|Raichu, M|8\/100\n|turn|59\n|\n|t:|1698299617\n|move|p2a: Grotle|Protect|p2a: Grotle\n|-singleturn|p2a: Grotle|Protect\n|move|p1a: Raichu|Electro Ball|p2a: Grotle\n|-activate|p2a: Grotle|move: Protect\n|\n|upkeep\n|turn|60\n|\n|t:|1698299626\n|move|p1a: Raichu|Thunder Wave|p2a: Grotle\n|-fail|p2a: Grotle|par\n|move|p2a: Grotle|Substitute|p2a: Grotle\n|-fail|p2a: Grotle|move: Substitute|[weak]\n|\n|upkeep\n|turn|61\n|inactive|Regi345 has 90 seconds left.\n|\n|t:|1698299632\n|move|p2a: Grotle|Protect|p2a: Grotle\n|-singleturn|p2a: Grotle|Protect\n|move|p1a: Raichu|Thunder Wave|p2a: Grotle\n|-activate|p2a: Grotle|move: Protect\n|\n|upkeep\n|turn|62\n|\n|t:|1698299640\n|move|p1a: Raichu|Electro Ball|p2a: Grotle\n|-resisted|p2a: Grotle\n|-damage|p2a: Grotle|8\/100 par\n|move|p2a: Grotle|Substitute|p2a: Grotle\n|-fail|p2a: Grotle|move: Substitute|[weak]\n|\n|upkeep\n|turn|63\n|\n|t:|1698299649\n|move|p1a: Raichu|Electro Ball|p2a: Grotle\n|-resisted|p2a: Grotle\n|-damage|p2a: Grotle|0 fnt\n|faint|p2a: Grotle\n|\n|upkeep\n|\n|t:|1698299661\n|switch|p2a: Volcarona|Volcarona, M|100\/100\n|turn|64\n|\n|t:|1698299667\n|move|p2a: Volcarona|Fiery Dance|p1a: Raichu\n|-damage|p1a: Raichu|0 fnt\n|-boost|p2a: Volcarona|spa|1\n|faint|p1a: Raichu\n|\n|win|Regi345\n|raw|DarkBlade00's rating: 1000 &rarr; <strong>1000<\/strong><br \/>(+0 for losing)\n|raw|Regi345's rating: 1126 &rarr; <strong>1142<\/strong><br \/>(+16 for winning)\n","uploadtime":1698299698,"views":24,"p1id":"darkblade00","p2id":"regi345","formatid":"gen9ubers","rating":1000,"private":0,"password":""}