{"id":"gen9ubers-1988950974","p1":"Eli10 17","p2":"morsisius","format":"[Gen 9] Ubers","log":"|j|\u2606Eli10 17\n|j|\u2606morsisius\n|t:|1699793384\n|gametype|singles\n|player|p1|Eli10 17|102|1000\n|player|p2|morsisius|1|1120\n|teamsize|p1|6\n|teamsize|p2|6\n|gen|9\n|tier|[Gen 9] Ubers\n|rated|\n|rule|Sleep Clause Mod: Limit one foe put to sleep\n|rule|Species Clause: Limit one of each Pok\u00e9mon\n|rule|OHKO Clause: OHKO moves are banned\n|rule|Evasion Items Clause: Evasion items are banned\n|rule|Evasion Moves Clause: Evasion moves are banned\n|rule|Endless Battle Clause: Forcing endless battles is banned\n|rule|HP Percentage Mod: HP is shown in percentages\n|clearpoke\n|poke|p1|Azumarill, M|\n|poke|p1|Iron Treads|\n|poke|p1|Chien-Pao|\n|poke|p1|Annihilape, M|\n|poke|p1|Weezing-Galar, F|\n|poke|p1|Rillaboom, M|\n|poke|p2|Glimmora, M|\n|poke|p2|Gliscor, M|\n|poke|p2|Ribombee, M|\n|poke|p2|Kingambit, F|\n|poke|p2|Scizor, M|\n|poke|p2|Ceruledge, M|\n|teampreview\n|\n|t:|1699793390\n|start\n|switch|p1a: Annihilape|Annihilape, M|100\/100\n|switch|p2a: Ribombee|Ribombee, M|100\/100\n|turn|1\n|inactive|Battle timer is ON: inactive players will automatically lose when time's up. (requested by Eli10 17)\n|\n|t:|1699793401\n|move|p2a: Ribombee|Sticky Web|p1a: Annihilape\n|-sidestart|p1: Eli10 17|move: Sticky Web\n|move|p1a: Annihilape|Substitute|p1a: Annihilape\n|-start|p1a: Annihilape|Substitute\n|-damage|p1a: Annihilape|76\/100\n|\n|upkeep\n|turn|2\n|\n|t:|1699793409\n|move|p2a: Ribombee|Quiver Dance|p2a: Ribombee\n|-boost|p2a: Ribombee|spa|1\n|-boost|p2a: Ribombee|spd|1\n|-boost|p2a: Ribombee|spe|1\n|move|p1a: Annihilape|Rage Fist|p2a: Ribombee\n|-damage|p2a: Ribombee|48\/100\n|\n|upkeep\n|turn|3\n|\n|t:|1699793418\n|move|p2a: Ribombee|Draining Kiss|p1a: Annihilape\n|-supereffective|p1a: Annihilape\n|-end|p1a: Annihilape|Substitute\n|-heal|p2a: Ribombee|74\/100|[from] drain|[of] p1a: Annihilape\n|move|p1a: Annihilape|Rage Fist|p2a: Ribombee\n|-damage|p2a: Ribombee|22\/100\n|\n|upkeep\n|turn|4\n|\n|t:|1699793426\n|move|p2a: Ribombee|Draining Kiss|p1a: Annihilape\n|-supereffective|p1a: Annihilape\n|-damage|p1a: Annihilape|20\/100\n|-heal|p2a: Ribombee|79\/100|[from] drain|[of] p1a: Annihilape\n|move|p1a: Annihilape|Rage Fist|p2a: Ribombee\n|-damage|p2a: Ribombee|0 fnt\n|faint|p2a: Ribombee\n|\n|upkeep\n|\n|t:|1699793435\n|switch|p2a: Glimmora|Glimmora, M|100\/100\n|turn|5\n|\n|t:|1699793448\n|move|p2a: Glimmora|Spiky Shield|p2a: Glimmora\n|-singleturn|p2a: Glimmora|move: Protect\n|move|p1a: Annihilape|Drain Punch|p2a: Glimmora\n|-activate|p2a: Glimmora|move: Protect\n|-damage|p1a: Annihilape|8\/100|[from] Spiky Shield|[of] p2a: Glimmora\n|\n|upkeep\n|turn|6\n|\n|t:|1699793460\n|move|p1a: Annihilape|Drain Punch|p2a: Glimmora\n|-damage|p2a: Glimmora|62\/100\n|-heal|p1a: Annihilape|28\/100|[from] drain|[of] p2a: Glimmora\n|-activate|p2a: Glimmora|ability: Toxic Debris\n|-sidestart|p1: Eli10 17|move: Toxic Spikes\n|move|p2a: Glimmora|Stealth Rock|p1a: Annihilape\n|-sidestart|p1: Eli10 17|move: Stealth Rock\n|\n|upkeep\n|turn|7\n|\n|t:|1699793477\n|move|p1a: Annihilape|Bulk Up|p1a: Annihilape\n|-boost|p1a: Annihilape|atk|1\n|-boost|p1a: Annihilape|def|1\n|move|p2a: Glimmora|Mortal Spin|p1a: Annihilape\n|-resisted|p1a: Annihilape\n|-damage|p1a: Annihilape|26\/100\n|-status|p1a: Annihilape|psn\n|\n|-damage|p1a: Annihilape|14\/100 psn|[from] psn\n|upkeep\n|turn|8\n|\n|t:|1699793490\n|move|p2a: Glimmora|Spiky Shield|p2a: Glimmora\n|-singleturn|p2a: Glimmora|move: Protect\n|move|p1a: Annihilape|Bulk Up|p1a: Annihilape\n|-boost|p1a: Annihilape|atk|1\n|-boost|p1a: Annihilape|def|1\n|\n|-damage|p1a: Annihilape|1\/100 psn|[from] psn\n|upkeep\n|turn|9\n|\n|t:|1699793498\n|move|p1a: Annihilape|Drain Punch|p2a: Glimmora\n|-damage|p2a: Glimmora|0 fnt\n|-heal|p1a: Annihilape|32\/100 psn|[from] drain|[of] p2a: Glimmora\n|-activate|p2a: Glimmora|ability: Toxic Debris\n|-sidestart|p1: Eli10 17|move: Toxic Spikes\n|faint|p2a: Glimmora\n|\n|-damage|p1a: Annihilape|20\/100 psn|[from] psn\n|upkeep\n|\n|t:|1699793505\n|switch|p2a: Scizor|Scizor, M|100\/100\n|turn|10\n|\n|t:|1699793509\n|move|p2a: Scizor|Bullet Punch|p1a: Annihilape\n|-damage|p1a: Annihilape|4\/100 psn\n|move|p1a: Annihilape|Drain Punch|p2a: Scizor\n|-damage|p2a: Scizor|23\/100\n|-heal|p1a: Annihilape|41\/100 psn|[from] drain|[of] p2a: Scizor\n|\n|-heal|p2a: Scizor|30\/100|[from] item: Leftovers\n|-damage|p1a: Annihilape|28\/100 psn|[from] psn\n|upkeep\n|turn|11\n|\n|t:|1699793518\n|move|p1a: Annihilape|Drain Punch|p2a: Scizor\n|-damage|p2a: Scizor|0 fnt\n|-heal|p1a: Annihilape|42\/100 psn|[from] drain|[of] p2a: Scizor\n|faint|p2a: Scizor\n|\n|-damage|p1a: Annihilape|30\/100 psn|[from] psn\n|upkeep\n|\n|t:|1699793533\n|switch|p2a: Kingambit|Kingambit, F|100\/100\n|-activate|p2a: Kingambit|ability: Supreme Overlord\n|-start|p2a: Kingambit|fallen3|[silent]\n|turn|12\n|\n|t:|1699793538\n|-terastallize|p1a: Annihilape|Fighting\n|move|p2a: Kingambit|Sucker Punch|p1a: Annihilape\n|-resisted|p1a: Annihilape\n|-damage|p1a: Annihilape|16\/100 psn\n|move|p1a: Annihilape|Drain Punch|p2a: Kingambit\n|-supereffective|p2a: Kingambit\n|-damage|p2a: Kingambit|0 fnt\n|-heal|p1a: Annihilape|72\/100 psn|[from] drain|[of] p2a: Kingambit\n|-damage|p1a: Annihilape|55\/100 psn|[from] item: Rocky Helmet|[of] p2a: Kingambit\n|faint|p2a: Kingambit\n|-end|p2a: Kingambit|fallen3|[silent]\n|\n|-damage|p1a: Annihilape|43\/100 psn|[from] psn\n|upkeep\n|-message|morsisius forfeited.\n|\n|win|Eli10 17\n|raw|Eli10 17's rating: 1000 &rarr; <strong>1053<\/strong><br \/>(+53 for winning)\n|raw|morsisius's rating: 1120 &rarr; <strong>1087<\/strong><br \/>(-33 for losing)\n|l|\u2606morsisius\n|c|\u2606Eli10 17|gg\n","uploadtime":1699793568,"views":6,"p1id":"eli1017","p2id":"morsisius","formatid":"gen9ubers","rating":1053,"private":0,"password":""}