{"id":"gen9ubers-1994371975","p1":"tpl_bandit","p2":"Redisdead98","format":"[Gen 9] Ubers","log":"|j|\u2606tpl_bandit\n|j|\u2606Redisdead98\n|t:|1700436366\n|gametype|singles\n|player|p1|tpl_bandit|2|\n|player|p2|Redisdead98|red|\n|teamsize|p1|6\n|teamsize|p2|6\n|gen|9\n|tier|[Gen 9] Ubers\n|rule|Sleep Clause Mod: Limit one foe put to sleep\n|rule|Species Clause: Limit one of each Pok\u00e9mon\n|rule|OHKO Clause: OHKO moves are banned\n|rule|Evasion Items Clause: Evasion items are banned\n|rule|Evasion Moves Clause: Evasion moves are banned\n|rule|Endless Battle Clause: Forcing endless battles is banned\n|rule|HP Percentage Mod: HP is shown in percentages\n|clearpoke\n|poke|p1|Milotic, M|\n|poke|p1|Shaymin-Sky|\n|poke|p1|Dusknoir, M|\n|poke|p1|Heatran, M|\n|poke|p1|Kingambit, M|\n|poke|p1|Annihilape, M|\n|poke|p2|Jolteon, M|\n|poke|p2|Okidogi, M|\n|poke|p2|Lycanroc-Dusk, F|\n|poke|p2|Shiftry, F|\n|poke|p2|Mightyena, F|\n|poke|p2|Arcanine, F|\n|teampreview\n|\n|t:|1700436403\n|start\n|switch|p1a: Shaymin|Shaymin-Sky|100\/100\n|switch|p2a: Arcanine|Arcanine, F|100\/100\n|-ability|p2a: Arcanine|Intimidate|boost\n|-unboost|p1a: Shaymin|atk|1\n|turn|1\n|\n|t:|1700436427\n|move|p1a: Shaymin|Earth Power|p2a: Arcanine\n|-supereffective|p2a: Arcanine\n|-damage|p2a: Arcanine|27\/100\n|move|p2a: Arcanine|Flare Blitz|p1a: Shaymin\n|-supereffective|p1a: Shaymin\n|-damage|p1a: Shaymin|0 fnt\n|faint|p1a: Shaymin\n|-damage|p2a: Arcanine|0 fnt|[from] Recoil\n|faint|p2a: Arcanine\n|\n|upkeep\n|\n|t:|1700436461\n|switch|p1a: Heatran|Heatran, M|100\/100\n|switch|p2a: Okidogi|Okidogi, M|100\/100\n|turn|2\n|\n|t:|1700436475\n|move|p1a: Heatran|Magma Storm|p2a: Okidogi\n|-damage|p2a: Okidogi|44\/100\n|-activate|p2a: Okidogi|move: Magma Storm|[of] p1a: Heatran\n|move|p2a: Okidogi|Drain Punch|p1a: Heatran\n|-supereffective|p1a: Heatran\n|-damage|p1a: Heatran|21\/100\n|-heal|p2a: Okidogi|81\/100|[from] drain|[of] p1a: Heatran\n|\n|-heal|p2a: Okidogi|87\/100|[from] item: Leftovers\n|-damage|p2a: Okidogi|75\/100|[from] move: Magma Storm|[partiallytrapped]\n|upkeep\n|turn|3\n|\n|t:|1700436493\n|switch|p1a: Dusknoir|Dusknoir, M, shiny|100\/100\n|-item|p2a: Okidogi|Leftovers|[from] ability: Frisk|[of] p1a: Dusknoir|[identify]\n|move|p2a: Okidogi|Bulk Up|p2a: Okidogi\n|-boost|p2a: Okidogi|atk|1\n|-boost|p2a: Okidogi|def|1\n|\n|-heal|p2a: Okidogi|81\/100|[from] item: Leftovers\n|-end|p2a: Okidogi|Magma Storm|[partiallytrapped]|[silent]\n|upkeep\n|turn|4\n|\n|t:|1700436512\n|move|p2a: Okidogi|Gunk Shot|p1a: Dusknoir\n|-resisted|p1a: Dusknoir\n|-damage|p1a: Dusknoir|58\/100\n|-status|p1a: Dusknoir|tox|[from] ability: Toxic Chain|[of] p2a: Okidogi\n|move|p1a: Dusknoir|Trick|p2a: Okidogi\n|-activate|p1a: Dusknoir|move: Trick|[of] p2a: Okidogi\n|-item|p2a: Okidogi|Choice Band|[from] move: Trick\n|-item|p1a: Dusknoir|Leftovers|[from] move: Trick\n|\n|-heal|p1a: Dusknoir|64\/100 tox|[from] item: Leftovers\n|-damage|p1a: Dusknoir|58\/100 tox|[from] psn\n|upkeep\n|turn|5\n|\n|t:|1700436541\n|switch|p2a: Lycanroc|Lycanroc-Dusk, F, shiny|100\/100\n|switch|p1a: Heatran|Heatran, M|21\/100\n|\n|upkeep\n|turn|6\n|\n|t:|1700436550\n|move|p2a: Lycanroc|Sucker Punch|p1a: Heatran\n|-damage|p1a: Heatran|0 fnt\n|faint|p1a: Heatran\n|\n|upkeep\n|\n|t:|1700436559\n|switch|p1a: Annihilape|Annihilape, M, shiny|100\/100\n|turn|7\n|\n|t:|1700436570\n|move|p2a: Lycanroc|Swords Dance|p2a: Lycanroc\n|-boost|p2a: Lycanroc|atk|2\n|move|p1a: Annihilape|Bulk Up|p1a: Annihilape\n|-boost|p1a: Annihilape|atk|1\n|-boost|p1a: Annihilape|def|1\n|\n|upkeep\n|turn|8\n|\n|t:|1700436578\n|move|p2a: Lycanroc|Swords Dance|p2a: Lycanroc\n|-boost|p2a: Lycanroc|atk|2\n|move|p1a: Annihilape|Drain Punch|p2a: Lycanroc\n|-supereffective|p2a: Lycanroc\n|-enditem|p2a: Lycanroc|Focus Sash\n|-damage|p2a: Lycanroc|1\/100\n|\n|upkeep\n|turn|9\n|\n|t:|1700436590\n|move|p2a: Lycanroc|Sucker Punch|p1a: Annihilape\n|-damage|p1a: Annihilape|32\/100\n|move|p1a: Annihilape|Drain Punch|p2a: Lycanroc\n|-supereffective|p2a: Lycanroc\n|-damage|p2a: Lycanroc|0 fnt\n|-heal|p1a: Annihilape|32\/100|[from] drain|[of] p2a: Lycanroc\n|faint|p2a: Lycanroc\n|\n|upkeep\n|\n|t:|1700436622\n|switch|p2a: Okidogi|Okidogi, M|81\/100\n|turn|10\n|\n|t:|1700436639\n|-terastallize|p2a: Okidogi|Fairy\n|move|p1a: Annihilape|Rage Fist|p2a: Okidogi\n|-damage|p2a: Okidogi|35\/100\n|move|p2a: Okidogi|Tera Blast|p1a: Annihilape|[anim] Tera Blast Fairy\n|-supereffective|p1a: Annihilape\n|-damage|p1a: Annihilape|0 fnt\n|faint|p1a: Annihilape\n|\n|upkeep\n|\n|t:|1700436653\n|switch|p1a: Kingambit|Kingambit, M, shiny|100\/100\n|-activate|p1a: Kingambit|ability: Supreme Overlord\n|-start|p1a: Kingambit|fallen3|[silent]\n|turn|11\n|\n|t:|1700436671\n|-terastallize|p1a: Kingambit|Fire\n|move|p2a: Okidogi|Tera Blast|p1a: Kingambit|[anim] Tera Blast Fairy\n|-resisted|p1a: Kingambit\n|-damage|p1a: Kingambit|76\/100\n|move|p1a: Kingambit|Iron Head|p2a: Okidogi\n|-supereffective|p2a: Okidogi\n|-damage|p2a: Okidogi|0 fnt\n|faint|p2a: Okidogi\n|\n|upkeep\n|\n|t:|1700436689\n|switch|p2a: Jolteon|Jolteon, M, shiny|100\/100\n|turn|12\n|\n|t:|1700436699\n|move|p2a: Jolteon|Thunderbolt|p1a: Kingambit\n|-damage|p1a: Kingambit|39\/100\n|move|p1a: Kingambit|Kowtow Cleave|p2a: Jolteon\n|-damage|p2a: Jolteon|0 fnt\n|faint|p2a: Jolteon\n|\n|upkeep\n|\n|t:|1700436712\n|switch|p2a: Shiftry|Shiftry, F, shiny|100\/100\n|turn|13\n|\n|t:|1700436728\n|move|p2a: Shiftry|Brick Break|p1a: Kingambit\n|-damage|p1a: Kingambit|23\/100\n|move|p1a: Kingambit|Iron Head|p2a: Shiftry\n|-damage|p2a: Shiftry|1\/100\n|\n|upkeep\n|turn|14\n|\n|t:|1700436735\n|move|p2a: Shiftry|Sucker Punch|p1a: Kingambit\n|-crit|p1a: Kingambit\n|-damage|p1a: Kingambit|0 fnt\n|faint|p1a: Kingambit\n|-end|p1a: Kingambit|fallen3|[silent]\n|\n|upkeep\n|\n|t:|1700436741\n|switch|p1a: Dusknoir|Dusknoir, M, shiny|58\/100 tox\n|-item|p2a: Shiftry|Focus Sash|[from] ability: Frisk|[of] p1a: Dusknoir|[identify]\n|turn|15\n|\n|t:|1700436749\n|move|p2a: Shiftry|Sucker Punch|p1a: Dusknoir\n|-supereffective|p1a: Dusknoir\n|-damage|p1a: Dusknoir|5\/100 tox\n|move|p1a: Dusknoir|Shadow Sneak|p2a: Shiftry\n|-resisted|p2a: Shiftry\n|-damage|p2a: Shiftry|0 fnt\n|faint|p2a: Shiftry\n|\n|-heal|p1a: Dusknoir|11\/100 tox|[from] item: Leftovers\n|-damage|p1a: Dusknoir|5\/100 tox|[from] psn\n|upkeep\n|\n|t:|1700436753\n|switch|p2a: Mightyena|Mightyena, F|100\/100\n|turn|16\n|\n|t:|1700436764\n|move|p2a: Mightyena|Sucker Punch|p1a: Dusknoir\n|-supereffective|p1a: Dusknoir\n|-damage|p1a: Dusknoir|0 fnt\n|faint|p1a: Dusknoir\n|-ability|p2a: Mightyena|Moxie|boost\n|-boost|p2a: Mightyena|atk|1\n|\n|upkeep\n|\n|t:|1700436771\n|switch|p1a: Milotic|Milotic, M, shiny|100\/100\n|turn|17\n|\n|t:|1700436787\n|move|p2a: Mightyena|Sucker Punch|p1a: Milotic\n|-damage|p1a: Milotic|31\/100\n|move|p1a: Milotic|Scald|p2a: Mightyena\n|-damage|p2a: Mightyena|51\/100\n|\n|-heal|p1a: Milotic|37\/100|[from] item: Leftovers\n|upkeep\n|turn|18\n|\n|t:|1700436796\n|move|p2a: Mightyena|Sucker Punch||[still]\n|-fail|p2a: Mightyena\n|move|p1a: Milotic|Recover|p1a: Milotic\n|-heal|p1a: Milotic|87\/100\n|\n|-heal|p1a: Milotic|93\/100|[from] item: Leftovers\n|upkeep\n|turn|19\n|\n|t:|1700436805\n|move|p2a: Mightyena|Sucker Punch|p1a: Milotic\n|-damage|p1a: Milotic|21\/100\n|move|p1a: Milotic|Scald|p2a: Mightyena\n|-damage|p2a: Mightyena|4\/100\n|\n|-heal|p1a: Milotic|27\/100|[from] item: Leftovers\n|upkeep\n|turn|20\n|\n|t:|1700436814\n|move|p2a: Mightyena|Sucker Punch||[still]\n|-fail|p2a: Mightyena\n|move|p1a: Milotic|Recover|p1a: Milotic\n|-heal|p1a: Milotic|77\/100\n|\n|-heal|p1a: Milotic|83\/100|[from] item: Leftovers\n|upkeep\n|turn|21\n|\n|t:|1700436824\n|move|p2a: Mightyena|Sucker Punch|p1a: Milotic\n|-damage|p1a: Milotic|14\/100\n|move|p1a: Milotic|Scald|p2a: Mightyena\n|-damage|p2a: Mightyena|0 fnt\n|faint|p2a: Mightyena\n|\n|win|tpl_bandit\n|l|\u2606Redisdead98\n|l|\u2606tpl_bandit\n|j|\u2606Redisdead98\n|player|p2|Redisdead98|red\n|l|\u2606Redisdead98\n|player|p2|\n|j|\u2606Redisdead98\n|player|p2|Redisdead98|red\n","uploadtime":1700436839,"views":18,"p1id":"tplbandit","p2id":"redisdead98","formatid":"gen9ubers","rating":0,"private":0,"password":""}