{"id":"gen9ubers-1979668090","p1":"rutriyououiyiyuyt","p2":"The8thSamurai","format":"[Gen 9] Ubers","log":"|j|\u2606rutriyououiyiyuyt\n|j|\u2606The8thSamurai\n|t:|1698701531\n|gametype|singles\n|player|p1|rutriyououiyiyuyt|elesa|\n|player|p2|The8thSamurai|benga|\n|teamsize|p1|6\n|teamsize|p2|6\n|gen|9\n|tier|[Gen 9] Ubers\n|rule|Sleep Clause Mod: Limit one foe put to sleep\n|rule|Species Clause: Limit one of each Pok\u00e9mon\n|rule|OHKO Clause: OHKO moves are banned\n|rule|Evasion Items Clause: Evasion items are banned\n|rule|Evasion Moves Clause: Evasion moves are banned\n|rule|Endless Battle Clause: Forcing endless battles is banned\n|rule|HP Percentage Mod: HP is shown in percentages\n|clearpoke\n|poke|p1|Meowscarada, F|\n|poke|p1|Ninetales-Alola, F|\n|poke|p1|Arceus-Poison|\n|poke|p1|Gholdengo|\n|poke|p1|Urshifu-*, M|\n|poke|p1|Ogerpon-Wellspring, F|\n|poke|p2|Magearna|\n|poke|p2|Cyclizar, M|\n|poke|p2|Zacian-*|\n|poke|p2|Pelipper, M|\n|poke|p2|Basculegion-F, F|\n|poke|p2|Palkia-Origin|\n|teampreview\n|inactive|Battle timer is ON: inactive players will automatically lose when time's up. (requested by The8thSamurai)\n|\n|t:|1698701546\n|start\n|switch|p1a: Ninetales-Kanto|Ninetales-Alola, F|100\/100\n|switch|p2a: Pelipper|Pelipper, M|100\/100\n|-weather|Snow|[from] ability: Snow Warning|[of] p1a: Ninetales-Kanto\n|-weather|RainDance|[from] ability: Drizzle|[of] p2a: Pelipper\n|turn|1\n|\n|t:|1698701555\n|switch|p2a: Magearna|Magearna|100\/100\n|move|p1a: Ninetales-Kanto|Freeze-Dry|p2a: Magearna\n|-resisted|p2a: Magearna\n|-damage|p2a: Magearna|88\/100\n|\n|-weather|RainDance|[upkeep]\n|-heal|p2a: Magearna|94\/100|[from] item: Leftovers\n|upkeep\n|turn|2\n|\n|t:|1698701566\n|switch|p1a: Arceus-Toxic|Arceus-Poison|100\/100\n|move|p2a: Magearna|Shift Gear|p2a: Magearna\n|-boost|p2a: Magearna|spe|2\n|-boost|p2a: Magearna|atk|1\n|\n|-weather|RainDance|[upkeep]\n|-heal|p2a: Magearna|99\/100|[from] item: Leftovers\n|upkeep\n|turn|3\n|\n|t:|1698701573\n|-terastallize|p1a: Arceus-Toxic|Fairy\n|move|p2a: Magearna|Calm Mind|p2a: Magearna\n|-boost|p2a: Magearna|spa|1\n|-boost|p2a: Magearna|spd|1\n|move|p1a: Arceus-Toxic|Earthquake|p2a: Magearna\n|-supereffective|p2a: Magearna\n|-damage|p2a: Magearna|56\/100\n|\n|-weather|RainDance|[upkeep]\n|-heal|p2a: Magearna|62\/100|[from] item: Leftovers\n|upkeep\n|turn|4\n|\n|t:|1698701587\n|switch|p2a: Basculegion|Basculegion-F, F|100\/100\n|move|p1a: Arceus-Toxic|Earthquake|p2a: Basculegion\n|-damage|p2a: Basculegion|55\/100\n|\n|-weather|RainDance|[upkeep]\n|upkeep\n|turn|5\n|\n|t:|1698701595\n|switch|p1a: Ogerpon-Hearth|Ogerpon-Wellspring, F|100\/100\n|move|p2a: Basculegion|Wave Crash|p1a: Ogerpon-Hearth\n|-immune|p1a: Ogerpon-Hearth|[from] ability: Water Absorb\n|\n|-weather|RainDance|[upkeep]\n|upkeep\n|turn|6\n|\n|t:|1698701600\n|switch|p2a: Cyclizar|Cyclizar, M|100\/100\n|move|p1a: Ogerpon-Hearth|Power Whip|p2a: Cyclizar\n|-resisted|p2a: Cyclizar\n|-damage|p2a: Cyclizar|50\/100\n|\n|-weather|RainDance|[upkeep]\n|upkeep\n|turn|7\n|\n|t:|1698701610\n|move|p2a: Cyclizar|Shed Tail|p2a: Cyclizar\n|-fail|p2a: Cyclizar|move: Shed Tail|[weak]\n|move|p1a: Ogerpon-Hearth|Knock Off|p2a: Cyclizar\n|-damage|p2a: Cyclizar|0 fnt\n|-enditem|p2a: Cyclizar|Choice Scarf|[from] move: Knock Off|[of] p1a: Ogerpon-Hearth\n|faint|p2a: Cyclizar\n|\n|-weather|RainDance|[upkeep]\n|upkeep\n|\n|t:|1698701631\n|switch|p2a: Palkia|Palkia-Origin|100\/100\n|-ability|p2a: Palkia|Pressure\n|turn|8\n|\n|t:|1698701635\n|move|p2a: Palkia|Draco Meteor|p1a: Ogerpon-Hearth|[miss]\n|-miss|p2a: Palkia|p1a: Ogerpon-Hearth\n|move|p1a: Ogerpon-Hearth|Power Whip|p2a: Palkia\n|-damage|p2a: Palkia|31\/100\n|\n|-weather|none\n|upkeep\n|turn|9\n|\n|t:|1698701644\n|move|p2a: Palkia|Draco Meteor|p1a: Ogerpon-Hearth|[miss]\n|-miss|p2a: Palkia|p1a: Ogerpon-Hearth\n|move|p1a: Ogerpon-Hearth|Power Whip|p2a: Palkia\n|-damage|p2a: Palkia|0 fnt\n|faint|p2a: Palkia\n|\n|upkeep\n|c|\u2606rutriyououiyiyuyt|damn\n|c|\u2606rutriyououiyiyuyt|thats unlucky\n|\n|t:|1698701660\n|switch|p2a: Zacian|Zacian, shiny|100\/100\n|-ability|p2a: Zacian|Intrepid Sword|boost\n|-boost|p2a: Zacian|atk|1\n|turn|10\n|\n|t:|1698701665\n|move|p2a: Zacian|Swords Dance|p2a: Zacian\n|-boost|p2a: Zacian|atk|2\n|move|p1a: Ogerpon-Hearth|Knock Off|p2a: Zacian\n|-resisted|p2a: Zacian\n|-damage|p2a: Zacian|83\/100\n|-enditem|p2a: Zacian|Leftovers|[from] move: Knock Off|[of] p1a: Ogerpon-Hearth\n|\n|upkeep\n|turn|11\n|\n|t:|1698701671\n|move|p2a: Zacian|Play Rough|p1a: Ogerpon-Hearth\n|-damage|p1a: Ogerpon-Hearth|0 fnt\n|faint|p1a: Ogerpon-Hearth\n|\n|upkeep\n|\n|t:|1698701674\n|switch|p1a: Dollar Bill|Gholdengo|100\/100\n|turn|12\n|\n|t:|1698701690\n|switch|p2a: Magearna|Magearna|62\/100\n|move|p1a: Dollar Bill|Thunder Wave|p2a: Magearna|[miss]\n|-miss|p1a: Dollar Bill|p2a: Magearna\n|\n|-heal|p2a: Magearna|68\/100|[from] item: Leftovers\n|upkeep\n|turn|13\n|\n|t:|1698701700\n|move|p1a: Dollar Bill|Thunder Wave|p2a: Magearna\n|-status|p2a: Magearna|par\n|move|p2a: Magearna|Draining Kiss|p1a: Dollar Bill\n|-resisted|p1a: Dollar Bill\n|-damage|p1a: Dollar Bill|89\/100\n|-heal|p2a: Magearna|77\/100 par|[from] drain|[of] p1a: Dollar Bill\n|\n|-heal|p2a: Magearna|83\/100 par|[from] item: Leftovers\n|upkeep\n|turn|14\n|\n|t:|1698701712\n|switch|p1a: Incin|Meowscarada, F|100\/100\n|move|p2a: Magearna|Calm Mind|p2a: Magearna\n|-boost|p2a: Magearna|spa|1\n|-boost|p2a: Magearna|spd|1\n|\n|-heal|p2a: Magearna|89\/100 par|[from] item: Leftovers\n|upkeep\n|turn|15\n|\n|t:|1698701717\n|move|p1a: Incin|Taunt|p2a: Magearna\n|-start|p1a: Incin|typechange|Dark|[from] ability: Protean\n|-start|p2a: Magearna|move: Taunt\n|move|p2a: Magearna|Draining Kiss|p1a: Incin\n|-supereffective|p1a: Incin\n|-enditem|p1a: Incin|Focus Sash\n|-damage|p1a: Incin|1\/100\n|-heal|p2a: Magearna|100\/100 par|[from] drain|[of] p1a: Incin\n|\n|upkeep\n|turn|16\n|\n|t:|1698701730\n|move|p1a: Incin|Spikes|p2a: Magearna\n|-sidestart|p2: The8thSamurai|Spikes\n|cant|p2a: Magearna|par\n|\n|upkeep\n|turn|17\n|\n|t:|1698701734\n|move|p1a: Incin|Flower Trick|p2a: Magearna\n|-resisted|p2a: Magearna\n|-crit|p2a: Magearna\n|-damage|p2a: Magearna|91\/100 par\n|move|p2a: Magearna|Draining Kiss|p1a: Incin\n|-supereffective|p1a: Incin\n|-damage|p1a: Incin|0 fnt\n|-heal|p2a: Magearna|91\/100 par|[from] drain|[of] p1a: Incin\n|faint|p1a: Incin\n|-ability|p2a: Magearna|Soul-Heart|boost\n|-boost|p2a: Magearna|spa|1\n|\n|-heal|p2a: Magearna|97\/100 par|[from] item: Leftovers\n|-end|p2a: Magearna|move: Taunt\n|upkeep\n|\n|t:|1698701740\n|switch|p1a: Arceus-Toxic|Arceus-Poison, tera:Fairy|100\/100\n|turn|18\n|\n|t:|1698701746\n|switch|p2a: Pelipper|Pelipper, M|100\/100\n|-weather|RainDance|[from] ability: Drizzle|[of] p2a: Pelipper\n|move|p1a: Arceus-Toxic|Earthquake|p2a: Pelipper\n|-immune|p2a: Pelipper\n|\n|-weather|RainDance|[upkeep]\n|upkeep\n|turn|19\n|\n|t:|1698701753\n|move|p1a: Arceus-Toxic|Poison Jab|p2a: Pelipper\n|-damage|p2a: Pelipper|61\/100\n|move|p2a: Pelipper|Hurricane|p1a: Arceus-Toxic\n|-damage|p1a: Arceus-Toxic|78\/100\n|\n|-weather|RainDance|[upkeep]\n|upkeep\n|turn|20\n|\n|t:|1698701759\n|move|p1a: Arceus-Toxic|Poison Jab|p2a: Pelipper\n|-damage|p2a: Pelipper|28\/100\n|move|p2a: Pelipper|U-turn|p1a: Arceus-Toxic\n|-resisted|p1a: Arceus-Toxic\n|-damage|p1a: Arceus-Toxic|75\/100\n|\n|t:|1698701764\n|switch|p2a: Basculegion|Basculegion-F, F|55\/100|[from] U-turn\n|-damage|p2a: Basculegion|43\/100|[from] Spikes\n|\n|-weather|RainDance|[upkeep]\n|upkeep\n|turn|21\n|\n|t:|1698701781\n|move|p2a: Basculegion|Wave Crash|p1a: Arceus-Toxic\n|-damage|p1a: Arceus-Toxic|16\/100\n|-damage|p2a: Basculegion|20\/100|[from] Recoil\n|-damage|p2a: Basculegion|10\/100|[from] item: Life Orb\n|move|p1a: Arceus-Toxic|Will-O-Wisp|p2a: Basculegion\n|-status|p2a: Basculegion|brn\n|\n|-weather|RainDance|[upkeep]\n|-damage|p2a: Basculegion|4\/100 brn|[from] brn\n|upkeep\n|turn|22\n|\n|t:|1698701794\n|move|p2a: Basculegion|Last Respects|p1a: Arceus-Toxic\n|-damage|p1a: Arceus-Toxic|0 fnt\n|faint|p1a: Arceus-Toxic\n|-damage|p2a: Basculegion|0 fnt|[from] item: Life Orb\n|faint|p2a: Basculegion\n|\n|-weather|RainDance|[upkeep]\n|upkeep\n|\n|t:|1698701808\n|switch|p1a: Dollar Bill|Gholdengo|89\/100\n|switch|p2a: Magearna|Magearna|97\/100 par\n|-damage|p2a: Magearna|85\/100 par|[from] Spikes\n|turn|23\n|\n|t:|1698701816\n|switch|p1a: Urshifu-Rapid|Urshifu, M|100\/100\n|move|p2a: Magearna|Calm Mind|p2a: Magearna\n|-boost|p2a: Magearna|spa|1\n|-boost|p2a: Magearna|spd|1\n|\n|-weather|RainDance|[upkeep]\n|-heal|p2a: Magearna|91\/100 par|[from] item: Leftovers\n|upkeep\n|turn|24\n|\n|t:|1698701822\n|move|p1a: Urshifu-Rapid|Swords Dance|p1a: Urshifu-Rapid\n|-boost|p1a: Urshifu-Rapid|atk|2\n|move|p2a: Magearna|Draining Kiss|p1a: Urshifu-Rapid\n|-supereffective|p1a: Urshifu-Rapid\n|-crit|p1a: Urshifu-Rapid\n|-damage|p1a: Urshifu-Rapid|0 fnt\n|-heal|p2a: Magearna|100\/100 par|[from] drain|[of] p1a: Urshifu-Rapid\n|faint|p1a: Urshifu-Rapid\n|-ability|p2a: Magearna|Soul-Heart|boost\n|-boost|p2a: Magearna|spa|1\n|\n|-weather|RainDance|[upkeep]\n|upkeep\n|\n|t:|1698701830\n|switch|p1a: Dollar Bill|Gholdengo|89\/100\n|turn|25\n|\n|t:|1698701842\n|move|p1a: Dollar Bill|Focus Blast|p2a: Magearna\n|-damage|p2a: Magearna|75\/100 par\n|move|p2a: Magearna|Calm Mind|p2a: Magearna\n|-boost|p2a: Magearna|spa|1\n|-boost|p2a: Magearna|spd|1\n|\n|-weather|none\n|-heal|p2a: Magearna|81\/100 par|[from] item: Leftovers\n|upkeep\n|turn|26\n|\n|t:|1698701853\n|move|p1a: Dollar Bill|Focus Blast|p2a: Magearna\n|-damage|p2a: Magearna|63\/100 par\n|move|p2a: Magearna|Stored Power|p1a: Dollar Bill\n|-resisted|p1a: Dollar Bill\n|-damage|p1a: Dollar Bill|50\/100\n|\n|-heal|p2a: Magearna|69\/100 par|[from] item: Leftovers\n|upkeep\n|turn|27\n|\n|t:|1698701861\n|move|p1a: Dollar Bill|Recover|p1a: Dollar Bill\n|-heal|p1a: Dollar Bill|99\/100\n|cant|p2a: Magearna|par\n|\n|-heal|p2a: Magearna|75\/100 par|[from] item: Leftovers\n|upkeep\n|turn|28\n|\n|t:|1698701865\n|move|p1a: Dollar Bill|Focus Blast|p2a: Magearna|[miss]\n|-miss|p1a: Dollar Bill|p2a: Magearna\n|move|p2a: Magearna|Calm Mind|p2a: Magearna\n|-boost|p2a: Magearna|spa|1\n|-boost|p2a: Magearna|spd|1\n|\n|-heal|p2a: Magearna|81\/100 par|[from] item: Leftovers\n|upkeep\n|turn|29\n|\n|t:|1698701869\n|move|p1a: Dollar Bill|Focus Blast|p2a: Magearna|[miss]\n|-miss|p1a: Dollar Bill|p2a: Magearna\n|move|p2a: Magearna|Stored Power|p1a: Dollar Bill\n|-resisted|p1a: Dollar Bill\n|-damage|p1a: Dollar Bill|32\/100\n|\n|-heal|p2a: Magearna|87\/100 par|[from] item: Leftovers\n|upkeep\n|turn|30\n|\n|t:|1698701876\n|move|p1a: Dollar Bill|Make It Rain|p2a: Magearna\n|-damage|p2a: Magearna|65\/100 par\n|-unboost|p1a: Dollar Bill|spa|1\n|cant|p2a: Magearna|par\n|\n|-heal|p2a: Magearna|71\/100 par|[from] item: Leftovers\n|upkeep\n|turn|31\n|\n|t:|1698701890\n|move|p1a: Dollar Bill|Recover|p1a: Dollar Bill\n|-heal|p1a: Dollar Bill|82\/100\n|move|p2a: Magearna|Draining Kiss|p1a: Dollar Bill\n|-resisted|p1a: Dollar Bill\n|-damage|p1a: Dollar Bill|51\/100\n|-heal|p2a: Magearna|95\/100 par|[from] drain|[of] p1a: Dollar Bill\n|\n|-heal|p2a: Magearna|100\/100 par|[from] item: Leftovers\n|upkeep\n|turn|32\n|\n|t:|1698701897\n|switch|p1a: Ninetales-Kanto|Ninetales-Alola, F|100\/100\n|-weather|Snow|[from] ability: Snow Warning|[of] p1a: Ninetales-Kanto\n|move|p2a: Magearna|Stored Power|p1a: Ninetales-Kanto\n|-damage|p1a: Ninetales-Kanto|0 fnt\n|faint|p1a: Ninetales-Kanto\n|-ability|p2a: Magearna|Soul-Heart|boost\n|-boost|p2a: Magearna|spa|1\n|\n|-weather|Snow|[upkeep]\n|upkeep\n|\n|t:|1698701900\n|switch|p1a: Dollar Bill|Gholdengo|51\/100\n|turn|33\n|\n|t:|1698701907\n|move|p1a: Dollar Bill|Recover|p1a: Dollar Bill\n|-heal|p1a: Dollar Bill|100\/100\n|move|p2a: Magearna|Stored Power|p1a: Dollar Bill\n|-resisted|p1a: Dollar Bill\n|-damage|p1a: Dollar Bill|18\/100\n|\n|-weather|Snow|[upkeep]\n|upkeep\n|turn|34\n|c|\u2606rutriyououiyiyuyt|gg\n|\n|t:|1698701914\n|move|p1a: Dollar Bill|Make It Rain|p2a: Magearna\n|-damage|p2a: Magearna|77\/100 par\n|-unboost|p1a: Dollar Bill|spa|1\n|move|p2a: Magearna|Stored Power|p1a: Dollar Bill\n|-resisted|p1a: Dollar Bill\n|-crit|p1a: Dollar Bill\n|-damage|p1a: Dollar Bill|0 fnt\n|faint|p1a: Dollar Bill\n|\n|win|The8thSamurai\n|c|\u2606The8thSamurai|gg\n|l|\u2606rutriyououiyiyuyt\n","uploadtime":1698701977,"views":25,"p1id":"rutriyououiyiyuyt","p2id":"the8thsamurai","formatid":"gen9ubers","rating":0,"private":0,"password":""}