{"id":"gen9ubers-1978587864","p1":"the tr4sh man","p2":"Kabunger","format":"[Gen 9] Ubers","log":"|j|\u2606the tr4sh man\n|j|\u2606Kabunger\n|t:|1698561379\n|gametype|singles\n|player|p1|the tr4sh man|xerosic|\n|player|p2|Kabunger|hilda-wonderlauncher|\n|teamsize|p1|6\n|teamsize|p2|6\n|gen|9\n|tier|[Gen 9] Ubers\n|rule|Sleep Clause Mod: Limit one foe put to sleep\n|rule|Species Clause: Limit one of each Pok\u00e9mon\n|rule|OHKO Clause: OHKO moves are banned\n|rule|Evasion Items Clause: Evasion items are banned\n|rule|Evasion Moves Clause: Evasion moves are banned\n|rule|Endless Battle Clause: Forcing endless battles is banned\n|rule|HP Percentage Mod: HP is shown in percentages\n|clearpoke\n|poke|p1|Magearna|\n|poke|p1|Dialga|\n|poke|p1|Chi-Yu|\n|poke|p1|Palafin, M|\n|poke|p1|Spectrier|\n|poke|p1|Shaymin-Sky|\n|poke|p2|Torkoal, M|\n|poke|p2|Walking Wake|\n|poke|p2|Grafaiai, F|\n|poke|p2|Zacian-*|\n|poke|p2|Chi-Yu|\n|poke|p2|Gliscor, F|\n|teampreview\n|inactive|Battle timer is ON: inactive players will automatically lose when time's up. (requested by Kabunger)\n|\n|t:|1698561413\n|start\n|switch|p1a: Chi-Yu|Chi-Yu|100\/100\n|switch|p2a: Torkoal|Torkoal, M|100\/100\n|-ability|p1a: Chi-Yu|Beads of Ruin\n|-weather|SunnyDay|[from] ability: Drought|[of] p2a: Torkoal\n|turn|1\n|\n|t:|1698561424\n|switch|p2a: Walking Wake|Walking Wake|100\/100\n|-activate|p2a: Walking Wake|ability: Protosynthesis\n|-start|p2a: Walking Wake|protosynthesisspe\n|move|p1a: Chi-Yu|Dark Pulse|p2a: Walking Wake\n|-damage|p2a: Walking Wake|0 fnt\n|faint|p2a: Walking Wake\n|-end|p2a: Walking Wake|Protosynthesis|[silent]\n|\n|-weather|SunnyDay|[upkeep]\n|upkeep\n|\n|t:|1698561434\n|switch|p2a: Zacian|Zacian|100\/100\n|-ability|p2a: Zacian|Intrepid Sword|boost\n|-boost|p2a: Zacian|atk|1\n|turn|2\n|\n|t:|1698561447\n|switch|p1a: Palafin|Palafin, M|100\/100\n|-terastallize|p2a: Zacian|Fire\n|move|p2a: Zacian|Tera Blast|p1a: Palafin|[anim] Tera Blast Fire\n|-resisted|p1a: Palafin\n|-damage|p1a: Palafin|39\/100\n|\n|-weather|SunnyDay|[upkeep]\n|upkeep\n|turn|3\n|\n|t:|1698561456\n|move|p2a: Zacian|Play Rough|p1a: Palafin\n|-damage|p1a: Palafin|0 fnt\n|faint|p1a: Palafin\n|\n|-weather|SunnyDay|[upkeep]\n|upkeep\n|\n|t:|1698561470\n|switch|p1a: Spectrier|Spectrier|100\/100\n|turn|4\n|\n|t:|1698561475\n|move|p1a: Spectrier|Shadow Ball|p2a: Zacian\n|-damage|p2a: Zacian|43\/100\n|move|p2a: Zacian|Tera Blast|p1a: Spectrier|[anim] Tera Blast Fire\n|-damage|p1a: Spectrier|0 fnt\n|faint|p1a: Spectrier\n|\n|-weather|SunnyDay|[upkeep]\n|upkeep\n|\n|t:|1698561482\n|switch|p1a: Shaymin|Shaymin-Sky|100\/100\n|turn|5\n|\n|t:|1698561487\n|move|p1a: Shaymin|Earth Power|p2a: Zacian\n|-supereffective|p2a: Zacian\n|-damage|p2a: Zacian|0 fnt\n|faint|p2a: Zacian\n|\n|-weather|none\n|upkeep\n|\n|t:|1698561496\n|switch|p2a: Chi-Yu|Chi-Yu|100\/100\n|-ability|p2a: Chi-Yu|Beads of Ruin\n|turn|6\n|\n|t:|1698561500\n|move|p2a: Chi-Yu|Flamethrower|p1a: Shaymin\n|-supereffective|p1a: Shaymin\n|-damage|p1a: Shaymin|0 fnt\n|faint|p1a: Shaymin\n|\n|upkeep\n|\n|t:|1698561502\n|switch|p1a: Chi-Yu|Chi-Yu|100\/100\n|-ability|p1a: Chi-Yu|Beads of Ruin\n|turn|7\n|\n|t:|1698561510\n|-terastallize|p1a: Chi-Yu|Fire\n|move|p2a: Chi-Yu|Flamethrower|p1a: Chi-Yu\n|-resisted|p1a: Chi-Yu\n|-damage|p1a: Chi-Yu|69\/100\n|move|p1a: Chi-Yu|Flamethrower|p2a: Chi-Yu\n|-resisted|p2a: Chi-Yu\n|-damage|p2a: Chi-Yu|44\/100\n|\n|upkeep\n|turn|8\n|\n|t:|1698561519\n|move|p2a: Chi-Yu|Flamethrower|p1a: Chi-Yu\n|-resisted|p1a: Chi-Yu\n|-damage|p1a: Chi-Yu|40\/100\n|move|p1a: Chi-Yu|Flamethrower|p2a: Chi-Yu\n|-resisted|p2a: Chi-Yu\n|-damage|p2a: Chi-Yu|0 fnt\n|faint|p2a: Chi-Yu\n|\n|upkeep\n|\n|t:|1698561524\n|switch|p2a: AIYAH GG'S|Grafaiai, F|100\/100\n|turn|9\n|\n|t:|1698561530\n|switch|p1a: Magearna|Magearna|100\/100\n|move|p2a: AIYAH GG'S|Poison Jab|p1a: Magearna\n|-immune|p1a: Magearna\n|\n|upkeep\n|turn|10\n|\n|t:|1698561537\n|move|p2a: AIYAH GG'S|Copycat|p2a: AIYAH GG'S\n|move|p2a: AIYAH GG'S|Poison Jab|p1a: Magearna|[from]move: Copycat\n|-immune|p1a: Magearna\n|move|p1a: Magearna|Flash Cannon|p2a: AIYAH GG'S\n|-enditem|p2a: AIYAH GG'S|Focus Sash\n|-damage|p2a: AIYAH GG'S|1\/100\n|\n|upkeep\n|turn|11\n|\n|t:|1698561543\n|switch|p2a: Torkoal|Torkoal, M|100\/100\n|-weather|SunnyDay|[from] ability: Drought|[of] p2a: Torkoal\n|move|p1a: Magearna|Flash Cannon|p2a: Torkoal\n|-resisted|p2a: Torkoal\n|-damage|p2a: Torkoal|59\/100\n|\n|-weather|SunnyDay|[upkeep]\n|upkeep\n|turn|12\n|\n|t:|1698561551\n|switch|p1a: Dialga|Dialga|100\/100\n|-ability|p1a: Dialga|Pressure\n|move|p2a: Torkoal|Lava Plume|p1a: Dialga\n|-damage|p1a: Dialga|67\/100\n|\n|-weather|SunnyDay|[upkeep]\n|upkeep\n|turn|13\n|\n|t:|1698561557\n|switch|p2a: Gliscor|Gliscor, F|100\/100\n|move|p1a: Dialga|Stealth Rock|p2a: Gliscor\n|-sidestart|p2: Kabunger|move: Stealth Rock\n|\n|-weather|SunnyDay|[upkeep]\n|-status|p2a: Gliscor|tox|[from] item: Toxic Orb\n|upkeep\n|turn|14\n|\n|t:|1698561566\n|switch|p1a: Magearna|Magearna|100\/100\n|move|p2a: Gliscor|Stealth Rock|p1a: Magearna\n|-sidestart|p1: the tr4sh man|move: Stealth Rock\n|\n|-weather|SunnyDay|[upkeep]\n|upkeep\n|turn|15\n|\n|t:|1698561572\n|move|p2a: Gliscor|Earthquake|p1a: Magearna\n|-supereffective|p1a: Magearna\n|-damage|p1a: Magearna|46\/100\n|move|p1a: Magearna|Ice Beam|p2a: Gliscor\n|-supereffective|p2a: Gliscor\n|-damage|p2a: Gliscor|0 fnt\n|faint|p2a: Gliscor\n|-ability|p1a: Magearna|Soul-Heart|boost\n|-boost|p1a: Magearna|spa|1\n|\n|-weather|none\n|upkeep\n|\n|t:|1698561578\n|switch|p2a: Torkoal|Torkoal, M|59\/100\n|-damage|p2a: Torkoal|34\/100|[from] Stealth Rock\n|-weather|SunnyDay|[from] ability: Drought|[of] p2a: Torkoal\n|turn|16\n|\n|t:|1698561582\n|move|p1a: Magearna|Ice Beam|p2a: Torkoal\n|-resisted|p2a: Torkoal\n|-damage|p2a: Torkoal|0 fnt\n|faint|p2a: Torkoal\n|-ability|p1a: Magearna|Soul-Heart|boost\n|-boost|p1a: Magearna|spa|1\n|\n|-weather|SunnyDay|[upkeep]\n|upkeep\n|-message|Kabunger forfeited.\n|\n|win|the tr4sh man\n|l|\u2606Kabunger\n","uploadtime":1698561593,"views":8,"p1id":"thetr4shman","p2id":"kabunger","formatid":"gen9ubers","rating":0,"private":0,"password":""}