{"id":"gen9ubers-1995133643","p1":"Azelf_Rod23","p2":"The Kitten Boy","format":"[Gen 9] Ubers","log":"|j|\u2606Azelf_Rod23\n|j|\u2606The Kitten Boy\n|inactive|Battle timer is ON: inactive players will automatically lose when time's up.\n|t:|1700526290\n|gametype|singles\n|player|p1|Azelf_Rod23|carmine|\n|player|p2|The Kitten Boy|kimonogirl|\n|teamsize|p1|6\n|teamsize|p2|6\n|gen|9\n|tier|[Gen 9] Ubers\n|rated|Tournament battle\n|rule|Sleep Clause Mod: Limit one foe put to sleep\n|rule|Species Clause: Limit one of each Pok\u00e9mon\n|rule|OHKO Clause: OHKO moves are banned\n|rule|Evasion Items Clause: Evasion items are banned\n|rule|Evasion Moves Clause: Evasion moves are banned\n|rule|Endless Battle Clause: Forcing endless battles is banned\n|rule|HP Percentage Mod: HP is shown in percentages\n|clearpoke\n|poke|p1|Urshifu-*, M|\n|poke|p1|Ogerpon-Hearthflame, F|\n|poke|p1|Flutter Mane|\n|poke|p1|Arceus|\n|poke|p1|Koraidon|\n|poke|p1|Walking Wake|\n|poke|p2|Magearna|\n|poke|p2|Ursaluna-Bloodmoon, M|\n|poke|p2|Calyrex-Ice|\n|poke|p2|Kyogre|\n|poke|p2|Giratina|\n|poke|p2|Hatterene, F|\n|teampreview\n|j|%Drampa\u5927Raivoso\n|c|\u2606Azelf_Rod23|glhf\n|c|\u2606The Kitten Boy|u2\n|c|\u2606The Kitten Boy|meow\n|c|\u2606Azelf_Rod23|esteja certo de ter coverage de tipo fighting :)\n|inactive|Azelf_Rod23 has 120 seconds left.\n|\n|t:|1700526334\n|start\n|switch|p1a: Urshifu|Urshifu-Rapid-Strike, M|100\/100\n|switch|p2a: Hatterene|Hatterene, F|100\/100\n|turn|1\n|\n|t:|1700526361\n|switch|p2a: Giratina|Giratina|100\/100\n|-ability|p2a: Giratina|Pressure\n|move|p1a: Urshifu|U-turn|p2a: Giratina\n|-resisted|p2a: Giratina\n|-damage|p2a: Giratina|96\/100\n|inactive|Azelf_Rod23 has 120 seconds left.\n|c|\u2606Azelf_Rod23|nunca imaginei que pressure era tao roubado\n|\n|t:|1700526402\n|switch|p1a: Walking Wake|Walking Wake|100\/100|[from] U-turn\n|\n|upkeep\n|turn|2\n|\n|t:|1700526413\n|switch|p2a: Magearna|Magearna|100\/100\n|move|p1a: Walking Wake|Flip Turn|p2a: Magearna\n|-damage|p2a: Magearna|88\/100\n|c|\u2606Azelf_Rod23|acho mesmo\n|c|\u2606Azelf_Rod23|kk\n|inactive|Azelf_Rod23 has 90 seconds left.\n|\n|t:|1700526442\n|-end|p1a: Walking Wake|Protosynthesis|[silent]\n|switch|p1a: Flutter Mane|Flutter Mane|100\/100|[from] Flip Turn\n|-enditem|p1a: Flutter Mane|Booster Energy\n|-activate|p1a: Flutter Mane|ability: Protosynthesis|[fromitem]\n|-start|p1a: Flutter Mane|protosynthesisspe\n|\n|upkeep\n|turn|3\n|\n|t:|1700526448\n|move|p1a: Flutter Mane|Mystical Fire|p2a: Magearna\n|-supereffective|p2a: Magearna\n|-damage|p2a: Magearna|41\/100\n|-unboost|p2a: Magearna|spa|1\n|-enditem|p2a: Magearna|Eject Pack\n|\n|t:|1700526454\n|switch|p2a: Hatterene|Hatterene, F|100\/100\n|\n|upkeep\n|turn|4\n|\n|t:|1700526465\n|move|p1a: Flutter Mane|Calm Mind|p1a: Flutter Mane\n|-boost|p1a: Flutter Mane|spa|1\n|-boost|p1a: Flutter Mane|spd|1\n|move|p2a: Hatterene|Trick Room|p2a: Hatterene\n|-fieldstart|move: Trick Room|[of] p2a: Hatterene\n|\n|upkeep\n|turn|5\n|c|\u2606Azelf_Rod23|._.\n|\n|t:|1700526476\n|move|p2a: Hatterene|Healing Wish|p2a: Hatterene\n|faint|p2a: Hatterene\n|move|p1a: Flutter Mane|Shadow Ball|p2: Hatterene|[notarget]\n|-fail|p1a: Flutter Mane\n|\n|upkeep\n|\n|t:|1700526478\n|switch|p2a: Calyrex|Calyrex-Ice|100\/100\n|-ability|p2a: Calyrex|As One\n|-ability|p2a: Calyrex|Unnerve\n|turn|6\n|c|\u2606Azelf_Rod23|:v\n|\n|t:|1700526497\n|move|p2a: Calyrex|Glacial Lance|p1a: Flutter Mane\n|-damage|p1a: Flutter Mane|0 fnt\n|faint|p1a: Flutter Mane\n|-end|p1a: Flutter Mane|Protosynthesis|[silent]\n|-ability|p2a: Calyrex|Chilling Neigh|boost\n|-boost|p2a: Calyrex|atk|1\n|\n|upkeep\n|inactive|Azelf_Rod23 has 90 seconds left.\n|c|\u2606Azelf_Rod23|!dt calyrex ice\n|raw|<div class=\"message\"><ul class=\"utilichart\"><li class=\"result\"><span class=\"col numcol\">Uber<\/span> <span class=\"col iconcol\"><psicon pokemon=\"calyrexice\"\/><\/span> <span class=\"col pokemonnamecol\" style=\"white-space:nowrap\"><a href=\"https:\/\/dex.pokemonshowdown.com\/pokemon\/calyrexice\" target=\"_blank\">Calyrex-Ice<\/a><\/span> <span class=\"col typecol\"><img src=\"https:\/\/play.pokemonshowdown.com\/sprites\/types\/Psychic.png\" alt=\"Psychic\" height=\"14\" width=\"32\"><img src=\"https:\/\/play.pokemonshowdown.com\/sprites\/types\/Ice.png\" alt=\"Ice\" height=\"14\" width=\"32\"><\/span> <span style=\"float:left;min-height:26px\"><span class=\"col abilitycol\">As One (Glastrier)<\/span><span class=\"col abilitycol\"><\/span><\/span><span style=\"float:left;min-height:26px\"><span class=\"col statcol\"><em>HP<\/em><br \/>100<\/span> <span class=\"col statcol\"><em>Atk<\/em><br \/>165<\/span> <span class=\"col statcol\"><em>Def<\/em><br \/>150<\/span> <span class=\"col statcol\"><em>SpA<\/em><br \/>85<\/span> <span class=\"col statcol\"><em>SpD<\/em><br \/>130<\/span> <span class=\"col statcol\"><em>Spe<\/em><br \/>50<\/span> <span class=\"col bstcol\"><em>BST<br \/>680<\/em><\/span> <\/span><\/li><li style=\"clear:both\"><\/li><\/ul><\/div>\n|raw|<font size=\"1\"><font color=\"#686868\">Dex#:<\/font> 898&nbsp;|&ThickSpace;<font color=\"#686868\">Gen:<\/font> 8&nbsp;|&ThickSpace;<font color=\"#686868\">Height:<\/font> 2.4 m&nbsp;|&ThickSpace;<font color=\"#686868\">Weight:<\/font> 809.1 kg <em>(120 BP)<\/em>&nbsp;|&ThickSpace;<font color=\"#686868\">Dex Colour:<\/font> White&nbsp;|&ThickSpace;<font color=\"#686868\">Egg Group(s):<\/font> Undiscovered&nbsp;|&ThickSpace;<font color=\"#686868\">Does Not Evolve<\/font><\/font>\n\n|\n|t:|1700526534\n|switch|p1a: Walking Wake|Walking Wake|100\/100\n|turn|7\n|c|\u2606Azelf_Rod23|bulk o garai\n|\n|t:|1700526544\n|-terastallize|p1a: Walking Wake|Water\n|move|p2a: Calyrex|Glacial Lance|p1a: Walking Wake\n|-resisted|p1a: Walking Wake\n|-damage|p1a: Walking Wake|35\/100\n|move|p1a: Walking Wake|Hydro Steam|p2a: Calyrex\n|-damage|p2a: Calyrex|46\/100\n|\n|upkeep\n|turn|8\n|c|\u2606Azelf_Rod23|q mrd\n|\n|t:|1700526556\n|move|p2a: Calyrex|Glacial Lance|p1a: Walking Wake\n|-resisted|p1a: Walking Wake\n|-damage|p1a: Walking Wake|0 fnt\n|faint|p1a: Walking Wake\n|-end|p1a: Walking Wake|Protosynthesis|[silent]\n|-ability|p2a: Calyrex|Chilling Neigh|boost\n|-boost|p2a: Calyrex|atk|1\n|\n|-fieldend|move: Trick Room\n|upkeep\n|\n|t:|1700526563\n|switch|p1a: Arceus|Arceus|100\/100\n|turn|9\n|c|\u2606Azelf_Rod23|hehe boy\n|\n|t:|1700526574\n|switch|p2a: Giratina|Giratina|96\/100\n|-heal|p2a: Giratina|100\/100|[from] move: Healing Wish\n|-ability|p2a: Giratina|Pressure\n|move|p1a: Arceus|Taunt|p2a: Giratina\n|-start|p2a: Giratina|move: Taunt\n|\n|upkeep\n|turn|10\n|\n|t:|1700526578\n|move|p1a: Arceus|Swords Dance|p1a: Arceus\n|-boost|p1a: Arceus|atk|2\n|move|p2a: Giratina|Dragon Tail|p1a: Arceus\n|-damage|p1a: Arceus|87\/100\n|drag|p1a: Urshifu|Urshifu-Rapid-Strike, M|100\/100\n|\n|upkeep\n|turn|11\n|\n|t:|1700526587\n|move|p1a: Urshifu|U-turn|p2a: Giratina\n|-resisted|p2a: Giratina\n|-damage|p2a: Giratina|95\/100\n|c|\u2606Azelf_Rod23|._.\n|\n|t:|1700526602\n|switch|p1a: Ogerpon|Ogerpon-Hearthflame, F|100\/100|[from] U-turn\n|-ability|p1a: Ogerpon|Mold Breaker\n|move|p2a: Giratina|Dragon Tail|p1a: Ogerpon\n|-damage|p1a: Ogerpon|72\/100\n|drag|p1a: Arceus|Arceus|87\/100\n|\n|-end|p2a: Giratina|move: Taunt\n|upkeep\n|turn|12\n|\n|t:|1700526612\n|move|p1a: Arceus|Swords Dance|p1a: Arceus\n|-boost|p1a: Arceus|atk|2\n|move|p2a: Giratina|Will-O-Wisp|p1a: Arceus\n|-status|p1a: Arceus|brn\n|\n|-damage|p1a: Arceus|81\/100 brn|[from] brn\n|upkeep\n|turn|13\n|\n|t:|1700526618\n|move|p1a: Arceus|Swords Dance|p1a: Arceus\n|-boost|p1a: Arceus|atk|2\n|move|p2a: Giratina|Dragon Tail|p1a: Arceus\n|-damage|p1a: Arceus|66\/100 brn\n|drag|p1a: Ogerpon|Ogerpon-Hearthflame, F|72\/100\n|-ability|p1a: Ogerpon|Mold Breaker\n|\n|upkeep\n|turn|14\n|inactive|Azelf_Rod23 has 90 seconds left.\n|c|\u2606Azelf_Rod23|AAAAAAAAAAAAAA\n|\n|t:|1700526633\n|move|p1a: Ogerpon|Ivy Cudgel|p2a: Giratina|[anim] Ivy Cudgel Fire\n|-resisted|p2a: Giratina\n|-damage|p2a: Giratina|82\/100\n|move|p2a: Giratina|Dragon Tail|p1a: Ogerpon|[miss]\n|-miss|p2a: Giratina|p1a: Ogerpon\n|\n|upkeep\n|turn|15\n|\n|t:|1700526648\n|move|p1a: Ogerpon|Swords Dance|p1a: Ogerpon\n|-boost|p1a: Ogerpon|atk|2\n|move|p2a: Giratina|Dragon Tail|p1a: Ogerpon\n|-damage|p1a: Ogerpon|46\/100\n|drag|p1a: Koraidon|Koraidon|100\/100\n|-weather|SunnyDay|[from] ability: Orichalcum Pulse|[of] p1a: Koraidon\n|-activate|p1a: Koraidon|Orichalcum Pulse|[source]\n|\n|-weather|SunnyDay|[upkeep]\n|upkeep\n|turn|16\n|inactive|Azelf_Rod23 has 90 seconds left.\n|c|\u2606Azelf_Rod23|garai\n|inactive|Azelf_Rod23 has 60 seconds left.\n|c|\u2606Azelf_Rod23|se for humilde vai spammar move de tipo ghost no meu arceus e deixar eu vencer de extreme speed\n|\n|t:|1700526695\n|-terastallize|p2a: Giratina|Fairy\n|move|p1a: Koraidon|Dragon Claw|p2a: Giratina\n|-immune|p2a: Giratina\n|move|p2a: Giratina|Will-O-Wisp|p1a: Koraidon\n|-status|p1a: Koraidon|brn\n|\n|-weather|SunnyDay|[upkeep]\n|-damage|p1a: Koraidon|94\/100 brn|[from] brn\n|upkeep\n|turn|17\n|\n|t:|1700526700\n|switch|p1a: Urshifu|Urshifu-Rapid-Strike, M|100\/100\n|move|p2a: Giratina|Dragon Tail|p1a: Urshifu\n|-crit|p1a: Urshifu\n|-damage|p1a: Urshifu|66\/100\n|drag|p1a: Koraidon|Koraidon|94\/100 brn\n|-activate|p1a: Koraidon|ability: Orichalcum Pulse\n|\n|-weather|SunnyDay|[upkeep]\n|-damage|p1a: Koraidon|88\/100 brn|[from] brn\n|upkeep\n|turn|18\n|\n|t:|1700526709\n|switch|p1a: Urshifu|Urshifu-Rapid-Strike, M|66\/100\n|move|p2a: Giratina|Dragon Tail|p1a: Urshifu\n|-damage|p1a: Urshifu|45\/100\n|drag|p1a: Arceus|Arceus|66\/100 brn\n|\n|-weather|SunnyDay|[upkeep]\n|-damage|p1a: Arceus|60\/100 brn|[from] brn\n|upkeep\n|turn|19\n|c|\u2606Azelf_Rod23|desumilde dms\n|\n|t:|1700526718\n|move|p1a: Arceus|Swords Dance|p1a: Arceus\n|-boost|p1a: Arceus|atk|2\n|move|p2a: Giratina|Dragon Tail|p1a: Arceus\n|-damage|p1a: Arceus|45\/100 brn\n|drag|p1a: Urshifu|Urshifu-Rapid-Strike, M|45\/100\n|\n|-weather|none\n|upkeep\n|turn|20\n|c|\u2606The Kitten Boy|so tenho esse golpe kkkkkkkkk\n|j| Duduxh\n|\n|t:|1700526726\n|move|p1a: Urshifu|Surging Strikes|p2a: Giratina\n|-crit|p2a: Giratina\n|-damage|p2a: Giratina|74\/100\n|-crit|p2a: Giratina\n|-damage|p2a: Giratina|65\/100\n|-crit|p2a: Giratina\n|-damage|p2a: Giratina|56\/100\n|-hitcount|p2a: Giratina|3\n|move|p2a: Giratina|Will-O-Wisp|p1a: Urshifu|[miss]\n|-miss|p2a: Giratina|p1a: Urshifu\n|\n|upkeep\n|turn|21\n|c|\u2606Azelf_Rod23|._.\n|inactive|Azelf_Rod23 has 90 seconds left.\n|c|\u2606Azelf_Rod23|independente irmao\n|c|\u2606Azelf_Rod23|DESUMILDE\n|\n|t:|1700526744\n|switch|p1a: Ogerpon|Ogerpon-Hearthflame, F|46\/100\n|-ability|p1a: Ogerpon|Mold Breaker\n|move|p2a: Giratina|Will-O-Wisp|p1a: Ogerpon\n|-immune|p1a: Ogerpon\n|\n|upkeep\n|turn|22\n|\n|t:|1700526749\n|move|p1a: Ogerpon|Swords Dance|p1a: Ogerpon\n|-boost|p1a: Ogerpon|atk|2\n|move|p2a: Giratina|Dragon Tail|p1a: Ogerpon\n|-damage|p1a: Ogerpon|16\/100\n|drag|p1a: Urshifu|Urshifu-Rapid-Strike, M|45\/100\n|\n|upkeep\n|turn|23\n|inactive|Azelf_Rod23 has 90 seconds left.\n|c|\u2606Azelf_Rod23|yaaaay\n|\n|t:|1700526758\n|move|p1a: Urshifu|Surging Strikes|p2a: Giratina\n|-crit|p2a: Giratina\n|-damage|p2a: Giratina|47\/100\n|-crit|p2a: Giratina\n|-damage|p2a: Giratina|38\/100\n|-crit|p2a: Giratina\n|-damage|p2a: Giratina|29\/100\n|-hitcount|p2a: Giratina|3\n|move|p2a: Giratina|Dragon Tail|p1a: Urshifu\n|-damage|p1a: Urshifu|25\/100\n|drag|p1a: Koraidon|Koraidon|88\/100 brn\n|-weather|SunnyDay|[from] ability: Orichalcum Pulse|[of] p1a: Koraidon\n|-activate|p1a: Koraidon|Orichalcum Pulse|[source]\n|\n|-weather|SunnyDay|[upkeep]\n|-damage|p1a: Koraidon|82\/100 brn|[from] brn\n|upkeep\n|turn|24\n|inactive|Azelf_Rod23 has 90 seconds left.\n|c|\u2606Azelf_Rod23|so quero ticume logo\n|c|\u2606Azelf_Rod23|dx eu papai pufavo\n|\n|t:|1700526784\n|move|p1a: Koraidon|Flare Blitz|p2a: Giratina\n|-damage|p2a: Giratina|10\/100\n|-damage|p1a: Koraidon|73\/100 brn|[from] Recoil\n|move|p2a: Giratina|Rest|p2a: Giratina\n|-status|p2a: Giratina|slp|[from] move: Rest\n|-heal|p2a: Giratina|100\/100 slp|[silent]\n|\n|-weather|SunnyDay|[upkeep]\n|-damage|p1a: Koraidon|67\/100 brn|[from] brn\n|upkeep\n|turn|25\n|\n|t:|1700526789\n|move|p1a: Koraidon|Flare Blitz|p2a: Giratina\n|-damage|p2a: Giratina|82\/100 slp\n|-damage|p1a: Koraidon|58\/100 brn|[from] Recoil\n|cant|p2a: Giratina|slp\n|\n|-weather|SunnyDay|[upkeep]\n|-damage|p1a: Koraidon|52\/100 brn|[from] brn\n|upkeep\n|turn|26\n|\n|t:|1700526791\n|switch|p1a: Ogerpon|Ogerpon-Hearthflame, F|16\/100\n|-ability|p1a: Ogerpon|Mold Breaker\n|cant|p2a: Giratina|slp\n|\n|-weather|SunnyDay|[upkeep]\n|upkeep\n|turn|27\n|\n|t:|1700526795\n|move|p1a: Ogerpon|Swords Dance|p1a: Ogerpon\n|-boost|p1a: Ogerpon|atk|2\n|-curestatus|p2a: Giratina|slp|[msg]\n|move|p2a: Giratina|Dragon Tail|p1a: Ogerpon\n|-damage|p1a: Ogerpon|0 fnt\n|faint|p1a: Ogerpon\n|\n|-weather|none\n|upkeep\n|j| Hud_404\n|c|\u2606Azelf_Rod23|q mrd e essa\n|inactive|Azelf_Rod23 has 90 seconds left.\n|\n|t:|1700526815\n|switch|p1a: Urshifu|Urshifu-Rapid-Strike, M|25\/100\n|turn|28\n|c|\u2606The Kitten Boy|giratina defoger\n|inactive|Azelf_Rod23 has 90 seconds left.\n|c|\u2606Azelf_Rod23|mostra ae teu set perdi mesmo\n|\n|t:|1700526834\n|move|p1a: Urshifu|Surging Strikes|p2a: Giratina\n|-crit|p2a: Giratina\n|-damage|p2a: Giratina|74\/100\n|-crit|p2a: Giratina\n|-damage|p2a: Giratina|64\/100\n|-crit|p2a: Giratina\n|-damage|p2a: Giratina|55\/100\n|-hitcount|p2a: Giratina|3\n|move|p2a: Giratina|Will-O-Wisp|p1a: Urshifu\n|-status|p1a: Urshifu|brn\n|\n|-damage|p1a: Urshifu|18\/100 brn|[from] brn\n|upkeep\n|turn|29\n|inactive|Azelf_Rod23 has 90 seconds left.\n|\n|t:|1700526847\n|move|p1a: Urshifu|Surging Strikes|p2a: Giratina\n|-crit|p2a: Giratina\n|-damage|p2a: Giratina|51\/100\n|-crit|p2a: Giratina\n|-damage|p2a: Giratina|47\/100\n|-crit|p2a: Giratina\n|-damage|p2a: Giratina|42\/100\n|-hitcount|p2a: Giratina|3\n|move|p2a: Giratina|Dragon Tail|p1a: Urshifu\n|-damage|p1a: Urshifu|0 fnt\n|faint|p1a: Urshifu\n|\n|upkeep\n|c|\u2606Azelf_Rod23|quem e humilde vai mostrar o set\n|\n|t:|1700526859\n|switch|p1a: Arceus|Arceus|45\/100 brn\n|turn|30\n|c|\u2606The Kitten Boy|max defesa, hp, dragon tail, willo, rest e defog\n|c|\u2606Azelf_Rod23|!dt arceus\n|raw|<div class=\"message\"><ul class=\"utilichart\"><li class=\"result\"><span class=\"col numcol\">Uber<\/span> <span class=\"col iconcol\"><psicon pokemon=\"arceus\"\/><\/span> <span class=\"col pokemonnamecol\" style=\"white-space:nowrap\"><a href=\"https:\/\/dex.pokemonshowdown.com\/pokemon\/arceus\" target=\"_blank\">Arceus<\/a><\/span> <span class=\"col typecol\"><img src=\"https:\/\/play.pokemonshowdown.com\/sprites\/types\/Normal.png\" alt=\"Normal\" height=\"14\" width=\"32\"><\/span> <span style=\"float:left;min-height:26px\"><span class=\"col abilitycol\">Multitype<\/span><span class=\"col abilitycol\"><\/span><\/span><span style=\"float:left;min-height:26px\"><span class=\"col statcol\"><em>HP<\/em><br \/>120<\/span> <span class=\"col statcol\"><em>Atk<\/em><br \/>120<\/span> <span class=\"col statcol\"><em>Def<\/em><br \/>120<\/span> <span class=\"col statcol\"><em>SpA<\/em><br \/>120<\/span> <span class=\"col statcol\"><em>SpD<\/em><br \/>120<\/span> <span class=\"col statcol\"><em>Spe<\/em><br \/>120<\/span> <span class=\"col bstcol\"><em>BST<br \/>720<\/em><\/span> <\/span><\/li><li style=\"clear:both\"><\/li><\/ul><\/div>\n|raw|<font size=\"1\"><font color=\"#686868\">Dex#:<\/font> 493&nbsp;|&ThickSpace;<font color=\"#686868\">Gen:<\/font> 4&nbsp;|&ThickSpace;<font color=\"#686868\">Height:<\/font> 3.2 m&nbsp;|&ThickSpace;<font color=\"#686868\">Weight:<\/font> 320 kg <em>(120 BP)<\/em>&nbsp;|&ThickSpace;<font color=\"#686868\">Dex Colour:<\/font> White&nbsp;|&ThickSpace;<font color=\"#686868\">Egg Group(s):<\/font> Undiscovered&nbsp;|&ThickSpace;<font color=\"#686868\">Does Not Evolve<\/font><\/font>\n\n|c|\u2606Azelf_Rod23|!showset arceus\n|c| Azelf_Rod23|\/raw <div class=\"infobox\">Arceus @ Silk Scarf  <br \/>Ability: Multitype  <br \/>Tera Type: Normal  <br \/>EVs: 200 HP &#x2f; 252 Atk &#x2f; 56 Spe  <br \/>Adamant Nature  <br \/>- Swords Dance  <br \/>- Extreme Speed  <br \/>- Shadow Claw  <br \/>- Taunt  <br \/><br \/><\/div>\n|\n|t:|1700526881\n|move|p1a: Arceus|Shadow Claw|p2a: Giratina\n|-crit|p2a: Giratina\n|-damage|p2a: Giratina|35\/100\n|move|p2a: Giratina|Dragon Tail|p1a: Arceus\n|-damage|p1a: Arceus|32\/100 brn\n|drag|p1a: Koraidon|Koraidon|52\/100 brn\n|-weather|SunnyDay|[from] ability: Orichalcum Pulse|[of] p1a: Koraidon\n|-activate|p1a: Koraidon|Orichalcum Pulse|[source]\n|\n|-weather|SunnyDay|[upkeep]\n|-damage|p1a: Koraidon|45\/100 brn|[from] brn\n|upkeep\n|turn|31\n|l| Hud_404\n|c|\u2606Azelf_Rod23|sou troxa :D\n|c|\u2606The Kitten Boy|!showset giratina\n|c| The Kitten Boy|\/raw <div class=\"infobox\">Giratina @ Heavy-Duty Boots  <br \/>Ability: Pressure  <br \/>Tera Type: Fairy  <br \/>EVs: 252 HP &#x2f; 252 Def &#x2f; 4 SpD  <br \/>Impish Nature  <br \/>- Dragon Tail  <br \/>- Will-O-Wisp  <br \/>- Defog  <br \/>- Rest  <br \/><br \/><\/div>\n|c|\u2606Azelf_Rod23|yaaay\n|inactive|Azelf_Rod23 has 60 seconds left.\n|\n|t:|1700526907\n|move|p1a: Koraidon|Flare Blitz|p2a: Giratina\n|-damage|p2a: Giratina|17\/100\n|-damage|p1a: Koraidon|37\/100 brn|[from] Recoil\n|move|p2a: Giratina|Dragon Tail|p1a: Koraidon\n|-supereffective|p1a: Koraidon\n|-damage|p1a: Koraidon|2\/100 brn\n|drag|p1a: Arceus|Arceus|32\/100 brn\n|\n|-weather|SunnyDay|[upkeep]\n|-damage|p1a: Arceus|26\/100 brn|[from] brn\n|upkeep\n|turn|32\n|inactive|Azelf_Rod23 has 60 seconds left.\n|c|\u2606Azelf_Rod23|se for humild vai spammar will o wisp\n|inactive|The Kitten Boy has 120 seconds left.\n|\n|t:|1700526954\n|move|p1a: Arceus|Swords Dance|p1a: Arceus\n|-boost|p1a: Arceus|atk|2\n|move|p2a: Giratina|Rest|p2a: Giratina\n|-status|p2a: Giratina|slp|[from] move: Rest\n|-heal|p2a: Giratina|100\/100 slp|[silent]\n|\n|-weather|SunnyDay|[upkeep]\n|-damage|p1a: Arceus|20\/100 brn|[from] brn\n|upkeep\n|turn|33\n|c|\u2606The Kitten Boy|rest spam\n|\n|t:|1700526962\n|move|p1a: Arceus|Swords Dance|p1a: Arceus\n|-boost|p1a: Arceus|atk|2\n|cant|p2a: Giratina|slp\n|\n|-weather|SunnyDay|[upkeep]\n|-damage|p1a: Arceus|14\/100 brn|[from] brn\n|upkeep\n|turn|34\n|c|\u2606Azelf_Rod23|yaaay\n|\n|t:|1700526972\n|move|p1a: Arceus|Extreme Speed|p2a: Giratina\n|-damage|p2a: Giratina|66\/100 slp\n|cant|p2a: Giratina|slp\n|\n|-weather|none\n|-damage|p1a: Arceus|8\/100 brn|[from] brn\n|upkeep\n|turn|35\n|c|\u2606Azelf_Rod23|bulk\n|\n|t:|1700526984\n|move|p1a: Arceus|Taunt|p2a: Giratina\n|-start|p2a: Giratina|move: Taunt\n|-curestatus|p2a: Giratina|slp|[msg]\n|cant|p2a: Giratina|move: Taunt|Defog\n|\n|-damage|p1a: Arceus|2\/100 brn|[from] brn\n|upkeep\n|turn|36\n|l|%Drampa\u5927Raivoso\n|inactive|Azelf_Rod23 has 30 seconds left.\n|c|\u2606Azelf_Rod23|quem nao for nabo nao vai usar ataque dragon tail\n|inactive|Azelf_Rod23 has 20 seconds left.\n|\n|t:|1700527034\n|move|p1a: Arceus|Extreme Speed|p2a: Giratina\n|-damage|p2a: Giratina|34\/100\n|move|p2a: Giratina|Dragon Tail|p1a: Arceus\n|-damage|p1a: Arceus|0 fnt\n|faint|p1a: Arceus\n|\n|upkeep\n|inactive|Azelf_Rod23 has 25 seconds left this turn.\n|c|\u2606Azelf_Rod23|nabo\n|inactive|Azelf_Rod23 has 20 seconds left.\n|\n|t:|1700527041\n|switch|p1a: Koraidon|Koraidon|2\/100 brn\n|-weather|SunnyDay|[from] ability: Orichalcum Pulse|[of] p1a: Koraidon\n|-activate|p1a: Koraidon|Orichalcum Pulse|[source]\n|turn|37\n|inactive|Azelf_Rod23 has 30 seconds left this turn.\n|c|\u2606Azelf_Rod23|gg\n|\n|t:|1700527055\n|move|p1a: Koraidon|Flare Blitz|p2a: Giratina\n|-damage|p2a: Giratina|15\/100\n|-damage|p1a: Koraidon|0 fnt|[from] Recoil\n|faint|p1a: Koraidon\n|\n|win|The Kitten Boy\n|inactive|Azelf_Rod23 has 30 seconds left this turn.\n|n|\u2606Azelf_Rod23|azelfrod23\n|n|\u2606The Kitten Boy|thekittenboy\n|n| Duduxh|duduxh\n","uploadtime":1700527058,"views":8,"p1id":"azelfrod23","p2id":"thekittenboy","formatid":"gen9ubers","rating":0,"private":0,"password":""}