{"id":"gen9ubers-1990259032","p1":"Nitro524","p2":"1P1o1s1h1e1","format":"[Gen 9] Ubers","log":"|j|\u2606Nitro524\n|j|\u26061P1o1s1h1e1\n|t:|1699946202\n|gametype|singles\n|player|p1|Nitro524|hilbert|\n|player|p2|1P1o1s1h1e1|170|\n|teamsize|p1|6\n|teamsize|p2|6\n|gen|9\n|tier|[Gen 9] Ubers\n|rule|Sleep Clause Mod: Limit one foe put to sleep\n|rule|Species Clause: Limit one of each Pok\u00e9mon\n|rule|OHKO Clause: OHKO moves are banned\n|rule|Evasion Items Clause: Evasion items are banned\n|rule|Evasion Moves Clause: Evasion moves are banned\n|rule|Endless Battle Clause: Forcing endless battles is banned\n|rule|HP Percentage Mod: HP is shown in percentages\n|clearpoke\n|poke|p1|Torkoal, M|\n|poke|p1|Chi-Yu|\n|poke|p1|Lilligant-Hisui, F|\n|poke|p1|Arceus-Fire|\n|poke|p1|Roaring Moon|\n|poke|p1|Walking Wake|\n|poke|p2|Slowking-Galar, F|\n|poke|p2|Blissey, F|\n|poke|p2|Cyclizar, M|\n|poke|p2|Quagsire, F|\n|poke|p2|Gholdengo|\n|poke|p2|Tyranitar, M|\n|teampreview\n|inactive|Battle timer is ON: inactive players will automatically lose when time's up. (requested by Nitro524)\n|j| the tr4sh man\n|\n|t:|1699946226\n|start\n|switch|p1a: Bring The Sun|Torkoal, M|100\/100\n|switch|p2a: Slowking|Slowking-Galar, F|100\/100\n|-weather|SunnyDay|[from] ability: Drought|[of] p1a: Bring The Sun\n|turn|1\n|\n|t:|1699946234\n|switch|p1a: Sitting Sleep|Walking Wake|100\/100\n|-activate|p1a: Sitting Sleep|ability: Protosynthesis\n|-start|p1a: Sitting Sleep|protosynthesisspe\n|move|p2a: Slowking|Toxic Spikes|p1a: Sitting Sleep\n|-sidestart|p1: Nitro524|move: Toxic Spikes\n|\n|-weather|SunnyDay|[upkeep]\n|upkeep\n|turn|2\n|c| the tr4sh man|are these tour games\n|c|\u2606Nitro524|nope\n|c|\u26061P1o1s1h1e1|sample team games\n|c| the tr4sh man|ic\n|inactive|Nitro524 has 270 seconds left.\n|c|\u26061P1o1s1h1e1|going to use the best game out of tem\n|\n|t:|1699946269\n|move|p1a: Sitting Sleep|Hydro Steam|p2a: Slowking\n|-damage|p2a: Slowking|29\/100\n|move|p2a: Slowking|Chilly Reception|p2a: Slowking\n|-weather|Snow\n|-end|p1a: Sitting Sleep|Protosynthesis\n|\n|t:|1699946278\n|switch|p2a: Cyclizar|Cyclizar, M|100\/100|[from] Chilly Reception\n|\n|-weather|Snow|[upkeep]\n|upkeep\n|turn|3\n|inactive|Nitro524 has 270 seconds left.\n|\n|t:|1699946302\n|-terastallize|p1a: Sitting Sleep|Fairy\n|move|p2a: Cyclizar|Shed Tail|p2a: Cyclizar\n|-start|p2a: Cyclizar|Substitute|[from] move: Shed Tail\n|-damage|p2a: Cyclizar|50\/100\n|\n|t:|1699946307\n|switch|p2a: Gholdengo|Gholdengo|100\/100|[from] Shed Tail\n|move|p1a: Sitting Sleep|Hydro Steam|p2a: Gholdengo\n|-end|p2a: Gholdengo|Substitute\n|\n|-weather|Snow|[upkeep]\n|upkeep\n|turn|4\n|inactive|Nitro524 has 270 seconds left.\n|\n|t:|1699946322\n|move|p1a: Sitting Sleep|Hydro Steam|p2a: Gholdengo\n|-damage|p2a: Gholdengo|60\/100\n|move|p2a: Gholdengo|Shadow Ball|p1a: Sitting Sleep\n|-damage|p1a: Sitting Sleep|57\/100\n|\n|-weather|Snow|[upkeep]\n|-heal|p2a: Gholdengo|66\/100|[from] item: Leftovers\n|upkeep\n|turn|5\n|\n|t:|1699946330\n|move|p1a: Sitting Sleep|Hydro Steam|p2a: Gholdengo\n|-damage|p2a: Gholdengo|25\/100\n|move|p2a: Gholdengo|Recover|p2a: Gholdengo\n|-heal|p2a: Gholdengo|75\/100\n|\n|-weather|Snow|[upkeep]\n|-heal|p2a: Gholdengo|81\/100|[from] item: Leftovers\n|upkeep\n|turn|6\n|\n|t:|1699946337\n|switch|p2a: Blissey|Blissey, F|100\/100\n|move|p1a: Sitting Sleep|Hydro Steam|p2a: Blissey\n|-damage|p2a: Blissey|79\/100\n|\n|-weather|none\n|upkeep\n|turn|7\n|\n|t:|1699946355\n|-end|p1a: Sitting Sleep|Protosynthesis|[silent]\n|switch|p1a: Bring The Sun|Torkoal, M|100\/100\n|-status|p1a: Bring The Sun|psn\n|-weather|SunnyDay|[from] ability: Drought|[of] p1a: Bring The Sun\n|move|p2a: Blissey|Seismic Toss|p1a: Bring The Sun\n|-damage|p1a: Bring The Sun|71\/100 psn\n|\n|-weather|SunnyDay|[upkeep]\n|-damage|p1a: Bring The Sun|59\/100 psn|[from] psn\n|upkeep\n|turn|8\n|\n|t:|1699946373\n|switch|p2a: Gholdengo|Gholdengo|81\/100\n|move|p1a: Bring The Sun|Lava Plume|p2a: Gholdengo\n|-supereffective|p2a: Gholdengo\n|-damage|p2a: Gholdengo|27\/100\n|\n|-weather|SunnyDay|[upkeep]\n|-heal|p2a: Gholdengo|33\/100|[from] item: Leftovers\n|-damage|p1a: Bring The Sun|47\/100 psn|[from] psn\n|upkeep\n|turn|9\n|\n|t:|1699946388\n|move|p2a: Gholdengo|Recover|p2a: Gholdengo\n|-heal|p2a: Gholdengo|83\/100\n|move|p1a: Bring The Sun|Lava Plume|p2a: Gholdengo\n|-supereffective|p2a: Gholdengo\n|-crit|p2a: Gholdengo\n|-damage|p2a: Gholdengo|9\/100\n|\n|-weather|SunnyDay|[upkeep]\n|-heal|p2a: Gholdengo|15\/100|[from] item: Leftovers\n|-damage|p1a: Bring The Sun|35\/100 psn|[from] psn\n|upkeep\n|turn|10\n|\n|t:|1699946396\n|move|p2a: Gholdengo|Recover|p2a: Gholdengo\n|-heal|p2a: Gholdengo|65\/100\n|move|p1a: Bring The Sun|Lava Plume|p2a: Gholdengo\n|-supereffective|p2a: Gholdengo\n|-damage|p2a: Gholdengo|13\/100\n|\n|-weather|SunnyDay|[upkeep]\n|-heal|p2a: Gholdengo|20\/100|[from] item: Leftovers\n|-damage|p1a: Bring The Sun|22\/100 psn|[from] psn\n|upkeep\n|turn|11\n|\n|t:|1699946415\n|switch|p1a: Hector Salamanca|Roaring Moon|100\/100\n|-status|p1a: Hector Salamanca|psn\n|-activate|p1a: Hector Salamanca|ability: Protosynthesis\n|-start|p1a: Hector Salamanca|protosynthesisspe\n|move|p2a: Gholdengo|Recover|p2a: Gholdengo\n|-heal|p2a: Gholdengo|70\/100\n|\n|-weather|SunnyDay|[upkeep]\n|-heal|p2a: Gholdengo|76\/100|[from] item: Leftovers\n|-damage|p1a: Hector Salamanca|88\/100 psn|[from] psn\n|upkeep\n|turn|12\n|\n|t:|1699946427\n|switch|p2a: Tyranitar|Tyranitar, M|100\/100\n|-weather|Sandstorm|[from] ability: Sand Stream|[of] p2a: Tyranitar\n|-end|p1a: Hector Salamanca|Protosynthesis\n|-enditem|p1a: Hector Salamanca|Booster Energy\n|-activate|p1a: Hector Salamanca|ability: Protosynthesis|[fromitem]\n|-start|p1a: Hector Salamanca|protosynthesisspe\n|move|p1a: Hector Salamanca|Knock Off|p2a: Tyranitar\n|-resisted|p2a: Tyranitar\n|-damage|p2a: Tyranitar|79\/100\n|-enditem|p2a: Tyranitar|Leftovers|[from] move: Knock Off|[of] p1a: Hector Salamanca\n|\n|-weather|Sandstorm|[upkeep]\n|-damage|p1a: Hector Salamanca|82\/100 psn|[from] Sandstorm\n|-damage|p1a: Hector Salamanca|70\/100 psn|[from] psn\n|upkeep\n|turn|13\n|\n|t:|1699946441\n|move|p1a: Hector Salamanca|Earthquake|p2a: Tyranitar\n|-supereffective|p2a: Tyranitar\n|-damage|p2a: Tyranitar|21\/100\n|move|p2a: Tyranitar|Stealth Rock|p1a: Hector Salamanca\n|-sidestart|p1: Nitro524|move: Stealth Rock\n|\n|-weather|Sandstorm|[upkeep]\n|-damage|p1a: Hector Salamanca|64\/100 psn|[from] Sandstorm\n|-damage|p1a: Hector Salamanca|52\/100 psn|[from] psn\n|upkeep\n|turn|14\n|\n|t:|1699946450\n|switch|p2a: Quagsire|Quagsire, F|100\/100\n|move|p1a: Hector Salamanca|Knock Off|p2a: Quagsire\n|-damage|p2a: Quagsire|62\/100\n|-enditem|p2a: Quagsire|Heavy-Duty Boots|[from] move: Knock Off|[of] p1a: Hector Salamanca\n|\n|-weather|Sandstorm|[upkeep]\n|-damage|p1a: Hector Salamanca|46\/100 psn|[from] Sandstorm\n|-damage|p1a: Hector Salamanca|34\/100 psn|[from] psn\n|upkeep\n|turn|15\n|\n|t:|1699946468\n|move|p1a: Hector Salamanca|Earthquake|p2a: Quagsire\n|-damage|p2a: Quagsire|36\/100\n|move|p2a: Quagsire|Recover|p2a: Quagsire\n|-heal|p2a: Quagsire|86\/100\n|\n|-weather|Sandstorm|[upkeep]\n|-damage|p1a: Hector Salamanca|28\/100 psn|[from] Sandstorm\n|-damage|p1a: Hector Salamanca|15\/100 psn|[from] psn\n|upkeep\n|turn|16\n|inactive|Nitro524 has 270 seconds left.\n|\n|t:|1699946493\n|-end|p1a: Hector Salamanca|Protosynthesis|[silent]\n|switch|p1a: Sitting Sleep|Walking Wake, tera:Fairy|57\/100\n|-status|p1a: Sitting Sleep|psn\n|-damage|p1a: Sitting Sleep|45\/100 psn|[from] Stealth Rock\n|move|p2a: Quagsire|Spikes|p1a: Sitting Sleep\n|-sidestart|p1: Nitro524|Spikes\n|\n|-weather|none\n|-damage|p1a: Sitting Sleep|33\/100 psn|[from] psn\n|upkeep\n|turn|17\n|inactive|Nitro524 has 270 seconds left.\n|\n|t:|1699946512\n|switch|p2a: Blissey|Blissey, F|79\/100\n|move|p1a: Sitting Sleep|Draco Meteor|p2a: Blissey\n|-damage|p2a: Blissey|47\/100\n|-unboost|p1a: Sitting Sleep|spa|2\n|\n|-damage|p1a: Sitting Sleep|20\/100 psn|[from] psn\n|upkeep\n|turn|18\n|inactive|Nitro524 has 270 seconds left.\n|\n|t:|1699946526\n|move|p1a: Sitting Sleep|Draco Meteor|p2a: Blissey\n|-damage|p2a: Blissey|30\/100\n|-unboost|p1a: Sitting Sleep|spa|2\n|move|p2a: Blissey|Soft-Boiled|p2a: Blissey\n|-heal|p2a: Blissey|80\/100\n|\n|-damage|p1a: Sitting Sleep|8\/100 psn|[from] psn\n|upkeep\n|turn|19\n|inactive|Nitro524 has 270 seconds left.\n|\n|t:|1699946536\n|-end|p1a: Sitting Sleep|Protosynthesis|[silent]\n|switch|p1a: Lilligant|Lilligant-Hisui, F|100\/100\n|-status|p1a: Lilligant|psn\n|-damage|p1a: Lilligant|94\/100 psn|[from] Stealth Rock\n|-damage|p1a: Lilligant|82\/100 psn|[from] Spikes\n|move|p2a: Blissey|Calm Mind|p2a: Blissey\n|-boost|p2a: Blissey|spa|1\n|-boost|p2a: Blissey|spd|1\n|\n|-damage|p1a: Lilligant|70\/100 psn|[from] psn\n|upkeep\n|turn|20\n|\n|t:|1699946547\n|switch|p2a: Gholdengo|Gholdengo|76\/100\n|move|p1a: Lilligant|Close Combat|p2a: Gholdengo\n|-immune|p2a: Gholdengo\n|\n|-heal|p2a: Gholdengo|82\/100|[from] item: Leftovers\n|-damage|p1a: Lilligant|57\/100 psn|[from] psn\n|upkeep\n|turn|21\n|inactive|Nitro524 has 270 seconds left.\n|\n|t:|1699946565\n|switch|p1a: Arceus|Arceus-Fire|100\/100\n|-status|p1a: Arceus|psn\n|-damage|p1a: Arceus|76\/100 psn|[from] Stealth Rock\n|-damage|p1a: Arceus|63\/100 psn|[from] Spikes\n|move|p2a: Gholdengo|Make It Rain|p1a: Arceus\n|-resisted|p1a: Arceus\n|-damage|p1a: Arceus|44\/100 psn\n|-unboost|p2a: Gholdengo|spa|1\n|\n|-heal|p2a: Gholdengo|88\/100|[from] item: Leftovers\n|-damage|p1a: Arceus|31\/100 psn|[from] psn\n|upkeep\n|turn|22\n|\n|t:|1699946577\n|switch|p2a: Quagsire|Quagsire, F|86\/100\n|move|p1a: Arceus|Recover|p1a: Arceus\n|-heal|p1a: Arceus|81\/100 psn\n|\n|-damage|p1a: Arceus|69\/100 psn|[from] psn\n|upkeep\n|turn|23\n|inactive|Nitro524 has 270 seconds left.\n|\n|t:|1699946621\n|move|p1a: Arceus|Recover|p1a: Arceus\n|-heal|p1a: Arceus|100\/100 psn\n|move|p2a: Quagsire|Earthquake|p1a: Arceus\n|-supereffective|p1a: Arceus\n|-damage|p1a: Arceus|59\/100 psn\n|\n|-damage|p1a: Arceus|47\/100 psn|[from] psn\n|upkeep\n|turn|24\n|\n|t:|1699946630\n|move|p1a: Arceus|Recover|p1a: Arceus\n|-heal|p1a: Arceus|97\/100 psn\n|move|p2a: Quagsire|Spikes|p1a: Arceus\n|-sidestart|p1: Nitro524|Spikes\n|\n|-damage|p1a: Arceus|84\/100 psn|[from] psn\n|upkeep\n|turn|25\n|\n|t:|1699946635\n|move|p1a: Arceus|Earthquake|p2a: Quagsire\n|-damage|p2a: Quagsire|61\/100\n|move|p2a: Quagsire|Earthquake|p1a: Arceus\n|-supereffective|p1a: Arceus\n|-damage|p1a: Arceus|39\/100 psn\n|\n|-damage|p1a: Arceus|26\/100 psn|[from] psn\n|upkeep\n|turn|26\n|\n|t:|1699946642\n|move|p1a: Arceus|Flare Blitz|p2a: Quagsire\n|-resisted|p2a: Quagsire\n|-damage|p2a: Quagsire|38\/100\n|-damage|p1a: Arceus|19\/100 psn|[from] Recoil\n|move|p2a: Quagsire|Earthquake|p1a: Arceus\n|-supereffective|p1a: Arceus\n|-damage|p1a: Arceus|0 fnt\n|faint|p1a: Arceus\n|\n|upkeep\n|inactive|Nitro524 has 270 seconds left.\n|\n|t:|1699946648\n|switch|p1a: Did Not Smile Back|Chi-Yu|100\/100\n|-status|p1a: Did Not Smile Back|psn\n|-damage|p1a: Did Not Smile Back|76\/100 psn|[from] Stealth Rock\n|-damage|p1a: Did Not Smile Back|59\/100 psn|[from] Spikes\n|-ability|p1a: Did Not Smile Back|Beads of Ruin\n|turn|27\n|inactive|Nitro524 has 270 seconds left.\n|\n|t:|1699946668\n|switch|p2a: Tyranitar|Tyranitar, M|21\/100\n|-weather|Sandstorm|[from] ability: Sand Stream|[of] p2a: Tyranitar\n|move|p1a: Did Not Smile Back|Overheat|p2a: Tyranitar\n|-resisted|p2a: Tyranitar\n|-damage|p2a: Tyranitar|1\/100\n|-unboost|p1a: Did Not Smile Back|spa|2\n|\n|-weather|Sandstorm|[upkeep]\n|-damage|p1a: Did Not Smile Back|53\/100 psn|[from] Sandstorm\n|-damage|p1a: Did Not Smile Back|41\/100 psn|[from] psn\n|upkeep\n|turn|28\n|\n|t:|1699946680\n|switch|p2a: Blissey|Blissey, F|80\/100\n|move|p1a: Did Not Smile Back|Overheat|p2a: Blissey\n|-damage|p2a: Blissey|63\/100\n|-unboost|p1a: Did Not Smile Back|spa|2\n|\n|-weather|Sandstorm|[upkeep]\n|-damage|p1a: Did Not Smile Back|35\/100 psn|[from] Sandstorm\n|-damage|p2a: Blissey|57\/100|[from] Sandstorm\n|-damage|p1a: Did Not Smile Back|23\/100 psn|[from] psn\n|upkeep\n|turn|29\n|inactive|Nitro524 has 270 seconds left.\n|\n|t:|1699946706\n|move|p1a: Did Not Smile Back|Overheat|p2a: Blissey\n|-damage|p2a: Blissey|46\/100\n|-unboost|p1a: Did Not Smile Back|spa|2\n|move|p2a: Blissey|Soft-Boiled|p2a: Blissey\n|-heal|p2a: Blissey|96\/100\n|\n|-weather|Sandstorm|[upkeep]\n|-damage|p1a: Did Not Smile Back|17\/100 psn|[from] Sandstorm\n|-damage|p2a: Blissey|89\/100|[from] Sandstorm\n|-damage|p1a: Did Not Smile Back|4\/100 psn|[from] psn\n|upkeep\n|turn|30\n|\n|t:|1699946717\n|move|p1a: Did Not Smile Back|Overheat|p2a: Blissey\n|-damage|p2a: Blissey|80\/100\n|move|p2a: Blissey|Seismic Toss|p1a: Did Not Smile Back\n|-damage|p1a: Did Not Smile Back|0 fnt\n|faint|p1a: Did Not Smile Back\n|\n|-weather|Sandstorm|[upkeep]\n|-damage|p2a: Blissey|74\/100|[from] Sandstorm\n|upkeep\n|inactive|Nitro524 has 270 seconds left.\n|\n|t:|1699946728\n|switch|p1a: Sitting Sleep|Walking Wake, tera:Fairy|8\/100 psn\n|-damage|p1a: Sitting Sleep|0 fnt|[from] Stealth Rock\n|faint|p1a: Sitting Sleep\n|-end|p1a: Sitting Sleep|Protosynthesis|[silent]\n|\n|t:|1699946729\n|switch|p1a: Bring The Sun|Torkoal, M|22\/100 psn\n|-damage|p1a: Bring The Sun|0 fnt|[from] Stealth Rock\n|faint|p1a: Bring The Sun\n|\n|t:|1699946731\n|switch|p1a: Hector Salamanca|Roaring Moon|15\/100 psn\n|-damage|p1a: Hector Salamanca|3\/100 psn|[from] Stealth Rock\n|-damage|p1a: Hector Salamanca|0 fnt|[from] Spikes\n|faint|p1a: Hector Salamanca\n|-end|p1a: Hector Salamanca|Protosynthesis|[silent]\n|\n|t:|1699946732\n|switch|p1a: Lilligant|Lilligant-Hisui, F|57\/100 psn\n|-damage|p1a: Lilligant|51\/100 psn|[from] Stealth Rock\n|-damage|p1a: Lilligant|35\/100 psn|[from] Spikes\n|turn|31\n|c|\u2606Nitro524|gg\n|\n|t:|1699946743\n|switch|p2a: Slowking|Slowking-Galar, F|62\/100\n|move|p1a: Lilligant|Close Combat|p2a: Slowking\n|-resisted|p2a: Slowking\n|-damage|p2a: Slowking|52\/100\n|-unboost|p1a: Lilligant|def|1\n|-unboost|p1a: Lilligant|spd|1\n|-damage|p1a: Lilligant|18\/100 psn|[from] item: Rocky Helmet|[of] p2a: Slowking\n|\n|-weather|none\n|-damage|p1a: Lilligant|6\/100 psn|[from] psn\n|upkeep\n|turn|32\n|c|\u26061P1o1s1h1e1|gg\n|\n|t:|1699946756\n|move|p1a: Lilligant|Ice Spinner|p2a: Slowking\n|-damage|p2a: Slowking|31\/100\n|-damage|p1a: Lilligant|0 fnt|[from] item: Rocky Helmet|[of] p2a: Slowking\n|faint|p1a: Lilligant\n|\n|win|1P1o1s1h1e1\n","uploadtime":1699946764,"views":6,"p1id":"nitro524","p2id":"1p1o1s1h1e1","formatid":"gen9ubers","rating":0,"private":0,"password":""}