{"id":"gen9ubers-1982198246","p1":"Blake-Mamba","p2":"NiraSSBU","format":"[Gen 9] Ubers","log":"|j|\u2606Blake-Mamba\n|j|\u2606NiraSSBU\n|t:|1698978212\n|gametype|singles\n|player|p1|Blake-Mamba|juan|1352\n|player|p2|NiraSSBU|acetrainerf|1317\n|teamsize|p1|6\n|teamsize|p2|6\n|gen|9\n|tier|[Gen 9] Ubers\n|rated|\n|rule|Sleep Clause Mod: Limit one foe put to sleep\n|rule|Species Clause: Limit one of each Pok\u00e9mon\n|rule|OHKO Clause: OHKO moves are banned\n|rule|Evasion Items Clause: Evasion items are banned\n|rule|Evasion Moves Clause: Evasion moves are banned\n|rule|Endless Battle Clause: Forcing endless battles is banned\n|rule|HP Percentage Mod: HP is shown in percentages\n|clearpoke\n|poke|p1|Ogerpon-Hearthflame, F|\n|poke|p1|Vikavolt, M|\n|poke|p1|Kommo-o, F|\n|poke|p1|Ursaluna-Bloodmoon, M|\n|poke|p1|Yanmega, F|\n|poke|p1|Chandelure, F|\n|poke|p2|Koraidon|\n|poke|p2|Zacian-*|\n|poke|p2|Miraidon|\n|poke|p2|Arceus-Fairy|\n|poke|p2|Groudon|\n|poke|p2|Flutter Mane|\n|teampreview\n|inactive|Battle timer is ON: inactive players will automatically lose when time's up. (requested by Blake-Mamba)\n|\n|t:|1698978217\n|start\n|switch|p1a: Vikavolt|Vikavolt, M|100\/100\n|switch|p2a: EstateSale|Groudon|100\/100\n|-weather|SunnyDay|[from] ability: Drought|[of] p2a: EstateSale\n|turn|1\n|\n|t:|1698978224\n|move|p2a: EstateSale|Precipice Blades|p1a: Vikavolt\n|-immune|p1a: Vikavolt|[from] ability: Levitate\n|move|p1a: Vikavolt|Sticky Web|p2a: EstateSale\n|-sidestart|p2: NiraSSBU|move: Sticky Web\n|\n|-weather|SunnyDay|[upkeep]\n|upkeep\n|turn|2\n|\n|t:|1698978231\n|move|p2a: EstateSale|Spikes|p1a: Vikavolt\n|-sidestart|p1: Blake-Mamba|Spikes\n|move|p1a: Vikavolt|Energy Ball|p2a: EstateSale\n|-supereffective|p2a: EstateSale\n|-damage|p2a: EstateSale|28\/100\n|\n|-weather|SunnyDay|[upkeep]\n|-heal|p2a: EstateSale|34\/100|[from] item: Leftovers\n|upkeep\n|turn|3\n|\n|t:|1698978246\n|switch|p2a: Wolf|Zacian-Crowned|100\/100\n|-activate|p2a: Wolf|move: Sticky Web\n|-unboost|p2a: Wolf|spe|1\n|-ability|p2a: Wolf|Intrepid Sword|boost\n|-boost|p2a: Wolf|atk|1\n|move|p1a: Vikavolt|Energy Ball|p2a: Wolf\n|-resisted|p2a: Wolf\n|-damage|p2a: Wolf|85\/100\n|\n|-weather|SunnyDay|[upkeep]\n|upkeep\n|turn|4\n|\n|t:|1698978256\n|move|p2a: Wolf|Swords Dance|p2a: Wolf\n|-boost|p2a: Wolf|atk|2\n|move|p1a: Vikavolt|Thunder|p2a: Wolf|[miss]\n|-miss|p1a: Vikavolt|p2a: Wolf\n|\n|-weather|SunnyDay|[upkeep]\n|upkeep\n|turn|5\n|\n|t:|1698978276\n|-terastallize|p2a: Wolf|Fire\n|move|p2a: Wolf|Tera Blast|p1a: Vikavolt|[anim] Tera Blast Fire\n|-supereffective|p1a: Vikavolt\n|-damage|p1a: Vikavolt|0 fnt\n|faint|p1a: Vikavolt\n|\n|-weather|none\n|upkeep\n|inactive|Blake-Mamba has 120 seconds left.\n|\n|t:|1698978292\n|switch|p1a: Yanmega|Yanmega, F, shiny|100\/100\n|turn|6\n|\n|t:|1698978296\n|move|p1a: Yanmega|Protect|p1a: Yanmega\n|-singleturn|p1a: Yanmega|Protect\n|move|p2a: Wolf|Tera Blast|p1a: Yanmega|[anim] Tera Blast Fire\n|-activate|p1a: Yanmega|move: Protect\n|\n|-ability|p1a: Yanmega|Speed Boost|boost\n|-boost|p1a: Yanmega|spe|1\n|upkeep\n|turn|7\n|\n|t:|1698978305\n|switch|p1a: Chandelure|Chandelure, F|100\/100\n|-damage|p1a: Chandelure|88\/100|[from] Spikes\n|move|p2a: Wolf|Tera Blast|p1a: Chandelure|[anim] Tera Blast Fire\n|-start|p1a: Chandelure|ability: Flash Fire\n|\n|upkeep\n|turn|8\n|\n|t:|1698978313\n|move|p1a: Chandelure|Overheat|p2a: Wolf\n|-resisted|p2a: Wolf\n|-damage|p2a: Wolf|29\/100\n|-unboost|p1a: Chandelure|spa|2\n|move|p2a: Wolf|Play Rough|p1a: Chandelure\n|-resisted|p1a: Chandelure\n|-damage|p1a: Chandelure|0 fnt\n|faint|p1a: Chandelure\n|\n|upkeep\n|\n|t:|1698978324\n|switch|p1a: Yanmega|Yanmega, F, shiny|100\/100\n|turn|9\n|\n|t:|1698978328\n|move|p1a: Yanmega|Protect|p1a: Yanmega\n|-singleturn|p1a: Yanmega|Protect\n|move|p2a: Wolf|Tera Blast|p1a: Yanmega|[anim] Tera Blast Fire\n|-activate|p1a: Yanmega|move: Protect\n|\n|-ability|p1a: Yanmega|Speed Boost|boost\n|-boost|p1a: Yanmega|spe|1\n|upkeep\n|turn|10\n|\n|t:|1698978336\n|move|p1a: Yanmega|Air Slash|p2a: Wolf\n|-damage|p2a: Wolf|0 fnt\n|faint|p2a: Wolf\n|\n|-ability|p1a: Yanmega|Speed Boost|boost\n|-boost|p1a: Yanmega|spe|1\n|upkeep\n|\n|t:|1698978356\n|switch|p2a: Igor|Miraidon|100\/100\n|-activate|p2a: Igor|move: Sticky Web\n|-unboost|p2a: Igor|spe|1\n|-fieldstart|move: Electric Terrain|[from] ability: Hadron Engine|[of] p2a: Igor\n|turn|11\n|\n|t:|1698978362\n|move|p1a: Yanmega|Protect|p1a: Yanmega\n|-singleturn|p1a: Yanmega|Protect\n|move|p2a: Igor|Draco Meteor|p1a: Yanmega\n|-activate|p1a: Yanmega|move: Protect\n|\n|-ability|p1a: Yanmega|Speed Boost|boost\n|-boost|p1a: Yanmega|spe|1\n|upkeep\n|turn|12\n|\n|t:|1698978383\n|switch|p1a: Ursaluna|Ursaluna-Bloodmoon, M|100\/100\n|-damage|p1a: Ursaluna|88\/100|[from] Spikes\n|move|p2a: Igor|Draco Meteor|p1a: Ursaluna\n|-damage|p1a: Ursaluna|0 fnt\n|-unboost|p2a: Igor|spa|2\n|faint|p1a: Ursaluna\n|\n|upkeep\n|\n|t:|1698978393\n|switch|p1a: Ogerpon|Ogerpon-Hearthflame, F|100\/100\n|-damage|p1a: Ogerpon|88\/100|[from] Spikes\n|-ability|p1a: Ogerpon|Mold Breaker\n|turn|13\n|\n|t:|1698978398\n|move|p2a: Igor|Draco Meteor|p1a: Ogerpon\n|-damage|p1a: Ogerpon|35\/100\n|-unboost|p2a: Igor|spa|2\n|move|p1a: Ogerpon|Trailblaze|p2a: Igor\n|-resisted|p2a: Igor\n|-damage|p2a: Igor|86\/100\n|-boost|p1a: Ogerpon|spe|1\n|\n|upkeep\n|turn|14\n|\n|t:|1698978408\n|move|p1a: Ogerpon|Horn Leech|p2a: Igor\n|-resisted|p2a: Igor\n|-damage|p2a: Igor|63\/100\n|-heal|p1a: Ogerpon|48\/100|[from] drain|[of] p2a: Igor\n|move|p2a: Igor|Draco Meteor|p1a: Ogerpon\n|-damage|p1a: Ogerpon|8\/100\n|-unboost|p2a: Igor|spa|2\n|\n|upkeep\n|turn|15\n|\n|t:|1698978417\n|move|p1a: Ogerpon|Play Rough|p2a: Igor\n|-supereffective|p2a: Igor\n|-damage|p2a: Igor|0 fnt\n|faint|p2a: Igor\n|\n|-fieldend|move: Electric Terrain\n|upkeep\n|\n|t:|1698978432\n|switch|p2a: Flower Boy|Arceus-Fairy|100\/100\n|-activate|p2a: Flower Boy|move: Sticky Web\n|-unboost|p2a: Flower Boy|spe|1\n|turn|16\n|\n|t:|1698978442\n|move|p1a: Ogerpon|Ivy Cudgel|p2a: Flower Boy\n|-damage|p2a: Flower Boy|64\/100\n|move|p2a: Flower Boy|Judgment|p1a: Ogerpon\n|-resisted|p1a: Ogerpon\n|-damage|p1a: Ogerpon|0 fnt\n|faint|p1a: Ogerpon\n|\n|upkeep\n|\n|t:|1698978450\n|switch|p1a: Kommo-o|Kommo-o, F|100\/100\n|-damage|p1a: Kommo-o|88\/100|[from] Spikes\n|turn|17\n|\n|t:|1698978463\n|-terastallize|p1a: Kommo-o|Steel\n|move|p1a: Kommo-o|Clangorous Soul|p1a: Kommo-o\n|-boost|p1a: Kommo-o|atk|1\n|-boost|p1a: Kommo-o|def|1\n|-boost|p1a: Kommo-o|spa|1\n|-boost|p1a: Kommo-o|spd|1\n|-boost|p1a: Kommo-o|spe|1\n|-damage|p1a: Kommo-o|55\/100\n|move|p2a: Flower Boy|Judgment|p1a: Kommo-o\n|-resisted|p1a: Kommo-o\n|-damage|p1a: Kommo-o|39\/100\n|\n|-heal|p1a: Kommo-o|45\/100|[from] item: Leftovers\n|upkeep\n|turn|18\n|\n|t:|1698978483\n|move|p1a: Kommo-o|Iron Head|p2a: Flower Boy\n|-supereffective|p2a: Flower Boy\n|-damage|p2a: Flower Boy|0 fnt\n|faint|p2a: Flower Boy\n|\n|-heal|p1a: Kommo-o|51\/100|[from] item: Leftovers\n|upkeep\n|\n|t:|1698978495\n|switch|p2a: CallMeIfYouGetLost|Flutter Mane|100\/100\n|-activate|p2a: CallMeIfYouGetLost|move: Sticky Web\n|-unboost|p2a: CallMeIfYouGetLost|spe|1\n|turn|19\n|\n|t:|1698978500\n|move|p1a: Kommo-o|Iron Head|p2a: CallMeIfYouGetLost\n|-supereffective|p2a: CallMeIfYouGetLost\n|-damage|p2a: CallMeIfYouGetLost|0 fnt\n|faint|p2a: CallMeIfYouGetLost\n|-end|p2a: CallMeIfYouGetLost|Protosynthesis|[silent]\n|\n|-heal|p1a: Kommo-o|58\/100|[from] item: Leftovers\n|upkeep\n|\n|t:|1698978513\n|switch|p2a: CherryBomb|Koraidon|100\/100\n|-activate|p2a: CherryBomb|move: Sticky Web\n|-unboost|p2a: CherryBomb|spe|1\n|-weather|SunnyDay|[from] ability: Orichalcum Pulse|[of] p2a: CherryBomb\n|-activate|p2a: CherryBomb|Orichalcum Pulse|[source]\n|turn|20\n|\n|t:|1698978519\n|move|p1a: Kommo-o|Outrage|p2a: CherryBomb\n|-supereffective|p2a: CherryBomb\n|-damage|p2a: CherryBomb|0 fnt\n|faint|p2a: CherryBomb\n|\n|-weather|SunnyDay|[upkeep]\n|-heal|p1a: Kommo-o|64\/100|[from] item: Leftovers\n|upkeep\n|\n|t:|1698978525\n|switch|p2a: EstateSale|Groudon|34\/100\n|-activate|p2a: EstateSale|move: Sticky Web\n|-unboost|p2a: EstateSale|spe|1\n|turn|21\n|\n|t:|1698978530\n|move|p1a: Kommo-o|Outrage|p2a: EstateSale|[from]lockedmove\n|-damage|p2a: EstateSale|0 fnt\n|faint|p2a: EstateSale\n|\n|win|Blake-Mamba\n|raw|Blake-Mamba's rating: 1352 &rarr; <strong>1370<\/strong><br \/>(+18 for winning)\n|raw|NiraSSBU's rating: 1317 &rarr; <strong>1299<\/strong><br \/>(-18 for losing)\n|c|\u2606Blake-Mamba|Gg\n|l|\u2606NiraSSBU\n","uploadtime":1698978541,"views":5,"p1id":"blakemamba","p2id":"nirassbu","formatid":"gen9ubers","rating":1299,"private":0,"password":""}