{"id":"gen9ubers-1978554919","p1":"Shedinja999","p2":"mainacchacked","format":"[Gen 9] Ubers","log":"|j|\u2606Shedinja999\n|j|\u2606mainacchacked\n|t:|1698555175\n|gametype|singles\n|player|p1|Shedinja999|will|\n|player|p2|mainacchacked|265|\n|teamsize|p1|6\n|teamsize|p2|6\n|gen|9\n|tier|[Gen 9] Ubers\n|rule|Sleep Clause Mod: Limit one foe put to sleep\n|rule|Species Clause: Limit one of each Pok\u00e9mon\n|rule|OHKO Clause: OHKO moves are banned\n|rule|Evasion Items Clause: Evasion items are banned\n|rule|Evasion Moves Clause: Evasion moves are banned\n|rule|Endless Battle Clause: Forcing endless battles is banned\n|rule|HP Percentage Mod: HP is shown in percentages\n|clearpoke\n|poke|p1|Magearna|\n|poke|p1|Giratina|\n|poke|p1|Spectrier|\n|poke|p1|Arceus-Fighting|\n|poke|p1|Shaymin-Sky|\n|poke|p1|Ursaluna-Bloodmoon, M|\n|poke|p2|Vespiquen, F|\n|poke|p2|Skeledirge, M|\n|poke|p2|Decidueye-Hisui, M|\n|poke|p2|Clefable, M|\n|poke|p2|Ursaluna, M|\n|poke|p2|Corviknight, F|\n|teampreview\n|inactive|Battle timer is ON: inactive players will automatically lose when time's up. (requested by Shedinja999)\n|\n|t:|1698555181\n|start\n|switch|p1a: Magearna|Magearna|100\/100\n|switch|p2a: Skeledirge|Skeledirge, M|100\/100\n|turn|1\n|c|\u2606mainacchacked|gl\n|c|\u2606Shedinja999|gl to you as well\n|\n|t:|1698555204\n|switch|p1a: Giratina|Giratina, shiny|100\/100\n|-ability|p1a: Giratina|Pressure\n|move|p2a: Skeledirge|Torch Song|p1a: Giratina\n|-resisted|p1a: Giratina\n|-damage|p1a: Giratina|93\/100\n|-boost|p2a: Skeledirge|spa|1\n|\n|-heal|p1a: Giratina|99\/100|[from] item: Leftovers\n|upkeep\n|turn|2\n|\n|t:|1698555214\n|switch|p2a: Ursaluna|Ursaluna, M|100\/100\n|move|p1a: Giratina|Shadow Ball|p2a: Ursaluna\n|-immune|p2a: Ursaluna|[from] ability: Bulletproof\n|\n|-heal|p1a: Giratina|100\/100|[from] item: Leftovers\n|upkeep\n|turn|3\n|\n|t:|1698555229\n|move|p1a: Giratina|Will-O-Wisp|p2a: Ursaluna|[miss]\n|-miss|p1a: Giratina|p2a: Ursaluna\n|move|p2a: Ursaluna|Play Rough|p1a: Giratina|[miss]\n|-miss|p2a: Ursaluna|p1a: Giratina\n|\n|upkeep\n|turn|4\n|inactive|mainacchacked has 270 seconds left.\n|\n|t:|1698555254\n|switch|p2a: Skeledirge|Skeledirge, M|100\/100\n|move|p1a: Giratina|Will-O-Wisp|p2a: Skeledirge\n|-immune|p2a: Skeledirge\n|\n|upkeep\n|turn|5\n|\n|t:|1698555271\n|move|p1a: Giratina|Will-O-Wisp|p2a: Skeledirge\n|-immune|p2a: Skeledirge\n|move|p2a: Skeledirge|Will-O-Wisp|p1a: Giratina|[miss]\n|-miss|p2a: Skeledirge|p1a: Giratina\n|\n|upkeep\n|turn|6\n|\n|t:|1698555278\n|switch|p2a: Ursaluna|Ursaluna, M|100\/100\n|move|p1a: Giratina|Shadow Ball|p2a: Ursaluna\n|-immune|p2a: Ursaluna|[from] ability: Bulletproof\n|\n|upkeep\n|turn|7\n|\n|t:|1698555292\n|move|p1a: Giratina|Will-O-Wisp|p2a: Ursaluna\n|-status|p2a: Ursaluna|brn\n|move|p2a: Ursaluna|Play Rough|p1a: Giratina\n|-supereffective|p1a: Giratina\n|-damage|p1a: Giratina|85\/100\n|\n|-heal|p1a: Giratina|91\/100|[from] item: Leftovers\n|-damage|p2a: Ursaluna|94\/100 brn|[from] brn\n|upkeep\n|turn|8\n|\n|t:|1698555311\n|move|p2a: Ursaluna|Play Rough|p1a: Giratina\n|-supereffective|p1a: Giratina\n|-damage|p1a: Giratina|76\/100\n|move|p1a: Giratina|Roar|p2a: Ursaluna\n|drag|p2a: Corviknight|Corviknight, F|100\/100\n|-ability|p2a: Corviknight|Pressure\n|\n|-heal|p1a: Giratina|82\/100|[from] item: Leftovers\n|upkeep\n|turn|9\n|\n|t:|1698555323\n|switch|p2a: Clefable|Clefable, M|100\/100\n|move|p1a: Giratina|Will-O-Wisp|p2a: Clefable\n|-status|p2a: Clefable|brn\n|\n|-heal|p1a: Giratina|88\/100|[from] item: Leftovers\n|upkeep\n|turn|10\n|\n|t:|1698555333\n|move|p1a: Giratina|Shadow Ball|p2a: Clefable\n|-damage|p2a: Clefable|75\/100 brn\n|move|p2a: Clefable|Stealth Rock|p1a: Giratina\n|-sidestart|p1: Shedinja999|move: Stealth Rock\n|\n|-heal|p1a: Giratina|94\/100|[from] item: Leftovers\n|-heal|p2a: Clefable|81\/100 brn|[from] item: Leftovers\n|upkeep\n|turn|11\n|\n|t:|1698555338\n|move|p1a: Giratina|Shadow Ball|p2a: Clefable\n|-damage|p2a: Clefable|54\/100 brn\n|move|p2a: Clefable|Wish|p2a: Clefable\n|\n|-heal|p1a: Giratina|100\/100|[from] item: Leftovers\n|-heal|p2a: Clefable|60\/100 brn|[from] item: Leftovers\n|upkeep\n|turn|12\n|\n|t:|1698555343\n|move|p2a: Clefable|Moonblast|p1a: Giratina\n|-supereffective|p1a: Giratina\n|-damage|p1a: Giratina|68\/100\n|move|p1a: Giratina|Roar|p2a: Clefable\n|drag|p2a: Ursaluna|Ursaluna, M|94\/100 brn\n|\n|-heal|p2a: Ursaluna|100\/100 brn|[from] move: Wish|[wisher] Clefable\n|-heal|p1a: Giratina|75\/100|[from] item: Leftovers\n|-damage|p2a: Ursaluna|94\/100 brn|[from] brn\n|upkeep\n|turn|13\n|\n|t:|1698555355\n|move|p1a: Giratina|Shadow Ball|p2a: Ursaluna\n|-immune|p2a: Ursaluna|[from] ability: Bulletproof\n|move|p2a: Ursaluna|Play Rough|p1a: Giratina|[miss]\n|-miss|p2a: Ursaluna|p1a: Giratina\n|\n|-heal|p1a: Giratina|81\/100|[from] item: Leftovers\n|-damage|p2a: Ursaluna|88\/100 brn|[from] brn\n|upkeep\n|turn|14\n|\n|t:|1698555363\n|switch|p2a: Vespiquen|Vespiquen, F|100\/100\n|-ability|p2a: Vespiquen|Pressure\n|move|p1a: Giratina|Roar|p2a: Vespiquen\n|drag|p2a: Decidueye|Decidueye-Hisui, M|100\/100\n|\n|-heal|p1a: Giratina|87\/100|[from] item: Leftovers\n|upkeep\n|turn|15\n|\n|t:|1698555372\n|move|p1a: Giratina|Shadow Ball|p2a: Decidueye\n|-damage|p2a: Decidueye|83\/100\n|move|p2a: Decidueye|Triple Arrows|p1a: Giratina\n|-damage|p1a: Giratina|71\/100\n|-unboost|p1a: Giratina|def|1\n|\n|-heal|p1a: Giratina|77\/100|[from] item: Leftovers\n|upkeep\n|turn|16\n|c|\u2606mainacchacked|the misses are insane\n|\n|t:|1698555379\n|move|p1a: Giratina|Will-O-Wisp|p2a: Decidueye\n|-status|p2a: Decidueye|brn\n|move|p2a: Decidueye|Triple Arrows|p1a: Giratina\n|-damage|p1a: Giratina|63\/100\n|\n|-heal|p1a: Giratina|69\/100|[from] item: Leftovers\n|-damage|p2a: Decidueye|77\/100 brn|[from] brn\n|upkeep\n|turn|17\n|c|\u2606Shedinja999|yeah\n|\n|t:|1698555394\n|move|p1a: Giratina|Protect|p1a: Giratina\n|-singleturn|p1a: Giratina|Protect\n|move|p2a: Decidueye|Triple Arrows|p1a: Giratina\n|-activate|p1a: Giratina|move: Protect\n|\n|-heal|p1a: Giratina|75\/100|[from] item: Leftovers\n|-damage|p2a: Decidueye|71\/100 brn|[from] brn\n|upkeep\n|turn|18\n|inactive|mainacchacked has 270 seconds left.\n|\n|t:|1698555425\n|switch|p2a: Clefable|Clefable, M|60\/100 brn\n|move|p1a: Giratina|Shadow Ball|p2a: Clefable\n|-damage|p2a: Clefable|36\/100 brn\n|\n|-heal|p1a: Giratina|81\/100|[from] item: Leftovers\n|-heal|p2a: Clefable|42\/100 brn|[from] item: Leftovers\n|upkeep\n|turn|19\n|inactive|mainacchacked has 270 seconds left.\n|\n|t:|1698555437\n|switch|p2a: Decidueye|Decidueye-Hisui, M|71\/100 brn\n|move|p1a: Giratina|Roar|p2a: Decidueye\n|drag|p2a: Clefable|Clefable, M|42\/100 brn\n|\n|-heal|p1a: Giratina|87\/100|[from] item: Leftovers\n|-heal|p2a: Clefable|48\/100 brn|[from] item: Leftovers\n|upkeep\n|turn|20\n|\n|t:|1698555443\n|move|p1a: Giratina|Shadow Ball|p2a: Clefable\n|-damage|p2a: Clefable|22\/100 brn\n|move|p2a: Clefable|Wish|p2a: Clefable\n|\n|-heal|p1a: Giratina|94\/100|[from] item: Leftovers\n|-heal|p2a: Clefable|28\/100 brn|[from] item: Leftovers\n|upkeep\n|turn|21\n|\n|t:|1698555449\n|move|p2a: Clefable|Protect|p2a: Clefable\n|-singleturn|p2a: Clefable|Protect\n|move|p1a: Giratina|Roar|p2a: Clefable\n|drag|p2a: Skeledirge|Skeledirge, M|100\/100\n|\n|-heal|p1a: Giratina|99\/100|[from] item: Leftovers\n|upkeep\n|turn|22\n|\n|t:|1698555462\n|move|p1a: Giratina|Shadow Ball|p2a: Skeledirge\n|-supereffective|p2a: Skeledirge\n|-damage|p2a: Skeledirge|38\/100\n|move|p2a: Skeledirge|Will-O-Wisp|p1a: Giratina\n|-status|p1a: Giratina|brn\n|\n|-heal|p1a: Giratina|100\/100 brn|[from] item: Leftovers\n|-damage|p1a: Giratina|94\/100 brn|[from] brn\n|upkeep\n|turn|23\n|\n|t:|1698555471\n|switch|p2a: Ursaluna|Ursaluna, M|88\/100 brn\n|move|p1a: Giratina|Shadow Ball|p2a: Ursaluna\n|-immune|p2a: Ursaluna|[from] ability: Bulletproof\n|\n|-heal|p1a: Giratina|100\/100 brn|[from] item: Leftovers\n|-damage|p1a: Giratina|94\/100 brn|[from] brn\n|-damage|p2a: Ursaluna|82\/100 brn|[from] brn\n|upkeep\n|turn|24\n|c|\u2606Shedinja999|damn that will-o-wisp finally landed\n|c|\u2606mainacchacked|ye\n|c|\u2606mainacchacked|now your 1 shot by hex\n|\n|t:|1698555488\n|move|p2a: Ursaluna|Play Rough|p1a: Giratina|[miss]\n|-miss|p2a: Ursaluna|p1a: Giratina\n|move|p1a: Giratina|Roar|p2a: Ursaluna\n|drag|p2a: Clefable|Clefable, M|28\/100 brn\n|\n|-heal|p1a: Giratina|100\/100 brn|[from] item: Leftovers\n|-heal|p2a: Clefable|35\/100 brn|[from] item: Leftovers\n|-damage|p1a: Giratina|94\/100 brn|[from] brn\n|upkeep\n|turn|25\n|\n|t:|1698555497\n|switch|p2a: Vespiquen|Vespiquen, F|100\/100\n|-ability|p2a: Vespiquen|Pressure\n|move|p1a: Giratina|Shadow Ball|p2a: Vespiquen\n|-damage|p2a: Vespiquen|81\/100\n|\n|-heal|p1a: Giratina|100\/100 brn|[from] item: Leftovers\n|-heal|p2a: Vespiquen|87\/100|[from] item: Leftovers\n|-damage|p1a: Giratina|94\/100 brn|[from] brn\n|upkeep\n|turn|26\n|\n|t:|1698555504\n|move|p1a: Giratina|Will-O-Wisp|p2a: Vespiquen|[miss]\n|-miss|p1a: Giratina|p2a: Vespiquen\n|move|p2a: Vespiquen|Spikes|p1a: Giratina\n|-sidestart|p1: Shedinja999|Spikes\n|\n|-heal|p1a: Giratina|100\/100 brn|[from] item: Leftovers\n|-heal|p2a: Vespiquen|93\/100|[from] item: Leftovers\n|-damage|p1a: Giratina|94\/100 brn|[from] brn\n|upkeep\n|turn|27\n|\n|t:|1698555507\n|move|p1a: Giratina|Will-O-Wisp|p2a: Vespiquen\n|-status|p2a: Vespiquen|brn\n|move|p2a: Vespiquen|U-turn|p1a: Giratina\n|-resisted|p1a: Giratina\n|-damage|p1a: Giratina|91\/100 brn\n|c|\u2606mainacchacked|The only reason i use this is no one excepts spikes\n|c|\u2606mainacchacked|because everybody ignores this and didnt know gen 9 buffed it\n|inactive|mainacchacked has 270 seconds left.\n|\n|t:|1698555540\n|switch|p2a: Corviknight|Corviknight, F|100\/100|[from] U-turn\n|-ability|p2a: Corviknight|Pressure\n|\n|-heal|p1a: Giratina|97\/100 brn|[from] item: Leftovers\n|-damage|p1a: Giratina|91\/100 brn|[from] brn\n|upkeep\n|turn|28\n|c|\u2606Shedinja999|I mainly focused on damage\n|\n|t:|1698555547\n|move|p1a: Giratina|Will-O-Wisp|p2a: Corviknight\n|-status|p2a: Corviknight|brn\n|move|p2a: Corviknight|U-turn|p1a: Giratina\n|-resisted|p1a: Giratina\n|-damage|p1a: Giratina|88\/100 brn\n|\n|t:|1698555551\n|switch|p2a: Clefable|Clefable, M|35\/100 brn|[from] U-turn\n|\n|-heal|p1a: Giratina|95\/100 brn|[from] item: Leftovers\n|-heal|p2a: Clefable|41\/100 brn|[from] item: Leftovers\n|-damage|p1a: Giratina|88\/100 brn|[from] brn\n|upkeep\n|turn|29\n|\n|t:|1698555556\n|move|p1a: Giratina|Shadow Ball|p2a: Clefable\n|-damage|p2a: Clefable|15\/100 brn\n|move|p2a: Clefable|Moonblast|p1a: Giratina\n|-supereffective|p1a: Giratina\n|-damage|p1a: Giratina|57\/100 brn\n|-unboost|p1a: Giratina|spa|1\n|\n|-heal|p1a: Giratina|64\/100 brn|[from] item: Leftovers\n|-heal|p2a: Clefable|22\/100 brn|[from] item: Leftovers\n|-damage|p1a: Giratina|57\/100 brn|[from] brn\n|upkeep\n|turn|30\n|\n|t:|1698555570\n|switch|p2a: Ursaluna|Ursaluna, M|82\/100 brn\n|move|p1a: Giratina|Shadow Ball|p2a: Ursaluna\n|-immune|p2a: Ursaluna|[from] ability: Bulletproof\n|\n|-heal|p1a: Giratina|64\/100 brn|[from] item: Leftovers\n|-damage|p1a: Giratina|57\/100 brn|[from] brn\n|-damage|p2a: Ursaluna|76\/100 brn|[from] brn\n|upkeep\n|turn|31\n|c|\u2606Shedinja999|man. magic guard\n|\n|t:|1698555580\n|move|p1a: Giratina|Protect|p1a: Giratina\n|-singleturn|p1a: Giratina|Protect\n|move|p2a: Ursaluna|Play Rough|p1a: Giratina\n|-activate|p1a: Giratina|move: Protect\n|\n|-heal|p1a: Giratina|64\/100 brn|[from] item: Leftovers\n|-damage|p1a: Giratina|57\/100 brn|[from] brn\n|-damage|p2a: Ursaluna|70\/100 brn|[from] brn\n|upkeep\n|turn|32\n|c|\u2606mainacchacked|your defense is so low by now\n|\n|t:|1698555589\n|move|p2a: Ursaluna|Play Rough|p1a: Giratina|[miss]\n|-miss|p2a: Ursaluna|p1a: Giratina\n|move|p1a: Giratina|Roar|p2a: Ursaluna\n|drag|p2a: Skeledirge|Skeledirge, M|38\/100\n|\n|-heal|p1a: Giratina|64\/100 brn|[from] item: Leftovers\n|-damage|p1a: Giratina|57\/100 brn|[from] brn\n|upkeep\n|turn|33\n|\n|t:|1698555602\n|move|p1a: Giratina|Shadow Ball|p2a: Skeledirge\n|-supereffective|p2a: Skeledirge\n|-damage|p2a: Skeledirge|0 fnt\n|faint|p2a: Skeledirge\n|\n|-heal|p1a: Giratina|64\/100 brn|[from] item: Leftovers\n|-damage|p1a: Giratina|57\/100 brn|[from] brn\n|upkeep\n|\n|t:|1698555610\n|switch|p2a: Ursaluna|Ursaluna, M|70\/100 brn\n|turn|34\n|c|\u2606Shedinja999|I love how easily giratina walls your team\n|\n|t:|1698555622\n|move|p1a: Giratina|Protect|p1a: Giratina\n|-singleturn|p1a: Giratina|Protect\n|move|p2a: Ursaluna|Ice Punch|p1a: Giratina\n|-activate|p1a: Giratina|move: Protect\n|\n|-heal|p1a: Giratina|64\/100 brn|[from] item: Leftovers\n|-damage|p1a: Giratina|57\/100 brn|[from] brn\n|-damage|p2a: Ursaluna|64\/100 brn|[from] brn\n|upkeep\n|turn|35\n|c|\u2606mainacchacked|i'm new to UUBERS\n|\n|t:|1698555632\n|move|p2a: Ursaluna|Play Rough|p1a: Giratina\n|-supereffective|p1a: Giratina\n|-damage|p1a: Giratina|36\/100 brn\n|move|p1a: Giratina|Roar|p2a: Ursaluna\n|drag|p2a: Clefable|Clefable, M|22\/100 brn\n|\n|-heal|p1a: Giratina|42\/100 brn|[from] item: Leftovers\n|-heal|p2a: Clefable|28\/100 brn|[from] item: Leftovers\n|-damage|p1a: Giratina|36\/100 brn|[from] brn\n|upkeep\n|turn|36\n|\n|t:|1698555643\n|move|p1a: Giratina|Shadow Ball|p2a: Clefable\n|-damage|p2a: Clefable|9\/100 brn\n|move|p2a: Clefable|Moonblast|p1a: Giratina\n|-supereffective|p1a: Giratina\n|-crit|p1a: Giratina\n|-damage|p1a: Giratina|0 fnt\n|faint|p1a: Giratina\n|\n|-heal|p2a: Clefable|15\/100 brn|[from] item: Leftovers\n|upkeep\n|\n|t:|1698555646\n|switch|p1a: Magearna|Magearna|100\/100\n|-damage|p1a: Magearna|94\/100|[from] Stealth Rock\n|-damage|p1a: Magearna|82\/100|[from] Spikes\n|turn|37\n|\n|t:|1698555653\n|move|p1a: Magearna|Stored Power|p2a: Clefable\n|-damage|p2a: Clefable|10\/100 brn\n|move|p2a: Clefable|Wish|p2a: Clefable\n|\n|-heal|p1a: Magearna|88\/100|[from] item: Leftovers\n|-heal|p2a: Clefable|16\/100 brn|[from] item: Leftovers\n|upkeep\n|turn|38\n|\n|t:|1698555660\n|move|p1a: Magearna|Calm Mind|p1a: Magearna\n|-boost|p1a: Magearna|spa|1\n|-boost|p1a: Magearna|spd|1\n|move|p2a: Clefable|Moonblast|p1a: Magearna\n|-resisted|p1a: Magearna\n|-damage|p1a: Magearna|79\/100\n|-unboost|p1a: Magearna|spa|1\n|\n|-heal|p2a: Clefable|66\/100 brn|[from] move: Wish|[wisher] Clefable\n|-heal|p1a: Magearna|85\/100|[from] item: Leftovers\n|-heal|p2a: Clefable|72\/100 brn|[from] item: Leftovers\n|upkeep\n|turn|39\n|\n|t:|1698555669\n|switch|p2a: Ursaluna|Ursaluna, M|64\/100 brn\n|move|p1a: Magearna|Calm Mind|p1a: Magearna\n|-boost|p1a: Magearna|spa|1\n|-boost|p1a: Magearna|spd|1\n|\n|-heal|p1a: Magearna|91\/100|[from] item: Leftovers\n|-damage|p2a: Ursaluna|58\/100 brn|[from] brn\n|upkeep\n|turn|40\n|\n|t:|1698555676\n|-terastallize|p2a: Ursaluna|Ground\n|move|p1a: Magearna|Stored Power|p2a: Ursaluna\n|-damage|p2a: Ursaluna|42\/100 brn\n|move|p2a: Ursaluna|Earthquake|p1a: Magearna\n|-supereffective|p1a: Magearna\n|-damage|p1a: Magearna|39\/100\n|\n|-heal|p1a: Magearna|45\/100|[from] item: Leftovers\n|-damage|p2a: Ursaluna|36\/100 brn|[from] brn\n|upkeep\n|turn|41\n|\n|t:|1698555700\n|-terastallize|p1a: Magearna|Ground\n|move|p1a: Magearna|Tera Blast|p2a: Ursaluna|[anim] Tera Blast Ground\n|-damage|p2a: Ursaluna|12\/100 brn\n|move|p2a: Ursaluna|Earthquake|p1a: Magearna\n|-damage|p1a: Magearna|19\/100\n|\n|-heal|p1a: Magearna|25\/100|[from] item: Leftovers\n|-damage|p2a: Ursaluna|6\/100 brn|[from] brn\n|upkeep\n|turn|42\n|c|\u2606Shedinja999|time for snowballing\n|inactive|mainacchacked has 270 seconds left.\n|\n|t:|1698555738\n|move|p1a: Magearna|Stored Power|p2a: Ursaluna\n|-damage|p2a: Ursaluna|0 fnt\n|faint|p2a: Ursaluna\n|-ability|p1a: Magearna|Soul-Heart|boost\n|-boost|p1a: Magearna|spa|1\n|\n|-heal|p1a: Magearna|31\/100|[from] item: Leftovers\n|upkeep\n|\n|t:|1698555753\n|switch|p2a: Clefable|Clefable, M|72\/100 brn\n|turn|43\n|\n|t:|1698555765\n|move|p1a: Magearna|Shift Gear|p1a: Magearna\n|-boost|p1a: Magearna|spe|2\n|-boost|p1a: Magearna|atk|1\n|move|p2a: Clefable|Wish|p2a: Clefable\n|\n|-heal|p1a: Magearna|37\/100|[from] item: Leftovers\n|-heal|p2a: Clefable|78\/100 brn|[from] item: Leftovers\n|upkeep\n|turn|44\n|inactive|mainacchacked has 270 seconds left.\n|\n|t:|1698555793\n|move|p1a: Magearna|Calm Mind|p1a: Magearna\n|-boost|p1a: Magearna|spa|1\n|-boost|p1a: Magearna|spd|1\n|move|p2a: Clefable|Moonblast|p1a: Magearna\n|-damage|p1a: Magearna|27\/100\n|\n|-heal|p2a: Clefable|100\/100 brn|[from] move: Wish|[wisher] Clefable\n|-heal|p1a: Magearna|33\/100|[from] item: Leftovers\n|upkeep\n|turn|45\n|c|\u2606mainacchacked|crit\n|\n|t:|1698555807\n|move|p1a: Magearna|Stored Power|p2a: Clefable\n|-damage|p2a: Clefable|0 fnt\n|faint|p2a: Clefable\n|-ability|p1a: Magearna|Soul-Heart|boost\n|-boost|p1a: Magearna|spa|1\n|\n|-heal|p1a: Magearna|39\/100|[from] item: Leftovers\n|upkeep\n|c|\u2606mainacchacked|nvm\n|c|\u2606mainacchacked|didnt get chance to\n|\n|t:|1698555819\n|switch|p2a: Vespiquen|Vespiquen, F|93\/100 brn\n|-ability|p2a: Vespiquen|Pressure\n|turn|46\n|c|\u2606Shedinja999|do you have any counters?\n|\n|t:|1698555825\n|move|p1a: Magearna|Stored Power|p2a: Vespiquen\n|-damage|p2a: Vespiquen|0 fnt\n|faint|p2a: Vespiquen\n|-ability|p1a: Magearna|Soul-Heart|boost\n|-boost|p1a: Magearna|spa|1\n|\n|-heal|p1a: Magearna|45\/100|[from] item: Leftovers\n|upkeep\n|c|\u2606mainacchacked|I actually thouhgt magearna and giratina would be banned from UUBERS\n|c|\u2606mainacchacked|so i dont\n|\n|t:|1698555843\n|switch|p2a: Corviknight|Corviknight, F|100\/100 brn\n|-ability|p2a: Corviknight|Pressure\n|turn|47\n|\n|t:|1698555847\n|move|p1a: Magearna|Stored Power|p2a: Corviknight\n|-resisted|p2a: Corviknight\n|-damage|p2a: Corviknight|0 fnt\n|faint|p2a: Corviknight\n|-ability|p1a: Magearna|Soul-Heart|boost\n|-boost|p1a: Magearna|spa|1\n|\n|-heal|p1a: Magearna|51\/100|[from] item: Leftovers\n|upkeep\n|c|\u2606Shedinja999|they should be tbh\n|c|\u2606mainacchacked|gg\n|c|\u2606Shedinja999|this isn't fair\n|\n|t:|1698555855\n|switch|p2a: Decidueye|Decidueye-Hisui, M|71\/100 brn\n|turn|48\n|\n|t:|1698555860\n|move|p1a: Magearna|Stored Power|p2a: Decidueye\n|-supereffective|p2a: Decidueye\n|-damage|p2a: Decidueye|0 fnt\n|faint|p2a: Decidueye\n|\n|win|Shedinja999\n|l|\u2606mainacchacked\n|c|\u2606Shedinja999|gg\n","uploadtime":1698556124,"views":15,"p1id":"shedinja999","p2id":"mainacchacked","formatid":"gen9ubers","rating":0,"private":0,"password":""}