{"id":"gen9ubers-1994502911","p1":"Rex497","p2":"Dizy88775","format":"[Gen 9] Ubers","log":"|j|\u2606Rex497\n|j|\u2606Dizy88775\n|t:|1700451589\n|gametype|singles\n|player|p1|Rex497|101|1086\n|player|p2|Dizy88775|2|1070\n|teamsize|p1|6\n|teamsize|p2|6\n|gen|9\n|tier|[Gen 9] Ubers\n|rated|\n|rule|Sleep Clause Mod: Limit one foe put to sleep\n|rule|Species Clause: Limit one of each Pok\u00e9mon\n|rule|OHKO Clause: OHKO moves are banned\n|rule|Evasion Items Clause: Evasion items are banned\n|rule|Evasion Moves Clause: Evasion moves are banned\n|rule|Endless Battle Clause: Forcing endless battles is banned\n|rule|HP Percentage Mod: HP is shown in percentages\n|clearpoke\n|poke|p1|Koraidon|\n|poke|p1|Walking Wake|\n|poke|p1|Scream Tail|\n|poke|p1|Chi-Yu|\n|poke|p1|Iron Bundle|\n|poke|p1|Masquerain, M|\n|poke|p2|Milotic, M|\n|poke|p2|Greninja-*, F|\n|poke|p2|Zapdos|\n|poke|p2|Garchomp, M|\n|poke|p2|Dragapult, M|\n|poke|p2|Flutter Mane|\n|teampreview\n|l|\u2606Dizy88775\n|player|p2|\n|j|\u2606Dizy88775\n|player|p2|Dizy88775|2\n|\n|t:|1700451614\n|start\n|switch|p1a: Masquerain|Masquerain, M|100\/100\n|switch|p2a: Greninja|Greninja, F, shiny|100\/100\n|-ability|p1a: Masquerain|Intimidate|boost\n|-unboost|p2a: Greninja|atk|1\n|turn|1\n|inactive|Battle timer is ON: inactive players will automatically lose when time's up. (requested by Rex497)\n|\n|t:|1700451623\n|move|p1a: Masquerain|Sticky Web|p2a: Greninja\n|-sidestart|p2: Dizy88775|move: Sticky Web\n|move|p2a: Greninja|Ice Beam|p1a: Masquerain\n|-start|p2a: Greninja|typechange|Ice|[from] ability: Protean\n|-supereffective|p1a: Masquerain\n|-enditem|p1a: Masquerain|Focus Sash\n|-damage|p1a: Masquerain|1\/100\n|-status|p1a: Masquerain|frz\n|-damage|p2a: Greninja|91\/100|[from] item: Life Orb\n|\n|upkeep\n|turn|2\n|\n|t:|1700451634\n|cant|p1a: Masquerain|frz\n|move|p2a: Greninja|Dark Pulse|p1a: Masquerain\n|-damage|p1a: Masquerain|0 fnt\n|faint|p1a: Masquerain\n|-damage|p2a: Greninja|81\/100|[from] item: Life Orb\n|\n|upkeep\n|\n|t:|1700451641\n|switch|p1a: Scream Tail|Scream Tail|100\/100\n|turn|3\n|\n|t:|1700451656\n|move|p1a: Scream Tail|Light Screen|p1a: Scream Tail\n|-sidestart|p1: Rex497|move: Light Screen\n|move|p2a: Greninja|Ice Beam|p1a: Scream Tail\n|-damage|p1a: Scream Tail|84\/100\n|-damage|p2a: Greninja|71\/100|[from] item: Life Orb\n|\n|upkeep\n|turn|4\n|\n|t:|1700451664\n|-end|p1a: Scream Tail|Protosynthesis|[silent]\n|switch|p1a: Koraidon|Koraidon|100\/100\n|-weather|SunnyDay|[from] ability: Orichalcum Pulse|[of] p1a: Koraidon\n|-activate|p1a: Koraidon|Orichalcum Pulse|[source]\n|move|p2a: Greninja|Dark Pulse|p1a: Koraidon\n|-resisted|p1a: Koraidon\n|-damage|p1a: Koraidon|93\/100\n|-damage|p2a: Greninja|61\/100|[from] item: Life Orb\n|\n|-weather|SunnyDay|[upkeep]\n|upkeep\n|turn|5\n|\n|t:|1700451680\n|move|p1a: Koraidon|U-turn|p2a: Greninja\n|-damage|p2a: Greninja|17\/100\n|\n|t:|1700451688\n|switch|p1a: Chi-Yu|Chi-Yu|100\/100|[from] U-turn\n|-ability|p1a: Chi-Yu|Beads of Ruin\n|move|p2a: Greninja|Grass Knot|p1a: Chi-Yu\n|-resisted|p1a: Chi-Yu\n|-damage|p1a: Chi-Yu|99\/100\n|-damage|p2a: Greninja|7\/100|[from] item: Life Orb\n|\n|-weather|SunnyDay|[upkeep]\n|upkeep\n|turn|6\n|\n|t:|1700451700\n|move|p1a: Chi-Yu|Overheat|p2a: Greninja\n|-supereffective|p2a: Greninja\n|-damage|p2a: Greninja|0 fnt\n|-unboost|p1a: Chi-Yu|spa|2\n|faint|p2a: Greninja\n|\n|-weather|SunnyDay|[upkeep]\n|upkeep\n|\n|t:|1700451714\n|switch|p2a: Zapdos|Zapdos|100\/100\n|turn|7\n|\n|t:|1700451728\n|switch|p1a: Scream Tail|Scream Tail|84\/100\n|-activate|p1a: Scream Tail|ability: Protosynthesis\n|-start|p1a: Scream Tail|protosynthesisspe\n|move|p2a: Zapdos|Tailwind|p2a: Zapdos\n|-sidestart|p2: Dizy88775|move: Tailwind\n|\n|-weather|SunnyDay|[upkeep]\n|upkeep\n|turn|8\n|\n|t:|1700451741\n|move|p2a: Zapdos|Heat Wave|p1a: Scream Tail|[miss]\n|-miss|p2a: Zapdos|p1a: Scream Tail\n|move|p1a: Scream Tail|Reflect|p1a: Scream Tail\n|-sidestart|p1: Rex497|Reflect\n|\n|-weather|SunnyDay|[upkeep]\n|upkeep\n|turn|9\n|\n|t:|1700451746\n|move|p2a: Zapdos|Thunderbolt|p1a: Scream Tail\n|-damage|p1a: Scream Tail|70\/100\n|move|p1a: Scream Tail|Wish|p1a: Scream Tail\n|\n|-weather|SunnyDay|[upkeep]\n|upkeep\n|turn|10\n|\n|t:|1700451775\n|-end|p1a: Scream Tail|Protosynthesis|[silent]\n|switch|p1a: Chi-Yu|Chi-Yu|99\/100\n|-ability|p1a: Chi-Yu|Beads of Ruin\n|move|p2a: Zapdos|Discharge|p1a: Chi-Yu\n|-damage|p1a: Chi-Yu|78\/100\n|\n|-weather|SunnyDay|[upkeep]\n|-heal|p1a: Chi-Yu|100\/100|[from] move: Wish|[wisher] Scream Tail\n|-sideend|p1: Rex497|move: Light Screen\n|-sideend|p2: Dizy88775|move: Tailwind\n|upkeep\n|turn|11\n|inactive|Dizy88775 has 120 seconds left.\n|\n|t:|1700451810\n|move|p1a: Chi-Yu|Overheat|p2a: Zapdos\n|-enditem|p2a: Zapdos|Focus Sash\n|-damage|p2a: Zapdos|1\/100\n|-unboost|p1a: Chi-Yu|spa|2\n|move|p2a: Zapdos|Thunderbolt|p1a: Chi-Yu\n|-damage|p1a: Chi-Yu|57\/100\n|\n|-weather|none\n|upkeep\n|turn|12\n|\n|t:|1700451822\n|switch|p1a: Iron Bundle|Iron Bundle|100\/100\n|-enditem|p1a: Iron Bundle|Booster Energy\n|-activate|p1a: Iron Bundle|ability: Quark Drive|[fromitem]\n|-start|p1a: Iron Bundle|quarkdrivespe\n|move|p2a: Zapdos|Thunderbolt|p1a: Iron Bundle\n|-supereffective|p1a: Iron Bundle\n|-damage|p1a: Iron Bundle|0 fnt\n|faint|p1a: Iron Bundle\n|-end|p1a: Iron Bundle|Quark Drive|[silent]\n|\n|upkeep\n|\n|t:|1700451829\n|switch|p1a: Scream Tail|Scream Tail|70\/100\n|turn|13\n|inactive|Dizy88775 has 120 seconds left.\n|\n|t:|1700451843\n|move|p1a: Scream Tail|Light Screen|p1a: Scream Tail\n|-sidestart|p1: Rex497|move: Light Screen\n|move|p2a: Zapdos|Thunderbolt|p1a: Scream Tail\n|-damage|p1a: Scream Tail|56\/100\n|\n|upkeep\n|turn|14\n|inactive|Dizy88775 has 120 seconds left.\n|\n|t:|1700451855\n|move|p1a: Scream Tail|Wish|p1a: Scream Tail\n|move|p2a: Zapdos|Thunderbolt|p1a: Scream Tail\n|-damage|p1a: Scream Tail|44\/100\n|\n|upkeep\n|turn|15\n|inactive|Dizy88775 has 120 seconds left.\n|\n|t:|1700451873\n|move|p1a: Scream Tail|Wish||[still]\n|-fail|p1a: Scream Tail\n|move|p2a: Zapdos|Thunderbolt|p1a: Scream Tail\n|-damage|p1a: Scream Tail|30\/100\n|\n|-heal|p1a: Scream Tail|80\/100|[from] move: Wish|[wisher] Scream Tail\n|-sideend|p1: Rex497|Reflect\n|upkeep\n|turn|16\n|inactive|Dizy88775 has 120 seconds left.\n|\n|t:|1700451896\n|move|p1a: Scream Tail|Reflect|p1a: Scream Tail\n|-sidestart|p1: Rex497|Reflect\n|move|p2a: Zapdos|Thunderbolt|p1a: Scream Tail\n|-damage|p1a: Scream Tail|66\/100\n|\n|upkeep\n|turn|17\n|c|\u2606Rex497|interesthing\n|\n|t:|1700451903\n|-end|p1a: Scream Tail|Protosynthesis|[silent]\n|switch|p1a: Koraidon|Koraidon|93\/100\n|-weather|SunnyDay|[from] ability: Orichalcum Pulse|[of] p1a: Koraidon\n|-activate|p1a: Koraidon|Orichalcum Pulse|[source]\n|move|p2a: Zapdos|Discharge|p1a: Koraidon\n|-resisted|p1a: Koraidon\n|-damage|p1a: Koraidon|85\/100\n|\n|-weather|SunnyDay|[upkeep]\n|upkeep\n|turn|18\n|inactive|Dizy88775 has 120 seconds left.\n|\n|t:|1700451911\n|move|p1a: Koraidon|U-turn|p2a: Zapdos\n|-resisted|p2a: Zapdos\n|-damage|p2a: Zapdos|0 fnt\n|faint|p2a: Zapdos\n|\n|t:|1700451914\n|switch|p1a: Chi-Yu|Chi-Yu|57\/100|[from] U-turn\n|-ability|p1a: Chi-Yu|Beads of Ruin\n|\n|-weather|SunnyDay|[upkeep]\n|upkeep\n|\n|t:|1700451920\n|switch|p2a: Dragapult|Dragapult, M, shiny|100\/100\n|-activate|p2a: Dragapult|move: Sticky Web\n|-unboost|p2a: Dragapult|spe|1\n|turn|19\n|\n|t:|1700451929\n|move|p1a: Chi-Yu|Dark Pulse|p2a: Dragapult\n|-supereffective|p2a: Dragapult\n|-damage|p2a: Dragapult|0 fnt\n|faint|p2a: Dragapult\n|\n|-weather|SunnyDay|[upkeep]\n|upkeep\n|\n|t:|1700451934\n|switch|p2a: Flutter Mane|Flutter Mane|100\/100\n|-activate|p2a: Flutter Mane|move: Sticky Web\n|-unboost|p2a: Flutter Mane|spe|1\n|-activate|p2a: Flutter Mane|ability: Protosynthesis\n|-start|p2a: Flutter Mane|protosynthesisspa\n|turn|20\n|\n|t:|1700451942\n|switch|p1a: Scream Tail|Scream Tail|66\/100\n|-activate|p1a: Scream Tail|ability: Protosynthesis\n|-start|p1a: Scream Tail|protosynthesisspe\n|-terastallize|p2a: Flutter Mane|Ghost\n|move|p2a: Flutter Mane|Shadow Ball|p1a: Scream Tail\n|-supereffective|p1a: Scream Tail\n|-damage|p1a: Scream Tail|15\/100\n|\n|-weather|SunnyDay|[upkeep]\n|-sideend|p1: Rex497|move: Light Screen\n|upkeep\n|turn|21\n|\n|t:|1700451954\n|move|p1a: Scream Tail|Wish|p1a: Scream Tail\n|move|p2a: Flutter Mane|Shadow Ball|p1a: Scream Tail\n|-supereffective|p1a: Scream Tail\n|-damage|p1a: Scream Tail|0 fnt\n|faint|p1a: Scream Tail\n|-end|p1a: Scream Tail|Protosynthesis|[silent]\n|\n|-weather|SunnyDay|[upkeep]\n|upkeep\n|\n|t:|1700451957\n|switch|p1a: Chi-Yu|Chi-Yu|57\/100\n|-ability|p1a: Chi-Yu|Beads of Ruin\n|turn|22\n|\n|t:|1700451964\n|move|p1a: Chi-Yu|Dark Pulse|p2a: Flutter Mane\n|-supereffective|p2a: Flutter Mane\n|-damage|p2a: Flutter Mane|0 fnt\n|faint|p2a: Flutter Mane\n|-end|p2a: Flutter Mane|Protosynthesis|[silent]\n|\n|-weather|SunnyDay|[upkeep]\n|-heal|p1a: Chi-Yu|100\/100|[from] move: Wish|[wisher] Scream Tail\n|upkeep\n|\n|t:|1700451968\n|switch|p2a: Garchomp|Garchomp, M|100\/100\n|-activate|p2a: Garchomp|move: Sticky Web\n|-unboost|p2a: Garchomp|spe|1\n|turn|23\n|c|\u2606Rex497|ggs lil bro\n|\n|t:|1700451977\n|switch|p1a: Koraidon|Koraidon|85\/100\n|-activate|p1a: Koraidon|ability: Orichalcum Pulse\n|move|p2a: Garchomp|Earthquake|p1a: Koraidon\n|-damage|p1a: Koraidon|62\/100\n|\n|-weather|SunnyDay|[upkeep]\n|-sideend|p1: Rex497|Reflect\n|upkeep\n|turn|24\n|inactive|Dizy88775 has 120 seconds left.\n|\n|t:|1700452015\n|-terastallize|p1a: Koraidon|Fire\n|move|p1a: Koraidon|Flare Blitz|p2a: Garchomp\n|-resisted|p2a: Garchomp\n|-damage|p2a: Garchomp|39\/100\n|-damage|p1a: Koraidon|41\/100|[from] Recoil\n|move|p2a: Garchomp|Iron Head|p1a: Koraidon\n|-resisted|p1a: Koraidon\n|-damage|p1a: Koraidon|29\/100\n|\n|-weather|none\n|upkeep\n|turn|25\n|inactive|Dizy88775 has 120 seconds left.\n|\n|t:|1700452027\n|move|p1a: Koraidon|U-turn|p2a: Garchomp\n|-damage|p2a: Garchomp|15\/100\n|\n|t:|1700452034\n|switch|p1a: Chi-Yu|Chi-Yu|100\/100|[from] U-turn\n|-ability|p1a: Chi-Yu|Beads of Ruin\n|move|p2a: Garchomp|Earthquake|p1a: Chi-Yu\n|-supereffective|p1a: Chi-Yu\n|-damage|p1a: Chi-Yu|0 fnt\n|faint|p1a: Chi-Yu\n|\n|upkeep\n|\n|t:|1700452037\n|switch|p1a: Koraidon|Koraidon, tera:Fire|29\/100\n|-weather|SunnyDay|[from] ability: Orichalcum Pulse|[of] p1a: Koraidon\n|-activate|p1a: Koraidon|Orichalcum Pulse|[source]\n|turn|26\n|\n|t:|1700452047\n|move|p1a: Koraidon|U-turn|p2a: Garchomp\n|-damage|p2a: Garchomp|0 fnt\n|faint|p2a: Garchomp\n|\n|t:|1700452051\n|switch|p1a: Walking Wake|Walking Wake|100\/100|[from] U-turn\n|-activate|p1a: Walking Wake|ability: Protosynthesis\n|-start|p1a: Walking Wake|protosynthesisspa\n|\n|-weather|SunnyDay|[upkeep]\n|upkeep\n|\n|t:|1700452054\n|switch|p2a: Milotic|Milotic, M|100\/100\n|-activate|p2a: Milotic|move: Sticky Web\n|-unboost|p2a: Milotic|spe|1\n|-ability|p2a: Milotic|Competitive|boost\n|-boost|p2a: Milotic|spa|2\n|turn|27\n|c|\u2606Rex497|you suck a s s lmao\n|\n|t:|1700452070\n|move|p1a: Walking Wake|Draco Meteor|p2a: Milotic|[miss]\n|-miss|p1a: Walking Wake|p2a: Milotic\n|move|p2a: Milotic|Dragon Pulse|p1a: Walking Wake\n|-supereffective|p1a: Walking Wake\n|-damage|p1a: Walking Wake|0 fnt\n|faint|p1a: Walking Wake\n|-end|p1a: Walking Wake|Protosynthesis|[silent]\n|\n|-weather|SunnyDay|[upkeep]\n|upkeep\n|\n|t:|1700452076\n|switch|p1a: Koraidon|Koraidon, tera:Fire|29\/100\n|-activate|p1a: Koraidon|ability: Orichalcum Pulse\n|turn|28\n|\n|t:|1700452081\n|move|p1a: Koraidon|Collision Course|p2a: Milotic\n|-damage|p2a: Milotic|37\/100\n|move|p2a: Milotic|Dragon Pulse|p1a: Koraidon\n|-damage|p1a: Koraidon|0 fnt\n|faint|p1a: Koraidon\n|\n|win|Dizy88775\n|raw|Rex497's rating: 1086 &rarr; <strong>1062<\/strong><br \/>(-24 for losing)\n|raw|Dizy88775's rating: 1070 &rarr; <strong>1101<\/strong><br \/>(+31 for winning)\n","uploadtime":1700452068,"views":3,"p1id":"rex497","p2id":"dizy88775","formatid":"gen9ubers","rating":1062,"private":0,"password":""}