{"id":"gen9ubers-1984497328","p1":"adpg.alt","p2":"OceanicGamer3","format":"[Gen 9] Ubers","log":"|j|\u2606adpg.alt\n|j|\u2606OceanicGamer3\n|t:|1699272716\n|gametype|singles\n|player|p1|adpg.alt|hilbert-wonderlauncher|\n|player|p2|OceanicGamer3|bugcatcher-gen4dp|\n|teamsize|p1|6\n|teamsize|p2|6\n|gen|9\n|tier|[Gen 9] Ubers\n|rule|Sleep Clause Mod: Limit one foe put to sleep\n|rule|Species Clause: Limit one of each Pok\u00e9mon\n|rule|OHKO Clause: OHKO moves are banned\n|rule|Evasion Items Clause: Evasion items are banned\n|rule|Evasion Moves Clause: Evasion moves are banned\n|rule|Endless Battle Clause: Forcing endless battles is banned\n|rule|HP Percentage Mod: HP is shown in percentages\n|clearpoke\n|poke|p1|Torkoal, F|\n|poke|p1|Roaring Moon|\n|poke|p1|Walking Wake|\n|poke|p1|Lilligant-Hisui, F|\n|poke|p1|Sandy Shocks|\n|poke|p1|Zacian-*|\n|poke|p2|Crawdaunt, F|\n|poke|p2|Alomomola, F|\n|poke|p2|Landorus, M|\n|poke|p2|Dragapult, M|\n|poke|p2|Forretress, M|\n|poke|p2|Espathra, F|\n|teampreview\n|c|\u2606OceanicGamer3|This team is an experiment\n|c|\u2606adpg.alt|I see\n|\n|t:|1699272744\n|start\n|switch|p1a: Torkoal|Torkoal, F|100\/100\n|switch|p2a: Landorus|Landorus, M|100\/100\n|-weather|SunnyDay|[from] ability: Drought|[of] p1a: Torkoal\n|turn|1\n|inactive|Battle timer is ON: inactive players will automatically lose when time's up. (requested by OceanicGamer3)\n|\n|t:|1699272756\n|switch|p1a: Lilligant|Lilligant-Hisui, F|100\/100\n|move|p2a: Landorus|Sludge Bomb|p1a: Lilligant\n|-supereffective|p1a: Lilligant\n|-damage|p1a: Lilligant|0 fnt\n|faint|p1a: Lilligant\n|\n|-weather|SunnyDay|[upkeep]\n|upkeep\n|c|\u2606adpg.alt|Damn\n|\n|t:|1699272770\n|switch|p1a: Walking Wake|Walking Wake|100\/100\n|-activate|p1a: Walking Wake|ability: Protosynthesis\n|-start|p1a: Walking Wake|protosynthesisspe\n|turn|2\n|\n|t:|1699272778\n|move|p1a: Walking Wake|Hydro Steam|p2a: Landorus\n|-supereffective|p2a: Landorus\n|-damage|p2a: Landorus|0 fnt\n|faint|p2a: Landorus\n|\n|-weather|SunnyDay|[upkeep]\n|upkeep\n|\n|t:|1699272799\n|switch|p2a: Crawdaunt|Crawdaunt, F, shiny|100\/100\n|turn|3\n|\n|t:|1699272810\n|-terastallize|p1a: Walking Wake|Water\n|move|p1a: Walking Wake|Hydro Steam|p2a: Crawdaunt\n|-resisted|p2a: Crawdaunt\n|-damage|p2a: Crawdaunt|0 fnt\n|faint|p2a: Crawdaunt\n|\n|-weather|SunnyDay|[upkeep]\n|upkeep\n|c|\u2606OceanicGamer3|..\n|c|\u2606OceanicGamer3|Wow\n|\n|t:|1699272825\n|switch|p2a: Forretress|Forretress, M, shiny|100\/100\n|turn|4\n|\n|t:|1699272841\n|move|p1a: Walking Wake|Hydro Steam|p2a: Forretress\n|-ability|p2a: Forretress|Sturdy\n|-damage|p2a: Forretress|1\/100\n|move|p2a: Forretress|Volt Switch|p1a: Walking Wake\n|-supereffective|p1a: Walking Wake\n|-damage|p1a: Walking Wake|76\/100\n|\n|t:|1699272850\n|switch|p2a: Alomomola|Alomomola, F, shiny|100\/100|[from] Volt Switch\n|\n|-weather|SunnyDay|[upkeep]\n|upkeep\n|turn|5\n|\n|t:|1699272856\n|switch|p2a: Forretress|Forretress, M, shiny|1\/100\n|move|p1a: Walking Wake|Hydro Steam|p2a: Forretress\n|-damage|p2a: Forretress|0 fnt\n|faint|p2a: Forretress\n|\n|-weather|SunnyDay|[upkeep]\n|upkeep\n|\n|t:|1699272868\n|switch|p2a: Dragapult|Dragapult, M, shiny|100\/100\n|turn|6\n|\n|t:|1699272873\n|-end|p1a: Walking Wake|Protosynthesis|[silent]\n|switch|p1a: Zacian|Zacian|100\/100\n|-ability|p1a: Zacian|Intrepid Sword|boost\n|-boost|p1a: Zacian|atk|1\n|move|p2a: Dragapult|Dragon Dance|p2a: Dragapult\n|-boost|p2a: Dragapult|atk|1\n|-boost|p2a: Dragapult|spe|1\n|\n|-weather|SunnyDay|[upkeep]\n|upkeep\n|turn|7\n|\n|t:|1699272883\n|move|p2a: Dragapult|Phantom Force||[still]\n|-prepare|p2a: Dragapult|Phantom Force\n|move|p1a: Zacian|Play Rough|p2a: Dragapult|[miss]\n|-miss|p1a: Zacian|p2a: Dragapult\n|\n|-weather|SunnyDay|[upkeep]\n|upkeep\n|turn|8\n|\n|t:|1699272886\n|move|p2a: Dragapult|Phantom Force|p1a: Zacian|[from]lockedmove\n|-damage|p1a: Zacian|14\/100\n|-damage|p2a: Dragapult|91\/100|[from] item: Life Orb\n|move|p1a: Zacian|Play Rough|p2a: Dragapult\n|-supereffective|p2a: Dragapult\n|-damage|p2a: Dragapult|0 fnt\n|faint|p2a: Dragapult\n|\n|-weather|none\n|upkeep\n|\n|t:|1699272895\n|switch|p2a: Espathra|Espathra, F, shiny|100\/100\n|turn|9\n|\n|t:|1699272905\n|move|p1a: Zacian|Crunch|p2a: Espathra\n|-supereffective|p2a: Espathra\n|-damage|p2a: Espathra|0 fnt\n|faint|p2a: Espathra\n|\n|upkeep\n|c|\u2606OceanicGamer3|NO.\n|c|\u2606OceanicGamer3|IT DIDNT LET ME CANCEL\n|\n|t:|1699272921\n|switch|p2a: Alomomola|Alomomola, F, shiny|100\/100\n|turn|10\n|c|\u2606adpg.alt|Your Espathra not have bulk?\n|c|\u2606OceanicGamer3|STUPID MOBILE\n|c|\u2606OceanicGamer3|NO\n|\n|t:|1699272940\n|move|p1a: Zacian|Swords Dance|p1a: Zacian\n|-boost|p1a: Zacian|atk|2\n|move|p2a: Alomomola|Wish|p2a: Alomomola\n|\n|upkeep\n|turn|11\n|\n|t:|1699272945\n|move|p1a: Zacian|Play Rough|p2a: Alomomola\n|-damage|p2a: Alomomola|41\/100\n|move|p2a: Alomomola|Scald|p1a: Zacian\n|-damage|p1a: Zacian|2\/100\n|-status|p1a: Zacian|brn\n|\n|-heal|p2a: Alomomola|91\/100|[from] move: Wish|[wisher] Alomomola\n|-damage|p1a: Zacian|0 fnt|[from] brn\n|faint|p1a: Zacian\n|upkeep\n|\n|t:|1699272954\n|switch|p1a: Torkoal|Torkoal, F|100\/100\n|-weather|SunnyDay|[from] ability: Drought|[of] p1a: Torkoal\n|turn|12\n|c|\u2606OceanicGamer3|Rematch after?\n|\n|t:|1699272961\n|move|p2a: Alomomola|Safeguard|p2a: Alomomola\n|-sidestart|p2: OceanicGamer3|Safeguard\n|move|p1a: Torkoal|Yawn|p2a: Alomomola\n|-activate|p2a: Alomomola|move: Safeguard\n|\n|-weather|SunnyDay|[upkeep]\n|upkeep\n|turn|13\n|\n|t:|1699272967\n|switch|p1a: Walking Wake|Walking Wake, tera:Water|76\/100\n|-activate|p1a: Walking Wake|ability: Protosynthesis\n|-start|p1a: Walking Wake|protosynthesisspe\n|move|p2a: Alomomola|Wish|p2a: Alomomola\n|\n|-weather|SunnyDay|[upkeep]\n|upkeep\n|turn|14\n|\n|t:|1699272970\n|move|p1a: Walking Wake|Hydro Steam|p2a: Alomomola\n|-resisted|p2a: Alomomola\n|-damage|p2a: Alomomola|21\/100\n|move|p2a: Alomomola|Scald|p1a: Walking Wake\n|-resisted|p1a: Walking Wake\n|-damage|p1a: Walking Wake|73\/100\n|-status|p1a: Walking Wake|brn\n|\n|-weather|SunnyDay|[upkeep]\n|-heal|p2a: Alomomola|71\/100|[from] move: Wish|[wisher] Alomomola\n|-damage|p1a: Walking Wake|67\/100 brn|[from] brn\n|upkeep\n|turn|15\n|c|\u2606adpg.alt|Ok\n|\n|t:|1699272984\n|move|p1a: Walking Wake|Hydro Steam|p2a: Alomomola\n|-resisted|p2a: Alomomola\n|-damage|p2a: Alomomola|0 fnt\n|faint|p2a: Alomomola\n|\n|win|adpg.alt\n|c|\u2606OceanicGamer3|Gg\n|l|\u2606OceanicGamer3\n","uploadtime":1699273301,"views":7,"p1id":"adpgalt","p2id":"oceanicgamer3","formatid":"gen9ubers","rating":0,"private":0,"password":""}