{"id":"gen9ubers-1988497740","p1":"RudyFo0x","p2":"SianShouldShutUp","format":"[Gen 9] Ubers","log":"|j|\u2606RudyFo0x\n|j|\u2606SianShouldShutUp\n|t:|1699729329\n|gametype|singles\n|player|p1|RudyFo0x|1|\n|player|p2|SianShouldShutUp|lady|\n|teamsize|p1|6\n|teamsize|p2|6\n|gen|9\n|tier|[Gen 9] Ubers\n|rule|Sleep Clause Mod: Limit one foe put to sleep\n|rule|Species Clause: Limit one of each Pok\u00e9mon\n|rule|OHKO Clause: OHKO moves are banned\n|rule|Evasion Items Clause: Evasion items are banned\n|rule|Evasion Moves Clause: Evasion moves are banned\n|rule|Endless Battle Clause: Forcing endless battles is banned\n|rule|HP Percentage Mod: HP is shown in percentages\n|clearpoke\n|poke|p1|Roaring Moon|\n|poke|p1|Basculegion, M|\n|poke|p1|Torkoal, F|\n|poke|p1|Great Tusk|\n|poke|p1|Bronzong|\n|poke|p1|Thundurus, M|\n|poke|p2|Azumarill, F|\n|poke|p2|Scream Tail|\n|poke|p2|Typhlosion-Hisui, F|\n|poke|p2|Appletun, F|\n|poke|p2|Altaria, M|\n|poke|p2|Mismagius, M|\n|teampreview\n|l|\u2606RudyFo0x\n|player|p1|\n|j|\u2606RudyFo0x\n|player|p1|RudyFo0x|1\n|\n|t:|1699729399\n|start\n|switch|p1a: 50\/50|Bronzong|100\/100\n|switch|p2a: Azumarill|Azumarill, F|100\/100\n|turn|1\n|\n|t:|1699729438\n|switch|p1a: Floaterer|Thundurus, M|100\/100\n|move|p2a: Azumarill|Knock Off|p1a: Floaterer\n|-damage|p1a: Floaterer|40\/100\n|-enditem|p1a: Floaterer|Expert Belt|[from] move: Knock Off|[of] p2a: Azumarill\n|\n|upkeep\n|turn|2\n|\n|t:|1699729461\n|move|p1a: Floaterer|Volt Switch|p2a: Azumarill\n|-supereffective|p2a: Azumarill\n|-damage|p2a: Azumarill|21\/100\n|-enditem|p2a: Azumarill|Sitrus Berry|[eat]\n|-heal|p2a: Azumarill|46\/100|[from] item: Sitrus Berry\n|\n|t:|1699729472\n|switch|p1a: Swim Fast|Basculegion, M|100\/100|[from] Volt Switch\n|move|p2a: Azumarill|Play Rough|p1a: Swim Fast\n|-damage|p1a: Swim Fast|26\/100\n|\n|upkeep\n|turn|3\n|\n|t:|1699729534\n|move|p1a: Swim Fast|Shadow Ball|p2a: Azumarill\n|-damage|p2a: Azumarill|10\/100\n|move|p2a: Azumarill|Knock Off|p1a: Swim Fast\n|-supereffective|p1a: Swim Fast\n|-damage|p1a: Swim Fast|0 fnt\n|-enditem|p1a: Swim Fast|Choice Scarf|[from] move: Knock Off|[of] p2a: Azumarill\n|faint|p1a: Swim Fast\n|\n|upkeep\n|\n|t:|1699729542\n|switch|p1a: Floaterer|Thundurus, M|40\/100\n|turn|4\n|\n|t:|1699729552\n|switch|p2a: Appletun|Appletun, F|100\/100\n|move|p1a: Floaterer|Volt Switch|p2a: Appletun\n|-resisted|p2a: Appletun\n|-damage|p2a: Appletun|95\/100\n|\n|t:|1699729561\n|switch|p1a: Best of boys|Torkoal, F|100\/100|[from] Volt Switch\n|-weather|SunnyDay|[from] ability: Drought|[of] p1a: Best of boys\n|\n|-weather|SunnyDay|[upkeep]\n|upkeep\n|turn|5\n|\n|t:|1699729604\n|switch|p2a: Altaria|Altaria, M|100\/100\n|move|p1a: Best of boys|Overheat|p2a: Altaria\n|-resisted|p2a: Altaria\n|-damage|p2a: Altaria|72\/100\n|-unboost|p1a: Best of boys|spa|2\n|\n|-weather|SunnyDay|[upkeep]\n|upkeep\n|turn|6\n|\n|t:|1699729642\n|move|p2a: Altaria|Brave Bird|p1a: Best of boys\n|-damage|p1a: Best of boys|85\/100\n|-damage|p2a: Altaria|67\/100|[from] Recoil\n|move|p1a: Best of boys|Gyro Ball|p2a: Altaria\n|-damage|p2a: Altaria|45\/100\n|\n|-weather|SunnyDay|[upkeep]\n|upkeep\n|turn|7\n|\n|t:|1699729651\n|move|p2a: Altaria|Roost|p2a: Altaria\n|-heal|p2a: Altaria|95\/100\n|-singleturn|p2a: Altaria|move: Roost\n|move|p1a: Best of boys|Overheat|p2a: Altaria\n|-resisted|p2a: Altaria\n|-damage|p2a: Altaria|81\/100\n|-unboost|p1a: Best of boys|spa|2\n|\n|-weather|SunnyDay|[upkeep]\n|upkeep\n|turn|8\n|j| ArchBaka\n|\n|t:|1699729670\n|move|p2a: Altaria|Brave Bird|p1a: Best of boys\n|-damage|p1a: Best of boys|66\/100\n|-damage|p2a: Altaria|75\/100|[from] Recoil\n|move|p1a: Best of boys|Gyro Ball|p2a: Altaria\n|-damage|p2a: Altaria|50\/100\n|\n|-weather|none\n|upkeep\n|turn|9\n|\n|t:|1699729678\n|move|p2a: Altaria|Roost|p2a: Altaria\n|-heal|p2a: Altaria|100\/100\n|-singleturn|p2a: Altaria|move: Roost\n|move|p1a: Best of boys|Gyro Ball|p2a: Altaria\n|-damage|p2a: Altaria|77\/100\n|\n|upkeep\n|turn|10\n|\n|t:|1699729695\n|switch|p2a: Scream Tail|Scream Tail|100\/100\n|move|p1a: Best of boys|Earthquake|p2a: Scream Tail\n|-damage|p2a: Scream Tail|86\/100\n|\n|-heal|p2a: Scream Tail|92\/100|[from] item: Leftovers\n|upkeep\n|turn|11\n|\n|t:|1699729716\n|move|p2a: Scream Tail|Wish|p2a: Scream Tail\n|move|p1a: Best of boys|Gyro Ball|p2a: Scream Tail\n|-supereffective|p2a: Scream Tail\n|-damage|p2a: Scream Tail|46\/100\n|\n|-heal|p2a: Scream Tail|52\/100|[from] item: Leftovers\n|upkeep\n|turn|12\n|\n|t:|1699729722\n|-end|p2a: Scream Tail|Protosynthesis|[silent]\n|switch|p2a: Azumarill|Azumarill, F|10\/100\n|move|p1a: Best of boys|Gyro Ball|p2a: Azumarill\n|-damage|p2a: Azumarill|0 fnt\n|faint|p2a: Azumarill\n|\n|upkeep\n|\n|t:|1699729735\n|switch|p2a: Mismagius|Mismagius, M|100\/100\n|turn|13\n|\n|t:|1699729761\n|move|p2a: Mismagius|Shadow Ball|p1a: Best of boys\n|-damage|p1a: Best of boys|19\/100\n|move|p1a: Best of boys|Gyro Ball|p2a: Mismagius\n|-crit|p2a: Mismagius\n|-damage|p2a: Mismagius|16\/100\n|\n|-heal|p2a: Mismagius|22\/100|[from] item: Leftovers\n|upkeep\n|turn|14\n|\n|t:|1699729769\n|move|p2a: Mismagius|Destiny Bond|p2a: Mismagius\n|-singlemove|p2a: Mismagius|Destiny Bond\n|move|p1a: Best of boys|Gyro Ball|p2a: Mismagius\n|-damage|p2a: Mismagius|0 fnt\n|faint|p2a: Mismagius\n|-activate|p2a: Mismagius|move: Destiny Bond\n|faint|p1a: Best of boys\n|\n|upkeep\n|\n|t:|1699729786\n|switch|p2a: Typhlosion|Typhlosion-Hisui, F|100\/100\n|switch|p1a: Knocked off|Roaring Moon|100\/100\n|-item|p1a: Knocked off|Booster Energy|[from] ability: Frisk|[of] p2a: Typhlosion|[identify]\n|-enditem|p1a: Knocked off|Booster Energy\n|-activate|p1a: Knocked off|ability: Protosynthesis|[fromitem]\n|-start|p1a: Knocked off|protosynthesisatk\n|turn|15\n|\n|t:|1699729815\n|switch|p2a: Scream Tail|Scream Tail|52\/100\n|move|p1a: Knocked off|Knock Off|p2a: Scream Tail\n|-damage|p2a: Scream Tail|0 fnt\n|-enditem|p2a: Scream Tail|Leftovers|[from] move: Knock Off|[of] p1a: Knocked off\n|faint|p2a: Scream Tail\n|-end|p2a: Scream Tail|Protosynthesis|[silent]\n|\n|upkeep\n|\n|t:|1699729825\n|switch|p2a: Altaria|Altaria, M|77\/100\n|turn|16\n|\n|t:|1699729833\n|move|p1a: Knocked off|Knock Off|p2a: Altaria\n|-damage|p2a: Altaria|10\/100\n|-enditem|p2a: Altaria|Heavy-Duty Boots|[from] move: Knock Off|[of] p1a: Knocked off\n|move|p2a: Altaria|Brave Bird|p1a: Knocked off\n|-damage|p1a: Knocked off|55\/100\n|-damage|p2a: Altaria|0 fnt|[from] Recoil\n|faint|p2a: Altaria\n|\n|upkeep\n|\n|t:|1699729856\n|switch|p2a: Appletun|Appletun, F|95\/100\n|turn|17\n|\n|t:|1699729861\n|move|p1a: Knocked off|Knock Off|p2a: Appletun\n|-damage|p2a: Appletun|27\/100\n|-enditem|p2a: Appletun|Heavy-Duty Boots|[from] move: Knock Off|[of] p1a: Knocked off\n|move|p2a: Appletun|Leech Seed|p1a: Knocked off\n|-start|p1a: Knocked off|move: Leech Seed\n|\n|-damage|p1a: Knocked off|43\/100|[from] Leech Seed|[of] p2a: Appletun\n|-heal|p2a: Appletun|37\/100|[silent]\n|upkeep\n|turn|18\n|\n|t:|1699729870\n|move|p1a: Knocked off|Knock Off|p2a: Appletun\n|-damage|p2a: Appletun|0 fnt\n|faint|p2a: Appletun\n|\n|upkeep\n|\n|t:|1699729874\n|switch|p2a: Typhlosion|Typhlosion-Hisui, F|100\/100\n|turn|19\n|\n|t:|1699729884\n|-terastallize|p2a: Typhlosion|Fire\n|move|p1a: Knocked off|Knock Off|p2a: Typhlosion\n|-damage|p2a: Typhlosion|0 fnt\n|-enditem|p2a: Typhlosion|Heavy-Duty Boots|[from] move: Knock Off|[of] p1a: Knocked off\n|faint|p2a: Typhlosion\n|\n|win|RudyFo0x\n","uploadtime":1699729899,"views":7,"p1id":"rudyfo0x","p2id":"sianshouldshutup","formatid":"gen9ubers","rating":0,"private":0,"password":""}