{"id":"gen9ubers-1989264890","p1":"GymLeaderCaylum","p2":"fusfck","format":"[Gen 9] Ubers","log":"|j|\u2606GymLeaderCaylum\n|j|\u2606fusfck\n|t:|1699829587\n|gametype|singles\n|player|p1|GymLeaderCaylum|unknown|1000\n|player|p2|fusfck|hilbert|1036\n|teamsize|p1|6\n|teamsize|p2|6\n|gen|9\n|tier|[Gen 9] Ubers\n|rated|\n|rule|Sleep Clause Mod: Limit one foe put to sleep\n|rule|Species Clause: Limit one of each Pok\u00e9mon\n|rule|OHKO Clause: OHKO moves are banned\n|rule|Evasion Items Clause: Evasion items are banned\n|rule|Evasion Moves Clause: Evasion moves are banned\n|rule|Endless Battle Clause: Forcing endless battles is banned\n|rule|HP Percentage Mod: HP is shown in percentages\n|clearpoke\n|poke|p1|Marill, L45, F|\n|poke|p1|Sylveon, L51, F|\n|poke|p1|Clefable, L63, F|\n|poke|p1|Hatterene, L65, F|\n|poke|p1|Iron Valiant, L70|\n|poke|p1|Zacian-*, L95|\n|poke|p2|Arcanine-Hisui, F|\n|poke|p2|Rillaboom, F|\n|poke|p2|Dragapult, F|\n|poke|p2|Kilowattrel, F|\n|poke|p2|Baxcalibur, F|\n|poke|p2|Goodra-Hisui, M|\n|teampreview\n|\n|t:|1699829599\n|start\n|switch|p1a: Marill|Marill, L45, F|100\/100\n|switch|p2a: Rillaboom|Rillaboom, F|100\/100\n|-fieldstart|move: Grassy Terrain|[from] ability: Grassy Surge|[of] p2a: Rillaboom\n|turn|1\n|\n|t:|1699829610\n|-singleturn|p1a: Marill|move: Focus Punch\n|move|p2a: Rillaboom|Fake Out|p1a: Marill\n|-damage|p1a: Marill|0 fnt\n|faint|p1a: Marill\n|\n|upkeep\n|\n|t:|1699829617\n|switch|p1a: Sylveon|Sylveon, L51, F|100\/100\n|turn|2\n|\n|t:|1699829632\n|move|p2a: Rillaboom|U-turn|p1a: Sylveon\n|-resisted|p1a: Sylveon\n|-damage|p1a: Sylveon|37\/100\n|\n|t:|1699829639\n|switch|p2a: Goodra|Goodra-Hisui, M|100\/100|[from] U-turn\n|move|p1a: Sylveon|Draining Kiss|p2a: Goodra\n|-damage|p2a: Goodra|97\/100\n|-heal|p1a: Sylveon|43\/100|[from] drain|[of] p2a: Goodra\n|-ability|p2a: Goodra|Gooey\n|-unboost|p1a: Sylveon|spe|1\n|\n|-heal|p2a: Goodra|100\/100|[from] Grassy Terrain\n|-heal|p1a: Sylveon|48\/100|[from] Grassy Terrain\n|-heal|p1a: Sylveon|54\/100|[from] item: Leftovers\n|upkeep\n|turn|3\n|\n|t:|1699829657\n|move|p2a: Goodra|Iron Head|p1a: Sylveon\n|-supereffective|p1a: Sylveon\n|-damage|p1a: Sylveon|0 fnt\n|faint|p1a: Sylveon\n|\n|upkeep\n|\n|t:|1699829663\n|switch|p1a: Clefable|Clefable, L63, F, shiny|100\/100\n|turn|4\n|\n|t:|1699829683\n|move|p2a: Goodra|Iron Head|p1a: Clefable\n|-supereffective|p1a: Clefable\n|-damage|p1a: Clefable|0 fnt\n|faint|p1a: Clefable\n|\n|upkeep\n|\n|t:|1699829689\n|switch|p1a: Hatterene|Hatterene, L65, F, shiny|100\/100\n|turn|5\n|\n|t:|1699829695\n|move|p2a: Goodra|Iron Head|p1a: Hatterene\n|-supereffective|p1a: Hatterene\n|-damage|p1a: Hatterene|0 fnt\n|faint|p1a: Hatterene\n|\n|-fieldend|move: Grassy Terrain\n|upkeep\n|\n|t:|1699829701\n|switch|p1a: Iron Valiant|Iron Valiant, L70, shiny|100\/100\n|turn|6\n|\n|t:|1699829713\n|move|p1a: Iron Valiant|Close Combat|p2a: Goodra\n|-supereffective|p2a: Goodra\n|-damage|p2a: Goodra|54\/100\n|-unboost|p1a: Iron Valiant|def|1\n|-unboost|p1a: Iron Valiant|spd|1\n|-ability|p2a: Goodra|Gooey\n|-unboost|p1a: Iron Valiant|spe|1\n|move|p2a: Goodra|Acid Armor|p2a: Goodra\n|-boost|p2a: Goodra|def|2\n|\n|-heal|p2a: Goodra|60\/100|[from] item: Leftovers\n|upkeep\n|turn|7\n|\n|t:|1699829726\n|move|p2a: Goodra|Iron Head|p1a: Iron Valiant\n|-supereffective|p1a: Iron Valiant\n|-damage|p1a: Iron Valiant|0 fnt\n|faint|p1a: Iron Valiant\n|-end|p1a: Iron Valiant|Quark Drive|[silent]\n|\n|-heal|p2a: Goodra|66\/100|[from] item: Leftovers\n|upkeep\n|\n|t:|1699829733\n|switch|p1a: Zacian|Zacian-Crowned, L95|100\/100\n|-ability|p1a: Zacian|Intrepid Sword|boost\n|-boost|p1a: Zacian|atk|1\n|turn|8\n|\n|t:|1699829751\n|-terastallize|p1a: Zacian|Fairy\n|move|p1a: Zacian|Play Rough|p2a: Goodra\n|-damage|p2a: Goodra|22\/100\n|-ability|p2a: Goodra|Gooey\n|-unboost|p1a: Zacian|spe|1\n|move|p2a: Goodra|Iron Head|p1a: Zacian\n|-supereffective|p1a: Zacian\n|-damage|p1a: Zacian|17\/100\n|\n|-heal|p2a: Goodra|29\/100|[from] item: Leftovers\n|upkeep\n|turn|9\n|\n|t:|1699829770\n|move|p1a: Zacian|Behemoth Blade|p2a: Goodra\n|-resisted|p2a: Goodra\n|-damage|p2a: Goodra|11\/100\n|-ability|p2a: Goodra|Gooey\n|-unboost|p1a: Zacian|spe|1\n|move|p2a: Goodra|Iron Head|p1a: Zacian\n|-supereffective|p1a: Zacian\n|-damage|p1a: Zacian|0 fnt\n|faint|p1a: Zacian\n|\n|win|fusfck\n|raw|GymLeaderCaylum's rating: 1000 &rarr; <strong>1000<\/strong><br \/>(+0 for losing)\n|raw|fusfck's rating: 1036 &rarr; <strong>1067<\/strong><br \/>(+31 for winning)\n|c|\u2606fusfck|gg\n","uploadtime":1699829788,"views":23,"p1id":"gymleadercaylum","p2id":"fusfck","formatid":"gen9ubers","rating":1000,"private":0,"password":""}