{"id":"gen9ubers-1985551427","p1":"HinaKagiyama1","p2":"Leo Justice","format":"[Gen 9] Ubers","log":"|j|\u2606HinaKagiyama1\n|j|\u2606Leo Justice\n|t:|1699383938\n|gametype|singles\n|player|p1|HinaKagiyama1|2|\n|player|p2|Leo Justice|carmine|\n|teamsize|p1|6\n|teamsize|p2|6\n|gen|9\n|tier|[Gen 9] Ubers\n|rule|Sleep Clause Mod: Limit one foe put to sleep\n|rule|Species Clause: Limit one of each Pok\u00e9mon\n|rule|OHKO Clause: OHKO moves are banned\n|rule|Evasion Items Clause: Evasion items are banned\n|rule|Evasion Moves Clause: Evasion moves are banned\n|rule|Endless Battle Clause: Forcing endless battles is banned\n|rule|HP Percentage Mod: HP is shown in percentages\n|clearpoke\n|poke|p1|Ninetales-Alola, M|\n|poke|p1|Cyclizar, F|\n|poke|p1|Baxcalibur, M|\n|poke|p1|Froslass, F|\n|poke|p1|Chi-Yu|\n|poke|p1|Dragonite, F|\n|poke|p2|Roaring Moon|\n|poke|p2|Magearna|\n|poke|p2|Shaymin-Sky|\n|poke|p2|Arceus-Ghost|\n|poke|p2|Dialga|\n|poke|p2|Palkia-Origin|\n|teampreview\n|\n|t:|1699383948\n|start\n|switch|p1a: Chi-Yu|Chi-Yu|100\/100\n|switch|p2a: Dialga|Dialga|100\/100\n|-ability|p1a: Chi-Yu|Beads of Ruin\n|-ability|p2a: Dialga|Pressure\n|turn|1\n|\n|t:|1699383960\n|switch|p2a: Roaring Moon|Roaring Moon|100\/100\n|-enditem|p2a: Roaring Moon|Booster Energy\n|-activate|p2a: Roaring Moon|ability: Protosynthesis|[fromitem]\n|-start|p2a: Roaring Moon|protosynthesisatk\n|move|p1a: Chi-Yu|Dark Pulse|p2a: Roaring Moon\n|-resisted|p2a: Roaring Moon\n|-damage|p2a: Roaring Moon|70\/100\n|\n|upkeep\n|turn|2\n|\n|t:|1699383969\n|switch|p1a: Ninetales|Ninetales-Alola, M|100\/100\n|-weather|Snow|[from] ability: Snow Warning|[of] p1a: Ninetales\n|move|p2a: Roaring Moon|Dragon Dance|p2a: Roaring Moon\n|-boost|p2a: Roaring Moon|atk|1\n|-boost|p2a: Roaring Moon|spe|1\n|\n|-weather|Snow|[upkeep]\n|upkeep\n|turn|3\n|\n|t:|1699383976\n|-terastallize|p2a: Roaring Moon|Flying\n|move|p2a: Roaring Moon|Acrobatics|p1a: Ninetales\n|-damage|p1a: Ninetales|0 fnt\n|faint|p1a: Ninetales\n|\n|-weather|Snow|[upkeep]\n|upkeep\n|\n|t:|1699383981\n|switch|p1a: Froslass|Froslass, F|100\/100\n|turn|4\n|\n|t:|1699383983\n|move|p2a: Roaring Moon|Knock Off|p1a: Froslass|[miss]\n|-miss|p2a: Roaring Moon|p1a: Froslass\n|move|p1a: Froslass|Blizzard|p2a: Roaring Moon\n|-supereffective|p2a: Roaring Moon\n|-damage|p2a: Roaring Moon|0 fnt\n|faint|p2a: Roaring Moon\n|-end|p2a: Roaring Moon|Protosynthesis|[silent]\n|\n|-weather|Snow|[upkeep]\n|upkeep\n|\n|t:|1699383991\n|switch|p2a: Dialga|Dialga|100\/100\n|-ability|p2a: Dialga|Pressure\n|turn|5\n|c|\u2606HinaKagiyama1|Oh no\n|c|\u2606HinaKagiyama1|you missed :0\n|\n|t:|1699384002\n|switch|p1a: Chi-Yu|Chi-Yu|100\/100\n|-ability|p1a: Chi-Yu|Beads of Ruin\n|move|p2a: Dialga|Stealth Rock|p1a: Chi-Yu\n|-sidestart|p1: HinaKagiyama1|move: Stealth Rock\n|\n|-weather|Snow|[upkeep]\n|upkeep\n|turn|6\n|\n|t:|1699384012\n|move|p1a: Chi-Yu|Dark Pulse|p2a: Dialga\n|-damage|p2a: Dialga|60\/100\n|cant|p2a: Dialga|flinch\n|\n|-weather|Snow|[upkeep]\n|-heal|p2a: Dialga|67\/100|[from] item: Leftovers\n|upkeep\n|turn|7\n|\n|t:|1699384017\n|switch|p2a: Magearna|Magearna|100\/100\n|move|p1a: Chi-Yu|Dark Pulse|p2a: Magearna\n|-resisted|p2a: Magearna\n|-crit|p2a: Magearna\n|-damage|p2a: Magearna|61\/100\n|\n|-weather|Snow|[upkeep]\n|-heal|p2a: Magearna|68\/100|[from] item: Leftovers\n|upkeep\n|turn|8\n|\n|t:|1699384023\n|switch|p1a: Cyclizar|Cyclizar, F|100\/100\n|move|p2a: Magearna|Thunder Wave|p1a: Cyclizar\n|-status|p1a: Cyclizar|par\n|\n|-weather|Snow|[upkeep]\n|-heal|p2a: Magearna|74\/100|[from] item: Leftovers\n|upkeep\n|turn|9\n|\n|t:|1699384027\n|switch|p2a: Arceus|Arceus-Ghost|100\/100\n|move|p1a: Cyclizar|Rapid Spin|p2a: Arceus\n|-immune|p2a: Arceus\n|\n|-weather|none\n|upkeep\n|turn|10\n|\n|t:|1699384033\n|move|p2a: Arceus|Swords Dance|p2a: Arceus\n|-boost|p2a: Arceus|atk|2\n|move|p1a: Cyclizar|Shed Tail|p1a: Cyclizar\n|-start|p1a: Cyclizar|Substitute|[from] move: Shed Tail\n|-damage|p1a: Cyclizar|50\/100 par\n|\n|t:|1699384040\n|switch|p1a: Chi-Yu|Chi-Yu|100\/100|[from] Shed Tail\n|-damage|p1a: Chi-Yu|75\/100|[from] Stealth Rock\n|-ability|p1a: Chi-Yu|Beads of Ruin\n|\n|upkeep\n|turn|11\n|\n|t:|1699384057\n|-terastallize|p1a: Chi-Yu|Dark\n|move|p2a: Arceus|Extreme Speed|p1a: Chi-Yu\n|-crit|p1a: Chi-Yu\n|-end|p1a: Chi-Yu|Substitute\n|move|p1a: Chi-Yu|Dark Pulse|p2a: Arceus\n|-supereffective|p2a: Arceus\n|-damage|p2a: Arceus|0 fnt\n|faint|p2a: Arceus\n|\n|upkeep\n|\n|t:|1699384065\n|switch|p2a: Magearna|Magearna|74\/100\n|turn|12\n|\n|t:|1699384067\n|move|p1a: Chi-Yu|Dark Pulse|p2a: Magearna\n|-resisted|p2a: Magearna\n|-crit|p2a: Magearna\n|-damage|p2a: Magearna|18\/100\n|cant|p2a: Magearna|flinch\n|\n|-heal|p2a: Magearna|24\/100|[from] item: Leftovers\n|upkeep\n|turn|13\n|\n|t:|1699384074\n|move|p1a: Chi-Yu|Dark Pulse|p2a: Magearna\n|-resisted|p2a: Magearna\n|-damage|p2a: Magearna|0 fnt\n|faint|p2a: Magearna\n|\n|upkeep\n|\n|t:|1699384079\n|switch|p2a: Shaymin|Shaymin-Sky|100\/100\n|turn|14\n|c|\u2606HinaKagiyama1|Thats unlucky\n|\n|t:|1699384082\n|move|p1a: Chi-Yu|Dark Pulse|p2a: Shaymin\n|-damage|p2a: Shaymin|0 fnt\n|faint|p2a: Shaymin\n|\n|upkeep\n|\n|t:|1699384086\n|switch|p2a: Dialga|Dialga|67\/100\n|-ability|p2a: Dialga|Pressure\n|turn|15\n|\n|t:|1699384088\n|move|p1a: Chi-Yu|Dark Pulse|p2a: Dialga\n|-damage|p2a: Dialga|18\/100\n|move|p2a: Dialga|Draco Meteor|p1a: Chi-Yu|[miss]\n|-miss|p2a: Dialga|p1a: Chi-Yu\n|\n|-heal|p2a: Dialga|24\/100|[from] item: Leftovers\n|upkeep\n|turn|16\n|c|\u2606HinaKagiyama1|Pfft\n|c|\u2606Leo Justice|Unfortunate doesn't even begin to describe my series\n|\n|t:|1699384108\n|move|p1a: Chi-Yu|Dark Pulse|p2a: Dialga\n|-damage|p2a: Dialga|0 fnt\n|faint|p2a: Dialga\n|\n|upkeep\n|\n|t:|1699384109\n|switch|p2a: Palkia|Palkia-Origin|100\/100\n|-ability|p2a: Palkia|Pressure\n|turn|17\n|\n|t:|1699384112\n|move|p1a: Chi-Yu|Dark Pulse|p2a: Palkia\n|-damage|p2a: Palkia|24\/100\n|move|p2a: Palkia|Hydro Pump|p1a: Chi-Yu\n|-damage|p1a: Chi-Yu|0 fnt\n|faint|p1a: Chi-Yu\n|\n|upkeep\n|\n|t:|1699384119\n|switch|p1a: Dragonite|Dragonite, F|100\/100\n|turn|18\n|\n|t:|1699384121\n|move|p2a: Palkia|Spacial Rend|p1a: Dragonite\n|-supereffective|p1a: Dragonite\n|-crit|p1a: Dragonite\n|-damage|p1a: Dragonite|0 fnt\n|faint|p1a: Dragonite\n|\n|upkeep\n|c|\u2606HinaKagiyama1|Oh\n|\n|t:|1699384131\n|switch|p1a: Froslass|Froslass, F|100\/100\n|-damage|p1a: Froslass|76\/100|[from] Stealth Rock\n|turn|19\n|\n|t:|1699384137\n|move|p2a: Palkia|Spacial Rend|p1a: Froslass\n|-damage|p1a: Froslass|0 fnt\n|faint|p1a: Froslass\n|\n|upkeep\n|c|\u2606HinaKagiyama1|Oh no\n|\n|t:|1699384148\n|switch|p1a: Cyclizar|Cyclizar, F|84\/100 par\n|turn|20\n|\n|t:|1699384151\n|move|p2a: Palkia|Spacial Rend|p1a: Cyclizar\n|-supereffective|p1a: Cyclizar\n|-damage|p1a: Cyclizar|0 fnt\n|faint|p1a: Cyclizar\n|\n|upkeep\n|\n|t:|1699384153\n|switch|p1a: Baxcalibur|Baxcalibur, M|100\/100\n|-damage|p1a: Baxcalibur|75\/100|[from] Stealth Rock\n|turn|21\n|\n|t:|1699384156\n|move|p2a: Palkia|Spacial Rend|p1a: Baxcalibur\n|-supereffective|p1a: Baxcalibur\n|-damage|p1a: Baxcalibur|0 fnt\n|faint|p1a: Baxcalibur\n|\n|win|Leo Justice\n|c|\u2606Leo Justice|GG\n|c|\u2606HinaKagiyama1|Welp\n|c|\u2606Leo Justice|LMAOOO\n|c|\u2606Leo Justice|Funniest match tbh\n|c|\u2606HinaKagiyama1|This is why palkia should be banned xD\n","uploadtime":1699384175,"views":4,"p1id":"hinakagiyama1","p2id":"leojustice","formatid":"gen9ubers","rating":0,"private":0,"password":""}