{"id":"gen9ubers-1977686429","p1":"no more freeze","p2":"Fraudulent One","format":"[Gen 9] Ubers","log":"|j|\u2606no more freeze\n|j|\u2606Fraudulent One\n|t:|1698438643\n|gametype|singles\n|player|p1|no more freeze|101|1348\n|player|p2|Fraudulent One|265|1496\n|teamsize|p1|6\n|teamsize|p2|6\n|gen|9\n|tier|[Gen 9] Ubers\n|rated|\n|rule|Sleep Clause Mod: Limit one foe put to sleep\n|rule|Species Clause: Limit one of each Pok\u00e9mon\n|rule|OHKO Clause: OHKO moves are banned\n|rule|Evasion Items Clause: Evasion items are banned\n|rule|Evasion Moves Clause: Evasion moves are banned\n|rule|Endless Battle Clause: Forcing endless battles is banned\n|rule|HP Percentage Mod: HP is shown in percentages\n|clearpoke\n|poke|p1|Ribombee, M|\n|poke|p1|Koraidon|\n|poke|p1|Arceus-Ghost|\n|poke|p1|Zacian-*|\n|poke|p1|Baxcalibur, M|\n|poke|p1|Great Tusk|\n|poke|p2|Rayquaza|\n|poke|p2|Arceus|\n|poke|p2|Zacian-*|\n|poke|p2|Eternatus|\n|poke|p2|Miraidon|\n|poke|p2|Koraidon|\n|teampreview\n|inactive|Battle timer is ON: inactive players will automatically lose when time's up. (requested by no more freeze)\n|\n|t:|1698438648\n|start\n|switch|p1a: Sticky Mantis|Ribombee, M|100\/100\n|switch|p2a: Koraidon|Koraidon|100\/100\n|-weather|SunnyDay|[from] ability: Orichalcum Pulse|[of] p2a: Koraidon\n|-activate|p2a: Koraidon|Orichalcum Pulse|[source]\n|turn|1\n|\n|t:|1698438652\n|move|p2a: Koraidon|Taunt|p1a: Sticky Mantis\n|-start|p1a: Sticky Mantis|move: Taunt\n|cant|p1a: Sticky Mantis|move: Taunt|Tailwind\n|\n|-weather|SunnyDay|[upkeep]\n|upkeep\n|turn|2\n|\n|t:|1698438654\n|-terastallize|p2a: Koraidon|Fire\n|move|p2a: Koraidon|Flare Blitz|p1a: Sticky Mantis\n|-supereffective|p1a: Sticky Mantis\n|-enditem|p1a: Sticky Mantis|Focus Sash\n|-damage|p1a: Sticky Mantis|1\/100\n|-damage|p2a: Koraidon|75\/100|[from] Recoil\n|move|p1a: Sticky Mantis|Moonblast|p2a: Koraidon\n|-resisted|p2a: Koraidon\n|-damage|p2a: Koraidon|55\/100\n|\n|-weather|SunnyDay|[upkeep]\n|upkeep\n|turn|3\n|\n|t:|1698438672\n|switch|p1a: The Sorrow|Arceus-Ghost|100\/100\n|move|p2a: Koraidon|Flare Blitz|p1a: The Sorrow\n|-damage|p1a: The Sorrow|33\/100\n|-damage|p2a: Koraidon|26\/100|[from] Recoil\n|\n|-weather|SunnyDay|[upkeep]\n|upkeep\n|turn|4\n|\n|t:|1698438678\n|move|p2a: Koraidon|Flare Blitz|p1a: The Sorrow\n|-damage|p1a: The Sorrow|0 fnt\n|faint|p1a: The Sorrow\n|-damage|p2a: Koraidon|12\/100|[from] Recoil\n|\n|-weather|SunnyDay|[upkeep]\n|upkeep\n|\n|t:|1698438681\n|switch|p1a: Sweeper Snake|Koraidon|100\/100\n|-activate|p1a: Sweeper Snake|ability: Orichalcum Pulse\n|turn|5\n|\n|t:|1698438685\n|move|p1a: Sweeper Snake|Scale Shot|p2a: Koraidon|[miss]\n|-miss|p1a: Sweeper Snake|p2a: Koraidon\n|move|p2a: Koraidon|Flare Blitz|p1a: Sweeper Snake\n|-resisted|p1a: Sweeper Snake\n|-damage|p1a: Sweeper Snake|45\/100\n|-damage|p2a: Koraidon|0 fnt|[from] Recoil\n|faint|p2a: Koraidon\n|\n|-weather|none\n|upkeep\n|\n|t:|1698438692\n|switch|p2a: Zacian|Zacian-Crowned|100\/100\n|-ability|p2a: Zacian|Intrepid Sword|boost\n|-boost|p2a: Zacian|atk|1\n|turn|6\n|\n|t:|1698438696\n|move|p2a: Zacian|Substitute|p2a: Zacian\n|-start|p2a: Zacian|Substitute\n|-damage|p2a: Zacian|76\/100\n|move|p1a: Sweeper Snake|Flare Blitz|p2a: Zacian\n|-supereffective|p2a: Zacian\n|-end|p2a: Zacian|Substitute\n|-damage|p1a: Sweeper Snake|37\/100|[from] Recoil|[of] p2a: Zacian\n|\n|upkeep\n|turn|7\n|\n|t:|1698438700\n|move|p2a: Zacian|Behemoth Blade|p1a: Sweeper Snake\n|-damage|p1a: Sweeper Snake|0 fnt\n|faint|p1a: Sweeper Snake\n|\n|upkeep\n|\n|t:|1698438705\n|switch|p1a: FOXHOUND|Zacian-Crowned|100\/100\n|-ability|p1a: FOXHOUND|Intrepid Sword|boost\n|-boost|p1a: FOXHOUND|atk|1\n|turn|8\n|\n|t:|1698438720\n|switch|p2a: Miraidon|Miraidon|100\/100\n|-fieldstart|move: Electric Terrain|[from] ability: Hadron Engine|[of] p2a: Miraidon\n|move|p1a: FOXHOUND|Behemoth Blade|p2a: Miraidon\n|-resisted|p2a: Miraidon\n|-damage|p2a: Miraidon|54\/100\n|\n|upkeep\n|turn|9\n|\n|t:|1698438728\n|move|p1a: FOXHOUND|Play Rough|p2a: Miraidon\n|-supereffective|p2a: Miraidon\n|-damage|p2a: Miraidon|0 fnt\n|faint|p2a: Miraidon\n|\n|upkeep\n|\n|t:|1698438731\n|switch|p2a: Rayquaza|Rayquaza|100\/100\n|-ability|p2a: Rayquaza|Air Lock\n|turn|10\n|\n|t:|1698438736\n|move|p1a: FOXHOUND|Play Rough|p2a: Rayquaza\n|-supereffective|p2a: Rayquaza\n|-enditem|p2a: Rayquaza|Focus Sash\n|-damage|p2a: Rayquaza|1\/100\n|move|p2a: Rayquaza|Icy Wind|p1a: FOXHOUND\n|-resisted|p1a: FOXHOUND\n|-damage|p1a: FOXHOUND|91\/100\n|-unboost|p1a: FOXHOUND|spe|1\n|\n|upkeep\n|turn|11\n|\n|t:|1698438745\n|move|p2a: Rayquaza|Stealth Rock|p1a: FOXHOUND\n|-sidestart|p1: no more freeze|move: Stealth Rock\n|move|p1a: FOXHOUND|Behemoth Blade|p2a: Rayquaza\n|-crit|p2a: Rayquaza\n|-damage|p2a: Rayquaza|0 fnt\n|faint|p2a: Rayquaza\n|\n|upkeep\n|\n|t:|1698438747\n|switch|p2a: Eternatus|Eternatus, shiny|100\/100\n|-ability|p2a: Eternatus|Pressure\n|turn|12\n|\n|t:|1698438752\n|switch|p1a: Revolver Tusk|Great Tusk|100\/100\n|move|p2a: Eternatus|Fire Blast|p1a: Revolver Tusk|[miss]\n|-miss|p2a: Eternatus|p1a: Revolver Tusk\n|\n|-fieldend|move: Electric Terrain\n|upkeep\n|turn|13\n|\n|t:|1698438762\n|move|p2a: Eternatus|Dynamax Cannon|p1a: Revolver Tusk\n|-damage|p1a: Revolver Tusk|0 fnt\n|faint|p1a: Revolver Tusk\n|-end|p1a: Revolver Tusk|Protosynthesis|[silent]\n|-damage|p2a: Eternatus|91\/100|[from] item: Life Orb\n|\n|upkeep\n|\n|t:|1698438769\n|switch|p1a: Meta Gear REX|Baxcalibur, M|100\/100\n|-damage|p1a: Meta Gear REX|76\/100|[from] Stealth Rock\n|turn|14\n|\n|t:|1698438774\n|-terastallize|p1a: Meta Gear REX|Steel\n|move|p2a: Eternatus|Sludge Bomb|p1a: Meta Gear REX\n|-immune|p1a: Meta Gear REX\n|move|p1a: Meta Gear REX|Scale Shot|p2a: Eternatus\n|-supereffective|p2a: Eternatus\n|-damage|p2a: Eternatus|67\/100\n|-supereffective|p2a: Eternatus\n|-damage|p2a: Eternatus|42\/100\n|-supereffective|p2a: Eternatus\n|-damage|p2a: Eternatus|19\/100\n|-supereffective|p2a: Eternatus\n|-damage|p2a: Eternatus|0 fnt\n|faint|p2a: Eternatus\n|-hitcount|p2: Eternatus|4\n|-unboost|p1a: Meta Gear REX|def|1\n|-boost|p1a: Meta Gear REX|spe|1\n|\n|upkeep\n|\n|t:|1698438783\n|switch|p2a: Arceus|Arceus|100\/100\n|turn|15\n|\n|t:|1698438787\n|move|p1a: Meta Gear REX|Icicle Spear|p2a: Arceus\n|-damage|p2a: Arceus|90\/100\n|-damage|p2a: Arceus|80\/100\n|-damage|p2a: Arceus|68\/100\n|-damage|p2a: Arceus|58\/100\n|-damage|p2a: Arceus|46\/100\n|-hitcount|p2a: Arceus|5\n|move|p2a: Arceus|Swords Dance|p2a: Arceus\n|-boost|p2a: Arceus|atk|2\n|\n|upkeep\n|turn|16\n|\n|t:|1698438791\n|move|p2a: Arceus|Extreme Speed|p1a: Meta Gear REX\n|-resisted|p1a: Meta Gear REX\n|-damage|p1a: Meta Gear REX|0 fnt\n|faint|p1a: Meta Gear REX\n|\n|upkeep\n|\n|t:|1698438792\n|switch|p1a: FOXHOUND|Zacian-Crowned|91\/100\n|-damage|p1a: FOXHOUND|84\/100|[from] Stealth Rock\n|turn|17\n|\n|t:|1698438795\n|move|p2a: Arceus|Extreme Speed|p1a: FOXHOUND\n|-resisted|p1a: FOXHOUND\n|-damage|p1a: FOXHOUND|37\/100\n|move|p1a: FOXHOUND|Behemoth Blade|p2a: Arceus\n|-damage|p2a: Arceus|1\/100\n|\n|upkeep\n|turn|18\n|\n|t:|1698438800\n|move|p2a: Arceus|Extreme Speed|p1a: FOXHOUND\n|-resisted|p1a: FOXHOUND\n|-damage|p1a: FOXHOUND|0 fnt\n|faint|p1a: FOXHOUND\n|\n|upkeep\n|-message|no more freeze forfeited.\n|\n|win|Fraudulent One\n|raw|no more freeze's rating: 1348 &rarr; <strong>1336<\/strong><br \/>(-12 for losing)\n|raw|Fraudulent One's rating: 1496 &rarr; <strong>1508<\/strong><br \/>(+12 for winning)\n|l|\u2606no more freeze\n","uploadtime":1698438807,"views":17,"p1id":"nomorefreeze","p2id":"fraudulentone","formatid":"gen9ubers","rating":1336,"private":0,"password":""}