{"id":"gen9ubers-1985121153","p1":"RealityJB","p2":"GordonH40","format":"[Gen 9] Ubers","log":"|j|\u2606RealityJB\n|j|\u2606GordonH40\n|t:|1699333845\n|gametype|singles\n|player|p1|RealityJB|2|\n|player|p2|GordonH40|li|\n|teamsize|p1|6\n|teamsize|p2|6\n|gen|9\n|tier|[Gen 9] Ubers\n|rule|Sleep Clause Mod: Limit one foe put to sleep\n|rule|Species Clause: Limit one of each Pok\u00e9mon\n|rule|OHKO Clause: OHKO moves are banned\n|rule|Evasion Items Clause: Evasion items are banned\n|rule|Evasion Moves Clause: Evasion moves are banned\n|rule|Endless Battle Clause: Forcing endless battles is banned\n|rule|HP Percentage Mod: HP is shown in percentages\n|clearpoke\n|poke|p1|Sylveon, M|\n|poke|p1|Klefki, M|\n|poke|p1|Espeon, F|\n|poke|p1|Conkeldurr, M|\n|poke|p1|Garchomp, M|\n|poke|p1|Rotom-Wash|\n|poke|p2|Ting-Lu|\n|poke|p2|Ninetales-Alola, M|\n|poke|p2|Dragapult, M|\n|poke|p2|Iron Moth|\n|poke|p2|Corviknight, F|\n|poke|p2|Meowscarada, F|\n|teampreview\n|inactive|Battle timer is ON: inactive players will automatically lose when time's up. (requested by GordonH40)\n|\n|t:|1699333867\n|start\n|switch|p1a: Klefki|Klefki, M|100\/100\n|switch|p2a: Ninetales|Ninetales-Alola, M|100\/100\n|-weather|Snow|[from] ability: Snow Warning|[of] p2a: Ninetales\n|turn|1\n|\n|t:|1699333880\n|move|p1a: Klefki|Spikes|p2a: Ninetales\n|-sidestart|p2: GordonH40|Spikes\n|move|p2a: Ninetales|Aurora Veil|p2a: Ninetales\n|-sidestart|p2: GordonH40|move: Aurora Veil\n|\n|-weather|Snow|[upkeep]\n|upkeep\n|turn|2\n|\n|t:|1699333884\n|switch|p2a: Corviknight|Corviknight, F|100\/100\n|-ability|p2a: Corviknight|Pressure\n|move|p1a: Klefki|Spikes|p2a: Corviknight\n|-sidestart|p2: GordonH40|Spikes\n|\n|-weather|Snow|[upkeep]\n|upkeep\n|turn|3\n|\n|t:|1699333897\n|move|p1a: Klefki|Thunder Wave|p2a: Corviknight\n|-status|p2a: Corviknight|par\n|cant|p2a: Corviknight|par\n|\n|-weather|Snow|[upkeep]\n|upkeep\n|turn|4\n|\n|t:|1699333905\n|move|p1a: Klefki|Spikes|p2a: Corviknight\n|-sidestart|p2: GordonH40|Spikes\n|move|p2a: Corviknight|Iron Head|p1a: Klefki\n|-damage|p1a: Klefki|79\/100\n|\n|-weather|Snow|[upkeep]\n|upkeep\n|turn|5\n|\n|t:|1699333920\n|switch|p1a: Garchomp|Garchomp, M|100\/100\n|cant|p2a: Corviknight|par\n|\n|-weather|none\n|upkeep\n|turn|6\n|\n|t:|1699333929\n|move|p1a: Garchomp|Dragon Claw|p2a: Corviknight\n|-resisted|p2a: Corviknight\n|-damage|p2a: Corviknight|92\/100 par\n|-damage|p1a: Garchomp|91\/100|[from] item: Life Orb\n|cant|p2a: Corviknight|par\n|\n|-heal|p2a: Corviknight|98\/100 par|[from] item: Leftovers\n|upkeep\n|turn|7\n|c|\u2606RealityJB|I definitely thought that was going to do more\n|\n|t:|1699333951\n|switch|p1a: Conkeldurr|Conkeldurr, M|100\/100\n|move|p2a: Corviknight|Defog|p1a: Conkeldurr\n|-unboost|p1a: Conkeldurr|evasion|1\n|-sideend|p2: GordonH40|Spikes|[from] move: Defog|[of] p2a: Corviknight\n|\n|-heal|p2a: Corviknight|100\/100 par|[from] item: Leftovers\n|-status|p1a: Conkeldurr|brn|[from] item: Flame Orb\n|upkeep\n|turn|8\n|inactive|GordonH40 has 270 seconds left.\n|\n|t:|1699333985\n|switch|p2a: Ting-Lu|Ting-Lu|100\/100\n|-ability|p2a: Ting-Lu|Vessel of Ruin\n|move|p1a: Conkeldurr|Drain Punch|p2a: Ting-Lu\n|-supereffective|p2a: Ting-Lu\n|-damage|p2a: Ting-Lu|63\/100\n|\n|-heal|p2a: Ting-Lu|69\/100|[from] item: Leftovers\n|-damage|p1a: Conkeldurr|94\/100 brn|[from] brn\n|-sideend|p2: GordonH40|move: Aurora Veil\n|upkeep\n|turn|9\n|inactive|GordonH40 has 270 seconds left.\n|inactive|RealityJB has 270 seconds left.\n|\n|t:|1699334010\n|move|p2a: Ting-Lu|Stealth Rock|p1a: Conkeldurr\n|-sidestart|p1: RealityJB|move: Stealth Rock\n|move|p1a: Conkeldurr|Facade|p2a: Ting-Lu\n|-damage|p2a: Ting-Lu|25\/100\n|\n|-heal|p2a: Ting-Lu|31\/100|[from] item: Leftovers\n|-damage|p1a: Conkeldurr|88\/100 brn|[from] brn\n|upkeep\n|turn|10\n|\n|t:|1699334021\n|switch|p2a: Ninetales|Ninetales-Alola, M|100\/100\n|-weather|Snow|[from] ability: Snow Warning|[of] p2a: Ninetales\n|move|p1a: Conkeldurr|Drain Punch|p2a: Ninetales\n|-damage|p2a: Ninetales|47\/100\n|-heal|p1a: Conkeldurr|100\/100 brn|[from] drain|[of] p2a: Ninetales\n|\n|-weather|Snow|[upkeep]\n|-damage|p1a: Conkeldurr|94\/100 brn|[from] brn\n|upkeep\n|turn|11\n|\n|t:|1699334032\n|move|p2a: Ninetales|Aurora Veil|p2a: Ninetales\n|-sidestart|p2: GordonH40|move: Aurora Veil\n|move|p1a: Conkeldurr|Drain Punch|p2a: Ninetales\n|-damage|p2a: Ninetales|22\/100\n|-heal|p1a: Conkeldurr|100\/100 brn|[from] drain|[of] p2a: Ninetales\n|\n|-weather|Snow|[upkeep]\n|-damage|p1a: Conkeldurr|94\/100 brn|[from] brn\n|upkeep\n|turn|12\n|inactive|GordonH40 has 270 seconds left.\n|\n|t:|1699334048\n|switch|p2a: Iron Moth|Iron Moth|100\/100\n|-enditem|p2a: Iron Moth|Booster Energy\n|-activate|p2a: Iron Moth|ability: Quark Drive|[fromitem]\n|-start|p2a: Iron Moth|quarkdrivespa\n|move|p1a: Conkeldurr|Facade|p2a: Iron Moth\n|-damage|p2a: Iron Moth|32\/100\n|\n|-weather|Snow|[upkeep]\n|-damage|p1a: Conkeldurr|88\/100 brn|[from] brn\n|upkeep\n|turn|13\n|\n|t:|1699334057\n|move|p2a: Iron Moth|Psychic|p1a: Conkeldurr\n|-supereffective|p1a: Conkeldurr\n|-damage|p1a: Conkeldurr|0 fnt\n|faint|p1a: Conkeldurr\n|\n|-weather|Snow|[upkeep]\n|upkeep\n|\n|t:|1699334068\n|switch|p1a: Garchomp|Garchomp, M|91\/100\n|-damage|p1a: Garchomp|85\/100|[from] Stealth Rock\n|turn|14\n|\n|t:|1699334086\n|-end|p2a: Iron Moth|Quark Drive|[silent]\n|switch|p2a: Dragapult|Dragapult, M|100\/100\n|move|p1a: Garchomp|Earthquake|p2a: Dragapult\n|-damage|p2a: Dragapult|53\/100\n|-damage|p1a: Garchomp|75\/100|[from] item: Life Orb\n|\n|-weather|none\n|upkeep\n|turn|15\n|\n|t:|1699334097\n|switch|p1a: Klefki|Klefki, M|79\/100\n|-damage|p1a: Klefki|73\/100|[from] Stealth Rock\n|move|p2a: Dragapult|U-turn|p1a: Klefki\n|-resisted|p1a: Klefki\n|-damage|p1a: Klefki|69\/100\n|\n|t:|1699334107\n|switch|p2a: Iron Moth|Iron Moth|32\/100|[from] U-turn\n|\n|upkeep\n|turn|16\n|\n|t:|1699334112\n|move|p1a: Klefki|Thunder Wave|p2a: Iron Moth\n|-status|p2a: Iron Moth|par\n|move|p2a: Iron Moth|Fiery Dance|p1a: Klefki\n|-supereffective|p1a: Klefki\n|-damage|p1a: Klefki|0 fnt\n|-boost|p2a: Iron Moth|spa|1\n|faint|p1a: Klefki\n|\n|upkeep\n|\n|t:|1699334117\n|switch|p1a: Garchomp|Garchomp, M|75\/100\n|-damage|p1a: Garchomp|69\/100|[from] Stealth Rock\n|turn|17\n|\n|t:|1699334125\n|-end|p2a: Iron Moth|Quark Drive|[silent]\n|switch|p2a: Ting-Lu|Ting-Lu|31\/100\n|-ability|p2a: Ting-Lu|Vessel of Ruin\n|move|p1a: Garchomp|Earthquake|p2a: Ting-Lu\n|-damage|p2a: Ting-Lu|12\/100\n|-damage|p1a: Garchomp|59\/100|[from] item: Life Orb\n|\n|-heal|p2a: Ting-Lu|18\/100|[from] item: Leftovers\n|upkeep\n|turn|18\n|\n|t:|1699334139\n|move|p1a: Garchomp|Earthquake|p2a: Ting-Lu\n|-damage|p2a: Ting-Lu|0 fnt\n|faint|p2a: Ting-Lu\n|-damage|p1a: Garchomp|49\/100|[from] item: Life Orb\n|\n|-sideend|p2: GordonH40|move: Aurora Veil\n|upkeep\n|\n|t:|1699334145\n|switch|p2a: Ninetales|Ninetales-Alola, M|22\/100\n|-weather|Snow|[from] ability: Snow Warning|[of] p2a: Ninetales\n|turn|19\n|\n|t:|1699334158\n|switch|p1a: Sylveon|Sylveon, M|100\/100\n|-damage|p1a: Sylveon|88\/100|[from] Stealth Rock\n|move|p2a: Ninetales|Freeze-Dry|p1a: Sylveon\n|-damage|p1a: Sylveon|76\/100\n|\n|-weather|Snow|[upkeep]\n|upkeep\n|turn|20\n|\n|t:|1699334174\n|move|p2a: Ninetales|Aurora Veil|p2a: Ninetales\n|-sidestart|p2: GordonH40|move: Aurora Veil\n|move|p1a: Sylveon|Hyper Voice|p2a: Ninetales\n|-damage|p2a: Ninetales|1\/100\n|-enditem|p1a: Sylveon|Throat Spray\n|-boost|p1a: Sylveon|spa|1|[from] item: Throat Spray\n|\n|-weather|Snow|[upkeep]\n|upkeep\n|turn|21\n|\n|t:|1699334180\n|switch|p2a: Corviknight|Corviknight, F|100\/100 par\n|-ability|p2a: Corviknight|Pressure\n|move|p1a: Sylveon|Hyper Voice|p2a: Corviknight\n|-resisted|p2a: Corviknight\n|-damage|p2a: Corviknight|85\/100 par\n|\n|-weather|Snow|[upkeep]\n|-heal|p2a: Corviknight|92\/100 par|[from] item: Leftovers\n|upkeep\n|turn|22\n|\n|t:|1699334191\n|switch|p1a: Espeon|Espeon, F|100\/100\n|-damage|p1a: Espeon|88\/100|[from] Stealth Rock\n|move|p2a: Corviknight|Iron Head|p1a: Espeon\n|-damage|p1a: Espeon|41\/100\n|\n|-weather|Snow|[upkeep]\n|-heal|p2a: Corviknight|98\/100 par|[from] item: Leftovers\n|upkeep\n|turn|23\n|\n|t:|1699334199\n|move|p1a: Espeon|Trick|p2a: Corviknight\n|-activate|p1a: Espeon|move: Trick|[of] p2a: Corviknight\n|-item|p2a: Corviknight|Choice Specs|[from] move: Trick\n|-item|p1a: Espeon|Leftovers|[from] move: Trick\n|move|p2a: Corviknight|Iron Head|p1a: Espeon\n|-damage|p1a: Espeon|0 fnt\n|faint|p1a: Espeon\n|\n|-weather|none\n|upkeep\n|\n|t:|1699334206\n|switch|p1a: Rotom|Rotom-Wash|100\/100\n|-damage|p1a: Rotom|88\/100|[from] Stealth Rock\n|turn|24\n|\n|t:|1699334210\n|move|p1a: Rotom|Discharge|p2a: Corviknight\n|-supereffective|p2a: Corviknight\n|-damage|p2a: Corviknight|60\/100 par\n|-damage|p1a: Rotom|78\/100|[from] item: Life Orb\n|move|p2a: Corviknight|Iron Head|p1a: Rotom\n|-resisted|p1a: Rotom\n|-damage|p1a: Rotom|70\/100\n|\n|upkeep\n|turn|25\n|\n|t:|1699334233\n|switch|p2a: Ninetales|Ninetales-Alola, M|1\/100\n|-weather|Snow|[from] ability: Snow Warning|[of] p2a: Ninetales\n|move|p1a: Rotom|Discharge|p2a: Ninetales\n|-damage|p2a: Ninetales|0 fnt\n|faint|p2a: Ninetales\n|-damage|p1a: Rotom|60\/100|[from] item: Life Orb\n|\n|-weather|Snow|[upkeep]\n|upkeep\n|\n|t:|1699334242\n|switch|p2a: Meowscarada|Meowscarada, F|100\/100\n|turn|26\n|\n|t:|1699334258\n|switch|p1a: Garchomp|Garchomp, M|49\/100\n|-damage|p1a: Garchomp|43\/100|[from] Stealth Rock\n|move|p2a: Meowscarada|Flower Trick|p1a: Garchomp\n|-start|p2a: Meowscarada|typechange|Grass|[from] ability: Protean\n|-crit|p1a: Garchomp\n|-damage|p1a: Garchomp|0 fnt\n|faint|p1a: Garchomp\n|\n|-weather|Snow|[upkeep]\n|upkeep\n|\n|t:|1699334260\n|switch|p1a: Sylveon|Sylveon, M|76\/100\n|-damage|p1a: Sylveon|64\/100|[from] Stealth Rock\n|turn|27\n|\n|t:|1699334287\n|switch|p2a: Corviknight|Corviknight, F|60\/100 par\n|-ability|p2a: Corviknight|Pressure\n|move|p1a: Sylveon|Wish|p1a: Sylveon\n|\n|-weather|Snow|[upkeep]\n|-sideend|p2: GordonH40|move: Aurora Veil\n|upkeep\n|turn|28\n|\n|t:|1699334293\n|switch|p1a: Rotom|Rotom-Wash|60\/100\n|-damage|p1a: Rotom|47\/100|[from] Stealth Rock\n|move|p2a: Corviknight|Iron Head|p1a: Rotom\n|-resisted|p1a: Rotom\n|-damage|p1a: Rotom|40\/100\n|\n|-weather|Snow|[upkeep]\n|-heal|p1a: Rotom|100\/100|[from] move: Wish|[wisher] Sylveon\n|upkeep\n|turn|29\n|\n|t:|1699334307\n|switch|p2a: Meowscarada|Meowscarada, F|100\/100\n|move|p1a: Rotom|Discharge|p2a: Meowscarada\n|-resisted|p2a: Meowscarada\n|-damage|p2a: Meowscarada|62\/100\n|-damage|p1a: Rotom|91\/100|[from] item: Life Orb\n|\n|-weather|none\n|upkeep\n|turn|30\n|\n|t:|1699334318\n|switch|p1a: Sylveon|Sylveon, M|64\/100\n|-damage|p1a: Sylveon|52\/100|[from] Stealth Rock\n|move|p2a: Meowscarada|Knock Off|p1a: Sylveon\n|-start|p2a: Meowscarada|typechange|Dark|[from] ability: Protean\n|-resisted|p1a: Sylveon\n|-damage|p1a: Sylveon|22\/100\n|\n|upkeep\n|turn|31\n|\n|t:|1699334326\n|move|p2a: Meowscarada|Knock Off|p1a: Sylveon\n|-resisted|p1a: Sylveon\n|-damage|p1a: Sylveon|0 fnt\n|faint|p1a: Sylveon\n|\n|upkeep\n|\n|t:|1699334327\n|switch|p1a: Rotom|Rotom-Wash|91\/100\n|-damage|p1a: Rotom|78\/100|[from] Stealth Rock\n|turn|32\n|\n|t:|1699334335\n|switch|p2a: Iron Moth|Iron Moth|32\/100 par\n|move|p1a: Rotom|Discharge|p2a: Iron Moth\n|-damage|p2a: Iron Moth|0 fnt\n|faint|p2a: Iron Moth\n|-end|p2a: Iron Moth|Quark Drive|[silent]\n|-damage|p1a: Rotom|68\/100|[from] item: Life Orb\n|\n|upkeep\n|\n|t:|1699334342\n|switch|p2a: Meowscarada|Meowscarada, F|62\/100\n|turn|33\n|\n|t:|1699334344\n|move|p2a: Meowscarada|Flower Trick|p1a: Rotom\n|-start|p2a: Meowscarada|typechange|Grass|[from] ability: Protean\n|-supereffective|p1a: Rotom\n|-crit|p1a: Rotom\n|-damage|p1a: Rotom|0 fnt\n|faint|p1a: Rotom\n|\n|win|GordonH40\n","uploadtime":1699334352,"views":14,"p1id":"realityjb","p2id":"gordonh40","formatid":"gen9ubers","rating":0,"private":0,"password":""}