{"id":"gen9ubers-1980353104","p1":"Albaz Brand","p2":"GratedsShtickface","format":"[Gen 9] Ubers","log":"|j|\u2606Albaz Brand\n|j|\u2606GratedsShtickface\n|t:|1698777672\n|gametype|singles\n|player|p1|Albaz Brand|bellelba|\n|player|p2|GratedsShtickface|hiker-gen4|\n|teamsize|p1|6\n|teamsize|p2|6\n|gen|9\n|tier|[Gen 9] Ubers\n|rule|Sleep Clause Mod: Limit one foe put to sleep\n|rule|Species Clause: Limit one of each Pok\u00e9mon\n|rule|OHKO Clause: OHKO moves are banned\n|rule|Evasion Items Clause: Evasion items are banned\n|rule|Evasion Moves Clause: Evasion moves are banned\n|rule|Endless Battle Clause: Forcing endless battles is banned\n|rule|HP Percentage Mod: HP is shown in percentages\n|clearpoke\n|poke|p1|Torkoal, M|\n|poke|p1|Arceus-Grass|\n|poke|p1|Roaring Moon|\n|poke|p1|Walking Wake|\n|poke|p1|Iron Moth|\n|poke|p1|Magearna-Original|\n|poke|p2|Dialga-Origin|\n|poke|p2|Rillaboom, M|\n|poke|p2|Arceus-Fire|\n|poke|p2|Espathra, M|\n|poke|p2|Donphan, M|\n|poke|p2|Sneasler, M|\n|teampreview\n|inactive|Battle timer is ON: inactive players will automatically lose when time's up. (requested by GratedsShtickface)\n|\n|t:|1698777683\n|start\n|switch|p1a: Torkoal|Torkoal, M|100\/100\n|switch|p2a: Average Tusk|Donphan, M, shiny|100\/100\n|-weather|SunnyDay|[from] ability: Drought|[of] p1a: Torkoal\n|turn|1\n|c|\u2606GratedsShtickface|glhf\n|\n|t:|1698777687\n|move|p2a: Average Tusk|Endeavor|p1a: Torkoal\n|-damage|p1a: Torkoal|94\/100\n|move|p1a: Torkoal|Lava Plume|p2a: Average Tusk\n|-damage|p2a: Average Tusk|35\/100\n|\n|-weather|SunnyDay|[upkeep]\n|upkeep\n|turn|2\n|\n|t:|1698777698\n|move|p2a: Average Tusk|Knock Off|p1a: Torkoal\n|-damage|p1a: Torkoal|76\/100\n|-enditem|p1a: Torkoal|Heat Rock|[from] move: Knock Off|[of] p2a: Average Tusk\n|move|p1a: Torkoal|Will-O-Wisp|p2a: Average Tusk|[miss]\n|-miss|p1a: Torkoal|p2a: Average Tusk\n|\n|-weather|SunnyDay|[upkeep]\n|upkeep\n|turn|3\n|\n|t:|1698777704\n|move|p2a: Average Tusk|Stealth Rock|p1a: Torkoal\n|-sidestart|p1: Albaz Brand|move: Stealth Rock\n|move|p1a: Torkoal|Yawn|p2a: Average Tusk\n|-start|p2a: Average Tusk|move: Yawn|[of] p1a: Torkoal\n|\n|-weather|SunnyDay|[upkeep]\n|upkeep\n|turn|4\n|\n|t:|1698777713\n|switch|p2a: Ar\u0441eus-Fighting|Arceus-Fire, shiny|100\/100\n|move|p1a: Torkoal|Rapid Spin|p2a: Ar\u0441eus-Fighting\n|-damage|p2a: Ar\u0441eus-Fighting|93\/100\n|-boost|p1a: Torkoal|spe|1\n|-sideend|p1: Albaz Brand|Stealth Rock|[from] move: Rapid Spin|[of] p1a: Torkoal\n|\n|-weather|SunnyDay|[upkeep]\n|upkeep\n|turn|5\n|\n|t:|1698777717\n|move|p2a: Ar\u0441eus-Fighting|Taunt|p1a: Torkoal\n|-start|p1a: Torkoal|move: Taunt\n|cant|p1a: Torkoal|move: Taunt|Yawn\n|\n|-weather|SunnyDay|[upkeep]\n|upkeep\n|turn|6\n|\n|t:|1698777720\n|switch|p1a: Walking Wake|Walking Wake|100\/100\n|-activate|p1a: Walking Wake|ability: Protosynthesis\n|-start|p1a: Walking Wake|protosynthesisspe\n|move|p2a: Ar\u0441eus-Fighting|Dragon Dance|p2a: Ar\u0441eus-Fighting\n|-boost|p2a: Ar\u0441eus-Fighting|atk|1\n|-boost|p2a: Ar\u0441eus-Fighting|spe|1\n|\n|-weather|SunnyDay|[upkeep]\n|upkeep\n|turn|7\n|\n|t:|1698777736\n|-terastallize|p2a: Ar\u0441eus-Fighting|Water\n|move|p1a: Walking Wake|Hydro Steam|p2a: Ar\u0441eus-Fighting\n|-resisted|p2a: Ar\u0441eus-Fighting\n|-damage|p2a: Ar\u0441eus-Fighting|61\/100\n|move|p2a: Ar\u0441eus-Fighting|Dragon Dance|p2a: Ar\u0441eus-Fighting\n|-boost|p2a: Ar\u0441eus-Fighting|atk|1\n|-boost|p2a: Ar\u0441eus-Fighting|spe|1\n|\n|-weather|SunnyDay|[upkeep]\n|upkeep\n|turn|8\n|\n|t:|1698777748\n|-terastallize|p1a: Walking Wake|Water\n|move|p2a: Ar\u0441eus-Fighting|Flare Blitz|p1a: Walking Wake\n|-resisted|p1a: Walking Wake\n|-damage|p1a: Walking Wake|0 fnt\n|faint|p1a: Walking Wake\n|-end|p1a: Walking Wake|Protosynthesis|[silent]\n|-damage|p2a: Ar\u0441eus-Fighting|32\/100|[from] Recoil\n|\n|-weather|none\n|upkeep\n|c|\u2606Albaz Brand|damm\n|c|\u2606Albaz Brand|should have predicted lol\n|c|\u2606GratedsShtickface|lol\n|c|\u2606Albaz Brand|thats rap\n|\n|t:|1698777772\n|switch|p1a: Torkoal|Torkoal, M|76\/100\n|-weather|SunnyDay|[from] ability: Drought|[of] p1a: Torkoal\n|turn|9\n|\n|t:|1698777776\n|move|p2a: Ar\u0441eus-Fighting|Taunt|p1a: Torkoal\n|-start|p1a: Torkoal|move: Taunt\n|cant|p1a: Torkoal|move: Taunt|Yawn\n|\n|-weather|SunnyDay|[upkeep]\n|upkeep\n|turn|10\n|\n|t:|1698777784\n|move|p2a: Ar\u0441eus-Fighting|Flare Blitz|p1a: Torkoal\n|-resisted|p1a: Torkoal\n|-damage|p1a: Torkoal|15\/100\n|-damage|p2a: Ar\u0441eus-Fighting|14\/100|[from] Recoil\n|move|p1a: Torkoal|Lava Plume|p2a: Ar\u0441eus-Fighting\n|-resisted|p2a: Ar\u0441eus-Fighting\n|-damage|p2a: Ar\u0441eus-Fighting|0 fnt\n|faint|p2a: Ar\u0441eus-Fighting\n|\n|-weather|SunnyDay|[upkeep]\n|upkeep\n|c|\u2606Albaz Brand|we still might be in it bois\n|\n|t:|1698777799\n|switch|p2a: Average Tusk|Donphan, M, shiny|35\/100\n|turn|11\n|\n|t:|1698777807\n|move|p2a: Average Tusk|Stealth Rock|p1a: Torkoal\n|-sidestart|p1: Albaz Brand|move: Stealth Rock\n|move|p1a: Torkoal|Lava Plume|p2a: Average Tusk\n|-damage|p2a: Average Tusk|0 fnt\n|faint|p2a: Average Tusk\n|\n|-weather|SunnyDay|[upkeep]\n|-end|p1a: Torkoal|move: Taunt\n|upkeep\n|\n|t:|1698777815\n|switch|p2a: Harambe|Rillaboom, M|100\/100\n|-fieldstart|move: Grassy Terrain|[from] ability: Grassy Surge|[of] p2a: Harambe\n|turn|12\n|\n|t:|1698777821\n|move|p2a: Harambe|Grassy Glide|p1a: Torkoal\n|-resisted|p1a: Torkoal\n|-damage|p1a: Torkoal|0 fnt\n|faint|p1a: Torkoal\n|\n|-weather|SunnyDay|[upkeep]\n|upkeep\n|\n|t:|1698777832\n|switch|p1a: Roaring Moon|Roaring Moon|100\/100\n|-damage|p1a: Roaring Moon|88\/100|[from] Stealth Rock\n|-activate|p1a: Roaring Moon|ability: Protosynthesis\n|-start|p1a: Roaring Moon|protosynthesisatk\n|turn|13\n|\n|t:|1698777840\n|switch|p2a: Time Lord|Dialga-Origin, shiny|100\/100\n|-ability|p2a: Time Lord|Pressure\n|move|p1a: Roaring Moon|Dragon Dance|p1a: Roaring Moon\n|-boost|p1a: Roaring Moon|atk|1\n|-boost|p1a: Roaring Moon|spe|1\n|\n|-weather|none\n|-end|p1a: Roaring Moon|Protosynthesis\n|-heal|p1a: Roaring Moon|94\/100|[from] Grassy Terrain\n|upkeep\n|-enditem|p1a: Roaring Moon|Booster Energy\n|-activate|p1a: Roaring Moon|ability: Protosynthesis|[fromitem]\n|-start|p1a: Roaring Moon|protosynthesisatk\n|turn|14\n|\n|t:|1698777848\n|move|p1a: Roaring Moon|Iron Head|p2a: Time Lord\n|-resisted|p2a: Time Lord\n|-damage|p2a: Time Lord|77\/100\n|move|p2a: Time Lord|Thunder Wave|p1a: Roaring Moon\n|-status|p1a: Roaring Moon|par\n|\n|-heal|p1a: Roaring Moon|99\/100 par|[from] Grassy Terrain\n|-heal|p2a: Time Lord|83\/100|[from] Grassy Terrain\n|upkeep\n|turn|15\n|\n|t:|1698777856\n|move|p1a: Roaring Moon|Knock Off|p2a: Time Lord\n|-damage|p2a: Time Lord|32\/100\n|move|p2a: Time Lord|Draco Meteor|p1a: Roaring Moon\n|-supereffective|p1a: Roaring Moon\n|-damage|p1a: Roaring Moon|0 fnt\n|-unboost|p2a: Time Lord|spa|2\n|faint|p1a: Roaring Moon\n|-end|p1a: Roaring Moon|Protosynthesis|[silent]\n|\n|-heal|p2a: Time Lord|38\/100|[from] Grassy Terrain\n|upkeep\n|\n|t:|1698777860\n|switch|p1a: Iron Moth|Iron Moth, shiny|100\/100\n|-damage|p1a: Iron Moth|76\/100|[from] Stealth Rock\n|-enditem|p1a: Iron Moth|Booster Energy\n|-activate|p1a: Iron Moth|ability: Quark Drive|[fromitem]\n|-start|p1a: Iron Moth|quarkdrivespe\n|turn|16\n|\n|t:|1698777869\n|move|p1a: Iron Moth|Fiery Dance|p2a: Time Lord\n|-damage|p2a: Time Lord|7\/100\n|-boost|p1a: Iron Moth|spa|1\n|move|p2a: Time Lord|Thunder Wave|p1a: Iron Moth|[miss]\n|-miss|p2a: Time Lord|p1a: Iron Moth\n|\n|-heal|p1a: Iron Moth|82\/100|[from] Grassy Terrain\n|-heal|p2a: Time Lord|13\/100|[from] Grassy Terrain\n|-fieldend|move: Grassy Terrain\n|upkeep\n|turn|17\n|\n|t:|1698777875\n|move|p1a: Iron Moth|Fiery Dance|p2a: Time Lord\n|-damage|p2a: Time Lord|0 fnt\n|-boost|p1a: Iron Moth|spa|1\n|faint|p2a: Time Lord\n|\n|upkeep\n|c|\u2606Albaz Brand|yikes\n|\n|t:|1698777884\n|switch|p2a: Harambe|Rillaboom, M|100\/100\n|-fieldstart|move: Grassy Terrain|[from] ability: Grassy Surge|[of] p2a: Harambe\n|turn|18\n|\n|t:|1698777894\n|move|p2a: Harambe|Grassy Glide|p1a: Iron Moth\n|-resisted|p1a: Iron Moth\n|-damage|p1a: Iron Moth|61\/100\n|move|p1a: Iron Moth|Fiery Dance|p2a: Harambe\n|-supereffective|p2a: Harambe\n|-damage|p2a: Harambe|0 fnt\n|faint|p2a: Harambe\n|\n|-heal|p1a: Iron Moth|67\/100|[from] Grassy Terrain\n|upkeep\n|\n|t:|1698777897\n|switch|p2a: Haha Long Boi|Sneasler, M, shiny|100\/100\n|-enditem|p2a: Haha Long Boi|Grassy Seed\n|-boost|p2a: Haha Long Boi|def|1|[from] item: Grassy Seed\n|turn|19\n|\n|t:|1698777905\n|move|p2a: Haha Long Boi|Acrobatics|p1a: Iron Moth\n|-damage|p1a: Iron Moth|9\/100\n|move|p1a: Iron Moth|Fiery Dance|p2a: Haha Long Boi\n|-crit|p2a: Haha Long Boi\n|-damage|p2a: Haha Long Boi|0 fnt\n|-boost|p1a: Iron Moth|spa|1\n|faint|p2a: Haha Long Boi\n|\n|-heal|p1a: Iron Moth|15\/100|[from] Grassy Terrain\n|upkeep\n|\n|t:|1698777909\n|switch|p2a: The Ostrich|Espathra, M|100\/100\n|-enditem|p2a: The Ostrich|Grassy Seed\n|-boost|p2a: The Ostrich|def|1|[from] item: Grassy Seed\n|turn|20\n|\n|t:|1698777913\n|move|p2a: The Ostrich|Protect|p2a: The Ostrich\n|-singleturn|p2a: The Ostrich|Protect\n|move|p1a: Iron Moth|Fiery Dance|p2a: The Ostrich\n|-activate|p2a: The Ostrich|move: Protect\n|\n|-heal|p1a: Iron Moth|21\/100|[from] Grassy Terrain\n|-ability|p2a: The Ostrich|Speed Boost|boost\n|-boost|p2a: The Ostrich|spe|1\n|upkeep\n|turn|21\n|\n|t:|1698777917\n|move|p1a: Iron Moth|Fiery Dance|p2a: The Ostrich\n|-damage|p2a: The Ostrich|0 fnt\n|-boost|p1a: Iron Moth|spa|1\n|faint|p2a: The Ostrich\n|\n|win|Albaz Brand\n|c|\u2606Albaz Brand|GGs\n|c|\u2606GratedsShtickface|gg\n","uploadtime":1698777923,"views":11,"p1id":"albazbrand","p2id":"gratedsshtickface","formatid":"gen9ubers","rating":0,"private":0,"password":""}