{"id":"gen9ubers-1994920295","p1":"LITLE0","p2":"NEK 66666","format":"[Gen 9] Ubers","log":"|j|\u2606LITLE0\n|j|\u2606NEK 66666\n|t:|1700504767\n|gametype|singles\n|player|p1|LITLE0|brock|1213\n|player|p2|NEK 66666|swimmer-gen4|1216\n|teamsize|p1|5\n|teamsize|p2|6\n|gen|9\n|tier|[Gen 9] Ubers\n|rated|\n|rule|Sleep Clause Mod: Limit one foe put to sleep\n|rule|Species Clause: Limit one of each Pok\u00e9mon\n|rule|OHKO Clause: OHKO moves are banned\n|rule|Evasion Items Clause: Evasion items are banned\n|rule|Evasion Moves Clause: Evasion moves are banned\n|rule|Endless Battle Clause: Forcing endless battles is banned\n|rule|HP Percentage Mod: HP is shown in percentages\n|clearpoke\n|poke|p1|Baxcalibur, M|\n|poke|p1|Dondozo, M|\n|poke|p1|Gholdengo|\n|poke|p1|Great Tusk|\n|poke|p1|Ninetales-Alola, F|\n|poke|p2|Amoonguss, M|\n|poke|p2|Garganacl, F|\n|poke|p2|Ogerpon-Hearthflame, F|\n|poke|p2|Ting-Lu|\n|poke|p2|Azumarill, M|\n|poke|p2|Kingambit, M|\n|teampreview\n|\n|t:|1700504789\n|start\n|switch|p1a: Ninetales|Ninetales-Alola, F|100\/100\n|switch|p2a: Ting-Lu|Ting-Lu|100\/100\n|-weather|Snow|[from] ability: Snow Warning|[of] p1a: Ninetales\n|-ability|p2a: Ting-Lu|Vessel of Ruin\n|turn|1\n|\n|t:|1700504798\n|move|p1a: Ninetales|Aurora Veil|p1a: Ninetales\n|-sidestart|p1: LITLE0|move: Aurora Veil\n|move|p2a: Ting-Lu|Earthquake|p1a: Ninetales\n|-damage|p1a: Ninetales|83\/100\n|\n|-weather|Snow|[upkeep]\n|upkeep\n|turn|2\n|\n|t:|1700504804\n|move|p1a: Ninetales|Blizzard|p2a: Ting-Lu\n|-supereffective|p2a: Ting-Lu\n|-damage|p2a: Ting-Lu|55\/100\n|move|p2a: Ting-Lu|Stealth Rock|p1a: Ninetales\n|-sidestart|p1: LITLE0|move: Stealth Rock\n|\n|-weather|Snow|[upkeep]\n|-heal|p2a: Ting-Lu|61\/100|[from] item: Leftovers\n|upkeep\n|turn|3\n|\n|t:|1700504814\n|switch|p1a: Baxcalibur|Baxcalibur, M|100\/100\n|-damage|p1a: Baxcalibur|76\/100|[from] Stealth Rock\n|move|p2a: Ting-Lu|Spikes|p1a: Baxcalibur\n|-sidestart|p1: LITLE0|Spikes\n|\n|-weather|Snow|[upkeep]\n|-heal|p2a: Ting-Lu|67\/100|[from] item: Leftovers\n|upkeep\n|turn|4\n|\n|t:|1700504821\n|move|p1a: Baxcalibur|Swords Dance|p1a: Baxcalibur\n|-boost|p1a: Baxcalibur|atk|2\n|move|p2a: Ting-Lu|Earthquake|p1a: Baxcalibur\n|-damage|p1a: Baxcalibur|63\/100\n|\n|-weather|Snow|[upkeep]\n|-heal|p2a: Ting-Lu|74\/100|[from] item: Leftovers\n|upkeep\n|turn|5\n|\n|t:|1700504826\n|move|p1a: Baxcalibur|Icicle Spear|p2a: Ting-Lu\n|-supereffective|p2a: Ting-Lu\n|-damage|p2a: Ting-Lu|45\/100\n|-supereffective|p2a: Ting-Lu\n|-damage|p2a: Ting-Lu|17\/100\n|-supereffective|p2a: Ting-Lu\n|-damage|p2a: Ting-Lu|0 fnt\n|faint|p2a: Ting-Lu\n|-hitcount|p2: Ting-Lu|3\n|\n|-weather|none\n|upkeep\n|\n|t:|1700504829\n|switch|p2a: Kingambit|Kingambit, M|100\/100\n|-activate|p2a: Kingambit|ability: Supreme Overlord\n|-start|p2a: Kingambit|fallen1|[silent]\n|turn|6\n|\n|t:|1700504838\n|move|p1a: Baxcalibur|Earthquake|p2a: Kingambit\n|-supereffective|p2a: Kingambit\n|-damage|p2a: Kingambit|0 fnt\n|faint|p2a: Kingambit\n|-end|p2a: Kingambit|fallen1|[silent]\n|\n|upkeep\n|\n|t:|1700504846\n|switch|p2a: Garganacl|Garganacl, F|100\/100\n|turn|7\n|\n|t:|1700504851\n|-terastallize|p1a: Baxcalibur|Ground\n|-terastallize|p2a: Garganacl|Ghost\n|move|p1a: Baxcalibur|Earthquake|p2a: Garganacl\n|-damage|p2a: Garganacl|23\/100\n|move|p2a: Garganacl|Iron Defense|p2a: Garganacl\n|-boost|p2a: Garganacl|def|2\n|\n|-heal|p2a: Garganacl|29\/100|[from] item: Leftovers\n|upkeep\n|turn|8\n|\n|t:|1700504867\n|switch|p2a: ESP4THRA|Amoonguss, M, shiny|100\/100\n|move|p1a: Baxcalibur|Scale Shot|p2a: ESP4THRA\n|-damage|p2a: ESP4THRA|72\/100\n|-damage|p2a: ESP4THRA|45\/100\n|-damage|p2a: ESP4THRA|18\/100\n|-damage|p2a: ESP4THRA|0 fnt\n|faint|p2a: ESP4THRA\n|-hitcount|p2: ESP4THRA|4\n|-unboost|p1a: Baxcalibur|def|1\n|-boost|p1a: Baxcalibur|spe|1\n|\n|-sideend|p1: LITLE0|move: Aurora Veil\n|upkeep\n|\n|t:|1700504876\n|switch|p2a: Garganacl|Garganacl, F, tera:Ghost|29\/100\n|turn|9\n|\n|t:|1700504881\n|switch|p2a: Azumarill|Azumarill, M|100\/100\n|move|p1a: Baxcalibur|Earthquake|p2a: Azumarill\n|-damage|p2a: Azumarill|0 fnt\n|faint|p2a: Azumarill\n|\n|upkeep\n|\n|t:|1700504887\n|switch|p2a: Ogerpon|Ogerpon-Hearthflame, F|100\/100\n|-ability|p2a: Ogerpon|Mold Breaker\n|turn|10\n|\n|t:|1700504891\n|move|p1a: Baxcalibur|Earthquake|p2a: Ogerpon\n|-damage|p2a: Ogerpon|0 fnt\n|faint|p2a: Ogerpon\n|\n|upkeep\n|\n|t:|1700504895\n|switch|p2a: Garganacl|Garganacl, F, tera:Ghost|29\/100\n|turn|11\n|\n|t:|1700504898\n|move|p1a: Baxcalibur|Earthquake|p2a: Garganacl\n|-damage|p2a: Garganacl|0 fnt\n|faint|p2a: Garganacl\n|\n|win|LITLE0\n|raw|LITLE0's rating: 1213 &rarr; <strong>1238<\/strong><br \/>(+25 for winning)\n|raw|NEK 66666's rating: 1216 &rarr; <strong>1191<\/strong><br \/>(-25 for losing)\n|l|\u2606NEK 66666\n","uploadtime":1700504903,"views":1,"p1id":"litle0","p2id":"nek66666","formatid":"gen9ubers","rating":1191,"private":0,"password":""}