{"id":"gen9ubers-1976288897","p1":"CherylBush","p2":"Lucky Dae","format":"[Gen 9] Ubers","log":"|j|\u2606CherylBush\n|j|\u2606Lucky Dae\n|t:|1698282694\n|gametype|singles\n|player|p1|CherylBush|mallow-masters|\n|player|p2|Lucky Dae|backpacker|\n|teamsize|p1|6\n|teamsize|p2|6\n|gen|9\n|tier|[Gen 9] Ubers\n|rule|Sleep Clause Mod: Limit one foe put to sleep\n|rule|Species Clause: Limit one of each Pok\u00e9mon\n|rule|OHKO Clause: OHKO moves are banned\n|rule|Evasion Items Clause: Evasion items are banned\n|rule|Evasion Moves Clause: Evasion moves are banned\n|rule|Endless Battle Clause: Forcing endless battles is banned\n|rule|HP Percentage Mod: HP is shown in percentages\n|clearpoke\n|poke|p1|Cramorant, M|\n|poke|p1|Komala, M|\n|poke|p1|Qwilfish, M|\n|poke|p1|Sableye, F|\n|poke|p1|Tauros-Paldea-Blaze, M|\n|poke|p1|Orthworm, M|\n|poke|p2|Mimikyu, M|\n|poke|p2|Morpeko, M|\n|poke|p2|Sableye, M|\n|poke|p2|Alomomola, F|\n|poke|p2|Cramorant, M|\n|poke|p2|Heracross, M|\n|teampreview\n|c|\u2606CherylBush|gl hf\n|c|\u2606Lucky Dae|u2\n|j|+SBPC !\n|c|+SBPC !|LETS GO GRAND FINALS\n|\n|t:|1698282740\n|start\n|switch|p1a: Orthworm|Orthworm, M|100\/100\n|switch|p2a: \ud83d\ude8c|Morpeko, M, shiny|100\/100\n|turn|1\n|c|+SBPC !|cheryl do u wna play minecraft w me and dae after this\n|\n|t:|1698282760\n|move|p2a: \ud83d\ude8c|Parting Shot|p1a: Orthworm\n|-unboost|p1a: Orthworm|atk|1\n|-unboost|p1a: Orthworm|spa|1\n|\n|t:|1698282763\n|switch|p2a: Jules|Sableye, M, shiny|100\/100|[from] Parting Shot\n|move|p1a: Orthworm|Earthquake|p2a: Jules\n|-damage|p2a: Jules|88\/100\n|\n|-heal|p2a: Jules|95\/100|[from] item: Leftovers\n|upkeep\n|turn|2\n|\n|t:|1698282775\n|move|p1a: Orthworm|Stealth Rock|p2a: Jules\n|-sidestart|p2: Lucky Dae|move: Stealth Rock\n|move|p2a: Jules|Knock Off|p1a: Orthworm\n|-damage|p1a: Orthworm|82\/100\n|-enditem|p1a: Orthworm|Leftovers|[from] move: Knock Off|[of] p2a: Jules\n|\n|-heal|p2a: Jules|100\/100|[from] item: Leftovers\n|upkeep\n|turn|3\n|\n|t:|1698282787\n|switch|p1a: Tauros|Tauros-Paldea-Blaze, M|100\/100\n|-ability|p1a: Tauros|Intimidate|boost\n|-unboost|p2a: Jules|atk|1\n|move|p2a: Jules|Thunder Wave|p1a: Tauros\n|-status|p1a: Tauros|par\n|\n|upkeep\n|turn|4\n|\n|t:|1698282799\n|switch|p1a: Qwilfish|Qwilfish, M, shiny|100\/100\n|-ability|p1a: Qwilfish|Intimidate|boost\n|-unboost|p2a: Jules|atk|1\n|move|p2a: Jules|Knock Off|p1a: Qwilfish\n|-damage|p1a: Qwilfish|90\/100\n|-enditem|p1a: Qwilfish|Leftovers|[from] move: Knock Off|[of] p2a: Jules\n|\n|upkeep\n|turn|5\n|\n|t:|1698282806\n|move|p2a: Jules|Thunder Wave|p1a: Qwilfish\n|-status|p1a: Qwilfish|par\n|move|p1a: Qwilfish|Barb Barrage|p2a: Jules\n|-resisted|p2a: Jules\n|-damage|p2a: Jules|91\/100\n|\n|-heal|p2a: Jules|98\/100|[from] item: Leftovers\n|upkeep\n|turn|6\n|\n|t:|1698282819\n|move|p2a: Jules|Night Shade|p1a: Qwilfish\n|-damage|p1a: Qwilfish|60\/100 par\n|move|p1a: Qwilfish|Barb Barrage|p2a: Jules\n|-resisted|p2a: Jules\n|-damage|p2a: Jules|87\/100\n|-status|p2a: Jules|psn\n|\n|-heal|p2a: Jules|94\/100 psn|[from] item: Leftovers\n|-damage|p2a: Jules|81\/100 psn|[from] psn\n|upkeep\n|turn|7\n|\n|t:|1698282827\n|switch|p1a: Sableye|Sableye, F|100\/100\n|move|p2a: Jules|Knock Off|p1a: Sableye\n|-damage|p1a: Sableye|88\/100\n|-enditem|p1a: Sableye|Leftovers|[from] move: Knock Off|[of] p2a: Jules\n|\n|-heal|p2a: Jules|87\/100 psn|[from] item: Leftovers\n|-damage|p2a: Jules|75\/100 psn|[from] psn\n|upkeep\n|turn|8\n|\n|t:|1698282833\n|switch|p2a: Aight Girl|Alomomola, F, shiny|100\/100\n|-damage|p2a: Aight Girl|88\/100|[from] Stealth Rock\n|move|p1a: Sableye|Knock Off|p2a: Aight Girl\n|-damage|p2a: Aight Girl|74\/100\n|-damage|p1a: Sableye|72\/100|[from] item: Rocky Helmet|[of] p2a: Aight Girl\n|-enditem|p2a: Aight Girl|Rocky Helmet|[from] move: Knock Off|[of] p1a: Sableye\n|\n|upkeep\n|turn|9\n|\n|t:|1698282843\n|move|p2a: Aight Girl|Scald|p1a: Sableye\n|-damage|p1a: Sableye|50\/100\n|-status|p1a: Sableye|brn\n|move|p1a: Sableye|Night Shade|p2a: Aight Girl\n|-damage|p2a: Aight Girl|55\/100\n|\n|-damage|p1a: Sableye|44\/100 brn|[from] brn\n|upkeep\n|turn|10\n|\n|t:|1698282850\n|move|p1a: Sableye|Recover|p1a: Sableye\n|-heal|p1a: Sableye|94\/100 brn\n|move|p2a: Aight Girl|Flip Turn|p1a: Sableye\n|-damage|p1a: Sableye|80\/100 brn\n|\n|t:|1698282856\n|switch|p2a: \ud83d\ude8c|Morpeko, M, shiny|100\/100|[from] Flip Turn\n|-damage|p2a: \ud83d\ude8c|88\/100|[from] Stealth Rock\n|\n|-damage|p1a: Sableye|74\/100 brn|[from] brn\n|-formechange|p2a: \ud83d\ude8c|Morpeko-Hangry||[from] ability: Hunger Switch\n|upkeep\n|turn|11\n|\n|t:|1698282863\n|switch|p1a: Tauros|Tauros-Paldea-Blaze, M|100\/100 par\n|-ability|p1a: Tauros|Intimidate|boost\n|-unboost|p2a: \ud83d\ude8c|atk|1\n|move|p2a: \ud83d\ude8c|Aura Wheel|p1a: Tauros\n|-resisted|p1a: Tauros\n|-damage|p1a: Tauros|76\/100 par\n|-boost|p2a: \ud83d\ude8c|spe|1\n|\n|-heal|p1a: Tauros|82\/100 par|[from] item: Leftovers\n|-formechange|p2a: \ud83d\ude8c|Morpeko||[from] ability: Hunger Switch\n|upkeep\n|turn|12\n|\n|t:|1698282868\n|switch|p2a: Aight Girl|Alomomola, F, shiny|89\/100\n|-damage|p2a: Aight Girl|76\/100|[from] Stealth Rock\n|move|p1a: Tauros|Close Combat|p2a: Aight Girl\n|-damage|p2a: Aight Girl|48\/100\n|-unboost|p1a: Tauros|def|1\n|-unboost|p1a: Tauros|spd|1\n|\n|-heal|p1a: Tauros|88\/100 par|[from] item: Leftovers\n|upkeep\n|turn|13\n|\n|t:|1698282876\n|switch|p1a: Ice Spice|Cramorant, M, shiny|100\/100\n|move|p2a: Aight Girl|Flip Turn|p1a: Ice Spice\n|-resisted|p1a: Ice Spice\n|-damage|p1a: Ice Spice|86\/100\n|\n|t:|1698282879\n|switch|p2a: \ud83d\ude8c|Morpeko, M, shiny|88\/100|[from] Flip Turn\n|-damage|p2a: \ud83d\ude8c|76\/100|[from] Stealth Rock\n|\n|-formechange|p2a: \ud83d\ude8c|Morpeko-Hangry||[from] ability: Hunger Switch\n|upkeep\n|turn|14\n|\n|t:|1698282888\n|switch|p1a: Tauros|Tauros-Paldea-Blaze, M|88\/100 par\n|-ability|p1a: Tauros|Intimidate|boost\n|-unboost|p2a: \ud83d\ude8c|atk|1\n|-terastallize|p2a: \ud83d\ude8c|Electric\n|move|p2a: \ud83d\ude8c|Parting Shot|p1a: Tauros\n|-unboost|p1a: Tauros|atk|1\n|-unboost|p1a: Tauros|spa|1\n|\n|t:|1698282891\n|switch|p2a: Aight Girl|Alomomola, F, shiny|81\/100|[from] Parting Shot\n|-damage|p2a: Aight Girl|69\/100|[from] Stealth Rock\n|\n|-heal|p1a: Tauros|94\/100 par|[from] item: Leftovers\n|upkeep\n|turn|15\n|\n|t:|1698282896\n|switch|p1a: Qwilfish|Qwilfish, M, shiny|60\/100 par\n|-ability|p1a: Qwilfish|Intimidate|boost\n|-unboost|p2a: Aight Girl|atk|1\n|move|p2a: Aight Girl|Flip Turn|p1a: Qwilfish\n|-resisted|p1a: Qwilfish\n|-damage|p1a: Qwilfish|55\/100 par\n|\n|t:|1698282899\n|switch|p2a: \ud83d\ude8c|Morpeko, M, shiny, tera:Electric|76\/100|[from] Flip Turn\n|-damage|p2a: \ud83d\ude8c|63\/100|[from] Stealth Rock\n|\n|upkeep\n|turn|16\n|\n|t:|1698282913\n|move|p2a: \ud83d\ude8c|Aura Wheel|p1a: Qwilfish\n|-supereffective|p1a: Qwilfish\n|-damage|p1a: Qwilfish|0 fnt\n|-boost|p2a: \ud83d\ude8c|spe|1\n|faint|p1a: Qwilfish\n|\n|upkeep\n|\n|t:|1698282917\n|switch|p1a: Orthworm|Orthworm, M|82\/100\n|turn|17\n|\n|t:|1698282922\n|switch|p2a: Phoenix|Cramorant, M, shiny|100\/100\n|-damage|p2a: Phoenix|76\/100|[from] Stealth Rock\n|move|p1a: Orthworm|Earthquake|p2a: Phoenix\n|-immune|p2a: Phoenix\n|\n|upkeep\n|turn|18\n|\n|t:|1698282927\n|move|p2a: Phoenix|Surf|p1a: Orthworm\n|-formechange|p2a: Phoenix|Cramorant-Gulping|\n|-damage|p1a: Orthworm|43\/100\n|move|p1a: Orthworm|Heavy Slam|p2a: Phoenix\n|-resisted|p2a: Phoenix\n|-damage|p2a: Phoenix|39\/100\n|-damage|p1a: Orthworm|18\/100|[from] ability: Gulp Missile|[of] p2a: Phoenix\n|-unboost|p1a: Orthworm|def|1\n|-formechange|p2a: Phoenix|Cramorant|\n|\n|upkeep\n|turn|19\n|\n|t:|1698282933\n|move|p2a: Phoenix|Surf|p1a: Orthworm\n|-formechange|p2a: Phoenix|Cramorant-Gorging|\n|-damage|p1a: Orthworm|0 fnt\n|faint|p1a: Orthworm\n|\n|upkeep\n|\n|t:|1698282940\n|switch|p1a: Komala|Komala, M|100\/100\n|-ability|p1a: Komala|Comatose\n|turn|20\n|\n|t:|1698282946\n|switch|p2a: Jules|Sableye, M, shiny|75\/100 psn\n|-damage|p2a: Jules|62\/100 psn|[from] Stealth Rock\n|move|p1a: Komala|Knock Off|p2a: Jules\n|-damage|p2a: Jules|28\/100 psn\n|-enditem|p2a: Jules|Leftovers|[from] move: Knock Off|[of] p1a: Komala\n|\n|-damage|p2a: Jules|16\/100 psn|[from] psn\n|upkeep\n|turn|21\n|\n|t:|1698282953\n|move|p2a: Jules|Encore|p1a: Komala\n|-start|p1a: Komala|Encore\n|move|p1a: Komala|Knock Off|p2a: Jules\n|-damage|p2a: Jules|0 fnt\n|faint|p2a: Jules\n|\n|upkeep\n|\n|t:|1698282956\n|switch|p2a: Mars|Heracross, M, shiny|100\/100\n|-damage|p2a: Mars|88\/100|[from] Stealth Rock\n|turn|22\n|\n|t:|1698282964\n|switch|p1a: Sableye|Sableye, F|74\/100 brn\n|move|p2a: Mars|Close Combat|p1a: Sableye\n|-immune|p1a: Sableye\n|\n|-heal|p2a: Mars|94\/100|[from] item: Leftovers\n|-damage|p1a: Sableye|67\/100 brn|[from] brn\n|upkeep\n|turn|23\n|\n|t:|1698282970\n|move|p2a: Mars|Spikes|p1a: Sableye\n|-sidestart|p1: CherylBush|Spikes\n|move|p1a: Sableye|Knock Off|p2a: Mars\n|-resisted|p2a: Mars\n|-damage|p2a: Mars|87\/100\n|-enditem|p2a: Mars|Leftovers|[from] move: Knock Off|[of] p1a: Sableye\n|\n|-damage|p1a: Sableye|61\/100 brn|[from] brn\n|upkeep\n|turn|24\n|\n|t:|1698282974\n|move|p1a: Sableye|Encore|p2a: Mars\n|-start|p2a: Mars|Encore\n|move|p2a: Mars|Spikes|p1a: Sableye\n|-sidestart|p1: CherylBush|Spikes\n|\n|-damage|p1a: Sableye|55\/100 brn|[from] brn\n|upkeep\n|turn|25\n|\n|t:|1698282980\n|switch|p2a: \ud83d\ude8c|Morpeko, M, shiny, tera:Electric|63\/100\n|-damage|p2a: \ud83d\ude8c|51\/100|[from] Stealth Rock\n|switch|p1a: Ice Spice|Cramorant, M, shiny|86\/100\n|\n|upkeep\n|turn|26\n|\n|t:|1698282987\n|-terastallize|p1a: Ice Spice|Ground\n|move|p2a: \ud83d\ude8c|Parting Shot|p1a: Ice Spice\n|-unboost|p1a: Ice Spice|atk|1\n|-unboost|p1a: Ice Spice|spa|1\n|\n|t:|1698282990\n|switch|p2a: Phoenix|Cramorant, M, shiny|39\/100|[from] Parting Shot\n|-damage|p2a: Phoenix|14\/100|[from] Stealth Rock\n|move|p1a: Ice Spice|Substitute|p1a: Ice Spice\n|-start|p1a: Ice Spice|Substitute\n|-damage|p1a: Ice Spice|61\/100\n|\n|upkeep\n|turn|27\n|\n|t:|1698282994\n|move|p2a: Phoenix|Surf|p1a: Ice Spice\n|-formechange|p2a: Phoenix|Cramorant-Gorging|\n|-supereffective|p1a: Ice Spice\n|-end|p1a: Ice Spice|Substitute\n|move|p1a: Ice Spice|Surf|p2a: Phoenix\n|-formechange|p1a: Ice Spice|Cramorant-Gulping|\n|-resisted|p2a: Phoenix\n|-damage|p2a: Phoenix|0 fnt\n|-damage|p1a: Ice Spice|36\/100|[from] ability: Gulp Missile|[of] p2a: Phoenix\n|-status|p1a: Ice Spice|par\n|-formechange|p2a: Phoenix|Cramorant|\n|faint|p2a: Phoenix\n|\n|upkeep\n|\n|t:|1698282999\n|switch|p2a: Mars|Heracross, M, shiny|87\/100\n|-damage|p2a: Mars|75\/100|[from] Stealth Rock\n|turn|28\n|\n|t:|1698283005\n|switch|p1a: Tauros|Tauros-Paldea-Blaze, M|94\/100 par\n|-damage|p1a: Tauros|78\/100 par|[from] Spikes\n|-ability|p1a: Tauros|Intimidate|boost\n|-unboost|p2a: Mars|atk|1\n|move|p2a: Mars|Earthquake|p1a: Tauros\n|-supereffective|p1a: Tauros\n|-damage|p1a: Tauros|37\/100 par\n|\n|-heal|p1a: Tauros|43\/100 par|[from] item: Leftovers\n|upkeep\n|turn|29\n|\n|t:|1698283010\n|switch|p1a: Komala|Komala, M|100\/100\n|-damage|p1a: Komala|84\/100|[from] Spikes\n|-ability|p1a: Komala|Comatose\n|move|p2a: Mars|Earthquake|p1a: Komala\n|-damage|p1a: Komala|57\/100\n|\n|upkeep\n|turn|30\n|\n|t:|1698283013\n|move|p2a: Mars|Close Combat|p1a: Komala\n|-supereffective|p1a: Komala\n|-damage|p1a: Komala|0 fnt\n|-unboost|p2a: Mars|def|1\n|-unboost|p2a: Mars|spd|1\n|faint|p1a: Komala\n|-ability|p2a: Mars|Moxie|boost\n|-boost|p2a: Mars|atk|1\n|\n|upkeep\n|c|\u2606CherylBush|gg\n|-message|CherylBush forfeited.\n|\n|win|Lucky Dae\n|c|\u2606Lucky Dae|gg\n","uploadtime":1698283024,"views":14,"p1id":"cherylbush","p2id":"luckydae","formatid":"gen9ubers","rating":0,"private":0,"password":""}