{"id":"gen9ubers-1981278379","p1":"DragonPhoenix333","p2":"jawiththeblicky","format":"[Gen 9] Ubers","log":"|j|\u2606DragonPhoenix333\n|j|\u2606jawiththeblicky\n|inactive|Battle timer is ON: inactive players will automatically lose when time's up.\n|t:|1698879072\n|gametype|singles\n|player|p1|DragonPhoenix333|nobunaga-conquest|\n|player|p2|jawiththeblicky|acetrainerf-gen4dp|\n|teamsize|p1|6\n|teamsize|p2|6\n|gen|9\n|tier|[Gen 9] Ubers\n|rated|Tournament battle\n|rule|Sleep Clause Mod: Limit one foe put to sleep\n|rule|Species Clause: Limit one of each Pok\u00e9mon\n|rule|OHKO Clause: OHKO moves are banned\n|rule|Evasion Items Clause: Evasion items are banned\n|rule|Evasion Moves Clause: Evasion moves are banned\n|rule|Endless Battle Clause: Forcing endless battles is banned\n|rule|HP Percentage Mod: HP is shown in percentages\n|clearpoke\n|poke|p1|Koraidon|\n|poke|p1|Flutter Mane|\n|poke|p1|Miraidon|\n|poke|p1|Iron Bundle|\n|poke|p1|Scream Tail|\n|poke|p1|Iron Treads|\n|poke|p2|Roaring Moon|\n|poke|p2|Iron Bundle|\n|poke|p2|Flutter Mane|\n|poke|p2|Miraidon|\n|poke|p2|Koraidon|\n|poke|p2|Iron Valiant|\n|teampreview\n|j|*Lady Monita \u263d\n|c|\u2606DragonPhoenix333|hf\n|c|\u2606jawiththeblicky|gl\n|\n|t:|1698879086\n|start\n|switch|p1a: Koraidon|Koraidon|100\/100\n|switch|p2a: Miraidon|Miraidon|100\/100\n|-weather|SunnyDay|[from] ability: Orichalcum Pulse|[of] p1a: Koraidon\n|-activate|p1a: Koraidon|Orichalcum Pulse|[source]\n|-fieldstart|move: Electric Terrain|[from] ability: Hadron Engine|[of] p2a: Miraidon\n|turn|1\n|\n|t:|1698879113\n|move|p2a: Miraidon|Dazzling Gleam|p1a: Koraidon\n|-supereffective|p1a: Koraidon\n|-damage|p1a: Koraidon|0 fnt\n|faint|p1a: Koraidon\n|\n|-weather|SunnyDay|[upkeep]\n|upkeep\n|c|\u2606DragonPhoenix333|damn scarf\n|\n|t:|1698879120\n|switch|p1a: Iron Treads|Iron Treads|100\/100\n|-activate|p1a: Iron Treads|ability: Quark Drive\n|-start|p1a: Iron Treads|quarkdrivespd\n|turn|2\n|inactive|jawiththeblicky has 120 seconds left.\n|\n|t:|1698879146\n|switch|p2a: Iron Bundle|Iron Bundle, shiny|100\/100\n|-activate|p2a: Iron Bundle|ability: Quark Drive\n|-start|p2a: Iron Bundle|quarkdrivespe\n|move|p1a: Iron Treads|Volt Switch|p2a: Iron Bundle\n|-supereffective|p2a: Iron Bundle\n|-damage|p2a: Iron Bundle|39\/100\n|\n|t:|1698879160\n|-end|p1a: Iron Treads|Quark Drive|[silent]\n|switch|p1a: Miraidon|Miraidon|100\/100|[from] Volt Switch\n|-activate|p1a: Miraidon|ability: Hadron Engine\n|\n|-weather|SunnyDay|[upkeep]\n|upkeep\n|turn|3\n|inactive|jawiththeblicky has 120 seconds left.\n|\n|t:|1698879177\n|switch|p1a: Iron Treads|Iron Treads|100\/100\n|-activate|p1a: Iron Treads|ability: Quark Drive\n|-start|p1a: Iron Treads|quarkdrivespd\n|move|p2a: Iron Bundle|Hydro Pump|p1a: Iron Treads|[miss]\n|-miss|p2a: Iron Bundle|p1a: Iron Treads\n|\n|-weather|SunnyDay|[upkeep]\n|upkeep\n|turn|4\n|inactive|jawiththeblicky has 120 seconds left.\n|\n|t:|1698879187\n|move|p2a: Iron Bundle|Hydro Pump|p1a: Iron Treads\n|-supereffective|p1a: Iron Treads\n|-damage|p1a: Iron Treads|70\/100\n|-damage|p2a: Iron Bundle|29\/100|[from] item: Life Orb\n|move|p1a: Iron Treads|Volt Switch|p2a: Iron Bundle\n|-supereffective|p2a: Iron Bundle\n|-damage|p2a: Iron Bundle|0 fnt\n|faint|p2a: Iron Bundle\n|-end|p2a: Iron Bundle|Quark Drive|[silent]\n|\n|t:|1698879191\n|-end|p1a: Iron Treads|Quark Drive|[silent]\n|switch|p1a: Miraidon|Miraidon|100\/100|[from] Volt Switch\n|-activate|p1a: Miraidon|ability: Hadron Engine\n|\n|-weather|SunnyDay|[upkeep]\n|upkeep\n|\n|t:|1698879201\n|switch|p2a: Miraidon|Miraidon|100\/100\n|-activate|p2a: Miraidon|ability: Hadron Engine\n|turn|5\n|\n|t:|1698879205\n|-terastallize|p1a: Miraidon|Fairy\n|move|p2a: Miraidon|Dazzling Gleam|p1a: Miraidon\n|-damage|p1a: Miraidon|72\/100\n|move|p1a: Miraidon|Agility|p1a: Miraidon\n|-boost|p1a: Miraidon|spe|2\n|\n|-weather|none\n|-heal|p1a: Miraidon|79\/100|[from] item: Leftovers\n|-fieldend|move: Electric Terrain\n|upkeep\n|turn|6\n|\n|t:|1698879226\n|move|p1a: Miraidon|Calm Mind|p1a: Miraidon\n|-boost|p1a: Miraidon|spa|1\n|-boost|p1a: Miraidon|spd|1\n|move|p2a: Miraidon|Dazzling Gleam|p1a: Miraidon\n|-damage|p1a: Miraidon|64\/100\n|\n|-heal|p1a: Miraidon|70\/100|[from] item: Leftovers\n|upkeep\n|turn|7\n|\n|t:|1698879238\n|move|p1a: Miraidon|Calm Mind|p1a: Miraidon\n|-boost|p1a: Miraidon|spa|1\n|-boost|p1a: Miraidon|spd|1\n|move|p2a: Miraidon|Dazzling Gleam|p1a: Miraidon\n|-damage|p1a: Miraidon|59\/100\n|\n|-heal|p1a: Miraidon|66\/100|[from] item: Leftovers\n|upkeep\n|turn|8\n|\n|t:|1698879250\n|switch|p2a: Flutter Mane|Flutter Mane, shiny|100\/100\n|move|p1a: Miraidon|Agility|p1a: Miraidon\n|-boost|p1a: Miraidon|spe|2\n|\n|-heal|p1a: Miraidon|72\/100|[from] item: Leftovers\n|upkeep\n|turn|9\n|inactive|jawiththeblicky has 120 seconds left.\n|\n|t:|1698879275\n|move|p1a: Miraidon|Calm Mind|p1a: Miraidon\n|-boost|p1a: Miraidon|spa|1\n|-boost|p1a: Miraidon|spd|1\n|move|p2a: Flutter Mane|Moonblast|p1a: Miraidon\n|-damage|p1a: Miraidon|50\/100\n|-unboost|p1a: Miraidon|spa|1\n|-damage|p2a: Flutter Mane|91\/100|[from] item: Life Orb\n|\n|-heal|p1a: Miraidon|56\/100|[from] item: Leftovers\n|upkeep\n|turn|10\n|\n|t:|1698879284\n|move|p1a: Miraidon|Calm Mind|p1a: Miraidon\n|-boost|p1a: Miraidon|spa|1\n|-boost|p1a: Miraidon|spd|1\n|move|p2a: Flutter Mane|Moonblast|p1a: Miraidon\n|-damage|p1a: Miraidon|39\/100\n|-damage|p2a: Flutter Mane|81\/100|[from] item: Life Orb\n|\n|-heal|p1a: Miraidon|45\/100|[from] item: Leftovers\n|upkeep\n|turn|11\n|\n|t:|1698879288\n|move|p1a: Miraidon|Parabolic Charge|p2a: Flutter Mane\n|-damage|p2a: Flutter Mane|0 fnt\n|-heal|p1a: Miraidon|70\/100|[from] drain|[of] p2a: Flutter Mane\n|faint|p2a: Flutter Mane\n|-end|p2a: Flutter Mane|Protosynthesis|[silent]\n|\n|-heal|p1a: Miraidon|76\/100|[from] item: Leftovers\n|upkeep\n|\n|t:|1698879290\n|switch|p2a: Roaring Moon|Roaring Moon, shiny|100\/100\n|turn|12\n|c|\u2606DragonPhoenix333|gg\n|\n|t:|1698879294\n|-terastallize|p2a: Roaring Moon|Steel\n|move|p1a: Miraidon|Dazzling Gleam|p2a: Roaring Moon\n|-resisted|p2a: Roaring Moon\n|-damage|p2a: Roaring Moon|45\/100\n|move|p2a: Roaring Moon|Iron Head|p1a: Miraidon\n|-supereffective|p1a: Miraidon\n|-damage|p1a: Miraidon|0 fnt\n|faint|p1a: Miraidon\n|\n|upkeep\n|c|\u2606DragonPhoenix333|nvm\n|\n|t:|1698879300\n|switch|p1a: Iron Treads|Iron Treads|70\/100\n|turn|13\n|c|\u2606DragonPhoenix333|idk im tripping\n|\n|t:|1698879311\n|move|p2a: Roaring Moon|Earthquake|p1a: Iron Treads\n|-supereffective|p1a: Iron Treads\n|-damage|p1a: Iron Treads|8\/100\n|move|p1a: Iron Treads|Earthquake|p2a: Roaring Moon\n|-supereffective|p2a: Roaring Moon\n|-damage|p2a: Roaring Moon|0 fnt\n|faint|p2a: Roaring Moon\n|-end|p2a: Roaring Moon|Protosynthesis|[silent]\n|\n|upkeep\n|\n|t:|1698879321\n|switch|p2a: Iron Valiant|Iron Valiant, shiny|100\/100\n|turn|14\n|\n|t:|1698879329\n|move|p2a: Iron Valiant|Knock Off|p1a: Iron Treads\n|-damage|p1a: Iron Treads|0 fnt\n|-enditem|p1a: Iron Treads|Assault Vest|[from] move: Knock Off|[of] p2a: Iron Valiant\n|faint|p1a: Iron Treads\n|-end|p1a: Iron Treads|Quark Drive|[silent]\n|\n|upkeep\n|\n|t:|1698879333\n|switch|p1a: Flutter Mane|Flutter Mane|100\/100\n|-enditem|p1a: Flutter Mane|Booster Energy\n|-activate|p1a: Flutter Mane|ability: Protosynthesis|[fromitem]\n|-start|p1a: Flutter Mane|protosynthesisspe\n|turn|15\n|\n|t:|1698879342\n|move|p1a: Flutter Mane|Moonblast|p2a: Iron Valiant\n|-supereffective|p2a: Iron Valiant\n|-damage|p2a: Iron Valiant|0 fnt\n|faint|p2a: Iron Valiant\n|-end|p2a: Iron Valiant|Quark Drive|[silent]\n|\n|upkeep\n|\n|t:|1698879346\n|switch|p2a: Koraidon|Koraidon|100\/100\n|-weather|SunnyDay|[from] ability: Orichalcum Pulse|[of] p2a: Koraidon\n|-activate|p2a: Koraidon|Orichalcum Pulse|[source]\n|turn|16\n|\n|t:|1698879350\n|move|p1a: Flutter Mane|Moonblast|p2a: Koraidon\n|-supereffective|p2a: Koraidon\n|-damage|p2a: Koraidon|0 fnt\n|faint|p2a: Koraidon\n|\n|-weather|SunnyDay|[upkeep]\n|upkeep\n|\n|t:|1698879352\n|switch|p2a: Miraidon|Miraidon|100\/100\n|-fieldstart|move: Electric Terrain|[from] ability: Hadron Engine|[of] p2a: Miraidon\n|turn|17\n|\n|t:|1698879354\n|move|p1a: Flutter Mane|Moonblast|p2a: Miraidon\n|-supereffective|p2a: Miraidon\n|-damage|p2a: Miraidon|8\/100\n|move|p2a: Miraidon|Parabolic Charge|p1a: Flutter Mane\n|-damage|p1a: Flutter Mane|39\/100\n|-heal|p2a: Miraidon|30\/100|[from] drain|[of] p1a: Flutter Mane\n|\n|-weather|SunnyDay|[upkeep]\n|upkeep\n|turn|18\n|\n|t:|1698879359\n|move|p1a: Flutter Mane|Moonblast|p2a: Miraidon\n|-supereffective|p2a: Miraidon\n|-damage|p2a: Miraidon|0 fnt\n|faint|p2a: Miraidon\n|\n|win|DragonPhoenix333\n|n|\u2606DragonPhoenix333|dragonphoenix333\n|n|\u2606jawiththeblicky|jawiththeblicky\n|n|*Lady Monita \u263d|ladymonita\n","uploadtime":1698879360,"views":12,"p1id":"dragonphoenix333","p2id":"jawiththeblicky","formatid":"gen9ubers","rating":0,"private":0,"password":""}