{"id":"gen9ubers-1996647490","p1":"Skyiewxz","p2":"WARIOROFLIBERATION","format":"[Gen 9] Ubers","log":"|j|\u2606Skyiewxz\n|j|\u2606WARIOROFLIBERATION\n|t:|1700704841\n|gametype|singles\n|player|p1|Skyiewxz|dawn|1578\n|player|p2|WARIOROFLIBERATION|red-gen2|1546\n|teamsize|p1|6\n|teamsize|p2|6\n|gen|9\n|tier|[Gen 9] Ubers\n|rated|\n|rule|Sleep Clause Mod: Limit one foe put to sleep\n|rule|Species Clause: Limit one of each Pok\u00e9mon\n|rule|OHKO Clause: OHKO moves are banned\n|rule|Evasion Items Clause: Evasion items are banned\n|rule|Evasion Moves Clause: Evasion moves are banned\n|rule|Endless Battle Clause: Forcing endless battles is banned\n|rule|HP Percentage Mod: HP is shown in percentages\n|clearpoke\n|poke|p1|Grimmsnarl, M|\n|poke|p1|Koraidon|\n|poke|p1|Arceus|\n|poke|p1|Miraidon|\n|poke|p1|Zacian-*|\n|poke|p1|Calyrex-Ice|\n|poke|p2|Cinderace, M|\n|poke|p2|Annihilape, M|\n|poke|p2|Arceus|\n|poke|p2|Landorus, M|\n|poke|p2|Klefki, M|\n|poke|p2|Eternatus|\n|teampreview\n|\n|t:|1700704871\n|start\n|switch|p1a: Grimmsnarl|Grimmsnarl, M|100\/100\n|switch|p2a: MONKEY D.DRAGON|Eternatus|100\/100\n|-ability|p2a: MONKEY D.DRAGON|Pressure\n|turn|1\n|inactive|Battle timer is ON: inactive players will automatically lose when time's up. (requested by WARIOROFLIBERATION)\n|\n|t:|1700704895\n|move|p1a: Grimmsnarl|Light Screen|p1a: Grimmsnarl\n|-sidestart|p1: Skyiewxz|move: Light Screen\n|move|p2a: MONKEY D.DRAGON|Fire Spin|p1a: Grimmsnarl|[miss]\n|-miss|p2a: MONKEY D.DRAGON|p1a: Grimmsnarl\n|\n|upkeep\n|turn|2\n|inactive|Skyiewxz has 120 seconds left.\n|\n|t:|1700704940\n|switch|p1a: Koraidon|Koraidon|100\/100\n|-weather|SunnyDay|[from] ability: Orichalcum Pulse|[of] p1a: Koraidon\n|-activate|p1a: Koraidon|Orichalcum Pulse|[source]\n|move|p2a: MONKEY D.DRAGON|Toxic|p1a: Koraidon\n|-status|p1a: Koraidon|tox\n|\n|-weather|SunnyDay|[upkeep]\n|-damage|p1a: Koraidon|94\/100 tox|[from] psn\n|upkeep\n|turn|3\n|\n|t:|1700704964\n|switch|p2a: MONKEY D.LUFFY|Annihilape, M, shiny|100\/100\n|move|p1a: Koraidon|Swords Dance|p1a: Koraidon\n|-boost|p1a: Koraidon|atk|2\n|\n|-weather|SunnyDay|[upkeep]\n|-damage|p1a: Koraidon|82\/100 tox|[from] psn\n|upkeep\n|turn|4\n|inactive|Skyiewxz has 120 seconds left.\n|\n|t:|1700704980\n|switch|p2a: THE SUNNY'S KEYS|Klefki, M, shiny|100\/100\n|move|p1a: Koraidon|Scale Shot|p2a: THE SUNNY'S KEYS\n|-immune|p2a: THE SUNNY'S KEYS\n|\n|-weather|SunnyDay|[upkeep]\n|-damage|p1a: Koraidon|64\/100 tox|[from] psn\n|upkeep\n|turn|5\n|inactive|Skyiewxz has 120 seconds left.\n|inactive|WARIOROFLIBERATION has 120 seconds left.\n|inactive|Skyiewxz has 90 seconds left.\n|\n|t:|1700705039\n|switch|p2a: MONKEY D.LUFFY|Annihilape, M, shiny|100\/100\n|move|p1a: Koraidon|Flare Blitz|p2a: MONKEY D.LUFFY\n|-damage|p2a: MONKEY D.LUFFY|0 fnt\n|faint|p2a: MONKEY D.LUFFY\n|-damage|p1a: Koraidon|22\/100 tox|[from] Recoil\n|\n|-weather|SunnyDay|[upkeep]\n|-damage|p1a: Koraidon|0 fnt|[from] psn\n|faint|p1a: Koraidon\n|upkeep\n|inactive|WARIOROFLIBERATION has 120 seconds left.\n|inactive|WARIOROFLIBERATION has 90 seconds left.\n|\n|t:|1700705085\n|switch|p1a: Calyrex|Calyrex-Ice|100\/100\n|switch|p2a: MONKEY D.GARP|Landorus, M, shiny|100\/100\n|-ability|p1a: Calyrex|As One\n|-ability|p1a: Calyrex|Unnerve\n|turn|6\n|inactive|Skyiewxz has 60 seconds left.\n|\n|t:|1700705122\n|switch|p2a: THE SUNNY'S KEYS|Klefki, M, shiny|100\/100\n|move|p1a: Calyrex|Trick Room|p1a: Calyrex\n|-fieldstart|move: Trick Room|[of] p1a: Calyrex\n|\n|-weather|none\n|upkeep\n|turn|7\n|inactive|WARIOROFLIBERATION has 90 seconds left.\n|\n|t:|1700705141\n|move|p2a: THE SUNNY'S KEYS|Reflect|p2a: THE SUNNY'S KEYS\n|-sidestart|p2: WARIOROFLIBERATION|Reflect\n|move|p1a: Calyrex|High Horsepower|p2a: THE SUNNY'S KEYS\n|-supereffective|p2a: THE SUNNY'S KEYS\n|-damage|p2a: THE SUNNY'S KEYS|62\/100\n|\n|upkeep\n|turn|8\n|inactive|WARIOROFLIBERATION has 90 seconds left.\n|inactive|Skyiewxz has 60 seconds left.\n|inactive|Skyiewxz has 30 seconds left.\n|inactive|Skyiewxz has 20 seconds left.\n|\n|t:|1700705195\n|move|p1a: Calyrex|Swords Dance|p1a: Calyrex\n|-boost|p1a: Calyrex|atk|2\n|move|p2a: THE SUNNY'S KEYS|Foul Play|p1a: Calyrex\n|-supereffective|p1a: Calyrex\n|-damage|p1a: Calyrex|0 fnt\n|faint|p1a: Calyrex\n|\n|-sideend|p1: Skyiewxz|move: Light Screen\n|upkeep\n|inactive|Skyiewxz has 25 seconds left this turn.\n|inactive|Skyiewxz has 20 seconds left.\n|\n|t:|1700705200\n|switch|p1a: Arceus|Arceus|100\/100\n|turn|9\n|inactive|Skyiewxz has 30 seconds left this turn.\n|\n|t:|1700705209\n|switch|p1a: Grimmsnarl|Grimmsnarl, M|100\/100\n|move|p2a: THE SUNNY'S KEYS|Foul Play|p1a: Grimmsnarl\n|-resisted|p1a: Grimmsnarl\n|-damage|p1a: Grimmsnarl|93\/100\n|\n|upkeep\n|turn|10\n|inactive|Skyiewxz has 30 seconds left.\n|inactive|Skyiewxz has 20 seconds left.\n|inactive|Skyiewxz has 15 seconds left.\n|\n|t:|1700705237\n|switch|p2a: PORTGAS D.ACE|Cinderace, M|100\/100\n|move|p1a: Grimmsnarl|Reflect|p1a: Grimmsnarl\n|-sidestart|p1: Skyiewxz|Reflect\n|\n|-fieldend|move: Trick Room\n|upkeep\n|turn|11\n|inactive|Skyiewxz has 25 seconds left this turn.\n|\n|t:|1700705242\n|switch|p1a: Miraidon|Miraidon|100\/100\n|-fieldstart|move: Electric Terrain|[from] ability: Hadron Engine|[of] p1a: Miraidon\n|move|p2a: PORTGAS D.ACE|Court Change|p2a: PORTGAS D.ACE\n|-start|p2a: PORTGAS D.ACE|typechange|Normal|[from] ability: Libero\n|-swapsideconditions\n|-activate|p2a: PORTGAS D.ACE|move: Court Change\n|\n|upkeep\n|turn|12\n|inactive|WARIOROFLIBERATION has 90 seconds left.\n|\n|t:|1700705265\n|move|p2a: PORTGAS D.ACE|U-turn|p1a: Miraidon\n|-damage|p1a: Miraidon|92\/100\n|\n|t:|1700705275\n|switch|p2a: THE SUNNY'S KEYS|Klefki, M, shiny|62\/100|[from] U-turn\n|move|p1a: Miraidon|Agility|p1a: Miraidon\n|-boost|p1a: Miraidon|spe|2\n|\n|upkeep\n|turn|13\n|inactive|Skyiewxz has 30 seconds left.\n|inactive|Skyiewxz has 20 seconds left.\n|inactive|Skyiewxz has 15 seconds left.\n|inactive|Skyiewxz has 10 seconds left.\n|inactive|Skyiewxz has 5 seconds left.\n|-message|Skyiewxz lost due to inactivity.\n|\n|win|WARIOROFLIBERATION\n|raw|Skyiewxz's rating: 1578 &rarr; <strong>1556<\/strong><br \/>(-22 for losing)\n|raw|WARIOROFLIBERATION's rating: 1546 &rarr; <strong>1568<\/strong><br \/>(+22 for winning)\n","uploadtime":1700705331,"views":1,"p1id":"skyiewxz","p2id":"wariorofliberation","formatid":"gen9ubers","rating":1556,"private":0,"password":""}