{"id":"gen9ubers-1974644316","p1":"bareraptor","p2":"Bondayru","format":"[Gen 9] Ubers","log":"|j|\u2606bareraptor\n|j|\u2606Bondayru\n|t:|1698105955\n|gametype|singles\n|player|p1|bareraptor|169|\n|player|p2|Bondayru|1|\n|teamsize|p1|6\n|teamsize|p2|6\n|gen|9\n|tier|[Gen 9] Ubers\n|rule|Sleep Clause Mod: Limit one foe put to sleep\n|rule|Species Clause: Limit one of each Pok\u00e9mon\n|rule|OHKO Clause: OHKO moves are banned\n|rule|Evasion Items Clause: Evasion items are banned\n|rule|Evasion Moves Clause: Evasion moves are banned\n|rule|Endless Battle Clause: Forcing endless battles is banned\n|rule|HP Percentage Mod: HP is shown in percentages\n|clearpoke\n|poke|p1|Ogerpon-Hearthflame, F|\n|poke|p1|Cyclizar, F|\n|poke|p1|Sandy Shocks|\n|poke|p1|Zamazenta-*|\n|poke|p1|Tinkaton, F|\n|poke|p1|Toedscruel, F|\n|poke|p2|Dragapult, M|\n|poke|p2|Kingambit, F|\n|poke|p2|Enamorus, F|\n|poke|p2|Iron Treads|\n|poke|p2|Diancie|\n|poke|p2|Vikavolt, M|\n|teampreview\n|c|\u2606Bondayru|gl gl\n|c|\u2606bareraptor|gl hf!\n|c|\u2606Bondayru|hf hf\n|c|\u2606bareraptor|hf gl!\n|j| kayjulers\n|c| kayjulers|hg fl\n|c|\u2606bareraptor|Horrible game fuck Luke???\n|\n|t:|1698106143\n|start\n|switch|p1a: Toedscruel|Toedscruel, F|100\/100\n|switch|p2a: Santino|Dragapult, M|100\/100\n|turn|1\n|\n|t:|1698106168\n|move|p2a: Santino|U-turn|p1a: Toedscruel\n|-supereffective|p1a: Toedscruel\n|-damage|p1a: Toedscruel|50\/100\n|\n|t:|1698106171\n|switch|p2a: Aerodynamics|Vikavolt, M|100\/100|[from] U-turn\n|move|p1a: Toedscruel|Spore|p2a: Aerodynamics\n|-status|p2a: Aerodynamics|slp|[from] move: Spore\n|\n|upkeep\n|turn|2\n|\n|t:|1698106196\n|switch|p2a: Nimbus|Enamorus, F|100\/100\n|move|p1a: Toedscruel|Spikes|p2a: Nimbus\n|-sidestart|p2: Bondayru|Spikes\n|\n|upkeep\n|turn|3\n|\n|t:|1698106208\n|switch|p1a: Tinkaton|Tinkaton, F|100\/100\n|-ability|p1a: Tinkaton|Mold Breaker\n|move|p2a: Nimbus|Moonblast|p1a: Tinkaton\n|-resisted|p1a: Tinkaton\n|-damage|p1a: Tinkaton|83\/100\n|\n|-heal|p1a: Tinkaton|89\/100|[from] item: Leftovers\n|upkeep\n|turn|4\n|c| kayjulers|Actually, it was \"Have Gun, Fuck Luke\", but that's a fair interpretation\n|\n|t:|1698106226\n|switch|p2a: Rollyboi|Iron Treads|100\/100\n|-damage|p2a: Rollyboi|88\/100|[from] Spikes\n|move|p1a: Tinkaton|Knock Off|p2a: Rollyboi\n|-damage|p2a: Rollyboi|75\/100\n|-enditem|p2a: Rollyboi|Leftovers|[from] move: Knock Off|[of] p1a: Tinkaton\n|\n|-heal|p1a: Tinkaton|95\/100|[from] item: Leftovers\n|upkeep\n|turn|5\n|c| kayjulers|Love you tho\n|c|\u2606bareraptor|<3\n|\n|t:|1698106307\n|switch|p1a: Cyclizar|Cyclizar, F|100\/100\n|move|p2a: Rollyboi|Stealth Rock|p1a: Cyclizar\n|-sidestart|p1: bareraptor|move: Stealth Rock\n|\n|upkeep\n|turn|6\n|\n|t:|1698106329\n|move|p1a: Cyclizar|Overheat|p2a: Rollyboi\n|-supereffective|p2a: Rollyboi\n|-damage|p2a: Rollyboi|10\/100\n|-unboost|p1a: Cyclizar|spa|2\n|move|p2a: Rollyboi|Earthquake|p1a: Cyclizar\n|-damage|p1a: Cyclizar|48\/100\n|\n|upkeep\n|turn|7\n|\n|t:|1698106401\n|switch|p1a: Toedscruel|Toedscruel, F|50\/100\n|-damage|p1a: Toedscruel|44\/100|[from] Stealth Rock\n|-end|p2a: Rollyboi|Quark Drive|[silent]\n|switch|p2a: Posture|Diancie|100\/100\n|-damage|p2a: Posture|88\/100|[from] Spikes\n|\n|-heal|p2a: Posture|94\/100|[from] item: Leftovers\n|upkeep\n|turn|8\n|\n|t:|1698106435\n|move|p1a: Toedscruel|Rapid Spin|p2a: Posture\n|-resisted|p2a: Posture\n|-damage|p2a: Posture|92\/100\n|-boost|p1a: Toedscruel|spe|1\n|-sideend|p1: bareraptor|Stealth Rock|[from] move: Rapid Spin|[of] p1a: Toedscruel\n|move|p2a: Posture|Diamond Storm|p1a: Toedscruel\n|-resisted|p1a: Toedscruel\n|-damage|p1a: Toedscruel|17\/100\n|\n|-heal|p2a: Posture|98\/100|[from] item: Leftovers\n|upkeep\n|turn|9\n|\n|t:|1698106467\n|switch|p2a: Nimbus|Enamorus, F|100\/100\n|move|p1a: Toedscruel|Earth Power|p2a: Nimbus\n|-immune|p2a: Nimbus\n|\n|upkeep\n|turn|10\n|\n|t:|1698106498\n|switch|p1a: Tinkaton|Tinkaton, F|95\/100\n|-ability|p1a: Tinkaton|Mold Breaker\n|move|p2a: Nimbus|Earth Power|p1a: Tinkaton\n|-supereffective|p1a: Tinkaton\n|-damage|p1a: Tinkaton|57\/100\n|-unboost|p1a: Tinkaton|spd|1\n|\n|-heal|p1a: Tinkaton|64\/100|[from] item: Leftovers\n|upkeep\n|turn|11\n|\n|t:|1698106634\n|switch|p2a: Chief|Kingambit, F|100\/100\n|-damage|p2a: Chief|88\/100|[from] Spikes\n|move|p1a: Tinkaton|Gigaton Hammer|p2a: Chief\n|-resisted|p2a: Chief\n|-damage|p2a: Chief|71\/100\n|\n|-heal|p1a: Tinkaton|70\/100|[from] item: Leftovers\n|-heal|p2a: Chief|78\/100|[from] item: Leftovers\n|upkeep\n|turn|12\n|\n|t:|1698106670\n|move|p1a: Tinkaton|Thunder Wave|p2a: Chief|[miss]\n|-miss|p1a: Tinkaton|p2a: Chief\n|move|p2a: Chief|Iron Head|p1a: Tinkaton\n|-damage|p1a: Tinkaton|17\/100\n|\n|-heal|p1a: Tinkaton|23\/100|[from] item: Leftovers\n|-heal|p2a: Chief|84\/100|[from] item: Leftovers\n|upkeep\n|turn|13\n|c|\u2606bareraptor|damn\n|c|\u2606Bondayru|sorry for miss\n|\n|t:|1698106687\n|-end|p2a: Chief|fallenundefined|[silent]\n|switch|p2a: Aerodynamics|Vikavolt, M|100\/100 slp\n|move|p1a: Tinkaton|Thunder Wave|p2a: Aerodynamics|[miss]\n|-miss|p1a: Tinkaton|p2a: Aerodynamics\n|\n|-heal|p1a: Tinkaton|29\/100|[from] item: Leftovers\n|upkeep\n|turn|14\n|\n|t:|1698106694\n|move|p1a: Tinkaton|Knock Off|p2a: Aerodynamics\n|-damage|p2a: Aerodynamics|77\/100 slp\n|-enditem|p2a: Aerodynamics|Life Orb|[from] move: Knock Off|[of] p1a: Tinkaton\n|cant|p2a: Aerodynamics|slp\n|\n|-heal|p1a: Tinkaton|35\/100|[from] item: Leftovers\n|upkeep\n|turn|15\n|\n|t:|1698106709\n|switch|p1a: Toedscruel|Toedscruel, F|17\/100\n|-curestatus|p2a: Aerodynamics|slp|[msg]\n|move|p2a: Aerodynamics|Sticky Web|p1a: Toedscruel\n|-sidestart|p1: bareraptor|move: Sticky Web\n|\n|upkeep\n|turn|16\n|\n|t:|1698106723\n|move|p2a: Aerodynamics|Agility|p2a: Aerodynamics\n|-boost|p2a: Aerodynamics|spe|2\n|move|p1a: Toedscruel|Spore|p2a: Aerodynamics\n|-status|p2a: Aerodynamics|slp|[from] move: Spore\n|\n|upkeep\n|turn|17\n|\n|t:|1698106732\n|cant|p2a: Aerodynamics|slp\n|move|p1a: Toedscruel|Rapid Spin|p2a: Aerodynamics\n|-damage|p2a: Aerodynamics|67\/100 slp\n|-boost|p1a: Toedscruel|spe|1\n|-sideend|p1: bareraptor|Sticky Web|[from] move: Rapid Spin|[of] p1a: Toedscruel\n|\n|upkeep\n|turn|18\n|\n|t:|1698106753\n|switch|p1a: Sandy Shocks|Sandy Shocks|100\/100\n|cant|p2a: Aerodynamics|slp\n|\n|upkeep\n|turn|19\n|\n|t:|1698106760\n|-curestatus|p2a: Aerodynamics|slp|[msg]\n|move|p2a: Aerodynamics|Bug Buzz|p1a: Sandy Shocks\n|-damage|p1a: Sandy Shocks|33\/100\n|-unboost|p1a: Sandy Shocks|spd|1\n|move|p1a: Sandy Shocks|Power Gem|p2a: Aerodynamics\n|-supereffective|p2a: Aerodynamics\n|-damage|p2a: Aerodynamics|0 fnt\n|faint|p2a: Aerodynamics\n|\n|upkeep\n|\n|t:|1698106769\n|switch|p2a: Santino|Dragapult, M|100\/100\n|-damage|p2a: Santino|88\/100|[from] Spikes\n|turn|20\n|\n|t:|1698106789\n|move|p2a: Santino|Draco Meteor|p1a: Sandy Shocks\n|-damage|p1a: Sandy Shocks|0 fnt\n|-unboost|p2a: Santino|spa|2\n|faint|p1a: Sandy Shocks\n|-end|p1a: Sandy Shocks|Protosynthesis|[silent]\n|\n|upkeep\n|\n|t:|1698106943\n|switch|p1a: Ogerpon|Ogerpon-Hearthflame, F|100\/100\n|-ability|p1a: Ogerpon|Mold Breaker\n|turn|21\n|\n|t:|1698107032\n|-terastallize|p1a: Ogerpon|Fire\n|detailschange|p1a: Ogerpon|Ogerpon-Hearthflame-Tera, F, tera:Fire\n|-ability|p1a: Ogerpon|Embody Aspect (Hearthflame)|boost\n|-boost|p1a: Ogerpon|atk|1\n|move|p2a: Santino|Draco Meteor|p1a: Ogerpon\n|-damage|p1a: Ogerpon|55\/100\n|-unboost|p2a: Santino|spa|2\n|move|p1a: Ogerpon|Trailblaze|p2a: Santino\n|-resisted|p2a: Santino\n|-damage|p2a: Santino|57\/100\n|-boost|p1a: Ogerpon|spe|1\n|\n|upkeep\n|turn|22\n|\n|t:|1698107075\n|switch|p2a: Rollyboi|Iron Treads|10\/100\n|-damage|p2a: Rollyboi|0 fnt|[from] Spikes\n|faint|p2a: Rollyboi\n|-end|p2a: Rollyboi|Quark Drive|[silent]\n|move|p1a: Ogerpon|Ivy Cudgel|p2: Rollyboi|[notarget]\n|-fail|p1a: Ogerpon\n|\n|upkeep\n|\n|t:|1698107086\n|switch|p2a: Posture|Diancie|98\/100\n|-damage|p2a: Posture|86\/100|[from] Spikes\n|turn|23\n|\n|t:|1698107096\n|move|p1a: Ogerpon|Horn Leech|p2a: Posture\n|-supereffective|p2a: Posture\n|-damage|p2a: Posture|1\/100\n|-heal|p1a: Ogerpon|98\/100|[from] drain|[of] p2a: Posture\n|move|p2a: Posture|Diamond Storm|p1a: Ogerpon\n|-supereffective|p1a: Ogerpon\n|-damage|p1a: Ogerpon|15\/100\n|-boost|p2a: Posture|def|2\n|\n|-heal|p2a: Posture|7\/100|[from] item: Leftovers\n|upkeep\n|turn|24\n|c|\u2606bareraptor|SO CLOSE\n|c|\u2606Bondayru|:3\n|\n|t:|1698107329\n|switch|p2a: Chief|Kingambit, F|84\/100\n|-damage|p2a: Chief|71\/100|[from] Spikes\n|-activate|p2a: Chief|ability: Supreme Overlord\n|-start|p2a: Chief|fallen2|[silent]\n|move|p1a: Ogerpon|Horn Leech|p2a: Chief\n|-resisted|p2a: Chief\n|-damage|p2a: Chief|47\/100\n|-heal|p1a: Ogerpon|31\/100|[from] drain|[of] p2a: Chief\n|\n|-heal|p2a: Chief|53\/100|[from] item: Leftovers\n|upkeep\n|turn|25\n|\n|t:|1698107363\n|move|p2a: Chief|Sucker Punch|p1a: Ogerpon\n|-damage|p1a: Ogerpon|0 fnt\n|faint|p1a: Ogerpon\n|\n|-heal|p2a: Chief|59\/100|[from] item: Leftovers\n|upkeep\n|\n|t:|1698107485\n|switch|p1a: Zamazenta|Zamazenta|100\/100\n|-ability|p1a: Zamazenta|Dauntless Shield|boost\n|-boost|p1a: Zamazenta|def|1\n|turn|26\n|\n|t:|1698107547\n|-end|p2a: Chief|fallen2|[silent]\n|switch|p2a: Posture|Diancie|7\/100\n|-damage|p2a: Posture|0 fnt|[from] Spikes\n|faint|p2a: Posture\n|move|p1a: Zamazenta|Play Rough|p2: Posture|[notarget]\n|-fail|p1a: Zamazenta\n|\n|upkeep\n|\n|t:|1698107553\n|switch|p2a: Nimbus|Enamorus, F|100\/100\n|turn|27\n|\n|t:|1698107562\n|switch|p1a: Toedscruel|Toedscruel, F|17\/100\n|move|p2a: Nimbus|Moonblast|p1a: Toedscruel\n|-damage|p1a: Toedscruel|0 fnt\n|faint|p1a: Toedscruel\n|\n|upkeep\n|\n|t:|1698107569\n|switch|p1a: Tinkaton|Tinkaton, F|35\/100\n|-ability|p1a: Tinkaton|Mold Breaker\n|turn|28\n|\n|t:|1698107579\n|switch|p2a: Chief|Kingambit, F|59\/100\n|-damage|p2a: Chief|47\/100|[from] Spikes\n|-activate|p2a: Chief|ability: Supreme Overlord\n|-start|p2a: Chief|fallen3|[silent]\n|move|p1a: Tinkaton|Thunder Wave|p2a: Chief\n|-status|p2a: Chief|par\n|\n|-heal|p1a: Tinkaton|41\/100|[from] item: Leftovers\n|-heal|p2a: Chief|53\/100 par|[from] item: Leftovers\n|upkeep\n|turn|29\n|\n|t:|1698107641\n|switch|p1a: Zamazenta|Zamazenta|100\/100\n|move|p2a: Chief|Iron Head|p1a: Zamazenta\n|-damage|p1a: Zamazenta|40\/100\n|\n|-heal|p2a: Chief|59\/100 par|[from] item: Leftovers\n|upkeep\n|turn|30\n|\n|t:|1698107666\n|move|p1a: Zamazenta|Close Combat|p2a: Chief\n|-supereffective|p2a: Chief\n|-damage|p2a: Chief|0 fnt\n|-unboost|p1a: Zamazenta|def|1\n|-unboost|p1a: Zamazenta|spd|1\n|faint|p2a: Chief\n|-end|p2a: Chief|fallen3|[silent]\n|\n|upkeep\n|\n|t:|1698107672\n|switch|p2a: Nimbus|Enamorus, F|100\/100\n|turn|31\n|\n|t:|1698107695\n|move|p2a: Nimbus|Earth Power|p1a: Zamazenta\n|-damage|p1a: Zamazenta|0 fnt\n|faint|p1a: Zamazenta\n|\n|upkeep\n|\n|t:|1698107844\n|switch|p1a: Tinkaton|Tinkaton, F|41\/100\n|-ability|p1a: Tinkaton|Mold Breaker\n|turn|32\n|\n|t:|1698107848\n|move|p2a: Nimbus|Earth Power|p1a: Tinkaton\n|-supereffective|p1a: Tinkaton\n|-damage|p1a: Tinkaton|0 fnt\n|faint|p1a: Tinkaton\n|\n|upkeep\n|c|\u2606bareraptor|dang, it was a roll =[\n|\n|t:|1698107864\n|switch|p1a: Cyclizar|Cyclizar, F|81\/100\n|turn|33\n|c|\u2606Bondayru|true\n|\n|t:|1698107955\n|move|p1a: Cyclizar|Draco Meteor|p2a: Nimbus\n|-immune|p2a: Nimbus\n|move|p2a: Nimbus|Earth Power|p1a: Cyclizar\n|-damage|p1a: Cyclizar|39\/100\n|\n|upkeep\n|turn|34\n|\n|t:|1698107961\n|move|p1a: Cyclizar|Draco Meteor|p2a: Nimbus\n|-immune|p2a: Nimbus\n|move|p2a: Nimbus|Earth Power|p1a: Cyclizar\n|-damage|p1a: Cyclizar|0 fnt\n|faint|p1a: Cyclizar\n|\n|win|Bondayru\n|c|\u2606bareraptor|gg\n|c|\u2606Bondayru|gg\n","uploadtime":1698107970,"views":25,"p1id":"bareraptor","p2id":"bondayru","formatid":"gen9ubers","rating":0,"private":0,"password":""}