{"id":"gen9ubers-1979918507","p1":"the tr4sh man","p2":"Kizaco","format":"[Gen 9] Ubers","log":"|j|\u2606the tr4sh man\n|j|\u2606Kizaco\n|t:|1698729294\n|gametype|singles\n|player|p1|the tr4sh man|xerosic|\n|player|p2|Kizaco|1|\n|teamsize|p1|6\n|teamsize|p2|6\n|gen|9\n|tier|[Gen 9] Ubers\n|rule|Sleep Clause Mod: Limit one foe put to sleep\n|rule|Species Clause: Limit one of each Pok\u00e9mon\n|rule|OHKO Clause: OHKO moves are banned\n|rule|Evasion Items Clause: Evasion items are banned\n|rule|Evasion Moves Clause: Evasion moves are banned\n|rule|Endless Battle Clause: Forcing endless battles is banned\n|rule|HP Percentage Mod: HP is shown in percentages\n|clearpoke\n|poke|p1|Conkeldurr, F|\n|poke|p1|Hoopa-Unbound|\n|poke|p1|Zacian-*|\n|poke|p1|Scizor, F|\n|poke|p1|Rillaboom, F|\n|poke|p1|Landorus, M|\n|poke|p2|Masquerain, M|\n|poke|p2|Arceus-Fire|\n|poke|p2|Basculegion-F, F|\n|poke|p2|Shaymin-Sky|\n|poke|p2|Gholdengo|\n|poke|p2|Magearna|\n|teampreview\n|c|\u2606Kizaco|gl hf\n|c|\u2606the tr4sh man|u2\n|\n|t:|1698729313\n|start\n|switch|p1a: Landorus|Landorus, M|100\/100\n|switch|p2a: Masquerain|Masquerain, M|100\/100\n|-ability|p2a: Masquerain|Intimidate|boost\n|-unboost|p1a: Landorus|atk|1\n|turn|1\n|\n|t:|1698729340\n|move|p1a: Landorus|U-turn|p2a: Masquerain\n|-resisted|p2a: Masquerain\n|-damage|p2a: Masquerain|87\/100\n|\n|t:|1698729343\n|switch|p1a: Scizor|Scizor, F|100\/100|[from] U-turn\n|move|p2a: Masquerain|Sticky Web|p1a: Scizor\n|-sidestart|p1: the tr4sh man|move: Sticky Web\n|\n|upkeep\n|turn|2\n|\n|t:|1698729348\n|move|p1a: Scizor|Bullet Punch|p2a: Masquerain\n|-damage|p2a: Masquerain|7\/100\n|move|p2a: Masquerain|Stun Spore|p1a: Scizor\n|-status|p1a: Scizor|par\n|\n|upkeep\n|turn|3\n|\n|t:|1698729354\n|move|p1a: Scizor|Bullet Punch|p2a: Masquerain\n|-damage|p2a: Masquerain|0 fnt\n|faint|p2a: Masquerain\n|\n|upkeep\n|c|\u2606the tr4sh man|masquerain really ate lol\n|\n|t:|1698729392\n|switch|p2a: Gholdengo|Gholdengo|100\/100\n|turn|4\n|inactive|Battle timer is ON: inactive players will automatically lose when time's up. (requested by Kizaco)\n|\n|t:|1698729443\n|switch|p1a: Hoopa|Hoopa-Unbound|100\/100\n|-activate|p1a: Hoopa|move: Sticky Web\n|-unboost|p1a: Hoopa|spe|1\n|move|p2a: Gholdengo|Make It Rain|p1a: Hoopa\n|-damage|p1a: Hoopa|45\/100\n|-unboost|p2a: Gholdengo|spa|1\n|\n|upkeep\n|turn|5\n|\n|t:|1698729452\n|switch|p2a: Magearna|Magearna|100\/100\n|move|p1a: Hoopa|Hyperspace Fury|p2a: Magearna\n|-resisted|p2a: Magearna\n|-damage|p2a: Magearna|65\/100\n|-unboost|p1a: Hoopa|def|1\n|\n|-heal|p2a: Magearna|71\/100|[from] item: Leftovers\n|upkeep\n|turn|6\n|\n|t:|1698729458\n|move|p1a: Hoopa|Hyperspace Fury|p2a: Magearna\n|-resisted|p2a: Magearna\n|-damage|p2a: Magearna|32\/100\n|-unboost|p1a: Hoopa|def|1\n|move|p2a: Magearna|Draining Kiss|p1a: Hoopa\n|-supereffective|p1a: Hoopa\n|-damage|p1a: Hoopa|0 fnt\n|-heal|p2a: Magearna|60\/100|[from] drain|[of] p1a: Hoopa\n|faint|p1a: Hoopa\n|-ability|p2a: Magearna|Soul-Heart|boost\n|-boost|p2a: Magearna|spa|1\n|\n|-heal|p2a: Magearna|66\/100|[from] item: Leftovers\n|upkeep\n|\n|t:|1698729464\n|switch|p1a: Landorus|Landorus, M|100\/100\n|turn|7\n|\n|t:|1698729470\n|switch|p2a: Shaymin|Shaymin-Sky|100\/100\n|move|p1a: Landorus|Earthquake|p2a: Shaymin\n|-immune|p2a: Shaymin\n|\n|upkeep\n|turn|8\n|\n|t:|1698729475\n|switch|p1a: Scizor|Scizor, F|100\/100 par\n|-activate|p1a: Scizor|move: Sticky Web\n|-unboost|p1a: Scizor|spe|1\n|move|p2a: Shaymin|Seed Flare|p1a: Scizor\n|-resisted|p1a: Scizor\n|-damage|p1a: Scizor|72\/100 par\n|\n|upkeep\n|turn|9\n|\n|t:|1698729480\n|switch|p2a: Gholdengo|Gholdengo|100\/100\n|cant|p1a: Scizor|par\n|\n|upkeep\n|turn|10\n|\n|t:|1698729486\n|move|p2a: Gholdengo|Shadow Ball|p1a: Scizor\n|-damage|p1a: Scizor|21\/100 par\n|-unboost|p1a: Scizor|spd|1\n|move|p1a: Scizor|U-turn|p2a: Gholdengo\n|-resisted|p2a: Gholdengo\n|-damage|p2a: Gholdengo|84\/100\n|\n|t:|1698729490\n|switch|p1a: Conkeldurr|Conkeldurr, F|100\/100|[from] U-turn\n|-activate|p1a: Conkeldurr|move: Sticky Web\n|-unboost|p1a: Conkeldurr|spe|1\n|\n|upkeep\n|turn|11\n|\n|t:|1698729494\n|move|p2a: Gholdengo|Shadow Ball|p1a: Conkeldurr\n|-damage|p1a: Conkeldurr|50\/100\n|move|p1a: Conkeldurr|Knock Off|p2a: Gholdengo\n|-supereffective|p2a: Gholdengo\n|-damage|p2a: Gholdengo|0 fnt\n|-enditem|p2a: Gholdengo|Choice Scarf|[from] move: Knock Off|[of] p1a: Conkeldurr\n|faint|p2a: Gholdengo\n|\n|upkeep\n|\n|t:|1698729497\n|switch|p2a: Magearna|Magearna|66\/100\n|turn|12\n|\n|t:|1698729501\n|switch|p1a: Landorus|Landorus, M|100\/100\n|move|p2a: Magearna|Draining Kiss|p1a: Landorus\n|-damage|p1a: Landorus|56\/100\n|-heal|p2a: Magearna|95\/100|[from] drain|[of] p1a: Landorus\n|\n|-heal|p2a: Magearna|100\/100|[from] item: Leftovers\n|upkeep\n|turn|13\n|\n|t:|1698729506\n|switch|p2a: Shaymin|Shaymin-Sky|100\/100\n|move|p1a: Landorus|U-turn|p2a: Shaymin\n|-damage|p2a: Shaymin|66\/100\n|\n|t:|1698729511\n|switch|p1a: Scizor|Scizor, F|21\/100 par|[from] U-turn\n|-activate|p1a: Scizor|move: Sticky Web\n|-unboost|p1a: Scizor|spe|1\n|\n|upkeep\n|turn|14\n|\n|t:|1698729518\n|switch|p2a: Arceus|Arceus-Fire|100\/100\n|move|p1a: Scizor|Bullet Punch|p2a: Arceus\n|-resisted|p2a: Arceus\n|-damage|p2a: Arceus|84\/100\n|\n|upkeep\n|turn|15\n|\n|t:|1698729527\n|switch|p1a: Conkeldurr|Conkeldurr, F|50\/100\n|-activate|p1a: Conkeldurr|move: Sticky Web\n|-unboost|p1a: Conkeldurr|spe|1\n|move|p2a: Arceus|Swords Dance|p2a: Arceus\n|-boost|p2a: Arceus|atk|2\n|\n|upkeep\n|turn|16\n|\n|t:|1698729536\n|move|p2a: Arceus|Flare Blitz|p1a: Conkeldurr\n|-damage|p1a: Conkeldurr|0 fnt\n|faint|p1a: Conkeldurr\n|-damage|p2a: Arceus|69\/100|[from] Recoil\n|\n|upkeep\n|\n|t:|1698729542\n|switch|p1a: Landorus|Landorus, M|56\/100\n|turn|17\n|\n|t:|1698729545\n|move|p2a: Arceus|Extreme Speed|p1a: Landorus\n|-damage|p1a: Landorus|0 fnt\n|faint|p1a: Landorus\n|\n|upkeep\n|\n|t:|1698729551\n|switch|p1a: Zacian|Zacian|100\/100\n|-activate|p1a: Zacian|move: Sticky Web\n|-unboost|p1a: Zacian|spe|1\n|-ability|p1a: Zacian|Intrepid Sword|boost\n|-boost|p1a: Zacian|atk|1\n|turn|18\n|\n|t:|1698729562\n|move|p2a: Arceus|Flare Blitz|p1a: Zacian\n|-damage|p1a: Zacian|0 fnt\n|faint|p1a: Zacian\n|-damage|p2a: Arceus|45\/100|[from] Recoil\n|\n|upkeep\n|\n|t:|1698729564\n|switch|p1a: Rillaboom|Rillaboom, F|100\/100\n|-activate|p1a: Rillaboom|move: Sticky Web\n|-unboost|p1a: Rillaboom|spe|1\n|-fieldstart|move: Grassy Terrain|[from] ability: Grassy Surge|[of] p1a: Rillaboom\n|turn|19\n|\n|t:|1698729569\n|move|p1a: Rillaboom|Grassy Glide|p2a: Arceus\n|-resisted|p2a: Arceus\n|-damage|p2a: Arceus|26\/100\n|move|p2a: Arceus|Flare Blitz|p1a: Rillaboom\n|-supereffective|p1a: Rillaboom\n|-damage|p1a: Rillaboom|0 fnt\n|faint|p1a: Rillaboom\n|-damage|p2a: Arceus|0 fnt|[from] Recoil\n|faint|p2a: Arceus\n|\n|upkeep\n|c|\u2606the tr4sh man|ah gottem ggs\n|\n|t:|1698729574\n|switch|p2a: Magearna|Magearna|100\/100\n|switch|p1a: Scizor|Scizor, F|21\/100 par\n|-activate|p1a: Scizor|move: Sticky Web\n|-unboost|p1a: Scizor|spe|1\n|turn|20\n|\n|t:|1698729577\n|move|p1a: Scizor|Bullet Punch|p2a: Magearna\n|-damage|p2a: Magearna|58\/100\n|move|p2a: Magearna|Flash Cannon|p1a: Scizor\n|-resisted|p1a: Scizor\n|-damage|p1a: Scizor|0 fnt\n|faint|p1a: Scizor\n|\n|win|Kizaco\n|c|\u2606Kizaco|gg wp\n|c|\u2606Kizaco|can you post?\n|c|\u2606the tr4sh man|ye\n","uploadtime":1698729600,"views":20,"p1id":"thetr4shman","p2id":"kizaco","formatid":"gen9ubers","rating":0,"private":0,"password":""}