{"id":"gen9ubers-1971134307","p1":"HeyGreen09","p2":"UltraProstar","format":"[Gen 9] Ubers","log":"|j|\u2606HeyGreen09\n|j|\u2606UltraProstar\n|t:|1697711124\n|gametype|singles\n|player|p1|HeyGreen09|170|\n|player|p2|UltraProstar|hiker-gen4|\n|teamsize|p1|6\n|teamsize|p2|6\n|gen|9\n|tier|[Gen 9] Ubers\n|rule|Sleep Clause Mod: Limit one foe put to sleep\n|rule|Species Clause: Limit one of each Pok\u00e9mon\n|rule|OHKO Clause: OHKO moves are banned\n|rule|Evasion Items Clause: Evasion items are banned\n|rule|Evasion Moves Clause: Evasion moves are banned\n|rule|Endless Battle Clause: Forcing endless battles is banned\n|rule|HP Percentage Mod: HP is shown in percentages\n|clearpoke\n|poke|p1|Infernape, F|\n|poke|p1|Iron Valiant|\n|poke|p1|Great Tusk|\n|poke|p1|Sneasler, M|\n|poke|p1|Urshifu-*, F|\n|poke|p1|Koraidon|\n|poke|p2|Skeledirge, M|\n|poke|p2|Sylveon, M|\n|poke|p2|Rillaboom, F|\n|poke|p2|Hawlucha, F|\n|poke|p2|Flutter Mane|\n|poke|p2|Zacian-*|\n|teampreview\n|\n|t:|1697711190\n|start\n|switch|p1a: Great Tusk|Great Tusk|100\/100\n|switch|p2a: Rillaboom|Rillaboom, F|100\/100\n|-fieldstart|move: Grassy Terrain|[from] ability: Grassy Surge|[of] p2a: Rillaboom\n|turn|1\n|\n|t:|1697711219\n|move|p1a: Great Tusk|Stealth Rock|p2a: Rillaboom\n|-sidestart|p2: UltraProstar|move: Stealth Rock\n|move|p2a: Rillaboom|Drum Beating|p1a: Great Tusk\n|-supereffective|p1a: Great Tusk\n|-damage|p1a: Great Tusk|13\/100\n|-unboost|p1a: Great Tusk|spe|1\n|-enditem|p1a: Great Tusk|Eject Button\n|\n|t:|1697711246\n|-end|p1a: Great Tusk|Protosynthesis|[silent]\n|switch|p1a: Infernape|Infernape, F|100\/100\n|-item|p1a: Infernape|Air Balloon\n|\n|upkeep\n|turn|2\n|\n|t:|1697711262\n|move|p1a: Infernape|Nasty Plot|p1a: Infernape\n|-boost|p1a: Infernape|spa|2\n|move|p2a: Rillaboom|U-turn|p1a: Infernape\n|-resisted|p1a: Infernape\n|-damage|p1a: Infernape|95\/100\n|-enditem|p1a: Infernape|Air Balloon\n|\n|t:|1697711274\n|switch|p2a: Hawlucha|Hawlucha, F|100\/100|[from] U-turn\n|-damage|p2a: Hawlucha|88\/100|[from] Stealth Rock\n|-enditem|p2a: Hawlucha|Grassy Seed\n|-boost|p2a: Hawlucha|def|1|[from] item: Grassy Seed\n|\n|-heal|p1a: Infernape|100\/100|[from] Grassy Terrain\n|upkeep\n|turn|3\n|\n|t:|1697711296\n|move|p2a: Hawlucha|Encore|p1a: Infernape\n|-start|p1a: Infernape|Encore\n|move|p1a: Infernape|Nasty Plot|p1a: Infernape\n|-boost|p1a: Infernape|spa|2\n|\n|upkeep\n|turn|4\n|\n|t:|1697711326\n|switch|p1a: Great Tusk|Great Tusk|13\/100\n|move|p2a: Hawlucha|Swords Dance|p2a: Hawlucha\n|-boost|p2a: Hawlucha|atk|2\n|\n|-heal|p1a: Great Tusk|19\/100|[from] Grassy Terrain\n|upkeep\n|turn|5\n|\n|t:|1697711337\n|move|p2a: Hawlucha|Acrobatics|p1a: Great Tusk\n|-supereffective|p1a: Great Tusk\n|-damage|p1a: Great Tusk|0 fnt\n|faint|p1a: Great Tusk\n|-end|p1a: Great Tusk|Protosynthesis|[silent]\n|\n|-fieldend|move: Grassy Terrain\n|upkeep\n|\n|t:|1697711377\n|switch|p1a: Sneasler|Sneasler, M|100\/100\n|turn|6\n|\n|t:|1697711383\n|move|p2a: Hawlucha|Acrobatics|p1a: Sneasler\n|-supereffective|p1a: Sneasler\n|-damage|p1a: Sneasler|0 fnt\n|faint|p1a: Sneasler\n|\n|upkeep\n|\n|t:|1697711403\n|switch|p1a: Koraidon|Koraidon|100\/100\n|-weather|SunnyDay|[from] ability: Orichalcum Pulse|[of] p1a: Koraidon\n|-activate|p1a: Koraidon|Orichalcum Pulse|[source]\n|turn|7\n|\n|t:|1697711487\n|-terastallize|p1a: Koraidon|Ground\n|move|p2a: Hawlucha|Acrobatics|p1a: Koraidon\n|-damage|p1a: Koraidon|18\/100\n|move|p1a: Koraidon|Flare Blitz|p2a: Hawlucha\n|-damage|p2a: Hawlucha|6\/100\n|-damage|p1a: Koraidon|0 fnt|[from] Recoil\n|faint|p1a: Koraidon\n|\n|-weather|SunnyDay|[upkeep]\n|upkeep\n|\n|t:|1697711496\n|switch|p1a: Urshifu|Urshifu, F|100\/100\n|turn|8\n|\n|t:|1697711501\n|move|p1a: Urshifu|Sucker Punch||[still]\n|-fail|p1a: Urshifu\n|move|p2a: Hawlucha|Encore|p1a: Urshifu\n|-start|p1a: Urshifu|Encore\n|\n|-weather|SunnyDay|[upkeep]\n|upkeep\n|turn|9\n|\n|t:|1697711509\n|move|p1a: Urshifu|Sucker Punch||[still]\n|-fail|p1a: Urshifu\n|move|p2a: Hawlucha|Swords Dance|p2a: Hawlucha\n|-boost|p2a: Hawlucha|atk|2\n|\n|-weather|SunnyDay|[upkeep]\n|upkeep\n|turn|10\n|\n|t:|1697711517\n|move|p1a: Urshifu|Sucker Punch||[still]\n|-fail|p1a: Urshifu\n|move|p2a: Hawlucha|Swords Dance|p2a: Hawlucha\n|-boost|p2a: Hawlucha|atk|2\n|\n|-weather|SunnyDay|[upkeep]\n|upkeep\n|turn|11\n|\n|t:|1697711524\n|move|p1a: Urshifu|Sucker Punch||[still]\n|-fail|p1a: Urshifu\n|move|p2a: Hawlucha|Swords Dance|p2a: Hawlucha\n|-boost|p2a: Hawlucha|atk|0\n|\n|-weather|none\n|-end|p1a: Urshifu|Encore\n|upkeep\n|turn|12\n|\n|t:|1697711532\n|move|p1a: Urshifu|Sucker Punch|p2a: Hawlucha\n|-resisted|p2a: Hawlucha\n|-damage|p2a: Hawlucha|0 fnt\n|faint|p2a: Hawlucha\n|\n|upkeep\n|\n|t:|1697711556\n|switch|p2a: Zacian|Zacian-Crowned|100\/100\n|-damage|p2a: Zacian|94\/100|[from] Stealth Rock\n|-ability|p2a: Zacian|Intrepid Sword|boost\n|-boost|p2a: Zacian|atk|1\n|turn|13\n|\n|t:|1697711569\n|switch|p1a: Infernape|Infernape, F|100\/100\n|move|p2a: Zacian|Swords Dance|p2a: Zacian\n|-boost|p2a: Zacian|atk|2\n|\n|upkeep\n|turn|14\n|\n|t:|1697711579\n|move|p2a: Zacian|Psychic Fangs|p1a: Infernape\n|-supereffective|p1a: Infernape\n|-damage|p1a: Infernape|0 fnt\n|faint|p1a: Infernape\n|\n|upkeep\n|\n|t:|1697711585\n|switch|p1a: Urshifu|Urshifu, F|100\/100\n|turn|15\n|\n|t:|1697711591\n|move|p1a: Urshifu|Close Combat|p2a: Zacian\n|-damage|p2a: Zacian|35\/100\n|-unboost|p1a: Urshifu|def|1\n|-unboost|p1a: Urshifu|spd|1\n|move|p2a: Zacian|Play Rough|p1a: Urshifu\n|-supereffective|p1a: Urshifu\n|-damage|p1a: Urshifu|0 fnt\n|faint|p1a: Urshifu\n|\n|upkeep\n|\n|t:|1697711598\n|switch|p1a: Iron Valiant|Iron Valiant|100\/100\n|turn|16\n|\n|t:|1697711616\n|-terastallize|p2a: Zacian|Flying\n|move|p2a: Zacian|Play Rough|p1a: Iron Valiant\n|-supereffective|p1a: Iron Valiant\n|-damage|p1a: Iron Valiant|0 fnt\n|faint|p1a: Iron Valiant\n|-end|p1a: Iron Valiant|Quark Drive|[silent]\n|\n|win|UltraProstar\n|c|\u2606UltraProstar|gg\n|c|\u2606HeyGreen09|gg\n|l|\u2606HeyGreen09\n","uploadtime":1697711636,"views":20,"p1id":"heygreen09","p2id":"ultraprostar","formatid":"gen9ubers","rating":0,"private":0,"password":""}