{"id":"gen9ubers-1968612988","p1":"2tall4littleshit","p2":"TheBallsmaSpace","format":"[Gen 9] Ubers","log":"|j|\u26062tall4littleshit\n|j|\u2606TheBallsmaSpace\n|t:|1697442339\n|gametype|singles\n|player|p1|2tall4littleshit|266|1255\n|player|p2|TheBallsmaSpace|265|1350\n|teamsize|p1|6\n|teamsize|p2|6\n|gen|9\n|tier|[Gen 9] Ubers\n|rated|\n|rule|Sleep Clause Mod: Limit one foe put to sleep\n|rule|Species Clause: Limit one of each Pok\u00e9mon\n|rule|OHKO Clause: OHKO moves are banned\n|rule|Evasion Items Clause: Evasion items are banned\n|rule|Evasion Moves Clause: Evasion moves are banned\n|rule|Endless Battle Clause: Forcing endless battles is banned\n|rule|HP Percentage Mod: HP is shown in percentages\n|clearpoke\n|poke|p1|Arceus-Fairy|\n|poke|p1|Flutter Mane|\n|poke|p1|Giratina|\n|poke|p1|Kyogre|\n|poke|p1|Zamazenta-*|\n|poke|p1|Miraidon|\n|poke|p2|Basculin-White-Striped, F|\n|poke|p2|Arceus-Poison|\n|poke|p2|Zacian-*|\n|poke|p2|Koraidon|\n|poke|p2|Dondozo, M|\n|poke|p2|Miraidon|\n|teampreview\n|inactive|Battle timer is ON: inactive players will automatically lose when time's up. (requested by 2tall4littleshit)\n|inactive|TheBallsmaSpace has 120 seconds left.\n|\n|t:|1697442393\n|start\n|switch|p1a: Miraidon|Miraidon|100\/100\n|switch|p2a: Arceus|Arceus-Poison|100\/100\n|-fieldstart|move: Electric Terrain|[from] ability: Hadron Engine|[of] p1a: Miraidon\n|turn|1\n|\n|t:|1697442399\n|move|p1a: Miraidon|Volt Switch|p2a: Arceus\n|-damage|p2a: Arceus|29\/100\n|\n|t:|1697442405\n|switch|p1a: Zamazenta|Zamazenta-Crowned|100\/100|[from] Volt Switch\n|-ability|p1a: Zamazenta|Dauntless Shield|boost\n|-boost|p1a: Zamazenta|def|1\n|move|p2a: Arceus|Earthquake|p1a: Zamazenta\n|-supereffective|p1a: Zamazenta\n|-damage|p1a: Zamazenta|70\/100\n|\n|upkeep\n|turn|2\n|\n|t:|1697442419\n|move|p1a: Zamazenta|Iron Defense|p1a: Zamazenta\n|-boost|p1a: Zamazenta|def|2\n|move|p2a: Arceus|Recover|p2a: Arceus\n|-heal|p2a: Arceus|79\/100\n|\n|upkeep\n|turn|3\n|\n|t:|1697442428\n|switch|p2a: Dondozo|Dondozo, M|100\/100\n|move|p1a: Zamazenta|Body Press|p2a: Dondozo\n|-damage|p2a: Dondozo|80\/100\n|\n|-heal|p2a: Dondozo|86\/100|[from] item: Leftovers\n|upkeep\n|turn|4\n|\n|t:|1697442437\n|move|p1a: Zamazenta|Crunch|p2a: Dondozo\n|-damage|p2a: Dondozo|73\/100\n|move|p2a: Dondozo|Body Slam|p1a: Zamazenta\n|-resisted|p1a: Zamazenta\n|-damage|p1a: Zamazenta|64\/100\n|\n|-heal|p2a: Dondozo|79\/100|[from] item: Leftovers\n|upkeep\n|turn|5\n|\n|t:|1697442444\n|switch|p1a: Giratina|Giratina|100\/100\n|-ability|p1a: Giratina|Pressure\n|move|p2a: Dondozo|Curse|p2a: Dondozo\n|-unboost|p2a: Dondozo|spe|1\n|-boost|p2a: Dondozo|atk|1\n|-boost|p2a: Dondozo|def|1\n|\n|-heal|p2a: Dondozo|85\/100|[from] item: Leftovers\n|-fieldend|move: Electric Terrain\n|upkeep\n|turn|6\n|\n|t:|1697442473\n|switch|p2a: Zacian|Zacian-Crowned|100\/100\n|-ability|p2a: Zacian|Intrepid Sword|boost\n|-boost|p2a: Zacian|atk|1\n|move|p1a: Giratina|Thunder Wave|p2a: Zacian\n|-status|p2a: Zacian|par\n|\n|upkeep\n|turn|7\n|\n|t:|1697442486\n|move|p1a: Giratina|Hex|p2a: Zacian\n|-damage|p2a: Zacian|56\/100 par\n|cant|p2a: Zacian|par\n|\n|upkeep\n|turn|8\n|\n|t:|1697442494\n|switch|p1a: Zamazenta|Zamazenta-Crowned|64\/100\n|move|p2a: Zacian|Play Rough|p1a: Zamazenta\n|-damage|p1a: Zamazenta|15\/100\n|\n|upkeep\n|turn|9\n|\n|t:|1697442502\n|move|p1a: Zamazenta|Body Press|p2a: Zacian\n|-damage|p2a: Zacian|23\/100 par\n|move|p2a: Zacian|Sacred Sword|p1a: Zamazenta\n|-supereffective|p1a: Zamazenta\n|-damage|p1a: Zamazenta|0 fnt\n|faint|p1a: Zamazenta\n|\n|upkeep\n|\n|t:|1697442527\n|switch|p1a: Miraidon|Miraidon|100\/100\n|-fieldstart|move: Electric Terrain|[from] ability: Hadron Engine|[of] p1a: Miraidon\n|turn|10\n|\n|t:|1697442531\n|move|p1a: Miraidon|Volt Switch|p2a: Zacian\n|-damage|p2a: Zacian|0 fnt\n|faint|p2a: Zacian\n|\n|t:|1697442536\n|switch|p1a: Kyogre|Kyogre|100\/100|[from] Volt Switch\n|-weather|RainDance|[from] ability: Drizzle|[of] p1a: Kyogre\n|\n|-weather|RainDance|[upkeep]\n|upkeep\n|inactive|TheBallsmaSpace has 120 seconds left.\n|\n|t:|1697442581\n|switch|p2a: Miraidon|Miraidon|100\/100\n|-activate|p2a: Miraidon|ability: Hadron Engine\n|-enditem|p2a: Miraidon|Electric Seed\n|-boost|p2a: Miraidon|def|1|[from] item: Electric Seed\n|turn|11\n|\n|t:|1697442605\n|-terastallize|p1a: Kyogre|Ground\n|move|p1a: Kyogre|Ice Beam|p2a: Miraidon\n|-supereffective|p2a: Miraidon\n|-damage|p2a: Miraidon|40\/100\n|move|p2a: Miraidon|Parabolic Charge|p1a: Kyogre\n|-immune|p1a: Kyogre\n|\n|-weather|RainDance|[upkeep]\n|upkeep\n|turn|12\n|\n|t:|1697442619\n|switch|p2a: Dondozo|Dondozo, M|85\/100\n|move|p1a: Kyogre|Ice Beam|p2a: Dondozo\n|-resisted|p2a: Dondozo\n|-damage|p2a: Dondozo|75\/100\n|\n|-weather|RainDance|[upkeep]\n|-heal|p2a: Dondozo|81\/100|[from] item: Leftovers\n|upkeep\n|turn|13\n|\n|t:|1697442626\n|switch|p1a: Flutter Mane|Flutter Mane|100\/100\n|-enditem|p1a: Flutter Mane|Booster Energy\n|-activate|p1a: Flutter Mane|ability: Protosynthesis|[fromitem]\n|-start|p1a: Flutter Mane|protosynthesisspe\n|move|p2a: Dondozo|Waterfall|p1a: Flutter Mane\n|-damage|p1a: Flutter Mane|4\/100\n|\n|-weather|RainDance|[upkeep]\n|-heal|p2a: Dondozo|87\/100|[from] item: Leftovers\n|upkeep\n|turn|14\n|\n|t:|1697442636\n|move|p1a: Flutter Mane|Thunder|p2a: Dondozo\n|-supereffective|p2a: Dondozo\n|-damage|p2a: Dondozo|26\/100\n|move|p2a: Dondozo|Waterfall|p1a: Flutter Mane\n|-damage|p1a: Flutter Mane|0 fnt\n|faint|p1a: Flutter Mane\n|-end|p1a: Flutter Mane|Protosynthesis|[silent]\n|\n|-weather|none\n|-heal|p2a: Dondozo|32\/100|[from] item: Leftovers\n|-fieldend|move: Electric Terrain\n|upkeep\n|\n|t:|1697442644\n|switch|p1a: Kyogre|Kyogre, tera:Ground|100\/100\n|-weather|RainDance|[from] ability: Drizzle|[of] p1a: Kyogre\n|turn|15\n|inactive|TheBallsmaSpace has 120 seconds left.\n|inactive|TheBallsmaSpace has 90 seconds left.\n|\n|t:|1697442701\n|switch|p2a: Koraidon|Koraidon|100\/100\n|-weather|SunnyDay|[from] ability: Orichalcum Pulse|[of] p2a: Koraidon\n|-activate|p2a: Koraidon|Orichalcum Pulse|[source]\n|move|p1a: Kyogre|Ice Beam|p2a: Koraidon\n|-supereffective|p2a: Koraidon\n|-damage|p2a: Koraidon|32\/100\n|\n|-weather|SunnyDay|[upkeep]\n|-heal|p2a: Koraidon|38\/100|[from] item: Leftovers\n|upkeep\n|turn|16\n|\n|t:|1697442713\n|move|p1a: Kyogre|Ice Beam|p2a: Koraidon\n|-supereffective|p2a: Koraidon\n|-damage|p2a: Koraidon|0 fnt\n|faint|p2a: Koraidon\n|\n|-weather|SunnyDay|[upkeep]\n|upkeep\n|\n|t:|1697442715\n|switch|p2a: Basculin|Basculin-White-Striped, F|100\/100\n|turn|17\n|\n|t:|1697442730\n|switch|p1a: Giratina|Giratina|100\/100\n|-ability|p1a: Giratina|Pressure\n|move|p2a: Basculin|Wave Crash|p1a: Giratina\n|-resisted|p1a: Giratina\n|-damage|p1a: Giratina|92\/100\n|-damage|p2a: Basculin|96\/100|[from] Recoil\n|\n|-weather|SunnyDay|[upkeep]\n|-heal|p1a: Giratina|98\/100|[from] item: Leftovers\n|upkeep\n|turn|18\n|\n|t:|1697442752\n|switch|p2a: Dondozo|Dondozo, M|32\/100\n|move|p1a: Giratina|Hex|p2a: Dondozo\n|-damage|p2a: Dondozo|18\/100\n|\n|-weather|SunnyDay|[upkeep]\n|-heal|p1a: Giratina|100\/100|[from] item: Leftovers\n|-heal|p2a: Dondozo|24\/100|[from] item: Leftovers\n|upkeep\n|turn|19\n|\n|t:|1697442765\n|switch|p1a: Miraidon|Miraidon|100\/100\n|-fieldstart|move: Electric Terrain|[from] ability: Hadron Engine|[of] p1a: Miraidon\n|move|p2a: Dondozo|Rest||[still]\n|-activate|p2a: Dondozo|move: Electric Terrain\n|-fail|p2a: Dondozo\n|\n|-weather|none\n|-heal|p2a: Dondozo|30\/100|[from] item: Leftovers\n|upkeep\n|turn|20\n|inactive|TheBallsmaSpace has 60 seconds left.\n|c|\u26062tall4littleshit|Gg\n|inactive|TheBallsmaSpace has 30 seconds left.\n|inactive|TheBallsmaSpace has 20 seconds left.\n|\n|t:|1697442835\n|switch|p2a: Arceus|Arceus-Poison|79\/100\n|move|p1a: Miraidon|Volt Switch|p2a: Arceus\n|-damage|p2a: Arceus|0 fnt\n|faint|p2a: Arceus\n|inactive|TheBallsmaSpace has 25 seconds left this turn.\n|\n|t:|1697442843\n|switch|p1a: Kyogre|Kyogre, tera:Ground|100\/100|[from] Volt Switch\n|-weather|RainDance|[from] ability: Drizzle|[of] p1a: Kyogre\n|\n|-weather|RainDance|[upkeep]\n|upkeep\n|inactive|TheBallsmaSpace has 30 seconds left this turn.\n|\n|t:|1697442851\n|switch|p2a: Basculin|Basculin-White-Striped, F|96\/100\n|turn|21\n|inactive|TheBallsmaSpace has 30 seconds left.\n|\n|t:|1697442856\n|move|p2a: Basculin|Wave Crash|p1a: Kyogre\n|-supereffective|p1a: Kyogre\n|-damage|p1a: Kyogre|0 fnt\n|faint|p1a: Kyogre\n|-damage|p2a: Basculin|55\/100|[from] Recoil\n|\n|-weather|RainDance|[upkeep]\n|upkeep\n|\n|t:|1697442872\n|switch|p1a: Giratina|Giratina|100\/100\n|-ability|p1a: Giratina|Pressure\n|turn|22\n|\n|t:|1697442879\n|switch|p2a: Miraidon|Miraidon|40\/100\n|-activate|p2a: Miraidon|ability: Hadron Engine\n|move|p1a: Giratina|Thunder Wave|p2a: Miraidon\n|-immune|p2a: Miraidon\n|\n|-weather|RainDance|[upkeep]\n|upkeep\n|turn|23\n|\n|t:|1697442889\n|switch|p1a: Arceus|Arceus-Fairy|100\/100\n|move|p2a: Miraidon|Calm Mind|p2a: Miraidon\n|-boost|p2a: Miraidon|spa|1\n|-boost|p2a: Miraidon|spd|1\n|\n|-weather|RainDance|[upkeep]\n|-fieldend|move: Electric Terrain\n|upkeep\n|turn|24\n|\n|t:|1697442896\n|move|p2a: Miraidon|Electro Drift|p1a: Arceus\n|-damage|p1a: Arceus|48\/100\n|move|p1a: Arceus|Cosmic Power|p1a: Arceus\n|-boost|p1a: Arceus|def|1\n|-boost|p1a: Arceus|spd|1\n|\n|-weather|none\n|upkeep\n|turn|25\n|\n|t:|1697442901\n|move|p2a: Miraidon|Electro Drift|p1a: Arceus\n|-damage|p1a: Arceus|12\/100\n|move|p1a: Arceus|Recover|p1a: Arceus\n|-heal|p1a: Arceus|62\/100\n|\n|upkeep\n|turn|26\n|\n|t:|1697442908\n|move|p2a: Miraidon|Calm Mind|p2a: Miraidon\n|-boost|p2a: Miraidon|spa|1\n|-boost|p2a: Miraidon|spd|1\n|move|p1a: Arceus|Recover|p1a: Arceus\n|-heal|p1a: Arceus|100\/100\n|\n|upkeep\n|turn|27\n|\n|t:|1697442911\n|move|p2a: Miraidon|Electro Drift|p1a: Arceus\n|-damage|p1a: Arceus|54\/100\n|move|p1a: Arceus|Cosmic Power|p1a: Arceus\n|-boost|p1a: Arceus|def|1\n|-boost|p1a: Arceus|spd|1\n|\n|upkeep\n|turn|28\n|\n|t:|1697442918\n|move|p2a: Miraidon|Parabolic Charge|p1a: Arceus\n|-damage|p1a: Arceus|32\/100\n|-heal|p2a: Miraidon|54\/100|[from] drain|[of] p1a: Arceus\n|move|p1a: Arceus|Recover|p1a: Arceus\n|-heal|p1a: Arceus|82\/100\n|\n|upkeep\n|turn|29\n|\n|t:|1697442928\n|move|p2a: Miraidon|Calm Mind|p2a: Miraidon\n|-boost|p2a: Miraidon|spa|1\n|-boost|p2a: Miraidon|spd|1\n|move|p1a: Arceus|Cosmic Power|p1a: Arceus\n|-boost|p1a: Arceus|def|1\n|-boost|p1a: Arceus|spd|1\n|\n|upkeep\n|turn|30\n|\n|t:|1697442932\n|move|p2a: Miraidon|Calm Mind|p2a: Miraidon\n|-boost|p2a: Miraidon|spa|1\n|-boost|p2a: Miraidon|spd|1\n|move|p1a: Arceus|Cosmic Power|p1a: Arceus\n|-boost|p1a: Arceus|def|1\n|-boost|p1a: Arceus|spd|1\n|\n|upkeep\n|turn|31\n|\n|t:|1697442937\n|move|p2a: Miraidon|Calm Mind|p2a: Miraidon\n|-boost|p2a: Miraidon|spa|1\n|-boost|p2a: Miraidon|spd|1\n|move|p1a: Arceus|Cosmic Power|p1a: Arceus\n|-boost|p1a: Arceus|def|1\n|-boost|p1a: Arceus|spd|1\n|\n|upkeep\n|turn|32\n|\n|t:|1697442939\n|move|p2a: Miraidon|Calm Mind|p2a: Miraidon\n|-boost|p2a: Miraidon|spa|1\n|-boost|p2a: Miraidon|spd|1\n|move|p1a: Arceus|Cosmic Power|p1a: Arceus\n|-boost|p1a: Arceus|def|1\n|-boost|p1a: Arceus|spd|1\n|\n|upkeep\n|turn|33\n|\n|t:|1697442942\n|move|p2a: Miraidon|Electro Drift|p1a: Arceus\n|-damage|p1a: Arceus|46\/100\n|move|p1a: Arceus|Stored Power|p2a: Miraidon\n|-damage|p2a: Miraidon|37\/100\n|\n|upkeep\n|turn|34\n|\n|t:|1697442952\n|move|p2a: Miraidon|Electro Drift|p1a: Arceus\n|-damage|p1a: Arceus|13\/100\n|move|p1a: Arceus|Recover|p1a: Arceus\n|-heal|p1a: Arceus|63\/100\n|\n|upkeep\n|turn|35\n|\n|t:|1697442957\n|move|p2a: Miraidon|Parabolic Charge|p1a: Arceus\n|-damage|p1a: Arceus|39\/100\n|-heal|p2a: Miraidon|53\/100|[from] drain|[of] p1a: Arceus\n|move|p1a: Arceus|Recover|p1a: Arceus\n|-heal|p1a: Arceus|89\/100\n|\n|upkeep\n|turn|36\n|\n|t:|1697442961\n|move|p2a: Miraidon|Electro Drift|p1a: Arceus\n|-damage|p1a: Arceus|54\/100\n|move|p1a: Arceus|Stored Power|p2a: Miraidon\n|-damage|p2a: Miraidon|38\/100\n|\n|upkeep\n|turn|37\n|\n|t:|1697442968\n|move|p2a: Miraidon|Parabolic Charge|p1a: Arceus\n|-damage|p1a: Arceus|31\/100\n|-heal|p2a: Miraidon|53\/100|[from] drain|[of] p1a: Arceus\n|move|p1a: Arceus|Stored Power|p2a: Miraidon\n|-damage|p2a: Miraidon|38\/100\n|\n|upkeep\n|turn|38\n|\n|t:|1697442978\n|move|p2a: Miraidon|Electro Drift|p1a: Arceus\n|-damage|p1a: Arceus|0 fnt\n|faint|p1a: Arceus\n|\n|upkeep\n|\n|t:|1697442987\n|switch|p1a: Miraidon|Miraidon|100\/100\n|-fieldstart|move: Electric Terrain|[from] ability: Hadron Engine|[of] p1a: Miraidon\n|turn|39\n|\n|t:|1697442993\n|move|p1a: Miraidon|Dazzling Gleam|p2a: Miraidon\n|-supereffective|p2a: Miraidon\n|-damage|p2a: Miraidon|12\/100\n|move|p2a: Miraidon|Dazzling Gleam|p1a: Miraidon\n|-supereffective|p1a: Miraidon\n|-damage|p1a: Miraidon|0 fnt\n|faint|p1a: Miraidon\n|\n|upkeep\n|\n|t:|1697442999\n|switch|p1a: Giratina|Giratina|100\/100\n|-ability|p1a: Giratina|Pressure\n|turn|40\n|\n|t:|1697443008\n|move|p2a: Miraidon|Dazzling Gleam|p1a: Giratina\n|-supereffective|p1a: Giratina\n|-damage|p1a: Giratina|0 fnt\n|faint|p1a: Giratina\n|\n|win|TheBallsmaSpace\n|raw|2tall4littleshit's rating: 1255 &rarr; <strong>1237<\/strong><br \/>(-18 for losing)\n|raw|TheBallsmaSpace's rating: 1350 &rarr; <strong>1365<\/strong><br \/>(+15 for winning)\n|l|\u26062tall4littleshit\n","uploadtime":1697443014,"views":11,"p1id":"2tall4littleshit","p2id":"theballsmaspace","formatid":"gen9ubers","rating":1237,"private":0,"password":""}