{"id":"gen9ubers-1996214564","p1":"BludSnubblar","p2":"Spaghider","format":"[Gen 9] Ubers","log":"|j|\u2606BludSnubblar\n|j|\u2606Spaghider\n|t:|1700660038\n|gametype|singles\n|player|p1|BludSnubblar|ghetsis-gen5bw|1118\n|player|p2|Spaghider|dawn-gen4pt|1014\n|teamsize|p1|6\n|teamsize|p2|6\n|gen|9\n|tier|[Gen 9] Ubers\n|rated|\n|rule|Sleep Clause Mod: Limit one foe put to sleep\n|rule|Species Clause: Limit one of each Pok\u00e9mon\n|rule|OHKO Clause: OHKO moves are banned\n|rule|Evasion Items Clause: Evasion items are banned\n|rule|Evasion Moves Clause: Evasion moves are banned\n|rule|Endless Battle Clause: Forcing endless battles is banned\n|rule|HP Percentage Mod: HP is shown in percentages\n|clearpoke\n|poke|p1|Arceus|\n|poke|p1|Gliscor, M|\n|poke|p1|Mimikyu, M|\n|poke|p1|Toxapex, F|\n|poke|p1|Zacian-*|\n|poke|p1|Kyogre|\n|poke|p2|Dudunsparce-*, F|\n|poke|p2|Sinistcha|\n|poke|p2|Slaking, M|\n|poke|p2|Greninja-*, M|\n|poke|p2|Gholdengo|\n|poke|p2|Iron Bundle|\n|teampreview\n|inactive|Battle timer is ON: inactive players will automatically lose when time's up. (requested by BludSnubblar)\n|\n|t:|1700660046\n|start\n|switch|p1a: Gliscor|Gliscor, M|100\/100\n|switch|p2a: Claus|Gholdengo|100\/100\n|turn|1\n|inactive|BludSnubblar has 120 seconds left.\n|\n|t:|1700660094\n|move|p2a: Claus|Nasty Plot|p2a: Claus\n|-boost|p2a: Claus|spa|2\n|move|p1a: Gliscor|Earthquake|p2a: Claus\n|-supereffective|p2a: Claus\n|-damage|p2a: Claus|31\/100\n|\n|-status|p1a: Gliscor|tox|[from] item: Toxic Orb\n|upkeep\n|turn|2\n|\n|t:|1700660104\n|-terastallize|p2a: Claus|Steel\n|-terastallize|p1a: Gliscor|Steel\n|move|p2a: Claus|Make It Rain|p1a: Gliscor\n|-resisted|p1a: Gliscor\n|-damage|p1a: Gliscor|3\/100 tox\n|-unboost|p2a: Claus|spa|1\n|move|p1a: Gliscor|Earthquake|p2a: Claus\n|-supereffective|p2a: Claus\n|-damage|p2a: Claus|0 fnt\n|faint|p2a: Claus\n|\n|-heal|p1a: Gliscor|15\/100 tox|[from] ability: Poison Heal\n|upkeep\n|\n|t:|1700660117\n|switch|p2a: Slaking|Slaking, M|100\/100\n|turn|3\n|\n|t:|1700660121\n|move|p1a: Gliscor|Protect|p1a: Gliscor\n|-singleturn|p1a: Gliscor|Protect\n|move|p2a: Slaking|Giga Impact|p1a: Gliscor\n|-activate|p1a: Gliscor|move: Protect\n|\n|-heal|p1a: Gliscor|28\/100 tox|[from] ability: Poison Heal\n|upkeep\n|turn|4\n|\n|t:|1700660129\n|cant|p2a: Slaking|ability: Truant\n|move|p1a: Gliscor|Substitute|p1a: Gliscor\n|-start|p1a: Gliscor|Substitute\n|-damage|p1a: Gliscor|3\/100 tox\n|\n|-heal|p1a: Gliscor|15\/100 tox|[from] ability: Poison Heal\n|upkeep\n|turn|5\n|\n|t:|1700660136\n|move|p1a: Gliscor|Protect|p1a: Gliscor\n|-singleturn|p1a: Gliscor|Protect\n|move|p2a: Slaking|Giga Impact|p1a: Gliscor\n|-activate|p1a: Gliscor|move: Protect\n|\n|-heal|p1a: Gliscor|28\/100 tox|[from] ability: Poison Heal\n|upkeep\n|turn|6\n|\n|t:|1700660149\n|switch|p2a: A \u201cDragon\u201d|Dudunsparce-Three-Segment, F, shiny|100\/100\n|move|p1a: Gliscor|Toxic|p2a: A \u201cDragon\u201d\n|-status|p2a: A \u201cDragon\u201d|tox\n|\n|-heal|p1a: Gliscor|40\/100 tox|[from] ability: Poison Heal\n|-damage|p2a: A \u201cDragon\u201d|94\/100 tox|[from] psn\n|upkeep\n|turn|7\n|\n|t:|1700660160\n|move|p1a: Gliscor|Protect|p1a: Gliscor\n|-singleturn|p1a: Gliscor|Protect\n|move|p2a: A \u201cDragon\u201d|Boomburst|p1a: Gliscor\n|-activate|p1a: Gliscor|move: Protect\n|\n|-heal|p1a: Gliscor|53\/100 tox|[from] ability: Poison Heal\n|-damage|p2a: A \u201cDragon\u201d|82\/100 tox|[from] psn\n|upkeep\n|turn|8\n|\n|t:|1700660168\n|move|p1a: Gliscor|Substitute|p1a: Gliscor\n|-fail|p1a: Gliscor|move: Substitute\n|move|p2a: A \u201cDragon\u201d|Boomburst|p1a: Gliscor\n|-resisted|p1a: Gliscor\n|-damage|p1a: Gliscor|21\/100 tox\n|\n|-heal|p1a: Gliscor|33\/100 tox|[from] ability: Poison Heal\n|-damage|p2a: A \u201cDragon\u201d|64\/100 tox|[from] psn\n|upkeep\n|turn|9\n|\n|t:|1700660175\n|move|p1a: Gliscor|Protect|p1a: Gliscor\n|-singleturn|p1a: Gliscor|Protect\n|move|p2a: A \u201cDragon\u201d|Boomburst|p1a: Gliscor\n|-activate|p1a: Gliscor|move: Protect\n|\n|-heal|p1a: Gliscor|45\/100 tox|[from] ability: Poison Heal\n|-damage|p2a: A \u201cDragon\u201d|39\/100 tox|[from] psn\n|upkeep\n|turn|10\n|\n|t:|1700660184\n|move|p1a: Gliscor|Protect||[still]\n|-fail|p1a: Gliscor\n|move|p2a: A \u201cDragon\u201d|Dragon Tail|p1a: Gliscor\n|-resisted|p1a: Gliscor\n|-activate|p1a: Gliscor|move: Substitute|[damage]\n|\n|-heal|p1a: Gliscor|58\/100 tox|[from] ability: Poison Heal\n|-damage|p2a: A \u201cDragon\u201d|8\/100 tox|[from] psn\n|upkeep\n|turn|11\n|\n|t:|1700660193\n|move|p1a: Gliscor|Protect|p1a: Gliscor\n|-singleturn|p1a: Gliscor|Protect\n|move|p2a: A \u201cDragon\u201d|Boomburst|p1a: Gliscor\n|-activate|p1a: Gliscor|move: Protect\n|\n|-heal|p1a: Gliscor|70\/100 tox|[from] ability: Poison Heal\n|-damage|p2a: A \u201cDragon\u201d|0 fnt|[from] psn\n|faint|p2a: A \u201cDragon\u201d\n|upkeep\n|\n|t:|1700660204\n|switch|p2a: frog|Greninja, M|100\/100\n|turn|12\n|c|\u2606BludSnubblar|get candy\n|\n|t:|1700660209\n|move|p2a: frog|Substitute|p2a: frog\n|-start|p2a: frog|Substitute\n|-damage|p2a: frog|76\/100\n|move|p1a: Gliscor|Toxic||[still]\n|-fail|p1a: Gliscor\n|\n|-heal|p1a: Gliscor|83\/100 tox|[from] ability: Poison Heal\n|upkeep\n|turn|13\n|\n|t:|1700660216\n|move|p2a: frog|Swords Dance|p2a: frog\n|-boost|p2a: frog|atk|2\n|move|p1a: Gliscor|Earthquake|p2a: frog\n|-end|p2a: frog|Substitute\n|\n|-heal|p1a: Gliscor|95\/100 tox|[from] ability: Poison Heal\n|upkeep\n|turn|14\n|\n|t:|1700660226\n|move|p2a: frog|Liquidation|p1a: Gliscor\n|-end|p1a: Gliscor|Substitute\n|move|p1a: Gliscor|Earthquake|p2a: frog\n|-damage|p2a: frog|13\/100\n|-enditem|p2a: frog|Aguav Berry|[eat]\n|-heal|p2a: frog|47\/100|[from] item: Aguav Berry\n|\n|-heal|p1a: Gliscor|100\/100 tox|[from] ability: Poison Heal\n|upkeep\n|turn|15\n|\n|t:|1700660237\n|move|p2a: frog|Liquidation|p1a: Gliscor\n|-damage|p1a: Gliscor|67\/100 tox\n|-unboost|p1a: Gliscor|def|1\n|move|p1a: Gliscor|Earthquake|p2a: frog\n|-damage|p2a: frog|0 fnt\n|faint|p2a: frog\n|\n|-heal|p1a: Gliscor|80\/100 tox|[from] ability: Poison Heal\n|upkeep\n|\n|t:|1700660246\n|switch|p2a: Slaking|Slaking, M|100\/100\n|turn|16\n|\n|t:|1700660251\n|move|p2a: Slaking|Giga Impact|p1a: Gliscor\n|-resisted|p1a: Gliscor\n|-damage|p1a: Gliscor|28\/100 tox\n|-mustrecharge|p2a: Slaking\n|move|p1a: Gliscor|Toxic|p2a: Slaking\n|-status|p2a: Slaking|tox\n|\n|-damage|p2a: Slaking|94\/100 tox|[from] psn\n|-heal|p1a: Gliscor|40\/100 tox|[from] ability: Poison Heal\n|upkeep\n|turn|17\n|\n|t:|1700660260\n|cant|p2a: Slaking|recharge\n|move|p1a: Gliscor|Substitute|p1a: Gliscor\n|-start|p1a: Gliscor|Substitute\n|-damage|p1a: Gliscor|15\/100 tox\n|\n|-damage|p2a: Slaking|82\/100 tox|[from] psn\n|-heal|p1a: Gliscor|28\/100 tox|[from] ability: Poison Heal\n|upkeep\n|turn|18\n|\n|t:|1700660271\n|switch|p2a: Special Delivery!|Iron Bundle|100\/100\n|-enditem|p2a: Special Delivery!|Booster Energy\n|-activate|p2a: Special Delivery!|ability: Quark Drive|[fromitem]\n|-start|p2a: Special Delivery!|quarkdrivespe\n|move|p1a: Gliscor|Protect||[still]\n|-fail|p1a: Gliscor\n|\n|-heal|p1a: Gliscor|40\/100 tox|[from] ability: Poison Heal\n|upkeep\n|turn|19\n|\n|t:|1700660281\n|move|p2a: Special Delivery!|Ice Beam|p1a: Gliscor\n|-resisted|p1a: Gliscor\n|-activate|p1a: Gliscor|move: Substitute|[damage]\n|move|p1a: Gliscor|Toxic|p2a: Special Delivery!\n|-status|p2a: Special Delivery!|tox\n|\n|-damage|p2a: Special Delivery!|95\/100 tox|[from] psn\n|-heal|p1a: Gliscor|53\/100 tox|[from] ability: Poison Heal\n|upkeep\n|turn|20\n|\n|t:|1700660291\n|move|p1a: Gliscor|Protect|p1a: Gliscor\n|-singleturn|p1a: Gliscor|Protect\n|move|p2a: Special Delivery!|Play Rough|p1a: Gliscor\n|-activate|p1a: Gliscor|move: Protect\n|\n|-damage|p2a: Special Delivery!|83\/100 tox|[from] psn\n|-heal|p1a: Gliscor|65\/100 tox|[from] ability: Poison Heal\n|upkeep\n|turn|21\n|\n|t:|1700660309\n|move|p2a: Special Delivery!|Play Rough|p1a: Gliscor\n|-resisted|p1a: Gliscor\n|-end|p1a: Gliscor|Substitute\n|move|p1a: Gliscor|Substitute|p1a: Gliscor\n|-start|p1a: Gliscor|Substitute\n|-damage|p1a: Gliscor|40\/100 tox\n|\n|-damage|p2a: Special Delivery!|65\/100 tox|[from] psn\n|-heal|p1a: Gliscor|53\/100 tox|[from] ability: Poison Heal\n|upkeep\n|turn|22\n|\n|t:|1700660318\n|move|p1a: Gliscor|Protect|p1a: Gliscor\n|-singleturn|p1a: Gliscor|Protect\n|move|p2a: Special Delivery!|Acrobatics|p1a: Gliscor\n|-activate|p1a: Gliscor|move: Protect\n|\n|-damage|p2a: Special Delivery!|41\/100 tox|[from] psn\n|-heal|p1a: Gliscor|65\/100 tox|[from] ability: Poison Heal\n|upkeep\n|turn|23\n|\n|t:|1700660334\n|move|p2a: Special Delivery!|Acrobatics|p1a: Gliscor\n|-resisted|p1a: Gliscor\n|-activate|p1a: Gliscor|move: Substitute|[damage]\n|move|p1a: Gliscor|Substitute|p1a: Gliscor\n|-fail|p1a: Gliscor|move: Substitute\n|\n|-damage|p2a: Special Delivery!|12\/100 tox|[from] psn\n|-heal|p1a: Gliscor|78\/100 tox|[from] ability: Poison Heal\n|upkeep\n|turn|24\n|\n|t:|1700660342\n|move|p1a: Gliscor|Protect|p1a: Gliscor\n|-singleturn|p1a: Gliscor|Protect\n|move|p2a: Special Delivery!|Ice Beam|p1a: Gliscor\n|-activate|p1a: Gliscor|move: Protect\n|\n|-damage|p2a: Special Delivery!|0 fnt|[from] psn\n|faint|p2a: Special Delivery!\n|-end|p2a: Special Delivery!|Quark Drive|[silent]\n|-heal|p1a: Gliscor|90\/100 tox|[from] ability: Poison Heal\n|upkeep\n|\n|t:|1700660352\n|switch|p2a: Matcha|Sinistcha|100\/100\n|turn|25\n|\n|t:|1700660357\n|move|p1a: Gliscor|Toxic|p2a: Matcha\n|-status|p2a: Matcha|tox\n|move|p2a: Matcha|Nasty Plot|p2a: Matcha\n|-boost|p2a: Matcha|spa|2\n|\n|-heal|p1a: Gliscor|100\/100 tox|[from] ability: Poison Heal\n|-damage|p2a: Matcha|94\/100 tox|[from] psn\n|upkeep\n|turn|26\n|\n|t:|1700660365\n|move|p1a: Gliscor|Protect|p1a: Gliscor\n|-singleturn|p1a: Gliscor|Protect\n|move|p2a: Matcha|Nasty Plot|p2a: Matcha\n|-boost|p2a: Matcha|spa|2\n|\n|-damage|p2a: Matcha|82\/100 tox|[from] psn\n|upkeep\n|turn|27\n|\n|t:|1700660373\n|move|p1a: Gliscor|Substitute|p1a: Gliscor\n|-fail|p1a: Gliscor|move: Substitute\n|move|p2a: Matcha|Matcha Gotcha|p1a: Gliscor\n|-resisted|p1a: Gliscor\n|-end|p1a: Gliscor|Substitute\n|-heal|p2a: Matcha|88\/100 tox|[from] drain|[of] p1a: Gliscor\n|-damage|p2a: Matcha|79\/100 tox|[from] item: Life Orb\n|\n|-damage|p2a: Matcha|60\/100 tox|[from] psn\n|upkeep\n|turn|28\n|\n|t:|1700660384\n|move|p1a: Gliscor|Substitute|p1a: Gliscor\n|-start|p1a: Gliscor|Substitute\n|-damage|p1a: Gliscor|76\/100 tox\n|move|p2a: Matcha|Matcha Gotcha|p1a: Gliscor\n|-resisted|p1a: Gliscor\n|-end|p1a: Gliscor|Substitute\n|-heal|p2a: Matcha|73\/100 tox|[from] drain|[of] p1a: Gliscor\n|-damage|p2a: Matcha|63\/100 tox|[from] item: Life Orb\n|\n|-heal|p1a: Gliscor|88\/100 tox|[from] ability: Poison Heal\n|-damage|p2a: Matcha|39\/100 tox|[from] psn\n|upkeep\n|turn|29\n|\n|t:|1700660397\n|move|p1a: Gliscor|Substitute|p1a: Gliscor\n|-start|p1a: Gliscor|Substitute\n|-damage|p1a: Gliscor|63\/100 tox\n|move|p2a: Matcha|Night Shade|p1a: Gliscor\n|-end|p1a: Gliscor|Substitute\n|-damage|p2a: Matcha|29\/100 tox|[from] item: Life Orb\n|\n|-heal|p1a: Gliscor|76\/100 tox|[from] ability: Poison Heal\n|-damage|p2a: Matcha|0 fnt|[from] psn\n|faint|p2a: Matcha\n|upkeep\n|c|\u2606BludSnubblar|gg\n|\n|t:|1700660406\n|switch|p2a: Slaking|Slaking, M|82\/100 tox\n|turn|30\n|\n|t:|1700660413\n|move|p2a: Slaking|Giga Impact|p1a: Gliscor\n|-resisted|p1a: Gliscor\n|-damage|p1a: Gliscor|26\/100 tox\n|-mustrecharge|p2a: Slaking\n|move|p1a: Gliscor|Earthquake|p2a: Slaking\n|-damage|p2a: Slaking|61\/100 tox\n|\n|-damage|p2a: Slaking|55\/100 tox|[from] psn\n|-heal|p1a: Gliscor|39\/100 tox|[from] ability: Poison Heal\n|upkeep\n|turn|31\n|\n|t:|1700660424\n|cant|p2a: Slaking|recharge\n|move|p1a: Gliscor|Earthquake|p2a: Slaking\n|-damage|p2a: Slaking|32\/100 tox\n|\n|-damage|p2a: Slaking|20\/100 tox|[from] psn\n|-heal|p1a: Gliscor|51\/100 tox|[from] ability: Poison Heal\n|upkeep\n|turn|32\n|\n|t:|1700660431\n|move|p2a: Slaking|Giga Impact|p1a: Gliscor\n|-resisted|p1a: Gliscor\n|-damage|p1a: Gliscor|0 fnt\n|-mustrecharge|p2a: Slaking\n|faint|p1a: Gliscor\n|\n|-damage|p2a: Slaking|1\/100 tox|[from] psn\n|upkeep\n|-message|Spaghider forfeited.\n|\n|win|BludSnubblar\n|raw|BludSnubblar's rating: 1118 &rarr; <strong>1136<\/strong><br \/>(+18 for winning)\n|raw|Spaghider's rating: 1014 &rarr; <strong>1005<\/strong><br \/>(-9 for losing)\n","uploadtime":1700660452,"views":9,"p1id":"bludsnubblar","p2id":"spaghider","formatid":"gen9ubers","rating":1005,"private":0,"password":""}