{"id":"gen9ubers-1986632619","p1":"GymLeader Avery","p2":"Zeddby","format":"[Gen 9] Ubers","log":"|j|\u2606GymLeader Avery\n|j|\u2606Zeddby\n|t:|1699500235\n|gametype|singles\n|player|p1|GymLeader Avery|saguaro|\n|player|p2|Zeddby|marnie-masters3|\n|teamsize|p1|6\n|teamsize|p2|6\n|gen|9\n|tier|[Gen 9] Ubers\n|rule|Sleep Clause Mod: Limit one foe put to sleep\n|rule|Species Clause: Limit one of each Pok\u00e9mon\n|rule|OHKO Clause: OHKO moves are banned\n|rule|Evasion Items Clause: Evasion items are banned\n|rule|Evasion Moves Clause: Evasion moves are banned\n|rule|Endless Battle Clause: Forcing endless battles is banned\n|rule|HP Percentage Mod: HP is shown in percentages\n|clearpoke\n|poke|p1|Scream Tail|\n|poke|p1|Kleavor, M|\n|poke|p1|Walking Wake|\n|poke|p1|Torkoal, F|\n|poke|p1|Electrode-Hisui|\n|poke|p1|Tauros-Paldea-Blaze, M|\n|poke|p2|Roaring Moon|\n|poke|p2|Meowscarada, M|\n|poke|p2|Slowking, F|\n|poke|p2|Regidrago|\n|poke|p2|Blissey, F|\n|poke|p2|Orthworm, M|\n|teampreview\n|j| KevinF_VGC\n|j| DomNeedsHelp\n|j| CTE World\n|j| SenketsuThreads\n|j| acetrainerluck\n|j| muffinATEthat\n|c| acetrainerluck|the worm\n|c|\u2606Zeddby|WHO UP\n|c| SenketsuThreads|playin wid they\n|c|\u2606GymLeader Avery|https:\/\/www.youtube.com\/watch?v=0elyAkVq_Uo\n|c|\u2606GymLeader Avery|bout that damn time\n|c|\u2606GymLeader Avery|lemme know when we good\n|c| DomNeedsHelp|Go!\n|c|\u2606Zeddby|https:\/\/youtu.be\/y7jLK65J458?si=wwfqXvu232I97Toa\n|\n|t:|1699500339\n|start\n|switch|p1a: Carmelon A.|Electrode-Hisui, shiny|100\/100\n|switch|p2a: limsa legend|Meowscarada, M|100\/100\n|turn|1\n|\n|t:|1699500351\n|move|p1a: Carmelon A.|Thunder Wave|p2a: limsa legend\n|-status|p2a: limsa legend|par\n|cant|p2a: limsa legend|par\n|\n|upkeep\n|turn|2\n|\n|t:|1699500363\n|switch|p1a: Torkoal-O's|Torkoal, F|100\/100\n|-weather|SunnyDay|[from] ability: Drought|[of] p1a: Torkoal-O's\n|move|p2a: limsa legend|Toxic Spikes|p1a: Torkoal-O's\n|-sidestart|p1: GymLeader Avery|move: Toxic Spikes\n|\n|-weather|SunnyDay|[upkeep]\n|upkeep\n|turn|3\n|\n|t:|1699500375\n|switch|p2a: $8 coffee|Blissey, F|100\/100\n|move|p1a: Torkoal-O's|Rapid Spin|p2a: $8 coffee\n|-damage|p2a: $8 coffee|91\/100\n|-boost|p1a: Torkoal-O's|spe|1\n|-sideend|p1: GymLeader Avery|Toxic Spikes|[from] move: Rapid Spin|[of] p1a: Torkoal-O's\n|-enditem|p2a: $8 coffee|Red Card|[of] p1a: Torkoal-O's\n|drag|p1a: Carmelon A.|Electrode-Hisui, shiny|100\/100\n|\n|-weather|SunnyDay|[upkeep]\n|upkeep\n|turn|4\n|\n|t:|1699500387\n|move|p1a: Carmelon A.|Leech Seed|p2a: $8 coffee\n|-start|p2a: $8 coffee|move: Leech Seed\n|move|p2a: $8 coffee|Seismic Toss|p1a: Carmelon A.\n|-damage|p1a: Carmelon A.|70\/100\n|-damage|p2a: $8 coffee|75\/100|[from] item: Rocky Helmet|[of] p1a: Carmelon A.\n|\n|-weather|SunnyDay|[upkeep]\n|-damage|p2a: $8 coffee|62\/100|[from] Leech Seed|[of] p1a: Carmelon A.\n|-heal|p1a: Carmelon A.|95\/100|[silent]\n|upkeep\n|turn|5\n|\n|t:|1699500397\n|switch|p1a: Torkoal-O's|Torkoal, F|100\/100\n|switch|p2a: limsa legend|Meowscarada, M|100\/100 par\n|\n|-weather|SunnyDay|[upkeep]\n|upkeep\n|turn|6\n|\n|t:|1699500404\n|move|p2a: limsa legend|Toxic Spikes|p1a: Torkoal-O's\n|-sidestart|p1: GymLeader Avery|move: Toxic Spikes\n|move|p1a: Torkoal-O's|Iron Defense|p1a: Torkoal-O's\n|-boost|p1a: Torkoal-O's|def|2\n|\n|-weather|none\n|upkeep\n|turn|7\n|\n|t:|1699500413\n|move|p2a: limsa legend|Flower Trick|p1a: Torkoal-O's\n|-resisted|p1a: Torkoal-O's\n|-crit|p1a: Torkoal-O's\n|-damage|p1a: Torkoal-O's|84\/100\n|move|p1a: Torkoal-O's|Rapid Spin|p2a: limsa legend\n|-damage|p2a: limsa legend|86\/100 par\n|-boost|p1a: Torkoal-O's|spe|1\n|-sideend|p1: GymLeader Avery|Toxic Spikes|[from] move: Rapid Spin|[of] p1a: Torkoal-O's\n|\n|upkeep\n|turn|8\n|\n|t:|1699500421\n|move|p1a: Torkoal-O's|Lava Plume|p2a: limsa legend\n|-supereffective|p2a: limsa legend\n|-crit|p2a: limsa legend\n|-damage|p2a: limsa legend|0 fnt\n|faint|p2a: limsa legend\n|\n|upkeep\n|\n|t:|1699500429\n|switch|p2a: O SUICIDE|Slowking, F|100\/100\n|turn|9\n|c|\u2606Zeddby|nickname didnt work\n|\n|t:|1699500446\n|move|p1a: Torkoal-O's|Lava Plume|p2a: O SUICIDE\n|-resisted|p2a: O SUICIDE\n|-damage|p2a: O SUICIDE|93\/100\n|-status|p2a: O SUICIDE|brn\n|move|p2a: O SUICIDE|Surf|p1a: Torkoal-O's\n|-supereffective|p1a: Torkoal-O's\n|-damage|p1a: Torkoal-O's|4\/100\n|\n|-damage|p2a: O SUICIDE|87\/100 brn|[from] brn\n|upkeep\n|turn|10\n|c|\u2606GymLeader Avery|bro WHAT\n|c|\u2606GymLeader Avery|WHAT IS THAT NAME\n|c|\u2606GymLeader Avery|LOOOOOOOOOOOOOOOL\n|c|\u2606Zeddby|meant to have brackets\n|c|\u2606GymLeader Avery|what a name man\n|j| Snorlaxchef\n|j| Invitado 3324426\n|\n|t:|1699500506\n|switch|p1a: Suicune Prime|Walking Wake|100\/100\n|move|p2a: O SUICIDE|Light Screen|p2a: O SUICIDE\n|-sidestart|p2: Zeddby|move: Light Screen\n|\n|-damage|p2a: O SUICIDE|81\/100 brn|[from] brn\n|upkeep\n|turn|11\n|l| Invitado 3324426\n|\n|t:|1699500514\n|move|p1a: Suicune Prime|Flip Turn|p2a: O SUICIDE\n|-resisted|p2a: O SUICIDE\n|-damage|p2a: O SUICIDE|73\/100 brn\n|c| muffinATEthat|Timer is ON: You have 120 seconds\n|\n|t:|1699500518\n|-end|p1a: Suicune Prime|Protosynthesis|[silent]\n|switch|p1a: A Question|Kleavor, M|100\/100|[from] Flip Turn\n|move|p2a: O SUICIDE|Chilly Reception|p2a: O SUICIDE\n|-weather|Snow\n|inactive|Battle timer is ON: inactive players will automatically lose when time's up. (requested by Zeddby)\n|l| Snorlaxchef\n|\n|t:|1699500525\n|switch|p2a: X GIVE UP|Orthworm, M|100\/100|[from] Chilly Reception\n|\n|-weather|Snow|[upkeep]\n|upkeep\n|turn|12\n|c|\u2606GymLeader Avery|had to calc somethin my fault\n|\n|t:|1699500541\n|move|p1a: A Question|U-turn|p2a: X GIVE UP\n|-resisted|p2a: X GIVE UP\n|-damage|p2a: X GIVE UP|91\/100\n|\n|t:|1699500545\n|switch|p1a: Darker Than|Tauros-Paldea-Blaze, M|100\/100|[from] U-turn\n|-ability|p1a: Darker Than|Intimidate|boost\n|-unboost|p2a: X GIVE UP|atk|1\n|move|p2a: X GIVE UP|Iron Defense|p2a: X GIVE UP\n|-boost|p2a: X GIVE UP|def|2\n|\n|-weather|Snow|[upkeep]\n|upkeep\n|turn|13\n|\n|t:|1699500559\n|move|p1a: Darker Than|Raging Bull|p2a: X GIVE UP\n|-sideend|p2: Zeddby|move: Light Screen\n|-supereffective|p2a: X GIVE UP\n|-damage|p2a: X GIVE UP|69\/100\n|move|p2a: X GIVE UP|Iron Defense|p2a: X GIVE UP\n|-boost|p2a: X GIVE UP|def|2\n|\n|-weather|Snow|[upkeep]\n|upkeep\n|turn|14\n|\n|t:|1699500569\n|switch|p1a: Torkoal-O's|Torkoal, F|4\/100\n|-weather|SunnyDay|[from] ability: Drought|[of] p1a: Torkoal-O's\n|move|p2a: X GIVE UP|Body Press|p1a: Torkoal-O's\n|-damage|p1a: Torkoal-O's|0 fnt\n|faint|p1a: Torkoal-O's\n|\n|-weather|SunnyDay|[upkeep]\n|upkeep\n|\n|t:|1699500574\n|switch|p1a: Suicune Prime|Walking Wake|100\/100\n|-activate|p1a: Suicune Prime|ability: Protosynthesis\n|-start|p1a: Suicune Prime|protosynthesisspe\n|turn|15\n|\n|t:|1699500584\n|move|p1a: Suicune Prime|Hydro Steam|p2a: X GIVE UP\n|-damage|p2a: X GIVE UP|0 fnt\n|faint|p2a: X GIVE UP\n|\n|-weather|SunnyDay|[upkeep]\n|upkeep\n|\n|t:|1699500597\n|switch|p2a: $8 coffee|Blissey, F|62\/100\n|turn|16\n|inactive|GymLeader Avery has 270 seconds left.\n|\n|t:|1699500630\n|move|p1a: Suicune Prime|Hydro Steam|p2a: $8 coffee\n|-damage|p2a: $8 coffee|34\/100\n|move|p2a: $8 coffee|Thunder Wave|p1a: Suicune Prime\n|-status|p1a: Suicune Prime|par\n|\n|-weather|SunnyDay|[upkeep]\n|upkeep\n|turn|17\n|\n|t:|1699500638\n|-end|p1a: Suicune Prime|Protosynthesis|[silent]\n|switch|p1a: Darker Than|Tauros-Paldea-Blaze, M|100\/100\n|-ability|p1a: Darker Than|Intimidate|boost\n|-unboost|p2a: $8 coffee|atk|1\n|move|p2a: $8 coffee|Soft-Boiled|p2a: $8 coffee\n|-heal|p2a: $8 coffee|84\/100\n|\n|-weather|SunnyDay|[upkeep]\n|upkeep\n|turn|18\n|inactive|GymLeader Avery has 270 seconds left.\n|\n|t:|1699500661\n|-terastallize|p1a: Darker Than|Fairy\n|move|p1a: Darker Than|Raging Bull|p2a: $8 coffee\n|-damage|p2a: $8 coffee|23\/100\n|move|p2a: $8 coffee|Thunder Wave|p1a: Darker Than\n|-status|p1a: Darker Than|par\n|\n|-weather|none\n|upkeep\n|turn|19\n|inactive|GymLeader Avery has 270 seconds left.\n|\n|t:|1699500673\n|move|p2a: $8 coffee|Soft-Boiled|p2a: $8 coffee\n|-heal|p2a: $8 coffee|73\/100\n|move|p1a: Darker Than|Flame Charge|p2a: $8 coffee\n|-damage|p2a: $8 coffee|48\/100\n|-boost|p1a: Darker Than|spe|1\n|\n|upkeep\n|turn|20\n|\n|t:|1699500679\n|cant|p1a: Darker Than|par\n|move|p2a: $8 coffee|Seismic Toss|p1a: Darker Than\n|-damage|p1a: Darker Than|66\/100 par\n|\n|upkeep\n|turn|21\n|\n|t:|1699500684\n|move|p1a: Darker Than|Flame Charge|p2a: $8 coffee\n|-damage|p2a: $8 coffee|24\/100\n|-boost|p1a: Darker Than|spe|1\n|move|p2a: $8 coffee|Seismic Toss|p1a: Darker Than\n|-damage|p1a: Darker Than|32\/100 par\n|\n|upkeep\n|turn|22\n|\n|t:|1699500691\n|move|p1a: Darker Than|Flame Charge|p2a: $8 coffee\n|-damage|p2a: $8 coffee|0 fnt\n|-boost|p1a: Darker Than|spe|1\n|faint|p2a: $8 coffee\n|\n|upkeep\n|\n|t:|1699500716\n|switch|p2a: O SUICIDE|Slowking, F|100\/100 brn\n|turn|23\n|\n|t:|1699500719\n|move|p1a: Darker Than|Wild Charge|p2a: O SUICIDE\n|-supereffective|p2a: O SUICIDE\n|-damage|p2a: O SUICIDE|45\/100 brn\n|-damage|p1a: Darker Than|13\/100 par|[from] Recoil\n|move|p2a: O SUICIDE|Reflect|p2a: O SUICIDE\n|-sidestart|p2: Zeddby|Reflect\n|\n|-damage|p2a: O SUICIDE|39\/100 brn|[from] brn\n|upkeep\n|turn|24\n|\n|t:|1699500726\n|move|p1a: Darker Than|Raging Bull|p2a: O SUICIDE\n|-sideend|p2: Zeddby|Reflect\n|-resisted|p2a: O SUICIDE\n|-damage|p2a: O SUICIDE|18\/100 brn\n|move|p2a: O SUICIDE|Surf|p1a: Darker Than\n|-damage|p1a: Darker Than|0 fnt\n|faint|p1a: Darker Than\n|\n|-damage|p2a: O SUICIDE|11\/100 brn|[from] brn\n|upkeep\n|\n|t:|1699500731\n|switch|p1a: A Question|Kleavor, M|100\/100\n|turn|25\n|\n|t:|1699500738\n|move|p1a: A Question|U-turn|p2a: O SUICIDE\n|-supereffective|p2a: O SUICIDE\n|-damage|p2a: O SUICIDE|0 fnt\n|faint|p2a: O SUICIDE\n|\n|t:|1699500742\n|switch|p1a: Roddy Rich|Scream Tail|100\/100|[from] U-turn\n|\n|upkeep\n|c|\u2606GymLeader Avery|E\n|c|\u2606GymLeader Avery|ER\n|\n|t:|1699500759\n|switch|p2a: REDACTED|Regidrago|100\/100\n|turn|26\n|c| muffinATEthat|\ud83d\udce6\n|inactive|GymLeader Avery has 270 seconds left.\n|c|\u2606Zeddby|I did, in fact, forget tera steel\n|\n|t:|1699500793\n|move|p1a: Roddy Rich|Bulk Up|p1a: Roddy Rich\n|-boost|p1a: Roddy Rich|atk|1\n|-boost|p1a: Roddy Rich|def|1\n|move|p2a: REDACTED|Dragon Dance|p2a: REDACTED\n|-boost|p2a: REDACTED|atk|1\n|-boost|p2a: REDACTED|spe|1\n|\n|upkeep\n|turn|27\n|\n|t:|1699500800\n|move|p2a: REDACTED|Dragon Dance|p2a: REDACTED\n|-boost|p2a: REDACTED|atk|1\n|-boost|p2a: REDACTED|spe|1\n|move|p1a: Roddy Rich|Bulk Up|p1a: Roddy Rich\n|-boost|p1a: Roddy Rich|atk|1\n|-boost|p1a: Roddy Rich|def|1\n|\n|upkeep\n|turn|28\n|\n|t:|1699500810\n|move|p2a: REDACTED|Dragon Dance|p2a: REDACTED\n|-boost|p2a: REDACTED|atk|1\n|-boost|p2a: REDACTED|spe|1\n|move|p1a: Roddy Rich|Play Rough|p2a: REDACTED|[miss]\n|-miss|p1a: Roddy Rich|p2a: REDACTED\n|\n|upkeep\n|turn|29\n|\n|t:|1699500818\n|move|p2a: REDACTED|Earthquake|p1a: Roddy Rich\n|-damage|p1a: Roddy Rich|73\/100\n|move|p1a: Roddy Rich|Play Rough|p2a: REDACTED\n|-supereffective|p2a: REDACTED\n|-damage|p2a: REDACTED|0 fnt\n|faint|p2a: REDACTED\n|\n|-heal|p1a: Roddy Rich|80\/100|[from] item: Leftovers\n|upkeep\n|-message|Zeddby forfeited.\n|\n|win|GymLeader Avery\n|c|\u2606Zeddby|ggs\n|c|\u2606GymLeader Avery|ggs\n|l|\u2606GymLeader Avery\n|l|\u2606Zeddby\n","uploadtime":1699500831,"views":9,"p1id":"gymleaderavery","p2id":"zeddby","formatid":"gen9ubers","rating":0,"private":0,"password":""}