{"id":"gen9ubers-1988983702","p1":"tianxiank","p2":"Cooperchietto","format":"[Gen 9] Ubers","log":"|j|\u2606tianxiank\n|j|\u2606Cooperchietto\n|t:|1699798284\n|gametype|singles\n|player|p1|tianxiank|idol|1160\n|player|p2|Cooperchietto|266|1161\n|teamsize|p1|6\n|teamsize|p2|6\n|gen|9\n|tier|[Gen 9] Ubers\n|rated|\n|rule|Sleep Clause Mod: Limit one foe put to sleep\n|rule|Species Clause: Limit one of each Pok\u00e9mon\n|rule|OHKO Clause: OHKO moves are banned\n|rule|Evasion Items Clause: Evasion items are banned\n|rule|Evasion Moves Clause: Evasion moves are banned\n|rule|Endless Battle Clause: Forcing endless battles is banned\n|rule|HP Percentage Mod: HP is shown in percentages\n|clearpoke\n|poke|p1|Ursaluna-Bloodmoon, M|\n|poke|p1|Scream Tail|\n|poke|p1|Ogerpon-Hearthflame, F|\n|poke|p1|Garchomp, M|\n|poke|p1|Scizor, F|\n|poke|p1|Great Tusk|\n|poke|p2|Zacian-*|\n|poke|p2|Toxapex, M|\n|poke|p2|Blissey, F|\n|poke|p2|Kyogre|\n|poke|p2|Corviknight, F|\n|poke|p2|Iron Bundle|\n|teampreview\n|inactive|Battle timer is ON: inactive players will automatically lose when time's up. (requested by Cooperchietto)\n|l|\u2606tianxiank\n|inactive|tianxiank disconnected and has a minute to reconnect!\n|player|p1|\n|inactive|tianxiank has 30 seconds to reconnect!\n|inactive|tianxiank has 20 seconds to reconnect!\n|j|\u2606tianxiank\n|inactive|tianxiank reconnected and has 110 seconds left.\n|player|p1|tianxiank|idol\n|\n|t:|1699798345\n|start\n|switch|p1a: Ogerpon|Ogerpon-Hearthflame, F|100\/100\n|switch|p2a: Kyogre|Kyogre|100\/100\n|-ability|p1a: Ogerpon|Mold Breaker\n|-weather|RainDance|[from] ability: Drizzle|[of] p2a: Kyogre\n|turn|1\n|\n|t:|1699798374\n|move|p1a: Ogerpon|Trailblaze|p2a: Kyogre\n|-supereffective|p2a: Kyogre\n|-damage|p2a: Kyogre|30\/100\n|-boost|p1a: Ogerpon|spe|1\n|move|p2a: Kyogre|Thunder|p1a: Ogerpon\n|-resisted|p1a: Ogerpon\n|-damage|p1a: Ogerpon|72\/100\n|\n|-weather|RainDance|[upkeep]\n|upkeep\n|turn|2\n|\n|t:|1699798386\n|switch|p2a: Corviknight|Corviknight, F|100\/100\n|-ability|p2a: Corviknight|Pressure\n|-terastallize|p1a: Ogerpon|Fire\n|detailschange|p1a: Ogerpon|Ogerpon-Hearthflame-Tera, F, tera:Fire\n|-ability|p1a: Ogerpon|Embody Aspect (Hearthflame)|boost\n|-boost|p1a: Ogerpon|atk|1\n|move|p1a: Ogerpon|Horn Leech|p2a: Corviknight\n|-resisted|p2a: Corviknight\n|-damage|p2a: Corviknight|90\/100\n|-heal|p1a: Ogerpon|78\/100|[from] drain|[of] p2a: Corviknight\n|\n|-weather|RainDance|[upkeep]\n|upkeep\n|turn|3\n|\n|t:|1699798400\n|move|p1a: Ogerpon|Ivy Cudgel|p2a: Corviknight\n|-supereffective|p2a: Corviknight\n|-damage|p2a: Corviknight|13\/100\n|move|p2a: Corviknight|Iron Defense|p2a: Corviknight\n|-boost|p2a: Corviknight|def|2\n|\n|-weather|RainDance|[upkeep]\n|upkeep\n|turn|4\n|\n|t:|1699798408\n|move|p1a: Ogerpon|Ivy Cudgel|p2a: Corviknight\n|-supereffective|p2a: Corviknight\n|-damage|p2a: Corviknight|0 fnt\n|faint|p2a: Corviknight\n|\n|-weather|RainDance|[upkeep]\n|upkeep\n|\n|t:|1699798412\n|switch|p2a: Zacian|Zacian-Crowned|100\/100\n|-ability|p2a: Zacian|Intrepid Sword|boost\n|-boost|p2a: Zacian|atk|1\n|turn|5\n|\n|t:|1699798418\n|move|p1a: Ogerpon|Ivy Cudgel|p2a: Zacian\n|-supereffective|p2a: Zacian\n|-damage|p2a: Zacian|0 fnt\n|faint|p2a: Zacian\n|\n|-weather|none\n|upkeep\n|\n|t:|1699798423\n|switch|p2a: Iron Bundle|Iron Bundle|100\/100\n|-enditem|p2a: Iron Bundle|Booster Energy\n|-activate|p2a: Iron Bundle|ability: Quark Drive|[fromitem]\n|-start|p2a: Iron Bundle|quarkdrivespe\n|turn|6\n|\n|t:|1699798448\n|move|p2a: Iron Bundle|Hydro Pump|p1a: Ogerpon|[miss]\n|-miss|p2a: Iron Bundle|p1a: Ogerpon\n|move|p1a: Ogerpon|Trailblaze|p2a: Iron Bundle\n|-supereffective|p2a: Iron Bundle\n|-damage|p2a: Iron Bundle|0 fnt\n|-boost|p1a: Ogerpon|spe|1\n|faint|p2a: Iron Bundle\n|-end|p2a: Iron Bundle|Quark Drive|[silent]\n|\n|upkeep\n|-message|Cooperchietto forfeited.\n|\n|win|tianxiank\n|raw|tianxiank's rating: 1160 &rarr; <strong>1185<\/strong><br \/>(+25 for winning)\n|raw|Cooperchietto's rating: 1161 &rarr; <strong>1136<\/strong><br \/>(-25 for losing)\n|l|\u2606Cooperchietto\n","uploadtime":1699798498,"views":9,"p1id":"tianxiank","p2id":"cooperchietto","formatid":"gen9ubers","rating":1136,"private":0,"password":""}