{"id":"gen9ubers-1968837648","p1":"DelScout","p2":"Shirosakiaoi","format":"[Gen 9] Ubers","log":"|j|\u2606DelScout\n|j|\u2606Shirosakiaoi\n|t:|1697468943\n|gametype|singles\n|player|p1|DelScout|102|\n|player|p2|Shirosakiaoi|morty|\n|teamsize|p1|6\n|teamsize|p2|6\n|gen|9\n|tier|[Gen 9] Ubers\n|rule|Sleep Clause Mod: Limit one foe put to sleep\n|rule|Species Clause: Limit one of each Pok\u00e9mon\n|rule|OHKO Clause: OHKO moves are banned\n|rule|Evasion Items Clause: Evasion items are banned\n|rule|Evasion Moves Clause: Evasion moves are banned\n|rule|Endless Battle Clause: Forcing endless battles is banned\n|rule|HP Percentage Mod: HP is shown in percentages\n|clearpoke\n|poke|p1|Shaymin-Sky|\n|poke|p1|Vikavolt, M|\n|poke|p1|Alomomola, F|\n|poke|p1|Dialga|\n|poke|p1|Blissey, F|\n|poke|p1|Cyclizar, M|\n|poke|p2|Landorus, M|\n|poke|p2|Urshifu-*, M|\n|poke|p2|Samurott-Hisui, M|\n|poke|p2|Zamazenta-*|\n|poke|p2|Espathra, M|\n|poke|p2|Cyclizar, F|\n|teampreview\n|\n|t:|1697468968\n|start\n|switch|p1a: Scizor-Alola|Vikavolt, M, shiny|100\/100\n|switch|p2a: Urshifuuuya|Urshifu, M|100\/100\n|turn|1\n|\n|t:|1697468978\n|switch|p2a: Landorus|Landorus, M|100\/100\n|move|p1a: Scizor-Alola|Volt Switch|p2a: Landorus\n|-immune|p2a: Landorus\n|\n|upkeep\n|turn|2\n|\n|t:|1697468984\n|move|p2a: Landorus|Nasty Plot|p2a: Landorus\n|-boost|p2a: Landorus|spa|2\n|move|p1a: Scizor-Alola|Light Screen|p1a: Scizor-Alola\n|-sidestart|p1: DelScout|move: Light Screen\n|\n|upkeep\n|turn|3\n|\n|t:|1697468994\n|switch|p1a: Bleessey|Blissey, F|100\/100\n|move|p2a: Landorus|Nasty Plot|p2a: Landorus\n|-boost|p2a: Landorus|spa|2\n|\n|upkeep\n|turn|4\n|\n|t:|1697469004\n|move|p2a: Landorus|Nasty Plot|p2a: Landorus\n|-boost|p2a: Landorus|spa|2\n|move|p1a: Bleessey|Seismic Toss|p2a: Landorus\n|-damage|p2a: Landorus|69\/100\n|\n|upkeep\n|turn|5\n|\n|t:|1697469010\n|move|p2a: Landorus|Sandsear Storm|p1a: Bleessey\n|-damage|p1a: Bleessey|52\/100\n|move|p1a: Bleessey|Seismic Toss|p2a: Landorus\n|-damage|p2a: Landorus|38\/100\n|\n|-heal|p1a: Bleessey|58\/100|[from] item: Leftovers\n|upkeep\n|turn|6\n|\n|t:|1697469018\n|move|p2a: Landorus|Sandsear Storm|p1a: Bleessey\n|-crit|p1a: Bleessey\n|-damage|p1a: Bleessey|0 fnt\n|faint|p1a: Bleessey\n|\n|upkeep\n|\n|t:|1697469029\n|switch|p1a: Perrari|Shaymin-Sky, shiny|100\/100\n|turn|7\n|\n|t:|1697469037\n|move|p1a: Perrari|Seed Flare|p2a: Landorus\n|-damage|p2a: Landorus|0 fnt\n|faint|p2a: Landorus\n|\n|upkeep\n|\n|t:|1697469052\n|switch|p2a: Espathra|Espathra, M|100\/100\n|turn|8\n|\n|t:|1697469056\n|move|p1a: Perrari|Leech Seed|p2a: Espathra\n|-start|p2a: Espathra|move: Leech Seed\n|move|p2a: Espathra|Calm Mind|p2a: Espathra\n|-boost|p2a: Espathra|spa|1\n|-boost|p2a: Espathra|spd|1\n|\n|-damage|p2a: Espathra|88\/100|[from] Leech Seed|[of] p1a: Perrari\n|-ability|p2a: Espathra|Speed Boost|boost\n|-boost|p2a: Espathra|spe|1\n|upkeep\n|turn|9\n|\n|t:|1697469064\n|move|p2a: Espathra|Calm Mind|p2a: Espathra\n|-boost|p2a: Espathra|spa|1\n|-boost|p2a: Espathra|spd|1\n|move|p1a: Perrari|Seed Flare|p2a: Espathra|[miss]\n|-miss|p1a: Perrari|p2a: Espathra\n|\n|-heal|p2a: Espathra|94\/100|[from] item: Leftovers\n|-damage|p2a: Espathra|82\/100|[from] Leech Seed|[of] p1a: Perrari\n|-sideend|p1: DelScout|move: Light Screen\n|-ability|p2a: Espathra|Speed Boost|boost\n|-boost|p2a: Espathra|spe|1\n|upkeep\n|turn|10\n|\n|t:|1697469078\n|move|p2a: Espathra|Stored Power|p1a: Perrari\n|-damage|p1a: Perrari|0 fnt\n|faint|p1a: Perrari\n|\n|-heal|p2a: Espathra|88\/100|[from] item: Leftovers\n|-ability|p2a: Espathra|Speed Boost|boost\n|-boost|p2a: Espathra|spe|1\n|upkeep\n|c|\u2606DelScout|!dt espathra\n|raw|<div class=\"message\"><ul class=\"utilichart\"><li class=\"result\"><span class=\"col numcol\">Uber<\/span> <span class=\"col iconcol\"><psicon pokemon=\"espathra\"\/><\/span> <span class=\"col pokemonnamecol\" style=\"white-space:nowrap\"><a href=\"https:\/\/dex.pokemonshowdown.com\/pokemon\/espathra\" target=\"_blank\">Espathra<\/a><\/span> <span class=\"col typecol\"><img src=\"https:\/\/play.pokemonshowdown.com\/sprites\/types\/Psychic.png\" alt=\"Psychic\" height=\"14\" width=\"32\"><\/span> <span style=\"float:left;min-height:26px\"><span class=\"col twoabilitycol\">Opportunist<br \/>Frisk<\/span><span class=\"col abilitycol\"><em>Speed Boost<\/em><\/span><\/span><span style=\"float:left;min-height:26px\"><span class=\"col statcol\"><em>HP<\/em><br \/>95<\/span> <span class=\"col statcol\"><em>Atk<\/em><br \/>60<\/span> <span class=\"col statcol\"><em>Def<\/em><br \/>60<\/span> <span class=\"col statcol\"><em>SpA<\/em><br \/>101<\/span> <span class=\"col statcol\"><em>SpD<\/em><br \/>60<\/span> <span class=\"col statcol\"><em>Spe<\/em><br \/>105<\/span> <span class=\"col bstcol\"><em>BST<br \/>481<\/em><\/span> <\/span><\/li><li style=\"clear:both\"><\/li><\/ul><\/div>\n|raw|<font size=\"1\"><font color=\"#686868\">Dex#:<\/font> 956&nbsp;|&ThickSpace;<font color=\"#686868\">Gen:<\/font> 9&nbsp;|&ThickSpace;<font color=\"#686868\">Height:<\/font> 1.9 m&nbsp;|&ThickSpace;<font color=\"#686868\">Weight:<\/font> 90 kg <em>(80 BP)<\/em>&nbsp;|&ThickSpace;<font color=\"#686868\">Dex Colour:<\/font> Yellow&nbsp;|&ThickSpace;<font color=\"#686868\">Egg Group(s):<\/font> Flying&nbsp;|&ThickSpace;<font color=\"#686868\">Does Not Evolve<\/font><\/font>\n\n|\n|t:|1697469095\n|switch|p1a: Genfour|Dialga|100\/100\n|-ability|p1a: Genfour|Pressure\n|turn|11\n|\n|t:|1697469105\n|-terastallize|p1a: Genfour|Ground\n|move|p2a: Espathra|Calm Mind|p2a: Espathra\n|-boost|p2a: Espathra|spa|1\n|-boost|p2a: Espathra|spd|1\n|move|p1a: Genfour|Earthquake|p2a: Espathra\n|-damage|p2a: Espathra|22\/100\n|\n|-heal|p2a: Espathra|28\/100|[from] item: Leftovers\n|-damage|p2a: Espathra|16\/100|[from] Leech Seed|[of] p1a: Genfour\n|-ability|p2a: Espathra|Speed Boost|boost\n|-boost|p2a: Espathra|spe|1\n|upkeep\n|turn|12\n|\n|t:|1697469117\n|move|p2a: Espathra|Protect|p2a: Espathra\n|-singleturn|p2a: Espathra|Protect\n|move|p1a: Genfour|Earthquake|p2a: Espathra\n|-activate|p2a: Espathra|move: Protect\n|\n|-heal|p2a: Espathra|22\/100|[from] item: Leftovers\n|-damage|p2a: Espathra|10\/100|[from] Leech Seed|[of] p1a: Genfour\n|-ability|p2a: Espathra|Speed Boost|boost\n|-boost|p2a: Espathra|spe|1\n|upkeep\n|turn|13\n|\n|t:|1697469129\n|move|p2a: Espathra|Stored Power|p1a: Genfour\n|-damage|p1a: Genfour|0 fnt\n|faint|p1a: Genfour\n|\n|-heal|p2a: Espathra|16\/100|[from] item: Leftovers\n|-ability|p2a: Espathra|Speed Boost|boost\n|-boost|p2a: Espathra|spe|1\n|upkeep\n|\n|t:|1697469153\n|switch|p1a: Scizor-Alola|Vikavolt, M, shiny|100\/100\n|turn|14\n|\n|t:|1697469158\n|move|p2a: Espathra|Stored Power|p1a: Scizor-Alola\n|-damage|p1a: Scizor-Alola|0 fnt\n|faint|p1a: Scizor-Alola\n|\n|-heal|p2a: Espathra|22\/100|[from] item: Leftovers\n|upkeep\n|\n|t:|1697469163\n|switch|p1a: Lolaposting|Alomomola, F, shiny|100\/100\n|turn|15\n|\n|t:|1697469167\n|move|p2a: Espathra|Stored Power|p1a: Lolaposting\n|-damage|p1a: Lolaposting|0 fnt\n|faint|p1a: Lolaposting\n|\n|-heal|p2a: Espathra|28\/100|[from] item: Leftovers\n|upkeep\n|\n|t:|1697469172\n|switch|p1a: Derbisaurus|Cyclizar, M|100\/100\n|turn|16\n|\n|t:|1697469175\n|move|p2a: Espathra|Stored Power|p1a: Derbisaurus\n|-damage|p1a: Derbisaurus|0 fnt\n|faint|p1a: Derbisaurus\n|\n|win|Shirosakiaoi\n|c|\u2606Shirosakiaoi|gg\n","uploadtime":1697469181,"views":11,"p1id":"delscout","p2id":"shirosakiaoi","formatid":"gen9ubers","rating":0,"private":0,"password":""}