{"id":"gen9ubers-1978800732","p1":"SwordIsBored","p2":"RubenPaCe","format":"[Gen 9] Ubers","log":"|j|\u2606SwordIsBored\n|j|\u2606RubenPaCe\n|t:|1698596828\n|gametype|singles\n|player|p1|SwordIsBored|irida|\n|player|p2|RubenPaCe|camper|\n|teamsize|p1|6\n|teamsize|p2|6\n|gen|9\n|tier|[Gen 9] Ubers\n|rule|Sleep Clause Mod: Limit one foe put to sleep\n|rule|Species Clause: Limit one of each Pok\u00e9mon\n|rule|OHKO Clause: OHKO moves are banned\n|rule|Evasion Items Clause: Evasion items are banned\n|rule|Evasion Moves Clause: Evasion moves are banned\n|rule|Endless Battle Clause: Forcing endless battles is banned\n|rule|HP Percentage Mod: HP is shown in percentages\n|clearpoke\n|poke|p1|Ninetales-Alola, M|\n|poke|p1|Arceus-Fire|\n|poke|p1|Espathra, M|\n|poke|p1|Magearna|\n|poke|p1|Hatterene, F|\n|poke|p1|Ursaluna-Bloodmoon, M|\n|poke|p2|Pelipper, M|\n|poke|p2|Palafin, F|\n|poke|p2|Basculegion-F, F|\n|poke|p2|Magearna|\n|poke|p2|Arceus-Poison|\n|poke|p2|Dialga|\n|teampreview\n|\n|t:|1698596850\n|start\n|switch|p1a: Ursaluna|Ursaluna-Bloodmoon, M|100\/100\n|switch|p2a: Arceus|Arceus-Poison|100\/100\n|turn|1\n|\n|t:|1698596860\n|switch|p2a: Pelipper|Pelipper, M|100\/100\n|-weather|RainDance|[from] ability: Drizzle|[of] p2a: Pelipper\n|move|p1a: Ursaluna|Blood Moon|p2a: Pelipper\n|-damage|p2a: Pelipper|0 fnt\n|faint|p2a: Pelipper\n|\n|-weather|RainDance|[upkeep]\n|upkeep\n|\n|t:|1698596862\n|switch|p2a: Palafin|Palafin, F|100\/100\n|turn|2\n|\n|t:|1698596873\n|switch|p1a: Ninetales|Ninetales-Alola, M|100\/100\n|-weather|Snow|[from] ability: Snow Warning|[of] p1a: Ninetales\n|move|p2a: Palafin|Flip Turn|p1a: Ninetales\n|-damage|p1a: Ninetales|72\/100\n|\n|t:|1698596877\n|detailschange|p2a: Palafin|Palafin-Hero, F\n|switch|p2a: Arceus|Arceus-Poison|100\/100|[from] Flip Turn\n|\n|-weather|Snow|[upkeep]\n|upkeep\n|turn|3\n|\n|t:|1698596887\n|switch|p1a: Ursaluna|Ursaluna-Bloodmoon, M|100\/100\n|move|p2a: Arceus|Judgment|p1a: Ursaluna\n|-resisted|p1a: Ursaluna\n|-damage|p1a: Ursaluna|67\/100\n|\n|-weather|Snow|[upkeep]\n|-heal|p1a: Ursaluna|73\/100|[from] item: Leftovers\n|upkeep\n|turn|4\n|\n|t:|1698596900\n|move|p2a: Arceus|Calm Mind|p2a: Arceus\n|-boost|p2a: Arceus|spa|1\n|-boost|p2a: Arceus|spd|1\n|move|p1a: Ursaluna|Blood Moon|p2a: Arceus\n|-damage|p2a: Arceus|65\/100\n|\n|-weather|Snow|[upkeep]\n|-heal|p1a: Ursaluna|79\/100|[from] item: Leftovers\n|upkeep\n|turn|5\n|\n|t:|1698596906\n|move|p2a: Arceus|Judgment|p1a: Ursaluna\n|-resisted|p1a: Ursaluna\n|-damage|p1a: Ursaluna|35\/100\n|move|p1a: Ursaluna|Earth Power|p2a: Arceus\n|-supereffective|p2a: Arceus\n|-damage|p2a: Arceus|17\/100\n|\n|-weather|Snow|[upkeep]\n|-heal|p1a: Ursaluna|41\/100|[from] item: Leftovers\n|upkeep\n|turn|6\n|\n|t:|1698596919\n|move|p2a: Arceus|Earth Power|p1a: Ursaluna\n|-damage|p1a: Ursaluna|0 fnt\n|faint|p1a: Ursaluna\n|\n|-weather|none\n|upkeep\n|\n|t:|1698596927\n|switch|p1a: Arceus|Arceus-Fire|100\/100\n|turn|7\n|\n|t:|1698596938\n|move|p2a: Arceus|Earth Power|p1a: Arceus\n|-supereffective|p1a: Arceus\n|-damage|p1a: Arceus|45\/100\n|move|p1a: Arceus|Dragon Dance|p1a: Arceus\n|-boost|p1a: Arceus|atk|1\n|-boost|p1a: Arceus|spe|1\n|\n|upkeep\n|turn|8\n|\n|t:|1698596944\n|switch|p2a: Palafin|Palafin-Hero, F|100\/100\n|-activate|p2a: Palafin|ability: Zero to Hero\n|move|p1a: Arceus|Flare Blitz|p2a: Palafin\n|-resisted|p2a: Palafin\n|-damage|p2a: Palafin|47\/100\n|-damage|p1a: Arceus|28\/100|[from] Recoil\n|\n|upkeep\n|turn|9\n|\n|t:|1698596949\n|move|p2a: Palafin|Jet Punch|p1a: Arceus\n|-supereffective|p1a: Arceus\n|-damage|p1a: Arceus|0 fnt\n|faint|p1a: Arceus\n|\n|upkeep\n|\n|t:|1698596951\n|switch|p1a: Magearna|Magearna|100\/100\n|turn|10\n|\n|t:|1698596960\n|switch|p2a: Dialga|Dialga|100\/100\n|-ability|p2a: Dialga|Pressure\n|-terastallize|p1a: Magearna|Water\n|move|p1a: Magearna|Calm Mind|p1a: Magearna\n|-boost|p1a: Magearna|spa|1\n|-boost|p1a: Magearna|spd|1\n|\n|upkeep\n|turn|11\n|\n|t:|1698596968\n|move|p2a: Dialga|Flash Cannon|p1a: Magearna\n|-resisted|p1a: Magearna\n|-damage|p1a: Magearna|91\/100\n|move|p1a: Magearna|Draining Kiss|p2a: Dialga\n|-damage|p2a: Dialga|77\/100\n|-heal|p1a: Magearna|100\/100|[from] drain|[of] p2a: Dialga\n|\n|-heal|p2a: Dialga|84\/100|[from] item: Leftovers\n|upkeep\n|turn|12\n|\n|t:|1698596972\n|move|p2a: Dialga|Stealth Rock|p1a: Magearna\n|-sidestart|p1: SwordIsBored|move: Stealth Rock\n|move|p1a: Magearna|Draining Kiss|p2a: Dialga\n|-damage|p2a: Dialga|60\/100\n|\n|-heal|p2a: Dialga|66\/100|[from] item: Leftovers\n|upkeep\n|turn|13\n|\n|t:|1698596975\n|move|p1a: Magearna|Draining Kiss|p2a: Dialga\n|-damage|p2a: Dialga|43\/100\n|move|p2a: Dialga|Roar|p1a: Magearna\n|drag|p1a: Espathra|Espathra, M|100\/100\n|-damage|p1a: Espathra|88\/100|[from] Stealth Rock\n|\n|-heal|p1a: Espathra|94\/100|[from] item: Leftovers\n|-heal|p2a: Dialga|49\/100|[from] item: Leftovers\n|upkeep\n|turn|14\n|\n|t:|1698596982\n|switch|p1a: Magearna|Magearna, tera:Water|100\/100\n|-damage|p1a: Magearna|88\/100|[from] Stealth Rock\n|move|p2a: Dialga|Roar|p1a: Magearna\n|drag|p1a: Espathra|Espathra, M|94\/100\n|-damage|p1a: Espathra|82\/100|[from] Stealth Rock\n|\n|-heal|p1a: Espathra|88\/100|[from] item: Leftovers\n|-heal|p2a: Dialga|55\/100|[from] item: Leftovers\n|upkeep\n|turn|15\n|\n|t:|1698596989\n|move|p1a: Espathra|Dazzling Gleam|p2a: Dialga\n|-damage|p2a: Dialga|42\/100\n|move|p2a: Dialga|Flash Cannon|p1a: Espathra\n|-damage|p1a: Espathra|33\/100\n|\n|-heal|p1a: Espathra|39\/100|[from] item: Leftovers\n|-heal|p2a: Dialga|48\/100|[from] item: Leftovers\n|-ability|p1a: Espathra|Speed Boost|boost\n|-boost|p1a: Espathra|spe|1\n|upkeep\n|turn|16\n|\n|t:|1698596996\n|move|p1a: Espathra|Calm Mind|p1a: Espathra\n|-boost|p1a: Espathra|spa|1\n|-boost|p1a: Espathra|spd|1\n|move|p2a: Dialga|Flash Cannon|p1a: Espathra\n|-damage|p1a: Espathra|2\/100\n|\n|-heal|p1a: Espathra|9\/100|[from] item: Leftovers\n|-heal|p2a: Dialga|54\/100|[from] item: Leftovers\n|-ability|p1a: Espathra|Speed Boost|boost\n|-boost|p1a: Espathra|spe|1\n|upkeep\n|turn|17\n|\n|t:|1698597002\n|move|p1a: Espathra|Dazzling Gleam|p2a: Dialga\n|-damage|p2a: Dialga|33\/100\n|move|p2a: Dialga|Roar|p1a: Espathra\n|drag|p1a: Ninetales|Ninetales-Alola, M|72\/100\n|-damage|p1a: Ninetales|47\/100|[from] Stealth Rock\n|-weather|Snow|[from] ability: Snow Warning|[of] p1a: Ninetales\n|\n|-weather|Snow|[upkeep]\n|-heal|p2a: Dialga|39\/100|[from] item: Leftovers\n|upkeep\n|turn|18\n|\n|t:|1698597011\n|move|p1a: Ninetales|Aurora Veil|p1a: Ninetales\n|-sidestart|p1: SwordIsBored|move: Aurora Veil\n|move|p2a: Dialga|Flash Cannon|p1a: Ninetales\n|-supereffective|p1a: Ninetales\n|-damage|p1a: Ninetales|0 fnt\n|faint|p1a: Ninetales\n|\n|-weather|Snow|[upkeep]\n|-heal|p2a: Dialga|46\/100|[from] item: Leftovers\n|upkeep\n|\n|t:|1698597020\n|switch|p1a: Hatterene|Hatterene, F|100\/100\n|-damage|p1a: Hatterene|88\/100|[from] Stealth Rock\n|turn|19\n|\n|t:|1698597030\n|switch|p2a: Palafin|Palafin-Hero, F|47\/100\n|move|p1a: Hatterene|Nuzzle|p2a: Palafin\n|-supereffective|p2a: Palafin\n|-damage|p2a: Palafin|40\/100\n|-status|p2a: Palafin|par\n|\n|-weather|Snow|[upkeep]\n|-heal|p1a: Hatterene|94\/100|[from] item: Leftovers\n|upkeep\n|turn|20\n|\n|t:|1698597033\n|move|p2a: Palafin|Wave Crash|p1a: Hatterene\n|-damage|p1a: Hatterene|42\/100\n|-damage|p2a: Palafin|26\/100 par|[from] Recoil\n|move|p1a: Hatterene|Calm Mind|p1a: Hatterene\n|-boost|p1a: Hatterene|spa|1\n|-boost|p1a: Hatterene|spd|1\n|\n|-weather|Snow|[upkeep]\n|-heal|p1a: Hatterene|48\/100|[from] item: Leftovers\n|upkeep\n|turn|21\n|\n|t:|1698597037\n|cant|p2a: Palafin|par\n|move|p1a: Hatterene|Draining Kiss|p2a: Palafin\n|-damage|p2a: Palafin|0 fnt\n|-heal|p1a: Hatterene|72\/100|[from] drain|[of] p2a: Palafin\n|faint|p2a: Palafin\n|\n|-weather|none\n|-heal|p1a: Hatterene|78\/100|[from] item: Leftovers\n|upkeep\n|\n|t:|1698597042\n|switch|p2a: Arceus|Arceus-Poison|17\/100\n|turn|22\n|\n|t:|1698597048\n|move|p2a: Arceus|Judgment|p1a: Hatterene\n|-supereffective|p1a: Hatterene\n|-damage|p1a: Hatterene|43\/100\n|move|p1a: Hatterene|Stored Power|p2a: Arceus\n|-supereffective|p2a: Arceus\n|-damage|p2a: Arceus|0 fnt\n|faint|p2a: Arceus\n|\n|-heal|p1a: Hatterene|49\/100|[from] item: Leftovers\n|upkeep\n|\n|t:|1698597056\n|switch|p2a: Basculegion|Basculegion-F, F|100\/100\n|turn|23\n|\n|t:|1698597060\n|-terastallize|p2a: Basculegion|Ghost\n|move|p2a: Basculegion|Last Respects|p1a: Hatterene\n|-supereffective|p1a: Hatterene\n|-damage|p1a: Hatterene|0 fnt\n|faint|p1a: Hatterene\n|\n|upkeep\n|\n|t:|1698597066\n|switch|p1a: Magearna|Magearna, tera:Water|88\/100\n|-damage|p1a: Magearna|76\/100|[from] Stealth Rock\n|turn|24\n|\n|t:|1698597071\n|switch|p2a: Dialga|Dialga|46\/100\n|-ability|p2a: Dialga|Pressure\n|move|p1a: Magearna|Iron Defense|p1a: Magearna\n|-boost|p1a: Magearna|def|2\n|\n|-heal|p2a: Dialga|52\/100|[from] item: Leftovers\n|-heal|p1a: Magearna|82\/100|[from] item: Leftovers\n|upkeep\n|turn|25\n|\n|t:|1698597075\n|move|p1a: Magearna|Draining Kiss|p2a: Dialga\n|-damage|p2a: Dialga|37\/100\n|-heal|p1a: Magearna|94\/100|[from] drain|[of] p2a: Dialga\n|move|p2a: Dialga|Roar|p1a: Magearna\n|drag|p1a: Espathra|Espathra, M|9\/100\n|-damage|p1a: Espathra|0 fnt|[from] Stealth Rock\n|faint|p1a: Espathra\n|\n|-heal|p2a: Dialga|43\/100|[from] item: Leftovers\n|-sideend|p1: SwordIsBored|move: Aurora Veil\n|upkeep\n|\n|t:|1698597081\n|switch|p1a: Magearna|Magearna, tera:Water|94\/100\n|-damage|p1a: Magearna|82\/100|[from] Stealth Rock\n|turn|26\n|\n|t:|1698597088\n|switch|p2a: Basculegion|Basculegion-F, F, tera:Ghost|100\/100\n|move|p1a: Magearna|Iron Defense|p1a: Magearna\n|-boost|p1a: Magearna|def|2\n|\n|-heal|p1a: Magearna|88\/100|[from] item: Leftovers\n|upkeep\n|turn|27\n|\n|t:|1698597091\n|move|p2a: Basculegion|Last Respects|p1a: Magearna\n|-damage|p1a: Magearna|45\/100\n|move|p1a: Magearna|Draining Kiss|p2a: Basculegion\n|-damage|p2a: Basculegion|77\/100\n|-heal|p1a: Magearna|64\/100|[from] drain|[of] p2a: Basculegion\n|\n|-heal|p1a: Magearna|70\/100|[from] item: Leftovers\n|upkeep\n|turn|28\n|\n|t:|1698597099\n|move|p2a: Basculegion|Last Respects|p1a: Magearna\n|-damage|p1a: Magearna|26\/100\n|move|p1a: Magearna|Draining Kiss|p2a: Basculegion\n|-damage|p2a: Basculegion|54\/100\n|-heal|p1a: Magearna|44\/100|[from] drain|[of] p2a: Basculegion\n|\n|-heal|p1a: Magearna|50\/100|[from] item: Leftovers\n|upkeep\n|turn|29\n|\n|t:|1698597106\n|move|p2a: Basculegion|Last Respects|p1a: Magearna\n|-damage|p1a: Magearna|2\/100\n|move|p1a: Magearna|Draining Kiss|p2a: Basculegion\n|-damage|p2a: Basculegion|31\/100\n|-heal|p1a: Magearna|20\/100|[from] drain|[of] p2a: Basculegion\n|\n|-heal|p1a: Magearna|26\/100|[from] item: Leftovers\n|upkeep\n|turn|30\n|\n|t:|1698597109\n|move|p2a: Basculegion|Last Respects|p1a: Magearna\n|-damage|p1a: Magearna|0 fnt\n|faint|p1a: Magearna\n|\n|win|RubenPaCe\n|c|\u2606RubenPaCe|gg\n","uploadtime":1698597118,"views":20,"p1id":"swordisbored","p2id":"rubenpace","formatid":"gen9ubers","rating":0,"private":0,"password":""}