{"id":"gen9ubers-1975172628","p1":"Disconnect542","p2":"Zorua9469","format":"[Gen 9] Ubers","log":"|j|\u2606Disconnect542\n|j|\u2606Zorua9469\n|t:|1698167524\n|gametype|singles\n|player|p1|Disconnect542|veteran|\n|player|p2|Zorua9469|evelyn|\n|teamsize|p1|6\n|teamsize|p2|6\n|gen|9\n|tier|[Gen 9] Ubers\n|rule|Sleep Clause Mod: Limit one foe put to sleep\n|rule|Species Clause: Limit one of each Pok\u00e9mon\n|rule|OHKO Clause: OHKO moves are banned\n|rule|Evasion Items Clause: Evasion items are banned\n|rule|Evasion Moves Clause: Evasion moves are banned\n|rule|Endless Battle Clause: Forcing endless battles is banned\n|rule|HP Percentage Mod: HP is shown in percentages\n|clearpoke\n|poke|p1|Pelipper, M|\n|poke|p1|Milotic, F|\n|poke|p1|Empoleon, M|\n|poke|p1|Ludicolo, F|\n|poke|p1|Poliwrath, M|\n|poke|p1|Basculegion, M|\n|poke|p2|Annihilape, M|\n|poke|p2|Landorus-Therian, M|\n|poke|p2|Gliscor, M|\n|poke|p2|Glimmora, M|\n|poke|p2|Dipplin, F|\n|poke|p2|Gholdengo|\n|teampreview\n|\n|t:|1698167558\n|start\n|switch|p1a: Bird|Pelipper, M|100\/100\n|switch|p2a: Glimmora|Glimmora, M|100\/100\n|-weather|RainDance|[from] ability: Drizzle|[of] p1a: Bird\n|turn|1\n|c|\u2606Disconnect542|Bitch\n|\n|t:|1698167573\n|move|p2a: Glimmora|Ancient Power|p1a: Bird\n|-supereffective|p1a: Bird\n|-damage|p1a: Bird|26\/100\n|move|p1a: Bird|Tailwind|p1a: Bird\n|-sidestart|p1: Disconnect542|move: Tailwind\n|\n|-weather|RainDance|[upkeep]\n|upkeep\n|turn|2\n|\n|t:|1698167588\n|switch|p1a: Venox|Poliwrath, M|100\/100\n|move|p2a: Glimmora|Spiky Shield||[still]\n|-fail|p2a: Glimmora\n|\n|-weather|RainDance|[upkeep]\n|upkeep\n|turn|3\n|\n|t:|1698167615\n|-terastallize|p2a: Glimmora|Poison\n|move|p1a: Venox|Encore|p2a: Glimmora\n|-start|p2a: Glimmora|Encore\n|move|p2a: Glimmora|Spiky Shield||[still]\n|-fail|p2a: Glimmora\n|\n|-weather|RainDance|[upkeep]\n|upkeep\n|turn|4\n|\n|t:|1698167633\n|switch|p2a: Dipplin|Dipplin, F|100\/100\n|-ability|p2a: Dipplin|Supersweet Syrup\n|-ability|p2a: Dipplin|Supersweet Syrup|boost\n|-unboost|p1a: Venox|evasion|1\n|move|p1a: Venox|Surf|p2a: Dipplin\n|-resisted|p2a: Dipplin\n|-damage|p2a: Dipplin|91\/100\n|\n|-weather|RainDance|[upkeep]\n|-sideend|p1: Disconnect542|move: Tailwind\n|upkeep\n|turn|5\n|\n|t:|1698167649\n|move|p1a: Venox|Drain Punch|p2a: Dipplin\n|-damage|p2a: Dipplin|72\/100\n|move|p2a: Dipplin|Syrup Bomb|p1a: Venox\n|-supereffective|p1a: Venox\n|-damage|p1a: Venox|58\/100\n|-start|p1a: Venox|Syrup Bomb\n|\n|-weather|none\n|-unboost|p1a: Venox|spe|1\n|upkeep\n|turn|6\n|\n|t:|1698167676\n|move|p1a: Venox|Protect|p1a: Venox\n|-singleturn|p1a: Venox|Protect\n|move|p2a: Dipplin|Syrup Bomb|p1a: Venox\n|-activate|p1a: Venox|move: Protect\n|\n|-unboost|p1a: Venox|spe|1\n|upkeep\n|turn|7\n|\n|t:|1698167691\n|move|p1a: Venox|Surf|p2a: Dipplin\n|-resisted|p2a: Dipplin\n|-damage|p2a: Dipplin|66\/100\n|move|p2a: Dipplin|Gyro Ball|p1a: Venox\n|-resisted|p1a: Venox\n|-damage|p1a: Venox|54\/100\n|-damage|p2a: Dipplin|50\/100|[from] item: Rocky Helmet|[of] p1a: Venox\n|\n|-unboost|p1a: Venox|spe|1\n|upkeep\n|turn|8\n|\n|t:|1698167706\n|move|p2a: Dipplin|Syrup Bomb|p1a: Venox\n|-supereffective|p1a: Venox\n|-damage|p1a: Venox|14\/100\n|move|p1a: Venox|Encore|p2a: Dipplin\n|-start|p2a: Dipplin|Encore\n|\n|-end|p1a: Venox|Syrup Bomb|[silent]\n|upkeep\n|turn|9\n|\n|t:|1698167715\n|move|p1a: Venox|Protect|p1a: Venox\n|-singleturn|p1a: Venox|Protect\n|move|p2a: Dipplin|Syrup Bomb|p1a: Venox\n|-activate|p1a: Venox|move: Protect\n|\n|upkeep\n|turn|10\n|\n|t:|1698167722\n|move|p2a: Dipplin|Syrup Bomb|p1a: Venox\n|-supereffective|p1a: Venox\n|-damage|p1a: Venox|0 fnt\n|faint|p1a: Venox\n|\n|upkeep\n|\n|t:|1698167728\n|switch|p1a: Kano|Milotic, F, shiny|100\/100\n|turn|11\n|\n|t:|1698167732\n|move|p1a: Kano|Ice Beam|p2a: Dipplin\n|-supereffective|p2a: Dipplin\n|-damage|p2a: Dipplin|0 fnt\n|faint|p2a: Dipplin\n|\n|upkeep\n|\n|t:|1698167741\n|switch|p2a: Glimmora|Glimmora, M, tera:Poison|100\/100\n|turn|12\n|\n|t:|1698167757\n|switch|p1a: Fish\ud83d\udc20|Basculegion, M|100\/100\n|move|p2a: Glimmora|Gunk Shot|p1a: Fish\ud83d\udc20\n|-resisted|p1a: Fish\ud83d\udc20\n|-damage|p1a: Fish\ud83d\udc20|75\/100\n|-status|p1a: Fish\ud83d\udc20|psn\n|\n|-damage|p1a: Fish\ud83d\udc20|63\/100 psn|[from] psn\n|upkeep\n|turn|13\n|\n|t:|1698167771\n|move|p2a: Glimmora|Spiky Shield|p2a: Glimmora\n|-singleturn|p2a: Glimmora|move: Protect\n|move|p1a: Fish\ud83d\udc20|Crunch|p2a: Glimmora\n|-activate|p2a: Glimmora|move: Protect\n|-damage|p1a: Fish\ud83d\udc20|50\/100 psn|[from] Spiky Shield|[of] p2a: Glimmora\n|\n|-damage|p1a: Fish\ud83d\udc20|38\/100 psn|[from] psn\n|upkeep\n|turn|14\n|\n|t:|1698167782\n|move|p2a: Glimmora|Acid Armor|p2a: Glimmora\n|-boost|p2a: Glimmora|def|2\n|move|p1a: Fish\ud83d\udc20|Phantom Force||[still]\n|-prepare|p1a: Fish\ud83d\udc20|Phantom Force\n|\n|-damage|p1a: Fish\ud83d\udc20|25\/100 psn|[from] psn\n|upkeep\n|turn|15\n|\n|t:|1698167792\n|move|p2a: Glimmora|Spiky Shield|p2a: Glimmora\n|-singleturn|p2a: Glimmora|move: Protect\n|move|p1a: Fish\ud83d\udc20|Phantom Force|p2a: Glimmora|[from]lockedmove\n|-activate|p2a: Glimmora|move: Phantom Force|[broken]\n|-damage|p2a: Glimmora|67\/100\n|-damage|p1a: Fish\ud83d\udc20|9\/100 psn|[from] item: Rocky Helmet|[of] p2a: Glimmora\n|-activate|p2a: Glimmora|ability: Toxic Debris\n|-sidestart|p1: Disconnect542|move: Toxic Spikes\n|\n|-damage|p1a: Fish\ud83d\udc20|0 fnt|[from] psn\n|faint|p1a: Fish\ud83d\udc20\n|upkeep\n|\n|t:|1698167804\n|switch|p1a: Bird|Pelipper, M|26\/100\n|-weather|RainDance|[from] ability: Drizzle|[of] p1a: Bird\n|turn|16\n|\n|t:|1698167823\n|move|p2a: Glimmora|Gunk Shot|p1a: Bird\n|-damage|p1a: Bird|0 fnt\n|faint|p1a: Bird\n|\n|-weather|RainDance|[upkeep]\n|upkeep\n|\n|t:|1698167830\n|switch|p1a: Co-co|Ludicolo, F|100\/100\n|-status|p1a: Co-co|psn\n|turn|17\n|\n|t:|1698167852\n|move|p1a: Co-co|Fake Out|p2a: Glimmora\n|-crit|p2a: Glimmora\n|-damage|p2a: Glimmora|55\/100\n|-damage|p1a: Co-co|84\/100 psn|[from] item: Rocky Helmet|[of] p2a: Glimmora\n|-activate|p2a: Glimmora|ability: Toxic Debris\n|-sidestart|p1: Disconnect542|move: Toxic Spikes\n|cant|p2a: Glimmora|flinch\n|\n|-weather|RainDance|[upkeep]\n|-damage|p1a: Co-co|72\/100 psn|[from] psn\n|upkeep\n|turn|18\n|\n|t:|1698167867\n|move|p1a: Co-co|Icy Wind|p2a: Glimmora\n|-damage|p2a: Glimmora|32\/100\n|-unboost|p2a: Glimmora|spe|1\n|move|p2a: Glimmora|Ancient Power|p1a: Co-co\n|-crit|p1a: Co-co\n|-damage|p1a: Co-co|39\/100 psn\n|\n|-weather|RainDance|[upkeep]\n|-damage|p1a: Co-co|27\/100 psn|[from] psn\n|upkeep\n|turn|19\n|\n|t:|1698167879\n|move|p1a: Co-co|Hydro Pump|p2a: Glimmora\n|-damage|p2a: Glimmora|0 fnt\n|faint|p2a: Glimmora\n|\n|-weather|RainDance|[upkeep]\n|-damage|p1a: Co-co|15\/100 psn|[from] psn\n|upkeep\n|\n|t:|1698167892\n|switch|p2a: Gholdengo|Gholdengo|100\/100\n|turn|20\n|\n|t:|1698167899\n|move|p1a: Co-co|Hydro Pump|p2a: Gholdengo\n|-damage|p2a: Gholdengo|22\/100\n|move|p2a: Gholdengo|Dazzling Gleam|p1a: Co-co\n|-damage|p1a: Co-co|0 fnt\n|faint|p1a: Co-co\n|\n|-weather|none\n|upkeep\n|\n|t:|1698167906\n|switch|p1a: Neptune|Empoleon, M|100\/100\n|turn|21\n|\n|t:|1698167911\n|move|p1a: Neptune|Aqua Jet|p2a: Gholdengo\n|-damage|p2a: Gholdengo|0 fnt\n|faint|p2a: Gholdengo\n|-damage|p1a: Neptune|91\/100|[from] item: Life Orb\n|\n|upkeep\n|\n|t:|1698167917\n|switch|p2a: Annihilape|Annihilape, M|100\/100\n|turn|22\n|\n|t:|1698167927\n|move|p2a: Annihilape|Drain Punch|p1a: Neptune\n|-supereffective|p1a: Neptune\n|-damage|p1a: Neptune|7\/100\n|move|p1a: Neptune|Liquidation|p2a: Annihilape\n|-damage|p2a: Annihilape|42\/100\n|-damage|p1a: Neptune|0 fnt|[from] item: Life Orb\n|faint|p1a: Neptune\n|\n|-heal|p2a: Annihilape|48\/100|[from] item: Leftovers\n|upkeep\n|\n|t:|1698167936\n|switch|p1a: Kano|Milotic, F, shiny|100\/100\n|-status|p1a: Kano|tox\n|turn|23\n|\n|t:|1698167942\n|move|p1a: Kano|Scald|p2a: Annihilape\n|-damage|p2a: Annihilape|20\/100\n|move|p2a: Annihilape|Drain Punch|p1a: Kano\n|-damage|p1a: Kano|80\/100 tox\n|-heal|p2a: Annihilape|31\/100|[from] drain|[of] p1a: Kano\n|\n|-heal|p1a: Kano|86\/100 tox|[from] item: Leftovers\n|-heal|p2a: Annihilape|37\/100|[from] item: Leftovers\n|-damage|p1a: Kano|80\/100 tox|[from] psn\n|upkeep\n|turn|24\n|\n|t:|1698167959\n|move|p1a: Kano|Scald|p2a: Annihilape\n|-damage|p2a: Annihilape|9\/100\n|move|p2a: Annihilape|Drain Punch|p1a: Kano\n|-damage|p1a: Kano|60\/100 tox\n|-heal|p2a: Annihilape|19\/100|[from] drain|[of] p1a: Kano\n|\n|-heal|p1a: Kano|66\/100 tox|[from] item: Leftovers\n|-heal|p2a: Annihilape|25\/100|[from] item: Leftovers\n|-damage|p1a: Kano|54\/100 tox|[from] psn\n|upkeep\n|turn|25\n|\n|t:|1698167974\n|-terastallize|p1a: Kano|Ice\n|move|p1a: Kano|Ice Beam|p2a: Annihilape\n|-crit|p2a: Annihilape\n|-damage|p2a: Annihilape|0 fnt\n|faint|p2a: Annihilape\n|\n|-heal|p1a: Kano|60\/100 tox|[from] item: Leftovers\n|-damage|p1a: Kano|42\/100 tox|[from] psn\n|upkeep\n|\n|t:|1698167985\n|switch|p2a: Gliscor|Gliscor, M, shiny|100\/100\n|turn|26\n|\n|t:|1698168008\n|move|p2a: Gliscor|Ice Fang|p1a: Kano\n|-resisted|p1a: Kano\n|-damage|p1a: Kano|37\/100 tox\n|move|p1a: Kano|Ice Beam|p2a: Gliscor\n|-supereffective|p2a: Gliscor\n|-damage|p2a: Gliscor|0 fnt\n|faint|p2a: Gliscor\n|\n|-heal|p1a: Kano|43\/100 tox|[from] item: Leftovers\n|-damage|p1a: Kano|19\/100 tox|[from] psn\n|upkeep\n|\n|t:|1698168021\n|switch|p2a: Landorus|Landorus-Therian, M|100\/100\n|-ability|p2a: Landorus|Intimidate|boost\n|-unboost|p1a: Kano|atk|1\n|turn|27\n|\n|t:|1698168033\n|move|p2a: Landorus|Earth Power|p1a: Kano\n|-damage|p1a: Kano|0 fnt\n|faint|p1a: Kano\n|\n|win|Zorua9469\n|l|\u2606Disconnect542\n","uploadtime":1698168043,"views":10,"p1id":"disconnect542","p2id":"zorua9469","formatid":"gen9ubers","rating":0,"private":0,"password":""}