{"id":"gen9ubers-1975320328","p1":"Gladiator_Kraken","p2":"Dragon Master Rosa","format":"[Gen 9] Ubers","log":"|j|\u2606Gladiator_Kraken\n|j|\u2606Dragon Master Rosa\n|t:|1698179510\n|gametype|singles\n|player|p1|Gladiator_Kraken|rika|\n|player|p2|Dragon Master Rosa|rosa|\n|teamsize|p1|6\n|teamsize|p2|6\n|gen|9\n|tier|[Gen 9] Ubers\n|rule|Sleep Clause Mod: Limit one foe put to sleep\n|rule|Species Clause: Limit one of each Pok\u00e9mon\n|rule|OHKO Clause: OHKO moves are banned\n|rule|Evasion Items Clause: Evasion items are banned\n|rule|Evasion Moves Clause: Evasion moves are banned\n|rule|Endless Battle Clause: Forcing endless battles is banned\n|rule|HP Percentage Mod: HP is shown in percentages\n|clearpoke\n|poke|p1|Cacturne, M|\n|poke|p1|Weezing-Galar, M|\n|poke|p1|Palafin, M|\n|poke|p1|Mesprit|\n|poke|p1|Moltres|\n|poke|p1|Garchomp, M|\n|poke|p2|Magearna|\n|poke|p2|Clefable, F|\n|poke|p2|Weezing-Galar, M|\n|poke|p2|Ribombee, M|\n|poke|p2|Hatterene, F|\n|poke|p2|Fezandipiti, M|\n|teampreview\n|c|\u2606Gladiator_Kraken|oh thats a few fairies\n|c|\u2606Dragon Master Rosa|just a few\n|c|\u2606Gladiator_Kraken|a rather miniscule amount of whimsy and magic\n|c|\u2606Gladiator_Kraken|hf\n|\n|t:|1698179614\n|start\n|switch|p1a: Samuel Palafinuel|Palafin, M|100\/100\n|switch|p2a: Ribombee|Ribombee, M|100\/100\n|turn|1\n|\n|t:|1698179621\n|detailschange|p1a: Samuel Palafinuel|Palafin-Hero, M\n|switch|p1a: Monica|Mesprit|100\/100\n|move|p2a: Ribombee|Sticky Web|p1a: Monica\n|-sidestart|p1: Gladiator_Kraken|move: Sticky Web\n|\n|upkeep\n|turn|2\n|\n|t:|1698179625\n|move|p2a: Ribombee|U-turn|p1a: Monica\n|-supereffective|p1a: Monica\n|-damage|p1a: Monica|65\/100\n|\n|t:|1698179629\n|switch|p2a: Magearna|Magearna|100\/100|[from] U-turn\n|move|p1a: Monica|Stealth Rock|p2a: Magearna\n|-sidestart|p2: Dragon Master Rosa|move: Stealth Rock\n|\n|-heal|p1a: Monica|71\/100|[from] item: Leftovers\n|upkeep\n|turn|3\n|\n|t:|1698179636\n|move|p1a: Monica|Zen Headbutt|p2a: Magearna|[miss]\n|-miss|p1a: Monica|p2a: Magearna\n|move|p2a: Magearna|Shift Gear|p2a: Magearna\n|-boost|p2a: Magearna|spe|2\n|-boost|p2a: Magearna|atk|1\n|\n|-heal|p1a: Monica|77\/100|[from] item: Leftovers\n|upkeep\n|turn|4\n|c|\u2606Gladiator_Kraken|i\u2019m gonna kms that was the worst misclick of my god damn life\n|c|\u2606Dragon Master Rosa|you have a moltres on your team\n|\n|t:|1698179665\n|switch|p2a: Hatterene|Hatterene, F|100\/100\n|-damage|p2a: Hatterene|88\/100|[from] Stealth Rock\n|move|p1a: Monica|U-turn|p2a: Hatterene\n|-damage|p2a: Hatterene|67\/100\n|\n|t:|1698179683\n|switch|p1a: Samuel Palafinuel|Palafin-Hero, M|100\/100|[from] U-turn\n|-activate|p1a: Samuel Palafinuel|move: Sticky Web\n|-unboost|p1a: Samuel Palafinuel|spe|1\n|-activate|p1a: Samuel Palafinuel|ability: Zero to Hero\n|\n|upkeep\n|turn|5\n|\n|t:|1698179715\n|switch|p2a: Magearna|Magearna|100\/100\n|-damage|p2a: Magearna|94\/100|[from] Stealth Rock\n|move|p1a: Samuel Palafinuel|Hydro Pump|p2a: Magearna\n|-damage|p2a: Magearna|24\/100\n|\n|-heal|p2a: Magearna|30\/100|[from] item: Leftovers\n|upkeep\n|turn|6\n|\n|t:|1698179723\n|move|p1a: Samuel Palafinuel|Hydro Pump|p2a: Magearna|[miss]\n|-miss|p1a: Samuel Palafinuel|p2a: Magearna\n|move|p2a: Magearna|Play Rough|p1a: Samuel Palafinuel\n|-damage|p1a: Samuel Palafinuel|56\/100\n|\n|-heal|p2a: Magearna|36\/100|[from] item: Leftovers\n|upkeep\n|turn|7\n|\n|t:|1698179726\n|move|p1a: Samuel Palafinuel|Hydro Pump|p2a: Magearna\n|-damage|p2a: Magearna|0 fnt\n|faint|p2a: Magearna\n|\n|upkeep\n|\n|t:|1698179752\n|switch|p2a: Clefable|Clefable, F|100\/100\n|turn|8\n|\n|t:|1698179771\n|switch|p1a: Godzing|Weezing-Galar, M|100\/100\n|move|p2a: Clefable|Knock Off|p1a: Godzing\n|-resisted|p1a: Godzing\n|-damage|p1a: Godzing|93\/100\n|-enditem|p1a: Godzing|Black Sludge|[from] move: Knock Off|[of] p2a: Clefable\n|\n|upkeep\n|turn|9\n|\n|t:|1698179796\n|switch|p2a: Weezing|Weezing-Galar, M|100\/100\n|-damage|p2a: Weezing|88\/100|[from] Stealth Rock\n|move|p1a: Godzing|Strange Steam|p2a: Weezing\n|-resisted|p2a: Weezing\n|-damage|p2a: Weezing|70\/100\n|\n|-heal|p2a: Weezing|76\/100|[from] item: Leftovers\n|upkeep\n|turn|10\n|\n|t:|1698179806\n|move|p1a: Godzing|Sludge Bomb|p2a: Weezing\n|-damage|p2a: Weezing|41\/100\n|move|p2a: Weezing|Strange Steam|p1a: Godzing\n|-resisted|p1a: Godzing\n|-crit|p1a: Godzing\n|-damage|p1a: Godzing|76\/100\n|-start|p1a: Godzing|confusion\n|\n|-heal|p2a: Weezing|47\/100|[from] item: Leftovers\n|upkeep\n|turn|11\n|\n|t:|1698179817\n|switch|p1a: Finch|Garchomp, M|100\/100\n|-activate|p1a: Finch|move: Sticky Web\n|-unboost|p1a: Finch|spe|1\n|move|p2a: Weezing|Pain Split|p1a: Finch\n|-sethp|p1a: Finch|69\/100|[from] move: Pain Split|[silent]\n|-sethp|p2a: Weezing|86\/100|[from] move: Pain Split\n|\n|-heal|p1a: Finch|75\/100|[from] item: Leftovers\n|-heal|p2a: Weezing|92\/100|[from] item: Leftovers\n|upkeep\n|turn|12\n|\n|t:|1698179821\n|move|p1a: Finch|Spikes|p2a: Weezing\n|-sidestart|p2: Dragon Master Rosa|Spikes\n|move|p2a: Weezing|Toxic|p1a: Finch\n|-status|p1a: Finch|tox\n|\n|-heal|p1a: Finch|81\/100 tox|[from] item: Leftovers\n|-heal|p2a: Weezing|98\/100|[from] item: Leftovers\n|-damage|p1a: Finch|75\/100 tox|[from] psn\n|upkeep\n|turn|13\n|\n|t:|1698179825\n|move|p1a: Finch|Spikes|p2a: Weezing\n|-sidestart|p2: Dragon Master Rosa|Spikes\n|move|p2a: Weezing|Defog|p1a: Finch\n|-unboost|p1a: Finch|evasion|1\n|-sideend|p1: Gladiator_Kraken|Sticky Web|[from] move: Defog|[of] p2a: Weezing\n|-sideend|p2: Dragon Master Rosa|Spikes|[from] move: Defog|[of] p2a: Weezing\n|-sideend|p2: Dragon Master Rosa|Stealth Rock|[from] move: Defog|[of] p2a: Weezing\n|\n|-heal|p1a: Finch|81\/100 tox|[from] item: Leftovers\n|-heal|p2a: Weezing|100\/100|[from] item: Leftovers\n|-damage|p1a: Finch|69\/100 tox|[from] psn\n|upkeep\n|turn|14\n|\n|t:|1698179831\n|move|p1a: Finch|Spikes|p2a: Weezing\n|-sidestart|p2: Dragon Master Rosa|Spikes\n|move|p2a: Weezing|Strange Steam|p1a: Finch\n|-supereffective|p1a: Finch\n|-damage|p1a: Finch|21\/100 tox\n|\n|-heal|p1a: Finch|27\/100 tox|[from] item: Leftovers\n|-damage|p1a: Finch|9\/100 tox|[from] psn\n|upkeep\n|turn|15\n|\n|t:|1698179834\n|move|p1a: Finch|Power Gem|p2a: Weezing\n|-damage|p2a: Weezing|68\/100\n|move|p2a: Weezing|Defog|p1a: Finch\n|-unboost|p1a: Finch|evasion|1\n|-sideend|p2: Dragon Master Rosa|Spikes|[from] move: Defog|[of] p2a: Weezing\n|\n|-heal|p1a: Finch|15\/100 tox|[from] item: Leftovers\n|-heal|p2a: Weezing|74\/100|[from] item: Leftovers\n|-damage|p1a: Finch|0 fnt|[from] psn\n|faint|p1a: Finch\n|upkeep\n|\n|t:|1698179841\n|switch|p1a: Samuel Palafinuel|Palafin-Hero, M|56\/100\n|turn|16\n|\n|t:|1698179850\n|switch|p2a: Clefable|Clefable, F|100\/100\n|-terastallize|p1a: Samuel Palafinuel|Normal\n|move|p1a: Samuel Palafinuel|Boomburst|p2a: Clefable\n|-damage|p2a: Clefable|39\/100\n|\n|-heal|p2a: Clefable|45\/100|[from] item: Leftovers\n|upkeep\n|turn|17\n|\n|t:|1698179866\n|move|p1a: Samuel Palafinuel|Boomburst|p2a: Clefable\n|-damage|p2a: Clefable|0 fnt\n|faint|p2a: Clefable\n|\n|upkeep\n|\n|t:|1698179869\n|switch|p2a: Ribombee|Ribombee, M|100\/100\n|turn|18\n|\n|t:|1698179875\n|move|p2a: Ribombee|Tailwind|p2a: Ribombee\n|-sidestart|p2: Dragon Master Rosa|move: Tailwind\n|move|p1a: Samuel Palafinuel|Boomburst|p2a: Ribombee\n|-enditem|p2a: Ribombee|Focus Sash\n|-damage|p2a: Ribombee|1\/100\n|\n|upkeep\n|turn|19\n|\n|t:|1698179885\n|move|p2a: Ribombee|U-turn|p1a: Samuel Palafinuel\n|-damage|p1a: Samuel Palafinuel|39\/100\n|\n|t:|1698179890\n|switch|p2a: Hatterene|Hatterene, F|67\/100|[from] U-turn\n|move|p1a: Samuel Palafinuel|Boomburst|p2a: Hatterene\n|-damage|p2a: Hatterene|0 fnt\n|faint|p2a: Hatterene\n|\n|upkeep\n|\n|t:|1698179893\n|switch|p2a: Fezandipiti|Fezandipiti, M|100\/100\n|turn|20\n|\n|t:|1698179902\n|switch|p1a: Agent Cact|Cacturne, M|100\/100\n|move|p2a: Fezandipiti|Moonblast|p1a: Agent Cact\n|-supereffective|p1a: Agent Cact\n|-damage|p1a: Agent Cact|0 fnt\n|faint|p1a: Agent Cact\n|\n|upkeep\n|\n|t:|1698179906\n|switch|p1a: Monica|Mesprit|77\/100\n|turn|21\n|\n|t:|1698179918\n|switch|p2a: Weezing|Weezing-Galar, M|74\/100\n|move|p1a: Monica|U-turn|p2a: Weezing\n|-resisted|p2a: Weezing\n|-crit|p2a: Weezing\n|-damage|p2a: Weezing|68\/100\n|\n|t:|1698179922\n|switch|p1a: Samuel Palafinuel|Palafin-Hero, M, tera:Normal|39\/100|[from] U-turn\n|\n|-heal|p2a: Weezing|74\/100|[from] item: Leftovers\n|-sideend|p2: Dragon Master Rosa|move: Tailwind\n|upkeep\n|turn|22\n|\n|t:|1698179929\n|move|p1a: Samuel Palafinuel|Boomburst|p2a: Weezing\n|-damage|p2a: Weezing|0 fnt\n|faint|p2a: Weezing\n|\n|upkeep\n|\n|t:|1698179931\n|switch|p2a: Ribombee|Ribombee, M|1\/100\n|turn|23\n|\n|t:|1698179938\n|switch|p1a: Monica|Mesprit|77\/100\n|move|p2a: Ribombee|Tailwind|p2a: Ribombee\n|-sidestart|p2: Dragon Master Rosa|move: Tailwind\n|\n|-heal|p1a: Monica|83\/100|[from] item: Leftovers\n|upkeep\n|turn|24\n|\n|t:|1698179943\n|move|p2a: Ribombee|Sticky Web|p1a: Monica\n|-sidestart|p1: Gladiator_Kraken|move: Sticky Web\n|move|p1a: Monica|Stealth Rock|p2a: Ribombee\n|-sidestart|p2: Dragon Master Rosa|move: Stealth Rock\n|\n|-heal|p1a: Monica|89\/100|[from] item: Leftovers\n|upkeep\n|turn|25\n|\n|t:|1698179951\n|move|p2a: Ribombee|Stun Spore|p1a: Monica\n|-status|p1a: Monica|par\n|cant|p1a: Monica|par\n|\n|-heal|p1a: Monica|95\/100 par|[from] item: Leftovers\n|upkeep\n|turn|26\n|\n|t:|1698179959\n|move|p2a: Ribombee|Stun Spore|p1a: Monica\n|-fail|p1a: Monica|par\n|move|p1a: Monica|U-turn|p2a: Ribombee\n|-resisted|p2a: Ribombee\n|-damage|p2a: Ribombee|0 fnt\n|faint|p2a: Ribombee\n|\n|t:|1698179973\n|switch|p1a: Godzing|Weezing-Galar, M|76\/100|[from] U-turn\n|\n|-sideend|p2: Dragon Master Rosa|move: Tailwind\n|upkeep\n|\n|t:|1698179976\n|switch|p2a: Fezandipiti|Fezandipiti, M|100\/100\n|-damage|p2a: Fezandipiti|88\/100|[from] Stealth Rock\n|turn|27\n|\n|t:|1698179979\n|move|p2a: Fezandipiti|Dark Pulse|p1a: Godzing\n|-resisted|p1a: Godzing\n|-damage|p1a: Godzing|67\/100\n|move|p1a: Godzing|Pain Split|p2a: Fezandipiti\n|-sethp|p2a: Fezandipiti|79\/100|[from] move: Pain Split|[silent]\n|-sethp|p1a: Godzing|75\/100|[from] move: Pain Split\n|\n|-heal|p2a: Fezandipiti|85\/100|[from] item: Leftovers\n|upkeep\n|turn|28\n|\n|t:|1698179983\n|move|p2a: Fezandipiti|Nasty Plot|p2a: Fezandipiti\n|-boost|p2a: Fezandipiti|spa|2\n|move|p1a: Godzing|Sludge Bomb|p2a: Fezandipiti\n|-damage|p2a: Fezandipiti|60\/100\n|\n|-heal|p2a: Fezandipiti|66\/100|[from] item: Leftovers\n|upkeep\n|turn|29\n|\n|t:|1698179989\n|switch|p1a: Blasiken|Moltres|100\/100\n|-ability|p1a: Blasiken|Pressure\n|move|p2a: Fezandipiti|Sludge Bomb|p1a: Blasiken\n|-damage|p1a: Blasiken|35\/100\n|\n|-heal|p2a: Fezandipiti|72\/100|[from] item: Leftovers\n|upkeep\n|turn|30\n|\n|t:|1698179998\n|move|p2a: Fezandipiti|Sludge Bomb|p1a: Blasiken\n|-damage|p1a: Blasiken|0 fnt\n|faint|p1a: Blasiken\n|\n|-heal|p2a: Fezandipiti|78\/100|[from] item: Leftovers\n|upkeep\n|\n|t:|1698180010\n|switch|p1a: Samuel Palafinuel|Palafin-Hero, M, tera:Normal|39\/100\n|-activate|p1a: Samuel Palafinuel|move: Sticky Web\n|-unboost|p1a: Samuel Palafinuel|spe|1\n|turn|31\n|\n|t:|1698180017\n|move|p2a: Fezandipiti|Moonblast|p1a: Samuel Palafinuel\n|-damage|p1a: Samuel Palafinuel|0 fnt\n|faint|p1a: Samuel Palafinuel\n|\n|-heal|p2a: Fezandipiti|84\/100|[from] item: Leftovers\n|upkeep\n|\n|t:|1698180020\n|switch|p1a: Godzing|Weezing-Galar, M|75\/100\n|turn|32\n|\n|t:|1698180024\n|move|p2a: Fezandipiti|Sludge Bomb|p1a: Godzing\n|-damage|p1a: Godzing|18\/100\n|move|p1a: Godzing|Strange Steam|p2a: Fezandipiti\n|-resisted|p2a: Fezandipiti\n|-damage|p2a: Fezandipiti|72\/100\n|\n|-heal|p2a: Fezandipiti|78\/100|[from] item: Leftovers\n|upkeep\n|turn|33\n|\n|t:|1698180031\n|move|p2a: Fezandipiti|Sludge Bomb|p1a: Godzing\n|-damage|p1a: Godzing|0 fnt\n|faint|p1a: Godzing\n|\n|-heal|p2a: Fezandipiti|84\/100|[from] item: Leftovers\n|upkeep\n|\n|t:|1698180032\n|switch|p1a: Monica|Mesprit|95\/100 par\n|turn|34\n|\n|t:|1698180038\n|-terastallize|p2a: Fezandipiti|Dark\n|move|p2a: Fezandipiti|Dark Pulse|p1a: Monica\n|-supereffective|p1a: Monica\n|-damage|p1a: Monica|0 fnt\n|faint|p1a: Monica\n|\n|win|Dragon Master Rosa\n|c|\u2606Dragon Master Rosa|LET'S GOOO\n|c|\u2606Gladiator_Kraken|i am so bad\n|c|\u2606Dragon Master Rosa|nah i'm just good\n|c|\u2606Gladiator_Kraken|i didnt know fez got plot\n|c|\u2606Dragon Master Rosa|holy shit when is the last time i've played that well\n","uploadtime":1698180060,"views":17,"p1id":"gladiatorkraken","p2id":"dragonmasterrosa","formatid":"gen9ubers","rating":0,"private":0,"password":""}