{"id":"gen9ubers-1973009193","p1":"Laprasrules12","p2":"Kinesquared","format":"[Gen 9] Ubers","log":"|j|\u2606Laprasrules12\n|j|\u2606Kinesquared\n|t:|1697917983\n|gametype|singles\n|player|p1|Laprasrules12|lusamine-nihilego|\n|player|p2|Kinesquared|scientist-gen4dp|\n|teamsize|p1|6\n|teamsize|p2|6\n|gen|9\n|tier|[Gen 9] Ubers\n|rule|Sleep Clause Mod: Limit one foe put to sleep\n|rule|Species Clause: Limit one of each Pok\u00e9mon\n|rule|OHKO Clause: OHKO moves are banned\n|rule|Evasion Items Clause: Evasion items are banned\n|rule|Evasion Moves Clause: Evasion moves are banned\n|rule|Endless Battle Clause: Forcing endless battles is banned\n|rule|HP Percentage Mod: HP is shown in percentages\n|clearpoke\n|poke|p1|Arceus-Fighting|\n|poke|p1|Espathra, F|\n|poke|p1|Zacian-*|\n|poke|p1|Palkia-Origin|\n|poke|p1|Cyclizar, F|\n|poke|p1|Magearna-Original|\n|poke|p2|Magearna|\n|poke|p2|Ursaluna, M|\n|poke|p2|Dialga|\n|poke|p2|Hoopa-Unbound|\n|poke|p2|Cinderace, F|\n|poke|p2|Arceus-Poison|\n|teampreview\n|inactive|Battle timer is ON: inactive players will automatically lose when time's up. (requested by Laprasrules12)\n|c|\u2606Kinesquared|yo\n|inactive|Kinesquared has 270 seconds left.\n|\n|t:|1697918015\n|start\n|switch|p1a: Say Gex|Cyclizar, F, shiny|100\/100\n|switch|p2a: Hoopa|Hoopa-Unbound|100\/100\n|turn|1\n|\n|t:|1697918027\n|move|p1a: Say Gex|U-turn|p2a: Hoopa\n|-supereffective|p2a: Hoopa\n|-damage|p2a: Hoopa|22\/100\n|\n|t:|1697918030\n|switch|p1a: Pok\u00e9ball|Magearna-Original|100\/100|[from] U-turn\n|move|p2a: Hoopa|Knock Off|p1a: Pok\u00e9ball\n|-resisted|p1a: Pok\u00e9ball\n|-damage|p1a: Pok\u00e9ball|72\/100\n|-enditem|p1a: Pok\u00e9ball|Leftovers|[from] move: Knock Off|[of] p2a: Hoopa\n|\n|upkeep\n|turn|2\n|\n|t:|1697918040\n|switch|p2a: Magearna|Magearna|100\/100\n|move|p1a: Pok\u00e9ball|Spikes|p2a: Magearna\n|-sidestart|p2: Kinesquared|Spikes\n|\n|upkeep\n|turn|3\n|\n|t:|1697918046\n|move|p1a: Pok\u00e9ball|Thunder Wave|p2a: Magearna\n|-status|p2a: Magearna|par\n|move|p2a: Magearna|Trick Room|p2a: Magearna\n|-fieldstart|move: Trick Room|[of] p2a: Magearna\n|\n|upkeep\n|turn|4\n|\n|t:|1697918052\n|move|p2a: Magearna|Volt Switch|p1a: Pok\u00e9ball\n|-damage|p1a: Pok\u00e9ball|60\/100\n|\n|t:|1697918055\n|switch|p2a: Ursaluna|Ursaluna, M|100\/100|[from] Volt Switch\n|-damage|p2a: Ursaluna|88\/100|[from] Spikes\n|move|p1a: Pok\u00e9ball|Volt Switch|p2a: Ursaluna\n|-immune|p2a: Ursaluna\n|\n|-status|p2a: Ursaluna|brn|[from] item: Flame Orb\n|upkeep\n|turn|5\n|\n|t:|1697918066\n|move|p2a: Ursaluna|Headlong Rush|p1a: Pok\u00e9ball\n|-supereffective|p1a: Pok\u00e9ball\n|-damage|p1a: Pok\u00e9ball|0 fnt\n|-unboost|p2a: Ursaluna|def|1\n|-unboost|p2a: Ursaluna|spd|1\n|faint|p1a: Pok\u00e9ball\n|\n|-damage|p2a: Ursaluna|82\/100 brn|[from] brn\n|upkeep\n|\n|t:|1697918070\n|switch|p1a: Cleopatra|Espathra, F, shiny|100\/100\n|turn|6\n|\n|t:|1697918083\n|move|p1a: Cleopatra|Protect|p1a: Cleopatra\n|-singleturn|p1a: Cleopatra|Protect\n|move|p2a: Ursaluna|Facade|p1a: Cleopatra\n|-activate|p1a: Cleopatra|move: Protect\n|\n|-damage|p2a: Ursaluna|76\/100 brn|[from] brn\n|-ability|p1a: Cleopatra|Speed Boost|boost\n|-boost|p1a: Cleopatra|spe|1\n|upkeep\n|turn|7\n|\n|t:|1697918091\n|switch|p1a: The Horse|Palkia-Origin, shiny|100\/100\n|-ability|p1a: The Horse|Pressure\n|move|p2a: Ursaluna|Facade|p1a: The Horse\n|-damage|p1a: The Horse|0 fnt\n|faint|p1a: The Horse\n|\n|-damage|p2a: Ursaluna|70\/100 brn|[from] brn\n|-fieldend|move: Trick Room\n|upkeep\n|\n|t:|1697918097\n|switch|p1a: Kratos|Arceus-Fighting, shiny|100\/100\n|turn|8\n|\n|t:|1697918112\n|switch|p2a: Arceus|Arceus-Poison|100\/100\n|-damage|p2a: Arceus|88\/100|[from] Spikes\n|move|p1a: Kratos|Cosmic Power|p1a: Kratos\n|-boost|p1a: Kratos|def|1\n|-boost|p1a: Kratos|spd|1\n|\n|upkeep\n|turn|9\n|\n|t:|1697918119\n|move|p2a: Arceus|Taunt|p1a: Kratos\n|-start|p1a: Kratos|move: Taunt\n|cant|p1a: Kratos|move: Taunt|Cosmic Power\n|\n|upkeep\n|turn|10\n|\n|t:|1697918123\n|move|p2a: Arceus|Calm Mind|p2a: Arceus\n|-boost|p2a: Arceus|spa|1\n|-boost|p2a: Arceus|spd|1\n|move|p1a: Kratos|Body Press|p2a: Arceus\n|-resisted|p2a: Arceus\n|-damage|p2a: Arceus|63\/100\n|\n|upkeep\n|turn|11\n|\n|t:|1697918131\n|move|p2a: Arceus|Calm Mind|p2a: Arceus\n|-boost|p2a: Arceus|spa|1\n|-boost|p2a: Arceus|spd|1\n|move|p1a: Kratos|Body Press|p2a: Arceus\n|-resisted|p2a: Arceus\n|-damage|p2a: Arceus|39\/100\n|\n|-end|p1a: Kratos|move: Taunt\n|upkeep\n|turn|12\n|\n|t:|1697918138\n|move|p2a: Arceus|Taunt|p1a: Kratos\n|-start|p1a: Kratos|move: Taunt\n|move|p1a: Kratos|Body Press|p2a: Arceus\n|-resisted|p2a: Arceus\n|-damage|p2a: Arceus|15\/100\n|\n|upkeep\n|turn|13\n|\n|t:|1697918144\n|move|p2a: Arceus|Recover|p2a: Arceus\n|-heal|p2a: Arceus|65\/100\n|move|p1a: Kratos|Body Press|p2a: Arceus\n|-resisted|p2a: Arceus\n|-damage|p2a: Arceus|41\/100\n|\n|upkeep\n|turn|14\n|\n|t:|1697918150\n|move|p2a: Arceus|Thunderbolt|p1a: Kratos\n|-damage|p1a: Kratos|80\/100\n|move|p1a: Kratos|Body Press|p2a: Arceus\n|-resisted|p2a: Arceus\n|-damage|p2a: Arceus|18\/100\n|\n|-end|p1a: Kratos|move: Taunt\n|upkeep\n|turn|15\n|\n|t:|1697918158\n|move|p2a: Arceus|Recover|p2a: Arceus\n|-heal|p2a: Arceus|68\/100\n|move|p1a: Kratos|Body Press|p2a: Arceus\n|-resisted|p2a: Arceus\n|-damage|p2a: Arceus|47\/100\n|\n|upkeep\n|turn|16\n|\n|t:|1697918163\n|move|p2a: Arceus|Taunt|p1a: Kratos\n|-start|p1a: Kratos|move: Taunt\n|move|p1a: Kratos|Body Press|p2a: Arceus\n|-resisted|p2a: Arceus\n|-damage|p2a: Arceus|23\/100\n|\n|upkeep\n|turn|17\n|\n|t:|1697918170\n|switch|p1a: Cleopatra|Espathra, F, shiny|100\/100\n|move|p2a: Arceus|Recover|p2a: Arceus\n|-heal|p2a: Arceus|73\/100\n|\n|upkeep\n|turn|18\n|\n|t:|1697918177\n|move|p1a: Cleopatra|Protect|p1a: Cleopatra\n|-singleturn|p1a: Cleopatra|Protect\n|move|p2a: Arceus|Calm Mind|p2a: Arceus\n|-boost|p2a: Arceus|spa|1\n|-boost|p2a: Arceus|spd|1\n|\n|-ability|p1a: Cleopatra|Speed Boost|boost\n|-boost|p1a: Cleopatra|spe|1\n|upkeep\n|turn|19\n|\n|t:|1697918185\n|move|p1a: Cleopatra|Calm Mind|p1a: Cleopatra\n|-boost|p1a: Cleopatra|spa|1\n|-boost|p1a: Cleopatra|spd|1\n|move|p2a: Arceus|Thunderbolt|p1a: Cleopatra\n|-damage|p1a: Cleopatra|42\/100\n|\n|-heal|p1a: Cleopatra|48\/100|[from] item: Leftovers\n|-ability|p1a: Cleopatra|Speed Boost|boost\n|-boost|p1a: Cleopatra|spe|1\n|upkeep\n|turn|20\n|\n|t:|1697918194\n|-terastallize|p2a: Arceus|Water\n|move|p1a: Cleopatra|Calm Mind|p1a: Cleopatra\n|-boost|p1a: Cleopatra|spa|1\n|-boost|p1a: Cleopatra|spd|1\n|move|p2a: Arceus|Calm Mind|p2a: Arceus\n|-boost|p2a: Arceus|spa|1\n|-boost|p2a: Arceus|spd|1\n|\n|-heal|p1a: Cleopatra|54\/100|[from] item: Leftovers\n|-ability|p1a: Cleopatra|Speed Boost|boost\n|-boost|p1a: Cleopatra|spe|1\n|upkeep\n|turn|21\n|\n|t:|1697918204\n|move|p1a: Cleopatra|Stored Power|p2a: Arceus\n|-damage|p2a: Arceus|37\/100\n|move|p2a: Arceus|Thunderbolt|p1a: Cleopatra\n|-damage|p1a: Cleopatra|0 fnt\n|faint|p1a: Cleopatra\n|\n|upkeep\n|\n|t:|1697918210\n|switch|p1a: Sif|Zacian, shiny|100\/100\n|-ability|p1a: Sif|Intrepid Sword|boost\n|-boost|p1a: Sif|atk|1\n|turn|22\n|\n|t:|1697918218\n|move|p1a: Sif|Wild Charge|p2a: Arceus\n|-supereffective|p2a: Arceus\n|-damage|p2a: Arceus|0 fnt\n|faint|p2a: Arceus\n|-damage|p1a: Sif|88\/100|[from] Recoil\n|-damage|p1a: Sif|78\/100|[from] item: Life Orb\n|\n|upkeep\n|\n|t:|1697918225\n|switch|p2a: Magearna|Magearna|100\/100 par\n|-damage|p2a: Magearna|88\/100 par|[from] Spikes\n|turn|23\n|\n|t:|1697918231\n|move|p1a: Sif|Close Combat|p2a: Magearna\n|-damage|p2a: Magearna|25\/100 par\n|-unboost|p1a: Sif|def|1\n|-unboost|p1a: Sif|spd|1\n|-damage|p1a: Sif|68\/100|[from] item: Life Orb\n|move|p2a: Magearna|Trick Room|p2a: Magearna\n|-fieldstart|move: Trick Room|[of] p2a: Magearna\n|\n|-heal|p2a: Magearna|31\/100 par|[from] item: Leftovers\n|upkeep\n|turn|24\n|c|\u2606Laprasrules12|Damn no para\n|\n|t:|1697918244\n|move|p2a: Magearna|Fleur Cannon|p1a: Sif\n|-damage|p1a: Sif|0 fnt\n|-unboost|p2a: Magearna|spa|2\n|faint|p1a: Sif\n|-ability|p2a: Magearna|Soul-Heart|boost\n|-boost|p2a: Magearna|spa|1\n|\n|-heal|p2a: Magearna|37\/100 par|[from] item: Leftovers\n|upkeep\n|\n|t:|1697918248\n|switch|p1a: Kratos|Arceus-Fighting, shiny|80\/100\n|turn|25\n|c|\u2606Kinesquared|nty\n|\n|t:|1697918258\n|-terastallize|p1a: Kratos|Poison\n|move|p2a: Magearna|Fleur Cannon|p1a: Kratos\n|-resisted|p1a: Kratos\n|-damage|p1a: Kratos|68\/100\n|-unboost|p2a: Magearna|spa|2\n|move|p1a: Kratos|Body Press|p2a: Magearna\n|-damage|p2a: Magearna|0 fnt\n|faint|p2a: Magearna\n|\n|upkeep\n|\n|t:|1697918267\n|switch|p2a: Ursaluna|Ursaluna, M|70\/100 brn\n|-damage|p2a: Ursaluna|58\/100 brn|[from] Spikes\n|turn|26\n|\n|t:|1697918271\n|move|p2a: Ursaluna|Headlong Rush|p1a: Kratos\n|-supereffective|p1a: Kratos\n|-damage|p1a: Kratos|0 fnt\n|-unboost|p2a: Ursaluna|def|1\n|-unboost|p2a: Ursaluna|spd|1\n|faint|p1a: Kratos\n|\n|-damage|p2a: Ursaluna|52\/100 brn|[from] brn\n|upkeep\n|c|\u2606Laprasrules12|GH\n|\n|t:|1697918275\n|switch|p1a: Say Gex|Cyclizar, F, shiny|100\/100\n|turn|27\n|c|\u2606Laprasrules12|I goofed\n|c|\u2606Laprasrules12|Wanna rematch\n|c|\u2606Kinesquared|u good\n|c|\u2606Kinesquared|nah someone else challenged me\n|c|\u2606Laprasrules12|Ok\n|c|\u2606Kinesquared|but im around rn\n|\n|t:|1697918294\n|move|p2a: Ursaluna|Facade|p1a: Say Gex\n|-damage|p1a: Say Gex|0 fnt\n|faint|p1a: Say Gex\n|\n|win|Kinesquared\n|c|\u2606Kinesquared|ggs\n","uploadtime":1697918300,"views":21,"p1id":"laprasrules12","p2id":"kinesquared","formatid":"gen9ubers","rating":0,"private":0,"password":""}