{"id":"gen9ubers-1969298160","p1":"wamkou","p2":"Aipom Hoshino","format":"[Gen 9] Ubers","log":"|j|\u2606wamkou\n|j|\u2606Aipom Hoshino\n|t:|1697511180\n|gametype|singles\n|player|p1|wamkou|waitress-gen4|\n|player|p2|Aipom Hoshino|lady-gen4|\n|teamsize|p1|6\n|teamsize|p2|6\n|gen|9\n|tier|[Gen 9] Ubers\n|rule|Sleep Clause Mod: Limit one foe put to sleep\n|rule|Species Clause: Limit one of each Pok\u00e9mon\n|rule|OHKO Clause: OHKO moves are banned\n|rule|Evasion Items Clause: Evasion items are banned\n|rule|Evasion Moves Clause: Evasion moves are banned\n|rule|Endless Battle Clause: Forcing endless battles is banned\n|rule|HP Percentage Mod: HP is shown in percentages\n|clearpoke\n|poke|p1|Dondozo, F|\n|poke|p1|Magearna|\n|poke|p1|Giratina|\n|poke|p1|Arceus-Poison|\n|poke|p1|Blissey, F|\n|poke|p1|Garganacl, F|\n|poke|p2|Leavanny, M|\n|poke|p2|Landorus, M|\n|poke|p2|Arceus-Fire|\n|poke|p2|Zacian-*|\n|poke|p2|Espathra, F|\n|poke|p2|Gholdengo|\n|teampreview\n|inactive|Battle timer is ON: inactive players will automatically lose when time's up. (requested by Aipom Hoshino)\n|\n|t:|1697511194\n|start\n|switch|p1a: Magearna|Magearna|100\/100\n|switch|p2a: Leavanny|Leavanny, M|100\/100\n|turn|1\n|\n|t:|1697511208\n|move|p2a: Leavanny|Sticky Web|p1a: Magearna\n|-sidestart|p1: wamkou|move: Sticky Web\n|move|p1a: Magearna|Ice Beam|p2a: Leavanny\n|-supereffective|p2a: Leavanny\n|-damage|p2a: Leavanny|26\/100\n|-status|p2a: Leavanny|frz\n|\n|upkeep\n|turn|2\n|\n|t:|1697511227\n|switch|p2a: Gholdengo|Gholdengo|100\/100\n|move|p1a: Magearna|Spikes|p2a: Gholdengo\n|-sidestart|p2: Aipom Hoshino|Spikes\n|\n|upkeep\n|turn|3\n|inactive|wamkou has 270 seconds left.\n|\n|t:|1697511266\n|move|p2a: Gholdengo|Nasty Plot|p2a: Gholdengo\n|-boost|p2a: Gholdengo|spa|2\n|move|p1a: Magearna|Spikes|p2a: Gholdengo\n|-sidestart|p2: Aipom Hoshino|Spikes\n|\n|upkeep\n|turn|4\n|inactive|wamkou has 270 seconds left.\n|\n|t:|1697511276\n|switch|p1a: Arceus|Arceus-Poison|100\/100\n|-activate|p1a: Arceus|move: Sticky Web\n|-unboost|p1a: Arceus|spe|1\n|move|p2a: Gholdengo|Nasty Plot|p2a: Gholdengo\n|-boost|p2a: Gholdengo|spa|2\n|\n|upkeep\n|turn|5\n|inactive|wamkou has 270 seconds left.\n|\n|t:|1697511306\n|move|p2a: Gholdengo|Make It Rain|p1a: Arceus\n|-damage|p1a: Arceus|0 fnt\n|-unboost|p2a: Gholdengo|spa|1\n|faint|p1a: Arceus\n|\n|upkeep\n|inactive|wamkou has 240 seconds left.\n|\n|t:|1697511325\n|switch|p1a: Blissey|Blissey, F|100\/100\n|turn|6\n|\n|t:|1697511329\n|move|p2a: Gholdengo|Nasty Plot|p2a: Gholdengo\n|-boost|p2a: Gholdengo|spa|2\n|move|p1a: Blissey|Shadow Ball|p2a: Gholdengo\n|-supereffective|p2a: Gholdengo\n|-damage|p2a: Gholdengo|65\/100\n|\n|-heal|p2a: Gholdengo|71\/100|[from] item: Leftovers\n|upkeep\n|turn|7\n|\n|t:|1697511334\n|move|p2a: Gholdengo|Make It Rain|p1a: Blissey\n|-damage|p1a: Blissey|12\/100\n|-unboost|p2a: Gholdengo|spa|1\n|move|p1a: Blissey|Shadow Ball|p2a: Gholdengo\n|-supereffective|p2a: Gholdengo\n|-damage|p2a: Gholdengo|35\/100\n|-unboost|p2a: Gholdengo|spd|1\n|\n|-heal|p2a: Gholdengo|41\/100|[from] item: Leftovers\n|upkeep\n|turn|8\n|inactive|wamkou has 240 seconds left.\n|-message|wamkou forfeited.\n|\n|win|Aipom Hoshino\n|l|\u2606wamkou\n","uploadtime":1697511367,"views":27,"p1id":"wamkou","p2id":"aipomhoshino","formatid":"gen9ubers","rating":0,"private":0,"password":""}