{"id":"gen9ubers-1979082893","p1":"RomaingDia","p2":"Sol CPU","format":"[Gen 9] Ubers","log":"|j|\u2606RomaingDia\n|j|\u2606Sol CPU\n|t:|1698629966\n|gametype|singles\n|player|p1|RomaingDia|pokemaniac|\n|player|p2|Sol CPU|ethan|\n|teamsize|p1|6\n|teamsize|p2|6\n|gen|9\n|tier|[Gen 9] Ubers\n|rule|Sleep Clause Mod: Limit one foe put to sleep\n|rule|Species Clause: Limit one of each Pok\u00e9mon\n|rule|OHKO Clause: OHKO moves are banned\n|rule|Evasion Items Clause: Evasion items are banned\n|rule|Evasion Moves Clause: Evasion moves are banned\n|rule|Endless Battle Clause: Forcing endless battles is banned\n|rule|HP Percentage Mod: HP is shown in percentages\n|clearpoke\n|poke|p1|Sneasler, F|\n|poke|p1|Roaring Moon|\n|poke|p1|Walking Wake|\n|poke|p1|Lilligant-Hisui, F|\n|poke|p1|Torkoal, M|\n|poke|p1|Heatran, F|\n|poke|p2|Great Tusk|\n|poke|p2|Thundurus, M|\n|poke|p2|Sylveon, F|\n|poke|p2|Dragalge, M|\n|poke|p2|Meloetta|\n|poke|p2|Lycanroc-Dusk, M|\n|teampreview\n|j| Squirshawott\n|j| slugmaaa\n|\n|t:|1698630055\n|start\n|switch|p1a: Gazoontite|Sneasler, F|100\/100\n|switch|p2a: Ribbons Galore|Sylveon, F|100\/100\n|turn|1\n|\n|t:|1698630065\n|move|p1a: Gazoontite|Fake Out|p2a: Ribbons Galore\n|-damage|p2a: Ribbons Galore|89\/100\n|cant|p2a: Ribbons Galore|flinch\n|\n|-heal|p2a: Ribbons Galore|95\/100|[from] item: Leftovers\n|upkeep\n|turn|2\n|\n|t:|1698630073\n|move|p1a: Gazoontite|Dire Claw|p2a: Ribbons Galore\n|-supereffective|p2a: Ribbons Galore\n|-damage|p2a: Ribbons Galore|24\/100\n|move|p2a: Ribbons Galore|Yawn|p1a: Gazoontite\n|-start|p1a: Gazoontite|move: Yawn|[of] p2a: Ribbons Galore\n|\n|-heal|p2a: Ribbons Galore|30\/100|[from] item: Leftovers\n|upkeep\n|turn|3\n|\n|t:|1698630082\n|move|p1a: Gazoontite|U-turn|p2a: Ribbons Galore\n|-resisted|p2a: Ribbons Galore\n|-damage|p2a: Ribbons Galore|20\/100\n|\n|t:|1698630090\n|switch|p1a: Bently|Torkoal, M|100\/100|[from] U-turn\n|-weather|SunnyDay|[from] ability: Drought|[of] p1a: Bently\n|move|p2a: Ribbons Galore|Wish|p2a: Ribbons Galore\n|\n|-weather|SunnyDay|[upkeep]\n|-heal|p2a: Ribbons Galore|26\/100|[from] item: Leftovers\n|upkeep\n|turn|4\n|\n|t:|1698630101\n|move|p2a: Ribbons Galore|Hyper Voice|p1a: Bently\n|-resisted|p1a: Bently\n|-damage|p1a: Bently|82\/100\n|move|p1a: Bently|Will-O-Wisp|p2a: Ribbons Galore\n|-status|p2a: Ribbons Galore|brn\n|\n|-weather|SunnyDay|[upkeep]\n|-heal|p2a: Ribbons Galore|76\/100 brn|[from] move: Wish|[wisher] Ribbons Galore\n|-heal|p2a: Ribbons Galore|82\/100 brn|[from] item: Leftovers\n|-damage|p2a: Ribbons Galore|76\/100 brn|[from] brn\n|upkeep\n|turn|5\n|\n|t:|1698630116\n|switch|p1a: Cooked Croak|Heatran, F|100\/100\n|move|p2a: Ribbons Galore|Yawn|p1a: Cooked Croak\n|-start|p1a: Cooked Croak|move: Yawn|[of] p2a: Ribbons Galore\n|\n|-weather|SunnyDay|[upkeep]\n|-heal|p2a: Ribbons Galore|82\/100 brn|[from] item: Leftovers\n|-damage|p2a: Ribbons Galore|76\/100 brn|[from] brn\n|upkeep\n|turn|6\n|\n|t:|1698630125\n|move|p1a: Cooked Croak|Flash Cannon|p2a: Ribbons Galore\n|-supereffective|p2a: Ribbons Galore\n|-damage|p2a: Ribbons Galore|12\/100 brn\n|move|p2a: Ribbons Galore|Wish|p2a: Ribbons Galore\n|\n|-weather|SunnyDay|[upkeep]\n|-heal|p2a: Ribbons Galore|18\/100 brn|[from] item: Leftovers\n|-damage|p2a: Ribbons Galore|12\/100 brn|[from] brn\n|-end|p1a: Cooked Croak|move: Yawn|[silent]\n|-status|p1a: Cooked Croak|slp\n|upkeep\n|turn|7\n|\n|t:|1698630136\n|cant|p1a: Cooked Croak|slp\n|move|p2a: Ribbons Galore|Calm Mind|p2a: Ribbons Galore\n|-boost|p2a: Ribbons Galore|spa|1\n|-boost|p2a: Ribbons Galore|spd|1\n|\n|-weather|SunnyDay|[upkeep]\n|-heal|p2a: Ribbons Galore|62\/100 brn|[from] move: Wish|[wisher] Ribbons Galore\n|-heal|p2a: Ribbons Galore|68\/100 brn|[from] item: Leftovers\n|-damage|p2a: Ribbons Galore|62\/100 brn|[from] brn\n|upkeep\n|turn|8\n|\n|t:|1698630150\n|switch|p1a: Pea Shooter|Lilligant-Hisui, F, shiny|100\/100\n|switch|p2a: GET 'EM BOYS|Great Tusk|100\/100\n|-activate|p2a: GET 'EM BOYS|ability: Protosynthesis\n|-start|p2a: GET 'EM BOYS|protosynthesisatk\n|\n|-weather|SunnyDay|[upkeep]\n|upkeep\n|turn|9\n|\n|t:|1698630163\n|-end|p2a: GET 'EM BOYS|Protosynthesis|[silent]\n|switch|p2a: Sing Queen|Meloetta|100\/100\n|move|p1a: Pea Shooter|Solar Blade||[still]\n|-prepare|p1a: Pea Shooter|Solar Blade\n|-anim|p1a: Pea Shooter|Solar Blade|p2a: Sing Queen\n|-damage|p2a: Sing Queen|18\/100\n|-damage|p1a: Pea Shooter|91\/100|[from] item: Life Orb\n|\n|-weather|SunnyDay|[upkeep]\n|upkeep\n|turn|10\n|\n|t:|1698630178\n|move|p1a: Pea Shooter|Solar Blade||[still]\n|-prepare|p1a: Pea Shooter|Solar Blade\n|-anim|p1a: Pea Shooter|Solar Blade|p2a: Sing Queen\n|-crit|p2a: Sing Queen\n|-damage|p2a: Sing Queen|0 fnt\n|faint|p2a: Sing Queen\n|-damage|p1a: Pea Shooter|81\/100|[from] item: Life Orb\n|\n|-weather|none\n|upkeep\n|j| pkpowers310\n|\n|t:|1698630215\n|switch|p2a: Not Kingdra|Dragalge, M|100\/100\n|turn|11\n|\n|t:|1698630225\n|move|p1a: Pea Shooter|Ice Spinner|p2a: Not Kingdra\n|-supereffective|p2a: Not Kingdra\n|-damage|p2a: Not Kingdra|27\/100\n|-damage|p1a: Pea Shooter|71\/100|[from] item: Life Orb\n|move|p2a: Not Kingdra|Sludge Bomb|p1a: Pea Shooter\n|-supereffective|p1a: Pea Shooter\n|-damage|p1a: Pea Shooter|0 fnt\n|faint|p1a: Pea Shooter\n|\n|-heal|p2a: Not Kingdra|33\/100|[from] item: Black Sludge\n|upkeep\n|\n|t:|1698630235\n|switch|p1a: Gazoontite|Sneasler, F|100\/100\n|turn|12\n|\n|t:|1698630242\n|move|p1a: Gazoontite|Fake Out|p2a: Not Kingdra\n|-damage|p2a: Not Kingdra|16\/100\n|cant|p2a: Not Kingdra|flinch\n|\n|-heal|p2a: Not Kingdra|22\/100|[from] item: Black Sludge\n|upkeep\n|turn|13\n|\n|t:|1698630253\n|move|p1a: Gazoontite|U-turn|p2a: Not Kingdra\n|-resisted|p2a: Not Kingdra\n|-damage|p2a: Not Kingdra|8\/100\n|\n|t:|1698630258\n|switch|p1a: Cooked Croak|Heatran, F|100\/100 slp|[from] U-turn\n|move|p2a: Not Kingdra|Dragon Pulse|p1a: Cooked Croak\n|-resisted|p1a: Cooked Croak\n|-damage|p1a: Cooked Croak|77\/100 slp\n|\n|-heal|p1a: Cooked Croak|83\/100 slp|[from] item: Leftovers\n|-heal|p2a: Not Kingdra|14\/100|[from] item: Black Sludge\n|upkeep\n|turn|14\n|\n|t:|1698630272\n|-curestatus|p1a: Cooked Croak|slp|[msg]\n|move|p1a: Cooked Croak|Earth Power|p2a: Not Kingdra\n|-supereffective|p2a: Not Kingdra\n|-damage|p2a: Not Kingdra|0 fnt\n|faint|p2a: Not Kingdra\n|\n|-heal|p1a: Cooked Croak|89\/100|[from] item: Leftovers\n|upkeep\n|\n|t:|1698630279\n|switch|p2a: GET 'EM BOYS|Great Tusk|100\/100\n|-enditem|p2a: GET 'EM BOYS|Booster Energy\n|-activate|p2a: GET 'EM BOYS|ability: Protosynthesis|[fromitem]\n|-start|p2a: GET 'EM BOYS|protosynthesisatk\n|turn|15\n|\n|t:|1698630300\n|move|p2a: GET 'EM BOYS|Rapid Spin|p1a: Cooked Croak\n|-resisted|p1a: Cooked Croak\n|-damage|p1a: Cooked Croak|79\/100\n|-boost|p2a: GET 'EM BOYS|spe|1\n|move|p1a: Cooked Croak|Magma Storm|p2a: GET 'EM BOYS\n|-damage|p2a: GET 'EM BOYS|15\/100\n|-activate|p2a: GET 'EM BOYS|move: Magma Storm|[of] p1a: Cooked Croak\n|\n|-heal|p1a: Cooked Croak|85\/100|[from] item: Leftovers\n|-damage|p2a: GET 'EM BOYS|2\/100|[from] move: Magma Storm|[partiallytrapped]\n|upkeep\n|turn|16\n|\n|t:|1698630311\n|move|p2a: GET 'EM BOYS|Earthquake|p1a: Cooked Croak\n|-supereffective|p1a: Cooked Croak\n|-damage|p1a: Cooked Croak|0 fnt\n|faint|p1a: Cooked Croak\n|\n|-end|p2a: GET 'EM BOYS|Magma Storm|[partiallytrapped]|[silent]\n|upkeep\n|\n|t:|1698630320\n|switch|p1a: Gazoontite|Sneasler, F|100\/100\n|turn|17\n|\n|t:|1698630345\n|-end|p2a: GET 'EM BOYS|Protosynthesis|[silent]\n|switch|p2a: Mr. Genie Man|Thundurus, M, shiny|100\/100\n|move|p1a: Gazoontite|Fake Out|p2a: Mr. Genie Man\n|-damage|p2a: Mr. Genie Man|77\/100\n|\n|upkeep\n|turn|18\n|\n|t:|1698630358\n|move|p2a: Mr. Genie Man|Nasty Plot|p2a: Mr. Genie Man\n|-boost|p2a: Mr. Genie Man|spa|2\n|move|p1a: Gazoontite|Dire Claw|p2a: Mr. Genie Man\n|-damage|p2a: Mr. Genie Man|9\/100\n|\n|upkeep\n|turn|19\n|\n|t:|1698630365\n|move|p1a: Gazoontite|U-turn|p2a: Mr. Genie Man\n|-resisted|p2a: Mr. Genie Man\n|-damage|p2a: Mr. Genie Man|0 fnt\n|faint|p2a: Mr. Genie Man\n|\n|t:|1698630369\n|switch|p1a: Bently|Torkoal, M|82\/100|[from] U-turn\n|-weather|SunnyDay|[from] ability: Drought|[of] p1a: Bently\n|\n|-weather|SunnyDay|[upkeep]\n|upkeep\n|\n|t:|1698630383\n|switch|p2a: GET 'EM BOYS|Great Tusk|2\/100\n|-activate|p2a: GET 'EM BOYS|ability: Protosynthesis\n|-start|p2a: GET 'EM BOYS|protosynthesisatk\n|turn|20\n|\n|t:|1698630392\n|move|p2a: GET 'EM BOYS|Earthquake|p1a: Bently\n|-supereffective|p1a: Bently\n|-damage|p1a: Bently|0 fnt\n|faint|p1a: Bently\n|\n|-weather|SunnyDay|[upkeep]\n|upkeep\n|j| Astyr.Pygos\n|\n|t:|1698630398\n|switch|p1a: Okuyasu Nijimura|Walking Wake|100\/100\n|-activate|p1a: Okuyasu Nijimura|ability: Protosynthesis\n|-start|p1a: Okuyasu Nijimura|protosynthesisspe\n|turn|21\n|\n|t:|1698630417\n|move|p1a: Okuyasu Nijimura|Hydro Steam|p2a: GET 'EM BOYS\n|-supereffective|p2a: GET 'EM BOYS\n|-damage|p2a: GET 'EM BOYS|0 fnt\n|faint|p2a: GET 'EM BOYS\n|-end|p2a: GET 'EM BOYS|Protosynthesis|[silent]\n|\n|-weather|SunnyDay|[upkeep]\n|upkeep\n|\n|t:|1698630428\n|switch|p2a: Time for Ice Cream|Lycanroc-Dusk, M|100\/100\n|turn|22\n|\n|t:|1698630431\n|move|p1a: Okuyasu Nijimura|Hydro Steam|p2a: Time for Ice Cream\n|-supereffective|p2a: Time for Ice Cream\n|-enditem|p2a: Time for Ice Cream|Focus Sash\n|-damage|p2a: Time for Ice Cream|1\/100\n|move|p2a: Time for Ice Cream|Swords Dance|p2a: Time for Ice Cream\n|-boost|p2a: Time for Ice Cream|atk|2\n|\n|-weather|SunnyDay|[upkeep]\n|upkeep\n|turn|23\n|\n|t:|1698630440\n|move|p2a: Time for Ice Cream|Accelerock|p1a: Okuyasu Nijimura\n|-crit|p1a: Okuyasu Nijimura\n|-damage|p1a: Okuyasu Nijimura|12\/100\n|move|p1a: Okuyasu Nijimura|Hydro Steam|p2a: Time for Ice Cream\n|-supereffective|p2a: Time for Ice Cream\n|-damage|p2a: Time for Ice Cream|0 fnt\n|faint|p2a: Time for Ice Cream\n|\n|-weather|SunnyDay|[upkeep]\n|upkeep\n|\n|t:|1698630448\n|switch|p2a: Ribbons Galore|Sylveon, F|62\/100 brn\n|turn|24\n|\n|t:|1698630454\n|move|p1a: Okuyasu Nijimura|Hydro Steam|p2a: Ribbons Galore\n|-damage|p2a: Ribbons Galore|0 fnt\n|faint|p2a: Ribbons Galore\n|\n|win|RomaingDia\n|l|\u2606Sol CPU\n|l| pkpowers310\n|l|\u2606RomaingDia\n","uploadtime":1698630503,"views":10,"p1id":"romaingdia","p2id":"solcpu","formatid":"gen9ubers","rating":0,"private":0,"password":""}