{"id":"gen9ubers-1975200830","p1":"AlicieLizzie","p2":"AnUndeadMyth","format":"[Gen 9] Ubers","log":"|j|\u2606AlicieLizzie\n|j|\u203dAnUndeadMyth\n|t:|1698169721\n|gametype|singles\n|player|p1|AlicieLizzie|marnie-masters3|\n|player|p2|AnUndeadMyth|266|\n|teamsize|p1|6\n|teamsize|p2|6\n|gen|9\n|tier|[Gen 9] Ubers\n|rule|Sleep Clause Mod: Limit one foe put to sleep\n|rule|Species Clause: Limit one of each Pok\u00e9mon\n|rule|OHKO Clause: OHKO moves are banned\n|rule|Evasion Items Clause: Evasion items are banned\n|rule|Evasion Moves Clause: Evasion moves are banned\n|rule|Endless Battle Clause: Forcing endless battles is banned\n|rule|HP Percentage Mod: HP is shown in percentages\n|clearpoke\n|poke|p1|Cyclizar, F|\n|poke|p1|Kommo-o, M|\n|poke|p1|Dondozo, M|\n|poke|p1|Shaymin-Sky|\n|poke|p1|Gholdengo|\n|poke|p1|Zacian-*|\n|poke|p2|Dondozo, F|\n|poke|p2|Slowking-Galar, F|\n|poke|p2|Gliscor, F|\n|poke|p2|Scizor, M|\n|poke|p2|Ogerpon-Cornerstone, F|\n|poke|p2|Zapdos|\n|teampreview\n|inactive|Battle timer is ON: inactive players will automatically lose when time's up. (requested by AlicieLizzie)\n|\n|t:|1698169730\n|start\n|switch|p1a: Spiffy as Silver|Gholdengo|100\/100\n|switch|p2a: Zapdos|Zapdos|100\/100\n|turn|1\n|\n|t:|1698169736\n|switch|p2a: Dondozo|Dondozo, F|100\/100\n|move|p1a: Spiffy as Silver|Make It Rain|p2a: Dondozo\n|-resisted|p2a: Dondozo\n|-crit|p2a: Dondozo\n|-damage|p2a: Dondozo|69\/100\n|-unboost|p1a: Spiffy as Silver|spa|1\n|\n|-heal|p2a: Dondozo|75\/100|[from] item: Leftovers\n|upkeep\n|turn|2\n|\n|t:|1698169744\n|switch|p1a: It's a Shayme|Shaymin-Sky|100\/100\n|switch|p2a: Slowking|Slowking-Galar, F|100\/100\n|\n|upkeep\n|turn|3\n|\n|t:|1698169747\n|move|p1a: It's a Shayme|Leech Seed|p2a: Slowking\n|-start|p2a: Slowking|move: Leech Seed\n|move|p2a: Slowking|Psychic|p1a: It's a Shayme\n|-damage|p1a: It's a Shayme|66\/100\n|\n|-damage|p2a: Slowking|88\/100|[from] Leech Seed|[of] p1a: It's a Shayme\n|-heal|p1a: It's a Shayme|78\/100|[silent]\n|upkeep\n|turn|4\n|\n|t:|1698169751\n|switch|p2a: Ogerpon|Ogerpon-Cornerstone, F|100\/100\n|move|p1a: It's a Shayme|Air Slash|p2a: Ogerpon\n|-damage|p2a: Ogerpon|64\/100\n|\n|upkeep\n|turn|5\n|\n|t:|1698169754\n|move|p1a: It's a Shayme|Seed Flare|p2a: Ogerpon\n|-damage|p2a: Ogerpon|11\/100\n|-unboost|p2a: Ogerpon|spd|2\n|move|p2a: Ogerpon|Ivy Cudgel|p1a: It's a Shayme\n|-supereffective|p1a: It's a Shayme\n|-damage|p1a: It's a Shayme|0 fnt\n|faint|p1a: It's a Shayme\n|\n|upkeep\n|\n|t:|1698169760\n|switch|p1a: Cycle Dryer|Cyclizar, F|100\/100\n|turn|6\n|\n|t:|1698169763\n|move|p1a: Cycle Dryer|Shed Tail|p1a: Cycle Dryer\n|-start|p1a: Cycle Dryer|Substitute|[from] move: Shed Tail\n|-damage|p1a: Cycle Dryer|50\/100\n|\n|t:|1698169765\n|switch|p1a: Kommo-OH NO|Kommo-o, M|100\/100|[from] Shed Tail\n|move|p2a: Ogerpon|Synthesis|p2a: Ogerpon\n|-heal|p2a: Ogerpon|61\/100\n|\n|upkeep\n|turn|7\n|\n|t:|1698169775\n|switch|p2a: Gliscor|Gliscor, F|100\/100\n|move|p1a: Kommo-OH NO|Clangorous Soul|p1a: Kommo-OH NO\n|-boost|p1a: Kommo-OH NO|atk|1\n|-boost|p1a: Kommo-OH NO|def|1\n|-boost|p1a: Kommo-OH NO|spa|1\n|-boost|p1a: Kommo-OH NO|spd|1\n|-boost|p1a: Kommo-OH NO|spe|1\n|-damage|p1a: Kommo-OH NO|68\/100\n|-enditem|p1a: Kommo-OH NO|Throat Spray\n|-boost|p1a: Kommo-OH NO|spa|1|[from] item: Throat Spray\n|\n|-status|p2a: Gliscor|tox|[from] item: Toxic Orb\n|upkeep\n|turn|8\n|\n|t:|1698169780\n|-terastallize|p1a: Kommo-OH NO|Normal\n|move|p1a: Kommo-OH NO|Boomburst|p2a: Gliscor\n|-damage|p2a: Gliscor|0 fnt\n|faint|p2a: Gliscor\n|\n|upkeep\n|\n|t:|1698169787\n|switch|p2a: Dondozo|Dondozo, F|75\/100\n|turn|9\n|\n|t:|1698169790\n|move|p1a: Kommo-OH NO|Boomburst|p2a: Dondozo\n|-damage|p2a: Dondozo|37\/100\n|move|p2a: Dondozo|Wave Crash|p1a: Kommo-OH NO\n|-end|p1a: Kommo-OH NO|Substitute\n|-damage|p2a: Dondozo|31\/100|[from] Recoil|[of] p1a: Kommo-OH NO\n|\n|-heal|p2a: Dondozo|37\/100|[from] item: Leftovers\n|upkeep\n|turn|10\n|\n|t:|1698169795\n|move|p1a: Kommo-OH NO|Boomburst|p2a: Dondozo\n|-damage|p2a: Dondozo|0 fnt\n|faint|p2a: Dondozo\n|\n|upkeep\n|\n|t:|1698169804\n|switch|p2a: Slowking|Slowking-Galar, F|100\/100\n|turn|11\n|\n|t:|1698169808\n|move|p1a: Kommo-OH NO|Boomburst|p2a: Slowking\n|-damage|p2a: Slowking|29\/100\n|move|p2a: Slowking|Toxic|p1a: Kommo-OH NO\n|-status|p1a: Kommo-OH NO|tox\n|\n|-heal|p2a: Slowking|35\/100|[from] item: Leftovers\n|-damage|p1a: Kommo-OH NO|61\/100 tox|[from] psn\n|upkeep\n|turn|12\n|\n|t:|1698169817\n|move|p1a: Kommo-OH NO|Boomburst|p2a: Slowking\n|-damage|p2a: Slowking|0 fnt\n|faint|p2a: Slowking\n|\n|-damage|p1a: Kommo-OH NO|49\/100 tox|[from] psn\n|upkeep\n|\n|t:|1698169820\n|switch|p2a: Scizor|Scizor, M|100\/100\n|turn|13\n|\n|t:|1698169822\n|-terastallize|p2a: Scizor|Steel\n|move|p2a: Scizor|Bullet Punch|p1a: Kommo-OH NO\n|-damage|p1a: Kommo-OH NO|17\/100 tox\n|move|p1a: Kommo-OH NO|Aura Sphere|p2a: Scizor\n|-supereffective|p2a: Scizor\n|-damage|p2a: Scizor|0 fnt\n|faint|p2a: Scizor\n|\n|-damage|p1a: Kommo-OH NO|0 fnt|[from] psn\n|faint|p1a: Kommo-OH NO\n|upkeep\n|\n|t:|1698169832\n|switch|p1a: Zac King|Zacian|100\/100\n|switch|p2a: Zapdos|Zapdos|100\/100\n|-ability|p1a: Zac King|Intrepid Sword|boost\n|-boost|p1a: Zac King|atk|1\n|turn|14\n|\n|t:|1698169836\n|move|p1a: Zac King|Play Rough|p2a: Zapdos\n|-damage|p2a: Zapdos|17\/100\n|-status|p1a: Zac King|par|[from] ability: Static|[of] p2a: Zapdos\n|move|p2a: Zapdos|Thunder Wave|p1a: Zac King\n|-fail|p1a: Zac King|par\n|\n|upkeep\n|turn|15\n|\n|t:|1698169841\n|move|p2a: Zapdos|Roost|p2a: Zapdos\n|-heal|p2a: Zapdos|67\/100\n|-singleturn|p2a: Zapdos|move: Roost\n|move|p1a: Zac King|Play Rough|p2a: Zapdos\n|-crit|p2a: Zapdos\n|-damage|p2a: Zapdos|0 fnt\n|faint|p2a: Zapdos\n|\n|upkeep\n|\n|t:|1698169846\n|switch|p2a: Ogerpon|Ogerpon-Cornerstone, F|61\/100\n|turn|16\n|\n|t:|1698169848\n|move|p2a: Ogerpon|Spikes|p1a: Zac King\n|-sidestart|p1: AlicieLizzie|Spikes\n|move|p1a: Zac King|Play Rough|p2a: Ogerpon|[miss]\n|-miss|p1a: Zac King|p2a: Ogerpon\n|\n|upkeep\n|turn|17\n|\n|t:|1698169851\n|move|p2a: Ogerpon|Spikes|p1a: Zac King\n|-sidestart|p1: AlicieLizzie|Spikes\n|cant|p1a: Zac King|par\n|\n|upkeep\n|turn|18\n|\n|t:|1698169855\n|move|p2a: Ogerpon|Ivy Cudgel|p1a: Zac King\n|-damage|p1a: Zac King|43\/100 par\n|cant|p1a: Zac King|par\n|\n|upkeep\n|turn|19\n|\n|t:|1698169859\n|move|p2a: Ogerpon|Ivy Cudgel|p1a: Zac King\n|-damage|p1a: Zac King|0 fnt\n|faint|p1a: Zac King\n|\n|upkeep\n|-message|AnUndeadMyth forfeited.\n|\n|win|AlicieLizzie\n|l|\u203dAnUndeadMyth\n|c|\u2606AlicieLizzie|oh\n","uploadtime":1698169876,"views":18,"p1id":"alicielizzie","p2id":"anundeadmyth","formatid":"gen9ubers","rating":0,"private":0,"password":""}