{"id":"gen9ubers-1988848244","p1":"Ct3tha","p2":"Ballcutters420","format":"[Gen 9] Ubers","log":"|j|\u2606Ct3tha\n|j|\u2606Ballcutters420\n|t:|1699773156\n|gametype|singles\n|player|p1|Ct3tha|102|1217\n|player|p2|Ballcutters420|lass-gen4dp|1184\n|teamsize|p1|6\n|teamsize|p2|6\n|gen|9\n|tier|[Gen 9] Ubers\n|rated|\n|rule|Sleep Clause Mod: Limit one foe put to sleep\n|rule|Species Clause: Limit one of each Pok\u00e9mon\n|rule|OHKO Clause: OHKO moves are banned\n|rule|Evasion Items Clause: Evasion items are banned\n|rule|Evasion Moves Clause: Evasion moves are banned\n|rule|Endless Battle Clause: Forcing endless battles is banned\n|rule|HP Percentage Mod: HP is shown in percentages\n|clearpoke\n|poke|p1|Arceus-Ground|\n|poke|p1|Koraidon|\n|poke|p1|Miraidon|\n|poke|p1|Zacian-*|\n|poke|p1|Eternatus|\n|poke|p1|Kyogre|\n|poke|p2|Arceus-Fairy|\n|poke|p2|Koraidon|\n|poke|p2|Flutter Mane|\n|poke|p2|Gliscor, M|\n|poke|p2|Blissey, F|\n|poke|p2|Giratina-Origin|\n|teampreview\n|\n|t:|1699773163\n|start\n|switch|p1a: Koraidon|Koraidon|100\/100\n|switch|p2a: Gliscor|Gliscor, M|100\/100\n|-weather|SunnyDay|[from] ability: Orichalcum Pulse|[of] p1a: Koraidon\n|-activate|p1a: Koraidon|Orichalcum Pulse|[source]\n|turn|1\n|inactive|Battle timer is ON: inactive players will automatically lose when time's up. (requested by Ct3tha)\n|c|\u2606Ct3tha|glhf\n|\n|t:|1699773229\n|move|p1a: Koraidon|U-turn|p2a: Gliscor\n|-resisted|p2a: Gliscor\n|-damage|p2a: Gliscor|90\/100\n|\n|t:|1699773235\n|switch|p1a: Kyogre|Kyogre|100\/100|[from] U-turn\n|-weather|RainDance|[from] ability: Drizzle|[of] p1a: Kyogre\n|move|p2a: Gliscor|Toxic|p1a: Kyogre\n|-status|p1a: Kyogre|tox\n|\n|-weather|RainDance|[upkeep]\n|-damage|p1a: Kyogre|94\/100 tox|[from] psn\n|-status|p2a: Gliscor|tox|[from] item: Toxic Orb\n|upkeep\n|turn|2\n|inactive|Ballcutters420 has 120 seconds left.\n|\n|t:|1699773269\n|switch|p2a: Blissey|Blissey, F|100\/100\n|move|p1a: Kyogre|Ice Beam|p2a: Blissey\n|-damage|p2a: Blissey|91\/100\n|\n|-weather|RainDance|[upkeep]\n|-heal|p2a: Blissey|97\/100|[from] item: Leftovers\n|-damage|p1a: Kyogre|82\/100 tox|[from] psn\n|upkeep\n|turn|3\n|\n|t:|1699773283\n|switch|p1a: Zacian|Zacian-Crowned|100\/100\n|-ability|p1a: Zacian|Intrepid Sword|boost\n|-boost|p1a: Zacian|atk|1\n|move|p2a: Blissey|Seismic Toss|p1a: Zacian\n|-damage|p1a: Zacian|70\/100\n|\n|-weather|RainDance|[upkeep]\n|-heal|p2a: Blissey|100\/100|[from] item: Leftovers\n|upkeep\n|turn|4\n|\n|t:|1699773298\n|switch|p2a: Gliscor|Gliscor, M|90\/100 tox\n|move|p1a: Zacian|Swords Dance|p1a: Zacian\n|-boost|p1a: Zacian|atk|2\n|\n|-weather|RainDance|[upkeep]\n|-heal|p2a: Gliscor|100\/100 tox|[from] ability: Poison Heal\n|upkeep\n|turn|5\n|\n|t:|1699773303\n|move|p1a: Zacian|Behemoth Blade|p2a: Gliscor\n|-damage|p2a: Gliscor|19\/100 tox\n|move|p2a: Gliscor|Earthquake|p1a: Zacian\n|-supereffective|p1a: Zacian\n|-damage|p1a: Zacian|12\/100\n|\n|-weather|none\n|-heal|p2a: Gliscor|32\/100 tox|[from] ability: Poison Heal\n|upkeep\n|turn|6\n|\n|t:|1699773308\n|move|p2a: Gliscor|Protect|p2a: Gliscor\n|-singleturn|p2a: Gliscor|Protect\n|move|p1a: Zacian|Behemoth Blade|p2a: Gliscor\n|-activate|p2a: Gliscor|move: Protect\n|\n|-heal|p2a: Gliscor|44\/100 tox|[from] ability: Poison Heal\n|upkeep\n|turn|7\n|\n|t:|1699773318\n|move|p1a: Zacian|Behemoth Blade|p2a: Gliscor\n|-damage|p2a: Gliscor|0 fnt\n|faint|p2a: Gliscor\n|\n|upkeep\n|\n|t:|1699773320\n|switch|p2a: Koraidon|Koraidon|100\/100\n|-weather|SunnyDay|[from] ability: Orichalcum Pulse|[of] p2a: Koraidon\n|-activate|p2a: Koraidon|Orichalcum Pulse|[source]\n|turn|8\n|\n|t:|1699773327\n|move|p2a: Koraidon|Collision Course|p1a: Zacian\n|-damage|p1a: Zacian|0 fnt\n|faint|p1a: Zacian\n|\n|-weather|SunnyDay|[upkeep]\n|upkeep\n|\n|t:|1699773337\n|switch|p1a: Arceus|Arceus-Ground|100\/100\n|turn|9\n|\n|t:|1699773340\n|switch|p2a: Giratina|Giratina-Origin|100\/100\n|move|p1a: Arceus|Dragon Dance|p1a: Arceus\n|-boost|p1a: Arceus|atk|1\n|-boost|p1a: Arceus|spe|1\n|\n|-weather|SunnyDay|[upkeep]\n|upkeep\n|turn|10\n|\n|t:|1699773346\n|move|p1a: Arceus|Taunt|p2a: Giratina\n|-start|p2a: Giratina|move: Taunt\n|cant|p2a: Giratina|move: Taunt|Will-O-Wisp\n|\n|-weather|SunnyDay|[upkeep]\n|upkeep\n|turn|11\n|\n|t:|1699773352\n|move|p1a: Arceus|Flare Blitz|p2a: Giratina\n|-resisted|p2a: Giratina\n|-damage|p2a: Giratina|72\/100\n|-damage|p1a: Arceus|88\/100|[from] Recoil\n|move|p2a: Giratina|Dragon Tail|p1a: Arceus\n|-damage|p1a: Arceus|62\/100\n|drag|p1a: Eternatus|Eternatus|100\/100\n|-ability|p1a: Eternatus|Pressure\n|\n|-weather|SunnyDay|[upkeep]\n|upkeep\n|turn|12\n|\n|t:|1699773362\n|switch|p2a: Blissey|Blissey, F|100\/100\n|move|p1a: Eternatus|Dynamax Cannon|p2a: Blissey\n|-damage|p2a: Blissey|80\/100\n|-damage|p1a: Eternatus|91\/100|[from] item: Life Orb\n|\n|-weather|none\n|-heal|p2a: Blissey|86\/100|[from] item: Leftovers\n|upkeep\n|turn|13\n|\n|t:|1699773369\n|switch|p1a: Arceus|Arceus-Ground|62\/100\n|move|p2a: Blissey|Thunder Wave|p1a: Arceus\n|-immune|p1a: Arceus\n|\n|-heal|p2a: Blissey|93\/100|[from] item: Leftovers\n|upkeep\n|turn|14\n|\n|t:|1699773379\n|switch|p2a: Giratina|Giratina-Origin|72\/100\n|move|p1a: Arceus|Taunt|p2a: Giratina\n|-start|p2a: Giratina|move: Taunt\n|\n|upkeep\n|turn|15\n|\n|t:|1699773389\n|move|p1a: Arceus|Flare Blitz|p2a: Giratina\n|-resisted|p2a: Giratina\n|-damage|p2a: Giratina|60\/100\n|-damage|p1a: Arceus|57\/100|[from] Recoil\n|move|p2a: Giratina|Dragon Tail|p1a: Arceus\n|-damage|p1a: Arceus|32\/100\n|drag|p1a: Eternatus|Eternatus|91\/100\n|-ability|p1a: Eternatus|Pressure\n|\n|upkeep\n|turn|16\n|\n|t:|1699773394\n|move|p1a: Eternatus|Dynamax Cannon|p2a: Giratina\n|-supereffective|p2a: Giratina\n|-damage|p2a: Giratina|0 fnt\n|faint|p2a: Giratina\n|-damage|p1a: Eternatus|81\/100|[from] item: Life Orb\n|\n|upkeep\n|\n|t:|1699773399\n|switch|p2a: Koraidon|Koraidon|100\/100\n|-weather|SunnyDay|[from] ability: Orichalcum Pulse|[of] p2a: Koraidon\n|-activate|p2a: Koraidon|Orichalcum Pulse|[source]\n|turn|17\n|\n|t:|1699773406\n|switch|p1a: Kyogre|Kyogre|82\/100 tox\n|-weather|RainDance|[from] ability: Drizzle|[of] p1a: Kyogre\n|move|p2a: Koraidon|Dragon Claw|p1a: Kyogre\n|-damage|p1a: Kyogre|35\/100 tox\n|\n|-weather|RainDance|[upkeep]\n|-damage|p1a: Kyogre|29\/100 tox|[from] psn\n|upkeep\n|turn|18\n|\n|t:|1699773413\n|switch|p2a: Blissey|Blissey, F|93\/100\n|move|p1a: Kyogre|Origin Pulse|p2a: Blissey|[miss]\n|-miss|p1a: Kyogre|p2a: Blissey\n|\n|-weather|RainDance|[upkeep]\n|-heal|p2a: Blissey|99\/100|[from] item: Leftovers\n|-damage|p1a: Kyogre|17\/100 tox|[from] psn\n|upkeep\n|turn|19\n|\n|t:|1699773420\n|move|p1a: Kyogre|Origin Pulse|p2a: Blissey\n|-damage|p2a: Blissey|74\/100\n|move|p2a: Blissey|Thunder Wave||[still]\n|-fail|p2a: Blissey\n|\n|-weather|RainDance|[upkeep]\n|-heal|p2a: Blissey|80\/100|[from] item: Leftovers\n|-damage|p1a: Kyogre|0 fnt|[from] psn\n|faint|p1a: Kyogre\n|upkeep\n|\n|t:|1699773425\n|switch|p1a: Koraidon|Koraidon|100\/100\n|-weather|SunnyDay|[from] ability: Orichalcum Pulse|[of] p1a: Koraidon\n|-activate|p1a: Koraidon|Orichalcum Pulse|[source]\n|turn|20\n|\n|t:|1699773432\n|-terastallize|p2a: Blissey|Ghost\n|move|p1a: Koraidon|U-turn|p2a: Blissey\n|-resisted|p2a: Blissey\n|-crit|p2a: Blissey\n|-damage|p2a: Blissey|29\/100\n|\n|t:|1699773437\n|switch|p1a: Arceus|Arceus-Ground|32\/100|[from] U-turn\n|move|p2a: Blissey|Thunder Wave|p1a: Arceus\n|-immune|p1a: Arceus\n|\n|-weather|SunnyDay|[upkeep]\n|-heal|p2a: Blissey|35\/100|[from] item: Leftovers\n|upkeep\n|turn|21\n|\n|t:|1699773446\n|switch|p2a: Koraidon|Koraidon|100\/100\n|-activate|p2a: Koraidon|ability: Orichalcum Pulse\n|move|p1a: Arceus|Earthquake|p2a: Koraidon\n|-damage|p2a: Koraidon|45\/100\n|\n|-weather|SunnyDay|[upkeep]\n|upkeep\n|turn|22\n|\n|t:|1699773451\n|switch|p1a: Eternatus|Eternatus|81\/100\n|-ability|p1a: Eternatus|Pressure\n|move|p2a: Koraidon|Dragon Claw|p1a: Eternatus\n|-supereffective|p1a: Eternatus\n|-damage|p1a: Eternatus|0 fnt\n|faint|p1a: Eternatus\n|\n|-weather|SunnyDay|[upkeep]\n|upkeep\n|\n|t:|1699773454\n|switch|p1a: Koraidon|Koraidon|100\/100\n|-activate|p1a: Koraidon|ability: Orichalcum Pulse\n|turn|23\n|\n|t:|1699773473\n|-terastallize|p1a: Koraidon|Steel\n|move|p1a: Koraidon|Flare Blitz|p2a: Koraidon\n|-resisted|p2a: Koraidon\n|-damage|p2a: Koraidon|10\/100\n|-damage|p1a: Koraidon|89\/100|[from] Recoil\n|move|p2a: Koraidon|Dragon Claw|p1a: Koraidon\n|-resisted|p1a: Koraidon\n|-damage|p1a: Koraidon|60\/100\n|\n|-weather|SunnyDay|[upkeep]\n|upkeep\n|turn|24\n|\n|t:|1699773484\n|switch|p2a: Blissey|Blissey, F, tera:Ghost|35\/100\n|move|p1a: Koraidon|Flare Blitz|p2a: Blissey\n|-damage|p2a: Blissey|0 fnt\n|faint|p2a: Blissey\n|-damage|p1a: Koraidon|36\/100|[from] Recoil\n|\n|-weather|none\n|upkeep\n|\n|t:|1699773494\n|switch|p2a: Arceus|Arceus-Fairy|100\/100\n|turn|25\n|\n|t:|1699773499\n|switch|p1a: Arceus|Arceus-Ground|32\/100\n|move|p2a: Arceus|Earth Power|p1a: Arceus\n|-damage|p1a: Arceus|10\/100\n|\n|upkeep\n|turn|26\n|\n|t:|1699773505\n|move|p1a: Arceus|Earthquake|p2a: Arceus\n|-crit|p2a: Arceus\n|-damage|p2a: Arceus|43\/100\n|move|p2a: Arceus|Earth Power|p1a: Arceus\n|-damage|p1a: Arceus|0 fnt\n|faint|p1a: Arceus\n|\n|upkeep\n|\n|t:|1699773510\n|switch|p1a: Koraidon|Koraidon, tera:Steel|36\/100\n|-weather|SunnyDay|[from] ability: Orichalcum Pulse|[of] p1a: Koraidon\n|-activate|p1a: Koraidon|Orichalcum Pulse|[source]\n|turn|27\n|\n|t:|1699773518\n|move|p1a: Koraidon|Flare Blitz|p2a: Arceus\n|-damage|p2a: Arceus|0 fnt\n|faint|p2a: Arceus\n|-damage|p1a: Koraidon|18\/100|[from] Recoil\n|\n|-weather|SunnyDay|[upkeep]\n|upkeep\n|\n|t:|1699773521\n|switch|p2a: Flutter Mane|Flutter Mane|100\/100\n|-activate|p2a: Flutter Mane|ability: Protosynthesis\n|-start|p2a: Flutter Mane|protosynthesisspe\n|turn|28\n|\n|t:|1699773531\n|move|p1a: Koraidon|Flare Blitz|p2a: Flutter Mane\n|-damage|p2a: Flutter Mane|0 fnt\n|faint|p2a: Flutter Mane\n|-end|p2a: Flutter Mane|Protosynthesis|[silent]\n|-damage|p1a: Koraidon|0 fnt|[from] Recoil\n|faint|p1a: Koraidon\n|\n|-weather|SunnyDay|[upkeep]\n|upkeep\n|\n|t:|1699773534\n|switch|p2a: Koraidon|Koraidon|10\/100\n|switch|p1a: Miraidon|Miraidon|100\/100\n|-activate|p2a: Koraidon|ability: Orichalcum Pulse\n|-fieldstart|move: Electric Terrain|[from] ability: Hadron Engine|[of] p1a: Miraidon\n|turn|29\n|\n|t:|1699773538\n|move|p2a: Koraidon|Dragon Claw|p1a: Miraidon\n|-supereffective|p1a: Miraidon\n|-damage|p1a: Miraidon|0 fnt\n|faint|p1a: Miraidon\n|\n|win|Ballcutters420\n|raw|Ct3tha's rating: 1217 &rarr; <strong>1190<\/strong><br \/>(-27 for losing)\n|raw|Ballcutters420's rating: 1184 &rarr; <strong>1211<\/strong><br \/>(+27 for winning)\n|c|\u2606Ct3tha|gg\n|c|\u2606Ballcutters420|Gg\n|l|\u2606Ballcutters420\n|j|\u2606Ballcutters420\n|player|p2|Ballcutters420|lass-gen4dp\n","uploadtime":1699774681,"views":5,"p1id":"ct3tha","p2id":"ballcutters420","formatid":"gen9ubers","rating":1190,"private":0,"password":""}