{"id":"gen9ubers-1975464862","p1":"Blake-Mamba","p2":"JonnyGoldApple","format":"[Gen 9] Ubers","log":"|j|\u2606Blake-Mamba\n|j|\u2606JonnyGoldApple\n|t:|1698194231\n|gametype|singles\n|player|p1|Blake-Mamba|juan|1120\n|player|p2|JonnyGoldApple|colress|1385\n|teamsize|p1|6\n|teamsize|p2|6\n|gen|9\n|tier|[Gen 9] Ubers\n|rated|\n|rule|Sleep Clause Mod: Limit one foe put to sleep\n|rule|Species Clause: Limit one of each Pok\u00e9mon\n|rule|OHKO Clause: OHKO moves are banned\n|rule|Evasion Items Clause: Evasion items are banned\n|rule|Evasion Moves Clause: Evasion moves are banned\n|rule|Endless Battle Clause: Forcing endless battles is banned\n|rule|HP Percentage Mod: HP is shown in percentages\n|clearpoke\n|poke|p1|Ogerpon-Hearthflame, F|\n|poke|p1|Vikavolt, F|\n|poke|p1|Kommo-o, M|\n|poke|p1|Ursaluna-Bloodmoon, M|\n|poke|p1|Yanmega, F|\n|poke|p1|Chandelure, M|\n|poke|p2|Kyogre|\n|poke|p2|Arceus-Ground|\n|poke|p2|Iron Bundle|\n|poke|p2|Basculegion, M|\n|poke|p2|Miraidon|\n|poke|p2|Zacian-*|\n|teampreview\n|\n|t:|1698194244\n|start\n|switch|p1a: Vikavolt|Vikavolt, F|100\/100\n|switch|p2a: Arceus|Arceus-Ground|100\/100\n|turn|1\n|\n|t:|1698194252\n|move|p2a: Arceus|Taunt|p1a: Vikavolt\n|-start|p1a: Vikavolt|move: Taunt\n|cant|p1a: Vikavolt|move: Taunt|Sticky Web\n|\n|upkeep\n|turn|2\n|\n|t:|1698194257\n|move|p2a: Arceus|Stealth Rock|p1a: Vikavolt\n|-sidestart|p1: Blake-Mamba|move: Stealth Rock\n|move|p1a: Vikavolt|Energy Ball|p2a: Arceus\n|-supereffective|p2a: Arceus\n|-damage|p2a: Arceus|53\/100\n|-unboost|p2a: Arceus|spd|1\n|\n|upkeep\n|turn|3\n|\n|t:|1698194267\n|switch|p2a: Two-Tired|Miraidon|100\/100\n|-fieldstart|move: Electric Terrain|[from] ability: Hadron Engine|[of] p2a: Two-Tired\n|move|p1a: Vikavolt|Thunder|p2a: Two-Tired|[miss]\n|-miss|p1a: Vikavolt|p2a: Two-Tired\n|\n|-end|p1a: Vikavolt|move: Taunt\n|upkeep\n|turn|4\n|-activate|p1a: Vikavolt|item: Quick Claw\n|\n|t:|1698194283\n|move|p1a: Vikavolt|Sticky Web|p2a: Two-Tired\n|-sidestart|p2: JonnyGoldApple|move: Sticky Web\n|move|p2a: Two-Tired|Draco Meteor|p1a: Vikavolt\n|-damage|p1a: Vikavolt|0 fnt\n|-unboost|p2a: Two-Tired|spa|2\n|faint|p1a: Vikavolt\n|\n|upkeep\n|\n|t:|1698194300\n|switch|p1a: Kommo-o|Kommo-o, M|100\/100\n|-damage|p1a: Kommo-o|94\/100|[from] Stealth Rock\n|turn|5\n|\n|t:|1698194308\n|-terastallize|p1a: Kommo-o|Steel\n|move|p2a: Two-Tired|Draco Meteor|p1a: Kommo-o\n|-resisted|p1a: Kommo-o\n|-damage|p1a: Kommo-o|64\/100\n|-unboost|p2a: Two-Tired|spa|2\n|move|p1a: Kommo-o|Clangorous Soul|p1a: Kommo-o\n|-boost|p1a: Kommo-o|atk|1\n|-boost|p1a: Kommo-o|def|1\n|-boost|p1a: Kommo-o|spa|1\n|-boost|p1a: Kommo-o|spd|1\n|-boost|p1a: Kommo-o|spe|1\n|-damage|p1a: Kommo-o|31\/100\n|\n|-heal|p1a: Kommo-o|38\/100|[from] item: Leftovers\n|upkeep\n|turn|6\n|\n|t:|1698194330\n|switch|p2a: Feesh|Kyogre|100\/100\n|-activate|p2a: Feesh|move: Sticky Web\n|-unboost|p2a: Feesh|spe|1\n|-weather|RainDance|[from] ability: Drizzle|[of] p2a: Feesh\n|move|p1a: Kommo-o|Clangorous Soul|p1a: Kommo-o\n|-boost|p1a: Kommo-o|atk|1\n|-boost|p1a: Kommo-o|def|1\n|-boost|p1a: Kommo-o|spa|1\n|-boost|p1a: Kommo-o|spd|1\n|-boost|p1a: Kommo-o|spe|1\n|-damage|p1a: Kommo-o|5\/100\n|\n|-weather|RainDance|[upkeep]\n|-heal|p1a: Kommo-o|11\/100|[from] item: Leftovers\n|upkeep\n|turn|7\n|\n|t:|1698194346\n|switch|p2a: Arceus|Arceus-Ground|53\/100\n|-activate|p2a: Arceus|move: Sticky Web\n|-unboost|p2a: Arceus|spe|1\n|move|p1a: Kommo-o|Drain Punch|p2a: Arceus\n|-damage|p2a: Arceus|0 fnt\n|-heal|p1a: Kommo-o|44\/100|[from] drain|[of] p2a: Arceus\n|faint|p2a: Arceus\n|\n|-weather|RainDance|[upkeep]\n|-heal|p1a: Kommo-o|50\/100|[from] item: Leftovers\n|-fieldend|move: Electric Terrain\n|upkeep\n|\n|t:|1698194357\n|switch|p2a: Two-Tired|Miraidon|100\/100\n|-activate|p2a: Two-Tired|move: Sticky Web\n|-unboost|p2a: Two-Tired|spe|1\n|-fieldstart|move: Electric Terrain|[from] ability: Hadron Engine|[of] p2a: Two-Tired\n|turn|8\n|\n|t:|1698194372\n|switch|p2a: You and What Army?|Basculegion, M|100\/100\n|-activate|p2a: You and What Army?|move: Sticky Web\n|-unboost|p2a: You and What Army?|spe|1\n|move|p1a: Kommo-o|Drain Punch|p2a: You and What Army?\n|-immune|p2a: You and What Army?\n|\n|-weather|RainDance|[upkeep]\n|-heal|p1a: Kommo-o|56\/100|[from] item: Leftovers\n|upkeep\n|turn|9\n|\n|t:|1698194404\n|switch|p2a: Ponder Mine Orb|Iron Bundle|100\/100\n|-activate|p2a: Ponder Mine Orb|ability: Quark Drive\n|-start|p2a: Ponder Mine Orb|quarkdrivespe\n|move|p1a: Kommo-o|Outrage|p2a: Ponder Mine Orb\n|-damage|p2a: Ponder Mine Orb|0 fnt\n|faint|p2a: Ponder Mine Orb\n|-end|p2a: Ponder Mine Orb|Quark Drive|[silent]\n|\n|-weather|RainDance|[upkeep]\n|-heal|p1a: Kommo-o|63\/100|[from] item: Leftovers\n|upkeep\n|-message|JonnyGoldApple forfeited.\n|\n|win|Blake-Mamba\n|raw|Blake-Mamba's rating: 1120 &rarr; <strong>1161<\/strong><br \/>(+41 for winning)\n|raw|JonnyGoldApple's rating: 1385 &rarr; <strong>1352<\/strong><br \/>(-33 for losing)\n|l|\u2606JonnyGoldApple\n","uploadtime":1698194419,"views":8,"p1id":"blakemamba","p2id":"jonnygoldapple","formatid":"gen9ubers","rating":1161,"private":0,"password":""}