{"id":"gen9ubers-1982453999","p1":"Carina17","p2":"eaadas","format":"[Gen 9] Ubers","log":"|j|\u2606Carina17\n|j|\u2606eaadas\n|t:|1699016313\n|gametype|singles\n|player|p1|Carina17|cynthia|1139\n|player|p2|eaadas|265|1000\n|teamsize|p1|6\n|teamsize|p2|6\n|gen|9\n|tier|[Gen 9] Ubers\n|rated|\n|rule|Sleep Clause Mod: Limit one foe put to sleep\n|rule|Species Clause: Limit one of each Pok\u00e9mon\n|rule|OHKO Clause: OHKO moves are banned\n|rule|Evasion Items Clause: Evasion items are banned\n|rule|Evasion Moves Clause: Evasion moves are banned\n|rule|Endless Battle Clause: Forcing endless battles is banned\n|rule|HP Percentage Mod: HP is shown in percentages\n|clearpoke\n|poke|p1|Azumarill, F|\n|poke|p1|Iron Treads|\n|poke|p1|Chien-Pao|\n|poke|p1|Annihilape, F|\n|poke|p1|Weezing-Galar, M|\n|poke|p1|Rillaboom, M|\n|poke|p2|Baxcalibur, M|\n|poke|p2|Palafin, F|\n|poke|p2|Cinderace, M|\n|poke|p2|Great Tusk|\n|poke|p2|Urshifu-*, M|\n|poke|p2|Hatterene, F|\n|teampreview\n|inactive|Battle timer is ON: inactive players will automatically lose when time's up. (requested by Carina17)\n|\n|t:|1699016324\n|start\n|switch|p1a: Annihilape|Annihilape, F|100\/100\n|switch|p2a: Palafin|Palafin, F|100\/100\n|turn|1\n|\n|t:|1699016335\n|detailschange|p2a: Palafin|Palafin-Hero, F\n|switch|p2a: Hatterene|Hatterene, F|100\/100\n|move|p1a: Annihilape|Bulk Up|p1a: Annihilape\n|-boost|p1a: Annihilape|atk|1\n|-boost|p1a: Annihilape|def|1\n|\n|upkeep\n|turn|2\n|\n|t:|1699016345\n|move|p1a: Annihilape|Substitute|p1a: Annihilape\n|-start|p1a: Annihilape|Substitute\n|-damage|p1a: Annihilape|76\/100\n|move|p2a: Hatterene|Psyshock|p1a: Annihilape\n|-supereffective|p1a: Annihilape\n|-end|p1a: Annihilape|Substitute\n|\n|upkeep\n|turn|3\n|\n|t:|1699016354\n|move|p1a: Annihilape|Rage Fist|p2a: Hatterene\n|-supereffective|p2a: Hatterene\n|-crit|p2a: Hatterene\n|-enditem|p2a: Hatterene|Focus Sash\n|-damage|p2a: Hatterene|1\/100\n|move|p2a: Hatterene|Psyshock|p1a: Annihilape\n|-supereffective|p1a: Annihilape\n|-damage|p1a: Annihilape|16\/100\n|\n|upkeep\n|turn|4\n|\n|t:|1699016369\n|switch|p2a: Baxcalibur|Baxcalibur, M|100\/100\n|move|p1a: Annihilape|Drain Punch|p2a: Baxcalibur\n|-supereffective|p2a: Baxcalibur\n|-damage|p2a: Baxcalibur|0 fnt\n|-heal|p1a: Annihilape|67\/100|[from] drain|[of] p2a: Baxcalibur\n|faint|p2a: Baxcalibur\n|\n|upkeep\n|\n|t:|1699016381\n|switch|p2a: Urshifu|Urshifu, M|100\/100\n|turn|5\n|\n|t:|1699016389\n|-terastallize|p1a: Annihilape|Fighting\n|move|p2a: Urshifu|Wicked Blow|p1a: Annihilape\n|-resisted|p1a: Annihilape\n|-crit|p1a: Annihilape\n|-damage|p1a: Annihilape|24\/100\n|move|p1a: Annihilape|Drain Punch|p2a: Urshifu\n|-supereffective|p2a: Urshifu\n|-damage|p2a: Urshifu|0 fnt\n|-heal|p1a: Annihilape|72\/100|[from] drain|[of] p2a: Urshifu\n|faint|p2a: Urshifu\n|\n|upkeep\n|\n|t:|1699016406\n|switch|p2a: Great Tusk|Great Tusk|100\/100\n|turn|6\n|\n|t:|1699016412\n|move|p2a: Great Tusk|Headlong Rush|p1a: Annihilape\n|-damage|p1a: Annihilape|28\/100\n|-unboost|p2a: Great Tusk|def|1\n|-unboost|p2a: Great Tusk|spd|1\n|move|p1a: Annihilape|Substitute|p1a: Annihilape\n|-start|p1a: Annihilape|Substitute\n|-damage|p1a: Annihilape|3\/100\n|\n|upkeep\n|turn|7\n|\n|t:|1699016426\n|move|p2a: Great Tusk|Headlong Rush|p1a: Annihilape\n|-end|p1a: Annihilape|Substitute\n|-unboost|p2a: Great Tusk|def|1\n|-unboost|p2a: Great Tusk|spd|1\n|move|p1a: Annihilape|Rage Fist|p2a: Great Tusk\n|-damage|p2a: Great Tusk|0 fnt\n|faint|p2a: Great Tusk\n|-end|p2a: Great Tusk|Protosynthesis|[silent]\n|\n|upkeep\n|\n|t:|1699016435\n|switch|p2a: Palafin|Palafin-Hero, F|100\/100\n|-activate|p2a: Palafin|ability: Zero to Hero\n|turn|8\n|\n|t:|1699016441\n|move|p1a: Annihilape|Drain Punch|p2a: Palafin\n|-damage|p2a: Palafin|35\/100\n|-heal|p1a: Annihilape|40\/100|[from] drain|[of] p2a: Palafin\n|move|p2a: Palafin|Haze|p2a: Palafin\n|-clearallboost\n|\n|upkeep\n|turn|9\n|\n|t:|1699016454\n|move|p2a: Palafin|Protect|p2a: Palafin\n|-singleturn|p2a: Palafin|Protect\n|move|p1a: Annihilape|Rage Fist|p2a: Palafin\n|-activate|p2a: Palafin|move: Protect\n|\n|upkeep\n|turn|10\n|\n|t:|1699016463\n|move|p1a: Annihilape|Rage Fist|p2a: Palafin\n|-damage|p2a: Palafin|0 fnt\n|faint|p2a: Palafin\n|\n|upkeep\n|\n|t:|1699016469\n|switch|p2a: Hatterene|Hatterene, F|1\/100\n|turn|11\n|\n|t:|1699016475\n|move|p1a: Annihilape|Drain Punch|p2a: Hatterene\n|-resisted|p2a: Hatterene\n|-damage|p2a: Hatterene|0 fnt\n|-heal|p1a: Annihilape|40\/100|[from] drain|[of] p2a: Hatterene\n|faint|p2a: Hatterene\n|\n|upkeep\n|\n|t:|1699016480\n|switch|p2a: Cinderace|Cinderace, M|100\/100\n|turn|12\n|\n|t:|1699016492\n|-terastallize|p2a: Cinderace|Fire\n|move|p2a: Cinderace|Pyro Ball|p1a: Annihilape\n|-damage|p1a: Annihilape|0 fnt\n|faint|p1a: Annihilape\n|-damage|p2a: Cinderace|91\/100|[from] item: Life Orb\n|\n|upkeep\n|\n|t:|1699016503\n|switch|p1a: Azumarill|Azumarill, F|100\/100\n|turn|13\n|\n|t:|1699016509\n|move|p2a: Cinderace|Sucker Punch||[still]\n|-fail|p2a: Cinderace\n|move|p1a: Azumarill|Belly Drum|p1a: Azumarill\n|-damage|p1a: Azumarill|50\/100\n|-setboost|p1a: Azumarill|atk|6|[from] move: Belly Drum\n|-enditem|p1a: Azumarill|Sitrus Berry|[eat]\n|-heal|p1a: Azumarill|75\/100|[from] item: Sitrus Berry\n|\n|upkeep\n|turn|14\n|\n|t:|1699016530\n|move|p1a: Azumarill|Aqua Jet|p2a: Cinderace\n|-supereffective|p2a: Cinderace\n|-damage|p2a: Cinderace|0 fnt\n|faint|p2a: Cinderace\n|\n|win|Carina17\n|raw|Carina17's rating: 1139 &rarr; <strong>1154<\/strong><br \/>(+15 for winning)\n|raw|eaadas's rating: 1000 &rarr; <strong>1000<\/strong><br \/>(+0 for losing)\n|l|\u2606eaadas\n","uploadtime":1699016539,"views":12,"p1id":"carina17","p2id":"eaadas","formatid":"gen9ubers","rating":1000,"private":0,"password":""}