{"id":"gen9ubers-1995007940","p1":"Jesus 1313131313","p2":"asdaxzcz","format":"[Gen 9] Ubers","log":"|j|\u2606Jesus 1313131313\n|j|\u2606asdaxzcz\n|t:|1700512848\n|gametype|singles\n|player|p1|Jesus 1313131313|169|1009\n|player|p2|asdaxzcz|170|1000\n|teamsize|p1|6\n|teamsize|p2|6\n|gen|9\n|tier|[Gen 9] Ubers\n|rated|\n|rule|Sleep Clause Mod: Limit one foe put to sleep\n|rule|Species Clause: Limit one of each Pok\u00e9mon\n|rule|OHKO Clause: OHKO moves are banned\n|rule|Evasion Items Clause: Evasion items are banned\n|rule|Evasion Moves Clause: Evasion moves are banned\n|rule|Endless Battle Clause: Forcing endless battles is banned\n|rule|HP Percentage Mod: HP is shown in percentages\n|clearpoke\n|poke|p1|Iron Jugulis|\n|poke|p1|Brute Bonnet|\n|poke|p1|Kingambit, M|\n|poke|p1|Eelektross, M|\n|poke|p1|Toxapex, M|\n|poke|p1|Rotom-Heat|\n|poke|p2|Palafin, M|\n|poke|p2|Eternatus|\n|poke|p2|Gliscor, F|\n|poke|p2|Zacian-*|\n|poke|p2|Annihilape, M|\n|poke|p2|Koraidon|\n|teampreview\n|\n|t:|1700512864\n|start\n|switch|p1a: Eelektross|Eelektross, M, shiny|100\/100\n|switch|p2a: Palafin|Palafin, M, shiny|100\/100\n|turn|1\n|\n|t:|1700512875\n|detailschange|p2a: Palafin|Palafin-Hero, M, shiny\n|switch|p2a: Gliscor|Gliscor, F|100\/100\n|move|p1a: Eelektross|Volt Switch|p2a: Gliscor\n|-immune|p2a: Gliscor\n|\n|-status|p2a: Gliscor|tox|[from] item: Toxic Orb\n|upkeep\n|turn|2\n|\n|t:|1700512886\n|-terastallize|p1a: Eelektross|Ice\n|move|p2a: Gliscor|Spikes|p1a: Eelektross\n|-sidestart|p1: Jesus 1313131313|Spikes\n|move|p1a: Eelektross|Tera Blast|p2a: Gliscor|[anim] Tera Blast Ice\n|-supereffective|p2a: Gliscor\n|-crit|p2a: Gliscor\n|-damage|p2a: Gliscor|0 fnt\n|faint|p2a: Gliscor\n|-damage|p1a: Eelektross|91\/100|[from] item: Life Orb\n|\n|upkeep\n|\n|t:|1700512900\n|switch|p2a: Zacian|Zacian-Crowned|100\/100\n|-ability|p2a: Zacian|Intrepid Sword|boost\n|-boost|p2a: Zacian|atk|1\n|turn|3\n|\n|t:|1700512907\n|move|p2a: Zacian|Swords Dance|p2a: Zacian\n|-boost|p2a: Zacian|atk|2\n|move|p1a: Eelektross|Volt Switch|p2a: Zacian\n|-damage|p2a: Zacian|59\/100\n|-damage|p1a: Eelektross|81\/100|[from] item: Life Orb\n|\n|t:|1700512917\n|switch|p1a: Rotom|Rotom-Heat, shiny|100\/100|[from] Volt Switch\n|\n|upkeep\n|turn|4\n|\n|t:|1700512943\n|move|p2a: Zacian|Close Combat|p1a: Rotom\n|-damage|p1a: Rotom|0 fnt\n|-unboost|p2a: Zacian|def|1\n|-unboost|p2a: Zacian|spd|1\n|faint|p1a: Rotom\n|\n|upkeep\n|\n|t:|1700512954\n|switch|p1a: Toxapex|Toxapex, M, shiny|100\/100\n|-damage|p1a: Toxapex|88\/100|[from] Spikes\n|turn|5\n|\n|t:|1700512983\n|switch|p2a: Eternatus|Eternatus|100\/100\n|-ability|p2a: Eternatus|Pressure\n|move|p1a: Toxapex|Liquidation|p2a: Eternatus\n|-resisted|p2a: Eternatus\n|-damage|p2a: Eternatus|93\/100\n|\n|-heal|p2a: Eternatus|99\/100|[from] item: Leftovers\n|-heal|p1a: Toxapex|94\/100|[from] item: Black Sludge\n|upkeep\n|turn|6\n|\n|t:|1700512998\n|move|p1a: Toxapex|Baneful Bunker|p1a: Toxapex\n|-singleturn|p1a: Toxapex|move: Protect\n|move|p2a: Eternatus|Dynamax Cannon|p1a: Toxapex\n|-activate|p1a: Toxapex|move: Protect\n|\n|-heal|p2a: Eternatus|100\/100|[from] item: Leftovers\n|-heal|p1a: Toxapex|99\/100|[from] item: Black Sludge\n|upkeep\n|turn|7\n|\n|t:|1700513011\n|move|p2a: Eternatus|Dynamax Cannon|p1a: Toxapex\n|-damage|p1a: Toxapex|61\/100\n|move|p1a: Toxapex|Toxic|p2a: Eternatus\n|-immune|p2a: Eternatus\n|\n|-heal|p1a: Toxapex|67\/100|[from] item: Black Sludge\n|upkeep\n|turn|8\n|\n|t:|1700513028\n|switch|p1a: Brute Bonnet|Brute Bonnet, shiny|100\/100\n|-damage|p1a: Brute Bonnet|88\/100|[from] Spikes\n|-enditem|p1a: Brute Bonnet|Booster Energy\n|-activate|p1a: Brute Bonnet|ability: Protosynthesis|[fromitem]\n|-start|p1a: Brute Bonnet|protosynthesisatk\n|move|p2a: Eternatus|Toxic|p1a: Brute Bonnet\n|-status|p1a: Brute Bonnet|tox\n|\n|-damage|p1a: Brute Bonnet|82\/100 tox|[from] psn\n|upkeep\n|turn|9\n|\n|t:|1700513047\n|move|p2a: Eternatus|Flamethrower|p1a: Brute Bonnet\n|-supereffective|p1a: Brute Bonnet\n|-damage|p1a: Brute Bonnet|38\/100 tox\n|move|p1a: Brute Bonnet|Close Combat|p2a: Eternatus\n|-resisted|p2a: Eternatus\n|-damage|p2a: Eternatus|79\/100\n|-unboost|p1a: Brute Bonnet|def|1\n|-unboost|p1a: Brute Bonnet|spd|1\n|\n|-heal|p2a: Eternatus|85\/100|[from] item: Leftovers\n|-damage|p1a: Brute Bonnet|26\/100 tox|[from] psn\n|upkeep\n|turn|10\n|-message|Jesus 1313131313 forfeited.\n|\n|win|asdaxzcz\n|raw|Jesus 1313131313's rating: 1009 &rarr; <strong>1000<\/strong><br \/>(-9 for losing)\n|raw|asdaxzcz's rating: 1000 &rarr; <strong>1041<\/strong><br \/>(+41 for winning)\n|l|\u2606Jesus 1313131313\n|j|\u2606Jesus 1313131313\n|player|p1|Jesus 1313131313|169\n","uploadtime":1700513072,"views":1,"p1id":"jesus1313131313","p2id":"asdaxzcz","formatid":"gen9ubers","rating":1000,"private":0,"password":""}