{"id":"gen9ubers-1970117485","p1":"Laprasrules12","p2":"Mileage","format":"[Gen 9] Ubers","log":"|j|\u2606Laprasrules12\n|j|\u2606Mileage\n|t:|1697596076\n|gametype|singles\n|player|p1|Laprasrules12|lusamine-nihilego|\n|player|p2|Mileage|hilda|\n|teamsize|p1|6\n|teamsize|p2|6\n|gen|9\n|tier|[Gen 9] Ubers\n|rule|Sleep Clause Mod: Limit one foe put to sleep\n|rule|Species Clause: Limit one of each Pok\u00e9mon\n|rule|OHKO Clause: OHKO moves are banned\n|rule|Evasion Items Clause: Evasion items are banned\n|rule|Evasion Moves Clause: Evasion moves are banned\n|rule|Endless Battle Clause: Forcing endless battles is banned\n|rule|HP Percentage Mod: HP is shown in percentages\n|clearpoke\n|poke|p1|Arceus-Fighting|\n|poke|p1|Espathra, M|\n|poke|p1|Zacian-*|\n|poke|p1|Palkia-Origin|\n|poke|p1|Cyclizar, M|\n|poke|p1|Magearna-Original|\n|poke|p2|Chi-Yu|\n|poke|p2|Cyclizar, M|\n|poke|p2|Arceus-Poison|\n|poke|p2|Espathra, M|\n|poke|p2|Zacian-*|\n|poke|p2|Munkidori, M|\n|teampreview\n|inactive|Battle timer is ON: inactive players will automatically lose when time's up. (requested by Laprasrules12)\n|\n|t:|1697596096\n|start\n|switch|p1a: Say Gex|Cyclizar, M, shiny|100\/100\n|switch|p2a: Munkidori|Munkidori, M|100\/100\n|turn|1\n|\n|t:|1697596101\n|move|p2a: Munkidori|Fake Out|p1a: Say Gex\n|-damage|p1a: Say Gex|88\/100\n|-status|p1a: Say Gex|tox|[from] ability: Toxic Chain|[of] p2a: Munkidori\n|-damage|p2a: Munkidori|91\/100|[from] item: Life Orb\n|cant|p1a: Say Gex|flinch\n|\n|-damage|p1a: Say Gex|82\/100 tox|[from] psn\n|upkeep\n|turn|2\n|\n|t:|1697596108\n|move|p1a: Say Gex|Shed Tail|p1a: Say Gex\n|-start|p1a: Say Gex|Substitute|[from] move: Shed Tail\n|-damage|p1a: Say Gex|32\/100 tox\n|\n|t:|1697596110\n|switch|p1a: Pok\u00e9ball|Magearna-Original|100\/100|[from] Shed Tail\n|move|p2a: Munkidori|Psychic|p1a: Pok\u00e9ball\n|-resisted|p1a: Pok\u00e9ball\n|-activate|p1a: Pok\u00e9ball|move: Substitute|[damage]\n|-damage|p2a: Munkidori|81\/100|[from] item: Life Orb\n|\n|upkeep\n|turn|3\n|c|\u2606Laprasrules12|Misclick rip\n|\n|t:|1697596123\n|move|p2a: Munkidori|U-turn|p1a: Pok\u00e9ball\n|-resisted|p1a: Pok\u00e9ball\n|-activate|p1a: Pok\u00e9ball|move: Substitute|[damage]\n|-damage|p2a: Munkidori|71\/100|[from] item: Life Orb\n|\n|t:|1697596129\n|switch|p2a: Arceus|Arceus-Poison|100\/100|[from] U-turn\n|move|p1a: Pok\u00e9ball|Spikes|p2a: Arceus\n|-sidestart|p2: Mileage|Spikes\n|\n|upkeep\n|turn|4\n|\n|t:|1697596134\n|move|p2a: Arceus|Dragon Dance|p2a: Arceus\n|-boost|p2a: Arceus|atk|1\n|-boost|p2a: Arceus|spe|1\n|move|p1a: Pok\u00e9ball|Thunder Wave|p2a: Arceus\n|-status|p2a: Arceus|par\n|\n|upkeep\n|turn|5\n|\n|t:|1697596137\n|cant|p2a: Arceus|par\n|move|p1a: Pok\u00e9ball|Volt Switch|p2a: Arceus\n|-damage|p2a: Arceus|87\/100 par\n|\n|t:|1697596142\n|switch|p1a: Kratos|Arceus-Fighting, shiny|100\/100|[from] Volt Switch\n|\n|upkeep\n|turn|6\n|\n|t:|1697596153\n|-terastallize|p2a: Arceus|Ground\n|move|p1a: Kratos|Cosmic Power|p1a: Kratos\n|-boost|p1a: Kratos|def|1\n|-boost|p1a: Kratos|spd|1\n|move|p2a: Arceus|Earthquake|p1a: Kratos\n|-crit|p1a: Kratos\n|-damage|p1a: Kratos|34\/100\n|\n|upkeep\n|turn|7\n|\n|t:|1697596158\n|move|p1a: Kratos|Body Press|p2a: Arceus\n|-damage|p2a: Arceus|37\/100 par\n|move|p2a: Arceus|Earthquake|p1a: Kratos\n|-damage|p1a: Kratos|7\/100\n|\n|upkeep\n|turn|8\n|\n|t:|1697596165\n|move|p1a: Kratos|Recover|p1a: Kratos\n|-heal|p1a: Kratos|57\/100\n|move|p2a: Arceus|Earthquake|p1a: Kratos\n|-damage|p1a: Kratos|30\/100\n|\n|upkeep\n|turn|9\n|\n|t:|1697596169\n|move|p1a: Kratos|Body Press|p2a: Arceus\n|-damage|p2a: Arceus|0 fnt\n|faint|p2a: Arceus\n|\n|upkeep\n|\n|t:|1697596177\n|switch|p2a: Chi-Yu|Chi-Yu|100\/100\n|-damage|p2a: Chi-Yu|88\/100|[from] Spikes\n|-ability|p2a: Chi-Yu|Beads of Ruin\n|turn|10\n|\n|t:|1697596180\n|move|p2a: Chi-Yu|Dark Pulse|p1a: Kratos\n|-resisted|p1a: Kratos\n|-damage|p1a: Kratos|17\/100\n|move|p1a: Kratos|Body Press|p2a: Chi-Yu\n|-supereffective|p2a: Chi-Yu\n|-damage|p2a: Chi-Yu|0 fnt\n|faint|p2a: Chi-Yu\n|\n|upkeep\n|\n|t:|1697596191\n|switch|p2a: Espathra|Espathra, M|100\/100\n|-damage|p2a: Espathra|88\/100|[from] Spikes\n|turn|11\n|\n|t:|1697596196\n|switch|p1a: Cleopatra|Espathra, M, shiny|100\/100\n|move|p2a: Espathra|Substitute|p2a: Espathra\n|-start|p2a: Espathra|Substitute\n|-damage|p2a: Espathra|63\/100\n|\n|-heal|p2a: Espathra|69\/100|[from] item: Leftovers\n|-ability|p2a: Espathra|Speed Boost|boost\n|-boost|p2a: Espathra|spe|1\n|upkeep\n|turn|12\n|\n|t:|1697596199\n|move|p2a: Espathra|Calm Mind|p2a: Espathra\n|-boost|p2a: Espathra|spa|1\n|-boost|p2a: Espathra|spd|1\n|move|p1a: Cleopatra|Calm Mind|p1a: Cleopatra\n|-boost|p1a: Cleopatra|spa|1\n|-boost|p1a: Cleopatra|spd|1\n|\n|-heal|p2a: Espathra|75\/100|[from] item: Leftovers\n|-ability|p2a: Espathra|Speed Boost|boost\n|-boost|p2a: Espathra|spe|1\n|-ability|p1a: Cleopatra|Speed Boost|boost\n|-boost|p1a: Cleopatra|spe|1\n|upkeep\n|turn|13\n|\n|t:|1697596201\n|move|p2a: Espathra|Calm Mind|p2a: Espathra\n|-boost|p2a: Espathra|spa|1\n|-boost|p2a: Espathra|spd|1\n|move|p1a: Cleopatra|Calm Mind|p1a: Cleopatra\n|-boost|p1a: Cleopatra|spa|1\n|-boost|p1a: Cleopatra|spd|1\n|\n|-heal|p2a: Espathra|81\/100|[from] item: Leftovers\n|-ability|p2a: Espathra|Speed Boost|boost\n|-boost|p2a: Espathra|spe|1\n|-ability|p1a: Cleopatra|Speed Boost|boost\n|-boost|p1a: Cleopatra|spe|1\n|upkeep\n|turn|14\n|\n|t:|1697596203\n|move|p2a: Espathra|Calm Mind|p2a: Espathra\n|-boost|p2a: Espathra|spa|1\n|-boost|p2a: Espathra|spd|1\n|move|p1a: Cleopatra|Calm Mind|p1a: Cleopatra\n|-boost|p1a: Cleopatra|spa|1\n|-boost|p1a: Cleopatra|spd|1\n|\n|-heal|p2a: Espathra|88\/100|[from] item: Leftovers\n|-ability|p2a: Espathra|Speed Boost|boost\n|-boost|p2a: Espathra|spe|1\n|-ability|p1a: Cleopatra|Speed Boost|boost\n|-boost|p1a: Cleopatra|spe|1\n|upkeep\n|turn|15\n|\n|t:|1697596206\n|move|p2a: Espathra|Calm Mind|p2a: Espathra\n|-boost|p2a: Espathra|spa|1\n|-boost|p2a: Espathra|spd|1\n|move|p1a: Cleopatra|Stored Power|p2a: Espathra\n|-resisted|p2a: Espathra\n|-end|p2a: Espathra|Substitute\n|\n|-heal|p2a: Espathra|94\/100|[from] item: Leftovers\n|-ability|p2a: Espathra|Speed Boost|boost\n|-boost|p2a: Espathra|spe|1\n|-ability|p1a: Cleopatra|Speed Boost|boost\n|-boost|p1a: Cleopatra|spe|1\n|upkeep\n|turn|16\n|\n|t:|1697596211\n|move|p2a: Espathra|Stored Power|p1a: Cleopatra\n|-resisted|p1a: Cleopatra\n|-damage|p1a: Cleopatra|19\/100\n|move|p1a: Cleopatra|Calm Mind|p1a: Cleopatra\n|-boost|p1a: Cleopatra|spa|1\n|-boost|p1a: Cleopatra|spd|1\n|\n|-heal|p2a: Espathra|99\/100|[from] item: Leftovers\n|-heal|p1a: Cleopatra|25\/100|[from] item: Leftovers\n|-ability|p2a: Espathra|Speed Boost|boost\n|-boost|p2a: Espathra|spe|1\n|-ability|p1a: Cleopatra|Speed Boost|boost\n|-boost|p1a: Cleopatra|spe|1\n|upkeep\n|turn|17\n|\n|t:|1697596217\n|move|p1a: Cleopatra|Protect|p1a: Cleopatra\n|-singleturn|p1a: Cleopatra|Protect\n|move|p2a: Espathra|Stored Power|p1a: Cleopatra\n|-activate|p1a: Cleopatra|move: Protect\n|\n|-heal|p2a: Espathra|100\/100|[from] item: Leftovers\n|-heal|p1a: Cleopatra|31\/100|[from] item: Leftovers\n|-ability|p1a: Cleopatra|Speed Boost|boost\n|-boost|p1a: Cleopatra|spe|1\n|upkeep\n|turn|18\n|\n|t:|1697596220\n|move|p1a: Cleopatra|Stored Power|p2a: Espathra\n|-resisted|p2a: Espathra\n|-damage|p2a: Espathra|3\/100\n|move|p2a: Espathra|Stored Power|p1a: Cleopatra\n|-resisted|p1a: Cleopatra\n|-damage|p1a: Cleopatra|0 fnt\n|faint|p1a: Cleopatra\n|\n|-heal|p2a: Espathra|9\/100|[from] item: Leftovers\n|upkeep\n|c|\u2606Laprasrules12|NOOKOO\n|\n|t:|1697596226\n|switch|p1a: Pok\u00e9ball|Magearna-Original|100\/100\n|turn|19\n|c|\u2606Laprasrules12|Come on\n|\n|t:|1697596231\n|move|p2a: Espathra|Stored Power|p1a: Pok\u00e9ball\n|-resisted|p1a: Pok\u00e9ball\n|-damage|p1a: Pok\u00e9ball|12\/100\n|move|p1a: Pok\u00e9ball|Volt Switch|p2a: Espathra\n|-damage|p2a: Espathra|0 fnt\n|faint|p2a: Espathra\n|-ability|p1a: Pok\u00e9ball|Soul-Heart|boost\n|-boost|p1a: Pok\u00e9ball|spa|1\n|\n|t:|1697596237\n|switch|p1a: Kratos|Arceus-Fighting, shiny|17\/100|[from] Volt Switch\n|\n|upkeep\n|c|\u2606Laprasrules12|Anyways\n|\n|t:|1697596253\n|switch|p2a: Zacian|Zacian|100\/100\n|-damage|p2a: Zacian|88\/100|[from] Spikes\n|-ability|p2a: Zacian|Intrepid Sword|boost\n|-boost|p2a: Zacian|atk|1\n|turn|20\n|\n|t:|1697596256\n|move|p2a: Zacian|Play Rough|p1a: Kratos\n|-supereffective|p1a: Kratos\n|-damage|p1a: Kratos|0 fnt\n|faint|p1a: Kratos\n|\n|upkeep\n|\n|t:|1697596259\n|switch|p1a: Say Gex|Cyclizar, M, shiny|65\/100 tox\n|turn|21\n|\n|t:|1697596260\n|move|p1a: Say Gex|Shed Tail|p1a: Say Gex\n|-start|p1a: Say Gex|Substitute|[from] move: Shed Tail\n|-damage|p1a: Say Gex|15\/100 tox\n|\n|t:|1697596262\n|switch|p1a: Sif|Zacian, shiny|100\/100|[from] Shed Tail\n|-ability|p1a: Sif|Intrepid Sword|boost\n|-boost|p1a: Sif|atk|1\n|move|p2a: Zacian|Play Rough|p1a: Sif|[miss]\n|-miss|p2a: Zacian|p1a: Sif\n|\n|upkeep\n|turn|22\n|\n|t:|1697596265\n|move|p1a: Sif|Play Rough|p2a: Zacian\n|-damage|p2a: Zacian|9\/100\n|-damage|p1a: Sif|91\/100|[from] item: Life Orb\n|move|p2a: Zacian|Play Rough|p1a: Sif\n|-end|p1a: Sif|Substitute\n|\n|upkeep\n|turn|23\n|\n|t:|1697596270\n|move|p1a: Sif|Wild Charge|p2a: Zacian\n|-damage|p2a: Zacian|0 fnt\n|faint|p2a: Zacian\n|-damage|p1a: Sif|88\/100|[from] Recoil\n|-damage|p1a: Sif|79\/100|[from] item: Life Orb\n|\n|upkeep\n|\n|t:|1697596274\n|switch|p2a: Munkidori|Munkidori, M|71\/100\n|-damage|p2a: Munkidori|59\/100|[from] Spikes\n|turn|24\n|\n|t:|1697596278\n|switch|p1a: Pok\u00e9ball|Magearna-Original|12\/100\n|move|p2a: Munkidori|Psychic|p1a: Pok\u00e9ball\n|-resisted|p1a: Pok\u00e9ball\n|-damage|p1a: Pok\u00e9ball|0 fnt\n|faint|p1a: Pok\u00e9ball\n|-damage|p2a: Munkidori|49\/100|[from] item: Life Orb\n|\n|upkeep\n|\n|t:|1697596282\n|switch|p1a: Sif|Zacian, shiny|79\/100\n|turn|25\n|\n|t:|1697596285\n|move|p1a: Sif|Wild Charge|p2a: Munkidori\n|-damage|p2a: Munkidori|0 fnt\n|faint|p2a: Munkidori\n|-damage|p1a: Sif|67\/100|[from] Recoil\n|-damage|p1a: Sif|57\/100|[from] item: Life Orb\n|\n|upkeep\n|\n|t:|1697596288\n|switch|p2a: Cyclizar|Cyclizar, M|100\/100\n|turn|26\n|c|\u2606Laprasrules12|GG\n|\n|t:|1697596294\n|move|p1a: Sif|Close Combat|p2a: Cyclizar\n|-supereffective|p2a: Cyclizar\n|-damage|p2a: Cyclizar|0 fnt\n|-unboost|p1a: Sif|def|1\n|-unboost|p1a: Sif|spd|1\n|faint|p2a: Cyclizar\n|-damage|p1a: Sif|47\/100|[from] item: Life Orb\n|\n|win|Laprasrules12\n","uploadtime":1697596300,"views":29,"p1id":"laprasrules12","p2id":"mileage","formatid":"gen9ubers","rating":0,"private":0,"password":""}