{"id":"gen9ubers-1998464351","p1":"R3agan","p2":"Anurra","format":"[Gen 9] Ubers","log":"|j|\u2606R3agan\n|j|\u2606Anurra\n|t:|1700945250\n|gametype|singles\n|player|p1|R3agan|ethan|1036\n|player|p2|Anurra|hilbert|1053\n|teamsize|p1|6\n|teamsize|p2|6\n|gen|9\n|tier|[Gen 9] Ubers\n|rated|\n|rule|Sleep Clause Mod: Limit one foe put to sleep\n|rule|Species Clause: Limit one of each Pok\u00e9mon\n|rule|OHKO Clause: OHKO moves are banned\n|rule|Evasion Items Clause: Evasion items are banned\n|rule|Evasion Moves Clause: Evasion moves are banned\n|rule|Endless Battle Clause: Forcing endless battles is banned\n|rule|HP Percentage Mod: HP is shown in percentages\n|clearpoke\n|poke|p1|Ariados, F|\n|poke|p1|Gliscor, M|\n|poke|p1|Empoleon, M|\n|poke|p1|Krookodile, M|\n|poke|p1|Cetitan, F|\n|poke|p1|Arbok, M|\n|poke|p2|Masquerain, F|\n|poke|p2|Glimmora, F|\n|poke|p2|Toxapex, M|\n|poke|p2|Sneasler, M|\n|poke|p2|Munkidori, M|\n|poke|p2|Sinistcha-Masterpiece|\n|teampreview\n|inactive|Battle timer is ON: inactive players will automatically lose when time's up. (requested by Anurra)\n|\n|t:|1700945257\n|start\n|switch|p1a: Gliscor|Gliscor, M|100\/100\n|switch|p2a: Masquerain|Masquerain, F|100\/100\n|-ability|p2a: Masquerain|Intimidate|boost\n|-unboost|p1a: Gliscor|atk|1\n|turn|1\n|\n|t:|1700945279\n|move|p1a: Gliscor|Toxic|p2a: Masquerain\n|-status|p2a: Masquerain|tox\n|move|p2a: Masquerain|Quiver Dance|p2a: Masquerain\n|-boost|p2a: Masquerain|spa|1\n|-boost|p2a: Masquerain|spd|1\n|-boost|p2a: Masquerain|spe|1\n|\n|-damage|p2a: Masquerain|94\/100 tox|[from] psn\n|-status|p1a: Gliscor|tox|[from] item: Toxic Orb\n|upkeep\n|turn|2\n|\n|t:|1700945288\n|move|p2a: Masquerain|Ice Beam|p1a: Gliscor\n|-supereffective|p1a: Gliscor\n|-damage|p1a: Gliscor|0 fnt\n|faint|p1a: Gliscor\n|\n|-damage|p2a: Masquerain|82\/100 tox|[from] psn\n|upkeep\n|\n|t:|1700945295\n|switch|p1a: Empoleon|Empoleon, M, shiny|100\/100\n|turn|3\n|\n|t:|1700945313\n|move|p2a: Masquerain|Sticky Web|p1a: Empoleon\n|-sidestart|p1: R3agan|move: Sticky Web\n|move|p1a: Empoleon|Ice Beam|p2a: Masquerain\n|-supereffective|p2a: Masquerain\n|-damage|p2a: Masquerain|25\/100 tox\n|\n|-damage|p2a: Masquerain|7\/100 tox|[from] psn\n|upkeep\n|turn|4\n|\n|t:|1700945319\n|move|p2a: Masquerain|U-turn|p1a: Empoleon\n|-resisted|p1a: Empoleon\n|-damage|p1a: Empoleon|92\/100\n|\n|t:|1700945335\n|switch|p2a: Glimmora|Glimmora, F|100\/100|[from] U-turn\n|move|p1a: Empoleon|Agility|p1a: Empoleon\n|-boost|p1a: Empoleon|spe|2\n|\n|upkeep\n|turn|5\n|\n|t:|1700945355\n|move|p1a: Empoleon|Hydro Pump|p2a: Glimmora\n|-supereffective|p2a: Glimmora\n|-crit|p2a: Glimmora\n|-enditem|p2a: Glimmora|Focus Sash\n|-damage|p2a: Glimmora|1\/100\n|move|p2a: Glimmora|Energy Ball|p1a: Empoleon\n|-damage|p1a: Empoleon|57\/100\n|\n|upkeep\n|turn|6\n|\n|t:|1700945366\n|switch|p2a: Masquerain|Masquerain, F|7\/100 tox\n|-ability|p2a: Masquerain|Intimidate|boost\n|-unboost|p1a: Empoleon|atk|1\n|-ability|p1a: Empoleon|Competitive|boost\n|-boost|p1a: Empoleon|spa|2\n|move|p1a: Empoleon|Hydro Pump|p2a: Masquerain\n|-damage|p2a: Masquerain|0 fnt\n|faint|p2a: Masquerain\n|\n|upkeep\n|\n|t:|1700945381\n|switch|p2a: Sneasler|Sneasler, M|100\/100\n|turn|7\n|\n|t:|1700945389\n|move|p1a: Empoleon|Hydro Pump|p2a: Sneasler\n|-enditem|p2a: Sneasler|Focus Sash\n|-damage|p2a: Sneasler|1\/100\n|move|p2a: Sneasler|Swords Dance|p2a: Sneasler\n|-boost|p2a: Sneasler|atk|2\n|\n|upkeep\n|turn|8\n|\n|t:|1700945396\n|move|p2a: Sneasler|Close Combat|p1a: Empoleon\n|-supereffective|p1a: Empoleon\n|-damage|p1a: Empoleon|0 fnt\n|-unboost|p2a: Sneasler|def|1\n|-unboost|p2a: Sneasler|spd|1\n|faint|p1a: Empoleon\n|\n|upkeep\n|\n|t:|1700945400\n|switch|p1a: Cetitan|Cetitan, F|100\/100\n|-activate|p1a: Cetitan|move: Sticky Web\n|-unboost|p1a: Cetitan|spe|1\n|turn|9\n|\n|t:|1700945409\n|move|p2a: Sneasler|Dire Claw|p1a: Cetitan\n|-damage|p1a: Cetitan|15\/100\n|-status|p1a: Cetitan|slp\n|-enditem|p1a: Cetitan|Sitrus Berry|[eat]\n|-heal|p1a: Cetitan|40\/100 slp|[from] item: Sitrus Berry\n|cant|p1a: Cetitan|slp\n|\n|upkeep\n|turn|10\n|\n|t:|1700945418\n|move|p2a: Sneasler|Dire Claw|p1a: Cetitan\n|-damage|p1a: Cetitan|0 fnt\n|faint|p1a: Cetitan\n|\n|upkeep\n|\n|t:|1700945426\n|switch|p1a: Arbok|Arbok, M|100\/100\n|-activate|p1a: Arbok|move: Sticky Web\n|-unboost|p1a: Arbok|spe|1\n|turn|11\n|\n|t:|1700945434\n|move|p2a: Sneasler|Close Combat|p1a: Arbok\n|-resisted|p1a: Arbok\n|-damage|p1a: Arbok|0 fnt\n|-unboost|p2a: Sneasler|def|1\n|-unboost|p2a: Sneasler|spd|1\n|faint|p1a: Arbok\n|\n|upkeep\n|\n|t:|1700945438\n|switch|p1a: Krookodile|Krookodile, M|100\/100\n|-activate|p1a: Krookodile|move: Sticky Web\n|-unboost|p1a: Krookodile|spe|1\n|turn|12\n|\n|t:|1700945459\n|move|p2a: Sneasler|Close Combat|p1a: Krookodile\n|-supereffective|p1a: Krookodile\n|-damage|p1a: Krookodile|0 fnt\n|-unboost|p2a: Sneasler|def|1\n|-unboost|p2a: Sneasler|spd|1\n|faint|p1a: Krookodile\n|\n|upkeep\n|\n|t:|1700945463\n|switch|p1a: Ariados|Ariados, F, shiny|100\/100\n|-activate|p1a: Ariados|move: Sticky Web\n|-unboost|p1a: Ariados|spe|1\n|turn|13\n|\n|t:|1700945469\n|-terastallize|p1a: Ariados|Dark\n|move|p1a: Ariados|Sucker Punch|p2a: Sneasler\n|-resisted|p2a: Sneasler\n|-damage|p2a: Sneasler|0 fnt\n|faint|p2a: Sneasler\n|\n|upkeep\n|\n|t:|1700945476\n|switch|p2a: Sinistcha|Sinistcha-Masterpiece|100\/100\n|turn|14\n|\n|t:|1700945482\n|move|p2a: Sinistcha|Strength Sap|p1a: Ariados\n|-unboost|p1a: Ariados|atk|1\n|move|p1a: Ariados|Swords Dance|p1a: Ariados\n|-boost|p1a: Ariados|atk|2\n|\n|upkeep\n|turn|15\n|\n|t:|1700945491\n|move|p2a: Sinistcha|Matcha Gotcha|p1a: Ariados\n|-damage|p1a: Ariados|48\/100\n|move|p1a: Ariados|Swords Dance|p1a: Ariados\n|-boost|p1a: Ariados|atk|2\n|\n|upkeep\n|turn|16\n|\n|t:|1700945511\n|-terastallize|p2a: Sinistcha|Grass\n|move|p2a: Sinistcha|Strength Sap|p1a: Ariados\n|-unboost|p1a: Ariados|atk|1\n|move|p1a: Ariados|Cross Poison|p2a: Sinistcha\n|-supereffective|p2a: Sinistcha\n|-crit|p2a: Sinistcha\n|-damage|p2a: Sinistcha|0 fnt\n|-damage|p1a: Ariados|31\/100|[from] item: Rocky Helmet|[of] p2a: Sinistcha\n|faint|p2a: Sinistcha\n|\n|upkeep\n|\n|t:|1700945522\n|switch|p2a: Glimmora|Glimmora, F|1\/100\n|turn|17\n|\n|t:|1700945531\n|move|p1a: Ariados|Sucker Punch|p2a: Glimmora\n|-damage|p2a: Glimmora|0 fnt\n|-activate|p2a: Glimmora|ability: Toxic Debris\n|-sidestart|p1: R3agan|move: Toxic Spikes\n|faint|p2a: Glimmora\n|\n|upkeep\n|\n|t:|1700945537\n|switch|p2a: Toxapex|Toxapex, M|100\/100\n|turn|18\n|\n|t:|1700945542\n|move|p1a: Ariados|Leech Life|p2a: Toxapex\n|-resisted|p2a: Toxapex\n|-damage|p2a: Toxapex|71\/100\n|-heal|p1a: Ariados|47\/100|[from] drain|[of] p2a: Toxapex\n|move|p2a: Toxapex|Infestation|p1a: Ariados\n|-supereffective|p1a: Ariados\n|-damage|p1a: Ariados|33\/100\n|-activate|p1a: Ariados|move: Infestation|[of] p2a: Toxapex\n|\n|-damage|p1a: Ariados|21\/100|[from] move: Infestation|[partiallytrapped]\n|upkeep\n|turn|19\n|\n|t:|1700945552\n|move|p1a: Ariados|Cross Poison|p2a: Toxapex\n|-resisted|p2a: Toxapex\n|-damage|p2a: Toxapex|46\/100\n|move|p2a: Toxapex|Ice Beam|p1a: Ariados\n|-damage|p1a: Ariados|0 fnt\n|faint|p1a: Ariados\n|\n|win|Anurra\n|raw|R3agan's rating: 1036 &rarr; <strong>1021<\/strong><br \/>(-15 for losing)\n|raw|Anurra's rating: 1053 &rarr; <strong>1083<\/strong><br \/>(+30 for winning)\n|c|\u2606R3agan|ggwp\n","uploadtime":1700945563,"views":5,"p1id":"r3agan","p2id":"anurra","formatid":"gen9ubers","rating":1021,"private":0,"password":""}