{"id":"gen9ubers-1980732289","p1":"qwerman234","p2":"Kyronwithaz","format":"[Gen 9] Ubers","log":"|j|\u2606qwerman234\n|j|\u2606Kyronwithaz\n|t:|1698821613\n|gametype|singles\n|player|p1|qwerman234|gambler|1284\n|player|p2|Kyronwithaz|170|1131\n|teamsize|p1|6\n|teamsize|p2|6\n|gen|9\n|tier|[Gen 9] Ubers\n|rated|\n|rule|Sleep Clause Mod: Limit one foe put to sleep\n|rule|Species Clause: Limit one of each Pok\u00e9mon\n|rule|OHKO Clause: OHKO moves are banned\n|rule|Evasion Items Clause: Evasion items are banned\n|rule|Evasion Moves Clause: Evasion moves are banned\n|rule|Endless Battle Clause: Forcing endless battles is banned\n|rule|HP Percentage Mod: HP is shown in percentages\n|clearpoke\n|poke|p1|Arceus|\n|poke|p1|Cyclizar, F|\n|poke|p1|Maushold-Four|\n|poke|p1|Zoroark-Hisui, M|\n|poke|p1|Ditto|\n|poke|p1|Ursaluna-Bloodmoon, M|\n|poke|p2|Espathra, F|\n|poke|p2|Volcarona, F|\n|poke|p2|Iron Bundle|\n|poke|p2|Garganacl, M|\n|poke|p2|Ditto|\n|poke|p2|Sableye, M|\n|teampreview\n|inactive|Battle timer is ON: inactive players will automatically lose when time's up. (requested by Kyronwithaz)\n|inactive|qwerman234 also wants the timer to be on.\n|\n|t:|1698821623\n|start\n|switch|p1a: toyota corolla|Cyclizar, F|100\/100\n|switch|p2a: I set up|Sableye, M, shiny|100\/100\n|turn|1\n|\n|t:|1698821628\n|move|p2a: I set up|Light Screen|p2a: I set up\n|-sidestart|p2: Kyronwithaz|move: Light Screen\n|move|p1a: toyota corolla|Shed Tail|p1a: toyota corolla\n|-start|p1a: toyota corolla|Substitute|[from] move: Shed Tail\n|-damage|p1a: toyota corolla|50\/100\n|\n|t:|1698821640\n|switch|p1a: God of llamas|Arceus|100\/100|[from] Shed Tail\n|\n|upkeep\n|turn|2\n|\n|t:|1698821644\n|move|p2a: I set up|Reflect|p2a: I set up\n|-sidestart|p2: Kyronwithaz|Reflect\n|move|p1a: God of llamas|Swords Dance|p1a: God of llamas\n|-boost|p1a: God of llamas|atk|2\n|\n|upkeep\n|turn|3\n|\n|t:|1698821654\n|switch|p2a: wall|Garganacl, M|100\/100\n|move|p1a: God of llamas|Swords Dance|p1a: God of llamas\n|-boost|p1a: God of llamas|atk|2\n|\n|upkeep\n|turn|4\n|\n|t:|1698821660\n|-terastallize|p2a: wall|Ghost\n|move|p1a: God of llamas|Earthquake|p2a: wall\n|-damage|p2a: wall|66\/100\n|move|p2a: wall|Curse|p1a: God of llamas\n|-start|p1a: God of llamas|Curse|[of] p2a: wall\n|-damage|p2a: wall|16\/100\n|\n|-heal|p2a: wall|22\/100|[from] item: Leftovers\n|-damage|p1a: God of llamas|75\/100|[from] Curse\n|upkeep\n|turn|5\n|\n|t:|1698821668\n|move|p1a: God of llamas|Earthquake|p2a: wall\n|-damage|p2a: wall|0 fnt\n|faint|p2a: wall\n|\n|-heal|p1a: God of llamas|82\/100|[from] item: Leftovers\n|-damage|p1a: God of llamas|57\/100|[from] Curse\n|upkeep\n|\n|t:|1698821674\n|switch|p2a: Clone Sweep|Ditto, shiny|100\/100\n|turn|6\n|\n|t:|1698821680\n|move|p1a: God of llamas|Extreme Speed|p2a: Clone Sweep\n|-damage|p2a: Clone Sweep|0 fnt\n|faint|p2a: Clone Sweep\n|\n|-heal|p1a: God of llamas|63\/100|[from] item: Leftovers\n|-damage|p1a: God of llamas|38\/100|[from] Curse\n|upkeep\n|\n|t:|1698821690\n|switch|p2a: I set up|Sableye, M, shiny|100\/100\n|turn|7\n|\n|t:|1698821694\n|move|p1a: God of llamas|Earthquake|p2a: I set up\n|-damage|p2a: I set up|32\/100\n|move|p2a: I set up|Poltergeist|p1a: God of llamas\n|-immune|p1a: God of llamas\n|\n|-heal|p1a: God of llamas|44\/100|[from] item: Leftovers\n|-damage|p1a: God of llamas|19\/100|[from] Curse\n|upkeep\n|turn|8\n|\n|t:|1698821699\n|move|p2a: I set up|Will-O-Wisp||[still]\n|-fail|p2a: I set up\n|move|p1a: God of llamas|Earthquake|p2a: I set up\n|-damage|p2a: I set up|0 fnt\n|faint|p2a: I set up\n|\n|-heal|p1a: God of llamas|25\/100|[from] item: Leftovers\n|-damage|p1a: God of llamas|0 fnt|[from] Curse\n|faint|p1a: God of llamas\n|-sideend|p2: Kyronwithaz|move: Light Screen\n|upkeep\n|\n|t:|1698821705\n|switch|p1a: toyota corolla|Cyclizar, F|83\/100\n|switch|p2a: Speed sweep|Espathra, F|100\/100\n|turn|9\n|\n|t:|1698821708\n|move|p1a: toyota corolla|Shed Tail|p1a: toyota corolla\n|-start|p1a: toyota corolla|Substitute|[from] move: Shed Tail\n|-damage|p1a: toyota corolla|33\/100\n|\n|t:|1698821713\n|switch|p1a: moon man|Ursaluna-Bloodmoon, M|100\/100|[from] Shed Tail\n|move|p2a: Speed sweep|Calm Mind|p2a: Speed sweep\n|-boost|p2a: Speed sweep|spa|1\n|-boost|p2a: Speed sweep|spd|1\n|\n|-sideend|p2: Kyronwithaz|Reflect\n|-ability|p2a: Speed sweep|Speed Boost|boost\n|-boost|p2a: Speed sweep|spe|1\n|upkeep\n|turn|10\n|c|\u2606Kyronwithaz|i strongly dislike you\n|\n|t:|1698821718\n|move|p2a: Speed sweep|Stored Power|p1a: moon man\n|-end|p1a: moon man|Substitute\n|move|p1a: moon man|Shadow Ball|p2a: Speed sweep\n|-supereffective|p2a: Speed sweep\n|-damage|p2a: Speed sweep|0 fnt\n|faint|p2a: Speed sweep\n|\n|upkeep\n|\n|t:|1698821721\n|switch|p2a: Cold sweep|Iron Bundle|100\/100\n|-enditem|p2a: Cold sweep|Booster Energy\n|-activate|p2a: Cold sweep|ability: Quark Drive|[fromitem]\n|-start|p2a: Cold sweep|quarkdrivespe\n|turn|11\n|\n|t:|1698821725\n|move|p2a: Cold sweep|Ice Beam|p1a: moon man\n|-damage|p1a: moon man|10\/100\n|replace|p1a: Bamboozled|Zoroark-Hisui, M\n|-end|p1a: Bamboozled|Illusion\n|move|p1a: Bamboozled|Shadow Ball|p2a: Cold sweep\n|-damage|p2a: Cold sweep|0 fnt\n|faint|p2a: Cold sweep\n|-end|p2a: Cold sweep|Quark Drive|[silent]\n|\n|upkeep\n|-message|Kyronwithaz forfeited.\n|\n|win|qwerman234\n|raw|qwerman234's rating: 1284 &rarr; <strong>1299<\/strong><br \/>(+15 for winning)\n|raw|Kyronwithaz's rating: 1131 &rarr; <strong>1116<\/strong><br \/>(-15 for losing)\n|l|\u2606Kyronwithaz\n","uploadtime":1698821757,"views":11,"p1id":"qwerman234","p2id":"kyronwithaz","formatid":"gen9ubers","rating":1116,"private":0,"password":""}