{"id":"gen9ubers-1969269319","p1":"Oomaester1234","p2":"XpokVEVO","format":"[Gen 9] Ubers","log":"|j|\u2606Oomaester1234\n|j|\u2606XpokVEVO\n|t:|1697508087\n|gametype|singles\n|player|p1|Oomaester1234|teamrocket|\n|player|p2|XpokVEVO|mustard|\n|teamsize|p1|6\n|teamsize|p2|6\n|gen|9\n|tier|[Gen 9] Ubers\n|rule|Sleep Clause Mod: Limit one foe put to sleep\n|rule|Species Clause: Limit one of each Pok\u00e9mon\n|rule|OHKO Clause: OHKO moves are banned\n|rule|Evasion Items Clause: Evasion items are banned\n|rule|Evasion Moves Clause: Evasion moves are banned\n|rule|Endless Battle Clause: Forcing endless battles is banned\n|rule|HP Percentage Mod: HP is shown in percentages\n|clearpoke\n|poke|p1|Spectrier|\n|poke|p1|Dialga|\n|poke|p1|Iron Valiant|\n|poke|p1|Moltres|\n|poke|p1|Palafin, F|\n|poke|p1|Cyclizar, F|\n|poke|p2|Arceus-Fire|\n|poke|p2|Shaymin-Sky|\n|poke|p2|Cyclizar, M|\n|poke|p2|Espathra, M|\n|poke|p2|Magearna|\n|poke|p2|Sneasler, F|\n|teampreview\n|c|\u2606Oomaester1234|idk how this teams gonna do\n|c|\u2606Oomaester1234|but\n|\n|t:|1697508105\n|start\n|switch|p1a: Dialga|Dialga|100\/100\n|switch|p2a: Akira|Cyclizar, M|100\/100\n|-ability|p1a: Dialga|Pressure\n|turn|1\n|\n|t:|1697508119\n|move|p2a: Akira|Shed Tail|p2a: Akira\n|-start|p2a: Akira|Substitute|[from] move: Shed Tail\n|-damage|p2a: Akira|50\/100\n|\n|t:|1697508120\n|switch|p2a: Aunt Fanny|Magearna|100\/100|[from] Shed Tail\n|move|p1a: Dialga|Fire Blast|p2a: Aunt Fanny\n|-supereffective|p2a: Aunt Fanny\n|-end|p2a: Aunt Fanny|Substitute\n|\n|upkeep\n|turn|2\n|\n|t:|1697508144\n|switch|p2a: Arceus-Fight\u0131ng|Arceus-Fire, shiny|100\/100\n|move|p1a: Dialga|Stealth Rock|p2a: Arceus-Fight\u0131ng\n|-sidestart|p2: XpokVEVO|move: Stealth Rock\n|\n|upkeep\n|turn|3\n|\n|t:|1697508157\n|move|p2a: Arceus-Fight\u0131ng|Dragon Dance|p2a: Arceus-Fight\u0131ng\n|-boost|p2a: Arceus-Fight\u0131ng|atk|1\n|-boost|p2a: Arceus-Fight\u0131ng|spe|1\n|move|p1a: Dialga|Dragon Tail|p2a: Arceus-Fight\u0131ng\n|-damage|p2a: Arceus-Fight\u0131ng|83\/100\n|drag|p2a: Sonic|Shaymin-Sky, shiny|100\/100\n|-damage|p2a: Sonic|76\/100|[from] Stealth Rock\n|\n|upkeep\n|turn|4\n|\n|t:|1697508166\n|switch|p1a: Palafin|Palafin, F|100\/100\n|move|p2a: Sonic|Earth Power|p1a: Palafin\n|-damage|p1a: Palafin|47\/100\n|-damage|p2a: Sonic|66\/100|[from] item: Life Orb\n|\n|upkeep\n|turn|5\n|\n|t:|1697508175\n|detailschange|p1a: Palafin|Palafin-Hero, F\n|switch|p1a: ho oh|Moltres, shiny|100\/100\n|move|p2a: Sonic|Air Slash|p1a: ho oh\n|-damage|p1a: ho oh|68\/100\n|-damage|p2a: Sonic|56\/100|[from] item: Life Orb\n|\n|upkeep\n|turn|6\n|\n|t:|1697508181\n|move|p2a: Sonic|Air Slash|p1a: ho oh\n|-damage|p1a: ho oh|35\/100\n|-damage|p2a: Sonic|46\/100|[from] item: Life Orb\n|move|p1a: ho oh|Flamethrower|p2a: Sonic\n|-supereffective|p2a: Sonic\n|-damage|p2a: Sonic|0 fnt\n|faint|p2a: Sonic\n|\n|upkeep\n|\n|t:|1697508187\n|switch|p2a: Akira|Cyclizar, M|84\/100\n|-damage|p2a: Akira|71\/100|[from] Stealth Rock\n|turn|7\n|\n|t:|1697508193\n|move|p2a: Akira|Knock Off|p1a: ho oh\n|-damage|p1a: ho oh|12\/100\n|-enditem|p1a: ho oh|Heavy-Duty Boots|[from] move: Knock Off|[of] p2a: Akira\n|move|p1a: ho oh|Roost|p1a: ho oh\n|-heal|p1a: ho oh|62\/100\n|-singleturn|p1a: ho oh|move: Roost\n|\n|upkeep\n|turn|8\n|\n|t:|1697508197\n|move|p2a: Akira|Taunt|p1a: ho oh\n|-start|p1a: ho oh|move: Taunt\n|move|p1a: ho oh|Hurricane|p2a: Akira\n|-damage|p2a: Akira|1\/100\n|-start|p2a: Akira|confusion\n|-enditem|p2a: Akira|Aguav Berry|[eat]\n|-heal|p2a: Akira|34\/100|[from] item: Aguav Berry\n|\n|upkeep\n|turn|9\n|\n|t:|1697508207\n|-activate|p2a: Akira|confusion\n|-damage|p2a: Akira|21\/100|[from] confusion\n|move|p1a: ho oh|Hurricane|p2a: Akira\n|-damage|p2a: Akira|0 fnt\n|faint|p2a: Akira\n|\n|upkeep\n|\n|t:|1697508215\n|switch|p2a: Arceus-Fight\u0131ng|Arceus-Fire, shiny|83\/100\n|-damage|p2a: Arceus-Fight\u0131ng|58\/100|[from] Stealth Rock\n|turn|10\n|\n|t:|1697508217\n|move|p2a: Arceus-Fight\u0131ng|Dragon Dance|p2a: Arceus-Fight\u0131ng\n|-boost|p2a: Arceus-Fight\u0131ng|atk|1\n|-boost|p2a: Arceus-Fight\u0131ng|spe|1\n|move|p1a: ho oh|U-turn|p2a: Arceus-Fight\u0131ng\n|-resisted|p2a: Arceus-Fight\u0131ng\n|-damage|p2a: Arceus-Fight\u0131ng|53\/100\n|\n|t:|1697508220\n|switch|p1a: Dialga|Dialga|100\/100|[from] U-turn\n|-ability|p1a: Dialga|Pressure\n|\n|upkeep\n|turn|11\n|\n|t:|1697508223\n|move|p2a: Arceus-Fight\u0131ng|Flare Blitz|p1a: Dialga\n|-damage|p1a: Dialga|22\/100\n|-damage|p2a: Arceus-Fight\u0131ng|25\/100|[from] Recoil\n|move|p1a: Dialga|Draco Meteor|p2a: Arceus-Fight\u0131ng\n|-damage|p2a: Arceus-Fight\u0131ng|0 fnt\n|-unboost|p1a: Dialga|spa|2\n|faint|p2a: Arceus-Fight\u0131ng\n|\n|-heal|p1a: Dialga|28\/100|[from] item: Leftovers\n|upkeep\n|\n|t:|1697508235\n|switch|p2a: Aunt Fanny|Magearna|100\/100\n|-damage|p2a: Aunt Fanny|95\/100|[from] Stealth Rock\n|turn|12\n|\n|t:|1697508248\n|switch|p1a: ho oh|Moltres, shiny|62\/100\n|move|p2a: Aunt Fanny|Shift Gear|p2a: Aunt Fanny\n|-boost|p2a: Aunt Fanny|spe|2\n|-boost|p2a: Aunt Fanny|atk|1\n|\n|upkeep\n|turn|13\n|\n|t:|1697508277\n|move|p2a: Aunt Fanny|Volt Switch|p1a: ho oh\n|-supereffective|p1a: ho oh\n|-damage|p1a: ho oh|16\/100\n|-damage|p2a: Aunt Fanny|85\/100|[from] item: Life Orb\n|\n|t:|1697508280\n|switch|p2a: I miss this I kms|Sneasler, F|100\/100|[from] Volt Switch\n|-damage|p2a: I miss this I kms|95\/100|[from] Stealth Rock\n|move|p1a: ho oh|Flamethrower|p2a: I miss this I kms\n|-damage|p2a: I miss this I kms|45\/100\n|\n|upkeep\n|turn|14\n|\n|t:|1697508285\n|move|p2a: I miss this I kms|Fake Out|p1a: ho oh\n|-crit|p1a: ho oh\n|-damage|p1a: ho oh|0 fnt\n|faint|p1a: ho oh\n|\n|upkeep\n|\n|t:|1697508290\n|switch|p1a: Palafin|Palafin-Hero, F|47\/100\n|-activate|p1a: Palafin|ability: Zero to Hero\n|turn|15\n|\n|t:|1697508296\n|-terastallize|p1a: Palafin|Water\n|move|p1a: Palafin|Jet Punch|p2a: I miss this I kms\n|-damage|p2a: I miss this I kms|0 fnt\n|faint|p2a: I miss this I kms\n|\n|upkeep\n|\n|t:|1697508302\n|switch|p2a: Emu War|Espathra, M|100\/100\n|-damage|p2a: Emu War|88\/100|[from] Stealth Rock\n|turn|16\n|\n|t:|1697508306\n|move|p2a: Emu War|Protect|p2a: Emu War\n|-singleturn|p2a: Emu War|Protect\n|move|p1a: Palafin|Bulk Up|p1a: Palafin\n|-boost|p1a: Palafin|atk|1\n|-boost|p1a: Palafin|def|1\n|\n|-ability|p2a: Emu War|Speed Boost|boost\n|-boost|p2a: Emu War|spe|1\n|upkeep\n|turn|17\n|\n|t:|1697508308\n|move|p1a: Palafin|Jet Punch|p2a: Emu War\n|-damage|p2a: Emu War|0 fnt\n|faint|p2a: Emu War\n|\n|upkeep\n|\n|t:|1697508311\n|switch|p2a: Aunt Fanny|Magearna|85\/100\n|-damage|p2a: Aunt Fanny|79\/100|[from] Stealth Rock\n|turn|18\n|c|\u2606XpokVEVO|re\n|c|\u2606Oomaester1234|ggs\n|\n|t:|1697508319\n|move|p1a: Palafin|Jet Punch|p2a: Aunt Fanny\n|-damage|p2a: Aunt Fanny|0 fnt\n|faint|p2a: Aunt Fanny\n|\n|win|Oomaester1234\n|l|\u2606XpokVEVO\n|c|\u2606Oomaester1234|do u like the new team\n","uploadtime":1697508345,"views":23,"p1id":"oomaester1234","p2id":"xpokvevo","formatid":"gen9ubers","rating":0,"private":0,"password":""}