{"id":"gen9ubers-1991255582","p1":"I am a nooooob","p2":"Aviated_Froakie","format":"[Gen 9] Ubers","log":"|j|\u2606I am a nooooob\n|j|\u2606Aviated_Froakie\n|t:|1700061734\n|gametype|singles\n|player|p1|I am a nooooob|veteran|1047\n|player|p2|Aviated_Froakie|n|1035\n|teamsize|p1|6\n|teamsize|p2|6\n|gen|9\n|tier|[Gen 9] Ubers\n|rated|\n|rule|Sleep Clause Mod: Limit one foe put to sleep\n|rule|Species Clause: Limit one of each Pok\u00e9mon\n|rule|OHKO Clause: OHKO moves are banned\n|rule|Evasion Items Clause: Evasion items are banned\n|rule|Evasion Moves Clause: Evasion moves are banned\n|rule|Endless Battle Clause: Forcing endless battles is banned\n|rule|HP Percentage Mod: HP is shown in percentages\n|clearpoke\n|poke|p1|Eternatus|\n|poke|p1|Annihilape, M|\n|poke|p1|Rayquaza|\n|poke|p1|Volcarona, M|\n|poke|p1|Zacian-*|\n|poke|p1|Palafin, F|\n|poke|p2|Samurott-Hisui, M|\n|poke|p2|Cinderace, M|\n|poke|p2|Ogerpon, F|\n|poke|p2|Arcanine-Hisui, M|\n|poke|p2|Quaquaval, F|\n|poke|p2|Gliscor, M|\n|teampreview\n|c|\u2606Aviated_Froakie|\ud83d\udc80\n|\n|t:|1700061763\n|start\n|switch|p1a: Weak|Zacian-Crowned|100\/100\n|switch|p2a: \ud83c\udf82|Quaquaval, F|100\/100\n|-ability|p1a: Weak|Intrepid Sword|boost\n|-boost|p1a: Weak|atk|1\n|turn|1\n|\n|t:|1700061782\n|move|p1a: Weak|Swords Dance|p1a: Weak\n|-boost|p1a: Weak|atk|2\n|move|p2a: \ud83c\udf82|Aqua Step|p1a: Weak\n|-damage|p1a: Weak|61\/100\n|-boost|p2a: \ud83c\udf82|spe|1\n|\n|upkeep\n|turn|2\n|\n|t:|1700061796\n|move|p2a: \ud83c\udf82|Close Combat|p1a: Weak\n|-damage|p1a: Weak|3\/100\n|-unboost|p2a: \ud83c\udf82|def|1\n|-unboost|p2a: \ud83c\udf82|spd|1\n|move|p1a: Weak|Behemoth Blade|p2a: \ud83c\udf82\n|-resisted|p2a: \ud83c\udf82\n|-damage|p2a: \ud83c\udf82|0 fnt\n|faint|p2a: \ud83c\udf82\n|\n|upkeep\n|\n|t:|1700061806\n|switch|p2a: Nimbus|Arcanine-Hisui, M, shiny|100\/100\n|-item|p2a: Nimbus|Air Balloon\n|turn|3\n|\n|t:|1700061811\n|move|p2a: Nimbus|Extreme Speed|p1a: Weak\n|-resisted|p1a: Weak\n|-damage|p1a: Weak|0 fnt\n|faint|p1a: Weak\n|\n|upkeep\n|\n|t:|1700061819\n|switch|p1a: Dolphin|Palafin, F|100\/100\n|turn|4\n|\n|t:|1700061843\n|-terastallize|p2a: Nimbus|Grass\n|move|p1a: Dolphin|Flip Turn|p2a: Nimbus\n|-resisted|p2a: Nimbus\n|-damage|p2a: Nimbus|78\/100\n|-enditem|p2a: Nimbus|Air Balloon\n|\n|t:|1700061850\n|detailschange|p1a: Dolphin|Palafin-Hero, F\n|switch|p1a: Snake|Rayquaza|100\/100|[from] Flip Turn\n|-ability|p1a: Snake|Air Lock\n|move|p2a: Nimbus|Tera Blast|p1a: Snake|[anim] Tera Blast Grass\n|-resisted|p1a: Snake\n|-damage|p1a: Snake|91\/100\n|\n|upkeep\n|turn|5\n|\n|t:|1700061864\n|move|p1a: Snake|Dragon Dance|p1a: Snake\n|-boost|p1a: Snake|atk|1\n|-boost|p1a: Snake|spe|1\n|move|p2a: Nimbus|Head Smash|p1a: Snake\n|-supereffective|p1a: Snake\n|-damage|p1a: Snake|0 fnt\n|faint|p1a: Snake\n|\n|upkeep\n|\n|t:|1700061871\n|switch|p1a: Emo|Annihilape, M|100\/100\n|turn|6\n|\n|t:|1700061876\n|move|p1a: Emo|Close Combat|p2a: Nimbus\n|-damage|p2a: Nimbus|0 fnt\n|-unboost|p1a: Emo|def|1\n|-unboost|p1a: Emo|spd|1\n|faint|p2a: Nimbus\n|\n|upkeep\n|\n|t:|1700061893\n|switch|p2a: Goober|Ogerpon, F|100\/100\n|turn|7\n|\n|t:|1700061905\n|switch|p1a: Dolphin|Palafin-Hero, F|100\/100\n|-activate|p1a: Dolphin|ability: Zero to Hero\n|move|p2a: Goober|Swords Dance|p2a: Goober\n|-boost|p2a: Goober|atk|2\n|\n|upkeep\n|turn|8\n|\n|t:|1700061918\n|move|p2a: Goober|Ivy Cudgel|p1a: Dolphin\n|-supereffective|p1a: Dolphin\n|-damage|p1a: Dolphin|0 fnt\n|faint|p1a: Dolphin\n|\n|upkeep\n|\n|t:|1700061924\n|switch|p1a: Gay|Eternatus|100\/100\n|-ability|p1a: Gay|Pressure\n|turn|9\n|\n|t:|1700061931\n|move|p1a: Gay|Dynamax Cannon|p2a: Goober\n|-damage|p2a: Goober|48\/100\n|move|p2a: Goober|Zen Headbutt|p1a: Gay\n|-supereffective|p1a: Gay\n|-damage|p1a: Gay|17\/100\n|\n|-heal|p1a: Gay|23\/100|[from] item: Leftovers\n|upkeep\n|turn|10\n|\n|t:|1700061942\n|move|p1a: Gay|Recover|p1a: Gay\n|-heal|p1a: Gay|73\/100\n|move|p2a: Goober|Knock Off|p1a: Gay\n|-damage|p1a: Gay|25\/100\n|-enditem|p1a: Gay|Leftovers|[from] move: Knock Off|[of] p2a: Goober\n|\n|upkeep\n|turn|11\n|\n|t:|1700061953\n|move|p1a: Gay|Dynamax Cannon|p2a: Goober\n|-damage|p2a: Goober|0 fnt\n|faint|p2a: Goober\n|\n|upkeep\n|\n|t:|1700061960\n|switch|p2a: Flarrot|Cinderace, M, shiny|100\/100\n|turn|12\n|\n|t:|1700061965\n|move|p1a: Gay|Recover|p1a: Gay\n|-heal|p1a: Gay|75\/100\n|move|p2a: Flarrot|Iron Head|p1a: Gay\n|-start|p2a: Flarrot|typechange|Steel|[from] ability: Libero\n|-damage|p1a: Gay|42\/100\n|\n|upkeep\n|turn|13\n|\n|t:|1700061974\n|move|p1a: Gay|Toxic|p2a: Flarrot\n|-immune|p2a: Flarrot\n|move|p2a: Flarrot|Iron Head|p1a: Gay\n|-damage|p1a: Gay|9\/100\n|\n|upkeep\n|turn|14\n|\n|t:|1700061981\n|move|p1a: Gay|Recover|p1a: Gay\n|-heal|p1a: Gay|59\/100\n|move|p2a: Flarrot|Iron Head|p1a: Gay\n|-damage|p1a: Gay|30\/100\n|\n|upkeep\n|turn|15\n|\n|t:|1700061987\n|move|p1a: Gay|Recover|p1a: Gay\n|-heal|p1a: Gay|80\/100\n|move|p2a: Flarrot|Trailblaze|p1a: Gay\n|-resisted|p1a: Gay\n|-damage|p1a: Gay|77\/100\n|-boost|p2a: Flarrot|spe|1\n|\n|upkeep\n|turn|16\n|\n|t:|1700061996\n|move|p2a: Flarrot|Iron Head|p1a: Gay\n|-damage|p1a: Gay|47\/100\n|cant|p1a: Gay|flinch\n|\n|upkeep\n|turn|17\n|\n|t:|1700062007\n|move|p2a: Flarrot|Iron Head|p1a: Gay\n|-damage|p1a: Gay|17\/100\n|move|p1a: Gay|Flamethrower|p2a: Flarrot\n|-supereffective|p2a: Flarrot\n|-crit|p2a: Flarrot\n|-damage|p2a: Flarrot|0 fnt\n|faint|p2a: Flarrot\n|\n|upkeep\n|\n|t:|1700062015\n|switch|p2a: Soar|Gliscor, M, shiny|100\/100\n|turn|18\n|\n|t:|1700062022\n|move|p1a: Gay|Recover|p1a: Gay\n|-heal|p1a: Gay|67\/100\n|move|p2a: Soar|Dual Wingbeat|p1a: Gay\n|-damage|p1a: Gay|52\/100\n|-damage|p1a: Gay|38\/100\n|-hitcount|p1a: Gay|2\n|\n|-status|p2a: Soar|tox|[from] item: Toxic Orb\n|upkeep\n|turn|19\n|\n|t:|1700062031\n|move|p1a: Gay|Dynamax Cannon|p2a: Soar\n|-damage|p2a: Soar|26\/100 tox\n|move|p2a: Soar|Facade|p1a: Gay\n|-damage|p1a: Gay|4\/100\n|\n|-heal|p2a: Soar|38\/100 tox|[from] ability: Poison Heal\n|upkeep\n|turn|20\n|\n|t:|1700062041\n|move|p1a: Gay|Flamethrower|p2a: Soar\n|-damage|p2a: Soar|0 fnt\n|faint|p2a: Soar\n|\n|upkeep\n|\n|t:|1700062045\n|switch|p2a: Rai|Samurott-Hisui, M|100\/100\n|turn|21\n|\n|t:|1700062049\n|move|p1a: Gay|Dynamax Cannon|p2a: Rai\n|-damage|p2a: Rai|26\/100\n|move|p2a: Rai|Swords Dance|p2a: Rai\n|-boost|p2a: Rai|atk|2\n|\n|upkeep\n|turn|22\n|\n|t:|1700062064\n|move|p1a: Gay|Dynamax Cannon|p2a: Rai\n|-damage|p2a: Rai|0 fnt\n|faint|p2a: Rai\n|\n|win|I am a nooooob\n|raw|I am a nooooob's rating: 1047 &rarr; <strong>1079<\/strong><br \/>(+32 for winning)\n|raw|Aviated_Froakie's rating: 1035 &rarr; <strong>1020<\/strong><br \/>(-15 for losing)\n|c|\u2606Aviated_Froakie|I hate ubers they need to bring gliscor back\n|c|\u2606Aviated_Froakie|To ou\n|l|\u2606Aviated_Froakie\n","uploadtime":1700062613,"views":6,"p1id":"iamanooooob","p2id":"aviatedfroakie","formatid":"gen9ubers","rating":1020,"private":0,"password":""}