{"id":"gen9ubers-1999162798","p1":"Scottowo","p2":"IshaNn","format":"[Gen 9] Ubers","log":"|j|\u2606Scottowo\n|j|\u2606IshaNn\n|t:|1701040092\n|gametype|singles\n|player|p1|Scottowo|elesa-gen5bw2|\n|player|p2|IshaNn|koga|\n|teamsize|p1|6\n|teamsize|p2|6\n|gen|9\n|tier|[Gen 9] Ubers\n|rule|Sleep Clause Mod: Limit one foe put to sleep\n|rule|Species Clause: Limit one of each Pok\u00e9mon\n|rule|OHKO Clause: OHKO moves are banned\n|rule|Evasion Items Clause: Evasion items are banned\n|rule|Evasion Moves Clause: Evasion moves are banned\n|rule|Endless Battle Clause: Forcing endless battles is banned\n|rule|HP Percentage Mod: HP is shown in percentages\n|clearpoke\n|poke|p1|Dragapult, F|\n|poke|p1|Ursaluna, M|\n|poke|p1|Mandibuzz, F|\n|poke|p1|Sylveon, F|\n|poke|p1|Iron Treads|\n|poke|p1|Appletun, F|\n|poke|p2|Baxcalibur, M|\n|poke|p2|Great Tusk|\n|poke|p2|Thundurus, M|\n|poke|p2|Ninetales-Alola, M|\n|poke|p2|Amoonguss, F|\n|poke|p2|Lycanroc, M|\n|teampreview\n|\n|t:|1701040148\n|start\n|switch|p1a: Akame|Dragapult, F|100\/100\n|switch|p2a: Idainakiba|Great Tusk|100\/100\n|turn|1\n|j| Ghantist\n|\n|t:|1701040196\n|-end|p2a: Idainakiba|Protosynthesis|[silent]\n|switch|p2a: Kyukon|Ninetales-Alola, M|100\/100\n|-weather|Snow|[from] ability: Snow Warning|[of] p2a: Kyukon\n|move|p1a: Akame|U-turn|p2a: Kyukon\n|-resisted|p2a: Kyukon\n|-damage|p2a: Kyukon|93\/100\n|\n|t:|1701040216\n|switch|p1a: Chelsea|Iron Treads|100\/100|[from] U-turn\n|-enditem|p1a: Chelsea|Booster Energy\n|-activate|p1a: Chelsea|ability: Quark Drive|[fromitem]\n|-start|p1a: Chelsea|quarkdrivespe\n|\n|-weather|Snow|[upkeep]\n|upkeep\n|turn|2\n|\n|t:|1701040223\n|switch|p2a: Idainakiba|Great Tusk|100\/100\n|move|p1a: Chelsea|Iron Head|p2a: Idainakiba\n|-damage|p2a: Idainakiba|82\/100\n|\n|-weather|Snow|[upkeep]\n|-heal|p2a: Idainakiba|89\/100|[from] item: Leftovers\n|upkeep\n|turn|3\n|j| justinrockin\n|\n|t:|1701040235\n|-end|p1a: Chelsea|Quark Drive|[silent]\n|switch|p1a: Esdeath|Mandibuzz, F|100\/100\n|move|p2a: Idainakiba|Knock Off|p1a: Esdeath\n|-resisted|p1a: Esdeath\n|-damage|p1a: Esdeath|92\/100\n|-damage|p2a: Idainakiba|72\/100|[from] item: Rocky Helmet|[of] p1a: Esdeath\n|-enditem|p1a: Esdeath|Rocky Helmet|[from] move: Knock Off|[of] p2a: Idainakiba\n|\n|-weather|Snow|[upkeep]\n|-heal|p2a: Idainakiba|78\/100|[from] item: Leftovers\n|upkeep\n|turn|4\n|\n|t:|1701040269\n|-end|p2a: Idainakiba|Protosynthesis|[silent]\n|switch|p2a: Kyukon|Ninetales-Alola, M|93\/100\n|move|p1a: Esdeath|U-turn|p2a: Kyukon\n|-resisted|p2a: Kyukon\n|-damage|p2a: Kyukon|88\/100\n|\n|t:|1701040278\n|switch|p1a: Chelsea|Iron Treads|100\/100|[from] U-turn\n|\n|-weather|Snow|[upkeep]\n|upkeep\n|turn|5\n|\n|t:|1701040308\n|switch|p2a: Idainakiba|Great Tusk|78\/100\n|move|p1a: Chelsea|Iron Head|p2a: Idainakiba\n|-crit|p2a: Idainakiba\n|-damage|p2a: Idainakiba|49\/100\n|\n|-weather|none\n|-heal|p2a: Idainakiba|55\/100|[from] item: Leftovers\n|upkeep\n|turn|6\n|\n|t:|1701040323\n|-end|p1a: Chelsea|Quark Drive|[silent]\n|switch|p1a: Esdeath|Mandibuzz, F|92\/100\n|-end|p2a: Idainakiba|Protosynthesis|[silent]\n|switch|p2a: Kyukon|Ninetales-Alola, M|88\/100\n|-weather|Snow|[from] ability: Snow Warning|[of] p2a: Kyukon\n|\n|-weather|Snow|[upkeep]\n|upkeep\n|turn|7\n|\n|t:|1701040339\n|move|p2a: Kyukon|Aurora Veil|p2a: Kyukon\n|-sidestart|p2: IshaNn|move: Aurora Veil\n|move|p1a: Esdeath|Defog|p2a: Kyukon\n|-unboost|p2a: Kyukon|evasion|1\n|-sideend|p2: IshaNn|move: Aurora Veil\n|\n|-weather|Snow|[upkeep]\n|upkeep\n|turn|8\n|j| iceberg149\n|\n|t:|1701040349\n|switch|p1a: Leone|Sylveon, F|100\/100\n|move|p2a: Kyukon|Freeze-Dry|p1a: Leone\n|-damage|p1a: Leone|90\/100\n|\n|-weather|Snow|[upkeep]\n|-heal|p1a: Leone|96\/100|[from] item: Leftovers\n|upkeep\n|turn|9\n|\n|t:|1701040367\n|move|p2a: Kyukon|Aurora Veil|p2a: Kyukon\n|-sidestart|p2: IshaNn|move: Aurora Veil\n|move|p1a: Leone|Hyper Voice|p2a: Kyukon\n|-damage|p2a: Kyukon|70\/100\n|\n|-weather|Snow|[upkeep]\n|-heal|p1a: Leone|100\/100|[from] item: Leftovers\n|upkeep\n|turn|10\n|\n|t:|1701040403\n|switch|p2a: Morabareru|Amoonguss, F|100\/100\n|move|p1a: Leone|Yawn|p2a: Morabareru\n|-start|p2a: Morabareru|move: Yawn|[of] p1a: Leone\n|\n|-weather|none\n|upkeep\n|turn|11\n|\n|t:|1701040464\n|switch|p1a: Mine|Appletun, F|100\/100\n|move|p2a: Morabareru|Spore|p1a: Mine\n|-immune|p1a: Mine\n|\n|-end|p2a: Morabareru|move: Yawn|[silent]\n|-status|p2a: Morabareru|slp\n|upkeep\n|turn|12\n|\n|t:|1701040489\n|switch|p1a: Akame|Dragapult, F|100\/100\n|cant|p2a: Morabareru|slp\n|\n|upkeep\n|turn|13\n|\n|t:|1701040516\n|move|p1a: Akame|U-turn|p2a: Morabareru\n|-damage|p2a: Morabareru|84\/100 slp\n|\n|t:|1701040525\n|switch|p1a: Tatsumi|Ursaluna, M|100\/100|[from] U-turn\n|-curestatus|p2a: Morabareru|slp|[msg]\n|move|p2a: Morabareru|Synthesis|p2a: Morabareru\n|-heal|p2a: Morabareru|100\/100\n|\n|upkeep\n|turn|14\n|\n|t:|1701040535\n|move|p1a: Tatsumi|Brick Break|p2a: Morabareru\n|-sideend|p2: IshaNn|move: Aurora Veil\n|-resisted|p2a: Morabareru\n|-damage|p2a: Morabareru|85\/100\n|move|p2a: Morabareru|Spore|p1a: Tatsumi\n|-status|p1a: Tatsumi|slp|[from] move: Spore\n|\n|-heal|p2a: Morabareru|92\/100|[from] item: Black Sludge\n|upkeep\n|turn|15\n|\n|t:|1701040554\n|switch|p1a: Chelsea|Iron Treads|100\/100\n|switch|p2a: Idainakiba|Great Tusk|55\/100\n|\n|-heal|p2a: Idainakiba|62\/100|[from] item: Leftovers\n|upkeep\n|turn|16\n|\n|t:|1701040569\n|move|p1a: Chelsea|Iron Head|p2a: Idainakiba\n|-crit|p2a: Idainakiba\n|-damage|p2a: Idainakiba|33\/100\n|move|p2a: Idainakiba|Close Combat|p1a: Chelsea\n|-supereffective|p1a: Chelsea\n|-damage|p1a: Chelsea|1\/100\n|-unboost|p2a: Idainakiba|def|1\n|-unboost|p2a: Idainakiba|spd|1\n|\n|-heal|p2a: Idainakiba|39\/100|[from] item: Leftovers\n|upkeep\n|turn|17\n|c|\u2606Scottowo|huh\n|\n|t:|1701040591\n|move|p1a: Chelsea|Iron Head|p2a: Idainakiba\n|-damage|p2a: Idainakiba|15\/100\n|move|p2a: Idainakiba|Knock Off|p1a: Chelsea\n|-damage|p1a: Chelsea|0 fnt\n|faint|p1a: Chelsea\n|-end|p1a: Chelsea|Quark Drive|[silent]\n|\n|-heal|p2a: Idainakiba|21\/100|[from] item: Leftovers\n|upkeep\n|c| Ghantist|bro lived that cc just to get thrown away next week :crying:\n|\n|t:|1701040612\n|switch|p1a: Akame|Dragapult, F|100\/100\n|turn|18\n|\n|t:|1701040618\n|move|p1a: Akame|Flamethrower|p2a: Idainakiba\n|-damage|p2a: Idainakiba|0 fnt\n|faint|p2a: Idainakiba\n|-end|p2a: Idainakiba|Protosynthesis|[silent]\n|\n|upkeep\n|j| HateV2\n|c| HateV2|Treads is the goat for living that one\n|l| HateV2\n|\n|t:|1701040778\n|switch|p2a: Seglaive|Baxcalibur, M|100\/100\n|turn|19\n|\n|t:|1701040800\n|switch|p1a: Leone|Sylveon, F|100\/100\n|move|p2a: Seglaive|Icicle Spear|p1a: Leone\n|-damage|p1a: Leone|83\/100\n|-damage|p1a: Leone|65\/100\n|-damage|p1a: Leone|46\/100\n|-damage|p1a: Leone|30\/100\n|-damage|p1a: Leone|12\/100\n|-hitcount|p1a: Leone|5\n|\n|-heal|p1a: Leone|18\/100|[from] item: Leftovers\n|upkeep\n|turn|20\n|\n|t:|1701040810\n|move|p2a: Seglaive|Icicle Spear|p1a: Leone\n|-damage|p1a: Leone|1\/100\n|-damage|p1a: Leone|0 fnt\n|faint|p1a: Leone\n|-hitcount|p1: Leone|2\n|\n|upkeep\n|\n|t:|1701040824\n|switch|p1a: Akame|Dragapult, F|100\/100\n|turn|21\n|\n|t:|1701040841\n|switch|p2a: Morabareru|Amoonguss, F|100\/100\n|move|p1a: Akame|Draco Meteor|p2a: Morabareru\n|-damage|p2a: Morabareru|61\/100\n|-unboost|p1a: Akame|spa|2\n|\n|-heal|p2a: Morabareru|68\/100|[from] item: Black Sludge\n|upkeep\n|turn|22\n|\n|t:|1701040850\n|switch|p1a: Tatsumi|Ursaluna, M|100\/100 slp\n|move|p2a: Morabareru|Sludge Bomb|p1a: Tatsumi\n|-resisted|p1a: Tatsumi\n|-damage|p1a: Tatsumi|94\/100 slp\n|\n|-heal|p2a: Morabareru|74\/100|[from] item: Black Sludge\n|upkeep\n|turn|23\n|c| justinrockin|yo ishan we should watch akame ga kill\n|\n|t:|1701040863\n|switch|p2a: Seglaive|Baxcalibur, M|100\/100\n|cant|p1a: Tatsumi|slp\n|\n|upkeep\n|turn|24\n|c|\u2606IshaNn|i will consider it\n|c| justinrockin|(its kinda mid)\n|c|\u2606IshaNn|hm\n|c| justinrockin|but a goat nonetheless\n|c|\u2606IshaNn|i will no longer consider it\n|c|\u2606IshaNn|what\n|c|\u2606Scottowo|justin is speaking the truth\n|c|\u2606Scottowo|somehow it is a goat but also mid\n|\n|t:|1701040928\n|switch|p1a: Esdeath|Mandibuzz, F|92\/100\n|move|p2a: Seglaive|Icicle Spear|p1a: Esdeath\n|-supereffective|p1a: Esdeath\n|-damage|p1a: Esdeath|76\/100\n|-supereffective|p1a: Esdeath\n|-damage|p1a: Esdeath|59\/100\n|-supereffective|p1a: Esdeath\n|-damage|p1a: Esdeath|43\/100\n|-supereffective|p1a: Esdeath\n|-damage|p1a: Esdeath|26\/100\n|-hitcount|p1a: Esdeath|4\n|\n|upkeep\n|turn|25\n|\n|t:|1701040941\n|move|p2a: Seglaive|Icicle Spear|p1a: Esdeath\n|-supereffective|p1a: Esdeath\n|-damage|p1a: Esdeath|8\/100\n|-supereffective|p1a: Esdeath\n|-damage|p1a: Esdeath|0 fnt\n|faint|p1a: Esdeath\n|-hitcount|p1: Esdeath|2\n|\n|upkeep\n|\n|t:|1701040943\n|switch|p1a: Mine|Appletun, F|100\/100\n|turn|26\n|\n|t:|1701040959\n|-terastallize|p1a: Mine|Steel\n|move|p2a: Seglaive|Icicle Spear|p1a: Mine\n|-resisted|p1a: Mine\n|-damage|p1a: Mine|97\/100\n|-resisted|p1a: Mine\n|-damage|p1a: Mine|94\/100\n|-resisted|p1a: Mine\n|-damage|p1a: Mine|91\/100\n|-resisted|p1a: Mine\n|-damage|p1a: Mine|88\/100\n|-hitcount|p1a: Mine|4\n|move|p1a: Mine|Tera Blast|p2a: Seglaive|[anim] Tera Blast Steel\n|-supereffective|p2a: Seglaive\n|-damage|p2a: Seglaive|42\/100\n|\n|-heal|p1a: Mine|94\/100|[from] item: Leftovers\n|upkeep\n|turn|27\n|\n|t:|1701041015\n|switch|p2a: Voltolos|Thundurus, M|100\/100\n|switch|p1a: Tatsumi|Ursaluna, M|94\/100 slp\n|\n|upkeep\n|turn|28\n|\n|t:|1701041020\n|move|p2a: Voltolos|Focus Blast|p1a: Tatsumi|[miss]\n|-miss|p2a: Voltolos|p1a: Tatsumi\n|cant|p1a: Tatsumi|slp\n|\n|upkeep\n|turn|29\n|\n|t:|1701041023\n|move|p2a: Voltolos|Focus Blast|p1a: Tatsumi|[miss]\n|-miss|p2a: Voltolos|p1a: Tatsumi\n|-curestatus|p1a: Tatsumi|slp|[msg]\n|move|p1a: Tatsumi|Rock Slide|p2a: Voltolos\n|-supereffective|p2a: Voltolos\n|-damage|p2a: Voltolos|14\/100\n|\n|upkeep\n|turn|30\n|\n|t:|1701041027\n|move|p2a: Voltolos|Focus Blast|p1a: Tatsumi\n|-supereffective|p1a: Tatsumi\n|-damage|p1a: Tatsumi|35\/100\n|move|p1a: Tatsumi|Rock Slide|p2a: Voltolos|[miss]\n|-miss|p1a: Tatsumi|p2a: Voltolos\n|\n|upkeep\n|turn|31\n|c|\u2606Scottowo|LMFAO\n|c|\u2606Scottowo|the scales are balanced\n|\n|t:|1701041042\n|switch|p1a: Akame|Dragapult, F|100\/100\n|move|p2a: Voltolos|Focus Blast|p1a: Akame\n|-immune|p1a: Akame\n|\n|upkeep\n|turn|32\n|\n|t:|1701041052\n|switch|p2a: Morabareru|Amoonguss, F|100\/100\n|move|p1a: Akame|Flamethrower|p2a: Morabareru\n|-supereffective|p2a: Morabareru\n|-damage|p2a: Morabareru|68\/100\n|\n|-heal|p2a: Morabareru|74\/100|[from] item: Black Sludge\n|upkeep\n|turn|33\n|\n|t:|1701041059\n|switch|p1a: Tatsumi|Ursaluna, M|35\/100\n|move|p2a: Morabareru|Spore|p1a: Tatsumi\n|-status|p1a: Tatsumi|slp|[from] move: Spore\n|\n|-heal|p2a: Morabareru|80\/100|[from] item: Black Sludge\n|upkeep\n|turn|34\n|\n|t:|1701041062\n|cant|p1a: Tatsumi|slp\n|move|p2a: Morabareru|Giga Drain|p1a: Tatsumi\n|-supereffective|p1a: Tatsumi\n|-damage|p1a: Tatsumi|11\/100 slp\n|-heal|p2a: Morabareru|91\/100|[from] drain|[of] p1a: Tatsumi\n|\n|-heal|p2a: Morabareru|97\/100|[from] item: Black Sludge\n|upkeep\n|turn|35\n|\n|t:|1701041064\n|-curestatus|p1a: Tatsumi|slp|[msg]\n|move|p1a: Tatsumi|Rock Slide|p2a: Morabareru\n|-damage|p2a: Morabareru|64\/100\n|move|p2a: Morabareru|Giga Drain|p1a: Tatsumi\n|-supereffective|p1a: Tatsumi\n|-damage|p1a: Tatsumi|0 fnt\n|-heal|p2a: Morabareru|69\/100|[from] drain|[of] p1a: Tatsumi\n|faint|p1a: Tatsumi\n|\n|-heal|p2a: Morabareru|75\/100|[from] item: Black Sludge\n|upkeep\n|\n|t:|1701041069\n|switch|p1a: Akame|Dragapult, F|100\/100\n|turn|36\n|\n|t:|1701041072\n|move|p1a: Akame|U-turn|p2a: Morabareru\n|-damage|p2a: Morabareru|57\/100\n|\n|t:|1701041073\n|switch|p1a: Mine|Appletun, F, tera:Steel|94\/100|[from] U-turn\n|move|p2a: Morabareru|Spore|p1a: Mine\n|-status|p1a: Mine|slp|[from] move: Spore\n|\n|-heal|p2a: Morabareru|63\/100|[from] item: Black Sludge\n|-heal|p1a: Mine|99\/100 slp|[from] item: Leftovers\n|upkeep\n|turn|37\n|\n|t:|1701041091\n|switch|p2a: Lugarugan|Lycanroc, M|100\/100\n|cant|p1a: Mine|slp\n|\n|-heal|p1a: Mine|100\/100 slp|[from] item: Leftovers\n|upkeep\n|turn|38\n|\n|t:|1701041094\n|move|p2a: Lugarugan|Close Combat|p1a: Mine\n|-supereffective|p1a: Mine\n|-damage|p1a: Mine|4\/100 slp\n|-unboost|p2a: Lugarugan|def|1\n|-unboost|p2a: Lugarugan|spd|1\n|-damage|p2a: Lugarugan|91\/100|[from] item: Life Orb\n|cant|p1a: Mine|slp\n|\n|-heal|p1a: Mine|10\/100 slp|[from] item: Leftovers\n|upkeep\n|turn|39\n|\n|t:|1701041097\n|move|p2a: Lugarugan|Close Combat|p1a: Mine\n|-supereffective|p1a: Mine\n|-damage|p1a: Mine|0 fnt\n|-unboost|p2a: Lugarugan|def|1\n|-unboost|p2a: Lugarugan|spd|1\n|faint|p1a: Mine\n|-damage|p2a: Lugarugan|81\/100|[from] item: Life Orb\n|\n|upkeep\n|\n|t:|1701041098\n|switch|p1a: Akame|Dragapult, F|100\/100\n|turn|40\n|\n|t:|1701041101\n|switch|p2a: Morabareru|Amoonguss, F|97\/100\n|move|p1a: Akame|Flamethrower|p2a: Morabareru\n|-supereffective|p2a: Morabareru\n|-damage|p2a: Morabareru|62\/100\n|-status|p2a: Morabareru|brn\n|\n|-heal|p2a: Morabareru|68\/100 brn|[from] item: Black Sludge\n|-damage|p2a: Morabareru|62\/100 brn|[from] brn\n|upkeep\n|turn|41\n|\n|t:|1701041129\n|switch|p2a: Lugarugan|Lycanroc, M|81\/100\n|move|p1a: Akame|Flamethrower|p2a: Lugarugan\n|-resisted|p2a: Lugarugan\n|-damage|p2a: Lugarugan|60\/100\n|\n|upkeep\n|turn|42\n|\n|t:|1701041134\n|move|p1a: Akame|Flamethrower|p2a: Lugarugan\n|-resisted|p2a: Lugarugan\n|-damage|p2a: Lugarugan|37\/100\n|move|p2a: Lugarugan|Play Rough|p1a: Akame\n|-supereffective|p1a: Akame\n|-damage|p1a: Akame|11\/100\n|-damage|p2a: Lugarugan|27\/100|[from] item: Life Orb\n|\n|upkeep\n|turn|43\n|\n|t:|1701041141\n|move|p1a: Akame|Flamethrower|p2a: Lugarugan\n|-resisted|p2a: Lugarugan\n|-damage|p2a: Lugarugan|3\/100\n|move|p2a: Lugarugan|Play Rough|p1a: Akame\n|-supereffective|p1a: Akame\n|-damage|p1a: Akame|0 fnt\n|faint|p1a: Akame\n|-damage|p2a: Lugarugan|0 fnt|[from] item: Life Orb\n|faint|p2a: Lugarugan\n|\n|win|IshaNn\n|c|\u2606Scottowo|gg\n|c|\u2606IshaNn|gg\n|l|\u2606Scottowo\n|l| Ghantist\n|l| iceberg149\n","uploadtime":1701041175,"views":23,"p1id":"scottowo","p2id":"ishann","formatid":"gen9ubers","rating":0,"private":0,"password":""}