{"id":"gen9ubers-1968191586","p1":"vespyyy","p2":"XpokVEVO","format":"[Gen 9] Ubers","log":"|j|\u2606vespyyy\n|j|\u2606XpokVEVO\n|t:|1697393345\n|gametype|singles\n|player|p1|vespyyy|juggler|\n|player|p2|XpokVEVO|marshal|\n|teamsize|p1|6\n|teamsize|p2|6\n|gen|9\n|tier|[Gen 9] Ubers\n|rule|Sleep Clause Mod: Limit one foe put to sleep\n|rule|Species Clause: Limit one of each Pok\u00e9mon\n|rule|OHKO Clause: OHKO moves are banned\n|rule|Evasion Items Clause: Evasion items are banned\n|rule|Evasion Moves Clause: Evasion moves are banned\n|rule|Endless Battle Clause: Forcing endless battles is banned\n|rule|HP Percentage Mod: HP is shown in percentages\n|clearpoke\n|poke|p1|Arceus-Dark|\n|poke|p1|Dondozo, F|\n|poke|p1|Blissey, F|\n|poke|p1|Cresselia, F|\n|poke|p1|Giratina|\n|poke|p1|Zacian-*|\n|poke|p2|Arceus-Fire|\n|poke|p2|Spectrier|\n|poke|p2|Magearna|\n|poke|p2|Shaymin-Sky|\n|poke|p2|Palkia-Origin|\n|poke|p2|Cyclizar, M|\n|teampreview\n|\n|t:|1697393349\n|start\n|switch|p1a: Zacian|Zacian, shiny|100\/100\n|switch|p2a: Cyclizar|Cyclizar, M|100\/100\n|-ability|p1a: Zacian|Intrepid Sword|boost\n|-boost|p1a: Zacian|atk|1\n|turn|1\n|\n|t:|1697393377\n|-terastallize|p1a: Zacian|Ground\n|move|p1a: Zacian|Tera Blast|p2a: Cyclizar|[anim] Tera Blast Ground\n|-damage|p2a: Cyclizar|13\/100\n|-enditem|p2a: Cyclizar|Aguav Berry|[eat]\n|-heal|p2a: Cyclizar|46\/100|[from] item: Aguav Berry\n|move|p2a: Cyclizar|Taunt|p1a: Zacian\n|-start|p1a: Zacian|move: Taunt\n|\n|upkeep\n|turn|2\n|\n|t:|1697393391\n|switch|p2a: Shaymin|Shaymin-Sky, shiny|100\/100\n|move|p1a: Zacian|Play Rough|p2a: Shaymin|[miss]\n|-miss|p1a: Zacian|p2a: Shaymin\n|\n|upkeep\n|turn|3\n|\n|t:|1697393398\n|switch|p1a: Giratina|Giratina|100\/100\n|-ability|p1a: Giratina|Pressure\n|move|p2a: Shaymin|Seed Flare|p1a: Giratina\n|-resisted|p1a: Giratina\n|-damage|p1a: Giratina|80\/100\n|-unboost|p1a: Giratina|spd|2\n|-damage|p2a: Shaymin|91\/100|[from] item: Life Orb\n|\n|upkeep\n|turn|4\n|\n|t:|1697393405\n|switch|p1a: Blissey|Blissey, F|100\/100\n|-terastallize|p2a: Shaymin|Flying\n|move|p2a: Shaymin|Air Slash|p1a: Blissey\n|-damage|p1a: Blissey|84\/100\n|-damage|p2a: Shaymin|81\/100|[from] item: Life Orb\n|\n|upkeep\n|turn|5\n|\n|t:|1697393408\n|move|p2a: Shaymin|Seed Flare|p1a: Blissey\n|-damage|p1a: Blissey|62\/100\n|-unboost|p1a: Blissey|spd|2\n|-damage|p2a: Shaymin|71\/100|[from] item: Life Orb\n|move|p1a: Blissey|Stealth Rock|p2a: Shaymin\n|-sidestart|p2: XpokVEVO|move: Stealth Rock\n|\n|upkeep\n|turn|6\n|\n|t:|1697393427\n|move|p2a: Shaymin|Seed Flare|p1a: Blissey|[miss]\n|-miss|p2a: Shaymin|p1a: Blissey\n|move|p1a: Blissey|Soft-Boiled|p1a: Blissey\n|-heal|p1a: Blissey|100\/100\n|\n|upkeep\n|turn|7\n|\n|t:|1697393430\n|move|p2a: Shaymin|Seed Flare|p1a: Blissey\n|-damage|p1a: Blissey|55\/100\n|-damage|p2a: Shaymin|61\/100|[from] item: Life Orb\n|move|p1a: Blissey|Seismic Toss|p2a: Shaymin\n|-damage|p2a: Shaymin|31\/100\n|\n|upkeep\n|turn|8\n|\n|t:|1697393444\n|switch|p1a: Giratina|Giratina|80\/100\n|-ability|p1a: Giratina|Pressure\n|move|p2a: Shaymin|Seed Flare|p1a: Giratina\n|-resisted|p1a: Giratina\n|-damage|p1a: Giratina|59\/100\n|-damage|p2a: Shaymin|22\/100|[from] item: Life Orb\n|\n|upkeep\n|turn|9\n|\n|t:|1697393451\n|move|p2a: Shaymin|Air Slash|p1a: Giratina\n|-damage|p1a: Giratina|22\/100\n|-damage|p2a: Shaymin|12\/100|[from] item: Life Orb\n|move|p1a: Giratina|Hex|p2a: Shaymin\n|-damage|p2a: Shaymin|0 fnt\n|faint|p2a: Shaymin\n|\n|upkeep\n|\n|t:|1697393454\n|switch|p2a: Spectrier|Spectrier|100\/100\n|-damage|p2a: Spectrier|88\/100|[from] Stealth Rock\n|turn|10\n|\n|t:|1697393458\n|switch|p1a: Blissey|Blissey, F|55\/100\n|move|p2a: Spectrier|Dark Pulse|p1a: Blissey\n|-damage|p1a: Blissey|46\/100\n|\n|upkeep\n|turn|11\n|\n|t:|1697393462\n|switch|p2a: Cyclizar|Cyclizar, M|80\/100\n|-damage|p2a: Cyclizar|67\/100|[from] Stealth Rock\n|move|p1a: Blissey|Soft-Boiled|p1a: Blissey\n|-heal|p1a: Blissey|96\/100\n|\n|upkeep\n|turn|12\n|\n|t:|1697393466\n|switch|p1a: Arceus|Arceus-Dark|100\/100\n|move|p2a: Cyclizar|Taunt|p1a: Arceus\n|-start|p1a: Arceus|move: Taunt\n|\n|upkeep\n|turn|13\n|\n|t:|1697393469\n|move|p2a: Cyclizar|Shed Tail|p2a: Cyclizar\n|-start|p2a: Cyclizar|Substitute|[from] move: Shed Tail\n|-damage|p2a: Cyclizar|17\/100\n|\n|t:|1697393472\n|switch|p2a: Arceus-Fight\u0131ng|Arceus-Fire, shiny|100\/100|[from] Shed Tail\n|-damage|p2a: Arceus-Fight\u0131ng|76\/100|[from] Stealth Rock\n|move|p1a: Arceus|Foul Play|p2a: Arceus-Fight\u0131ng\n|-end|p2a: Arceus-Fight\u0131ng|Substitute\n|\n|upkeep\n|turn|14\n|\n|t:|1697393481\n|move|p2a: Arceus-Fight\u0131ng|Dragon Dance|p2a: Arceus-Fight\u0131ng\n|-boost|p2a: Arceus-Fight\u0131ng|atk|1\n|-boost|p2a: Arceus-Fight\u0131ng|spe|1\n|move|p1a: Arceus|Foul Play|p2a: Arceus-Fight\u0131ng\n|-damage|p2a: Arceus-Fight\u0131ng|13\/100\n|\n|-end|p1a: Arceus|move: Taunt\n|upkeep\n|turn|15\n|\n|t:|1697393487\n|switch|p1a: Dondozo|Dondozo, F|100\/100\n|move|p2a: Arceus-Fight\u0131ng|Flare Blitz|p1a: Dondozo\n|-resisted|p1a: Dondozo\n|-crit|p1a: Dondozo\n|-damage|p1a: Dondozo|76\/100\n|-damage|p2a: Arceus-Fight\u0131ng|2\/100|[from] Recoil\n|\n|upkeep\n|turn|16\n|\n|t:|1697393491\n|move|p2a: Arceus-Fight\u0131ng|Recover|p2a: Arceus-Fight\u0131ng\n|-heal|p2a: Arceus-Fight\u0131ng|52\/100\n|move|p1a: Dondozo|Liquidation|p2a: Arceus-Fight\u0131ng\n|-supereffective|p2a: Arceus-Fight\u0131ng\n|-damage|p2a: Arceus-Fight\u0131ng|11\/100\n|\n|upkeep\n|turn|17\n|\n|t:|1697393494\n|move|p2a: Arceus-Fight\u0131ng|Tera Blast|p1a: Dondozo\n|-damage|p1a: Dondozo|57\/100\n|move|p1a: Dondozo|Liquidation|p2a: Arceus-Fight\u0131ng\n|-supereffective|p2a: Arceus-Fight\u0131ng\n|-damage|p2a: Arceus-Fight\u0131ng|0 fnt\n|faint|p2a: Arceus-Fight\u0131ng\n|\n|upkeep\n|\n|t:|1697393505\n|switch|p2a: Palkia|Palkia-Origin|100\/100\n|-damage|p2a: Palkia|88\/100|[from] Stealth Rock\n|-ability|p2a: Palkia|Pressure\n|turn|18\n|\n|t:|1697393511\n|switch|p1a: Blissey|Blissey, F|96\/100\n|move|p2a: Palkia|Substitute|p2a: Palkia\n|-start|p2a: Palkia|Substitute\n|-damage|p2a: Palkia|63\/100\n|\n|upkeep\n|turn|19\n|\n|t:|1697393540\n|move|p2a: Palkia|Thunder Wave|p1a: Blissey\n|-status|p1a: Blissey|par\n|cant|p1a: Blissey|par\n|\n|upkeep\n|turn|20\n|\n|t:|1697393556\n|switch|p2a: Magearna|Magearna|100\/100\n|-damage|p2a: Magearna|95\/100|[from] Stealth Rock\n|move|p1a: Blissey|Seismic Toss|p2a: Magearna\n|-damage|p2a: Magearna|61\/100\n|\n|upkeep\n|turn|21\n|\n|t:|1697393558\n|-curestatus|p1a: Blissey|par|[from] ability: Natural Cure\n|switch|p1a: Cresselia|Cresselia, F|100\/100\n|move|p2a: Magearna|Shift Gear|p2a: Magearna\n|-boost|p2a: Magearna|spe|2\n|-boost|p2a: Magearna|atk|1\n|\n|upkeep\n|turn|22\n|\n|t:|1697393563\n|move|p2a: Magearna|Draining Kiss|p1a: Cresselia\n|-damage|p1a: Cresselia|76\/100\n|-heal|p2a: Magearna|88\/100|[from] drain|[of] p1a: Cresselia\n|-damage|p2a: Magearna|78\/100|[from] item: Life Orb\n|move|p1a: Cresselia|Calm Mind|p1a: Cresselia\n|-boost|p1a: Cresselia|spa|1\n|-boost|p1a: Cresselia|spd|1\n|\n|-heal|p1a: Cresselia|82\/100|[from] item: Leftovers\n|upkeep\n|turn|23\n|\n|t:|1697393569\n|move|p2a: Magearna|Draining Kiss|p1a: Cresselia\n|-damage|p1a: Cresselia|66\/100\n|-heal|p2a: Magearna|96\/100|[from] drain|[of] p1a: Cresselia\n|-damage|p2a: Magearna|86\/100|[from] item: Life Orb\n|move|p1a: Cresselia|Calm Mind|p1a: Cresselia\n|-boost|p1a: Cresselia|spa|1\n|-boost|p1a: Cresselia|spd|1\n|\n|-heal|p1a: Cresselia|73\/100|[from] item: Leftovers\n|upkeep\n|turn|24\n|\n|t:|1697393574\n|move|p2a: Magearna|Fleur Cannon|p1a: Cresselia\n|-damage|p1a: Cresselia|43\/100\n|-unboost|p2a: Magearna|spa|2\n|-damage|p2a: Magearna|76\/100|[from] item: Life Orb\n|move|p1a: Cresselia|Moonlight|p1a: Cresselia\n|-heal|p1a: Cresselia|93\/100\n|\n|-heal|p1a: Cresselia|99\/100|[from] item: Leftovers\n|upkeep\n|turn|25\n|\n|t:|1697393581\n|switch|p2a: Palkia|Palkia-Origin|63\/100\n|-damage|p2a: Palkia|51\/100|[from] Stealth Rock\n|-ability|p2a: Palkia|Pressure\n|move|p1a: Cresselia|Calm Mind|p1a: Cresselia\n|-boost|p1a: Cresselia|spa|1\n|-boost|p1a: Cresselia|spd|1\n|\n|-heal|p1a: Cresselia|100\/100|[from] item: Leftovers\n|upkeep\n|turn|26\n|\n|t:|1697393585\n|move|p2a: Palkia|Thunder Wave|p1a: Cresselia\n|-status|p1a: Cresselia|par\n|move|p1a: Cresselia|Stored Power|p2a: Palkia\n|-damage|p2a: Palkia|0 fnt\n|faint|p2a: Palkia\n|\n|upkeep\n|\n|t:|1697393588\n|switch|p2a: Cyclizar|Cyclizar, M|50\/100\n|-damage|p2a: Cyclizar|38\/100|[from] Stealth Rock\n|turn|27\n|\n|t:|1697393591\n|move|p2a: Cyclizar|Knock Off|p1a: Cresselia\n|-supereffective|p1a: Cresselia\n|-damage|p1a: Cresselia|76\/100 par\n|-enditem|p1a: Cresselia|Leftovers|[from] move: Knock Off|[of] p2a: Cyclizar\n|cant|p1a: Cresselia|par\n|\n|upkeep\n|turn|28\n|\n|t:|1697393594\n|move|p2a: Cyclizar|Taunt|p1a: Cresselia\n|-start|p1a: Cresselia|move: Taunt\n|cant|p1a: Cresselia|par\n|\n|upkeep\n|turn|29\n|\n|t:|1697393597\n|move|p2a: Cyclizar|Rapid Spin|p1a: Cresselia\n|-damage|p1a: Cresselia|67\/100 par\n|-boost|p2a: Cyclizar|spe|1\n|-sideend|p2: XpokVEVO|Stealth Rock|[from] move: Rapid Spin|[of] p2a: Cyclizar\n|cant|p1a: Cresselia|par\n|\n|upkeep\n|turn|30\n|\n|t:|1697393600\n|move|p2a: Cyclizar|Knock Off|p1a: Cresselia\n|-supereffective|p1a: Cresselia\n|-damage|p1a: Cresselia|52\/100 par\n|move|p1a: Cresselia|Stored Power|p2a: Cyclizar\n|-damage|p2a: Cyclizar|0 fnt\n|faint|p2a: Cyclizar\n|\n|-end|p1a: Cresselia|move: Taunt\n|upkeep\n|\n|t:|1697393605\n|switch|p2a: Spectrier|Spectrier|88\/100\n|turn|31\n|\n|t:|1697393612\n|move|p2a: Spectrier|Haze|p2a: Spectrier\n|-clearallboost\n|cant|p1a: Cresselia|par\n|\n|upkeep\n|turn|32\n|\n|t:|1697393618\n|switch|p2a: Magearna|Magearna|76\/100\n|switch|p1a: Blissey|Blissey, F|96\/100\n|\n|upkeep\n|turn|33\n|\n|t:|1697393623\n|move|p2a: Magearna|Draining Kiss|p1a: Blissey\n|-damage|p1a: Blissey|85\/100\n|-heal|p2a: Magearna|94\/100|[from] drain|[of] p1a: Blissey\n|-damage|p2a: Magearna|84\/100|[from] item: Life Orb\n|move|p1a: Blissey|Heal Bell|p1a: Blissey\n|-activate|p1a: Blissey|move: Heal Bell\n|-curestatus|p1: Cresselia|par|[msg]\n|\n|upkeep\n|turn|34\n|\n|t:|1697393636\n|switch|p1a: Zacian|Zacian, shiny, tera:Ground|100\/100\n|move|p2a: Magearna|Draining Kiss|p1a: Zacian\n|-damage|p1a: Zacian|64\/100\n|-heal|p2a: Magearna|100\/100|[from] drain|[of] p1a: Zacian\n|-damage|p2a: Magearna|91\/100|[from] item: Life Orb\n|\n|upkeep\n|turn|35\n|\n|t:|1697393641\n|move|p1a: Zacian|Tera Blast|p2a: Magearna|[anim] Tera Blast Ground\n|-supereffective|p2a: Magearna\n|-damage|p2a: Magearna|20\/100\n|move|p2a: Magearna|Shift Gear|p2a: Magearna\n|-boost|p2a: Magearna|spe|2\n|-boost|p2a: Magearna|atk|1\n|\n|upkeep\n|turn|36\n|inactive|Battle timer is ON: inactive players will automatically lose when time's up. (requested by vespyyy)\n|\n|t:|1697393681\n|move|p2a: Magearna|Fleur Cannon|p1a: Zacian\n|-damage|p1a: Zacian|0 fnt\n|-unboost|p2a: Magearna|spa|2\n|faint|p1a: Zacian\n|-ability|p2a: Magearna|Soul-Heart|boost\n|-boost|p2a: Magearna|spa|1\n|-damage|p2a: Magearna|10\/100|[from] item: Life Orb\n|\n|upkeep\n|\n|t:|1697393684\n|switch|p1a: Cresselia|Cresselia, F|52\/100\n|turn|37\n|\n|t:|1697393686\n|switch|p2a: Spectrier|Spectrier|88\/100\n|move|p1a: Cresselia|Moonlight|p1a: Cresselia\n|-heal|p1a: Cresselia|100\/100\n|\n|upkeep\n|turn|38\n|\n|t:|1697393690\n|switch|p1a: Blissey|Blissey, F|85\/100\n|move|p2a: Spectrier|Shadow Ball|p1a: Blissey\n|-immune|p1a: Blissey\n|\n|upkeep\n|turn|39\n|\n|t:|1697393692\n|switch|p2a: Magearna|Magearna|10\/100\n|move|p1a: Blissey|Stealth Rock|p2a: Magearna\n|-sidestart|p2: XpokVEVO|move: Stealth Rock\n|\n|upkeep\n|turn|40\n|\n|t:|1697393694\n|move|p2a: Magearna|Draining Kiss|p1a: Blissey\n|-damage|p1a: Blissey|76\/100\n|-heal|p2a: Magearna|27\/100|[from] drain|[of] p1a: Blissey\n|-damage|p2a: Magearna|17\/100|[from] item: Life Orb\n|move|p1a: Blissey|Seismic Toss|p2a: Magearna\n|-damage|p2a: Magearna|0 fnt\n|faint|p2a: Magearna\n|\n|upkeep\n|\n|t:|1697393696\n|switch|p2a: Spectrier|Spectrier|88\/100\n|-damage|p2a: Spectrier|76\/100|[from] Stealth Rock\n|turn|41\n|\n|t:|1697393699\n|switch|p1a: Arceus|Arceus-Dark|100\/100\n|move|p2a: Spectrier|Dark Pulse|p1a: Arceus\n|-resisted|p1a: Arceus\n|-damage|p1a: Arceus|90\/100\n|\n|upkeep\n|turn|42\n|\n|t:|1697393701\n|move|p2a: Spectrier|Dark Pulse|p1a: Arceus\n|-resisted|p1a: Arceus\n|-damage|p1a: Arceus|78\/100\n|move|p1a: Arceus|Foul Play|p2a: Spectrier\n|-supereffective|p2a: Spectrier\n|-damage|p2a: Spectrier|10\/100\n|\n|upkeep\n|turn|43\n|\n|t:|1697393703\n|move|p2a: Spectrier|Dark Pulse|p1a: Arceus\n|-resisted|p1a: Arceus\n|-damage|p1a: Arceus|68\/100\n|move|p1a: Arceus|Foul Play|p2a: Spectrier\n|-supereffective|p2a: Spectrier\n|-damage|p2a: Spectrier|0 fnt\n|faint|p2a: Spectrier\n|\n|win|vespyyy\n|l|\u2606XpokVEVO\n|l|\u2606vespyyy\n|j|\u2606vespyyy\n|player|p1|vespyyy|juggler\n","uploadtime":1697393716,"views":14,"p1id":"vespyyy","p2id":"xpokvevo","formatid":"gen9ubers","rating":0,"private":0,"password":""}