{"id":"gen9ubers-1978759131","p1":"F-00_MC","p2":"Jrdyop","format":"[Gen 9] Ubers","log":"|j|\u2606F-00_MC\n|j|\u2606Jrdyop\n|t:|1698591736\n|gametype|singles\n|player|p1|F-00_MC|hilbert|\n|player|p2|Jrdyop|blackbelt-gen4dp|\n|teamsize|p1|6\n|teamsize|p2|6\n|gen|9\n|tier|[Gen 9] Ubers\n|rule|Sleep Clause Mod: Limit one foe put to sleep\n|rule|Species Clause: Limit one of each Pok\u00e9mon\n|rule|OHKO Clause: OHKO moves are banned\n|rule|Evasion Items Clause: Evasion items are banned\n|rule|Evasion Moves Clause: Evasion moves are banned\n|rule|Endless Battle Clause: Forcing endless battles is banned\n|rule|HP Percentage Mod: HP is shown in percentages\n|clearpoke\n|poke|p1|Pelipper, F|\n|poke|p1|Palkia-Origin|\n|poke|p1|Zacian-*|\n|poke|p1|Arceus-Grass|\n|poke|p1|Overqwil, M|\n|poke|p1|Cyclizar, M|\n|poke|p2|Samurott-Hisui, M|\n|poke|p2|Gholdengo|\n|poke|p2|Cyclizar, F|\n|poke|p2|Chi-Yu|\n|poke|p2|Basculegion-F, F|\n|poke|p2|Palafin, F|\n|teampreview\n|inactive|Battle timer is ON: inactive players will automatically lose when time's up. (requested by F-00_MC)\n|c|\u2606Jrdyop|wait do we gotta use the same team or can we switch\n|c|\u2606F-00_MC|switching is allowed\n|inactive|F-00_MC has 270 seconds left.\n|inactive|Jrdyop has 270 seconds left.\n|c|\u2606F-00_MC|wtd\n|c|\u2606Jrdyop|k\n|c|\u2606F-00_MC|wth\n|c|\u2606Jrdyop|?\n|c|\u2606F-00_MC|i've never heard of a tour that doesn't allow switching\n|c|\u2606Jrdyop|I\u2019ve never played in a bo3 tour before\n|inactive|Jrdyop has 240 seconds left.\n|\n|t:|1698591814\n|start\n|switch|p1a: Cyclizar|Cyclizar, M|100\/100\n|switch|p2a: Chi-Yu|Chi-Yu|100\/100\n|-ability|p2a: Chi-Yu|Beads of Ruin\n|turn|1\n|\n|t:|1698591838\n|move|p1a: Cyclizar|Knock Off|p2a: Chi-Yu\n|-resisted|p2a: Chi-Yu\n|-damage|p2a: Chi-Yu|83\/100\n|-enditem|p2a: Chi-Yu|Choice Specs|[from] move: Knock Off|[of] p1a: Cyclizar\n|move|p2a: Chi-Yu|Dark Pulse|p1a: Cyclizar\n|-damage|p1a: Cyclizar|14\/100\n|\n|upkeep\n|turn|2\n|\n|t:|1698591854\n|move|p1a: Cyclizar|U-turn|p2a: Chi-Yu\n|-damage|p2a: Chi-Yu|57\/100\n|inactive|F-00_MC has 270 seconds left.\n|inactive|F-00_MC has 240 seconds left.\n|\n|t:|1698591907\n|switch|p1a: Arceus|Arceus-Grass|100\/100|[from] U-turn\n|move|p2a: Chi-Yu|Overheat|p1a: Arceus\n|-supereffective|p1a: Arceus\n|-damage|p1a: Arceus|0 fnt\n|-unboost|p2a: Chi-Yu|spa|2\n|faint|p1a: Arceus\n|\n|upkeep\n|\n|t:|1698591913\n|switch|p1a: Pelipper|Pelipper, F|100\/100\n|-weather|RainDance|[from] ability: Drizzle|[of] p1a: Pelipper\n|turn|3\n|\n|t:|1698591927\n|switch|p2a: Palafin|Palafin, F|100\/100\n|switch|p1a: Zacian|Zacian, shiny|100\/100\n|-ability|p1a: Zacian|Intrepid Sword|boost\n|-boost|p1a: Zacian|atk|1\n|\n|-weather|RainDance|[upkeep]\n|upkeep\n|turn|4\n|\n|t:|1698591938\n|detailschange|p2a: Palafin|Palafin-Hero, F\n|switch|p2a: Gholdengo|Gholdengo|100\/100\n|move|p1a: Zacian|Swords Dance|p1a: Zacian\n|-boost|p1a: Zacian|atk|2\n|\n|-weather|RainDance|[upkeep]\n|upkeep\n|turn|5\n|\n|t:|1698591957\n|-terastallize|p1a: Zacian|Water\n|move|p2a: Gholdengo|Make It Rain|p1a: Zacian\n|-resisted|p1a: Zacian\n|-damage|p1a: Zacian|71\/100\n|-unboost|p2a: Gholdengo|spa|1\n|move|p1a: Zacian|Tera Blast|p2a: Gholdengo|[anim] Tera Blast Water\n|-damage|p2a: Gholdengo|0 fnt\n|faint|p2a: Gholdengo\n|\n|-weather|RainDance|[upkeep]\n|upkeep\n|\n|t:|1698591974\n|switch|p2a: Samurott|Samurott-Hisui, M|100\/100\n|turn|6\n|\n|t:|1698591984\n|move|p1a: Zacian|Play Rough|p2a: Samurott|[miss]\n|-miss|p1a: Zacian|p2a: Samurott\n|move|p2a: Samurott|Ceaseless Edge|p1a: Zacian\n|-damage|p1a: Zacian|27\/100\n|-sidestart|p1: F-00_MC|Spikes\n|\n|-weather|RainDance|[upkeep]\n|upkeep\n|turn|7\n|inactive|F-00_MC has 240 seconds left.\n|\n|t:|1698591991\n|move|p2a: Samurott|Sucker Punch|p1a: Zacian\n|-damage|p1a: Zacian|0 fnt\n|faint|p1a: Zacian\n|\n|-weather|RainDance|[upkeep]\n|upkeep\n|inactive|F-00_MC has 240 seconds left.\n|\n|t:|1698591998\n|switch|p1a: Palkia|Palkia-Origin|100\/100\n|-damage|p1a: Palkia|88\/100|[from] Spikes\n|-ability|p1a: Palkia|Pressure\n|turn|8\n|\n|t:|1698592007\n|move|p1a: Palkia|Thunder|p2a: Samurott\n|-supereffective|p2a: Samurott\n|-enditem|p2a: Samurott|Focus Sash\n|-damage|p2a: Samurott|1\/100\n|move|p2a: Samurott|Ceaseless Edge|p1a: Palkia\n|-damage|p1a: Palkia|39\/100\n|-sidestart|p1: F-00_MC|Spikes\n|\n|-weather|RainDance|[upkeep]\n|upkeep\n|turn|9\n|\n|t:|1698592021\n|move|p2a: Samurott|Sucker Punch|p1a: Palkia\n|-damage|p1a: Palkia|4\/100\n|move|p1a: Palkia|Surf|p2a: Samurott\n|-resisted|p2a: Samurott\n|-damage|p2a: Samurott|0 fnt\n|faint|p2a: Samurott\n|\n|-weather|RainDance|[upkeep]\n|upkeep\n|\n|t:|1698592024\n|switch|p2a: Palafin|Palafin-Hero, F|100\/100\n|-activate|p2a: Palafin|ability: Zero to Hero\n|turn|10\n|\n|t:|1698592032\n|move|p2a: Palafin|Jet Punch|p1a: Palkia\n|-resisted|p1a: Palkia\n|-damage|p1a: Palkia|0 fnt\n|faint|p1a: Palkia\n|\n|-weather|none\n|upkeep\n|\n|t:|1698592046\n|switch|p1a: Pelipper|Pelipper, F|100\/100\n|-weather|RainDance|[from] ability: Drizzle|[of] p1a: Pelipper\n|turn|11\n|\n|t:|1698592052\n|switch|p2a: Cyclizar|Cyclizar, F|100\/100\n|move|p1a: Pelipper|Hurricane|p2a: Cyclizar\n|-damage|p2a: Cyclizar|35\/100\n|\n|-weather|RainDance|[upkeep]\n|upkeep\n|turn|12\n|\n|t:|1698592064\n|move|p2a: Cyclizar|U-turn|p1a: Pelipper\n|-resisted|p1a: Pelipper\n|-damage|p1a: Pelipper|94\/100\n|\n|t:|1698592072\n|switch|p2a: Palafin|Palafin-Hero, F|100\/100|[from] U-turn\n|move|p1a: Pelipper|Hurricane|p2a: Palafin\n|-damage|p2a: Palafin|62\/100\n|-start|p2a: Palafin|confusion\n|\n|-weather|RainDance|[upkeep]\n|upkeep\n|turn|13\n|inactive|F-00_MC has 270 seconds left.\n|\n|t:|1698592080\n|-activate|p2a: Palafin|confusion\n|move|p2a: Palafin|Flip Turn|p1a: Pelipper\n|-resisted|p1a: Pelipper\n|-damage|p1a: Pelipper|57\/100\n|\n|t:|1698592085\n|switch|p2a: Cyclizar|Cyclizar, F|68\/100|[from] Flip Turn\n|move|p1a: Pelipper|Hurricane|p2a: Cyclizar\n|-damage|p2a: Cyclizar|2\/100\n|-start|p2a: Cyclizar|confusion\n|\n|-weather|RainDance|[upkeep]\n|upkeep\n|turn|14\n|\n|t:|1698592099\n|-activate|p2a: Cyclizar|confusion\n|-damage|p2a: Cyclizar|0 fnt|[from] confusion\n|faint|p2a: Cyclizar\n|move|p1a: Pelipper|Hurricane|p2: Cyclizar|[notarget]\n|-fail|p1a: Pelipper\n|\n|-weather|RainDance|[upkeep]\n|upkeep\n|\n|t:|1698592103\n|switch|p2a: Basculegion|Basculegion-F, F|100\/100\n|turn|15\n|\n|t:|1698592108\n|move|p2a: Basculegion|Wave Crash|p1a: Pelipper\n|-resisted|p1a: Pelipper\n|-damage|p1a: Pelipper|21\/100\n|-damage|p2a: Basculegion|90\/100|[from] Recoil\n|move|p1a: Pelipper|Hurricane|p2a: Basculegion\n|-damage|p2a: Basculegion|46\/100\n|\n|-weather|RainDance|[upkeep]\n|upkeep\n|turn|16\n|\n|t:|1698592120\n|move|p2a: Basculegion|Wave Crash|p1a: Pelipper\n|-resisted|p1a: Pelipper\n|-damage|p1a: Pelipper|0 fnt\n|faint|p1a: Pelipper\n|-damage|p2a: Basculegion|40\/100|[from] Recoil\n|\n|-weather|RainDance|[upkeep]\n|upkeep\n|\n|t:|1698592138\n|switch|p1a: It's Joeverqwil.|Overqwil, M, shiny|100\/100\n|-damage|p1a: It's Joeverqwil.|84\/100|[from] Spikes\n|turn|17\n|\n|t:|1698592145\n|move|p1a: It's Joeverqwil.|Crunch|p2a: Basculegion\n|-supereffective|p2a: Basculegion\n|-damage|p2a: Basculegion|0 fnt\n|faint|p2a: Basculegion\n|-damage|p1a: It's Joeverqwil.|74\/100|[from] item: Life Orb\n|\n|-weather|RainDance|[upkeep]\n|upkeep\n|\n|t:|1698592148\n|switch|p2a: Palafin|Palafin-Hero, F|62\/100\n|turn|18\n|\n|t:|1698592169\n|-terastallize|p2a: Palafin|Water\n|move|p2a: Palafin|Jet Punch|p1a: It's Joeverqwil.\n|-damage|p1a: It's Joeverqwil.|0 fnt\n|faint|p1a: It's Joeverqwil.\n|\n|-weather|none\n|upkeep\n|\n|t:|1698592173\n|switch|p1a: Cyclizar|Cyclizar, M|47\/100\n|turn|19\n|\n|t:|1698592184\n|move|p2a: Palafin|Jet Punch|p1a: Cyclizar\n|-resisted|p1a: Cyclizar\n|-damage|p1a: Cyclizar|0 fnt\n|faint|p1a: Cyclizar\n|\n|win|Jrdyop\n|c|\u2606F-00_MC|gg 1 - 1\n","uploadtime":1698592191,"views":20,"p1id":"f00mc","p2id":"jrdyop","formatid":"gen9ubers","rating":0,"private":0,"password":""}