{"id":"gen9ubers-1984167144","p1":"IDAHAN","p2":"GratedsShtickface","format":"[Gen 9] Ubers","log":"|j|\u2606IDAHAN\n|j|\u2606GratedsShtickface\n|t:|1699225749\n|gametype|singles\n|player|p1|IDAHAN|ethan|\n|player|p2|GratedsShtickface|hiker-gen4|\n|teamsize|p1|6\n|teamsize|p2|6\n|gen|9\n|tier|[Gen 9] Ubers\n|rule|Sleep Clause Mod: Limit one foe put to sleep\n|rule|Species Clause: Limit one of each Pok\u00e9mon\n|rule|OHKO Clause: OHKO moves are banned\n|rule|Evasion Items Clause: Evasion items are banned\n|rule|Evasion Moves Clause: Evasion moves are banned\n|rule|Endless Battle Clause: Forcing endless battles is banned\n|rule|HP Percentage Mod: HP is shown in percentages\n|clearpoke\n|poke|p1|Basculin-White-Striped, F|\n|poke|p1|Arceus-Ghost|\n|poke|p1|Magearna|\n|poke|p1|Chi-Yu|\n|poke|p1|Zacian-*|\n|poke|p1|Palkia-Origin|\n|poke|p2|Rillaboom, M|\n|poke|p2|Sneasler, M|\n|poke|p2|Espathra, M|\n|poke|p2|Magearna|\n|poke|p2|Arceus-Fire|\n|poke|p2|Palafin, F|\n|teampreview\n|inactive|Battle timer is ON: inactive players will automatically lose when time's up. (requested by IDAHAN)\n|c|\u2606IDAHAN|glhf :)\n|\n|t:|1699225759\n|start\n|switch|p1a: Magearna|Magearna|100\/100\n|switch|p2a: Random Finizen|Palafin, F|100\/100\n|turn|1\n|c|\u2606GratedsShtickface|glhf\n|\n|t:|1699225769\n|detailschange|p2a: Random Finizen|Palafin-Hero, F\n|switch|p2a: Magearna|Magearna|100\/100\n|move|p1a: Magearna|Thunder Wave|p2a: Magearna\n|-status|p2a: Magearna|par\n|\n|upkeep\n|turn|2\n|\n|t:|1699225774\n|move|p1a: Magearna|Volt Switch|p2a: Magearna\n|-damage|p2a: Magearna|85\/100 par\n|\n|t:|1699225776\n|switch|p1a: Chi-Yu|Chi-Yu|100\/100|[from] Volt Switch\n|-ability|p1a: Chi-Yu|Beads of Ruin\n|move|p2a: Magearna|Thunder Wave|p1a: Chi-Yu\n|-status|p1a: Chi-Yu|par\n|\n|-heal|p2a: Magearna|91\/100 par|[from] item: Leftovers\n|upkeep\n|turn|3\n|\n|t:|1699225789\n|switch|p2a: Random Finizen|Palafin-Hero, F|100\/100\n|-activate|p2a: Random Finizen|ability: Zero to Hero\n|move|p1a: Chi-Yu|Overheat|p2a: Random Finizen\n|-resisted|p2a: Random Finizen\n|-damage|p2a: Random Finizen|17\/100\n|-unboost|p1a: Chi-Yu|spa|2\n|\n|upkeep\n|turn|4\n|\n|t:|1699225808\n|move|p2a: Random Finizen|Close Combat|p1a: Chi-Yu\n|-supereffective|p1a: Chi-Yu\n|-damage|p1a: Chi-Yu|0 fnt\n|-unboost|p2a: Random Finizen|def|1\n|-unboost|p2a: Random Finizen|spd|1\n|faint|p1a: Chi-Yu\n|\n|upkeep\n|\n|t:|1699225814\n|switch|p1a: Basculin|Basculin-White-Striped, F|100\/100\n|turn|5\n|\n|t:|1699225820\n|switch|p2a: Harambe|Rillaboom, M|100\/100\n|-fieldstart|move: Grassy Terrain|[from] ability: Grassy Surge|[of] p2a: Harambe\n|move|p1a: Basculin|Aqua Jet|p2a: Harambe\n|-resisted|p2a: Harambe\n|-damage|p2a: Harambe|88\/100\n|\n|-heal|p2a: Harambe|94\/100|[from] Grassy Terrain\n|upkeep\n|turn|6\n|\n|t:|1699225830\n|switch|p1a: Magearna|Magearna|100\/100\n|move|p2a: Harambe|U-turn|p1a: Magearna\n|-resisted|p1a: Magearna\n|-damage|p1a: Magearna|94\/100\n|\n|t:|1699225838\n|switch|p2a: Ar\u0441eus-Fighting|Arceus-Fire|100\/100|[from] U-turn\n|\n|-heal|p1a: Magearna|100\/100|[from] Grassy Terrain\n|upkeep\n|turn|7\n|\n|t:|1699225851\n|switch|p2a: Magearna|Magearna|91\/100 par\n|move|p1a: Magearna|Thunder Wave|p2a: Magearna\n|-fail|p2a: Magearna|par\n|\n|-heal|p2a: Magearna|97\/100 par|[from] Grassy Terrain\n|-heal|p2a: Magearna|100\/100 par|[from] item: Leftovers\n|upkeep\n|turn|8\n|\n|t:|1699225855\n|move|p1a: Magearna|Spikes|p2a: Magearna\n|-sidestart|p2: GratedsShtickface|Spikes\n|cant|p2a: Magearna|par\n|\n|upkeep\n|turn|9\n|\n|t:|1699225859\n|move|p1a: Magearna|Spikes|p2a: Magearna\n|-sidestart|p2: GratedsShtickface|Spikes\n|cant|p2a: Magearna|par\n|\n|-fieldend|move: Grassy Terrain\n|upkeep\n|turn|10\n|\n|t:|1699225864\n|move|p1a: Magearna|Volt Switch|p2a: Magearna\n|-damage|p2a: Magearna|84\/100 par\n|\n|t:|1699225867\n|switch|p1a: Palkia|Palkia-Origin|100\/100|[from] Volt Switch\n|-ability|p1a: Palkia|Pressure\n|move|p2a: Magearna|Thunder Wave|p1a: Palkia\n|-status|p1a: Palkia|par\n|\n|-heal|p2a: Magearna|90\/100 par|[from] item: Leftovers\n|upkeep\n|turn|11\n|\n|t:|1699225874\n|cant|p1a: Palkia|par\n|move|p2a: Magearna|Spikes|p1a: Palkia\n|-sidestart|p1: IDAHAN|Spikes\n|\n|-heal|p2a: Magearna|96\/100 par|[from] item: Leftovers\n|upkeep\n|turn|12\n|\n|t:|1699225879\n|cant|p1a: Palkia|par\n|move|p2a: Magearna|Spikes|p1a: Palkia\n|-sidestart|p1: IDAHAN|Spikes\n|\n|-heal|p2a: Magearna|100\/100 par|[from] item: Leftovers\n|upkeep\n|turn|13\n|\n|t:|1699225886\n|move|p1a: Palkia|Fire Blast|p2a: Magearna\n|-supereffective|p2a: Magearna\n|-damage|p2a: Magearna|29\/100 par\n|move|p2a: Magearna|Fleur Cannon|p1a: Palkia\n|-supereffective|p1a: Palkia\n|-damage|p1a: Palkia|0 fnt\n|-unboost|p2a: Magearna|spa|2\n|faint|p1a: Palkia\n|-ability|p2a: Magearna|Soul-Heart|boost\n|-boost|p2a: Magearna|spa|1\n|\n|-heal|p2a: Magearna|35\/100 par|[from] item: Leftovers\n|upkeep\n|\n|t:|1699225897\n|switch|p1a: Zacian|Zacian|100\/100\n|-damage|p1a: Zacian|84\/100|[from] Spikes\n|-ability|p1a: Zacian|Intrepid Sword|boost\n|-boost|p1a: Zacian|atk|1\n|turn|14\n|\n|t:|1699225907\n|move|p1a: Zacian|Close Combat|p2a: Magearna\n|-damage|p2a: Magearna|0 fnt\n|-unboost|p1a: Zacian|def|1\n|-unboost|p1a: Zacian|spd|1\n|faint|p2a: Magearna\n|\n|upkeep\n|\n|t:|1699225924\n|switch|p2a: Harambe|Rillaboom, M|94\/100\n|-damage|p2a: Harambe|78\/100|[from] Spikes\n|-fieldstart|move: Grassy Terrain|[from] ability: Grassy Surge|[of] p2a: Harambe\n|turn|15\n|\n|t:|1699225938\n|switch|p1a: Magearna|Magearna|100\/100\n|-damage|p1a: Magearna|84\/100|[from] Spikes\n|move|p2a: Harambe|Grassy Glide|p1a: Magearna\n|-resisted|p1a: Magearna\n|-damage|p1a: Magearna|67\/100\n|\n|-heal|p2a: Harambe|84\/100|[from] Grassy Terrain\n|-heal|p1a: Magearna|73\/100|[from] Grassy Terrain\n|-heal|p1a: Magearna|79\/100|[from] item: Leftovers\n|upkeep\n|turn|16\n|\n|t:|1699225948\n|switch|p2a: Random Finizen|Palafin-Hero, F|17\/100\n|-damage|p2a: Random Finizen|0 fnt|[from] Spikes\n|faint|p2a: Random Finizen\n|-ability|p1a: Magearna|Soul-Heart|boost\n|-boost|p1a: Magearna|spa|1\n|move|p1a: Magearna|Thunder Wave|p2: Random Finizen|[notarget]\n|-fail|p1a: Magearna\n|\n|-heal|p1a: Magearna|85\/100|[from] Grassy Terrain\n|-heal|p1a: Magearna|91\/100|[from] item: Leftovers\n|upkeep\n|\n|t:|1699225961\n|switch|p2a: Ar\u0441eus-Fighting|Arceus-Fire|100\/100\n|-damage|p2a: Ar\u0441eus-Fighting|84\/100|[from] Spikes\n|turn|17\n|\n|t:|1699225966\n|move|p2a: Ar\u0441eus-Fighting|Flare Blitz|p1a: Magearna\n|-supereffective|p1a: Magearna\n|-damage|p1a: Magearna|2\/100\n|-damage|p2a: Ar\u0441eus-Fighting|59\/100|[from] Recoil\n|move|p1a: Magearna|Thunder Wave|p2a: Ar\u0441eus-Fighting\n|-status|p2a: Ar\u0441eus-Fighting|par\n|\n|-heal|p1a: Magearna|8\/100|[from] Grassy Terrain\n|-heal|p1a: Magearna|14\/100|[from] item: Leftovers\n|-heal|p2a: Ar\u0441eus-Fighting|65\/100 par|[from] Grassy Terrain\n|upkeep\n|turn|18\n|c|\u2606IDAHAN|lmao\n|c|\u2606IDAHAN|arceus fire-arceus fighting\n|c|\u2606IDAHAN|thats funny\n|\n|t:|1699225995\n|move|p1a: Magearna|Spikes|p2a: Ar\u0441eus-Fighting\n|-sidestart|p2: GratedsShtickface|Spikes\n|cant|p2a: Ar\u0441eus-Fighting|par\n|\n|-heal|p1a: Magearna|20\/100|[from] Grassy Terrain\n|-heal|p1a: Magearna|26\/100|[from] item: Leftovers\n|-heal|p2a: Ar\u0441eus-Fighting|72\/100 par|[from] Grassy Terrain\n|upkeep\n|turn|19\n|\n|t:|1699226006\n|move|p1a: Magearna|Volt Switch|p2a: Ar\u0441eus-Fighting\n|-damage|p2a: Ar\u0441eus-Fighting|50\/100 par\n|\n|t:|1699226013\n|switch|p1a: Arceus|Arceus-Ghost|100\/100|[from] Volt Switch\n|-damage|p1a: Arceus|84\/100|[from] Spikes\n|move|p2a: Ar\u0441eus-Fighting|Flare Blitz|p1a: Arceus\n|-damage|p1a: Arceus|34\/100\n|-damage|p2a: Ar\u0441eus-Fighting|34\/100 par|[from] Recoil\n|\n|-heal|p1a: Arceus|40\/100|[from] Grassy Terrain\n|-heal|p2a: Ar\u0441eus-Fighting|40\/100 par|[from] Grassy Terrain\n|-fieldend|move: Grassy Terrain\n|upkeep\n|turn|20\n|\n|t:|1699226028\n|move|p1a: Arceus|Recover|p1a: Arceus\n|-heal|p1a: Arceus|91\/100\n|move|p2a: Ar\u0441eus-Fighting|Flare Blitz|p1a: Arceus\n|-damage|p1a: Arceus|39\/100\n|-damage|p2a: Ar\u0441eus-Fighting|24\/100 par|[from] Recoil\n|\n|upkeep\n|turn|21\n|\n|t:|1699226036\n|switch|p2a: Harambe|Rillaboom, M|84\/100\n|-damage|p2a: Harambe|59\/100|[from] Spikes\n|-fieldstart|move: Grassy Terrain|[from] ability: Grassy Surge|[of] p2a: Harambe\n|move|p1a: Arceus|Recover|p1a: Arceus\n|-heal|p1a: Arceus|89\/100\n|\n|-heal|p1a: Arceus|95\/100|[from] Grassy Terrain\n|-heal|p2a: Harambe|65\/100|[from] Grassy Terrain\n|upkeep\n|turn|22\n|\n|t:|1699226043\n|move|p1a: Arceus|Swords Dance|p1a: Arceus\n|-boost|p1a: Arceus|atk|2\n|move|p2a: Harambe|Wood Hammer|p1a: Arceus\n|-damage|p1a: Arceus|14\/100\n|-damage|p2a: Harambe|31\/100|[from] Recoil\n|\n|-heal|p1a: Arceus|20\/100|[from] Grassy Terrain\n|-heal|p2a: Harambe|37\/100|[from] Grassy Terrain\n|upkeep\n|turn|23\n|\n|t:|1699226057\n|switch|p2a: Ar\u0441eus-Fighting|Arceus-Fire|24\/100 par\n|-damage|p2a: Ar\u0441eus-Fighting|0 fnt|[from] Spikes\n|faint|p2a: Ar\u0441eus-Fighting\n|move|p1a: Arceus|Extreme Speed|p2: Ar\u0441eus-Fighting|[notarget]\n|-fail|p1a: Arceus\n|\n|-heal|p1a: Arceus|26\/100|[from] Grassy Terrain\n|upkeep\n|\n|t:|1699226068\n|switch|p2a: Haha Long Boi|Sneasler, M, shiny|100\/100\n|-damage|p2a: Haha Long Boi|76\/100|[from] Spikes\n|-enditem|p2a: Haha Long Boi|Grassy Seed\n|-boost|p2a: Haha Long Boi|def|1|[from] item: Grassy Seed\n|turn|24\n|\n|t:|1699226078\n|-terastallize|p1a: Arceus|Normal\n|move|p1a: Arceus|Extreme Speed|p2a: Haha Long Boi\n|-damage|p2a: Haha Long Boi|0 fnt\n|faint|p2a: Haha Long Boi\n|\n|-heal|p1a: Arceus|33\/100|[from] Grassy Terrain\n|upkeep\n|\n|t:|1699226083\n|switch|p2a: The Ostrich|Espathra, M, shiny|100\/100\n|-damage|p2a: The Ostrich|75\/100|[from] Spikes\n|-enditem|p2a: The Ostrich|Grassy Seed\n|-boost|p2a: The Ostrich|def|1|[from] item: Grassy Seed\n|turn|25\n|\n|t:|1699226089\n|move|p2a: The Ostrich|Protect|p2a: The Ostrich\n|-singleturn|p2a: The Ostrich|Protect\n|move|p1a: Arceus|Extreme Speed|p2a: The Ostrich\n|-activate|p2a: The Ostrich|move: Protect\n|\n|-heal|p1a: Arceus|39\/100|[from] Grassy Terrain\n|-heal|p2a: The Ostrich|82\/100|[from] Grassy Terrain\n|-fieldend|move: Grassy Terrain\n|-ability|p2a: The Ostrich|Speed Boost|boost\n|-boost|p2a: The Ostrich|spe|1\n|upkeep\n|turn|26\n|\n|t:|1699226101\n|move|p1a: Arceus|Extreme Speed|p2a: The Ostrich\n|-damage|p2a: The Ostrich|0 fnt\n|faint|p2a: The Ostrich\n|\n|upkeep\n|\n|t:|1699226103\n|switch|p2a: Harambe|Rillaboom, M|37\/100\n|-damage|p2a: Harambe|13\/100|[from] Spikes\n|-fieldstart|move: Grassy Terrain|[from] ability: Grassy Surge|[of] p2a: Harambe\n|turn|27\n|c|\u2606GratedsShtickface|gg\n|c|\u2606IDAHAN|mom can we have e-killer?\n|c|\u2606IDAHAN|we have e-killer at home\n|c|\u2606IDAHAN|e-killer at home:\n|c|\u2606IDAHAN|gg\n|c|\u2606IDAHAN|wp\n|c|\u2606IDAHAN|lol\n|\n|t:|1699226119\n|move|p1a: Arceus|Extreme Speed|p2a: Harambe\n|-damage|p2a: Harambe|0 fnt\n|faint|p2a: Harambe\n|\n|win|IDAHAN\n|l|\u2606IDAHAN\n","uploadtime":1699226127,"views":10,"p1id":"idahan","p2id":"gratedsshtickface","formatid":"gen9ubers","rating":0,"private":0,"password":""}