{"id":"gen9ubers-1981873675","p1":"a bit moody","p2":"Leo Justice","format":"[Gen 9] Ubers","log":"|j|\u2606a bit moody\n|j|\u2606Leo Justice\n|t:|1698948127\n|gametype|singles\n|player|p1|a bit moody|170|\n|player|p2|Leo Justice|carmine|\n|teamsize|p1|6\n|teamsize|p2|6\n|gen|9\n|tier|[Gen 9] Ubers\n|rule|Sleep Clause Mod: Limit one foe put to sleep\n|rule|Species Clause: Limit one of each Pok\u00e9mon\n|rule|OHKO Clause: OHKO moves are banned\n|rule|Evasion Items Clause: Evasion items are banned\n|rule|Evasion Moves Clause: Evasion moves are banned\n|rule|Endless Battle Clause: Forcing endless battles is banned\n|rule|HP Percentage Mod: HP is shown in percentages\n|clearpoke\n|poke|p1|Zacian-*|\n|poke|p1|Blissey, F|\n|poke|p1|Alomomola, F|\n|poke|p1|Overqwil, F|\n|poke|p1|Talonflame, M|\n|poke|p1|Dialga|\n|poke|p2|Dialga|\n|poke|p2|Moltres|\n|poke|p2|Palafin, M|\n|poke|p2|Arceus-Ghost|\n|poke|p2|Cyclizar, M|\n|poke|p2|Chi-Yu|\n|teampreview\n|\n|t:|1698948141\n|start\n|switch|p1a: Talonflame|Talonflame, M|100\/100\n|switch|p2a: Palafin|Palafin, M|100\/100\n|turn|1\n|\n|t:|1698948150\n|detailschange|p2a: Palafin|Palafin-Hero, M\n|switch|p2a: Moltres|Moltres|100\/100\n|move|p1a: Talonflame|Will-O-Wisp|p2a: Moltres\n|-immune|p2a: Moltres\n|\n|upkeep\n|turn|2\n|\n|t:|1698948157\n|move|p1a: Talonflame|Taunt|p2a: Moltres\n|-start|p2a: Moltres|move: Taunt\n|move|p2a: Moltres|Hurricane|p1a: Talonflame|[miss]\n|-miss|p2a: Moltres|p1a: Talonflame\n|\n|upkeep\n|turn|3\n|\n|t:|1698948169\n|switch|p1a: Blissey|Blissey, F|100\/100\n|move|p2a: Moltres|U-turn|p1a: Blissey\n|-damage|p1a: Blissey|87\/100\n|\n|t:|1698948180\n|switch|p2a: Arceus|Arceus-Ghost|100\/100|[from] U-turn\n|\n|upkeep\n|turn|4\n|\n|t:|1698948184\n|move|p2a: Arceus|Swords Dance|p2a: Arceus\n|-boost|p2a: Arceus|atk|2\n|move|p1a: Blissey|Thunder Wave|p2a: Arceus\n|-status|p2a: Arceus|par\n|\n|upkeep\n|turn|5\n|\n|t:|1698948192\n|switch|p1a: Overqwil|Overqwil, F|100\/100\n|-ability|p1a: Overqwil|Intimidate|boost\n|-unboost|p2a: Arceus|atk|1\n|cant|p2a: Arceus|par\n|\n|upkeep\n|turn|6\n|\n|t:|1698948199\n|-terastallize|p2a: Arceus|Normal\n|move|p1a: Overqwil|Crunch|p2a: Arceus\n|-damage|p2a: Arceus|81\/100 par\n|cant|p2a: Arceus|par\n|\n|upkeep\n|turn|7\n|\n|t:|1698948205\n|move|p1a: Overqwil|Gunk Shot|p2a: Arceus\n|-damage|p2a: Arceus|52\/100 par\n|move|p2a: Arceus|Swords Dance|p2a: Arceus\n|-boost|p2a: Arceus|atk|2\n|\n|upkeep\n|turn|8\n|\n|t:|1698948210\n|move|p1a: Overqwil|Gunk Shot|p2a: Arceus|[miss]\n|-miss|p1a: Overqwil|p2a: Arceus\n|move|p2a: Arceus|Recover|p2a: Arceus\n|-heal|p2a: Arceus|100\/100 par\n|\n|upkeep\n|turn|9\n|\n|t:|1698948214\n|move|p2a: Arceus|Extreme Speed|p1a: Overqwil\n|-damage|p1a: Overqwil|28\/100\n|move|p1a: Overqwil|Gunk Shot|p2a: Arceus|[miss]\n|-miss|p1a: Overqwil|p2a: Arceus\n|\n|-heal|p1a: Overqwil|34\/100|[from] item: Leftovers\n|upkeep\n|turn|10\n|\n|t:|1698948218\n|cant|p2a: Arceus|par\n|move|p1a: Overqwil|Gunk Shot|p2a: Arceus\n|-damage|p2a: Arceus|71\/100 par\n|\n|-heal|p1a: Overqwil|40\/100|[from] item: Leftovers\n|upkeep\n|turn|11\n|\n|t:|1698948224\n|move|p1a: Overqwil|Toxic Spikes|p2a: Arceus\n|-sidestart|p2: Leo Justice|move: Toxic Spikes\n|move|p2a: Arceus|Recover|p2a: Arceus\n|-heal|p2a: Arceus|100\/100 par\n|\n|-heal|p1a: Overqwil|46\/100|[from] item: Leftovers\n|upkeep\n|turn|12\n|\n|t:|1698948228\n|move|p1a: Overqwil|Toxic Spikes|p2a: Arceus\n|-sidestart|p2: Leo Justice|move: Toxic Spikes\n|move|p2a: Arceus|Swords Dance|p2a: Arceus\n|-boost|p2a: Arceus|atk|2\n|\n|-heal|p1a: Overqwil|53\/100|[from] item: Leftovers\n|upkeep\n|turn|13\n|\n|t:|1698948232\n|move|p2a: Arceus|Extreme Speed|p1a: Overqwil\n|-damage|p1a: Overqwil|0 fnt\n|faint|p1a: Overqwil\n|\n|upkeep\n|\n|t:|1698948245\n|switch|p1a: Dialga|Dialga|100\/100\n|-ability|p1a: Dialga|Pressure\n|turn|14\n|\n|t:|1698948248\n|move|p2a: Arceus|Shadow Claw|p1a: Dialga\n|-damage|p1a: Dialga|0 fnt\n|faint|p1a: Dialga\n|\n|upkeep\n|\n|t:|1698948256\n|switch|p1a: Zacian|Zacian|100\/100\n|-ability|p1a: Zacian|Intrepid Sword|boost\n|-boost|p1a: Zacian|atk|1\n|turn|15\n|\n|t:|1698948259\n|cant|p2a: Arceus|par\n|move|p1a: Zacian|Close Combat|p2a: Arceus\n|-supereffective|p2a: Arceus\n|-damage|p2a: Arceus|0 fnt\n|-unboost|p1a: Zacian|def|1\n|-unboost|p1a: Zacian|spd|1\n|faint|p2a: Arceus\n|\n|upkeep\n|\n|t:|1698948264\n|switch|p2a: Moltres|Moltres|100\/100\n|turn|16\n|\n|t:|1698948269\n|switch|p1a: Blissey|Blissey, F|87\/100\n|move|p2a: Moltres|Will-O-Wisp|p1a: Blissey\n|-status|p1a: Blissey|brn\n|\n|-damage|p1a: Blissey|81\/100 brn|[from] brn\n|upkeep\n|turn|17\n|\n|t:|1698948274\n|move|p2a: Moltres|U-turn|p1a: Blissey\n|-damage|p1a: Blissey|66\/100 brn\n|\n|t:|1698948275\n|switch|p2a: Cyclizar|Cyclizar, M|100\/100|[from] U-turn\n|move|p1a: Blissey|Thunder Wave|p2a: Cyclizar|[miss]\n|-miss|p1a: Blissey|p2a: Cyclizar\n|\n|-damage|p1a: Blissey|60\/100 brn|[from] brn\n|upkeep\n|turn|18\n|\n|t:|1698948285\n|move|p2a: Cyclizar|Rapid Spin|p1a: Blissey\n|-damage|p1a: Blissey|44\/100 brn\n|-boost|p2a: Cyclizar|spe|1\n|-sideend|p2: Leo Justice|Toxic Spikes|[from] move: Rapid Spin|[of] p2a: Cyclizar\n|move|p1a: Blissey|Seismic Toss|p2a: Cyclizar\n|-damage|p2a: Cyclizar|71\/100\n|\n|-damage|p1a: Blissey|38\/100 brn|[from] brn\n|upkeep\n|turn|19\n|\n|t:|1698948292\n|move|p2a: Cyclizar|Shed Tail|p2a: Cyclizar\n|-start|p2a: Cyclizar|Substitute|[from] move: Shed Tail\n|-damage|p2a: Cyclizar|21\/100\n|\n|t:|1698948299\n|switch|p2a: Palafin|Palafin-Hero, M|100\/100|[from] Shed Tail\n|-activate|p2a: Palafin|ability: Zero to Hero\n|move|p1a: Blissey|Soft-Boiled|p1a: Blissey\n|-heal|p1a: Blissey|88\/100 brn\n|\n|-damage|p1a: Blissey|81\/100 brn|[from] brn\n|upkeep\n|turn|20\n|\n|t:|1698948306\n|-curestatus|p1a: Blissey|brn|[from] ability: Natural Cure\n|switch|p1a: Alomomola|Alomomola, F|100\/100\n|move|p2a: Palafin|Close Combat|p1a: Alomomola\n|-damage|p1a: Alomomola|60\/100\n|-unboost|p2a: Palafin|def|1\n|-unboost|p2a: Palafin|spd|1\n|\n|upkeep\n|turn|21\n|\n|t:|1698948314\n|move|p2a: Palafin|Close Combat|p1a: Alomomola\n|-damage|p1a: Alomomola|21\/100\n|-unboost|p2a: Palafin|def|1\n|-unboost|p2a: Palafin|spd|1\n|move|p1a: Alomomola|Wish|p1a: Alomomola\n|\n|upkeep\n|turn|22\n|\n|t:|1698948322\n|switch|p2a: Dialga|Dialga|100\/100\n|-ability|p2a: Dialga|Pressure\n|move|p1a: Alomomola|Protect||[still]\n|-fail|p1a: Alomomola\n|\n|-heal|p1a: Alomomola|71\/100|[from] move: Wish|[wisher] Alomomola\n|upkeep\n|turn|23\n|\n|t:|1698948330\n|move|p1a: Alomomola|Protect|p1a: Alomomola\n|-singleturn|p1a: Alomomola|Protect\n|move|p2a: Dialga|Stealth Rock|p1a: Alomomola\n|-sidestart|p1: a bit moody|move: Stealth Rock\n|\n|upkeep\n|turn|24\n|\n|t:|1698948334\n|move|p2a: Dialga|Flash Cannon|p1a: Alomomola\n|-resisted|p1a: Alomomola\n|-damage|p1a: Alomomola|46\/100\n|move|p1a: Alomomola|Wish|p1a: Alomomola\n|\n|upkeep\n|turn|25\n|\n|t:|1698948346\n|move|p1a: Alomomola|Protect|p1a: Alomomola\n|-singleturn|p1a: Alomomola|Protect\n|move|p2a: Dialga|Roar|p1a: Alomomola\n|drag|p1a: Talonflame|Talonflame, M|100\/100\n|\n|upkeep\n|turn|26\n|\n|t:|1698948354\n|move|p1a: Talonflame|Defog|p2a: Dialga\n|-unboost|p2a: Dialga|evasion|1\n|-sideend|p1: a bit moody|Stealth Rock|[from] move: Defog|[of] p1a: Talonflame\n|move|p2a: Dialga|Draco Meteor|p1a: Talonflame\n|-damage|p1a: Talonflame|24\/100\n|-unboost|p2a: Dialga|spa|2\n|\n|upkeep\n|turn|27\n|\n|t:|1698948362\n|switch|p1a: Zacian|Zacian|100\/100\n|switch|p2a: Palafin|Palafin-Hero, M|100\/100\n|\n|upkeep\n|turn|28\n|\n|t:|1698948373\n|move|p1a: Zacian|Play Rough|p2a: Palafin\n|-damage|p2a: Palafin|46\/100\n|move|p2a: Palafin|Flip Turn|p1a: Zacian\n|-damage|p1a: Zacian|40\/100\n|\n|t:|1698948383\n|switch|p2a: Moltres|Moltres|100\/100|[from] Flip Turn\n|\n|upkeep\n|turn|29\n|\n|t:|1698948387\n|switch|p1a: Alomomola|Alomomola, F|80\/100\n|move|p2a: Moltres|U-turn|p1a: Alomomola\n|-damage|p1a: Alomomola|72\/100\n|\n|t:|1698948391\n|switch|p2a: Chi-Yu|Chi-Yu|100\/100|[from] U-turn\n|-ability|p2a: Chi-Yu|Beads of Ruin\n|\n|upkeep\n|turn|30\n|\n|t:|1698948397\n|move|p2a: Chi-Yu|Dark Pulse|p1a: Alomomola\n|-damage|p1a: Alomomola|5\/100\n|move|p1a: Alomomola|Wish|p1a: Alomomola\n|\n|upkeep\n|turn|31\n|\n|t:|1698948402\n|move|p1a: Alomomola|Protect|p1a: Alomomola\n|-singleturn|p1a: Alomomola|Protect\n|move|p2a: Chi-Yu|Dark Pulse|p1a: Alomomola\n|-activate|p1a: Alomomola|move: Protect\n|\n|-heal|p1a: Alomomola|55\/100|[from] move: Wish|[wisher] Alomomola\n|upkeep\n|turn|32\n|\n|t:|1698948406\n|-terastallize|p1a: Alomomola|Fairy\n|move|p2a: Chi-Yu|Dark Pulse|p1a: Alomomola\n|-resisted|p1a: Alomomola\n|-damage|p1a: Alomomola|20\/100\n|move|p1a: Alomomola|Wish|p1a: Alomomola\n|\n|upkeep\n|turn|33\n|\n|t:|1698948414\n|switch|p2a: Cyclizar|Cyclizar, M|54\/100\n|move|p1a: Alomomola|Scald|p2a: Cyclizar\n|-resisted|p2a: Cyclizar\n|-damage|p2a: Cyclizar|45\/100\n|\n|-heal|p1a: Alomomola|70\/100|[from] move: Wish|[wisher] Alomomola\n|upkeep\n|turn|34\n|\n|t:|1698948424\n|move|p2a: Cyclizar|Taunt|p1a: Alomomola\n|-start|p1a: Alomomola|move: Taunt\n|cant|p1a: Alomomola|move: Taunt|Wish\n|\n|upkeep\n|turn|35\n|\n|t:|1698948428\n|switch|p2a: Chi-Yu|Chi-Yu|100\/100\n|-ability|p2a: Chi-Yu|Beads of Ruin\n|move|p1a: Alomomola|Flip Turn|p2a: Chi-Yu\n|-supereffective|p2a: Chi-Yu\n|-damage|p2a: Chi-Yu|50\/100\n|\n|t:|1698948438\n|switch|p1a: Blissey|Blissey, F|81\/100|[from] Flip Turn\n|\n|upkeep\n|turn|36\n|\n|t:|1698948445\n|switch|p2a: Moltres|Moltres|100\/100\n|move|p1a: Blissey|Thunder Wave|p2a: Moltres\n|-status|p2a: Moltres|par\n|\n|upkeep\n|turn|37\n|\n|t:|1698948451\n|move|p1a: Blissey|Seismic Toss|p2a: Moltres\n|-damage|p2a: Moltres|74\/100 par\n|cant|p2a: Moltres|par\n|\n|upkeep\n|turn|38\n|\n|t:|1698948456\n|move|p1a: Blissey|Seismic Toss|p2a: Moltres\n|-damage|p2a: Moltres|48\/100 par\n|-status|p1a: Blissey|brn|[from] ability: Flame Body|[of] p2a: Moltres\n|cant|p2a: Moltres|par\n|\n|-damage|p1a: Blissey|75\/100 brn|[from] brn\n|upkeep\n|turn|39\n|\n|t:|1698948469\n|move|p1a: Blissey|Seismic Toss|p2a: Moltres\n|-damage|p2a: Moltres|22\/100 par\n|cant|p2a: Moltres|par\n|\n|-damage|p1a: Blissey|69\/100 brn|[from] brn\n|upkeep\n|turn|40\n|\n|t:|1698948475\n|switch|p2a: Dialga|Dialga|100\/100\n|-ability|p2a: Dialga|Pressure\n|move|p1a: Blissey|Seismic Toss|p2a: Dialga\n|-damage|p2a: Dialga|76\/100\n|\n|-heal|p2a: Dialga|82\/100|[from] item: Leftovers\n|-damage|p1a: Blissey|63\/100 brn|[from] brn\n|upkeep\n|turn|41\n|\n|t:|1698948485\n|move|p2a: Dialga|Stealth Rock|p1a: Blissey\n|-sidestart|p1: a bit moody|move: Stealth Rock\n|move|p1a: Blissey|Soft-Boiled|p1a: Blissey\n|-heal|p1a: Blissey|100\/100 brn\n|\n|-heal|p2a: Dialga|88\/100|[from] item: Leftovers\n|-damage|p1a: Blissey|94\/100 brn|[from] brn\n|upkeep\n|turn|42\n|\n|t:|1698948496\n|switch|p2a: Cyclizar|Cyclizar, M|78\/100\n|move|p1a: Blissey|Thunder Wave|p2a: Cyclizar\n|-status|p2a: Cyclizar|par\n|\n|-damage|p1a: Blissey|88\/100 brn|[from] brn\n|upkeep\n|turn|43\n|\n|t:|1698948502\n|move|p2a: Cyclizar|Shed Tail|p2a: Cyclizar\n|-start|p2a: Cyclizar|Substitute|[from] move: Shed Tail\n|-damage|p2a: Cyclizar|28\/100 par\n|\n|t:|1698948505\n|switch|p2a: Moltres|Moltres|22\/100 par|[from] Shed Tail\n|move|p1a: Blissey|Seismic Toss|p2a: Moltres\n|-end|p2a: Moltres|Substitute\n|\n|-damage|p1a: Blissey|82\/100 brn|[from] brn\n|upkeep\n|turn|44\n|\n|t:|1698948510\n|switch|p2a: Cyclizar|Cyclizar, M|61\/100 par\n|move|p1a: Blissey|Seismic Toss|p2a: Cyclizar\n|-damage|p2a: Cyclizar|32\/100 par\n|\n|-damage|p1a: Blissey|76\/100 brn|[from] brn\n|upkeep\n|turn|45\n|\n|t:|1698948528\n|switch|p2a: Dialga|Dialga|88\/100\n|-ability|p2a: Dialga|Pressure\n|-curestatus|p1a: Blissey|brn|[from] ability: Natural Cure\n|switch|p1a: Alomomola|Alomomola, F, tera:Fairy|100\/100\n|\n|-heal|p2a: Dialga|94\/100|[from] item: Leftovers\n|upkeep\n|turn|46\n|\n|t:|1698948542\n|move|p2a: Dialga|Flash Cannon|p1a: Alomomola\n|-supereffective|p1a: Alomomola\n|-damage|p1a: Alomomola|5\/100\n|move|p1a: Alomomola|Wish|p1a: Alomomola\n|\n|-heal|p2a: Dialga|100\/100|[from] item: Leftovers\n|upkeep\n|turn|47\n|\n|t:|1698948550\n|move|p1a: Alomomola|Flip Turn|p2a: Dialga\n|-resisted|p2a: Dialga\n|-damage|p2a: Dialga|95\/100\n|\n|t:|1698948554\n|switch|p1a: Blissey|Blissey, F|76\/100|[from] Flip Turn\n|move|p2a: Dialga|Roar|p1a: Blissey\n|drag|p1a: Alomomola|Alomomola, F, tera:Fairy|38\/100\n|\n|-heal|p1a: Alomomola|88\/100|[from] move: Wish|[wisher] Alomomola\n|-heal|p2a: Dialga|100\/100|[from] item: Leftovers\n|upkeep\n|turn|48\n|\n|t:|1698948563\n|switch|p1a: Blissey|Blissey, F|76\/100\n|move|p2a: Dialga|Flash Cannon|p1a: Blissey\n|-damage|p1a: Blissey|63\/100\n|-unboost|p1a: Blissey|spd|1\n|\n|upkeep\n|turn|49\n|\n|t:|1698948572\n|move|p2a: Dialga|Flash Cannon|p1a: Blissey\n|-damage|p1a: Blissey|42\/100\n|move|p1a: Blissey|Thunder Wave|p2a: Dialga\n|-status|p2a: Dialga|par\n|\n|upkeep\n|turn|50\n|\n|t:|1698948577\n|switch|p2a: Palafin|Palafin-Hero, M|46\/100\n|move|p1a: Blissey|Soft-Boiled|p1a: Blissey\n|-heal|p1a: Blissey|92\/100\n|\n|upkeep\n|turn|51\n|\n|t:|1698948584\n|switch|p1a: Alomomola|Alomomola, F, tera:Fairy|100\/100\n|move|p2a: Palafin|Wave Crash|p1a: Alomomola\n|-damage|p1a: Alomomola|38\/100\n|-damage|p2a: Palafin|19\/100|[from] Recoil\n|\n|upkeep\n|turn|52\n|\n|t:|1698948590\n|move|p1a: Alomomola|Protect|p1a: Alomomola\n|-singleturn|p1a: Alomomola|Protect\n|move|p2a: Palafin|Wave Crash|p1a: Alomomola\n|-activate|p1a: Alomomola|move: Protect\n|\n|upkeep\n|turn|53\n|\n|t:|1698948592\n|switch|p1a: Talonflame|Talonflame, M|24\/100\n|move|p2a: Palafin|Wave Crash|p1a: Talonflame\n|-supereffective|p1a: Talonflame\n|-damage|p1a: Talonflame|0 fnt\n|faint|p1a: Talonflame\n|-damage|p2a: Palafin|12\/100|[from] Recoil\n|\n|upkeep\n|\n|t:|1698948602\n|switch|p1a: Alomomola|Alomomola, F, tera:Fairy|71\/100\n|turn|54\n|\n|t:|1698948606\n|move|p2a: Palafin|Wave Crash|p1a: Alomomola\n|-damage|p1a: Alomomola|11\/100\n|-damage|p2a: Palafin|0 fnt|[from] Recoil\n|faint|p2a: Palafin\n|move|p1a: Alomomola|Wish|p1a: Alomomola\n|\n|upkeep\n|\n|t:|1698948618\n|switch|p2a: Chi-Yu|Chi-Yu|50\/100\n|-ability|p2a: Chi-Yu|Beads of Ruin\n|turn|55\n|\n|t:|1698948623\n|move|p1a: Alomomola|Protect|p1a: Alomomola\n|-singleturn|p1a: Alomomola|Protect\n|move|p2a: Chi-Yu|Flamethrower|p1a: Alomomola\n|-activate|p1a: Alomomola|move: Protect\n|\n|-heal|p1a: Alomomola|61\/100|[from] move: Wish|[wisher] Alomomola\n|upkeep\n|turn|56\n|\n|t:|1698948629\n|switch|p1a: Blissey|Blissey, F|92\/100\n|move|p2a: Chi-Yu|Flamethrower|p1a: Blissey\n|-damage|p1a: Blissey|71\/100\n|\n|upkeep\n|turn|57\n|\n|t:|1698948642\n|switch|p2a: Cyclizar|Cyclizar, M|65\/100 par\n|move|p1a: Blissey|Thunder Wave|p2a: Cyclizar\n|-fail|p2a: Cyclizar|par\n|\n|upkeep\n|turn|58\n|\n|t:|1698948651\n|move|p2a: Cyclizar|Knock Off|p1a: Blissey\n|-damage|p1a: Blissey|49\/100\n|-enditem|p1a: Blissey|Heavy-Duty Boots|[from] move: Knock Off|[of] p2a: Cyclizar\n|move|p1a: Blissey|Seismic Toss|p2a: Cyclizar\n|-damage|p2a: Cyclizar|36\/100 par\n|\n|upkeep\n|turn|59\n|\n|t:|1698948663\n|move|p2a: Cyclizar|Taunt|p1a: Blissey\n|-start|p1a: Blissey|move: Taunt\n|cant|p1a: Blissey|move: Taunt|Soft-Boiled\n|\n|upkeep\n|turn|60\n|\n|t:|1698948675\n|move|p2a: Cyclizar|Rapid Spin|p1a: Blissey\n|-damage|p1a: Blissey|34\/100\n|-boost|p2a: Cyclizar|spe|1\n|move|p1a: Blissey|Seismic Toss|p2a: Cyclizar\n|-damage|p2a: Cyclizar|7\/100 par\n|\n|upkeep\n|turn|61\n|\n|t:|1698948683\n|switch|p2a: Dialga|Dialga|100\/100 par\n|-ability|p2a: Dialga|Pressure\n|switch|p1a: Alomomola|Alomomola, F, tera:Fairy|94\/100\n|\n|upkeep\n|turn|62\n|\n|t:|1698948693\n|move|p1a: Alomomola|Wish|p1a: Alomomola\n|move|p2a: Dialga|Flash Cannon|p1a: Alomomola\n|-supereffective|p1a: Alomomola\n|-damage|p1a: Alomomola|8\/100\n|\n|upkeep\n|turn|63\n|\n|t:|1698948699\n|switch|p1a: Blissey|Blissey, F|34\/100\n|-damage|p1a: Blissey|22\/100|[from] Stealth Rock\n|move|p2a: Dialga|Flash Cannon|p1a: Blissey\n|-damage|p1a: Blissey|9\/100\n|\n|-heal|p1a: Blissey|50\/100|[from] move: Wish|[wisher] Alomomola\n|upkeep\n|turn|64\n|\n|t:|1698948715\n|move|p1a: Blissey|Soft-Boiled|p1a: Blissey\n|-heal|p1a: Blissey|99\/100\n|move|p2a: Dialga|Flash Cannon|p1a: Blissey\n|-damage|p1a: Blissey|87\/100\n|\n|upkeep\n|turn|65\n|\n|t:|1698948725\n|move|p1a: Blissey|Seismic Toss|p2a: Dialga\n|-damage|p2a: Dialga|76\/100 par\n|move|p2a: Dialga|Roar|p1a: Blissey\n|drag|p1a: Alomomola|Alomomola, F, tera:Fairy|42\/100\n|\n|-heal|p2a: Dialga|82\/100 par|[from] item: Leftovers\n|upkeep\n|turn|66\n|\n|t:|1698948733\n|move|p1a: Alomomola|Protect|p1a: Alomomola\n|-singleturn|p1a: Alomomola|Protect\n|cant|p2a: Dialga|par\n|\n|-heal|p2a: Dialga|88\/100 par|[from] item: Leftovers\n|upkeep\n|turn|67\n|\n|t:|1698948739\n|switch|p1a: Blissey|Blissey, F|87\/100\n|-damage|p1a: Blissey|75\/100|[from] Stealth Rock\n|switch|p2a: Cyclizar|Cyclizar, M|40\/100 par\n|\n|upkeep\n|turn|68\n|\n|t:|1698948750\n|switch|p2a: Dialga|Dialga|88\/100 par\n|-ability|p2a: Dialga|Pressure\n|switch|p1a: Zacian|Zacian|40\/100\n|-damage|p1a: Zacian|28\/100|[from] Stealth Rock\n|\n|-heal|p2a: Dialga|94\/100 par|[from] item: Leftovers\n|upkeep\n|turn|69\n|\n|t:|1698948768\n|switch|p2a: Moltres|Moltres|22\/100 par\n|move|p1a: Zacian|Play Rough|p2a: Moltres\n|-resisted|p2a: Moltres\n|-damage|p2a: Moltres|0 fnt\n|faint|p2a: Moltres\n|\n|upkeep\n|\n|t:|1698948777\n|switch|p2a: Chi-Yu|Chi-Yu|50\/100\n|-ability|p2a: Chi-Yu|Beads of Ruin\n|turn|70\n|\n|t:|1698948784\n|move|p2a: Chi-Yu|Overheat|p1a: Zacian\n|-damage|p1a: Zacian|0 fnt\n|-unboost|p2a: Chi-Yu|spa|2\n|faint|p1a: Zacian\n|\n|upkeep\n|\n|t:|1698948787\n|switch|p1a: Blissey|Blissey, F|75\/100\n|-damage|p1a: Blissey|62\/100|[from] Stealth Rock\n|turn|71\n|\n|t:|1698948794\n|switch|p2a: Cyclizar|Cyclizar, M|73\/100 par\n|move|p1a: Blissey|Soft-Boiled|p1a: Blissey\n|-heal|p1a: Blissey|100\/100\n|\n|upkeep\n|turn|72\n|\n|t:|1698948801\n|switch|p1a: Alomomola|Alomomola, F, tera:Fairy|75\/100\n|move|p2a: Cyclizar|Shed Tail|p2a: Cyclizar\n|-start|p2a: Cyclizar|Substitute|[from] move: Shed Tail\n|-damage|p2a: Cyclizar|23\/100 par\n|\n|t:|1698948805\n|switch|p2a: Dialga|Dialga|94\/100 par|[from] Shed Tail\n|-ability|p2a: Dialga|Pressure\n|\n|-heal|p2a: Dialga|100\/100 par|[from] item: Leftovers\n|upkeep\n|turn|73\n|\n|t:|1698948812\n|switch|p1a: Blissey|Blissey, F|100\/100\n|-damage|p1a: Blissey|88\/100|[from] Stealth Rock\n|move|p2a: Dialga|Flash Cannon|p1a: Blissey\n|-damage|p1a: Blissey|75\/100\n|\n|upkeep\n|turn|74\n|\n|t:|1698948820\n|move|p1a: Blissey|Seismic Toss|p2a: Dialga\n|-end|p2a: Dialga|Substitute\n|move|p2a: Dialga|Flash Cannon|p1a: Blissey\n|-damage|p1a: Blissey|62\/100\n|\n|upkeep\n|turn|75\n|\n|t:|1698948827\n|switch|p2a: Cyclizar|Cyclizar, M|56\/100 par\n|move|p1a: Blissey|Seismic Toss|p2a: Cyclizar\n|-damage|p2a: Cyclizar|27\/100 par\n|\n|upkeep\n|turn|76\n|\n|t:|1698948833\n|switch|p2a: Dialga|Dialga|100\/100 par\n|-ability|p2a: Dialga|Pressure\n|move|p1a: Blissey|Seismic Toss|p2a: Dialga\n|-damage|p2a: Dialga|76\/100 par\n|\n|-heal|p2a: Dialga|82\/100 par|[from] item: Leftovers\n|upkeep\n|turn|77\n|\n|t:|1698948843\n|switch|p2a: Cyclizar|Cyclizar, M|60\/100 par\n|move|p1a: Blissey|Seismic Toss|p2a: Cyclizar\n|-damage|p2a: Cyclizar|31\/100 par\n|\n|upkeep\n|turn|78\n|\n|t:|1698948851\n|switch|p2a: Dialga|Dialga|82\/100 par\n|-ability|p2a: Dialga|Pressure\n|move|p1a: Blissey|Seismic Toss|p2a: Dialga\n|-damage|p2a: Dialga|57\/100 par\n|\n|-heal|p2a: Dialga|63\/100 par|[from] item: Leftovers\n|upkeep\n|turn|79\n|\n|t:|1698948860\n|switch|p2a: Cyclizar|Cyclizar, M|64\/100 par\n|move|p1a: Blissey|Seismic Toss|p2a: Cyclizar\n|-damage|p2a: Cyclizar|35\/100 par\n|\n|upkeep\n|turn|80\n|\n|t:|1698948881\n|move|p2a: Cyclizar|Rapid Spin|p1a: Blissey\n|-damage|p1a: Blissey|45\/100\n|-boost|p2a: Cyclizar|spe|1\n|move|p1a: Blissey|Seismic Toss|p2a: Cyclizar\n|-damage|p2a: Cyclizar|6\/100 par\n|\n|upkeep\n|turn|81\n|\n|t:|1698948889\n|switch|p2a: Dialga|Dialga|63\/100 par\n|-ability|p2a: Dialga|Pressure\n|move|p1a: Blissey|Seismic Toss|p2a: Dialga\n|-damage|p2a: Dialga|39\/100 par\n|\n|-heal|p2a: Dialga|45\/100 par|[from] item: Leftovers\n|upkeep\n|turn|82\n|\n|t:|1698948897\n|switch|p1a: Alomomola|Alomomola, F, tera:Fairy|100\/100\n|switch|p2a: Cyclizar|Cyclizar, M|39\/100 par\n|\n|upkeep\n|turn|83\n|\n|t:|1698948904\n|switch|p2a: Dialga|Dialga|45\/100 par\n|-ability|p2a: Dialga|Pressure\n|move|p1a: Alomomola|Wish|p1a: Alomomola\n|\n|-heal|p2a: Dialga|51\/100 par|[from] item: Leftovers\n|upkeep\n|turn|84\n|\n|t:|1698948911\n|move|p1a: Alomomola|Flip Turn|p2a: Dialga\n|-resisted|p2a: Dialga\n|-damage|p2a: Dialga|46\/100 par\n|\n|t:|1698948913\n|switch|p1a: Blissey|Blissey, F|45\/100|[from] Flip Turn\n|-damage|p1a: Blissey|33\/100|[from] Stealth Rock\n|move|p2a: Dialga|Flash Cannon|p1a: Blissey\n|-damage|p1a: Blissey|20\/100\n|\n|-heal|p1a: Blissey|61\/100|[from] move: Wish|[wisher] Alomomola\n|-heal|p2a: Dialga|52\/100 par|[from] item: Leftovers\n|upkeep\n|turn|85\n|\n|t:|1698948923\n|switch|p1a: Alomomola|Alomomola, F, tera:Fairy|100\/100\n|switch|p2a: Cyclizar|Cyclizar, M|73\/100 par\n|\n|upkeep\n|turn|86\n|\n|t:|1698948930\n|switch|p1a: Blissey|Blissey, F|61\/100\n|-damage|p1a: Blissey|49\/100|[from] Stealth Rock\n|move|p2a: Cyclizar|Shed Tail|p2a: Cyclizar\n|-start|p2a: Cyclizar|Substitute|[from] move: Shed Tail\n|-damage|p2a: Cyclizar|22\/100 par\n|\n|t:|1698948941\n|switch|p2a: Chi-Yu|Chi-Yu|50\/100|[from] Shed Tail\n|-ability|p2a: Chi-Yu|Beads of Ruin\n|\n|upkeep\n|turn|87\n|\n|t:|1698948956\n|switch|p1a: Alomomola|Alomomola, F, tera:Fairy|100\/100\n|move|p2a: Chi-Yu|Flamethrower|p1a: Alomomola\n|-damage|p1a: Alomomola|21\/100\n|\n|upkeep\n|turn|88\n|\n|t:|1698948962\n|switch|p1a: Blissey|Blissey, F|49\/100\n|-damage|p1a: Blissey|36\/100|[from] Stealth Rock\n|move|p2a: Chi-Yu|Flamethrower|p1a: Blissey\n|-damage|p1a: Blissey|15\/100\n|\n|upkeep\n|turn|89\n|\n|t:|1698948969\n|move|p2a: Chi-Yu|Flamethrower|p1a: Blissey\n|-damage|p1a: Blissey|0 fnt\n|faint|p1a: Blissey\n|\n|upkeep\n|-message|a bit moody forfeited.\n|\n|win|Leo Justice\n|l|\u2606a bit moody\n","uploadtime":1698948981,"views":19,"p1id":"abitmoody","p2id":"leojustice","formatid":"gen9ubers","rating":0,"private":0,"password":""}