{"id":"gen9ubers-1986544424","p1":"swellow is stronk","p2":"godiamsosorry","format":"[Gen 9] Ubers","log":"|j|\u2606swellow is stronk\n|j|\u2606godiamsosorry\n|t:|1699490244\n|gametype|singles\n|player|p1|swellow is stronk|266|\n|player|p2|godiamsosorry|lady|\n|teamsize|p1|6\n|teamsize|p2|6\n|gen|9\n|tier|[Gen 9] Ubers\n|rule|Sleep Clause Mod: Limit one foe put to sleep\n|rule|Species Clause: Limit one of each Pok\u00e9mon\n|rule|OHKO Clause: OHKO moves are banned\n|rule|Evasion Items Clause: Evasion items are banned\n|rule|Evasion Moves Clause: Evasion moves are banned\n|rule|Endless Battle Clause: Forcing endless battles is banned\n|rule|HP Percentage Mod: HP is shown in percentages\n|clearpoke\n|poke|p1|Arceus|\n|poke|p1|Giratina-Origin|\n|poke|p1|Landorus, M|\n|poke|p1|Rayquaza|\n|poke|p1|Groudon|\n|poke|p1|Slowking-Galar, M|\n|poke|p2|Cyclizar, M|\n|poke|p2|Mewtwo|\n|poke|p2|Arceus|\n|poke|p2|Basculegion-F, F|\n|poke|p2|Giratina-Origin|\n|poke|p2|Groudon|\n|teampreview\n|inactive|Battle timer is ON: inactive players will automatically lose when time's up. (requested by swellow is stronk)\n|c|\u2606swellow is stronk|hf\n|c|\u2606godiamsosorry|THE GLORIOUS CHAIRMAN SLOWKING-GALAR OF THE PEOPLE\u00b4S REPUBLIC OF CONTRARIANMONS.\n|c|\u2606godiamsosorry|ALL HAIL.\n|c|\u2606godiamsosorry|gl hf\n|inactive|godiamsosorry has 270 seconds left.\n|\n|t:|1699490276\n|start\n|switch|p1a: Groudon|Groudon|100\/100\n|switch|p2a: Cyclizar|Cyclizar, M|100\/100\n|-weather|SunnyDay|[from] ability: Drought|[of] p1a: Groudon\n|turn|1\n|\n|t:|1699490288\n|move|p2a: Cyclizar|Taunt|p1a: Groudon\n|-start|p1a: Groudon|move: Taunt\n|cant|p1a: Groudon|move: Taunt|Stealth Rock\n|\n|-weather|SunnyDay|[upkeep]\n|upkeep\n|turn|2\n|\n|t:|1699490290\n|move|p2a: Cyclizar|Shed Tail|p2a: Cyclizar\n|-start|p2a: Cyclizar|Substitute|[from] move: Shed Tail\n|-damage|p2a: Cyclizar|50\/100\n|j| WowACow\n|\n|t:|1699490295\n|switch|p2a: Arceus|Arceus|100\/100|[from] Shed Tail\n|move|p1a: Groudon|Lava Plume|p2a: Arceus\n|-end|p2a: Arceus|Substitute\n|\n|-weather|SunnyDay|[upkeep]\n|upkeep\n|turn|3\n|c| WowACow|Git gob\n|\n|t:|1699490302\n|move|p2a: Arceus|Swords Dance|p2a: Arceus\n|-boost|p2a: Arceus|atk|2\n|move|p1a: Groudon|Lava Plume|p2a: Arceus\n|-damage|p2a: Arceus|83\/100\n|\n|-weather|SunnyDay|[upkeep]\n|-end|p1a: Groudon|move: Taunt\n|upkeep\n|turn|4\n|\n|t:|1699490307\n|move|p2a: Arceus|Extreme Speed|p1a: Groudon\n|-damage|p1a: Groudon|30\/100\n|move|p1a: Groudon|Lava Plume|p2a: Arceus\n|-damage|p2a: Arceus|64\/100\n|\n|-weather|SunnyDay|[upkeep]\n|-heal|p1a: Groudon|36\/100|[from] item: Leftovers\n|upkeep\n|turn|5\n|c| WowACow|Nuuu it's joever\n|\n|t:|1699490322\n|move|p2a: Arceus|Extreme Speed|p1a: Groudon\n|-crit|p1a: Groudon\n|-damage|p1a: Groudon|0 fnt\n|faint|p1a: Groudon\n|\n|-weather|none\n|upkeep\n|\n|t:|1699490324\n|switch|p1a: Giratina|Giratina-Origin|100\/100\n|turn|6\n|\n|t:|1699490346\n|move|p2a: Arceus|Shadow Claw|p1a: Giratina\n|-supereffective|p1a: Giratina\n|-damage|p1a: Giratina|32\/100\n|move|p1a: Giratina|Will-O-Wisp|p2a: Arceus\n|-status|p2a: Arceus|brn\n|\n|-damage|p2a: Arceus|58\/100 brn|[from] brn\n|upkeep\n|turn|7\n|c| WowACow|If it's will o wisp\n|\n|t:|1699490353\n|move|p2a: Arceus|Recover|p2a: Arceus\n|-heal|p2a: Arceus|100\/100 brn\n|move|p1a: Giratina|Pain Split|p2a: Arceus\n|-sethp|p2a: Arceus|68\/100 brn|[from] move: Pain Split|[silent]\n|-sethp|p1a: Giratina|60\/100|[from] move: Pain Split\n|\n|-damage|p2a: Arceus|62\/100 brn|[from] brn\n|upkeep\n|turn|8\n|\n|t:|1699490361\n|switch|p1a: Landorus|Landorus, M|100\/100\n|move|p2a: Arceus|Swords Dance|p2a: Arceus\n|-boost|p2a: Arceus|atk|2\n|\n|-damage|p2a: Arceus|56\/100 brn|[from] brn\n|upkeep\n|turn|9\n|\n|t:|1699490369\n|-terastallize|p2a: Arceus|Normal\n|move|p2a: Arceus|Extreme Speed|p1a: Landorus\n|-damage|p1a: Landorus|0 fnt\n|faint|p1a: Landorus\n|\n|-damage|p2a: Arceus|50\/100 brn|[from] brn\n|upkeep\n|c| WowACow|Landover\n|\n|t:|1699490375\n|switch|p1a: Rayquaza|Rayquaza|100\/100\n|-ability|p1a: Rayquaza|Air Lock\n|turn|10\n|\n|t:|1699490378\n|move|p2a: Arceus|Extreme Speed|p1a: Rayquaza\n|-damage|p1a: Rayquaza|0 fnt\n|faint|p1a: Rayquaza\n|\n|-damage|p2a: Arceus|44\/100 brn|[from] brn\n|upkeep\n|\n|t:|1699490383\n|switch|p1a: Arceus|Arceus|100\/100\n|turn|11\n|\n|t:|1699490386\n|-terastallize|p1a: Arceus|Normal\n|move|p2a: Arceus|Extreme Speed|p1a: Arceus\n|-damage|p1a: Arceus|33\/100\n|move|p1a: Arceus|Extreme Speed|p2a: Arceus\n|-damage|p2a: Arceus|5\/100 brn\n|\n|-damage|p2a: Arceus|0 fnt|[from] brn\n|faint|p2a: Arceus\n|upkeep\n|\n|t:|1699490392\n|switch|p2a: Mewtwo|Mewtwo|100\/100\n|-ability|p2a: Mewtwo|Pressure\n|turn|12\n|\n|t:|1699490398\n|switch|p1a: Slowking|Slowking-Galar, M|100\/100\n|move|p2a: Mewtwo|Drain Punch|p1a: Slowking\n|-resisted|p1a: Slowking\n|-damage|p1a: Slowking|96\/100\n|\n|upkeep\n|turn|13\n|\n|t:|1699490402\n|move|p2a: Mewtwo|Knock Off|p1a: Slowking\n|-supereffective|p1a: Slowking\n|-damage|p1a: Slowking|53\/100\n|-enditem|p1a: Slowking|Heavy-Duty Boots|[from] move: Knock Off|[of] p2a: Mewtwo\n|move|p1a: Slowking|Yawn|p2a: Mewtwo\n|-start|p2a: Mewtwo|move: Yawn|[of] p1a: Slowking\n|\n|upkeep\n|turn|14\n|\n|t:|1699490409\n|switch|p2a: Giratina|Giratina-Origin|100\/100\n|move|p1a: Slowking|Chilly Reception|p1a: Slowking\n|-weather|Snow\n|\n|t:|1699490412\n|switch|p1a: Giratina|Giratina-Origin|60\/100|[from] Chilly Reception\n|\n|-weather|Snow|[upkeep]\n|upkeep\n|turn|15\n|\n|t:|1699490416\n|move|p2a: Giratina|Poltergeist|p1a: Giratina\n|-activate|p1a: Giratina|move: Poltergeist|Griseous Core\n|-supereffective|p1a: Giratina\n|-damage|p1a: Giratina|0 fnt\n|faint|p1a: Giratina\n|\n|-weather|Snow|[upkeep]\n|upkeep\n|\n|t:|1699490421\n|switch|p1a: Slowking|Slowking-Galar, M|86\/100\n|turn|16\n|c| WowACow|Joever\n|\n|t:|1699490426\n|move|p2a: Giratina|Poltergeist||[still]\n|-fail|p2a: Giratina\n|move|p1a: Slowking|Thunder Wave|p2a: Giratina|[miss]\n|-miss|p1a: Slowking|p2a: Giratina\n|\n|-weather|Snow|[upkeep]\n|upkeep\n|turn|17\n|c|\u2606swellow is stronk|bruh\n|c|\u2606godiamsosorry|I may be stupid.\n|\n|t:|1699490435\n|move|p2a: Giratina|Thunder Wave|p1a: Slowking\n|-status|p1a: Slowking|par\n|cant|p1a: Slowking|par\n|\n|-weather|Snow|[upkeep]\n|upkeep\n|turn|18\n|c| WowACow|Oh u knocked it off\n|c| WowACow|Lol\n|\n|t:|1699490439\n|cant|p1a: Slowking|par\n|move|p2a: Giratina|Dragon Tail|p1a: Slowking\n|-damage|p1a: Slowking|64\/100 par\n|drag|p1a: Arceus|Arceus, tera:Normal|33\/100\n|\n|-weather|none\n|upkeep\n|turn|19\n|\n|t:|1699490445\n|move|p1a: Arceus|Recover|p1a: Arceus\n|-heal|p1a: Arceus|83\/100\n|move|p2a: Giratina|Dragon Tail|p1a: Arceus\n|-damage|p1a: Arceus|64\/100\n|drag|p1a: Slowking|Slowking-Galar, M|97\/100 par\n|\n|upkeep\n|turn|20\n|\n|t:|1699490449\n|switch|p2a: Mewtwo|Mewtwo|100\/100\n|-ability|p2a: Mewtwo|Pressure\n|move|p1a: Slowking|Foul Play|p2a: Mewtwo\n|-supereffective|p2a: Mewtwo\n|-damage|p2a: Mewtwo|35\/100\n|\n|-heal|p2a: Mewtwo|41\/100|[from] item: Leftovers\n|upkeep\n|turn|21\n|\n|t:|1699490452\n|move|p2a: Mewtwo|Bulk Up|p2a: Mewtwo\n|-boost|p2a: Mewtwo|atk|1\n|-boost|p2a: Mewtwo|def|1\n|move|p1a: Slowking|Foul Play|p2a: Mewtwo\n|-supereffective|p2a: Mewtwo\n|-damage|p2a: Mewtwo|0 fnt\n|faint|p2a: Mewtwo\n|\n|upkeep\n|\n|t:|1699490459\n|switch|p2a: Giratina|Giratina-Origin|100\/100\n|turn|22\n|\n|t:|1699490463\n|move|p1a: Slowking|Thunder Wave|p2a: Giratina\n|-status|p2a: Giratina|par\n|cant|p2a: Giratina|par\n|\n|upkeep\n|turn|23\n|\n|t:|1699490467\n|move|p1a: Slowking|Foul Play|p2a: Giratina\n|-supereffective|p2a: Giratina\n|-damage|p2a: Giratina|75\/100 par\n|move|p2a: Giratina|Dragon Tail|p1a: Slowking|[miss]\n|-miss|p2a: Giratina|p1a: Slowking\n|\n|upkeep\n|turn|24\n|c| WowACow|Glowking the god\n|\n|t:|1699490471\n|switch|p2a: Groudon|Groudon|100\/100\n|-weather|SunnyDay|[from] ability: Drought|[of] p2a: Groudon\n|move|p1a: Slowking|Foul Play|p2a: Groudon\n|-damage|p2a: Groudon|84\/100\n|\n|-weather|SunnyDay|[upkeep]\n|-heal|p2a: Groudon|91\/100|[from] item: Leftovers\n|upkeep\n|turn|25\n|\n|t:|1699490476\n|move|p2a: Groudon|Earth Power|p1a: Slowking\n|-supereffective|p1a: Slowking\n|-damage|p1a: Slowking|23\/100 par\n|cant|p1a: Slowking|par\n|\n|-weather|SunnyDay|[upkeep]\n|-heal|p2a: Groudon|97\/100|[from] item: Leftovers\n|upkeep\n|turn|26\n|\n|t:|1699490482\n|move|p2a: Groudon|Earth Power|p1a: Slowking\n|-supereffective|p1a: Slowking\n|-damage|p1a: Slowking|0 fnt\n|faint|p1a: Slowking\n|\n|-weather|SunnyDay|[upkeep]\n|-heal|p2a: Groudon|100\/100|[from] item: Leftovers\n|upkeep\n|\n|t:|1699490484\n|switch|p1a: Arceus|Arceus, tera:Normal|64\/100\n|turn|27\n|\n|t:|1699490487\n|move|p1a: Arceus|Swords Dance|p1a: Arceus\n|-boost|p1a: Arceus|atk|2\n|move|p2a: Groudon|Will-O-Wisp|p1a: Arceus|[miss]\n|-miss|p2a: Groudon|p1a: Arceus\n|\n|-weather|SunnyDay|[upkeep]\n|upkeep\n|turn|28\n|\n|t:|1699490491\n|move|p1a: Arceus|Extreme Speed|p2a: Groudon\n|-crit|p2a: Groudon\n|-damage|p2a: Groudon|0 fnt\n|faint|p2a: Groudon\n|\n|-weather|none\n|upkeep\n|\n|t:|1699490497\n|switch|p2a: Basculegion|Basculegion-F, F|100\/100\n|turn|29\n|\n|t:|1699490502\n|move|p2a: Basculegion|Flip Turn|p1a: Arceus\n|-damage|p1a: Arceus|43\/100\n|c| WowACow|NOOOOOO\n|\n|t:|1699490513\n|switch|p2a: Giratina|Giratina-Origin|75\/100 par|[from] Flip Turn\n|move|p1a: Arceus|Shadow Claw|p2a: Giratina\n|-supereffective|p2a: Giratina\n|-damage|p2a: Giratina|18\/100 par\n|\n|upkeep\n|turn|30\n|c| WowACow|Recover if chad\n|\n|t:|1699490516\n|move|p1a: Arceus|Recover|p1a: Arceus\n|-heal|p1a: Arceus|93\/100\n|move|p2a: Giratina|Thunder Wave|p1a: Arceus\n|-status|p1a: Arceus|par\n|\n|upkeep\n|turn|31\n|\n|t:|1699490520\n|move|p1a: Arceus|Shadow Claw|p2a: Giratina\n|-supereffective|p2a: Giratina\n|-damage|p2a: Giratina|0 fnt\n|faint|p2a: Giratina\n|\n|upkeep\n|\n|t:|1699490528\n|switch|p2a: Basculegion|Basculegion-F, F|100\/100\n|turn|32\n|\n|t:|1699490533\n|move|p2a: Basculegion|Wave Crash|p1a: Arceus\n|-damage|p1a: Arceus|53\/100 par\n|-damage|p2a: Basculegion|85\/100|[from] Recoil\n|cant|p1a: Arceus|par\n|\n|upkeep\n|turn|33\n|\n|t:|1699490538\n|move|p2a: Basculegion|Wave Crash|p1a: Arceus\n|-damage|p1a: Arceus|11\/100 par\n|-damage|p2a: Basculegion|69\/100|[from] Recoil\n|cant|p1a: Arceus|par\n|\n|upkeep\n|turn|34\n|\n|t:|1699490541\n|move|p2a: Basculegion|Wave Crash|p1a: Arceus\n|-damage|p1a: Arceus|0 fnt\n|faint|p1a: Arceus\n|-damage|p2a: Basculegion|65\/100|[from] Recoil\n|\n|win|godiamsosorry\n|c|\u2606swellow is stronk|bruh\n|c|\u2606godiamsosorry|Gg\n|c| WowACow|Oh\n|l|\u2606swellow is stronk\n|l|\u2606godiamsosorry\n|c| WowACow|Skill issue moment\n","uploadtime":1699490548,"views":8,"p1id":"swellowisstronk","p2id":"godiamsosorry","formatid":"gen9ubers","rating":0,"private":0,"password":""}