{"id":"gen9ubers-1995475249","p1":"Sarim_m","p2":"LANOUNE","format":"[Gen 9] Ubers","log":"|j|\u2606Sarim_m\n|j|\u2606LANOUNE\n|t:|1700574936\n|gametype|singles\n|player|p1|Sarim_m|ethan|1220\n|player|p2|LANOUNE|266|1323\n|teamsize|p1|6\n|teamsize|p2|6\n|gen|9\n|tier|[Gen 9] Ubers\n|rated|\n|rule|Sleep Clause Mod: Limit one foe put to sleep\n|rule|Species Clause: Limit one of each Pok\u00e9mon\n|rule|OHKO Clause: OHKO moves are banned\n|rule|Evasion Items Clause: Evasion items are banned\n|rule|Evasion Moves Clause: Evasion moves are banned\n|rule|Endless Battle Clause: Forcing endless battles is banned\n|rule|HP Percentage Mod: HP is shown in percentages\n|clearpoke\n|poke|p1|Jolteon, M|\n|poke|p1|Charizard, M|\n|poke|p1|Ogerpon-Cornerstone, F|\n|poke|p1|Urshifu-*, M|\n|poke|p1|Krookodile, M|\n|poke|p1|Dragapult, M|\n|poke|p2|Arceus-Ghost|\n|poke|p2|Zacian-*|\n|poke|p2|Rayquaza|\n|poke|p2|Kyogre|\n|poke|p2|Basculegion, M|\n|poke|p2|Iron Bundle|\n|teampreview\n|inactive|Battle timer is ON: inactive players will automatically lose when time's up. (requested by Sarim_m)\n|inactive|LANOUNE has 120 seconds left.\n|inactive|LANOUNE has 90 seconds left.\n|\n|t:|1700575026\n|start\n|switch|p1a: Ogerpon|Ogerpon-Cornerstone, F|100\/100\n|switch|p2a: Iron Bundle|Iron Bundle, shiny|100\/100\n|-enditem|p2a: Iron Bundle|Booster Energy\n|-activate|p2a: Iron Bundle|ability: Quark Drive|[fromitem]\n|-start|p2a: Iron Bundle|quarkdrivespe\n|turn|1\n|inactive|LANOUNE has 120 seconds left.\n|\n|t:|1700575060\n|move|p2a: Iron Bundle|Hydro Pump|p1a: Ogerpon|[miss]\n|-miss|p2a: Iron Bundle|p1a: Ogerpon\n|move|p1a: Ogerpon|Trailblaze|p2a: Iron Bundle\n|-supereffective|p2a: Iron Bundle\n|-damage|p2a: Iron Bundle|25\/100\n|-boost|p1a: Ogerpon|spe|1\n|\n|upkeep\n|turn|2\n|\n|t:|1700575070\n|move|p2a: Iron Bundle|Hydro Pump|p1a: Ogerpon|[miss]\n|-miss|p2a: Iron Bundle|p1a: Ogerpon\n|move|p1a: Ogerpon|Trailblaze|p2a: Iron Bundle\n|-supereffective|p2a: Iron Bundle\n|-damage|p2a: Iron Bundle|0 fnt\n|-boost|p1a: Ogerpon|spe|1\n|faint|p2a: Iron Bundle\n|-end|p2a: Iron Bundle|Quark Drive|[silent]\n|\n|upkeep\n|\n|t:|1700575073\n|switch|p2a: Zacian|Zacian-Crowned, shiny|100\/100\n|-ability|p2a: Zacian|Intrepid Sword|boost\n|-boost|p2a: Zacian|atk|1\n|turn|3\n|\n|t:|1700575077\n|move|p1a: Ogerpon|Swords Dance|p1a: Ogerpon\n|-boost|p1a: Ogerpon|atk|2\n|move|p2a: Zacian|Behemoth Blade|p1a: Ogerpon\n|-supereffective|p1a: Ogerpon\n|-ability|p1a: Ogerpon|Sturdy\n|-damage|p1a: Ogerpon|1\/100\n|\n|upkeep\n|turn|4\n|\n|t:|1700575081\n|-terastallize|p1a: Ogerpon|Rock\n|detailschange|p1a: Ogerpon|Ogerpon-Cornerstone-Tera, F, tera:Rock\n|-ability|p1a: Ogerpon|Embody Aspect (Cornerstone)|boost\n|-boost|p1a: Ogerpon|def|1\n|move|p1a: Ogerpon|Ivy Cudgel|p2a: Zacian|[anim] Ivy Cudgel Rock\n|-resisted|p2a: Zacian\n|-damage|p2a: Zacian|22\/100\n|move|p2a: Zacian|Trailblaze|p1a: Ogerpon\n|-supereffective|p1a: Ogerpon\n|-damage|p1a: Ogerpon|0 fnt\n|-boost|p2a: Zacian|spe|1\n|faint|p1a: Ogerpon\n|\n|upkeep\n|\n|t:|1700575091\n|switch|p1a: Urshifu|Urshifu-Rapid-Strike, M|100\/100\n|turn|5\n|\n|t:|1700575096\n|move|p1a: Urshifu|Aqua Jet|p2a: Zacian\n|-damage|p2a: Zacian|0 fnt\n|faint|p2a: Zacian\n|\n|upkeep\n|\n|t:|1700575103\n|switch|p2a: Arceus|Arceus-Ghost, shiny|100\/100\n|turn|6\n|\n|t:|1700575111\n|switch|p1a: Dragapult|Dragapult, M|100\/100\n|move|p2a: Arceus|Stealth Rock|p1a: Dragapult\n|-sidestart|p1: Sarim_m|move: Stealth Rock\n|\n|upkeep\n|turn|7\n|\n|t:|1700575116\n|-terastallize|p2a: Arceus|Normal\n|move|p1a: Dragapult|Shadow Ball|p2a: Arceus\n|-immune|p2a: Arceus\n|move|p2a: Arceus|Judgment|p1a: Dragapult\n|-supereffective|p1a: Dragapult\n|-damage|p1a: Dragapult|0 fnt\n|faint|p1a: Dragapult\n|\n|upkeep\n|\n|t:|1700575121\n|switch|p1a: Urshifu|Urshifu-Rapid-Strike, M|100\/100\n|-damage|p1a: Urshifu|94\/100|[from] Stealth Rock\n|turn|8\n|\n|t:|1700575126\n|move|p2a: Arceus|Judgment|p1a: Urshifu\n|-damage|p1a: Urshifu|7\/100\n|move|p1a: Urshifu|Surging Strikes|p2a: Arceus\n|-crit|p2a: Arceus\n|-damage|p2a: Arceus|76\/100\n|-crit|p2a: Arceus\n|-damage|p2a: Arceus|52\/100\n|-crit|p2a: Arceus\n|-damage|p2a: Arceus|26\/100\n|-hitcount|p2a: Arceus|3\n|\n|upkeep\n|turn|9\n|\n|t:|1700575135\n|move|p2a: Arceus|Judgment|p1a: Urshifu\n|-damage|p1a: Urshifu|0 fnt\n|faint|p1a: Urshifu\n|\n|upkeep\n|-message|Sarim_m forfeited.\n|\n|win|LANOUNE\n|raw|Sarim_m's rating: 1220 &rarr; <strong>1202<\/strong><br \/>(-18 for losing)\n|raw|LANOUNE's rating: 1323 &rarr; <strong>1337<\/strong><br \/>(+14 for winning)\n|l|\u2606Sarim_m\n","uploadtime":1700575146,"views":0,"p1id":"sarimm","p2id":"lanoune","formatid":"gen9ubers","rating":1202,"private":0,"password":""}