{"id":"gen9ubers-1979055419","p1":"leonissenbaum","p2":"1P1o1s1h1e1","format":"[Gen 9] Ubers","log":"|j|\u2606leonissenbaum\n|j|\u26061P1o1s1h1e1\n|t:|1698626483\n|gametype|singles\n|player|p1|leonissenbaum|leon|\n|player|p2|1P1o1s1h1e1|2|\n|teamsize|p1|6\n|teamsize|p2|6\n|gen|9\n|tier|[Gen 9] Ubers\n|rule|Sleep Clause Mod: Limit one foe put to sleep\n|rule|Species Clause: Limit one of each Pok\u00e9mon\n|rule|OHKO Clause: OHKO moves are banned\n|rule|Evasion Items Clause: Evasion items are banned\n|rule|Evasion Moves Clause: Evasion moves are banned\n|rule|Endless Battle Clause: Forcing endless battles is banned\n|rule|HP Percentage Mod: HP is shown in percentages\n|clearpoke\n|poke|p1|Giratina|\n|poke|p1|Gliscor, F|\n|poke|p1|Blissey, F|\n|poke|p1|Dondozo, M|\n|poke|p1|Clefable, F|\n|poke|p1|Espeon, F|\n|poke|p2|Pelipper, M|\n|poke|p2|Basculegion-F, F|\n|poke|p2|Shaymin-Sky|\n|poke|p2|Basculin-White-Striped, M|\n|poke|p2|Palkia-Origin|\n|poke|p2|Zamazenta-*|\n|teampreview\n|c|\u2606leonissenbaum|gl!\n|c|\u2606leonissenbaum|oh god the double last respects team\n|c|\u26061P1o1s1h1e1|lol\n|c|\u26061P1o1s1h1e1|glhf\n|\n|t:|1698626511\n|start\n|switch|p1a: Gliscor|Gliscor, F|100\/100\n|switch|p2a: DropFlinch&Die|Shaymin-Sky|100\/100\n|turn|1\n|\n|t:|1698626521\n|move|p1a: Gliscor|Protect|p1a: Gliscor\n|-singleturn|p1a: Gliscor|Protect\n|move|p2a: DropFlinch&Die|Air Slash|p1a: Gliscor\n|-activate|p1a: Gliscor|move: Protect\n|\n|-status|p1a: Gliscor|tox|[from] item: Toxic Orb\n|upkeep\n|turn|2\n|\n|t:|1698626533\n|move|p2a: DropFlinch&Die|Seed Flare|p1a: Gliscor\n|-damage|p1a: Gliscor|55\/100 tox\n|-unboost|p1a: Gliscor|spd|2\n|move|p1a: Gliscor|Toxic Spikes|p2a: DropFlinch&Die\n|-sidestart|p2: 1P1o1s1h1e1|move: Toxic Spikes\n|\n|-heal|p1a: Gliscor|68\/100 tox|[from] ability: Poison Heal\n|upkeep\n|turn|3\n|\n|t:|1698626544\n|move|p1a: Gliscor|Protect|p1a: Gliscor\n|-singleturn|p1a: Gliscor|Protect\n|move|p2a: DropFlinch&Die|Air Slash|p1a: Gliscor\n|-activate|p1a: Gliscor|move: Protect\n|\n|-heal|p1a: Gliscor|80\/100 tox|[from] ability: Poison Heal\n|upkeep\n|turn|4\n|\n|t:|1698626549\n|switch|p1a: Blissey|Blissey, F|100\/100\n|move|p2a: DropFlinch&Die|Air Slash|p1a: Blissey\n|-damage|p1a: Blissey|88\/100\n|\n|-heal|p1a: Blissey|94\/100|[from] item: Leftovers\n|upkeep\n|turn|5\n|\n|t:|1698626555\n|move|p2a: DropFlinch&Die|Leech Seed|p1a: Blissey\n|-start|p1a: Blissey|move: Leech Seed\n|move|p1a: Blissey|Stealth Rock|p2a: DropFlinch&Die\n|-sidestart|p2: 1P1o1s1h1e1|move: Stealth Rock\n|\n|-heal|p1a: Blissey|99\/100|[from] item: Leftovers\n|-damage|p1a: Blissey|88\/100|[from] Leech Seed|[of] p2a: DropFlinch&Die\n|upkeep\n|turn|6\n|\n|t:|1698626563\n|move|p2a: DropFlinch&Die|Seed Flare|p1a: Blissey\n|-damage|p1a: Blissey|71\/100\n|move|p1a: Blissey|Seismic Toss|p2a: DropFlinch&Die\n|-damage|p2a: DropFlinch&Die|71\/100\n|\n|-heal|p1a: Blissey|77\/100|[from] item: Leftovers\n|-damage|p1a: Blissey|64\/100|[from] Leech Seed|[of] p2a: DropFlinch&Die\n|-heal|p2a: DropFlinch&Die|95\/100|[silent]\n|upkeep\n|turn|7\n|\n|t:|1698626569\n|switch|p1a: Giratina|Giratina, shiny|100\/100\n|-ability|p1a: Giratina|Pressure\n|move|p2a: DropFlinch&Die|Seed Flare|p1a: Giratina\n|-resisted|p1a: Giratina\n|-damage|p1a: Giratina|87\/100\n|-unboost|p1a: Giratina|spd|2\n|\n|-heal|p1a: Giratina|94\/100|[from] item: Leftovers\n|upkeep\n|turn|8\n|\n|t:|1698626578\n|switch|p1a: Gliscor|Gliscor, F|80\/100 tox\n|move|p2a: DropFlinch&Die|Air Slash|p1a: Gliscor\n|-damage|p1a: Gliscor|48\/100 tox\n|\n|-heal|p1a: Gliscor|60\/100 tox|[from] ability: Poison Heal\n|upkeep\n|turn|9\n|\n|t:|1698626585\n|move|p1a: Gliscor|Protect|p1a: Gliscor\n|-singleturn|p1a: Gliscor|Protect\n|move|p2a: DropFlinch&Die|Seed Flare|p1a: Gliscor\n|-activate|p1a: Gliscor|move: Protect\n|\n|-heal|p1a: Gliscor|73\/100 tox|[from] ability: Poison Heal\n|upkeep\n|turn|10\n|j| nimjaishot\n|\n|t:|1698626589\n|move|p2a: DropFlinch&Die|Leech Seed|p1a: Gliscor|[miss]\n|-miss|p2a: DropFlinch&Die|p1a: Gliscor\n|move|p1a: Gliscor|Toxic Spikes|p2a: DropFlinch&Die\n|-sidestart|p2: 1P1o1s1h1e1|move: Toxic Spikes\n|\n|-heal|p1a: Gliscor|85\/100 tox|[from] ability: Poison Heal\n|upkeep\n|turn|11\n|\n|t:|1698626597\n|move|p1a: Gliscor|Protect|p1a: Gliscor\n|-singleturn|p1a: Gliscor|Protect\n|move|p2a: DropFlinch&Die|Air Slash|p1a: Gliscor\n|-activate|p1a: Gliscor|move: Protect\n|\n|-heal|p1a: Gliscor|98\/100 tox|[from] ability: Poison Heal\n|upkeep\n|turn|12\n|\n|t:|1698626601\n|move|p2a: DropFlinch&Die|Seed Flare|p1a: Gliscor\n|-damage|p1a: Gliscor|49\/100 tox\n|-unboost|p1a: Gliscor|spd|2\n|move|p1a: Gliscor|Spikes|p2a: DropFlinch&Die\n|-sidestart|p2: 1P1o1s1h1e1|Spikes\n|\n|-heal|p1a: Gliscor|61\/100 tox|[from] ability: Poison Heal\n|upkeep\n|turn|13\n|\n|t:|1698626614\n|move|p1a: Gliscor|Protect|p1a: Gliscor\n|-singleturn|p1a: Gliscor|Protect\n|move|p2a: DropFlinch&Die|Air Slash|p1a: Gliscor\n|-activate|p1a: Gliscor|move: Protect\n|\n|-heal|p1a: Gliscor|73\/100 tox|[from] ability: Poison Heal\n|upkeep\n|turn|14\n|\n|t:|1698626619\n|switch|p1a: Giratina|Giratina, shiny|94\/100\n|-ability|p1a: Giratina|Pressure\n|move|p2a: DropFlinch&Die|Leech Seed|p1a: Giratina|[miss]\n|-miss|p2a: DropFlinch&Die|p1a: Giratina\n|\n|-heal|p1a: Giratina|99\/100|[from] item: Leftovers\n|upkeep\n|turn|15\n|l| nimjaishot\n|c|\u26061P1o1s1h1e1|man I cant hit a leech today\n|c|\u26061P1o1s1h1e1|so sad\n|c|\u2606leonissenbaum|rip\n|\n|t:|1698626635\n|move|p2a: DropFlinch&Die|Air Slash|p1a: Giratina\n|-damage|p1a: Giratina|82\/100\n|move|p1a: Giratina|Thunder Wave|p2a: DropFlinch&Die\n|-status|p2a: DropFlinch&Die|par\n|\n|-heal|p1a: Giratina|88\/100|[from] item: Leftovers\n|upkeep\n|turn|16\n|\n|t:|1698626641\n|move|p1a: Giratina|Hex|p2a: DropFlinch&Die\n|-damage|p2a: DropFlinch&Die|36\/100 par\n|move|p2a: DropFlinch&Die|Healing Wish|p2a: DropFlinch&Die\n|faint|p2a: DropFlinch&Die\n|\n|-heal|p1a: Giratina|95\/100|[from] item: Leftovers\n|upkeep\n|\n|t:|1698626649\n|switch|p2a: Pelipper|Pelipper, M|100\/100\n|-damage|p2a: Pelipper|76\/100|[from] Stealth Rock\n|-weather|RainDance|[from] ability: Drizzle|[of] p2a: Pelipper\n|turn|17\n|\n|t:|1698626656\n|move|p1a: Giratina|Thunder Wave|p2a: Pelipper\n|-status|p2a: Pelipper|par\n|move|p2a: Pelipper|U-turn|p1a: Giratina\n|-resisted|p1a: Giratina\n|-damage|p1a: Giratina|92\/100\n|\n|t:|1698626666\n|switch|p2a: THE CAVALRY|Palkia-Origin|100\/100|[from] U-turn\n|-status|p2a: THE CAVALRY|tox\n|-damage|p2a: THE CAVALRY|88\/100 tox|[from] Stealth Rock\n|-damage|p2a: THE CAVALRY|76\/100 tox|[from] Spikes\n|-ability|p2a: THE CAVALRY|Pressure\n|\n|-weather|RainDance|[upkeep]\n|-heal|p1a: Giratina|98\/100|[from] item: Leftovers\n|-damage|p2a: THE CAVALRY|69\/100 tox|[from] psn\n|upkeep\n|turn|18\n|\n|t:|1698626682\n|switch|p1a: Blissey|Blissey, F|64\/100\n|move|p2a: THE CAVALRY|Spacial Rend|p1a: Blissey\n|-damage|p1a: Blissey|40\/100\n|\n|-weather|RainDance|[upkeep]\n|-heal|p1a: Blissey|46\/100|[from] item: Leftovers\n|-damage|p2a: THE CAVALRY|57\/100 tox|[from] psn\n|upkeep\n|turn|19\n|\n|t:|1698626687\n|move|p2a: THE CAVALRY|Liquidation|p1a: Blissey\n|-damage|p1a: Blissey|0 fnt\n|faint|p1a: Blissey\n|\n|-weather|RainDance|[upkeep]\n|-damage|p2a: THE CAVALRY|38\/100 tox|[from] psn\n|upkeep\n|c|\u2606leonissenbaum|ow\n|\n|t:|1698626707\n|switch|p1a: Clefable|Clefable, F|100\/100\n|turn|20\n|\n|t:|1698626718\n|switch|p2a: WhatThaDogHasDone|Zamazenta-Crowned|100\/100\n|-damage|p2a: WhatThaDogHasDone|97\/100|[from] Stealth Rock\n|-damage|p2a: WhatThaDogHasDone|85\/100|[from] Spikes\n|-ability|p2a: WhatThaDogHasDone|Dauntless Shield|boost\n|-boost|p2a: WhatThaDogHasDone|def|1\n|move|p1a: Clefable|Wish|p1a: Clefable\n|\n|-weather|RainDance|[upkeep]\n|upkeep\n|turn|21\n|\n|t:|1698626732\n|switch|p1a: Dondozo|Dondozo, M|100\/100\n|move|p2a: WhatThaDogHasDone|Iron Defense|p2a: WhatThaDogHasDone\n|-boost|p2a: WhatThaDogHasDone|def|2\n|\n|-weather|RainDance|[upkeep]\n|upkeep\n|turn|22\n|\n|t:|1698626737\n|move|p1a: Dondozo|Body Press|p2a: WhatThaDogHasDone\n|-supereffective|p2a: WhatThaDogHasDone\n|-damage|p2a: WhatThaDogHasDone|50\/100\n|move|p2a: WhatThaDogHasDone|Roar|p1a: Dondozo\n|drag|p1a: Gliscor|Gliscor, F|73\/100 tox\n|\n|-weather|RainDance|[upkeep]\n|-heal|p1a: Gliscor|86\/100 tox|[from] ability: Poison Heal\n|upkeep\n|turn|23\n|\n|t:|1698626751\n|move|p2a: WhatThaDogHasDone|Body Press|p1a: Gliscor\n|-resisted|p1a: Gliscor\n|-damage|p1a: Gliscor|51\/100 tox\n|move|p1a: Gliscor|Spikes|p2a: WhatThaDogHasDone\n|-sidestart|p2: 1P1o1s1h1e1|Spikes\n|\n|-weather|RainDance|[upkeep]\n|-heal|p1a: Gliscor|63\/100 tox|[from] ability: Poison Heal\n|upkeep\n|turn|24\n|\n|t:|1698626758\n|move|p1a: Gliscor|Protect|p1a: Gliscor\n|-singleturn|p1a: Gliscor|Protect\n|move|p2a: WhatThaDogHasDone|Roar|p1a: Gliscor\n|drag|p1a: Dondozo|Dondozo, M|100\/100\n|\n|-weather|none\n|upkeep\n|turn|25\n|\n|t:|1698626772\n|switch|p2a: THE CAVALRY|Palkia-Origin|38\/100 tox\n|-heal|p2a: THE CAVALRY|100\/100|[from] move: Healing Wish\n|-status|p2a: THE CAVALRY|tox\n|-damage|p2a: THE CAVALRY|88\/100 tox|[from] Stealth Rock\n|-damage|p2a: THE CAVALRY|72\/100 tox|[from] Spikes\n|-ability|p2a: THE CAVALRY|Pressure\n|move|p1a: Dondozo|Body Press|p2a: THE CAVALRY\n|-damage|p2a: THE CAVALRY|37\/100 tox\n|\n|-damage|p2a: THE CAVALRY|31\/100 tox|[from] psn\n|upkeep\n|turn|26\n|\n|t:|1698626791\n|move|p2a: THE CAVALRY|Hydro Pump|p1a: Dondozo|[miss]\n|-miss|p2a: THE CAVALRY|p1a: Dondozo\n|move|p1a: Dondozo|Body Press|p2a: THE CAVALRY\n|-damage|p2a: THE CAVALRY|0 fnt\n|faint|p2a: THE CAVALRY\n|\n|upkeep\n|\n|t:|1698626796\n|switch|p2a: Pelipper|Pelipper, M|76\/100 par\n|-damage|p2a: Pelipper|51\/100 par|[from] Stealth Rock\n|-weather|RainDance|[from] ability: Drizzle|[of] p2a: Pelipper\n|turn|27\n|\n|t:|1698626800\n|cant|p2a: Pelipper|par\n|move|p1a: Dondozo|Body Press|p2a: Pelipper\n|-resisted|p2a: Pelipper\n|-damage|p2a: Pelipper|41\/100 par\n|\n|-weather|RainDance|[upkeep]\n|upkeep\n|turn|28\n|\n|t:|1698626804\n|move|p2a: Pelipper|Hurricane|p1a: Dondozo\n|-damage|p1a: Dondozo|66\/100\n|-start|p1a: Dondozo|confusion\n|-activate|p1a: Dondozo|confusion\n|-damage|p1a: Dondozo|62\/100|[from] confusion\n|\n|-weather|RainDance|[upkeep]\n|upkeep\n|turn|29\n|\n|t:|1698626813\n|switch|p1a: Giratina|Giratina, shiny|98\/100\n|-ability|p1a: Giratina|Pressure\n|move|p2a: Pelipper|Roost|p2a: Pelipper\n|-heal|p2a: Pelipper|91\/100 par\n|-singleturn|p2a: Pelipper|move: Roost\n|\n|-weather|RainDance|[upkeep]\n|-heal|p1a: Giratina|100\/100|[from] item: Leftovers\n|upkeep\n|turn|30\n|\n|t:|1698626816\n|switch|p2a: WhatThaDogHasDone|Zamazenta-Crowned|50\/100\n|-damage|p2a: WhatThaDogHasDone|47\/100|[from] Stealth Rock\n|-damage|p2a: WhatThaDogHasDone|31\/100|[from] Spikes\n|move|p1a: Giratina|Hex|p2a: WhatThaDogHasDone\n|-damage|p2a: WhatThaDogHasDone|18\/100\n|\n|-weather|RainDance|[upkeep]\n|upkeep\n|turn|31\n|\n|t:|1698626823\n|switch|p1a: Gliscor|Gliscor, F|63\/100 tox\n|move|p2a: WhatThaDogHasDone|Crunch|p1a: Gliscor\n|-damage|p1a: Gliscor|40\/100 tox\n|\n|-weather|RainDance|[upkeep]\n|-heal|p1a: Gliscor|52\/100 tox|[from] ability: Poison Heal\n|upkeep\n|turn|32\n|\n|t:|1698626831\n|switch|p2a: Junior|Basculin-White-Striped, M|100\/100\n|-status|p2a: Junior|tox\n|-damage|p2a: Junior|88\/100 tox|[from] Stealth Rock\n|-damage|p2a: Junior|72\/100 tox|[from] Spikes\n|move|p1a: Gliscor|Protect||[still]\n|-fail|p1a: Gliscor\n|\n|-weather|RainDance|[upkeep]\n|-damage|p2a: Junior|66\/100 tox|[from] psn\n|-heal|p1a: Gliscor|65\/100 tox|[from] ability: Poison Heal\n|upkeep\n|turn|33\n|\n|t:|1698626848\n|move|p1a: Gliscor|Protect|p1a: Gliscor\n|-singleturn|p1a: Gliscor|Protect\n|move|p2a: Junior|Flip Turn|p1a: Gliscor\n|-activate|p1a: Gliscor|move: Protect\n|\n|-weather|RainDance|[upkeep]\n|-damage|p2a: Junior|54\/100 tox|[from] psn\n|-heal|p1a: Gliscor|77\/100 tox|[from] ability: Poison Heal\n|upkeep\n|turn|34\n|\n|t:|1698626862\n|switch|p1a: Dondozo|Dondozo, M|62\/100\n|move|p2a: Junior|Flip Turn|p1a: Dondozo\n|-resisted|p1a: Dondozo\n|-crit|p1a: Dondozo\n|-damage|p1a: Dondozo|45\/100\n|-damage|p2a: Junior|37\/100 tox|[from] item: Rocky Helmet|[of] p1a: Dondozo\n|\n|t:|1698626875\n|switch|p2a: WhatThaDogHasDone|Zamazenta-Crowned|18\/100|[from] Flip Turn\n|-damage|p2a: WhatThaDogHasDone|14\/100|[from] Stealth Rock\n|-damage|p2a: WhatThaDogHasDone|0 fnt|[from] Spikes\n|faint|p2a: WhatThaDogHasDone\n|\n|-weather|none\n|upkeep\n|\n|t:|1698626887\n|switch|p2a: Pelipper|Pelipper, M|91\/100 par\n|-damage|p2a: Pelipper|66\/100 par|[from] Stealth Rock\n|-weather|RainDance|[from] ability: Drizzle|[of] p2a: Pelipper\n|turn|35\n|\n|t:|1698626892\n|move|p2a: Pelipper|Hurricane|p1a: Dondozo\n|-damage|p1a: Dondozo|10\/100\n|move|p1a: Dondozo|Rest|p1a: Dondozo\n|-status|p1a: Dondozo|slp|[from] move: Rest\n|-heal|p1a: Dondozo|100\/100 slp|[silent]\n|\n|-weather|RainDance|[upkeep]\n|upkeep\n|turn|36\n|\n|t:|1698626908\n|switch|p1a: Giratina|Giratina, shiny|100\/100\n|-ability|p1a: Giratina|Pressure\n|move|p2a: Pelipper|U-turn|p1a: Giratina\n|-resisted|p1a: Giratina\n|-damage|p1a: Giratina|98\/100\n|\n|t:|1698626912\n|switch|p2a: Se\u00f1orita|Basculegion-F, F|100\/100|[from] U-turn\n|\n|-weather|RainDance|[upkeep]\n|-heal|p1a: Giratina|100\/100|[from] item: Leftovers\n|upkeep\n|turn|37\n|\n|t:|1698626920\n|move|p2a: Se\u00f1orita|Last Respects|p1a: Giratina\n|-supereffective|p1a: Giratina\n|-damage|p1a: Giratina|4\/100\n|move|p1a: Giratina|Thunder Wave|p2a: Se\u00f1orita\n|-status|p2a: Se\u00f1orita|par\n|\n|-weather|RainDance|[upkeep]\n|-heal|p1a: Giratina|10\/100|[from] item: Leftovers\n|upkeep\n|turn|38\n|c|\u26061P1o1s1h1e1|lmaoooo\n|c|\u2606leonissenbaum|lmaoooooooooo\n|c|\u26061P1o1s1h1e1|boots not even killing with 3 dead on tina is actually sad\n|\n|t:|1698626950\n|move|p2a: Se\u00f1orita|Scale Shot|p1a: Giratina\n|-supereffective|p1a: Giratina\n|-crit|p1a: Giratina\n|-damage|p1a: Giratina|0 fnt\n|faint|p1a: Giratina\n|-hitcount|p1: Giratina|1\n|-unboost|p2a: Se\u00f1orita|def|1\n|-boost|p2a: Se\u00f1orita|spe|1\n|\n|-weather|RainDance|[upkeep]\n|upkeep\n|\n|t:|1698626958\n|switch|p1a: Gliscor|Gliscor, F|77\/100 tox\n|turn|39\n|\n|t:|1698626967\n|move|p1a: Gliscor|Protect|p1a: Gliscor\n|-singleturn|p1a: Gliscor|Protect\n|cant|p2a: Se\u00f1orita|par\n|\n|-weather|RainDance|[upkeep]\n|-heal|p1a: Gliscor|89\/100 tox|[from] ability: Poison Heal\n|upkeep\n|turn|40\n|\n|t:|1698626978\n|-terastallize|p1a: Gliscor|Normal\n|move|p2a: Se\u00f1orita|Wave Crash|p1a: Gliscor\n|-damage|p1a: Gliscor|27\/100 tox\n|-damage|p2a: Se\u00f1orita|81\/100 par|[from] Recoil\n|move|p1a: Gliscor|Knock Off|p2a: Se\u00f1orita\n|-supereffective|p2a: Se\u00f1orita\n|-damage|p2a: Se\u00f1orita|2\/100 par\n|-enditem|p2a: Se\u00f1orita|Heavy-Duty Boots|[from] move: Knock Off|[of] p1a: Gliscor\n|\n|-weather|RainDance|[upkeep]\n|-heal|p1a: Gliscor|40\/100 tox|[from] ability: Poison Heal\n|upkeep\n|turn|41\n|\n|t:|1698626991\n|move|p1a: Gliscor|Protect|p1a: Gliscor\n|-singleturn|p1a: Gliscor|Protect\n|move|p2a: Se\u00f1orita|Wave Crash|p1a: Gliscor\n|-activate|p1a: Gliscor|move: Protect\n|\n|-weather|RainDance|[upkeep]\n|-heal|p1a: Gliscor|52\/100 tox|[from] ability: Poison Heal\n|upkeep\n|turn|42\n|\n|t:|1698627001\n|switch|p1a: Clefable|Clefable, F|100\/100\n|move|p2a: Se\u00f1orita|Wave Crash|p1a: Clefable\n|-damage|p1a: Clefable|14\/100\n|-damage|p2a: Se\u00f1orita|0 fnt|[from] Recoil\n|faint|p2a: Se\u00f1orita\n|\n|-weather|none\n|-heal|p1a: Clefable|20\/100|[from] item: Leftovers\n|upkeep\n|\n|t:|1698627012\n|switch|p2a: Pelipper|Pelipper, M|66\/100 par\n|-damage|p2a: Pelipper|42\/100 par|[from] Stealth Rock\n|-weather|RainDance|[from] ability: Drizzle|[of] p2a: Pelipper\n|turn|43\n|\n|t:|1698627017\n|move|p1a: Clefable|Moonblast|p2a: Pelipper\n|-crit|p2a: Pelipper\n|-damage|p2a: Pelipper|0 fnt\n|faint|p2a: Pelipper\n|\n|-weather|RainDance|[upkeep]\n|-heal|p1a: Clefable|26\/100|[from] item: Leftovers\n|upkeep\n|\n|t:|1698627020\n|switch|p2a: Junior|Basculin-White-Striped, M|37\/100 tox\n|-damage|p2a: Junior|25\/100 tox|[from] Stealth Rock\n|-damage|p2a: Junior|8\/100 tox|[from] Spikes\n|turn|44\n|c|\u26061P1o1s1h1e1|gg\n|c|\u2606leonissenbaum|gg\n|\n|t:|1698627027\n|-terastallize|p2a: Junior|Ghost\n|move|p1a: Clefable|Protect|p1a: Clefable\n|-singleturn|p1a: Clefable|Protect\n|move|p2a: Junior|Last Respects|p1a: Clefable\n|-activate|p1a: Clefable|move: Protect\n|\n|-weather|RainDance|[upkeep]\n|-heal|p1a: Clefable|32\/100|[from] item: Leftovers\n|-damage|p2a: Junior|2\/100 tox|[from] psn\n|upkeep\n|turn|45\n|\n|t:|1698627035\n|move|p2a: Junior|Last Respects|p1a: Clefable\n|-damage|p1a: Clefable|0 fnt\n|faint|p1a: Clefable\n|\n|-weather|RainDance|[upkeep]\n|-damage|p2a: Junior|0 fnt|[from] psn\n|faint|p2a: Junior\n|\n|win|leonissenbaum\n|upkeep\n|c|\u26061P1o1s1h1e1|yeah ngl this is proof to me that boots kinda sucks\n|c|\u26061P1o1s1h1e1|like looking at the calcdex rolls was sad as hell lol\n|c|\u2606leonissenbaum|lmao rip\n|c|\u2606leonissenbaum|i cant seem to upload this replay\n|c|\u2606leonissenbaum|button isnt working for me\n|c|\u2606leonissenbaum|can you upload it?\n|c|\u26061P1o1s1h1e1|yeah sure\n","uploadtime":1698627173,"views":9,"p1id":"leonissenbaum","p2id":"1p1o1s1h1e1","formatid":"gen9ubers","rating":0,"private":0,"password":""}