{"id":"gen9ubers-1985046527","p1":"bareraptor","p2":"CLECrustles","format":"[Gen 9] Ubers","log":"|j|\u2606bareraptor\n|j|\u2606CLECrustles\n|t:|1699324342\n|gametype|singles\n|player|p1|bareraptor|169|\n|player|p2|CLECrustles|169|\n|teamsize|p1|6\n|teamsize|p2|6\n|gen|9\n|tier|[Gen 9] Ubers\n|rule|Sleep Clause Mod: Limit one foe put to sleep\n|rule|Species Clause: Limit one of each Pok\u00e9mon\n|rule|OHKO Clause: OHKO moves are banned\n|rule|Evasion Items Clause: Evasion items are banned\n|rule|Evasion Moves Clause: Evasion moves are banned\n|rule|Endless Battle Clause: Forcing endless battles is banned\n|rule|HP Percentage Mod: HP is shown in percentages\n|clearpoke\n|poke|p1|Ogerpon-Hearthflame, F|\n|poke|p1|Cyclizar, F|\n|poke|p1|Sandy Shocks|\n|poke|p1|Zamazenta-*|\n|poke|p1|Slowking-Galar, M|\n|poke|p1|Grafaiai, F|\n|poke|p2|Volcarona, M|\n|poke|p2|Brambleghast, F|\n|poke|p2|Rotom-Wash|\n|poke|p2|Mandibuzz, F|\n|poke|p2|Mamoswine, M|\n|poke|p2|Fezandipiti, M|\n|teampreview\n|c|\u2606bareraptor|gl hf!!!\n|c|\u2606CLECrustles|you too!\n|j| Bogaes\n|l| Bogaes\n|j| Bogaes\n|\n|t:|1699324530\n|start\n|switch|p1a: Cyclizar|Cyclizar, F|100\/100\n|switch|p2a: Fezandipiti|Fezandipiti, M|100\/100\n|turn|1\n|\n|t:|1699324545\n|move|p2a: Fezandipiti|Moonblast|p1a: Cyclizar\n|-supereffective|p1a: Cyclizar\n|-damage|p1a: Cyclizar|2\/100\n|move|p1a: Cyclizar|Shed Tail|p1a: Cyclizar\n|-fail|p1a: Cyclizar|move: Shed Tail|[weak]\n|\n|upkeep\n|turn|2\n|c|\u2606bareraptor|oh\n|\n|t:|1699324594\n|switch|p2a: Mamoswine|Mamoswine, M|100\/100\n|switch|p1a: Ogerpon|Ogerpon-Hearthflame, F|100\/100\n|-ability|p1a: Ogerpon|Mold Breaker\n|\n|upkeep\n|turn|3\n|\n|t:|1699324648\n|switch|p2a: Fezandipiti|Fezandipiti, M|100\/100\n|-terastallize|p1a: Ogerpon|Fire\n|detailschange|p1a: Ogerpon|Ogerpon-Hearthflame-Tera, F, tera:Fire\n|-ability|p1a: Ogerpon|Embody Aspect (Hearthflame)|boost\n|-boost|p1a: Ogerpon|atk|1\n|move|p1a: Ogerpon|Ivy Cudgel|p2a: Fezandipiti\n|-damage|p2a: Fezandipiti|0 fnt\n|faint|p2a: Fezandipiti\n|\n|upkeep\n|\n|t:|1699324676\n|switch|p2a: Mandibuzz|Mandibuzz, F|100\/100\n|turn|4\n|\n|t:|1699324694\n|switch|p1a: Sandy Shocks|Sandy Shocks|100\/100\n|move|p2a: Mandibuzz|Dark Pulse|p1a: Sandy Shocks\n|-damage|p1a: Sandy Shocks|67\/100\n|\n|upkeep\n|turn|5\n|\n|t:|1699324714\n|-end|p1a: Sandy Shocks|Protosynthesis|[silent]\n|switch|p1a: Ogerpon|Ogerpon-Hearthflame-Tera, F, tera:Fire|100\/100\n|-ability|p1a: Ogerpon|Embody Aspect (Hearthflame)|boost\n|-boost|p1a: Ogerpon|atk|1\n|switch|p2a: Brambleghast|Brambleghast, F|100\/100\n|\n|upkeep\n|turn|6\n|\n|t:|1699324767\n|move|p1a: Ogerpon|Ivy Cudgel|p2a: Brambleghast\n|-supereffective|p2a: Brambleghast\n|-damage|p2a: Brambleghast|0 fnt\n|faint|p2a: Brambleghast\n|\n|upkeep\n|\n|t:|1699324772\n|switch|p2a: Mamoswine|Mamoswine, M|100\/100\n|turn|7\n|\n|t:|1699324777\n|move|p1a: Ogerpon|Ivy Cudgel|p2a: Mamoswine\n|-supereffective|p2a: Mamoswine\n|-enditem|p2a: Mamoswine|Occa Berry|[eat]\n|-enditem|p2a: Mamoswine|Occa Berry|[weaken]\n|-damage|p2a: Mamoswine|35\/100\n|move|p2a: Mamoswine|Earthquake|p1a: Ogerpon\n|-supereffective|p1a: Ogerpon\n|-damage|p1a: Ogerpon|0 fnt\n|faint|p1a: Ogerpon\n|\n|upkeep\n|c|\u2606bareraptor|well played\n|\n|t:|1699324813\n|switch|p1a: Zamazenta|Zamazenta|100\/100\n|-ability|p1a: Zamazenta|Dauntless Shield|boost\n|-boost|p1a: Zamazenta|def|1\n|turn|8\n|\n|t:|1699324834\n|switch|p2a: Mandibuzz|Mandibuzz, F|100\/100\n|move|p1a: Zamazenta|Stone Edge|p2a: Mandibuzz\n|-supereffective|p2a: Mandibuzz\n|-damage|p2a: Mandibuzz|11\/100\n|-ability|p2a: Mandibuzz|Weak Armor|boost\n|-unboost|p2a: Mandibuzz|def|1\n|-boost|p2a: Mandibuzz|spe|2\n|-enditem|p2a: Mandibuzz|Weakness Policy\n|-boost|p2a: Mandibuzz|atk|2|[from] item: Weakness Policy\n|-boost|p2a: Mandibuzz|spa|2|[from] item: Weakness Policy\n|\n|upkeep\n|turn|9\n|c|\u2606CLECrustles|oh\n|c|\u2606CLECrustles|i see you've activated my trap card\n|c|\u2606bareraptor|I was not expecting that at all\n|j| kayjulers\n|c|\u2606bareraptor|one sec I need to see what this thing even has for this trap card\n|c|\u2606CLECrustles|brave birb\n|\n|t:|1699324996\n|switch|p1a: Cyclizar|Cyclizar, F|35\/100\n|move|p2a: Mandibuzz|Air Slash|p1a: Cyclizar\n|-damage|p1a: Cyclizar|0 fnt\n|faint|p1a: Cyclizar\n|\n|upkeep\n|c|\u2606CLECrustles|!data dauntless shield\n|raw|<ul class=\"utilichart\"><li class=\"result\"><span class=\"col namecol\"><a href=\"https:\/\/dex.pokemonshowdown.com\/abilities\/dauntlessshield\">Dauntless Shield<\/a><\/span> <span class=\"col abilitydesccol\">On switch-in, this Pokemon's Defense is raised by 1 stage. Once per battle.<\/span> <\/li><li style=\"clear:both\"><\/li><\/ul>\n\n|\n|t:|1699325037\n|switch|p1a: Slowking|Slowking-Galar, M|100\/100\n|turn|10\n|\n|t:|1699325059\n|move|p2a: Mandibuzz|Dark Pulse|p1a: Slowking\n|-supereffective|p1a: Slowking\n|-damage|p1a: Slowking|41\/100\n|move|p1a: Slowking|Power Gem|p2a: Mandibuzz\n|-supereffective|p2a: Mandibuzz\n|-damage|p2a: Mandibuzz|0 fnt\n|faint|p2a: Mandibuzz\n|\n|upkeep\n|\n|t:|1699325126\n|switch|p2a: Mamoswine|Mamoswine, M|35\/100\n|turn|11\n|\n|t:|1699325130\n|switch|p1a: Zamazenta|Zamazenta|100\/100\n|move|p2a: Mamoswine|Earthquake|p1a: Zamazenta\n|-damage|p1a: Zamazenta|55\/100\n|\n|upkeep\n|turn|12\n|\n|t:|1699325150\n|switch|p2a: Rotom|Rotom-Wash|100\/100\n|move|p1a: Zamazenta|Close Combat|p2a: Rotom\n|-damage|p2a: Rotom|0 fnt\n|-unboost|p1a: Zamazenta|def|1\n|-unboost|p1a: Zamazenta|spd|1\n|faint|p2a: Rotom\n|\n|upkeep\n|c|\u2606CLECrustles|banded AF\n|\n|t:|1699325185\n|switch|p2a: Volcarona|Volcarona, M|100\/100\n|turn|13\n|\n|t:|1699325188\n|switch|p1a: Grafaiai|Grafaiai, F|100\/100\n|move|p2a: Volcarona|Quiver Dance|p2a: Volcarona\n|-boost|p2a: Volcarona|spa|1\n|-boost|p2a: Volcarona|spd|1\n|-boost|p2a: Volcarona|spe|1\n|\n|upkeep\n|turn|14\n|\n|t:|1699325195\n|move|p1a: Grafaiai|Encore|p2a: Volcarona\n|-start|p2a: Volcarona|Encore\n|move|p2a: Volcarona|Quiver Dance|p2a: Volcarona\n|-boost|p2a: Volcarona|spa|1\n|-boost|p2a: Volcarona|spd|1\n|-boost|p2a: Volcarona|spe|1\n|\n|upkeep\n|turn|15\n|\n|t:|1699325209\n|switch|p2a: Mamoswine|Mamoswine, M|35\/100\n|move|p1a: Grafaiai|Parting Shot|p2a: Mamoswine\n|-unboost|p2a: Mamoswine|atk|1\n|-unboost|p2a: Mamoswine|spa|1\n|\n|t:|1699325211\n|switch|p1a: Zamazenta|Zamazenta|55\/100|[from] Parting Shot\n|\n|upkeep\n|turn|16\n|\n|t:|1699325217\n|move|p1a: Zamazenta|Close Combat|p2a: Mamoswine\n|-supereffective|p2a: Mamoswine\n|-damage|p2a: Mamoswine|0 fnt\n|-unboost|p1a: Zamazenta|def|1\n|-unboost|p1a: Zamazenta|spd|1\n|faint|p2a: Mamoswine\n|\n|upkeep\n|\n|t:|1699325218\n|switch|p2a: Volcarona|Volcarona, M|100\/100\n|turn|17\n|\n|t:|1699325221\n|switch|p1a: Grafaiai|Grafaiai, F|100\/100\n|move|p2a: Volcarona|Psychic|p1a: Grafaiai\n|-supereffective|p1a: Grafaiai\n|-damage|p1a: Grafaiai|45\/100\n|\n|upkeep\n|turn|18\n|\n|t:|1699325226\n|move|p1a: Grafaiai|Switcheroo|p2a: Volcarona\n|-activate|p1a: Grafaiai|move: Trick|[of] p2a: Volcarona\n|-item|p2a: Volcarona|Lagging Tail|[from] move: Switcheroo\n|-item|p1a: Grafaiai|Heavy-Duty Boots|[from] move: Switcheroo\n|move|p2a: Volcarona|Psychic|p1a: Grafaiai\n|-supereffective|p1a: Grafaiai\n|-damage|p1a: Grafaiai|0 fnt\n|faint|p1a: Grafaiai\n|\n|upkeep\n|c|\u2606CLECrustles|shite\n|c|\u2606CLECrustles|wow gg\n|\n|t:|1699325234\n|switch|p1a: Zamazenta|Zamazenta|55\/100\n|turn|19\n|\n|t:|1699325238\n|move|p1a: Zamazenta|Stone Edge|p2a: Volcarona\n|-supereffective|p2a: Volcarona\n|-damage|p2a: Volcarona|0 fnt\n|faint|p2a: Volcarona\n|\n|win|bareraptor\n|c|\u2606bareraptor|gg\n","uploadtime":1699325242,"views":23,"p1id":"bareraptor","p2id":"clecrustles","formatid":"gen9ubers","rating":0,"private":0,"password":""}