{"id":"gen9ubers-1982104786","p1":"Octo Reiss","p2":"Kumra21","format":"[Gen 9] Ubers","log":"|j|\u2606Octo Reiss\n|j|\u2606Kumra21\n|t:|1698968307\n|gametype|singles\n|player|p1|Octo Reiss|drayden|1120\n|player|p2|Kumra21|silver|1121\n|teamsize|p1|6\n|teamsize|p2|6\n|gen|9\n|tier|[Gen 9] Ubers\n|rated|\n|rule|Sleep Clause Mod: Limit one foe put to sleep\n|rule|Species Clause: Limit one of each Pok\u00e9mon\n|rule|OHKO Clause: OHKO moves are banned\n|rule|Evasion Items Clause: Evasion items are banned\n|rule|Evasion Moves Clause: Evasion moves are banned\n|rule|Endless Battle Clause: Forcing endless battles is banned\n|rule|HP Percentage Mod: HP is shown in percentages\n|clearpoke\n|poke|p1|Garchomp, M|\n|poke|p1|Corviknight, M|\n|poke|p1|Volcarona, M|\n|poke|p1|Samurott-Hisui, M|\n|poke|p1|Flutter Mane|\n|poke|p1|Amoonguss, F|\n|poke|p2|Ninetales-Alola, F|\n|poke|p2|Avalugg, F|\n|poke|p2|Baxcalibur, F|\n|poke|p2|Sandslash-Alola, F|\n|poke|p2|Mamoswine, M|\n|poke|p2|Articuno|\n|teampreview\n|\n|t:|1698968313\n|start\n|switch|p1a: Samurott|Samurott-Hisui, M, shiny|100\/100\n|switch|p2a: Ninetales|Ninetales-Alola, F|100\/100\n|-weather|Snow|[from] ability: Snow Warning|[of] p2a: Ninetales\n|turn|1\n|\n|t:|1698968320\n|move|p2a: Ninetales|Aurora Veil|p2a: Ninetales\n|-sidestart|p2: Kumra21|move: Aurora Veil\n|move|p1a: Samurott|Ceaseless Edge|p2a: Ninetales\n|-resisted|p2a: Ninetales\n|-damage|p2a: Ninetales|89\/100\n|-sidestart|p2: Kumra21|Spikes\n|\n|-weather|Snow|[upkeep]\n|upkeep\n|turn|2\n|\n|t:|1698968328\n|move|p2a: Ninetales|Moonblast|p1a: Samurott\n|-supereffective|p1a: Samurott\n|-damage|p1a: Samurott|28\/100\n|move|p1a: Samurott|Razor Shell|p2a: Ninetales\n|-damage|p2a: Ninetales|62\/100\n|\n|-weather|Snow|[upkeep]\n|upkeep\n|turn|3\n|\n|t:|1698968337\n|move|p2a: Ninetales|Moonblast|p1a: Samurott\n|-supereffective|p1a: Samurott\n|-damage|p1a: Samurott|0 fnt\n|faint|p1a: Samurott\n|\n|-weather|Snow|[upkeep]\n|upkeep\n|\n|t:|1698968342\n|switch|p1a: Corviknight|Corviknight, M, shiny|100\/100\n|-ability|p1a: Corviknight|Pressure\n|turn|4\n|\n|t:|1698968348\n|switch|p2a: Sandslash|Sandslash-Alola, F|100\/100\n|-damage|p2a: Sandslash|88\/100|[from] Spikes\n|move|p1a: Corviknight|Body Press|p2a: Sandslash\n|-supereffective|p2a: Sandslash\n|-damage|p2a: Sandslash|57\/100\n|\n|-weather|Snow|[upkeep]\n|upkeep\n|turn|5\n|\n|t:|1698968358\n|-terastallize|p2a: Sandslash|Fire\n|move|p2a: Sandslash|Tera Blast|p1a: Corviknight|[anim] Tera Blast Fire\n|-supereffective|p1a: Corviknight\n|-damage|p1a: Corviknight|51\/100\n|move|p1a: Corviknight|Body Press|p2a: Sandslash\n|-damage|p2a: Sandslash|47\/100\n|\n|-weather|none\n|upkeep\n|turn|6\n|\n|t:|1698968368\n|move|p1a: Corviknight|U-turn|p2a: Sandslash\n|-resisted|p2a: Sandslash\n|-damage|p2a: Sandslash|44\/100\n|\n|t:|1698968372\n|switch|p1a: Garchomp|Garchomp, M, shiny|100\/100|[from] U-turn\n|move|p2a: Sandslash|Tera Blast|p1a: Garchomp|[anim] Tera Blast Fire\n|-resisted|p1a: Garchomp\n|-damage|p1a: Garchomp|83\/100\n|\n|upkeep\n|turn|7\n|\n|t:|1698968380\n|-terastallize|p1a: Garchomp|Steel\n|move|p1a: Garchomp|Iron Head|p2a: Sandslash\n|-resisted|p2a: Sandslash\n|-damage|p2a: Sandslash|32\/100\n|-damage|p1a: Garchomp|73\/100|[from] item: Life Orb\n|move|p2a: Sandslash|Icicle Crash|p1a: Garchomp\n|-resisted|p1a: Garchomp\n|-damage|p1a: Garchomp|53\/100\n|\n|upkeep\n|turn|8\n|\n|t:|1698968392\n|switch|p1a: Flutter Mane|Flutter Mane, shiny|100\/100\n|-enditem|p1a: Flutter Mane|Booster Energy\n|-activate|p1a: Flutter Mane|ability: Protosynthesis|[fromitem]\n|-start|p1a: Flutter Mane|protosynthesisspe\n|move|p2a: Sandslash|Tera Blast|p1a: Flutter Mane|[anim] Tera Blast Fire\n|-damage|p1a: Flutter Mane|20\/100\n|\n|-sideend|p2: Kumra21|move: Aurora Veil\n|upkeep\n|turn|9\n|\n|t:|1698968402\n|move|p1a: Flutter Mane|Shadow Ball|p2a: Sandslash\n|-damage|p2a: Sandslash|0 fnt\n|faint|p2a: Sandslash\n|\n|upkeep\n|\n|t:|1698968407\n|switch|p2a: Mamoswine|Mamoswine, M|100\/100\n|-damage|p2a: Mamoswine|88\/100|[from] Spikes\n|turn|10\n|inactive|Battle timer is ON: inactive players will automatically lose when time's up. (requested by Kumra21)\n|\n|t:|1698968415\n|move|p2a: Mamoswine|Ice Shard|p1a: Flutter Mane\n|-damage|p1a: Flutter Mane|0 fnt\n|faint|p1a: Flutter Mane\n|-end|p1a: Flutter Mane|Protosynthesis|[silent]\n|\n|-heal|p2a: Mamoswine|94\/100|[from] item: Leftovers\n|upkeep\n|\n|t:|1698968421\n|switch|p1a: Corviknight|Corviknight, M, shiny|51\/100\n|-ability|p1a: Corviknight|Pressure\n|turn|11\n|\n|t:|1698968426\n|move|p2a: Mamoswine|Stealth Rock|p1a: Corviknight\n|-sidestart|p1: Octo Reiss|move: Stealth Rock\n|move|p1a: Corviknight|Body Press|p2a: Mamoswine\n|-supereffective|p2a: Mamoswine\n|-damage|p2a: Mamoswine|31\/100\n|\n|-heal|p2a: Mamoswine|37\/100|[from] item: Leftovers\n|upkeep\n|turn|12\n|\n|t:|1698968434\n|move|p2a: Mamoswine|Icicle Crash|p1a: Corviknight\n|-damage|p1a: Corviknight|25\/100\n|move|p1a: Corviknight|Roost|p1a: Corviknight\n|-heal|p1a: Corviknight|75\/100\n|-singleturn|p1a: Corviknight|move: Roost\n|\n|-heal|p2a: Mamoswine|43\/100|[from] item: Leftovers\n|upkeep\n|turn|13\n|\n|t:|1698968444\n|move|p2a: Mamoswine|Icicle Crash|p1a: Corviknight\n|-damage|p1a: Corviknight|47\/100\n|move|p1a: Corviknight|Body Press|p2a: Mamoswine\n|-supereffective|p2a: Mamoswine\n|-damage|p2a: Mamoswine|0 fnt\n|faint|p2a: Mamoswine\n|\n|upkeep\n|\n|t:|1698968453\n|switch|p2a: Avalugg|Avalugg, F|100\/100\n|-damage|p2a: Avalugg|88\/100|[from] Spikes\n|turn|14\n|\n|t:|1698968457\n|move|p1a: Corviknight|Roost|p1a: Corviknight\n|-heal|p1a: Corviknight|97\/100\n|-singleturn|p1a: Corviknight|move: Roost\n|move|p2a: Avalugg|Rapid Spin|p1a: Corviknight\n|-resisted|p1a: Corviknight\n|-damage|p1a: Corviknight|93\/100\n|-boost|p2a: Avalugg|spe|1\n|-damage|p2a: Avalugg|72\/100|[from] item: Rocky Helmet|[of] p1a: Corviknight\n|-sideend|p2: Kumra21|Spikes|[from] move: Rapid Spin|[of] p2a: Avalugg\n|\n|-heal|p2a: Avalugg|78\/100|[from] item: Leftovers\n|upkeep\n|turn|15\n|\n|t:|1698968471\n|switch|p1a: Volcarona|Volcarona, M, shiny|100\/100\n|move|p2a: Avalugg|Body Press|p1a: Volcarona\n|-resisted|p1a: Volcarona\n|-damage|p1a: Volcarona|69\/100\n|\n|-heal|p2a: Avalugg|84\/100|[from] item: Leftovers\n|upkeep\n|turn|16\n|\n|t:|1698968480\n|switch|p2a: Baxcalibur|Baxcalibur, F|100\/100\n|move|p1a: Volcarona|Fiery Dance|p2a: Baxcalibur\n|-damage|p2a: Baxcalibur|49\/100\n|-ability|p2a: Baxcalibur|Thermal Exchange|boost\n|-boost|p2a: Baxcalibur|atk|1\n|\n|upkeep\n|turn|17\n|\n|t:|1698968491\n|move|p2a: Baxcalibur|Scale Shot|p1a: Volcarona\n|-damage|p1a: Volcarona|35\/100\n|-damage|p1a: Volcarona|2\/100\n|-damage|p1a: Volcarona|0 fnt\n|faint|p1a: Volcarona\n|-hitcount|p1: Volcarona|3\n|-unboost|p2a: Baxcalibur|def|1\n|-boost|p2a: Baxcalibur|spe|1\n|\n|upkeep\n|\n|t:|1698968499\n|switch|p1a: Garchomp|Garchomp, M, shiny, tera:Steel|53\/100\n|-damage|p1a: Garchomp|47\/100|[from] Stealth Rock\n|turn|18\n|\n|t:|1698968504\n|move|p2a: Baxcalibur|Earthquake|p1a: Garchomp\n|-supereffective|p1a: Garchomp\n|-damage|p1a: Garchomp|0 fnt\n|faint|p1a: Garchomp\n|\n|upkeep\n|\n|t:|1698968508\n|switch|p1a: Corviknight|Corviknight, M, shiny|93\/100\n|-damage|p1a: Corviknight|80\/100|[from] Stealth Rock\n|-ability|p1a: Corviknight|Pressure\n|turn|19\n|\n|t:|1698968514\n|move|p2a: Baxcalibur|Icicle Spear|p1a: Corviknight\n|-crit|p1a: Corviknight\n|-damage|p1a: Corviknight|60\/100\n|-damage|p1a: Corviknight|48\/100\n|-damage|p1a: Corviknight|36\/100\n|-damage|p1a: Corviknight|22\/100\n|-damage|p1a: Corviknight|9\/100\n|-hitcount|p1a: Corviknight|5\n|move|p1a: Corviknight|Body Press|p2a: Baxcalibur\n|-supereffective|p2a: Baxcalibur\n|-damage|p2a: Baxcalibur|0 fnt\n|faint|p2a: Baxcalibur\n|\n|upkeep\n|\n|t:|1698968528\n|switch|p2a: Articuno|Articuno|100\/100\n|-ability|p2a: Articuno|Pressure\n|turn|20\n|\n|t:|1698968533\n|move|p2a: Articuno|Freeze-Dry|p1a: Corviknight\n|-damage|p1a: Corviknight|0 fnt\n|faint|p1a: Corviknight\n|\n|upkeep\n|\n|t:|1698968536\n|switch|p1a: Amoonguss|Amoonguss, F, shiny|100\/100\n|-damage|p1a: Amoonguss|88\/100|[from] Stealth Rock\n|turn|21\n|\n|t:|1698968541\n|move|p2a: Articuno|Freeze-Dry|p1a: Amoonguss\n|-supereffective|p1a: Amoonguss\n|-crit|p1a: Amoonguss\n|-damage|p1a: Amoonguss|23\/100\n|move|p1a: Amoonguss|Sludge Bomb|p2a: Articuno\n|-damage|p2a: Articuno|85\/100\n|\n|-heal|p1a: Amoonguss|29\/100|[from] item: Leftovers\n|upkeep\n|turn|22\n|c|\u2606Kumra21|Gg wp\n|\n|t:|1698968555\n|move|p2a: Articuno|Freeze-Dry|p1a: Amoonguss\n|-supereffective|p1a: Amoonguss\n|-damage|p1a: Amoonguss|0 fnt\n|faint|p1a: Amoonguss\n|\n|win|Kumra21\n|raw|Octo Reiss's rating: 1120 &rarr; <strong>1095<\/strong><br \/>(-25 for losing)\n|raw|Kumra21's rating: 1121 &rarr; <strong>1146<\/strong><br \/>(+25 for winning)\n|l|\u2606Octo Reiss\n","uploadtime":1698968563,"views":15,"p1id":"octoreiss","p2id":"kumra21","formatid":"gen9ubers","rating":1095,"private":0,"password":""}