{"id":"gen9ubers-1998627060","p1":"Shun Yi Kun","p2":"Kkunasty27","format":"[Gen 9] Ubers","log":"|j|\u2606Shun Yi Kun\n|j|\u2606Kkunasty27\n|t:|1700964708\n|gametype|singles\n|player|p1|Shun Yi Kun|az|1202\n|player|p2|Kkunasty27|cameraman|1031\n|teamsize|p1|6\n|teamsize|p2|6\n|gen|9\n|tier|[Gen 9] Ubers\n|rated|\n|rule|Sleep Clause Mod: Limit one foe put to sleep\n|rule|Species Clause: Limit one of each Pok\u00e9mon\n|rule|OHKO Clause: OHKO moves are banned\n|rule|Evasion Items Clause: Evasion items are banned\n|rule|Evasion Moves Clause: Evasion moves are banned\n|rule|Endless Battle Clause: Forcing endless battles is banned\n|rule|HP Percentage Mod: HP is shown in percentages\n|clearpoke\n|poke|p1|Gliscor, F|\n|poke|p1|Zacian-*|\n|poke|p1|Giratina-Origin|\n|poke|p1|Groudon|\n|poke|p1|Clodsire, F|\n|poke|p1|Arceus-Water|\n|poke|p2|Swadloon, M|\n|poke|p2|Miraidon|\n|poke|p2|Regieleki|\n|poke|p2|Roaring Moon|\n|poke|p2|Flutter Mane|\n|poke|p2|Annihilape, F|\n|teampreview\n|inactive|Battle timer is ON: inactive players will automatically lose when time's up. (requested by Shun Yi Kun)\n|\n|t:|1700964714\n|start\n|switch|p1a: Gliscor|Gliscor, F|100\/100\n|switch|p2a: Annihilape|Annihilape, F|100\/100\n|turn|1\n|\n|t:|1700964717\n|move|p1a: Gliscor|Taunt|p2a: Annihilape\n|-start|p2a: Annihilape|move: Taunt\n|cant|p2a: Annihilape|move: Taunt|Taunt\n|\n|-status|p1a: Gliscor|tox|[from] item: Toxic Orb\n|upkeep\n|turn|2\n|\n|t:|1700964722\n|switch|p2a: Swadloon|Swadloon, M|100\/100\n|move|p1a: Gliscor|Toxic|p2a: Swadloon\n|-status|p2a: Swadloon|tox\n|\n|-damage|p2a: Swadloon|94\/100 tox|[from] psn\n|upkeep\n|turn|3\n|\n|t:|1700964727\n|move|p2a: Swadloon|Switcheroo|p1a: Gliscor\n|-activate|p2a: Swadloon|move: Trick|[of] p1a: Gliscor\n|-item|p1a: Gliscor|Choice Scarf|[from] move: Switcheroo\n|-item|p2a: Swadloon|Toxic Orb|[from] move: Switcheroo\n|move|p1a: Gliscor|Taunt|p2a: Swadloon\n|-start|p2a: Swadloon|move: Taunt\n|\n|-damage|p2a: Swadloon|82\/100 tox|[from] psn\n|upkeep\n|turn|4\n|\n|t:|1700964736\n|switch|p1a: Clodsire|Clodsire, F|100\/100\n|switch|p2a: Annihilape|Annihilape, F|100\/100\n|\n|upkeep\n|turn|5\n|\n|t:|1700964744\n|move|p2a: Annihilape|Bulk Up|p2a: Annihilape\n|-boost|p2a: Annihilape|atk|1\n|-boost|p2a: Annihilape|def|1\n|move|p1a: Clodsire|Toxic|p2a: Annihilape\n|-status|p2a: Annihilape|tox\n|\n|-damage|p2a: Annihilape|94\/100 tox|[from] psn\n|upkeep\n|turn|6\n|\n|t:|1700964749\n|move|p2a: Annihilape|Bulk Up|p2a: Annihilape\n|-boost|p2a: Annihilape|atk|1\n|-boost|p2a: Annihilape|def|1\n|move|p1a: Clodsire|Earthquake|p2a: Annihilape\n|-damage|p2a: Annihilape|80\/100 tox\n|\n|-heal|p2a: Annihilape|86\/100 tox|[from] item: Leftovers\n|-damage|p2a: Annihilape|74\/100 tox|[from] psn\n|upkeep\n|turn|7\n|\n|t:|1700964755\n|switch|p1a: Gliscor|Gliscor, F|100\/100 tox\n|move|p2a: Annihilape|Bulk Up|p2a: Annihilape\n|-boost|p2a: Annihilape|atk|1\n|-boost|p2a: Annihilape|def|1\n|\n|-heal|p2a: Annihilape|80\/100 tox|[from] item: Leftovers\n|-damage|p2a: Annihilape|62\/100 tox|[from] psn\n|upkeep\n|turn|8\n|\n|t:|1700964761\n|move|p1a: Gliscor|Protect|p1a: Gliscor\n|-singleturn|p1a: Gliscor|Protect\n|move|p2a: Annihilape|Rage Fist|p1a: Gliscor\n|-activate|p1a: Gliscor|move: Protect\n|\n|-heal|p2a: Annihilape|68\/100 tox|[from] item: Leftovers\n|-damage|p2a: Annihilape|43\/100 tox|[from] psn\n|upkeep\n|turn|9\n|\n|t:|1700964766\n|switch|p1a: Clodsire|Clodsire, F|100\/100\n|move|p2a: Annihilape|Rage Fist|p1a: Clodsire\n|-damage|p1a: Clodsire|0 fnt\n|faint|p1a: Clodsire\n|\n|-heal|p2a: Annihilape|49\/100 tox|[from] item: Leftovers\n|-damage|p2a: Annihilape|19\/100 tox|[from] psn\n|upkeep\n|\n|t:|1700964772\n|switch|p1a: Gliscor|Gliscor, F|100\/100 tox\n|turn|10\n|\n|t:|1700964776\n|move|p1a: Gliscor|Earthquake|p2a: Annihilape\n|-crit|p2a: Annihilape\n|-damage|p2a: Annihilape|0 fnt\n|faint|p2a: Annihilape\n|\n|upkeep\n|\n|t:|1700964783\n|switch|p2a: Flutter Mane|Flutter Mane|100\/100\n|-enditem|p2a: Flutter Mane|Booster Energy\n|-activate|p2a: Flutter Mane|ability: Protosynthesis|[fromitem]\n|-start|p2a: Flutter Mane|protosynthesisspe\n|turn|11\n|\n|t:|1700964789\n|move|p2a: Flutter Mane|Calm Mind|p2a: Flutter Mane\n|-boost|p2a: Flutter Mane|spa|1\n|-boost|p2a: Flutter Mane|spd|1\n|move|p1a: Gliscor|Earthquake|p2a: Flutter Mane\n|-damage|p2a: Flutter Mane|34\/100\n|\n|upkeep\n|turn|12\n|\n|t:|1700964796\n|move|p2a: Flutter Mane|Shadow Ball|p1a: Gliscor\n|-damage|p1a: Gliscor|27\/100 tox\n|-unboost|p1a: Gliscor|spd|1\n|move|p1a: Gliscor|Earthquake|p2a: Flutter Mane\n|-damage|p2a: Flutter Mane|0 fnt\n|faint|p2a: Flutter Mane\n|-end|p2a: Flutter Mane|Protosynthesis|[silent]\n|\n|-heal|p1a: Gliscor|39\/100 tox|[from] ability: Poison Heal\n|upkeep\n|\n|t:|1700964805\n|switch|p2a: Roaring Moon|Roaring Moon|100\/100\n|-enditem|p2a: Roaring Moon|Booster Energy\n|-activate|p2a: Roaring Moon|ability: Protosynthesis|[fromitem]\n|-start|p2a: Roaring Moon|protosynthesisatk\n|turn|13\n|\n|t:|1700964809\n|move|p1a: Gliscor|Earthquake|p2a: Roaring Moon\n|-damage|p2a: Roaring Moon|57\/100\n|move|p2a: Roaring Moon|Dragon Dance|p2a: Roaring Moon\n|-boost|p2a: Roaring Moon|atk|1\n|-boost|p2a: Roaring Moon|spe|1\n|\n|-heal|p1a: Gliscor|52\/100 tox|[from] ability: Poison Heal\n|upkeep\n|turn|14\n|\n|t:|1700964813\n|move|p2a: Roaring Moon|Acrobatics|p1a: Gliscor\n|-crit|p1a: Gliscor\n|-damage|p1a: Gliscor|0 fnt\n|faint|p1a: Gliscor\n|\n|upkeep\n|\n|t:|1700964821\n|switch|p1a: Groudon|Groudon|100\/100\n|-weather|SunnyDay|[from] ability: Drought|[of] p1a: Groudon\n|turn|15\n|\n|t:|1700964829\n|move|p2a: Roaring Moon|Acrobatics|p1a: Groudon\n|-damage|p1a: Groudon|63\/100\n|move|p1a: Groudon|Earthquake|p2a: Roaring Moon\n|-damage|p2a: Roaring Moon|0 fnt\n|faint|p2a: Roaring Moon\n|-end|p2a: Roaring Moon|Protosynthesis|[silent]\n|\n|-weather|SunnyDay|[upkeep]\n|-heal|p1a: Groudon|69\/100|[from] item: Leftovers\n|upkeep\n|\n|t:|1700964835\n|switch|p2a: Regieleki|Regieleki|100\/100\n|turn|16\n|\n|t:|1700964839\n|-terastallize|p2a: Regieleki|Grass\n|move|p2a: Regieleki|Tera Blast|p1a: Groudon|[anim] Tera Blast Grass\n|-supereffective|p1a: Groudon\n|-damage|p1a: Groudon|0 fnt\n|faint|p1a: Groudon\n|-damage|p2a: Regieleki|91\/100|[from] item: Life Orb\n|\n|-weather|SunnyDay|[upkeep]\n|upkeep\n|\n|t:|1700964845\n|switch|p1a: Giratina|Giratina-Origin|100\/100\n|turn|17\n|\n|t:|1700964851\n|move|p2a: Regieleki|Volt Switch|p1a: Giratina\n|-resisted|p1a: Giratina\n|-damage|p1a: Giratina|85\/100\n|-damage|p2a: Regieleki|81\/100|[from] item: Life Orb\n|\n|t:|1700964857\n|switch|p2a: Swadloon|Swadloon, M|82\/100 tox|[from] Volt Switch\n|move|p1a: Giratina|Dragon Pulse|p2a: Swadloon\n|-damage|p2a: Swadloon|14\/100 tox\n|\n|-weather|SunnyDay|[upkeep]\n|-damage|p2a: Swadloon|8\/100 tox|[from] psn\n|upkeep\n|turn|18\n|\n|t:|1700964862\n|move|p1a: Giratina|Dragon Pulse|p2a: Swadloon\n|-damage|p2a: Swadloon|0 fnt\n|faint|p2a: Swadloon\n|\n|-weather|SunnyDay|[upkeep]\n|upkeep\n|\n|t:|1700964868\n|switch|p2a: Miraidon|Miraidon|100\/100\n|-fieldstart|move: Electric Terrain|[from] ability: Hadron Engine|[of] p2a: Miraidon\n|turn|19\n|\n|t:|1700964871\n|-terastallize|p1a: Giratina|Ghost\n|move|p2a: Miraidon|Draco Meteor|p1a: Giratina|[miss]\n|-miss|p2a: Miraidon|p1a: Giratina\n|move|p1a: Giratina|Dragon Pulse|p2a: Miraidon\n|-supereffective|p2a: Miraidon\n|-damage|p2a: Miraidon|17\/100\n|\n|-weather|none\n|upkeep\n|turn|20\n|\n|t:|1700964878\n|move|p2a: Miraidon|Volt Switch|p1a: Giratina\n|-damage|p1a: Giratina|28\/100\n|-damage|p2a: Miraidon|7\/100|[from] item: Life Orb\n|\n|t:|1700964881\n|switch|p2a: Regieleki|Regieleki, tera:Grass|81\/100|[from] Volt Switch\n|move|p1a: Giratina|Dragon Pulse|p2a: Regieleki\n|-damage|p2a: Regieleki|0 fnt\n|faint|p2a: Regieleki\n|\n|upkeep\n|\n|t:|1700964883\n|switch|p2a: Miraidon|Miraidon|7\/100\n|-activate|p2a: Miraidon|ability: Hadron Engine\n|turn|21\n|\n|t:|1700964886\n|move|p2a: Miraidon|Electro Drift|p1a: Giratina\n|-damage|p1a: Giratina|0 fnt\n|faint|p1a: Giratina\n|-damage|p2a: Miraidon|0 fnt|[from] item: Life Orb\n|faint|p2a: Miraidon\n|\n|win|Shun Yi Kun\n|raw|Shun Yi Kun's rating: 1202 &rarr; <strong>1216<\/strong><br \/>(+14 for winning)\n|raw|Kkunasty27's rating: 1031 &rarr; <strong>1023<\/strong><br \/>(-8 for losing)\n","uploadtime":1700964890,"views":1,"p1id":"shunyikun","p2id":"kkunasty27","formatid":"gen9ubers","rating":1023,"private":0,"password":""}