{"id":"gen9ubers-1994749687","p1":"dthftghnfg","p2":"Albus_1005","format":"[Gen 9] Ubers","log":"|j|\u2606dthftghnfg\n|j|\u2606Albus_1005\n|t:|1700488899\n|gametype|singles\n|player|p1|dthftghnfg|lucas|1240\n|player|p2|Albus_1005|101|1336\n|teamsize|p1|6\n|teamsize|p2|6\n|gen|9\n|tier|[Gen 9] Ubers\n|rated|\n|rule|Sleep Clause Mod: Limit one foe put to sleep\n|rule|Species Clause: Limit one of each Pok\u00e9mon\n|rule|OHKO Clause: OHKO moves are banned\n|rule|Evasion Items Clause: Evasion items are banned\n|rule|Evasion Moves Clause: Evasion moves are banned\n|rule|Endless Battle Clause: Forcing endless battles is banned\n|rule|HP Percentage Mod: HP is shown in percentages\n|clearpoke\n|poke|p1|Urshifu-*, F|\n|poke|p1|Clodsire, F|\n|poke|p1|Landorus-Therian, M|\n|poke|p1|Miraidon|\n|poke|p1|Arceus-Steel|\n|poke|p1|Corviknight, M|\n|poke|p2|Gliscor, M|\n|poke|p2|Clodsire, M|\n|poke|p2|Groudon|\n|poke|p2|Arceus-Water|\n|poke|p2|Zacian-*|\n|poke|p2|Giratina-Origin|\n|teampreview\n|\n|t:|1700488928\n|start\n|switch|p1a: Urshifu|Urshifu-Rapid-Strike, F|100\/100\n|switch|p2a: Gliscor|Gliscor, M|100\/100\n|turn|1\n|\n|t:|1700488939\n|switch|p2a: Clodsire|Clodsire, M|100\/100\n|move|p1a: Urshifu|Ice Spinner|p2a: Clodsire\n|-supereffective|p2a: Clodsire\n|-damage|p2a: Clodsire|41\/100\n|\n|upkeep\n|turn|2\n|\n|t:|1700488949\n|switch|p1a: Miraidon|Miraidon|100\/100\n|-fieldstart|move: Electric Terrain|[from] ability: Hadron Engine|[of] p1a: Miraidon\n|move|p2a: Clodsire|Toxic|p1a: Miraidon\n|-status|p1a: Miraidon|tox\n|\n|-damage|p1a: Miraidon|94\/100 tox|[from] psn\n|upkeep\n|turn|3\n|\n|t:|1700488958\n|move|p1a: Miraidon|Overheat|p2a: Clodsire\n|-damage|p2a: Clodsire|0 fnt\n|-unboost|p1a: Miraidon|spa|2\n|faint|p2a: Clodsire\n|\n|-damage|p1a: Miraidon|82\/100 tox|[from] psn\n|upkeep\n|\n|t:|1700488977\n|switch|p2a: Groudon|Groudon|100\/100\n|-weather|SunnyDay|[from] ability: Drought|[of] p2a: Groudon\n|turn|4\n|\n|t:|1700488983\n|switch|p1a: Landorus|Landorus-Therian, M|100\/100\n|-ability|p1a: Landorus|Intimidate|boost\n|-unboost|p2a: Groudon|atk|1\n|move|p2a: Groudon|Stealth Rock|p1a: Landorus\n|-sidestart|p1: dthftghnfg|move: Stealth Rock\n|\n|-weather|SunnyDay|[upkeep]\n|upkeep\n|turn|5\n|\n|t:|1700488990\n|switch|p2a: Gliscor|Gliscor, M|100\/100\n|move|p1a: Landorus|Stealth Rock|p2a: Gliscor\n|-sidestart|p2: Albus_1005|move: Stealth Rock\n|\n|-weather|SunnyDay|[upkeep]\n|-status|p2a: Gliscor|tox|[from] item: Toxic Orb\n|upkeep\n|turn|6\n|\n|t:|1700489004\n|switch|p1a: Corviknight|Corviknight, M, shiny|100\/100\n|-damage|p1a: Corviknight|88\/100|[from] Stealth Rock\n|-ability|p1a: Corviknight|Pressure\n|move|p2a: Gliscor|Toxic|p1a: Corviknight\n|-immune|p1a: Corviknight\n|\n|-weather|SunnyDay|[upkeep]\n|-fieldend|move: Electric Terrain\n|upkeep\n|turn|7\n|\n|t:|1700489061\n|switch|p2a: Groudon|Groudon|100\/100\n|-damage|p2a: Groudon|94\/100|[from] Stealth Rock\n|move|p1a: Corviknight|U-turn|p2a: Groudon\n|-damage|p2a: Groudon|87\/100\n|\n|t:|1700489071\n|switch|p1a: Miraidon|Miraidon|82\/100 tox|[from] U-turn\n|-damage|p1a: Miraidon|70\/100 tox|[from] Stealth Rock\n|-fieldstart|move: Electric Terrain|[from] ability: Hadron Engine|[of] p1a: Miraidon\n|\n|-weather|SunnyDay|[upkeep]\n|-heal|p2a: Groudon|94\/100|[from] item: Leftovers\n|-damage|p1a: Miraidon|64\/100 tox|[from] psn\n|upkeep\n|turn|8\n|\n|t:|1700489097\n|switch|p2a: Giratina|Giratina-Origin|100\/100\n|-damage|p2a: Giratina|88\/100|[from] Stealth Rock\n|move|p1a: Miraidon|Draco Meteor|p2a: Giratina\n|-supereffective|p2a: Giratina\n|-damage|p2a: Giratina|0 fnt\n|-unboost|p1a: Miraidon|spa|2\n|faint|p2a: Giratina\n|\n|-weather|none\n|-damage|p1a: Miraidon|51\/100 tox|[from] psn\n|upkeep\n|\n|t:|1700489108\n|switch|p2a: Groudon|Groudon|94\/100\n|-damage|p2a: Groudon|87\/100|[from] Stealth Rock\n|-weather|SunnyDay|[from] ability: Drought|[of] p2a: Groudon\n|turn|9\n|\n|t:|1700489116\n|move|p1a: Miraidon|Draco Meteor|p2a: Groudon\n|-damage|p2a: Groudon|29\/100\n|-unboost|p1a: Miraidon|spa|2\n|move|p2a: Groudon|Roar|p1a: Miraidon\n|drag|p1a: Clodsire|Clodsire, F|100\/100\n|-damage|p1a: Clodsire|94\/100|[from] Stealth Rock\n|\n|-weather|SunnyDay|[upkeep]\n|-heal|p2a: Groudon|35\/100|[from] item: Leftovers\n|upkeep\n|turn|10\n|\n|t:|1700489127\n|switch|p1a: Landorus|Landorus-Therian, M|100\/100\n|-damage|p1a: Landorus|88\/100|[from] Stealth Rock\n|-ability|p1a: Landorus|Intimidate|boost\n|-unboost|p2a: Groudon|atk|1\n|move|p2a: Groudon|Lava Plume|p1a: Landorus\n|-damage|p1a: Landorus|56\/100\n|\n|-weather|SunnyDay|[upkeep]\n|-heal|p1a: Landorus|62\/100|[from] item: Leftovers\n|-heal|p2a: Groudon|41\/100|[from] item: Leftovers\n|upkeep\n|turn|11\n|\n|t:|1700489138\n|move|p1a: Landorus|Earthquake|p2a: Groudon\n|-damage|p2a: Groudon|17\/100\n|move|p2a: Groudon|Lava Plume|p1a: Landorus\n|-damage|p1a: Landorus|34\/100\n|\n|-weather|SunnyDay|[upkeep]\n|-heal|p1a: Landorus|40\/100|[from] item: Leftovers\n|-heal|p2a: Groudon|24\/100|[from] item: Leftovers\n|-fieldend|move: Electric Terrain\n|upkeep\n|turn|12\n|\n|t:|1700489147\n|move|p1a: Landorus|Earthquake|p2a: Groudon\n|-damage|p2a: Groudon|1\/100\n|move|p2a: Groudon|Lava Plume|p1a: Landorus\n|-damage|p1a: Landorus|11\/100\n|\n|-weather|SunnyDay|[upkeep]\n|-heal|p1a: Landorus|18\/100|[from] item: Leftovers\n|-heal|p2a: Groudon|7\/100|[from] item: Leftovers\n|upkeep\n|turn|13\n|\n|t:|1700489157\n|switch|p2a: Gliscor|Gliscor, M|100\/100 tox\n|-damage|p2a: Gliscor|88\/100 tox|[from] Stealth Rock\n|move|p1a: Landorus|Earthquake|p2a: Gliscor\n|-immune|p2a: Gliscor\n|\n|-weather|none\n|-heal|p1a: Landorus|24\/100|[from] item: Leftovers\n|-heal|p2a: Gliscor|100\/100 tox|[from] ability: Poison Heal\n|upkeep\n|turn|14\n|\n|t:|1700489167\n|switch|p1a: Corviknight|Corviknight, M, shiny|88\/100\n|-damage|p1a: Corviknight|76\/100|[from] Stealth Rock\n|-ability|p1a: Corviknight|Pressure\n|move|p2a: Gliscor|Taunt|p1a: Corviknight\n|-start|p1a: Corviknight|move: Taunt\n|\n|upkeep\n|turn|15\n|\n|t:|1700489213\n|switch|p2a: Groudon|Groudon|7\/100\n|-damage|p2a: Groudon|1\/100|[from] Stealth Rock\n|-weather|SunnyDay|[from] ability: Drought|[of] p2a: Groudon\n|move|p1a: Corviknight|U-turn|p2a: Groudon\n|-damage|p2a: Groudon|0 fnt\n|faint|p2a: Groudon\n|\n|t:|1700489226\n|switch|p1a: Urshifu|Urshifu-Rapid-Strike, F|100\/100|[from] U-turn\n|-damage|p1a: Urshifu|94\/100|[from] Stealth Rock\n|\n|-weather|SunnyDay|[upkeep]\n|upkeep\n|\n|t:|1700489232\n|switch|p2a: Gliscor|Gliscor, M|100\/100 tox\n|-damage|p2a: Gliscor|88\/100 tox|[from] Stealth Rock\n|turn|16\n|\n|t:|1700489240\n|-terastallize|p2a: Gliscor|Water\n|move|p1a: Urshifu|U-turn|p2a: Gliscor\n|-crit|p2a: Gliscor\n|-damage|p2a: Gliscor|64\/100 tox\n|\n|t:|1700489244\n|switch|p1a: Corviknight|Corviknight, M, shiny|76\/100|[from] U-turn\n|-damage|p1a: Corviknight|64\/100|[from] Stealth Rock\n|-ability|p1a: Corviknight|Pressure\n|move|p2a: Gliscor|Toxic|p1a: Corviknight\n|-immune|p1a: Corviknight\n|\n|-weather|SunnyDay|[upkeep]\n|-heal|p2a: Gliscor|76\/100 tox|[from] ability: Poison Heal\n|upkeep\n|turn|17\n|\n|t:|1700489254\n|move|p2a: Gliscor|Taunt|p1a: Corviknight\n|-start|p1a: Corviknight|move: Taunt\n|move|p1a: Corviknight|U-turn|p2a: Gliscor\n|-damage|p2a: Gliscor|67\/100 tox\n|\n|t:|1700489257\n|switch|p1a: Miraidon|Miraidon|51\/100 tox|[from] U-turn\n|-damage|p1a: Miraidon|39\/100 tox|[from] Stealth Rock\n|-fieldstart|move: Electric Terrain|[from] ability: Hadron Engine|[of] p1a: Miraidon\n|\n|-weather|SunnyDay|[upkeep]\n|-damage|p1a: Miraidon|33\/100 tox|[from] psn\n|-heal|p2a: Gliscor|80\/100 tox|[from] ability: Poison Heal\n|upkeep\n|turn|18\n|\n|t:|1700489268\n|move|p2a: Gliscor|Protect|p2a: Gliscor\n|-singleturn|p2a: Gliscor|Protect\n|move|p1a: Miraidon|Electro Drift|p2a: Gliscor\n|-activate|p2a: Gliscor|move: Protect\n|\n|-weather|SunnyDay|[upkeep]\n|-damage|p1a: Miraidon|20\/100 tox|[from] psn\n|-heal|p2a: Gliscor|92\/100 tox|[from] ability: Poison Heal\n|upkeep\n|turn|19\n|\n|t:|1700489277\n|move|p2a: Gliscor|Protect|p2a: Gliscor\n|-singleturn|p2a: Gliscor|Protect\n|move|p1a: Miraidon|Electro Drift|p2a: Gliscor\n|-activate|p2a: Gliscor|move: Protect\n|\n|-weather|none\n|-damage|p1a: Miraidon|2\/100 tox|[from] psn\n|-heal|p2a: Gliscor|100\/100 tox|[from] ability: Poison Heal\n|upkeep\n|turn|20\n|\n|t:|1700489287\n|move|p2a: Gliscor|Protect|p2a: Gliscor\n|-singleturn|p2a: Gliscor|Protect\n|move|p1a: Miraidon|Electro Drift|p2a: Gliscor\n|-activate|p2a: Gliscor|move: Protect\n|\n|-damage|p1a: Miraidon|0 fnt|[from] psn\n|faint|p1a: Miraidon\n|upkeep\n|\n|t:|1700489310\n|switch|p1a: Arceus|Arceus-Steel|100\/100\n|-damage|p1a: Arceus|94\/100|[from] Stealth Rock\n|turn|21\n|\n|t:|1700489316\n|move|p1a: Arceus|Taunt|p2a: Gliscor\n|-start|p2a: Gliscor|move: Taunt\n|move|p2a: Gliscor|Earthquake|p1a: Arceus\n|-supereffective|p1a: Arceus\n|-damage|p1a: Arceus|52\/100\n|\n|-fieldend|move: Electric Terrain\n|upkeep\n|turn|22\n|\n|t:|1700489324\n|move|p1a: Arceus|Recover|p1a: Arceus\n|-heal|p1a: Arceus|100\/100\n|move|p2a: Gliscor|Earthquake|p1a: Arceus\n|-supereffective|p1a: Arceus\n|-damage|p1a: Arceus|61\/100\n|\n|upkeep\n|turn|23\n|\n|t:|1700489331\n|-terastallize|p1a: Arceus|Flying\n|move|p1a: Arceus|Recover|p1a: Arceus\n|-heal|p1a: Arceus|100\/100\n|move|p2a: Gliscor|Earthquake|p1a: Arceus\n|-immune|p1a: Arceus\n|\n|-end|p2a: Gliscor|move: Taunt\n|upkeep\n|turn|24\n|\n|t:|1700489341\n|switch|p2a: Arceus|Arceus-Water|100\/100\n|-damage|p2a: Arceus|88\/100|[from] Stealth Rock\n|move|p1a: Arceus|Taunt|p2a: Arceus\n|-start|p2a: Arceus|move: Taunt\n|\n|upkeep\n|turn|25\n|\n|t:|1700489348\n|switch|p1a: Clodsire|Clodsire, F|94\/100\n|-damage|p1a: Clodsire|88\/100|[from] Stealth Rock\n|move|p2a: Arceus|Judgment|p1a: Clodsire\n|-heal|p1a: Clodsire|100\/100|[from] ability: Water Absorb|[of] p2a: Arceus\n|\n|upkeep\n|turn|26\n|\n|t:|1700489358\n|switch|p2a: Gliscor|Gliscor, M, tera:Water|100\/100 tox\n|-damage|p2a: Gliscor|88\/100 tox|[from] Stealth Rock\n|move|p1a: Clodsire|Toxic|p2a: Gliscor\n|-fail|p2a: Gliscor|tox\n|\n|-heal|p2a: Gliscor|100\/100 tox|[from] ability: Poison Heal\n|upkeep\n|turn|27\n|\n|t:|1700489367\n|move|p2a: Gliscor|Earthquake|p1a: Clodsire\n|-supereffective|p1a: Clodsire\n|-damage|p1a: Clodsire|29\/100\n|move|p1a: Clodsire|Spikes|p2a: Gliscor\n|-sidestart|p2: Albus_1005|Spikes\n|\n|upkeep\n|turn|28\n|\n|t:|1700489380\n|switch|p1a: Corviknight|Corviknight, M, shiny|64\/100\n|-damage|p1a: Corviknight|51\/100|[from] Stealth Rock\n|-ability|p1a: Corviknight|Pressure\n|move|p2a: Gliscor|Toxic|p1a: Corviknight\n|-immune|p1a: Corviknight\n|\n|upkeep\n|turn|29\n|\n|t:|1700489388\n|move|p2a: Gliscor|Taunt|p1a: Corviknight\n|-start|p1a: Corviknight|move: Taunt\n|cant|p1a: Corviknight|move: Taunt|Roost\n|\n|upkeep\n|turn|30\n|\n|t:|1700489394\n|switch|p2a: Arceus|Arceus-Water|88\/100\n|-damage|p2a: Arceus|76\/100|[from] Stealth Rock\n|-damage|p2a: Arceus|63\/100|[from] Spikes\n|move|p1a: Corviknight|U-turn|p2a: Arceus\n|-damage|p2a: Arceus|56\/100\n|\n|t:|1700489398\n|switch|p1a: Urshifu|Urshifu-Rapid-Strike, F|94\/100|[from] U-turn\n|-damage|p1a: Urshifu|88\/100|[from] Stealth Rock\n|\n|upkeep\n|turn|31\n|\n|t:|1700489404\n|move|p1a: Urshifu|Close Combat|p2a: Arceus\n|-damage|p2a: Arceus|24\/100\n|-unboost|p1a: Urshifu|def|1\n|-unboost|p1a: Urshifu|spd|1\n|move|p2a: Arceus|Recover|p2a: Arceus\n|-heal|p2a: Arceus|74\/100\n|\n|upkeep\n|turn|32\n|\n|t:|1700489413\n|move|p1a: Urshifu|Close Combat|p2a: Arceus\n|-damage|p2a: Arceus|39\/100\n|-unboost|p1a: Urshifu|def|1\n|-unboost|p1a: Urshifu|spd|1\n|move|p2a: Arceus|Recover|p2a: Arceus\n|-heal|p2a: Arceus|89\/100\n|\n|upkeep\n|turn|33\n|\n|t:|1700489420\n|switch|p1a: Clodsire|Clodsire, F|29\/100\n|-damage|p1a: Clodsire|23\/100|[from] Stealth Rock\n|move|p2a: Arceus|Recover|p2a: Arceus\n|-heal|p2a: Arceus|100\/100\n|\n|upkeep\n|turn|34\n|\n|t:|1700489427\n|move|p2a: Arceus|Ice Beam|p1a: Clodsire\n|-supereffective|p1a: Clodsire\n|-damage|p1a: Clodsire|0 fnt\n|faint|p1a: Clodsire\n|\n|upkeep\n|\n|t:|1700489432\n|switch|p1a: Arceus|Arceus-Steel, tera:Flying|100\/100\n|-damage|p1a: Arceus|76\/100|[from] Stealth Rock\n|turn|35\n|\n|t:|1700489438\n|move|p1a: Arceus|Will-O-Wisp|p2a: Arceus\n|-status|p2a: Arceus|brn\n|move|p2a: Arceus|Judgment|p1a: Arceus\n|-damage|p1a: Arceus|44\/100\n|\n|-damage|p2a: Arceus|94\/100 brn|[from] brn\n|upkeep\n|turn|36\n|\n|t:|1700489446\n|move|p1a: Arceus|Taunt|p2a: Arceus\n|-start|p2a: Arceus|move: Taunt\n|move|p2a: Arceus|Judgment|p1a: Arceus\n|-damage|p1a: Arceus|12\/100\n|\n|-damage|p2a: Arceus|88\/100 brn|[from] brn\n|upkeep\n|turn|37\n|\n|t:|1700489454\n|move|p1a: Arceus|Recover|p1a: Arceus\n|-heal|p1a: Arceus|62\/100\n|move|p2a: Arceus|Ice Beam|p1a: Arceus\n|-supereffective|p1a: Arceus\n|-damage|p1a: Arceus|27\/100\n|\n|-damage|p2a: Arceus|82\/100 brn|[from] brn\n|upkeep\n|turn|38\n|\n|t:|1700489462\n|move|p1a: Arceus|Recover|p1a: Arceus\n|-heal|p1a: Arceus|77\/100\n|move|p2a: Arceus|Ice Beam|p1a: Arceus\n|-supereffective|p1a: Arceus\n|-damage|p1a: Arceus|45\/100\n|\n|-damage|p2a: Arceus|76\/100 brn|[from] brn\n|-end|p2a: Arceus|move: Taunt\n|upkeep\n|turn|39\n|\n|t:|1700489471\n|switch|p1a: Urshifu|Urshifu-Rapid-Strike, F|88\/100\n|-damage|p1a: Urshifu|82\/100|[from] Stealth Rock\n|move|p2a: Arceus|Ice Beam|p1a: Urshifu\n|-resisted|p1a: Urshifu\n|-damage|p1a: Urshifu|64\/100\n|\n|-damage|p2a: Arceus|70\/100 brn|[from] brn\n|upkeep\n|turn|40\n|\n|t:|1700489479\n|move|p1a: Urshifu|Close Combat|p2a: Arceus\n|-damage|p2a: Arceus|39\/100 brn\n|-unboost|p1a: Urshifu|def|1\n|-unboost|p1a: Urshifu|spd|1\n|move|p2a: Arceus|Recover|p2a: Arceus\n|-heal|p2a: Arceus|89\/100 brn\n|\n|-damage|p2a: Arceus|83\/100 brn|[from] brn\n|upkeep\n|turn|41\n|\n|t:|1700489488\n|move|p1a: Urshifu|Close Combat|p2a: Arceus\n|-crit|p2a: Arceus\n|-damage|p2a: Arceus|31\/100 brn\n|-unboost|p1a: Urshifu|def|1\n|-unboost|p1a: Urshifu|spd|1\n|move|p2a: Arceus|Recover|p2a: Arceus\n|-heal|p2a: Arceus|81\/100 brn\n|\n|-damage|p2a: Arceus|75\/100 brn|[from] brn\n|upkeep\n|turn|42\n|\n|t:|1700489501\n|switch|p1a: Landorus|Landorus-Therian, M|24\/100\n|-damage|p1a: Landorus|11\/100|[from] Stealth Rock\n|-ability|p1a: Landorus|Intimidate|boost\n|-unboost|p2a: Arceus|atk|1\n|move|p2a: Arceus|Judgment|p1a: Landorus\n|-supereffective|p1a: Landorus\n|-damage|p1a: Landorus|0 fnt\n|faint|p1a: Landorus\n|\n|-damage|p2a: Arceus|69\/100 brn|[from] brn\n|upkeep\n|\n|t:|1700489503\n|switch|p1a: Urshifu|Urshifu-Rapid-Strike, F|64\/100\n|-damage|p1a: Urshifu|58\/100|[from] Stealth Rock\n|turn|43\n|\n|t:|1700489516\n|move|p1a: Urshifu|Close Combat|p2a: Arceus\n|-damage|p2a: Arceus|37\/100 brn\n|-unboost|p1a: Urshifu|def|1\n|-unboost|p1a: Urshifu|spd|1\n|move|p2a: Arceus|Judgment|p1a: Urshifu\n|-resisted|p1a: Urshifu\n|-damage|p1a: Urshifu|7\/100\n|\n|-damage|p2a: Arceus|31\/100 brn|[from] brn\n|upkeep\n|turn|44\n|\n|t:|1700489525\n|move|p1a: Urshifu|Close Combat|p2a: Arceus\n|-damage|p2a: Arceus|0 fnt\n|-unboost|p1a: Urshifu|def|1\n|-unboost|p1a: Urshifu|spd|1\n|faint|p2a: Arceus\n|\n|upkeep\n|\n|t:|1700489533\n|switch|p2a: Zacian|Zacian-Crowned|100\/100\n|-damage|p2a: Zacian|94\/100|[from] Stealth Rock\n|-damage|p2a: Zacian|82\/100|[from] Spikes\n|-ability|p2a: Zacian|Intrepid Sword|boost\n|-boost|p2a: Zacian|atk|1\n|turn|45\n|\n|t:|1700489542\n|move|p1a: Urshifu|Close Combat|p2a: Zacian\n|-damage|p2a: Zacian|25\/100\n|-unboost|p1a: Urshifu|def|1\n|-unboost|p1a: Urshifu|spd|1\n|move|p2a: Zacian|Behemoth Blade|p1a: Urshifu\n|-resisted|p1a: Urshifu\n|-damage|p1a: Urshifu|0 fnt\n|faint|p1a: Urshifu\n|\n|upkeep\n|\n|t:|1700489563\n|switch|p1a: Corviknight|Corviknight, M, shiny|51\/100\n|-damage|p1a: Corviknight|39\/100|[from] Stealth Rock\n|-ability|p1a: Corviknight|Pressure\n|turn|46\n|\n|t:|1700489571\n|move|p2a: Zacian|Wild Charge|p1a: Corviknight\n|-supereffective|p1a: Corviknight\n|-damage|p1a: Corviknight|0 fnt\n|-damage|p2a: Zacian|8\/100|[from] item: Rocky Helmet|[of] p1a: Corviknight\n|faint|p1a: Corviknight\n|-damage|p2a: Zacian|0 fnt|[from] Recoil\n|faint|p2a: Zacian\n|\n|upkeep\n|\n|t:|1700489579\n|switch|p2a: Gliscor|Gliscor, M, tera:Water|100\/100 tox\n|switch|p1a: Arceus|Arceus-Steel, tera:Flying|45\/100\n|-damage|p1a: Arceus|20\/100|[from] Stealth Rock\n|-damage|p2a: Gliscor|88\/100 tox|[from] Stealth Rock\n|-damage|p2a: Gliscor|76\/100 tox|[from] Spikes\n|turn|47\n|\n|t:|1700489587\n|move|p1a: Arceus|Taunt|p2a: Gliscor\n|-start|p2a: Gliscor|move: Taunt\n|cant|p2a: Gliscor|move: Taunt|Toxic\n|\n|-heal|p2a: Gliscor|88\/100 tox|[from] ability: Poison Heal\n|upkeep\n|turn|48\n|-message|Albus_1005 forfeited.\n|\n|win|dthftghnfg\n|raw|dthftghnfg's rating: 1240 &rarr; <strong>1272<\/strong><br \/>(+32 for winning)\n|raw|Albus_1005's rating: 1336 &rarr; <strong>1311<\/strong><br \/>(-25 for losing)\n|l|\u2606Albus_1005\n","uploadtime":1700489601,"views":2,"p1id":"dthftghnfg","p2id":"albus1005","formatid":"gen9ubers","rating":1272,"private":0,"password":""}