{"id":"gen9ubers-1967954640","p1":"Fra02","p2":"UnderFan10","format":"[Gen 9] Ubers","log":"|j|\u2606Fra02\n|j|\u2606UnderFan10\n|t:|1697364726\n|gametype|singles\n|player|p1|Fra02|steven|1045\n|player|p2|UnderFan10|ingo|1094\n|teamsize|p1|6\n|teamsize|p2|6\n|gen|9\n|tier|[Gen 9] Ubers\n|rated|\n|rule|Sleep Clause Mod: Limit one foe put to sleep\n|rule|Species Clause: Limit one of each Pok\u00e9mon\n|rule|OHKO Clause: OHKO moves are banned\n|rule|Evasion Items Clause: Evasion items are banned\n|rule|Evasion Moves Clause: Evasion moves are banned\n|rule|Endless Battle Clause: Forcing endless battles is banned\n|rule|HP Percentage Mod: HP is shown in percentages\n|clearpoke\n|poke|p1|Miraidon|\n|poke|p1|Palafin, F|\n|poke|p1|Meowscarada, M|\n|poke|p1|Armarouge, F|\n|poke|p1|Iron Valiant|\n|poke|p1|Gholdengo|\n|poke|p2|Arceus|\n|poke|p2|Flutter Mane|\n|poke|p2|Koraidon|\n|poke|p2|Miraidon|\n|poke|p2|Iron Bundle|\n|poke|p2|Zacian-*|\n|teampreview\n|inactive|Battle timer is ON: inactive players will automatically lose when time's up. (requested by Fra02)\n|inactive|UnderFan10 also wants the timer to be on.\n|\n|t:|1697364733\n|start\n|switch|p1a: Palafin|Palafin, F|100\/100\n|switch|p2a: Arceus|Arceus|100\/100\n|turn|1\n|\n|t:|1697364740\n|-terastallize|p2a: Arceus|Normal\n|move|p2a: Arceus|Swords Dance|p2a: Arceus\n|-boost|p2a: Arceus|atk|2\n|move|p1a: Palafin|Flip Turn|p2a: Arceus\n|-damage|p2a: Arceus|84\/100\n|\n|t:|1697364748\n|detailschange|p1a: Palafin|Palafin-Hero, F\n|switch|p1a: Iron Valiant|Iron Valiant|100\/100|[from] Flip Turn\n|\n|upkeep\n|turn|2\n|\n|t:|1697364755\n|move|p2a: Arceus|Extreme Speed|p1a: Iron Valiant\n|-damage|p1a: Iron Valiant|0 fnt\n|faint|p1a: Iron Valiant\n|-end|p1a: Iron Valiant|Quark Drive|[silent]\n|\n|upkeep\n|\n|t:|1697364761\n|switch|p1a: Gholdengo|Gholdengo|100\/100\n|turn|3\n|\n|t:|1697364768\n|move|p2a: Arceus|Earthquake|p1a: Gholdengo\n|-supereffective|p1a: Gholdengo\n|-damage|p1a: Gholdengo|0 fnt\n|faint|p1a: Gholdengo\n|\n|upkeep\n|\n|t:|1697364776\n|switch|p1a: Palafin|Palafin-Hero, F|100\/100\n|-activate|p1a: Palafin|ability: Zero to Hero\n|turn|4\n|\n|t:|1697364782\n|move|p2a: Arceus|Earthquake|p1a: Palafin\n|-damage|p1a: Palafin|35\/100\n|move|p1a: Palafin|Drain Punch|p2a: Arceus\n|-supereffective|p2a: Arceus\n|-damage|p2a: Arceus|35\/100\n|-heal|p1a: Palafin|63\/100|[from] drain|[of] p2a: Arceus\n|\n|upkeep\n|turn|5\n|\n|t:|1697364792\n|move|p2a: Arceus|Earthquake|p1a: Palafin\n|-damage|p1a: Palafin|1\/100\n|-enditem|p1a: Palafin|Aguav Berry|[eat]\n|-heal|p1a: Palafin|35\/100|[from] item: Aguav Berry\n|move|p1a: Palafin|Drain Punch|p2a: Arceus\n|-supereffective|p2a: Arceus\n|-damage|p2a: Arceus|0 fnt\n|-heal|p1a: Palafin|54\/100|[from] drain|[of] p2a: Arceus\n|faint|p2a: Arceus\n|\n|upkeep\n|\n|t:|1697364801\n|switch|p2a: Koraidon|Koraidon|100\/100\n|-weather|SunnyDay|[from] ability: Orichalcum Pulse|[of] p2a: Koraidon\n|-activate|p2a: Koraidon|Orichalcum Pulse|[source]\n|turn|6\n|\n|t:|1697364812\n|move|p2a: Koraidon|Collision Course|p1a: Palafin\n|-damage|p1a: Palafin|0 fnt\n|faint|p1a: Palafin\n|\n|-weather|SunnyDay|[upkeep]\n|upkeep\n|\n|t:|1697364821\n|switch|p1a: Miraidon|Miraidon|100\/100\n|-fieldstart|move: Electric Terrain|[from] ability: Hadron Engine|[of] p1a: Miraidon\n|-enditem|p1a: Miraidon|Electric Seed\n|-boost|p1a: Miraidon|def|1|[from] item: Electric Seed\n|turn|7\n|\n|t:|1697364831\n|move|p2a: Koraidon|Dragon Claw|p1a: Miraidon\n|-supereffective|p1a: Miraidon\n|-damage|p1a: Miraidon|25\/100\n|move|p1a: Miraidon|Dragon Pulse|p2a: Koraidon\n|-supereffective|p2a: Koraidon\n|-damage|p2a: Koraidon|0 fnt\n|faint|p2a: Koraidon\n|\n|-weather|SunnyDay|[upkeep]\n|upkeep\n|\n|t:|1697364834\n|switch|p2a: Flutter Mane|Flutter Mane|100\/100\n|-activate|p2a: Flutter Mane|ability: Protosynthesis\n|-start|p2a: Flutter Mane|protosynthesisspe\n|turn|8\n|\n|t:|1697364851\n|move|p2a: Flutter Mane|Moonblast|p1a: Miraidon\n|-supereffective|p1a: Miraidon\n|-crit|p1a: Miraidon\n|-damage|p1a: Miraidon|0 fnt\n|faint|p1a: Miraidon\n|-damage|p2a: Flutter Mane|91\/100|[from] item: Life Orb\n|\n|-weather|SunnyDay|[upkeep]\n|upkeep\n|\n|t:|1697364854\n|switch|p1a: Meowscarada|Meowscarada, M|100\/100\n|turn|9\n|\n|t:|1697364863\n|move|p2a: Flutter Mane|Moonblast|p1a: Meowscarada\n|-supereffective|p1a: Meowscarada\n|-damage|p1a: Meowscarada|0 fnt\n|faint|p1a: Meowscarada\n|-damage|p2a: Flutter Mane|81\/100|[from] item: Life Orb\n|\n|-weather|SunnyDay|[upkeep]\n|upkeep\n|\n|t:|1697364866\n|switch|p1a: Armarouge|Armarouge, F|100\/100\n|turn|10\n|\n|t:|1697364870\n|move|p2a: Flutter Mane|Shadow Ball|p1a: Armarouge\n|-supereffective|p1a: Armarouge\n|-enditem|p1a: Armarouge|Focus Sash\n|-damage|p1a: Armarouge|1\/100\n|-damage|p2a: Flutter Mane|71\/100|[from] item: Life Orb\n|move|p1a: Armarouge|Calm Mind|p1a: Armarouge\n|-boost|p1a: Armarouge|spa|1\n|-boost|p1a: Armarouge|spd|1\n|\n|-weather|none\n|-end|p2a: Flutter Mane|Protosynthesis\n|upkeep\n|turn|11\n|\n|t:|1697364882\n|move|p2a: Flutter Mane|Shadow Ball|p1a: Armarouge\n|-supereffective|p1a: Armarouge\n|-damage|p1a: Armarouge|0 fnt\n|faint|p1a: Armarouge\n|-damage|p2a: Flutter Mane|61\/100|[from] item: Life Orb\n|\n|win|UnderFan10\n|raw|Fra02's rating: 1045 &rarr; <strong>1031<\/strong><br \/>(-14 for losing)\n|raw|UnderFan10's rating: 1094 &rarr; <strong>1116<\/strong><br \/>(+22 for winning)\n|l|\u2606Fra02\n","uploadtime":1697364892,"views":11,"p1id":"fra02","p2id":"underfan10","formatid":"gen9ubers","rating":1031,"private":0,"password":""}