{"id":"gen9ubers-1984843734","p1":"I am Useless Meta","p2":"zorbb","format":"[Gen 9] Ubers","log":"|j|\u2606I am Useless Meta\n|j|\u2606zorbb\n|t:|1699303771\n|gametype|singles\n|player|p1|I am Useless Meta|kieran-festival|\n|player|p2|zorbb|skierf|\n|teamsize|p1|6\n|teamsize|p2|6\n|gen|9\n|tier|[Gen 9] Ubers\n|rule|Sleep Clause Mod: Limit one foe put to sleep\n|rule|Species Clause: Limit one of each Pok\u00e9mon\n|rule|OHKO Clause: OHKO moves are banned\n|rule|Evasion Items Clause: Evasion items are banned\n|rule|Evasion Moves Clause: Evasion moves are banned\n|rule|Endless Battle Clause: Forcing endless battles is banned\n|rule|HP Percentage Mod: HP is shown in percentages\n|clearpoke\n|poke|p1|Hatterene, F|\n|poke|p1|Ceruledge, F|\n|poke|p1|Ogerpon, F|\n|poke|p1|Samurott-Hisui, M|\n|poke|p1|Gliscor, F|\n|poke|p1|Iron Hands|\n|poke|p2|Gyarados, M|\n|poke|p2|Chesnaught, M|\n|poke|p2|Cinderace, F|\n|poke|p2|Glimmora, F|\n|poke|p2|Cresselia, F|\n|poke|p2|Mandibuzz, F|\n|teampreview\n|inactive|Battle timer is ON: inactive players will automatically lose when time's up. (requested by I am Useless Meta)\n|c|\u2606I am Useless Meta|glhf\n|c|\u2606zorbb|gl hf\n|c|\u2606zorbb|ty\n|inactive|I am Useless Meta has 270 seconds left.\n|c|\u2606zorbb|dont go ogerpon ever please\n|inactive|I am Useless Meta has 240 seconds left.\n|c|\u2606I am Useless Meta|k\n|c|\u2606zorbb|:d\n|\n|t:|1699303845\n|start\n|switch|p1a: Samurott|Samurott-Hisui, M|100\/100\n|switch|p2a: Glimmora|Glimmora, F|100\/100\n|turn|1\n|inactive|I am Useless Meta has 270 seconds left.\n|\n|t:|1699303889\n|move|p1a: Samurott|Flip Turn|p2a: Glimmora\n|-supereffective|p2a: Glimmora\n|-damage|p2a: Glimmora|34\/100\n|-activate|p2a: Glimmora|ability: Toxic Debris\n|-sidestart|p1: I am Useless Meta|move: Toxic Spikes\n|\n|t:|1699303898\n|switch|p1a: Hatterene|Hatterene, F|100\/100|[from] Flip Turn\n|-status|p1a: Hatterene|psn\n|move|p2a: Glimmora|Mortal Spin|p1a: Hatterene\n|-supereffective|p1a: Hatterene\n|-crit|p1a: Hatterene\n|-damage|p1a: Hatterene|83\/100 psn\n|\n|-heal|p1a: Hatterene|89\/100 psn|[from] item: Leftovers\n|-damage|p1a: Hatterene|77\/100 psn|[from] psn\n|upkeep\n|turn|2\n|inactive|I am Useless Meta has 240 seconds left.\n|inactive|I am Useless Meta has 210 seconds left.\n|\n|t:|1699303979\n|switch|p1a: Samurott|Samurott-Hisui, M|100\/100\n|-status|p1a: Samurott|psn\n|move|p2a: Glimmora|Sludge Wave|p1a: Samurott\n|-damage|p1a: Samurott|29\/100 psn\n|\n|-damage|p1a: Samurott|17\/100 psn|[from] psn\n|upkeep\n|turn|3\n|\n|t:|1699304003\n|move|p1a: Samurott|Ceaseless Edge|p2a: Glimmora\n|-damage|p2a: Glimmora|0 fnt\n|-activate|p2a: Glimmora|ability: Toxic Debris\n|-sidestart|p1: I am Useless Meta|move: Toxic Spikes\n|-sidestart|p2: zorbb|Spikes\n|faint|p2a: Glimmora\n|\n|-damage|p1a: Samurott|5\/100 psn|[from] psn\n|upkeep\n|inactive|zorbb has 270 seconds left.\n|\n|t:|1699304018\n|switch|p2a: Cinderace|Cinderace, F|100\/100\n|turn|4\n|inactive|zorbb has 270 seconds left.\n|inactive|I am Useless Meta has 180 seconds left.\n|\n|t:|1699304070\n|move|p1a: Samurott|Ceaseless Edge|p2a: Cinderace\n|-damage|p2a: Cinderace|32\/100\n|-sidestart|p2: zorbb|Spikes\n|move|p2a: Cinderace|U-turn|p1a: Samurott\n|-start|p2a: Cinderace|typechange|Bug|[from] ability: Libero\n|-supereffective|p1a: Samurott\n|-damage|p1a: Samurott|0 fnt\n|faint|p1a: Samurott\n|c|\u2606zorbb|AE\n|inactive|zorbb has 270 seconds left.\n|c|\u2606zorbb|9iowow\n|c|\u2606zorbb|ow\n|c|\u2606I am Useless Meta|big chip\n|\n|t:|1699304086\n|switch|p2a: Mandibuzz|Mandibuzz, F|100\/100|[from] U-turn\n|\n|upkeep\n|c|\u2606I am Useless Meta|I loveeeeeeeeeeeeeeeeeeee specially defensive gliscor\n|c|\u2606zorbb|brother that is no chip 70% OF MY HEALTH IS GONE\n|inactive|I am Useless Meta has 150 seconds left.\n|c|\u2606zorbb|i am on death's door\n|c|\u2606I am Useless Meta|yes that's why it's big chip\n|\n|t:|1699304120\n|switch|p1a: Hatterene|Hatterene, F|77\/100 psn\n|turn|5\n|c|\u2606zorbb|i dont live shadow sneak\n|inactive|zorbb has 270 seconds left.\n|c|\u2606I am Useless Meta|sad\n|c|\u2606I am Useless Meta|defog for me please\n|inactive|zorbb has 240 seconds left.\n|\n|t:|1699304158\n|move|p2a: Mandibuzz|U-turn|p1a: Hatterene\n|-damage|p1a: Hatterene|66\/100 psn\n|\n|t:|1699304160\n|switch|p2a: Cresselia|Cresselia, F|100\/100|[from] U-turn\n|move|p1a: Hatterene|Dazzling Gleam|p2a: Cresselia\n|-damage|p2a: Cresselia|76\/100\n|\n|-heal|p2a: Cresselia|82\/100|[from] item: Leftovers\n|-heal|p1a: Hatterene|72\/100 psn|[from] item: Leftovers\n|-damage|p1a: Hatterene|60\/100 psn|[from] psn\n|upkeep\n|turn|6\n|c|\u2606I am Useless Meta|I have no poison type\n|inactive|I am Useless Meta has 150 seconds left.\n|c|\u2606zorbb|yeye:D\n|inactive|zorbb has 240 seconds left.\n|c|\u2606zorbb|wait\n|c|\u2606zorbb|this is\n|c|\u2606zorbb|calm mind\n|c|\u2606zorbb|i die to ogerpon\n|c|\u2606zorbb|its so oger\n|inactive|I am Useless Meta has 120 seconds left.\n|\n|t:|1699304228\n|switch|p1a: Ogerpon|Ogerpon, F|100\/100\n|-status|p1a: Ogerpon|tox\n|move|p2a: Cresselia|Calm Mind|p2a: Cresselia\n|-boost|p2a: Cresselia|spa|1\n|-boost|p2a: Cresselia|spd|1\n|\n|-heal|p2a: Cresselia|88\/100|[from] item: Leftovers\n|-damage|p1a: Ogerpon|95\/100 tox|[from] psn\n|upkeep\n|turn|7\n|c|\u2606zorbb|QUFAGABFHNJM\n|c|\u2606zorbb|OGER\n|\n|t:|1699304241\n|switch|p2a: Mandibuzz|Mandibuzz, F|100\/100\n|move|p1a: Ogerpon|U-turn|p2a: Mandibuzz\n|-damage|p2a: Mandibuzz|81\/100\n|\n|t:|1699304246\n|switch|p1a: Hatterene|Hatterene, F|60\/100 psn|[from] U-turn\n|\n|-heal|p1a: Hatterene|66\/100 psn|[from] item: Leftovers\n|-damage|p1a: Hatterene|54\/100 psn|[from] psn\n|upkeep\n|turn|8\n|inactive|zorbb has 240 seconds left.\n|c|\u2606zorbb|u r barely any\n|c|\u2606zorbb|sp attack\n|c|\u2606zorbb|u do\n|c|\u2606zorbb|NOTHING\n|inactive|I am Useless Meta has 90 seconds left.\n|\n|t:|1699304278\n|switch|p2a: Cresselia|Cresselia, F|88\/100\n|move|p1a: Hatterene|Nuzzle|p2a: Cresselia\n|-damage|p2a: Cresselia|86\/100\n|-status|p2a: Cresselia|par\n|\n|-heal|p2a: Cresselia|92\/100 par|[from] item: Leftovers\n|-heal|p1a: Hatterene|60\/100 psn|[from] item: Leftovers\n|-damage|p1a: Hatterene|47\/100 psn|[from] psn\n|upkeep\n|turn|9\n|c|\u2606I am Useless Meta|can you defog\n|c|\u2606I am Useless Meta|plz\n|c|\u2606zorbb|nuh uh\n|inactive|I am Useless Meta has 90 seconds left.\n|\n|t:|1699304299\n|switch|p1a: Ogerpon|Ogerpon, F|95\/100 tox\n|cant|p2a: Cresselia|par\n|\n|-heal|p2a: Cresselia|98\/100 par|[from] item: Leftovers\n|-damage|p1a: Ogerpon|89\/100 tox|[from] psn\n|upkeep\n|turn|10\n|c|\u2606zorbb|NOOOO\n|c|\u2606zorbb|NMJAWGDVBHAFDWNJMK\n|\n|t:|1699304318\n|move|p1a: Ogerpon|Play Rough|p2a: Cresselia\n|-damage|p2a: Cresselia|70\/100 par\n|cant|p2a: Cresselia|par\n|\n|-heal|p2a: Cresselia|76\/100 par|[from] item: Leftovers\n|-damage|p1a: Ogerpon|77\/100 tox|[from] psn\n|upkeep\n|turn|11\n|c|\u2606zorbb|r u\n|c|\u2606zorbb|:(\n|\n|t:|1699304327\n|switch|p1a: Ceruledge|Ceruledge, F|100\/100\n|-status|p1a: Ceruledge|tox\n|move|p2a: Cresselia|Moonblast|p1a: Ceruledge\n|-resisted|p1a: Ceruledge\n|-damage|p1a: Ceruledge|89\/100 tox\n|\n|-heal|p2a: Cresselia|82\/100 par|[from] item: Leftovers\n|-damage|p1a: Ceruledge|83\/100 tox|[from] psn\n|upkeep\n|turn|12\n|c|\u2606I am Useless Meta|:(\n|inactive|I am Useless Meta has 90 seconds left.\n|c|\u2606zorbb|bitter blade more like\n|c|\u2606zorbb|sad\n|c|\u2606zorbb|blade that does\n|c|\u2606zorbb|0 dmg\n|\n|t:|1699304351\n|switch|p2a: Mandibuzz|Mandibuzz, F|81\/100\n|move|p1a: Ceruledge|Poltergeist|p2a: Mandibuzz\n|-activate|p2a: Mandibuzz|move: Poltergeist|Heavy-Duty Boots\n|-resisted|p2a: Mandibuzz\n|-damage|p2a: Mandibuzz|66\/100\n|\n|-damage|p1a: Ceruledge|70\/100 tox|[from] psn\n|upkeep\n|turn|13\n|\n|t:|1699304357\n|switch|p1a: Iron Hands|Iron Hands|100\/100\n|-status|p1a: Iron Hands|tox\n|move|p2a: Mandibuzz|Foul Play|p1a: Iron Hands\n|-resisted|p1a: Iron Hands\n|-damage|p1a: Iron Hands|86\/100 tox\n|\n|-damage|p1a: Iron Hands|80\/100 tox|[from] psn\n|upkeep\n|turn|14\n|inactive|I am Useless Meta has 90 seconds left.\n|inactive|zorbb has 240 seconds left.\n|c|\u2606zorbb|ICE PUNCH\n|c|\u2606zorbb|GRR\n|\n|t:|1699304382\n|move|p2a: Mandibuzz|Roost|p2a: Mandibuzz\n|-heal|p2a: Mandibuzz|100\/100\n|-singleturn|p2a: Mandibuzz|move: Roost\n|move|p1a: Iron Hands|Volt Switch|p2a: Mandibuzz\n|-damage|p2a: Mandibuzz|90\/100\n|\n|t:|1699304391\n|-end|p1a: Iron Hands|Quark Drive|[silent]\n|switch|p1a: Gliscor|Gliscor, F|100\/100|[from] Volt Switch\n|\n|-status|p1a: Gliscor|tox|[from] item: Toxic Orb\n|upkeep\n|turn|15\n|c|\u2606zorbb|so many\n|c|\u2606zorbb|hazards\n|c|\u2606zorbb|r going up\n|c|\u2606zorbb|not\n|c|\u2606zorbb|good\n|\n|t:|1699304420\n|switch|p2a: Chesnaught|Chesnaught, M|100\/100\n|-damage|p2a: Chesnaught|84\/100|[from] Spikes\n|move|p1a: Gliscor|Stealth Rock|p2a: Chesnaught\n|-sidestart|p2: zorbb|move: Stealth Rock\n|\n|upkeep\n|turn|16\n|c|\u2606zorbb|BELLY DRUM CHESNNAUGHTHTVTVGRTAQHBWNJ\n|\n|t:|1699304435\n|move|p2a: Chesnaught|Belly Drum|p2a: Chesnaught\n|-damage|p2a: Chesnaught|34\/100\n|-setboost|p2a: Chesnaught|atk|6|[from] move: Belly Drum\n|-enditem|p2a: Chesnaught|Sitrus Berry|[eat]\n|-heal|p2a: Chesnaught|59\/100|[from] item: Sitrus Berry\n|move|p1a: Gliscor|U-turn|p2a: Chesnaught\n|-damage|p2a: Chesnaught|45\/100\n|c|\u2606zorbb|GOOGOGOGOOO\n|c|\u2606zorbb|YOOOOO\n|c|\u2606zorbb|I GOT TO ClICK TO MOVE\n|inactive|I am Useless Meta has 60 seconds left.\n|c|\u2606zorbb|OMG\n|\n|t:|1699304457\n|switch|p1a: Ceruledge|Ceruledge, F|70\/100 tox|[from] U-turn\n|\n|-damage|p1a: Ceruledge|64\/100 tox|[from] psn\n|upkeep\n|turn|17\n|inactive|I am Useless Meta has 60 seconds left.\n|inactive|zorbb has 210 seconds left.\n|c|\u2606zorbb|guh\n|inactive|zorbb has 180 seconds left.\n|c|\u2606zorbb|WAIT\n|c|\u2606zorbb|OMG\n|\n|t:|1699304523\n|-terastallize|p2a: Chesnaught|Fire\n|move|p1a: Ceruledge|Bitter Blade|p2a: Chesnaught\n|-resisted|p2a: Chesnaught\n|-crit|p2a: Chesnaught\n|-damage|p2a: Chesnaught|14\/100\n|-heal|p1a: Ceruledge|81\/100 tox|[from] drain|[of] p2a: Chesnaught\n|move|p2a: Chesnaught|Rock Slide|p1a: Ceruledge|[miss]\n|-miss|p2a: Chesnaught|p1a: Ceruledge\n|\n|-damage|p1a: Ceruledge|69\/100 tox|[from] psn\n|upkeep\n|turn|18\n|c|\u2606zorbb|IM\n|c|\u2606zorbb|NO ITEM\n|c|\u2606I am Useless Meta|omg why didnt I poltergeist\n|c|\u2606I am Useless Meta|LOL\n|c|\u2606zorbb|im no item\n|c|\u2606zorbb|and i missed\n|c|\u2606I am Useless Meta|you ate your berry\n|inactive|I am Useless Meta has 30 seconds left.\n|c|\u2606zorbb|ye\n|c|\u2606zorbb|:(\n|\n|t:|1699304549\n|move|p1a: Ceruledge|Poltergeist||[still]\n|-fail|p1a: Ceruledge\n|move|p2a: Chesnaught|Rock Slide|p1a: Ceruledge\n|-supereffective|p1a: Ceruledge\n|-damage|p1a: Ceruledge|0 fnt\n|faint|p1a: Ceruledge\n|\n|upkeep\n|inactive|I am Useless Meta has 30 seconds left this turn.\n|c|\u2606I am Useless Meta|WIAT\n|c|\u2606zorbb|TYTYT\n|c|\u2606I am Useless Meta|WAKT\n|c|\u2606I am Useless Meta|WSAIT\n|c|\u2606I am Useless Meta|AXFECJLWFJ\n|c|\u2606I am Useless Meta|SAJDSA\n|c|\u2606I am Useless Meta|MISCLICK\n|c|\u2606zorbb|TURN OFF TIMER\n|inactive|I am Useless Meta has 20 seconds left.\n|c|\u2606zorbb|TURN OFF TIEMR\n|inactiveoff|Battle timer is now OFF.\n|c|\u2606zorbb|QUICK\n|c|\u2606zorbb|OMG\n|c|\u2606zorbb|AA\n|c|\u2606zorbb|u can\n|c|\u2606zorbb|take as long as u need\n|\n|t:|1699304581\n|switch|p1a: Ogerpon|Ogerpon, F|77\/100 tox\n|turn|19\n|c|\u2606zorbb|miss ( real )\n|\n|t:|1699304613\n|move|p1a: Ogerpon|U-turn|p2a: Chesnaught\n|-resisted|p2a: Chesnaught\n|-damage|p2a: Chesnaught|0 fnt\n|faint|p2a: Chesnaught\n|\n|t:|1699304617\n|switch|p1a: Iron Hands|Iron Hands|80\/100 tox|[from] U-turn\n|\n|-damage|p1a: Iron Hands|73\/100 tox|[from] psn\n|upkeep\n|\n|t:|1699304658\n|switch|p2a: Mandibuzz|Mandibuzz, F|90\/100\n|turn|20\n|\n|t:|1699304664\n|move|p2a: Mandibuzz|Defog|p1a: Iron Hands\n|-unboost|p1a: Iron Hands|evasion|1\n|-sideend|p1: I am Useless Meta|Toxic Spikes|[from] move: Defog|[of] p2a: Mandibuzz\n|-sideend|p2: zorbb|Spikes|[from] move: Defog|[of] p2a: Mandibuzz\n|-sideend|p2: zorbb|Stealth Rock|[from] move: Defog|[of] p2a: Mandibuzz\n|move|p1a: Iron Hands|Ice Punch|p2a: Mandibuzz\n|-supereffective|p2a: Mandibuzz\n|-damage|p2a: Mandibuzz|63\/100\n|-status|p2a: Mandibuzz|frz\n|\n|-damage|p1a: Iron Hands|61\/100 tox|[from] psn\n|upkeep\n|turn|21\n|c|\u2606zorbb|im gonna defog:3\n|c|\u2606zorbb|GUHAWGDBWAJNHJFM\n|c|\u2606zorbb|NOOO\n|c|\u2606zorbb|UNFREEZEEE\n|\n|t:|1699304678\n|cant|p2a: Mandibuzz|frz\n|move|p1a: Iron Hands|Volt Switch|p2a: Mandibuzz\n|-supereffective|p2a: Mandibuzz\n|-damage|p2a: Mandibuzz|43\/100 frz\n|\n|t:|1699304686\n|-end|p1a: Iron Hands|Quark Drive|[silent]\n|switch|p1a: Hatterene|Hatterene, F|47\/100 psn|[from] Volt Switch\n|\n|-heal|p1a: Hatterene|53\/100 psn|[from] item: Leftovers\n|-damage|p1a: Hatterene|41\/100 psn|[from] psn\n|upkeep\n|turn|22\n|\n|t:|1699304698\n|switch|p2a: Cresselia|Cresselia, F|82\/100 par\n|move|p1a: Hatterene|Dazzling Gleam|p2a: Cresselia\n|-damage|p2a: Cresselia|58\/100 par\n|\n|-heal|p2a: Cresselia|64\/100 par|[from] item: Leftovers\n|-heal|p1a: Hatterene|47\/100 psn|[from] item: Leftovers\n|-damage|p1a: Hatterene|35\/100 psn|[from] psn\n|upkeep\n|turn|23\n|\n|t:|1699304715\n|cant|p2a: Cresselia|par\n|move|p1a: Hatterene|Healing Wish|p1a: Hatterene\n|faint|p1a: Hatterene\n|\n|-heal|p2a: Cresselia|71\/100 par|[from] item: Leftovers\n|upkeep\n|\n|t:|1699304718\n|switch|p1a: Ogerpon|Ogerpon, F|77\/100 tox\n|-heal|p1a: Ogerpon|100\/100|[from] move: Healing Wish\n|turn|24\n|c|\u2606zorbb|its oger\n|\n|t:|1699304736\n|-terastallize|p1a: Ogerpon|Grass\n|detailschange|p1a: Ogerpon|Ogerpon-Teal-Tera, F, tera:Grass\n|-ability|p1a: Ogerpon|Embody Aspect (Teal)|boost\n|-boost|p1a: Ogerpon|spe|1\n|move|p1a: Ogerpon|Ivy Cudgel|p2a: Cresselia\n|-damage|p2a: Cresselia|13\/100 par\n|move|p2a: Cresselia|Moonblast|p1a: Ogerpon\n|-damage|p1a: Ogerpon|75\/100\n|\n|-heal|p2a: Cresselia|19\/100 par|[from] item: Leftovers\n|upkeep\n|turn|25\n|\n|t:|1699304744\n|move|p1a: Ogerpon|Ivy Cudgel|p2a: Cresselia\n|-damage|p2a: Cresselia|0 fnt\n|faint|p2a: Cresselia\n|\n|upkeep\n|c|\u2606I am Useless Meta|it's oger..\n|\n|t:|1699304762\n|switch|p2a: Cinderace|Cinderace, F|32\/100\n|turn|26\n|c|\u2606zorbb|crit\n|\n|t:|1699304784\n|switch|p1a: Iron Hands|Iron Hands|61\/100 tox\n|move|p2a: Cinderace|Sucker Punch||[still]\n|-fail|p2a: Cinderace\n|\n|-damage|p1a: Iron Hands|55\/100 tox|[from] psn\n|upkeep\n|turn|27\n|c|\u2606zorbb|guh?!\n|\n|t:|1699304832\n|move|p2a: Cinderace|U-turn|p1a: Iron Hands\n|-start|p2a: Cinderace|typechange|Bug|[from] ability: Libero\n|-resisted|p1a: Iron Hands\n|-damage|p1a: Iron Hands|44\/100 tox\n|\n|t:|1699304834\n|switch|p2a: Mandibuzz|Mandibuzz, F|43\/100 frz|[from] U-turn\n|move|p1a: Iron Hands|Volt Switch|p2a: Mandibuzz\n|-supereffective|p2a: Mandibuzz\n|-damage|p2a: Mandibuzz|22\/100 frz\n|\n|t:|1699304840\n|-end|p1a: Iron Hands|Quark Drive|[silent]\n|switch|p1a: Ogerpon|Ogerpon-Teal-Tera, F, tera:Grass|75\/100|[from] Volt Switch\n|-ability|p1a: Ogerpon|Embody Aspect (Teal)|boost\n|-boost|p1a: Ogerpon|spe|1\n|\n|upkeep\n|turn|28\n|c|\u2606zorbb|DONT KILL UNFREEZE AND ROOST\n|c|\u2606zorbb|REAL\n|\n|t:|1699304861\n|move|p1a: Ogerpon|Ivy Cudgel|p2a: Mandibuzz\n|-resisted|p2a: Mandibuzz\n|-damage|p2a: Mandibuzz|0 fnt\n|faint|p2a: Mandibuzz\n|\n|upkeep\n|c|\u2606I am Useless Meta|sadge\n|c|\u2606zorbb|its so oger\n|\n|t:|1699304883\n|switch|p2a: Cinderace|Cinderace, F|32\/100\n|turn|29\n|c|\u2606zorbb|i think i could\n|c|\u2606zorbb|kill with crunch\n|c|\u2606zorbb|after sucker\n|c|\u2606zorbb|AAAAAAA\n|c|\u2606zorbb|its a 50 50\n|\n|t:|1699304983\n|move|p2a: Cinderace|Sucker Punch|p1a: Ogerpon\n|-start|p2a: Cinderace|typechange|Dark|[from] ability: Libero\n|-damage|p1a: Ogerpon|32\/100\n|move|p1a: Ogerpon|Ivy Cudgel|p2a: Cinderace\n|-damage|p2a: Cinderace|0 fnt\n|faint|p2a: Cinderace\n|\n|upkeep\n|\n|t:|1699304986\n|switch|p2a: Gyarados|Gyarados, M|100\/100\n|turn|30\n|c|\u2606zorbb|TRUEE\n|\n|t:|1699304997\n|move|p1a: Ogerpon|Ivy Cudgel|p2a: Gyarados\n|-damage|p2a: Gyarados|0 fnt\n|faint|p2a: Gyarados\n|\n|win|I am Useless Meta\n|c|\u2606I am Useless Meta|gee gee\n|c|\u2606zorbb|HLEPPL\n|c|\u2606zorbb|I DIED\n|c|\u2606zorbb|gg\n","uploadtime":1699305007,"views":12,"p1id":"iamuselessmeta","p2id":"zorbb","formatid":"gen9ubers","rating":0,"private":0,"password":""}