{"id":"gen9ubers-1994362971","p1":"Skilla Bby","p2":"thunderbug","format":"[Gen 9] Ubers","log":"|j|\u2606Skilla Bby\n|j|\u2606thunderbug\n|t:|1700435355\n|gametype|singles\n|player|p1|Skilla Bby|lucas|\n|player|p2|thunderbug|bugsy-gen2|\n|teamsize|p1|6\n|teamsize|p2|6\n|gen|9\n|tier|[Gen 9] Ubers\n|rule|Sleep Clause Mod: Limit one foe put to sleep\n|rule|Species Clause: Limit one of each Pok\u00e9mon\n|rule|OHKO Clause: OHKO moves are banned\n|rule|Evasion Items Clause: Evasion items are banned\n|rule|Evasion Moves Clause: Evasion moves are banned\n|rule|Endless Battle Clause: Forcing endless battles is banned\n|rule|HP Percentage Mod: HP is shown in percentages\n|clearpoke\n|poke|p1|Koraidon|\n|poke|p1|Corviknight, M|\n|poke|p1|Miraidon|\n|poke|p1|Arceus-Poison|\n|poke|p1|Alomomola, F|\n|poke|p1|Clodsire, F|\n|poke|p2|Ting-Lu|\n|poke|p2|Skeledirge, F|\n|poke|p2|Koraidon|\n|poke|p2|Arceus-Fairy|\n|poke|p2|Eternatus|\n|poke|p2|Kyogre|\n|teampreview\n|c|\u2606Skilla Bby|Gf\n|c|\u2606Skilla Bby|*hf\n|c|\u2606Skilla Bby|do u watch scl?\n|c|\u2606thunderbug|hf\n|c|\u2606thunderbug|no\n|c|\u2606thunderbug|mola <3\n|\n|t:|1700435411\n|start\n|switch|p1a: Miraidon|Miraidon|100\/100\n|switch|p2a: Ting-Lu|Ting-Lu|100\/100\n|-fieldstart|move: Electric Terrain|[from] ability: Hadron Engine|[of] p1a: Miraidon\n|-ability|p2a: Ting-Lu|Vessel of Ruin\n|turn|1\n|\n|t:|1700435415\n|move|p1a: Miraidon|U-turn|p2a: Ting-Lu\n|-supereffective|p2a: Ting-Lu\n|-damage|p2a: Ting-Lu|87\/100\n|\n|t:|1700435416\n|switch|p1a: Corviknight|Corviknight, M|100\/100|[from] U-turn\n|-ability|p1a: Corviknight|Pressure\n|move|p2a: Ting-Lu|Spikes|p1a: Corviknight\n|-sidestart|p1: Skilla Bby|Spikes\n|\n|-heal|p2a: Ting-Lu|93\/100|[from] item: Leftovers\n|upkeep\n|turn|2\n|\n|t:|1700435423\n|switch|p2a: Skeledirge|Skeledirge, F|100\/100\n|move|p1a: Corviknight|Defog|p2a: Skeledirge\n|-unboost|p2a: Skeledirge|evasion|1\n|-sideend|p1: Skilla Bby|Spikes|[from] move: Defog|[of] p1a: Corviknight\n|-fieldend|move: Electric Terrain\n|\n|upkeep\n|turn|3\n|\n|t:|1700435426\n|switch|p1a: Clodsire|Clodsire, F|100\/100\n|move|p2a: Skeledirge|Will-O-Wisp|p1a: Clodsire\n|-status|p1a: Clodsire|brn\n|\n|-damage|p1a: Clodsire|94\/100 brn|[from] brn\n|upkeep\n|turn|4\n|\n|t:|1700435440\n|switch|p2a: Eternatus|Eternatus|100\/100\n|-ability|p2a: Eternatus|Pressure\n|move|p1a: Clodsire|Toxic|p2a: Eternatus\n|-immune|p2a: Eternatus\n|\n|-damage|p1a: Clodsire|88\/100 brn|[from] brn\n|upkeep\n|turn|5\n|\n|t:|1700435446\n|move|p2a: Eternatus|Dynamax Cannon|p1a: Clodsire\n|-damage|p1a: Clodsire|65\/100 brn\n|move|p1a: Clodsire|Spikes|p2a: Eternatus\n|-sidestart|p2: thunderbug|Spikes\n|\n|-damage|p1a: Clodsire|59\/100 brn|[from] brn\n|upkeep\n|turn|6\n|\n|t:|1700435452\n|move|p2a: Eternatus|Flamethrower|p1a: Clodsire\n|-damage|p1a: Clodsire|43\/100 brn\n|move|p1a: Clodsire|Recover|p1a: Clodsire\n|-heal|p1a: Clodsire|94\/100 brn\n|\n|-damage|p1a: Clodsire|88\/100 brn|[from] brn\n|upkeep\n|turn|7\n|\n|t:|1700435456\n|move|p2a: Eternatus|Flamethrower|p1a: Clodsire\n|-damage|p1a: Clodsire|71\/100 brn\n|move|p1a: Clodsire|Spikes|p2a: Eternatus\n|-sidestart|p2: thunderbug|Spikes\n|\n|-damage|p1a: Clodsire|65\/100 brn|[from] brn\n|upkeep\n|turn|8\n|\n|t:|1700435461\n|move|p2a: Eternatus|Dynamax Cannon|p1a: Clodsire\n|-damage|p1a: Clodsire|38\/100 brn\n|move|p1a: Clodsire|Recover|p1a: Clodsire\n|-heal|p1a: Clodsire|88\/100 brn\n|\n|-damage|p1a: Clodsire|82\/100 brn|[from] brn\n|upkeep\n|turn|9\n|\n|t:|1700435466\n|move|p2a: Eternatus|Flamethrower|p1a: Clodsire\n|-damage|p1a: Clodsire|68\/100 brn\n|move|p1a: Clodsire|Spikes|p2a: Eternatus\n|-sidestart|p2: thunderbug|Spikes\n|\n|-damage|p1a: Clodsire|62\/100 brn|[from] brn\n|upkeep\n|turn|10\n|\n|t:|1700435472\n|move|p2a: Eternatus|Flamethrower|p1a: Clodsire\n|-damage|p1a: Clodsire|48\/100 brn\n|move|p1a: Clodsire|Earthquake|p2a: Eternatus\n|-supereffective|p2a: Eternatus\n|-damage|p2a: Eternatus|80\/100\n|\n|-damage|p1a: Clodsire|42\/100 brn|[from] brn\n|upkeep\n|turn|11\n|\n|t:|1700435477\n|move|p2a: Eternatus|Flamethrower|p1a: Clodsire\n|-crit|p1a: Clodsire\n|-damage|p1a: Clodsire|20\/100 brn\n|move|p1a: Clodsire|Recover|p1a: Clodsire\n|-heal|p1a: Clodsire|70\/100 brn\n|\n|-damage|p1a: Clodsire|64\/100 brn|[from] brn\n|upkeep\n|turn|12\n|\n|t:|1700435483\n|switch|p1a: Arceus|Arceus-Poison|100\/100\n|move|p2a: Eternatus|Flamethrower|p1a: Arceus\n|-crit|p1a: Arceus\n|-damage|p1a: Arceus|71\/100\n|\n|upkeep\n|turn|13\n|\n|t:|1700435489\n|move|p2a: Eternatus|Dynamax Cannon|p1a: Arceus\n|-damage|p1a: Arceus|43\/100\n|move|p1a: Arceus|Calm Mind|p1a: Arceus\n|-boost|p1a: Arceus|spa|1\n|-boost|p1a: Arceus|spd|1\n|\n|upkeep\n|turn|14\n|\n|t:|1700435509\n|switch|p2a: Skeledirge|Skeledirge, F|100\/100\n|move|p1a: Arceus|Recover|p1a: Arceus\n|-heal|p1a: Arceus|93\/100\n|\n|upkeep\n|turn|15\n|\n|t:|1700435516\n|move|p1a: Arceus|Judgment|p2a: Skeledirge\n|-resisted|p2a: Skeledirge\n|-damage|p2a: Skeledirge|74\/100\n|move|p2a: Skeledirge|Will-O-Wisp|p1a: Arceus\n|-status|p1a: Arceus|brn\n|\n|-damage|p1a: Arceus|87\/100 brn|[from] brn\n|upkeep\n|turn|16\n|\n|t:|1700435524\n|switch|p1a: Clodsire|Clodsire, F|64\/100 brn\n|move|p2a: Skeledirge|Slack Off|p2a: Skeledirge\n|-heal|p2a: Skeledirge|100\/100\n|\n|-damage|p1a: Clodsire|58\/100 brn|[from] brn\n|upkeep\n|turn|17\n|\n|t:|1700435528\n|switch|p2a: Eternatus|Eternatus|80\/100\n|-ability|p2a: Eternatus|Pressure\n|move|p1a: Clodsire|Recover|p1a: Clodsire\n|-heal|p1a: Clodsire|100\/100 brn\n|\n|-damage|p1a: Clodsire|94\/100 brn|[from] brn\n|upkeep\n|turn|18\n|\n|t:|1700435540\n|switch|p1a: Arceus|Arceus-Poison|87\/100 brn\n|move|p2a: Eternatus|Flamethrower|p1a: Arceus\n|-damage|p1a: Arceus|67\/100 brn\n|\n|-damage|p1a: Arceus|61\/100 brn|[from] brn\n|upkeep\n|turn|19\n|\n|t:|1700435547\n|switch|p2a: Skeledirge|Skeledirge, F|100\/100\n|move|p1a: Arceus|Judgment|p2a: Skeledirge\n|-resisted|p2a: Skeledirge\n|-damage|p2a: Skeledirge|76\/100\n|\n|-damage|p1a: Arceus|55\/100 brn|[from] brn\n|upkeep\n|turn|20\n|\n|t:|1700435560\n|switch|p1a: Clodsire|Clodsire, F|94\/100 brn\n|move|p2a: Skeledirge|Hex|p1a: Clodsire\n|-damage|p1a: Clodsire|69\/100 brn\n|\n|-damage|p1a: Clodsire|62\/100 brn|[from] brn\n|upkeep\n|turn|21\n|\n|t:|1700435566\n|switch|p2a: Eternatus|Eternatus|80\/100\n|-ability|p2a: Eternatus|Pressure\n|move|p1a: Clodsire|Toxic|p2a: Eternatus\n|-immune|p2a: Eternatus\n|\n|-damage|p1a: Clodsire|56\/100 brn|[from] brn\n|upkeep\n|turn|22\n|\n|t:|1700435575\n|switch|p2a: Skeledirge|Skeledirge, F|76\/100\n|move|p1a: Clodsire|Earthquake|p2a: Skeledirge\n|-supereffective|p2a: Skeledirge\n|-damage|p2a: Skeledirge|59\/100\n|\n|-damage|p1a: Clodsire|50\/100 brn|[from] brn\n|upkeep\n|turn|23\n|\n|t:|1700435583\n|switch|p2a: Eternatus|Eternatus|80\/100\n|-ability|p2a: Eternatus|Pressure\n|switch|p1a: Miraidon|Miraidon|100\/100\n|-fieldstart|move: Electric Terrain|[from] ability: Hadron Engine|[of] p1a: Miraidon\n|\n|upkeep\n|turn|24\n|\n|t:|1700435594\n|switch|p2a: Ting-Lu|Ting-Lu|93\/100\n|-damage|p2a: Ting-Lu|69\/100|[from] Spikes\n|-ability|p2a: Ting-Lu|Vessel of Ruin\n|move|p1a: Miraidon|Draco Meteor|p2a: Ting-Lu\n|-crit|p2a: Ting-Lu\n|-damage|p2a: Ting-Lu|10\/100\n|-unboost|p1a: Miraidon|spa|2\n|\n|-heal|p2a: Ting-Lu|16\/100|[from] item: Leftovers\n|upkeep\n|turn|25\n|c|\u2606Skilla Bby|My bad\n|c|\u2606thunderbug|it happens\n|\n|t:|1700435611\n|switch|p2a: Arceus|Arceus-Fairy|100\/100\n|-damage|p2a: Arceus|76\/100|[from] Spikes\n|move|p1a: Miraidon|U-turn|p2a: Arceus\n|-resisted|p2a: Arceus\n|-damage|p2a: Arceus|72\/100\n|\n|t:|1700435618\n|switch|p1a: Arceus|Arceus-Poison|55\/100 brn|[from] U-turn\n|\n|-damage|p1a: Arceus|49\/100 brn|[from] brn\n|upkeep\n|turn|26\n|\n|t:|1700435625\n|move|p1a: Arceus|Recover|p1a: Arceus\n|-heal|p1a: Arceus|99\/100 brn\n|move|p2a: Arceus|Calm Mind|p2a: Arceus\n|-boost|p2a: Arceus|spa|1\n|-boost|p2a: Arceus|spd|1\n|\n|-damage|p1a: Arceus|93\/100 brn|[from] brn\n|upkeep\n|turn|27\n|\n|t:|1700435629\n|move|p1a: Arceus|Calm Mind|p1a: Arceus\n|-boost|p1a: Arceus|spa|1\n|-boost|p1a: Arceus|spd|1\n|move|p2a: Arceus|Calm Mind|p2a: Arceus\n|-boost|p2a: Arceus|spa|1\n|-boost|p2a: Arceus|spd|1\n|\n|-damage|p1a: Arceus|87\/100 brn|[from] brn\n|-fieldend|move: Electric Terrain\n|upkeep\n|turn|28\n|\n|t:|1700435633\n|move|p1a: Arceus|Judgment|p2a: Arceus\n|-supereffective|p2a: Arceus\n|-damage|p2a: Arceus|26\/100\n|move|p2a: Arceus|Earth Power|p1a: Arceus\n|-supereffective|p1a: Arceus\n|-damage|p1a: Arceus|39\/100 brn\n|\n|-damage|p1a: Arceus|33\/100 brn|[from] brn\n|upkeep\n|turn|29\n|\n|t:|1700435640\n|-terastallize|p2a: Arceus|Poison\n|move|p1a: Arceus|Recover|p1a: Arceus\n|-heal|p1a: Arceus|83\/100 brn\n|move|p2a: Arceus|Recover|p2a: Arceus\n|-heal|p2a: Arceus|76\/100\n|\n|-damage|p1a: Arceus|77\/100 brn|[from] brn\n|upkeep\n|turn|30\n|\n|t:|1700435650\n|switch|p1a: Corviknight|Corviknight, M|100\/100\n|-ability|p1a: Corviknight|Pressure\n|move|p2a: Arceus|Earth Power|p1a: Corviknight\n|-immune|p1a: Corviknight\n|\n|upkeep\n|turn|31\n|\n|t:|1700435653\n|move|p2a: Arceus|Calm Mind|p2a: Arceus\n|-boost|p2a: Arceus|spa|1\n|-boost|p2a: Arceus|spd|1\n|move|p1a: Corviknight|Iron Head|p2a: Arceus\n|-damage|p2a: Arceus|62\/100\n|\n|upkeep\n|turn|32\n|\n|t:|1700435659\n|move|p2a: Arceus|Judgment|p1a: Corviknight\n|-resisted|p1a: Corviknight\n|-damage|p1a: Corviknight|44\/100\n|move|p1a: Corviknight|Iron Head|p2a: Arceus\n|-damage|p2a: Arceus|48\/100\n|\n|-heal|p1a: Corviknight|50\/100|[from] item: Leftovers\n|upkeep\n|turn|33\n|\n|t:|1700435665\n|move|p2a: Arceus|Recover|p2a: Arceus\n|-heal|p2a: Arceus|98\/100\n|move|p1a: Corviknight|Iron Head|p2a: Arceus\n|-damage|p2a: Arceus|83\/100\n|\n|-heal|p1a: Corviknight|57\/100|[from] item: Leftovers\n|upkeep\n|turn|34\n|\n|t:|1700435670\n|move|p2a: Arceus|Judgment|p1a: Corviknight\n|-resisted|p1a: Corviknight\n|-damage|p1a: Corviknight|0 fnt\n|faint|p1a: Corviknight\n|\n|upkeep\n|\n|t:|1700435680\n|switch|p1a: Koraidon|Koraidon|100\/100\n|-weather|SunnyDay|[from] ability: Orichalcum Pulse|[of] p1a: Koraidon\n|-activate|p1a: Koraidon|Orichalcum Pulse|[source]\n|turn|35\n|\n|t:|1700435689\n|switch|p2a: Ting-Lu|Ting-Lu|16\/100\n|-damage|p2a: Ting-Lu|0 fnt|[from] Spikes\n|faint|p2a: Ting-Lu\n|move|p1a: Koraidon|Flare Blitz|p2: Ting-Lu|[notarget]\n|-fail|p1a: Koraidon\n|\n|-weather|SunnyDay|[upkeep]\n|upkeep\n|\n|t:|1700435698\n|switch|p2a: Skeledirge|Skeledirge, F|59\/100\n|turn|36\n|\n|t:|1700435707\n|switch|p1a: Clodsire|Clodsire, F|50\/100 brn\n|move|p2a: Skeledirge|Torch Song|p1a: Clodsire\n|-damage|p1a: Clodsire|24\/100 brn\n|-boost|p2a: Skeledirge|spa|1\n|\n|-weather|SunnyDay|[upkeep]\n|-damage|p1a: Clodsire|18\/100 brn|[from] brn\n|upkeep\n|turn|37\n|\n|t:|1700435712\n|move|p2a: Skeledirge|Torch Song|p1a: Clodsire\n|-damage|p1a: Clodsire|0 fnt\n|-boost|p2a: Skeledirge|spa|1\n|faint|p1a: Clodsire\n|\n|-weather|SunnyDay|[upkeep]\n|upkeep\n|\n|t:|1700435714\n|switch|p1a: Miraidon|Miraidon|100\/100\n|-fieldstart|move: Electric Terrain|[from] ability: Hadron Engine|[of] p1a: Miraidon\n|turn|38\n|\n|t:|1700435725\n|switch|p2a: Eternatus|Eternatus|80\/100\n|-ability|p2a: Eternatus|Pressure\n|move|p1a: Miraidon|Electro Drift|p2a: Eternatus\n|-resisted|p2a: Eternatus\n|-damage|p2a: Eternatus|53\/100\n|\n|-weather|SunnyDay|[upkeep]\n|upkeep\n|turn|39\n|\n|t:|1700435732\n|move|p1a: Miraidon|Draco Meteor|p2a: Eternatus\n|-supereffective|p2a: Eternatus\n|-damage|p2a: Eternatus|0 fnt\n|-unboost|p1a: Miraidon|spa|2\n|faint|p2a: Eternatus\n|\n|-weather|none\n|upkeep\n|\n|t:|1700435747\n|switch|p2a: Arceus|Arceus-Fairy, tera:Poison|83\/100\n|-damage|p2a: Arceus|58\/100|[from] Spikes\n|turn|40\n|\n|t:|1700435751\n|move|p1a: Miraidon|Taunt|p2a: Arceus\n|-start|p2a: Arceus|move: Taunt\n|cant|p2a: Arceus|move: Taunt|Recover\n|\n|upkeep\n|turn|41\n|\n|t:|1700435758\n|move|p1a: Miraidon|U-turn|p2a: Arceus\n|-resisted|p2a: Arceus\n|-damage|p2a: Arceus|54\/100\n|\n|t:|1700435760\n|switch|p1a: Koraidon|Koraidon|100\/100|[from] U-turn\n|-weather|SunnyDay|[from] ability: Orichalcum Pulse|[of] p1a: Koraidon\n|-activate|p1a: Koraidon|Orichalcum Pulse|[source]\n|move|p2a: Arceus|Judgment|p1a: Koraidon\n|-supereffective|p1a: Koraidon\n|-damage|p1a: Koraidon|0 fnt\n|faint|p1a: Koraidon\n|\n|-weather|SunnyDay|[upkeep]\n|upkeep\n|\n|t:|1700435762\n|switch|p1a: Miraidon|Miraidon|100\/100\n|-activate|p1a: Miraidon|ability: Hadron Engine\n|turn|42\n|\n|t:|1700435773\n|-terastallize|p1a: Miraidon|Dragon\n|move|p1a: Miraidon|Draco Meteor|p2a: Arceus\n|-damage|p2a: Arceus|0 fnt\n|-unboost|p1a: Miraidon|spa|2\n|faint|p2a: Arceus\n|\n|-weather|SunnyDay|[upkeep]\n|-fieldend|move: Electric Terrain\n|upkeep\n|\n|t:|1700435784\n|switch|p2a: Koraidon|Koraidon|100\/100\n|-damage|p2a: Koraidon|76\/100|[from] Spikes\n|-activate|p2a: Koraidon|ability: Orichalcum Pulse\n|turn|43\n|\n|t:|1700435789\n|switch|p1a: Alomomola|Alomomola, F|100\/100\n|move|p2a: Koraidon|Dragon Claw|p1a: Alomomola\n|-damage|p1a: Alomomola|69\/100\n|-damage|p2a: Koraidon|59\/100|[from] item: Rocky Helmet|[of] p1a: Alomomola\n|\n|-weather|SunnyDay|[upkeep]\n|upkeep\n|turn|44\n|\n|t:|1700435796\n|switch|p2a: Skeledirge|Skeledirge, F|59\/100\n|move|p1a: Alomomola|Play Rough|p2a: Skeledirge\n|-resisted|p2a: Skeledirge\n|-damage|p2a: Skeledirge|55\/100\n|\n|-weather|SunnyDay|[upkeep]\n|upkeep\n|turn|45\n|inactive|Battle timer is ON: inactive players will automatically lose when time's up. (requested by Skilla Bby)\n|\n|t:|1700435811\n|switch|p1a: Miraidon|Miraidon, tera:Dragon|100\/100\n|-fieldstart|move: Electric Terrain|[from] ability: Hadron Engine|[of] p1a: Miraidon\n|move|p2a: Skeledirge|Will-O-Wisp|p1a: Miraidon\n|-status|p1a: Miraidon|brn\n|\n|-weather|none\n|-damage|p1a: Miraidon|94\/100 brn|[from] brn\n|upkeep\n|turn|46\n|\n|t:|1700435826\n|move|p1a: Miraidon|Draco Meteor|p2a: Skeledirge\n|-damage|p2a: Skeledirge|0 fnt\n|-unboost|p1a: Miraidon|spa|2\n|faint|p2a: Skeledirge\n|\n|-damage|p1a: Miraidon|88\/100 brn|[from] brn\n|upkeep\n|\n|t:|1700435829\n|switch|p2a: Kyogre|Kyogre|100\/100\n|-damage|p2a: Kyogre|76\/100|[from] Spikes\n|-weather|RainDance|[from] ability: Drizzle|[of] p2a: Kyogre\n|turn|47\n|\n|t:|1700435842\n|switch|p1a: Arceus|Arceus-Poison|77\/100 brn\n|move|p2a: Kyogre|Water Spout|p1a: Arceus\n|-damage|p1a: Arceus|12\/100 brn\n|\n|-weather|RainDance|[upkeep]\n|-damage|p1a: Arceus|6\/100 brn|[from] brn\n|upkeep\n|turn|48\n|\n|t:|1700435847\n|move|p2a: Kyogre|Water Spout|p1a: Arceus\n|-damage|p1a: Arceus|0 fnt\n|faint|p1a: Arceus\n|\n|-weather|RainDance|[upkeep]\n|upkeep\n|\n|t:|1700435851\n|switch|p1a: Miraidon|Miraidon, tera:Dragon|88\/100 brn\n|-activate|p1a: Miraidon|ability: Hadron Engine\n|turn|49\n|\n|t:|1700435868\n|switch|p2a: Koraidon|Koraidon|59\/100\n|-damage|p2a: Koraidon|34\/100|[from] Spikes\n|-weather|SunnyDay|[from] ability: Orichalcum Pulse|[of] p2a: Koraidon\n|-activate|p2a: Koraidon|Orichalcum Pulse|[source]\n|move|p1a: Miraidon|Electro Drift|p2a: Koraidon\n|-resisted|p2a: Koraidon\n|-damage|p2a: Koraidon|0 fnt\n|faint|p2a: Koraidon\n|\n|-weather|SunnyDay|[upkeep]\n|-damage|p1a: Miraidon|82\/100 brn|[from] brn\n|-fieldend|move: Electric Terrain\n|upkeep\n|\n|t:|1700435871\n|switch|p2a: Kyogre|Kyogre|76\/100\n|-damage|p2a: Kyogre|51\/100|[from] Spikes\n|-weather|RainDance|[from] ability: Drizzle|[of] p2a: Kyogre\n|turn|50\n|\n|t:|1700435875\n|move|p2a: Kyogre|Surf|p1a: Miraidon\n|-resisted|p1a: Miraidon\n|-damage|p1a: Miraidon|48\/100 brn\n|move|p1a: Miraidon|Electro Drift|p2a: Kyogre\n|-supereffective|p2a: Kyogre\n|-damage|p2a: Kyogre|0 fnt\n|faint|p2a: Kyogre\n|\n|win|Skilla Bby\n|c|\u2606Skilla Bby|Gg\n|c|\u2606thunderbug|gg\n|l|\u2606thunderbug\n","uploadtime":1700435892,"views":24,"p1id":"skillabby","p2id":"thunderbug","formatid":"gen9ubers","rating":0,"private":0,"password":""}