{"id":"gen9ubers-1994493766","p1":"Superison","p2":"ZachMcD","format":"[Gen 9] Ubers","log":"|j|\u2606Superison\n|j|\u2606ZachMcD\n|t:|1700450447\n|gametype|singles\n|player|p1|Superison|1|\n|player|p2|ZachMcD|giovanni|\n|teamsize|p1|6\n|teamsize|p2|6\n|gen|9\n|tier|[Gen 9] Ubers\n|rule|Sleep Clause Mod: Limit one foe put to sleep\n|rule|Species Clause: Limit one of each Pok\u00e9mon\n|rule|OHKO Clause: OHKO moves are banned\n|rule|Evasion Items Clause: Evasion items are banned\n|rule|Evasion Moves Clause: Evasion moves are banned\n|rule|Endless Battle Clause: Forcing endless battles is banned\n|rule|HP Percentage Mod: HP is shown in percentages\n|clearpoke\n|poke|p1|Ursaluna-Bloodmoon, M|\n|poke|p1|Sneasler, M|\n|poke|p1|Samurott-Hisui, M|\n|poke|p1|Rillaboom, F|\n|poke|p1|Goodra, M|\n|poke|p1|Regieleki|\n|poke|p2|Ogerpon-Hearthflame, F|\n|poke|p2|Slowbro, F|\n|poke|p2|Krookodile, F|\n|poke|p2|Hariyama, M|\n|poke|p2|Brambleghast, M|\n|poke|p2|Arboliva, F|\n|teampreview\n|j| Ghantist\n|j| ThatGuyAltro\n|c|\u2606ZachMcD|glgl\n|c|\u2606Superison|tyty hf <3\n|\n|t:|1700450550\n|start\n|switch|p1a: Ursaluna|Ursaluna-Bloodmoon, M|100\/100\n|switch|p2a: Kero|Krookodile, F|100\/100\n|-ability|p2a: Kero|Intimidate|boost\n|-unboost|p1a: Ursaluna|atk|1\n|turn|1\n|\n|t:|1700450616\n|switch|p2a: Tumblr|Brambleghast, M|100\/100\n|move|p1a: Ursaluna|Blood Moon|p2a: Tumblr\n|-damage|p2a: Tumblr|0 fnt\n|faint|p2a: Tumblr\n|\n|upkeep\n|\n|t:|1700450628\n|switch|p2a: Branched Out|Arboliva, F|100\/100\n|turn|2\n|\n|t:|1700450665\n|switch|p1a: Rillaboom|Rillaboom, F|100\/100\n|-fieldstart|move: Grassy Terrain|[from] ability: Grassy Surge|[of] p1a: Rillaboom\n|move|p2a: Branched Out|Hyper Voice|p1a: Rillaboom\n|-damage|p1a: Rillaboom|61\/100\n|-enditem|p1a: Rillaboom|Eject Button\n|\n|t:|1700450696\n|switch|p1a: Goodra|Goodra, M|100\/100\n|\n|upkeep\n|turn|3\n|\n|t:|1700450778\n|switch|p2a: BALD!|Hariyama, M|100\/100\n|move|p1a: Goodra|Flamethrower|p2a: BALD!\n|-damage|p2a: BALD!|90\/100\n|\n|-heal|p2a: BALD!|96\/100|[from] Grassy Terrain\n|upkeep\n|turn|4\n|\n|t:|1700450796\n|switch|p1a: Rillaboom|Rillaboom, F|61\/100\n|move|p2a: BALD!|Knock Off|p1a: Rillaboom\n|-damage|p1a: Rillaboom|46\/100\n|\n|-heal|p1a: Rillaboom|52\/100|[from] Grassy Terrain\n|-heal|p2a: BALD!|100\/100|[from] Grassy Terrain\n|upkeep\n|turn|5\n|\n|t:|1700450813\n|move|p1a: Rillaboom|Knock Off|p2a: BALD!\n|-resisted|p2a: BALD!\n|-damage|p2a: BALD!|87\/100\n|-enditem|p2a: BALD!|Assault Vest|[from] move: Knock Off|[of] p1a: Rillaboom\n|move|p2a: BALD!|Zen Headbutt|p1a: Rillaboom\n|-damage|p1a: Rillaboom|33\/100\n|\n|-heal|p1a: Rillaboom|39\/100|[from] Grassy Terrain\n|-heal|p2a: BALD!|93\/100|[from] Grassy Terrain\n|upkeep\n|turn|6\n|\n|t:|1700450823\n|move|p1a: Rillaboom|Drum Beating|p2a: BALD!\n|-crit|p2a: BALD!\n|-damage|p2a: BALD!|27\/100\n|-unboost|p2a: BALD!|spe|1\n|move|p2a: BALD!|Drain Punch|p1a: Rillaboom\n|-damage|p1a: Rillaboom|10\/100\n|-heal|p2a: BALD!|39\/100|[from] drain|[of] p1a: Rillaboom\n|\n|-heal|p1a: Rillaboom|17\/100|[from] Grassy Terrain\n|-heal|p2a: BALD!|45\/100|[from] Grassy Terrain\n|-fieldend|move: Grassy Terrain\n|upkeep\n|turn|7\n|\n|t:|1700450848\n|move|p1a: Rillaboom|U-turn|p2a: BALD!\n|-resisted|p2a: BALD!\n|-damage|p2a: BALD!|34\/100\n|\n|t:|1700450851\n|switch|p1a: Goodra|Goodra, M|100\/100|[from] U-turn\n|move|p2a: BALD!|Drain Punch|p1a: Goodra\n|-damage|p1a: Goodra|52\/100\n|-heal|p2a: BALD!|53\/100|[from] drain|[of] p1a: Goodra\n|-ability|p1a: Goodra|Gooey\n|-unboost|p2a: BALD!|spe|1\n|\n|upkeep\n|turn|8\n|j| hatev2\n|\n|t:|1700450872\n|switch|p2a: Shlackin'|Slowbro, F|100\/100\n|move|p1a: Goodra|Draco Meteor|p2a: Shlackin'\n|-damage|p2a: Shlackin'|36\/100\n|-unboost|p1a: Goodra|spa|2\n|\n|upkeep\n|turn|9\n|\n|t:|1700450902\n|switch|p1a: Rillaboom|Rillaboom, F|17\/100\n|-fieldstart|move: Grassy Terrain|[from] ability: Grassy Surge|[of] p1a: Rillaboom\n|switch|p2a: Branched Out|Arboliva, F|100\/100\n|\n|-heal|p1a: Rillaboom|23\/100|[from] Grassy Terrain\n|upkeep\n|turn|10\n|\n|t:|1700450914\n|move|p1a: Rillaboom|Knock Off|p2a: Branched Out\n|-damage|p2a: Branched Out|72\/100\n|-enditem|p2a: Branched Out|Leftovers|[from] move: Knock Off|[of] p1a: Rillaboom\n|move|p2a: Branched Out|Hyper Voice|p1a: Rillaboom\n|-damage|p1a: Rillaboom|0 fnt\n|faint|p1a: Rillaboom\n|\n|-heal|p2a: Branched Out|78\/100|[from] Grassy Terrain\n|upkeep\n|\n|t:|1700450937\n|switch|p1a: Samurott|Samurott-Hisui, M|100\/100\n|turn|11\n|\n|t:|1700450952\n|move|p1a: Samurott|Sacred Sword|p2a: Branched Out\n|-supereffective|p2a: Branched Out\n|-damage|p2a: Branched Out|0 fnt\n|faint|p2a: Branched Out\n|\n|upkeep\n|\n|t:|1700450967\n|switch|p2a: Angy|Ogerpon-Hearthflame, F|100\/100\n|-ability|p2a: Angy|Mold Breaker\n|turn|12\n|\n|t:|1700450975\n|switch|p1a: Sneasler|Sneasler, M|100\/100\n|-enditem|p1a: Sneasler|Grassy Seed\n|-boost|p1a: Sneasler|def|1|[from] item: Grassy Seed\n|move|p2a: Angy|Trailblaze|p1a: Sneasler\n|-resisted|p1a: Sneasler\n|-damage|p1a: Sneasler|78\/100\n|-boost|p2a: Angy|spe|1\n|\n|-heal|p1a: Sneasler|84\/100|[from] Grassy Terrain\n|upkeep\n|turn|13\n|\n|t:|1700451019\n|move|p1a: Sneasler|Acrobatics|p2a: Angy\n|-supereffective|p2a: Angy\n|-damage|p2a: Angy|0 fnt\n|faint|p2a: Angy\n|\n|-heal|p1a: Sneasler|90\/100|[from] Grassy Terrain\n|-fieldend|move: Grassy Terrain\n|upkeep\n|\n|t:|1700451022\n|switch|p2a: Kero|Krookodile, F|100\/100\n|-ability|p2a: Kero|Intimidate|boost\n|-unboost|p1a: Sneasler|atk|1\n|turn|14\n|\n|t:|1700451044\n|switch|p2a: Shlackin'|Slowbro, F|70\/100\n|move|p1a: Sneasler|Close Combat|p2a: Shlackin'\n|-resisted|p2a: Shlackin'\n|-damage|p2a: Shlackin'|56\/100\n|-unboost|p1a: Sneasler|def|1\n|-unboost|p1a: Sneasler|spd|1\n|-damage|p1a: Sneasler|74\/100|[from] item: Rocky Helmet|[of] p2a: Shlackin'\n|\n|upkeep\n|turn|15\n|\n|t:|1700451058\n|switch|p1a: Goodra|Goodra, M|52\/100\n|move|p2a: Shlackin'|Psychic|p1a: Goodra\n|-damage|p1a: Goodra|39\/100\n|\n|upkeep\n|turn|16\n|\n|t:|1700451072\n|switch|p2a: BALD!|Hariyama, M|53\/100\n|move|p1a: Goodra|Draco Meteor|p2a: BALD!|[miss]\n|-miss|p1a: Goodra|p2a: BALD!\n|\n|upkeep\n|turn|17\n|\n|t:|1700451077\n|move|p1a: Goodra|Draco Meteor|p2a: BALD!\n|-damage|p2a: BALD!|0 fnt\n|-unboost|p1a: Goodra|spa|2\n|faint|p2a: BALD!\n|\n|upkeep\n|\n|t:|1700451080\n|switch|p2a: Shlackin'|Slowbro, F|90\/100\n|turn|18\n|\n|t:|1700451087\n|switch|p1a: Samurott|Samurott-Hisui, M|100\/100\n|move|p2a: Shlackin'|Thunder Wave|p1a: Samurott\n|-status|p1a: Samurott|par\n|\n|upkeep\n|turn|19\n|\n|t:|1700451095\n|switch|p2a: Kero|Krookodile, F|100\/100\n|-ability|p2a: Kero|Intimidate|boost\n|-unboost|p1a: Samurott|atk|1\n|move|p1a: Samurott|Ceaseless Edge|p2a: Kero\n|-resisted|p2a: Kero\n|-damage|p2a: Kero|85\/100\n|-sidestart|p2: ZachMcD|Spikes\n|\n|upkeep\n|turn|20\n|\n|t:|1700451104\n|switch|p2a: Shlackin'|Slowbro, F|100\/100\n|-damage|p2a: Shlackin'|88\/100|[from] Spikes\n|cant|p1a: Samurott|par\n|\n|upkeep\n|turn|21\n|\n|t:|1700451113\n|switch|p2a: Kero|Krookodile, F|85\/100\n|-damage|p2a: Kero|73\/100|[from] Spikes\n|-ability|p2a: Kero|Intimidate|boost\n|-unboost|p1a: Samurott|atk|1\n|cant|p1a: Samurott|par\n|\n|upkeep\n|turn|22\n|\n|t:|1700451132\n|move|p2a: Kero|Earth Power|p1a: Samurott\n|-damage|p1a: Samurott|22\/100 par\n|move|p1a: Samurott|Ceaseless Edge|p2a: Kero\n|-resisted|p2a: Kero\n|-damage|p2a: Kero|60\/100\n|-sidestart|p2: ZachMcD|Spikes\n|\n|upkeep\n|turn|23\n|\n|t:|1700451144\n|move|p2a: Kero|Earth Power|p1a: Samurott\n|-damage|p1a: Samurott|0 fnt\n|faint|p1a: Samurott\n|\n|upkeep\n|\n|t:|1700451191\n|switch|p1a: Goodra|Goodra, M|39\/100\n|turn|24\n|\n|t:|1700451201\n|switch|p2a: Shlackin'|Slowbro, F|100\/100\n|-damage|p2a: Shlackin'|84\/100|[from] Spikes\n|move|p1a: Goodra|Draco Meteor|p2a: Shlackin'\n|-damage|p2a: Shlackin'|13\/100\n|-unboost|p1a: Goodra|spa|2\n|\n|upkeep\n|turn|25\n|\n|t:|1700451208\n|switch|p2a: Kero|Krookodile, F|60\/100\n|-damage|p2a: Kero|44\/100|[from] Spikes\n|-ability|p2a: Kero|Intimidate|boost\n|-unboost|p1a: Goodra|atk|1\n|move|p1a: Goodra|Ice Beam|p2a: Kero\n|-supereffective|p2a: Kero\n|-damage|p2a: Kero|9\/100\n|\n|upkeep\n|turn|26\n|\n|t:|1700451222\n|move|p2a: Kero|Dark Pulse|p1a: Goodra\n|-damage|p1a: Goodra|20\/100\n|cant|p1a: Goodra|flinch\n|\n|upkeep\n|turn|27\n|\n|t:|1700451226\n|move|p2a: Kero|Dark Pulse|p1a: Goodra\n|-damage|p1a: Goodra|1\/100\n|cant|p1a: Goodra|flinch\n|\n|upkeep\n|turn|28\n|\n|t:|1700451228\n|move|p2a: Kero|Dark Pulse|p1a: Goodra\n|-damage|p1a: Goodra|0 fnt\n|faint|p1a: Goodra\n|\n|upkeep\n|\n|t:|1700451233\n|switch|p1a: Ursaluna|Ursaluna-Bloodmoon, M|100\/100\n|turn|29\n|c| hatev2|bro\n|\n|t:|1700451237\n|move|p1a: Ursaluna|Vacuum Wave|p2a: Kero\n|-supereffective|p2a: Kero\n|-damage|p2a: Kero|0 fnt\n|faint|p2a: Kero\n|\n|upkeep\n|\n|t:|1700451239\n|switch|p2a: Shlackin'|Slowbro, F|46\/100\n|-damage|p2a: Shlackin'|30\/100|[from] Spikes\n|turn|30\n|c|\u2606Superison|i can't move this game :c\n|\n|t:|1700451251\n|move|p1a: Ursaluna|Vacuum Wave|p2a: Shlackin'\n|-resisted|p2a: Shlackin'\n|-damage|p2a: Shlackin'|17\/100\n|move|p2a: Shlackin'|Scald|p1a: Ursaluna\n|-supereffective|p1a: Ursaluna\n|-damage|p1a: Ursaluna|37\/100\n|-status|p1a: Ursaluna|brn\n|\n|-damage|p1a: Ursaluna|31\/100 brn|[from] brn\n|upkeep\n|turn|31\n|\n|t:|1700451254\n|move|p1a: Ursaluna|Vacuum Wave|p2a: Shlackin'\n|-resisted|p2a: Shlackin'\n|-damage|p2a: Shlackin'|5\/100\n|move|p2a: Shlackin'|Slack Off|p2a: Shlackin'\n|-heal|p2a: Shlackin'|55\/100\n|\n|-damage|p1a: Ursaluna|25\/100 brn|[from] brn\n|upkeep\n|turn|32\n|\n|t:|1700451257\n|move|p1a: Ursaluna|Vacuum Wave|p2a: Shlackin'\n|-resisted|p2a: Shlackin'\n|-damage|p2a: Shlackin'|42\/100\n|move|p2a: Shlackin'|Slack Off|p2a: Shlackin'\n|-heal|p2a: Shlackin'|92\/100\n|\n|-damage|p1a: Ursaluna|19\/100 brn|[from] brn\n|upkeep\n|turn|33\n|\n|t:|1700451262\n|move|p1a: Ursaluna|Vacuum Wave|p2a: Shlackin'\n|-resisted|p2a: Shlackin'\n|-damage|p2a: Shlackin'|79\/100\n|move|p2a: Shlackin'|Thunder Wave|p1a: Ursaluna\n|-immune|p1a: Ursaluna\n|\n|-damage|p1a: Ursaluna|13\/100 brn|[from] brn\n|upkeep\n|turn|34\n|\n|t:|1700451278\n|switch|p1a: Sneasler|Sneasler, M|74\/100\n|move|p2a: Shlackin'|Scald|p1a: Sneasler\n|-damage|p1a: Sneasler|38\/100\n|\n|upkeep\n|turn|35\n|\n|t:|1700451285\n|move|p1a: Sneasler|Dire Claw|p2a: Shlackin'\n|-damage|p2a: Shlackin'|52\/100\n|-damage|p1a: Sneasler|21\/100|[from] item: Rocky Helmet|[of] p2a: Shlackin'\n|move|p2a: Shlackin'|Psychic|p1a: Sneasler\n|-supereffective|p1a: Sneasler\n|-damage|p1a: Sneasler|0 fnt\n|faint|p1a: Sneasler\n|\n|upkeep\n|\n|t:|1700451288\n|switch|p1a: Regieleki|Regieleki|100\/100\n|turn|36\n|\n|t:|1700451291\n|move|p1a: Regieleki|Thunderbolt|p2a: Shlackin'\n|-supereffective|p2a: Shlackin'\n|-damage|p2a: Shlackin'|0 fnt\n|faint|p2a: Shlackin'\n|\n|win|Superison\n|c|\u2606ZachMcD|gg\n|c|\u2606Superison|ggs D:\n|l| hatev2\n|c|\u2606ZachMcD|with absolutely trolling turn 1, not too bad LOL\n|c|\u2606Superison|I couldn't move :c\n|c|\u2606ZachMcD|ye true\n|c|\u2606Superison|you too scary\n","uploadtime":1700451360,"views":11,"p1id":"superison","p2id":"zachmcd","formatid":"gen9ubers","rating":0,"private":0,"password":""}