{"id":"gen9ubers-1999949808","p1":"Winterbub","p2":"Gen fiverrr","format":"[Gen 9] Ubers","log":"|j|\u2606Winterbub\n|j|\u2606Gen fiverrr\n|t:|1701133598\n|gametype|singles\n|player|p1|Winterbub|ballguy|1308\n|player|p2|Gen fiverrr|alder|1274\n|teamsize|p1|6\n|teamsize|p2|6\n|gen|9\n|tier|[Gen 9] Ubers\n|rated|\n|rule|Sleep Clause Mod: Limit one foe put to sleep\n|rule|Species Clause: Limit one of each Pok\u00e9mon\n|rule|OHKO Clause: OHKO moves are banned\n|rule|Evasion Items Clause: Evasion items are banned\n|rule|Evasion Moves Clause: Evasion moves are banned\n|rule|Endless Battle Clause: Forcing endless battles is banned\n|rule|HP Percentage Mod: HP is shown in percentages\n|clearpoke\n|poke|p1|Alomomola, F|\n|poke|p1|Iron Treads|\n|poke|p1|Clodsire, F|\n|poke|p1|Ditto|\n|poke|p1|Skeledirge, F|\n|poke|p1|Klefki, F|\n|poke|p2|Shaymin-Sky|\n|poke|p2|Tauros-Paldea-Blaze, M|\n|poke|p2|Spidops, F|\n|poke|p2|Palkia-Origin|\n|poke|p2|Mamoswine, M|\n|poke|p2|Spectrier|\n|teampreview\n|\n|t:|1701133605\n|start\n|switch|p1a: bbno$|Klefki, F|100\/100\n|switch|p2a: Spidops|Spidops, F|100\/100\n|turn|1\n|\n|t:|1701133612\n|move|p1a: bbno$|Thunder Wave|p2a: Spidops\n|-status|p2a: Spidops|par\n|move|p2a: Spidops|Knock Off|p1a: bbno$\n|-resisted|p1a: bbno$\n|-damage|p1a: bbno$|85\/100\n|-enditem|p1a: bbno$|Leftovers|[from] move: Knock Off|[of] p2a: Spidops\n|\n|upkeep\n|turn|2\n|\n|t:|1701133628\n|move|p1a: bbno$|Spikes|p2a: Spidops\n|-sidestart|p2: Gen fiverrr|Spikes\n|move|p2a: Spidops|Sticky Web|p1a: bbno$\n|-sidestart|p1: Winterbub|move: Sticky Web\n|\n|upkeep\n|turn|3\n|inactive|Battle timer is ON: inactive players will automatically lose when time's up. (requested by Winterbub)\n|\n|t:|1701133645\n|switch|p2a: Tauros|Tauros-Paldea-Blaze, M|100\/100\n|-damage|p2a: Tauros|88\/100|[from] Spikes\n|move|p1a: bbno$|Spikes|p2a: Tauros\n|-sidestart|p2: Gen fiverrr|Spikes\n|\n|upkeep\n|turn|4\n|\n|t:|1701133653\n|move|p1a: bbno$|Spikes|p2a: Tauros\n|-sidestart|p2: Gen fiverrr|Spikes\n|move|p2a: Tauros|Raging Bull|p1a: bbno$\n|-supereffective|p1a: bbno$\n|-damage|p1a: bbno$|0 fnt\n|faint|p1a: bbno$\n|\n|upkeep\n|\n|t:|1701133660\n|switch|p1a: Aloasmfamfoala|Alomomola, F|100\/100\n|-activate|p1a: Aloasmfamfoala|move: Sticky Web\n|-unboost|p1a: Aloasmfamfoala|spe|1\n|turn|5\n|\n|t:|1701133664\n|switch|p2a: BABY|Shaymin-Sky|100\/100\n|move|p1a: Aloasmfamfoala|Flip Turn|p2a: BABY\n|-resisted|p2a: BABY\n|-damage|p2a: BABY|90\/100\n|\n|t:|1701133670\n|switch|p1a: DC The Don Fan|Iron Treads|100\/100|[from] Flip Turn\n|-activate|p1a: DC The Don Fan|move: Sticky Web\n|-unboost|p1a: DC The Don Fan|spe|1\n|\n|upkeep\n|turn|6\n|\n|t:|1701133677\n|move|p2a: BABY|Earth Power|p1a: DC The Don Fan\n|-supereffective|p1a: DC The Don Fan\n|-damage|p1a: DC The Don Fan|70\/100\n|move|p1a: DC The Don Fan|Rapid Spin|p2a: BABY\n|-damage|p2a: BABY|74\/100\n|-boost|p1a: DC The Don Fan|spe|1\n|-sideend|p1: Winterbub|Sticky Web|[from] move: Rapid Spin|[of] p1a: DC The Don Fan\n|\n|upkeep\n|turn|7\n|\n|t:|1701133689\n|-end|p1a: DC The Don Fan|Quark Drive|[silent]\n|switch|p1a: Big Clod|Clodsire, F|100\/100\n|move|p2a: BABY|Seed Flare|p1a: Big Clod\n|-damage|p1a: Big Clod|71\/100\n|-unboost|p1a: Big Clod|spd|2\n|\n|-heal|p1a: Big Clod|77\/100|[from] item: Leftovers\n|upkeep\n|turn|8\n|\n|t:|1701133698\n|move|p2a: BABY|Earth Power|p1a: Big Clod\n|-supereffective|p1a: Big Clod\n|-damage|p1a: Big Clod|19\/100\n|move|p1a: Big Clod|Stealth Rock|p2a: BABY\n|-sidestart|p2: Gen fiverrr|move: Stealth Rock\n|\n|-heal|p1a: Big Clod|25\/100|[from] item: Leftovers\n|upkeep\n|turn|9\n|l|\u2606Gen fiverrr\n|inactive|Gen fiverrr disconnected and has a minute to reconnect!\n|player|p2|\n|inactive|Gen fiverrr has 30 seconds to reconnect!\n|inactive|Gen fiverrr has 20 seconds to reconnect!\n|inactive|Gen fiverrr has 15 seconds to reconnect!\n|inactive|Gen fiverrr has 10 seconds to reconnect!\n|inactive|Gen fiverrr has 5 seconds to reconnect!\n|-message|Gen fiverrr lost due to inactivity.\n|\n|win|Winterbub\n|raw|Winterbub's rating: 1308 &rarr; <strong>1326<\/strong><br \/>(+18 for winning)\n|raw|Gen fiverrr's rating: 1274 &rarr; <strong>1251<\/strong><br \/>(-23 for losing)\n","uploadtime":1701133790,"views":8,"p1id":"winterbub","p2id":"genfiverrr","formatid":"gen9ubers","rating":1251,"private":0,"password":""}