{"id":"gen9ubers-1986163740","p1":"trialteam98","p2":"szlum >","format":"[Gen 9] Ubers","log":"|j|\u2606trialteam98\n|j|\u2606szlum >\n|t:|1699456159\n|gametype|singles\n|player|p1|trialteam98|lady-gen4|1062\n|player|p2|szlum >|2|1000\n|teamsize|p1|6\n|teamsize|p2|6\n|gen|9\n|tier|[Gen 9] Ubers\n|rated|\n|rule|Sleep Clause Mod: Limit one foe put to sleep\n|rule|Species Clause: Limit one of each Pok\u00e9mon\n|rule|OHKO Clause: OHKO moves are banned\n|rule|Evasion Items Clause: Evasion items are banned\n|rule|Evasion Moves Clause: Evasion moves are banned\n|rule|Endless Battle Clause: Forcing endless battles is banned\n|rule|HP Percentage Mod: HP is shown in percentages\n|clearpoke\n|poke|p1|Sableye, M|\n|poke|p1|Walking Wake|\n|poke|p1|Lilligant-Hisui, F|\n|poke|p1|Great Tusk|\n|poke|p1|Charizard, F|\n|poke|p1|Tornadus, M|\n|poke|p2|Cinderace, F|\n|poke|p2|Ceruledge, F|\n|poke|p2|Gengar, F|\n|poke|p2|Garchomp, F|\n|poke|p2|Charizard, M|\n|poke|p2|Lucario, F|\n|teampreview\n|\n|t:|1699456167\n|start\n|switch|p1a: Sableye|Sableye, M|100\/100\n|switch|p2a: Cinderace|Cinderace, F|100\/100\n|turn|1\n|\n|t:|1699456176\n|move|p1a: Sableye|Sunny Day|p1a: Sableye\n|-weather|SunnyDay\n|move|p2a: Cinderace|Pyro Ball|p1a: Sableye\n|-damage|p1a: Sableye|30\/100\n|-status|p1a: Sableye|brn\n|\n|-weather|SunnyDay|[upkeep]\n|-damage|p1a: Sableye|24\/100 brn|[from] brn\n|upkeep\n|turn|2\n|\n|t:|1699456188\n|move|p1a: Sableye|Disable|p2a: Cinderace\n|-start|p2a: Cinderace|Disable|Pyro Ball\n|move|p2a: Cinderace|Fire Blast|p1a: Sableye\n|-damage|p1a: Sableye|0 fnt\n|faint|p1a: Sableye\n|\n|-weather|SunnyDay|[upkeep]\n|upkeep\n|\n|t:|1699456209\n|switch|p1a: Charizard|Charizard, F|100\/100\n|turn|3\n|\n|t:|1699456214\n|move|p1a: Charizard|Flame Charge|p2a: Cinderace\n|-resisted|p2a: Cinderace\n|-damage|p2a: Cinderace|89\/100\n|-boost|p1a: Charizard|spe|1\n|move|p2a: Cinderace|Swords Dance|p2a: Cinderace\n|-boost|p2a: Cinderace|atk|2\n|\n|-weather|SunnyDay|[upkeep]\n|-damage|p1a: Charizard|88\/100|[from] ability: Solar Power|[of] p1a: Charizard\n|upkeep\n|turn|4\n|j| dddet\n|\n|t:|1699456227\n|move|p1a: Charizard|Ancient Power|p2a: Cinderace\n|-supereffective|p2a: Cinderace\n|-damage|p2a: Cinderace|19\/100\n|move|p2a: Cinderace|Counter||[still]\n|-fail|p2a: Cinderace\n|\n|-weather|SunnyDay|[upkeep]\n|-damage|p1a: Charizard|76\/100|[from] ability: Solar Power|[of] p1a: Charizard\n|upkeep\n|turn|5\n|\n|t:|1699456237\n|move|p1a: Charizard|Ancient Power|p2a: Cinderace\n|-supereffective|p2a: Cinderace\n|-damage|p2a: Cinderace|0 fnt\n|faint|p2a: Cinderace\n|\n|-weather|SunnyDay|[upkeep]\n|-damage|p1a: Charizard|63\/100|[from] ability: Solar Power|[of] p1a: Charizard\n|upkeep\n|\n|t:|1699456247\n|switch|p2a: Lucario|Lucario, F|100\/100\n|turn|6\n|\n|t:|1699456253\n|move|p1a: Charizard|Flamethrower|p2a: Lucario\n|-supereffective|p2a: Lucario\n|-damage|p2a: Lucario|0 fnt\n|faint|p2a: Lucario\n|\n|-weather|SunnyDay|[upkeep]\n|-damage|p1a: Charizard|51\/100|[from] ability: Solar Power|[of] p1a: Charizard\n|upkeep\n|\n|t:|1699456261\n|switch|p2a: Garchomp|Garchomp, F|100\/100\n|turn|7\n|\n|t:|1699456264\n|move|p1a: Charizard|Dragon Pulse|p2a: Garchomp\n|-supereffective|p2a: Garchomp\n|-damage|p2a: Garchomp|39\/100\n|move|p2a: Garchomp|Surf|p1a: Charizard\n|-supereffective|p1a: Charizard\n|-damage|p1a: Charizard|25\/100\n|\n|-weather|SunnyDay|[upkeep]\n|-damage|p1a: Charizard|13\/100|[from] ability: Solar Power|[of] p1a: Charizard\n|upkeep\n|turn|8\n|\n|t:|1699456278\n|move|p1a: Charizard|Dragon Pulse|p2a: Garchomp\n|-supereffective|p2a: Garchomp\n|-damage|p2a: Garchomp|0 fnt\n|faint|p2a: Garchomp\n|\n|-weather|none\n|upkeep\n|\n|t:|1699456284\n|switch|p2a: Ceruledge|Ceruledge, F|100\/100\n|turn|9\n|\n|t:|1699456289\n|move|p1a: Charizard|Ancient Power|p2a: Ceruledge\n|-supereffective|p2a: Ceruledge\n|-damage|p2a: Ceruledge|60\/100\n|move|p2a: Ceruledge|Close Combat|p1a: Charizard\n|-resisted|p1a: Charizard\n|-damage|p1a: Charizard|0 fnt\n|-unboost|p2a: Ceruledge|def|1\n|-unboost|p2a: Ceruledge|spd|1\n|faint|p1a: Charizard\n|\n|upkeep\n|\n|t:|1699456301\n|switch|p1a: Tornadus|Tornadus, M|100\/100\n|turn|10\n|\n|t:|1699456315\n|-terastallize|p2a: Ceruledge|Fire\n|move|p1a: Tornadus|Sunny Day|p1a: Tornadus\n|-weather|SunnyDay\n|move|p2a: Ceruledge|Night Slash|p1a: Tornadus\n|-damage|p1a: Tornadus|69\/100\n|\n|-weather|SunnyDay|[upkeep]\n|upkeep\n|turn|11\n|\n|t:|1699456333\n|move|p1a: Tornadus|Weather Ball|p2a: Ceruledge\n|-start|p2a: Ceruledge|ability: Flash Fire\n|move|p2a: Ceruledge|Fire Blast|p1a: Tornadus\n|-damage|p1a: Tornadus|0 fnt\n|faint|p1a: Tornadus\n|\n|-weather|SunnyDay|[upkeep]\n|upkeep\n|\n|t:|1699456340\n|switch|p1a: Great Tusk|Great Tusk|100\/100\n|-activate|p1a: Great Tusk|ability: Protosynthesis\n|-start|p1a: Great Tusk|protosynthesisatk\n|turn|12\n|\n|t:|1699456347\n|move|p1a: Great Tusk|Headlong Rush|p2a: Ceruledge\n|-supereffective|p2a: Ceruledge\n|-damage|p2a: Ceruledge|0 fnt\n|-unboost|p1a: Great Tusk|def|1\n|-unboost|p1a: Great Tusk|spd|1\n|faint|p2a: Ceruledge\n|\n|-weather|SunnyDay|[upkeep]\n|upkeep\n|\n|t:|1699456355\n|switch|p2a: Charizard|Charizard, M|100\/100\n|turn|13\n|\n|t:|1699456369\n|-end|p1a: Great Tusk|Protosynthesis|[silent]\n|switch|p1a: Walking Wake|Walking Wake|100\/100\n|-activate|p1a: Walking Wake|ability: Protosynthesis\n|-start|p1a: Walking Wake|protosynthesisspa\n|move|p2a: Charizard|Fly||[still]\n|-prepare|p2a: Charizard|Fly\n|\n|-weather|SunnyDay|[upkeep]\n|upkeep\n|turn|14\n|\n|t:|1699456377\n|move|p1a: Walking Wake|Hydro Steam|p2a: Charizard|[miss]\n|-miss|p1a: Walking Wake|p2a: Charizard\n|move|p2a: Charizard|Fly|p1a: Walking Wake|[from]lockedmove\n|-damage|p1a: Walking Wake|67\/100\n|\n|-weather|none\n|-end|p1a: Walking Wake|Protosynthesis\n|upkeep\n|-enditem|p1a: Walking Wake|Booster Energy\n|-activate|p1a: Walking Wake|ability: Protosynthesis|[fromitem]\n|-start|p1a: Walking Wake|protosynthesisspa\n|turn|15\n|\n|t:|1699456398\n|move|p1a: Walking Wake|Hydro Steam|p2a: Charizard\n|-supereffective|p2a: Charizard\n|-damage|p2a: Charizard|0 fnt\n|faint|p2a: Charizard\n|\n|upkeep\n|\n|t:|1699456405\n|switch|p2a: Gengar|Gengar, F|100\/100\n|turn|16\n|\n|t:|1699456412\n|move|p1a: Walking Wake|Hydro Steam|p2a: Gengar\n|-damage|p2a: Gengar|37\/100\n|-start|p1a: Walking Wake|Disable|Hydro Steam|[from] ability: Cursed Body|[of] p2a: Gengar\n|move|p2a: Gengar|Gunk Shot|p1a: Walking Wake\n|-damage|p1a: Walking Wake|33\/100\n|\n|upkeep\n|turn|17\n|\n|t:|1699456420\n|move|p1a: Walking Wake|Dragon Pulse|p2a: Gengar\n|-damage|p2a: Gengar|0 fnt\n|faint|p2a: Gengar\n|\n|win|trialteam98\n|raw|trialteam98's rating: 1062 &rarr; <strong>1087<\/strong><br \/>(+25 for winning)\n|raw|szlum &gt;'s rating: 1000 &rarr; <strong>1000<\/strong><br \/>(+0 for losing)\n","uploadtime":1699456427,"views":6,"p1id":"trialteam98","p2id":"szlum","formatid":"gen9ubers","rating":1000,"private":0,"password":""}