{"id":"gen9ubers-1986681493","p1":"game18","p2":"fat serbian guy","format":"[Gen 9] Ubers","log":"|j|\u2606game18\n|j|\u2606fat serbian guy\n|t:|1699506941\n|gametype|singles\n|player|p1|game18|ghetsis|\n|player|p2|fat serbian guy|fisherman-gen4|\n|teamsize|p1|6\n|teamsize|p2|6\n|gen|9\n|tier|[Gen 9] Ubers\n|rated|Tournament battle\n|rule|Sleep Clause Mod: Limit one foe put to sleep\n|rule|Species Clause: Limit one of each Pok\u00e9mon\n|rule|OHKO Clause: OHKO moves are banned\n|rule|Evasion Items Clause: Evasion items are banned\n|rule|Evasion Moves Clause: Evasion moves are banned\n|rule|Endless Battle Clause: Forcing endless battles is banned\n|rule|HP Percentage Mod: HP is shown in percentages\n|clearpoke\n|poke|p1|Ribombee, M|\n|poke|p1|Arceus|\n|poke|p1|Zacian-*|\n|poke|p1|Eternatus|\n|poke|p1|Miraidon|\n|poke|p1|Koraidon|\n|poke|p2|Ditto|\n|poke|p2|Zacian-*|\n|poke|p2|Koraidon|\n|poke|p2|Ting-Lu|\n|poke|p2|Toxapex, M|\n|poke|p2|Arceus-Ground|\n|teampreview\n|\n|t:|1699506949\n|start\n|switch|p1a: Ribombee|Ribombee, M|100\/100\n|switch|p2a: Ditto|Ditto|100\/100\n|-transform|p2a: Ditto|p1a: Ribombee|[from] ability: Imposter\n|turn|1\n|j|%Taka\n|\n|t:|1699506961\n|move|p2a: Ditto|Sticky Web|p1a: Ribombee\n|-sidestart|p1: game18|move: Sticky Web\n|move|p1a: Ribombee|Stun Spore|p2a: Ditto|[miss]\n|-miss|p1a: Ribombee|p2a: Ditto\n|\n|upkeep\n|turn|2\n|\n|t:|1699506967\n|switch|p2a: Ting-Lu|Ting-Lu|100\/100\n|-ability|p2a: Ting-Lu|Vessel of Ruin\n|move|p1a: Ribombee|Sticky Web|p2a: Ting-Lu\n|-sidestart|p2: fat serbian guy|move: Sticky Web\n|\n|upkeep\n|turn|3\n|j| Henri's Imouto\n|\n|t:|1699506980\n|switch|p1a: Koraidon|Koraidon|100\/100\n|-activate|p1a: Koraidon|move: Sticky Web\n|-unboost|p1a: Koraidon|spe|1\n|-weather|SunnyDay|[from] ability: Orichalcum Pulse|[of] p1a: Koraidon\n|-activate|p1a: Koraidon|Orichalcum Pulse|[source]\n|move|p2a: Ting-Lu|Stealth Rock|p1a: Koraidon\n|-sidestart|p1: game18|move: Stealth Rock\n|\n|-weather|SunnyDay|[upkeep]\n|upkeep\n|turn|4\n|\n|t:|1699507019\n|move|p1a: Koraidon|Scale Shot|p2a: Ting-Lu|[miss]\n|-miss|p1a: Koraidon|p2a: Ting-Lu\n|move|p2a: Ting-Lu|Whirlwind|p1a: Koraidon\n|drag|p1a: Ribombee|Ribombee, M|100\/100\n|-activate|p1a: Ribombee|move: Sticky Web\n|-unboost|p1a: Ribombee|spe|1\n|-damage|p1a: Ribombee|75\/100|[from] Stealth Rock\n|\n|-weather|SunnyDay|[upkeep]\n|upkeep\n|turn|5\n|l| Henri's Imouto\n|\n|t:|1699507037\n|move|p1a: Ribombee|Moonblast|p2a: Ting-Lu\n|-supereffective|p2a: Ting-Lu\n|-damage|p2a: Ting-Lu|74\/100\n|move|p2a: Ting-Lu|Earthquake|p1a: Ribombee\n|-resisted|p1a: Ribombee\n|-damage|p1a: Ribombee|46\/100\n|\n|-weather|SunnyDay|[upkeep]\n|-heal|p2a: Ting-Lu|80\/100|[from] item: Leftovers\n|upkeep\n|turn|6\n|\n|t:|1699507061\n|move|p1a: Ribombee|Moonblast|p2a: Ting-Lu\n|-supereffective|p2a: Ting-Lu\n|-damage|p2a: Ting-Lu|54\/100\n|-unboost|p2a: Ting-Lu|spa|1\n|move|p2a: Ting-Lu|Earthquake|p1a: Ribombee\n|-resisted|p1a: Ribombee\n|-damage|p1a: Ribombee|18\/100\n|\n|-weather|SunnyDay|[upkeep]\n|-heal|p2a: Ting-Lu|60\/100|[from] item: Leftovers\n|upkeep\n|turn|7\n|\n|t:|1699507089\n|move|p1a: Ribombee|Tailwind|p1a: Ribombee\n|-sidestart|p1: game18|move: Tailwind\n|move|p2a: Ting-Lu|Earthquake|p1a: Ribombee\n|-resisted|p1a: Ribombee\n|-damage|p1a: Ribombee|0 fnt\n|faint|p1a: Ribombee\n|\n|-weather|none\n|-heal|p2a: Ting-Lu|67\/100|[from] item: Leftovers\n|upkeep\n|\n|t:|1699507097\n|switch|p1a: Koraidon|Koraidon|100\/100\n|-activate|p1a: Koraidon|move: Sticky Web\n|-unboost|p1a: Koraidon|spe|1\n|-damage|p1a: Koraidon|94\/100|[from] Stealth Rock\n|-weather|SunnyDay|[from] ability: Orichalcum Pulse|[of] p1a: Koraidon\n|-activate|p1a: Koraidon|Orichalcum Pulse|[source]\n|turn|8\n|\n|t:|1699507118\n|switch|p2a: Zacian|Zacian-Crowned|100\/100\n|-activate|p2a: Zacian|move: Sticky Web\n|-unboost|p2a: Zacian|spe|1\n|-ability|p2a: Zacian|Intrepid Sword|boost\n|-boost|p2a: Zacian|atk|1\n|move|p1a: Koraidon|Taunt|p2a: Zacian\n|-start|p2a: Zacian|move: Taunt\n|\n|-weather|SunnyDay|[upkeep]\n|upkeep\n|turn|9\n|\n|t:|1699507145\n|move|p1a: Koraidon|Flare Blitz|p2a: Zacian\n|-supereffective|p2a: Zacian\n|-damage|p2a: Zacian|0 fnt\n|faint|p2a: Zacian\n|-damage|p1a: Koraidon|63\/100|[from] Recoil\n|\n|-weather|SunnyDay|[upkeep]\n|upkeep\n|\n|t:|1699507193\n|switch|p2a: Ting-Lu|Ting-Lu|67\/100\n|-activate|p2a: Ting-Lu|move: Sticky Web\n|-unboost|p2a: Ting-Lu|spe|1\n|-ability|p2a: Ting-Lu|Vessel of Ruin\n|turn|10\n|\n|t:|1699507205\n|move|p1a: Koraidon|Taunt|p2a: Ting-Lu\n|-start|p2a: Ting-Lu|move: Taunt\n|move|p2a: Ting-Lu|Earthquake|p1a: Koraidon\n|-damage|p1a: Koraidon|28\/100\n|\n|-weather|SunnyDay|[upkeep]\n|-heal|p2a: Ting-Lu|73\/100|[from] item: Leftovers\n|-sideend|p1: game18|move: Tailwind\n|upkeep\n|turn|11\n|\n|t:|1699507220\n|move|p1a: Koraidon|Scale Shot|p2a: Ting-Lu\n|-damage|p2a: Ting-Lu|62\/100\n|-damage|p2a: Ting-Lu|53\/100\n|-damage|p2a: Ting-Lu|42\/100\n|-damage|p2a: Ting-Lu|31\/100\n|-hitcount|p2a: Ting-Lu|4\n|-unboost|p1a: Koraidon|def|1\n|-boost|p1a: Koraidon|spe|1\n|move|p2a: Ting-Lu|Earthquake|p1a: Koraidon\n|-damage|p1a: Koraidon|0 fnt\n|faint|p1a: Koraidon\n|\n|-weather|SunnyDay|[upkeep]\n|-heal|p2a: Ting-Lu|38\/100|[from] item: Leftovers\n|upkeep\n|\n|t:|1699507246\n|switch|p1a: Zacian|Zacian-Crowned|100\/100\n|-activate|p1a: Zacian|move: Sticky Web\n|-unboost|p1a: Zacian|spe|1\n|-damage|p1a: Zacian|94\/100|[from] Stealth Rock\n|-ability|p1a: Zacian|Intrepid Sword|boost\n|-boost|p1a: Zacian|atk|1\n|turn|12\n|\n|t:|1699507264\n|switch|p2a: Toxapex|Toxapex, M|100\/100\n|-activate|p2a: Toxapex|move: Sticky Web\n|-unboost|p2a: Toxapex|spe|1\n|move|p1a: Zacian|Play Rough|p2a: Toxapex\n|-resisted|p2a: Toxapex\n|-damage|p2a: Toxapex|76\/100\n|-unboost|p2a: Toxapex|atk|1\n|-damage|p1a: Zacian|78\/100|[from] item: Rocky Helmet|[of] p2a: Toxapex\n|\n|-weather|none\n|upkeep\n|turn|13\n|\n|t:|1699507282\n|switch|p2a: Ditto|Ditto|100\/100\n|-activate|p2a: Ditto|move: Sticky Web\n|-unboost|p2a: Ditto|spe|1\n|-transform|p2a: Ditto|p1a: Zacian|[from] ability: Imposter\n|-ability|p2a: Ditto|Intrepid Sword|boost\n|-boost|p2a: Ditto|atk|1\n|move|p1a: Zacian|Swords Dance|p1a: Zacian\n|-boost|p1a: Zacian|atk|2\n|\n|upkeep\n|turn|14\n|\n|t:|1699507301\n|move|p2a: Ditto|Behemoth Blade|p1a: Zacian\n|-damage|p1a: Zacian|0 fnt\n|faint|p1a: Zacian\n|\n|upkeep\n|\n|t:|1699507305\n|switch|p1a: Miraidon|Miraidon|100\/100\n|-activate|p1a: Miraidon|move: Sticky Web\n|-unboost|p1a: Miraidon|spe|1\n|-damage|p1a: Miraidon|88\/100|[from] Stealth Rock\n|-fieldstart|move: Electric Terrain|[from] ability: Hadron Engine|[of] p1a: Miraidon\n|turn|15\n|\n|t:|1699507321\n|switch|p2a: Arceus|Arceus-Ground|100\/100\n|-activate|p2a: Arceus|move: Sticky Web\n|-unboost|p2a: Arceus|spe|1\n|move|p1a: Miraidon|Electro Drift|p2a: Arceus\n|-immune|p2a: Arceus\n|\n|upkeep\n|turn|16\n|\n|t:|1699507339\n|move|p1a: Miraidon|Calm Mind|p1a: Miraidon\n|-boost|p1a: Miraidon|spa|1\n|-boost|p1a: Miraidon|spd|1\n|move|p2a: Arceus|Calm Mind|p2a: Arceus\n|-boost|p2a: Arceus|spa|1\n|-boost|p2a: Arceus|spd|1\n|\n|upkeep\n|turn|17\n|\n|t:|1699507346\n|move|p1a: Miraidon|Taunt|p2a: Arceus\n|-start|p2a: Arceus|move: Taunt\n|move|p2a: Arceus|Judgment|p1a: Miraidon\n|-supereffective|p1a: Miraidon\n|-damage|p1a: Miraidon|3\/100\n|\n|upkeep\n|turn|18\n|\n|t:|1699507354\n|move|p1a: Miraidon|Draco Meteor|p2a: Arceus\n|-damage|p2a: Arceus|22\/100\n|-unboost|p1a: Miraidon|spa|2\n|-damage|p1a: Miraidon|0 fnt|[from] item: Life Orb\n|faint|p1a: Miraidon\n|move|p2a: Arceus|Judgment|p1: Miraidon|[notarget]\n|-fail|p2a: Arceus\n|\n|upkeep\n|j| ZowwyCafe\u2764\n|c|%Taka|wowza\n|c|%Taka|fat serbian guy you are insanely good\n|\n|t:|1699507367\n|switch|p1a: Arceus|Arceus|100\/100\n|-activate|p1a: Arceus|move: Sticky Web\n|-unboost|p1a: Arceus|spe|1\n|-damage|p1a: Arceus|88\/100|[from] Stealth Rock\n|turn|19\n|c|\u2606fat serbian guy|naw u better than me bro\n|\n|t:|1699507393\n|move|p1a: Arceus|Extreme Speed|p2a: Arceus\n|-damage|p2a: Arceus|0 fnt\n|faint|p2a: Arceus\n|\n|-fieldend|move: Electric Terrain\n|upkeep\n|l| ZowwyCafe\u2764\n|inactive|Battle timer is ON: inactive players will automatically lose when time's up. (requested by game18)\n|j| drey77\n|l| drey77\n|\n|t:|1699507456\n|switch|p2a: Ting-Lu|Ting-Lu|38\/100\n|-activate|p2a: Ting-Lu|move: Sticky Web\n|-unboost|p2a: Ting-Lu|spe|1\n|-ability|p2a: Ting-Lu|Vessel of Ruin\n|turn|20\n|\n|t:|1699507470\n|move|p1a: Arceus|Taunt|p2a: Ting-Lu\n|-start|p2a: Ting-Lu|move: Taunt\n|move|p2a: Ting-Lu|Ruination|p1a: Arceus\n|-damage|p1a: Arceus|44\/100\n|\n|-heal|p2a: Ting-Lu|44\/100|[from] item: Leftovers\n|upkeep\n|turn|21\n|\n|t:|1699507481\n|move|p1a: Arceus|Swords Dance|p1a: Arceus\n|-boost|p1a: Arceus|atk|2\n|move|p2a: Ting-Lu|Earthquake|p1a: Arceus\n|-damage|p1a: Arceus|16\/100\n|\n|-heal|p2a: Ting-Lu|50\/100|[from] item: Leftovers\n|upkeep\n|turn|22\n|\n|t:|1699507494\n|-terastallize|p2a: Ting-Lu|Steel\n|move|p1a: Arceus|Extreme Speed|p2a: Ting-Lu\n|-resisted|p2a: Ting-Lu\n|-damage|p2a: Ting-Lu|23\/100\n|move|p2a: Ting-Lu|Earthquake|p1a: Arceus\n|-damage|p1a: Arceus|0 fnt\n|faint|p1a: Arceus\n|\n|-heal|p2a: Ting-Lu|29\/100|[from] item: Leftovers\n|-end|p2a: Ting-Lu|move: Taunt\n|upkeep\n|c|%Taka|WOW\n|-message|game18 forfeited.\n|\n|win|fat serbian guy\n|n|\u2606game18|game18\n|n|\u2606fat serbian guy|fatserbianguy\n|n| Taka|taka\n","uploadtime":1699507501,"views":4,"p1id":"game18","p2id":"fatserbianguy","formatid":"gen9ubers","rating":0,"private":0,"password":""}