{"id":"gen9ubers-1977628549","p1":"Inciname","p2":"Blake-Mamba","format":"[Gen 9] Ubers","log":"|j|\u2606Inciname\n|j|\u2606Blake-Mamba\n|t:|1698433234\n|gametype|singles\n|player|p1|Inciname|youngcouple-gen4dp|1154\n|player|p2|Blake-Mamba|juan|1222\n|teamsize|p1|6\n|teamsize|p2|6\n|gen|9\n|tier|[Gen 9] Ubers\n|rated|\n|rule|Sleep Clause Mod: Limit one foe put to sleep\n|rule|Species Clause: Limit one of each Pok\u00e9mon\n|rule|OHKO Clause: OHKO moves are banned\n|rule|Evasion Items Clause: Evasion items are banned\n|rule|Evasion Moves Clause: Evasion moves are banned\n|rule|Endless Battle Clause: Forcing endless battles is banned\n|rule|HP Percentage Mod: HP is shown in percentages\n|clearpoke\n|poke|p1|Kommo-o, M|\n|poke|p1|Grimmsnarl, M|\n|poke|p1|Hawlucha, F|\n|poke|p1|Umbreon, F|\n|poke|p1|Ditto|\n|poke|p1|Grubbin, L1, M|\n|poke|p2|Ogerpon-Hearthflame, F|\n|poke|p2|Vikavolt, F|\n|poke|p2|Kommo-o, M|\n|poke|p2|Ursaluna-Bloodmoon, M|\n|poke|p2|Yanmega, F|\n|poke|p2|Chandelure, F|\n|teampreview\n|inactive|Battle timer is ON: inactive players will automatically lose when time's up. (requested by Inciname)\n|\n|t:|1698433243\n|start\n|switch|p1a: Small boi|Grubbin, L1, M, shiny|100\/100\n|switch|p2a: Vikavolt|Vikavolt, F|100\/100\n|turn|1\n|c|\u2606Inciname|Let\u2019s go\n|c|\u2606Inciname|glhf\n|\n|t:|1698433251\n|move|p2a: Vikavolt|Thunder|p1a: Small boi\n|-enditem|p1a: Small boi|Focus Sash\n|-damage|p1a: Small boi|9\/100\n|move|p1a: Small boi|Sticky Web|p2a: Vikavolt\n|-sidestart|p2: Blake-Mamba|move: Sticky Web\n|\n|upkeep\n|turn|2\n|\n|t:|1698433259\n|move|p2a: Vikavolt|Sticky Web|p1a: Small boi\n|-sidestart|p1: Inciname|move: Sticky Web\n|move|p1a: Small boi|Lunge|p2a: Vikavolt\n|-damage|p2a: Vikavolt|99\/100\n|-unboost|p2a: Vikavolt|atk|1\n|\n|upkeep\n|turn|3\n|\n|t:|1698433265\n|move|p2a: Vikavolt|Bug Buzz|p1a: Small boi\n|-damage|p1a: Small boi|0 fnt\n|faint|p1a: Small boi\n|\n|upkeep\n|\n|t:|1698433273\n|switch|p1a: Sweep boi|Hawlucha, F|100\/100\n|turn|4\n|\n|t:|1698433276\n|move|p1a: Sweep boi|Swords Dance|p1a: Sweep boi\n|-boost|p1a: Sweep boi|atk|2\n|move|p2a: Vikavolt|Thunder|p1a: Sweep boi|[miss]\n|-miss|p2a: Vikavolt|p1a: Sweep boi\n|\n|upkeep\n|turn|5\n|\n|t:|1698433284\n|-terastallize|p1a: Sweep boi|Fighting\n|move|p1a: Sweep boi|Close Combat|p2a: Vikavolt\n|-resisted|p2a: Vikavolt\n|-damage|p2a: Vikavolt|28\/100\n|-unboost|p1a: Sweep boi|def|1\n|-unboost|p1a: Sweep boi|spd|1\n|-enditem|p1a: Sweep boi|White Herb\n|-clearnegativeboost|p1a: Sweep boi|[silent]\n|move|p2a: Vikavolt|Thunder|p1a: Sweep boi\n|-damage|p1a: Sweep boi|0 fnt\n|faint|p1a: Sweep boi\n|\n|upkeep\n|\n|t:|1698433297\n|switch|p1a: Hairy boi|Grimmsnarl, M|100\/100\n|-activate|p1a: Hairy boi|move: Sticky Web\n|-unboost|p1a: Hairy boi|spe|1\n|turn|6\n|\n|t:|1698433302\n|move|p1a: Hairy boi|Light Screen|p1a: Hairy boi\n|-sidestart|p1: Inciname|move: Light Screen\n|move|p2a: Vikavolt|Thunder|p1a: Hairy boi\n|-damage|p1a: Hairy boi|73\/100\n|\n|upkeep\n|turn|7\n|\n|t:|1698433308\n|move|p1a: Hairy boi|Reflect|p1a: Hairy boi\n|-sidestart|p1: Inciname|Reflect\n|move|p2a: Vikavolt|Thunder|p1a: Hairy boi|[miss]\n|-miss|p2a: Vikavolt|p1a: Hairy boi\n|\n|upkeep\n|turn|8\n|\n|t:|1698433313\n|move|p1a: Hairy boi|Parting Shot|p2a: Vikavolt\n|-unboost|p2a: Vikavolt|atk|1\n|-unboost|p2a: Vikavolt|spa|1\n|\n|t:|1698433316\n|switch|p1a: Music boi|Kommo-o, M|100\/100|[from] Parting Shot\n|-activate|p1a: Music boi|move: Sticky Web\n|-unboost|p1a: Music boi|spe|1\n|move|p2a: Vikavolt|Thunder|p1a: Music boi\n|-resisted|p1a: Music boi\n|-damage|p1a: Music boi|87\/100\n|\n|upkeep\n|turn|9\n|\n|t:|1698433325\n|move|p1a: Music boi|Clangorous Soul|p1a: Music boi\n|-boost|p1a: Music boi|atk|1\n|-boost|p1a: Music boi|def|1\n|-boost|p1a: Music boi|spa|1\n|-boost|p1a: Music boi|spd|1\n|-boost|p1a: Music boi|spe|1\n|-damage|p1a: Music boi|54\/100\n|move|p2a: Vikavolt|Thunder|p1a: Music boi|[miss]\n|-miss|p2a: Vikavolt|p1a: Music boi\n|\n|upkeep\n|turn|10\n|\n|t:|1698433335\n|move|p1a: Music boi|Scale Shot|p2a: Vikavolt\n|-damage|p2a: Vikavolt|10\/100\n|-damage|p2a: Vikavolt|0 fnt\n|faint|p2a: Vikavolt\n|-hitcount|p2: Vikavolt|2\n|-unboost|p1a: Music boi|def|1\n|-boost|p1a: Music boi|spe|1\n|\n|upkeep\n|\n|t:|1698433345\n|switch|p2a: Yanmega|Yanmega, F, shiny|100\/100\n|turn|11\n|\n|t:|1698433353\n|move|p2a: Yanmega|Protect|p2a: Yanmega\n|-singleturn|p2a: Yanmega|Protect\n|move|p1a: Music boi|Iron Head|p2a: Yanmega\n|-activate|p2a: Yanmega|move: Protect\n|\n|-ability|p2a: Yanmega|Speed Boost|boost\n|-boost|p2a: Yanmega|spe|1\n|upkeep\n|turn|12\n|\n|t:|1698433362\n|move|p1a: Music boi|Scale Shot|p2a: Yanmega\n|-damage|p2a: Yanmega|80\/100\n|-crit|p2a: Yanmega\n|-damage|p2a: Yanmega|48\/100\n|-hitcount|p2a: Yanmega|2\n|-unboost|p1a: Music boi|def|1\n|-boost|p1a: Music boi|spe|1\n|move|p2a: Yanmega|Air Slash|p1a: Music boi\n|-supereffective|p1a: Music boi\n|-damage|p1a: Music boi|24\/100\n|-enditem|p1a: Music boi|Weakness Policy\n|-boost|p1a: Music boi|atk|2|[from] item: Weakness Policy\n|-boost|p1a: Music boi|spa|2|[from] item: Weakness Policy\n|\n|-ability|p2a: Yanmega|Speed Boost|boost\n|-boost|p2a: Yanmega|spe|1\n|upkeep\n|turn|13\n|\n|t:|1698433376\n|move|p2a: Yanmega|Protect|p2a: Yanmega\n|-singleturn|p2a: Yanmega|Protect\n|move|p1a: Music boi|Scale Shot|p2a: Yanmega\n|-activate|p2a: Yanmega|move: Protect\n|\n|-sideend|p1: Inciname|move: Light Screen\n|-ability|p2a: Yanmega|Speed Boost|boost\n|-boost|p2a: Yanmega|spe|1\n|upkeep\n|turn|14\n|\n|t:|1698433385\n|move|p2a: Yanmega|Air Slash|p1a: Music boi\n|-supereffective|p1a: Music boi\n|-damage|p1a: Music boi|0 fnt\n|faint|p1a: Music boi\n|\n|-sideend|p1: Inciname|Reflect\n|-ability|p2a: Yanmega|Speed Boost|boost\n|-boost|p2a: Yanmega|spe|1\n|upkeep\n|\n|t:|1698433390\n|switch|p1a: You|Ditto|100\/100\n|-activate|p1a: You|move: Sticky Web\n|-unboost|p1a: You|spe|1\n|-transform|p1a: You|p2a: Yanmega|[from] ability: Imposter\n|turn|15\n|\n|t:|1698433398\n|move|p1a: You|Air Slash|p2a: Yanmega\n|-supereffective|p2a: Yanmega\n|-damage|p2a: Yanmega|0 fnt\n|faint|p2a: Yanmega\n|\n|-ability|p1a: You|Speed Boost|boost\n|-boost|p1a: You|spe|1\n|upkeep\n|\n|t:|1698433408\n|switch|p2a: Kommo-o|Kommo-o, M|100\/100\n|-activate|p2a: Kommo-o|move: Sticky Web\n|-unboost|p2a: Kommo-o|spe|1\n|turn|16\n|\n|t:|1698433413\n|-terastallize|p2a: Kommo-o|Steel\n|move|p1a: You|Air Slash|p2a: Kommo-o\n|-resisted|p2a: Kommo-o\n|-damage|p2a: Kommo-o|83\/100\n|cant|p2a: Kommo-o|flinch\n|\n|-heal|p2a: Kommo-o|89\/100|[from] item: Leftovers\n|-ability|p1a: You|Speed Boost|boost\n|-boost|p1a: You|spe|1\n|upkeep\n|turn|17\n|\n|t:|1698433423\n|move|p1a: You|Air Slash|p2a: Kommo-o\n|-resisted|p2a: Kommo-o\n|-damage|p2a: Kommo-o|69\/100\n|move|p2a: Kommo-o|Clangorous Soul|p2a: Kommo-o\n|-boost|p2a: Kommo-o|atk|1\n|-boost|p2a: Kommo-o|def|1\n|-boost|p2a: Kommo-o|spa|1\n|-boost|p2a: Kommo-o|spd|1\n|-boost|p2a: Kommo-o|spe|1\n|-damage|p2a: Kommo-o|37\/100\n|\n|-heal|p2a: Kommo-o|43\/100|[from] item: Leftovers\n|upkeep\n|turn|18\n|\n|t:|1698433435\n|move|p1a: You|Air Slash|p2a: Kommo-o\n|-resisted|p2a: Kommo-o\n|-damage|p2a: Kommo-o|31\/100\n|move|p2a: Kommo-o|Drain Punch|p1a: You\n|-resisted|p1a: You\n|-damage|p1a: You|83\/100\n|-heal|p2a: Kommo-o|38\/100|[from] drain|[of] p1a: You\n|\n|-heal|p2a: Kommo-o|45\/100|[from] item: Leftovers\n|upkeep\n|turn|19\n|\n|t:|1698433446\n|move|p1a: You|Air Slash|p2a: Kommo-o\n|-resisted|p2a: Kommo-o\n|-crit|p2a: Kommo-o\n|-damage|p2a: Kommo-o|19\/100\n|move|p2a: Kommo-o|Drain Punch|p1a: You\n|-resisted|p1a: You\n|-damage|p1a: You|64\/100\n|-heal|p2a: Kommo-o|27\/100|[from] drain|[of] p1a: You\n|\n|-heal|p2a: Kommo-o|33\/100|[from] item: Leftovers\n|upkeep\n|turn|20\n|\n|t:|1698433458\n|switch|p1a: Hairy boi|Grimmsnarl, M|73\/100\n|-activate|p1a: Hairy boi|move: Sticky Web\n|-unboost|p1a: Hairy boi|spe|1\n|move|p2a: Kommo-o|Drain Punch|p1a: Hairy boi\n|-crit|p1a: Hairy boi\n|-damage|p1a: Hairy boi|0 fnt\n|-heal|p2a: Kommo-o|73\/100|[from] drain|[of] p1a: Hairy boi\n|faint|p1a: Hairy boi\n|\n|-heal|p2a: Kommo-o|80\/100|[from] item: Leftovers\n|upkeep\n|\n|t:|1698433466\n|switch|p1a: You|Ditto|64\/100\n|-activate|p1a: You|move: Sticky Web\n|-unboost|p1a: You|spe|1\n|-transform|p1a: You|p2a: Kommo-o|[from] ability: Imposter\n|-start|p1a: You|typechange|Dragon\/Fighting|[silent]\n|turn|21\n|\n|t:|1698433475\n|move|p1a: You|Drain Punch|p2a: Kommo-o\n|-supereffective|p2a: Kommo-o\n|-damage|p2a: Kommo-o|21\/100\n|-heal|p1a: You|98\/100|[from] drain|[of] p2a: Kommo-o\n|move|p2a: Kommo-o|Outrage|p1a: You\n|-supereffective|p1a: You\n|-damage|p1a: You|0 fnt\n|faint|p1a: You\n|\n|-heal|p2a: Kommo-o|28\/100|[from] item: Leftovers\n|upkeep\n|\n|t:|1698433483\n|switch|p1a: PlzDontRagequit|Umbreon, F|100\/100\n|-activate|p1a: PlzDontRagequit|move: Sticky Web\n|-unboost|p1a: PlzDontRagequit|spe|1\n|turn|22\n|\n|t:|1698433491\n|move|p2a: Kommo-o|Outrage|p1a: PlzDontRagequit|[from]lockedmove\n|-damage|p1a: PlzDontRagequit|33\/100\n|-start|p2a: Kommo-o|confusion|[fatigue]\n|move|p1a: PlzDontRagequit|Wish|p1a: PlzDontRagequit\n|\n|-heal|p2a: Kommo-o|34\/100|[from] item: Leftovers\n|-heal|p1a: PlzDontRagequit|40\/100|[from] item: Leftovers\n|upkeep\n|turn|23\n|c|\u2606Inciname|Welp\n|c|\u2606Inciname|gg\n|\n|t:|1698433500\n|-activate|p2a: Kommo-o|confusion\n|move|p2a: Kommo-o|Drain Punch|p1a: PlzDontRagequit\n|-supereffective|p1a: PlzDontRagequit\n|-damage|p1a: PlzDontRagequit|0 fnt\n|-heal|p2a: Kommo-o|56\/100|[from] drain|[of] p1a: PlzDontRagequit\n|faint|p1a: PlzDontRagequit\n|\n|win|Blake-Mamba\n|raw|Inciname's rating: 1154 &rarr; <strong>1134<\/strong><br \/>(-20 for losing)\n|raw|Blake-Mamba's rating: 1222 &rarr; <strong>1242<\/strong><br \/>(+20 for winning)\n|c|\u2606Blake-Mamba|Gg\n","uploadtime":1698433516,"views":10,"p1id":"inciname","p2id":"blakemamba","formatid":"gen9ubers","rating":1134,"private":0,"password":""}