{"id":"gen9ubers-1990616573","p1":"Wild Dragon Fire","p2":"Jade34","format":"[Gen 9] Ubers","log":"|j|\u2606Wild Dragon Fire\n|j|\u2606Jade34\n|t:|1699986019\n|gametype|singles\n|player|p1|Wild Dragon Fire|2|1092\n|player|p2|Jade34|benga|1000\n|teamsize|p1|6\n|teamsize|p2|6\n|gen|9\n|tier|[Gen 9] Ubers\n|rated|\n|rule|Sleep Clause Mod: Limit one foe put to sleep\n|rule|Species Clause: Limit one of each Pok\u00e9mon\n|rule|OHKO Clause: OHKO moves are banned\n|rule|Evasion Items Clause: Evasion items are banned\n|rule|Evasion Moves Clause: Evasion moves are banned\n|rule|Endless Battle Clause: Forcing endless battles is banned\n|rule|HP Percentage Mod: HP is shown in percentages\n|clearpoke\n|poke|p1|Gliscor, F|\n|poke|p1|Zacian-*|\n|poke|p1|Palkia-Origin|\n|poke|p1|Zamazenta-*|\n|poke|p1|Kyogre|\n|poke|p1|Rayquaza|\n|poke|p2|Ceruledge, F|\n|poke|p2|Darkrai|\n|poke|p2|Iron Bundle|\n|poke|p2|Ursaluna-Bloodmoon, M|\n|poke|p2|Tornadus, M|\n|poke|p2|Magearna|\n|teampreview\n|inactive|Battle timer is ON: inactive players will automatically lose when time's up. (requested by Jade34)\n|\n|t:|1699986025\n|start\n|switch|p1a: Gliscor|Gliscor, F|100\/100\n|switch|p2a: Darkrai|Darkrai|100\/100\n|turn|1\n|\n|t:|1699986039\n|switch|p1a: Zacian|Zacian-Crowned|100\/100\n|-ability|p1a: Zacian|Intrepid Sword|boost\n|-boost|p1a: Zacian|atk|1\n|move|p2a: Darkrai|Hypnosis|p1a: Zacian\n|-status|p1a: Zacian|slp|[from] move: Hypnosis\n|\n|-damage|p1a: Zacian|88\/100 slp|[from] ability: Bad Dreams|[of] p2a: Darkrai\n|upkeep\n|turn|2\n|\n|t:|1699986059\n|switch|p2a: Ursaluna|Ursaluna-Bloodmoon, M|100\/100\n|cant|p1a: Zacian|slp\n|\n|upkeep\n|turn|3\n|\n|t:|1699986068\n|cant|p1a: Zacian|slp\n|move|p2a: Ursaluna|Earth Power|p1a: Zacian\n|-supereffective|p1a: Zacian\n|-damage|p1a: Zacian|0 fnt\n|faint|p1a: Zacian\n|\n|upkeep\n|\n|t:|1699986076\n|switch|p1a: Palkia|Palkia-Origin|100\/100\n|-ability|p1a: Palkia|Pressure\n|turn|4\n|\n|t:|1699986089\n|switch|p2a: Darkrai|Darkrai|100\/100\n|move|p1a: Palkia|Hydro Pump|p2a: Darkrai\n|-damage|p2a: Darkrai|16\/100\n|-enditem|p2a: Darkrai|Aguav Berry|[eat]\n|-heal|p2a: Darkrai|49\/100|[from] item: Aguav Berry\n|\n|upkeep\n|turn|5\n|\n|t:|1699986099\n|switch|p1a: Zamazenta|Zamazenta-Crowned|100\/100\n|-ability|p1a: Zamazenta|Dauntless Shield|boost\n|-boost|p1a: Zamazenta|def|1\n|move|p2a: Darkrai|Foul Play|p1a: Zamazenta\n|-resisted|p1a: Zamazenta\n|-damage|p1a: Zamazenta|89\/100\n|\n|upkeep\n|turn|6\n|\n|t:|1699986110\n|move|p2a: Darkrai|Protect|p2a: Darkrai\n|-singleturn|p2a: Darkrai|Protect\n|move|p1a: Zamazenta|Iron Defense|p1a: Zamazenta\n|-boost|p1a: Zamazenta|def|2\n|\n|upkeep\n|turn|7\n|\n|t:|1699986116\n|move|p2a: Darkrai|Hypnosis|p1a: Zamazenta\n|-status|p1a: Zamazenta|slp|[from] move: Hypnosis\n|cant|p1a: Zamazenta|slp\n|\n|-damage|p1a: Zamazenta|77\/100 slp|[from] ability: Bad Dreams|[of] p2a: Darkrai\n|upkeep\n|turn|8\n|\n|t:|1699986123\n|switch|p2a: Ursaluna|Ursaluna-Bloodmoon, M|100\/100\n|cant|p1a: Zamazenta|slp\n|\n|upkeep\n|turn|9\n|\n|t:|1699986128\n|cant|p1a: Zamazenta|slp\n|move|p2a: Ursaluna|Earth Power|p1a: Zamazenta\n|-supereffective|p1a: Zamazenta\n|-damage|p1a: Zamazenta|5\/100 slp\n|\n|upkeep\n|turn|10\n|\n|t:|1699986136\n|-curestatus|p1a: Zamazenta|slp|[msg]\n|move|p1a: Zamazenta|Body Press|p2a: Ursaluna\n|-supereffective|p2a: Ursaluna\n|-damage|p2a: Ursaluna|0 fnt\n|-damage|p1a: Zamazenta|0 fnt|[from] item: Rocky Helmet|[of] p2a: Ursaluna\n|faint|p2a: Ursaluna\n|faint|p1a: Zamazenta\n|\n|upkeep\n|\n|t:|1699986151\n|switch|p1a: Gliscor|Gliscor, F|100\/100\n|switch|p2a: Magearna|Magearna|100\/100\n|turn|11\n|\n|t:|1699986159\n|move|p1a: Gliscor|Swords Dance|p1a: Gliscor\n|-boost|p1a: Gliscor|atk|2\n|move|p2a: Magearna|Thunder Wave|p1a: Gliscor\n|-immune|p1a: Gliscor\n|\n|-status|p1a: Gliscor|tox|[from] item: Toxic Orb\n|upkeep\n|turn|12\n|\n|t:|1699986174\n|switch|p2a: Iron Bundle|Iron Bundle|100\/100\n|-enditem|p2a: Iron Bundle|Booster Energy\n|-activate|p2a: Iron Bundle|ability: Quark Drive|[fromitem]\n|-start|p2a: Iron Bundle|quarkdrivespe\n|-terastallize|p1a: Gliscor|Steel\n|move|p1a: Gliscor|Earthquake|p2a: Iron Bundle\n|-damage|p2a: Iron Bundle|0 fnt\n|faint|p2a: Iron Bundle\n|-end|p2a: Iron Bundle|Quark Drive|[silent]\n|\n|upkeep\n|\n|t:|1699986185\n|switch|p2a: Ceruledge|Ceruledge, F|100\/100\n|turn|13\n|\n|t:|1699986193\n|move|p1a: Gliscor|Earthquake|p2a: Ceruledge\n|-supereffective|p2a: Ceruledge\n|-damage|p2a: Ceruledge|0 fnt\n|faint|p2a: Ceruledge\n|\n|upkeep\n|\n|t:|1699986198\n|switch|p2a: Darkrai|Darkrai|49\/100\n|turn|14\n|\n|t:|1699986206\n|move|p2a: Darkrai|Hypnosis||[still]\n|-fail|p2a: Darkrai\n|move|p1a: Gliscor|Earthquake|p2a: Darkrai\n|-damage|p2a: Darkrai|0 fnt\n|faint|p2a: Darkrai\n|\n|upkeep\n|\n|t:|1699986213\n|switch|p2a: Tornadus|Tornadus, M|100\/100\n|turn|15\n|\n|t:|1699986221\n|move|p2a: Tornadus|Hurricane|p1a: Gliscor\n|-resisted|p1a: Gliscor\n|-damage|p1a: Gliscor|59\/100 tox\n|move|p1a: Gliscor|Facade|p2a: Tornadus\n|-damage|p2a: Tornadus|0 fnt\n|faint|p2a: Tornadus\n|\n|-heal|p1a: Gliscor|72\/100 tox|[from] ability: Poison Heal\n|upkeep\n|\n|t:|1699986230\n|switch|p2a: Magearna|Magearna|100\/100\n|turn|16\n|c|\u2606Jade34|ggwp\n|\n|t:|1699986241\n|move|p1a: Gliscor|Earthquake|p2a: Magearna\n|-supereffective|p2a: Magearna\n|-damage|p2a: Magearna|0 fnt\n|faint|p2a: Magearna\n|\n|win|Wild Dragon Fire\n|raw|Wild Dragon Fire's rating: 1092 &rarr; <strong>1111<\/strong><br \/>(+19 for winning)\n|raw|Jade34's rating: 1000 &rarr; <strong>1000<\/strong><br \/>(+0 for losing)\n|l|\u2606Jade34\n","uploadtime":1699986250,"views":16,"p1id":"wilddragonfire","p2id":"jade34","formatid":"gen9ubers","rating":1000,"private":0,"password":""}