{"id":"gen9ubers-1996121789","p1":"jacothaptrllr","p2":"susni66a","format":"[Gen 9] Ubers","log":"|j|\u2606jacothaptrllr\n|j|\u2606susni66a\n|t:|1700647447\n|gametype|singles\n|player|p1|jacothaptrllr|chuck|1134\n|player|p2|susni66a|265|1129\n|teamsize|p1|6\n|teamsize|p2|3\n|gen|9\n|tier|[Gen 9] Ubers\n|rated|\n|rule|Sleep Clause Mod: Limit one foe put to sleep\n|rule|Species Clause: Limit one of each Pok\u00e9mon\n|rule|OHKO Clause: OHKO moves are banned\n|rule|Evasion Items Clause: Evasion items are banned\n|rule|Evasion Moves Clause: Evasion moves are banned\n|rule|Endless Battle Clause: Forcing endless battles is banned\n|rule|HP Percentage Mod: HP is shown in percentages\n|clearpoke\n|poke|p1|Flutter Mane|\n|poke|p1|Miraidon|\n|poke|p1|Kyogre|\n|poke|p1|Skeledirge, F|\n|poke|p1|Chien-Pao|\n|poke|p1|Sneasler, F|\n|poke|p2|Espathra, F|\n|poke|p2|Orthworm, F|\n|poke|p2|Cyclizar, F|\n|teampreview\n|inactive|Battle timer is ON: inactive players will automatically lose when time's up. (requested by jacothaptrllr)\n|\n|t:|1700647458\n|start\n|switch|p1a: eepy babi|Flutter Mane|100\/100\n|switch|p2a: Cyclizar|Cyclizar, F|100\/100\n|-enditem|p1a: eepy babi|Booster Energy\n|-activate|p1a: eepy babi|ability: Protosynthesis|[fromitem]\n|-start|p1a: eepy babi|protosynthesisspe\n|turn|1\n|\n|t:|1700647466\n|move|p1a: eepy babi|Taunt|p2a: Cyclizar\n|-start|p2a: Cyclizar|move: Taunt\n|cant|p2a: Cyclizar|move: Taunt|Shed Tail\n|\n|upkeep\n|turn|2\n|\n|t:|1700647473\n|switch|p2a: Orthworm|Orthworm, F|100\/100\n|move|p1a: eepy babi|Calm Mind|p1a: eepy babi\n|-boost|p1a: eepy babi|spa|1\n|-boost|p1a: eepy babi|spd|1\n|\n|upkeep\n|turn|3\n|\n|t:|1700647480\n|move|p1a: eepy babi|Taunt|p2a: Orthworm\n|-start|p2a: Orthworm|move: Taunt\n|cant|p2a: Orthworm|move: Taunt|Shed Tail\n|\n|upkeep\n|turn|4\n|\n|t:|1700647493\n|-terastallize|p1a: eepy babi|Normal\n|move|p1a: eepy babi|Calm Mind|p1a: eepy babi\n|-boost|p1a: eepy babi|spa|1\n|-boost|p1a: eepy babi|spd|1\n|move|p2a: Orthworm|Heavy Slam|p1a: eepy babi\n|-damage|p1a: eepy babi|26\/100\n|\n|upkeep\n|turn|5\n|\n|t:|1700647511\n|move|p1a: eepy babi|Moonblast|p2a: Orthworm\n|-resisted|p2a: Orthworm\n|-damage|p2a: Orthworm|31\/100\n|-enditem|p2a: Orthworm|Sitrus Berry|[eat]\n|-heal|p2a: Orthworm|56\/100|[from] item: Sitrus Berry\n|move|p2a: Orthworm|Body Press|p1a: eepy babi\n|-supereffective|p1a: eepy babi\n|-damage|p1a: eepy babi|0 fnt\n|faint|p1a: eepy babi\n|-end|p1a: eepy babi|Protosynthesis|[silent]\n|\n|-end|p2a: Orthworm|move: Taunt\n|upkeep\n|\n|t:|1700647523\n|switch|p1a: Sitchin|Kyogre|100\/100\n|-weather|RainDance|[from] ability: Drizzle|[of] p1a: Sitchin\n|turn|6\n|inactive|susni66a has 120 seconds left.\n|\n|t:|1700647554\n|move|p1a: Sitchin|Water Spout|p2a: Orthworm\n|-damage|p2a: Orthworm|0 fnt\n|faint|p2a: Orthworm\n|\n|-weather|RainDance|[upkeep]\n|upkeep\n|inactive|susni66a has 120 seconds left.\n|\n|t:|1700647562\n|switch|p2a: Cyclizar|Cyclizar, F|100\/100\n|turn|7\n|\n|t:|1700647567\n|switch|p1a: Graham Hancock|Skeledirge, F|100\/100\n|move|p2a: Cyclizar|Shed Tail|p2a: Cyclizar\n|-start|p2a: Cyclizar|Substitute|[from] move: Shed Tail\n|-damage|p2a: Cyclizar|50\/100\n|-enditem|p2a: Cyclizar|Sitrus Berry|[eat]\n|-heal|p2a: Cyclizar|75\/100|[from] item: Sitrus Berry\n|\n|t:|1700647574\n|switch|p2a: Espathra|Espathra, F|100\/100|[from] Shed Tail\n|\n|-weather|RainDance|[upkeep]\n|upkeep\n|turn|8\n|\n|t:|1700647583\n|move|p2a: Espathra|Calm Mind|p2a: Espathra\n|-boost|p2a: Espathra|spa|1\n|-boost|p2a: Espathra|spd|1\n|move|p1a: Graham Hancock|Shadow Ball|p2a: Espathra\n|-supereffective|p2a: Espathra\n|-end|p2a: Espathra|Substitute\n|\n|-weather|RainDance|[upkeep]\n|-ability|p2a: Espathra|Speed Boost|boost\n|-boost|p2a: Espathra|spe|1\n|upkeep\n|turn|9\n|\n|t:|1700647595\n|-terastallize|p2a: Espathra|Steel\n|move|p2a: Espathra|Calm Mind|p2a: Espathra\n|-boost|p2a: Espathra|spa|1\n|-boost|p2a: Espathra|spd|1\n|move|p1a: Graham Hancock|Shadow Ball|p2a: Espathra\n|-damage|p2a: Espathra|16\/100\n|-unboost|p2a: Espathra|spd|1\n|\n|-weather|RainDance|[upkeep]\n|-heal|p2a: Espathra|23\/100|[from] item: Leftovers\n|-ability|p2a: Espathra|Speed Boost|boost\n|-boost|p2a: Espathra|spe|1\n|upkeep\n|turn|10\n|\n|t:|1700647612\n|move|p2a: Espathra|Dazzling Gleam|p1a: Graham Hancock\n|-resisted|p1a: Graham Hancock\n|-damage|p1a: Graham Hancock|89\/100\n|move|p1a: Graham Hancock|Shadow Ball|p2a: Espathra\n|-damage|p2a: Espathra|0 fnt\n|faint|p2a: Espathra\n|\n|-weather|none\n|upkeep\n|-message|susni66a forfeited.\n|\n|win|jacothaptrllr\n|raw|jacothaptrllr's rating: 1134 &rarr; <strong>1159<\/strong><br \/>(+25 for winning)\n|raw|susni66a's rating: 1129 &rarr; <strong>1104<\/strong><br \/>(-25 for losing)\n|l|\u2606susni66a\n|c|\u2606jacothaptrllr|was that the Strat here\n","uploadtime":1700647628,"views":0,"p1id":"jacothaptrllr","p2id":"susni66a","formatid":"gen9ubers","rating":1104,"private":0,"password":""}