{"id":"gen9ubers-1986377025","p1":"ApexEliminator","p2":"RUMYMOME","format":"[Gen 9] Ubers","log":"|j|\u2606ApexEliminator\n|j|\u2606RUMYMOME\n|inactive|Battle timer is ON: inactive players will automatically lose when time's up.\n|t:|1699473715\n|gametype|singles\n|player|p1|ApexEliminator|2|\n|player|p2|RUMYMOME|marshal|\n|teamsize|p1|6\n|teamsize|p2|6\n|gen|9\n|tier|[Gen 9] Ubers\n|rated|Tournament battle\n|rule|Sleep Clause Mod: Limit one foe put to sleep\n|rule|Species Clause: Limit one of each Pok\u00e9mon\n|rule|OHKO Clause: OHKO moves are banned\n|rule|Evasion Items Clause: Evasion items are banned\n|rule|Evasion Moves Clause: Evasion moves are banned\n|rule|Endless Battle Clause: Forcing endless battles is banned\n|rule|HP Percentage Mod: HP is shown in percentages\n|clearpoke\n|poke|p1|Koraidon|\n|poke|p1|Walking Wake|\n|poke|p1|Miraidon|\n|poke|p1|Dialga-Origin|\n|poke|p1|Eternatus|\n|poke|p1|Giratina|\n|poke|p2|Miraidon|\n|poke|p2|Koraidon|\n|poke|p2|Baxcalibur, M|\n|poke|p2|Roaring Moon|\n|poke|p2|Dragonite, M|\n|poke|p2|Dragapult, M|\n|teampreview\n|j|*Lady Monita \u263d\n|\n|t:|1699473724\n|start\n|switch|p1a: Dialga|Dialga-Origin|100\/100\n|switch|p2a: Roaring Moon|Roaring Moon|100\/100\n|-ability|p1a: Dialga|Pressure\n|turn|1\n|\n|t:|1699473739\n|move|p2a: Roaring Moon|Scale Shot|p1a: Dialga\n|-damage|p1a: Dialga|89\/100\n|-damage|p1a: Dialga|77\/100\n|-damage|p1a: Dialga|66\/100\n|-damage|p1a: Dialga|55\/100\n|-damage|p1a: Dialga|45\/100\n|-hitcount|p1a: Dialga|5\n|-unboost|p2a: Roaring Moon|def|1\n|-boost|p2a: Roaring Moon|spe|1\n|move|p1a: Dialga|Stealth Rock|p2a: Roaring Moon\n|-sidestart|p2: RUMYMOME|move: Stealth Rock\n|\n|upkeep\n|turn|2\n|\n|t:|1699473746\n|move|p2a: Roaring Moon|Earthquake|p1a: Dialga\n|-supereffective|p1a: Dialga\n|-damage|p1a: Dialga|0 fnt\n|faint|p1a: Dialga\n|\n|upkeep\n|\n|t:|1699473764\n|switch|p1a: Giratina|Giratina|100\/100\n|-ability|p1a: Giratina|Pressure\n|turn|3\n|\n|t:|1699473775\n|-terastallize|p1a: Giratina|Steel\n|move|p2a: Roaring Moon|Dragon Dance|p2a: Roaring Moon\n|-boost|p2a: Roaring Moon|atk|1\n|-boost|p2a: Roaring Moon|spe|1\n|move|p1a: Giratina|Will-O-Wisp|p2a: Roaring Moon\n|-status|p2a: Roaring Moon|brn\n|\n|-damage|p2a: Roaring Moon|94\/100 brn|[from] brn\n|upkeep\n|turn|4\n|\n|t:|1699473781\n|move|p2a: Roaring Moon|Dragon Dance|p2a: Roaring Moon\n|-boost|p2a: Roaring Moon|atk|1\n|-boost|p2a: Roaring Moon|spe|1\n|move|p1a: Giratina|Hex|p2a: Roaring Moon\n|-resisted|p2a: Roaring Moon\n|-damage|p2a: Roaring Moon|72\/100 brn\n|\n|-damage|p2a: Roaring Moon|66\/100 brn|[from] brn\n|upkeep\n|turn|5\n|\n|t:|1699473794\n|move|p2a: Roaring Moon|Earthquake|p1a: Giratina\n|-supereffective|p1a: Giratina\n|-damage|p1a: Giratina|58\/100\n|move|p1a: Giratina|Hex|p2a: Roaring Moon\n|-resisted|p2a: Roaring Moon\n|-damage|p2a: Roaring Moon|43\/100 brn\n|\n|-heal|p1a: Giratina|64\/100|[from] item: Leftovers\n|-damage|p2a: Roaring Moon|36\/100 brn|[from] brn\n|upkeep\n|turn|6\n|\n|t:|1699473797\n|move|p1a: Giratina|Protect|p1a: Giratina\n|-singleturn|p1a: Giratina|Protect\n|move|p2a: Roaring Moon|Earthquake|p1a: Giratina\n|-activate|p1a: Giratina|move: Protect\n|\n|-heal|p1a: Giratina|70\/100|[from] item: Leftovers\n|-damage|p2a: Roaring Moon|30\/100 brn|[from] brn\n|upkeep\n|turn|7\n|\n|t:|1699473800\n|move|p2a: Roaring Moon|Earthquake|p1a: Giratina\n|-supereffective|p1a: Giratina\n|-damage|p1a: Giratina|20\/100\n|move|p1a: Giratina|Hex|p2a: Roaring Moon\n|-resisted|p2a: Roaring Moon\n|-damage|p2a: Roaring Moon|7\/100 brn\n|\n|-heal|p1a: Giratina|26\/100|[from] item: Leftovers\n|-damage|p2a: Roaring Moon|1\/100 brn|[from] brn\n|upkeep\n|turn|8\n|j| Lilac2\n|\n|t:|1699473807\n|move|p1a: Giratina|Protect|p1a: Giratina\n|-singleturn|p1a: Giratina|Protect\n|move|p2a: Roaring Moon|Scale Shot|p1a: Giratina\n|-activate|p1a: Giratina|move: Protect\n|\n|-heal|p1a: Giratina|33\/100|[from] item: Leftovers\n|-damage|p2a: Roaring Moon|0 fnt|[from] brn\n|faint|p2a: Roaring Moon\n|-end|p2a: Roaring Moon|Protosynthesis|[silent]\n|upkeep\n|\n|t:|1699473810\n|switch|p2a: Koraidon|Koraidon|100\/100\n|-damage|p2a: Koraidon|94\/100|[from] Stealth Rock\n|-weather|SunnyDay|[from] ability: Orichalcum Pulse|[of] p2a: Koraidon\n|-activate|p2a: Koraidon|Orichalcum Pulse|[source]\n|turn|9\n|\n|t:|1699473824\n|move|p1a: Giratina|Protect||[still]\n|-fail|p1a: Giratina\n|move|p2a: Koraidon|Flame Charge|p1a: Giratina\n|-supereffective|p1a: Giratina\n|-damage|p1a: Giratina|0 fnt\n|-boost|p2a: Koraidon|spe|1\n|faint|p1a: Giratina\n|\n|-weather|SunnyDay|[upkeep]\n|upkeep\n|\n|t:|1699473827\n|switch|p1a: Eternatus|Eternatus|100\/100\n|-ability|p1a: Eternatus|Pressure\n|turn|10\n|\n|t:|1699473830\n|move|p2a: Koraidon|Dragon Claw|p1a: Eternatus\n|-supereffective|p1a: Eternatus\n|-damage|p1a: Eternatus|5\/100\n|move|p1a: Eternatus|Dynamax Cannon|p2a: Koraidon\n|-supereffective|p2a: Koraidon\n|-damage|p2a: Koraidon|0 fnt\n|faint|p2a: Koraidon\n|-damage|p1a: Eternatus|0 fnt|[from] item: Life Orb\n|faint|p1a: Eternatus\n|\n|-weather|SunnyDay|[upkeep]\n|upkeep\n|l| Lilac2\n|\n|t:|1699473845\n|switch|p2a: Dragonite|Dragonite, M|100\/100\n|switch|p1a: Walking Wake|Walking Wake|100\/100\n|-activate|p1a: Walking Wake|ability: Protosynthesis\n|-start|p1a: Walking Wake|protosynthesisspe\n|turn|11\n|\n|t:|1699473859\n|move|p1a: Walking Wake|Draco Meteor|p2a: Dragonite\n|-supereffective|p2a: Dragonite\n|-damage|p2a: Dragonite|0 fnt\n|-unboost|p1a: Walking Wake|spa|2\n|faint|p2a: Dragonite\n|\n|-weather|SunnyDay|[upkeep]\n|upkeep\n|\n|t:|1699473868\n|switch|p2a: Dragapult|Dragapult, M|100\/100\n|-damage|p2a: Dragapult|88\/100|[from] Stealth Rock\n|turn|12\n|\n|t:|1699473877\n|-end|p1a: Walking Wake|Protosynthesis|[silent]\n|switch|p1a: Miraidon|Miraidon|100\/100\n|-fieldstart|move: Electric Terrain|[from] ability: Hadron Engine|[of] p1a: Miraidon\n|-terastallize|p2a: Dragapult|Fairy\n|move|p2a: Dragapult|Dragon Dance|p2a: Dragapult\n|-boost|p2a: Dragapult|atk|1\n|-boost|p2a: Dragapult|spe|1\n|\n|-weather|SunnyDay|[upkeep]\n|upkeep\n|turn|13\n|\n|t:|1699473881\n|move|p2a: Dragapult|Dragon Darts|p1a: Miraidon\n|-supereffective|p1a: Miraidon\n|-damage|p1a: Miraidon|31\/100\n|-anim|p2a: Dragapult|Dragon Darts|p1a: Miraidon\n|-supereffective|p1a: Miraidon\n|-damage|p1a: Miraidon|0 fnt\n|faint|p1a: Miraidon\n|\n|-weather|none\n|upkeep\n|\n|t:|1699473886\n|switch|p1a: Koraidon|Koraidon|100\/100\n|-weather|SunnyDay|[from] ability: Orichalcum Pulse|[of] p1a: Koraidon\n|-activate|p1a: Koraidon|Orichalcum Pulse|[source]\n|turn|14\n|\n|t:|1699473899\n|move|p2a: Dragapult|Dragon Darts|p1a: Koraidon\n|-supereffective|p1a: Koraidon\n|-damage|p1a: Koraidon|37\/100\n|-anim|p2a: Dragapult|Dragon Darts|p1a: Koraidon\n|-supereffective|p1a: Koraidon\n|-damage|p1a: Koraidon|0 fnt\n|faint|p1a: Koraidon\n|\n|-weather|SunnyDay|[upkeep]\n|upkeep\n|\n|t:|1699473903\n|switch|p1a: Walking Wake|Walking Wake|100\/100\n|-activate|p1a: Walking Wake|ability: Protosynthesis\n|-start|p1a: Walking Wake|protosynthesisspe\n|turn|15\n|\n|t:|1699473911\n|move|p2a: Dragapult|Dragon Darts|p1a: Walking Wake\n|-supereffective|p1a: Walking Wake\n|-damage|p1a: Walking Wake|21\/100\n|-anim|p2a: Dragapult|Dragon Darts|p1a: Walking Wake\n|-supereffective|p1a: Walking Wake\n|-damage|p1a: Walking Wake|0 fnt\n|faint|p1a: Walking Wake\n|-end|p1a: Walking Wake|Protosynthesis|[silent]\n|\n|win|RUMYMOME\n|n|\u2606ApexEliminator|apexeliminator\n|n|\u2606RUMYMOME|rumymome\n|n|*Lady Monita \u263d|ladymonita\n","uploadtime":1699473912,"views":4,"p1id":"apexeliminator","p2id":"rumymome","formatid":"gen9ubers","rating":0,"private":0,"password":""}