{"id":"gen9ubers-1998945221","p1":"Mini Dee","p2":"Great_Eon","format":"[Gen 9] Ubers","log":"|j|\u2606Mini Dee\n|j|\u2606Great_Eon\n|t:|1701016233\n|gametype|singles\n|player|p1|Mini Dee|ltsurge|\n|player|p2|Great_Eon|unknown|\n|teamsize|p1|6\n|teamsize|p2|6\n|gen|9\n|tier|[Gen 9] Ubers\n|rule|Sleep Clause Mod: Limit one foe put to sleep\n|rule|Species Clause: Limit one of each Pok\u00e9mon\n|rule|OHKO Clause: OHKO moves are banned\n|rule|Evasion Items Clause: Evasion items are banned\n|rule|Evasion Moves Clause: Evasion moves are banned\n|rule|Endless Battle Clause: Forcing endless battles is banned\n|rule|HP Percentage Mod: HP is shown in percentages\n|clearpoke\n|poke|p1|Furret, M|\n|poke|p1|Goodra-Hisui, F|\n|poke|p1|Graveler-Alola, F|\n|poke|p1|Iron Bundle|\n|poke|p1|Yanmega, M|\n|poke|p1|Basculegion, M|\n|poke|p2|Overqwil, M|\n|poke|p2|Froslass, F|\n|poke|p2|Bellibolt, M|\n|poke|p2|Gallade, M|\n|poke|p2|Skeledirge, F|\n|poke|p2|Arboliva, F|\n|teampreview\n|c|\u2606Mini Dee|Buena suerte\n|c|\u2606Great_Eon|ig\n|c|\u2606Great_Eon|gracias, igualmente\n|\n|t:|1701016271\n|start\n|switch|p1a: Furret|Furret, M, shiny|100\/100\n|switch|p2a: Overqwil|Overqwil, M|100\/100\n|-item|p2a: Overqwil|Leftovers|[from] ability: Frisk|[of] p1a: Furret|[identify]\n|-ability|p2a: Overqwil|Intimidate|boost\n|-unboost|p1a: Furret|atk|1\n|turn|1\n|\n|t:|1701016281\n|move|p1a: Furret|Super Fang|p2a: Overqwil\n|-damage|p2a: Overqwil|50\/100\n|move|p2a: Overqwil|Spikes|p1a: Furret\n|-sidestart|p1: Mini Dee|Spikes\n|\n|-heal|p2a: Overqwil|57\/100|[from] item: Leftovers\n|upkeep\n|turn|2\n|\n|t:|1701016294\n|move|p1a: Furret|Tidy Up|p1a: Furret\n|-sideend|p1: Mini Dee|Spikes\n|-activate|p1a: Furret|move: Tidy Up\n|-boost|p1a: Furret|atk|1\n|-boost|p1a: Furret|spe|1\n|move|p2a: Overqwil|Toxic|p1a: Furret\n|-status|p1a: Furret|tox\n|\n|-heal|p2a: Overqwil|63\/100|[from] item: Leftovers\n|-damage|p1a: Furret|94\/100 tox|[from] psn\n|upkeep\n|turn|3\n|\n|t:|1701016305\n|move|p1a: Furret|Facade|p2a: Overqwil\n|-damage|p2a: Overqwil|32\/100\n|move|p2a: Overqwil|Barb Barrage|p1a: Furret\n|-damage|p1a: Furret|35\/100 tox\n|\n|-heal|p2a: Overqwil|38\/100|[from] item: Leftovers\n|-damage|p1a: Furret|23\/100 tox|[from] psn\n|upkeep\n|-enditem|p1a: Furret|Aguav Berry|[eat]\n|-heal|p1a: Furret|56\/100 tox|[from] item: Aguav Berry\n|turn|4\n|\n|t:|1701016321\n|switch|p2a: Skeledirge|Skeledirge, F|100\/100\n|move|p1a: Furret|U-turn|p2a: Skeledirge\n|-resisted|p2a: Skeledirge\n|-damage|p2a: Skeledirge|98\/100\n|j| balutalol\n|\n|t:|1701016363\n|switch|p1a: Iron Bundle|Iron Bundle|100\/100|[from] U-turn\n|\n|upkeep\n|turn|5\n|j| Zapatillazo34\n|\n|t:|1701016384\n|move|p1a: Iron Bundle|Hydro Pump|p2a: Skeledirge\n|-supereffective|p2a: Skeledirge\n|-damage|p2a: Skeledirge|0 fnt\n|faint|p2a: Skeledirge\n|\n|upkeep\n|\n|t:|1701016394\n|switch|p2a: Arboliva|Arboliva, F|100\/100\n|turn|6\n|\n|t:|1701016407\n|-end|p1a: Iron Bundle|Quark Drive|[silent]\n|switch|p1a: Goodra|Goodra-Hisui, F|100\/100\n|-terastallize|p2a: Arboliva|Steel\n|move|p2a: Arboliva|Leech Seed|p1a: Goodra\n|-start|p1a: Goodra|move: Leech Seed\n|\n|-damage|p1a: Goodra|88\/100|[from] Leech Seed|[of] p2a: Arboliva\n|upkeep\n|turn|7\n|\n|t:|1701016421\n|move|p1a: Goodra|Fire Blast|p2a: Arboliva\n|-supereffective|p2a: Arboliva\n|-damage|p2a: Arboliva|52\/100\n|-status|p2a: Arboliva|brn\n|move|p2a: Arboliva|Strength Sap|p1a: Goodra\n|-unboost|p1a: Goodra|atk|1\n|-heal|p2a: Arboliva|100\/100 brn\n|\n|-damage|p1a: Goodra|76\/100|[from] Leech Seed|[of] p2a: Arboliva\n|-damage|p2a: Arboliva|94\/100 brn|[from] brn\n|upkeep\n|turn|8\n|\n|t:|1701016493\n|move|p1a: Goodra|Fire Blast|p2a: Arboliva\n|-supereffective|p2a: Arboliva\n|-damage|p2a: Arboliva|42\/100 brn\n|-enditem|p2a: Arboliva|Sitrus Berry|[eat]\n|-heal|p2a: Arboliva|67\/100 brn|[from] item: Sitrus Berry\n|move|p2a: Arboliva|Earth Power|p1a: Goodra\n|-supereffective|p1a: Goodra\n|-damage|p1a: Goodra|57\/100\n|\n|-damage|p1a: Goodra|45\/100|[from] Leech Seed|[of] p2a: Arboliva\n|-heal|p2a: Arboliva|79\/100 brn|[silent]\n|-damage|p2a: Arboliva|73\/100 brn|[from] brn\n|upkeep\n|turn|9\n|\n|t:|1701016514\n|switch|p1a: Furret|Furret, M, shiny|56\/100 tox\n|move|p2a: Arboliva|Strength Sap|p1a: Furret\n|-unboost|p1a: Furret|atk|1\n|-heal|p2a: Arboliva|100\/100 brn\n|\n|-damage|p1a: Furret|50\/100 tox|[from] psn\n|-damage|p2a: Arboliva|94\/100 brn|[from] brn\n|-item|p2a: Arboliva|Sitrus Berry|[from] ability: Harvest\n|upkeep\n|turn|10\n|\n|t:|1701016535\n|switch|p2a: Gallade|Gallade, M, shiny|100\/100\n|move|p1a: Furret|Super Fang|p2a: Gallade\n|-damage|p2a: Gallade|51\/100\n|\n|-damage|p1a: Furret|37\/100 tox|[from] psn\n|upkeep\n|turn|11\n|\n|t:|1701016561\n|move|p1a: Furret|Super Fang|p2a: Gallade\n|-damage|p2a: Gallade|26\/100\n|move|p2a: Gallade|Psycho Cut|p1a: Furret\n|-damage|p1a: Furret|0 fnt\n|faint|p1a: Furret\n|\n|upkeep\n|\n|t:|1701016591\n|switch|p1a: Yanmega|Yanmega, M, shiny|100\/100\n|turn|12\n|\n|t:|1701016607\n|switch|p2a: Bellibolt|Bellibolt, M|100\/100\n|move|p1a: Yanmega|Bug Buzz|p2a: Bellibolt\n|-damage|p2a: Bellibolt|70\/100\n|-start|p2a: Bellibolt|Charge|Bug Buzz|[from] ability: Electromorphosis\n|\n|-ability|p1a: Yanmega|Speed Boost|boost\n|-boost|p1a: Yanmega|spe|1\n|upkeep\n|turn|13\n|\n|t:|1701016638\n|switch|p1a: Graveler|Graveler-Alola, F|100\/100\n|move|p2a: Bellibolt|Charge Beam|p1a: Graveler|[miss]\n|-miss|p2a: Bellibolt|p1a: Graveler\n|-end|p2a: Bellibolt|Charge|[silent]\n|\n|upkeep\n|turn|14\n|\n|t:|1701016658\n|switch|p2a: Arboliva|Arboliva, F, tera:Steel|94\/100 brn\n|move|p1a: Graveler|Electric Terrain|p1a: Graveler\n|-fieldstart|move: Electric Terrain\n|\n|-damage|p2a: Arboliva|88\/100 brn|[from] brn\n|upkeep\n|turn|15\n|\n|t:|1701016687\n|move|p2a: Arboliva|Leech Seed|p1a: Graveler|[miss]\n|-miss|p2a: Arboliva|p1a: Graveler\n|move|p1a: Graveler|Explosion|p2a: Arboliva\n|-damage|p2a: Arboliva|0 fnt\n|faint|p1a: Graveler\n|faint|p2a: Arboliva\n|\n|upkeep\n|\n|t:|1701016723\n|switch|p2a: Overqwil|Overqwil, M|38\/100\n|switch|p1a: Iron Bundle|Iron Bundle|100\/100\n|-activate|p1a: Iron Bundle|ability: Quark Drive\n|-start|p1a: Iron Bundle|quarkdrivespe\n|-ability|p2a: Overqwil|Intimidate|boost\n|-unboost|p1a: Iron Bundle|atk|1\n|turn|16\n|\n|t:|1701016753\n|move|p1a: Iron Bundle|Freeze-Dry|p2a: Overqwil\n|-damage|p2a: Overqwil|0 fnt\n|faint|p2a: Overqwil\n|\n|upkeep\n|\n|t:|1701016760\n|switch|p2a: Froslass|Froslass, F|100\/100\n|turn|17\n|\n|t:|1701016797\n|-end|p1a: Iron Bundle|Quark Drive|[silent]\n|switch|p1a: Goodra|Goodra-Hisui, F|45\/100\n|move|p2a: Froslass|Will-O-Wisp|p1a: Goodra\n|-status|p1a: Goodra|brn\n|\n|-damage|p1a: Goodra|39\/100 brn|[from] brn\n|upkeep\n|turn|18\n|\n|t:|1701016811\n|move|p2a: Froslass|Hex|p1a: Goodra\n|-damage|p1a: Goodra|25\/100 brn\n|move|p1a: Goodra|Flash Cannon|p2a: Froslass\n|-supereffective|p2a: Froslass\n|-crit|p2a: Froslass\n|-damage|p2a: Froslass|0 fnt\n|faint|p2a: Froslass\n|\n|-damage|p1a: Goodra|19\/100 brn|[from] brn\n|-fieldend|move: Electric Terrain\n|upkeep\n|\n|t:|1701016820\n|switch|p2a: Bellibolt|Bellibolt, M|70\/100\n|turn|19\n|j| gosensia\n|\n|t:|1701016835\n|move|p1a: Goodra|Dragon Pulse|p2a: Bellibolt\n|-damage|p2a: Bellibolt|45\/100\n|-start|p2a: Bellibolt|Charge|Dragon Pulse|[from] ability: Electromorphosis\n|move|p2a: Bellibolt|Parabolic Charge|p1a: Goodra\n|-resisted|p1a: Goodra\n|-damage|p1a: Goodra|11\/100 brn\n|-heal|p2a: Bellibolt|49\/100|[from] drain|[of] p1a: Goodra\n|-end|p2a: Bellibolt|Charge|[silent]\n|\n|-damage|p1a: Goodra|5\/100 brn|[from] brn\n|upkeep\n|turn|20\n|\n|t:|1701016847\n|move|p1a: Goodra|Dragon Pulse|p2a: Bellibolt\n|-damage|p2a: Bellibolt|25\/100\n|-start|p2a: Bellibolt|Charge|Dragon Pulse|[from] ability: Electromorphosis\n|move|p2a: Bellibolt|Slack Off|p2a: Bellibolt\n|-heal|p2a: Bellibolt|75\/100\n|\n|-damage|p1a: Goodra|0 fnt|[from] brn\n|faint|p1a: Goodra\n|upkeep\n|\n|t:|1701016866\n|switch|p1a: Iron Bundle|Iron Bundle|100\/100\n|turn|21\n|\n|t:|1701016892\n|move|p1a: Iron Bundle|Freeze-Dry|p2a: Bellibolt\n|-damage|p2a: Bellibolt|41\/100\n|-start|p2a: Bellibolt|Charge|Freeze-Dry|[from] ability: Electromorphosis\n|move|p2a: Bellibolt|Parabolic Charge|p1a: Iron Bundle\n|-supereffective|p1a: Iron Bundle\n|-damage|p1a: Iron Bundle|0 fnt\n|-heal|p2a: Bellibolt|72\/100|[from] drain|[of] p1a: Iron Bundle\n|faint|p1a: Iron Bundle\n|-end|p1a: Iron Bundle|Quark Drive|[silent]\n|-end|p2a: Bellibolt|Charge|[silent]\n|\n|upkeep\n|\n|t:|1701016901\n|switch|p1a: Basculegion|Basculegion, M|100\/100\n|turn|22\n|\n|t:|1701016933\n|move|p1a: Basculegion|Last Respects|p2a: Bellibolt\n|-damage|p2a: Bellibolt|0 fnt\n|faint|p2a: Bellibolt\n|\n|upkeep\n|c| balutalol|baned\n|\n|t:|1701016938\n|switch|p2a: Gallade|Gallade, M, shiny|26\/100\n|turn|23\n|c| balutalol|no vale\n|c| balutalol|esta banned\n|c| balutalol|el last respects\n|\n|t:|1701016946\n|move|p1a: Basculegion|Last Respects|p2a: Gallade\n|-supereffective|p2a: Gallade\n|-damage|p2a: Gallade|0 fnt\n|faint|p2a: Gallade\n|\n|win|Mini Dee\n|c| balutalol|ganador boris gg\n|c| balutalol|DX\n|l| gosensia\n|c|\u2606Mini Dee|XD\n|l| Zapatillazo34\n|c|\u2606Great_Eon|\u00bf?\n","uploadtime":1701016988,"views":29,"p1id":"minidee","p2id":"greateon","formatid":"gen9ubers","rating":0,"private":0,"password":""}