{"id":"gen9ubers-1973691377","p1":"DragonPhoenix333","p2":"Sir GrandMaster","format":"[Gen 9] Ubers","log":"|j|\u2606DragonPhoenix333\n|j|\u2606Sir GrandMaster\n|inactive|Battle timer is ON: inactive players will automatically lose when time's up.\n|t:|1698003823\n|gametype|singles\n|player|p1|DragonPhoenix333|nobunaga-conquest|\n|player|p2|Sir GrandMaster|ghetsis|\n|teamsize|p1|6\n|teamsize|p2|6\n|gen|9\n|tier|[Gen 9] Ubers\n|rated|Tournament battle\n|rule|Sleep Clause Mod: Limit one foe put to sleep\n|rule|Species Clause: Limit one of each Pok\u00e9mon\n|rule|OHKO Clause: OHKO moves are banned\n|rule|Evasion Items Clause: Evasion items are banned\n|rule|Evasion Moves Clause: Evasion moves are banned\n|rule|Endless Battle Clause: Forcing endless battles is banned\n|rule|HP Percentage Mod: HP is shown in percentages\n|clearpoke\n|poke|p1|Koraidon|\n|poke|p1|Flutter Mane|\n|poke|p1|Miraidon|\n|poke|p1|Iron Bundle|\n|poke|p1|Scream Tail|\n|poke|p1|Iron Treads|\n|poke|p2|Flutter Mane|\n|poke|p2|Koraidon|\n|poke|p2|Miraidon|\n|poke|p2|Iron Bundle|\n|poke|p2|Iron Valiant|\n|poke|p2|Walking Wake|\n|teampreview\n|j|*Lady Monita \u263d\n|c|\u2606DragonPhoenix333|hf\n|\n|t:|1698003831\n|start\n|switch|p1a: Koraidon|Koraidon|100\/100\n|switch|p2a: Koraidon|Koraidon|100\/100\n|-weather|SunnyDay|[from] ability: Orichalcum Pulse|[of] p1a: Koraidon\n|-activate|p1a: Koraidon|Orichalcum Pulse|[source]\n|-activate|p2a: Koraidon|ability: Orichalcum Pulse\n|turn|1\n|c|\u2606Sir GrandMaster|gl\n|\n|t:|1698003840\n|move|p2a: Koraidon|U-turn|p1a: Koraidon\n|-resisted|p1a: Koraidon\n|-damage|p1a: Koraidon|87\/100\n|\n|t:|1698003845\n|switch|p2a: Walking Wake|Walking Wake|100\/100|[from] U-turn\n|-activate|p2a: Walking Wake|ability: Protosynthesis\n|-start|p2a: Walking Wake|protosynthesisspa\n|move|p1a: Koraidon|U-turn|p2a: Walking Wake\n|-damage|p2a: Walking Wake|67\/100\n|c|\u2606DragonPhoenix333|scarf\n|c|\u2606DragonPhoenix333|?\n|\n|t:|1698003852\n|switch|p1a: Scream Tail|Scream Tail|100\/100|[from] U-turn\n|-activate|p1a: Scream Tail|ability: Protosynthesis\n|-start|p1a: Scream Tail|protosynthesisspe\n|\n|-weather|SunnyDay|[upkeep]\n|upkeep\n|turn|2\n|\n|t:|1698003861\n|move|p1a: Scream Tail|Thunder Wave|p2a: Walking Wake\n|-status|p2a: Walking Wake|par\n|move|p2a: Walking Wake|Hydro Steam|p1a: Scream Tail\n|-damage|p1a: Scream Tail|42\/100\n|\n|-weather|SunnyDay|[upkeep]\n|-heal|p1a: Scream Tail|48\/100|[from] item: Leftovers\n|upkeep\n|turn|3\n|inactive|DragonPhoenix333 has 120 seconds left.\n|\n|t:|1698003896\n|move|p1a: Scream Tail|Encore|p2a: Walking Wake\n|-start|p2a: Walking Wake|Encore\n|move|p2a: Walking Wake|Hydro Steam|p1a: Scream Tail\n|-damage|p1a: Scream Tail|0 fnt\n|faint|p1a: Scream Tail\n|-end|p1a: Scream Tail|Protosynthesis|[silent]\n|\n|-weather|SunnyDay|[upkeep]\n|upkeep\n|\n|t:|1698003898\n|switch|p1a: Miraidon|Miraidon|100\/100\n|-fieldstart|move: Electric Terrain|[from] ability: Hadron Engine|[of] p1a: Miraidon\n|turn|4\n|inactive|Sir GrandMaster has 120 seconds left.\n|\n|t:|1698003939\n|move|p1a: Miraidon|Agility|p1a: Miraidon\n|-boost|p1a: Miraidon|spe|2\n|move|p2a: Walking Wake|Hydro Steam|p1a: Miraidon\n|-resisted|p1a: Miraidon\n|-damage|p1a: Miraidon|68\/100\n|\n|-weather|SunnyDay|[upkeep]\n|-heal|p1a: Miraidon|75\/100|[from] item: Leftovers\n|upkeep\n|turn|5\n|\n|t:|1698003945\n|move|p1a: Miraidon|Calm Mind|p1a: Miraidon\n|-boost|p1a: Miraidon|spa|1\n|-boost|p1a: Miraidon|spd|1\n|move|p2a: Walking Wake|Hydro Steam|p1a: Miraidon\n|-resisted|p1a: Miraidon\n|-damage|p1a: Miraidon|56\/100\n|\n|-weather|none\n|-end|p2a: Walking Wake|Protosynthesis\n|-heal|p1a: Miraidon|62\/100|[from] item: Leftovers\n|-end|p2a: Walking Wake|Encore\n|upkeep\n|turn|6\n|\n|t:|1698003954\n|-terastallize|p1a: Miraidon|Fairy\n|move|p1a: Miraidon|Calm Mind|p1a: Miraidon\n|-boost|p1a: Miraidon|spa|1\n|-boost|p1a: Miraidon|spd|1\n|move|p2a: Walking Wake|Hydro Steam|p1a: Miraidon\n|-damage|p1a: Miraidon|48\/100\n|\n|-heal|p1a: Miraidon|54\/100|[from] item: Leftovers\n|upkeep\n|turn|7\n|\n|t:|1698003959\n|move|p1a: Miraidon|Parabolic Charge|p2a: Walking Wake\n|-damage|p2a: Walking Wake|0 fnt\n|-heal|p1a: Miraidon|82\/100|[from] drain|[of] p2a: Walking Wake\n|faint|p2a: Walking Wake\n|-end|p2a: Walking Wake|Protosynthesis|[silent]\n|\n|-heal|p1a: Miraidon|88\/100|[from] item: Leftovers\n|upkeep\n|\n|t:|1698003973\n|switch|p2a: Iron Bundle|Iron Bundle|100\/100\n|-activate|p2a: Iron Bundle|ability: Quark Drive\n|-start|p2a: Iron Bundle|quarkdrivespe\n|turn|8\n|inactive|DragonPhoenix333 has 120 seconds left.\n|inactive|DragonPhoenix333 has 90 seconds left.\n|\n|t:|1698004061\n|move|p1a: Miraidon|Dazzling Gleam|p2a: Iron Bundle\n|-damage|p2a: Iron Bundle|0 fnt\n|faint|p2a: Iron Bundle\n|-end|p2a: Iron Bundle|Quark Drive|[silent]\n|\n|-heal|p1a: Miraidon|94\/100|[from] item: Leftovers\n|-fieldend|move: Electric Terrain\n|upkeep\n|\n|t:|1698004068\n|switch|p2a: Koraidon|Koraidon|100\/100\n|-weather|SunnyDay|[from] ability: Orichalcum Pulse|[of] p2a: Koraidon\n|-activate|p2a: Koraidon|Orichalcum Pulse|[source]\n|turn|9\n|\n|t:|1698004072\n|-terastallize|p2a: Koraidon|Steel\n|move|p1a: Miraidon|Parabolic Charge|p2a: Koraidon\n|-damage|p2a: Koraidon|20\/100\n|-heal|p1a: Miraidon|100\/100|[from] drain|[of] p2a: Koraidon\n|move|p2a: Koraidon|Iron Head|p1a: Miraidon\n|-supereffective|p1a: Miraidon\n|-damage|p1a: Miraidon|7\/100\n|\n|-weather|SunnyDay|[upkeep]\n|-heal|p1a: Miraidon|13\/100|[from] item: Leftovers\n|upkeep\n|turn|10\n|\n|t:|1698004081\n|move|p1a: Miraidon|Parabolic Charge|p2a: Koraidon\n|-damage|p2a: Koraidon|0 fnt\n|-heal|p1a: Miraidon|21\/100|[from] drain|[of] p2a: Koraidon\n|faint|p2a: Koraidon\n|\n|-weather|SunnyDay|[upkeep]\n|-heal|p1a: Miraidon|28\/100|[from] item: Leftovers\n|upkeep\n|c|\u2606DragonPhoenix333|reveal scarf flutter\n|\n|t:|1698004093\n|switch|p2a: Flutter Mane|Flutter Mane|100\/100\n|-activate|p2a: Flutter Mane|ability: Protosynthesis\n|-start|p2a: Flutter Mane|protosynthesisspe\n|turn|11\n|\n|t:|1698004099\n|move|p1a: Miraidon|Dazzling Gleam|p2a: Flutter Mane\n|-damage|p2a: Flutter Mane|6\/100\n|move|p2a: Flutter Mane|Moonblast|p1a: Miraidon\n|-damage|p1a: Miraidon|7\/100\n|\n|-weather|SunnyDay|[upkeep]\n|-heal|p1a: Miraidon|13\/100|[from] item: Leftovers\n|upkeep\n|turn|12\n|\n|t:|1698004104\n|move|p1a: Miraidon|Parabolic Charge|p2a: Flutter Mane\n|-damage|p2a: Flutter Mane|0 fnt\n|-heal|p1a: Miraidon|15\/100|[from] drain|[of] p2a: Flutter Mane\n|faint|p2a: Flutter Mane\n|-end|p2a: Flutter Mane|Protosynthesis|[silent]\n|\n|-weather|SunnyDay|[upkeep]\n|-heal|p1a: Miraidon|21\/100|[from] item: Leftovers\n|upkeep\n|c|\u2606Sir GrandMaster|gg\n|c|\u2606DragonPhoenix333|gg\n|j|^RUMYMOME\n|\n|t:|1698004110\n|switch|p2a: Miraidon|Miraidon|100\/100\n|-fieldstart|move: Electric Terrain|[from] ability: Hadron Engine|[of] p2a: Miraidon\n|turn|13\n|\n|t:|1698004113\n|move|p1a: Miraidon|Dazzling Gleam|p2a: Miraidon\n|-supereffective|p2a: Miraidon\n|-damage|p2a: Miraidon|0 fnt\n|faint|p2a: Miraidon\n|\n|-weather|none\n|-heal|p1a: Miraidon|28\/100|[from] item: Leftovers\n|upkeep\n|c|\u2606DragonPhoenix333|hi rumy\n|\n|t:|1698004116\n|switch|p2a: Iron Valiant|Iron Valiant|100\/100\n|-activate|p2a: Iron Valiant|ability: Quark Drive\n|-start|p2a: Iron Valiant|quarkdrivespe\n|turn|14\n|\n|t:|1698004122\n|move|p1a: Miraidon|Parabolic Charge|p2a: Iron Valiant\n|-damage|p2a: Iron Valiant|0 fnt\n|-heal|p1a: Miraidon|64\/100|[from] drain|[of] p2a: Iron Valiant\n|faint|p2a: Iron Valiant\n|-end|p2a: Iron Valiant|Quark Drive|[silent]\n|\n|win|DragonPhoenix333\n|n|\u2606DragonPhoenix333|dragonphoenix333\n|n|\u2606Sir GrandMaster|sirgrandmaster\n|n|*Lady Monita \u263d|ladymonita\n|n| RUMYMOME|rumymome\n","uploadtime":1698004123,"views":8,"p1id":"dragonphoenix333","p2id":"sirgrandmaster","formatid":"gen9ubers","rating":0,"private":0,"password":""}