{"id":"gen9ubers-2000074871","p1":"RiddleDog","p2":"ChungleWungle","format":"[Gen 9] Ubers","log":"|j|\u2606RiddleDog\n|j|\u2606ChungleWungle\n|t:|1701150104\n|gametype|singles\n|player|p1|RiddleDog|dawn-gen4pt|\n|player|p2|ChungleWungle|unknown|\n|teamsize|p1|6\n|teamsize|p2|6\n|gen|9\n|tier|[Gen 9] Ubers\n|rule|Sleep Clause Mod: Limit one foe put to sleep\n|rule|Species Clause: Limit one of each Pok\u00e9mon\n|rule|OHKO Clause: OHKO moves are banned\n|rule|Evasion Items Clause: Evasion items are banned\n|rule|Evasion Moves Clause: Evasion moves are banned\n|rule|Endless Battle Clause: Forcing endless battles is banned\n|rule|HP Percentage Mod: HP is shown in percentages\n|clearpoke\n|poke|p1|Chi-Yu|\n|poke|p1|Zoroark-Hisui, M|\n|poke|p1|Vaporeon, F|\n|poke|p1|Espeon, M|\n|poke|p1|Meowscarada, M|\n|poke|p1|Dachsbun, M|\n|poke|p2|Snorlax, M|\n|poke|p2|Polteageist-Antique|\n|poke|p2|Iron Valiant|\n|poke|p2|Dragonite, F|\n|poke|p2|Gothitelle, M|\n|poke|p2|Slowking, F|\n|teampreview\n|\n|t:|1701150122\n|start\n|switch|p1a: Morgana|Meowscarada, M, shiny|100\/100\n|switch|p2a: PingKing|Slowking, F, shiny|100\/100\n|turn|1\n|\n|t:|1701150136\n|switch|p2a: Blues (Clues)|Snorlax, M, shiny|100\/100\n|move|p1a: Morgana|Knock Off|p2a: Blues (Clues)\n|-start|p1a: Morgana|typechange|Dark|[from] ability: Protean\n|-damage|p2a: Blues (Clues)|36\/100\n|-enditem|p2a: Blues (Clues)|Leftovers|[from] move: Knock Off|[of] p1a: Morgana\n|\n|upkeep\n|turn|2\n|\n|t:|1701150147\n|move|p1a: Morgana|Knock Off|p2a: Blues (Clues)\n|-damage|p2a: Blues (Clues)|0 fnt\n|faint|p2a: Blues (Clues)\n|\n|upkeep\n|\n|t:|1701150185\n|switch|p2a: Ignis Dragon|Dragonite, F|100\/100\n|turn|3\n|\n|t:|1701150195\n|move|p1a: Morgana|Knock Off|p2a: Ignis Dragon\n|-damage|p2a: Ignis Dragon|66\/100\n|-enditem|p2a: Ignis Dragon|Metronome|[from] move: Knock Off|[of] p1a: Morgana\n|move|p2a: Ignis Dragon|Dragon Rush|p1a: Morgana\n|-damage|p1a: Morgana|8\/100\n|\n|upkeep\n|turn|4\n|\n|t:|1701150216\n|switch|p1a: Ribble|Dachsbun, M|100\/100\n|move|p2a: Ignis Dragon|Stomping Tantrum|p1a: Ribble\n|-damage|p1a: Ribble|72\/100\n|\n|upkeep\n|turn|5\n|\n|t:|1701150234\n|switch|p2a: Frying Pan|Iron Valiant, shiny|100\/100\n|-enditem|p2a: Frying Pan|Booster Energy\n|-activate|p2a: Frying Pan|ability: Quark Drive|[fromitem]\n|-start|p2a: Frying Pan|quarkdrivespe\n|move|p1a: Ribble|Play Rough|p2a: Frying Pan\n|-supereffective|p2a: Frying Pan\n|-damage|p2a: Frying Pan|30\/100\n|-unboost|p2a: Frying Pan|atk|1\n|\n|upkeep\n|turn|6\n|\n|t:|1701150272\n|move|p2a: Frying Pan|Close Combat|p1a: Ribble\n|-resisted|p1a: Ribble\n|-damage|p1a: Ribble|53\/100\n|-unboost|p2a: Frying Pan|def|1\n|-unboost|p2a: Frying Pan|spd|1\n|move|p1a: Ribble|Play Rough|p2a: Frying Pan\n|-supereffective|p2a: Frying Pan\n|-damage|p2a: Frying Pan|0 fnt\n|faint|p2a: Frying Pan\n|-end|p2a: Frying Pan|Quark Drive|[silent]\n|\n|upkeep\n|\n|t:|1701150290\n|switch|p2a: Steve|Gothitelle, M|100\/100\n|turn|7\n|\n|t:|1701150303\n|move|p1a: Ribble|Wish|p1a: Ribble\n|move|p2a: Steve|Hyper Beam|p1a: Ribble\n|-damage|p1a: Ribble|23\/100\n|-mustrecharge|p2a: Steve\n|-enditem|p1a: Ribble|Iapapa Berry|[eat]\n|-heal|p1a: Ribble|56\/100|[from] item: Iapapa Berry\n|\n|upkeep\n|turn|8\n|\n|t:|1701150310\n|move|p1a: Ribble|Play Rough|p2a: Steve\n|-damage|p2a: Steve|74\/100\n|-unboost|p2a: Steve|atk|1\n|-damage|p1a: Ribble|40\/100|[from] item: Rocky Helmet|[of] p2a: Steve\n|cant|p2a: Steve|recharge\n|\n|-heal|p1a: Ribble|90\/100|[from] move: Wish|[wisher] Ribble\n|upkeep\n|turn|9\n|\n|t:|1701150338\n|move|p1a: Ribble|Play Rough|p2a: Steve\n|-damage|p2a: Steve|46\/100\n|-damage|p1a: Ribble|73\/100|[from] item: Rocky Helmet|[of] p2a: Steve\n|move|p2a: Steve|Taunt|p1a: Ribble\n|-start|p1a: Ribble|move: Taunt\n|\n|upkeep\n|turn|10\n|\n|t:|1701150352\n|move|p1a: Ribble|Play Rough|p2a: Steve\n|-damage|p2a: Steve|17\/100\n|-damage|p1a: Ribble|56\/100|[from] item: Rocky Helmet|[of] p2a: Steve\n|move|p2a: Steve|Hyper Beam|p1a: Ribble\n|-damage|p1a: Ribble|24\/100\n|-mustrecharge|p2a: Steve\n|\n|upkeep\n|turn|11\n|\n|t:|1701150370\n|move|p1a: Ribble|Play Rough|p2a: Steve\n|-damage|p2a: Steve|0 fnt\n|-damage|p1a: Ribble|7\/100|[from] item: Rocky Helmet|[of] p2a: Steve\n|faint|p2a: Steve\n|\n|upkeep\n|\n|t:|1701150378\n|switch|p2a: Ignis Dragon|Dragonite, F|66\/100\n|turn|12\n|\n|t:|1701150390\n|move|p2a: Ignis Dragon|Stomping Tantrum|p1a: Ribble\n|-damage|p1a: Ribble|0 fnt\n|faint|p1a: Ribble\n|\n|upkeep\n|\n|t:|1701150394\n|switch|p1a: cat|Vaporeon, F|100\/100\n|turn|13\n|\n|t:|1701150422\n|switch|p2a: PingKing|Slowking, F, shiny|100\/100\n|move|p1a: cat|Blizzard|p2a: PingKing\n|-resisted|p2a: PingKing\n|-damage|p2a: PingKing|89\/100\n|\n|upkeep\n|turn|14\n|\n|t:|1701150444\n|move|p1a: cat|Scald|p2a: PingKing\n|-resisted|p2a: PingKing\n|-damage|p2a: PingKing|77\/100\n|-status|p2a: PingKing|brn\n|move|p2a: PingKing|Trick Room|p2a: PingKing\n|-fieldstart|move: Trick Room|[of] p2a: PingKing\n|\n|-damage|p2a: PingKing|71\/100 brn|[from] brn\n|upkeep\n|turn|15\n|\n|t:|1701150464\n|move|p2a: PingKing|Power Gem|p1a: cat\n|-damage|p1a: cat|86\/100\n|move|p1a: cat|Scald|p2a: PingKing\n|-resisted|p2a: PingKing\n|-damage|p2a: PingKing|59\/100 brn\n|\n|-heal|p1a: cat|92\/100|[from] item: Leftovers\n|-damage|p2a: PingKing|53\/100 brn|[from] brn\n|upkeep\n|turn|16\n|\n|t:|1701150474\n|switch|p2a: Cuppa|Polteageist-Antique, shiny|100\/100\n|move|p1a: cat|Scald|p2a: Cuppa\n|-damage|p2a: Cuppa|80\/100\n|\n|-heal|p1a: cat|98\/100|[from] item: Leftovers\n|upkeep\n|turn|17\n|\n|t:|1701150491\n|switch|p1a: Matthew|Chi-Yu|100\/100\n|-ability|p1a: Matthew|Beads of Ruin\n|move|p2a: Cuppa|Teatime|p2a: Cuppa\n|-fieldactivate|move: Teatime\n|-enditem|p2a: Cuppa|Starf Berry|[eat]\n|-boost|p2a: Cuppa|spd|2|[from] item: Starf Berry\n|\n|upkeep\n|turn|18\n|\n|t:|1701150529\n|move|p2a: Cuppa|Hex|p1a: Matthew\n|-resisted|p1a: Matthew\n|-damage|p1a: Matthew|84\/100\n|move|p1a: Matthew|Dark Pulse|p2a: Cuppa\n|-supereffective|p2a: Cuppa\n|-damage|p2a: Cuppa|35\/100\n|\n|-fieldend|move: Trick Room\n|upkeep\n|turn|19\n|\n|t:|1701150551\n|switch|p2a: Ignis Dragon|Dragonite, F|66\/100\n|move|p1a: Matthew|Dark Pulse|p2a: Ignis Dragon\n|-damage|p2a: Ignis Dragon|7\/100\n|\n|upkeep\n|turn|20\n|\n|t:|1701150561\n|move|p1a: Matthew|Dark Pulse|p2a: Ignis Dragon\n|-damage|p2a: Ignis Dragon|0 fnt\n|faint|p2a: Ignis Dragon\n|\n|upkeep\n|\n|t:|1701150567\n|switch|p2a: PingKing|Slowking, F, shiny|86\/100 brn\n|turn|21\n|\n|t:|1701150574\n|move|p1a: Matthew|Dark Pulse|p2a: PingKing\n|-supereffective|p2a: PingKing\n|-damage|p2a: PingKing|0 fnt\n|faint|p2a: PingKing\n|\n|upkeep\n|\n|t:|1701150579\n|switch|p2a: Cuppa|Polteageist-Antique, shiny|35\/100\n|turn|22\n|\n|t:|1701150583\n|move|p1a: Matthew|Dark Pulse|p2a: Cuppa\n|-supereffective|p2a: Cuppa\n|-damage|p2a: Cuppa|0 fnt\n|faint|p2a: Cuppa\n|\n|win|RiddleDog\n|l|\u2606ChungleWungle\n","uploadtime":1701150604,"views":6,"p1id":"riddledog","p2id":"chunglewungle","formatid":"gen9ubers","rating":0,"private":0,"password":""}