{"id":"gen9ubers-1981201511","p1":"Hjshbahbsg","p2":"derpychu06","format":"[Gen 9] Ubers","log":"|j|\u2606Hjshbahbsg\n|j|\u2606derpychu06\n|t:|1698871991\n|gametype|singles\n|player|p1|Hjshbahbsg|wattson|1040\n|player|p2|derpychu06|pokemonranger-gen4|1095\n|teamsize|p1|6\n|teamsize|p2|6\n|gen|9\n|tier|[Gen 9] Ubers\n|rated|\n|rule|Sleep Clause Mod: Limit one foe put to sleep\n|rule|Species Clause: Limit one of each Pok\u00e9mon\n|rule|OHKO Clause: OHKO moves are banned\n|rule|Evasion Items Clause: Evasion items are banned\n|rule|Evasion Moves Clause: Evasion moves are banned\n|rule|Endless Battle Clause: Forcing endless battles is banned\n|rule|HP Percentage Mod: HP is shown in percentages\n|clearpoke\n|poke|p1|Goodra-Hisui, M|\n|poke|p1|Corviknight, F|\n|poke|p1|Ting-Lu|\n|poke|p1|Rotom-Wash|\n|poke|p1|Ceruledge, F|\n|poke|p1|Landorus-Therian, M|\n|poke|p2|Skeledirge, M|\n|poke|p2|Hatterene, F|\n|poke|p2|Quaquaval, M|\n|poke|p2|Glimmora, F|\n|poke|p2|Meowscarada, M|\n|poke|p2|Dondozo, M|\n|teampreview\n|\n|t:|1698872003\n|start\n|switch|p1a: Landorus|Landorus-Therian, M|100\/100\n|switch|p2a: Glimmora|Glimmora, F|100\/100\n|-ability|p1a: Landorus|Intimidate|boost\n|-unboost|p2a: Glimmora|atk|1\n|turn|1\n|\n|t:|1698872020\n|move|p1a: Landorus|Stealth Rock|p2a: Glimmora\n|-sidestart|p2: derpychu06|move: Stealth Rock\n|move|p2a: Glimmora|Stealth Rock|p1a: Landorus\n|-sidestart|p1: Hjshbahbsg|move: Stealth Rock\n|\n|upkeep\n|turn|2\n|\n|t:|1698872024\n|move|p1a: Landorus|Earthquake|p2a: Glimmora\n|-supereffective|p2a: Glimmora\n|-enditem|p2a: Glimmora|Focus Sash\n|-damage|p2a: Glimmora|1\/100\n|-activate|p2a: Glimmora|ability: Toxic Debris\n|-sidestart|p1: Hjshbahbsg|move: Toxic Spikes\n|move|p2a: Glimmora|Mortal Spin|p1a: Landorus\n|-resisted|p1a: Landorus\n|-damage|p1a: Landorus|99\/100\n|-status|p1a: Landorus|psn\n|-sideend|p2: derpychu06|Stealth Rock|[from] move: Mortal Spin|[of] p2a: Glimmora\n|\n|-heal|p1a: Landorus|100\/100 psn|[from] item: Leftovers\n|-damage|p1a: Landorus|88\/100 psn|[from] psn\n|upkeep\n|turn|3\n|\n|t:|1698872037\n|move|p1a: Landorus|Earthquake|p2a: Glimmora\n|-supereffective|p2a: Glimmora\n|-damage|p2a: Glimmora|0 fnt\n|-activate|p2a: Glimmora|ability: Toxic Debris\n|-sidestart|p1: Hjshbahbsg|move: Toxic Spikes\n|faint|p2a: Glimmora\n|\n|-heal|p1a: Landorus|94\/100 psn|[from] item: Leftovers\n|-damage|p1a: Landorus|82\/100 psn|[from] psn\n|upkeep\n|\n|t:|1698872045\n|switch|p2a: Hatterene|Hatterene, F|100\/100\n|turn|4\n|\n|t:|1698872048\n|switch|p1a: Corviknight|Corviknight, F|100\/100\n|-damage|p1a: Corviknight|88\/100|[from] Stealth Rock\n|move|p2a: Hatterene|Trick Room|p2a: Hatterene\n|-fieldstart|move: Trick Room|[of] p2a: Hatterene\n|\n|-heal|p1a: Corviknight|94\/100|[from] item: Leftovers\n|upkeep\n|turn|5\n|\n|t:|1698872055\n|move|p2a: Hatterene|Mystical Fire|p1a: Corviknight\n|-supereffective|p1a: Corviknight\n|-damage|p1a: Corviknight|39\/100\n|-ability|p1a: Corviknight|Mirror Armor\n|-unboost|p2a: Hatterene|spa|1\n|move|p1a: Corviknight|Defog|p2a: Hatterene\n|move|p2a: Hatterene|Defog|p1a: Corviknight|[from]ability: Magic Bounce\n|-ability|p1a: Corviknight|Mirror Armor\n|-unboost|p2a: Hatterene|evasion|1\n|-sideend|p1: Hjshbahbsg|Toxic Spikes|[from] move: Defog|[of] p2a: Hatterene\n|-sideend|p1: Hjshbahbsg|Stealth Rock|[from] move: Defog|[of] p2a: Hatterene\n|\n|-heal|p1a: Corviknight|45\/100|[from] item: Leftovers\n|upkeep\n|turn|6\n|\n|t:|1698872068\n|move|p2a: Hatterene|Mystical Fire|p1a: Corviknight\n|-supereffective|p1a: Corviknight\n|-damage|p1a: Corviknight|4\/100\n|-ability|p1a: Corviknight|Mirror Armor\n|-unboost|p2a: Hatterene|spa|1\n|move|p1a: Corviknight|Roost|p1a: Corviknight\n|-heal|p1a: Corviknight|54\/100\n|-singleturn|p1a: Corviknight|move: Roost\n|\n|-heal|p1a: Corviknight|60\/100|[from] item: Leftovers\n|upkeep\n|turn|7\n|inactive|Battle timer is ON: inactive players will automatically lose when time's up. (requested by Hjshbahbsg)\n|\n|t:|1698872137\n|move|p2a: Hatterene|Mystical Fire|p1a: Corviknight\n|-supereffective|p1a: Corviknight\n|-damage|p1a: Corviknight|32\/100\n|-ability|p1a: Corviknight|Mirror Armor\n|-unboost|p2a: Hatterene|spa|1\n|move|p1a: Corviknight|Roost|p1a: Corviknight\n|-heal|p1a: Corviknight|82\/100\n|-singleturn|p1a: Corviknight|move: Roost\n|\n|-heal|p1a: Corviknight|88\/100|[from] item: Leftovers\n|upkeep\n|turn|8\n|inactive|Hjshbahbsg has 120 seconds left.\n|\n|t:|1698872188\n|move|p2a: Hatterene|Mystical Fire|p1a: Corviknight\n|-supereffective|p1a: Corviknight\n|-damage|p1a: Corviknight|66\/100\n|-ability|p1a: Corviknight|Mirror Armor\n|-unboost|p2a: Hatterene|spa|1\n|move|p1a: Corviknight|Iron Head|p2a: Hatterene\n|-supereffective|p2a: Hatterene\n|-damage|p2a: Hatterene|50\/100\n|\n|-heal|p1a: Corviknight|73\/100|[from] item: Leftovers\n|-fieldend|move: Trick Room\n|upkeep\n|turn|9\n|\n|t:|1698872204\n|move|p1a: Corviknight|Iron Head|p2a: Hatterene\n|-supereffective|p2a: Hatterene\n|-damage|p2a: Hatterene|0 fnt\n|faint|p2a: Hatterene\n|\n|-heal|p1a: Corviknight|79\/100|[from] item: Leftovers\n|upkeep\n|\n|t:|1698872210\n|switch|p2a: Meowscarada|Meowscarada, M|100\/100\n|turn|10\n|inactive|derpychu06 has 120 seconds left.\n|\n|t:|1698872232\n|switch|p1a: Turbo|Goodra-Hisui, M|100\/100\n|-terastallize|p2a: Meowscarada|Fairy\n|move|p2a: Meowscarada|Foul Play|p1a: Turbo\n|-damage|p1a: Turbo|55\/100\n|\n|-heal|p1a: Turbo|61\/100|[from] item: Leftovers\n|upkeep\n|turn|11\n|\n|t:|1698872249\n|move|p2a: Meowscarada|Foul Play|p1a: Turbo\n|-damage|p1a: Turbo|11\/100\n|move|p1a: Turbo|Shelter|p1a: Turbo\n|-boost|p1a: Turbo|def|2\n|\n|-heal|p1a: Turbo|17\/100|[from] item: Leftovers\n|upkeep\n|turn|12\n|inactive|derpychu06 has 120 seconds left.\n|\n|t:|1698872266\n|move|p2a: Meowscarada|Foul Play|p1a: Turbo\n|-damage|p1a: Turbo|0 fnt\n|faint|p1a: Turbo\n|\n|upkeep\n|\n|t:|1698872274\n|switch|p1a: Corviknight|Corviknight, F|79\/100\n|turn|13\n|\n|t:|1698872276\n|move|p2a: Meowscarada|Foul Play|p1a: Corviknight\n|-damage|p1a: Corviknight|50\/100\n|move|p1a: Corviknight|Iron Head|p2a: Meowscarada\n|-supereffective|p2a: Meowscarada\n|-damage|p2a: Meowscarada|24\/100\n|\n|-heal|p1a: Corviknight|57\/100|[from] item: Leftovers\n|upkeep\n|turn|14\n|inactive|Hjshbahbsg has 120 seconds left.\n|\n|t:|1698872284\n|switch|p2a: Quaquaval|Quaquaval, M|100\/100\n|move|p1a: Corviknight|Iron Head|p2a: Quaquaval\n|-resisted|p2a: Quaquaval\n|-damage|p2a: Quaquaval|83\/100\n|\n|-heal|p2a: Quaquaval|90\/100|[from] item: Leftovers\n|-heal|p1a: Corviknight|63\/100|[from] item: Leftovers\n|upkeep\n|turn|15\n|inactive|Hjshbahbsg has 120 seconds left.\n|\n|t:|1698872296\n|move|p2a: Quaquaval|Close Combat|p1a: Corviknight\n|-damage|p1a: Corviknight|29\/100\n|-unboost|p2a: Quaquaval|def|1\n|-unboost|p2a: Quaquaval|spd|1\n|move|p1a: Corviknight|Air Slash|p2a: Quaquaval\n|-supereffective|p2a: Quaquaval\n|-damage|p2a: Quaquaval|26\/100\n|\n|-heal|p2a: Quaquaval|32\/100|[from] item: Leftovers\n|-heal|p1a: Corviknight|35\/100|[from] item: Leftovers\n|upkeep\n|turn|16\n|\n|t:|1698872306\n|move|p2a: Quaquaval|Close Combat|p1a: Corviknight\n|-damage|p1a: Corviknight|1\/100\n|-unboost|p2a: Quaquaval|def|1\n|-unboost|p2a: Quaquaval|spd|1\n|move|p1a: Corviknight|Roost|p1a: Corviknight\n|-heal|p1a: Corviknight|51\/100\n|-singleturn|p1a: Corviknight|move: Roost\n|\n|-heal|p2a: Quaquaval|38\/100|[from] item: Leftovers\n|-heal|p1a: Corviknight|58\/100|[from] item: Leftovers\n|upkeep\n|turn|17\n|\n|t:|1698872317\n|move|p2a: Quaquaval|Close Combat|p1a: Corviknight\n|-damage|p1a: Corviknight|21\/100\n|-unboost|p2a: Quaquaval|def|1\n|-unboost|p2a: Quaquaval|spd|1\n|move|p1a: Corviknight|Roost|p1a: Corviknight\n|-heal|p1a: Corviknight|71\/100\n|-singleturn|p1a: Corviknight|move: Roost\n|\n|-heal|p2a: Quaquaval|44\/100|[from] item: Leftovers\n|-heal|p1a: Corviknight|78\/100|[from] item: Leftovers\n|upkeep\n|turn|18\n|\n|t:|1698872329\n|switch|p2a: Skeledirge|Skeledirge, M|100\/100\n|move|p1a: Corviknight|Air Slash|p2a: Skeledirge\n|-damage|p2a: Skeledirge|85\/100\n|\n|-heal|p1a: Corviknight|84\/100|[from] item: Leftovers\n|upkeep\n|turn|19\n|\n|t:|1698872341\n|switch|p1a: Rotom|Rotom-Wash|100\/100\n|move|p2a: Skeledirge|Torch Song|p1a: Rotom\n|-resisted|p1a: Rotom\n|-damage|p1a: Rotom|79\/100\n|-boost|p2a: Skeledirge|spa|1\n|-enditem|p2a: Skeledirge|Throat Spray\n|-boost|p2a: Skeledirge|spa|1|[from] item: Throat Spray\n|\n|upkeep\n|turn|20\n|\n|t:|1698872350\n|move|p1a: Rotom|Hydro Pump|p2a: Skeledirge\n|-supereffective|p2a: Skeledirge\n|-damage|p2a: Skeledirge|0 fnt\n|faint|p2a: Skeledirge\n|\n|upkeep\n|\n|t:|1698872366\n|switch|p2a: Meowscarada|Meowscarada, M, tera:Fairy|24\/100\n|turn|21\n|\n|t:|1698872372\n|move|p2a: Meowscarada|Flower Trick|p1a: Rotom\n|-supereffective|p1a: Rotom\n|-crit|p1a: Rotom\n|-damage|p1a: Rotom|0 fnt\n|faint|p1a: Rotom\n|\n|upkeep\n|\n|t:|1698872377\n|switch|p1a: Ting-Lu|Ting-Lu|100\/100\n|-ability|p1a: Ting-Lu|Vessel of Ruin\n|turn|22\n|\n|t:|1698872384\n|move|p2a: Meowscarada|Flower Trick|p1a: Ting-Lu\n|-supereffective|p1a: Ting-Lu\n|-crit|p1a: Ting-Lu\n|-damage|p1a: Ting-Lu|13\/100\n|move|p1a: Ting-Lu|Heavy Slam|p2a: Meowscarada\n|-supereffective|p2a: Meowscarada\n|-damage|p2a: Meowscarada|0 fnt\n|faint|p2a: Meowscarada\n|\n|upkeep\n|\n|t:|1698872391\n|switch|p2a: Quaquaval|Quaquaval, M|44\/100\n|turn|23\n|\n|t:|1698872394\n|move|p2a: Quaquaval|Aqua Step|p1a: Ting-Lu\n|-supereffective|p1a: Ting-Lu\n|-damage|p1a: Ting-Lu|0 fnt\n|-boost|p2a: Quaquaval|spe|1\n|faint|p1a: Ting-Lu\n|-ability|p2a: Quaquaval|Moxie|boost\n|-boost|p2a: Quaquaval|atk|1\n|\n|-heal|p2a: Quaquaval|50\/100|[from] item: Leftovers\n|upkeep\n|\n|t:|1698872398\n|switch|p1a: Corviknight|Corviknight, F|84\/100\n|turn|24\n|\n|t:|1698872412\n|move|p2a: Quaquaval|Close Combat|p1a: Corviknight\n|-damage|p1a: Corviknight|32\/100\n|-unboost|p2a: Quaquaval|def|1\n|-unboost|p2a: Quaquaval|spd|1\n|move|p1a: Corviknight|Air Slash|p2a: Quaquaval\n|-supereffective|p2a: Quaquaval\n|-damage|p2a: Quaquaval|0 fnt\n|faint|p2a: Quaquaval\n|\n|-heal|p1a: Corviknight|38\/100|[from] item: Leftovers\n|upkeep\n|\n|t:|1698872421\n|switch|p2a: Dondozo|Dondozo, M|100\/100\n|turn|25\n|\n|t:|1698872424\n|move|p1a: Corviknight|Roost|p1a: Corviknight\n|-heal|p1a: Corviknight|88\/100\n|-singleturn|p1a: Corviknight|move: Roost\n|move|p2a: Dondozo|Yawn|p1a: Corviknight\n|-start|p1a: Corviknight|move: Yawn|[of] p2a: Dondozo\n|\n|-heal|p1a: Corviknight|94\/100|[from] item: Leftovers\n|upkeep\n|turn|26\n|\n|t:|1698872435\n|switch|p1a: Landorus|Landorus-Therian, M|82\/100 psn\n|-ability|p1a: Landorus|Intimidate|boost\n|-unboost|p2a: Dondozo|atk|1\n|move|p2a: Dondozo|Protect||[still]\n|-fail|p2a: Dondozo\n|\n|-heal|p1a: Landorus|88\/100 psn|[from] item: Leftovers\n|-damage|p1a: Landorus|76\/100 psn|[from] psn\n|upkeep\n|turn|27\n|\n|t:|1698872453\n|move|p1a: Landorus|Earthquake|p2a: Dondozo\n|-damage|p2a: Dondozo|80\/100\n|move|p2a: Dondozo|Wave Crash|p1a: Landorus\n|-supereffective|p1a: Landorus\n|-damage|p1a: Landorus|33\/100 psn\n|-damage|p2a: Dondozo|70\/100|[from] Recoil\n|\n|-heal|p1a: Landorus|39\/100 psn|[from] item: Leftovers\n|-heal|p2a: Dondozo|76\/100|[from] item: Leftovers\n|-damage|p1a: Landorus|27\/100 psn|[from] psn\n|upkeep\n|turn|28\n|\n|t:|1698872464\n|move|p2a: Dondozo|Protect|p2a: Dondozo\n|-singleturn|p2a: Dondozo|Protect\n|move|p1a: Landorus|Earthquake|p2a: Dondozo\n|-activate|p2a: Dondozo|move: Protect\n|\n|-heal|p1a: Landorus|33\/100 psn|[from] item: Leftovers\n|-heal|p2a: Dondozo|82\/100|[from] item: Leftovers\n|-damage|p1a: Landorus|21\/100 psn|[from] psn\n|upkeep\n|turn|29\n|\n|t:|1698872474\n|move|p1a: Landorus|Earthquake|p2a: Dondozo\n|-damage|p2a: Dondozo|59\/100\n|move|p2a: Dondozo|Wave Crash|p1a: Landorus\n|-supereffective|p1a: Landorus\n|-damage|p1a: Landorus|0 fnt\n|faint|p1a: Landorus\n|-damage|p2a: Dondozo|54\/100|[from] Recoil\n|\n|-heal|p2a: Dondozo|61\/100|[from] item: Leftovers\n|upkeep\n|\n|t:|1698872479\n|switch|p1a: Ceruledge|Ceruledge, F|100\/100\n|turn|30\n|\n|t:|1698872487\n|move|p2a: Dondozo|Protect|p2a: Dondozo\n|-singleturn|p2a: Dondozo|Protect\n|move|p1a: Ceruledge|Will-O-Wisp|p2a: Dondozo\n|-activate|p2a: Dondozo|move: Protect\n|\n|-heal|p2a: Dondozo|67\/100|[from] item: Leftovers\n|upkeep\n|turn|31\n|\n|t:|1698872494\n|move|p1a: Ceruledge|Hex|p2a: Dondozo\n|-damage|p2a: Dondozo|53\/100\n|move|p2a: Dondozo|Yawn|p1a: Ceruledge\n|-start|p1a: Ceruledge|move: Yawn|[of] p2a: Dondozo\n|\n|-heal|p2a: Dondozo|59\/100|[from] item: Leftovers\n|upkeep\n|turn|32\n|\n|t:|1698872501\n|switch|p1a: Corviknight|Corviknight, F|94\/100\n|move|p2a: Dondozo|Protect||[still]\n|-fail|p2a: Dondozo\n|\n|-heal|p1a: Corviknight|100\/100|[from] item: Leftovers\n|-heal|p2a: Dondozo|65\/100|[from] item: Leftovers\n|upkeep\n|turn|33\n|\n|t:|1698872508\n|move|p1a: Corviknight|Air Slash|p2a: Dondozo\n|-damage|p2a: Dondozo|52\/100\n|move|p2a: Dondozo|Yawn|p1a: Corviknight\n|-start|p1a: Corviknight|move: Yawn|[of] p2a: Dondozo\n|\n|-heal|p2a: Dondozo|59\/100|[from] item: Leftovers\n|upkeep\n|turn|34\n|\n|t:|1698872515\n|switch|p1a: Ceruledge|Ceruledge, F|100\/100\n|move|p2a: Dondozo|Wave Crash|p1a: Ceruledge\n|-supereffective|p1a: Ceruledge\n|-damage|p1a: Ceruledge|19\/100\n|-ability|p1a: Ceruledge|Weak Armor|boost\n|-unboost|p1a: Ceruledge|def|1\n|-boost|p1a: Ceruledge|spe|2\n|-enditem|p1a: Ceruledge|Weakness Policy\n|-boost|p1a: Ceruledge|atk|2|[from] item: Weakness Policy\n|-boost|p1a: Ceruledge|spa|2|[from] item: Weakness Policy\n|-damage|p2a: Dondozo|43\/100|[from] Recoil\n|\n|-heal|p2a: Dondozo|49\/100|[from] item: Leftovers\n|upkeep\n|turn|35\n|\n|t:|1698872527\n|move|p2a: Dondozo|Protect|p2a: Dondozo\n|-singleturn|p2a: Dondozo|Protect\n|move|p1a: Ceruledge|Hex|p2a: Dondozo\n|-activate|p2a: Dondozo|move: Protect\n|\n|-heal|p2a: Dondozo|55\/100|[from] item: Leftovers\n|upkeep\n|turn|36\n|\n|t:|1698872534\n|move|p1a: Ceruledge|Hex|p2a: Dondozo\n|-damage|p2a: Dondozo|42\/100\n|move|p2a: Dondozo|Wave Crash|p1a: Ceruledge\n|-supereffective|p1a: Ceruledge\n|-damage|p1a: Ceruledge|0 fnt\n|faint|p1a: Ceruledge\n|-damage|p2a: Dondozo|38\/100|[from] Recoil\n|\n|-heal|p2a: Dondozo|44\/100|[from] item: Leftovers\n|upkeep\n|\n|t:|1698872536\n|switch|p1a: Corviknight|Corviknight, F|100\/100\n|turn|37\n|\n|t:|1698872544\n|move|p2a: Dondozo|Protect|p2a: Dondozo\n|-singleturn|p2a: Dondozo|Protect\n|move|p1a: Corviknight|Air Slash|p2a: Dondozo\n|-activate|p2a: Dondozo|move: Protect\n|\n|-heal|p2a: Dondozo|50\/100|[from] item: Leftovers\n|upkeep\n|turn|38\n|\n|t:|1698872551\n|move|p1a: Corviknight|Air Slash|p2a: Dondozo\n|-damage|p2a: Dondozo|36\/100\n|cant|p2a: Dondozo|flinch\n|\n|-heal|p2a: Dondozo|42\/100|[from] item: Leftovers\n|upkeep\n|turn|39\n|\n|t:|1698872556\n|move|p2a: Dondozo|Protect|p2a: Dondozo\n|-singleturn|p2a: Dondozo|Protect\n|move|p1a: Corviknight|Air Slash|p2a: Dondozo\n|-activate|p2a: Dondozo|move: Protect\n|\n|-heal|p2a: Dondozo|49\/100|[from] item: Leftovers\n|upkeep\n|turn|40\n|\n|t:|1698872563\n|move|p1a: Corviknight|Air Slash|p2a: Dondozo\n|-damage|p2a: Dondozo|34\/100\n|move|p2a: Dondozo|Yawn|p1a: Corviknight\n|-start|p1a: Corviknight|move: Yawn|[of] p2a: Dondozo\n|\n|-heal|p2a: Dondozo|40\/100|[from] item: Leftovers\n|upkeep\n|turn|41\n|\n|t:|1698872569\n|move|p2a: Dondozo|Protect|p2a: Dondozo\n|-singleturn|p2a: Dondozo|Protect\n|move|p1a: Corviknight|Air Slash|p2a: Dondozo\n|-activate|p2a: Dondozo|move: Protect\n|\n|-heal|p2a: Dondozo|46\/100|[from] item: Leftovers\n|-end|p1a: Corviknight|move: Yawn|[silent]\n|-status|p1a: Corviknight|slp\n|upkeep\n|turn|42\n|\n|t:|1698872577\n|cant|p1a: Corviknight|slp\n|move|p2a: Dondozo|Wave Crash|p1a: Corviknight\n|-damage|p1a: Corviknight|82\/100 slp\n|-damage|p2a: Dondozo|42\/100|[from] Recoil\n|\n|-heal|p1a: Corviknight|89\/100 slp|[from] item: Leftovers\n|-heal|p2a: Dondozo|48\/100|[from] item: Leftovers\n|upkeep\n|turn|43\n|\n|t:|1698872587\n|-curestatus|p1a: Corviknight|slp|[msg]\n|move|p1a: Corviknight|Iron Head|p2a: Dondozo\n|-resisted|p2a: Dondozo\n|-damage|p2a: Dondozo|42\/100\n|cant|p2a: Dondozo|flinch\n|\n|-heal|p1a: Corviknight|95\/100|[from] item: Leftovers\n|-heal|p2a: Dondozo|48\/100|[from] item: Leftovers\n|upkeep\n|turn|44\n|\n|t:|1698872596\n|move|p2a: Dondozo|Protect|p2a: Dondozo\n|-singleturn|p2a: Dondozo|Protect\n|move|p1a: Corviknight|Air Slash|p2a: Dondozo\n|-activate|p2a: Dondozo|move: Protect\n|\n|-heal|p1a: Corviknight|100\/100|[from] item: Leftovers\n|-heal|p2a: Dondozo|54\/100|[from] item: Leftovers\n|upkeep\n|turn|45\n|\n|t:|1698872603\n|move|p1a: Corviknight|Air Slash|p2a: Dondozo\n|-damage|p2a: Dondozo|40\/100\n|move|p2a: Dondozo|Yawn|p1a: Corviknight\n|-start|p1a: Corviknight|move: Yawn|[of] p2a: Dondozo\n|\n|-heal|p2a: Dondozo|46\/100|[from] item: Leftovers\n|upkeep\n|turn|46\n|\n|t:|1698872609\n|move|p2a: Dondozo|Protect|p2a: Dondozo\n|-singleturn|p2a: Dondozo|Protect\n|move|p1a: Corviknight|Air Slash|p2a: Dondozo\n|-activate|p2a: Dondozo|move: Protect\n|\n|-heal|p2a: Dondozo|52\/100|[from] item: Leftovers\n|-end|p1a: Corviknight|move: Yawn|[silent]\n|-status|p1a: Corviknight|slp\n|upkeep\n|turn|47\n|c|\u2606derpychu06|damn bruh\n|\n|t:|1698872618\n|cant|p1a: Corviknight|slp\n|move|p2a: Dondozo|Wave Crash|p1a: Corviknight\n|-crit|p1a: Corviknight\n|-damage|p1a: Corviknight|64\/100 slp\n|-damage|p2a: Dondozo|42\/100|[from] Recoil\n|\n|-heal|p1a: Corviknight|70\/100 slp|[from] item: Leftovers\n|-heal|p2a: Dondozo|48\/100|[from] item: Leftovers\n|upkeep\n|turn|48\n|\n|t:|1698872629\n|cant|p1a: Corviknight|slp\n|move|p2a: Dondozo|Wave Crash|p1a: Corviknight\n|-damage|p1a: Corviknight|53\/100 slp\n|-damage|p2a: Dondozo|44\/100|[from] Recoil\n|\n|-heal|p1a: Corviknight|59\/100 slp|[from] item: Leftovers\n|-heal|p2a: Dondozo|50\/100|[from] item: Leftovers\n|upkeep\n|turn|49\n|\n|t:|1698872637\n|cant|p1a: Corviknight|slp\n|move|p2a: Dondozo|Yawn||[still]\n|-fail|p2a: Dondozo\n|\n|-heal|p1a: Corviknight|66\/100 slp|[from] item: Leftovers\n|-heal|p2a: Dondozo|56\/100|[from] item: Leftovers\n|upkeep\n|turn|50\n|\n|t:|1698872645\n|-curestatus|p1a: Corviknight|slp|[msg]\n|move|p1a: Corviknight|Roost|p1a: Corviknight\n|-heal|p1a: Corviknight|100\/100\n|-singleturn|p1a: Corviknight|move: Roost\n|move|p2a: Dondozo|Yawn|p1a: Corviknight\n|-start|p1a: Corviknight|move: Yawn|[of] p2a: Dondozo\n|\n|-heal|p2a: Dondozo|62\/100|[from] item: Leftovers\n|upkeep\n|turn|51\n|\n|t:|1698872658\n|move|p2a: Dondozo|Protect|p2a: Dondozo\n|-singleturn|p2a: Dondozo|Protect\n|move|p1a: Corviknight|Air Slash|p2a: Dondozo\n|-activate|p2a: Dondozo|move: Protect\n|\n|-heal|p2a: Dondozo|69\/100|[from] item: Leftovers\n|-end|p1a: Corviknight|move: Yawn|[silent]\n|-status|p1a: Corviknight|slp\n|upkeep\n|turn|52\n|\n|t:|1698872692\n|cant|p1a: Corviknight|slp\n|move|p2a: Dondozo|Wave Crash|p1a: Corviknight\n|-damage|p1a: Corviknight|84\/100 slp\n|-damage|p2a: Dondozo|64\/100|[from] Recoil\n|\n|-heal|p1a: Corviknight|91\/100 slp|[from] item: Leftovers\n|-heal|p2a: Dondozo|71\/100|[from] item: Leftovers\n|upkeep\n|turn|53\n|\n|t:|1698872701\n|-curestatus|p1a: Corviknight|slp|[msg]\n|move|p1a: Corviknight|Air Slash|p2a: Dondozo\n|-damage|p2a: Dondozo|56\/100\n|move|p2a: Dondozo|Wave Crash|p1a: Corviknight\n|-damage|p1a: Corviknight|75\/100\n|-damage|p2a: Dondozo|52\/100|[from] Recoil\n|\n|-heal|p1a: Corviknight|81\/100|[from] item: Leftovers\n|-heal|p2a: Dondozo|58\/100|[from] item: Leftovers\n|upkeep\n|turn|54\n|\n|t:|1698872711\n|move|p1a: Corviknight|Air Slash|p2a: Dondozo\n|-damage|p2a: Dondozo|45\/100\n|move|p2a: Dondozo|Yawn|p1a: Corviknight\n|-start|p1a: Corviknight|move: Yawn|[of] p2a: Dondozo\n|\n|-heal|p1a: Corviknight|87\/100|[from] item: Leftovers\n|-heal|p2a: Dondozo|51\/100|[from] item: Leftovers\n|upkeep\n|turn|55\n|\n|t:|1698872721\n|move|p2a: Dondozo|Protect|p2a: Dondozo\n|-singleturn|p2a: Dondozo|Protect\n|move|p1a: Corviknight|Air Slash|p2a: Dondozo\n|-activate|p2a: Dondozo|move: Protect\n|\n|-heal|p1a: Corviknight|93\/100|[from] item: Leftovers\n|-heal|p2a: Dondozo|57\/100|[from] item: Leftovers\n|-end|p1a: Corviknight|move: Yawn|[silent]\n|-status|p1a: Corviknight|slp\n|upkeep\n|turn|56\n|\n|t:|1698872729\n|cant|p1a: Corviknight|slp\n|move|p2a: Dondozo|Earthquake|p1a: Corviknight\n|-immune|p1a: Corviknight\n|\n|-heal|p1a: Corviknight|99\/100 slp|[from] item: Leftovers\n|-heal|p2a: Dondozo|63\/100|[from] item: Leftovers\n|upkeep\n|turn|57\n|\n|t:|1698872736\n|cant|p1a: Corviknight|slp\n|move|p2a: Dondozo|Earthquake|p1a: Corviknight\n|-immune|p1a: Corviknight\n|\n|-heal|p1a: Corviknight|100\/100 slp|[from] item: Leftovers\n|-heal|p2a: Dondozo|70\/100|[from] item: Leftovers\n|upkeep\n|turn|58\n|\n|t:|1698872744\n|cant|p1a: Corviknight|slp\n|move|p2a: Dondozo|Yawn||[still]\n|-fail|p2a: Dondozo\n|\n|-heal|p2a: Dondozo|76\/100|[from] item: Leftovers\n|upkeep\n|turn|59\n|\n|t:|1698872749\n|-curestatus|p1a: Corviknight|slp|[msg]\n|move|p1a: Corviknight|Air Slash|p2a: Dondozo\n|-damage|p2a: Dondozo|63\/100\n|move|p2a: Dondozo|Yawn|p1a: Corviknight\n|-start|p1a: Corviknight|move: Yawn|[of] p2a: Dondozo\n|\n|-heal|p2a: Dondozo|69\/100|[from] item: Leftovers\n|upkeep\n|turn|60\n|\n|t:|1698872756\n|move|p1a: Corviknight|Air Slash|p2a: Dondozo\n|-damage|p2a: Dondozo|55\/100\n|move|p2a: Dondozo|Earthquake|p1a: Corviknight\n|-immune|p1a: Corviknight\n|\n|-heal|p2a: Dondozo|62\/100|[from] item: Leftovers\n|-end|p1a: Corviknight|move: Yawn|[silent]\n|-status|p1a: Corviknight|slp\n|upkeep\n|turn|61\n|\n|t:|1698872765\n|cant|p1a: Corviknight|slp\n|move|p2a: Dondozo|Earthquake|p1a: Corviknight\n|-immune|p1a: Corviknight\n|\n|-heal|p2a: Dondozo|68\/100|[from] item: Leftovers\n|upkeep\n|turn|62\n|\n|t:|1698872774\n|cant|p1a: Corviknight|slp\n|move|p2a: Dondozo|Earthquake|p1a: Corviknight\n|-immune|p1a: Corviknight\n|\n|-heal|p2a: Dondozo|74\/100|[from] item: Leftovers\n|upkeep\n|turn|63\n|\n|t:|1698872781\n|move|p2a: Dondozo|Protect|p2a: Dondozo\n|-singleturn|p2a: Dondozo|Protect\n|-curestatus|p1a: Corviknight|slp|[msg]\n|move|p1a: Corviknight|Air Slash|p2a: Dondozo\n|-activate|p2a: Dondozo|move: Protect\n|\n|-heal|p2a: Dondozo|80\/100|[from] item: Leftovers\n|upkeep\n|turn|64\n|\n|t:|1698872788\n|move|p1a: Corviknight|Air Slash|p2a: Dondozo\n|-damage|p2a: Dondozo|67\/100\n|cant|p2a: Dondozo|flinch\n|\n|-heal|p2a: Dondozo|73\/100|[from] item: Leftovers\n|upkeep\n|turn|65\n|\n|t:|1698872794\n|move|p2a: Dondozo|Protect|p2a: Dondozo\n|-singleturn|p2a: Dondozo|Protect\n|move|p1a: Corviknight|Air Slash|p2a: Dondozo\n|-activate|p2a: Dondozo|move: Protect\n|\n|-heal|p2a: Dondozo|79\/100|[from] item: Leftovers\n|upkeep\n|turn|66\n|\n|t:|1698872802\n|move|p1a: Corviknight|Air Slash|p2a: Dondozo\n|-damage|p2a: Dondozo|65\/100\n|cant|p2a: Dondozo|flinch\n|\n|-heal|p2a: Dondozo|71\/100|[from] item: Leftovers\n|upkeep\n|turn|67\n|\n|t:|1698872809\n|move|p2a: Dondozo|Protect|p2a: Dondozo\n|-singleturn|p2a: Dondozo|Protect\n|move|p1a: Corviknight|Air Slash|p2a: Dondozo\n|-activate|p2a: Dondozo|move: Protect\n|\n|-heal|p2a: Dondozo|77\/100|[from] item: Leftovers\n|upkeep\n|turn|68\n|\n|t:|1698872815\n|move|p1a: Corviknight|Iron Head|p2a: Dondozo\n|-resisted|p2a: Dondozo\n|-damage|p2a: Dondozo|71\/100\n|move|p2a: Dondozo|Yawn|p1a: Corviknight\n|-start|p1a: Corviknight|move: Yawn|[of] p2a: Dondozo\n|\n|-heal|p2a: Dondozo|77\/100|[from] item: Leftovers\n|upkeep\n|turn|69\n|\n|t:|1698872824\n|move|p2a: Dondozo|Protect|p2a: Dondozo\n|-singleturn|p2a: Dondozo|Protect\n|move|p1a: Corviknight|Iron Head|p2a: Dondozo\n|-activate|p2a: Dondozo|move: Protect\n|\n|-heal|p2a: Dondozo|83\/100|[from] item: Leftovers\n|-end|p1a: Corviknight|move: Yawn|[silent]\n|-status|p1a: Corviknight|slp\n|upkeep\n|turn|70\n|\n|t:|1698872835\n|cant|p1a: Corviknight|slp\n|move|p2a: Dondozo|Wave Crash|p1a: Corviknight\n|-damage|p1a: Corviknight|84\/100 slp\n|-damage|p2a: Dondozo|79\/100|[from] Recoil\n|\n|-heal|p1a: Corviknight|90\/100 slp|[from] item: Leftovers\n|-heal|p2a: Dondozo|85\/100|[from] item: Leftovers\n|upkeep\n|turn|71\n|\n|t:|1698872845\n|cant|p1a: Corviknight|slp\n|move|p2a: Dondozo|Wave Crash|p1a: Corviknight\n|-damage|p1a: Corviknight|74\/100 slp\n|-damage|p2a: Dondozo|81\/100|[from] Recoil\n|\n|-heal|p1a: Corviknight|80\/100 slp|[from] item: Leftovers\n|-heal|p2a: Dondozo|87\/100|[from] item: Leftovers\n|upkeep\n|turn|72\n|\n|t:|1698872853\n|-curestatus|p1a: Corviknight|slp|[msg]\n|move|p1a: Corviknight|Iron Head|p2a: Dondozo\n|-resisted|p2a: Dondozo\n|-damage|p2a: Dondozo|81\/100\n|move|p2a: Dondozo|Wave Crash|p1a: Corviknight\n|-damage|p1a: Corviknight|64\/100\n|-damage|p2a: Dondozo|77\/100|[from] Recoil\n|\n|-heal|p1a: Corviknight|70\/100|[from] item: Leftovers\n|-heal|p2a: Dondozo|83\/100|[from] item: Leftovers\n|upkeep\n|turn|73\n|\n|t:|1698872864\n|move|p1a: Corviknight|Iron Head|p2a: Dondozo\n|-resisted|p2a: Dondozo\n|-damage|p2a: Dondozo|78\/100\n|cant|p2a: Dondozo|flinch\n|\n|-heal|p1a: Corviknight|77\/100|[from] item: Leftovers\n|-heal|p2a: Dondozo|84\/100|[from] item: Leftovers\n|upkeep\n|turn|74\n|\n|t:|1698872871\n|move|p1a: Corviknight|Iron Head|p2a: Dondozo\n|-resisted|p2a: Dondozo\n|-damage|p2a: Dondozo|78\/100\n|cant|p2a: Dondozo|flinch\n|\n|-heal|p1a: Corviknight|83\/100|[from] item: Leftovers\n|-heal|p2a: Dondozo|84\/100|[from] item: Leftovers\n|upkeep\n|turn|75\n|\n|t:|1698872877\n|move|p1a: Corviknight|Iron Head|p2a: Dondozo\n|-resisted|p2a: Dondozo\n|-damage|p2a: Dondozo|79\/100\n|move|p2a: Dondozo|Yawn|p1a: Corviknight\n|-start|p1a: Corviknight|move: Yawn|[of] p2a: Dondozo\n|\n|-heal|p1a: Corviknight|89\/100|[from] item: Leftovers\n|-heal|p2a: Dondozo|85\/100|[from] item: Leftovers\n|upkeep\n|turn|76\n|\n|t:|1698872886\n|move|p1a: Corviknight|Iron Head|p2a: Dondozo\n|-resisted|p2a: Dondozo\n|-damage|p2a: Dondozo|79\/100\n|move|p2a: Dondozo|Wave Crash|p1a: Corviknight\n|-damage|p1a: Corviknight|73\/100\n|-damage|p2a: Dondozo|75\/100|[from] Recoil\n|\n|-heal|p1a: Corviknight|80\/100|[from] item: Leftovers\n|-heal|p2a: Dondozo|81\/100|[from] item: Leftovers\n|-end|p1a: Corviknight|move: Yawn|[silent]\n|-status|p1a: Corviknight|slp\n|upkeep\n|turn|77\n|\n|t:|1698872896\n|cant|p1a: Corviknight|slp\n|move|p2a: Dondozo|Wave Crash|p1a: Corviknight\n|-damage|p1a: Corviknight|62\/100 slp\n|-damage|p2a: Dondozo|77\/100|[from] Recoil\n|\n|-heal|p1a: Corviknight|69\/100 slp|[from] item: Leftovers\n|-heal|p2a: Dondozo|83\/100|[from] item: Leftovers\n|upkeep\n|turn|78\n|\n|t:|1698872904\n|cant|p1a: Corviknight|slp\n|move|p2a: Dondozo|Wave Crash|p1a: Corviknight\n|-damage|p1a: Corviknight|53\/100 slp\n|-damage|p2a: Dondozo|79\/100|[from] Recoil\n|\n|-heal|p1a: Corviknight|60\/100 slp|[from] item: Leftovers\n|-heal|p2a: Dondozo|85\/100|[from] item: Leftovers\n|upkeep\n|turn|79\n|\n|t:|1698872912\n|-curestatus|p1a: Corviknight|slp|[msg]\n|move|p1a: Corviknight|Roost|p1a: Corviknight\n|-heal|p1a: Corviknight|100\/100\n|-singleturn|p1a: Corviknight|move: Roost\n|move|p2a: Dondozo|Wave Crash|p1a: Corviknight\n|-damage|p1a: Corviknight|84\/100\n|-damage|p2a: Dondozo|81\/100|[from] Recoil\n|\n|-heal|p1a: Corviknight|90\/100|[from] item: Leftovers\n|-heal|p2a: Dondozo|87\/100|[from] item: Leftovers\n|upkeep\n|turn|80\n|\n|t:|1698872923\n|move|p1a: Corviknight|Iron Head|p2a: Dondozo\n|-resisted|p2a: Dondozo\n|-damage|p2a: Dondozo|81\/100\n|move|p2a: Dondozo|Yawn|p1a: Corviknight\n|-start|p1a: Corviknight|move: Yawn|[of] p2a: Dondozo\n|\n|-heal|p1a: Corviknight|96\/100|[from] item: Leftovers\n|-heal|p2a: Dondozo|88\/100|[from] item: Leftovers\n|upkeep\n|turn|81\n|\n|t:|1698872932\n|move|p1a: Corviknight|Iron Head|p2a: Dondozo\n|-resisted|p2a: Dondozo\n|-damage|p2a: Dondozo|82\/100\n|move|p2a: Dondozo|Earthquake|p1a: Corviknight\n|-immune|p1a: Corviknight\n|\n|-heal|p1a: Corviknight|100\/100|[from] item: Leftovers\n|-heal|p2a: Dondozo|88\/100|[from] item: Leftovers\n|-end|p1a: Corviknight|move: Yawn|[silent]\n|-status|p1a: Corviknight|slp\n|upkeep\n|turn|82\n|\n|t:|1698872944\n|cant|p1a: Corviknight|slp\n|move|p2a: Dondozo|Earthquake|p1a: Corviknight\n|-immune|p1a: Corviknight\n|\n|-heal|p2a: Dondozo|94\/100|[from] item: Leftovers\n|upkeep\n|turn|83\n|\n|t:|1698872955\n|cant|p1a: Corviknight|slp\n|move|p2a: Dondozo|Earthquake|p1a: Corviknight\n|-immune|p1a: Corviknight\n|\n|-heal|p2a: Dondozo|99\/100|[from] item: Leftovers\n|upkeep\n|turn|84\n|\n|t:|1698872961\n|-curestatus|p1a: Corviknight|slp|[msg]\n|move|p1a: Corviknight|Iron Head|p2a: Dondozo\n|-resisted|p2a: Dondozo\n|-damage|p2a: Dondozo|95\/100\n|move|p2a: Dondozo|Earthquake|p1a: Corviknight\n|-immune|p1a: Corviknight\n|\n|-heal|p2a: Dondozo|100\/100|[from] item: Leftovers\n|upkeep\n|turn|85\n|\n|t:|1698872970\n|move|p1a: Corviknight|Iron Head|p2a: Dondozo\n|-resisted|p2a: Dondozo\n|-damage|p2a: Dondozo|95\/100\n|move|p2a: Dondozo|Earthquake|p1a: Corviknight\n|-immune|p1a: Corviknight\n|\n|-heal|p2a: Dondozo|100\/100|[from] item: Leftovers\n|upkeep\n|turn|86\n|\n|t:|1698872977\n|move|p1a: Corviknight|Iron Head|p2a: Dondozo\n|-resisted|p2a: Dondozo\n|-damage|p2a: Dondozo|95\/100\n|cant|p2a: Dondozo|flinch\n|\n|-heal|p2a: Dondozo|100\/100|[from] item: Leftovers\n|upkeep\n|turn|87\n|\n|t:|1698872984\n|move|p1a: Corviknight|Iron Head|p2a: Dondozo\n|-resisted|p2a: Dondozo\n|-damage|p2a: Dondozo|95\/100\n|cant|p2a: Dondozo|flinch\n|\n|-heal|p2a: Dondozo|100\/100|[from] item: Leftovers\n|upkeep\n|turn|88\n|\n|t:|1698872992\n|move|p1a: Corviknight|Iron Head|p2a: Dondozo\n|-resisted|p2a: Dondozo\n|-damage|p2a: Dondozo|95\/100\n|move|p2a: Dondozo|Yawn|p1a: Corviknight\n|-start|p1a: Corviknight|move: Yawn|[of] p2a: Dondozo\n|\n|-heal|p2a: Dondozo|100\/100|[from] item: Leftovers\n|upkeep\n|turn|89\n|\n|t:|1698873001\n|move|p1a: Corviknight|Defog|p2a: Dondozo\n|-unboost|p2a: Dondozo|evasion|1\n|move|p2a: Dondozo|Earthquake|p1a: Corviknight\n|-immune|p1a: Corviknight\n|\n|-end|p1a: Corviknight|move: Yawn|[silent]\n|-status|p1a: Corviknight|slp\n|upkeep\n|turn|90\n|\n|t:|1698873011\n|cant|p1a: Corviknight|slp\n|move|p2a: Dondozo|Earthquake|p1a: Corviknight\n|-immune|p1a: Corviknight\n|\n|upkeep\n|turn|91\n|\n|t:|1698873018\n|cant|p1a: Corviknight|slp\n|move|p2a: Dondozo|Earthquake|p1a: Corviknight\n|-immune|p1a: Corviknight\n|\n|upkeep\n|turn|92\n|\n|t:|1698873023\n|cant|p1a: Corviknight|slp\n|move|p2a: Dondozo|Earthquake|p1a: Corviknight\n|-immune|p1a: Corviknight\n|\n|upkeep\n|turn|93\n|\n|t:|1698873027\n|-curestatus|p1a: Corviknight|slp|[msg]\n|move|p1a: Corviknight|Defog|p2a: Dondozo\n|-unboost|p2a: Dondozo|evasion|1\n|move|p2a: Dondozo|Earthquake|p1a: Corviknight\n|-immune|p1a: Corviknight\n|\n|upkeep\n|turn|94\n|\n|t:|1698873034\n|move|p1a: Corviknight|Defog|p2a: Dondozo\n|-unboost|p2a: Dondozo|evasion|1\n|move|p2a: Dondozo|Earthquake|p1a: Corviknight\n|-immune|p1a: Corviknight\n|\n|upkeep\n|turn|95\n|\n|t:|1698873040\n|move|p1a: Corviknight|Defog|p2a: Dondozo\n|-unboost|p2a: Dondozo|evasion|1\n|move|p2a: Dondozo|Yawn|p1a: Corviknight\n|-start|p1a: Corviknight|move: Yawn|[of] p2a: Dondozo\n|\n|upkeep\n|turn|96\n|\n|t:|1698873045\n|move|p1a: Corviknight|Defog|p2a: Dondozo\n|-unboost|p2a: Dondozo|evasion|1\n|move|p2a: Dondozo|Yawn||[still]\n|-fail|p2a: Dondozo\n|\n|-end|p1a: Corviknight|move: Yawn|[silent]\n|-status|p1a: Corviknight|slp\n|upkeep\n|turn|97\n|\n|t:|1698873054\n|cant|p1a: Corviknight|slp\n|-activate|p2a: Dondozo|move: Struggle\n|move|p2a: Dondozo|Struggle|p1a: Corviknight\n|-damage|p1a: Corviknight|96\/100 slp\n|-damage|p2a: Dondozo|75\/100|[from] recoil\n|\n|-heal|p1a: Corviknight|100\/100 slp|[from] item: Leftovers\n|-heal|p2a: Dondozo|82\/100|[from] item: Leftovers\n|upkeep\n|turn|98\n|\n|t:|1698873062\n|-curestatus|p1a: Corviknight|slp|[msg]\n|move|p1a: Corviknight|Defog|p2a: Dondozo\n|-unboost|p2a: Dondozo|evasion|1\n|-activate|p2a: Dondozo|move: Struggle\n|move|p2a: Dondozo|Struggle|p1a: Corviknight\n|-damage|p1a: Corviknight|95\/100\n|-damage|p2a: Dondozo|57\/100|[from] recoil\n|\n|-heal|p1a: Corviknight|100\/100|[from] item: Leftovers\n|-heal|p2a: Dondozo|63\/100|[from] item: Leftovers\n|upkeep\n|turn|99\n|\n|t:|1698873072\n|move|p1a: Corviknight|Air Slash|p2a: Dondozo\n|-damage|p2a: Dondozo|50\/100\n|cant|p2a: Dondozo|flinch\n|\n|-heal|p2a: Dondozo|56\/100|[from] item: Leftovers\n|upkeep\n|turn|100\n|c|\u2606derpychu06|gg lmao\n|\n|t:|1698873080\n|move|p1a: Corviknight|Iron Head|p2a: Dondozo\n|-resisted|p2a: Dondozo\n|-damage|p2a: Dondozo|50\/100\n|-activate|p2a: Dondozo|move: Struggle\n|move|p2a: Dondozo|Struggle|p1a: Corviknight\n|-damage|p1a: Corviknight|96\/100\n|-damage|p2a: Dondozo|25\/100|[from] recoil\n|\n|-heal|p1a: Corviknight|100\/100|[from] item: Leftovers\n|-heal|p2a: Dondozo|31\/100|[from] item: Leftovers\n|upkeep\n|turn|101\n|\n|t:|1698873090\n|move|p1a: Corviknight|Iron Head|p2a: Dondozo\n|-resisted|p2a: Dondozo\n|-damage|p2a: Dondozo|26\/100\n|-activate|p2a: Dondozo|move: Struggle\n|move|p2a: Dondozo|Struggle|p1a: Corviknight\n|-crit|p1a: Corviknight\n|-damage|p1a: Corviknight|89\/100\n|-damage|p2a: Dondozo|1\/100|[from] recoil\n|\n|-heal|p1a: Corviknight|96\/100|[from] item: Leftovers\n|-heal|p2a: Dondozo|7\/100|[from] item: Leftovers\n|upkeep\n|turn|102\n|\n|t:|1698873105\n|move|p1a: Corviknight|Iron Head|p2a: Dondozo\n|-resisted|p2a: Dondozo\n|-damage|p2a: Dondozo|1\/100\n|cant|p2a: Dondozo|flinch\n|\n|-heal|p1a: Corviknight|100\/100|[from] item: Leftovers\n|-heal|p2a: Dondozo|7\/100|[from] item: Leftovers\n|upkeep\n|turn|103\n|\n|t:|1698873119\n|move|p1a: Corviknight|Defog||[still]\n|-unboost|p2a: Dondozo|evasion|0\n|-fail|p1a: Corviknight\n|-activate|p2a: Dondozo|move: Struggle\n|move|p2a: Dondozo|Struggle|p1a: Corviknight\n|-damage|p1a: Corviknight|96\/100\n|-damage|p2a: Dondozo|0 fnt|[from] recoil\n|faint|p2a: Dondozo\n|\n|win|Hjshbahbsg\n|raw|Hjshbahbsg's rating: 1057 &rarr; <strong>1092<\/strong><br \/>(+35 for winning)\n|raw|derpychu06's rating: 1095 &rarr; <strong>1068<\/strong><br \/>(-27 for losing)\n","uploadtime":1698873133,"views":12,"p1id":"hjshbahbsg","p2id":"derpychu06","formatid":"gen9ubers","rating":1068,"private":0,"password":""}