{"id":"gen9ubers-1969178284","p1":"Vandenta","p2":"bsball8806","format":"[Gen 9] Ubers","log":"|j|\u2606Vandenta\n|j|\u2606bsball8806\n|t:|1697497430\n|gametype|singles\n|player|p1|Vandenta|musician|\n|player|p2|bsball8806|marlon|\n|teamsize|p1|6\n|teamsize|p2|6\n|gen|9\n|tier|[Gen 9] Ubers\n|rule|Sleep Clause Mod: Limit one foe put to sleep\n|rule|Species Clause: Limit one of each Pok\u00e9mon\n|rule|OHKO Clause: OHKO moves are banned\n|rule|Evasion Items Clause: Evasion items are banned\n|rule|Evasion Moves Clause: Evasion moves are banned\n|rule|Endless Battle Clause: Forcing endless battles is banned\n|rule|HP Percentage Mod: HP is shown in percentages\n|clearpoke\n|poke|p1|Slowking-Galar, F|\n|poke|p1|Lucario, F|\n|poke|p1|Hoopa|\n|poke|p1|Baxcalibur, M|\n|poke|p1|Milotic, M|\n|poke|p1|Donphan, F|\n|poke|p2|Dragapult, M|\n|poke|p2|Cinderace, F|\n|poke|p2|Zarude|\n|poke|p2|Fezandipiti, M|\n|poke|p2|Corviknight, F|\n|poke|p2|Quagsire, M|\n|teampreview\n|inactive|Battle timer is ON: inactive players will automatically lose when time's up. (requested by bsball8806)\n|inactiveoff|Battle timer is now OFF.\n|c|\u2606bsball8806|gl hf\n|c|\u2606Vandenta|gl man hope the honeymoon was good\n|c|\u2606bsball8806|thanks :) it was a blast\n|c|\u2606Vandenta|u know how to send live link\n|j| BPLD\n|j| PorygonTheBot\n|c| PorygonTheBot|I hope I win!\n|j| NEdgyman\n|c| BPLD|dont worry **I** got it\n|c| NEdgyman|I hope i win\n|\n|t:|1697497562\n|start\n|switch|p1a: Slowking|Slowking-Galar, F|100\/100\n|switch|p2a: Quagsire|Quagsire, M|100\/100\n|turn|1\n|\n|t:|1697497587\n|move|p1a: Slowking|Toxic|p2a: Quagsire\n|-status|p2a: Quagsire|tox\n|move|p2a: Quagsire|Stealth Rock|p1a: Slowking\n|-sidestart|p1: Vandenta|move: Stealth Rock\n|\n|-damage|p2a: Quagsire|94\/100 tox|[from] psn\n|upkeep\n|turn|2\n|\n|t:|1697497618\n|switch|p2a: Zarude|Zarude|100\/100\n|move|p1a: Slowking|Chilly Reception|p1a: Slowking\n|-weather|Snow\n|\n|t:|1697497706\n|switch|p1a: Baxcalibur|Baxcalibur, M|100\/100|[from] Chilly Reception\n|-damage|p1a: Baxcalibur|76\/100|[from] Stealth Rock\n|\n|-weather|Snow|[upkeep]\n|-heal|p1a: Baxcalibur|82\/100|[from] ability: Ice Body\n|upkeep\n|turn|3\n|\n|t:|1697497745\n|-terastallize|p2a: Zarude|Dark\n|move|p2a: Zarude|Knock Off|p1a: Baxcalibur\n|-damage|p1a: Baxcalibur|32\/100\n|-enditem|p1a: Baxcalibur|Loaded Dice|[from] move: Knock Off|[of] p2a: Zarude\n|move|p1a: Baxcalibur|Scale Shot|p2a: Zarude\n|-crit|p2a: Zarude\n|-damage|p2a: Zarude|82\/100\n|-damage|p2a: Zarude|67\/100\n|-hitcount|p2a: Zarude|2\n|-unboost|p1a: Baxcalibur|def|1\n|-boost|p1a: Baxcalibur|spe|1\n|\n|-weather|Snow|[upkeep]\n|-heal|p1a: Baxcalibur|39\/100|[from] ability: Ice Body\n|-heal|p2a: Zarude|74\/100|[from] item: Leftovers\n|upkeep\n|turn|4\n|c|\u2606Vandenta|not good\n|\n|t:|1697497790\n|move|p1a: Baxcalibur|Icicle Spear|p2a: Zarude\n|-damage|p2a: Zarude|59\/100\n|-damage|p2a: Zarude|45\/100\n|-damage|p2a: Zarude|32\/100\n|-damage|p2a: Zarude|18\/100\n|-hitcount|p2a: Zarude|4\n|move|p2a: Zarude|Knock Off|p1a: Baxcalibur\n|-damage|p1a: Baxcalibur|0 fnt\n|faint|p1a: Baxcalibur\n|\n|-weather|Snow|[upkeep]\n|-heal|p2a: Zarude|25\/100|[from] item: Leftovers\n|upkeep\n|\n|t:|1697497843\n|switch|p1a: Lucario|Lucario, F|100\/100\n|-damage|p1a: Lucario|98\/100|[from] Stealth Rock\n|turn|5\n|\n|t:|1697497862\n|switch|p2a: Corviknight|Corviknight, F|100\/100\n|-ability|p2a: Corviknight|Pressure\n|move|p1a: Lucario|Vacuum Wave|p2a: Corviknight\n|-damage|p2a: Corviknight|81\/100\n|\n|-weather|Snow|[upkeep]\n|upkeep\n|turn|6\n|\n|t:|1697497895\n|switch|p1a: Hoopa|Hoopa|100\/100\n|-damage|p1a: Hoopa|88\/100|[from] Stealth Rock\n|move|p2a: Corviknight|U-turn|p1a: Hoopa\n|-damage|p1a: Hoopa|66\/100\n|\n|t:|1697497930\n|switch|p2a: Dragapult|Dragapult, M|100\/100|[from] U-turn\n|\n|-weather|Snow|[upkeep]\n|upkeep\n|turn|7\n|\n|t:|1697497953\n|switch|p1a: Milotic|Milotic, M|100\/100\n|-damage|p1a: Milotic|88\/100|[from] Stealth Rock\n|move|p2a: Dragapult|U-turn|p1a: Milotic\n|-damage|p1a: Milotic|76\/100\n|j| Swagadile\n|j| Seior\n|\n|t:|1697497987\n|switch|p2a: Zarude|Zarude, tera:Dark|25\/100|[from] U-turn\n|\n|-weather|Snow|[upkeep]\n|-heal|p2a: Zarude|31\/100|[from] item: Leftovers\n|-status|p1a: Milotic|brn|[from] item: Flame Orb\n|upkeep\n|turn|8\n|\n|t:|1697498008\n|move|p2a: Zarude|Power Whip|p1a: Milotic\n|-supereffective|p1a: Milotic\n|-damage|p1a: Milotic|9\/100 brn\n|move|p1a: Milotic|Scald|p2a: Zarude\n|-damage|p2a: Zarude|2\/100\n|\n|-weather|Snow|[upkeep]\n|-heal|p2a: Zarude|8\/100|[from] item: Leftovers\n|-damage|p1a: Milotic|3\/100 brn|[from] brn\n|upkeep\n|turn|9\n|\n|t:|1697498060\n|switch|p2a: Corviknight|Corviknight, F|81\/100\n|-ability|p2a: Corviknight|Pressure\n|move|p1a: Milotic|Recover|p1a: Milotic\n|-heal|p1a: Milotic|53\/100 brn\n|\n|-weather|none\n|-damage|p1a: Milotic|46\/100 brn|[from] brn\n|upkeep\n|turn|10\n|\n|t:|1697498084\n|move|p1a: Milotic|Flip Turn|p2a: Corviknight\n|-damage|p2a: Corviknight|77\/100\n|\n|t:|1697498095\n|switch|p1a: Donphan|Donphan, F|100\/100|[from] Flip Turn\n|move|p2a: Corviknight|U-turn|p1a: Donphan\n|-damage|p1a: Donphan|92\/100\n|\n|t:|1697498140\n|switch|p2a: Zarude|Zarude, tera:Dark|8\/100|[from] U-turn\n|\n|-heal|p2a: Zarude|14\/100|[from] item: Leftovers\n|upkeep\n|turn|11\n|j| adghhgtyh\n|\n|t:|1697498151\n|move|p2a: Zarude|Power Whip|p1a: Donphan\n|-supereffective|p1a: Donphan\n|-damage|p1a: Donphan|12\/100\n|move|p1a: Donphan|Rapid Spin|p2a: Zarude\n|-damage|p2a: Zarude|2\/100\n|-boost|p1a: Donphan|spe|1\n|-sideend|p1: Vandenta|Stealth Rock|[from] move: Rapid Spin|[of] p1a: Donphan\n|\n|-heal|p2a: Zarude|9\/100|[from] item: Leftovers\n|upkeep\n|turn|12\n|l| adghhgtyh\n|\n|t:|1697498180\n|move|p2a: Zarude|Knock Off|p1a: Donphan\n|-damage|p1a: Donphan|0 fnt\n|-enditem|p1a: Donphan|Heavy-Duty Boots|[from] move: Knock Off|[of] p2a: Zarude\n|faint|p1a: Donphan\n|\n|-heal|p2a: Zarude|15\/100|[from] item: Leftovers\n|upkeep\n|c|\u2606Vandenta|@ baku im gonna lose this one but i just wanted to point out flame orb saved me a hit\n|c| Seior|no\n|\n|t:|1697498198\n|switch|p1a: Lucario|Lucario, F|98\/100\n|turn|13\n|c| Seior|ima be real\n|c| Seior|no\n|c| Seior|with some luv\n|c| Seior|no\n|c|\u2606Vandenta|thanks for saying with love\n|\n|t:|1697498228\n|switch|p2a: Corviknight|Corviknight, F|77\/100\n|-ability|p2a: Corviknight|Pressure\n|switch|p1a: Slowking|Slowking-Galar, F|100\/100\n|\n|upkeep\n|turn|14\n|c| Seior|a bit of hate on the side tho\n|\n|t:|1697498243\n|move|p2a: Corviknight|U-turn|p1a: Slowking\n|-damage|p1a: Slowking|88\/100\n|\n|t:|1697498245\n|switch|p2a: Quagsire|Quagsire, M|94\/100 tox|[from] U-turn\n|move|p1a: Slowking|Flamethrower|p2a: Quagsire\n|-resisted|p2a: Quagsire\n|-damage|p2a: Quagsire|79\/100 tox\n|\n|-damage|p2a: Quagsire|73\/100 tox|[from] psn\n|upkeep\n|turn|15\n|\n|t:|1697498261\n|move|p1a: Slowking|Chilly Reception|p1a: Slowking\n|-weather|Snow\n|l| Swagadile\n|\n|t:|1697498273\n|switch|p1a: Milotic|Milotic, M|46\/100 brn|[from] Chilly Reception\n|move|p2a: Quagsire|Stealth Rock|p1a: Milotic\n|-sidestart|p1: Vandenta|move: Stealth Rock\n|\n|-weather|Snow|[upkeep]\n|-damage|p2a: Quagsire|61\/100 tox|[from] psn\n|-damage|p1a: Milotic|40\/100 brn|[from] brn\n|upkeep\n|turn|16\n|\n|t:|1697498287\n|switch|p2a: Corviknight|Corviknight, F|77\/100\n|-ability|p2a: Corviknight|Pressure\n|move|p1a: Milotic|Flip Turn|p2a: Corviknight\n|-damage|p2a: Corviknight|73\/100\n|\n|t:|1697498301\n|switch|p1a: Slowking|Slowking-Galar, F|100\/100|[from] Flip Turn\n|-damage|p1a: Slowking|88\/100|[from] Stealth Rock\n|\n|-weather|Snow|[upkeep]\n|upkeep\n|turn|17\n|\n|t:|1697498338\n|switch|p2a: Quagsire|Quagsire, M|61\/100 tox\n|move|p1a: Slowking|Chilly Reception|p1a: Slowking\n|\n|t:|1697498345\n|switch|p1a: Milotic|Milotic, M|40\/100 brn|[from] Chilly Reception\n|-damage|p1a: Milotic|28\/100 brn|[from] Stealth Rock\n|\n|-weather|Snow|[upkeep]\n|-damage|p2a: Quagsire|55\/100 tox|[from] psn\n|-damage|p1a: Milotic|22\/100 brn|[from] brn\n|upkeep\n|turn|18\n|\n|t:|1697498351\n|move|p1a: Milotic|Recover|p1a: Milotic\n|-heal|p1a: Milotic|72\/100 brn\n|move|p2a: Quagsire|Recover|p2a: Quagsire\n|-heal|p2a: Quagsire|100\/100 tox\n|\n|-weather|Snow|[upkeep]\n|-damage|p2a: Quagsire|88\/100 tox|[from] psn\n|-damage|p1a: Milotic|66\/100 brn|[from] brn\n|upkeep\n|turn|19\n|\n|t:|1697498361\n|move|p1a: Milotic|Ice Beam|p2a: Quagsire\n|-damage|p2a: Quagsire|62\/100 tox\n|move|p2a: Quagsire|Earthquake|p1a: Milotic\n|-damage|p1a: Milotic|49\/100 brn\n|\n|-weather|Snow|[upkeep]\n|-damage|p2a: Quagsire|44\/100 tox|[from] psn\n|-damage|p1a: Milotic|43\/100 brn|[from] brn\n|upkeep\n|turn|20\n|\n|t:|1697498368\n|move|p1a: Milotic|Recover|p1a: Milotic\n|-heal|p1a: Milotic|93\/100 brn\n|move|p2a: Quagsire|Recover|p2a: Quagsire\n|-heal|p2a: Quagsire|94\/100 tox\n|\n|-weather|Snow|[upkeep]\n|-damage|p2a: Quagsire|70\/100 tox|[from] psn\n|-damage|p1a: Milotic|87\/100 brn|[from] brn\n|upkeep\n|turn|21\n|\n|t:|1697498388\n|switch|p2a: Corviknight|Corviknight, F|73\/100\n|-ability|p2a: Corviknight|Pressure\n|move|p1a: Milotic|Flip Turn|p2a: Corviknight\n|-damage|p2a: Corviknight|69\/100\n|\n|t:|1697498393\n|switch|p1a: Slowking|Slowking-Galar, F|100\/100|[from] Flip Turn\n|-damage|p1a: Slowking|88\/100|[from] Stealth Rock\n|\n|-weather|Snow|[upkeep]\n|upkeep\n|turn|22\n|\n|t:|1697498414\n|switch|p2a: Cinderace|Cinderace, F|100\/100\n|move|p1a: Slowking|Flamethrower|p2a: Cinderace\n|-resisted|p2a: Cinderace\n|-damage|p2a: Cinderace|84\/100\n|\n|-weather|none\n|upkeep\n|turn|23\n|\n|t:|1697498429\n|move|p2a: Cinderace|U-turn|p1a: Slowking\n|-start|p2a: Cinderace|typechange|Bug|[from] ability: Libero\n|-damage|p1a: Slowking|56\/100\n|\n|t:|1697498441\n|switch|p2a: Corviknight|Corviknight, F|69\/100|[from] U-turn\n|-ability|p2a: Corviknight|Pressure\n|move|p1a: Slowking|Chilly Reception|p1a: Slowking\n|-weather|Snow\n|\n|t:|1697498447\n|switch|p1a: Hoopa|Hoopa|66\/100|[from] Chilly Reception\n|-damage|p1a: Hoopa|54\/100|[from] Stealth Rock\n|\n|-weather|Snow|[upkeep]\n|upkeep\n|turn|24\n|\n|t:|1697498543\n|switch|p2a: Zarude|Zarude, tera:Dark|15\/100\n|move|p1a: Hoopa|Trick|p2a: Zarude\n|-activate|p1a: Hoopa|move: Trick|[of] p2a: Zarude\n|-item|p2a: Zarude|Choice Specs|[from] move: Trick\n|-item|p1a: Hoopa|Leftovers|[from] move: Trick\n|\n|-weather|Snow|[upkeep]\n|-heal|p1a: Hoopa|60\/100|[from] item: Leftovers\n|upkeep\n|turn|25\n|\n|t:|1697498567\n|switch|p1a: Milotic|Milotic, M|87\/100 brn\n|-damage|p1a: Milotic|75\/100 brn|[from] Stealth Rock\n|move|p2a: Zarude|Knock Off|p1a: Milotic\n|-damage|p1a: Milotic|39\/100 brn\n|-enditem|p1a: Milotic|Flame Orb|[from] move: Knock Off|[of] p2a: Zarude\n|\n|-weather|Snow|[upkeep]\n|-damage|p1a: Milotic|33\/100 brn|[from] brn\n|upkeep\n|turn|26\n|\n|t:|1697498594\n|switch|p2a: Corviknight|Corviknight, F|69\/100\n|-ability|p2a: Corviknight|Pressure\n|move|p1a: Milotic|Recover|p1a: Milotic\n|-heal|p1a: Milotic|83\/100 brn\n|\n|-weather|Snow|[upkeep]\n|-damage|p1a: Milotic|77\/100 brn|[from] brn\n|upkeep\n|turn|27\n|\n|t:|1697498608\n|move|p1a: Milotic|Scald|p2a: Corviknight\n|-damage|p2a: Corviknight|43\/100\n|-status|p2a: Corviknight|brn\n|move|p2a: Corviknight|U-turn|p1a: Milotic\n|-damage|p1a: Milotic|73\/100 brn\n|\n|t:|1697498656\n|switch|p2a: Zarude|Zarude, tera:Dark|15\/100|[from] U-turn\n|\n|-weather|Snow|[upkeep]\n|-damage|p1a: Milotic|67\/100 brn|[from] brn\n|upkeep\n|turn|28\n|\n|t:|1697498673\n|move|p2a: Zarude|Knock Off|p1a: Milotic\n|-damage|p1a: Milotic|43\/100 brn\n|move|p1a: Milotic|Scald|p2a: Zarude\n|-damage|p2a: Zarude|0 fnt\n|faint|p2a: Zarude\n|\n|-weather|Snow|[upkeep]\n|-damage|p1a: Milotic|37\/100 brn|[from] brn\n|upkeep\n|j| Swagadile\n|\n|t:|1697498684\n|switch|p2a: Dragapult|Dragapult, M|100\/100\n|turn|29\n|\n|t:|1697498694\n|move|p2a: Dragapult|Hex|p1a: Milotic\n|-damage|p1a: Milotic|0 fnt\n|faint|p1a: Milotic\n|\n|-weather|Snow|[upkeep]\n|upkeep\n|\n|t:|1697498711\n|switch|p1a: Lucario|Lucario, F|98\/100\n|-damage|p1a: Lucario|95\/100|[from] Stealth Rock\n|turn|30\n|\n|t:|1697498732\n|switch|p2a: Corviknight|Corviknight, F|43\/100 brn\n|-ability|p2a: Corviknight|Pressure\n|move|p1a: Lucario|Nasty Plot|p1a: Lucario\n|-boost|p1a: Lucario|spa|2\n|\n|-weather|none\n|-damage|p2a: Corviknight|37\/100 brn|[from] brn\n|upkeep\n|turn|31\n|\n|t:|1697498755\n|move|p1a: Lucario|Shadow Ball|p2a: Corviknight\n|-damage|p2a: Corviknight|0 fnt\n|faint|p2a: Corviknight\n|\n|upkeep\n|\n|t:|1697498777\n|switch|p2a: Quagsire|Quagsire, M|70\/100 tox\n|turn|32\n|\n|t:|1697498816\n|-terastallize|p1a: Lucario|Ground\n|move|p1a: Lucario|Tera Blast|p2a: Quagsire|[anim] Tera Blast Ground\n|-damage|p2a: Quagsire|24\/100 tox\n|move|p2a: Quagsire|Earthquake|p1a: Lucario\n|-damage|p1a: Lucario|42\/100\n|\n|-damage|p2a: Quagsire|18\/100 tox|[from] psn\n|upkeep\n|turn|33\n|j| MonkeyManStan\n|j| Free Hong Kong Now\n|c| MonkeyManStan|YEAAAAH THATS MY HORSE\n|c| Seior|shut up\n|\n|t:|1697498844\n|move|p1a: Lucario|Shadow Ball|p2a: Quagsire\n|-damage|p2a: Quagsire|0 fnt\n|faint|p2a: Quagsire\n|\n|upkeep\n|c| NEdgyman|get somes bitches and horse\n|\n|t:|1697498912\n|switch|p2a: Cinderace|Cinderace, F|84\/100\n|turn|34\n|l| Swagadile\n|\n|t:|1697498955\n|move|p1a: Lucario|Vacuum Wave|p2a: Cinderace\n|-damage|p2a: Cinderace|36\/100\n|move|p2a: Cinderace|U-turn|p1a: Lucario\n|-start|p2a: Cinderace|typechange|Bug|[from] ability: Libero\n|-damage|p1a: Lucario|0 fnt\n|faint|p1a: Lucario\n|j| Swagadile\n|\n|t:|1697498995\n|switch|p2a: Fezandipiti|Fezandipiti, M|100\/100|[from] U-turn\n|\n|upkeep\n|\n|t:|1697499004\n|switch|p1a: Slowking|Slowking-Galar, F|89\/100\n|-damage|p1a: Slowking|77\/100|[from] Stealth Rock\n|turn|35\n|\n|t:|1697499009\n|move|p2a: Fezandipiti|Shadow Claw|p1a: Slowking\n|-supereffective|p1a: Slowking\n|-damage|p1a: Slowking|46\/100\n|move|p1a: Slowking|Psyshock|p2a: Fezandipiti\n|-supereffective|p2a: Fezandipiti\n|-damage|p2a: Fezandipiti|25\/100\n|\n|upkeep\n|turn|36\n|\n|t:|1697499021\n|move|p2a: Fezandipiti|Shadow Claw|p1a: Slowking\n|-supereffective|p1a: Slowking\n|-damage|p1a: Slowking|15\/100\n|move|p1a: Slowking|Psyshock|p2a: Fezandipiti\n|-supereffective|p2a: Fezandipiti\n|-damage|p2a: Fezandipiti|0 fnt\n|faint|p2a: Fezandipiti\n|\n|upkeep\n|\n|t:|1697499027\n|switch|p2a: Dragapult|Dragapult, M|100\/100\n|turn|37\n|\n|t:|1697499032\n|switch|p1a: Hoopa|Hoopa|60\/100\n|-damage|p1a: Hoopa|47\/100|[from] Stealth Rock\n|move|p2a: Dragapult|Hex|p1a: Hoopa\n|-supereffective|p1a: Hoopa\n|-damage|p1a: Hoopa|0 fnt\n|faint|p1a: Hoopa\n|\n|upkeep\n|\n|t:|1697499033\n|switch|p1a: Slowking|Slowking-Galar, F|48\/100\n|-damage|p1a: Slowking|36\/100|[from] Stealth Rock\n|turn|38\n|\n|t:|1697499039\n|move|p2a: Dragapult|Hex|p1a: Slowking\n|-supereffective|p1a: Slowking\n|-damage|p1a: Slowking|0 fnt\n|faint|p1a: Slowking\n|\n|win|bsball8806\n|l| PorygonTheBot\n|c|\u2606Vandenta|Gg\n|l| MonkeyManStan\n|c|\u2606bsball8806|gg\n|l|\u2606bsball8806\n|l| NEdgyman\n|l| Swagadile\n|l| Seior\n|l|\u2606Vandenta\n","uploadtime":1697499040,"views":25,"p1id":"vandenta","p2id":"bsball8806","formatid":"gen9ubers","rating":0,"private":0,"password":""}