{"id":"gen9ubers-1994538537","p1":"Wubooosies","p2":"Bigsmokemorel","format":"[Gen 9] Ubers","log":"|j|\u2606Wubooosies\n|j|\u2606Bigsmokemorel\n|t:|1700456459\n|gametype|singles\n|player|p1|Wubooosies|266|\n|player|p2|Bigsmokemorel|flannery|\n|teamsize|p1|6\n|teamsize|p2|6\n|gen|9\n|tier|[Gen 9] Ubers\n|rule|Sleep Clause Mod: Limit one foe put to sleep\n|rule|Species Clause: Limit one of each Pok\u00e9mon\n|rule|OHKO Clause: OHKO moves are banned\n|rule|Evasion Items Clause: Evasion items are banned\n|rule|Evasion Moves Clause: Evasion moves are banned\n|rule|Endless Battle Clause: Forcing endless battles is banned\n|rule|HP Percentage Mod: HP is shown in percentages\n|clearpoke\n|poke|p1|Orthworm, M|\n|poke|p1|Iron Treads|\n|poke|p1|Armarouge, F|\n|poke|p1|Dipplin, M|\n|poke|p1|Dudunsparce-*, F|\n|poke|p1|Pawmot, M|\n|poke|p2|Gliscor, F|\n|poke|p2|Heatran, F|\n|poke|p2|Vikavolt, F|\n|poke|p2|Azumarill, F|\n|poke|p2|Haxorus, F|\n|poke|p2|Tauros-Paldea-Blaze, M|\n|teampreview\n|inactive|Battle timer is ON: inactive players will automatically lose when time's up. (requested by Bigsmokemorel)\n|c|\u2606Bigsmokemorel|gl hf\n|j| butter dk\n|c| butter dk|we're gaming folks\n|inactive|Bigsmokemorel has 270 seconds left.\n|\n|t:|1700456490\n|start\n|switch|p1a: Steve|Orthworm, M|100\/100\n|switch|p2a: deep purple|Gliscor, F|100\/100\n|turn|1\n|\n|t:|1700456511\n|-terastallize|p1a: Steve|Flying\n|move|p2a: deep purple|Taunt|p1a: Steve\n|-start|p1a: Steve|move: Taunt\n|-enditem|p1a: Steve|Mental Herb\n|-end|p1a: Steve|move: Taunt\n|move|p1a: Steve|Shed Tail|p1a: Steve\n|-start|p1a: Steve|Substitute|[from] move: Shed Tail\n|-damage|p1a: Steve|50\/100\n|\n|t:|1700456523\n|switch|p1a: Candy King|Dipplin, M, shiny|100\/100|[from] Shed Tail\n|-ability|p1a: Candy King|Supersweet Syrup\n|-ability|p1a: Candy King|Supersweet Syrup|boost\n|-unboost|p2a: deep purple|evasion|1\n|\n|-status|p2a: deep purple|tox|[from] item: Toxic Orb\n|upkeep\n|turn|2\n|c|\u2606Bigsmokemorel|ok i c u\n|\n|t:|1700456542\n|switch|p2a: liquidhotmagma|Heatran, F|100\/100\n|move|p1a: Candy King|Syrup Bomb|p2a: liquidhotmagma\n|-resisted|p2a: liquidhotmagma\n|-crit|p2a: liquidhotmagma\n|-damage|p2a: liquidhotmagma|94\/100\n|-start|p2a: liquidhotmagma|Syrup Bomb\n|\n|-heal|p2a: liquidhotmagma|100\/100|[from] item: Leftovers\n|-unboost|p2a: liquidhotmagma|spe|1\n|upkeep\n|turn|3\n|inactive|Wubooosies has 270 seconds left.\n|c| butter dk|bro is GOOEY\n|\n|t:|1700456560\n|move|p1a: Candy King|Sucker Punch|p2a: liquidhotmagma\n|-damage|p2a: liquidhotmagma|88\/100\n|move|p2a: liquidhotmagma|Flash Cannon|p1a: Candy King\n|-end|p1a: Candy King|Substitute\n|\n|-heal|p2a: liquidhotmagma|95\/100|[from] item: Leftovers\n|-unboost|p2a: liquidhotmagma|spe|1\n|upkeep\n|turn|4\n|c|\u2606Bigsmokemorel|im so sticky\n|inactive|Wubooosies has 270 seconds left.\n|\n|t:|1700456574\n|switch|p1a: Mega Man|Armarouge, F|100\/100\n|move|p2a: liquidhotmagma|Magma Storm|p1a: Mega Man\n|-resisted|p1a: Mega Man\n|-damage|p1a: Mega Man|75\/100\n|-activate|p1a: Mega Man|move: Magma Storm|[of] p2a: liquidhotmagma\n|\n|-heal|p2a: liquidhotmagma|100\/100|[from] item: Leftovers\n|-damage|p1a: Mega Man|63\/100|[from] move: Magma Storm|[partiallytrapped]\n|-unboost|p2a: liquidhotmagma|spe|1\n|upkeep\n|turn|5\n|inactive|Wubooosies has 270 seconds left.\n|\n|t:|1700456590\n|move|p1a: Mega Man|Calm Mind|p1a: Mega Man\n|-boost|p1a: Mega Man|spa|1\n|-boost|p1a: Mega Man|spd|1\n|move|p2a: liquidhotmagma|Power Gem|p1a: Mega Man\n|-supereffective|p1a: Mega Man\n|-damage|p1a: Mega Man|26\/100\n|-enditem|p1a: Mega Man|Weakness Policy\n|-boost|p1a: Mega Man|atk|2|[from] item: Weakness Policy\n|-boost|p1a: Mega Man|spa|2|[from] item: Weakness Policy\n|\n|-damage|p1a: Mega Man|13\/100|[from] move: Magma Storm|[partiallytrapped]\n|-end|p2a: liquidhotmagma|Syrup Bomb|[silent]\n|upkeep\n|turn|6\n|inactive|Wubooosies has 270 seconds left.\n|inactive|Bigsmokemorel has 270 seconds left.\n|\n|t:|1700456618\n|move|p1a: Mega Man|Psychic|p2a: liquidhotmagma\n|-resisted|p2a: liquidhotmagma\n|-damage|p2a: liquidhotmagma|61\/100\n|move|p2a: liquidhotmagma|Power Gem|p1a: Mega Man\n|-supereffective|p1a: Mega Man\n|-damage|p1a: Mega Man|0 fnt\n|faint|p1a: Mega Man\n|\n|-heal|p2a: liquidhotmagma|67\/100|[from] item: Leftovers\n|upkeep\n|\n|t:|1700456630\n|switch|p1a: #Blessed|Pawmot, M|100\/100\n|turn|7\n|\n|t:|1700456635\n|switch|p2a: deep purple|Gliscor, F|100\/100 tox\n|move|p1a: #Blessed|Brick Break|p2a: deep purple\n|-resisted|p2a: deep purple\n|-damage|p2a: deep purple|85\/100 tox\n|\n|-heal|p2a: deep purple|98\/100 tox|[from] ability: Poison Heal\n|upkeep\n|turn|8\n|\n|t:|1700456647\n|switch|p1a: Steve|Orthworm, M, tera:Flying|50\/100\n|move|p2a: deep purple|Crabhammer|p1a: Steve\n|-damage|p1a: Steve|34\/100\n|\n|-heal|p2a: deep purple|100\/100 tox|[from] ability: Poison Heal\n|upkeep\n|turn|9\n|\n|t:|1700456658\n|move|p2a: deep purple|Taunt|p1a: Steve\n|-start|p1a: Steve|move: Taunt\n|move|p1a: Steve|Rock Slide|p2a: deep purple\n|-damage|p2a: deep purple|88\/100 tox\n|\n|-heal|p2a: deep purple|99\/100 tox|[from] ability: Poison Heal\n|upkeep\n|turn|10\n|inactive|Wubooosies has 270 seconds left.\n|\n|t:|1700456670\n|move|p2a: deep purple|Crabhammer|p1a: Steve\n|-damage|p1a: Steve|17\/100\n|move|p1a: Steve|Heavy Slam|p2a: deep purple\n|-damage|p2a: deep purple|67\/100 tox\n|\n|-heal|p2a: deep purple|80\/100 tox|[from] ability: Poison Heal\n|upkeep\n|turn|11\n|inactive|Wubooosies has 270 seconds left.\n|c| butter dk|ril gliscor gets crabhammer lmao\n|c| butter dk|til\n|\n|t:|1700456682\n|move|p2a: deep purple|Crabhammer|p1a: Steve\n|-crit|p1a: Steve\n|-damage|p1a: Steve|0 fnt\n|faint|p1a: Steve\n|\n|-heal|p2a: deep purple|92\/100 tox|[from] ability: Poison Heal\n|upkeep\n|inactive|Wubooosies has 270 seconds left.\n|\n|t:|1700456697\n|switch|p1a: Joke Character|Dudunsparce, F|100\/100\n|turn|12\n|inactive|Wubooosies has 270 seconds left.\n|\n|t:|1700456723\n|switch|p2a: liquidhotmagma|Heatran, F|67\/100\n|move|p1a: Joke Character|Ancient Power|p2a: liquidhotmagma\n|-crit|p2a: liquidhotmagma\n|-damage|p2a: liquidhotmagma|52\/100\n|-damage|p1a: Joke Character|91\/100|[from] item: Life Orb\n|\n|-heal|p2a: liquidhotmagma|58\/100|[from] item: Leftovers\n|upkeep\n|turn|13\n|inactive|Wubooosies has 270 seconds left.\n|\n|t:|1700456736\n|move|p2a: liquidhotmagma|Magma Storm|p1a: Joke Character\n|-damage|p1a: Joke Character|49\/100\n|-activate|p1a: Joke Character|move: Magma Storm|[of] p2a: liquidhotmagma\n|move|p1a: Joke Character|Ancient Power|p2a: liquidhotmagma\n|-damage|p2a: liquidhotmagma|49\/100\n|-damage|p1a: Joke Character|39\/100|[from] item: Life Orb\n|\n|-heal|p2a: liquidhotmagma|55\/100|[from] item: Leftovers\n|-damage|p1a: Joke Character|26\/100|[from] move: Magma Storm|[partiallytrapped]\n|upkeep\n|turn|14\n|inactive|Wubooosies has 270 seconds left.\n|\n|t:|1700456746\n|move|p2a: liquidhotmagma|Stealth Rock|p1a: Joke Character\n|-sidestart|p1: Wubooosies|move: Stealth Rock\n|move|p1a: Joke Character|Poison Jab|p2a: liquidhotmagma\n|-immune|p2a: liquidhotmagma\n|\n|-heal|p2a: liquidhotmagma|62\/100|[from] item: Leftovers\n|-damage|p1a: Joke Character|14\/100|[from] move: Magma Storm|[partiallytrapped]\n|upkeep\n|turn|15\n|inactive|Wubooosies has 270 seconds left.\n|\n|t:|1700456765\n|move|p2a: liquidhotmagma|Power Gem|p1a: Joke Character\n|-damage|p1a: Joke Character|0 fnt\n|faint|p1a: Joke Character\n|\n|-heal|p2a: liquidhotmagma|68\/100|[from] item: Leftovers\n|upkeep\n|\n|t:|1700456776\n|switch|p1a: #Blessed|Pawmot, M|100\/100\n|-damage|p1a: #Blessed|94\/100|[from] Stealth Rock\n|turn|16\n|\n|t:|1700456786\n|switch|p2a: 1999 Ford Tauros|Tauros-Paldea-Blaze, M|100\/100\n|-ability|p2a: 1999 Ford Tauros|Intimidate|boost\n|-unboost|p1a: #Blessed|atk|1\n|move|p1a: #Blessed|Revival Blessing|p1a: #Blessed\n|\n|t:|1700456793\n|-heal|p1: Steve|50\/100|[from] move: Revival Blessing\n|\n|upkeep\n|turn|17\n|\n|t:|1700456810\n|move|p2a: 1999 Ford Tauros|Close Combat|p1a: #Blessed\n|-damage|p1a: #Blessed|0 fnt\n|-unboost|p2a: 1999 Ford Tauros|def|1\n|-unboost|p2a: 1999 Ford Tauros|spd|1\n|faint|p1a: #Blessed\n|\n|upkeep\n|inactive|Wubooosies has 270 seconds left.\n|\n|t:|1700456818\n|switch|p1a: Steve|Orthworm, M|50\/100\n|-damage|p1a: Steve|44\/100|[from] Stealth Rock\n|turn|18\n|\n|t:|1700456827\n|move|p2a: 1999 Ford Tauros|Close Combat|p1a: Steve\n|-supereffective|p1a: Steve\n|-damage|p1a: Steve|0 fnt\n|-unboost|p2a: 1999 Ford Tauros|def|1\n|-unboost|p2a: 1999 Ford Tauros|spd|1\n|faint|p1a: Steve\n|\n|upkeep\n|\n|t:|1700456835\n|switch|p1a: Speedie Wheels|Iron Treads|100\/100\n|-damage|p1a: Speedie Wheels|97\/100|[from] Stealth Rock\n|-enditem|p1a: Speedie Wheels|Booster Energy\n|-activate|p1a: Speedie Wheels|ability: Quark Drive|[fromitem]\n|-start|p1a: Speedie Wheels|quarkdrivespe\n|turn|19\n|c|\u2606Bigsmokemorel|i didnt know you lost the tera type when you dided\n|c|\u2606Bigsmokemorel|neat\n|\n|t:|1700456849\n|switch|p2a: deep purple|Gliscor, F|92\/100 tox\n|move|p1a: Speedie Wheels|Rapid Spin|p2a: deep purple\n|-damage|p2a: deep purple|82\/100 tox\n|-boost|p1a: Speedie Wheels|spe|1\n|-sideend|p1: Wubooosies|Stealth Rock|[from] move: Rapid Spin|[of] p1a: Speedie Wheels\n|\n|-heal|p2a: deep purple|95\/100 tox|[from] ability: Poison Heal\n|upkeep\n|turn|20\n|\n|t:|1700456861\n|-terastallize|p2a: deep purple|Water\n|move|p1a: Speedie Wheels|Ice Fang|p2a: deep purple\n|-resisted|p2a: deep purple\n|-damage|p2a: deep purple|89\/100 tox\n|move|p2a: deep purple|Crabhammer|p1a: Speedie Wheels|[miss]\n|-miss|p2a: deep purple|p1a: Speedie Wheels\n|\n|-heal|p2a: deep purple|100\/100 tox|[from] ability: Poison Heal\n|upkeep\n|turn|21\n|\n|t:|1700456878\n|move|p1a: Speedie Wheels|Earthquake|p2a: deep purple\n|-damage|p2a: deep purple|73\/100 tox\n|move|p2a: deep purple|Crabhammer|p1a: Speedie Wheels\n|-supereffective|p1a: Speedie Wheels\n|-damage|p1a: Speedie Wheels|37\/100\n|\n|-heal|p2a: deep purple|85\/100 tox|[from] ability: Poison Heal\n|upkeep\n|turn|22\n|\n|t:|1700456888\n|move|p1a: Speedie Wheels|Earthquake|p2a: deep purple\n|-damage|p2a: deep purple|57\/100 tox\n|move|p2a: deep purple|Earthquake|p1a: Speedie Wheels\n|-supereffective|p1a: Speedie Wheels\n|-damage|p1a: Speedie Wheels|0 fnt\n|faint|p1a: Speedie Wheels\n|-end|p1a: Speedie Wheels|Quark Drive|[silent]\n|\n|-heal|p2a: deep purple|69\/100 tox|[from] ability: Poison Heal\n|upkeep\n|\n|t:|1700456896\n|switch|p1a: Candy King|Dipplin, M, shiny|100\/100\n|turn|23\n|\n|t:|1700456909\n|switch|p2a: hax shepard|Haxorus, F|100\/100\n|-ability|p2a: hax shepard|Mold Breaker\n|move|p1a: Candy King|Sucker Punch||[still]\n|-fail|p1a: Candy King\n|\n|upkeep\n|turn|24\n|\n|t:|1700456919\n|move|p2a: hax shepard|Scale Shot|p1a: Candy King\n|-supereffective|p1a: Candy King\n|-damage|p1a: Candy King|81\/100\n|-supereffective|p1a: Candy King\n|-damage|p1a: Candy King|63\/100\n|-supereffective|p1a: Candy King\n|-damage|p1a: Candy King|43\/100\n|-supereffective|p1a: Candy King\n|-damage|p1a: Candy King|22\/100\n|-hitcount|p1a: Candy King|4\n|-unboost|p2a: hax shepard|def|1\n|-boost|p2a: hax shepard|spe|1\n|move|p1a: Candy King|Dragon Pulse|p2a: hax shepard\n|-supereffective|p2a: hax shepard\n|-damage|p2a: hax shepard|0 fnt\n|faint|p2a: hax shepard\n|\n|upkeep\n|c| butter dk|dipplin sweep baby\n|\n|t:|1700456935\n|switch|p2a: 1999 Ford Tauros|Tauros-Paldea-Blaze, M|100\/100\n|-ability|p2a: 1999 Ford Tauros|Intimidate|boost\n|-unboost|p1a: Candy King|atk|1\n|turn|25\n|c| butter dk|here's how we can still win\n|\n|t:|1700456944\n|move|p1a: Candy King|Sucker Punch|p2a: 1999 Ford Tauros\n|-resisted|p2a: 1999 Ford Tauros\n|-damage|p2a: 1999 Ford Tauros|95\/100\n|move|p2a: 1999 Ford Tauros|Close Combat|p1a: Candy King\n|-damage|p1a: Candy King|0 fnt\n|-unboost|p2a: 1999 Ford Tauros|def|1\n|-unboost|p2a: 1999 Ford Tauros|spd|1\n|faint|p1a: Candy King\n|\n|win|Bigsmokemorel\n|c|\u2606Bigsmokemorel|gg\n|l|\u2606Wubooosies\n","uploadtime":1700456960,"views":5,"p1id":"wubooosies","p2id":"bigsmokemorel","formatid":"gen9ubers","rating":0,"private":0,"password":""}