{"id":"gen9ubers-1976258932","p1":"SeventhGod77","p2":"babynogalXD","format":"[Gen 9] Ubers","log":"|j|\u2606SeventhGod77\n|j|\u2606babynogalXD\n|t:|1698279429\n|gametype|singles\n|player|p1|SeventhGod77|bugcatcher-gen4dp|\n|player|p2|babynogalXD|ethan|\n|teamsize|p1|6\n|teamsize|p2|6\n|gen|9\n|tier|[Gen 9] Ubers\n|rule|Sleep Clause Mod: Limit one foe put to sleep\n|rule|Species Clause: Limit one of each Pok\u00e9mon\n|rule|OHKO Clause: OHKO moves are banned\n|rule|Evasion Items Clause: Evasion items are banned\n|rule|Evasion Moves Clause: Evasion moves are banned\n|rule|Endless Battle Clause: Forcing endless battles is banned\n|rule|HP Percentage Mod: HP is shown in percentages\n|clearpoke\n|poke|p1|Giratina|\n|poke|p1|Dialga-Origin|\n|poke|p1|Haxorus, F|\n|poke|p1|Samurott-Hisui, M|\n|poke|p1|Clefable, F|\n|poke|p1|Cyclizar, M|\n|poke|p2|Giratina|\n|poke|p2|Blissey, F|\n|poke|p2|Dondozo, M|\n|poke|p2|Gliscor, M|\n|poke|p2|Magearna|\n|poke|p2|Spectrier|\n|teampreview\n|c|\u2606SeventhGod77|Oh we\u2019re allowed to switch between rounds?\n|c|\u2606babynogalXD|im guessing that\n|c|\u2606babynogalXD|i dont see why\n|c|\u2606SeventhGod77|Alr works for me\n|\n|t:|1698279485\n|start\n|switch|p1a: Samurott|Samurott-Hisui, M, shiny|100\/100\n|switch|p2a: Gliscor|Gliscor, M|100\/100\n|turn|1\n|\n|t:|1698279491\n|move|p2a: Gliscor|Protect|p2a: Gliscor\n|-singleturn|p2a: Gliscor|Protect\n|move|p1a: Samurott|Ceaseless Edge|p2a: Gliscor\n|-activate|p2a: Gliscor|move: Protect\n|\n|-status|p2a: Gliscor|tox|[from] item: Toxic Orb\n|upkeep\n|turn|2\n|\n|t:|1698279496\n|move|p2a: Gliscor|Toxic Spikes|p1a: Samurott\n|-sidestart|p1: SeventhGod77|move: Toxic Spikes\n|move|p1a: Samurott|Ceaseless Edge|p2a: Gliscor\n|-damage|p2a: Gliscor|69\/100 tox\n|-sidestart|p2: babynogalXD|Spikes\n|\n|-heal|p2a: Gliscor|82\/100 tox|[from] ability: Poison Heal\n|upkeep\n|turn|3\n|\n|t:|1698279505\n|switch|p2a: Magearna|Magearna|100\/100\n|-damage|p2a: Magearna|88\/100|[from] Spikes\n|move|p1a: Samurott|Ceaseless Edge|p2a: Magearna\n|-resisted|p2a: Magearna\n|-damage|p2a: Magearna|73\/100\n|-sidestart|p2: babynogalXD|Spikes\n|\n|-heal|p2a: Magearna|79\/100|[from] item: Leftovers\n|upkeep\n|turn|4\n|\n|t:|1698279509\n|move|p1a: Samurott|Aqua Cutter|p2a: Magearna\n|-damage|p2a: Magearna|49\/100\n|move|p2a: Magearna|Fleur Cannon|p1a: Samurott\n|-supereffective|p1a: Samurott\n|-damage|p1a: Samurott|11\/100\n|-unboost|p2a: Magearna|spa|2\n|\n|-heal|p2a: Magearna|55\/100|[from] item: Leftovers\n|upkeep\n|turn|5\n|\n|t:|1698279522\n|move|p1a: Samurott|Aqua Cutter|p2a: Magearna\n|-damage|p2a: Magearna|21\/100\n|move|p2a: Magearna|Volt Switch|p1a: Samurott\n|-supereffective|p1a: Samurott\n|-damage|p1a: Samurott|0 fnt\n|faint|p1a: Samurott\n|-ability|p2a: Magearna|Soul-Heart|boost\n|-boost|p2a: Magearna|spa|1\n|\n|t:|1698279531\n|switch|p2a: Gliscor|Gliscor, M|82\/100 tox|[from] Volt Switch\n|\n|-heal|p2a: Gliscor|94\/100 tox|[from] ability: Poison Heal\n|upkeep\n|\n|t:|1698279540\n|switch|p1a: Cyclizar|Cyclizar, M|100\/100\n|turn|6\n|\n|t:|1698279552\n|move|p1a: Cyclizar|Knock Off|p2a: Gliscor\n|-damage|p2a: Gliscor|77\/100 tox\n|-enditem|p2a: Gliscor|Toxic Orb|[from] move: Knock Off|[of] p1a: Cyclizar\n|move|p2a: Gliscor|Knock Off|p1a: Cyclizar\n|-damage|p1a: Cyclizar|66\/100\n|-enditem|p1a: Cyclizar|Heavy-Duty Boots|[from] move: Knock Off|[of] p2a: Gliscor\n|\n|-heal|p2a: Gliscor|89\/100 tox|[from] ability: Poison Heal\n|upkeep\n|turn|7\n|\n|t:|1698279560\n|move|p1a: Cyclizar|Shift Gear|p1a: Cyclizar\n|-boost|p1a: Cyclizar|spe|2\n|-boost|p1a: Cyclizar|atk|1\n|move|p2a: Gliscor|Toxic Spikes|p1a: Cyclizar\n|-sidestart|p1: SeventhGod77|move: Toxic Spikes\n|\n|-heal|p2a: Gliscor|100\/100 tox|[from] ability: Poison Heal\n|upkeep\n|turn|8\n|\n|t:|1698279567\n|move|p1a: Cyclizar|Rapid Spin|p2a: Gliscor\n|-damage|p2a: Gliscor|81\/100 tox\n|-boost|p1a: Cyclizar|spe|1\n|-sideend|p1: SeventhGod77|Toxic Spikes|[from] move: Rapid Spin|[of] p1a: Cyclizar\n|move|p2a: Gliscor|Earthquake|p1a: Cyclizar\n|-damage|p1a: Cyclizar|13\/100\n|\n|-heal|p2a: Gliscor|93\/100 tox|[from] ability: Poison Heal\n|upkeep\n|turn|9\n|\n|t:|1698279571\n|move|p1a: Cyclizar|Dragon Claw|p2a: Gliscor\n|-damage|p2a: Gliscor|65\/100 tox\n|move|p2a: Gliscor|Toxic Spikes|p1a: Cyclizar\n|-sidestart|p1: SeventhGod77|move: Toxic Spikes\n|\n|-heal|p2a: Gliscor|78\/100 tox|[from] ability: Poison Heal\n|upkeep\n|turn|10\n|\n|t:|1698279586\n|switch|p1a: Clefable|Clefable, F|100\/100\n|move|p2a: Gliscor|Protect||[still]\n|-fail|p2a: Gliscor\n|\n|-heal|p2a: Gliscor|90\/100 tox|[from] ability: Poison Heal\n|upkeep\n|turn|11\n|\n|t:|1698279594\n|move|p2a: Gliscor|Knock Off|p1a: Clefable\n|-resisted|p1a: Clefable\n|-damage|p1a: Clefable|89\/100\n|-enditem|p1a: Clefable|Heavy-Duty Boots|[from] move: Knock Off|[of] p2a: Gliscor\n|move|p1a: Clefable|Moonblast|p2a: Gliscor\n|-damage|p2a: Gliscor|53\/100 tox\n|-unboost|p2a: Gliscor|spa|1\n|\n|-heal|p2a: Gliscor|66\/100 tox|[from] ability: Poison Heal\n|upkeep\n|turn|12\n|\n|t:|1698279601\n|move|p2a: Gliscor|Protect|p2a: Gliscor\n|-singleturn|p2a: Gliscor|Protect\n|move|p1a: Clefable|Thunder Wave|p2a: Gliscor\n|-activate|p2a: Gliscor|move: Protect\n|\n|-heal|p2a: Gliscor|78\/100 tox|[from] ability: Poison Heal\n|upkeep\n|turn|13\n|\n|t:|1698279606\n|switch|p2a: Blissey|Blissey, F|100\/100\n|move|p1a: Clefable|Moonblast|p2a: Blissey\n|-damage|p2a: Blissey|90\/100\n|\n|upkeep\n|turn|14\n|\n|t:|1698279622\n|switch|p1a: Dialga|Dialga-Origin|100\/100\n|-ability|p1a: Dialga|Pressure\n|move|p2a: Blissey|Stealth Rock|p1a: Dialga\n|-sidestart|p1: SeventhGod77|move: Stealth Rock\n|\n|upkeep\n|turn|15\n|\n|t:|1698279629\n|move|p1a: Dialga|Iron Defense|p1a: Dialga\n|-boost|p1a: Dialga|def|2\n|move|p2a: Blissey|Seismic Toss|p1a: Dialga\n|-damage|p1a: Dialga|76\/100\n|\n|upkeep\n|turn|16\n|\n|t:|1698279636\n|switch|p2a: Magearna|Magearna|21\/100\n|-damage|p2a: Magearna|5\/100|[from] Spikes\n|move|p1a: Dialga|Body Press|p2a: Magearna\n|-damage|p2a: Magearna|0 fnt\n|faint|p2a: Magearna\n|\n|upkeep\n|\n|t:|1698279652\n|switch|p2a: Giratina|Giratina|100\/100\n|-ability|p2a: Giratina|Pressure\n|turn|17\n|\n|t:|1698279656\n|move|p1a: Dialga|Dragon Pulse|p2a: Giratina\n|-supereffective|p2a: Giratina\n|-damage|p2a: Giratina|48\/100\n|move|p2a: Giratina|Will-O-Wisp|p1a: Dialga\n|-status|p1a: Dialga|brn\n|\n|-damage|p1a: Dialga|70\/100 brn|[from] brn\n|upkeep\n|turn|18\n|\n|t:|1698279672\n|switch|p2a: Blissey|Blissey, F|90\/100\n|move|p1a: Dialga|Dragon Pulse|p2a: Blissey\n|-damage|p2a: Blissey|68\/100\n|\n|-damage|p1a: Dialga|63\/100 brn|[from] brn\n|upkeep\n|turn|19\n|\n|t:|1698279680\n|move|p1a: Dialga|Iron Defense|p1a: Dialga\n|-boost|p1a: Dialga|def|2\n|move|p2a: Blissey|Soft-Boiled|p2a: Blissey\n|-heal|p2a: Blissey|100\/100\n|\n|-damage|p1a: Dialga|57\/100 brn|[from] brn\n|upkeep\n|turn|20\n|\n|t:|1698279683\n|switch|p2a: Gliscor|Gliscor, M|78\/100 tox\n|move|p1a: Dialga|Body Press|p2a: Gliscor\n|-resisted|p2a: Gliscor\n|-damage|p2a: Gliscor|67\/100 tox\n|\n|-heal|p2a: Gliscor|79\/100 tox|[from] ability: Poison Heal\n|-damage|p1a: Dialga|51\/100 brn|[from] brn\n|upkeep\n|turn|21\n|\n|t:|1698279692\n|move|p2a: Gliscor|Protect|p2a: Gliscor\n|-singleturn|p2a: Gliscor|Protect\n|move|p1a: Dialga|Dragon Pulse|p2a: Gliscor\n|-activate|p2a: Gliscor|move: Protect\n|\n|-heal|p2a: Gliscor|92\/100 tox|[from] ability: Poison Heal\n|-damage|p1a: Dialga|45\/100 brn|[from] brn\n|upkeep\n|turn|22\n|\n|t:|1698279696\n|move|p2a: Gliscor|Earthquake|p1a: Dialga\n|-supereffective|p1a: Dialga\n|-damage|p1a: Dialga|31\/100 brn\n|move|p1a: Dialga|Dragon Pulse|p2a: Gliscor\n|-damage|p2a: Gliscor|23\/100 tox\n|\n|-heal|p2a: Gliscor|36\/100 tox|[from] ability: Poison Heal\n|-damage|p1a: Dialga|25\/100 brn|[from] brn\n|upkeep\n|turn|23\n|\n|t:|1698279702\n|move|p2a: Gliscor|Protect|p2a: Gliscor\n|-singleturn|p2a: Gliscor|Protect\n|move|p1a: Dialga|Dragon Pulse|p2a: Gliscor\n|-activate|p2a: Gliscor|move: Protect\n|\n|-heal|p2a: Gliscor|48\/100 tox|[from] ability: Poison Heal\n|-damage|p1a: Dialga|19\/100 brn|[from] brn\n|upkeep\n|turn|24\n|\n|t:|1698279710\n|switch|p2a: Blissey|Blissey, F|100\/100\n|move|p1a: Dialga|Body Press|p2a: Blissey\n|-supereffective|p2a: Blissey\n|-damage|p2a: Blissey|37\/100\n|\n|-damage|p1a: Dialga|13\/100 brn|[from] brn\n|upkeep\n|turn|25\n|\n|t:|1698279718\n|switch|p2a: Spectrier|Spectrier|100\/100\n|move|p1a: Dialga|Dragon Pulse|p2a: Spectrier\n|-damage|p2a: Spectrier|34\/100\n|\n|-damage|p1a: Dialga|7\/100 brn|[from] brn\n|upkeep\n|turn|26\n|\n|t:|1698279722\n|move|p2a: Spectrier|Hex|p1a: Dialga\n|-damage|p1a: Dialga|0 fnt\n|faint|p1a: Dialga\n|-ability|p2a: Spectrier|Grim Neigh|boost\n|-boost|p2a: Spectrier|spa|1\n|\n|upkeep\n|\n|t:|1698279728\n|switch|p1a: Clefable|Clefable, F|89\/100\n|-status|p1a: Clefable|psn\n|-damage|p1a: Clefable|76\/100 psn|[from] Stealth Rock\n|turn|27\n|\n|t:|1698279739\n|switch|p2a: Blissey|Blissey, F|37\/100\n|move|p1a: Clefable|Thunder Wave|p2a: Blissey\n|-status|p2a: Blissey|par\n|\n|-damage|p1a: Clefable|64\/100 psn|[from] psn\n|upkeep\n|turn|28\n|\n|t:|1698279748\n|move|p1a: Clefable|Wish|p1a: Clefable\n|move|p2a: Blissey|Soft-Boiled|p2a: Blissey\n|-heal|p2a: Blissey|87\/100 par\n|\n|-damage|p1a: Clefable|52\/100 psn|[from] psn\n|upkeep\n|turn|29\n|\n|t:|1698279755\n|switch|p1a: Cyclizar|Cyclizar, M|46\/100\n|-status|p1a: Cyclizar|psn\n|-damage|p1a: Cyclizar|33\/100 psn|[from] Stealth Rock\n|-curestatus|p2a: Blissey|par|[from] ability: Natural Cure\n|switch|p2a: Gliscor|Gliscor, M|48\/100 tox\n|\n|-heal|p1a: Cyclizar|100\/100 psn|[from] move: Wish|[wisher] Clefable\n|-damage|p1a: Cyclizar|88\/100 psn|[from] psn\n|-heal|p2a: Gliscor|60\/100 tox|[from] ability: Poison Heal\n|upkeep\n|turn|30\n|\n|t:|1698279761\n|switch|p2a: Giratina|Giratina|48\/100\n|-ability|p2a: Giratina|Pressure\n|move|p1a: Cyclizar|Rapid Spin|p2a: Giratina\n|-immune|p2a: Giratina\n|\n|-damage|p1a: Cyclizar|76\/100 psn|[from] psn\n|upkeep\n|turn|31\n|\n|t:|1698279766\n|move|p1a: Cyclizar|Knock Off|p2a: Giratina\n|-supereffective|p2a: Giratina\n|-damage|p2a: Giratina|18\/100\n|-enditem|p2a: Giratina|Heavy-Duty Boots|[from] move: Knock Off|[of] p1a: Cyclizar\n|move|p2a: Giratina|Rest|p2a: Giratina\n|-status|p2a: Giratina|slp|[from] move: Rest\n|-heal|p2a: Giratina|100\/100 slp|[silent]\n|\n|-damage|p1a: Cyclizar|63\/100 psn|[from] psn\n|upkeep\n|turn|32\n|\n|t:|1698279773\n|switch|p2a: Gliscor|Gliscor, M|60\/100 tox\n|move|p1a: Cyclizar|Shift Gear|p1a: Cyclizar\n|-boost|p1a: Cyclizar|spe|2\n|-boost|p1a: Cyclizar|atk|1\n|\n|-damage|p1a: Cyclizar|51\/100 psn|[from] psn\n|-heal|p2a: Gliscor|73\/100 tox|[from] ability: Poison Heal\n|upkeep\n|turn|33\n|\n|t:|1698279787\n|move|p1a: Cyclizar|Rapid Spin|p2a: Gliscor\n|-damage|p2a: Gliscor|53\/100 tox\n|-boost|p1a: Cyclizar|spe|1\n|-sideend|p1: SeventhGod77|Toxic Spikes|[from] move: Rapid Spin|[of] p1a: Cyclizar\n|-sideend|p1: SeventhGod77|Stealth Rock|[from] move: Rapid Spin|[of] p1a: Cyclizar\n|move|p2a: Gliscor|Earthquake|p1a: Cyclizar\n|-damage|p1a: Cyclizar|0 fnt\n|faint|p1a: Cyclizar\n|\n|-heal|p2a: Gliscor|65\/100 tox|[from] ability: Poison Heal\n|upkeep\n|\n|t:|1698279791\n|switch|p1a: Haxorus|Haxorus, F, shiny|100\/100\n|-ability|p1a: Haxorus|Mold Breaker\n|turn|34\n|\n|t:|1698279798\n|move|p1a: Haxorus|Swords Dance|p1a: Haxorus\n|-boost|p1a: Haxorus|atk|2\n|move|p2a: Gliscor|Earthquake|p1a: Haxorus\n|-damage|p1a: Haxorus|59\/100\n|\n|-heal|p2a: Gliscor|78\/100 tox|[from] ability: Poison Heal\n|upkeep\n|turn|35\n|\n|t:|1698279803\n|move|p1a: Haxorus|Scale Shot|p2a: Gliscor\n|-damage|p2a: Gliscor|61\/100 tox\n|-damage|p2a: Gliscor|43\/100 tox\n|-damage|p2a: Gliscor|26\/100 tox\n|-damage|p2a: Gliscor|8\/100 tox\n|-damage|p2a: Gliscor|0 fnt\n|faint|p2a: Gliscor\n|-hitcount|p2: Gliscor|5\n|-unboost|p1a: Haxorus|def|1\n|-boost|p1a: Haxorus|spe|1\n|\n|upkeep\n|\n|t:|1698279811\n|switch|p2a: Dondozo|Dondozo, M|100\/100\n|turn|36\n|\n|t:|1698279817\n|move|p1a: Haxorus|Scale Shot|p2a: Dondozo\n|-crit|p2a: Dondozo\n|-damage|p2a: Dondozo|81\/100\n|-damage|p2a: Dondozo|69\/100\n|-damage|p2a: Dondozo|56\/100\n|-damage|p2a: Dondozo|42\/100\n|-damage|p2a: Dondozo|29\/100\n|-hitcount|p2a: Dondozo|5\n|-unboost|p1a: Haxorus|def|1\n|-boost|p1a: Haxorus|spe|1\n|move|p2a: Dondozo|Liquidation|p1a: Haxorus\n|-resisted|p1a: Haxorus\n|-damage|p1a: Haxorus|40\/100\n|\n|upkeep\n|turn|37\n|\n|t:|1698279826\n|move|p1a: Haxorus|Scale Shot|p2a: Dondozo|[miss]\n|-miss|p1a: Haxorus|p2a: Dondozo\n|move|p2a: Dondozo|Rest|p2a: Dondozo\n|-status|p2a: Dondozo|slp|[from] move: Rest\n|-heal|p2a: Dondozo|100\/100 slp|[silent]\n|\n|upkeep\n|turn|38\n|\n|t:|1698279832\n|move|p1a: Haxorus|Scale Shot|p2a: Dondozo\n|-damage|p2a: Dondozo|87\/100 slp\n|-damage|p2a: Dondozo|75\/100 slp\n|-damage|p2a: Dondozo|62\/100 slp\n|-damage|p2a: Dondozo|50\/100 slp\n|-damage|p2a: Dondozo|36\/100 slp\n|-hitcount|p2a: Dondozo|5\n|-unboost|p1a: Haxorus|def|1\n|-boost|p1a: Haxorus|spe|1\n|cant|p2a: Dondozo|slp\n|\n|upkeep\n|turn|39\n|\n|t:|1698279841\n|move|p1a: Haxorus|Scale Shot|p2a: Dondozo|[miss]\n|-miss|p1a: Haxorus|p2a: Dondozo\n|cant|p2a: Dondozo|slp\n|move|p2a: Dondozo|Sleep Talk|p2a: Dondozo\n|move|p2a: Dondozo|Curse|p2a: Dondozo|[from]move: Sleep Talk\n|-unboost|p2a: Dondozo|spe|1\n|-boost|p2a: Dondozo|atk|1\n|-boost|p2a: Dondozo|def|1\n|\n|upkeep\n|turn|40\n|\n|t:|1698279846\n|move|p1a: Haxorus|Scale Shot|p2a: Dondozo\n|-damage|p2a: Dondozo|28\/100 slp\n|-damage|p2a: Dondozo|19\/100 slp\n|-crit|p2a: Dondozo\n|-damage|p2a: Dondozo|0 fnt\n|faint|p2a: Dondozo\n|-hitcount|p2: Dondozo|3\n|-unboost|p1a: Haxorus|def|1\n|-boost|p1a: Haxorus|spe|1\n|\n|upkeep\n|\n|t:|1698279860\n|switch|p2a: Spectrier|Spectrier|34\/100\n|turn|41\n|\n|t:|1698279863\n|-terastallize|p2a: Spectrier|Fairy\n|move|p1a: Haxorus|Iron Head|p2a: Spectrier\n|-supereffective|p2a: Spectrier\n|-damage|p2a: Spectrier|0 fnt\n|faint|p2a: Spectrier\n|\n|upkeep\n|\n|t:|1698279869\n|switch|p2a: Giratina|Giratina|100\/100 slp\n|-damage|p2a: Giratina|84\/100 slp|[from] Spikes\n|-ability|p2a: Giratina|Pressure\n|turn|42\n|\n|t:|1698279874\n|move|p1a: Haxorus|Scale Shot|p2a: Giratina\n|-supereffective|p2a: Giratina\n|-damage|p2a: Giratina|53\/100 slp\n|-supereffective|p2a: Giratina\n|-damage|p2a: Giratina|20\/100 slp\n|-supereffective|p2a: Giratina\n|-damage|p2a: Giratina|0 fnt\n|faint|p2a: Giratina\n|-hitcount|p2: Giratina|3\n|-unboost|p1a: Haxorus|def|1\n|-boost|p1a: Haxorus|spe|1\n|\n|upkeep\n|c|\u2606babynogalXD|gg\n|\n|t:|1698279892\n|switch|p2a: Blissey|Blissey, F|87\/100\n|turn|43\n|\n|t:|1698279896\n|move|p1a: Haxorus|Close Combat|p2a: Blissey\n|-supereffective|p2a: Blissey\n|-damage|p2a: Blissey|0 fnt\n|-unboost|p1a: Haxorus|def|1\n|-unboost|p1a: Haxorus|spd|1\n|faint|p2a: Blissey\n|\n|win|SeventhGod77\n|l|\u2606babynogalXD\n|c|\u2606SeventhGod77|Gg\n|l|\u2606SeventhGod77\n|j|\u2606babynogalXD\n|player|p2|babynogalXD|ethan\n","uploadtime":1698280430,"views":28,"p1id":"seventhgod77","p2id":"babynogalxd","formatid":"gen9ubers","rating":0,"private":0,"password":""}