{"id":"gen9ubers-1979696176","p1":"Champ Bogar","p2":"gtok","format":"[Gen 9] Ubers","log":"|j|\u2606Champ Bogar\n|j|\u2606gtok\n|t:|1698704143\n|gametype|singles\n|player|p1|Champ Bogar|cynthia|1304\n|player|p2|gtok|170|1113\n|teamsize|p1|6\n|teamsize|p2|6\n|gen|9\n|tier|[Gen 9] Ubers\n|rated|\n|rule|Sleep Clause Mod: Limit one foe put to sleep\n|rule|Species Clause: Limit one of each Pok\u00e9mon\n|rule|OHKO Clause: OHKO moves are banned\n|rule|Evasion Items Clause: Evasion items are banned\n|rule|Evasion Moves Clause: Evasion moves are banned\n|rule|Endless Battle Clause: Forcing endless battles is banned\n|rule|HP Percentage Mod: HP is shown in percentages\n|clearpoke\n|poke|p1|Ribombee, F|\n|poke|p1|Chi-Yu|\n|poke|p1|Thundurus-Therian, M|\n|poke|p1|Annihilape, M|\n|poke|p1|Flutter Mane|\n|poke|p1|Urshifu-*, M|\n|poke|p2|Chien-Pao|\n|poke|p2|Zapdos|\n|poke|p2|Decidueye-Hisui, F|\n|poke|p2|Glimmora, M|\n|poke|p2|Houndstone, M|\n|poke|p2|Gardevoir, M|\n|teampreview\n|inactive|Battle timer is ON: inactive players will automatically lose when time's up. (requested by Champ Bogar)\n|\n|t:|1698704159\n|start\n|switch|p1a: Ribombee|Ribombee, F, shiny|100\/100\n|switch|p2a: Glimmora|Glimmora, M|100\/100\n|-item|p2a: Glimmora|Air Balloon\n|turn|1\n|\n|t:|1698704172\n|move|p1a: Ribombee|Stun Spore|p2a: Glimmora\n|-status|p2a: Glimmora|par\n|move|p2a: Glimmora|Spikes|p1a: Ribombee\n|-sidestart|p1: Champ Bogar|Spikes\n|\n|upkeep\n|turn|2\n|\n|t:|1698704177\n|move|p1a: Ribombee|Moonblast|p2a: Glimmora\n|-resisted|p2a: Glimmora\n|-damage|p2a: Glimmora|71\/100 par\n|-enditem|p2a: Glimmora|Air Balloon\n|cant|p2a: Glimmora|par\n|\n|upkeep\n|turn|3\n|\n|t:|1698704182\n|move|p1a: Ribombee|Sticky Web|p2a: Glimmora\n|-sidestart|p2: gtok|move: Sticky Web\n|cant|p2a: Glimmora|par\n|\n|upkeep\n|turn|4\n|\n|t:|1698704185\n|move|p1a: Ribombee|Moonblast|p2a: Glimmora\n|-resisted|p2a: Glimmora\n|-damage|p2a: Glimmora|39\/100 par\n|move|p2a: Glimmora|Mortal Spin|p1a: Ribombee\n|-supereffective|p1a: Ribombee\n|-damage|p1a: Ribombee|75\/100\n|-sideend|p2: gtok|Sticky Web|[from] move: Mortal Spin|[of] p2a: Glimmora\n|\n|upkeep\n|turn|5\n|\n|t:|1698704206\n|move|p1a: Ribombee|Moonblast|p2a: Glimmora\n|-resisted|p2a: Glimmora\n|-damage|p2a: Glimmora|12\/100 par\n|-unboost|p2a: Glimmora|spa|1\n|cant|p2a: Glimmora|par\n|\n|upkeep\n|turn|6\n|\n|t:|1698704218\n|switch|p2a: Decidueye|Decidueye-Hisui, F|100\/100\n|move|p1a: Ribombee|Sticky Web|p2a: Decidueye\n|-sidestart|p2: gtok|move: Sticky Web\n|\n|upkeep\n|turn|7\n|\n|t:|1698704228\n|-terastallize|p2a: Decidueye|Steel\n|move|p1a: Ribombee|Switcheroo|p2a: Decidueye\n|-activate|p1a: Ribombee|move: Trick|[of] p2a: Decidueye\n|-item|p2a: Decidueye|Focus Sash|[from] move: Switcheroo\n|-item|p1a: Ribombee|Leftovers|[from] move: Switcheroo\n|move|p2a: Decidueye|Knock Off|p1a: Ribombee\n|-resisted|p1a: Ribombee\n|-damage|p1a: Ribombee|50\/100\n|-enditem|p1a: Ribombee|Leftovers|[from] move: Knock Off|[of] p2a: Decidueye\n|\n|upkeep\n|turn|8\n|\n|t:|1698704242\n|move|p1a: Ribombee|Stun Spore|p2a: Decidueye\n|-status|p2a: Decidueye|par\n|move|p2a: Decidueye|Triple Arrows|p1a: Ribombee\n|-resisted|p1a: Ribombee\n|-damage|p1a: Ribombee|34\/100\n|\n|upkeep\n|turn|9\n|\n|t:|1698704246\n|move|p1a: Ribombee|Moonblast|p2a: Decidueye\n|-resisted|p2a: Decidueye\n|-damage|p2a: Decidueye|85\/100 par\n|move|p2a: Decidueye|Triple Arrows|p1a: Ribombee\n|-resisted|p1a: Ribombee\n|-damage|p1a: Ribombee|17\/100\n|\n|upkeep\n|turn|10\n|\n|t:|1698704258\n|move|p1a: Ribombee|Moonblast|p2a: Decidueye\n|-resisted|p2a: Decidueye\n|-damage|p2a: Decidueye|71\/100 par\n|-unboost|p2a: Decidueye|spa|1\n|move|p2a: Decidueye|Triple Arrows|p1a: Ribombee\n|-resisted|p1a: Ribombee\n|-damage|p1a: Ribombee|1\/100\n|\n|upkeep\n|turn|11\n|\n|t:|1698704265\n|move|p1a: Ribombee|Moonblast|p2a: Decidueye\n|-resisted|p2a: Decidueye\n|-crit|p2a: Decidueye\n|-damage|p2a: Decidueye|50\/100 par\n|-unboost|p2a: Decidueye|spa|1\n|move|p2a: Decidueye|Triple Arrows|p1a: Ribombee\n|-resisted|p1a: Ribombee\n|-damage|p1a: Ribombee|0 fnt\n|faint|p1a: Ribombee\n|\n|upkeep\n|\n|t:|1698704274\n|switch|p1a: Thundurus|Thundurus-Therian, M, shiny|100\/100\n|turn|12\n|\n|t:|1698704289\n|move|p1a: Thundurus|Nasty Plot|p1a: Thundurus\n|-boost|p1a: Thundurus|spa|2\n|cant|p2a: Decidueye|par\n|\n|upkeep\n|turn|13\n|\n|t:|1698704295\n|move|p1a: Thundurus|Thunderbolt|p2a: Decidueye\n|-damage|p2a: Decidueye|0 fnt\n|faint|p2a: Decidueye\n|-damage|p1a: Thundurus|91\/100|[from] item: Life Orb\n|\n|upkeep\n|\n|t:|1698704321\n|switch|p2a: Chien-Pao|Chien-Pao|100\/100\n|-activate|p2a: Chien-Pao|move: Sticky Web\n|-unboost|p2a: Chien-Pao|spe|1\n|-ability|p2a: Chien-Pao|Sword of Ruin\n|turn|14\n|\n|t:|1698704329\n|move|p2a: Chien-Pao|Ice Shard|p1a: Thundurus\n|-supereffective|p1a: Thundurus\n|-damage|p1a: Thundurus|0 fnt\n|faint|p1a: Thundurus\n|\n|upkeep\n|\n|t:|1698704336\n|switch|p1a: Chi-Yu|Chi-Yu|100\/100\n|-damage|p1a: Chi-Yu|88\/100|[from] Spikes\n|-ability|p1a: Chi-Yu|Beads of Ruin\n|turn|15\n|\n|t:|1698704346\n|switch|p2a: Glimmora|Glimmora, M|12\/100 par\n|-activate|p2a: Glimmora|move: Sticky Web\n|-unboost|p2a: Glimmora|spe|1\n|move|p1a: Chi-Yu|Flamethrower|p2a: Glimmora\n|-resisted|p2a: Glimmora\n|-damage|p2a: Glimmora|0 fnt\n|faint|p2a: Glimmora\n|\n|upkeep\n|\n|t:|1698704365\n|switch|p2a: Zapdos|Zapdos|100\/100\n|turn|16\n|\n|t:|1698704374\n|-terastallize|p1a: Chi-Yu|Fire\n|move|p1a: Chi-Yu|Flamethrower|p2a: Zapdos\n|-damage|p2a: Zapdos|0 fnt\n|faint|p2a: Zapdos\n|\n|upkeep\n|\n|t:|1698704378\n|switch|p2a: Gardevoir|Gardevoir, M|100\/100\n|-activate|p2a: Gardevoir|move: Sticky Web\n|-unboost|p2a: Gardevoir|spe|1\n|-ability|p2a: Gardevoir|Beads of Ruin\n|-ability|p2a: Gardevoir|Beads of Ruin|[from] ability: Trace|[of] p1a: Chi-Yu\n|turn|17\n|\n|t:|1698704382\n|move|p1a: Chi-Yu|Flamethrower|p2a: Gardevoir\n|-damage|p2a: Gardevoir|3\/100\n|move|p2a: Gardevoir|Psychic|p1a: Chi-Yu\n|-damage|p1a: Chi-Yu|39\/100\n|\n|upkeep\n|turn|18\n|c|\u2606Champ Bogar|feeesh\n|\n|t:|1698704388\n|move|p1a: Chi-Yu|Flamethrower|p2a: Gardevoir\n|-damage|p2a: Gardevoir|0 fnt\n|faint|p2a: Gardevoir\n|\n|upkeep\n|\n|t:|1698704391\n|switch|p2a: Houndstone|Houndstone, M|100\/100\n|-activate|p2a: Houndstone|move: Sticky Web\n|-unboost|p2a: Houndstone|spe|1\n|turn|19\n|\n|t:|1698704394\n|move|p1a: Chi-Yu|Flamethrower|p2a: Houndstone\n|-damage|p2a: Houndstone|0 fnt\n|faint|p2a: Houndstone\n|\n|upkeep\n|-message|gtok forfeited.\n|\n|win|Champ Bogar\n|raw|Champ Bogar's rating: 1304 &rarr; <strong>1314<\/strong><br \/>(+10 for winning)\n|raw|gtok's rating: 1113 &rarr; <strong>1101<\/strong><br \/>(-12 for losing)\n|l|\u2606gtok\n|c|\u2606Champ Bogar|feeeeesh\n","uploadtime":1698704403,"views":22,"p1id":"champbogar","p2id":"gtok","formatid":"gen9ubers","rating":1101,"private":0,"password":""}