{"id":"gen9ubers-1972478616","p1":"N2Gaming","p2":"Mamenchisaurus17","format":"[Gen 9] Ubers","log":"|j|\u2606N2Gaming\n|j|\u2606Mamenchisaurus17\n|t:|1697847421\n|gametype|singles\n|player|p1|N2Gaming|hilbert|\n|player|p2|Mamenchisaurus17|ethan|\n|teamsize|p1|6\n|teamsize|p2|6\n|gen|9\n|tier|[Gen 9] Ubers\n|rule|Sleep Clause Mod: Limit one foe put to sleep\n|rule|Species Clause: Limit one of each Pok\u00e9mon\n|rule|OHKO Clause: OHKO moves are banned\n|rule|Evasion Items Clause: Evasion items are banned\n|rule|Evasion Moves Clause: Evasion moves are banned\n|rule|Endless Battle Clause: Forcing endless battles is banned\n|rule|HP Percentage Mod: HP is shown in percentages\n|clearpoke\n|poke|p1|Grimmsnarl, M|\n|poke|p1|Miraidon|\n|poke|p1|Chien-Pao|\n|poke|p1|Koraidon|\n|poke|p1|Iron Moth|\n|poke|p1|Espathra, F|\n|poke|p2|Ninetales-Alola, F|\n|poke|p2|Chien-Pao|\n|poke|p2|Zacian-*|\n|poke|p2|Alomomola, F|\n|poke|p2|Skeledirge, M|\n|poke|p2|Regieleki|\n|teampreview\n|inactive|Battle timer is ON: inactive players will automatically lose when time's up. (requested by N2Gaming)\n|\n|t:|1697847488\n|start\n|switch|p1a: Grimmsnarl|Grimmsnarl, M|100\/100\n|switch|p2a: Ninetales|Ninetales-Alola, F|100\/100\n|-weather|Snow|[from] ability: Snow Warning|[of] p2a: Ninetales\n|turn|1\n|\n|t:|1697847510\n|-terastallize|p2a: Ninetales|Fairy\n|move|p1a: Grimmsnarl|Reflect|p1a: Grimmsnarl\n|-sidestart|p1: N2Gaming|Reflect\n|move|p2a: Ninetales|Moonblast|p1a: Grimmsnarl\n|-supereffective|p1a: Grimmsnarl\n|-damage|p1a: Grimmsnarl|49\/100\n|-unboost|p1a: Grimmsnarl|spa|1\n|\n|-weather|Snow|[upkeep]\n|upkeep\n|turn|2\n|\n|t:|1697847520\n|move|p1a: Grimmsnarl|Light Screen|p1a: Grimmsnarl\n|-sidestart|p1: N2Gaming|move: Light Screen\n|move|p2a: Ninetales|Encore|p1a: Grimmsnarl\n|-start|p1a: Grimmsnarl|Encore\n|\n|-weather|Snow|[upkeep]\n|upkeep\n|turn|3\n|inactive|Mamenchisaurus17 has 270 seconds left.\n|\n|t:|1697847549\n|switch|p2a: Regieleki|Regieleki|100\/100\n|switch|p1a: Iron Moth|Iron Moth|100\/100\n|-enditem|p1a: Iron Moth|Booster Energy\n|-activate|p1a: Iron Moth|ability: Quark Drive|[fromitem]\n|-start|p1a: Iron Moth|quarkdrivespa\n|\n|-weather|Snow|[upkeep]\n|upkeep\n|turn|4\n|inactive|Mamenchisaurus17 has 270 seconds left.\n|inactive|N2Gaming has 270 seconds left.\n|inactive|Mamenchisaurus17 has 240 seconds left.\n|\n|t:|1697847593\n|move|p2a: Regieleki|Light Screen|p2a: Regieleki\n|-sidestart|p2: Mamenchisaurus17|move: Light Screen\n|move|p1a: Iron Moth|Psychic|p2a: Regieleki\n|-crit|p2a: Regieleki\n|-damage|p2a: Regieleki|0 fnt\n|faint|p2a: Regieleki\n|\n|-weather|Snow|[upkeep]\n|upkeep\n|\n|t:|1697847606\n|switch|p2a: Zacian|Zacian-Crowned|100\/100\n|-ability|p2a: Zacian|Intrepid Sword|boost\n|-boost|p2a: Zacian|atk|1\n|turn|5\n|inactive|N2Gaming has 270 seconds left.\n|\n|t:|1697847631\n|move|p2a: Zacian|Swords Dance|p2a: Zacian\n|-boost|p2a: Zacian|atk|2\n|move|p1a: Iron Moth|Fiery Dance|p2a: Zacian\n|-supereffective|p2a: Zacian\n|-damage|p2a: Zacian|40\/100\n|-boost|p1a: Iron Moth|spa|1\n|\n|-weather|none\n|upkeep\n|turn|6\n|\n|t:|1697847650\n|move|p2a: Zacian|Behemoth Blade|p1a: Iron Moth\n|-resisted|p1a: Iron Moth\n|-damage|p1a: Iron Moth|39\/100\n|move|p1a: Iron Moth|Fiery Dance|p2a: Zacian\n|-supereffective|p2a: Zacian\n|-damage|p2a: Zacian|0 fnt\n|-boost|p1a: Iron Moth|spa|1\n|faint|p2a: Zacian\n|\n|upkeep\n|\n|t:|1697847660\n|switch|p2a: Ninetales|Ninetales-Alola, F, tera:Fairy|100\/100\n|-weather|Snow|[from] ability: Snow Warning|[of] p2a: Ninetales\n|turn|7\n|\n|t:|1697847670\n|switch|p2a: Skeledirge|Skeledirge, M|100\/100\n|move|p1a: Iron Moth|Psychic|p2a: Skeledirge\n|-damage|p2a: Skeledirge|76\/100\n|\n|-weather|Snow|[upkeep]\n|upkeep\n|turn|8\n|inactive|N2Gaming has 270 seconds left.\n|\n|t:|1697847691\n|-terastallize|p1a: Iron Moth|Water\n|move|p1a: Iron Moth|Tera Blast|p2a: Skeledirge|[anim] Tera Blast Water\n|-supereffective|p2a: Skeledirge\n|-damage|p2a: Skeledirge|7\/100\n|move|p2a: Skeledirge|Hex|p1a: Iron Moth\n|-damage|p1a: Iron Moth|26\/100\n|\n|-weather|Snow|[upkeep]\n|-sideend|p1: N2Gaming|Reflect\n|-sideend|p2: Mamenchisaurus17|move: Light Screen\n|upkeep\n|turn|9\n|inactive|N2Gaming has 270 seconds left.\n|\n|t:|1697847708\n|move|p1a: Iron Moth|Tera Blast|p2a: Skeledirge|[anim] Tera Blast Water\n|-supereffective|p2a: Skeledirge\n|-damage|p2a: Skeledirge|0 fnt\n|faint|p2a: Skeledirge\n|\n|-weather|Snow|[upkeep]\n|-sideend|p1: N2Gaming|move: Light Screen\n|upkeep\n|\n|t:|1697847713\n|switch|p2a: Ninetales|Ninetales-Alola, F, tera:Fairy|100\/100\n|turn|10\n|\n|t:|1697847726\n|switch|p2a: Alomomola|Alomomola, F|100\/100\n|move|p1a: Iron Moth|Tera Blast|p2a: Alomomola|[anim] Tera Blast Water\n|-resisted|p2a: Alomomola\n|-damage|p2a: Alomomola|21\/100\n|\n|-weather|Snow|[upkeep]\n|upkeep\n|turn|11\n|inactive|Mamenchisaurus17 has 210 seconds left.\n|\n|t:|1697847746\n|move|p2a: Alomomola|Protect|p2a: Alomomola\n|-singleturn|p2a: Alomomola|Protect\n|move|p1a: Iron Moth|Tera Blast|p2a: Alomomola|[anim] Tera Blast Water\n|-activate|p2a: Alomomola|move: Protect\n|\n|-weather|none\n|upkeep\n|turn|12\n|\n|t:|1697847754\n|move|p1a: Iron Moth|Tera Blast|p2a: Alomomola|[anim] Tera Blast Water\n|-resisted|p2a: Alomomola\n|-damage|p2a: Alomomola|0 fnt\n|faint|p2a: Alomomola\n|\n|upkeep\n|\n|t:|1697847758\n|switch|p2a: Ninetales|Ninetales-Alola, F, tera:Fairy|100\/100\n|-weather|Snow|[from] ability: Snow Warning|[of] p2a: Ninetales\n|turn|13\n|\n|t:|1697847765\n|move|p1a: Iron Moth|Fiery Dance|p2a: Ninetales\n|-damage|p2a: Ninetales|0 fnt\n|faint|p2a: Ninetales\n|\n|-weather|Snow|[upkeep]\n|upkeep\n|\n|t:|1697847769\n|switch|p2a: Chien-Pao|Chien-Pao|100\/100\n|-ability|p2a: Chien-Pao|Sword of Ruin\n|turn|14\n|\n|t:|1697847775\n|move|p2a: Chien-Pao|Sucker Punch|p1a: Iron Moth\n|-damage|p1a: Iron Moth|0 fnt\n|faint|p1a: Iron Moth\n|-end|p1a: Iron Moth|Quark Drive|[silent]\n|\n|-weather|Snow|[upkeep]\n|upkeep\n|\n|t:|1697847780\n|switch|p1a: Koraidon|Koraidon|100\/100\n|-weather|SunnyDay|[from] ability: Orichalcum Pulse|[of] p1a: Koraidon\n|-activate|p1a: Koraidon|Orichalcum Pulse|[source]\n|turn|15\n|inactive|Mamenchisaurus17 has 240 seconds left.\n|\n|t:|1697847792\n|move|p1a: Koraidon|Substitute|p1a: Koraidon\n|-start|p1a: Koraidon|Substitute\n|-damage|p1a: Koraidon|76\/100\n|move|p2a: Chien-Pao|Avalanche|p1a: Koraidon\n|-supereffective|p1a: Koraidon\n|-end|p1a: Koraidon|Substitute\n|\n|-weather|SunnyDay|[upkeep]\n|-heal|p1a: Koraidon|82\/100|[from] item: Leftovers\n|upkeep\n|turn|16\n|inactive|Mamenchisaurus17 has 240 seconds left.\n|\n|t:|1697847804\n|move|p1a: Koraidon|Substitute|p1a: Koraidon\n|-start|p1a: Koraidon|Substitute\n|-damage|p1a: Koraidon|57\/100\n|move|p2a: Chien-Pao|Avalanche|p1a: Koraidon\n|-supereffective|p1a: Koraidon\n|-end|p1a: Koraidon|Substitute\n|\n|-weather|SunnyDay|[upkeep]\n|-heal|p1a: Koraidon|63\/100|[from] item: Leftovers\n|upkeep\n|turn|17\n|inactive|Mamenchisaurus17 has 240 seconds left.\n|\n|t:|1697847816\n|move|p1a: Koraidon|Substitute|p1a: Koraidon\n|-start|p1a: Koraidon|Substitute\n|-damage|p1a: Koraidon|38\/100\n|move|p2a: Chien-Pao|Avalanche|p1a: Koraidon\n|-supereffective|p1a: Koraidon\n|-end|p1a: Koraidon|Substitute\n|\n|-weather|SunnyDay|[upkeep]\n|-heal|p1a: Koraidon|44\/100|[from] item: Leftovers\n|upkeep\n|turn|18\n|\n|t:|1697847827\n|move|p1a: Koraidon|Flame Charge|p2a: Chien-Pao\n|-supereffective|p2a: Chien-Pao\n|-damage|p2a: Chien-Pao|45\/100\n|-boost|p1a: Koraidon|spe|1\n|move|p2a: Chien-Pao|Avalanche|p1a: Koraidon\n|-supereffective|p1a: Koraidon\n|-damage|p1a: Koraidon|0 fnt\n|faint|p1a: Koraidon\n|\n|-weather|SunnyDay|[upkeep]\n|upkeep\n|\n|t:|1697847839\n|switch|p1a: Miraidon|Miraidon|100\/100\n|-fieldstart|move: Electric Terrain|[from] ability: Hadron Engine|[of] p1a: Miraidon\n|turn|19\n|\n|t:|1697847850\n|move|p1a: Miraidon|Calm Mind|p1a: Miraidon\n|-boost|p1a: Miraidon|spa|1\n|-boost|p1a: Miraidon|spd|1\n|move|p2a: Chien-Pao|Avalanche|p1a: Miraidon\n|-supereffective|p1a: Miraidon\n|-damage|p1a: Miraidon|39\/100\n|\n|-weather|none\n|-heal|p1a: Miraidon|46\/100|[from] item: Leftovers\n|upkeep\n|turn|20\n|\n|t:|1697847866\n|move|p1a: Miraidon|Parabolic Charge|p2a: Chien-Pao\n|-damage|p2a: Chien-Pao|0 fnt\n|-heal|p1a: Miraidon|64\/100|[from] drain|[of] p2a: Chien-Pao\n|faint|p2a: Chien-Pao\n|\n|win|N2Gaming\n|c|\u2606Mamenchisaurus17|gg\n|l|\u2606Mamenchisaurus17\n","uploadtime":1697847948,"views":11,"p1id":"n2gaming","p2id":"mamenchisaurus17","formatid":"gen9ubers","rating":0,"private":0,"password":""}