{"id":"gen9ubers-1990641422","p1":"IcyTheScreamer","p2":"Nitro524","format":"[Gen 9] Ubers","log":"|j|\u2606IcyTheScreamer\n|j|\u2606Nitro524\n|t:|1699988022\n|gametype|singles\n|player|p1|IcyTheScreamer|ingo|\n|player|p2|Nitro524|hilbert|\n|teamsize|p1|6\n|teamsize|p2|6\n|gen|9\n|tier|[Gen 9] Ubers\n|rule|Sleep Clause Mod: Limit one foe put to sleep\n|rule|Species Clause: Limit one of each Pok\u00e9mon\n|rule|OHKO Clause: OHKO moves are banned\n|rule|Evasion Items Clause: Evasion items are banned\n|rule|Evasion Moves Clause: Evasion moves are banned\n|rule|Endless Battle Clause: Forcing endless battles is banned\n|rule|HP Percentage Mod: HP is shown in percentages\n|clearpoke\n|poke|p1|Uxie|\n|poke|p1|Cyclizar, F|\n|poke|p1|Espathra, M|\n|poke|p1|Landorus, M|\n|poke|p1|Zacian-*|\n|poke|p1|Arceus-Ice|\n|poke|p2|Torkoal, F|\n|poke|p2|Chi-Yu|\n|poke|p2|Lilligant-Hisui, F|\n|poke|p2|Arceus-Poison|\n|poke|p2|Roaring Moon|\n|poke|p2|Walking Wake|\n|teampreview\n|inactive|Battle timer is ON: inactive players will automatically lose when time's up. (requested by Nitro524)\n|c|\u2606Nitro524|glhf!\n|c|\u2606IcyTheScreamer|u2 man\n|\n|t:|1699988046\n|start\n|switch|p1a: Uxie|Uxie|100\/100\n|switch|p2a: Arceus|Arceus-Poison|100\/100\n|turn|1\n|\n|t:|1699988054\n|move|p2a: Arceus|Taunt|p1a: Uxie\n|-start|p1a: Uxie|move: Taunt\n|move|p1a: Uxie|U-turn|p2a: Arceus\n|-resisted|p2a: Arceus\n|-damage|p2a: Arceus|97\/100\n|\n|t:|1699988059\n|switch|p1a: Cyclizar|Cyclizar, F|100\/100|[from] U-turn\n|\n|upkeep\n|turn|2\n|\n|t:|1699988073\n|move|p1a: Cyclizar|Taunt|p2a: Arceus\n|-start|p2a: Arceus|move: Taunt\n|move|p2a: Arceus|Poison Jab|p1a: Cyclizar\n|-damage|p1a: Cyclizar|37\/100\n|\n|upkeep\n|turn|3\n|\n|t:|1699988081\n|switch|p1a: Uxie|Uxie|100\/100\n|move|p2a: Arceus|Poison Jab|p1a: Uxie\n|-damage|p1a: Uxie|71\/100\n|-status|p1a: Uxie|psn\n|\n|-damage|p1a: Uxie|58\/100 psn|[from] psn\n|upkeep\n|turn|4\n|\n|t:|1699988092\n|move|p2a: Arceus|Poison Jab|p1a: Uxie\n|-damage|p1a: Uxie|30\/100 psn\n|move|p1a: Uxie|Yawn|p2a: Arceus\n|-start|p2a: Arceus|move: Yawn|[of] p1a: Uxie\n|\n|-damage|p1a: Uxie|18\/100 psn|[from] psn\n|-end|p2a: Arceus|move: Taunt\n|upkeep\n|turn|5\n|\n|t:|1699988101\n|switch|p2a: Bring The Sun|Torkoal, F|100\/100\n|-weather|SunnyDay|[from] ability: Drought|[of] p2a: Bring The Sun\n|move|p1a: Uxie|Light Screen|p1a: Uxie\n|-sidestart|p1: IcyTheScreamer|move: Light Screen\n|\n|-weather|SunnyDay|[upkeep]\n|-damage|p1a: Uxie|5\/100 psn|[from] psn\n|upkeep\n|turn|6\n|\n|t:|1699988108\n|move|p1a: Uxie|Reflect|p1a: Uxie\n|-sidestart|p1: IcyTheScreamer|Reflect\n|move|p2a: Bring The Sun|Stealth Rock|p1a: Uxie\n|-sidestart|p1: IcyTheScreamer|move: Stealth Rock\n|\n|-weather|SunnyDay|[upkeep]\n|-damage|p1a: Uxie|0 fnt|[from] psn\n|faint|p1a: Uxie\n|upkeep\n|c|\u2606Nitro524|ooh screens\n|c|\u2606Nitro524|ok\n|\n|t:|1699988125\n|switch|p1a: Landorus|Landorus, M|100\/100\n|-damage|p1a: Landorus|88\/100|[from] Stealth Rock\n|turn|7\n|c|\u2606IcyTheScreamer|i need to practice with all team styles\n|inactive|Nitro524 has 270 seconds left.\n|c|\u2606Nitro524|i should too\n|inactive|Nitro524 has 240 seconds left.\n|\n|t:|1699988191\n|switch|p2a: Lilly|Lilligant-Hisui, F|100\/100\n|move|p1a: Landorus|Nasty Plot|p1a: Landorus\n|-boost|p1a: Landorus|spa|2\n|\n|-weather|SunnyDay|[upkeep]\n|upkeep\n|turn|8\n|inactive|Nitro524 has 240 seconds left.\n|\n|t:|1699988204\n|move|p2a: Lilly|Ice Spinner|p1a: Landorus\n|-supereffective|p1a: Landorus\n|-damage|p1a: Landorus|21\/100\n|move|p1a: Landorus|Earth Power|p2a: Lilly\n|-resisted|p2a: Lilly\n|-damage|p2a: Lilly|0 fnt\n|faint|p2a: Lilly\n|\n|-weather|SunnyDay|[upkeep]\n|upkeep\n|\n|t:|1699988218\n|switch|p2a: Sitting Sleep|Walking Wake|100\/100\n|-activate|p2a: Sitting Sleep|ability: Protosynthesis\n|-start|p2a: Sitting Sleep|protosynthesisspe\n|turn|9\n|\n|t:|1699988228\n|move|p2a: Sitting Sleep|Hydro Steam|p1a: Landorus\n|-supereffective|p1a: Landorus\n|-damage|p1a: Landorus|0 fnt\n|faint|p1a: Landorus\n|\n|-weather|SunnyDay|[upkeep]\n|upkeep\n|\n|t:|1699988233\n|switch|p1a: Espathra|Espathra, M|100\/100\n|-damage|p1a: Espathra|88\/100|[from] Stealth Rock\n|turn|10\n|\n|t:|1699988241\n|-end|p2a: Sitting Sleep|Protosynthesis|[silent]\n|switch|p2a: Hector Salamanca|Roaring Moon|100\/100\n|-activate|p2a: Hector Salamanca|ability: Protosynthesis\n|-start|p2a: Hector Salamanca|protosynthesisspe\n|move|p1a: Espathra|Calm Mind|p1a: Espathra\n|-boost|p1a: Espathra|spa|1\n|-boost|p1a: Espathra|spd|1\n|\n|-weather|SunnyDay|[upkeep]\n|-heal|p1a: Espathra|94\/100|[from] item: Leftovers\n|-ability|p1a: Espathra|Speed Boost|boost\n|-boost|p1a: Espathra|spe|1\n|upkeep\n|turn|11\n|inactive|Nitro524 has 240 seconds left.\n|\n|t:|1699988271\n|-terastallize|p2a: Hector Salamanca|Steel\n|move|p2a: Hector Salamanca|Dragon Dance|p2a: Hector Salamanca\n|-boost|p2a: Hector Salamanca|atk|1\n|-boost|p2a: Hector Salamanca|spe|1\n|move|p1a: Espathra|Dazzling Gleam|p2a: Hector Salamanca\n|-resisted|p2a: Hector Salamanca\n|-damage|p2a: Hector Salamanca|82\/100\n|\n|-weather|SunnyDay|[upkeep]\n|-heal|p1a: Espathra|99\/100|[from] item: Leftovers\n|-ability|p1a: Espathra|Speed Boost|boost\n|-boost|p1a: Espathra|spe|1\n|upkeep\n|turn|12\n|\n|t:|1699988296\n|move|p1a: Espathra|Protect|p1a: Espathra\n|-singleturn|p1a: Espathra|Protect\n|move|p2a: Hector Salamanca|Knock Off|p1a: Espathra\n|-activate|p1a: Espathra|move: Protect\n|\n|-weather|none\n|-end|p2a: Hector Salamanca|Protosynthesis\n|-heal|p1a: Espathra|100\/100|[from] item: Leftovers\n|-sideend|p1: IcyTheScreamer|move: Light Screen\n|-ability|p1a: Espathra|Speed Boost|boost\n|-boost|p1a: Espathra|spe|1\n|upkeep\n|-enditem|p2a: Hector Salamanca|Booster Energy\n|-activate|p2a: Hector Salamanca|ability: Protosynthesis|[fromitem]\n|-start|p2a: Hector Salamanca|protosynthesisspe\n|turn|13\n|\n|t:|1699988311\n|-terastallize|p1a: Espathra|Fairy\n|move|p2a: Hector Salamanca|Knock Off|p1a: Espathra\n|-resisted|p1a: Espathra\n|-damage|p1a: Espathra|74\/100\n|-enditem|p1a: Espathra|Leftovers|[from] move: Knock Off|[of] p2a: Hector Salamanca\n|move|p1a: Espathra|Calm Mind|p1a: Espathra\n|-boost|p1a: Espathra|spa|1\n|-boost|p1a: Espathra|spd|1\n|\n|-sideend|p1: IcyTheScreamer|Reflect\n|-ability|p1a: Espathra|Speed Boost|boost\n|-boost|p1a: Espathra|spe|1\n|upkeep\n|turn|14\n|inactive|Nitro524 has 240 seconds left.\n|\n|t:|1699988320\n|move|p1a: Espathra|Protect|p1a: Espathra\n|-singleturn|p1a: Espathra|Protect\n|move|p2a: Hector Salamanca|Dragon Dance|p2a: Hector Salamanca\n|-boost|p2a: Hector Salamanca|atk|1\n|-boost|p2a: Hector Salamanca|spe|1\n|\n|-ability|p1a: Espathra|Speed Boost|boost\n|-boost|p1a: Espathra|spe|1\n|upkeep\n|turn|15\n|c|\u2606Nitro524|unfort\n|\n|t:|1699988325\n|move|p2a: Hector Salamanca|Iron Head|p1a: Espathra\n|-supereffective|p1a: Espathra\n|-damage|p1a: Espathra|0 fnt\n|faint|p1a: Espathra\n|\n|upkeep\n|c|\u2606Nitro524|but good plau\n|c|\u2606Nitro524|play\n|\n|t:|1699988339\n|switch|p1a: Arceus|Arceus-Ice|100\/100\n|-damage|p1a: Arceus|76\/100|[from] Stealth Rock\n|turn|16\n|c|\u2606IcyTheScreamer|thats gg i think\n|c|\u2606Nitro524|might be\n|c|\u2606Nitro524|ggs\n|-message|IcyTheScreamer forfeited.\n|\n|win|Nitro524\n|l|\u2606IcyTheScreamer\n","uploadtime":1699988380,"views":5,"p1id":"icythescreamer","p2id":"nitro524","formatid":"gen9ubers","rating":0,"private":0,"password":""}