{"id":"gen9ubers-1975775415","p1":"Anne Frankkkk","p2":"Compton Crobats","format":"[Gen 9] Ubers","log":"|j|\u2606Anne Frankkkk\n|j|\u2606Compton Crobats\n|t:|1698236724\n|gametype|singles\n|player|p1|Anne Frankkkk|hilbert|1126\n|player|p2|Compton Crobats|drayden|1131\n|teamsize|p1|6\n|teamsize|p2|6\n|gen|9\n|tier|[Gen 9] Ubers\n|rated|\n|rule|Sleep Clause Mod: Limit one foe put to sleep\n|rule|Species Clause: Limit one of each Pok\u00e9mon\n|rule|OHKO Clause: OHKO moves are banned\n|rule|Evasion Items Clause: Evasion items are banned\n|rule|Evasion Moves Clause: Evasion moves are banned\n|rule|Endless Battle Clause: Forcing endless battles is banned\n|rule|HP Percentage Mod: HP is shown in percentages\n|clearpoke\n|poke|p1|Iron Hands|\n|poke|p1|Kyogre|\n|poke|p1|Chien-Pao|\n|poke|p1|Ribombee, M|\n|poke|p1|Miraidon|\n|poke|p1|Flutter Mane|\n|poke|p2|Heatran, F|\n|poke|p2|Chesnaught, M|\n|poke|p2|Palafin, M|\n|poke|p2|Scream Tail|\n|poke|p2|Spectrier|\n|poke|p2|Hydreigon, M|\n|teampreview\n|inactive|Battle timer is ON: inactive players will automatically lose when time's up. (requested by Compton Crobats)\n|\n|t:|1698236729\n|start\n|switch|p1a: Moonblast|Ribombee, M, shiny|100\/100\n|switch|p2a: Heatran|Heatran, F|100\/100\n|turn|1\n|\n|t:|1698236750\n|move|p1a: Moonblast|Sticky Web|p2a: Heatran\n|-sidestart|p2: Compton Crobats|move: Sticky Web\n|move|p2a: Heatran|Flash Cannon|p1a: Moonblast\n|-supereffective|p1a: Moonblast\n|-enditem|p1a: Moonblast|Focus Sash\n|-damage|p1a: Moonblast|1\/100\n|\n|upkeep\n|turn|2\n|\n|t:|1698236758\n|move|p1a: Moonblast|Stun Spore|p2a: Heatran\n|-status|p2a: Heatran|par\n|move|p2a: Heatran|Flash Cannon|p1a: Moonblast\n|-supereffective|p1a: Moonblast\n|-damage|p1a: Moonblast|0 fnt\n|faint|p1a: Moonblast\n|\n|upkeep\n|\n|t:|1698236761\n|switch|p1a: Big Boy|Iron Hands, shiny|100\/100\n|turn|3\n|\n|t:|1698236768\n|move|p1a: Big Boy|Drain Punch|p2a: Heatran\n|-supereffective|p2a: Heatran\n|-damage|p2a: Heatran|37\/100 par\n|move|p2a: Heatran|Earth Power|p1a: Big Boy\n|-supereffective|p1a: Big Boy\n|-damage|p1a: Big Boy|63\/100\n|\n|upkeep\n|turn|4\n|\n|t:|1698236777\n|switch|p2a: Spectrier|Spectrier|100\/100\n|-activate|p2a: Spectrier|move: Sticky Web\n|-unboost|p2a: Spectrier|spe|1\n|move|p1a: Big Boy|Drain Punch|p2a: Spectrier\n|-immune|p2a: Spectrier\n|\n|upkeep\n|turn|5\n|\n|t:|1698236788\n|move|p2a: Spectrier|Shadow Ball|p1a: Big Boy\n|-damage|p1a: Big Boy|21\/100\n|move|p1a: Big Boy|Wild Charge|p2a: Spectrier\n|-damage|p2a: Spectrier|18\/100\n|-damage|p1a: Big Boy|7\/100|[from] Recoil\n|\n|upkeep\n|turn|6\n|\n|t:|1698236795\n|move|p2a: Spectrier|Shadow Ball|p1a: Big Boy\n|-damage|p1a: Big Boy|0 fnt\n|faint|p1a: Big Boy\n|-end|p1a: Big Boy|Quark Drive|[silent]\n|-ability|p2a: Spectrier|Grim Neigh|boost\n|-boost|p2a: Spectrier|spa|1\n|\n|upkeep\n|\n|t:|1698236800\n|switch|p1a: Ice Cat|Chien-Pao|100\/100\n|-ability|p1a: Ice Cat|Sword of Ruin\n|turn|7\n|\n|t:|1698236804\n|move|p1a: Ice Cat|Sucker Punch|p2a: Spectrier\n|-supereffective|p2a: Spectrier\n|-damage|p2a: Spectrier|0 fnt\n|faint|p2a: Spectrier\n|-damage|p1a: Ice Cat|91\/100|[from] item: Life Orb\n|\n|upkeep\n|\n|t:|1698236810\n|switch|p2a: Chesnaught|Chesnaught, M|100\/100\n|-activate|p2a: Chesnaught|move: Sticky Web\n|-unboost|p2a: Chesnaught|spe|1\n|turn|8\n|\n|t:|1698236821\n|move|p1a: Ice Cat|Ice Spinner|p2a: Chesnaught\n|-supereffective|p2a: Chesnaught\n|-damage|p2a: Chesnaught|0 fnt\n|faint|p2a: Chesnaught\n|-damage|p1a: Ice Cat|81\/100|[from] item: Life Orb\n|\n|upkeep\n|\n|t:|1698236840\n|switch|p2a: Heatran|Heatran, F|37\/100 par\n|-activate|p2a: Heatran|move: Sticky Web\n|-unboost|p2a: Heatran|spe|1\n|turn|9\n|\n|t:|1698236846\n|move|p1a: Ice Cat|Sacred Sword|p2a: Heatran\n|-supereffective|p2a: Heatran\n|-damage|p2a: Heatran|0 fnt\n|faint|p2a: Heatran\n|-damage|p1a: Ice Cat|71\/100|[from] item: Life Orb\n|\n|upkeep\n|-message|Compton Crobats forfeited.\n|\n|win|Anne Frankkkk\n|raw|Anne Frankkkk's rating: 1126 &rarr; <strong>1151<\/strong><br \/>(+25 for winning)\n|raw|Compton Crobats's rating: 1131 &rarr; <strong>1106<\/strong><br \/>(-25 for losing)\n|l|\u2606Compton Crobats\n","uploadtime":1698236856,"views":7,"p1id":"annefrankkkk","p2id":"comptoncrobats","formatid":"gen9ubers","rating":1106,"private":0,"password":""}