{"id":"gen9ubers-1983845537","p1":"RUMYMOME","p2":"jawiththeblicky","format":"[Gen 9] Ubers","log":"|j|\u2606RUMYMOME\n|j|\u2606jawiththeblicky\n|inactive|Battle timer is ON: inactive players will automatically lose when time's up.\n|t:|1699190913\n|gametype|singles\n|player|p1|RUMYMOME|marshal|\n|player|p2|jawiththeblicky|dragontamer-gen9|\n|teamsize|p1|6\n|teamsize|p2|6\n|gen|9\n|tier|[Gen 9] Ubers\n|rated|Tournament battle\n|rule|Sleep Clause Mod: Limit one foe put to sleep\n|rule|Species Clause: Limit one of each Pok\u00e9mon\n|rule|OHKO Clause: OHKO moves are banned\n|rule|Evasion Items Clause: Evasion items are banned\n|rule|Evasion Moves Clause: Evasion moves are banned\n|rule|Endless Battle Clause: Forcing endless battles is banned\n|rule|HP Percentage Mod: HP is shown in percentages\n|clearpoke\n|poke|p1|Miraidon|\n|poke|p1|Koraidon|\n|poke|p1|Flutter Mane|\n|poke|p1|Walking Wake|\n|poke|p1|Roaring Moon|\n|poke|p1|Great Tusk|\n|poke|p2|Roaring Moon|\n|poke|p2|Iron Bundle|\n|poke|p2|Flutter Mane|\n|poke|p2|Miraidon|\n|poke|p2|Koraidon|\n|poke|p2|Iron Valiant|\n|teampreview\n|j|*Lady Monita \u263d\n|inactive|jawiththeblicky has 120 seconds left.\n|\n|t:|1699190965\n|start\n|switch|p1a: Roaring Moon|Roaring Moon|100\/100\n|switch|p2a: Miraidon|Miraidon|100\/100\n|-fieldstart|move: Electric Terrain|[from] ability: Hadron Engine|[of] p2a: Miraidon\n|turn|1\n|\n|t:|1699190989\n|-terastallize|p1a: Roaring Moon|Steel\n|move|p2a: Miraidon|Dazzling Gleam|p1a: Roaring Moon\n|-resisted|p1a: Roaring Moon\n|-damage|p1a: Roaring Moon|82\/100\n|move|p1a: Roaring Moon|Dragon Dance|p1a: Roaring Moon\n|-boost|p1a: Roaring Moon|atk|1\n|-boost|p1a: Roaring Moon|spe|1\n|\n|upkeep\n|turn|2\n|\n|t:|1699191000\n|switch|p2a: Iron Bundle|Iron Bundle, shiny|100\/100\n|-activate|p2a: Iron Bundle|ability: Quark Drive\n|-start|p2a: Iron Bundle|quarkdrivespe\n|move|p1a: Roaring Moon|Scale Shot|p2a: Iron Bundle\n|-damage|p2a: Iron Bundle|77\/100\n|-damage|p2a: Iron Bundle|54\/100\n|-damage|p2a: Iron Bundle|29\/100\n|-damage|p2a: Iron Bundle|3\/100\n|-damage|p2a: Iron Bundle|0 fnt\n|faint|p2a: Iron Bundle\n|-end|p2a: Iron Bundle|Quark Drive|[silent]\n|-hitcount|p2: Iron Bundle|5\n|-unboost|p1a: Roaring Moon|def|1\n|-boost|p1a: Roaring Moon|spe|1\n|\n|upkeep\n|inactive|jawiththeblicky has 120 seconds left.\n|\n|t:|1699191022\n|switch|p2a: Miraidon|Miraidon|100\/100\n|-activate|p2a: Miraidon|ability: Hadron Engine\n|turn|3\n|\n|t:|1699191028\n|-terastallize|p2a: Miraidon|Fairy\n|move|p1a: Roaring Moon|Earthquake|p2a: Miraidon\n|-damage|p2a: Miraidon|50\/100\n|move|p2a: Miraidon|Dazzling Gleam|p1a: Roaring Moon\n|-resisted|p1a: Roaring Moon\n|-damage|p1a: Roaring Moon|53\/100\n|\n|upkeep\n|turn|4\n|inactive|jawiththeblicky has 120 seconds left.\n|c|\u2606jawiththeblicky|why did i do that\n|\n|t:|1699191058\n|switch|p2a: Flutter Mane|Flutter Mane, shiny|100\/100\n|move|p1a: Roaring Moon|Iron Head|p2a: Flutter Mane\n|-supereffective|p2a: Flutter Mane\n|-damage|p2a: Flutter Mane|0 fnt\n|faint|p2a: Flutter Mane\n|-end|p2a: Flutter Mane|Protosynthesis|[silent]\n|\n|upkeep\n|\n|t:|1699191061\n|switch|p2a: Miraidon|Miraidon, tera:Fairy|50\/100\n|-activate|p2a: Miraidon|ability: Hadron Engine\n|turn|5\n|\n|t:|1699191067\n|move|p1a: Roaring Moon|Iron Head|p2a: Miraidon\n|-supereffective|p2a: Miraidon\n|-damage|p2a: Miraidon|0 fnt\n|faint|p2a: Miraidon\n|\n|-fieldend|move: Electric Terrain\n|upkeep\n|inactive|jawiththeblicky has 120 seconds left.\n|-message|jawiththeblicky forfeited.\n|\n|win|RUMYMOME\n|n|\u2606RUMYMOME|rumymome\n|n|\u2606jawiththeblicky|jawiththeblicky\n|n|*Lady Monita \u263d|ladymonita\n","uploadtime":1699191083,"views":3,"p1id":"rumymome","p2id":"jawiththeblicky","formatid":"gen9ubers","rating":0,"private":0,"password":""}