{"id":"gen9ubers-1983675831","p1":"GratedsShtickface","p2":"ilikeeatingcrayons","format":"[Gen 9] Ubers","log":"|j|\u2606GratedsShtickface\n|j|\u2606ilikeeatingcrayons\n|t:|1699157996\n|gametype|singles\n|player|p1|GratedsShtickface|hiker-gen4|\n|player|p2|ilikeeatingcrayons|youngster-gen4dp|\n|teamsize|p1|6\n|teamsize|p2|6\n|gen|9\n|tier|[Gen 9] Ubers\n|rule|Sleep Clause Mod: Limit one foe put to sleep\n|rule|Species Clause: Limit one of each Pok\u00e9mon\n|rule|OHKO Clause: OHKO moves are banned\n|rule|Evasion Items Clause: Evasion items are banned\n|rule|Evasion Moves Clause: Evasion moves are banned\n|rule|Endless Battle Clause: Forcing endless battles is banned\n|rule|HP Percentage Mod: HP is shown in percentages\n|clearpoke\n|poke|p1|Rillaboom, M|\n|poke|p1|Sneasler, M|\n|poke|p1|Espathra, M|\n|poke|p1|Magearna|\n|poke|p1|Arceus-Fire|\n|poke|p1|Palafin, F|\n|poke|p2|Masquerain, M|\n|poke|p2|Gholdengo|\n|poke|p2|Cyclizar, M|\n|poke|p2|Zacian-*|\n|poke|p2|Shaymin-Sky|\n|poke|p2|Chi-Yu|\n|teampreview\n|inactive|Battle timer is ON: inactive players will automatically lose when time's up. (requested by ilikeeatingcrayons)\n|c|\u2606ilikeeatingcrayons|Glhf\n|c|\u2606GratedsShtickface|glhf\n|c|\u2606GratedsShtickface|hopefully this wont crash lol\n|c|\u2606ilikeeatingcrayons|Lol yea\n|\n|t:|1699158025\n|start\n|switch|p1a: Magearna|Magearna|100\/100\n|switch|p2a: Masquerain|Masquerain, M|100\/100\n|-ability|p2a: Masquerain|Intimidate|boost\n|-unboost|p1a: Magearna|atk|1\n|turn|1\n|\n|t:|1699158033\n|move|p2a: Masquerain|Sticky Web|p1a: Magearna\n|-sidestart|p1: GratedsShtickface|move: Sticky Web\n|move|p1a: Magearna|Spikes|p2a: Masquerain\n|-sidestart|p2: ilikeeatingcrayons|Spikes\n|\n|upkeep\n|turn|2\n|\n|t:|1699158044\n|switch|p2a: Cyclizar|Cyclizar, M|100\/100\n|move|p1a: Magearna|Thunder Wave|p2a: Cyclizar\n|-status|p2a: Cyclizar|par\n|\n|upkeep\n|turn|3\n|\n|t:|1699158049\n|move|p2a: Cyclizar|Shed Tail|p2a: Cyclizar\n|-start|p2a: Cyclizar|Substitute|[from] move: Shed Tail\n|-damage|p2a: Cyclizar|50\/100 par\n|\n|t:|1699158057\n|switch|p2a: Chi-Yu|Chi-Yu|100\/100|[from] Shed Tail\n|-damage|p2a: Chi-Yu|88\/100|[from] Spikes\n|-ability|p2a: Chi-Yu|Beads of Ruin\n|move|p1a: Magearna|Fleur Cannon|p2a: Chi-Yu|[miss]\n|-miss|p1a: Magearna|p2a: Chi-Yu\n|\n|upkeep\n|turn|4\n|\n|t:|1699158067\n|move|p2a: Chi-Yu|Flamethrower|p1a: Magearna\n|-supereffective|p1a: Magearna\n|-damage|p1a: Magearna|0 fnt\n|faint|p1a: Magearna\n|\n|upkeep\n|\n|t:|1699158069\n|switch|p1a: Random Finizen|Palafin, F|100\/100\n|-activate|p1a: Random Finizen|move: Sticky Web\n|-unboost|p1a: Random Finizen|spe|1\n|turn|5\n|\n|t:|1699158072\n|move|p2a: Chi-Yu|Flamethrower|p1a: Random Finizen\n|-resisted|p1a: Random Finizen\n|-damage|p1a: Random Finizen|34\/100\n|move|p1a: Random Finizen|Wave Crash|p2a: Chi-Yu\n|-supereffective|p2a: Chi-Yu\n|-end|p2a: Chi-Yu|Substitute\n|-damage|p1a: Random Finizen|25\/100|[from] Recoil|[of] p2a: Chi-Yu\n|\n|upkeep\n|turn|6\n|\n|t:|1699158077\n|detailschange|p1a: Random Finizen|Palafin-Hero, F\n|switch|p1a: Ar\u0441eus-Fighting|Arceus-Fire|100\/100\n|-activate|p1a: Ar\u0441eus-Fighting|move: Sticky Web\n|-unboost|p1a: Ar\u0441eus-Fighting|spe|1\n|move|p2a: Chi-Yu|Flamethrower|p1a: Ar\u0441eus-Fighting\n|-resisted|p1a: Ar\u0441eus-Fighting\n|-damage|p1a: Ar\u0441eus-Fighting|68\/100\n|\n|upkeep\n|turn|7\n|\n|t:|1699158083\n|switch|p2a: Masquerain|Masquerain, M|100\/100\n|-ability|p2a: Masquerain|Intimidate|boost\n|-unboost|p1a: Ar\u0441eus-Fighting|atk|1\n|move|p1a: Ar\u0441eus-Fighting|Swords Dance|p1a: Ar\u0441eus-Fighting\n|-boost|p1a: Ar\u0441eus-Fighting|atk|2\n|\n|upkeep\n|turn|8\n|\n|t:|1699158089\n|move|p1a: Ar\u0441eus-Fighting|Extreme Speed|p2a: Masquerain\n|-damage|p2a: Masquerain|34\/100\n|move|p2a: Masquerain|Stun Spore|p1a: Ar\u0441eus-Fighting\n|-status|p1a: Ar\u0441eus-Fighting|par\n|\n|upkeep\n|turn|9\n|\n|t:|1699158093\n|move|p1a: Ar\u0441eus-Fighting|Extreme Speed|p2a: Masquerain\n|-damage|p2a: Masquerain|0 fnt\n|faint|p2a: Masquerain\n|\n|upkeep\n|inactive|ilikeeatingcrayons has 270 seconds left.\n|\n|t:|1699158141\n|switch|p2a: Gholdengo|Gholdengo|100\/100\n|-damage|p2a: Gholdengo|88\/100|[from] Spikes\n|turn|10\n|\n|t:|1699158149\n|move|p2a: Gholdengo|Shadow Ball|p1a: Ar\u0441eus-Fighting\n|-crit|p1a: Ar\u0441eus-Fighting\n|-damage|p1a: Ar\u0441eus-Fighting|24\/100 par\n|move|p1a: Ar\u0441eus-Fighting|Flare Blitz|p2a: Gholdengo\n|-supereffective|p2a: Gholdengo\n|-damage|p2a: Gholdengo|0 fnt\n|faint|p2a: Gholdengo\n|-damage|p1a: Ar\u0441eus-Fighting|3\/100 par|[from] Recoil\n|\n|upkeep\n|\n|t:|1699158169\n|switch|p2a: Cyclizar|Cyclizar, M|84\/100 par\n|turn|11\n|\n|t:|1699158173\n|move|p1a: Ar\u0441eus-Fighting|Extreme Speed|p2a: Cyclizar\n|-damage|p2a: Cyclizar|18\/100 par\n|move|p2a: Cyclizar|Knock Off|p1a: Ar\u0441eus-Fighting\n|-damage|p1a: Ar\u0441eus-Fighting|0 fnt\n|faint|p1a: Ar\u0441eus-Fighting\n|\n|upkeep\n|\n|t:|1699158181\n|switch|p1a: Random Finizen|Palafin-Hero, F|25\/100\n|-activate|p1a: Random Finizen|move: Sticky Web\n|-unboost|p1a: Random Finizen|spe|1\n|-activate|p1a: Random Finizen|ability: Zero to Hero\n|turn|12\n|\n|t:|1699158190\n|move|p1a: Random Finizen|Jet Punch|p2a: Cyclizar\n|-resisted|p2a: Cyclizar\n|-damage|p2a: Cyclizar|0 fnt\n|faint|p2a: Cyclizar\n|\n|upkeep\n|\n|t:|1699158192\n|switch|p2a: Shaymin|Shaymin-Sky|100\/100\n|turn|13\n|\n|t:|1699158199\n|switch|p1a: Harambe|Rillaboom, M|100\/100\n|-activate|p1a: Harambe|move: Sticky Web\n|-unboost|p1a: Harambe|spe|1\n|-fieldstart|move: Grassy Terrain|[from] ability: Grassy Surge|[of] p1a: Harambe\n|move|p2a: Shaymin|Air Slash|p1a: Harambe\n|-supereffective|p1a: Harambe\n|-damage|p1a: Harambe|0 fnt\n|faint|p1a: Harambe\n|-damage|p2a: Shaymin|91\/100|[from] item: Life Orb\n|\n|upkeep\n|\n|t:|1699158202\n|switch|p1a: Haha Long Boi|Sneasler, M, shiny|100\/100\n|-activate|p1a: Haha Long Boi|move: Sticky Web\n|-unboost|p1a: Haha Long Boi|spe|1\n|-enditem|p1a: Haha Long Boi|Grassy Seed\n|-boost|p1a: Haha Long Boi|def|1|[from] item: Grassy Seed\n|turn|14\n|\n|t:|1699158215\n|move|p1a: Haha Long Boi|Acrobatics|p2a: Shaymin\n|-supereffective|p2a: Shaymin\n|-damage|p2a: Shaymin|0 fnt\n|faint|p2a: Shaymin\n|\n|upkeep\n|\n|t:|1699158232\n|switch|p2a: Zacian|Zacian|100\/100\n|-ability|p2a: Zacian|Intrepid Sword|boost\n|-boost|p2a: Zacian|atk|1\n|turn|15\n|\n|t:|1699158238\n|-terastallize|p2a: Zacian|Fire\n|move|p1a: Haha Long Boi|Dire Claw|p2a: Zacian\n|-damage|p2a: Zacian|55\/100\n|move|p2a: Zacian|Tera Blast|p1a: Haha Long Boi|[anim] Tera Blast Fire\n|-damage|p1a: Haha Long Boi|39\/100\n|\n|-heal|p1a: Haha Long Boi|45\/100|[from] Grassy Terrain\n|-heal|p2a: Zacian|61\/100|[from] Grassy Terrain\n|upkeep\n|turn|16\n|\n|t:|1699158248\n|move|p1a: Haha Long Boi|Close Combat|p2a: Zacian\n|-damage|p2a: Zacian|0 fnt\n|-unboost|p1a: Haha Long Boi|def|1\n|-unboost|p1a: Haha Long Boi|spd|1\n|faint|p2a: Zacian\n|\n|-heal|p1a: Haha Long Boi|51\/100|[from] Grassy Terrain\n|upkeep\n|\n|t:|1699158250\n|switch|p2a: Chi-Yu|Chi-Yu|88\/100\n|-damage|p2a: Chi-Yu|76\/100|[from] Spikes\n|-ability|p2a: Chi-Yu|Beads of Ruin\n|turn|17\n|c|\u2606ilikeeatingcrayons|Gg\n|\n|t:|1699158262\n|move|p1a: Haha Long Boi|Close Combat|p2a: Chi-Yu\n|-supereffective|p2a: Chi-Yu\n|-damage|p2a: Chi-Yu|0 fnt\n|-unboost|p1a: Haha Long Boi|def|1\n|-unboost|p1a: Haha Long Boi|spd|1\n|faint|p2a: Chi-Yu\n|\n|win|GratedsShtickface\n|c|\u2606GratedsShtickface|gg\n|c|\u2606GratedsShtickface|I'll send the vod\n","uploadtime":1699158277,"views":25,"p1id":"gratedsshtickface","p2id":"ilikeeatingcrayons","formatid":"gen9ubers","rating":0,"private":0,"password":""}