{"id":"gen9ubers-1976143530","p1":"Deriverse","p2":"eyka1234","format":"[Gen 9] Ubers","log":"|j|\u2606Deriverse\n|j|\u2606eyka1234\n|t:|1698267501\n|gametype|singles\n|player|p1|Deriverse|roxanne|1317\n|player|p2|eyka1234|depotagent|1246\n|teamsize|p1|6\n|teamsize|p2|6\n|gen|9\n|tier|[Gen 9] Ubers\n|rated|\n|rule|Sleep Clause Mod: Limit one foe put to sleep\n|rule|Species Clause: Limit one of each Pok\u00e9mon\n|rule|OHKO Clause: OHKO moves are banned\n|rule|Evasion Items Clause: Evasion items are banned\n|rule|Evasion Moves Clause: Evasion moves are banned\n|rule|Endless Battle Clause: Forcing endless battles is banned\n|rule|HP Percentage Mod: HP is shown in percentages\n|clearpoke\n|poke|p1|Shaymin-Sky|\n|poke|p1|Flutter Mane|\n|poke|p1|Groudon|\n|poke|p1|Chi-Yu|\n|poke|p1|Ribombee, F|\n|poke|p1|Great Tusk|\n|poke|p2|Arceus|\n|poke|p2|Miraidon|\n|poke|p2|Rayquaza|\n|poke|p2|Kyogre|\n|poke|p2|Espathra, F|\n|poke|p2|Flutter Mane|\n|teampreview\n|inactive|Battle timer is ON: inactive players will automatically lose when time's up. (requested by Deriverse)\n|\n|t:|1698267505\n|start\n|switch|p1a: Ribombee|Ribombee, F|100\/100\n|switch|p2a: Arceus|Arceus|100\/100\n|turn|1\n|\n|t:|1698267513\n|move|p2a: Arceus|Extreme Speed|p1a: Ribombee\n|-damage|p1a: Ribombee|3\/100\n|move|p1a: Ribombee|Sticky Web|p2a: Arceus\n|-sidestart|p2: eyka1234|move: Sticky Web\n|\n|upkeep\n|turn|2\n|\n|t:|1698267520\n|move|p1a: Ribombee|Stun Spore|p2a: Arceus\n|-status|p2a: Arceus|par\n|move|p2a: Arceus|Swords Dance|p2a: Arceus\n|-boost|p2a: Arceus|atk|2\n|\n|upkeep\n|turn|3\n|\n|t:|1698267526\n|move|p2a: Arceus|Extreme Speed|p1a: Ribombee\n|-damage|p1a: Ribombee|0 fnt\n|faint|p1a: Ribombee\n|\n|upkeep\n|\n|t:|1698267532\n|switch|p1a: Great Tusk|Great Tusk|100\/100\n|turn|4\n|\n|t:|1698267535\n|-terastallize|p2a: Arceus|Normal\n|move|p2a: Arceus|Extreme Speed|p1a: Great Tusk\n|-damage|p1a: Great Tusk|22\/100\n|move|p1a: Great Tusk|Knock Off|p2a: Arceus\n|-damage|p2a: Arceus|77\/100 par\n|-enditem|p2a: Arceus|Silk Scarf|[from] move: Knock Off|[of] p1a: Great Tusk\n|\n|upkeep\n|turn|5\n|\n|t:|1698267544\n|move|p2a: Arceus|Extreme Speed|p1a: Great Tusk\n|-damage|p1a: Great Tusk|0 fnt\n|faint|p1a: Great Tusk\n|-end|p1a: Great Tusk|Protosynthesis|[silent]\n|\n|upkeep\n|\n|t:|1698267546\n|switch|p1a: Groudon|Groudon|100\/100\n|-weather|SunnyDay|[from] ability: Drought|[of] p1a: Groudon\n|turn|6\n|\n|t:|1698267552\n|move|p1a: Groudon|Precipice Blades|p2a: Arceus\n|-damage|p2a: Arceus|28\/100 par\n|move|p2a: Arceus|Earthquake|p1a: Groudon\n|-damage|p1a: Groudon|55\/100\n|\n|-weather|SunnyDay|[upkeep]\n|upkeep\n|turn|7\n|\n|t:|1698267557\n|cant|p2a: Arceus|par\n|move|p1a: Groudon|Precipice Blades|p2a: Arceus\n|-damage|p2a: Arceus|0 fnt\n|faint|p2a: Arceus\n|\n|-weather|SunnyDay|[upkeep]\n|upkeep\n|\n|t:|1698267565\n|switch|p2a: Rayquaza|Rayquaza|100\/100\n|-ability|p2a: Rayquaza|Air Lock\n|turn|8\n|\n|t:|1698267569\n|move|p2a: Rayquaza|Dragon Dance|p2a: Rayquaza\n|-boost|p2a: Rayquaza|atk|1\n|-boost|p2a: Rayquaza|spe|1\n|move|p1a: Groudon|Stone Edge|p2a: Rayquaza\n|-supereffective|p2a: Rayquaza\n|-crit|p2a: Rayquaza\n|-damage|p2a: Rayquaza|0 fnt\n|faint|p2a: Rayquaza\n|\n|-weather|SunnyDay|[upkeep]\n|upkeep\n|\n|t:|1698267582\n|switch|p2a: Kyogre|Kyogre|100\/100\n|-activate|p2a: Kyogre|move: Sticky Web\n|-unboost|p2a: Kyogre|spe|1\n|-weather|RainDance|[from] ability: Drizzle|[of] p2a: Kyogre\n|turn|9\n|\n|t:|1698267585\n|move|p2a: Kyogre|Water Spout|p1a: Groudon\n|-supereffective|p1a: Groudon\n|-crit|p1a: Groudon\n|-damage|p1a: Groudon|0 fnt\n|faint|p1a: Groudon\n|\n|-weather|RainDance|[upkeep]\n|upkeep\n|\n|t:|1698267590\n|switch|p1a: Shaymin|Shaymin-Sky|100\/100\n|turn|10\n|\n|t:|1698267597\n|move|p1a: Shaymin|Seed Flare|p2a: Kyogre|[miss]\n|-miss|p1a: Shaymin|p2a: Kyogre\n|move|p2a: Kyogre|Water Spout|p1a: Shaymin\n|-resisted|p1a: Shaymin\n|-damage|p1a: Shaymin|24\/100\n|\n|-weather|RainDance|[upkeep]\n|upkeep\n|turn|11\n|\n|t:|1698267602\n|move|p1a: Shaymin|Seed Flare|p2a: Kyogre\n|-supereffective|p2a: Kyogre\n|-damage|p2a: Kyogre|9\/100\n|-unboost|p2a: Kyogre|spd|2\n|move|p2a: Kyogre|Water Spout|p1a: Shaymin\n|-resisted|p1a: Shaymin\n|-damage|p1a: Shaymin|18\/100\n|\n|-weather|RainDance|[upkeep]\n|upkeep\n|turn|12\n|\n|t:|1698267609\n|move|p1a: Shaymin|Seed Flare|p2a: Kyogre\n|-supereffective|p2a: Kyogre\n|-damage|p2a: Kyogre|0 fnt\n|faint|p2a: Kyogre\n|\n|-weather|RainDance|[upkeep]\n|upkeep\n|\n|t:|1698267617\n|switch|p2a: Espathra|Espathra, F|100\/100\n|-activate|p2a: Espathra|move: Sticky Web\n|-unboost|p2a: Espathra|spe|1\n|turn|13\n|\n|t:|1698267620\n|move|p1a: Shaymin|Seed Flare|p2a: Espathra\n|-damage|p2a: Espathra|0 fnt\n|faint|p2a: Espathra\n|\n|-weather|none\n|upkeep\n|\n|t:|1698267624\n|switch|p2a: Miraidon|Miraidon|100\/100\n|-activate|p2a: Miraidon|move: Sticky Web\n|-unboost|p2a: Miraidon|spe|1\n|-fieldstart|move: Electric Terrain|[from] ability: Hadron Engine|[of] p2a: Miraidon\n|turn|14\n|\n|t:|1698267627\n|move|p1a: Shaymin|Seed Flare|p2a: Miraidon|[miss]\n|-miss|p1a: Shaymin|p2a: Miraidon\n|move|p2a: Miraidon|Electro Drift|p1a: Shaymin\n|-damage|p1a: Shaymin|0 fnt\n|faint|p1a: Shaymin\n|-damage|p2a: Miraidon|91\/100|[from] item: Life Orb\n|\n|upkeep\n|\n|t:|1698267635\n|switch|p1a: Chi-Yu|Chi-Yu|100\/100\n|-ability|p1a: Chi-Yu|Beads of Ruin\n|turn|15\n|\n|t:|1698267642\n|-terastallize|p1a: Chi-Yu|Ground\n|move|p1a: Chi-Yu|Tera Blast|p2a: Miraidon|[anim] Tera Blast Ground\n|-supereffective|p2a: Miraidon\n|-damage|p2a: Miraidon|0 fnt\n|faint|p2a: Miraidon\n|\n|upkeep\n|\n|t:|1698267646\n|switch|p2a: Flutter Mane|Flutter Mane|100\/100\n|-activate|p2a: Flutter Mane|move: Sticky Web\n|-unboost|p2a: Flutter Mane|spe|1\n|-enditem|p2a: Flutter Mane|Booster Energy\n|-activate|p2a: Flutter Mane|ability: Protosynthesis|[fromitem]\n|-start|p2a: Flutter Mane|protosynthesisspa\n|turn|16\n|\n|t:|1698267656\n|move|p1a: Chi-Yu|Tera Blast|p2a: Flutter Mane|[anim] Tera Blast Ground\n|-damage|p2a: Flutter Mane|40\/100\n|move|p2a: Flutter Mane|Moonblast|p1a: Chi-Yu\n|-damage|p1a: Chi-Yu|20\/100\n|\n|upkeep\n|turn|17\n|\n|t:|1698267661\n|move|p1a: Chi-Yu|Tera Blast|p2a: Flutter Mane|[anim] Tera Blast Ground\n|-damage|p2a: Flutter Mane|0 fnt\n|faint|p2a: Flutter Mane\n|-end|p2a: Flutter Mane|Protosynthesis|[silent]\n|\n|win|Deriverse\n|raw|Deriverse's rating: 1317 &rarr; <strong>1333<\/strong><br \/>(+16 for winning)\n|raw|eyka1234's rating: 1246 &rarr; <strong>1226<\/strong><br \/>(-20 for losing)\n|l|\u2606eyka1234\n","uploadtime":1698267665,"views":8,"p1id":"deriverse","p2id":"eyka1234","formatid":"gen9ubers","rating":1226,"private":0,"password":""}