{"id":"gen9ubers-1996482885","p1":"BetterthanJ","p2":"hgfjhgjhgvjm","format":"[Gen 9] Ubers","log":"|j|\u2606BetterthanJ\n|j|\u2606hgfjhgjhgvjm\n|t:|1700686358\n|gametype|singles\n|player|p1|BetterthanJ|shadowtriad|1040\n|player|p2|hgfjhgjhgvjm|preschoolerf|1050\n|teamsize|p1|6\n|teamsize|p2|6\n|gen|9\n|tier|[Gen 9] Ubers\n|rated|\n|rule|Sleep Clause Mod: Limit one foe put to sleep\n|rule|Species Clause: Limit one of each Pok\u00e9mon\n|rule|OHKO Clause: OHKO moves are banned\n|rule|Evasion Items Clause: Evasion items are banned\n|rule|Evasion Moves Clause: Evasion moves are banned\n|rule|Endless Battle Clause: Forcing endless battles is banned\n|rule|HP Percentage Mod: HP is shown in percentages\n|clearpoke\n|poke|p1|Iron Bundle|\n|poke|p1|Arceus-Steel|\n|poke|p1|Great Tusk|\n|poke|p1|Ribombee, F|\n|poke|p1|Spectrier|\n|poke|p1|Zacian-*|\n|poke|p2|Flutter Mane|\n|poke|p2|Koraidon|\n|poke|p2|Houndstone, F|\n|poke|p2|Ting-Lu|\n|poke|p2|Glimmora, F|\n|poke|p2|Armarouge, M|\n|teampreview\n|inactive|Battle timer is ON: inactive players will automatically lose when time's up. (requested by BetterthanJ)\n|\n|t:|1700686373\n|start\n|switch|p1a: Great Tusk|Great Tusk|100\/100\n|switch|p2a: Glimmora|Glimmora, F|100\/100\n|turn|1\n|\n|t:|1700686378\n|move|p2a: Glimmora|Stealth Rock|p1a: Great Tusk\n|-sidestart|p1: BetterthanJ|move: Stealth Rock\n|move|p1a: Great Tusk|Rapid Spin|p2a: Glimmora\n|-resisted|p2a: Glimmora\n|-damage|p2a: Glimmora|91\/100\n|-boost|p1a: Great Tusk|spe|1\n|-activate|p2a: Glimmora|ability: Toxic Debris\n|-sidestart|p1: BetterthanJ|move: Toxic Spikes\n|-sideend|p1: BetterthanJ|Toxic Spikes|[from] move: Rapid Spin|[of] p1a: Great Tusk\n|-sideend|p1: BetterthanJ|Stealth Rock|[from] move: Rapid Spin|[of] p1a: Great Tusk\n|\n|upkeep\n|turn|2\n|\n|t:|1700686387\n|switch|p2a: Ting-Lu|Ting-Lu|100\/100\n|-ability|p2a: Ting-Lu|Vessel of Ruin\n|move|p1a: Great Tusk|Earthquake|p2a: Ting-Lu\n|-damage|p2a: Ting-Lu|77\/100\n|\n|upkeep\n|turn|3\n|\n|t:|1700686391\n|move|p1a: Great Tusk|Knock Off|p2a: Ting-Lu\n|-resisted|p2a: Ting-Lu\n|-damage|p2a: Ting-Lu|68\/100\n|-enditem|p2a: Ting-Lu|Assault Vest|[from] move: Knock Off|[of] p1a: Great Tusk\n|move|p2a: Ting-Lu|Ruination|p1a: Great Tusk\n|-damage|p1a: Great Tusk|51\/100\n|\n|upkeep\n|turn|4\n|\n|t:|1700686396\n|move|p1a: Great Tusk|Close Combat|p2a: Ting-Lu\n|-supereffective|p2a: Ting-Lu\n|-damage|p2a: Ting-Lu|6\/100\n|-unboost|p1a: Great Tusk|def|1\n|-unboost|p1a: Great Tusk|spd|1\n|move|p2a: Ting-Lu|Throat Chop|p1a: Great Tusk\n|-resisted|p1a: Great Tusk\n|-damage|p1a: Great Tusk|36\/100\n|-start|p1a: Great Tusk|Throat Chop|[silent]\n|\n|upkeep\n|turn|5\n|\n|t:|1700686403\n|move|p1a: Great Tusk|Rapid Spin|p2a: Ting-Lu\n|-damage|p2a: Ting-Lu|0 fnt\n|-boost|p1a: Great Tusk|spe|1\n|faint|p2a: Ting-Lu\n|\n|-end|p1a: Great Tusk|Throat Chop|[silent]\n|upkeep\n|\n|t:|1700686409\n|switch|p2a: Flutter Mane|Flutter Mane|100\/100\n|turn|6\n|\n|t:|1700686413\n|move|p2a: Flutter Mane|Shadow Ball|p1a: Great Tusk\n|-damage|p1a: Great Tusk|0 fnt\n|faint|p1a: Great Tusk\n|-end|p1a: Great Tusk|Protosynthesis|[silent]\n|\n|upkeep\n|\n|t:|1700686418\n|switch|p1a: Ribombee|Ribombee, F|100\/100\n|turn|7\n|\n|t:|1700686422\n|move|p2a: Flutter Mane|Shadow Ball|p1a: Ribombee\n|-damage|p1a: Ribombee|32\/100\n|move|p1a: Ribombee|Sticky Web|p2a: Flutter Mane\n|-sidestart|p2: hgfjhgjhgvjm|move: Sticky Web\n|\n|upkeep\n|turn|8\n|\n|t:|1700686430\n|-end|p2a: Flutter Mane|Protosynthesis|[silent]\n|switch|p2a: Glimmora|Glimmora, F|91\/100\n|-activate|p2a: Glimmora|move: Sticky Web\n|-unboost|p2a: Glimmora|spe|1\n|move|p1a: Ribombee|Quiver Dance|p1a: Ribombee\n|-boost|p1a: Ribombee|spa|1\n|-boost|p1a: Ribombee|spd|1\n|-boost|p1a: Ribombee|spe|1\n|\n|upkeep\n|turn|9\n|\n|t:|1700686436\n|move|p1a: Ribombee|Moonblast|p2a: Glimmora\n|-resisted|p2a: Glimmora\n|-damage|p2a: Glimmora|48\/100\n|move|p2a: Glimmora|Mortal Spin|p1a: Ribombee\n|-supereffective|p1a: Ribombee\n|-damage|p1a: Ribombee|8\/100\n|-status|p1a: Ribombee|psn\n|-sideend|p2: hgfjhgjhgvjm|Sticky Web|[from] move: Mortal Spin|[of] p2a: Glimmora\n|\n|-damage|p1a: Ribombee|0 fnt|[from] psn\n|faint|p1a: Ribombee\n|upkeep\n|\n|t:|1700686441\n|switch|p1a: Spectrier|Spectrier|100\/100\n|turn|10\n|\n|t:|1700686454\n|move|p1a: Spectrier|Shadow Ball|p2a: Glimmora\n|-damage|p2a: Glimmora|0 fnt\n|faint|p2a: Glimmora\n|-ability|p1a: Spectrier|Grim Neigh|boost\n|-boost|p1a: Spectrier|spa|1\n|-damage|p1a: Spectrier|91\/100|[from] item: Life Orb\n|\n|upkeep\n|\n|t:|1700686457\n|switch|p2a: Koraidon|Koraidon|100\/100\n|-weather|SunnyDay|[from] ability: Orichalcum Pulse|[of] p2a: Koraidon\n|-activate|p2a: Koraidon|Orichalcum Pulse|[source]\n|turn|11\n|\n|t:|1700686463\n|switch|p1a: Zacian|Zacian-Crowned|100\/100\n|-ability|p1a: Zacian|Intrepid Sword|boost\n|-boost|p1a: Zacian|atk|1\n|move|p2a: Koraidon|Flare Blitz|p1a: Zacian\n|-supereffective|p1a: Zacian\n|-damage|p1a: Zacian|0 fnt\n|faint|p1a: Zacian\n|-damage|p2a: Koraidon|69\/100|[from] Recoil\n|-damage|p2a: Koraidon|59\/100|[from] item: Life Orb\n|\n|-weather|SunnyDay|[upkeep]\n|upkeep\n|\n|t:|1700686467\n|switch|p1a: Iron Bundle|Iron Bundle|100\/100\n|-enditem|p1a: Iron Bundle|Booster Energy\n|-activate|p1a: Iron Bundle|ability: Quark Drive|[fromitem]\n|-start|p1a: Iron Bundle|quarkdrivespa\n|turn|12\n|\n|t:|1700686474\n|switch|p2a: Flutter Mane|Flutter Mane|100\/100\n|-activate|p2a: Flutter Mane|ability: Protosynthesis\n|-start|p2a: Flutter Mane|protosynthesisspe\n|move|p1a: Iron Bundle|Freeze-Dry|p2a: Flutter Mane\n|-damage|p2a: Flutter Mane|50\/100\n|\n|-weather|SunnyDay|[upkeep]\n|upkeep\n|turn|13\n|\n|t:|1700686482\n|move|p2a: Flutter Mane|Moonblast|p1a: Iron Bundle\n|-damage|p1a: Iron Bundle|0 fnt\n|faint|p1a: Iron Bundle\n|-end|p1a: Iron Bundle|Quark Drive|[silent]\n|\n|-weather|SunnyDay|[upkeep]\n|upkeep\n|\n|t:|1700686486\n|switch|p1a: Arceus|Arceus-Steel|100\/100\n|turn|14\n|\n|t:|1700686492\n|-end|p2a: Flutter Mane|Protosynthesis|[silent]\n|switch|p2a: Armarouge|Armarouge, M|100\/100\n|move|p1a: Arceus|Calm Mind|p1a: Arceus\n|-boost|p1a: Arceus|spa|1\n|-boost|p1a: Arceus|spd|1\n|\n|-weather|SunnyDay|[upkeep]\n|upkeep\n|turn|15\n|\n|t:|1700686498\n|-terastallize|p1a: Arceus|Ghost\n|move|p1a: Arceus|Calm Mind|p1a: Arceus\n|-boost|p1a: Arceus|spa|1\n|-boost|p1a: Arceus|spd|1\n|move|p2a: Armarouge|Armor Cannon|p1a: Arceus\n|-damage|p1a: Arceus|69\/100\n|-unboost|p2a: Armarouge|def|1\n|-unboost|p2a: Armarouge|spd|1\n|\n|-weather|none\n|upkeep\n|turn|16\n|\n|t:|1700686506\n|move|p1a: Arceus|Judgment|p2a: Armarouge\n|-resisted|p2a: Armarouge\n|-damage|p2a: Armarouge|24\/100\n|move|p2a: Armarouge|Psyshock|p1a: Arceus\n|-damage|p1a: Arceus|39\/100\n|\n|upkeep\n|turn|17\n|\n|t:|1700686511\n|move|p1a: Arceus|Recover|p1a: Arceus\n|-heal|p1a: Arceus|89\/100\n|move|p2a: Armarouge|Psyshock|p1a: Arceus\n|-damage|p1a: Arceus|58\/100\n|\n|upkeep\n|turn|18\n|\n|t:|1700686514\n|move|p1a: Arceus|Recover|p1a: Arceus\n|-heal|p1a: Arceus|100\/100\n|move|p2a: Armarouge|Psyshock|p1a: Arceus\n|-damage|p1a: Arceus|73\/100\n|\n|upkeep\n|turn|19\n|\n|t:|1700686517\n|move|p1a: Arceus|Calm Mind|p1a: Arceus\n|-boost|p1a: Arceus|spa|1\n|-boost|p1a: Arceus|spd|1\n|move|p2a: Armarouge|Psyshock|p1a: Arceus\n|-damage|p1a: Arceus|46\/100\n|\n|upkeep\n|turn|20\n|\n|t:|1700686519\n|move|p1a: Arceus|Recover|p1a: Arceus\n|-heal|p1a: Arceus|96\/100\n|move|p2a: Armarouge|Psyshock|p1a: Arceus\n|-damage|p1a: Arceus|64\/100\n|\n|upkeep\n|turn|21\n|\n|t:|1700686522\n|move|p1a: Arceus|Recover|p1a: Arceus\n|-heal|p1a: Arceus|100\/100\n|move|p2a: Armarouge|Psyshock|p1a: Arceus\n|-damage|p1a: Arceus|70\/100\n|\n|upkeep\n|turn|22\n|\n|t:|1700686526\n|move|p1a: Arceus|Judgment|p2a: Armarouge\n|-resisted|p2a: Armarouge\n|-crit|p2a: Armarouge\n|-damage|p2a: Armarouge|0 fnt\n|faint|p2a: Armarouge\n|\n|upkeep\n|\n|t:|1700686531\n|switch|p2a: Koraidon|Koraidon|59\/100\n|-weather|SunnyDay|[from] ability: Orichalcum Pulse|[of] p2a: Koraidon\n|-activate|p2a: Koraidon|Orichalcum Pulse|[source]\n|turn|23\n|\n|t:|1700686537\n|move|p2a: Koraidon|Outrage|p1a: Arceus\n|-damage|p1a: Arceus|0 fnt\n|faint|p1a: Arceus\n|-damage|p2a: Koraidon|49\/100|[from] item: Life Orb\n|\n|-weather|SunnyDay|[upkeep]\n|upkeep\n|\n|t:|1700686540\n|switch|p1a: Spectrier|Spectrier|91\/100\n|turn|24\n|\n|t:|1700686544\n|move|p2a: Koraidon|Outrage|p1a: Spectrier|[from]lockedmove\n|-damage|p1a: Spectrier|0 fnt\n|faint|p1a: Spectrier\n|-damage|p2a: Koraidon|39\/100|[from] item: Life Orb\n|\n|win|hgfjhgjhgvjm\n|raw|BetterthanJ's rating: 1040 &rarr; <strong>1024<\/strong><br \/>(-16 for losing)\n|raw|hgfjhgjhgvjm's rating: 1050 &rarr; <strong>1082<\/strong><br \/>(+32 for winning)\n|l|\u2606BetterthanJ\n","uploadtime":1700686592,"views":8,"p1id":"betterthanj","p2id":"hgfjhgjhgvjm","formatid":"gen9ubers","rating":1024,"private":0,"password":""}