{"id":"gen9ubers-1995471101","p1":"Anne Frankkkk","p2":"ryanairyan","format":"[Gen 9] Ubers","log":"|j|\u2606Anne Frankkkk\n|j|\u2606ryanairyan\n|t:|1700574493\n|gametype|singles\n|player|p1|Anne Frankkkk|hilbert|1217\n|player|p2|ryanairyan|wulfric|1315\n|teamsize|p1|6\n|teamsize|p2|6\n|gen|9\n|tier|[Gen 9] Ubers\n|rated|\n|rule|Sleep Clause Mod: Limit one foe put to sleep\n|rule|Species Clause: Limit one of each Pok\u00e9mon\n|rule|OHKO Clause: OHKO moves are banned\n|rule|Evasion Items Clause: Evasion items are banned\n|rule|Evasion Moves Clause: Evasion moves are banned\n|rule|Endless Battle Clause: Forcing endless battles is banned\n|rule|HP Percentage Mod: HP is shown in percentages\n|clearpoke\n|poke|p1|Regieleki|\n|poke|p1|Kyogre|\n|poke|p1|Chien-Pao|\n|poke|p1|Ribombee, M|\n|poke|p1|Miraidon|\n|poke|p1|Flutter Mane|\n|poke|p2|Arceus-Ground|\n|poke|p2|Chi-Yu|\n|poke|p2|Miraidon|\n|poke|p2|Regieleki|\n|poke|p2|Koraidon|\n|poke|p2|Zacian-*|\n|teampreview\n|inactive|Battle timer is ON: inactive players will automatically lose when time's up. (requested by ryanairyan)\n|\n|t:|1700574505\n|start\n|switch|p1a: Moonblast|Ribombee, M, shiny|100\/100\n|switch|p2a: Koraidon|Koraidon|100\/100\n|-weather|SunnyDay|[from] ability: Orichalcum Pulse|[of] p2a: Koraidon\n|-activate|p2a: Koraidon|Orichalcum Pulse|[source]\n|turn|1\n|\n|t:|1700574514\n|move|p2a: Koraidon|Low Kick|p1a: Moonblast\n|-resisted|p1a: Moonblast\n|-damage|p1a: Moonblast|94\/100\n|move|p1a: Moonblast|Stun Spore|p2a: Koraidon\n|-status|p2a: Koraidon|par\n|\n|-weather|SunnyDay|[upkeep]\n|upkeep\n|turn|2\n|\n|t:|1700574519\n|move|p1a: Moonblast|Sticky Web|p2a: Koraidon\n|-sidestart|p2: ryanairyan|move: Sticky Web\n|cant|p2a: Koraidon|par\n|\n|-weather|SunnyDay|[upkeep]\n|upkeep\n|turn|3\n|\n|t:|1700574522\n|move|p1a: Moonblast|Moonblast|p2a: Koraidon\n|-supereffective|p2a: Koraidon\n|-damage|p2a: Koraidon|0 fnt\n|faint|p2a: Koraidon\n|\n|-weather|SunnyDay|[upkeep]\n|upkeep\n|\n|t:|1700574527\n|switch|p2a: Regieleki|Regieleki|100\/100\n|-activate|p2a: Regieleki|move: Sticky Web\n|-unboost|p2a: Regieleki|spe|1\n|turn|4\n|\n|t:|1700574530\n|switch|p1a: Misdreavius|Flutter Mane, shiny|100\/100\n|-activate|p1a: Misdreavius|ability: Protosynthesis\n|-start|p1a: Misdreavius|protosynthesisspe\n|move|p2a: Regieleki|Rapid Spin|p1a: Misdreavius\n|-immune|p1a: Misdreavius\n|\n|-weather|SunnyDay|[upkeep]\n|upkeep\n|turn|5\n|\n|t:|1700574534\n|move|p1a: Misdreavius|Moonblast|p2a: Regieleki\n|-damage|p2a: Regieleki|19\/100\n|move|p2a: Regieleki|Light Screen|p2a: Regieleki\n|-sidestart|p2: ryanairyan|move: Light Screen\n|\n|-weather|none\n|-end|p1a: Misdreavius|Protosynthesis\n|upkeep\n|-enditem|p1a: Misdreavius|Booster Energy\n|-activate|p1a: Misdreavius|ability: Protosynthesis|[fromitem]\n|-start|p1a: Misdreavius|protosynthesisspe\n|turn|6\n|-message|ryanairyan forfeited.\n|\n|win|Anne Frankkkk\n|raw|Anne Frankkkk's rating: 1217 &rarr; <strong>1249<\/strong><br \/>(+32 for winning)\n|raw|ryanairyan's rating: 1315 &rarr; <strong>1290<\/strong><br \/>(-25 for losing)\n|l|\u2606ryanairyan\n","uploadtime":1700574539,"views":0,"p1id":"annefrankkkk","p2id":"ryanairyan","formatid":"gen9ubers","rating":1249,"private":0,"password":""}