{"id":"gen9ubers-1993230393","p1":"Junky Dummy","p2":"uwu77","format":"[Gen 9] Ubers","log":"|j|\u2606Junky Dummy\n|j|\u2606uwu77\n|t:|1700281264\n|gametype|singles\n|player|p1|Junky Dummy|101|1121\n|player|p2|uwu77|benga|1072\n|teamsize|p1|6\n|teamsize|p2|6\n|gen|9\n|tier|[Gen 9] Ubers\n|rated|\n|rule|Sleep Clause Mod: Limit one foe put to sleep\n|rule|Species Clause: Limit one of each Pok\u00e9mon\n|rule|OHKO Clause: OHKO moves are banned\n|rule|Evasion Items Clause: Evasion items are banned\n|rule|Evasion Moves Clause: Evasion moves are banned\n|rule|Endless Battle Clause: Forcing endless battles is banned\n|rule|HP Percentage Mod: HP is shown in percentages\n|clearpoke\n|poke|p1|Miraidon|\n|poke|p1|Ting-Lu|\n|poke|p1|Kyogre|\n|poke|p1|Zacian-*|\n|poke|p1|Mewtwo|\n|poke|p1|Giratina|\n|poke|p2|Gastrodon-East, F|\n|poke|p2|Tyranitar, F|\n|poke|p2|Salamence, M|\n|poke|p2|Dusclops, F|\n|poke|p2|Gliscor, M|\n|poke|p2|Snorlax, M|\n|teampreview\n|\n|t:|1700281270\n|start\n|switch|p1a: Mewtwo|Mewtwo, shiny|100\/100\n|switch|p2a: Dusclops|Dusclops, F, shiny|100\/100\n|-ability|p1a: Mewtwo|Pressure\n|-ability|p2a: Dusclops|Pressure\n|turn|1\n|inactive|Battle timer is ON: inactive players will automatically lose when time's up. (requested by Junky Dummy)\n|\n|t:|1700281281\n|move|p1a: Mewtwo|Taunt|p2a: Dusclops\n|-start|p2a: Dusclops|move: Taunt\n|move|p2a: Dusclops|Night Shade|p1a: Mewtwo\n|-damage|p1a: Mewtwo|72\/100\n|\n|-heal|p1a: Mewtwo|78\/100|[from] item: Leftovers\n|upkeep\n|turn|2\n|\n|t:|1700281299\n|move|p1a: Mewtwo|Nasty Plot|p1a: Mewtwo\n|-boost|p1a: Mewtwo|spa|2\n|move|p2a: Dusclops|Night Shade|p1a: Mewtwo\n|-damage|p1a: Mewtwo|50\/100\n|\n|-heal|p1a: Mewtwo|56\/100|[from] item: Leftovers\n|upkeep\n|turn|3\n|\n|t:|1700281310\n|move|p1a: Mewtwo|Psystrike|p2a: Dusclops\n|-damage|p2a: Dusclops|29\/100\n|move|p2a: Dusclops|Night Shade|p1a: Mewtwo\n|-damage|p1a: Mewtwo|28\/100\n|\n|-heal|p1a: Mewtwo|34\/100|[from] item: Leftovers\n|-end|p2a: Dusclops|move: Taunt\n|upkeep\n|turn|4\n|\n|t:|1700281323\n|move|p2a: Dusclops|Protect|p2a: Dusclops\n|-singleturn|p2a: Dusclops|Protect\n|move|p1a: Mewtwo|Psystrike|p2a: Dusclops\n|-activate|p2a: Dusclops|move: Protect\n|\n|-heal|p1a: Mewtwo|40\/100|[from] item: Leftovers\n|upkeep\n|turn|5\n|\n|t:|1700281341\n|-terastallize|p2a: Dusclops|Dark\n|move|p1a: Mewtwo|Psystrike|p2a: Dusclops\n|-immune|p2a: Dusclops\n|move|p2a: Dusclops|Rest|p2a: Dusclops\n|-status|p2a: Dusclops|slp|[from] move: Rest\n|-heal|p2a: Dusclops|100\/100 slp|[silent]\n|\n|-heal|p1a: Mewtwo|47\/100|[from] item: Leftovers\n|upkeep\n|turn|6\n|\n|t:|1700281355\n|move|p1a: Mewtwo|Taunt|p2a: Dusclops\n|-start|p2a: Dusclops|move: Taunt\n|cant|p2a: Dusclops|slp\n|\n|-heal|p1a: Mewtwo|53\/100|[from] item: Leftovers\n|upkeep\n|turn|7\n|\n|t:|1700281366\n|move|p1a: Mewtwo|Nasty Plot|p1a: Mewtwo\n|-boost|p1a: Mewtwo|spa|2\n|cant|p2a: Dusclops|slp\n|\n|-heal|p1a: Mewtwo|59\/100|[from] item: Leftovers\n|upkeep\n|turn|8\n|\n|t:|1700281375\n|move|p1a: Mewtwo|Nasty Plot|p1a: Mewtwo\n|-boost|p1a: Mewtwo|spa|2\n|-curestatus|p2a: Dusclops|slp|[msg]\n|move|p2a: Dusclops|Night Shade|p1a: Mewtwo\n|-damage|p1a: Mewtwo|31\/100\n|\n|-heal|p1a: Mewtwo|37\/100|[from] item: Leftovers\n|-end|p2a: Dusclops|move: Taunt\n|upkeep\n|turn|9\n|\n|t:|1700281387\n|move|p1a: Mewtwo|Grass Knot|p2a: Dusclops\n|-damage|p2a: Dusclops|39\/100\n|move|p2a: Dusclops|Night Shade|p1a: Mewtwo\n|-damage|p1a: Mewtwo|9\/100\n|\n|-heal|p1a: Mewtwo|15\/100|[from] item: Leftovers\n|upkeep\n|turn|10\n|\n|t:|1700281398\n|move|p1a: Mewtwo|Grass Knot|p2a: Dusclops\n|-damage|p2a: Dusclops|0 fnt\n|faint|p2a: Dusclops\n|\n|-heal|p1a: Mewtwo|21\/100|[from] item: Leftovers\n|upkeep\n|\n|t:|1700281408\n|switch|p2a: Salamence|Salamence, M, shiny|100\/100\n|-ability|p2a: Salamence|Intimidate|boost\n|-unboost|p1a: Mewtwo|atk|1\n|turn|11\n|\n|t:|1700281417\n|move|p1a: Mewtwo|Psystrike|p2a: Salamence\n|-crit|p2a: Salamence\n|-damage|p2a: Salamence|0 fnt\n|faint|p2a: Salamence\n|\n|-heal|p1a: Mewtwo|27\/100|[from] item: Leftovers\n|upkeep\n|\n|t:|1700281425\n|switch|p2a: Tyranitar|Tyranitar, F, shiny|100\/100\n|-weather|Sandstorm|[from] ability: Sand Stream|[of] p2a: Tyranitar\n|turn|12\n|\n|t:|1700281430\n|move|p1a: Mewtwo|Grass Knot|p2a: Tyranitar\n|-supereffective|p2a: Tyranitar\n|-damage|p2a: Tyranitar|0 fnt\n|faint|p2a: Tyranitar\n|\n|-weather|Sandstorm|[upkeep]\n|-damage|p1a: Mewtwo|21\/100|[from] Sandstorm\n|-heal|p1a: Mewtwo|27\/100|[from] item: Leftovers\n|upkeep\n|\n|t:|1700281448\n|switch|p2a: Gliscor|Gliscor, M, shiny|100\/100\n|turn|13\n|\n|t:|1700281455\n|move|p2a: Gliscor|Protect|p2a: Gliscor\n|-singleturn|p2a: Gliscor|Protect\n|move|p1a: Mewtwo|Psystrike|p2a: Gliscor\n|-activate|p2a: Gliscor|move: Protect\n|\n|-weather|Sandstorm|[upkeep]\n|-damage|p1a: Mewtwo|21\/100|[from] Sandstorm\n|-heal|p1a: Mewtwo|27\/100|[from] item: Leftovers\n|upkeep\n|turn|14\n|\n|t:|1700281466\n|move|p1a: Mewtwo|Psystrike|p2a: Gliscor\n|-damage|p2a: Gliscor|0 fnt\n|faint|p2a: Gliscor\n|\n|-weather|Sandstorm|[upkeep]\n|-damage|p1a: Mewtwo|21\/100|[from] Sandstorm\n|-heal|p1a: Mewtwo|27\/100|[from] item: Leftovers\n|upkeep\n|\n|t:|1700281476\n|switch|p2a: Snorlax|Snorlax, M, shiny|100\/100\n|turn|15\n|\n|t:|1700281485\n|move|p1a: Mewtwo|Psystrike|p2a: Snorlax\n|-damage|p2a: Snorlax|0 fnt\n|faint|p2a: Snorlax\n|\n|-weather|Sandstorm|[upkeep]\n|-damage|p1a: Mewtwo|21\/100|[from] Sandstorm\n|-heal|p1a: Mewtwo|27\/100|[from] item: Leftovers\n|upkeep\n|\n|t:|1700281495\n|switch|p2a: Gastrodon|Gastrodon-East, F, shiny|100\/100\n|turn|16\n|c|\u2606Junky Dummy|no toxic orb on gliscor is crazy lmao\n|inactive|Junky Dummy has 120 seconds left.\n|\n|t:|1700281526\n|move|p1a: Mewtwo|Grass Knot|p2a: Gastrodon\n|-supereffective|p2a: Gastrodon\n|-damage|p2a: Gastrodon|0 fnt\n|faint|p2a: Gastrodon\n|\n|win|Junky Dummy\n|raw|Junky Dummy's rating: 1121 &rarr; <strong>1142<\/strong><br \/>(+21 for winning)\n|raw|uwu77's rating: 1072 &rarr; <strong>1054<\/strong><br \/>(-18 for losing)\n","uploadtime":1700281533,"views":7,"p1id":"junkydummy","p2id":"uwu77","formatid":"gen9ubers","rating":1054,"private":0,"password":""}