{"id":"gen9ubers-1984135872","p1":"mann_treads","p2":"Kinesquared","format":"[Gen 9] Ubers","log":"|j|\u2606mann_treads\n|j|\u2606Kinesquared\n|t:|1699222415\n|gametype|singles\n|player|p1|mann_treads|ariana|\n|player|p2|Kinesquared|scientist-gen4dp|\n|teamsize|p1|6\n|teamsize|p2|6\n|gen|9\n|tier|[Gen 9] Ubers\n|rule|Sleep Clause Mod: Limit one foe put to sleep\n|rule|Species Clause: Limit one of each Pok\u00e9mon\n|rule|OHKO Clause: OHKO moves are banned\n|rule|Evasion Items Clause: Evasion items are banned\n|rule|Evasion Moves Clause: Evasion moves are banned\n|rule|Endless Battle Clause: Forcing endless battles is banned\n|rule|HP Percentage Mod: HP is shown in percentages\n|clearpoke\n|poke|p1|Talonflame, F|\n|poke|p1|Gholdengo|\n|poke|p1|Magearna|\n|poke|p1|Slowking-Galar, F|\n|poke|p1|Alomomola, M|\n|poke|p1|Quagsire, M|\n|poke|p2|Iron Moth|\n|poke|p2|Arceus-Ghost|\n|poke|p2|Garchomp, M|\n|poke|p2|Dialga|\n|poke|p2|Cyclizar, M|\n|poke|p2|Urshifu-*, M|\n|teampreview\n|\n|t:|1699222424\n|start\n|switch|p1a: Quagsire|Quagsire, M|100\/100\n|switch|p2a: Cyclizar|Cyclizar, M|100\/100\n|turn|1\n|c|\u2606mann_treads|this is a new team so may not be perfect LOL\n|c|\u2606Kinesquared|u good\n|\n|t:|1699222439\n|move|p2a: Cyclizar|Taunt|p1a: Quagsire\n|-start|p1a: Quagsire|move: Taunt\n|cant|p1a: Quagsire|move: Taunt|Toxic Spikes\n|\n|upkeep\n|turn|2\n|\n|t:|1699222443\n|switch|p1a: Slowking|Slowking-Galar, F|100\/100\n|move|p2a: Cyclizar|Knock Off|p1a: Slowking\n|-supereffective|p1a: Slowking\n|-damage|p1a: Slowking|59\/100\n|-enditem|p1a: Slowking|Heavy-Duty Boots|[from] move: Knock Off|[of] p2a: Cyclizar\n|\n|upkeep\n|turn|3\n|\n|t:|1699222451\n|move|p2a: Cyclizar|Taunt|p1a: Slowking\n|-start|p1a: Slowking|move: Taunt\n|move|p1a: Slowking|Future Sight|p2a: Cyclizar\n|-start|p1a: Slowking|move: Future Sight\n|\n|upkeep\n|turn|4\n|\n|t:|1699222459\n|switch|p1a: Alomomola|Alomomola, M|100\/100\n|move|p2a: Cyclizar|Shed Tail|p2a: Cyclizar\n|-start|p2a: Cyclizar|Substitute|[from] move: Shed Tail\n|-damage|p2a: Cyclizar|50\/100\n|\n|t:|1699222475\n|switch|p2a: Dialga|Dialga|100\/100|[from] Shed Tail\n|-ability|p2a: Dialga|Pressure\n|\n|upkeep\n|turn|5\n|\n|t:|1699222491\n|switch|p1a: Talonflame|Talonflame, F|100\/100\n|move|p2a: Dialga|Stealth Rock|p1a: Talonflame\n|-sidestart|p1: mann_treads|move: Stealth Rock\n|\n|-end|p2a: Dialga|move: Future Sight\n|-resisted|p2a: Dialga\n|-activate|p2a: Dialga|move: Substitute|[damage]\n|upkeep\n|turn|6\n|\n|t:|1699222504\n|move|p1a: Talonflame|Brave Bird|p2a: Dialga\n|-resisted|p2a: Dialga\n|-end|p2a: Dialga|Substitute\n|-damage|p1a: Talonflame|97\/100|[from] Recoil|[of] p2a: Dialga\n|move|p2a: Dialga|Draco Meteor|p1a: Talonflame\n|-damage|p1a: Talonflame|14\/100\n|-unboost|p2a: Dialga|spa|2\n|\n|upkeep\n|turn|7\n|\n|t:|1699222516\n|switch|p1a: Magearna|Magearna|100\/100\n|-damage|p1a: Magearna|94\/100|[from] Stealth Rock\n|move|p2a: Dialga|Flash Cannon|p1a: Magearna\n|-damage|p1a: Magearna|83\/100\n|\n|-heal|p1a: Magearna|89\/100|[from] item: Leftovers\n|upkeep\n|turn|8\n|\n|t:|1699222534\n|switch|p2a: Iron Moth|Iron Moth|100\/100\n|-enditem|p2a: Iron Moth|Booster Energy\n|-activate|p2a: Iron Moth|ability: Quark Drive|[fromitem]\n|-start|p2a: Iron Moth|quarkdrivespe\n|move|p1a: Magearna|Thunder Wave|p2a: Iron Moth\n|-status|p2a: Iron Moth|par\n|\n|-heal|p1a: Magearna|95\/100|[from] item: Leftovers\n|upkeep\n|turn|9\n|\n|t:|1699222546\n|move|p2a: Iron Moth|Fiery Dance|p1a: Magearna\n|-supereffective|p1a: Magearna\n|-damage|p1a: Magearna|45\/100\n|move|p1a: Magearna|Volt Switch|p2a: Iron Moth\n|-damage|p2a: Iron Moth|82\/100 par\n|\n|t:|1699222552\n|switch|p1a: Alomomola|Alomomola, M|100\/100|[from] Volt Switch\n|\n|upkeep\n|turn|10\n|\n|t:|1699222556\n|move|p2a: Iron Moth|Toxic Spikes|p1a: Alomomola\n|-sidestart|p1: mann_treads|move: Toxic Spikes\n|move|p1a: Alomomola|Wish|p1a: Alomomola\n|\n|upkeep\n|turn|11\n|\n|t:|1699222560\n|-end|p2a: Iron Moth|Quark Drive|[silent]\n|switch|p2a: Garchomp|Garchomp, M|100\/100\n|move|p1a: Alomomola|Flip Turn|p2a: Garchomp\n|-damage|p2a: Garchomp|85\/100\n|-damage|p1a: Alomomola|88\/100|[from] ability: Rough Skin|[of] p2a: Garchomp\n|\n|t:|1699222566\n|switch|p1a: Talonflame|Talonflame, F|14\/100|[from] Flip Turn\n|\n|-heal|p1a: Talonflame|88\/100|[from] move: Wish|[wisher] Alomomola\n|upkeep\n|turn|12\n|\n|t:|1699222573\n|move|p1a: Talonflame|Defog|p2a: Garchomp\n|-unboost|p2a: Garchomp|evasion|1\n|-sideend|p1: mann_treads|Toxic Spikes|[from] move: Defog|[of] p1a: Talonflame\n|-sideend|p1: mann_treads|Stealth Rock|[from] move: Defog|[of] p1a: Talonflame\n|move|p2a: Garchomp|Scale Shot|p1a: Talonflame\n|-damage|p1a: Talonflame|70\/100\n|-damage|p1a: Talonflame|51\/100\n|-damage|p1a: Talonflame|33\/100\n|-damage|p1a: Talonflame|16\/100\n|-hitcount|p1a: Talonflame|4\n|-unboost|p2a: Garchomp|def|1\n|-boost|p2a: Garchomp|spe|1\n|\n|upkeep\n|turn|13\n|\n|t:|1699222589\n|move|p2a: Garchomp|Swords Dance|p2a: Garchomp\n|-boost|p2a: Garchomp|atk|2\n|move|p1a: Talonflame|Brave Bird|p2a: Garchomp\n|-damage|p2a: Garchomp|28\/100\n|-damage|p1a: Talonflame|3\/100|[from] ability: Rough Skin|[of] p2a: Garchomp\n|-damage|p1a: Talonflame|0 fnt|[from] Recoil\n|faint|p1a: Talonflame\n|\n|upkeep\n|\n|t:|1699222608\n|switch|p1a: Quagsire|Quagsire, M|100\/100\n|turn|14\n|\n|t:|1699222614\n|move|p2a: Garchomp|Earthquake|p1a: Quagsire\n|-damage|p1a: Quagsire|63\/100\n|move|p1a: Quagsire|Toxic|p2a: Garchomp\n|-status|p2a: Garchomp|tox\n|\n|-heal|p1a: Quagsire|69\/100|[from] item: Leftovers\n|-damage|p2a: Garchomp|22\/100 tox|[from] psn\n|upkeep\n|turn|15\n|\n|t:|1699222625\n|switch|p2a: Cyclizar|Cyclizar, M|84\/100\n|move|p1a: Quagsire|Liquidation|p2a: Cyclizar\n|-resisted|p2a: Cyclizar\n|-crit|p2a: Cyclizar\n|-damage|p2a: Cyclizar|56\/100\n|\n|-heal|p1a: Quagsire|75\/100|[from] item: Leftovers\n|upkeep\n|turn|16\n|\n|t:|1699222635\n|move|p2a: Cyclizar|Shed Tail|p2a: Cyclizar\n|-start|p2a: Cyclizar|Substitute|[from] move: Shed Tail\n|-damage|p2a: Cyclizar|6\/100\n|\n|t:|1699222642\n|switch|p2a: Arceus|Arceus-Ghost|100\/100|[from] Shed Tail\n|move|p1a: Quagsire|Toxic Spikes|p2a: Arceus\n|-sidestart|p2: Kinesquared|move: Toxic Spikes\n|\n|-heal|p1a: Quagsire|81\/100|[from] item: Leftovers\n|upkeep\n|turn|17\n|\n|t:|1699222656\n|switch|p1a: Slowking|Slowking-Galar, F|92\/100\n|move|p2a: Arceus|Will-O-Wisp|p1a: Slowking\n|-status|p1a: Slowking|brn\n|\n|-damage|p1a: Slowking|86\/100 brn|[from] brn\n|upkeep\n|turn|18\n|\n|t:|1699222665\n|move|p2a: Arceus|Hex|p1a: Slowking\n|-supereffective|p1a: Slowking\n|-crit|p1a: Slowking\n|-damage|p1a: Slowking|0 fnt\n|faint|p1a: Slowking\n|\n|upkeep\n|c|\u2606mann_treads|that crit was mean\n|\n|t:|1699222674\n|switch|p1a: Magearna|Magearna|45\/100\n|turn|19\n|c|\u2606Kinesquared|i do my worst\n|\n|t:|1699222683\n|move|p2a: Arceus|Calm Mind|p2a: Arceus\n|-boost|p2a: Arceus|spa|1\n|-boost|p2a: Arceus|spd|1\n|move|p1a: Magearna|Fleur Cannon|p2a: Arceus\n|-end|p2a: Arceus|Substitute\n|-unboost|p1a: Magearna|spa|2\n|\n|-heal|p1a: Magearna|51\/100|[from] item: Leftovers\n|upkeep\n|turn|20\n|c|\u2606mann_treads|toxic kine moments part 1\n|\n|t:|1699222705\n|move|p2a: Arceus|Calm Mind|p2a: Arceus\n|-boost|p2a: Arceus|spa|1\n|-boost|p2a: Arceus|spd|1\n|move|p1a: Magearna|Thunder Wave|p2a: Arceus\n|-status|p2a: Arceus|par\n|\n|-heal|p1a: Magearna|57\/100|[from] item: Leftovers\n|upkeep\n|turn|21\n|\n|t:|1699222717\n|move|p1a: Magearna|Volt Switch|p2a: Arceus\n|-damage|p2a: Arceus|97\/100 par\n|\n|t:|1699222722\n|switch|p1a: Gholdengo|Gholdengo|100\/100|[from] Volt Switch\n|cant|p2a: Arceus|par\n|\n|upkeep\n|turn|22\n|\n|t:|1699222732\n|-terastallize|p1a: Gholdengo|Ghost\n|move|p1a: Gholdengo|Hex|p2a: Arceus\n|-supereffective|p2a: Arceus\n|-damage|p2a: Arceus|31\/100 par\n|cant|p2a: Arceus|par\n|\n|upkeep\n|turn|23\n|\n|t:|1699222745\n|switch|p2a: Iron Moth|Iron Moth|82\/100 par\n|-sideend|p2: Kinesquared|move: Toxic Spikes|[of] p2a: Iron Moth\n|move|p1a: Gholdengo|Hex|p2a: Iron Moth\n|-damage|p2a: Iron Moth|0 fnt\n|faint|p2a: Iron Moth\n|-end|p2a: Iron Moth|Quark Drive|[silent]\n|\n|upkeep\n|\n|t:|1699222752\n|switch|p2a: Cyclizar|Cyclizar, M|39\/100\n|turn|24\n|\n|t:|1699222757\n|switch|p2a: Dialga|Dialga|100\/100\n|-ability|p2a: Dialga|Pressure\n|move|p1a: Gholdengo|Make It Rain|p2a: Dialga\n|-resisted|p2a: Dialga\n|-damage|p2a: Dialga|78\/100\n|-unboost|p1a: Gholdengo|spa|1\n|\n|-heal|p2a: Dialga|84\/100|[from] item: Leftovers\n|upkeep\n|turn|25\n|\n|t:|1699222770\n|switch|p1a: Quagsire|Quagsire, M|81\/100\n|move|p2a: Dialga|Stealth Rock|p1a: Quagsire\n|-sidestart|p1: mann_treads|move: Stealth Rock\n|\n|-heal|p2a: Dialga|91\/100|[from] item: Leftovers\n|-heal|p1a: Quagsire|87\/100|[from] item: Leftovers\n|upkeep\n|turn|26\n|\n|t:|1699222777\n|switch|p2a: Cyclizar|Cyclizar, M|73\/100\n|move|p1a: Quagsire|Toxic Spikes|p2a: Cyclizar\n|-sidestart|p2: Kinesquared|move: Toxic Spikes\n|\n|-heal|p1a: Quagsire|93\/100|[from] item: Leftovers\n|upkeep\n|turn|27\n|\n|t:|1699222785\n|move|p2a: Cyclizar|Rapid Spin|p1a: Quagsire\n|-damage|p1a: Quagsire|82\/100\n|-boost|p2a: Cyclizar|spe|1\n|-sideend|p2: Kinesquared|Toxic Spikes|[from] move: Rapid Spin|[of] p2a: Cyclizar\n|move|p1a: Quagsire|Liquidation|p2a: Cyclizar\n|-resisted|p2a: Cyclizar\n|-damage|p2a: Cyclizar|54\/100\n|\n|-heal|p1a: Quagsire|88\/100|[from] item: Leftovers\n|upkeep\n|turn|28\n|\n|t:|1699222798\n|move|p2a: Cyclizar|Taunt|p1a: Quagsire\n|-start|p1a: Quagsire|move: Taunt\n|cant|p1a: Quagsire|move: Taunt|Toxic Spikes\n|\n|-heal|p1a: Quagsire|94\/100|[from] item: Leftovers\n|upkeep\n|turn|29\n|\n|t:|1699222804\n|move|p2a: Cyclizar|Rapid Spin|p1a: Quagsire\n|-damage|p1a: Quagsire|82\/100\n|-boost|p2a: Cyclizar|spe|1\n|move|p1a: Quagsire|Liquidation|p2a: Cyclizar\n|-resisted|p2a: Cyclizar\n|-damage|p2a: Cyclizar|36\/100\n|\n|-heal|p1a: Quagsire|88\/100|[from] item: Leftovers\n|upkeep\n|turn|30\n|c|\u2606Kinesquared|no im so dumb\n|c|\u2606Kinesquared|misclick\n|c|\u2606mann_treads|LOL\n|\n|t:|1699222819\n|switch|p2a: Urshifu|Urshifu, M|100\/100\n|switch|p1a: Gholdengo|Gholdengo, tera:Ghost|100\/100\n|-damage|p1a: Gholdengo|88\/100|[from] Stealth Rock\n|\n|upkeep\n|turn|31\n|\n|t:|1699222830\n|switch|p1a: Magearna|Magearna|57\/100\n|-damage|p1a: Magearna|51\/100|[from] Stealth Rock\n|move|p2a: Urshifu|Wicked Blow|p1a: Magearna\n|-resisted|p1a: Magearna\n|-crit|p1a: Magearna\n|-damage|p1a: Magearna|18\/100\n|\n|-heal|p1a: Magearna|24\/100|[from] item: Leftovers\n|upkeep\n|turn|32\n|\n|t:|1699222839\n|move|p2a: Urshifu|Wicked Blow|p1a: Magearna\n|-resisted|p1a: Magearna\n|-crit|p1a: Magearna\n|-damage|p1a: Magearna|0 fnt\n|faint|p1a: Magearna\n|\n|upkeep\n|\n|t:|1699222849\n|switch|p1a: Quagsire|Quagsire, M|88\/100\n|-damage|p1a: Quagsire|82\/100|[from] Stealth Rock\n|turn|33\n|\n|t:|1699222860\n|switch|p2a: Arceus|Arceus-Ghost|31\/100 par\n|move|p1a: Quagsire|Toxic|p2a: Arceus|[miss]\n|-miss|p1a: Quagsire|p2a: Arceus\n|\n|-heal|p1a: Quagsire|88\/100|[from] item: Leftovers\n|upkeep\n|turn|34\n|\n|t:|1699222867\n|move|p2a: Arceus|Hex|p1a: Quagsire\n|-damage|p1a: Quagsire|51\/100\n|move|p1a: Quagsire|Liquidation|p2a: Arceus\n|-damage|p2a: Arceus|19\/100 par\n|\n|-heal|p1a: Quagsire|57\/100|[from] item: Leftovers\n|upkeep\n|turn|35\n|\n|t:|1699222878\n|move|p2a: Arceus|Recover|p2a: Arceus\n|-heal|p2a: Arceus|69\/100 par\n|move|p1a: Quagsire|Recover|p1a: Quagsire\n|-heal|p1a: Quagsire|100\/100\n|\n|upkeep\n|turn|36\n|\n|t:|1699222883\n|switch|p1a: Gholdengo|Gholdengo, tera:Ghost|88\/100\n|-damage|p1a: Gholdengo|76\/100|[from] Stealth Rock\n|cant|p2a: Arceus|par\n|\n|upkeep\n|turn|37\n|\n|t:|1699222909\n|switch|p2a: Urshifu|Urshifu, M|100\/100\n|move|p1a: Gholdengo|Make It Rain|p2a: Urshifu\n|-damage|p2a: Urshifu|0 fnt\n|-unboost|p1a: Gholdengo|spa|1\n|faint|p2a: Urshifu\n|\n|upkeep\n|c|\u2606Kinesquared|great predict oml\n|c|\u2606mann_treads|thank you\n|c|\u2606mann_treads|i almost went for the hex\n|\n|t:|1699222930\n|switch|p2a: Dialga|Dialga|91\/100\n|-ability|p2a: Dialga|Pressure\n|turn|38\n|\n|t:|1699222936\n|move|p2a: Dialga|Draco Meteor|p1a: Gholdengo|[miss]\n|-miss|p2a: Dialga|p1a: Gholdengo\n|move|p1a: Gholdengo|Thunder Wave|p2a: Dialga|[miss]\n|-miss|p1a: Gholdengo|p2a: Dialga\n|\n|-heal|p2a: Dialga|97\/100|[from] item: Leftovers\n|upkeep\n|turn|39\n|\n|t:|1699222946\n|move|p2a: Dialga|Draco Meteor|p1a: Gholdengo|[miss]\n|-miss|p2a: Dialga|p1a: Gholdengo\n|move|p1a: Gholdengo|Thunder Wave|p2a: Dialga\n|-status|p2a: Dialga|par\n|\n|-heal|p2a: Dialga|100\/100 par|[from] item: Leftovers\n|upkeep\n|turn|40\n|\n|t:|1699222958\n|move|p1a: Gholdengo|Hex|p2a: Dialga\n|-damage|p2a: Dialga|56\/100 par\n|move|p2a: Dialga|Draco Meteor|p1a: Gholdengo\n|-damage|p1a: Gholdengo|11\/100\n|-unboost|p2a: Dialga|spa|2\n|\n|-heal|p2a: Dialga|63\/100 par|[from] item: Leftovers\n|upkeep\n|turn|41\n|\n|t:|1699222971\n|switch|p2a: Cyclizar|Cyclizar, M|70\/100\n|move|p1a: Gholdengo|Recover|p1a: Gholdengo\n|-heal|p1a: Gholdengo|61\/100\n|\n|upkeep\n|turn|42\n|\n|t:|1699222979\n|move|p2a: Cyclizar|Knock Off|p1a: Gholdengo\n|-supereffective|p1a: Gholdengo\n|-damage|p1a: Gholdengo|18\/100\n|-enditem|p1a: Gholdengo|Covert Cloak|[from] move: Knock Off|[of] p2a: Cyclizar\n|move|p1a: Gholdengo|Make It Rain|p2a: Cyclizar\n|-damage|p2a: Cyclizar|8\/100\n|-unboost|p1a: Gholdengo|spa|1\n|\n|upkeep\n|turn|43\n|\n|t:|1699222991\n|switch|p1a: Alomomola|Alomomola, M|100\/100\n|move|p2a: Cyclizar|Knock Off|p1a: Alomomola\n|-damage|p1a: Alomomola|89\/100\n|-enditem|p1a: Alomomola|Heavy-Duty Boots|[from] move: Knock Off|[of] p2a: Cyclizar\n|\n|upkeep\n|turn|44\n|\n|t:|1699223002\n|move|p2a: Cyclizar|Taunt|p1a: Alomomola\n|-start|p1a: Alomomola|move: Taunt\n|cant|p1a: Alomomola|move: Taunt|Wish\n|\n|upkeep\n|turn|45\n|\n|t:|1699223007\n|switch|p2a: Arceus|Arceus-Ghost|69\/100 par\n|move|p1a: Alomomola|Scald|p2a: Arceus\n|-damage|p2a: Arceus|60\/100 par\n|\n|upkeep\n|turn|46\n|\n|t:|1699223013\n|switch|p1a: Quagsire|Quagsire, M|100\/100\n|-damage|p1a: Quagsire|94\/100|[from] Stealth Rock\n|cant|p2a: Arceus|par\n|\n|-heal|p1a: Quagsire|100\/100|[from] item: Leftovers\n|upkeep\n|turn|47\n|\n|t:|1699223023\n|switch|p1a: Alomomola|Alomomola, M|100\/100\n|-damage|p1a: Alomomola|88\/100|[from] Stealth Rock\n|move|p2a: Arceus|Will-O-Wisp|p1a: Alomomola|[miss]\n|-miss|p2a: Arceus|p1a: Alomomola\n|\n|upkeep\n|turn|48\n|\n|t:|1699223030\n|move|p1a: Alomomola|Wish|p1a: Alomomola\n|move|p2a: Arceus|Will-O-Wisp|p1a: Alomomola|[miss]\n|-miss|p2a: Arceus|p1a: Alomomola\n|\n|upkeep\n|turn|49\n|c|\u2606Kinesquared|can\n|c|\u2606Kinesquared|please\n|\n|t:|1699223044\n|move|p1a: Alomomola|Flip Turn|p2a: Arceus\n|-damage|p2a: Arceus|53\/100 par\n|c|\u2606mann_treads|LOL\n|\n|t:|1699223047\n|switch|p1a: Gholdengo|Gholdengo, tera:Ghost|18\/100|[from] Flip Turn\n|-damage|p1a: Gholdengo|5\/100|[from] Stealth Rock\n|cant|p2a: Arceus|par\n|\n|-heal|p1a: Gholdengo|76\/100|[from] move: Wish|[wisher] Alomomola\n|upkeep\n|turn|50\n|c|\u2606Kinesquared|I HEXXED\n|c|\u2606Kinesquared|I SWEAR TO F\n|c|\u2606Kinesquared|lmao\n|c|\u2606mann_treads|LMAOAOAOAO\n|c|\u2606Kinesquared|the universe wants you to win\n|c|\u2606mann_treads|i think you sac arc here\n|c|\u2606mann_treads|;)\n|\n|t:|1699223086\n|switch|p2a: Dialga|Dialga|63\/100 par\n|-ability|p2a: Dialga|Pressure\n|move|p1a: Gholdengo|Make It Rain|p2a: Dialga\n|-resisted|p2a: Dialga\n|-damage|p2a: Dialga|43\/100 par\n|-unboost|p1a: Gholdengo|spa|1\n|\n|-heal|p2a: Dialga|49\/100 par|[from] item: Leftovers\n|upkeep\n|turn|51\n|c|\u2606mann_treads|damnit\n|\n|t:|1699223101\n|move|p1a: Gholdengo|Make It Rain|p2a: Dialga\n|-resisted|p2a: Dialga\n|-damage|p2a: Dialga|36\/100 par\n|-unboost|p1a: Gholdengo|spa|1\n|cant|p2a: Dialga|par\n|\n|-heal|p2a: Dialga|42\/100 par|[from] item: Leftovers\n|upkeep\n|turn|52\n|c|\u2606mann_treads|DAMNIT\n|\n|t:|1699223118\n|move|p1a: Gholdengo|Hex|p2a: Dialga\n|-damage|p2a: Dialga|10\/100 par\n|move|p2a: Dialga|Draco Meteor|p1a: Gholdengo\n|-damage|p1a: Gholdengo|16\/100\n|-unboost|p2a: Dialga|spa|2\n|\n|-heal|p2a: Dialga|16\/100 par|[from] item: Leftovers\n|upkeep\n|turn|53\n|\n|t:|1699223128\n|switch|p1a: Alomomola|Alomomola, M|100\/100\n|-damage|p1a: Alomomola|88\/100|[from] Stealth Rock\n|switch|p2a: Arceus|Arceus-Ghost|53\/100 par\n|\n|upkeep\n|turn|54\n|\n|t:|1699223136\n|move|p1a: Alomomola|Wish|p1a: Alomomola\n|move|p2a: Arceus|Calm Mind|p2a: Arceus\n|-boost|p2a: Arceus|spa|1\n|-boost|p2a: Arceus|spd|1\n|\n|upkeep\n|turn|55\n|\n|t:|1699223141\n|move|p1a: Alomomola|Flip Turn|p2a: Arceus\n|-damage|p2a: Arceus|45\/100 par\n|\n|t:|1699223144\n|switch|p1a: Gholdengo|Gholdengo, tera:Ghost|16\/100|[from] Flip Turn\n|-damage|p1a: Gholdengo|3\/100|[from] Stealth Rock\n|move|p2a: Arceus|Hex|p1a: Gholdengo\n|-supereffective|p1a: Gholdengo\n|-damage|p1a: Gholdengo|0 fnt\n|faint|p1a: Gholdengo\n|\n|upkeep\n|c|\u2606mann_treads|fuck\n|c|\u2606mann_treads|alright\n|\n|t:|1699223154\n|switch|p1a: Quagsire|Quagsire, M|100\/100\n|-damage|p1a: Quagsire|94\/100|[from] Stealth Rock\n|turn|56\n|c|\u2606Kinesquared|finally ong\n|c|\u2606mann_treads|i lose now\n|c|\u2606mann_treads|ghold was my savior\n|\n|t:|1699223161\n|move|p2a: Arceus|Recover|p2a: Arceus\n|-heal|p2a: Arceus|95\/100 par\n|move|p1a: Quagsire|Liquidation|p2a: Arceus\n|-damage|p2a: Arceus|83\/100 par\n|-unboost|p2a: Arceus|def|1\n|\n|-heal|p1a: Quagsire|100\/100|[from] item: Leftovers\n|upkeep\n|turn|57\n|c|\u2606Kinesquared|yes it was\n|c|\u2606mann_treads|yeah gg\n|c|\u2606mann_treads|i dont wanna play the rest of this out lol\n|-message|mann_treads forfeited.\n|\n|win|Kinesquared\n|l|\u2606mann_treads\n","uploadtime":1699223182,"views":8,"p1id":"manntreads","p2id":"kinesquared","formatid":"gen9ubers","rating":0,"private":0,"password":""}