{"id":"gen9ubers-1987176994","p1":"Dark King_5","p2":"RoronoaZoro.mp5","format":"[Gen 9] Ubers","log":"|j|\u2606Dark King_5\n|j|\u2606RoronoaZoro.mp5\n|t:|1699562569\n|gametype|singles\n|player|p1|Dark King_5|101|1117\n|player|p2|RoronoaZoro.mp5|lance-masters|1057\n|teamsize|p1|6\n|teamsize|p2|6\n|gen|9\n|tier|[Gen 9] Ubers\n|rated|\n|rule|Sleep Clause Mod: Limit one foe put to sleep\n|rule|Species Clause: Limit one of each Pok\u00e9mon\n|rule|OHKO Clause: OHKO moves are banned\n|rule|Evasion Items Clause: Evasion items are banned\n|rule|Evasion Moves Clause: Evasion moves are banned\n|rule|Endless Battle Clause: Forcing endless battles is banned\n|rule|HP Percentage Mod: HP is shown in percentages\n|clearpoke\n|poke|p1|Dipplin, F|\n|poke|p1|Walking Wake|\n|poke|p1|Koraidon|\n|poke|p1|Goodra-Hisui, M|\n|poke|p1|Dragapult, M|\n|poke|p1|Flapple, M|\n|poke|p2|Groudon|\n|poke|p2|Mewtwo|\n|poke|p2|Ursaluna, F|\n|poke|p2|Arcanine-Hisui, M|\n|poke|p2|Hoopa-Unbound|\n|poke|p2|Rayquaza|\n|teampreview\n|inactive|Battle timer is ON: inactive players will automatically lose when time's up. (requested by RoronoaZoro.mp5)\n|\n|t:|1699562577\n|start\n|switch|p1a: Koraidon|Koraidon|100\/100\n|switch|p2a: Arcanine|Arcanine-Hisui, M, shiny|100\/100\n|-weather|SunnyDay|[from] ability: Orichalcum Pulse|[of] p1a: Koraidon\n|-activate|p1a: Koraidon|Orichalcum Pulse|[source]\n|turn|1\n|\n|t:|1699562589\n|move|p1a: Koraidon|Swords Dance|p1a: Koraidon\n|-boost|p1a: Koraidon|atk|2\n|move|p2a: Arcanine|Stealth Rock|p1a: Koraidon\n|-sidestart|p1: Dark King_5|move: Stealth Rock\n|\n|-weather|SunnyDay|[upkeep]\n|upkeep\n|turn|2\n|inactive|RoronoaZoro.mp5 has 120 seconds left.\n|inactive|RoronoaZoro.mp5 has 90 seconds left.\n|c|\u2606Dark King_5|want to hurry?\n|c|\u2606Dark King_5|you are timed\n|inactive|RoronoaZoro.mp5 has 60 seconds left.\n|\n|t:|1699562680\n|move|p1a: Koraidon|Collision Course|p2a: Arcanine\n|-supereffective|p2a: Arcanine\n|-crit|p2a: Arcanine\n|-enditem|p2a: Arcanine|Focus Sash\n|-damage|p2a: Arcanine|1\/100\n|move|p2a: Arcanine|Flare Blitz|p1a: Koraidon\n|-resisted|p1a: Koraidon\n|-damage|p1a: Koraidon|55\/100\n|\n|-weather|SunnyDay|[upkeep]\n|upkeep\n|turn|3\n|\n|t:|1699562689\n|move|p2a: Arcanine|Extreme Speed|p1a: Koraidon\n|-damage|p1a: Koraidon|30\/100\n|move|p1a: Koraidon|Dragon Claw|p2a: Arcanine\n|-damage|p2a: Arcanine|0 fnt\n|faint|p2a: Arcanine\n|\n|-weather|SunnyDay|[upkeep]\n|upkeep\n|inactive|RoronoaZoro.mp5 has 60 seconds left.\n|c|\u2606RoronoaZoro.mp5|I was doing a r\u00e9flexion about damage\n|c|\u2606RoronoaZoro.mp5|so don\u2019t be salty\n|\n|t:|1699562714\n|switch|p2a: Rayquaza|Rayquaza, shiny|100\/100\n|-ability|p2a: Rayquaza|Air Lock\n|turn|4\n|inactive|Dark King_5 has 120 seconds left.\n|c|\u2606Dark King_5|im not salty i just have a lot to do today and wanted to do a quick match\n|\n|t:|1699562756\n|move|p2a: Rayquaza|Extreme Speed|p1a: Koraidon\n|-damage|p1a: Koraidon|2\/100\n|move|p1a: Koraidon|Dragon Claw|p2a: Rayquaza\n|-supereffective|p2a: Rayquaza\n|-damage|p2a: Rayquaza|0 fnt\n|faint|p2a: Rayquaza\n|\n|-weather|SunnyDay|[upkeep]\n|upkeep\n|inactive|RoronoaZoro.mp5 has 60 seconds left.\n|c|\u2606RoronoaZoro.mp5|Oh ok sorry then\n|\n|t:|1699562780\n|switch|p2a: Groudon|Groudon, shiny|100\/100\n|turn|5\n|\n|t:|1699562785\n|move|p1a: Koraidon|Collision Course|p2a: Groudon\n|-damage|p2a: Groudon|0 fnt\n|faint|p2a: Groudon\n|\n|-weather|SunnyDay|[upkeep]\n|upkeep\n|\n|t:|1699562793\n|switch|p2a: Mewtwo|Mewtwo, shiny|100\/100\n|-ability|p2a: Mewtwo|Pressure\n|turn|6\n|inactive|RoronoaZoro.mp5 has 60 seconds left.\n|\n|t:|1699562803\n|move|p1a: Koraidon|Flare Blitz|p2a: Mewtwo\n|-damage|p2a: Mewtwo|0 fnt\n|faint|p2a: Mewtwo\n|-damage|p1a: Koraidon|0 fnt|[from] Recoil\n|faint|p1a: Koraidon\n|\n|-weather|SunnyDay|[upkeep]\n|upkeep\n|\n|t:|1699562807\n|switch|p1a: Dipplin|Dipplin, F|100\/100\n|switch|p2a: Hoopa|Hoopa-Unbound|100\/100\n|-damage|p1a: Dipplin|88\/100|[from] Stealth Rock\n|turn|7\n|\n|t:|1699562815\n|move|p2a: Hoopa|Gunk Shot|p1a: Dipplin\n|-supereffective|p1a: Dipplin\n|-damage|p1a: Dipplin|20\/100\n|move|p1a: Dipplin|Growth|p1a: Dipplin\n|-boost|p1a: Dipplin|atk|2\n|-boost|p1a: Dipplin|spa|2\n|\n|-weather|SunnyDay|[upkeep]\n|upkeep\n|turn|8\n|\n|t:|1699562820\n|-terastallize|p1a: Dipplin|Steel\n|move|p2a: Hoopa|Gunk Shot|p1a: Dipplin\n|-immune|p1a: Dipplin\n|move|p1a: Dipplin|Tera Blast|p2a: Hoopa|[anim] Tera Blast Steel\n|-damage|p2a: Hoopa|41\/100\n|\n|-weather|none\n|upkeep\n|turn|9\n|\n|t:|1699562828\n|move|p2a: Hoopa|Fire Punch|p1a: Dipplin\n|-supereffective|p1a: Dipplin\n|-damage|p1a: Dipplin|0 fnt\n|faint|p1a: Dipplin\n|\n|upkeep\n|\n|t:|1699562833\n|switch|p1a: Goodra|Goodra-Hisui, M|100\/100\n|-damage|p1a: Goodra|94\/100|[from] Stealth Rock\n|turn|10\n|inactive|RoronoaZoro.mp5 has 90 seconds left.\n|\n|t:|1699562856\n|move|p2a: Hoopa|Drain Punch|p1a: Goodra\n|-supereffective|p1a: Goodra\n|-damage|p1a: Goodra|24\/100\n|-heal|p2a: Hoopa|83\/100|[from] drain|[of] p1a: Goodra\n|move|p1a: Goodra|Dragon Tail|p2a: Hoopa\n|-damage|p2a: Hoopa|40\/100\n|drag|p2a: Ursaluna|Ursaluna, F, shiny|100\/100\n|\n|-status|p2a: Ursaluna|brn|[from] item: Flame Orb\n|upkeep\n|turn|11\n|\n|t:|1699562870\n|move|p2a: Ursaluna|Protect|p2a: Ursaluna\n|-singleturn|p2a: Ursaluna|Protect\n|move|p1a: Goodra|Heavy Slam|p2a: Ursaluna\n|-activate|p2a: Ursaluna|move: Protect\n|\n|-damage|p2a: Ursaluna|94\/100 brn|[from] brn\n|upkeep\n|turn|12\n|\n|t:|1699562873\n|move|p1a: Goodra|Heavy Slam|p2a: Ursaluna\n|-damage|p2a: Ursaluna|83\/100 brn\n|move|p2a: Ursaluna|Headlong Rush|p1a: Goodra\n|-supereffective|p1a: Goodra\n|-damage|p1a: Goodra|0 fnt\n|-unboost|p2a: Ursaluna|def|1\n|-unboost|p2a: Ursaluna|spd|1\n|faint|p1a: Goodra\n|\n|-damage|p2a: Ursaluna|77\/100 brn|[from] brn\n|upkeep\n|\n|t:|1699562885\n|switch|p1a: Walking Wake|Walking Wake|100\/100\n|-damage|p1a: Walking Wake|88\/100|[from] Stealth Rock\n|turn|13\n|\n|t:|1699562894\n|move|p2a: Ursaluna|Protect|p2a: Ursaluna\n|-singleturn|p2a: Ursaluna|Protect\n|move|p1a: Walking Wake|Hydro Steam|p2a: Ursaluna\n|-activate|p2a: Ursaluna|move: Protect\n|\n|-damage|p2a: Ursaluna|71\/100 brn|[from] brn\n|upkeep\n|turn|14\n|\n|t:|1699562898\n|switch|p2a: Hoopa|Hoopa-Unbound|40\/100\n|move|p1a: Walking Wake|Hydro Steam|p2a: Hoopa\n|-damage|p2a: Hoopa|0 fnt\n|faint|p2a: Hoopa\n|\n|upkeep\n|\n|t:|1699562900\n|switch|p2a: Ursaluna|Ursaluna, F, shiny|71\/100 brn\n|turn|15\n|inactive|RoronoaZoro.mp5 has 120 seconds left.\n|\n|t:|1699562906\n|-terastallize|p2a: Ursaluna|Normal\n|move|p1a: Walking Wake|Hydro Steam|p2a: Ursaluna\n|-damage|p2a: Ursaluna|33\/100 brn\n|move|p2a: Ursaluna|Facade|p1a: Walking Wake\n|-damage|p1a: Walking Wake|0 fnt\n|faint|p1a: Walking Wake\n|-end|p1a: Walking Wake|Protosynthesis|[silent]\n|\n|-damage|p2a: Ursaluna|27\/100 brn|[from] brn\n|upkeep\n|\n|t:|1699562913\n|switch|p1a: Dragapult|Dragapult, M|100\/100\n|-damage|p1a: Dragapult|88\/100|[from] Stealth Rock\n|turn|16\n|\n|t:|1699562921\n|move|p1a: Dragapult|Sucker Punch|p2a: Ursaluna\n|-damage|p2a: Ursaluna|10\/100 brn\n|move|p2a: Ursaluna|Headlong Rush|p1a: Dragapult\n|-damage|p1a: Dragapult|0 fnt\n|-unboost|p2a: Ursaluna|def|1\n|-unboost|p2a: Ursaluna|spd|1\n|faint|p1a: Dragapult\n|\n|-damage|p2a: Ursaluna|4\/100 brn|[from] brn\n|upkeep\n|\n|t:|1699562924\n|switch|p1a: Flapple|Flapple, M|100\/100\n|-damage|p1a: Flapple|88\/100|[from] Stealth Rock\n|turn|17\n|\n|t:|1699562928\n|move|p1a: Flapple|Sucker Punch|p2a: Ursaluna\n|-damage|p2a: Ursaluna|0 fnt\n|faint|p2a: Ursaluna\n|-damage|p1a: Flapple|78\/100|[from] item: Life Orb\n|\n|win|Dark King_5\n|raw|Dark King_5's rating: 1117 &rarr; <strong>1138<\/strong><br \/>(+21 for winning)\n|raw|RoronoaZoro.mp5's rating: 1057 &rarr; <strong>1042<\/strong><br \/>(-15 for losing)\n|c|\u2606Dark King_5|gg\n","uploadtime":1699562957,"views":5,"p1id":"darkking5","p2id":"roronoazoromp5","formatid":"gen9ubers","rating":1042,"private":0,"password":""}