{"id":"gen9ubers-1998967391","p1":"Devrai","p2":"namenotfoundagain","format":"[Gen 9] Ubers","log":"|j|\u2606Devrai\n|j|\u2606namenotfoundagain\n|t:|1701018820\n|gametype|singles\n|player|p1|Devrai|zinnia|1040\n|player|p2|namenotfoundagain|101|1117\n|teamsize|p1|6\n|teamsize|p2|6\n|gen|9\n|tier|[Gen 9] Ubers\n|rated|\n|rule|Sleep Clause Mod: Limit one foe put to sleep\n|rule|Species Clause: Limit one of each Pok\u00e9mon\n|rule|OHKO Clause: OHKO moves are banned\n|rule|Evasion Items Clause: Evasion items are banned\n|rule|Evasion Moves Clause: Evasion moves are banned\n|rule|Endless Battle Clause: Forcing endless battles is banned\n|rule|HP Percentage Mod: HP is shown in percentages\n|clearpoke\n|poke|p1|Skeledirge, F|\n|poke|p1|Ninetales-Alola, F|\n|poke|p1|Kommo-o, M|\n|poke|p1|Great Tusk|\n|poke|p1|Moltres-Galar|\n|poke|p1|Iron Moth|\n|poke|p2|Iron Moth|\n|poke|p2|Flutter Mane|\n|poke|p2|Ribombee, M|\n|poke|p2|Magearna|\n|poke|p2|Dragapult, M|\n|poke|p2|Gastrodon, M|\n|teampreview\n|\n|t:|1701018834\n|start\n|switch|p1a: King Gator|Skeledirge, F, shiny|100\/100\n|switch|p2a: Ribombee|Ribombee, M|100\/100\n|turn|1\n|\n|t:|1701018840\n|move|p2a: Ribombee|Sticky Web|p1a: King Gator\n|-sidestart|p1: Devrai|move: Sticky Web\n|move|p1a: King Gator|Torch Song|p2a: Ribombee\n|-supereffective|p2a: Ribombee\n|-damage|p2a: Ribombee|17\/100\n|-boost|p1a: King Gator|spa|1\n|\n|upkeep\n|turn|2\n|\n|t:|1701018848\n|move|p2a: Ribombee|Draining Kiss|p1a: King Gator\n|-resisted|p1a: King Gator\n|-damage|p1a: King Gator|94\/100\n|-heal|p2a: Ribombee|23\/100|[from] drain|[of] p1a: King Gator\n|move|p1a: King Gator|Torch Song|p2a: Ribombee\n|-supereffective|p2a: Ribombee\n|-damage|p2a: Ribombee|0 fnt\n|-boost|p1a: King Gator|spa|1\n|faint|p2a: Ribombee\n|\n|-heal|p1a: King Gator|99\/100|[from] item: Leftovers\n|upkeep\n|\n|t:|1701018861\n|switch|p2a: Gastrodon|Gastrodon, M|100\/100\n|turn|3\n|\n|t:|1701018864\n|move|p1a: King Gator|Will-O-Wisp|p2a: Gastrodon\n|-status|p2a: Gastrodon|brn\n|move|p2a: Gastrodon|Earthquake|p1a: King Gator\n|-supereffective|p1a: King Gator\n|-damage|p1a: King Gator|76\/100\n|\n|-heal|p1a: King Gator|82\/100|[from] item: Leftovers\n|-damage|p2a: Gastrodon|94\/100 brn|[from] brn\n|upkeep\n|turn|4\n|\n|t:|1701018875\n|move|p1a: King Gator|Hex|p2a: Gastrodon\n|-damage|p2a: Gastrodon|15\/100 brn\n|move|p2a: Gastrodon|Waterfall|p1a: King Gator\n|-supereffective|p1a: King Gator\n|-damage|p1a: King Gator|64\/100\n|\n|-heal|p1a: King Gator|70\/100|[from] item: Leftovers\n|-heal|p2a: Gastrodon|21\/100 brn|[from] item: Leftovers\n|-damage|p2a: Gastrodon|15\/100 brn|[from] brn\n|upkeep\n|turn|5\n|\n|t:|1701018886\n|move|p1a: King Gator|Torch Song|p2a: Gastrodon\n|-resisted|p2a: Gastrodon\n|-damage|p2a: Gastrodon|0 fnt\n|-boost|p1a: King Gator|spa|1\n|faint|p2a: Gastrodon\n|\n|-heal|p1a: King Gator|76\/100|[from] item: Leftovers\n|upkeep\n|\n|t:|1701018899\n|switch|p2a: Iron Moth|Iron Moth|100\/100\n|turn|6\n|\n|t:|1701018904\n|move|p2a: Iron Moth|Substitute|p2a: Iron Moth\n|-start|p2a: Iron Moth|Substitute\n|-damage|p2a: Iron Moth|76\/100\n|move|p1a: King Gator|Torch Song|p2a: Iron Moth\n|-resisted|p2a: Iron Moth\n|-damage|p2a: Iron Moth|30\/100\n|-boost|p1a: King Gator|spa|1\n|\n|-heal|p1a: King Gator|82\/100|[from] item: Leftovers\n|upkeep\n|turn|7\n|\n|t:|1701018916\n|move|p2a: Iron Moth|Sludge Wave|p1a: King Gator\n|-resisted|p1a: King Gator\n|-damage|p1a: King Gator|62\/100\n|move|p1a: King Gator|Slack Off|p1a: King Gator\n|-heal|p1a: King Gator|100\/100\n|\n|upkeep\n|turn|8\n|\n|t:|1701018925\n|move|p2a: Iron Moth|Energy Ball|p1a: King Gator\n|-resisted|p1a: King Gator\n|-damage|p1a: King Gator|88\/100\n|move|p1a: King Gator|Torch Song|p2a: Iron Moth\n|-resisted|p2a: Iron Moth\n|-damage|p2a: Iron Moth|0 fnt\n|-boost|p1a: King Gator|spa|1\n|faint|p2a: Iron Moth\n|-end|p2a: Iron Moth|Quark Drive|[silent]\n|\n|-heal|p1a: King Gator|94\/100|[from] item: Leftovers\n|upkeep\n|c|\u2606Devrai|Never keave home without my dog\n|\n|t:|1701018943\n|switch|p2a: Flutter Mane|Flutter Mane|100\/100\n|turn|9\n|c|\u2606Devrai|Leave*\n|c|\u2606Devrai|Didnt even realize i was in ubers too damn.\n|c|\u2606Devrai|Skeledirge...\n|\n|t:|1701018983\n|-terastallize|p1a: King Gator|Fairy\n|move|p2a: Flutter Mane|Thunderbolt|p1a: King Gator\n|-damage|p1a: King Gator|69\/100\n|move|p1a: King Gator|Torch Song|p2a: Flutter Mane\n|-damage|p2a: Flutter Mane|5\/100\n|-boost|p1a: King Gator|spa|1\n|\n|-heal|p2a: Flutter Mane|11\/100|[from] item: Leftovers\n|-heal|p1a: King Gator|75\/100|[from] item: Leftovers\n|upkeep\n|turn|10\n|\n|t:|1701018997\n|move|p2a: Flutter Mane|Moonblast|p1a: King Gator\n|-damage|p1a: King Gator|35\/100\n|move|p1a: King Gator|Slack Off|p1a: King Gator\n|-heal|p1a: King Gator|85\/100\n|\n|-heal|p2a: Flutter Mane|17\/100|[from] item: Leftovers\n|-heal|p1a: King Gator|91\/100|[from] item: Leftovers\n|upkeep\n|turn|11\n|\n|t:|1701019010\n|move|p2a: Flutter Mane|Moonblast|p1a: King Gator\n|-damage|p1a: King Gator|47\/100\n|move|p1a: King Gator|Slack Off|p1a: King Gator\n|-heal|p1a: King Gator|97\/100\n|\n|-heal|p2a: Flutter Mane|23\/100|[from] item: Leftovers\n|-heal|p1a: King Gator|100\/100|[from] item: Leftovers\n|upkeep\n|turn|12\n|\n|t:|1701019026\n|move|p2a: Flutter Mane|Moonblast|p1a: King Gator\n|-damage|p1a: King Gator|58\/100\n|-unboost|p1a: King Gator|spa|1\n|move|p1a: King Gator|Torch Song|p2a: Flutter Mane\n|-damage|p2a: Flutter Mane|0 fnt\n|-boost|p1a: King Gator|spa|1\n|faint|p2a: Flutter Mane\n|-end|p2a: Flutter Mane|Protosynthesis|[silent]\n|\n|-heal|p1a: King Gator|64\/100|[from] item: Leftovers\n|upkeep\n|\n|t:|1701019045\n|switch|p2a: Dragapult|Dragapult, M|100\/100\n|turn|13\n|\n|t:|1701019049\n|move|p2a: Dragapult|Sucker Punch||[still]\n|-fail|p2a: Dragapult\n|move|p1a: King Gator|Slack Off|p1a: King Gator\n|-heal|p1a: King Gator|100\/100\n|\n|upkeep\n|turn|14\n|\n|t:|1701019057\n|move|p2a: Dragapult|Sucker Punch||[still]\n|-fail|p2a: Dragapult\n|move|p1a: King Gator|Will-O-Wisp|p2a: Dragapult|[miss]\n|-miss|p1a: King Gator|p2a: Dragapult\n|\n|upkeep\n|turn|15\n|\n|t:|1701019064\n|move|p2a: Dragapult|Sucker Punch|p1a: King Gator\n|-resisted|p1a: King Gator\n|-damage|p1a: King Gator|92\/100\n|move|p1a: King Gator|Hex|p2a: Dragapult\n|-supereffective|p2a: Dragapult\n|-damage|p2a: Dragapult|0 fnt\n|faint|p2a: Dragapult\n|\n|-heal|p1a: King Gator|98\/100|[from] item: Leftovers\n|upkeep\n|\n|t:|1701019074\n|switch|p2a: Magearna|Magearna|100\/100\n|turn|16\n|\n|t:|1701019078\n|move|p1a: King Gator|Torch Song|p2a: Magearna\n|-supereffective|p2a: Magearna\n|-damage|p2a: Magearna|0 fnt\n|faint|p2a: Magearna\n|\n|win|Devrai\n|raw|Devrai's rating: 1040 &rarr; <strong>1081<\/strong><br \/>(+41 for winning)\n|raw|namenotfoundagain's rating: 1117 &rarr; <strong>1087<\/strong><br \/>(-30 for losing)\n","uploadtime":1701019091,"views":24,"p1id":"devrai","p2id":"namenotfoundagain","formatid":"gen9ubers","rating":1081,"private":0,"password":""}