{"id":"gen9ubers-1981914334","p1":"Cudqo","p2":"Kenn2409","format":"[Gen 9] Ubers","log":"|j|\u2606Cudqo\n|j|\u2606Kenn2409\n|t:|1698951282\n|gametype|singles\n|player|p1|Cudqo|acetrainercouple|1012\n|player|p2|Kenn2409|1|1006\n|teamsize|p1|6\n|teamsize|p2|6\n|gen|9\n|tier|[Gen 9] Ubers\n|rated|\n|rule|Sleep Clause Mod: Limit one foe put to sleep\n|rule|Species Clause: Limit one of each Pok\u00e9mon\n|rule|OHKO Clause: OHKO moves are banned\n|rule|Evasion Items Clause: Evasion items are banned\n|rule|Evasion Moves Clause: Evasion moves are banned\n|rule|Endless Battle Clause: Forcing endless battles is banned\n|rule|HP Percentage Mod: HP is shown in percentages\n|clearpoke\n|poke|p1|Spectrier|\n|poke|p1|Flapple, M|\n|poke|p1|Arcanine, F|\n|poke|p1|Dachsbun, M|\n|poke|p1|Kleavor, F|\n|poke|p1|Gliscor, F|\n|poke|p2|Calyrex-Ice|\n|poke|p2|Avalugg-Hisui, F|\n|poke|p2|Mamoswine, F|\n|poke|p2|Froslass, F|\n|poke|p2|Baxcalibur, M|\n|poke|p2|Ninetales-Alola, F|\n|teampreview\n|inactive|Battle timer is ON: inactive players will automatically lose when time's up. (requested by Cudqo)\n|\n|t:|1698951288\n|start\n|switch|p1a: pissed off rock|Kleavor, F, shiny|100\/100\n|switch|p2a: Ninetales|Ninetales-Alola, F|100\/100\n|-weather|Snow|[from] ability: Snow Warning|[of] p2a: Ninetales\n|turn|1\n|\n|t:|1698951298\n|move|p1a: pissed off rock|Close Combat|p2a: Ninetales\n|-crit|p2a: Ninetales\n|-damage|p2a: Ninetales|58\/100\n|-unboost|p1a: pissed off rock|def|1\n|-unboost|p1a: pissed off rock|spd|1\n|move|p2a: Ninetales|Aurora Veil|p2a: Ninetales\n|-sidestart|p2: Kenn2409|move: Aurora Veil\n|\n|-weather|Snow|[upkeep]\n|-heal|p2a: Ninetales|64\/100|[from] item: Leftovers\n|upkeep\n|turn|2\n|\n|t:|1698951317\n|switch|p2a: Froslass|Froslass, F|100\/100\n|move|p1a: pissed off rock|Close Combat|p2a: Froslass\n|-immune|p2a: Froslass\n|\n|-weather|Snow|[upkeep]\n|upkeep\n|turn|3\n|\n|t:|1698951330\n|switch|p1a: apple|Flapple, M, shiny|100\/100\n|move|p2a: Froslass|Shadow Ball|p1a: apple\n|-damage|p1a: apple|44\/100\n|\n|-weather|Snow|[upkeep]\n|upkeep\n|turn|4\n|\n|t:|1698951342\n|move|p1a: apple|Sucker Punch|p2a: Froslass\n|-supereffective|p2a: Froslass\n|-damage|p2a: Froslass|43\/100\n|move|p2a: Froslass|Shadow Ball|p1a: apple\n|-damage|p1a: apple|0 fnt\n|faint|p1a: apple\n|\n|-weather|Snow|[upkeep]\n|upkeep\n|\n|t:|1698951344\n|switch|p1a: horsey|Spectrier|100\/100\n|turn|5\n|\n|t:|1698951359\n|switch|p2a: Ninetales|Ninetales-Alola, F|64\/100\n|move|p1a: horsey|Draining Kiss|p2a: Ninetales\n|-damage|p2a: Ninetales|55\/100\n|\n|-weather|none\n|-heal|p2a: Ninetales|61\/100|[from] item: Leftovers\n|-sideend|p2: Kenn2409|move: Aurora Veil\n|upkeep\n|turn|6\n|c|\u2606Cudqo|why an entire ice based team?\n|\n|t:|1698951372\n|move|p1a: horsey|Shadow Ball|p2a: Ninetales\n|-damage|p2a: Ninetales|15\/100\n|move|p2a: Ninetales|Dark Pulse|p1a: horsey\n|-supereffective|p1a: horsey\n|-damage|p1a: horsey|64\/100\n|\n|-heal|p1a: horsey|70\/100|[from] item: Leftovers\n|-heal|p2a: Ninetales|21\/100|[from] item: Leftovers\n|upkeep\n|turn|7\n|c|\u2606Kenn2409|just for fun\n|\n|t:|1698951395\n|switch|p2a: Calyrex|Calyrex-Ice|100\/100\n|-ability|p2a: Calyrex|As One\n|-ability|p2a: Calyrex|Unnerve\n|move|p1a: horsey|Draining Kiss|p2a: Calyrex\n|-damage|p2a: Calyrex|88\/100\n|-heal|p1a: horsey|81\/100|[from] drain|[of] p2a: Calyrex\n|\n|-heal|p1a: horsey|88\/100|[from] item: Leftovers\n|upkeep\n|turn|8\n|\n|t:|1698951410\n|move|p1a: horsey|Shadow Ball|p2a: Calyrex\n|-supereffective|p2a: Calyrex\n|-damage|p2a: Calyrex|23\/100\n|-enditem|p2a: Calyrex|Aguav Berry|[eat]\n|-heal|p2a: Calyrex|56\/100|[from] item: Aguav Berry\n|move|p2a: Calyrex|Swords Dance|p2a: Calyrex\n|-boost|p2a: Calyrex|atk|2\n|\n|-heal|p1a: horsey|94\/100|[from] item: Leftovers\n|upkeep\n|turn|9\n|\n|t:|1698951419\n|move|p1a: horsey|Shadow Ball|p2a: Calyrex\n|-supereffective|p2a: Calyrex\n|-damage|p2a: Calyrex|0 fnt\n|faint|p2a: Calyrex\n|-ability|p1a: horsey|Grim Neigh|boost\n|-boost|p1a: horsey|spa|1\n|\n|-heal|p1a: horsey|99\/100|[from] item: Leftovers\n|upkeep\n|\n|t:|1698951430\n|switch|p2a: Froslass|Froslass, F|43\/100\n|turn|10\n|\n|t:|1698951436\n|-terastallize|p2a: Froslass|Normal\n|move|p1a: horsey|Shadow Ball|p2a: Froslass\n|-immune|p2a: Froslass\n|move|p2a: Froslass|Shadow Ball|p1a: horsey\n|-supereffective|p1a: horsey\n|-damage|p1a: horsey|24\/100\n|\n|-heal|p1a: horsey|30\/100|[from] item: Leftovers\n|upkeep\n|turn|11\n|\n|t:|1698951447\n|move|p1a: horsey|Draining Kiss|p2a: Froslass\n|-damage|p2a: Froslass|0 fnt\n|-heal|p1a: horsey|57\/100|[from] drain|[of] p2a: Froslass\n|faint|p2a: Froslass\n|-ability|p1a: horsey|Grim Neigh|boost\n|-boost|p1a: horsey|spa|1\n|\n|-heal|p1a: horsey|63\/100|[from] item: Leftovers\n|upkeep\n|\n|t:|1698951455\n|switch|p2a: Avalugg|Avalugg-Hisui, F|100\/100\n|turn|12\n|\n|t:|1698951460\n|move|p1a: horsey|Draining Kiss|p2a: Avalugg\n|-damage|p2a: Avalugg|32\/100\n|-heal|p1a: horsey|100\/100|[from] drain|[of] p2a: Avalugg\n|move|p2a: Avalugg|Mountain Gale|p1a: horsey|[miss]\n|-miss|p2a: Avalugg|p1a: horsey\n|\n|-heal|p2a: Avalugg|38\/100|[from] item: Leftovers\n|upkeep\n|turn|13\n|\n|t:|1698951469\n|move|p1a: horsey|Shadow Ball|p2a: Avalugg\n|-damage|p2a: Avalugg|0 fnt\n|faint|p2a: Avalugg\n|-ability|p1a: horsey|Grim Neigh|boost\n|-boost|p1a: horsey|spa|1\n|\n|upkeep\n|\n|t:|1698951476\n|switch|p2a: Mamoswine|Mamoswine, F|100\/100\n|turn|14\n|\n|t:|1698951482\n|move|p2a: Mamoswine|Ice Shard|p1a: horsey\n|-damage|p1a: horsey|54\/100\n|move|p1a: horsey|Shadow Ball|p2a: Mamoswine\n|-damage|p2a: Mamoswine|0 fnt\n|faint|p2a: Mamoswine\n|-ability|p1a: horsey|Grim Neigh|boost\n|-boost|p1a: horsey|spa|1\n|\n|-heal|p1a: horsey|61\/100|[from] item: Leftovers\n|upkeep\n|-message|Kenn2409 forfeited.\n|\n|win|Cudqo\n|raw|Cudqo's rating: 1012 &rarr; <strong>1050<\/strong><br \/>(+38 for winning)\n|raw|Kenn2409's rating: 1006 &rarr; <strong>1000<\/strong><br \/>(-6 for losing)\n|l|\u2606Kenn2409\n","uploadtime":1698951501,"views":9,"p1id":"cudqo","p2id":"kenn2409","formatid":"gen9ubers","rating":1000,"private":0,"password":""}