{"id":"gen9ubers-1980585098","p1":"Mudkip2077","p2":"SadaShidz\ufe0f","format":"[Gen 9] Ubers","log":"|j|\u2606Mudkip2077\n|j|\u2606SadaShidz\ufe0f\n|t:|1698800166\n|gametype|singles\n|player|p1|Mudkip2077|volkner|1062\n|player|p2|SadaShidz\ufe0f|sada-ai|1175\n|teamsize|p1|6\n|teamsize|p2|6\n|gen|9\n|tier|[Gen 9] Ubers\n|rated|\n|rule|Sleep Clause Mod: Limit one foe put to sleep\n|rule|Species Clause: Limit one of each Pok\u00e9mon\n|rule|OHKO Clause: OHKO moves are banned\n|rule|Evasion Items Clause: Evasion items are banned\n|rule|Evasion Moves Clause: Evasion moves are banned\n|rule|Endless Battle Clause: Forcing endless battles is banned\n|rule|HP Percentage Mod: HP is shown in percentages\n|clearpoke\n|poke|p1|Mudsdale, M|\n|poke|p1|Samurott-Hisui, M|\n|poke|p1|Goodra-Hisui, F|\n|poke|p1|Tsareena, F|\n|poke|p1|Delphox, F|\n|poke|p1|Leavanny, F|\n|poke|p2|Ribombee, M|\n|poke|p2|Shaymin-Sky|\n|poke|p2|Arceus-Ghost|\n|poke|p2|Great Tusk|\n|poke|p2|Roaring Moon|\n|poke|p2|Koraidon|\n|teampreview\n|inactive|Battle timer is ON: inactive players will automatically lose when time's up. (requested by Mudkip2077)\n|\n|t:|1698800173\n|start\n|switch|p1a: Goodra|Goodra-Hisui, F|100\/100\n|switch|p2a: Shinobu|Ribombee, M, shiny|100\/100\n|turn|1\n|\n|t:|1698800179\n|move|p2a: Shinobu|Sticky Web|p1a: Goodra\n|-sidestart|p1: Mudkip2077|move: Sticky Web\n|move|p1a: Goodra|Flash Cannon|p2a: Shinobu\n|-supereffective|p2a: Shinobu\n|-enditem|p2a: Shinobu|Focus Sash\n|-damage|p2a: Shinobu|1\/100\n|\n|upkeep\n|turn|2\n|\n|t:|1698800187\n|switch|p2a: BigFatBone|Great Tusk|100\/100\n|-enditem|p2a: BigFatBone|Booster Energy\n|-activate|p2a: BigFatBone|ability: Protosynthesis|[fromitem]\n|-start|p2a: BigFatBone|protosynthesisatk\n|switch|p1a: Tsareena|Tsareena, F|100\/100\n|-item|p1a: Tsareena|Air Balloon\n|\n|upkeep\n|turn|3\n|\n|t:|1698800196\n|move|p2a: BigFatBone|Ice Spinner|p1a: Tsareena\n|-supereffective|p1a: Tsareena\n|-damage|p1a: Tsareena|19\/100\n|-enditem|p1a: Tsareena|Air Balloon\n|move|p1a: Tsareena|Rapid Spin|p2a: BigFatBone\n|-damage|p2a: BigFatBone|88\/100\n|-boost|p1a: Tsareena|spe|1\n|-sideend|p1: Mudkip2077|Sticky Web|[from] move: Rapid Spin|[of] p1a: Tsareena\n|\n|upkeep\n|turn|4\n|\n|t:|1698800216\n|-end|p2a: BigFatBone|Protosynthesis|[silent]\n|switch|p2a: Yamz|Arceus-Ghost, shiny|100\/100\n|move|p1a: Tsareena|Power Whip|p2a: Yamz|[miss]\n|-miss|p1a: Tsareena|p2a: Yamz\n|\n|upkeep\n|turn|5\n|\n|t:|1698800225\n|move|p2a: Yamz|Calm Mind|p2a: Yamz\n|-boost|p2a: Yamz|spa|1\n|-boost|p2a: Yamz|spd|1\n|move|p1a: Tsareena|Power Whip|p2a: Yamz\n|-damage|p2a: Yamz|58\/100\n|\n|upkeep\n|turn|6\n|\n|t:|1698800233\n|move|p2a: Yamz|Judgment|p1a: Tsareena\n|-crit|p1a: Tsareena\n|-damage|p1a: Tsareena|0 fnt\n|faint|p1a: Tsareena\n|\n|upkeep\n|\n|t:|1698800239\n|switch|p1a: Samurott|Samurott-Hisui, M|100\/100\n|turn|7\n|\n|t:|1698800242\n|move|p2a: Yamz|Focus Blast|p1a: Samurott\n|-supereffective|p1a: Samurott\n|-damage|p1a: Samurott|0 fnt\n|faint|p1a: Samurott\n|\n|upkeep\n|-message|Mudkip2077 forfeited.\n|\n|win|SadaShidz\ufe0f\n|raw|Mudkip2077's rating: 1062 &rarr; <strong>1049<\/strong><br \/>(-13 for losing)\n|raw|SadaShidz\ufe0f's rating: 1175 &rarr; <strong>1192<\/strong><br \/>(+17 for winning)\n|l|\u2606Mudkip2077\n","uploadtime":1698800251,"views":5,"p1id":"mudkip2077","p2id":"sadashidz","formatid":"gen9ubers","rating":1049,"private":0,"password":""}