{"id":"gen9ubers-1993690210","p1":"bennymbs","p2":"CodenameCAT","format":"[Gen 9] Ubers","log":"|j|\u2606bennymbs\n|j|\u2606CodenameCAT\n|t:|1700345936\n|gametype|singles\n|player|p1|bennymbs|mina|\n|player|p2|CodenameCAT|cogita|\n|teamsize|p1|6\n|teamsize|p2|6\n|gen|9\n|tier|[Gen 9] Ubers\n|rule|Sleep Clause Mod: Limit one foe put to sleep\n|rule|Species Clause: Limit one of each Pok\u00e9mon\n|rule|OHKO Clause: OHKO moves are banned\n|rule|Evasion Items Clause: Evasion items are banned\n|rule|Evasion Moves Clause: Evasion moves are banned\n|rule|Endless Battle Clause: Forcing endless battles is banned\n|rule|HP Percentage Mod: HP is shown in percentages\n|clearpoke\n|poke|p1|Torkoal, M|\n|poke|p1|Walking Wake|\n|poke|p1|Chi-Yu|\n|poke|p1|Arceus-Grass|\n|poke|p1|Zacian-*|\n|poke|p1|Magearna-Original|\n|poke|p2|Spidops, F|\n|poke|p2|Darkrai|\n|poke|p2|Chi-Yu|\n|poke|p2|Arceus-Poison|\n|poke|p2|Baxcalibur, M|\n|poke|p2|Espathra, F|\n|teampreview\n|inactive|Battle timer is ON: inactive players will automatically lose when time's up. (requested by CodenameCAT)\n|inactive|bennymbs also wants the timer to be on.\n|c|\u2606CodenameCAT|glhf\n|inactive|bennymbs has 270 seconds left.\n|\n|t:|1700345976\n|start\n|switch|p1a: Hydrogen Baby|Chi-Yu|100\/100\n|switch|p2a: Spidops|Spidops, F|100\/100\n|-ability|p1a: Hydrogen Baby|Beads of Ruin\n|turn|1\n|\n|t:|1700345984\n|move|p1a: Hydrogen Baby|Dark Pulse|p2a: Spidops\n|-damage|p2a: Spidops|26\/100\n|cant|p2a: Spidops|flinch\n|\n|upkeep\n|turn|2\n|c|\u2606bennymbs|Only saw it now, sorry\n|c|\u2606bennymbs|Glhf\n|\n|t:|1700346003\n|switch|p2a: Darkrai|Darkrai|100\/100\n|move|p1a: Hydrogen Baby|Dark Pulse|p2a: Darkrai\n|-resisted|p2a: Darkrai\n|-damage|p2a: Darkrai|56\/100\n|\n|upkeep\n|turn|3\n|\n|t:|1700346011\n|switch|p1a: \ud83e\udec0|Torkoal, M|100\/100\n|-weather|SunnyDay|[from] ability: Drought|[of] p1a: \ud83e\udec0\n|move|p2a: Darkrai|Thunder Wave|p1a: \ud83e\udec0\n|-status|p1a: \ud83e\udec0|par\n|\n|-weather|SunnyDay|[upkeep]\n|upkeep\n|turn|4\n|\n|t:|1700346018\n|switch|p1a: Coughing Bomb|Walking Wake|100\/100\n|-activate|p1a: Coughing Bomb|ability: Protosynthesis\n|-start|p1a: Coughing Bomb|protosynthesisspe\n|move|p2a: Darkrai|Nasty Plot|p2a: Darkrai\n|-boost|p2a: Darkrai|spa|2\n|\n|-weather|SunnyDay|[upkeep]\n|upkeep\n|turn|5\n|\n|t:|1700346022\n|move|p1a: Coughing Bomb|Hydro Steam|p2a: Darkrai\n|-damage|p2a: Darkrai|0 fnt\n|faint|p2a: Darkrai\n|\n|-weather|SunnyDay|[upkeep]\n|upkeep\n|\n|t:|1700346027\n|switch|p2a: Espathra|Espathra, F|100\/100\n|turn|6\n|\n|t:|1700346036\n|move|p2a: Espathra|Protect|p2a: Espathra\n|-singleturn|p2a: Espathra|Protect\n|move|p1a: Coughing Bomb|Hydro Steam|p2a: Espathra\n|-activate|p2a: Espathra|move: Protect\n|\n|-weather|SunnyDay|[upkeep]\n|-ability|p2a: Espathra|Speed Boost|boost\n|-boost|p2a: Espathra|spe|1\n|upkeep\n|turn|7\n|\n|t:|1700346039\n|move|p1a: Coughing Bomb|Hydro Steam|p2a: Espathra\n|-damage|p2a: Espathra|0 fnt\n|faint|p2a: Espathra\n|\n|-weather|SunnyDay|[upkeep]\n|upkeep\n|\n|t:|1700346043\n|switch|p2a: Baxcalibur|Baxcalibur, M|100\/100\n|turn|8\n|\n|t:|1700346051\n|-end|p1a: Coughing Bomb|Protosynthesis|[silent]\n|switch|p1a: Ike Dog|Zacian|100\/100\n|-ability|p1a: Ike Dog|Intrepid Sword|boost\n|-boost|p1a: Ike Dog|atk|1\n|move|p2a: Baxcalibur|Scale Shot|p1a: Ike Dog\n|-immune|p1a: Ike Dog\n|\n|-weather|SunnyDay|[upkeep]\n|upkeep\n|turn|9\n|\n|t:|1700346055\n|-terastallize|p2a: Baxcalibur|Ice\n|move|p1a: Ike Dog|Play Rough|p2a: Baxcalibur\n|-damage|p2a: Baxcalibur|33\/100\n|move|p2a: Baxcalibur|Dragon Dance|p2a: Baxcalibur\n|-boost|p2a: Baxcalibur|atk|1\n|-boost|p2a: Baxcalibur|spe|1\n|\n|-weather|SunnyDay|[upkeep]\n|upkeep\n|turn|10\n|\n|t:|1700346072\n|-terastallize|p1a: Ike Dog|Fire\n|move|p1a: Ike Dog|Tera Blast|p2a: Baxcalibur|[anim] Tera Blast Fire\n|-supereffective|p2a: Baxcalibur\n|-damage|p2a: Baxcalibur|0 fnt\n|faint|p2a: Baxcalibur\n|\n|-weather|none\n|upkeep\n|c|\u2606CodenameCAT|man i really shouldnt run ada\n|\n|t:|1700346080\n|switch|p2a: Arceus|Arceus-Poison|100\/100\n|turn|11\n|c|\u2606bennymbs|Yeah,\n|\n|t:|1700346096\n|move|p1a: Ike Dog|Swords Dance|p1a: Ike Dog\n|-boost|p1a: Ike Dog|atk|2\n|move|p2a: Arceus|Earthquake|p1a: Ike Dog\n|-supereffective|p1a: Ike Dog\n|-damage|p1a: Ike Dog|34\/100\n|\n|upkeep\n|turn|12\n|\n|t:|1700346098\n|move|p1a: Ike Dog|Tera Blast|p2a: Arceus|[anim] Tera Blast Fire\n|-damage|p2a: Arceus|23\/100\n|move|p2a: Arceus|Earthquake|p1a: Ike Dog\n|-supereffective|p1a: Ike Dog\n|-damage|p1a: Ike Dog|0 fnt\n|faint|p1a: Ike Dog\n|\n|upkeep\n|\n|t:|1700346103\n|switch|p1a: Hydrogen Baby|Chi-Yu|100\/100\n|-ability|p1a: Hydrogen Baby|Beads of Ruin\n|turn|13\n|\n|t:|1700346110\n|move|p1a: Hydrogen Baby|Flamethrower|p2a: Arceus\n|-damage|p2a: Arceus|0 fnt\n|faint|p2a: Arceus\n|\n|upkeep\n|\n|t:|1700346112\n|switch|p2a: Chi-Yu|Chi-Yu|100\/100\n|-ability|p2a: Chi-Yu|Beads of Ruin\n|turn|14\n|\n|t:|1700346118\n|switch|p1a: \ud83e\udec0|Torkoal, M|100\/100 par\n|-weather|SunnyDay|[from] ability: Drought|[of] p1a: \ud83e\udec0\n|move|p2a: Chi-Yu|Overheat|p1a: \ud83e\udec0\n|-resisted|p1a: \ud83e\udec0\n|-damage|p1a: \ud83e\udec0|0 fnt\n|-unboost|p2a: Chi-Yu|spa|2\n|faint|p1a: \ud83e\udec0\n|\n|-weather|SunnyDay|[upkeep]\n|upkeep\n|\n|t:|1700346123\n|switch|p1a: Coughing Bomb|Walking Wake|100\/100\n|-activate|p1a: Coughing Bomb|ability: Protosynthesis\n|-start|p1a: Coughing Bomb|protosynthesisspe\n|turn|15\n|-message|CodenameCAT forfeited.\n|\n|win|bennymbs\n|l|\u2606CodenameCAT\n","uploadtime":1700346130,"views":20,"p1id":"bennymbs","p2id":"codenamecat","formatid":"gen9ubers","rating":0,"private":0,"password":""}