{"id":"gen9ubers-1992015840","p1":"poketron1","p2":"Turtwigdabest","format":"[Gen 9] Ubers","log":"|j|\u2606poketron1\n|j|\u2606Turtwigdabest\n|t:|1700147950\n|gametype|singles\n|player|p1|poketron1|dragontamer|1055\n|player|p2|Turtwigdabest|hilbert|1165\n|teamsize|p1|6\n|teamsize|p2|6\n|gen|9\n|tier|[Gen 9] Ubers\n|rated|\n|rule|Sleep Clause Mod: Limit one foe put to sleep\n|rule|Species Clause: Limit one of each Pok\u00e9mon\n|rule|OHKO Clause: OHKO moves are banned\n|rule|Evasion Items Clause: Evasion items are banned\n|rule|Evasion Moves Clause: Evasion moves are banned\n|rule|Endless Battle Clause: Forcing endless battles is banned\n|rule|HP Percentage Mod: HP is shown in percentages\n|clearpoke\n|poke|p1|Kyogre|\n|poke|p1|Annihilape, F|\n|poke|p1|Forretress, M|\n|poke|p1|Pawmot, M|\n|poke|p1|Rabsca, M|\n|poke|p1|Basculegion, M|\n|poke|p2|Skeledirge, M|\n|poke|p2|Kingambit, M|\n|poke|p2|Ursaluna-Bloodmoon, M|\n|poke|p2|Torterra, M|\n|poke|p2|Flutter Mane|\n|poke|p2|Dragonite, F|\n|teampreview\n|\n|t:|1700147960\n|start\n|switch|p1a: dryciyrc|Kyogre|100\/100\n|switch|p2a: Flutter Mane|Flutter Mane|100\/100\n|-weather|RainDance|[from] ability: Drizzle|[of] p1a: dryciyrc\n|turn|1\n|\n|t:|1700147970\n|move|p2a: Flutter Mane|Thunder Wave|p1a: dryciyrc\n|-status|p1a: dryciyrc|par\n|move|p1a: dryciyrc|Surf|p2a: Flutter Mane\n|-damage|p2a: Flutter Mane|39\/100\n|\n|-weather|RainDance|[upkeep]\n|upkeep\n|turn|2\n|\n|t:|1700147976\n|move|p2a: Flutter Mane|Memento|p1a: dryciyrc\n|-unboost|p1a: dryciyrc|atk|2\n|-unboost|p1a: dryciyrc|spa|2\n|faint|p2a: Flutter Mane\n|-end|p2a: Flutter Mane|Protosynthesis|[silent]\n|move|p1a: dryciyrc|Ice Beam|p2: Flutter Mane|[notarget]\n|-fail|p1a: dryciyrc\n|\n|-weather|RainDance|[upkeep]\n|upkeep\n|\n|t:|1700147980\n|switch|p2a: Torterra|Torterra, M|100\/100\n|turn|3\n|\n|t:|1700147982\n|move|p2a: Torterra|Shell Smash|p2a: Torterra\n|-unboost|p2a: Torterra|def|1\n|-unboost|p2a: Torterra|spd|1\n|-boost|p2a: Torterra|atk|2\n|-boost|p2a: Torterra|spa|2\n|-boost|p2a: Torterra|spe|2\n|move|p1a: dryciyrc|Ice Beam|p2a: Torterra\n|-supereffective|p2a: Torterra\n|-damage|p2a: Torterra|0 fnt\n|faint|p2a: Torterra\n|\n|-weather|RainDance|[upkeep]\n|upkeep\n|\n|t:|1700147992\n|switch|p2a: Dragonite|Dragonite, F|100\/100\n|turn|4\n|\n|t:|1700147995\n|move|p2a: Dragonite|Thunder Punch|p1a: dryciyrc\n|-supereffective|p1a: dryciyrc\n|-damage|p1a: dryciyrc|64\/100 par\n|move|p1a: dryciyrc|Ice Beam|p2a: Dragonite\n|-supereffective|p2a: Dragonite\n|-damage|p2a: Dragonite|79\/100\n|\n|-weather|RainDance|[upkeep]\n|upkeep\n|turn|5\n|\n|t:|1700148008\n|move|p2a: Dragonite|Thunder Punch|p1a: dryciyrc\n|-supereffective|p1a: dryciyrc\n|-damage|p1a: dryciyrc|23\/100 par\n|move|p1a: dryciyrc|Ice Beam|p2a: Dragonite\n|-supereffective|p2a: Dragonite\n|-damage|p2a: Dragonite|34\/100\n|\n|-weather|RainDance|[upkeep]\n|upkeep\n|turn|6\n|\n|t:|1700148020\n|move|p2a: Dragonite|Thunder Punch|p1a: dryciyrc\n|-supereffective|p1a: dryciyrc\n|-damage|p1a: dryciyrc|0 fnt\n|faint|p1a: dryciyrc\n|\n|-weather|RainDance|[upkeep]\n|upkeep\n|\n|t:|1700148023\n|switch|p1a: rwh wjin|Pawmot, M|100\/100\n|turn|7\n|\n|t:|1700148025\n|move|p1a: rwh wjin|Fake Out|p2a: Dragonite\n|-damage|p2a: Dragonite|19\/100\n|cant|p2a: Dragonite|flinch\n|\n|-weather|RainDance|[upkeep]\n|upkeep\n|turn|8\n|\n|t:|1700148029\n|move|p1a: rwh wjin|Revival Blessing|p1a: rwh wjin\n|\n|t:|1700148033\n|-heal|p1: dryciyrc|50\/100|[from] move: Revival Blessing\n|move|p2a: Dragonite|Air Slash|p1a: rwh wjin\n|-damage|p1a: rwh wjin|55\/100\n|\n|-weather|none\n|upkeep\n|turn|9\n|\n|t:|1700148040\n|move|p1a: rwh wjin|Brick Break|p2a: Dragonite\n|-resisted|p2a: Dragonite\n|-damage|p2a: Dragonite|0 fnt\n|faint|p2a: Dragonite\n|\n|upkeep\n|\n|t:|1700148045\n|switch|p2a: Ursaluna|Ursaluna-Bloodmoon, M|100\/100\n|turn|10\n|inactive|Battle timer is ON: inactive players will automatically lose when time's up. (requested by Turtwigdabest)\n|\n|t:|1700148061\n|move|p1a: rwh wjin|Brick Break|p2a: Ursaluna\n|-supereffective|p2a: Ursaluna\n|-damage|p2a: Ursaluna|50\/100\n|move|p2a: Ursaluna|Moonblast|p1a: rwh wjin\n|-supereffective|p1a: rwh wjin\n|-damage|p1a: rwh wjin|0 fnt\n|faint|p1a: rwh wjin\n|\n|upkeep\n|\n|t:|1700148085\n|switch|p1a: dryciyrc|Kyogre|50\/100\n|-weather|RainDance|[from] ability: Drizzle|[of] p1a: dryciyrc\n|turn|11\n|\n|t:|1700148103\n|move|p1a: dryciyrc|Surf|p2a: Ursaluna\n|-supereffective|p2a: Ursaluna\n|-damage|p2a: Ursaluna|0 fnt\n|faint|p2a: Ursaluna\n|\n|-weather|RainDance|[upkeep]\n|upkeep\n|\n|t:|1700148107\n|switch|p2a: Skeledirge|Skeledirge, M|100\/100\n|turn|12\n|\n|t:|1700148112\n|move|p1a: dryciyrc|Surf|p2a: Skeledirge\n|-supereffective|p2a: Skeledirge\n|-damage|p2a: Skeledirge|0 fnt\n|faint|p2a: Skeledirge\n|\n|-weather|RainDance|[upkeep]\n|upkeep\n|\n|t:|1700148114\n|switch|p2a: Kingambit|Kingambit, M|100\/100\n|-activate|p2a: Kingambit|ability: Supreme Overlord\n|-start|p2a: Kingambit|fallen5|[silent]\n|turn|13\n|\n|t:|1700148127\n|switch|p1a: awxwcs4ws6|Forretress, M|100\/100\n|move|p2a: Kingambit|Swords Dance|p2a: Kingambit\n|-boost|p2a: Kingambit|atk|2\n|\n|-weather|RainDance|[upkeep]\n|upkeep\n|turn|14\n|\n|t:|1700148132\n|move|p2a: Kingambit|Swords Dance|p2a: Kingambit\n|-boost|p2a: Kingambit|atk|2\n|move|p1a: awxwcs4ws6|Explosion|p2a: Kingambit\n|-resisted|p2a: Kingambit\n|-damage|p2a: Kingambit|82\/100\n|faint|p1a: awxwcs4ws6\n|\n|-weather|RainDance|[upkeep]\n|upkeep\n|\n|t:|1700148138\n|switch|p1a: 556886|Rabsca, M|100\/100\n|turn|15\n|\n|t:|1700148142\n|move|p2a: Kingambit|Kowtow Cleave|p1a: 556886\n|-supereffective|p1a: 556886\n|-enditem|p1a: 556886|Focus Sash\n|-damage|p1a: 556886|1\/100\n|-damage|p2a: Kingambit|72\/100|[from] item: Life Orb\n|move|p1a: 556886|Memento|p2a: Kingambit\n|-unboost|p2a: Kingambit|atk|2\n|-unboost|p2a: Kingambit|spa|2\n|faint|p1a: 556886\n|\n|-weather|RainDance|[upkeep]\n|upkeep\n|\n|t:|1700148148\n|switch|p1a: xdrxdrdx|Basculegion, M|100\/100\n|turn|16\n|\n|t:|1700148153\n|-terastallize|p1a: xdrxdrdx|Ghost\n|move|p2a: Kingambit|Sucker Punch|p1a: xdrxdrdx\n|-supereffective|p1a: xdrxdrdx\n|-damage|p1a: xdrxdrdx|0 fnt\n|faint|p1a: xdrxdrdx\n|-damage|p2a: Kingambit|62\/100|[from] item: Life Orb\n|\n|-weather|RainDance|[upkeep]\n|upkeep\n|\n|t:|1700148160\n|switch|p1a: kjb fa sdkg lk|Annihilape, F|100\/100\n|turn|17\n|\n|t:|1700148162\n|move|p2a: Kingambit|Sucker Punch|p1a: kjb fa sdkg lk\n|-damage|p1a: kjb fa sdkg lk|0 fnt\n|faint|p1a: kjb fa sdkg lk\n|-damage|p2a: Kingambit|52\/100|[from] item: Life Orb\n|\n|-weather|RainDance|[upkeep]\n|upkeep\n|\n|t:|1700148164\n|switch|p1a: dryciyrc|Kyogre|50\/100\n|turn|18\n|\n|t:|1700148168\n|move|p2a: Kingambit|Sucker Punch|p1a: dryciyrc\n|-damage|p1a: dryciyrc|0 fnt\n|faint|p1a: dryciyrc\n|-damage|p2a: Kingambit|42\/100|[from] item: Life Orb\n|\n|win|Turtwigdabest\n|raw|poketron1's rating: 1055 &rarr; <strong>1042<\/strong><br \/>(-13 for losing)\n|raw|Turtwigdabest's rating: 1165 &rarr; <strong>1182<\/strong><br \/>(+17 for winning)\n|l|\u2606poketron1\n","uploadtime":1700148197,"views":58,"p1id":"poketron1","p2id":"turtwigdabest","formatid":"gen9ubers","rating":1042,"private":0,"password":""}