{"id":"gen9ubers-1972698435","p1":"tonyzs","p2":"Ezraqtt","format":"[Gen 9] Ubers","log":"|j|\u2606tonyzs\n|j|\u2606Ezraqtt\n|t:|1697880053\n|gametype|singles\n|player|p1|tonyzs|caitlin|1093\n|player|p2|Ezraqtt|1|1048\n|teamsize|p1|6\n|teamsize|p2|6\n|gen|9\n|tier|[Gen 9] Ubers\n|rated|\n|rule|Sleep Clause Mod: Limit one foe put to sleep\n|rule|Species Clause: Limit one of each Pok\u00e9mon\n|rule|OHKO Clause: OHKO moves are banned\n|rule|Evasion Items Clause: Evasion items are banned\n|rule|Evasion Moves Clause: Evasion moves are banned\n|rule|Endless Battle Clause: Forcing endless battles is banned\n|rule|HP Percentage Mod: HP is shown in percentages\n|clearpoke\n|poke|p1|Kricketune, F|\n|poke|p1|Kyogre|\n|poke|p1|Ogerpon-Hearthflame, F|\n|poke|p1|Tyranitar, M|\n|poke|p1|Houndstone, F|\n|poke|p1|Rayquaza|\n|poke|p2|Flutter Mane|\n|poke|p2|Zacian-*|\n|poke|p2|Calyrex-Ice|\n|poke|p2|Great Tusk|\n|poke|p2|Miraidon|\n|poke|p2|Eternatus|\n|teampreview\n|inactive|Battle timer is ON: inactive players will automatically lose when time's up. (requested by tonyzs)\n|\n|t:|1697880062\n|start\n|switch|p1a: Kricketune|Kricketune, F, shiny|100\/100\n|switch|p2a: Eternatus|Eternatus|100\/100\n|-ability|p2a: Eternatus|Pressure\n|turn|1\n|\n|t:|1697880071\n|move|p2a: Eternatus|Toxic Spikes|p1a: Kricketune\n|-sidestart|p1: tonyzs|move: Toxic Spikes\n|move|p1a: Kricketune|Sticky Web|p2a: Eternatus\n|-sidestart|p2: Ezraqtt|move: Sticky Web\n|\n|upkeep\n|turn|2\n|\n|t:|1697880077\n|move|p2a: Eternatus|Toxic Spikes|p1a: Kricketune\n|-sidestart|p1: tonyzs|move: Toxic Spikes\n|move|p1a: Kricketune|Perish Song|p1a: Kricketune\n|-start|p1a: Kricketune|perish3|[silent]\n|-start|p2a: Eternatus|perish3|[silent]\n|-fieldactivate|move: Perish Song\n|\n|-start|p2a: Eternatus|perish3\n|-start|p1a: Kricketune|perish3\n|upkeep\n|turn|3\n|\n|t:|1697880086\n|move|p2a: Eternatus|Sludge Bomb|p1a: Kricketune\n|-damage|p1a: Kricketune|30\/100\n|move|p1a: Kricketune|Taunt|p2a: Eternatus\n|-start|p2a: Eternatus|move: Taunt\n|\n|-start|p2a: Eternatus|perish2\n|-start|p1a: Kricketune|perish2\n|upkeep\n|turn|4\n|\n|t:|1697880098\n|move|p2a: Eternatus|Sludge Bomb|p1a: Kricketune\n|-crit|p1a: Kricketune\n|-damage|p1a: Kricketune|0 fnt\n|faint|p1a: Kricketune\n|\n|-start|p2a: Eternatus|perish1\n|upkeep\n|inactive|tonyzs has 120 seconds left.\n|\n|t:|1697880126\n|switch|p1a: Kyogre|Kyogre, shiny|100\/100\n|-status|p1a: Kyogre|tox\n|-weather|RainDance|[from] ability: Drizzle|[of] p1a: Kyogre\n|turn|5\n|\n|t:|1697880140\n|move|p1a: Kyogre|Water Spout|p2a: Eternatus\n|-resisted|p2a: Eternatus\n|-damage|p2a: Eternatus|53\/100\n|move|p2a: Eternatus|Dynamax Cannon|p1a: Kyogre\n|-damage|p1a: Kyogre|56\/100 tox\n|\n|-weather|RainDance|[upkeep]\n|-heal|p2a: Eternatus|60\/100|[from] item: Leftovers\n|-damage|p1a: Kyogre|49\/100 tox|[from] psn\n|-start|p2a: Eternatus|perish0\n|upkeep\n|faint|p2a: Eternatus\n|inactive|Ezraqtt has 120 seconds left.\n|\n|t:|1697880165\n|switch|p2a: Calyrex|Calyrex-Ice|100\/100\n|-ability|p2a: Calyrex|As One\n|-ability|p2a: Calyrex|Unnerve\n|-activate|p2a: Calyrex|move: Sticky Web\n|-unboost|p2a: Calyrex|spe|1\n|turn|6\n|inactive|Ezraqtt has 120 seconds left.\n|\n|t:|1697880176\n|switch|p1a: Ogerpon|Ogerpon-Hearthflame, F|100\/100\n|-status|p1a: Ogerpon|tox\n|-ability|p1a: Ogerpon|Mold Breaker\n|move|p2a: Calyrex|High Horsepower|p1a: Ogerpon\n|-damage|p1a: Ogerpon|52\/100 tox\n|\n|-weather|RainDance|[upkeep]\n|-damage|p1a: Ogerpon|47\/100 tox|[from] psn\n|upkeep\n|turn|7\n|inactive|Ezraqtt has 120 seconds left.\n|\n|t:|1697880191\n|move|p1a: Ogerpon|Ivy Cudgel|p2a: Calyrex\n|-supereffective|p2a: Calyrex\n|-damage|p2a: Calyrex|59\/100\n|move|p2a: Calyrex|High Horsepower|p1a: Ogerpon\n|-damage|p1a: Ogerpon|0 fnt\n|faint|p1a: Ogerpon\n|-ability|p2a: Calyrex|Chilling Neigh|boost\n|-boost|p2a: Calyrex|atk|1\n|\n|-weather|RainDance|[upkeep]\n|upkeep\n|\n|t:|1697880205\n|switch|p1a: Rayquaza|Rayquaza, shiny|100\/100\n|-ability|p1a: Rayquaza|Air Lock\n|turn|8\n|\n|t:|1697880214\n|move|p1a: Rayquaza|Substitute|p1a: Rayquaza\n|-start|p1a: Rayquaza|Substitute\n|-damage|p1a: Rayquaza|75\/100\n|move|p2a: Calyrex|High Horsepower|p1a: Rayquaza\n|-immune|p1a: Rayquaza\n|\n|-weather|RainDance|[upkeep]\n|-heal|p1a: Rayquaza|82\/100|[from] item: Leftovers\n|upkeep\n|turn|9\n|\n|t:|1697880228\n|move|p1a: Rayquaza|Swords Dance|p1a: Rayquaza\n|-boost|p1a: Rayquaza|atk|2\n|move|p2a: Calyrex|High Horsepower|p1a: Rayquaza\n|-immune|p1a: Rayquaza\n|\n|-weather|none\n|-heal|p1a: Rayquaza|88\/100|[from] item: Leftovers\n|upkeep\n|turn|10\n|\n|t:|1697880245\n|move|p1a: Rayquaza|Swords Dance|p1a: Rayquaza\n|-boost|p1a: Rayquaza|atk|2\n|move|p2a: Calyrex|High Horsepower|p1a: Rayquaza\n|-immune|p1a: Rayquaza\n|\n|-heal|p1a: Rayquaza|94\/100|[from] item: Leftovers\n|upkeep\n|turn|11\n|\n|t:|1697880256\n|move|p1a: Rayquaza|Swords Dance|p1a: Rayquaza\n|-boost|p1a: Rayquaza|atk|2\n|move|p2a: Calyrex|Glacial Lance|p1a: Rayquaza\n|-supereffective|p1a: Rayquaza\n|-end|p1a: Rayquaza|Substitute\n|\n|-heal|p1a: Rayquaza|100\/100|[from] item: Leftovers\n|upkeep\n|turn|12\n|\n|t:|1697880269\n|-terastallize|p1a: Rayquaza|Normal\n|move|p1a: Rayquaza|Extreme Speed|p2a: Calyrex\n|-damage|p2a: Calyrex|0 fnt\n|faint|p2a: Calyrex\n|\n|upkeep\n|\n|t:|1697880279\n|switch|p2a: Flutter Mane|Flutter Mane|100\/100\n|-activate|p2a: Flutter Mane|move: Sticky Web\n|-unboost|p2a: Flutter Mane|spe|1\n|-enditem|p2a: Flutter Mane|Booster Energy\n|-activate|p2a: Flutter Mane|ability: Protosynthesis|[fromitem]\n|-start|p2a: Flutter Mane|protosynthesisspa\n|turn|13\n|\n|t:|1697880293\n|move|p1a: Rayquaza|Dragon Ascent|p2a: Flutter Mane\n|-damage|p2a: Flutter Mane|0 fnt\n|-unboost|p1a: Rayquaza|def|1\n|-unboost|p1a: Rayquaza|spd|1\n|faint|p2a: Flutter Mane\n|-end|p2a: Flutter Mane|Protosynthesis|[silent]\n|\n|upkeep\n|\n|t:|1697880300\n|switch|p2a: Zacian|Zacian-Crowned|100\/100\n|-activate|p2a: Zacian|move: Sticky Web\n|-unboost|p2a: Zacian|spe|1\n|-ability|p2a: Zacian|Intrepid Sword|boost\n|-boost|p2a: Zacian|atk|1\n|turn|14\n|\n|t:|1697880311\n|move|p1a: Rayquaza|Extreme Speed|p2a: Zacian\n|-resisted|p2a: Zacian\n|-damage|p2a: Zacian|31\/100\n|move|p2a: Zacian|Moonblast|p1a: Rayquaza\n|-damage|p1a: Rayquaza|59\/100\n|-unboost|p1a: Rayquaza|spa|1\n|\n|-heal|p1a: Rayquaza|66\/100|[from] item: Leftovers\n|upkeep\n|turn|15\n|\n|t:|1697880322\n|move|p1a: Rayquaza|Extreme Speed|p2a: Zacian\n|-resisted|p2a: Zacian\n|-damage|p2a: Zacian|0 fnt\n|faint|p2a: Zacian\n|\n|-heal|p1a: Rayquaza|72\/100|[from] item: Leftovers\n|upkeep\n|\n|t:|1697880331\n|switch|p2a: Great Tusk|Great Tusk|100\/100\n|-activate|p2a: Great Tusk|move: Sticky Web\n|-unboost|p2a: Great Tusk|spe|1\n|turn|16\n|\n|t:|1697880340\n|move|p1a: Rayquaza|Extreme Speed|p2a: Great Tusk\n|-damage|p2a: Great Tusk|0 fnt\n|faint|p2a: Great Tusk\n|-end|p2a: Great Tusk|Protosynthesis|[silent]\n|\n|-heal|p1a: Rayquaza|78\/100|[from] item: Leftovers\n|upkeep\n|\n|t:|1697880347\n|switch|p2a: Miraidon|Miraidon|100\/100\n|-activate|p2a: Miraidon|move: Sticky Web\n|-unboost|p2a: Miraidon|spe|1\n|-fieldstart|move: Electric Terrain|[from] ability: Hadron Engine|[of] p2a: Miraidon\n|turn|17\n|\n|t:|1697880371\n|-terastallize|p2a: Miraidon|Fairy\n|move|p1a: Rayquaza|Extreme Speed|p2a: Miraidon\n|-enditem|p2a: Miraidon|Focus Sash\n|-damage|p2a: Miraidon|1\/100\n|move|p2a: Miraidon|Electro Drift|p1a: Rayquaza\n|-damage|p1a: Rayquaza|0 fnt\n|faint|p1a: Rayquaza\n|\n|upkeep\n|\n|t:|1697880388\n|switch|p1a: Kyogre|Kyogre, shiny|49\/100 tox\n|-weather|RainDance|[from] ability: Drizzle|[of] p1a: Kyogre\n|turn|18\n|\n|t:|1697880398\n|move|p1a: Kyogre|Water Spout|p2a: Miraidon\n|-damage|p2a: Miraidon|0 fnt\n|faint|p2a: Miraidon\n|\n|win|tonyzs\n|raw|tonyzs's rating: 1093 &rarr; <strong>1116<\/strong><br \/>(+23 for winning)\n|raw|Ezraqtt's rating: 1048 &rarr; <strong>1033<\/strong><br \/>(-15 for losing)\n","uploadtime":1697880405,"views":17,"p1id":"tonyzs","p2id":"ezraqtt","formatid":"gen9ubers","rating":1033,"private":0,"password":""}