{"id":"gen9ubers-1993234318","p1":"Lillyrosethedemon","p2":"Judgie","format":"[Gen 9] Ubers","log":"|j|\u2606Lillyrosethedemon\n|j|\u2606Judgie\n|t:|1700281846\n|gametype|singles\n|player|p1|Lillyrosethedemon|1|\n|player|p2|Judgie|policeman-gen4|\n|teamsize|p1|6\n|teamsize|p2|6\n|gen|9\n|tier|[Gen 9] Ubers\n|rule|Sleep Clause Mod: Limit one foe put to sleep\n|rule|Species Clause: Limit one of each Pok\u00e9mon\n|rule|OHKO Clause: OHKO moves are banned\n|rule|Evasion Items Clause: Evasion items are banned\n|rule|Evasion Moves Clause: Evasion moves are banned\n|rule|Endless Battle Clause: Forcing endless battles is banned\n|rule|HP Percentage Mod: HP is shown in percentages\n|clearpoke\n|poke|p1|Mamoswine, M|\n|poke|p1|Volcarona, F|\n|poke|p1|Hatterene, F|\n|poke|p1|Tsareena, F|\n|poke|p1|Samurott-Hisui, M|\n|poke|p1|Iron Hands|\n|poke|p2|Roaring Moon|\n|poke|p2|Alomomola, F|\n|poke|p2|Chi-Yu|\n|poke|p2|Ribombee, F|\n|poke|p2|Ogerpon-Cornerstone, F|\n|poke|p2|Gliscor, F|\n|teampreview\n|j| Judgieiscool\n|l| Judgieiscool\n|j| Graviton Forfeit\n|j| ampharosaunt11\n|j| mklgd\n|\n|t:|1700281895\n|start\n|switch|p1a: Samurott|Samurott-Hisui, M|100\/100\n|switch|p2a: Raymundo|Roaring Moon|100\/100\n|-enditem|p2a: Raymundo|Booster Energy\n|-activate|p2a: Raymundo|ability: Protosynthesis|[fromitem]\n|-start|p2a: Raymundo|protosynthesisatk\n|turn|1\n|j| Kentucky Moonshine\n|\n|t:|1700281913\n|move|p1a: Samurott|Sacred Sword|p2a: Raymundo\n|-supereffective|p2a: Raymundo\n|-damage|p2a: Raymundo|0 fnt\n|faint|p2a: Raymundo\n|-end|p2a: Raymundo|Protosynthesis|[silent]\n|\n|upkeep\n|c|\u2606Judgie|oop\n|\n|t:|1700281922\n|switch|p2a: Roomba|Ribombee, F|100\/100\n|turn|2\n|\n|t:|1700281926\n|switch|p1a: Volcarona|Volcarona, F|100\/100\n|move|p2a: Roomba|Bug Buzz|p1a: Volcarona\n|-resisted|p1a: Volcarona\n|-damage|p1a: Volcarona|82\/100\n|\n|upkeep\n|turn|3\n|\n|t:|1700281935\n|move|p2a: Roomba|Stun Spore|p1a: Volcarona\n|-status|p1a: Volcarona|par\n|move|p1a: Volcarona|Quiver Dance|p1a: Volcarona\n|-boost|p1a: Volcarona|spa|1\n|-boost|p1a: Volcarona|spd|1\n|-boost|p1a: Volcarona|spe|1\n|\n|upkeep\n|turn|4\n|\n|t:|1700281945\n|move|p2a: Roomba|Sticky Web|p1a: Volcarona\n|-sidestart|p1: Lillyrosethedemon|move: Sticky Web\n|move|p1a: Volcarona|Fiery Dance|p2a: Roomba\n|-supereffective|p2a: Roomba\n|-enditem|p2a: Roomba|Focus Sash\n|-damage|p2a: Roomba|1\/100\n|-boost|p1a: Volcarona|spa|1\n|\n|upkeep\n|turn|5\n|\n|t:|1700281960\n|move|p2a: Roomba|Bug Buzz|p1a: Volcarona\n|-resisted|p1a: Volcarona\n|-damage|p1a: Volcarona|70\/100 par\n|cant|p1a: Volcarona|par\n|\n|upkeep\n|turn|6\n|\n|t:|1700281971\n|move|p2a: Roomba|Bug Buzz|p1a: Volcarona\n|-resisted|p1a: Volcarona\n|-damage|p1a: Volcarona|58\/100 par\n|cant|p1a: Volcarona|par\n|\n|upkeep\n|turn|7\n|\n|t:|1700281978\n|move|p2a: Roomba|Bug Buzz|p1a: Volcarona\n|-resisted|p1a: Volcarona\n|-damage|p1a: Volcarona|46\/100 par\n|move|p1a: Volcarona|Giga Drain|p2a: Roomba\n|-resisted|p2a: Roomba\n|-damage|p2a: Roomba|0 fnt\n|-heal|p1a: Volcarona|46\/100 par|[from] drain|[of] p2a: Roomba\n|faint|p2a: Roomba\n|\n|upkeep\n|j| Willish6634\n|\n|t:|1700281985\n|switch|p2a: Shrek Jr.|Ogerpon-Cornerstone, F|100\/100\n|turn|8\n|\n|t:|1700281990\n|-terastallize|p1a: Volcarona|Fairy\n|move|p2a: Shrek Jr.|Ivy Cudgel|p1a: Volcarona|[anim] Ivy Cudgel Rock\n|-damage|p1a: Volcarona|0 fnt\n|faint|p1a: Volcarona\n|\n|upkeep\n|c| Graviton Forfeit|bang !\n|c| ampharosaunt11|Ratman level tera\n|c| Graviton Forfeit|sgo judgie\n|\n|t:|1700282000\n|switch|p1a: Tsareena|Tsareena, F|100\/100\n|-activate|p1a: Tsareena|move: Sticky Web\n|-unboost|p1a: Tsareena|spe|1\n|turn|9\n|\n|t:|1700282008\n|switch|p2a: Vamp|Gliscor, F, shiny|100\/100\n|move|p1a: Tsareena|Rapid Spin|p2a: Vamp\n|-damage|p2a: Vamp|89\/100\n|-boost|p1a: Tsareena|spe|1\n|-sideend|p1: Lillyrosethedemon|Sticky Web|[from] move: Rapid Spin|[of] p1a: Tsareena\n|\n|-status|p2a: Vamp|tox|[from] item: Toxic Orb\n|upkeep\n|turn|10\n|\n|t:|1700282020\n|move|p2a: Vamp|Toxic|p1a: Tsareena\n|-status|p1a: Tsareena|tox\n|move|p1a: Tsareena|U-turn|p2a: Vamp\n|-resisted|p2a: Vamp\n|-damage|p2a: Vamp|80\/100 tox\n|j| MamaMackIsStacked\n|\n|t:|1700282030\n|switch|p1a: Samurott|Samurott-Hisui, M|100\/100|[from] U-turn\n|\n|-heal|p2a: Vamp|93\/100 tox|[from] ability: Poison Heal\n|upkeep\n|turn|11\n|c| Graviton Forfeit|got a tsareena sittin rite here for ya\n|\n|t:|1700282038\n|switch|p2a: Pizza|Alomomola, F|100\/100\n|move|p1a: Samurott|Ceaseless Edge|p2a: Pizza\n|-damage|p2a: Pizza|77\/100\n|-sidestart|p2: Judgie|Spikes\n|\n|-heal|p2a: Pizza|83\/100|[from] item: Leftovers\n|upkeep\n|turn|12\n|c| MamaMackIsStacked|Mack is dog shiiiit\n|\n|t:|1700282047\n|switch|p1a: Hatterene|Hatterene, F|100\/100\n|move|p2a: Pizza|Flip Turn|p1a: Hatterene\n|-damage|p1a: Hatterene|87\/100\n|\n|t:|1700282053\n|switch|p2a: Shrek Jr.|Ogerpon-Cornerstone, F|100\/100|[from] Flip Turn\n|-damage|p2a: Shrek Jr.|88\/100|[from] Spikes\n|\n|-heal|p1a: Hatterene|93\/100|[from] item: Leftovers\n|upkeep\n|turn|13\n|c| Graviton Forfeit|Yeah he sucks\n|c| Graviton Forfeit|Overrated user\n|\n|t:|1700282061\n|move|p2a: Shrek Jr.|Swords Dance|p2a: Shrek Jr.\n|-boost|p2a: Shrek Jr.|atk|2\n|move|p1a: Hatterene|Trick Room|p1a: Hatterene\n|-fieldstart|move: Trick Room|[of] p1a: Hatterene\n|\n|-heal|p1a: Hatterene|99\/100|[from] item: Leftovers\n|upkeep\n|turn|14\n|\n|t:|1700282071\n|move|p1a: Hatterene|Psychic|p2a: Shrek Jr.\n|-damage|p2a: Shrek Jr.|36\/100\n|move|p2a: Shrek Jr.|Horn Leech|p1a: Hatterene\n|-damage|p1a: Hatterene|13\/100\n|-heal|p2a: Shrek Jr.|81\/100|[from] drain|[of] p1a: Hatterene\n|\n|-heal|p1a: Hatterene|19\/100|[from] item: Leftovers\n|upkeep\n|turn|15\n|c| Graviton Forfeit|BANG !\n|c| Graviton Forfeit|sweet\n|c| Graviton Forfeit|chin\n|c| Graviton Forfeit|JUDGIE !\n|\n|t:|1700282081\n|move|p1a: Hatterene|Psychic|p2a: Shrek Jr.\n|-damage|p2a: Shrek Jr.|27\/100\n|move|p2a: Shrek Jr.|Horn Leech|p1a: Hatterene\n|-damage|p1a: Hatterene|0 fnt\n|-heal|p2a: Shrek Jr.|36\/100|[from] drain|[of] p1a: Hatterene\n|faint|p1a: Hatterene\n|\n|upkeep\n|c| Graviton Forfeit|#LeechThis\n|\n|t:|1700282090\n|switch|p1a: Iron Hands|Iron Hands|100\/100\n|turn|16\n|c| MamaMackIsStacked|Who is graviton\n|\n|t:|1700282149\n|switch|p2a: Vamp|Gliscor, F, shiny|93\/100 tox\n|move|p1a: Iron Hands|Substitute|p1a: Iron Hands\n|-start|p1a: Iron Hands|Substitute\n|-damage|p1a: Iron Hands|76\/100\n|\n|-heal|p1a: Iron Hands|82\/100|[from] item: Leftovers\n|-heal|p2a: Vamp|100\/100 tox|[from] ability: Poison Heal\n|upkeep\n|turn|17\n|c| MamaMackIsStacked|Yeah that\u2019s Mack\n|c| Graviton Forfeit|im new on the discord my names Kadster\n|\n|t:|1700282159\n|move|p1a: Iron Hands|Swords Dance|p1a: Iron Hands\n|-boost|p1a: Iron Hands|atk|2\n|move|p2a: Vamp|Earthquake|p1a: Iron Hands\n|-supereffective|p1a: Iron Hands\n|-end|p1a: Iron Hands|Substitute\n|\n|-heal|p1a: Iron Hands|88\/100|[from] item: Leftovers\n|-fieldend|move: Trick Room\n|upkeep\n|turn|18\n|c| Graviton Forfeit|I am head of security\n|\n|t:|1700282169\n|-terastallize|p2a: Vamp|Water\n|move|p2a: Vamp|Earthquake|p1a: Iron Hands\n|-supereffective|p1a: Iron Hands\n|-damage|p1a: Iron Hands|46\/100\n|move|p1a: Iron Hands|Ice Punch|p2a: Vamp\n|-resisted|p2a: Vamp\n|-damage|p2a: Vamp|83\/100 tox\n|\n|-heal|p1a: Iron Hands|52\/100|[from] item: Leftovers\n|-heal|p2a: Vamp|95\/100 tox|[from] ability: Poison Heal\n|upkeep\n|turn|19\n|\n|t:|1700282187\n|-end|p1a: Iron Hands|Quark Drive|[silent]\n|switch|p1a: Tsareena|Tsareena, F|100\/100 tox\n|move|p2a: Vamp|Earthquake|p1a: Tsareena\n|-resisted|p1a: Tsareena\n|-damage|p1a: Tsareena|85\/100 tox\n|\n|-heal|p1a: Tsareena|91\/100 tox|[from] item: Leftovers\n|-heal|p2a: Vamp|100\/100 tox|[from] ability: Poison Heal\n|-damage|p1a: Tsareena|85\/100 tox|[from] psn\n|upkeep\n|turn|20\n|\n|t:|1700282200\n|move|p2a: Vamp|Protect|p2a: Vamp\n|-singleturn|p2a: Vamp|Protect\n|move|p1a: Tsareena|Rapid Spin|p2a: Vamp\n|-activate|p2a: Vamp|move: Protect\n|\n|-heal|p1a: Tsareena|91\/100 tox|[from] item: Leftovers\n|-damage|p1a: Tsareena|79\/100 tox|[from] psn\n|upkeep\n|turn|21\n|c| MamaMackIsStacked|Ain\u2019t fooling me pal\n|c| MamaMackIsStacked|thats certified Mack talk\n|\n|t:|1700282232\n|move|p2a: Vamp|U-turn|p1a: Tsareena\n|-supereffective|p1a: Tsareena\n|-damage|p1a: Tsareena|46\/100 tox\n|\n|t:|1700282237\n|switch|p2a: Shrek Jr.|Ogerpon-Cornerstone, F|36\/100|[from] U-turn\n|-damage|p2a: Shrek Jr.|24\/100|[from] Spikes\n|move|p1a: Tsareena|High Jump Kick|p2a: Shrek Jr.\n|-supereffective|p2a: Shrek Jr.\n|-damage|p2a: Shrek Jr.|0 fnt\n|faint|p2a: Shrek Jr.\n|\n|-heal|p1a: Tsareena|52\/100 tox|[from] item: Leftovers\n|-damage|p1a: Tsareena|34\/100 tox|[from] psn\n|upkeep\n|c| Graviton Forfeit|Mack this Tutu\n|\n|t:|1700282247\n|switch|p2a: Vamp|Gliscor, F, shiny, tera:Water|100\/100 tox\n|-damage|p2a: Vamp|88\/100 tox|[from] Spikes\n|turn|22\n|c| MamaMackIsStacked|Yeahp that\u2019s him\n|\n|t:|1700282256\n|switch|p1a: Samurott|Samurott-Hisui, M|100\/100\n|move|p2a: Vamp|Protect||[still]\n|-fail|p2a: Vamp\n|\n|-heal|p2a: Vamp|100\/100 tox|[from] ability: Poison Heal\n|upkeep\n|turn|23\n|\n|t:|1700282266\n|move|p1a: Samurott|Sacred Sword|p2a: Vamp\n|-damage|p2a: Vamp|75\/100 tox\n|move|p2a: Vamp|Toxic|p1a: Samurott|[miss]\n|-miss|p2a: Vamp|p1a: Samurott\n|\n|-heal|p2a: Vamp|87\/100 tox|[from] ability: Poison Heal\n|upkeep\n|turn|24\n|c|\u2606Judgie|bruh\n|\n|t:|1700282278\n|switch|p1a: Tsareena|Tsareena, F|34\/100 tox\n|move|p2a: Vamp|Toxic|p1a: Tsareena\n|-fail|p1a: Tsareena|tox\n|\n|-heal|p1a: Tsareena|40\/100 tox|[from] item: Leftovers\n|-heal|p2a: Vamp|99\/100 tox|[from] ability: Poison Heal\n|-damage|p1a: Tsareena|34\/100 tox|[from] psn\n|upkeep\n|turn|25\n|c| Graviton Forfeit|u got this jdugie\n|\n|t:|1700282290\n|move|p2a: Vamp|U-turn|p1a: Tsareena\n|-supereffective|p1a: Tsareena\n|-damage|p1a: Tsareena|4\/100 tox\n|\n|t:|1700282293\n|switch|p2a: Pizza|Alomomola, F|100\/100|[from] U-turn\n|-damage|p2a: Pizza|88\/100|[from] Spikes\n|move|p1a: Tsareena|Seed Bomb|p2a: Pizza\n|-supereffective|p2a: Pizza\n|-damage|p2a: Pizza|41\/100\n|\n|-heal|p1a: Tsareena|10\/100 tox|[from] item: Leftovers\n|-heal|p2a: Pizza|47\/100|[from] item: Leftovers\n|-damage|p1a: Tsareena|0 fnt|[from] psn\n|faint|p1a: Tsareena\n|upkeep\n|\n|t:|1700282308\n|switch|p1a: Iron Hands|Iron Hands|52\/100\n|turn|26\n|\n|t:|1700282319\n|move|p2a: Pizza|Scald|p1a: Iron Hands\n|-damage|p1a: Iron Hands|41\/100\n|move|p1a: Iron Hands|Drain Punch|p2a: Pizza\n|-damage|p2a: Pizza|24\/100\n|-heal|p1a: Iron Hands|54\/100|[from] drain|[of] p2a: Pizza\n|\n|-heal|p2a: Pizza|30\/100|[from] item: Leftovers\n|-heal|p1a: Iron Hands|60\/100|[from] item: Leftovers\n|upkeep\n|turn|27\n|\n|t:|1700282334\n|move|p2a: Pizza|Scald|p1a: Iron Hands\n|-damage|p1a: Iron Hands|50\/100\n|move|p1a: Iron Hands|Substitute|p1a: Iron Hands\n|-start|p1a: Iron Hands|Substitute\n|-damage|p1a: Iron Hands|25\/100\n|\n|-heal|p2a: Pizza|36\/100|[from] item: Leftovers\n|-heal|p1a: Iron Hands|31\/100|[from] item: Leftovers\n|upkeep\n|turn|28\n|\n|t:|1700282345\n|move|p2a: Pizza|Wish|p2a: Pizza\n|move|p1a: Iron Hands|Swords Dance|p1a: Iron Hands\n|-boost|p1a: Iron Hands|atk|2\n|\n|-heal|p2a: Pizza|42\/100|[from] item: Leftovers\n|-heal|p1a: Iron Hands|37\/100|[from] item: Leftovers\n|upkeep\n|turn|29\n|\n|t:|1700282353\n|move|p2a: Pizza|Flip Turn|p1a: Iron Hands\n|-activate|p1a: Iron Hands|move: Substitute|[damage]\n|\n|t:|1700282357\n|switch|p2a: Vamp|Gliscor, F, shiny, tera:Water|99\/100 tox|[from] Flip Turn\n|-damage|p2a: Vamp|87\/100 tox|[from] Spikes\n|move|p1a: Iron Hands|Swords Dance|p1a: Iron Hands\n|-boost|p1a: Iron Hands|atk|2\n|\n|-heal|p2a: Vamp|100\/100 tox|[from] move: Wish|[wisher] Pizza\n|-heal|p1a: Iron Hands|43\/100|[from] item: Leftovers\n|upkeep\n|turn|30\n|\n|t:|1700282368\n|move|p2a: Vamp|Earthquake|p1a: Iron Hands\n|-supereffective|p1a: Iron Hands\n|-end|p1a: Iron Hands|Substitute\n|move|p1a: Iron Hands|Drain Punch|p2a: Vamp\n|-damage|p2a: Vamp|24\/100 tox\n|-heal|p1a: Iron Hands|70\/100|[from] drain|[of] p2a: Vamp\n|\n|-heal|p1a: Iron Hands|76\/100|[from] item: Leftovers\n|-heal|p2a: Vamp|37\/100 tox|[from] ability: Poison Heal\n|upkeep\n|turn|31\n|c| MamaMackIsStacked|Gg\n|l| MamaMackIsStacked\n|\n|t:|1700282380\n|move|p2a: Vamp|Toxic|p1a: Iron Hands\n|-status|p1a: Iron Hands|tox\n|move|p1a: Iron Hands|Drain Punch|p2a: Vamp\n|-damage|p2a: Vamp|0 fnt\n|-heal|p1a: Iron Hands|88\/100 tox|[from] drain|[of] p2a: Vamp\n|faint|p2a: Vamp\n|\n|-heal|p1a: Iron Hands|94\/100 tox|[from] item: Leftovers\n|-damage|p1a: Iron Hands|88\/100 tox|[from] psn\n|upkeep\n|j| MamaMackIsStacked\n|\n|t:|1700282390\n|switch|p2a: Pizza|Alomomola, F|75\/100\n|-damage|p2a: Pizza|63\/100|[from] Spikes\n|turn|32\n|\n|t:|1700282396\n|move|p2a: Pizza|Wish|p2a: Pizza\n|move|p1a: Iron Hands|Drain Punch|p2a: Pizza\n|-damage|p2a: Pizza|0 fnt\n|-heal|p1a: Iron Hands|100\/100 tox|[from] drain|[of] p2a: Pizza\n|faint|p2a: Pizza\n|\n|-damage|p1a: Iron Hands|88\/100 tox|[from] psn\n|upkeep\n|c|\u2606Judgie|if i got a burn bruh\n|\n|t:|1700282408\n|switch|p2a: Judgie Bomb|Chi-Yu|100\/100\n|-damage|p2a: Judgie Bomb|88\/100|[from] Spikes\n|-ability|p2a: Judgie Bomb|Beads of Ruin\n|turn|33\n|c| Graviton Forfeit|i woulda eq'd i think\n|\n|t:|1700282415\n|move|p2a: Judgie Bomb|Psychic|p1a: Iron Hands\n|-supereffective|p1a: Iron Hands\n|-damage|p1a: Iron Hands|4\/100 tox\n|-damage|p2a: Judgie Bomb|78\/100|[from] item: Life Orb\n|move|p1a: Iron Hands|Drain Punch|p2a: Judgie Bomb\n|-supereffective|p2a: Judgie Bomb\n|-damage|p2a: Judgie Bomb|0 fnt\n|-heal|p1a: Iron Hands|24\/100 tox|[from] drain|[of] p2a: Judgie Bomb\n|faint|p2a: Judgie Bomb\n|\n|win|Lillyrosethedemon\n|l|\u2606Judgie\n|l| Graviton Forfeit\n","uploadtime":1700282427,"views":15,"p1id":"lillyrosethedemon","p2id":"judgie","formatid":"gen9ubers","rating":0,"private":0,"password":""}