{"id":"gen9ubers-1993482436","p1":"Sycraft 2532 xyz","p2":"Kuzwa","format":"[Gen 9] Ubers","log":"|j|\u2606Sycraft 2532 xyz\n|j|\u2606Kuzwa\n|t:|1700323231\n|gametype|singles\n|player|p1|Sycraft 2532 xyz|hilbert-wonderlauncher|1016\n|player|p2|Kuzwa|pokemonbreeder-gen4|1083\n|teamsize|p1|6\n|teamsize|p2|6\n|gen|9\n|tier|[Gen 9] Ubers\n|rated|\n|rule|Sleep Clause Mod: Limit one foe put to sleep\n|rule|Species Clause: Limit one of each Pok\u00e9mon\n|rule|OHKO Clause: OHKO moves are banned\n|rule|Evasion Items Clause: Evasion items are banned\n|rule|Evasion Moves Clause: Evasion moves are banned\n|rule|Endless Battle Clause: Forcing endless battles is banned\n|rule|HP Percentage Mod: HP is shown in percentages\n|clearpoke\n|poke|p1|Ceruledge, F|\n|poke|p1|Armarouge, F|\n|poke|p1|Garganacl, M|\n|poke|p1|Falinks|\n|poke|p1|Cinderace, M|\n|poke|p1|Sandy Shocks|\n|poke|p2|Gallade, M|\n|poke|p2|Chien-Pao|\n|poke|p2|Rayquaza|\n|poke|p2|Glimmora, M|\n|poke|p2|Espeon, M|\n|poke|p2|Sinistcha-Masterpiece|\n|teampreview\n|\n|t:|1700323246\n|start\n|switch|p1a: Armarouge|Armarouge, F|100\/100\n|switch|p2a: Thinger|Glimmora, M|100\/100\n|-item|p2a: Thinger|Air Balloon\n|turn|1\n|\n|t:|1700323262\n|switch|p1a: Falinks|Falinks|100\/100\n|move|p2a: Thinger|Power Gem|p1a: Falinks\n|-resisted|p1a: Falinks\n|-damage|p1a: Falinks|65\/100\n|\n|upkeep\n|turn|2\n|\n|t:|1700323270\n|move|p2a: Thinger|Sludge Wave|p1a: Falinks\n|-damage|p1a: Falinks|0 fnt\n|faint|p1a: Falinks\n|\n|upkeep\n|\n|t:|1700323278\n|switch|p1a: Cinderace|Cinderace, M|100\/100\n|turn|3\n|\n|t:|1700323283\n|move|p2a: Thinger|Power Gem|p1a: Cinderace\n|-supereffective|p1a: Cinderace\n|-enditem|p1a: Cinderace|Focus Sash\n|-damage|p1a: Cinderace|1\/100\n|move|p1a: Cinderace|Fire Blast|p2a: Thinger\n|-resisted|p2a: Thinger\n|-damage|p2a: Thinger|74\/100\n|-enditem|p2a: Thinger|Air Balloon\n|\n|upkeep\n|turn|4\n|\n|t:|1700323297\n|switch|p1a: Ceruledge|Ceruledge, F|100\/100\n|move|p2a: Thinger|Earth Power|p1a: Ceruledge\n|-supereffective|p1a: Ceruledge\n|-damage|p1a: Ceruledge|36\/100\n|\n|upkeep\n|turn|5\n|\n|t:|1700323305\n|move|p2a: Thinger|Power Gem|p1a: Ceruledge\n|-supereffective|p1a: Ceruledge\n|-damage|p1a: Ceruledge|0 fnt\n|faint|p1a: Ceruledge\n|\n|upkeep\n|\n|t:|1700323316\n|switch|p1a: Garganacl|Garganacl, M|100\/100\n|turn|6\n|\n|t:|1700323320\n|move|p2a: Thinger|Earth Power|p1a: Garganacl\n|-supereffective|p1a: Garganacl\n|-damage|p1a: Garganacl|39\/100\n|move|p1a: Garganacl|Earth Power|p2a: Thinger\n|-supereffective|p2a: Thinger\n|-damage|p2a: Thinger|18\/100\n|\n|upkeep\n|turn|7\n|\n|t:|1700323327\n|move|p2a: Thinger|Earth Power|p1a: Garganacl\n|-supereffective|p1a: Garganacl\n|-crit|p1a: Garganacl\n|-damage|p1a: Garganacl|0 fnt\n|faint|p1a: Garganacl\n|\n|upkeep\n|\n|t:|1700323333\n|switch|p1a: Armarouge|Armarouge, F|100\/100\n|turn|8\n|\n|t:|1700323342\n|move|p2a: Thinger|Power Gem|p1a: Armarouge\n|-supereffective|p1a: Armarouge\n|-damage|p1a: Armarouge|10\/100\n|move|p1a: Armarouge|Calm Mind|p1a: Armarouge\n|-boost|p1a: Armarouge|spa|1\n|-boost|p1a: Armarouge|spd|1\n|\n|upkeep\n|turn|9\n|\n|t:|1700323349\n|move|p2a: Thinger|Power Gem|p1a: Armarouge\n|-supereffective|p1a: Armarouge\n|-damage|p1a: Armarouge|0 fnt\n|faint|p1a: Armarouge\n|\n|upkeep\n|\n|t:|1700323354\n|switch|p1a: Sandy Shocks|Sandy Shocks|100\/100\n|turn|10\n|\n|t:|1700323358\n|move|p2a: Thinger|Earth Power|p1a: Sandy Shocks\n|-supereffective|p1a: Sandy Shocks\n|-damage|p1a: Sandy Shocks|38\/100\n|move|p1a: Sandy Shocks|Earthquake|p2a: Thinger\n|-supereffective|p2a: Thinger\n|-damage|p2a: Thinger|0 fnt\n|-activate|p2a: Thinger|ability: Toxic Debris\n|-sidestart|p1: Sycraft 2532 xyz|move: Toxic Spikes\n|faint|p2a: Thinger\n|\n|upkeep\n|\n|t:|1700323364\n|switch|p2a: Ryoji Mochizuki|Gallade, M, shiny|100\/100\n|turn|11\n|\n|t:|1700323377\n|move|p2a: Ryoji Mochizuki|Swords Dance|p2a: Ryoji Mochizuki\n|-boost|p2a: Ryoji Mochizuki|atk|2\n|move|p1a: Sandy Shocks|Iron Defense|p1a: Sandy Shocks\n|-boost|p1a: Sandy Shocks|def|2\n|\n|upkeep\n|turn|12\n|\n|t:|1700323384\n|move|p2a: Ryoji Mochizuki|Sacred Sword|p1a: Sandy Shocks\n|-damage|p1a: Sandy Shocks|0 fnt\n|faint|p1a: Sandy Shocks\n|-end|p1a: Sandy Shocks|Protosynthesis|[silent]\n|\n|upkeep\n|\n|t:|1700323388\n|switch|p1a: Cinderace|Cinderace, M|1\/100\n|-status|p1a: Cinderace|psn\n|turn|13\n|\n|t:|1700323394\n|move|p2a: Ryoji Mochizuki|Shadow Sneak|p1a: Cinderace\n|-damage|p1a: Cinderace|0 fnt\n|faint|p1a: Cinderace\n|\n|win|Kuzwa\n|raw|Sycraft 2532 xyz's rating: 1016 &rarr; <strong>1006<\/strong><br \/>(-10 for losing)\n|raw|Kuzwa's rating: 1083 &rarr; <strong>1105<\/strong><br \/>(+22 for winning)\n","uploadtime":1700323398,"views":13,"p1id":"sycraft2532xyz","p2id":"kuzwa","formatid":"gen9ubers","rating":1006,"private":0,"password":""}