{"id":"gen9ubers-1990256655","p1":"1P1o1s1h1e1","p2":"Nitro524","format":"[Gen 9] Ubers","log":"|j|\u26061P1o1s1h1e1\n|j|\u2606Nitro524\n|t:|1699945761\n|gametype|singles\n|player|p1|1P1o1s1h1e1|170|\n|player|p2|Nitro524|hilbert|\n|teamsize|p1|6\n|teamsize|p2|6\n|gen|9\n|tier|[Gen 9] Ubers\n|rule|Sleep Clause Mod: Limit one foe put to sleep\n|rule|Species Clause: Limit one of each Pok\u00e9mon\n|rule|OHKO Clause: OHKO moves are banned\n|rule|Evasion Items Clause: Evasion items are banned\n|rule|Evasion Moves Clause: Evasion moves are banned\n|rule|Endless Battle Clause: Forcing endless battles is banned\n|rule|HP Percentage Mod: HP is shown in percentages\n|clearpoke\n|poke|p1|Slowking-Galar, M|\n|poke|p1|Blissey, F|\n|poke|p1|Cyclizar, M|\n|poke|p1|Quagsire, F|\n|poke|p1|Gholdengo|\n|poke|p1|Tyranitar, F|\n|poke|p2|Torkoal, M|\n|poke|p2|Chi-Yu|\n|poke|p2|Lilligant-Hisui, F|\n|poke|p2|Arceus-Fire|\n|poke|p2|Roaring Moon|\n|poke|p2|Walking Wake|\n|teampreview\n|inactive|Battle timer is ON: inactive players will automatically lose when time's up. (requested by Nitro524)\n|\n|t:|1699945779\n|start\n|switch|p1a: Slowking|Slowking-Galar, M|100\/100\n|switch|p2a: Did Not Smile Back|Chi-Yu|100\/100\n|-ability|p2a: Did Not Smile Back|Beads of Ruin\n|turn|1\n|\n|t:|1699945791\n|switch|p1a: Tyranitar|Tyranitar, F|100\/100\n|-weather|Sandstorm|[from] ability: Sand Stream|[of] p1a: Tyranitar\n|move|p2a: Did Not Smile Back|Dark Pulse|p1a: Tyranitar\n|-resisted|p1a: Tyranitar\n|-damage|p1a: Tyranitar|88\/100\n|\n|-weather|Sandstorm|[upkeep]\n|-damage|p2a: Did Not Smile Back|95\/100|[from] Sandstorm\n|-heal|p1a: Tyranitar|94\/100|[from] item: Leftovers\n|upkeep\n|turn|2\n|j| Incredibleking\n|\n|t:|1699945799\n|switch|p2a: Bring The Sun|Torkoal, M|100\/100\n|-weather|SunnyDay|[from] ability: Drought|[of] p2a: Bring The Sun\n|move|p1a: Tyranitar|Stone Edge|p2a: Bring The Sun\n|-supereffective|p2a: Bring The Sun\n|-damage|p2a: Bring The Sun|46\/100\n|\n|-weather|SunnyDay|[upkeep]\n|-heal|p1a: Tyranitar|99\/100|[from] item: Leftovers\n|upkeep\n|turn|3\n|l| Incredibleking\n|j| VloneVictini\n|j| Incredibleking\n|\n|t:|1699945827\n|switch|p2a: Lilligant|Lilligant-Hisui, F|100\/100\n|move|p1a: Tyranitar|Stealth Rock|p2a: Lilligant\n|-sidestart|p2: Nitro524|move: Stealth Rock\n|\n|-weather|SunnyDay|[upkeep]\n|-heal|p1a: Tyranitar|100\/100|[from] item: Leftovers\n|upkeep\n|turn|4\n|\n|t:|1699945836\n|switch|p1a: Slowking|Slowking-Galar, M|100\/100\n|move|p2a: Lilligant|Victory Dance|p2a: Lilligant\n|-boost|p2a: Lilligant|atk|1\n|-boost|p2a: Lilligant|def|1\n|-boost|p2a: Lilligant|spe|1\n|\n|-weather|SunnyDay|[upkeep]\n|upkeep\n|turn|5\n|\n|t:|1699945845\n|move|p2a: Lilligant|Solar Blade||[still]\n|-prepare|p2a: Lilligant|Solar Blade\n|-anim|p2a: Lilligant|Solar Blade|p1a: Slowking\n|-resisted|p1a: Slowking\n|-damage|p1a: Slowking|68\/100\n|-damage|p2a: Lilligant|84\/100|[from] item: Rocky Helmet|[of] p1a: Slowking\n|move|p1a: Slowking|Sludge Bomb|p2a: Lilligant\n|-supereffective|p2a: Lilligant\n|-damage|p2a: Lilligant|0 fnt\n|faint|p2a: Lilligant\n|\n|-weather|SunnyDay|[upkeep]\n|upkeep\n|l| Incredibleking\n|\n|t:|1699945852\n|switch|p2a: Did Not Smile Back|Chi-Yu|95\/100\n|-damage|p2a: Did Not Smile Back|70\/100|[from] Stealth Rock\n|-ability|p2a: Did Not Smile Back|Beads of Ruin\n|turn|6\n|\n|t:|1699945859\n|switch|p1a: Tyranitar|Tyranitar, F|100\/100\n|-weather|Sandstorm|[from] ability: Sand Stream|[of] p1a: Tyranitar\n|move|p2a: Did Not Smile Back|Overheat|p1a: Tyranitar\n|-resisted|p1a: Tyranitar\n|-crit|p1a: Tyranitar\n|-damage|p1a: Tyranitar|68\/100\n|-unboost|p2a: Did Not Smile Back|spa|2\n|\n|-weather|Sandstorm|[upkeep]\n|-damage|p2a: Did Not Smile Back|64\/100|[from] Sandstorm\n|-heal|p1a: Tyranitar|74\/100|[from] item: Leftovers\n|upkeep\n|turn|7\n|\n|t:|1699945871\n|switch|p2a: Arceus|Arceus-Fire|100\/100\n|-damage|p2a: Arceus|76\/100|[from] Stealth Rock\n|switch|p1a: Cyclizar|Cyclizar, M|100\/100\n|\n|-weather|Sandstorm|[upkeep]\n|-damage|p1a: Cyclizar|94\/100|[from] Sandstorm\n|-damage|p2a: Arceus|70\/100|[from] Sandstorm\n|upkeep\n|turn|8\n|\n|t:|1699945879\n|move|p1a: Cyclizar|Shed Tail|p1a: Cyclizar\n|-start|p1a: Cyclizar|Substitute|[from] move: Shed Tail\n|-damage|p1a: Cyclizar|44\/100\n|\n|t:|1699945882\n|switch|p1a: Quagsire|Quagsire, F|100\/100|[from] Shed Tail\n|move|p2a: Arceus|Dragon Dance|p2a: Arceus\n|-boost|p2a: Arceus|atk|1\n|-boost|p2a: Arceus|spe|1\n|\n|-weather|Sandstorm|[upkeep]\n|-damage|p2a: Arceus|64\/100|[from] Sandstorm\n|upkeep\n|turn|9\n|\n|t:|1699945894\n|move|p2a: Arceus|Earthquake|p1a: Quagsire\n|-end|p1a: Quagsire|Substitute\n|move|p1a: Quagsire|Toxic|p2a: Arceus\n|-status|p2a: Arceus|tox\n|\n|-weather|Sandstorm|[upkeep]\n|-damage|p2a: Arceus|57\/100 tox|[from] Sandstorm\n|-damage|p2a: Arceus|51\/100 tox|[from] psn\n|upkeep\n|turn|10\n|\n|t:|1699945903\n|move|p2a: Arceus|Recover|p2a: Arceus\n|-heal|p2a: Arceus|100\/100 tox\n|move|p1a: Quagsire|Spikes|p2a: Arceus\n|-sidestart|p2: Nitro524|Spikes\n|\n|-weather|none\n|-damage|p2a: Arceus|88\/100 tox|[from] psn\n|upkeep\n|turn|11\n|\n|t:|1699945910\n|move|p2a: Arceus|Earthquake|p1a: Quagsire\n|-damage|p1a: Quagsire|76\/100\n|move|p1a: Quagsire|Spikes|p2a: Arceus\n|-sidestart|p2: Nitro524|Spikes\n|\n|-damage|p2a: Arceus|70\/100 tox|[from] psn\n|upkeep\n|turn|12\n|\n|t:|1699945917\n|move|p2a: Arceus|Earthquake|p1a: Quagsire\n|-damage|p1a: Quagsire|53\/100\n|move|p1a: Quagsire|Spikes|p2a: Arceus\n|-sidestart|p2: Nitro524|Spikes\n|\n|-damage|p2a: Arceus|46\/100 tox|[from] psn\n|upkeep\n|turn|13\n|\n|t:|1699945929\n|switch|p2a: Sitting Sleep|Walking Wake|100\/100\n|-damage|p2a: Sitting Sleep|88\/100|[from] Stealth Rock\n|-damage|p2a: Sitting Sleep|63\/100|[from] Spikes\n|move|p1a: Quagsire|Recover|p1a: Quagsire\n|-heal|p1a: Quagsire|100\/100\n|\n|upkeep\n|turn|14\n|\n|t:|1699945940\n|switch|p1a: Blissey|Blissey, F|100\/100\n|move|p2a: Sitting Sleep|Draco Meteor|p1a: Blissey\n|-damage|p1a: Blissey|66\/100\n|-unboost|p2a: Sitting Sleep|spa|2\n|\n|upkeep\n|turn|15\n|\n|t:|1699945968\n|-end|p2a: Sitting Sleep|Protosynthesis|[silent]\n|switch|p2a: Arceus|Arceus-Fire|46\/100 tox\n|-damage|p2a: Arceus|21\/100 tox|[from] Stealth Rock\n|-damage|p2a: Arceus|0 fnt|[from] Spikes\n|faint|p2a: Arceus\n|move|p1a: Blissey|Seismic Toss|p2: Arceus|[notarget]\n|-fail|p1a: Blissey\n|\n|upkeep\n|\n|t:|1699945975\n|switch|p2a: Hector Salamanca|Roaring Moon|100\/100\n|-damage|p2a: Hector Salamanca|88\/100|[from] Stealth Rock\n|-damage|p2a: Hector Salamanca|63\/100|[from] Spikes\n|-enditem|p2a: Hector Salamanca|Booster Energy\n|-activate|p2a: Hector Salamanca|ability: Protosynthesis|[fromitem]\n|-start|p2a: Hector Salamanca|protosynthesisspe\n|turn|16\n|\n|t:|1699945987\n|switch|p1a: Quagsire|Quagsire, F|100\/100\n|move|p2a: Hector Salamanca|Knock Off|p1a: Quagsire\n|-damage|p1a: Quagsire|66\/100\n|-enditem|p1a: Quagsire|Heavy-Duty Boots|[from] move: Knock Off|[of] p2a: Hector Salamanca\n|\n|upkeep\n|turn|17\n|\n|t:|1699945995\n|move|p2a: Hector Salamanca|Earthquake|p1a: Quagsire\n|-damage|p1a: Quagsire|43\/100\n|move|p1a: Quagsire|Earthquake|p2a: Hector Salamanca\n|-damage|p2a: Hector Salamanca|27\/100\n|\n|upkeep\n|turn|18\n|\n|t:|1699946016\n|switch|p1a: Tyranitar|Tyranitar, F|74\/100\n|-weather|Sandstorm|[from] ability: Sand Stream|[of] p1a: Tyranitar\n|move|p2a: Hector Salamanca|Earthquake|p1a: Tyranitar\n|-supereffective|p1a: Tyranitar\n|-damage|p1a: Tyranitar|18\/100\n|\n|-weather|Sandstorm|[upkeep]\n|-damage|p2a: Hector Salamanca|21\/100|[from] Sandstorm\n|-heal|p1a: Tyranitar|25\/100|[from] item: Leftovers\n|upkeep\n|turn|19\n|inactive|1P1o1s1h1e1 has 270 seconds left.\n|\n|t:|1699946036\n|switch|p1a: Quagsire|Quagsire, F|43\/100\n|move|p2a: Hector Salamanca|Knock Off|p1a: Quagsire\n|-damage|p1a: Quagsire|20\/100\n|\n|-weather|Sandstorm|[upkeep]\n|-damage|p2a: Hector Salamanca|15\/100|[from] Sandstorm\n|upkeep\n|turn|20\n|inactive|1P1o1s1h1e1 has 270 seconds left.\n|\n|t:|1699946051\n|move|p2a: Hector Salamanca|Earthquake|p1a: Quagsire\n|-damage|p1a: Quagsire|0 fnt\n|faint|p1a: Quagsire\n|\n|-weather|Sandstorm|[upkeep]\n|-damage|p2a: Hector Salamanca|9\/100|[from] Sandstorm\n|upkeep\n|\n|t:|1699946055\n|switch|p1a: Slowking|Slowking-Galar, M|100\/100\n|turn|21\n|j| the tr4sh man\n|\n|t:|1699946064\n|-terastallize|p1a: Slowking|Water\n|move|p2a: Hector Salamanca|Knock Off|p1a: Slowking\n|-damage|p1a: Slowking|62\/100\n|-damage|p2a: Hector Salamanca|0 fnt|[from] item: Rocky Helmet|[of] p1a: Slowking\n|faint|p2a: Hector Salamanca\n|-end|p2a: Hector Salamanca|Protosynthesis|[silent]\n|move|p1a: Slowking|Sludge Bomb|p2: Hector Salamanca|[notarget]\n|-fail|p1a: Slowking\n|\n|-weather|Sandstorm|[upkeep]\n|-damage|p1a: Slowking|56\/100|[from] Sandstorm\n|upkeep\n|c| the tr4sh man|last chance to talk to me hector\n|c|\u2606Nitro524|DING DING DING DING\n|\n|t:|1699946081\n|switch|p2a: Did Not Smile Back|Chi-Yu|64\/100\n|-damage|p2a: Did Not Smile Back|39\/100|[from] Stealth Rock\n|-damage|p2a: Did Not Smile Back|14\/100|[from] Spikes\n|-ability|p2a: Did Not Smile Back|Beads of Ruin\n|turn|22\n|\n|t:|1699946104\n|switch|p1a: Tyranitar|Tyranitar, F|25\/100\n|move|p2a: Did Not Smile Back|Dark Pulse|p1a: Tyranitar\n|-resisted|p1a: Tyranitar\n|-damage|p1a: Tyranitar|11\/100\n|\n|-weather|none\n|-heal|p1a: Tyranitar|17\/100|[from] item: Leftovers\n|upkeep\n|turn|23\n|\n|t:|1699946112\n|switch|p1a: Blissey|Blissey, F|66\/100\n|move|p2a: Did Not Smile Back|Dark Pulse|p1a: Blissey\n|-damage|p1a: Blissey|45\/100\n|\n|upkeep\n|turn|24\n|\n|t:|1699946118\n|switch|p2a: Sitting Sleep|Walking Wake|63\/100\n|-damage|p2a: Sitting Sleep|51\/100|[from] Stealth Rock\n|-damage|p2a: Sitting Sleep|26\/100|[from] Spikes\n|move|p1a: Blissey|Soft-Boiled|p1a: Blissey\n|-heal|p1a: Blissey|95\/100\n|\n|upkeep\n|turn|25\n|\n|t:|1699946130\n|move|p2a: Sitting Sleep|Hydro Steam|p1a: Blissey\n|-damage|p1a: Blissey|76\/100\n|move|p1a: Blissey|Seismic Toss|p2a: Sitting Sleep\n|-damage|p2a: Sitting Sleep|0 fnt\n|faint|p2a: Sitting Sleep\n|-end|p2a: Sitting Sleep|Protosynthesis|[silent]\n|\n|upkeep\n|\n|t:|1699946133\n|switch|p2a: Bring The Sun|Torkoal, M|46\/100\n|-damage|p2a: Bring The Sun|21\/100|[from] Stealth Rock\n|-damage|p2a: Bring The Sun|0 fnt|[from] Spikes\n|faint|p2a: Bring The Sun\n|\n|t:|1699946135\n|switch|p2a: Did Not Smile Back|Chi-Yu|14\/100\n|-damage|p2a: Did Not Smile Back|0 fnt|[from] Stealth Rock\n|faint|p2a: Did Not Smile Back\n|\n|win|1P1o1s1h1e1\n|l|\u2606Nitro524\n","uploadtime":1699946151,"views":6,"p1id":"1p1o1s1h1e1","p2id":"nitro524","formatid":"gen9ubers","rating":0,"private":0,"password":""}