{"id":"gen9ubers-1997588053","p1":"red1998poke","p2":"Chaos16","format":"[Gen 9] Ubers","log":"|j|\u2606red1998poke\n|j|\u2606Chaos16\n|t:|1700829648\n|gametype|singles\n|player|p1|red1998poke|2|1058\n|player|p2|Chaos16|101|1120\n|teamsize|p1|6\n|teamsize|p2|6\n|gen|9\n|tier|[Gen 9] Ubers\n|rated|\n|rule|Sleep Clause Mod: Limit one foe put to sleep\n|rule|Species Clause: Limit one of each Pok\u00e9mon\n|rule|OHKO Clause: OHKO moves are banned\n|rule|Evasion Items Clause: Evasion items are banned\n|rule|Evasion Moves Clause: Evasion moves are banned\n|rule|Endless Battle Clause: Forcing endless battles is banned\n|rule|HP Percentage Mod: HP is shown in percentages\n|clearpoke\n|poke|p1|Dunsparce, M|\n|poke|p1|Gliscor, M|\n|poke|p1|Glimmora, F|\n|poke|p1|Gyarados, F|\n|poke|p1|Enamorus-Therian, F|\n|poke|p1|Cinderace, M|\n|poke|p2|Spectrier|\n|poke|p2|Alomomola, F|\n|poke|p2|Scream Tail|\n|poke|p2|Ursaluna-Bloodmoon, M|\n|poke|p2|Ogerpon-Hearthflame, F|\n|poke|p2|Garganacl, F|\n|teampreview\n|\n|t:|1700829655\n|start\n|switch|p1a: Gliscor|Gliscor, M|100\/100\n|switch|p2a: Ursaluna|Ursaluna-Bloodmoon, M|100\/100\n|turn|1\n|\n|t:|1700829667\n|switch|p2a: Scream Tail|Scream Tail|100\/100\n|move|p1a: Gliscor|Knock Off|p2a: Scream Tail\n|-damage|p2a: Scream Tail|79\/100\n|-enditem|p2a: Scream Tail|Leftovers|[from] move: Knock Off|[of] p1a: Gliscor\n|\n|-status|p1a: Gliscor|tox|[from] item: Toxic Orb\n|upkeep\n|turn|2\n|\n|t:|1700829684\n|move|p2a: Scream Tail|Ice Beam|p1a: Gliscor\n|-supereffective|p1a: Gliscor\n|-damage|p1a: Gliscor|30\/100 tox\n|move|p1a: Gliscor|Swords Dance|p1a: Gliscor\n|-boost|p1a: Gliscor|atk|2\n|\n|-heal|p1a: Gliscor|43\/100 tox|[from] ability: Poison Heal\n|upkeep\n|turn|3\n|\n|t:|1700829691\n|move|p1a: Gliscor|Protect|p1a: Gliscor\n|-singleturn|p1a: Gliscor|Protect\n|move|p2a: Scream Tail|Ice Beam|p1a: Gliscor\n|-activate|p1a: Gliscor|move: Protect\n|\n|-heal|p1a: Gliscor|55\/100 tox|[from] ability: Poison Heal\n|upkeep\n|turn|4\n|\n|t:|1700829703\n|switch|p1a: Dunsparce|Dunsparce, M|100\/100\n|move|p2a: Scream Tail|Encore||[still]\n|-fail|p2a: Scream Tail\n|\n|upkeep\n|turn|5\n|\n|t:|1700829712\n|move|p2a: Scream Tail|Thunder Wave|p1a: Dunsparce\n|-status|p1a: Dunsparce|par\n|move|p1a: Dunsparce|Toxic|p2a: Scream Tail\n|-status|p2a: Scream Tail|tox\n|\n|-damage|p2a: Scream Tail|73\/100 tox|[from] psn\n|upkeep\n|turn|6\n|\n|t:|1700829728\n|move|p2a: Scream Tail|Encore|p1a: Dunsparce\n|-start|p1a: Dunsparce|Encore\n|move|p1a: Dunsparce|Toxic|p2a: Scream Tail\n|-fail|p2a: Scream Tail|tox\n|\n|-damage|p2a: Scream Tail|61\/100 tox|[from] psn\n|upkeep\n|turn|7\n|\n|t:|1700829732\n|move|p2a: Scream Tail|Disable|p1a: Dunsparce\n|-start|p1a: Dunsparce|Disable|Toxic\n|cant|p1a: Dunsparce|Disable|Toxic\n|\n|-damage|p2a: Scream Tail|42\/100 tox|[from] psn\n|upkeep\n|turn|8\n|\n|t:|1700829737\n|-end|p2a: Scream Tail|Protosynthesis|[silent]\n|switch|p2a: Spectrier|Spectrier|100\/100\n|switch|p1a: Gliscor|Gliscor, M|55\/100 tox\n|\n|-heal|p1a: Gliscor|68\/100 tox|[from] ability: Poison Heal\n|upkeep\n|turn|9\n|\n|t:|1700829747\n|move|p2a: Spectrier|Shadow Ball|p1a: Gliscor\n|-damage|p1a: Gliscor|11\/100 tox\n|move|p1a: Gliscor|Knock Off|p2a: Spectrier\n|-supereffective|p2a: Spectrier\n|-damage|p2a: Spectrier|30\/100\n|-enditem|p2a: Spectrier|Heavy-Duty Boots|[from] move: Knock Off|[of] p1a: Gliscor\n|\n|-heal|p1a: Gliscor|23\/100 tox|[from] ability: Poison Heal\n|upkeep\n|turn|10\n|\n|t:|1700829758\n|move|p1a: Gliscor|Protect|p1a: Gliscor\n|-singleturn|p1a: Gliscor|Protect\n|move|p2a: Spectrier|Shadow Ball|p1a: Gliscor\n|-activate|p1a: Gliscor|move: Protect\n|\n|-heal|p1a: Gliscor|36\/100 tox|[from] ability: Poison Heal\n|upkeep\n|turn|11\n|\n|t:|1700829769\n|switch|p1a: Dunsparce|Dunsparce, M|100\/100 par\n|move|p2a: Spectrier|Shadow Ball|p1a: Dunsparce\n|-immune|p1a: Dunsparce\n|\n|upkeep\n|turn|12\n|\n|t:|1700829779\n|switch|p2a: Alomomola|Alomomola, F|100\/100\n|move|p1a: Dunsparce|Toxic|p2a: Alomomola\n|-status|p2a: Alomomola|tox\n|\n|-damage|p2a: Alomomola|94\/100 tox|[from] psn\n|upkeep\n|turn|13\n|\n|t:|1700829792\n|switch|p1a: Glimmora|Glimmora, F|100\/100\n|move|p2a: Alomomola|Wish|p2a: Alomomola\n|\n|-damage|p2a: Alomomola|82\/100 tox|[from] psn\n|upkeep\n|turn|14\n|\n|t:|1700829797\n|move|p1a: Glimmora|Stealth Rock|p2a: Alomomola\n|-sidestart|p2: Chaos16|move: Stealth Rock\n|move|p2a: Alomomola|Flip Turn|p1a: Glimmora\n|-supereffective|p1a: Glimmora\n|-damage|p1a: Glimmora|63\/100\n|-activate|p1a: Glimmora|ability: Toxic Debris\n|-sidestart|p2: Chaos16|move: Toxic Spikes\n|\n|t:|1700829809\n|switch|p2a: Ursaluna|Ursaluna-Bloodmoon, M|100\/100|[from] Flip Turn\n|-damage|p2a: Ursaluna|94\/100|[from] Stealth Rock\n|-status|p2a: Ursaluna|psn\n|\n|-heal|p2a: Ursaluna|100\/100 psn|[from] move: Wish|[wisher] Alomomola\n|-damage|p2a: Ursaluna|88\/100 psn|[from] psn\n|upkeep\n|turn|15\n|\n|t:|1700829840\n|switch|p1a: Dunsparce|Dunsparce, M|100\/100 par\n|move|p2a: Ursaluna|Blood Moon|p1a: Dunsparce\n|-damage|p1a: Dunsparce|59\/100 par\n|\n|-damage|p2a: Ursaluna|76\/100 psn|[from] psn\n|upkeep\n|turn|16\n|c|\u2606red1998poke|Que guapa la animaci\u00f3n!!!\n|c|\u2606red1998poke|No la hab\u00eda visto nunca\n|\n|t:|1700829873\n|move|p2a: Ursaluna|Vacuum Wave|p1a: Dunsparce\n|-supereffective|p1a: Dunsparce\n|-damage|p1a: Dunsparce|42\/100 par\n|move|p1a: Dunsparce|Roost|p1a: Dunsparce\n|-heal|p1a: Dunsparce|92\/100 par\n|-singleturn|p1a: Dunsparce|move: Roost\n|\n|-damage|p2a: Ursaluna|64\/100 psn|[from] psn\n|upkeep\n|turn|17\n|\n|t:|1700829887\n|move|p2a: Ursaluna|Blood Moon|p1a: Dunsparce\n|-damage|p1a: Dunsparce|47\/100 par\n|move|p1a: Dunsparce|Roost|p1a: Dunsparce\n|-heal|p1a: Dunsparce|97\/100 par\n|-singleturn|p1a: Dunsparce|move: Roost\n|\n|-damage|p2a: Ursaluna|51\/100 psn|[from] psn\n|upkeep\n|turn|18\n|\n|t:|1700829906\n|switch|p2a: Ogerpon|Ogerpon-Hearthflame, F|100\/100\n|-damage|p2a: Ogerpon|76\/100|[from] Stealth Rock\n|-status|p2a: Ogerpon|psn\n|-ability|p2a: Ogerpon|Mold Breaker\n|cant|p1a: Dunsparce|par\n|\n|-damage|p2a: Ogerpon|63\/100 psn|[from] psn\n|upkeep\n|turn|19\n|\n|t:|1700829919\n|move|p2a: Ogerpon|Horn Leech|p1a: Dunsparce\n|-damage|p1a: Dunsparce|64\/100 par\n|-heal|p2a: Ogerpon|85\/100 psn|[from] drain|[of] p1a: Dunsparce\n|move|p1a: Dunsparce|Coil|p1a: Dunsparce\n|-boost|p1a: Dunsparce|atk|1\n|-boost|p1a: Dunsparce|def|1\n|-boost|p1a: Dunsparce|accuracy|1\n|\n|-damage|p2a: Ogerpon|73\/100 psn|[from] psn\n|upkeep\n|turn|20\n|\n|t:|1700829932\n|move|p2a: Ogerpon|Swords Dance|p2a: Ogerpon\n|-boost|p2a: Ogerpon|atk|2\n|move|p1a: Dunsparce|Roost|p1a: Dunsparce\n|-heal|p1a: Dunsparce|100\/100 par\n|-singleturn|p1a: Dunsparce|move: Roost\n|\n|-damage|p2a: Ogerpon|61\/100 psn|[from] psn\n|upkeep\n|turn|21\n|\n|t:|1700829941\n|-terastallize|p2a: Ogerpon|Fire\n|detailschange|p2a: Ogerpon|Ogerpon-Hearthflame-Tera, F, tera:Fire\n|-ability|p2a: Ogerpon|Embody Aspect (Hearthflame)|boost\n|-boost|p2a: Ogerpon|atk|1\n|move|p2a: Ogerpon|Ivy Cudgel|p1a: Dunsparce|[anim] Ivy Cudgel Fire\n|-damage|p1a: Dunsparce|0 fnt\n|faint|p1a: Dunsparce\n|\n|-damage|p2a: Ogerpon|48\/100 psn|[from] psn\n|upkeep\n|\n|t:|1700829968\n|switch|p1a: Gliscor|Gliscor, M|36\/100 tox\n|turn|22\n|\n|t:|1700829978\n|move|p1a: Gliscor|Protect|p1a: Gliscor\n|-singleturn|p1a: Gliscor|Protect\n|move|p2a: Ogerpon|Horn Leech|p1a: Gliscor\n|-activate|p1a: Gliscor|move: Protect\n|\n|-damage|p2a: Ogerpon|36\/100 psn|[from] psn\n|-heal|p1a: Gliscor|48\/100 tox|[from] ability: Poison Heal\n|upkeep\n|turn|23\n|\n|t:|1700829990\n|switch|p1a: Glimmora|Glimmora, F|63\/100\n|move|p2a: Ogerpon|Horn Leech|p1a: Glimmora\n|-damage|p1a: Glimmora|0 fnt\n|-heal|p2a: Ogerpon|68\/100 psn|[from] drain|[of] p1a: Glimmora\n|-activate|p1a: Glimmora|ability: Toxic Debris\n|-sidestart|p2: Chaos16|move: Toxic Spikes\n|faint|p1a: Glimmora\n|\n|-damage|p2a: Ogerpon|56\/100 psn|[from] psn\n|upkeep\n|\n|t:|1700830006\n|switch|p1a: Gliscor|Gliscor, M|48\/100 tox\n|turn|24\n|\n|t:|1700830011\n|move|p2a: Ogerpon|Swords Dance|p2a: Ogerpon\n|-boost|p2a: Ogerpon|atk|2\n|move|p1a: Gliscor|Earthquake|p2a: Ogerpon\n|-supereffective|p2a: Ogerpon\n|-crit|p2a: Ogerpon\n|-damage|p2a: Ogerpon|0 fnt\n|faint|p2a: Ogerpon\n|\n|-heal|p1a: Gliscor|60\/100 tox|[from] ability: Poison Heal\n|upkeep\n|c|\u2606Chaos16|:0\n|\n|t:|1700830024\n|switch|p2a: Spectrier|Spectrier|30\/100\n|-damage|p2a: Spectrier|18\/100|[from] Stealth Rock\n|-status|p2a: Spectrier|tox\n|turn|25\n|\n|t:|1700830031\n|move|p1a: Gliscor|Protect|p1a: Gliscor\n|-singleturn|p1a: Gliscor|Protect\n|move|p2a: Spectrier|Nasty Plot|p2a: Spectrier\n|-boost|p2a: Spectrier|spa|2\n|\n|-damage|p2a: Spectrier|12\/100 tox|[from] psn\n|-heal|p1a: Gliscor|73\/100 tox|[from] ability: Poison Heal\n|upkeep\n|turn|26\n|\n|t:|1700830060\n|move|p2a: Spectrier|Shadow Ball|p1a: Gliscor\n|-damage|p1a: Gliscor|0 fnt\n|faint|p1a: Gliscor\n|-ability|p2a: Spectrier|Grim Neigh|boost\n|-boost|p2a: Spectrier|spa|1\n|\n|-damage|p2a: Spectrier|0 fnt|[from] psn\n|faint|p2a: Spectrier\n|upkeep\n|\n|t:|1700830070\n|switch|p2a: Garganacl|Garganacl, F|100\/100\n|switch|p1a: Enamorus|Enamorus-Therian, F|100\/100\n|-damage|p2a: Garganacl|88\/100|[from] Stealth Rock\n|turn|27\n|\n|t:|1700830079\n|move|p1a: Enamorus|Calm Mind|p1a: Enamorus\n|-boost|p1a: Enamorus|spa|1\n|-boost|p1a: Enamorus|spd|1\n|move|p2a: Garganacl|Salt Cure|p1a: Enamorus\n|-supereffective|p1a: Enamorus\n|-damage|p1a: Enamorus|75\/100\n|-start|p1a: Enamorus|Salt Cure\n|\n|-heal|p1a: Enamorus|81\/100|[from] item: Leftovers\n|-heal|p2a: Garganacl|94\/100|[from] item: Leftovers\n|-damage|p1a: Enamorus|69\/100|[from] Salt Cure\n|upkeep\n|turn|28\n|\n|t:|1700830091\n|move|p1a: Enamorus|Draining Kiss|p2a: Garganacl\n|-damage|p2a: Garganacl|65\/100\n|-heal|p1a: Enamorus|94\/100|[from] drain|[of] p2a: Garganacl\n|move|p2a: Garganacl|Salt Cure|p1a: Enamorus\n|-supereffective|p1a: Enamorus\n|-damage|p1a: Enamorus|70\/100\n|\n|-heal|p1a: Enamorus|76\/100|[from] item: Leftovers\n|-heal|p2a: Garganacl|71\/100|[from] item: Leftovers\n|-damage|p1a: Enamorus|64\/100|[from] Salt Cure\n|upkeep\n|turn|29\n|\n|t:|1700830099\n|move|p1a: Enamorus|Draining Kiss|p2a: Garganacl\n|-damage|p2a: Garganacl|42\/100\n|-heal|p1a: Enamorus|89\/100|[from] drain|[of] p2a: Garganacl\n|move|p2a: Garganacl|Salt Cure|p1a: Enamorus\n|-supereffective|p1a: Enamorus\n|-damage|p1a: Enamorus|65\/100\n|\n|-heal|p1a: Enamorus|72\/100|[from] item: Leftovers\n|-heal|p2a: Garganacl|48\/100|[from] item: Leftovers\n|-damage|p1a: Enamorus|59\/100|[from] Salt Cure\n|upkeep\n|turn|30\n|\n|t:|1700830105\n|move|p2a: Garganacl|Protect|p2a: Garganacl\n|-singleturn|p2a: Garganacl|Protect\n|move|p1a: Enamorus|Calm Mind|p1a: Enamorus\n|-boost|p1a: Enamorus|spa|1\n|-boost|p1a: Enamorus|spd|1\n|\n|-heal|p1a: Enamorus|65\/100|[from] item: Leftovers\n|-heal|p2a: Garganacl|54\/100|[from] item: Leftovers\n|-damage|p1a: Enamorus|53\/100|[from] Salt Cure\n|upkeep\n|turn|31\n|\n|t:|1700830110\n|move|p1a: Enamorus|Draining Kiss|p2a: Garganacl\n|-damage|p2a: Garganacl|12\/100\n|-heal|p1a: Enamorus|89\/100|[from] drain|[of] p2a: Garganacl\n|move|p2a: Garganacl|Stealth Rock|p1a: Enamorus\n|-sidestart|p1: red1998poke|move: Stealth Rock\n|\n|-heal|p1a: Enamorus|95\/100|[from] item: Leftovers\n|-heal|p2a: Garganacl|18\/100|[from] item: Leftovers\n|-damage|p1a: Enamorus|83\/100|[from] Salt Cure\n|upkeep\n|turn|32\n|\n|t:|1700830119\n|move|p2a: Garganacl|Protect|p2a: Garganacl\n|-singleturn|p2a: Garganacl|Protect\n|move|p1a: Enamorus|Draining Kiss|p2a: Garganacl\n|-activate|p2a: Garganacl|move: Protect\n|\n|-heal|p1a: Enamorus|89\/100|[from] item: Leftovers\n|-heal|p2a: Garganacl|25\/100|[from] item: Leftovers\n|-damage|p1a: Enamorus|77\/100|[from] Salt Cure\n|upkeep\n|turn|33\n|\n|t:|1700830123\n|move|p1a: Enamorus|Draining Kiss|p2a: Garganacl\n|-damage|p2a: Garganacl|0 fnt\n|-heal|p1a: Enamorus|97\/100|[from] drain|[of] p2a: Garganacl\n|faint|p2a: Garganacl\n|\n|-heal|p1a: Enamorus|100\/100|[from] item: Leftovers\n|-damage|p1a: Enamorus|88\/100|[from] Salt Cure\n|upkeep\n|\n|t:|1700830125\n|switch|p2a: Ursaluna|Ursaluna-Bloodmoon, M|51\/100 psn\n|-damage|p2a: Ursaluna|45\/100 psn|[from] Stealth Rock\n|turn|34\n|\n|t:|1700830137\n|move|p2a: Ursaluna|Blood Moon|p1a: Enamorus\n|-damage|p1a: Enamorus|59\/100\n|move|p1a: Enamorus|Draining Kiss|p2a: Ursaluna\n|-damage|p2a: Ursaluna|14\/100 psn\n|-heal|p1a: Enamorus|87\/100|[from] drain|[of] p2a: Ursaluna\n|\n|-heal|p1a: Enamorus|94\/100|[from] item: Leftovers\n|-damage|p2a: Ursaluna|1\/100 psn|[from] psn\n|-damage|p1a: Enamorus|81\/100|[from] Salt Cure\n|upkeep\n|turn|35\n|\n|t:|1700830152\n|move|p2a: Ursaluna|Moonblast|p1a: Enamorus\n|-damage|p1a: Enamorus|69\/100\n|move|p1a: Enamorus|Calm Mind|p1a: Enamorus\n|-boost|p1a: Enamorus|spa|1\n|-boost|p1a: Enamorus|spd|1\n|\n|-heal|p1a: Enamorus|75\/100|[from] item: Leftovers\n|-damage|p2a: Ursaluna|0 fnt|[from] psn\n|faint|p2a: Ursaluna\n|-damage|p1a: Enamorus|63\/100|[from] Salt Cure\n|upkeep\n|\n|t:|1700830164\n|switch|p2a: Scream Tail|Scream Tail|42\/100 tox\n|-damage|p2a: Scream Tail|30\/100 tox|[from] Stealth Rock\n|turn|36\n|\n|t:|1700830170\n|move|p2a: Scream Tail|Thunder Wave|p1a: Enamorus\n|-status|p1a: Enamorus|par\n|move|p1a: Enamorus|Draining Kiss|p2a: Scream Tail\n|-damage|p2a: Scream Tail|0 fnt\n|-heal|p1a: Enamorus|86\/100 par|[from] drain|[of] p2a: Scream Tail\n|faint|p2a: Scream Tail\n|-end|p2a: Scream Tail|Protosynthesis|[silent]\n|\n|-heal|p1a: Enamorus|92\/100 par|[from] item: Leftovers\n|-damage|p1a: Enamorus|79\/100 par|[from] Salt Cure\n|upkeep\n|-message|Chaos16 forfeited.\n|\n|win|red1998poke\n|raw|red1998poke's rating: 1058 &rarr; <strong>1095<\/strong><br \/>(+37 for winning)\n|raw|Chaos16's rating: 1120 &rarr; <strong>1091<\/strong><br \/>(-29 for losing)\n|l|\u2606Chaos16\n","uploadtime":1700830190,"views":2,"p1id":"red1998poke","p2id":"chaos16","formatid":"gen9ubers","rating":1091,"private":0,"password":""}