{"id":"gen9ubers-1984105950","p1":"adpg.alt","p2":"Juan_206","format":"[Gen 9] Ubers","log":"|j|\u2606adpg.alt\n|j|\u2606Juan_206\n|t:|1699219262\n|gametype|singles\n|player|p1|adpg.alt|hilbert-wonderlauncher|\n|player|p2|Juan_206|hilbert|\n|teamsize|p1|6\n|teamsize|p2|6\n|gen|9\n|tier|[Gen 9] Ubers\n|rule|Sleep Clause Mod: Limit one foe put to sleep\n|rule|Species Clause: Limit one of each Pok\u00e9mon\n|rule|OHKO Clause: OHKO moves are banned\n|rule|Evasion Items Clause: Evasion items are banned\n|rule|Evasion Moves Clause: Evasion moves are banned\n|rule|Endless Battle Clause: Forcing endless battles is banned\n|rule|HP Percentage Mod: HP is shown in percentages\n|clearpoke\n|poke|p1|Cyclizar, M|\n|poke|p1|Spectrier|\n|poke|p1|Torkoal, M|\n|poke|p1|Walking Wake|\n|poke|p1|Volcarona, M|\n|poke|p1|Ursaluna-Bloodmoon, M|\n|poke|p2|Ninetales-Alola, M|\n|poke|p2|Baxcalibur, M|\n|poke|p2|Spectrier|\n|poke|p2|Zacian-*|\n|poke|p2|Espathra, M|\n|poke|p2|Urshifu-*, F|\n|teampreview\n|\n|t:|1699219276\n|start\n|switch|p1a: Kid-raidon|Cyclizar, M|100\/100\n|switch|p2a: Ninetales|Ninetales-Alola, M|100\/100\n|-weather|Snow|[from] ability: Snow Warning|[of] p2a: Ninetales\n|turn|1\n|\n|t:|1699219288\n|move|p1a: Kid-raidon|Taunt|p2a: Ninetales\n|-start|p2a: Ninetales|move: Taunt\n|move|p2a: Ninetales|Strange Steam|p1a: Kid-raidon\n|-supereffective|p1a: Kid-raidon\n|-damage|p1a: Kid-raidon|20\/100\n|\n|-weather|Snow|[upkeep]\n|upkeep\n|turn|2\n|\n|t:|1699219297\n|switch|p1a: Torkoal|Torkoal, M|100\/100\n|-weather|SunnyDay|[from] ability: Drought|[of] p1a: Torkoal\n|move|p2a: Ninetales|Strange Steam|p1a: Torkoal\n|-resisted|p1a: Torkoal\n|-damage|p1a: Torkoal|84\/100\n|\n|-weather|SunnyDay|[upkeep]\n|upkeep\n|turn|3\n|\n|t:|1699219309\n|switch|p2a: Urshifu|Urshifu, F|100\/100\n|move|p1a: Torkoal|Yawn|p2a: Urshifu\n|-start|p2a: Urshifu|move: Yawn|[of] p1a: Torkoal\n|\n|-weather|SunnyDay|[upkeep]\n|upkeep\n|turn|4\n|\n|t:|1699219317\n|switch|p2a: Ninetales|Ninetales-Alola, M|100\/100\n|-weather|Snow|[from] ability: Snow Warning|[of] p2a: Ninetales\n|switch|p1a: Kid-raidon|Cyclizar, M|53\/100\n|\n|-weather|Snow|[upkeep]\n|upkeep\n|turn|5\n|\n|t:|1699219327\n|switch|p1a: Torkoal|Torkoal, M|84\/100\n|-weather|SunnyDay|[from] ability: Drought|[of] p1a: Torkoal\n|move|p2a: Ninetales|Strange Steam|p1a: Torkoal\n|-resisted|p1a: Torkoal\n|-damage|p1a: Torkoal|68\/100\n|\n|-weather|SunnyDay|[upkeep]\n|upkeep\n|turn|6\n|\n|t:|1699219341\n|move|p2a: Ninetales|Aurora Veil||[still]\n|-fail|p2a: Ninetales\n|move|p1a: Torkoal|Yawn|p2a: Ninetales\n|-start|p2a: Ninetales|move: Yawn|[of] p1a: Torkoal\n|\n|-weather|SunnyDay|[upkeep]\n|upkeep\n|turn|7\n|\n|t:|1699219348\n|move|p2a: Ninetales|Chilly Reception|p2a: Ninetales\n|-weather|Snow\n|\n|t:|1699219354\n|switch|p2a: Baxcalibur|Baxcalibur, M|100\/100|[from] Chilly Reception\n|move|p1a: Torkoal|Yawn|p2a: Baxcalibur\n|-start|p2a: Baxcalibur|move: Yawn|[of] p1a: Torkoal\n|\n|-weather|Snow|[upkeep]\n|upkeep\n|turn|8\n|\n|t:|1699219364\n|switch|p2a: Ninetales|Ninetales-Alola, M|100\/100\n|move|p1a: Torkoal|Stealth Rock|p2a: Ninetales\n|-sidestart|p2: Juan_206|move: Stealth Rock\n|\n|-weather|Snow|[upkeep]\n|upkeep\n|turn|9\n|\n|t:|1699219372\n|switch|p1a: Chess|Spectrier|100\/100\n|move|p2a: Ninetales|Aurora Veil|p2a: Ninetales\n|-sidestart|p2: Juan_206|move: Aurora Veil\n|\n|-weather|Snow|[upkeep]\n|upkeep\n|turn|10\n|\n|t:|1699219379\n|move|p1a: Chess|Nasty Plot|p1a: Chess\n|-boost|p1a: Chess|spa|2\n|move|p2a: Ninetales|Encore|p1a: Chess\n|-start|p1a: Chess|Encore\n|\n|-weather|Snow|[upkeep]\n|upkeep\n|turn|11\n|\n|t:|1699219390\n|switch|p1a: Torkoal|Torkoal, M|68\/100\n|-weather|SunnyDay|[from] ability: Drought|[of] p1a: Torkoal\n|switch|p2a: Urshifu|Urshifu, F|100\/100\n|-damage|p2a: Urshifu|94\/100|[from] Stealth Rock\n|\n|-weather|SunnyDay|[upkeep]\n|upkeep\n|turn|12\n|\n|t:|1699219404\n|move|p2a: Urshifu|Wicked Blow|p1a: Torkoal\n|-crit|p1a: Torkoal\n|-damage|p1a: Torkoal|27\/100\n|move|p1a: Torkoal|Bitter Blade|p2a: Urshifu\n|-damage|p2a: Urshifu|73\/100\n|-heal|p1a: Torkoal|38\/100|[from] drain|[of] p2a: Urshifu\n|\n|-weather|SunnyDay|[upkeep]\n|upkeep\n|turn|13\n|\n|t:|1699219415\n|move|p2a: Urshifu|Combat Torque|p1a: Torkoal\n|-damage|p1a: Torkoal|8\/100\n|move|p1a: Torkoal|Yawn|p2a: Urshifu\n|-start|p2a: Urshifu|move: Yawn|[of] p1a: Torkoal\n|\n|-weather|SunnyDay|[upkeep]\n|upkeep\n|turn|14\n|\n|t:|1699219424\n|switch|p2a: Zacian|Zacian|100\/100\n|-ability|p2a: Zacian|Intrepid Sword|boost\n|-boost|p2a: Zacian|atk|1\n|switch|p1a: Kid-raidon|Cyclizar, M|87\/100\n|\n|-weather|SunnyDay|[upkeep]\n|upkeep\n|turn|15\n|\n|t:|1699219438\n|move|p2a: Zacian|Magical Torque|p1a: Kid-raidon\n|-supereffective|p1a: Kid-raidon\n|-damage|p1a: Kid-raidon|0 fnt\n|faint|p1a: Kid-raidon\n|\n|-weather|SunnyDay|[upkeep]\n|upkeep\n|\n|t:|1699219444\n|switch|p1a: Volcarona|Volcarona, M|100\/100\n|turn|16\n|\n|t:|1699219449\n|move|p2a: Zacian|Swords Dance|p2a: Zacian\n|-boost|p2a: Zacian|atk|2\n|move|p1a: Volcarona|Quiver Dance|p1a: Volcarona\n|-boost|p1a: Volcarona|spa|1\n|-boost|p1a: Volcarona|spd|1\n|-boost|p1a: Volcarona|spe|1\n|\n|-weather|SunnyDay|[upkeep]\n|-sideend|p2: Juan_206|move: Aurora Veil\n|upkeep\n|turn|17\n|\n|t:|1699219460\n|move|p1a: Volcarona|Torch Song|p2a: Zacian\n|-damage|p2a: Zacian|7\/100\n|-boost|p1a: Volcarona|spa|1\n|move|p2a: Zacian|Crunch|p1a: Volcarona\n|-damage|p1a: Volcarona|0 fnt\n|faint|p1a: Volcarona\n|\n|-weather|SunnyDay|[upkeep]\n|upkeep\n|\n|t:|1699219470\n|switch|p1a: Grug Croone|Walking Wake|100\/100\n|-activate|p1a: Grug Croone|ability: Protosynthesis\n|-start|p1a: Grug Croone|protosynthesisspe\n|turn|18\n|\n|t:|1699219476\n|move|p1a: Grug Croone|Hydro Steam|p2a: Zacian\n|-damage|p2a: Zacian|0 fnt\n|faint|p2a: Zacian\n|\n|-weather|none\n|-end|p1a: Grug Croone|Protosynthesis\n|upkeep\n|\n|t:|1699219494\n|switch|p2a: Spectrier|Spectrier|100\/100\n|-damage|p2a: Spectrier|88\/100|[from] Stealth Rock\n|turn|19\n|\n|t:|1699219508\n|-end|p1a: Grug Croone|Protosynthesis|[silent]\n|switch|p1a: FNAF fan|Ursaluna-Bloodmoon, M|100\/100\n|-terastallize|p2a: Spectrier|Fairy\n|move|p2a: Spectrier|Draining Kiss|p1a: FNAF fan\n|-damage|p1a: FNAF fan|63\/100\n|-heal|p2a: Spectrier|100\/100|[from] drain|[of] p1a: FNAF fan\n|\n|-heal|p1a: FNAF fan|69\/100|[from] item: Leftovers\n|upkeep\n|turn|20\n|\n|t:|1699219521\n|move|p2a: Spectrier|Nasty Plot|p2a: Spectrier\n|-boost|p2a: Spectrier|spa|2\n|move|p1a: FNAF fan|Boomburst|p2a: Spectrier\n|-damage|p2a: Spectrier|3\/100\n|\n|-heal|p2a: Spectrier|10\/100|[from] item: Leftovers\n|-heal|p1a: FNAF fan|75\/100|[from] item: Leftovers\n|upkeep\n|turn|21\n|\n|t:|1699219531\n|switch|p1a: Torkoal|Torkoal, M|8\/100\n|-weather|SunnyDay|[from] ability: Drought|[of] p1a: Torkoal\n|move|p2a: Spectrier|Draining Kiss|p1a: Torkoal\n|-resisted|p1a: Torkoal\n|-damage|p1a: Torkoal|0 fnt\n|-heal|p2a: Spectrier|15\/100|[from] drain|[of] p1a: Torkoal\n|faint|p1a: Torkoal\n|-ability|p2a: Spectrier|Grim Neigh|boost\n|-boost|p2a: Spectrier|spa|1\n|\n|-weather|SunnyDay|[upkeep]\n|-heal|p2a: Spectrier|22\/100|[from] item: Leftovers\n|upkeep\n|\n|t:|1699219538\n|switch|p1a: Grug Croone|Walking Wake|100\/100\n|-activate|p1a: Grug Croone|ability: Protosynthesis\n|-start|p1a: Grug Croone|protosynthesisspe\n|turn|22\n|\n|t:|1699219545\n|move|p1a: Grug Croone|Hydro Steam|p2a: Spectrier\n|-damage|p2a: Spectrier|0 fnt\n|faint|p2a: Spectrier\n|\n|-weather|SunnyDay|[upkeep]\n|upkeep\n|\n|t:|1699219551\n|switch|p2a: Ninetales|Ninetales-Alola, M|100\/100\n|-damage|p2a: Ninetales|76\/100|[from] Stealth Rock\n|-weather|Snow|[from] ability: Snow Warning|[of] p2a: Ninetales\n|-end|p1a: Grug Croone|Protosynthesis\n|turn|23\n|\n|t:|1699219561\n|-terastallize|p1a: Grug Croone|Water\n|move|p2a: Ninetales|Aurora Veil|p2a: Ninetales\n|-sidestart|p2: Juan_206|move: Aurora Veil\n|move|p1a: Grug Croone|Hydro Steam|p2a: Ninetales\n|-damage|p2a: Ninetales|38\/100\n|\n|-weather|Snow|[upkeep]\n|upkeep\n|turn|24\n|\n|t:|1699219570\n|-end|p1a: Grug Croone|Protosynthesis|[silent]\n|switch|p1a: Chess|Spectrier|100\/100\n|move|p2a: Ninetales|Chilly Reception|p2a: Ninetales\n|\n|t:|1699219578\n|switch|p2a: Urshifu|Urshifu, F|73\/100|[from] Chilly Reception\n|-damage|p2a: Urshifu|67\/100|[from] Stealth Rock\n|\n|-weather|Snow|[upkeep]\n|upkeep\n|turn|25\n|\n|t:|1699219586\n|switch|p1a: FNAF fan|Ursaluna-Bloodmoon, M|75\/100\n|move|p2a: Urshifu|Swords Dance|p2a: Urshifu\n|-boost|p2a: Urshifu|atk|2\n|\n|-weather|Snow|[upkeep]\n|-heal|p1a: FNAF fan|81\/100|[from] item: Leftovers\n|upkeep\n|turn|26\n|\n|t:|1699219594\n|move|p2a: Urshifu|Combat Torque|p1a: FNAF fan\n|-supereffective|p1a: FNAF fan\n|-damage|p1a: FNAF fan|0 fnt\n|faint|p1a: FNAF fan\n|\n|-weather|Snow|[upkeep]\n|upkeep\n|\n|t:|1699219601\n|switch|p1a: Grug Croone|Walking Wake, tera:Water|100\/100\n|turn|27\n|\n|t:|1699219607\n|move|p2a: Urshifu|Sucker Punch|p1a: Grug Croone\n|-damage|p1a: Grug Croone|5\/100\n|move|p1a: Grug Croone|Clanging Scales|p2a: Urshifu\n|-damage|p2a: Urshifu|0 fnt\n|faint|p2a: Urshifu\n|-unboost|p1a: Grug Croone|def|1\n|\n|-weather|none\n|upkeep\n|\n|t:|1699219621\n|switch|p2a: Espathra|Espathra, M|100\/100\n|-damage|p2a: Espathra|88\/100|[from] Stealth Rock\n|turn|28\n|\n|t:|1699219629\n|-end|p1a: Grug Croone|Protosynthesis|[silent]\n|switch|p1a: Chess|Spectrier|100\/100\n|move|p2a: Espathra|Protect||[still]\n|-fail|p2a: Espathra\n|\n|-heal|p2a: Espathra|94\/100|[from] item: Leftovers\n|-ability|p2a: Espathra|Speed Boost|boost\n|-boost|p2a: Espathra|spe|1\n|upkeep\n|turn|29\n|\n|t:|1699219637\n|move|p2a: Espathra|Take Heart|p2a: Espathra\n|-boost|p2a: Espathra|spa|1\n|-boost|p2a: Espathra|spd|1\n|move|p1a: Chess|Astral Barrage|p2a: Espathra\n|-supereffective|p2a: Espathra\n|-damage|p2a: Espathra|33\/100\n|\n|-heal|p2a: Espathra|39\/100|[from] item: Leftovers\n|-ability|p2a: Espathra|Speed Boost|boost\n|-boost|p2a: Espathra|spe|1\n|upkeep\n|turn|30\n|\n|t:|1699219653\n|move|p2a: Espathra|Stored Power|p1a: Chess\n|-damage|p1a: Chess|26\/100\n|move|p1a: Chess|Astral Barrage|p2a: Espathra\n|-supereffective|p2a: Espathra\n|-damage|p2a: Espathra|0 fnt\n|faint|p2a: Espathra\n|-ability|p1a: Chess|Grim Neigh|boost\n|-boost|p1a: Chess|spa|1\n|\n|-heal|p1a: Chess|32\/100|[from] item: Leftovers\n|-sideend|p2: Juan_206|move: Aurora Veil\n|upkeep\n|\n|t:|1699219664\n|switch|p2a: Ninetales|Ninetales-Alola, M|38\/100\n|-damage|p2a: Ninetales|13\/100|[from] Stealth Rock\n|-weather|Snow|[from] ability: Snow Warning|[of] p2a: Ninetales\n|turn|31\n|\n|t:|1699219673\n|move|p1a: Chess|Draining Kiss|p2a: Ninetales\n|-damage|p2a: Ninetales|0 fnt\n|-heal|p1a: Chess|42\/100|[from] drain|[of] p2a: Ninetales\n|faint|p2a: Ninetales\n|-ability|p1a: Chess|Grim Neigh|boost\n|-boost|p1a: Chess|spa|1\n|\n|-weather|Snow|[upkeep]\n|-heal|p1a: Chess|48\/100|[from] item: Leftovers\n|upkeep\n|\n|t:|1699219681\n|switch|p2a: Baxcalibur|Baxcalibur, M|100\/100\n|turn|32\n|\n|t:|1699219689\n|move|p1a: Chess|Astral Barrage|p2a: Baxcalibur\n|-damage|p2a: Baxcalibur|0 fnt\n|faint|p2a: Baxcalibur\n|\n|win|adpg.alt\n|c|\u2606Juan_206|Tremendo\n|c|\u2606Juan_206|\u00bfEse equipo lo hice yo?\n|l|\u2606Juan_206\n","uploadtime":1699220309,"views":9,"p1id":"adpgalt","p2id":"juan206","formatid":"gen9ubers","rating":0,"private":0,"password":""}