{"id":"gen9ubers-1970097050","p1":"AviCXT","p2":"treegirl22","format":"[Gen 9] Ubers","log":"|j|\u2606AviCXT\n|j|\u2606treegirl22\n|t:|1697593846\n|gametype|singles\n|player|p1|AviCXT|nate|1355\n|player|p2|treegirl22|guitarist|1403\n|teamsize|p1|6\n|teamsize|p2|6\n|gen|9\n|tier|[Gen 9] Ubers\n|rated|\n|rule|Sleep Clause Mod: Limit one foe put to sleep\n|rule|Species Clause: Limit one of each Pok\u00e9mon\n|rule|OHKO Clause: OHKO moves are banned\n|rule|Evasion Items Clause: Evasion items are banned\n|rule|Evasion Moves Clause: Evasion moves are banned\n|rule|Endless Battle Clause: Forcing endless battles is banned\n|rule|HP Percentage Mod: HP is shown in percentages\n|clearpoke\n|poke|p1|Skeledirge, M|\n|poke|p1|Koraidon|\n|poke|p1|Arceus|\n|poke|p1|Ogerpon-Hearthflame, F|\n|poke|p1|Groudon|\n|poke|p1|Miraidon|\n|poke|p2|Basculegion, M|\n|poke|p2|Koraidon|\n|poke|p2|Kyogre|\n|poke|p2|Ribombee, F|\n|poke|p2|Giratina-Origin|\n|poke|p2|Clodsire, F|\n|teampreview\n|inactive|Battle timer is ON: inactive players will automatically lose when time's up. (requested by treegirl22)\n|inactive|AviCXT also wants the timer to be on.\n|\n|t:|1697593858\n|start\n|switch|p1a: Koraidon|Koraidon|100\/100\n|switch|p2a: Webster|Ribombee, F|100\/100\n|-weather|SunnyDay|[from] ability: Orichalcum Pulse|[of] p1a: Koraidon\n|-activate|p1a: Koraidon|Orichalcum Pulse|[source]\n|turn|1\n|\n|t:|1697593883\n|move|p1a: Koraidon|Flare Blitz|p2a: Webster\n|-supereffective|p2a: Webster\n|-enditem|p2a: Webster|Focus Sash\n|-damage|p2a: Webster|1\/100\n|-damage|p1a: Koraidon|75\/100|[from] Recoil\n|move|p2a: Webster|Sticky Web|p1a: Koraidon\n|-sidestart|p1: AviCXT|move: Sticky Web\n|\n|-weather|SunnyDay|[upkeep]\n|upkeep\n|turn|2\n|\n|t:|1697593893\n|switch|p2a: Leviathan|Kyogre|100\/100\n|-weather|RainDance|[from] ability: Drizzle|[of] p2a: Leviathan\n|move|p1a: Koraidon|Scale Shot|p2a: Leviathan\n|-damage|p2a: Leviathan|84\/100\n|-damage|p2a: Leviathan|68\/100\n|-damage|p2a: Leviathan|54\/100\n|-damage|p2a: Leviathan|38\/100\n|-hitcount|p2a: Leviathan|4\n|-unboost|p1a: Koraidon|def|1\n|-boost|p1a: Koraidon|spe|1\n|\n|-weather|RainDance|[upkeep]\n|upkeep\n|turn|3\n|\n|t:|1697593907\n|switch|p2a: Webster|Ribombee, F|1\/100\n|move|p1a: Koraidon|Scale Shot|p2a: Webster\n|-immune|p2a: Webster\n|\n|-weather|RainDance|[upkeep]\n|upkeep\n|turn|4\n|\n|t:|1697593919\n|move|p1a: Koraidon|Collision Course|p2a: Webster\n|-resisted|p2a: Webster\n|-damage|p2a: Webster|0 fnt\n|faint|p2a: Webster\n|\n|-weather|RainDance|[upkeep]\n|upkeep\n|\n|t:|1697593924\n|switch|p2a: Beelzebub|Giratina-Origin|100\/100\n|turn|5\n|\n|t:|1697593929\n|-terastallize|p2a: Beelzebub|Poison\n|move|p1a: Koraidon|Scale Shot|p2a: Beelzebub\n|-crit|p2a: Beelzebub\n|-damage|p2a: Beelzebub|89\/100\n|-damage|p2a: Beelzebub|82\/100\n|-damage|p2a: Beelzebub|75\/100\n|-damage|p2a: Beelzebub|68\/100\n|-hitcount|p2a: Beelzebub|4\n|-unboost|p1a: Koraidon|def|1\n|-boost|p1a: Koraidon|spe|1\n|move|p2a: Beelzebub|Dragon Tail|p1a: Koraidon\n|-supereffective|p1a: Koraidon\n|-damage|p1a: Koraidon|0 fnt\n|faint|p1a: Koraidon\n|\n|-weather|RainDance|[upkeep]\n|upkeep\n|\n|t:|1697593946\n|switch|p1a: Groudon|Groudon|100\/100\n|-activate|p1a: Groudon|move: Sticky Web\n|-unboost|p1a: Groudon|spe|1\n|-weather|SunnyDay|[from] ability: Drought|[of] p1a: Groudon\n|turn|6\n|\n|t:|1697593958\n|move|p2a: Beelzebub|Will-O-Wisp|p1a: Groudon|[miss]\n|-miss|p2a: Beelzebub|p1a: Groudon\n|move|p1a: Groudon|Will-O-Wisp|p2a: Beelzebub\n|-status|p2a: Beelzebub|brn\n|\n|-weather|SunnyDay|[upkeep]\n|-damage|p2a: Beelzebub|62\/100 brn|[from] brn\n|upkeep\n|turn|7\n|\n|t:|1697593976\n|switch|p1a: Ogerpon|Ogerpon-Hearthflame, F|100\/100\n|-activate|p1a: Ogerpon|move: Sticky Web\n|-unboost|p1a: Ogerpon|spe|1\n|-ability|p1a: Ogerpon|Mold Breaker\n|move|p2a: Beelzebub|Will-O-Wisp|p1a: Ogerpon\n|-immune|p1a: Ogerpon\n|\n|-weather|SunnyDay|[upkeep]\n|-damage|p2a: Beelzebub|55\/100 brn|[from] brn\n|upkeep\n|turn|8\n|\n|t:|1697593989\n|switch|p2a: Leviathan|Kyogre|38\/100\n|-weather|RainDance|[from] ability: Drizzle|[of] p2a: Leviathan\n|move|p1a: Ogerpon|Trailblaze|p2a: Leviathan\n|-supereffective|p2a: Leviathan\n|-damage|p2a: Leviathan|0 fnt\n|-boost|p1a: Ogerpon|spe|1\n|faint|p2a: Leviathan\n|\n|-weather|RainDance|[upkeep]\n|upkeep\n|\n|t:|1697593998\n|switch|p2a: Flame Rider|Koraidon|100\/100\n|-weather|SunnyDay|[from] ability: Orichalcum Pulse|[of] p2a: Flame Rider\n|-activate|p2a: Flame Rider|Orichalcum Pulse|[source]\n|turn|9\n|\n|t:|1697594009\n|-terastallize|p1a: Ogerpon|Fire\n|detailschange|p1a: Ogerpon|Ogerpon-Hearthflame-Tera, F, tera:Fire\n|-ability|p1a: Ogerpon|Embody Aspect (Hearthflame)|boost\n|-boost|p1a: Ogerpon|atk|1\n|move|p2a: Flame Rider|Dragon Claw|p1a: Ogerpon\n|-damage|p1a: Ogerpon|30\/100\n|move|p1a: Ogerpon|Trailblaze|p2a: Flame Rider\n|-resisted|p2a: Flame Rider\n|-damage|p2a: Flame Rider|79\/100\n|-boost|p1a: Ogerpon|spe|1\n|\n|-weather|SunnyDay|[upkeep]\n|upkeep\n|turn|10\n|\n|t:|1697594026\n|switch|p2a: Beelzebub|Giratina-Origin, tera:Poison|55\/100 brn\n|move|p1a: Ogerpon|Ivy Cudgel|p2a: Beelzebub\n|-damage|p2a: Beelzebub|0 fnt\n|faint|p2a: Beelzebub\n|\n|-weather|SunnyDay|[upkeep]\n|upkeep\n|j| ZowwyCafe\u2764\n|\n|t:|1697594037\n|switch|p2a: Flame Rider|Koraidon|79\/100\n|-activate|p2a: Flame Rider|ability: Orichalcum Pulse\n|turn|11\n|\n|t:|1697594043\n|move|p1a: Ogerpon|Ivy Cudgel|p2a: Flame Rider\n|-resisted|p2a: Flame Rider\n|-damage|p2a: Flame Rider|0 fnt\n|faint|p2a: Flame Rider\n|\n|-weather|SunnyDay|[upkeep]\n|upkeep\n|\n|t:|1697594048\n|switch|p2a: R E S P E C T|Basculegion, M|100\/100\n|turn|12\n|\n|t:|1697594058\n|move|p2a: R E S P E C T|Aqua Jet|p1a: Ogerpon\n|-supereffective|p1a: Ogerpon\n|-damage|p1a: Ogerpon|3\/100\n|move|p1a: Ogerpon|Ivy Cudgel|p2a: R E S P E C T\n|-resisted|p2a: R E S P E C T\n|-damage|p2a: R E S P E C T|0 fnt\n|faint|p2a: R E S P E C T\n|\n|-weather|SunnyDay|[upkeep]\n|upkeep\n|\n|t:|1697594084\n|switch|p2a: Squishmallow|Clodsire, F|100\/100\n|turn|13\n|\n|t:|1697594090\n|move|p1a: Ogerpon|Ivy Cudgel|p2a: Squishmallow\n|-damage|p2a: Squishmallow|0 fnt\n|faint|p2a: Squishmallow\n|\n|win|AviCXT\n|raw|AviCXT's rating: 1355 &rarr; <strong>1377<\/strong><br \/>(+22 for winning)\n|raw|treegirl22's rating: 1382 &rarr; <strong>1360<\/strong><br \/>(-22 for losing)\n|l|\u2606treegirl22\n|l|\u2606AviCXT\n|l| ZowwyCafe\u2764\n|j|\u2606AviCXT\n|player|p1|AviCXT|nate\n","uploadtime":1697594161,"views":10,"p1id":"avicxt","p2id":"treegirl22","formatid":"gen9ubers","rating":1360,"private":0,"password":""}