{"id":"gen9ubers-1987478211","p1":"Cyclistsiggy","p2":"Spezza39","format":"[Gen 9] Ubers","log":"|j|\u2606Cyclistsiggy\n|j|\u2606Spezza39\n|t:|1699598245\n|gametype|singles\n|player|p1|Cyclistsiggy|cyclist-gen4|\n|player|p2|Spezza39|101|\n|teamsize|p1|6\n|teamsize|p2|6\n|gen|9\n|tier|[Gen 9] Ubers\n|rule|Sleep Clause Mod: Limit one foe put to sleep\n|rule|Species Clause: Limit one of each Pok\u00e9mon\n|rule|OHKO Clause: OHKO moves are banned\n|rule|Evasion Items Clause: Evasion items are banned\n|rule|Evasion Moves Clause: Evasion moves are banned\n|rule|Endless Battle Clause: Forcing endless battles is banned\n|rule|HP Percentage Mod: HP is shown in percentages\n|clearpoke\n|poke|p1|Annihilape, F|\n|poke|p1|Ogerpon-Hearthflame, F|\n|poke|p1|Grimmsnarl, M|\n|poke|p1|Kommo-o, F|\n|poke|p1|Glimmora, M|\n|poke|p1|Iron Moth|\n|poke|p2|Kingambit, M|\n|poke|p2|Ting-Lu|\n|poke|p2|Baxcalibur, M|\n|poke|p2|Meowscarada, M|\n|poke|p2|Iron Bundle|\n|poke|p2|Cinderace, F|\n|teampreview\n|\n|t:|1699598263\n|start\n|switch|p1a: Annihilape|Annihilape, F|100\/100\n|switch|p2a: Meowscarada|Meowscarada, M|100\/100\n|turn|1\n|\n|t:|1699598291\n|move|p2a: Meowscarada|Play Rough|p1a: Annihilape|[miss]\n|-start|p2a: Meowscarada|typechange|Fairy|[from] ability: Protean\n|-miss|p2a: Meowscarada|p1a: Annihilape\n|move|p1a: Annihilape|Bulk Up|p1a: Annihilape\n|-boost|p1a: Annihilape|atk|1\n|-boost|p1a: Annihilape|def|1\n|\n|upkeep\n|turn|2\n|\n|t:|1699598307\n|move|p2a: Meowscarada|Play Rough|p1a: Annihilape|[miss]\n|-miss|p2a: Meowscarada|p1a: Annihilape\n|move|p1a: Annihilape|Rage Fist|p2a: Meowscarada\n|-damage|p2a: Meowscarada|53\/100\n|\n|upkeep\n|turn|3\n|\n|t:|1699598326\n|move|p2a: Meowscarada|Play Rough|p1a: Annihilape\n|-supereffective|p1a: Annihilape\n|-damage|p1a: Annihilape|50\/100\n|move|p1a: Annihilape|Rage Fist|p2a: Meowscarada\n|-damage|p2a: Meowscarada|0 fnt\n|faint|p2a: Meowscarada\n|\n|-heal|p1a: Annihilape|56\/100|[from] item: Leftovers\n|upkeep\n|\n|t:|1699598369\n|switch|p2a: Cinderace|Cinderace, F|100\/100\n|turn|4\n|\n|t:|1699598383\n|move|p2a: Cinderace|Zen Headbutt|p1a: Annihilape\n|-start|p2a: Cinderace|typechange|Psychic|[from] ability: Libero\n|-supereffective|p1a: Annihilape\n|-damage|p1a: Annihilape|5\/100\n|cant|p1a: Annihilape|flinch\n|\n|-heal|p1a: Annihilape|11\/100|[from] item: Leftovers\n|upkeep\n|turn|5\n|\n|t:|1699598405\n|switch|p1a: Grimmsnarl|Grimmsnarl, M|100\/100\n|move|p2a: Cinderace|Pyro Ball|p1a: Grimmsnarl\n|-damage|p1a: Grimmsnarl|52\/100\n|\n|upkeep\n|turn|6\n|\n|t:|1699598436\n|move|p1a: Grimmsnarl|Reflect|p1a: Grimmsnarl\n|-sidestart|p1: Cyclistsiggy|Reflect\n|move|p2a: Cinderace|Iron Head|p1a: Grimmsnarl\n|-supereffective|p1a: Grimmsnarl\n|-damage|p1a: Grimmsnarl|19\/100\n|\n|upkeep\n|turn|7\n|\n|t:|1699598451\n|move|p1a: Grimmsnarl|Thunder Wave|p2a: Cinderace\n|-status|p2a: Cinderace|par\n|move|p2a: Cinderace|Swords Dance|p2a: Cinderace\n|-boost|p2a: Cinderace|atk|2\n|\n|upkeep\n|turn|8\n|\n|t:|1699598474\n|move|p1a: Grimmsnarl|Parting Shot|p2a: Cinderace\n|-unboost|p2a: Cinderace|atk|1\n|-unboost|p2a: Cinderace|spa|1\n|\n|t:|1699598477\n|switch|p1a: Glimmora|Glimmora, M|100\/100|[from] Parting Shot\n|move|p2a: Cinderace|Pyro Ball|p1a: Glimmora|[miss]\n|-miss|p2a: Cinderace|p1a: Glimmora\n|\n|upkeep\n|turn|9\n|\n|t:|1699598510\n|switch|p2a: Iron Bundle|Iron Bundle|100\/100\n|move|p1a: Glimmora|Stealth Rock|p2a: Iron Bundle\n|-sidestart|p2: Spezza39|move: Stealth Rock\n|\n|upkeep\n|turn|10\n|\n|t:|1699598523\n|move|p2a: Iron Bundle|Taunt|p1a: Glimmora\n|-start|p1a: Glimmora|move: Taunt\n|move|p1a: Glimmora|Power Gem|p2a: Iron Bundle\n|-supereffective|p2a: Iron Bundle\n|-damage|p2a: Iron Bundle|0 fnt\n|faint|p2a: Iron Bundle\n|-end|p2a: Iron Bundle|Quark Drive|[silent]\n|\n|upkeep\n|\n|t:|1699598549\n|switch|p2a: Baxcalibur|Baxcalibur, M|100\/100\n|-damage|p2a: Baxcalibur|76\/100|[from] Stealth Rock\n|turn|11\n|\n|t:|1699598554\n|move|p2a: Baxcalibur|Dragon Dance|p2a: Baxcalibur\n|-boost|p2a: Baxcalibur|atk|1\n|-boost|p2a: Baxcalibur|spe|1\n|move|p1a: Glimmora|Power Gem|p2a: Baxcalibur\n|-supereffective|p2a: Baxcalibur\n|-damage|p2a: Baxcalibur|0 fnt\n|faint|p2a: Baxcalibur\n|\n|upkeep\n|\n|t:|1699598562\n|switch|p2a: Kingambit|Kingambit, M|100\/100\n|-damage|p2a: Kingambit|94\/100|[from] Stealth Rock\n|-activate|p2a: Kingambit|ability: Supreme Overlord\n|-start|p2a: Kingambit|fallen3|[silent]\n|turn|12\n|\n|t:|1699598574\n|switch|p1a: Ogerpon|Ogerpon-Hearthflame, F|100\/100\n|-ability|p1a: Ogerpon|Mold Breaker\n|move|p2a: Kingambit|Swords Dance|p2a: Kingambit\n|-boost|p2a: Kingambit|atk|2\n|\n|upkeep\n|turn|13\n|\n|t:|1699598602\n|-end|p2a: Kingambit|fallen3|[silent]\n|switch|p2a: Ting-Lu|Ting-Lu|100\/100\n|-damage|p2a: Ting-Lu|94\/100|[from] Stealth Rock\n|-ability|p2a: Ting-Lu|Vessel of Ruin\n|move|p1a: Ogerpon|Ivy Cudgel|p2a: Ting-Lu\n|-damage|p2a: Ting-Lu|62\/100\n|\n|-sideend|p1: Cyclistsiggy|Reflect\n|upkeep\n|turn|14\n|\n|t:|1699598629\n|move|p1a: Ogerpon|Horn Leech|p2a: Ting-Lu\n|-supereffective|p2a: Ting-Lu\n|-damage|p2a: Ting-Lu|9\/100\n|move|p2a: Ting-Lu|Earthquake|p1a: Ogerpon\n|-damage|p1a: Ogerpon|36\/100\n|\n|upkeep\n|turn|15\n|\n|t:|1699598639\n|move|p1a: Ogerpon|Horn Leech|p2a: Ting-Lu\n|-supereffective|p2a: Ting-Lu\n|-damage|p2a: Ting-Lu|0 fnt\n|-heal|p1a: Ogerpon|44\/100|[from] drain|[of] p2a: Ting-Lu\n|faint|p2a: Ting-Lu\n|\n|upkeep\n|\n|t:|1699598647\n|switch|p2a: Cinderace|Cinderace, F|100\/100 par\n|turn|16\n|\n|t:|1699598691\n|switch|p1a: Glimmora|Glimmora, M|100\/100\n|move|p2a: Cinderace|Zen Headbutt|p1a: Glimmora\n|-start|p2a: Cinderace|typechange|Psychic|[from] ability: Libero\n|-supereffective|p1a: Glimmora\n|-damage|p1a: Glimmora|11\/100\n|-activate|p1a: Glimmora|ability: Toxic Debris\n|-sidestart|p2: Spezza39|move: Toxic Spikes\n|\n|upkeep\n|turn|17\n|\n|t:|1699598706\n|move|p1a: Glimmora|Power Gem|p2a: Cinderace\n|-damage|p2a: Cinderace|39\/100 par\n|move|p2a: Cinderace|Iron Head|p1a: Glimmora\n|-supereffective|p1a: Glimmora\n|-damage|p1a: Glimmora|0 fnt\n|-activate|p1a: Glimmora|ability: Toxic Debris\n|-sidestart|p2: Spezza39|move: Toxic Spikes\n|faint|p1a: Glimmora\n|\n|upkeep\n|\n|t:|1699598713\n|switch|p1a: Grimmsnarl|Grimmsnarl, M|19\/100\n|turn|18\n|\n|t:|1699598721\n|move|p1a: Grimmsnarl|Reflect|p1a: Grimmsnarl\n|-sidestart|p1: Cyclistsiggy|Reflect\n|move|p2a: Cinderace|Iron Head|p1a: Grimmsnarl\n|-supereffective|p1a: Grimmsnarl\n|-damage|p1a: Grimmsnarl|0 fnt\n|faint|p1a: Grimmsnarl\n|\n|upkeep\n|\n|t:|1699598792\n|switch|p1a: Iron Moth|Iron Moth|100\/100\n|-enditem|p1a: Iron Moth|Booster Energy\n|-activate|p1a: Iron Moth|ability: Quark Drive|[fromitem]\n|-start|p1a: Iron Moth|quarkdrivespa\n|turn|19\n|\n|t:|1699598800\n|move|p1a: Iron Moth|Fiery Dance|p2a: Cinderace\n|-damage|p2a: Cinderace|0 fnt\n|-boost|p1a: Iron Moth|spa|1\n|faint|p2a: Cinderace\n|\n|upkeep\n|\n|t:|1699598806\n|switch|p2a: Kingambit|Kingambit, M|94\/100\n|-damage|p2a: Kingambit|88\/100|[from] Stealth Rock\n|-activate|p2a: Kingambit|ability: Supreme Overlord\n|-start|p2a: Kingambit|fallen5|[silent]\n|turn|20\n|\n|t:|1699598822\n|move|p1a: Iron Moth|Fiery Dance|p2a: Kingambit\n|-supereffective|p2a: Kingambit\n|-damage|p2a: Kingambit|0 fnt\n|-boost|p1a: Iron Moth|spa|1\n|faint|p2a: Kingambit\n|-end|p2a: Kingambit|fallen5|[silent]\n|\n|win|Cyclistsiggy\n|c|\u2606Cyclistsiggy|Gg\n|l|\u2606Spezza39\n","uploadtime":1699598835,"views":21,"p1id":"cyclistsiggy","p2id":"spezza39","formatid":"gen9ubers","rating":0,"private":0,"password":""}