{"id":"gen9ubers-1985633000","p1":"Bi11 Russell","p2":"Glassyy13","format":"[Gen 9] Ubers","log":"|j|\u2606Bi11 Russell\n|j|\u2606Glassyy13\n|t:|1699390809\n|gametype|singles\n|player|p1|Bi11 Russell|hoopster|1000\n|player|p2|Glassyy13|nate|1114\n|teamsize|p1|6\n|teamsize|p2|6\n|gen|9\n|tier|[Gen 9] Ubers\n|rated|\n|rule|Sleep Clause Mod: Limit one foe put to sleep\n|rule|Species Clause: Limit one of each Pok\u00e9mon\n|rule|OHKO Clause: OHKO moves are banned\n|rule|Evasion Items Clause: Evasion items are banned\n|rule|Evasion Moves Clause: Evasion moves are banned\n|rule|Endless Battle Clause: Forcing endless battles is banned\n|rule|HP Percentage Mod: HP is shown in percentages\n|clearpoke\n|poke|p1|Arceus-Ghost|\n|poke|p1|Zacian-*|\n|poke|p1|Koraidon|\n|poke|p1|Kyogre|\n|poke|p1|Miraidon|\n|poke|p1|Iron Bundle|\n|poke|p2|Ogerpon-Hearthflame, F|\n|poke|p2|Zacian-*|\n|poke|p2|Calyrex-Ice|\n|poke|p2|Urshifu-*, M|\n|poke|p2|Regieleki|\n|poke|p2|Landorus-Therian, M|\n|teampreview\n|\n|t:|1699390848\n|start\n|switch|p1a: Zacian|Zacian-Crowned|100\/100\n|switch|p2a: Landorus|Landorus-Therian, M|100\/100\n|-ability|p2a: Landorus|Intimidate|boost\n|-unboost|p1a: Zacian|atk|1\n|-ability|p1a: Zacian|Intrepid Sword|boost\n|-boost|p1a: Zacian|atk|1\n|turn|1\n|\n|t:|1699390856\n|move|p2a: Landorus|Earthquake|p1a: Zacian\n|-supereffective|p1a: Zacian\n|-damage|p1a: Zacian|8\/100\n|move|p1a: Zacian|Swords Dance|p1a: Zacian\n|-boost|p1a: Zacian|atk|2\n|\n|upkeep\n|turn|2\n|\n|t:|1699390861\n|move|p2a: Landorus|Earthquake|p1a: Zacian\n|-supereffective|p1a: Zacian\n|-damage|p1a: Zacian|0 fnt\n|faint|p1a: Zacian\n|\n|upkeep\n|\n|t:|1699390873\n|switch|p1a: Arceus|Arceus-Ghost|100\/100\n|turn|3\n|\n|t:|1699390926\n|switch|p2a: Urshifu|Urshifu, M|100\/100\n|move|p1a: Arceus|Will-O-Wisp|p2a: Urshifu\n|-status|p2a: Urshifu|brn\n|\n|-damage|p2a: Urshifu|94\/100 brn|[from] brn\n|upkeep\n|turn|4\n|inactive|Battle timer is ON: inactive players will automatically lose when time's up. (requested by Bi11 Russell)\n|\n|t:|1699390943\n|switch|p1a: Koraidon|Koraidon|100\/100\n|-weather|SunnyDay|[from] ability: Orichalcum Pulse|[of] p1a: Koraidon\n|-activate|p1a: Koraidon|Orichalcum Pulse|[source]\n|-terastallize|p2a: Urshifu|Dark\n|move|p2a: Urshifu|Wicked Blow|p1a: Koraidon\n|-resisted|p1a: Koraidon\n|-crit|p1a: Koraidon\n|-damage|p1a: Koraidon|79\/100\n|\n|-weather|SunnyDay|[upkeep]\n|-damage|p2a: Urshifu|88\/100 brn|[from] brn\n|upkeep\n|turn|5\n|\n|t:|1699390957\n|switch|p2a: Landorus|Landorus-Therian, M|100\/100\n|-ability|p2a: Landorus|Intimidate|boost\n|-unboost|p1a: Koraidon|atk|1\n|move|p1a: Koraidon|Collision Course|p2a: Landorus\n|-resisted|p2a: Landorus\n|-damage|p2a: Landorus|71\/100\n|\n|-weather|SunnyDay|[upkeep]\n|upkeep\n|turn|6\n|\n|t:|1699390965\n|switch|p1a: Kyogre|Kyogre|100\/100\n|-weather|RainDance|[from] ability: Drizzle|[of] p1a: Kyogre\n|move|p2a: Landorus|Crunch|p1a: Kyogre\n|-damage|p1a: Kyogre|73\/100\n|\n|-weather|RainDance|[upkeep]\n|upkeep\n|turn|7\n|\n|t:|1699390976\n|switch|p2a: Regieleki|Regieleki|100\/100\n|move|p1a: Kyogre|Water Spout|p2a: Regieleki\n|-damage|p2a: Regieleki|12\/100\n|\n|-weather|RainDance|[upkeep]\n|upkeep\n|turn|8\n|\n|t:|1699390987\n|switch|p1a: Koraidon|Koraidon|79\/100\n|-weather|SunnyDay|[from] ability: Orichalcum Pulse|[of] p1a: Koraidon\n|-activate|p1a: Koraidon|Orichalcum Pulse|[source]\n|move|p2a: Regieleki|Thunder Cage|p1a: Koraidon|[miss]\n|-miss|p2a: Regieleki|p1a: Koraidon\n|\n|-weather|SunnyDay|[upkeep]\n|upkeep\n|turn|9\n|\n|t:|1699391000\n|move|p1a: Koraidon|U-turn|p2a: Regieleki\n|-damage|p2a: Regieleki|0 fnt\n|faint|p2a: Regieleki\n|\n|t:|1699391007\n|switch|p1a: Miraidon|Miraidon|100\/100|[from] U-turn\n|-fieldstart|move: Electric Terrain|[from] ability: Hadron Engine|[of] p1a: Miraidon\n|\n|-weather|SunnyDay|[upkeep]\n|upkeep\n|\n|t:|1699391011\n|switch|p2a: Landorus|Landorus-Therian, M|71\/100\n|-ability|p2a: Landorus|Intimidate|boost\n|-unboost|p1a: Miraidon|atk|1\n|turn|10\n|inactive|Bi11 Russell has 120 seconds left.\n|\n|t:|1699391042\n|switch|p1a: Arceus|Arceus-Ghost|100\/100\n|move|p2a: Landorus|Earthquake|p1a: Arceus\n|-damage|p1a: Arceus|70\/100\n|\n|-weather|SunnyDay|[upkeep]\n|upkeep\n|turn|11\n|inactive|Bi11 Russell has 120 seconds left.\n|\n|t:|1699391060\n|move|p2a: Landorus|Earthquake|p1a: Arceus\n|-damage|p1a: Arceus|38\/100\n|move|p1a: Arceus|Judgment|p2a: Landorus\n|-damage|p2a: Landorus|25\/100\n|\n|-weather|SunnyDay|[upkeep]\n|upkeep\n|turn|12\n|\n|t:|1699391065\n|move|p2a: Landorus|Earthquake|p1a: Arceus\n|-damage|p1a: Arceus|5\/100\n|move|p1a: Arceus|Recover|p1a: Arceus\n|-heal|p1a: Arceus|55\/100\n|\n|-weather|none\n|upkeep\n|turn|13\n|\n|t:|1699391074\n|move|p2a: Landorus|Earthquake|p1a: Arceus\n|-damage|p1a: Arceus|21\/100\n|move|p1a: Arceus|Recover|p1a: Arceus\n|-heal|p1a: Arceus|71\/100\n|\n|-fieldend|move: Electric Terrain\n|upkeep\n|turn|14\n|\n|t:|1699391080\n|move|p2a: Landorus|Earthquake|p1a: Arceus\n|-damage|p1a: Arceus|39\/100\n|move|p1a: Arceus|Recover|p1a: Arceus\n|-heal|p1a: Arceus|89\/100\n|\n|upkeep\n|turn|15\n|\n|t:|1699391086\n|move|p2a: Landorus|Earthquake|p1a: Arceus\n|-damage|p1a: Arceus|53\/100\n|move|p1a: Arceus|Recover|p1a: Arceus\n|-heal|p1a: Arceus|100\/100\n|\n|upkeep\n|turn|16\n|\n|t:|1699391091\n|move|p2a: Landorus|Earthquake|p1a: Arceus\n|-damage|p1a: Arceus|68\/100\n|move|p1a: Arceus|Will-O-Wisp|p2a: Landorus\n|-status|p2a: Landorus|brn\n|\n|-damage|p2a: Landorus|19\/100 brn|[from] brn\n|upkeep\n|turn|17\n|\n|t:|1699391107\n|move|p2a: Landorus|Earthquake|p1a: Arceus\n|-damage|p1a: Arceus|51\/100\n|move|p1a: Arceus|Recover|p1a: Arceus\n|-heal|p1a: Arceus|100\/100\n|\n|-damage|p2a: Landorus|13\/100 brn|[from] brn\n|upkeep\n|turn|18\n|\n|t:|1699391112\n|move|p2a: Landorus|Earthquake|p1a: Arceus\n|-damage|p1a: Arceus|85\/100\n|move|p1a: Arceus|Calm Mind|p1a: Arceus\n|-boost|p1a: Arceus|spa|1\n|-boost|p1a: Arceus|spd|1\n|\n|-damage|p2a: Landorus|7\/100 brn|[from] brn\n|upkeep\n|turn|19\n|\n|t:|1699391115\n|move|p2a: Landorus|Earthquake|p1a: Arceus\n|-damage|p1a: Arceus|70\/100\n|move|p1a: Arceus|Recover|p1a: Arceus\n|-heal|p1a: Arceus|100\/100\n|\n|-damage|p2a: Landorus|1\/100 brn|[from] brn\n|upkeep\n|turn|20\n|\n|t:|1699391124\n|move|p2a: Landorus|Earthquake|p1a: Arceus\n|-damage|p1a: Arceus|83\/100\n|move|p1a: Arceus|Calm Mind|p1a: Arceus\n|-boost|p1a: Arceus|spa|1\n|-boost|p1a: Arceus|spd|1\n|\n|-damage|p2a: Landorus|0 fnt|[from] brn\n|faint|p2a: Landorus\n|upkeep\n|\n|t:|1699391128\n|switch|p2a: Zacian|Zacian-Crowned|100\/100\n|-ability|p2a: Zacian|Intrepid Sword|boost\n|-boost|p2a: Zacian|atk|1\n|turn|21\n|\n|t:|1699391137\n|move|p2a: Zacian|Behemoth Blade|p1a: Arceus\n|-damage|p1a: Arceus|29\/100\n|move|p1a: Arceus|Will-O-Wisp|p2a: Zacian\n|-status|p2a: Zacian|brn\n|\n|-damage|p2a: Zacian|94\/100 brn|[from] brn\n|upkeep\n|turn|22\n|\n|t:|1699391144\n|move|p2a: Zacian|Behemoth Blade|p1a: Arceus\n|-damage|p1a: Arceus|2\/100\n|move|p1a: Arceus|Recover|p1a: Arceus\n|-heal|p1a: Arceus|52\/100\n|\n|-damage|p2a: Zacian|88\/100 brn|[from] brn\n|upkeep\n|turn|23\n|\n|t:|1699391165\n|move|p2a: Zacian|Swords Dance|p2a: Zacian\n|-boost|p2a: Zacian|atk|2\n|move|p1a: Arceus|Recover|p1a: Arceus\n|-heal|p1a: Arceus|100\/100\n|\n|-damage|p2a: Zacian|82\/100 brn|[from] brn\n|upkeep\n|turn|24\n|\n|t:|1699391169\n|move|p2a: Zacian|Behemoth Blade|p1a: Arceus\n|-damage|p1a: Arceus|57\/100\n|move|p1a: Arceus|Judgment|p2a: Zacian\n|-damage|p2a: Zacian|0 fnt\n|faint|p2a: Zacian\n|\n|upkeep\n|\n|t:|1699391177\n|switch|p2a: Urshifu|Urshifu, M, tera:Dark|88\/100 brn\n|turn|25\n|\n|t:|1699391180\n|move|p2a: Urshifu|Sucker Punch|p1a: Arceus\n|-supereffective|p1a: Arceus\n|-damage|p1a: Arceus|19\/100\n|move|p1a: Arceus|Judgment|p2a: Urshifu\n|-resisted|p2a: Urshifu\n|-damage|p2a: Urshifu|30\/100 brn\n|\n|-damage|p2a: Urshifu|24\/100 brn|[from] brn\n|upkeep\n|turn|26\n|\n|t:|1699391195\n|switch|p1a: Koraidon|Koraidon|79\/100\n|-weather|SunnyDay|[from] ability: Orichalcum Pulse|[of] p1a: Koraidon\n|-activate|p1a: Koraidon|Orichalcum Pulse|[source]\n|move|p2a: Urshifu|Sucker Punch||[still]\n|-fail|p2a: Urshifu\n|\n|-weather|SunnyDay|[upkeep]\n|-damage|p2a: Urshifu|18\/100 brn|[from] brn\n|upkeep\n|turn|27\n|\n|t:|1699391219\n|move|p2a: Urshifu|Sucker Punch|p1a: Koraidon\n|-resisted|p1a: Koraidon\n|-damage|p1a: Koraidon|66\/100\n|move|p1a: Koraidon|Flare Blitz|p2a: Urshifu\n|-damage|p2a: Urshifu|0 fnt\n|faint|p2a: Urshifu\n|-damage|p1a: Koraidon|60\/100|[from] Recoil\n|\n|-weather|SunnyDay|[upkeep]\n|upkeep\n|\n|t:|1699391228\n|switch|p2a: Ogerpon|Ogerpon-Hearthflame, F|100\/100\n|-ability|p2a: Ogerpon|Mold Breaker\n|turn|28\n|\n|t:|1699391233\n|-terastallize|p1a: Koraidon|Fire\n|move|p2a: Ogerpon|Spiky Shield|p2a: Ogerpon\n|-singleturn|p2a: Ogerpon|move: Protect\n|move|p1a: Koraidon|Flare Blitz|p2a: Ogerpon\n|-activate|p2a: Ogerpon|move: Protect\n|-damage|p1a: Koraidon|48\/100|[from] Spiky Shield|[of] p2a: Ogerpon\n|\n|-weather|SunnyDay|[upkeep]\n|upkeep\n|turn|29\n|\n|t:|1699391254\n|move|p1a: Koraidon|Flare Blitz|p2a: Ogerpon\n|-damage|p2a: Ogerpon|0 fnt\n|faint|p2a: Ogerpon\n|-damage|p1a: Koraidon|19\/100|[from] Recoil\n|\n|-weather|SunnyDay|[upkeep]\n|upkeep\n|\n|t:|1699391256\n|switch|p2a: Calyrex|Calyrex-Ice|100\/100\n|-ability|p2a: Calyrex|As One\n|-ability|p2a: Calyrex|Unnerve\n|turn|30\n|\n|t:|1699391261\n|move|p1a: Koraidon|Flare Blitz|p2a: Calyrex\n|-supereffective|p2a: Calyrex\n|-damage|p2a: Calyrex|0 fnt\n|faint|p2a: Calyrex\n|-damage|p1a: Koraidon|0 fnt|[from] Recoil\n|faint|p1a: Koraidon\n|\n|win|Bi11 Russell\n|raw|Bi11 Russell's rating: 1000 &rarr; <strong>1053<\/strong><br \/>(+53 for winning)\n|raw|Glassyy13's rating: 1114 &rarr; <strong>1081<\/strong><br \/>(-33 for losing)\n","uploadtime":1699391269,"views":6,"p1id":"bi11russell","p2id":"glassyy13","formatid":"gen9ubers","rating":1053,"private":0,"password":""}