{"id":"gen9ubers-1997325175","p1":"lancasterLycanrocs","p2":"Slowbrokes","format":"[Gen 9] Ubers","log":"|j|\u2606lancasterLycanrocs\n|j|\u2606Slowbrokes\n|t:|1700789615\n|gametype|singles\n|player|p1|lancasterLycanrocs|101|\n|player|p2|Slowbrokes|1|\n|teamsize|p1|6\n|teamsize|p2|6\n|gen|9\n|tier|[Gen 9] Ubers\n|rule|Sleep Clause Mod: Limit one foe put to sleep\n|rule|Species Clause: Limit one of each Pok\u00e9mon\n|rule|OHKO Clause: OHKO moves are banned\n|rule|Evasion Items Clause: Evasion items are banned\n|rule|Evasion Moves Clause: Evasion moves are banned\n|rule|Endless Battle Clause: Forcing endless battles is banned\n|rule|HP Percentage Mod: HP is shown in percentages\n|clearpoke\n|poke|p1|Kommo-o, M|\n|poke|p1|Ogerpon-Wellspring, F|\n|poke|p1|Weezing-Galar, F|\n|poke|p1|Iron Jugulis|\n|poke|p1|Donphan, M|\n|poke|p1|Glaceon, M|\n|poke|p2|Jolteon, M|\n|poke|p2|Hoopa-Unbound|\n|poke|p2|Lucario, F|\n|poke|p2|Urshifu-*, M|\n|poke|p2|Landorus-Therian, M|\n|poke|p2|Zangoose, F|\n|teampreview\n|c|\u2606lancasterLycanrocs|Gl hf\n|\n|t:|1700789636\n|start\n|switch|p1a: Iron Jugulis|Iron Jugulis|100\/100\n|switch|p2a: Landorus|Landorus-Therian, M|100\/100\n|-ability|p2a: Landorus|Intimidate|boost\n|-unboost|p1a: Iron Jugulis|atk|1\n|turn|1\n|\n|t:|1700789645\n|move|p1a: Iron Jugulis|Dark Pulse|p2a: Landorus\n|-damage|p2a: Landorus|74\/100\n|move|p2a: Landorus|Stone Edge|p1a: Iron Jugulis|[miss]\n|-miss|p2a: Landorus|p1a: Iron Jugulis\n|\n|upkeep\n|turn|2\n|\n|t:|1700789651\n|-end|p1a: Iron Jugulis|Quark Drive|[silent]\n|switch|p1a: Donphan|Donphan, M|100\/100\n|move|p2a: Landorus|U-turn|p1a: Donphan\n|-crit|p1a: Donphan\n|-damage|p1a: Donphan|70\/100\n|\n|t:|1700789663\n|switch|p2a: Urshifu|Urshifu, M|100\/100|[from] U-turn\n|\n|-heal|p1a: Donphan|76\/100|[from] item: Leftovers\n|upkeep\n|turn|3\n|\n|t:|1700789668\n|move|p2a: Urshifu|Ice Punch|p1a: Donphan\n|-supereffective|p1a: Donphan\n|-damage|p1a: Donphan|19\/100\n|move|p1a: Donphan|Stealth Rock|p2a: Urshifu\n|-sidestart|p2: Slowbrokes|move: Stealth Rock\n|\n|-heal|p1a: Donphan|25\/100|[from] item: Leftovers\n|upkeep\n|turn|4\n|\n|t:|1700789675\n|move|p1a: Donphan|Ice Shard|p2a: Urshifu\n|-damage|p2a: Urshifu|86\/100\n|move|p2a: Urshifu|Ice Punch|p1a: Donphan\n|-supereffective|p1a: Donphan\n|-damage|p1a: Donphan|0 fnt\n|faint|p1a: Donphan\n|\n|upkeep\n|\n|t:|1700789682\n|switch|p1a: Iron Jugulis|Iron Jugulis|100\/100\n|turn|5\n|c|\u2606Slowbrokes|Same to u gl hf\n|\n|t:|1700789697\n|switch|p2a: Landorus|Landorus-Therian, M|74\/100\n|-damage|p2a: Landorus|62\/100|[from] Stealth Rock\n|-ability|p2a: Landorus|Intimidate|boost\n|-unboost|p1a: Iron Jugulis|atk|1\n|move|p1a: Iron Jugulis|Air Slash|p2a: Landorus\n|-damage|p2a: Landorus|39\/100\n|\n|upkeep\n|turn|6\n|\n|t:|1700789712\n|-end|p1a: Iron Jugulis|Quark Drive|[silent]\n|switch|p1a: Ogerpon|Ogerpon-Wellspring, F|100\/100\n|move|p2a: Landorus|U-turn|p1a: Ogerpon\n|-supereffective|p1a: Ogerpon\n|-crit|p1a: Ogerpon\n|-damage|p1a: Ogerpon|9\/100\n|c|\u2606lancasterLycanrocs|dbl crit...\n|\n|t:|1700789724\n|switch|p2a: Hoopa|Hoopa-Unbound|100\/100|[from] U-turn\n|-damage|p2a: Hoopa|88\/100|[from] Stealth Rock\n|\n|upkeep\n|turn|7\n|\n|t:|1700789739\n|switch|p1a: Glaceon|Glaceon, M|100\/100\n|move|p2a: Hoopa|Energy Ball|p1a: Glaceon\n|-damage|p1a: Glaceon|71\/100\n|\n|-heal|p1a: Glaceon|77\/100|[from] item: Leftovers\n|upkeep\n|turn|8\n|\n|t:|1700789747\n|switch|p2a: Lucario|Lucario, F|100\/100\n|-damage|p2a: Lucario|98\/100|[from] Stealth Rock\n|move|p1a: Glaceon|Yawn|p2a: Lucario\n|-start|p2a: Lucario|move: Yawn|[of] p1a: Glaceon\n|\n|-heal|p1a: Glaceon|83\/100|[from] item: Leftovers\n|upkeep\n|turn|9\n|\n|t:|1700789755\n|move|p1a: Glaceon|Protect|p1a: Glaceon\n|-singleturn|p1a: Glaceon|Protect\n|move|p2a: Lucario|Flash Cannon|p1a: Glaceon\n|-activate|p1a: Glaceon|move: Protect\n|\n|-heal|p1a: Glaceon|89\/100|[from] item: Leftovers\n|-end|p2a: Lucario|move: Yawn|[silent]\n|-status|p2a: Lucario|slp\n|upkeep\n|turn|10\n|\n|t:|1700789765\n|switch|p2a: Jolteon|Jolteon, M|100\/100\n|-damage|p2a: Jolteon|88\/100|[from] Stealth Rock\n|switch|p1a: Kommo-o|Kommo-o, M|100\/100\n|\n|-status|p2a: Jolteon|brn|[from] item: Flame Orb\n|upkeep\n|turn|11\n|l|\u2606Slowbrokes\n|player|p2|\n|j|\u2606Slowbrokes\n|player|p2|Slowbrokes|1\n|\n|t:|1700789799\n|-terastallize|p2a: Jolteon|Flying\n|-terastallize|p1a: Kommo-o|Fairy\n|move|p2a: Jolteon|Tera Blast|p1a: Kommo-o|[anim] Tera Blast Flying\n|-damage|p1a: Kommo-o|67\/100\n|move|p1a: Kommo-o|Thunder Punch|p2a: Jolteon\n|-supereffective|p2a: Jolteon\n|-damage|p2a: Jolteon|0 fnt\n|faint|p2a: Jolteon\n|\n|upkeep\n|\n|t:|1700789824\n|switch|p2a: Zangoose|Zangoose, F|100\/100\n|-damage|p2a: Zangoose|88\/100|[from] Stealth Rock\n|turn|12\n|\n|t:|1700789834\n|move|p2a: Zangoose|Agility|p2a: Zangoose\n|-boost|p2a: Zangoose|spe|2\n|move|p1a: Kommo-o|Drain Punch|p2a: Zangoose\n|-supereffective|p2a: Zangoose\n|-damage|p2a: Zangoose|0 fnt\n|-heal|p1a: Kommo-o|100\/100|[from] drain|[of] p2a: Zangoose\n|faint|p2a: Zangoose\n|\n|upkeep\n|\n|t:|1700789844\n|switch|p2a: Lucario|Lucario, F|98\/100 slp\n|-damage|p2a: Lucario|95\/100 slp|[from] Stealth Rock\n|turn|13\n|\n|t:|1700789848\n|cant|p2a: Lucario|slp\n|move|p1a: Kommo-o|Substitute|p1a: Kommo-o\n|-start|p1a: Kommo-o|Substitute\n|-damage|p1a: Kommo-o|76\/100\n|\n|upkeep\n|turn|14\n|\n|t:|1700789853\n|-curestatus|p2a: Lucario|slp|[msg]\n|move|p2a: Lucario|Flash Cannon|p1a: Kommo-o\n|-supereffective|p1a: Kommo-o\n|-end|p1a: Kommo-o|Substitute\n|move|p1a: Kommo-o|Dragon Dance|p1a: Kommo-o\n|-boost|p1a: Kommo-o|atk|1\n|-boost|p1a: Kommo-o|spe|1\n|\n|upkeep\n|turn|15\n|\n|t:|1700789862\n|move|p1a: Kommo-o|Drain Punch|p2a: Lucario\n|-supereffective|p2a: Lucario\n|-damage|p2a: Lucario|0 fnt\n|-heal|p1a: Kommo-o|100\/100|[from] drain|[of] p2a: Lucario\n|faint|p2a: Lucario\n|\n|upkeep\n|\n|t:|1700789865\n|switch|p2a: Hoopa|Hoopa-Unbound|88\/100\n|-damage|p2a: Hoopa|76\/100|[from] Stealth Rock\n|turn|16\n|\n|t:|1700789878\n|move|p2a: Hoopa|Psychic|p1a: Kommo-o\n|-damage|p1a: Kommo-o|51\/100\n|move|p1a: Kommo-o|Drain Punch|p2a: Hoopa\n|-damage|p2a: Hoopa|0 fnt\n|-heal|p1a: Kommo-o|84\/100|[from] drain|[of] p2a: Hoopa\n|faint|p2a: Hoopa\n|\n|upkeep\n|\n|t:|1700789881\n|switch|p2a: Landorus|Landorus-Therian, M|39\/100\n|-damage|p2a: Landorus|26\/100|[from] Stealth Rock\n|-ability|p2a: Landorus|Intimidate|boost\n|-fail|p1a: Kommo-o|unboost|[from] item: Clear Amulet|[of] p1a: Kommo-o\n|turn|17\n|\n|t:|1700789891\n|move|p1a: Kommo-o|Drain Punch|p2a: Landorus\n|-resisted|p2a: Landorus\n|-damage|p2a: Landorus|0 fnt\n|-heal|p1a: Kommo-o|97\/100|[from] drain|[of] p2a: Landorus\n|faint|p2a: Landorus\n|\n|upkeep\n|\n|t:|1700789893\n|switch|p2a: Urshifu|Urshifu, M|86\/100\n|-damage|p2a: Urshifu|80\/100|[from] Stealth Rock\n|turn|18\n|\n|t:|1700789901\n|move|p1a: Kommo-o|Drain Punch|p2a: Urshifu\n|-supereffective|p2a: Urshifu\n|-damage|p2a: Urshifu|0 fnt\n|-heal|p1a: Kommo-o|100\/100|[from] drain|[of] p2a: Urshifu\n|faint|p2a: Urshifu\n|\n|win|lancasterLycanrocs\n|c|\u2606lancasterLycanrocs|Gg\n|c|\u2606Slowbrokes|Gg\n","uploadtime":1700789909,"views":38,"p1id":"lancasterlycanrocs","p2id":"slowbrokes","formatid":"gen9ubers","rating":0,"private":0,"password":""}