{"id":"gen9ubers-1984266311","p1":"Sol CPU","p2":"slugmaaa","format":"[Gen 9] Ubers","log":"|j|\u2606Sol CPU\n|j|\u2606slugmaaa\n|t:|1699236785\n|gametype|singles\n|player|p1|Sol CPU|ethan|\n|player|p2|slugmaaa|harlequin|\n|teamsize|p1|6\n|teamsize|p2|6\n|gen|9\n|tier|[Gen 9] Ubers\n|rule|Sleep Clause Mod: Limit one foe put to sleep\n|rule|Species Clause: Limit one of each Pok\u00e9mon\n|rule|OHKO Clause: OHKO moves are banned\n|rule|Evasion Items Clause: Evasion items are banned\n|rule|Evasion Moves Clause: Evasion moves are banned\n|rule|Endless Battle Clause: Forcing endless battles is banned\n|rule|HP Percentage Mod: HP is shown in percentages\n|clearpoke\n|poke|p1|Electrode-Hisui|\n|poke|p1|Volcarona, F|\n|poke|p1|Articuno|\n|poke|p1|Muk-Alola, M|\n|poke|p1|Mismagius, F|\n|poke|p1|Lycanroc-Dusk, M|\n|poke|p2|Pachirisu, M|\n|poke|p2|Iron Bundle|\n|poke|p2|Iron Hands|\n|poke|p2|Arcanine-Hisui, F|\n|poke|p2|Dragonite, M|\n|poke|p2|Blissey, F|\n|teampreview\n|j| Squirshawott\n|j| Astyr.Pygos\n|c|\u2606slugmaaa|jerry\n|c|\u2606Sol CPU|Pachirisu my beloved\n|j| RoamingDia\n|c|\u2606Sol CPU|Why betray like this\n|j| Pkpowers310\n|c|\u2606Sol CPU|me like this*\n|j| KickinAsh\n|\n|t:|1699236870\n|start\n|switch|p1a: Cave Loiterer|Articuno|100\/100\n|switch|p2a: dragon my nutz|Dragonite, M|100\/100\n|-ability|p1a: Cave Loiterer|Pressure\n|turn|1\n|\n|t:|1699236890\n|switch|p2a: hi miguel|Blissey, F|100\/100\n|move|p1a: Cave Loiterer|Reflect|p1a: Cave Loiterer\n|-sidestart|p1: Sol CPU|Reflect\n|\n|upkeep\n|turn|2\n|\n|t:|1699236902\n|move|p1a: Cave Loiterer|Light Screen|p1a: Cave Loiterer\n|-sidestart|p1: Sol CPU|move: Light Screen\n|move|p2a: hi miguel|Thunder Wave|p1a: Cave Loiterer\n|-status|p1a: Cave Loiterer|par\n|\n|upkeep\n|turn|3\n|\n|t:|1699236916\n|switch|p1a: M O T H|Volcarona, F|100\/100\n|move|p2a: hi miguel|Seismic Toss|p1a: M O T H\n|-damage|p1a: M O T H|68\/100\n|\n|-heal|p1a: M O T H|75\/100|[from] item: Leftovers\n|upkeep\n|turn|4\n|\n|t:|1699236930\n|move|p1a: M O T H|Quiver Dance|p1a: M O T H\n|-boost|p1a: M O T H|spa|1\n|-boost|p1a: M O T H|spd|1\n|-boost|p1a: M O T H|spe|1\n|move|p2a: hi miguel|Thunder Wave|p1a: M O T H\n|-status|p1a: M O T H|par\n|\n|-heal|p1a: M O T H|81\/100 par|[from] item: Leftovers\n|upkeep\n|turn|5\n|\n|t:|1699236942\n|move|p1a: M O T H|Bug Buzz|p2a: hi miguel\n|-damage|p2a: hi miguel|73\/100\n|move|p2a: hi miguel|Seismic Toss|p1a: M O T H\n|-damage|p1a: M O T H|49\/100 par\n|\n|-heal|p1a: M O T H|55\/100 par|[from] item: Leftovers\n|-heal|p2a: hi miguel|80\/100|[from] item: Leftovers\n|-sideend|p1: Sol CPU|Reflect\n|upkeep\n|turn|6\n|\n|t:|1699236951\n|move|p1a: M O T H|Will-O-Wisp|p2a: hi miguel\n|-status|p2a: hi miguel|brn\n|move|p2a: hi miguel|Seismic Toss|p1a: M O T H\n|-damage|p1a: M O T H|23\/100 par\n|\n|-heal|p1a: M O T H|29\/100 par|[from] item: Leftovers\n|-heal|p2a: hi miguel|86\/100 brn|[from] item: Leftovers\n|-damage|p2a: hi miguel|80\/100 brn|[from] brn\n|-sideend|p1: Sol CPU|move: Light Screen\n|upkeep\n|turn|7\n|\n|t:|1699236974\n|move|p1a: M O T H|Bug Buzz|p2a: hi miguel\n|-damage|p2a: hi miguel|39\/100 brn\n|move|p2a: hi miguel|Seismic Toss|p1a: M O T H\n|-damage|p1a: M O T H|0 fnt\n|faint|p1a: M O T H\n|\n|-heal|p2a: hi miguel|45\/100 brn|[from] item: Leftovers\n|-damage|p2a: hi miguel|39\/100 brn|[from] brn\n|upkeep\n|\n|t:|1699236986\n|switch|p1a: Time for Ice Cream|Lycanroc-Dusk, M|100\/100\n|turn|8\n|\n|t:|1699237000\n|move|p1a: Time for Ice Cream|Close Combat|p2a: hi miguel\n|-supereffective|p2a: hi miguel\n|-damage|p2a: hi miguel|0 fnt\n|-unboost|p1a: Time for Ice Cream|def|1\n|-unboost|p1a: Time for Ice Cream|spd|1\n|faint|p2a: hi miguel\n|-damage|p1a: Time for Ice Cream|91\/100|[from] item: Life Orb\n|\n|upkeep\n|\n|t:|1699237037\n|switch|p2a: scrat scrat|Pachirisu, M, shiny|100\/100\n|turn|9\n|\n|t:|1699237042\n|move|p1a: Time for Ice Cream|Drill Run|p2a: scrat scrat\n|-supereffective|p2a: scrat scrat\n|-damage|p2a: scrat scrat|0 fnt\n|faint|p2a: scrat scrat\n|-damage|p1a: Time for Ice Cream|81\/100|[from] item: Life Orb\n|\n|upkeep\n|\n|t:|1699237053\n|switch|p2a: kill myself|Iron Bundle, shiny|100\/100\n|turn|10\n|\n|t:|1699237063\n|switch|p1a: Cave Loiterer|Articuno|100\/100 par\n|-ability|p1a: Cave Loiterer|Pressure\n|move|p2a: kill myself|Hydro Pump|p1a: Cave Loiterer\n|-damage|p1a: Cave Loiterer|51\/100 par\n|-damage|p2a: kill myself|91\/100|[from] item: Life Orb\n|\n|upkeep\n|turn|11\n|\n|t:|1699237081\n|move|p2a: kill myself|Ice Beam|p1a: Cave Loiterer\n|-damage|p1a: Cave Loiterer|11\/100 par\n|-damage|p2a: kill myself|81\/100|[from] item: Life Orb\n|move|p1a: Cave Loiterer|Roost|p1a: Cave Loiterer\n|-heal|p1a: Cave Loiterer|61\/100 par\n|-singleturn|p1a: Cave Loiterer|move: Roost\n|\n|upkeep\n|turn|12\n|\n|t:|1699237089\n|move|p2a: kill myself|Hydro Pump|p1a: Cave Loiterer\n|-damage|p1a: Cave Loiterer|7\/100 par\n|-damage|p2a: kill myself|71\/100|[from] item: Life Orb\n|move|p1a: Cave Loiterer|Roost|p1a: Cave Loiterer\n|-heal|p1a: Cave Loiterer|57\/100 par\n|-singleturn|p1a: Cave Loiterer|move: Roost\n|\n|upkeep\n|turn|13\n|\n|t:|1699237098\n|-end|p2a: kill myself|Quark Drive|[silent]\n|switch|p2a: walmart incin?|Arcanine-Hisui, F, shiny|100\/100\n|cant|p1a: Cave Loiterer|par\n|\n|upkeep\n|turn|14\n|\n|t:|1699237115\n|move|p2a: walmart incin?|Flare Blitz|p1a: Cave Loiterer\n|-supereffective|p1a: Cave Loiterer\n|-damage|p1a: Cave Loiterer|0 fnt\n|faint|p1a: Cave Loiterer\n|\n|upkeep\n|\n|t:|1699237123\n|switch|p1a: Time for Ice Cream|Lycanroc-Dusk, M|81\/100\n|turn|15\n|\n|t:|1699237181\n|switch|p2a: dragon my nutz|Dragonite, M|100\/100\n|move|p1a: Time for Ice Cream|Accelerock|p2a: dragon my nutz\n|-supereffective|p2a: dragon my nutz\n|-damage|p2a: dragon my nutz|66\/100\n|-damage|p1a: Time for Ice Cream|71\/100|[from] item: Life Orb\n|\n|upkeep\n|turn|16\n|\n|t:|1699237207\n|switch|p1a: The Cooler Muk|Muk-Alola, M|100\/100\n|move|p2a: dragon my nutz|Dragon Dance|p2a: dragon my nutz\n|-boost|p2a: dragon my nutz|atk|1\n|-boost|p2a: dragon my nutz|spe|1\n|\n|upkeep\n|turn|17\n|\n|t:|1699237214\n|move|p2a: dragon my nutz|Earthquake|p1a: The Cooler Muk\n|-supereffective|p1a: The Cooler Muk\n|-damage|p1a: The Cooler Muk|0 fnt\n|faint|p1a: The Cooler Muk\n|\n|upkeep\n|\n|t:|1699237226\n|switch|p1a: Large Hat Enjoyer|Mismagius, F|100\/100\n|turn|18\n|\n|t:|1699237233\n|move|p2a: dragon my nutz|Dragon Dance|p2a: dragon my nutz\n|-boost|p2a: dragon my nutz|atk|1\n|-boost|p2a: dragon my nutz|spe|1\n|move|p1a: Large Hat Enjoyer|Dazzling Gleam|p2a: dragon my nutz\n|-supereffective|p2a: dragon my nutz\n|-damage|p2a: dragon my nutz|15\/100\n|\n|upkeep\n|turn|19\n|\n|t:|1699237248\n|move|p2a: dragon my nutz|Ice Spinner|p1a: Large Hat Enjoyer\n|-enditem|p1a: Large Hat Enjoyer|Focus Sash\n|-damage|p1a: Large Hat Enjoyer|1\/100\n|move|p1a: Large Hat Enjoyer|Dazzling Gleam|p2a: dragon my nutz\n|-supereffective|p2a: dragon my nutz\n|-damage|p2a: dragon my nutz|0 fnt\n|faint|p2a: dragon my nutz\n|\n|upkeep\n|\n|t:|1699237255\n|switch|p2a: kill myself|Iron Bundle, shiny|71\/100\n|turn|20\n|\n|t:|1699237262\n|move|p1a: Large Hat Enjoyer|Protect|p1a: Large Hat Enjoyer\n|-singleturn|p1a: Large Hat Enjoyer|Protect\n|move|p2a: kill myself|Ice Beam|p1a: Large Hat Enjoyer\n|-activate|p1a: Large Hat Enjoyer|move: Protect\n|\n|upkeep\n|turn|21\n|\n|t:|1699237271\n|move|p2a: kill myself|Ice Beam|p1a: Large Hat Enjoyer\n|-damage|p1a: Large Hat Enjoyer|0 fnt\n|faint|p1a: Large Hat Enjoyer\n|-damage|p2a: kill myself|61\/100|[from] item: Life Orb\n|\n|upkeep\n|\n|t:|1699237276\n|switch|p1a: Ball Go Brrrrr|Electrode-Hisui, shiny|100\/100\n|turn|22\n|\n|t:|1699237285\n|-end|p2a: kill myself|Quark Drive|[silent]\n|switch|p2a: big...|Iron Hands|100\/100\n|-terastallize|p1a: Ball Go Brrrrr|Electric\n|move|p1a: Ball Go Brrrrr|Thunder Wave|p2a: big...\n|-immune|p2a: big...\n|\n|upkeep\n|turn|23\n|\n|t:|1699237297\n|switch|p1a: Time for Ice Cream|Lycanroc-Dusk, M|71\/100\n|move|p2a: big...|Earthquake|p1a: Time for Ice Cream\n|-supereffective|p1a: Time for Ice Cream\n|-damage|p1a: Time for Ice Cream|0 fnt\n|faint|p1a: Time for Ice Cream\n|\n|upkeep\n|\n|t:|1699237303\n|switch|p1a: Ball Go Brrrrr|Electrode-Hisui, shiny, tera:Electric|100\/100\n|turn|24\n|\n|t:|1699237308\n|move|p1a: Ball Go Brrrrr|Energy Ball|p2a: big...\n|-damage|p2a: big...|85\/100\n|move|p2a: big...|Earthquake|p1a: Ball Go Brrrrr\n|-supereffective|p1a: Ball Go Brrrrr\n|-damage|p1a: Ball Go Brrrrr|0 fnt\n|faint|p1a: Ball Go Brrrrr\n|\n|win|slugmaaa\n","uploadtime":1699237318,"views":6,"p1id":"solcpu","p2id":"slugmaaa","formatid":"gen9ubers","rating":0,"private":0,"password":""}