{"id":"gen9ubers-1975672605","p1":"golden_youssef","p2":"AXL94100","format":"[Gen 9] Ubers","log":"|j|\u2606golden_youssef\n|j|\u2606AXL94100\n|t:|1698222896\n|gametype|singles\n|player|p1|golden_youssef|pokekid|1336\n|player|p2|AXL94100|nate|1301\n|teamsize|p1|6\n|teamsize|p2|6\n|gen|9\n|tier|[Gen 9] Ubers\n|rated|\n|rule|Sleep Clause Mod: Limit one foe put to sleep\n|rule|Species Clause: Limit one of each Pok\u00e9mon\n|rule|OHKO Clause: OHKO moves are banned\n|rule|Evasion Items Clause: Evasion items are banned\n|rule|Evasion Moves Clause: Evasion moves are banned\n|rule|Endless Battle Clause: Forcing endless battles is banned\n|rule|HP Percentage Mod: HP is shown in percentages\n|clearpoke\n|poke|p1|Great Tusk|\n|poke|p1|Gholdengo|\n|poke|p1|Roaring Moon|\n|poke|p1|Flutter Mane|\n|poke|p1|Landorus-Therian, M|\n|poke|p1|Dialga-Origin|\n|poke|p2|Arceus-Ghost|\n|poke|p2|Zacian-*|\n|poke|p2|Rayquaza|\n|poke|p2|Kyogre|\n|poke|p2|Basculegion, M|\n|poke|p2|Iron Bundle|\n|teampreview\n|\n|t:|1698222937\n|start\n|switch|p1a: Flutter Mane|Flutter Mane|100\/100\n|switch|p2a: Iron Bundle|Iron Bundle|100\/100\n|-enditem|p2a: Iron Bundle|Booster Energy\n|-activate|p2a: Iron Bundle|ability: Quark Drive|[fromitem]\n|-start|p2a: Iron Bundle|quarkdrivespe\n|turn|1\n|\n|t:|1698222945\n|move|p2a: Iron Bundle|Ice Beam|p1a: Flutter Mane\n|-damage|p1a: Flutter Mane|50\/100\n|move|p1a: Flutter Mane|Moonblast|p2a: Iron Bundle\n|-damage|p2a: Iron Bundle|0 fnt\n|faint|p2a: Iron Bundle\n|-end|p2a: Iron Bundle|Quark Drive|[silent]\n|\n|upkeep\n|\n|t:|1698222952\n|switch|p2a: Zacian|Zacian-Crowned|100\/100\n|-ability|p2a: Zacian|Intrepid Sword|boost\n|-boost|p2a: Zacian|atk|1\n|turn|2\n|j| ZowwyCafe\u2764\n|\n|t:|1698222957\n|-end|p1a: Flutter Mane|Protosynthesis|[silent]\n|switch|p1a: Landorus|Landorus-Therian, M|100\/100\n|-ability|p1a: Landorus|Intimidate|boost\n|-unboost|p2a: Zacian|atk|1\n|move|p2a: Zacian|Behemoth Blade|p1a: Landorus\n|-damage|p1a: Landorus|28\/100\n|\n|upkeep\n|turn|3\n|\n|t:|1698222965\n|move|p1a: Landorus|Earthquake|p2a: Zacian\n|-supereffective|p2a: Zacian\n|-damage|p2a: Zacian|4\/100\n|move|p2a: Zacian|Behemoth Blade|p1a: Landorus\n|-damage|p1a: Landorus|0 fnt\n|faint|p1a: Landorus\n|\n|upkeep\n|\n|t:|1698222977\n|switch|p1a: Roaring Moon|Roaring Moon|100\/100\n|-enditem|p1a: Roaring Moon|Booster Energy\n|-activate|p1a: Roaring Moon|ability: Protosynthesis|[fromitem]\n|-start|p1a: Roaring Moon|protosynthesisatk\n|turn|4\n|\n|t:|1698222981\n|-terastallize|p1a: Roaring Moon|Steel\n|move|p2a: Zacian|Play Rough|p1a: Roaring Moon\n|-resisted|p1a: Roaring Moon\n|-crit|p1a: Roaring Moon\n|-damage|p1a: Roaring Moon|54\/100\n|move|p1a: Roaring Moon|Dragon Dance|p1a: Roaring Moon\n|-boost|p1a: Roaring Moon|atk|1\n|-boost|p1a: Roaring Moon|spe|1\n|\n|upkeep\n|turn|5\n|\n|t:|1698222988\n|move|p1a: Roaring Moon|Iron Head|p2a: Zacian\n|-damage|p2a: Zacian|0 fnt\n|faint|p2a: Zacian\n|\n|upkeep\n|\n|t:|1698222996\n|switch|p2a: Arceus|Arceus-Ghost|100\/100\n|turn|6\n|\n|t:|1698222999\n|move|p1a: Roaring Moon|Acrobatics|p2a: Arceus\n|-damage|p2a: Arceus|39\/100\n|move|p2a: Arceus|Judgment|p1a: Roaring Moon\n|-damage|p1a: Roaring Moon|0 fnt\n|faint|p1a: Roaring Moon\n|-end|p1a: Roaring Moon|Protosynthesis|[silent]\n|\n|upkeep\n|\n|t:|1698223003\n|switch|p1a: Flutter Mane|Flutter Mane|50\/100\n|turn|7\n|\n|t:|1698223014\n|move|p1a: Flutter Mane|Shadow Ball|p2a: Arceus\n|-supereffective|p2a: Arceus\n|-damage|p2a: Arceus|0 fnt\n|faint|p2a: Arceus\n|\n|upkeep\n|\n|t:|1698223020\n|switch|p2a: Kyogre|Kyogre|100\/100\n|-weather|RainDance|[from] ability: Drizzle|[of] p2a: Kyogre\n|turn|8\n|\n|t:|1698223023\n|move|p2a: Kyogre|Water Spout|p1a: Flutter Mane\n|-damage|p1a: Flutter Mane|0 fnt\n|faint|p1a: Flutter Mane\n|-end|p1a: Flutter Mane|Protosynthesis|[silent]\n|\n|-weather|RainDance|[upkeep]\n|upkeep\n|\n|t:|1698223026\n|switch|p1a: Dialga|Dialga-Origin|100\/100\n|-ability|p1a: Dialga|Pressure\n|turn|9\n|\n|t:|1698223030\n|-terastallize|p2a: Kyogre|Water\n|move|p2a: Kyogre|Water Spout|p1a: Dialga\n|-resisted|p1a: Dialga\n|-damage|p1a: Dialga|37\/100\n|move|p1a: Dialga|Dragon Pulse|p2a: Kyogre\n|-damage|p2a: Kyogre|54\/100\n|\n|-weather|RainDance|[upkeep]\n|upkeep\n|turn|10\n|\n|t:|1698223037\n|move|p2a: Kyogre|Water Spout|p1a: Dialga\n|-resisted|p1a: Dialga\n|-damage|p1a: Dialga|1\/100\n|move|p1a: Dialga|Dragon Pulse|p2a: Kyogre\n|-damage|p2a: Kyogre|11\/100\n|\n|-weather|RainDance|[upkeep]\n|upkeep\n|turn|11\n|\n|t:|1698223043\n|move|p2a: Kyogre|Water Spout|p1a: Dialga\n|-resisted|p1a: Dialga\n|-crit|p1a: Dialga\n|-damage|p1a: Dialga|0 fnt\n|faint|p1a: Dialga\n|\n|-weather|RainDance|[upkeep]\n|upkeep\n|\n|t:|1698223046\n|switch|p1a: Great Tusk|Great Tusk|100\/100\n|turn|12\n|\n|t:|1698223050\n|move|p2a: Kyogre|Water Spout|p1a: Great Tusk\n|-supereffective|p1a: Great Tusk\n|-damage|p1a: Great Tusk|72\/100\n|move|p1a: Great Tusk|Rapid Spin|p2a: Kyogre\n|-damage|p2a: Kyogre|0 fnt\n|-boost|p1a: Great Tusk|spe|1\n|faint|p2a: Kyogre\n|\n|-weather|none\n|upkeep\n|\n|t:|1698223054\n|switch|p2a: Rayquaza|Rayquaza|100\/100\n|-ability|p2a: Rayquaza|Air Lock\n|turn|13\n|\n|t:|1698223060\n|move|p2a: Rayquaza|Dragon Dance|p2a: Rayquaza\n|-boost|p2a: Rayquaza|atk|1\n|-boost|p2a: Rayquaza|spe|1\n|move|p1a: Great Tusk|Ice Spinner|p2a: Rayquaza\n|-supereffective|p2a: Rayquaza\n|-enditem|p2a: Rayquaza|Focus Sash\n|-damage|p2a: Rayquaza|1\/100\n|\n|upkeep\n|turn|14\n|j| Kanha Greninja\n|\n|t:|1698223066\n|move|p2a: Rayquaza|Earthquake|p1a: Great Tusk\n|-damage|p1a: Great Tusk|28\/100\n|move|p1a: Great Tusk|Rapid Spin|p2a: Rayquaza\n|-damage|p2a: Rayquaza|0 fnt\n|-boost|p1a: Great Tusk|spe|1\n|faint|p2a: Rayquaza\n|\n|upkeep\n|\n|t:|1698223070\n|switch|p2a: Basculegion|Basculegion, M|100\/100\n|turn|15\n|\n|t:|1698223074\n|move|p2a: Basculegion|Last Respects|p1a: Great Tusk\n|-damage|p1a: Great Tusk|0 fnt\n|faint|p1a: Great Tusk\n|-end|p1a: Great Tusk|Protosynthesis|[silent]\n|\n|upkeep\n|\n|t:|1698223077\n|switch|p1a: Gholdengo|Gholdengo|100\/100\n|turn|16\n|-message|golden_youssef forfeited.\n|\n|win|AXL94100\n|raw|golden_youssef's rating: 1336 &rarr; <strong>1314<\/strong><br \/>(-22 for losing)\n|raw|AXL94100's rating: 1301 &rarr; <strong>1323<\/strong><br \/>(+22 for winning)\n|l|\u2606golden_youssef\n","uploadtime":1698223083,"views":8,"p1id":"goldenyoussef","p2id":"axl94100","formatid":"gen9ubers","rating":1314,"private":0,"password":""}