{"id":"gen9ubers-1979127663","p1":"GoakinHuntForR.O.","p2":"Bro\u2605taro","format":"[Gen 9] Ubers","log":"|j|\u2606GoakinHuntForR.O.\n|j|\u2606Bro\u2605taro\n|t:|1698635951\n|gametype|singles\n|player|p1|GoakinHuntForR.O.|n|1486\n|player|p2|Bro\u2605taro|emmet|1373\n|teamsize|p1|6\n|teamsize|p2|6\n|gen|9\n|tier|[Gen 9] Ubers\n|rated|\n|rule|Sleep Clause Mod: Limit one foe put to sleep\n|rule|Species Clause: Limit one of each Pok\u00e9mon\n|rule|OHKO Clause: OHKO moves are banned\n|rule|Evasion Items Clause: Evasion items are banned\n|rule|Evasion Moves Clause: Evasion moves are banned\n|rule|Endless Battle Clause: Forcing endless battles is banned\n|rule|HP Percentage Mod: HP is shown in percentages\n|clearpoke\n|poke|p1|Koraidon|\n|poke|p1|Zacian-*|\n|poke|p1|Arceus-Fairy|\n|poke|p1|Landorus-Therian, M|\n|poke|p1|Eternatus|\n|poke|p1|Gliscor, F|\n|poke|p2|Koraidon|\n|poke|p2|Ribombee, M|\n|poke|p2|Eternatus|\n|poke|p2|Ceruledge, M|\n|poke|p2|Iron Bundle|\n|poke|p2|Iron Treads|\n|teampreview\n|\n|t:|1698636004\n|start\n|switch|p1a: Gliscor|Gliscor, F|100\/100\n|switch|p2a: Ribombee|Ribombee, M|100\/100\n|turn|1\n|\n|t:|1698636009\n|move|p1a: Gliscor|Protect|p1a: Gliscor\n|-singleturn|p1a: Gliscor|Protect\n|move|p2a: Ribombee|Stun Spore|p1a: Gliscor\n|-activate|p1a: Gliscor|move: Protect\n|\n|-status|p1a: Gliscor|tox|[from] item: Toxic Orb\n|upkeep\n|turn|2\n|\n|t:|1698636015\n|move|p2a: Ribombee|Sticky Web|p1a: Gliscor\n|-sidestart|p1: GoakinHuntForR.O.|move: Sticky Web\n|move|p1a: Gliscor|Toxic|p2a: Ribombee\n|-status|p2a: Ribombee|tox\n|\n|-damage|p2a: Ribombee|94\/100 tox|[from] psn\n|upkeep\n|turn|3\n|\n|t:|1698636018\n|move|p2a: Ribombee|Moonblast|p1a: Gliscor\n|-damage|p1a: Gliscor|59\/100 tox\n|move|p1a: Gliscor|Spikes|p2a: Ribombee\n|-sidestart|p2: Bro\u2605taro|Spikes\n|\n|-damage|p2a: Ribombee|82\/100 tox|[from] psn\n|-heal|p1a: Gliscor|71\/100 tox|[from] ability: Poison Heal\n|upkeep\n|turn|4\n|\n|t:|1698636020\n|move|p2a: Ribombee|Moonblast|p1a: Gliscor\n|-damage|p1a: Gliscor|25\/100 tox\n|move|p1a: Gliscor|Spikes|p2a: Ribombee\n|-sidestart|p2: Bro\u2605taro|Spikes\n|\n|-damage|p2a: Ribombee|64\/100 tox|[from] psn\n|-heal|p1a: Gliscor|38\/100 tox|[from] ability: Poison Heal\n|upkeep\n|turn|5\n|\n|t:|1698636023\n|move|p1a: Gliscor|Protect|p1a: Gliscor\n|-singleturn|p1a: Gliscor|Protect\n|move|p2a: Ribombee|Moonblast|p1a: Gliscor\n|-activate|p1a: Gliscor|move: Protect\n|\n|-damage|p2a: Ribombee|39\/100 tox|[from] psn\n|-heal|p1a: Gliscor|50\/100 tox|[from] ability: Poison Heal\n|upkeep\n|turn|6\n|\n|t:|1698636030\n|move|p2a: Ribombee|Moonblast|p1a: Gliscor\n|-damage|p1a: Gliscor|7\/100 tox\n|move|p1a: Gliscor|Spikes|p2a: Ribombee\n|-sidestart|p2: Bro\u2605taro|Spikes\n|\n|-damage|p2a: Ribombee|9\/100 tox|[from] psn\n|-heal|p1a: Gliscor|19\/100 tox|[from] ability: Poison Heal\n|upkeep\n|turn|7\n|\n|t:|1698636033\n|move|p1a: Gliscor|Protect|p1a: Gliscor\n|-singleturn|p1a: Gliscor|Protect\n|move|p2a: Ribombee|Moonblast|p1a: Gliscor\n|-activate|p1a: Gliscor|move: Protect\n|\n|-damage|p2a: Ribombee|0 fnt|[from] psn\n|faint|p2a: Ribombee\n|-heal|p1a: Gliscor|32\/100 tox|[from] ability: Poison Heal\n|upkeep\n|\n|t:|1698636039\n|switch|p2a: Iron Bundle|Iron Bundle|100\/100\n|-damage|p2a: Iron Bundle|76\/100|[from] Spikes\n|turn|8\n|\n|t:|1698636050\n|switch|p1a: Arceus|Arceus-Fairy|100\/100\n|-activate|p1a: Arceus|move: Sticky Web\n|-unboost|p1a: Arceus|spe|1\n|move|p2a: Iron Bundle|Freeze-Dry|p1a: Arceus\n|-damage|p1a: Arceus|64\/100\n|\n|upkeep\n|turn|9\n|\n|t:|1698636058\n|-end|p2a: Iron Bundle|Quark Drive|[silent]\n|switch|p2a: Iron Treads|Iron Treads|100\/100\n|move|p1a: Arceus|Judgment|p2a: Iron Treads\n|-resisted|p2a: Iron Treads\n|-damage|p2a: Iron Treads|70\/100\n|\n|upkeep\n|turn|10\n|\n|t:|1698636061\n|move|p2a: Iron Treads|Rapid Spin|p1a: Arceus\n|-damage|p1a: Arceus|58\/100\n|-boost|p2a: Iron Treads|spe|1\n|-sideend|p2: Bro\u2605taro|Spikes|[from] move: Rapid Spin|[of] p2a: Iron Treads\n|move|p1a: Arceus|Will-O-Wisp|p2a: Iron Treads\n|-status|p2a: Iron Treads|brn\n|\n|-damage|p2a: Iron Treads|64\/100 brn|[from] brn\n|upkeep\n|turn|11\n|\n|t:|1698636064\n|switch|p1a: Gliscor|Gliscor, F|32\/100 tox\n|move|p2a: Iron Treads|Volt Switch|p1a: Gliscor\n|-immune|p1a: Gliscor\n|\n|-heal|p1a: Gliscor|44\/100 tox|[from] ability: Poison Heal\n|-damage|p2a: Iron Treads|57\/100 brn|[from] brn\n|upkeep\n|turn|12\n|\n|t:|1698636069\n|-end|p2a: Iron Treads|Quark Drive|[silent]\n|switch|p2a: Iron Bundle|Iron Bundle|76\/100\n|move|p1a: Gliscor|Earthquake|p2a: Iron Bundle\n|-crit|p2a: Iron Bundle\n|-damage|p2a: Iron Bundle|16\/100\n|\n|-heal|p1a: Gliscor|57\/100 tox|[from] ability: Poison Heal\n|upkeep\n|turn|13\n|\n|t:|1698636073\n|move|p1a: Gliscor|Protect|p1a: Gliscor\n|-singleturn|p1a: Gliscor|Protect\n|move|p2a: Iron Bundle|Freeze-Dry|p1a: Gliscor\n|-activate|p1a: Gliscor|move: Protect\n|\n|-heal|p1a: Gliscor|69\/100 tox|[from] ability: Poison Heal\n|upkeep\n|turn|14\n|\n|t:|1698636075\n|switch|p1a: Arceus|Arceus-Fairy|58\/100\n|-activate|p1a: Arceus|move: Sticky Web\n|-unboost|p1a: Arceus|spe|1\n|move|p2a: Iron Bundle|Freeze-Dry|p1a: Arceus\n|-damage|p1a: Arceus|24\/100\n|\n|upkeep\n|turn|15\n|\n|t:|1698636077\n|move|p2a: Iron Bundle|Freeze-Dry|p1a: Arceus\n|-damage|p1a: Arceus|0 fnt\n|faint|p1a: Arceus\n|\n|upkeep\n|\n|t:|1698636084\n|switch|p1a: Zacian|Zacian-Crowned|100\/100\n|-activate|p1a: Zacian|move: Sticky Web\n|-unboost|p1a: Zacian|spe|1\n|-ability|p1a: Zacian|Intrepid Sword|boost\n|-boost|p1a: Zacian|atk|1\n|turn|16\n|\n|t:|1698636096\n|-end|p2a: Iron Bundle|Quark Drive|[silent]\n|switch|p2a: Eternatus|Eternatus|100\/100\n|-ability|p2a: Eternatus|Pressure\n|move|p1a: Zacian|Behemoth Blade|p2a: Eternatus\n|-damage|p2a: Eternatus|29\/100\n|\n|upkeep\n|turn|17\n|\n|t:|1698636104\n|switch|p1a: Gliscor|Gliscor, F|69\/100 tox\n|move|p2a: Eternatus|Flamethrower|p1a: Gliscor\n|-crit|p1a: Gliscor\n|-damage|p1a: Gliscor|0 fnt\n|faint|p1a: Gliscor\n|-damage|p2a: Eternatus|19\/100|[from] item: Life Orb\n|\n|upkeep\n|inactive|Battle timer is ON: inactive players will automatically lose when time's up. (requested by Bro\u2605taro)\n|\n|t:|1698636157\n|switch|p1a: Eternatus|Eternatus|100\/100\n|-ability|p1a: Eternatus|Pressure\n|turn|18\n|\n|t:|1698636162\n|-terastallize|p1a: Eternatus|Fairy\n|move|p1a: Eternatus|Dynamax Cannon|p2a: Eternatus\n|-supereffective|p2a: Eternatus\n|-damage|p2a: Eternatus|0 fnt\n|faint|p2a: Eternatus\n|\n|upkeep\n|\n|t:|1698636174\n|switch|p2a: Iron Bundle|Iron Bundle|16\/100\n|turn|19\n|\n|t:|1698636177\n|move|p2a: Iron Bundle|Ice Beam|p1a: Eternatus\n|-damage|p1a: Eternatus|53\/100\n|move|p1a: Eternatus|Dynamax Cannon|p2a: Iron Bundle\n|-damage|p2a: Iron Bundle|0 fnt\n|faint|p2a: Iron Bundle\n|-end|p2a: Iron Bundle|Quark Drive|[silent]\n|\n|upkeep\n|\n|t:|1698636182\n|switch|p2a: Koraidon|Koraidon|100\/100\n|-weather|SunnyDay|[from] ability: Orichalcum Pulse|[of] p2a: Koraidon\n|-activate|p2a: Koraidon|Orichalcum Pulse|[source]\n|turn|20\n|\n|t:|1698636193\n|switch|p1a: Landorus|Landorus-Therian, M|100\/100\n|-ability|p1a: Landorus|Intimidate|boost\n|-unboost|p2a: Koraidon|atk|1\n|-terastallize|p2a: Koraidon|Fire\n|move|p2a: Koraidon|Swords Dance|p2a: Koraidon\n|-boost|p2a: Koraidon|atk|2\n|\n|-weather|SunnyDay|[upkeep]\n|upkeep\n|turn|21\n|\n|t:|1698636198\n|move|p2a: Koraidon|Flare Blitz|p1a: Landorus\n|-damage|p1a: Landorus|0 fnt\n|-damage|p2a: Koraidon|84\/100|[from] item: Rocky Helmet|[of] p1a: Landorus\n|faint|p1a: Landorus\n|-damage|p2a: Koraidon|47\/100|[from] Recoil\n|\n|-weather|SunnyDay|[upkeep]\n|upkeep\n|inactive|GoakinHuntForR.O. has 120 seconds left.\n|\n|t:|1698636232\n|switch|p1a: Zacian|Zacian-Crowned|100\/100\n|-activate|p1a: Zacian|move: Sticky Web\n|-unboost|p1a: Zacian|spe|1\n|turn|22\n|\n|t:|1698636241\n|switch|p1a: Eternatus|Eternatus, tera:Fairy|53\/100\n|-ability|p1a: Eternatus|Pressure\n|move|p2a: Koraidon|Flare Blitz|p1a: Eternatus\n|-damage|p1a: Eternatus|0 fnt\n|faint|p1a: Eternatus\n|-damage|p2a: Koraidon|25\/100|[from] Recoil\n|\n|-weather|SunnyDay|[upkeep]\n|upkeep\n|\n|t:|1698636244\n|switch|p1a: Zacian|Zacian-Crowned|100\/100\n|-activate|p1a: Zacian|move: Sticky Web\n|-unboost|p1a: Zacian|spe|1\n|turn|23\n|\n|t:|1698636248\n|move|p2a: Koraidon|Flare Blitz|p1a: Zacian\n|-supereffective|p1a: Zacian\n|-damage|p1a: Zacian|0 fnt\n|faint|p1a: Zacian\n|-damage|p2a: Koraidon|0 fnt|[from] Recoil\n|faint|p2a: Koraidon\n|\n|-weather|SunnyDay|[upkeep]\n|upkeep\n|\n|t:|1698636251\n|switch|p1a: Koraidon|Koraidon|100\/100\n|switch|p2a: Ceruledge|Ceruledge, M|100\/100\n|-activate|p1a: Koraidon|move: Sticky Web\n|-unboost|p1a: Koraidon|spe|1\n|-activate|p1a: Koraidon|ability: Orichalcum Pulse\n|turn|24\n|\n|t:|1698636262\n|move|p1a: Koraidon|Scale Shot|p2a: Ceruledge\n|-damage|p2a: Ceruledge|79\/100\n|-damage|p2a: Ceruledge|60\/100\n|-damage|p2a: Ceruledge|39\/100\n|-damage|p2a: Ceruledge|19\/100\n|-damage|p2a: Ceruledge|0 fnt\n|faint|p2a: Ceruledge\n|-hitcount|p2: Ceruledge|5\n|-unboost|p1a: Koraidon|def|1\n|-boost|p1a: Koraidon|spe|1\n|\n|-weather|none\n|upkeep\n|\n|t:|1698636266\n|switch|p2a: Iron Treads|Iron Treads|57\/100 brn\n|turn|25\n|\n|t:|1698636274\n|move|p1a: Koraidon|Low Kick|p2a: Iron Treads\n|-supereffective|p2a: Iron Treads\n|-damage|p2a: Iron Treads|0 fnt\n|faint|p2a: Iron Treads\n|-end|p2a: Iron Treads|Quark Drive|[silent]\n|\n|win|GoakinHuntForR.O.\n|raw|GoakinHuntForR.O.'s rating: 1486 &rarr; <strong>1500<\/strong><br \/>(+14 for winning)\n|raw|Bro\u2605taro's rating: 1373 &rarr; <strong>1359<\/strong><br \/>(-14 for losing)\n|l|\u2606GoakinHuntForR.O.\n|l|\u2606Bro\u2605taro\n|j|\u2606GoakinHuntForR.O.\n|player|p1|GoakinHuntForR.O.|n\n","uploadtime":1698636297,"views":8,"p1id":"goakinhuntforro","p2id":"brotaro","formatid":"gen9ubers","rating":1359,"private":0,"password":""}