{"id":"gen9ubers-1990153206","p1":"Elpapiced","p2":"SadaShidz\ufe0f","format":"[Gen 9] Ubers","log":"|j|\u2606Elpapiced\n|j|\u2606SadaShidz\ufe0f\n|t:|1699930402\n|gametype|singles\n|player|p1|Elpapiced|hilbert-wonderlauncher|1227\n|player|p2|SadaShidz\ufe0f|sada-ai|1210\n|teamsize|p1|6\n|teamsize|p2|6\n|gen|9\n|tier|[Gen 9] Ubers\n|rated|\n|rule|Sleep Clause Mod: Limit one foe put to sleep\n|rule|Species Clause: Limit one of each Pok\u00e9mon\n|rule|OHKO Clause: OHKO moves are banned\n|rule|Evasion Items Clause: Evasion items are banned\n|rule|Evasion Moves Clause: Evasion moves are banned\n|rule|Endless Battle Clause: Forcing endless battles is banned\n|rule|HP Percentage Mod: HP is shown in percentages\n|clearpoke\n|poke|p1|Armarouge, M|\n|poke|p1|Urshifu-*, M|\n|poke|p1|Flutter Mane|\n|poke|p1|Koraidon|\n|poke|p1|Calyrex-Ice|\n|poke|p1|Basculegion, M|\n|poke|p2|Baxcalibur, M|\n|poke|p2|Ninetales-Alola, F|\n|poke|p2|Iron Valiant|\n|poke|p2|Flutter Mane|\n|poke|p2|Ribombee, M|\n|poke|p2|Arceus-Ghost|\n|teampreview\n|\n|t:|1699930409\n|start\n|switch|p1a: Calyrex|Calyrex-Ice|100\/100\n|switch|p2a: Shinobu|Ribombee, M, shiny|100\/100\n|-ability|p1a: Calyrex|As One\n|-ability|p1a: Calyrex|Unnerve\n|turn|1\n|\n|t:|1699930411\n|move|p2a: Shinobu|Stun Spore|p1a: Calyrex\n|-status|p1a: Calyrex|par\n|cant|p1a: Calyrex|par\n|\n|upkeep\n|turn|2\n|inactive|Battle timer is ON: inactive players will automatically lose when time's up. (requested by SadaShidz\ufe0f)\n|\n|t:|1699930415\n|move|p2a: Shinobu|Sticky Web|p1a: Calyrex\n|-sidestart|p1: Elpapiced|move: Sticky Web\n|cant|p1a: Calyrex|par\n|\n|upkeep\n|turn|3\n|\n|t:|1699930417\n|move|p2a: Shinobu|U-turn|p1a: Calyrex\n|-supereffective|p1a: Calyrex\n|-damage|p1a: Calyrex|82\/100 par\n|\n|t:|1699930420\n|switch|p2a: Yamato|Ninetales-Alola, F, shiny|100\/100|[from] U-turn\n|-weather|Snow|[from] ability: Snow Warning|[of] p2a: Yamato\n|move|p1a: Calyrex|Agility|p1a: Calyrex\n|-boost|p1a: Calyrex|spe|2\n|\n|-weather|Snow|[upkeep]\n|upkeep\n|turn|4\n|\n|t:|1699930425\n|move|p2a: Yamato|Encore|p1a: Calyrex\n|-start|p1a: Calyrex|Encore\n|cant|p1a: Calyrex|par\n|\n|-weather|Snow|[upkeep]\n|upkeep\n|turn|5\n|\n|t:|1699930427\n|move|p2a: Yamato|Aurora Veil|p2a: Yamato\n|-sidestart|p2: SadaShidz\ufe0f|move: Aurora Veil\n|move|p1a: Calyrex|Agility|p1a: Calyrex\n|-boost|p1a: Calyrex|spe|2\n|\n|-weather|Snow|[upkeep]\n|upkeep\n|turn|6\n|\n|t:|1699930441\n|switch|p2a: Gucci|Flutter Mane, shiny|100\/100\n|-enditem|p2a: Gucci|Booster Energy\n|-activate|p2a: Gucci|ability: Protosynthesis|[fromitem]\n|-start|p2a: Gucci|protosynthesisspe\n|move|p1a: Calyrex|Agility|p1a: Calyrex\n|-boost|p1a: Calyrex|spe|2\n|\n|-weather|Snow|[upkeep]\n|-end|p1a: Calyrex|Encore\n|upkeep\n|turn|7\n|\n|t:|1699930456\n|-terastallize|p1a: Calyrex|Ice\n|move|p2a: Gucci|Shadow Ball|p1a: Calyrex\n|-damage|p1a: Calyrex|46\/100 par\n|move|p1a: Calyrex|Glacial Lance|p2a: Gucci\n|-damage|p2a: Gucci|0 fnt\n|faint|p2a: Gucci\n|-end|p2a: Gucci|Protosynthesis|[silent]\n|-ability|p1a: Calyrex|Chilling Neigh|boost\n|-boost|p1a: Calyrex|atk|1\n|\n|-weather|none\n|upkeep\n|\n|t:|1699930470\n|switch|p2a: XJ9|Iron Valiant|100\/100\n|-enditem|p2a: XJ9|Booster Energy\n|-activate|p2a: XJ9|ability: Quark Drive|[fromitem]\n|-start|p2a: XJ9|quarkdrivespe\n|turn|8\n|\n|t:|1699930473\n|move|p2a: XJ9|Aura Sphere|p1a: Calyrex\n|-supereffective|p1a: Calyrex\n|-damage|p1a: Calyrex|0 fnt\n|faint|p1a: Calyrex\n|\n|upkeep\n|\n|t:|1699930479\n|switch|p1a: Urshifu|Urshifu-Rapid-Strike, M|100\/100\n|-activate|p1a: Urshifu|move: Sticky Web\n|-unboost|p1a: Urshifu|spe|1\n|turn|9\n|\n|t:|1699930482\n|move|p2a: XJ9|Moonblast|p1a: Urshifu\n|-supereffective|p1a: Urshifu\n|-damage|p1a: Urshifu|0 fnt\n|faint|p1a: Urshifu\n|\n|upkeep\n|\n|t:|1699930486\n|switch|p1a: Armarouge|Armarouge, M|100\/100\n|-activate|p1a: Armarouge|move: Sticky Web\n|-unboost|p1a: Armarouge|spe|1\n|turn|10\n|\n|t:|1699930490\n|move|p2a: XJ9|Shadow Ball|p1a: Armarouge\n|-supereffective|p1a: Armarouge\n|-damage|p1a: Armarouge|46\/100\n|move|p1a: Armarouge|Armor Cannon|p2a: XJ9\n|-damage|p2a: XJ9|39\/100\n|-unboost|p1a: Armarouge|def|1\n|-unboost|p1a: Armarouge|spd|1\n|\n|-heal|p1a: Armarouge|52\/100|[from] item: Leftovers\n|upkeep\n|turn|11\n|\n|t:|1699930496\n|move|p2a: XJ9|Shadow Ball|p1a: Armarouge\n|-supereffective|p1a: Armarouge\n|-damage|p1a: Armarouge|0 fnt\n|faint|p1a: Armarouge\n|\n|upkeep\n|\n|t:|1699930499\n|switch|p1a: Koraidon|Koraidon|100\/100\n|-activate|p1a: Koraidon|move: Sticky Web\n|-unboost|p1a: Koraidon|spe|1\n|-weather|SunnyDay|[from] ability: Orichalcum Pulse|[of] p1a: Koraidon\n|-activate|p1a: Koraidon|Orichalcum Pulse|[source]\n|turn|12\n|\n|t:|1699930501\n|move|p2a: XJ9|Moonblast|p1a: Koraidon\n|-supereffective|p1a: Koraidon\n|-damage|p1a: Koraidon|0 fnt\n|faint|p1a: Koraidon\n|\n|-weather|SunnyDay|[upkeep]\n|-sideend|p2: SadaShidz\ufe0f|move: Aurora Veil\n|upkeep\n|\n|t:|1699930505\n|switch|p1a: Basculegion|Basculegion, M|100\/100\n|-activate|p1a: Basculegion|move: Sticky Web\n|-unboost|p1a: Basculegion|spe|1\n|turn|13\n|\n|t:|1699930509\n|move|p2a: XJ9|Destiny Bond|p2a: XJ9\n|-singlemove|p2a: XJ9|Destiny Bond\n|move|p1a: Basculegion|Last Respects|p2a: XJ9\n|-damage|p2a: XJ9|0 fnt\n|faint|p2a: XJ9\n|-activate|p2a: XJ9|move: Destiny Bond\n|-end|p2a: XJ9|Quark Drive|[silent]\n|faint|p1a: Basculegion\n|\n|-weather|SunnyDay|[upkeep]\n|upkeep\n|-message|Elpapiced forfeited.\n|\n|win|SadaShidz\ufe0f\n|raw|Elpapiced's rating: 1227 &rarr; <strong>1201<\/strong><br \/>(-26 for losing)\n|raw|SadaShidz\ufe0f's rating: 1210 &rarr; <strong>1236<\/strong><br \/>(+26 for winning)\n|l|\u2606Elpapiced\n","uploadtime":1699930522,"views":13,"p1id":"elpapiced","p2id":"sadashidz","formatid":"gen9ubers","rating":1201,"private":0,"password":""}