{"id":"gen9ubers-1994484913","p1":"Bogaes","p2":"Bondayru","format":"[Gen 9] Ubers","log":"|j|\u2606Bogaes\n|j|\u2606Bondayru\n|t:|1700449374\n|gametype|singles\n|player|p1|Bogaes|valerie|\n|player|p2|Bondayru|bruno|\n|teamsize|p1|6\n|teamsize|p2|6\n|gen|9\n|tier|[Gen 9] Ubers\n|rule|Sleep Clause Mod: Limit one foe put to sleep\n|rule|Species Clause: Limit one of each Pok\u00e9mon\n|rule|OHKO Clause: OHKO moves are banned\n|rule|Evasion Items Clause: Evasion items are banned\n|rule|Evasion Moves Clause: Evasion moves are banned\n|rule|Endless Battle Clause: Forcing endless battles is banned\n|rule|HP Percentage Mod: HP is shown in percentages\n|clearpoke\n|poke|p1|Sneasler, M|\n|poke|p1|Rillaboom, F|\n|poke|p1|Avalugg, M|\n|poke|p1|Hydreigon, M|\n|poke|p1|Kleavor, M|\n|poke|p1|Ninetales-Alola, F|\n|poke|p2|Kingambit, F|\n|poke|p2|Breloom, M|\n|poke|p2|Dragapult, F|\n|poke|p2|Enamorus, F|\n|poke|p2|Slowking, M|\n|poke|p2|Clodsire, M|\n|teampreview\n|c|\u2606Bondayru|gl gl hf hf\n|c|\u2606Bogaes|hf hf gl gl\n|\n|t:|1700449535\n|start\n|switch|p1a: Kleavor|Kleavor, M|100\/100\n|switch|p2a: Le Sire|Clodsire, M|100\/100\n|turn|1\n|\n|t:|1700449543\n|move|p1a: Kleavor|Stone Axe|p2a: Le Sire\n|-resisted|p2a: Le Sire\n|-damage|p2a: Le Sire|79\/100\n|-sidestart|p2: Bondayru|move: Stealth Rock\n|move|p2a: Le Sire|Curse|p2a: Le Sire\n|-unboost|p2a: Le Sire|spe|1\n|-boost|p2a: Le Sire|atk|1\n|-boost|p2a: Le Sire|def|1\n|\n|-heal|p2a: Le Sire|85\/100|[from] item: Leftovers\n|upkeep\n|turn|2\n|\n|t:|1700449592\n|switch|p1a: Ninetales|Ninetales-Alola, F|100\/100\n|-weather|Snow|[from] ability: Snow Warning|[of] p1a: Ninetales\n|move|p2a: Le Sire|Poison Jab|p1a: Ninetales\n|-supereffective|p1a: Ninetales\n|-damage|p1a: Ninetales|38\/100\n|-status|p1a: Ninetales|psn\n|\n|-weather|Snow|[upkeep]\n|-heal|p2a: Le Sire|91\/100|[from] item: Leftovers\n|-damage|p1a: Ninetales|26\/100 psn|[from] psn\n|upkeep\n|turn|3\n|\n|t:|1700449611\n|move|p1a: Ninetales|Blizzard|p2a: Le Sire\n|-supereffective|p2a: Le Sire\n|-damage|p2a: Le Sire|0 fnt\n|faint|p2a: Le Sire\n|\n|-weather|Snow|[upkeep]\n|-damage|p1a: Ninetales|13\/100 psn|[from] psn\n|upkeep\n|\n|t:|1700449625\n|switch|p2a: Flying Nimbus|Enamorus, F|100\/100\n|-damage|p2a: Flying Nimbus|76\/100|[from] Stealth Rock\n|turn|4\n|\n|t:|1700449642\n|switch|p2a: Musashi|Kingambit, F, shiny|100\/100\n|-damage|p2a: Musashi|94\/100|[from] Stealth Rock\n|-activate|p2a: Musashi|ability: Supreme Overlord\n|-start|p2a: Musashi|fallen1|[silent]\n|move|p1a: Ninetales|Blizzard|p2a: Musashi\n|-resisted|p2a: Musashi\n|-damage|p2a: Musashi|64\/100\n|\n|-weather|Snow|[upkeep]\n|-heal|p2a: Musashi|70\/100|[from] item: Leftovers\n|-damage|p1a: Ninetales|1\/100 psn|[from] psn\n|upkeep\n|turn|5\n|\n|t:|1700449661\n|switch|p1a: Avalugg|Avalugg, M|100\/100\n|move|p2a: Musashi|Sucker Punch||[still]\n|-fail|p2a: Musashi\n|\n|-weather|Snow|[upkeep]\n|-heal|p2a: Musashi|76\/100|[from] item: Leftovers\n|upkeep\n|turn|6\n|j| bareraptor\n|\n|t:|1700449678\n|-end|p2a: Musashi|fallen1|[silent]\n|switch|p2a: Pultykins|Dragapult, F|100\/100\n|-damage|p2a: Pultykins|88\/100|[from] Stealth Rock\n|-terastallize|p1a: Avalugg|Fighting\n|move|p1a: Avalugg|Crunch|p2a: Pultykins\n|-supereffective|p2a: Pultykins\n|-crit|p2a: Pultykins\n|-damage|p2a: Pultykins|0 fnt\n|faint|p2a: Pultykins\n|\n|-weather|none\n|upkeep\n|c|\u2606Bogaes|damn, sorry for crit\n|\n|t:|1700449699\n|switch|p2a: Flying Nimbus|Enamorus, F|76\/100\n|-damage|p2a: Flying Nimbus|51\/100|[from] Stealth Rock\n|turn|7\n|\n|t:|1700449707\n|switch|p1a: Kleavor|Kleavor, M|100\/100\n|move|p2a: Flying Nimbus|Moonblast|p1a: Kleavor\n|-damage|p1a: Kleavor|16\/100\n|\n|upkeep\n|turn|8\n|\n|t:|1700449726\n|move|p2a: Flying Nimbus|Moonblast|p1a: Kleavor\n|-damage|p1a: Kleavor|0 fnt\n|faint|p1a: Kleavor\n|\n|upkeep\n|\n|t:|1700449739\n|switch|p1a: Rillaboom|Rillaboom, F|100\/100\n|-fieldstart|move: Grassy Terrain|[from] ability: Grassy Surge|[of] p1a: Rillaboom\n|turn|9\n|\n|t:|1700449756\n|move|p2a: Flying Nimbus|Moonblast|p1a: Rillaboom\n|-damage|p1a: Rillaboom|42\/100\n|move|p1a: Rillaboom|Wood Hammer|p2a: Flying Nimbus\n|-resisted|p2a: Flying Nimbus\n|-damage|p2a: Flying Nimbus|0 fnt\n|faint|p2a: Flying Nimbus\n|-damage|p1a: Rillaboom|30\/100|[from] Recoil\n|\n|-heal|p1a: Rillaboom|37\/100|[from] Grassy Terrain\n|upkeep\n|\n|t:|1700449799\n|switch|p2a: Loomin|Breloom, M|100\/100\n|-damage|p2a: Loomin|94\/100|[from] Stealth Rock\n|turn|10\n|\n|t:|1700449822\n|move|p2a: Loomin|Mach Punch|p1a: Rillaboom\n|-crit|p1a: Rillaboom\n|-damage|p1a: Rillaboom|0 fnt\n|faint|p1a: Rillaboom\n|\n|-heal|p2a: Loomin|100\/100|[from] Grassy Terrain\n|upkeep\n|c|\u2606Bondayru|sorry for crit\n|\n|t:|1700449841\n|switch|p1a: Hydreigon|Hydreigon, M|100\/100\n|turn|11\n|c|\u2606Bogaes|deserved\n|\n|t:|1700449880\n|move|p2a: Loomin|Mach Punch|p1a: Hydreigon\n|-supereffective|p1a: Hydreigon\n|-damage|p1a: Hydreigon|0 fnt\n|faint|p1a: Hydreigon\n|\n|upkeep\n|\n|t:|1700449895\n|switch|p1a: Sneasler|Sneasler, M|100\/100\n|-enditem|p1a: Sneasler|Grassy Seed\n|-boost|p1a: Sneasler|def|1|[from] item: Grassy Seed\n|turn|12\n|\n|t:|1700449929\n|switch|p2a: Kami|Slowking, M, shiny|100\/100\n|move|p1a: Sneasler|Swords Dance|p1a: Sneasler\n|-boost|p1a: Sneasler|atk|2\n|\n|upkeep\n|turn|13\n|\n|t:|1700449937\n|move|p1a: Sneasler|Lash Out|p2a: Kami\n|-supereffective|p2a: Kami\n|-damage|p2a: Kami|22\/100\n|move|p2a: Kami|Psychic|p1a: Sneasler\n|-supereffective|p1a: Sneasler\n|-damage|p1a: Sneasler|0 fnt\n|faint|p1a: Sneasler\n|\n|-heal|p2a: Kami|28\/100|[from] Grassy Terrain\n|-fieldend|move: Grassy Terrain\n|upkeep\n|\n|t:|1700449943\n|switch|p1a: Ninetales|Ninetales-Alola, F|1\/100 psn\n|-weather|Snow|[from] ability: Snow Warning|[of] p1a: Ninetales\n|turn|14\n|\n|t:|1700449964\n|switch|p2a: Musashi|Kingambit, F, shiny|76\/100\n|-damage|p2a: Musashi|70\/100|[from] Stealth Rock\n|-activate|p2a: Musashi|ability: Supreme Overlord\n|-start|p2a: Musashi|fallen3|[silent]\n|move|p1a: Ninetales|Moonblast|p2a: Musashi\n|-damage|p2a: Musashi|19\/100\n|\n|-weather|Snow|[upkeep]\n|-heal|p2a: Musashi|25\/100|[from] item: Leftovers\n|-damage|p1a: Ninetales|0 fnt|[from] psn\n|faint|p1a: Ninetales\n|upkeep\n|\n|t:|1700449966\n|switch|p1a: Avalugg|Avalugg, M, tera:Fighting|100\/100\n|turn|15\n|\n|t:|1700450067\n|move|p2a: Musashi|Iron Head|p1a: Avalugg\n|-damage|p1a: Avalugg|70\/100\n|move|p1a: Avalugg|Crunch|p2a: Musashi\n|-resisted|p2a: Musashi\n|-damage|p2a: Musashi|15\/100\n|\n|-weather|Snow|[upkeep]\n|-heal|p2a: Musashi|21\/100|[from] item: Leftovers\n|upkeep\n|turn|16\n|\n|t:|1700450075\n|move|p2a: Musashi|Swords Dance|p2a: Musashi\n|-boost|p2a: Musashi|atk|2\n|move|p1a: Avalugg|Recover|p1a: Avalugg\n|-heal|p1a: Avalugg|100\/100\n|\n|-weather|Snow|[upkeep]\n|-heal|p2a: Musashi|27\/100|[from] item: Leftovers\n|upkeep\n|turn|17\n|\n|t:|1700450083\n|move|p2a: Musashi|Iron Head|p1a: Avalugg\n|-damage|p1a: Avalugg|36\/100\n|move|p1a: Avalugg|Body Press|p2a: Musashi\n|-supereffective|p2a: Musashi\n|-damage|p2a: Musashi|0 fnt\n|faint|p2a: Musashi\n|-end|p2a: Musashi|fallen3|[silent]\n|\n|-weather|Snow|[upkeep]\n|upkeep\n|\n|t:|1700450095\n|switch|p2a: Kami|Slowking, M, shiny|62\/100\n|turn|18\n|c|\u2606Bogaes|damn vgc calc\n|c|\u2606Bogaes|it had crunch ko-ing, but it had gambit at 50 lol\n|c|\u2606Bondayru|oh lvl 50\n|\n|t:|1700450114\n|move|p1a: Avalugg|Crunch|p2a: Kami\n|-supereffective|p2a: Kami\n|-damage|p2a: Kami|21\/100\n|move|p2a: Kami|Psychic|p1a: Avalugg\n|-supereffective|p1a: Avalugg\n|-damage|p1a: Avalugg|0 fnt\n|faint|p1a: Avalugg\n|\n|win|Bondayru\n|c|\u2606Bogaes|not that it mattered I think haha\n|c|\u2606Bogaes|gg\n|c|\u2606Bondayru|sorry m8\n|c|\u2606Bondayru|gg\n|c|\u2606Bondayru|about the calc\n","uploadtime":1700450132,"views":42,"p1id":"bogaes","p2id":"bondayru","formatid":"gen9ubers","rating":0,"private":0,"password":""}