{"id":"gen9ubers-1984259677","p1":"the tr4sh man","p2":"bennymbs","format":"[Gen 9] Ubers","log":"|j|\u2606the tr4sh man\n|j|\u2606bennymbs\n|t:|1699236037\n|gametype|singles\n|player|p1|the tr4sh man|xerosic|\n|player|p2|bennymbs|mina|\n|teamsize|p1|6\n|teamsize|p2|6\n|gen|9\n|tier|[Gen 9] Ubers\n|rule|Sleep Clause Mod: Limit one foe put to sleep\n|rule|Species Clause: Limit one of each Pok\u00e9mon\n|rule|OHKO Clause: OHKO moves are banned\n|rule|Evasion Items Clause: Evasion items are banned\n|rule|Evasion Moves Clause: Evasion moves are banned\n|rule|Endless Battle Clause: Forcing endless battles is banned\n|rule|HP Percentage Mod: HP is shown in percentages\n|clearpoke\n|poke|p1|Cloyster, M|\n|poke|p1|Flamigo, F|\n|poke|p1|Polteageist|\n|poke|p1|Torterra, F|\n|poke|p1|Torkoal, M|\n|poke|p1|Drednaw, F|\n|poke|p2|Torkoal, F|\n|poke|p2|Walking Wake|\n|poke|p2|Chi-Yu|\n|poke|p2|Arceus-Grass|\n|poke|p2|Zacian-*|\n|poke|p2|Magearna-Original|\n|teampreview\n|inactive|Battle timer is ON: inactive players will automatically lose when time's up. (requested by bennymbs)\n|\n|t:|1699236064\n|start\n|switch|p1a: Torkoal|Torkoal, M|100\/100\n|switch|p2a: Magearna|Magearna-Original|100\/100\n|-weather|SunnyDay|[from] ability: Drought|[of] p1a: Torkoal\n|turn|1\n|\n|t:|1699236070\n|move|p2a: Magearna|Volt Switch|p1a: Torkoal\n|-damage|p1a: Torkoal|69\/100\n|\n|t:|1699236073\n|switch|p2a: Walking Wake|Walking Wake|100\/100|[from] Volt Switch\n|-activate|p2a: Walking Wake|ability: Protosynthesis\n|-start|p2a: Walking Wake|protosynthesisspe\n|move|p1a: Torkoal|Shell Smash|p1a: Torkoal\n|-unboost|p1a: Torkoal|def|1\n|-unboost|p1a: Torkoal|spd|1\n|-boost|p1a: Torkoal|atk|2\n|-boost|p1a: Torkoal|spa|2\n|-boost|p1a: Torkoal|spe|2\n|-enditem|p1a: Torkoal|Eject Pack\n|\n|t:|1699236079\n|switch|p1a: Cloyster|Cloyster, M|100\/100\n|\n|-weather|SunnyDay|[upkeep]\n|upkeep\n|turn|2\n|\n|t:|1699236096\n|move|p2a: Walking Wake|Flamethrower|p1a: Cloyster\n|-enditem|p1a: Cloyster|Focus Sash\n|-damage|p1a: Cloyster|1\/100\n|move|p1a: Cloyster|Icicle Spear|p2a: Walking Wake\n|-damage|p2a: Walking Wake|89\/100\n|-damage|p2a: Walking Wake|77\/100\n|-damage|p2a: Walking Wake|65\/100\n|-damage|p2a: Walking Wake|54\/100\n|-damage|p2a: Walking Wake|42\/100\n|-hitcount|p2a: Walking Wake|5\n|\n|-weather|SunnyDay|[upkeep]\n|upkeep\n|turn|3\n|\n|t:|1699236100\n|move|p2a: Walking Wake|Flamethrower|p1a: Cloyster\n|-damage|p1a: Cloyster|0 fnt\n|faint|p1a: Cloyster\n|\n|-weather|SunnyDay|[upkeep]\n|upkeep\n|\n|t:|1699236104\n|switch|p1a: Torkoal|Torkoal, M|69\/100\n|turn|4\n|\n|t:|1699236111\n|move|p2a: Walking Wake|Flamethrower|p1a: Torkoal\n|-resisted|p1a: Torkoal\n|-damage|p1a: Torkoal|11\/100\n|move|p1a: Torkoal|Solar Beam||[still]\n|-prepare|p1a: Torkoal|Solar Beam\n|-anim|p1a: Torkoal|Solar Beam|p2a: Walking Wake\n|-damage|p2a: Walking Wake|4\/100\n|\n|-weather|SunnyDay|[upkeep]\n|upkeep\n|turn|5\n|\n|t:|1699236116\n|move|p2a: Walking Wake|Flamethrower|p1a: Torkoal\n|-resisted|p1a: Torkoal\n|-damage|p1a: Torkoal|0 fnt\n|faint|p1a: Torkoal\n|\n|-weather|none\n|-end|p2a: Walking Wake|Protosynthesis\n|upkeep\n|\n|t:|1699236121\n|switch|p1a: Drednaw|Drednaw, F|100\/100\n|turn|6\n|\n|t:|1699236127\n|-end|p2a: Walking Wake|Protosynthesis|[silent]\n|switch|p2a: Arceus|Arceus-Grass|100\/100\n|move|p1a: Drednaw|Shell Smash|p1a: Drednaw\n|-unboost|p1a: Drednaw|def|1\n|-unboost|p1a: Drednaw|spd|1\n|-boost|p1a: Drednaw|atk|2\n|-boost|p1a: Drednaw|spa|2\n|-boost|p1a: Drednaw|spe|2\n|-enditem|p1a: Drednaw|White Herb\n|-clearnegativeboost|p1a: Drednaw|[silent]\n|\n|upkeep\n|turn|7\n|\n|t:|1699236136\n|-terastallize|p2a: Arceus|Poison\n|move|p1a: Drednaw|Rock Blast|p2a: Arceus\n|-damage|p2a: Arceus|82\/100\n|-damage|p2a: Arceus|66\/100\n|-damage|p2a: Arceus|49\/100\n|-crit|p2a: Arceus\n|-damage|p2a: Arceus|21\/100\n|-hitcount|p2a: Arceus|4\n|move|p2a: Arceus|Judgment|p1a: Drednaw\n|-supereffective|p1a: Drednaw\n|-damage|p1a: Drednaw|0 fnt\n|faint|p1a: Drednaw\n|\n|upkeep\n|\n|t:|1699236140\n|switch|p1a: Torterra|Torterra, F|100\/100\n|turn|8\n|\n|t:|1699236144\n|move|p2a: Arceus|Taunt|p1a: Torterra\n|-start|p1a: Torterra|move: Taunt\n|cant|p1a: Torterra|move: Taunt|Shell Smash\n|\n|upkeep\n|turn|9\n|\n|t:|1699236150\n|switch|p1a: Flamigo|Flamigo, F|100\/100\n|move|p2a: Arceus|Judgment|p1a: Flamigo\n|-resisted|p1a: Flamigo\n|-damage|p1a: Flamigo|61\/100\n|\n|upkeep\n|turn|10\n|\n|t:|1699236154\n|switch|p2a: Walking Wake|Walking Wake|4\/100\n|move|p1a: Flamigo|Close Combat|p2a: Walking Wake\n|-damage|p2a: Walking Wake|0 fnt\n|-unboost|p1a: Flamigo|def|1\n|-unboost|p1a: Flamigo|spd|1\n|faint|p2a: Walking Wake\n|-end|p2a: Walking Wake|Protosynthesis|[silent]\n|\n|upkeep\n|\n|t:|1699236160\n|switch|p2a: Zacian|Zacian|100\/100\n|-ability|p2a: Zacian|Intrepid Sword|boost\n|-boost|p2a: Zacian|atk|1\n|turn|11\n|\n|t:|1699236166\n|move|p2a: Zacian|Play Rough|p1a: Flamigo\n|-supereffective|p1a: Flamigo\n|-damage|p1a: Flamigo|0 fnt\n|faint|p1a: Flamigo\n|\n|upkeep\n|\n|t:|1699236173\n|switch|p1a: Polteageist|Polteageist|100\/100\n|turn|12\n|\n|t:|1699236180\n|move|p2a: Zacian|Play Rough|p1a: Polteageist\n|-enditem|p1a: Polteageist|Focus Sash\n|-damage|p1a: Polteageist|1\/100\n|-ability|p1a: Polteageist|Weak Armor|boost\n|-unboost|p1a: Polteageist|def|1\n|-boost|p1a: Polteageist|spe|2\n|move|p1a: Polteageist|Shell Smash|p1a: Polteageist\n|-unboost|p1a: Polteageist|def|1\n|-unboost|p1a: Polteageist|spd|1\n|-boost|p1a: Polteageist|atk|2\n|-boost|p1a: Polteageist|spa|2\n|-boost|p1a: Polteageist|spe|2\n|\n|upkeep\n|turn|13\n|\n|t:|1699236184\n|move|p1a: Polteageist|Shadow Ball|p2a: Zacian\n|-damage|p2a: Zacian|8\/100\n|move|p2a: Zacian|Play Rough|p1a: Polteageist\n|-damage|p1a: Polteageist|0 fnt\n|faint|p1a: Polteageist\n|\n|upkeep\n|\n|t:|1699236186\n|switch|p1a: Torterra|Torterra, F|100\/100\n|turn|14\n|\n|t:|1699236202\n|move|p2a: Zacian|Play Rough|p1a: Torterra\n|-damage|p1a: Torterra|37\/100\n|move|p1a: Torterra|Shell Smash|p1a: Torterra\n|-unboost|p1a: Torterra|def|1\n|-unboost|p1a: Torterra|spd|1\n|-boost|p1a: Torterra|atk|2\n|-boost|p1a: Torterra|spa|2\n|-boost|p1a: Torterra|spe|2\n|\n|upkeep\n|turn|15\n|\n|t:|1699236206\n|move|p1a: Torterra|Bullet Seed|p2a: Zacian\n|-damage|p2a: Zacian|0 fnt\n|faint|p2a: Zacian\n|-hitcount|p2: Zacian|1\n|\n|upkeep\n|\n|t:|1699236212\n|switch|p2a: Torkoal|Torkoal, F|100\/100\n|-weather|SunnyDay|[from] ability: Drought|[of] p2a: Torkoal\n|turn|16\n|\n|t:|1699236220\n|move|p1a: Torterra|Headlong Rush|p2a: Torkoal\n|-supereffective|p2a: Torkoal\n|-damage|p2a: Torkoal|0 fnt\n|-unboost|p1a: Torterra|def|1\n|-unboost|p1a: Torterra|spd|1\n|faint|p2a: Torkoal\n|\n|-weather|SunnyDay|[upkeep]\n|upkeep\n|\n|t:|1699236227\n|switch|p2a: Chi-Yu|Chi-Yu|100\/100\n|-ability|p2a: Chi-Yu|Beads of Ruin\n|turn|17\n|\n|t:|1699236229\n|move|p1a: Torterra|Headlong Rush|p2a: Chi-Yu\n|-supereffective|p2a: Chi-Yu\n|-damage|p2a: Chi-Yu|0 fnt\n|-unboost|p1a: Torterra|def|1\n|-unboost|p1a: Torterra|spd|1\n|faint|p2a: Chi-Yu\n|\n|-weather|SunnyDay|[upkeep]\n|upkeep\n|\n|t:|1699236233\n|switch|p2a: Magearna|Magearna-Original|100\/100\n|turn|18\n|\n|t:|1699236239\n|-terastallize|p1a: Torterra|Grass\n|move|p1a: Torterra|Bullet Seed|p2a: Magearna\n|-resisted|p2a: Magearna\n|-damage|p2a: Magearna|87\/100\n|-resisted|p2a: Magearna\n|-damage|p2a: Magearna|73\/100\n|-resisted|p2a: Magearna\n|-damage|p2a: Magearna|60\/100\n|-resisted|p2a: Magearna\n|-damage|p2a: Magearna|47\/100\n|-hitcount|p2a: Magearna|4\n|move|p2a: Magearna|Fleur Cannon|p1a: Torterra\n|-damage|p1a: Torterra|0 fnt\n|-unboost|p2a: Magearna|spa|2\n|faint|p1a: Torterra\n|\n|win|bennymbs\n|c|\u2606bennymbs|Gg\n|c|\u2606the tr4sh man|gg lol\n","uploadtime":1699236252,"views":9,"p1id":"thetr4shman","p2id":"bennymbs","formatid":"gen9ubers","rating":0,"private":0,"password":""}