{"id":"gen9ubers-1976381037","p1":"generalfrito","p2":"bunjinn","format":"[Gen 9] Ubers","log":"|j|\u2606generalfrito\n|j|\u2606bunjinn\n|t:|1698293932\n|gametype|singles\n|player|p1|generalfrito|clay|\n|player|p2|bunjinn|nate|\n|teamsize|p1|6\n|teamsize|p2|6\n|gen|9\n|tier|[Gen 9] Ubers\n|rule|Sleep Clause Mod: Limit one foe put to sleep\n|rule|Species Clause: Limit one of each Pok\u00e9mon\n|rule|OHKO Clause: OHKO moves are banned\n|rule|Evasion Items Clause: Evasion items are banned\n|rule|Evasion Moves Clause: Evasion moves are banned\n|rule|Endless Battle Clause: Forcing endless battles is banned\n|rule|HP Percentage Mod: HP is shown in percentages\n|clearpoke\n|poke|p1|Volcanion|\n|poke|p1|Mimikyu, F|\n|poke|p1|Cyclizar, F|\n|poke|p1|Corviknight, M|\n|poke|p1|Slowking-Galar, M|\n|poke|p1|Decidueye-Hisui, F|\n|poke|p2|Slowking, M|\n|poke|p2|Baxcalibur, M|\n|poke|p2|Volcarona, M|\n|poke|p2|Great Tusk|\n|poke|p2|Jolteon, F|\n|poke|p2|Staraptor, M|\n|teampreview\n|j| Baby Chuck\n|j| pasteal\n|j| SlyTheSplicer\n|\n|t:|1698294011\n|start\n|switch|p1a: Cyclizar|Cyclizar, F|100\/100\n|switch|p2a: Jolteon|Jolteon, F|100\/100\n|turn|1\n|\n|t:|1698294049\n|move|p2a: Jolteon|Volt Switch|p1a: Cyclizar\n|-resisted|p1a: Cyclizar\n|-damage|p1a: Cyclizar|67\/100\n|-damage|p2a: Jolteon|91\/100|[from] item: Life Orb\n|\n|t:|1698294060\n|switch|p2a: Nameless King|Slowking, M|100\/100|[from] Volt Switch\n|move|p1a: Cyclizar|Shift Gear|p1a: Cyclizar\n|-boost|p1a: Cyclizar|spe|2\n|-boost|p1a: Cyclizar|atk|1\n|\n|upkeep\n|turn|2\n|\n|t:|1698294103\n|move|p1a: Cyclizar|Outrage|p2a: Nameless King\n|-damage|p2a: Nameless King|0 fnt\n|faint|p2a: Nameless King\n|-damage|p1a: Cyclizar|57\/100|[from] item: Life Orb\n|\n|upkeep\n|c| SlyTheSplicer|OU in shambles\n|\n|t:|1698294119\n|switch|p2a: Isshin|Baxcalibur, M, shiny|100\/100\n|turn|3\n|c| SlyTheSplicer|google\n|c| pasteal|dragon ghost steel\n|c| Baby Chuck|fuck bidkar for using those jpgs\n|c|\u2606generalfrito|^^\n|\n|t:|1698294212\n|switch|p2a: Radahn|Volcarona, M, shiny|100\/100\n|move|p1a: Cyclizar|Outrage|p2a: Radahn|[from]lockedmove\n|-crit|p2a: Radahn\n|-damage|p2a: Radahn|0 fnt\n|-status|p1a: Cyclizar|brn|[from] ability: Flame Body|[of] p2a: Radahn\n|faint|p2a: Radahn\n|-damage|p1a: Cyclizar|47\/100 brn|[from] item: Life Orb\n|-start|p1a: Cyclizar|confusion|[fatigue]\n|\n|-damage|p1a: Cyclizar|41\/100 brn|[from] brn\n|upkeep\n|\n|t:|1698294220\n|switch|p2a: Isshin|Baxcalibur, M, shiny|100\/100\n|turn|4\n|\n|t:|1698294272\n|move|p2a: Isshin|Ice Shard|p1a: Cyclizar\n|-supereffective|p1a: Cyclizar\n|-damage|p1a: Cyclizar|0 fnt\n|faint|p1a: Cyclizar\n|\n|upkeep\n|\n|t:|1698294285\n|switch|p1a: Mimikyu|Mimikyu, F|100\/100\n|turn|5\n|\n|t:|1698294320\n|switch|p2a: Manus|Staraptor, M|100\/100\n|move|p1a: Mimikyu|Play Rough|p2a: Manus\n|-damage|p2a: Manus|34\/100\n|-damage|p1a: Mimikyu|91\/100|[from] item: Life Orb\n|\n|upkeep\n|turn|6\n|\n|t:|1698294366\n|move|p2a: Manus|U-turn|p1a: Mimikyu\n|-activate|p1a: Mimikyu|ability: Disguise\n|-damage|p1a: Mimikyu|91\/100\n|detailschange|p1a: Mimikyu|Mimikyu-Busted, F\n|-damage|p1a: Mimikyu|78\/100|[from] pokemon: Mimikyu-Busted\n|\n|t:|1698294372\n|switch|p2a: Vordt|Great Tusk|100\/100|[from] U-turn\n|move|p1a: Mimikyu|Play Rough|p2a: Vordt\n|-supereffective|p2a: Vordt\n|-damage|p2a: Vordt|33\/100\n|-damage|p1a: Mimikyu|69\/100|[from] item: Life Orb\n|\n|upkeep\n|turn|7\n|\n|t:|1698294403\n|move|p1a: Mimikyu|Play Rough|p2a: Vordt\n|-supereffective|p2a: Vordt\n|-damage|p2a: Vordt|0 fnt\n|faint|p2a: Vordt\n|-end|p2a: Vordt|Protosynthesis|[silent]\n|-damage|p1a: Mimikyu|59\/100|[from] item: Life Orb\n|\n|upkeep\n|c| Baby Chuck|bo-real josh\n|\n|t:|1698294436\n|switch|p2a: Jolteon|Jolteon, F|91\/100\n|turn|8\n|c| SlyTheSplicer|Jolteon is my fav dark souls boss\n|c| Baby Chuck|what his name\n|\n|t:|1698294476\n|switch|p1a: Decidueye|Decidueye-Hisui, F|100\/100\n|move|p2a: Jolteon|Shadow Ball|p1a: Decidueye\n|-damage|p1a: Decidueye|65\/100\n|-damage|p2a: Jolteon|81\/100|[from] item: Life Orb\n|\n|upkeep\n|turn|9\n|c| Baby Chuck|nameless king for jolt woulda been the move no\n|\n|t:|1698294502\n|switch|p2a: Isshin|Baxcalibur, M, shiny|100\/100\n|move|p1a: Decidueye|Roost|p1a: Decidueye\n|-heal|p1a: Decidueye|100\/100\n|-singleturn|p1a: Decidueye|move: Roost\n|\n|upkeep\n|turn|10\n|\n|t:|1698294519\n|switch|p1a: Slowking|Slowking-Galar, M|100\/100\n|move|p2a: Isshin|Icicle Crash|p1a: Slowking\n|-damage|p1a: Slowking|42\/100\n|\n|upkeep\n|turn|11\n|\n|t:|1698294531\n|move|p2a: Isshin|Icicle Crash|p1a: Slowking\n|-damage|p1a: Slowking|0 fnt\n|faint|p1a: Slowking\n|\n|upkeep\n|\n|t:|1698294590\n|switch|p1a: Volcanion|Volcanion|100\/100\n|turn|12\n|\n|t:|1698294632\n|switch|p2a: Manus|Staraptor, M|34\/100\n|move|p1a: Volcanion|Steam Eruption|p2a: Manus\n|-damage|p2a: Manus|0 fnt\n|faint|p2a: Manus\n|\n|upkeep\n|\n|t:|1698294637\n|switch|p2a: Jolteon|Jolteon, F|81\/100\n|turn|13\n|\n|t:|1698294695\n|switch|p1a: Decidueye|Decidueye-Hisui, F|100\/100\n|move|p2a: Jolteon|Volt Switch|p1a: Decidueye\n|-resisted|p1a: Decidueye\n|-damage|p1a: Decidueye|76\/100\n|-damage|p2a: Jolteon|71\/100|[from] item: Life Orb\n|\n|t:|1698294699\n|switch|p2a: Isshin|Baxcalibur, M, shiny|100\/100|[from] Volt Switch\n|\n|upkeep\n|turn|14\n|\n|t:|1698294742\n|switch|p1a: Corviknight|Corviknight, M|100\/100\n|move|p2a: Isshin|Glaive Rush|p1a: Corviknight\n|-resisted|p1a: Corviknight\n|-damage|p1a: Corviknight|64\/100\n|-singlemove|p2a: Isshin|Glaive Rush|[silent]\n|\n|-heal|p1a: Corviknight|70\/100|[from] item: Leftovers\n|upkeep\n|turn|15\n|\n|t:|1698294775\n|switch|p2a: Jolteon|Jolteon, F|71\/100\n|move|p1a: Corviknight|Body Press|p2a: Jolteon\n|-damage|p2a: Jolteon|19\/100\n|\n|-heal|p1a: Corviknight|76\/100|[from] item: Leftovers\n|upkeep\n|turn|16\n|\n|t:|1698294825\n|switch|p2a: Isshin|Baxcalibur, M, shiny|100\/100\n|switch|p1a: Decidueye|Decidueye-Hisui, F|76\/100\n|\n|upkeep\n|turn|17\n|\n|t:|1698294850\n|move|p2a: Isshin|Icicle Crash|p1a: Decidueye\n|-supereffective|p1a: Decidueye\n|-damage|p1a: Decidueye|0 fnt\n|faint|p1a: Decidueye\n|\n|upkeep\n|\n|t:|1698294873\n|switch|p1a: Volcanion|Volcanion|100\/100\n|turn|18\n|\n|t:|1698294877\n|move|p1a: Volcanion|Steam Eruption|p2a: Isshin\n|-resisted|p2a: Isshin\n|-damage|p2a: Isshin|70\/100\n|move|p2a: Isshin|Icicle Crash|p1a: Volcanion\n|-resisted|p1a: Volcanion\n|-damage|p1a: Volcanion|80\/100\n|\n|upkeep\n|turn|19\n|\n|t:|1698294885\n|move|p1a: Volcanion|Steam Eruption|p2a: Isshin\n|-resisted|p2a: Isshin\n|-damage|p2a: Isshin|39\/100\n|move|p2a: Isshin|Icicle Crash|p1a: Volcanion\n|-resisted|p1a: Volcanion\n|-damage|p1a: Volcanion|60\/100\n|\n|upkeep\n|turn|20\n|\n|t:|1698294888\n|move|p1a: Volcanion|Steam Eruption|p2a: Isshin\n|-resisted|p2a: Isshin\n|-damage|p2a: Isshin|11\/100\n|move|p2a: Isshin|Icicle Crash|p1a: Volcanion\n|-resisted|p1a: Volcanion\n|-damage|p1a: Volcanion|40\/100\n|\n|upkeep\n|turn|21\n|\n|t:|1698294892\n|move|p1a: Volcanion|Steam Eruption|p2a: Isshin\n|-resisted|p2a: Isshin\n|-damage|p2a: Isshin|0 fnt\n|faint|p2a: Isshin\n|\n|upkeep\n|\n|t:|1698294894\n|switch|p2a: Jolteon|Jolteon, F|19\/100\n|turn|22\n|\n|t:|1698294901\n|move|p2a: Jolteon|Thunderbolt|p1a: Volcanion\n|-supereffective|p1a: Volcanion\n|-damage|p1a: Volcanion|0 fnt\n|faint|p1a: Volcanion\n|-damage|p2a: Jolteon|9\/100|[from] item: Life Orb\n|\n|upkeep\n|\n|t:|1698294908\n|switch|p1a: Mimikyu|Mimikyu-Busted, F|59\/100\n|turn|23\n|\n|t:|1698294911\n|move|p2a: Jolteon|Thunderbolt|p1a: Mimikyu\n|-damage|p1a: Mimikyu|0 fnt\n|faint|p1a: Mimikyu\n|-damage|p2a: Jolteon|0 fnt|[from] item: Life Orb\n|faint|p2a: Jolteon\n|\n|win|generalfrito\n","uploadtime":1698294926,"views":15,"p1id":"generalfrito","p2id":"bunjinn","formatid":"gen9ubers","rating":0,"private":0,"password":""}