{"id":"gen9ubers-1977491977","p1":"FEESHdagoat","p2":"Bastea1","format":"[Gen 9] Ubers","log":"|j|\u2606FEESHdagoat\n|j|\u2606Bastea1\n|t:|1698421642\n|gametype|singles\n|player|p1|FEESHdagoat|pokemaniac|1137\n|player|p2|Bastea1|bellelba|1000\n|teamsize|p1|6\n|teamsize|p2|2\n|gen|9\n|tier|[Gen 9] Ubers\n|rated|\n|rule|Sleep Clause Mod: Limit one foe put to sleep\n|rule|Species Clause: Limit one of each Pok\u00e9mon\n|rule|OHKO Clause: OHKO moves are banned\n|rule|Evasion Items Clause: Evasion items are banned\n|rule|Evasion Moves Clause: Evasion moves are banned\n|rule|Endless Battle Clause: Forcing endless battles is banned\n|rule|HP Percentage Mod: HP is shown in percentages\n|clearpoke\n|poke|p1|Palafin, F|\n|poke|p1|Ogerpon-Hearthflame, F|\n|poke|p1|Volcarona, M|\n|poke|p1|Darkrai|\n|poke|p1|Flutter Mane|\n|poke|p1|Ursaluna-Bloodmoon, M|\n|poke|p2|Espathra, F|\n|poke|p2|Cyclizar, F|\n|teampreview\n|inactive|Battle timer is ON: inactive players will automatically lose when time's up. (requested by Bastea1)\n|\n|t:|1698421653\n|start\n|switch|p1a: Palafin|Palafin, F, shiny|100\/100\n|switch|p2a: Cyclizar|Cyclizar, F|100\/100\n|turn|1\n|\n|t:|1698421658\n|move|p2a: Cyclizar|Shed Tail|p2a: Cyclizar\n|-start|p2a: Cyclizar|Substitute|[from] move: Shed Tail\n|-damage|p2a: Cyclizar|50\/100\n|\n|t:|1698421661\n|switch|p2a: Espathra|Espathra, F|100\/100|[from] Shed Tail\n|move|p1a: Palafin|Flip Turn|p2a: Espathra\n|-activate|p2a: Espathra|move: Substitute|[damage]\n|\n|t:|1698421675\n|detailschange|p1a: Palafin|Palafin-Hero, F, shiny\n|switch|p1a: Darkrai|Darkrai|100\/100|[from] Flip Turn\n|\n|upkeep\n|turn|2\n|\n|t:|1698421680\n|move|p2a: Espathra|Protect|p2a: Espathra\n|-singleturn|p2a: Espathra|Protect\n|move|p1a: Darkrai|Dark Pulse|p2a: Espathra\n|-activate|p2a: Espathra|move: Protect\n|\n|-ability|p2a: Espathra|Speed Boost|boost\n|-boost|p2a: Espathra|spe|1\n|upkeep\n|turn|3\n|\n|t:|1698421690\n|-terastallize|p2a: Espathra|Fairy\n|move|p2a: Espathra|Calm Mind|p2a: Espathra\n|-boost|p2a: Espathra|spa|1\n|-boost|p2a: Espathra|spd|1\n|move|p1a: Darkrai|Dark Pulse|p2a: Espathra\n|-resisted|p2a: Espathra\n|-end|p2a: Espathra|Substitute\n|-damage|p1a: Darkrai|91\/100|[from] item: Life Orb\n|\n|-ability|p2a: Espathra|Speed Boost|boost\n|-boost|p2a: Espathra|spe|1\n|upkeep\n|turn|4\n|\n|t:|1698421704\n|move|p2a: Espathra|Calm Mind|p2a: Espathra\n|-boost|p2a: Espathra|spa|1\n|-boost|p2a: Espathra|spd|1\n|move|p1a: Darkrai|Dark Void|p2a: Espathra|[miss]\n|-miss|p1a: Darkrai|p2a: Espathra\n|\n|-ability|p2a: Espathra|Speed Boost|boost\n|-boost|p2a: Espathra|spe|1\n|upkeep\n|turn|5\n|\n|t:|1698421714\n|move|p2a: Espathra|Dazzling Gleam|p1a: Darkrai\n|-supereffective|p1a: Darkrai\n|-damage|p1a: Darkrai|0 fnt\n|faint|p1a: Darkrai\n|\n|-ability|p2a: Espathra|Speed Boost|boost\n|-boost|p2a: Espathra|spe|1\n|upkeep\n|\n|t:|1698421722\n|switch|p1a: Palafin|Palafin-Hero, F, shiny|100\/100\n|-activate|p1a: Palafin|ability: Zero to Hero\n|turn|6\n|\n|t:|1698421730\n|move|p2a: Espathra|Protect|p2a: Espathra\n|-singleturn|p2a: Espathra|Protect\n|move|p1a: Palafin|Wave Crash|p2a: Espathra\n|-activate|p2a: Espathra|move: Protect\n|\n|-ability|p2a: Espathra|Speed Boost|boost\n|-boost|p2a: Espathra|spe|1\n|upkeep\n|turn|7\n|\n|t:|1698421738\n|move|p2a: Espathra|Stored Power|p1a: Palafin\n|-damage|p1a: Palafin|0 fnt\n|faint|p1a: Palafin\n|\n|-ability|p2a: Espathra|Speed Boost|boost\n|-boost|p2a: Espathra|spe|1\n|upkeep\n|\n|t:|1698421748\n|switch|p1a: Volcarona|Volcarona, M, shiny|100\/100\n|turn|8\n|\n|t:|1698421762\n|move|p2a: Espathra|Stored Power|p1a: Volcarona\n|-damage|p1a: Volcarona|0 fnt\n|faint|p1a: Volcarona\n|\n|upkeep\n|\n|t:|1698421766\n|switch|p1a: Ursaluna|Ursaluna-Bloodmoon, M|100\/100\n|turn|9\n|\n|t:|1698421772\n|-terastallize|p1a: Ursaluna|Normal\n|move|p2a: Espathra|Stored Power|p1a: Ursaluna\n|-damage|p1a: Ursaluna|0 fnt\n|faint|p1a: Ursaluna\n|\n|upkeep\n|-message|FEESHdagoat forfeited.\n|\n|win|Bastea1\n|raw|FEESHdagoat's rating: 1137 &rarr; <strong>1103<\/strong><br \/>(-34 for losing)\n|raw|Bastea1's rating: 1000 &rarr; <strong>1055<\/strong><br \/>(+55 for winning)\n|l|\u2606FEESHdagoat\n","uploadtime":1698421789,"views":14,"p1id":"feeshdagoat","p2id":"bastea1","formatid":"gen9ubers","rating":1055,"private":0,"password":""}