{"id":"gen9ubers-1977683461","p1":"Kai dragneel","p2":"QuarrenShow","format":"[Gen 9] Ubers","log":"|j|\u2606Kai dragneel\n|j|\u2606QuarrenShow\n|t:|1698438363\n|gametype|singles\n|player|p1|Kai dragneel|hugh|1135\n|player|p2|QuarrenShow|red|1256\n|teamsize|p1|6\n|teamsize|p2|6\n|gen|9\n|tier|[Gen 9] Ubers\n|rated|\n|rule|Sleep Clause Mod: Limit one foe put to sleep\n|rule|Species Clause: Limit one of each Pok\u00e9mon\n|rule|OHKO Clause: OHKO moves are banned\n|rule|Evasion Items Clause: Evasion items are banned\n|rule|Evasion Moves Clause: Evasion moves are banned\n|rule|Endless Battle Clause: Forcing endless battles is banned\n|rule|HP Percentage Mod: HP is shown in percentages\n|clearpoke\n|poke|p1|Quaquaval, M|\n|poke|p1|Armarouge, M|\n|poke|p1|Arboliva, M|\n|poke|p1|Baxcalibur, M|\n|poke|p1|Garganacl, M|\n|poke|p1|Tinkaton, F|\n|poke|p2|Miraidon|\n|poke|p2|Kyogre|\n|poke|p2|Basculegion, M|\n|poke|p2|Dondozo, F|\n|poke|p2|Iron Treads|\n|poke|p2|Arceus|\n|teampreview\n|inactive|Battle timer is ON: inactive players will automatically lose when time's up. (requested by QuarrenShow)\n|\n|t:|1698438368\n|start\n|switch|p1a: Arboliva|Arboliva, M|100\/100\n|switch|p2a: Miraidon|Miraidon|100\/100\n|-fieldstart|move: Electric Terrain|[from] ability: Hadron Engine|[of] p2a: Miraidon\n|turn|1\n|\n|t:|1698438377\n|move|p2a: Miraidon|Electro Drift|p1a: Arboliva\n|-resisted|p1a: Arboliva\n|-damage|p1a: Arboliva|72\/100\n|-fieldstart|move: Grassy Terrain|[from] ability: Seed Sower|[of] p1a: Arboliva\n|move|p1a: Arboliva|Earth Power|p2a: Miraidon\n|-supereffective|p2a: Miraidon\n|-damage|p2a: Miraidon|41\/100\n|\n|-heal|p2a: Miraidon|47\/100|[from] Grassy Terrain\n|-heal|p1a: Arboliva|78\/100|[from] Grassy Terrain\n|upkeep\n|turn|2\n|\n|t:|1698438391\n|switch|p2a: Arceus|Arceus|100\/100\n|move|p1a: Arboliva|Earth Power|p2a: Arceus\n|-damage|p2a: Arceus|77\/100\n|\n|-heal|p2a: Arceus|83\/100|[from] Grassy Terrain\n|-heal|p1a: Arboliva|84\/100|[from] Grassy Terrain\n|upkeep\n|turn|3\n|\n|t:|1698438402\n|switch|p1a: Quaquaval|Quaquaval, M|100\/100\n|move|p2a: Arceus|Swords Dance|p2a: Arceus\n|-boost|p2a: Arceus|atk|2\n|\n|-heal|p2a: Arceus|89\/100|[from] Grassy Terrain\n|upkeep\n|turn|4\n|\n|t:|1698438412\n|-terastallize|p1a: Quaquaval|Steel\n|move|p2a: Arceus|Extreme Speed|p1a: Quaquaval\n|-resisted|p1a: Quaquaval\n|-damage|p1a: Quaquaval|34\/100\n|move|p1a: Quaquaval|Close Combat|p2a: Arceus\n|-supereffective|p2a: Arceus\n|-damage|p2a: Arceus|14\/100\n|-unboost|p1a: Quaquaval|def|1\n|-unboost|p1a: Quaquaval|spd|1\n|\n|-heal|p1a: Quaquaval|40\/100|[from] Grassy Terrain\n|-heal|p2a: Arceus|20\/100|[from] Grassy Terrain\n|upkeep\n|turn|5\n|\n|t:|1698438426\n|move|p2a: Arceus|Extreme Speed|p1a: Quaquaval\n|-resisted|p1a: Quaquaval\n|-damage|p1a: Quaquaval|0 fnt\n|faint|p1a: Quaquaval\n|\n|-heal|p2a: Arceus|26\/100|[from] Grassy Terrain\n|-fieldend|move: Grassy Terrain\n|upkeep\n|\n|t:|1698438435\n|switch|p1a: Tinkaton|Tinkaton, F|100\/100\n|turn|6\n|\n|t:|1698438440\n|move|p1a: Tinkaton|Gigaton Hammer|p2a: Arceus\n|-damage|p2a: Arceus|0 fnt\n|faint|p2a: Arceus\n|-damage|p1a: Tinkaton|91\/100|[from] item: Life Orb\n|\n|upkeep\n|\n|t:|1698438444\n|switch|p2a: Dondozo|Dondozo, F|100\/100\n|turn|7\n|\n|t:|1698438450\n|move|p1a: Tinkaton|Knock Off|p2a: Dondozo\n|-damage|p2a: Dondozo|86\/100\n|-enditem|p2a: Dondozo|Chesto Berry|[from] move: Knock Off|[of] p1a: Tinkaton\n|-damage|p1a: Tinkaton|81\/100|[from] item: Life Orb\n|move|p2a: Dondozo|Curse|p2a: Dondozo\n|-unboost|p2a: Dondozo|spe|1\n|-boost|p2a: Dondozo|atk|1\n|-boost|p2a: Dondozo|def|1\n|\n|upkeep\n|turn|8\n|\n|t:|1698438461\n|move|p1a: Tinkaton|Swords Dance|p1a: Tinkaton\n|-boost|p1a: Tinkaton|atk|2\n|move|p2a: Dondozo|Earthquake|p1a: Tinkaton\n|-supereffective|p1a: Tinkaton\n|-damage|p1a: Tinkaton|0 fnt\n|faint|p1a: Tinkaton\n|\n|upkeep\n|\n|t:|1698438470\n|switch|p1a: Arboliva|Arboliva, M|84\/100\n|turn|9\n|\n|t:|1698438476\n|move|p1a: Arboliva|Giga Drain|p2a: Dondozo\n|-supereffective|p2a: Dondozo\n|-damage|p2a: Dondozo|11\/100\n|-heal|p1a: Arboliva|100\/100|[from] drain|[of] p2a: Dondozo\n|move|p2a: Dondozo|Curse|p2a: Dondozo\n|-unboost|p2a: Dondozo|spe|1\n|-boost|p2a: Dondozo|atk|1\n|-boost|p2a: Dondozo|def|1\n|\n|upkeep\n|turn|10\n|\n|t:|1698438485\n|move|p1a: Arboliva|Giga Drain|p2a: Dondozo\n|-supereffective|p2a: Dondozo\n|-crit|p2a: Dondozo\n|-damage|p2a: Dondozo|0 fnt\n|faint|p2a: Dondozo\n|\n|upkeep\n|\n|t:|1698438489\n|switch|p2a: Miraidon|Miraidon|47\/100\n|-fieldstart|move: Electric Terrain|[from] ability: Hadron Engine|[of] p2a: Miraidon\n|turn|11\n|\n|t:|1698438495\n|move|p2a: Miraidon|Volt Switch|p1a: Arboliva\n|-resisted|p1a: Arboliva\n|-damage|p1a: Arboliva|82\/100\n|-fieldstart|move: Grassy Terrain|[from] ability: Seed Sower|[of] p1a: Arboliva\n|\n|t:|1698438498\n|switch|p2a: Kyogre|Kyogre|100\/100|[from] Volt Switch\n|-weather|RainDance|[from] ability: Drizzle|[of] p2a: Kyogre\n|move|p1a: Arboliva|Earth Power|p2a: Kyogre\n|-damage|p2a: Kyogre|74\/100\n|\n|-weather|RainDance|[upkeep]\n|-heal|p2a: Kyogre|80\/100|[from] Grassy Terrain\n|-heal|p1a: Arboliva|89\/100|[from] Grassy Terrain\n|upkeep\n|turn|12\n|\n|t:|1698438511\n|move|p2a: Kyogre|Ice Beam|p1a: Arboliva\n|-supereffective|p1a: Arboliva\n|-damage|p1a: Arboliva|51\/100\n|move|p1a: Arboliva|Giga Drain|p2a: Kyogre\n|-supereffective|p2a: Kyogre\n|-damage|p2a: Kyogre|4\/100\n|-heal|p1a: Arboliva|87\/100|[from] drain|[of] p2a: Kyogre\n|\n|-weather|RainDance|[upkeep]\n|-heal|p2a: Kyogre|10\/100|[from] Grassy Terrain\n|-heal|p1a: Arboliva|93\/100|[from] Grassy Terrain\n|upkeep\n|turn|13\n|\n|t:|1698438523\n|move|p2a: Kyogre|Ice Beam|p1a: Arboliva\n|-supereffective|p1a: Arboliva\n|-damage|p1a: Arboliva|55\/100\n|move|p1a: Arboliva|Giga Drain|p2a: Kyogre\n|-supereffective|p2a: Kyogre\n|-damage|p2a: Kyogre|0 fnt\n|-heal|p1a: Arboliva|60\/100|[from] drain|[of] p2a: Kyogre\n|faint|p2a: Kyogre\n|\n|-weather|RainDance|[upkeep]\n|-heal|p1a: Arboliva|66\/100|[from] Grassy Terrain\n|upkeep\n|\n|t:|1698438535\n|switch|p2a: Miraidon|Miraidon|47\/100\n|-fieldstart|move: Electric Terrain|[from] ability: Hadron Engine|[of] p2a: Miraidon\n|turn|14\n|\n|t:|1698438543\n|-terastallize|p2a: Miraidon|Fairy\n|move|p2a: Miraidon|Dazzling Gleam|p1a: Arboliva\n|-damage|p1a: Arboliva|34\/100\n|-fieldstart|move: Grassy Terrain|[from] ability: Seed Sower|[of] p1a: Arboliva\n|move|p1a: Arboliva|Earth Power|p2a: Miraidon\n|-damage|p2a: Miraidon|16\/100\n|\n|-weather|RainDance|[upkeep]\n|-heal|p2a: Miraidon|22\/100|[from] Grassy Terrain\n|-heal|p1a: Arboliva|41\/100|[from] Grassy Terrain\n|upkeep\n|turn|15\n|\n|t:|1698438556\n|move|p2a: Miraidon|Dazzling Gleam|p1a: Arboliva\n|-damage|p1a: Arboliva|14\/100\n|move|p1a: Arboliva|Giga Drain|p2a: Miraidon\n|-damage|p2a: Miraidon|0 fnt\n|-heal|p1a: Arboliva|24\/100|[from] drain|[of] p2a: Miraidon\n|faint|p2a: Miraidon\n|\n|-weather|none\n|-heal|p1a: Arboliva|30\/100|[from] Grassy Terrain\n|upkeep\n|\n|t:|1698438560\n|switch|p2a: Iron Treads|Iron Treads|100\/100\n|turn|16\n|\n|t:|1698438572\n|move|p2a: Iron Treads|Knock Off|p1a: Arboliva\n|-damage|p1a: Arboliva|0 fnt\n|-enditem|p1a: Arboliva|Assault Vest|[from] move: Knock Off|[of] p2a: Iron Treads\n|faint|p1a: Arboliva\n|\n|upkeep\n|\n|t:|1698438589\n|switch|p1a: Armarouge|Armarouge, M|100\/100\n|turn|17\n|inactive|QuarrenShow has 120 seconds left.\n|\n|t:|1698438628\n|move|p2a: Iron Treads|Earthquake|p1a: Armarouge\n|-supereffective|p1a: Armarouge\n|-damage|p1a: Armarouge|48\/100\n|move|p1a: Armarouge|Armor Cannon|p2a: Iron Treads\n|-supereffective|p2a: Iron Treads\n|-damage|p2a: Iron Treads|0 fnt\n|-unboost|p1a: Armarouge|def|1\n|-unboost|p1a: Armarouge|spd|1\n|faint|p2a: Iron Treads\n|-end|p2a: Iron Treads|Quark Drive|[silent]\n|\n|-heal|p1a: Armarouge|55\/100|[from] Grassy Terrain\n|upkeep\n|\n|t:|1698438630\n|switch|p2a: Basculegion|Basculegion, M|100\/100\n|turn|18\n|\n|t:|1698438642\n|move|p2a: Basculegion|Last Respects|p1a: Armarouge\n|-supereffective|p1a: Armarouge\n|-damage|p1a: Armarouge|0 fnt\n|faint|p1a: Armarouge\n|\n|-fieldend|move: Grassy Terrain\n|upkeep\n|\n|t:|1698438649\n|switch|p1a: Baxcalibur|Baxcalibur, M|100\/100\n|turn|19\n|\n|t:|1698438653\n|move|p2a: Basculegion|Last Respects|p1a: Baxcalibur\n|-damage|p1a: Baxcalibur|0 fnt\n|faint|p1a: Baxcalibur\n|\n|upkeep\n|\n|t:|1698438658\n|switch|p1a: Garganacl|Garganacl, M|100\/100\n|turn|20\n|\n|t:|1698438662\n|move|p2a: Basculegion|Last Respects|p1a: Garganacl\n|-damage|p1a: Garganacl|46\/100\n|move|p1a: Garganacl|Salt Cure|p2a: Basculegion\n|-damage|p2a: Basculegion|82\/100\n|-start|p2a: Basculegion|Salt Cure\n|\n|-heal|p1a: Garganacl|52\/100|[from] item: Leftovers\n|-damage|p2a: Basculegion|57\/100|[from] Salt Cure\n|upkeep\n|turn|21\n|\n|t:|1698438672\n|move|p2a: Basculegion|Last Respects|p1a: Garganacl\n|-damage|p1a: Garganacl|1\/100\n|move|p1a: Garganacl|Recover|p1a: Garganacl\n|-heal|p1a: Garganacl|51\/100\n|\n|-heal|p1a: Garganacl|57\/100|[from] item: Leftovers\n|-damage|p2a: Basculegion|32\/100|[from] Salt Cure\n|upkeep\n|turn|22\n|\n|t:|1698438683\n|move|p2a: Basculegion|Last Respects|p1a: Garganacl\n|-damage|p1a: Garganacl|2\/100\n|move|p1a: Garganacl|Recover|p1a: Garganacl\n|-heal|p1a: Garganacl|53\/100\n|\n|-heal|p1a: Garganacl|59\/100|[from] item: Leftovers\n|-damage|p2a: Basculegion|7\/100|[from] Salt Cure\n|upkeep\n|turn|23\n|c|\u2606QuarrenShow|crit\n|\n|t:|1698438693\n|move|p2a: Basculegion|Last Respects|p1a: Garganacl\n|-damage|p1a: Garganacl|10\/100\n|move|p1a: Garganacl|Recover|p1a: Garganacl\n|-heal|p1a: Garganacl|60\/100\n|\n|-heal|p1a: Garganacl|66\/100|[from] item: Leftovers\n|-damage|p2a: Basculegion|0 fnt|[from] Salt Cure\n|faint|p2a: Basculegion\n|\n|win|Kai dragneel\n|upkeep\n|raw|Kai dragneel's rating: 1135 &rarr; <strong>1168<\/strong><br \/>(+33 for winning)\n|raw|QuarrenShow's rating: 1256 &rarr; <strong>1223<\/strong><br \/>(-33 for losing)\n|c|\u2606QuarrenShow|get ready\n|c|\u2606QuarrenShow|fuck\n","uploadtime":1698438705,"views":13,"p1id":"kaidragneel","p2id":"quarrenshow","formatid":"gen9ubers","rating":1168,"private":0,"password":""}