{"id":"gen9ubers-1981779786","p1":"LolhorseBagel","p2":"MacDaddie16","format":"[Gen 9] Ubers","log":"|j|\u2606LolhorseBagel\n|j|\u2606MacDaddie16\n|t:|1698941028\n|gametype|singles\n|player|p1|LolhorseBagel|cynthia|\n|player|p2|MacDaddie16|roughneck|\n|teamsize|p1|6\n|teamsize|p2|6\n|gen|9\n|tier|[Gen 9] Ubers\n|rule|Sleep Clause Mod: Limit one foe put to sleep\n|rule|Species Clause: Limit one of each Pok\u00e9mon\n|rule|OHKO Clause: OHKO moves are banned\n|rule|Evasion Items Clause: Evasion items are banned\n|rule|Evasion Moves Clause: Evasion moves are banned\n|rule|Endless Battle Clause: Forcing endless battles is banned\n|rule|HP Percentage Mod: HP is shown in percentages\n|clearpoke\n|poke|p1|Gholdengo|\n|poke|p1|Toxapex, M|\n|poke|p1|Garganacl, F|\n|poke|p1|Corviknight, M|\n|poke|p1|Ogerpon-Hearthflame, F|\n|poke|p1|Quagsire, M|\n|poke|p2|Rayquaza|\n|poke|p2|Groudon|\n|poke|p2|Zacian-*|\n|poke|p2|Arceus|\n|poke|p2|Giratina|\n|poke|p2|Kyogre|\n|teampreview\n|\n|t:|1698941060\n|start\n|switch|p1a: Real|Toxapex, M, shiny|100\/100\n|switch|p2a: Kyogre|Kyogre|100\/100\n|-weather|RainDance|[from] ability: Drizzle|[of] p2a: Kyogre\n|turn|1\n|\n|t:|1698941077\n|move|p2a: Kyogre|Water Spout|p1a: Real\n|-resisted|p1a: Real\n|-damage|p1a: Real|43\/100\n|move|p1a: Real|Toxic Spikes|p2a: Kyogre\n|-sidestart|p2: MacDaddie16|move: Toxic Spikes\n|\n|-weather|RainDance|[upkeep]\n|-heal|p1a: Real|49\/100|[from] item: Black Sludge\n|upkeep\n|turn|2\n|\n|t:|1698941105\n|move|p1a: Real|Baneful Bunker|p1a: Real\n|-singleturn|p1a: Real|move: Protect\n|move|p2a: Kyogre|Water Spout|p1a: Real\n|-activate|p1a: Real|move: Protect\n|\n|-weather|RainDance|[upkeep]\n|-heal|p1a: Real|55\/100|[from] item: Black Sludge\n|upkeep\n|turn|3\n|\n|t:|1698941119\n|switch|p1a: Mr Woops|Quagsire, M, shiny|100\/100\n|move|p2a: Kyogre|Water Spout|p1a: Mr Woops\n|-damage|p1a: Mr Woops|0 fnt\n|faint|p1a: Mr Woops\n|\n|-weather|RainDance|[upkeep]\n|upkeep\n|\n|t:|1698941127\n|switch|p1a: Real|Toxapex, M, shiny|88\/100\n|turn|4\n|\n|t:|1698941137\n|move|p1a: Real|Baneful Bunker|p1a: Real\n|-singleturn|p1a: Real|move: Protect\n|move|p2a: Kyogre|Water Spout|p1a: Real\n|-activate|p1a: Real|move: Protect\n|\n|-weather|RainDance|[upkeep]\n|-heal|p1a: Real|95\/100|[from] item: Black Sludge\n|upkeep\n|turn|5\n|\n|t:|1698941155\n|switch|p2a: Groudon|Groudon|100\/100\n|-status|p2a: Groudon|psn\n|-weather|SunnyDay|[from] ability: Drought|[of] p2a: Groudon\n|move|p1a: Real|Infestation|p2a: Groudon\n|-damage|p2a: Groudon|98\/100 psn\n|-activate|p2a: Groudon|move: Infestation|[of] p1a: Real\n|\n|-weather|SunnyDay|[upkeep]\n|-heal|p2a: Groudon|100\/100 psn|[from] item: Leftovers\n|-heal|p1a: Real|100\/100|[from] item: Black Sludge\n|-damage|p2a: Groudon|88\/100 psn|[from] psn\n|-damage|p2a: Groudon|76\/100 psn|[from] move: Infestation|[partiallytrapped]\n|upkeep\n|turn|6\n|\n|t:|1698941170\n|move|p1a: Real|Baneful Bunker|p1a: Real\n|-singleturn|p1a: Real|move: Protect\n|move|p2a: Groudon|Spikes|p1a: Real\n|-sidestart|p1: LolhorseBagel|Spikes\n|\n|-weather|SunnyDay|[upkeep]\n|-heal|p2a: Groudon|82\/100 psn|[from] item: Leftovers\n|-damage|p2a: Groudon|69\/100 psn|[from] psn\n|-damage|p2a: Groudon|57\/100 psn|[from] move: Infestation|[partiallytrapped]\n|upkeep\n|turn|7\n|\n|t:|1698941187\n|move|p2a: Groudon|Protect|p2a: Groudon\n|-singleturn|p2a: Groudon|Protect\n|move|p1a: Real|Toxic Spikes|p2a: Groudon\n|-sidestart|p2: MacDaddie16|move: Toxic Spikes\n|\n|-weather|SunnyDay|[upkeep]\n|-heal|p2a: Groudon|63\/100 psn|[from] item: Leftovers\n|-damage|p2a: Groudon|51\/100 psn|[from] psn\n|-damage|p2a: Groudon|38\/100 psn|[from] move: Infestation|[partiallytrapped]\n|upkeep\n|turn|8\n|\n|t:|1698941197\n|move|p1a: Real|Baneful Bunker|p1a: Real\n|-singleturn|p1a: Real|move: Protect\n|move|p2a: Groudon|Spikes|p1a: Real\n|-sidestart|p1: LolhorseBagel|Spikes\n|\n|-weather|SunnyDay|[upkeep]\n|-heal|p2a: Groudon|44\/100 psn|[from] item: Leftovers\n|-damage|p2a: Groudon|32\/100 psn|[from] psn\n|-damage|p2a: Groudon|19\/100 psn|[from] move: Infestation|[partiallytrapped]\n|upkeep\n|turn|9\n|\n|t:|1698941209\n|move|p2a: Groudon|Spikes|p1a: Real\n|-sidestart|p1: LolhorseBagel|Spikes\n|move|p1a: Real|Infestation|p2a: Groudon\n|-damage|p2a: Groudon|16\/100 psn\n|\n|-weather|none\n|-heal|p2a: Groudon|23\/100 psn|[from] item: Leftovers\n|-damage|p2a: Groudon|10\/100 psn|[from] psn\n|-damage|p2a: Groudon|0 fnt|[from] move: Infestation|[partiallytrapped]\n|faint|p2a: Groudon\n|upkeep\n|\n|t:|1698941218\n|switch|p2a: Kyogre|Kyogre|100\/100\n|-status|p2a: Kyogre|tox\n|-weather|RainDance|[from] ability: Drizzle|[of] p2a: Kyogre\n|turn|10\n|\n|t:|1698941228\n|move|p2a: Kyogre|Origin Pulse|p1a: Real\n|-resisted|p1a: Real\n|-damage|p1a: Real|58\/100\n|move|p1a: Real|Infestation|p2a: Kyogre\n|-damage|p2a: Kyogre|98\/100 tox\n|-activate|p2a: Kyogre|move: Infestation|[of] p1a: Real\n|\n|-weather|RainDance|[upkeep]\n|-heal|p1a: Real|64\/100|[from] item: Black Sludge\n|-damage|p2a: Kyogre|92\/100 tox|[from] psn\n|-damage|p2a: Kyogre|80\/100 tox|[from] move: Infestation|[partiallytrapped]\n|upkeep\n|turn|11\n|\n|t:|1698941243\n|move|p1a: Real|Baneful Bunker|p1a: Real\n|-singleturn|p1a: Real|move: Protect\n|move|p2a: Kyogre|Origin Pulse|p1a: Real\n|-activate|p1a: Real|move: Protect\n|\n|-weather|RainDance|[upkeep]\n|-heal|p1a: Real|71\/100|[from] item: Black Sludge\n|-damage|p2a: Kyogre|67\/100 tox|[from] psn\n|-damage|p2a: Kyogre|55\/100 tox|[from] move: Infestation|[partiallytrapped]\n|upkeep\n|turn|12\n|\n|t:|1698941259\n|move|p2a: Kyogre|Origin Pulse|p1a: Real\n|-resisted|p1a: Real\n|-damage|p1a: Real|32\/100\n|move|p1a: Real|Recover|p1a: Real\n|-heal|p1a: Real|82\/100\n|\n|-weather|RainDance|[upkeep]\n|-heal|p1a: Real|88\/100|[from] item: Black Sludge\n|-damage|p2a: Kyogre|37\/100 tox|[from] psn\n|-damage|p2a: Kyogre|24\/100 tox|[from] move: Infestation|[partiallytrapped]\n|upkeep\n|turn|13\n|\n|t:|1698941268\n|move|p1a: Real|Baneful Bunker|p1a: Real\n|-singleturn|p1a: Real|move: Protect\n|move|p2a: Kyogre|Origin Pulse|p1a: Real\n|-activate|p1a: Real|move: Protect\n|\n|-weather|RainDance|[upkeep]\n|-heal|p1a: Real|95\/100|[from] item: Black Sludge\n|-damage|p2a: Kyogre|0 fnt|[from] psn\n|faint|p2a: Kyogre\n|upkeep\n|\n|t:|1698941277\n|switch|p2a: Giratina|Giratina, shiny|100\/100\n|-ability|p2a: Giratina|Pressure\n|turn|14\n|\n|t:|1698941283\n|move|p2a: Giratina|Defog|p1a: Real\n|-unboost|p1a: Real|evasion|1\n|-sideend|p1: LolhorseBagel|Spikes|[from] move: Defog|[of] p2a: Giratina\n|-sideend|p2: MacDaddie16|Toxic Spikes|[from] move: Defog|[of] p2a: Giratina\n|move|p1a: Real|Infestation|p2a: Giratina\n|-resisted|p2a: Giratina\n|-damage|p2a: Giratina|99\/100\n|-activate|p2a: Giratina|move: Infestation|[of] p1a: Real\n|\n|-weather|none\n|-heal|p1a: Real|100\/100|[from] item: Black Sludge\n|-damage|p2a: Giratina|87\/100|[from] move: Infestation|[partiallytrapped]\n|upkeep\n|turn|15\n|\n|t:|1698941298\n|switch|p1a: True|Gholdengo|100\/100\n|move|p2a: Giratina|Will-O-Wisp|p1a: True\n|-immune|p1a: True|[from] ability: Good as Gold\n|\n|-end|p2a: Giratina|Infestation|[partiallytrapped]|[silent]\n|upkeep\n|turn|16\n|\n|t:|1698941313\n|switch|p2a: Arceus|Arceus|100\/100\n|-terastallize|p1a: True|Dark\n|move|p1a: True|Thunder Wave|p2a: Arceus\n|-status|p2a: Arceus|par\n|\n|upkeep\n|turn|17\n|\n|t:|1698941323\n|switch|p2a: Zacian|Zacian-Crowned, shiny|100\/100\n|-ability|p2a: Zacian|Intrepid Sword|boost\n|-boost|p2a: Zacian|atk|1\n|move|p1a: True|Nasty Plot|p1a: True\n|-boost|p1a: True|spa|2\n|\n|upkeep\n|turn|18\n|\n|t:|1698941341\n|move|p2a: Zacian|Behemoth Blade|p1a: True\n|-damage|p1a: True|0 fnt\n|faint|p1a: True\n|\n|upkeep\n|\n|t:|1698941360\n|switch|p1a: Lucky Roo|Ogerpon-Hearthflame, F|100\/100\n|-ability|p1a: Lucky Roo|Mold Breaker\n|turn|19\n|\n|t:|1698941372\n|-terastallize|p2a: Zacian|Fire\n|move|p2a: Zacian|Behemoth Blade|p1a: Lucky Roo\n|-resisted|p1a: Lucky Roo\n|-damage|p1a: Lucky Roo|39\/100\n|move|p1a: Lucky Roo|Ivy Cudgel|p2a: Zacian\n|-resisted|p2a: Zacian\n|-damage|p2a: Zacian|75\/100\n|\n|upkeep\n|turn|20\n|\n|t:|1698941380\n|move|p2a: Zacian|Crunch|p1a: Lucky Roo\n|-damage|p1a: Lucky Roo|0 fnt\n|faint|p1a: Lucky Roo\n|\n|upkeep\n|\n|t:|1698941387\n|switch|p1a: Real|Toxapex, M, shiny|100\/100\n|turn|21\n|\n|t:|1698941394\n|move|p1a: Real|Baneful Bunker|p1a: Real\n|-singleturn|p1a: Real|move: Protect\n|move|p2a: Zacian|Behemoth Blade|p1a: Real\n|-activate|p1a: Real|move: Protect\n|-status|p2a: Zacian|psn\n|\n|-damage|p2a: Zacian|63\/100 psn|[from] psn\n|upkeep\n|turn|22\n|\n|t:|1698941411\n|move|p2a: Zacian|Behemoth Blade|p1a: Real\n|-resisted|p1a: Real\n|-damage|p1a: Real|70\/100\n|move|p1a: Real|Infestation|p2a: Zacian\n|-resisted|p2a: Zacian\n|-damage|p2a: Zacian|62\/100 psn\n|-activate|p2a: Zacian|move: Infestation|[of] p1a: Real\n|\n|-heal|p1a: Real|76\/100|[from] item: Black Sludge\n|-damage|p2a: Zacian|49\/100 psn|[from] psn\n|-damage|p2a: Zacian|37\/100 psn|[from] move: Infestation|[partiallytrapped]\n|upkeep\n|turn|23\n|\n|t:|1698941430\n|switch|p1a: Specter|Corviknight, M, shiny|100\/100\n|-ability|p1a: Specter|Pressure\n|move|p2a: Zacian|Swords Dance|p2a: Zacian\n|-boost|p2a: Zacian|atk|2\n|\n|-damage|p2a: Zacian|25\/100 psn|[from] psn\n|-end|p2a: Zacian|Infestation|[partiallytrapped]|[silent]\n|upkeep\n|turn|24\n|\n|t:|1698941441\n|move|p2a: Zacian|Behemoth Blade|p1a: Specter\n|-resisted|p1a: Specter\n|-damage|p1a: Specter|37\/100\n|-damage|p2a: Zacian|8\/100 psn|[from] item: Rocky Helmet|[of] p1a: Specter\n|move|p1a: Specter|Bulk Up|p1a: Specter\n|-boost|p1a: Specter|atk|1\n|-boost|p1a: Specter|def|1\n|\n|-damage|p2a: Zacian|0 fnt|[from] psn\n|faint|p2a: Zacian\n|upkeep\n|\n|t:|1698941453\n|switch|p2a: Arceus|Arceus|100\/100 par\n|turn|25\n|\n|t:|1698941458\n|move|p2a: Arceus|Extreme Speed|p1a: Specter\n|-resisted|p1a: Specter\n|-damage|p1a: Specter|22\/100\n|-damage|p2a: Arceus|84\/100 par|[from] item: Rocky Helmet|[of] p1a: Specter\n|move|p1a: Specter|Roost|p1a: Specter\n|-heal|p1a: Specter|72\/100\n|-singleturn|p1a: Specter|move: Roost\n|\n|upkeep\n|turn|26\n|\n|t:|1698941480\n|move|p1a: Specter|Bulk Up|p1a: Specter\n|-boost|p1a: Specter|atk|1\n|-boost|p1a: Specter|def|1\n|move|p2a: Arceus|Shadow Claw|p1a: Specter\n|-damage|p1a: Specter|62\/100\n|-damage|p2a: Arceus|68\/100 par|[from] item: Rocky Helmet|[of] p1a: Specter\n|\n|upkeep\n|turn|27\n|\n|t:|1698941488\n|move|p1a: Specter|Bulk Up|p1a: Specter\n|-boost|p1a: Specter|atk|1\n|-boost|p1a: Specter|def|1\n|move|p2a: Arceus|Swords Dance|p2a: Arceus\n|-boost|p2a: Arceus|atk|2\n|\n|upkeep\n|turn|28\n|\n|t:|1698941493\n|move|p1a: Specter|Roost|p1a: Specter\n|-heal|p1a: Specter|100\/100\n|-singleturn|p1a: Specter|move: Roost\n|move|p2a: Arceus|Swords Dance|p2a: Arceus\n|-boost|p2a: Arceus|atk|2\n|\n|upkeep\n|turn|29\n|\n|t:|1698941501\n|move|p1a: Specter|Body Press|p2a: Arceus\n|-supereffective|p2a: Arceus\n|-damage|p2a: Arceus|5\/100 par\n|move|p2a: Arceus|Recover|p2a: Arceus\n|-heal|p2a: Arceus|55\/100 par\n|\n|upkeep\n|turn|30\n|\n|t:|1698941508\n|move|p2a: Arceus|Extreme Speed|p1a: Specter\n|-resisted|p1a: Specter\n|-damage|p1a: Specter|73\/100\n|-damage|p2a: Arceus|39\/100 par|[from] item: Rocky Helmet|[of] p1a: Specter\n|move|p1a: Specter|Body Press|p2a: Arceus\n|-supereffective|p2a: Arceus\n|-damage|p2a: Arceus|0 fnt\n|faint|p2a: Arceus\n|\n|upkeep\n|\n|t:|1698941517\n|switch|p2a: Giratina|Giratina, shiny|87\/100\n|-ability|p2a: Giratina|Pressure\n|turn|31\n|\n|t:|1698941532\n|move|p2a: Giratina|Will-O-Wisp|p1a: Specter\n|-status|p1a: Specter|brn\n|move|p1a: Specter|Roost|p1a: Specter\n|-heal|p1a: Specter|100\/100 brn\n|-singleturn|p1a: Specter|move: Roost\n|\n|-damage|p1a: Specter|94\/100 brn|[from] brn\n|upkeep\n|turn|32\n|\n|t:|1698941541\n|move|p1a: Specter|Bulk Up|p1a: Specter\n|-boost|p1a: Specter|atk|1\n|-boost|p1a: Specter|def|1\n|move|p2a: Giratina|Dragon Tail|p1a: Specter\n|-resisted|p1a: Specter\n|-damage|p1a: Specter|91\/100 brn\n|-damage|p2a: Giratina|71\/100|[from] item: Rocky Helmet|[of] p1a: Specter\n|drag|p1a: Minecraft|Garganacl, F|100\/100\n|\n|upkeep\n|turn|33\n|\n|t:|1698941552\n|move|p2a: Giratina|Will-O-Wisp|p1a: Minecraft\n|-immune|p1a: Minecraft|[from] ability: Purifying Salt\n|move|p1a: Minecraft|Salt Cure|p2a: Giratina\n|-damage|p2a: Giratina|65\/100\n|-start|p2a: Giratina|Salt Cure\n|\n|-damage|p2a: Giratina|52\/100|[from] Salt Cure\n|upkeep\n|turn|34\n|\n|t:|1698941561\n|move|p1a: Minecraft|Protect|p1a: Minecraft\n|-singleturn|p1a: Minecraft|Protect\n|move|p2a: Giratina|Rest|p2a: Giratina\n|-status|p2a: Giratina|slp|[from] move: Rest\n|-heal|p2a: Giratina|100\/100 slp|[silent]\n|\n|-damage|p2a: Giratina|88\/100 slp|[from] Salt Cure\n|upkeep\n|turn|35\n|\n|t:|1698941571\n|switch|p2a: Rayquaza|Rayquaza, shiny|100\/100\n|-ability|p2a: Rayquaza|Air Lock\n|move|p1a: Minecraft|Salt Cure|p2a: Rayquaza\n|-supereffective|p2a: Rayquaza\n|-damage|p2a: Rayquaza|70\/100\n|-start|p2a: Rayquaza|Salt Cure\n|\n|-damage|p2a: Rayquaza|57\/100|[from] Salt Cure\n|upkeep\n|turn|36\n|\n|t:|1698941586\n|move|p1a: Minecraft|Protect|p1a: Minecraft\n|-singleturn|p1a: Minecraft|Protect\n|move|p2a: Rayquaza|Dragon Ascent|p1a: Minecraft\n|-activate|p1a: Minecraft|move: Protect\n|\n|-damage|p2a: Rayquaza|45\/100|[from] Salt Cure\n|upkeep\n|turn|37\n|\n|t:|1698941595\n|switch|p1a: Specter|Corviknight, M, shiny|91\/100 brn\n|-ability|p1a: Specter|Pressure\n|move|p2a: Rayquaza|Dragon Ascent|p1a: Specter\n|-resisted|p1a: Specter\n|-damage|p1a: Specter|67\/100 brn\n|-unboost|p2a: Rayquaza|def|1\n|-unboost|p2a: Rayquaza|spd|1\n|-damage|p2a: Rayquaza|29\/100|[from] item: Rocky Helmet|[of] p1a: Specter\n|\n|-damage|p1a: Specter|61\/100 brn|[from] brn\n|-damage|p2a: Rayquaza|16\/100|[from] Salt Cure\n|upkeep\n|turn|38\n|\n|t:|1698941608\n|move|p2a: Rayquaza|Extreme Speed|p1a: Specter\n|-resisted|p1a: Specter\n|-damage|p1a: Specter|50\/100 brn\n|-damage|p2a: Rayquaza|0 fnt|[from] item: Rocky Helmet|[of] p1a: Specter\n|faint|p2a: Rayquaza\n|move|p1a: Specter|Roost|p1a: Specter\n|-heal|p1a: Specter|99\/100 brn\n|-singleturn|p1a: Specter|move: Roost\n|\n|-damage|p1a: Specter|94\/100 brn|[from] brn\n|upkeep\n|\n|t:|1698941618\n|switch|p2a: Giratina|Giratina, shiny|88\/100 slp\n|-ability|p2a: Giratina|Pressure\n|turn|39\n|\n|t:|1698941625\n|move|p1a: Specter|Brave Bird|p2a: Giratina\n|-damage|p2a: Giratina|80\/100 slp\n|-damage|p1a: Specter|91\/100 brn|[from] Recoil\n|cant|p2a: Giratina|slp\n|\n|-damage|p1a: Specter|85\/100 brn|[from] brn\n|upkeep\n|turn|40\n|\n|t:|1698941633\n|move|p1a: Specter|Brave Bird|p2a: Giratina\n|-damage|p2a: Giratina|73\/100 slp\n|-damage|p1a: Specter|82\/100 brn|[from] Recoil\n|cant|p2a: Giratina|slp\n|\n|-damage|p1a: Specter|76\/100 brn|[from] brn\n|upkeep\n|turn|41\n|\n|t:|1698941640\n|move|p1a: Specter|Brave Bird|p2a: Giratina\n|-damage|p2a: Giratina|65\/100 slp\n|-damage|p1a: Specter|72\/100 brn|[from] Recoil\n|-curestatus|p2a: Giratina|slp|[msg]\n|move|p2a: Giratina|Dragon Tail|p1a: Specter\n|-resisted|p1a: Specter\n|-damage|p1a: Specter|64\/100 brn\n|-damage|p2a: Giratina|48\/100|[from] item: Rocky Helmet|[of] p1a: Specter\n|drag|p1a: Real|Toxapex, M, shiny|100\/100\n|\n|upkeep\n|turn|42\n|\n|t:|1698941655\n|move|p1a: Real|Baneful Bunker|p1a: Real\n|-singleturn|p1a: Real|move: Protect\n|move|p2a: Giratina|Will-O-Wisp|p1a: Real\n|-activate|p1a: Real|move: Protect\n|\n|upkeep\n|turn|43\n|\n|t:|1698941661\n|move|p2a: Giratina|Will-O-Wisp|p1a: Real\n|-status|p1a: Real|brn\n|move|p1a: Real|Infestation|p2a: Giratina\n|-resisted|p2a: Giratina\n|-damage|p2a: Giratina|48\/100\n|-activate|p2a: Giratina|move: Infestation|[of] p1a: Real\n|\n|-damage|p1a: Real|94\/100 brn|[from] brn\n|-damage|p2a: Giratina|35\/100|[from] move: Infestation|[partiallytrapped]\n|upkeep\n|turn|44\n|\n|t:|1698941672\n|move|p1a: Real|Baneful Bunker|p1a: Real\n|-singleturn|p1a: Real|move: Protect\n|move|p2a: Giratina|Rest|p2a: Giratina\n|-status|p2a: Giratina|slp|[from] move: Rest\n|-heal|p2a: Giratina|100\/100 slp|[silent]\n|\n|-heal|p1a: Real|100\/100 brn|[from] item: Black Sludge\n|-damage|p1a: Real|94\/100 brn|[from] brn\n|-damage|p2a: Giratina|88\/100 slp|[from] move: Infestation|[partiallytrapped]\n|upkeep\n|turn|45\n|\n|t:|1698941683\n|switch|p1a: Specter|Corviknight, M, shiny|64\/100 brn\n|-ability|p1a: Specter|Pressure\n|cant|p2a: Giratina|slp\n|\n|-damage|p1a: Specter|58\/100 brn|[from] brn\n|-end|p2a: Giratina|Infestation|[partiallytrapped]|[silent]\n|upkeep\n|turn|46\n|\n|t:|1698941718\n|move|p1a: Specter|Brave Bird|p2a: Giratina\n|-damage|p2a: Giratina|80\/100 slp\n|-damage|p1a: Specter|55\/100 brn|[from] Recoil\n|cant|p2a: Giratina|slp\n|\n|-damage|p1a: Specter|49\/100 brn|[from] brn\n|upkeep\n|turn|47\n|\n|t:|1698941727\n|-curestatus|p2a: Giratina|slp|[msg]\n|move|p2a: Giratina|Will-O-Wisp|p1a: Specter|[miss]\n|-miss|p2a: Giratina|p1a: Specter\n|move|p1a: Specter|Brave Bird|p2a: Giratina\n|-damage|p2a: Giratina|71\/100\n|-damage|p1a: Specter|45\/100 brn|[from] Recoil\n|\n|-damage|p1a: Specter|39\/100 brn|[from] brn\n|upkeep\n|turn|48\n|\n|t:|1698941736\n|move|p1a: Specter|Brave Bird|p2a: Giratina\n|-damage|p2a: Giratina|64\/100\n|-damage|p1a: Specter|36\/100 brn|[from] Recoil\n|move|p2a: Giratina|Dragon Tail|p1a: Specter\n|-resisted|p1a: Specter\n|-damage|p1a: Specter|28\/100 brn\n|-damage|p2a: Giratina|47\/100|[from] item: Rocky Helmet|[of] p1a: Specter\n|drag|p1a: Minecraft|Garganacl, F|100\/100\n|\n|upkeep\n|turn|49\n|\n|t:|1698941746\n|move|p2a: Giratina|Rest|p2a: Giratina\n|-status|p2a: Giratina|slp|[from] move: Rest\n|-heal|p2a: Giratina|100\/100 slp|[silent]\n|move|p1a: Minecraft|Salt Cure|p2a: Giratina\n|-damage|p2a: Giratina|95\/100 slp\n|-start|p2a: Giratina|Salt Cure\n|\n|-damage|p2a: Giratina|82\/100 slp|[from] Salt Cure\n|upkeep\n|turn|50\n|\n|t:|1698941761\n|switch|p1a: Real|Toxapex, M, shiny|100\/100 brn\n|cant|p2a: Giratina|slp\n|\n|-damage|p1a: Real|94\/100 brn|[from] brn\n|-damage|p2a: Giratina|70\/100 slp|[from] Salt Cure\n|upkeep\n|turn|51\n|\n|t:|1698941770\n|cant|p2a: Giratina|slp\n|move|p1a: Real|Infestation|p2a: Giratina\n|-resisted|p2a: Giratina\n|-damage|p2a: Giratina|69\/100 slp\n|-activate|p2a: Giratina|move: Infestation|[of] p1a: Real\n|\n|-heal|p1a: Real|100\/100 brn|[from] item: Black Sludge\n|-damage|p1a: Real|94\/100 brn|[from] brn\n|-damage|p2a: Giratina|57\/100 slp|[from] Salt Cure\n|-damage|p2a: Giratina|44\/100 slp|[from] move: Infestation|[partiallytrapped]\n|upkeep\n|turn|52\n|\n|t:|1698941783\n|switch|p1a: Specter|Corviknight, M, shiny|28\/100 brn\n|-ability|p1a: Specter|Pressure\n|-curestatus|p2a: Giratina|slp|[msg]\n|move|p2a: Giratina|Dragon Tail|p1a: Specter\n|-resisted|p1a: Specter\n|-damage|p1a: Specter|20\/100 brn\n|-damage|p2a: Giratina|27\/100|[from] item: Rocky Helmet|[of] p1a: Specter\n|drag|p1a: Real|Toxapex, M, shiny|100\/100 brn\n|\n|-damage|p1a: Real|94\/100 brn|[from] brn\n|-damage|p2a: Giratina|15\/100|[from] Salt Cure\n|-end|p2a: Giratina|Infestation|[partiallytrapped]|[silent]\n|upkeep\n|turn|53\n|\n|t:|1698941795\n|move|p2a: Giratina|Rest|p2a: Giratina\n|-status|p2a: Giratina|slp|[from] move: Rest\n|-heal|p2a: Giratina|100\/100 slp|[silent]\n|move|p1a: Real|Infestation|p2a: Giratina\n|-resisted|p2a: Giratina\n|-damage|p2a: Giratina|99\/100 slp\n|-activate|p2a: Giratina|move: Infestation|[of] p1a: Real\n|\n|-heal|p1a: Real|100\/100 brn|[from] item: Black Sludge\n|-damage|p1a: Real|94\/100 brn|[from] brn\n|-damage|p2a: Giratina|87\/100 slp|[from] move: Infestation|[partiallytrapped]\n|-damage|p2a: Giratina|75\/100 slp|[from] Salt Cure\n|upkeep\n|turn|54\n|\n|t:|1698941810\n|cant|p2a: Giratina|slp\n|move|p1a: Real|Toxic Spikes|p2a: Giratina\n|-sidestart|p2: MacDaddie16|move: Toxic Spikes\n|\n|-heal|p1a: Real|100\/100 brn|[from] item: Black Sludge\n|-damage|p1a: Real|94\/100 brn|[from] brn\n|-damage|p2a: Giratina|62\/100 slp|[from] move: Infestation|[partiallytrapped]\n|-damage|p2a: Giratina|50\/100 slp|[from] Salt Cure\n|upkeep\n|turn|55\n|\n|t:|1698941818\n|cant|p2a: Giratina|slp\n|move|p1a: Real|Toxic Spikes|p2a: Giratina\n|-sidestart|p2: MacDaddie16|move: Toxic Spikes\n|\n|-heal|p1a: Real|100\/100 brn|[from] item: Black Sludge\n|-damage|p1a: Real|94\/100 brn|[from] brn\n|-damage|p2a: Giratina|37\/100 slp|[from] move: Infestation|[partiallytrapped]\n|-damage|p2a: Giratina|25\/100 slp|[from] Salt Cure\n|upkeep\n|turn|56\n|\n|t:|1698941826\n|-curestatus|p2a: Giratina|slp|[msg]\n|move|p2a: Giratina|Defog|p1a: Real\n|-unboost|p1a: Real|evasion|1\n|-sideend|p2: MacDaddie16|Toxic Spikes|[from] move: Defog|[of] p2a: Giratina\n|move|p1a: Real|Toxic Spikes|p2a: Giratina\n|-sidestart|p2: MacDaddie16|move: Toxic Spikes\n|\n|-heal|p1a: Real|100\/100 brn|[from] item: Black Sludge\n|-damage|p1a: Real|94\/100 brn|[from] brn\n|-damage|p2a: Giratina|12\/100|[from] Salt Cure\n|-damage|p2a: Giratina|0 fnt|[from] move: Infestation|[partiallytrapped]\n|faint|p2a: Giratina\n|\n|win|LolhorseBagel\n|upkeep\n","uploadtime":1698941840,"views":8,"p1id":"lolhorsebagel","p2id":"macdaddie16","formatid":"gen9ubers","rating":0,"private":0,"password":""}