{"id":"gen9ubers-1973308007","p1":"SilverSlime","p2":"kazekage217","format":"[Gen 9] Ubers","log":"|j|\u2606SilverSlime\n|j|\u2606kazekage217\n|t:|1697952221\n|gametype|singles\n|player|p1|SilverSlime|larry|\n|player|p2|kazekage217|koga-lgpe|\n|teamsize|p1|6\n|teamsize|p2|6\n|gen|9\n|tier|[Gen 9] Ubers\n|rule|Sleep Clause Mod: Limit one foe put to sleep\n|rule|Species Clause: Limit one of each Pok\u00e9mon\n|rule|OHKO Clause: OHKO moves are banned\n|rule|Evasion Items Clause: Evasion items are banned\n|rule|Evasion Moves Clause: Evasion moves are banned\n|rule|Endless Battle Clause: Forcing endless battles is banned\n|rule|HP Percentage Mod: HP is shown in percentages\n|clearpoke\n|poke|p1|Arceus-Ice|\n|poke|p1|Calyrex-Ice|\n|poke|p1|Ninetales-Alola, F|\n|poke|p1|Iron Bundle|\n|poke|p1|Mamoswine, F|\n|poke|p1|Sandslash-Alola, M|\n|poke|p2|Miraidon|\n|poke|p2|Zacian-*|\n|poke|p2|Koraidon|\n|poke|p2|Flutter Mane|\n|poke|p2|Kyogre|\n|poke|p2|Baxcalibur, F|\n|teampreview\n|inactive|Battle timer is ON: inactive players will automatically lose when time's up. (requested by SilverSlime)\n|c|\u2606SilverSlime|I'm doomed\n|inactive|kazekage217 has 270 seconds left.\n|c|\u2606SilverSlime|One of korai or Mirai are deffo scarf and I'm scared\n|\n|t:|1697952268\n|start\n|switch|p1a: Mamoswine|Mamoswine, F|100\/100\n|switch|p2a: Zacian|Zacian-Crowned|100\/100\n|-ability|p2a: Zacian|Intrepid Sword|boost\n|-boost|p2a: Zacian|atk|1\n|turn|1\n|c|\u2606SilverSlime|I'm scared\n|\n|t:|1697952283\n|move|p2a: Zacian|Behemoth Blade|p1a: Mamoswine\n|-supereffective|p1a: Mamoswine\n|-damage|p1a: Mamoswine|0 fnt\n|faint|p1a: Mamoswine\n|\n|upkeep\n|\n|t:|1697952286\n|switch|p1a: Sandslash|Sandslash-Alola, M|100\/100\n|turn|2\n|\n|t:|1697952293\n|move|p2a: Zacian|Behemoth Blade|p1a: Sandslash\n|-damage|p1a: Sandslash|17\/100\n|move|p1a: Sandslash|Earthquake|p2a: Zacian\n|-supereffective|p2a: Zacian\n|-damage|p2a: Zacian|38\/100\n|\n|upkeep\n|turn|3\n|\n|t:|1697952299\n|move|p2a: Zacian|Behemoth Blade|p1a: Sandslash\n|-damage|p1a: Sandslash|0 fnt\n|faint|p1a: Sandslash\n|\n|upkeep\n|\n|t:|1697952301\n|switch|p1a: Iron Bundle|Iron Bundle|100\/100\n|-enditem|p1a: Iron Bundle|Booster Energy\n|-activate|p1a: Iron Bundle|ability: Quark Drive|[fromitem]\n|-start|p1a: Iron Bundle|quarkdrivespe\n|turn|4\n|\n|t:|1697952310\n|move|p1a: Iron Bundle|Hydro Pump|p2a: Zacian\n|-damage|p2a: Zacian|0 fnt\n|faint|p2a: Zacian\n|\n|upkeep\n|inactive|kazekage217 has 270 seconds left.\n|\n|t:|1697952341\n|switch|p2a: Miraidon|Miraidon|100\/100\n|-fieldstart|move: Electric Terrain|[from] ability: Hadron Engine|[of] p2a: Miraidon\n|turn|5\n|inactive|kazekage217 has 270 seconds left.\n|\n|t:|1697952361\n|-terastallize|p2a: Miraidon|Fairy\n|move|p1a: Iron Bundle|Blizzard|p2a: Miraidon\n|-damage|p2a: Miraidon|54\/100\n|-status|p2a: Miraidon|frz\n|cant|p2a: Miraidon|frz\n|\n|upkeep\n|turn|6\n|c|\u2606SilverSlime|That worked\n|\n|t:|1697952371\n|move|p1a: Iron Bundle|Hydro Pump|p2a: Miraidon|[miss]\n|-miss|p1a: Iron Bundle|p2a: Miraidon\n|cant|p2a: Miraidon|frz\n|\n|upkeep\n|turn|7\n|c|\u2606kazekage217|wow\n|inactive|kazekage217 has 270 seconds left.\n|\n|t:|1697952376\n|-terastallize|p1a: Iron Bundle|Water\n|move|p1a: Iron Bundle|Hydro Pump|p2a: Miraidon|[miss]\n|-miss|p1a: Iron Bundle|p2a: Miraidon\n|cant|p2a: Miraidon|frz\n|\n|upkeep\n|turn|8\n|c|\u2606SilverSlime|Uh oh\n|c|\u2606SilverSlime|My luck\n|\n|t:|1697952383\n|move|p1a: Iron Bundle|Hydro Pump|p2a: Miraidon|[miss]\n|-miss|p1a: Iron Bundle|p2a: Miraidon\n|cant|p2a: Miraidon|frz\n|\n|upkeep\n|turn|9\n|c|\u2606SilverSlime|It's dwindling\n|c|\u2606SilverSlime|MY LUCK\n|\n|t:|1697952390\n|move|p1a: Iron Bundle|Hydro Pump|p2a: Miraidon\n|-damage|p2a: Miraidon|0 fnt\n|faint|p2a: Miraidon\n|\n|-fieldend|move: Electric Terrain\n|upkeep\n|c|\u2606SilverSlime|PLEASE\n|c|\u2606SilverSlime|THANK YOU\n|inactive|kazekage217 has 270 seconds left.\n|\n|t:|1697952408\n|switch|p2a: Kyogre|Kyogre|100\/100\n|-weather|RainDance|[from] ability: Drizzle|[of] p2a: Kyogre\n|turn|10\n|\n|t:|1697952414\n|move|p1a: Iron Bundle|Freeze-Dry|p2a: Kyogre\n|-supereffective|p2a: Kyogre\n|-damage|p2a: Kyogre|44\/100\n|move|p2a: Kyogre|Thunder|p1a: Iron Bundle\n|-supereffective|p1a: Iron Bundle\n|-damage|p1a: Iron Bundle|0 fnt\n|faint|p1a: Iron Bundle\n|-end|p1a: Iron Bundle|Quark Drive|[silent]\n|\n|-weather|RainDance|[upkeep]\n|upkeep\n|\n|t:|1697952422\n|switch|p1a: Calyrex|Calyrex-Ice|100\/100\n|-ability|p1a: Calyrex|As One\n|-ability|p1a: Calyrex|Unnerve\n|turn|11\n|c|\u2606kazekage217|What in the world\n|\n|t:|1697952429\n|move|p2a: Kyogre|Thunder|p1a: Calyrex\n|-damage|p1a: Calyrex|66\/100\n|move|p1a: Calyrex|Agility|p1a: Calyrex\n|-boost|p1a: Calyrex|spe|2\n|\n|-weather|RainDance|[upkeep]\n|upkeep\n|turn|12\n|\n|t:|1697952441\n|move|p2a: Kyogre|Thunder|p1a: Calyrex\n|-damage|p1a: Calyrex|33\/100\n|-status|p1a: Calyrex|par\n|cant|p1a: Calyrex|par\n|\n|-weather|RainDance|[upkeep]\n|upkeep\n|turn|13\n|c|\u2606SilverSlime|NAWW\n|\n|t:|1697952449\n|move|p2a: Kyogre|Thunder|p1a: Calyrex\n|-damage|p1a: Calyrex|0 fnt\n|faint|p1a: Calyrex\n|\n|-weather|RainDance|[upkeep]\n|upkeep\n|\n|t:|1697952452\n|switch|p1a: Ninetales|Ninetales-Alola, F|100\/100\n|-weather|Snow|[from] ability: Snow Warning|[of] p1a: Ninetales\n|turn|14\n|c|\u2606kazekage217|Phew\n|\n|t:|1697952467\n|move|p2a: Kyogre|Thunder|p1a: Ninetales\n|-damage|p1a: Ninetales|58\/100\n|move|p1a: Ninetales|Hypnosis|p2a: Kyogre\n|-status|p2a: Kyogre|slp|[from] move: Hypnosis\n|\n|-weather|Snow|[upkeep]\n|upkeep\n|turn|15\n|\n|t:|1697952475\n|switch|p2a: Flutter Mane|Flutter Mane|100\/100\n|-enditem|p2a: Flutter Mane|Booster Energy\n|-activate|p2a: Flutter Mane|ability: Protosynthesis|[fromitem]\n|-start|p2a: Flutter Mane|protosynthesisspe\n|move|p1a: Ninetales|Aurora Veil|p1a: Ninetales\n|-sidestart|p1: SilverSlime|move: Aurora Veil\n|\n|-weather|Snow|[upkeep]\n|upkeep\n|turn|16\n|\n|t:|1697952487\n|move|p2a: Flutter Mane|Calm Mind|p2a: Flutter Mane\n|-boost|p2a: Flutter Mane|spa|1\n|-boost|p2a: Flutter Mane|spd|1\n|move|p1a: Ninetales|Freeze-Dry|p2a: Flutter Mane\n|-damage|p2a: Flutter Mane|87\/100\n|\n|-weather|Snow|[upkeep]\n|upkeep\n|turn|17\n|\n|t:|1697952495\n|move|p2a: Flutter Mane|Mystical Fire|p1a: Ninetales\n|-supereffective|p1a: Ninetales\n|-damage|p1a: Ninetales|20\/100\n|-unboost|p1a: Ninetales|spa|1\n|move|p1a: Ninetales|Encore|p2a: Flutter Mane\n|-start|p2a: Flutter Mane|Encore\n|\n|-weather|Snow|[upkeep]\n|upkeep\n|turn|18\n|\n|t:|1697952499\n|switch|p1a: Arceus|Arceus-Ice|100\/100\n|move|p2a: Flutter Mane|Mystical Fire|p1a: Arceus\n|-supereffective|p1a: Arceus\n|-damage|p1a: Arceus|71\/100\n|-unboost|p1a: Arceus|spa|1\n|\n|-weather|Snow|[upkeep]\n|upkeep\n|turn|19\n|\n|t:|1697952505\n|move|p2a: Flutter Mane|Mystical Fire|p1a: Arceus\n|-supereffective|p1a: Arceus\n|-damage|p1a: Arceus|42\/100\n|-unboost|p1a: Arceus|spa|1\n|move|p1a: Arceus|Calm Mind|p1a: Arceus\n|-boost|p1a: Arceus|spa|1\n|-boost|p1a: Arceus|spd|1\n|\n|-weather|Snow|[upkeep]\n|-sideend|p1: SilverSlime|move: Aurora Veil\n|upkeep\n|turn|20\n|\n|t:|1697952509\n|move|p2a: Flutter Mane|Mystical Fire|p1a: Arceus\n|-supereffective|p1a: Arceus\n|-damage|p1a: Arceus|4\/100\n|-unboost|p1a: Arceus|spa|1\n|move|p1a: Arceus|Judgment|p2a: Flutter Mane\n|-damage|p2a: Flutter Mane|68\/100\n|\n|-weather|Snow|[upkeep]\n|-end|p2a: Flutter Mane|Encore\n|upkeep\n|turn|21\n|\n|t:|1697952514\n|move|p2a: Flutter Mane|Mystical Fire|p1a: Arceus\n|-supereffective|p1a: Arceus\n|-damage|p1a: Arceus|0 fnt\n|faint|p1a: Arceus\n|\n|-weather|none\n|upkeep\n|c|\u2606SilverSlime|;_;\n|c|\u2606SilverSlime|that's truff\n|c|\u2606kazekage217|ugh ohh\n|c|\u2606SilverSlime|maybe I should add a legendary cap\n|\n|t:|1697952526\n|switch|p1a: Ninetales|Ninetales-Alola, F|20\/100\n|-weather|Snow|[from] ability: Snow Warning|[of] p1a: Ninetales\n|turn|22\n|\n|t:|1697952533\n|move|p2a: Flutter Mane|Mystical Fire|p1a: Ninetales\n|-supereffective|p1a: Ninetales\n|-damage|p1a: Ninetales|0 fnt\n|faint|p1a: Ninetales\n|\n|win|kazekage217\n|c|\u2606SilverSlime|picking Ubers was a bad idea\n|c|\u2606kazekage217|Yeahhh\n|c|\u2606SilverSlime|a reeeaaally bad idea\n|l|\u2606kazekage217\n|c|\u2606SilverSlime|I should add an Uber cap shouldn't I\n","uploadtime":1697952551,"views":20,"p1id":"silverslime","p2id":"kazekage217","formatid":"gen9ubers","rating":0,"private":0,"password":""}