{"id":"gen9ubers-1998588852","p1":"trashman46","p2":"Blitz2656","format":"[Gen 9] Ubers","log":"|j|\u2606trashman46\n|j|\u2606Blitz2656\n|t:|1700959959\n|gametype|singles\n|player|p1|trashman46|workerice|\n|player|p2|Blitz2656|mustard-master|\n|teamsize|p1|6\n|teamsize|p2|6\n|gen|9\n|tier|[Gen 9] Ubers\n|rule|Sleep Clause Mod: Limit one foe put to sleep\n|rule|Species Clause: Limit one of each Pok\u00e9mon\n|rule|OHKO Clause: OHKO moves are banned\n|rule|Evasion Items Clause: Evasion items are banned\n|rule|Evasion Moves Clause: Evasion moves are banned\n|rule|Endless Battle Clause: Forcing endless battles is banned\n|rule|HP Percentage Mod: HP is shown in percentages\n|clearpoke\n|poke|p1|Slowking-Galar, F|\n|poke|p1|Blissey, F|\n|poke|p1|Moltres|\n|poke|p1|Greninja-*, M|\n|poke|p1|Palafin, F|\n|poke|p1|Empoleon, M|\n|poke|p2|Dipplin, F|\n|poke|p2|Garchomp, F|\n|poke|p2|Palafin, M|\n|poke|p2|Clefable, F|\n|poke|p2|Empoleon, F|\n|poke|p2|Slowking-Galar, M|\n|teampreview\n|inactive|Battle timer is ON: inactive players will automatically lose when time's up. (requested by Blitz2656)\n|c|\u2606Blitz2656|glhf\n|inactive|trashman46 has 270 seconds left.\n|\n|t:|1700959996\n|start\n|switch|p1a: Palafin|Palafin, F|100\/100\n|switch|p2a: Empoleon|Empoleon, F|100\/100\n|turn|1\n|\n|t:|1700960012\n|detailschange|p1a: Palafin|Palafin-Hero, F\n|switch|p1a: Slowking|Slowking-Galar, F|100\/100\n|move|p2a: Empoleon|Knock Off|p1a: Slowking\n|-supereffective|p1a: Slowking\n|-damage|p1a: Slowking|69\/100\n|-enditem|p1a: Slowking|Heavy-Duty Boots|[from] move: Knock Off|[of] p2a: Empoleon\n|\n|upkeep\n|turn|2\n|\n|t:|1700960022\n|move|p2a: Empoleon|Flip Turn|p1a: Slowking\n|-damage|p1a: Slowking|56\/100\n|\n|t:|1700960035\n|switch|p2a: Slowking|Slowking-Galar, M|100\/100|[from] Flip Turn\n|move|p1a: Slowking|Slack Off|p1a: Slowking\n|-heal|p1a: Slowking|100\/100\n|\n|upkeep\n|turn|3\n|\n|t:|1700960043\n|move|p2a: Slowking|Foul Play|p1a: Slowking\n|-supereffective|p1a: Slowking\n|-damage|p1a: Slowking|83\/100\n|move|p1a: Slowking|Thunder Wave|p2a: Slowking\n|-status|p2a: Slowking|par\n|\n|upkeep\n|turn|4\n|\n|t:|1700960050\n|move|p1a: Slowking|Chilly Reception|p1a: Slowking\n|-weather|Snow\n|\n|t:|1700960053\n|switch|p1a: Blissey|Blissey, F|100\/100|[from] Chilly Reception\n|move|p2a: Slowking|Chilly Reception|p2a: Slowking\n|\n|t:|1700960073\n|switch|p2a: Garchomp|Garchomp, F|100\/100|[from] Chilly Reception\n|\n|-weather|Snow|[upkeep]\n|upkeep\n|turn|5\n|\n|t:|1700960087\n|move|p2a: Garchomp|Spikes|p1a: Blissey\n|-sidestart|p1: trashman46|Spikes\n|move|p1a: Blissey|Stealth Rock|p2a: Garchomp\n|-sidestart|p2: Blitz2656|move: Stealth Rock\n|\n|-weather|Snow|[upkeep]\n|upkeep\n|turn|6\n|\n|t:|1700960102\n|switch|p2a: Empoleon|Empoleon, F|100\/100\n|-damage|p2a: Empoleon|94\/100|[from] Stealth Rock\n|switch|p1a: Palafin|Palafin-Hero, F|100\/100\n|-damage|p1a: Palafin|88\/100|[from] Spikes\n|-activate|p1a: Palafin|ability: Zero to Hero\n|\n|-weather|Snow|[upkeep]\n|upkeep\n|turn|7\n|\n|t:|1700960113\n|switch|p1a: Slowking|Slowking-Galar, F|100\/100\n|-damage|p1a: Slowking|88\/100|[from] Spikes\n|move|p2a: Empoleon|Knock Off|p1a: Slowking\n|-supereffective|p1a: Slowking\n|-damage|p1a: Slowking|67\/100\n|\n|-weather|Snow|[upkeep]\n|upkeep\n|turn|8\n|\n|t:|1700960122\n|move|p2a: Empoleon|Knock Off|p1a: Slowking\n|-supereffective|p1a: Slowking\n|-damage|p1a: Slowking|48\/100\n|move|p1a: Slowking|Thunder Wave|p2a: Empoleon|[miss]\n|-miss|p1a: Slowking|p2a: Empoleon\n|\n|-weather|none\n|upkeep\n|turn|9\n|\n|t:|1700960128\n|move|p2a: Empoleon|Flip Turn|p1a: Slowking\n|-damage|p1a: Slowking|35\/100\n|\n|t:|1700960132\n|switch|p2a: Garchomp|Garchomp, F|100\/100|[from] Flip Turn\n|-damage|p2a: Garchomp|94\/100|[from] Stealth Rock\n|move|p1a: Slowking|Chilly Reception|p1a: Slowking\n|-weather|Snow\n|\n|t:|1700960142\n|switch|p1a: Moltres|Moltres|100\/100|[from] Chilly Reception\n|\n|-weather|Snow|[upkeep]\n|upkeep\n|turn|10\n|\n|t:|1700960146\n|move|p2a: Garchomp|Surf|p1a: Moltres\n|-supereffective|p1a: Moltres\n|-damage|p1a: Moltres|57\/100\n|move|p1a: Moltres|Will-O-Wisp|p2a: Garchomp|[miss]\n|-miss|p1a: Moltres|p2a: Garchomp\n|\n|-weather|Snow|[upkeep]\n|upkeep\n|turn|11\n|\n|t:|1700960163\n|switch|p2a: Slowking|Slowking-Galar, M|100\/100 par\n|move|p1a: Moltres|Will-O-Wisp||[still]\n|-fail|p1a: Moltres\n|\n|-weather|Snow|[upkeep]\n|upkeep\n|turn|12\n|\n|t:|1700960169\n|move|p1a: Moltres|U-turn|p2a: Slowking\n|-damage|p2a: Slowking|88\/100 par\n|\n|t:|1700960176\n|switch|p1a: Blissey|Blissey, F|100\/100|[from] U-turn\n|move|p2a: Slowking|Toxic|p1a: Blissey\n|-status|p1a: Blissey|tox\n|\n|-weather|Snow|[upkeep]\n|-damage|p1a: Blissey|94\/100 tox|[from] psn\n|upkeep\n|turn|13\n|\n|t:|1700960188\n|switch|p2a: Empoleon|Empoleon, F|94\/100\n|-damage|p2a: Empoleon|88\/100|[from] Stealth Rock\n|move|p1a: Blissey|Seismic Toss|p2a: Empoleon\n|-damage|p2a: Empoleon|61\/100\n|-damage|p1a: Blissey|78\/100 tox|[from] item: Rocky Helmet|[of] p2a: Empoleon\n|\n|-weather|none\n|-damage|p1a: Blissey|65\/100 tox|[from] psn\n|upkeep\n|turn|14\n|\n|t:|1700960207\n|move|p2a: Empoleon|Knock Off|p1a: Blissey\n|-damage|p1a: Blissey|46\/100 tox\n|-enditem|p1a: Blissey|Heavy-Duty Boots|[from] move: Knock Off|[of] p2a: Empoleon\n|move|p1a: Blissey|Soft-Boiled|p1a: Blissey\n|-heal|p1a: Blissey|96\/100 tox\n|\n|-damage|p1a: Blissey|77\/100 tox|[from] psn\n|upkeep\n|turn|15\n|\n|t:|1700960217\n|-curestatus|p1a: Blissey|tox|[from] ability: Natural Cure\n|switch|p1a: Greninja|Greninja, M|100\/100\n|-damage|p1a: Greninja|88\/100|[from] Spikes\n|move|p2a: Empoleon|Roost|p2a: Empoleon\n|-heal|p2a: Empoleon|100\/100\n|-singleturn|p2a: Empoleon|move: Roost\n|\n|upkeep\n|turn|16\n|\n|t:|1700960230\n|move|p1a: Greninja|Night Slash|p2a: Empoleon\n|-start|p1a: Greninja|typechange|Dark|[from] ability: Protean\n|-damage|p2a: Empoleon|65\/100\n|-damage|p1a: Greninja|72\/100|[from] item: Rocky Helmet|[of] p2a: Empoleon\n|move|p2a: Empoleon|Knock Off|p1a: Greninja\n|-resisted|p1a: Greninja\n|-damage|p1a: Greninja|56\/100\n|-enditem|p1a: Greninja|Choice Band|[from] move: Knock Off|[of] p2a: Empoleon\n|\n|upkeep\n|turn|17\n|inactive|trashman46 has 270 seconds left.\n|\n|t:|1700960265\n|move|p1a: Greninja|Brick Break|p2a: Empoleon\n|-supereffective|p2a: Empoleon\n|-damage|p2a: Empoleon|34\/100\n|-damage|p1a: Greninja|39\/100|[from] item: Rocky Helmet|[of] p2a: Empoleon\n|move|p2a: Empoleon|Roost|p2a: Empoleon\n|-heal|p2a: Empoleon|84\/100\n|-singleturn|p2a: Empoleon|move: Roost\n|\n|upkeep\n|turn|18\n|inactive|trashman46 has 270 seconds left.\n|\n|t:|1700960289\n|switch|p1a: Blissey|Blissey, F|77\/100\n|-damage|p1a: Blissey|65\/100|[from] Spikes\n|move|p2a: Empoleon|Liquidation|p1a: Blissey\n|-damage|p1a: Blissey|38\/100\n|\n|upkeep\n|turn|19\n|\n|t:|1700960312\n|move|p2a: Empoleon|Knock Off|p1a: Blissey\n|-damage|p1a: Blissey|26\/100\n|move|p1a: Blissey|Seismic Toss|p2a: Empoleon\n|-damage|p2a: Empoleon|57\/100\n|-damage|p1a: Blissey|9\/100|[from] item: Rocky Helmet|[of] p2a: Empoleon\n|\n|upkeep\n|turn|20\n|\n|t:|1700960333\n|move|p2a: Empoleon|Roost|p2a: Empoleon\n|-heal|p2a: Empoleon|100\/100\n|-singleturn|p2a: Empoleon|move: Roost\n|move|p1a: Blissey|Soft-Boiled|p1a: Blissey\n|-heal|p1a: Blissey|59\/100\n|\n|upkeep\n|turn|21\n|\n|t:|1700960345\n|switch|p1a: Palafin|Palafin-Hero, F|88\/100\n|-damage|p1a: Palafin|76\/100|[from] Spikes\n|move|p2a: Empoleon|Liquidation|p1a: Palafin\n|-resisted|p1a: Palafin\n|-damage|p1a: Palafin|63\/100\n|\n|upkeep\n|turn|22\n|\n|t:|1700960353\n|move|p1a: Palafin|Aura Sphere|p2a: Empoleon\n|-supereffective|p2a: Empoleon\n|-damage|p2a: Empoleon|42\/100\n|move|p2a: Empoleon|Knock Off|p1a: Palafin\n|-damage|p1a: Palafin|42\/100\n|-enditem|p1a: Palafin|Choice Specs|[from] move: Knock Off|[of] p2a: Empoleon\n|\n|upkeep\n|turn|23\n|inactive|trashman46 has 240 seconds left.\n|\n|t:|1700960381\n|switch|p2a: Slowking|Slowking-Galar, M|100\/100 par\n|move|p1a: Palafin|Aura Sphere|p2a: Slowking\n|-resisted|p2a: Slowking\n|-damage|p2a: Slowking|96\/100 par\n|\n|upkeep\n|turn|24\n|inactive|trashman46 has 240 seconds left.\n|\n|t:|1700960396\n|move|p1a: Palafin|Surf|p2a: Slowking\n|-damage|p2a: Slowking|65\/100 par\n|move|p2a: Slowking|Toxic|p1a: Palafin\n|-status|p1a: Palafin|tox\n|\n|-damage|p1a: Palafin|36\/100 tox|[from] psn\n|upkeep\n|turn|25\n|inactive|trashman46 has 240 seconds left.\n|\n|t:|1700960405\n|move|p1a: Palafin|Boomburst|p2a: Slowking\n|-damage|p2a: Slowking|29\/100 par\n|move|p2a: Slowking|Slack Off|p2a: Slowking\n|-heal|p2a: Slowking|79\/100 par\n|\n|-damage|p1a: Palafin|23\/100 tox|[from] psn\n|upkeep\n|turn|26\n|\n|t:|1700960417\n|move|p1a: Palafin|Boomburst|p2a: Slowking\n|-damage|p2a: Slowking|42\/100 par\n|cant|p2a: Slowking|par\n|\n|-damage|p1a: Palafin|5\/100 tox|[from] psn\n|upkeep\n|turn|27\n|\n|t:|1700960424\n|move|p1a: Palafin|Boomburst|p2a: Slowking\n|-damage|p2a: Slowking|11\/100 par\n|move|p2a: Slowking|Slack Off|p2a: Slowking\n|-heal|p2a: Slowking|61\/100 par\n|\n|-damage|p1a: Palafin|0 fnt|[from] psn\n|faint|p1a: Palafin\n|upkeep\n|inactive|trashman46 has 240 seconds left.\n|inactive|trashman46 has 210 seconds left.\n|\n|t:|1700960478\n|switch|p1a: Greninja|Greninja, M|39\/100\n|-damage|p1a: Greninja|27\/100|[from] Spikes\n|turn|28\n|inactive|trashman46 has 210 seconds left.\n|\n|t:|1700960489\n|switch|p2a: Garchomp|Garchomp, F|94\/100\n|-damage|p2a: Garchomp|88\/100|[from] Stealth Rock\n|move|p1a: Greninja|Night Slash|p2a: Garchomp\n|-start|p1a: Greninja|typechange|Dark|[from] ability: Protean\n|-damage|p2a: Garchomp|67\/100\n|-damage|p1a: Greninja|15\/100|[from] ability: Rough Skin|[of] p2a: Garchomp\n|-damage|p1a: Greninja|0 fnt|[from] item: Rocky Helmet|[of] p2a: Garchomp\n|faint|p1a: Greninja\n|\n|upkeep\n|inactive|trashman46 has 180 seconds left.\n|\n|t:|1700960531\n|switch|p1a: Moltres|Moltres|57\/100\n|turn|29\n|\n|t:|1700960542\n|move|p2a: Garchomp|Surf|p1a: Moltres\n|-supereffective|p1a: Moltres\n|-damage|p1a: Moltres|20\/100\n|move|p1a: Moltres|Roost|p1a: Moltres\n|-heal|p1a: Moltres|70\/100\n|-singleturn|p1a: Moltres|move: Roost\n|\n|upkeep\n|turn|30\n|\n|t:|1700960551\n|move|p2a: Garchomp|Surf|p1a: Moltres\n|-supereffective|p1a: Moltres\n|-damage|p1a: Moltres|29\/100\n|move|p1a: Moltres|Will-O-Wisp|p2a: Garchomp\n|-status|p2a: Garchomp|brn\n|\n|-damage|p2a: Garchomp|60\/100 brn|[from] brn\n|upkeep\n|turn|31\n|inactive|trashman46 has 180 seconds left.\n|\n|t:|1700960562\n|switch|p1a: Blissey|Blissey, F|59\/100\n|-damage|p1a: Blissey|46\/100|[from] Spikes\n|move|p2a: Garchomp|Surf|p1a: Blissey\n|-damage|p1a: Blissey|40\/100\n|\n|-damage|p2a: Garchomp|54\/100 brn|[from] brn\n|upkeep\n|turn|32\n|\n|t:|1700960571\n|move|p2a: Garchomp|Spikes|p1a: Blissey\n|-sidestart|p1: trashman46|Spikes\n|move|p1a: Blissey|Soft-Boiled|p1a: Blissey\n|-heal|p1a: Blissey|90\/100\n|\n|-damage|p2a: Garchomp|48\/100 brn|[from] brn\n|upkeep\n|turn|33\n|\n|t:|1700960587\n|switch|p1a: Empoleon|Empoleon, M|100\/100\n|-damage|p1a: Empoleon|84\/100|[from] Spikes\n|move|p2a: Garchomp|Spikes|p1a: Empoleon\n|-sidestart|p1: trashman46|Spikes\n|\n|-damage|p2a: Garchomp|42\/100 brn|[from] brn\n|upkeep\n|turn|34\n|\n|t:|1700960599\n|-terastallize|p1a: Empoleon|Water\n|move|p2a: Garchomp|Earth Power|p1a: Empoleon\n|-damage|p1a: Empoleon|51\/100\n|move|p1a: Empoleon|Agility|p1a: Empoleon\n|-boost|p1a: Empoleon|spe|2\n|\n|-damage|p2a: Garchomp|36\/100 brn|[from] brn\n|upkeep\n|turn|35\n|inactive|trashman46 has 180 seconds left.\n|\n|t:|1700960616\n|move|p1a: Empoleon|Wave Crash|p2a: Garchomp\n|-damage|p2a: Garchomp|0 fnt\n|-damage|p1a: Empoleon|39\/100|[from] ability: Rough Skin|[of] p2a: Garchomp\n|-damage|p1a: Empoleon|22\/100|[from] item: Rocky Helmet|[of] p2a: Garchomp\n|faint|p2a: Garchomp\n|-damage|p1a: Empoleon|6\/100|[from] Recoil\n|\n|upkeep\n|\n|t:|1700960630\n|switch|p2a: Dipplin|Dipplin, F|100\/100\n|-damage|p2a: Dipplin|88\/100|[from] Stealth Rock\n|turn|36\n|inactive|trashman46 has 180 seconds left.\n|\n|t:|1700960654\n|move|p1a: Empoleon|Power Trip|p2a: Dipplin\n|-damage|p2a: Dipplin|79\/100\n|move|p2a: Dipplin|Dragon Tail|p1a: Empoleon\n|-damage|p1a: Empoleon|0 fnt\n|faint|p1a: Empoleon\n|\n|upkeep\n|\n|t:|1700960667\n|switch|p1a: Moltres|Moltres|29\/100\n|turn|37\n|\n|t:|1700960678\n|switch|p2a: Slowking|Slowking-Galar, M|94\/100 par\n|move|p1a: Moltres|Brave Bird|p2a: Slowking\n|-damage|p2a: Slowking|62\/100 par\n|-damage|p1a: Moltres|18\/100|[from] Recoil\n|\n|upkeep\n|turn|38\n|\n|t:|1700960687\n|move|p1a: Moltres|U-turn|p2a: Slowking\n|-damage|p2a: Slowking|50\/100 par\n|\n|t:|1700960694\n|switch|p1a: Slowking|Slowking-Galar, F|68\/100|[from] U-turn\n|-damage|p1a: Slowking|43\/100|[from] Spikes\n|move|p2a: Slowking|Foul Play|p1a: Slowking\n|-supereffective|p1a: Slowking\n|-damage|p1a: Slowking|25\/100\n|\n|upkeep\n|turn|39\n|\n|t:|1700960702\n|move|p1a: Slowking|Slack Off|p1a: Slowking\n|-heal|p1a: Slowking|75\/100\n|move|p2a: Slowking|Chilly Reception|p2a: Slowking\n|-weather|Snow\n|\n|t:|1700960708\n|switch|p2a: Palafin|Palafin, M|100\/100|[from] Chilly Reception\n|-damage|p2a: Palafin|88\/100|[from] Stealth Rock\n|\n|-weather|Snow|[upkeep]\n|upkeep\n|turn|40\n|\n|t:|1700960715\n|detailschange|p2a: Palafin|Palafin-Hero, M\n|switch|p2a: Slowking|Slowking-Galar, M|83\/100 par\n|move|p1a: Slowking|Foul Play|p2a: Slowking\n|-supereffective|p2a: Slowking\n|-damage|p2a: Slowking|66\/100 par\n|\n|-weather|Snow|[upkeep]\n|upkeep\n|turn|41\n|\n|t:|1700960732\n|move|p1a: Slowking|Foul Play|p2a: Slowking\n|-supereffective|p2a: Slowking\n|-damage|p2a: Slowking|47\/100 par\n|cant|p2a: Slowking|par\n|\n|-weather|Snow|[upkeep]\n|upkeep\n|turn|42\n|inactive|trashman46 has 210 seconds left.\n|inactive|trashman46 has 180 seconds left.\n|-message|trashman46 forfeited.\n|\n|win|Blitz2656\n","uploadtime":1700960796,"views":24,"p1id":"trashman46","p2id":"blitz2656","formatid":"gen9ubers","rating":0,"private":0,"password":""}