{"id":"gen9ubers-1969107811","p1":"PTKmoekyuun","p2":"IspamObjection","format":"[Gen 9] Ubers","log":"|j|\u2606PTKmoekyuun\n|j|\u2606IspamObjection\n|t:|1697490673\n|gametype|singles\n|player|p1|PTKmoekyuun|skierf|\n|player|p2|IspamObjection|lance-gen2|\n|teamsize|p1|6\n|teamsize|p2|6\n|gen|9\n|tier|[Gen 9] Ubers\n|rule|Sleep Clause Mod: Limit one foe put to sleep\n|rule|Species Clause: Limit one of each Pok\u00e9mon\n|rule|OHKO Clause: OHKO moves are banned\n|rule|Evasion Items Clause: Evasion items are banned\n|rule|Evasion Moves Clause: Evasion moves are banned\n|rule|Endless Battle Clause: Forcing endless battles is banned\n|rule|HP Percentage Mod: HP is shown in percentages\n|clearpoke\n|poke|p1|Greninja-*, M|\n|poke|p1|Empoleon, F|\n|poke|p1|Gholdengo|\n|poke|p1|Arceus-Poison|\n|poke|p1|Shaymin-Sky|\n|poke|p1|Conkeldurr, M|\n|poke|p2|Giratina|\n|poke|p2|Garchomp, F|\n|poke|p2|Espathra, F|\n|poke|p2|Cyclizar, M|\n|poke|p2|Palafin, F|\n|poke|p2|Chi-Yu|\n|teampreview\n|\n|t:|1697490724\n|start\n|switch|p1a: Greninja|Greninja, M|100\/100\n|switch|p2a: Garchover|Garchomp, F|100\/100\n|turn|1\n|\n|t:|1697490731\n|move|p1a: Greninja|Toxic Spikes|p2a: Garchover\n|-sidestart|p2: IspamObjection|move: Toxic Spikes\n|move|p2a: Garchover|Stealth Rock|p1a: Greninja\n|-sidestart|p1: PTKmoekyuun|move: Stealth Rock\n|\n|upkeep\n|turn|2\n|\n|t:|1697490750\n|move|p1a: Greninja|Hydro Pump|p2a: Garchover\n|-damage|p2a: Garchover|49\/100\n|move|p2a: Garchover|Spikes|p1a: Greninja\n|-sidestart|p1: PTKmoekyuun|Spikes\n|\n|upkeep\n|turn|3\n|\n|t:|1697490755\n|move|p1a: Greninja|Hydro Pump|p2a: Garchover\n|-damage|p2a: Garchover|0 fnt\n|faint|p2a: Garchover\n|-ability|p1a: Greninja|Battle Bond|boost\n|-boost|p1a: Greninja|atk|1\n|-boost|p1a: Greninja|spa|1\n|-boost|p1a: Greninja|spe|1\n|-activate|p1a: Greninja|ability: Battle Bond\n|\n|upkeep\n|\n|t:|1697490767\n|switch|p2a: Giratina|Giratina|100\/100\n|-status|p2a: Giratina|psn\n|-ability|p2a: Giratina|Pressure\n|turn|4\n|\n|t:|1697490775\n|-terastallize|p2a: Giratina|Normal\n|move|p1a: Greninja|Dark Pulse|p2a: Giratina\n|-damage|p2a: Giratina|69\/100 psn\n|move|p2a: Giratina|Roar|p1a: Greninja\n|drag|p1a: Empoleon|Empoleon, F|100\/100\n|-damage|p1a: Empoleon|94\/100|[from] Stealth Rock\n|-damage|p1a: Empoleon|82\/100|[from] Spikes\n|\n|-heal|p2a: Giratina|75\/100 psn|[from] item: Leftovers\n|-damage|p2a: Giratina|63\/100 psn|[from] psn\n|upkeep\n|turn|5\n|\n|t:|1697490789\n|switch|p1a: Gholdengo|Gholdengo|100\/100\n|-damage|p1a: Gholdengo|94\/100|[from] Stealth Rock\n|-damage|p1a: Gholdengo|82\/100|[from] Spikes\n|move|p2a: Giratina|Rest|p2a: Giratina\n|-status|p2a: Giratina|slp|[from] move: Rest\n|-heal|p2a: Giratina|100\/100 slp|[silent]\n|\n|-heal|p1a: Gholdengo|88\/100|[from] item: Leftovers\n|upkeep\n|turn|6\n|\n|t:|1697490808\n|switch|p2a: Palafin|Palafin, F|100\/100\n|-status|p2a: Palafin|psn\n|switch|p1a: Conkeldurr|Conkeldurr, M|100\/100\n|-damage|p1a: Conkeldurr|95\/100|[from] Stealth Rock\n|-damage|p1a: Conkeldurr|82\/100|[from] Spikes\n|\n|-damage|p2a: Palafin|88\/100 psn|[from] psn\n|-status|p1a: Conkeldurr|brn|[from] item: Flame Orb\n|upkeep\n|turn|7\n|\n|t:|1697490825\n|move|p2a: Palafin|Flip Turn|p1a: Conkeldurr\n|-crit|p1a: Conkeldurr\n|-damage|p1a: Conkeldurr|45\/100 brn\n|\n|t:|1697490892\n|detailschange|p2a: Palafin|Palafin-Hero, F\n|switch|p2a: Espathra|Espathra, F|100\/100|[from] Flip Turn\n|-status|p2a: Espathra|psn\n|move|p1a: Conkeldurr|Close Combat|p2a: Espathra\n|-resisted|p2a: Espathra\n|-damage|p2a: Espathra|56\/100 psn\n|-unboost|p1a: Conkeldurr|def|1\n|-unboost|p1a: Conkeldurr|spd|1\n|\n|-heal|p2a: Espathra|62\/100 psn|[from] item: Leftovers\n|-damage|p2a: Espathra|49\/100 psn|[from] psn\n|-damage|p1a: Conkeldurr|39\/100 brn|[from] brn\n|upkeep\n|turn|8\n|\n|t:|1697490905\n|switch|p1a: Empoleon|Empoleon, F|82\/100\n|-damage|p1a: Empoleon|76\/100|[from] Stealth Rock\n|-damage|p1a: Empoleon|63\/100|[from] Spikes\n|move|p2a: Espathra|Dazzling Gleam|p1a: Empoleon\n|-resisted|p1a: Empoleon\n|-damage|p1a: Empoleon|58\/100\n|\n|-heal|p2a: Espathra|56\/100 psn|[from] item: Leftovers\n|-damage|p2a: Espathra|43\/100 psn|[from] psn\n|-ability|p2a: Espathra|Speed Boost|boost\n|-boost|p2a: Espathra|spe|1\n|upkeep\n|turn|9\n|\n|t:|1697490925\n|move|p2a: Espathra|Roost|p2a: Espathra\n|-heal|p2a: Espathra|93\/100 psn\n|-singleturn|p2a: Espathra|move: Roost\n|move|p1a: Empoleon|Roost|p1a: Empoleon\n|-heal|p1a: Empoleon|100\/100\n|-singleturn|p1a: Empoleon|move: Roost\n|\n|-heal|p2a: Espathra|99\/100 psn|[from] item: Leftovers\n|-damage|p2a: Espathra|87\/100 psn|[from] psn\n|-ability|p2a: Espathra|Speed Boost|boost\n|-boost|p2a: Espathra|spe|1\n|upkeep\n|turn|10\n|\n|t:|1697490932\n|move|p2a: Espathra|Calm Mind|p2a: Espathra\n|-boost|p2a: Espathra|spa|1\n|-boost|p2a: Espathra|spd|1\n|move|p1a: Empoleon|Roar|p2a: Espathra\n|drag|p2a: Cyclizar|Cyclizar, M|100\/100\n|-status|p2a: Cyclizar|psn\n|\n|-damage|p2a: Cyclizar|88\/100 psn|[from] psn\n|upkeep\n|turn|11\n|\n|t:|1697490943\n|switch|p1a: Gholdengo|Gholdengo|88\/100\n|-damage|p1a: Gholdengo|82\/100|[from] Stealth Rock\n|-damage|p1a: Gholdengo|70\/100|[from] Spikes\n|move|p2a: Cyclizar|Rapid Spin|p1a: Gholdengo\n|-immune|p1a: Gholdengo\n|\n|-heal|p1a: Gholdengo|76\/100|[from] item: Leftovers\n|-damage|p2a: Cyclizar|75\/100 psn|[from] psn\n|upkeep\n|turn|12\n|\n|t:|1697490965\n|switch|p2a: Giratina|Giratina, tera:Normal|100\/100 slp\n|-ability|p2a: Giratina|Pressure\n|move|p1a: Gholdengo|Recover|p1a: Gholdengo\n|-heal|p1a: Gholdengo|100\/100\n|\n|upkeep\n|turn|13\n|\n|t:|1697491020\n|switch|p2a: Chi-Yu|Chi-Yu|100\/100\n|-status|p2a: Chi-Yu|psn\n|-ability|p2a: Chi-Yu|Beads of Ruin\n|switch|p1a: Arceus|Arceus-Poison|100\/100\n|-damage|p1a: Arceus|88\/100|[from] Stealth Rock\n|-damage|p1a: Arceus|76\/100|[from] Spikes\n|\n|-damage|p2a: Chi-Yu|88\/100 psn|[from] psn\n|upkeep\n|turn|14\n|\n|t:|1697491040\n|switch|p1a: Empoleon|Empoleon, F|100\/100\n|-damage|p1a: Empoleon|94\/100|[from] Stealth Rock\n|-damage|p1a: Empoleon|82\/100|[from] Spikes\n|move|p2a: Chi-Yu|Flamethrower|p1a: Empoleon\n|-damage|p1a: Empoleon|32\/100\n|\n|-damage|p2a: Chi-Yu|76\/100 psn|[from] psn\n|upkeep\n|turn|15\n|\n|t:|1697491048\n|-terastallize|p1a: Empoleon|Water\n|move|p2a: Chi-Yu|Flamethrower|p1a: Empoleon\n|-resisted|p1a: Empoleon\n|-damage|p1a: Empoleon|10\/100\n|move|p1a: Empoleon|Roost|p1a: Empoleon\n|-heal|p1a: Empoleon|60\/100\n|\n|-damage|p2a: Chi-Yu|63\/100 psn|[from] psn\n|upkeep\n|turn|16\n|\n|t:|1697491060\n|switch|p2a: Giratina|Giratina, tera:Normal|100\/100 slp\n|-ability|p2a: Giratina|Pressure\n|move|p1a: Empoleon|Roost|p1a: Empoleon\n|-heal|p1a: Empoleon|100\/100\n|\n|upkeep\n|turn|17\n|\n|t:|1697491071\n|cant|p2a: Giratina|slp\n|move|p2a: Giratina|Sleep Talk|p2a: Giratina\n|move|p2a: Giratina|Rest||[from]move: Sleep Talk|[still]\n|-fail|p2a: Giratina\n|move|p1a: Empoleon|Flip Turn|p2a: Giratina\n|-damage|p2a: Giratina|90\/100 slp\n|\n|t:|1697491072\n|switch|p1a: Arceus|Arceus-Poison|76\/100|[from] Flip Turn\n|-damage|p1a: Arceus|63\/100|[from] Stealth Rock\n|-damage|p1a: Arceus|51\/100|[from] Spikes\n|\n|-heal|p2a: Giratina|96\/100 slp|[from] item: Leftovers\n|upkeep\n|turn|18\n|\n|t:|1697491085\n|move|p1a: Arceus|Recover|p1a: Arceus\n|-heal|p1a: Arceus|100\/100\n|cant|p2a: Giratina|slp\n|move|p2a: Giratina|Sleep Talk|p2a: Giratina\n|move|p2a: Giratina|Rest||[from]move: Sleep Talk|[still]\n|-fail|p2a: Giratina\n|\n|-heal|p2a: Giratina|100\/100 slp|[from] item: Leftovers\n|upkeep\n|turn|19\n|\n|t:|1697491098\n|move|p1a: Arceus|Stealth Rock|p2a: Giratina\n|-sidestart|p2: IspamObjection|move: Stealth Rock\n|-curestatus|p2a: Giratina|slp|[msg]\n|move|p2a: Giratina|Will-O-Wisp|p1a: Arceus\n|-status|p1a: Arceus|brn\n|\n|-damage|p1a: Arceus|94\/100 brn|[from] brn\n|upkeep\n|turn|20\n|\n|t:|1697491102\n|move|p1a: Arceus|Roar|p2a: Giratina\n|drag|p2a: Palafin|Palafin-Hero, F|88\/100 psn\n|-damage|p2a: Palafin|76\/100 psn|[from] Stealth Rock\n|-activate|p2a: Palafin|ability: Zero to Hero\n|\n|-damage|p2a: Palafin|63\/100 psn|[from] psn\n|-damage|p1a: Arceus|88\/100 brn|[from] brn\n|upkeep\n|turn|21\n|\n|t:|1697491114\n|move|p2a: Palafin|Flip Turn|p1a: Arceus\n|-damage|p1a: Arceus|60\/100 brn\n|\n|t:|1697491127\n|switch|p2a: Chi-Yu|Chi-Yu|63\/100 psn|[from] Flip Turn\n|-damage|p2a: Chi-Yu|39\/100 psn|[from] Stealth Rock\n|-ability|p2a: Chi-Yu|Beads of Ruin\n|move|p1a: Arceus|Recover|p1a: Arceus\n|-heal|p1a: Arceus|100\/100 brn\n|\n|-damage|p2a: Chi-Yu|26\/100 psn|[from] psn\n|-damage|p1a: Arceus|94\/100 brn|[from] brn\n|upkeep\n|turn|22\n|\n|t:|1697491141\n|move|p2a: Chi-Yu|Fire Blast|p1a: Arceus|[miss]\n|-miss|p2a: Chi-Yu|p1a: Arceus\n|move|p1a: Arceus|Recover|p1a: Arceus\n|-heal|p1a: Arceus|100\/100 brn\n|\n|-damage|p2a: Chi-Yu|14\/100 psn|[from] psn\n|-damage|p1a: Arceus|94\/100 brn|[from] brn\n|upkeep\n|turn|23\n|\n|t:|1697491150\n|switch|p1a: Greninja|Greninja, M|100\/100\n|move|p2a: Chi-Yu|Fire Blast|p1a: Greninja\n|-resisted|p1a: Greninja\n|-damage|p1a: Greninja|30\/100\n|\n|-damage|p2a: Chi-Yu|2\/100 psn|[from] psn\n|upkeep\n|turn|24\n|\n|t:|1697491161\n|move|p2a: Chi-Yu|Fire Blast|p1a: Greninja\n|-resisted|p1a: Greninja\n|-damage|p1a: Greninja|0 fnt\n|faint|p1a: Greninja\n|\n|-damage|p2a: Chi-Yu|0 fnt|[from] psn\n|faint|p2a: Chi-Yu\n|upkeep\n|\n|t:|1697491183\n|switch|p1a: Arceus|Arceus-Poison|94\/100 brn\n|switch|p2a: Cyclizar|Cyclizar, M|100\/100 psn\n|-damage|p2a: Cyclizar|88\/100 psn|[from] Stealth Rock\n|-damage|p1a: Arceus|82\/100 brn|[from] Stealth Rock\n|-damage|p1a: Arceus|70\/100 brn|[from] Spikes\n|turn|25\n|\n|t:|1697491203\n|move|p2a: Cyclizar|Shed Tail|p2a: Cyclizar\n|-start|p2a: Cyclizar|Substitute|[from] move: Shed Tail\n|-damage|p2a: Cyclizar|38\/100 psn\n|\n|t:|1697491210\n|switch|p2a: Espathra|Espathra, F|87\/100 psn|[from] Shed Tail\n|-damage|p2a: Espathra|74\/100 psn|[from] Stealth Rock\n|move|p1a: Arceus|Judgment|p2a: Espathra\n|-end|p2a: Espathra|Substitute\n|\n|-heal|p2a: Espathra|81\/100 psn|[from] item: Leftovers\n|-damage|p2a: Espathra|68\/100 psn|[from] psn\n|-damage|p1a: Arceus|64\/100 brn|[from] brn\n|upkeep\n|turn|26\n|\n|t:|1697491220\n|move|p2a: Espathra|Calm Mind|p2a: Espathra\n|-boost|p2a: Espathra|spa|1\n|-boost|p2a: Espathra|spd|1\n|move|p1a: Arceus|Roar|p2a: Espathra\n|drag|p2a: Giratina|Giratina, tera:Normal|100\/100\n|-status|p2a: Giratina|psn\n|-damage|p2a: Giratina|88\/100 psn|[from] Stealth Rock\n|-ability|p2a: Giratina|Pressure\n|\n|-heal|p2a: Giratina|94\/100 psn|[from] item: Leftovers\n|-damage|p2a: Giratina|82\/100 psn|[from] psn\n|-damage|p1a: Arceus|57\/100 brn|[from] brn\n|upkeep\n|turn|27\n|\n|t:|1697491229\n|move|p1a: Arceus|Recover|p1a: Arceus\n|-heal|p1a: Arceus|100\/100 brn\n|move|p2a: Giratina|Roar|p1a: Arceus\n|drag|p1a: Empoleon|Empoleon, F, tera:Water|100\/100\n|-damage|p1a: Empoleon|88\/100|[from] Stealth Rock\n|-damage|p1a: Empoleon|76\/100|[from] Spikes\n|\n|-heal|p2a: Giratina|88\/100 psn|[from] item: Leftovers\n|-damage|p2a: Giratina|75\/100 psn|[from] psn\n|upkeep\n|turn|28\n|\n|t:|1697491238\n|move|p2a: Giratina|Rest|p2a: Giratina\n|-status|p2a: Giratina|slp|[from] move: Rest\n|-heal|p2a: Giratina|100\/100 slp|[silent]\n|move|p1a: Empoleon|Roar|p2a: Giratina\n|drag|p2a: Cyclizar|Cyclizar, M|71\/100 psn\n|-damage|p2a: Cyclizar|59\/100 psn|[from] Stealth Rock\n|\n|-damage|p2a: Cyclizar|46\/100 psn|[from] psn\n|upkeep\n|turn|29\n|\n|t:|1697491246\n|switch|p1a: Gholdengo|Gholdengo|100\/100\n|-damage|p1a: Gholdengo|94\/100|[from] Stealth Rock\n|-damage|p1a: Gholdengo|82\/100|[from] Spikes\n|move|p2a: Cyclizar|Rapid Spin|p1a: Gholdengo\n|-immune|p1a: Gholdengo\n|\n|-heal|p1a: Gholdengo|88\/100|[from] item: Leftovers\n|-damage|p2a: Cyclizar|34\/100 psn|[from] psn\n|upkeep\n|turn|30\n|\n|t:|1697491259\n|switch|p2a: Palafin|Palafin-Hero, F|63\/100 psn\n|-damage|p2a: Palafin|51\/100 psn|[from] Stealth Rock\n|switch|p1a: Conkeldurr|Conkeldurr, M|39\/100 brn\n|-damage|p1a: Conkeldurr|33\/100 brn|[from] Stealth Rock\n|-damage|p1a: Conkeldurr|21\/100 brn|[from] Spikes\n|\n|-damage|p2a: Palafin|38\/100 psn|[from] psn\n|-damage|p1a: Conkeldurr|15\/100 brn|[from] brn\n|upkeep\n|turn|31\n|\n|t:|1697491276\n|move|p1a: Conkeldurr|Mach Punch|p2a: Palafin\n|-damage|p2a: Palafin|4\/100 psn\n|move|p2a: Palafin|Flip Turn|p1a: Conkeldurr\n|-damage|p1a: Conkeldurr|0 fnt\n|faint|p1a: Conkeldurr\n|\n|t:|1697491284\n|switch|p2a: Espathra|Espathra, F|68\/100 psn|[from] Flip Turn\n|-damage|p2a: Espathra|56\/100 psn|[from] Stealth Rock\n|\n|-heal|p2a: Espathra|62\/100 psn|[from] item: Leftovers\n|-damage|p2a: Espathra|50\/100 psn|[from] psn\n|upkeep\n|\n|t:|1697491294\n|switch|p1a: Arceus|Arceus-Poison|100\/100 brn\n|-damage|p1a: Arceus|88\/100 brn|[from] Stealth Rock\n|-damage|p1a: Arceus|76\/100 brn|[from] Spikes\n|turn|32\n|\n|t:|1697491300\n|move|p1a: Arceus|Judgment|p2a: Espathra\n|-damage|p2a: Espathra|0 fnt\n|faint|p2a: Espathra\n|\n|-damage|p1a: Arceus|70\/100 brn|[from] brn\n|upkeep\n|\n|t:|1697491307\n|switch|p2a: Palafin|Palafin-Hero, F|4\/100 psn\n|-damage|p2a: Palafin|0 fnt|[from] Stealth Rock\n|faint|p2a: Palafin\n|\n|t:|1697491309\n|switch|p2a: Giratina|Giratina, tera:Normal|100\/100 slp\n|-damage|p2a: Giratina|88\/100 slp|[from] Stealth Rock\n|-ability|p2a: Giratina|Pressure\n|turn|33\n|\n|t:|1697491312\n|move|p1a: Arceus|Judgment|p2a: Giratina\n|-damage|p2a: Giratina|61\/100 slp\n|cant|p2a: Giratina|slp\n|move|p2a: Giratina|Sleep Talk|p2a: Giratina\n|move|p2a: Giratina|Roar|p1a: Arceus|[from]move: Sleep Talk\n|drag|p1a: Shaymin|Shaymin-Sky|100\/100\n|\n|-heal|p2a: Giratina|67\/100 slp|[from] item: Leftovers\n|upkeep\n|turn|34\n|c|\u2606IspamObjection|gg\n|\n|t:|1697491317\n|move|p1a: Shaymin|Seed Flare|p2a: Giratina\n|-damage|p2a: Giratina|30\/100 slp\n|-unboost|p2a: Giratina|spd|2\n|cant|p2a: Giratina|slp\n|move|p2a: Giratina|Sleep Talk|p2a: Giratina\n|move|p2a: Giratina|Roar|p1a: Shaymin|[from]move: Sleep Talk\n|drag|p1a: Arceus|Arceus-Poison|70\/100 brn\n|-damage|p1a: Arceus|57\/100 brn|[from] Stealth Rock\n|-damage|p1a: Arceus|45\/100 brn|[from] Spikes\n|\n|-heal|p2a: Giratina|36\/100 slp|[from] item: Leftovers\n|-damage|p1a: Arceus|39\/100 brn|[from] brn\n|upkeep\n|turn|35\n|\n|t:|1697491323\n|move|p1a: Arceus|Judgment|p2a: Giratina\n|-damage|p2a: Giratina|0 fnt\n|faint|p2a: Giratina\n|\n|-damage|p1a: Arceus|33\/100 brn|[from] brn\n|upkeep\n|\n|t:|1697491327\n|switch|p2a: Cyclizar|Cyclizar, M|67\/100 psn\n|-damage|p2a: Cyclizar|54\/100 psn|[from] Stealth Rock\n|turn|36\n|c|\u2606PTKmoekyuun|gg\n|\n|t:|1697491330\n|move|p2a: Cyclizar|Knock Off|p1a: Arceus\n|-damage|p1a: Arceus|25\/100 brn\n|move|p1a: Arceus|Judgment|p2a: Cyclizar\n|-damage|p2a: Cyclizar|0 fnt\n|faint|p2a: Cyclizar\n|\n|win|PTKmoekyuun\n|c|\u2606IspamObjection|you doing replay?\n","uploadtime":1697491426,"views":17,"p1id":"ptkmoekyuun","p2id":"ispamobjection","formatid":"gen9ubers","rating":0,"private":0,"password":""}