{"id":"gen9ubers-1979882924","p1":"Darvie'sMax","p2":"hutoew","format":"[Gen 9] Ubers","log":"|j|\u2606Darvie'sMax\n|j|\u2606hutoew\n|t:|1698723912\n|gametype|singles\n|player|p1|Darvie'sMax|alder|1288\n|player|p2|hutoew|hilda|1251\n|teamsize|p1|6\n|teamsize|p2|6\n|gen|9\n|tier|[Gen 9] Ubers\n|rated|\n|rule|Sleep Clause Mod: Limit one foe put to sleep\n|rule|Species Clause: Limit one of each Pok\u00e9mon\n|rule|OHKO Clause: OHKO moves are banned\n|rule|Evasion Items Clause: Evasion items are banned\n|rule|Evasion Moves Clause: Evasion moves are banned\n|rule|Endless Battle Clause: Forcing endless battles is banned\n|rule|HP Percentage Mod: HP is shown in percentages\n|clearpoke\n|poke|p1|Arceus-Ground|\n|poke|p1|Baxcalibur, F|\n|poke|p1|Regieleki|\n|poke|p1|Ninetales-Alola, M|\n|poke|p1|Palafin, M|\n|poke|p1|Rayquaza|\n|poke|p2|Roaring Moon|\n|poke|p2|Skeledirge, M|\n|poke|p2|Arceus-Ground|\n|poke|p2|Eternatus|\n|poke|p2|Corviknight, M|\n|poke|p2|Urshifu-*, M|\n|teampreview\n|\n|t:|1698723923\n|start\n|switch|p1a: Arceus|Arceus-Ground|100\/100\n|switch|p2a: Roaring Moon|Roaring Moon|100\/100\n|turn|1\n|\n|t:|1698723930\n|-end|p2a: Roaring Moon|Protosynthesis|[silent]\n|switch|p2a: Corviknight|Corviknight, M|100\/100\n|move|p1a: Arceus|Stealth Rock|p2a: Corviknight\n|-sidestart|p2: hutoew|move: Stealth Rock\n|\n|upkeep\n|turn|2\n|\n|t:|1698723938\n|switch|p1a: Palafin|Palafin, M|100\/100\n|move|p2a: Corviknight|U-turn|p1a: Palafin\n|-damage|p1a: Palafin|83\/100\n|\n|t:|1698723949\n|switch|p2a: Roaring Moon|Roaring Moon|100\/100|[from] U-turn\n|-damage|p2a: Roaring Moon|88\/100|[from] Stealth Rock\n|\n|upkeep\n|turn|3\n|\n|t:|1698723960\n|detailschange|p1a: Palafin|Palafin-Hero, M\n|switch|p1a: Ninetales|Ninetales-Alola, M|100\/100\n|-weather|Snow|[from] ability: Snow Warning|[of] p1a: Ninetales\n|move|p2a: Roaring Moon|Knock Off|p1a: Ninetales\n|-resisted|p1a: Ninetales\n|-damage|p1a: Ninetales|68\/100\n|-enditem|p1a: Ninetales|Light Clay|[from] move: Knock Off|[of] p2a: Roaring Moon\n|\n|-weather|Snow|[upkeep]\n|upkeep\n|turn|4\n|\n|t:|1698723968\n|-end|p2a: Roaring Moon|Protosynthesis|[silent]\n|switch|p2a: Corviknight|Corviknight, M|100\/100\n|-damage|p2a: Corviknight|88\/100|[from] Stealth Rock\n|move|p1a: Ninetales|Dazzling Gleam|p2a: Corviknight\n|-resisted|p2a: Corviknight\n|-damage|p2a: Corviknight|76\/100\n|\n|-weather|Snow|[upkeep]\n|-heal|p2a: Corviknight|82\/100|[from] item: Leftovers\n|upkeep\n|turn|5\n|\n|t:|1698723977\n|move|p1a: Ninetales|Aurora Veil|p1a: Ninetales\n|-sidestart|p1: Darvie'sMax|move: Aurora Veil\n|move|p2a: Corviknight|Defog|p1a: Ninetales\n|-unboost|p1a: Ninetales|evasion|1\n|-sideend|p1: Darvie'sMax|move: Aurora Veil\n|-sideend|p2: hutoew|Stealth Rock|[from] move: Defog|[of] p2a: Corviknight\n|\n|-weather|Snow|[upkeep]\n|-heal|p2a: Corviknight|88\/100|[from] item: Leftovers\n|upkeep\n|turn|6\n|\n|t:|1698723985\n|move|p1a: Ninetales|Blizzard|p2a: Corviknight\n|-damage|p2a: Corviknight|56\/100\n|move|p2a: Corviknight|U-turn|p1a: Ninetales\n|-resisted|p1a: Ninetales\n|-damage|p1a: Ninetales|62\/100\n|\n|t:|1698723991\n|switch|p2a: Roaring Moon|Roaring Moon|88\/100|[from] U-turn\n|\n|-weather|Snow|[upkeep]\n|upkeep\n|turn|7\n|\n|t:|1698723998\n|move|p2a: Roaring Moon|Iron Head|p1a: Ninetales\n|-supereffective|p1a: Ninetales\n|-damage|p1a: Ninetales|0 fnt\n|faint|p1a: Ninetales\n|\n|-weather|none\n|upkeep\n|\n|t:|1698724008\n|switch|p1a: Baxcalibur|Baxcalibur, F|100\/100\n|turn|8\n|\n|t:|1698724015\n|-end|p2a: Roaring Moon|Protosynthesis|[silent]\n|switch|p2a: Urshifu|Urshifu-Rapid-Strike, M|100\/100\n|move|p1a: Baxcalibur|Swords Dance|p1a: Baxcalibur\n|-boost|p1a: Baxcalibur|atk|2\n|\n|upkeep\n|turn|9\n|\n|t:|1698724023\n|move|p2a: Urshifu|Close Combat|p1a: Baxcalibur\n|-supereffective|p1a: Baxcalibur\n|-damage|p1a: Baxcalibur|0 fnt\n|-unboost|p2a: Urshifu|def|1\n|-unboost|p2a: Urshifu|spd|1\n|faint|p1a: Baxcalibur\n|\n|upkeep\n|\n|t:|1698724036\n|switch|p1a: Rayquaza|Rayquaza|100\/100\n|-ability|p1a: Rayquaza|Air Lock\n|turn|10\n|\n|t:|1698724040\n|switch|p2a: Corviknight|Corviknight, M|56\/100\n|move|p1a: Rayquaza|Dragon Dance|p1a: Rayquaza\n|-boost|p1a: Rayquaza|atk|1\n|-boost|p1a: Rayquaza|spe|1\n|\n|-heal|p2a: Corviknight|62\/100|[from] item: Leftovers\n|upkeep\n|turn|11\n|\n|t:|1698724049\n|move|p1a: Rayquaza|Dragon Dance|p1a: Rayquaza\n|-boost|p1a: Rayquaza|atk|1\n|-boost|p1a: Rayquaza|spe|1\n|move|p2a: Corviknight|Roost|p2a: Corviknight\n|-heal|p2a: Corviknight|100\/100\n|-singleturn|p2a: Corviknight|move: Roost\n|\n|upkeep\n|turn|12\n|\n|t:|1698724056\n|move|p1a: Rayquaza|Dragon Dance|p1a: Rayquaza\n|-boost|p1a: Rayquaza|atk|1\n|-boost|p1a: Rayquaza|spe|1\n|move|p2a: Corviknight|U-turn|p1a: Rayquaza\n|-resisted|p1a: Rayquaza\n|-damage|p1a: Rayquaza|93\/100\n|\n|t:|1698724058\n|switch|p2a: Skeledirge|Skeledirge, M|100\/100|[from] U-turn\n|\n|-heal|p1a: Rayquaza|99\/100|[from] item: Leftovers\n|upkeep\n|turn|13\n|\n|t:|1698724066\n|move|p1a: Rayquaza|Dragon Claw|p2a: Skeledirge\n|-damage|p2a: Skeledirge|64\/100\n|move|p2a: Skeledirge|Will-O-Wisp|p1a: Rayquaza\n|-status|p1a: Rayquaza|brn\n|\n|-heal|p1a: Rayquaza|100\/100 brn|[from] item: Leftovers\n|-damage|p1a: Rayquaza|95\/100 brn|[from] brn\n|upkeep\n|turn|14\n|\n|t:|1698724076\n|move|p1a: Rayquaza|Dragon Claw|p2a: Skeledirge\n|-damage|p2a: Skeledirge|46\/100\n|move|p2a: Skeledirge|Slack Off|p2a: Skeledirge\n|-heal|p2a: Skeledirge|96\/100\n|\n|-heal|p1a: Rayquaza|100\/100 brn|[from] item: Leftovers\n|-damage|p1a: Rayquaza|95\/100 brn|[from] brn\n|upkeep\n|turn|15\n|\n|t:|1698724084\n|switch|p1a: Palafin|Palafin-Hero, M|83\/100\n|-activate|p1a: Palafin|ability: Zero to Hero\n|move|p2a: Skeledirge|Shadow Ball|p1a: Palafin\n|-damage|p1a: Palafin|50\/100\n|\n|upkeep\n|turn|16\n|\n|t:|1698724097\n|switch|p2a: Eternatus|Eternatus|100\/100\n|-ability|p2a: Eternatus|Pressure\n|move|p1a: Palafin|Wave Crash|p2a: Eternatus\n|-resisted|p2a: Eternatus\n|-damage|p2a: Eternatus|58\/100\n|-damage|p1a: Palafin|30\/100|[from] Recoil\n|\n|-heal|p2a: Eternatus|64\/100|[from] item: Leftovers\n|upkeep\n|turn|17\n|\n|t:|1698724109\n|switch|p1a: Rayquaza|Rayquaza|95\/100 brn\n|-ability|p1a: Rayquaza|Air Lock\n|move|p2a: Eternatus|Sludge Bomb|p1a: Rayquaza\n|-damage|p1a: Rayquaza|51\/100 brn\n|\n|-heal|p2a: Eternatus|70\/100|[from] item: Leftovers\n|-heal|p1a: Rayquaza|57\/100 brn|[from] item: Leftovers\n|-damage|p1a: Rayquaza|51\/100 brn|[from] brn\n|upkeep\n|turn|18\n|\n|t:|1698724119\n|move|p2a: Eternatus|Dynamax Cannon|p1a: Rayquaza\n|-supereffective|p1a: Rayquaza\n|-damage|p1a: Rayquaza|0 fnt\n|faint|p1a: Rayquaza\n|\n|-heal|p2a: Eternatus|77\/100|[from] item: Leftovers\n|upkeep\n|\n|t:|1698724127\n|switch|p1a: Regieleki|Regieleki|100\/100\n|turn|19\n|\n|t:|1698724135\n|-terastallize|p1a: Regieleki|Ice\n|-terastallize|p2a: Eternatus|Poison\n|move|p1a: Regieleki|Tera Blast|p2a: Eternatus|[anim] Tera Blast Ice\n|-damage|p2a: Eternatus|42\/100\n|-damage|p1a: Regieleki|91\/100|[from] item: Life Orb\n|move|p2a: Eternatus|Sludge Bomb|p1a: Regieleki\n|-damage|p1a: Regieleki|0 fnt\n|faint|p1a: Regieleki\n|\n|-heal|p2a: Eternatus|48\/100|[from] item: Leftovers\n|upkeep\n|\n|t:|1698724146\n|switch|p1a: Palafin|Palafin-Hero, M|30\/100\n|turn|20\n|\n|t:|1698724150\n|move|p1a: Palafin|Jet Punch|p2a: Eternatus\n|-damage|p2a: Eternatus|2\/100\n|move|p2a: Eternatus|Sludge Bomb|p1a: Palafin\n|-damage|p1a: Palafin|0 fnt\n|faint|p1a: Palafin\n|\n|-heal|p2a: Eternatus|8\/100|[from] item: Leftovers\n|upkeep\n|\n|t:|1698724157\n|switch|p1a: Arceus|Arceus-Ground|100\/100\n|turn|21\n|\n|t:|1698724161\n|switch|p2a: Corviknight|Corviknight, M|100\/100\n|move|p1a: Arceus|Dragon Dance|p1a: Arceus\n|-boost|p1a: Arceus|atk|1\n|-boost|p1a: Arceus|spe|1\n|\n|upkeep\n|turn|22\n|\n|t:|1698724176\n|move|p1a: Arceus|Shadow Claw|p2a: Corviknight\n|-damage|p2a: Corviknight|79\/100\n|move|p2a: Corviknight|Body Press|p1a: Arceus\n|-damage|p1a: Arceus|80\/100\n|\n|-heal|p2a: Corviknight|85\/100|[from] item: Leftovers\n|upkeep\n|turn|23\n|\n|t:|1698724184\n|move|p1a: Arceus|Dragon Dance|p1a: Arceus\n|-boost|p1a: Arceus|atk|1\n|-boost|p1a: Arceus|spe|1\n|move|p2a: Corviknight|Body Press|p1a: Arceus\n|-damage|p1a: Arceus|60\/100\n|\n|-heal|p2a: Corviknight|92\/100|[from] item: Leftovers\n|upkeep\n|turn|24\n|\n|t:|1698724192\n|move|p1a: Arceus|Dragon Dance|p1a: Arceus\n|-boost|p1a: Arceus|atk|1\n|-boost|p1a: Arceus|spe|1\n|move|p2a: Corviknight|U-turn|p1a: Arceus\n|-damage|p1a: Arceus|49\/100\n|\n|t:|1698724194\n|switch|p2a: Skeledirge|Skeledirge, M|96\/100|[from] U-turn\n|\n|upkeep\n|turn|25\n|\n|t:|1698724199\n|move|p1a: Arceus|Earthquake|p2a: Skeledirge\n|-supereffective|p2a: Skeledirge\n|-damage|p2a: Skeledirge|0 fnt\n|faint|p2a: Skeledirge\n|\n|upkeep\n|\n|t:|1698724205\n|switch|p2a: Corviknight|Corviknight, M|92\/100\n|turn|26\n|\n|t:|1698724211\n|move|p1a: Arceus|Dragon Dance|p1a: Arceus\n|-boost|p1a: Arceus|atk|1\n|-boost|p1a: Arceus|spe|1\n|move|p2a: Corviknight|Body Press|p1a: Arceus\n|-damage|p1a: Arceus|27\/100\n|\n|-heal|p2a: Corviknight|98\/100|[from] item: Leftovers\n|upkeep\n|turn|27\n|\n|t:|1698724220\n|move|p1a: Arceus|Shadow Claw|p2a: Corviknight\n|-damage|p2a: Corviknight|56\/100\n|move|p2a: Corviknight|Body Press|p1a: Arceus\n|-damage|p1a: Arceus|8\/100\n|\n|-heal|p2a: Corviknight|62\/100|[from] item: Leftovers\n|upkeep\n|turn|28\n|\n|t:|1698724227\n|move|p1a: Arceus|Shadow Claw|p2a: Corviknight\n|-damage|p2a: Corviknight|20\/100\n|move|p2a: Corviknight|Body Press|p1a: Arceus\n|-damage|p1a: Arceus|0 fnt\n|faint|p1a: Arceus\n|\n|win|hutoew\n|raw|Darvie&apos;sMax's rating: 1288 &rarr; <strong>1260<\/strong><br \/>(-28 for losing)\n|raw|hutoew's rating: 1251 &rarr; <strong>1279<\/strong><br \/>(+28 for winning)\n|l|\u2606Darvie'sMax\n|l|\u2606hutoew\n|j|\u2606hutoew\n|player|p2|hutoew|hilda\n","uploadtime":1698724262,"views":10,"p1id":"darviesmax","p2id":"hutoew","formatid":"gen9ubers","rating":1260,"private":0,"password":""}