{"id":"gen9ubers-1977450991","p1":"Itsmeheats","p2":"InfraredGod_YT","format":"[Gen 9] Ubers","log":"|j|\u2606Itsmeheats\n|j|\u2606InfraredGod_YT\n|t:|1698418183\n|gametype|singles\n|player|p1|Itsmeheats|ghetsis|1342\n|player|p2|InfraredGod_YT|2|1419\n|teamsize|p1|6\n|teamsize|p2|6\n|gen|9\n|tier|[Gen 9] Ubers\n|rated|\n|rule|Sleep Clause Mod: Limit one foe put to sleep\n|rule|Species Clause: Limit one of each Pok\u00e9mon\n|rule|OHKO Clause: OHKO moves are banned\n|rule|Evasion Items Clause: Evasion items are banned\n|rule|Evasion Moves Clause: Evasion moves are banned\n|rule|Endless Battle Clause: Forcing endless battles is banned\n|rule|HP Percentage Mod: HP is shown in percentages\n|clearpoke\n|poke|p1|Iron Bundle|\n|poke|p1|Miraidon|\n|poke|p1|Groudon|\n|poke|p1|Cinderace, F|\n|poke|p1|Flutter Mane|\n|poke|p1|Kyogre|\n|poke|p2|Giratina-Origin|\n|poke|p2|Koraidon|\n|poke|p2|Zacian-*|\n|poke|p2|Ting-Lu|\n|poke|p2|Miraidon|\n|poke|p2|Skeledirge, F|\n|teampreview\n|inactive|Battle timer is ON: inactive players will automatically lose when time's up. (requested by InfraredGod_YT)\n|\n|t:|1698418197\n|start\n|switch|p1a: Cinderace|Cinderace, F, shiny|100\/100\n|switch|p2a: Ting-Lu|Ting-Lu|100\/100\n|-ability|p2a: Ting-Lu|Vessel of Ruin\n|turn|1\n|\n|t:|1698418213\n|move|p1a: Cinderace|U-turn|p2a: Ting-Lu\n|-start|p1a: Cinderace|typechange|Bug|[from] ability: Libero\n|-supereffective|p2a: Ting-Lu\n|-damage|p2a: Ting-Lu|66\/100\n|\n|t:|1698418220\n|switch|p1a: Groudon|Groudon|100\/100|[from] U-turn\n|-weather|SunnyDay|[from] ability: Drought|[of] p1a: Groudon\n|move|p2a: Ting-Lu|Ruination|p1a: Groudon\n|-damage|p1a: Groudon|50\/100\n|\n|-weather|SunnyDay|[upkeep]\n|-heal|p1a: Groudon|57\/100|[from] item: Leftovers\n|-heal|p2a: Ting-Lu|72\/100|[from] item: Leftovers\n|upkeep\n|turn|2\n|\n|t:|1698418233\n|switch|p2a: Giratina|Giratina-Origin|100\/100\n|move|p1a: Groudon|Substitute|p1a: Groudon\n|-start|p1a: Groudon|Substitute\n|-damage|p1a: Groudon|32\/100\n|\n|-weather|SunnyDay|[upkeep]\n|-heal|p1a: Groudon|38\/100|[from] item: Leftovers\n|upkeep\n|turn|3\n|\n|t:|1698418244\n|move|p1a: Groudon|Swords Dance|p1a: Groudon\n|-boost|p1a: Groudon|atk|2\n|move|p2a: Giratina|Earthquake|p1a: Groudon\n|-activate|p1a: Groudon|move: Substitute|[damage]\n|\n|-weather|SunnyDay|[upkeep]\n|-heal|p1a: Groudon|44\/100|[from] item: Leftovers\n|upkeep\n|turn|4\n|\n|t:|1698418251\n|move|p1a: Groudon|Fire Punch|p2a: Giratina\n|-resisted|p2a: Giratina\n|-damage|p2a: Giratina|74\/100\n|move|p2a: Giratina|Earthquake|p1a: Groudon\n|-crit|p1a: Groudon\n|-end|p1a: Groudon|Substitute\n|\n|-weather|SunnyDay|[upkeep]\n|-heal|p1a: Groudon|50\/100|[from] item: Leftovers\n|upkeep\n|turn|5\n|\n|t:|1698418262\n|move|p1a: Groudon|Fire Punch|p2a: Giratina\n|-resisted|p2a: Giratina\n|-damage|p2a: Giratina|48\/100\n|move|p2a: Giratina|Dragon Tail|p1a: Groudon\n|-damage|p1a: Groudon|30\/100\n|drag|p1a: Iron Bundle|Iron Bundle|100\/100\n|\n|-weather|none\n|upkeep\n|turn|6\n|\n|t:|1698418275\n|switch|p2a: Zacian|Zacian-Crowned|100\/100\n|-ability|p2a: Zacian|Intrepid Sword|boost\n|-boost|p2a: Zacian|atk|1\n|move|p1a: Iron Bundle|Ice Beam|p2a: Zacian\n|-resisted|p2a: Zacian\n|-damage|p2a: Zacian|71\/100\n|-damage|p1a: Iron Bundle|91\/100|[from] item: Life Orb\n|\n|upkeep\n|turn|7\n|\n|t:|1698418285\n|-end|p1a: Iron Bundle|Quark Drive|[silent]\n|switch|p1a: Groudon|Groudon|30\/100\n|-weather|SunnyDay|[from] ability: Drought|[of] p1a: Groudon\n|move|p2a: Zacian|Wild Charge|p1a: Groudon\n|-immune|p1a: Groudon\n|\n|-weather|SunnyDay|[upkeep]\n|-heal|p1a: Groudon|36\/100|[from] item: Leftovers\n|upkeep\n|turn|8\n|\n|t:|1698418291\n|move|p2a: Zacian|Behemoth Blade|p1a: Groudon\n|-damage|p1a: Groudon|0 fnt\n|faint|p1a: Groudon\n|\n|-weather|SunnyDay|[upkeep]\n|upkeep\n|\n|t:|1698418295\n|switch|p1a: Kyogre|Kyogre, shiny|100\/100\n|-weather|RainDance|[from] ability: Drizzle|[of] p1a: Kyogre\n|turn|9\n|\n|t:|1698418304\n|move|p1a: Kyogre|Water Spout|p2a: Zacian\n|-damage|p2a: Zacian|0 fnt\n|faint|p2a: Zacian\n|\n|-weather|RainDance|[upkeep]\n|upkeep\n|\n|t:|1698418313\n|switch|p2a: Koraidon|Koraidon|100\/100\n|-weather|SunnyDay|[from] ability: Orichalcum Pulse|[of] p2a: Koraidon\n|-activate|p2a: Koraidon|Orichalcum Pulse|[source]\n|turn|10\n|\n|t:|1698418332\n|switch|p1a: Cinderace|Cinderace, F, shiny|100\/100\n|move|p2a: Koraidon|Scale Shot|p1a: Cinderace\n|-damage|p1a: Cinderace|75\/100\n|-damage|p1a: Cinderace|47\/100\n|-damage|p1a: Cinderace|21\/100\n|-damage|p1a: Cinderace|0 fnt\n|faint|p1a: Cinderace\n|-hitcount|p1: Cinderace|4\n|-unboost|p2a: Koraidon|def|1\n|-boost|p2a: Koraidon|spe|1\n|\n|-weather|SunnyDay|[upkeep]\n|upkeep\n|\n|t:|1698418343\n|switch|p1a: Flutter Mane|Flutter Mane|100\/100\n|-activate|p1a: Flutter Mane|ability: Protosynthesis\n|-start|p1a: Flutter Mane|protosynthesisspe\n|turn|11\n|\n|t:|1698418349\n|-terastallize|p2a: Koraidon|Fire\n|move|p2a: Koraidon|Flare Blitz|p1a: Flutter Mane\n|-damage|p1a: Flutter Mane|0 fnt\n|faint|p1a: Flutter Mane\n|-end|p1a: Flutter Mane|Protosynthesis|[silent]\n|-damage|p2a: Koraidon|76\/100|[from] Recoil\n|\n|-weather|SunnyDay|[upkeep]\n|upkeep\n|\n|t:|1698418355\n|switch|p1a: Kyogre|Kyogre, shiny|100\/100\n|-weather|RainDance|[from] ability: Drizzle|[of] p1a: Kyogre\n|turn|12\n|\n|t:|1698418363\n|move|p2a: Koraidon|Scale Shot|p1a: Kyogre\n|-damage|p1a: Kyogre|86\/100\n|-damage|p1a: Kyogre|71\/100\n|-damage|p1a: Kyogre|55\/100\n|-damage|p1a: Kyogre|40\/100\n|-hitcount|p1a: Kyogre|4\n|-unboost|p2a: Koraidon|def|1\n|-boost|p2a: Koraidon|spe|1\n|move|p1a: Kyogre|Surf|p2a: Koraidon\n|-supereffective|p2a: Koraidon\n|-damage|p2a: Koraidon|0 fnt\n|faint|p2a: Koraidon\n|\n|-weather|RainDance|[upkeep]\n|upkeep\n|\n|t:|1698418376\n|switch|p2a: Miraidon|Miraidon|100\/100\n|-fieldstart|move: Electric Terrain|[from] ability: Hadron Engine|[of] p2a: Miraidon\n|turn|13\n|\n|t:|1698418381\n|move|p1a: Kyogre|Surf|p2a: Miraidon\n|-resisted|p2a: Miraidon\n|-damage|p2a: Miraidon|68\/100\n|move|p2a: Miraidon|Parabolic Charge|p1a: Kyogre\n|-supereffective|p1a: Kyogre\n|-damage|p1a: Kyogre|0 fnt\n|-heal|p2a: Miraidon|88\/100|[from] drain|[of] p1a: Kyogre\n|faint|p1a: Kyogre\n|-damage|p2a: Miraidon|78\/100|[from] item: Life Orb\n|\n|-weather|RainDance|[upkeep]\n|upkeep\n|\n|t:|1698418387\n|switch|p1a: Iron Bundle|Iron Bundle|91\/100\n|-activate|p1a: Iron Bundle|ability: Quark Drive\n|-start|p1a: Iron Bundle|quarkdrivespe\n|turn|14\n|\n|t:|1698418401\n|switch|p2a: Giratina|Giratina-Origin|48\/100\n|-terastallize|p1a: Iron Bundle|Ice\n|move|p1a: Iron Bundle|Ice Beam|p2a: Giratina\n|-supereffective|p2a: Giratina\n|-damage|p2a: Giratina|0 fnt\n|faint|p2a: Giratina\n|-damage|p1a: Iron Bundle|81\/100|[from] item: Life Orb\n|\n|-weather|RainDance|[upkeep]\n|upkeep\n|\n|t:|1698418408\n|switch|p2a: Ting-Lu|Ting-Lu|72\/100\n|-ability|p2a: Ting-Lu|Vessel of Ruin\n|turn|15\n|\n|t:|1698418413\n|move|p1a: Iron Bundle|Hydro Pump|p2a: Ting-Lu\n|-supereffective|p2a: Ting-Lu\n|-damage|p2a: Ting-Lu|0 fnt\n|faint|p2a: Ting-Lu\n|-damage|p1a: Iron Bundle|71\/100|[from] item: Life Orb\n|\n|-weather|RainDance|[upkeep]\n|upkeep\n|\n|t:|1698418423\n|switch|p2a: Skeledirge|Skeledirge, F|100\/100\n|turn|16\n|\n|t:|1698418429\n|move|p1a: Iron Bundle|Hydro Pump|p2a: Skeledirge\n|-supereffective|p2a: Skeledirge\n|-damage|p2a: Skeledirge|0 fnt\n|faint|p2a: Skeledirge\n|-damage|p1a: Iron Bundle|61\/100|[from] item: Life Orb\n|\n|-weather|none\n|upkeep\n|\n|t:|1698418432\n|switch|p2a: Miraidon|Miraidon|78\/100\n|-activate|p2a: Miraidon|ability: Hadron Engine\n|turn|17\n|\n|t:|1698418434\n|move|p1a: Iron Bundle|Ice Beam|p2a: Miraidon\n|-supereffective|p2a: Miraidon\n|-damage|p2a: Miraidon|0 fnt\n|faint|p2a: Miraidon\n|-damage|p1a: Iron Bundle|51\/100|[from] item: Life Orb\n|\n|win|Itsmeheats\n|raw|Itsmeheats's rating: 1342 &rarr; <strong>1366<\/strong><br \/>(+24 for winning)\n|raw|InfraredGod_YT's rating: 1419 &rarr; <strong>1395<\/strong><br \/>(-24 for losing)\n|c|\u2606Itsmeheats|gg\n|c|\u2606InfraredGod_YT|Gg\n|l|\u2606InfraredGod_YT\n","uploadtime":1698418452,"views":9,"p1id":"itsmeheats","p2id":"infraredgodyt","formatid":"gen9ubers","rating":1366,"private":0,"password":""}