{"id":"gen9ubers-1974309015","p1":"trepYT","p2":"EpicGamer069420","format":"[Gen 9] Ubers","log":"|j|\u203dtrepYT\n|j|\u2606EpicGamer069420\n|t:|1698076689\n|gametype|singles\n|player|p1|trepYT|swimmerf|1507\n|player|p2|EpicGamer069420|lucas|1560\n|teamsize|p1|6\n|teamsize|p2|6\n|gen|9\n|tier|[Gen 9] Ubers\n|rated|\n|rule|Sleep Clause Mod: Limit one foe put to sleep\n|rule|Species Clause: Limit one of each Pok\u00e9mon\n|rule|OHKO Clause: OHKO moves are banned\n|rule|Evasion Items Clause: Evasion items are banned\n|rule|Evasion Moves Clause: Evasion moves are banned\n|rule|Endless Battle Clause: Forcing endless battles is banned\n|rule|HP Percentage Mod: HP is shown in percentages\n|clearpoke\n|poke|p1|Rayquaza|\n|poke|p1|Kyogre|\n|poke|p1|Basculegion, M|\n|poke|p1|Arceus|\n|poke|p1|Landorus-Therian, M|\n|poke|p1|Flutter Mane|\n|poke|p2|Annihilape, M|\n|poke|p2|Hatterene, F|\n|poke|p2|Arceus-Ground|\n|poke|p2|Clodsire, M|\n|poke|p2|Kingambit, F|\n|poke|p2|Miraidon|\n|teampreview\n|inactive|Battle timer is ON: inactive players will automatically lose when time's up. (requested by EpicGamer069420)\n|\n|t:|1698076698\n|start\n|switch|p1a: Arceus|Arceus|100\/100\n|switch|p2a: Arceus|Arceus-Ground|100\/100\n|turn|1\n|\n|t:|1698076714\n|move|p1a: Arceus|Taunt|p2a: Arceus\n|-start|p2a: Arceus|move: Taunt\n|move|p2a: Arceus|Judgment|p1a: Arceus\n|-crit|p1a: Arceus\n|-damage|p1a: Arceus|40\/100\n|\n|upkeep\n|turn|2\n|\n|t:|1698076720\n|move|p1a: Arceus|Stealth Rock|p2a: Arceus\n|-sidestart|p2: EpicGamer069420|move: Stealth Rock\n|move|p2a: Arceus|Ice Beam|p1a: Arceus\n|-damage|p1a: Arceus|19\/100\n|\n|upkeep\n|turn|3\n|\n|t:|1698076726\n|move|p1a: Arceus|Extreme Speed|p2a: Arceus\n|-crit|p2a: Arceus\n|-damage|p2a: Arceus|59\/100\n|-damage|p1a: Arceus|9\/100|[from] item: Life Orb\n|move|p2a: Arceus|Judgment|p1a: Arceus\n|-damage|p1a: Arceus|0 fnt\n|faint|p1a: Arceus\n|\n|-end|p2a: Arceus|move: Taunt\n|upkeep\n|\n|t:|1698076736\n|switch|p1a: Kyogre|Kyogre|100\/100\n|-weather|RainDance|[from] ability: Drizzle|[of] p1a: Kyogre\n|turn|4\n|\n|t:|1698076744\n|switch|p1a: Flutter Mane|Flutter Mane|100\/100\n|switch|p2a: Clodsire|Clodsire, M|100\/100\n|\n|-weather|RainDance|[upkeep]\n|upkeep\n|turn|5\n|\n|t:|1698076752\n|-terastallize|p2a: Clodsire|Steel\n|move|p1a: Flutter Mane|Taunt|p2a: Clodsire\n|-start|p2a: Clodsire|move: Taunt\n|cant|p2a: Clodsire|move: Taunt|Stealth Rock\n|\n|-weather|RainDance|[upkeep]\n|upkeep\n|turn|6\n|\n|t:|1698076758\n|-end|p1a: Flutter Mane|Protosynthesis|[silent]\n|switch|p1a: Landorus|Landorus-Therian, M|100\/100\n|-ability|p1a: Landorus|Intimidate|boost\n|-unboost|p2a: Clodsire|atk|1\n|move|p2a: Clodsire|Earthquake|p1a: Landorus\n|-immune|p1a: Landorus\n|\n|-weather|RainDance|[upkeep]\n|upkeep\n|turn|7\n|\n|t:|1698076762\n|switch|p2a: Annihilape|Annihilape, M|100\/100\n|-damage|p2a: Annihilape|94\/100|[from] Stealth Rock\n|move|p1a: Landorus|Earthquake|p2a: Annihilape\n|-damage|p2a: Annihilape|28\/100\n|\n|-weather|RainDance|[upkeep]\n|upkeep\n|turn|8\n|\n|t:|1698076769\n|switch|p2a: Hatterene|Hatterene, F|100\/100\n|-damage|p2a: Hatterene|88\/100|[from] Stealth Rock\n|move|p1a: Landorus|Earthquake|p2a: Hatterene\n|-damage|p2a: Hatterene|41\/100\n|\n|-weather|none\n|-heal|p2a: Hatterene|47\/100|[from] item: Leftovers\n|upkeep\n|turn|9\n|\n|t:|1698076778\n|-terastallize|p1a: Landorus|Ground\n|move|p1a: Landorus|Earthquake|p2a: Hatterene\n|-damage|p2a: Hatterene|0 fnt\n|faint|p2a: Hatterene\n|\n|upkeep\n|\n|t:|1698076788\n|switch|p2a: Miraidon|Miraidon|100\/100\n|-fieldstart|move: Electric Terrain|[from] ability: Hadron Engine|[of] p2a: Miraidon\n|turn|10\n|\n|t:|1698076797\n|switch|p1a: Flutter Mane|Flutter Mane|100\/100\n|move|p2a: Miraidon|Draco Meteor|p1a: Flutter Mane\n|-immune|p1a: Flutter Mane\n|\n|upkeep\n|turn|11\n|\n|t:|1698076801\n|-end|p1a: Flutter Mane|Protosynthesis|[silent]\n|switch|p1a: Landorus|Landorus-Therian, M, tera:Ground|100\/100\n|-ability|p1a: Landorus|Intimidate|boost\n|-unboost|p2a: Miraidon|atk|1\n|move|p2a: Miraidon|Electro Drift|p1a: Landorus\n|-immune|p1a: Landorus\n|\n|upkeep\n|turn|12\n|\n|t:|1698076808\n|move|p1a: Landorus|Earthquake|p2a: Miraidon\n|-supereffective|p2a: Miraidon\n|-damage|p2a: Miraidon|0 fnt\n|faint|p2a: Miraidon\n|\n|upkeep\n|\n|t:|1698076818\n|switch|p2a: Arceus|Arceus-Ground|59\/100\n|-damage|p2a: Arceus|53\/100|[from] Stealth Rock\n|turn|13\n|\n|t:|1698076833\n|move|p1a: Landorus|Earthquake|p2a: Arceus\n|-damage|p2a: Arceus|13\/100\n|move|p2a: Arceus|Recover|p2a: Arceus\n|-heal|p2a: Arceus|63\/100\n|\n|upkeep\n|turn|14\n|j| TheLindomar\n|\n|t:|1698076845\n|switch|p1a: Kyogre|Kyogre|100\/100\n|-weather|RainDance|[from] ability: Drizzle|[of] p1a: Kyogre\n|move|p2a: Arceus|Recover|p2a: Arceus\n|-heal|p2a: Arceus|100\/100\n|\n|-weather|RainDance|[upkeep]\n|-fieldend|move: Electric Terrain\n|upkeep\n|turn|15\n|\n|t:|1698076851\n|switch|p2a: Clodsire|Clodsire, M, tera:Steel|100\/100\n|move|p1a: Kyogre|Water Spout|p2a: Clodsire\n|-immune|p2a: Clodsire|[from] ability: Water Absorb\n|\n|-weather|RainDance|[upkeep]\n|upkeep\n|turn|16\n|\n|t:|1698076856\n|switch|p1a: Landorus|Landorus-Therian, M, tera:Ground|100\/100\n|-ability|p1a: Landorus|Intimidate|boost\n|-unboost|p2a: Clodsire|atk|1\n|move|p2a: Clodsire|Stealth Rock|p1a: Landorus\n|-sidestart|p1: trepYT|move: Stealth Rock\n|\n|-weather|RainDance|[upkeep]\n|upkeep\n|turn|17\n|\n|t:|1698076859\n|switch|p2a: Arceus|Arceus-Ground|100\/100\n|-damage|p2a: Arceus|94\/100|[from] Stealth Rock\n|move|p1a: Landorus|Earthquake|p2a: Arceus\n|-damage|p2a: Arceus|52\/100\n|\n|-weather|RainDance|[upkeep]\n|upkeep\n|turn|18\n|\n|t:|1698076870\n|switch|p1a: Flutter Mane|Flutter Mane|100\/100\n|-damage|p1a: Flutter Mane|88\/100|[from] Stealth Rock\n|move|p2a: Arceus|Recover|p2a: Arceus\n|-heal|p2a: Arceus|100\/100\n|\n|-weather|none\n|upkeep\n|turn|19\n|\n|t:|1698076874\n|move|p1a: Flutter Mane|Taunt|p2a: Arceus\n|-start|p2a: Arceus|move: Taunt\n|cant|p2a: Arceus|move: Taunt|Calm Mind\n|\n|upkeep\n|turn|20\n|\n|t:|1698076877\n|switch|p2a: Clodsire|Clodsire, M, tera:Steel|100\/100\n|move|p1a: Flutter Mane|Moonblast|p2a: Clodsire\n|-resisted|p2a: Clodsire\n|-damage|p2a: Clodsire|88\/100\n|\n|upkeep\n|turn|21\n|\n|t:|1698076885\n|-end|p1a: Flutter Mane|Protosynthesis|[silent]\n|switch|p1a: Landorus|Landorus-Therian, M, tera:Ground|100\/100\n|-damage|p1a: Landorus|95\/100|[from] Stealth Rock\n|-ability|p1a: Landorus|Intimidate|boost\n|-unboost|p2a: Clodsire|atk|1\n|move|p2a: Clodsire|Earthquake|p1a: Landorus\n|-damage|p1a: Landorus|72\/100\n|\n|upkeep\n|turn|22\n|\n|t:|1698076889\n|switch|p2a: Arceus|Arceus-Ground|100\/100\n|-damage|p2a: Arceus|94\/100|[from] Stealth Rock\n|move|p1a: Landorus|U-turn|p2a: Arceus\n|-damage|p2a: Arceus|80\/100\n|\n|t:|1698076891\n|switch|p1a: Flutter Mane|Flutter Mane|88\/100|[from] U-turn\n|-damage|p1a: Flutter Mane|76\/100|[from] Stealth Rock\n|\n|upkeep\n|turn|23\n|\n|t:|1698076895\n|switch|p2a: Clodsire|Clodsire, M, tera:Steel|88\/100\n|move|p1a: Flutter Mane|Taunt|p2a: Clodsire\n|-start|p2a: Clodsire|move: Taunt\n|\n|upkeep\n|turn|24\n|\n|t:|1698076901\n|switch|p2a: Arceus|Arceus-Ground|80\/100\n|-damage|p2a: Arceus|74\/100|[from] Stealth Rock\n|move|p1a: Flutter Mane|Memento|p2a: Arceus\n|-unboost|p2a: Arceus|atk|2\n|-unboost|p2a: Arceus|spa|2\n|faint|p1a: Flutter Mane\n|-end|p1a: Flutter Mane|Protosynthesis|[silent]\n|\n|upkeep\n|\n|t:|1698076905\n|switch|p1a: Kyogre|Kyogre|100\/100\n|-damage|p1a: Kyogre|88\/100|[from] Stealth Rock\n|-weather|RainDance|[from] ability: Drizzle|[of] p1a: Kyogre\n|turn|25\n|\n|t:|1698076908\n|switch|p1a: Landorus|Landorus-Therian, M, tera:Ground|72\/100\n|-damage|p1a: Landorus|66\/100|[from] Stealth Rock\n|-ability|p1a: Landorus|Intimidate|boost\n|-unboost|p2a: Arceus|atk|1\n|switch|p2a: Clodsire|Clodsire, M, tera:Steel|88\/100\n|\n|-weather|RainDance|[upkeep]\n|upkeep\n|turn|26\n|\n|t:|1698076914\n|switch|p2a: Annihilape|Annihilape, M|28\/100\n|-damage|p2a: Annihilape|22\/100|[from] Stealth Rock\n|move|p1a: Landorus|Earthquake|p2a: Annihilape\n|-damage|p2a: Annihilape|0 fnt\n|faint|p2a: Annihilape\n|\n|-weather|RainDance|[upkeep]\n|upkeep\n|\n|t:|1698076922\n|switch|p2a: Arceus|Arceus-Ground|74\/100\n|-damage|p2a: Arceus|68\/100|[from] Stealth Rock\n|turn|27\n|\n|t:|1698076927\n|move|p1a: Landorus|Earthquake|p2a: Arceus\n|-damage|p2a: Arceus|28\/100\n|move|p2a: Arceus|Recover|p2a: Arceus\n|-heal|p2a: Arceus|78\/100\n|\n|-weather|RainDance|[upkeep]\n|upkeep\n|turn|28\n|\n|t:|1698076938\n|switch|p1a: Rayquaza|Rayquaza|100\/100\n|-damage|p1a: Rayquaza|76\/100|[from] Stealth Rock\n|-ability|p1a: Rayquaza|Air Lock\n|move|p2a: Arceus|Judgment|p1a: Rayquaza\n|-immune|p1a: Rayquaza\n|\n|-weather|RainDance|[upkeep]\n|upkeep\n|turn|29\n|\n|t:|1698076942\n|move|p1a: Rayquaza|Dragon Ascent|p2a: Arceus\n|-damage|p2a: Arceus|36\/100\n|-unboost|p1a: Rayquaza|def|1\n|-unboost|p1a: Rayquaza|spd|1\n|move|p2a: Arceus|Ice Beam|p1a: Rayquaza\n|-supereffective|p1a: Rayquaza\n|-damage|p1a: Rayquaza|0 fnt\n|faint|p1a: Rayquaza\n|\n|-weather|none\n|upkeep\n|\n|t:|1698076945\n|switch|p1a: Landorus|Landorus-Therian, M, tera:Ground|66\/100\n|-damage|p1a: Landorus|60\/100|[from] Stealth Rock\n|-ability|p1a: Landorus|Intimidate|boost\n|-unboost|p2a: Arceus|atk|1\n|turn|30\n|\n|t:|1698076949\n|move|p1a: Landorus|Earthquake|p2a: Arceus\n|-damage|p2a: Arceus|0 fnt\n|faint|p2a: Arceus\n|\n|upkeep\n|\n|t:|1698076961\n|switch|p2a: Clodsire|Clodsire, M, tera:Steel|88\/100\n|turn|31\n|\n|t:|1698076963\n|move|p1a: Landorus|Earthquake|p2a: Clodsire\n|-supereffective|p2a: Clodsire\n|-damage|p2a: Clodsire|0 fnt\n|faint|p2a: Clodsire\n|\n|upkeep\n|\n|t:|1698076965\n|switch|p2a: Kingambit|Kingambit, F|100\/100\n|-damage|p2a: Kingambit|94\/100|[from] Stealth Rock\n|-activate|p2a: Kingambit|ability: Supreme Overlord\n|-start|p2a: Kingambit|fallen5|[silent]\n|turn|32\n|\n|t:|1698076967\n|move|p2a: Kingambit|Sucker Punch|p1a: Landorus\n|-damage|p1a: Landorus|0 fnt\n|faint|p1a: Landorus\n|\n|-heal|p2a: Kingambit|100\/100|[from] item: Leftovers\n|upkeep\n|\n|t:|1698076969\n|switch|p1a: Kyogre|Kyogre|88\/100\n|-damage|p1a: Kyogre|76\/100|[from] Stealth Rock\n|-weather|RainDance|[from] ability: Drizzle|[of] p1a: Kyogre\n|turn|33\n|\n|t:|1698076974\n|move|p2a: Kingambit|Sucker Punch|p1a: Kyogre\n|-damage|p1a: Kyogre|10\/100\n|move|p1a: Kyogre|Origin Pulse|p2a: Kingambit\n|-damage|p2a: Kingambit|9\/100\n|\n|-weather|RainDance|[upkeep]\n|-heal|p2a: Kingambit|15\/100|[from] item: Leftovers\n|upkeep\n|turn|34\n|\n|t:|1698076978\n|switch|p1a: Basculegion|Basculegion, M|100\/100\n|-damage|p1a: Basculegion|88\/100|[from] Stealth Rock\n|move|p2a: Kingambit|Sucker Punch||[still]\n|-fail|p2a: Kingambit\n|\n|-weather|RainDance|[upkeep]\n|-heal|p2a: Kingambit|21\/100|[from] item: Leftovers\n|upkeep\n|turn|35\n|inactive|trepYT has 120 seconds left.\n|\n|t:|1698077029\n|move|p2a: Kingambit|Sucker Punch|p1a: Basculegion\n|-supereffective|p1a: Basculegion\n|-damage|p1a: Basculegion|0 fnt\n|faint|p1a: Basculegion\n|\n|-weather|RainDance|[upkeep]\n|-heal|p2a: Kingambit|27\/100|[from] item: Leftovers\n|upkeep\n|-message|trepYT forfeited.\n|\n|win|EpicGamer069420\n|raw|trepYT's rating: 1507 &rarr; <strong>1490<\/strong><br \/>(-17 for losing)\n|raw|EpicGamer069420's rating: 1560 &rarr; <strong>1577<\/strong><br \/>(+17 for winning)\n|l|\u203dtrepYT\n|l| TheLindomar\n|l|\u2606EpicGamer069420\n|j|\u2606EpicGamer069420\n|player|p2|EpicGamer069420|lucas\n","uploadtime":1698077124,"views":9,"p1id":"trepyt","p2id":"epicgamer069420","formatid":"gen9ubers","rating":1490,"private":0,"password":""}