{"id":"gen9ubers-1969067188","p1":"RiddleDog","p2":"Charbotron","format":"[Gen 9] Ubers","log":"|j|\u2606RiddleDog\n|j|\u2606Charbotron\n|t:|1697487182\n|gametype|singles\n|player|p1|RiddleDog|dawn-gen4pt|\n|player|p2|Charbotron|1|\n|teamsize|p1|6\n|teamsize|p2|6\n|gen|9\n|tier|[Gen 9] Ubers\n|rule|Sleep Clause Mod: Limit one foe put to sleep\n|rule|Species Clause: Limit one of each Pok\u00e9mon\n|rule|OHKO Clause: OHKO moves are banned\n|rule|Evasion Items Clause: Evasion items are banned\n|rule|Evasion Moves Clause: Evasion moves are banned\n|rule|Endless Battle Clause: Forcing endless battles is banned\n|rule|HP Percentage Mod: HP is shown in percentages\n|clearpoke\n|poke|p1|Chi-Yu|\n|poke|p1|Iron Treads|\n|poke|p1|Zoroark-Hisui, M|\n|poke|p1|Kleavor, F|\n|poke|p1|Vaporeon, M|\n|poke|p1|Dachsbun, M|\n|poke|p2|Volcanion|\n|poke|p2|Iron Moth|\n|poke|p2|Walking Wake|\n|poke|p2|Torkoal, M|\n|poke|p2|Great Tusk|\n|poke|p2|Corviknight, F|\n|teampreview\n|j| Nuttyr\n|j| rustygoomba\n|\n|t:|1697487206\n|start\n|switch|p1a: Ribble|Dachsbun, M|100\/100\n|switch|p2a: Iron Moth|Iron Moth|100\/100\n|turn|1\n|j| Wha1efish\n|\n|t:|1697487234\n|move|p2a: Iron Moth|Toxic Spikes|p1a: Ribble\n|-sidestart|p1: RiddleDog|move: Toxic Spikes\n|move|p1a: Ribble|Psychic|p2a: Iron Moth\n|-supereffective|p2a: Iron Moth\n|-damage|p2a: Iron Moth|31\/100\n|\n|upkeep\n|turn|2\n|\n|t:|1697487253\n|-end|p2a: Iron Moth|Quark Drive|[silent]\n|switch|p2a: Corviknight|Corviknight, F|100\/100\n|move|p1a: Ribble|Psychic|p2a: Corviknight\n|-resisted|p2a: Corviknight\n|-damage|p2a: Corviknight|84\/100\n|\n|-heal|p2a: Corviknight|90\/100|[from] item: Leftovers\n|upkeep\n|turn|3\n|\n|t:|1697487270\n|move|p1a: Ribble|Flamethrower|p2a: Corviknight\n|-supereffective|p2a: Corviknight\n|-crit|p2a: Corviknight\n|-damage|p2a: Corviknight|0 fnt\n|faint|p2a: Corviknight\n|\n|upkeep\n|\n|t:|1697487281\n|switch|p2a: Great Tusk|Great Tusk|100\/100\n|turn|4\n|\n|t:|1697487300\n|switch|p1a: cat|Vaporeon, M|100\/100\n|-status|p1a: cat|psn\n|move|p2a: Great Tusk|Headlong Rush|p1a: cat\n|-damage|p1a: cat|46\/100 psn\n|-unboost|p2a: Great Tusk|def|1\n|-unboost|p2a: Great Tusk|spd|1\n|-enditem|p2a: Great Tusk|White Herb\n|-clearnegativeboost|p2a: Great Tusk|[silent]\n|\n|-heal|p1a: cat|52\/100 psn|[from] item: Leftovers\n|-damage|p1a: cat|40\/100 psn|[from] psn\n|upkeep\n|turn|5\n|\n|t:|1697487317\n|-end|p2a: Great Tusk|Protosynthesis|[silent]\n|switch|p2a: Volcanion|Volcanion|100\/100\n|move|p1a: cat|Scald|p2a: Volcanion\n|-immune|p2a: Volcanion|[from] ability: Water Absorb\n|\n|-heal|p1a: cat|46\/100 psn|[from] item: Leftovers\n|-damage|p1a: cat|34\/100 psn|[from] psn\n|upkeep\n|turn|6\n|\n|t:|1697487330\n|move|p2a: Volcanion|Earth Power|p1a: cat\n|-damage|p1a: cat|18\/100 psn\n|move|p1a: cat|Wish|p1a: cat\n|\n|-heal|p1a: cat|24\/100 psn|[from] item: Leftovers\n|-damage|p1a: cat|11\/100 psn|[from] psn\n|upkeep\n|turn|7\n|\n|t:|1697487339\n|move|p1a: cat|Protect|p1a: cat\n|-singleturn|p1a: cat|Protect\n|move|p2a: Volcanion|Earth Power|p1a: cat\n|-activate|p1a: cat|move: Protect\n|\n|-heal|p1a: cat|61\/100 psn|[from] move: Wish|[wisher] cat\n|-heal|p1a: cat|68\/100 psn|[from] item: Leftovers\n|-damage|p1a: cat|55\/100 psn|[from] psn\n|upkeep\n|turn|8\n|\n|t:|1697487406\n|switch|p1a: DA CLEAVAH|Kleavor, F|100\/100\n|move|p2a: Volcanion|Earth Power|p1a: DA CLEAVAH\n|-damage|p1a: DA CLEAVAH|61\/100\n|\n|upkeep\n|turn|9\n|\n|t:|1697487423\n|switch|p2a: Great Tusk|Great Tusk|100\/100\n|move|p1a: DA CLEAVAH|Defog|p2a: Great Tusk\n|-unboost|p2a: Great Tusk|evasion|1\n|-sideend|p1: RiddleDog|Toxic Spikes|[from] move: Defog|[of] p1a: DA CLEAVAH\n|\n|upkeep\n|turn|10\n|\n|t:|1697487451\n|move|p1a: DA CLEAVAH|Stone Axe|p2a: Great Tusk\n|-resisted|p2a: Great Tusk\n|-damage|p2a: Great Tusk|93\/100\n|-sidestart|p2: Charbotron|move: Stealth Rock\n|move|p2a: Great Tusk|Headlong Rush|p1a: DA CLEAVAH\n|-damage|p1a: DA CLEAVAH|0 fnt\n|-unboost|p2a: Great Tusk|def|1\n|-unboost|p2a: Great Tusk|spd|1\n|faint|p1a: DA CLEAVAH\n|\n|upkeep\n|\n|t:|1697487465\n|switch|p1a: Matthew|Chi-Yu|100\/100\n|-ability|p1a: Matthew|Beads of Ruin\n|turn|11\n|\n|t:|1697487478\n|-end|p2a: Great Tusk|Protosynthesis|[silent]\n|switch|p2a: Volcanion|Volcanion|100\/100\n|move|p1a: Matthew|Dark Pulse|p2a: Volcanion\n|-damage|p2a: Volcanion|58\/100\n|\n|upkeep\n|turn|12\n|\n|t:|1697487557\n|switch|p1a: Ralph|Iron Treads|100\/100\n|-enditem|p1a: Ralph|Booster Energy\n|-activate|p1a: Ralph|ability: Quark Drive|[fromitem]\n|-start|p1a: Ralph|quarkdrivespe\n|move|p2a: Volcanion|Steam Eruption|p1a: Ralph\n|-supereffective|p1a: Ralph\n|-crit|p1a: Ralph\n|-damage|p1a: Ralph|0 fnt\n|faint|p1a: Ralph\n|-end|p1a: Ralph|Quark Drive|[silent]\n|\n|upkeep\n|\n|t:|1697487581\n|switch|p1a: Ribble|Dachsbun, M|100\/100\n|turn|13\n|\n|t:|1697487592\n|move|p1a: Ribble|Shadow Ball|p2a: Volcanion\n|-damage|p2a: Volcanion|27\/100\n|move|p2a: Volcanion|Sludge Bomb|p1a: Ribble\n|-resisted|p1a: Ribble\n|-damage|p1a: Ribble|74\/100\n|replace|p1a: Henri|Zoroark-Hisui, M\n|-end|p1a: Henri|Illusion\n|\n|upkeep\n|turn|14\n|\n|t:|1697487611\n|switch|p2a: Torkoal|Torkoal, M|100\/100\n|-damage|p2a: Torkoal|76\/100|[from] Stealth Rock\n|-weather|SunnyDay|[from] ability: Drought|[of] p2a: Torkoal\n|move|p1a: Henri|Shadow Ball|p2a: Torkoal\n|-damage|p2a: Torkoal|25\/100\n|\n|-weather|SunnyDay|[upkeep]\n|upkeep\n|turn|15\n|\n|t:|1697487654\n|move|p1a: Henri|Shadow Ball|p2a: Torkoal\n|-damage|p2a: Torkoal|0 fnt\n|faint|p2a: Torkoal\n|\n|-weather|SunnyDay|[upkeep]\n|upkeep\n|\n|t:|1697487659\n|switch|p2a: Walking Wake|Walking Wake|100\/100\n|-damage|p2a: Walking Wake|88\/100|[from] Stealth Rock\n|-activate|p2a: Walking Wake|ability: Protosynthesis\n|-start|p2a: Walking Wake|protosynthesisspe\n|turn|16\n|\n|t:|1697487731\n|switch|p1a: Ribble|Dachsbun, M|100\/100\n|move|p2a: Walking Wake|Dragon Pulse|p1a: Ribble\n|-immune|p1a: Ribble\n|\n|-weather|SunnyDay|[upkeep]\n|upkeep\n|turn|17\n|\n|t:|1697487760\n|-end|p2a: Walking Wake|Protosynthesis|[silent]\n|switch|p2a: Great Tusk|Great Tusk|93\/100\n|-damage|p2a: Great Tusk|90\/100|[from] Stealth Rock\n|-activate|p2a: Great Tusk|ability: Protosynthesis\n|-start|p2a: Great Tusk|protosynthesisatk\n|move|p1a: Ribble|Play Rough|p2a: Great Tusk\n|-supereffective|p2a: Great Tusk\n|-damage|p2a: Great Tusk|50\/100\n|-damage|p1a: Ribble|91\/100|[from] item: Life Orb\n|\n|-weather|SunnyDay|[upkeep]\n|upkeep\n|turn|18\n|\n|t:|1697487775\n|move|p1a: Ribble|Play Rough|p2a: Great Tusk|[miss]\n|-miss|p1a: Ribble|p2a: Great Tusk\n|move|p2a: Great Tusk|Headlong Rush|p1a: Ribble\n|-damage|p1a: Ribble|0 fnt\n|-unboost|p2a: Great Tusk|def|1\n|-unboost|p2a: Great Tusk|spd|1\n|faint|p1a: Ribble\n|\n|-weather|SunnyDay|[upkeep]\n|upkeep\n|j| RektCactus\n|c| RektCactus|Oof\n|\n|t:|1697487815\n|switch|p1a: Matthew|Chi-Yu|100\/100\n|-ability|p1a: Matthew|Beads of Ruin\n|turn|19\n|l| RektCactus\n|\n|t:|1697487853\n|move|p1a: Matthew|Dark Pulse|p2a: Great Tusk\n|-resisted|p2a: Great Tusk\n|-damage|p2a: Great Tusk|0 fnt\n|faint|p2a: Great Tusk\n|-end|p2a: Great Tusk|Protosynthesis|[silent]\n|\n|-weather|SunnyDay|[upkeep]\n|upkeep\n|\n|t:|1697487866\n|switch|p2a: Iron Moth|Iron Moth|31\/100\n|-damage|p2a: Iron Moth|6\/100|[from] Stealth Rock\n|turn|20\n|\n|t:|1697487875\n|-terastallize|p2a: Iron Moth|Fairy\n|move|p2a: Iron Moth|Dazzling Gleam|p1a: Matthew\n|-damage|p1a: Matthew|51\/100\n|move|p1a: Matthew|Dark Pulse|p2a: Iron Moth\n|-resisted|p2a: Iron Moth\n|-damage|p2a: Iron Moth|0 fnt\n|faint|p2a: Iron Moth\n|-end|p2a: Iron Moth|Quark Drive|[silent]\n|\n|-weather|SunnyDay|[upkeep]\n|upkeep\n|\n|t:|1697487887\n|switch|p2a: Walking Wake|Walking Wake|88\/100\n|-damage|p2a: Walking Wake|76\/100|[from] Stealth Rock\n|-activate|p2a: Walking Wake|ability: Protosynthesis\n|-start|p2a: Walking Wake|protosynthesisspe\n|turn|21\n|j| RektCactus\n|l| RektCactus\n|j| RektCactus\n|\n|t:|1697487925\n|switch|p1a: cat|Vaporeon, M|55\/100 psn\n|move|p2a: Walking Wake|Dragon Pulse|p1a: cat\n|-crit|p1a: cat\n|-damage|p1a: cat|10\/100 psn\n|\n|-weather|none\n|-end|p2a: Walking Wake|Protosynthesis\n|-heal|p1a: cat|17\/100 psn|[from] item: Leftovers\n|-damage|p1a: cat|4\/100 psn|[from] psn\n|upkeep\n|turn|22\n|c| RektCactus|How many crits will happen 0-0\n|c| Wha1efish|all good\n|c| Wha1efish|matthew lives\n|\n|t:|1697487964\n|move|p2a: Walking Wake|Dragon Pulse|p1a: cat\n|-damage|p1a: cat|0 fnt\n|faint|p1a: cat\n|\n|upkeep\n|\n|t:|1697487971\n|switch|p1a: Matthew|Chi-Yu|74\/100\n|turn|23\n|\n|t:|1697487986\n|move|p1a: Matthew|Shadow Ball|p2a: Walking Wake\n|-damage|p2a: Walking Wake|43\/100\n|move|p2a: Walking Wake|Hydro Steam|p1a: Matthew\n|-damage|p1a: Matthew|0 fnt\n|replace|p1a: Henri|Zoroark-Hisui, M\n|-end|p1a: Henri|Illusion\n|faint|p1a: Henri\n|\n|upkeep\n|\n|t:|1697487995\n|switch|p1a: Matthew|Chi-Yu|51\/100\n|-ability|p1a: Matthew|Beads of Ruin\n|turn|24\n|\n|t:|1697488007\n|move|p1a: Matthew|Dark Pulse|p2a: Walking Wake\n|-damage|p2a: Walking Wake|0 fnt\n|faint|p2a: Walking Wake\n|-end|p2a: Walking Wake|Protosynthesis|[silent]\n|\n|upkeep\n|\n|t:|1697488011\n|switch|p2a: Volcanion|Volcanion|27\/100\n|turn|25\n|\n|t:|1697488015\n|move|p1a: Matthew|Dark Pulse|p2a: Volcanion\n|-damage|p2a: Volcanion|0 fnt\n|faint|p2a: Volcanion\n|\n|win|RiddleDog\n|c| RektCactus|MATTHEW\n|l| RektCactus\n|j| RektCactus\n|l| rustygoomba\n|l| RektCactus\n|j| rustygoomba\n|l| Wha1efish\n","uploadtime":1697488131,"views":9,"p1id":"riddledog","p2id":"charbotron","formatid":"gen9ubers","rating":0,"private":0,"password":""}