{"id":"gen9ubers-1973643110","p1":"TooQuickGrim","p2":"Mike Bonobo","format":"[Gen 9] Ubers","log":"|j|\u2606TooQuickGrim\n|j|\u2606Mike Bonobo\n|t:|1697999110\n|gametype|singles\n|player|p1|TooQuickGrim|dancer|\n|player|p2|Mike Bonobo|swimmer-gen4dp|\n|teamsize|p1|6\n|teamsize|p2|6\n|gen|9\n|tier|[Gen 9] Ubers\n|rule|Sleep Clause Mod: Limit one foe put to sleep\n|rule|Species Clause: Limit one of each Pok\u00e9mon\n|rule|OHKO Clause: OHKO moves are banned\n|rule|Evasion Items Clause: Evasion items are banned\n|rule|Evasion Moves Clause: Evasion moves are banned\n|rule|Endless Battle Clause: Forcing endless battles is banned\n|rule|HP Percentage Mod: HP is shown in percentages\n|clearpoke\n|poke|p1|Arceus-Grass|\n|poke|p1|Chi-Yu|\n|poke|p1|Groudon|\n|poke|p1|Annihilape, M|\n|poke|p1|Espathra, F|\n|poke|p1|Volcarona, F|\n|poke|p2|Koraidon|\n|poke|p2|Chi-Yu|\n|poke|p2|Flutter Mane|\n|poke|p2|Ursaluna-Bloodmoon, M|\n|poke|p2|Dachsbun, M|\n|poke|p2|Corviknight, M|\n|teampreview\n|l|\u2606TooQuickGrim\n|player|p1|\n|j|\u2606TooQuickGrim\n|player|p1|TooQuickGrim|dancer\n|\n|t:|1697999237\n|start\n|switch|p1a: Beep Beep|Espathra, F|100\/100\n|switch|p2a: Koraidon|Koraidon|100\/100\n|-weather|SunnyDay|[from] ability: Orichalcum Pulse|[of] p2a: Koraidon\n|-activate|p2a: Koraidon|Orichalcum Pulse|[source]\n|turn|1\n|\n|t:|1697999257\n|move|p1a: Beep Beep|Protect|p1a: Beep Beep\n|-singleturn|p1a: Beep Beep|Protect\n|move|p2a: Koraidon|U-turn|p1a: Beep Beep\n|-activate|p1a: Beep Beep|move: Protect\n|\n|-weather|SunnyDay|[upkeep]\n|-ability|p1a: Beep Beep|Speed Boost|boost\n|-boost|p1a: Beep Beep|spe|1\n|upkeep\n|turn|2\n|\n|t:|1697999274\n|move|p2a: Koraidon|U-turn|p1a: Beep Beep\n|-supereffective|p1a: Beep Beep\n|-crit|p1a: Beep Beep\n|-enditem|p1a: Beep Beep|Focus Sash\n|-damage|p1a: Beep Beep|1\/100\n|\n|t:|1697999285\n|switch|p2a: Corviknight|Corviknight, M|100\/100|[from] U-turn\n|-ability|p2a: Corviknight|Pressure\n|move|p1a: Beep Beep|Substitute|p1a: Beep Beep\n|-fail|p1a: Beep Beep|move: Substitute|[weak]\n|\n|-weather|SunnyDay|[upkeep]\n|-ability|p1a: Beep Beep|Speed Boost|boost\n|-boost|p1a: Beep Beep|spe|1\n|upkeep\n|turn|3\n|\n|t:|1697999298\n|move|p1a: Beep Beep|Lumina Crash|p2a: Corviknight\n|-resisted|p2a: Corviknight\n|-damage|p2a: Corviknight|88\/100\n|-unboost|p2a: Corviknight|spd|2\n|move|p2a: Corviknight|U-turn|p1a: Beep Beep\n|-supereffective|p1a: Beep Beep\n|-damage|p1a: Beep Beep|0 fnt\n|faint|p1a: Beep Beep\n|\n|t:|1697999310\n|switch|p2a: Dachsbun|Dachsbun, M|100\/100|[from] U-turn\n|\n|-weather|SunnyDay|[upkeep]\n|upkeep\n|\n|t:|1697999329\n|switch|p1a: Gang Green|Arceus-Grass|100\/100\n|turn|4\n|\n|t:|1697999340\n|move|p1a: Gang Green|Calm Mind|p1a: Gang Green\n|-boost|p1a: Gang Green|spa|1\n|-boost|p1a: Gang Green|spd|1\n|move|p2a: Dachsbun|Wish|p2a: Dachsbun\n|\n|-weather|SunnyDay|[upkeep]\n|upkeep\n|turn|5\n|\n|t:|1697999353\n|switch|p2a: Chi-Yu|Chi-Yu|100\/100\n|-ability|p2a: Chi-Yu|Beads of Ruin\n|move|p1a: Gang Green|Judgment|p2a: Chi-Yu\n|-resisted|p2a: Chi-Yu\n|-damage|p2a: Chi-Yu|46\/100\n|\n|-weather|none\n|-heal|p2a: Chi-Yu|100\/100|[from] move: Wish|[wisher] Dachsbun\n|upkeep\n|turn|6\n|\n|t:|1697999384\n|switch|p1a: You\u2019re Grounded|Groudon|100\/100\n|-weather|SunnyDay|[from] ability: Drought|[of] p1a: You\u2019re Grounded\n|move|p2a: Chi-Yu|Fire Blast|p1a: You\u2019re Grounded|[miss]\n|-miss|p2a: Chi-Yu|p1a: You\u2019re Grounded\n|\n|-weather|SunnyDay|[upkeep]\n|upkeep\n|turn|7\n|\n|t:|1697999411\n|switch|p2a: Dachsbun|Dachsbun, M|100\/100\n|move|p1a: You\u2019re Grounded|Stealth Rock|p2a: Dachsbun\n|-sidestart|p2: Mike Bonobo|move: Stealth Rock\n|\n|-weather|SunnyDay|[upkeep]\n|upkeep\n|turn|8\n|\n|t:|1697999423\n|move|p2a: Dachsbun|Play Rough|p1a: You\u2019re Grounded\n|-damage|p1a: You\u2019re Grounded|83\/100\n|-unboost|p1a: You\u2019re Grounded|atk|1\n|move|p1a: You\u2019re Grounded|Bulk Up|p1a: You\u2019re Grounded\n|-boost|p1a: You\u2019re Grounded|atk|1\n|-boost|p1a: You\u2019re Grounded|def|1\n|\n|-weather|SunnyDay|[upkeep]\n|upkeep\n|turn|9\n|\n|t:|1697999450\n|move|p2a: Dachsbun|Wish|p2a: Dachsbun\n|move|p1a: You\u2019re Grounded|Bulk Up|p1a: You\u2019re Grounded\n|-boost|p1a: You\u2019re Grounded|atk|1\n|-boost|p1a: You\u2019re Grounded|def|1\n|\n|-weather|SunnyDay|[upkeep]\n|upkeep\n|turn|10\n|\n|t:|1697999460\n|switch|p2a: Corviknight|Corviknight, M|88\/100\n|-damage|p2a: Corviknight|76\/100|[from] Stealth Rock\n|-ability|p2a: Corviknight|Pressure\n|move|p1a: You\u2019re Grounded|Bulk Up|p1a: You\u2019re Grounded\n|-boost|p1a: You\u2019re Grounded|atk|1\n|-boost|p1a: You\u2019re Grounded|def|1\n|\n|-weather|none\n|-heal|p2a: Corviknight|100\/100|[from] move: Wish|[wisher] Dachsbun\n|upkeep\n|turn|11\n|\n|t:|1697999491\n|-terastallize|p1a: You\u2019re Grounded|Fire\n|move|p1a: You\u2019re Grounded|Fire Punch|p2a: Corviknight\n|-supereffective|p2a: Corviknight\n|-damage|p2a: Corviknight|0 fnt\n|faint|p2a: Corviknight\n|\n|upkeep\n|\n|t:|1697999523\n|switch|p2a: Flutter Mane|Flutter Mane|100\/100\n|-damage|p2a: Flutter Mane|88\/100|[from] Stealth Rock\n|-enditem|p2a: Flutter Mane|Booster Energy\n|-activate|p2a: Flutter Mane|ability: Protosynthesis|[fromitem]\n|-start|p2a: Flutter Mane|protosynthesisspe\n|turn|12\n|\n|t:|1697999540\n|move|p2a: Flutter Mane|Moonblast|p1a: You\u2019re Grounded\n|-resisted|p1a: You\u2019re Grounded\n|-damage|p1a: You\u2019re Grounded|59\/100\n|-unboost|p1a: You\u2019re Grounded|spa|1\n|move|p1a: You\u2019re Grounded|Fire Punch|p2a: Flutter Mane\n|-damage|p2a: Flutter Mane|0 fnt\n|faint|p2a: Flutter Mane\n|-end|p2a: Flutter Mane|Protosynthesis|[silent]\n|\n|upkeep\n|\n|t:|1697999552\n|switch|p2a: Dachsbun|Dachsbun, M|100\/100\n|-damage|p2a: Dachsbun|88\/100|[from] Stealth Rock\n|turn|13\n|\n|t:|1697999562\n|move|p2a: Dachsbun|Play Rough|p1a: You\u2019re Grounded\n|-resisted|p1a: You\u2019re Grounded\n|-damage|p1a: You\u2019re Grounded|56\/100\n|move|p1a: You\u2019re Grounded|Earthquake|p2a: Dachsbun\n|-damage|p2a: Dachsbun|4\/100\n|\n|upkeep\n|turn|14\n|\n|t:|1697999594\n|move|p2a: Dachsbun|Wish|p2a: Dachsbun\n|move|p1a: You\u2019re Grounded|Earthquake|p2a: Dachsbun\n|-damage|p2a: Dachsbun|0 fnt\n|faint|p2a: Dachsbun\n|\n|upkeep\n|\n|t:|1697999601\n|switch|p2a: Ursaluna|Ursaluna-Bloodmoon, M|100\/100\n|-damage|p2a: Ursaluna|94\/100|[from] Stealth Rock\n|turn|15\n|\n|t:|1697999615\n|move|p1a: You\u2019re Grounded|Fire Punch|p2a: Ursaluna\n|-damage|p2a: Ursaluna|32\/100\n|move|p2a: Ursaluna|Blood Moon|p1a: You\u2019re Grounded\n|-damage|p1a: You\u2019re Grounded|0 fnt\n|faint|p1a: You\u2019re Grounded\n|\n|-heal|p2a: Ursaluna|69\/100|[from] move: Wish|[wisher] Dachsbun\n|-heal|p2a: Ursaluna|75\/100|[from] item: Leftovers\n|upkeep\n|\n|t:|1697999626\n|switch|p1a: Gang Green|Arceus-Grass|100\/100\n|turn|16\n|\n|t:|1697999644\n|switch|p2a: Koraidon|Koraidon|100\/100\n|-damage|p2a: Koraidon|94\/100|[from] Stealth Rock\n|-weather|SunnyDay|[from] ability: Orichalcum Pulse|[of] p2a: Koraidon\n|-activate|p2a: Koraidon|Orichalcum Pulse|[source]\n|move|p1a: Gang Green|Judgment|p2a: Koraidon\n|-resisted|p2a: Koraidon\n|-damage|p2a: Koraidon|66\/100\n|\n|-weather|SunnyDay|[upkeep]\n|upkeep\n|turn|17\n|\n|t:|1697999674\n|switch|p1a: Great Ape Vegeta|Annihilape, M|100\/100\n|move|p2a: Koraidon|Dragon Claw|p1a: Great Ape Vegeta\n|-damage|p1a: Great Ape Vegeta|45\/100\n|-enditem|p1a: Great Ape Vegeta|Sitrus Berry|[eat]\n|-heal|p1a: Great Ape Vegeta|70\/100|[from] item: Sitrus Berry\n|\n|-weather|SunnyDay|[upkeep]\n|upkeep\n|turn|18\n|\n|t:|1697999695\n|switch|p2a: Ursaluna|Ursaluna-Bloodmoon, M|75\/100\n|-damage|p2a: Ursaluna|69\/100|[from] Stealth Rock\n|move|p1a: Great Ape Vegeta|Curse|p2a: Ursaluna\n|-start|p2a: Ursaluna|Curse|[of] p1a: Great Ape Vegeta\n|-damage|p1a: Great Ape Vegeta|20\/100\n|\n|-weather|SunnyDay|[upkeep]\n|-heal|p2a: Ursaluna|75\/100|[from] item: Leftovers\n|-damage|p2a: Ursaluna|50\/100|[from] Curse\n|upkeep\n|turn|19\n|\n|t:|1697999720\n|switch|p2a: Koraidon|Koraidon|66\/100\n|-damage|p2a: Koraidon|60\/100|[from] Stealth Rock\n|-activate|p2a: Koraidon|ability: Orichalcum Pulse\n|move|p1a: Great Ape Vegeta|Drain Punch|p2a: Koraidon\n|-damage|p2a: Koraidon|25\/100\n|-heal|p1a: Great Ape Vegeta|34\/100|[from] drain|[of] p2a: Koraidon\n|\n|-weather|SunnyDay|[upkeep]\n|upkeep\n|turn|20\n|\n|t:|1697999739\n|move|p2a: Koraidon|Dragon Claw|p1a: Great Ape Vegeta\n|-damage|p1a: Great Ape Vegeta|0 fnt\n|faint|p1a: Great Ape Vegeta\n|\n|-weather|none\n|upkeep\n|\n|t:|1697999752\n|switch|p1a: Weevil|Volcarona, F|100\/100\n|turn|21\n|\n|t:|1697999765\n|move|p2a: Koraidon|Dragon Claw|p1a: Weevil\n|-damage|p1a: Weevil|28\/100\n|-status|p2a: Koraidon|brn|[from] ability: Flame Body|[of] p1a: Weevil\n|move|p1a: Weevil|Quiver Dance|p1a: Weevil\n|-boost|p1a: Weevil|spa|1\n|-boost|p1a: Weevil|spd|1\n|-boost|p1a: Weevil|spe|1\n|\n|-damage|p2a: Koraidon|19\/100 brn|[from] brn\n|upkeep\n|turn|22\n|\n|t:|1697999785\n|move|p2a: Koraidon|Dragon Claw|p1a: Weevil\n|-damage|p1a: Weevil|0 fnt\n|faint|p1a: Weevil\n|\n|-damage|p2a: Koraidon|13\/100 brn|[from] brn\n|upkeep\n|\n|t:|1697999795\n|switch|p1a: Gang Green|Arceus-Grass|100\/100\n|turn|23\n|\n|t:|1697999807\n|switch|p2a: Chi-Yu|Chi-Yu|100\/100\n|-damage|p2a: Chi-Yu|76\/100|[from] Stealth Rock\n|-ability|p2a: Chi-Yu|Beads of Ruin\n|move|p1a: Gang Green|Judgment|p2a: Chi-Yu\n|-resisted|p2a: Chi-Yu\n|-damage|p2a: Chi-Yu|43\/100\n|\n|upkeep\n|turn|24\n|\n|t:|1697999824\n|switch|p1a: Pyro Chaos 0|Chi-Yu|100\/100\n|-ability|p1a: Pyro Chaos 0|Beads of Ruin\n|-terastallize|p2a: Chi-Yu|Fire\n|move|p2a: Chi-Yu|Overheat|p1a: Pyro Chaos 0\n|-resisted|p1a: Pyro Chaos 0\n|-damage|p1a: Pyro Chaos 0|57\/100\n|-unboost|p2a: Chi-Yu|spa|2\n|\n|upkeep\n|turn|25\n|\n|t:|1697999847\n|move|p2a: Chi-Yu|Overheat|p1a: Pyro Chaos 0\n|-resisted|p1a: Pyro Chaos 0\n|-damage|p1a: Pyro Chaos 0|35\/100\n|-unboost|p2a: Chi-Yu|spa|2\n|move|p1a: Pyro Chaos 0|Psychic|p2a: Chi-Yu\n|-damage|p2a: Chi-Yu|8\/100\n|\n|upkeep\n|turn|26\n|\n|t:|1697999858\n|move|p2a: Chi-Yu|Overheat|p1a: Pyro Chaos 0\n|-resisted|p1a: Pyro Chaos 0\n|-damage|p1a: Pyro Chaos 0|19\/100\n|-unboost|p2a: Chi-Yu|spa|2\n|move|p1a: Pyro Chaos 0|Snarl|p2a: Chi-Yu\n|-crit|p2a: Chi-Yu\n|-damage|p2a: Chi-Yu|0 fnt\n|faint|p2a: Chi-Yu\n|\n|upkeep\n|\n|t:|1697999866\n|switch|p2a: Ursaluna|Ursaluna-Bloodmoon, M|50\/100\n|-damage|p2a: Ursaluna|44\/100|[from] Stealth Rock\n|turn|27\n|\n|t:|1697999879\n|move|p1a: Pyro Chaos 0|Psychic|p2a: Ursaluna\n|-damage|p2a: Ursaluna|0 fnt\n|faint|p2a: Ursaluna\n|\n|upkeep\n|\n|t:|1697999884\n|switch|p2a: Koraidon|Koraidon|13\/100 brn\n|-damage|p2a: Koraidon|6\/100 brn|[from] Stealth Rock\n|-weather|SunnyDay|[from] ability: Orichalcum Pulse|[of] p2a: Koraidon\n|-activate|p2a: Koraidon|Orichalcum Pulse|[source]\n|turn|28\n|\n|t:|1697999896\n|move|p2a: Koraidon|Collision Course|p1a: Pyro Chaos 0\n|-supereffective|p1a: Pyro Chaos 0\n|-damage|p1a: Pyro Chaos 0|0 fnt\n|faint|p1a: Pyro Chaos 0\n|\n|-weather|SunnyDay|[upkeep]\n|-damage|p2a: Koraidon|0 fnt|[from] brn\n|faint|p2a: Koraidon\n|\n|win|TooQuickGrim\n|upkeep\n|c|\u2606Mike Bonobo|gg\n|c|\u2606TooQuickGrim|Gg\n|l|\u2606TooQuickGrim\n","uploadtime":1697999952,"views":23,"p1id":"tooquickgrim","p2id":"mikebonobo","formatid":"gen9ubers","rating":0,"private":0,"password":""}