{"id":"gen9ubers-1978576681","p1":"PinkScourge","p2":"DangerLeaderLizana","format":"[Gen 9] Ubers","log":"|j|\u2606PinkScourge\n|j|\u2606DangerLeaderLizana\n|t:|1698559102\n|gametype|singles\n|player|p1|PinkScourge|bede-leader|\n|player|p2|DangerLeaderLizana|101|\n|teamsize|p1|6\n|teamsize|p2|6\n|gen|9\n|tier|[Gen 9] Ubers\n|rule|Sleep Clause Mod: Limit one foe put to sleep\n|rule|Species Clause: Limit one of each Pok\u00e9mon\n|rule|OHKO Clause: OHKO moves are banned\n|rule|Evasion Items Clause: Evasion items are banned\n|rule|Evasion Moves Clause: Evasion moves are banned\n|rule|Endless Battle Clause: Forcing endless battles is banned\n|rule|HP Percentage Mod: HP is shown in percentages\n|clearpoke\n|poke|p1|Indeedee-F, F|\n|poke|p1|Arceus-Psychic|\n|poke|p1|Palkia|\n|poke|p1|Alomomola, F|\n|poke|p1|Mandibuzz, F|\n|poke|p1|Slowking-Galar, F|\n|poke|p2|Zacian-*|\n|poke|p2|Zamazenta-*|\n|poke|p2|Palafin, M|\n|poke|p2|Cyclizar, F|\n|poke|p2|Palkia-Origin|\n|poke|p2|Enamorus-Therian, F|\n|teampreview\n|inactive|Battle timer is ON: inactive players will automatically lose when time's up. (requested by PinkScourge)\n|\n|t:|1698559110\n|start\n|switch|p1a: Arceus|Arceus-Psychic|100\/100\n|switch|p2a: Palafin|Palafin, M|100\/100\n|turn|1\n|\n|t:|1698559114\n|move|p2a: Palafin|Flip Turn|p1a: Arceus\n|-damage|p1a: Arceus|78\/100\n|\n|t:|1698559117\n|detailschange|p2a: Palafin|Palafin-Hero, M\n|switch|p2a: Cyclizar|Cyclizar, F|100\/100|[from] Flip Turn\n|move|p1a: Arceus|Future Sight|p2a: Cyclizar\n|-start|p1a: Arceus|move: Future Sight\n|\n|upkeep\n|turn|2\n|\n|t:|1698559123\n|move|p2a: Cyclizar|Shed Tail|p2a: Cyclizar\n|-start|p2a: Cyclizar|Substitute|[from] move: Shed Tail\n|-damage|p2a: Cyclizar|50\/100\n|\n|t:|1698559128\n|switch|p2a: Zacian|Zacian|100\/100|[from] Shed Tail\n|-ability|p2a: Zacian|Intrepid Sword|boost\n|-boost|p2a: Zacian|atk|1\n|move|p1a: Arceus|Perish Song|p1a: Arceus\n|-start|p1a: Arceus|perish3|[silent]\n|-start|p2a: Zacian|perish3|[silent]\n|-fieldactivate|move: Perish Song\n|\n|-start|p2a: Zacian|perish3\n|-start|p1a: Arceus|perish3\n|upkeep\n|turn|3\n|\n|t:|1698559138\n|switch|p1a: Slowking|Slowking-Galar, F|100\/100\n|move|p2a: Zacian|Swords Dance|p2a: Zacian\n|-boost|p2a: Zacian|atk|2\n|\n|-end|p2a: Zacian|move: Future Sight\n|-end|p2a: Zacian|Substitute\n|-start|p2a: Zacian|perish2\n|upkeep\n|turn|4\n|\n|t:|1698559149\n|-terastallize|p2a: Zacian|Fire\n|move|p2a: Zacian|Tera Blast|p1a: Slowking|[anim] Tera Blast Fire\n|-damage|p1a: Slowking|0 fnt\n|faint|p1a: Slowking\n|\n|-start|p2a: Zacian|perish1\n|upkeep\n|\n|t:|1698559161\n|switch|p1a: Alomomola|Alomomola, F|100\/100\n|turn|5\n|\n|t:|1698559166\n|switch|p2a: Enamorus|Enamorus-Therian, F|100\/100\n|move|p1a: Alomomola|Flip Turn|p2a: Enamorus\n|-damage|p2a: Enamorus|86\/100\n|\n|t:|1698559176\n|switch|p1a: Palkia|Palkia|100\/100|[from] Flip Turn\n|-ability|p1a: Palkia|Pressure\n|\n|-heal|p2a: Enamorus|92\/100|[from] item: Leftovers\n|upkeep\n|turn|6\n|\n|t:|1698559185\n|-terastallize|p1a: Palkia|Water\n|move|p1a: Palkia|Surf|p2a: Enamorus\n|-damage|p2a: Enamorus|0 fnt\n|faint|p2a: Enamorus\n|\n|upkeep\n|\n|t:|1698559189\n|switch|p2a: Palafin|Palafin-Hero, M|100\/100\n|-activate|p2a: Palafin|ability: Zero to Hero\n|turn|7\n|\n|t:|1698559194\n|switch|p1a: Alomomola|Alomomola, F|100\/100\n|move|p2a: Palafin|Close Combat|p1a: Alomomola\n|-damage|p1a: Alomomola|53\/100\n|-unboost|p2a: Palafin|def|1\n|-unboost|p2a: Palafin|spd|1\n|-damage|p2a: Palafin|84\/100|[from] item: Rocky Helmet|[of] p1a: Alomomola\n|\n|upkeep\n|turn|8\n|\n|t:|1698559199\n|switch|p2a: Cyclizar|Cyclizar, F|84\/100\n|move|p1a: Alomomola|Wish|p1a: Alomomola\n|\n|upkeep\n|turn|9\n|\n|t:|1698559202\n|move|p2a: Cyclizar|Shed Tail|p2a: Cyclizar\n|-start|p2a: Cyclizar|Substitute|[from] move: Shed Tail\n|-damage|p2a: Cyclizar|33\/100\n|\n|t:|1698559205\n|switch|p2a: Zamazenta|Zamazenta|100\/100|[from] Shed Tail\n|-ability|p2a: Zamazenta|Dauntless Shield|boost\n|-boost|p2a: Zamazenta|def|1\n|move|p1a: Alomomola|Flip Turn|p2a: Zamazenta\n|-activate|p2a: Zamazenta|move: Substitute|[damage]\n|\n|t:|1698559209\n|switch|p1a: Arceus|Arceus-Psychic|78\/100|[from] Flip Turn\n|\n|-heal|p1a: Arceus|100\/100|[from] move: Wish|[wisher] Alomomola\n|upkeep\n|turn|10\n|\n|t:|1698559214\n|move|p2a: Zamazenta|Crunch|p1a: Arceus\n|-supereffective|p1a: Arceus\n|-damage|p1a: Arceus|50\/100\n|-unboost|p1a: Arceus|def|1\n|move|p1a: Arceus|Future Sight|p2a: Zamazenta\n|-start|p1a: Arceus|move: Future Sight\n|\n|upkeep\n|turn|11\n|\n|t:|1698559225\n|switch|p1a: Alomomola|Alomomola, F|86\/100\n|move|p2a: Zamazenta|Crunch|p1a: Alomomola\n|-damage|p1a: Alomomola|62\/100\n|-damage|p2a: Zamazenta|84\/100|[from] item: Rocky Helmet|[of] p1a: Alomomola\n|\n|upkeep\n|turn|12\n|\n|t:|1698559233\n|switch|p2a: Palkia|Palkia-Origin|100\/100\n|-ability|p2a: Palkia|Pressure\n|move|p1a: Alomomola|Wish|p1a: Alomomola\n|\n|-end|p2a: Palkia|move: Future Sight\n|-damage|p2a: Palkia|41\/100\n|upkeep\n|turn|13\n|\n|t:|1698559246\n|move|p1a: Alomomola|Protect|p1a: Alomomola\n|-singleturn|p1a: Alomomola|Protect\n|move|p2a: Palkia|Substitute|p2a: Palkia\n|-start|p2a: Palkia|Substitute\n|-damage|p2a: Palkia|16\/100\n|\n|-heal|p1a: Alomomola|100\/100|[from] move: Wish|[wisher] Alomomola\n|upkeep\n|turn|14\n|\n|t:|1698559251\n|move|p2a: Palkia|Spacial Rend|p1a: Alomomola\n|-damage|p1a: Alomomola|40\/100\n|move|p1a: Alomomola|Wish|p1a: Alomomola\n|\n|upkeep\n|turn|15\n|\n|t:|1698559264\n|switch|p1a: Mandibuzz|Mandibuzz, F|100\/100\n|move|p2a: Palkia|Spacial Rend|p1a: Mandibuzz\n|-damage|p1a: Mandibuzz|61\/100\n|\n|-heal|p1a: Mandibuzz|100\/100|[from] move: Wish|[wisher] Alomomola\n|upkeep\n|turn|16\n|\n|t:|1698559272\n|move|p2a: Palkia|Spacial Rend|p1a: Mandibuzz\n|-damage|p1a: Mandibuzz|57\/100\n|move|p1a: Mandibuzz|Foul Play|p2a: Palkia\n|-end|p2a: Palkia|Substitute\n|\n|upkeep\n|turn|17\n|\n|t:|1698559279\n|move|p2a: Palkia|Hydro Pump|p1a: Mandibuzz\n|-damage|p1a: Mandibuzz|11\/100\n|move|p1a: Mandibuzz|U-turn|p2a: Palkia\n|-damage|p2a: Palkia|4\/100\n|\n|t:|1698559293\n|switch|p1a: Alomomola|Alomomola, F|73\/100|[from] U-turn\n|\n|upkeep\n|turn|18\n|\n|t:|1698559296\n|move|p2a: Palkia|Spacial Rend|p1a: Alomomola\n|-damage|p1a: Alomomola|11\/100\n|move|p1a: Alomomola|Flip Turn|p2a: Palkia\n|-resisted|p2a: Palkia\n|-damage|p2a: Palkia|0 fnt\n|faint|p2a: Palkia\n|\n|t:|1698559307\n|switch|p1a: Indeedee|Indeedee-F, F|100\/100|[from] Flip Turn\n|-fieldstart|move: Psychic Terrain|[from] ability: Psychic Surge|[of] p1a: Indeedee\n|\n|upkeep\n|\n|t:|1698559317\n|switch|p2a: Palafin|Palafin-Hero, M|84\/100\n|turn|19\n|\n|t:|1698559326\n|switch|p1a: Mandibuzz|Mandibuzz, F|11\/100\n|move|p2a: Palafin|Flip Turn|p1a: Mandibuzz\n|-damage|p1a: Mandibuzz|0 fnt\n|faint|p1a: Mandibuzz\n|\n|t:|1698559329\n|switch|p2a: Cyclizar|Cyclizar, F|67\/100|[from] Flip Turn\n|\n|upkeep\n|\n|t:|1698559334\n|switch|p1a: Arceus|Arceus-Psychic|50\/100\n|turn|20\n|\n|t:|1698559336\n|move|p2a: Cyclizar|Knock Off|p1a: Arceus\n|-supereffective|p1a: Arceus\n|-damage|p1a: Arceus|32\/100\n|move|p1a: Arceus|Future Sight|p2a: Cyclizar\n|-start|p1a: Arceus|move: Future Sight\n|\n|upkeep\n|turn|21\n|\n|t:|1698559340\n|move|p2a: Cyclizar|Shed Tail|p2a: Cyclizar\n|-start|p2a: Cyclizar|Substitute|[from] move: Shed Tail\n|-damage|p2a: Cyclizar|17\/100\n|\n|t:|1698559343\n|switch|p2a: Zamazenta|Zamazenta|84\/100|[from] Shed Tail\n|move|p1a: Arceus|Recover|p1a: Arceus\n|-heal|p1a: Arceus|82\/100\n|\n|upkeep\n|turn|22\n|\n|t:|1698559353\n|switch|p1a: Alomomola|Alomomola, F|44\/100\n|move|p2a: Zamazenta|Crunch|p1a: Alomomola\n|-damage|p1a: Alomomola|20\/100\n|-damage|p2a: Zamazenta|67\/100|[from] item: Rocky Helmet|[of] p1a: Alomomola\n|\n|-end|p2a: Zamazenta|move: Future Sight\n|-supereffective|p2a: Zamazenta\n|-end|p2a: Zamazenta|Substitute\n|upkeep\n|turn|23\n|j| Cw1999\n|\n|t:|1698559364\n|switch|p1a: Palkia|Palkia, tera:Water|100\/100\n|-ability|p1a: Palkia|Pressure\n|move|p2a: Zamazenta|Crunch|p1a: Palkia\n|-damage|p1a: Palkia|62\/100\n|\n|upkeep\n|turn|24\n|\n|t:|1698559372\n|move|p2a: Zamazenta|Crunch|p1a: Palkia\n|-damage|p1a: Palkia|25\/100\n|move|p1a: Palkia|Trick Room|p1a: Palkia\n|-fieldstart|move: Trick Room|[of] p1a: Palkia\n|\n|upkeep\n|turn|25\n|\n|t:|1698559376\n|switch|p2a: Palafin|Palafin-Hero, M|84\/100\n|move|p1a: Palkia|Surf|p2a: Palafin\n|-resisted|p2a: Palafin\n|-damage|p2a: Palafin|43\/100\n|\n|-fieldend|move: Psychic Terrain\n|upkeep\n|turn|26\n|\n|t:|1698559389\n|switch|p1a: Indeedee|Indeedee-F, F|100\/100\n|-fieldstart|move: Psychic Terrain|[from] ability: Psychic Surge|[of] p1a: Indeedee\n|move|p2a: Palafin|Close Combat|p1a: Indeedee\n|-damage|p1a: Indeedee|26\/100\n|-unboost|p2a: Palafin|def|1\n|-unboost|p2a: Palafin|spd|1\n|\n|upkeep\n|turn|27\n|\n|t:|1698559413\n|move|p1a: Indeedee|Healing Wish|p1a: Indeedee\n|faint|p1a: Indeedee\n|move|p2a: Palafin|Close Combat|p1: Indeedee|[notarget]\n|-fail|p2a: Palafin\n|\n|upkeep\n|\n|t:|1698559416\n|switch|p1a: Palkia|Palkia, tera:Water|25\/100\n|-heal|p1a: Palkia|100\/100|[from] move: Healing Wish\n|-ability|p1a: Palkia|Pressure\n|turn|28\n|\n|t:|1698559421\n|move|p1a: Palkia|Spacial Rend|p2a: Palafin\n|-crit|p2a: Palafin\n|-damage|p2a: Palafin|0 fnt\n|faint|p2a: Palafin\n|\n|-fieldend|move: Trick Room\n|upkeep\n|\n|t:|1698559426\n|switch|p2a: Zacian|Zacian, tera:Fire|100\/100\n|turn|29\n|\n|t:|1698559435\n|move|p2a: Zacian|Play Rough|p1a: Palkia\n|-crit|p1a: Palkia\n|-damage|p1a: Palkia|43\/100\n|move|p1a: Palkia|Surf|p2a: Zacian\n|-supereffective|p2a: Zacian\n|-crit|p2a: Zacian\n|-damage|p2a: Zacian|0 fnt\n|faint|p2a: Zacian\n|\n|upkeep\n|\n|t:|1698559438\n|switch|p2a: Zamazenta|Zamazenta|67\/100\n|turn|30\n|\n|t:|1698559447\n|move|p2a: Zamazenta|Crunch|p1a: Palkia\n|-damage|p1a: Palkia|10\/100\n|-unboost|p1a: Palkia|def|1\n|move|p1a: Palkia|Surf|p2a: Zamazenta\n|-damage|p2a: Zamazenta|0 fnt\n|faint|p2a: Zamazenta\n|\n|upkeep\n|\n|t:|1698559450\n|switch|p2a: Cyclizar|Cyclizar, F|50\/100\n|turn|31\n|\n|t:|1698559456\n|switch|p1a: Alomomola|Alomomola, F|54\/100\n|move|p2a: Cyclizar|Knock Off|p1a: Alomomola\n|-damage|p1a: Alomomola|41\/100\n|-damage|p2a: Cyclizar|33\/100|[from] item: Rocky Helmet|[of] p1a: Alomomola\n|-enditem|p1a: Alomomola|Rocky Helmet|[from] move: Knock Off|[of] p2a: Cyclizar\n|\n|upkeep\n|turn|32\n|\n|t:|1698559461\n|move|p2a: Cyclizar|Draco Meteor|p1a: Alomomola\n|-damage|p1a: Alomomola|5\/100\n|-unboost|p2a: Cyclizar|spa|2\n|move|p1a: Alomomola|Wish|p1a: Alomomola\n|\n|upkeep\n|turn|33\n|\n|t:|1698559466\n|switch|p1a: Arceus|Arceus-Psychic|82\/100\n|move|p2a: Cyclizar|Knock Off|p1a: Arceus\n|-supereffective|p1a: Arceus\n|-damage|p1a: Arceus|62\/100\n|\n|-heal|p1a: Arceus|100\/100|[from] move: Wish|[wisher] Alomomola\n|-fieldend|move: Psychic Terrain\n|upkeep\n|turn|34\n|\n|t:|1698559471\n|move|p2a: Cyclizar|Knock Off|p1a: Arceus\n|-supereffective|p1a: Arceus\n|-damage|p1a: Arceus|80\/100\n|move|p1a: Arceus|Body Press|p2a: Cyclizar\n|-supereffective|p2a: Cyclizar\n|-damage|p2a: Cyclizar|0 fnt\n|faint|p2a: Cyclizar\n|\n|win|PinkScourge\n|c|\u2606PinkScourge|GG\n|l|\u2606DangerLeaderLizana\n","uploadtime":1698559484,"views":12,"p1id":"pinkscourge","p2id":"dangerleaderlizana","formatid":"gen9ubers","rating":0,"private":0,"password":""}