{"id":"gen9ubers-1996612823","p1":"CookieVKS","p2":"SwordSwipergood","format":"[Gen 9] Ubers","log":"|j|\u2606CookieVKS\n|j|\u2606SwordSwipergood\n|t:|1700700602\n|gametype|singles\n|player|p1|CookieVKS|266|1068\n|player|p2|SwordSwipergood|shadowtriad|1010\n|teamsize|p1|6\n|teamsize|p2|6\n|gen|9\n|tier|[Gen 9] Ubers\n|rated|\n|rule|Sleep Clause Mod: Limit one foe put to sleep\n|rule|Species Clause: Limit one of each Pok\u00e9mon\n|rule|OHKO Clause: OHKO moves are banned\n|rule|Evasion Items Clause: Evasion items are banned\n|rule|Evasion Moves Clause: Evasion moves are banned\n|rule|Endless Battle Clause: Forcing endless battles is banned\n|rule|HP Percentage Mod: HP is shown in percentages\n|clearpoke\n|poke|p1|Palafin, M|\n|poke|p1|Rillaboom, M|\n|poke|p1|Koraidon|\n|poke|p1|Chien-Pao|\n|poke|p1|Shaymin|\n|poke|p1|Kingambit, M|\n|poke|p2|Basculegion-F, F|\n|poke|p2|Ursaluna-Bloodmoon, M|\n|poke|p2|Meowscarada, M|\n|poke|p2|Typhlosion-Hisui, M|\n|poke|p2|Kingambit, F|\n|poke|p2|Palkia|\n|teampreview\n|c|\u2606SwordSwipergood|glhf\n|\n|t:|1700700621\n|start\n|switch|p1a: Palafin|Palafin, M, shiny|100\/100\n|switch|p2a: Typhlosion|Typhlosion-Hisui, M|100\/100\n|turn|1\n|\n|t:|1700700627\n|move|p2a: Typhlosion|Protect|p2a: Typhlosion\n|-singleturn|p2a: Typhlosion|Protect\n|move|p1a: Palafin|Flip Turn|p2a: Typhlosion\n|-activate|p2a: Typhlosion|move: Protect\n|\n|upkeep\n|turn|2\n|\n|t:|1700700636\n|detailschange|p1a: Palafin|Palafin-Hero, M, shiny\n|switch|p1a: Shaymin|Shaymin, shiny|100\/100\n|switch|p2a: Meowscarada|Meowscarada, M, shiny|100\/100\n|\n|upkeep\n|turn|3\n|\n|t:|1700700645\n|-terastallize|p1a: Shaymin|Fairy\n|move|p2a: Meowscarada|Hone Claws|p2a: Meowscarada\n|-start|p2a: Meowscarada|typechange|Dark|[from] ability: Protean\n|-boost|p2a: Meowscarada|atk|1\n|-boost|p2a: Meowscarada|accuracy|1\n|move|p1a: Shaymin|Tailwind|p1a: Shaymin\n|-sidestart|p1: CookieVKS|move: Tailwind\n|\n|upkeep\n|turn|4\n|\n|t:|1700700661\n|switch|p1a: Koraidon|Koraidon|100\/100\n|-weather|SunnyDay|[from] ability: Orichalcum Pulse|[of] p1a: Koraidon\n|-activate|p1a: Koraidon|Orichalcum Pulse|[source]\n|move|p2a: Meowscarada|Giga Drain|p1a: Koraidon\n|-resisted|p1a: Koraidon\n|-damage|p1a: Koraidon|94\/100\n|\n|-weather|SunnyDay|[upkeep]\n|upkeep\n|turn|5\n|\n|t:|1700700672\n|move|p1a: Koraidon|Drain Punch|p2a: Meowscarada\n|-supereffective|p2a: Meowscarada\n|-damage|p2a: Meowscarada|0 fnt\n|-heal|p1a: Koraidon|100\/100|[from] drain|[of] p2a: Meowscarada\n|faint|p2a: Meowscarada\n|\n|-weather|SunnyDay|[upkeep]\n|upkeep\n|\n|t:|1700700688\n|switch|p2a: Ursaluna|Ursaluna-Bloodmoon, M|100\/100\n|turn|6\n|\n|t:|1700700697\n|move|p1a: Koraidon|Drain Punch|p2a: Ursaluna\n|-supereffective|p2a: Ursaluna\n|-damage|p2a: Ursaluna|23\/100\n|move|p2a: Ursaluna|Headlong Rush|p1a: Koraidon\n|-damage|p1a: Koraidon|70\/100\n|-unboost|p2a: Ursaluna|def|1\n|-unboost|p2a: Ursaluna|spd|1\n|\n|-weather|SunnyDay|[upkeep]\n|-sideend|p1: CookieVKS|move: Tailwind\n|-status|p2a: Ursaluna|brn|[from] item: Flame Orb\n|upkeep\n|turn|7\n|\n|t:|1700700707\n|move|p1a: Koraidon|Drain Punch|p2a: Ursaluna\n|-supereffective|p2a: Ursaluna\n|-damage|p2a: Ursaluna|0 fnt\n|-heal|p1a: Koraidon|83\/100|[from] drain|[of] p2a: Ursaluna\n|faint|p2a: Ursaluna\n|\n|-weather|SunnyDay|[upkeep]\n|upkeep\n|\n|t:|1700700713\n|switch|p2a: Typhlosion|Typhlosion-Hisui, M|100\/100\n|turn|8\n|\n|t:|1700700728\n|move|p1a: Koraidon|Shadow Claw|p2a: Typhlosion\n|-supereffective|p2a: Typhlosion\n|-damage|p2a: Typhlosion|6\/100\n|move|p2a: Typhlosion|Eruption|p1a: Koraidon\n|-resisted|p1a: Koraidon\n|-damage|p1a: Koraidon|78\/100\n|-damage|p2a: Typhlosion|0 fnt|[from] item: Life Orb\n|faint|p2a: Typhlosion\n|\n|-weather|SunnyDay|[upkeep]\n|upkeep\n|-message|SwordSwipergood forfeited.\n|\n|win|CookieVKS\n|raw|CookieVKS's rating: 1068 &rarr; <strong>1093<\/strong><br \/>(+25 for winning)\n|raw|SwordSwipergood's rating: 1010 &rarr; <strong>1000<\/strong><br \/>(-10 for losing)\n|l|\u2606SwordSwipergood\n","uploadtime":1700700744,"views":15,"p1id":"cookievks","p2id":"swordswipergood","formatid":"gen9ubers","rating":1000,"private":0,"password":""}