{"id":"gen9ubers-1996131768","p1":"wowgueur","p2":"ult4cp staller","format":"[Gen 9] Ubers","log":"|j|\u2606wowgueur\n|j|\u2606ult4cp staller\n|t:|1700648970\n|gametype|singles\n|player|p1|wowgueur|cynthia|1326\n|player|p2|ult4cp staller|red|1489\n|teamsize|p1|6\n|teamsize|p2|6\n|gen|9\n|tier|[Gen 9] Ubers\n|rated|\n|rule|Sleep Clause Mod: Limit one foe put to sleep\n|rule|Species Clause: Limit one of each Pok\u00e9mon\n|rule|OHKO Clause: OHKO moves are banned\n|rule|Evasion Items Clause: Evasion items are banned\n|rule|Evasion Moves Clause: Evasion moves are banned\n|rule|Endless Battle Clause: Forcing endless battles is banned\n|rule|HP Percentage Mod: HP is shown in percentages\n|clearpoke\n|poke|p1|Blissey, F|\n|poke|p1|Arceus|\n|poke|p1|Iron Bundle|\n|poke|p1|Dondozo, M|\n|poke|p1|Regieleki|\n|poke|p1|Eternatus|\n|poke|p2|Calyrex-Ice|\n|poke|p2|Koraidon|\n|poke|p2|Toxapex, M|\n|poke|p2|Ting-Lu|\n|poke|p2|Arceus|\n|poke|p2|Miraidon|\n|teampreview\n|inactive|Battle timer is ON: inactive players will automatically lose when time's up. (requested by wowgueur)\n|j| slowbro23\n|l| slowbro23\n|inactive|ult4cp staller has 120 seconds left.\n|inactive|ult4cp staller has 90 seconds left.\n|inactive|ult4cp staller has 60 seconds left.\n|\n|t:|1700649071\n|start\n|switch|p1a: DA CYBER PINGU|Iron Bundle|100\/100\n|switch|p2a: Koraidon|Koraidon|100\/100\n|-weather|SunnyDay|[from] ability: Orichalcum Pulse|[of] p2a: Koraidon\n|-activate|p2a: Koraidon|Orichalcum Pulse|[source]\n|turn|1\n|inactive|ult4cp staller has 120 seconds left.\n|\n|t:|1700649079\n|-end|p1a: DA CYBER PINGU|Quark Drive|[silent]\n|switch|p1a: DA EMPEROR|Eternatus|100\/100\n|-ability|p1a: DA EMPEROR|Pressure\n|move|p2a: Koraidon|U-turn|p1a: DA EMPEROR\n|-resisted|p1a: DA EMPEROR\n|-damage|p1a: DA EMPEROR|86\/100\n|inactive|ult4cp staller has 120 seconds left.\n|\n|t:|1700649085\n|switch|p2a: Miraidon|Miraidon|100\/100|[from] U-turn\n|-fieldstart|move: Electric Terrain|[from] ability: Hadron Engine|[of] p2a: Miraidon\n|\n|-weather|SunnyDay|[upkeep]\n|upkeep\n|turn|2\n|\n|t:|1700649089\n|switch|p1a: DA SMILE|Blissey, F|100\/100\n|move|p2a: Miraidon|Calm Mind|p2a: Miraidon\n|-boost|p2a: Miraidon|spa|1\n|-boost|p2a: Miraidon|spd|1\n|\n|-weather|SunnyDay|[upkeep]\n|upkeep\n|turn|3\n|\n|t:|1700649096\n|move|p2a: Miraidon|Taunt|p1a: DA SMILE\n|-start|p1a: DA SMILE|move: Taunt\n|cant|p1a: DA SMILE|move: Taunt|Stealth Rock\n|\n|-weather|SunnyDay|[upkeep]\n|upkeep\n|turn|4\n|\n|t:|1700649101\n|move|p2a: Miraidon|Calm Mind|p2a: Miraidon\n|-boost|p2a: Miraidon|spa|1\n|-boost|p2a: Miraidon|spd|1\n|move|p1a: DA SMILE|Seismic Toss|p2a: Miraidon\n|-damage|p2a: Miraidon|71\/100\n|\n|-weather|SunnyDay|[upkeep]\n|upkeep\n|turn|5\n|\n|t:|1700649104\n|move|p2a: Miraidon|Parabolic Charge|p1a: DA SMILE\n|-damage|p1a: DA SMILE|50\/100\n|-heal|p2a: Miraidon|100\/100|[from] drain|[of] p1a: DA SMILE\n|-damage|p2a: Miraidon|91\/100|[from] item: Life Orb\n|move|p1a: DA SMILE|Seismic Toss|p2a: Miraidon\n|-damage|p2a: Miraidon|61\/100\n|\n|-weather|none\n|-end|p1a: DA SMILE|move: Taunt\n|-fieldend|move: Electric Terrain\n|upkeep\n|turn|6\n|\n|t:|1700649127\n|move|p2a: Miraidon|Draco Meteor|p1a: DA SMILE\n|-damage|p1a: DA SMILE|0 fnt\n|-unboost|p2a: Miraidon|spa|2\n|faint|p1a: DA SMILE\n|-damage|p2a: Miraidon|51\/100|[from] item: Life Orb\n|\n|upkeep\n|\n|t:|1700649142\n|switch|p1a: DA CYBER PINGU|Iron Bundle|100\/100\n|turn|7\n|\n|t:|1700649156\n|move|p1a: DA CYBER PINGU|Ice Beam|p2a: Miraidon\n|-supereffective|p2a: Miraidon\n|-damage|p2a: Miraidon|0 fnt\n|faint|p2a: Miraidon\n|\n|upkeep\n|c|\u2606ult4cp staller|wtf\n|c|\u2606ult4cp staller|specs bundle?\n|\n|t:|1700649168\n|switch|p2a: Calyrex|Calyrex-Ice|100\/100\n|-ability|p2a: Calyrex|As One\n|-ability|p2a: Calyrex|Unnerve\n|turn|8\n|\n|t:|1700649173\n|-end|p1a: DA CYBER PINGU|Quark Drive|[silent]\n|switch|p1a: DA JOE|Dondozo, M|100\/100\n|switch|p2a: Toxapex|Toxapex, M|100\/100\n|\n|upkeep\n|turn|9\n|\n|t:|1700649179\n|move|p1a: DA JOE|Curse|p1a: DA JOE\n|-unboost|p1a: DA JOE|spe|1\n|-boost|p1a: DA JOE|atk|1\n|-boost|p1a: DA JOE|def|1\n|move|p2a: Toxapex|Infestation|p1a: DA JOE\n|-damage|p1a: DA JOE|98\/100\n|-activate|p1a: DA JOE|move: Infestation|[of] p2a: Toxapex\n|\n|-heal|p1a: DA JOE|100\/100|[from] item: Leftovers\n|-damage|p1a: DA JOE|88\/100|[from] move: Infestation|[partiallytrapped]\n|upkeep\n|turn|10\n|\n|t:|1700649188\n|move|p2a: Toxapex|Toxic|p1a: DA JOE\n|-status|p1a: DA JOE|tox\n|move|p1a: DA JOE|Liquidation|p2a: Toxapex\n|-resisted|p2a: Toxapex\n|-damage|p2a: Toxapex|88\/100\n|-damage|p1a: DA JOE|71\/100 tox|[from] item: Rocky Helmet|[of] p2a: Toxapex\n|\n|-heal|p1a: DA JOE|77\/100 tox|[from] item: Leftovers\n|-damage|p1a: DA JOE|71\/100 tox|[from] psn\n|-damage|p1a: DA JOE|59\/100 tox|[from] move: Infestation|[partiallytrapped]\n|upkeep\n|turn|11\n|\n|t:|1700649195\n|move|p2a: Toxapex|Haze|p2a: Toxapex\n|-clearallboost\n|move|p1a: DA JOE|Liquidation|p2a: Toxapex\n|-resisted|p2a: Toxapex\n|-damage|p2a: Toxapex|79\/100\n|-damage|p1a: DA JOE|42\/100 tox|[from] item: Rocky Helmet|[of] p2a: Toxapex\n|\n|-heal|p1a: DA JOE|48\/100 tox|[from] item: Leftovers\n|-damage|p1a: DA JOE|36\/100 tox|[from] psn\n|-damage|p1a: DA JOE|24\/100 tox|[from] move: Infestation|[partiallytrapped]\n|upkeep\n|turn|12\n|\n|t:|1700649201\n|move|p2a: Toxapex|Infestation|p1a: DA JOE\n|-damage|p1a: DA JOE|21\/100 tox\n|move|p1a: DA JOE|Rest|p1a: DA JOE\n|-status|p1a: DA JOE|slp|[from] move: Rest\n|-heal|p1a: DA JOE|100\/100 slp|[silent]\n|\n|-damage|p1a: DA JOE|88\/100 slp|[from] move: Infestation|[partiallytrapped]\n|upkeep\n|turn|13\n|\n|t:|1700649208\n|switch|p2a: Koraidon|Koraidon|100\/100\n|-weather|SunnyDay|[from] ability: Orichalcum Pulse|[of] p2a: Koraidon\n|-activate|p2a: Koraidon|Orichalcum Pulse|[source]\n|cant|p1a: DA JOE|slp\n|move|p1a: DA JOE|Sleep Talk|p1a: DA JOE\n|move|p1a: DA JOE|Rest||[from]move: Sleep Talk|[still]\n|-fail|p1a: DA JOE\n|\n|-weather|SunnyDay|[upkeep]\n|-heal|p1a: DA JOE|94\/100 slp|[from] item: Leftovers\n|-end|p1a: DA JOE|Infestation|[partiallytrapped]\n|upkeep\n|turn|14\n|\n|t:|1700649213\n|move|p2a: Koraidon|Low Kick|p1a: DA JOE\n|-damage|p1a: DA JOE|57\/100 slp\n|cant|p1a: DA JOE|slp\n|move|p1a: DA JOE|Sleep Talk|p1a: DA JOE\n|move|p1a: DA JOE|Rest||[from]move: Sleep Talk|[still]\n|-fail|p1a: DA JOE\n|\n|-weather|SunnyDay|[upkeep]\n|-heal|p1a: DA JOE|63\/100 slp|[from] item: Leftovers\n|upkeep\n|turn|15\n|\n|t:|1700649218\n|move|p2a: Koraidon|Low Kick|p1a: DA JOE\n|-damage|p1a: DA JOE|23\/100 slp\n|-curestatus|p1a: DA JOE|slp|[msg]\n|move|p1a: DA JOE|Curse|p1a: DA JOE\n|-unboost|p1a: DA JOE|spe|1\n|-boost|p1a: DA JOE|atk|1\n|-boost|p1a: DA JOE|def|1\n|\n|-weather|SunnyDay|[upkeep]\n|-heal|p1a: DA JOE|29\/100|[from] item: Leftovers\n|upkeep\n|turn|16\n|\n|t:|1700649222\n|move|p2a: Koraidon|Low Kick|p1a: DA JOE\n|-damage|p1a: DA JOE|3\/100\n|move|p1a: DA JOE|Rest|p1a: DA JOE\n|-status|p1a: DA JOE|slp|[from] move: Rest\n|-heal|p1a: DA JOE|100\/100 slp|[silent]\n|\n|-weather|SunnyDay|[upkeep]\n|upkeep\n|turn|17\n|\n|t:|1700649229\n|switch|p2a: Toxapex|Toxapex, M|100\/100\n|cant|p1a: DA JOE|slp\n|move|p1a: DA JOE|Sleep Talk|p1a: DA JOE\n|move|p1a: DA JOE|Curse|p1a: DA JOE|[from]move: Sleep Talk\n|-unboost|p1a: DA JOE|spe|1\n|-boost|p1a: DA JOE|atk|1\n|-boost|p1a: DA JOE|def|1\n|\n|-weather|none\n|upkeep\n|turn|18\n|inactive|wowgueur has 120 seconds left.\n|\n|t:|1700649260\n|move|p2a: Toxapex|Haze|p2a: Toxapex\n|-clearallboost\n|cant|p1a: DA JOE|slp\n|\n|upkeep\n|turn|19\n|inactive|wowgueur has 120 seconds left.\n|inactive|ult4cp staller has 120 seconds left.\n|inactive|ult4cp staller has 90 seconds left.\n|inactive|ult4cp staller has 60 seconds left.\n|\n|t:|1700649379\n|-curestatus|p1a: DA JOE|slp|[msg]\n|move|p1a: DA JOE|Liquidation|p2a: Toxapex\n|-resisted|p2a: Toxapex\n|-damage|p2a: Toxapex|92\/100\n|-damage|p1a: DA JOE|84\/100|[from] item: Rocky Helmet|[of] p2a: Toxapex\n|move|p2a: Toxapex|Infestation|p1a: DA JOE\n|-damage|p1a: DA JOE|81\/100\n|-activate|p1a: DA JOE|move: Infestation|[of] p2a: Toxapex\n|\n|-heal|p1a: DA JOE|87\/100|[from] item: Leftovers\n|-damage|p1a: DA JOE|75\/100|[from] move: Infestation|[partiallytrapped]\n|upkeep\n|turn|20\n|inactive|wowgueur has 120 seconds left.\n|\n|t:|1700649389\n|switch|p2a: Koraidon|Koraidon|100\/100\n|-weather|SunnyDay|[from] ability: Orichalcum Pulse|[of] p2a: Koraidon\n|-activate|p2a: Koraidon|Orichalcum Pulse|[source]\n|move|p1a: DA JOE|Curse|p1a: DA JOE\n|-unboost|p1a: DA JOE|spe|1\n|-boost|p1a: DA JOE|atk|1\n|-boost|p1a: DA JOE|def|1\n|\n|-weather|SunnyDay|[upkeep]\n|-heal|p1a: DA JOE|81\/100|[from] item: Leftovers\n|-end|p1a: DA JOE|Infestation|[partiallytrapped]|[silent]\n|upkeep\n|turn|21\n|\n|t:|1700649393\n|move|p2a: Koraidon|U-turn|p1a: DA JOE\n|-crit|p1a: DA JOE\n|-damage|p1a: DA JOE|58\/100\n|\n|t:|1700649398\n|switch|p2a: Toxapex|Toxapex, M|100\/100|[from] U-turn\n|move|p1a: DA JOE|Liquidation|p2a: Toxapex\n|-resisted|p2a: Toxapex\n|-damage|p2a: Toxapex|94\/100\n|-unboost|p2a: Toxapex|def|1\n|-damage|p1a: DA JOE|41\/100|[from] item: Rocky Helmet|[of] p2a: Toxapex\n|\n|-weather|SunnyDay|[upkeep]\n|-heal|p1a: DA JOE|47\/100|[from] item: Leftovers\n|upkeep\n|turn|22\n|\n|t:|1700649406\n|switch|p1a: DA EMPEROR|Eternatus|86\/100\n|-ability|p1a: DA EMPEROR|Pressure\n|move|p2a: Toxapex|Haze|p2a: Toxapex\n|-clearallboost\n|\n|-weather|SunnyDay|[upkeep]\n|upkeep\n|turn|23\n|\n|t:|1700649425\n|switch|p2a: Ting-Lu|Ting-Lu|100\/100\n|-ability|p2a: Ting-Lu|Vessel of Ruin\n|move|p1a: DA EMPEROR|Dynamax Cannon|p2a: Ting-Lu\n|-damage|p2a: Ting-Lu|80\/100\n|\n|-weather|SunnyDay|[upkeep]\n|-heal|p2a: Ting-Lu|87\/100|[from] item: Leftovers\n|upkeep\n|turn|24\n|\n|t:|1700649427\n|move|p1a: DA EMPEROR|Toxic|p2a: Ting-Lu\n|-status|p2a: Ting-Lu|tox\n|move|p2a: Ting-Lu|Spikes|p1a: DA EMPEROR\n|-sidestart|p1: wowgueur|Spikes\n|\n|-weather|none\n|-heal|p2a: Ting-Lu|93\/100 tox|[from] item: Leftovers\n|-damage|p2a: Ting-Lu|87\/100 tox|[from] psn\n|upkeep\n|turn|25\n|\n|t:|1700649434\n|switch|p1a: DA JOE|Dondozo, M|47\/100\n|-damage|p1a: DA JOE|35\/100|[from] Spikes\n|move|p2a: Ting-Lu|Earthquake|p1a: DA JOE\n|-damage|p1a: DA JOE|18\/100\n|\n|-heal|p2a: Ting-Lu|93\/100 tox|[from] item: Leftovers\n|-heal|p1a: DA JOE|24\/100|[from] item: Leftovers\n|-damage|p2a: Ting-Lu|80\/100 tox|[from] psn\n|upkeep\n|turn|26\n|\n|t:|1700649438\n|move|p2a: Ting-Lu|Spikes|p1a: DA JOE\n|-sidestart|p1: wowgueur|Spikes\n|move|p1a: DA JOE|Rest|p1a: DA JOE\n|-status|p1a: DA JOE|slp|[from] move: Rest\n|-heal|p1a: DA JOE|100\/100 slp|[silent]\n|\n|-heal|p2a: Ting-Lu|87\/100 tox|[from] item: Leftovers\n|-damage|p2a: Ting-Lu|68\/100 tox|[from] psn\n|upkeep\n|turn|27\n|\n|t:|1700649444\n|switch|p2a: Koraidon|Koraidon|100\/100\n|-weather|SunnyDay|[from] ability: Orichalcum Pulse|[of] p2a: Koraidon\n|-activate|p2a: Koraidon|Orichalcum Pulse|[source]\n|cant|p1a: DA JOE|slp\n|move|p1a: DA JOE|Sleep Talk|p1a: DA JOE\n|move|p1a: DA JOE|Rest||[from]move: Sleep Talk|[still]\n|-fail|p1a: DA JOE\n|\n|-weather|SunnyDay|[upkeep]\n|upkeep\n|turn|28\n|\n|t:|1700649463\n|move|p2a: Koraidon|Low Kick|p1a: DA JOE\n|-damage|p1a: DA JOE|61\/100 slp\n|cant|p1a: DA JOE|slp\n|move|p1a: DA JOE|Sleep Talk|p1a: DA JOE\n|move|p1a: DA JOE|Curse|p1a: DA JOE|[from]move: Sleep Talk\n|-unboost|p1a: DA JOE|spe|1\n|-boost|p1a: DA JOE|atk|1\n|-boost|p1a: DA JOE|def|1\n|\n|-weather|SunnyDay|[upkeep]\n|-heal|p1a: DA JOE|67\/100 slp|[from] item: Leftovers\n|upkeep\n|turn|29\n|\n|t:|1700649467\n|switch|p2a: Toxapex|Toxapex, M|100\/100\n|-curestatus|p1a: DA JOE|slp|[msg]\n|move|p1a: DA JOE|Liquidation|p2a: Toxapex\n|-resisted|p2a: Toxapex\n|-damage|p2a: Toxapex|94\/100\n|-unboost|p2a: Toxapex|def|1\n|-damage|p1a: DA JOE|50\/100|[from] item: Rocky Helmet|[of] p2a: Toxapex\n|\n|-weather|SunnyDay|[upkeep]\n|-heal|p1a: DA JOE|56\/100|[from] item: Leftovers\n|upkeep\n|turn|30\n|\n|t:|1700649471\n|switch|p1a: DA SPEED BO\u00cf|Regieleki|100\/100\n|-damage|p1a: DA SPEED BO\u00cf|84\/100|[from] Spikes\n|move|p2a: Toxapex|Haze|p2a: Toxapex\n|-clearallboost\n|\n|-weather|SunnyDay|[upkeep]\n|upkeep\n|turn|31\n|inactive|ult4cp staller has 120 seconds left.\n|\n|t:|1700649488\n|move|p1a: DA SPEED BO\u00cf|Rapid Spin|p2a: Toxapex\n|-damage|p2a: Toxapex|88\/100\n|-boost|p1a: DA SPEED BO\u00cf|spe|1\n|-damage|p1a: DA SPEED BO\u00cf|68\/100|[from] item: Rocky Helmet|[of] p2a: Toxapex\n|-sideend|p1: wowgueur|Spikes|[from] move: Rapid Spin|[of] p1a: DA SPEED BO\u00cf\n|move|p2a: Toxapex|Toxic|p1a: DA SPEED BO\u00cf\n|-status|p1a: DA SPEED BO\u00cf|tox\n|\n|-weather|none\n|-damage|p1a: DA SPEED BO\u00cf|61\/100 tox|[from] psn\n|upkeep\n|turn|32\n|\n|t:|1700649495\n|switch|p2a: Koraidon|Koraidon|100\/100\n|-weather|SunnyDay|[from] ability: Orichalcum Pulse|[of] p2a: Koraidon\n|-activate|p2a: Koraidon|Orichalcum Pulse|[source]\n|move|p1a: DA SPEED BO\u00cf|Reflect|p1a: DA SPEED BO\u00cf\n|-sidestart|p1: wowgueur|Reflect\n|\n|-weather|SunnyDay|[upkeep]\n|-damage|p1a: DA SPEED BO\u00cf|49\/100 tox|[from] psn\n|upkeep\n|turn|33\n|\n|t:|1700649504\n|move|p1a: DA SPEED BO\u00cf|Explosion|p2a: Koraidon\n|-damage|p2a: Koraidon|51\/100\n|faint|p1a: DA SPEED BO\u00cf\n|move|p2a: Koraidon|Flare Blitz|p1: DA SPEED BO\u00cf|[notarget]\n|-fail|p2a: Koraidon\n|\n|-weather|SunnyDay|[upkeep]\n|upkeep\n|\n|t:|1700649525\n|switch|p1a: DA GOD HORSE|Arceus|100\/100\n|turn|34\n|inactive|ult4cp staller has 120 seconds left.\n|\n|t:|1700649564\n|switch|p2a: Toxapex|Toxapex, M|100\/100\n|move|p1a: DA GOD HORSE|Swords Dance|p1a: DA GOD HORSE\n|-boost|p1a: DA GOD HORSE|atk|2\n|\n|-weather|SunnyDay|[upkeep]\n|upkeep\n|turn|35\n|\n|t:|1700649569\n|move|p1a: DA GOD HORSE|Taunt|p2a: Toxapex\n|-start|p2a: Toxapex|move: Taunt\n|cant|p2a: Toxapex|move: Taunt|Haze\n|\n|-weather|SunnyDay|[upkeep]\n|upkeep\n|turn|36\n|inactive|ult4cp staller has 120 seconds left.\n|\n|t:|1700649576\n|switch|p2a: Ting-Lu|Ting-Lu|68\/100 tox\n|-ability|p2a: Ting-Lu|Vessel of Ruin\n|move|p1a: DA GOD HORSE|Swords Dance|p1a: DA GOD HORSE\n|-boost|p1a: DA GOD HORSE|atk|2\n|\n|-weather|none\n|-heal|p2a: Ting-Lu|74\/100 tox|[from] item: Leftovers\n|-damage|p2a: Ting-Lu|68\/100 tox|[from] psn\n|upkeep\n|turn|37\n|\n|t:|1700649589\n|-terastallize|p2a: Ting-Lu|Steel\n|move|p1a: DA GOD HORSE|Taunt|p2a: Ting-Lu\n|-start|p2a: Ting-Lu|move: Taunt\n|cant|p2a: Ting-Lu|move: Taunt|Whirlwind\n|\n|-heal|p2a: Ting-Lu|74\/100 tox|[from] item: Leftovers\n|-damage|p2a: Ting-Lu|62\/100 tox|[from] psn\n|upkeep\n|turn|38\n|\n|t:|1700649596\n|move|p1a: DA GOD HORSE|Swords Dance|p1a: DA GOD HORSE\n|-boost|p1a: DA GOD HORSE|atk|2\n|move|p2a: Ting-Lu|Ruination|p1a: DA GOD HORSE\n|-damage|p1a: DA GOD HORSE|51\/100\n|\n|-heal|p2a: Ting-Lu|68\/100 tox|[from] item: Leftovers\n|-damage|p2a: Ting-Lu|49\/100 tox|[from] psn\n|upkeep\n|turn|39\n|\n|t:|1700649612\n|move|p1a: DA GOD HORSE|Extreme Speed|p2a: Ting-Lu\n|-resisted|p2a: Ting-Lu\n|-damage|p2a: Ting-Lu|0 fnt\n|faint|p2a: Ting-Lu\n|\n|-sideend|p1: wowgueur|Reflect\n|upkeep\n|\n|t:|1700649615\n|switch|p2a: Arceus|Arceus|100\/100\n|turn|40\n|\n|t:|1700649620\n|move|p2a: Arceus|Extreme Speed|p1a: DA GOD HORSE\n|-damage|p1a: DA GOD HORSE|17\/100\n|move|p1a: DA GOD HORSE|Extreme Speed|p2a: Arceus\n|-damage|p2a: Arceus|0 fnt\n|faint|p2a: Arceus\n|\n|upkeep\n|inactive|ult4cp staller has 120 seconds left.\n|\n|t:|1700649662\n|switch|p2a: Toxapex|Toxapex, M|100\/100\n|turn|41\n|-message|ult4cp staller forfeited.\n|\n|win|wowgueur\n|raw|wowgueur's rating: 1326 &rarr; <strong>1356<\/strong><br \/>(+30 for winning)\n|raw|ult4cp staller's rating: 1506 &rarr; <strong>1476<\/strong><br \/>(-30 for losing)\n|l|\u2606ult4cp staller\n","uploadtime":1700649667,"views":0,"p1id":"wowgueur","p2id":"ult4cpstaller","formatid":"gen9ubers","rating":1356,"private":0,"password":""}