{"id":"gen9ubers-1978497598","p1":"FrostyRandom02","p2":"sword over shield","format":"[Gen 9] Ubers","log":"|j|\u2606FrostyRandom02\n|j|\u2606sword over shield\n|t:|1698546735\n|gametype|singles\n|player|p1|FrostyRandom02|riley|\n|player|p2|sword over shield|2|\n|teamsize|p1|6\n|teamsize|p2|6\n|gen|9\n|tier|[Gen 9] Ubers\n|rule|Sleep Clause Mod: Limit one foe put to sleep\n|rule|Species Clause: Limit one of each Pok\u00e9mon\n|rule|OHKO Clause: OHKO moves are banned\n|rule|Evasion Items Clause: Evasion items are banned\n|rule|Evasion Moves Clause: Evasion moves are banned\n|rule|Endless Battle Clause: Forcing endless battles is banned\n|rule|HP Percentage Mod: HP is shown in percentages\n|clearpoke\n|poke|p1|Okidogi, M|\n|poke|p1|Cyclizar, F|\n|poke|p1|Chi-Yu|\n|poke|p1|Espathra, F|\n|poke|p1|Rillaboom, M|\n|poke|p1|Zacian-*|\n|poke|p2|Arceus-Fire|\n|poke|p2|Torkoal, F|\n|poke|p2|Roaring Moon|\n|poke|p2|Walking Wake|\n|poke|p2|Gholdengo|\n|poke|p2|Magearna|\n|teampreview\n|c|\u2606sword over shield|this is my sun team\n|c|\u2606FrostyRandom02|I can see that\n|\n|t:|1698546758\n|start\n|switch|p1a: Cyclizar|Cyclizar, F|100\/100\n|switch|p2a: Torkoal|Torkoal, F|100\/100\n|-weather|SunnyDay|[from] ability: Drought|[of] p2a: Torkoal\n|turn|1\n|\n|t:|1698546769\n|move|p1a: Cyclizar|Shed Tail|p1a: Cyclizar\n|-start|p1a: Cyclizar|Substitute|[from] move: Shed Tail\n|-damage|p1a: Cyclizar|50\/100\n|\n|t:|1698546775\n|switch|p1a: Okidogi|Okidogi, M|100\/100|[from] Shed Tail\n|move|p2a: Torkoal|Stealth Rock|p1a: Okidogi\n|-sidestart|p1: FrostyRandom02|move: Stealth Rock\n|\n|-weather|SunnyDay|[upkeep]\n|upkeep\n|turn|2\n|\n|t:|1698546785\n|move|p1a: Okidogi|Bulk Up|p1a: Okidogi\n|-boost|p1a: Okidogi|atk|1\n|-boost|p1a: Okidogi|def|1\n|move|p2a: Torkoal|Lava Plume|p1a: Okidogi\n|-end|p1a: Okidogi|Substitute\n|\n|-weather|SunnyDay|[upkeep]\n|upkeep\n|turn|3\n|\n|t:|1698546794\n|move|p1a: Okidogi|Poison Jab|p2a: Torkoal\n|-damage|p2a: Torkoal|65\/100\n|move|p2a: Torkoal|Will-O-Wisp|p1a: Okidogi|[miss]\n|-miss|p2a: Torkoal|p1a: Okidogi\n|\n|-weather|SunnyDay|[upkeep]\n|upkeep\n|turn|4\n|\n|t:|1698546817\n|switch|p2a: Walking Wake|Walking Wake|100\/100\n|-activate|p2a: Walking Wake|ability: Protosynthesis\n|-start|p2a: Walking Wake|protosynthesisspa\n|move|p1a: Okidogi|Poison Jab|p2a: Walking Wake\n|-damage|p2a: Walking Wake|44\/100\n|\n|-weather|SunnyDay|[upkeep]\n|upkeep\n|turn|5\n|\n|t:|1698546830\n|move|p2a: Walking Wake|Hydro Steam|p1a: Okidogi\n|-damage|p1a: Okidogi|20\/100\n|move|p1a: Okidogi|Drain Punch|p2a: Walking Wake\n|-damage|p2a: Walking Wake|0 fnt\n|-heal|p1a: Okidogi|40\/100|[from] drain|[of] p2a: Walking Wake\n|faint|p2a: Walking Wake\n|-end|p2a: Walking Wake|Protosynthesis|[silent]\n|\n|-weather|SunnyDay|[upkeep]\n|-heal|p1a: Okidogi|46\/100|[from] item: Leftovers\n|upkeep\n|\n|t:|1698546856\n|switch|p2a: Roaring Moon|Roaring Moon|100\/100\n|-activate|p2a: Roaring Moon|ability: Protosynthesis\n|-start|p2a: Roaring Moon|protosynthesisspe\n|turn|6\n|\n|t:|1698546867\n|-terastallize|p1a: Okidogi|Dark\n|move|p2a: Roaring Moon|Earthquake|p1a: Okidogi\n|-damage|p1a: Okidogi|15\/100\n|move|p1a: Okidogi|Drain Punch|p2a: Roaring Moon\n|-supereffective|p2a: Roaring Moon\n|-damage|p2a: Roaring Moon|0 fnt\n|-heal|p1a: Okidogi|63\/100|[from] drain|[of] p2a: Roaring Moon\n|faint|p2a: Roaring Moon\n|-end|p2a: Roaring Moon|Protosynthesis|[silent]\n|\n|-weather|SunnyDay|[upkeep]\n|-heal|p1a: Okidogi|69\/100|[from] item: Leftovers\n|upkeep\n|\n|t:|1698546881\n|switch|p2a: Magearna|Magearna|100\/100\n|turn|7\n|\n|t:|1698546888\n|move|p1a: Okidogi|Bulk Up|p1a: Okidogi\n|-boost|p1a: Okidogi|atk|1\n|-boost|p1a: Okidogi|def|1\n|move|p2a: Magearna|Fleur Cannon|p1a: Okidogi\n|-supereffective|p1a: Okidogi\n|-crit|p1a: Okidogi\n|-damage|p1a: Okidogi|0 fnt\n|-unboost|p2a: Magearna|spa|2\n|faint|p1a: Okidogi\n|-ability|p2a: Magearna|Soul-Heart|boost\n|-boost|p2a: Magearna|spa|1\n|\n|-weather|SunnyDay|[upkeep]\n|upkeep\n|\n|t:|1698546906\n|switch|p1a: Rillaboom|Rillaboom, M|100\/100\n|-damage|p1a: Rillaboom|88\/100|[from] Stealth Rock\n|-fieldstart|move: Grassy Terrain|[from] ability: Grassy Surge|[of] p1a: Rillaboom\n|turn|8\n|\n|t:|1698546916\n|move|p1a: Rillaboom|High Horsepower|p2a: Magearna\n|-supereffective|p2a: Magearna\n|-damage|p2a: Magearna|32\/100\n|move|p2a: Magearna|Thunder Wave|p1a: Rillaboom\n|-status|p1a: Rillaboom|par\n|\n|-weather|none\n|-heal|p2a: Magearna|38\/100|[from] Grassy Terrain\n|-heal|p2a: Magearna|44\/100|[from] item: Leftovers\n|-heal|p1a: Rillaboom|94\/100 par|[from] Grassy Terrain\n|upkeep\n|turn|9\n|\n|t:|1698546938\n|move|p2a: Magearna|Volt Switch|p1a: Rillaboom\n|-resisted|p1a: Rillaboom\n|-damage|p1a: Rillaboom|87\/100 par\n|\n|t:|1698546941\n|switch|p2a: Arceus|Arceus-Fire|100\/100|[from] Volt Switch\n|move|p1a: Rillaboom|High Horsepower|p2a: Arceus\n|-supereffective|p2a: Arceus\n|-damage|p2a: Arceus|24\/100\n|\n|-heal|p2a: Arceus|30\/100|[from] Grassy Terrain\n|-heal|p1a: Rillaboom|94\/100 par|[from] Grassy Terrain\n|upkeep\n|turn|10\n|\n|t:|1698546967\n|switch|p1a: Cyclizar|Cyclizar, F|84\/100\n|move|p2a: Arceus|Flare Blitz|p1a: Cyclizar\n|-resisted|p1a: Cyclizar\n|-damage|p1a: Cyclizar|32\/100\n|-damage|p2a: Arceus|15\/100|[from] Recoil\n|\n|-heal|p1a: Cyclizar|38\/100|[from] Grassy Terrain\n|-heal|p2a: Arceus|21\/100|[from] Grassy Terrain\n|upkeep\n|turn|11\n|\n|t:|1698546976\n|move|p1a: Cyclizar|U-turn|p2a: Arceus\n|-resisted|p2a: Arceus\n|-damage|p2a: Arceus|14\/100\n|\n|t:|1698546990\n|switch|p1a: Chi-Yu|Chi-Yu|100\/100|[from] U-turn\n|-damage|p1a: Chi-Yu|76\/100|[from] Stealth Rock\n|-ability|p1a: Chi-Yu|Beads of Ruin\n|move|p2a: Arceus|Recover|p2a: Arceus\n|-heal|p2a: Arceus|64\/100\n|\n|-heal|p1a: Chi-Yu|82\/100|[from] Grassy Terrain\n|-heal|p2a: Arceus|70\/100|[from] Grassy Terrain\n|upkeep\n|turn|12\n|\n|t:|1698547004\n|switch|p2a: Magearna|Magearna|44\/100\n|move|p1a: Chi-Yu|Dark Pulse|p2a: Magearna\n|-resisted|p2a: Magearna\n|-damage|p2a: Magearna|20\/100\n|\n|-heal|p1a: Chi-Yu|88\/100|[from] Grassy Terrain\n|-heal|p2a: Magearna|26\/100|[from] Grassy Terrain\n|-heal|p2a: Magearna|32\/100|[from] item: Leftovers\n|-fieldend|move: Grassy Terrain\n|upkeep\n|turn|13\n|\n|t:|1698547014\n|switch|p1a: Rillaboom|Rillaboom, M|94\/100 par\n|-damage|p1a: Rillaboom|81\/100 par|[from] Stealth Rock\n|-fieldstart|move: Grassy Terrain|[from] ability: Grassy Surge|[of] p1a: Rillaboom\n|move|p2a: Magearna|Thunder Wave|p1a: Rillaboom\n|-fail|p1a: Rillaboom|par\n|\n|-heal|p2a: Magearna|38\/100|[from] Grassy Terrain\n|-heal|p2a: Magearna|44\/100|[from] item: Leftovers\n|-heal|p1a: Rillaboom|87\/100 par|[from] Grassy Terrain\n|upkeep\n|turn|14\n|\n|t:|1698547022\n|move|p2a: Magearna|Volt Switch|p1a: Rillaboom\n|-resisted|p1a: Rillaboom\n|-damage|p1a: Rillaboom|77\/100 par\n|\n|t:|1698547026\n|switch|p2a: Gholdengo|Gholdengo|100\/100|[from] Volt Switch\n|move|p1a: Rillaboom|High Horsepower|p2a: Gholdengo\n|-supereffective|p2a: Gholdengo\n|-damage|p2a: Gholdengo|0 fnt\n|faint|p2a: Gholdengo\n|\n|-heal|p1a: Rillaboom|83\/100 par|[from] Grassy Terrain\n|upkeep\n|\n|t:|1698547043\n|switch|p2a: Torkoal|Torkoal, F|65\/100\n|-weather|SunnyDay|[from] ability: Drought|[of] p2a: Torkoal\n|turn|15\n|\n|t:|1698547050\n|switch|p1a: Cyclizar|Cyclizar, F|71\/100\n|move|p2a: Torkoal|Lava Plume|p1a: Cyclizar\n|-resisted|p1a: Cyclizar\n|-damage|p1a: Cyclizar|44\/100\n|-status|p1a: Cyclizar|brn\n|\n|-weather|SunnyDay|[upkeep]\n|-heal|p1a: Cyclizar|50\/100 brn|[from] Grassy Terrain\n|-heal|p2a: Torkoal|71\/100|[from] Grassy Terrain\n|-damage|p1a: Cyclizar|44\/100 brn|[from] brn\n|upkeep\n|turn|16\n|\n|t:|1698547069\n|move|p1a: Cyclizar|Rapid Spin|p2a: Torkoal\n|-damage|p2a: Torkoal|65\/100\n|-boost|p1a: Cyclizar|spe|1\n|-sideend|p1: FrostyRandom02|Stealth Rock|[from] move: Rapid Spin|[of] p1a: Cyclizar\n|move|p2a: Torkoal|Lava Plume|p1a: Cyclizar\n|-resisted|p1a: Cyclizar\n|-damage|p1a: Cyclizar|16\/100 brn\n|\n|-weather|SunnyDay|[upkeep]\n|-heal|p1a: Cyclizar|22\/100 brn|[from] Grassy Terrain\n|-heal|p2a: Torkoal|71\/100|[from] Grassy Terrain\n|-damage|p1a: Cyclizar|16\/100 brn|[from] brn\n|upkeep\n|turn|17\n|\n|t:|1698547080\n|move|p1a: Cyclizar|U-turn|p2a: Torkoal\n|-resisted|p2a: Torkoal\n|-damage|p2a: Torkoal|68\/100\n|\n|t:|1698547084\n|switch|p1a: Chi-Yu|Chi-Yu|88\/100|[from] U-turn\n|-ability|p1a: Chi-Yu|Beads of Ruin\n|move|p2a: Torkoal|Stealth Rock|p1a: Chi-Yu\n|-sidestart|p1: FrostyRandom02|move: Stealth Rock\n|\n|-weather|SunnyDay|[upkeep]\n|-heal|p1a: Chi-Yu|94\/100|[from] Grassy Terrain\n|-heal|p2a: Torkoal|75\/100|[from] Grassy Terrain\n|-fieldend|move: Grassy Terrain\n|upkeep\n|turn|18\n|\n|t:|1698547098\n|move|p1a: Chi-Yu|Fire Blast|p2a: Torkoal\n|-resisted|p2a: Torkoal\n|-damage|p2a: Torkoal|17\/100\n|move|p2a: Torkoal|Lava Plume|p1a: Chi-Yu\n|-resisted|p1a: Chi-Yu\n|-damage|p1a: Chi-Yu|72\/100\n|\n|-weather|SunnyDay|[upkeep]\n|upkeep\n|turn|19\n|\n|t:|1698547102\n|move|p1a: Chi-Yu|Fire Blast|p2a: Torkoal\n|-resisted|p2a: Torkoal\n|-damage|p2a: Torkoal|0 fnt\n|faint|p2a: Torkoal\n|\n|-weather|SunnyDay|[upkeep]\n|upkeep\n|\n|t:|1698547105\n|switch|p2a: Arceus|Arceus-Fire|70\/100\n|turn|20\n|\n|t:|1698547109\n|move|p1a: Chi-Yu|Fire Blast|p2a: Arceus\n|-resisted|p2a: Arceus\n|-damage|p2a: Arceus|17\/100\n|move|p2a: Arceus|Dragon Dance|p2a: Arceus\n|-boost|p2a: Arceus|atk|1\n|-boost|p2a: Arceus|spe|1\n|\n|-weather|SunnyDay|[upkeep]\n|upkeep\n|turn|21\n|\n|t:|1698547113\n|move|p2a: Arceus|Recover|p2a: Arceus\n|-heal|p2a: Arceus|67\/100\n|move|p1a: Chi-Yu|Fire Blast|p2a: Arceus\n|-resisted|p2a: Arceus\n|-damage|p2a: Arceus|18\/100\n|\n|-weather|SunnyDay|[upkeep]\n|upkeep\n|turn|22\n|\n|t:|1698547119\n|move|p2a: Arceus|Recover|p2a: Arceus\n|-heal|p2a: Arceus|68\/100\n|move|p1a: Chi-Yu|Fire Blast|p2a: Arceus\n|-resisted|p2a: Arceus\n|-damage|p2a: Arceus|20\/100\n|\n|-weather|none\n|upkeep\n|turn|23\n|\n|t:|1698547126\n|move|p2a: Arceus|Recover|p2a: Arceus\n|-heal|p2a: Arceus|71\/100\n|move|p1a: Chi-Yu|Fire Blast|p2a: Arceus\n|-resisted|p2a: Arceus\n|-damage|p2a: Arceus|38\/100\n|\n|upkeep\n|turn|24\n|\n|t:|1698547132\n|move|p2a: Arceus|Recover|p2a: Arceus\n|-heal|p2a: Arceus|88\/100\n|move|p1a: Chi-Yu|Fire Blast|p2a: Arceus\n|-resisted|p2a: Arceus\n|-damage|p2a: Arceus|56\/100\n|\n|upkeep\n|turn|25\n|\n|t:|1698547138\n|move|p2a: Arceus|Dragon Dance|p2a: Arceus\n|-boost|p2a: Arceus|atk|1\n|-boost|p2a: Arceus|spe|1\n|move|p1a: Chi-Yu|Fire Blast|p2a: Arceus\n|-resisted|p2a: Arceus\n|-damage|p2a: Arceus|22\/100\n|\n|upkeep\n|turn|26\n|\n|t:|1698547142\n|move|p2a: Arceus|Recover|p2a: Arceus\n|-heal|p2a: Arceus|72\/100\n|-activate|p1a: Chi-Yu|move: Struggle\n|move|p1a: Chi-Yu|Struggle|p2a: Arceus\n|-damage|p2a: Arceus|67\/100\n|-damage|p1a: Chi-Yu|47\/100|[from] recoil\n|\n|upkeep\n|turn|27\n|\n|t:|1698547149\n|move|p2a: Arceus|Dragon Dance|p2a: Arceus\n|-boost|p2a: Arceus|atk|1\n|-boost|p2a: Arceus|spe|1\n|-activate|p1a: Chi-Yu|move: Struggle\n|move|p1a: Chi-Yu|Struggle|p2a: Arceus\n|-damage|p2a: Arceus|61\/100\n|-damage|p1a: Chi-Yu|22\/100|[from] recoil\n|\n|upkeep\n|turn|28\n|\n|t:|1698547158\n|switch|p1a: Rillaboom|Rillaboom, M|83\/100 par\n|-damage|p1a: Rillaboom|71\/100 par|[from] Stealth Rock\n|-fieldstart|move: Grassy Terrain|[from] ability: Grassy Surge|[of] p1a: Rillaboom\n|move|p2a: Arceus|Recover|p2a: Arceus\n|-heal|p2a: Arceus|100\/100\n|\n|-heal|p1a: Rillaboom|77\/100 par|[from] Grassy Terrain\n|upkeep\n|turn|29\n|\n|t:|1698547162\n|move|p2a: Arceus|Flare Blitz|p1a: Rillaboom\n|-supereffective|p1a: Rillaboom\n|-damage|p1a: Rillaboom|0 fnt\n|faint|p1a: Rillaboom\n|-damage|p2a: Arceus|74\/100|[from] Recoil\n|\n|-heal|p2a: Arceus|80\/100|[from] Grassy Terrain\n|upkeep\n|\n|t:|1698547169\n|switch|p1a: Espathra|Espathra, F|100\/100\n|-damage|p1a: Espathra|88\/100|[from] Stealth Rock\n|-enditem|p1a: Espathra|Grassy Seed\n|-boost|p1a: Espathra|def|1|[from] item: Grassy Seed\n|turn|30\n|\n|t:|1698547186\n|-terastallize|p2a: Arceus|Ground\n|move|p1a: Espathra|Protect|p1a: Espathra\n|-singleturn|p1a: Espathra|Protect\n|move|p2a: Arceus|Earthquake|p1a: Espathra\n|-activate|p1a: Espathra|move: Protect\n|\n|-heal|p2a: Arceus|86\/100|[from] Grassy Terrain\n|-heal|p1a: Espathra|94\/100|[from] Grassy Terrain\n|-ability|p1a: Espathra|Speed Boost|boost\n|-boost|p1a: Espathra|spe|1\n|upkeep\n|turn|31\n|\n|t:|1698547194\n|move|p2a: Arceus|Flare Blitz|p1a: Espathra\n|-damage|p1a: Espathra|0 fnt\n|faint|p1a: Espathra\n|-damage|p2a: Arceus|54\/100|[from] Recoil\n|\n|-heal|p2a: Arceus|60\/100|[from] Grassy Terrain\n|upkeep\n|\n|t:|1698547198\n|switch|p1a: Cyclizar|Cyclizar, F|49\/100 brn\n|turn|32\n|\n|t:|1698547202\n|move|p2a: Arceus|Earthquake|p1a: Cyclizar\n|-damage|p1a: Cyclizar|0 fnt\n|faint|p1a: Cyclizar\n|\n|-heal|p2a: Arceus|66\/100|[from] Grassy Terrain\n|-fieldend|move: Grassy Terrain\n|upkeep\n|\n|t:|1698547204\n|switch|p1a: Chi-Yu|Chi-Yu|22\/100\n|-damage|p1a: Chi-Yu|0 fnt|[from] Stealth Rock\n|faint|p1a: Chi-Yu\n|\n|t:|1698547206\n|switch|p1a: Zacian|Zacian|100\/100\n|-ability|p1a: Zacian|Intrepid Sword|boost\n|-boost|p1a: Zacian|atk|1\n|turn|33\n|\n|t:|1698547214\n|move|p2a: Arceus|Flare Blitz|p1a: Zacian\n|-damage|p1a: Zacian|0 fnt\n|faint|p1a: Zacian\n|-damage|p2a: Arceus|38\/100|[from] Recoil\n|\n|win|sword over shield\n|l|\u2606FrostyRandom02\n","uploadtime":1698547565,"views":8,"p1id":"frostyrandom02","p2id":"swordovershield","formatid":"gen9ubers","rating":0,"private":0,"password":""}