{"id":"gen9ubers-1977457070","p1":"FatalOblivion","p2":"KilerCroc.35","format":"[Gen 9] Ubers","log":"|j|\u2606FatalOblivion\n|j|\u2606KilerCroc.35\n|t:|1698418702\n|gametype|singles\n|player|p1|FatalOblivion|marley|1306\n|player|p2|KilerCroc.35|clown|1218\n|teamsize|p1|6\n|teamsize|p2|6\n|gen|9\n|tier|[Gen 9] Ubers\n|rated|\n|rule|Sleep Clause Mod: Limit one foe put to sleep\n|rule|Species Clause: Limit one of each Pok\u00e9mon\n|rule|OHKO Clause: OHKO moves are banned\n|rule|Evasion Items Clause: Evasion items are banned\n|rule|Evasion Moves Clause: Evasion moves are banned\n|rule|Endless Battle Clause: Forcing endless battles is banned\n|rule|HP Percentage Mod: HP is shown in percentages\n|clearpoke\n|poke|p1|Koraidon|\n|poke|p1|Corviknight, M|\n|poke|p1|Flutter Mane|\n|poke|p1|Clodsire, M|\n|poke|p1|Arceus|\n|poke|p1|Chi-Yu|\n|poke|p2|Arceus-Fairy|\n|poke|p2|Kyogre|\n|poke|p2|Gliscor, M|\n|poke|p2|Skeledirge, M|\n|poke|p2|Koraidon|\n|poke|p2|Miraidon|\n|teampreview\n|inactive|Battle timer is ON: inactive players will automatically lose when time's up. (requested by FatalOblivion)\n|\n|t:|1698418712\n|start\n|switch|p1a: Koraidon|Koraidon|100\/100\n|switch|p2a: Arceus|Arceus-Fairy|100\/100\n|-weather|SunnyDay|[from] ability: Orichalcum Pulse|[of] p1a: Koraidon\n|-activate|p1a: Koraidon|Orichalcum Pulse|[source]\n|turn|1\n|\n|t:|1698418721\n|move|p1a: Koraidon|U-turn|p2a: Arceus\n|-resisted|p2a: Arceus\n|-damage|p2a: Arceus|91\/100\n|\n|t:|1698418726\n|switch|p1a: Chi-Yu|Chi-Yu|100\/100|[from] U-turn\n|-ability|p1a: Chi-Yu|Beads of Ruin\n|move|p2a: Arceus|Stealth Rock|p1a: Chi-Yu\n|-sidestart|p1: FatalOblivion|move: Stealth Rock\n|\n|-weather|SunnyDay|[upkeep]\n|upkeep\n|turn|2\n|\n|t:|1698418737\n|move|p1a: Chi-Yu|Overheat|p2a: Arceus\n|-damage|p2a: Arceus|0 fnt\n|-unboost|p1a: Chi-Yu|spa|2\n|faint|p2a: Arceus\n|\n|-weather|SunnyDay|[upkeep]\n|upkeep\n|j| Itsmeheats\n|\n|t:|1698418746\n|switch|p2a: Kyogre|Kyogre|100\/100\n|-weather|RainDance|[from] ability: Drizzle|[of] p2a: Kyogre\n|turn|3\n|\n|t:|1698418756\n|switch|p1a: Clodsire|Clodsire, M|100\/100\n|-damage|p1a: Clodsire|94\/100|[from] Stealth Rock\n|move|p2a: Kyogre|Water Spout|p1a: Clodsire\n|-heal|p1a: Clodsire|100\/100|[from] ability: Water Absorb|[of] p2a: Kyogre\n|\n|-weather|RainDance|[upkeep]\n|upkeep\n|turn|4\n|\n|t:|1698418765\n|switch|p2a: Gliscor|Gliscor, M|100\/100\n|move|p1a: Clodsire|Stealth Rock|p2a: Gliscor\n|-sidestart|p2: KilerCroc.35|move: Stealth Rock\n|\n|-weather|RainDance|[upkeep]\n|-status|p2a: Gliscor|tox|[from] item: Toxic Orb\n|upkeep\n|turn|5\n|\n|t:|1698418774\n|switch|p1a: Koraidon|Koraidon|100\/100\n|-damage|p1a: Koraidon|94\/100|[from] Stealth Rock\n|-weather|SunnyDay|[from] ability: Orichalcum Pulse|[of] p1a: Koraidon\n|-activate|p1a: Koraidon|Orichalcum Pulse|[source]\n|move|p2a: Gliscor|Spikes|p1a: Koraidon\n|-sidestart|p1: FatalOblivion|Spikes\n|\n|-weather|SunnyDay|[upkeep]\n|upkeep\n|turn|6\n|\n|t:|1698418785\n|move|p1a: Koraidon|Dragon Claw|p2a: Gliscor\n|-damage|p2a: Gliscor|55\/100 tox\n|move|p2a: Gliscor|Toxic|p1a: Koraidon\n|-status|p1a: Koraidon|tox\n|\n|-weather|SunnyDay|[upkeep]\n|-damage|p1a: Koraidon|88\/100 tox|[from] psn\n|-heal|p2a: Gliscor|68\/100 tox|[from] ability: Poison Heal\n|upkeep\n|turn|7\n|l| Itsmeheats\n|\n|t:|1698418794\n|switch|p1a: Chi-Yu|Chi-Yu|100\/100\n|-damage|p1a: Chi-Yu|76\/100|[from] Stealth Rock\n|-damage|p1a: Chi-Yu|63\/100|[from] Spikes\n|-ability|p1a: Chi-Yu|Beads of Ruin\n|move|p2a: Gliscor|Protect||[still]\n|-fail|p2a: Gliscor\n|\n|-weather|SunnyDay|[upkeep]\n|-heal|p2a: Gliscor|80\/100 tox|[from] ability: Poison Heal\n|upkeep\n|turn|8\n|j| Itsmeheats\n|\n|t:|1698418804\n|switch|p2a: Kyogre|Kyogre|100\/100\n|-damage|p2a: Kyogre|88\/100|[from] Stealth Rock\n|-weather|RainDance|[from] ability: Drizzle|[of] p2a: Kyogre\n|move|p1a: Chi-Yu|Dark Pulse|p2a: Kyogre\n|-damage|p2a: Kyogre|45\/100\n|\n|-weather|RainDance|[upkeep]\n|upkeep\n|turn|9\n|\n|t:|1698418822\n|move|p1a: Chi-Yu|Dark Pulse|p2a: Kyogre\n|-damage|p2a: Kyogre|0 fnt\n|faint|p2a: Kyogre\n|\n|-weather|RainDance|[upkeep]\n|upkeep\n|\n|t:|1698418830\n|switch|p2a: Miraidon|Miraidon|100\/100\n|-damage|p2a: Miraidon|88\/100|[from] Stealth Rock\n|-fieldstart|move: Electric Terrain|[from] ability: Hadron Engine|[of] p2a: Miraidon\n|turn|10\n|\n|t:|1698418837\n|move|p2a: Miraidon|Draco Meteor|p1a: Chi-Yu\n|-damage|p1a: Chi-Yu|0 fnt\n|-unboost|p2a: Miraidon|spa|2\n|faint|p1a: Chi-Yu\n|\n|-weather|RainDance|[upkeep]\n|upkeep\n|\n|t:|1698418848\n|switch|p1a: Flutter Mane|Flutter Mane|100\/100\n|-damage|p1a: Flutter Mane|88\/100|[from] Stealth Rock\n|-damage|p1a: Flutter Mane|76\/100|[from] Spikes\n|turn|11\n|\n|t:|1698418857\n|switch|p2a: Gliscor|Gliscor, M|80\/100 tox\n|-damage|p2a: Gliscor|68\/100 tox|[from] Stealth Rock\n|move|p1a: Flutter Mane|Shadow Ball|p2a: Gliscor\n|-damage|p2a: Gliscor|8\/100 tox\n|\n|-weather|RainDance|[upkeep]\n|-heal|p2a: Gliscor|21\/100 tox|[from] ability: Poison Heal\n|upkeep\n|turn|12\n|\n|t:|1698418865\n|move|p2a: Gliscor|Protect|p2a: Gliscor\n|-singleturn|p2a: Gliscor|Protect\n|move|p1a: Flutter Mane|Shadow Ball|p2a: Gliscor\n|-activate|p2a: Gliscor|move: Protect\n|\n|-weather|none\n|-heal|p2a: Gliscor|33\/100 tox|[from] ability: Poison Heal\n|upkeep\n|turn|13\n|\n|t:|1698418880\n|move|p1a: Flutter Mane|Shadow Ball|p2a: Gliscor\n|-damage|p2a: Gliscor|0 fnt\n|faint|p2a: Gliscor\n|\n|upkeep\n|\n|t:|1698418886\n|switch|p2a: Koraidon|Koraidon|100\/100\n|-damage|p2a: Koraidon|94\/100|[from] Stealth Rock\n|-weather|SunnyDay|[from] ability: Orichalcum Pulse|[of] p2a: Koraidon\n|-activate|p1a: Flutter Mane|ability: Protosynthesis\n|-start|p1a: Flutter Mane|protosynthesisspe\n|-activate|p2a: Koraidon|Orichalcum Pulse|[source]\n|turn|14\n|\n|t:|1698418898\n|-end|p1a: Flutter Mane|Protosynthesis|[silent]\n|switch|p1a: Corviknight|Corviknight, M|100\/100\n|-damage|p1a: Corviknight|88\/100|[from] Stealth Rock\n|move|p2a: Koraidon|Flare Blitz|p1a: Corviknight\n|-supereffective|p1a: Corviknight\n|-damage|p1a: Corviknight|0 fnt\n|faint|p1a: Corviknight\n|-damage|p2a: Koraidon|60\/100|[from] Recoil\n|\n|-weather|SunnyDay|[upkeep]\n|-fieldend|move: Electric Terrain\n|upkeep\n|\n|t:|1698418904\n|switch|p1a: Flutter Mane|Flutter Mane|76\/100\n|-damage|p1a: Flutter Mane|63\/100|[from] Stealth Rock\n|-damage|p1a: Flutter Mane|51\/100|[from] Spikes\n|-activate|p1a: Flutter Mane|ability: Protosynthesis\n|-start|p1a: Flutter Mane|protosynthesisspe\n|turn|15\n|\n|t:|1698418913\n|switch|p2a: Skeledirge|Skeledirge, M|100\/100\n|-damage|p2a: Skeledirge|75\/100|[from] Stealth Rock\n|move|p1a: Flutter Mane|Shadow Ball|p2a: Skeledirge\n|-supereffective|p2a: Skeledirge\n|-damage|p2a: Skeledirge|0 fnt\n|faint|p2a: Skeledirge\n|\n|-weather|SunnyDay|[upkeep]\n|upkeep\n|\n|t:|1698418919\n|switch|p2a: Koraidon|Koraidon|60\/100\n|-damage|p2a: Koraidon|54\/100|[from] Stealth Rock\n|-activate|p2a: Koraidon|ability: Orichalcum Pulse\n|turn|16\n|c|\u2606FatalOblivion|Gottem\n|\n|t:|1698418925\n|move|p1a: Flutter Mane|Shadow Ball|p2a: Koraidon\n|-damage|p2a: Koraidon|0 fnt\n|faint|p2a: Koraidon\n|\n|-weather|SunnyDay|[upkeep]\n|upkeep\n|\n|t:|1698418928\n|switch|p2a: Miraidon|Miraidon|88\/100\n|-damage|p2a: Miraidon|76\/100|[from] Stealth Rock\n|-fieldstart|move: Electric Terrain|[from] ability: Hadron Engine|[of] p2a: Miraidon\n|turn|17\n|\n|t:|1698418941\n|move|p2a: Miraidon|Dazzling Gleam|p1a: Flutter Mane\n|-damage|p1a: Flutter Mane|8\/100\n|move|p1a: Flutter Mane|Shadow Ball|p2a: Miraidon\n|-damage|p2a: Miraidon|21\/100\n|\n|-weather|SunnyDay|[upkeep]\n|upkeep\n|turn|18\n|\n|t:|1698418947\n|move|p1a: Flutter Mane|Shadow Ball|p2a: Miraidon\n|-damage|p2a: Miraidon|0 fnt\n|faint|p2a: Miraidon\n|\n|win|FatalOblivion\n|raw|FatalOblivion's rating: 1306 &rarr; <strong>1321<\/strong><br \/>(+15 for winning)\n|raw|KilerCroc.35's rating: 1218 &rarr; <strong>1199<\/strong><br \/>(-19 for losing)\n|l|\u2606KilerCroc.35\n","uploadtime":1698418954,"views":11,"p1id":"fataloblivion","p2id":"kilercroc35","formatid":"gen9ubers","rating":1199,"private":0,"password":""}