{"id":"gen9ubers-1995231437","p1":"cftyvubhijnkmln","p2":"skinnyrainbow11","format":"[Gen 9] Ubers","log":"|j|\u2606cftyvubhijnkmln\n|j|\u2606skinnyrainbow11\n|t:|1700537607\n|gametype|singles\n|player|p1|cftyvubhijnkmln|101|1019\n|player|p2|skinnyrainbow11|170|1040\n|teamsize|p1|6\n|teamsize|p2|6\n|gen|9\n|tier|[Gen 9] Ubers\n|rated|\n|rule|Sleep Clause Mod: Limit one foe put to sleep\n|rule|Species Clause: Limit one of each Pok\u00e9mon\n|rule|OHKO Clause: OHKO moves are banned\n|rule|Evasion Items Clause: Evasion items are banned\n|rule|Evasion Moves Clause: Evasion moves are banned\n|rule|Endless Battle Clause: Forcing endless battles is banned\n|rule|HP Percentage Mod: HP is shown in percentages\n|clearpoke\n|poke|p1|Sneasler, F|\n|poke|p1|Toxapex, F|\n|poke|p1|Miraidon|\n|poke|p1|Shaymin-Sky|\n|poke|p1|Chi-Yu|\n|poke|p1|Corviknight, M|\n|poke|p2|Basculegion, M|\n|poke|p2|Pelipper, M|\n|poke|p2|Pawmot, M|\n|poke|p2|Rabsca, F|\n|poke|p2|Urshifu-*, M|\n|poke|p2|Glimmora, F|\n|teampreview\n|inactive|Battle timer is ON: inactive players will automatically lose when time's up. (requested by cftyvubhijnkmln)\n|\n|t:|1700537630\n|start\n|switch|p1a: Toxapex|Toxapex, F|100\/100\n|switch|p2a: Urshifu|Urshifu-Rapid-Strike, M|100\/100\n|turn|1\n|\n|t:|1700537637\n|move|p2a: Urshifu|Surging Strikes|p1a: Toxapex\n|-resisted|p1a: Toxapex\n|-crit|p1a: Toxapex\n|-damage|p1a: Toxapex|89\/100\n|-resisted|p1a: Toxapex\n|-crit|p1a: Toxapex\n|-damage|p1a: Toxapex|79\/100\n|-resisted|p1a: Toxapex\n|-crit|p1a: Toxapex\n|-damage|p1a: Toxapex|68\/100\n|-hitcount|p1a: Toxapex|3\n|-damage|p2a: Urshifu|91\/100|[from] item: Life Orb\n|move|p1a: Toxapex|Toxic Spikes|p2a: Urshifu\n|-sidestart|p2: skinnyrainbow11|move: Toxic Spikes\n|\n|-heal|p1a: Toxapex|74\/100|[from] item: Black Sludge\n|upkeep\n|turn|2\n|\n|t:|1700537647\n|move|p2a: Urshifu|Surging Strikes|p1a: Toxapex\n|-resisted|p1a: Toxapex\n|-crit|p1a: Toxapex\n|-damage|p1a: Toxapex|64\/100\n|-resisted|p1a: Toxapex\n|-crit|p1a: Toxapex\n|-damage|p1a: Toxapex|54\/100\n|-resisted|p1a: Toxapex\n|-crit|p1a: Toxapex\n|-damage|p1a: Toxapex|44\/100\n|-hitcount|p1a: Toxapex|3\n|-damage|p2a: Urshifu|81\/100|[from] item: Life Orb\n|move|p1a: Toxapex|Toxic Spikes|p2a: Urshifu\n|-sidestart|p2: skinnyrainbow11|move: Toxic Spikes\n|\n|-heal|p1a: Toxapex|50\/100|[from] item: Black Sludge\n|upkeep\n|turn|3\n|\n|t:|1700537659\n|move|p2a: Urshifu|Surging Strikes|p1a: Toxapex\n|-resisted|p1a: Toxapex\n|-crit|p1a: Toxapex\n|-damage|p1a: Toxapex|39\/100\n|-resisted|p1a: Toxapex\n|-crit|p1a: Toxapex\n|-damage|p1a: Toxapex|29\/100\n|-resisted|p1a: Toxapex\n|-crit|p1a: Toxapex\n|-damage|p1a: Toxapex|18\/100\n|-hitcount|p1a: Toxapex|3\n|-damage|p2a: Urshifu|71\/100|[from] item: Life Orb\n|move|p1a: Toxapex|Chilling Water|p2a: Urshifu\n|-resisted|p2a: Urshifu\n|-damage|p2a: Urshifu|61\/100\n|-unboost|p2a: Urshifu|atk|1\n|\n|-heal|p1a: Toxapex|24\/100|[from] item: Black Sludge\n|upkeep\n|turn|4\n|\n|t:|1700537666\n|move|p1a: Toxapex|Baneful Bunker|p1a: Toxapex\n|-singleturn|p1a: Toxapex|move: Protect\n|move|p2a: Urshifu|Surging Strikes|p1a: Toxapex\n|-resisted|p1a: Toxapex\n|-crit|p1a: Toxapex\n|-damage|p1a: Toxapex|13\/100\n|-resisted|p1a: Toxapex\n|-crit|p1a: Toxapex\n|-damage|p1a: Toxapex|1\/100\n|-resisted|p1a: Toxapex\n|-crit|p1a: Toxapex\n|-damage|p1a: Toxapex|0 fnt\n|faint|p1a: Toxapex\n|-hitcount|p1: Toxapex|3\n|-damage|p2a: Urshifu|52\/100|[from] item: Life Orb\n|\n|upkeep\n|c|\u2606skinnyrainbow11|lol\n|\n|t:|1700537684\n|switch|p1a: Shaymin|Shaymin-Sky|100\/100\n|turn|5\n|\n|t:|1700537711\n|move|p1a: Shaymin|Air Slash|p2a: Urshifu\n|-supereffective|p2a: Urshifu\n|-damage|p2a: Urshifu|0 fnt\n|faint|p2a: Urshifu\n|\n|upkeep\n|c|\u2606cftyvubhijnkmln|lol\n|\n|t:|1700537716\n|switch|p2a: Glimmora|Glimmora, F|100\/100\n|-sideend|p2: skinnyrainbow11|move: Toxic Spikes|[of] p2a: Glimmora\n|turn|6\n|c|\u2606skinnyrainbow11|lol\n|\n|t:|1700537728\n|move|p1a: Shaymin|Psychic|p2a: Glimmora\n|-supereffective|p2a: Glimmora\n|-damage|p2a: Glimmora|28\/100\n|-enditem|p2a: Glimmora|Sitrus Berry|[eat]\n|-heal|p2a: Glimmora|53\/100|[from] item: Sitrus Berry\n|move|p2a: Glimmora|Stealth Rock|p1a: Shaymin\n|-sidestart|p1: cftyvubhijnkmln|move: Stealth Rock\n|\n|upkeep\n|turn|7\n|\n|t:|1700537736\n|move|p1a: Shaymin|Psychic|p2a: Glimmora\n|-supereffective|p2a: Glimmora\n|-damage|p2a: Glimmora|0 fnt\n|faint|p2a: Glimmora\n|\n|upkeep\n|c|\u2606cftyvubhijnkmln|lol\n|\n|t:|1700537745\n|switch|p2a: Pawmot|Pawmot, M|100\/100\n|turn|8\n|\n|t:|1700537748\n|move|p2a: Pawmot|Fake Out|p1a: Shaymin\n|-damage|p1a: Shaymin|85\/100\n|cant|p1a: Shaymin|flinch\n|\n|-heal|p1a: Shaymin|91\/100|[from] item: Leftovers\n|upkeep\n|turn|9\n|\n|t:|1700537755\n|move|p1a: Shaymin|Psychic|p2a: Pawmot\n|-supereffective|p2a: Pawmot\n|-damage|p2a: Pawmot|0 fnt\n|faint|p2a: Pawmot\n|\n|-heal|p1a: Shaymin|98\/100|[from] item: Leftovers\n|upkeep\n|c|\u2606cftyvubhijnkmln|lol\n|\n|t:|1700537759\n|switch|p2a: Rabsca|Rabsca, F|100\/100\n|turn|10\n|\n|t:|1700537767\n|move|p1a: Shaymin|Air Slash|p2a: Rabsca\n|-supereffective|p2a: Rabsca\n|-damage|p2a: Rabsca|50\/100\n|cant|p2a: Rabsca|flinch\n|\n|-heal|p1a: Shaymin|100\/100|[from] item: Leftovers\n|upkeep\n|turn|11\n|c|\u2606cftyvubhijnkmln|lol\n|\n|t:|1700537774\n|move|p1a: Shaymin|Air Slash|p2a: Rabsca\n|-supereffective|p2a: Rabsca\n|-damage|p2a: Rabsca|0 fnt\n|faint|p2a: Rabsca\n|\n|upkeep\n|\n|t:|1700537780\n|switch|p2a: Pelipper|Pelipper, M|100\/100\n|-weather|RainDance|[from] ability: Drizzle|[of] p2a: Pelipper\n|turn|12\n|\n|t:|1700537785\n|move|p1a: Shaymin|Seed Flare|p2a: Pelipper\n|-damage|p2a: Pelipper|5\/100\n|-unboost|p2a: Pelipper|spd|2\n|move|p2a: Pelipper|Weather Ball|p1a: Shaymin\n|-resisted|p1a: Shaymin\n|-damage|p1a: Shaymin|59\/100\n|\n|-weather|RainDance|[upkeep]\n|-heal|p1a: Shaymin|66\/100|[from] item: Leftovers\n|upkeep\n|turn|13\n|\n|t:|1700537792\n|move|p1a: Shaymin|Seed Flare|p2a: Pelipper\n|-damage|p2a: Pelipper|0 fnt\n|faint|p2a: Pelipper\n|\n|-weather|RainDance|[upkeep]\n|-heal|p1a: Shaymin|72\/100|[from] item: Leftovers\n|upkeep\n|\n|t:|1700537795\n|switch|p2a: Basculegion|Basculegion, M|100\/100\n|turn|14\n|c|\u2606cftyvubhijnkmln|lol\n|c|\u2606cftyvubhijnkmln|u funny ngl\n|c|\u2606cftyvubhijnkmln|thought you did something\n|\n|t:|1700537820\n|-terastallize|p2a: Basculegion|Ghost\n|move|p2a: Basculegion|Last Respects|p1a: Shaymin\n|-damage|p1a: Shaymin|0 fnt\n|faint|p1a: Shaymin\n|\n|-weather|RainDance|[upkeep]\n|upkeep\n|c|\u2606skinnyrainbow11|lol\n|\n|t:|1700537828\n|switch|p1a: Chi-Yu|Chi-Yu|100\/100\n|-damage|p1a: Chi-Yu|76\/100|[from] Stealth Rock\n|-ability|p1a: Chi-Yu|Beads of Ruin\n|turn|15\n|\n|t:|1700537833\n|move|p2a: Basculegion|Last Respects|p1a: Chi-Yu\n|-resisted|p1a: Chi-Yu\n|-damage|p1a: Chi-Yu|0 fnt\n|faint|p1a: Chi-Yu\n|\n|-weather|RainDance|[upkeep]\n|upkeep\n|c|\u2606skinnyrainbow11|lol\n|\n|t:|1700537839\n|switch|p1a: Miraidon|Miraidon|100\/100\n|-damage|p1a: Miraidon|88\/100|[from] Stealth Rock\n|-fieldstart|move: Electric Terrain|[from] ability: Hadron Engine|[of] p1a: Miraidon\n|turn|16\n|c|\u2606skinnyrainbow11|thought you did something\n|\n|t:|1700537846\n|move|p2a: Basculegion|Last Respects|p1a: Miraidon\n|-damage|p1a: Miraidon|0 fnt\n|faint|p1a: Miraidon\n|\n|-weather|RainDance|[upkeep]\n|upkeep\n|\n|t:|1700537850\n|switch|p1a: Corviknight|Corviknight, M|100\/100\n|-damage|p1a: Corviknight|88\/100|[from] Stealth Rock\n|turn|17\n|c|\u2606skinnyrainbow11|lol\n|\n|t:|1700537857\n|move|p2a: Basculegion|Last Respects|p1a: Corviknight\n|-damage|p1a: Corviknight|0 fnt\n|faint|p1a: Corviknight\n|\n|-weather|RainDance|[upkeep]\n|upkeep\n|c|\u2606cftyvubhijnkmln|wtf is that sht\n|\n|t:|1700537862\n|switch|p1a: Sneasler|Sneasler, F|100\/100\n|-damage|p1a: Sneasler|95\/100|[from] Stealth Rock\n|turn|18\n|c|\u2606skinnyrainbow11|lol\n|\n|t:|1700537866\n|move|p2a: Basculegion|Last Respects|p1a: Sneasler\n|-damage|p1a: Sneasler|0 fnt\n|faint|p1a: Sneasler\n|\n|win|skinnyrainbow11\n|raw|cftyvubhijnkmln's rating: 1019 &rarr; <strong>1007<\/strong><br \/>(-12 for losing)\n|raw|skinnyrainbow11's rating: 1040 &rarr; <strong>1072<\/strong><br \/>(+32 for winning)\n|c|\u2606skinnyrainbow11|gg\n|c|\u2606skinnyrainbow11|lol\n|c|\u2606cftyvubhijnkmln|nah u fukin kid\n|c|\u2606cftyvubhijnkmln|wtf is that\n|l|\u2606cftyvubhijnkmln\n|c|\u2606skinnyrainbow11|sit down be humble\n","uploadtime":1700537894,"views":5,"p1id":"cftyvubhijnkmln","p2id":"skinnyrainbow11","formatid":"gen9ubers","rating":1007,"private":0,"password":""}