{"id":"gen9ubers-1989269405","p1":"Superison","p2":"IshaNn","format":"[Gen 9] Ubers","log":"|j|\u2606Superison\n|j|\u2606IshaNn\n|t:|1699830089\n|gametype|singles\n|player|p1|Superison|102|\n|player|p2|IshaNn|koga|\n|teamsize|p1|6\n|teamsize|p2|6\n|gen|9\n|tier|[Gen 9] Ubers\n|rule|Sleep Clause Mod: Limit one foe put to sleep\n|rule|Species Clause: Limit one of each Pok\u00e9mon\n|rule|OHKO Clause: OHKO moves are banned\n|rule|Evasion Items Clause: Evasion items are banned\n|rule|Evasion Moves Clause: Evasion moves are banned\n|rule|Endless Battle Clause: Forcing endless battles is banned\n|rule|HP Percentage Mod: HP is shown in percentages\n|clearpoke\n|poke|p1|Sneasler, F|\n|poke|p1|Samurott-Hisui, M|\n|poke|p1|Mew|\n|poke|p1|Rillaboom, F|\n|poke|p1|Goodra, F|\n|poke|p1|Ditto|\n|poke|p2|Baxcalibur, F|\n|poke|p2|Great Tusk|\n|poke|p2|Thundurus, M|\n|poke|p2|Ninetales-Alola, M|\n|poke|p2|Volcarona, M|\n|poke|p2|Amoonguss, M|\n|teampreview\n|c|\u2606Superison|Heyo\n|c|\u2606IshaNn|heyo\n|j| ThatGuyAltro\n|j| iceberg149\n|c| ThatGuyAltro|GL all\n|j| DivogoJota\n|c|\u2606IshaNn|no u altro\n|c|\u2606Superison|They updated sneasler\n|j| justinrockin\n|c|\u2606IshaNn|oh yeah wait\n|c|\u2606IshaNn|sneasler updated model pog\n|c| iceberg149|i was gonna say it ac tually has one finally lol\n|c| ThatGuyAltro|RIP Bax and GT\n|c|\u2606IshaNn|bax and tusk don't tho :(\n|c|\u2606Superison|D:\n|\n|t:|1699830202\n|start\n|switch|p1a: Sneasler|Sneasler, F|100\/100\n|switch|p2a: Voltolos|Thundurus, M|100\/100\n|turn|1\n|\n|t:|1699830209\n|move|p2a: Voltolos|Psychic|p1a: Sneasler\n|-supereffective|p1a: Sneasler\n|-damage|p1a: Sneasler|0 fnt\n|faint|p1a: Sneasler\n|\n|upkeep\n|c|\u2606Superison|dang DL\n|\n|t:|1699830217\n|switch|p1a: Samurott|Samurott-Hisui, M|100\/100\n|turn|2\n|\n|t:|1699830225\n|switch|p2a: Kyukon|Ninetales-Alola, M|100\/100\n|-weather|Snow|[from] ability: Snow Warning|[of] p2a: Kyukon\n|move|p1a: Samurott|Ceaseless Edge|p2a: Kyukon\n|-resisted|p2a: Kyukon\n|-damage|p2a: Kyukon|80\/100\n|-sidestart|p2: IshaNn|Spikes\n|\n|-weather|Snow|[upkeep]\n|upkeep\n|turn|3\n|\n|t:|1699830246\n|switch|p1a: Mew|Mew|100\/100\n|move|p2a: Kyukon|Aurora Veil|p2a: Kyukon\n|-sidestart|p2: IshaNn|move: Aurora Veil\n|\n|-weather|Snow|[upkeep]\n|upkeep\n|turn|4\n|\n|t:|1699830255\n|switch|p2a: Ulgamoth|Volcarona, M|100\/100\n|move|p1a: Mew|Thunder Wave|p2a: Ulgamoth\n|-status|p2a: Ulgamoth|par\n|\n|-weather|Snow|[upkeep]\n|upkeep\n|turn|5\n|\n|t:|1699830259\n|switch|p1a: Goodra|Goodra, F|100\/100\n|move|p2a: Ulgamoth|Quiver Dance|p2a: Ulgamoth\n|-boost|p2a: Ulgamoth|spa|1\n|-boost|p2a: Ulgamoth|spd|1\n|-boost|p2a: Ulgamoth|spe|1\n|\n|-weather|Snow|[upkeep]\n|upkeep\n|turn|6\n|\n|t:|1699830263\n|move|p2a: Ulgamoth|Quiver Dance|p2a: Ulgamoth\n|-boost|p2a: Ulgamoth|spa|1\n|-boost|p2a: Ulgamoth|spd|1\n|-boost|p2a: Ulgamoth|spe|1\n|move|p1a: Goodra|Knock Off|p2a: Ulgamoth\n|-damage|p2a: Ulgamoth|79\/100 par\n|-enditem|p2a: Ulgamoth|Heavy-Duty Boots|[from] move: Knock Off|[of] p1a: Goodra\n|\n|-weather|none\n|upkeep\n|turn|7\n|\n|t:|1699830266\n|move|p2a: Ulgamoth|Quiver Dance|p2a: Ulgamoth\n|-boost|p2a: Ulgamoth|spa|1\n|-boost|p2a: Ulgamoth|spd|1\n|-boost|p2a: Ulgamoth|spe|1\n|move|p1a: Goodra|Rock Slide|p2a: Ulgamoth\n|-supereffective|p2a: Ulgamoth\n|-damage|p2a: Ulgamoth|5\/100 par\n|\n|upkeep\n|turn|8\n|c| justinrockin|incoming para\n|c| justinrockin|dw super you're good\n|c|\u2606Superison|D:\n|\n|t:|1699830296\n|move|p2a: Ulgamoth|Bug Buzz|p1a: Goodra\n|-damage|p1a: Goodra|47\/100\n|move|p1a: Goodra|Knock Off|p2a: Ulgamoth\n|-damage|p2a: Ulgamoth|0 fnt\n|-status|p1a: Goodra|brn|[from] ability: Flame Body|[of] p2a: Ulgamoth\n|faint|p2a: Ulgamoth\n|\n|-damage|p1a: Goodra|41\/100 brn|[from] brn\n|upkeep\n|c|\u2606Superison|I was lied to :c\n|j| Ghantist\n|\n|t:|1699830322\n|switch|p2a: Idainakiba|Great Tusk|100\/100\n|turn|9\n|\n|t:|1699830333\n|move|p2a: Idainakiba|Stealth Rock|p1a: Goodra\n|-sidestart|p1: Superison|move: Stealth Rock\n|move|p1a: Goodra|Knock Off|p2a: Idainakiba\n|-resisted|p2a: Idainakiba\n|-damage|p2a: Idainakiba|98\/100\n|-enditem|p2a: Idainakiba|Heavy-Duty Boots|[from] move: Knock Off|[of] p1a: Goodra\n|\n|-damage|p1a: Goodra|35\/100 brn|[from] brn\n|upkeep\n|turn|10\n|\n|t:|1699830345\n|switch|p1a: Rillaboom|Rillaboom, F|100\/100\n|-damage|p1a: Rillaboom|88\/100|[from] Stealth Rock\n|-fieldstart|move: Grassy Terrain|[from] ability: Grassy Surge|[of] p1a: Rillaboom\n|-enditem|p1a: Rillaboom|Grassy Seed\n|-boost|p1a: Rillaboom|def|1|[from] item: Grassy Seed\n|move|p2a: Idainakiba|Rapid Spin|p1a: Rillaboom\n|-damage|p1a: Rillaboom|79\/100\n|-boost|p2a: Idainakiba|spe|1\n|-sideend|p2: IshaNn|Spikes|[from] move: Rapid Spin|[of] p2a: Idainakiba\n|\n|-heal|p2a: Idainakiba|100\/100|[from] Grassy Terrain\n|-heal|p1a: Rillaboom|85\/100|[from] Grassy Terrain\n|-sideend|p2: IshaNn|move: Aurora Veil\n|upkeep\n|turn|11\n|\n|t:|1699830353\n|-end|p2a: Idainakiba|Protosynthesis|[silent]\n|switch|p2a: Kyukon|Ninetales-Alola, M|80\/100\n|-weather|Snow|[from] ability: Snow Warning|[of] p2a: Kyukon\n|move|p1a: Rillaboom|Drum Beating|p2a: Kyukon\n|-damage|p2a: Kyukon|35\/100\n|-unboost|p2a: Kyukon|spe|1\n|\n|-weather|Snow|[upkeep]\n|-heal|p2a: Kyukon|41\/100|[from] Grassy Terrain\n|-heal|p1a: Rillaboom|91\/100|[from] Grassy Terrain\n|upkeep\n|turn|12\n|\n|t:|1699830364\n|switch|p2a: Morabareru|Amoonguss, M|100\/100\n|move|p1a: Rillaboom|Drum Beating|p2a: Morabareru\n|-resisted|p2a: Morabareru\n|-damage|p2a: Morabareru|90\/100\n|-unboost|p2a: Morabareru|spe|1\n|\n|-weather|Snow|[upkeep]\n|-heal|p1a: Rillaboom|97\/100|[from] Grassy Terrain\n|-heal|p2a: Morabareru|96\/100|[from] Grassy Terrain\n|-heal|p2a: Morabareru|100\/100|[from] item: Black Sludge\n|upkeep\n|turn|13\n|\n|t:|1699830369\n|switch|p1a: Goodra|Goodra, F|35\/100 brn\n|-damage|p1a: Goodra|23\/100 brn|[from] Stealth Rock\n|move|p2a: Morabareru|Sludge Bomb|p1a: Goodra\n|-damage|p1a: Goodra|13\/100 brn\n|\n|-weather|Snow|[upkeep]\n|-heal|p1a: Goodra|19\/100 brn|[from] Grassy Terrain\n|-damage|p1a: Goodra|13\/100 brn|[from] brn\n|upkeep\n|turn|14\n|\n|t:|1699830375\n|move|p1a: Goodra|Fire Punch|p2a: Morabareru\n|-supereffective|p2a: Morabareru\n|-damage|p2a: Morabareru|85\/100\n|move|p2a: Morabareru|Sludge Bomb|p1a: Goodra\n|-damage|p1a: Goodra|0 fnt\n|faint|p1a: Goodra\n|\n|-weather|Snow|[upkeep]\n|-heal|p2a: Morabareru|91\/100|[from] Grassy Terrain\n|-heal|p2a: Morabareru|97\/100|[from] item: Black Sludge\n|-fieldend|move: Grassy Terrain\n|upkeep\n|\n|t:|1699830382\n|switch|p1a: Mew|Mew|100\/100\n|-damage|p1a: Mew|88\/100|[from] Stealth Rock\n|turn|15\n|\n|t:|1699830401\n|move|p1a: Mew|Thunder Wave|p2a: Morabareru\n|-status|p2a: Morabareru|par\n|move|p2a: Morabareru|Spore|p1a: Mew\n|-status|p1a: Mew|slp|[from] move: Spore\n|\n|-weather|none\n|-heal|p1a: Mew|94\/100 slp|[from] item: Leftovers\n|-heal|p2a: Morabareru|100\/100 par|[from] item: Black Sludge\n|upkeep\n|turn|16\n|\n|t:|1699830405\n|switch|p2a: Kyukon|Ninetales-Alola, M|41\/100\n|-weather|Snow|[from] ability: Snow Warning|[of] p2a: Kyukon\n|cant|p1a: Mew|slp\n|\n|-weather|Snow|[upkeep]\n|-heal|p1a: Mew|100\/100 slp|[from] item: Leftovers\n|upkeep\n|turn|17\n|\n|t:|1699830408\n|move|p2a: Kyukon|Aurora Veil|p2a: Kyukon\n|-sidestart|p2: IshaNn|move: Aurora Veil\n|-curestatus|p1a: Mew|slp|[msg]\n|move|p1a: Mew|Power Gem|p2a: Kyukon\n|-supereffective|p2a: Kyukon\n|-damage|p2a: Kyukon|20\/100\n|\n|-weather|Snow|[upkeep]\n|upkeep\n|turn|18\n|j| hatev2\n|\n|t:|1699830418\n|move|p2a: Kyukon|Encore|p1a: Mew\n|-start|p1a: Mew|Encore\n|move|p1a: Mew|Power Gem|p2a: Kyukon\n|-supereffective|p2a: Kyukon\n|-damage|p2a: Kyukon|0 fnt\n|faint|p2a: Kyukon\n|\n|-weather|Snow|[upkeep]\n|upkeep\n|\n|t:|1699830422\n|switch|p2a: Morabareru|Amoonguss, M|100\/100 par\n|turn|19\n|\n|t:|1699830431\n|switch|p1a: Rillaboom|Rillaboom, F|97\/100\n|-damage|p1a: Rillaboom|85\/100|[from] Stealth Rock\n|-fieldstart|move: Grassy Terrain|[from] ability: Grassy Surge|[of] p1a: Rillaboom\n|move|p2a: Morabareru|Sludge Bomb|p1a: Rillaboom\n|-supereffective|p1a: Rillaboom\n|-damage|p1a: Rillaboom|14\/100\n|\n|-weather|Snow|[upkeep]\n|-heal|p1a: Rillaboom|20\/100|[from] Grassy Terrain\n|upkeep\n|turn|20\n|\n|t:|1699830436\n|move|p1a: Rillaboom|Knock Off|p2a: Morabareru\n|-damage|p2a: Morabareru|87\/100 par\n|-enditem|p2a: Morabareru|Black Sludge|[from] move: Knock Off|[of] p1a: Rillaboom\n|cant|p2a: Morabareru|par\n|\n|-weather|none\n|-heal|p1a: Rillaboom|27\/100|[from] Grassy Terrain\n|-heal|p2a: Morabareru|94\/100 par|[from] Grassy Terrain\n|upkeep\n|turn|21\n|\n|t:|1699830438\n|move|p1a: Rillaboom|U-turn|p2a: Morabareru\n|-crit|p2a: Morabareru\n|-damage|p2a: Morabareru|64\/100 par\n|\n|t:|1699830442\n|switch|p1a: Samurott|Samurott-Hisui, M|100\/100|[from] U-turn\n|-damage|p1a: Samurott|88\/100|[from] Stealth Rock\n|move|p2a: Morabareru|Sludge Bomb|p1a: Samurott\n|-damage|p1a: Samurott|48\/100\n|\n|-heal|p1a: Samurott|54\/100|[from] Grassy Terrain\n|-heal|p2a: Morabareru|71\/100 par|[from] Grassy Terrain\n|upkeep\n|turn|22\n|\n|t:|1699830447\n|move|p1a: Samurott|Ceaseless Edge|p2a: Morabareru\n|-damage|p2a: Morabareru|53\/100 par\n|-sidestart|p2: IshaNn|Spikes\n|cant|p2a: Morabareru|par\n|\n|-heal|p1a: Samurott|60\/100|[from] Grassy Terrain\n|-heal|p2a: Morabareru|60\/100 par|[from] Grassy Terrain\n|upkeep\n|turn|23\n|\n|t:|1699830450\n|move|p1a: Samurott|Ceaseless Edge|p2a: Morabareru\n|-damage|p2a: Morabareru|41\/100 par\n|-sidestart|p2: IshaNn|Spikes\n|move|p2a: Morabareru|Spore|p1a: Samurott\n|-status|p1a: Samurott|slp|[from] move: Spore\n|\n|-heal|p1a: Samurott|67\/100 slp|[from] Grassy Terrain\n|-heal|p2a: Morabareru|48\/100 par|[from] Grassy Terrain\n|-fieldend|move: Grassy Terrain\n|upkeep\n|turn|24\n|\n|t:|1699830453\n|cant|p1a: Samurott|slp\n|move|p2a: Morabareru|Giga Drain|p1a: Samurott\n|-supereffective|p1a: Samurott\n|-damage|p1a: Samurott|0 fnt\n|-heal|p2a: Morabareru|72\/100 par|[from] drain|[of] p1a: Samurott\n|faint|p1a: Samurott\n|\n|-sideend|p2: IshaNn|move: Aurora Veil\n|upkeep\n|\n|t:|1699830456\n|switch|p1a: Rillaboom|Rillaboom, F|27\/100\n|-damage|p1a: Rillaboom|14\/100|[from] Stealth Rock\n|-fieldstart|move: Grassy Terrain|[from] ability: Grassy Surge|[of] p1a: Rillaboom\n|turn|25\n|\n|t:|1699830459\n|move|p1a: Rillaboom|U-turn|p2a: Morabareru\n|-damage|p2a: Morabareru|54\/100 par\n|\n|t:|1699830461\n|switch|p1a: Mew|Mew|100\/100|[from] U-turn\n|-damage|p1a: Mew|88\/100|[from] Stealth Rock\n|move|p2a: Morabareru|Sludge Bomb|p1a: Mew\n|-damage|p1a: Mew|59\/100\n|\n|-heal|p1a: Mew|65\/100|[from] Grassy Terrain\n|-heal|p1a: Mew|71\/100|[from] item: Leftovers\n|-heal|p2a: Morabareru|60\/100 par|[from] Grassy Terrain\n|upkeep\n|turn|26\n|\n|t:|1699830466\n|move|p1a: Mew|Psychic|p2a: Morabareru\n|-supereffective|p2a: Morabareru\n|-damage|p2a: Morabareru|0 fnt\n|faint|p2a: Morabareru\n|\n|-heal|p1a: Mew|77\/100|[from] Grassy Terrain\n|-heal|p1a: Mew|83\/100|[from] item: Leftovers\n|upkeep\n|j| SunShinyReys\n|\n|t:|1699830520\n|switch|p2a: Voltolos|Thundurus, M|100\/100\n|turn|27\n|\n|t:|1699830530\n|move|p2a: Voltolos|Dark Pulse|p1a: Mew\n|-supereffective|p1a: Mew\n|-damage|p1a: Mew|30\/100\n|move|p1a: Mew|Power Gem|p2a: Voltolos\n|-supereffective|p2a: Voltolos\n|-damage|p2a: Voltolos|40\/100\n|\n|-heal|p1a: Mew|36\/100|[from] Grassy Terrain\n|-heal|p1a: Mew|42\/100|[from] item: Leftovers\n|upkeep\n|turn|28\n|\n|t:|1699830542\n|switch|p1a: Rillaboom|Rillaboom, F|14\/100\n|-damage|p1a: Rillaboom|2\/100|[from] Stealth Rock\n|move|p2a: Voltolos|Dark Pulse|p1a: Rillaboom\n|-damage|p1a: Rillaboom|0 fnt\n|faint|p1a: Rillaboom\n|\n|upkeep\n|\n|t:|1699830544\n|switch|p1a: Ditto|Ditto|100\/100\n|-damage|p1a: Ditto|88\/100|[from] Stealth Rock\n|-transform|p1a: Ditto|p2a: Voltolos|[from] ability: Imposter\n|turn|29\n|\n|t:|1699830556\n|switch|p2a: Seglaive|Baxcalibur, F|100\/100\n|-damage|p2a: Seglaive|84\/100|[from] Spikes\n|move|p1a: Ditto|Psychic|p2a: Seglaive\n|-damage|p2a: Seglaive|51\/100\n|\n|-heal|p2a: Seglaive|57\/100|[from] Grassy Terrain\n|-fieldend|move: Grassy Terrain\n|upkeep\n|turn|30\n|\n|t:|1699830562\n|switch|p1a: Mew|Mew|42\/100\n|-damage|p1a: Mew|30\/100|[from] Stealth Rock\n|move|p2a: Seglaive|Icicle Spear|p1a: Mew\n|-damage|p1a: Mew|16\/100\n|-damage|p1a: Mew|3\/100\n|-damage|p1a: Mew|0 fnt\n|faint|p1a: Mew\n|-hitcount|p1: Mew|3\n|\n|upkeep\n|\n|t:|1699830564\n|switch|p1a: Ditto|Ditto|88\/100\n|-damage|p1a: Ditto|76\/100|[from] Stealth Rock\n|-transform|p1a: Ditto|p2a: Seglaive|[from] ability: Imposter\n|turn|31\n|c| justinrockin|ishan got baited\n|\n|t:|1699830626\n|-terastallize|p1a: Ditto|Steel\n|move|p1a: Ditto|Icicle Spear|p2a: Seglaive\n|-damage|p2a: Seglaive|43\/100\n|-damage|p2a: Seglaive|27\/100\n|-hitcount|p2a: Seglaive|2\n|move|p2a: Seglaive|Scale Shot|p1a: Ditto\n|-resisted|p1a: Ditto\n|-damage|p1a: Ditto|67\/100\n|-resisted|p1a: Ditto\n|-damage|p1a: Ditto|59\/100\n|-resisted|p1a: Ditto\n|-damage|p1a: Ditto|50\/100\n|-resisted|p1a: Ditto\n|-damage|p1a: Ditto|40\/100\n|-resisted|p1a: Ditto\n|-damage|p1a: Ditto|31\/100\n|-hitcount|p1a: Ditto|5\n|-unboost|p2a: Seglaive|def|1\n|-boost|p2a: Seglaive|spe|1\n|\n|upkeep\n|turn|32\n|\n|t:|1699830648\n|move|p1a: Ditto|Icicle Spear|p2a: Seglaive\n|-damage|p2a: Seglaive|6\/100\n|-damage|p2a: Seglaive|0 fnt\n|faint|p2a: Seglaive\n|-hitcount|p2: Seglaive|2\n|\n|upkeep\n|c|\u2606IshaNn|ah speed tie rip\n|c| hatev2|this is insane\n|\n|t:|1699830685\n|switch|p2a: Voltolos|Thundurus, M|40\/100\n|turn|33\n|c| SunShinyReys|Super out here said \"Our Baxcalibur\"\n|c| hatev2|fr\n|\n|t:|1699830713\n|move|p2a: Voltolos|Focus Blast|p1a: Ditto\n|-supereffective|p1a: Ditto\n|-damage|p1a: Ditto|0 fnt\n|faint|p1a: Ditto\n|\n|win|IshaNn\n|c| DivogoJota|gg\n|c|\u2606Superison|ggs\n|l| DivogoJota\n|c|\u2606IshaNn|gg\n|c| hatev2|damn that was a GG\n|c| ThatGuyAltro|gg\n","uploadtime":1699830726,"views":44,"p1id":"superison","p2id":"ishann","formatid":"gen9ubers","rating":0,"private":0,"password":""}