{"id":"gen9ubers-1970050743","p1":"leonissenbaum","p2":"portobellomushroom","format":"[Gen 9] Ubers","log":"|j|\u2606leonissenbaum\n|j|\u2606portobellomushroom\n|t:|1697589062\n|gametype|singles\n|player|p1|leonissenbaum|leon|\n|player|p2|portobellomushroom|clown|\n|teamsize|p1|6\n|teamsize|p2|6\n|gen|9\n|tier|[Gen 9] Ubers\n|rule|Sleep Clause Mod: Limit one foe put to sleep\n|rule|Species Clause: Limit one of each Pok\u00e9mon\n|rule|OHKO Clause: OHKO moves are banned\n|rule|Evasion Items Clause: Evasion items are banned\n|rule|Evasion Moves Clause: Evasion moves are banned\n|rule|Endless Battle Clause: Forcing endless battles is banned\n|rule|HP Percentage Mod: HP is shown in percentages\n|clearpoke\n|poke|p1|Giratina|\n|poke|p1|Gliscor, M|\n|poke|p1|Blissey, F|\n|poke|p1|Dondozo, F|\n|poke|p1|Clefable, M|\n|poke|p1|Slowking-Galar, F|\n|poke|p2|Zacian-*|\n|poke|p2|Zapdos|\n|poke|p2|Cyclizar, M|\n|poke|p2|Clefable, M|\n|poke|p2|Magearna|\n|poke|p2|Arceus-Grass|\n|teampreview\n|c|\u2606portobellomushroom|gl hf\n|c|\u2606leonissenbaum|u2\n|\n|t:|1697589083\n|start\n|switch|p1a: Slowking|Slowking-Galar, F|100\/100\n|switch|p2a: bike|Cyclizar, M|100\/100\n|turn|1\n|\n|t:|1697589094\n|move|p2a: bike|Knock Off|p1a: Slowking\n|-supereffective|p1a: Slowking\n|-damage|p1a: Slowking|57\/100\n|-enditem|p1a: Slowking|Heavy-Duty Boots|[from] move: Knock Off|[of] p2a: bike\n|move|p1a: Slowking|Toxic Spikes|p2a: bike\n|-sidestart|p2: portobellomushroom|move: Toxic Spikes\n|\n|upkeep\n|turn|2\n|\n|t:|1697589103\n|switch|p1a: Giratina|Giratina, shiny|100\/100\n|-ability|p1a: Giratina|Pressure\n|move|p2a: bike|Shed Tail|p2a: bike\n|-start|p2a: bike|Substitute|[from] move: Shed Tail\n|-damage|p2a: bike|50\/100\n|\n|t:|1697589108\n|switch|p2a: no earth power?|Magearna|100\/100|[from] Shed Tail\n|\n|upkeep\n|turn|3\n|\n|t:|1697589127\n|switch|p1a: Clefable|Clefable, M|100\/100\n|move|p2a: no earth power?|Spikes|p1a: Clefable\n|-sidestart|p1: leonissenbaum|Spikes\n|\n|upkeep\n|turn|4\n|\n|t:|1697589137\n|move|p2a: no earth power?|Thunder Wave|p1a: Clefable\n|-status|p1a: Clefable|par\n|cant|p1a: Clefable|par\n|\n|upkeep\n|turn|5\n|\n|t:|1697589140\n|move|p2a: no earth power?|Spikes|p1a: Clefable\n|-sidestart|p1: leonissenbaum|Spikes\n|move|p1a: Clefable|Amnesia|p1a: Clefable\n|-boost|p1a: Clefable|spd|2\n|\n|upkeep\n|turn|6\n|\n|t:|1697589145\n|move|p2a: no earth power?|Spikes|p1a: Clefable\n|-sidestart|p1: leonissenbaum|Spikes\n|move|p1a: Clefable|Stealth Rock|p2a: no earth power?\n|-sidestart|p2: portobellomushroom|move: Stealth Rock\n|\n|upkeep\n|turn|7\n|\n|t:|1697589156\n|switch|p1a: Gliscor|Gliscor, M|100\/100\n|move|p2a: no earth power?|Draining Kiss|p1a: Gliscor\n|-damage|p1a: Gliscor|81\/100\n|\n|-status|p1a: Gliscor|tox|[from] item: Toxic Orb\n|upkeep\n|turn|8\n|\n|t:|1697589163\n|move|p1a: Gliscor|Spikes|p2a: no earth power?\n|-sidestart|p2: portobellomushroom|Spikes\n|move|p2a: no earth power?|Draining Kiss|p1a: Gliscor\n|-damage|p1a: Gliscor|63\/100 tox\n|\n|-heal|p1a: Gliscor|76\/100 tox|[from] ability: Poison Heal\n|upkeep\n|turn|9\n|\n|t:|1697589170\n|move|p1a: Gliscor|Spikes|p2a: no earth power?\n|-sidestart|p2: portobellomushroom|Spikes\n|move|p2a: no earth power?|Draining Kiss|p1a: Gliscor\n|-damage|p1a: Gliscor|57\/100 tox\n|\n|-heal|p1a: Gliscor|69\/100 tox|[from] ability: Poison Heal\n|upkeep\n|turn|10\n|\n|t:|1697589173\n|move|p1a: Gliscor|Spikes|p2a: no earth power?\n|-sidestart|p2: portobellomushroom|Spikes\n|move|p2a: no earth power?|Draining Kiss|p1a: Gliscor\n|-damage|p1a: Gliscor|50\/100 tox\n|\n|-heal|p1a: Gliscor|62\/100 tox|[from] ability: Poison Heal\n|upkeep\n|turn|11\n|\n|t:|1697589178\n|move|p1a: Gliscor|Protect|p1a: Gliscor\n|-singleturn|p1a: Gliscor|Protect\n|move|p2a: no earth power?|Draining Kiss|p1a: Gliscor\n|-activate|p1a: Gliscor|move: Protect\n|\n|-heal|p1a: Gliscor|75\/100 tox|[from] ability: Poison Heal\n|upkeep\n|turn|12\n|\n|t:|1697589182\n|move|p1a: Gliscor|Knock Off|p2a: no earth power?\n|-resisted|p2a: no earth power?\n|-activate|p2a: no earth power?|move: Substitute|[damage]\n|move|p2a: no earth power?|Draining Kiss|p1a: Gliscor\n|-damage|p1a: Gliscor|56\/100 tox\n|\n|-heal|p1a: Gliscor|69\/100 tox|[from] ability: Poison Heal\n|upkeep\n|turn|13\n|\n|t:|1697589185\n|switch|p2a: bike|Cyclizar, M|84\/100\n|move|p1a: Gliscor|Knock Off|p2a: bike\n|-damage|p2a: bike|53\/100\n|-enditem|p2a: bike|Heavy-Duty Boots|[from] move: Knock Off|[of] p1a: Gliscor\n|\n|-heal|p1a: Gliscor|81\/100 tox|[from] ability: Poison Heal\n|upkeep\n|turn|14\n|\n|t:|1697589197\n|switch|p1a: Giratina|Giratina, shiny|100\/100\n|-damage|p1a: Giratina|76\/100|[from] Spikes\n|-ability|p1a: Giratina|Pressure\n|move|p2a: bike|Rapid Spin|p1a: Giratina\n|-immune|p1a: Giratina\n|\n|-heal|p1a: Giratina|82\/100|[from] item: Leftovers\n|upkeep\n|turn|15\n|\n|t:|1697589201\n|move|p2a: bike|Knock Off|p1a: Giratina\n|-supereffective|p1a: Giratina\n|-damage|p1a: Giratina|58\/100\n|-enditem|p1a: Giratina|Leftovers|[from] move: Knock Off|[of] p2a: bike\n|move|p1a: Giratina|Roar|p2a: bike\n|drag|p2a: downBdownBdownB|Zacian|100\/100\n|-status|p2a: downBdownBdownB|psn\n|-enditem|p2a: downBdownBdownB|Lum Berry|[eat]\n|-curestatus|p2a: downBdownBdownB|psn|[msg]\n|-damage|p2a: downBdownBdownB|88\/100|[from] Stealth Rock\n|-damage|p2a: downBdownBdownB|63\/100|[from] Spikes\n|-ability|p2a: downBdownBdownB|Intrepid Sword|boost\n|-boost|p2a: downBdownBdownB|atk|1\n|\n|upkeep\n|turn|16\n|c|\u2606portobellomushroom|yeah my team gets fucked by stall I think\n|\n|t:|1697589218\n|switch|p1a: Dondozo|Dondozo, F|100\/100\n|-damage|p1a: Dondozo|75\/100|[from] Spikes\n|move|p2a: downBdownBdownB|Play Rough|p1a: Dondozo\n|-damage|p1a: Dondozo|56\/100\n|-damage|p2a: downBdownBdownB|47\/100|[from] item: Rocky Helmet|[of] p1a: Dondozo\n|\n|upkeep\n|turn|17\n|c|\u2606leonissenbaum|rip\n|c|\u2606portobellomushroom|feels kinda impossible to teambuild for balance between the occasional stall and rampant ho\n|\n|t:|1697589256\n|move|p2a: downBdownBdownB|Play Rough|p1a: Dondozo\n|-damage|p1a: Dondozo|36\/100\n|-damage|p2a: downBdownBdownB|30\/100|[from] item: Rocky Helmet|[of] p1a: Dondozo\n|move|p1a: Dondozo|Rest|p1a: Dondozo\n|-status|p1a: Dondozo|slp|[from] move: Rest\n|-heal|p1a: Dondozo|100\/100 slp|[silent]\n|\n|upkeep\n|turn|18\n|c|\u2606leonissenbaum|i'm returning to this meta after not playing for a while, how occasional is stall nowadays?\n|c|\u2606portobellomushroom|idk this is like my 4th battle\n|c|\u2606leonissenbaum|fair enough\n|c|\u2606portobellomushroom|gg\n|-message|portobellomushroom forfeited.\n|\n|win|leonissenbaum\n|c|\u2606leonissenbaum|gg\n","uploadtime":1697589299,"views":23,"p1id":"leonissenbaum","p2id":"portobellomushroom","formatid":"gen9ubers","rating":0,"private":0,"password":""}