{"id":"gen9ubers-1973842832","p1":"PinkScourge","p2":"fishyroads","format":"[Gen 9] Ubers","log":"|j|\u2606PinkScourge\n|j|\u2606fishyroads\n|t:|1698019566\n|gametype|singles\n|player|p1|PinkScourge|bede-leader|\n|player|p2|fishyroads|harlequin|\n|teamsize|p1|6\n|teamsize|p2|6\n|gen|9\n|tier|[Gen 9] Ubers\n|rule|Sleep Clause Mod: Limit one foe put to sleep\n|rule|Species Clause: Limit one of each Pok\u00e9mon\n|rule|OHKO Clause: OHKO moves are banned\n|rule|Evasion Items Clause: Evasion items are banned\n|rule|Evasion Moves Clause: Evasion moves are banned\n|rule|Endless Battle Clause: Forcing endless battles is banned\n|rule|HP Percentage Mod: HP is shown in percentages\n|clearpoke\n|poke|p1|Scream Tail|\n|poke|p1|Alomomola, M|\n|poke|p1|Arceus-Fire|\n|poke|p1|Zacian-*|\n|poke|p1|Magearna|\n|poke|p1|Weezing-Galar, M|\n|poke|p2|Urshifu-*, M|\n|poke|p2|Magearna|\n|poke|p2|Arceus-Poison|\n|poke|p2|Giratina|\n|poke|p2|Manaphy|\n|poke|p2|Zacian-*|\n|teampreview\n|inactive|Battle timer is ON: inactive players will automatically lose when time's up. (requested by PinkScourge)\n|\n|t:|1698019589\n|start\n|switch|p1a: Weezing|Weezing-Galar, M|100\/100\n|switch|p2a: Urshifu|Urshifu, M|100\/100\n|-fieldstart|move: Misty Terrain|[from] ability: Misty Surge|[of] p1a: Weezing\n|turn|1\n|\n|t:|1698019599\n|move|p2a: Urshifu|U-turn|p1a: Weezing\n|-resisted|p1a: Weezing\n|-damage|p1a: Weezing|95\/100\n|\n|t:|1698019612\n|switch|p2a: Arceus|Arceus-Poison|100\/100|[from] U-turn\n|move|p1a: Weezing|Strange Steam|p2a: Arceus\n|-resisted|p2a: Arceus\n|-damage|p2a: Arceus|91\/100\n|\n|upkeep\n|turn|2\n|\n|t:|1698019620\n|switch|p1a: Magearna|Magearna|100\/100\n|move|p2a: Arceus|Calm Mind|p2a: Arceus\n|-boost|p2a: Arceus|spa|1\n|-boost|p2a: Arceus|spd|1\n|\n|upkeep\n|turn|3\n|\n|t:|1698019624\n|move|p2a: Arceus|Calm Mind|p2a: Arceus\n|-boost|p2a: Arceus|spa|1\n|-boost|p2a: Arceus|spd|1\n|move|p1a: Magearna|Encore|p2a: Arceus\n|-start|p2a: Arceus|Encore\n|\n|upkeep\n|turn|4\n|\n|t:|1698019628\n|move|p2a: Arceus|Calm Mind|p2a: Arceus\n|-boost|p2a: Arceus|spa|1\n|-boost|p2a: Arceus|spd|1\n|move|p1a: Magearna|Volt Switch|p2a: Arceus\n|-damage|p2a: Arceus|85\/100\n|\n|t:|1698019634\n|switch|p1a: Scream Tail|Scream Tail|100\/100|[from] Volt Switch\n|\n|upkeep\n|turn|5\n|\n|t:|1698019636\n|move|p2a: Arceus|Calm Mind|p2a: Arceus\n|-boost|p2a: Arceus|spa|1\n|-boost|p2a: Arceus|spd|1\n|move|p1a: Scream Tail|Roar|p2a: Arceus\n|drag|p2a: Urshifu|Urshifu, M|100\/100\n|\n|-fieldend|Misty Terrain\n|upkeep\n|turn|6\n|\n|t:|1698019643\n|-end|p1a: Scream Tail|Protosynthesis|[silent]\n|switch|p1a: Weezing|Weezing-Galar, M|95\/100\n|-fieldstart|move: Misty Terrain|[from] ability: Misty Surge|[of] p1a: Weezing\n|-terastallize|p2a: Urshifu|Dark\n|move|p2a: Urshifu|Wicked Blow|p1a: Weezing\n|-resisted|p1a: Weezing\n|-crit|p1a: Weezing\n|-damage|p1a: Weezing|50\/100\n|\n|upkeep\n|turn|7\n|\n|t:|1698019651\n|switch|p2a: Arceus|Arceus-Poison|85\/100\n|move|p1a: Weezing|Strange Steam|p2a: Arceus\n|-resisted|p2a: Arceus\n|-damage|p2a: Arceus|75\/100\n|\n|upkeep\n|turn|8\n|\n|t:|1698019663\n|switch|p1a: Magearna|Magearna|100\/100\n|move|p2a: Arceus|Calm Mind|p2a: Arceus\n|-boost|p2a: Arceus|spa|1\n|-boost|p2a: Arceus|spd|1\n|\n|upkeep\n|turn|9\n|\n|t:|1698019670\n|move|p2a: Arceus|Calm Mind|p2a: Arceus\n|-boost|p2a: Arceus|spa|1\n|-boost|p2a: Arceus|spd|1\n|move|p1a: Magearna|Encore|p2a: Arceus\n|-start|p2a: Arceus|Encore\n|\n|upkeep\n|turn|10\n|\n|t:|1698019672\n|move|p2a: Arceus|Calm Mind|p2a: Arceus\n|-boost|p2a: Arceus|spa|1\n|-boost|p2a: Arceus|spd|1\n|move|p1a: Magearna|Volt Switch|p2a: Arceus\n|-damage|p2a: Arceus|68\/100\n|\n|t:|1698019675\n|switch|p1a: Weezing|Weezing-Galar, M|50\/100|[from] Volt Switch\n|\n|-fieldend|Misty Terrain\n|upkeep\n|turn|11\n|\n|t:|1698019679\n|move|p2a: Arceus|Calm Mind|p2a: Arceus\n|-boost|p2a: Arceus|spa|1\n|-boost|p2a: Arceus|spd|1\n|move|p1a: Weezing|Haze|p1a: Weezing\n|-clearallboost\n|\n|upkeep\n|turn|12\n|\n|t:|1698019686\n|switch|p1a: Magearna|Magearna|100\/100\n|move|p2a: Arceus|Calm Mind|p2a: Arceus\n|-boost|p2a: Arceus|spa|1\n|-boost|p2a: Arceus|spd|1\n|\n|-end|p2a: Arceus|Encore\n|upkeep\n|turn|13\n|\n|t:|1698019690\n|move|p2a: Arceus|Recover|p2a: Arceus\n|-heal|p2a: Arceus|100\/100\n|move|p1a: Magearna|Encore|p2a: Arceus\n|-start|p2a: Arceus|Encore\n|\n|upkeep\n|turn|14\n|\n|t:|1698019696\n|switch|p2a: Urshifu|Urshifu, M, tera:Dark|100\/100\n|move|p1a: Magearna|Spikes|p2a: Urshifu\n|-sidestart|p2: fishyroads|Spikes\n|\n|upkeep\n|turn|15\n|\n|t:|1698019700\n|move|p2a: Urshifu|U-turn|p1a: Magearna\n|-resisted|p1a: Magearna\n|-damage|p1a: Magearna|93\/100\n|\n|t:|1698019703\n|switch|p2a: Manaphy|Manaphy|100\/100|[from] U-turn\n|-damage|p2a: Manaphy|88\/100|[from] Spikes\n|move|p1a: Magearna|Fleur Cannon|p2a: Manaphy|[miss]\n|-miss|p1a: Magearna|p2a: Manaphy\n|\n|-heal|p2a: Manaphy|94\/100|[from] item: Leftovers\n|-heal|p1a: Magearna|99\/100|[from] item: Leftovers\n|upkeep\n|turn|16\n|\n|t:|1698019711\n|move|p2a: Manaphy|Tail Glow|p2a: Manaphy\n|-boost|p2a: Manaphy|spa|3\n|move|p1a: Magearna|Encore|p2a: Manaphy\n|-start|p2a: Manaphy|Encore\n|\n|-heal|p2a: Manaphy|100\/100|[from] item: Leftovers\n|-heal|p1a: Magearna|100\/100|[from] item: Leftovers\n|upkeep\n|turn|17\n|\n|t:|1698019734\n|switch|p2a: Magearna|Magearna|100\/100\n|-damage|p2a: Magearna|88\/100|[from] Spikes\n|move|p1a: Magearna|Volt Switch|p2a: Magearna\n|-damage|p2a: Magearna|75\/100\n|\n|t:|1698019748\n|switch|p1a: Weezing|Weezing-Galar, M|50\/100|[from] Volt Switch\n|-fieldstart|move: Misty Terrain|[from] ability: Misty Surge|[of] p1a: Weezing\n|\n|-heal|p2a: Magearna|81\/100|[from] item: Leftovers\n|upkeep\n|turn|18\n|\n|t:|1698019758\n|switch|p1a: Arceus|Arceus-Fire|100\/100\n|move|p2a: Magearna|Spikes|p1a: Arceus\n|-sidestart|p1: PinkScourge|Spikes\n|\n|-heal|p2a: Magearna|87\/100|[from] item: Leftovers\n|upkeep\n|turn|19\n|\n|t:|1698019762\n|switch|p2a: Manaphy|Manaphy|100\/100\n|-damage|p2a: Manaphy|88\/100|[from] Spikes\n|move|p1a: Arceus|Judgment|p2a: Manaphy\n|-resisted|p2a: Manaphy\n|-damage|p2a: Manaphy|63\/100\n|\n|-heal|p2a: Manaphy|69\/100|[from] item: Leftovers\n|upkeep\n|turn|20\n|\n|t:|1698019774\n|switch|p1a: Scream Tail|Scream Tail|100\/100\n|-damage|p1a: Scream Tail|88\/100|[from] Spikes\n|move|p2a: Manaphy|Tail Glow|p2a: Manaphy\n|-boost|p2a: Manaphy|spa|3\n|\n|-heal|p2a: Manaphy|75\/100|[from] item: Leftovers\n|-heal|p1a: Scream Tail|94\/100|[from] item: Leftovers\n|upkeep\n|turn|21\n|\n|t:|1698019780\n|move|p2a: Manaphy|Surf|p1a: Scream Tail\n|-damage|p1a: Scream Tail|35\/100\n|move|p1a: Scream Tail|Roar|p2a: Manaphy\n|drag|p2a: Zacian|Zacian|100\/100\n|-damage|p2a: Zacian|88\/100|[from] Spikes\n|-ability|p2a: Zacian|Intrepid Sword|boost\n|-boost|p2a: Zacian|atk|1\n|\n|-heal|p1a: Scream Tail|42\/100|[from] item: Leftovers\n|-fieldend|Misty Terrain\n|upkeep\n|turn|22\n|\n|t:|1698019804\n|-end|p1a: Scream Tail|Protosynthesis|[silent]\n|switch|p1a: Arceus|Arceus-Fire|100\/100\n|-damage|p1a: Arceus|88\/100|[from] Spikes\n|move|p2a: Zacian|Play Rough|p1a: Arceus\n|-resisted|p1a: Arceus\n|-damage|p1a: Arceus|53\/100\n|\n|upkeep\n|turn|23\n|\n|t:|1698019811\n|move|p2a: Zacian|Play Rough|p1a: Arceus\n|-resisted|p1a: Arceus\n|-damage|p1a: Arceus|19\/100\n|move|p1a: Arceus|Will-O-Wisp|p2a: Zacian|[miss]\n|-miss|p1a: Arceus|p2a: Zacian\n|\n|upkeep\n|turn|24\n|c|\u2606fishyroads|ok you just die\n|\n|t:|1698019828\n|switch|p1a: Magearna|Magearna|100\/100\n|-damage|p1a: Magearna|88\/100|[from] Spikes\n|move|p2a: Zacian|Play Rough|p1a: Magearna|[miss]\n|-miss|p2a: Zacian|p1a: Magearna\n|\n|-heal|p1a: Magearna|94\/100|[from] item: Leftovers\n|upkeep\n|turn|25\n|\n|t:|1698019837\n|switch|p2a: Magearna|Magearna|87\/100\n|-damage|p2a: Magearna|75\/100|[from] Spikes\n|move|p1a: Magearna|Encore||[still]\n|-fail|p1a: Magearna\n|\n|-heal|p2a: Magearna|81\/100|[from] item: Leftovers\n|-heal|p1a: Magearna|99\/100|[from] item: Leftovers\n|upkeep\n|turn|26\n|\n|t:|1698019851\n|move|p2a: Magearna|Thunder Wave|p1a: Magearna\n|-status|p1a: Magearna|par\n|move|p1a: Magearna|Spikes|p2a: Magearna\n|-sidestart|p2: fishyroads|Spikes\n|\n|-heal|p2a: Magearna|87\/100|[from] item: Leftovers\n|-heal|p1a: Magearna|100\/100 par|[from] item: Leftovers\n|upkeep\n|turn|27\n|\n|t:|1698019854\n|move|p2a: Magearna|Spikes|p1a: Magearna\n|-sidestart|p1: PinkScourge|Spikes\n|move|p1a: Magearna|Spikes|p2a: Magearna\n|-sidestart|p2: fishyroads|Spikes\n|\n|-heal|p2a: Magearna|93\/100|[from] item: Leftovers\n|upkeep\n|turn|28\n|\n|t:|1698019862\n|move|p2a: Magearna|Spikes|p1a: Magearna\n|-sidestart|p1: PinkScourge|Spikes\n|move|p1a: Magearna|Volt Switch|p2a: Magearna\n|-damage|p2a: Magearna|80\/100\n|\n|t:|1698019870\n|switch|p1a: Alomomola|Alomomola, M|100\/100|[from] Volt Switch\n|-damage|p1a: Alomomola|76\/100|[from] Spikes\n|\n|-heal|p2a: Magearna|86\/100|[from] item: Leftovers\n|upkeep\n|turn|29\n|\n|t:|1698019875\n|move|p2a: Magearna|Volt Switch|p1a: Alomomola\n|-supereffective|p1a: Alomomola\n|-crit|p1a: Alomomola\n|-damage|p1a: Alomomola|18\/100\n|\n|t:|1698019879\n|switch|p2a: Manaphy|Manaphy|75\/100|[from] Volt Switch\n|-damage|p2a: Manaphy|50\/100|[from] Spikes\n|move|p1a: Alomomola|Wish|p1a: Alomomola\n|\n|-heal|p2a: Manaphy|56\/100|[from] item: Leftovers\n|upkeep\n|turn|30\n|\n|t:|1698019893\n|move|p2a: Manaphy|Surf|p1a: Alomomola\n|-resisted|p1a: Alomomola\n|-damage|p1a: Alomomola|1\/100\n|move|p1a: Alomomola|Flip Turn|p2a: Manaphy\n|-resisted|p2a: Manaphy\n|-damage|p2a: Manaphy|49\/100\n|\n|t:|1698019903\n|switch|p1a: Scream Tail|Scream Tail|42\/100|[from] Flip Turn\n|-damage|p1a: Scream Tail|17\/100|[from] Spikes\n|\n|-heal|p1a: Scream Tail|72\/100|[from] move: Wish|[wisher] Alomomola\n|-heal|p2a: Manaphy|55\/100|[from] item: Leftovers\n|-heal|p1a: Scream Tail|78\/100|[from] item: Leftovers\n|upkeep\n|turn|31\n|\n|t:|1698019910\n|move|p2a: Manaphy|Tail Glow|p2a: Manaphy\n|-boost|p2a: Manaphy|spa|3\n|move|p1a: Scream Tail|Wish|p1a: Scream Tail\n|\n|-heal|p2a: Manaphy|61\/100|[from] item: Leftovers\n|-heal|p1a: Scream Tail|84\/100|[from] item: Leftovers\n|upkeep\n|turn|32\n|\n|t:|1698019913\n|move|p2a: Manaphy|Surf|p1a: Scream Tail\n|-damage|p1a: Scream Tail|33\/100\n|move|p1a: Scream Tail|Roar|p2a: Manaphy\n|drag|p2a: Urshifu|Urshifu, M, tera:Dark|100\/100\n|-damage|p2a: Urshifu|76\/100|[from] Spikes\n|\n|-heal|p1a: Scream Tail|83\/100|[from] move: Wish|[wisher] Scream Tail\n|-heal|p1a: Scream Tail|89\/100|[from] item: Leftovers\n|upkeep\n|turn|33\n|\n|t:|1698019932\n|move|p2a: Urshifu|Wicked Blow|p1a: Scream Tail\n|-crit|p1a: Scream Tail\n|-damage|p1a: Scream Tail|0 fnt\n|faint|p1a: Scream Tail\n|-end|p1a: Scream Tail|Protosynthesis|[silent]\n|\n|upkeep\n|\n|t:|1698019940\n|switch|p1a: Magearna|Magearna|100\/100 par\n|-damage|p1a: Magearna|75\/100 par|[from] Spikes\n|turn|34\n|\n|t:|1698019944\n|switch|p2a: Arceus|Arceus-Poison|100\/100\n|-damage|p2a: Arceus|76\/100|[from] Spikes\n|cant|p1a: Magearna|par\n|\n|-heal|p1a: Magearna|82\/100 par|[from] item: Leftovers\n|upkeep\n|turn|35\n|\n|t:|1698019949\n|move|p2a: Arceus|Calm Mind|p2a: Arceus\n|-boost|p2a: Arceus|spa|1\n|-boost|p2a: Arceus|spd|1\n|move|p1a: Magearna|Encore|p2a: Arceus\n|-start|p2a: Arceus|Encore\n|\n|-heal|p1a: Magearna|88\/100 par|[from] item: Leftovers\n|upkeep\n|turn|36\n|\n|t:|1698019953\n|move|p2a: Arceus|Calm Mind|p2a: Arceus\n|-boost|p2a: Arceus|spa|1\n|-boost|p2a: Arceus|spd|1\n|move|p1a: Magearna|Volt Switch|p2a: Arceus\n|-damage|p2a: Arceus|68\/100\n|\n|t:|1698019959\n|switch|p1a: Weezing|Weezing-Galar, M|50\/100|[from] Volt Switch\n|-fieldstart|move: Misty Terrain|[from] ability: Misty Surge|[of] p1a: Weezing\n|\n|upkeep\n|turn|37\n|\n|t:|1698019967\n|move|p2a: Arceus|Calm Mind|p2a: Arceus\n|-boost|p2a: Arceus|spa|1\n|-boost|p2a: Arceus|spd|1\n|move|p1a: Weezing|Haze|p1a: Weezing\n|-clearallboost\n|\n|upkeep\n|turn|38\n|\n|t:|1698019973\n|switch|p1a: Magearna|Magearna|88\/100 par\n|-damage|p1a: Magearna|63\/100 par|[from] Spikes\n|move|p2a: Arceus|Calm Mind|p2a: Arceus\n|-boost|p2a: Arceus|spa|1\n|-boost|p2a: Arceus|spd|1\n|\n|-heal|p1a: Magearna|69\/100 par|[from] item: Leftovers\n|-end|p2a: Arceus|Encore\n|upkeep\n|turn|39\n|\n|t:|1698019989\n|move|p2a: Arceus|Surf|p1a: Magearna\n|-damage|p1a: Magearna|43\/100 par\n|move|p1a: Magearna|Encore|p2a: Arceus\n|-start|p2a: Arceus|Encore\n|\n|-heal|p1a: Magearna|49\/100 par|[from] item: Leftovers\n|upkeep\n|turn|40\n|\n|t:|1698019996\n|move|p2a: Arceus|Surf|p1a: Magearna\n|-damage|p1a: Magearna|22\/100 par\n|move|p1a: Magearna|Volt Switch|p2a: Arceus\n|-damage|p2a: Arceus|57\/100\n|\n|t:|1698020004\n|switch|p1a: Zacian|Zacian|100\/100|[from] Volt Switch\n|-ability|p1a: Zacian|Intrepid Sword|boost\n|-boost|p1a: Zacian|atk|1\n|\n|-fieldend|Misty Terrain\n|upkeep\n|turn|41\n|\n|t:|1698020013\n|move|p1a: Zacian|Swords Dance|p1a: Zacian\n|-boost|p1a: Zacian|atk|2\n|move|p2a: Arceus|Surf|p1a: Zacian\n|-damage|p1a: Zacian|58\/100\n|\n|upkeep\n|turn|42\n|\n|t:|1698020020\n|move|p1a: Zacian|Wild Charge|p2a: Arceus\n|-damage|p2a: Arceus|0 fnt\n|faint|p2a: Arceus\n|-damage|p1a: Zacian|42\/100|[from] Recoil\n|\n|upkeep\n|\n|t:|1698020034\n|switch|p2a: Zacian|Zacian|88\/100\n|-damage|p2a: Zacian|63\/100|[from] Spikes\n|turn|43\n|\n|t:|1698020041\n|move|p2a: Zacian|Play Rough|p1a: Zacian\n|-damage|p1a: Zacian|0 fnt\n|faint|p1a: Zacian\n|\n|upkeep\n|\n|t:|1698020048\n|switch|p1a: Weezing|Weezing-Galar, M|50\/100\n|-fieldstart|move: Misty Terrain|[from] ability: Misty Surge|[of] p1a: Weezing\n|turn|44\n|\n|t:|1698020058\n|switch|p2a: Giratina|Giratina|100\/100\n|-ability|p2a: Giratina|Pressure\n|move|p1a: Weezing|Gunk Shot|p2a: Giratina\n|-resisted|p2a: Giratina\n|-damage|p2a: Giratina|93\/100\n|\n|upkeep\n|turn|45\n|\n|t:|1698020064\n|move|p2a: Giratina|Shadow Ball|p1a: Weezing\n|-damage|p1a: Weezing|18\/100\n|move|p1a: Weezing|Defog|p2a: Giratina\n|-unboost|p2a: Giratina|evasion|1\n|-sideend|p2: fishyroads|Spikes|[from] move: Defog|[of] p1a: Weezing\n|-sideend|p1: PinkScourge|Spikes|[from] move: Defog|[of] p1a: Weezing\n|-fieldend|Misty Terrain\n|\n|upkeep\n|turn|46\n|\n|t:|1698020075\n|switch|p1a: Magearna|Magearna|22\/100 par\n|move|p2a: Giratina|Shadow Ball|p1a: Magearna\n|-damage|p1a: Magearna|7\/100 par\n|\n|-heal|p1a: Magearna|13\/100 par|[from] item: Leftovers\n|upkeep\n|turn|47\n|\n|t:|1698020084\n|move|p2a: Giratina|Shadow Ball|p1a: Magearna\n|-damage|p1a: Magearna|0 fnt\n|faint|p1a: Magearna\n|\n|upkeep\n|\n|t:|1698020087\n|switch|p1a: Alomomola|Alomomola, M|34\/100\n|turn|48\n|\n|t:|1698020101\n|move|p2a: Giratina|Will-O-Wisp|p1a: Alomomola\n|-status|p1a: Alomomola|brn\n|move|p1a: Alomomola|Wish|p1a: Alomomola\n|\n|-damage|p1a: Alomomola|28\/100 brn|[from] brn\n|upkeep\n|turn|49\n|\n|t:|1698020111\n|move|p1a: Alomomola|Flip Turn|p2a: Giratina\n|-resisted|p2a: Giratina\n|-damage|p2a: Giratina|91\/100\n|\n|t:|1698020115\n|switch|p1a: Arceus|Arceus-Fire|19\/100|[from] Flip Turn\n|move|p2a: Giratina|Roar|p1a: Arceus\n|drag|p1a: Alomomola|Alomomola, M|61\/100 brn\n|\n|-heal|p1a: Alomomola|100\/100 brn|[from] move: Wish|[wisher] Alomomola\n|-damage|p1a: Alomomola|94\/100 brn|[from] brn\n|upkeep\n|turn|50\n|\n|t:|1698020122\n|switch|p2a: Urshifu|Urshifu, M, tera:Dark|76\/100\n|move|p1a: Alomomola|Wish|p1a: Alomomola\n|\n|-damage|p1a: Alomomola|88\/100 brn|[from] brn\n|upkeep\n|turn|51\n|c|\u2606fishyroads|aaaaaand\n|\n|t:|1698020127\n|move|p2a: Urshifu|Wicked Blow|p1a: Alomomola\n|-crit|p1a: Alomomola\n|-damage|p1a: Alomomola|7\/100 brn\n|-damage|p2a: Urshifu|59\/100|[from] item: Rocky Helmet|[of] p1a: Alomomola\n|move|p1a: Alomomola|Flip Turn|p2a: Urshifu\n|-damage|p2a: Urshifu|51\/100\n|c|\u2606fishyroads|gg\n|\n|t:|1698020133\n|switch|p1a: Weezing|Weezing-Galar, M|18\/100|[from] Flip Turn\n|-fieldstart|move: Misty Terrain|[from] ability: Misty Surge|[of] p1a: Weezing\n|\n|-heal|p1a: Weezing|90\/100|[from] move: Wish|[wisher] Alomomola\n|upkeep\n|turn|52\n|\n|t:|1698020146\n|switch|p2a: Magearna|Magearna|86\/100\n|switch|p1a: Alomomola|Alomomola, M|41\/100 brn\n|\n|-heal|p2a: Magearna|93\/100|[from] item: Leftovers\n|-damage|p1a: Alomomola|34\/100 brn|[from] brn\n|upkeep\n|turn|53\n|\n|t:|1698020155\n|-terastallize|p1a: Alomomola|Dragon\n|move|p2a: Magearna|Volt Switch|p1a: Alomomola\n|-resisted|p1a: Alomomola\n|-damage|p1a: Alomomola|25\/100 brn\n|\n|t:|1698020160\n|switch|p2a: Urshifu|Urshifu, M, tera:Dark|51\/100|[from] Volt Switch\n|move|p1a: Alomomola|Wish|p1a: Alomomola\n|\n|-damage|p1a: Alomomola|19\/100 brn|[from] brn\n|upkeep\n|turn|54\n|\n|t:|1698020166\n|switch|p1a: Weezing|Weezing-Galar, M|90\/100\n|move|p2a: Urshifu|Wicked Blow|p1a: Weezing\n|-resisted|p1a: Weezing\n|-crit|p1a: Weezing\n|-damage|p1a: Weezing|49\/100\n|\n|-heal|p1a: Weezing|100\/100|[from] move: Wish|[wisher] Alomomola\n|upkeep\n|turn|55\n|\n|t:|1698020175\n|switch|p2a: Zacian|Zacian|63\/100\n|move|p1a: Weezing|Strange Steam|p2a: Zacian\n|-damage|p2a: Zacian|36\/100\n|\n|-fieldend|Misty Terrain\n|upkeep\n|turn|56\n|\n|t:|1698020182\n|move|p2a: Zacian|Psychic Fangs|p1a: Weezing\n|-supereffective|p1a: Weezing\n|-damage|p1a: Weezing|46\/100\n|move|p1a: Weezing|Gunk Shot|p2a: Zacian\n|-supereffective|p2a: Zacian\n|-damage|p2a: Zacian|0 fnt\n|faint|p2a: Zacian\n|\n|upkeep\n|\n|t:|1698020190\n|switch|p2a: Manaphy|Manaphy|61\/100\n|turn|57\n|\n|t:|1698020196\n|switch|p1a: Alomomola|Alomomola, M, tera:Dragon|52\/100 brn\n|move|p2a: Manaphy|Tail Glow|p2a: Manaphy\n|-boost|p2a: Manaphy|spa|3\n|\n|-heal|p2a: Manaphy|67\/100|[from] item: Leftovers\n|-damage|p1a: Alomomola|46\/100 brn|[from] brn\n|upkeep\n|turn|58\n|\n|t:|1698020200\n|move|p2a: Manaphy|Dazzling Gleam|p1a: Alomomola\n|-supereffective|p1a: Alomomola\n|-damage|p1a: Alomomola|0 fnt\n|faint|p1a: Alomomola\n|\n|-heal|p2a: Manaphy|73\/100|[from] item: Leftovers\n|upkeep\n|c|\u2606fishyroads|now gg\n|c|\u2606PinkScourge|GG\n|c|\u2606PinkScourge|Damn\n|c|\u2606fishyroads|yea\n|c|\u2606PinkScourge|It's hard\n|c|\u2606fishyroads|i know\n|\n|t:|1698020219\n|switch|p1a: Arceus|Arceus-Fire|19\/100\n|turn|59\n|c|\u2606fishyroads|it's rough\n|\n|t:|1698020225\n|move|p2a: Manaphy|Surf|p1a: Arceus\n|-supereffective|p1a: Arceus\n|-damage|p1a: Arceus|0 fnt\n|faint|p1a: Arceus\n|\n|-heal|p2a: Manaphy|79\/100|[from] item: Leftovers\n|upkeep\n|\n|t:|1698020227\n|switch|p1a: Weezing|Weezing-Galar, M|46\/100\n|-fieldstart|move: Misty Terrain|[from] ability: Misty Surge|[of] p1a: Weezing\n|turn|60\n|\n|t:|1698020231\n|move|p2a: Manaphy|Surf|p1a: Weezing\n|-damage|p1a: Weezing|0 fnt\n|faint|p1a: Weezing\n|\n|win|fishyroads\n|c|\u2606PinkScourge|Thanks for the games\n|c|\u2606fishyroads|np\n|player|p1|PinkScourge|bede-leader\n","uploadtime":1698020468,"views":12,"p1id":"pinkscourge","p2id":"fishyroads","formatid":"gen9ubers","rating":0,"private":0,"password":""}