{"id":"gen9ubers-1993194204","p1":"VahnNFG","p2":"Throw Games","format":"[Gen 9] Ubers","log":"|j|\u2606VahnNFG\n|j|\u2606Throw Games\n|t:|1700276376\n|gametype|singles\n|player|p1|VahnNFG|2|1314\n|player|p2|Throw Games|clay|1228\n|teamsize|p1|6\n|teamsize|p2|6\n|gen|9\n|tier|[Gen 9] Ubers\n|rated|\n|rule|Sleep Clause Mod: Limit one foe put to sleep\n|rule|Species Clause: Limit one of each Pok\u00e9mon\n|rule|OHKO Clause: OHKO moves are banned\n|rule|Evasion Items Clause: Evasion items are banned\n|rule|Evasion Moves Clause: Evasion moves are banned\n|rule|Endless Battle Clause: Forcing endless battles is banned\n|rule|HP Percentage Mod: HP is shown in percentages\n|clearpoke\n|poke|p1|Espeon, F|\n|poke|p1|Volcarona, M|\n|poke|p1|Koraidon|\n|poke|p1|Mewtwo|\n|poke|p1|Zacian-*|\n|poke|p1|Zamazenta-*|\n|poke|p2|Miraidon|\n|poke|p2|Hawlucha, F|\n|poke|p2|Ting-Lu|\n|poke|p2|Zacian-*|\n|poke|p2|Arceus-Water|\n|poke|p2|Giratina-Origin|\n|teampreview\n|inactive|Battle timer is ON: inactive players will automatically lose when time's up. (requested by Throw Games)\n|\n|t:|1700276393\n|start\n|switch|p1a: Koraidon|Koraidon|100\/100\n|switch|p2a: PLAYMAKER|Miraidon|100\/100\n|-fieldstart|move: Electric Terrain|[from] ability: Hadron Engine|[of] p2a: PLAYMAKER\n|-weather|SunnyDay|[from] ability: Orichalcum Pulse|[of] p1a: Koraidon\n|-activate|p1a: Koraidon|Orichalcum Pulse|[source]\n|turn|1\n|\n|t:|1700276403\n|switch|p2a: STAND|Ting-Lu|100\/100\n|-ability|p2a: STAND|Vessel of Ruin\n|move|p1a: Koraidon|Scale Shot|p2a: STAND|[miss]\n|-miss|p1a: Koraidon|p2a: STAND\n|\n|-weather|SunnyDay|[upkeep]\n|upkeep\n|turn|2\n|\n|t:|1700276409\n|move|p1a: Koraidon|Swords Dance|p1a: Koraidon\n|-boost|p1a: Koraidon|atk|2\n|move|p2a: STAND|Stealth Rock|p1a: Koraidon\n|-sidestart|p1: VahnNFG|move: Stealth Rock\n|\n|-weather|SunnyDay|[upkeep]\n|upkeep\n|turn|3\n|\n|t:|1700276417\n|switch|p2a: DO IT NOW GOHAN|Hawlucha, F|100\/100\n|-enditem|p2a: DO IT NOW GOHAN|Electric Seed\n|-boost|p2a: DO IT NOW GOHAN|def|1|[from] item: Electric Seed\n|move|p1a: Koraidon|Scale Shot|p2a: DO IT NOW GOHAN\n|-damage|p2a: DO IT NOW GOHAN|67\/100\n|-damage|p2a: DO IT NOW GOHAN|33\/100\n|-damage|p2a: DO IT NOW GOHAN|0 fnt\n|faint|p2a: DO IT NOW GOHAN\n|-hitcount|p2: DO IT NOW GOHAN|3\n|-unboost|p1a: Koraidon|def|1\n|-boost|p1a: Koraidon|spe|1\n|\n|-weather|SunnyDay|[upkeep]\n|upkeep\n|\n|t:|1700276428\n|switch|p2a: NEVER PUNISHED|Zacian-Crowned|100\/100\n|-ability|p2a: NEVER PUNISHED|Intrepid Sword|boost\n|-boost|p2a: NEVER PUNISHED|atk|1\n|turn|4\n|\n|t:|1700276433\n|-terastallize|p1a: Koraidon|Fire\n|-terastallize|p2a: NEVER PUNISHED|Fairy\n|move|p1a: Koraidon|Flare Blitz|p2a: NEVER PUNISHED\n|-damage|p2a: NEVER PUNISHED|0 fnt\n|faint|p2a: NEVER PUNISHED\n|-damage|p1a: Koraidon|69\/100|[from] Recoil\n|\n|-weather|SunnyDay|[upkeep]\n|upkeep\n|\n|t:|1700276440\n|switch|p2a: Arceus - Ice|Arceus-Water|100\/100\n|turn|5\n|\n|t:|1700276446\n|move|p1a: Koraidon|Scale Shot|p2a: Arceus - Ice\n|-damage|p2a: Arceus - Ice|78\/100\n|-damage|p2a: Arceus - Ice|53\/100\n|-damage|p2a: Arceus - Ice|31\/100\n|-damage|p2a: Arceus - Ice|6\/100\n|-damage|p2a: Arceus - Ice|0 fnt\n|faint|p2a: Arceus - Ice\n|-hitcount|p2: Arceus - Ice|5\n|-unboost|p1a: Koraidon|def|1\n|-boost|p1a: Koraidon|spe|1\n|\n|-weather|none\n|-fieldend|move: Electric Terrain\n|upkeep\n|\n|t:|1700276452\n|switch|p2a: STAND|Ting-Lu|100\/100\n|-ability|p2a: STAND|Vessel of Ruin\n|turn|6\n|\n|t:|1700276455\n|move|p1a: Koraidon|Scale Shot|p2a: STAND\n|-damage|p2a: STAND|88\/100\n|-damage|p2a: STAND|76\/100\n|-damage|p2a: STAND|65\/100\n|-damage|p2a: STAND|53\/100\n|-hitcount|p2a: STAND|4\n|-unboost|p1a: Koraidon|def|1\n|-boost|p1a: Koraidon|spe|1\n|move|p2a: STAND|Earthquake|p1a: Koraidon\n|-supereffective|p1a: Koraidon\n|-damage|p1a: Koraidon|0 fnt\n|faint|p1a: Koraidon\n|\n|-heal|p2a: STAND|59\/100|[from] item: Leftovers\n|upkeep\n|\n|t:|1700276461\n|switch|p1a: Zacian|Zacian-Crowned, shiny|100\/100\n|-damage|p1a: Zacian|94\/100|[from] Stealth Rock\n|-ability|p1a: Zacian|Intrepid Sword|boost\n|-boost|p1a: Zacian|atk|1\n|turn|7\n|\n|t:|1700276465\n|move|p1a: Zacian|Trailblaze|p2a: STAND\n|-supereffective|p2a: STAND\n|-damage|p2a: STAND|34\/100\n|-boost|p1a: Zacian|spe|1\n|move|p2a: STAND|Earthquake|p1a: Zacian\n|-supereffective|p1a: Zacian\n|-damage|p1a: Zacian|30\/100\n|\n|-heal|p2a: STAND|40\/100|[from] item: Leftovers\n|upkeep\n|turn|8\n|\n|t:|1700276471\n|move|p2a: STAND|Protect|p2a: STAND\n|-singleturn|p2a: STAND|Protect\n|move|p1a: Zacian|Play Rough|p2a: STAND\n|-activate|p2a: STAND|move: Protect\n|\n|-heal|p2a: STAND|46\/100|[from] item: Leftovers\n|upkeep\n|turn|9\n|\n|t:|1700276474\n|move|p1a: Zacian|Play Rough|p2a: STAND\n|-supereffective|p2a: STAND\n|-damage|p2a: STAND|0 fnt\n|faint|p2a: STAND\n|\n|upkeep\n|\n|t:|1700276477\n|switch|p2a: NECK GAINS|Giratina-Origin|100\/100\n|turn|10\n|\n|t:|1700276479\n|move|p1a: Zacian|Play Rough|p2a: NECK GAINS\n|-supereffective|p2a: NECK GAINS\n|-damage|p2a: NECK GAINS|30\/100\n|move|p2a: NECK GAINS|Earth Power|p1a: Zacian\n|-supereffective|p1a: Zacian\n|-damage|p1a: Zacian|0 fnt\n|faint|p1a: Zacian\n|\n|upkeep\n|\n|t:|1700276497\n|switch|p1a: Mewtwo|Mewtwo, shiny|100\/100\n|-damage|p1a: Mewtwo|88\/100|[from] Stealth Rock\n|-ability|p1a: Mewtwo|Pressure\n|turn|11\n|\n|t:|1700276501\n|move|p1a: Mewtwo|Psystrike|p2a: NECK GAINS\n|-damage|p2a: NECK GAINS|0 fnt\n|faint|p2a: NECK GAINS\n|-damage|p1a: Mewtwo|78\/100|[from] item: Life Orb\n|\n|upkeep\n|\n|t:|1700276503\n|switch|p2a: PLAYMAKER|Miraidon|100\/100\n|-fieldstart|move: Electric Terrain|[from] ability: Hadron Engine|[of] p2a: PLAYMAKER\n|turn|12\n|\n|t:|1700276508\n|move|p2a: PLAYMAKER|Electro Drift|p1a: Mewtwo\n|-damage|p1a: Mewtwo|0 fnt\n|faint|p1a: Mewtwo\n|\n|upkeep\n|\n|t:|1700276510\n|switch|p1a: Volcarona|Volcarona, M, shiny|100\/100\n|turn|13\n|\n|t:|1700276514\n|move|p2a: PLAYMAKER|Electro Drift|p1a: Volcarona\n|-damage|p1a: Volcarona|0 fnt\n|faint|p1a: Volcarona\n|\n|upkeep\n|\n|t:|1700276518\n|switch|p1a: Zamazenta|Zamazenta-Crowned, shiny|100\/100\n|-damage|p1a: Zamazenta|97\/100|[from] Stealth Rock\n|-ability|p1a: Zamazenta|Dauntless Shield|boost\n|-boost|p1a: Zamazenta|def|1\n|turn|14\n|\n|t:|1700276522\n|move|p2a: PLAYMAKER|Electro Drift|p1a: Zamazenta\n|-damage|p1a: Zamazenta|1\/100\n|move|p1a: Zamazenta|Body Press|p2a: PLAYMAKER\n|-damage|p2a: PLAYMAKER|41\/100\n|\n|upkeep\n|turn|15\n|-message|VahnNFG forfeited.\n|\n|win|Throw Games\n|raw|VahnNFG's rating: 1314 &rarr; <strong>1289<\/strong><br \/>(-25 for losing)\n|raw|Throw Games's rating: 1228 &rarr; <strong>1259<\/strong><br \/>(+31 for winning)\n|l|\u2606VahnNFG\n","uploadtime":1700276528,"views":5,"p1id":"vahnnfg","p2id":"throwgames","formatid":"gen9ubers","rating":1259,"private":0,"password":""}