{"id":"gen9ubers-1999223597","p1":"GreatRandini98","p2":"Palden64","format":"[Gen 9] Ubers","log":"|j|\u2606GreatRandini98\n|j|\u2606Palden64\n|t:|1701047484\n|gametype|singles\n|player|p1|GreatRandini98|1|1144\n|player|p2|Palden64|iris|1270\n|teamsize|p1|6\n|teamsize|p2|6\n|gen|9\n|tier|[Gen 9] Ubers\n|rated|\n|rule|Sleep Clause Mod: Limit one foe put to sleep\n|rule|Species Clause: Limit one of each Pok\u00e9mon\n|rule|OHKO Clause: OHKO moves are banned\n|rule|Evasion Items Clause: Evasion items are banned\n|rule|Evasion Moves Clause: Evasion moves are banned\n|rule|Endless Battle Clause: Forcing endless battles is banned\n|rule|HP Percentage Mod: HP is shown in percentages\n|clearpoke\n|poke|p1|Miraidon|\n|poke|p1|Arceus-Ghost|\n|poke|p1|Eternatus|\n|poke|p1|Kyogre|\n|poke|p1|Zacian-*|\n|poke|p1|Gliscor, F|\n|poke|p2|Sneasler, F|\n|poke|p2|Miraidon|\n|poke|p2|Volcarona, F|\n|poke|p2|Espathra, F|\n|poke|p2|Iron Bundle|\n|poke|p2|Altaria, F|\n|teampreview\n|\n|t:|1701047491\n|start\n|switch|p1a: Gliscor|Gliscor, F|100\/100\n|switch|p2a: Cleo|Espathra, F, shiny|100\/100\n|turn|1\n|inactive|Battle timer is ON: inactive players will automatically lose when time's up. (requested by Palden64)\n|inactive|GreatRandini98 has 120 seconds left.\n|\n|t:|1701047552\n|switch|p1a: Arceus|Arceus-Ghost|100\/100\n|move|p2a: Cleo|Calm Mind|p2a: Cleo\n|-boost|p2a: Cleo|spa|1\n|-boost|p2a: Cleo|spd|1\n|\n|-ability|p2a: Cleo|Speed Boost|boost\n|-boost|p2a: Cleo|spe|1\n|upkeep\n|turn|2\n|\n|t:|1701047565\n|move|p2a: Cleo|Calm Mind|p2a: Cleo\n|-boost|p2a: Cleo|spa|1\n|-boost|p2a: Cleo|spd|1\n|move|p1a: Arceus|Calm Mind|p1a: Arceus\n|-boost|p1a: Arceus|spa|1\n|-boost|p1a: Arceus|spd|1\n|\n|-ability|p2a: Cleo|Speed Boost|boost\n|-boost|p2a: Cleo|spe|1\n|upkeep\n|turn|3\n|\n|t:|1701047576\n|move|p2a: Cleo|Calm Mind|p2a: Cleo\n|-boost|p2a: Cleo|spa|1\n|-boost|p2a: Cleo|spd|1\n|move|p1a: Arceus|Calm Mind|p1a: Arceus\n|-boost|p1a: Arceus|spa|1\n|-boost|p1a: Arceus|spd|1\n|\n|-ability|p2a: Cleo|Speed Boost|boost\n|-boost|p2a: Cleo|spe|1\n|upkeep\n|turn|4\n|\n|t:|1701047586\n|move|p2a: Cleo|Calm Mind|p2a: Cleo\n|-boost|p2a: Cleo|spa|1\n|-boost|p2a: Cleo|spd|1\n|move|p1a: Arceus|Calm Mind|p1a: Arceus\n|-boost|p1a: Arceus|spa|1\n|-boost|p1a: Arceus|spd|1\n|\n|-ability|p2a: Cleo|Speed Boost|boost\n|-boost|p2a: Cleo|spe|1\n|upkeep\n|turn|5\n|\n|t:|1701047595\n|move|p2a: Cleo|Calm Mind|p2a: Cleo\n|-boost|p2a: Cleo|spa|1\n|-boost|p2a: Cleo|spd|1\n|move|p1a: Arceus|Calm Mind|p1a: Arceus\n|-boost|p1a: Arceus|spa|1\n|-boost|p1a: Arceus|spd|1\n|\n|-ability|p2a: Cleo|Speed Boost|boost\n|-boost|p2a: Cleo|spe|1\n|upkeep\n|turn|6\n|\n|t:|1701047604\n|move|p2a: Cleo|Calm Mind|p2a: Cleo\n|-boost|p2a: Cleo|spa|1\n|-boost|p2a: Cleo|spd|1\n|move|p1a: Arceus|Calm Mind|p1a: Arceus\n|-boost|p1a: Arceus|spa|1\n|-boost|p1a: Arceus|spd|1\n|\n|-ability|p2a: Cleo|Speed Boost|boost\n|-boost|p2a: Cleo|spe|1\n|upkeep\n|turn|7\n|\n|t:|1701047614\n|move|p2a: Cleo|Stored Power|p1a: Arceus\n|-damage|p1a: Arceus|0 fnt\n|faint|p1a: Arceus\n|\n|upkeep\n|-message|GreatRandini98 forfeited.\n|\n|win|Palden64\n|raw|GreatRandini98's rating: 1144 &rarr; <strong>1128<\/strong><br \/>(-16 for losing)\n|raw|Palden64's rating: 1270 &rarr; <strong>1286<\/strong><br \/>(+16 for winning)\n|l|\u2606GreatRandini98\n","uploadtime":1701047637,"views":1,"p1id":"greatrandini98","p2id":"palden64","formatid":"gen9ubers","rating":1128,"private":0,"password":""}