{"id":"gen9ubers-1978522534","p1":"fwuffypetsowo","p2":"Nitro524","format":"[Gen 9] Ubers","log":"|j|\u2606fwuffypetsowo\n|j|\u2606Nitro524\n|t:|1698550167\n|gametype|singles\n|player|p1|fwuffypetsowo|zinnia|\n|player|p2|Nitro524|hilbert-wonderlauncher|\n|teamsize|p1|6\n|teamsize|p2|6\n|gen|9\n|tier|[Gen 9] Ubers\n|rule|Sleep Clause Mod: Limit one foe put to sleep\n|rule|Species Clause: Limit one of each Pok\u00e9mon\n|rule|OHKO Clause: OHKO moves are banned\n|rule|Evasion Items Clause: Evasion items are banned\n|rule|Evasion Moves Clause: Evasion moves are banned\n|rule|Endless Battle Clause: Forcing endless battles is banned\n|rule|HP Percentage Mod: HP is shown in percentages\n|clearpoke\n|poke|p1|Torkoal, M|\n|poke|p1|Walking Wake|\n|poke|p1|Chi-Yu|\n|poke|p1|Arceus-Grass|\n|poke|p1|Zacian-*|\n|poke|p1|Magearna-Original|\n|poke|p2|Meowscarada, F|\n|poke|p2|Grimmsnarl, M|\n|poke|p2|Zacian-*|\n|poke|p2|Arceus-Poison|\n|poke|p2|Magearna|\n|poke|p2|Basculegion-F, F|\n|teampreview\n|c|\u2606Nitro524|glhf\n|inactive|Battle timer is ON: inactive players will automatically lose when time's up. (requested by fwuffypetsowo)\n|c|\u2606fwuffypetsowo|u2\n|\n|t:|1698550178\n|start\n|switch|p1a: Torkoal|Torkoal, M|100\/100\n|switch|p2a: Meowscarada|Meowscarada, F|100\/100\n|-weather|SunnyDay|[from] ability: Drought|[of] p1a: Torkoal\n|turn|1\n|\n|t:|1698550186\n|move|p2a: Meowscarada|Spikes|p1a: Torkoal\n|-start|p2a: Meowscarada|typechange|Ground|[from] ability: Protean\n|-sidestart|p1: fwuffypetsowo|Spikes\n|move|p1a: Torkoal|Lava Plume|p2a: Meowscarada\n|-damage|p2a: Meowscarada|45\/100\n|\n|-weather|SunnyDay|[upkeep]\n|upkeep\n|turn|2\n|\n|t:|1698550200\n|move|p2a: Meowscarada|U-turn|p1a: Torkoal\n|-resisted|p1a: Torkoal\n|-damage|p1a: Torkoal|94\/100\n|\n|t:|1698550210\n|switch|p2a: Grimmsnarl|Grimmsnarl, M|100\/100|[from] U-turn\n|move|p1a: Torkoal|Rapid Spin|p2a: Grimmsnarl\n|-damage|p2a: Grimmsnarl|90\/100\n|-boost|p1a: Torkoal|spe|1\n|-sideend|p1: fwuffypetsowo|Spikes|[from] move: Rapid Spin|[of] p1a: Torkoal\n|\n|-weather|SunnyDay|[upkeep]\n|upkeep\n|turn|3\n|\n|t:|1698550221\n|switch|p1a: Magearna|Magearna-Original|100\/100\n|move|p2a: Grimmsnarl|Light Screen|p2a: Grimmsnarl\n|-sidestart|p2: Nitro524|move: Light Screen\n|\n|-weather|SunnyDay|[upkeep]\n|upkeep\n|turn|4\n|\n|t:|1698550230\n|move|p2a: Grimmsnarl|Parting Shot|p1a: Magearna\n|-unboost|p1a: Magearna|atk|1\n|-unboost|p1a: Magearna|spa|1\n|\n|t:|1698550242\n|switch|p2a: Arceus|Arceus-Poison|100\/100|[from] Parting Shot\n|move|p1a: Magearna|Spikes|p2a: Arceus\n|-sidestart|p2: Nitro524|Spikes\n|\n|-weather|SunnyDay|[upkeep]\n|upkeep\n|turn|5\n|inactive|fwuffypetsowo has 270 seconds left.\n|\n|t:|1698550274\n|move|p2a: Arceus|Earth Power|p1a: Magearna\n|-supereffective|p1a: Magearna\n|-damage|p1a: Magearna|71\/100\n|move|p1a: Magearna|Thunder Wave|p2a: Arceus\n|-status|p2a: Arceus|par\n|\n|-weather|SunnyDay|[upkeep]\n|-heal|p1a: Magearna|77\/100|[from] item: Leftovers\n|upkeep\n|turn|6\n|\n|t:|1698550287\n|move|p2a: Arceus|Taunt|p1a: Magearna\n|-start|p1a: Magearna|move: Taunt\n|move|p1a: Magearna|Volt Switch|p2a: Arceus\n|-damage|p2a: Arceus|96\/100 par\n|inactive|fwuffypetsowo has 270 seconds left.\n|\n|t:|1698550301\n|switch|p1a: Walking Wake|Walking Wake|100\/100|[from] Volt Switch\n|-activate|p1a: Walking Wake|ability: Protosynthesis\n|-start|p1a: Walking Wake|protosynthesisspe\n|\n|-weather|SunnyDay|[upkeep]\n|upkeep\n|turn|7\n|inactive|fwuffypetsowo has 270 seconds left.\n|\n|t:|1698550315\n|move|p1a: Walking Wake|Hydro Steam|p2a: Arceus\n|-damage|p2a: Arceus|66\/100 par\n|cant|p2a: Arceus|par\n|\n|-weather|SunnyDay|[upkeep]\n|upkeep\n|turn|8\n|inactive|fwuffypetsowo has 270 seconds left.\n|\n|t:|1698550328\n|move|p1a: Walking Wake|Hydro Steam|p2a: Arceus\n|-damage|p2a: Arceus|35\/100 par\n|cant|p2a: Arceus|par\n|\n|-weather|none\n|-end|p1a: Walking Wake|Protosynthesis\n|upkeep\n|turn|9\n|inactive|fwuffypetsowo has 270 seconds left.\n|\n|t:|1698550340\n|move|p1a: Walking Wake|Hydro Steam|p2a: Arceus\n|-damage|p2a: Arceus|14\/100 par\n|cant|p2a: Arceus|par\n|\n|upkeep\n|turn|10\n|c|\u2606Nitro524|god dammit\n|c|\u2606Nitro524|this is the second time this has happened today lo\n|c|\u2606Nitro524|l\n|\n|t:|1698550361\n|switch|p2a: Meowscarada|Meowscarada, F|45\/100\n|-damage|p2a: Meowscarada|33\/100|[from] Spikes\n|move|p1a: Walking Wake|Hydro Steam|p2a: Meowscarada\n|-resisted|p2a: Meowscarada\n|-damage|p2a: Meowscarada|9\/100\n|\n|-sideend|p2: Nitro524|move: Light Screen\n|upkeep\n|turn|11\n|\n|t:|1698550370\n|move|p2a: Meowscarada|U-turn|p1a: Walking Wake\n|-start|p2a: Meowscarada|typechange|Bug|[from] ability: Protean\n|-damage|p1a: Walking Wake|65\/100\n|\n|t:|1698550377\n|switch|p2a: Grimmsnarl|Grimmsnarl, M|90\/100|[from] U-turn\n|-damage|p2a: Grimmsnarl|77\/100|[from] Spikes\n|move|p1a: Walking Wake|Hydro Steam|p2a: Grimmsnarl\n|-damage|p2a: Grimmsnarl|31\/100\n|\n|upkeep\n|turn|12\n|\n|t:|1698550391\n|move|p2a: Grimmsnarl|Parting Shot|p1a: Walking Wake\n|-unboost|p1a: Walking Wake|atk|1\n|-unboost|p1a: Walking Wake|spa|1\n|\n|t:|1698550396\n|switch|p2a: Magearna|Magearna|100\/100|[from] Parting Shot\n|-damage|p2a: Magearna|88\/100|[from] Spikes\n|move|p1a: Walking Wake|Hydro Steam|p2a: Magearna\n|-damage|p2a: Magearna|53\/100\n|\n|-heal|p2a: Magearna|59\/100|[from] item: Leftovers\n|upkeep\n|turn|13\n|\n|t:|1698550407\n|-end|p1a: Walking Wake|Protosynthesis|[silent]\n|switch|p1a: Torkoal|Torkoal, M|94\/100\n|-weather|SunnyDay|[from] ability: Drought|[of] p1a: Torkoal\n|-terastallize|p2a: Magearna|Water\n|move|p2a: Magearna|Calm Mind|p2a: Magearna\n|-boost|p2a: Magearna|spa|1\n|-boost|p2a: Magearna|spd|1\n|\n|-weather|SunnyDay|[upkeep]\n|-heal|p2a: Magearna|65\/100|[from] item: Leftovers\n|upkeep\n|turn|14\n|\n|t:|1698550424\n|switch|p1a: Magearna|Magearna-Original|77\/100\n|move|p2a: Magearna|Shift Gear|p2a: Magearna\n|-boost|p2a: Magearna|spe|2\n|-boost|p2a: Magearna|atk|1\n|\n|-weather|SunnyDay|[upkeep]\n|-heal|p2a: Magearna|71\/100|[from] item: Leftovers\n|-heal|p1a: Magearna|83\/100|[from] item: Leftovers\n|upkeep\n|turn|15\n|\n|t:|1698550428\n|move|p2a: Magearna|Calm Mind|p2a: Magearna\n|-boost|p2a: Magearna|spa|1\n|-boost|p2a: Magearna|spd|1\n|move|p1a: Magearna|Volt Switch|p2a: Magearna\n|-supereffective|p2a: Magearna\n|-damage|p2a: Magearna|54\/100\n|\n|t:|1698550438\n|switch|p1a: Walking Wake|Walking Wake|65\/100|[from] Volt Switch\n|-activate|p1a: Walking Wake|ability: Protosynthesis\n|-start|p1a: Walking Wake|protosynthesisspe\n|\n|-weather|SunnyDay|[upkeep]\n|-heal|p2a: Magearna|60\/100|[from] item: Leftovers\n|upkeep\n|turn|16\n|\n|t:|1698550457\n|move|p1a: Walking Wake|Flip Turn|p2a: Magearna\n|-resisted|p2a: Magearna\n|-damage|p2a: Magearna|58\/100\n|\n|t:|1698550460\n|-end|p1a: Walking Wake|Protosynthesis|[silent]\n|switch|p1a: Magearna|Magearna-Original|83\/100|[from] Flip Turn\n|move|p2a: Magearna|Draining Kiss|p1a: Magearna\n|-resisted|p1a: Magearna\n|-damage|p1a: Magearna|70\/100\n|-heal|p2a: Magearna|68\/100|[from] drain|[of] p1a: Magearna\n|\n|-weather|SunnyDay|[upkeep]\n|-heal|p2a: Magearna|74\/100|[from] item: Leftovers\n|-heal|p1a: Magearna|76\/100|[from] item: Leftovers\n|upkeep\n|turn|17\n|\n|t:|1698550467\n|move|p2a: Magearna|Stored Power|p1a: Magearna\n|-resisted|p1a: Magearna\n|-damage|p1a: Magearna|50\/100\n|move|p1a: Magearna|Volt Switch|p2a: Magearna\n|-supereffective|p2a: Magearna\n|-damage|p2a: Magearna|57\/100\n|\n|t:|1698550473\n|switch|p1a: Walking Wake|Walking Wake|65\/100|[from] Volt Switch\n|-activate|p1a: Walking Wake|ability: Protosynthesis\n|-start|p1a: Walking Wake|protosynthesisspe\n|\n|-weather|SunnyDay|[upkeep]\n|-heal|p2a: Magearna|63\/100|[from] item: Leftovers\n|upkeep\n|turn|18\n|\n|t:|1698550482\n|move|p1a: Walking Wake|Flip Turn|p2a: Magearna\n|-resisted|p2a: Magearna\n|-damage|p2a: Magearna|61\/100\n|\n|t:|1698550485\n|-end|p1a: Walking Wake|Protosynthesis|[silent]\n|switch|p1a: Magearna|Magearna-Original|50\/100|[from] Flip Turn\n|move|p2a: Magearna|Draining Kiss|p1a: Magearna\n|-resisted|p1a: Magearna\n|-damage|p1a: Magearna|37\/100\n|-heal|p2a: Magearna|70\/100|[from] drain|[of] p1a: Magearna\n|\n|-weather|SunnyDay|[upkeep]\n|-heal|p2a: Magearna|77\/100|[from] item: Leftovers\n|-heal|p1a: Magearna|43\/100|[from] item: Leftovers\n|upkeep\n|turn|19\n|\n|t:|1698550489\n|move|p2a: Magearna|Calm Mind|p2a: Magearna\n|-boost|p2a: Magearna|spa|1\n|-boost|p2a: Magearna|spd|1\n|move|p1a: Magearna|Thunder Wave|p2a: Magearna\n|-status|p2a: Magearna|par\n|\n|-weather|SunnyDay|[upkeep]\n|-heal|p2a: Magearna|83\/100 par|[from] item: Leftovers\n|-heal|p1a: Magearna|49\/100|[from] item: Leftovers\n|upkeep\n|turn|20\n|\n|t:|1698550493\n|move|p2a: Magearna|Shift Gear|p2a: Magearna\n|-boost|p2a: Magearna|spe|2\n|-boost|p2a: Magearna|atk|1\n|move|p1a: Magearna|Volt Switch|p2a: Magearna\n|-supereffective|p2a: Magearna\n|-damage|p2a: Magearna|70\/100 par\n|\n|t:|1698550497\n|switch|p1a: Zacian|Zacian|100\/100|[from] Volt Switch\n|-ability|p1a: Zacian|Intrepid Sword|boost\n|-boost|p1a: Zacian|atk|1\n|\n|-weather|none\n|-heal|p2a: Magearna|76\/100 par|[from] item: Leftovers\n|upkeep\n|turn|21\n|\n|t:|1698550505\n|move|p1a: Zacian|Play Rough|p2a: Magearna\n|-damage|p2a: Magearna|39\/100 par\n|move|p2a: Magearna|Stored Power|p1a: Zacian\n|-damage|p1a: Zacian|0 fnt\n|faint|p1a: Zacian\n|-ability|p2a: Magearna|Soul-Heart|boost\n|-boost|p2a: Magearna|spa|1\n|\n|-heal|p2a: Magearna|45\/100 par|[from] item: Leftovers\n|upkeep\n|\n|t:|1698550512\n|switch|p1a: Arceus|Arceus-Grass|100\/100\n|turn|22\n|\n|t:|1698550520\n|move|p1a: Arceus|Judgment|p2a: Magearna\n|-supereffective|p2a: Magearna\n|-damage|p2a: Magearna|10\/100 par\n|cant|p2a: Magearna|par\n|\n|-heal|p2a: Magearna|16\/100 par|[from] item: Leftovers\n|upkeep\n|turn|23\n|c|\u2606Nitro524|fuck\n|\n|t:|1698550528\n|move|p1a: Arceus|Judgment|p2a: Magearna\n|-supereffective|p2a: Magearna\n|-damage|p2a: Magearna|0 fnt\n|faint|p2a: Magearna\n|\n|upkeep\n|c|\u2606fwuffypetsowo|:\/\n|\n|t:|1698550553\n|switch|p2a: Grimmsnarl|Grimmsnarl, M|31\/100\n|-damage|p2a: Grimmsnarl|19\/100|[from] Spikes\n|turn|24\n|\n|t:|1698550556\n|move|p2a: Grimmsnarl|Light Screen|p2a: Grimmsnarl\n|-sidestart|p2: Nitro524|move: Light Screen\n|move|p1a: Arceus|Judgment|p2a: Grimmsnarl\n|-damage|p2a: Grimmsnarl|0 fnt\n|faint|p2a: Grimmsnarl\n|\n|upkeep\n|c|\u2606Nitro524|you may have me beat\n|c|\u2606Nitro524|gg if so\n|\n|t:|1698550566\n|switch|p2a: Zacian|Zacian|100\/100\n|-ability|p2a: Zacian|Intrepid Sword|boost\n|-boost|p2a: Zacian|atk|1\n|turn|25\n|\n|t:|1698550574\n|-terastallize|p1a: Arceus|Poison\n|move|p2a: Zacian|Swords Dance|p2a: Zacian\n|-boost|p2a: Zacian|atk|2\n|move|p1a: Arceus|Calm Mind|p1a: Arceus\n|-boost|p1a: Arceus|spa|1\n|-boost|p1a: Arceus|spd|1\n|\n|upkeep\n|turn|26\n|\n|t:|1698550590\n|switch|p1a: Torkoal|Torkoal, M|94\/100\n|-weather|SunnyDay|[from] ability: Drought|[of] p1a: Torkoal\n|move|p2a: Zacian|Close Combat|p1a: Torkoal\n|-damage|p1a: Torkoal|37\/100\n|-unboost|p2a: Zacian|def|1\n|-unboost|p2a: Zacian|spd|1\n|\n|-weather|SunnyDay|[upkeep]\n|upkeep\n|turn|27\n|\n|t:|1698550599\n|switch|p1a: Magearna|Magearna-Original|49\/100\n|move|p2a: Zacian|Close Combat|p1a: Magearna\n|-damage|p1a: Magearna|0 fnt\n|-unboost|p2a: Zacian|def|1\n|-unboost|p2a: Zacian|spd|1\n|faint|p1a: Magearna\n|\n|-weather|SunnyDay|[upkeep]\n|upkeep\n|\n|t:|1698550604\n|switch|p1a: Walking Wake|Walking Wake|65\/100\n|-activate|p1a: Walking Wake|ability: Protosynthesis\n|-start|p1a: Walking Wake|protosynthesisspe\n|turn|28\n|\n|t:|1698550612\n|move|p1a: Walking Wake|Hydro Steam|p2a: Zacian\n|-damage|p2a: Zacian|18\/100\n|move|p2a: Zacian|Close Combat|p1a: Walking Wake\n|-damage|p1a: Walking Wake|0 fnt\n|-unboost|p2a: Zacian|def|1\n|-unboost|p2a: Zacian|spd|1\n|faint|p1a: Walking Wake\n|-end|p1a: Walking Wake|Protosynthesis|[silent]\n|\n|-weather|SunnyDay|[upkeep]\n|upkeep\n|\n|t:|1698550616\n|switch|p1a: Chi-Yu|Chi-Yu|100\/100\n|-ability|p1a: Chi-Yu|Beads of Ruin\n|turn|29\n|c|\u2606Nitro524|absurdity\n|\n|t:|1698550627\n|move|p1a: Chi-Yu|Dark Pulse|p2a: Zacian\n|-resisted|p2a: Zacian\n|-crit|p2a: Zacian\n|-damage|p2a: Zacian|0 fnt\n|faint|p2a: Zacian\n|\n|-weather|SunnyDay|[upkeep]\n|upkeep\n|\n|t:|1698550638\n|switch|p2a: Basculegion|Basculegion-F, F|100\/100\n|-damage|p2a: Basculegion|88\/100|[from] Spikes\n|turn|30\n|inactive|Nitro524 has 270 seconds left.\n|\n|t:|1698550672\n|switch|p2a: Arceus|Arceus-Poison|14\/100 par\n|-damage|p2a: Arceus|2\/100 par|[from] Spikes\n|move|p1a: Chi-Yu|Dark Pulse|p2a: Arceus\n|-damage|p2a: Arceus|0 fnt\n|faint|p2a: Arceus\n|\n|-weather|SunnyDay|[upkeep]\n|upkeep\n|inactive|Nitro524 has 270 seconds left.\n|\n|t:|1698550680\n|switch|p2a: Basculegion|Basculegion-F, F|88\/100\n|-damage|p2a: Basculegion|76\/100|[from] Spikes\n|turn|31\n|inactive|Nitro524 has 270 seconds left.\n|\n|t:|1698550692\n|move|p1a: Chi-Yu|Dark Pulse|p2a: Basculegion\n|-supereffective|p2a: Basculegion\n|-crit|p2a: Basculegion\n|-damage|p2a: Basculegion|0 fnt\n|faint|p2a: Basculegion\n|\n|-weather|SunnyDay|[upkeep]\n|-sideend|p2: Nitro524|move: Light Screen\n|upkeep\n|\n|t:|1698550694\n|switch|p2a: Meowscarada|Meowscarada, F|9\/100\n|-damage|p2a: Meowscarada|0 fnt|[from] Spikes\n|faint|p2a: Meowscarada\n|\n|win|fwuffypetsowo\n|c|\u2606Nitro524|gg\n|c|\u2606fwuffypetsowo|gg\n|c|\u2606Nitro524|re?\n","uploadtime":1698550715,"views":12,"p1id":"fwuffypetsowo","p2id":"nitro524","formatid":"gen9ubers","rating":0,"private":0,"password":""}