{"id":"gen9ubers-1968267082","p1":"Electricratman","p2":"ungellican","format":"[Gen 9] Ubers","log":"|j|\u2606Electricratman\n|j|\u2606ungellican\n|t:|1697400588\n|gametype|singles\n|player|p1|Electricratman|1|1152\n|player|p2|ungellican|266|1044\n|teamsize|p1|6\n|teamsize|p2|6\n|gen|9\n|tier|[Gen 9] Ubers\n|rated|\n|rule|Sleep Clause Mod: Limit one foe put to sleep\n|rule|Species Clause: Limit one of each Pok\u00e9mon\n|rule|OHKO Clause: OHKO moves are banned\n|rule|Evasion Items Clause: Evasion items are banned\n|rule|Evasion Moves Clause: Evasion moves are banned\n|rule|Endless Battle Clause: Forcing endless battles is banned\n|rule|HP Percentage Mod: HP is shown in percentages\n|clearpoke\n|poke|p1|Weezing-Galar, M|\n|poke|p1|Rillaboom, M|\n|poke|p1|Greninja-*, M|\n|poke|p1|Magearna|\n|poke|p1|Hawlucha, M|\n|poke|p1|Thundurus-Therian, M|\n|poke|p2|Pikachu, M|\n|poke|p2|Lucario, M|\n|poke|p2|Garchomp, F|\n|poke|p2|Zoroark, M|\n|poke|p2|Charizard, M|\n|poke|p2|Mewtwo|\n|teampreview\n|inactive|Battle timer is ON: inactive players will automatically lose when time's up. (requested by ungellican)\n|\n|t:|1697400621\n|start\n|switch|p1a: Thundurus|Thundurus-Therian, M|100\/100\n|switch|p2a: Pikachu|Pikachu, M|100\/100\n|turn|1\n|inactive|Electricratman has 120 seconds left.\n|\n|t:|1697400675\n|switch|p1a: Rillaboom|Rillaboom, M|100\/100\n|-fieldstart|move: Grassy Terrain|[from] ability: Grassy Surge|[of] p1a: Rillaboom\n|move|p2a: Pikachu|Fake Out|p1a: Rillaboom\n|-damage|p1a: Rillaboom|93\/100\n|\n|-heal|p1a: Rillaboom|99\/100|[from] Grassy Terrain\n|upkeep\n|turn|2\n|\n|t:|1697400690\n|move|p1a: Rillaboom|Grassy Glide|p2a: Pikachu\n|-enditem|p2a: Pikachu|Focus Sash\n|-damage|p2a: Pikachu|1\/100\n|move|p2a: Pikachu|Nuzzle|p1a: Rillaboom\n|-resisted|p1a: Rillaboom\n|-damage|p1a: Rillaboom|95\/100\n|-status|p1a: Rillaboom|par\n|\n|-heal|p2a: Pikachu|7\/100|[from] Grassy Terrain\n|-heal|p1a: Rillaboom|100\/100 par|[from] Grassy Terrain\n|upkeep\n|turn|3\n|\n|t:|1697400708\n|move|p1a: Rillaboom|Grassy Glide|p2a: Pikachu\n|-damage|p2a: Pikachu|0 fnt\n|faint|p2a: Pikachu\n|\n|upkeep\n|\n|t:|1697400716\n|switch|p2a: Charizard|Charizard, M, shiny|100\/100\n|turn|4\n|\n|t:|1697400727\n|switch|p1a: Thundurus|Thundurus-Therian, M|100\/100\n|move|p2a: Charizard|Dragon Dance|p2a: Charizard\n|-boost|p2a: Charizard|atk|1\n|-boost|p2a: Charizard|spe|1\n|\n|upkeep\n|turn|5\n|\n|t:|1697400737\n|switch|p2a: Garchomp|Garchomp, F|100\/100\n|move|p1a: Thundurus|Volt Switch|p2a: Garchomp\n|-immune|p2a: Garchomp\n|\n|-fieldend|move: Grassy Terrain\n|upkeep\n|turn|6\n|\n|t:|1697400757\n|switch|p1a: Weezing|Weezing-Galar, M|100\/100\n|-ability|p1a: Weezing|Neutralizing Gas\n|move|p2a: Garchomp|Scale Shot|p1a: Weezing\n|-immune|p1a: Weezing\n|\n|upkeep\n|turn|7\n|\n|t:|1697400767\n|switch|p2a: Mewtwo|Mewtwo|100\/100\n|move|p1a: Weezing|Strange Steam|p2a: Mewtwo\n|-damage|p2a: Mewtwo|66\/100\n|-start|p2a: Mewtwo|confusion\n|\n|upkeep\n|turn|8\n|\n|t:|1697400777\n|-terastallize|p1a: Weezing|Dark\n|-activate|p2a: Mewtwo|confusion\n|-damage|p2a: Mewtwo|58\/100|[from] confusion\n|move|p1a: Weezing|Dark Pulse|p2a: Mewtwo\n|-supereffective|p2a: Mewtwo\n|-enditem|p2a: Mewtwo|Colbur Berry|[eat]\n|-enditem|p2a: Mewtwo|Colbur Berry|[weaken]\n|-damage|p2a: Mewtwo|26\/100\n|\n|upkeep\n|turn|9\n|\n|t:|1697400790\n|-end|p2a: Mewtwo|confusion\n|move|p2a: Mewtwo|Recover|p2a: Mewtwo\n|-heal|p2a: Mewtwo|76\/100\n|move|p1a: Weezing|Dark Pulse|p2a: Mewtwo\n|-supereffective|p2a: Mewtwo\n|-damage|p2a: Mewtwo|10\/100\n|\n|upkeep\n|turn|10\n|\n|t:|1697400802\n|switch|p2a: Lucario|Lucario, M|100\/100\n|move|p1a: Weezing|Dark Pulse|p2a: Lucario\n|-resisted|p2a: Lucario\n|-damage|p2a: Lucario|76\/100\n|\n|upkeep\n|turn|11\n|\n|t:|1697400822\n|-end|p1a: Weezing|ability: Neutralizing Gas\n|switch|p1a: Rillaboom|Rillaboom, M|100\/100 par\n|-fieldstart|move: Grassy Terrain|[from] ability: Grassy Surge|[of] p1a: Rillaboom\n|move|p2a: Lucario|Rock Slide|p1a: Rillaboom\n|-damage|p1a: Rillaboom|75\/100 par\n|\n|-heal|p2a: Lucario|82\/100|[from] Grassy Terrain\n|-heal|p1a: Rillaboom|81\/100 par|[from] Grassy Terrain\n|upkeep\n|turn|12\n|\n|t:|1697400837\n|-terastallize|p2a: Lucario|Fighting\n|move|p2a: Lucario|Cross Chop|p1a: Rillaboom|[miss]\n|-miss|p2a: Lucario|p1a: Rillaboom\n|move|p1a: Rillaboom|High Horsepower|p2a: Lucario|[miss]\n|-miss|p1a: Rillaboom|p2a: Lucario\n|\n|-heal|p2a: Lucario|88\/100|[from] Grassy Terrain\n|-heal|p1a: Rillaboom|87\/100 par|[from] Grassy Terrain\n|upkeep\n|turn|13\n|inactive|Electricratman has 90 seconds left.\n|\n|t:|1697400870\n|move|p2a: Lucario|Cross Chop|p1a: Rillaboom\n|-damage|p1a: Rillaboom|20\/100 par\n|move|p1a: Rillaboom|U-turn|p2a: Lucario\n|-resisted|p2a: Lucario\n|-damage|p2a: Lucario|70\/100\n|\n|t:|1697400878\n|switch|p1a: Hawlucha|Hawlucha, M, shiny|100\/100|[from] U-turn\n|-enditem|p1a: Hawlucha|Grassy Seed\n|-boost|p1a: Hawlucha|def|1|[from] item: Grassy Seed\n|\n|-heal|p2a: Lucario|76\/100|[from] Grassy Terrain\n|upkeep\n|turn|14\n|\n|t:|1697400888\n|move|p1a: Hawlucha|Acrobatics|p2a: Lucario\n|-supereffective|p2a: Lucario\n|-damage|p2a: Lucario|0 fnt\n|faint|p2a: Lucario\n|\n|upkeep\n|\n|t:|1697400897\n|switch|p2a: Garchomp|Garchomp, F|100\/100\n|turn|15\n|\n|t:|1697400907\n|move|p1a: Hawlucha|Swords Dance|p1a: Hawlucha\n|-boost|p1a: Hawlucha|atk|2\n|move|p2a: Garchomp|Scale Shot|p1a: Hawlucha\n|-damage|p1a: Hawlucha|84\/100\n|-damage|p1a: Hawlucha|66\/100\n|-damage|p1a: Hawlucha|50\/100\n|-damage|p1a: Hawlucha|33\/100\n|-crit|p1a: Hawlucha\n|-damage|p1a: Hawlucha|0 fnt\n|faint|p1a: Hawlucha\n|-hitcount|p1: Hawlucha|5\n|-unboost|p2a: Garchomp|def|1\n|-boost|p2a: Garchomp|spe|1\n|\n|-fieldend|move: Grassy Terrain\n|upkeep\n|inactive|Electricratman has 90 seconds left.\n|\n|t:|1697400943\n|switch|p1a: Thundurus|Thundurus-Therian, M|100\/100\n|turn|16\n|\n|t:|1697400951\n|move|p2a: Garchomp|Scale Shot|p1a: Thundurus|[miss]\n|-miss|p2a: Garchomp|p1a: Thundurus\n|move|p1a: Thundurus|Grass Knot|p2a: Garchomp\n|-damage|p2a: Garchomp|47\/100\n|-damage|p1a: Thundurus|88\/100|[from] ability: Rough Skin|[of] p2a: Garchomp\n|\n|upkeep\n|turn|17\n|\n|t:|1697400959\n|move|p2a: Garchomp|Scale Shot|p1a: Thundurus\n|-damage|p1a: Thundurus|53\/100\n|-damage|p1a: Thundurus|22\/100\n|-damage|p1a: Thundurus|0 fnt\n|faint|p1a: Thundurus\n|-hitcount|p1: Thundurus|3\n|-unboost|p2a: Garchomp|def|1\n|-boost|p2a: Garchomp|spe|1\n|\n|upkeep\n|\n|t:|1697400972\n|switch|p1a: Greninja|Greninja, M, shiny|100\/100\n|turn|18\n|\n|t:|1697400980\n|move|p1a: Greninja|Water Shuriken|p2a: Garchomp\n|-start|p1a: Greninja|typechange|Water|[from] ability: Protean\n|-damage|p2a: Garchomp|40\/100\n|-damage|p2a: Garchomp|33\/100\n|-damage|p2a: Garchomp|25\/100\n|-damage|p2a: Garchomp|17\/100\n|-hitcount|p2a: Garchomp|4\n|move|p2a: Garchomp|Scale Shot|p1a: Greninja\n|-damage|p1a: Greninja|64\/100\n|-damage|p1a: Greninja|28\/100\n|-damage|p1a: Greninja|0 fnt\n|faint|p1a: Greninja\n|-hitcount|p1: Greninja|3\n|-unboost|p2a: Garchomp|def|1\n|-boost|p2a: Garchomp|spe|1\n|\n|upkeep\n|inactive|Electricratman has 60 seconds left.\n|\n|t:|1697401000\n|switch|p1a: Rillaboom|Rillaboom, M|20\/100 par\n|-fieldstart|move: Grassy Terrain|[from] ability: Grassy Surge|[of] p1a: Rillaboom\n|turn|19\n|\n|t:|1697401005\n|move|p1a: Rillaboom|Grassy Glide|p2a: Garchomp\n|-damage|p2a: Garchomp|0 fnt\n|-damage|p1a: Rillaboom|8\/100 par|[from] ability: Rough Skin|[of] p2a: Garchomp\n|faint|p2a: Garchomp\n|\n|-heal|p1a: Rillaboom|14\/100 par|[from] Grassy Terrain\n|upkeep\n|\n|t:|1697401016\n|switch|p2a: Charizard|Charizard, M, shiny|100\/100\n|turn|20\n|\n|t:|1697401024\n|move|p2a: Charizard|Aerial Ace|p1a: Rillaboom\n|-supereffective|p1a: Rillaboom\n|-damage|p1a: Rillaboom|0 fnt\n|faint|p1a: Rillaboom\n|\n|upkeep\n|\n|t:|1697401034\n|switch|p1a: Weezing|Weezing-Galar, M, tera:Dark|100\/100\n|-ability|p1a: Weezing|Neutralizing Gas\n|turn|21\n|\n|t:|1697401053\n|move|p2a: Charizard|Dragon Dance|p2a: Charizard\n|-boost|p2a: Charizard|atk|1\n|-boost|p2a: Charizard|spe|1\n|move|p1a: Weezing|Dark Pulse|p2a: Charizard\n|-damage|p2a: Charizard|65\/100\n|\n|upkeep\n|turn|22\n|\n|t:|1697401061\n|move|p2a: Charizard|Flare Blitz|p1a: Weezing\n|-damage|p1a: Weezing|59\/100\n|-damage|p2a: Charizard|51\/100|[from] Recoil\n|move|p1a: Weezing|Strange Steam|p2a: Charizard\n|-resisted|p2a: Charizard\n|-damage|p2a: Charizard|29\/100\n|\n|-heal|p1a: Weezing|65\/100|[from] Grassy Terrain\n|upkeep\n|turn|23\n|\n|t:|1697401074\n|move|p2a: Charizard|Flare Blitz|p1a: Weezing\n|-damage|p1a: Weezing|24\/100\n|-damage|p2a: Charizard|15\/100|[from] Recoil\n|move|p1a: Weezing|Clear Smog|p2a: Charizard\n|-crit|p2a: Charizard\n|-damage|p2a: Charizard|0 fnt\n|-clearboost|p2a: Charizard\n|faint|p2a: Charizard\n|\n|-heal|p1a: Weezing|30\/100|[from] Grassy Terrain\n|-fieldend|move: Grassy Terrain\n|upkeep\n|\n|t:|1697401088\n|switch|p2a: Mewtwo|Mewtwo|10\/100\n|turn|24\n|\n|t:|1697401095\n|move|p2a: Mewtwo|Ice Beam|p1a: Weezing\n|-damage|p1a: Weezing|0 fnt\n|faint|p1a: Weezing\n|-end|p1a: Weezing|ability: Neutralizing Gas\n|-ability|p2a: Mewtwo|Pressure\n|\n|upkeep\n|\n|t:|1697401101\n|switch|p1a: Magearna|Magearna|100\/100\n|turn|25\n|inactive|Electricratman has 90 seconds left.\n|\n|t:|1697401113\n|move|p2a: Mewtwo|Recover|p2a: Mewtwo\n|-heal|p2a: Mewtwo|60\/100\n|move|p1a: Magearna|Calm Mind|p1a: Magearna\n|-boost|p1a: Magearna|spa|1\n|-boost|p1a: Magearna|spd|1\n|\n|upkeep\n|turn|26\n|inactive|Electricratman has 90 seconds left.\n|\n|t:|1697401122\n|move|p2a: Mewtwo|Thunderbolt|p1a: Magearna\n|-damage|p1a: Magearna|80\/100\n|move|p1a: Magearna|Shift Gear|p1a: Magearna\n|-boost|p1a: Magearna|spe|2\n|-boost|p1a: Magearna|atk|1\n|\n|-heal|p1a: Magearna|86\/100|[from] item: Leftovers\n|upkeep\n|turn|27\n|inactive|Electricratman has 90 seconds left.\n|\n|t:|1697401134\n|switch|p2a: Mewtwo|Mewtwo|100\/100\n|move|p1a: Magearna|Shift Gear|p1a: Magearna\n|-boost|p1a: Magearna|spe|2\n|-boost|p1a: Magearna|atk|1\n|\n|-heal|p1a: Magearna|92\/100|[from] item: Leftovers\n|upkeep\n|turn|28\n|inactive|Electricratman has 90 seconds left.\n|\n|t:|1697401146\n|move|p1a: Magearna|Draining Kiss|p2a: Mewtwo\n|-supereffective|p2a: Mewtwo\n|-damage|p2a: Mewtwo|0 fnt\n|-heal|p1a: Magearna|100\/100|[from] drain|[of] p2a: Mewtwo\n|replace|p2a: Zoroark|Zoroark, M\n|-end|p2a: Zoroark|Illusion\n|faint|p2a: Zoroark\n|-ability|p1a: Magearna|Soul-Heart|boost\n|-boost|p1a: Magearna|spa|1\n|\n|upkeep\n|\n|t:|1697401149\n|switch|p2a: Mewtwo|Mewtwo|60\/100\n|-ability|p2a: Mewtwo|Pressure\n|turn|29\n|\n|t:|1697401161\n|move|p1a: Magearna|Stored Power|p2a: Mewtwo\n|-resisted|p2a: Mewtwo\n|-damage|p2a: Mewtwo|0 fnt\n|faint|p2a: Mewtwo\n|\n|win|Electricratman\n|raw|Electricratman's rating: 1152 &rarr; <strong>1169<\/strong><br \/>(+17 for winning)\n|raw|ungellican's rating: 1044 &rarr; <strong>1032<\/strong><br \/>(-12 for losing)\n|c|\u2606Electricratman|Gg\n|l|\u2606ungellican\n","uploadtime":1697401196,"views":8,"p1id":"electricratman","p2id":"ungellican","formatid":"gen9ubers","rating":1032,"private":0,"password":""}