{"id":"gen9ubers-1977911811","p1":"ItsmeBlankKnight","p2":"PinkScourge","format":"[Gen 9] Ubers","log":"|j|\u2606ItsmeBlankKnight\n|j|\u2606PinkScourge\n|t:|1698465335\n|gametype|singles\n|player|p1|ItsmeBlankKnight|larry|\n|player|p2|PinkScourge|bede-leader|\n|teamsize|p1|6\n|teamsize|p2|6\n|gen|9\n|tier|[Gen 9] Ubers\n|rule|Sleep Clause Mod: Limit one foe put to sleep\n|rule|Species Clause: Limit one of each Pok\u00e9mon\n|rule|OHKO Clause: OHKO moves are banned\n|rule|Evasion Items Clause: Evasion items are banned\n|rule|Evasion Moves Clause: Evasion moves are banned\n|rule|Endless Battle Clause: Forcing endless battles is banned\n|rule|HP Percentage Mod: HP is shown in percentages\n|clearpoke\n|poke|p1|Chi-Yu|\n|poke|p1|Palafin, F|\n|poke|p1|Spectrier|\n|poke|p1|Zacian-*|\n|poke|p1|Arceus-Poison|\n|poke|p1|Masquerain, F|\n|poke|p2|Indeedee-F, F|\n|poke|p2|Arceus-Psychic|\n|poke|p2|Alomomola, M|\n|poke|p2|Mandibuzz, F|\n|poke|p2|Slowking-Galar, F|\n|poke|p2|Hoopa-Unbound|\n|teampreview\n|inactive|Battle timer is ON: inactive players will automatically lose when time's up. (requested by ItsmeBlankKnight)\n|inactive|PinkScourge also wants the timer to be on.\n|\n|t:|1698465353\n|start\n|switch|p1a: Masquerain|Masquerain, F|100\/100\n|switch|p2a: Arceus|Arceus-Psychic|100\/100\n|-ability|p1a: Masquerain|Intimidate|boost\n|-unboost|p2a: Arceus|atk|1\n|turn|1\n|\n|t:|1698465365\n|move|p1a: Masquerain|Sticky Web|p2a: Arceus\n|-sidestart|p2: PinkScourge|move: Sticky Web\n|move|p2a: Arceus|Future Sight|p1a: Masquerain\n|-start|p2a: Arceus|move: Future Sight\n|\n|upkeep\n|turn|2\n|\n|t:|1698465377\n|switch|p2a: Indeedee|Indeedee-F, F|100\/100\n|-activate|p2a: Indeedee|move: Sticky Web\n|-unboost|p2a: Indeedee|spe|1\n|-fieldstart|move: Psychic Terrain|[from] ability: Psychic Surge|[of] p2a: Indeedee\n|move|p1a: Masquerain|Hydro Pump|p2a: Indeedee\n|-damage|p2a: Indeedee|79\/100\n|\n|upkeep\n|turn|3\n|\n|t:|1698465386\n|move|p1a: Masquerain|Tailwind|p1a: Masquerain\n|-sidestart|p1: ItsmeBlankKnight|move: Tailwind\n|move|p2a: Indeedee|Trick Room|p2a: Indeedee\n|-fieldstart|move: Trick Room|[of] p2a: Indeedee\n|\n|-end|p1a: Masquerain|move: Future Sight\n|-enditem|p1a: Masquerain|Focus Sash\n|-damage|p1a: Masquerain|1\/100\n|upkeep\n|turn|4\n|\n|t:|1698465398\n|switch|p2a: Slowking|Slowking-Galar, F|100\/100\n|switch|p1a: Palafin|Palafin, F|100\/100\n|\n|upkeep\n|turn|5\n|\n|t:|1698465404\n|detailschange|p1a: Palafin|Palafin-Hero, F\n|switch|p1a: Masquerain|Masquerain, F|1\/100\n|-ability|p1a: Masquerain|Intimidate|boost\n|-unboost|p2a: Slowking|atk|1\n|move|p2a: Slowking|Future Sight|p1a: Masquerain\n|-start|p2a: Slowking|move: Future Sight\n|\n|upkeep\n|turn|6\n|\n|t:|1698465409\n|move|p2a: Slowking|Chilly Reception|p2a: Slowking\n|-weather|Snow\n|\n|t:|1698465420\n|switch|p2a: Alomomola|Alomomola, M|100\/100|[from] Chilly Reception\n|-activate|p2a: Alomomola|move: Sticky Web\n|-unboost|p2a: Alomomola|spe|1\n|move|p1a: Masquerain|Hydro Pump|p2a: Alomomola\n|-resisted|p2a: Alomomola\n|-damage|p2a: Alomomola|90\/100\n|\n|-weather|Snow|[upkeep]\n|-sideend|p1: ItsmeBlankKnight|move: Tailwind\n|upkeep\n|turn|7\n|\n|t:|1698465427\n|move|p2a: Alomomola|Flip Turn|p1a: Masquerain\n|-damage|p1a: Masquerain|0 fnt\n|faint|p1a: Masquerain\n|\n|t:|1698465432\n|switch|p2a: Arceus|Arceus-Psychic|100\/100|[from] Flip Turn\n|-activate|p2a: Arceus|move: Sticky Web\n|-unboost|p2a: Arceus|spe|1\n|\n|-weather|Snow|[upkeep]\n|-hint|Future Sight did not hit because the target is fainted.\n|-fieldend|move: Trick Room\n|upkeep\n|\n|t:|1698465438\n|switch|p1a: Chi-Yu|Chi-Yu|100\/100\n|-ability|p1a: Chi-Yu|Beads of Ruin\n|turn|8\n|\n|t:|1698465446\n|move|p1a: Chi-Yu|Dark Pulse|p2a: Arceus\n|-supereffective|p2a: Arceus\n|-damage|p2a: Arceus|0 fnt\n|faint|p2a: Arceus\n|\n|-weather|Snow|[upkeep]\n|upkeep\n|\n|t:|1698465461\n|switch|p2a: Alomomola|Alomomola, M|100\/100\n|-activate|p2a: Alomomola|move: Sticky Web\n|-unboost|p2a: Alomomola|spe|1\n|turn|9\n|\n|t:|1698465464\n|move|p1a: Chi-Yu|Dark Pulse|p2a: Alomomola\n|-damage|p2a: Alomomola|12\/100\n|cant|p2a: Alomomola|flinch\n|\n|-weather|Snow|[upkeep]\n|-fieldend|move: Psychic Terrain\n|upkeep\n|turn|10\n|\n|t:|1698465471\n|move|p2a: Alomomola|Protect|p2a: Alomomola\n|-singleturn|p2a: Alomomola|Protect\n|move|p1a: Chi-Yu|Dark Pulse|p2a: Alomomola\n|-activate|p2a: Alomomola|move: Protect\n|\n|-weather|none\n|upkeep\n|turn|11\n|\n|t:|1698465474\n|switch|p2a: Mandibuzz|Mandibuzz, F|100\/100\n|move|p1a: Chi-Yu|Dark Pulse|p2a: Mandibuzz\n|-resisted|p2a: Mandibuzz\n|-damage|p2a: Mandibuzz|73\/100\n|\n|upkeep\n|turn|12\n|\n|t:|1698465480\n|switch|p1a: Palafin|Palafin-Hero, F|100\/100\n|-activate|p1a: Palafin|ability: Zero to Hero\n|move|p2a: Mandibuzz|U-turn|p1a: Palafin\n|-damage|p1a: Palafin|88\/100\n|\n|t:|1698465486\n|switch|p2a: Slowking|Slowking-Galar, F|100\/100|[from] U-turn\n|\n|upkeep\n|turn|13\n|\n|t:|1698465489\n|move|p1a: Palafin|Wave Crash|p2a: Slowking\n|-damage|p2a: Slowking|0 fnt\n|faint|p2a: Slowking\n|-damage|p1a: Palafin|50\/100|[from] Recoil\n|-damage|p1a: Palafin|40\/100|[from] item: Life Orb\n|\n|upkeep\n|\n|t:|1698465495\n|switch|p2a: Mandibuzz|Mandibuzz, F|73\/100\n|turn|14\n|\n|t:|1698465499\n|move|p1a: Palafin|Wave Crash|p2a: Mandibuzz\n|-damage|p2a: Mandibuzz|0 fnt\n|faint|p2a: Mandibuzz\n|-damage|p1a: Palafin|10\/100|[from] Recoil\n|-damage|p1a: Palafin|0 fnt|[from] item: Life Orb\n|faint|p1a: Palafin\n|\n|upkeep\n|\n|t:|1698465508\n|switch|p1a: Chi-Yu|Chi-Yu|100\/100\n|switch|p2a: Indeedee|Indeedee-F, F|79\/100\n|-ability|p1a: Chi-Yu|Beads of Ruin\n|-activate|p2a: Indeedee|move: Sticky Web\n|-unboost|p2a: Indeedee|spe|1\n|-fieldstart|move: Psychic Terrain|[from] ability: Psychic Surge|[of] p2a: Indeedee\n|turn|15\n|\n|t:|1698465522\n|-terastallize|p1a: Chi-Yu|Fire\n|-terastallize|p2a: Indeedee|Steel\n|move|p1a: Chi-Yu|Flamethrower|p2a: Indeedee\n|-supereffective|p2a: Indeedee\n|-crit|p2a: Indeedee\n|-damage|p2a: Indeedee|0 fnt\n|faint|p2a: Indeedee\n|\n|upkeep\n|\n|t:|1698465527\n|switch|p2a: Alomomola|Alomomola, M|46\/100\n|-activate|p2a: Alomomola|move: Sticky Web\n|-unboost|p2a: Alomomola|spe|1\n|turn|16\n|\n|t:|1698465531\n|move|p1a: Chi-Yu|Flamethrower|p2a: Alomomola\n|-resisted|p2a: Alomomola\n|-damage|p2a: Alomomola|0 fnt\n|faint|p2a: Alomomola\n|\n|upkeep\n|\n|t:|1698465533\n|switch|p2a: Hoopa|Hoopa-Unbound|100\/100\n|-activate|p2a: Hoopa|move: Sticky Web\n|-unboost|p2a: Hoopa|spe|1\n|turn|17\n|\n|t:|1698465537\n|move|p1a: Chi-Yu|Flamethrower|p2a: Hoopa\n|-damage|p2a: Hoopa|0 fnt\n|faint|p2a: Hoopa\n|\n|win|ItsmeBlankKnight\n|l|\u2606PinkScourge\n","uploadtime":1698465555,"views":18,"p1id":"itsmeblankknight","p2id":"pinkscourge","formatid":"gen9ubers","rating":0,"private":0,"password":""}