{"id":"gen9ubers-1971271135","p1":"Vaxtouwen","p2":"mirista","format":"[Gen 9] Ubers","log":"|j|\u2606Vaxtouwen\n|j|\u2606mirista\n|t:|1697725415\n|gametype|singles\n|player|p1|Vaxtouwen|ghetsis-gen5bw|1014\n|player|p2|mirista|palmer|1028\n|teamsize|p1|6\n|teamsize|p2|6\n|gen|9\n|tier|[Gen 9] Ubers\n|rated|\n|rule|Sleep Clause Mod: Limit one foe put to sleep\n|rule|Species Clause: Limit one of each Pok\u00e9mon\n|rule|OHKO Clause: OHKO moves are banned\n|rule|Evasion Items Clause: Evasion items are banned\n|rule|Evasion Moves Clause: Evasion moves are banned\n|rule|Endless Battle Clause: Forcing endless battles is banned\n|rule|HP Percentage Mod: HP is shown in percentages\n|clearpoke\n|poke|p1|Cyclizar, M|\n|poke|p1|Dragalge, M|\n|poke|p1|Kommo-o, M|\n|poke|p1|Kingambit, M|\n|poke|p1|Chesnaught, M|\n|poke|p1|Gliscor, F|\n|poke|p2|Sinistcha|\n|poke|p2|Scizor, M|\n|poke|p2|Glimmora, M|\n|poke|p2|Ogerpon-Wellspring, F|\n|poke|p2|Iron Moth|\n|poke|p2|Gliscor, M|\n|teampreview\n|\n|t:|1697725420\n|start\n|switch|p1a: Av\u00e9naux|Gliscor, F, shiny|100\/100\n|switch|p2a: Glimmora|Glimmora, M|100\/100\n|turn|1\n|\n|t:|1697725431\n|-terastallize|p1a: Av\u00e9naux|Water\n|move|p1a: Av\u00e9naux|Crabhammer|p2a: Glimmora\n|-supereffective|p2a: Glimmora\n|-enditem|p2a: Glimmora|Focus Sash\n|-damage|p2a: Glimmora|1\/100\n|-activate|p2a: Glimmora|ability: Toxic Debris\n|-sidestart|p1: Vaxtouwen|move: Toxic Spikes\n|move|p2a: Glimmora|Stealth Rock|p1a: Av\u00e9naux\n|-sidestart|p1: Vaxtouwen|move: Stealth Rock\n|\n|upkeep\n|turn|2\n|\n|t:|1697725444\n|move|p1a: Av\u00e9naux|Crabhammer|p2a: Glimmora\n|-supereffective|p2a: Glimmora\n|-damage|p2a: Glimmora|0 fnt\n|-activate|p2a: Glimmora|ability: Toxic Debris\n|-sidestart|p1: Vaxtouwen|move: Toxic Spikes\n|faint|p2a: Glimmora\n|\n|upkeep\n|\n|t:|1697725456\n|switch|p2a: Ogerpon|Ogerpon-Wellspring, F|100\/100\n|turn|3\n|\n|t:|1697725462\n|move|p2a: Ogerpon|Swords Dance|p2a: Ogerpon\n|-boost|p2a: Ogerpon|atk|2\n|move|p1a: Av\u00e9naux|Stealth Rock|p2a: Ogerpon\n|-sidestart|p2: mirista|move: Stealth Rock\n|\n|upkeep\n|turn|4\n|\n|t:|1697725467\n|move|p2a: Ogerpon|Power Whip|p1a: Av\u00e9naux\n|-supereffective|p1a: Av\u00e9naux\n|-damage|p1a: Av\u00e9naux|0 fnt\n|faint|p1a: Av\u00e9naux\n|\n|upkeep\n|\n|t:|1697725483\n|switch|p1a: Drac\u00f4ve|Cyclizar, M|100\/100\n|-status|p1a: Drac\u00f4ve|tox\n|-damage|p1a: Drac\u00f4ve|88\/100 tox|[from] Stealth Rock\n|turn|5\n|\n|t:|1697725489\n|move|p1a: Drac\u00f4ve|Rapid Spin|p2a: Ogerpon\n|-damage|p2a: Ogerpon|74\/100\n|-boost|p1a: Drac\u00f4ve|spe|1\n|-sideend|p1: Vaxtouwen|Toxic Spikes|[from] move: Rapid Spin|[of] p1a: Drac\u00f4ve\n|-sideend|p1: Vaxtouwen|Stealth Rock|[from] move: Rapid Spin|[of] p1a: Drac\u00f4ve\n|move|p2a: Ogerpon|Ivy Cudgel|p1a: Drac\u00f4ve\n|-resisted|p1a: Drac\u00f4ve\n|-damage|p1a: Drac\u00f4ve|0 fnt\n|faint|p1a: Drac\u00f4ve\n|\n|upkeep\n|\n|t:|1697725501\n|switch|p1a: Kal\u00e8n|Dragalge, M, shiny|100\/100\n|turn|6\n|\n|t:|1697725508\n|move|p2a: Ogerpon|Knock Off|p1a: Kal\u00e8n\n|-crit|p1a: Kal\u00e8n\n|-damage|p1a: Kal\u00e8n|0 fnt\n|-enditem|p1a: Kal\u00e8n|Black Sludge|[from] move: Knock Off|[of] p2a: Ogerpon\n|faint|p1a: Kal\u00e8n\n|\n|upkeep\n|\n|t:|1697725517\n|switch|p1a: Osqu\u00e9non|Kommo-o, M|100\/100\n|turn|7\n|\n|t:|1697725523\n|move|p2a: Ogerpon|Ivy Cudgel|p1a: Osqu\u00e9non\n|-resisted|p1a: Osqu\u00e9non\n|-damage|p1a: Osqu\u00e9non|43\/100\n|move|p1a: Osqu\u00e9non|Dragon Dance|p1a: Osqu\u00e9non\n|-boost|p1a: Osqu\u00e9non|atk|1\n|-boost|p1a: Osqu\u00e9non|spe|1\n|\n|upkeep\n|turn|8\n|\n|t:|1697725530\n|move|p2a: Ogerpon|Knock Off|p1a: Osqu\u00e9non\n|-resisted|p1a: Osqu\u00e9non\n|-damage|p1a: Osqu\u00e9non|8\/100\n|-enditem|p1a: Osqu\u00e9non|Focus Sash|[from] move: Knock Off|[of] p2a: Ogerpon\n|move|p1a: Osqu\u00e9non|Drain Punch|p2a: Ogerpon\n|-damage|p2a: Ogerpon|0 fnt\n|-heal|p1a: Osqu\u00e9non|43\/100|[from] drain|[of] p2a: Ogerpon\n|faint|p2a: Ogerpon\n|\n|upkeep\n|\n|t:|1697725539\n|switch|p2a: Iron Moth|Iron Moth|100\/100\n|-damage|p2a: Iron Moth|76\/100|[from] Stealth Rock\n|-enditem|p2a: Iron Moth|Booster Energy\n|-activate|p2a: Iron Moth|ability: Quark Drive|[fromitem]\n|-start|p2a: Iron Moth|quarkdrivespe\n|turn|9\n|\n|t:|1697725555\n|move|p2a: Iron Moth|Fiery Dance|p1a: Osqu\u00e9non\n|-resisted|p1a: Osqu\u00e9non\n|-damage|p1a: Osqu\u00e9non|25\/100\n|-boost|p2a: Iron Moth|spa|1\n|move|p1a: Osqu\u00e9non|Earthquake|p2a: Iron Moth\n|-supereffective|p2a: Iron Moth\n|-damage|p2a: Iron Moth|0 fnt\n|faint|p2a: Iron Moth\n|-end|p2a: Iron Moth|Quark Drive|[silent]\n|\n|upkeep\n|\n|t:|1697725564\n|switch|p2a: Scizor|Scizor, M|100\/100\n|turn|10\n|\n|t:|1697725569\n|move|p1a: Osqu\u00e9non|Drain Punch|p2a: Scizor\n|-damage|p2a: Scizor|27\/100\n|-heal|p1a: Osqu\u00e9non|59\/100|[from] drain|[of] p2a: Scizor\n|move|p2a: Scizor|Dual Wingbeat|p1a: Osqu\u00e9non|[miss]\n|-miss|p2a: Scizor|p1a: Osqu\u00e9non\n|\n|upkeep\n|turn|11\n|\n|t:|1697725578\n|move|p2a: Scizor|Bullet Punch|p1a: Osqu\u00e9non\n|-damage|p1a: Osqu\u00e9non|28\/100\n|move|p1a: Osqu\u00e9non|Drain Punch|p2a: Scizor\n|-damage|p2a: Scizor|0 fnt\n|-heal|p1a: Osqu\u00e9non|40\/100|[from] drain|[of] p2a: Scizor\n|faint|p2a: Scizor\n|\n|upkeep\n|\n|t:|1697725594\n|switch|p2a: Sinistcha|Sinistcha|100\/100\n|-damage|p2a: Sinistcha|88\/100|[from] Stealth Rock\n|turn|12\n|inactive|Battle timer is ON: inactive players will automatically lose when time's up. (requested by mirista)\n|\n|t:|1697725640\n|move|p1a: Osqu\u00e9non|Outrage|p2a: Sinistcha\n|-damage|p2a: Sinistcha|20\/100\n|move|p2a: Sinistcha|Calm Mind|p2a: Sinistcha\n|-boost|p2a: Sinistcha|spa|1\n|-boost|p2a: Sinistcha|spd|1\n|\n|upkeep\n|turn|13\n|\n|t:|1697725646\n|move|p1a: Osqu\u00e9non|Outrage|p2a: Sinistcha|[from]lockedmove\n|-damage|p2a: Sinistcha|0 fnt\n|faint|p2a: Sinistcha\n|\n|upkeep\n|\n|t:|1697725650\n|switch|p2a: Gliscor|Gliscor, M, shiny|100\/100\n|-damage|p2a: Gliscor|88\/100|[from] Stealth Rock\n|turn|14\n|\n|t:|1697725656\n|move|p1a: Osqu\u00e9non|Outrage|p2a: Gliscor|[from]lockedmove\n|-damage|p2a: Gliscor|32\/100\n|-start|p1a: Osqu\u00e9non|confusion|[fatigue]\n|move|p2a: Gliscor|Earthquake|p1a: Osqu\u00e9non\n|-damage|p1a: Osqu\u00e9non|12\/100\n|\n|-status|p2a: Gliscor|tox|[from] item: Toxic Orb\n|upkeep\n|turn|15\n|\n|t:|1697725666\n|-activate|p1a: Osqu\u00e9non|confusion\n|move|p1a: Osqu\u00e9non|Drain Punch|p2a: Gliscor\n|-resisted|p2a: Gliscor\n|-damage|p2a: Gliscor|17\/100 tox\n|-heal|p1a: Osqu\u00e9non|21\/100|[from] drain|[of] p2a: Gliscor\n|move|p2a: Gliscor|Earthquake|p1a: Osqu\u00e9non\n|-damage|p1a: Osqu\u00e9non|0 fnt\n|faint|p1a: Osqu\u00e9non\n|\n|-heal|p2a: Gliscor|29\/100 tox|[from] ability: Poison Heal\n|upkeep\n|\n|t:|1697725683\n|switch|p1a: M\u00e9notte|Chesnaught, M|100\/100\n|turn|16\n|\n|t:|1697725686\n|move|p2a: Gliscor|Toxic|p1a: M\u00e9notte\n|-status|p1a: M\u00e9notte|tox\n|move|p1a: M\u00e9notte|Leech Seed|p2a: Gliscor\n|-start|p2a: Gliscor|move: Leech Seed\n|\n|-damage|p2a: Gliscor|17\/100 tox|[from] Leech Seed|[of] p1a: M\u00e9notte\n|-heal|p2a: Gliscor|29\/100 tox|[from] ability: Poison Heal\n|-damage|p1a: M\u00e9notte|94\/100 tox|[from] psn\n|upkeep\n|turn|17\n|\n|t:|1697725697\n|move|p2a: Gliscor|Protect|p2a: Gliscor\n|-singleturn|p2a: Gliscor|Protect\n|move|p1a: M\u00e9notte|Drain Punch|p2a: Gliscor\n|-activate|p2a: Gliscor|move: Protect\n|\n|-heal|p1a: M\u00e9notte|100\/100 tox|[from] item: Leftovers\n|-damage|p2a: Gliscor|17\/100 tox|[from] Leech Seed|[of] p1a: M\u00e9notte\n|-heal|p2a: Gliscor|29\/100 tox|[from] ability: Poison Heal\n|-damage|p1a: M\u00e9notte|88\/100 tox|[from] psn\n|upkeep\n|turn|18\n|\n|t:|1697725712\n|move|p2a: Gliscor|Earthquake|p1a: M\u00e9notte\n|-resisted|p1a: M\u00e9notte\n|-damage|p1a: M\u00e9notte|75\/100 tox\n|move|p1a: M\u00e9notte|Drain Punch|p2a: Gliscor\n|-resisted|p2a: Gliscor\n|-damage|p2a: Gliscor|22\/100 tox\n|-heal|p1a: M\u00e9notte|79\/100 tox|[from] drain|[of] p2a: Gliscor\n|\n|-heal|p1a: M\u00e9notte|85\/100 tox|[from] item: Leftovers\n|-damage|p2a: Gliscor|9\/100 tox|[from] Leech Seed|[of] p1a: M\u00e9notte\n|-heal|p1a: M\u00e9notte|96\/100 tox|[silent]\n|-heal|p2a: Gliscor|22\/100 tox|[from] ability: Poison Heal\n|-damage|p1a: M\u00e9notte|78\/100 tox|[from] psn\n|upkeep\n|turn|19\n|\n|t:|1697725725\n|move|p2a: Gliscor|Protect|p2a: Gliscor\n|-singleturn|p2a: Gliscor|Protect\n|move|p1a: M\u00e9notte|Drain Punch|p2a: Gliscor\n|-activate|p2a: Gliscor|move: Protect\n|\n|-heal|p1a: M\u00e9notte|84\/100 tox|[from] item: Leftovers\n|-damage|p2a: Gliscor|9\/100 tox|[from] Leech Seed|[of] p1a: M\u00e9notte\n|-heal|p1a: M\u00e9notte|96\/100 tox|[silent]\n|-heal|p2a: Gliscor|22\/100 tox|[from] ability: Poison Heal\n|-damage|p1a: M\u00e9notte|72\/100 tox|[from] psn\n|upkeep\n|turn|20\n|\n|t:|1697725736\n|move|p2a: Gliscor|Earthquake|p1a: M\u00e9notte\n|-resisted|p1a: M\u00e9notte\n|-crit|p1a: M\u00e9notte\n|-damage|p1a: M\u00e9notte|52\/100 tox\n|move|p1a: M\u00e9notte|Drain Punch|p2a: Gliscor\n|-resisted|p2a: Gliscor\n|-damage|p2a: Gliscor|13\/100 tox\n|-heal|p1a: M\u00e9notte|56\/100 tox|[from] drain|[of] p2a: Gliscor\n|\n|-heal|p1a: M\u00e9notte|62\/100 tox|[from] item: Leftovers\n|-damage|p2a: Gliscor|0 fnt|[from] Leech Seed|[of] p1a: M\u00e9notte\n|-heal|p1a: M\u00e9notte|74\/100 tox|[silent]\n|faint|p2a: Gliscor\n|\n|win|Vaxtouwen\n|upkeep\n|raw|Vaxtouwen's rating: 1014 &rarr; <strong>1053<\/strong><br \/>(+39 for winning)\n|raw|mirista's rating: 1028 &rarr; <strong>1013<\/strong><br \/>(-15 for losing)\n|c|\u2606mirista|gg lucky win\n|l|\u2606mirista\n","uploadtime":1697725753,"views":14,"p1id":"vaxtouwen","p2id":"mirista","formatid":"gen9ubers","rating":1013,"private":0,"password":""}