{"id":"gen9ubers-1975462742","p1":"Bradofax","p2":"Nitro524","format":"[Gen 9] Ubers","log":"|j|\u2606Bradofax\n|j|\u2606Nitro524\n|t:|1698193997\n|gametype|singles\n|player|p1|Bradofax|1|1160\n|player|p2|Nitro524|hilbert|1239\n|teamsize|p1|6\n|teamsize|p2|6\n|gen|9\n|tier|[Gen 9] Ubers\n|rated|\n|rule|Sleep Clause Mod: Limit one foe put to sleep\n|rule|Species Clause: Limit one of each Pok\u00e9mon\n|rule|OHKO Clause: OHKO moves are banned\n|rule|Evasion Items Clause: Evasion items are banned\n|rule|Evasion Moves Clause: Evasion moves are banned\n|rule|Endless Battle Clause: Forcing endless battles is banned\n|rule|HP Percentage Mod: HP is shown in percentages\n|clearpoke\n|poke|p1|Groudon|\n|poke|p1|Koraidon|\n|poke|p1|Skeledirge, M|\n|poke|p1|Corviknight, M|\n|poke|p1|Flutter Mane|\n|poke|p1|Kyogre|\n|poke|p2|Koraidon|\n|poke|p2|Skeledirge, M|\n|poke|p2|Iron Treads|\n|poke|p2|Flutter Mane|\n|poke|p2|Miraidon|\n|poke|p2|Walking Wake|\n|teampreview\n|\n|t:|1698194022\n|start\n|switch|p1a: Groudon|Groudon|100\/100\n|switch|p2a: Koraidon|Koraidon|100\/100\n|-weather|SunnyDay|[from] ability: Orichalcum Pulse|[of] p2a: Koraidon\n|-activate|p2a: Koraidon|Orichalcum Pulse|[source]\n|turn|1\n|j| Line in the Sand\n|\n|t:|1698194050\n|switch|p2a: Skeledirge|Skeledirge, M|100\/100\n|move|p1a: Groudon|Stealth Rock|p2a: Skeledirge\n|-sidestart|p2: Nitro524|move: Stealth Rock\n|\n|-weather|SunnyDay|[upkeep]\n|upkeep\n|turn|2\n|\n|t:|1698194061\n|move|p1a: Groudon|Precipice Blades|p2a: Skeledirge\n|-supereffective|p2a: Skeledirge\n|-damage|p2a: Skeledirge|26\/100\n|move|p2a: Skeledirge|Will-O-Wisp|p1a: Groudon\n|-status|p1a: Groudon|brn\n|\n|-weather|SunnyDay|[upkeep]\n|-heal|p2a: Skeledirge|32\/100|[from] item: Leftovers\n|-damage|p1a: Groudon|94\/100 brn|[from] brn\n|upkeep\n|turn|3\n|\n|t:|1698194075\n|switch|p2a: Koraidon|Koraidon|100\/100\n|-damage|p2a: Koraidon|94\/100|[from] Stealth Rock\n|-activate|p2a: Koraidon|ability: Orichalcum Pulse\n|move|p1a: Groudon|Precipice Blades|p2a: Koraidon|[miss]\n|-miss|p1a: Groudon|p2a: Koraidon\n|\n|-weather|SunnyDay|[upkeep]\n|-heal|p1a: Groudon|100\/100 brn|[from] item: Leftovers\n|-damage|p1a: Groudon|94\/100 brn|[from] brn\n|upkeep\n|turn|4\n|\n|t:|1698194088\n|move|p2a: Koraidon|Swords Dance|p2a: Koraidon\n|-boost|p2a: Koraidon|atk|2\n|move|p1a: Groudon|Will-O-Wisp|p2a: Koraidon\n|-status|p2a: Koraidon|brn\n|\n|-weather|SunnyDay|[upkeep]\n|-heal|p1a: Groudon|100\/100 brn|[from] item: Leftovers\n|-damage|p2a: Koraidon|88\/100 brn|[from] brn\n|-damage|p1a: Groudon|94\/100 brn|[from] brn\n|upkeep\n|turn|5\n|\n|t:|1698194098\n|move|p2a: Koraidon|Scale Shot|p1a: Groudon\n|-damage|p1a: Groudon|86\/100 brn\n|-damage|p1a: Groudon|78\/100 brn\n|-damage|p1a: Groudon|68\/100 brn\n|-damage|p1a: Groudon|60\/100 brn\n|-damage|p1a: Groudon|51\/100 brn\n|-hitcount|p1a: Groudon|5\n|-unboost|p2a: Koraidon|def|1\n|-boost|p2a: Koraidon|spe|1\n|move|p1a: Groudon|Precipice Blades|p2a: Koraidon|[miss]\n|-miss|p1a: Groudon|p2a: Koraidon\n|\n|-weather|none\n|-heal|p1a: Groudon|58\/100 brn|[from] item: Leftovers\n|-damage|p2a: Koraidon|82\/100 brn|[from] brn\n|-damage|p1a: Groudon|51\/100 brn|[from] brn\n|upkeep\n|turn|6\n|\n|t:|1698194115\n|move|p1a: Groudon|Protect|p1a: Groudon\n|-singleturn|p1a: Groudon|Protect\n|move|p2a: Koraidon|Swords Dance|p2a: Koraidon\n|-boost|p2a: Koraidon|atk|2\n|\n|-heal|p1a: Groudon|58\/100 brn|[from] item: Leftovers\n|-damage|p2a: Koraidon|76\/100 brn|[from] brn\n|-damage|p1a: Groudon|51\/100 brn|[from] brn\n|upkeep\n|turn|7\n|\n|t:|1698194128\n|move|p2a: Koraidon|Scale Shot|p1a: Groudon\n|-damage|p1a: Groudon|42\/100 brn\n|-damage|p1a: Groudon|33\/100 brn\n|-damage|p1a: Groudon|23\/100 brn\n|-damage|p1a: Groudon|14\/100 brn\n|-hitcount|p1a: Groudon|4\n|-unboost|p2a: Koraidon|def|1\n|-boost|p2a: Koraidon|spe|1\n|move|p1a: Groudon|Precipice Blades|p2a: Koraidon|[miss]\n|-miss|p1a: Groudon|p2a: Koraidon\n|\n|-heal|p1a: Groudon|20\/100 brn|[from] item: Leftovers\n|-damage|p2a: Koraidon|70\/100 brn|[from] brn\n|-damage|p1a: Groudon|14\/100 brn|[from] brn\n|upkeep\n|turn|8\n|\n|t:|1698194144\n|move|p1a: Groudon|Protect|p1a: Groudon\n|-singleturn|p1a: Groudon|Protect\n|move|p2a: Koraidon|Low Kick|p1a: Groudon\n|-activate|p1a: Groudon|move: Protect\n|\n|-heal|p1a: Groudon|20\/100 brn|[from] item: Leftovers\n|-damage|p2a: Koraidon|64\/100 brn|[from] brn\n|-damage|p1a: Groudon|14\/100 brn|[from] brn\n|upkeep\n|turn|9\n|\n|t:|1698194162\n|move|p2a: Koraidon|Flare Blitz|p1a: Groudon\n|-damage|p1a: Groudon|0 fnt\n|faint|p1a: Groudon\n|-damage|p2a: Koraidon|58\/100 brn|[from] Recoil\n|\n|-damage|p2a: Koraidon|52\/100 brn|[from] brn\n|upkeep\n|\n|t:|1698194178\n|switch|p1a: Kyogre|Kyogre|100\/100\n|-weather|RainDance|[from] ability: Drizzle|[of] p1a: Kyogre\n|turn|10\n|l|\u2606Bradofax\n|player|p1|\n|j|\u2606Bradofax\n|player|p1|Bradofax|1\n|\n|t:|1698194218\n|-terastallize|p1a: Kyogre|Fairy\n|move|p2a: Koraidon|Low Kick|p1a: Kyogre\n|-resisted|p1a: Kyogre\n|-damage|p1a: Kyogre|65\/100\n|move|p1a: Kyogre|Calm Mind|p1a: Kyogre\n|-boost|p1a: Kyogre|spa|1\n|-boost|p1a: Kyogre|spd|1\n|\n|-weather|RainDance|[upkeep]\n|-heal|p1a: Kyogre|71\/100|[from] item: Leftovers\n|-damage|p2a: Koraidon|46\/100 brn|[from] brn\n|upkeep\n|turn|11\n|\n|t:|1698194233\n|move|p2a: Koraidon|Low Kick|p1a: Kyogre\n|-resisted|p1a: Kyogre\n|-damage|p1a: Kyogre|39\/100\n|move|p1a: Kyogre|Ice Beam|p2a: Koraidon\n|-supereffective|p2a: Koraidon\n|-damage|p2a: Koraidon|0 fnt\n|faint|p2a: Koraidon\n|\n|-weather|RainDance|[upkeep]\n|-heal|p1a: Kyogre|45\/100|[from] item: Leftovers\n|upkeep\n|\n|t:|1698194245\n|switch|p2a: Walking Wake|Walking Wake|100\/100\n|-damage|p2a: Walking Wake|88\/100|[from] Stealth Rock\n|turn|12\n|\n|t:|1698194256\n|move|p2a: Walking Wake|Hydro Steam|p1a: Kyogre\n|-damage|p1a: Kyogre|6\/100\n|move|p1a: Kyogre|Ice Beam|p2a: Walking Wake\n|-damage|p2a: Walking Wake|35\/100\n|\n|-weather|RainDance|[upkeep]\n|-heal|p1a: Kyogre|12\/100|[from] item: Leftovers\n|upkeep\n|turn|13\n|\n|t:|1698194272\n|move|p2a: Walking Wake|Hydro Steam|p1a: Kyogre\n|-damage|p1a: Kyogre|0 fnt\n|faint|p1a: Kyogre\n|\n|-weather|RainDance|[upkeep]\n|upkeep\n|\n|t:|1698194285\n|switch|p1a: Koraidon|Koraidon|100\/100\n|-weather|SunnyDay|[from] ability: Orichalcum Pulse|[of] p1a: Koraidon\n|-activate|p2a: Walking Wake|ability: Protosynthesis\n|-start|p2a: Walking Wake|protosynthesisspe\n|-activate|p1a: Koraidon|Orichalcum Pulse|[source]\n|turn|14\n|\n|t:|1698194309\n|move|p1a: Koraidon|Dragon Claw|p2a: Walking Wake\n|-supereffective|p2a: Walking Wake\n|-damage|p2a: Walking Wake|0 fnt\n|faint|p2a: Walking Wake\n|-end|p2a: Walking Wake|Protosynthesis|[silent]\n|\n|-weather|SunnyDay|[upkeep]\n|upkeep\n|\n|t:|1698194319\n|switch|p2a: Flutter Mane|Flutter Mane|100\/100\n|-damage|p2a: Flutter Mane|88\/100|[from] Stealth Rock\n|-activate|p2a: Flutter Mane|ability: Protosynthesis\n|-start|p2a: Flutter Mane|protosynthesisspe\n|turn|15\n|\n|t:|1698194350\n|switch|p1a: Corviknight|Corviknight, M|100\/100\n|-ability|p1a: Corviknight|Pressure\n|move|p2a: Flutter Mane|Shadow Ball|p1a: Corviknight\n|-damage|p1a: Corviknight|46\/100\n|-unboost|p1a: Corviknight|spd|1\n|\n|-weather|SunnyDay|[upkeep]\n|-heal|p1a: Corviknight|52\/100|[from] item: Leftovers\n|upkeep\n|turn|16\n|\n|t:|1698194369\n|move|p2a: Flutter Mane|Shadow Ball|p1a: Corviknight\n|-damage|p1a: Corviknight|0 fnt\n|faint|p1a: Corviknight\n|\n|-weather|SunnyDay|[upkeep]\n|upkeep\n|\n|t:|1698194378\n|switch|p1a: Flutter Mane|Flutter Mane|100\/100\n|-activate|p1a: Flutter Mane|ability: Protosynthesis\n|-start|p1a: Flutter Mane|protosynthesisspe\n|turn|17\n|\n|t:|1698194397\n|-terastallize|p2a: Flutter Mane|Fairy\n|move|p1a: Flutter Mane|Shadow Ball|p2a: Flutter Mane\n|-damage|p2a: Flutter Mane|24\/100\n|move|p2a: Flutter Mane|Shadow Ball|p1a: Flutter Mane\n|-supereffective|p1a: Flutter Mane\n|-damage|p1a: Flutter Mane|0 fnt\n|faint|p1a: Flutter Mane\n|-end|p1a: Flutter Mane|Protosynthesis|[silent]\n|\n|-weather|SunnyDay|[upkeep]\n|upkeep\n|\n|t:|1698194410\n|switch|p1a: Koraidon|Koraidon|100\/100\n|-activate|p1a: Koraidon|ability: Orichalcum Pulse\n|turn|18\n|\n|t:|1698194459\n|-end|p2a: Flutter Mane|Protosynthesis|[silent]\n|switch|p2a: Iron Treads|Iron Treads|100\/100\n|-damage|p2a: Iron Treads|97\/100|[from] Stealth Rock\n|move|p1a: Koraidon|Low Kick|p2a: Iron Treads\n|-supereffective|p2a: Iron Treads\n|-damage|p2a: Iron Treads|0 fnt\n|faint|p2a: Iron Treads\n|-end|p2a: Iron Treads|Quark Drive|[silent]\n|\n|-weather|none\n|upkeep\n|\n|t:|1698194482\n|switch|p2a: Skeledirge|Skeledirge, M|32\/100\n|-damage|p2a: Skeledirge|7\/100|[from] Stealth Rock\n|turn|19\n|\n|t:|1698194493\n|switch|p1a: Skeledirge|Skeledirge, M|100\/100\n|move|p2a: Skeledirge|Slack Off|p2a: Skeledirge\n|-heal|p2a: Skeledirge|57\/100\n|\n|-heal|p2a: Skeledirge|63\/100|[from] item: Leftovers\n|upkeep\n|turn|20\n|\n|t:|1698194506\n|move|p2a: Skeledirge|Shadow Ball|p1a: Skeledirge\n|-supereffective|p1a: Skeledirge\n|-damage|p1a: Skeledirge|35\/100\n|-unboost|p1a: Skeledirge|spd|1\n|move|p1a: Skeledirge|Hex|p2a: Skeledirge\n|-supereffective|p2a: Skeledirge\n|-damage|p2a: Skeledirge|11\/100\n|\n|-heal|p2a: Skeledirge|17\/100|[from] item: Leftovers\n|upkeep\n|turn|21\n|\n|t:|1698194517\n|move|p1a: Skeledirge|Hex|p2a: Skeledirge\n|-supereffective|p2a: Skeledirge\n|-damage|p2a: Skeledirge|0 fnt\n|faint|p2a: Skeledirge\n|\n|upkeep\n|\n|t:|1698194526\n|switch|p2a: Miraidon|Miraidon|100\/100\n|-damage|p2a: Miraidon|88\/100|[from] Stealth Rock\n|-fieldstart|move: Electric Terrain|[from] ability: Hadron Engine|[of] p2a: Miraidon\n|turn|22\n|\n|t:|1698194536\n|move|p2a: Miraidon|Volt Switch|p1a: Skeledirge\n|-damage|p1a: Skeledirge|0 fnt\n|faint|p1a: Skeledirge\n|\n|t:|1698194537\n|switch|p2a: Flutter Mane|Flutter Mane, tera:Fairy|24\/100|[from] Volt Switch\n|-damage|p2a: Flutter Mane|12\/100|[from] Stealth Rock\n|\n|upkeep\n|\n|t:|1698194545\n|switch|p1a: Koraidon|Koraidon|100\/100\n|-weather|SunnyDay|[from] ability: Orichalcum Pulse|[of] p1a: Koraidon\n|-activate|p2a: Flutter Mane|ability: Protosynthesis\n|-start|p2a: Flutter Mane|protosynthesisspe\n|-activate|p1a: Koraidon|Orichalcum Pulse|[source]\n|turn|23\n|c|\u2606Nitro524|gg\n|\n|t:|1698194552\n|move|p1a: Koraidon|Dragon Claw|p2a: Flutter Mane\n|-immune|p2a: Flutter Mane\n|move|p2a: Flutter Mane|Moonblast|p1a: Koraidon\n|-supereffective|p1a: Koraidon\n|-damage|p1a: Koraidon|0 fnt\n|faint|p1a: Koraidon\n|\n|win|Nitro524\n|raw|Bradofax's rating: 1160 &rarr; <strong>1141<\/strong><br \/>(-19 for losing)\n|raw|Nitro524's rating: 1239 &rarr; <strong>1258<\/strong><br \/>(+19 for winning)\n|l|\u2606Bradofax\n|l| Line in the Sand\n","uploadtime":1698194572,"views":12,"p1id":"bradofax","p2id":"nitro524","formatid":"gen9ubers","rating":1141,"private":0,"password":""}