{"id":"gen9ubers-1994637205","p1":"Asta_RPPLF","p2":"Vincent RPPLF","format":"[Gen 9] Ubers","log":"|j|\u2606Asta_RPPLF\n|j|\u2606Vincent RPPLF\n|t:|1700473419\n|gametype|singles\n|player|p1|Asta_RPPLF|#wcop2023belgium|\n|player|p2|Vincent RPPLF|2|\n|teamsize|p1|6\n|teamsize|p2|6\n|gen|9\n|tier|[Gen 9] Ubers\n|rule|Sleep Clause Mod: Limit one foe put to sleep\n|rule|Species Clause: Limit one of each Pok\u00e9mon\n|rule|OHKO Clause: OHKO moves are banned\n|rule|Evasion Items Clause: Evasion items are banned\n|rule|Evasion Moves Clause: Evasion moves are banned\n|rule|Endless Battle Clause: Forcing endless battles is banned\n|rule|HP Percentage Mod: HP is shown in percentages\n|clearpoke\n|poke|p1|Ogerpon-Hearthflame, F|\n|poke|p1|Dragonite, M|\n|poke|p1|Iron Valiant|\n|poke|p1|Corviknight, M|\n|poke|p1|Ursaluna-Bloodmoon, M|\n|poke|p1|Slowking-Galar, M|\n|poke|p2|Ogerpon-Wellspring, F|\n|poke|p2|Ting-Lu|\n|poke|p2|Chesnaught, F|\n|poke|p2|Gholdengo|\n|poke|p2|Dragonite, M|\n|poke|p2|Hatterene, F|\n|teampreview\n|\n|t:|1700473460\n|start\n|switch|p1a: Ogerpon|Ogerpon-Hearthflame, F|100\/100\n|switch|p2a: Ting-Lu|Ting-Lu|100\/100\n|-ability|p1a: Ogerpon|Mold Breaker\n|-ability|p2a: Ting-Lu|Vessel of Ruin\n|turn|1\n|\n|t:|1700473486\n|move|p1a: Ogerpon|U-turn|p2a: Ting-Lu\n|-supereffective|p2a: Ting-Lu\n|-damage|p2a: Ting-Lu|72\/100\n|\n|t:|1700473497\n|switch|p1a: Corviknight|Corviknight, M|100\/100|[from] U-turn\n|-ability|p1a: Corviknight|Pressure\n|move|p2a: Ting-Lu|Whirlwind|p1a: Corviknight\n|drag|p1a: Ogerpon|Ogerpon-Hearthflame, F|100\/100\n|-ability|p1a: Ogerpon|Mold Breaker\n|\n|-heal|p2a: Ting-Lu|78\/100|[from] item: Leftovers\n|upkeep\n|turn|2\n|\n|t:|1700473523\n|move|p1a: Ogerpon|Trailblaze|p2a: Ting-Lu\n|-supereffective|p2a: Ting-Lu\n|-damage|p2a: Ting-Lu|45\/100\n|-boost|p1a: Ogerpon|spe|1\n|move|p2a: Ting-Lu|Stealth Rock|p1a: Ogerpon\n|-sidestart|p1: Asta_RPPLF|move: Stealth Rock\n|\n|-heal|p2a: Ting-Lu|51\/100|[from] item: Leftovers\n|upkeep\n|turn|3\n|\n|t:|1700473543\n|-terastallize|p1a: Ogerpon|Fire\n|detailschange|p1a: Ogerpon|Ogerpon-Hearthflame-Tera, F, tera:Fire\n|-ability|p1a: Ogerpon|Embody Aspect (Hearthflame)|boost\n|-boost|p1a: Ogerpon|atk|1\n|move|p1a: Ogerpon|Ivy Cudgel|p2a: Ting-Lu|[anim] Ivy Cudgel Fire\n|-damage|p2a: Ting-Lu|0 fnt\n|faint|p2a: Ting-Lu\n|\n|upkeep\n|\n|t:|1700473556\n|switch|p2a: Dragonite|Dragonite, M|100\/100\n|turn|4\n|j| AyanYuli\n|\n|t:|1700473594\n|-terastallize|p2a: Dragonite|Normal\n|move|p1a: Ogerpon|U-turn|p2a: Dragonite\n|-damage|p2a: Dragonite|82\/100\n|\n|t:|1700473599\n|switch|p1a: Corviknight|Corviknight, M|100\/100|[from] U-turn\n|-damage|p1a: Corviknight|88\/100|[from] Stealth Rock\n|-ability|p1a: Corviknight|Pressure\n|move|p2a: Dragonite|Earthquake|p1a: Corviknight\n|-immune|p1a: Corviknight\n|\n|upkeep\n|turn|5\n|\n|t:|1700473624\n|move|p2a: Dragonite|Dragon Dance|p2a: Dragonite\n|-boost|p2a: Dragonite|atk|1\n|-boost|p2a: Dragonite|spe|1\n|move|p1a: Corviknight|Defog|p2a: Dragonite\n|-unboost|p2a: Dragonite|evasion|1\n|-sideend|p1: Asta_RPPLF|Stealth Rock|[from] move: Defog|[of] p1a: Corviknight\n|\n|upkeep\n|turn|6\n|\n|t:|1700473633\n|move|p2a: Dragonite|Roost|p2a: Dragonite\n|-heal|p2a: Dragonite|100\/100\n|move|p1a: Corviknight|Body Press|p2a: Dragonite\n|-supereffective|p2a: Dragonite\n|-damage|p2a: Dragonite|75\/100\n|\n|upkeep\n|turn|7\n|\n|t:|1700473649\n|move|p2a: Dragonite|Dragon Dance|p2a: Dragonite\n|-boost|p2a: Dragonite|atk|1\n|-boost|p2a: Dragonite|spe|1\n|move|p1a: Corviknight|Body Press|p2a: Dragonite\n|-supereffective|p2a: Dragonite\n|-damage|p2a: Dragonite|29\/100\n|\n|upkeep\n|turn|8\n|\n|t:|1700473656\n|move|p2a: Dragonite|Roost|p2a: Dragonite\n|-heal|p2a: Dragonite|79\/100\n|move|p1a: Corviknight|Body Press|p2a: Dragonite\n|-supereffective|p2a: Dragonite\n|-damage|p2a: Dragonite|28\/100\n|\n|upkeep\n|turn|9\n|\n|t:|1700473665\n|switch|p2a: Hatterene|Hatterene, F|100\/100\n|move|p1a: Corviknight|Body Press|p2a: Hatterene\n|-resisted|p2a: Hatterene\n|-damage|p2a: Hatterene|94\/100\n|\n|upkeep\n|turn|10\n|\n|t:|1700473679\n|move|p1a: Corviknight|U-turn|p2a: Hatterene\n|-damage|p2a: Hatterene|77\/100\n|\n|t:|1700473692\n|switch|p1a: Slowking|Slowking-Galar, M|100\/100|[from] U-turn\n|move|p2a: Hatterene|Mystical Fire|p1a: Slowking\n|-damage|p1a: Slowking|85\/100\n|\n|upkeep\n|turn|11\n|\n|t:|1700473703\n|switch|p2a: Gholdengo|Gholdengo|100\/100\n|move|p1a: Slowking|Future Sight|p2a: Gholdengo\n|-start|p1a: Slowking|move: Future Sight\n|\n|upkeep\n|turn|12\n|\n|t:|1700473713\n|move|p2a: Gholdengo|Shadow Ball|p1a: Slowking\n|-supereffective|p1a: Slowking\n|-damage|p1a: Slowking|32\/100\n|move|p1a: Slowking|Chilly Reception|p1a: Slowking\n|-weather|Snow\n|j| Frenchtinman\n|\n|t:|1700473734\n|switch|p1a: Ursaluna|Ursaluna-Bloodmoon, M|100\/100|[from] Chilly Reception\n|\n|-weather|Snow|[upkeep]\n|upkeep\n|turn|13\n|\n|t:|1700473754\n|switch|p2a: Hatterene|Hatterene, F|77\/100\n|move|p1a: Ursaluna|Blood Moon|p2a: Hatterene\n|-damage|p2a: Hatterene|13\/100\n|\n|-weather|Snow|[upkeep]\n|-end|p2a: Hatterene|move: Future Sight\n|-resisted|p2a: Hatterene\n|-damage|p2a: Hatterene|0 fnt\n|faint|p2a: Hatterene\n|upkeep\n|\n|t:|1700473757\n|switch|p2a: Ogerpon|Ogerpon-Wellspring, F|100\/100\n|turn|14\n|\n|t:|1700473785\n|switch|p1a: Dragonite|Dragonite, M|100\/100\n|move|p2a: Ogerpon|Swords Dance|p2a: Ogerpon\n|-boost|p2a: Ogerpon|atk|2\n|\n|-weather|Snow|[upkeep]\n|upkeep\n|turn|15\n|\n|t:|1700473806\n|move|p1a: Dragonite|Extreme Speed|p2a: Ogerpon\n|-damage|p2a: Ogerpon|62\/100\n|move|p2a: Ogerpon|Ivy Cudgel|p1a: Dragonite|[anim] Ivy Cudgel Water\n|-resisted|p1a: Dragonite\n|-damage|p1a: Dragonite|69\/100\n|\n|-weather|Snow|[upkeep]\n|upkeep\n|turn|16\n|\n|t:|1700473828\n|move|p1a: Dragonite|Extreme Speed|p2a: Ogerpon\n|-damage|p2a: Ogerpon|21\/100\n|move|p2a: Ogerpon|Horn Leech|p1a: Dragonite\n|-resisted|p1a: Dragonite\n|-crit|p1a: Dragonite\n|-damage|p1a: Dragonite|34\/100\n|-heal|p2a: Ogerpon|41\/100|[from] drain|[of] p1a: Dragonite\n|\n|-weather|none\n|upkeep\n|turn|17\n|\n|t:|1700473844\n|switch|p2a: Gholdengo|Gholdengo|100\/100\n|move|p1a: Dragonite|Extreme Speed|p2a: Gholdengo\n|-immune|p2a: Gholdengo\n|\n|upkeep\n|turn|18\n|\n|t:|1700473855\n|switch|p1a: Slowking|Slowking-Galar, M|65\/100\n|move|p2a: Gholdengo|Make It Rain|p1a: Slowking\n|-damage|p1a: Slowking|28\/100\n|-unboost|p2a: Gholdengo|spa|1\n|\n|upkeep\n|turn|19\n|\n|t:|1700473881\n|switch|p2a: Chesnaught|Chesnaught, F|100\/100\n|switch|p1a: Corviknight|Corviknight, M|88\/100\n|-ability|p1a: Corviknight|Pressure\n|\n|upkeep\n|turn|20\n|\n|t:|1700473895\n|move|p1a: Corviknight|U-turn|p2a: Chesnaught\n|-damage|p2a: Chesnaught|92\/100\n|-damage|p1a: Corviknight|72\/100|[from] item: Rocky Helmet|[of] p2a: Chesnaught\n|\n|t:|1700473899\n|switch|p1a: Dragonite|Dragonite, M|34\/100|[from] U-turn\n|move|p2a: Chesnaught|Spikes|p1a: Dragonite\n|-sidestart|p1: Asta_RPPLF|Spikes\n|\n|upkeep\n|turn|21\n|\n|t:|1700473907\n|switch|p2a: Gholdengo|Gholdengo|100\/100\n|move|p1a: Dragonite|Roost|p1a: Dragonite\n|-heal|p1a: Dragonite|84\/100\n|-singleturn|p1a: Dragonite|move: Roost\n|\n|upkeep\n|turn|22\n|\n|t:|1700473922\n|move|p2a: Gholdengo|Make It Rain|p1a: Dragonite\n|-damage|p1a: Dragonite|18\/100\n|-unboost|p2a: Gholdengo|spa|1\n|move|p1a: Dragonite|Roost|p1a: Dragonite\n|-heal|p1a: Dragonite|68\/100\n|-singleturn|p1a: Dragonite|move: Roost\n|\n|upkeep\n|turn|23\n|l| AyanYuli\n|\n|t:|1700473935\n|switch|p2a: Chesnaught|Chesnaught, F|92\/100\n|move|p1a: Dragonite|Dragon Dance|p1a: Dragonite\n|-boost|p1a: Dragonite|atk|1\n|-boost|p1a: Dragonite|spe|1\n|\n|upkeep\n|turn|24\n|\n|t:|1700473946\n|move|p1a: Dragonite|Roost|p1a: Dragonite\n|-heal|p1a: Dragonite|100\/100\n|-singleturn|p1a: Dragonite|move: Roost\n|move|p2a: Chesnaught|Body Press|p1a: Dragonite\n|-damage|p1a: Dragonite|79\/100\n|\n|upkeep\n|turn|25\n|j| AyanYuli\n|\n|t:|1700473957\n|switch|p1a: Corviknight|Corviknight, M|72\/100\n|-ability|p1a: Corviknight|Pressure\n|move|p2a: Chesnaught|Body Press|p1a: Corviknight\n|-damage|p1a: Corviknight|48\/100\n|-damage|p2a: Chesnaught|75\/100|[from] item: Rocky Helmet|[of] p1a: Corviknight\n|\n|upkeep\n|turn|26\n|\n|t:|1700473967\n|switch|p2a: Gholdengo|Gholdengo|100\/100\n|move|p1a: Corviknight|Roost|p1a: Corviknight\n|-heal|p1a: Corviknight|98\/100\n|-singleturn|p1a: Corviknight|move: Roost\n|\n|upkeep\n|turn|27\n|\n|t:|1700473976\n|switch|p1a: Slowking|Slowking-Galar, M|62\/100\n|-damage|p1a: Slowking|49\/100|[from] Spikes\n|move|p2a: Gholdengo|Trick|p1a: Slowking\n|-activate|p2a: Gholdengo|move: Trick|[of] p1a: Slowking\n|-item|p1a: Slowking|Choice Scarf|[from] move: Trick\n|-item|p2a: Gholdengo|Covert Cloak|[from] move: Trick\n|\n|upkeep\n|turn|28\n|\n|t:|1700474006\n|switch|p1a: Ursaluna|Ursaluna-Bloodmoon, M|100\/100\n|-damage|p1a: Ursaluna|88\/100|[from] Spikes\n|move|p2a: Gholdengo|Shadow Ball|p1a: Ursaluna\n|-immune|p1a: Ursaluna\n|\n|-heal|p1a: Ursaluna|94\/100|[from] item: Leftovers\n|upkeep\n|turn|29\n|\n|t:|1700474023\n|move|p2a: Gholdengo|Focus Blast|p1a: Ursaluna\n|-supereffective|p1a: Ursaluna\n|-damage|p1a: Ursaluna|2\/100\n|move|p1a: Ursaluna|Earth Power|p2a: Gholdengo\n|-supereffective|p2a: Gholdengo\n|-damage|p2a: Gholdengo|0 fnt\n|faint|p2a: Gholdengo\n|\n|-heal|p1a: Ursaluna|8\/100|[from] item: Leftovers\n|upkeep\n|c|\u2606Vincent RPPLF|:(\n|\n|t:|1700474061\n|switch|p2a: Ogerpon|Ogerpon-Wellspring, F|41\/100\n|turn|30\n|l| Frenchtinman\n|\n|t:|1700474070\n|switch|p1a: Corviknight|Corviknight, M|98\/100\n|-ability|p1a: Corviknight|Pressure\n|move|p2a: Ogerpon|Ivy Cudgel|p1a: Corviknight|[anim] Ivy Cudgel Water\n|-damage|p1a: Corviknight|62\/100\n|\n|upkeep\n|turn|31\n|\n|t:|1700474083\n|move|p2a: Ogerpon|Ivy Cudgel|p1a: Corviknight|[anim] Ivy Cudgel Water\n|-damage|p1a: Corviknight|27\/100\n|move|p1a: Corviknight|Body Press|p2a: Ogerpon\n|-damage|p2a: Ogerpon|8\/100\n|\n|upkeep\n|turn|32\n|\n|t:|1700474106\n|switch|p1a: Dragonite|Dragonite, M|79\/100\n|move|p2a: Ogerpon|Ivy Cudgel|p1a: Dragonite|[anim] Ivy Cudgel Water\n|-resisted|p1a: Dragonite\n|-damage|p1a: Dragonite|49\/100\n|\n|upkeep\n|turn|33\n|-message|Vincent RPPLF forfeited.\n|\n|win|Asta_RPPLF\n|l|\u2606Vincent RPPLF\n|l|\u2606Asta_RPPLF\n","uploadtime":1700474274,"views":5,"p1id":"astarpplf","p2id":"vincentrpplf","formatid":"gen9ubers","rating":0,"private":0,"password":""}