{"id":"gen9ubers-1993441665","p1":"Ducky like bread","p2":"Mikail66","format":"[Gen 9] Ubers","log":"|j|\u2606Ducky like bread\n|j|\u2606Mikail66\n|t:|1700318361\n|gametype|singles\n|player|p1|Ducky like bread|170|1321\n|player|p2|Mikail66|170|1305\n|teamsize|p1|6\n|teamsize|p2|6\n|gen|9\n|tier|[Gen 9] Ubers\n|rated|\n|rule|Sleep Clause Mod: Limit one foe put to sleep\n|rule|Species Clause: Limit one of each Pok\u00e9mon\n|rule|OHKO Clause: OHKO moves are banned\n|rule|Evasion Items Clause: Evasion items are banned\n|rule|Evasion Moves Clause: Evasion moves are banned\n|rule|Endless Battle Clause: Forcing endless battles is banned\n|rule|HP Percentage Mod: HP is shown in percentages\n|clearpoke\n|poke|p1|Giratina-Origin|\n|poke|p1|Shaymin-Sky|\n|poke|p1|Gliscor, F|\n|poke|p1|Zacian-*|\n|poke|p1|Regieleki|\n|poke|p1|Chien-Pao|\n|poke|p2|Groudon|\n|poke|p2|Giratina-Origin|\n|poke|p2|Ursaluna-Bloodmoon, M|\n|poke|p2|Arceus|\n|poke|p2|Mewtwo|\n|poke|p2|Rayquaza|\n|teampreview\n|inactive|Battle timer is ON: inactive players will automatically lose when time's up. (requested by Ducky like bread)\n|\n|t:|1700318369\n|start\n|switch|p1a: Sulphuric Acid|Gliscor, F|100\/100\n|switch|p2a: Mewtwo|Mewtwo, shiny|100\/100\n|-ability|p2a: Mewtwo|Unnerve\n|turn|1\n|\n|t:|1700318391\n|move|p2a: Mewtwo|Psystrike|p1a: Sulphuric Acid\n|-damage|p1a: Sulphuric Acid|66\/100\n|move|p1a: Sulphuric Acid|Toxic|p2a: Mewtwo\n|-status|p2a: Mewtwo|tox\n|\n|-damage|p2a: Mewtwo|94\/100 tox|[from] psn\n|-status|p1a: Sulphuric Acid|tox|[from] item: Toxic Orb\n|upkeep\n|turn|2\n|inactive|Mikail66 has 120 seconds left.\n|\n|t:|1700318414\n|switch|p2a: Arceus|Arceus|100\/100\n|move|p1a: Sulphuric Acid|Protect||[still]\n|-fail|p1a: Sulphuric Acid\n|\n|-heal|p1a: Sulphuric Acid|78\/100 tox|[from] ability: Poison Heal\n|upkeep\n|turn|3\n|inactive|Mikail66 has 120 seconds left.\n|\n|t:|1700318433\n|move|p2a: Arceus|Energy Ball|p1a: Sulphuric Acid\n|-crit|p1a: Sulphuric Acid\n|-damage|p1a: Sulphuric Acid|15\/100 tox\n|move|p1a: Sulphuric Acid|Toxic|p2a: Arceus\n|-status|p2a: Arceus|tox\n|\n|-damage|p2a: Arceus|94\/100 tox|[from] psn\n|-heal|p1a: Sulphuric Acid|27\/100 tox|[from] ability: Poison Heal\n|upkeep\n|turn|4\n|inactive|Mikail66 has 120 seconds left.\n|\n|t:|1700318447\n|move|p1a: Sulphuric Acid|Protect|p1a: Sulphuric Acid\n|-singleturn|p1a: Sulphuric Acid|Protect\n|move|p2a: Arceus|Energy Ball|p1a: Sulphuric Acid\n|-activate|p1a: Sulphuric Acid|move: Protect\n|\n|-damage|p2a: Arceus|82\/100 tox|[from] psn\n|-heal|p1a: Sulphuric Acid|40\/100 tox|[from] ability: Poison Heal\n|upkeep\n|turn|5\n|inactive|Mikail66 has 120 seconds left.\n|\n|t:|1700318457\n|move|p2a: Arceus|Energy Ball|p1a: Sulphuric Acid\n|-damage|p1a: Sulphuric Acid|3\/100 tox\n|-unboost|p1a: Sulphuric Acid|spd|1\n|move|p1a: Sulphuric Acid|Stealth Rock|p2a: Arceus\n|-sidestart|p2: Mikail66|move: Stealth Rock\n|\n|-damage|p2a: Arceus|64\/100 tox|[from] psn\n|-heal|p1a: Sulphuric Acid|15\/100 tox|[from] ability: Poison Heal\n|upkeep\n|turn|6\n|inactive|Mikail66 has 120 seconds left.\n|\n|t:|1700318468\n|move|p1a: Sulphuric Acid|Protect|p1a: Sulphuric Acid\n|-singleturn|p1a: Sulphuric Acid|Protect\n|move|p2a: Arceus|Recover|p2a: Arceus\n|-heal|p2a: Arceus|100\/100 tox\n|\n|-damage|p2a: Arceus|76\/100 tox|[from] psn\n|-heal|p1a: Sulphuric Acid|28\/100 tox|[from] ability: Poison Heal\n|upkeep\n|turn|7\n|inactive|Mikail66 has 120 seconds left.\n|\n|t:|1700318478\n|switch|p1a: I can fly|Shaymin-Sky|100\/100\n|move|p2a: Arceus|Energy Ball|p1a: I can fly\n|-resisted|p1a: I can fly\n|-damage|p1a: I can fly|89\/100\n|\n|-damage|p2a: Arceus|46\/100 tox|[from] psn\n|upkeep\n|turn|8\n|inactive|Mikail66 has 120 seconds left.\n|\n|t:|1700318487\n|move|p1a: I can fly|Air Slash|p2a: Arceus\n|-damage|p2a: Arceus|16\/100 tox\n|cant|p2a: Arceus|flinch\n|\n|-damage|p2a: Arceus|0 fnt|[from] psn\n|faint|p2a: Arceus\n|upkeep\n|inactive|Mikail66 has 120 seconds left.\n|\n|t:|1700318496\n|switch|p2a: Mewtwo|Mewtwo, shiny|94\/100 tox\n|-ability|p2a: Mewtwo|Unnerve\n|-damage|p2a: Mewtwo|82\/100 tox|[from] Stealth Rock\n|turn|9\n|\n|t:|1700318503\n|move|p1a: I can fly|Air Slash|p2a: Mewtwo\n|-damage|p2a: Mewtwo|46\/100 tox\n|cant|p2a: Mewtwo|flinch\n|\n|-heal|p2a: Mewtwo|52\/100 tox|[from] item: Leftovers\n|-damage|p2a: Mewtwo|46\/100 tox|[from] psn\n|upkeep\n|turn|10\n|\n|t:|1700318512\n|move|p1a: I can fly|Air Slash|p2a: Mewtwo\n|-damage|p2a: Mewtwo|8\/100 tox\n|cant|p2a: Mewtwo|flinch\n|\n|-heal|p2a: Mewtwo|15\/100 tox|[from] item: Leftovers\n|-damage|p2a: Mewtwo|2\/100 tox|[from] psn\n|upkeep\n|turn|11\n|\n|t:|1700318523\n|move|p1a: I can fly|Air Slash|p2a: Mewtwo\n|-damage|p2a: Mewtwo|0 fnt\n|faint|p2a: Mewtwo\n|\n|upkeep\n|inactive|Mikail66 has 120 seconds left.\n|\n|t:|1700318561\n|switch|p2a: Rayquaza|Rayquaza, shiny|100\/100\n|-damage|p2a: Rayquaza|76\/100|[from] Stealth Rock\n|-ability|p2a: Rayquaza|Air Lock\n|turn|12\n|\n|t:|1700318568\n|move|p1a: I can fly|Air Slash|p2a: Rayquaza\n|-damage|p2a: Rayquaza|40\/100\n|cant|p2a: Rayquaza|flinch\n|\n|upkeep\n|turn|13\n|inactive|Ducky like bread has 120 seconds left.\n|inactive|Ducky like bread has 90 seconds left.\n|j| thrakas\n|inactive|Ducky like bread has 60 seconds left.\n|inactive|Ducky like bread has 30 seconds left.\n|inactive|Ducky like bread has 20 seconds left.\n|inactive|Ducky like bread has 15 seconds left.\n|inactive|Ducky like bread has 10 seconds left.\n|inactive|Ducky like bread has 5 seconds left.\n|-message|Ducky like bread lost due to inactivity.\n|\n|win|Mikail66\n|raw|Ducky like bread's rating: 1321 &rarr; <strong>1300<\/strong><br \/>(-21 for losing)\n|raw|Mikail66's rating: 1305 &rarr; <strong>1326<\/strong><br \/>(+21 for winning)\n|c|\u2606Mikail66|Haha\n|l|\u2606Ducky like bread\n|l| thrakas\n","uploadtime":1700320053,"views":5,"p1id":"duckylikebread","p2id":"mikail66","formatid":"gen9ubers","rating":1300,"private":0,"password":""}