{"id":"gen9ubers-1969969998","p1":"bernarddd","p2":"Without asterisks","format":"[Gen 9] Ubers","log":"|j|\u2606bernarddd\n|j|\u2606Without asterisks\n|t:|1697580680\n|gametype|singles\n|player|p1|bernarddd|1|1509\n|player|p2|Without asterisks|ingo|1332\n|teamsize|p1|6\n|teamsize|p2|6\n|gen|9\n|tier|[Gen 9] Ubers\n|rated|\n|rule|Sleep Clause Mod: Limit one foe put to sleep\n|rule|Species Clause: Limit one of each Pok\u00e9mon\n|rule|OHKO Clause: OHKO moves are banned\n|rule|Evasion Items Clause: Evasion items are banned\n|rule|Evasion Moves Clause: Evasion moves are banned\n|rule|Endless Battle Clause: Forcing endless battles is banned\n|rule|HP Percentage Mod: HP is shown in percentages\n|clearpoke\n|poke|p1|Great Tusk|\n|poke|p1|Koraidon|\n|poke|p1|Arceus-Ghost|\n|poke|p1|Zacian-*|\n|poke|p1|Ribombee, M|\n|poke|p1|Baxcalibur, F|\n|poke|p2|Ursaluna-Bloodmoon, M|\n|poke|p2|Shaymin|\n|poke|p2|Chien-Pao|\n|poke|p2|Grimmsnarl, M|\n|poke|p2|Flutter Mane|\n|poke|p2|Koraidon|\n|teampreview\n|inactive|Battle timer is ON: inactive players will automatically lose when time's up. (requested by bernarddd)\n|\n|t:|1697580715\n|start\n|switch|p1a: Ribombee|Ribombee, M|100\/100\n|switch|p2a: Chien-Pain|Chien-Pao|100\/100\n|-ability|p2a: Chien-Pain|Sword of Ruin\n|turn|1\n|\n|t:|1697580724\n|move|p2a: Chien-Pain|Ice Shard|p1a: Ribombee\n|-damage|p1a: Ribombee|51\/100\n|move|p1a: Ribombee|Sticky Web|p2a: Chien-Pain\n|-sidestart|p2: Without asterisks|move: Sticky Web\n|\n|upkeep\n|turn|2\n|\n|t:|1697580731\n|move|p2a: Chien-Pain|Ice Shard|p1a: Ribombee\n|-damage|p1a: Ribombee|0 fnt\n|faint|p1a: Ribombee\n|\n|upkeep\n|\n|t:|1697580738\n|switch|p1a: Zacian|Zacian-Crowned|100\/100\n|-ability|p1a: Zacian|Intrepid Sword|boost\n|-boost|p1a: Zacian|atk|1\n|turn|3\n|\n|t:|1697580751\n|switch|p2a: Grim|Grimmsnarl, M|100\/100\n|-activate|p2a: Grim|move: Sticky Web\n|-unboost|p2a: Grim|spe|1\n|move|p1a: Zacian|Swords Dance|p1a: Zacian\n|-boost|p1a: Zacian|atk|2\n|\n|upkeep\n|turn|4\n|\n|t:|1697580766\n|move|p2a: Grim|Reflect|p2a: Grim\n|-sidestart|p2: Without asterisks|Reflect\n|move|p1a: Zacian|Behemoth Blade|p2a: Grim\n|-supereffective|p2a: Grim\n|-damage|p2a: Grim|0 fnt\n|faint|p2a: Grim\n|\n|upkeep\n|\n|t:|1697580775\n|switch|p2a: Blood|Ursaluna-Bloodmoon, M|100\/100\n|-activate|p2a: Blood|move: Sticky Web\n|-unboost|p2a: Blood|spe|1\n|turn|5\n|\n|t:|1697580799\n|move|p1a: Zacian|Behemoth Blade|p2a: Blood\n|-damage|p2a: Blood|51\/100\n|move|p2a: Blood|Earth Power|p1a: Zacian\n|-supereffective|p1a: Zacian\n|-damage|p1a: Zacian|0 fnt\n|faint|p1a: Zacian\n|\n|-heal|p2a: Blood|57\/100|[from] item: Leftovers\n|upkeep\n|\n|t:|1697580814\n|switch|p1a: Koraidon|Koraidon|100\/100\n|-weather|SunnyDay|[from] ability: Orichalcum Pulse|[of] p1a: Koraidon\n|-activate|p1a: Koraidon|Orichalcum Pulse|[source]\n|turn|6\n|\n|t:|1697580822\n|move|p1a: Koraidon|Swords Dance|p1a: Koraidon\n|-boost|p1a: Koraidon|atk|2\n|move|p2a: Blood|Blood Moon|p1a: Koraidon\n|-damage|p1a: Koraidon|14\/100\n|\n|-weather|SunnyDay|[upkeep]\n|-heal|p2a: Blood|63\/100|[from] item: Leftovers\n|upkeep\n|turn|7\n|\n|t:|1697580830\n|move|p2a: Blood|Vacuum Wave|p1a: Koraidon\n|-damage|p1a: Koraidon|0 fnt\n|faint|p1a: Koraidon\n|\n|-weather|SunnyDay|[upkeep]\n|-heal|p2a: Blood|69\/100|[from] item: Leftovers\n|upkeep\n|\n|t:|1697580839\n|switch|p1a: Great Tusk|Great Tusk|100\/100\n|-activate|p1a: Great Tusk|ability: Protosynthesis\n|-start|p1a: Great Tusk|protosynthesisatk\n|turn|8\n|\n|t:|1697580850\n|move|p1a: Great Tusk|Close Combat|p2a: Blood\n|-supereffective|p2a: Blood\n|-damage|p2a: Blood|10\/100\n|-unboost|p1a: Great Tusk|def|1\n|-unboost|p1a: Great Tusk|spd|1\n|move|p2a: Blood|Earth Power|p1a: Great Tusk\n|-damage|p1a: Great Tusk|0 fnt\n|faint|p1a: Great Tusk\n|-end|p1a: Great Tusk|Protosynthesis|[silent]\n|\n|-weather|SunnyDay|[upkeep]\n|-heal|p2a: Blood|17\/100|[from] item: Leftovers\n|upkeep\n|inactive|bernarddd has 120 seconds left.\n|\n|t:|1697580873\n|switch|p1a: Baxcalibur|Baxcalibur, F|100\/100\n|turn|9\n|\n|t:|1697580887\n|move|p2a: Blood|Vacuum Wave|p1a: Baxcalibur\n|-supereffective|p1a: Baxcalibur\n|-damage|p1a: Baxcalibur|68\/100\n|move|p1a: Baxcalibur|Icicle Spear|p2a: Blood\n|-supereffective|p2a: Blood\n|-damage|p2a: Blood|7\/100\n|-supereffective|p2a: Blood\n|-damage|p2a: Blood|0 fnt\n|faint|p2a: Blood\n|-hitcount|p2: Blood|2\n|\n|-weather|SunnyDay|[upkeep]\n|upkeep\n|\n|t:|1697580908\n|switch|p2a: Koraidon|Koraidon|100\/100\n|-activate|p2a: Koraidon|move: Sticky Web\n|-unboost|p2a: Koraidon|spe|1\n|-activate|p2a: Koraidon|ability: Orichalcum Pulse\n|turn|10\n|\n|t:|1697580916\n|switch|p1a: Arceus|Arceus-Ghost|100\/100\n|move|p2a: Koraidon|Collision Course|p1a: Arceus\n|-immune|p1a: Arceus\n|\n|-weather|none\n|upkeep\n|turn|11\n|\n|t:|1697580925\n|move|p1a: Arceus|Will-O-Wisp|p2a: Koraidon|[miss]\n|-miss|p1a: Arceus|p2a: Koraidon\n|move|p2a: Koraidon|U-turn|p1a: Arceus\n|-resisted|p1a: Arceus\n|-damage|p1a: Arceus|94\/100\n|\n|t:|1697580934\n|switch|p2a: Flutter Pain|Flutter Mane|100\/100|[from] U-turn\n|-activate|p2a: Flutter Pain|move: Sticky Web\n|-unboost|p2a: Flutter Pain|spe|1\n|\n|-sideend|p2: Without asterisks|Reflect\n|upkeep\n|turn|12\n|\n|t:|1697580948\n|-terastallize|p1a: Arceus|Poison\n|move|p1a: Arceus|Judgment|p2a: Flutter Pain\n|-supereffective|p2a: Flutter Pain\n|-damage|p2a: Flutter Pain|25\/100\n|move|p2a: Flutter Pain|Moonblast|p1a: Arceus\n|-resisted|p1a: Arceus\n|-damage|p1a: Arceus|79\/100\n|\n|-heal|p2a: Flutter Pain|31\/100|[from] item: Leftovers\n|upkeep\n|turn|13\n|\n|t:|1697580960\n|move|p1a: Arceus|Judgment|p2a: Flutter Pain\n|-supereffective|p2a: Flutter Pain\n|-damage|p2a: Flutter Pain|0 fnt\n|faint|p2a: Flutter Pain\n|-end|p2a: Flutter Pain|Protosynthesis|[silent]\n|\n|upkeep\n|\n|t:|1697580971\n|switch|p2a: Shaymin|Shaymin|100\/100\n|-activate|p2a: Shaymin|move: Sticky Web\n|-unboost|p2a: Shaymin|spe|1\n|turn|14\n|\n|t:|1697580980\n|move|p2a: Shaymin|Earth Power|p1a: Arceus\n|-supereffective|p1a: Arceus\n|-damage|p1a: Arceus|46\/100\n|move|p1a: Arceus|Taunt|p2a: Shaymin\n|-start|p2a: Shaymin|move: Taunt\n|\n|upkeep\n|turn|15\n|\n|t:|1697580987\n|move|p2a: Shaymin|Earth Power|p1a: Arceus\n|-supereffective|p1a: Arceus\n|-damage|p1a: Arceus|14\/100\n|move|p1a: Arceus|Judgment|p2a: Shaymin\n|-damage|p2a: Shaymin|50\/100\n|\n|upkeep\n|turn|16\n|\n|t:|1697580996\n|move|p2a: Shaymin|Earth Power|p1a: Arceus\n|-supereffective|p1a: Arceus\n|-damage|p1a: Arceus|0 fnt\n|faint|p1a: Arceus\n|\n|upkeep\n|\n|t:|1697581002\n|switch|p1a: Baxcalibur|Baxcalibur, F|68\/100\n|turn|17\n|\n|t:|1697581012\n|switch|p2a: Chien-Pain|Chien-Pao|100\/100\n|-ability|p2a: Chien-Pain|Sword of Ruin\n|move|p1a: Baxcalibur|Scale Shot|p2a: Chien-Pain\n|-damage|p2a: Chien-Pain|81\/100\n|-damage|p2a: Chien-Pain|61\/100\n|-damage|p2a: Chien-Pain|43\/100\n|-damage|p2a: Chien-Pain|22\/100\n|-damage|p2a: Chien-Pain|1\/100\n|-hitcount|p2a: Chien-Pain|5\n|-unboost|p1a: Baxcalibur|def|1\n|-boost|p1a: Baxcalibur|spe|1\n|\n|upkeep\n|turn|18\n|\n|t:|1697581031\n|move|p2a: Chien-Pain|Ice Shard|p1a: Baxcalibur\n|-damage|p1a: Baxcalibur|27\/100\n|move|p1a: Baxcalibur|Earthquake|p2a: Chien-Pain\n|-damage|p2a: Chien-Pain|0 fnt\n|faint|p2a: Chien-Pain\n|\n|upkeep\n|\n|t:|1697581038\n|switch|p2a: Koraidon|Koraidon|100\/100\n|-activate|p2a: Koraidon|move: Sticky Web\n|-unboost|p2a: Koraidon|spe|1\n|-weather|SunnyDay|[from] ability: Orichalcum Pulse|[of] p2a: Koraidon\n|-activate|p2a: Koraidon|Orichalcum Pulse|[source]\n|turn|19\n|\n|t:|1697581045\n|-terastallize|p2a: Koraidon|Fairy\n|move|p1a: Baxcalibur|Icicle Spear|p2a: Koraidon\n|-damage|p2a: Koraidon|88\/100\n|-damage|p2a: Koraidon|75\/100\n|-crit|p2a: Koraidon\n|-damage|p2a: Koraidon|57\/100\n|-damage|p2a: Koraidon|45\/100\n|-hitcount|p2a: Koraidon|4\n|move|p2a: Koraidon|Collision Course|p1a: Baxcalibur\n|-supereffective|p1a: Baxcalibur\n|-damage|p1a: Baxcalibur|0 fnt\n|faint|p1a: Baxcalibur\n|\n|win|Without asterisks\n|raw|bernarddd's rating: 1509 &rarr; <strong>1480<\/strong><br \/>(-29 for losing)\n|raw|Without asterisks's rating: 1332 &rarr; <strong>1361<\/strong><br \/>(+29 for winning)\n","uploadtime":1697581048,"views":11,"p1id":"bernarddd","p2id":"withoutasterisks","formatid":"gen9ubers","rating":1361,"private":0,"password":""}