{"id":"gen9ubers-1988042173","p1":"Nitro524","p2":"Albaz Brand","format":"[Gen 9] Ubers","log":"|j|\u2606Nitro524\n|j|\u2606Albaz Brand\n|t:|1699662481\n|gametype|singles\n|player|p1|Nitro524|hilbert|\n|player|p2|Albaz Brand|bellelba|\n|teamsize|p1|6\n|teamsize|p2|6\n|gen|9\n|tier|[Gen 9] Ubers\n|rule|Sleep Clause Mod: Limit one foe put to sleep\n|rule|Species Clause: Limit one of each Pok\u00e9mon\n|rule|OHKO Clause: OHKO moves are banned\n|rule|Evasion Items Clause: Evasion items are banned\n|rule|Evasion Moves Clause: Evasion moves are banned\n|rule|Endless Battle Clause: Forcing endless battles is banned\n|rule|HP Percentage Mod: HP is shown in percentages\n|clearpoke\n|poke|p1|Torkoal, F|\n|poke|p1|Chi-Yu|\n|poke|p1|Shaymin-Sky|\n|poke|p1|Arceus-Fire|\n|poke|p1|Roaring Moon|\n|poke|p1|Walking Wake|\n|poke|p2|Torkoal, M|\n|poke|p2|Arceus-Grass|\n|poke|p2|Roaring Moon|\n|poke|p2|Walking Wake|\n|poke|p2|Iron Moth|\n|poke|p2|Magearna-Original|\n|teampreview\n|inactive|Battle timer is ON: inactive players will automatically lose when time's up. (requested by Nitro524)\n|c|\u2606Nitro524|glhf\n|inactive|Albaz Brand has 270 seconds left.\n|\n|t:|1699662512\n|start\n|switch|p1a: Bring The Sun|Torkoal, F|100\/100\n|switch|p2a: Arceus|Arceus-Grass|100\/100\n|-weather|SunnyDay|[from] ability: Drought|[of] p1a: Bring The Sun\n|turn|1\n|\n|t:|1699662540\n|move|p2a: Arceus|Taunt|p1a: Bring The Sun\n|-start|p1a: Bring The Sun|move: Taunt\n|cant|p1a: Bring The Sun|move: Taunt|Yawn\n|\n|-weather|SunnyDay|[upkeep]\n|upkeep\n|turn|2\n|\n|t:|1699662558\n|move|p2a: Arceus|Calm Mind|p2a: Arceus\n|-boost|p2a: Arceus|spa|1\n|-boost|p2a: Arceus|spd|1\n|move|p1a: Bring The Sun|Lava Plume|p2a: Arceus\n|-supereffective|p2a: Arceus\n|-damage|p2a: Arceus|68\/100\n|\n|-weather|SunnyDay|[upkeep]\n|upkeep\n|turn|3\n|\n|t:|1699662563\n|move|p2a: Arceus|Calm Mind|p2a: Arceus\n|-boost|p2a: Arceus|spa|1\n|-boost|p2a: Arceus|spd|1\n|move|p1a: Bring The Sun|Lava Plume|p2a: Arceus\n|-supereffective|p2a: Arceus\n|-damage|p2a: Arceus|42\/100\n|-status|p2a: Arceus|brn\n|\n|-weather|SunnyDay|[upkeep]\n|-damage|p2a: Arceus|36\/100 brn|[from] brn\n|-end|p1a: Bring The Sun|move: Taunt\n|upkeep\n|turn|4\n|\n|t:|1699662572\n|switch|p1a: Clover|Shaymin-Sky|100\/100\n|move|p2a: Arceus|Taunt|p1a: Clover\n|-start|p1a: Clover|move: Taunt\n|\n|-weather|SunnyDay|[upkeep]\n|-damage|p2a: Arceus|30\/100 brn|[from] brn\n|upkeep\n|turn|5\n|\n|t:|1699662579\n|move|p1a: Clover|Air Slash|p2a: Arceus\n|-supereffective|p2a: Arceus\n|-damage|p2a: Arceus|6\/100 brn\n|cant|p2a: Arceus|flinch\n|\n|-weather|SunnyDay|[upkeep]\n|-damage|p2a: Arceus|0 fnt|[from] brn\n|faint|p2a: Arceus\n|upkeep\n|\n|t:|1699662586\n|switch|p2a: Magearna|Magearna-Original|100\/100\n|turn|6\n|inactive|Nitro524 has 270 seconds left.\n|\n|t:|1699662617\n|switch|p1a: Arceus|Arceus-Fire|100\/100\n|move|p2a: Magearna|Volt Switch|p1a: Arceus\n|-damage|p1a: Arceus|83\/100\n|\n|t:|1699662622\n|switch|p2a: Walking Wake|Walking Wake|100\/100|[from] Volt Switch\n|-activate|p2a: Walking Wake|ability: Protosynthesis\n|-start|p2a: Walking Wake|protosynthesisspe\n|\n|-weather|SunnyDay|[upkeep]\n|upkeep\n|turn|7\n|inactive|Nitro524 has 270 seconds left.\n|inactive|Nitro524 has 240 seconds left.\n|\n|t:|1699662674\n|switch|p1a: Hector Salamanca|Roaring Moon|100\/100\n|-activate|p1a: Hector Salamanca|ability: Protosynthesis\n|-start|p1a: Hector Salamanca|protosynthesisspe\n|move|p2a: Walking Wake|Draco Meteor|p1a: Hector Salamanca\n|-supereffective|p1a: Hector Salamanca\n|-damage|p1a: Hector Salamanca|0 fnt\n|-unboost|p2a: Walking Wake|spa|2\n|faint|p1a: Hector Salamanca\n|-end|p1a: Hector Salamanca|Protosynthesis|[silent]\n|\n|-weather|SunnyDay|[upkeep]\n|upkeep\n|\n|t:|1699662684\n|switch|p1a: Arceus|Arceus-Fire|83\/100\n|turn|8\n|\n|t:|1699662688\n|move|p2a: Walking Wake|Draco Meteor|p1a: Arceus\n|-damage|p1a: Arceus|51\/100\n|-unboost|p2a: Walking Wake|spa|2\n|move|p1a: Arceus|Dragon Dance|p1a: Arceus\n|-boost|p1a: Arceus|atk|1\n|-boost|p1a: Arceus|spe|1\n|\n|-weather|none\n|-end|p2a: Walking Wake|Protosynthesis\n|upkeep\n|turn|9\n|inactive|Nitro524 has 240 seconds left.\n|\n|t:|1699662715\n|-end|p2a: Walking Wake|Protosynthesis|[silent]\n|switch|p2a: Torkoal|Torkoal, M|100\/100\n|-weather|SunnyDay|[from] ability: Drought|[of] p2a: Torkoal\n|move|p1a: Arceus|Recover|p1a: Arceus\n|-heal|p1a: Arceus|100\/100\n|\n|-weather|SunnyDay|[upkeep]\n|upkeep\n|turn|10\n|\n|t:|1699662737\n|-terastallize|p2a: Torkoal|Grass\n|move|p1a: Arceus|Earthquake|p2a: Torkoal\n|-resisted|p2a: Torkoal\n|-damage|p2a: Torkoal|85\/100\n|move|p2a: Torkoal|Yawn|p1a: Arceus\n|-start|p1a: Arceus|move: Yawn|[of] p2a: Torkoal\n|\n|-weather|SunnyDay|[upkeep]\n|upkeep\n|turn|11\n|\n|t:|1699662747\n|switch|p1a: Did Not Smile Back|Chi-Yu|100\/100\n|-ability|p1a: Did Not Smile Back|Beads of Ruin\n|move|p2a: Torkoal|Yawn|p1a: Did Not Smile Back\n|-start|p1a: Did Not Smile Back|move: Yawn|[of] p2a: Torkoal\n|\n|-weather|SunnyDay|[upkeep]\n|upkeep\n|turn|12\n|\n|t:|1699662751\n|switch|p1a: Arceus|Arceus-Fire|100\/100\n|move|p2a: Torkoal|Lava Plume|p1a: Arceus\n|-resisted|p1a: Arceus\n|-damage|p1a: Arceus|88\/100\n|\n|-weather|SunnyDay|[upkeep]\n|upkeep\n|turn|13\n|\n|t:|1699662755\n|move|p1a: Arceus|Flare Blitz|p2a: Torkoal\n|-supereffective|p2a: Torkoal\n|-damage|p2a: Torkoal|0 fnt\n|faint|p2a: Torkoal\n|-damage|p1a: Arceus|65\/100|[from] Recoil\n|\n|-weather|SunnyDay|[upkeep]\n|upkeep\n|\n|t:|1699662764\n|switch|p2a: Roaring Moon|Roaring Moon|100\/100\n|-activate|p2a: Roaring Moon|ability: Protosynthesis\n|-start|p2a: Roaring Moon|protosynthesisatk\n|turn|14\n|inactive|Nitro524 has 240 seconds left.\n|\n|t:|1699662799\n|-terastallize|p1a: Arceus|Ground\n|move|p2a: Roaring Moon|Dragon Dance|p2a: Roaring Moon\n|-boost|p2a: Roaring Moon|atk|1\n|-boost|p2a: Roaring Moon|spe|1\n|move|p1a: Arceus|Earthquake|p2a: Roaring Moon\n|-damage|p2a: Roaring Moon|31\/100\n|\n|-weather|SunnyDay|[upkeep]\n|upkeep\n|turn|15\n|inactive|Nitro524 has 210 seconds left.\n|\n|t:|1699662836\n|move|p2a: Roaring Moon|Knock Off|p1a: Arceus\n|-damage|p1a: Arceus|7\/100\n|move|p1a: Arceus|Earthquake|p2a: Roaring Moon\n|-damage|p2a: Roaring Moon|0 fnt\n|faint|p2a: Roaring Moon\n|-end|p2a: Roaring Moon|Protosynthesis|[silent]\n|\n|-weather|SunnyDay|[upkeep]\n|upkeep\n|\n|t:|1699662841\n|switch|p2a: Walking Wake|Walking Wake|100\/100\n|-activate|p2a: Walking Wake|ability: Protosynthesis\n|-start|p2a: Walking Wake|protosynthesisspe\n|turn|16\n|inactive|Nitro524 has 210 seconds left.\n|\n|t:|1699662865\n|move|p2a: Walking Wake|Draco Meteor|p1a: Arceus\n|-damage|p1a: Arceus|0 fnt\n|-unboost|p2a: Walking Wake|spa|2\n|faint|p1a: Arceus\n|\n|-weather|none\n|-end|p2a: Walking Wake|Protosynthesis\n|upkeep\n|\n|t:|1699662879\n|switch|p1a: Did Not Smile Back|Chi-Yu|100\/100\n|-ability|p1a: Did Not Smile Back|Beads of Ruin\n|turn|17\n|inactive|Nitro524 has 180 seconds left.\n|\n|t:|1699662899\n|-end|p2a: Walking Wake|Protosynthesis|[silent]\n|switch|p2a: Magearna|Magearna-Original|100\/100\n|move|p1a: Did Not Smile Back|Flamethrower|p2a: Magearna\n|-supereffective|p2a: Magearna\n|-damage|p2a: Magearna|0 fnt\n|faint|p2a: Magearna\n|\n|upkeep\n|\n|t:|1699662907\n|switch|p2a: Iron Moth|Iron Moth, shiny|100\/100\n|-enditem|p2a: Iron Moth|Booster Energy\n|-activate|p2a: Iron Moth|ability: Quark Drive|[fromitem]\n|-start|p2a: Iron Moth|quarkdrivespe\n|turn|18\n|inactive|Nitro524 has 180 seconds left.\n|\n|t:|1699662930\n|switch|p1a: Sitting Sleep|Walking Wake|100\/100\n|move|p2a: Iron Moth|Fiery Dance|p1a: Sitting Sleep\n|-resisted|p1a: Sitting Sleep\n|-damage|p1a: Sitting Sleep|88\/100\n|\n|upkeep\n|turn|19\n|inactive|Nitro524 has 180 seconds left.\n|\n|t:|1699662943\n|move|p2a: Iron Moth|Sludge Wave|p1a: Sitting Sleep\n|-damage|p1a: Sitting Sleep|34\/100\n|move|p1a: Sitting Sleep|Draco Meteor|p2a: Iron Moth\n|-damage|p2a: Iron Moth|0 fnt\n|-unboost|p1a: Sitting Sleep|spa|2\n|faint|p2a: Iron Moth\n|-end|p2a: Iron Moth|Quark Drive|[silent]\n|\n|upkeep\n|c|\u2606Nitro524|gg\n|\n|t:|1699662949\n|switch|p2a: Walking Wake|Walking Wake|100\/100\n|turn|20\n|\n|t:|1699662953\n|move|p2a: Walking Wake|Dragon Pulse|p1a: Sitting Sleep\n|-supereffective|p1a: Sitting Sleep\n|-damage|p1a: Sitting Sleep|0 fnt\n|faint|p1a: Sitting Sleep\n|-end|p1a: Sitting Sleep|Protosynthesis|[silent]\n|\n|upkeep\n|\n|t:|1699662961\n|switch|p1a: Clover|Shaymin-Sky|100\/100\n|turn|21\n|\n|t:|1699662976\n|move|p1a: Clover|Air Slash|p2a: Walking Wake\n|-damage|p2a: Walking Wake|55\/100\n|move|p2a: Walking Wake|Dragon Pulse|p1a: Clover\n|-damage|p1a: Clover|16\/100\n|\n|upkeep\n|turn|22\n|\n|t:|1699662984\n|move|p1a: Clover|Seed Flare|p2a: Walking Wake|[miss]\n|-miss|p1a: Clover|p2a: Walking Wake\n|move|p2a: Walking Wake|Dragon Pulse|p1a: Clover\n|-damage|p1a: Clover|0 fnt\n|faint|p1a: Clover\n|\n|upkeep\n|\n|t:|1699662987\n|switch|p1a: Did Not Smile Back|Chi-Yu|100\/100\n|-ability|p1a: Did Not Smile Back|Beads of Ruin\n|turn|23\n|\n|t:|1699662994\n|move|p1a: Did Not Smile Back|Dark Pulse|p2a: Walking Wake\n|-damage|p2a: Walking Wake|0 fnt\n|faint|p2a: Walking Wake\n|-end|p2a: Walking Wake|Protosynthesis|[silent]\n|\n|win|Nitro524\n","uploadtime":1699662998,"views":4,"p1id":"nitro524","p2id":"albazbrand","formatid":"gen9ubers","rating":0,"private":0,"password":""}