{"id":"gen9ubers-1982290598","p1":"nguyen8807","p2":"Supraxd","format":"[Gen 9] Ubers","log":"|j|\u2606nguyen8807\n|j|\u2606Supraxd\n|t:|1698990932\n|gametype|singles\n|player|p1|nguyen8807|koga|1010\n|player|p2|Supraxd|steven|1079\n|teamsize|p1|6\n|teamsize|p2|6\n|gen|9\n|tier|[Gen 9] Ubers\n|rated|\n|rule|Sleep Clause Mod: Limit one foe put to sleep\n|rule|Species Clause: Limit one of each Pok\u00e9mon\n|rule|OHKO Clause: OHKO moves are banned\n|rule|Evasion Items Clause: Evasion items are banned\n|rule|Evasion Moves Clause: Evasion moves are banned\n|rule|Endless Battle Clause: Forcing endless battles is banned\n|rule|HP Percentage Mod: HP is shown in percentages\n|clearpoke\n|poke|p1|Volcarona, F|\n|poke|p1|Iron Bundle|\n|poke|p1|Ribombee, M|\n|poke|p1|Great Tusk|\n|poke|p1|Koraidon|\n|poke|p1|Ting-Lu|\n|poke|p2|Scyther, F|\n|poke|p2|Lokix, M|\n|poke|p2|Ribombee, F|\n|poke|p2|Kleavor, F|\n|poke|p2|Volcarona, F|\n|poke|p2|Slither Wing|\n|teampreview\n|inactive|Battle timer is ON: inactive players will automatically lose when time's up. (requested by nguyen8807)\n|\n|t:|1698990941\n|start\n|switch|p1a: Ribombee|Ribombee, M|100\/100\n|switch|p2a: Ribombee|Ribombee, F|100\/100\n|turn|1\n|c|\u2606nguyen8807|Bug?\n|\n|t:|1698990951\n|move|p2a: Ribombee|Moonblast|p1a: Ribombee\n|-damage|p1a: Ribombee|33\/100\n|move|p1a: Ribombee|Sticky Web|p2a: Ribombee\n|-sidestart|p2: Supraxd|move: Sticky Web\n|\n|upkeep\n|turn|2\n|\n|t:|1698990959\n|switch|p1a: Great Tusk|Great Tusk|100\/100\n|move|p2a: Ribombee|Sticky Web|p1a: Great Tusk\n|-sidestart|p1: nguyen8807|move: Sticky Web\n|\n|upkeep\n|turn|3\n|\n|t:|1698990962\n|move|p2a: Ribombee|Moonblast|p1a: Great Tusk\n|-supereffective|p1a: Great Tusk\n|-crit|p1a: Great Tusk\n|-damage|p1a: Great Tusk|0 fnt\n|faint|p1a: Great Tusk\n|-end|p1a: Great Tusk|Protosynthesis|[silent]\n|\n|upkeep\n|\n|t:|1698990968\n|switch|p1a: Ting-Lu|Ting-Lu|100\/100\n|-activate|p1a: Ting-Lu|move: Sticky Web\n|-unboost|p1a: Ting-Lu|spe|1\n|-ability|p1a: Ting-Lu|Vessel of Ruin\n|turn|4\n|\n|t:|1698990975\n|switch|p2a: Scyther|Scyther, F|100\/100\n|move|p1a: Ting-Lu|Stealth Rock|p2a: Scyther\n|-sidestart|p2: Supraxd|move: Stealth Rock\n|\n|upkeep\n|turn|5\n|\n|t:|1698990982\n|move|p2a: Scyther|Defog|p1a: Ting-Lu\n|-unboost|p1a: Ting-Lu|evasion|1\n|-sideend|p1: nguyen8807|Sticky Web|[from] move: Defog|[of] p2a: Scyther\n|-sideend|p2: Supraxd|Stealth Rock|[from] move: Defog|[of] p2a: Scyther\n|-sideend|p2: Supraxd|Sticky Web|[from] move: Defog|[of] p2a: Scyther\n|move|p1a: Ting-Lu|Whirlwind|p2a: Scyther\n|drag|p2a: Kleavor|Kleavor, F|100\/100\n|\n|upkeep\n|turn|6\n|\n|t:|1698990989\n|move|p2a: Kleavor|Swords Dance|p2a: Kleavor\n|-boost|p2a: Kleavor|atk|2\n|move|p1a: Ting-Lu|Stealth Rock|p2a: Kleavor\n|-sidestart|p2: Supraxd|move: Stealth Rock\n|\n|upkeep\n|turn|7\n|\n|t:|1698990995\n|move|p2a: Kleavor|Close Combat|p1a: Ting-Lu\n|-supereffective|p1a: Ting-Lu\n|-damage|p1a: Ting-Lu|22\/100\n|-unboost|p2a: Kleavor|def|1\n|-unboost|p2a: Kleavor|spd|1\n|move|p1a: Ting-Lu|Whirlwind|p2a: Kleavor\n|drag|p2a: Volcarona|Volcarona, F|100\/100\n|\n|-heal|p1a: Ting-Lu|28\/100|[from] item: Leftovers\n|upkeep\n|turn|8\n|\n|t:|1698991009\n|switch|p1a: Volcarona|Volcarona, F, shiny|100\/100\n|move|p2a: Volcarona|Bug Buzz|p1a: Volcarona\n|-resisted|p1a: Volcarona\n|-damage|p1a: Volcarona|74\/100\n|\n|upkeep\n|turn|9\n|\n|t:|1698991015\n|move|p2a: Volcarona|Quiver Dance|p2a: Volcarona\n|-boost|p2a: Volcarona|spa|1\n|-boost|p2a: Volcarona|spd|1\n|-boost|p2a: Volcarona|spe|1\n|move|p1a: Volcarona|Quiver Dance|p1a: Volcarona\n|-boost|p1a: Volcarona|spa|1\n|-boost|p1a: Volcarona|spd|1\n|-boost|p1a: Volcarona|spe|1\n|\n|upkeep\n|turn|10\n|\n|t:|1698991019\n|-terastallize|p1a: Volcarona|Water\n|move|p2a: Volcarona|Quiver Dance|p2a: Volcarona\n|-boost|p2a: Volcarona|spa|1\n|-boost|p2a: Volcarona|spd|1\n|-boost|p2a: Volcarona|spe|1\n|move|p1a: Volcarona|Quiver Dance|p1a: Volcarona\n|-boost|p1a: Volcarona|spa|1\n|-boost|p1a: Volcarona|spd|1\n|-boost|p1a: Volcarona|spe|1\n|\n|upkeep\n|turn|11\n|\n|t:|1698991025\n|-terastallize|p2a: Volcarona|Grass\n|move|p2a: Volcarona|Giga Drain|p1a: Volcarona\n|-supereffective|p1a: Volcarona\n|-damage|p1a: Volcarona|0 fnt\n|faint|p1a: Volcarona\n|\n|upkeep\n|\n|t:|1698991030\n|switch|p1a: Koraidon|Koraidon|100\/100\n|-weather|SunnyDay|[from] ability: Orichalcum Pulse|[of] p1a: Koraidon\n|-activate|p1a: Koraidon|Orichalcum Pulse|[source]\n|turn|12\n|\n|t:|1698991033\n|move|p2a: Volcarona|Fiery Dance|p1a: Koraidon\n|-resisted|p1a: Koraidon\n|-damage|p1a: Koraidon|34\/100\n|-boost|p2a: Volcarona|spa|1\n|move|p1a: Koraidon|Bulk Up|p1a: Koraidon\n|-boost|p1a: Koraidon|atk|1\n|-boost|p1a: Koraidon|def|1\n|\n|-weather|SunnyDay|[upkeep]\n|upkeep\n|turn|13\n|\n|t:|1698991037\n|move|p2a: Volcarona|Fiery Dance|p1a: Koraidon\n|-resisted|p1a: Koraidon\n|-damage|p1a: Koraidon|0 fnt\n|-boost|p2a: Volcarona|spa|1\n|faint|p1a: Koraidon\n|\n|-weather|SunnyDay|[upkeep]\n|upkeep\n|-message|nguyen8807 forfeited.\n|\n|win|Supraxd\n|raw|nguyen8807's rating: 1010 &rarr; <strong>1001<\/strong><br \/>(-9 for losing)\n|raw|Supraxd's rating: 1079 &rarr; <strong>1102<\/strong><br \/>(+23 for winning)\n|l|\u2606nguyen8807\n","uploadtime":1698991046,"views":8,"p1id":"nguyen8807","p2id":"supraxd","formatid":"gen9ubers","rating":1001,"private":0,"password":""}