{"id":"gen9ubers-1971013664","p1":"whitebeard solos","p2":"ffffffnuts1","format":"[Gen 9] Ubers","log":"|j|\u2606whitebeard solos\n|j|\u2606ffffffnuts1\n|t:|1697692601\n|gametype|singles\n|player|p1|whitebeard solos|hilbert|1316\n|player|p2|ffffffnuts1|hiker-gen4|1187\n|teamsize|p1|6\n|teamsize|p2|6\n|gen|9\n|tier|[Gen 9] Ubers\n|rated|\n|rule|Sleep Clause Mod: Limit one foe put to sleep\n|rule|Species Clause: Limit one of each Pok\u00e9mon\n|rule|OHKO Clause: OHKO moves are banned\n|rule|Evasion Items Clause: Evasion items are banned\n|rule|Evasion Moves Clause: Evasion moves are banned\n|rule|Endless Battle Clause: Forcing endless battles is banned\n|rule|HP Percentage Mod: HP is shown in percentages\n|clearpoke\n|poke|p1|Giratina-Origin|\n|poke|p1|Dondozo, F|\n|poke|p1|Chansey, F|\n|poke|p1|Koraidon|\n|poke|p1|Eternatus|\n|poke|p1|Arceus-Dark|\n|poke|p2|Arceus-Ground|\n|poke|p2|Chien-Pao|\n|poke|p2|Landorus-Therian, M|\n|poke|p2|Zacian-*|\n|poke|p2|Koraidon|\n|poke|p2|Regieleki|\n|teampreview\n|inactive|Battle timer is ON: inactive players will automatically lose when time's up. (requested by whitebeard solos)\n|\n|t:|1697692608\n|start\n|switch|p1a: Koraidon|Koraidon|100\/100\n|switch|p2a: Landorus|Landorus-Therian, M|100\/100\n|-weather|SunnyDay|[from] ability: Orichalcum Pulse|[of] p1a: Koraidon\n|-activate|p1a: Koraidon|Orichalcum Pulse|[source]\n|-ability|p2a: Landorus|Intimidate|boost\n|-unboost|p1a: Koraidon|atk|1\n|turn|1\n|\n|t:|1697692613\n|move|p1a: Koraidon|U-turn|p2a: Landorus\n|-resisted|p2a: Landorus\n|-damage|p2a: Landorus|92\/100\n|-damage|p1a: Koraidon|84\/100|[from] item: Rocky Helmet|[of] p2a: Landorus\n|\n|t:|1697692620\n|switch|p1a: Giratina|Giratina-Origin|100\/100|[from] U-turn\n|move|p2a: Landorus|Stealth Rock|p1a: Giratina\n|-sidestart|p1: whitebeard solos|move: Stealth Rock\n|\n|-weather|SunnyDay|[upkeep]\n|upkeep\n|turn|2\n|\n|t:|1697692628\n|move|p2a: Landorus|Taunt|p1a: Giratina\n|-start|p1a: Giratina|move: Taunt\n|cant|p1a: Giratina|move: Taunt|Will-O-Wisp\n|\n|-weather|SunnyDay|[upkeep]\n|upkeep\n|turn|3\n|\n|t:|1697692634\n|move|p2a: Landorus|U-turn|p1a: Giratina\n|-resisted|p1a: Giratina\n|-damage|p1a: Giratina|95\/100\n|\n|t:|1697692636\n|switch|p2a: Regieleki|Regieleki|100\/100|[from] U-turn\n|move|p1a: Giratina|Hex|p2a: Regieleki\n|-damage|p2a: Regieleki|48\/100\n|\n|-weather|SunnyDay|[upkeep]\n|upkeep\n|turn|4\n|\n|t:|1697692646\n|switch|p1a: Koraidon|Koraidon|84\/100\n|-damage|p1a: Koraidon|78\/100|[from] Stealth Rock\n|-activate|p1a: Koraidon|ability: Orichalcum Pulse\n|move|p2a: Regieleki|Light Screen|p2a: Regieleki\n|-sidestart|p2: ffffffnuts1|move: Light Screen\n|\n|-weather|SunnyDay|[upkeep]\n|upkeep\n|turn|5\n|\n|t:|1697692659\n|move|p1a: Koraidon|U-turn|p2a: Regieleki\n|-damage|p2a: Regieleki|0 fnt\n|faint|p2a: Regieleki\n|\n|t:|1697692664\n|switch|p1a: Giratina|Giratina-Origin|95\/100|[from] U-turn\n|-damage|p1a: Giratina|83\/100|[from] Stealth Rock\n|\n|-weather|none\n|upkeep\n|\n|t:|1697692668\n|switch|p2a: Arceus|Arceus-Ground|100\/100\n|turn|6\n|\n|t:|1697692673\n|move|p2a: Arceus|Dragon Dance|p2a: Arceus\n|-boost|p2a: Arceus|atk|1\n|-boost|p2a: Arceus|spe|1\n|move|p1a: Giratina|Defog|p2a: Arceus\n|-unboost|p2a: Arceus|evasion|1\n|-sideend|p2: ffffffnuts1|move: Light Screen\n|-sideend|p1: whitebeard solos|Stealth Rock|[from] move: Defog|[of] p1a: Giratina\n|\n|upkeep\n|turn|7\n|\n|t:|1697692676\n|move|p2a: Arceus|Dragon Dance|p2a: Arceus\n|-boost|p2a: Arceus|atk|1\n|-boost|p2a: Arceus|spe|1\n|move|p1a: Giratina|Will-O-Wisp|p2a: Arceus\n|-status|p2a: Arceus|brn\n|\n|-damage|p2a: Arceus|94\/100 brn|[from] brn\n|upkeep\n|turn|8\n|\n|t:|1697692684\n|move|p2a: Arceus|Earthquake|p1a: Giratina\n|-immune|p1a: Giratina|[from] ability: Levitate\n|move|p1a: Giratina|Hex|p2a: Arceus\n|-damage|p2a: Arceus|49\/100 brn\n|\n|-damage|p2a: Arceus|43\/100 brn|[from] brn\n|upkeep\n|turn|9\n|c|\u2606whitebeard solos|?\n|\n|t:|1697692695\n|move|p2a: Arceus|Gravity|p2a: Arceus\n|-fieldstart|move: Gravity\n|move|p1a: Giratina|Hex|p2a: Arceus\n|-damage|p2a: Arceus|0 fnt\n|faint|p2a: Arceus\n|\n|upkeep\n|\n|t:|1697692703\n|switch|p2a: Zacian|Zacian-Crowned|100\/100\n|-ability|p2a: Zacian|Intrepid Sword|boost\n|-boost|p2a: Zacian|atk|1\n|turn|10\n|\n|t:|1697692709\n|move|p2a: Zacian|Swords Dance|p2a: Zacian\n|-boost|p2a: Zacian|atk|2\n|move|p1a: Giratina|Will-O-Wisp|p2a: Zacian\n|-status|p2a: Zacian|brn\n|\n|-damage|p2a: Zacian|94\/100 brn|[from] brn\n|upkeep\n|turn|11\n|\n|t:|1697692716\n|switch|p1a: Dondozo|Dondozo, F|100\/100\n|move|p2a: Zacian|Swords Dance|p2a: Zacian\n|-boost|p2a: Zacian|atk|2\n|\n|-damage|p2a: Zacian|88\/100 brn|[from] brn\n|upkeep\n|turn|12\n|c|\u2606whitebeard solos|gg\n|\n|t:|1697692727\n|move|p2a: Zacian|Behemoth Blade|p1a: Dondozo\n|-resisted|p1a: Dondozo\n|-damage|p1a: Dondozo|95\/100\n|move|p1a: Dondozo|Curse|p1a: Dondozo\n|-unboost|p1a: Dondozo|spe|1\n|-boost|p1a: Dondozo|atk|1\n|-boost|p1a: Dondozo|def|1\n|\n|-heal|p1a: Dondozo|100\/100|[from] item: Leftovers\n|-damage|p2a: Zacian|82\/100 brn|[from] brn\n|upkeep\n|turn|13\n|\n|t:|1697692731\n|move|p2a: Zacian|Behemoth Blade|p1a: Dondozo\n|-resisted|p1a: Dondozo\n|-damage|p1a: Dondozo|96\/100\n|move|p1a: Dondozo|Curse|p1a: Dondozo\n|-unboost|p1a: Dondozo|spe|1\n|-boost|p1a: Dondozo|atk|1\n|-boost|p1a: Dondozo|def|1\n|\n|-heal|p1a: Dondozo|100\/100|[from] item: Leftovers\n|-damage|p2a: Zacian|76\/100 brn|[from] brn\n|-fieldend|move: Gravity\n|upkeep\n|turn|14\n|\n|t:|1697692734\n|move|p2a: Zacian|Play Rough|p1a: Dondozo\n|-damage|p1a: Dondozo|95\/100\n|move|p1a: Dondozo|Curse|p1a: Dondozo\n|-unboost|p1a: Dondozo|spe|1\n|-boost|p1a: Dondozo|atk|1\n|-boost|p1a: Dondozo|def|1\n|\n|-heal|p1a: Dondozo|100\/100|[from] item: Leftovers\n|-damage|p2a: Zacian|70\/100 brn|[from] brn\n|upkeep\n|turn|15\n|\n|t:|1697692739\n|move|p2a: Zacian|Wild Charge|p1a: Dondozo\n|-supereffective|p1a: Dondozo\n|-damage|p1a: Dondozo|95\/100\n|-damage|p2a: Zacian|67\/100 brn|[from] Recoil\n|move|p1a: Dondozo|Curse|p1a: Dondozo\n|-unboost|p1a: Dondozo|spe|1\n|-boost|p1a: Dondozo|atk|1\n|-boost|p1a: Dondozo|def|1\n|\n|-heal|p1a: Dondozo|100\/100|[from] item: Leftovers\n|-damage|p2a: Zacian|61\/100 brn|[from] brn\n|upkeep\n|turn|16\n|\n|t:|1697692744\n|move|p2a: Zacian|Wild Charge|p1a: Dondozo\n|-supereffective|p1a: Dondozo\n|-damage|p1a: Dondozo|95\/100\n|-damage|p2a: Zacian|59\/100 brn|[from] Recoil\n|move|p1a: Dondozo|Curse|p1a: Dondozo\n|-unboost|p1a: Dondozo|spe|1\n|-boost|p1a: Dondozo|atk|1\n|-boost|p1a: Dondozo|def|1\n|\n|-heal|p1a: Dondozo|100\/100|[from] item: Leftovers\n|-damage|p2a: Zacian|53\/100 brn|[from] brn\n|upkeep\n|turn|17\n|\n|t:|1697692754\n|move|p2a: Zacian|Wild Charge|p1a: Dondozo\n|-supereffective|p1a: Dondozo\n|-damage|p1a: Dondozo|96\/100\n|-damage|p2a: Zacian|51\/100 brn|[from] Recoil\n|move|p1a: Dondozo|Curse|p1a: Dondozo\n|-unboost|p1a: Dondozo|spe|1\n|-boost|p1a: Dondozo|atk|1\n|-boost|p1a: Dondozo|def|1\n|\n|-heal|p1a: Dondozo|100\/100|[from] item: Leftovers\n|-damage|p2a: Zacian|45\/100 brn|[from] brn\n|upkeep\n|turn|18\n|\n|t:|1697692767\n|switch|p2a: Koraidon|Koraidon|100\/100\n|-weather|SunnyDay|[from] ability: Orichalcum Pulse|[of] p2a: Koraidon\n|-activate|p2a: Koraidon|Orichalcum Pulse|[source]\n|move|p1a: Dondozo|Body Press|p2a: Koraidon\n|-damage|p2a: Koraidon|0 fnt\n|faint|p2a: Koraidon\n|\n|-weather|SunnyDay|[upkeep]\n|upkeep\n|-message|ffffffnuts1 forfeited.\n|\n|win|whitebeard solos\n|raw|whitebeard solos's rating: 1316 &rarr; <strong>1329<\/strong><br \/>(+13 for winning)\n|raw|ffffffnuts1's rating: 1187 &rarr; <strong>1171<\/strong><br \/>(-16 for losing)\n","uploadtime":1697692781,"views":9,"p1id":"whitebeardsolos","p2id":"ffffffnuts1","formatid":"gen9ubers","rating":1171,"private":0,"password":""}