{"id":"gen9ubers-1969103038","p1":"ChaosChaosCherry","p2":"EvilMsSmash","format":"[Gen 9] Ubers","log":"|j|\u2606ChaosChaosCherry\n|j|\u2606EvilMsSmash\n|t:|1697490257\n|gametype|singles\n|player|p1|ChaosChaosCherry|2|1000\n|player|p2|EvilMsSmash|nobunaga-conquest|1079\n|teamsize|p1|6\n|teamsize|p2|6\n|gen|9\n|tier|[Gen 9] Ubers\n|rated|\n|rule|Sleep Clause Mod: Limit one foe put to sleep\n|rule|Species Clause: Limit one of each Pok\u00e9mon\n|rule|OHKO Clause: OHKO moves are banned\n|rule|Evasion Items Clause: Evasion items are banned\n|rule|Evasion Moves Clause: Evasion moves are banned\n|rule|Endless Battle Clause: Forcing endless battles is banned\n|rule|HP Percentage Mod: HP is shown in percentages\n|clearpoke\n|poke|p1|Ursaluna-Bloodmoon, M|\n|poke|p1|Cloyster, M|\n|poke|p1|Dragapult, F|\n|poke|p1|Maushold-Four|\n|poke|p1|Gengar, F|\n|poke|p1|Volcarona, M|\n|poke|p2|Kyogre|\n|poke|p2|Koraidon|\n|poke|p2|Iron Treads|\n|poke|p2|Eternatus|\n|poke|p2|Arceus-Fairy|\n|poke|p2|Kingambit, M|\n|teampreview\n|\n|t:|1697490269\n|start\n|switch|p1a: Volcarona|Volcarona, M|100\/100\n|switch|p2a: Kyogre|Kyogre|100\/100\n|-weather|RainDance|[from] ability: Drizzle|[of] p2a: Kyogre\n|turn|1\n|\n|t:|1697490277\n|-terastallize|p1a: Volcarona|Bug\n|move|p2a: Kyogre|Water Spout|p1a: Volcarona\n|-enditem|p1a: Volcarona|Focus Sash\n|-damage|p1a: Volcarona|1\/100\n|move|p1a: Volcarona|Quiver Dance|p1a: Volcarona\n|-boost|p1a: Volcarona|spa|1\n|-boost|p1a: Volcarona|spd|1\n|-boost|p1a: Volcarona|spe|1\n|\n|-weather|RainDance|[upkeep]\n|upkeep\n|turn|2\n|inactive|Battle timer is ON: inactive players will automatically lose when time's up. (requested by EvilMsSmash)\n|\n|t:|1697490288\n|switch|p2a: Kingambit|Kingambit, M|100\/100\n|move|p1a: Volcarona|Bug Buzz|p2a: Kingambit\n|-damage|p2a: Kingambit|0 fnt\n|faint|p2a: Kingambit\n|-end|p2a: Kingambit|fallenundefined|[silent]\n|\n|-weather|RainDance|[upkeep]\n|upkeep\n|\n|t:|1697490296\n|switch|p2a: Eternatus|Eternatus|100\/100\n|-ability|p2a: Eternatus|Pressure\n|turn|3\n|\n|t:|1697490302\n|move|p1a: Volcarona|Double-Edge|p2a: Eternatus\n|-damage|p2a: Eternatus|83\/100\n|-damage|p1a: Volcarona|0 fnt|[from] Recoil\n|faint|p1a: Volcarona\n|move|p2a: Eternatus|Dynamax Cannon|p1: Volcarona|[notarget]\n|-fail|p2a: Eternatus\n|\n|-weather|RainDance|[upkeep]\n|upkeep\n|\n|t:|1697490310\n|switch|p1a: Gengar|Gengar, F|100\/100\n|turn|4\n|\n|t:|1697490314\n|move|p2a: Eternatus|Dynamax Cannon|p1a: Gengar\n|-damage|p1a: Gengar|25\/100\n|-start|p2a: Eternatus|Disable|Dynamax Cannon|[from] ability: Cursed Body|[of] p1a: Gengar\n|move|p1a: Gengar|Destiny Bond|p1a: Gengar\n|-singlemove|p1a: Gengar|Destiny Bond\n|\n|-weather|RainDance|[upkeep]\n|-heal|p1a: Gengar|32\/100|[from] item: Leftovers\n|upkeep\n|turn|5\n|\n|t:|1697490320\n|move|p2a: Eternatus|Recover|p2a: Eternatus\n|-heal|p2a: Eternatus|100\/100\n|move|p1a: Gengar|Hypnosis|p2a: Eternatus|[miss]\n|-miss|p1a: Gengar|p2a: Eternatus\n|\n|-weather|none\n|-heal|p1a: Gengar|38\/100|[from] item: Leftovers\n|upkeep\n|turn|6\n|\n|t:|1697490324\n|move|p2a: Eternatus|Flamethrower|p1a: Gengar\n|-damage|p1a: Gengar|0 fnt\n|faint|p1a: Gengar\n|\n|upkeep\n|\n|t:|1697490329\n|switch|p1a: Maushold|Maushold-Four, shiny|100\/100\n|turn|7\n|\n|t:|1697490336\n|move|p2a: Eternatus|Flamethrower|p1a: Maushold\n|-damage|p1a: Maushold|64\/100\n|move|p1a: Maushold|Population Bomb|p2a: Eternatus\n|-damage|p2a: Eternatus|94\/100\n|-damage|p2a: Eternatus|87\/100\n|-damage|p2a: Eternatus|81\/100\n|-damage|p2a: Eternatus|74\/100\n|-damage|p2a: Eternatus|67\/100\n|-hitcount|p2a: Eternatus|5\n|\n|-heal|p1a: Maushold|70\/100|[from] item: Leftovers\n|-end|p2a: Eternatus|Disable\n|upkeep\n|turn|8\n|\n|t:|1697490350\n|move|p2a: Eternatus|Dynamax Cannon|p1a: Maushold\n|-damage|p1a: Maushold|4\/100\n|move|p1a: Maushold|Population Bomb|p2a: Eternatus\n|-damage|p2a: Eternatus|61\/100\n|-damage|p2a: Eternatus|54\/100\n|-damage|p2a: Eternatus|47\/100\n|-damage|p2a: Eternatus|41\/100\n|-damage|p2a: Eternatus|34\/100\n|-damage|p2a: Eternatus|27\/100\n|-hitcount|p2a: Eternatus|6\n|\n|-heal|p1a: Maushold|10\/100|[from] item: Leftovers\n|upkeep\n|turn|9\n|\n|t:|1697490364\n|move|p2a: Eternatus|Flamethrower|p1a: Maushold\n|-damage|p1a: Maushold|0 fnt\n|faint|p1a: Maushold\n|\n|upkeep\n|\n|t:|1697490371\n|switch|p1a: Canh\u00e3o|Dragapult, F|100\/100\n|turn|10\n|\n|t:|1697490377\n|move|p2a: Eternatus|Toxic|p1a: Canh\u00e3o\n|-status|p1a: Canh\u00e3o|tox\n|move|p1a: Canh\u00e3o|Dragon Darts|p2a: Eternatus\n|-supereffective|p2a: Eternatus\n|-damage|p2a: Eternatus|0 fnt\n|faint|p2a: Eternatus\n|\n|-damage|p1a: Canh\u00e3o|95\/100 tox|[from] psn\n|upkeep\n|\n|t:|1697490380\n|switch|p2a: Arceus|Arceus-Fairy|100\/100\n|turn|11\n|\n|t:|1697490388\n|move|p1a: Canh\u00e3o|Disable||[still]\n|-fail|p1a: Canh\u00e3o\n|move|p2a: Arceus|Judgment|p1a: Canh\u00e3o\n|-supereffective|p1a: Canh\u00e3o\n|-damage|p1a: Canh\u00e3o|0 fnt\n|faint|p1a: Canh\u00e3o\n|\n|upkeep\n|\n|t:|1697490393\n|switch|p1a: Metralhadora|Cloyster, M, shiny|100\/100\n|turn|12\n|\n|t:|1697490398\n|move|p2a: Arceus|Judgment|p1a: Metralhadora\n|-crit|p1a: Metralhadora\n|-enditem|p1a: Metralhadora|Focus Sash\n|-damage|p1a: Metralhadora|1\/100\n|move|p1a: Metralhadora|Shell Smash|p1a: Metralhadora\n|-unboost|p1a: Metralhadora|def|1\n|-unboost|p1a: Metralhadora|spd|1\n|-boost|p1a: Metralhadora|atk|2\n|-boost|p1a: Metralhadora|spa|2\n|-boost|p1a: Metralhadora|spe|2\n|\n|upkeep\n|turn|13\n|\n|t:|1697490408\n|move|p1a: Metralhadora|Icicle Spear|p2a: Arceus\n|-damage|p2a: Arceus|90\/100\n|-damage|p2a: Arceus|79\/100\n|-damage|p2a: Arceus|67\/100\n|-damage|p2a: Arceus|56\/100\n|-damage|p2a: Arceus|44\/100\n|-hitcount|p2a: Arceus|5\n|move|p2a: Arceus|Judgment|p1a: Metralhadora\n|-damage|p1a: Metralhadora|0 fnt\n|faint|p1a: Metralhadora\n|\n|upkeep\n|\n|t:|1697490417\n|switch|p1a: Machada|Ursaluna-Bloodmoon, M|100\/100\n|turn|14\n|\n|t:|1697490423\n|move|p2a: Arceus|Recover|p2a: Arceus\n|-heal|p2a: Arceus|94\/100\n|move|p1a: Machada|Dig||[still]\n|-prepare|p1a: Machada|Dig\n|-enditem|p1a: Machada|Power Herb\n|-anim|p1a: Machada|Dig|p2a: Arceus\n|-damage|p2a: Arceus|79\/100\n|\n|upkeep\n|turn|15\n|\n|t:|1697490432\n|move|p2a: Arceus|Calm Mind|p2a: Arceus\n|-boost|p2a: Arceus|spa|1\n|-boost|p2a: Arceus|spd|1\n|move|p1a: Machada|Blood Moon|p2a: Arceus\n|-damage|p2a: Arceus|53\/100\n|\n|upkeep\n|turn|16\n|\n|t:|1697490455\n|move|p2a: Arceus|Recover|p2a: Arceus\n|-heal|p2a: Arceus|100\/100\n|move|p1a: Machada|Swords Dance|p1a: Machada\n|-boost|p1a: Machada|atk|2\n|\n|upkeep\n|turn|17\n|\n|t:|1697490468\n|move|p2a: Arceus|Calm Mind|p2a: Arceus\n|-boost|p2a: Arceus|spa|1\n|-boost|p2a: Arceus|spd|1\n|move|p1a: Machada|Focus Blast|p2a: Arceus\n|-resisted|p2a: Arceus\n|-damage|p2a: Arceus|95\/100\n|\n|upkeep\n|turn|18\n|-message|ChaosChaosCherry forfeited.\n|\n|win|EvilMsSmash\n|raw|ChaosChaosCherry's rating: 1000 &rarr; <strong>1000<\/strong><br \/>(+0 for losing)\n|raw|EvilMsSmash's rating: 1079 &rarr; <strong>1101<\/strong><br \/>(+22 for winning)\n|l|\u2606ChaosChaosCherry\n","uploadtime":1697490487,"views":12,"p1id":"chaoschaoscherry","p2id":"evilmssmash","formatid":"gen9ubers","rating":1000,"private":0,"password":""}