{"id":"gen9ubers-1994261790","p1":"Jullo27","p2":"No Magearna","format":"[Gen 9] Ubers","log":"|j|\u2606Jullo27\n|j|\u2606No Magearna\n|t:|1700424653\n|gametype|singles\n|player|p1|Jullo27|adaman|\n|player|p2|No Magearna|flint|\n|teamsize|p1|6\n|teamsize|p2|6\n|gen|9\n|tier|[Gen 9] Ubers\n|rule|Sleep Clause Mod: Limit one foe put to sleep\n|rule|Species Clause: Limit one of each Pok\u00e9mon\n|rule|OHKO Clause: OHKO moves are banned\n|rule|Evasion Items Clause: Evasion items are banned\n|rule|Evasion Moves Clause: Evasion moves are banned\n|rule|Endless Battle Clause: Forcing endless battles is banned\n|rule|HP Percentage Mod: HP is shown in percentages\n|clearpoke\n|poke|p1|Espathra, M|\n|poke|p1|Rotom-Heat|\n|poke|p1|Infernape, M|\n|poke|p1|Gligar, F|\n|poke|p1|Slowking, M|\n|poke|p1|Empoleon, F|\n|poke|p2|Azumarill, F|\n|poke|p2|Conkeldurr, F|\n|poke|p2|Chi-Yu|\n|poke|p2|Zoroark, M|\n|poke|p2|Trevenant, M|\n|poke|p2|Kleavor, M|\n|teampreview\n|\n|t:|1700424838\n|start\n|switch|p1a: Gligar|Gligar, F|100\/100\n|switch|p2a: Trevenant|Trevenant, M|100\/100\n|turn|1\n|\n|t:|1700424879\n|-terastallize|p2a: Trevenant|Water\n|move|p1a: Gligar|U-turn|p2a: Trevenant\n|-damage|p2a: Trevenant|80\/100\n|\n|t:|1700424907\n|switch|p1a: Empoleon|Empoleon, F|100\/100|[from] U-turn\n|move|p2a: Trevenant|Tera Blast|p1a: Empoleon|[anim] Tera Blast Water\n|-resisted|p1a: Empoleon\n|-damage|p1a: Empoleon|83\/100\n|\n|upkeep\n|turn|2\n|\n|t:|1700425017\n|move|p2a: Trevenant|Leech Seed|p1a: Empoleon\n|-start|p1a: Empoleon|move: Leech Seed\n|move|p1a: Empoleon|Knock Off|p2a: Trevenant\n|-damage|p2a: Trevenant|55\/100\n|-enditem|p2a: Trevenant|Heavy-Duty Boots|[from] move: Knock Off|[of] p1a: Empoleon\n|\n|-damage|p1a: Empoleon|70\/100|[from] Leech Seed|[of] p2a: Trevenant\n|-heal|p2a: Trevenant|68\/100|[silent]\n|upkeep\n|turn|3\n|inactive|Battle timer is ON: inactive players will automatically lose when time's up. (requested by Jullo27)\n|inactiveoff|Battle timer is now OFF.\n|\n|t:|1700425116\n|switch|p1a: Gligar|Gligar, F|100\/100\n|move|p2a: Trevenant|Poltergeist|p1a: Gligar\n|-activate|p1a: Gligar|move: Poltergeist|Eviolite\n|-damage|p1a: Gligar|68\/100\n|\n|upkeep\n|turn|4\n|\n|t:|1700425151\n|-terastallize|p1a: Gligar|Water\n|move|p1a: Gligar|Earthquake|p2a: Trevenant\n|-damage|p2a: Trevenant|24\/100\n|move|p2a: Trevenant|Leech Seed|p1a: Gligar|[miss]\n|-miss|p2a: Trevenant|p1a: Gligar\n|\n|upkeep\n|turn|5\n|\n|t:|1700425165\n|switch|p2a: Azumarill|Azumarill, F|100\/100\n|move|p1a: Gligar|Earthquake|p2a: Azumarill\n|-damage|p2a: Azumarill|74\/100\n|\n|-heal|p2a: Azumarill|80\/100|[from] item: Leftovers\n|upkeep\n|turn|6\n|\n|t:|1700425181\n|move|p1a: Gligar|Poison Jab|p2a: Azumarill\n|-supereffective|p2a: Azumarill\n|-damage|p2a: Azumarill|48\/100\n|move|p2a: Azumarill|Knock Off|p1a: Gligar\n|-damage|p1a: Gligar|59\/100\n|-enditem|p1a: Gligar|Eviolite|[from] move: Knock Off|[of] p2a: Azumarill\n|\n|-heal|p2a: Azumarill|54\/100|[from] item: Leftovers\n|upkeep\n|turn|7\n|\n|t:|1700425278\n|move|p2a: Azumarill|Protect|p2a: Azumarill\n|-singleturn|p2a: Azumarill|Protect\n|move|p1a: Gligar|Stealth Rock|p2a: Azumarill\n|-sidestart|p2: No Magearna|move: Stealth Rock\n|\n|-heal|p2a: Azumarill|60\/100|[from] item: Leftovers\n|upkeep\n|turn|8\n|\n|t:|1700425286\n|move|p1a: Gligar|Poison Jab|p2a: Azumarill\n|-supereffective|p2a: Azumarill\n|-damage|p2a: Azumarill|31\/100\n|move|p2a: Azumarill|Bounce||[still]\n|-prepare|p2a: Azumarill|Bounce\n|\n|-heal|p2a: Azumarill|37\/100|[from] item: Leftovers\n|upkeep\n|turn|9\n|\n|t:|1700425312\n|move|p1a: Gligar|Poison Jab|p2a: Azumarill|[miss]\n|-miss|p1a: Gligar|p2a: Azumarill\n|move|p2a: Azumarill|Bounce|p1a: Gligar|[from]lockedmove\n|-crit|p1a: Gligar\n|-damage|p1a: Gligar|42\/100\n|\n|-heal|p2a: Azumarill|43\/100|[from] item: Leftovers\n|upkeep\n|turn|10\n|\n|t:|1700425324\n|move|p2a: Azumarill|Protect|p2a: Azumarill\n|-singleturn|p2a: Azumarill|Protect\n|move|p1a: Gligar|Poison Jab|p2a: Azumarill\n|-activate|p2a: Azumarill|move: Protect\n|\n|-heal|p2a: Azumarill|49\/100|[from] item: Leftovers\n|upkeep\n|turn|11\n|\n|t:|1700425346\n|move|p1a: Gligar|Poison Jab|p2a: Azumarill\n|-supereffective|p2a: Azumarill\n|-damage|p2a: Azumarill|18\/100\n|move|p2a: Azumarill|Bounce||[still]\n|-prepare|p2a: Azumarill|Bounce\n|\n|-heal|p2a: Azumarill|24\/100|[from] item: Leftovers\n|upkeep\n|turn|12\n|\n|t:|1700425369\n|switch|p1a: Slowking|Slowking, M|100\/100\n|move|p2a: Azumarill|Bounce|p1a: Slowking|[from]lockedmove\n|-damage|p1a: Slowking|88\/100\n|-status|p1a: Slowking|par\n|\n|-heal|p2a: Azumarill|30\/100|[from] item: Leftovers\n|-heal|p1a: Slowking|94\/100 par|[from] item: Leftovers\n|upkeep\n|turn|13\n|\n|t:|1700425397\n|move|p2a: Azumarill|Knock Off|p1a: Slowking\n|-supereffective|p1a: Slowking\n|-damage|p1a: Slowking|66\/100 par\n|-enditem|p1a: Slowking|Leftovers|[from] move: Knock Off|[of] p2a: Azumarill\n|move|p1a: Slowking|Future Sight|p2a: Azumarill\n|-start|p1a: Slowking|move: Future Sight\n|\n|-heal|p2a: Azumarill|37\/100|[from] item: Leftovers\n|upkeep\n|turn|14\n|j| HiHowAria?\n|\n|t:|1700425412\n|move|p2a: Azumarill|Substitute|p2a: Azumarill\n|-start|p2a: Azumarill|Substitute\n|-damage|p2a: Azumarill|12\/100\n|cant|p1a: Slowking|par\n|\n|-heal|p2a: Azumarill|18\/100|[from] item: Leftovers\n|upkeep\n|turn|15\n|\n|t:|1700425485\n|switch|p1a: Rotom|Rotom-Heat|100\/100\n|move|p2a: Azumarill|Bounce||[still]|[miss]\n|-prepare|p2a: Azumarill|Bounce\n|\n|-end|p2a: Azumarill|move: Future Sight\n|-miss|p1: Slowking|p2a: Azumarill\n|-heal|p2a: Azumarill|24\/100|[from] item: Leftovers\n|upkeep\n|turn|16\n|\n|t:|1700425493\n|move|p1a: Rotom|Reflect|p1a: Rotom\n|-sidestart|p1: Jullo27|Reflect\n|move|p2a: Azumarill|Bounce|p1a: Rotom|[from]lockedmove\n|-resisted|p1a: Rotom\n|-damage|p1a: Rotom|98\/100\n|\n|-heal|p2a: Azumarill|30\/100|[from] item: Leftovers\n|upkeep\n|turn|17\n|\n|t:|1700425500\n|move|p1a: Rotom|Volt Switch|p2a: Azumarill\n|-supereffective|p2a: Azumarill\n|-end|p2a: Azumarill|Substitute\n|c| HiHowAria?|bounce is crazy\n|\n|t:|1700425509\n|switch|p1a: Infernape|Infernape, M|100\/100|[from] Volt Switch\n|move|p2a: Azumarill|Knock Off|p1a: Infernape\n|-resisted|p1a: Infernape\n|-damage|p1a: Infernape|96\/100\n|-enditem|p1a: Infernape|Heavy-Duty Boots|[from] move: Knock Off|[of] p2a: Azumarill\n|\n|-heal|p2a: Azumarill|36\/100|[from] item: Leftovers\n|upkeep\n|turn|18\n|c|\u2606No Magearna|the item slayer\n|\n|t:|1700425534\n|move|p1a: Infernape|Thunder Punch|p2a: Azumarill\n|-supereffective|p2a: Azumarill\n|-damage|p2a: Azumarill|0 fnt\n|faint|p2a: Azumarill\n|\n|upkeep\n|\n|t:|1700425596\n|switch|p2a: Kleavor|Kleavor, M|100\/100\n|-damage|p2a: Kleavor|76\/100|[from] Stealth Rock\n|turn|19\n|\n|t:|1700425613\n|move|p2a: Kleavor|Stone Axe|p1a: Infernape|[miss]\n|-miss|p2a: Kleavor|p1a: Infernape\n|move|p1a: Infernape|Swords Dance|p1a: Infernape\n|-boost|p1a: Infernape|atk|2\n|\n|upkeep\n|turn|20\n|\n|t:|1700425647\n|move|p2a: Kleavor|Stone Axe|p1a: Infernape\n|-damage|p1a: Infernape|58\/100\n|-sidestart|p1: Jullo27|move: Stealth Rock\n|move|p1a: Infernape|Raging Fury|p2a: Kleavor\n|-damage|p2a: Kleavor|0 fnt\n|faint|p2a: Kleavor\n|\n|-sideend|p1: Jullo27|Reflect\n|upkeep\n|j| Online Gambling\n|c| HiHowAria?|oh wow\n|c|\u2606No Magearna|me when my hazards miss\n|c|\u2606No Magearna|oh no\n|l| Online Gambling\n|j| spritecheat14\n|c| HiHowAria?|Online Gambling come back\n|c| spritecheat14|That monke mad\n|\n|t:|1700425739\n|switch|p2a: Conkeldurr|Conkeldurr, F|100\/100\n|turn|21\n|l| spritecheat14\n|\n|t:|1700425774\n|move|p2a: Conkeldurr|Sucker Punch|p1a: Infernape\n|-resisted|p1a: Infernape\n|-damage|p1a: Infernape|35\/100\n|move|p1a: Infernape|Raging Fury|p2a: Conkeldurr|[from]lockedmove\n|-damage|p2a: Conkeldurr|0 fnt\n|replace|p2a: Zoroark|Zoroark, M\n|-end|p2a: Zoroark|Illusion\n|faint|p2a: Zoroark\n|\n|upkeep\n|\n|t:|1700425787\n|switch|p2a: Trevenant|Trevenant, M, tera:Water|24\/100\n|-damage|p2a: Trevenant|12\/100|[from] Stealth Rock\n|turn|22\n|\n|t:|1700425792\n|move|p1a: Infernape|Raging Fury|p2a: Trevenant|[from]lockedmove\n|-resisted|p2a: Trevenant\n|-damage|p2a: Trevenant|0 fnt\n|faint|p2a: Trevenant\n|-start|p1a: Infernape|confusion|[fatigue]\n|\n|upkeep\n|\n|t:|1700425795\n|switch|p2a: Conkeldurr|Conkeldurr, F|100\/100\n|-damage|p2a: Conkeldurr|94\/100|[from] Stealth Rock\n|turn|23\n|\n|t:|1700425803\n|-activate|p1a: Infernape|confusion\n|move|p1a: Infernape|Raging Fury|p2a: Conkeldurr\n|-damage|p2a: Conkeldurr|9\/100\n|move|p2a: Conkeldurr|Bulk Up|p2a: Conkeldurr\n|-boost|p2a: Conkeldurr|atk|1\n|-boost|p2a: Conkeldurr|def|1\n|\n|-heal|p2a: Conkeldurr|15\/100|[from] item: Leftovers\n|upkeep\n|turn|24\n|\n|t:|1700425817\n|-activate|p1a: Infernape|confusion\n|-damage|p1a: Infernape|0 fnt|[from] confusion\n|faint|p1a: Infernape\n|move|p2a: Conkeldurr|Bulk Up|p2a: Conkeldurr\n|-boost|p2a: Conkeldurr|atk|1\n|-boost|p2a: Conkeldurr|def|1\n|\n|-heal|p2a: Conkeldurr|21\/100|[from] item: Leftovers\n|upkeep\n|\n|t:|1700425844\n|switch|p1a: Espathra|Espathra, M|100\/100\n|-damage|p1a: Espathra|88\/100|[from] Stealth Rock\n|turn|25\n|\n|t:|1700425872\n|move|p1a: Espathra|Substitute|p1a: Espathra\n|-start|p1a: Espathra|Substitute\n|-damage|p1a: Espathra|63\/100\n|move|p2a: Conkeldurr|Knock Off|p1a: Espathra\n|-supereffective|p1a: Espathra\n|-end|p1a: Espathra|Substitute\n|\n|-heal|p1a: Espathra|69\/100|[from] item: Leftovers\n|-heal|p2a: Conkeldurr|27\/100|[from] item: Leftovers\n|-ability|p1a: Espathra|Speed Boost|boost\n|-boost|p1a: Espathra|spe|1\n|upkeep\n|turn|26\n|\n|t:|1700425885\n|move|p1a: Espathra|Substitute|p1a: Espathra\n|-start|p1a: Espathra|Substitute\n|-damage|p1a: Espathra|44\/100\n|move|p2a: Conkeldurr|Knock Off|p1a: Espathra\n|-supereffective|p1a: Espathra\n|-end|p1a: Espathra|Substitute\n|\n|-heal|p1a: Espathra|50\/100|[from] item: Leftovers\n|-heal|p2a: Conkeldurr|33\/100|[from] item: Leftovers\n|-ability|p1a: Espathra|Speed Boost|boost\n|-boost|p1a: Espathra|spe|1\n|upkeep\n|turn|27\n|\n|t:|1700425901\n|move|p1a: Espathra|Dazzling Gleam|p2a: Conkeldurr\n|-supereffective|p2a: Conkeldurr\n|-damage|p2a: Conkeldurr|0 fnt\n|faint|p2a: Conkeldurr\n|\n|-heal|p1a: Espathra|57\/100|[from] item: Leftovers\n|-ability|p1a: Espathra|Speed Boost|boost\n|-boost|p1a: Espathra|spe|1\n|upkeep\n|\n|t:|1700425913\n|switch|p2a: Chi-Yu|Chi-Yu|100\/100\n|-damage|p2a: Chi-Yu|76\/100|[from] Stealth Rock\n|-ability|p2a: Chi-Yu|Beads of Ruin\n|turn|28\n|\n|t:|1700425932\n|move|p1a: Espathra|Dazzling Gleam|p2a: Chi-Yu\n|-damage|p2a: Chi-Yu|47\/100\n|move|p2a: Chi-Yu|Dark Pulse|p1a: Espathra\n|-supereffective|p1a: Espathra\n|-damage|p1a: Espathra|0 fnt\n|faint|p1a: Espathra\n|\n|upkeep\n|\n|t:|1700425937\n|switch|p1a: Empoleon|Empoleon, F|70\/100\n|-damage|p1a: Empoleon|64\/100|[from] Stealth Rock\n|turn|29\n|\n|t:|1700425941\n|move|p2a: Chi-Yu|Dark Pulse|p1a: Empoleon\n|-damage|p1a: Empoleon|4\/100\n|move|p1a: Empoleon|Surf|p2a: Chi-Yu\n|-supereffective|p2a: Chi-Yu\n|-damage|p2a: Chi-Yu|0 fnt\n|faint|p2a: Chi-Yu\n|\n|win|Jullo27\n|c|\u2606No Magearna|good game\n|c|\u2606Jullo27|gg\n|l|\u2606No Magearna\n","uploadtime":1700425976,"views":33,"p1id":"jullo27","p2id":"nomagearna","formatid":"gen9ubers","rating":0,"private":0,"password":""}