{"id":"gen9ubers-1989055939","p1":"Finchely","p2":"Bestmaindragonite","format":"[Gen 9] Ubers","log":"|j|\u2606Finchely\n|j|\u2606Bestmaindragonite\n|t:|1699807280\n|gametype|singles\n|player|p1|Finchely|acetrainerf|\n|player|p2|Bestmaindragonite|lillie|\n|teamsize|p1|6\n|teamsize|p2|6\n|gen|9\n|tier|[Gen 9] Ubers\n|rule|Sleep Clause Mod: Limit one foe put to sleep\n|rule|Species Clause: Limit one of each Pok\u00e9mon\n|rule|OHKO Clause: OHKO moves are banned\n|rule|Evasion Items Clause: Evasion items are banned\n|rule|Evasion Moves Clause: Evasion moves are banned\n|rule|Endless Battle Clause: Forcing endless battles is banned\n|rule|HP Percentage Mod: HP is shown in percentages\n|clearpoke\n|poke|p1|Slowking-Galar, M|\n|poke|p1|Palkia-Origin|\n|poke|p1|Dragapult, F|\n|poke|p1|Cyclizar, F|\n|poke|p1|Clefable, F|\n|poke|p1|Arceus-Dark|\n|poke|p2|Rillaboom, F|\n|poke|p2|Sneasler, M|\n|poke|p2|Arceus-Rock|\n|poke|p2|Donphan, M|\n|poke|p2|Magearna|\n|poke|p2|Ursaluna-Bloodmoon, M|\n|teampreview\n|\n|t:|1699807299\n|start\n|switch|p1a: Dragapult|Dragapult, F, shiny|100\/100\n|switch|p2a: The classic set|Magearna|100\/100\n|turn|1\n|\n|t:|1699807306\n|move|p1a: Dragapult|U-turn|p2a: The classic set\n|-resisted|p2a: The classic set\n|-damage|p2a: The classic set|96\/100\n|\n|t:|1699807308\n|switch|p1a: Slowking|Slowking-Galar, M|100\/100|[from] U-turn\n|move|p2a: The classic set|Volt Switch|p1a: Slowking\n|-damage|p1a: Slowking|78\/100\n|\n|t:|1699807313\n|switch|p2a: Bloons td 7|Rillaboom, F|100\/100|[from] Volt Switch\n|-fieldstart|move: Grassy Terrain|[from] ability: Grassy Surge|[of] p2a: Bloons td 7\n|\n|-heal|p1a: Slowking|84\/100|[from] Grassy Terrain\n|upkeep\n|turn|2\n|\n|t:|1699807323\n|move|p2a: Bloons td 7|High Horsepower|p1a: Slowking\n|-supereffective|p1a: Slowking\n|-damage|p1a: Slowking|5\/100\n|move|p1a: Slowking|Future Sight|p2a: Bloons td 7\n|-start|p1a: Slowking|move: Future Sight\n|\n|-heal|p1a: Slowking|11\/100|[from] Grassy Terrain\n|upkeep\n|turn|3\n|\n|t:|1699807330\n|switch|p2a: The classic set|Magearna|96\/100\n|switch|p1a: Arceus|Arceus-Dark|100\/100\n|\n|-heal|p2a: The classic set|100\/100|[from] Grassy Terrain\n|upkeep\n|turn|4\n|\n|t:|1699807351\n|move|p1a: Arceus|Cosmic Power|p1a: Arceus\n|-boost|p1a: Arceus|def|1\n|-boost|p1a: Arceus|spd|1\n|move|p2a: The classic set|Draining Kiss|p1a: Arceus\n|-supereffective|p1a: Arceus\n|-damage|p1a: Arceus|76\/100\n|\n|-end|p2a: The classic set|move: Future Sight\n|-resisted|p2a: The classic set\n|-damage|p2a: The classic set|88\/100\n|-heal|p1a: Arceus|82\/100|[from] Grassy Terrain\n|-heal|p2a: The classic set|94\/100|[from] Grassy Terrain\n|upkeep\n|turn|5\n|\n|t:|1699807356\n|move|p1a: Arceus|Cosmic Power|p1a: Arceus\n|-boost|p1a: Arceus|def|1\n|-boost|p1a: Arceus|spd|1\n|move|p2a: The classic set|Volt Switch|p1a: Arceus\n|-damage|p1a: Arceus|73\/100\n|\n|t:|1699807375\n|switch|p2a: Butch femboy|Sneasler, M|100\/100|[from] Volt Switch\n|-enditem|p2a: Butch femboy|Grassy Seed\n|-boost|p2a: Butch femboy|def|1|[from] item: Grassy Seed\n|\n|-heal|p1a: Arceus|79\/100|[from] Grassy Terrain\n|-fieldend|move: Grassy Terrain\n|upkeep\n|turn|6\n|\n|t:|1699807388\n|-terastallize|p2a: Butch femboy|Dark\n|-terastallize|p1a: Arceus|Fairy\n|move|p2a: Butch femboy|Swords Dance|p2a: Butch femboy\n|-boost|p2a: Butch femboy|atk|2\n|move|p1a: Arceus|Foul Play|p2a: Butch femboy\n|-resisted|p2a: Butch femboy\n|-damage|p2a: Butch femboy|27\/100\n|\n|upkeep\n|turn|7\n|\n|t:|1699807395\n|move|p2a: Butch femboy|Dire Claw|p1a: Arceus\n|-supereffective|p1a: Arceus\n|-damage|p1a: Arceus|32\/100\n|move|p1a: Arceus|Foul Play|p2a: Butch femboy\n|-resisted|p2a: Butch femboy\n|-crit|p2a: Butch femboy\n|-damage|p2a: Butch femboy|0 fnt\n|faint|p2a: Butch femboy\n|\n|upkeep\n|\n|t:|1699807410\n|switch|p2a: Bloons td 7|Rillaboom, F|100\/100\n|-fieldstart|move: Grassy Terrain|[from] ability: Grassy Surge|[of] p2a: Bloons td 7\n|turn|8\n|\n|t:|1699807413\n|move|p1a: Arceus|Recover|p1a: Arceus\n|-heal|p1a: Arceus|82\/100\n|move|p2a: Bloons td 7|Wood Hammer|p1a: Arceus\n|-damage|p1a: Arceus|48\/100\n|-damage|p2a: Bloons td 7|86\/100|[from] Recoil\n|\n|-heal|p1a: Arceus|54\/100|[from] Grassy Terrain\n|-heal|p2a: Bloons td 7|92\/100|[from] Grassy Terrain\n|upkeep\n|turn|9\n|\n|t:|1699807417\n|move|p1a: Arceus|Recover|p1a: Arceus\n|-heal|p1a: Arceus|100\/100\n|move|p2a: Bloons td 7|Wood Hammer|p1a: Arceus\n|-damage|p1a: Arceus|68\/100\n|-damage|p2a: Bloons td 7|78\/100|[from] Recoil\n|\n|-heal|p1a: Arceus|74\/100|[from] Grassy Terrain\n|-heal|p2a: Bloons td 7|84\/100|[from] Grassy Terrain\n|upkeep\n|turn|10\n|\n|t:|1699807426\n|switch|p2a: Big ogerpon|Arceus-Rock|100\/100\n|move|p1a: Arceus|Cosmic Power|p1a: Arceus\n|-boost|p1a: Arceus|def|1\n|-boost|p1a: Arceus|spd|1\n|\n|-heal|p1a: Arceus|80\/100|[from] Grassy Terrain\n|upkeep\n|turn|11\n|\n|t:|1699807430\n|move|p2a: Big ogerpon|Calm Mind|p2a: Big ogerpon\n|-boost|p2a: Big ogerpon|spa|1\n|-boost|p2a: Big ogerpon|spd|1\n|move|p1a: Arceus|Body Press|p2a: Big ogerpon\n|-supereffective|p2a: Big ogerpon\n|-damage|p2a: Big ogerpon|7\/100\n|\n|-heal|p2a: Big ogerpon|13\/100|[from] Grassy Terrain\n|-heal|p1a: Arceus|86\/100|[from] Grassy Terrain\n|upkeep\n|turn|12\n|\n|t:|1699807435\n|move|p2a: Big ogerpon|Giga Drain|p1a: Arceus\n|-damage|p1a: Arceus|72\/100\n|-heal|p2a: Big ogerpon|21\/100|[from] drain|[of] p1a: Arceus\n|move|p1a: Arceus|Body Press|p2a: Big ogerpon\n|-supereffective|p2a: Big ogerpon\n|-damage|p2a: Big ogerpon|0 fnt\n|faint|p2a: Big ogerpon\n|\n|-heal|p1a: Arceus|78\/100|[from] Grassy Terrain\n|-fieldend|move: Grassy Terrain\n|upkeep\n|\n|t:|1699807455\n|switch|p2a: New level of cook|Ursaluna-Bloodmoon, M|100\/100\n|turn|13\n|c|\u2606Finchely|This set can\u2019t touch clefable btw\n|\n|t:|1699807466\n|move|p1a: Arceus|Body Press|p2a: New level of cook\n|-supereffective|p2a: New level of cook\n|-damage|p2a: New level of cook|4\/100\n|move|p2a: New level of cook|Blood Moon|p1a: Arceus\n|-damage|p1a: Arceus|56\/100\n|\n|upkeep\n|turn|14\n|\n|t:|1699807470\n|move|p1a: Arceus|Body Press|p2a: New level of cook\n|-supereffective|p2a: New level of cook\n|-damage|p2a: New level of cook|0 fnt\n|faint|p2a: New level of cook\n|\n|upkeep\n|\n|t:|1699807472\n|switch|p2a: The classic set|Magearna|94\/100\n|turn|15\n|\n|t:|1699807478\n|move|p1a: Arceus|Recover|p1a: Arceus\n|-heal|p1a: Arceus|100\/100\n|move|p2a: The classic set|Flash Cannon|p1a: Arceus\n|-supereffective|p1a: Arceus\n|-damage|p1a: Arceus|78\/100\n|\n|upkeep\n|turn|16\n|\n|t:|1699807486\n|move|p1a: Arceus|Body Press|p2a: The classic set\n|-damage|p2a: The classic set|28\/100\n|move|p2a: The classic set|Flash Cannon|p1a: Arceus\n|-supereffective|p1a: Arceus\n|-damage|p1a: Arceus|52\/100\n|\n|upkeep\n|turn|17\n|\n|t:|1699807499\n|move|p1a: Arceus|Body Press|p2a: The classic set\n|-damage|p2a: The classic set|0 fnt\n|faint|p2a: The classic set\n|\n|upkeep\n|c|\u2606Bestmaindragonite|gg\n|\n|t:|1699807510\n|switch|p2a: Cute tusk|Donphan, M|100\/100\n|turn|18\n|\n|t:|1699807514\n|move|p1a: Arceus|Recover|p1a: Arceus\n|-heal|p1a: Arceus|100\/100\n|move|p2a: Cute tusk|Endeavor|p1a: Arceus\n|-damage|p1a: Arceus|87\/100\n|\n|upkeep\n|turn|19\n|\n|t:|1699807520\n|move|p1a: Arceus|Body Press|p2a: Cute tusk\n|-crit|p2a: Cute tusk\n|-damage|p2a: Cute tusk|17\/100\n|move|p2a: Cute tusk|Earthquake|p1a: Arceus\n|-damage|p1a: Arceus|76\/100\n|\n|upkeep\n|turn|20\n|\n|t:|1699807523\n|move|p1a: Arceus|Body Press|p2a: Cute tusk\n|-damage|p2a: Cute tusk|0 fnt\n|faint|p2a: Cute tusk\n|\n|upkeep\n|\n|t:|1699807526\n|switch|p2a: Bloons td 7|Rillaboom, F|84\/100\n|-fieldstart|move: Grassy Terrain|[from] ability: Grassy Surge|[of] p2a: Bloons td 7\n|turn|21\n|c|\u2606Finchely|Gg\n|\n|t:|1699807532\n|move|p1a: Arceus|Body Press|p2a: Bloons td 7\n|-damage|p2a: Bloons td 7|7\/100\n|move|p2a: Bloons td 7|Wood Hammer|p1a: Arceus\n|-damage|p1a: Arceus|50\/100\n|-damage|p2a: Bloons td 7|0 fnt|[from] Recoil\n|faint|p2a: Bloons td 7\n|\n|win|Finchely\n|l|\u2606Bestmaindragonite\n","uploadtime":1699807543,"views":6,"p1id":"finchely","p2id":"bestmaindragonite","formatid":"gen9ubers","rating":0,"private":0,"password":""}