{"id":"gen9ubers-1968300615","p1":"PTKmoekyuun","p2":"UUbers account","format":"[Gen 9] Ubers","log":"|j|\u2606PTKmoekyuun\n|j|\u2606UUbers account\n|t:|1697403856\n|gametype|singles\n|player|p1|PTKmoekyuun|1|\n|player|p2|UUbers account|shadowtriad|\n|teamsize|p1|6\n|teamsize|p2|6\n|gen|9\n|tier|[Gen 9] Ubers\n|rule|Sleep Clause Mod: Limit one foe put to sleep\n|rule|Species Clause: Limit one of each Pok\u00e9mon\n|rule|OHKO Clause: OHKO moves are banned\n|rule|Evasion Items Clause: Evasion items are banned\n|rule|Evasion Moves Clause: Evasion moves are banned\n|rule|Endless Battle Clause: Forcing endless battles is banned\n|rule|HP Percentage Mod: HP is shown in percentages\n|clearpoke\n|poke|p1|Greninja-*, M|\n|poke|p1|Magearna|\n|poke|p1|Gholdengo|\n|poke|p1|Chi-Yu|\n|poke|p1|Empoleon, F|\n|poke|p1|Shaymin-Sky|\n|poke|p2|Basculegion-F, F|\n|poke|p2|Arceus-Dark|\n|poke|p2|Magearna|\n|poke|p2|Hatterene, F|\n|poke|p2|Chi-Yu|\n|poke|p2|Giratina|\n|teampreview\n|inactive|Battle timer is ON: inactive players will automatically lose when time's up. (requested by UUbers account)\n|j| MYDADDOSNTLOVEME\n|\n|t:|1697403880\n|start\n|switch|p1a: Chi-Yu|Chi-Yu|100\/100\n|switch|p2a: Magearna|Magearna|100\/100\n|-ability|p1a: Chi-Yu|Beads of Ruin\n|turn|1\n|l| MYDADDOSNTLOVEME\n|j| bowsori\n|inactive|PTKmoekyuun has 270 seconds left.\n|\n|t:|1697403911\n|switch|p1a: Magearna|Magearna|100\/100\n|switch|p2a: Giratina|Giratina|100\/100\n|-ability|p2a: Giratina|Pressure\n|\n|upkeep\n|turn|2\n|l| bowsori\n|\n|t:|1697403924\n|move|p2a: Giratina|Will-O-Wisp|p1a: Magearna\n|-status|p1a: Magearna|brn\n|move|p1a: Magearna|Volt Switch|p2a: Giratina\n|-resisted|p2a: Giratina\n|-damage|p2a: Giratina|96\/100\n|\n|t:|1697403927\n|switch|p1a: Greninja|Greninja, M|100\/100|[from] Volt Switch\n|\n|upkeep\n|turn|3\n|\n|t:|1697403943\n|switch|p2a: Hatterene|Hatterene, F|100\/100\n|move|p1a: Greninja|Toxic Spikes|p2a: Hatterene\n|move|p2a: Hatterene|Toxic Spikes|p1a: Greninja|[from]ability: Magic Bounce\n|-sidestart|p1: PTKmoekyuun|move: Toxic Spikes\n|\n|upkeep\n|turn|4\n|\n|t:|1697403952\n|move|p1a: Greninja|U-turn|p2a: Hatterene\n|-damage|p2a: Hatterene|85\/100\n|-enditem|p2a: Hatterene|Eject Button\n|\n|t:|1697403959\n|switch|p2a: Arceus|Arceus-Dark|100\/100\n|\n|upkeep\n|turn|5\n|\n|t:|1697403963\n|move|p1a: Greninja|U-turn|p2a: Arceus\n|-supereffective|p2a: Arceus\n|-damage|p2a: Arceus|83\/100\n|\n|t:|1697403969\n|switch|p1a: Magearna|Magearna|100\/100 brn|[from] U-turn\n|move|p2a: Arceus|Calm Mind|p2a: Arceus\n|-boost|p2a: Arceus|spa|1\n|-boost|p2a: Arceus|spd|1\n|\n|-damage|p1a: Magearna|94\/100 brn|[from] brn\n|upkeep\n|turn|6\n|\n|t:|1697403995\n|move|p2a: Arceus|Taunt|p1a: Magearna\n|-start|p1a: Magearna|move: Taunt\n|cant|p1a: Magearna|move: Taunt|Thunder Wave\n|\n|-heal|p1a: Magearna|100\/100 brn|[from] item: Leftovers\n|-damage|p1a: Magearna|94\/100 brn|[from] brn\n|upkeep\n|turn|7\n|\n|t:|1697404000\n|move|p2a: Arceus|Calm Mind|p2a: Arceus\n|-boost|p2a: Arceus|spa|1\n|-boost|p2a: Arceus|spd|1\n|move|p1a: Magearna|Fleur Cannon|p2a: Arceus\n|-supereffective|p2a: Arceus\n|-damage|p2a: Arceus|44\/100\n|-unboost|p1a: Magearna|spa|2\n|\n|-heal|p1a: Magearna|100\/100 brn|[from] item: Leftovers\n|-damage|p1a: Magearna|94\/100 brn|[from] brn\n|upkeep\n|turn|8\n|\n|t:|1697404008\n|switch|p1a: Empoleon|Empoleon, F|100\/100\n|move|p2a: Arceus|Recover|p2a: Arceus\n|-heal|p2a: Arceus|94\/100\n|\n|upkeep\n|turn|9\n|\n|t:|1697404013\n|move|p2a: Arceus|Calm Mind|p2a: Arceus\n|-boost|p2a: Arceus|spa|1\n|-boost|p2a: Arceus|spd|1\n|move|p1a: Empoleon|Roar|p2a: Arceus\n|drag|p2a: Magearna|Magearna|100\/100\n|\n|upkeep\n|turn|10\n|c|\u2606UUbers account|it gets roar?\n|\n|t:|1697404030\n|move|p2a: Magearna|Spikes|p1a: Empoleon\n|-sidestart|p1: PTKmoekyuun|Spikes\n|move|p1a: Empoleon|Flip Turn|p2a: Magearna\n|-damage|p2a: Magearna|91\/100\n|\n|t:|1697404033\n|switch|p1a: Chi-Yu|Chi-Yu|100\/100|[from] Flip Turn\n|-status|p1a: Chi-Yu|psn\n|-damage|p1a: Chi-Yu|88\/100 psn|[from] Spikes\n|-ability|p1a: Chi-Yu|Beads of Ruin\n|\n|-heal|p2a: Magearna|97\/100|[from] item: Leftovers\n|-damage|p1a: Chi-Yu|76\/100 psn|[from] psn\n|upkeep\n|turn|11\n|j| GratedsShtickface\n|\n|t:|1697404048\n|switch|p2a: Hatterene|Hatterene, F|85\/100\n|move|p1a: Chi-Yu|Overheat|p2a: Hatterene\n|-damage|p2a: Hatterene|17\/100\n|-unboost|p1a: Chi-Yu|spa|2\n|\n|-damage|p1a: Chi-Yu|63\/100 psn|[from] psn\n|upkeep\n|turn|12\n|\n|t:|1697404054\n|switch|p1a: Greninja|Greninja, M|100\/100\n|move|p2a: Hatterene|Nuzzle|p1a: Greninja\n|-supereffective|p1a: Greninja\n|-damage|p1a: Greninja|88\/100\n|-status|p1a: Greninja|par\n|\n|upkeep\n|turn|13\n|\n|t:|1697404070\n|move|p1a: Greninja|Dark Pulse|p2a: Hatterene\n|-damage|p2a: Hatterene|0 fnt\n|faint|p2a: Hatterene\n|-ability|p1a: Greninja|Battle Bond|boost\n|-boost|p1a: Greninja|atk|1\n|-boost|p1a: Greninja|spa|1\n|-boost|p1a: Greninja|spe|1\n|-activate|p1a: Greninja|ability: Battle Bond\n|\n|upkeep\n|\n|t:|1697404088\n|switch|p2a: Arceus|Arceus-Dark|94\/100\n|turn|14\n|\n|t:|1697404090\n|move|p2a: Arceus|Calm Mind|p2a: Arceus\n|-boost|p2a: Arceus|spa|1\n|-boost|p2a: Arceus|spd|1\n|move|p1a: Greninja|Toxic Spikes|p2a: Arceus\n|-sidestart|p2: UUbers account|move: Toxic Spikes\n|\n|upkeep\n|turn|15\n|\n|t:|1697404095\n|move|p2a: Arceus|Calm Mind|p2a: Arceus\n|-boost|p2a: Arceus|spa|1\n|-boost|p2a: Arceus|spd|1\n|move|p1a: Greninja|U-turn|p2a: Arceus\n|-supereffective|p2a: Arceus\n|-crit|p2a: Arceus\n|-damage|p2a: Arceus|55\/100\n|\n|t:|1697404098\n|switch|p1a: Shaymin|Shaymin-Sky|100\/100|[from] U-turn\n|\n|upkeep\n|turn|16\n|\n|t:|1697404103\n|move|p1a: Shaymin|Air Slash|p2a: Arceus|[miss]\n|-miss|p1a: Shaymin|p2a: Arceus\n|move|p2a: Arceus|Judgment|p1a: Shaymin\n|-damage|p1a: Shaymin|0 fnt\n|faint|p1a: Shaymin\n|\n|upkeep\n|c|\u2606UUbers account|thank god\n|\n|t:|1697404110\n|switch|p1a: Gholdengo|Gholdengo|100\/100\n|-damage|p1a: Gholdengo|88\/100|[from] Spikes\n|turn|17\n|c|\u2606UUbers account|i have a bad history with skymin\n|\n|t:|1697404121\n|-terastallize|p1a: Gholdengo|Flying\n|move|p2a: Arceus|Recover|p2a: Arceus\n|-heal|p2a: Arceus|100\/100\n|move|p1a: Gholdengo|Thunder Wave|p2a: Arceus|[miss]\n|-miss|p1a: Gholdengo|p2a: Arceus\n|\n|-heal|p1a: Gholdengo|94\/100|[from] item: Leftovers\n|upkeep\n|turn|18\n|\n|t:|1697404130\n|move|p2a: Arceus|Judgment|p1a: Gholdengo\n|-damage|p1a: Gholdengo|0 fnt\n|faint|p1a: Gholdengo\n|\n|upkeep\n|c|\u2606PTKmoekyuun|GG\n|c|\u2606UUbers account|gg\n|-message|PTKmoekyuun forfeited.\n|\n|win|UUbers account\n|l|\u2606PTKmoekyuun\n|l| GratedsShtickface\n|c|\u2606UUbers account|sorry for that luck\n","uploadtime":1697404149,"views":24,"p1id":"ptkmoekyuun","p2id":"uubersaccount","formatid":"gen9ubers","rating":0,"private":0,"password":""}