{"id":"gen9ubers-1991549611","p1":"MeteorAsh15","p2":"jackbad","format":"[Gen 9] Ubers","log":"|j|\u2606MeteorAsh15\n|j|\u2606jackbad\n|t:|1700087349\n|gametype|singles\n|player|p1|MeteorAsh15|nate|1150\n|player|p2|jackbad|265|1087\n|teamsize|p1|6\n|teamsize|p2|6\n|gen|9\n|tier|[Gen 9] Ubers\n|rated|\n|rule|Sleep Clause Mod: Limit one foe put to sleep\n|rule|Species Clause: Limit one of each Pok\u00e9mon\n|rule|OHKO Clause: OHKO moves are banned\n|rule|Evasion Items Clause: Evasion items are banned\n|rule|Evasion Moves Clause: Evasion moves are banned\n|rule|Endless Battle Clause: Forcing endless battles is banned\n|rule|HP Percentage Mod: HP is shown in percentages\n|clearpoke\n|poke|p1|Baxcalibur, F|\n|poke|p1|Ninetales-Alola, F|\n|poke|p1|Koraidon|\n|poke|p1|Zacian-*|\n|poke|p1|Tornadus, M|\n|poke|p1|Ribombee, F|\n|poke|p2|Zacian-*|\n|poke|p2|Chi-Yu|\n|poke|p2|Palafin, F|\n|poke|p2|Baxcalibur, F|\n|poke|p2|Annihilape, M|\n|poke|p2|Kingambit, M|\n|teampreview\n|inactive|Battle timer is ON: inactive players will automatically lose when time's up. (requested by MeteorAsh15)\n|\n|t:|1700087361\n|start\n|switch|p1a: Ribombee|Ribombee, F, shiny|100\/100\n|switch|p2a: Palafin|Palafin, F|100\/100\n|turn|1\n|\n|t:|1700087367\n|move|p1a: Ribombee|Sticky Web|p2a: Palafin\n|-sidestart|p2: jackbad|move: Sticky Web\n|move|p2a: Palafin|Flip Turn|p1a: Ribombee\n|-damage|p1a: Ribombee|37\/100\n|\n|t:|1700087380\n|detailschange|p2a: Palafin|Palafin-Hero, F\n|switch|p2a: Chi-Yu|Chi-Yu|100\/100|[from] Flip Turn\n|-activate|p2a: Chi-Yu|move: Sticky Web\n|-unboost|p2a: Chi-Yu|spe|1\n|-ability|p2a: Chi-Yu|Beads of Ruin\n|\n|upkeep\n|turn|2\n|\n|t:|1700087389\n|switch|p2a: Palafin|Palafin-Hero, F|100\/100\n|-activate|p2a: Palafin|move: Sticky Web\n|-unboost|p2a: Palafin|spe|1\n|-activate|p2a: Palafin|ability: Zero to Hero\n|move|p1a: Ribombee|Stun Spore|p2a: Palafin\n|-status|p2a: Palafin|par\n|\n|upkeep\n|turn|3\n|\n|t:|1700087399\n|move|p1a: Ribombee|Tailwind|p1a: Ribombee\n|-sidestart|p1: MeteorAsh15|move: Tailwind\n|move|p2a: Palafin|Liquidation|p1a: Ribombee\n|-damage|p1a: Ribombee|0 fnt\n|faint|p1a: Ribombee\n|\n|upkeep\n|\n|t:|1700087410\n|switch|p1a: Koraidon|Koraidon|100\/100\n|-weather|SunnyDay|[from] ability: Orichalcum Pulse|[of] p1a: Koraidon\n|-activate|p1a: Koraidon|Orichalcum Pulse|[source]\n|turn|4\n|\n|t:|1700087423\n|switch|p2a: Zacian|Zacian-Crowned|100\/100\n|-activate|p2a: Zacian|move: Sticky Web\n|-unboost|p2a: Zacian|spe|1\n|-ability|p2a: Zacian|Intrepid Sword|boost\n|-boost|p2a: Zacian|atk|1\n|move|p1a: Koraidon|Collision Course|p2a: Zacian\n|-crit|p2a: Zacian\n|-damage|p2a: Zacian|0 fnt\n|faint|p2a: Zacian\n|\n|-weather|SunnyDay|[upkeep]\n|upkeep\n|\n|t:|1700087434\n|switch|p2a: Annihilape|Annihilape, M|100\/100\n|-activate|p2a: Annihilape|move: Sticky Web\n|-unboost|p2a: Annihilape|spe|1\n|-ability|p2a: Annihilape|Defiant|boost\n|-boost|p2a: Annihilape|atk|2\n|turn|5\n|\n|t:|1700087451\n|move|p1a: Koraidon|Flare Blitz|p2a: Annihilape\n|-damage|p2a: Annihilape|7\/100\n|-damage|p1a: Koraidon|68\/100|[from] Recoil\n|move|p2a: Annihilape|Close Combat|p1a: Koraidon\n|-damage|p1a: Koraidon|0 fnt\n|-unboost|p2a: Annihilape|def|1\n|-unboost|p2a: Annihilape|spd|1\n|faint|p1a: Koraidon\n|-damage|p2a: Annihilape|0 fnt|[from] item: Life Orb\n|faint|p2a: Annihilape\n|\n|-weather|SunnyDay|[upkeep]\n|upkeep\n|\n|t:|1700087465\n|switch|p1a: Zacian|Zacian-Crowned, shiny|100\/100\n|switch|p2a: Kingambit|Kingambit, M|100\/100\n|-ability|p1a: Zacian|Intrepid Sword|boost\n|-boost|p1a: Zacian|atk|1\n|-activate|p2a: Kingambit|move: Sticky Web\n|-unboost|p2a: Kingambit|spe|1\n|-activate|p2a: Kingambit|ability: Supreme Overlord\n|-start|p2a: Kingambit|fallen2|[silent]\n|turn|6\n|\n|t:|1700087477\n|move|p1a: Zacian|Sacred Sword|p2a: Kingambit\n|-supereffective|p2a: Kingambit\n|-damage|p2a: Kingambit|0 fnt\n|faint|p2a: Kingambit\n|-end|p2a: Kingambit|fallen2|[silent]\n|\n|-weather|SunnyDay|[upkeep]\n|-sideend|p1: MeteorAsh15|move: Tailwind\n|upkeep\n|\n|t:|1700087485\n|switch|p2a: Chi-Yu|Chi-Yu|100\/100\n|-activate|p2a: Chi-Yu|move: Sticky Web\n|-unboost|p2a: Chi-Yu|spe|1\n|-ability|p2a: Chi-Yu|Beads of Ruin\n|turn|7\n|\n|t:|1700087496\n|move|p1a: Zacian|Play Rough|p2a: Chi-Yu\n|-damage|p2a: Chi-Yu|0 fnt\n|faint|p2a: Chi-Yu\n|\n|-weather|SunnyDay|[upkeep]\n|upkeep\n|\n|t:|1700087504\n|switch|p2a: Palafin|Palafin-Hero, F|100\/100 par\n|-activate|p2a: Palafin|move: Sticky Web\n|-unboost|p2a: Palafin|spe|1\n|turn|8\n|\n|t:|1700087509\n|move|p1a: Zacian|Play Rough|p2a: Palafin\n|-damage|p2a: Palafin|20\/100 par\n|move|p2a: Palafin|Liquidation|p1a: Zacian\n|-damage|p1a: Zacian|67\/100\n|\n|-weather|none\n|upkeep\n|turn|9\n|-message|jackbad forfeited.\n|\n|win|MeteorAsh15\n|raw|MeteorAsh15's rating: 1150 &rarr; <strong>1171<\/strong><br \/>(+21 for winning)\n|raw|jackbad's rating: 1087 &rarr; <strong>1068<\/strong><br \/>(-19 for losing)\n|l|\u2606jackbad\n","uploadtime":1700087525,"views":5,"p1id":"meteorash15","p2id":"jackbad","formatid":"gen9ubers","rating":1068,"private":0,"password":""}