{"id":"gen9ubers-1997094466","p1":"Tyrranicle","p2":"CattictedVGC","format":"[Gen 9] Ubers","log":"|j|\u2606Tyrranicle\n|j|\u2606CattictedVGC\n|t:|1700763930\n|gametype|singles\n|player|p1|Tyrranicle|shauntal|1124\n|player|p2|CattictedVGC|cynthia|1243\n|teamsize|p1|6\n|teamsize|p2|6\n|gen|9\n|tier|[Gen 9] Ubers\n|rated|\n|rule|Sleep Clause Mod: Limit one foe put to sleep\n|rule|Species Clause: Limit one of each Pok\u00e9mon\n|rule|OHKO Clause: OHKO moves are banned\n|rule|Evasion Items Clause: Evasion items are banned\n|rule|Evasion Moves Clause: Evasion moves are banned\n|rule|Endless Battle Clause: Forcing endless battles is banned\n|rule|HP Percentage Mod: HP is shown in percentages\n|clearpoke\n|poke|p1|Kyogre|\n|poke|p1|Ribombee, M|\n|poke|p1|Arceus-Ground|\n|poke|p1|Gliscor, M|\n|poke|p1|Gholdengo|\n|poke|p1|Koraidon|\n|poke|p2|Kyogre|\n|poke|p2|Landorus, M|\n|poke|p2|Palafin, F|\n|poke|p2|Flutter Mane|\n|poke|p2|Regieleki|\n|poke|p2|Arceus-Fighting|\n|teampreview\n|inactive|Battle timer is ON: inactive players will automatically lose when time's up. (requested by CattictedVGC)\n|\n|t:|1700763942\n|start\n|switch|p1a: Arceus|Arceus-Ground|100\/100\n|switch|p2a: Regieleki|Regieleki|100\/100\n|turn|1\n|\n|t:|1700763958\n|switch|p2a: Landorus|Landorus, M|100\/100\n|move|p1a: Arceus|Earthquake|p2a: Landorus\n|-immune|p2a: Landorus\n|\n|upkeep\n|turn|2\n|\n|t:|1700763969\n|switch|p2a: Palafin|Palafin, F, shiny|100\/100\n|move|p1a: Arceus|Taunt|p2a: Palafin\n|-start|p2a: Palafin|move: Taunt\n|\n|upkeep\n|turn|3\n|\n|t:|1700763984\n|move|p1a: Arceus|Earthquake|p2a: Palafin\n|-damage|p2a: Palafin|30\/100\n|move|p2a: Palafin|Flip Turn|p1a: Arceus\n|-supereffective|p1a: Arceus\n|-damage|p1a: Arceus|46\/100\n|inactive|CattictedVGC has 120 seconds left.\n|\n|t:|1700764011\n|detailschange|p2a: Palafin|Palafin-Hero, F, shiny\n|switch|p2a: Flutter Mane|Flutter Mane|100\/100|[from] Flip Turn\n|-enditem|p2a: Flutter Mane|Booster Energy\n|-activate|p2a: Flutter Mane|ability: Protosynthesis|[fromitem]\n|-start|p2a: Flutter Mane|protosynthesisspe\n|\n|upkeep\n|turn|4\n|\n|t:|1700764017\n|move|p2a: Flutter Mane|Moonblast|p1a: Arceus\n|-damage|p1a: Arceus|8\/100\n|move|p1a: Arceus|Taunt|p2a: Flutter Mane\n|-start|p2a: Flutter Mane|move: Taunt\n|\n|upkeep\n|turn|5\n|\n|t:|1700764021\n|move|p2a: Flutter Mane|Moonblast|p1a: Arceus\n|-damage|p1a: Arceus|0 fnt\n|faint|p1a: Arceus\n|\n|upkeep\n|\n|t:|1700764030\n|switch|p1a: Ribombee|Ribombee, M|100\/100\n|turn|6\n|\n|t:|1700764042\n|move|p2a: Flutter Mane|Moonblast|p1a: Ribombee\n|-crit|p1a: Ribombee\n|-enditem|p1a: Ribombee|Focus Sash\n|-damage|p1a: Ribombee|1\/100\n|move|p1a: Ribombee|Sticky Web|p2a: Flutter Mane\n|-sidestart|p2: CattictedVGC|move: Sticky Web\n|\n|upkeep\n|turn|7\n|\n|t:|1700764055\n|move|p2a: Flutter Mane|Moonblast|p1a: Ribombee\n|-damage|p1a: Ribombee|0 fnt\n|faint|p1a: Ribombee\n|\n|-end|p2a: Flutter Mane|move: Taunt\n|upkeep\n|\n|t:|1700764067\n|switch|p1a: Gliscor|Gliscor, M|100\/100\n|turn|8\n|\n|t:|1700764072\n|move|p2a: Flutter Mane|Moonblast|p1a: Gliscor\n|-damage|p1a: Gliscor|34\/100\n|move|p1a: Gliscor|Toxic|p2a: Flutter Mane\n|-status|p2a: Flutter Mane|tox\n|\n|-damage|p2a: Flutter Mane|95\/100 tox|[from] psn\n|-status|p1a: Gliscor|tox|[from] item: Toxic Orb\n|upkeep\n|turn|9\n|\n|t:|1700764077\n|move|p1a: Gliscor|Protect|p1a: Gliscor\n|-singleturn|p1a: Gliscor|Protect\n|move|p2a: Flutter Mane|Calm Mind|p2a: Flutter Mane\n|-boost|p2a: Flutter Mane|spa|1\n|-boost|p2a: Flutter Mane|spd|1\n|\n|-damage|p2a: Flutter Mane|83\/100 tox|[from] psn\n|-heal|p1a: Gliscor|46\/100 tox|[from] ability: Poison Heal\n|upkeep\n|turn|10\n|\n|t:|1700764084\n|switch|p1a: Gholdengo|Gholdengo|100\/100\n|move|p2a: Flutter Mane|Moonblast|p1a: Gholdengo\n|-resisted|p1a: Gholdengo\n|-damage|p1a: Gholdengo|66\/100\n|\n|-heal|p1a: Gholdengo|72\/100|[from] item: Leftovers\n|-damage|p2a: Flutter Mane|65\/100 tox|[from] psn\n|upkeep\n|turn|11\n|\n|t:|1700764104\n|switch|p1a: Koraidon|Koraidon|100\/100\n|-weather|SunnyDay|[from] ability: Orichalcum Pulse|[of] p1a: Koraidon\n|-activate|p1a: Koraidon|Orichalcum Pulse|[source]\n|move|p2a: Flutter Mane|Shadow Ball|p1a: Koraidon\n|-damage|p1a: Koraidon|48\/100\n|\n|-weather|SunnyDay|[upkeep]\n|-heal|p1a: Koraidon|54\/100|[from] item: Leftovers\n|-damage|p2a: Flutter Mane|41\/100 tox|[from] psn\n|upkeep\n|turn|12\n|\n|t:|1700764116\n|move|p2a: Flutter Mane|Moonblast|p1a: Koraidon\n|-supereffective|p1a: Koraidon\n|-damage|p1a: Koraidon|0 fnt\n|faint|p1a: Koraidon\n|\n|-weather|SunnyDay|[upkeep]\n|-damage|p2a: Flutter Mane|11\/100 tox|[from] psn\n|upkeep\n|\n|t:|1700764119\n|switch|p1a: Gliscor|Gliscor, M|46\/100 tox\n|turn|13\n|\n|t:|1700764131\n|-end|p2a: Flutter Mane|Protosynthesis|[silent]\n|switch|p2a: Regieleki|Regieleki|100\/100\n|move|p1a: Gliscor|Protect||[still]\n|-fail|p1a: Gliscor\n|\n|-weather|SunnyDay|[upkeep]\n|-heal|p1a: Gliscor|58\/100 tox|[from] ability: Poison Heal\n|upkeep\n|turn|14\n|\n|t:|1700764136\n|move|p1a: Gliscor|Protect|p1a: Gliscor\n|-singleturn|p1a: Gliscor|Protect\n|move|p2a: Regieleki|Rapid Spin|p1a: Gliscor\n|-activate|p1a: Gliscor|move: Protect\n|\n|-weather|SunnyDay|[upkeep]\n|-heal|p1a: Gliscor|71\/100 tox|[from] ability: Poison Heal\n|upkeep\n|turn|15\n|\n|t:|1700764151\n|switch|p1a: Gholdengo|Gholdengo|72\/100\n|move|p2a: Regieleki|Thunder Wave|p1a: Gholdengo\n|-immune|p1a: Gholdengo|[from] ability: Good as Gold\n|\n|-weather|none\n|-heal|p1a: Gholdengo|79\/100|[from] item: Leftovers\n|upkeep\n|turn|16\n|\n|t:|1700764165\n|switch|p2a: Landorus|Landorus, M|100\/100\n|move|p1a: Gholdengo|Substitute|p1a: Gholdengo\n|-start|p1a: Gholdengo|Substitute\n|-damage|p1a: Gholdengo|54\/100\n|\n|-heal|p1a: Gholdengo|60\/100|[from] item: Leftovers\n|upkeep\n|turn|17\n|\n|t:|1700764173\n|switch|p2a: Kyogre|Kyogre|100\/100\n|-activate|p2a: Kyogre|move: Sticky Web\n|-unboost|p2a: Kyogre|spe|1\n|-weather|RainDance|[from] ability: Drizzle|[of] p2a: Kyogre\n|move|p1a: Gholdengo|Shadow Ball|p2a: Kyogre\n|-damage|p2a: Kyogre|70\/100\n|\n|-weather|RainDance|[upkeep]\n|-heal|p1a: Gholdengo|66\/100|[from] item: Leftovers\n|upkeep\n|turn|18\n|\n|t:|1700764184\n|move|p1a: Gholdengo|Thunder Wave|p2a: Kyogre\n|-status|p2a: Kyogre|par\n|move|p2a: Kyogre|Origin Pulse|p1a: Gholdengo|[miss]\n|-miss|p2a: Kyogre|p1a: Gholdengo\n|\n|-weather|RainDance|[upkeep]\n|-heal|p1a: Gholdengo|72\/100|[from] item: Leftovers\n|upkeep\n|turn|19\n|\n|t:|1700764193\n|move|p1a: Gholdengo|Shadow Ball|p2a: Kyogre\n|-damage|p2a: Kyogre|39\/100 par\n|move|p2a: Kyogre|Thunder|p1a: Gholdengo\n|-end|p1a: Gholdengo|Substitute\n|\n|-weather|RainDance|[upkeep]\n|-heal|p1a: Gholdengo|78\/100|[from] item: Leftovers\n|upkeep\n|turn|20\n|\n|t:|1700764198\n|move|p1a: Gholdengo|Substitute|p1a: Gholdengo\n|-start|p1a: Gholdengo|Substitute\n|-damage|p1a: Gholdengo|53\/100\n|move|p2a: Kyogre|Origin Pulse|p1a: Gholdengo\n|-end|p1a: Gholdengo|Substitute\n|\n|-weather|RainDance|[upkeep]\n|-heal|p1a: Gholdengo|59\/100|[from] item: Leftovers\n|upkeep\n|turn|21\n|\n|t:|1700764200\n|move|p1a: Gholdengo|Substitute|p1a: Gholdengo\n|-start|p1a: Gholdengo|Substitute\n|-damage|p1a: Gholdengo|34\/100\n|cant|p2a: Kyogre|par\n|\n|-weather|RainDance|[upkeep]\n|-heal|p1a: Gholdengo|40\/100|[from] item: Leftovers\n|upkeep\n|turn|22\n|\n|t:|1700764203\n|move|p1a: Gholdengo|Recover|p1a: Gholdengo\n|-heal|p1a: Gholdengo|90\/100\n|move|p2a: Kyogre|Thunder|p1a: Gholdengo\n|-end|p1a: Gholdengo|Substitute\n|\n|-weather|RainDance|[upkeep]\n|-heal|p1a: Gholdengo|97\/100|[from] item: Leftovers\n|upkeep\n|turn|23\n|\n|t:|1700764207\n|move|p1a: Gholdengo|Substitute|p1a: Gholdengo\n|-start|p1a: Gholdengo|Substitute\n|-damage|p1a: Gholdengo|72\/100\n|move|p2a: Kyogre|Thunder|p1a: Gholdengo\n|-end|p1a: Gholdengo|Substitute\n|\n|-weather|RainDance|[upkeep]\n|-heal|p1a: Gholdengo|78\/100|[from] item: Leftovers\n|upkeep\n|turn|24\n|\n|t:|1700764212\n|move|p1a: Gholdengo|Substitute|p1a: Gholdengo\n|-start|p1a: Gholdengo|Substitute\n|-damage|p1a: Gholdengo|53\/100\n|move|p2a: Kyogre|Thunder|p1a: Gholdengo\n|-end|p1a: Gholdengo|Substitute\n|\n|-weather|none\n|-heal|p1a: Gholdengo|59\/100|[from] item: Leftovers\n|upkeep\n|turn|25\n|\n|t:|1700764219\n|switch|p2a: Palafin|Palafin-Hero, F, shiny|30\/100\n|-activate|p2a: Palafin|move: Sticky Web\n|-unboost|p2a: Palafin|spe|1\n|-activate|p2a: Palafin|ability: Zero to Hero\n|move|p1a: Gholdengo|Substitute|p1a: Gholdengo\n|-start|p1a: Gholdengo|Substitute\n|-damage|p1a: Gholdengo|34\/100\n|\n|-heal|p1a: Gholdengo|40\/100|[from] item: Leftovers\n|upkeep\n|turn|26\n|\n|t:|1700764229\n|move|p1a: Gholdengo|Shadow Ball|p2a: Palafin\n|-damage|p2a: Palafin|0 fnt\n|faint|p2a: Palafin\n|\n|-heal|p1a: Gholdengo|46\/100|[from] item: Leftovers\n|upkeep\n|\n|t:|1700764232\n|switch|p2a: Kyogre|Kyogre|39\/100 par\n|-activate|p2a: Kyogre|move: Sticky Web\n|-unboost|p2a: Kyogre|spe|1\n|-weather|RainDance|[from] ability: Drizzle|[of] p2a: Kyogre\n|turn|27\n|\n|t:|1700764236\n|move|p1a: Gholdengo|Recover|p1a: Gholdengo\n|-heal|p1a: Gholdengo|96\/100\n|cant|p2a: Kyogre|par\n|\n|-weather|RainDance|[upkeep]\n|-heal|p1a: Gholdengo|100\/100|[from] item: Leftovers\n|upkeep\n|turn|28\n|\n|t:|1700764244\n|switch|p2a: Regieleki|Regieleki|100\/100\n|move|p1a: Gholdengo|Shadow Ball|p2a: Regieleki\n|-damage|p2a: Regieleki|10\/100\n|\n|-weather|RainDance|[upkeep]\n|upkeep\n|turn|29\n|\n|t:|1700764250\n|move|p2a: Regieleki|Thunder|p1a: Gholdengo\n|-end|p1a: Gholdengo|Substitute\n|move|p1a: Gholdengo|Shadow Ball|p2a: Regieleki\n|-damage|p2a: Regieleki|0 fnt\n|faint|p2a: Regieleki\n|\n|-weather|RainDance|[upkeep]\n|upkeep\n|\n|t:|1700764259\n|switch|p2a: Landorus|Landorus, M|100\/100\n|turn|30\n|\n|t:|1700764268\n|switch|p1a: Gliscor|Gliscor, M|71\/100 tox\n|move|p2a: Landorus|Sandsear Storm|p1a: Gliscor\n|-immune|p1a: Gliscor\n|\n|-weather|RainDance|[upkeep]\n|-heal|p1a: Gliscor|83\/100 tox|[from] ability: Poison Heal\n|upkeep\n|turn|31\n|\n|t:|1700764275\n|switch|p2a: Arceus|Arceus-Fighting|100\/100\n|-activate|p2a: Arceus|move: Sticky Web\n|-unboost|p2a: Arceus|spe|1\n|move|p1a: Gliscor|Spikes|p2a: Arceus\n|-sidestart|p2: CattictedVGC|Spikes\n|\n|-weather|RainDance|[upkeep]\n|-heal|p1a: Gliscor|96\/100 tox|[from] ability: Poison Heal\n|upkeep\n|turn|32\n|\n|t:|1700764284\n|move|p1a: Gliscor|Toxic|p2a: Arceus|[miss]\n|-miss|p1a: Gliscor|p2a: Arceus\n|move|p2a: Arceus|Iron Defense|p2a: Arceus\n|-boost|p2a: Arceus|def|2\n|\n|-weather|RainDance|[upkeep]\n|-heal|p1a: Gliscor|100\/100 tox|[from] ability: Poison Heal\n|upkeep\n|turn|33\n|\n|t:|1700764288\n|-terastallize|p2a: Arceus|Steel\n|move|p1a: Gliscor|Toxic|p2a: Arceus\n|-immune|p2a: Arceus\n|move|p2a: Arceus|Iron Defense|p2a: Arceus\n|-boost|p2a: Arceus|def|2\n|\n|-weather|RainDance|[upkeep]\n|upkeep\n|turn|34\n|\n|t:|1700764295\n|move|p1a: Gliscor|Earthquake|p2a: Arceus\n|-supereffective|p2a: Arceus\n|-damage|p2a: Arceus|88\/100\n|move|p2a: Arceus|Iron Defense|p2a: Arceus\n|-boost|p2a: Arceus|def|2\n|\n|-weather|none\n|upkeep\n|turn|35\n|\n|t:|1700764301\n|switch|p1a: Gholdengo|Gholdengo|100\/100\n|move|p2a: Arceus|Body Press|p1a: Gholdengo\n|-immune|p1a: Gholdengo\n|\n|upkeep\n|turn|36\n|\n|t:|1700764303\n|move|p1a: Gholdengo|Substitute|p1a: Gholdengo\n|-start|p1a: Gholdengo|Substitute\n|-damage|p1a: Gholdengo|76\/100\n|move|p2a: Arceus|Foul Play|p1a: Gholdengo\n|-supereffective|p1a: Gholdengo\n|-activate|p1a: Gholdengo|move: Substitute|[damage]\n|\n|-heal|p1a: Gholdengo|82\/100|[from] item: Leftovers\n|upkeep\n|turn|37\n|\n|t:|1700764308\n|move|p1a: Gholdengo|Thunder Wave|p2a: Arceus|[miss]\n|-miss|p1a: Gholdengo|p2a: Arceus\n|move|p2a: Arceus|Foul Play|p1a: Gholdengo\n|-supereffective|p1a: Gholdengo\n|-end|p1a: Gholdengo|Substitute\n|\n|-heal|p1a: Gholdengo|88\/100|[from] item: Leftovers\n|upkeep\n|turn|38\n|\n|t:|1700764311\n|move|p1a: Gholdengo|Substitute|p1a: Gholdengo\n|-start|p1a: Gholdengo|Substitute\n|-damage|p1a: Gholdengo|63\/100\n|move|p2a: Arceus|Foul Play|p1a: Gholdengo\n|-supereffective|p1a: Gholdengo\n|-activate|p1a: Gholdengo|move: Substitute|[damage]\n|\n|-heal|p1a: Gholdengo|69\/100|[from] item: Leftovers\n|upkeep\n|turn|39\n|\n|t:|1700764316\n|move|p1a: Gholdengo|Thunder Wave|p2a: Arceus\n|-status|p2a: Arceus|par\n|move|p2a: Arceus|Foul Play|p1a: Gholdengo\n|-supereffective|p1a: Gholdengo\n|-end|p1a: Gholdengo|Substitute\n|\n|-heal|p1a: Gholdengo|75\/100|[from] item: Leftovers\n|upkeep\n|turn|40\n|\n|t:|1700764320\n|move|p1a: Gholdengo|Substitute|p1a: Gholdengo\n|-start|p1a: Gholdengo|Substitute\n|-damage|p1a: Gholdengo|50\/100\n|move|p2a: Arceus|Foul Play|p1a: Gholdengo\n|-supereffective|p1a: Gholdengo\n|-activate|p1a: Gholdengo|move: Substitute|[damage]\n|\n|-heal|p1a: Gholdengo|56\/100|[from] item: Leftovers\n|upkeep\n|turn|41\n|\n|t:|1700764325\n|move|p1a: Gholdengo|Shadow Ball|p2a: Arceus\n|-damage|p2a: Arceus|55\/100 par\n|move|p2a: Arceus|Foul Play|p1a: Gholdengo\n|-supereffective|p1a: Gholdengo\n|-crit|p1a: Gholdengo\n|-end|p1a: Gholdengo|Substitute\n|\n|-heal|p1a: Gholdengo|62\/100|[from] item: Leftovers\n|upkeep\n|turn|42\n|\n|t:|1700764331\n|move|p1a: Gholdengo|Substitute|p1a: Gholdengo\n|-start|p1a: Gholdengo|Substitute\n|-damage|p1a: Gholdengo|38\/100\n|move|p2a: Arceus|Foul Play|p1a: Gholdengo\n|-supereffective|p1a: Gholdengo\n|-activate|p1a: Gholdengo|move: Substitute|[damage]\n|\n|-heal|p1a: Gholdengo|44\/100|[from] item: Leftovers\n|upkeep\n|turn|43\n|\n|t:|1700764339\n|move|p1a: Gholdengo|Shadow Ball|p2a: Arceus\n|-damage|p2a: Arceus|25\/100 par\n|cant|p2a: Arceus|par\n|\n|-heal|p1a: Gholdengo|50\/100|[from] item: Leftovers\n|upkeep\n|turn|44\n|\n|t:|1700764344\n|move|p1a: Gholdengo|Shadow Ball|p2a: Arceus\n|-damage|p2a: Arceus|0 fnt\n|faint|p2a: Arceus\n|\n|-heal|p1a: Gholdengo|56\/100|[from] item: Leftovers\n|upkeep\n|\n|t:|1700764347\n|switch|p2a: Flutter Mane|Flutter Mane|11\/100 tox\n|-activate|p2a: Flutter Mane|move: Sticky Web\n|-unboost|p2a: Flutter Mane|spe|1\n|-damage|p2a: Flutter Mane|0 fnt|[from] Spikes\n|faint|p2a: Flutter Mane\n|-end|p2a: Flutter Mane|Protosynthesis|[silent]\n|\n|t:|1700764350\n|switch|p2a: Landorus|Landorus, M|100\/100\n|turn|45\n|\n|t:|1700764359\n|move|p2a: Landorus|Focus Blast|p1a: Gholdengo\n|-immune|p1a: Gholdengo\n|move|p1a: Gholdengo|Shadow Ball|p2a: Landorus\n|-damage|p2a: Landorus|46\/100\n|-unboost|p2a: Landorus|spd|1\n|\n|-heal|p1a: Gholdengo|62\/100|[from] item: Leftovers\n|upkeep\n|turn|46\n|\n|t:|1700764368\n|move|p2a: Landorus|Sandsear Storm|p1a: Gholdengo|[miss]\n|-miss|p2a: Landorus|p1a: Gholdengo\n|move|p1a: Gholdengo|Shadow Ball|p2a: Landorus\n|-damage|p2a: Landorus|0 fnt\n|faint|p2a: Landorus\n|\n|-heal|p1a: Gholdengo|68\/100|[from] item: Leftovers\n|upkeep\n|\n|t:|1700764371\n|switch|p2a: Kyogre|Kyogre|39\/100 par\n|-activate|p2a: Kyogre|move: Sticky Web\n|-unboost|p2a: Kyogre|spe|1\n|-damage|p2a: Kyogre|26\/100 par|[from] Spikes\n|-weather|RainDance|[from] ability: Drizzle|[of] p2a: Kyogre\n|turn|47\n|c|\u2606Tyrranicle|gg\n|\n|t:|1700764375\n|move|p1a: Gholdengo|Shadow Ball|p2a: Kyogre\n|-damage|p2a: Kyogre|0 fnt\n|faint|p2a: Kyogre\n|\n|win|Tyrranicle\n|raw|Tyrranicle's rating: 1124 &rarr; <strong>1157<\/strong><br \/>(+33 for winning)\n|raw|CattictedVGC's rating: 1243 &rarr; <strong>1210<\/strong><br \/>(-33 for losing)\n|l|\u2606CattictedVGC\n","uploadtime":1700764380,"views":6,"p1id":"tyrranicle","p2id":"cattictedvgc","formatid":"gen9ubers","rating":1157,"private":0,"password":""}