{"id":"gen9ubers-1991472627","p1":"Anne Frankkkk","p2":"elizabeth80085","format":"[Gen 9] Ubers","log":"|j|\u2606Anne Frankkkk\n|j|\u2606elizabeth80085\n|t:|1700080123\n|gametype|singles\n|player|p1|Anne Frankkkk|hilbert|1195\n|player|p2|elizabeth80085|mela|1108\n|teamsize|p1|6\n|teamsize|p2|6\n|gen|9\n|tier|[Gen 9] Ubers\n|rated|\n|rule|Sleep Clause Mod: Limit one foe put to sleep\n|rule|Species Clause: Limit one of each Pok\u00e9mon\n|rule|OHKO Clause: OHKO moves are banned\n|rule|Evasion Items Clause: Evasion items are banned\n|rule|Evasion Moves Clause: Evasion moves are banned\n|rule|Endless Battle Clause: Forcing endless battles is banned\n|rule|HP Percentage Mod: HP is shown in percentages\n|clearpoke\n|poke|p1|Regieleki|\n|poke|p1|Kyogre|\n|poke|p1|Chien-Pao|\n|poke|p1|Ribombee, M|\n|poke|p1|Miraidon|\n|poke|p1|Flutter Mane|\n|poke|p2|Slither Wing|\n|poke|p2|Samurott-Hisui, F|\n|poke|p2|Mamoswine, F|\n|poke|p2|Yanmega, M|\n|poke|p2|Chi-Yu|\n|poke|p2|Muk-Alola, F|\n|teampreview\n|\n|t:|1700080130\n|start\n|switch|p1a: Moonblast|Ribombee, M, shiny|100\/100\n|switch|p2a: Muk|Muk-Alola, F|100\/100\n|turn|1\n|\n|t:|1700080144\n|move|p1a: Moonblast|Sticky Web|p2a: Muk\n|-sidestart|p2: elizabeth80085|move: Sticky Web\n|move|p2a: Muk|Gunk Shot|p1a: Moonblast\n|-supereffective|p1a: Moonblast\n|-enditem|p1a: Moonblast|Focus Sash\n|-damage|p1a: Moonblast|1\/100\n|\n|upkeep\n|turn|2\n|\n|t:|1700080151\n|move|p1a: Moonblast|Moonblast|p2a: Muk\n|-damage|p2a: Muk|79\/100\n|-unboost|p2a: Muk|spa|1\n|move|p2a: Muk|Knock Off|p1a: Moonblast\n|-resisted|p1a: Moonblast\n|-damage|p1a: Moonblast|0 fnt\n|faint|p1a: Moonblast\n|\n|upkeep\n|\n|t:|1700080179\n|switch|p1a: Regieleki|Regieleki, shiny|100\/100\n|turn|3\n|\n|t:|1700080182\n|move|p1a: Regieleki|Thunderbolt|p2a: Muk\n|-damage|p2a: Muk|49\/100\n|move|p2a: Muk|Knock Off|p1a: Regieleki\n|-damage|p1a: Regieleki|8\/100\n|-enditem|p1a: Regieleki|Focus Sash|[from] move: Knock Off|[of] p2a: Muk\n|\n|upkeep\n|turn|4\n|inactive|Battle timer is ON: inactive players will automatically lose when time's up. (requested by Anne Frankkkk)\n|\n|t:|1700080188\n|move|p1a: Regieleki|Thunderbolt|p2a: Muk\n|-damage|p2a: Muk|19\/100\n|move|p2a: Muk|Gunk Shot|p1a: Regieleki\n|-damage|p1a: Regieleki|0 fnt\n|faint|p1a: Regieleki\n|\n|upkeep\n|\n|t:|1700080194\n|switch|p1a: OHKO|Kyogre|100\/100\n|-weather|RainDance|[from] ability: Drizzle|[of] p1a: OHKO\n|turn|5\n|\n|t:|1700080197\n|move|p1a: OHKO|Water Spout|p2a: Muk\n|-damage|p2a: Muk|0 fnt\n|faint|p2a: Muk\n|\n|-weather|RainDance|[upkeep]\n|upkeep\n|\n|t:|1700080203\n|switch|p2a: Yanmega|Yanmega, M|100\/100\n|turn|6\n|\n|t:|1700080212\n|move|p2a: Yanmega|Protect|p2a: Yanmega\n|-singleturn|p2a: Yanmega|Protect\n|move|p1a: OHKO|Water Spout|p2a: Yanmega\n|-activate|p2a: Yanmega|move: Protect\n|\n|-weather|RainDance|[upkeep]\n|-ability|p2a: Yanmega|Speed Boost|boost\n|-boost|p2a: Yanmega|spe|1\n|upkeep\n|turn|7\n|\n|t:|1700080218\n|switch|p1a: Cyber Lizard|Miraidon|100\/100\n|-fieldstart|move: Electric Terrain|[from] ability: Hadron Engine|[of] p1a: Cyber Lizard\n|-item|p1a: Cyber Lizard|Air Balloon\n|move|p2a: Yanmega|Protect||[still]\n|-fail|p2a: Yanmega\n|\n|-weather|RainDance|[upkeep]\n|-ability|p2a: Yanmega|Speed Boost|boost\n|-boost|p2a: Yanmega|spe|1\n|upkeep\n|turn|8\n|\n|t:|1700080225\n|move|p2a: Yanmega|Bug Buzz|p1a: Cyber Lizard\n|-damage|p1a: Cyber Lizard|46\/100\n|-enditem|p1a: Cyber Lizard|Air Balloon\n|-damage|p2a: Yanmega|91\/100|[from] item: Life Orb\n|move|p1a: Cyber Lizard|Electro Drift|p2a: Yanmega\n|-supereffective|p2a: Yanmega\n|-damage|p2a: Yanmega|0 fnt\n|faint|p2a: Yanmega\n|\n|-weather|RainDance|[upkeep]\n|upkeep\n|\n|t:|1700080233\n|switch|p2a: Mamoswine|Mamoswine, F|100\/100\n|-activate|p2a: Mamoswine|move: Sticky Web\n|-unboost|p2a: Mamoswine|spe|1\n|turn|9\n|\n|t:|1700080238\n|move|p1a: Cyber Lizard|Dragon Pulse|p2a: Mamoswine\n|-crit|p2a: Mamoswine\n|-damage|p2a: Mamoswine|0 fnt\n|faint|p2a: Mamoswine\n|\n|-weather|none\n|upkeep\n|\n|t:|1700080245\n|switch|p2a: Slither Wing|Slither Wing|100\/100\n|-activate|p2a: Slither Wing|move: Sticky Web\n|-unboost|p2a: Slither Wing|spe|1\n|turn|10\n|\n|t:|1700080248\n|move|p2a: Slither Wing|First Impression|p1a: Cyber Lizard\n|-damage|p1a: Cyber Lizard|0 fnt\n|faint|p1a: Cyber Lizard\n|-damage|p2a: Slither Wing|91\/100|[from] item: Life Orb\n|\n|upkeep\n|\n|t:|1700080251\n|switch|p1a: OHKO|Kyogre|100\/100\n|-weather|RainDance|[from] ability: Drizzle|[of] p1a: OHKO\n|turn|11\n|\n|t:|1700080256\n|-end|p2a: Slither Wing|Protosynthesis|[silent]\n|switch|p2a: Samurott|Samurott-Hisui, F|100\/100\n|-activate|p2a: Samurott|move: Sticky Web\n|-unboost|p2a: Samurott|spe|1\n|move|p1a: OHKO|Water Spout|p2a: Samurott\n|-resisted|p2a: Samurott\n|-damage|p2a: Samurott|0 fnt\n|faint|p2a: Samurott\n|\n|-weather|RainDance|[upkeep]\n|-fieldend|move: Electric Terrain\n|upkeep\n|\n|t:|1700080261\n|switch|p2a: Slither Wing|Slither Wing|91\/100\n|-activate|p2a: Slither Wing|move: Sticky Web\n|-unboost|p2a: Slither Wing|spe|1\n|turn|12\n|\n|t:|1700080264\n|switch|p1a: Misdreavius|Flutter Mane, shiny|100\/100\n|-enditem|p1a: Misdreavius|Booster Energy\n|-activate|p1a: Misdreavius|ability: Protosynthesis|[fromitem]\n|-start|p1a: Misdreavius|protosynthesisspe\n|-terastallize|p2a: Slither Wing|Bug\n|move|p2a: Slither Wing|First Impression|p1a: Misdreavius\n|-resisted|p1a: Misdreavius\n|-damage|p1a: Misdreavius|50\/100\n|-damage|p2a: Slither Wing|81\/100|[from] item: Life Orb\n|\n|-weather|RainDance|[upkeep]\n|upkeep\n|turn|13\n|\n|t:|1700080272\n|move|p1a: Misdreavius|Power Gem|p2a: Slither Wing\n|-supereffective|p2a: Slither Wing\n|-damage|p2a: Slither Wing|20\/100\n|move|p2a: Slither Wing|Earthquake|p1a: Misdreavius\n|-damage|p1a: Misdreavius|0 fnt\n|faint|p1a: Misdreavius\n|-end|p1a: Misdreavius|Protosynthesis|[silent]\n|-damage|p2a: Slither Wing|10\/100|[from] item: Life Orb\n|\n|-weather|RainDance|[upkeep]\n|upkeep\n|\n|t:|1700080279\n|switch|p1a: Ice Cat|Chien-Pao|100\/100\n|-ability|p1a: Ice Cat|Sword of Ruin\n|turn|14\n|\n|t:|1700080282\n|-end|p2a: Slither Wing|Protosynthesis|[silent]\n|switch|p2a: Chi-Yu|Chi-Yu|100\/100\n|-ability|p2a: Chi-Yu|Beads of Ruin\n|move|p1a: Ice Cat|Sucker Punch||[still]\n|-fail|p1a: Ice Cat\n|\n|-weather|RainDance|[upkeep]\n|upkeep\n|turn|15\n|\n|t:|1700080289\n|move|p1a: Ice Cat|Sacred Sword|p2a: Chi-Yu\n|-supereffective|p2a: Chi-Yu\n|-damage|p2a: Chi-Yu|0 fnt\n|faint|p2a: Chi-Yu\n|\n|-weather|none\n|upkeep\n|\n|t:|1700080292\n|switch|p2a: Slither Wing|Slither Wing, tera:Bug|10\/100\n|-activate|p2a: Slither Wing|move: Sticky Web\n|-unboost|p2a: Slither Wing|spe|1\n|turn|16\n|\n|t:|1700080294\n|move|p2a: Slither Wing|First Impression|p1a: Ice Cat\n|-supereffective|p1a: Ice Cat\n|-enditem|p1a: Ice Cat|Focus Sash\n|-damage|p1a: Ice Cat|1\/100\n|-damage|p2a: Slither Wing|0 fnt|[from] item: Life Orb\n|faint|p2a: Slither Wing\n|-end|p2a: Slither Wing|Protosynthesis|[silent]\n|\n|win|Anne Frankkkk\n|raw|Anne Frankkkk's rating: 1195 &rarr; <strong>1214<\/strong><br \/>(+19 for winning)\n|raw|elizabeth80085's rating: 1108 &rarr; <strong>1089<\/strong><br \/>(-19 for losing)\n|l|\u2606elizabeth80085\n","uploadtime":1700080303,"views":7,"p1id":"annefrankkkk","p2id":"elizabeth80085","formatid":"gen9ubers","rating":1089,"private":0,"password":""}