{"id":"gen9ubers-1968591678","p1":"HomIsCool","p2":"EternalJourney","format":"[Gen 9] Ubers","log":"|j|\u2606HomIsCool\n|j|\u2606EternalJourney\n|t:|1697438837\n|gametype|singles\n|player|p1|HomIsCool|265|1018\n|player|p2|EternalJourney|hoopster|1143\n|teamsize|p1|6\n|teamsize|p2|6\n|gen|9\n|tier|[Gen 9] Ubers\n|rated|\n|rule|Sleep Clause Mod: Limit one foe put to sleep\n|rule|Species Clause: Limit one of each Pok\u00e9mon\n|rule|OHKO Clause: OHKO moves are banned\n|rule|Evasion Items Clause: Evasion items are banned\n|rule|Evasion Moves Clause: Evasion moves are banned\n|rule|Endless Battle Clause: Forcing endless battles is banned\n|rule|HP Percentage Mod: HP is shown in percentages\n|clearpoke\n|poke|p1|Kingambit, M|\n|poke|p1|Clodsire, M|\n|poke|p1|Mimikyu, M|\n|poke|p1|Espathra, M|\n|poke|p1|Cyclizar, F|\n|poke|p1|Ting-Lu|\n|poke|p2|Koraidon|\n|poke|p2|Ogerpon-Hearthflame, F|\n|poke|p2|Flutter Mane|\n|poke|p2|Walking Wake|\n|poke|p2|Great Tusk|\n|poke|p2|Kingambit, M|\n|teampreview\n|inactive|Battle timer is ON: inactive players will automatically lose when time's up. (requested by EternalJourney)\n|\n|t:|1697438852\n|start\n|switch|p1a: Death Fotter|Cyclizar, F|100\/100\n|switch|p2a: Koraidon|Koraidon|100\/100\n|-weather|SunnyDay|[from] ability: Orichalcum Pulse|[of] p2a: Koraidon\n|-activate|p2a: Koraidon|Orichalcum Pulse|[source]\n|turn|1\n|\n|t:|1697438862\n|move|p2a: Koraidon|Collision Course|p1a: Death Fotter\n|-supereffective|p1a: Death Fotter\n|-damage|p1a: Death Fotter|0 fnt\n|faint|p1a: Death Fotter\n|\n|-weather|SunnyDay|[upkeep]\n|upkeep\n|\n|t:|1697438870\n|switch|p1a: Scary boi|Espathra, M|100\/100\n|turn|2\n|\n|t:|1697438875\n|switch|p2a: Kingambit|Kingambit, M|100\/100\n|move|p1a: Scary boi|Calm Mind|p1a: Scary boi\n|-boost|p1a: Scary boi|spa|1\n|-boost|p1a: Scary boi|spd|1\n|\n|-weather|SunnyDay|[upkeep]\n|-ability|p1a: Scary boi|Speed Boost|boost\n|-boost|p1a: Scary boi|spe|1\n|upkeep\n|turn|3\n|\n|t:|1697438883\n|move|p1a: Scary boi|Protect|p1a: Scary boi\n|-singleturn|p1a: Scary boi|Protect\n|move|p2a: Kingambit|Swords Dance|p2a: Kingambit\n|-boost|p2a: Kingambit|atk|2\n|\n|-weather|SunnyDay|[upkeep]\n|-ability|p1a: Scary boi|Speed Boost|boost\n|-boost|p1a: Scary boi|spe|1\n|upkeep\n|turn|4\n|\n|t:|1697438891\n|move|p1a: Scary boi|Calm Mind|p1a: Scary boi\n|-boost|p1a: Scary boi|spa|1\n|-boost|p1a: Scary boi|spd|1\n|move|p2a: Kingambit|Swords Dance|p2a: Kingambit\n|-boost|p2a: Kingambit|atk|2\n|\n|-weather|SunnyDay|[upkeep]\n|-ability|p1a: Scary boi|Speed Boost|boost\n|-boost|p1a: Scary boi|spe|1\n|upkeep\n|turn|5\n|\n|t:|1697438901\n|move|p2a: Kingambit|Sucker Punch|p1a: Scary boi\n|-supereffective|p1a: Scary boi\n|-damage|p1a: Scary boi|0 fnt\n|faint|p1a: Scary boi\n|\n|-weather|none\n|upkeep\n|\n|t:|1697438913\n|switch|p1a: Peebo|Mimikyu, M, shiny|100\/100\n|turn|6\n|\n|t:|1697438923\n|move|p1a: Peebo|Swords Dance|p1a: Peebo\n|-boost|p1a: Peebo|atk|2\n|move|p2a: Kingambit|Iron Head|p1a: Peebo\n|-activate|p1a: Peebo|ability: Disguise\n|-damage|p1a: Peebo|100\/100\n|detailschange|p1a: Peebo|Mimikyu-Busted, M, shiny\n|-damage|p1a: Peebo|88\/100|[from] pokemon: Mimikyu-Busted\n|-enditem|p1a: Peebo|Red Card|[of] p2a: Kingambit\n|-end|p2a: Kingambit|fallenundefined|[silent]\n|drag|p2a: Flutter Mane|Flutter Mane|100\/100\n|\n|upkeep\n|turn|7\n|\n|t:|1697438937\n|move|p2a: Flutter Mane|Shadow Ball|p1a: Peebo\n|-supereffective|p1a: Peebo\n|-damage|p1a: Peebo|0 fnt\n|faint|p1a: Peebo\n|\n|upkeep\n|\n|t:|1697438944\n|switch|p1a: Clod-Boi :3|Clodsire, M, shiny|100\/100\n|turn|8\n|\n|t:|1697438951\n|-end|p2a: Flutter Mane|Protosynthesis|[silent]\n|switch|p2a: Great Tusk|Great Tusk|100\/100\n|-enditem|p2a: Great Tusk|Booster Energy\n|-activate|p2a: Great Tusk|ability: Protosynthesis|[fromitem]\n|-start|p2a: Great Tusk|protosynthesisspe\n|move|p1a: Clod-Boi :3|Stealth Rock|p2a: Great Tusk\n|-sidestart|p2: EternalJourney|move: Stealth Rock\n|\n|upkeep\n|turn|9\n|\n|t:|1697438960\n|move|p2a: Great Tusk|Headlong Rush|p1a: Clod-Boi :3\n|-supereffective|p1a: Clod-Boi :3\n|-damage|p1a: Clod-Boi :3|0 fnt\n|-unboost|p2a: Great Tusk|def|1\n|-unboost|p2a: Great Tusk|spd|1\n|faint|p1a: Clod-Boi :3\n|\n|upkeep\n|\n|t:|1697438967\n|switch|p1a: Mewo >:3|Ting-Lu|100\/100\n|-ability|p1a: Mewo >:3|Vessel of Ruin\n|turn|10\n|\n|t:|1697438975\n|move|p2a: Great Tusk|Rapid Spin|p1a: Mewo >:3\n|-damage|p1a: Mewo >:3|93\/100\n|-boost|p2a: Great Tusk|spe|1\n|-sideend|p2: EternalJourney|Stealth Rock|[from] move: Rapid Spin|[of] p2a: Great Tusk\n|move|p1a: Mewo >:3|Earthquake|p2a: Great Tusk\n|-damage|p2a: Great Tusk|53\/100\n|\n|-heal|p1a: Mewo >:3|99\/100|[from] item: Leftovers\n|upkeep\n|turn|11\n|\n|t:|1697438988\n|-end|p2a: Great Tusk|Protosynthesis|[silent]\n|switch|p2a: Koraidon|Koraidon|100\/100\n|-weather|SunnyDay|[from] ability: Orichalcum Pulse|[of] p2a: Koraidon\n|-activate|p2a: Koraidon|Orichalcum Pulse|[source]\n|move|p1a: Mewo >:3|Earthquake|p2a: Koraidon\n|-damage|p2a: Koraidon|60\/100\n|\n|-weather|SunnyDay|[upkeep]\n|-heal|p1a: Mewo >:3|100\/100|[from] item: Leftovers\n|upkeep\n|turn|12\n|\n|t:|1697438997\n|move|p2a: Koraidon|Collision Course|p1a: Mewo >:3\n|-supereffective|p1a: Mewo >:3\n|-damage|p1a: Mewo >:3|0 fnt\n|faint|p1a: Mewo >:3\n|\n|-weather|SunnyDay|[upkeep]\n|upkeep\n|\n|t:|1697439005\n|switch|p1a: Big Boi! >:D|Kingambit, M|100\/100\n|-activate|p1a: Big Boi! >:D|ability: Supreme Overlord\n|-start|p1a: Big Boi! >:D|fallen5|[silent]\n|turn|13\n|\n|t:|1697439010\n|-terastallize|p1a: Big Boi! >:D|Dark\n|move|p1a: Big Boi! >:D|Sucker Punch|p2a: Koraidon\n|-resisted|p2a: Koraidon\n|-damage|p2a: Koraidon|29\/100\n|move|p2a: Koraidon|Collision Course|p1a: Big Boi! >:D\n|-supereffective|p1a: Big Boi! >:D\n|-damage|p1a: Big Boi! >:D|0 fnt\n|faint|p1a: Big Boi! >:D\n|-end|p1a: Big Boi! >:D|fallen5|[silent]\n|\n|win|EternalJourney\n|raw|HomIsCool's rating: 1018 &rarr; <strong>1010<\/strong><br \/>(-8 for losing)\n|raw|EternalJourney's rating: 1143 &rarr; <strong>1159<\/strong><br \/>(+16 for winning)\n|l|\u2606HomIsCool\n","uploadtime":1697439030,"views":17,"p1id":"homiscool","p2id":"eternaljourney","formatid":"gen9ubers","rating":1010,"private":0,"password":""}