{"id":"gen9ubers-1999578382","p1":"TTeTyLLloK","p2":"Cetery","format":"[Gen 9] Ubers","log":"|j|\u2606TTeTyLLloK\n|j|\u2606Cetery\n|t:|1701097980\n|gametype|singles\n|player|p1|TTeTyLLloK|bruno|\n|player|p2|Cetery|265|\n|teamsize|p1|6\n|teamsize|p2|6\n|gen|9\n|tier|[Gen 9] Ubers\n|rule|Sleep Clause Mod: Limit one foe put to sleep\n|rule|Species Clause: Limit one of each Pok\u00e9mon\n|rule|OHKO Clause: OHKO moves are banned\n|rule|Evasion Items Clause: Evasion items are banned\n|rule|Evasion Moves Clause: Evasion moves are banned\n|rule|Endless Battle Clause: Forcing endless battles is banned\n|rule|HP Percentage Mod: HP is shown in percentages\n|clearpoke\n|poke|p1|Calyrex-Ice|\n|poke|p1|Kyogre|\n|poke|p1|Arceus-Water|\n|poke|p1|Dialga|\n|poke|p1|Landorus-Therian, M|\n|poke|p1|Rayquaza|\n|poke|p2|Arceus-Ghost|\n|poke|p2|Lilligant-Hisui, F|\n|poke|p2|Groudon|\n|poke|p2|Miraidon|\n|poke|p2|Grimmsnarl, M|\n|poke|p2|Rillaboom, F|\n|teampreview\n|inactive|Battle timer is ON: inactive players will automatically lose when time's up. (requested by TTeTyLLloK)\n|\n|t:|1701097988\n|start\n|switch|p1a: Rayquaza|Rayquaza|100\/100\n|switch|p2a: Grimmsnarl|Grimmsnarl, M|100\/100\n|-ability|p1a: Rayquaza|Air Lock\n|turn|1\n|\n|t:|1701097992\n|move|p2a: Grimmsnarl|Thunder Wave|p1a: Rayquaza\n|-status|p1a: Rayquaza|par\n|move|p1a: Rayquaza|Stealth Rock|p2a: Grimmsnarl\n|-sidestart|p2: Cetery|move: Stealth Rock\n|\n|upkeep\n|turn|2\n|\n|t:|1701098001\n|switch|p1a: Dialga|Dialga|100\/100\n|-ability|p1a: Dialga|Pressure\n|move|p2a: Grimmsnarl|Reflect|p2a: Grimmsnarl\n|-sidestart|p2: Cetery|Reflect\n|\n|upkeep\n|turn|3\n|\n|t:|1701098005\n|move|p2a: Grimmsnarl|Light Screen|p2a: Grimmsnarl\n|-sidestart|p2: Cetery|move: Light Screen\n|move|p1a: Dialga|Flash Cannon|p2a: Grimmsnarl\n|-supereffective|p2a: Grimmsnarl\n|-damage|p2a: Grimmsnarl|50\/100\n|\n|upkeep\n|turn|4\n|\n|t:|1701098008\n|move|p2a: Grimmsnarl|Parting Shot|p1a: Dialga\n|-unboost|p1a: Dialga|atk|1\n|-unboost|p1a: Dialga|spa|1\n|\n|t:|1701098011\n|switch|p2a: Arceus|Arceus-Ghost, shiny|100\/100|[from] Parting Shot\n|-damage|p2a: Arceus|88\/100|[from] Stealth Rock\n|move|p1a: Dialga|Draco Meteor|p2a: Arceus\n|-damage|p2a: Arceus|70\/100\n|-unboost|p1a: Dialga|spa|2\n|\n|upkeep\n|turn|5\n|\n|t:|1701098027\n|switch|p1a: Kyogre|Kyogre|100\/100\n|-weather|RainDance|[from] ability: Drizzle|[of] p1a: Kyogre\n|move|p2a: Arceus|Swords Dance|p2a: Arceus\n|-boost|p2a: Arceus|atk|2\n|\n|-weather|RainDance|[upkeep]\n|upkeep\n|turn|6\n|\n|t:|1701098035\n|-terastallize|p2a: Arceus|Normal\n|move|p2a: Arceus|Extreme Speed|p1a: Kyogre\n|-damage|p1a: Kyogre|9\/100\n|move|p1a: Kyogre|Origin Pulse|p2a: Arceus\n|-damage|p2a: Arceus|35\/100\n|\n|-weather|RainDance|[upkeep]\n|upkeep\n|turn|7\n|\n|t:|1701098052\n|-terastallize|p1a: Kyogre|Water\n|move|p2a: Arceus|Extreme Speed|p1a: Kyogre\n|-damage|p1a: Kyogre|0 fnt\n|faint|p1a: Kyogre\n|\n|-weather|RainDance|[upkeep]\n|upkeep\n|c|\u2606Cetery|\u0430\u0447\u0435\n|\n|t:|1701098062\n|switch|p1a: Dialga|Dialga|100\/100\n|-ability|p1a: Dialga|Pressure\n|turn|8\n|\n|t:|1701098073\n|move|p2a: Arceus|Recover|p2a: Arceus\n|-heal|p2a: Arceus|85\/100\n|move|p1a: Dialga|Flash Cannon|p2a: Arceus\n|-damage|p2a: Arceus|67\/100\n|\n|-weather|RainDance|[upkeep]\n|upkeep\n|turn|9\n|\n|t:|1701098081\n|move|p2a: Arceus|Earthquake|p1a: Dialga\n|-supereffective|p1a: Dialga\n|-damage|p1a: Dialga|0 fnt\n|faint|p1a: Dialga\n|\n|-weather|none\n|-sideend|p2: Cetery|Reflect\n|upkeep\n|\n|t:|1701098087\n|switch|p1a: Landorus|Landorus-Therian, M|100\/100\n|-ability|p1a: Landorus|Intimidate|boost\n|-unboost|p2a: Arceus|atk|1\n|turn|10\n|\n|t:|1701098094\n|move|p1a: Landorus|Earthquake|p2a: Arceus\n|-damage|p2a: Arceus|31\/100\n|move|p2a: Arceus|Recover|p2a: Arceus\n|-heal|p2a: Arceus|81\/100\n|\n|-sideend|p2: Cetery|move: Light Screen\n|upkeep\n|turn|11\n|\n|t:|1701098099\n|switch|p1a: Rayquaza|Rayquaza|100\/100 par\n|-ability|p1a: Rayquaza|Air Lock\n|move|p2a: Arceus|Swords Dance|p2a: Arceus\n|-boost|p2a: Arceus|atk|2\n|\n|upkeep\n|turn|12\n|\n|t:|1701098103\n|move|p2a: Arceus|Extreme Speed|p1a: Rayquaza\n|-enditem|p1a: Rayquaza|Focus Sash\n|-damage|p1a: Rayquaza|1\/100 par\n|move|p1a: Rayquaza|Dragon Ascent|p2a: Arceus\n|-damage|p2a: Arceus|32\/100\n|-unboost|p1a: Rayquaza|def|1\n|-unboost|p1a: Rayquaza|spd|1\n|\n|upkeep\n|turn|13\n|\n|t:|1701098109\n|move|p2a: Arceus|Extreme Speed|p1a: Rayquaza\n|-damage|p1a: Rayquaza|0 fnt\n|faint|p1a: Rayquaza\n|\n|upkeep\n|\n|t:|1701098112\n|switch|p1a: Calyrex|Calyrex-Ice|100\/100\n|-ability|p1a: Calyrex|As One\n|-ability|p1a: Calyrex|Unnerve\n|turn|14\n|\n|t:|1701098117\n|move|p2a: Arceus|Earthquake|p1a: Calyrex\n|-damage|p1a: Calyrex|48\/100\n|move|p1a: Calyrex|Glacial Lance|p2a: Arceus\n|-damage|p2a: Arceus|0 fnt\n|faint|p2a: Arceus\n|-ability|p1a: Calyrex|Chilling Neigh|boost\n|-boost|p1a: Calyrex|atk|1\n|\n|-heal|p1a: Calyrex|54\/100|[from] item: Leftovers\n|upkeep\n|\n|t:|1701098138\n|switch|p2a: Groudon|Groudon, shiny|100\/100\n|-damage|p2a: Groudon|94\/100|[from] Stealth Rock\n|-weather|SunnyDay|[from] ability: Drought|[of] p2a: Groudon\n|turn|15\n|\n|t:|1701098150\n|switch|p1a: Arceus|Arceus-Water|100\/100\n|move|p2a: Groudon|Precipice Blades|p1a: Arceus\n|-damage|p1a: Arceus|65\/100\n|\n|-weather|SunnyDay|[upkeep]\n|upkeep\n|turn|16\n|\n|t:|1701098154\n|move|p1a: Arceus|Judgment|p2a: Groudon\n|-supereffective|p2a: Groudon\n|-damage|p2a: Groudon|47\/100\n|move|p2a: Groudon|Stealth Rock|p1a: Arceus\n|-sidestart|p1: TTeTyLLloK|move: Stealth Rock\n|\n|-weather|SunnyDay|[upkeep]\n|upkeep\n|turn|17\n|\n|t:|1701098160\n|switch|p2a: Rillaboom|Rillaboom, F|100\/100\n|-damage|p2a: Rillaboom|88\/100|[from] Stealth Rock\n|-fieldstart|move: Grassy Terrain|[from] ability: Grassy Surge|[of] p2a: Rillaboom\n|move|p1a: Arceus|Recover|p1a: Arceus\n|-heal|p1a: Arceus|100\/100\n|\n|-weather|SunnyDay|[upkeep]\n|-heal|p2a: Rillaboom|94\/100|[from] Grassy Terrain\n|upkeep\n|turn|18\n|\n|t:|1701098167\n|switch|p1a: Landorus|Landorus-Therian, M|100\/100\n|-damage|p1a: Landorus|88\/100|[from] Stealth Rock\n|-ability|p1a: Landorus|Intimidate|boost\n|-unboost|p2a: Rillaboom|atk|1\n|move|p2a: Rillaboom|Grassy Glide|p1a: Landorus\n|-damage|p1a: Landorus|45\/100\n|\n|-weather|SunnyDay|[upkeep]\n|-heal|p2a: Rillaboom|100\/100|[from] Grassy Terrain\n|upkeep\n|turn|19\n|\n|t:|1701098178\n|switch|p2a: Grimmsnarl|Grimmsnarl, M|50\/100\n|-damage|p2a: Grimmsnarl|38\/100|[from] Stealth Rock\n|move|p1a: Landorus|U-turn|p2a: Grimmsnarl\n|-damage|p2a: Grimmsnarl|12\/100\n|\n|t:|1701098185\n|switch|p1a: Calyrex|Calyrex-Ice|54\/100|[from] U-turn\n|-ability|p1a: Calyrex|As One\n|-ability|p1a: Calyrex|Unnerve\n|-damage|p1a: Calyrex|29\/100|[from] Stealth Rock\n|\n|-weather|SunnyDay|[upkeep]\n|-heal|p2a: Grimmsnarl|18\/100|[from] Grassy Terrain\n|-heal|p1a: Calyrex|35\/100|[from] Grassy Terrain\n|-heal|p1a: Calyrex|42\/100|[from] item: Leftovers\n|upkeep\n|turn|20\n|\n|t:|1701098190\n|move|p2a: Grimmsnarl|Reflect|p2a: Grimmsnarl\n|-sidestart|p2: Cetery|Reflect\n|move|p1a: Calyrex|Trick Room|p1a: Calyrex\n|-fieldstart|move: Trick Room|[of] p1a: Calyrex\n|\n|-weather|SunnyDay|[upkeep]\n|-heal|p1a: Calyrex|48\/100|[from] Grassy Terrain\n|-heal|p1a: Calyrex|54\/100|[from] item: Leftovers\n|-heal|p2a: Grimmsnarl|24\/100|[from] Grassy Terrain\n|upkeep\n|turn|21\n|\n|t:|1701098194\n|move|p2a: Grimmsnarl|Thunder Wave|p1a: Calyrex\n|-status|p1a: Calyrex|par\n|move|p1a: Calyrex|Glacial Lance|p2a: Grimmsnarl\n|-damage|p2a: Grimmsnarl|0 fnt\n|faint|p2a: Grimmsnarl\n|-ability|p1a: Calyrex|Chilling Neigh|boost\n|-boost|p1a: Calyrex|atk|1\n|\n|-weather|SunnyDay|[upkeep]\n|-heal|p1a: Calyrex|60\/100 par|[from] Grassy Terrain\n|-heal|p1a: Calyrex|66\/100 par|[from] item: Leftovers\n|-fieldend|move: Grassy Terrain\n|upkeep\n|\n|t:|1701098207\n|switch|p2a: Groudon|Groudon, shiny|47\/100\n|-damage|p2a: Groudon|41\/100|[from] Stealth Rock\n|turn|22\n|\n|t:|1701098209\n|cant|p1a: Calyrex|par\n|move|p2a: Groudon|Precipice Blades|p1a: Calyrex\n|-damage|p1a: Calyrex|23\/100 par\n|\n|-weather|none\n|-heal|p1a: Calyrex|29\/100 par|[from] item: Leftovers\n|upkeep\n|turn|23\n|\n|t:|1701098215\n|move|p1a: Calyrex|Glacial Lance|p2a: Groudon\n|-supereffective|p2a: Groudon\n|-damage|p2a: Groudon|0 fnt\n|faint|p2a: Groudon\n|-ability|p1a: Calyrex|Chilling Neigh|boost\n|-boost|p1a: Calyrex|atk|1\n|\n|-heal|p1a: Calyrex|35\/100 par|[from] item: Leftovers\n|upkeep\n|\n|t:|1701098224\n|switch|p2a: Lilligant|Lilligant-Hisui, F, shiny|100\/100\n|-damage|p2a: Lilligant|94\/100|[from] Stealth Rock\n|turn|24\n|\n|t:|1701098228\n|move|p2a: Lilligant|Protect|p2a: Lilligant\n|-singleturn|p2a: Lilligant|Protect\n|cant|p1a: Calyrex|par\n|\n|-heal|p1a: Calyrex|41\/100 par|[from] item: Leftovers\n|-fieldend|move: Trick Room\n|upkeep\n|turn|25\n|\n|t:|1701098231\n|move|p2a: Lilligant|Close Combat|p1a: Calyrex\n|-damage|p1a: Calyrex|7\/100 par\n|-unboost|p2a: Lilligant|def|1\n|-unboost|p2a: Lilligant|spd|1\n|cant|p1a: Calyrex|par\n|\n|-heal|p1a: Calyrex|14\/100 par|[from] item: Leftovers\n|upkeep\n|turn|26\n|\n|t:|1701098235\n|move|p1a: Calyrex|Protect|p1a: Calyrex\n|-singleturn|p1a: Calyrex|Protect\n|move|p2a: Lilligant|Close Combat|p1a: Calyrex\n|-activate|p1a: Calyrex|move: Protect\n|\n|-heal|p1a: Calyrex|20\/100 par|[from] item: Leftovers\n|upkeep\n|turn|27\n|\n|t:|1701098240\n|move|p2a: Lilligant|Close Combat|p1a: Calyrex\n|-damage|p1a: Calyrex|0 fnt\n|-unboost|p2a: Lilligant|def|1\n|-unboost|p2a: Lilligant|spd|1\n|faint|p1a: Calyrex\n|\n|-sideend|p2: Cetery|Reflect\n|upkeep\n|\n|t:|1701098248\n|switch|p1a: Landorus|Landorus-Therian, M|45\/100\n|-damage|p1a: Landorus|32\/100|[from] Stealth Rock\n|-ability|p1a: Landorus|Intimidate|boost\n|-unboost|p2a: Lilligant|atk|1\n|turn|28\n|\n|t:|1701098251\n|move|p1a: Landorus|U-turn|p2a: Lilligant\n|-damage|p2a: Lilligant|8\/100\n|\n|t:|1701098253\n|switch|p1a: Arceus|Arceus-Water|100\/100|[from] U-turn\n|-damage|p1a: Arceus|88\/100|[from] Stealth Rock\n|move|p2a: Lilligant|Leaf Blade|p1a: Arceus\n|-supereffective|p1a: Arceus\n|-damage|p1a: Arceus|61\/100\n|\n|upkeep\n|turn|29\n|\n|t:|1701098258\n|move|p2a: Lilligant|Leaf Blade|p1a: Arceus\n|-supereffective|p1a: Arceus\n|-damage|p1a: Arceus|35\/100\n|move|p1a: Arceus|Recover|p1a: Arceus\n|-heal|p1a: Arceus|85\/100\n|\n|upkeep\n|turn|30\n|\n|t:|1701098262\n|move|p2a: Lilligant|Leaf Blade|p1a: Arceus\n|-supereffective|p1a: Arceus\n|-damage|p1a: Arceus|58\/100\n|move|p1a: Arceus|Judgment|p2a: Lilligant\n|-resisted|p2a: Lilligant\n|-crit|p2a: Lilligant\n|-damage|p2a: Lilligant|0 fnt\n|faint|p2a: Lilligant\n|\n|upkeep\n|\n|t:|1701098265\n|switch|p2a: Rillaboom|Rillaboom, F|100\/100\n|-damage|p2a: Rillaboom|88\/100|[from] Stealth Rock\n|-fieldstart|move: Grassy Terrain|[from] ability: Grassy Surge|[of] p2a: Rillaboom\n|turn|31\n|\n|t:|1701098267\n|move|p2a: Rillaboom|Grassy Glide|p1a: Arceus\n|-supereffective|p1a: Arceus\n|-damage|p1a: Arceus|0 fnt\n|faint|p1a: Arceus\n|\n|-heal|p2a: Rillaboom|94\/100|[from] Grassy Terrain\n|upkeep\n|\n|t:|1701098270\n|switch|p1a: Landorus|Landorus-Therian, M|32\/100\n|-damage|p1a: Landorus|20\/100|[from] Stealth Rock\n|-ability|p1a: Landorus|Intimidate|boost\n|-unboost|p2a: Rillaboom|atk|1\n|turn|32\n|\n|t:|1701098274\n|move|p2a: Rillaboom|Grassy Glide|p1a: Landorus\n|-damage|p1a: Landorus|0 fnt\n|faint|p1a: Landorus\n|\n|win|Cetery\n|c|\u2606Cetery|gg\n|c|\u2606Cetery|\u0441\u043e\u0445\u0440\u0430\u043d\u0438\u0448\u044c , \u044f \u043f\u043e\u0448\u0435\u043b\n|l|\u2606Cetery\n","uploadtime":1701098304,"views":8,"p1id":"ttetylllok","p2id":"cetery","formatid":"gen9ubers","rating":0,"private":0,"password":""}