{"id":"gen9ubers-1984937875","p1":"FoxDragon22","p2":"Fireblitz15","format":"[Gen 9] Ubers","log":"|j|\u2606FoxDragon22\n|j|\u2606Fireblitz15\n|t:|1699312686\n|gametype|singles\n|player|p1|FoxDragon22|acetrainerf-gen4dp|\n|player|p2|Fireblitz15|ingo|\n|teamsize|p1|6\n|teamsize|p2|6\n|gen|9\n|tier|[Gen 9] Ubers\n|rule|Sleep Clause Mod: Limit one foe put to sleep\n|rule|Species Clause: Limit one of each Pok\u00e9mon\n|rule|OHKO Clause: OHKO moves are banned\n|rule|Evasion Items Clause: Evasion items are banned\n|rule|Evasion Moves Clause: Evasion moves are banned\n|rule|Endless Battle Clause: Forcing endless battles is banned\n|rule|HP Percentage Mod: HP is shown in percentages\n|clearpoke\n|poke|p1|Samurott-Hisui, M|\n|poke|p1|Arceus-Ghost|\n|poke|p1|Zacian-*|\n|poke|p1|Dialga|\n|poke|p1|Cyclizar, F|\n|poke|p1|Palkia-Origin|\n|poke|p2|Masquerain, M|\n|poke|p2|Ogerpon-Wellspring, F|\n|poke|p2|Gholdengo|\n|poke|p2|Arceus-Fire|\n|poke|p2|Manaphy|\n|poke|p2|Baxcalibur, M|\n|teampreview\n|\n|t:|1699312698\n|start\n|switch|p1a: Cyclizar|Cyclizar, F|100\/100\n|switch|p2a: Masquerain|Masquerain, M|100\/100\n|-ability|p2a: Masquerain|Intimidate|boost\n|-unboost|p1a: Cyclizar|atk|1\n|turn|1\n|\n|t:|1699312707\n|move|p1a: Cyclizar|Taunt|p2a: Masquerain\n|-start|p2a: Masquerain|move: Taunt\n|cant|p2a: Masquerain|move: Taunt|Sticky Web\n|\n|upkeep\n|turn|2\n|\n|t:|1699312715\n|switch|p2a: Gholdengo|Gholdengo|100\/100\n|move|p1a: Cyclizar|Knock Off|p2a: Gholdengo\n|-supereffective|p2a: Gholdengo\n|-damage|p2a: Gholdengo|67\/100\n|-enditem|p2a: Gholdengo|Choice Scarf|[from] move: Knock Off|[of] p1a: Cyclizar\n|\n|upkeep\n|turn|3\n|\n|t:|1699312733\n|move|p1a: Cyclizar|Shed Tail|p1a: Cyclizar\n|-start|p1a: Cyclizar|Substitute|[from] move: Shed Tail\n|-damage|p1a: Cyclizar|50\/100\n|\n|t:|1699312737\n|switch|p1a: Dialga|Dialga|100\/100|[from] Shed Tail\n|-ability|p1a: Dialga|Pressure\n|move|p2a: Gholdengo|Dazzling Gleam|p1a: Dialga\n|-end|p1a: Dialga|Substitute\n|\n|upkeep\n|turn|4\n|\n|t:|1699312754\n|move|p2a: Gholdengo|Make It Rain|p1a: Dialga\n|-resisted|p1a: Dialga\n|-damage|p1a: Dialga|72\/100\n|-unboost|p2a: Gholdengo|spa|1\n|move|p1a: Dialga|Stealth Rock|p2a: Gholdengo\n|-sidestart|p2: Fireblitz15|move: Stealth Rock\n|\n|-heal|p1a: Dialga|78\/100|[from] item: Leftovers\n|upkeep\n|turn|5\n|\n|t:|1699312768\n|switch|p2a: Manaphy|Manaphy|100\/100\n|-damage|p2a: Manaphy|88\/100|[from] Stealth Rock\n|move|p1a: Dialga|Earth Power|p2a: Manaphy\n|-damage|p2a: Manaphy|58\/100\n|\n|-heal|p2a: Manaphy|64\/100|[from] item: Leftovers\n|-heal|p1a: Dialga|85\/100|[from] item: Leftovers\n|upkeep\n|turn|6\n|l|\u2606FoxDragon22\n|player|p1|\n|j|\u2606FoxDragon22\n|player|p1|FoxDragon22|acetrainerf-gen4dp\n|\n|t:|1699312803\n|move|p2a: Manaphy|Tail Glow|p2a: Manaphy\n|-boost|p2a: Manaphy|spa|3\n|move|p1a: Dialga|Draco Meteor|p2a: Manaphy|[miss]\n|-miss|p1a: Dialga|p2a: Manaphy\n|\n|-heal|p2a: Manaphy|70\/100|[from] item: Leftovers\n|-heal|p1a: Dialga|91\/100|[from] item: Leftovers\n|upkeep\n|turn|7\n|\n|t:|1699312814\n|move|p2a: Manaphy|Substitute|p2a: Manaphy\n|-start|p2a: Manaphy|Substitute\n|-damage|p2a: Manaphy|45\/100\n|move|p1a: Dialga|Draco Meteor|p2a: Manaphy\n|-end|p2a: Manaphy|Substitute\n|-unboost|p1a: Dialga|spa|2\n|\n|-heal|p2a: Manaphy|51\/100|[from] item: Leftovers\n|-heal|p1a: Dialga|97\/100|[from] item: Leftovers\n|upkeep\n|turn|8\n|\n|t:|1699312850\n|switch|p1a: Samurott|Samurott-Hisui, M|100\/100\n|move|p2a: Manaphy|Substitute|p2a: Manaphy\n|-start|p2a: Manaphy|Substitute\n|-damage|p2a: Manaphy|26\/100\n|\n|-heal|p2a: Manaphy|32\/100|[from] item: Leftovers\n|upkeep\n|turn|9\n|\n|t:|1699312859\n|-terastallize|p2a: Manaphy|Fairy\n|move|p1a: Samurott|Ceaseless Edge|p2a: Manaphy\n|-resisted|p2a: Manaphy\n|-activate|p2a: Manaphy|move: Substitute|[damage]\n|-sidestart|p2: Fireblitz15|Spikes\n|move|p2a: Manaphy|Scald|p1a: Samurott\n|-resisted|p1a: Samurott\n|-damage|p1a: Samurott|67\/100\n|\n|-heal|p2a: Manaphy|39\/100|[from] item: Leftovers\n|upkeep\n|turn|10\n|\n|t:|1699312876\n|move|p1a: Samurott|Flip Turn|p2a: Manaphy\n|-end|p2a: Manaphy|Substitute\n|\n|t:|1699312885\n|switch|p1a: Palkia|Palkia-Origin|100\/100|[from] Flip Turn\n|-ability|p1a: Palkia|Pressure\n|move|p2a: Manaphy|Substitute|p2a: Manaphy\n|-start|p2a: Manaphy|Substitute\n|-damage|p2a: Manaphy|14\/100\n|\n|-heal|p2a: Manaphy|20\/100|[from] item: Leftovers\n|upkeep\n|turn|11\n|\n|t:|1699312896\n|move|p1a: Palkia|Surf|p2a: Manaphy\n|-end|p2a: Manaphy|Substitute\n|move|p2a: Manaphy|Stored Power|p1a: Palkia\n|-damage|p1a: Palkia|59\/100\n|\n|-heal|p2a: Manaphy|26\/100|[from] item: Leftovers\n|upkeep\n|turn|12\n|\n|t:|1699312905\n|move|p1a: Palkia|Surf|p2a: Manaphy\n|-damage|p2a: Manaphy|0 fnt\n|faint|p2a: Manaphy\n|\n|upkeep\n|\n|t:|1699312911\n|switch|p2a: Ogerpon|Ogerpon-Wellspring, F|100\/100\n|-damage|p2a: Ogerpon|88\/100|[from] Stealth Rock\n|-damage|p2a: Ogerpon|76\/100|[from] Spikes\n|turn|13\n|\n|t:|1699312919\n|move|p1a: Palkia|Spacial Rend|p2a: Ogerpon\n|-damage|p2a: Ogerpon|0 fnt\n|faint|p2a: Ogerpon\n|\n|upkeep\n|\n|t:|1699312925\n|switch|p2a: Baxcalibur|Baxcalibur, M|100\/100\n|-damage|p2a: Baxcalibur|76\/100|[from] Stealth Rock\n|-damage|p2a: Baxcalibur|63\/100|[from] Spikes\n|turn|14\n|\n|t:|1699312934\n|move|p1a: Palkia|Spacial Rend|p2a: Baxcalibur\n|-supereffective|p2a: Baxcalibur\n|-damage|p2a: Baxcalibur|0 fnt\n|faint|p2a: Baxcalibur\n|\n|upkeep\n|\n|t:|1699312939\n|switch|p2a: Masquerain|Masquerain, M|100\/100\n|-damage|p2a: Masquerain|51\/100|[from] Stealth Rock\n|-ability|p2a: Masquerain|Intimidate|boost\n|-unboost|p1a: Palkia|atk|1\n|turn|15\n|\n|t:|1699312945\n|move|p1a: Palkia|Spacial Rend|p2a: Masquerain\n|-damage|p2a: Masquerain|0 fnt\n|faint|p2a: Masquerain\n|\n|upkeep\n|\n|t:|1699312949\n|switch|p2a: Arceus|Arceus-Fire|100\/100\n|-damage|p2a: Arceus|76\/100|[from] Stealth Rock\n|-damage|p2a: Arceus|63\/100|[from] Spikes\n|turn|16\n|\n|t:|1699312956\n|move|p1a: Palkia|Surf|p2a: Arceus\n|-supereffective|p2a: Arceus\n|-damage|p2a: Arceus|0 fnt\n|faint|p2a: Arceus\n|\n|upkeep\n|\n|t:|1699312960\n|switch|p2a: Gholdengo|Gholdengo|67\/100\n|-damage|p2a: Gholdengo|61\/100|[from] Stealth Rock\n|-damage|p2a: Gholdengo|48\/100|[from] Spikes\n|turn|17\n|\n|t:|1699312967\n|move|p1a: Palkia|Hydro Pump|p2a: Gholdengo\n|-damage|p2a: Gholdengo|0 fnt\n|faint|p2a: Gholdengo\n|\n|win|FoxDragon22\n","uploadtime":1699312973,"views":27,"p1id":"foxdragon22","p2id":"fireblitz15","formatid":"gen9ubers","rating":0,"private":0,"password":""}