{"id":"gen9ubers-1969418275","p1":"Dekarran","p2":"IspamObjection","format":"[Gen 9] Ubers","log":"|j|\u2606Dekarran\n|j|\u2606IspamObjection\n|t:|1697528612\n|gametype|singles\n|player|p1|Dekarran|1|\n|player|p2|IspamObjection|lance-gen2|\n|teamsize|p1|6\n|teamsize|p2|6\n|gen|9\n|tier|[Gen 9] Ubers\n|rule|Sleep Clause Mod: Limit one foe put to sleep\n|rule|Species Clause: Limit one of each Pok\u00e9mon\n|rule|OHKO Clause: OHKO moves are banned\n|rule|Evasion Items Clause: Evasion items are banned\n|rule|Evasion Moves Clause: Evasion moves are banned\n|rule|Endless Battle Clause: Forcing endless battles is banned\n|rule|HP Percentage Mod: HP is shown in percentages\n|clearpoke\n|poke|p1|Magearna|\n|poke|p1|Espathra, M|\n|poke|p1|Palkia-Origin|\n|poke|p1|Urshifu-*, F|\n|poke|p1|Giratina|\n|poke|p1|Arceus-Grass|\n|poke|p2|Masquerain, M|\n|poke|p2|Urshifu-*, M|\n|poke|p2|Gholdengo|\n|poke|p2|Zacian-*|\n|poke|p2|Arceus-Fire|\n|poke|p2|Dialga|\n|teampreview\n|c|\u2606Dekarran|yo hi\n|c|\u2606IspamObjection|hey\n|c|\u2606Dekarran|np\n|c|\u2606Dekarran|lets go\n|\n|t:|1697528648\n|start\n|switch|p1a: Magearna|Magearna|100\/100\n|switch|p2a: Masquerain|Masquerain, M|100\/100\n|-ability|p2a: Masquerain|Intimidate|boost\n|-unboost|p1a: Magearna|atk|1\n|turn|1\n|\n|t:|1697528656\n|move|p2a: Masquerain|Sticky Web|p1a: Magearna\n|-sidestart|p1: Dekarran|move: Sticky Web\n|move|p1a: Magearna|Volt Switch|p2a: Masquerain\n|-supereffective|p2a: Masquerain\n|-damage|p2a: Masquerain|26\/100\n|\n|t:|1697528659\n|switch|p1a: Giratina|Giratina|100\/100|[from] Volt Switch\n|-activate|p1a: Giratina|move: Sticky Web\n|-unboost|p1a: Giratina|spe|1\n|-ability|p1a: Giratina|Pressure\n|\n|upkeep\n|turn|2\n|\n|t:|1697528664\n|switch|p2a: Gholdengo|Gholdengo|100\/100\n|move|p1a: Giratina|Defog|p2a: Gholdengo\n|-immune|p2a: Gholdengo|[from] ability: Good as Gold\n|\n|upkeep\n|turn|3\n|\n|t:|1697528671\n|switch|p1a: Magearna|Magearna|100\/100\n|-activate|p1a: Magearna|move: Sticky Web\n|-unboost|p1a: Magearna|spe|1\n|move|p2a: Gholdengo|Shadow Ball|p1a: Magearna\n|-damage|p1a: Magearna|68\/100\n|\n|-heal|p1a: Magearna|74\/100|[from] item: Leftovers\n|upkeep\n|turn|4\n|\n|t:|1697528690\n|switch|p2a: Dialga|Dialga|100\/100\n|-ability|p2a: Dialga|Pressure\n|move|p1a: Magearna|Volt Switch|p2a: Dialga\n|-resisted|p2a: Dialga\n|-damage|p2a: Dialga|89\/100\n|\n|t:|1697528700\n|switch|p1a: Urshifu|Urshifu, F|100\/100|[from] Volt Switch\n|-activate|p1a: Urshifu|move: Sticky Web\n|-unboost|p1a: Urshifu|spe|1\n|\n|-heal|p2a: Dialga|96\/100|[from] item: Leftovers\n|upkeep\n|turn|5\n|\n|t:|1697528712\n|switch|p2a: Gholdengo|Gholdengo|100\/100\n|move|p1a: Urshifu|Trailblaze|p2a: Gholdengo\n|-resisted|p2a: Gholdengo\n|-damage|p2a: Gholdengo|88\/100\n|-boost|p1a: Urshifu|spe|1\n|-damage|p1a: Urshifu|91\/100|[from] item: Life Orb\n|\n|upkeep\n|turn|6\n|\n|t:|1697528729\n|move|p2a: Gholdengo|Make It Rain|p1a: Urshifu\n|-damage|p1a: Urshifu|0 fnt\n|-unboost|p2a: Gholdengo|spa|1\n|faint|p1a: Urshifu\n|\n|upkeep\n|\n|t:|1697528736\n|switch|p1a: Giratina|Giratina|100\/100\n|-activate|p1a: Giratina|move: Sticky Web\n|-unboost|p1a: Giratina|spe|1\n|-ability|p1a: Giratina|Pressure\n|turn|7\n|\n|t:|1697528745\n|move|p2a: Gholdengo|Make It Rain|p1a: Giratina\n|-damage|p1a: Giratina|81\/100\n|-unboost|p2a: Gholdengo|spa|1\n|move|p1a: Giratina|Will-O-Wisp|p2a: Gholdengo\n|-immune|p2a: Gholdengo|[from] ability: Good as Gold\n|\n|-heal|p1a: Giratina|88\/100|[from] item: Leftovers\n|upkeep\n|turn|8\n|\n|t:|1697528762\n|switch|p2a: Urshifu|Urshifu, M|100\/100\n|move|p1a: Giratina|Shadow Sneak|p2a: Urshifu\n|-resisted|p2a: Urshifu\n|-damage|p2a: Urshifu|94\/100\n|\n|-heal|p1a: Giratina|94\/100|[from] item: Leftovers\n|upkeep\n|turn|9\n|\n|t:|1697528781\n|-terastallize|p2a: Urshifu|Dark\n|move|p2a: Urshifu|Wicked Blow|p1a: Giratina\n|-supereffective|p1a: Giratina\n|-crit|p1a: Giratina\n|-damage|p1a: Giratina|0 fnt\n|faint|p1a: Giratina\n|\n|upkeep\n|\n|t:|1697528787\n|switch|p1a: Magearna|Magearna|74\/100\n|-activate|p1a: Magearna|move: Sticky Web\n|-unboost|p1a: Magearna|spe|1\n|turn|10\n|\n|t:|1697528798\n|switch|p2a: Gholdengo|Gholdengo|88\/100\n|move|p1a: Magearna|Fleur Cannon|p2a: Gholdengo\n|-resisted|p2a: Gholdengo\n|-damage|p2a: Gholdengo|45\/100\n|-unboost|p1a: Magearna|spa|2\n|\n|-heal|p1a: Magearna|80\/100|[from] item: Leftovers\n|upkeep\n|turn|11\n|\n|t:|1697528811\n|move|p2a: Gholdengo|Make It Rain|p1a: Magearna\n|-damage|p1a: Magearna|29\/100\n|-unboost|p2a: Gholdengo|spa|1\n|move|p1a: Magearna|Volt Switch|p2a: Gholdengo\n|-damage|p2a: Gholdengo|28\/100\n|\n|t:|1697528815\n|switch|p1a: Arceus|Arceus-Grass|100\/100|[from] Volt Switch\n|-activate|p1a: Arceus|move: Sticky Web\n|-unboost|p1a: Arceus|spe|1\n|\n|upkeep\n|turn|12\n|\n|t:|1697528830\n|switch|p2a: Masquerain|Masquerain, M|26\/100\n|-ability|p2a: Masquerain|Intimidate|boost\n|-unboost|p1a: Arceus|atk|1\n|move|p1a: Arceus|Earth Power|p2a: Masquerain\n|-immune|p2a: Masquerain\n|\n|upkeep\n|turn|13\n|\n|t:|1697528840\n|move|p2a: Masquerain|Quiver Dance|p2a: Masquerain\n|-boost|p2a: Masquerain|spa|1\n|-boost|p2a: Masquerain|spd|1\n|-boost|p2a: Masquerain|spe|1\n|move|p1a: Arceus|Judgment|p2a: Masquerain\n|-resisted|p2a: Masquerain\n|-damage|p2a: Masquerain|15\/100\n|\n|upkeep\n|turn|14\n|\n|t:|1697528847\n|switch|p1a: Magearna|Magearna|29\/100\n|-activate|p1a: Magearna|move: Sticky Web\n|-unboost|p1a: Magearna|spe|1\n|move|p2a: Masquerain|Bug Buzz|p1a: Magearna\n|-resisted|p1a: Magearna\n|-damage|p1a: Magearna|16\/100\n|\n|-heal|p1a: Magearna|22\/100|[from] item: Leftovers\n|upkeep\n|turn|15\n|\n|t:|1697528861\n|move|p2a: Masquerain|Stun Spore|p1a: Magearna\n|-status|p1a: Magearna|par\n|move|p1a: Magearna|Volt Switch|p2a: Masquerain\n|-supereffective|p2a: Masquerain\n|-damage|p2a: Masquerain|0 fnt\n|faint|p2a: Masquerain\n|-ability|p1a: Magearna|Soul-Heart|boost\n|-boost|p1a: Magearna|spa|1\n|\n|t:|1697528867\n|switch|p1a: Arceus|Arceus-Grass|100\/100|[from] Volt Switch\n|-activate|p1a: Arceus|move: Sticky Web\n|-unboost|p1a: Arceus|spe|1\n|\n|upkeep\n|\n|t:|1697528882\n|switch|p2a: Dialga|Dialga|96\/100\n|-ability|p2a: Dialga|Pressure\n|turn|16\n|\n|t:|1697528889\n|move|p1a: Arceus|Calm Mind|p1a: Arceus\n|-boost|p1a: Arceus|spa|1\n|-boost|p1a: Arceus|spd|1\n|move|p2a: Dialga|Stealth Rock|p1a: Arceus\n|-sidestart|p1: Dekarran|move: Stealth Rock\n|\n|-heal|p2a: Dialga|100\/100|[from] item: Leftovers\n|upkeep\n|turn|17\n|\n|t:|1697528894\n|move|p1a: Arceus|Earth Power|p2a: Dialga\n|-supereffective|p2a: Dialga\n|-damage|p2a: Dialga|39\/100\n|move|p2a: Dialga|Roar|p1a: Arceus\n|drag|p1a: Espathra|Espathra, M|100\/100\n|-activate|p1a: Espathra|move: Sticky Web\n|-unboost|p1a: Espathra|spe|1\n|-damage|p1a: Espathra|88\/100|[from] Stealth Rock\n|\n|-heal|p2a: Dialga|45\/100|[from] item: Leftovers\n|-heal|p1a: Espathra|94\/100|[from] item: Leftovers\n|upkeep\n|turn|18\n|\n|t:|1697528908\n|move|p2a: Dialga|Thunder Wave|p1a: Espathra\n|-status|p1a: Espathra|par\n|move|p1a: Espathra|Calm Mind|p1a: Espathra\n|-boost|p1a: Espathra|spa|1\n|-boost|p1a: Espathra|spd|1\n|\n|-heal|p2a: Dialga|51\/100|[from] item: Leftovers\n|-heal|p1a: Espathra|99\/100 par|[from] item: Leftovers\n|-ability|p1a: Espathra|Speed Boost|boost\n|-boost|p1a: Espathra|spe|1\n|upkeep\n|turn|19\n|\n|t:|1697528913\n|move|p1a: Espathra|Stored Power|p2a: Dialga\n|-resisted|p2a: Dialga\n|-damage|p2a: Dialga|37\/100\n|move|p2a: Dialga|Roar|p1a: Espathra\n|drag|p1a: Arceus|Arceus-Grass|100\/100\n|-activate|p1a: Arceus|move: Sticky Web\n|-unboost|p1a: Arceus|spe|1\n|-damage|p1a: Arceus|88\/100|[from] Stealth Rock\n|\n|-heal|p2a: Dialga|44\/100|[from] item: Leftovers\n|upkeep\n|turn|20\n|\n|t:|1697528920\n|move|p1a: Arceus|Earth Power|p2a: Dialga\n|-supereffective|p2a: Dialga\n|-crit|p2a: Dialga\n|-damage|p2a: Dialga|0 fnt\n|faint|p2a: Dialga\n|\n|upkeep\n|\n|t:|1697528956\n|switch|p2a: Urshifu|Urshifu, M, tera:Dark|94\/100\n|turn|21\n|\n|t:|1697528969\n|switch|p1a: Magearna|Magearna|22\/100 par\n|-activate|p1a: Magearna|move: Sticky Web\n|-unboost|p1a: Magearna|spe|1\n|-damage|p1a: Magearna|16\/100 par|[from] Stealth Rock\n|move|p2a: Urshifu|U-turn|p1a: Magearna\n|-resisted|p1a: Magearna\n|-damage|p1a: Magearna|8\/100 par\n|\n|t:|1697528980\n|switch|p2a: Gholdengo|Gholdengo|28\/100|[from] U-turn\n|\n|-heal|p1a: Magearna|15\/100 par|[from] item: Leftovers\n|upkeep\n|turn|22\n|\n|t:|1697528983\n|move|p2a: Gholdengo|Shadow Ball|p1a: Magearna\n|-damage|p1a: Magearna|0 fnt\n|faint|p1a: Magearna\n|\n|upkeep\n|\n|t:|1697528989\n|switch|p1a: Arceus|Arceus-Grass|88\/100\n|-activate|p1a: Arceus|move: Sticky Web\n|-unboost|p1a: Arceus|spe|1\n|-damage|p1a: Arceus|76\/100|[from] Stealth Rock\n|turn|23\n|\n|t:|1697528996\n|move|p2a: Gholdengo|Shadow Ball|p1a: Arceus\n|-damage|p1a: Arceus|50\/100\n|move|p1a: Arceus|Earth Power|p2a: Gholdengo\n|-supereffective|p2a: Gholdengo\n|-damage|p2a: Gholdengo|0 fnt\n|faint|p2a: Gholdengo\n|\n|upkeep\n|\n|t:|1697529017\n|switch|p2a: Urshifu|Urshifu, M, tera:Dark|94\/100\n|turn|24\n|c|\u2606IspamObjection|I will do replay btw\n|\n|t:|1697529035\n|move|p2a: Urshifu|Wicked Blow|p1a: Arceus\n|-crit|p1a: Arceus\n|-damage|p1a: Arceus|0 fnt\n|faint|p1a: Arceus\n|\n|upkeep\n|c|\u2606Dekarran|np\n|\n|t:|1697529039\n|switch|p1a: Palkia|Palkia-Origin|100\/100\n|-activate|p1a: Palkia|move: Sticky Web\n|-unboost|p1a: Palkia|spe|1\n|-damage|p1a: Palkia|88\/100|[from] Stealth Rock\n|-ability|p1a: Palkia|Pressure\n|turn|25\n|\n|t:|1697529045\n|move|p2a: Urshifu|Wicked Blow|p1a: Palkia\n|-crit|p1a: Palkia\n|-damage|p1a: Palkia|0 fnt\n|faint|p1a: Palkia\n|\n|upkeep\n|\n|t:|1697529048\n|switch|p1a: Espathra|Espathra, M|99\/100 par\n|-activate|p1a: Espathra|move: Sticky Web\n|-unboost|p1a: Espathra|spe|1\n|-damage|p1a: Espathra|88\/100 par|[from] Stealth Rock\n|turn|26\n|c|\u2606Dekarran|not too proud of this one, but normal\n|c|\u2606Dekarran|gg\n|\n|t:|1697529056\n|move|p2a: Urshifu|Wicked Blow|p1a: Espathra\n|-supereffective|p1a: Espathra\n|-crit|p1a: Espathra\n|-damage|p1a: Espathra|0 fnt\n|faint|p1a: Espathra\n|\n|win|IspamObjection\n","uploadtime":1697529060,"views":26,"p1id":"dekarran","p2id":"ispamobjection","formatid":"gen9ubers","rating":0,"private":0,"password":""}