{"id":"gen9ubers-1988418936","p1":"ghostly spectrum","p2":"bravaaaa","format":"[Gen 9] Ubers","log":"|j|\u2606ghostly spectrum\n|j|\u2606bravaaaa\n|t:|1699720865\n|gametype|singles\n|player|p1|ghostly spectrum|1|1048\n|player|p2|bravaaaa|170|1102\n|teamsize|p1|6\n|teamsize|p2|6\n|gen|9\n|tier|[Gen 9] Ubers\n|rated|\n|rule|Sleep Clause Mod: Limit one foe put to sleep\n|rule|Species Clause: Limit one of each Pok\u00e9mon\n|rule|OHKO Clause: OHKO moves are banned\n|rule|Evasion Items Clause: Evasion items are banned\n|rule|Evasion Moves Clause: Evasion moves are banned\n|rule|Endless Battle Clause: Forcing endless battles is banned\n|rule|HP Percentage Mod: HP is shown in percentages\n|clearpoke\n|poke|p1|Sableye, M|\n|poke|p1|Kyogre|\n|poke|p1|Corviknight, F|\n|poke|p1|Arceus-Ghost|\n|poke|p1|Chien-Pao|\n|poke|p1|Volcarona, F|\n|poke|p2|Eternatus|\n|poke|p2|Flutter Mane|\n|poke|p2|Iron Bundle|\n|poke|p2|Landorus, M|\n|poke|p2|Dialga|\n|poke|p2|Ceruledge, M|\n|teampreview\n|inactive|Battle timer is ON: inactive players will automatically lose when time's up. (requested by ghostly spectrum)\n|\n|t:|1699720875\n|start\n|switch|p1a: Chien-Pao|Chien-Pao|100\/100\n|switch|p2a: Ceruledge|Ceruledge, M|100\/100\n|-ability|p1a: Chien-Pao|Sword of Ruin\n|turn|1\n|\n|t:|1699720883\n|move|p1a: Chien-Pao|Substitute|p1a: Chien-Pao\n|-start|p1a: Chien-Pao|Substitute\n|-damage|p1a: Chien-Pao|76\/100\n|move|p2a: Ceruledge|Bitter Blade|p1a: Chien-Pao\n|-supereffective|p1a: Chien-Pao\n|-end|p1a: Chien-Pao|Substitute\n|-damage|p2a: Ceruledge|91\/100|[from] item: Life Orb\n|\n|upkeep\n|turn|2\n|\n|t:|1699720888\n|move|p1a: Chien-Pao|Crunch|p2a: Ceruledge\n|-supereffective|p2a: Ceruledge\n|-damage|p2a: Ceruledge|0 fnt\n|faint|p2a: Ceruledge\n|-damage|p1a: Chien-Pao|66\/100|[from] item: Life Orb\n|\n|upkeep\n|\n|t:|1699720899\n|switch|p2a: Landorus|Landorus, M|100\/100\n|turn|3\n|\n|t:|1699720905\n|move|p1a: Chien-Pao|Ice Spinner|p2a: Landorus\n|-supereffective|p2a: Landorus\n|-damage|p2a: Landorus|0 fnt\n|faint|p2a: Landorus\n|-damage|p1a: Chien-Pao|56\/100|[from] item: Life Orb\n|\n|upkeep\n|\n|t:|1699720909\n|switch|p2a: Dialga|Dialga, shiny|100\/100\n|-ability|p2a: Dialga|Pressure\n|turn|4\n|\n|t:|1699720932\n|switch|p1a: Corviknight|Corviknight, F, shiny|100\/100\n|-ability|p1a: Corviknight|Unnerve\n|move|p2a: Dialga|Fire Blast|p1a: Corviknight\n|-supereffective|p1a: Corviknight\n|-crit|p1a: Corviknight\n|-damage|p1a: Corviknight|0 fnt\n|faint|p1a: Corviknight\n|-damage|p2a: Dialga|91\/100|[from] item: Life Orb\n|\n|upkeep\n|\n|t:|1699720940\n|switch|p1a: Arceus|Arceus-Ghost|100\/100\n|turn|5\n|\n|t:|1699720945\n|move|p2a: Dialga|Thunder|p1a: Arceus|[miss]\n|-miss|p2a: Dialga|p1a: Arceus\n|move|p1a: Arceus|Thunder Wave|p2a: Dialga\n|-status|p2a: Dialga|par\n|\n|upkeep\n|turn|6\n|\n|t:|1699720951\n|move|p1a: Arceus|Shadow Ball|p2a: Dialga\n|-damage|p2a: Dialga|55\/100 par\n|-unboost|p2a: Dialga|spd|1\n|move|p2a: Dialga|Flash Cannon|p1a: Arceus\n|-damage|p1a: Arceus|70\/100\n|-damage|p2a: Dialga|45\/100 par|[from] item: Life Orb\n|\n|upkeep\n|turn|7\n|\n|t:|1699720960\n|move|p1a: Arceus|Shadow Ball|p2a: Dialga\n|-damage|p2a: Dialga|0 fnt\n|faint|p2a: Dialga\n|\n|upkeep\n|\n|t:|1699720966\n|switch|p2a: Flutter Mane|Flutter Mane|100\/100\n|turn|8\n|\n|t:|1699720971\n|move|p2a: Flutter Mane|Moonblast|p1a: Arceus\n|-damage|p1a: Arceus|43\/100\n|move|p1a: Arceus|Thunder Wave|p2a: Flutter Mane\n|-status|p2a: Flutter Mane|par\n|\n|upkeep\n|turn|9\n|\n|t:|1699720976\n|move|p1a: Arceus|Shadow Ball|p2a: Flutter Mane\n|-supereffective|p2a: Flutter Mane\n|-damage|p2a: Flutter Mane|16\/100 par\n|cant|p2a: Flutter Mane|par\n|\n|upkeep\n|turn|10\n|\n|t:|1699720982\n|move|p1a: Arceus|Shadow Ball|p2a: Flutter Mane\n|-supereffective|p2a: Flutter Mane\n|-damage|p2a: Flutter Mane|0 fnt\n|faint|p2a: Flutter Mane\n|-end|p2a: Flutter Mane|Protosynthesis|[silent]\n|\n|upkeep\n|\n|t:|1699720984\n|switch|p2a: Iron Bundle|Iron Bundle|100\/100\n|turn|11\n|\n|t:|1699720986\n|move|p2a: Iron Bundle|Ice Beam|p1a: Arceus\n|-damage|p1a: Arceus|11\/100\n|-damage|p2a: Iron Bundle|91\/100|[from] item: Life Orb\n|move|p1a: Arceus|Thunder Wave|p2a: Iron Bundle\n|-status|p2a: Iron Bundle|par\n|\n|upkeep\n|turn|12\n|\n|t:|1699720992\n|move|p1a: Arceus|Recover|p1a: Arceus\n|-heal|p1a: Arceus|61\/100\n|cant|p2a: Iron Bundle|par\n|\n|upkeep\n|turn|13\n|-message|bravaaaa forfeited.\n|\n|win|ghostly spectrum\n|raw|ghostly spectrum's rating: 1048 &rarr; <strong>1086<\/strong><br \/>(+38 for winning)\n|raw|bravaaaa's rating: 1102 &rarr; <strong>1073<\/strong><br \/>(-29 for losing)\n|l|\u2606bravaaaa\n","uploadtime":1699721000,"views":6,"p1id":"ghostlyspectrum","p2id":"bravaaaa","formatid":"gen9ubers","rating":1073,"private":0,"password":""}