{"id":"gen9ubers-2000530352","p1":"Kai dragneel","p2":"Pee9ines","format":"[Gen 9] Ubers","log":"|j|\u2606Kai dragneel\n|j|\u2606Pee9ines\n|t:|1701202661\n|gametype|singles\n|player|p1|Kai dragneel|101|1201\n|player|p2|Pee9ines|2|1321\n|teamsize|p1|6\n|teamsize|p2|6\n|gen|9\n|tier|[Gen 9] Ubers\n|rated|\n|rule|Sleep Clause Mod: Limit one foe put to sleep\n|rule|Species Clause: Limit one of each Pok\u00e9mon\n|rule|OHKO Clause: OHKO moves are banned\n|rule|Evasion Items Clause: Evasion items are banned\n|rule|Evasion Moves Clause: Evasion moves are banned\n|rule|Endless Battle Clause: Forcing endless battles is banned\n|rule|HP Percentage Mod: HP is shown in percentages\n|clearpoke\n|poke|p1|Quaquaval, M|\n|poke|p1|Arboliva, M|\n|poke|p1|Armarouge, M|\n|poke|p1|Garganacl, M|\n|poke|p1|Baxcalibur, M|\n|poke|p1|Clodsire, M|\n|poke|p2|Miraidon|\n|poke|p2|Regieleki|\n|poke|p2|Cinderace, M|\n|poke|p2|Gholdengo|\n|poke|p2|Gliscor, M|\n|poke|p2|Arceus|\n|teampreview\n|\n|t:|1701202704\n|start\n|switch|p1a: Arboliva|Arboliva, M|100\/100\n|switch|p2a: Regieleki|Regieleki|100\/100\n|turn|1\n|\n|t:|1701202719\n|move|p2a: Regieleki|Volt Switch|p1a: Arboliva\n|-resisted|p1a: Arboliva\n|-damage|p1a: Arboliva|92\/100\n|-fieldstart|move: Grassy Terrain|[from] ability: Seed Sower|[of] p1a: Arboliva\n|\n|t:|1701202729\n|switch|p2a: Gholdengo|Gholdengo|100\/100|[from] Volt Switch\n|move|p1a: Arboliva|Earth Power|p2a: Gholdengo\n|-supereffective|p2a: Gholdengo\n|-damage|p2a: Gholdengo|42\/100\n|\n|-heal|p2a: Gholdengo|48\/100|[from] Grassy Terrain\n|-heal|p1a: Arboliva|98\/100|[from] Grassy Terrain\n|upkeep\n|turn|2\n|\n|t:|1701202742\n|switch|p2a: Gliscor|Gliscor, M|100\/100\n|move|p1a: Arboliva|Earth Power|p2a: Gliscor\n|-immune|p2a: Gliscor\n|\n|-heal|p1a: Arboliva|100\/100|[from] Grassy Terrain\n|-status|p2a: Gliscor|tox|[from] item: Toxic Orb\n|upkeep\n|turn|3\n|\n|t:|1701202777\n|move|p2a: Gliscor|Earthquake|p1a: Arboliva\n|-resisted|p1a: Arboliva\n|-damage|p1a: Arboliva|91\/100\n|move|p1a: Arboliva|Giga Drain|p2a: Gliscor\n|-damage|p2a: Gliscor|32\/100 tox\n|-heal|p1a: Arboliva|100\/100|[from] drain|[of] p2a: Gliscor\n|\n|-heal|p2a: Gliscor|44\/100 tox|[from] ability: Poison Heal\n|upkeep\n|turn|4\n|\n|t:|1701202797\n|switch|p2a: Cinderace|Cinderace, M, shiny|100\/100\n|move|p1a: Arboliva|Giga Drain|p2a: Cinderace\n|-resisted|p2a: Cinderace\n|-damage|p2a: Cinderace|63\/100\n|\n|-heal|p2a: Cinderace|69\/100|[from] Grassy Terrain\n|upkeep\n|turn|5\n|\n|t:|1701202810\n|switch|p1a: Armarouge|Armarouge, M|100\/100\n|move|p2a: Cinderace|U-turn|p1a: Armarouge\n|-start|p2a: Cinderace|typechange|Bug|[from] ability: Libero\n|-damage|p1a: Armarouge|70\/100\n|\n|t:|1701202829\n|switch|p2a: Miraidon|Miraidon|100\/100|[from] U-turn\n|-fieldstart|move: Electric Terrain|[from] ability: Hadron Engine|[of] p2a: Miraidon\n|\n|upkeep\n|turn|6\n|\n|t:|1701202837\n|switch|p1a: Clodsire|Clodsire, M|100\/100\n|move|p2a: Miraidon|Draco Meteor|p1a: Clodsire\n|-damage|p1a: Clodsire|52\/100\n|-unboost|p2a: Miraidon|spa|2\n|\n|-heal|p1a: Clodsire|58\/100|[from] item: Leftovers\n|upkeep\n|turn|7\n|\n|t:|1701202851\n|switch|p2a: Gliscor|Gliscor, M|44\/100 tox\n|move|p1a: Clodsire|Stealth Rock|p2a: Gliscor\n|-sidestart|p2: Pee9ines|move: Stealth Rock\n|\n|-heal|p1a: Clodsire|64\/100|[from] item: Leftovers\n|-heal|p2a: Gliscor|56\/100 tox|[from] ability: Poison Heal\n|upkeep\n|turn|8\n|\n|t:|1701202863\n|switch|p1a: Arboliva|Arboliva, M|100\/100\n|move|p2a: Gliscor|Earthquake|p1a: Arboliva\n|-resisted|p1a: Arboliva\n|-damage|p1a: Arboliva|83\/100\n|-fieldstart|move: Grassy Terrain|[from] ability: Seed Sower|[of] p1a: Arboliva\n|\n|-heal|p1a: Arboliva|89\/100|[from] Grassy Terrain\n|-heal|p2a: Gliscor|69\/100 tox|[from] ability: Poison Heal\n|upkeep\n|turn|9\n|\n|t:|1701202875\n|move|p2a: Gliscor|Toxic|p1a: Arboliva\n|-status|p1a: Arboliva|tox\n|move|p1a: Arboliva|Hyper Voice|p2a: Gliscor\n|-damage|p2a: Gliscor|9\/100 tox\n|\n|-heal|p1a: Arboliva|95\/100 tox|[from] Grassy Terrain\n|-heal|p2a: Gliscor|21\/100 tox|[from] ability: Poison Heal\n|-damage|p1a: Arboliva|89\/100 tox|[from] psn\n|upkeep\n|turn|10\n|\n|t:|1701202892\n|move|p2a: Gliscor|Protect|p2a: Gliscor\n|-singleturn|p2a: Gliscor|Protect\n|move|p1a: Arboliva|Giga Drain|p2a: Gliscor\n|-activate|p2a: Gliscor|move: Protect\n|\n|-heal|p1a: Arboliva|95\/100 tox|[from] Grassy Terrain\n|-heal|p2a: Gliscor|33\/100 tox|[from] ability: Poison Heal\n|-damage|p1a: Arboliva|83\/100 tox|[from] psn\n|upkeep\n|turn|11\n|\n|t:|1701202904\n|switch|p2a: Gholdengo|Gholdengo|48\/100\n|move|p1a: Arboliva|Giga Drain|p2a: Gholdengo\n|-resisted|p2a: Gholdengo\n|-crit|p2a: Gholdengo\n|-damage|p2a: Gholdengo|17\/100\n|-heal|p1a: Arboliva|99\/100 tox|[from] drain|[of] p2a: Gholdengo\n|\n|-heal|p2a: Gholdengo|23\/100|[from] Grassy Terrain\n|-heal|p1a: Arboliva|100\/100 tox|[from] Grassy Terrain\n|-damage|p1a: Arboliva|82\/100 tox|[from] psn\n|upkeep\n|turn|12\n|\n|t:|1701202917\n|move|p2a: Gholdengo|Recover|p2a: Gholdengo\n|-heal|p2a: Gholdengo|73\/100\n|move|p1a: Arboliva|Giga Drain|p2a: Gholdengo\n|-resisted|p2a: Gholdengo\n|-damage|p2a: Gholdengo|52\/100\n|-heal|p1a: Arboliva|93\/100 tox|[from] drain|[of] p2a: Gholdengo\n|\n|-heal|p2a: Gholdengo|58\/100|[from] Grassy Terrain\n|-heal|p1a: Arboliva|99\/100 tox|[from] Grassy Terrain\n|-damage|p1a: Arboliva|75\/100 tox|[from] psn\n|-fieldend|move: Grassy Terrain\n|upkeep\n|turn|13\n|\n|t:|1701202945\n|switch|p2a: Regieleki|Regieleki|100\/100\n|-damage|p2a: Regieleki|88\/100|[from] Stealth Rock\n|move|p1a: Arboliva|Earth Power|p2a: Regieleki\n|-supereffective|p2a: Regieleki\n|-damage|p2a: Regieleki|0 fnt\n|faint|p2a: Regieleki\n|\n|-damage|p1a: Arboliva|44\/100 tox|[from] psn\n|upkeep\n|\n|t:|1701202978\n|switch|p2a: Arceus|Arceus, shiny|100\/100\n|-damage|p2a: Arceus|88\/100|[from] Stealth Rock\n|turn|14\n|\n|t:|1701202988\n|move|p2a: Arceus|Swords Dance|p2a: Arceus\n|-boost|p2a: Arceus|atk|2\n|move|p1a: Arboliva|Giga Drain|p2a: Arceus\n|-damage|p2a: Arceus|56\/100\n|-heal|p1a: Arboliva|61\/100 tox|[from] drain|[of] p2a: Arceus\n|\n|-damage|p1a: Arboliva|24\/100 tox|[from] psn\n|upkeep\n|turn|15\n|\n|t:|1701203004\n|move|p2a: Arceus|Extreme Speed|p1a: Arboliva\n|-damage|p1a: Arboliva|0 fnt\n|-fieldstart|move: Grassy Terrain|[from] ability: Seed Sower|[of] p1a: Arboliva\n|faint|p1a: Arboliva\n|\n|-heal|p2a: Arceus|62\/100|[from] Grassy Terrain\n|upkeep\n|\n|t:|1701203013\n|switch|p1a: Quaquaval|Quaquaval, M|100\/100\n|turn|16\n|j| ilovelaur\n|\n|t:|1701203030\n|-terastallize|p2a: Arceus|Ghost\n|-terastallize|p1a: Quaquaval|Steel\n|move|p2a: Arceus|Swords Dance|p2a: Arceus\n|-boost|p2a: Arceus|atk|2\n|move|p1a: Quaquaval|Close Combat|p2a: Arceus\n|-immune|p2a: Arceus\n|\n|-heal|p2a: Arceus|68\/100|[from] Grassy Terrain\n|upkeep\n|turn|17\n|\n|t:|1701203044\n|move|p2a: Arceus|Extreme Speed|p1a: Quaquaval\n|-resisted|p1a: Quaquaval\n|-damage|p1a: Quaquaval|21\/100\n|move|p1a: Quaquaval|Aqua Step|p2a: Arceus\n|-damage|p2a: Arceus|40\/100\n|-boost|p1a: Quaquaval|spe|1\n|\n|-heal|p1a: Quaquaval|28\/100|[from] Grassy Terrain\n|-heal|p2a: Arceus|46\/100|[from] Grassy Terrain\n|upkeep\n|turn|18\n|\n|t:|1701203056\n|switch|p1a: Garganacl|Garganacl, M|100\/100\n|move|p2a: Arceus|Extreme Speed|p1a: Garganacl\n|-resisted|p1a: Garganacl\n|-damage|p1a: Garganacl|58\/100\n|-damage|p2a: Arceus|29\/100|[from] item: Rocky Helmet|[of] p1a: Garganacl\n|\n|-heal|p2a: Arceus|35\/100|[from] Grassy Terrain\n|-heal|p1a: Garganacl|65\/100|[from] Grassy Terrain\n|upkeep\n|turn|19\n|\n|t:|1701203068\n|move|p2a: Arceus|Shadow Claw|p1a: Garganacl\n|-crit|p1a: Garganacl\n|-damage|p1a: Garganacl|24\/100\n|-damage|p2a: Arceus|19\/100|[from] item: Rocky Helmet|[of] p1a: Garganacl\n|move|p1a: Garganacl|Recover|p1a: Garganacl\n|-heal|p1a: Garganacl|74\/100\n|\n|-heal|p2a: Arceus|25\/100|[from] Grassy Terrain\n|-heal|p1a: Garganacl|80\/100|[from] Grassy Terrain\n|-fieldend|move: Grassy Terrain\n|upkeep\n|turn|20\n|\n|t:|1701203080\n|move|p2a: Arceus|Zen Headbutt|p1a: Garganacl\n|-damage|p1a: Garganacl|34\/100\n|-damage|p2a: Arceus|8\/100|[from] item: Rocky Helmet|[of] p1a: Garganacl\n|move|p1a: Garganacl|Salt Cure|p2a: Arceus\n|-damage|p2a: Arceus|0 fnt\n|faint|p2a: Arceus\n|\n|upkeep\n|\n|t:|1701203109\n|switch|p2a: Gholdengo|Gholdengo|58\/100\n|turn|21\n|\n|t:|1701203114\n|move|p2a: Gholdengo|Make It Rain|p1a: Garganacl\n|-supereffective|p1a: Garganacl\n|-damage|p1a: Garganacl|0 fnt\n|-unboost|p2a: Gholdengo|spa|1\n|faint|p1a: Garganacl\n|\n|upkeep\n|l| ilovelaur\n|\n|t:|1701203122\n|switch|p1a: Clodsire|Clodsire, M|64\/100\n|turn|22\n|\n|t:|1701203142\n|switch|p2a: Gliscor|Gliscor, M|33\/100 tox\n|-damage|p2a: Gliscor|21\/100 tox|[from] Stealth Rock\n|move|p1a: Clodsire|Recover|p1a: Clodsire\n|-heal|p1a: Clodsire|100\/100\n|\n|-heal|p2a: Gliscor|33\/100 tox|[from] ability: Poison Heal\n|upkeep\n|turn|23\n|\n|t:|1701203155\n|switch|p1a: Quaquaval|Quaquaval, M, tera:Steel|28\/100\n|move|p2a: Gliscor|Protect||[still]\n|-fail|p2a: Gliscor\n|\n|-heal|p2a: Gliscor|46\/100 tox|[from] ability: Poison Heal\n|upkeep\n|turn|24\n|\n|t:|1701203167\n|move|p2a: Gliscor|Protect|p2a: Gliscor\n|-singleturn|p2a: Gliscor|Protect\n|move|p1a: Quaquaval|Aqua Step|p2a: Gliscor\n|-activate|p2a: Gliscor|move: Protect\n|\n|-heal|p2a: Gliscor|58\/100 tox|[from] ability: Poison Heal\n|upkeep\n|turn|25\n|j| Samussribe\n|\n|t:|1701203175\n|move|p1a: Quaquaval|Ice Spinner|p2a: Gliscor\n|-supereffective|p2a: Gliscor\n|-damage|p2a: Gliscor|0 fnt\n|faint|p2a: Gliscor\n|-ability|p1a: Quaquaval|Moxie|boost\n|-boost|p1a: Quaquaval|atk|1\n|\n|upkeep\n|\n|t:|1701203187\n|switch|p2a: Cinderace|Cinderace, M, shiny|69\/100\n|-damage|p2a: Cinderace|45\/100|[from] Stealth Rock\n|turn|26\n|\n|t:|1701203193\n|move|p2a: Cinderace|Pyro Ball|p1a: Quaquaval\n|-supereffective|p1a: Quaquaval\n|-damage|p1a: Quaquaval|0 fnt\n|faint|p1a: Quaquaval\n|\n|upkeep\n|\n|t:|1701203200\n|switch|p1a: Clodsire|Clodsire, M|100\/100\n|turn|27\n|\n|t:|1701203205\n|switch|p2a: Gholdengo|Gholdengo|58\/100\n|move|p1a: Clodsire|Earthquake|p2a: Gholdengo\n|-supereffective|p2a: Gholdengo\n|-damage|p2a: Gholdengo|7\/100\n|\n|upkeep\n|turn|28\n|\n|t:|1701203216\n|move|p2a: Gholdengo|Recover|p2a: Gholdengo\n|-heal|p2a: Gholdengo|57\/100\n|move|p1a: Clodsire|Earthquake|p2a: Gholdengo\n|-supereffective|p2a: Gholdengo\n|-damage|p2a: Gholdengo|5\/100\n|\n|upkeep\n|turn|29\n|\n|t:|1701203223\n|move|p2a: Gholdengo|Recover|p2a: Gholdengo\n|-heal|p2a: Gholdengo|55\/100\n|move|p1a: Clodsire|Earthquake|p2a: Gholdengo\n|-supereffective|p2a: Gholdengo\n|-crit|p2a: Gholdengo\n|-damage|p2a: Gholdengo|0 fnt\n|faint|p2a: Gholdengo\n|\n|upkeep\n|\n|t:|1701203244\n|switch|p2a: Cinderace|Cinderace, M, shiny|45\/100\n|-damage|p2a: Cinderace|20\/100|[from] Stealth Rock\n|turn|30\n|\n|t:|1701203251\n|switch|p1a: Baxcalibur|Baxcalibur, M|100\/100\n|move|p2a: Cinderace|Zen Headbutt|p1a: Baxcalibur\n|-start|p2a: Cinderace|typechange|Psychic|[from] ability: Libero\n|-damage|p1a: Baxcalibur|62\/100\n|\n|upkeep\n|turn|31\n|\n|t:|1701203262\n|move|p2a: Cinderace|Zen Headbutt|p1a: Baxcalibur\n|-damage|p1a: Baxcalibur|26\/100\n|cant|p1a: Baxcalibur|flinch\n|\n|upkeep\n|turn|32\n|\n|t:|1701203270\n|move|p2a: Cinderace|Zen Headbutt|p1a: Baxcalibur\n|-damage|p1a: Baxcalibur|0 fnt\n|faint|p1a: Baxcalibur\n|\n|upkeep\n|\n|t:|1701203275\n|switch|p1a: Armarouge|Armarouge, M|70\/100\n|turn|33\n|\n|t:|1701203288\n|move|p2a: Cinderace|Zen Headbutt|p1a: Armarouge\n|-resisted|p1a: Armarouge\n|-damage|p1a: Armarouge|53\/100\n|move|p1a: Armarouge|Energy Ball|p2a: Cinderace\n|-damage|p2a: Cinderace|0 fnt\n|faint|p2a: Cinderace\n|\n|upkeep\n|\n|t:|1701203291\n|switch|p2a: Miraidon|Miraidon|100\/100\n|-damage|p2a: Miraidon|88\/100|[from] Stealth Rock\n|-fieldstart|move: Electric Terrain|[from] ability: Hadron Engine|[of] p2a: Miraidon\n|turn|34\n|\n|t:|1701203301\n|move|p2a: Miraidon|Draco Meteor|p1a: Armarouge\n|-damage|p1a: Armarouge|0 fnt\n|-unboost|p2a: Miraidon|spa|2\n|faint|p1a: Armarouge\n|\n|upkeep\n|\n|t:|1701203308\n|switch|p1a: Clodsire|Clodsire, M|100\/100\n|turn|35\n|\n|t:|1701203311\n|move|p2a: Miraidon|Draco Meteor|p1a: Clodsire\n|-damage|p1a: Clodsire|48\/100\n|-unboost|p2a: Miraidon|spa|2\n|move|p1a: Clodsire|Earthquake|p2a: Miraidon\n|-supereffective|p2a: Miraidon\n|-damage|p2a: Miraidon|29\/100\n|\n|-heal|p1a: Clodsire|54\/100|[from] item: Leftovers\n|upkeep\n|turn|36\n|\n|t:|1701203321\n|move|p2a: Miraidon|Draco Meteor|p1a: Clodsire\n|-damage|p1a: Clodsire|2\/100\n|-unboost|p2a: Miraidon|spa|2\n|move|p1a: Clodsire|Earthquake|p2a: Miraidon\n|-supereffective|p2a: Miraidon\n|-damage|p2a: Miraidon|0 fnt\n|faint|p2a: Miraidon\n|\n|win|Kai dragneel\n|raw|Kai dragneel's rating: 1201 &rarr; <strong>1234<\/strong><br \/>(+33 for winning)\n|raw|Pee9ines's rating: 1321 &rarr; <strong>1294<\/strong><br \/>(-27 for losing)\n","uploadtime":1701203344,"views":0,"p1id":"kaidragneel","p2id":"pee9ines","formatid":"gen9ubers","rating":1234,"private":0,"password":""}