{"id":"gen9ubers-1974433783","p1":"IoSonoNeon","p2":"corvere\u2665","format":"[Gen 9] Ubers","log":"|j|\u2606IoSonoNeon\n|j|\u2606corvere\u2665\n|t:|1698086633\n|gametype|singles\n|player|p1|IoSonoNeon|#dpppliii|\n|player|p2|corvere\u2665|anthea|\n|teamsize|p1|6\n|teamsize|p2|6\n|gen|9\n|tier|[Gen 9] Ubers\n|rated|Tournament battle\n|rule|Sleep Clause Mod: Limit one foe put to sleep\n|rule|Species Clause: Limit one of each Pok\u00e9mon\n|rule|OHKO Clause: OHKO moves are banned\n|rule|Evasion Items Clause: Evasion items are banned\n|rule|Evasion Moves Clause: Evasion moves are banned\n|rule|Endless Battle Clause: Forcing endless battles is banned\n|rule|HP Percentage Mod: HP is shown in percentages\n|clearpoke\n|poke|p1|Koraidon|\n|poke|p1|Zacian-*|\n|poke|p1|Arceus-Fairy|\n|poke|p1|Skeledirge, F|\n|poke|p1|Giratina-Origin|\n|poke|p1|Ting-Lu|\n|poke|p2|Gliscor, F|\n|poke|p2|Clefable, F|\n|poke|p2|Alomomola, F|\n|poke|p2|Arceus|\n|poke|p2|Kyogre|\n|poke|p2|Clodsire, F|\n|teampreview\n|inactive|Battle timer is ON: inactive players will automatically lose when time's up. (requested by corvere\u2665)\n|\n|t:|1698086656\n|start\n|switch|p1a: Koraidon|Koraidon|100\/100\n|switch|p2a: Gliscor|Gliscor, F|100\/100\n|-weather|SunnyDay|[from] ability: Orichalcum Pulse|[of] p1a: Koraidon\n|-activate|p1a: Koraidon|Orichalcum Pulse|[source]\n|turn|1\n|\n|t:|1698086670\n|move|p2a: Gliscor|Protect|p2a: Gliscor\n|-singleturn|p2a: Gliscor|Protect\n|move|p1a: Koraidon|Taunt|p2a: Gliscor\n|-activate|p2a: Gliscor|move: Protect\n|\n|-weather|SunnyDay|[upkeep]\n|-status|p2a: Gliscor|tox|[from] item: Toxic Orb\n|upkeep\n|turn|2\n|\n|t:|1698086679\n|switch|p2a: Kyogre|Kyogre|100\/100\n|-weather|RainDance|[from] ability: Drizzle|[of] p2a: Kyogre\n|move|p1a: Koraidon|Swords Dance|p1a: Koraidon\n|-boost|p1a: Koraidon|atk|2\n|\n|-weather|RainDance|[upkeep]\n|upkeep\n|turn|3\n|\n|t:|1698086683\n|switch|p2a: helena|Clefable, F|100\/100\n|move|p1a: Koraidon|Scale Shot|p2a: helena\n|-immune|p2a: helena\n|\n|-weather|RainDance|[upkeep]\n|upkeep\n|turn|4\n|\n|t:|1698086690\n|switch|p1a: Skeledirge|Skeledirge, F|100\/100\n|move|p2a: helena|Moonblast|p1a: Skeledirge\n|-resisted|p1a: Skeledirge\n|-damage|p1a: Skeledirge|84\/100\n|\n|-weather|RainDance|[upkeep]\n|upkeep\n|turn|5\n|\n|t:|1698086694\n|move|p1a: Skeledirge|Will-O-Wisp|p2a: helena\n|-status|p2a: helena|brn\n|move|p2a: helena|Stealth Rock|p1a: Skeledirge\n|-sidestart|p1: IoSonoNeon|move: Stealth Rock\n|\n|-weather|RainDance|[upkeep]\n|-damage|p2a: helena|94\/100 brn|[from] brn\n|upkeep\n|turn|6\n|\n|t:|1698086701\n|switch|p2a: Alomomola|Alomomola, F|100\/100\n|move|p1a: Skeledirge|Hex|p2a: Alomomola\n|-damage|p2a: Alomomola|73\/100\n|\n|-weather|none\n|upkeep\n|turn|7\n|\n|t:|1698086703\n|move|p1a: Skeledirge|Will-O-Wisp|p2a: Alomomola\n|-status|p2a: Alomomola|brn\n|move|p2a: Alomomola|Flip Turn|p1a: Skeledirge\n|-supereffective|p1a: Skeledirge\n|-damage|p1a: Skeledirge|74\/100\n|\n|t:|1698086707\n|switch|p2a: Gliscor|Gliscor, F|100\/100 tox|[from] Flip Turn\n|\n|upkeep\n|turn|8\n|\n|t:|1698086710\n|switch|p1a: Giratina|Giratina-Origin|100\/100\n|-damage|p1a: Giratina|88\/100|[from] Stealth Rock\n|move|p2a: Gliscor|Toxic|p1a: Giratina\n|-status|p1a: Giratina|tox\n|\n|-damage|p1a: Giratina|82\/100 tox|[from] psn\n|upkeep\n|turn|9\n|\n|t:|1698086713\n|move|p2a: Gliscor|Protect|p2a: Gliscor\n|-singleturn|p2a: Gliscor|Protect\n|move|p1a: Giratina|Defog|p2a: Gliscor\n|-activate|p2a: Gliscor|move: Protect\n|\n|-damage|p1a: Giratina|70\/100 tox|[from] psn\n|upkeep\n|turn|10\n|\n|t:|1698086717\n|move|p1a: Giratina|Defog|p2a: Gliscor\n|-unboost|p2a: Gliscor|evasion|1\n|-sideend|p1: IoSonoNeon|Stealth Rock|[from] move: Defog|[of] p1a: Giratina\n|move|p2a: Gliscor|Spikes|p1a: Giratina\n|-sidestart|p1: IoSonoNeon|Spikes\n|\n|-damage|p1a: Giratina|51\/100 tox|[from] psn\n|upkeep\n|turn|11\n|\n|t:|1698086725\n|switch|p1a: Arceus|Arceus-Fairy|100\/100\n|-damage|p1a: Arceus|88\/100|[from] Spikes\n|move|p2a: Gliscor|Protect||[still]\n|-fail|p2a: Gliscor\n|\n|upkeep\n|turn|12\n|\n|t:|1698086732\n|-terastallize|p1a: Arceus|Poison\n|move|p1a: Arceus|Calm Mind|p1a: Arceus\n|-boost|p1a: Arceus|spa|1\n|-boost|p1a: Arceus|spd|1\n|move|p2a: Gliscor|Toxic|p1a: Arceus\n|-immune|p1a: Arceus\n|\n|upkeep\n|turn|13\n|\n|t:|1698086735\n|switch|p2a: Clodsire|Clodsire, F|100\/100\n|move|p1a: Arceus|Calm Mind|p1a: Arceus\n|-boost|p1a: Arceus|spa|1\n|-boost|p1a: Arceus|spd|1\n|\n|upkeep\n|turn|14\n|\n|t:|1698086738\n|move|p1a: Arceus|Earth Power|p2a: Clodsire\n|-supereffective|p2a: Clodsire\n|-damage|p2a: Clodsire|48\/100\n|move|p2a: Clodsire|Haze|p2a: Clodsire\n|-clearallboost\n|\n|upkeep\n|turn|15\n|\n|t:|1698086742\n|move|p1a: Arceus|Calm Mind|p1a: Arceus\n|-boost|p1a: Arceus|spa|1\n|-boost|p1a: Arceus|spd|1\n|move|p2a: Clodsire|Recover|p2a: Clodsire\n|-heal|p2a: Clodsire|98\/100\n|\n|upkeep\n|turn|16\n|\n|t:|1698086746\n|-terastallize|p2a: Clodsire|Ice\n|move|p1a: Arceus|Earth Power|p2a: Clodsire\n|-damage|p2a: Clodsire|77\/100\n|-unboost|p2a: Clodsire|spd|1\n|move|p2a: Clodsire|Earthquake|p1a: Arceus\n|-supereffective|p1a: Arceus\n|-damage|p1a: Arceus|56\/100\n|\n|upkeep\n|turn|17\n|\n|t:|1698086755\n|switch|p2a: helena|Clefable, F|94\/100 brn\n|move|p1a: Arceus|Judgment|p2a: helena\n|-damage|p2a: helena|48\/100 brn\n|\n|-damage|p2a: helena|42\/100 brn|[from] brn\n|upkeep\n|turn|18\n|\n|t:|1698086758\n|switch|p2a: Clodsire|Clodsire, F, tera:Ice|77\/100\n|move|p1a: Arceus|Judgment|p2a: Clodsire\n|-damage|p2a: Clodsire|35\/100\n|\n|upkeep\n|turn|19\n|\n|t:|1698086765\n|move|p1a: Arceus|Judgment|p2a: Clodsire\n|-damage|p2a: Clodsire|0 fnt\n|faint|p2a: Clodsire\n|\n|upkeep\n|\n|t:|1698086766\n|switch|p2a: Arceus|Arceus|100\/100\n|turn|20\n|\n|t:|1698086768\n|move|p1a: Arceus|Recover|p1a: Arceus\n|-heal|p1a: Arceus|100\/100\n|move|p2a: Arceus|Dragon Dance|p2a: Arceus\n|-boost|p2a: Arceus|atk|1\n|-boost|p2a: Arceus|spe|1\n|\n|upkeep\n|turn|21\n|j|+OreoSpeedruns\n|\n|t:|1698086774\n|switch|p1a: Giratina|Giratina-Origin|51\/100 tox\n|move|p2a: Arceus|Earthquake|p1a: Giratina\n|-immune|p1a: Giratina|[from] ability: Levitate\n|\n|-damage|p1a: Giratina|45\/100 tox|[from] psn\n|upkeep\n|turn|22\n|\n|t:|1698086778\n|switch|p2a: Gliscor|Gliscor, F|100\/100 tox\n|move|p1a: Giratina|Will-O-Wisp||[still]\n|-fail|p1a: Giratina\n|\n|-damage|p1a: Giratina|32\/100 tox|[from] psn\n|upkeep\n|turn|23\n|\n|t:|1698086786\n|move|p2a: Gliscor|Protect|p2a: Gliscor\n|-singleturn|p2a: Gliscor|Protect\n|move|p1a: Giratina|Hex|p2a: Gliscor\n|-activate|p2a: Gliscor|move: Protect\n|\n|-damage|p1a: Giratina|14\/100 tox|[from] psn\n|upkeep\n|turn|24\n|\n|t:|1698086793\n|switch|p2a: Arceus|Arceus|100\/100\n|move|p1a: Giratina|Defog|p2a: Arceus\n|-unboost|p2a: Arceus|evasion|1\n|-sideend|p1: IoSonoNeon|Spikes|[from] move: Defog|[of] p1a: Giratina\n|\n|-damage|p1a: Giratina|0 fnt|[from] psn\n|faint|p1a: Giratina\n|upkeep\n|\n|t:|1698086803\n|switch|p1a: Zacian|Zacian-Crowned|100\/100\n|-ability|p1a: Zacian|Intrepid Sword|boost\n|-boost|p1a: Zacian|atk|1\n|turn|25\n|\n|t:|1698086808\n|switch|p2a: Gliscor|Gliscor, F|100\/100 tox\n|move|p1a: Zacian|Swords Dance|p1a: Zacian\n|-boost|p1a: Zacian|atk|2\n|\n|upkeep\n|turn|26\n|\n|t:|1698086811\n|move|p1a: Zacian|Substitute|p1a: Zacian\n|-start|p1a: Zacian|Substitute\n|-damage|p1a: Zacian|76\/100\n|move|p2a: Gliscor|Earthquake|p1a: Zacian\n|-supereffective|p1a: Zacian\n|-end|p1a: Zacian|Substitute\n|\n|upkeep\n|turn|27\n|\n|t:|1698086817\n|move|p1a: Zacian|Behemoth Blade|p2a: Gliscor\n|-damage|p2a: Gliscor|17\/100 tox\n|move|p2a: Gliscor|Earthquake|p1a: Zacian\n|-supereffective|p1a: Zacian\n|-damage|p1a: Zacian|14\/100\n|\n|-heal|p2a: Gliscor|30\/100 tox|[from] ability: Poison Heal\n|upkeep\n|turn|28\n|\n|t:|1698086825\n|switch|p2a: helena|Clefable, F|42\/100 brn\n|move|p1a: Zacian|Play Rough|p2a: helena\n|-damage|p2a: helena|1\/100 brn\n|\n|-damage|p2a: helena|0 fnt|[from] brn\n|faint|p2a: helena\n|upkeep\n|\n|t:|1698086827\n|switch|p2a: Arceus|Arceus|100\/100\n|turn|29\n|\n|t:|1698086829\n|move|p2a: Arceus|Extreme Speed|p1a: Zacian\n|-resisted|p1a: Zacian\n|-damage|p1a: Zacian|0 fnt\n|faint|p1a: Zacian\n|\n|upkeep\n|\n|t:|1698086836\n|switch|p1a: Koraidon|Koraidon|100\/100\n|-weather|SunnyDay|[from] ability: Orichalcum Pulse|[of] p1a: Koraidon\n|-activate|p1a: Koraidon|Orichalcum Pulse|[source]\n|turn|30\n|\n|t:|1698086838\n|switch|p2a: Kyogre|Kyogre|100\/100\n|-weather|RainDance|[from] ability: Drizzle|[of] p2a: Kyogre\n|move|p1a: Koraidon|Swords Dance|p1a: Koraidon\n|-boost|p1a: Koraidon|atk|2\n|\n|-weather|RainDance|[upkeep]\n|upkeep\n|turn|31\n|\n|t:|1698086843\n|move|p1a: Koraidon|Scale Shot|p2a: Kyogre|[miss]\n|-miss|p1a: Koraidon|p2a: Kyogre\n|move|p2a: Kyogre|Ice Beam|p1a: Koraidon\n|-supereffective|p1a: Koraidon\n|-damage|p1a: Koraidon|38\/100\n|\n|-weather|RainDance|[upkeep]\n|upkeep\n|turn|32\n|\n|t:|1698086845\n|move|p1a: Koraidon|Scale Shot|p2a: Kyogre\n|-damage|p2a: Kyogre|82\/100\n|-damage|p2a: Kyogre|65\/100\n|-damage|p2a: Kyogre|47\/100\n|-damage|p2a: Kyogre|30\/100\n|-hitcount|p2a: Kyogre|4\n|-unboost|p1a: Koraidon|def|1\n|-boost|p1a: Koraidon|spe|1\n|move|p2a: Kyogre|Ice Beam|p1a: Koraidon\n|-supereffective|p1a: Koraidon\n|-damage|p1a: Koraidon|0 fnt\n|faint|p1a: Koraidon\n|\n|-weather|RainDance|[upkeep]\n|upkeep\n|\n|t:|1698086853\n|switch|p1a: Arceus|Arceus-Fairy, tera:Poison|100\/100\n|turn|33\n|\n|t:|1698086863\n|switch|p2a: Arceus|Arceus|100\/100\n|move|p1a: Arceus|Judgment|p2a: Arceus\n|-damage|p2a: Arceus|66\/100\n|\n|-weather|RainDance|[upkeep]\n|upkeep\n|turn|34\n|\n|t:|1698086870\n|move|p1a: Arceus|Judgment|p2a: Arceus\n|-damage|p2a: Arceus|30\/100\n|move|p2a: Arceus|Earthquake|p1a: Arceus\n|-supereffective|p1a: Arceus\n|-damage|p1a: Arceus|61\/100\n|\n|-weather|none\n|upkeep\n|turn|35\n|\n|t:|1698086876\n|move|p1a: Arceus|Judgment|p2a: Arceus\n|-damage|p2a: Arceus|0 fnt\n|faint|p2a: Arceus\n|\n|upkeep\n|-message|corvere\u2665 forfeited.\n|\n|win|IoSonoNeon\n|n|\u2606IoSonoNeon|iosononeon\n|n|\u2606corvere\u2665|corvere\n|n| OreoSpeedruns|oreospeedruns\n|l|\u2606corvere\u2665\n","uploadtime":1698086884,"views":15,"p1id":"iosononeon","p2id":"corvere","formatid":"gen9ubers","rating":0,"private":0,"password":""}