{"id":"gen9ubers-1997130115","p1":"harmony6","p2":"Theminals","format":"[Gen 9] Ubers","log":"|j|\u2606harmony6\n|j|\u2606Theminals\n|t:|1700767532\n|gametype|singles\n|player|p1|harmony6|lass-gen4dp|\n|player|p2|Theminals|depotagent|\n|teamsize|p1|6\n|teamsize|p2|6\n|gen|9\n|tier|[Gen 9] Ubers\n|rule|Sleep Clause Mod: Limit one foe put to sleep\n|rule|Species Clause: Limit one of each Pok\u00e9mon\n|rule|OHKO Clause: OHKO moves are banned\n|rule|Evasion Items Clause: Evasion items are banned\n|rule|Evasion Moves Clause: Evasion moves are banned\n|rule|Endless Battle Clause: Forcing endless battles is banned\n|rule|HP Percentage Mod: HP is shown in percentages\n|clearpoke\n|poke|p1|Zacian-*|\n|poke|p1|Magearna|\n|poke|p1|Ursaluna, F|\n|poke|p1|Orthworm, M|\n|poke|p1|Palkia-Origin|\n|poke|p1|Arceus-Poison|\n|poke|p2|Dialga|\n|poke|p2|Zacian-*|\n|poke|p2|Arceus-Fire|\n|poke|p2|Garganacl, F|\n|poke|p2|Baxcalibur, M|\n|poke|p2|Chi-Yu|\n|teampreview\n|c|\u2606Theminals|glhf!\n|c|\u2606harmony6|U2!\n|\n|t:|1700767547\n|start\n|switch|p1a: Zacian|Zacian|100\/100\n|switch|p2a: Chi-Yu|Chi-Yu|100\/100\n|-ability|p2a: Chi-Yu|Beads of Ruin\n|-ability|p1a: Zacian|Intrepid Sword|boost\n|-boost|p1a: Zacian|atk|1\n|turn|1\n|\n|t:|1700767557\n|-terastallize|p1a: Zacian|Fairy\n|move|p2a: Chi-Yu|Overheat|p1a: Zacian|[miss]\n|-miss|p2a: Chi-Yu|p1a: Zacian\n|move|p1a: Zacian|Play Rough|p2a: Chi-Yu\n|-damage|p2a: Chi-Yu|0 fnt\n|faint|p2a: Chi-Yu\n|\n|upkeep\n|c|\u2606harmony6|Sorry\n|\n|t:|1700767586\n|switch|p2a: Zacian|Zacian|100\/100\n|-ability|p2a: Zacian|Intrepid Sword|boost\n|-boost|p2a: Zacian|atk|1\n|turn|2\n|\n|t:|1700767593\n|-terastallize|p2a: Zacian|Steel\n|move|p2a: Zacian|Iron Head|p1a: Zacian\n|-supereffective|p1a: Zacian\n|-damage|p1a: Zacian|0 fnt\n|faint|p1a: Zacian\n|\n|upkeep\n|c|\u2606harmony6|Lmao\n|c|\u2606harmony6|this is one hell of a battle\n|c|\u2606Theminals|Well call it even lol\n|\n|t:|1700767607\n|switch|p1a: Orthworm|Orthworm, M|100\/100\n|turn|3\n|\n|t:|1700767619\n|switch|p2a: Arceus|Arceus-Fire|100\/100\n|move|p1a: Orthworm|Iron Defense|p1a: Orthworm\n|-boost|p1a: Orthworm|def|2\n|\n|upkeep\n|turn|4\n|\n|t:|1700767626\n|switch|p1a: Palkia|Palkia-Origin, shiny|100\/100\n|-ability|p1a: Palkia|Pressure\n|move|p2a: Arceus|Judgment|p1a: Palkia\n|-resisted|p1a: Palkia\n|-damage|p1a: Palkia|89\/100\n|\n|upkeep\n|turn|5\n|\n|t:|1700767643\n|switch|p2a: Dialga|Dialga|100\/100\n|-ability|p2a: Dialga|Pressure\n|move|p1a: Palkia|Substitute|p1a: Palkia\n|-start|p1a: Palkia|Substitute\n|-damage|p1a: Palkia|64\/100\n|\n|upkeep\n|turn|6\n|\n|t:|1700767650\n|move|p1a: Palkia|Earth Power|p2a: Dialga\n|-supereffective|p2a: Dialga\n|-damage|p2a: Dialga|64\/100\n|move|p2a: Dialga|Earth Power|p1a: Palkia\n|-end|p1a: Palkia|Substitute\n|\n|upkeep\n|turn|7\n|\n|t:|1700767657\n|switch|p1a: Magearna|Magearna|100\/100\n|move|p2a: Dialga|Earth Power|p1a: Magearna\n|-supereffective|p1a: Magearna\n|-damage|p1a: Magearna|31\/100\n|\n|upkeep\n|turn|8\n|\n|t:|1700767663\n|switch|p1a: Orthworm|Orthworm, M|100\/100\n|move|p2a: Dialga|Flash Cannon|p1a: Orthworm\n|-resisted|p1a: Orthworm\n|-damage|p1a: Orthworm|63\/100\n|\n|upkeep\n|turn|9\n|\n|t:|1700767668\n|move|p2a: Dialga|Flamethrower|p1a: Orthworm\n|-supereffective|p1a: Orthworm\n|-damage|p1a: Orthworm|0 fnt\n|faint|p1a: Orthworm\n|\n|upkeep\n|\n|t:|1700767677\n|switch|p1a: Ursaluna|Ursaluna, F|100\/100\n|turn|10\n|c|\u2606harmony6|Oooookay\n|\n|t:|1700767681\n|move|p2a: Dialga|Draco Meteor|p1a: Ursaluna\n|-damage|p1a: Ursaluna|23\/100\n|-unboost|p2a: Dialga|spa|2\n|move|p1a: Ursaluna|Earthquake|p2a: Dialga\n|-supereffective|p2a: Dialga\n|-damage|p2a: Dialga|0 fnt\n|faint|p2a: Dialga\n|\n|-status|p1a: Ursaluna|brn|[from] item: Flame Orb\n|upkeep\n|c|\u2606harmony6|This is already cursed af\n|\n|t:|1700767699\n|switch|p2a: Baxcalibur|Baxcalibur, M|100\/100\n|turn|11\n|\n|t:|1700767704\n|switch|p1a: Palkia|Palkia-Origin, shiny|64\/100\n|-ability|p1a: Palkia|Pressure\n|move|p2a: Baxcalibur|Scale Shot|p1a: Palkia\n|-supereffective|p1a: Palkia\n|-damage|p1a: Palkia|28\/100\n|-supereffective|p1a: Palkia\n|-damage|p1a: Palkia|0 fnt\n|faint|p1a: Palkia\n|-hitcount|p1: Palkia|2\n|-unboost|p2a: Baxcalibur|def|1\n|-boost|p2a: Baxcalibur|spe|1\n|\n|upkeep\n|\n|t:|1700767708\n|switch|p1a: Arceus|Arceus-Poison|100\/100\n|turn|12\n|\n|t:|1700767713\n|move|p2a: Baxcalibur|Swords Dance|p2a: Baxcalibur\n|-boost|p2a: Baxcalibur|atk|2\n|move|p1a: Arceus|Judgment|p2a: Baxcalibur\n|-damage|p2a: Baxcalibur|50\/100\n|\n|upkeep\n|turn|13\n|\n|t:|1700767718\n|move|p2a: Baxcalibur|Earthquake|p1a: Arceus\n|-supereffective|p1a: Arceus\n|-damage|p1a: Arceus|14\/100\n|move|p1a: Arceus|Judgment|p2a: Baxcalibur\n|-damage|p2a: Baxcalibur|2\/100\n|\n|upkeep\n|turn|14\n|c|\u2606harmony6|Ggs\n|\n|t:|1700767724\n|move|p2a: Baxcalibur|Ice Shard|p1a: Arceus\n|-damage|p1a: Arceus|0 fnt\n|faint|p1a: Arceus\n|\n|upkeep\n|\n|t:|1700767725\n|switch|p1a: Magearna|Magearna|31\/100\n|turn|15\n|\n|t:|1700767727\n|move|p2a: Baxcalibur|Earthquake|p1a: Magearna\n|-supereffective|p1a: Magearna\n|-damage|p1a: Magearna|0 fnt\n|faint|p1a: Magearna\n|\n|upkeep\n|\n|t:|1700767729\n|switch|p1a: Ursaluna|Ursaluna, F|23\/100 brn\n|turn|16\n|\n|t:|1700767730\n|move|p2a: Baxcalibur|Ice Shard|p1a: Ursaluna\n|-supereffective|p1a: Ursaluna\n|-damage|p1a: Ursaluna|0 fnt\n|faint|p1a: Ursaluna\n|\n|win|Theminals\n|l|\u2606harmony6\n|c|\u2606Theminals|gg\n","uploadtime":1700767738,"views":4,"p1id":"harmony6","p2id":"theminals","formatid":"gen9ubers","rating":0,"private":0,"password":""}