{"id":"gen9ubers-1976305910","p1":"vandenta","p2":"Marabo","format":"[Gen 9] Ubers","log":"|j|\u2606vandenta\n|j|\u2606Marabo\n|t:|1698284575\n|gametype|singles\n|player|p1|vandenta|102|\n|player|p2|Marabo|hiker-gen4|\n|teamsize|p1|6\n|teamsize|p2|6\n|gen|9\n|tier|[Gen 9] Ubers\n|rule|Sleep Clause Mod: Limit one foe put to sleep\n|rule|Species Clause: Limit one of each Pok\u00e9mon\n|rule|OHKO Clause: OHKO moves are banned\n|rule|Evasion Items Clause: Evasion items are banned\n|rule|Evasion Moves Clause: Evasion moves are banned\n|rule|Endless Battle Clause: Forcing endless battles is banned\n|rule|HP Percentage Mod: HP is shown in percentages\n|clearpoke\n|poke|p1|Slowking-Galar, F|\n|poke|p1|Baxcalibur, M|\n|poke|p1|Masquerain, F|\n|poke|p1|Lucario, F|\n|poke|p1|Hoopa|\n|poke|p1|Milotic, M|\n|poke|p2|Forretress, F|\n|poke|p2|Pelipper, M|\n|poke|p2|Floatzel, M|\n|poke|p2|Eelektross, M|\n|poke|p2|Basculegion-F, F|\n|poke|p2|Heracross, M|\n|teampreview\n|\n|t:|1698284598\n|start\n|switch|p1a: Milotic|Milotic, M|100\/100\n|switch|p2a: The Wonder of You|Basculegion-F, F|100\/100\n|turn|1\n|\n|t:|1698284610\n|move|p2a: The Wonder of You|Flip Turn|p1a: Milotic\n|-resisted|p1a: Milotic\n|-damage|p1a: Milotic|92\/100\n|-start|p2a: The Wonder of You|Attract|[from] ability: Cute Charm|[of] p1a: Milotic\n|\n|t:|1698284614\n|switch|p2a: Flesh Bud|Eelektross, M|100\/100|[from] Flip Turn\n|move|p1a: Milotic|Hypnosis|p2a: Flesh Bud\n|-status|p2a: Flesh Bud|slp|[from] move: Hypnosis\n|\n|-heal|p1a: Milotic|98\/100|[from] item: Leftovers\n|upkeep\n|turn|2\n|\n|t:|1698284622\n|move|p1a: Milotic|Flip Turn|p2a: Flesh Bud\n|-damage|p2a: Flesh Bud|90\/100 slp\n|\n|t:|1698284628\n|switch|p1a: Baxcalibur|Baxcalibur, M|100\/100|[from] Flip Turn\n|cant|p2a: Flesh Bud|slp\n|\n|upkeep\n|turn|3\n|\n|t:|1698284645\n|switch|p2a: Steel Ball Run|Forretress, F|100\/100\n|move|p1a: Baxcalibur|Substitute|p1a: Baxcalibur\n|-start|p1a: Baxcalibur|Substitute\n|-damage|p1a: Baxcalibur|76\/100\n|\n|upkeep\n|turn|4\n|\n|t:|1698284652\n|move|p1a: Baxcalibur|Dragon Dance|p1a: Baxcalibur\n|-boost|p1a: Baxcalibur|atk|1\n|-boost|p1a: Baxcalibur|spe|1\n|move|p2a: Steel Ball Run|Gyro Ball|p1a: Baxcalibur\n|-supereffective|p1a: Baxcalibur\n|-end|p1a: Baxcalibur|Substitute\n|\n|upkeep\n|turn|5\n|\n|t:|1698284666\n|switch|p1a: Slowking|Slowking-Galar, F|100\/100\n|move|p2a: Steel Ball Run|Gyro Ball|p1a: Slowking\n|-damage|p1a: Slowking|92\/100\n|\n|-heal|p1a: Slowking|98\/100|[from] item: Black Sludge\n|upkeep\n|turn|6\n|\n|t:|1698284674\n|move|p1a: Slowking|Future Sight|p2a: Steel Ball Run\n|-start|p1a: Slowking|move: Future Sight\n|move|p2a: Steel Ball Run|Stealth Rock|p1a: Slowking\n|-sidestart|p1: vandenta|move: Stealth Rock\n|\n|-heal|p1a: Slowking|100\/100|[from] item: Black Sludge\n|upkeep\n|turn|7\n|\n|t:|1698284684\n|move|p1a: Slowking|Flamethrower|p2a: Steel Ball Run\n|-supereffective|p2a: Steel Ball Run\n|-ability|p2a: Steel Ball Run|Sturdy\n|-damage|p2a: Steel Ball Run|1\/100\n|move|p2a: Steel Ball Run|Earthquake|p1a: Slowking\n|-supereffective|p1a: Slowking\n|-damage|p1a: Slowking|73\/100\n|\n|-heal|p1a: Slowking|79\/100|[from] item: Black Sludge\n|-heal|p2a: Steel Ball Run|7\/100|[from] item: Leftovers\n|upkeep\n|turn|8\n|\n|t:|1698284696\n|switch|p2a: Gappy|Pelipper, M, shiny|100\/100\n|-weather|RainDance|[from] ability: Drizzle|[of] p2a: Gappy\n|move|p1a: Slowking|Future Sight||[still]\n|-fail|p1a: Slowking\n|\n|-weather|RainDance|[upkeep]\n|-end|p2a: Gappy|move: Future Sight\n|-damage|p2a: Gappy|53\/100\n|-heal|p1a: Slowking|85\/100|[from] item: Black Sludge\n|upkeep\n|turn|9\n|c|\u2606vandenta|misclick\n|\n|t:|1698284706\n|move|p2a: Gappy|Roost|p2a: Gappy\n|-heal|p2a: Gappy|100\/100\n|-singleturn|p2a: Gappy|move: Roost\n|move|p1a: Slowking|Chilly Reception|p1a: Slowking\n|-weather|Snow\n|\n|t:|1698284719\n|switch|p1a: Hoopa|Hoopa|100\/100|[from] Chilly Reception\n|-damage|p1a: Hoopa|88\/100|[from] Stealth Rock\n|\n|-weather|Snow|[upkeep]\n|upkeep\n|turn|10\n|\n|t:|1698284724\n|move|p1a: Hoopa|Thunderbolt|p2a: Gappy\n|-supereffective|p2a: Gappy\n|-damage|p2a: Gappy|0 fnt\n|faint|p2a: Gappy\n|\n|-weather|Snow|[upkeep]\n|upkeep\n|\n|t:|1698284744\n|switch|p2a: Josuke Higsahkita|Heracross, M|100\/100\n|turn|11\n|\n|t:|1698284759\n|switch|p1a: Lucario|Lucario, F|100\/100\n|-damage|p1a: Lucario|98\/100|[from] Stealth Rock\n|move|p2a: Josuke Higsahkita|Throat Chop|p1a: Lucario\n|-resisted|p1a: Lucario\n|-damage|p1a: Lucario|77\/100\n|-start|p1a: Lucario|Throat Chop|[silent]\n|-ability|p1a: Lucario|Justified|boost\n|-boost|p1a: Lucario|atk|1\n|\n|-weather|Snow|[upkeep]\n|-status|p2a: Josuke Higsahkita|brn|[from] item: Flame Orb\n|upkeep\n|turn|12\n|\n|t:|1698284775\n|switch|p2a: The Wonder of You|Basculegion-F, F|100\/100\n|move|p1a: Lucario|Extreme Speed|p2a: The Wonder of You\n|-immune|p2a: The Wonder of You\n|\n|-weather|Snow|[upkeep]\n|-end|p1a: Lucario|Throat Chop|[silent]\n|upkeep\n|turn|13\n|\n|t:|1698284823\n|move|p2a: The Wonder of You|Shadow Ball|p1a: Lucario\n|-damage|p1a: Lucario|0 fnt\n|faint|p1a: Lucario\n|\n|-weather|none\n|upkeep\n|\n|t:|1698284834\n|switch|p1a: Milotic|Milotic, M|98\/100\n|-damage|p1a: Milotic|86\/100|[from] Stealth Rock\n|turn|14\n|\n|t:|1698284840\n|switch|p2a: Josuke Higsahkita|Heracross, M|100\/100 brn\n|move|p1a: Milotic|Hypnosis||[still]\n|-fail|p1a: Milotic\n|\n|-heal|p1a: Milotic|92\/100|[from] item: Leftovers\n|-damage|p2a: Josuke Higsahkita|95\/100 brn|[from] brn\n|upkeep\n|turn|15\n|\n|t:|1698284876\n|move|p2a: Josuke Higsahkita|Trailblaze|p1a: Milotic\n|-supereffective|p1a: Milotic\n|-damage|p1a: Milotic|55\/100\n|-boost|p2a: Josuke Higsahkita|spe|1\n|move|p1a: Milotic|Flip Turn|p2a: Josuke Higsahkita\n|-damage|p2a: Josuke Higsahkita|77\/100 brn\n|\n|t:|1698284895\n|switch|p1a: Slowking|Slowking-Galar, F|100\/100|[from] Flip Turn\n|-damage|p1a: Slowking|88\/100|[from] Stealth Rock\n|\n|-heal|p1a: Slowking|94\/100|[from] item: Black Sludge\n|-damage|p2a: Josuke Higsahkita|71\/100 brn|[from] brn\n|upkeep\n|turn|16\n|\n|t:|1698284904\n|-terastallize|p2a: Josuke Higsahkita|Dark\n|move|p2a: Josuke Higsahkita|Throat Chop|p1a: Slowking\n|-supereffective|p1a: Slowking\n|-damage|p1a: Slowking|3\/100\n|-start|p1a: Slowking|Throat Chop|[silent]\n|move|p1a: Slowking|Flamethrower|p2a: Josuke Higsahkita\n|-damage|p2a: Josuke Higsahkita|45\/100 brn\n|\n|-heal|p1a: Slowking|9\/100|[from] item: Black Sludge\n|-damage|p2a: Josuke Higsahkita|39\/100 brn|[from] brn\n|upkeep\n|turn|17\n|\n|t:|1698284930\n|move|p2a: Josuke Higsahkita|Throat Chop|p1a: Slowking\n|-supereffective|p1a: Slowking\n|-damage|p1a: Slowking|0 fnt\n|faint|p1a: Slowking\n|\n|-damage|p2a: Josuke Higsahkita|33\/100 brn|[from] brn\n|upkeep\n|\n|t:|1698284941\n|switch|p1a: Milotic|Milotic, M|55\/100\n|-damage|p1a: Milotic|43\/100|[from] Stealth Rock\n|turn|18\n|\n|t:|1698284946\n|move|p2a: Josuke Higsahkita|Close Combat|p1a: Milotic\n|-damage|p1a: Milotic|0 fnt\n|-unboost|p2a: Josuke Higsahkita|def|1\n|-unboost|p2a: Josuke Higsahkita|spd|1\n|faint|p1a: Milotic\n|\n|-damage|p2a: Josuke Higsahkita|27\/100 brn|[from] brn\n|upkeep\n|\n|t:|1698284951\n|switch|p1a: Baxcalibur|Baxcalibur, M|76\/100\n|turn|19\n|\n|t:|1698284965\n|move|p1a: Baxcalibur|Ice Shard|p2a: Josuke Higsahkita\n|-damage|p2a: Josuke Higsahkita|0 fnt\n|faint|p2a: Josuke Higsahkita\n|\n|upkeep\n|\n|t:|1698284984\n|switch|p2a: The Wonder of You|Basculegion-F, F|100\/100\n|turn|20\n|\n|t:|1698284999\n|switch|p1a: Masquerain|Masquerain, F|100\/100\n|-damage|p1a: Masquerain|51\/100|[from] Stealth Rock\n|-ability|p1a: Masquerain|Intimidate|boost\n|-unboost|p2a: The Wonder of You|atk|1\n|move|p2a: The Wonder of You|Shadow Ball|p1a: Masquerain\n|-damage|p1a: Masquerain|0 fnt\n|faint|p1a: Masquerain\n|\n|upkeep\n|\n|t:|1698285003\n|switch|p1a: Baxcalibur|Baxcalibur, M|76\/100\n|turn|21\n|\n|t:|1698285019\n|move|p2a: The Wonder of You|Shadow Ball|p1a: Baxcalibur\n|-damage|p1a: Baxcalibur|23\/100\n|-unboost|p1a: Baxcalibur|spd|1\n|move|p1a: Baxcalibur|Dragon Dance|p1a: Baxcalibur\n|-boost|p1a: Baxcalibur|atk|1\n|-boost|p1a: Baxcalibur|spe|1\n|\n|upkeep\n|turn|22\n|\n|t:|1698285026\n|move|p1a: Baxcalibur|Glaive Rush|p2a: The Wonder of You\n|-damage|p2a: The Wonder of You|0 fnt\n|-singlemove|p1a: Baxcalibur|Glaive Rush|[silent]\n|faint|p2a: The Wonder of You\n|\n|upkeep\n|\n|t:|1698285034\n|switch|p2a: Enrico Pucci|Floatzel, M, shiny|100\/100\n|turn|23\n|\n|t:|1698285049\n|move|p2a: Enrico Pucci|Aqua Jet|p1a: Baxcalibur\n|-resisted|p1a: Baxcalibur\n|-damage|p1a: Baxcalibur|0 fnt\n|faint|p1a: Baxcalibur\n|\n|upkeep\n|\n|t:|1698285054\n|switch|p1a: Hoopa|Hoopa|88\/100\n|-damage|p1a: Hoopa|76\/100|[from] Stealth Rock\n|turn|24\n|\n|t:|1698285067\n|switch|p2a: Steel Ball Run|Forretress, F|7\/100\n|-terastallize|p1a: Hoopa|Ghost\n|move|p1a: Hoopa|Trick Room|p1a: Hoopa\n|-fieldstart|move: Trick Room|[of] p1a: Hoopa\n|\n|-heal|p2a: Steel Ball Run|13\/100|[from] item: Leftovers\n|upkeep\n|turn|25\n|\n|t:|1698285085\n|move|p2a: Steel Ball Run|Gyro Ball|p1a: Hoopa\n|-damage|p1a: Hoopa|52\/100\n|move|p1a: Hoopa|Shadow Ball|p2a: Steel Ball Run\n|-damage|p2a: Steel Ball Run|0 fnt\n|faint|p2a: Steel Ball Run\n|\n|upkeep\n|\n|t:|1698285096\n|switch|p2a: Flesh Bud|Eelektross, M|90\/100 slp\n|turn|26\n|\n|t:|1698285103\n|cant|p2a: Flesh Bud|slp\n|move|p1a: Hoopa|Shadow Ball|p2a: Flesh Bud\n|-damage|p2a: Flesh Bud|42\/100 slp\n|\n|upkeep\n|turn|27\n|\n|t:|1698285109\n|-curestatus|p2a: Flesh Bud|slp|[msg]\n|move|p2a: Flesh Bud|Thunder|p1a: Hoopa\n|-damage|p1a: Hoopa|18\/100\n|move|p1a: Hoopa|Shadow Ball|p2a: Flesh Bud\n|-damage|p2a: Flesh Bud|0 fnt\n|faint|p2a: Flesh Bud\n|\n|upkeep\n|\n|t:|1698285117\n|switch|p2a: Enrico Pucci|Floatzel, M, shiny|100\/100\n|turn|28\n|c|\u2606vandenta|gg\n|c|\u2606vandenta|g3 gonna be good\n|\n|t:|1698285135\n|move|p1a: Hoopa|Thunderbolt|p2a: Enrico Pucci\n|-supereffective|p2a: Enrico Pucci\n|-damage|p2a: Enrico Pucci|0 fnt\n|faint|p2a: Enrico Pucci\n|\n|win|vandenta\n|c|\u2606vandenta|yoooooo\n|c|\u2606vandenta|y no aqua jet\n|c|\u2606Marabo|i didnt think aqua jet would go first\n|c|\u2606vandenta|wait\n|c|\u2606Marabo|it was trick room\n|c|\u2606vandenta|am i tripping does priority go last in trick room\n|c|\u2606Marabo|thats what i was thinking\n|c|\u2606vandenta|ive never had that thought lol\n|c|\u2606vandenta|oh i looked it up u right\n","uploadtime":1698285229,"views":23,"p1id":"vandenta","p2id":"marabo","formatid":"gen9ubers","rating":0,"private":0,"password":""}