{"id":"gen9ubers-1997740384","p1":"IoSonoNeon","p2":"PLLV51 Staller","format":"[Gen 9] Ubers","log":"|j|\u2606IoSonoNeon\n|j|\u2606PLLV51 Staller\n|t:|1700847635\n|gametype|singles\n|player|p1|IoSonoNeon|#dpppliii|\n|player|p2|PLLV51 Staller|red|\n|teamsize|p1|6\n|teamsize|p2|6\n|gen|9\n|tier|[Gen 9] Ubers\n|rated|Tournament battle\n|rule|Sleep Clause Mod: Limit one foe put to sleep\n|rule|Species Clause: Limit one of each Pok\u00e9mon\n|rule|OHKO Clause: OHKO moves are banned\n|rule|Evasion Items Clause: Evasion items are banned\n|rule|Evasion Moves Clause: Evasion moves are banned\n|rule|Endless Battle Clause: Forcing endless battles is banned\n|rule|HP Percentage Mod: HP is shown in percentages\n|clearpoke\n|poke|p1|Zacian-*|\n|poke|p1|Koraidon|\n|poke|p1|Ting-Lu|\n|poke|p1|Eternatus|\n|poke|p1|Landorus-Therian, M|\n|poke|p1|Arceus-Water|\n|poke|p2|Ribombee, F|\n|poke|p2|Mewtwo|\n|poke|p2|Miraidon|\n|poke|p2|Eternatus|\n|poke|p2|Zacian-*|\n|poke|p2|Arceus|\n|teampreview\n|c|\u2606PLLV51 Staller|glgl\n|\n|t:|1700847640\n|start\n|switch|p1a: Landorus|Landorus-Therian, M|100\/100\n|switch|p2a: Ribombee|Ribombee, F, shiny|100\/100\n|-ability|p1a: Landorus|Intimidate|boost\n|-unboost|p2a: Ribombee|atk|1\n|turn|1\n|j| bbleed\n|\n|t:|1700847652\n|move|p2a: Ribombee|Sticky Web|p1a: Landorus\n|-sidestart|p1: IoSonoNeon|move: Sticky Web\n|move|p1a: Landorus|U-turn|p2a: Ribombee\n|-resisted|p2a: Ribombee\n|-crit|p2a: Ribombee\n|-damage|p2a: Ribombee|65\/100\n|\n|t:|1700847661\n|switch|p1a: Eternatus|Eternatus|100\/100|[from] U-turn\n|-ability|p1a: Eternatus|Pressure\n|\n|upkeep\n|turn|2\n|\n|t:|1700847674\n|move|p1a: Eternatus|Flamethrower|p2a: Ribombee\n|-supereffective|p2a: Ribombee\n|-damage|p2a: Ribombee|0 fnt\n|faint|p2a: Ribombee\n|\n|upkeep\n|\n|t:|1700847695\n|switch|p2a: Arceus|Arceus|100\/100\n|turn|3\n|\n|t:|1700847700\n|switch|p1a: Landorus|Landorus-Therian, M|100\/100\n|-ability|p1a: Landorus|Intimidate|boost\n|-unboost|p2a: Arceus|atk|1\n|move|p2a: Arceus|Swords Dance|p2a: Arceus\n|-boost|p2a: Arceus|atk|2\n|\n|upkeep\n|turn|4\n|\n|t:|1700847707\n|move|p2a: Arceus|Swords Dance|p2a: Arceus\n|-boost|p2a: Arceus|atk|2\n|move|p1a: Landorus|Stealth Rock|p2a: Arceus\n|-sidestart|p2: PLLV51 Staller|move: Stealth Rock\n|\n|upkeep\n|turn|5\n|\n|t:|1700847718\n|move|p2a: Arceus|Extreme Speed|p1a: Landorus\n|-damage|p1a: Landorus|24\/100\n|-damage|p2a: Arceus|84\/100|[from] item: Rocky Helmet|[of] p1a: Landorus\n|move|p1a: Landorus|Earthquake|p2a: Arceus\n|-crit|p2a: Arceus\n|-damage|p2a: Arceus|33\/100\n|\n|upkeep\n|turn|6\n|\n|t:|1700847846\n|move|p2a: Arceus|Extreme Speed|p1a: Landorus\n|-damage|p1a: Landorus|0 fnt\n|-damage|p2a: Arceus|17\/100|[from] item: Rocky Helmet|[of] p1a: Landorus\n|faint|p1a: Landorus\n|\n|upkeep\n|\n|t:|1700847892\n|switch|p1a: Eternatus|Eternatus|100\/100\n|-ability|p1a: Eternatus|Pressure\n|turn|7\n|j| default0\n|\n|t:|1700847963\n|move|p2a: Arceus|Extreme Speed|p1a: Eternatus\n|-damage|p1a: Eternatus|14\/100\n|move|p1a: Eternatus|Dynamax Cannon|p2a: Arceus\n|-damage|p2a: Arceus|0 fnt\n|faint|p2a: Arceus\n|\n|upkeep\n|\n|t:|1700847970\n|switch|p2a: Zacian|Zacian-Crowned, shiny|100\/100\n|-damage|p2a: Zacian|94\/100|[from] Stealth Rock\n|-ability|p2a: Zacian|Intrepid Sword|boost\n|-boost|p2a: Zacian|atk|1\n|turn|8\n|\n|t:|1700848027\n|move|p2a: Zacian|Behemoth Blade|p1a: Eternatus\n|-damage|p1a: Eternatus|0 fnt\n|faint|p1a: Eternatus\n|\n|upkeep\n|\n|t:|1700848044\n|switch|p1a: Koraidon|Koraidon|100\/100\n|-activate|p1a: Koraidon|move: Sticky Web\n|-unboost|p1a: Koraidon|spe|1\n|-weather|SunnyDay|[from] ability: Orichalcum Pulse|[of] p1a: Koraidon\n|-activate|p1a: Koraidon|Orichalcum Pulse|[source]\n|turn|9\n|\n|t:|1700848084\n|switch|p2a: Eternatus|Eternatus|100\/100\n|-damage|p2a: Eternatus|88\/100|[from] Stealth Rock\n|-ability|p2a: Eternatus|Pressure\n|-terastallize|p1a: Koraidon|Fairy\n|move|p1a: Koraidon|Flare Blitz|p2a: Eternatus\n|-resisted|p2a: Eternatus\n|-damage|p2a: Eternatus|58\/100\n|-status|p2a: Eternatus|brn\n|-damage|p1a: Koraidon|87\/100|[from] Recoil\n|\n|-weather|SunnyDay|[upkeep]\n|-heal|p2a: Eternatus|64\/100 brn|[from] item: Leftovers\n|-damage|p2a: Eternatus|58\/100 brn|[from] brn\n|upkeep\n|turn|10\n|c|\u2606PLLV51 Staller|havent seen a fairy one in forever\n|\n|t:|1700848149\n|switch|p1a: Ting-Lu|Ting-Lu|100\/100\n|-activate|p1a: Ting-Lu|move: Sticky Web\n|-unboost|p1a: Ting-Lu|spe|1\n|-ability|p1a: Ting-Lu|Vessel of Ruin\n|move|p2a: Eternatus|Dynamax Cannon|p1a: Ting-Lu\n|-damage|p1a: Ting-Lu|76\/100\n|\n|-weather|SunnyDay|[upkeep]\n|-heal|p2a: Eternatus|64\/100 brn|[from] item: Leftovers\n|-heal|p1a: Ting-Lu|82\/100|[from] item: Leftovers\n|-damage|p2a: Eternatus|58\/100 brn|[from] brn\n|upkeep\n|turn|11\n|j|+OreoSpeedruns\n|\n|t:|1700848155\n|switch|p2a: Zacian|Zacian-Crowned, shiny|94\/100\n|-damage|p2a: Zacian|88\/100|[from] Stealth Rock\n|move|p1a: Ting-Lu|Earthquake|p2a: Zacian\n|-supereffective|p2a: Zacian\n|-damage|p2a: Zacian|22\/100\n|\n|-weather|SunnyDay|[upkeep]\n|-heal|p1a: Ting-Lu|88\/100|[from] item: Leftovers\n|upkeep\n|turn|12\n|\n|t:|1700848158\n|move|p2a: Zacian|Play Rough|p1a: Ting-Lu\n|-supereffective|p1a: Ting-Lu\n|-damage|p1a: Ting-Lu|29\/100\n|move|p1a: Ting-Lu|Earthquake|p2a: Zacian\n|-supereffective|p2a: Zacian\n|-damage|p2a: Zacian|0 fnt\n|faint|p2a: Zacian\n|\n|-weather|SunnyDay|[upkeep]\n|-heal|p1a: Ting-Lu|36\/100|[from] item: Leftovers\n|upkeep\n|\n|t:|1700848169\n|switch|p2a: Mewtwo|Mewtwo, shiny|100\/100\n|-damage|p2a: Mewtwo|88\/100|[from] Stealth Rock\n|-ability|p2a: Mewtwo|Pressure\n|turn|13\n|\n|t:|1700848188\n|move|p2a: Mewtwo|Grass Knot|p1a: Ting-Lu\n|-supereffective|p1a: Ting-Lu\n|-damage|p1a: Ting-Lu|0 fnt\n|faint|p1a: Ting-Lu\n|-damage|p2a: Mewtwo|78\/100|[from] item: Life Orb\n|\n|-weather|none\n|upkeep\n|\n|t:|1700848198\n|switch|p1a: Koraidon|Koraidon, tera:Fairy|87\/100\n|-activate|p1a: Koraidon|move: Sticky Web\n|-unboost|p1a: Koraidon|spe|1\n|-weather|SunnyDay|[from] ability: Orichalcum Pulse|[of] p1a: Koraidon\n|-activate|p1a: Koraidon|Orichalcum Pulse|[source]\n|turn|14\n|\n|t:|1700848217\n|move|p1a: Koraidon|Outrage|p2a: Mewtwo\n|-damage|p2a: Mewtwo|0 fnt\n|faint|p2a: Mewtwo\n|\n|-weather|SunnyDay|[upkeep]\n|upkeep\n|\n|t:|1700848233\n|switch|p2a: Miraidon|Miraidon|100\/100\n|-damage|p2a: Miraidon|88\/100|[from] Stealth Rock\n|-fieldstart|move: Electric Terrain|[from] ability: Hadron Engine|[of] p2a: Miraidon\n|turn|15\n|\n|t:|1700848278\n|move|p1a: Koraidon|Outrage|p2a: Miraidon|[from]lockedmove\n|-supereffective|p2a: Miraidon\n|-damage|p2a: Miraidon|0 fnt\n|faint|p2a: Miraidon\n|-start|p1a: Koraidon|confusion|[fatigue]\n|\n|-weather|SunnyDay|[upkeep]\n|upkeep\n|c|\u2606PLLV51 Staller|u got gg\n|-message|PLLV51 Staller forfeited.\n|\n|win|IoSonoNeon\n|n|\u2606IoSonoNeon|iosononeon\n|n|\u2606PLLV51 Staller|pllv51staller\n|n| bbleed|bbleed\n|n| default0|default0\n|n| OreoSpeedruns|oreospeedruns\n","uploadtime":1700848285,"views":1,"p1id":"iosononeon","p2id":"pllv51staller","formatid":"gen9ubers","rating":0,"private":0,"password":""}