{"id":"gen9ubers-1995123097","p1":"Uzizuzi","p2":"Hikerjd","format":"[Gen 9] Ubers","log":"|j|\u2606Uzizuzi\n|j|\u2606Hikerjd\n|t:|1700525113\n|gametype|singles\n|player|p1|Uzizuzi|workerice|1179\n|player|p2|Hikerjd|hiker-gen4|1083\n|teamsize|p1|6\n|teamsize|p2|6\n|gen|9\n|tier|[Gen 9] Ubers\n|rated|\n|rule|Sleep Clause Mod: Limit one foe put to sleep\n|rule|Species Clause: Limit one of each Pok\u00e9mon\n|rule|OHKO Clause: OHKO moves are banned\n|rule|Evasion Items Clause: Evasion items are banned\n|rule|Evasion Moves Clause: Evasion moves are banned\n|rule|Endless Battle Clause: Forcing endless battles is banned\n|rule|HP Percentage Mod: HP is shown in percentages\n|clearpoke\n|poke|p1|Ribombee, M|\n|poke|p1|Gengar, M|\n|poke|p1|Arceus|\n|poke|p1|Moltres|\n|poke|p1|Koraidon|\n|poke|p1|Groudon|\n|poke|p2|Cinderace, F|\n|poke|p2|Giratina|\n|poke|p2|Annihilape, M|\n|poke|p2|Ribombee, F|\n|poke|p2|Iron Bundle|\n|poke|p2|Skeledirge, F|\n|teampreview\n|\n|t:|1700525122\n|start\n|switch|p1a: Ribombee|Ribombee, M|100\/100\n|switch|p2a: Ribombee|Ribombee, F|100\/100\n|turn|1\n|\n|t:|1700525128\n|move|p1a: Ribombee|Sticky Web|p2a: Ribombee\n|-sidestart|p2: Hikerjd|move: Sticky Web\n|move|p2a: Ribombee|Stun Spore|p1a: Ribombee|[miss]\n|-miss|p2a: Ribombee|p1a: Ribombee\n|\n|upkeep\n|turn|2\n|\n|t:|1700525139\n|switch|p1a: Gengar|Gengar, M|100\/100\n|move|p2a: Ribombee|Sticky Web|p1a: Gengar\n|-sidestart|p1: Uzizuzi|move: Sticky Web\n|\n|upkeep\n|turn|3\n|\n|t:|1700525150\n|switch|p1a: Ribombee|Ribombee, M|100\/100\n|-activate|p1a: Ribombee|move: Sticky Web\n|-unboost|p1a: Ribombee|spe|1\n|move|p2a: Ribombee|Stun Spore|p1a: Ribombee|[miss]\n|-miss|p2a: Ribombee|p1a: Ribombee\n|\n|upkeep\n|turn|4\n|\n|t:|1700525161\n|switch|p2a: Skeledirge|Skeledirge, F, shiny|100\/100\n|-activate|p2a: Skeledirge|move: Sticky Web\n|-unboost|p2a: Skeledirge|spe|1\n|move|p1a: Ribombee|Moonblast|p2a: Skeledirge\n|-resisted|p2a: Skeledirge\n|-damage|p2a: Skeledirge|83\/100\n|\n|-heal|p2a: Skeledirge|89\/100|[from] item: Leftovers\n|upkeep\n|turn|5\n|\n|t:|1700525166\n|switch|p1a: Moltres|Moltres|100\/100\n|move|p2a: Skeledirge|Torch Song|p1a: Moltres\n|-resisted|p1a: Moltres\n|-damage|p1a: Moltres|86\/100\n|-boost|p2a: Skeledirge|spa|1\n|\n|-heal|p2a: Skeledirge|95\/100|[from] item: Leftovers\n|upkeep\n|turn|6\n|\n|t:|1700525184\n|move|p1a: Moltres|U-turn|p2a: Skeledirge\n|-resisted|p2a: Skeledirge\n|-damage|p2a: Skeledirge|92\/100\n|\n|t:|1700525199\n|switch|p1a: Groudon|Groudon|100\/100|[from] U-turn\n|-activate|p1a: Groudon|move: Sticky Web\n|-unboost|p1a: Groudon|spe|1\n|-weather|SunnyDay|[from] ability: Drought|[of] p1a: Groudon\n|move|p2a: Skeledirge|Shadow Ball|p1a: Groudon\n|-damage|p1a: Groudon|61\/100\n|\n|-weather|SunnyDay|[upkeep]\n|-heal|p1a: Groudon|68\/100|[from] item: Leftovers\n|-heal|p2a: Skeledirge|99\/100|[from] item: Leftovers\n|upkeep\n|turn|7\n|\n|t:|1700525214\n|-terastallize|p2a: Skeledirge|Flying\n|move|p1a: Groudon|Precipice Blades|p2a: Skeledirge\n|-immune|p2a: Skeledirge\n|move|p2a: Skeledirge|Torch Song|p1a: Groudon\n|-damage|p1a: Groudon|3\/100\n|-boost|p2a: Skeledirge|spa|1\n|\n|-weather|SunnyDay|[upkeep]\n|-heal|p1a: Groudon|9\/100|[from] item: Leftovers\n|-heal|p2a: Skeledirge|100\/100|[from] item: Leftovers\n|upkeep\n|turn|8\n|\n|t:|1700525219\n|move|p1a: Groudon|Spikes|p2a: Skeledirge\n|-sidestart|p2: Hikerjd|Spikes\n|move|p2a: Skeledirge|Torch Song|p1a: Groudon\n|-damage|p1a: Groudon|0 fnt\n|-boost|p2a: Skeledirge|spa|1\n|faint|p1a: Groudon\n|\n|-weather|SunnyDay|[upkeep]\n|upkeep\n|\n|t:|1700525234\n|switch|p1a: Gengar|Gengar, M|100\/100\n|-activate|p1a: Gengar|move: Sticky Web\n|-unboost|p1a: Gengar|spe|1\n|turn|9\n|\n|t:|1700525240\n|move|p1a: Gengar|Thunder Wave|p2a: Skeledirge|[miss]\n|-miss|p1a: Gengar|p2a: Skeledirge\n|move|p2a: Skeledirge|Torch Song|p1a: Gengar\n|-enditem|p1a: Gengar|Focus Sash\n|-damage|p1a: Gengar|1\/100\n|-boost|p2a: Skeledirge|spa|1\n|\n|-weather|SunnyDay|[upkeep]\n|upkeep\n|turn|10\n|\n|t:|1700525244\n|move|p1a: Gengar|Endure|p1a: Gengar\n|-singleturn|p1a: Gengar|move: Endure\n|move|p2a: Skeledirge|Torch Song|p1a: Gengar\n|-activate|p1a: Gengar|move: Endure\n|-damage|p1a: Gengar|1\/100\n|-boost|p2a: Skeledirge|spa|1\n|\n|-weather|none\n|upkeep\n|turn|11\n|\n|t:|1700525248\n|move|p1a: Gengar|Thunder Wave|p2a: Skeledirge\n|-status|p2a: Skeledirge|par\n|cant|p2a: Skeledirge|par\n|\n|upkeep\n|turn|12\n|\n|t:|1700525257\n|move|p1a: Gengar|Endure|p1a: Gengar\n|-singleturn|p1a: Gengar|move: Endure\n|move|p2a: Skeledirge|Torch Song|p1a: Gengar\n|-activate|p1a: Gengar|move: Endure\n|-damage|p1a: Gengar|1\/100\n|-boost|p2a: Skeledirge|spa|1\n|\n|upkeep\n|turn|13\n|\n|t:|1700525265\n|move|p1a: Gengar|Shadow Ball|p2a: Skeledirge\n|-damage|p2a: Skeledirge|56\/100 par\n|move|p2a: Skeledirge|Torch Song|p1a: Gengar\n|-damage|p1a: Gengar|0 fnt\n|faint|p1a: Gengar\n|\n|-heal|p2a: Skeledirge|62\/100 par|[from] item: Leftovers\n|upkeep\n|\n|t:|1700525292\n|switch|p1a: Ribombee|Ribombee, M|100\/100\n|-activate|p1a: Ribombee|move: Sticky Web\n|-unboost|p1a: Ribombee|spe|1\n|turn|14\n|\n|t:|1700525298\n|move|p1a: Ribombee|Moonblast|p2a: Skeledirge\n|-damage|p2a: Skeledirge|26\/100 par\n|move|p2a: Skeledirge|Slack Off|p2a: Skeledirge\n|-heal|p2a: Skeledirge|76\/100 par\n|\n|-heal|p2a: Skeledirge|82\/100 par|[from] item: Leftovers\n|upkeep\n|turn|15\n|\n|t:|1700525303\n|move|p1a: Ribombee|Moonblast|p2a: Skeledirge\n|-damage|p2a: Skeledirge|44\/100 par\n|move|p2a: Skeledirge|Torch Song|p1a: Ribombee\n|-supereffective|p1a: Ribombee\n|-crit|p1a: Ribombee\n|-damage|p1a: Ribombee|0 fnt\n|faint|p1a: Ribombee\n|\n|-heal|p2a: Skeledirge|50\/100 par|[from] item: Leftovers\n|upkeep\n|\n|t:|1700525320\n|switch|p1a: Koraidon|Koraidon|100\/100\n|-activate|p1a: Koraidon|move: Sticky Web\n|-unboost|p1a: Koraidon|spe|1\n|-weather|SunnyDay|[from] ability: Orichalcum Pulse|[of] p1a: Koraidon\n|-activate|p1a: Koraidon|Orichalcum Pulse|[source]\n|turn|16\n|\n|t:|1700525326\n|move|p1a: Koraidon|Flare Blitz|p2a: Skeledirge\n|-damage|p2a: Skeledirge|0 fnt\n|faint|p2a: Skeledirge\n|-damage|p1a: Koraidon|82\/100|[from] Recoil\n|\n|-weather|SunnyDay|[upkeep]\n|-heal|p1a: Koraidon|88\/100|[from] item: Leftovers\n|upkeep\n|inactive|Battle timer is ON: inactive players will automatically lose when time's up. (requested by Uzizuzi)\n|\n|t:|1700525344\n|switch|p2a: Iron Bundle|Iron Bundle|100\/100\n|-activate|p2a: Iron Bundle|move: Sticky Web\n|-unboost|p2a: Iron Bundle|spe|1\n|-damage|p2a: Iron Bundle|88\/100|[from] Spikes\n|turn|17\n|\n|t:|1700525355\n|switch|p1a: Arceus|Arceus|100\/100\n|-activate|p1a: Arceus|move: Sticky Web\n|-unboost|p1a: Arceus|spe|1\n|move|p2a: Iron Bundle|Ice Beam|p1a: Arceus\n|-damage|p1a: Arceus|66\/100\n|\n|-weather|SunnyDay|[upkeep]\n|-heal|p1a: Arceus|72\/100|[from] item: Leftovers\n|upkeep\n|turn|18\n|\n|t:|1700525366\n|move|p2a: Iron Bundle|Ice Beam|p1a: Arceus\n|-damage|p1a: Arceus|39\/100\n|move|p1a: Arceus|Calm Mind|p1a: Arceus\n|-boost|p1a: Arceus|spa|1\n|-boost|p1a: Arceus|spd|1\n|\n|-weather|SunnyDay|[upkeep]\n|-heal|p1a: Arceus|45\/100|[from] item: Leftovers\n|upkeep\n|turn|19\n|\n|t:|1700525370\n|move|p2a: Iron Bundle|Flip Turn|p1a: Arceus\n|-damage|p1a: Arceus|39\/100\n|\n|t:|1700525373\n|-end|p2a: Iron Bundle|Quark Drive|[silent]\n|switch|p2a: Ribombee|Ribombee, F|100\/100|[from] Flip Turn\n|-activate|p2a: Ribombee|move: Sticky Web\n|-unboost|p2a: Ribombee|spe|1\n|-damage|p2a: Ribombee|88\/100|[from] Spikes\n|move|p1a: Arceus|Recover|p1a: Arceus\n|-heal|p1a: Arceus|89\/100\n|\n|-weather|SunnyDay|[upkeep]\n|-heal|p1a: Arceus|95\/100|[from] item: Leftovers\n|upkeep\n|turn|20\n|\n|t:|1700525379\n|switch|p1a: Moltres|Moltres|86\/100\n|move|p2a: Ribombee|Trick|p1a: Moltres\n|-activate|p2a: Ribombee|move: Trick|[of] p1a: Moltres\n|-item|p1a: Moltres|Focus Sash|[from] move: Trick\n|-item|p2a: Ribombee|Heavy-Duty Boots|[from] move: Trick\n|\n|-weather|none\n|upkeep\n|turn|21\n|\n|t:|1700525393\n|move|p2a: Ribombee|Stun Spore|p1a: Moltres\n|-status|p1a: Moltres|par\n|move|p1a: Moltres|U-turn|p2a: Ribombee\n|-resisted|p2a: Ribombee\n|-damage|p2a: Ribombee|76\/100\n|\n|t:|1700525401\n|switch|p1a: Koraidon|Koraidon|88\/100|[from] U-turn\n|-activate|p1a: Koraidon|move: Sticky Web\n|-unboost|p1a: Koraidon|spe|1\n|-weather|SunnyDay|[from] ability: Orichalcum Pulse|[of] p1a: Koraidon\n|-activate|p1a: Koraidon|Orichalcum Pulse|[source]\n|\n|-weather|SunnyDay|[upkeep]\n|-heal|p1a: Koraidon|94\/100|[from] item: Leftovers\n|upkeep\n|turn|22\n|\n|t:|1700525404\n|move|p1a: Koraidon|Flare Blitz|p2a: Ribombee\n|-supereffective|p2a: Ribombee\n|-damage|p2a: Ribombee|0 fnt\n|faint|p2a: Ribombee\n|-damage|p1a: Koraidon|71\/100|[from] Recoil\n|\n|-weather|SunnyDay|[upkeep]\n|-heal|p1a: Koraidon|77\/100|[from] item: Leftovers\n|upkeep\n|\n|t:|1700525406\n|switch|p2a: Cinderace|Cinderace, F|100\/100\n|turn|23\n|\n|t:|1700525414\n|switch|p1a: Moltres|Moltres|86\/100 par\n|move|p2a: Cinderace|U-turn|p1a: Moltres\n|-start|p2a: Cinderace|typechange|Bug|[from] ability: Libero\n|-resisted|p1a: Moltres\n|-damage|p1a: Moltres|81\/100 par\n|\n|t:|1700525417\n|switch|p2a: Annihilape|Annihilape, M|100\/100|[from] U-turn\n|-activate|p2a: Annihilape|move: Sticky Web\n|-unboost|p2a: Annihilape|spe|1\n|-ability|p2a: Annihilape|Defiant|boost\n|-boost|p2a: Annihilape|atk|2\n|-damage|p2a: Annihilape|88\/100|[from] Spikes\n|\n|-weather|SunnyDay|[upkeep]\n|-heal|p2a: Annihilape|94\/100|[from] item: Leftovers\n|upkeep\n|turn|24\n|\n|t:|1700525427\n|move|p2a: Annihilape|Stealth Rock|p1a: Moltres\n|-sidestart|p1: Uzizuzi|move: Stealth Rock\n|move|p1a: Moltres|Fire Blast|p2a: Annihilape\n|-damage|p2a: Annihilape|46\/100\n|\n|-weather|SunnyDay|[upkeep]\n|-heal|p2a: Annihilape|52\/100|[from] item: Leftovers\n|upkeep\n|turn|25\n|\n|t:|1700525432\n|move|p2a: Annihilape|Rage Fist|p1a: Moltres\n|-damage|p1a: Moltres|21\/100 par\n|move|p1a: Moltres|Fire Blast|p2a: Annihilape|[miss]\n|-miss|p1a: Moltres|p2a: Annihilape\n|\n|-weather|none\n|-heal|p2a: Annihilape|58\/100|[from] item: Leftovers\n|upkeep\n|turn|26\n|\n|t:|1700525439\n|move|p2a: Annihilape|Bulk Up|p2a: Annihilape\n|-boost|p2a: Annihilape|atk|1\n|-boost|p2a: Annihilape|def|1\n|move|p1a: Moltres|Fire Blast|p2a: Annihilape\n|-damage|p2a: Annihilape|25\/100\n|\n|-heal|p2a: Annihilape|31\/100|[from] item: Leftovers\n|upkeep\n|turn|27\n|\n|t:|1700525442\n|move|p2a: Annihilape|Rage Fist|p1a: Moltres\n|-damage|p1a: Moltres|0 fnt\n|faint|p1a: Moltres\n|\n|-heal|p2a: Annihilape|37\/100|[from] item: Leftovers\n|upkeep\n|\n|t:|1700525449\n|switch|p1a: Koraidon|Koraidon|77\/100\n|-activate|p1a: Koraidon|move: Sticky Web\n|-unboost|p1a: Koraidon|spe|1\n|-damage|p1a: Koraidon|71\/100|[from] Stealth Rock\n|-weather|SunnyDay|[from] ability: Orichalcum Pulse|[of] p1a: Koraidon\n|-activate|p1a: Koraidon|Orichalcum Pulse|[source]\n|turn|28\n|\n|t:|1700525457\n|move|p1a: Koraidon|Flare Blitz|p2a: Annihilape\n|-damage|p2a: Annihilape|0 fnt\n|faint|p2a: Annihilape\n|-damage|p1a: Koraidon|56\/100|[from] Recoil\n|\n|-weather|SunnyDay|[upkeep]\n|-heal|p1a: Koraidon|62\/100|[from] item: Leftovers\n|upkeep\n|\n|t:|1700525463\n|switch|p2a: Giratina|Giratina|100\/100\n|-activate|p2a: Giratina|move: Sticky Web\n|-unboost|p2a: Giratina|spe|1\n|-damage|p2a: Giratina|88\/100|[from] Spikes\n|-ability|p2a: Giratina|Pressure\n|turn|29\n|\n|t:|1700525469\n|move|p1a: Koraidon|Dragon Claw|p2a: Giratina\n|-supereffective|p2a: Giratina\n|-crit|p2a: Giratina\n|-damage|p2a: Giratina|2\/100\n|move|p2a: Giratina|Thunder Wave|p1a: Koraidon\n|-status|p1a: Koraidon|par\n|\n|-weather|SunnyDay|[upkeep]\n|-heal|p2a: Giratina|8\/100|[from] item: Leftovers\n|-heal|p1a: Koraidon|68\/100 par|[from] item: Leftovers\n|upkeep\n|turn|30\n|\n|t:|1700525475\n|move|p2a: Giratina|Pain Split|p1a: Koraidon\n|-sethp|p1a: Koraidon|40\/100 par|[from] move: Pain Split|[silent]\n|-sethp|p2a: Giratina|29\/100|[from] move: Pain Split\n|cant|p1a: Koraidon|par\n|\n|-weather|SunnyDay|[upkeep]\n|-heal|p2a: Giratina|35\/100|[from] item: Leftovers\n|-heal|p1a: Koraidon|46\/100 par|[from] item: Leftovers\n|upkeep\n|turn|31\n|\n|t:|1700525480\n|move|p2a: Giratina|Phantom Force||[still]\n|-prepare|p2a: Giratina|Phantom Force\n|move|p1a: Koraidon|Dragon Claw|p2a: Giratina|[miss]\n|-miss|p1a: Koraidon|p2a: Giratina\n|\n|-weather|SunnyDay|[upkeep]\n|-heal|p2a: Giratina|41\/100|[from] item: Leftovers\n|-heal|p1a: Koraidon|52\/100 par|[from] item: Leftovers\n|upkeep\n|turn|32\n|\n|t:|1700525486\n|move|p2a: Giratina|Phantom Force|p1a: Koraidon|[from]lockedmove\n|-damage|p1a: Koraidon|16\/100 par\n|cant|p1a: Koraidon|par\n|\n|-weather|none\n|-heal|p2a: Giratina|47\/100|[from] item: Leftovers\n|-heal|p1a: Koraidon|22\/100 par|[from] item: Leftovers\n|upkeep\n|turn|33\n|\n|t:|1700525492\n|switch|p1a: Arceus|Arceus|95\/100\n|-activate|p1a: Arceus|move: Sticky Web\n|-unboost|p1a: Arceus|spe|1\n|-damage|p1a: Arceus|83\/100|[from] Stealth Rock\n|move|p2a: Giratina|Phantom Force||[still]\n|-prepare|p2a: Giratina|Phantom Force\n|\n|-heal|p1a: Arceus|89\/100|[from] item: Leftovers\n|-heal|p2a: Giratina|53\/100|[from] item: Leftovers\n|upkeep\n|turn|34\n|\n|t:|1700525503\n|move|p1a: Arceus|Calm Mind|p1a: Arceus\n|-boost|p1a: Arceus|spa|1\n|-boost|p1a: Arceus|spd|1\n|move|p2a: Giratina|Phantom Force|p1a: Arceus|[from]lockedmove\n|-immune|p1a: Arceus\n|\n|-heal|p1a: Arceus|95\/100|[from] item: Leftovers\n|-heal|p2a: Giratina|59\/100|[from] item: Leftovers\n|upkeep\n|turn|35\n|\n|t:|1700525517\n|-terastallize|p1a: Arceus|Fairy\n|move|p1a: Arceus|Tera Blast|p2a: Giratina|[anim] Tera Blast Fairy\n|-supereffective|p2a: Giratina\n|-damage|p2a: Giratina|0 fnt\n|faint|p2a: Giratina\n|\n|-heal|p1a: Arceus|100\/100|[from] item: Leftovers\n|upkeep\n|\n|t:|1700525525\n|switch|p2a: Cinderace|Cinderace, F|100\/100\n|turn|36\n|\n|t:|1700525528\n|move|p2a: Cinderace|Pyro Ball|p1a: Arceus\n|-damage|p1a: Arceus|61\/100\n|move|p1a: Arceus|Iron Defense|p1a: Arceus\n|-boost|p1a: Arceus|def|2\n|\n|-heal|p1a: Arceus|67\/100|[from] item: Leftovers\n|upkeep\n|turn|37\n|\n|t:|1700525533\n|move|p2a: Cinderace|Taunt|p1a: Arceus\n|-start|p2a: Cinderace|typechange|Dark|[from] ability: Libero\n|-start|p1a: Arceus|move: Taunt\n|cant|p1a: Arceus|move: Taunt|Iron Defense\n|\n|-heal|p1a: Arceus|73\/100|[from] item: Leftovers\n|upkeep\n|turn|38\n|\n|t:|1700525538\n|move|p2a: Cinderace|Pyro Ball|p1a: Arceus\n|-damage|p1a: Arceus|60\/100\n|move|p1a: Arceus|Tera Blast|p2a: Cinderace|[anim] Tera Blast Fairy\n|-supereffective|p2a: Cinderace\n|-damage|p2a: Cinderace|0 fnt\n|faint|p2a: Cinderace\n|\n|-heal|p1a: Arceus|66\/100|[from] item: Leftovers\n|upkeep\n|\n|t:|1700525541\n|switch|p2a: Iron Bundle|Iron Bundle|88\/100\n|-activate|p2a: Iron Bundle|move: Sticky Web\n|-unboost|p2a: Iron Bundle|spe|1\n|-damage|p2a: Iron Bundle|76\/100|[from] Spikes\n|turn|39\n|\n|t:|1700525544\n|move|p2a: Iron Bundle|Hydro Pump|p1a: Arceus\n|-damage|p1a: Arceus|40\/100\n|move|p1a: Arceus|Tera Blast|p2a: Iron Bundle|[anim] Tera Blast Fairy\n|-damage|p2a: Iron Bundle|0 fnt\n|faint|p2a: Iron Bundle\n|-end|p2a: Iron Bundle|Quark Drive|[silent]\n|\n|win|Uzizuzi\n|raw|Uzizuzi's rating: 1164 &rarr; <strong>1183<\/strong><br \/>(+19 for winning)\n|raw|Hikerjd's rating: 1083 &rarr; <strong>1066<\/strong><br \/>(-17 for losing)\n|l|\u2606Hikerjd\n","uploadtime":1700525619,"views":1,"p1id":"uzizuzi","p2id":"hikerjd","formatid":"gen9ubers","rating":1066,"private":0,"password":""}