{"id":"gen9ubers-1973730763","p1":"flaabajabba","p2":"GlitchmonRBY","format":"[Gen 9] Ubers","log":"|j|\u2606flaabajabba\n|j|\u2606GlitchmonRBY\n|t:|1698007721\n|gametype|singles\n|player|p1|flaabajabba|swimmerf-gen4|1010\n|player|p2|GlitchmonRBY|unknown|1014\n|teamsize|p1|6\n|teamsize|p2|6\n|gen|9\n|tier|[Gen 9] Ubers\n|rated|\n|rule|Sleep Clause Mod: Limit one foe put to sleep\n|rule|Species Clause: Limit one of each Pok\u00e9mon\n|rule|OHKO Clause: OHKO moves are banned\n|rule|Evasion Items Clause: Evasion items are banned\n|rule|Evasion Moves Clause: Evasion moves are banned\n|rule|Endless Battle Clause: Forcing endless battles is banned\n|rule|HP Percentage Mod: HP is shown in percentages\n|clearpoke\n|poke|p1|Froslass, F|\n|poke|p1|Garchomp, M|\n|poke|p1|Volcarona, F|\n|poke|p1|Gardevoir, F|\n|poke|p1|Scizor, M|\n|poke|p1|Florges, F|\n|poke|p2|Weezing-Galar, F|\n|poke|p2|Tinkaton, F|\n|poke|p2|Iron Valiant|\n|poke|p2|Clodsire, M|\n|poke|p2|Ogerpon-Cornerstone, F|\n|poke|p2|Cryogonal|\n|teampreview\n|inactive|Battle timer is ON: inactive players will automatically lose when time's up. (requested by flaabajabba)\n|c|\u2606GlitchmonRBY|gl\n|\n|t:|1698007730\n|start\n|switch|p1a: Froslass|Froslass, F|100\/100\n|switch|p2a: Weezing|Weezing-Galar, F|100\/100\n|-ability|p2a: Weezing|Neutralizing Gas\n|-item|p2a: Weezing|Air Balloon\n|turn|1\n|\n|t:|1698007738\n|move|p1a: Froslass|Taunt|p2a: Weezing\n|-start|p2a: Weezing|move: Taunt\n|cant|p2a: Weezing|move: Taunt|Toxic\n|\n|upkeep\n|turn|2\n|\n|t:|1698007743\n|move|p1a: Froslass|Spikes|p2a: Weezing\n|-sidestart|p2: GlitchmonRBY|Spikes\n|move|p2a: Weezing|Dazzling Gleam|p1a: Froslass\n|-damage|p1a: Froslass|71\/100\n|\n|upkeep\n|turn|3\n|\n|t:|1698007748\n|move|p1a: Froslass|Spikes|p2a: Weezing\n|-sidestart|p2: GlitchmonRBY|Spikes\n|move|p2a: Weezing|Dazzling Gleam|p1a: Froslass\n|-damage|p1a: Froslass|35\/100\n|\n|-end|p2a: Weezing|move: Taunt\n|upkeep\n|turn|4\n|inactive|GlitchmonRBY has 120 seconds left.\n|\n|t:|1698007782\n|move|p1a: Froslass|Spikes|p2a: Weezing\n|-sidestart|p2: GlitchmonRBY|Spikes\n|move|p2a: Weezing|Dazzling Gleam|p1a: Froslass\n|-damage|p1a: Froslass|5\/100\n|\n|upkeep\n|turn|5\n|\n|t:|1698007787\n|move|p1a: Froslass|Destiny Bond|p1a: Froslass\n|-singlemove|p1a: Froslass|Destiny Bond\n|move|p2a: Weezing|Dazzling Gleam|p1a: Froslass\n|-damage|p1a: Froslass|0 fnt\n|faint|p1a: Froslass\n|-activate|p1a: Froslass|move: Destiny Bond\n|faint|p2a: Weezing\n|-end|p2a: Weezing|ability: Neutralizing Gas\n|\n|upkeep\n|\n|t:|1698007802\n|switch|p1a: Garchomp|Garchomp, M|100\/100\n|switch|p2a: Tinkaton|Tinkaton, F|100\/100\n|-damage|p2a: Tinkaton|76\/100|[from] Spikes\n|-ability|p2a: Tinkaton|Mold Breaker\n|turn|6\n|\n|t:|1698007810\n|switch|p1a: Scizor|Scizor, M|100\/100\n|move|p2a: Tinkaton|Play Rough|p1a: Scizor\n|-resisted|p1a: Scizor\n|-damage|p1a: Scizor|79\/100\n|-damage|p2a: Tinkaton|66\/100|[from] item: Life Orb\n|\n|upkeep\n|turn|7\n|\n|t:|1698007836\n|move|p2a: Tinkaton|Brick Break|p1a: Scizor\n|-damage|p1a: Scizor|54\/100\n|-damage|p2a: Tinkaton|56\/100|[from] item: Life Orb\n|move|p1a: Scizor|Swords Dance|p1a: Scizor\n|-boost|p1a: Scizor|atk|2\n|\n|upkeep\n|turn|8\n|\n|t:|1698007842\n|move|p2a: Tinkaton|Gigaton Hammer|p1a: Scizor\n|-resisted|p1a: Scizor\n|-damage|p1a: Scizor|19\/100\n|-damage|p2a: Tinkaton|46\/100|[from] item: Life Orb\n|move|p1a: Scizor|Knock Off|p2a: Tinkaton\n|-resisted|p2a: Tinkaton\n|-damage|p2a: Tinkaton|0 fnt\n|-enditem|p2a: Tinkaton|Life Orb|[from] move: Knock Off|[of] p1a: Scizor\n|faint|p2a: Tinkaton\n|-damage|p1a: Scizor|9\/100|[from] item: Life Orb\n|\n|upkeep\n|\n|t:|1698007847\n|switch|p2a: Cryogonal|Cryogonal|100\/100\n|turn|9\n|\n|t:|1698007856\n|move|p1a: Scizor|Bullet Punch|p2a: Cryogonal\n|-supereffective|p2a: Cryogonal\n|-damage|p2a: Cryogonal|0 fnt\n|faint|p2a: Cryogonal\n|-damage|p1a: Scizor|0 fnt|[from] item: Life Orb\n|faint|p1a: Scizor\n|\n|upkeep\n|\n|t:|1698007863\n|switch|p2a: Ogerpon|Ogerpon-Cornerstone, F|100\/100\n|switch|p1a: Garchomp|Garchomp, M|100\/100\n|-damage|p2a: Ogerpon|76\/100|[from] Spikes\n|turn|10\n|inactive|GlitchmonRBY has 120 seconds left.\n|\n|t:|1698007894\n|move|p2a: Ogerpon|Ivy Cudgel|p1a: Garchomp\n|-resisted|p1a: Garchomp\n|-damage|p1a: Garchomp|69\/100\n|move|p1a: Garchomp|Swords Dance|p1a: Garchomp\n|-boost|p1a: Garchomp|atk|2\n|\n|upkeep\n|turn|11\n|\n|t:|1698007900\n|move|p2a: Ogerpon|Play Rough|p1a: Garchomp|[miss]\n|-miss|p2a: Ogerpon|p1a: Garchomp\n|move|p1a: Garchomp|Earthquake|p2a: Ogerpon\n|-damage|p2a: Ogerpon|0 fnt\n|faint|p2a: Ogerpon\n|\n|upkeep\n|\n|t:|1698007907\n|switch|p2a: Iron Valiant|Iron Valiant|100\/100\n|-damage|p2a: Iron Valiant|76\/100|[from] Spikes\n|-enditem|p2a: Iron Valiant|Booster Energy\n|-activate|p2a: Iron Valiant|ability: Quark Drive|[fromitem]\n|-start|p2a: Iron Valiant|quarkdrivespe\n|turn|12\n|\n|t:|1698007912\n|move|p2a: Iron Valiant|Moonblast|p1a: Garchomp\n|-supereffective|p1a: Garchomp\n|-damage|p1a: Garchomp|0 fnt\n|faint|p1a: Garchomp\n|\n|upkeep\n|\n|t:|1698007923\n|switch|p1a: Florges|Florges, F|100\/100\n|turn|13\n|\n|t:|1698007928\n|move|p2a: Iron Valiant|Thunderbolt|p1a: Florges\n|-damage|p1a: Florges|82\/100\n|move|p1a: Florges|Calm Mind|p1a: Florges\n|-boost|p1a: Florges|spa|1\n|-boost|p1a: Florges|spd|1\n|\n|-heal|p1a: Florges|88\/100|[from] item: Leftovers\n|upkeep\n|turn|14\n|\n|t:|1698007936\n|move|p2a: Iron Valiant|Psyshock|p1a: Florges\n|-damage|p1a: Florges|63\/100\n|move|p1a: Florges|Calm Mind|p1a: Florges\n|-boost|p1a: Florges|spa|1\n|-boost|p1a: Florges|spd|1\n|\n|-heal|p1a: Florges|69\/100|[from] item: Leftovers\n|upkeep\n|turn|15\n|\n|t:|1698007944\n|move|p2a: Iron Valiant|Destiny Bond|p2a: Iron Valiant\n|-singlemove|p2a: Iron Valiant|Destiny Bond\n|move|p1a: Florges|Tearful Look|p2a: Iron Valiant\n|-unboost|p2a: Iron Valiant|atk|1\n|-unboost|p2a: Iron Valiant|spa|1\n|\n|-heal|p1a: Florges|75\/100|[from] item: Leftovers\n|upkeep\n|turn|16\n|\n|t:|1698007956\n|move|p2a: Iron Valiant|Moonblast|p1a: Florges\n|-damage|p1a: Florges|64\/100\n|move|p1a: Florges|Moonblast|p2a: Iron Valiant\n|-supereffective|p2a: Iron Valiant\n|-damage|p2a: Iron Valiant|0 fnt\n|faint|p2a: Iron Valiant\n|-end|p2a: Iron Valiant|Quark Drive|[silent]\n|\n|-heal|p1a: Florges|70\/100|[from] item: Leftovers\n|upkeep\n|\n|t:|1698007962\n|switch|p2a: Clodsire|Clodsire, M|100\/100\n|turn|17\n|\n|t:|1698007967\n|move|p1a: Florges|Giga Drain|p2a: Clodsire\n|-damage|p2a: Clodsire|81\/100\n|-heal|p1a: Florges|83\/100|[from] drain|[of] p2a: Clodsire\n|move|p2a: Clodsire|Gunk Shot|p1a: Florges\n|-supereffective|p1a: Florges\n|-damage|p1a: Florges|28\/100\n|-status|p1a: Florges|psn\n|\n|-heal|p1a: Florges|34\/100 psn|[from] item: Leftovers\n|-damage|p1a: Florges|21\/100 psn|[from] psn\n|upkeep\n|turn|18\n|\n|t:|1698007978\n|move|p1a: Florges|Moonblast|p2a: Clodsire\n|-resisted|p2a: Clodsire\n|-damage|p2a: Clodsire|61\/100\n|move|p2a: Clodsire|Gunk Shot|p1a: Florges\n|-supereffective|p1a: Florges\n|-damage|p1a: Florges|0 fnt\n|faint|p1a: Florges\n|\n|upkeep\n|\n|t:|1698007992\n|switch|p1a: Gardevoir|Gardevoir, F|100\/100\n|-ability|p1a: Gardevoir|Water Absorb|[from] ability: Trace|[of] p2a: Clodsire\n|turn|19\n|\n|t:|1698008003\n|move|p1a: Gardevoir|Calm Mind|p1a: Gardevoir\n|-boost|p1a: Gardevoir|spa|1\n|-boost|p1a: Gardevoir|spd|1\n|move|p2a: Clodsire|Gunk Shot|p1a: Gardevoir\n|-supereffective|p1a: Gardevoir\n|-damage|p1a: Gardevoir|0 fnt\n|faint|p1a: Gardevoir\n|\n|upkeep\n|\n|t:|1698008010\n|switch|p1a: Volcarona|Volcarona, F|100\/100\n|turn|20\n|\n|t:|1698008020\n|move|p1a: Volcarona|Quiver Dance|p1a: Volcarona\n|-boost|p1a: Volcarona|spa|1\n|-boost|p1a: Volcarona|spd|1\n|-boost|p1a: Volcarona|spe|1\n|move|p2a: Clodsire|Earthquake|p1a: Volcarona\n|-damage|p1a: Volcarona|55\/100\n|\n|upkeep\n|turn|21\n|\n|t:|1698008026\n|move|p1a: Volcarona|Fiery Dance|p2a: Clodsire\n|-damage|p2a: Clodsire|25\/100\n|-boost|p1a: Volcarona|spa|1\n|move|p2a: Clodsire|Haze|p2a: Clodsire\n|-clearallboost\n|\n|upkeep\n|turn|22\n|\n|t:|1698008034\n|move|p1a: Volcarona|Fiery Dance|p2a: Clodsire\n|-damage|p2a: Clodsire|1\/100\n|-boost|p1a: Volcarona|spa|1\n|move|p2a: Clodsire|Gunk Shot|p1a: Volcarona\n|-damage|p1a: Volcarona|0 fnt\n|faint|p1a: Volcarona\n|\n|win|GlitchmonRBY\n|raw|flaabajabba's rating: 1010 &rarr; <strong>1000<\/strong><br \/>(-10 for losing)\n|raw|GlitchmonRBY's rating: 1014 &rarr; <strong>1051<\/strong><br \/>(+37 for winning)\n|l|\u2606flaabajabba\n","uploadtime":1698008048,"views":6,"p1id":"flaabajabba","p2id":"glitchmonrby","formatid":"gen9ubers","rating":1000,"private":0,"password":""}