{"id":"gen9ubers-1975511559","p1":"seanbonjoviii","p2":"ZeldaCatbug","format":"[Gen 9] Ubers","log":"|j|\u2606seanbonjoviii\n|j|\u2606ZeldaCatbug\n|t:|1698199238\n|gametype|singles\n|player|p1|seanbonjoviii|backers|\n|player|p2|ZeldaCatbug|169|\n|teamsize|p1|6\n|teamsize|p2|6\n|gen|9\n|tier|[Gen 9] Ubers\n|rule|Sleep Clause Mod: Limit one foe put to sleep\n|rule|Species Clause: Limit one of each Pok\u00e9mon\n|rule|OHKO Clause: OHKO moves are banned\n|rule|Evasion Items Clause: Evasion items are banned\n|rule|Evasion Moves Clause: Evasion moves are banned\n|rule|Endless Battle Clause: Forcing endless battles is banned\n|rule|HP Percentage Mod: HP is shown in percentages\n|clearpoke\n|poke|p1|Glimmet, F|\n|poke|p1|Bisharp, M|\n|poke|p1|Volcarona, M|\n|poke|p1|Donphan, F|\n|poke|p1|Dragonite, F|\n|poke|p1|Zoroark-Hisui, F|\n|poke|p2|Overqwil, M|\n|poke|p2|Ting-Lu|\n|poke|p2|Typhlosion-Hisui, F|\n|poke|p2|Espathra, F|\n|poke|p2|Slowking, M|\n|poke|p2|Leafeon, M|\n|teampreview\n|j| Du-Gi-Oh\n|c|\u2606seanbonjoviii|are we waiting for anyone\n|j| Haymaker92\n|c| Du-Gi-Oh|PSL\n|c| Du-Gi-Oh|glhf\n|c| Du-Gi-Oh|PSYCH\n|c|\u2606seanbonjoviii|gl hf\n|c|\u2606ZeldaCatbug|gl hf!!\n|\n|t:|1698199317\n|start\n|switch|p1a: Glimmet|Glimmet, F|100\/100\n|switch|p2a: Slowking|Slowking, M, shiny|100\/100\n|turn|1\n|c| Du-Gi-Oh|Commence\n|c| Haymaker92|gl gl\n|\n|t:|1698199334\n|move|p1a: Glimmet|Spikes|p2a: Slowking\n|-sidestart|p2: ZeldaCatbug|Spikes\n|move|p2a: Slowking|Surf|p1a: Glimmet\n|-supereffective|p1a: Glimmet\n|-enditem|p1a: Glimmet|Focus Sash\n|-damage|p1a: Glimmet|1\/100\n|\n|upkeep\n|turn|2\n|\n|t:|1698199348\n|move|p1a: Glimmet|Spikes|p2a: Slowking\n|-sidestart|p2: ZeldaCatbug|Spikes\n|move|p2a: Slowking|Ice Beam|p1a: Glimmet\n|-damage|p1a: Glimmet|0 fnt\n|faint|p1a: Glimmet\n|\n|upkeep\n|\n|t:|1698199351\n|switch|p1a: Bisharp|Bisharp, M|100\/100\n|turn|3\n|\n|t:|1698199356\n|move|p1a: Bisharp|Swords Dance|p1a: Bisharp\n|-boost|p1a: Bisharp|atk|2\n|move|p2a: Slowking|Thunder Wave|p1a: Bisharp\n|-status|p1a: Bisharp|par\n|\n|upkeep\n|turn|4\n|\n|t:|1698199365\n|move|p1a: Bisharp|Poltergeist|p2a: Slowking\n|-activate|p2a: Slowking|move: Poltergeist|Aguav Berry\n|-supereffective|p2a: Slowking\n|-damage|p2a: Slowking|0 fnt\n|faint|p2a: Slowking\n|\n|upkeep\n|\n|t:|1698199378\n|switch|p2a: Ting-Lu|Ting-Lu|100\/100\n|-damage|p2a: Ting-Lu|84\/100|[from] Spikes\n|-ability|p2a: Ting-Lu|Vessel of Ruin\n|turn|5\n|\n|t:|1698199396\n|switch|p1a: Donphan|Donphan, F|100\/100\n|move|p2a: Ting-Lu|Earthquake|p1a: Donphan\n|-damage|p1a: Donphan|71\/100\n|\n|upkeep\n|turn|6\n|\n|t:|1698199405\n|move|p1a: Donphan|Seed Bomb|p2a: Ting-Lu\n|-supereffective|p2a: Ting-Lu\n|-damage|p2a: Ting-Lu|54\/100\n|move|p2a: Ting-Lu|Ruination|p1a: Donphan\n|-damage|p1a: Donphan|36\/100\n|\n|upkeep\n|turn|7\n|\n|t:|1698199413\n|move|p1a: Donphan|Knock Off|p2a: Ting-Lu\n|-resisted|p2a: Ting-Lu\n|-crit|p2a: Ting-Lu\n|-damage|p2a: Ting-Lu|38\/100\n|-damage|p1a: Donphan|19\/100|[from] item: Rocky Helmet|[of] p2a: Ting-Lu\n|-enditem|p2a: Ting-Lu|Rocky Helmet|[from] move: Knock Off|[of] p1a: Donphan\n|move|p2a: Ting-Lu|Whirlwind|p1a: Donphan\n|drag|p1a: Dragonite|Dragonite, F|100\/100\n|\n|upkeep\n|turn|8\n|\n|t:|1698199424\n|move|p1a: Dragonite|Ice Spinner|p2a: Ting-Lu\n|-supereffective|p2a: Ting-Lu\n|-damage|p2a: Ting-Lu|0 fnt\n|faint|p2a: Ting-Lu\n|\n|upkeep\n|\n|t:|1698199438\n|switch|p2a: Typhlosion|Typhlosion-Hisui, F|100\/100\n|-damage|p2a: Typhlosion|84\/100|[from] Spikes\n|-item|p1a: Dragonite|Choice Band|[from] ability: Frisk|[of] p2a: Typhlosion|[identify]\n|turn|9\n|\n|t:|1698199449\n|switch|p1a: Donphan|Donphan, F|19\/100\n|move|p2a: Typhlosion|Extrasensory|p1a: Donphan\n|-damage|p1a: Donphan|0 fnt\n|faint|p1a: Donphan\n|\n|upkeep\n|\n|t:|1698199456\n|switch|p1a: Bisharp|Bisharp, M|100\/100 par\n|turn|10\n|\n|t:|1698199464\n|switch|p2a: Overqwil|Overqwil, M|100\/100\n|-damage|p2a: Overqwil|84\/100|[from] Spikes\n|-ability|p2a: Overqwil|Intimidate|boost\n|-unboost|p1a: Bisharp|atk|1\n|-enditem|p1a: Bisharp|Adrenaline Orb\n|-boost|p1a: Bisharp|spe|1|[from] item: Adrenaline Orb\n|move|p1a: Bisharp|Swords Dance|p1a: Bisharp\n|-boost|p1a: Bisharp|atk|2\n|\n|-heal|p2a: Overqwil|90\/100|[from] item: Leftovers\n|upkeep\n|turn|11\n|\n|t:|1698199483\n|move|p2a: Overqwil|Liquidation|p1a: Bisharp\n|-damage|p1a: Bisharp|34\/100 par\n|-unboost|p1a: Bisharp|def|1\n|replace|p1a: Zoroark|Zoroark-Hisui, F\n|-end|p1a: Zoroark|Illusion\n|move|p1a: Zoroark|Brick Break|p2a: Overqwil\n|-damage|p2a: Overqwil|51\/100\n|\n|-heal|p2a: Overqwil|57\/100|[from] item: Leftovers\n|upkeep\n|turn|12\n|\n|t:|1698199493\n|move|p1a: Zoroark|Shadow Sneak|p2a: Overqwil\n|-resisted|p2a: Overqwil\n|-damage|p2a: Overqwil|42\/100\n|move|p2a: Overqwil|Liquidation|p1a: Zoroark\n|-damage|p1a: Zoroark|0 fnt\n|faint|p1a: Zoroark\n|\n|-heal|p2a: Overqwil|48\/100|[from] item: Leftovers\n|upkeep\n|\n|t:|1698199509\n|switch|p1a: Dragonite|Dragonite, F|100\/100\n|turn|13\n|\n|t:|1698199517\n|move|p2a: Overqwil|Crunch|p1a: Dragonite\n|-damage|p1a: Dragonite|83\/100\n|-unboost|p1a: Dragonite|def|1\n|move|p1a: Dragonite|Earthquake|p2a: Overqwil\n|-supereffective|p2a: Overqwil\n|-damage|p2a: Overqwil|0 fnt\n|faint|p2a: Overqwil\n|\n|upkeep\n|\n|t:|1698199532\n|switch|p2a: Typhlosion|Typhlosion-Hisui, F|84\/100\n|-damage|p2a: Typhlosion|68\/100|[from] Spikes\n|-item|p1a: Dragonite|Choice Band|[from] ability: Frisk|[of] p2a: Typhlosion|[identify]\n|turn|14\n|\n|t:|1698199542\n|move|p2a: Typhlosion|Shadow Ball|p1a: Dragonite\n|-damage|p1a: Dragonite|50\/100\n|-unboost|p1a: Dragonite|spd|1\n|move|p1a: Dragonite|Earthquake|p2a: Typhlosion\n|-supereffective|p2a: Typhlosion\n|-damage|p2a: Typhlosion|0 fnt\n|faint|p2a: Typhlosion\n|\n|upkeep\n|\n|t:|1698199551\n|switch|p2a: Espathra|Espathra, F|100\/100\n|-damage|p2a: Espathra|84\/100|[from] Spikes\n|turn|15\n|\n|t:|1698199562\n|switch|p1a: Volcarona|Volcarona, M|100\/100\n|move|p2a: Espathra|Calm Mind|p2a: Espathra\n|-boost|p2a: Espathra|spa|1\n|-boost|p2a: Espathra|spd|1\n|\n|-ability|p2a: Espathra|Speed Boost|boost\n|-boost|p2a: Espathra|spe|1\n|upkeep\n|turn|16\n|j| theblackdog\n|\n|t:|1698199605\n|move|p2a: Espathra|Stored Power|p1a: Volcarona\n|-damage|p1a: Volcarona|54\/100\n|-heal|p2a: Espathra|89\/100|[from] item: Shell Bell|[of] p1a: Volcarona\n|move|p1a: Volcarona|Bug Buzz|p2a: Espathra\n|-supereffective|p2a: Espathra\n|-damage|p2a: Espathra|0 fnt\n|faint|p2a: Espathra\n|\n|upkeep\n|\n|t:|1698199613\n|switch|p2a: Leafeon|Leafeon, M|100\/100\n|-damage|p2a: Leafeon|84\/100|[from] Spikes\n|turn|17\n|\n|t:|1698199620\n|move|p1a: Volcarona|Bug Buzz|p2a: Leafeon\n|-supereffective|p2a: Leafeon\n|-damage|p2a: Leafeon|0 fnt\n|faint|p2a: Leafeon\n|\n|win|seanbonjoviii\n","uploadtime":1698199626,"views":11,"p1id":"seanbonjoviii","p2id":"zeldacatbug","formatid":"gen9ubers","rating":0,"private":0,"password":""}