{"id":"gen9ubers-1975514926","p1":"Willish6634","p2":"bandit_tpl","format":"[Gen 9] Ubers","log":"|j|\u2606Willish6634\n|j|\u2606bandit_tpl\n|t:|1698199610\n|gametype|singles\n|player|p1|Willish6634|leon-masters|\n|player|p2|bandit_tpl|sage|\n|teamsize|p1|6\n|teamsize|p2|6\n|gen|9\n|tier|[Gen 9] Ubers\n|rule|Sleep Clause Mod: Limit one foe put to sleep\n|rule|Species Clause: Limit one of each Pok\u00e9mon\n|rule|OHKO Clause: OHKO moves are banned\n|rule|Evasion Items Clause: Evasion items are banned\n|rule|Evasion Moves Clause: Evasion moves are banned\n|rule|Endless Battle Clause: Forcing endless battles is banned\n|rule|HP Percentage Mod: HP is shown in percentages\n|clearpoke\n|poke|p1|Magnezone|\n|poke|p1|Scizor, M|\n|poke|p1|Toedscruel, F|\n|poke|p1|Conkeldurr, F|\n|poke|p1|Dragonite, M|\n|poke|p1|Dondozo, F|\n|poke|p2|Hydreigon, M|\n|poke|p2|Espeon, F|\n|poke|p2|Dusknoir, M|\n|poke|p2|Cetitan, M|\n|poke|p2|Slowking-Galar, F|\n|poke|p2|Kingambit, M|\n|teampreview\n|j| mklgd\n|j| Lillyrosethedemon\n|j| Smoocheh\n|\n|t:|1698199647\n|start\n|switch|p1a: Magbert|Magnezone|100\/100\n|switch|p2a: Espeon|Espeon, F|100\/100\n|turn|1\n|\n|t:|1698199664\n|switch|p2a: Slowking|Slowking-Galar, F|100\/100\n|move|p1a: Magbert|Volt Switch|p2a: Slowking\n|-damage|p2a: Slowking|78\/100\n|j| LentLicker\n|\n|t:|1698199678\n|switch|p1a: Grandpa's House|Conkeldurr, F|100\/100|[from] Volt Switch\n|\n|-heal|p2a: Slowking|84\/100|[from] item: Leftovers\n|-status|p1a: Grandpa's House|brn|[from] item: Flame Orb\n|upkeep\n|turn|2\n|\n|t:|1698199692\n|move|p1a: Grandpa's House|Knock Off|p2a: Slowking\n|-supereffective|p2a: Slowking\n|-damage|p2a: Slowking|0 fnt\n|-enditem|p2a: Slowking|Leftovers|[from] move: Knock Off|[of] p1a: Grandpa's House\n|faint|p2a: Slowking\n|\n|-damage|p1a: Grandpa's House|94\/100 brn|[from] brn\n|upkeep\n|j| Judgieiscool\n|c| mklgd|goin nuts\n|\n|t:|1698199703\n|switch|p2a: Espeon|Espeon, F|100\/100\n|turn|3\n|c|\u2606Willish6634|got some nuts for ya\n|c| Judgieiscool|Delo mode\n|\n|t:|1698199713\n|-terastallize|p1a: Grandpa's House|Dark\n|move|p2a: Espeon|Reflect|p2a: Espeon\n|-sidestart|p2: bandit_tpl|Reflect\n|move|p1a: Grandpa's House|Knock Off|p2a: Espeon\n|-supereffective|p2a: Espeon\n|-damage|p2a: Espeon|0 fnt\n|-enditem|p2a: Espeon|Flame Orb|[from] move: Knock Off|[of] p1a: Grandpa's House\n|faint|p2a: Espeon\n|\n|-damage|p1a: Grandpa's House|88\/100 brn|[from] brn\n|upkeep\n|c| Judgieiscool|wowza\n|\n|t:|1698199733\n|switch|p2a: Dusknoir|Dusknoir, M|100\/100\n|-item|p1a: Grandpa's House|Flame Orb|[from] ability: Frisk|[of] p2a: Dusknoir|[identify]\n|turn|4\n|c| mklgd|frisk this\n|\n|t:|1698199744\n|move|p1a: Grandpa's House|Knock Off|p2a: Dusknoir\n|-supereffective|p2a: Dusknoir\n|-damage|p2a: Dusknoir|44\/100\n|-enditem|p2a: Dusknoir|Spooky Plate|[from] move: Knock Off|[of] p1a: Grandpa's House\n|move|p2a: Dusknoir|Trick Room|p2a: Dusknoir\n|-fieldstart|move: Trick Room|[of] p2a: Dusknoir\n|\n|-damage|p1a: Grandpa's House|82\/100 brn|[from] brn\n|upkeep\n|turn|5\n|\n|t:|1698199773\n|switch|p1a: Jerry|Toedscruel, F|100\/100\n|move|p2a: Dusknoir|Destiny Bond|p2a: Dusknoir\n|-singlemove|p2a: Dusknoir|Destiny Bond\n|\n|upkeep\n|turn|6\n|\n|t:|1698199780\n|move|p2a: Dusknoir|Poltergeist|p1a: Jerry\n|-activate|p1a: Jerry|move: Poltergeist|Leftovers\n|-damage|p1a: Jerry|9\/100\n|move|p1a: Jerry|Spore|p2a: Dusknoir\n|-status|p2a: Dusknoir|slp|[from] move: Spore\n|\n|-heal|p1a: Jerry|15\/100|[from] item: Leftovers\n|upkeep\n|turn|7\n|\n|t:|1698199792\n|cant|p2a: Dusknoir|slp\n|move|p1a: Jerry|Spikes|p2a: Dusknoir\n|-sidestart|p2: bandit_tpl|Spikes\n|\n|-heal|p1a: Jerry|21\/100|[from] item: Leftovers\n|-sideend|p2: bandit_tpl|Reflect\n|upkeep\n|turn|8\n|\n|t:|1698199802\n|cant|p2a: Dusknoir|slp\n|move|p1a: Jerry|Spikes|p2a: Dusknoir\n|-sidestart|p2: bandit_tpl|Spikes\n|\n|-heal|p1a: Jerry|27\/100|[from] item: Leftovers\n|-fieldend|move: Trick Room\n|upkeep\n|turn|9\n|\n|t:|1698199812\n|move|p1a: Jerry|Giga Drain|p2a: Dusknoir\n|-damage|p2a: Dusknoir|20\/100 slp\n|-heal|p1a: Jerry|39\/100|[from] drain|[of] p2a: Dusknoir\n|cant|p2a: Dusknoir|slp\n|\n|-heal|p1a: Jerry|45\/100|[from] item: Leftovers\n|upkeep\n|turn|10\n|c|\u2606Willish6634|Do it to em jerry\n|\n|t:|1698199823\n|move|p1a: Jerry|Giga Drain|p2a: Dusknoir\n|-damage|p2a: Dusknoir|0 fnt\n|-heal|p1a: Jerry|54\/100|[from] drain|[of] p2a: Dusknoir\n|faint|p2a: Dusknoir\n|\n|-heal|p1a: Jerry|60\/100|[from] item: Leftovers\n|upkeep\n|c| mklgd|havent seen anything like this since my brazzers subscription ran out\n|\n|t:|1698199837\n|switch|p2a: Cetitan|Cetitan, M, shiny|100\/100\n|-damage|p2a: Cetitan|84\/100|[from] Spikes\n|turn|11\n|\n|t:|1698199845\n|switch|p1a: Bort|Scizor, M|100\/100\n|move|p2a: Cetitan|Belly Drum|p2a: Cetitan\n|-damage|p2a: Cetitan|34\/100\n|-setboost|p2a: Cetitan|atk|6|[from] move: Belly Drum\n|-enditem|p2a: Cetitan|Sitrus Berry|[eat]\n|-heal|p2a: Cetitan|59\/100|[from] item: Sitrus Berry\n|\n|upkeep\n|turn|12\n|\n|t:|1698199856\n|switch|p1a: Grandma's House|Dondozo, F, shiny|100\/100\n|-terastallize|p2a: Cetitan|Water\n|move|p2a: Cetitan|Earthquake|p1a: Grandma's House\n|-damage|p1a: Grandma's House|78\/100\n|\n|upkeep\n|turn|13\n|j| ampharosaunt11\n|\n|t:|1698199895\n|move|p2a: Cetitan|Earthquake|p1a: Grandma's House\n|-damage|p1a: Grandma's House|57\/100\n|move|p1a: Grandma's House|Body Press|p2a: Cetitan\n|-damage|p2a: Cetitan|39\/100\n|\n|upkeep\n|turn|14\n|c|\u2606Willish6634|we do it for the funniness\n|\n|t:|1698199904\n|move|p2a: Cetitan|Earthquake|p1a: Grandma's House\n|-damage|p1a: Grandma's House|38\/100\n|move|p1a: Grandma's House|Body Press|p2a: Cetitan\n|-damage|p2a: Cetitan|19\/100\n|\n|upkeep\n|turn|15\n|c| Judgieiscool|lmao mikry\n|\n|t:|1698199914\n|move|p2a: Cetitan|Earthquake|p1a: Grandma's House\n|-damage|p1a: Grandma's House|16\/100\n|move|p1a: Grandma's House|Body Press|p2a: Cetitan\n|-damage|p2a: Cetitan|0 fnt\n|faint|p2a: Cetitan\n|\n|upkeep\n|\n|t:|1698199926\n|switch|p2a: Hydreigon|Hydreigon, M, shiny|100\/100\n|turn|16\n|\n|t:|1698199962\n|move|p2a: Hydreigon|U-turn|p1a: Grandma's House\n|-damage|p1a: Grandma's House|0 fnt\n|faint|p1a: Grandma's House\n|\n|t:|1698199966\n|switch|p2a: Kingambit|Kingambit, M, shiny|100\/100|[from] U-turn\n|-damage|p2a: Kingambit|84\/100|[from] Spikes\n|\n|upkeep\n|c| mklgd|bbq chicken\n|c|\u2606Willish6634|Grandmas House\ud83d\udd1b\ud83d\udd1d\n|\n|t:|1698199984\n|switch|p1a: Jerry|Toedscruel, F|60\/100\n|turn|17\n|\n|t:|1698199992\n|move|p2a: Kingambit|Kowtow Cleave|p1a: Jerry\n|-damage|p1a: Jerry|0 fnt\n|faint|p1a: Jerry\n|\n|upkeep\n|\n|t:|1698200012\n|switch|p1a: Grandpa's House|Conkeldurr, F, tera:Dark|82\/100 brn\n|turn|18\n|\n|t:|1698200022\n|move|p2a: Kingambit|Kowtow Cleave|p1a: Grandpa's House\n|-resisted|p1a: Grandpa's House\n|-damage|p1a: Grandpa's House|52\/100 brn\n|move|p1a: Grandpa's House|Close Combat|p2a: Kingambit\n|-supereffective|p2a: Kingambit\n|-damage|p2a: Kingambit|0 fnt\n|-unboost|p1a: Grandpa's House|def|1\n|-unboost|p1a: Grandpa's House|spd|1\n|faint|p2a: Kingambit\n|\n|-damage|p1a: Grandpa's House|46\/100 brn|[from] brn\n|upkeep\n|\n|t:|1698200034\n|switch|p2a: Hydreigon|Hydreigon, M, shiny|100\/100\n|turn|19\n|c| ampharosaunt11|\"Updating models. Downgrading B4NDIT risk score\" - Marge\n|\n|t:|1698200046\n|move|p1a: Grandpa's House|Mach Punch|p2a: Hydreigon\n|-supereffective|p2a: Hydreigon\n|-damage|p2a: Hydreigon|35\/100\n|move|p2a: Hydreigon|Head Smash|p1a: Grandpa's House\n|-damage|p1a: Grandpa's House|0 fnt\n|faint|p1a: Grandpa's House\n|-damage|p2a: Hydreigon|6\/100|[from] Recoil\n|\n|upkeep\n|\n|t:|1698200050\n|switch|p1a: Boo-Boo|Dragonite, M|100\/100\n|turn|20\n|\n|t:|1698200057\n|move|p1a: Boo-Boo|Extreme Speed|p2a: Hydreigon\n|-damage|p2a: Hydreigon|0 fnt\n|faint|p2a: Hydreigon\n|\n|win|Willish6634\n|c|\u2606bandit_tpl|Gg\n|c|\u2606Willish6634|Grandmas gang\n|c|\u2606Willish6634|Gg\n|l| Lillyrosethedemon\n","uploadtime":1698200065,"views":28,"p1id":"willish6634","p2id":"bandittpl","formatid":"gen9ubers","rating":0,"private":0,"password":""}