{"id":"gen9ubers-1975516115","p1":"seanbonjoviii","p2":"ZeldaCatbug","format":"[Gen 9] Ubers","log":"|j|\u2606seanbonjoviii\n|j|\u2606ZeldaCatbug\n|t:|1698199750\n|gametype|singles\n|player|p1|seanbonjoviii|backers|\n|player|p2|ZeldaCatbug|169|\n|teamsize|p1|6\n|teamsize|p2|6\n|gen|9\n|tier|[Gen 9] Ubers\n|rule|Sleep Clause Mod: Limit one foe put to sleep\n|rule|Species Clause: Limit one of each Pok\u00e9mon\n|rule|OHKO Clause: OHKO moves are banned\n|rule|Evasion Items Clause: Evasion items are banned\n|rule|Evasion Moves Clause: Evasion moves are banned\n|rule|Endless Battle Clause: Forcing endless battles is banned\n|rule|HP Percentage Mod: HP is shown in percentages\n|clearpoke\n|poke|p1|Glimmet, M|\n|poke|p1|Bisharp, F|\n|poke|p1|Volcarona, F|\n|poke|p1|Donphan, M|\n|poke|p1|Dragonite, M|\n|poke|p1|Zoroark-Hisui, M|\n|poke|p2|Overqwil, F|\n|poke|p2|Typhlosion-Hisui, F|\n|poke|p2|Espathra, F|\n|poke|p2|Slowking, M|\n|poke|p2|Drifblim, F|\n|poke|p2|Tinkaton, F|\n|teampreview\n|j| Du-Gi-Oh\n|j| Haymaker92\n|j| theblackdog\n|c|\u2606ZeldaCatbug|ready to go?\n|c|\u2606seanbonjoviii|gotta wait for the psl commence\n|c| Du-Gi-Oh|Commence!\n|\n|t:|1698199855\n|start\n|switch|p1a: Bisharp|Bisharp, F|100\/100\n|switch|p2a: Tinkaton|Tinkaton, F|100\/100\n|-ability|p2a: Tinkaton|Mold Breaker\n|turn|1\n|\n|t:|1698199863\n|switch|p1a: Donphan|Donphan, M|100\/100\n|move|p2a: Tinkaton|Encore||[still]\n|-fail|p2a: Tinkaton\n|\n|upkeep\n|turn|2\n|\n|t:|1698199895\n|switch|p2a: Drifblim|Drifblim, F|100\/100\n|move|p1a: Donphan|Earthquake|p2a: Drifblim\n|-immune|p2a: Drifblim\n|\n|upkeep\n|turn|3\n|\n|t:|1698199906\n|switch|p1a: Bisharp|Bisharp, F|100\/100\n|move|p2a: Drifblim|Will-O-Wisp|p1a: Bisharp\n|-status|p1a: Bisharp|brn\n|\n|-damage|p1a: Bisharp|94\/100 brn|[from] brn\n|upkeep\n|turn|4\n|\n|t:|1698199925\n|switch|p2a: Overqwil|Overqwil, F|100\/100\n|-ability|p2a: Overqwil|Intimidate|boost\n|-unboost|p1a: Bisharp|atk|1\n|-ability|p1a: Bisharp|Defiant|boost\n|-boost|p1a: Bisharp|atk|2\n|move|p1a: Bisharp|Swords Dance|p1a: Bisharp\n|-boost|p1a: Bisharp|atk|2\n|\n|-damage|p1a: Bisharp|88\/100 brn|[from] brn\n|upkeep\n|turn|5\n|\n|t:|1698199959\n|move|p2a: Overqwil|Liquidation|p1a: Bisharp\n|-damage|p1a: Bisharp|66\/100 brn\n|move|p1a: Bisharp|Iron Head|p2a: Overqwil\n|-damage|p2a: Overqwil|44\/100\n|\n|-heal|p2a: Overqwil|50\/100|[from] item: Leftovers\n|-damage|p1a: Bisharp|60\/100 brn|[from] brn\n|upkeep\n|turn|6\n|\n|t:|1698199978\n|switch|p2a: Tinkaton|Tinkaton, F|100\/100\n|-ability|p2a: Tinkaton|Mold Breaker\n|move|p1a: Bisharp|Iron Head|p2a: Tinkaton\n|-damage|p2a: Tinkaton|48\/100\n|\n|-damage|p1a: Bisharp|54\/100 brn|[from] brn\n|upkeep\n|turn|7\n|\n|t:|1698199992\n|move|p1a: Bisharp|Iron Head|p2a: Tinkaton\n|-damage|p2a: Tinkaton|0 fnt\n|faint|p2a: Tinkaton\n|\n|-damage|p1a: Bisharp|48\/100 brn|[from] brn\n|upkeep\n|\n|t:|1698200014\n|switch|p2a: Typhlosion|Typhlosion-Hisui, F|100\/100\n|-item|p1a: Bisharp|Eviolite|[from] ability: Frisk|[of] p2a: Typhlosion|[identify]\n|turn|8\n|\n|t:|1698200018\n|move|p1a: Bisharp|Sucker Punch|p2a: Typhlosion\n|-supereffective|p2a: Typhlosion\n|-damage|p2a: Typhlosion|0 fnt\n|faint|p2a: Typhlosion\n|\n|-damage|p1a: Bisharp|41\/100 brn|[from] brn\n|upkeep\n|\n|t:|1698200025\n|switch|p2a: Slowking|Slowking, M, shiny|100\/100\n|turn|9\n|\n|t:|1698200030\n|move|p1a: Bisharp|Sucker Punch|p2a: Slowking\n|-supereffective|p2a: Slowking\n|-damage|p2a: Slowking|25\/100\n|-enditem|p2a: Slowking|Red Card|[of] p1a: Bisharp\n|drag|p1a: Donphan|Donphan, M|100\/100\n|move|p2a: Slowking|Surf|p1a: Donphan\n|-supereffective|p1a: Donphan\n|-damage|p1a: Donphan|15\/100\n|\n|upkeep\n|turn|10\n|\n|t:|1698200045\n|switch|p2a: Drifblim|Drifblim, F|100\/100\n|move|p1a: Donphan|Knock Off|p2a: Drifblim\n|-supereffective|p2a: Drifblim\n|-damage|p2a: Drifblim|49\/100\n|-enditem|p2a: Drifblim|Heavy-Duty Boots|[from] move: Knock Off|[of] p1a: Donphan\n|\n|upkeep\n|turn|11\n|\n|t:|1698200065\n|switch|p1a: Bisharp|Bisharp, F|41\/100 brn\n|move|p2a: Drifblim|Hex|p1a: Bisharp\n|-resisted|p1a: Bisharp\n|-damage|p1a: Bisharp|19\/100 brn\n|\n|-damage|p1a: Bisharp|13\/100 brn|[from] brn\n|upkeep\n|turn|12\n|\n|t:|1698200082\n|move|p1a: Bisharp|Sucker Punch||[still]\n|-fail|p1a: Bisharp\n|move|p2a: Drifblim|Strength Sap|p1a: Bisharp\n|-unboost|p1a: Bisharp|atk|1\n|-ability|p1a: Bisharp|Defiant|boost\n|-boost|p1a: Bisharp|atk|2\n|-heal|p2a: Drifblim|100\/100\n|\n|-damage|p1a: Bisharp|7\/100 brn|[from] brn\n|upkeep\n|turn|13\n|\n|t:|1698200097\n|move|p1a: Bisharp|Sucker Punch||[still]\n|-fail|p1a: Bisharp\n|move|p2a: Drifblim|Will-O-Wisp|p1a: Bisharp|[miss]\n|-miss|p2a: Drifblim|p1a: Bisharp\n|\n|-damage|p1a: Bisharp|0 fnt|[from] brn\n|faint|p1a: Bisharp\n|upkeep\n|\n|t:|1698200110\n|switch|p1a: Volcarona|Volcarona, F|100\/100\n|turn|14\n|\n|t:|1698200117\n|move|p1a: Volcarona|Substitute|p1a: Volcarona\n|-start|p1a: Volcarona|Substitute\n|-damage|p1a: Volcarona|76\/100\n|move|p2a: Drifblim|Will-O-Wisp||[still]\n|-fail|p2a: Drifblim\n|\n|upkeep\n|turn|15\n|\n|t:|1698200130\n|switch|p2a: Overqwil|Overqwil, F|50\/100\n|-ability|p2a: Overqwil|Intimidate|boost\n|-immune|p1a: Volcarona\n|move|p1a: Volcarona|Quiver Dance|p1a: Volcarona\n|-boost|p1a: Volcarona|spa|1\n|-boost|p1a: Volcarona|spd|1\n|-boost|p1a: Volcarona|spe|1\n|\n|-heal|p2a: Overqwil|56\/100|[from] item: Leftovers\n|upkeep\n|turn|16\n|\n|t:|1698200140\n|move|p1a: Volcarona|Bug Buzz|p2a: Overqwil\n|-damage|p2a: Overqwil|0 fnt\n|faint|p2a: Overqwil\n|\n|upkeep\n|\n|t:|1698200146\n|switch|p2a: Slowking|Slowking, M, shiny|58\/100\n|turn|17\n|\n|t:|1698200149\n|move|p1a: Volcarona|Bug Buzz|p2a: Slowking\n|-supereffective|p2a: Slowking\n|-damage|p2a: Slowking|0 fnt\n|faint|p2a: Slowking\n|\n|upkeep\n|\n|t:|1698200151\n|switch|p2a: Espathra|Espathra, F|100\/100\n|turn|18\n|\n|t:|1698200158\n|-terastallize|p2a: Espathra|Steel\n|move|p1a: Volcarona|Bug Buzz|p2a: Espathra\n|-resisted|p2a: Espathra\n|-damage|p2a: Espathra|47\/100\n|-unboost|p2a: Espathra|spd|1\n|move|p2a: Espathra|Dazzling Gleam|p1a: Volcarona\n|-resisted|p1a: Volcarona\n|-activate|p1a: Volcarona|move: Substitute|[damage]\n|\n|-ability|p2a: Espathra|Speed Boost|boost\n|-boost|p2a: Espathra|spe|1\n|upkeep\n|turn|19\n|\n|t:|1698200168\n|move|p1a: Volcarona|Quiver Dance|p1a: Volcarona\n|-boost|p1a: Volcarona|spa|1\n|-boost|p1a: Volcarona|spd|1\n|-boost|p1a: Volcarona|spe|1\n|move|p2a: Espathra|Dazzling Gleam|p1a: Volcarona\n|-resisted|p1a: Volcarona\n|-activate|p1a: Volcarona|move: Substitute|[damage]\n|\n|-ability|p2a: Espathra|Speed Boost|boost\n|-boost|p2a: Espathra|spe|1\n|upkeep\n|turn|20\n|\n|t:|1698200174\n|move|p1a: Volcarona|Flamethrower|p2a: Espathra\n|-supereffective|p2a: Espathra\n|-damage|p2a: Espathra|0 fnt\n|faint|p2a: Espathra\n|\n|upkeep\n|\n|t:|1698200175\n|switch|p2a: Drifblim|Drifblim, F|100\/100\n|turn|21\n|\n|t:|1698200181\n|move|p1a: Volcarona|Flamethrower|p2a: Drifblim\n|-damage|p2a: Drifblim|0 fnt\n|faint|p2a: Drifblim\n|\n|win|seanbonjoviii\n|c|\u2606ZeldaCatbug|gg\n|c|\u2606seanbonjoviii|gg\n|c| Haymaker92|gg\n","uploadtime":1698200195,"views":16,"p1id":"seanbonjoviii","p2id":"zeldacatbug","formatid":"gen9ubers","rating":0,"private":0,"password":""}