{"id":"gen9ubers-1995559988","p1":"Rev832","p2":"Redagus2002","format":"[Gen 9] Ubers","log":"|j|\u2606Rev832\n|j|\u203dRedagus2002\n|t:|1700582898\n|gametype|singles\n|player|p1|Rev832|will|1170\n|player|p2|Redagus2002|psychicf-gen4|1141\n|teamsize|p1|6\n|teamsize|p2|6\n|gen|9\n|tier|[Gen 9] Ubers\n|rated|\n|rule|Sleep Clause Mod: Limit one foe put to sleep\n|rule|Species Clause: Limit one of each Pok\u00e9mon\n|rule|OHKO Clause: OHKO moves are banned\n|rule|Evasion Items Clause: Evasion items are banned\n|rule|Evasion Moves Clause: Evasion moves are banned\n|rule|Endless Battle Clause: Forcing endless battles is banned\n|rule|HP Percentage Mod: HP is shown in percentages\n|clearpoke\n|poke|p1|Chien-Pao|\n|poke|p1|Magearna|\n|poke|p1|Groudon|\n|poke|p1|Flutter Mane|\n|poke|p1|Roaring Moon|\n|poke|p1|Volcarona, M|\n|poke|p2|Volcarona, M|\n|poke|p2|Annihilape, M|\n|poke|p2|Spidops, M|\n|poke|p2|Flutter Mane|\n|poke|p2|Quaquaval, M|\n|poke|p2|Meowscarada, F|\n|teampreview\n|inactive|Battle timer is ON: inactive players will automatically lose when time's up. (requested by Rev832)\n|\n|t:|1700582914\n|start\n|switch|p1a: Magearna|Magearna|100\/100\n|switch|p2a: Quaquaval|Quaquaval, M|100\/100\n|turn|1\n|\n|t:|1700582927\n|move|p2a: Quaquaval|Aqua Step|p1a: Magearna\n|-damage|p1a: Magearna|64\/100\n|-boost|p2a: Quaquaval|spe|1\n|move|p1a: Magearna|Shift Gear|p1a: Magearna\n|-boost|p1a: Magearna|spe|2\n|-boost|p1a: Magearna|atk|1\n|-enditem|p2a: Quaquaval|Mirror Herb\n|-boost|p2a: Quaquaval|spe|2|[from] item: Mirror Herb\n|-boost|p2a: Quaquaval|atk|1|[from] item: Mirror Herb\n|\n|-heal|p1a: Magearna|70\/100|[from] item: Leftovers\n|upkeep\n|turn|2\n|\n|t:|1700582941\n|-terastallize|p2a: Quaquaval|Water\n|move|p2a: Quaquaval|Aqua Step|p1a: Magearna\n|-damage|p1a: Magearna|0 fnt\n|-boost|p2a: Quaquaval|spe|1\n|faint|p1a: Magearna\n|-ability|p2a: Quaquaval|Moxie|boost\n|-boost|p2a: Quaquaval|atk|1\n|\n|upkeep\n|\n|t:|1700582950\n|switch|p1a: Groudon|Groudon|100\/100\n|-weather|SunnyDay|[from] ability: Drought|[of] p1a: Groudon\n|turn|3\n|\n|t:|1700582956\n|move|p2a: Quaquaval|Ice Spinner|p1a: Groudon\n|-supereffective|p1a: Groudon\n|-damage|p1a: Groudon|33\/100\n|move|p1a: Groudon|Roar|p2a: Quaquaval\n|drag|p2a: Meowscarada|Meowscarada, F|100\/100\n|\n|-weather|SunnyDay|[upkeep]\n|upkeep\n|turn|4\n|\n|t:|1700582966\n|switch|p1a: Flutter Mane|Flutter Mane|100\/100\n|-activate|p1a: Flutter Mane|ability: Protosynthesis\n|-start|p1a: Flutter Mane|protosynthesisspe\n|move|p2a: Meowscarada|Flower Trick|p1a: Flutter Mane\n|-start|p2a: Meowscarada|typechange|Grass|[from] ability: Protean\n|-crit|p1a: Flutter Mane\n|-damage|p1a: Flutter Mane|0 fnt\n|faint|p1a: Flutter Mane\n|-end|p1a: Flutter Mane|Protosynthesis|[silent]\n|-damage|p2a: Meowscarada|91\/100|[from] item: Life Orb\n|\n|-weather|SunnyDay|[upkeep]\n|upkeep\n|\n|t:|1700582970\n|switch|p1a: Volcarona|Volcarona, M|100\/100\n|turn|5\n|inactive|Redagus2002 has 120 seconds left.\n|\n|t:|1700583008\n|switch|p2a: Annihilape|Annihilape, M, shiny|100\/100\n|move|p1a: Volcarona|Quiver Dance|p1a: Volcarona\n|-boost|p1a: Volcarona|spa|1\n|-boost|p1a: Volcarona|spd|1\n|-boost|p1a: Volcarona|spe|1\n|\n|-weather|SunnyDay|[upkeep]\n|upkeep\n|turn|6\n|inactive|Redagus2002 has 120 seconds left.\n|\n|t:|1700583017\n|move|p1a: Volcarona|Fiery Dance|p2a: Annihilape\n|-damage|p2a: Annihilape|17\/100\n|move|p2a: Annihilape|Rage Fist|p1a: Volcarona\n|-damage|p1a: Volcarona|21\/100\n|-status|p2a: Annihilape|brn|[from] ability: Flame Body|[of] p1a: Volcarona\n|\n|-weather|SunnyDay|[upkeep]\n|-heal|p2a: Annihilape|23\/100 brn|[from] item: Leftovers\n|-damage|p2a: Annihilape|17\/100 brn|[from] brn\n|upkeep\n|turn|7\n|inactive|Redagus2002 has 120 seconds left.\n|\n|t:|1700583031\n|move|p1a: Volcarona|Fiery Dance|p2a: Annihilape\n|-damage|p2a: Annihilape|0 fnt\n|-boost|p1a: Volcarona|spa|1\n|faint|p2a: Annihilape\n|\n|-weather|SunnyDay|[upkeep]\n|upkeep\n|inactive|Redagus2002 has 120 seconds left.\n|\n|t:|1700583044\n|switch|p2a: Flutter Mane|Flutter Mane, shiny|100\/100\n|-activate|p2a: Flutter Mane|ability: Protosynthesis\n|-start|p2a: Flutter Mane|protosynthesisspe\n|turn|8\n|inactive|Redagus2002 has 120 seconds left.\n|\n|t:|1700583052\n|move|p2a: Flutter Mane|Shadow Ball|p1a: Volcarona\n|-damage|p1a: Volcarona|0 fnt\n|faint|p1a: Volcarona\n|\n|-weather|SunnyDay|[upkeep]\n|upkeep\n|\n|t:|1700583059\n|switch|p1a: Roaring Moon|Roaring Moon|100\/100\n|-activate|p1a: Roaring Moon|ability: Protosynthesis\n|-start|p1a: Roaring Moon|protosynthesisspe\n|turn|9\n|inactive|Redagus2002 has 120 seconds left.\n|\n|t:|1700583085\n|-terastallize|p1a: Roaring Moon|Steel\n|move|p2a: Flutter Mane|Moonblast|p1a: Roaring Moon\n|-resisted|p1a: Roaring Moon\n|-damage|p1a: Roaring Moon|77\/100\n|move|p1a: Roaring Moon|Dragon Dance|p1a: Roaring Moon\n|-boost|p1a: Roaring Moon|atk|1\n|-boost|p1a: Roaring Moon|spe|1\n|\n|-weather|SunnyDay|[upkeep]\n|upkeep\n|turn|10\n|\n|t:|1700583098\n|move|p1a: Roaring Moon|Iron Head|p2a: Flutter Mane\n|-supereffective|p2a: Flutter Mane\n|-damage|p2a: Flutter Mane|0 fnt\n|faint|p2a: Flutter Mane\n|-end|p2a: Flutter Mane|Protosynthesis|[silent]\n|\n|-weather|none\n|-end|p1a: Roaring Moon|Protosynthesis\n|upkeep\n|\n|t:|1700583110\n|switch|p2a: Volcarona|Volcarona, M|100\/100\n|turn|11\n|\n|t:|1700583120\n|move|p1a: Roaring Moon|Knock Off|p2a: Volcarona\n|-damage|p2a: Volcarona|0 fnt\n|-enditem|p2a: Volcarona|Heavy-Duty Boots|[from] move: Knock Off|[of] p1a: Roaring Moon\n|faint|p2a: Volcarona\n|\n|upkeep\n|\n|t:|1700583135\n|switch|p2a: Spidops|Spidops, M, shiny|100\/100\n|turn|12\n|\n|t:|1700583153\n|move|p2a: Spidops|Silk Trap|p2a: Spidops\n|-singleturn|p2a: Spidops|Protect\n|move|p1a: Roaring Moon|Iron Head|p2a: Spidops\n|-activate|p2a: Spidops|move: Protect\n|-unboost|p1a: Roaring Moon|spe|1\n|\n|upkeep\n|turn|13\n|\n|t:|1700583166\n|move|p1a: Roaring Moon|Dragon Dance|p1a: Roaring Moon\n|-boost|p1a: Roaring Moon|atk|1\n|-boost|p1a: Roaring Moon|spe|1\n|move|p2a: Spidops|Taunt|p1a: Roaring Moon\n|-start|p1a: Roaring Moon|move: Taunt\n|\n|upkeep\n|turn|14\n|\n|t:|1700583182\n|move|p2a: Spidops|Silk Trap|p2a: Spidops\n|-singleturn|p2a: Spidops|Protect\n|move|p1a: Roaring Moon|Iron Head|p2a: Spidops\n|-activate|p2a: Spidops|move: Protect\n|-unboost|p1a: Roaring Moon|spe|1\n|\n|upkeep\n|turn|15\n|\n|t:|1700583207\n|move|p1a: Roaring Moon|Iron Head|p2a: Spidops\n|-damage|p2a: Spidops|23\/100\n|move|p2a: Spidops|Sticky Web|p1a: Roaring Moon\n|-sidestart|p1: Rev832|move: Sticky Web\n|\n|upkeep\n|turn|16\n|-message|Rev832 forfeited.\n|\n|win|Redagus2002\n|raw|Rev832's rating: 1170 &rarr; <strong>1143<\/strong><br \/>(-27 for losing)\n|raw|Redagus2002's rating: 1141 &rarr; <strong>1168<\/strong><br \/>(+27 for winning)\n|l|\u2606Rev832\n","uploadtime":1700583308,"views":7,"p1id":"rev832","p2id":"redagus2002","formatid":"gen9ubers","rating":1143,"private":0,"password":""}