{"id":"gen9ubers-1998099835","p1":"xcellofantastic","p2":"had sweep","format":"[Gen 9] Ubers","log":"|j|\u2606xcellofantastic\n|j|\u203dhad sweep\n|t:|1700891238\n|gametype|singles\n|player|p1|xcellofantastic|265|1261\n|player|p2|had sweep|swimmer-gen4|1524\n|teamsize|p1|6\n|teamsize|p2|6\n|gen|9\n|tier|[Gen 9] Ubers\n|rated|\n|rule|Sleep Clause Mod: Limit one foe put to sleep\n|rule|Species Clause: Limit one of each Pok\u00e9mon\n|rule|OHKO Clause: OHKO moves are banned\n|rule|Evasion Items Clause: Evasion items are banned\n|rule|Evasion Moves Clause: Evasion moves are banned\n|rule|Endless Battle Clause: Forcing endless battles is banned\n|rule|HP Percentage Mod: HP is shown in percentages\n|clearpoke\n|poke|p1|Koraidon|\n|poke|p1|Zacian-*|\n|poke|p1|Chien-Pao|\n|poke|p1|Arceus-Ghost|\n|poke|p1|Miraidon|\n|poke|p1|Flutter Mane|\n|poke|p2|Gliscor, M|\n|poke|p2|Dondozo, M|\n|poke|p2|Clodsire, F|\n|poke|p2|Eternatus|\n|poke|p2|Zacian-*|\n|poke|p2|Giratina-Origin|\n|teampreview\n|inactive|Battle timer is ON: inactive players will automatically lose when time's up. (requested by had sweep)\n|inactive|xcellofantastic has 120 seconds left.\n|inactive|xcellofantastic has 90 seconds left.\n|\n|t:|1700891299\n|start\n|switch|p1a: BRAAVOSI|Arceus-Ghost|100\/100\n|switch|p2a: Gliscor|Gliscor, M|100\/100\n|turn|1\n|\n|t:|1700891307\n|move|p1a: BRAAVOSI|Taunt|p2a: Gliscor\n|-start|p2a: Gliscor|move: Taunt\n|cant|p2a: Gliscor|move: Taunt|Toxic\n|\n|-status|p2a: Gliscor|tox|[from] item: Toxic Orb\n|upkeep\n|turn|2\n|\n|t:|1700891313\n|switch|p2a: Eternatus|Eternatus|100\/100\n|-ability|p2a: Eternatus|Pressure\n|move|p1a: BRAAVOSI|Stealth Rock|p2a: Eternatus\n|-sidestart|p2: had sweep|move: Stealth Rock\n|\n|upkeep\n|turn|3\n|\n|t:|1700891319\n|move|p2a: Eternatus|Toxic|p1a: BRAAVOSI\n|-status|p1a: BRAAVOSI|tox\n|move|p1a: BRAAVOSI|Judgment|p2a: Eternatus\n|-damage|p2a: Eternatus|72\/100\n|\n|-damage|p1a: BRAAVOSI|94\/100 tox|[from] psn\n|upkeep\n|turn|4\n|\n|t:|1700891328\n|move|p2a: Eternatus|Dynamax Cannon|p1a: BRAAVOSI\n|-damage|p1a: BRAAVOSI|63\/100 tox\n|move|p1a: BRAAVOSI|Taunt|p2a: Eternatus\n|-start|p2a: Eternatus|move: Taunt\n|\n|-damage|p1a: BRAAVOSI|50\/100 tox|[from] psn\n|upkeep\n|turn|5\n|\n|t:|1700891341\n|move|p2a: Eternatus|Dynamax Cannon|p1a: BRAAVOSI\n|-damage|p1a: BRAAVOSI|19\/100 tox\n|move|p1a: BRAAVOSI|Healing Wish|p1a: BRAAVOSI\n|faint|p1a: BRAAVOSI\n|\n|upkeep\n|\n|t:|1700891355\n|switch|p1a: STELMARIA|Chien-Pao|100\/100\n|-ability|p1a: STELMARIA|Sword of Ruin\n|turn|6\n|\n|t:|1700891363\n|switch|p2a: Dondozo|Dondozo, M|100\/100\n|-damage|p2a: Dondozo|88\/100|[from] Stealth Rock\n|move|p1a: STELMARIA|Ice Spinner|p2a: Dondozo\n|-resisted|p2a: Dondozo\n|-damage|p2a: Dondozo|76\/100\n|\n|-heal|p2a: Dondozo|82\/100|[from] item: Leftovers\n|upkeep\n|turn|7\n|\n|t:|1700891372\n|switch|p2a: Clodsire|Clodsire, F|100\/100\n|-damage|p2a: Clodsire|94\/100|[from] Stealth Rock\n|move|p1a: STELMARIA|Taunt|p2a: Clodsire\n|-start|p2a: Clodsire|move: Taunt\n|\n|-heal|p2a: Clodsire|100\/100|[from] item: Leftovers\n|upkeep\n|turn|8\n|\n|t:|1700891379\n|switch|p2a: Dondozo|Dondozo, M|82\/100\n|-damage|p2a: Dondozo|70\/100|[from] Stealth Rock\n|move|p1a: STELMARIA|Ice Spinner|p2a: Dondozo\n|-resisted|p2a: Dondozo\n|-damage|p2a: Dondozo|58\/100\n|\n|-heal|p2a: Dondozo|65\/100|[from] item: Leftovers\n|upkeep\n|turn|9\n|\n|t:|1700891382\n|move|p1a: STELMARIA|Taunt|p2a: Dondozo\n|-start|p2a: Dondozo|move: Taunt\n|move|p2a: Dondozo|Liquidation|p1a: STELMARIA\n|-damage|p1a: STELMARIA|63\/100\n|\n|-heal|p2a: Dondozo|71\/100|[from] item: Leftovers\n|upkeep\n|turn|10\n|\n|t:|1700891403\n|switch|p1a: JONQUIL DARKE|Miraidon|100\/100\n|-fieldstart|move: Electric Terrain|[from] ability: Hadron Engine|[of] p1a: JONQUIL DARKE\n|move|p2a: Dondozo|Liquidation|p1a: JONQUIL DARKE\n|-resisted|p1a: JONQUIL DARKE\n|-damage|p1a: JONQUIL DARKE|87\/100\n|\n|-heal|p2a: Dondozo|77\/100|[from] item: Leftovers\n|upkeep\n|turn|11\n|\n|t:|1700891412\n|switch|p2a: Clodsire|Clodsire, F|100\/100\n|-damage|p2a: Clodsire|94\/100|[from] Stealth Rock\n|move|p1a: JONQUIL DARKE|Dragon Pulse|p2a: Clodsire\n|-damage|p2a: Clodsire|58\/100\n|\n|-heal|p2a: Clodsire|65\/100|[from] item: Leftovers\n|upkeep\n|turn|12\n|\n|t:|1700891420\n|switch|p1a: STELMARIA|Chien-Pao|63\/100\n|-heal|p1a: STELMARIA|100\/100|[from] move: Healing Wish\n|-ability|p1a: STELMARIA|Sword of Ruin\n|move|p2a: Clodsire|Toxic Spikes|p1a: STELMARIA\n|-sidestart|p1: xcellofantastic|move: Toxic Spikes\n|\n|-heal|p2a: Clodsire|71\/100|[from] item: Leftovers\n|upkeep\n|turn|13\n|\n|t:|1700891437\n|switch|p2a: Dondozo|Dondozo, M|77\/100\n|-damage|p2a: Dondozo|64\/100|[from] Stealth Rock\n|move|p1a: STELMARIA|Taunt|p2a: Dondozo\n|-start|p2a: Dondozo|move: Taunt\n|\n|-heal|p2a: Dondozo|71\/100|[from] item: Leftovers\n|upkeep\n|turn|14\n|inactive|xcellofantastic has 120 seconds left.\n|inactive|xcellofantastic has 90 seconds left.\n|\n|t:|1700891507\n|move|p1a: STELMARIA|Sacred Sword|p2a: Dondozo\n|-damage|p2a: Dondozo|54\/100\n|move|p2a: Dondozo|Liquidation|p1a: STELMARIA\n|-damage|p1a: STELMARIA|59\/100\n|\n|-heal|p2a: Dondozo|61\/100|[from] item: Leftovers\n|-fieldend|move: Electric Terrain\n|upkeep\n|turn|15\n|\n|t:|1700891530\n|switch|p1a: JONQUIL DARKE|Miraidon|87\/100\n|-status|p1a: JONQUIL DARKE|psn\n|-fieldstart|move: Electric Terrain|[from] ability: Hadron Engine|[of] p1a: JONQUIL DARKE\n|move|p2a: Dondozo|Liquidation|p1a: JONQUIL DARKE\n|-resisted|p1a: JONQUIL DARKE\n|-damage|p1a: JONQUIL DARKE|75\/100 psn\n|\n|-heal|p2a: Dondozo|67\/100|[from] item: Leftovers\n|-damage|p1a: JONQUIL DARKE|63\/100 psn|[from] psn\n|-end|p2a: Dondozo|move: Taunt\n|upkeep\n|turn|16\n|\n|t:|1700891550\n|switch|p2a: Clodsire|Clodsire, F|71\/100\n|-damage|p2a: Clodsire|65\/100|[from] Stealth Rock\n|move|p1a: JONQUIL DARKE|Dragon Pulse|p2a: Clodsire\n|-damage|p2a: Clodsire|28\/100\n|\n|-heal|p2a: Clodsire|34\/100|[from] item: Leftovers\n|-damage|p1a: JONQUIL DARKE|50\/100 psn|[from] psn\n|upkeep\n|turn|17\n|\n|t:|1700891558\n|move|p1a: JONQUIL DARKE|Dragon Pulse|p2a: Clodsire\n|-damage|p2a: Clodsire|0 fnt\n|faint|p2a: Clodsire\n|\n|-damage|p1a: JONQUIL DARKE|38\/100 psn|[from] psn\n|upkeep\n|\n|t:|1700891564\n|switch|p2a: Zacian|Zacian|100\/100\n|-damage|p2a: Zacian|88\/100|[from] Stealth Rock\n|-ability|p2a: Zacian|Intrepid Sword|boost\n|-boost|p2a: Zacian|atk|1\n|turn|18\n|\n|t:|1700891570\n|move|p2a: Zacian|Play Rough|p1a: JONQUIL DARKE|[miss]\n|-miss|p2a: Zacian|p1a: JONQUIL DARKE\n|move|p1a: JONQUIL DARKE|Electro Drift|p2a: Zacian\n|-damage|p2a: Zacian|0 fnt\n|faint|p2a: Zacian\n|\n|-damage|p1a: JONQUIL DARKE|25\/100 psn|[from] psn\n|upkeep\n|inactive|had sweep has 120 seconds left.\n|\n|t:|1700891625\n|switch|p2a: Gliscor|Gliscor, M|100\/100 tox\n|-damage|p2a: Gliscor|88\/100 tox|[from] Stealth Rock\n|turn|19\n|inactive|xcellofantastic has 90 seconds left.\n|\n|t:|1700891637\n|switch|p1a: STELMARIA|Chien-Pao|59\/100\n|-status|p1a: STELMARIA|psn\n|-ability|p1a: STELMARIA|Sword of Ruin\n|move|p2a: Gliscor|Protect||[still]\n|-fail|p2a: Gliscor\n|\n|-damage|p1a: STELMARIA|46\/100 psn|[from] psn\n|-heal|p2a: Gliscor|100\/100 tox|[from] ability: Poison Heal\n|-fieldend|move: Electric Terrain\n|upkeep\n|turn|20\n|inactive|xcellofantastic has 90 seconds left.\n|\n|t:|1700891645\n|switch|p2a: Dondozo|Dondozo, M|67\/100\n|-damage|p2a: Dondozo|54\/100|[from] Stealth Rock\n|move|p1a: STELMARIA|Ice Spinner|p2a: Dondozo\n|-resisted|p2a: Dondozo\n|-damage|p2a: Dondozo|43\/100\n|\n|-heal|p2a: Dondozo|49\/100|[from] item: Leftovers\n|-damage|p1a: STELMARIA|34\/100 psn|[from] psn\n|upkeep\n|turn|21\n|inactive|xcellofantastic has 90 seconds left.\n|\n|t:|1700891657\n|move|p1a: STELMARIA|Taunt|p2a: Dondozo\n|-start|p2a: Dondozo|move: Taunt\n|cant|p2a: Dondozo|move: Taunt|Rest\n|\n|-heal|p2a: Dondozo|55\/100|[from] item: Leftovers\n|-damage|p1a: STELMARIA|22\/100 psn|[from] psn\n|upkeep\n|turn|22\n|inactive|had sweep has 120 seconds left.\n|\n|t:|1700891665\n|move|p1a: STELMARIA|Crunch|p2a: Dondozo\n|-damage|p2a: Dondozo|32\/100\n|move|p2a: Dondozo|Liquidation|p1a: STELMARIA\n|-damage|p1a: STELMARIA|0 fnt\n|faint|p1a: STELMARIA\n|\n|-heal|p2a: Dondozo|38\/100|[from] item: Leftovers\n|upkeep\n|inactive|xcellofantastic has 90 seconds left.\n|\n|t:|1700891683\n|switch|p1a: SHADOWBINDER|Flutter Mane|100\/100\n|-status|p1a: SHADOWBINDER|psn\n|turn|23\n|inactive|had sweep has 120 seconds left.\n|\n|t:|1700891718\n|move|p1a: SHADOWBINDER|Moonblast|p2a: Dondozo\n|-damage|p2a: Dondozo|0 fnt\n|faint|p2a: Dondozo\n|-damage|p1a: SHADOWBINDER|91\/100 psn|[from] item: Life Orb\n|\n|-damage|p1a: SHADOWBINDER|78\/100 psn|[from] psn\n|upkeep\n|inactive|had sweep has 90 seconds left.\n|\n|t:|1700891734\n|switch|p2a: Giratina|Giratina-Origin|100\/100\n|-damage|p2a: Giratina|88\/100|[from] Stealth Rock\n|turn|24\n|\n|t:|1700891745\n|-end|p1a: SHADOWBINDER|Protosynthesis|[silent]\n|switch|p1a: NYMERIA|Zacian-Crowned|100\/100\n|-ability|p1a: NYMERIA|Intrepid Sword|boost\n|-boost|p1a: NYMERIA|atk|1\n|move|p2a: Giratina|Hex|p1a: NYMERIA\n|-damage|p1a: NYMERIA|67\/100\n|\n|upkeep\n|turn|25\n|inactive|had sweep has 90 seconds left.\n|\n|t:|1700891789\n|move|p1a: NYMERIA|Play Rough|p2a: Giratina\n|-supereffective|p2a: Giratina\n|-damage|p2a: Giratina|0 fnt\n|faint|p2a: Giratina\n|\n|upkeep\n|\n|t:|1700891796\n|switch|p2a: Gliscor|Gliscor, M|100\/100 tox\n|-damage|p2a: Gliscor|88\/100 tox|[from] Stealth Rock\n|turn|26\n|inactive|xcellofantastic has 120 seconds left.\n|\n|t:|1700891816\n|move|p1a: NYMERIA|Play Rough|p2a: Gliscor|[miss]\n|-miss|p1a: NYMERIA|p2a: Gliscor\n|move|p2a: Gliscor|Earthquake|p1a: NYMERIA\n|-supereffective|p1a: NYMERIA\n|-damage|p1a: NYMERIA|10\/100\n|\n|-heal|p2a: Gliscor|100\/100 tox|[from] ability: Poison Heal\n|upkeep\n|turn|27\n|\n|t:|1700891825\n|move|p1a: NYMERIA|Behemoth Blade|p2a: Gliscor\n|-damage|p2a: Gliscor|51\/100 tox\n|move|p2a: Gliscor|Earthquake|p1a: NYMERIA\n|-supereffective|p1a: NYMERIA\n|-damage|p1a: NYMERIA|0 fnt\n|faint|p1a: NYMERIA\n|\n|-heal|p2a: Gliscor|63\/100 tox|[from] ability: Poison Heal\n|upkeep\n|inactive|xcellofantastic has 120 seconds left.\n|\n|t:|1700891834\n|switch|p1a: CARAXES|Koraidon|100\/100\n|-status|p1a: CARAXES|psn\n|-weather|SunnyDay|[from] ability: Orichalcum Pulse|[of] p1a: CARAXES\n|-activate|p1a: CARAXES|Orichalcum Pulse|[source]\n|turn|28\n|\n|t:|1700891840\n|move|p2a: Gliscor|Protect|p2a: Gliscor\n|-singleturn|p2a: Gliscor|Protect\n|move|p1a: CARAXES|Swords Dance|p1a: CARAXES\n|-boost|p1a: CARAXES|atk|2\n|\n|-weather|SunnyDay|[upkeep]\n|-damage|p1a: CARAXES|88\/100 psn|[from] psn\n|-heal|p2a: Gliscor|76\/100 tox|[from] ability: Poison Heal\n|upkeep\n|turn|29\n|\n|t:|1700891844\n|-terastallize|p2a: Gliscor|Fairy\n|move|p1a: CARAXES|Scale Shot|p2a: Gliscor\n|-immune|p2a: Gliscor\n|move|p2a: Gliscor|Substitute|p2a: Gliscor\n|-start|p2a: Gliscor|Substitute\n|-damage|p2a: Gliscor|51\/100 tox\n|\n|-weather|SunnyDay|[upkeep]\n|-damage|p1a: CARAXES|76\/100 psn|[from] psn\n|-heal|p2a: Gliscor|63\/100 tox|[from] ability: Poison Heal\n|upkeep\n|turn|30\n|\n|t:|1700891867\n|move|p2a: Gliscor|Protect|p2a: Gliscor\n|-singleturn|p2a: Gliscor|Protect\n|move|p1a: CARAXES|Flare Blitz|p2a: Gliscor\n|-activate|p2a: Gliscor|move: Protect\n|\n|-weather|SunnyDay|[upkeep]\n|-damage|p1a: CARAXES|64\/100 psn|[from] psn\n|-heal|p2a: Gliscor|76\/100 tox|[from] ability: Poison Heal\n|upkeep\n|turn|31\n|\n|t:|1700891871\n|move|p1a: CARAXES|Flare Blitz|p2a: Gliscor\n|-end|p2a: Gliscor|Substitute\n|-damage|p1a: CARAXES|55\/100 psn|[from] Recoil|[of] p2a: Gliscor\n|move|p2a: Gliscor|Substitute|p2a: Gliscor\n|-start|p2a: Gliscor|Substitute\n|-damage|p2a: Gliscor|51\/100 tox\n|\n|-weather|SunnyDay|[upkeep]\n|-damage|p1a: CARAXES|43\/100 psn|[from] psn\n|-heal|p2a: Gliscor|63\/100 tox|[from] ability: Poison Heal\n|upkeep\n|turn|32\n|\n|t:|1700891880\n|move|p2a: Gliscor|Protect|p2a: Gliscor\n|-singleturn|p2a: Gliscor|Protect\n|move|p1a: CARAXES|Flare Blitz|p2a: Gliscor\n|-activate|p2a: Gliscor|move: Protect\n|\n|-weather|none\n|-damage|p1a: CARAXES|30\/100 psn|[from] psn\n|-heal|p2a: Gliscor|76\/100 tox|[from] ability: Poison Heal\n|upkeep\n|turn|33\n|\n|t:|1700891889\n|move|p1a: CARAXES|Flare Blitz|p2a: Gliscor\n|-end|p2a: Gliscor|Substitute\n|-damage|p1a: CARAXES|22\/100 psn|[from] Recoil|[of] p2a: Gliscor\n|move|p2a: Gliscor|Substitute|p2a: Gliscor\n|-start|p2a: Gliscor|Substitute\n|-damage|p2a: Gliscor|51\/100 tox\n|\n|-damage|p1a: CARAXES|10\/100 psn|[from] psn\n|-heal|p2a: Gliscor|63\/100 tox|[from] ability: Poison Heal\n|upkeep\n|turn|34\n|\n|t:|1700891899\n|move|p2a: Gliscor|Protect|p2a: Gliscor\n|-singleturn|p2a: Gliscor|Protect\n|move|p1a: CARAXES|Flare Blitz|p2a: Gliscor\n|-activate|p2a: Gliscor|move: Protect\n|\n|-damage|p1a: CARAXES|0 fnt|[from] psn\n|faint|p1a: CARAXES\n|-heal|p2a: Gliscor|76\/100 tox|[from] ability: Poison Heal\n|upkeep\n|\n|t:|1700891904\n|switch|p1a: JONQUIL DARKE|Miraidon|25\/100 psn\n|-fieldstart|move: Electric Terrain|[from] ability: Hadron Engine|[of] p1a: JONQUIL DARKE\n|turn|35\n|\n|t:|1700891909\n|move|p2a: Gliscor|Protect|p2a: Gliscor\n|-singleturn|p2a: Gliscor|Protect\n|move|p1a: JONQUIL DARKE|Electro Drift|p2a: Gliscor\n|-activate|p2a: Gliscor|move: Protect\n|\n|-damage|p1a: JONQUIL DARKE|13\/100 psn|[from] psn\n|-heal|p2a: Gliscor|88\/100 tox|[from] ability: Poison Heal\n|upkeep\n|turn|36\n|\n|t:|1700891917\n|move|p1a: JONQUIL DARKE|Electro Drift|p2a: Gliscor\n|-end|p2a: Gliscor|Substitute\n|move|p2a: Gliscor|Substitute|p2a: Gliscor\n|-start|p2a: Gliscor|Substitute\n|-damage|p2a: Gliscor|63\/100 tox\n|\n|-damage|p1a: JONQUIL DARKE|0 fnt|[from] psn\n|faint|p1a: JONQUIL DARKE\n|-heal|p2a: Gliscor|76\/100 tox|[from] ability: Poison Heal\n|upkeep\n|\n|t:|1700891922\n|switch|p1a: SHADOWBINDER|Flutter Mane|78\/100 psn\n|turn|37\n|-message|xcellofantastic forfeited.\n|\n|win|had sweep\n|raw|xcellofantastic's rating: 1261 &rarr; <strong>1252<\/strong><br \/>(-9 for losing)\n|raw|had sweep's rating: 1532 &rarr; <strong>1539<\/strong><br \/>(+7 for winning)\n|l|\u2606xcellofantastic\n","uploadtime":1700891932,"views":10,"p1id":"xcellofantastic","p2id":"hadsweep","formatid":"gen9ubers","rating":1252,"private":0,"password":""}