{"id":"gen9ubers-1969144864","p1":"spidernoculus","p2":"dingusmkyeetus","format":"[Gen 9] Ubers","log":"|j|\u2606spidernoculus\n|j|\u203ddingusmkyeetus\n|t:|1697494103\n|gametype|singles\n|player|p1|spidernoculus|rosa|\n|player|p2|dingusmkyeetus|acetrainerf-gen4dp|\n|teamsize|p1|6\n|teamsize|p2|6\n|gen|9\n|tier|[Gen 9] Ubers\n|rule|Sleep Clause Mod: Limit one foe put to sleep\n|rule|Species Clause: Limit one of each Pok\u00e9mon\n|rule|OHKO Clause: OHKO moves are banned\n|rule|Evasion Items Clause: Evasion items are banned\n|rule|Evasion Moves Clause: Evasion moves are banned\n|rule|Endless Battle Clause: Forcing endless battles is banned\n|rule|HP Percentage Mod: HP is shown in percentages\n|clearpoke\n|poke|p1|Grimmsnarl, M|\n|poke|p1|Dialga-Origin|\n|poke|p1|Cyclizar, M|\n|poke|p1|Arceus-Fire|\n|poke|p1|Zapdos|\n|poke|p1|Jirachi|\n|poke|p2|Regidrago|\n|poke|p2|Arceus-Fire|\n|poke|p2|Gliscor, F|\n|poke|p2|Masquerain, M|\n|poke|p2|Shaymin-Sky|\n|poke|p2|Grimmsnarl, M|\n|teampreview\n|inactive|Battle timer is ON: inactive players will automatically lose when time's up. (requested by dingusmkyeetus)\n|c|\u2606spidernoculus|GL HF\n|\n|t:|1697494114\n|start\n|switch|p1a: Grimmsnarl|Grimmsnarl, M|100\/100\n|switch|p2a: Regidrago|Regidrago|100\/100\n|turn|1\n|\n|t:|1697494123\n|switch|p2a: Masquerain|Masquerain, M|100\/100\n|-ability|p2a: Masquerain|Intimidate|boost\n|-unboost|p1a: Grimmsnarl|atk|1\n|move|p1a: Grimmsnarl|Light Screen|p1a: Grimmsnarl\n|-sidestart|p1: spidernoculus|move: Light Screen\n|\n|upkeep\n|turn|2\n|\n|t:|1697494130\n|move|p1a: Grimmsnarl|Reflect|p1a: Grimmsnarl\n|-sidestart|p1: spidernoculus|Reflect\n|move|p2a: Masquerain|Sticky Web|p1a: Grimmsnarl\n|-sidestart|p1: spidernoculus|move: Sticky Web\n|\n|upkeep\n|turn|3\n|\n|t:|1697494136\n|move|p1a: Grimmsnarl|Taunt|p2a: Masquerain\n|-start|p2a: Masquerain|move: Taunt\n|cant|p2a: Masquerain|move: Taunt|Whirlwind\n|\n|upkeep\n|turn|4\n|\n|t:|1697494145\n|switch|p1a: Cyclizar|Cyclizar, M|100\/100\n|-activate|p1a: Cyclizar|move: Sticky Web\n|-unboost|p1a: Cyclizar|spe|1\n|move|p2a: Masquerain|Bug Buzz|p1a: Cyclizar\n|-damage|p1a: Cyclizar|77\/100\n|\n|upkeep\n|turn|5\n|\n|t:|1697494161\n|move|p2a: Masquerain|U-turn|p1a: Cyclizar\n|-damage|p1a: Cyclizar|62\/100\n|\n|t:|1697494165\n|switch|p2a: Regidrago|Regidrago|100\/100|[from] U-turn\n|move|p1a: Cyclizar|Rapid Spin|p2a: Regidrago\n|-damage|p2a: Regidrago|80\/100\n|-boost|p1a: Cyclizar|spe|1\n|-sideend|p1: spidernoculus|Sticky Web|[from] move: Rapid Spin|[of] p1a: Cyclizar\n|-damage|p1a: Cyclizar|52\/100|[from] item: Life Orb\n|\n|upkeep\n|turn|6\n|\n|t:|1697494178\n|move|p2a: Regidrago|Dragon Energy|p1a: Cyclizar\n|-supereffective|p1a: Cyclizar\n|-damage|p1a: Cyclizar|0 fnt\n|faint|p1a: Cyclizar\n|\n|upkeep\n|\n|t:|1697494184\n|switch|p1a: Grimmsnarl|Grimmsnarl, M|100\/100\n|turn|7\n|c|\u2606spidernoculus|nice scarf\n|\n|t:|1697494197\n|switch|p2a: Grimmsnarl|Grimmsnarl, M, shiny|100\/100\n|move|p1a: Grimmsnarl|Parting Shot|p2a: Grimmsnarl\n|-hint|Since gen 7, Dark is immune to Prankster moves.\n|-immune|p2a: Grimmsnarl\n|\n|upkeep\n|turn|8\n|\n|t:|1697494206\n|switch|p1a: Zapdos|Zapdos|100\/100\n|move|p2a: Grimmsnarl|Light Screen|p2a: Grimmsnarl\n|-sidestart|p2: dingusmkyeetus|move: Light Screen\n|\n|-sideend|p1: spidernoculus|move: Light Screen\n|upkeep\n|turn|9\n|\n|t:|1697494213\n|move|p2a: Grimmsnarl|Reflect|p2a: Grimmsnarl\n|-sidestart|p2: dingusmkyeetus|Reflect\n|move|p1a: Zapdos|Thunder Wave|p2a: Grimmsnarl\n|-status|p2a: Grimmsnarl|par\n|\n|-sideend|p1: spidernoculus|Reflect\n|upkeep\n|turn|10\n|\n|t:|1697494218\n|move|p2a: Grimmsnarl|Parting Shot|p1a: Zapdos\n|-unboost|p1a: Zapdos|atk|1\n|-unboost|p1a: Zapdos|spa|1\n|\n|t:|1697494222\n|switch|p2a: Gliscor|Gliscor, F|100\/100|[from] Parting Shot\n|move|p1a: Zapdos|Tailwind|p1a: Zapdos\n|-sidestart|p1: spidernoculus|move: Tailwind\n|\n|-status|p2a: Gliscor|tox|[from] item: Toxic Orb\n|upkeep\n|turn|11\n|\n|t:|1697494235\n|switch|p1a: Grimmsnarl|Grimmsnarl, M|100\/100\n|move|p2a: Gliscor|Dual Wingbeat|p1a: Grimmsnarl\n|-damage|p1a: Grimmsnarl|80\/100\n|-damage|p1a: Grimmsnarl|57\/100\n|-hitcount|p1a: Grimmsnarl|2\n|\n|upkeep\n|turn|12\n|\n|t:|1697494247\n|move|p1a: Grimmsnarl|Reflect|p1a: Grimmsnarl\n|-sidestart|p1: spidernoculus|Reflect\n|move|p2a: Gliscor|Earthquake|p1a: Grimmsnarl\n|-damage|p1a: Grimmsnarl|30\/100\n|\n|upkeep\n|turn|13\n|\n|t:|1697494252\n|move|p1a: Grimmsnarl|Light Screen|p1a: Grimmsnarl\n|-sidestart|p1: spidernoculus|move: Light Screen\n|move|p2a: Gliscor|Dual Wingbeat|p1a: Grimmsnarl\n|-damage|p1a: Grimmsnarl|20\/100\n|-damage|p1a: Grimmsnarl|8\/100\n|-hitcount|p1a: Grimmsnarl|2\n|\n|-sideend|p1: spidernoculus|move: Tailwind\n|upkeep\n|turn|14\n|\n|t:|1697494262\n|move|p1a: Grimmsnarl|Parting Shot|p2a: Gliscor\n|-unboost|p2a: Gliscor|atk|1\n|-unboost|p2a: Gliscor|spa|1\n|\n|t:|1697494265\n|switch|p1a: Arceus|Arceus-Fire|100\/100|[from] Parting Shot\n|move|p2a: Gliscor|U-turn|p1a: Arceus\n|-resisted|p1a: Arceus\n|-damage|p1a: Arceus|98\/100\n|\n|t:|1697494278\n|switch|p2a: Arceus|Arceus-Fire|100\/100|[from] U-turn\n|\n|upkeep\n|turn|15\n|\n|t:|1697494283\n|move|p2a: Arceus|Surf|p1a: Arceus\n|-supereffective|p1a: Arceus\n|-damage|p1a: Arceus|79\/100\n|move|p1a: Arceus|Calm Mind|p1a: Arceus\n|-boost|p1a: Arceus|spa|1\n|-boost|p1a: Arceus|spd|1\n|\n|-sideend|p2: dingusmkyeetus|move: Light Screen\n|upkeep\n|turn|16\n|\n|t:|1697494291\n|move|p2a: Arceus|Calm Mind|p2a: Arceus\n|-boost|p2a: Arceus|spa|1\n|-boost|p2a: Arceus|spd|1\n|move|p1a: Arceus|Hydro Pump|p2a: Arceus\n|-supereffective|p2a: Arceus\n|-damage|p2a: Arceus|39\/100\n|\n|-sideend|p2: dingusmkyeetus|Reflect\n|upkeep\n|turn|17\n|\n|t:|1697494302\n|switch|p2a: Shaymin|Shaymin-Sky|100\/100\n|move|p1a: Arceus|Hydro Pump|p2a: Shaymin\n|-resisted|p2a: Shaymin\n|-damage|p2a: Shaymin|65\/100\n|\n|upkeep\n|turn|18\n|\n|t:|1697494312\n|move|p2a: Shaymin|Earth Power|p1a: Arceus\n|-supereffective|p1a: Arceus\n|-damage|p1a: Arceus|66\/100\n|move|p1a: Arceus|Judgment|p2a: Shaymin\n|-supereffective|p2a: Shaymin\n|-damage|p2a: Shaymin|0 fnt\n|faint|p2a: Shaymin\n|\n|upkeep\n|\n|t:|1697494337\n|switch|p2a: Regidrago|Regidrago|80\/100\n|turn|19\n|\n|t:|1697494345\n|move|p2a: Regidrago|Earth Power|p1a: Arceus\n|-supereffective|p1a: Arceus\n|-damage|p1a: Arceus|55\/100\n|move|p1a: Arceus|Calm Mind|p1a: Arceus\n|-boost|p1a: Arceus|spa|1\n|-boost|p1a: Arceus|spd|1\n|\n|-sideend|p1: spidernoculus|Reflect\n|upkeep\n|turn|20\n|\n|t:|1697494356\n|move|p2a: Regidrago|Earth Power|p1a: Arceus\n|-supereffective|p1a: Arceus\n|-damage|p1a: Arceus|46\/100\n|-unboost|p1a: Arceus|spd|1\n|move|p1a: Arceus|Calm Mind|p1a: Arceus\n|-boost|p1a: Arceus|spa|1\n|-boost|p1a: Arceus|spd|1\n|\n|-sideend|p1: spidernoculus|move: Light Screen\n|upkeep\n|turn|21\n|\n|t:|1697494367\n|switch|p2a: Grimmsnarl|Grimmsnarl, M, shiny|100\/100 par\n|move|p1a: Arceus|Judgment|p2a: Grimmsnarl\n|-damage|p2a: Grimmsnarl|0 fnt\n|faint|p2a: Grimmsnarl\n|\n|upkeep\n|\n|t:|1697494374\n|switch|p2a: Arceus|Arceus-Fire|39\/100\n|turn|22\n|\n|t:|1697494379\n|move|p2a: Arceus|Surf|p1a: Arceus\n|-supereffective|p1a: Arceus\n|-damage|p1a: Arceus|27\/100\n|move|p1a: Arceus|Hydro Pump|p2a: Arceus\n|-supereffective|p2a: Arceus\n|-damage|p2a: Arceus|0 fnt\n|faint|p2a: Arceus\n|\n|upkeep\n|\n|t:|1697494390\n|switch|p2a: Masquerain|Masquerain, M|100\/100\n|-ability|p2a: Masquerain|Intimidate|boost\n|-unboost|p1a: Arceus|atk|1\n|turn|23\n|\n|t:|1697494399\n|move|p2a: Masquerain|Bug Buzz|p1a: Arceus\n|-resisted|p1a: Arceus\n|-damage|p1a: Arceus|22\/100\n|move|p1a: Arceus|Calm Mind|p1a: Arceus\n|-boost|p1a: Arceus|spa|1\n|-boost|p1a: Arceus|spd|1\n|\n|upkeep\n|turn|24\n|\n|t:|1697494417\n|move|p1a: Arceus|Judgment|p2a: Masquerain\n|-supereffective|p2a: Masquerain\n|-enditem|p2a: Masquerain|Focus Sash\n|-damage|p2a: Masquerain|1\/100\n|move|p2a: Masquerain|Whirlwind|p1a: Arceus\n|drag|p1a: Zapdos|Zapdos|100\/100\n|\n|upkeep\n|turn|25\n|\n|t:|1697494426\n|move|p2a: Masquerain|Bug Buzz|p1a: Zapdos\n|-resisted|p1a: Zapdos\n|-damage|p1a: Zapdos|91\/100\n|move|p1a: Zapdos|Tailwind|p1a: Zapdos\n|-sidestart|p1: spidernoculus|move: Tailwind\n|\n|upkeep\n|turn|26\n|\n|t:|1697494434\n|switch|p2a: Regidrago|Regidrago|80\/100\n|move|p1a: Zapdos|Thunderbolt|p2a: Regidrago\n|-resisted|p2a: Regidrago\n|-damage|p2a: Regidrago|60\/100\n|\n|upkeep\n|turn|27\n|\n|t:|1697494442\n|move|p1a: Zapdos|Thunder Wave|p2a: Regidrago\n|-status|p2a: Regidrago|par\n|move|p2a: Regidrago|Draco Meteor|p1a: Zapdos\n|-crit|p1a: Zapdos\n|-damage|p1a: Zapdos|2\/100\n|-unboost|p2a: Regidrago|spa|2\n|\n|upkeep\n|turn|28\n|\n|t:|1697494451\n|move|p1a: Zapdos|Roost|p1a: Zapdos\n|-heal|p1a: Zapdos|52\/100\n|-singleturn|p1a: Zapdos|move: Roost\n|cant|p2a: Regidrago|par\n|\n|-sideend|p1: spidernoculus|move: Tailwind\n|upkeep\n|turn|29\n|\n|t:|1697494459\n|move|p1a: Zapdos|Roost|p1a: Zapdos\n|-heal|p1a: Zapdos|100\/100\n|-singleturn|p1a: Zapdos|move: Roost\n|move|p2a: Regidrago|Draco Meteor|p1a: Zapdos\n|-damage|p1a: Zapdos|72\/100\n|-unboost|p2a: Regidrago|spa|2\n|\n|upkeep\n|turn|30\n|\n|t:|1697494467\n|switch|p2a: Gliscor|Gliscor, F|100\/100 tox\n|move|p1a: Zapdos|Tailwind|p1a: Zapdos\n|-sidestart|p1: spidernoculus|move: Tailwind\n|\n|upkeep\n|turn|31\n|\n|t:|1697494475\n|switch|p1a: Grimmsnarl|Grimmsnarl, M|8\/100\n|move|p2a: Gliscor|Dual Wingbeat|p1a: Grimmsnarl\n|-damage|p1a: Grimmsnarl|0 fnt\n|faint|p1a: Grimmsnarl\n|-hitcount|p1: Grimmsnarl|1\n|\n|upkeep\n|\n|t:|1697494487\n|switch|p1a: Jirachi|Jirachi|100\/100\n|turn|32\n|\n|t:|1697494494\n|-terastallize|p1a: Jirachi|Fairy\n|move|p1a: Jirachi|Wish|p1a: Jirachi\n|move|p2a: Gliscor|Earthquake|p1a: Jirachi\n|-damage|p1a: Jirachi|74\/100\n|\n|-heal|p1a: Jirachi|80\/100|[from] item: Leftovers\n|upkeep\n|turn|33\n|\n|t:|1697494505\n|move|p1a: Jirachi|Future Sight|p2a: Gliscor\n|-start|p1a: Jirachi|move: Future Sight\n|move|p2a: Gliscor|Earthquake|p1a: Jirachi\n|-damage|p1a: Jirachi|55\/100\n|\n|-heal|p1a: Jirachi|100\/100|[from] move: Wish|[wisher] Jirachi\n|-sideend|p1: spidernoculus|move: Tailwind\n|upkeep\n|turn|34\n|\n|t:|1697494512\n|move|p2a: Gliscor|Protect|p2a: Gliscor\n|-singleturn|p2a: Gliscor|Protect\n|move|p1a: Jirachi|Doom Desire||[still]\n|-fail|p1a: Jirachi\n|\n|upkeep\n|turn|35\n|\n|t:|1697494521\n|switch|p2a: Masquerain|Masquerain, M|1\/100\n|-ability|p2a: Masquerain|Intimidate|boost\n|-unboost|p1a: Jirachi|atk|1\n|move|p1a: Jirachi|Doom Desire||[still]\n|-fail|p1a: Jirachi\n|\n|-end|p2a: Masquerain|move: Future Sight\n|-damage|p2a: Masquerain|0 fnt\n|faint|p2a: Masquerain\n|upkeep\n|\n|t:|1697494536\n|switch|p2a: Gliscor|Gliscor, F|100\/100 tox\n|turn|36\n|\n|t:|1697494543\n|move|p2a: Gliscor|Earthquake|p1a: Jirachi\n|-damage|p1a: Jirachi|74\/100\n|move|p1a: Jirachi|Doom Desire|p2a: Gliscor\n|-start|p1a: Jirachi|Doom Desire\n|\n|-heal|p1a: Jirachi|80\/100|[from] item: Leftovers\n|upkeep\n|turn|37\n|inactive|dingusmkyeetus has 270 seconds left.\n|\n|t:|1697494573\n|move|p2a: Gliscor|Earthquake|p1a: Jirachi\n|-damage|p1a: Jirachi|53\/100\n|move|p1a: Jirachi|Wish|p1a: Jirachi\n|\n|-heal|p1a: Jirachi|59\/100|[from] item: Leftovers\n|upkeep\n|turn|38\n|\n|t:|1697494583\n|move|p2a: Gliscor|Earthquake|p1a: Jirachi\n|-damage|p1a: Jirachi|32\/100\n|move|p1a: Jirachi|Calm Mind|p1a: Jirachi\n|-boost|p1a: Jirachi|spa|1\n|-boost|p1a: Jirachi|spd|1\n|\n|-end|p2a: Gliscor|move: Doom Desire\n|-damage|p2a: Gliscor|3\/100 tox\n|-heal|p1a: Jirachi|82\/100|[from] move: Wish|[wisher] Jirachi\n|-heal|p1a: Jirachi|89\/100|[from] item: Leftovers\n|-heal|p2a: Gliscor|15\/100 tox|[from] ability: Poison Heal\n|upkeep\n|turn|39\n|\n|t:|1697494596\n|move|p2a: Gliscor|Protect|p2a: Gliscor\n|-singleturn|p2a: Gliscor|Protect\n|move|p1a: Jirachi|Doom Desire|p2a: Gliscor\n|-start|p1a: Jirachi|Doom Desire\n|\n|-heal|p1a: Jirachi|95\/100|[from] item: Leftovers\n|-heal|p2a: Gliscor|27\/100 tox|[from] ability: Poison Heal\n|upkeep\n|turn|40\n|inactive|dingusmkyeetus has 270 seconds left.\n|\n|t:|1697494617\n|move|p2a: Gliscor|Earthquake|p1a: Jirachi\n|-damage|p1a: Jirachi|70\/100\n|move|p1a: Jirachi|Calm Mind|p1a: Jirachi\n|-boost|p1a: Jirachi|spa|1\n|-boost|p1a: Jirachi|spd|1\n|\n|-heal|p1a: Jirachi|76\/100|[from] item: Leftovers\n|-heal|p2a: Gliscor|40\/100 tox|[from] ability: Poison Heal\n|upkeep\n|turn|41\n|inactive|dingusmkyeetus has 270 seconds left.\n|\n|t:|1697494628\n|move|p2a: Gliscor|Protect|p2a: Gliscor\n|-singleturn|p2a: Gliscor|Protect\n|move|p1a: Jirachi|Calm Mind|p1a: Jirachi\n|-boost|p1a: Jirachi|spa|1\n|-boost|p1a: Jirachi|spd|1\n|\n|-end|p2a: Gliscor|move: Doom Desire\n|-damage|p2a: Gliscor|0 fnt\n|faint|p2a: Gliscor\n|-heal|p1a: Jirachi|83\/100|[from] item: Leftovers\n|upkeep\n|inactive|dingusmkyeetus has 270 seconds left.\n|\n|t:|1697494649\n|switch|p2a: Regidrago|Regidrago|60\/100 par\n|turn|42\n|\n|t:|1697494656\n|-terastallize|p2a: Regidrago|Fairy\n|move|p1a: Jirachi|Wish|p1a: Jirachi\n|move|p2a: Regidrago|Tera Blast|p1a: Jirachi|[anim] Tera Blast Fairy\n|-damage|p1a: Jirachi|70\/100\n|\n|-heal|p1a: Jirachi|76\/100|[from] item: Leftovers\n|upkeep\n|turn|43\n|\n|t:|1697494666\n|move|p1a: Jirachi|Future Sight|p2a: Regidrago\n|-start|p1a: Jirachi|move: Future Sight\n|move|p2a: Regidrago|Tera Blast|p1a: Jirachi|[anim] Tera Blast Fairy\n|-crit|p1a: Jirachi\n|-damage|p1a: Jirachi|32\/100\n|\n|-heal|p1a: Jirachi|82\/100|[from] move: Wish|[wisher] Jirachi\n|-heal|p1a: Jirachi|89\/100|[from] item: Leftovers\n|upkeep\n|turn|44\n|inactive|dingusmkyeetus has 270 seconds left.\n|\n|t:|1697494686\n|move|p1a: Jirachi|Calm Mind|p1a: Jirachi\n|-boost|p1a: Jirachi|spa|1\n|-boost|p1a: Jirachi|spd|1\n|move|p2a: Regidrago|Tera Blast|p1a: Jirachi|[anim] Tera Blast Fairy\n|-damage|p1a: Jirachi|78\/100\n|\n|-heal|p1a: Jirachi|84\/100|[from] item: Leftovers\n|upkeep\n|turn|45\n|\n|t:|1697494693\n|move|p1a: Jirachi|Calm Mind|p1a: Jirachi\n|-boost|p1a: Jirachi|spa|1\n|-boost|p1a: Jirachi|spd|1\n|move|p2a: Regidrago|Tera Blast|p1a: Jirachi|[anim] Tera Blast Fairy\n|-damage|p1a: Jirachi|75\/100\n|\n|-end|p2a: Regidrago|move: Future Sight\n|-damage|p2a: Regidrago|0 fnt\n|faint|p2a: Regidrago\n|\n|win|spidernoculus\n|upkeep\n|c|\u2606spidernoculus|gg\n|l|\u203ddingusmkyeetus\n","uploadtime":1697494710,"views":22,"p1id":"spidernoculus","p2id":"dingusmkyeetus","formatid":"gen9ubers","rating":0,"private":0,"password":""}