{"id":"gen9ubers-1992822623","p1":"PrinceofUnderworld","p2":"ChronoShadowGx","format":"[Gen 9] Ubers","log":"|j|\u2606PrinceofUnderworld\n|j|\u2606ChronoShadowGx\n|t:|1700238485\n|gametype|singles\n|player|p1|PrinceofUnderworld|170|1136\n|player|p2|ChronoShadowGx|burglar|1047\n|teamsize|p1|6\n|teamsize|p2|6\n|gen|9\n|tier|[Gen 9] Ubers\n|rated|\n|rule|Sleep Clause Mod: Limit one foe put to sleep\n|rule|Species Clause: Limit one of each Pok\u00e9mon\n|rule|OHKO Clause: OHKO moves are banned\n|rule|Evasion Items Clause: Evasion items are banned\n|rule|Evasion Moves Clause: Evasion moves are banned\n|rule|Endless Battle Clause: Forcing endless battles is banned\n|rule|HP Percentage Mod: HP is shown in percentages\n|clearpoke\n|poke|p1|Roaring Moon|\n|poke|p1|Kleavor, F|\n|poke|p1|Sandy Shocks|\n|poke|p1|Weezing-Galar, M|\n|poke|p1|Iron Bundle|\n|poke|p1|Ninetales, F|\n|poke|p2|Clefable, M|\n|poke|p2|Great Tusk|\n|poke|p2|Heatran, M|\n|poke|p2|Ribombee, F|\n|poke|p2|Clodsire, F|\n|poke|p2|Kingambit, M|\n|teampreview\n|inactive|Battle timer is ON: inactive players will automatically lose when time's up. (requested by ChronoShadowGx)\n|inactive|PrinceofUnderworld has 120 seconds left.\n|\n|t:|1700238534\n|start\n|switch|p1a: Ninetales|Ninetales, F|100\/100\n|switch|p2a: Ribombee|Ribombee, F, shiny|100\/100\n|-weather|SunnyDay|[from] ability: Drought|[of] p1a: Ninetales\n|turn|1\n|\n|t:|1700238541\n|switch|p2a: Clodsire|Clodsire, F|100\/100\n|move|p1a: Ninetales|Flamethrower|p2a: Clodsire\n|-damage|p2a: Clodsire|70\/100\n|\n|-weather|SunnyDay|[upkeep]\n|-heal|p2a: Clodsire|76\/100|[from] item: Black Sludge\n|upkeep\n|turn|2\n|\n|t:|1700238560\n|move|p1a: Ninetales|Overheat|p2a: Clodsire\n|-damage|p2a: Clodsire|32\/100\n|-unboost|p1a: Ninetales|spa|2\n|-enditem|p1a: Ninetales|Eject Pack\n|\n|t:|1700238564\n|switch|p1a: Weezing|Weezing-Galar, M|100\/100\n|-ability|p1a: Weezing|Neutralizing Gas\n|move|p2a: Clodsire|Toxic|p1a: Weezing\n|-immune|p1a: Weezing\n|\n|-weather|SunnyDay|[upkeep]\n|-heal|p2a: Clodsire|38\/100|[from] item: Black Sludge\n|upkeep\n|turn|3\n|\n|t:|1700238587\n|-end|p1a: Weezing|ability: Neutralizing Gas\n|switch|p1a: Sandy Shocks|Sandy Shocks|100\/100\n|-activate|p1a: Sandy Shocks|ability: Protosynthesis\n|-start|p1a: Sandy Shocks|protosynthesisspe\n|move|p2a: Clodsire|Recover|p2a: Clodsire\n|-heal|p2a: Clodsire|88\/100\n|\n|-weather|SunnyDay|[upkeep]\n|-heal|p2a: Clodsire|94\/100|[from] item: Black Sludge\n|upkeep\n|turn|4\n|\n|t:|1700238596\n|move|p1a: Sandy Shocks|Earth Power|p2a: Clodsire\n|-supereffective|p2a: Clodsire\n|-damage|p2a: Clodsire|22\/100\n|move|p2a: Clodsire|Toxic|p1a: Sandy Shocks\n|-status|p1a: Sandy Shocks|tox\n|\n|-weather|SunnyDay|[upkeep]\n|-heal|p2a: Clodsire|29\/100|[from] item: Black Sludge\n|-damage|p1a: Sandy Shocks|94\/100 tox|[from] psn\n|upkeep\n|turn|5\n|\n|t:|1700238613\n|move|p1a: Sandy Shocks|Earth Power|p2a: Clodsire\n|-supereffective|p2a: Clodsire\n|-damage|p2a: Clodsire|0 fnt\n|faint|p2a: Clodsire\n|\n|-weather|none\n|-end|p1a: Sandy Shocks|Protosynthesis\n|-damage|p1a: Sandy Shocks|82\/100 tox|[from] psn\n|upkeep\n|\n|t:|1700238621\n|switch|p2a: Ribombee|Ribombee, F, shiny|100\/100\n|turn|6\n|\n|t:|1700238625\n|move|p2a: Ribombee|Quiver Dance|p2a: Ribombee\n|-boost|p2a: Ribombee|spa|1\n|-boost|p2a: Ribombee|spd|1\n|-boost|p2a: Ribombee|spe|1\n|move|p1a: Sandy Shocks|Earth Power|p2a: Ribombee\n|-resisted|p2a: Ribombee\n|-damage|p2a: Ribombee|60\/100\n|\n|-damage|p1a: Sandy Shocks|63\/100 tox|[from] psn\n|upkeep\n|turn|7\n|\n|t:|1700238634\n|move|p2a: Ribombee|Quiver Dance|p2a: Ribombee\n|-boost|p2a: Ribombee|spa|1\n|-boost|p2a: Ribombee|spd|1\n|-boost|p2a: Ribombee|spe|1\n|move|p1a: Sandy Shocks|Earth Power|p2a: Ribombee\n|-resisted|p2a: Ribombee\n|-damage|p2a: Ribombee|34\/100\n|\n|-damage|p1a: Sandy Shocks|38\/100 tox|[from] psn\n|upkeep\n|turn|8\n|\n|t:|1700238642\n|move|p2a: Ribombee|Quiver Dance|p2a: Ribombee\n|-boost|p2a: Ribombee|spa|1\n|-boost|p2a: Ribombee|spd|1\n|-boost|p2a: Ribombee|spe|1\n|move|p1a: Sandy Shocks|Earth Power|p2a: Ribombee\n|-resisted|p2a: Ribombee\n|-damage|p2a: Ribombee|10\/100\n|\n|-damage|p1a: Sandy Shocks|7\/100 tox|[from] psn\n|upkeep\n|turn|9\n|\n|t:|1700238650\n|move|p2a: Ribombee|Draining Kiss|p1a: Sandy Shocks\n|-damage|p1a: Sandy Shocks|0 fnt\n|-heal|p2a: Ribombee|17\/100|[from] drain|[of] p1a: Sandy Shocks\n|faint|p1a: Sandy Shocks\n|-end|p1a: Sandy Shocks|Protosynthesis|[silent]\n|\n|upkeep\n|\n|t:|1700238659\n|switch|p1a: Weezing|Weezing-Galar, M|100\/100\n|-ability|p1a: Weezing|Neutralizing Gas\n|turn|10\n|\n|t:|1700238668\n|-terastallize|p2a: Ribombee|Fairy\n|move|p2a: Ribombee|Draining Kiss|p1a: Weezing\n|-resisted|p1a: Weezing\n|-damage|p1a: Weezing|38\/100\n|-heal|p2a: Ribombee|74\/100|[from] drain|[of] p1a: Weezing\n|move|p1a: Weezing|Sludge Bomb|p2a: Ribombee\n|-supereffective|p2a: Ribombee\n|-damage|p2a: Ribombee|32\/100\n|\n|-heal|p1a: Weezing|44\/100|[from] item: Black Sludge\n|upkeep\n|turn|11\n|\n|t:|1700238681\n|move|p2a: Ribombee|Draining Kiss|p1a: Weezing\n|-resisted|p1a: Weezing\n|-damage|p1a: Weezing|0 fnt\n|-heal|p2a: Ribombee|72\/100|[from] drain|[of] p1a: Weezing\n|faint|p1a: Weezing\n|-end|p1a: Weezing|ability: Neutralizing Gas\n|\n|upkeep\n|\n|t:|1700238692\n|switch|p1a: Ninetales|Ninetales, F|100\/100\n|-weather|SunnyDay|[from] ability: Drought|[of] p1a: Ninetales\n|turn|12\n|\n|t:|1700238698\n|move|p2a: Ribombee|Draining Kiss|p1a: Ninetales\n|-resisted|p1a: Ninetales\n|-damage|p1a: Ninetales|49\/100\n|-heal|p2a: Ribombee|100\/100|[from] drain|[of] p1a: Ninetales\n|move|p1a: Ninetales|Overheat|p2a: Ribombee\n|-crit|p2a: Ribombee\n|-enditem|p2a: Ribombee|Focus Sash\n|-damage|p2a: Ribombee|1\/100\n|-unboost|p1a: Ninetales|spa|2\n|\n|-weather|SunnyDay|[upkeep]\n|upkeep\n|turn|13\n|\n|t:|1700238708\n|move|p2a: Ribombee|Draining Kiss|p1a: Ninetales\n|-resisted|p1a: Ninetales\n|-damage|p1a: Ninetales|0 fnt\n|-heal|p2a: Ribombee|41\/100|[from] drain|[of] p1a: Ninetales\n|faint|p1a: Ninetales\n|\n|-weather|SunnyDay|[upkeep]\n|upkeep\n|\n|t:|1700238715\n|switch|p1a: Iron Bundle|Iron Bundle|100\/100\n|turn|14\n|\n|t:|1700238720\n|move|p2a: Ribombee|Draining Kiss|p1a: Iron Bundle\n|-damage|p1a: Iron Bundle|0 fnt\n|-heal|p2a: Ribombee|100\/100|[from] drain|[of] p1a: Iron Bundle\n|faint|p1a: Iron Bundle\n|-end|p1a: Iron Bundle|Quark Drive|[silent]\n|\n|-weather|SunnyDay|[upkeep]\n|upkeep\n|\n|t:|1700238722\n|switch|p1a: Kleavor|Kleavor, F|100\/100\n|turn|15\n|\n|t:|1700238729\n|move|p2a: Ribombee|Draining Kiss|p1a: Kleavor\n|-damage|p1a: Kleavor|0 fnt\n|faint|p1a: Kleavor\n|\n|-weather|SunnyDay|[upkeep]\n|upkeep\n|\n|t:|1700238736\n|switch|p1a: Roaring Moon|Roaring Moon|100\/100\n|-activate|p1a: Roaring Moon|ability: Protosynthesis\n|-start|p1a: Roaring Moon|protosynthesisspe\n|turn|16\n|\n|t:|1700238740\n|-terastallize|p1a: Roaring Moon|Flying\n|move|p2a: Ribombee|Draining Kiss|p1a: Roaring Moon\n|-damage|p1a: Roaring Moon|13\/100\n|move|p1a: Roaring Moon|Earthquake|p2a: Ribombee\n|-damage|p2a: Ribombee|32\/100\n|\n|-weather|none\n|-end|p1a: Roaring Moon|Protosynthesis\n|upkeep\n|-enditem|p1a: Roaring Moon|Booster Energy\n|-activate|p1a: Roaring Moon|ability: Protosynthesis|[fromitem]\n|-start|p1a: Roaring Moon|protosynthesisspe\n|turn|17\n|\n|t:|1700238751\n|move|p2a: Ribombee|Draining Kiss|p1a: Roaring Moon\n|-damage|p1a: Roaring Moon|0 fnt\n|-heal|p2a: Ribombee|45\/100|[from] drain|[of] p1a: Roaring Moon\n|faint|p1a: Roaring Moon\n|-end|p1a: Roaring Moon|Protosynthesis|[silent]\n|\n|win|ChronoShadowGx\n|raw|PrinceofUnderworld's rating: 1136 &rarr; <strong>1105<\/strong><br \/>(-31 for losing)\n|raw|ChronoShadowGx's rating: 1047 &rarr; <strong>1088<\/strong><br \/>(+41 for winning)\n|c|\u2606ChronoShadowGx|gg\n","uploadtime":1700238764,"views":5,"p1id":"princeofunderworld","p2id":"chronoshadowgx","formatid":"gen9ubers","rating":1088,"private":0,"password":""}