{"id":"gen9ubers-1979062190","p1":"zsg","p2":"fwuffypetsowo","format":"[Gen 9] Ubers","log":"|j|\u2606zsg\n|j|\u2606fwuffypetsowo\n|t:|1698627335\n|gametype|singles\n|player|p1|zsg|byron|\n|player|p2|fwuffypetsowo|zinnia|\n|teamsize|p1|6\n|teamsize|p2|6\n|gen|9\n|tier|[Gen 9] Ubers\n|rule|Sleep Clause Mod: Limit one foe put to sleep\n|rule|Species Clause: Limit one of each Pok\u00e9mon\n|rule|OHKO Clause: OHKO moves are banned\n|rule|Evasion Items Clause: Evasion items are banned\n|rule|Evasion Moves Clause: Evasion moves are banned\n|rule|Endless Battle Clause: Forcing endless battles is banned\n|rule|HP Percentage Mod: HP is shown in percentages\n|clearpoke\n|poke|p1|Chi-Yu|\n|poke|p1|Palkia-Origin|\n|poke|p1|Gholdengo|\n|poke|p1|Vikavolt, M|\n|poke|p1|Zacian-*|\n|poke|p1|Zamazenta-*|\n|poke|p2|Torkoal, M|\n|poke|p2|Walking Wake|\n|poke|p2|Chi-Yu|\n|poke|p2|Arceus-Grass|\n|poke|p2|Zacian-*|\n|poke|p2|Magearna-Original|\n|teampreview\n|\n|t:|1698627352\n|start\n|switch|p1a: Vikavolt|Vikavolt, M|100\/100\n|switch|p2a: Torkoal|Torkoal, M|100\/100\n|-weather|SunnyDay|[from] ability: Drought|[of] p2a: Torkoal\n|turn|1\n|c|\u2606zsg|gl!\n|\n|t:|1698627363\n|move|p1a: Vikavolt|Sticky Web|p2a: Torkoal\n|-sidestart|p2: fwuffypetsowo|move: Sticky Web\n|move|p2a: Torkoal|Rapid Spin|p1a: Vikavolt\n|-damage|p1a: Vikavolt|91\/100\n|-boost|p2a: Torkoal|spe|1\n|-sideend|p2: fwuffypetsowo|Sticky Web|[from] move: Rapid Spin|[of] p2a: Torkoal\n|\n|-weather|SunnyDay|[upkeep]\n|upkeep\n|turn|2\n|c|\u2606fwuffypetsowo|glhf\n|\n|t:|1698627381\n|move|p1a: Vikavolt|Sticky Web|p2a: Torkoal\n|-sidestart|p2: fwuffypetsowo|move: Sticky Web\n|move|p2a: Torkoal|Lava Plume|p1a: Vikavolt\n|-supereffective|p1a: Vikavolt\n|-damage|p1a: Vikavolt|0 fnt\n|faint|p1a: Vikavolt\n|\n|-weather|SunnyDay|[upkeep]\n|upkeep\n|\n|t:|1698627385\n|switch|p1a: Gholdengo|Gholdengo|100\/100\n|turn|3\n|\n|t:|1698627402\n|switch|p1a: Palkia|Palkia-Origin|100\/100\n|-ability|p1a: Palkia|Pressure\n|move|p2a: Torkoal|Lava Plume|p1a: Palkia\n|-resisted|p1a: Palkia\n|-damage|p1a: Palkia|93\/100\n|-status|p1a: Palkia|brn\n|\n|-weather|SunnyDay|[upkeep]\n|-damage|p1a: Palkia|87\/100 brn|[from] brn\n|upkeep\n|turn|4\n|\n|t:|1698627411\n|switch|p2a: Magearna|Magearna-Original|100\/100\n|-activate|p2a: Magearna|move: Sticky Web\n|-unboost|p2a: Magearna|spe|1\n|move|p1a: Palkia|Spacial Rend|p2a: Magearna\n|-immune|p2a: Magearna\n|\n|-weather|SunnyDay|[upkeep]\n|-damage|p1a: Palkia|81\/100 brn|[from] brn\n|upkeep\n|turn|5\n|\n|t:|1698627418\n|switch|p1a: Chi-Yu|Chi-Yu|100\/100\n|-ability|p1a: Chi-Yu|Beads of Ruin\n|move|p2a: Magearna|Volt Switch|p1a: Chi-Yu\n|-damage|p1a: Chi-Yu|79\/100\n|\n|t:|1698627425\n|switch|p2a: Walking Wake|Walking Wake|100\/100|[from] Volt Switch\n|-activate|p2a: Walking Wake|move: Sticky Web\n|-unboost|p2a: Walking Wake|spe|1\n|-activate|p2a: Walking Wake|ability: Protosynthesis\n|-start|p2a: Walking Wake|protosynthesisspa\n|\n|-weather|SunnyDay|[upkeep]\n|upkeep\n|turn|6\n|\n|t:|1698627440\n|-end|p2a: Walking Wake|Protosynthesis|[silent]\n|switch|p2a: Zacian|Zacian|100\/100\n|-ability|p2a: Zacian|Intrepid Sword|boost\n|-boost|p2a: Zacian|atk|1\n|-terastallize|p1a: Chi-Yu|Dark\n|move|p1a: Chi-Yu|Dark Pulse|p2a: Zacian\n|-resisted|p2a: Zacian\n|-damage|p2a: Zacian|55\/100\n|-damage|p1a: Chi-Yu|69\/100|[from] item: Life Orb\n|\n|-weather|SunnyDay|[upkeep]\n|upkeep\n|turn|7\n|\n|t:|1698627468\n|switch|p1a: Zamazenta|Zamazenta-Crowned|100\/100\n|-ability|p1a: Zamazenta|Dauntless Shield|boost\n|-boost|p1a: Zamazenta|def|1\n|-terastallize|p2a: Zacian|Fire\n|move|p2a: Zacian|Tera Blast|p1a: Zamazenta|[anim] Tera Blast Fire\n|-supereffective|p1a: Zamazenta\n|-damage|p1a: Zamazenta|0 fnt\n|faint|p1a: Zamazenta\n|\n|-weather|SunnyDay|[upkeep]\n|upkeep\n|\n|t:|1698627478\n|switch|p1a: Zacian|Zacian|100\/100\n|-ability|p1a: Zacian|Intrepid Sword|boost\n|-boost|p1a: Zacian|atk|1\n|turn|8\n|\n|t:|1698627492\n|switch|p2a: Torkoal|Torkoal, M|100\/100\n|-activate|p2a: Torkoal|move: Sticky Web\n|-unboost|p2a: Torkoal|spe|1\n|move|p1a: Zacian|Close Combat|p2a: Torkoal\n|-damage|p2a: Torkoal|64\/100\n|-unboost|p1a: Zacian|def|1\n|-unboost|p1a: Zacian|spd|1\n|\n|-weather|none\n|upkeep\n|turn|9\n|\n|t:|1698627513\n|switch|p1a: Chi-Yu|Chi-Yu, tera:Dark|69\/100\n|-ability|p1a: Chi-Yu|Beads of Ruin\n|move|p2a: Torkoal|Rapid Spin|p1a: Chi-Yu\n|-damage|p1a: Chi-Yu|54\/100\n|-boost|p2a: Torkoal|spe|1\n|-sideend|p2: fwuffypetsowo|Sticky Web|[from] move: Rapid Spin|[of] p2a: Torkoal\n|\n|upkeep\n|turn|10\n|\n|t:|1698627522\n|switch|p2a: Magearna|Magearna-Original|100\/100\n|move|p1a: Chi-Yu|Dark Pulse|p2a: Magearna\n|-resisted|p2a: Magearna\n|-damage|p2a: Magearna|71\/100\n|-damage|p1a: Chi-Yu|44\/100|[from] item: Life Orb\n|\n|-heal|p2a: Magearna|77\/100|[from] item: Leftovers\n|upkeep\n|turn|11\n|\n|t:|1698627535\n|switch|p2a: Chi-Yu|Chi-Yu|100\/100\n|-ability|p2a: Chi-Yu|Beads of Ruin\n|move|p1a: Chi-Yu|Flamethrower|p2a: Chi-Yu\n|-resisted|p2a: Chi-Yu\n|-damage|p2a: Chi-Yu|67\/100\n|-damage|p1a: Chi-Yu|34\/100|[from] item: Life Orb\n|\n|upkeep\n|turn|12\n|\n|t:|1698627546\n|switch|p1a: Palkia|Palkia-Origin|81\/100 brn\n|-ability|p1a: Palkia|Pressure\n|move|p2a: Chi-Yu|Dark Pulse|p1a: Palkia\n|-damage|p1a: Palkia|22\/100 brn\n|\n|-damage|p1a: Palkia|16\/100 brn|[from] brn\n|upkeep\n|turn|13\n|\n|t:|1698627557\n|move|p2a: Chi-Yu|Dark Pulse|p1a: Palkia\n|-damage|p1a: Palkia|0 fnt\n|faint|p1a: Palkia\n|\n|upkeep\n|\n|t:|1698627561\n|switch|p1a: Zacian|Zacian|100\/100\n|turn|14\n|\n|t:|1698627577\n|switch|p2a: Torkoal|Torkoal, M|64\/100\n|-weather|SunnyDay|[from] ability: Drought|[of] p2a: Torkoal\n|move|p1a: Zacian|Close Combat|p2a: Torkoal\n|-crit|p2a: Torkoal\n|-damage|p2a: Torkoal|30\/100\n|-unboost|p1a: Zacian|def|1\n|-unboost|p1a: Zacian|spd|1\n|\n|-weather|SunnyDay|[upkeep]\n|upkeep\n|turn|15\n|\n|t:|1698627599\n|switch|p1a: Chi-Yu|Chi-Yu, tera:Dark|34\/100\n|-ability|p1a: Chi-Yu|Beads of Ruin\n|move|p2a: Torkoal|Lava Plume|p1a: Chi-Yu\n|-damage|p1a: Chi-Yu|0 fnt\n|faint|p1a: Chi-Yu\n|\n|-weather|SunnyDay|[upkeep]\n|upkeep\n|\n|t:|1698627607\n|switch|p1a: Gholdengo|Gholdengo|100\/100\n|turn|16\n|\n|t:|1698627617\n|move|p1a: Gholdengo|Shadow Ball|p2a: Torkoal\n|-damage|p2a: Torkoal|0 fnt\n|faint|p2a: Torkoal\n|\n|-weather|SunnyDay|[upkeep]\n|upkeep\n|\n|t:|1698627631\n|switch|p2a: Chi-Yu|Chi-Yu|67\/100\n|-ability|p2a: Chi-Yu|Beads of Ruin\n|turn|17\n|\n|t:|1698627639\n|switch|p1a: Zacian|Zacian|100\/100\n|move|p2a: Chi-Yu|Flamethrower|p1a: Zacian\n|-damage|p1a: Zacian|0 fnt\n|faint|p1a: Zacian\n|\n|-weather|SunnyDay|[upkeep]\n|upkeep\n|\n|t:|1698627647\n|switch|p1a: Gholdengo|Gholdengo|100\/100\n|turn|18\n|\n|t:|1698627652\n|move|p2a: Chi-Yu|Flamethrower|p1a: Gholdengo\n|-supereffective|p1a: Gholdengo\n|-damage|p1a: Gholdengo|0 fnt\n|faint|p1a: Gholdengo\n|\n|win|fwuffypetsowo\n|c|\u2606zsg|gg\n|c|\u2606fwuffypetsowo|gg\n","uploadtime":1698627664,"views":19,"p1id":"zsg","p2id":"fwuffypetsowo","formatid":"gen9ubers","rating":0,"private":0,"password":""}