{"id":"gen9ubers-1991954406","p1":"o ewwww!","p2":"Ph0n3_Guy1987","format":"[Gen 9] Ubers","log":"|j|\u2606o ewwww!\n|j|\u203dPh0n3_Guy1987\n|t:|1700142129\n|gametype|singles\n|player|p1|o ewwww!|2|1254\n|player|p2|Ph0n3_Guy1987|policeman-gen4|1079\n|teamsize|p1|6\n|teamsize|p2|6\n|gen|9\n|tier|[Gen 9] Ubers\n|rated|\n|rule|Sleep Clause Mod: Limit one foe put to sleep\n|rule|Species Clause: Limit one of each Pok\u00e9mon\n|rule|OHKO Clause: OHKO moves are banned\n|rule|Evasion Items Clause: Evasion items are banned\n|rule|Evasion Moves Clause: Evasion moves are banned\n|rule|Endless Battle Clause: Forcing endless battles is banned\n|rule|HP Percentage Mod: HP is shown in percentages\n|clearpoke\n|poke|p1|Chien-Pao|\n|poke|p1|Iron Treads|\n|poke|p1|Enamorus-Therian, F|\n|poke|p1|Ogerpon-Wellspring, F|\n|poke|p1|Toedscruel, F|\n|poke|p1|Skeledirge, M|\n|poke|p2|Ninetales-Alola, M|\n|poke|p2|Baxcalibur, F|\n|poke|p2|Calyrex-Ice|\n|poke|p2|Chien-Pao|\n|poke|p2|Avalugg, M|\n|poke|p2|Iron Bundle|\n|teampreview\n|inactive|Battle timer is ON: inactive players will automatically lose when time's up. (requested by Ph0n3_Guy1987)\n|\n|t:|1700142136\n|start\n|switch|p1a: muy bien|Iron Treads|100\/100\n|switch|p2a: Ninetales|Ninetales-Alola, M|100\/100\n|-weather|Snow|[from] ability: Snow Warning|[of] p2a: Ninetales\n|turn|1\n|\n|t:|1700142147\n|move|p2a: Ninetales|Aurora Veil|p2a: Ninetales\n|-sidestart|p2: Ph0n3_Guy1987|move: Aurora Veil\n|move|p1a: muy bien|Iron Head|p2a: Ninetales\n|-supereffective|p2a: Ninetales\n|-damage|p2a: Ninetales|31\/100\n|\n|-weather|Snow|[upkeep]\n|upkeep\n|turn|2\n|\n|t:|1700142153\n|switch|p2a: Calyrex|Calyrex-Ice|100\/100\n|-ability|p2a: Calyrex|As One\n|-ability|p2a: Calyrex|Unnerve\n|move|p1a: muy bien|Ice Spinner|p2a: Calyrex\n|-resisted|p2a: Calyrex\n|-damage|p2a: Calyrex|98\/100\n|\n|-weather|Snow|[upkeep]\n|upkeep\n|turn|3\n|\n|t:|1700142164\n|-end|p1a: muy bien|Quark Drive|[silent]\n|switch|p1a: skeletor|Skeledirge, M|100\/100\n|move|p2a: Calyrex|Iron Defense|p2a: Calyrex\n|-boost|p2a: Calyrex|def|2\n|\n|-weather|Snow|[upkeep]\n|upkeep\n|turn|4\n|\n|t:|1700142172\n|move|p1a: skeletor|Torch Song|p2a: Calyrex\n|-supereffective|p2a: Calyrex\n|-damage|p2a: Calyrex|77\/100\n|-boost|p1a: skeletor|spa|1\n|-enditem|p2a: Calyrex|Weakness Policy\n|-boost|p2a: Calyrex|atk|2|[from] item: Weakness Policy\n|-boost|p2a: Calyrex|spa|2|[from] item: Weakness Policy\n|move|p2a: Calyrex|High Horsepower|p1a: skeletor\n|-supereffective|p1a: skeletor\n|-damage|p1a: skeletor|43\/100\n|\n|-weather|Snow|[upkeep]\n|upkeep\n|turn|5\n|\n|t:|1700142185\n|-terastallize|p2a: Calyrex|Fighting\n|move|p1a: skeletor|Will-O-Wisp|p2a: Calyrex\n|-status|p2a: Calyrex|brn\n|move|p2a: Calyrex|High Horsepower|p1a: skeletor\n|-supereffective|p1a: skeletor\n|-damage|p1a: skeletor|16\/100\n|\n|-weather|none\n|-damage|p2a: Calyrex|70\/100 brn|[from] brn\n|upkeep\n|turn|6\n|\n|t:|1700142192\n|move|p1a: skeletor|Slack Off|p1a: skeletor\n|-heal|p1a: skeletor|66\/100\n|move|p2a: Calyrex|High Horsepower|p1a: skeletor\n|-supereffective|p1a: skeletor\n|-damage|p1a: skeletor|37\/100\n|\n|-damage|p2a: Calyrex|64\/100 brn|[from] brn\n|upkeep\n|turn|7\n|\n|t:|1700142198\n|move|p1a: skeletor|Torch Song|p2a: Calyrex\n|-damage|p2a: Calyrex|49\/100 brn\n|-boost|p1a: skeletor|spa|1\n|move|p2a: Calyrex|High Horsepower|p1a: skeletor\n|-supereffective|p1a: skeletor\n|-damage|p1a: skeletor|9\/100\n|\n|-damage|p2a: Calyrex|42\/100 brn|[from] brn\n|upkeep\n|turn|8\n|\n|t:|1700142205\n|move|p1a: skeletor|Slack Off|p1a: skeletor\n|-heal|p1a: skeletor|59\/100\n|move|p2a: Calyrex|High Horsepower|p1a: skeletor\n|-supereffective|p1a: skeletor\n|-damage|p1a: skeletor|30\/100\n|\n|-damage|p2a: Calyrex|36\/100 brn|[from] brn\n|-sideend|p2: Ph0n3_Guy1987|move: Aurora Veil\n|upkeep\n|turn|9\n|\n|t:|1700142211\n|move|p1a: skeletor|Slack Off|p1a: skeletor\n|-heal|p1a: skeletor|80\/100\n|move|p2a: Calyrex|High Horsepower|p1a: skeletor\n|-supereffective|p1a: skeletor\n|-damage|p1a: skeletor|50\/100\n|\n|-damage|p2a: Calyrex|30\/100 brn|[from] brn\n|upkeep\n|turn|10\n|\n|t:|1700142216\n|move|p1a: skeletor|Slack Off|p1a: skeletor\n|-heal|p1a: skeletor|99\/100\n|move|p2a: Calyrex|High Horsepower|p1a: skeletor\n|-supereffective|p1a: skeletor\n|-damage|p1a: skeletor|70\/100\n|\n|-damage|p2a: Calyrex|24\/100 brn|[from] brn\n|upkeep\n|turn|11\n|\n|t:|1700142223\n|move|p1a: skeletor|Shadow Ball|p2a: Calyrex\n|-crit|p2a: Calyrex\n|-damage|p2a: Calyrex|0 fnt\n|faint|p2a: Calyrex\n|\n|upkeep\n|\n|t:|1700142227\n|switch|p2a: Ninetales|Ninetales-Alola, M|31\/100\n|-weather|Snow|[from] ability: Snow Warning|[of] p2a: Ninetales\n|turn|12\n|\n|t:|1700142231\n|move|p2a: Ninetales|Aurora Veil|p2a: Ninetales\n|-sidestart|p2: Ph0n3_Guy1987|move: Aurora Veil\n|move|p1a: skeletor|Torch Song|p2a: Ninetales\n|-supereffective|p2a: Ninetales\n|-damage|p2a: Ninetales|0 fnt\n|-boost|p1a: skeletor|spa|1\n|faint|p2a: Ninetales\n|\n|-weather|Snow|[upkeep]\n|upkeep\n|\n|t:|1700142238\n|switch|p2a: Iron Bundle|Iron Bundle|100\/100\n|turn|13\n|\n|t:|1700142250\n|switch|p1a: Ogerpon|Ogerpon-Wellspring, F|100\/100\n|move|p2a: Iron Bundle|Hydro Pump|p1a: Ogerpon\n|-immune|p1a: Ogerpon|[from] ability: Water Absorb\n|\n|-weather|Snow|[upkeep]\n|upkeep\n|turn|14\n|\n|t:|1700142259\n|-end|p2a: Iron Bundle|Quark Drive|[silent]\n|switch|p2a: Baxcalibur|Baxcalibur, F|100\/100\n|move|p1a: Ogerpon|Wood Hammer|p2a: Baxcalibur\n|-resisted|p2a: Baxcalibur\n|-damage|p2a: Baxcalibur|89\/100\n|-damage|p1a: Ogerpon|96\/100|[from] Recoil\n|\n|-weather|Snow|[upkeep]\n|upkeep\n|turn|15\n|\n|t:|1700142271\n|switch|p1a: cruello|Toedscruel, F|100\/100\n|move|p2a: Baxcalibur|Dragon Dance|p2a: Baxcalibur\n|-boost|p2a: Baxcalibur|atk|1\n|-boost|p2a: Baxcalibur|spe|1\n|\n|-weather|Snow|[upkeep]\n|upkeep\n|turn|16\n|\n|t:|1700142275\n|move|p2a: Baxcalibur|Ice Shard|p1a: cruello\n|-supereffective|p1a: cruello\n|-enditem|p1a: cruello|Focus Sash\n|-damage|p1a: cruello|1\/100\n|move|p1a: cruello|Spore|p2a: Baxcalibur\n|-status|p2a: Baxcalibur|slp|[from] move: Spore\n|\n|-weather|none\n|upkeep\n|turn|17\n|\n|t:|1700142282\n|cant|p2a: Baxcalibur|slp\n|move|p1a: cruello|Reflect|p1a: cruello\n|-sidestart|p1: o ewwww!|Reflect\n|\n|upkeep\n|turn|18\n|\n|t:|1700142287\n|-curestatus|p2a: Baxcalibur|slp|[msg]\n|move|p2a: Baxcalibur|Ice Shard|p1a: cruello\n|-supereffective|p1a: cruello\n|-damage|p1a: cruello|0 fnt\n|faint|p1a: cruello\n|\n|upkeep\n|\n|t:|1700142297\n|switch|p1a: muy bien|Iron Treads|100\/100\n|turn|19\n|\n|t:|1700142309\n|move|p2a: Baxcalibur|Icicle Spear|p1a: muy bien\n|-damage|p1a: muy bien|91\/100\n|-damage|p1a: muy bien|81\/100\n|-damage|p1a: muy bien|69\/100\n|-damage|p1a: muy bien|58\/100\n|-hitcount|p1a: muy bien|4\n|move|p1a: muy bien|Rapid Spin|p2a: Baxcalibur\n|-damage|p2a: Baxcalibur|82\/100\n|-boost|p1a: muy bien|spe|1\n|\n|-sideend|p2: Ph0n3_Guy1987|move: Aurora Veil\n|upkeep\n|turn|20\n|\n|t:|1700142319\n|move|p1a: muy bien|Iron Head|p2a: Baxcalibur\n|-supereffective|p2a: Baxcalibur\n|-damage|p2a: Baxcalibur|11\/100\n|move|p2a: Baxcalibur|Icicle Spear|p1a: muy bien\n|-damage|p1a: muy bien|48\/100\n|-damage|p1a: muy bien|37\/100\n|-damage|p1a: muy bien|27\/100\n|-damage|p1a: muy bien|16\/100\n|-hitcount|p1a: muy bien|4\n|\n|upkeep\n|turn|21\n|\n|t:|1700142329\n|move|p2a: Baxcalibur|Ice Shard|p1a: muy bien\n|-damage|p1a: muy bien|0 fnt\n|faint|p1a: muy bien\n|-end|p1a: muy bien|Quark Drive|[silent]\n|\n|-sideend|p1: o ewwww!|Reflect\n|upkeep\n|\n|t:|1700142333\n|switch|p1a: ice shard|Chien-Pao|100\/100\n|-ability|p1a: ice shard|Sword of Ruin\n|turn|22\n|\n|t:|1700142337\n|move|p1a: ice shard|Ice Shard|p2a: Baxcalibur\n|-damage|p2a: Baxcalibur|0 fnt\n|faint|p2a: Baxcalibur\n|\n|upkeep\n|\n|t:|1700142343\n|switch|p2a: Iron Bundle|Iron Bundle|100\/100\n|turn|23\n|\n|t:|1700142353\n|switch|p1a: Ogerpon|Ogerpon-Wellspring, F|96\/100\n|move|p2a: Iron Bundle|U-turn|p1a: Ogerpon\n|-supereffective|p1a: Ogerpon\n|-damage|p1a: Ogerpon|66\/100\n|\n|t:|1700142359\n|-end|p2a: Iron Bundle|Quark Drive|[silent]\n|switch|p2a: Avalugg|Avalugg, M|100\/100|[from] U-turn\n|\n|upkeep\n|turn|24\n|\n|t:|1700142374\n|switch|p1a: D4C|Enamorus-Therian, F|100\/100\n|move|p2a: Avalugg|Iron Defense|p2a: Avalugg\n|-boost|p2a: Avalugg|def|2\n|\n|upkeep\n|turn|25\n|\n|t:|1700142380\n|move|p1a: D4C|Calm Mind|p1a: D4C\n|-boost|p1a: D4C|spa|1\n|-boost|p1a: D4C|spd|1\n|move|p2a: Avalugg|Icicle Crash|p1a: D4C\n|-supereffective|p1a: D4C\n|-damage|p1a: D4C|54\/100\n|\n|upkeep\n|turn|26\n|\n|t:|1700142387\n|move|p1a: D4C|Draining Kiss|p2a: Avalugg\n|-damage|p2a: Avalugg|67\/100\n|-heal|p1a: D4C|83\/100|[from] drain|[of] p2a: Avalugg\n|-damage|p1a: D4C|66\/100|[from] item: Rocky Helmet|[of] p2a: Avalugg\n|move|p2a: Avalugg|Icicle Crash|p1a: D4C\n|-supereffective|p1a: D4C\n|-crit|p1a: D4C\n|-damage|p1a: D4C|1\/100\n|\n|upkeep\n|turn|27\n|\n|t:|1700142398\n|move|p1a: D4C|Draining Kiss|p2a: Avalugg\n|-damage|p2a: Avalugg|36\/100\n|-heal|p1a: D4C|28\/100|[from] drain|[of] p2a: Avalugg\n|-damage|p1a: D4C|11\/100|[from] item: Rocky Helmet|[of] p2a: Avalugg\n|move|p2a: Avalugg|Icicle Crash|p1a: D4C\n|-supereffective|p1a: D4C\n|-damage|p1a: D4C|0 fnt\n|faint|p1a: D4C\n|\n|upkeep\n|\n|t:|1700142413\n|switch|p1a: Ogerpon|Ogerpon-Wellspring, F|66\/100\n|turn|28\n|\n|t:|1700142417\n|move|p1a: Ogerpon|Ivy Cudgel|p2a: Avalugg|[anim] Ivy Cudgel Water\n|-damage|p2a: Avalugg|21\/100\n|move|p2a: Avalugg|Recover|p2a: Avalugg\n|-heal|p2a: Avalugg|71\/100\n|\n|upkeep\n|turn|29\n|\n|t:|1700142425\n|switch|p1a: skeletor|Skeledirge, M|70\/100\n|move|p2a: Avalugg|Recover|p2a: Avalugg\n|-heal|p2a: Avalugg|100\/100\n|\n|upkeep\n|turn|30\n|\n|t:|1700142433\n|move|p1a: skeletor|Will-O-Wisp|p2a: Avalugg\n|-status|p2a: Avalugg|brn\n|move|p2a: Avalugg|Icicle Crash|p1a: skeletor\n|-resisted|p1a: skeletor\n|-damage|p1a: skeletor|64\/100\n|\n|-damage|p2a: Avalugg|94\/100 brn|[from] brn\n|upkeep\n|turn|31\n|\n|t:|1700142443\n|move|p1a: skeletor|Torch Song|p2a: Avalugg\n|-supereffective|p2a: Avalugg\n|-damage|p2a: Avalugg|35\/100 brn\n|-boost|p1a: skeletor|spa|1\n|move|p2a: Avalugg|Icicle Crash|p1a: skeletor\n|-resisted|p1a: skeletor\n|-damage|p1a: skeletor|59\/100\n|\n|-damage|p2a: Avalugg|29\/100 brn|[from] brn\n|upkeep\n|turn|32\n|\n|t:|1700142451\n|move|p1a: skeletor|Slack Off|p1a: skeletor\n|-heal|p1a: skeletor|100\/100\n|move|p2a: Avalugg|Icicle Crash|p1a: skeletor\n|-resisted|p1a: skeletor\n|-damage|p1a: skeletor|95\/100\n|\n|-damage|p2a: Avalugg|23\/100 brn|[from] brn\n|upkeep\n|turn|33\n|\n|t:|1700142474\n|move|p1a: skeletor|Torch Song|p2a: Avalugg\n|-supereffective|p2a: Avalugg\n|-crit|p2a: Avalugg\n|-damage|p2a: Avalugg|0 fnt\n|-boost|p1a: skeletor|spa|1\n|faint|p2a: Avalugg\n|\n|upkeep\n|\n|t:|1700142477\n|switch|p2a: Iron Bundle|Iron Bundle|100\/100\n|turn|34\n|\n|t:|1700142486\n|switch|p1a: Ogerpon|Ogerpon-Wellspring, F|66\/100\n|move|p2a: Iron Bundle|Hydro Pump|p1a: Ogerpon\n|-heal|p1a: Ogerpon|91\/100|[from] ability: Water Absorb|[of] p2a: Iron Bundle\n|\n|upkeep\n|turn|35\n|\n|t:|1700142497\n|-end|p2a: Iron Bundle|Quark Drive|[silent]\n|switch|p2a: Chien-Pao|Chien-Pao|100\/100\n|-ability|p2a: Chien-Pao|Sword of Ruin\n|move|p1a: Ogerpon|Wood Hammer|p2a: Chien-Pao\n|-enditem|p2a: Chien-Pao|Focus Sash\n|-damage|p2a: Chien-Pao|1\/100\n|-damage|p1a: Ogerpon|58\/100|[from] Recoil\n|\n|upkeep\n|turn|36\n|\n|t:|1700142513\n|move|p2a: Chien-Pao|Acrobatics|p1a: Ogerpon\n|-supereffective|p1a: Ogerpon\n|-damage|p1a: Ogerpon|0 fnt\n|faint|p1a: Ogerpon\n|\n|upkeep\n|\n|t:|1700142518\n|switch|p1a: ice shard|Chien-Pao|100\/100\n|-ability|p1a: ice shard|Sword of Ruin\n|turn|37\n|\n|t:|1700142523\n|switch|p2a: Iron Bundle|Iron Bundle|100\/100\n|move|p1a: ice shard|Ice Shard|p2a: Iron Bundle\n|-resisted|p2a: Iron Bundle\n|-damage|p2a: Iron Bundle|89\/100\n|\n|upkeep\n|turn|38\n|\n|t:|1700142543\n|switch|p1a: skeletor|Skeledirge, M|95\/100\n|move|p2a: Iron Bundle|Hydro Pump|p1a: skeletor\n|-supereffective|p1a: skeletor\n|-damage|p1a: skeletor|0 fnt\n|faint|p1a: skeletor\n|\n|upkeep\n|\n|t:|1700142550\n|switch|p1a: ice shard|Chien-Pao|100\/100\n|-ability|p1a: ice shard|Sword of Ruin\n|turn|39\n|\n|t:|1700142556\n|move|p2a: Iron Bundle|Hydro Pump|p1a: ice shard\n|-damage|p1a: ice shard|0 fnt\n|faint|p1a: ice shard\n|\n|win|Ph0n3_Guy1987\n|raw|o ewwww!'s rating: 1254 &rarr; <strong>1217<\/strong><br \/>(-37 for losing)\n|raw|Ph0n3_Guy1987's rating: 1079 &rarr; <strong>1120<\/strong><br \/>(+41 for winning)\n|l|\u2606o ewwww!\n","uploadtime":1700142604,"views":20,"p1id":"oewwww","p2id":"ph0n3guy1987","formatid":"gen9ubers","rating":1120,"private":0,"password":""}