{"id":"gen9ubers-1989177784","p1":"IDaHAN","p2":"babynogalXD","format":"[Gen 9] Ubers","log":"|j|\u2606IDaHAN\n|j|\u2606babynogalXD\n|t:|1699820421\n|gametype|singles\n|player|p1|IDaHAN|ethan|\n|player|p2|babynogalXD|ethan|\n|teamsize|p1|6\n|teamsize|p2|6\n|gen|9\n|tier|[Gen 9] Ubers\n|rule|Sleep Clause Mod: Limit one foe put to sleep\n|rule|Species Clause: Limit one of each Pok\u00e9mon\n|rule|OHKO Clause: OHKO moves are banned\n|rule|Evasion Items Clause: Evasion items are banned\n|rule|Evasion Moves Clause: Evasion moves are banned\n|rule|Endless Battle Clause: Forcing endless battles is banned\n|rule|HP Percentage Mod: HP is shown in percentages\n|clearpoke\n|poke|p1|Magearna|\n|poke|p1|Arceus-Poison|\n|poke|p1|Zacian-*|\n|poke|p1|Houndstone, F|\n|poke|p1|Palkia-Origin|\n|poke|p1|Cyclizar, F|\n|poke|p2|Meowscarada, M|\n|poke|p2|Zacian-*|\n|poke|p2|Dialga|\n|poke|p2|Palafin, M|\n|poke|p2|Spectrier|\n|poke|p2|Arceus-Fire|\n|teampreview\n|inactive|Battle timer is ON: inactive players will automatically lose when time's up. (requested by IDaHAN)\n|c|\u2606IDaHAN|glhf\n|c|\u2606babynogalXD|u2\n|c|\u2606babynogalXD|im seeing a pattern\n|\n|t:|1699820436\n|start\n|switch|p1a: Magearna|Magearna|100\/100\n|switch|p2a: Meowscarada|Meowscarada, M|100\/100\n|turn|1\n|c|\u2606IDaHAN|i am not a very creative teambuildter\n|\n|t:|1699820448\n|move|p2a: Meowscarada|Taunt|p1a: Magearna\n|-start|p2a: Meowscarada|typechange|Dark|[from] ability: Protean\n|-start|p1a: Magearna|move: Taunt\n|move|p1a: Magearna|Dazzling Gleam|p2a: Meowscarada\n|-supereffective|p2a: Meowscarada\n|-enditem|p2a: Meowscarada|Focus Sash\n|-damage|p2a: Meowscarada|1\/100\n|\n|upkeep\n|turn|2\n|\n|t:|1699820455\n|move|p2a: Meowscarada|Toxic Spikes|p1a: Magearna\n|-sidestart|p1: IDaHAN|move: Toxic Spikes\n|move|p1a: Magearna|Dazzling Gleam|p2a: Meowscarada\n|-supereffective|p2a: Meowscarada\n|-damage|p2a: Meowscarada|0 fnt\n|faint|p2a: Meowscarada\n|-ability|p1a: Magearna|Soul-Heart|boost\n|-boost|p1a: Magearna|spa|1\n|\n|upkeep\n|\n|t:|1699820460\n|switch|p2a: Arceus|Arceus-Fire|100\/100\n|turn|3\n|\n|t:|1699820463\n|-terastallize|p1a: Magearna|Ground\n|move|p2a: Arceus|Dragon Dance|p2a: Arceus\n|-boost|p2a: Arceus|atk|1\n|-boost|p2a: Arceus|spe|1\n|move|p1a: Magearna|Tera Blast|p2a: Arceus|[anim] Tera Blast Ground\n|-supereffective|p2a: Arceus\n|-damage|p2a: Arceus|0 fnt\n|faint|p2a: Arceus\n|-ability|p1a: Magearna|Soul-Heart|boost\n|-boost|p1a: Magearna|spa|1\n|\n|-end|p1a: Magearna|move: Taunt\n|upkeep\n|inactive|babynogalXD has 270 seconds left.\n|\n|t:|1699820499\n|switch|p2a: Palafin|Palafin, M|100\/100\n|turn|4\n|inactive|babynogalXD has 270 seconds left.\n|\n|t:|1699820515\n|move|p2a: Palafin|Wave Crash|p1a: Magearna\n|-supereffective|p1a: Magearna\n|-damage|p1a: Magearna|0 fnt\n|faint|p1a: Magearna\n|-damage|p2a: Palafin|70\/100|[from] Recoil\n|\n|upkeep\n|\n|t:|1699820521\n|switch|p1a: Cyclizar|Cyclizar, F|100\/100\n|turn|5\n|\n|t:|1699820526\n|detailschange|p2a: Palafin|Palafin-Hero, M\n|switch|p2a: Spectrier|Spectrier|100\/100\n|move|p1a: Cyclizar|Rapid Spin|p2a: Spectrier\n|-immune|p2a: Spectrier\n|\n|upkeep\n|turn|6\n|\n|t:|1699820536\n|move|p2a: Spectrier|Nasty Plot|p2a: Spectrier\n|-boost|p2a: Spectrier|spa|2\n|move|p1a: Cyclizar|Shed Tail|p1a: Cyclizar\n|-start|p1a: Cyclizar|Substitute|[from] move: Shed Tail\n|-damage|p1a: Cyclizar|50\/100\n|\n|t:|1699820542\n|switch|p1a: Zacian|Zacian|100\/100|[from] Shed Tail\n|-status|p1a: Zacian|psn\n|-ability|p1a: Zacian|Intrepid Sword|boost\n|-boost|p1a: Zacian|atk|1\n|\n|-damage|p1a: Zacian|88\/100 psn|[from] psn\n|upkeep\n|turn|7\n|\n|t:|1699820554\n|move|p1a: Zacian|Play Rough|p2a: Spectrier\n|-damage|p2a: Spectrier|0 fnt\n|faint|p2a: Spectrier\n|\n|-damage|p1a: Zacian|76\/100 psn|[from] psn\n|upkeep\n|\n|t:|1699820569\n|switch|p2a: Dialga|Dialga|100\/100\n|-ability|p2a: Dialga|Pressure\n|turn|8\n|\n|t:|1699820571\n|move|p1a: Zacian|Play Rough|p2a: Dialga\n|-crit|p2a: Dialga\n|-damage|p2a: Dialga|2\/100\n|move|p2a: Dialga|Roar|p1a: Zacian\n|drag|p1a: Cyclizar|Cyclizar, F|84\/100\n|\n|upkeep\n|turn|9\n|\n|t:|1699820579\n|move|p1a: Cyclizar|Rapid Spin|p2a: Dialga\n|-resisted|p2a: Dialga\n|-damage|p2a: Dialga|0 fnt\n|-boost|p1a: Cyclizar|spe|1\n|-sideend|p1: IDaHAN|Toxic Spikes|[from] move: Rapid Spin|[of] p1a: Cyclizar\n|faint|p2a: Dialga\n|\n|upkeep\n|\n|t:|1699820584\n|switch|p2a: Palafin|Palafin-Hero, M|70\/100\n|-activate|p2a: Palafin|ability: Zero to Hero\n|turn|10\n|\n|t:|1699820588\n|move|p1a: Cyclizar|Shed Tail|p1a: Cyclizar\n|-start|p1a: Cyclizar|Substitute|[from] move: Shed Tail\n|-damage|p1a: Cyclizar|34\/100\n|\n|t:|1699820594\n|switch|p1a: Arceus|Arceus-Poison|100\/100|[from] Shed Tail\n|move|p2a: Palafin|Close Combat|p1a: Arceus\n|-resisted|p1a: Arceus\n|-end|p1a: Arceus|Substitute\n|-unboost|p2a: Palafin|def|1\n|-unboost|p2a: Palafin|spd|1\n|\n|upkeep\n|turn|11\n|\n|t:|1699820598\n|move|p1a: Arceus|Swords Dance|p1a: Arceus\n|-boost|p1a: Arceus|atk|2\n|move|p2a: Palafin|Close Combat|p1a: Arceus\n|-resisted|p1a: Arceus\n|-damage|p1a: Arceus|76\/100\n|-unboost|p2a: Palafin|def|1\n|-unboost|p2a: Palafin|spd|1\n|\n|upkeep\n|turn|12\n|c|\u2606babynogalXD|gg\n|-message|babynogalXD forfeited.\n|\n|win|IDaHAN\n|l|\u2606babynogalXD\n|c|\u2606IDaHAN|gg\n","uploadtime":1699820607,"views":9,"p1id":"idahan","p2id":"babynogalxd","formatid":"gen9ubers","rating":0,"private":0,"password":""}