{"id":"gen9ubers-1993694782","p1":"DangerLeaderLizana","p2":"stampydog","format":"[Gen 9] Ubers","log":"|j|\u2606DangerLeaderLizana\n|j|\u2606stampydog\n|t:|1700346435\n|gametype|singles\n|player|p1|DangerLeaderLizana|170|\n|player|p2|stampydog|ethan|\n|teamsize|p1|6\n|teamsize|p2|6\n|gen|9\n|tier|[Gen 9] Ubers\n|rule|Sleep Clause Mod: Limit one foe put to sleep\n|rule|Species Clause: Limit one of each Pok\u00e9mon\n|rule|OHKO Clause: OHKO moves are banned\n|rule|Evasion Items Clause: Evasion items are banned\n|rule|Evasion Moves Clause: Evasion moves are banned\n|rule|Endless Battle Clause: Forcing endless battles is banned\n|rule|HP Percentage Mod: HP is shown in percentages\n|clearpoke\n|poke|p1|Roaring Moon|\n|poke|p1|Zacian-*|\n|poke|p1|Zamazenta-*|\n|poke|p1|Cyclizar, M|\n|poke|p1|Palkia-Origin|\n|poke|p1|Ursaluna-Bloodmoon, M|\n|poke|p2|Cyclizar, M|\n|poke|p2|Ribombee, F|\n|poke|p2|Zacian-*|\n|poke|p2|Espathra, M|\n|poke|p2|Arceus-Fire|\n|poke|p2|Baxcalibur, M|\n|teampreview\n|inactive|Battle timer is ON: inactive players will automatically lose when time's up. (requested by DangerLeaderLizana)\n|c|\u2606DangerLeaderLizana|GLHF\n|\n|t:|1700346442\n|start\n|switch|p1a: Cyclizar|Cyclizar, M|100\/100\n|switch|p2a: Ribombee|Ribombee, F|100\/100\n|turn|1\n|\n|t:|1700346456\n|switch|p1a: Ursaluna|Ursaluna-Bloodmoon, M|100\/100\n|move|p2a: Ribombee|Moonblast|p1a: Ursaluna\n|-damage|p1a: Ursaluna|58\/100\n|-unboost|p1a: Ursaluna|spa|1\n|\n|-heal|p1a: Ursaluna|64\/100|[from] item: Leftovers\n|upkeep\n|turn|2\n|\n|t:|1700346465\n|move|p2a: Ribombee|Sticky Web|p1a: Ursaluna\n|-sidestart|p1: DangerLeaderLizana|move: Sticky Web\n|move|p1a: Ursaluna|Calm Mind|p1a: Ursaluna\n|-boost|p1a: Ursaluna|spa|1\n|-boost|p1a: Ursaluna|spd|1\n|\n|-heal|p1a: Ursaluna|70\/100|[from] item: Leftovers\n|upkeep\n|turn|3\n|\n|t:|1700346472\n|move|p2a: Ribombee|Quiver Dance|p2a: Ribombee\n|-boost|p2a: Ribombee|spa|1\n|-boost|p2a: Ribombee|spd|1\n|-boost|p2a: Ribombee|spe|1\n|move|p1a: Ursaluna|Blood Moon|p2a: Ribombee\n|-damage|p2a: Ribombee|12\/100\n|\n|-heal|p1a: Ursaluna|77\/100|[from] item: Leftovers\n|upkeep\n|turn|4\n|\n|t:|1700346482\n|move|p2a: Ribombee|Moonblast|p1a: Ursaluna\n|-damage|p1a: Ursaluna|32\/100\n|move|p1a: Ursaluna|Calm Mind|p1a: Ursaluna\n|-boost|p1a: Ursaluna|spa|1\n|-boost|p1a: Ursaluna|spd|1\n|\n|-heal|p1a: Ursaluna|38\/100|[from] item: Leftovers\n|upkeep\n|turn|5\n|\n|t:|1700346489\n|move|p2a: Ribombee|Moonblast|p1a: Ursaluna\n|-damage|p1a: Ursaluna|3\/100\n|-unboost|p1a: Ursaluna|spa|1\n|move|p1a: Ursaluna|Earth Power|p2a: Ribombee\n|-resisted|p2a: Ribombee\n|-damage|p2a: Ribombee|0 fnt\n|faint|p2a: Ribombee\n|\n|-heal|p1a: Ursaluna|9\/100|[from] item: Leftovers\n|upkeep\n|\n|t:|1700346513\n|switch|p2a: Cyclizar|Cyclizar, M|100\/100\n|turn|6\n|\n|t:|1700346517\n|move|p2a: Cyclizar|Knock Off|p1a: Ursaluna\n|-damage|p1a: Ursaluna|0 fnt\n|-enditem|p1a: Ursaluna|Leftovers|[from] move: Knock Off|[of] p2a: Cyclizar\n|faint|p1a: Ursaluna\n|\n|upkeep\n|\n|t:|1700346520\n|switch|p1a: Cyclizar|Cyclizar, M|100\/100\n|turn|7\n|\n|t:|1700346525\n|move|p1a: Cyclizar|Taunt|p2a: Cyclizar\n|-start|p2a: Cyclizar|move: Taunt\n|cant|p2a: Cyclizar|move: Taunt|Taunt\n|\n|upkeep\n|turn|8\n|\n|t:|1700346542\n|switch|p2a: Zacian|Zacian|100\/100\n|-ability|p2a: Zacian|Intrepid Sword|boost\n|-boost|p2a: Zacian|atk|1\n|move|p1a: Cyclizar|Rapid Spin|p2a: Zacian\n|-damage|p2a: Zacian|85\/100\n|-boost|p1a: Cyclizar|spe|1\n|-sideend|p1: DangerLeaderLizana|Sticky Web|[from] move: Rapid Spin|[of] p1a: Cyclizar\n|\n|-heal|p2a: Zacian|92\/100|[from] item: Leftovers\n|upkeep\n|turn|9\n|\n|t:|1700346552\n|move|p1a: Cyclizar|Shed Tail|p1a: Cyclizar\n|-start|p1a: Cyclizar|Substitute|[from] move: Shed Tail\n|-damage|p1a: Cyclizar|50\/100\n|\n|t:|1700346556\n|switch|p1a: Zamazenta|Zamazenta|100\/100|[from] Shed Tail\n|-ability|p1a: Zamazenta|Dauntless Shield|boost\n|-boost|p1a: Zamazenta|def|1\n|move|p2a: Zacian|Trailblaze|p1a: Zamazenta\n|-activate|p1a: Zamazenta|move: Substitute|[damage]\n|-boost|p2a: Zacian|spe|1\n|\n|-heal|p2a: Zacian|98\/100|[from] item: Leftovers\n|upkeep\n|turn|10\n|\n|t:|1700346569\n|move|p2a: Zacian|Play Rough|p1a: Zamazenta\n|-supereffective|p1a: Zamazenta\n|-end|p1a: Zamazenta|Substitute\n|move|p1a: Zamazenta|Iron Head|p2a: Zacian\n|-supereffective|p2a: Zacian\n|-damage|p2a: Zacian|21\/100\n|\n|-heal|p2a: Zacian|28\/100|[from] item: Leftovers\n|upkeep\n|turn|11\n|\n|t:|1700346581\n|-terastallize|p1a: Zamazenta|Steel\n|move|p2a: Zacian|Play Rough|p1a: Zamazenta\n|-resisted|p1a: Zamazenta\n|-damage|p1a: Zamazenta|80\/100\n|move|p1a: Zamazenta|Iron Head|p2a: Zacian\n|-supereffective|p2a: Zacian\n|-damage|p2a: Zacian|0 fnt\n|faint|p2a: Zacian\n|\n|upkeep\n|\n|t:|1700346598\n|switch|p2a: Arceus|Arceus-Fire|100\/100\n|turn|12\n|\n|t:|1700346603\n|switch|p1a: Palkia|Palkia-Origin|100\/100\n|-ability|p1a: Palkia|Pressure\n|move|p2a: Arceus|Dragon Dance|p2a: Arceus\n|-boost|p2a: Arceus|atk|1\n|-boost|p2a: Arceus|spe|1\n|\n|upkeep\n|turn|13\n|\n|t:|1700346614\n|move|p2a: Arceus|Earthquake|p1a: Palkia\n|-damage|p1a: Palkia|41\/100\n|move|p1a: Palkia|Hydro Pump|p2a: Arceus\n|-supereffective|p2a: Arceus\n|-damage|p2a: Arceus|0 fnt\n|faint|p2a: Arceus\n|\n|upkeep\n|\n|t:|1700346628\n|switch|p2a: Espathra|Espathra, M|100\/100\n|turn|14\n|\n|t:|1700346633\n|move|p2a: Espathra|Protect|p2a: Espathra\n|-singleturn|p2a: Espathra|Protect\n|move|p1a: Palkia|Substitute|p1a: Palkia\n|-start|p1a: Palkia|Substitute\n|-damage|p1a: Palkia|16\/100\n|\n|-ability|p2a: Espathra|Speed Boost|boost\n|-boost|p2a: Espathra|spe|1\n|upkeep\n|turn|15\n|\n|t:|1700346644\n|-terastallize|p2a: Espathra|Fairy\n|move|p2a: Espathra|Calm Mind|p2a: Espathra\n|-boost|p2a: Espathra|spa|1\n|-boost|p2a: Espathra|spd|1\n|move|p1a: Palkia|Spacial Rend|p2a: Espathra\n|-immune|p2a: Espathra\n|\n|-ability|p2a: Espathra|Speed Boost|boost\n|-boost|p2a: Espathra|spe|1\n|upkeep\n|turn|16\n|\n|t:|1700346654\n|move|p2a: Espathra|Dazzling Gleam|p1a: Palkia\n|-supereffective|p1a: Palkia\n|-end|p1a: Palkia|Substitute\n|move|p1a: Palkia|Hydro Pump|p2a: Espathra\n|-damage|p2a: Espathra|25\/100\n|\n|-heal|p2a: Espathra|31\/100|[from] item: Leftovers\n|-ability|p2a: Espathra|Speed Boost|boost\n|-boost|p2a: Espathra|spe|1\n|upkeep\n|turn|17\n|\n|t:|1700346663\n|move|p2a: Espathra|Stored Power|p1a: Palkia\n|-damage|p1a: Palkia|0 fnt\n|faint|p1a: Palkia\n|\n|-heal|p2a: Espathra|37\/100|[from] item: Leftovers\n|-ability|p2a: Espathra|Speed Boost|boost\n|-boost|p2a: Espathra|spe|1\n|upkeep\n|\n|t:|1700346665\n|switch|p1a: Zamazenta|Zamazenta, tera:Steel|80\/100\n|turn|18\n|\n|t:|1700346672\n|move|p2a: Espathra|Protect|p2a: Espathra\n|-singleturn|p2a: Espathra|Protect\n|move|p1a: Zamazenta|Iron Head|p2a: Espathra\n|-activate|p2a: Espathra|move: Protect\n|\n|-heal|p2a: Espathra|43\/100|[from] item: Leftovers\n|-ability|p2a: Espathra|Speed Boost|boost\n|-boost|p2a: Espathra|spe|1\n|upkeep\n|turn|19\n|\n|t:|1700346681\n|move|p2a: Espathra|Stored Power|p1a: Zamazenta\n|-resisted|p1a: Zamazenta\n|-damage|p1a: Zamazenta|29\/100\n|move|p1a: Zamazenta|Iron Head|p2a: Espathra\n|-supereffective|p2a: Espathra\n|-damage|p2a: Espathra|0 fnt\n|faint|p2a: Espathra\n|\n|upkeep\n|\n|t:|1700346689\n|switch|p2a: Cyclizar|Cyclizar, M|100\/100\n|turn|20\n|\n|t:|1700346703\n|move|p1a: Zamazenta|Iron Head|p2a: Cyclizar\n|-damage|p2a: Cyclizar|15\/100\n|move|p2a: Cyclizar|Shed Tail|p2a: Cyclizar\n|-fail|p2a: Cyclizar|move: Shed Tail|[weak]\n|\n|upkeep\n|turn|21\n|\n|t:|1700346711\n|move|p1a: Zamazenta|Iron Head|p2a: Cyclizar\n|-damage|p2a: Cyclizar|0 fnt\n|faint|p2a: Cyclizar\n|\n|upkeep\n|\n|t:|1700346715\n|switch|p2a: Baxcalibur|Baxcalibur, M|100\/100\n|turn|22\n|\n|t:|1700346723\n|move|p1a: Zamazenta|Iron Head|p2a: Baxcalibur\n|-supereffective|p2a: Baxcalibur\n|-damage|p2a: Baxcalibur|0 fnt\n|faint|p2a: Baxcalibur\n|\n|win|DangerLeaderLizana\n|c|\u2606stampydog|gg\n|l|\u2606DangerLeaderLizana\n","uploadtime":1700347123,"views":22,"p1id":"dangerleaderlizana","p2id":"stampydog","formatid":"gen9ubers","rating":0,"private":0,"password":""}