{"id":"gen9ubers-1998081841","p1":"Ewokpinguin25","p2":"OP_9","format":"[Gen 9] Ubers","log":"|j|\u2606Ewokpinguin25\n|j|\u2606OP_9\n|t:|1700888319\n|gametype|singles\n|player|p1|Ewokpinguin25|palmer|\n|player|p2|OP_9|2|\n|teamsize|p1|6\n|teamsize|p2|6\n|gen|9\n|tier|[Gen 9] Ubers\n|rule|Sleep Clause Mod: Limit one foe put to sleep\n|rule|Species Clause: Limit one of each Pok\u00e9mon\n|rule|OHKO Clause: OHKO moves are banned\n|rule|Evasion Items Clause: Evasion items are banned\n|rule|Evasion Moves Clause: Evasion moves are banned\n|rule|Endless Battle Clause: Forcing endless battles is banned\n|rule|HP Percentage Mod: HP is shown in percentages\n|clearpoke\n|poke|p1|Dipplin, M|\n|poke|p1|Ogerpon-Cornerstone, F|\n|poke|p1|Revavroom, F|\n|poke|p1|Annihilape, M|\n|poke|p1|Moltres|\n|poke|p1|Krookodile, F|\n|poke|p2|Dondozo, M|\n|poke|p2|Volcarona, F|\n|poke|p2|Goodra, M|\n|poke|p2|Meowscarada, F|\n|poke|p2|Dragonite, F|\n|poke|p2|Bisharp, M|\n|teampreview\n|j| Fazykins\n|c| Fazykins|Bislarp\n|c|\u2606Ewokpinguin25|Like my team Fazykins?\n|c| Fazykins|I like the dipplin\n|c|\u2606Ewokpinguin25|THanks\n|c| Fazykins|I cannot respect your ogerpon choice unfortunately\n|c|\u2606Ewokpinguin25|Nah\n|c|\u2606Ewokpinguin25|rock and grass hit the other team quite nicely\n|c| Fazykins|I am a firm solo grasspon believer\n|c|\u2606Ewokpinguin25|glad to see the no durge\n|j| Gwljigglypuff\n|c|\u2606Ewokpinguin25|alright\n|c|\u2606Ewokpinguin25|we ready?\n|\n|t:|1700888449\n|start\n|switch|p1a: Doom Stuart|Revavroom, F|100\/100\n|switch|p2a: Furry|Meowscarada, F|100\/100\n|turn|1\n|c|\u2606OP_9|every mon you have hits dirge super why would i bring it\n|c|\u2606Ewokpinguin25|It was tough to deal with in practice\n|\n|t:|1700888480\n|switch|p2a: The Don|Dondozo, M|100\/100\n|move|p1a: Doom Stuart|Toxic Spikes|p2a: The Don\n|-sidestart|p2: OP_9|move: Toxic Spikes\n|\n|upkeep\n|turn|2\n|\n|t:|1700888487\n|move|p1a: Doom Stuart|Taunt|p2a: The Don\n|-start|p2a: The Don|move: Taunt\n|cant|p2a: The Don|move: Taunt|Curse\n|\n|upkeep\n|turn|3\n|\n|t:|1700888506\n|move|p1a: Doom Stuart|Toxic Spikes|p2a: The Don\n|-sidestart|p2: OP_9|move: Toxic Spikes\n|move|p2a: The Don|Body Press|p1a: Doom Stuart\n|-damage|p1a: Doom Stuart|72\/100\n|\n|upkeep\n|turn|4\n|c|\u2606Ewokpinguin25|Good job\n|\n|t:|1700888513\n|move|p1a: Doom Stuart|Parting Shot|p2a: The Don\n|-unboost|p2a: The Don|atk|1\n|-unboost|p2a: The Don|spa|1\n|\n|t:|1700888514\n|switch|p1a: Dripplin B|Dipplin, M|100\/100|[from] Parting Shot\n|move|p2a: The Don|Body Press|p1a: Dripplin B\n|-damage|p1a: Dripplin B|88\/100\n|\n|-end|p2a: The Don|move: Taunt\n|upkeep\n|turn|5\n|j| 0spr3y\n|\n|t:|1700888550\n|switch|p2a: Squire|Bisharp, M|100\/100\n|move|p1a: Dripplin B|Substitute|p1a: Dripplin B\n|-start|p1a: Dripplin B|Substitute\n|-damage|p1a: Dripplin B|63\/100\n|\n|upkeep\n|turn|6\n|\n|t:|1700888563\n|move|p2a: Squire|Iron Head|p1a: Dripplin B\n|-end|p1a: Dripplin B|Substitute\n|move|p1a: Dripplin B|Dragon Tail|p2a: Squire|[miss]\n|-miss|p1a: Dripplin B|p2a: Squire\n|\n|upkeep\n|turn|7\n|c|\u2606Ewokpinguin25|NOOOOO\n|c|\u2606Ewokpinguin25|ITS BEGINS\n|c| Fazykins|DRIPPLIN WHY\n|c|\u2606Ewokpinguin25|MY MISS TRAIN\n|c|\u2606Ewokpinguin25|IT BEGINNNNNS\n|\n|t:|1700888581\n|move|p2a: Squire|Iron Head|p1a: Dripplin B\n|-damage|p1a: Dripplin B|33\/100\n|move|p1a: Dripplin B|Recover|p1a: Dripplin B\n|-heal|p1a: Dripplin B|83\/100\n|\n|upkeep\n|turn|8\n|c|\u2606OP_9|its not gunk shot tho\n|\n|t:|1700888588\n|switch|p1a: MELT THRICE|Moltres|100\/100\n|move|p2a: Squire|Iron Head|p1a: MELT THRICE\n|-resisted|p1a: MELT THRICE\n|-damage|p1a: MELT THRICE|65\/100\n|\n|upkeep\n|turn|9\n|c|\u2606Ewokpinguin25|owee\n|\n|t:|1700888605\n|switch|p2a: Goodra|Goodra, M|100\/100\n|-status|p2a: Goodra|tox\n|move|p1a: MELT THRICE|Roost|p1a: MELT THRICE\n|-heal|p1a: MELT THRICE|100\/100\n|-singleturn|p1a: MELT THRICE|move: Roost\n|\n|-damage|p2a: Goodra|94\/100 tox|[from] psn\n|upkeep\n|turn|10\n|\n|t:|1700888618\n|move|p2a: Goodra|Thunderbolt|p1a: MELT THRICE\n|-supereffective|p1a: MELT THRICE\n|-damage|p1a: MELT THRICE|54\/100\n|move|p1a: MELT THRICE|U-turn|p2a: Goodra\n|-damage|p2a: Goodra|76\/100 tox\n|\n|t:|1700888628\n|switch|p1a: Spooky Space Kook|Krookodile, F|100\/100|[from] U-turn\n|-ability|p1a: Spooky Space Kook|Intimidate|boost\n|-unboost|p2a: Goodra|atk|1\n|\n|-damage|p2a: Goodra|64\/100 tox|[from] psn\n|upkeep\n|turn|11\n|c|\u2606Ewokpinguin25|Owee\n|\n|t:|1700888645\n|switch|p2a: The Don|Dondozo, M|100\/100\n|-status|p2a: The Don|tox\n|move|p1a: Spooky Space Kook|Knock Off|p2a: The Don\n|-damage|p2a: The Don|67\/100 tox\n|-enditem|p2a: The Don|Leftovers|[from] move: Knock Off|[of] p1a: Spooky Space Kook\n|\n|-damage|p2a: The Don|61\/100 tox|[from] psn\n|upkeep\n|turn|12\n|\n|t:|1700888669\n|switch|p1a: Dripplin B|Dipplin, M|83\/100\n|move|p2a: The Don|Liquidation|p1a: Dripplin B\n|-resisted|p1a: Dripplin B\n|-damage|p1a: Dripplin B|80\/100\n|\n|-damage|p2a: The Don|49\/100 tox|[from] psn\n|upkeep\n|turn|13\n|\n|t:|1700888676\n|move|p2a: The Don|Rest|p2a: The Don\n|-status|p2a: The Don|slp|[from] move: Rest\n|-heal|p2a: The Don|100\/100 slp|[silent]\n|move|p1a: Dripplin B|Energy Ball|p2a: The Don\n|-supereffective|p2a: The Don\n|-damage|p2a: The Don|47\/100 slp\n|-unboost|p2a: The Don|spd|1\n|\n|upkeep\n|turn|14\n|c|\u2606Ewokpinguin25|yup\n|c| Fazykins|Dripplin sweep alert\n|c|\u2606OP_9|why does it hit like that its not fully evolved\n|c|\u2606Ewokpinguin25|weak stuff\n|c|\u2606Ewokpinguin25|no investment btw\n|\n|t:|1700888708\n|switch|p2a: Goodra|Goodra, M|64\/100 tox\n|move|p1a: Dripplin B|Energy Ball|p2a: Goodra\n|-ability|p2a: Goodra|Sap Sipper|boost\n|-boost|p2a: Goodra|atk|1\n|\n|-damage|p2a: Goodra|57\/100 tox|[from] psn\n|upkeep\n|turn|15\n|c| Fazykins|Because dozo trash\n|c| Fazykins|dripplin >\n|c| Gwljigglypuff|\u201cHeh my special attacking grass type just did 5% so a specially frail water type heheh\u201d\n|c| Gwljigglypuff|50\n|\n|t:|1700888730\n|-terastallize|p1a: Dripplin B|Water\n|move|p2a: Goodra|Draco Meteor|p1a: Dripplin B\n|-damage|p1a: Dripplin B|25\/100\n|-unboost|p2a: Goodra|spa|2\n|move|p1a: Dripplin B|Dragon Tail|p2a: Goodra\n|-supereffective|p2a: Goodra\n|-damage|p2a: Goodra|12\/100 tox\n|drag|p2a: The Don|Dondozo, M|47\/100 slp\n|\n|upkeep\n|turn|16\n|c| Gwljigglypuff|Jesus\n|c|\u2606Ewokpinguin25|damn that did a lot\n|c|\u2606Ewokpinguin25|3 point mon btw\n|c| Fazykins|Ewok if dripplin dies i\u2019m ending you\n|c|\u2606Ewokpinguin25|it wont\n|c|\u2606Ewokpinguin25|it literally cant here\n|\n|t:|1700888780\n|switch|p2a: Squire|Bisharp, M|100\/100\n|move|p1a: Dripplin B|Recover|p1a: Dripplin B\n|-heal|p1a: Dripplin B|75\/100\n|\n|upkeep\n|turn|17\n|c|\u2606Ewokpinguin25|body press 11-13\n|\n|t:|1700888794\n|switch|p1a: MELT THRICE|Moltres|54\/100\n|move|p2a: Squire|Sucker Punch||[still]\n|-fail|p2a: Squire\n|\n|upkeep\n|turn|18\n|c| Gwljigglypuff|Hes scared of the apple\n|c|\u2606Ewokpinguin25|lol yeah\n|c|\u2606Ewokpinguin25|no dark move besides sucker punch i see\n|c| Fazykins|Knockless\n|c| Gwljigglypuff|It doesnt get knock\n|c|\u2606Ewokpinguin25|never got knock\n|c| Fazykins|WHAT\n|c|\u2606Ewokpinguin25|can you imagine kingambit with knock dude\n|\n|t:|1700888857\n|move|p2a: Squire|Sucker Punch||[still]\n|-fail|p2a: Squire\n|move|p1a: MELT THRICE|Roost|p1a: MELT THRICE\n|-heal|p1a: MELT THRICE|100\/100\n|-singleturn|p1a: MELT THRICE|move: Roost\n|\n|upkeep\n|turn|19\n|c|\u2606Ewokpinguin25|uh oh\n|c| Fazykins|that would be so balanced haha right guys\n|c|\u2606Ewokpinguin25|yeah for sure\n|c|\u2606Ewokpinguin25|Kowtow wasnt good enough\n|\n|t:|1700888888\n|switch|p2a: Goodra|Goodra, M|12\/100 tox\n|move|p1a: MELT THRICE|Will-O-Wisp||[still]\n|-fail|p1a: MELT THRICE\n|\n|-damage|p2a: Goodra|6\/100 tox|[from] psn\n|upkeep\n|turn|20\n|c| Gwljigglypuff|Ah yes sucker into the wisp mon OP cooking yet again\n|c|\u2606Ewokpinguin25|no hax pls\n|\n|t:|1700888907\n|move|p2a: Goodra|Thunderbolt|p1a: MELT THRICE\n|-supereffective|p1a: MELT THRICE\n|-damage|p1a: MELT THRICE|56\/100\n|move|p1a: MELT THRICE|Roost|p1a: MELT THRICE\n|-heal|p1a: MELT THRICE|100\/100\n|-singleturn|p1a: MELT THRICE|move: Roost\n|\n|-damage|p2a: Goodra|0 fnt|[from] psn\n|faint|p2a: Goodra\n|upkeep\n|c|\u2606Ewokpinguin25|ty game\n|c|\u2606Ewokpinguin25|thats a rev kill\n|\n|t:|1700888935\n|switch|p2a: Bug Antennas|Dragonite, F|100\/100\n|turn|21\n|\n|t:|1700888938\n|move|p2a: Bug Antennas|Dragon Dance|p2a: Bug Antennas\n|-boost|p2a: Bug Antennas|atk|1\n|-boost|p2a: Bug Antennas|spe|1\n|move|p1a: MELT THRICE|Will-O-Wisp|p2a: Bug Antennas\n|-status|p2a: Bug Antennas|brn\n|\n|-damage|p2a: Bug Antennas|94\/100 brn|[from] brn\n|upkeep\n|turn|22\n|\n|t:|1700888946\n|move|p2a: Bug Antennas|Dragon Dance|p2a: Bug Antennas\n|-boost|p2a: Bug Antennas|atk|1\n|-boost|p2a: Bug Antennas|spe|1\n|move|p1a: MELT THRICE|U-turn|p2a: Bug Antennas\n|-resisted|p2a: Bug Antennas\n|-damage|p2a: Bug Antennas|85\/100 brn\n|l| 0spr3y\n|\n|t:|1700888953\n|switch|p1a: He's calm (trust)|Annihilape, M|100\/100|[from] U-turn\n|\n|-damage|p2a: Bug Antennas|79\/100 brn|[from] brn\n|upkeep\n|turn|23\n|\n|t:|1700888967\n|move|p2a: Bug Antennas|Dragon Claw|p1a: He's calm (trust)\n|-damage|p1a: He's calm (trust)|48\/100\n|move|p1a: He's calm (trust)|Ice Punch|p2a: Bug Antennas\n|-supereffective|p2a: Bug Antennas\n|-damage|p2a: Bug Antennas|0 fnt\n|faint|p2a: Bug Antennas\n|\n|upkeep\n|\n|t:|1700889016\n|switch|p2a: Squire|Bisharp, M|100\/100\n|turn|24\n|\n|t:|1700889025\n|switch|p1a: Dripplin B|Dipplin, M, tera:Water|75\/100\n|move|p2a: Squire|Foul Play|p1a: Dripplin B\n|-damage|p1a: Dripplin B|56\/100\n|\n|upkeep\n|turn|25\n|\n|t:|1700889043\n|switch|p2a: Mothra|Volcarona, F|100\/100\n|move|p1a: Dripplin B|Recover|p1a: Dripplin B\n|-heal|p1a: Dripplin B|100\/100\n|\n|upkeep\n|turn|26\n|\n|t:|1700889062\n|move|p2a: Mothra|Bug Buzz|p1a: Dripplin B\n|-damage|p1a: Dripplin B|66\/100\n|move|p1a: Dripplin B|Dragon Tail|p2a: Mothra\n|-damage|p2a: Mothra|75\/100\n|drag|p2a: Squire|Bisharp, M|100\/100\n|\n|upkeep\n|turn|27\n|\n|t:|1700889080\n|switch|p1a: MELT THRICE|Moltres|100\/100\n|move|p2a: Squire|Iron Head|p1a: MELT THRICE\n|-resisted|p1a: MELT THRICE\n|-damage|p1a: MELT THRICE|70\/100\n|\n|upkeep\n|turn|28\n|c| Gwljigglypuff|OPs wincon is that apple misses tail over and over\n|c|\u2606Ewokpinguin25|so true\n|c|\u2606OP_9|i didnt prep for a shitty mon what am i supposed to do\n|\n|t:|1700889103\n|switch|p2a: The Don|Dondozo, M|47\/100 slp\n|move|p1a: MELT THRICE|Will-O-Wisp|p2a: The Don|[miss]\n|-miss|p1a: MELT THRICE|p2a: The Don\n|\n|upkeep\n|turn|29\n|l| Gwljigglypuff\n|j| Gwljigglypuff\n|c|\u2606Ewokpinguin25|cope and also cry\n|\n|t:|1700889109\n|move|p1a: MELT THRICE|U-turn|p2a: The Don\n|-damage|p2a: The Don|39\/100 slp\n|\n|t:|1700889113\n|switch|p1a: Dripplin B|Dipplin, M, tera:Water|66\/100|[from] U-turn\n|cant|p2a: The Don|slp\n|\n|upkeep\n|turn|30\n|c| Gwljigglypuff|Not prepping for the shitmon is how you lose draft\n|\n|t:|1700889122\n|cant|p2a: The Don|slp\n|move|p1a: Dripplin B|Dragon Tail|p2a: The Don\n|-damage|p2a: The Don|32\/100 slp\n|drag|p2a: Furry|Meowscarada, F|100\/100\n|-status|p2a: Furry|tox\n|\n|-damage|p2a: Furry|94\/100 tox|[from] psn\n|upkeep\n|turn|31\n|c|\u2606Ewokpinguin25|lets get that thing toxd\n|c|\u2606Ewokpinguin25|also\n|c|\u2606Ewokpinguin25|its not a shitmon lmao\n|c|\u2606Ewokpinguin25|its genuinly good\n|\n|t:|1700889146\n|switch|p1a: Doom Stuart|Revavroom, F|72\/100\n|move|p2a: Furry|Flower Trick|p1a: Doom Stuart\n|-start|p2a: Furry|typechange|Grass|[from] ability: Protean\n|-resisted|p1a: Doom Stuart\n|-crit|p1a: Doom Stuart\n|-damage|p1a: Doom Stuart|57\/100\n|-damage|p2a: Furry|84\/100 tox|[from] item: Life Orb\n|\n|-damage|p2a: Furry|72\/100 tox|[from] psn\n|upkeep\n|turn|32\n|c|\u2606OP_9|its like 3 points its a shitmon\n|c|\u2606Ewokpinguin25|Its wrongfully 3 points dude\n|c|\u2606Ewokpinguin25|it should have been more\n|c| Fazykins|It has 110 defense and eviolite\n|c|\u2606Ewokpinguin25|^\n|c|\u2606Ewokpinguin25|and recover\n|c|\u2606Ewokpinguin25|and good atttack stats\n|\n|t:|1700889194\n|switch|p2a: Mothra|Volcarona, F|75\/100\n|move|p1a: Doom Stuart|Poison Jab|p2a: Mothra\n|-damage|p2a: Mothra|25\/100\n|-status|p1a: Doom Stuart|brn|[from] ability: Flame Body|[of] p2a: Mothra\n|\n|-damage|p1a: Doom Stuart|51\/100 brn|[from] brn\n|upkeep\n|turn|33\n|\n|t:|1700889203\n|move|p2a: Mothra|Fiery Dance|p1a: Doom Stuart\n|-supereffective|p1a: Doom Stuart\n|-damage|p1a: Doom Stuart|0 fnt\n|faint|p1a: Doom Stuart\n|\n|upkeep\n|c| Gwljigglypuff|Yea fuck your rev\n|c| Fazykins|Its a bad mon that can slapbox\n|c|\u2606Ewokpinguin25|hes toxic spikes live on\n|\n|t:|1700889221\n|switch|p1a: Cornered at last|Ogerpon-Cornerstone, F|100\/100\n|turn|34\n|\n|t:|1700889232\n|move|p1a: Cornered at last|Ivy Cudgel|p2a: Mothra|[anim] Ivy Cudgel Rock\n|-supereffective|p2a: Mothra\n|-damage|p2a: Mothra|0 fnt\n|faint|p2a: Mothra\n|\n|upkeep\n|c| Fazykins|Is this your checkmate joke\n|c|\u2606Ewokpinguin25|maybe\n|\n|t:|1700889250\n|switch|p2a: Squire|Bisharp, M|100\/100\n|turn|35\n|\n|t:|1700889256\n|move|p1a: Cornered at last|Focus Energy|p1a: Cornered at last\n|-start|p1a: Cornered at last|move: Focus Energy\n|move|p2a: Squire|Stone Edge|p1a: Cornered at last|[miss]\n|-miss|p2a: Squire|p1a: Cornered at last\n|\n|upkeep\n|turn|36\n|c|\u2606Ewokpinguin25|no swords dance\n|c|\u2606Ewokpinguin25|hm\n|c| Gwljigglypuff|Finally some heat\n|c|\u2606Ewokpinguin25|always crits with cudgel\n|c|\u2606Ewokpinguin25|goes thru all the unaware mons too\n|c| Fazykins|Why did he not click that on moltres\n|\n|t:|1700889284\n|switch|p2a: The Don|Dondozo, M|32\/100 slp\n|move|p1a: Cornered at last|Superpower|p2a: The Don\n|-damage|p2a: The Don|10\/100 slp\n|-unboost|p1a: Cornered at last|atk|1\n|-unboost|p1a: Cornered at last|def|1\n|\n|upkeep\n|turn|37\n|\n|t:|1700889291\n|move|p1a: Cornered at last|Ivy Cudgel|p2a: The Don|[anim] Ivy Cudgel Rock\n|-crit|p2a: The Don\n|-damage|p2a: The Don|0 fnt\n|faint|p2a: The Don\n|\n|upkeep\n|c|\u2606Ewokpinguin25|and crits ignore the drops\n|c| Gwljigglypuff|Boo superpower usage\n|c|\u2606Ewokpinguin25|:]\n|\n|t:|1700889300\n|switch|p2a: Furry|Meowscarada, F|72\/100 tox\n|turn|38\n|\n|t:|1700889308\n|move|p2a: Furry|Flower Trick|p1a: Cornered at last\n|-start|p2a: Furry|typechange|Grass|[from] ability: Protean\n|-crit|p1a: Cornered at last\n|-ability|p1a: Cornered at last|Sturdy\n|-damage|p1a: Cornered at last|1\/100\n|-damage|p2a: Furry|62\/100 tox|[from] item: Life Orb\n|move|p1a: Cornered at last|Ivy Cudgel|p2a: Furry|[anim] Ivy Cudgel Rock\n|-crit|p2a: Furry\n|-damage|p2a: Furry|0 fnt\n|faint|p2a: Furry\n|\n|upkeep\n|c| Gwljigglypuff|Fake move\n|c|\u2606Ewokpinguin25|lets dance\n|\n|t:|1700889320\n|switch|p2a: Squire|Bisharp, M|100\/100\n|turn|39\n|\n|t:|1700889326\n|switch|p1a: Spooky Space Kook|Krookodile, F|100\/100\n|-ability|p1a: Spooky Space Kook|Intimidate|boost\n|-unboost|p2a: Squire|atk|1\n|-ability|p2a: Squire|Defiant|boost\n|-boost|p2a: Squire|atk|2\n|move|p2a: Squire|Sucker Punch||[still]\n|-fail|p2a: Squire\n|\n|upkeep\n|turn|40\n|c|\u2606Ewokpinguin25|sike\n|\n|t:|1700889335\n|move|p2a: Squire|Sucker Punch|p1a: Spooky Space Kook\n|-resisted|p1a: Spooky Space Kook\n|-crit|p1a: Spooky Space Kook\n|-damage|p1a: Spooky Space Kook|21\/100\n|move|p1a: Spooky Space Kook|Knock Off|p2a: Squire\n|-resisted|p2a: Squire\n|-damage|p2a: Squire|68\/100\n|-enditem|p2a: Squire|Choice Band|[from] move: Knock Off|[of] p1a: Spooky Space Kook\n|\n|upkeep\n|turn|41\n|c|\u2606Ewokpinguin25|owee\n|\n|t:|1700889341\n|move|p2a: Squire|Sucker Punch|p1a: Spooky Space Kook\n|-resisted|p1a: Spooky Space Kook\n|-damage|p1a: Spooky Space Kook|0 fnt\n|faint|p1a: Spooky Space Kook\n|\n|upkeep\n|c|\u2606Ewokpinguin25|Me when no eviolite (I threw\n|c| Gwljigglypuff|This is as close to a 6-0 as possible because rev is clinically incapable of not sucking\n|c| Gwljigglypuff|Nvm krook dieded\n|\n|t:|1700889367\n|switch|p1a: Dripplin B|Dipplin, M, tera:Water|66\/100\n|turn|42\n|\n|t:|1700889370\n|move|p2a: Squire|Sucker Punch||[still]\n|-fail|p2a: Squire\n|move|p1a: Dripplin B|Recover|p1a: Dripplin B\n|-heal|p1a: Dripplin B|100\/100\n|\n|upkeep\n|turn|43\n|\n|t:|1700889376\n|move|p2a: Squire|Sucker Punch||[still]\n|-fail|p2a: Squire\n|move|p1a: Dripplin B|Substitute|p1a: Dripplin B\n|-start|p1a: Dripplin B|Substitute\n|-damage|p1a: Dripplin B|76\/100\n|\n|upkeep\n|turn|44\n|c|\u2606Ewokpinguin25|lol\n|\n|t:|1700889386\n|move|p2a: Squire|Foul Play|p1a: Dripplin B\n|-activate|p1a: Dripplin B|move: Substitute|[damage]\n|move|p1a: Dripplin B|Energy Ball|p2a: Squire\n|-resisted|p2a: Squire\n|-damage|p2a: Squire|46\/100\n|\n|upkeep\n|turn|45\n|\n|t:|1700889392\n|move|p2a: Squire|Foul Play|p1a: Dripplin B\n|-activate|p1a: Dripplin B|move: Substitute|[damage]\n|move|p1a: Dripplin B|Energy Ball|p2a: Squire\n|-resisted|p2a: Squire\n|-damage|p2a: Squire|27\/100\n|\n|upkeep\n|turn|46\n|c|\u2606Ewokpinguin25|cope\n|\n|t:|1700889399\n|move|p2a: Squire|Foul Play|p1a: Dripplin B\n|-end|p1a: Dripplin B|Substitute\n|move|p1a: Dripplin B|Energy Ball|p2a: Squire\n|-resisted|p2a: Squire\n|-damage|p2a: Squire|7\/100\n|\n|upkeep\n|turn|47\n|c|\u2606Ewokpinguin25|525 def\n|c|\u2606Ewokpinguin25|not a shitmon\n|c|\u2606Ewokpinguin25|respect my boy\n|\n|t:|1700889423\n|move|p2a: Squire|Sucker Punch||[still]\n|-fail|p2a: Squire\n|move|p1a: Dripplin B|Substitute|p1a: Dripplin B\n|-start|p1a: Dripplin B|Substitute\n|-damage|p1a: Dripplin B|51\/100\n|\n|upkeep\n|turn|48\n|\n|t:|1700889436\n|move|p2a: Squire|Stone Edge|p1a: Dripplin B\n|-activate|p1a: Dripplin B|move: Substitute|[damage]\n|move|p1a: Dripplin B|Recover|p1a: Dripplin B\n|-heal|p1a: Dripplin B|100\/100\n|\n|upkeep\n|turn|49\n|c| Fazykins|Why did you not stone edge as one final efforr\n|c| Gwljigglypuff|Ewok fucking kill him\n|\n|t:|1700889453\n|move|p2a: Squire|Stone Edge|p1a: Dripplin B\n|-end|p1a: Dripplin B|Substitute\n|move|p1a: Dripplin B|Energy Ball|p2a: Squire\n|-resisted|p2a: Squire\n|-damage|p2a: Squire|0 fnt\n|faint|p2a: Squire\n|\n|win|Ewokpinguin25\n|c|\u2606Ewokpinguin25|I will\n|c|\u2606Ewokpinguin25|I wanted the full hp dripplin\n|c|\u2606OP_9|gg\n|l| Fazykins\n","uploadtime":1700889479,"views":25,"p1id":"ewokpinguin25","p2id":"op9","formatid":"gen9ubers","rating":0,"private":0,"password":""}