{"id":"gen9ubers-1993399599","p1":"AlphaWolfWalkerYT","p2":"SwordOfArtJustice","format":"[Gen 9] Ubers","log":"|j|\u2606AlphaWolfWalkerYT\n|j|\u2606SwordOfArtJustice\n|t:|1700312521\n|gametype|singles\n|player|p1|AlphaWolfWalkerYT|2|1128\n|player|p2|SwordOfArtJustice|2|1028\n|teamsize|p1|6\n|teamsize|p2|6\n|gen|9\n|tier|[Gen 9] Ubers\n|rated|\n|rule|Sleep Clause Mod: Limit one foe put to sleep\n|rule|Species Clause: Limit one of each Pok\u00e9mon\n|rule|OHKO Clause: OHKO moves are banned\n|rule|Evasion Items Clause: Evasion items are banned\n|rule|Evasion Moves Clause: Evasion moves are banned\n|rule|Endless Battle Clause: Forcing endless battles is banned\n|rule|HP Percentage Mod: HP is shown in percentages\n|clearpoke\n|poke|p1|Clodsire, M|\n|poke|p1|Zoroark-Hisui, M|\n|poke|p1|Torterra, M|\n|poke|p1|Skeledirge, M|\n|poke|p1|Typhlosion-Hisui, M|\n|poke|p1|Miraidon|\n|poke|p2|Mienshao, F|\n|poke|p2|Kingambit, M|\n|poke|p2|Annihilape, M|\n|poke|p2|Urshifu-*, M|\n|poke|p2|Koraidon|\n|poke|p2|Baxcalibur, M|\n|teampreview\n|\n|t:|1700312533\n|start\n|switch|p1a: Clod Boi!|Clodsire, M, shiny|100\/100\n|switch|p2a: Mienshao|Mienshao, F|100\/100\n|turn|1\n|\n|t:|1700312555\n|move|p2a: Mienshao|Swords Dance|p2a: Mienshao\n|-boost|p2a: Mienshao|atk|2\n|move|p1a: Clod Boi!|Toxic Spikes|p2a: Mienshao\n|-sidestart|p2: SwordOfArtJustice|move: Toxic Spikes\n|\n|upkeep\n|turn|2\n|\n|t:|1700312562\n|switch|p1a: Miraidon|Miraidon|100\/100\n|move|p2a: Mienshao|Substitute|p2a: Mienshao\n|-start|p2a: Mienshao|Substitute\n|-damage|p2a: Mienshao|76\/100\n|\n|upkeep\n|turn|3\n|\n|t:|1700312570\n|move|p2a: Mienshao|Swords Dance|p2a: Mienshao\n|-boost|p2a: Mienshao|atk|2\n|move|p1a: Miraidon|Bitter Malice|p2a: Mienshao\n|-end|p2a: Mienshao|Substitute\n|\n|upkeep\n|turn|4\n|\n|t:|1700312578\n|move|p2a: Mienshao|Drain Punch|p1a: Miraidon\n|-immune|p1a: Miraidon\n|move|p1a: Miraidon|Bitter Malice|p2a: Mienshao\n|-damage|p2a: Mienshao|0 fnt\n|faint|p2a: Mienshao\n|\n|upkeep\n|\n|t:|1700312588\n|switch|p2a: Annihilape|Annihilape, M|100\/100\n|-status|p2a: Annihilape|psn\n|turn|5\n|c|\u2606AlphaWolfWalkerYT|hehehehe\n|\n|t:|1700312596\n|move|p1a: Miraidon|Bitter Malice|p2a: Annihilape\n|-supereffective|p2a: Annihilape\n|-damage|p2a: Annihilape|0 fnt\n|faint|p2a: Annihilape\n|\n|upkeep\n|\n|t:|1700312607\n|switch|p2a: Koraidon|Koraidon|100\/100\n|-status|p2a: Koraidon|psn\n|-weather|SunnyDay|[from] ability: Orichalcum Pulse|[of] p2a: Koraidon\n|-activate|p2a: Koraidon|Orichalcum Pulse|[source]\n|turn|6\n|\n|t:|1700312616\n|move|p2a: Koraidon|Dragon Pulse|p1a: Miraidon\n|-damage|p1a: Miraidon|59\/100\n|replace|p1a: Wispy|Zoroark-Hisui, M, shiny\n|-end|p1a: Wispy|Illusion\n|move|p1a: Wispy|Bitter Malice|p2a: Koraidon\n|-damage|p2a: Koraidon|54\/100 psn\n|-unboost|p2a: Koraidon|atk|1\n|\n|-weather|SunnyDay|[upkeep]\n|-damage|p2a: Koraidon|41\/100 psn|[from] psn\n|upkeep\n|turn|7\n|\n|t:|1700312631\n|switch|p1a: Miraidon|Miraidon|100\/100\n|-fieldstart|move: Electric Terrain|[from] ability: Hadron Engine|[of] p1a: Miraidon\n|move|p2a: Koraidon|Dragon Pulse|p1a: Miraidon\n|-supereffective|p1a: Miraidon\n|-damage|p1a: Miraidon|77\/100\n|\n|-weather|SunnyDay|[upkeep]\n|-damage|p2a: Koraidon|29\/100 psn|[from] psn\n|upkeep\n|turn|8\n|-activate|p2a: Koraidon|item: Quick Claw\n|\n|t:|1700312642\n|move|p2a: Koraidon|Drain Punch|p1a: Miraidon\n|-damage|p1a: Miraidon|49\/100\n|-heal|p2a: Koraidon|41\/100 psn|[from] drain|[of] p1a: Miraidon\n|move|p1a: Miraidon|Electro Drift|p2a: Koraidon\n|-resisted|p2a: Koraidon\n|-damage|p2a: Koraidon|6\/100 psn\n|\n|-weather|SunnyDay|[upkeep]\n|-damage|p2a: Koraidon|0 fnt|[from] psn\n|faint|p2a: Koraidon\n|upkeep\n|\n|t:|1700312655\n|switch|p2a: Baxcalibur|Baxcalibur, M, shiny|100\/100\n|-status|p2a: Baxcalibur|psn\n|turn|9\n|\n|t:|1700312662\n|move|p2a: Baxcalibur|Ice Shard|p1a: Miraidon\n|-supereffective|p1a: Miraidon\n|-damage|p1a: Miraidon|7\/100\n|move|p1a: Miraidon|U-turn|p2a: Baxcalibur\n|-damage|p2a: Baxcalibur|89\/100 psn\n|\n|t:|1700312669\n|switch|p1a: Alex|Skeledirge, M|100\/100|[from] U-turn\n|\n|-weather|SunnyDay|[upkeep]\n|-damage|p2a: Baxcalibur|77\/100 psn|[from] psn\n|upkeep\n|turn|10\n|\n|t:|1700312685\n|move|p2a: Baxcalibur|Glaive Rush|p1a: Alex\n|-damage|p1a: Alex|35\/100\n|-singlemove|p2a: Baxcalibur|Glaive Rush|[silent]\n|move|p1a: Alex|Torch Song|p2a: Baxcalibur\n|-damage|p2a: Baxcalibur|0 fnt\n|-boost|p1a: Alex|spa|1\n|faint|p2a: Baxcalibur\n|\n|-weather|none\n|-heal|p1a: Alex|41\/100|[from] item: Leftovers\n|upkeep\n|\n|t:|1700312697\n|switch|p2a: Urshifu|Urshifu, M|100\/100\n|-status|p2a: Urshifu|psn\n|turn|11\n|\n|t:|1700312706\n|move|p2a: Urshifu|Drain Punch|p1a: Alex\n|-immune|p1a: Alex\n|move|p1a: Alex|Earthquake|p2a: Urshifu\n|-damage|p2a: Urshifu|82\/100 psn\n|\n|-heal|p1a: Alex|47\/100|[from] item: Leftovers\n|-damage|p2a: Urshifu|70\/100 psn|[from] psn\n|-fieldend|move: Electric Terrain\n|upkeep\n|turn|12\n|\n|t:|1700312717\n|move|p2a: Urshifu|Wicked Blow|p1a: Alex\n|-supereffective|p1a: Alex\n|-crit|p1a: Alex\n|-damage|p1a: Alex|0 fnt\n|faint|p1a: Alex\n|\n|-damage|p2a: Urshifu|58\/100 psn|[from] psn\n|upkeep\n|\n|t:|1700312728\n|switch|p1a: Clod Boi!|Clodsire, M, shiny|100\/100\n|turn|13\n|\n|t:|1700312737\n|move|p2a: Urshifu|Drain Punch|p1a: Clod Boi!\n|-resisted|p1a: Clod Boi!\n|-crit|p1a: Clod Boi!\n|-damage|p1a: Clod Boi!|68\/100\n|-heal|p2a: Urshifu|75\/100 psn|[from] drain|[of] p1a: Clod Boi!\n|move|p1a: Clod Boi!|Earthquake|p2a: Urshifu\n|-damage|p2a: Urshifu|33\/100 psn\n|\n|-damage|p2a: Urshifu|20\/100 psn|[from] psn\n|upkeep\n|turn|14\n|\n|t:|1700312748\n|move|p2a: Urshifu|Wicked Blow|p1a: Clod Boi!\n|-crit|p1a: Clod Boi!\n|-damage|p1a: Clod Boi!|6\/100\n|move|p1a: Clod Boi!|Earthquake|p2a: Urshifu\n|-damage|p2a: Urshifu|0 fnt\n|faint|p2a: Urshifu\n|\n|upkeep\n|\n|t:|1700312756\n|switch|p2a: Kingambit|Kingambit, M|100\/100\n|-activate|p2a: Kingambit|ability: Supreme Overlord\n|-start|p2a: Kingambit|fallen5|[silent]\n|turn|15\n|-activate|p2a: Kingambit|item: Quick Claw\n|\n|t:|1700312763\n|-terastallize|p2a: Kingambit|Dark\n|move|p2a: Kingambit|Sucker Punch|p1a: Clod Boi!\n|-damage|p1a: Clod Boi!|0 fnt\n|faint|p1a: Clod Boi!\n|\n|upkeep\n|\n|t:|1700312775\n|switch|p1a: Bumpy|Torterra, M|100\/100\n|turn|16\n|\n|t:|1700312785\n|move|p1a: Bumpy|Shell Smash|p1a: Bumpy\n|-unboost|p1a: Bumpy|def|1\n|-unboost|p1a: Bumpy|spd|1\n|-boost|p1a: Bumpy|atk|2\n|-boost|p1a: Bumpy|spa|2\n|-boost|p1a: Bumpy|spe|2\n|move|p2a: Kingambit|X-Scissor|p1a: Bumpy\n|-supereffective|p1a: Bumpy\n|-damage|p1a: Bumpy|0 fnt\n|faint|p1a: Bumpy\n|\n|upkeep\n|\n|t:|1700312796\n|switch|p1a: Alpha|Typhlosion-Hisui, M|100\/100\n|turn|17\n|-activate|p2a: Kingambit|item: Quick Claw\n|\n|t:|1700312802\n|move|p2a: Kingambit|Sucker Punch|p1a: Alpha\n|-supereffective|p1a: Alpha\n|-damage|p1a: Alpha|0 fnt\n|faint|p1a: Alpha\n|\n|upkeep\n|\n|t:|1700312807\n|switch|p1a: Miraidon|Miraidon|59\/100\n|turn|18\n|-activate|p2a: Kingambit|item: Quick Claw\n|\n|t:|1700312822\n|move|p2a: Kingambit|Sucker Punch|p1a: Miraidon\n|-supereffective|p1a: Miraidon\n|-damage|p1a: Miraidon|0 fnt\n|replace|p1a: Wispy|Zoroark-Hisui, M, shiny\n|-end|p1a: Wispy|Illusion\n|faint|p1a: Wispy\n|\n|upkeep\n|\n|t:|1700312828\n|switch|p1a: Miraidon|Miraidon|7\/100\n|-fieldstart|move: Electric Terrain|[from] ability: Hadron Engine|[of] p1a: Miraidon\n|turn|19\n|-activate|p2a: Kingambit|item: Quick Claw\n|\n|t:|1700312833\n|-terastallize|p1a: Miraidon|Electric\n|move|p2a: Kingambit|Sucker Punch|p1a: Miraidon\n|-damage|p1a: Miraidon|0 fnt\n|faint|p1a: Miraidon\n|\n|win|SwordOfArtJustice\n|raw|AlphaWolfWalkerYT's rating: 1128 &rarr; <strong>1096<\/strong><br \/>(-32 for losing)\n|raw|SwordOfArtJustice's rating: 1028 &rarr; <strong>1074<\/strong><br \/>(+46 for winning)\n|c|\u2606AlphaWolfWalkerYT|gg\n|l|\u2606AlphaWolfWalkerYT\n|c|\u2606SwordOfArtJustice|Gg\n","uploadtime":1700312951,"views":20,"p1id":"alphawolfwalkeryt","p2id":"swordofartjustice","formatid":"gen9ubers","rating":1074,"private":0,"password":""}