{"id":"gen9ubers-1984322563","p1":"Laprasrules12","p2":"Kinesquared","format":"[Gen 9] Ubers","log":"|j|\u2606Laprasrules12\n|j|\u2606Kinesquared\n|t:|1699243614\n|gametype|singles\n|player|p1|Laprasrules12|lusamine-nihilego|\n|player|p2|Kinesquared|scientist-gen4dp|\n|teamsize|p1|6\n|teamsize|p2|6\n|gen|9\n|tier|[Gen 9] Ubers\n|rule|Sleep Clause Mod: Limit one foe put to sleep\n|rule|Species Clause: Limit one of each Pok\u00e9mon\n|rule|OHKO Clause: OHKO moves are banned\n|rule|Evasion Items Clause: Evasion items are banned\n|rule|Evasion Moves Clause: Evasion moves are banned\n|rule|Endless Battle Clause: Forcing endless battles is banned\n|rule|HP Percentage Mod: HP is shown in percentages\n|clearpoke\n|poke|p1|Ninetales-Alola, F|\n|poke|p1|Baxcalibur, M|\n|poke|p1|Magearna-Original|\n|poke|p1|Espathra, M|\n|poke|p1|Chi-Yu|\n|poke|p1|Arceus-Ghost|\n|poke|p2|Magearna|\n|poke|p2|Ursaluna, M|\n|poke|p2|Dialga|\n|poke|p2|Hoopa-Unbound|\n|poke|p2|Cinderace, F|\n|poke|p2|Cresselia, F|\n|teampreview\n|inactive|Battle timer is ON: inactive players will automatically lose when time's up. (requested by Laprasrules12)\n|c|\u2606Kinesquared|yo\n|c|\u2606Laprasrules12|Of course\n|\n|t:|1699243639\n|start\n|switch|p1a: Snowfall|Ninetales-Alola, F, shiny|100\/100\n|switch|p2a: Dialga|Dialga|100\/100\n|-weather|Snow|[from] ability: Snow Warning|[of] p1a: Snowfall\n|-ability|p2a: Dialga|Pressure\n|turn|1\n|j| the tr4sh man\n|\n|t:|1699243646\n|move|p1a: Snowfall|Aurora Veil|p1a: Snowfall\n|-sidestart|p1: Laprasrules12|move: Aurora Veil\n|move|p2a: Dialga|Flash Cannon|p1a: Snowfall\n|-supereffective|p1a: Snowfall\n|-damage|p1a: Snowfall|9\/100\n|\n|-weather|Snow|[upkeep]\n|upkeep\n|turn|2\n|\n|t:|1699243652\n|switch|p1a: Goldfish|Chi-Yu|100\/100\n|-ability|p1a: Goldfish|Beads of Ruin\n|move|p2a: Dialga|Trick Room|p2a: Dialga\n|-fieldstart|move: Trick Room|[of] p2a: Dialga\n|\n|-weather|Snow|[upkeep]\n|upkeep\n|turn|3\n|\n|t:|1699243663\n|move|p2a: Dialga|Earth Power|p1a: Goldfish\n|-supereffective|p1a: Goldfish\n|-damage|p1a: Goldfish|58\/100\n|move|p1a: Goldfish|Overheat|p2a: Dialga\n|-damage|p2a: Dialga|10\/100\n|-unboost|p1a: Goldfish|spa|2\n|\n|-weather|Snow|[upkeep]\n|upkeep\n|turn|4\n|\n|t:|1699243671\n|move|p2a: Dialga|Draco Meteor|p1a: Goldfish\n|-damage|p1a: Goldfish|12\/100\n|-unboost|p2a: Dialga|spa|2\n|-enditem|p2a: Dialga|Eject Pack\n|\n|t:|1699243677\n|switch|p2a: Hoopa|Hoopa-Unbound|100\/100\n|move|p1a: Goldfish|Dark Pulse|p2a: Hoopa\n|-damage|p2a: Hoopa|84\/100\n|\n|-weather|Snow|[upkeep]\n|upkeep\n|turn|5\n|\n|t:|1699243688\n|move|p2a: Hoopa|Drain Punch|p1a: Goldfish\n|-supereffective|p1a: Goldfish\n|-damage|p1a: Goldfish|0 fnt\n|-heal|p2a: Hoopa|89\/100|[from] drain|[of] p1a: Goldfish\n|faint|p1a: Goldfish\n|\n|-weather|none\n|upkeep\n|\n|t:|1699243692\n|switch|p1a: Pok\u00e9ball|Magearna-Original|100\/100\n|turn|6\n|inactive|Kinesquared has 270 seconds left.\n|\n|t:|1699243727\n|switch|p2a: Magearna|Magearna|100\/100\n|switch|p1a: Godzilla|Baxcalibur, M, shiny|100\/100\n|\n|-fieldend|move: Trick Room\n|upkeep\n|turn|7\n|inactive|Kinesquared has 270 seconds left.\n|\n|t:|1699243738\n|move|p1a: Godzilla|Earthquake|p2a: Magearna\n|-supereffective|p2a: Magearna\n|-damage|p2a: Magearna|55\/100\n|move|p2a: Magearna|Trick Room|p2a: Magearna\n|-fieldstart|move: Trick Room|[of] p2a: Magearna\n|\n|-heal|p2a: Magearna|61\/100|[from] item: Leftovers\n|upkeep\n|turn|8\n|inactive|Kinesquared has 270 seconds left.\n|c|\u2606Laprasrules12|Damn\n|\n|t:|1699243756\n|switch|p1a: Cleopatra|Espathra, M, shiny|100\/100\n|move|p2a: Magearna|Fleur Cannon|p1a: Cleopatra\n|-damage|p1a: Cleopatra|61\/100\n|-unboost|p2a: Magearna|spa|2\n|\n|-heal|p2a: Magearna|68\/100|[from] item: Leftovers\n|-heal|p1a: Cleopatra|67\/100|[from] item: Leftovers\n|-sideend|p1: Laprasrules12|move: Aurora Veil\n|upkeep\n|turn|9\n|inactive|Kinesquared has 270 seconds left.\n|\n|t:|1699243766\n|switch|p2a: Hoopa|Hoopa-Unbound|89\/100\n|move|p1a: Cleopatra|Calm Mind|p1a: Cleopatra\n|-boost|p1a: Cleopatra|spa|1\n|-boost|p1a: Cleopatra|spd|1\n|\n|-heal|p1a: Cleopatra|73\/100|[from] item: Leftovers\n|-ability|p1a: Cleopatra|Speed Boost|boost\n|-boost|p1a: Cleopatra|spe|1\n|upkeep\n|turn|10\n|\n|t:|1699243774\n|move|p2a: Hoopa|Hyperspace Fury|p1a: Cleopatra\n|-supereffective|p1a: Cleopatra\n|-damage|p1a: Cleopatra|0 fnt\n|-unboost|p2a: Hoopa|def|1\n|faint|p1a: Cleopatra\n|\n|upkeep\n|c|\u2606Laprasrules12|What\n|c|\u2606Kinesquared|?\n|c|\u2606Laprasrules12|I didnt click that\n|c|\u2606Laprasrules12|I clicked switch\n|c|\u2606Laprasrules12|Wtf game\n|c|\u2606Kinesquared|oof\n|\n|t:|1699243795\n|switch|p1a: Pok\u00e9ball|Magearna-Original|100\/100\n|turn|11\n|\n|t:|1699243801\n|move|p2a: Hoopa|Drain Punch|p1a: Pok\u00e9ball\n|-damage|p1a: Pok\u00e9ball|73\/100\n|-heal|p2a: Hoopa|100\/100|[from] drain|[of] p1a: Pok\u00e9ball\n|move|p1a: Pok\u00e9ball|Volt Switch|p2a: Hoopa\n|-damage|p2a: Hoopa|91\/100\n|\n|t:|1699243807\n|switch|p1a: Man I'm dead|Arceus-Ghost, shiny|100\/100|[from] Volt Switch\n|\n|-fieldend|move: Trick Room\n|upkeep\n|turn|12\n|\n|t:|1699243820\n|switch|p2a: Dialga|Dialga|10\/100\n|-ability|p2a: Dialga|Pressure\n|-terastallize|p1a: Man I'm dead|Normal\n|move|p1a: Man I'm dead|Swords Dance|p1a: Man I'm dead\n|-boost|p1a: Man I'm dead|atk|2\n|\n|upkeep\n|turn|13\n|\n|t:|1699243830\n|move|p1a: Man I'm dead|Extreme Speed|p2a: Dialga\n|-resisted|p2a: Dialga\n|-damage|p2a: Dialga|0 fnt\n|faint|p2a: Dialga\n|\n|upkeep\n|\n|t:|1699243836\n|switch|p2a: Cresselia|Cresselia, F|100\/100\n|turn|14\n|\n|t:|1699243840\n|move|p1a: Man I'm dead|Taunt|p2a: Cresselia\n|-start|p2a: Cresselia|move: Taunt\n|cant|p2a: Cresselia|move: Taunt|Trick Room\n|\n|upkeep\n|turn|15\n|\n|t:|1699243845\n|move|p1a: Man I'm dead|Shadow Claw|p2a: Cresselia\n|-supereffective|p2a: Cresselia\n|-damage|p2a: Cresselia|7\/100\n|move|p2a: Cresselia|Moonblast|p1a: Man I'm dead\n|-damage|p1a: Man I'm dead|88\/100\n|\n|-heal|p2a: Cresselia|13\/100|[from] item: Leftovers\n|upkeep\n|turn|16\n|c|\u2606Kinesquared|o wow that does nothing\n|\n|t:|1699243858\n|switch|p2a: Cinderace|Cinderace, F|100\/100\n|move|p1a: Man I'm dead|Swords Dance|p1a: Man I'm dead\n|-boost|p1a: Man I'm dead|atk|2\n|\n|upkeep\n|turn|17\n|\n|t:|1699243865\n|move|p1a: Man I'm dead|Extreme Speed|p2a: Cinderace\n|-damage|p2a: Cinderace|0 fnt\n|faint|p2a: Cinderace\n|\n|upkeep\n|\n|t:|1699243869\n|switch|p2a: Hoopa|Hoopa-Unbound|91\/100\n|turn|18\n|\n|t:|1699243877\n|-terastallize|p2a: Hoopa|Ghost\n|move|p1a: Man I'm dead|Extreme Speed|p2a: Hoopa\n|-immune|p2a: Hoopa\n|move|p2a: Hoopa|Drain Punch|p1a: Man I'm dead\n|-supereffective|p1a: Man I'm dead\n|-crit|p1a: Man I'm dead\n|-damage|p1a: Man I'm dead|15\/100\n|-heal|p2a: Hoopa|100\/100|[from] drain|[of] p1a: Man I'm dead\n|\n|upkeep\n|turn|19\n|\n|t:|1699243894\n|switch|p2a: Cresselia|Cresselia, F|13\/100\n|move|p1a: Man I'm dead|Shadow Claw|p2a: Cresselia\n|-supereffective|p2a: Cresselia\n|-damage|p2a: Cresselia|0 fnt\n|faint|p2a: Cresselia\n|\n|upkeep\n|\n|t:|1699243901\n|switch|p2a: Ursaluna|Ursaluna, M|100\/100\n|turn|20\n|\n|t:|1699243909\n|move|p1a: Man I'm dead|Extreme Speed|p2a: Ursaluna\n|-damage|p2a: Ursaluna|14\/100\n|move|p2a: Ursaluna|Facade|p1a: Man I'm dead\n|-damage|p1a: Man I'm dead|0 fnt\n|faint|p1a: Man I'm dead\n|\n|-status|p2a: Ursaluna|brn|[from] item: Flame Orb\n|upkeep\n|c|\u2606Laprasrules12|Hey at least it did something against ya\n|\n|t:|1699243921\n|switch|p1a: Pok\u00e9ball|Magearna-Original|73\/100\n|turn|21\n|\n|t:|1699243926\n|switch|p2a: Magearna|Magearna|68\/100\n|move|p1a: Pok\u00e9ball|Fleur Cannon|p2a: Magearna\n|-resisted|p2a: Magearna\n|-damage|p2a: Magearna|44\/100\n|-unboost|p1a: Pok\u00e9ball|spa|2\n|\n|-heal|p1a: Pok\u00e9ball|79\/100|[from] item: Leftovers\n|-heal|p2a: Magearna|50\/100|[from] item: Leftovers\n|upkeep\n|turn|22\n|\n|t:|1699243936\n|move|p1a: Pok\u00e9ball|Volt Switch|p2a: Magearna\n|-damage|p2a: Magearna|41\/100\n|\n|t:|1699243942\n|switch|p1a: Snowfall|Ninetales-Alola, F, shiny|9\/100|[from] Volt Switch\n|-weather|Snow|[from] ability: Snow Warning|[of] p1a: Snowfall\n|move|p2a: Magearna|Trick Room|p2a: Magearna\n|-fieldstart|move: Trick Room|[of] p2a: Magearna\n|\n|-weather|Snow|[upkeep]\n|-heal|p2a: Magearna|47\/100|[from] item: Leftovers\n|upkeep\n|turn|23\n|\n|t:|1699243951\n|move|p2a: Magearna|Volt Switch|p1a: Snowfall\n|-damage|p1a: Snowfall|0 fnt\n|faint|p1a: Snowfall\n|-ability|p2a: Magearna|Soul-Heart|boost\n|-boost|p2a: Magearna|spa|1\n|c|\u2606Laprasrules12|Yeah I ment to gi to bax\n|c|\u2606Laprasrules12|I fucked up\n|c|\u2606Laprasrules12|Fnl\n|\n|t:|1699243964\n|switch|p2a: Ursaluna|Ursaluna, M|14\/100 brn|[from] Volt Switch\n|\n|-weather|Snow|[upkeep]\n|-damage|p2a: Ursaluna|8\/100 brn|[from] brn\n|upkeep\n|\n|t:|1699243971\n|switch|p1a: Pok\u00e9ball|Magearna-Original|79\/100\n|turn|24\n|\n|t:|1699243975\n|move|p2a: Ursaluna|Headlong Rush|p1a: Pok\u00e9ball\n|-supereffective|p1a: Pok\u00e9ball\n|-damage|p1a: Pok\u00e9ball|0 fnt\n|-unboost|p2a: Ursaluna|def|1\n|-unboost|p2a: Ursaluna|spd|1\n|faint|p1a: Pok\u00e9ball\n|\n|-weather|Snow|[upkeep]\n|-damage|p2a: Ursaluna|2\/100 brn|[from] brn\n|upkeep\n|\n|t:|1699243977\n|switch|p1a: Godzilla|Baxcalibur, M, shiny|100\/100\n|turn|25\n|\n|t:|1699243985\n|move|p2a: Ursaluna|Facade|p1a: Godzilla\n|-damage|p1a: Godzilla|12\/100\n|move|p1a: Godzilla|Earthquake|p2a: Ursaluna\n|-damage|p2a: Ursaluna|0 fnt\n|faint|p2a: Ursaluna\n|\n|-weather|Snow|[upkeep]\n|upkeep\n|c|\u2606Laprasrules12|I had it so perfect\n|c|\u2606Kinesquared|yea\n|c|\u2606Laprasrules12|And I had to ruin it\n|c|\u2606Kinesquared|i think you had an endgame there where you won\n|c|\u2606Laprasrules12|What is wrong with me\n|\n|t:|1699244000\n|switch|p2a: Hoopa|Hoopa-Unbound, tera:Ghost|100\/100\n|turn|26\n|c|\u2606Kinesquared|ggs\n|\n|t:|1699244011\n|move|p2a: Hoopa|Hyperspace Fury|p1a: Godzilla\n|-damage|p1a: Godzilla|0 fnt\n|-unboost|p2a: Hoopa|def|1\n|faint|p1a: Godzilla\n|\n|win|Kinesquared\n","uploadtime":1699244018,"views":17,"p1id":"laprasrules12","p2id":"kinesquared","formatid":"gen9ubers","rating":0,"private":0,"password":""}