{"id":"gen9ubers-1974635835","p1":"IcyTheScreamer","p2":"zsg","format":"[Gen 9] Ubers","log":"|j|\u2606IcyTheScreamer\n|j|\u2606zsg\n|t:|1698105026\n|gametype|singles\n|player|p1|IcyTheScreamer|ingo|\n|player|p2|zsg|byron|\n|teamsize|p1|6\n|teamsize|p2|6\n|gen|9\n|tier|[Gen 9] Ubers\n|rule|Sleep Clause Mod: Limit one foe put to sleep\n|rule|Species Clause: Limit one of each Pok\u00e9mon\n|rule|OHKO Clause: OHKO moves are banned\n|rule|Evasion Items Clause: Evasion items are banned\n|rule|Evasion Moves Clause: Evasion moves are banned\n|rule|Endless Battle Clause: Forcing endless battles is banned\n|rule|HP Percentage Mod: HP is shown in percentages\n|clearpoke\n|poke|p1|Dialga|\n|poke|p1|Gliscor, M|\n|poke|p1|Arceus-Poison|\n|poke|p1|Blissey, F|\n|poke|p1|Giratina|\n|poke|p1|Dondozo, M|\n|poke|p2|Shaymin-Sky|\n|poke|p2|Espathra, M|\n|poke|p2|Magearna|\n|poke|p2|Arceus-Fire|\n|poke|p2|Ursaluna-Bloodmoon, M|\n|poke|p2|Palafin, M|\n|teampreview\n|j| mimolette7\n|c|\u2606zsg|gl again!\n|c|\u2606IcyTheScreamer|good luck\n|j| uubers account\n|j| vespyyy\n|j| leonissenbaum\n|\n|t:|1698105055\n|start\n|switch|p1a: Gliscor|Gliscor, M|100\/100\n|switch|p2a: Palafin|Palafin, M|100\/100\n|turn|1\n|\n|t:|1698105072\n|move|p2a: Palafin|Flip Turn|p1a: Gliscor\n|-supereffective|p1a: Gliscor\n|-damage|p1a: Gliscor|41\/100\n|\n|t:|1698105080\n|detailschange|p2a: Palafin|Palafin-Hero, M\n|switch|p2a: Magearna|Magearna|100\/100|[from] Flip Turn\n|move|p1a: Gliscor|Toxic|p2a: Magearna\n|-immune|p2a: Magearna\n|\n|-status|p1a: Gliscor|tox|[from] item: Toxic Orb\n|upkeep\n|turn|2\n|\n|t:|1698105096\n|-terastallize|p2a: Magearna|Water\n|move|p1a: Gliscor|Knock Off|p2a: Magearna\n|-damage|p2a: Magearna|83\/100\n|-enditem|p2a: Magearna|Leftovers|[from] move: Knock Off|[of] p1a: Gliscor\n|move|p2a: Magearna|Encore|p1a: Gliscor\n|-start|p1a: Gliscor|Encore\n|\n|-heal|p1a: Gliscor|53\/100 tox|[from] ability: Poison Heal\n|upkeep\n|turn|3\n|\n|t:|1698105120\n|switch|p1a: Blissey|Blissey, F|100\/100\n|move|p2a: Magearna|Fleur Cannon|p1a: Blissey\n|-damage|p1a: Blissey|74\/100\n|-unboost|p2a: Magearna|spa|2\n|\n|-heal|p1a: Blissey|80\/100|[from] item: Leftovers\n|upkeep\n|turn|4\n|\n|t:|1698105132\n|move|p2a: Magearna|Thunder Wave|p1a: Blissey\n|-status|p1a: Blissey|par\n|move|p1a: Blissey|Stealth Rock|p2a: Magearna\n|-sidestart|p2: zsg|move: Stealth Rock\n|\n|-heal|p1a: Blissey|86\/100 par|[from] item: Leftovers\n|upkeep\n|turn|5\n|\n|t:|1698105139\n|-curestatus|p1a: Blissey|par|[from] ability: Natural Cure\n|switch|p1a: Gliscor|Gliscor, M|53\/100 tox\n|move|p2a: Magearna|Encore||[still]\n|-fail|p2a: Magearna\n|\n|-heal|p1a: Gliscor|65\/100 tox|[from] ability: Poison Heal\n|upkeep\n|turn|6\n|\n|t:|1698105146\n|switch|p2a: Palafin|Palafin-Hero, M|100\/100\n|-damage|p2a: Palafin|88\/100|[from] Stealth Rock\n|-activate|p2a: Palafin|ability: Zero to Hero\n|move|p1a: Gliscor|Toxic|p2a: Palafin\n|-status|p2a: Palafin|tox\n|\n|-damage|p2a: Palafin|82\/100 tox|[from] psn\n|-heal|p1a: Gliscor|78\/100 tox|[from] ability: Poison Heal\n|upkeep\n|turn|7\n|\n|t:|1698105153\n|move|p1a: Gliscor|Protect|p1a: Gliscor\n|-singleturn|p1a: Gliscor|Protect\n|move|p2a: Palafin|Flip Turn|p1a: Gliscor\n|-activate|p1a: Gliscor|move: Protect\n|\n|-damage|p2a: Palafin|70\/100 tox|[from] psn\n|-heal|p1a: Gliscor|90\/100 tox|[from] ability: Poison Heal\n|upkeep\n|turn|8\n|\n|t:|1698105161\n|switch|p1a: Dondozo|Dondozo, M|100\/100\n|move|p2a: Palafin|Flip Turn|p1a: Dondozo\n|-resisted|p1a: Dondozo\n|-damage|p1a: Dondozo|88\/100\n|-damage|p2a: Palafin|53\/100 tox|[from] item: Rocky Helmet|[of] p1a: Dondozo\n|\n|t:|1698105165\n|switch|p2a: Espathra|Espathra, M|100\/100|[from] Flip Turn\n|-damage|p2a: Espathra|88\/100|[from] Stealth Rock\n|\n|-heal|p2a: Espathra|94\/100|[from] item: Leftovers\n|upkeep\n|turn|9\n|l| uubers account\n|\n|t:|1698105177\n|switch|p1a: Dialga|Dialga|100\/100\n|-ability|p1a: Dialga|Pressure\n|move|p2a: Espathra|Calm Mind|p2a: Espathra\n|-boost|p2a: Espathra|spa|1\n|-boost|p2a: Espathra|spd|1\n|\n|-heal|p2a: Espathra|100\/100|[from] item: Leftovers\n|-ability|p2a: Espathra|Speed Boost|boost\n|-boost|p2a: Espathra|spe|1\n|upkeep\n|turn|10\n|\n|t:|1698105192\n|move|p2a: Espathra|Calm Mind|p2a: Espathra\n|-boost|p2a: Espathra|spa|1\n|-boost|p2a: Espathra|spd|1\n|move|p1a: Dialga|Roar|p2a: Espathra\n|drag|p2a: Palafin|Palafin-Hero, M|53\/100 tox\n|-damage|p2a: Palafin|41\/100 tox|[from] Stealth Rock\n|\n|-damage|p2a: Palafin|35\/100 tox|[from] psn\n|upkeep\n|turn|11\n|\n|t:|1698105205\n|switch|p1a: Dondozo|Dondozo, M|88\/100\n|move|p2a: Palafin|Wave Crash|p1a: Dondozo\n|-resisted|p1a: Dondozo\n|-damage|p1a: Dondozo|62\/100\n|-damage|p2a: Palafin|18\/100 tox|[from] item: Rocky Helmet|[of] p1a: Dondozo\n|-damage|p2a: Palafin|5\/100 tox|[from] Recoil\n|\n|-damage|p2a: Palafin|0 fnt|[from] psn\n|faint|p2a: Palafin\n|upkeep\n|\n|t:|1698105212\n|switch|p2a: Shaymin|Shaymin-Sky|100\/100\n|-damage|p2a: Shaymin|76\/100|[from] Stealth Rock\n|turn|12\n|\n|t:|1698105228\n|switch|p1a: Blissey|Blissey, F|86\/100\n|move|p2a: Shaymin|Seed Flare|p1a: Blissey|[miss]\n|-miss|p2a: Shaymin|p1a: Blissey\n|\n|-heal|p1a: Blissey|92\/100|[from] item: Leftovers\n|upkeep\n|turn|13\n|\n|t:|1698105241\n|switch|p2a: Magearna|Magearna, tera:Water|83\/100\n|-damage|p2a: Magearna|71\/100|[from] Stealth Rock\n|move|p1a: Blissey|Ice Beam|p2a: Magearna\n|-resisted|p2a: Magearna\n|-damage|p2a: Magearna|65\/100\n|\n|-heal|p1a: Blissey|99\/100|[from] item: Leftovers\n|upkeep\n|turn|14\n|\n|t:|1698105250\n|move|p2a: Magearna|Fleur Cannon|p1a: Blissey\n|-damage|p1a: Blissey|69\/100\n|-unboost|p2a: Magearna|spa|2\n|move|p1a: Blissey|Ice Beam|p2a: Magearna\n|-resisted|p2a: Magearna\n|-damage|p2a: Magearna|58\/100\n|\n|-heal|p1a: Blissey|75\/100|[from] item: Leftovers\n|upkeep\n|turn|15\n|\n|t:|1698105256\n|move|p2a: Magearna|Volt Switch|p1a: Blissey\n|-damage|p1a: Blissey|70\/100\n|\n|t:|1698105261\n|switch|p2a: Arceus|Arceus-Fire|100\/100|[from] Volt Switch\n|-damage|p2a: Arceus|76\/100|[from] Stealth Rock\n|move|p1a: Blissey|Ice Beam|p2a: Arceus\n|-resisted|p2a: Arceus\n|-crit|p2a: Arceus\n|-damage|p2a: Arceus|68\/100\n|\n|-heal|p1a: Blissey|76\/100|[from] item: Leftovers\n|upkeep\n|turn|16\n|\n|t:|1698105267\n|switch|p1a: Dondozo|Dondozo, M|62\/100\n|move|p2a: Arceus|Flare Blitz|p1a: Dondozo\n|-resisted|p1a: Dondozo\n|-crit|p1a: Dondozo\n|-damage|p1a: Dondozo|38\/100\n|-damage|p2a: Arceus|52\/100|[from] item: Rocky Helmet|[of] p1a: Dondozo\n|-damage|p2a: Arceus|43\/100|[from] Recoil\n|\n|upkeep\n|turn|17\n|\n|t:|1698105286\n|switch|p2a: Magearna|Magearna, tera:Water|58\/100\n|-damage|p2a: Magearna|45\/100|[from] Stealth Rock\n|move|p1a: Dondozo|Rest|p1a: Dondozo\n|-status|p1a: Dondozo|slp|[from] move: Rest\n|-heal|p1a: Dondozo|100\/100 slp|[silent]\n|\n|upkeep\n|turn|18\n|\n|t:|1698105300\n|switch|p1a: Blissey|Blissey, F|76\/100\n|move|p2a: Magearna|Fleur Cannon|p1a: Blissey\n|-damage|p1a: Blissey|50\/100\n|-unboost|p2a: Magearna|spa|2\n|\n|-heal|p1a: Blissey|56\/100|[from] item: Leftovers\n|upkeep\n|turn|19\n|\n|t:|1698105305\n|move|p2a: Magearna|Volt Switch|p1a: Blissey\n|-damage|p1a: Blissey|51\/100\n|\n|t:|1698105311\n|switch|p2a: Arceus|Arceus-Fire|43\/100|[from] Volt Switch\n|-damage|p2a: Arceus|18\/100|[from] Stealth Rock\n|move|p1a: Blissey|Heal Bell|p1a: Blissey\n|-activate|p1a: Blissey|move: Heal Bell\n|-curestatus|p1: Dondozo|slp|[msg]\n|-curestatus|p1: Gliscor|tox|[msg]\n|\n|-heal|p1a: Blissey|57\/100|[from] item: Leftovers\n|upkeep\n|turn|20\n|\n|t:|1698105317\n|switch|p1a: Dondozo|Dondozo, M|100\/100\n|move|p2a: Arceus|Recover|p2a: Arceus\n|-heal|p2a: Arceus|68\/100\n|\n|upkeep\n|turn|21\n|\n|t:|1698105322\n|switch|p2a: Magearna|Magearna, tera:Water|45\/100\n|-damage|p2a: Magearna|33\/100|[from] Stealth Rock\n|move|p1a: Dondozo|Curse|p1a: Dondozo\n|-unboost|p1a: Dondozo|spe|1\n|-boost|p1a: Dondozo|atk|1\n|-boost|p1a: Dondozo|def|1\n|\n|upkeep\n|turn|22\n|\n|t:|1698105331\n|move|p2a: Magearna|Encore|p1a: Dondozo\n|-start|p1a: Dondozo|Encore\n|move|p1a: Dondozo|Curse|p1a: Dondozo\n|-unboost|p1a: Dondozo|spe|1\n|-boost|p1a: Dondozo|atk|1\n|-boost|p1a: Dondozo|def|1\n|\n|upkeep\n|turn|23\n|\n|t:|1698105336\n|switch|p1a: Blissey|Blissey, F|57\/100\n|move|p2a: Magearna|Volt Switch|p1a: Blissey\n|-damage|p1a: Blissey|47\/100\n|\n|t:|1698105373\n|switch|p2a: Arceus|Arceus-Fire|68\/100|[from] Volt Switch\n|-damage|p2a: Arceus|43\/100|[from] Stealth Rock\n|\n|-heal|p1a: Blissey|53\/100|[from] item: Leftovers\n|upkeep\n|turn|24\n|\n|t:|1698105385\n|switch|p1a: Dondozo|Dondozo, M|100\/100\n|move|p2a: Arceus|Recover|p2a: Arceus\n|-heal|p2a: Arceus|93\/100\n|\n|upkeep\n|turn|25\n|\n|t:|1698105393\n|switch|p2a: Shaymin|Shaymin-Sky|76\/100\n|-damage|p2a: Shaymin|51\/100|[from] Stealth Rock\n|move|p1a: Dondozo|Waterfall|p2a: Shaymin\n|-resisted|p2a: Shaymin\n|-damage|p2a: Shaymin|33\/100\n|\n|upkeep\n|turn|26\n|\n|t:|1698105403\n|switch|p1a: Arceus|Arceus-Poison|100\/100\n|move|p2a: Shaymin|Seed Flare|p1a: Arceus\n|-resisted|p1a: Arceus\n|-damage|p1a: Arceus|80\/100\n|-unboost|p1a: Arceus|spd|2\n|\n|upkeep\n|turn|27\n|\n|t:|1698105416\n|switch|p2a: Ursaluna|Ursaluna-Bloodmoon, M|100\/100\n|-damage|p2a: Ursaluna|95\/100|[from] Stealth Rock\n|move|p1a: Arceus|Flamethrower|p2a: Ursaluna\n|-damage|p2a: Ursaluna|74\/100\n|\n|upkeep\n|turn|28\n|\n|t:|1698105433\n|switch|p1a: Giratina|Giratina|100\/100\n|-ability|p1a: Giratina|Pressure\n|move|p2a: Ursaluna|Blood Moon|p1a: Giratina\n|-damage|p1a: Giratina|68\/100\n|\n|-heal|p1a: Giratina|74\/100|[from] item: Leftovers\n|upkeep\n|turn|29\n|l| vespyyy\n|\n|t:|1698105443\n|move|p1a: Giratina|Will-O-Wisp|p2a: Ursaluna\n|-status|p2a: Ursaluna|brn\n|move|p2a: Ursaluna|Moonblast|p1a: Giratina\n|-supereffective|p1a: Giratina\n|-damage|p1a: Giratina|43\/100\n|\n|-heal|p1a: Giratina|49\/100|[from] item: Leftovers\n|-damage|p2a: Ursaluna|68\/100 brn|[from] brn\n|upkeep\n|turn|30\n|\n|t:|1698105461\n|switch|p1a: Dialga|Dialga|100\/100\n|-ability|p1a: Dialga|Pressure\n|move|p2a: Ursaluna|Blood Moon|p1a: Dialga\n|-resisted|p1a: Dialga\n|-damage|p1a: Dialga|70\/100\n|\n|-heal|p1a: Dialga|76\/100|[from] item: Leftovers\n|-damage|p2a: Ursaluna|62\/100 brn|[from] brn\n|upkeep\n|turn|31\n|\n|t:|1698105467\n|switch|p1a: Gliscor|Gliscor, M|90\/100\n|move|p2a: Ursaluna|Earth Power|p1a: Gliscor\n|-immune|p1a: Gliscor\n|\n|-damage|p2a: Ursaluna|56\/100 brn|[from] brn\n|-status|p1a: Gliscor|tox|[from] item: Toxic Orb\n|upkeep\n|turn|32\n|\n|t:|1698105477\n|move|p1a: Gliscor|Protect|p1a: Gliscor\n|-singleturn|p1a: Gliscor|Protect\n|move|p2a: Ursaluna|Blood Moon|p1a: Gliscor\n|-activate|p1a: Gliscor|move: Protect\n|\n|-heal|p1a: Gliscor|100\/100 tox|[from] ability: Poison Heal\n|-damage|p2a: Ursaluna|50\/100 brn|[from] brn\n|upkeep\n|turn|33\n|\n|t:|1698105488\n|move|p1a: Gliscor|Knock Off|p2a: Ursaluna\n|-damage|p2a: Ursaluna|33\/100 brn\n|-enditem|p2a: Ursaluna|Assault Vest|[from] move: Knock Off|[of] p1a: Gliscor\n|move|p2a: Ursaluna|Moonblast|p1a: Gliscor\n|-damage|p1a: Gliscor|73\/100 tox\n|-unboost|p1a: Gliscor|spa|1\n|\n|-heal|p1a: Gliscor|85\/100 tox|[from] ability: Poison Heal\n|-damage|p2a: Ursaluna|27\/100 brn|[from] brn\n|upkeep\n|turn|34\n|\n|t:|1698105507\n|switch|p2a: Magearna|Magearna, tera:Water|33\/100\n|-damage|p2a: Magearna|21\/100|[from] Stealth Rock\n|move|p1a: Gliscor|Protect||[still]\n|-fail|p1a: Gliscor\n|\n|-heal|p1a: Gliscor|97\/100 tox|[from] ability: Poison Heal\n|upkeep\n|turn|35\n|\n|t:|1698105517\n|move|p1a: Gliscor|Earthquake|p2a: Magearna\n|-damage|p2a: Magearna|0 fnt\n|faint|p2a: Magearna\n|\n|-heal|p1a: Gliscor|100\/100 tox|[from] ability: Poison Heal\n|upkeep\n|\n|t:|1698105540\n|switch|p2a: Espathra|Espathra, M|100\/100\n|-damage|p2a: Espathra|88\/100|[from] Stealth Rock\n|turn|36\n|\n|t:|1698105552\n|move|p2a: Espathra|Calm Mind|p2a: Espathra\n|-boost|p2a: Espathra|spa|1\n|-boost|p2a: Espathra|spd|1\n|move|p1a: Gliscor|Toxic|p2a: Espathra\n|-status|p2a: Espathra|tox\n|\n|-heal|p2a: Espathra|94\/100 tox|[from] item: Leftovers\n|-damage|p2a: Espathra|88\/100 tox|[from] psn\n|-ability|p2a: Espathra|Speed Boost|boost\n|-boost|p2a: Espathra|spe|1\n|upkeep\n|turn|37\n|\n|t:|1698105566\n|move|p2a: Espathra|Calm Mind|p2a: Espathra\n|-boost|p2a: Espathra|spa|1\n|-boost|p2a: Espathra|spd|1\n|move|p1a: Gliscor|Knock Off|p2a: Espathra\n|-supereffective|p2a: Espathra\n|-damage|p2a: Espathra|51\/100 tox\n|-enditem|p2a: Espathra|Leftovers|[from] move: Knock Off|[of] p1a: Gliscor\n|\n|-damage|p2a: Espathra|39\/100 tox|[from] psn\n|-ability|p2a: Espathra|Speed Boost|boost\n|-boost|p2a: Espathra|spe|1\n|upkeep\n|turn|38\n|\n|t:|1698105578\n|move|p1a: Gliscor|Protect|p1a: Gliscor\n|-singleturn|p1a: Gliscor|Protect\n|move|p2a: Espathra|Roost|p2a: Espathra\n|-heal|p2a: Espathra|89\/100 tox\n|-singleturn|p2a: Espathra|move: Roost\n|\n|-damage|p2a: Espathra|70\/100 tox|[from] psn\n|-ability|p2a: Espathra|Speed Boost|boost\n|-boost|p2a: Espathra|spe|1\n|upkeep\n|turn|39\n|\n|t:|1698105587\n|-terastallize|p1a: Gliscor|Steel\n|move|p2a: Espathra|Stored Power|p1a: Gliscor\n|-resisted|p1a: Gliscor\n|-damage|p1a: Gliscor|58\/100 tox\n|move|p1a: Gliscor|Earthquake|p2a: Espathra\n|-damage|p2a: Espathra|40\/100 tox\n|\n|-damage|p2a: Espathra|15\/100 tox|[from] psn\n|-heal|p1a: Gliscor|71\/100 tox|[from] ability: Poison Heal\n|-ability|p2a: Espathra|Speed Boost|boost\n|-boost|p2a: Espathra|spe|1\n|upkeep\n|turn|40\n|\n|t:|1698105603\n|move|p2a: Espathra|Stored Power|p1a: Gliscor\n|-resisted|p1a: Gliscor\n|-damage|p1a: Gliscor|20\/100 tox\n|move|p1a: Gliscor|Earthquake|p2a: Espathra\n|-damage|p2a: Espathra|0 fnt\n|faint|p2a: Espathra\n|\n|-heal|p1a: Gliscor|32\/100 tox|[from] ability: Poison Heal\n|upkeep\n|\n|t:|1698105609\n|switch|p2a: Ursaluna|Ursaluna-Bloodmoon, M|27\/100 brn\n|-damage|p2a: Ursaluna|21\/100 brn|[from] Stealth Rock\n|turn|41\n|\n|t:|1698105613\n|move|p1a: Gliscor|Protect|p1a: Gliscor\n|-singleturn|p1a: Gliscor|Protect\n|move|p2a: Ursaluna|Blood Moon|p1a: Gliscor\n|-activate|p1a: Gliscor|move: Protect\n|\n|-heal|p1a: Gliscor|45\/100 tox|[from] ability: Poison Heal\n|-damage|p2a: Ursaluna|15\/100 brn|[from] brn\n|upkeep\n|turn|42\n|\n|t:|1698105621\n|move|p1a: Gliscor|Earthquake|p2a: Ursaluna\n|-damage|p2a: Ursaluna|0 fnt\n|faint|p2a: Ursaluna\n|\n|-heal|p1a: Gliscor|57\/100 tox|[from] ability: Poison Heal\n|upkeep\n|\n|t:|1698105624\n|switch|p2a: Arceus|Arceus-Fire|93\/100\n|-damage|p2a: Arceus|68\/100|[from] Stealth Rock\n|turn|43\n|\n|t:|1698105630\n|move|p2a: Arceus|Earthquake|p1a: Gliscor\n|-supereffective|p1a: Gliscor\n|-damage|p1a: Gliscor|0 fnt\n|faint|p1a: Gliscor\n|\n|upkeep\n|\n|t:|1698105634\n|switch|p1a: Dondozo|Dondozo, M|100\/100\n|turn|44\n|\n|t:|1698105641\n|switch|p2a: Shaymin|Shaymin-Sky|33\/100\n|-damage|p2a: Shaymin|8\/100|[from] Stealth Rock\n|move|p1a: Dondozo|Waterfall|p2a: Shaymin\n|-resisted|p2a: Shaymin\n|-damage|p2a: Shaymin|0 fnt\n|faint|p2a: Shaymin\n|\n|upkeep\n|\n|t:|1698105645\n|switch|p2a: Arceus|Arceus-Fire|68\/100\n|-damage|p2a: Arceus|44\/100|[from] Stealth Rock\n|turn|45\n|\n|t:|1698105648\n|move|p2a: Arceus|Earthquake|p1a: Dondozo\n|-damage|p1a: Dondozo|83\/100\n|move|p1a: Dondozo|Waterfall|p2a: Arceus\n|-supereffective|p2a: Arceus\n|-damage|p2a: Arceus|7\/100\n|\n|upkeep\n|turn|46\n|c|\u2606IcyTheScreamer|gg\n|c|\u2606zsg|ggs, gl the rest of the way\n|\n|t:|1698105661\n|move|p2a: Arceus|Flare Blitz|p1a: Dondozo\n|-resisted|p1a: Dondozo\n|-damage|p1a: Dondozo|67\/100\n|-damage|p2a: Arceus|0 fnt|[from] item: Rocky Helmet|[of] p1a: Dondozo\n|faint|p2a: Arceus\n|\n|win|IcyTheScreamer\n|c|\u2606IcyTheScreamer|thanks\n|l| mimolette7\n|l|\u2606IcyTheScreamer\n","uploadtime":1698105668,"views":36,"p1id":"icythescreamer","p2id":"zsg","formatid":"gen9ubers","rating":0,"private":0,"password":""}