{"id":"gen9ubers-1976287680","p1":"Fishmanwithnose","p2":"HelloThereMites","format":"[Gen 9] Ubers","log":"|j|\u2606Fishmanwithnose\n|j|\u2606HelloThereMites\n|t:|1698282559\n|gametype|singles\n|player|p1|Fishmanwithnose|2|1000\n|player|p2|HelloThereMites|riley|1079\n|teamsize|p1|6\n|teamsize|p2|6\n|gen|9\n|tier|[Gen 9] Ubers\n|rated|\n|rule|Sleep Clause Mod: Limit one foe put to sleep\n|rule|Species Clause: Limit one of each Pok\u00e9mon\n|rule|OHKO Clause: OHKO moves are banned\n|rule|Evasion Items Clause: Evasion items are banned\n|rule|Evasion Moves Clause: Evasion moves are banned\n|rule|Endless Battle Clause: Forcing endless battles is banned\n|rule|HP Percentage Mod: HP is shown in percentages\n|clearpoke\n|poke|p1|Clodsire, M|\n|poke|p1|Hawlucha, F|\n|poke|p1|Skeledirge, F|\n|poke|p1|Revavroom, F|\n|poke|p1|Bronzong|\n|poke|p1|Iron Valiant|\n|poke|p2|Ogerpon-Hearthflame, F|\n|poke|p2|Zacian-*|\n|poke|p2|Urshifu-*, F|\n|poke|p2|Flutter Mane|\n|poke|p2|Arceus|\n|poke|p2|Espathra, F|\n|teampreview\n|inactive|Battle timer is ON: inactive players will automatically lose when time's up. (requested by HelloThereMites)\n|\n|t:|1698282581\n|start\n|switch|p1a: Clodsire|Clodsire, M|100\/100\n|switch|p2a: Zacian|Zacian-Crowned|100\/100\n|-ability|p2a: Zacian|Intrepid Sword|boost\n|-boost|p2a: Zacian|atk|1\n|turn|1\n|\n|t:|1698282589\n|move|p2a: Zacian|Swords Dance|p2a: Zacian\n|-boost|p2a: Zacian|atk|2\n|move|p1a: Clodsire|Stealth Rock|p2a: Zacian\n|-sidestart|p2: HelloThereMites|move: Stealth Rock\n|\n|upkeep\n|turn|2\n|\n|t:|1698282596\n|move|p2a: Zacian|Behemoth Blade|p1a: Clodsire\n|-damage|p1a: Clodsire|48\/100\n|move|p1a: Clodsire|Spikes|p2a: Zacian\n|-sidestart|p2: HelloThereMites|Spikes\n|\n|-heal|p1a: Clodsire|54\/100|[from] item: Leftovers\n|upkeep\n|turn|3\n|\n|t:|1698282603\n|move|p2a: Zacian|Swords Dance|p2a: Zacian\n|-boost|p2a: Zacian|atk|2\n|move|p1a: Clodsire|Counter||[still]\n|-fail|p1a: Clodsire\n|\n|-heal|p1a: Clodsire|60\/100|[from] item: Leftovers\n|upkeep\n|turn|4\n|\n|t:|1698282609\n|move|p2a: Zacian|Behemoth Blade|p1a: Clodsire\n|-damage|p1a: Clodsire|8\/100\n|move|p1a: Clodsire|Counter|p2a: Zacian\n|-damage|p2a: Zacian|0 fnt\n|faint|p2a: Zacian\n|\n|-heal|p1a: Clodsire|14\/100|[from] item: Leftovers\n|upkeep\n|c|\u2606Fishmanwithnose|?\n|\n|t:|1698282620\n|switch|p2a: Arceus|Arceus|100\/100\n|-damage|p2a: Arceus|88\/100|[from] Stealth Rock\n|-damage|p2a: Arceus|76\/100|[from] Spikes\n|turn|5\n|c|\u2606HelloThereMites|i thought it would one shot\n|\n|t:|1698282629\n|move|p2a: Arceus|Swords Dance|p2a: Arceus\n|-boost|p2a: Arceus|atk|2\n|move|p1a: Clodsire|Toxic Spikes|p2a: Arceus\n|-sidestart|p2: HelloThereMites|move: Toxic Spikes\n|\n|-heal|p1a: Clodsire|20\/100|[from] item: Leftovers\n|upkeep\n|turn|6\n|c|\u2606HelloThereMites|or 2 shot\n|c|\u2606Fishmanwithnose|I didn\u2019t \ud83d\ude09\n|\n|t:|1698282644\n|move|p2a: Arceus|Swords Dance|p2a: Arceus\n|-boost|p2a: Arceus|atk|2\n|move|p1a: Clodsire|Counter||[still]\n|-fail|p1a: Clodsire\n|\n|-heal|p1a: Clodsire|27\/100|[from] item: Leftovers\n|upkeep\n|turn|7\n|c|\u2606HelloThereMites|lol\n|\n|t:|1698282651\n|move|p2a: Arceus|Swords Dance|p2a: Arceus\n|-boost|p2a: Arceus|atk|2\n|move|p1a: Clodsire|Counter||[still]\n|-fail|p1a: Clodsire\n|\n|-heal|p1a: Clodsire|33\/100|[from] item: Leftovers\n|upkeep\n|turn|8\n|c|\u2606HelloThereMites|are you just trying to counter me?\n|\n|t:|1698282664\n|move|p2a: Arceus|Extreme Speed|p1a: Clodsire\n|-damage|p1a: Clodsire|0 fnt\n|faint|p1a: Clodsire\n|\n|upkeep\n|c|\u2606Fishmanwithnose|Yes\n|\n|t:|1698282672\n|switch|p1a: Hawlucha|Hawlucha, F, shiny|100\/100\n|turn|9\n|\n|t:|1698282677\n|switch|p1a: Skeledirge|Skeledirge, F|100\/100\n|-terastallize|p2a: Arceus|Normal\n|move|p2a: Arceus|Extreme Speed|p1a: Skeledirge\n|-immune|p1a: Skeledirge\n|\n|upkeep\n|turn|10\n|\n|t:|1698282686\n|move|p2a: Arceus|Shadow Claw|p1a: Skeledirge\n|-supereffective|p1a: Skeledirge\n|-damage|p1a: Skeledirge|61\/100\n|move|p1a: Skeledirge|Torch Song|p2a: Arceus\n|-damage|p2a: Arceus|46\/100\n|-boost|p1a: Skeledirge|spa|1\n|\n|upkeep\n|turn|11\n|c|\u2606Fishmanwithnose|?\n|c|\u2606HelloThereMites|dang it has unaware\n|\n|t:|1698282698\n|move|p1a: Skeledirge|Protect|p1a: Skeledirge\n|-singleturn|p1a: Skeledirge|Protect\n|move|p2a: Arceus|Shadow Claw|p1a: Skeledirge\n|-activate|p1a: Skeledirge|move: Protect\n|\n|upkeep\n|turn|12\n|c|\u2606Fishmanwithnose|Yes\n|\n|t:|1698282705\n|move|p2a: Arceus|Shadow Claw|p1a: Skeledirge\n|-supereffective|p1a: Skeledirge\n|-damage|p1a: Skeledirge|19\/100\n|-enditem|p1a: Skeledirge|Aguav Berry|[eat]\n|-heal|p1a: Skeledirge|52\/100|[from] item: Aguav Berry\n|move|p1a: Skeledirge|Torch Song|p2a: Arceus\n|-damage|p2a: Arceus|4\/100\n|-boost|p1a: Skeledirge|spa|1\n|\n|upkeep\n|turn|13\n|c|\u2606HelloThereMites|uh\n|\n|t:|1698282718\n|move|p2a: Arceus|Shadow Claw|p1a: Skeledirge\n|-supereffective|p1a: Skeledirge\n|-damage|p1a: Skeledirge|13\/100\n|move|p1a: Skeledirge|Torch Song|p2a: Arceus\n|-damage|p2a: Arceus|0 fnt\n|-boost|p1a: Skeledirge|spa|1\n|faint|p2a: Arceus\n|\n|upkeep\n|c|\u2606HelloThereMites|i believe\n|c|\u2606HelloThereMites|dang\n|\n|t:|1698282731\n|switch|p2a: Flutter Mane|Flutter Mane|100\/100\n|-damage|p2a: Flutter Mane|88\/100|[from] Stealth Rock\n|-damage|p2a: Flutter Mane|76\/100|[from] Spikes\n|-status|p2a: Flutter Mane|psn\n|turn|14\n|c|\u2606Fishmanwithnose|A CRIT woulda got me\n|\n|t:|1698282740\n|move|p2a: Flutter Mane|Shadow Ball|p1a: Skeledirge\n|-supereffective|p1a: Skeledirge\n|-damage|p1a: Skeledirge|0 fnt\n|faint|p1a: Skeledirge\n|-damage|p2a: Flutter Mane|66\/100 psn|[from] item: Life Orb\n|\n|-damage|p2a: Flutter Mane|53\/100 psn|[from] psn\n|upkeep\n|\n|t:|1698282748\n|switch|p1a: Bronzong|Bronzong|100\/100\n|turn|15\n|c|\u2606Fishmanwithnose|The slowest bronzong u ever saw\n|\n|t:|1698282766\n|move|p2a: Flutter Mane|Thunderbolt|p1a: Bronzong\n|-damage|p1a: Bronzong|65\/100\n|-damage|p2a: Flutter Mane|44\/100 psn|[from] item: Life Orb\n|move|p1a: Bronzong|Gyro Ball|p2a: Flutter Mane\n|-supereffective|p2a: Flutter Mane\n|-crit|p2a: Flutter Mane\n|-damage|p2a: Flutter Mane|0 fnt\n|faint|p2a: Flutter Mane\n|-end|p2a: Flutter Mane|Protosynthesis|[silent]\n|\n|upkeep\n|c|\u2606HelloThereMites|dang thats a tank\n|c|\u2606Fishmanwithnose|At 35 speed\n|\n|t:|1698282777\n|switch|p2a: Ogerpon|Ogerpon-Hearthflame, F|100\/100\n|-damage|p2a: Ogerpon|76\/100|[from] Stealth Rock\n|-damage|p2a: Ogerpon|63\/100|[from] Spikes\n|-status|p2a: Ogerpon|psn\n|-ability|p2a: Ogerpon|Mold Breaker\n|turn|16\n|c|\u2606Fishmanwithnose|Oh nuggets\n|\n|t:|1698282790\n|move|p1a: Bronzong|Protect|p1a: Bronzong\n|-singleturn|p1a: Bronzong|Protect\n|move|p2a: Ogerpon|Ivy Cudgel|p1a: Bronzong\n|-activate|p1a: Bronzong|move: Protect\n|\n|-damage|p2a: Ogerpon|51\/100 psn|[from] psn\n|upkeep\n|turn|17\n|\n|t:|1698282797\n|move|p2a: Ogerpon|Ivy Cudgel|p1a: Bronzong\n|-supereffective|p1a: Bronzong\n|-damage|p1a: Bronzong|0 fnt\n|faint|p1a: Bronzong\n|\n|-damage|p2a: Ogerpon|39\/100 psn|[from] psn\n|upkeep\n|\n|t:|1698282803\n|switch|p1a: Hawlucha|Hawlucha, F, shiny|100\/100\n|turn|18\n|\n|t:|1698282808\n|move|p1a: Hawlucha|Stone Edge|p2a: Ogerpon\n|-supereffective|p2a: Ogerpon\n|-damage|p2a: Ogerpon|0 fnt\n|faint|p2a: Ogerpon\n|\n|upkeep\n|\n|t:|1698282813\n|switch|p2a: Urshifu|Urshifu-Rapid-Strike, F|100\/100\n|-damage|p2a: Urshifu|94\/100|[from] Stealth Rock\n|-damage|p2a: Urshifu|82\/100|[from] Spikes\n|-status|p2a: Urshifu|psn\n|turn|19\n|\n|t:|1698282821\n|move|p1a: Hawlucha|Acrobatics|p2a: Urshifu\n|-supereffective|p2a: Urshifu\n|-damage|p2a: Urshifu|33\/100 psn\n|move|p2a: Urshifu|Surging Strikes|p1a: Hawlucha\n|-crit|p1a: Hawlucha\n|-damage|p1a: Hawlucha|56\/100\n|-crit|p1a: Hawlucha\n|-damage|p1a: Hawlucha|8\/100\n|-enditem|p1a: Hawlucha|Starf Berry|[eat]\n|-boost|p1a: Hawlucha|spd|2|[from] item: Starf Berry\n|-crit|p1a: Hawlucha\n|-damage|p1a: Hawlucha|0 fnt\n|faint|p1a: Hawlucha\n|-hitcount|p1: Hawlucha|3\n|\n|-damage|p2a: Urshifu|20\/100 psn|[from] psn\n|upkeep\n|c|\u2606Fishmanwithnose|I thought could aurvive\n|\n|t:|1698282839\n|switch|p1a: Iron Valiant|Iron Valiant|100\/100\n|-enditem|p1a: Iron Valiant|Booster Energy\n|-activate|p1a: Iron Valiant|ability: Quark Drive|[fromitem]\n|-start|p1a: Iron Valiant|quarkdrivespe\n|turn|20\n|\n|t:|1698282844\n|move|p1a: Iron Valiant|Shadow Sneak|p2a: Urshifu\n|-damage|p2a: Urshifu|7\/100 psn\n|move|p2a: Urshifu|Surging Strikes|p1a: Iron Valiant\n|-crit|p1a: Iron Valiant\n|-damage|p1a: Iron Valiant|60\/100\n|-crit|p1a: Iron Valiant\n|-damage|p1a: Iron Valiant|19\/100\n|-crit|p1a: Iron Valiant\n|-damage|p1a: Iron Valiant|0 fnt\n|faint|p1a: Iron Valiant\n|-end|p1a: Iron Valiant|Quark Drive|[silent]\n|-hitcount|p1: Iron Valiant|3\n|\n|-damage|p2a: Urshifu|0 fnt|[from] psn\n|faint|p2a: Urshifu\n|upkeep\n|c|\u2606HelloThereMites|i hate poison\n|\n|t:|1698282859\n|switch|p1a: Revavroom|Revavroom, F|100\/100\n|switch|p2a: Espathra|Espathra, F|100\/100\n|-damage|p2a: Espathra|88\/100|[from] Stealth Rock\n|-damage|p2a: Espathra|76\/100|[from] Spikes\n|-status|p2a: Espathra|psn\n|turn|21\n|c|\u2606Fishmanwithnose|I don\u2019t wanna die\n|\n|t:|1698282870\n|-terastallize|p1a: Revavroom|Flying\n|move|p2a: Espathra|Calm Mind|p2a: Espathra\n|-boost|p2a: Espathra|spa|1\n|-boost|p2a: Espathra|spd|1\n|move|p1a: Revavroom|Gunk Shot|p2a: Espathra\n|-damage|p2a: Espathra|0 fnt\n|faint|p2a: Espathra\n|\n|win|Fishmanwithnose\n|raw|Fishmanwithnose's rating: 1000 &rarr; <strong>1049<\/strong><br \/>(+49 for winning)\n|raw|HelloThereMites's rating: 1079 &rarr; <strong>1052<\/strong><br \/>(-27 for losing)\n|c|\u2606HelloThereMites|gg\n|c|\u2606Fishmanwithnose|Gg?\n|c|\u2606Fishmanwithnose|wait\n|c|\u2606Fishmanwithnose|how did.\n","uploadtime":1698282884,"views":11,"p1id":"fishmanwithnose","p2id":"hellotheremites","formatid":"gen9ubers","rating":1049,"private":0,"password":""}