{"id":"gen9ubers-1985352535","p1":"BippytheChippy","p2":"Gksdffsf88","format":"[Gen 9] Ubers","log":"|j|\u2606BippytheChippy\n|j|\u2606Gksdffsf88\n|t:|1699367322\n|gametype|singles\n|player|p1|BippytheChippy|n|1157\n|player|p2|Gksdffsf88|1|1206\n|teamsize|p1|6\n|teamsize|p2|6\n|gen|9\n|tier|[Gen 9] Ubers\n|rated|\n|rule|Sleep Clause Mod: Limit one foe put to sleep\n|rule|Species Clause: Limit one of each Pok\u00e9mon\n|rule|OHKO Clause: OHKO moves are banned\n|rule|Evasion Items Clause: Evasion items are banned\n|rule|Evasion Moves Clause: Evasion moves are banned\n|rule|Endless Battle Clause: Forcing endless battles is banned\n|rule|HP Percentage Mod: HP is shown in percentages\n|clearpoke\n|poke|p1|Groudon|\n|poke|p1|Koraidon|\n|poke|p1|Flutter Mane|\n|poke|p1|Chi-Yu|\n|poke|p1|Great Tusk|\n|poke|p1|Skeledirge, M|\n|poke|p2|Koraidon|\n|poke|p2|Kyogre|\n|poke|p2|Giratina|\n|poke|p2|Miraidon|\n|poke|p2|Arceus-Ground|\n|poke|p2|Zacian-*|\n|teampreview\n|\n|t:|1699367328\n|start\n|switch|p1a: Granola|Groudon|100\/100\n|switch|p2a: Miraidon|Miraidon|100\/100\n|-fieldstart|move: Electric Terrain|[from] ability: Hadron Engine|[of] p2a: Miraidon\n|-weather|SunnyDay|[from] ability: Drought|[of] p1a: Granola\n|turn|1\n|c|\u2606BippytheChippy|glhf\n|\n|t:|1699367336\n|move|p2a: Miraidon|U-turn|p1a: Granola\n|-damage|p1a: Granola|92\/100\n|\n|t:|1699367338\n|switch|p2a: Kyogre|Kyogre|100\/100|[from] U-turn\n|-weather|RainDance|[from] ability: Drizzle|[of] p2a: Kyogre\n|move|p1a: Granola|Stealth Rock|p2a: Kyogre\n|-sidestart|p2: Gksdffsf88|move: Stealth Rock\n|\n|-weather|RainDance|[upkeep]\n|upkeep\n|turn|2\n|\n|t:|1699367342\n|switch|p1a: Agi|Koraidon|100\/100\n|-weather|SunnyDay|[from] ability: Orichalcum Pulse|[of] p1a: Agi\n|-activate|p1a: Agi|Orichalcum Pulse|[source]\n|move|p2a: Kyogre|Water Spout|p1a: Agi\n|-resisted|p1a: Agi\n|-damage|p1a: Agi|80\/100\n|\n|-weather|SunnyDay|[upkeep]\n|upkeep\n|turn|3\n|inactive|Battle timer is ON: inactive players will automatically lose when time's up. (requested by Gksdffsf88)\n|\n|t:|1699367349\n|switch|p2a: Giratina|Giratina|100\/100\n|-damage|p2a: Giratina|88\/100|[from] Stealth Rock\n|-ability|p2a: Giratina|Pressure\n|move|p1a: Agi|Scale Shot|p2a: Giratina\n|-supereffective|p2a: Giratina\n|-damage|p2a: Giratina|68\/100\n|-supereffective|p2a: Giratina\n|-crit|p2a: Giratina\n|-damage|p2a: Giratina|34\/100\n|-hitcount|p2a: Giratina|2\n|-unboost|p1a: Agi|def|1\n|-boost|p1a: Agi|spe|1\n|-enditem|p1a: Agi|White Herb\n|-clearnegativeboost|p1a: Agi|[silent]\n|\n|-weather|SunnyDay|[upkeep]\n|upkeep\n|turn|4\n|\n|t:|1699367354\n|move|p1a: Agi|Scale Shot|p2a: Giratina\n|-supereffective|p2a: Giratina\n|-crit|p2a: Giratina\n|-damage|p2a: Giratina|4\/100\n|-enditem|p2a: Giratina|Iapapa Berry|[eat]\n|-heal|p2a: Giratina|37\/100|[from] item: Iapapa Berry\n|-supereffective|p2a: Giratina\n|-damage|p2a: Giratina|18\/100\n|-hitcount|p2a: Giratina|2\n|-unboost|p1a: Agi|def|1\n|-boost|p1a: Agi|spe|1\n|move|p2a: Giratina|Will-O-Wisp|p1a: Agi\n|-status|p1a: Agi|brn\n|\n|-weather|SunnyDay|[upkeep]\n|-damage|p1a: Agi|74\/100 brn|[from] brn\n|upkeep\n|turn|5\n|\n|t:|1699367366\n|switch|p2a: Kyogre|Kyogre|100\/100\n|-damage|p2a: Kyogre|88\/100|[from] Stealth Rock\n|-weather|RainDance|[from] ability: Drizzle|[of] p2a: Kyogre\n|move|p1a: Agi|Scale Shot|p2a: Kyogre\n|-damage|p2a: Kyogre|81\/100\n|-damage|p2a: Kyogre|74\/100\n|-hitcount|p2a: Kyogre|2\n|-unboost|p1a: Agi|def|1\n|-boost|p1a: Agi|spe|1\n|\n|-weather|RainDance|[upkeep]\n|-damage|p1a: Agi|68\/100 brn|[from] brn\n|-fieldend|move: Electric Terrain\n|upkeep\n|turn|6\n|\n|t:|1699367369\n|switch|p1a: Granola|Groudon|92\/100\n|-weather|SunnyDay|[from] ability: Drought|[of] p1a: Granola\n|move|p2a: Kyogre|Blizzard|p1a: Granola\n|-supereffective|p1a: Granola\n|-damage|p1a: Granola|33\/100\n|\n|-weather|SunnyDay|[upkeep]\n|upkeep\n|turn|7\n|\n|t:|1699367373\n|move|p2a: Kyogre|Blizzard|p1a: Granola|[miss]\n|-miss|p2a: Kyogre|p1a: Granola\n|move|p1a: Granola|Will-O-Wisp|p2a: Kyogre\n|-status|p2a: Kyogre|brn\n|\n|-weather|SunnyDay|[upkeep]\n|-damage|p2a: Kyogre|68\/100 brn|[from] brn\n|upkeep\n|turn|8\n|\n|t:|1699367378\n|move|p2a: Kyogre|Blizzard|p1a: Granola\n|-supereffective|p1a: Granola\n|-damage|p1a: Granola|0 fnt\n|faint|p1a: Granola\n|\n|-weather|SunnyDay|[upkeep]\n|-damage|p2a: Kyogre|61\/100 brn|[from] brn\n|upkeep\n|\n|t:|1699367380\n|switch|p1a: Crock-Pot|Skeledirge, M|100\/100\n|turn|9\n|\n|t:|1699367394\n|switch|p2a: Miraidon|Miraidon|100\/100\n|-damage|p2a: Miraidon|88\/100|[from] Stealth Rock\n|-fieldstart|move: Electric Terrain|[from] ability: Hadron Engine|[of] p2a: Miraidon\n|move|p1a: Crock-Pot|Night Shade|p2a: Miraidon\n|-damage|p2a: Miraidon|59\/100\n|\n|-weather|SunnyDay|[upkeep]\n|upkeep\n|turn|10\n|\n|t:|1699367401\n|move|p2a: Miraidon|Electro Drift|p1a: Crock-Pot\n|-damage|p1a: Crock-Pot|33\/100\n|move|p1a: Crock-Pot|Night Shade|p2a: Miraidon\n|-damage|p2a: Miraidon|30\/100\n|\n|-weather|SunnyDay|[upkeep]\n|-heal|p1a: Crock-Pot|39\/100|[from] item: Leftovers\n|upkeep\n|turn|11\n|\n|t:|1699367406\n|switch|p1a: Agi|Koraidon|68\/100 brn\n|-activate|p1a: Agi|ability: Orichalcum Pulse\n|move|p2a: Miraidon|Electro Drift|p1a: Agi\n|-resisted|p1a: Agi\n|-damage|p1a: Agi|20\/100 brn\n|\n|-weather|SunnyDay|[upkeep]\n|-damage|p1a: Agi|14\/100 brn|[from] brn\n|upkeep\n|turn|12\n|\n|t:|1699367416\n|-terastallize|p2a: Miraidon|Fairy\n|move|p1a: Agi|Scale Shot|p2a: Miraidon\n|-immune|p2a: Miraidon\n|move|p2a: Miraidon|Dazzling Gleam|p1a: Agi\n|-supereffective|p1a: Agi\n|-damage|p1a: Agi|0 fnt\n|faint|p1a: Agi\n|\n|-weather|SunnyDay|[upkeep]\n|upkeep\n|\n|t:|1699367424\n|switch|p1a: Whisper|Flutter Mane|100\/100\n|-activate|p1a: Whisper|ability: Protosynthesis\n|-start|p1a: Whisper|protosynthesisspe\n|turn|13\n|\n|t:|1699367430\n|move|p1a: Whisper|Shadow Ball|p2a: Miraidon\n|-damage|p2a: Miraidon|0 fnt\n|faint|p2a: Miraidon\n|-damage|p1a: Whisper|91\/100|[from] item: Life Orb\n|\n|-weather|none\n|-end|p1a: Whisper|Protosynthesis\n|-fieldend|move: Electric Terrain\n|upkeep\n|\n|t:|1699367439\n|switch|p2a: Arceus|Arceus-Ground|100\/100\n|-damage|p2a: Arceus|94\/100|[from] Stealth Rock\n|turn|14\n|\n|t:|1699367443\n|move|p1a: Whisper|Moonblast|p2a: Arceus\n|-damage|p2a: Arceus|55\/100\n|-damage|p1a: Whisper|81\/100|[from] item: Life Orb\n|move|p2a: Arceus|Earthquake|p1a: Whisper\n|-damage|p1a: Whisper|0 fnt\n|faint|p1a: Whisper\n|-end|p1a: Whisper|Protosynthesis|[silent]\n|\n|upkeep\n|\n|t:|1699367450\n|switch|p1a: Phanty|Great Tusk|100\/100\n|turn|15\n|\n|t:|1699367455\n|move|p2a: Arceus|Recover|p2a: Arceus\n|-heal|p2a: Arceus|100\/100\n|move|p1a: Phanty|Rapid Spin|p2a: Arceus\n|-damage|p2a: Arceus|88\/100\n|-boost|p1a: Phanty|spe|1\n|\n|upkeep\n|turn|16\n|\n|t:|1699367459\n|move|p1a: Phanty|Headlong Rush|p2a: Arceus\n|-damage|p2a: Arceus|44\/100\n|-unboost|p1a: Phanty|def|1\n|-unboost|p1a: Phanty|spd|1\n|move|p2a: Arceus|Earthquake|p1a: Phanty\n|-damage|p1a: Phanty|49\/100\n|\n|upkeep\n|turn|17\n|\n|t:|1699367464\n|move|p1a: Phanty|Headlong Rush|p2a: Arceus\n|-damage|p2a: Arceus|3\/100\n|-unboost|p1a: Phanty|def|1\n|-unboost|p1a: Phanty|spd|1\n|move|p2a: Arceus|Recover|p2a: Arceus\n|-heal|p2a: Arceus|53\/100\n|\n|upkeep\n|turn|18\n|\n|t:|1699367467\n|move|p1a: Phanty|Knock Off|p2a: Arceus\n|-damage|p2a: Arceus|39\/100\n|move|p2a: Arceus|Recover|p2a: Arceus\n|-heal|p2a: Arceus|89\/100\n|\n|upkeep\n|turn|19\n|\n|t:|1699367472\n|move|p1a: Phanty|Close Combat|p2a: Arceus\n|-damage|p2a: Arceus|48\/100\n|-unboost|p1a: Phanty|def|1\n|-unboost|p1a: Phanty|spd|1\n|move|p2a: Arceus|Earthquake|p1a: Phanty\n|-damage|p1a: Phanty|0 fnt\n|faint|p1a: Phanty\n|-end|p1a: Phanty|Protosynthesis|[silent]\n|\n|upkeep\n|\n|t:|1699367476\n|switch|p1a: Feesh|Chi-Yu|100\/100\n|-ability|p1a: Feesh|Beads of Ruin\n|turn|20\n|\n|t:|1699367482\n|move|p1a: Feesh|Flamethrower|p2a: Arceus\n|-damage|p2a: Arceus|3\/100\n|move|p2a: Arceus|Recover|p2a: Arceus\n|-heal|p2a: Arceus|53\/100\n|\n|upkeep\n|turn|21\n|\n|t:|1699367486\n|move|p1a: Feesh|Flamethrower|p2a: Arceus\n|-damage|p2a: Arceus|13\/100\n|move|p2a: Arceus|Recover|p2a: Arceus\n|-heal|p2a: Arceus|63\/100\n|\n|upkeep\n|turn|22\n|\n|t:|1699367491\n|move|p1a: Feesh|Flamethrower|p2a: Arceus\n|-damage|p2a: Arceus|20\/100\n|move|p2a: Arceus|Recover|p2a: Arceus\n|-heal|p2a: Arceus|70\/100\n|\n|upkeep\n|turn|23\n|\n|t:|1699367494\n|move|p1a: Feesh|Flamethrower|p2a: Arceus\n|-damage|p2a: Arceus|26\/100\n|-status|p2a: Arceus|brn\n|move|p2a: Arceus|Earthquake|p1a: Feesh\n|-supereffective|p1a: Feesh\n|-damage|p1a: Feesh|16\/100\n|\n|-damage|p2a: Arceus|20\/100 brn|[from] brn\n|upkeep\n|turn|24\n|\n|t:|1699367499\n|switch|p2a: Kyogre|Kyogre|61\/100 brn\n|-damage|p2a: Kyogre|49\/100 brn|[from] Stealth Rock\n|-weather|RainDance|[from] ability: Drizzle|[of] p2a: Kyogre\n|move|p1a: Feesh|Flamethrower|p2a: Kyogre\n|-resisted|p2a: Kyogre\n|-damage|p2a: Kyogre|38\/100 brn\n|\n|-weather|RainDance|[upkeep]\n|-damage|p2a: Kyogre|32\/100 brn|[from] brn\n|upkeep\n|turn|25\n|\n|t:|1699367503\n|switch|p1a: Crock-Pot|Skeledirge, M|39\/100\n|move|p2a: Kyogre|Origin Pulse|p1a: Crock-Pot|[miss]\n|-miss|p2a: Kyogre|p1a: Crock-Pot\n|\n|-weather|RainDance|[upkeep]\n|-heal|p1a: Crock-Pot|46\/100|[from] item: Leftovers\n|-damage|p2a: Kyogre|26\/100 brn|[from] brn\n|upkeep\n|turn|26\n|\n|t:|1699367513\n|move|p2a: Kyogre|Origin Pulse|p1a: Crock-Pot|[miss]\n|-miss|p2a: Kyogre|p1a: Crock-Pot\n|move|p1a: Crock-Pot|Night Shade|p2a: Kyogre\n|-damage|p2a: Kyogre|0 fnt\n|faint|p2a: Kyogre\n|\n|-weather|RainDance|[upkeep]\n|-heal|p1a: Crock-Pot|52\/100|[from] item: Leftovers\n|upkeep\n|\n|t:|1699367521\n|switch|p2a: Koraidon|Koraidon|100\/100\n|-damage|p2a: Koraidon|94\/100|[from] Stealth Rock\n|-weather|SunnyDay|[from] ability: Orichalcum Pulse|[of] p2a: Koraidon\n|-activate|p2a: Koraidon|Orichalcum Pulse|[source]\n|turn|27\n|\n|t:|1699367526\n|move|p2a: Koraidon|Dragon Pulse|p1a: Crock-Pot\n|-damage|p1a: Crock-Pot|28\/100\n|-damage|p2a: Koraidon|84\/100|[from] item: Life Orb\n|move|p1a: Crock-Pot|Will-O-Wisp|p2a: Koraidon|[miss]\n|-miss|p1a: Crock-Pot|p2a: Koraidon\n|\n|-weather|SunnyDay|[upkeep]\n|-heal|p1a: Crock-Pot|35\/100|[from] item: Leftovers\n|upkeep\n|turn|28\n|\n|t:|1699367542\n|switch|p2a: Giratina|Giratina|18\/100\n|-damage|p2a: Giratina|6\/100|[from] Stealth Rock\n|-ability|p2a: Giratina|Pressure\n|move|p1a: Crock-Pot|Slack Off|p1a: Crock-Pot\n|-heal|p1a: Crock-Pot|85\/100\n|\n|-weather|SunnyDay|[upkeep]\n|-heal|p1a: Crock-Pot|91\/100|[from] item: Leftovers\n|upkeep\n|turn|29\n|\n|t:|1699367545\n|move|p2a: Giratina|Thunder Wave|p1a: Crock-Pot\n|-status|p1a: Crock-Pot|par\n|cant|p1a: Crock-Pot|par\n|\n|-weather|SunnyDay|[upkeep]\n|-heal|p1a: Crock-Pot|97\/100 par|[from] item: Leftovers\n|upkeep\n|turn|30\n|\n|t:|1699367549\n|move|p2a: Giratina|Shadow Sneak|p1a: Crock-Pot\n|-supereffective|p1a: Crock-Pot\n|-damage|p1a: Crock-Pot|72\/100 par\n|cant|p1a: Crock-Pot|par\n|\n|-weather|SunnyDay|[upkeep]\n|-heal|p1a: Crock-Pot|78\/100 par|[from] item: Leftovers\n|upkeep\n|turn|31\n|\n|t:|1699367551\n|move|p2a: Giratina|Shadow Sneak|p1a: Crock-Pot\n|-supereffective|p1a: Crock-Pot\n|-damage|p1a: Crock-Pot|55\/100 par\n|move|p1a: Crock-Pot|Night Shade|p2a: Giratina\n|-damage|p2a: Giratina|0 fnt\n|faint|p2a: Giratina\n|\n|-weather|none\n|-heal|p1a: Crock-Pot|61\/100 par|[from] item: Leftovers\n|upkeep\n|\n|t:|1699367555\n|switch|p2a: Zacian|Zacian-Crowned|100\/100\n|-damage|p2a: Zacian|94\/100|[from] Stealth Rock\n|-ability|p2a: Zacian|Intrepid Sword|boost\n|-boost|p2a: Zacian|atk|1\n|turn|32\n|\n|t:|1699367558\n|move|p2a: Zacian|Play Rough|p1a: Crock-Pot\n|-resisted|p1a: Crock-Pot\n|-damage|p1a: Crock-Pot|41\/100 par\n|cant|p1a: Crock-Pot|par\n|\n|-heal|p1a: Crock-Pot|47\/100 par|[from] item: Leftovers\n|upkeep\n|turn|33\n|\n|t:|1699367562\n|move|p2a: Zacian|Behemoth Blade|p1a: Crock-Pot\n|-resisted|p1a: Crock-Pot\n|-damage|p1a: Crock-Pot|23\/100 par\n|move|p1a: Crock-Pot|Will-O-Wisp|p2a: Zacian\n|-status|p2a: Zacian|brn\n|\n|-heal|p1a: Crock-Pot|29\/100 par|[from] item: Leftovers\n|-damage|p2a: Zacian|88\/100 brn|[from] brn\n|upkeep\n|turn|34\n|\n|t:|1699367564\n|move|p2a: Zacian|Behemoth Blade|p1a: Crock-Pot\n|-resisted|p1a: Crock-Pot\n|-damage|p1a: Crock-Pot|17\/100 par\n|cant|p1a: Crock-Pot|par\n|\n|-heal|p1a: Crock-Pot|23\/100 par|[from] item: Leftovers\n|-damage|p2a: Zacian|82\/100 brn|[from] brn\n|upkeep\n|turn|35\n|\n|t:|1699367567\n|move|p2a: Zacian|Swords Dance|p2a: Zacian\n|-boost|p2a: Zacian|atk|2\n|move|p1a: Crock-Pot|Slack Off|p1a: Crock-Pot\n|-heal|p1a: Crock-Pot|73\/100 par\n|\n|-heal|p1a: Crock-Pot|79\/100 par|[from] item: Leftovers\n|-damage|p2a: Zacian|76\/100 brn|[from] brn\n|upkeep\n|turn|36\n|\n|t:|1699367571\n|move|p2a: Zacian|Swords Dance|p2a: Zacian\n|-boost|p2a: Zacian|atk|2\n|move|p1a: Crock-Pot|Night Shade|p2a: Zacian\n|-damage|p2a: Zacian|45\/100 brn\n|\n|-heal|p1a: Crock-Pot|85\/100 par|[from] item: Leftovers\n|-damage|p2a: Zacian|39\/100 brn|[from] brn\n|upkeep\n|turn|37\n|\n|t:|1699367574\n|move|p2a: Zacian|Behemoth Blade|p1a: Crock-Pot\n|-resisted|p1a: Crock-Pot\n|-damage|p1a: Crock-Pot|73\/100 par\n|move|p1a: Crock-Pot|Night Shade|p2a: Zacian\n|-damage|p2a: Zacian|8\/100 brn\n|\n|-heal|p1a: Crock-Pot|79\/100 par|[from] item: Leftovers\n|-damage|p2a: Zacian|2\/100 brn|[from] brn\n|upkeep\n|turn|38\n|\n|t:|1699367578\n|move|p2a: Zacian|Play Rough|p1a: Crock-Pot\n|-resisted|p1a: Crock-Pot\n|-damage|p1a: Crock-Pot|68\/100 par\n|-unboost|p1a: Crock-Pot|atk|1\n|move|p1a: Crock-Pot|Slack Off|p1a: Crock-Pot\n|-heal|p1a: Crock-Pot|100\/100 par\n|\n|-damage|p2a: Zacian|0 fnt|[from] brn\n|faint|p2a: Zacian\n|upkeep\n|\n|t:|1699367582\n|switch|p2a: Koraidon|Koraidon|84\/100\n|-damage|p2a: Koraidon|78\/100|[from] Stealth Rock\n|-weather|SunnyDay|[from] ability: Orichalcum Pulse|[of] p2a: Koraidon\n|-activate|p2a: Koraidon|Orichalcum Pulse|[source]\n|turn|39\n|\n|t:|1699367587\n|move|p2a: Koraidon|Flame Charge|p1a: Crock-Pot\n|-resisted|p1a: Crock-Pot\n|-damage|p1a: Crock-Pot|82\/100 par\n|-boost|p2a: Koraidon|spe|1\n|-damage|p2a: Koraidon|68\/100|[from] item: Life Orb\n|move|p1a: Crock-Pot|Will-O-Wisp|p2a: Koraidon\n|-status|p2a: Koraidon|brn\n|\n|-weather|SunnyDay|[upkeep]\n|-heal|p1a: Crock-Pot|88\/100 par|[from] item: Leftovers\n|-damage|p2a: Koraidon|62\/100 brn|[from] brn\n|upkeep\n|turn|40\n|\n|t:|1699367591\n|move|p2a: Koraidon|Flame Charge|p1a: Crock-Pot\n|-resisted|p1a: Crock-Pot\n|-damage|p1a: Crock-Pot|79\/100 par\n|-boost|p2a: Koraidon|spe|1\n|-damage|p2a: Koraidon|52\/100 brn|[from] item: Life Orb\n|move|p1a: Crock-Pot|Encore|p2a: Koraidon\n|-start|p2a: Koraidon|Encore\n|\n|-weather|SunnyDay|[upkeep]\n|-heal|p1a: Crock-Pot|85\/100 par|[from] item: Leftovers\n|-damage|p2a: Koraidon|46\/100 brn|[from] brn\n|upkeep\n|turn|41\n|-message|Gksdffsf88 forfeited.\n|\n|win|BippytheChippy\n|raw|BippytheChippy's rating: 1157 &rarr; <strong>1186<\/strong><br \/>(+29 for winning)\n|raw|Gksdffsf88's rating: 1206 &rarr; <strong>1177<\/strong><br \/>(-29 for losing)\n|l|\u2606Gksdffsf88\n","uploadtime":1699367600,"views":6,"p1id":"bippythechippy","p2id":"gksdffsf88","formatid":"gen9ubers","rating":1177,"private":0,"password":""}