{"id":"gen9ubers-1981993996","p1":"PraM12","p2":"85792195wwww","format":"[Gen 9] Ubers","log":"|j|\u2606PraM12\n|j|\u203d85792195wwww\n|t:|1698957925\n|gametype|singles\n|player|p1|PraM12|barry|1228\n|player|p2|85792195wwww|102|1421\n|teamsize|p1|6\n|teamsize|p2|6\n|gen|9\n|tier|[Gen 9] Ubers\n|rated|\n|rule|Sleep Clause Mod: Limit one foe put to sleep\n|rule|Species Clause: Limit one of each Pok\u00e9mon\n|rule|OHKO Clause: OHKO moves are banned\n|rule|Evasion Items Clause: Evasion items are banned\n|rule|Evasion Moves Clause: Evasion moves are banned\n|rule|Endless Battle Clause: Forcing endless battles is banned\n|rule|HP Percentage Mod: HP is shown in percentages\n|clearpoke\n|poke|p1|Koraidon|\n|poke|p1|Miraidon|\n|poke|p1|Ribombee, M|\n|poke|p1|Arceus|\n|poke|p1|Zacian-*|\n|poke|p1|Giratina-Origin|\n|poke|p2|Kyogre|\n|poke|p2|Zacian-*|\n|poke|p2|Arceus|\n|poke|p2|Annihilape, F|\n|poke|p2|Koraidon|\n|poke|p2|Mewtwo|\n|teampreview\n|\n|t:|1698957930\n|start\n|switch|p1a: Ribombee|Ribombee, M|100\/100\n|switch|p2a: Koraidon|Koraidon|100\/100\n|-weather|SunnyDay|[from] ability: Orichalcum Pulse|[of] p2a: Koraidon\n|-activate|p2a: Koraidon|Orichalcum Pulse|[source]\n|turn|1\n|\n|t:|1698957938\n|move|p2a: Koraidon|Dual Wingbeat|p1a: Ribombee\n|-supereffective|p1a: Ribombee\n|-damage|p1a: Ribombee|21\/100\n|-supereffective|p1a: Ribombee\n|-damage|p1a: Ribombee|0 fnt\n|faint|p1a: Ribombee\n|-hitcount|p1: Ribombee|2\n|-damage|p2a: Koraidon|91\/100|[from] item: Life Orb\n|\n|-weather|SunnyDay|[upkeep]\n|upkeep\n|\n|t:|1698957942\n|switch|p1a: Koraidon|Koraidon|100\/100\n|-activate|p1a: Koraidon|ability: Orichalcum Pulse\n|turn|2\n|\n|t:|1698957952\n|switch|p2a: Annihilape|Annihilape, F|100\/100\n|move|p1a: Koraidon|Scale Shot|p2a: Annihilape|[miss]\n|-miss|p1a: Koraidon|p2a: Annihilape\n|\n|-weather|SunnyDay|[upkeep]\n|upkeep\n|turn|3\n|\n|t:|1698957962\n|move|p1a: Koraidon|Swords Dance|p1a: Koraidon\n|-boost|p1a: Koraidon|atk|2\n|move|p2a: Annihilape|Stealth Rock|p1a: Koraidon\n|-sidestart|p1: PraM12|move: Stealth Rock\n|\n|-weather|SunnyDay|[upkeep]\n|upkeep\n|turn|4\n|\n|t:|1698957970\n|switch|p2a: Zacian|Zacian-Crowned|100\/100\n|-ability|p2a: Zacian|Intrepid Sword|boost\n|-boost|p2a: Zacian|atk|1\n|move|p1a: Koraidon|Scale Shot|p2a: Zacian\n|-immune|p2a: Zacian\n|\n|-weather|SunnyDay|[upkeep]\n|upkeep\n|turn|5\n|\n|t:|1698957984\n|-terastallize|p1a: Koraidon|Fire\n|move|p2a: Zacian|Behemoth Blade|p1a: Koraidon\n|-resisted|p1a: Koraidon\n|-damage|p1a: Koraidon|62\/100\n|move|p1a: Koraidon|Heat Crash|p2a: Zacian\n|-supereffective|p2a: Zacian\n|-damage|p2a: Zacian|0 fnt\n|faint|p2a: Zacian\n|\n|-weather|none\n|upkeep\n|\n|t:|1698957998\n|switch|p2a: Kyogre|Kyogre|100\/100\n|-weather|RainDance|[from] ability: Drizzle|[of] p2a: Kyogre\n|turn|6\n|\n|t:|1698958005\n|move|p2a: Kyogre|Water Spout|p1a: Koraidon\n|-supereffective|p1a: Koraidon\n|-damage|p1a: Koraidon|0 fnt\n|faint|p1a: Koraidon\n|\n|-weather|RainDance|[upkeep]\n|upkeep\n|\n|t:|1698958009\n|switch|p1a: Miraidon|Miraidon|100\/100\n|-damage|p1a: Miraidon|88\/100|[from] Stealth Rock\n|-fieldstart|move: Electric Terrain|[from] ability: Hadron Engine|[of] p1a: Miraidon\n|turn|7\n|\n|t:|1698958019\n|move|p2a: Kyogre|Water Spout|p1a: Miraidon\n|-resisted|p1a: Miraidon\n|-damage|p1a: Miraidon|34\/100\n|move|p1a: Miraidon|Parabolic Charge|p2a: Kyogre\n|-supereffective|p2a: Kyogre\n|-damage|p2a: Kyogre|0 fnt\n|-heal|p1a: Miraidon|84\/100|[from] drain|[of] p2a: Kyogre\n|faint|p2a: Kyogre\n|-damage|p1a: Miraidon|74\/100|[from] item: Life Orb\n|\n|-weather|RainDance|[upkeep]\n|upkeep\n|\n|t:|1698958035\n|switch|p2a: Annihilape|Annihilape, F|100\/100\n|turn|8\n|\n|t:|1698958040\n|move|p1a: Miraidon|Parabolic Charge|p2a: Annihilape\n|-damage|p2a: Annihilape|22\/100\n|-heal|p1a: Miraidon|100\/100|[from] drain|[of] p2a: Annihilape\n|-damage|p1a: Miraidon|91\/100|[from] item: Life Orb\n|move|p2a: Annihilape|Curse|p1a: Miraidon\n|-start|p1a: Miraidon|Curse|[of] p2a: Annihilape\n|-damage|p2a: Annihilape|0 fnt\n|faint|p2a: Annihilape\n|\n|-weather|RainDance|[upkeep]\n|-damage|p1a: Miraidon|66\/100|[from] Curse\n|upkeep\n|\n|t:|1698958059\n|switch|p2a: Arceus|Arceus|100\/100\n|turn|9\n|\n|t:|1698958064\n|move|p1a: Miraidon|Parabolic Charge|p2a: Arceus\n|-damage|p2a: Arceus|39\/100\n|-heal|p1a: Miraidon|99\/100|[from] drain|[of] p2a: Arceus\n|-damage|p1a: Miraidon|90\/100|[from] item: Life Orb\n|move|p2a: Arceus|Swords Dance|p2a: Arceus\n|-boost|p2a: Arceus|atk|2\n|\n|-weather|RainDance|[upkeep]\n|-damage|p1a: Miraidon|65\/100|[from] Curse\n|upkeep\n|turn|10\n|\n|t:|1698958075\n|move|p2a: Arceus|Extreme Speed|p1a: Miraidon\n|-damage|p1a: Miraidon|0 fnt\n|faint|p1a: Miraidon\n|-damage|p2a: Arceus|29\/100|[from] item: Life Orb\n|\n|-weather|none\n|upkeep\n|\n|t:|1698958079\n|switch|p1a: Giratina|Giratina-Origin|100\/100\n|-damage|p1a: Giratina|88\/100|[from] Stealth Rock\n|turn|11\n|\n|t:|1698958086\n|move|p2a: Arceus|Shadow Claw|p1a: Giratina\n|-supereffective|p1a: Giratina\n|-crit|p1a: Giratina\n|-damage|p1a: Giratina|0 fnt\n|faint|p1a: Giratina\n|-damage|p2a: Arceus|19\/100|[from] item: Life Orb\n|\n|-fieldend|move: Electric Terrain\n|upkeep\n|\n|t:|1698958091\n|switch|p1a: Arceus|Arceus|100\/100\n|-damage|p1a: Arceus|88\/100|[from] Stealth Rock\n|turn|12\n|\n|t:|1698958099\n|move|p1a: Arceus|Extreme Speed|p2a: Arceus\n|-damage|p2a: Arceus|0 fnt\n|faint|p2a: Arceus\n|-damage|p1a: Arceus|78\/100|[from] item: Life Orb\n|\n|upkeep\n|\n|t:|1698958109\n|switch|p2a: Mewtwo|Mewtwo|100\/100\n|-ability|p2a: Mewtwo|Pressure\n|turn|13\n|\n|t:|1698958118\n|move|p1a: Arceus|Swords Dance|p1a: Arceus\n|-boost|p1a: Arceus|atk|2\n|move|p2a: Mewtwo|Psystrike|p1a: Arceus\n|-damage|p1a: Arceus|15\/100\n|-damage|p2a: Mewtwo|91\/100|[from] item: Life Orb\n|\n|upkeep\n|turn|14\n|\n|t:|1698958126\n|move|p1a: Arceus|Extreme Speed|p2a: Mewtwo\n|-damage|p2a: Mewtwo|0 fnt\n|faint|p2a: Mewtwo\n|-damage|p1a: Arceus|5\/100|[from] item: Life Orb\n|\n|upkeep\n|\n|t:|1698958133\n|switch|p2a: Koraidon|Koraidon|91\/100\n|-weather|SunnyDay|[from] ability: Orichalcum Pulse|[of] p2a: Koraidon\n|-activate|p2a: Koraidon|Orichalcum Pulse|[source]\n|turn|15\n|\n|t:|1698958139\n|-terastallize|p2a: Koraidon|Ghost\n|move|p1a: Arceus|Extreme Speed|p2a: Koraidon\n|-immune|p2a: Koraidon\n|move|p2a: Koraidon|Scale Shot|p1a: Arceus\n|-damage|p1a: Arceus|0 fnt\n|faint|p1a: Arceus\n|-hitcount|p1: Arceus|1\n|-unboost|p2a: Koraidon|def|1\n|-boost|p2a: Koraidon|spe|1\n|-damage|p2a: Koraidon|81\/100|[from] item: Life Orb\n|\n|-weather|SunnyDay|[upkeep]\n|upkeep\n|\n|t:|1698958142\n|switch|p1a: Zacian|Zacian-Crowned|100\/100\n|-damage|p1a: Zacian|94\/100|[from] Stealth Rock\n|-ability|p1a: Zacian|Intrepid Sword|boost\n|-boost|p1a: Zacian|atk|1\n|turn|16\n|\n|t:|1698958159\n|move|p2a: Koraidon|Close Combat|p1a: Zacian\n|-damage|p1a: Zacian|0 fnt\n|-unboost|p2a: Koraidon|def|1\n|-unboost|p2a: Koraidon|spd|1\n|faint|p1a: Zacian\n|-damage|p2a: Koraidon|71\/100|[from] item: Life Orb\n|\n|win|85792195wwww\n|raw|PraM12's rating: 1228 &rarr; <strong>1216<\/strong><br \/>(-12 for losing)\n|raw|85792195wwww's rating: 1421 &rarr; <strong>1431<\/strong><br \/>(+10 for winning)\n|l|\u2606PraM12\n","uploadtime":1698958170,"views":5,"p1id":"pram12","p2id":"85792195wwww","formatid":"gen9ubers","rating":1216,"private":0,"password":""}