{"id":"gen9ubers-1975355797","p1":"guess the memes","p2":"Mileage","format":"[Gen 9] Ubers","log":"|j|\u2606guess the memes\n|j|\u2606Mileage\n|t:|1698182753\n|gametype|singles\n|player|p1|guess the memes|acetrainerf|\n|player|p2|Mileage|hilda|\n|teamsize|p1|6\n|teamsize|p2|6\n|gen|9\n|tier|[Gen 9] Ubers\n|rule|Sleep Clause Mod: Limit one foe put to sleep\n|rule|Species Clause: Limit one of each Pok\u00e9mon\n|rule|OHKO Clause: OHKO moves are banned\n|rule|Evasion Items Clause: Evasion items are banned\n|rule|Evasion Moves Clause: Evasion moves are banned\n|rule|Endless Battle Clause: Forcing endless battles is banned\n|rule|HP Percentage Mod: HP is shown in percentages\n|clearpoke\n|poke|p1|Magearna|\n|poke|p1|Manaphy|\n|poke|p1|Cyclizar, M|\n|poke|p1|Zacian-*|\n|poke|p1|Arceus-Poison|\n|poke|p1|Quagsire, M|\n|poke|p2|Chi-Yu|\n|poke|p2|Cyclizar, M|\n|poke|p2|Arceus-Poison|\n|poke|p2|Espathra, F|\n|poke|p2|Zacian-*|\n|poke|p2|Munkidori, M|\n|teampreview\n|\n|t:|1698182773\n|start\n|switch|p1a: Cyclizar|Cyclizar, M|100\/100\n|switch|p2a: Munkidori|Munkidori, M|100\/100\n|turn|1\n|\n|t:|1698182778\n|-terastallize|p1a: Cyclizar|Ghost\n|move|p2a: Munkidori|Fake Out|p1a: Cyclizar\n|-immune|p1a: Cyclizar\n|move|p1a: Cyclizar|Shed Tail|p1a: Cyclizar\n|-start|p1a: Cyclizar|Substitute|[from] move: Shed Tail\n|-damage|p1a: Cyclizar|50\/100\n|\n|t:|1698182795\n|switch|p1a: Magearna|Magearna|100\/100|[from] Shed Tail\n|\n|upkeep\n|turn|2\n|\n|t:|1698182811\n|move|p2a: Munkidori|U-turn|p1a: Magearna\n|-resisted|p1a: Magearna\n|-activate|p1a: Magearna|move: Substitute|[damage]\n|-damage|p2a: Munkidori|91\/100|[from] item: Life Orb\n|\n|t:|1698182815\n|switch|p2a: Cyclizar|Cyclizar, M|100\/100|[from] U-turn\n|move|p1a: Magearna|Iron Defense|p1a: Magearna\n|-boost|p1a: Magearna|def|2\n|\n|upkeep\n|turn|3\n|\n|t:|1698182825\n|move|p2a: Cyclizar|Taunt|p1a: Magearna\n|-start|p1a: Magearna|move: Taunt\n|cant|p1a: Magearna|move: Taunt|Calm Mind\n|\n|upkeep\n|turn|4\n|\n|t:|1698182831\n|move|p2a: Cyclizar|Shed Tail|p2a: Cyclizar\n|-start|p2a: Cyclizar|Substitute|[from] move: Shed Tail\n|-damage|p2a: Cyclizar|50\/100\n|\n|t:|1698182836\n|switch|p2a: Espathra|Espathra, F|100\/100|[from] Shed Tail\n|move|p1a: Magearna|Draining Kiss|p2a: Espathra\n|-end|p2a: Espathra|Substitute\n|\n|upkeep\n|turn|5\n|\n|t:|1698182844\n|move|p2a: Espathra|Substitute|p2a: Espathra\n|-start|p2a: Espathra|Substitute\n|-damage|p2a: Espathra|76\/100\n|move|p1a: Magearna|Draining Kiss|p2a: Espathra\n|-end|p2a: Espathra|Substitute\n|\n|-heal|p2a: Espathra|82\/100|[from] item: Leftovers\n|-end|p1a: Magearna|move: Taunt\n|-ability|p2a: Espathra|Speed Boost|boost\n|-boost|p2a: Espathra|spe|1\n|upkeep\n|turn|6\n|\n|t:|1698182852\n|move|p2a: Espathra|Calm Mind|p2a: Espathra\n|-boost|p2a: Espathra|spa|1\n|-boost|p2a: Espathra|spd|1\n|move|p1a: Magearna|Calm Mind|p1a: Magearna\n|-boost|p1a: Magearna|spa|1\n|-boost|p1a: Magearna|spd|1\n|\n|-heal|p2a: Espathra|88\/100|[from] item: Leftovers\n|-ability|p2a: Espathra|Speed Boost|boost\n|-boost|p2a: Espathra|spe|1\n|upkeep\n|turn|7\n|\n|t:|1698182861\n|move|p2a: Espathra|Substitute|p2a: Espathra\n|-start|p2a: Espathra|Substitute\n|-damage|p2a: Espathra|63\/100\n|move|p1a: Magearna|Calm Mind|p1a: Magearna\n|-boost|p1a: Magearna|spa|1\n|-boost|p1a: Magearna|spd|1\n|\n|-heal|p2a: Espathra|69\/100|[from] item: Leftovers\n|-ability|p2a: Espathra|Speed Boost|boost\n|-boost|p2a: Espathra|spe|1\n|upkeep\n|turn|8\n|\n|t:|1698182873\n|move|p2a: Espathra|Calm Mind|p2a: Espathra\n|-boost|p2a: Espathra|spa|1\n|-boost|p2a: Espathra|spd|1\n|move|p1a: Magearna|Calm Mind|p1a: Magearna\n|-boost|p1a: Magearna|spa|1\n|-boost|p1a: Magearna|spd|1\n|\n|-heal|p2a: Espathra|75\/100|[from] item: Leftovers\n|-ability|p2a: Espathra|Speed Boost|boost\n|-boost|p2a: Espathra|spe|1\n|upkeep\n|turn|9\n|\n|t:|1698182890\n|move|p2a: Espathra|Calm Mind|p2a: Espathra\n|-boost|p2a: Espathra|spa|1\n|-boost|p2a: Espathra|spd|1\n|move|p1a: Magearna|Calm Mind|p1a: Magearna\n|-boost|p1a: Magearna|spa|1\n|-boost|p1a: Magearna|spd|1\n|\n|-heal|p2a: Espathra|81\/100|[from] item: Leftovers\n|-ability|p2a: Espathra|Speed Boost|boost\n|-boost|p2a: Espathra|spe|1\n|upkeep\n|turn|10\n|\n|t:|1698182895\n|move|p2a: Espathra|Stored Power|p1a: Magearna\n|-resisted|p1a: Magearna\n|-end|p1a: Magearna|Substitute\n|move|p1a: Magearna|Draining Kiss|p2a: Espathra\n|-end|p2a: Espathra|Substitute\n|\n|-heal|p2a: Espathra|87\/100|[from] item: Leftovers\n|-ability|p2a: Espathra|Speed Boost|boost\n|-boost|p2a: Espathra|spe|1\n|upkeep\n|turn|11\n|\n|t:|1698182902\n|move|p2a: Espathra|Stored Power|p1a: Magearna\n|-resisted|p1a: Magearna\n|-damage|p1a: Magearna|73\/100\n|move|p1a: Magearna|Draining Kiss|p2a: Espathra\n|-damage|p2a: Espathra|57\/100\n|-heal|p1a: Magearna|97\/100|[from] drain|[of] p2a: Espathra\n|\n|-heal|p2a: Espathra|63\/100|[from] item: Leftovers\n|-heal|p1a: Magearna|100\/100|[from] item: Leftovers\n|upkeep\n|turn|12\n|\n|t:|1698182908\n|move|p2a: Espathra|Calm Mind|p2a: Espathra\n|-boost|p2a: Espathra|spa|1\n|-boost|p2a: Espathra|spd|1\n|move|p1a: Magearna|Calm Mind|p1a: Magearna\n|-boost|p1a: Magearna|spa|1\n|-boost|p1a: Magearna|spd|1\n|\n|-heal|p2a: Espathra|70\/100|[from] item: Leftovers\n|upkeep\n|turn|13\n|\n|t:|1698182913\n|move|p2a: Espathra|Calm Mind|p2a: Espathra\n|-boost|p2a: Espathra|spa|1\n|-boost|p2a: Espathra|spd|1\n|move|p1a: Magearna|Calm Mind|p1a: Magearna\n|-boost|p1a: Magearna|spa|1\n|-boost|p1a: Magearna|spd|1\n|\n|-heal|p2a: Espathra|76\/100|[from] item: Leftovers\n|upkeep\n|turn|14\n|\n|t:|1698182927\n|move|p2a: Espathra|Calm Mind|p2a: Espathra\n|-boost|p2a: Espathra|spa|1\n|-boost|p2a: Espathra|spd|1\n|move|p1a: Magearna|Iron Defense|p1a: Magearna\n|-boost|p1a: Magearna|def|2\n|\n|-heal|p2a: Espathra|82\/100|[from] item: Leftovers\n|upkeep\n|turn|15\n|\n|t:|1698182936\n|move|p2a: Espathra|Stored Power|p1a: Magearna\n|-resisted|p1a: Magearna\n|-damage|p1a: Magearna|48\/100\n|move|p1a: Magearna|Iron Defense|p1a: Magearna\n|-boost|p1a: Magearna|def|2\n|\n|-heal|p2a: Espathra|88\/100|[from] item: Leftovers\n|-heal|p1a: Magearna|54\/100|[from] item: Leftovers\n|upkeep\n|turn|16\n|\n|t:|1698182947\n|move|p2a: Espathra|Stored Power|p1a: Magearna\n|-resisted|p1a: Magearna\n|-damage|p1a: Magearna|5\/100\n|move|p1a: Magearna|Draining Kiss|p2a: Espathra\n|-damage|p2a: Espathra|62\/100\n|-heal|p1a: Magearna|26\/100|[from] drain|[of] p2a: Espathra\n|\n|-heal|p2a: Espathra|68\/100|[from] item: Leftovers\n|-heal|p1a: Magearna|32\/100|[from] item: Leftovers\n|upkeep\n|turn|17\n|\n|t:|1698182961\n|move|p2a: Espathra|Stored Power|p1a: Magearna\n|-resisted|p1a: Magearna\n|-damage|p1a: Magearna|0 fnt\n|faint|p1a: Magearna\n|\n|-heal|p2a: Espathra|74\/100|[from] item: Leftovers\n|upkeep\n|\n|t:|1698182966\n|switch|p1a: Quagsire|Quagsire, M|100\/100\n|turn|18\n|\n|t:|1698182970\n|move|p2a: Espathra|Substitute|p2a: Espathra\n|-start|p2a: Espathra|Substitute\n|-damage|p2a: Espathra|49\/100\n|move|p1a: Quagsire|Toxic||[still]\n|-fail|p1a: Quagsire\n|\n|-heal|p2a: Espathra|55\/100|[from] item: Leftovers\n|upkeep\n|turn|19\n|\n|t:|1698182977\n|move|p2a: Espathra|Stored Power|p1a: Quagsire\n|-damage|p1a: Quagsire|0 fnt\n|faint|p1a: Quagsire\n|\n|-heal|p2a: Espathra|61\/100|[from] item: Leftovers\n|upkeep\n|\n|t:|1698182983\n|switch|p1a: Arceus|Arceus-Poison|100\/100\n|turn|20\n|\n|t:|1698182986\n|move|p1a: Arceus|Extreme Speed|p2a: Espathra\n|-crit|p2a: Espathra\n|-end|p2a: Espathra|Substitute\n|move|p2a: Espathra|Stored Power|p1a: Arceus\n|-supereffective|p1a: Arceus\n|-damage|p1a: Arceus|0 fnt\n|faint|p1a: Arceus\n|\n|-heal|p2a: Espathra|67\/100|[from] item: Leftovers\n|upkeep\n|\n|t:|1698182992\n|switch|p1a: Manaphy|Manaphy|100\/100\n|turn|21\n|\n|t:|1698182998\n|move|p2a: Espathra|Stored Power|p1a: Manaphy\n|-enditem|p1a: Manaphy|Focus Sash\n|-damage|p1a: Manaphy|1\/100\n|move|p1a: Manaphy|Heart Swap|p2a: Espathra\n|-swapboost|p1a: Manaphy|p2a: Espathra|[from] move: Heart Swap\n|\n|-heal|p2a: Espathra|73\/100|[from] item: Leftovers\n|-ability|p2a: Espathra|Speed Boost|boost\n|-boost|p2a: Espathra|spe|1\n|upkeep\n|turn|22\n|\n|t:|1698183008\n|move|p1a: Manaphy|Scald|p2a: Espathra\n|-damage|p2a: Espathra|0 fnt\n|faint|p2a: Espathra\n|\n|upkeep\n|\n|t:|1698183011\n|switch|p2a: Munkidori|Munkidori, M|91\/100\n|turn|23\n|\n|t:|1698183017\n|switch|p1a: Cyclizar|Cyclizar, M, tera:Ghost|83\/100\n|move|p2a: Munkidori|U-turn|p1a: Cyclizar\n|-resisted|p1a: Cyclizar\n|-damage|p1a: Cyclizar|71\/100\n|-damage|p2a: Munkidori|81\/100|[from] item: Life Orb\n|\n|t:|1698183020\n|switch|p2a: Chi-Yu|Chi-Yu|100\/100|[from] U-turn\n|-ability|p2a: Chi-Yu|Beads of Ruin\n|\n|upkeep\n|turn|24\n|\n|t:|1698183030\n|-terastallize|p2a: Chi-Yu|Fire\n|move|p1a: Cyclizar|Shed Tail|p1a: Cyclizar\n|-start|p1a: Cyclizar|Substitute|[from] move: Shed Tail\n|-damage|p1a: Cyclizar|20\/100\n|\n|t:|1698183035\n|switch|p1a: Manaphy|Manaphy|1\/100|[from] Shed Tail\n|move|p2a: Chi-Yu|Overheat|p1a: Manaphy\n|-resisted|p1a: Manaphy\n|-end|p1a: Manaphy|Substitute\n|-unboost|p2a: Chi-Yu|spa|2\n|\n|upkeep\n|turn|25\n|\n|t:|1698183041\n|move|p2a: Chi-Yu|Overheat|p1a: Manaphy\n|-resisted|p1a: Manaphy\n|-damage|p1a: Manaphy|0 fnt\n|-unboost|p2a: Chi-Yu|spa|2\n|faint|p1a: Manaphy\n|\n|upkeep\n|\n|t:|1698183054\n|switch|p1a: Zacian|Zacian|100\/100\n|-ability|p1a: Zacian|Intrepid Sword|boost\n|-boost|p1a: Zacian|atk|1\n|turn|26\n|\n|t:|1698183058\n|switch|p2a: Arceus|Arceus-Poison|100\/100\n|move|p1a: Zacian|Close Combat|p2a: Arceus\n|-resisted|p2a: Arceus\n|-damage|p2a: Arceus|80\/100\n|-unboost|p1a: Zacian|def|1\n|-unboost|p1a: Zacian|spd|1\n|\n|upkeep\n|turn|27\n|\n|t:|1698183070\n|switch|p1a: Cyclizar|Cyclizar, M, tera:Ghost|54\/100\n|move|p2a: Arceus|Earthquake|p1a: Cyclizar\n|-damage|p1a: Cyclizar|0 fnt\n|faint|p1a: Cyclizar\n|\n|upkeep\n|\n|t:|1698183076\n|switch|p1a: Zacian|Zacian|100\/100\n|turn|28\n|\n|t:|1698183079\n|move|p1a: Zacian|Close Combat|p2a: Arceus\n|-resisted|p2a: Arceus\n|-damage|p2a: Arceus|67\/100\n|-unboost|p1a: Zacian|def|1\n|-unboost|p1a: Zacian|spd|1\n|move|p2a: Arceus|Poison Jab|p1a: Zacian\n|-supereffective|p1a: Zacian\n|-damage|p1a: Zacian|0 fnt\n|faint|p1a: Zacian\n|\n|win|Mileage\n|l|\u2606guess the memes\n|l|\u2606Mileage\n|j|\u2606guess the memes\n|player|p1|guess the memes|acetrainerf\n|l|\u2606guess the memes\n|player|p1|\n|j|\u2606guess the memes\n|player|p1|guess the memes|acetrainerf\n|l|\u2606guess the memes\n|player|p1|\n|j|\u2606guess the memes\n|player|p1|guess the memes|acetrainerf\n","uploadtime":1698183084,"views":43,"p1id":"guessthememes","p2id":"mileage","formatid":"gen9ubers","rating":0,"private":0,"password":""}