{"id":"gen9ubers-1989267129","p1":"silastf","p2":"thavage","format":"[Gen 9] Ubers","log":"|j|\u2606silastf\n|j|\u2606thavage\n|t:|1699829833\n|gametype|singles\n|player|p1|silastf|266|\n|player|p2|thavage|2|\n|teamsize|p1|6\n|teamsize|p2|6\n|gen|9\n|tier|[Gen 9] Ubers\n|rule|Sleep Clause Mod: Limit one foe put to sleep\n|rule|Species Clause: Limit one of each Pok\u00e9mon\n|rule|OHKO Clause: OHKO moves are banned\n|rule|Evasion Items Clause: Evasion items are banned\n|rule|Evasion Moves Clause: Evasion moves are banned\n|rule|Endless Battle Clause: Forcing endless battles is banned\n|rule|HP Percentage Mod: HP is shown in percentages\n|clearpoke\n|poke|p1|Greninja-*, F|\n|poke|p1|Garchomp, M|\n|poke|p1|Infernape, F|\n|poke|p1|Leavanny, F|\n|poke|p1|Spiritomb, M|\n|poke|p1|Corviknight, M|\n|poke|p2|Munkidori, M|\n|poke|p2|Kleavor, M|\n|poke|p2|Espathra, M|\n|poke|p2|Thundurus-Therian, M|\n|poke|p2|Annihilape, F|\n|poke|p2|Dipplin, M|\n|teampreview\n|\n|t:|1699829905\n|start\n|switch|p1a: Infernape|Infernape, F|100\/100\n|switch|p2a: kleavmealone|Kleavor, M|100\/100\n|turn|1\n|j| Yveltql\n|\n|t:|1699829913\n|move|p1a: Infernape|Fire Punch|p2a: kleavmealone\n|-damage|p2a: kleavmealone|49\/100\n|move|p2a: kleavmealone|Stone Axe|p1a: Infernape\n|-damage|p1a: Infernape|14\/100\n|-sidestart|p1: silastf|move: Stealth Rock\n|\n|upkeep\n|turn|2\n|j| Ghantist\n|j| SunShinyReys\n|j| iceberg149\n|j| DivogoJota\n|\n|t:|1699829925\n|move|p1a: Infernape|Fire Punch|p2a: kleavmealone\n|-damage|p2a: kleavmealone|0 fnt\n|faint|p2a: kleavmealone\n|\n|upkeep\n|\n|t:|1699829932\n|switch|p2a: espathranos|Espathra, M|100\/100\n|turn|3\n|j| justinrockin\n|\n|t:|1699829970\n|move|p1a: Infernape|Fire Punch|p2a: espathranos\n|-damage|p2a: espathranos|38\/100\n|move|p2a: espathranos|Substitute|p2a: espathranos\n|-start|p2a: espathranos|Substitute\n|-damage|p2a: espathranos|13\/100\n|\n|-heal|p2a: espathranos|19\/100|[from] item: Leftovers\n|-ability|p2a: espathranos|Speed Boost|boost\n|-boost|p2a: espathranos|spe|1\n|upkeep\n|turn|4\n|j| hatev2\n|\n|t:|1699829983\n|move|p1a: Infernape|Fire Punch|p2a: espathranos\n|-end|p2a: espathranos|Substitute\n|move|p2a: espathranos|Stored Power|p1a: Infernape\n|-supereffective|p1a: Infernape\n|-damage|p1a: Infernape|0 fnt\n|faint|p1a: Infernape\n|\n|-heal|p2a: espathranos|25\/100|[from] item: Leftovers\n|-ability|p2a: espathranos|Speed Boost|boost\n|-boost|p2a: espathranos|spe|1\n|upkeep\n|\n|t:|1699829992\n|switch|p1a: Greninja|Greninja, F|100\/100\n|-damage|p1a: Greninja|88\/100|[from] Stealth Rock\n|turn|5\n|\n|t:|1699830014\n|switch|p2a: coomgoobler|Dipplin, M, shiny|100\/100\n|move|p1a: Greninja|U-turn|p2a: coomgoobler\n|-start|p1a: Greninja|typechange|Bug|[from] ability: Protean\n|-supereffective|p2a: coomgoobler\n|-damage|p2a: coomgoobler|74\/100\n|\n|t:|1699830021\n|switch|p1a: Garchomp|Garchomp, M|100\/100|[from] U-turn\n|-damage|p1a: Garchomp|94\/100|[from] Stealth Rock\n|\n|-heal|p1a: Garchomp|100\/100|[from] item: Leftovers\n|upkeep\n|turn|6\n|\n|t:|1699830038\n|-terastallize|p2a: coomgoobler|Fairy\n|move|p1a: Garchomp|Outrage|p2a: coomgoobler\n|-immune|p2a: coomgoobler\n|move|p2a: coomgoobler|Sunny Day|p2a: coomgoobler\n|-weather|SunnyDay\n|\n|-weather|SunnyDay|[upkeep]\n|upkeep\n|turn|7\n|c|\u2606thavage|ruh roh\n|c|\u2606silastf|opf\n|c| hatev2|ruht roh raggy\n|l| hatev2\n|j| hatev2\n|\n|t:|1699830086\n|switch|p1a: Corviknight|Corviknight, M|100\/100\n|-damage|p1a: Corviknight|88\/100|[from] Stealth Rock\n|-ability|p1a: Corviknight|Pressure\n|move|p2a: coomgoobler|Growth|p2a: coomgoobler\n|-boost|p2a: coomgoobler|atk|2\n|-boost|p2a: coomgoobler|spa|2\n|\n|-weather|SunnyDay|[upkeep]\n|-heal|p1a: Corviknight|94\/100|[from] item: Leftovers\n|upkeep\n|turn|8\n|c|\u2606silastf|might be ggs\n|\n|t:|1699830107\n|move|p1a: Corviknight|Brave Bird|p2a: coomgoobler\n|-damage|p2a: coomgoobler|57\/100\n|-damage|p1a: Corviknight|89\/100|[from] Recoil\n|move|p2a: coomgoobler|Giga Drain|p1a: Corviknight\n|-resisted|p1a: Corviknight\n|-damage|p1a: Corviknight|76\/100\n|-heal|p2a: coomgoobler|64\/100|[from] drain|[of] p1a: Corviknight\n|\n|-weather|SunnyDay|[upkeep]\n|-heal|p1a: Corviknight|83\/100|[from] item: Leftovers\n|upkeep\n|turn|9\n|\n|t:|1699830118\n|move|p1a: Corviknight|Brave Bird|p2a: coomgoobler\n|-crit|p2a: coomgoobler\n|-damage|p2a: coomgoobler|39\/100\n|-damage|p1a: Corviknight|75\/100|[from] Recoil\n|move|p2a: coomgoobler|Growth|p2a: coomgoobler\n|-boost|p2a: coomgoobler|atk|2\n|-boost|p2a: coomgoobler|spa|2\n|\n|-weather|SunnyDay|[upkeep]\n|-heal|p1a: Corviknight|81\/100|[from] item: Leftovers\n|upkeep\n|turn|10\n|\n|t:|1699830129\n|move|p1a: Corviknight|Brave Bird|p2a: coomgoobler\n|-damage|p2a: coomgoobler|21\/100\n|-damage|p1a: Corviknight|76\/100|[from] Recoil\n|move|p2a: coomgoobler|Giga Drain|p1a: Corviknight\n|-resisted|p1a: Corviknight\n|-damage|p1a: Corviknight|59\/100\n|-heal|p2a: coomgoobler|30\/100|[from] drain|[of] p1a: Corviknight\n|\n|-weather|none\n|-heal|p1a: Corviknight|66\/100|[from] item: Leftovers\n|upkeep\n|turn|11\n|\n|t:|1699830146\n|move|p1a: Corviknight|Brave Bird|p2a: coomgoobler\n|-damage|p2a: coomgoobler|12\/100\n|-damage|p1a: Corviknight|60\/100|[from] Recoil\n|move|p2a: coomgoobler|Growth|p2a: coomgoobler\n|-boost|p2a: coomgoobler|atk|1\n|-boost|p2a: coomgoobler|spa|1\n|\n|-heal|p1a: Corviknight|66\/100|[from] item: Leftovers\n|upkeep\n|turn|12\n|\n|t:|1699830155\n|move|p1a: Corviknight|Brave Bird|p2a: coomgoobler\n|-damage|p2a: coomgoobler|0 fnt\n|faint|p2a: coomgoobler\n|-damage|p1a: Corviknight|63\/100|[from] Recoil\n|\n|-heal|p1a: Corviknight|69\/100|[from] item: Leftovers\n|upkeep\n|\n|t:|1699830174\n|switch|p2a: albertroidstein|Annihilape, F|100\/100\n|turn|13\n|\n|t:|1699830185\n|move|p2a: albertroidstein|Bulk Up|p2a: albertroidstein\n|-boost|p2a: albertroidstein|atk|1\n|-boost|p2a: albertroidstein|def|1\n|move|p1a: Corviknight|Brave Bird|p2a: albertroidstein\n|-supereffective|p2a: albertroidstein\n|-damage|p2a: albertroidstein|50\/100\n|-damage|p1a: Corviknight|52\/100|[from] Recoil\n|\n|-heal|p2a: albertroidstein|56\/100|[from] item: Leftovers\n|-heal|p1a: Corviknight|58\/100|[from] item: Leftovers\n|upkeep\n|turn|14\n|\n|t:|1699830197\n|switch|p1a: Spiritomb|Spiritomb, M|100\/100\n|-damage|p1a: Spiritomb|88\/100|[from] Stealth Rock\n|move|p2a: albertroidstein|Drain Punch|p1a: Spiritomb\n|-immune|p1a: Spiritomb\n|\n|-heal|p2a: albertroidstein|62\/100|[from] item: Leftovers\n|-heal|p1a: Spiritomb|94\/100|[from] item: Leftovers\n|upkeep\n|turn|15\n|\n|t:|1699830211\n|-terastallize|p1a: Spiritomb|Dark\n|move|p2a: albertroidstein|Rage Fist|p1a: Spiritomb\n|-resisted|p1a: Spiritomb\n|-damage|p1a: Spiritomb|65\/100\n|move|p1a: Spiritomb|Poltergeist|p2a: albertroidstein\n|-activate|p2a: albertroidstein|move: Poltergeist|Leftovers\n|-supereffective|p2a: albertroidstein\n|-damage|p2a: albertroidstein|0 fnt\n|faint|p2a: albertroidstein\n|\n|-heal|p1a: Spiritomb|71\/100|[from] item: Leftovers\n|upkeep\n|c|\u2606thavage|absolutely juked\n|\n|t:|1699830233\n|switch|p2a: pissinrain|Thundurus-Therian, M|100\/100\n|turn|16\n|\n|t:|1699830239\n|move|p2a: pissinrain|Nasty Plot|p2a: pissinrain\n|-boost|p2a: pissinrain|spa|2\n|move|p1a: Spiritomb|Rock Tomb|p2a: pissinrain\n|-supereffective|p2a: pissinrain\n|-damage|p2a: pissinrain|44\/100\n|-unboost|p2a: pissinrain|spe|1\n|\n|-heal|p1a: Spiritomb|77\/100|[from] item: Leftovers\n|upkeep\n|turn|17\n|\n|t:|1699830253\n|move|p2a: pissinrain|Thunderbolt|p1a: Spiritomb\n|-damage|p1a: Spiritomb|0 fnt\n|faint|p1a: Spiritomb\n|\n|upkeep\n|\n|t:|1699830260\n|switch|p1a: Greninja|Greninja, F|88\/100\n|-damage|p1a: Greninja|76\/100|[from] Stealth Rock\n|turn|18\n|\n|t:|1699830266\n|move|p1a: Greninja|Ice Punch|p2a: pissinrain\n|-start|p1a: Greninja|typechange|Ice|[from] ability: Protean\n|-supereffective|p2a: pissinrain\n|-damage|p2a: pissinrain|0 fnt\n|faint|p2a: pissinrain\n|\n|upkeep\n|\n|t:|1699830274\n|switch|p2a: bongdropper|Munkidori, M|100\/100\n|turn|19\n|\n|t:|1699830288\n|switch|p1a: Corviknight|Corviknight, M|58\/100\n|-damage|p1a: Corviknight|45\/100|[from] Stealth Rock\n|-ability|p1a: Corviknight|Pressure\n|move|p2a: bongdropper|Sludge Wave|p1a: Corviknight\n|-immune|p1a: Corviknight\n|\n|-heal|p1a: Corviknight|52\/100|[from] item: Leftovers\n|upkeep\n|turn|20\n|\n|t:|1699830307\n|move|p2a: bongdropper|Psychic|p1a: Corviknight\n|-resisted|p1a: Corviknight\n|-damage|p1a: Corviknight|29\/100\n|move|p1a: Corviknight|Brave Bird|p2a: bongdropper\n|-damage|p2a: bongdropper|42\/100\n|-damage|p1a: Corviknight|13\/100|[from] Recoil\n|\n|-heal|p2a: bongdropper|48\/100|[from] item: Black Sludge\n|-heal|p1a: Corviknight|20\/100|[from] item: Leftovers\n|upkeep\n|turn|21\n|\n|t:|1699830317\n|move|p2a: bongdropper|Psychic|p1a: Corviknight\n|-resisted|p1a: Corviknight\n|-damage|p1a: Corviknight|0 fnt\n|faint|p1a: Corviknight\n|\n|-heal|p2a: bongdropper|53\/100|[from] item: Black Sludge\n|upkeep\n|\n|t:|1699830320\n|switch|p1a: Leavanny|Leavanny, F|100\/100\n|-damage|p1a: Leavanny|75\/100|[from] Stealth Rock\n|turn|22\n|\n|t:|1699830327\n|move|p2a: bongdropper|Sludge Wave|p1a: Leavanny\n|-supereffective|p1a: Leavanny\n|-damage|p1a: Leavanny|0 fnt\n|faint|p1a: Leavanny\n|\n|-heal|p2a: bongdropper|59\/100|[from] item: Black Sludge\n|upkeep\n|\n|t:|1699830335\n|switch|p1a: Greninja|Greninja, F|76\/100\n|-damage|p1a: Greninja|64\/100|[from] Stealth Rock\n|turn|23\n|\n|t:|1699830342\n|move|p1a: Greninja|U-turn|p2a: bongdropper\n|-start|p1a: Greninja|typechange|Bug|[from] ability: Protean\n|-damage|p2a: bongdropper|11\/100\n|\n|t:|1699830346\n|switch|p1a: Garchomp|Garchomp, M|100\/100|[from] U-turn\n|-damage|p1a: Garchomp|94\/100|[from] Stealth Rock\n|move|p2a: bongdropper|Sludge Wave|p1a: Garchomp\n|-resisted|p1a: Garchomp\n|-damage|p1a: Garchomp|67\/100\n|\n|-heal|p2a: bongdropper|17\/100|[from] item: Black Sludge\n|-heal|p1a: Garchomp|73\/100|[from] item: Leftovers\n|upkeep\n|turn|24\n|\n|t:|1699830362\n|move|p2a: bongdropper|Psychic|p1a: Garchomp\n|-damage|p1a: Garchomp|26\/100\n|-status|p1a: Garchomp|tox|[from] ability: Toxic Chain|[of] p2a: bongdropper\n|move|p1a: Garchomp|Outrage|p2a: bongdropper\n|-damage|p2a: bongdropper|0 fnt\n|faint|p2a: bongdropper\n|\n|-heal|p1a: Garchomp|32\/100 tox|[from] item: Leftovers\n|-damage|p1a: Garchomp|26\/100 tox|[from] psn\n|upkeep\n|\n|t:|1699830372\n|switch|p2a: espathranos|Espathra, M|25\/100\n|turn|25\n|\n|t:|1699830375\n|move|p2a: espathranos|Roost|p2a: espathranos\n|-heal|p2a: espathranos|75\/100\n|-singleturn|p2a: espathranos|move: Roost\n|move|p1a: Garchomp|Outrage|p2a: espathranos|[from]lockedmove\n|-damage|p2a: espathranos|0 fnt\n|faint|p2a: espathranos\n|-start|p1a: Garchomp|confusion|[fatigue]\n|\n|win|silastf\n|c|\u2606silastf|gg\n|c|\u2606thavage|gg\n|c|\u2606silastf|well played man\n|c| DivogoJota|gg\n","uploadtime":1699830393,"views":61,"p1id":"silastf","p2id":"thavage","formatid":"gen9ubers","rating":0,"private":0,"password":""}