{"id":"gen9ubers-1982181428","p1":"Underhours","p2":"OreoMan789","format":"[Gen 9] Ubers","log":"|j|\u2606Underhours\n|j|\u2606OreoMan789\n|t:|1698976366\n|gametype|singles\n|player|p1|Underhours|erika-gen2|\n|player|p2|OreoMan789|101|\n|teamsize|p1|6\n|teamsize|p2|6\n|gen|9\n|tier|[Gen 9] Ubers\n|rule|Sleep Clause Mod: Limit one foe put to sleep\n|rule|Species Clause: Limit one of each Pok\u00e9mon\n|rule|OHKO Clause: OHKO moves are banned\n|rule|Evasion Items Clause: Evasion items are banned\n|rule|Evasion Moves Clause: Evasion moves are banned\n|rule|Endless Battle Clause: Forcing endless battles is banned\n|rule|HP Percentage Mod: HP is shown in percentages\n|clearpoke\n|poke|p1|Torkoal, F|\n|poke|p1|Hatterene, F|\n|poke|p1|Chi-Yu|\n|poke|p1|Walking Wake|\n|poke|p1|Zacian-*|\n|poke|p1|Arceus-Fire|\n|poke|p2|Palkia-Origin|\n|poke|p2|Fezandipiti, M|\n|poke|p2|Zamazenta-*|\n|poke|p2|Espathra, F|\n|poke|p2|Ursaluna, M|\n|poke|p2|Giratina|\n|teampreview\n|\n|t:|1698976381\n|start\n|switch|p1a: Torkoal|Torkoal, F|100\/100\n|switch|p2a: Fezandipiti|Fezandipiti, M|100\/100\n|-weather|SunnyDay|[from] ability: Drought|[of] p1a: Torkoal\n|turn|1\n|\n|t:|1698976391\n|move|p2a: Fezandipiti|Beat Up|p1a: Torkoal\n|-damage|p1a: Torkoal|98\/100\n|-status|p1a: Torkoal|tox|[from] ability: Toxic Chain|[of] p2a: Fezandipiti\n|-damage|p1a: Torkoal|96\/100 tox\n|-damage|p1a: Torkoal|93\/100 tox\n|-damage|p1a: Torkoal|91\/100 tox\n|-damage|p1a: Torkoal|89\/100 tox\n|-damage|p1a: Torkoal|87\/100 tox\n|-hitcount|p1a: Torkoal|6\n|move|p1a: Torkoal|Stealth Rock|p2a: Fezandipiti\n|-sidestart|p2: OreoMan789|move: Stealth Rock\n|\n|-weather|SunnyDay|[upkeep]\n|-damage|p1a: Torkoal|80\/100 tox|[from] psn\n|upkeep\n|turn|2\n|\n|t:|1698976442\n|switch|p2a: Palkia|Palkia-Origin, shiny|100\/100\n|-damage|p2a: Palkia|88\/100|[from] Stealth Rock\n|-ability|p2a: Palkia|Pressure\n|move|p1a: Torkoal|Yawn|p2a: Palkia\n|-start|p2a: Palkia|move: Yawn|[of] p1a: Torkoal\n|\n|-weather|SunnyDay|[upkeep]\n|-damage|p1a: Torkoal|68\/100 tox|[from] psn\n|upkeep\n|turn|3\n|\n|t:|1698976452\n|switch|p2a: Ursaluna|Ursaluna, M, shiny|100\/100\n|-damage|p2a: Ursaluna|94\/100|[from] Stealth Rock\n|switch|p1a: Hatterene|Hatterene, F|100\/100\n|\n|-weather|SunnyDay|[upkeep]\n|-status|p2a: Ursaluna|brn|[from] item: Flame Orb\n|upkeep\n|turn|4\n|\n|t:|1698976486\n|move|p2a: Ursaluna|Facade|p1a: Hatterene\n|-damage|p1a: Hatterene|0 fnt\n|faint|p1a: Hatterene\n|\n|-weather|SunnyDay|[upkeep]\n|-damage|p2a: Ursaluna|88\/100 brn|[from] brn\n|upkeep\n|\n|t:|1698976490\n|switch|p1a: Walking Wake|Walking Wake|100\/100\n|-activate|p1a: Walking Wake|ability: Protosynthesis\n|-start|p1a: Walking Wake|protosynthesisspe\n|turn|5\n|\n|t:|1698976524\n|switch|p2a: Fezandipiti|Fezandipiti, M|100\/100\n|-damage|p2a: Fezandipiti|88\/100|[from] Stealth Rock\n|move|p1a: Walking Wake|Hydro Steam|p2a: Fezandipiti\n|-damage|p2a: Fezandipiti|28\/100\n|\n|-weather|SunnyDay|[upkeep]\n|-heal|p2a: Fezandipiti|34\/100|[from] item: Black Sludge\n|upkeep\n|turn|6\n|\n|t:|1698976540\n|-end|p1a: Walking Wake|Protosynthesis|[silent]\n|switch|p1a: Zacian|Zacian|100\/100\n|-ability|p1a: Zacian|Intrepid Sword|boost\n|-boost|p1a: Zacian|atk|1\n|move|p2a: Fezandipiti|Protect||[still]\n|-fail|p2a: Fezandipiti\n|\n|-weather|SunnyDay|[upkeep]\n|-heal|p2a: Fezandipiti|41\/100|[from] item: Black Sludge\n|upkeep\n|turn|7\n|\n|t:|1698976558\n|move|p1a: Zacian|Swords Dance|p1a: Zacian\n|-boost|p1a: Zacian|atk|2\n|move|p2a: Fezandipiti|Beat Up|p1a: Zacian\n|-resisted|p1a: Zacian\n|-damage|p1a: Zacian|99\/100\n|-resisted|p1a: Zacian\n|-damage|p1a: Zacian|97\/100\n|-resisted|p1a: Zacian\n|-damage|p1a: Zacian|96\/100\n|-resisted|p1a: Zacian\n|-damage|p1a: Zacian|94\/100\n|-resisted|p1a: Zacian\n|-damage|p1a: Zacian|92\/100\n|-status|p1a: Zacian|tox|[from] ability: Toxic Chain|[of] p2a: Fezandipiti\n|-hitcount|p1a: Zacian|5\n|\n|-weather|SunnyDay|[upkeep]\n|-heal|p2a: Fezandipiti|47\/100|[from] item: Black Sludge\n|-damage|p1a: Zacian|86\/100 tox|[from] psn\n|upkeep\n|turn|8\n|\n|t:|1698976606\n|-terastallize|p1a: Zacian|Ground\n|move|p1a: Zacian|Tera Blast|p2a: Fezandipiti|[anim] Tera Blast Ground\n|-supereffective|p2a: Fezandipiti\n|-damage|p2a: Fezandipiti|0 fnt\n|faint|p2a: Fezandipiti\n|\n|-weather|none\n|-damage|p1a: Zacian|74\/100 tox|[from] psn\n|upkeep\n|\n|t:|1698976623\n|switch|p2a: Giratina|Giratina, shiny|100\/100\n|-damage|p2a: Giratina|88\/100|[from] Stealth Rock\n|-ability|p2a: Giratina|Pressure\n|turn|9\n|\n|t:|1698976631\n|move|p2a: Giratina|Protect|p2a: Giratina\n|-singleturn|p2a: Giratina|Protect\n|move|p1a: Zacian|Play Rough|p2a: Giratina\n|-activate|p2a: Giratina|move: Protect\n|\n|-heal|p2a: Giratina|94\/100|[from] item: Leftovers\n|-damage|p1a: Zacian|56\/100 tox|[from] psn\n|upkeep\n|turn|10\n|\n|t:|1698976656\n|switch|p1a: Chi-Yu|Chi-Yu|100\/100\n|-ability|p1a: Chi-Yu|Beads of Ruin\n|move|p2a: Giratina|Shadow Force||[still]\n|-prepare|p2a: Giratina|Shadow Force\n|\n|-heal|p2a: Giratina|99\/100|[from] item: Leftovers\n|upkeep\n|turn|11\n|\n|t:|1698976667\n|switch|p1a: Torkoal|Torkoal, F|68\/100 tox\n|-weather|SunnyDay|[from] ability: Drought|[of] p1a: Torkoal\n|move|p2a: Giratina|Shadow Force|p1a: Torkoal|[from]lockedmove\n|-damage|p1a: Torkoal|45\/100 tox\n|\n|-weather|SunnyDay|[upkeep]\n|-heal|p2a: Giratina|100\/100|[from] item: Leftovers\n|-damage|p1a: Torkoal|39\/100 tox|[from] psn\n|upkeep\n|turn|12\n|\n|t:|1698976685\n|switch|p1a: Zacian|Zacian, tera:Ground|56\/100 tox\n|move|p2a: Giratina|Defog|p1a: Zacian\n|-unboost|p1a: Zacian|evasion|1\n|-sideend|p2: OreoMan789|Stealth Rock|[from] move: Defog|[of] p2a: Giratina\n|\n|-weather|SunnyDay|[upkeep]\n|-damage|p1a: Zacian|49\/100 tox|[from] psn\n|upkeep\n|turn|13\n|\n|t:|1698976700\n|move|p1a: Zacian|Swords Dance|p1a: Zacian\n|-boost|p1a: Zacian|atk|2\n|move|p2a: Giratina|Shadow Force||[still]\n|-prepare|p2a: Giratina|Shadow Force\n|\n|-weather|SunnyDay|[upkeep]\n|-damage|p1a: Zacian|37\/100 tox|[from] psn\n|upkeep\n|turn|14\n|\n|t:|1698976714\n|move|p1a: Zacian|Swords Dance|p1a: Zacian\n|-boost|p1a: Zacian|atk|2\n|move|p2a: Giratina|Shadow Force|p1a: Zacian|[from]lockedmove\n|-damage|p1a: Zacian|0 fnt\n|faint|p1a: Zacian\n|\n|-weather|SunnyDay|[upkeep]\n|upkeep\n|\n|t:|1698976717\n|switch|p1a: Chi-Yu|Chi-Yu|100\/100\n|-ability|p1a: Chi-Yu|Beads of Ruin\n|turn|15\n|\n|t:|1698976742\n|move|p2a: Giratina|Protect|p2a: Giratina\n|-singleturn|p2a: Giratina|Protect\n|move|p1a: Chi-Yu|Dark Pulse|p2a: Giratina\n|-activate|p2a: Giratina|move: Protect\n|\n|-weather|SunnyDay|[upkeep]\n|upkeep\n|turn|16\n|\n|t:|1698976754\n|switch|p1a: Walking Wake|Walking Wake|100\/100\n|-activate|p1a: Walking Wake|ability: Protosynthesis\n|-start|p1a: Walking Wake|protosynthesisspe\n|switch|p2a: Zamazenta|Zamazenta-Crowned, shiny|100\/100\n|-ability|p2a: Zamazenta|Dauntless Shield|boost\n|-boost|p2a: Zamazenta|def|1\n|\n|-weather|SunnyDay|[upkeep]\n|upkeep\n|turn|17\n|\n|t:|1698976760\n|switch|p2a: Giratina|Giratina, shiny|100\/100\n|-ability|p2a: Giratina|Pressure\n|move|p1a: Walking Wake|Flamethrower|p2a: Giratina\n|-resisted|p2a: Giratina\n|-damage|p2a: Giratina|86\/100\n|\n|-weather|SunnyDay|[upkeep]\n|-heal|p2a: Giratina|92\/100|[from] item: Leftovers\n|upkeep\n|turn|18\n|\n|t:|1698976809\n|-end|p1a: Walking Wake|Protosynthesis|[silent]\n|switch|p1a: Arceus|Arceus-Fire|100\/100\n|move|p2a: Giratina|Protect||[still]\n|-fail|p2a: Giratina\n|\n|-weather|none\n|-heal|p2a: Giratina|99\/100|[from] item: Leftovers\n|upkeep\n|turn|19\n|\n|t:|1698976827\n|switch|p2a: Palkia|Palkia-Origin, shiny|88\/100\n|-ability|p2a: Palkia|Pressure\n|move|p1a: Arceus|Dragon Dance|p1a: Arceus\n|-boost|p1a: Arceus|atk|1\n|-boost|p1a: Arceus|spe|1\n|\n|upkeep\n|turn|20\n|\n|t:|1698976835\n|move|p1a: Arceus|Dragon Claw|p2a: Palkia\n|-supereffective|p2a: Palkia\n|-damage|p2a: Palkia|0 fnt\n|faint|p2a: Palkia\n|\n|upkeep\n|\n|t:|1698976842\n|switch|p2a: Espathra|Espathra, F, shiny|100\/100\n|turn|21\n|\n|t:|1698976864\n|move|p2a: Espathra|Protect|p2a: Espathra\n|-singleturn|p2a: Espathra|Protect\n|move|p1a: Arceus|Dragon Dance|p1a: Arceus\n|-boost|p1a: Arceus|atk|1\n|-boost|p1a: Arceus|spe|1\n|\n|-ability|p2a: Espathra|Speed Boost|boost\n|-boost|p2a: Espathra|spe|1\n|upkeep\n|turn|22\n|\n|t:|1698976903\n|move|p1a: Arceus|Flare Blitz|p2a: Espathra\n|-crit|p2a: Espathra\n|-damage|p2a: Espathra|0 fnt\n|faint|p2a: Espathra\n|-damage|p1a: Arceus|70\/100|[from] Recoil\n|\n|upkeep\n|\n|t:|1698976906\n|switch|p2a: Giratina|Giratina, shiny|99\/100\n|-ability|p2a: Giratina|Pressure\n|turn|23\n|\n|t:|1698976925\n|move|p1a: Arceus|Dragon Claw|p2a: Giratina\n|-supereffective|p2a: Giratina\n|-damage|p2a: Giratina|27\/100\n|move|p2a: Giratina|Shadow Force||[still]\n|-prepare|p2a: Giratina|Shadow Force\n|\n|-heal|p2a: Giratina|34\/100|[from] item: Leftovers\n|upkeep\n|turn|24\n|\n|t:|1698976932\n|move|p1a: Arceus|Recover|p1a: Arceus\n|-heal|p1a: Arceus|100\/100\n|move|p2a: Giratina|Shadow Force|p1a: Arceus|[from]lockedmove\n|-damage|p1a: Arceus|73\/100\n|\n|-heal|p2a: Giratina|40\/100|[from] item: Leftovers\n|upkeep\n|turn|25\n|\n|t:|1698976941\n|move|p1a: Arceus|Dragon Claw|p2a: Giratina\n|-supereffective|p2a: Giratina\n|-damage|p2a: Giratina|0 fnt\n|faint|p2a: Giratina\n|\n|upkeep\n|\n|t:|1698976943\n|switch|p2a: Zamazenta|Zamazenta-Crowned, shiny|100\/100\n|turn|26\n|\n|t:|1698976947\n|-terastallize|p2a: Zamazenta|Normal\n|move|p1a: Arceus|Flare Blitz|p2a: Zamazenta\n|-damage|p2a: Zamazenta|0 fnt\n|faint|p2a: Zamazenta\n|-damage|p1a: Arceus|45\/100|[from] Recoil\n|\n|upkeep\n|\n|t:|1698976950\n|switch|p2a: Ursaluna|Ursaluna, M, shiny|88\/100 brn\n|turn|27\n|\n|t:|1698976954\n|move|p1a: Arceus|Flare Blitz|p2a: Ursaluna\n|-damage|p2a: Ursaluna|0 fnt\n|faint|p2a: Ursaluna\n|-damage|p1a: Arceus|14\/100|[from] Recoil\n|\n|win|Underhours\n|l|\u2606OreoMan789\n|c|\u2606Underhours|ggs\n","uploadtime":1698977065,"views":63,"p1id":"underhours","p2id":"oreoman789","formatid":"gen9ubers","rating":0,"private":0,"password":""}