{"id":"gen9ubers-1979409628","p1":"ganzert1502","p2":"Funylioon2","format":"[Gen 9] Ubers","log":"|j|\u2606ganzert1502\n|j|\u2606Funylioon2\n|t:|1698680404\n|gametype|singles\n|player|p1|ganzert1502|red|1147\n|player|p2|Funylioon2|piers|1160\n|teamsize|p1|6\n|teamsize|p2|6\n|gen|9\n|tier|[Gen 9] Ubers\n|rated|\n|rule|Sleep Clause Mod: Limit one foe put to sleep\n|rule|Species Clause: Limit one of each Pok\u00e9mon\n|rule|OHKO Clause: OHKO moves are banned\n|rule|Evasion Items Clause: Evasion items are banned\n|rule|Evasion Moves Clause: Evasion moves are banned\n|rule|Endless Battle Clause: Forcing endless battles is banned\n|rule|HP Percentage Mod: HP is shown in percentages\n|clearpoke\n|poke|p1|Gengar, M|\n|poke|p1|Dragonite, F|\n|poke|p1|Scizor, F|\n|poke|p1|Volcarona, F|\n|poke|p1|Snorlax, F|\n|poke|p1|Giratina|\n|poke|p2|Calyrex-Ice|\n|poke|p2|Koraidon|\n|poke|p2|Toxapex, F|\n|poke|p2|Ting-Lu|\n|poke|p2|Arceus|\n|poke|p2|Miraidon|\n|teampreview\n|inactive|Battle timer is ON: inactive players will automatically lose when time's up. (requested by Funylioon2)\n|\n|t:|1698680419\n|start\n|switch|p1a: Scizor|Scizor, F|100\/100\n|switch|p2a: Koraidon|Koraidon|100\/100\n|-weather|SunnyDay|[from] ability: Orichalcum Pulse|[of] p2a: Koraidon\n|-activate|p2a: Koraidon|Orichalcum Pulse|[source]\n|turn|1\n|\n|t:|1698680427\n|-terastallize|p1a: Scizor|Water\n|move|p2a: Koraidon|Flare Blitz|p1a: Scizor\n|-resisted|p1a: Scizor\n|-damage|p1a: Scizor|58\/100\n|-damage|p2a: Koraidon|86\/100|[from] Recoil\n|move|p1a: Scizor|Swords Dance|p1a: Scizor\n|-boost|p1a: Scizor|atk|2\n|\n|-weather|SunnyDay|[upkeep]\n|upkeep\n|turn|2\n|\n|t:|1698680439\n|-terastallize|p2a: Koraidon|Fire\n|move|p1a: Scizor|Bullet Punch|p2a: Koraidon\n|-resisted|p2a: Koraidon\n|-damage|p2a: Koraidon|53\/100\n|move|p2a: Koraidon|Flare Blitz|p1a: Scizor\n|-resisted|p1a: Scizor\n|-damage|p1a: Scizor|0 fnt\n|faint|p1a: Scizor\n|-damage|p2a: Koraidon|34\/100|[from] Recoil\n|\n|-weather|SunnyDay|[upkeep]\n|upkeep\n|\n|t:|1698680455\n|switch|p1a: Snorlax|Snorlax, F|100\/100\n|turn|3\n|\n|t:|1698680468\n|switch|p2a: Ting-Lu|Ting-Lu|100\/100\n|-ability|p2a: Ting-Lu|Vessel of Ruin\n|move|p1a: Snorlax|Curse|p1a: Snorlax\n|-unboost|p1a: Snorlax|spe|1\n|-boost|p1a: Snorlax|atk|1\n|-boost|p1a: Snorlax|def|1\n|\n|-weather|SunnyDay|[upkeep]\n|upkeep\n|turn|4\n|\n|t:|1698680479\n|move|p2a: Ting-Lu|Ruination|p1a: Snorlax\n|-damage|p1a: Snorlax|51\/100\n|move|p1a: Snorlax|Curse|p1a: Snorlax\n|-unboost|p1a: Snorlax|spe|1\n|-boost|p1a: Snorlax|atk|1\n|-boost|p1a: Snorlax|def|1\n|\n|-weather|SunnyDay|[upkeep]\n|-heal|p1a: Snorlax|57\/100|[from] item: Leftovers\n|upkeep\n|turn|5\n|\n|t:|1698680491\n|move|p1a: Snorlax|Rest|p1a: Snorlax\n|-status|p1a: Snorlax|slp|[from] move: Rest\n|-heal|p1a: Snorlax|100\/100 slp|[silent]\n|move|p2a: Ting-Lu|Whirlwind|p1a: Snorlax\n|drag|p1a: Dragonite|Dragonite, F|100\/100\n|\n|-weather|none\n|upkeep\n|turn|6\n|\n|t:|1698680504\n|move|p1a: Dragonite|Dragon Dance|p1a: Dragonite\n|-boost|p1a: Dragonite|atk|1\n|-boost|p1a: Dragonite|spe|1\n|move|p2a: Ting-Lu|Ruination|p1a: Dragonite\n|-damage|p1a: Dragonite|51\/100\n|\n|upkeep\n|turn|7\n|\n|t:|1698680511\n|move|p1a: Dragonite|Outrage|p2a: Ting-Lu\n|-damage|p2a: Ting-Lu|28\/100\n|-damage|p1a: Dragonite|41\/100|[from] item: Life Orb\n|move|p2a: Ting-Lu|Whirlwind|p1a: Dragonite\n|drag|p1a: Volcarona|Volcarona, F|100\/100\n|\n|-heal|p2a: Ting-Lu|34\/100|[from] item: Leftovers\n|upkeep\n|turn|8\n|\n|t:|1698680521\n|move|p1a: Volcarona|Bug Buzz|p2a: Ting-Lu\n|-supereffective|p2a: Ting-Lu\n|-damage|p2a: Ting-Lu|0 fnt\n|faint|p2a: Ting-Lu\n|\n|upkeep\n|\n|t:|1698680544\n|switch|p2a: Miraidon|Miraidon|100\/100\n|-fieldstart|move: Electric Terrain|[from] ability: Hadron Engine|[of] p2a: Miraidon\n|turn|9\n|\n|t:|1698680561\n|move|p2a: Miraidon|Calm Mind|p2a: Miraidon\n|-boost|p2a: Miraidon|spa|1\n|-boost|p2a: Miraidon|spd|1\n|move|p1a: Volcarona|Quiver Dance|p1a: Volcarona\n|-boost|p1a: Volcarona|spa|1\n|-boost|p1a: Volcarona|spd|1\n|-boost|p1a: Volcarona|spe|1\n|\n|upkeep\n|turn|10\n|\n|t:|1698680571\n|move|p1a: Volcarona|Quiver Dance|p1a: Volcarona\n|-boost|p1a: Volcarona|spa|1\n|-boost|p1a: Volcarona|spd|1\n|-boost|p1a: Volcarona|spe|1\n|move|p2a: Miraidon|Draco Meteor|p1a: Volcarona\n|-damage|p1a: Volcarona|10\/100\n|-unboost|p2a: Miraidon|spa|2\n|-damage|p2a: Miraidon|91\/100|[from] item: Life Orb\n|\n|upkeep\n|turn|11\n|\n|t:|1698680584\n|move|p1a: Volcarona|Bug Buzz|p2a: Miraidon\n|-damage|p2a: Miraidon|1\/100\n|move|p2a: Miraidon|Parabolic Charge|p1a: Volcarona\n|-crit|p1a: Volcarona\n|-damage|p1a: Volcarona|0 fnt\n|-heal|p2a: Miraidon|5\/100|[from] drain|[of] p1a: Volcarona\n|faint|p1a: Volcarona\n|-damage|p2a: Miraidon|0 fnt|[from] item: Life Orb\n|faint|p2a: Miraidon\n|\n|upkeep\n|\n|t:|1698680599\n|switch|p2a: Arceus|Arceus|100\/100\n|switch|p1a: Snorlax|Snorlax, F|100\/100 slp\n|turn|12\n|\n|t:|1698680604\n|move|p2a: Arceus|Swords Dance|p2a: Arceus\n|-boost|p2a: Arceus|atk|2\n|cant|p1a: Snorlax|slp\n|move|p1a: Snorlax|Sleep Talk|p1a: Snorlax\n|move|p1a: Snorlax|Rest||[from]move: Sleep Talk|[still]\n|-fail|p1a: Snorlax\n|\n|upkeep\n|turn|13\n|\n|t:|1698680615\n|move|p2a: Arceus|Swords Dance|p2a: Arceus\n|-boost|p2a: Arceus|atk|2\n|cant|p1a: Snorlax|slp\n|move|p1a: Snorlax|Sleep Talk|p1a: Snorlax\n|move|p1a: Snorlax|Rest||[from]move: Sleep Talk|[still]\n|-fail|p1a: Snorlax\n|\n|-fieldend|move: Electric Terrain\n|upkeep\n|turn|14\n|\n|t:|1698680626\n|switch|p1a: Gengar|Gengar, M|100\/100\n|move|p2a: Arceus|Extreme Speed|p1a: Gengar\n|-immune|p1a: Gengar\n|\n|upkeep\n|turn|15\n|\n|t:|1698680633\n|move|p1a: Gengar|Hypnosis|p2a: Arceus|[miss]\n|-miss|p1a: Gengar|p2a: Arceus\n|move|p2a: Arceus|Shadow Claw|p1a: Gengar\n|-supereffective|p1a: Gengar\n|-crit|p1a: Gengar\n|-damage|p1a: Gengar|0 fnt\n|-start|p2a: Arceus|Disable|Shadow Claw|[from] ability: Cursed Body|[of] p1a: Gengar\n|faint|p1a: Gengar\n|\n|upkeep\n|\n|t:|1698680643\n|switch|p1a: Giratina|Giratina|100\/100\n|-ability|p1a: Giratina|Pressure\n|turn|16\n|\n|t:|1698680648\n|move|p2a: Arceus|Taunt|p1a: Giratina\n|-start|p1a: Giratina|move: Taunt\n|cant|p1a: Giratina|move: Taunt|Will-O-Wisp\n|\n|upkeep\n|turn|17\n|\n|t:|1698680655\n|switch|p1a: Snorlax|Snorlax, F|100\/100 slp\n|move|p2a: Arceus|Swords Dance|p2a: Arceus\n|-boost|p2a: Arceus|atk|2\n|\n|upkeep\n|turn|18\n|\n|t:|1698680662\n|move|p2a: Arceus|Extreme Speed|p1a: Snorlax\n|-damage|p1a: Snorlax|0 fnt\n|faint|p1a: Snorlax\n|\n|-end|p2a: Arceus|Disable\n|upkeep\n|-message|ganzert1502 forfeited.\n|\n|win|Funylioon2\n|raw|ganzert1502's rating: 1147 &rarr; <strong>1123<\/strong><br \/>(-24 for losing)\n|raw|Funylioon2's rating: 1160 &rarr; <strong>1184<\/strong><br \/>(+24 for winning)\n|l|\u2606ganzert1502\n","uploadtime":1698680670,"views":10,"p1id":"ganzert1502","p2id":"funylioon2","formatid":"gen9ubers","rating":1123,"private":0,"password":""}