{"id":"gen9ubers-1999360231","p1":"Baldeez","p2":"Alculetto","format":"[Gen 9] Ubers","log":"|j|\u2606Baldeez\n|j|\u2606Alculetto\n|t:|1701066572\n|gametype|singles\n|player|p1|Baldeez|170|1157\n|player|p2|Alculetto|flannery|1168\n|teamsize|p1|6\n|teamsize|p2|6\n|gen|9\n|tier|[Gen 9] Ubers\n|rated|\n|rule|Sleep Clause Mod: Limit one foe put to sleep\n|rule|Species Clause: Limit one of each Pok\u00e9mon\n|rule|OHKO Clause: OHKO moves are banned\n|rule|Evasion Items Clause: Evasion items are banned\n|rule|Evasion Moves Clause: Evasion moves are banned\n|rule|Endless Battle Clause: Forcing endless battles is banned\n|rule|HP Percentage Mod: HP is shown in percentages\n|clearpoke\n|poke|p1|Garchomp, F|\n|poke|p1|Regieleki|\n|poke|p1|Giratina-Origin|\n|poke|p1|Mewtwo|\n|poke|p1|Palafin, F|\n|poke|p1|Zacian-*|\n|poke|p2|Rillaboom, F|\n|poke|p2|Sneasler, M|\n|poke|p2|Ogerpon-Hearthflame, F|\n|poke|p2|Kleavor, F|\n|poke|p2|Groudon|\n|poke|p2|Zacian-*|\n|teampreview\n|\n|t:|1701066614\n|start\n|switch|p1a: Regieleki|Regieleki|100\/100\n|switch|p2a: Rillaboom|Rillaboom, F|100\/100\n|-fieldstart|move: Grassy Terrain|[from] ability: Grassy Surge|[of] p2a: Rillaboom\n|turn|1\n|n|!Baldeez|baldeez\n|\n|t:|1701066629\n|move|p2a: Rillaboom|Fake Out|p1a: Regieleki\n|-damage|p1a: Regieleki|71\/100\n|cant|p1a: Regieleki|flinch\n|\n|-heal|p1a: Regieleki|77\/100|[from] Grassy Terrain\n|-heal|p1a: Regieleki|83\/100|[from] item: Leftovers\n|upkeep\n|turn|2\n|\n|t:|1701066638\n|move|p1a: Regieleki|Extreme Speed|p2a: Rillaboom\n|-damage|p2a: Rillaboom|80\/100\n|move|p2a: Rillaboom|Grassy Glide|p1a: Regieleki\n|-damage|p1a: Regieleki|0 fnt\n|faint|p1a: Regieleki\n|\n|-heal|p2a: Rillaboom|86\/100|[from] Grassy Terrain\n|upkeep\n|\n|t:|1701066652\n|switch|p1a: Giratina|Giratina-Origin|100\/100\n|turn|3\n|\n|t:|1701066688\n|move|p1a: Giratina|Draco Meteor|p2a: Rillaboom\n|-damage|p2a: Rillaboom|23\/100\n|-unboost|p1a: Giratina|spa|2\n|move|p2a: Rillaboom|Knock Off|p1a: Giratina\n|-supereffective|p1a: Giratina\n|-damage|p1a: Giratina|60\/100\n|\n|-heal|p2a: Rillaboom|29\/100|[from] Grassy Terrain\n|upkeep\n|turn|4\n|inactive|Battle timer is ON: inactive players will automatically lose when time's up. (requested by Baldeez)\n|\n|t:|1701066701\n|switch|p2a: Zacian|Zacian-Crowned|100\/100\n|-ability|p2a: Zacian|Intrepid Sword|boost\n|-boost|p2a: Zacian|atk|1\n|move|p1a: Giratina|Shadow Force||[still]\n|-prepare|p1a: Giratina|Shadow Force\n|\n|upkeep\n|turn|5\n|\n|t:|1701066714\n|move|p2a: Zacian|Swords Dance|p2a: Zacian\n|-boost|p2a: Zacian|atk|2\n|move|p1a: Giratina|Shadow Force|p2a: Zacian|[from]lockedmove\n|-damage|p2a: Zacian|43\/100\n|\n|-heal|p2a: Zacian|50\/100|[from] Grassy Terrain\n|-fieldend|move: Grassy Terrain\n|upkeep\n|turn|6\n|\n|t:|1701066724\n|move|p2a: Zacian|Behemoth Blade|p1a: Giratina\n|-damage|p1a: Giratina|0 fnt\n|faint|p1a: Giratina\n|\n|upkeep\n|\n|t:|1701066729\n|switch|p1a: Garchomp|Garchomp, F|100\/100\n|turn|7\n|inactive|Alculetto has 120 seconds left.\n|\n|t:|1701066762\n|move|p2a: Zacian|Play Rough|p1a: Garchomp\n|-supereffective|p1a: Garchomp\n|-damage|p1a: Garchomp|0 fnt\n|faint|p1a: Garchomp\n|\n|upkeep\n|\n|t:|1701066767\n|switch|p1a: Zacian|Zacian-Crowned|100\/100\n|-ability|p1a: Zacian|Intrepid Sword|boost\n|-boost|p1a: Zacian|atk|1\n|turn|8\n|\n|t:|1701066779\n|move|p2a: Zacian|Behemoth Blade|p1a: Zacian\n|-damage|p1a: Zacian|0 fnt\n|faint|p1a: Zacian\n|\n|upkeep\n|\n|t:|1701066784\n|switch|p1a: Mewtwo|Mewtwo|100\/100\n|-ability|p1a: Mewtwo|Pressure\n|turn|9\n|\n|t:|1701066789\n|move|p2a: Zacian|Behemoth Blade|p1a: Mewtwo\n|-damage|p1a: Mewtwo|0 fnt\n|faint|p1a: Mewtwo\n|\n|upkeep\n|\n|t:|1701066794\n|switch|p1a: Palafin|Palafin, F|100\/100\n|turn|10\n|\n|t:|1701066805\n|-terastallize|p2a: Zacian|Fighting\n|move|p2a: Zacian|Sacred Sword|p1a: Palafin\n|-damage|p1a: Palafin|0 fnt\n|faint|p1a: Palafin\n|\n|win|Alculetto\n|raw|Baldeez's rating: 1157 &rarr; <strong>1133<\/strong><br \/>(-24 for losing)\n|raw|Alculetto's rating: 1168 &rarr; <strong>1192<\/strong><br \/>(+24 for winning)\n","uploadtime":1701066616,"views":1,"p1id":"baldeez","p2id":"alculetto","formatid":"gen9ubers","rating":1133,"private":0,"password":""}