{"id":"gen9ubers-1998365061","p1":"Luis Fulgencio","p2":"Angelolll","format":"[Gen 9] Ubers","log":"|j|\u2606Luis Fulgencio\n|j|\u2606Angelolll\n|t:|1700934185\n|gametype|singles\n|player|p1|Luis Fulgencio|101|\n|player|p2|Angelolll|emmet|\n|teamsize|p1|6\n|teamsize|p2|6\n|gen|9\n|tier|[Gen 9] Ubers\n|rule|Sleep Clause Mod: Limit one foe put to sleep\n|rule|Species Clause: Limit one of each Pok\u00e9mon\n|rule|OHKO Clause: OHKO moves are banned\n|rule|Evasion Items Clause: Evasion items are banned\n|rule|Evasion Moves Clause: Evasion moves are banned\n|rule|Endless Battle Clause: Forcing endless battles is banned\n|rule|HP Percentage Mod: HP is shown in percentages\n|clearpoke\n|poke|p1|Ribombee, M|\n|poke|p1|Koraidon|\n|poke|p1|Ogerpon-Wellspring, F|\n|poke|p1|Gholdengo|\n|poke|p1|Palkia-Origin|\n|poke|p1|Eternatus|\n|poke|p2|Kyogre|\n|poke|p2|Iron Bundle|\n|poke|p2|Palafin, M|\n|poke|p2|Urshifu-*, F|\n|poke|p2|Quaquaval, F|\n|poke|p2|Amoonguss, F|\n|teampreview\n|\n|t:|1700934196\n|start\n|switch|p1a: Ribombee|Ribombee, M|100\/100\n|switch|p2a: Urshifu|Urshifu-Rapid-Strike, F|100\/100\n|turn|1\n|\n|t:|1700934202\n|move|p2a: Urshifu|Surging Strikes|p1a: Ribombee\n|-crit|p1a: Ribombee\n|-damage|p1a: Ribombee|61\/100\n|-crit|p1a: Ribombee\n|-damage|p1a: Ribombee|24\/100\n|-crit|p1a: Ribombee\n|-damage|p1a: Ribombee|0 fnt\n|faint|p1a: Ribombee\n|-hitcount|p1: Ribombee|3\n|\n|upkeep\n|\n|t:|1700934210\n|switch|p1a: Palkia|Palkia-Origin|100\/100\n|-ability|p1a: Palkia|Pressure\n|turn|2\n|\n|t:|1700934224\n|switch|p2a: Amoonguss|Amoonguss, F|100\/100\n|move|p1a: Palkia|Substitute|p1a: Palkia\n|-start|p1a: Palkia|Substitute\n|-damage|p1a: Palkia|76\/100\n|\n|upkeep\n|turn|3\n|c|\u2606Angelolll|Su mecha\n|\n|t:|1700934243\n|move|p1a: Palkia|Spacial Rend|p2a: Amoonguss\n|-damage|p2a: Amoonguss|53\/100\n|-enditem|p2a: Amoonguss|Eject Button\n|\n|t:|1700934256\n|switch|p2a: Urshifu|Urshifu-Rapid-Strike, F|100\/100\n|\n|upkeep\n|turn|4\n|\n|t:|1700934261\n|move|p2a: Urshifu|U-turn|p1a: Palkia\n|-end|p1a: Palkia|Substitute\n|\n|t:|1700934263\n|switch|p2a: Amoonguss|Amoonguss, F|86\/100|[from] U-turn\n|move|p1a: Palkia|Thunderbolt|p2a: Amoonguss\n|-resisted|p2a: Amoonguss\n|-damage|p2a: Amoonguss|75\/100\n|\n|upkeep\n|turn|5\n|\n|t:|1700934271\n|move|p1a: Palkia|Substitute|p1a: Palkia\n|-start|p1a: Palkia|Substitute\n|-damage|p1a: Palkia|51\/100\n|move|p2a: Amoonguss|Giga Drain|p1a: Palkia\n|-activate|p1a: Palkia|move: Substitute|[damage]\n|-heal|p2a: Amoonguss|83\/100|[from] drain|[of] p1a: Palkia\n|\n|upkeep\n|turn|6\n|\n|t:|1700934278\n|move|p1a: Palkia|Spacial Rend|p2a: Amoonguss\n|-crit|p2a: Amoonguss\n|-damage|p2a: Amoonguss|12\/100\n|move|p2a: Amoonguss|Giga Drain|p1a: Palkia\n|-end|p1a: Palkia|Substitute\n|-heal|p2a: Amoonguss|14\/100|[from] drain|[of] p1a: Palkia\n|\n|upkeep\n|turn|7\n|\n|t:|1700934288\n|move|p1a: Palkia|Spacial Rend|p2a: Amoonguss\n|-damage|p2a: Amoonguss|0 fnt\n|faint|p2a: Amoonguss\n|\n|upkeep\n|\n|t:|1700934295\n|switch|p2a: Quaquaval|Quaquaval, F|100\/100\n|turn|8\n|\n|t:|1700934302\n|move|p1a: Palkia|Thunderbolt|p2a: Quaquaval\n|-supereffective|p2a: Quaquaval\n|-damage|p2a: Quaquaval|10\/100\n|move|p2a: Quaquaval|Close Combat|p1a: Palkia\n|-damage|p1a: Palkia|0 fnt\n|-unboost|p2a: Quaquaval|def|1\n|-unboost|p2a: Quaquaval|spd|1\n|faint|p1a: Palkia\n|-ability|p2a: Quaquaval|Moxie|boost\n|-boost|p2a: Quaquaval|atk|1\n|\n|upkeep\n|\n|t:|1700934322\n|switch|p1a: Ogerpon|Ogerpon-Wellspring, F|100\/100\n|turn|9\n|\n|t:|1700934327\n|move|p1a: Ogerpon|Trailblaze|p2a: Quaquaval\n|-supereffective|p2a: Quaquaval\n|-damage|p2a: Quaquaval|0 fnt\n|-boost|p1a: Ogerpon|spe|1\n|faint|p2a: Quaquaval\n|\n|upkeep\n|\n|t:|1700934338\n|switch|p2a: Urshifu|Urshifu-Rapid-Strike, F|100\/100\n|turn|10\n|\n|t:|1700934359\n|move|p1a: Ogerpon|Swords Dance|p1a: Ogerpon\n|-boost|p1a: Ogerpon|atk|2\n|move|p2a: Urshifu|Close Combat|p1a: Ogerpon\n|-damage|p1a: Ogerpon|18\/100\n|-unboost|p2a: Urshifu|def|1\n|-unboost|p2a: Urshifu|spd|1\n|\n|upkeep\n|turn|11\n|\n|t:|1700934368\n|move|p1a: Ogerpon|Trailblaze|p2a: Urshifu\n|-supereffective|p2a: Urshifu\n|-damage|p2a: Urshifu|0 fnt\n|-boost|p1a: Ogerpon|spe|1\n|faint|p2a: Urshifu\n|\n|upkeep\n|\n|t:|1700934369\n|switch|p2a: Palafin|Palafin, M|100\/100\n|turn|12\n|\n|t:|1700934380\n|move|p1a: Ogerpon|Spiky Shield|p1a: Ogerpon\n|-singleturn|p1a: Ogerpon|move: Protect\n|move|p2a: Palafin|Ice Punch|p1a: Ogerpon\n|-activate|p1a: Ogerpon|move: Protect\n|-damage|p2a: Palafin|88\/100|[from] Spiky Shield|[of] p1a: Ogerpon\n|\n|-heal|p2a: Palafin|94\/100|[from] item: Leftovers\n|upkeep\n|turn|13\n|\n|t:|1700934388\n|move|p1a: Ogerpon|Trailblaze|p2a: Palafin\n|-supereffective|p2a: Palafin\n|-damage|p2a: Palafin|0 fnt\n|-boost|p1a: Ogerpon|spe|1\n|faint|p2a: Palafin\n|\n|upkeep\n|\n|t:|1700934392\n|switch|p2a: Iron Bundle|Iron Bundle|100\/100\n|turn|14\n|\n|t:|1700934409\n|move|p1a: Ogerpon|Superpower|p2a: Iron Bundle\n|-supereffective|p2a: Iron Bundle\n|-damage|p2a: Iron Bundle|0 fnt\n|-unboost|p1a: Ogerpon|atk|1\n|-unboost|p1a: Ogerpon|def|1\n|faint|p2a: Iron Bundle\n|-end|p2a: Iron Bundle|Quark Drive|[silent]\n|\n|upkeep\n|\n|t:|1700934413\n|switch|p2a: Kyogre|Kyogre|100\/100\n|-weather|RainDance|[from] ability: Drizzle|[of] p2a: Kyogre\n|turn|15\n|c|\u2606Angelolll|Wp\n|\n|t:|1700934419\n|move|p1a: Ogerpon|Superpower|p2a: Kyogre\n|-damage|p2a: Kyogre|35\/100\n|-unboost|p1a: Ogerpon|atk|1\n|-unboost|p1a: Ogerpon|def|1\n|move|p2a: Kyogre|Surf|p1a: Ogerpon\n|-heal|p1a: Ogerpon|43\/100|[from] ability: Water Absorb|[of] p2a: Kyogre\n|\n|-weather|RainDance|[upkeep]\n|upkeep\n|turn|16\n|\n|t:|1700934425\n|move|p1a: Ogerpon|Superpower|p2a: Kyogre\n|-damage|p2a: Kyogre|0 fnt\n|-unboost|p1a: Ogerpon|atk|1\n|-unboost|p1a: Ogerpon|def|1\n|faint|p2a: Kyogre\n|\n|win|Luis Fulgencio\n","uploadtime":1700934447,"views":0,"p1id":"luisfulgencio","p2id":"angelolll","formatid":"gen9ubers","rating":0,"private":0,"password":""}