{"id":"gen9ubers-1984593055","p1":"Wasabi1092","p2":"Tifa bubble","format":"[Gen 9] Ubers","log":"|j|\u2606Wasabi1092\n|j|\u2606Tifa bubble\n|t:|1699282860\n|gametype|singles\n|player|p1|Wasabi1092|2|1097\n|player|p2|Tifa bubble|265|1281\n|teamsize|p1|6\n|teamsize|p2|6\n|gen|9\n|tier|[Gen 9] Ubers\n|rated|\n|rule|Sleep Clause Mod: Limit one foe put to sleep\n|rule|Species Clause: Limit one of each Pok\u00e9mon\n|rule|OHKO Clause: OHKO moves are banned\n|rule|Evasion Items Clause: Evasion items are banned\n|rule|Evasion Moves Clause: Evasion moves are banned\n|rule|Endless Battle Clause: Forcing endless battles is banned\n|rule|HP Percentage Mod: HP is shown in percentages\n|clearpoke\n|poke|p1|Annihilape, M|\n|poke|p1|Chien-Pao|\n|poke|p1|Koraidon|\n|poke|p1|Groudon|\n|poke|p1|Zacian-*|\n|poke|p1|Regieleki|\n|poke|p2|Miraidon|\n|poke|p2|Shaymin-Sky|\n|poke|p2|Mewtwo|\n|poke|p2|Arceus-Psychic|\n|poke|p2|Ribombee, M|\n|poke|p2|Zamazenta-*|\n|teampreview\n|inactive|Battle timer is ON: inactive players will automatically lose when time's up. (requested by Tifa bubble)\n|\n|t:|1699282870\n|start\n|switch|p1a: Chien-Pao|Chien-Pao|100\/100\n|switch|p2a: Ribombee|Ribombee, M|100\/100\n|-ability|p1a: Chien-Pao|Sword of Ruin\n|turn|1\n|\n|t:|1699282892\n|move|p1a: Chien-Pao|Icicle Crash|p2a: Ribombee\n|-enditem|p2a: Ribombee|Focus Sash\n|-damage|p2a: Ribombee|1\/100\n|move|p2a: Ribombee|Sticky Web|p1a: Chien-Pao\n|-sidestart|p1: Wasabi1092|move: Sticky Web\n|\n|upkeep\n|turn|2\n|\n|t:|1699282900\n|move|p1a: Chien-Pao|Icicle Crash|p2a: Ribombee\n|-damage|p2a: Ribombee|0 fnt\n|faint|p2a: Ribombee\n|\n|upkeep\n|\n|t:|1699282906\n|switch|p2a: Zamazenta|Zamazenta-Crowned|100\/100\n|-ability|p2a: Zamazenta|Dauntless Shield|boost\n|-boost|p2a: Zamazenta|def|1\n|turn|3\n|\n|t:|1699282916\n|move|p1a: Chien-Pao|Icicle Crash|p2a: Zamazenta\n|-resisted|p2a: Zamazenta\n|-damage|p2a: Zamazenta|81\/100\n|move|p2a: Zamazenta|Iron Defense|p2a: Zamazenta\n|-boost|p2a: Zamazenta|def|2\n|\n|upkeep\n|turn|4\n|\n|t:|1699282926\n|move|p1a: Chien-Pao|Icicle Crash|p2a: Zamazenta\n|-resisted|p2a: Zamazenta\n|-damage|p2a: Zamazenta|70\/100\n|move|p2a: Zamazenta|Body Press|p1a: Chien-Pao\n|-supereffective|p1a: Chien-Pao\n|-damage|p1a: Chien-Pao|0 fnt\n|faint|p1a: Chien-Pao\n|\n|upkeep\n|\n|t:|1699282929\n|switch|p1a: Groudon|Groudon|100\/100\n|-activate|p1a: Groudon|move: Sticky Web\n|-unboost|p1a: Groudon|spe|1\n|-weather|SunnyDay|[from] ability: Drought|[of] p1a: Groudon\n|turn|5\n|\n|t:|1699282946\n|move|p2a: Zamazenta|Body Press|p1a: Groudon\n|-damage|p1a: Groudon|35\/100\n|move|p1a: Groudon|Precipice Blades|p2a: Zamazenta|[miss]\n|-miss|p1a: Groudon|p2a: Zamazenta\n|\n|-weather|SunnyDay|[upkeep]\n|upkeep\n|turn|6\n|\n|t:|1699282954\n|move|p2a: Zamazenta|Body Press|p1a: Groudon\n|-damage|p1a: Groudon|0 fnt\n|faint|p1a: Groudon\n|\n|-weather|SunnyDay|[upkeep]\n|upkeep\n|\n|t:|1699282962\n|switch|p1a: Koraidon|Koraidon|100\/100\n|-activate|p1a: Koraidon|move: Sticky Web\n|-unboost|p1a: Koraidon|spe|1\n|-activate|p1a: Koraidon|ability: Orichalcum Pulse\n|turn|7\n|\n|t:|1699282971\n|-terastallize|p1a: Koraidon|Fighting\n|move|p2a: Zamazenta|Body Press|p1a: Koraidon\n|-damage|p1a: Koraidon|25\/100\n|move|p1a: Koraidon|Collision Course|p2a: Zamazenta\n|-supereffective|p2a: Zamazenta\n|-damage|p2a: Zamazenta|0 fnt\n|faint|p2a: Zamazenta\n|\n|-weather|SunnyDay|[upkeep]\n|upkeep\n|\n|t:|1699282984\n|switch|p2a: Mewtwo|Mewtwo|100\/100\n|-ability|p2a: Mewtwo|Pressure\n|turn|8\n|\n|t:|1699282990\n|move|p2a: Mewtwo|Psystrike|p1a: Koraidon\n|-supereffective|p1a: Koraidon\n|-damage|p1a: Koraidon|0 fnt\n|faint|p1a: Koraidon\n|\n|-weather|SunnyDay|[upkeep]\n|upkeep\n|\n|t:|1699282993\n|switch|p1a: Zacian|Zacian-Crowned|100\/100\n|-activate|p1a: Zacian|move: Sticky Web\n|-unboost|p1a: Zacian|spe|1\n|-ability|p1a: Zacian|Intrepid Sword|boost\n|-boost|p1a: Zacian|atk|1\n|turn|9\n|\n|t:|1699283012\n|move|p2a: Mewtwo|Psystrike|p1a: Zacian\n|-resisted|p1a: Zacian\n|-damage|p1a: Zacian|76\/100\n|move|p1a: Zacian|Swords Dance|p1a: Zacian\n|-boost|p1a: Zacian|atk|2\n|\n|-weather|none\n|upkeep\n|turn|10\n|\n|t:|1699283026\n|move|p2a: Mewtwo|Will-O-Wisp|p1a: Zacian\n|-status|p1a: Zacian|brn\n|move|p1a: Zacian|Behemoth Blade|p2a: Mewtwo\n|-damage|p2a: Mewtwo|32\/100\n|\n|-heal|p2a: Mewtwo|38\/100|[from] item: Leftovers\n|-damage|p1a: Zacian|69\/100 brn|[from] brn\n|upkeep\n|turn|11\n|\n|t:|1699283036\n|move|p2a: Mewtwo|Recover|p2a: Mewtwo\n|-heal|p2a: Mewtwo|88\/100\n|move|p1a: Zacian|Behemoth Blade|p2a: Mewtwo\n|-damage|p2a: Mewtwo|24\/100\n|\n|-heal|p2a: Mewtwo|30\/100|[from] item: Leftovers\n|-damage|p1a: Zacian|63\/100 brn|[from] brn\n|upkeep\n|turn|12\n|\n|t:|1699283045\n|move|p2a: Mewtwo|Recover|p2a: Mewtwo\n|-heal|p2a: Mewtwo|80\/100\n|move|p1a: Zacian|Swords Dance|p1a: Zacian\n|-boost|p1a: Zacian|atk|2\n|\n|-heal|p2a: Mewtwo|86\/100|[from] item: Leftovers\n|-damage|p1a: Zacian|57\/100 brn|[from] brn\n|upkeep\n|turn|13\n|\n|t:|1699283051\n|move|p2a: Mewtwo|Psystrike|p1a: Zacian\n|-resisted|p1a: Zacian\n|-damage|p1a: Zacian|32\/100 brn\n|move|p1a: Zacian|Behemoth Blade|p2a: Mewtwo\n|-damage|p2a: Mewtwo|0 fnt\n|faint|p2a: Mewtwo\n|\n|-damage|p1a: Zacian|26\/100 brn|[from] brn\n|upkeep\n|\n|t:|1699283072\n|switch|p2a: Shaymin|Shaymin-Sky|100\/100\n|turn|14\n|\n|t:|1699283086\n|move|p2a: Shaymin|Earth Power|p1a: Zacian\n|-supereffective|p1a: Zacian\n|-damage|p1a: Zacian|0 fnt\n|faint|p1a: Zacian\n|\n|upkeep\n|\n|t:|1699283090\n|switch|p1a: Annihilape|Annihilape, M|100\/100\n|-activate|p1a: Annihilape|move: Sticky Web\n|-unboost|p1a: Annihilape|spe|1\n|-ability|p1a: Annihilape|Defiant|boost\n|-boost|p1a: Annihilape|atk|2\n|turn|15\n|\n|t:|1699283097\n|move|p2a: Shaymin|Earth Power|p1a: Annihilape\n|-damage|p1a: Annihilape|73\/100\n|move|p1a: Annihilape|Rage Fist|p2a: Shaymin\n|-damage|p2a: Shaymin|0 fnt\n|faint|p2a: Shaymin\n|\n|upkeep\n|\n|t:|1699283105\n|switch|p2a: Miraidon|Miraidon|100\/100\n|-fieldstart|move: Electric Terrain|[from] ability: Hadron Engine|[of] p2a: Miraidon\n|turn|16\n|\n|t:|1699283115\n|move|p2a: Miraidon|Electro Drift|p1a: Annihilape\n|-damage|p1a: Annihilape|0 fnt\n|faint|p1a: Annihilape\n|\n|upkeep\n|\n|t:|1699283121\n|switch|p1a: Regieleki|Regieleki|100\/100\n|-activate|p1a: Regieleki|move: Sticky Web\n|-unboost|p1a: Regieleki|spe|1\n|turn|17\n|\n|t:|1699283127\n|move|p1a: Regieleki|Extreme Speed|p2a: Miraidon\n|-damage|p2a: Miraidon|75\/100\n|move|p2a: Miraidon|Electro Drift|p1a: Regieleki\n|-resisted|p1a: Regieleki\n|-enditem|p1a: Regieleki|Focus Sash\n|-damage|p1a: Regieleki|1\/100\n|\n|upkeep\n|turn|18\n|\n|t:|1699283137\n|move|p2a: Miraidon|Electro Drift|p1a: Regieleki\n|-resisted|p1a: Regieleki\n|-damage|p1a: Regieleki|0 fnt\n|faint|p1a: Regieleki\n|\n|win|Tifa bubble\n|raw|Wasabi1092's rating: 1097 &rarr; <strong>1084<\/strong><br \/>(-13 for losing)\n|raw|Tifa bubble's rating: 1281 &rarr; <strong>1294<\/strong><br \/>(+13 for winning)\n|l|\u2606Wasabi1092\n","uploadtime":1699283375,"views":6,"p1id":"wasabi1092","p2id":"tifabubble","formatid":"gen9ubers","rating":1084,"private":0,"password":""}