{"id":"gen9ubers-1979089179","p1":"uubers account","p2":"yomaalt","format":"[Gen 9] Ubers","log":"|j|\u2606uubers account\n|j|\u2606yomaalt\n|t:|1698630752\n|gametype|singles\n|player|p1|uubers account|266|\n|player|p2|yomaalt|1|\n|teamsize|p1|6\n|teamsize|p2|6\n|gen|9\n|tier|[Gen 9] Ubers\n|rule|Sleep Clause Mod: Limit one foe put to sleep\n|rule|Species Clause: Limit one of each Pok\u00e9mon\n|rule|OHKO Clause: OHKO moves are banned\n|rule|Evasion Items Clause: Evasion items are banned\n|rule|Evasion Moves Clause: Evasion moves are banned\n|rule|Endless Battle Clause: Forcing endless battles is banned\n|rule|HP Percentage Mod: HP is shown in percentages\n|clearpoke\n|poke|p1|Arceus-Dark|\n|poke|p1|Magearna|\n|poke|p1|Palafin, F|\n|poke|p1|Gliscor, M|\n|poke|p1|Chi-Yu|\n|poke|p1|Giratina|\n|poke|p2|Palkia-Origin|\n|poke|p2|Urshifu-*, M|\n|poke|p2|Shaymin-Sky|\n|poke|p2|Chi-Yu|\n|poke|p2|Ogerpon-Wellspring, F|\n|poke|p2|Zacian-*|\n|teampreview\n|c|\u2606uubers account|glhf\n|j| nimjaishot\n|\n|t:|1698630785\n|start\n|switch|p1a: Palafin|Palafin, F|100\/100\n|switch|p2a: Ogerpon|Ogerpon-Wellspring, F|100\/100\n|turn|1\n|c|\u2606yomaalt|glhf\n|\n|t:|1698630795\n|detailschange|p1a: Palafin|Palafin-Hero, F\n|switch|p1a: Magearna|Magearna|100\/100\n|move|p2a: Ogerpon|Knock Off|p1a: Magearna\n|-resisted|p1a: Magearna\n|-damage|p1a: Magearna|89\/100\n|-enditem|p1a: Magearna|Leftovers|[from] move: Knock Off|[of] p2a: Ogerpon\n|\n|upkeep\n|turn|2\n|j| leonissenbaum\n|j| Kabunger\n|\n|t:|1698630798\n|move|p2a: Ogerpon|Swords Dance|p2a: Ogerpon\n|-boost|p2a: Ogerpon|atk|2\n|move|p1a: Magearna|Thunder Wave|p2a: Ogerpon\n|-status|p2a: Ogerpon|par\n|\n|upkeep\n|turn|3\n|j| fwuffypetsowo\n|j| CrackLordGBLN\n|\n|t:|1698630806\n|move|p2a: Ogerpon|Ivy Cudgel|p1a: Magearna\n|-damage|p1a: Magearna|20\/100\n|move|p1a: Magearna|Volt Switch|p2a: Ogerpon\n|-damage|p2a: Ogerpon|77\/100 par\n|c|\u2606yomaalt|Alright who do I sack\n|\n|t:|1698630832\n|switch|p1a: Arceus|Arceus-Dark|100\/100|[from] Volt Switch\n|\n|upkeep\n|turn|4\n|j| Laprasrules12\n|c|\u2606yomaalt|oh nvm i guess pon lives another day\n|\n|t:|1698630847\n|move|p1a: Arceus|Judgment|p2a: Ogerpon\n|-damage|p2a: Ogerpon|22\/100 par\n|cant|p2a: Ogerpon|par\n|\n|upkeep\n|turn|5\n|c|\u2606yomaalt|nvm lmao\n|c|\u2606uubers account|lol\n|\n|t:|1698630859\n|move|p1a: Arceus|Judgment|p2a: Ogerpon\n|-damage|p2a: Ogerpon|0 fnt\n|faint|p2a: Ogerpon\n|\n|upkeep\n|\n|t:|1698630864\n|switch|p2a: Zacian|Zacian|100\/100\n|-ability|p2a: Zacian|Intrepid Sword|boost\n|-boost|p2a: Zacian|atk|1\n|turn|6\n|\n|t:|1698630874\n|switch|p1a: Giratina|Giratina|100\/100\n|-ability|p1a: Giratina|Pressure\n|move|p2a: Zacian|Swords Dance|p2a: Zacian\n|-boost|p2a: Zacian|atk|2\n|\n|upkeep\n|turn|7\n|\n|t:|1698630877\n|move|p2a: Zacian|Play Rough|p1a: Giratina|[miss]\n|-miss|p2a: Zacian|p1a: Giratina\n|move|p1a: Giratina|Thunder Wave|p2a: Zacian\n|-status|p2a: Zacian|par\n|\n|upkeep\n|turn|8\n|l| nimjaishot\n|c|\u2606uubers account|damn\n|j| nimjaishot\n|\n|t:|1698630885\n|move|p1a: Giratina|Hex|p2a: Zacian\n|-damage|p2a: Zacian|60\/100 par\n|move|p2a: Zacian|Play Rough|p1a: Giratina\n|-supereffective|p1a: Giratina\n|-damage|p1a: Giratina|0 fnt\n|faint|p1a: Giratina\n|\n|-heal|p2a: Zacian|66\/100 par|[from] item: Leftovers\n|upkeep\n|c|\u2606yomaalt|this is\n|c|\u2606yomaalt|not going great for me\n|\n|t:|1698630902\n|switch|p1a: Palafin|Palafin-Hero, F|100\/100\n|-activate|p1a: Palafin|ability: Zero to Hero\n|turn|9\n|\n|t:|1698630907\n|move|p1a: Palafin|Wave Crash|p2a: Zacian\n|-damage|p2a: Zacian|0 fnt\n|faint|p2a: Zacian\n|-damage|p1a: Palafin|83\/100|[from] Recoil\n|\n|upkeep\n|\n|t:|1698630911\n|switch|p2a: Urshifu|Urshifu-Rapid-Strike, M|100\/100\n|turn|10\n|\n|t:|1698630915\n|switch|p1a: Magearna|Magearna|20\/100\n|move|p2a: Urshifu|Close Combat|p1a: Magearna\n|-damage|p1a: Magearna|0 fnt\n|-unboost|p2a: Urshifu|def|1\n|-unboost|p2a: Urshifu|spd|1\n|faint|p1a: Magearna\n|\n|upkeep\n|\n|t:|1698630932\n|switch|p1a: Chi-Yu|Chi-Yu|100\/100\n|-ability|p1a: Chi-Yu|Beads of Ruin\n|turn|11\n|\n|t:|1698630935\n|-terastallize|p1a: Chi-Yu|Fairy\n|move|p1a: Chi-Yu|Tera Blast|p2a: Urshifu|[anim] Tera Blast Fairy\n|-supereffective|p2a: Urshifu\n|-damage|p2a: Urshifu|0 fnt\n|faint|p2a: Urshifu\n|\n|upkeep\n|\n|t:|1698630939\n|switch|p2a: Palkia|Palkia-Origin|100\/100\n|-ability|p2a: Palkia|Pressure\n|turn|12\n|\n|t:|1698630950\n|move|p1a: Chi-Yu|Tera Blast|p2a: Palkia|[anim] Tera Blast Fairy\n|-supereffective|p2a: Palkia\n|-damage|p2a: Palkia|0 fnt\n|faint|p2a: Palkia\n|\n|upkeep\n|\n|t:|1698630952\n|switch|p2a: Chi-Yu|Chi-Yu|100\/100\n|-ability|p2a: Chi-Yu|Beads of Ruin\n|turn|13\n|\n|t:|1698630959\n|switch|p1a: Gliscor|Gliscor, M|100\/100\n|move|p2a: Chi-Yu|Flamethrower|p1a: Gliscor\n|-crit|p1a: Gliscor\n|-damage|p1a: Gliscor|0 fnt\n|faint|p1a: Gliscor\n|\n|upkeep\n|\n|t:|1698630962\n|switch|p1a: Palafin|Palafin-Hero, F|83\/100\n|turn|14\n|\n|t:|1698630968\n|move|p1a: Palafin|Jet Punch|p2a: Chi-Yu\n|-supereffective|p2a: Chi-Yu\n|-damage|p2a: Chi-Yu|0 fnt\n|faint|p2a: Chi-Yu\n|\n|upkeep\n|\n|t:|1698630970\n|switch|p2a: Shaymin|Shaymin-Sky|100\/100\n|turn|15\n|\n|t:|1698630975\n|move|p1a: Palafin|Jet Punch|p2a: Shaymin\n|-resisted|p2a: Shaymin\n|-damage|p2a: Shaymin|64\/100\n|move|p2a: Shaymin|Seed Flare|p1a: Palafin\n|-supereffective|p1a: Palafin\n|-damage|p1a: Palafin|0 fnt\n|faint|p1a: Palafin\n|-damage|p2a: Shaymin|54\/100|[from] item: Life Orb\n|\n|upkeep\n|c| leonissenbaum|its time\n|\n|t:|1698630980\n|switch|p1a: Chi-Yu|Chi-Yu, tera:Fairy|100\/100\n|-ability|p1a: Chi-Yu|Beads of Ruin\n|turn|16\n|c| leonissenbaum|20 flinches in a row\n|c| leonissenbaum|its over for qb\n|c|\u2606uubers account|gg\n|c|\u2606yomaalt|it's scarf\n|\n|t:|1698630986\n|move|p1a: Chi-Yu|Flamethrower|p2a: Shaymin\n|-supereffective|p2a: Shaymin\n|-damage|p2a: Shaymin|0 fnt\n|faint|p2a: Shaymin\n|\n|win|uubers account\n|c|\u2606yomaalt|sosad\n|c|\u2606yomaalt|gg\n|c|\u2606uubers account|I hate skymin\n|l| nimjaishot\n|c|\u2606uubers account|game 2 in a sec\n|l| CrackLordGBLN\n|j| Vazquez 2.0\n|l| Vazquez 2.0\n|j| FrostyRandom02\n|l| leonissenbaum\n|j| Kinesquared\n|l| Kabunger\n|l| FrostyRandom02\n|j| Kabunger\n|l| Kabunger\n|j| nimjaishot\n|l| Kinesquared\n|l| nimjaishot\n|j| leonissenbaum\n|l|\u2606yomaalt\n|l| Laprasrules12\n|l| fwuffypetsowo\n|j|\u2606yomaalt\n|player|p2|yomaalt|1\n","uploadtime":1698631996,"views":31,"p1id":"uubersaccount","p2id":"yomaalt","formatid":"gen9ubers","rating":0,"private":0,"password":""}