{"id":"gen9ubers-1978557225","p1":"Themoonisbright","p2":"whaud","format":"[Gen 9] Ubers","log":"|j|\u2606Themoonisbright\n|j|\u2606whaud\n|t:|1698555554\n|gametype|singles\n|player|p1|Themoonisbright|artist-gen4|\n|player|p2|whaud|alain|\n|teamsize|p1|6\n|teamsize|p2|6\n|gen|9\n|tier|[Gen 9] Ubers\n|rule|Sleep Clause Mod: Limit one foe put to sleep\n|rule|Species Clause: Limit one of each Pok\u00e9mon\n|rule|OHKO Clause: OHKO moves are banned\n|rule|Evasion Items Clause: Evasion items are banned\n|rule|Evasion Moves Clause: Evasion moves are banned\n|rule|Endless Battle Clause: Forcing endless battles is banned\n|rule|HP Percentage Mod: HP is shown in percentages\n|clearpoke\n|poke|p1|Grimmsnarl, M|\n|poke|p1|Cyclizar, M|\n|poke|p1|Palafin, M|\n|poke|p1|Magearna|\n|poke|p1|Arceus-Poison|\n|poke|p1|Espathra, F|\n|poke|p2|Cyclizar, M|\n|poke|p2|Palkia-Origin|\n|poke|p2|Magearna|\n|poke|p2|Palafin, F|\n|poke|p2|Zacian-*|\n|poke|p2|Arceus-Fighting|\n|teampreview\n|\n|t:|1698555573\n|start\n|switch|p1a: Grimmsnarl|Grimmsnarl, M|100\/100\n|switch|p2a: Palafin|Palafin, F|100\/100\n|turn|1\n|\n|t:|1698555582\n|move|p1a: Grimmsnarl|Reflect|p1a: Grimmsnarl\n|-sidestart|p1: Themoonisbright|Reflect\n|move|p2a: Palafin|Taunt|p1a: Grimmsnarl\n|-start|p1a: Grimmsnarl|move: Taunt\n|\n|upkeep\n|turn|2\n|\n|t:|1698555589\n|detailschange|p2a: Palafin|Palafin-Hero, F\n|switch|p2a: Cyclizar|Cyclizar, M|100\/100\n|switch|p1a: Cyclizar|Cyclizar, M|100\/100\n|\n|upkeep\n|turn|3\n|\n|t:|1698555593\n|move|p2a: Cyclizar|Shed Tail|p2a: Cyclizar\n|-start|p2a: Cyclizar|Substitute|[from] move: Shed Tail\n|-damage|p2a: Cyclizar|50\/100\n|\n|t:|1698555595\n|switch|p2a: Palafin|Palafin-Hero, F|100\/100|[from] Shed Tail\n|-activate|p2a: Palafin|ability: Zero to Hero\n|move|p1a: Cyclizar|Shed Tail|p1a: Cyclizar\n|-start|p1a: Cyclizar|Substitute|[from] move: Shed Tail\n|-damage|p1a: Cyclizar|50\/100\n|\n|t:|1698555608\n|switch|p1a: Arceus|Arceus-Poison|100\/100|[from] Shed Tail\n|\n|upkeep\n|turn|4\n|\n|t:|1698555618\n|move|p2a: Palafin|Jet Punch|p1a: Arceus\n|-activate|p1a: Arceus|move: Substitute|[damage]\n|move|p1a: Arceus|Taunt|p2a: Palafin\n|-start|p2a: Palafin|move: Taunt\n|\n|upkeep\n|turn|5\n|\n|t:|1698555622\n|move|p2a: Palafin|Jet Punch|p1a: Arceus\n|-end|p1a: Arceus|Substitute\n|move|p1a: Arceus|Dragon Dance|p1a: Arceus\n|-boost|p1a: Arceus|atk|1\n|-boost|p1a: Arceus|spe|1\n|\n|upkeep\n|turn|6\n|\n|t:|1698555631\n|move|p2a: Palafin|Jet Punch|p1a: Arceus\n|-damage|p1a: Arceus|88\/100\n|move|p1a: Arceus|Poison Jab|p2a: Palafin\n|-end|p2a: Palafin|Substitute\n|\n|upkeep\n|turn|7\n|\n|t:|1698555663\n|switch|p2a: Magearna|Magearna|100\/100\n|move|p1a: Arceus|Dragon Dance|p1a: Arceus\n|-boost|p1a: Arceus|atk|1\n|-boost|p1a: Arceus|spe|1\n|\n|upkeep\n|turn|8\n|\n|t:|1698555668\n|move|p1a: Arceus|Taunt|p2a: Magearna\n|-start|p2a: Magearna|move: Taunt\n|cant|p2a: Magearna|move: Taunt|Iron Defense\n|\n|-sideend|p1: Themoonisbright|Reflect\n|upkeep\n|turn|9\n|\n|t:|1698555680\n|switch|p2a: Palkia|Palkia-Origin|100\/100\n|-ability|p2a: Palkia|Pressure\n|move|p1a: Arceus|Dragon Dance|p1a: Arceus\n|-boost|p1a: Arceus|atk|1\n|-boost|p1a: Arceus|spe|1\n|\n|upkeep\n|turn|10\n|\n|t:|1698555683\n|move|p1a: Arceus|Poison Jab|p2a: Palkia\n|-damage|p2a: Palkia|0 fnt\n|faint|p2a: Palkia\n|\n|upkeep\n|\n|t:|1698555687\n|switch|p2a: Magearna|Magearna|100\/100\n|turn|11\n|\n|t:|1698555691\n|move|p1a: Arceus|Earthquake|p2a: Magearna\n|-supereffective|p2a: Magearna\n|-damage|p2a: Magearna|0 fnt\n|faint|p2a: Magearna\n|\n|upkeep\n|\n|t:|1698555695\n|switch|p2a: Zacian|Zacian|100\/100\n|-ability|p2a: Zacian|Intrepid Sword|boost\n|-boost|p2a: Zacian|atk|1\n|turn|12\n|\n|t:|1698555700\n|move|p1a: Arceus|Poison Jab|p2a: Zacian\n|-supereffective|p2a: Zacian\n|-damage|p2a: Zacian|0 fnt\n|faint|p2a: Zacian\n|\n|upkeep\n|\n|t:|1698555705\n|switch|p2a: Palafin|Palafin-Hero, F|100\/100\n|turn|13\n|\n|t:|1698555708\n|move|p2a: Palafin|Jet Punch|p1a: Arceus\n|-damage|p1a: Arceus|63\/100\n|move|p1a: Arceus|Poison Jab|p2a: Palafin\n|-damage|p2a: Palafin|3\/100\n|-status|p2a: Palafin|psn\n|\n|-heal|p2a: Palafin|9\/100 psn|[from] item: Leftovers\n|-damage|p2a: Palafin|0 fnt|[from] psn\n|faint|p2a: Palafin\n|upkeep\n|\n|t:|1698555710\n|switch|p2a: Cyclizar|Cyclizar, M|84\/100\n|turn|14\n|\n|t:|1698555715\n|move|p1a: Arceus|Poison Jab|p2a: Cyclizar\n|-damage|p2a: Cyclizar|0 fnt\n|faint|p2a: Cyclizar\n|\n|upkeep\n|\n|t:|1698555717\n|switch|p2a: Arceus|Arceus-Fighting|100\/100\n|turn|15\n|\n|t:|1698555722\n|-terastallize|p2a: Arceus|Poison\n|move|p1a: Arceus|Poison Jab|p2a: Arceus\n|-resisted|p2a: Arceus\n|-damage|p2a: Arceus|67\/100\n|move|p2a: Arceus|Cosmic Power|p2a: Arceus\n|-boost|p2a: Arceus|def|1\n|-boost|p2a: Arceus|spd|1\n|\n|upkeep\n|turn|16\n|\n|t:|1698555730\n|move|p1a: Arceus|Earthquake|p2a: Arceus\n|-supereffective|p2a: Arceus\n|-damage|p2a: Arceus|12\/100\n|move|p2a: Arceus|Cosmic Power|p2a: Arceus\n|-boost|p2a: Arceus|def|1\n|-boost|p2a: Arceus|spd|1\n|\n|upkeep\n|turn|17\n|\n|t:|1698555735\n|move|p1a: Arceus|Earthquake|p2a: Arceus\n|-supereffective|p2a: Arceus\n|-damage|p2a: Arceus|0 fnt\n|faint|p2a: Arceus\n|\n|win|Themoonisbright\n|c|\u2606Themoonisbright|gg\n|c|\u2606whaud|gg\n|l|\u2606whaud\n","uploadtime":1698555743,"views":16,"p1id":"themoonisbright","p2id":"whaud","formatid":"gen9ubers","rating":0,"private":0,"password":""}