{"id":"gen9ubers-1996226389","p1":"Darkin 1","p2":"Scarlet Devil Flan","format":"[Gen 9] Ubers","log":"|j|\u2606Darkin 1\n|j|\u2606Scarlet Devil Flan\n|t:|1700661407\n|gametype|singles\n|player|p1|Darkin 1|cynthia-gen4|1055\n|player|p2|Scarlet Devil Flan|tate|1033\n|teamsize|p1|6\n|teamsize|p2|6\n|gen|9\n|tier|[Gen 9] Ubers\n|rated|\n|rule|Sleep Clause Mod: Limit one foe put to sleep\n|rule|Species Clause: Limit one of each Pok\u00e9mon\n|rule|OHKO Clause: OHKO moves are banned\n|rule|Evasion Items Clause: Evasion items are banned\n|rule|Evasion Moves Clause: Evasion moves are banned\n|rule|Endless Battle Clause: Forcing endless battles is banned\n|rule|HP Percentage Mod: HP is shown in percentages\n|clearpoke\n|poke|p1|Dragapult, M|\n|poke|p1|Corviknight, M|\n|poke|p1|Toxapex, M|\n|poke|p1|Torterra, M|\n|poke|p1|Hatterene, F|\n|poke|p1|Urshifu-*, M|\n|poke|p2|Gliscor, F|\n|poke|p2|Miraidon|\n|poke|p2|Ogerpon-Hearthflame, F|\n|poke|p2|Espathra, M|\n|poke|p2|Blissey, F|\n|poke|p2|Palafin, F|\n|teampreview\n|\n|t:|1700661418\n|start\n|switch|p1a: Dragapult|Dragapult, M|100\/100\n|switch|p2a: Bertha|Gliscor, F|100\/100\n|turn|1\n|\n|t:|1700661426\n|move|p1a: Dragapult|Light Screen|p1a: Dragapult\n|-sidestart|p1: Darkin 1|move: Light Screen\n|move|p2a: Bertha|Spikes|p1a: Dragapult\n|-sidestart|p1: Darkin 1|Spikes\n|\n|-status|p2a: Bertha|tox|[from] item: Toxic Orb\n|upkeep\n|turn|2\n|\n|t:|1700661431\n|move|p1a: Dragapult|Reflect|p1a: Dragapult\n|-sidestart|p1: Darkin 1|Reflect\n|move|p2a: Bertha|Taunt|p1a: Dragapult\n|-start|p1a: Dragapult|move: Taunt\n|\n|upkeep\n|turn|3\n|\n|t:|1700661436\n|move|p1a: Dragapult|U-turn|p2a: Bertha\n|-resisted|p2a: Bertha\n|-damage|p2a: Bertha|94\/100 tox\n|\n|t:|1700661445\n|switch|p1a: Toxapex|Toxapex, M|100\/100|[from] U-turn\n|-damage|p1a: Toxapex|88\/100|[from] Spikes\n|move|p2a: Bertha|Spikes|p1a: Toxapex\n|-sidestart|p1: Darkin 1|Spikes\n|\n|-heal|p1a: Toxapex|94\/100|[from] item: Leftovers\n|-heal|p2a: Bertha|100\/100 tox|[from] ability: Poison Heal\n|upkeep\n|turn|4\n|\n|t:|1700661455\n|move|p2a: Bertha|Protect|p2a: Bertha\n|-singleturn|p2a: Bertha|Protect\n|move|p1a: Toxapex|Toxic Spikes|p2a: Bertha\n|-sidestart|p2: Scarlet Devil Flan|move: Toxic Spikes\n|\n|-heal|p1a: Toxapex|100\/100|[from] item: Leftovers\n|upkeep\n|turn|5\n|\n|t:|1700661472\n|move|p2a: Bertha|Taunt|p1a: Toxapex\n|-start|p1a: Toxapex|move: Taunt\n|cant|p1a: Toxapex|move: Taunt|Toxic Spikes\n|\n|upkeep\n|turn|6\n|\n|t:|1700661476\n|move|p2a: Bertha|Protect|p2a: Bertha\n|-singleturn|p2a: Bertha|Protect\n|move|p1a: Toxapex|Surf|p2a: Bertha\n|-activate|p2a: Bertha|move: Protect\n|\n|upkeep\n|turn|7\n|\n|t:|1700661485\n|-terastallize|p2a: Bertha|Water\n|move|p2a: Bertha|Earthquake|p1a: Toxapex\n|-supereffective|p1a: Toxapex\n|-damage|p1a: Toxapex|80\/100\n|move|p1a: Toxapex|Surf|p2a: Bertha\n|-resisted|p2a: Bertha\n|-damage|p2a: Bertha|90\/100 tox\n|\n|-heal|p1a: Toxapex|87\/100|[from] item: Leftovers\n|-heal|p2a: Bertha|100\/100 tox|[from] ability: Poison Heal\n|-end|p1a: Toxapex|move: Taunt\n|upkeep\n|turn|8\n|\n|t:|1700661496\n|move|p2a: Bertha|Spikes|p1a: Toxapex\n|-sidestart|p1: Darkin 1|Spikes\n|move|p1a: Toxapex|Toxic Spikes|p2a: Bertha\n|-sidestart|p2: Scarlet Devil Flan|move: Toxic Spikes\n|\n|-heal|p1a: Toxapex|93\/100|[from] item: Leftovers\n|-sideend|p1: Darkin 1|move: Light Screen\n|upkeep\n|turn|9\n|\n|t:|1700661503\n|move|p2a: Bertha|Taunt|p1a: Toxapex\n|-start|p1a: Toxapex|move: Taunt\n|cant|p1a: Toxapex|move: Taunt|Toxic Spikes\n|\n|-heal|p1a: Toxapex|99\/100|[from] item: Leftovers\n|-sideend|p1: Darkin 1|Reflect\n|upkeep\n|turn|10\n|\n|t:|1700661514\n|switch|p1a: Corviknight|Corviknight, M|100\/100\n|-ability|p1a: Corviknight|Pressure\n|move|p2a: Bertha|Earthquake|p1a: Corviknight\n|-immune|p1a: Corviknight\n|\n|upkeep\n|turn|11\n|\n|t:|1700661529\n|switch|p2a: Chat-Bike|Miraidon|100\/100\n|-status|p2a: Chat-Bike|tox\n|-fieldstart|move: Electric Terrain|[from] ability: Hadron Engine|[of] p2a: Chat-Bike\n|move|p1a: Corviknight|Defog|p2a: Chat-Bike\n|-unboost|p2a: Chat-Bike|evasion|1\n|-sideend|p2: Scarlet Devil Flan|Toxic Spikes|[from] move: Defog|[of] p1a: Corviknight\n|-sideend|p1: Darkin 1|Spikes|[from] move: Defog|[of] p1a: Corviknight\n|-fieldend|move: Electric Terrain\n|\n|-damage|p2a: Chat-Bike|94\/100 tox|[from] psn\n|upkeep\n|turn|12\n|c|\u2606Scarlet Devil Flan|You helped me there more than you helped yourself.\n|\n|t:|1700661552\n|switch|p1a: Torterra|Torterra, M|100\/100\n|move|p2a: Chat-Bike|Electro Drift|p1a: Torterra\n|-immune|p1a: Torterra\n|\n|-damage|p2a: Chat-Bike|82\/100 tox|[from] psn\n|upkeep\n|turn|13\n|\n|t:|1700661562\n|switch|p2a: Bertha|Gliscor, F, tera:Water|100\/100 tox\n|move|p1a: Torterra|Rock Blast|p2a: Bertha\n|-damage|p2a: Bertha|95\/100 tox\n|-damage|p2a: Bertha|90\/100 tox\n|-damage|p2a: Bertha|85\/100 tox\n|-damage|p2a: Bertha|80\/100 tox\n|-damage|p2a: Bertha|74\/100 tox\n|-hitcount|p2a: Bertha|5\n|\n|-heal|p2a: Bertha|87\/100 tox|[from] ability: Poison Heal\n|upkeep\n|turn|14\n|\n|t:|1700661576\n|move|p2a: Bertha|Spikes|p1a: Torterra\n|-sidestart|p1: Darkin 1|Spikes\n|move|p1a: Torterra|Bullet Seed|p2a: Bertha\n|-supereffective|p2a: Bertha\n|-damage|p2a: Bertha|71\/100 tox\n|-supereffective|p2a: Bertha\n|-damage|p2a: Bertha|55\/100 tox\n|-supereffective|p2a: Bertha\n|-damage|p2a: Bertha|40\/100 tox\n|-supereffective|p2a: Bertha\n|-damage|p2a: Bertha|24\/100 tox\n|-hitcount|p2a: Bertha|4\n|\n|-heal|p2a: Bertha|36\/100 tox|[from] ability: Poison Heal\n|upkeep\n|turn|15\n|\n|t:|1700661603\n|switch|p2a: Hello Nurse!|Blissey, F|100\/100\n|move|p1a: Torterra|Bullet Seed|p2a: Hello Nurse!\n|-damage|p2a: Hello Nurse!|90\/100\n|-damage|p2a: Hello Nurse!|79\/100\n|-crit|p2a: Hello Nurse!\n|-damage|p2a: Hello Nurse!|63\/100\n|-damage|p2a: Hello Nurse!|52\/100\n|-damage|p2a: Hello Nurse!|42\/100\n|-hitcount|p2a: Hello Nurse!|5\n|\n|-heal|p2a: Hello Nurse!|48\/100|[from] item: Leftovers\n|upkeep\n|turn|16\n|\n|t:|1700661614\n|move|p1a: Torterra|Shell Smash|p1a: Torterra\n|-unboost|p1a: Torterra|def|1\n|-unboost|p1a: Torterra|spd|1\n|-boost|p1a: Torterra|atk|2\n|-boost|p1a: Torterra|spa|2\n|-boost|p1a: Torterra|spe|2\n|move|p2a: Hello Nurse!|Stealth Rock|p1a: Torterra\n|-sidestart|p1: Darkin 1|move: Stealth Rock\n|\n|-heal|p2a: Hello Nurse!|54\/100|[from] item: Leftovers\n|upkeep\n|turn|17\n|\n|t:|1700661622\n|move|p1a: Torterra|Shell Smash|p1a: Torterra\n|-unboost|p1a: Torterra|def|1\n|-unboost|p1a: Torterra|spd|1\n|-boost|p1a: Torterra|atk|2\n|-boost|p1a: Torterra|spa|2\n|-boost|p1a: Torterra|spe|2\n|move|p2a: Hello Nurse!|Chilling Water|p1a: Torterra\n|-damage|p1a: Torterra|79\/100\n|-unboost|p1a: Torterra|atk|1\n|\n|-heal|p2a: Hello Nurse!|60\/100|[from] item: Leftovers\n|upkeep\n|turn|18\n|\n|t:|1700661632\n|move|p1a: Torterra|Shell Smash|p1a: Torterra\n|-unboost|p1a: Torterra|def|1\n|-unboost|p1a: Torterra|spd|1\n|-boost|p1a: Torterra|atk|2\n|-boost|p1a: Torterra|spa|2\n|-boost|p1a: Torterra|spe|2\n|move|p2a: Hello Nurse!|Chilling Water|p1a: Torterra\n|-damage|p1a: Torterra|54\/100\n|-unboost|p1a: Torterra|atk|1\n|\n|-heal|p2a: Hello Nurse!|66\/100|[from] item: Leftovers\n|upkeep\n|turn|19\n|\n|t:|1700661642\n|move|p1a: Torterra|Rock Blast|p2a: Hello Nurse!\n|-damage|p2a: Hello Nurse!|46\/100\n|-damage|p2a: Hello Nurse!|24\/100\n|-damage|p2a: Hello Nurse!|3\/100\n|-damage|p2a: Hello Nurse!|0 fnt\n|faint|p2a: Hello Nurse!\n|-hitcount|p2: Hello Nurse!|4\n|\n|upkeep\n|\n|t:|1700661646\n|switch|p2a: Reversal|Palafin, F|100\/100\n|turn|20\n|\n|t:|1700661652\n|detailschange|p2a: Reversal|Palafin-Hero, F\n|switch|p2a: Chat-Bike|Miraidon|82\/100 tox\n|-fieldstart|move: Electric Terrain|[from] ability: Hadron Engine|[of] p2a: Chat-Bike\n|move|p1a: Torterra|Bullet Seed|p2a: Chat-Bike\n|-resisted|p2a: Chat-Bike\n|-crit|p2a: Chat-Bike\n|-damage|p2a: Chat-Bike|56\/100 tox\n|-resisted|p2a: Chat-Bike\n|-damage|p2a: Chat-Bike|41\/100 tox\n|-resisted|p2a: Chat-Bike\n|-damage|p2a: Chat-Bike|24\/100 tox\n|-resisted|p2a: Chat-Bike\n|-damage|p2a: Chat-Bike|9\/100 tox\n|-hitcount|p2a: Chat-Bike|4\n|\n|-damage|p2a: Chat-Bike|3\/100 tox|[from] psn\n|upkeep\n|turn|21\n|\n|t:|1700661666\n|move|p1a: Torterra|Bullet Seed|p2a: Chat-Bike\n|-resisted|p2a: Chat-Bike\n|-damage|p2a: Chat-Bike|0 fnt\n|faint|p2a: Chat-Bike\n|-hitcount|p2: Chat-Bike|1\n|\n|upkeep\n|\n|t:|1700661668\n|switch|p2a: Reversal|Palafin-Hero, F|100\/100\n|-activate|p2a: Reversal|ability: Zero to Hero\n|turn|22\n|\n|t:|1700661673\n|move|p2a: Reversal|Jet Punch|p1a: Torterra\n|-damage|p1a: Torterra|0 fnt\n|faint|p1a: Torterra\n|\n|upkeep\n|\n|t:|1700661678\n|switch|p1a: Toxapex|Toxapex, M|100\/100\n|-damage|p1a: Toxapex|88\/100|[from] Spikes\n|-damage|p1a: Toxapex|75\/100|[from] Stealth Rock\n|turn|23\n|\n|t:|1700661686\n|move|p2a: Reversal|Wave Crash|p1a: Toxapex\n|-resisted|p1a: Toxapex\n|-damage|p1a: Toxapex|55\/100\n|-damage|p2a: Reversal|94\/100|[from] Recoil\n|move|p1a: Toxapex|Toxic|p2a: Reversal\n|-status|p2a: Reversal|tox\n|\n|-heal|p1a: Toxapex|61\/100|[from] item: Leftovers\n|-damage|p2a: Reversal|88\/100 tox|[from] psn\n|upkeep\n|turn|24\n|\n|t:|1700661698\n|switch|p2a: Lightweight|Espathra, M|100\/100\n|-enditem|p2a: Lightweight|Electric Seed\n|-boost|p2a: Lightweight|def|1|[from] item: Electric Seed\n|switch|p1a: Corviknight|Corviknight, M|100\/100\n|-damage|p1a: Corviknight|88\/100|[from] Stealth Rock\n|-ability|p1a: Corviknight|Pressure\n|\n|-heal|p1a: Corviknight|94\/100|[from] item: Leftovers\n|-fieldend|move: Electric Terrain\n|upkeep\n|turn|25\n|\n|t:|1700661708\n|move|p2a: Lightweight|Calm Mind|p2a: Lightweight\n|-boost|p2a: Lightweight|spa|1\n|-boost|p2a: Lightweight|spd|1\n|move|p1a: Corviknight|Defog|p2a: Lightweight\n|-unboost|p2a: Lightweight|evasion|1\n|-sideend|p1: Darkin 1|Spikes|[from] move: Defog|[of] p1a: Corviknight\n|-sideend|p1: Darkin 1|Stealth Rock|[from] move: Defog|[of] p1a: Corviknight\n|\n|-heal|p1a: Corviknight|99\/100|[from] item: Leftovers\n|-ability|p2a: Lightweight|Speed Boost|boost\n|-boost|p2a: Lightweight|spe|1\n|upkeep\n|turn|26\n|\n|t:|1700661725\n|move|p2a: Lightweight|Calm Mind|p2a: Lightweight\n|-boost|p2a: Lightweight|spa|1\n|-boost|p2a: Lightweight|spd|1\n|move|p1a: Corviknight|U-turn|p2a: Lightweight\n|-supereffective|p2a: Lightweight\n|-damage|p2a: Lightweight|78\/100\n|\n|t:|1700661730\n|switch|p1a: Urshifu|Urshifu, M|100\/100|[from] U-turn\n|\n|-ability|p2a: Lightweight|Speed Boost|boost\n|-boost|p2a: Lightweight|spe|1\n|upkeep\n|turn|27\n|\n|t:|1700661736\n|move|p2a: Lightweight|Dazzling Gleam|p1a: Urshifu\n|-supereffective|p1a: Urshifu\n|-damage|p1a: Urshifu|0 fnt\n|faint|p1a: Urshifu\n|\n|-ability|p2a: Lightweight|Speed Boost|boost\n|-boost|p2a: Lightweight|spe|1\n|upkeep\n|\n|t:|1700661745\n|switch|p1a: Dragapult|Dragapult, M|100\/100\n|turn|28\n|\n|t:|1700661755\n|move|p2a: Lightweight|Dazzling Gleam|p1a: Dragapult\n|-supereffective|p1a: Dragapult\n|-damage|p1a: Dragapult|0 fnt\n|-start|p2a: Lightweight|Disable|Dazzling Gleam|[from] ability: Cursed Body|[of] p1a: Dragapult\n|faint|p1a: Dragapult\n|\n|-ability|p2a: Lightweight|Speed Boost|boost\n|-boost|p2a: Lightweight|spe|1\n|upkeep\n|\n|t:|1700661765\n|switch|p1a: Corviknight|Corviknight, M|99\/100\n|-ability|p1a: Corviknight|Pressure\n|turn|29\n|\n|t:|1700661770\n|move|p2a: Lightweight|Stored Power|p1a: Corviknight\n|-resisted|p1a: Corviknight\n|-damage|p1a: Corviknight|5\/100\n|move|p1a: Corviknight|Brave Bird|p2a: Lightweight\n|-damage|p2a: Lightweight|45\/100\n|-damage|p1a: Corviknight|0 fnt|[from] Recoil\n|faint|p1a: Corviknight\n|\n|-ability|p2a: Lightweight|Speed Boost|boost\n|-boost|p2a: Lightweight|spe|1\n|upkeep\n|\n|t:|1700661780\n|switch|p1a: Hatterene|Hatterene, F|100\/100\n|turn|30\n|\n|t:|1700661787\n|move|p2a: Lightweight|Calm Mind|p2a: Lightweight\n|-boost|p2a: Lightweight|spa|1\n|-boost|p2a: Lightweight|spd|1\n|move|p1a: Hatterene|Draining Kiss|p2a: Lightweight\n|-damage|p2a: Lightweight|29\/100\n|\n|-ability|p2a: Lightweight|Speed Boost|boost\n|-boost|p2a: Lightweight|spe|1\n|upkeep\n|turn|31\n|\n|t:|1700661795\n|move|p2a: Lightweight|Stored Power|p1a: Hatterene\n|-resisted|p1a: Hatterene\n|-damage|p1a: Hatterene|0 fnt\n|faint|p1a: Hatterene\n|\n|-end|p2a: Lightweight|Disable\n|upkeep\n|\n|t:|1700661800\n|switch|p1a: Toxapex|Toxapex, M|94\/100\n|turn|32\n|\n|t:|1700661805\n|move|p2a: Lightweight|Stored Power|p1a: Toxapex\n|-supereffective|p1a: Toxapex\n|-damage|p1a: Toxapex|0 fnt\n|faint|p1a: Toxapex\n|\n|win|Scarlet Devil Flan\n|raw|Darkin 1's rating: 1055 &rarr; <strong>1036<\/strong><br \/>(-19 for losing)\n|raw|Scarlet Devil Flan's rating: 1033 &rarr; <strong>1070<\/strong><br \/>(+37 for winning)\n","uploadtime":1700661815,"views":1,"p1id":"darkin1","p2id":"scarletdevilflan","formatid":"gen9ubers","rating":1036,"private":0,"password":""}