{"id":"gen9ubers-1976366636","p1":"Dragon Master Rosa","p2":"godiamsosorry","format":"[Gen 9] Ubers","log":"|j|\u2606Dragon Master Rosa\n|j|\u2606godiamsosorry\n|t:|1698291928\n|gametype|singles\n|player|p1|Dragon Master Rosa|dragontamer-gen9|\n|player|p2|godiamsosorry|scientistf|\n|teamsize|p1|6\n|teamsize|p2|6\n|gen|9\n|tier|[Gen 9] Ubers\n|rule|Sleep Clause Mod: Limit one foe put to sleep\n|rule|Species Clause: Limit one of each Pok\u00e9mon\n|rule|OHKO Clause: OHKO moves are banned\n|rule|Evasion Items Clause: Evasion items are banned\n|rule|Evasion Moves Clause: Evasion moves are banned\n|rule|Endless Battle Clause: Forcing endless battles is banned\n|rule|HP Percentage Mod: HP is shown in percentages\n|clearpoke\n|poke|p1|Toxtricity, F|\n|poke|p1|Weezing-Galar, F|\n|poke|p1|Greninja-*, M|\n|poke|p1|Zoroark-Hisui, F|\n|poke|p1|Landorus-Therian, M|\n|poke|p1|Blissey, F|\n|poke|p2|Medicham, F|\n|poke|p2|Zoroark-Hisui, M|\n|poke|p2|Palafin, F|\n|poke|p2|Enamorus, F|\n|poke|p2|Toedscruel, F|\n|poke|p2|Slowking-Galar, F|\n|teampreview\n|c|\u2606godiamsosorry|Hey uh\n|c|\u2606godiamsosorry|You know what I said about being surprised Iron Hands can legally use Tera Blast?\n|c|\u2606godiamsosorry|I have bad news.\n|c|\u2606Dragon Master Rosa|oh shit\n|c|\u2606godiamsosorry|Honestly Zoro is really cool and I am glad that it\u00b4s viable.\n|c|\u2606godiamsosorry|Even w\/o illusion it would be really good but it adds an extra layer of skill to the tier that nothing else can replicate.\n|c|\u2606Dragon Master Rosa|ye\n|c|\u2606Dragon Master Rosa|ye\n|c|\u2606Dragon Master Rosa|wifi moment\n|\n|t:|1698292065\n|start\n|switch|p1a: Greninja|Greninja, M|100\/100\n|switch|p2a: Palafin|Palafin, F|100\/100\n|turn|1\n|\n|t:|1698292083\n|move|p1a: Greninja|Swords Dance|p1a: Greninja\n|-boost|p1a: Greninja|atk|2\n|move|p2a: Palafin|Hydro Pump|p1a: Greninja\n|-damage|p1a: Greninja|0 fnt\n|replace|p1a: Zoroark|Zoroark-Hisui, F\n|-end|p1a: Zoroark|Illusion\n|faint|p1a: Zoroark\n|\n|upkeep\n|\n|t:|1698292089\n|switch|p1a: Toxtricity|Toxtricity, F|100\/100\n|turn|2\n|\n|t:|1698292095\n|detailschange|p2a: Palafin|Palafin-Hero, F\n|switch|p2a: Enamorus|Enamorus, F|100\/100\n|move|p1a: Toxtricity|Shift Gear|p1a: Toxtricity\n|-boost|p1a: Toxtricity|spe|2\n|-boost|p1a: Toxtricity|atk|1\n|\n|upkeep\n|turn|3\n|\n|t:|1698292104\n|move|p1a: Toxtricity|Shift Gear|p1a: Toxtricity\n|-boost|p1a: Toxtricity|spe|2\n|-boost|p1a: Toxtricity|atk|1\n|move|p2a: Enamorus|Superpower|p1a: Toxtricity\n|-resisted|p1a: Toxtricity\n|-damage|p1a: Toxtricity|71\/100\n|-boost|p2a: Enamorus|atk|1\n|-boost|p2a: Enamorus|def|1\n|\n|upkeep\n|turn|4\n|\n|t:|1698292108\n|-terastallize|p2a: Enamorus|Steel\n|move|p1a: Toxtricity|Shift Gear|p1a: Toxtricity\n|-boost|p1a: Toxtricity|spe|2\n|-boost|p1a: Toxtricity|atk|1\n|move|p2a: Enamorus|Superpower|p1a: Toxtricity\n|-resisted|p1a: Toxtricity\n|-damage|p1a: Toxtricity|28\/100\n|-boost|p2a: Enamorus|atk|1\n|-boost|p2a: Enamorus|def|1\n|\n|upkeep\n|turn|5\n|c|\u2606Dragon Master Rosa|ggwp\n|\n|t:|1698292125\n|move|p1a: Toxtricity|Flail|p2a: Enamorus\n|-resisted|p2a: Enamorus\n|-damage|p2a: Enamorus|75\/100\n|move|p2a: Enamorus|Iron Head|p1a: Toxtricity\n|-resisted|p1a: Toxtricity\n|-damage|p1a: Toxtricity|0 fnt\n|faint|p1a: Toxtricity\n|\n|-heal|p2a: Enamorus|81\/100|[from] item: Leftovers\n|upkeep\n|\n|t:|1698292133\n|switch|p1a: Greninja|Greninja, M|100\/100\n|turn|6\n|\n|t:|1698292136\n|move|p1a: Greninja|Shadow Sneak|p2a: Enamorus\n|-damage|p2a: Enamorus|67\/100\n|move|p2a: Enamorus|Superpower|p1a: Greninja\n|-supereffective|p1a: Greninja\n|-damage|p1a: Greninja|0 fnt\n|-boost|p2a: Enamorus|atk|1\n|-boost|p2a: Enamorus|def|1\n|faint|p1a: Greninja\n|\n|-heal|p2a: Enamorus|73\/100|[from] item: Leftovers\n|upkeep\n|c|\u2606godiamsosorry|Gg.\n|c|\u2606Dragon Master Rosa|wrong ability moment\n|\n|t:|1698292146\n|switch|p1a: Blissey|Blissey, F|100\/100\n|turn|7\n|c|\u2606godiamsosorry|This is kind of why I think Enam might be problematic.\n|\n|t:|1698292150\n|-terastallize|p1a: Blissey|Ghost\n|move|p2a: Enamorus|Superpower|p1a: Blissey\n|-immune|p1a: Blissey\n|move|p1a: Blissey|Thunder Wave|p2a: Enamorus|[miss]\n|-miss|p1a: Blissey|p2a: Enamorus\n|\n|-heal|p2a: Enamorus|79\/100|[from] item: Leftovers\n|upkeep\n|turn|8\n|c|\u2606Dragon Master Rosa|my teams kinda suck\n|c|\u2606godiamsosorry|Oh, brother.\n|\n|t:|1698292157\n|move|p2a: Enamorus|Substitute|p2a: Enamorus\n|-start|p2a: Enamorus|Substitute\n|-damage|p2a: Enamorus|54\/100\n|move|p1a: Blissey|Thunder Wave||[still]\n|-fail|p1a: Blissey\n|\n|-heal|p2a: Enamorus|61\/100|[from] item: Leftovers\n|upkeep\n|turn|9\n|c|\u2606godiamsosorry|I think this could also be the Azelf Effect.\n|-message|Dragon Master Rosa forfeited.\n|\n|win|godiamsosorry\n|l|\u2606Dragon Master Rosa\n","uploadtime":1698292175,"views":16,"p1id":"dragonmasterrosa","p2id":"godiamsosorry","formatid":"gen9ubers","rating":0,"private":0,"password":""}