{"id":"gen9ubers-1996362738","p1":"Primordiallite","p2":"Dread Hades 0","format":"[Gen 9] Ubers","log":"|j|\u2606Primordiallite\n|j|\u2606Dread Hades 0\n|t:|1700674852\n|gametype|singles\n|player|p1|Primordiallite|boarder|\n|player|p2|Dread Hades 0|guzma|\n|teamsize|p1|6\n|teamsize|p2|6\n|gen|9\n|tier|[Gen 9] Ubers\n|rated|Tournament battle\n|rule|Sleep Clause Mod: Limit one foe put to sleep\n|rule|Species Clause: Limit one of each Pok\u00e9mon\n|rule|OHKO Clause: OHKO moves are banned\n|rule|Evasion Items Clause: Evasion items are banned\n|rule|Evasion Moves Clause: Evasion moves are banned\n|rule|Endless Battle Clause: Forcing endless battles is banned\n|rule|HP Percentage Mod: HP is shown in percentages\n|clearpoke\n|poke|p1|Toxapex, F|\n|poke|p1|Clodsire, M|\n|poke|p1|Koraidon|\n|poke|p1|Giratina-Origin|\n|poke|p1|Dondozo, F|\n|poke|p1|Blissey, F|\n|poke|p2|Arceus|\n|poke|p2|Polteageist-Antique|\n|poke|p2|Zacian-*|\n|poke|p2|Eternatus|\n|poke|p2|Koraidon|\n|poke|p2|Ribombee, F|\n|teampreview\n|inactive|Battle timer is ON: inactive players will automatically lose when time's up. (requested by Dread Hades 0)\n|c|\u2606Dread Hades 0|for fucks sake\n|l|\u2606Primordiallite\n|inactive|Primordiallite disconnected and has a minute to reconnect!\n|player|p1|\n|j|\u2606Primordiallite\n|inactive|Primordiallite reconnected and has 120 seconds left.\n|player|p1|Primordiallite|boarder\n|c|\u2606Primordiallite|Huh\n|\n|t:|1700674903\n|start\n|switch|p1a: bleb|Clodsire, M|100\/100\n|switch|p2a: heineko|Ribombee, F, shiny|100\/100\n|turn|1\n|\n|t:|1700674923\n|move|p2a: heineko|Sticky Web|p1a: bleb\n|-sidestart|p1: Primordiallite|move: Sticky Web\n|move|p1a: bleb|Stealth Rock|p2a: heineko\n|-sidestart|p2: Dread Hades 0|move: Stealth Rock\n|\n|upkeep\n|turn|2\n|c|\u2606Dread Hades 0|icba\n|\n|t:|1700674939\n|switch|p2a: meliodas|Arceus|100\/100\n|-damage|p2a: meliodas|88\/100|[from] Stealth Rock\n|move|p1a: bleb|Spikes|p2a: meliodas\n|-sidestart|p2: Dread Hades 0|Spikes\n|\n|upkeep\n|turn|3\n|c|\u2606Primordiallite|Tf does that mean\n|\n|t:|1700674952\n|switch|p1a: poxatex|Toxapex, F|100\/100\n|move|p2a: meliodas|Dragon Dance|p2a: meliodas\n|-boost|p2a: meliodas|atk|1\n|-boost|p2a: meliodas|spe|1\n|\n|upkeep\n|turn|4\n|\n|t:|1700674971\n|move|p1a: poxatex|Baneful Bunker|p1a: poxatex\n|-singleturn|p1a: poxatex|move: Protect\n|move|p2a: meliodas|Dragon Dance|p2a: meliodas\n|-boost|p2a: meliodas|atk|1\n|-boost|p2a: meliodas|spe|1\n|\n|upkeep\n|turn|5\n|\n|t:|1700674978\n|switch|p1a: bonchozo|Dondozo, F|100\/100\n|move|p2a: meliodas|Extreme Speed|p1a: bonchozo\n|-damage|p1a: bonchozo|76\/100\n|\n|upkeep\n|turn|6\n|\n|t:|1700674981\n|move|p2a: meliodas|Extreme Speed|p1a: bonchozo\n|-damage|p1a: bonchozo|51\/100\n|move|p1a: bonchozo|Body Press|p2a: meliodas\n|-supereffective|p2a: meliodas\n|-damage|p2a: meliodas|47\/100\n|\n|upkeep\n|turn|7\n|\n|t:|1700674985\n|move|p2a: meliodas|Extreme Speed|p1a: bonchozo\n|-damage|p1a: bonchozo|28\/100\n|move|p1a: bonchozo|Rest|p1a: bonchozo\n|-status|p1a: bonchozo|slp|[from] move: Rest\n|-heal|p1a: bonchozo|100\/100 slp|[silent]\n|\n|upkeep\n|turn|8\n|\n|t:|1700674988\n|move|p2a: meliodas|Extreme Speed|p1a: bonchozo\n|-damage|p1a: bonchozo|78\/100 slp\n|cant|p1a: bonchozo|slp\n|move|p1a: bonchozo|Sleep Talk|p1a: bonchozo\n|move|p1a: bonchozo|Avalanche|p2a: meliodas|[from]move: Sleep Talk\n|-damage|p2a: meliodas|25\/100\n|\n|upkeep\n|turn|9\n|\n|t:|1700674991\n|move|p2a: meliodas|Extreme Speed|p1a: bonchozo\n|-damage|p1a: bonchozo|56\/100 slp\n|cant|p1a: bonchozo|slp\n|move|p1a: bonchozo|Sleep Talk|p1a: bonchozo\n|move|p1a: bonchozo|Body Press|p2a: meliodas|[from]move: Sleep Talk\n|-supereffective|p2a: meliodas\n|-crit|p2a: meliodas\n|-damage|p2a: meliodas|0 fnt\n|faint|p2a: meliodas\n|\n|upkeep\n|\n|t:|1700675000\n|switch|p2a: Grayroad|Polteageist-Antique|100\/100\n|-damage|p2a: Grayroad|88\/100|[from] Stealth Rock\n|-damage|p2a: Grayroad|76\/100|[from] Spikes\n|turn|10\n|\n|t:|1700675010\n|move|p2a: Grayroad|Shell Smash|p2a: Grayroad\n|-unboost|p2a: Grayroad|def|1\n|-unboost|p2a: Grayroad|spd|1\n|-boost|p2a: Grayroad|atk|2\n|-boost|p2a: Grayroad|spa|2\n|-boost|p2a: Grayroad|spe|2\n|-curestatus|p1a: bonchozo|slp|[msg]\n|move|p1a: bonchozo|Rest|p1a: bonchozo\n|-status|p1a: bonchozo|slp|[from] move: Rest\n|-heal|p1a: bonchozo|100\/100 slp|[silent]\n|\n|upkeep\n|turn|11\n|c|\u2606Dread Hades 0|this is wat i hate\n|c|\u2606Dread Hades 0|omdz\n|\n|t:|1700675018\n|switch|p1a: poxatex|Toxapex, F|100\/100\n|move|p2a: Grayroad|Giga Drain|p1a: poxatex\n|-damage|p1a: poxatex|55\/100\n|-heal|p2a: Grayroad|100\/100|[from] drain|[of] p1a: poxatex\n|\n|upkeep\n|turn|12\n|\n|t:|1700675025\n|move|p1a: poxatex|Baneful Bunker|p1a: poxatex\n|-singleturn|p1a: poxatex|move: Protect\n|move|p2a: Grayroad|Psychic|p1a: poxatex\n|-activate|p1a: poxatex|move: Protect\n|\n|upkeep\n|turn|13\n|\n|t:|1700675031\n|switch|p1a: Egg|Blissey, F|100\/100\n|move|p2a: Grayroad|Psychic|p1a: Egg\n|-damage|p1a: Egg|77\/100\n|\n|upkeep\n|turn|14\n|\n|t:|1700675044\n|switch|p1a: bleb|Clodsire, M|100\/100\n|-activate|p1a: bleb|move: Sticky Web\n|-unboost|p1a: bleb|spe|1\n|move|p2a: Grayroad|Psychic|p1a: bleb\n|-supereffective|p1a: bleb\n|-damage|p1a: bleb|66\/100\n|\n|-heal|p1a: bleb|72\/100|[from] item: Leftovers\n|upkeep\n|turn|15\n|\n|t:|1700675054\n|-terastallize|p1a: bleb|Dark\n|move|p2a: Grayroad|Psychic|p1a: bleb\n|-immune|p1a: bleb\n|move|p1a: bleb|Poison Jab|p2a: Grayroad\n|-resisted|p2a: Grayroad\n|-damage|p2a: Grayroad|80\/100\n|-status|p2a: Grayroad|psn\n|-ability|p2a: Grayroad|Weak Armor|boost\n|-unboost|p2a: Grayroad|def|1\n|-boost|p2a: Grayroad|spe|2\n|\n|-heal|p1a: bleb|78\/100|[from] item: Leftovers\n|-damage|p2a: Grayroad|68\/100 psn|[from] psn\n|upkeep\n|turn|16\n|\n|t:|1700675058\n|move|p2a: Grayroad|Shadow Ball|p1a: bleb\n|-resisted|p1a: bleb\n|-damage|p1a: bleb|65\/100\n|move|p1a: bleb|Spikes|p2a: Grayroad\n|-sidestart|p2: Dread Hades 0|Spikes\n|\n|-heal|p1a: bleb|71\/100|[from] item: Leftovers\n|-damage|p2a: Grayroad|56\/100 psn|[from] psn\n|upkeep\n|turn|17\n|\n|t:|1700675061\n|move|p2a: Grayroad|Giga Drain|p1a: bleb\n|-damage|p1a: bleb|55\/100\n|-heal|p2a: Grayroad|70\/100 psn|[from] drain|[of] p1a: bleb\n|move|p1a: bleb|Spikes|p2a: Grayroad\n|-sidestart|p2: Dread Hades 0|Spikes\n|\n|-heal|p1a: bleb|61\/100|[from] item: Leftovers\n|-damage|p2a: Grayroad|58\/100 psn|[from] psn\n|upkeep\n|turn|18\n|\n|t:|1700675064\n|move|p2a: Grayroad|Shadow Ball|p1a: bleb\n|-resisted|p1a: bleb\n|-damage|p1a: bleb|48\/100\n|-unboost|p1a: bleb|spd|1\n|move|p1a: bleb|Recover|p1a: bleb\n|-heal|p1a: bleb|98\/100\n|\n|-heal|p1a: bleb|100\/100|[from] item: Leftovers\n|-damage|p2a: Grayroad|45\/100 psn|[from] psn\n|upkeep\n|turn|19\n|\n|t:|1700675068\n|move|p2a: Grayroad|Shadow Ball|p1a: bleb\n|-resisted|p1a: bleb\n|-damage|p1a: bleb|82\/100\n|move|p1a: bleb|Poison Jab|p2a: Grayroad\n|-resisted|p2a: Grayroad\n|-damage|p2a: Grayroad|25\/100 psn\n|-ability|p2a: Grayroad|Weak Armor|boost\n|-unboost|p2a: Grayroad|def|1\n|-boost|p2a: Grayroad|spe|2\n|\n|-heal|p1a: bleb|88\/100|[from] item: Leftovers\n|-damage|p2a: Grayroad|13\/100 psn|[from] psn\n|upkeep\n|turn|20\n|\n|t:|1700675073\n|switch|p1a: Egg|Blissey, F|77\/100\n|move|p2a: Grayroad|Shadow Ball|p1a: Egg\n|-immune|p1a: Egg\n|\n|-damage|p2a: Grayroad|1\/100 psn|[from] psn\n|upkeep\n|turn|21\n|\n|t:|1700675077\n|move|p2a: Grayroad|Shadow Ball|p1a: Egg\n|-immune|p1a: Egg\n|move|p1a: Egg|Soft-Boiled|p1a: Egg\n|-heal|p1a: Egg|100\/100\n|\n|-damage|p2a: Grayroad|0 fnt|[from] psn\n|faint|p2a: Grayroad\n|upkeep\n|\n|t:|1700675082\n|switch|p2a: Koraidon|Koraidon|100\/100\n|-damage|p2a: Koraidon|94\/100|[from] Stealth Rock\n|-damage|p2a: Koraidon|69\/100|[from] Spikes\n|-weather|SunnyDay|[from] ability: Orichalcum Pulse|[of] p2a: Koraidon\n|-activate|p2a: Koraidon|Orichalcum Pulse|[source]\n|turn|22\n|\n|t:|1700675087\n|switch|p1a: bonchozo|Dondozo, F|100\/100 slp\n|move|p2a: Koraidon|Swords Dance|p2a: Koraidon\n|-boost|p2a: Koraidon|atk|2\n|\n|-weather|SunnyDay|[upkeep]\n|upkeep\n|turn|23\n|\n|t:|1700675094\n|-terastallize|p2a: Koraidon|Fighting\n|move|p2a: Koraidon|Collision Course|p1a: bonchozo\n|-damage|p1a: bonchozo|61\/100 slp\n|cant|p1a: bonchozo|slp\n|move|p1a: bonchozo|Sleep Talk|p1a: bonchozo\n|move|p1a: bonchozo|Avalanche|p2a: Koraidon|[from]move: Sleep Talk\n|-damage|p2a: Koraidon|46\/100\n|\n|-weather|SunnyDay|[upkeep]\n|upkeep\n|turn|24\n|\n|t:|1700675101\n|switch|p1a: poxatex|Toxapex, F|88\/100\n|move|p2a: Koraidon|Flare Blitz|p1a: poxatex\n|-resisted|p1a: poxatex\n|-crit|p1a: poxatex\n|-damage|p1a: poxatex|5\/100\n|-damage|p2a: Koraidon|21\/100|[from] Recoil\n|\n|-weather|SunnyDay|[upkeep]\n|upkeep\n|turn|25\n|\n|t:|1700675104\n|move|p1a: poxatex|Baneful Bunker|p1a: poxatex\n|-singleturn|p1a: poxatex|move: Protect\n|move|p2a: Koraidon|Scale Shot|p1a: poxatex\n|-activate|p1a: poxatex|move: Protect\n|\n|-weather|SunnyDay|[upkeep]\n|upkeep\n|turn|26\n|\n|t:|1700675110\n|switch|p1a: pleb|Giratina-Origin|100\/100\n|move|p2a: Koraidon|Scale Shot|p1a: pleb\n|-supereffective|p1a: pleb\n|-damage|p1a: pleb|67\/100\n|-supereffective|p1a: pleb\n|-damage|p1a: pleb|31\/100\n|-hitcount|p1a: pleb|2\n|-unboost|p2a: Koraidon|def|1\n|-boost|p2a: Koraidon|spe|1\n|\n|-weather|none\n|upkeep\n|turn|27\n|\n|t:|1700675114\n|move|p2a: Koraidon|Scale Shot|p1a: pleb|[miss]\n|-miss|p2a: Koraidon|p1a: pleb\n|move|p1a: pleb|Hex|p2a: Koraidon\n|-damage|p2a: Koraidon|0 fnt\n|faint|p2a: Koraidon\n|\n|upkeep\n|\n|t:|1700675121\n|switch|p2a: zeldris|Zacian-Crowned|100\/100\n|-damage|p2a: zeldris|94\/100|[from] Stealth Rock\n|-damage|p2a: zeldris|69\/100|[from] Spikes\n|-ability|p2a: zeldris|Intrepid Sword|boost\n|-boost|p2a: zeldris|atk|1\n|turn|28\n|\n|t:|1700675124\n|move|p2a: zeldris|Play Rough|p1a: pleb\n|-supereffective|p1a: pleb\n|-damage|p1a: pleb|0 fnt\n|faint|p1a: pleb\n|\n|upkeep\n|\n|t:|1700675128\n|switch|p1a: bonchozo|Dondozo, F|61\/100 slp\n|turn|29\n|\n|t:|1700675131\n|move|p2a: zeldris|Swords Dance|p2a: zeldris\n|-boost|p2a: zeldris|atk|2\n|cant|p1a: bonchozo|slp\n|move|p1a: bonchozo|Sleep Talk|p1a: bonchozo\n|move|p1a: bonchozo|Body Press|p2a: zeldris|[from]move: Sleep Talk\n|-damage|p2a: zeldris|44\/100\n|\n|upkeep\n|turn|30\n|\n|t:|1700675138\n|move|p2a: zeldris|Play Rough|p1a: bonchozo\n|-damage|p1a: bonchozo|37\/100 slp\n|-curestatus|p1a: bonchozo|slp|[msg]\n|move|p1a: bonchozo|Rest|p1a: bonchozo\n|-status|p1a: bonchozo|slp|[from] move: Rest\n|-heal|p1a: bonchozo|100\/100 slp|[silent]\n|\n|upkeep\n|turn|31\n|\n|t:|1700675143\n|move|p2a: zeldris|Swords Dance|p2a: zeldris\n|-boost|p2a: zeldris|atk|2\n|cant|p1a: bonchozo|slp\n|move|p1a: bonchozo|Sleep Talk|p1a: bonchozo\n|move|p1a: bonchozo|Avalanche|p2a: zeldris|[from]move: Sleep Talk\n|-resisted|p2a: zeldris\n|-damage|p2a: zeldris|37\/100\n|\n|upkeep\n|turn|32\n|\n|t:|1700675145\n|move|p2a: zeldris|Sacred Sword|p1a: bonchozo\n|-damage|p1a: bonchozo|85\/100 slp\n|cant|p1a: bonchozo|slp\n|move|p1a: bonchozo|Sleep Talk|p1a: bonchozo\n|move|p1a: bonchozo|Avalanche|p2a: zeldris|[from]move: Sleep Talk\n|-resisted|p2a: zeldris\n|-damage|p2a: zeldris|24\/100\n|\n|upkeep\n|turn|33\n|\n|t:|1700675149\n|move|p2a: zeldris|Behemoth Blade|p1a: bonchozo\n|-resisted|p1a: bonchozo\n|-damage|p1a: bonchozo|72\/100 slp\n|-curestatus|p1a: bonchozo|slp|[msg]\n|move|p1a: bonchozo|Body Press|p2a: zeldris\n|-damage|p2a: zeldris|0 fnt\n|faint|p2a: zeldris\n|\n|upkeep\n|\n|t:|1700675156\n|switch|p2a: heineko|Ribombee, F, shiny|100\/100\n|-damage|p2a: heineko|76\/100|[from] Stealth Rock\n|-damage|p2a: heineko|51\/100|[from] Spikes\n|turn|34\n|\n|t:|1700675161\n|switch|p1a: poxatex|Toxapex, F|38\/100\n|move|p2a: heineko|Stun Spore|p1a: poxatex\n|-status|p1a: poxatex|par\n|\n|upkeep\n|turn|35\n|\n|t:|1700675166\n|switch|p1a: Egg|Blissey, F|100\/100\n|move|p2a: heineko|Quiver Dance|p2a: heineko\n|-boost|p2a: heineko|spa|1\n|-boost|p2a: heineko|spd|1\n|-boost|p2a: heineko|spe|1\n|\n|upkeep\n|turn|36\n|\n|t:|1700675173\n|move|p2a: heineko|Stun Spore|p1a: Egg\n|-status|p1a: Egg|par\n|cant|p1a: Egg|par\n|\n|upkeep\n|turn|37\n|\n|t:|1700675178\n|move|p2a: heineko|Quiver Dance|p2a: heineko\n|-boost|p2a: heineko|spa|1\n|-boost|p2a: heineko|spd|1\n|-boost|p2a: heineko|spe|1\n|move|p1a: Egg|Seismic Toss|p2a: heineko\n|-damage|p2a: heineko|12\/100\n|\n|upkeep\n|turn|38\n|\n|t:|1700675183\n|move|p2a: heineko|Moonblast|p1a: Egg\n|-damage|p1a: Egg|72\/100 par\n|move|p1a: Egg|Calm Mind|p1a: Egg\n|-boost|p1a: Egg|spa|1\n|-boost|p1a: Egg|spd|1\n|\n|upkeep\n|turn|39\n|\n|t:|1700675188\n|move|p2a: heineko|Moonblast|p1a: Egg\n|-crit|p1a: Egg\n|-damage|p1a: Egg|33\/100 par\n|move|p1a: Egg|Soft-Boiled|p1a: Egg\n|-heal|p1a: Egg|83\/100 par\n|\n|upkeep\n|turn|40\n|\n|t:|1700675190\n|move|p2a: heineko|Moonblast|p1a: Egg\n|-damage|p1a: Egg|65\/100 par\n|-unboost|p1a: Egg|spa|1\n|move|p1a: Egg|Seismic Toss|p2a: heineko\n|-damage|p2a: heineko|0 fnt\n|faint|p2a: heineko\n|\n|upkeep\n|\n|t:|1700675192\n|switch|p2a: Demon king|Eternatus|100\/100\n|-damage|p2a: Demon king|88\/100|[from] Stealth Rock\n|-damage|p2a: Demon king|63\/100|[from] Spikes\n|-ability|p2a: Demon king|Pressure\n|turn|41\n|\n|t:|1700675197\n|-curestatus|p1a: Egg|par|[from] ability: Natural Cure\n|switch|p1a: bleb|Clodsire, M, tera:Dark|88\/100\n|-activate|p1a: bleb|move: Sticky Web\n|-unboost|p1a: bleb|spe|1\n|move|p2a: Demon king|Confuse Ray|p1a: bleb\n|-start|p1a: bleb|confusion\n|\n|-heal|p2a: Demon king|69\/100|[from] item: Leftovers\n|-heal|p1a: bleb|94\/100|[from] item: Leftovers\n|upkeep\n|turn|42\n|\n|t:|1700675202\n|switch|p1a: Egg|Blissey, F|65\/100\n|move|p2a: Demon king|Dynamax Cannon|p1a: Egg\n|-damage|p1a: Egg|47\/100\n|\n|-heal|p2a: Demon king|75\/100|[from] item: Leftovers\n|upkeep\n|turn|43\n|\n|t:|1700675204\n|move|p2a: Demon king|Confuse Ray|p1a: Egg\n|-start|p1a: Egg|confusion\n|-activate|p1a: Egg|confusion\n|move|p1a: Egg|Soft-Boiled|p1a: Egg\n|-heal|p1a: Egg|97\/100\n|\n|-heal|p2a: Demon king|82\/100|[from] item: Leftovers\n|upkeep\n|turn|44\n|\n|t:|1700675208\n|switch|p1a: bleb|Clodsire, M, tera:Dark|94\/100\n|-activate|p1a: bleb|move: Sticky Web\n|-unboost|p1a: bleb|spe|1\n|move|p2a: Demon king|Sludge Bomb|p1a: bleb\n|-damage|p1a: bleb|69\/100\n|\n|-heal|p2a: Demon king|88\/100|[from] item: Leftovers\n|-heal|p1a: bleb|75\/100|[from] item: Leftovers\n|upkeep\n|turn|45\n|\n|t:|1700675211\n|switch|p1a: Egg|Blissey, F|97\/100\n|move|p2a: Demon king|Confuse Ray|p1a: Egg\n|-start|p1a: Egg|confusion\n|\n|-heal|p2a: Demon king|94\/100|[from] item: Leftovers\n|upkeep\n|turn|46\n|\n|t:|1700675214\n|switch|p1a: poxatex|Toxapex, F|72\/100 par\n|move|p2a: Demon king|Sludge Bomb|p1a: poxatex\n|-resisted|p1a: poxatex\n|-damage|p1a: poxatex|49\/100 par\n|\n|-heal|p2a: Demon king|99\/100|[from] item: Leftovers\n|upkeep\n|turn|47\n|\n|t:|1700675218\n|switch|p1a: Egg|Blissey, F|97\/100\n|move|p2a: Demon king|Confuse Ray|p1a: Egg\n|-start|p1a: Egg|confusion\n|\n|-heal|p2a: Demon king|100\/100|[from] item: Leftovers\n|upkeep\n|turn|48\n|\n|t:|1700675222\n|switch|p1a: poxatex|Toxapex, F|82\/100 par\n|move|p2a: Demon king|Dynamax Cannon|p1a: poxatex\n|-damage|p1a: poxatex|35\/100 par\n|\n|upkeep\n|turn|49\n|\n|t:|1700675225\n|switch|p1a: Egg|Blissey, F|97\/100\n|move|p2a: Demon king|Confuse Ray|p1a: Egg\n|-start|p1a: Egg|confusion\n|\n|upkeep\n|turn|50\n|\n|t:|1700675227\n|switch|p1a: poxatex|Toxapex, F|69\/100 par\n|move|p2a: Demon king|Dynamax Cannon|p1a: poxatex\n|-damage|p1a: poxatex|21\/100 par\n|\n|upkeep\n|turn|51\n|\n|t:|1700675230\n|switch|p1a: Egg|Blissey, F|97\/100\n|move|p2a: Demon king|Confuse Ray|p1a: Egg\n|-start|p1a: Egg|confusion\n|\n|upkeep\n|turn|52\n|\n|t:|1700675235\n|move|p2a: Demon king|Dynamax Cannon|p1a: Egg\n|-damage|p1a: Egg|78\/100\n|-activate|p1a: Egg|confusion\n|-damage|p1a: Egg|77\/100|[from] confusion\n|\n|upkeep\n|turn|53\n|\n|t:|1700675238\n|switch|p1a: poxatex|Toxapex, F|55\/100 par\n|move|p2a: Demon king|Sludge Bomb|p1a: poxatex\n|-resisted|p1a: poxatex\n|-damage|p1a: poxatex|34\/100 par\n|\n|upkeep\n|turn|54\n|\n|t:|1700675243\n|switch|p1a: Egg|Blissey, F|77\/100\n|move|p2a: Demon king|Dynamax Cannon|p1a: Egg\n|-damage|p1a: Egg|59\/100\n|\n|upkeep\n|turn|55\n|\n|t:|1700675246\n|move|p2a: Demon king|Confuse Ray|p1a: Egg\n|-start|p1a: Egg|confusion\n|-activate|p1a: Egg|confusion\n|move|p1a: Egg|Soft-Boiled|p1a: Egg\n|-heal|p1a: Egg|100\/100\n|\n|upkeep\n|turn|56\n|\n|t:|1700675250\n|switch|p1a: bleb|Clodsire, M, tera:Dark|75\/100\n|-activate|p1a: bleb|move: Sticky Web\n|-unboost|p1a: bleb|spe|1\n|move|p2a: Demon king|Sludge Bomb|p1a: bleb\n|-damage|p1a: bleb|49\/100\n|\n|-heal|p1a: bleb|55\/100|[from] item: Leftovers\n|upkeep\n|turn|57\n|\n|t:|1700675254\n|move|p2a: Demon king|Confuse Ray|p1a: bleb\n|-start|p1a: bleb|confusion\n|-activate|p1a: bleb|confusion\n|move|p1a: bleb|Recover|p1a: bleb\n|-heal|p1a: bleb|100\/100\n|\n|upkeep\n|turn|58\n|\n|t:|1700675257\n|switch|p1a: Egg|Blissey, F|100\/100\n|move|p2a: Demon king|Dynamax Cannon|p1a: Egg\n|-damage|p1a: Egg|85\/100\n|\n|upkeep\n|turn|59\n|\n|t:|1700675263\n|switch|p1a: bleb|Clodsire, M, tera:Dark|100\/100\n|-activate|p1a: bleb|move: Sticky Web\n|-unboost|p1a: bleb|spe|1\n|move|p2a: Demon king|Confuse Ray|p1a: bleb\n|-start|p1a: bleb|confusion\n|\n|upkeep\n|turn|60\n|\n|t:|1700675265\n|switch|p1a: Egg|Blissey, F|85\/100\n|move|p2a: Demon king|Sludge Bomb|p1a: Egg\n|-damage|p1a: Egg|70\/100\n|-status|p1a: Egg|psn\n|\n|-damage|p1a: Egg|58\/100 psn|[from] psn\n|upkeep\n|turn|61\n|\n|t:|1700675269\n|move|p2a: Demon king|Sludge Bomb|p1a: Egg\n|-damage|p1a: Egg|41\/100 psn\n|move|p1a: Egg|Soft-Boiled|p1a: Egg\n|-heal|p1a: Egg|91\/100 psn\n|\n|-damage|p1a: Egg|78\/100 psn|[from] psn\n|upkeep\n|turn|62\n|\n|t:|1700675273\n|-curestatus|p1a: Egg|psn|[from] ability: Natural Cure\n|switch|p1a: poxatex|Toxapex, F|67\/100 par\n|move|p2a: Demon king|Fire Blast|p1a: poxatex\n|-resisted|p1a: poxatex\n|-damage|p1a: poxatex|50\/100 par\n|\n|upkeep\n|turn|63\n|\n|t:|1700675277\n|move|p1a: poxatex|Baneful Bunker|p1a: poxatex\n|-singleturn|p1a: poxatex|move: Protect\n|move|p2a: Demon king|Dynamax Cannon|p1a: poxatex\n|-activate|p1a: poxatex|move: Protect\n|\n|upkeep\n|turn|64\n|\n|t:|1700675281\n|move|p2a: Demon king|Confuse Ray|p1a: poxatex\n|-start|p1a: poxatex|confusion\n|-activate|p1a: poxatex|confusion\n|move|p1a: poxatex|Recover|p1a: poxatex\n|-heal|p1a: poxatex|99\/100 par\n|\n|upkeep\n|turn|65\n|\n|t:|1700675285\n|switch|p1a: Egg|Blissey, F|78\/100\n|move|p2a: Demon king|Dynamax Cannon|p1a: Egg\n|-damage|p1a: Egg|61\/100\n|\n|upkeep\n|turn|66\n|\n|t:|1700675288\n|switch|p1a: poxatex|Toxapex, F|100\/100 par\n|move|p2a: Demon king|Sludge Bomb|p1a: poxatex\n|-resisted|p1a: poxatex\n|-damage|p1a: poxatex|81\/100 par\n|\n|upkeep\n|turn|67\n|\n|t:|1700675292\n|switch|p1a: Egg|Blissey, F|61\/100\n|move|p2a: Demon king|Sludge Bomb|p1a: Egg\n|-damage|p1a: Egg|45\/100\n|\n|upkeep\n|turn|68\n|\n|t:|1700675294\n|switch|p1a: poxatex|Toxapex, F|100\/100 par\n|move|p2a: Demon king|Sludge Bomb|p1a: poxatex\n|-resisted|p1a: poxatex\n|-damage|p1a: poxatex|80\/100 par\n|\n|upkeep\n|turn|69\n|\n|t:|1700675297\n|switch|p1a: Egg|Blissey, F|45\/100\n|move|p2a: Demon king|Confuse Ray|p1a: Egg\n|-start|p1a: Egg|confusion\n|\n|upkeep\n|turn|70\n|\n|t:|1700675300\n|switch|p1a: poxatex|Toxapex, F|100\/100 par\n|move|p2a: Demon king|Sludge Bomb|p1a: poxatex\n|-resisted|p1a: poxatex\n|-damage|p1a: poxatex|80\/100 par\n|\n|upkeep\n|turn|71\n|\n|t:|1700675303\n|move|p1a: poxatex|Baneful Bunker|p1a: poxatex\n|-singleturn|p1a: poxatex|move: Protect\n|move|p2a: Demon king|Confuse Ray|p1a: poxatex\n|-activate|p1a: poxatex|move: Protect\n|\n|upkeep\n|turn|72\n|\n|t:|1700675306\n|switch|p1a: bleb|Clodsire, M, tera:Dark|100\/100\n|-activate|p1a: bleb|move: Sticky Web\n|-unboost|p1a: bleb|spe|1\n|move|p2a: Demon king|Confuse Ray|p1a: bleb\n|-start|p1a: bleb|confusion\n|\n|upkeep\n|turn|73\n|\n|t:|1700675310\n|switch|p1a: poxatex|Toxapex, F|100\/100 par\n|move|p2a: Demon king|Confuse Ray|p1a: poxatex\n|-start|p1a: poxatex|confusion\n|\n|upkeep\n|turn|74\n|c|\u2606Dread Hades 0|im not giving up\n|\n|t:|1700675321\n|switch|p1a: boraimon|Koraidon|100\/100\n|-activate|p1a: boraimon|move: Sticky Web\n|-unboost|p1a: boraimon|spe|1\n|-weather|SunnyDay|[from] ability: Orichalcum Pulse|[of] p1a: boraimon\n|-activate|p1a: boraimon|Orichalcum Pulse|[source]\n|move|p2a: Demon king|Fire Blast|p1a: boraimon\n|-resisted|p1a: boraimon\n|-damage|p1a: boraimon|72\/100\n|-status|p1a: boraimon|brn\n|\n|-weather|SunnyDay|[upkeep]\n|-damage|p1a: boraimon|66\/100 brn|[from] brn\n|upkeep\n|turn|75\n|\n|t:|1700675325\n|move|p2a: Demon king|Sludge Bomb|p1a: boraimon\n|-damage|p1a: boraimon|20\/100 brn\n|move|p1a: boraimon|Rest|p1a: boraimon\n|-status|p1a: boraimon|slp|[from] move: Rest\n|-heal|p1a: boraimon|100\/100 slp|[silent]\n|\n|-weather|SunnyDay|[upkeep]\n|upkeep\n|turn|76\n|\n|t:|1700675330\n|switch|p1a: poxatex|Toxapex, F|100\/100 par\n|move|p2a: Demon king|Sludge Bomb|p1a: poxatex\n|-resisted|p1a: poxatex\n|-damage|p1a: poxatex|80\/100 par\n|\n|-weather|SunnyDay|[upkeep]\n|upkeep\n|turn|77\n|c|\u2606Primordiallite|You are just wasting ur own time\n|\n|t:|1700675342\n|switch|p1a: bleb|Clodsire, M, tera:Dark|100\/100\n|-activate|p1a: bleb|move: Sticky Web\n|-unboost|p1a: bleb|spe|1\n|move|p2a: Demon king|Confuse Ray|p1a: bleb\n|-start|p1a: bleb|confusion\n|\n|-weather|SunnyDay|[upkeep]\n|upkeep\n|turn|78\n|-message|Dread Hades 0 forfeited.\n|\n|win|Primordiallite\n|n|\u2606Dread Hades 0|dreadhades0\n|n|\u2606Primordiallite|primordiallite\n","uploadtime":1700675346,"views":1,"p1id":"primordiallite","p2id":"dreadhades0","formatid":"gen9ubers","rating":0,"private":0,"password":""}