{"id":"gen9ubers-1974125840","p1":"GorgeousGal","p2":"Asher Riyao","format":"[Gen 9] Ubers","log":"|j|\u2606GorgeousGal\n|j|\u2606Asher Riyao\n|t:|1698059382\n|gametype|singles\n|player|p1|GorgeousGal|1|1076\n|player|p2|Asher Riyao|steven|1218\n|teamsize|p1|6\n|teamsize|p2|6\n|gen|9\n|tier|[Gen 9] Ubers\n|rated|\n|rule|Sleep Clause Mod: Limit one foe put to sleep\n|rule|Species Clause: Limit one of each Pok\u00e9mon\n|rule|OHKO Clause: OHKO moves are banned\n|rule|Evasion Items Clause: Evasion items are banned\n|rule|Evasion Moves Clause: Evasion moves are banned\n|rule|Endless Battle Clause: Forcing endless battles is banned\n|rule|HP Percentage Mod: HP is shown in percentages\n|clearpoke\n|poke|p1|Glimmora, F|\n|poke|p1|Gogoat, M|\n|poke|p1|Veluza, M|\n|poke|p1|Avalugg, F|\n|poke|p1|Espathra, F|\n|poke|p1|Kingambit, M|\n|poke|p2|Zacian-*|\n|poke|p2|Baxcalibur, M|\n|poke|p2|Groudon|\n|poke|p2|Darkrai|\n|poke|p2|Giratina|\n|poke|p2|Calyrex-Ice|\n|teampreview\n|inactive|Battle timer is ON: inactive players will automatically lose when time's up. (requested by GorgeousGal)\n|\n|t:|1698059397\n|start\n|switch|p1a: Glimmora|Glimmora, F|100\/100\n|switch|p2a: Calyrex|Calyrex-Ice|100\/100\n|-ability|p2a: Calyrex|As One\n|-ability|p2a: Calyrex|Unnerve\n|turn|1\n|\n|t:|1698059406\n|move|p1a: Glimmora|Power Gem|p2a: Calyrex\n|-supereffective|p2a: Calyrex\n|-damage|p2a: Calyrex|0 fnt\n|faint|p2a: Calyrex\n|\n|upkeep\n|\n|t:|1698059415\n|switch|p2a: Darkrai|Darkrai, shiny|100\/100\n|turn|2\n|\n|t:|1698059422\n|move|p2a: Darkrai|Hypnosis|p1a: Glimmora\n|-status|p1a: Glimmora|slp|[from] move: Hypnosis\n|cant|p1a: Glimmora|slp\n|\n|-damage|p1a: Glimmora|88\/100 slp|[from] ability: Bad Dreams|[of] p2a: Darkrai\n|upkeep\n|turn|3\n|\n|t:|1698059430\n|move|p2a: Darkrai|Nasty Plot|p2a: Darkrai\n|-boost|p2a: Darkrai|spa|2\n|-curestatus|p1a: Glimmora|slp|[msg]\n|move|p1a: Glimmora|Power Gem|p2a: Darkrai\n|-damage|p2a: Darkrai|17\/100\n|\n|upkeep\n|turn|4\n|\n|t:|1698059442\n|move|p2a: Darkrai|Dark Pulse|p1a: Glimmora\n|-damage|p1a: Glimmora|0 fnt\n|faint|p1a: Glimmora\n|\n|upkeep\n|\n|t:|1698059450\n|switch|p1a: Veluza|Veluza, M|100\/100\n|turn|5\n|\n|t:|1698059457\n|move|p1a: Veluza|Aqua Cutter|p2a: Darkrai\n|-damage|p2a: Darkrai|0 fnt\n|faint|p2a: Darkrai\n|\n|upkeep\n|\n|t:|1698059463\n|switch|p2a: Baxcalibur|Baxcalibur, M, shiny|100\/100\n|turn|6\n|\n|t:|1698059469\n|switch|p1a: Avalugg|Avalugg, F|100\/100\n|move|p2a: Baxcalibur|Swords Dance|p2a: Baxcalibur\n|-boost|p2a: Baxcalibur|atk|2\n|\n|upkeep\n|turn|7\n|\n|t:|1698059491\n|-terastallize|p2a: Baxcalibur|Poison\n|move|p2a: Baxcalibur|Scale Shot|p1a: Avalugg|[miss]\n|-miss|p2a: Baxcalibur|p1a: Avalugg\n|move|p1a: Avalugg|Body Press|p2a: Baxcalibur\n|-resisted|p2a: Baxcalibur\n|-damage|p2a: Baxcalibur|84\/100\n|\n|upkeep\n|turn|8\n|\n|t:|1698059501\n|move|p2a: Baxcalibur|Scale Shot|p1a: Avalugg\n|-damage|p1a: Avalugg|87\/100\n|-damage|p1a: Avalugg|72\/100\n|-damage|p1a: Avalugg|58\/100\n|-damage|p1a: Avalugg|44\/100\n|-damage|p1a: Avalugg|31\/100\n|-hitcount|p1a: Avalugg|5\n|-unboost|p2a: Baxcalibur|def|1\n|-boost|p2a: Baxcalibur|spe|1\n|move|p1a: Avalugg|Iron Defense|p1a: Avalugg\n|-boost|p1a: Avalugg|def|2\n|\n|-heal|p1a: Avalugg|37\/100|[from] item: Leftovers\n|upkeep\n|turn|9\n|\n|t:|1698059515\n|move|p2a: Baxcalibur|Scale Shot|p1a: Avalugg\n|-damage|p1a: Avalugg|30\/100\n|-damage|p1a: Avalugg|22\/100\n|-damage|p1a: Avalugg|14\/100\n|-damage|p1a: Avalugg|6\/100\n|-hitcount|p1a: Avalugg|4\n|-unboost|p2a: Baxcalibur|def|1\n|-boost|p2a: Baxcalibur|spe|1\n|move|p1a: Avalugg|Recover|p1a: Avalugg\n|-heal|p1a: Avalugg|56\/100\n|\n|-heal|p1a: Avalugg|62\/100|[from] item: Leftovers\n|upkeep\n|turn|10\n|\n|t:|1698059529\n|move|p2a: Baxcalibur|Swords Dance|p2a: Baxcalibur\n|-boost|p2a: Baxcalibur|atk|2\n|move|p1a: Avalugg|Recover|p1a: Avalugg\n|-heal|p1a: Avalugg|100\/100\n|\n|upkeep\n|turn|11\n|\n|t:|1698059536\n|move|p2a: Baxcalibur|Swords Dance|p2a: Baxcalibur\n|-boost|p2a: Baxcalibur|atk|2\n|move|p1a: Avalugg|Iron Defense|p1a: Avalugg\n|-boost|p1a: Avalugg|def|2\n|\n|upkeep\n|turn|12\n|\n|t:|1698059543\n|move|p2a: Baxcalibur|Scale Shot|p1a: Avalugg\n|-damage|p1a: Avalugg|91\/100\n|-damage|p1a: Avalugg|82\/100\n|-crit|p1a: Avalugg\n|-damage|p1a: Avalugg|36\/100\n|-damage|p1a: Avalugg|27\/100\n|-damage|p1a: Avalugg|18\/100\n|-hitcount|p1a: Avalugg|5\n|-unboost|p2a: Baxcalibur|def|1\n|-boost|p2a: Baxcalibur|spe|1\n|move|p1a: Avalugg|Body Press|p2a: Baxcalibur\n|-resisted|p2a: Baxcalibur\n|-damage|p2a: Baxcalibur|0 fnt\n|faint|p2a: Baxcalibur\n|\n|-heal|p1a: Avalugg|24\/100|[from] item: Leftovers\n|upkeep\n|\n|t:|1698059565\n|switch|p2a: Groudon|Groudon, shiny|100\/100\n|-weather|SunnyDay|[from] ability: Drought|[of] p2a: Groudon\n|turn|13\n|-message|Asher Riyao forfeited.\n|\n|win|GorgeousGal\n|raw|GorgeousGal's rating: 1076 &rarr; <strong>1116<\/strong><br \/>(+40 for winning)\n|raw|Asher Riyao's rating: 1218 &rarr; <strong>1183<\/strong><br \/>(-35 for losing)\n|l|\u2606Asher Riyao\n","uploadtime":1698059580,"views":14,"p1id":"gorgeousgal","p2id":"asherriyao","formatid":"gen9ubers","rating":1116,"private":0,"password":""}