{"id":"gen9ubers-1986428720","p1":"Thorn8617","p2":"Negative600IQ","format":"[Gen 9] Ubers","log":"|j|\u2606Thorn8617\n|j|\u2606Negative600IQ\n|t:|1699478323\n|gametype|singles\n|player|p1|Thorn8617|lance|\n|player|p2|Negative600IQ|ghetsis|\n|teamsize|p1|6\n|teamsize|p2|6\n|gen|9\n|tier|[Gen 9] Ubers\n|rule|Sleep Clause Mod: Limit one foe put to sleep\n|rule|Species Clause: Limit one of each Pok\u00e9mon\n|rule|OHKO Clause: OHKO moves are banned\n|rule|Evasion Items Clause: Evasion items are banned\n|rule|Evasion Moves Clause: Evasion moves are banned\n|rule|Endless Battle Clause: Forcing endless battles is banned\n|rule|HP Percentage Mod: HP is shown in percentages\n|clearpoke\n|poke|p1|Roaring Moon|\n|poke|p1|Krookodile, M|\n|poke|p1|Cryogonal|\n|poke|p1|Amoonguss, M|\n|poke|p1|Politoed, M|\n|poke|p1|Corviknight, M|\n|poke|p2|Iron Valiant|\n|poke|p2|Volcanion|\n|poke|p2|Dondozo, M|\n|poke|p2|Hatterene, F|\n|poke|p2|Dipplin, M|\n|poke|p2|Cinderace, M|\n|teampreview\n|\n|t:|1699478384\n|start\n|switch|p1a: Chorus|Politoed, M, shiny|100\/100\n|switch|p2a: Halo 3|Volcanion|100\/100\n|-weather|RainDance|[from] ability: Drizzle|[of] p1a: Chorus\n|turn|1\n|\n|t:|1699478401\n|move|p2a: Halo 3|Scald|p1a: Chorus\n|-resisted|p1a: Chorus\n|-damage|p1a: Chorus|80\/100\n|-status|p1a: Chorus|brn\n|move|p1a: Chorus|Earth Power|p2a: Halo 3\n|-supereffective|p2a: Halo 3\n|-damage|p2a: Halo 3|57\/100\n|\n|-weather|RainDance|[upkeep]\n|-heal|p1a: Chorus|86\/100 brn|[from] item: Leftovers\n|-damage|p1a: Chorus|80\/100 brn|[from] brn\n|upkeep\n|turn|2\n|\n|t:|1699478413\n|switch|p2a: Big Ounce|Dondozo, M|100\/100\n|move|p1a: Chorus|Earth Power|p2a: Big Ounce\n|-damage|p2a: Big Ounce|83\/100\n|\n|-weather|RainDance|[upkeep]\n|-heal|p1a: Chorus|86\/100 brn|[from] item: Leftovers\n|-damage|p1a: Chorus|80\/100 brn|[from] brn\n|upkeep\n|turn|3\n|\n|t:|1699478432\n|switch|p1a: Pesticide|Amoonguss, M|100\/100\n|move|p2a: Big Ounce|Body Press|p1a: Pesticide\n|-resisted|p1a: Pesticide\n|-damage|p1a: Pesticide|89\/100\n|-damage|p2a: Big Ounce|66\/100|[from] item: Rocky Helmet|[of] p1a: Pesticide\n|\n|-weather|RainDance|[upkeep]\n|upkeep\n|turn|4\n|j| sharkkkkkkkkkkkk\n|\n|t:|1699478464\n|switch|p2a: Halo 3|Volcanion|57\/100\n|move|p1a: Pesticide|Sludge Bomb|p2a: Halo 3\n|-damage|p2a: Halo 3|23\/100\n|\n|-weather|RainDance|[upkeep]\n|upkeep\n|turn|5\n|\n|t:|1699478474\n|move|p2a: Halo 3|Flamethrower|p1a: Pesticide\n|-supereffective|p1a: Pesticide\n|-damage|p1a: Pesticide|47\/100\n|move|p1a: Pesticide|Sludge Bomb|p2a: Halo 3\n|-damage|p2a: Halo 3|0 fnt\n|faint|p2a: Halo 3\n|\n|-weather|none\n|upkeep\n|\n|t:|1699478481\n|switch|p2a: Penaldo|Cinderace, M|100\/100\n|turn|6\n|\n|t:|1699478485\n|switch|p1a: Chorus|Politoed, M, shiny|80\/100 brn\n|-weather|RainDance|[from] ability: Drizzle|[of] p1a: Chorus\n|move|p2a: Penaldo|Pyro Ball|p1a: Chorus\n|-resisted|p1a: Chorus\n|-damage|p1a: Chorus|64\/100 brn\n|\n|-weather|RainDance|[upkeep]\n|-heal|p1a: Chorus|70\/100 brn|[from] item: Leftovers\n|-damage|p1a: Chorus|64\/100 brn|[from] brn\n|upkeep\n|turn|7\n|\n|t:|1699478497\n|move|p2a: Penaldo|U-turn|p1a: Chorus\n|-start|p2a: Penaldo|typechange|Bug|[from] ability: Libero\n|-damage|p1a: Chorus|25\/100 brn\n|\n|t:|1699478504\n|switch|p2a: Big Ounce|Dondozo, M|66\/100|[from] U-turn\n|move|p1a: Chorus|Surf|p2a: Big Ounce\n|-resisted|p2a: Big Ounce\n|-damage|p2a: Big Ounce|47\/100\n|\n|-weather|RainDance|[upkeep]\n|-heal|p1a: Chorus|31\/100 brn|[from] item: Leftovers\n|-damage|p1a: Chorus|25\/100 brn|[from] brn\n|upkeep\n|turn|8\n|\n|t:|1699478515\n|switch|p1a: Pesticide|Amoonguss, M|80\/100\n|move|p2a: Big Ounce|Rest|p2a: Big Ounce\n|-status|p2a: Big Ounce|slp|[from] move: Rest\n|-heal|p2a: Big Ounce|100\/100 slp|[silent]\n|\n|-weather|RainDance|[upkeep]\n|upkeep\n|turn|9\n|\n|t:|1699478566\n|switch|p2a: Penaldo|Cinderace, M|100\/100\n|move|p1a: Pesticide|Sludge Bomb|p2a: Penaldo\n|-damage|p2a: Penaldo|59\/100\n|\n|-weather|RainDance|[upkeep]\n|upkeep\n|turn|10\n|\n|t:|1699478641\n|switch|p1a: Gatorade|Krookodile, M|100\/100\n|-ability|p1a: Gatorade|Intimidate|boost\n|-unboost|p2a: Penaldo|atk|1\n|move|p2a: Penaldo|Pyro Ball|p1a: Gatorade\n|-damage|p1a: Gatorade|79\/100\n|\n|-weather|none\n|upkeep\n|turn|11\n|\n|t:|1699478649\n|move|p1a: Gatorade|Stealth Rock|p2a: Penaldo\n|-sidestart|p2: Negative600IQ|move: Stealth Rock\n|move|p2a: Penaldo|U-turn|p1a: Gatorade\n|-start|p2a: Penaldo|typechange|Bug|[from] ability: Libero\n|-supereffective|p1a: Gatorade\n|-damage|p1a: Gatorade|24\/100\n|\n|t:|1699478704\n|switch|p2a: Would|Hatterene, F, shiny|100\/100|[from] U-turn\n|-damage|p2a: Would|88\/100|[from] Stealth Rock\n|\n|-heal|p2a: Would|94\/100|[from] item: Leftovers\n|upkeep\n|turn|12\n|j| pixirin\u2665\n|l| pixirin\u2665\n|\n|t:|1699478775\n|switch|p1a: Chorus|Politoed, M, shiny|25\/100 brn\n|-weather|RainDance|[from] ability: Drizzle|[of] p1a: Chorus\n|move|p2a: Would|Calm Mind|p2a: Would\n|-boost|p2a: Would|spa|1\n|-boost|p2a: Would|spd|1\n|\n|-weather|RainDance|[upkeep]\n|-heal|p1a: Chorus|31\/100 brn|[from] item: Leftovers\n|-heal|p2a: Would|99\/100|[from] item: Leftovers\n|-damage|p1a: Chorus|25\/100 brn|[from] brn\n|upkeep\n|turn|13\n|\n|t:|1699478787\n|move|p1a: Chorus|Rest|p1a: Chorus\n|-status|p1a: Chorus|slp|[from] move: Rest\n|-heal|p1a: Chorus|100\/100 slp|[silent]\n|move|p2a: Would|Psychic|p1a: Chorus\n|-damage|p1a: Chorus|61\/100 slp\n|\n|-weather|RainDance|[upkeep]\n|-heal|p1a: Chorus|67\/100 slp|[from] item: Leftovers\n|-heal|p2a: Would|100\/100|[from] item: Leftovers\n|upkeep\n|turn|14\n|\n|t:|1699478827\n|switch|p1a: Gawain|Corviknight, M|100\/100\n|switch|p2a: Big Ounce|Dondozo, M|100\/100 slp\n|-damage|p2a: Big Ounce|88\/100 slp|[from] Stealth Rock\n|\n|-weather|RainDance|[upkeep]\n|upkeep\n|turn|15\n|\n|t:|1699478884\n|switch|p1a: Chorus|Politoed, M, shiny|67\/100 slp\n|cant|p2a: Big Ounce|slp\n|\n|-weather|RainDance|[upkeep]\n|-heal|p1a: Chorus|73\/100 slp|[from] item: Leftovers\n|upkeep\n|turn|16\n|\n|t:|1699478892\n|cant|p1a: Chorus|slp\n|cant|p2a: Big Ounce|slp\n|\n|-weather|none\n|-heal|p1a: Chorus|79\/100 slp|[from] item: Leftovers\n|upkeep\n|turn|17\n|\n|t:|1699478897\n|cant|p1a: Chorus|slp\n|-curestatus|p2a: Big Ounce|slp|[msg]\n|move|p2a: Big Ounce|Curse|p2a: Big Ounce\n|-unboost|p2a: Big Ounce|spe|1\n|-boost|p2a: Big Ounce|atk|1\n|-boost|p2a: Big Ounce|def|1\n|\n|-heal|p1a: Chorus|85\/100 slp|[from] item: Leftovers\n|upkeep\n|turn|18\n|\n|t:|1699478906\n|switch|p1a: Pesticide|Amoonguss, M|100\/100\n|move|p2a: Big Ounce|Body Press|p1a: Pesticide\n|-resisted|p1a: Pesticide\n|-damage|p1a: Pesticide|83\/100\n|-damage|p2a: Big Ounce|72\/100|[from] item: Rocky Helmet|[of] p1a: Pesticide\n|\n|upkeep\n|turn|19\n|\n|t:|1699478942\n|switch|p2a: Penaldo|Cinderace, M|59\/100\n|move|p1a: Pesticide|Sludge Bomb|p2a: Penaldo\n|-damage|p2a: Penaldo|20\/100\n|\n|upkeep\n|turn|20\n|\n|t:|1699478950\n|switch|p1a: Chorus|Politoed, M, shiny|85\/100 slp\n|-weather|RainDance|[from] ability: Drizzle|[of] p1a: Chorus\n|move|p2a: Penaldo|Pyro Ball|p1a: Chorus\n|-resisted|p1a: Chorus\n|-damage|p1a: Chorus|69\/100 slp\n|\n|-weather|RainDance|[upkeep]\n|-heal|p1a: Chorus|75\/100 slp|[from] item: Leftovers\n|upkeep\n|turn|21\n|\n|t:|1699478970\n|move|p2a: Penaldo|Court Change|p2a: Penaldo\n|-start|p2a: Penaldo|typechange|Normal|[from] ability: Libero\n|-swapsideconditions\n|-activate|p2a: Penaldo|move: Court Change\n|-curestatus|p1a: Chorus|slp|[msg]\n|move|p1a: Chorus|Surf|p2a: Penaldo\n|-damage|p2a: Penaldo|0 fnt\n|faint|p2a: Penaldo\n|\n|-weather|RainDance|[upkeep]\n|-heal|p1a: Chorus|81\/100|[from] item: Leftovers\n|upkeep\n|\n|t:|1699479008\n|switch|p2a: Dragon Buster|Dipplin, M|100\/100\n|turn|22\n|\n|t:|1699479014\n|switch|p1a: Absolute 0|Cryogonal|100\/100\n|move|p2a: Dragon Buster|Body Slam|p1a: Absolute 0\n|-damage|p1a: Absolute 0|62\/100\n|\n|-weather|RainDance|[upkeep]\n|upkeep\n|turn|23\n|\n|t:|1699479022\n|switch|p2a: Big Ounce|Dondozo, M|72\/100\n|move|p1a: Absolute 0|Rapid Spin|p2a: Big Ounce\n|-damage|p2a: Big Ounce|69\/100\n|-boost|p1a: Absolute 0|spe|1\n|-damage|p1a: Absolute 0|46\/100|[from] item: Rocky Helmet|[of] p2a: Big Ounce\n|-sideend|p1: Thorn8617|Stealth Rock|[from] move: Rapid Spin|[of] p1a: Absolute 0\n|\n|-weather|RainDance|[upkeep]\n|upkeep\n|turn|24\n|\n|t:|1699479034\n|switch|p1a: Pesticide|Amoonguss, M|100\/100\n|move|p2a: Big Ounce|Body Press|p1a: Pesticide\n|-resisted|p1a: Pesticide\n|-damage|p1a: Pesticide|89\/100\n|-damage|p2a: Big Ounce|52\/100|[from] item: Rocky Helmet|[of] p1a: Pesticide\n|\n|-weather|none\n|upkeep\n|turn|25\n|\n|t:|1699479140\n|move|p2a: Big Ounce|Rest|p2a: Big Ounce\n|-status|p2a: Big Ounce|slp|[from] move: Rest\n|-heal|p2a: Big Ounce|100\/100 slp|[silent]\n|move|p1a: Pesticide|Sludge Bomb|p2a: Big Ounce\n|-damage|p2a: Big Ounce|76\/100 slp\n|\n|upkeep\n|turn|26\n|\n|t:|1699479171\n|cant|p2a: Big Ounce|slp\n|move|p1a: Pesticide|Sludge Bomb|p2a: Big Ounce\n|-damage|p2a: Big Ounce|49\/100 slp\n|\n|upkeep\n|turn|27\n|\n|t:|1699479185\n|switch|p2a: Dragon Buster|Dipplin, M|100\/100\n|move|p1a: Pesticide|Sludge Bomb|p2a: Dragon Buster\n|-supereffective|p2a: Dragon Buster\n|-damage|p2a: Dragon Buster|60\/100\n|\n|upkeep\n|turn|28\n|\n|t:|1699479200\n|move|p2a: Dragon Buster|Outrage|p1a: Pesticide\n|-damage|p1a: Pesticide|59\/100\n|-damage|p2a: Dragon Buster|44\/100|[from] item: Rocky Helmet|[of] p1a: Pesticide\n|move|p1a: Pesticide|Sludge Bomb|p2a: Dragon Buster\n|-supereffective|p2a: Dragon Buster\n|-damage|p2a: Dragon Buster|1\/100\n|\n|upkeep\n|turn|29\n|\n|t:|1699479220\n|switch|p1a: Gawain|Corviknight, M|100\/100\n|move|p2a: Dragon Buster|Outrage|p1a: Gawain|[from]lockedmove\n|-resisted|p1a: Gawain\n|-damage|p1a: Gawain|88\/100\n|\n|-heal|p1a: Gawain|94\/100|[from] item: Leftovers\n|upkeep\n|turn|30\n|\n|t:|1699479229\n|move|p1a: Gawain|Iron Defense|p1a: Gawain\n|-boost|p1a: Gawain|def|2\n|move|p2a: Dragon Buster|Outrage|p1a: Gawain|[from]lockedmove\n|-resisted|p1a: Gawain\n|-damage|p1a: Gawain|88\/100\n|-start|p2a: Dragon Buster|confusion|[fatigue]\n|\n|-heal|p1a: Gawain|94\/100|[from] item: Leftovers\n|upkeep\n|turn|31\n|\n|t:|1699479247\n|move|p1a: Gawain|Iron Defense|p1a: Gawain\n|-boost|p1a: Gawain|def|2\n|-activate|p2a: Dragon Buster|confusion\n|move|p2a: Dragon Buster|Recover|p2a: Dragon Buster\n|-heal|p2a: Dragon Buster|51\/100\n|\n|-heal|p1a: Gawain|99\/100|[from] item: Leftovers\n|upkeep\n|turn|32\n|\n|t:|1699479256\n|switch|p2a: Big Ounce|Dondozo, M|49\/100 slp\n|move|p1a: Gawain|Iron Defense|p1a: Gawain\n|-boost|p1a: Gawain|def|2\n|\n|-heal|p1a: Gawain|100\/100|[from] item: Leftovers\n|upkeep\n|turn|33\n|\n|t:|1699479266\n|move|p1a: Gawain|Body Press|p2a: Big Ounce\n|-damage|p2a: Big Ounce|38\/100 slp\n|-damage|p1a: Gawain|84\/100|[from] item: Rocky Helmet|[of] p2a: Big Ounce\n|cant|p2a: Big Ounce|slp\n|\n|-heal|p1a: Gawain|90\/100|[from] item: Leftovers\n|upkeep\n|turn|34\n|c|\u2606Negative600IQ|gg\n|\n|t:|1699479273\n|move|p1a: Gawain|Iron Head|p2a: Big Ounce\n|-resisted|p2a: Big Ounce\n|-damage|p2a: Big Ounce|32\/100 slp\n|-damage|p1a: Gawain|73\/100|[from] item: Rocky Helmet|[of] p2a: Big Ounce\n|-curestatus|p2a: Big Ounce|slp|[msg]\n|move|p2a: Big Ounce|Rest|p2a: Big Ounce\n|-status|p2a: Big Ounce|slp|[from] move: Rest\n|-heal|p2a: Big Ounce|100\/100 slp|[silent]\n|\n|-heal|p1a: Gawain|79\/100|[from] item: Leftovers\n|upkeep\n|turn|35\n|\n|t:|1699479289\n|switch|p1a: Pesticide|Amoonguss, M|92\/100\n|cant|p2a: Big Ounce|slp\n|\n|upkeep\n|turn|36\n|\n|t:|1699479312\n|switch|p2a: Would|Hatterene, F, shiny|100\/100\n|move|p1a: Pesticide|Sludge Bomb|p2a: Would\n|-supereffective|p2a: Would\n|-damage|p2a: Would|44\/100\n|-status|p2a: Would|psn\n|\n|-heal|p2a: Would|50\/100 psn|[from] item: Leftovers\n|-damage|p2a: Would|38\/100 psn|[from] psn\n|upkeep\n|turn|37\n|\n|t:|1699479332\n|switch|p1a: Chorus|Politoed, M, shiny|81\/100\n|-weather|RainDance|[from] ability: Drizzle|[of] p1a: Chorus\n|move|p2a: Would|Nuzzle|p1a: Chorus\n|-supereffective|p1a: Chorus\n|-damage|p1a: Chorus|73\/100\n|-status|p1a: Chorus|par\n|\n|-weather|RainDance|[upkeep]\n|-heal|p2a: Would|44\/100 psn|[from] item: Leftovers\n|-heal|p1a: Chorus|79\/100 par|[from] item: Leftovers\n|-damage|p2a: Would|31\/100 psn|[from] psn\n|upkeep\n|turn|38\n|\n|t:|1699479347\n|move|p2a: Would|Rest|p2a: Would\n|-status|p2a: Would|slp|[from] move: Rest\n|-heal|p2a: Would|100\/100 slp|[silent]\n|move|p1a: Chorus|Surf|p2a: Would\n|-damage|p2a: Would|53\/100 slp\n|\n|-weather|RainDance|[upkeep]\n|-heal|p2a: Would|59\/100 slp|[from] item: Leftovers\n|-heal|p1a: Chorus|85\/100 par|[from] item: Leftovers\n|upkeep\n|turn|39\n|\n|t:|1699479361\n|switch|p2a: Big Ounce|Dondozo, M|100\/100 slp\n|move|p1a: Chorus|Surf|p2a: Big Ounce\n|-resisted|p2a: Big Ounce\n|-crit|p2a: Big Ounce\n|-damage|p2a: Big Ounce|72\/100 slp\n|\n|-weather|RainDance|[upkeep]\n|-heal|p1a: Chorus|91\/100 par|[from] item: Leftovers\n|upkeep\n|turn|40\n|\n|t:|1699479370\n|switch|p1a: Pesticide|Amoonguss, M|100\/100\n|cant|p2a: Big Ounce|slp\n|\n|-weather|RainDance|[upkeep]\n|upkeep\n|turn|41\n|\n|t:|1699479375\n|-curestatus|p2a: Big Ounce|slp|[msg]\n|move|p2a: Big Ounce|Liquidation|p1a: Pesticide\n|-resisted|p1a: Pesticide\n|-damage|p1a: Pesticide|83\/100\n|-damage|p2a: Big Ounce|55\/100|[from] item: Rocky Helmet|[of] p1a: Pesticide\n|move|p1a: Pesticide|Sludge Bomb|p2a: Big Ounce\n|-damage|p2a: Big Ounce|31\/100\n|-status|p2a: Big Ounce|psn\n|\n|-weather|none\n|-damage|p2a: Big Ounce|18\/100 psn|[from] psn\n|upkeep\n|turn|42\n|\n|t:|1699479387\n|move|p2a: Big Ounce|Rest|p2a: Big Ounce\n|-status|p2a: Big Ounce|slp|[from] move: Rest\n|-heal|p2a: Big Ounce|100\/100 slp|[silent]\n|move|p1a: Pesticide|Giga Drain|p2a: Big Ounce\n|-supereffective|p2a: Big Ounce\n|-damage|p2a: Big Ounce|56\/100 slp\n|-heal|p1a: Pesticide|100\/100|[from] drain|[of] p2a: Big Ounce\n|\n|upkeep\n|turn|43\n|\n|t:|1699479394\n|cant|p2a: Big Ounce|slp\n|move|p1a: Pesticide|Giga Drain|p2a: Big Ounce\n|-supereffective|p2a: Big Ounce\n|-damage|p2a: Big Ounce|12\/100 slp\n|\n|upkeep\n|turn|44\n|\n|t:|1699479399\n|cant|p2a: Big Ounce|slp\n|move|p1a: Pesticide|Sludge Bomb|p2a: Big Ounce\n|-damage|p2a: Big Ounce|0 fnt\n|faint|p2a: Big Ounce\n|\n|upkeep\n|\n|t:|1699479451\n|switch|p2a: Main Character|Iron Valiant|100\/100\n|-enditem|p2a: Main Character|Booster Energy\n|-activate|p2a: Main Character|ability: Quark Drive|[fromitem]\n|-start|p2a: Main Character|quarkdrivespe\n|turn|45\n|\n|t:|1699479501\n|move|p2a: Main Character|Encore|p1a: Pesticide\n|-start|p1a: Pesticide|Encore\n|move|p1a: Pesticide|Sludge Bomb|p2a: Main Character\n|-supereffective|p2a: Main Character\n|-damage|p2a: Main Character|5\/100\n|\n|upkeep\n|turn|46\n|\n|t:|1699479517\n|move|p2a: Main Character|Knock Off|p1a: Pesticide\n|-damage|p1a: Pesticide|75\/100\n|-damage|p2a: Main Character|0 fnt|[from] item: Rocky Helmet|[of] p1a: Pesticide\n|faint|p2a: Main Character\n|-end|p2a: Main Character|Quark Drive|[silent]\n|move|p1a: Pesticide|Sludge Bomb|p2: Main Character|[notarget]\n|-fail|p1a: Pesticide\n|\n|upkeep\n|\n|t:|1699479523\n|switch|p2a: Dragon Buster|Dipplin, M|51\/100\n|turn|47\n|\n|t:|1699479526\n|move|p2a: Dragon Buster|Recover|p2a: Dragon Buster\n|-heal|p2a: Dragon Buster|100\/100\n|move|p1a: Pesticide|Sludge Bomb|p2a: Dragon Buster\n|-supereffective|p2a: Dragon Buster\n|-damage|p2a: Dragon Buster|62\/100\n|-status|p2a: Dragon Buster|psn\n|\n|-damage|p2a: Dragon Buster|50\/100 psn|[from] psn\n|-end|p1a: Pesticide|Encore\n|upkeep\n|turn|48\n|\n|t:|1699479539\n|move|p2a: Dragon Buster|Body Slam|p1a: Pesticide\n|-damage|p1a: Pesticide|59\/100\n|-damage|p2a: Dragon Buster|33\/100 psn|[from] item: Rocky Helmet|[of] p1a: Pesticide\n|move|p1a: Pesticide|Sludge Bomb|p2a: Dragon Buster\n|-supereffective|p2a: Dragon Buster\n|-damage|p2a: Dragon Buster|0 fnt\n|faint|p2a: Dragon Buster\n|\n|upkeep\n|\n|t:|1699479546\n|switch|p2a: Would|Hatterene, F, shiny|59\/100 slp\n|turn|49\n|\n|t:|1699479549\n|move|p1a: Pesticide|Sludge Bomb|p2a: Would\n|-supereffective|p2a: Would\n|-damage|p2a: Would|0 fnt\n|faint|p2a: Would\n|\n|win|Thorn8617\n|l|\u2606Negative600IQ\n","uploadtime":1699479571,"views":26,"p1id":"thorn8617","p2id":"negative600iq","formatid":"gen9ubers","rating":0,"private":0,"password":""}