{"id":"gen9ubers-1983725856","p1":"wsjlyr","p2":"pvpclown","format":"[Gen 9] Ubers","log":"|j|\u2606wsjlyr\n|j|\u2606pvpclown\n|t:|1699168105\n|gametype|singles\n|player|p1|wsjlyr|lucas|1221\n|player|p2|pvpclown|firebreather|1296\n|teamsize|p1|6\n|teamsize|p2|6\n|gen|9\n|tier|[Gen 9] Ubers\n|rated|\n|rule|Sleep Clause Mod: Limit one foe put to sleep\n|rule|Species Clause: Limit one of each Pok\u00e9mon\n|rule|OHKO Clause: OHKO moves are banned\n|rule|Evasion Items Clause: Evasion items are banned\n|rule|Evasion Moves Clause: Evasion moves are banned\n|rule|Endless Battle Clause: Forcing endless battles is banned\n|rule|HP Percentage Mod: HP is shown in percentages\n|clearpoke\n|poke|p1|Dialga-Origin|\n|poke|p1|Eternatus|\n|poke|p1|Rayquaza|\n|poke|p1|Giratina-Origin|\n|poke|p1|Koraidon|\n|poke|p1|Miraidon|\n|poke|p2|Zacian-*|\n|poke|p2|Flutter Mane|\n|poke|p2|Ditto|\n|poke|p2|Koraidon|\n|poke|p2|Miraidon|\n|poke|p2|Walking Wake|\n|teampreview\n|inactive|Battle timer is ON: inactive players will automatically lose when time's up. (requested by wsjlyr)\n|\n|t:|1699168116\n|start\n|switch|p1a: Koraidon|Koraidon|100\/100\n|switch|p2a: Miraidon|Miraidon|100\/100\n|-weather|SunnyDay|[from] ability: Orichalcum Pulse|[of] p1a: Koraidon\n|-activate|p1a: Koraidon|Orichalcum Pulse|[source]\n|-fieldstart|move: Electric Terrain|[from] ability: Hadron Engine|[of] p2a: Miraidon\n|turn|1\n|\n|t:|1699168135\n|-terastallize|p2a: Miraidon|Electric\n|move|p1a: Koraidon|Outrage|p2a: Miraidon\n|-damage|p2a: Miraidon|14\/100\n|move|p2a: Miraidon|Draco Meteor|p1a: Koraidon\n|-supereffective|p1a: Koraidon\n|-damage|p1a: Koraidon|0 fnt\n|-unboost|p2a: Miraidon|spa|2\n|faint|p1a: Koraidon\n|\n|-weather|SunnyDay|[upkeep]\n|upkeep\n|\n|t:|1699168145\n|switch|p1a: Rayquaza|Rayquaza|100\/100\n|-ability|p1a: Rayquaza|Air Lock\n|turn|2\n|\n|t:|1699168152\n|switch|p2a: Zacian|Zacian-Crowned, shiny|100\/100\n|-ability|p2a: Zacian|Intrepid Sword|boost\n|-boost|p2a: Zacian|atk|1\n|move|p1a: Rayquaza|Extreme Speed|p2a: Zacian\n|-resisted|p2a: Zacian\n|-damage|p2a: Zacian|86\/100\n|\n|-weather|SunnyDay|[upkeep]\n|upkeep\n|turn|3\n|\n|t:|1699168155\n|move|p2a: Zacian|Play Rough|p1a: Rayquaza\n|-supereffective|p1a: Rayquaza\n|-damage|p1a: Rayquaza|0 fnt\n|faint|p1a: Rayquaza\n|\n|-weather|SunnyDay|[upkeep]\n|upkeep\n|\n|t:|1699168164\n|switch|p1a: Giratina|Giratina-Origin|100\/100\n|turn|4\n|\n|t:|1699168169\n|move|p2a: Zacian|Play Rough|p1a: Giratina\n|-supereffective|p1a: Giratina\n|-damage|p1a: Giratina|23\/100\n|-unboost|p1a: Giratina|atk|1\n|move|p1a: Giratina|Will-O-Wisp|p2a: Zacian\n|-status|p2a: Zacian|brn\n|\n|-weather|SunnyDay|[upkeep]\n|-damage|p2a: Zacian|80\/100 brn|[from] brn\n|upkeep\n|turn|5\n|\n|t:|1699168184\n|move|p2a: Zacian|Play Rough|p1a: Giratina\n|-supereffective|p1a: Giratina\n|-damage|p1a: Giratina|0 fnt\n|faint|p1a: Giratina\n|\n|-weather|none\n|-damage|p2a: Zacian|73\/100 brn|[from] brn\n|-fieldend|move: Electric Terrain\n|upkeep\n|\n|t:|1699168191\n|switch|p1a: Miraidon|Miraidon|100\/100\n|-fieldstart|move: Electric Terrain|[from] ability: Hadron Engine|[of] p1a: Miraidon\n|turn|6\n|\n|t:|1699168198\n|move|p2a: Zacian|Play Rough|p1a: Miraidon\n|-supereffective|p1a: Miraidon\n|-damage|p1a: Miraidon|22\/100\n|move|p1a: Miraidon|Overheat|p2a: Zacian\n|-supereffective|p2a: Zacian\n|-damage|p2a: Zacian|0 fnt\n|-unboost|p1a: Miraidon|spa|2\n|faint|p2a: Zacian\n|\n|-heal|p1a: Miraidon|28\/100|[from] item: Leftovers\n|upkeep\n|\n|t:|1699168205\n|switch|p2a: Ditto|Ditto, shiny|100\/100\n|-transform|p2a: Ditto|p1a: Miraidon|[from] ability: Imposter\n|-activate|p2a: Ditto|ability: Hadron Engine\n|turn|7\n|\n|t:|1699168210\n|switch|p1a: Dialga|Dialga-Origin|100\/100\n|-ability|p1a: Dialga|Pressure\n|move|p2a: Ditto|Draco Meteor|p1a: Dialga\n|-damage|p1a: Dialga|58\/100\n|-unboost|p2a: Ditto|spa|2\n|\n|upkeep\n|turn|8\n|\n|t:|1699168219\n|switch|p2a: Miraidon|Miraidon, tera:Electric|14\/100\n|-activate|p2a: Miraidon|ability: Hadron Engine\n|move|p1a: Dialga|Flash Cannon|p2a: Miraidon\n|-resisted|p2a: Miraidon\n|-damage|p2a: Miraidon|0 fnt\n|faint|p2a: Miraidon\n|\n|upkeep\n|\n|t:|1699168230\n|switch|p2a: Koraidon|Koraidon|100\/100\n|-weather|SunnyDay|[from] ability: Orichalcum Pulse|[of] p2a: Koraidon\n|-activate|p2a: Koraidon|Orichalcum Pulse|[source]\n|turn|9\n|\n|t:|1699168237\n|move|p2a: Koraidon|Outrage|p1a: Dialga\n|-damage|p1a: Dialga|0 fnt\n|faint|p1a: Dialga\n|\n|-weather|SunnyDay|[upkeep]\n|upkeep\n|-message|wsjlyr forfeited.\n|\n|win|pvpclown\n|raw|wsjlyr's rating: 1221 &rarr; <strong>1201<\/strong><br \/>(-20 for losing)\n|raw|pvpclown's rating: 1296 &rarr; <strong>1316<\/strong><br \/>(+20 for winning)\n|l|\u2606wsjlyr\n","uploadtime":1699168248,"views":3,"p1id":"wsjlyr","p2id":"pvpclown","formatid":"gen9ubers","rating":1201,"private":0,"password":""}