{"id":"gen9ubers-1995638284","p1":"Wolvenstorm","p2":"applebottombruhs","format":"[Gen 9] Ubers","log":"|j|\u2606Wolvenstorm\n|j|\u2606applebottombruhs\n|t:|1700589735\n|gametype|singles\n|player|p1|Wolvenstorm|lance|\n|player|p2|applebottombruhs|iris-gen5bw2|\n|teamsize|p1|6\n|teamsize|p2|6\n|gen|9\n|tier|[Gen 9] Ubers\n|rule|Sleep Clause Mod: Limit one foe put to sleep\n|rule|Species Clause: Limit one of each Pok\u00e9mon\n|rule|OHKO Clause: OHKO moves are banned\n|rule|Evasion Items Clause: Evasion items are banned\n|rule|Evasion Moves Clause: Evasion moves are banned\n|rule|Endless Battle Clause: Forcing endless battles is banned\n|rule|HP Percentage Mod: HP is shown in percentages\n|clearpoke\n|poke|p1|Iron Thorns|\n|poke|p1|Zapdos-Galar|\n|poke|p1|Salamence, M|\n|poke|p1|Dragonite, M|\n|poke|p1|Tyranitar, M|\n|poke|p1|Baxcalibur, F|\n|poke|p2|Ninetales-Alola, F|\n|poke|p2|Meowscarada, F|\n|poke|p2|Ceruledge, F|\n|poke|p2|Empoleon, M|\n|poke|p2|Thundurus-Therian, M|\n|poke|p2|Tinkaton, F|\n|teampreview\n|\n|t:|1700589744\n|start\n|switch|p1a: Tyranitar|Tyranitar, M|100\/100\n|switch|p2a: Tinkaton|Tinkaton, F|100\/100\n|-ability|p2a: Tinkaton|Mold Breaker\n|-weather|Sandstorm|[from] ability: Sand Stream|[of] p1a: Tyranitar\n|turn|1\n|\n|t:|1700589761\n|move|p2a: Tinkaton|Swords Dance|p2a: Tinkaton\n|-boost|p2a: Tinkaton|atk|2\n|move|p1a: Tyranitar|Stealth Rock|p2a: Tinkaton\n|-sidestart|p2: applebottombruhs|move: Stealth Rock\n|\n|-weather|Sandstorm|[upkeep]\n|upkeep\n|turn|2\n|\n|t:|1700589769\n|move|p2a: Tinkaton|Gigaton Hammer|p1a: Tyranitar\n|-supereffective|p1a: Tyranitar\n|-damage|p1a: Tyranitar|0 fnt\n|faint|p1a: Tyranitar\n|-damage|p2a: Tinkaton|91\/100|[from] item: Life Orb\n|\n|-weather|Sandstorm|[upkeep]\n|upkeep\n|j| butter dk\n|\n|t:|1700589811\n|switch|p1a: Iron Thorns|Iron Thorns|100\/100\n|-enditem|p1a: Iron Thorns|Booster Energy\n|-activate|p1a: Iron Thorns|ability: Quark Drive|[fromitem]\n|-start|p1a: Iron Thorns|quarkdriveatk\n|turn|3\n|\n|t:|1700589826\n|move|p2a: Tinkaton|Play Rough|p1a: Iron Thorns\n|-damage|p1a: Iron Thorns|17\/100\n|-damage|p2a: Tinkaton|81\/100|[from] item: Life Orb\n|move|p1a: Iron Thorns|Stone Edge|p2a: Tinkaton\n|-resisted|p2a: Tinkaton\n|-damage|p2a: Tinkaton|30\/100\n|\n|-weather|Sandstorm|[upkeep]\n|upkeep\n|turn|4\n|c| butter dk|tinkaton pog\n|\n|t:|1700589837\n|move|p2a: Tinkaton|Gigaton Hammer|p1a: Iron Thorns\n|-damage|p1a: Iron Thorns|0 fnt\n|faint|p1a: Iron Thorns\n|-end|p1a: Iron Thorns|Quark Drive|[silent]\n|-damage|p2a: Tinkaton|20\/100|[from] item: Life Orb\n|\n|-weather|Sandstorm|[upkeep]\n|upkeep\n|\n|t:|1700589847\n|switch|p1a: Dragonite|Dragonite, M|100\/100\n|turn|5\n|\n|t:|1700589853\n|-terastallize|p1a: Dragonite|Normal\n|move|p1a: Dragonite|Extreme Speed|p2a: Tinkaton\n|-resisted|p2a: Tinkaton\n|-crit|p2a: Tinkaton\n|-damage|p2a: Tinkaton|0 fnt\n|faint|p2a: Tinkaton\n|\n|-weather|none\n|upkeep\n|\n|t:|1700589888\n|switch|p2a: Ninetales|Ninetales-Alola, F|100\/100\n|-damage|p2a: Ninetales|76\/100|[from] Stealth Rock\n|-weather|Snow|[from] ability: Snow Warning|[of] p2a: Ninetales\n|turn|6\n|\n|t:|1700589895\n|move|p1a: Dragonite|Extreme Speed|p2a: Ninetales\n|-damage|p2a: Ninetales|38\/100\n|move|p2a: Ninetales|Aurora Veil|p2a: Ninetales\n|-sidestart|p2: applebottombruhs|move: Aurora Veil\n|\n|-weather|Snow|[upkeep]\n|upkeep\n|turn|7\n|\n|t:|1700589912\n|move|p2a: Ninetales|Hypnosis|p1a: Dragonite|[miss]\n|-miss|p2a: Ninetales|p1a: Dragonite\n|move|p1a: Dragonite|Encore|p2a: Ninetales\n|-start|p2a: Ninetales|Encore\n|\n|-weather|Snow|[upkeep]\n|upkeep\n|turn|8\n|\n|t:|1700589929\n|move|p1a: Dragonite|Extreme Speed|p2a: Ninetales\n|-damage|p2a: Ninetales|17\/100\n|move|p2a: Ninetales|Hypnosis|p1a: Dragonite|[miss]\n|-miss|p2a: Ninetales|p1a: Dragonite\n|\n|-weather|Snow|[upkeep]\n|upkeep\n|turn|9\n|l|\u2606applebottombruhs\n|player|p2|\n|j|\u2606applebottombruhs\n|player|p2|applebottombruhs|iris-gen5bw2\n|\n|t:|1700589974\n|switch|p2a: Guy|Ceruledge, F|100\/100\n|-damage|p2a: Guy|76\/100|[from] Stealth Rock\n|move|p1a: Dragonite|Extreme Speed|p2a: Guy\n|-immune|p2a: Guy\n|\n|-weather|Snow|[upkeep]\n|upkeep\n|turn|10\n|\n|t:|1700589998\n|-terastallize|p2a: Guy|Fairy\n|move|p2a: Guy|Swords Dance|p2a: Guy\n|-boost|p2a: Guy|atk|2\n|move|p1a: Dragonite|Earthquake|p2a: Guy\n|-damage|p2a: Guy|49\/100\n|-ability|p2a: Guy|Weak Armor|boost\n|-unboost|p2a: Guy|def|1\n|-boost|p2a: Guy|spe|2\n|\n|-weather|none\n|upkeep\n|turn|11\n|\n|t:|1700590015\n|move|p2a: Guy|Bitter Blade|p1a: Dragonite\n|-damage|p1a: Dragonite|49\/100\n|-heal|p2a: Guy|77\/100|[from] drain|[of] p1a: Dragonite\n|move|p1a: Dragonite|Encore|p2a: Guy\n|-start|p2a: Guy|Encore\n|\n|upkeep\n|turn|12\n|\n|t:|1700590040\n|switch|p1a: Baxcalibur|Baxcalibur, F|100\/100\n|move|p2a: Guy|Bitter Blade|p1a: Baxcalibur\n|-damage|p1a: Baxcalibur|8\/100\n|-heal|p2a: Guy|100\/100|[from] drain|[of] p1a: Baxcalibur\n|-ability|p1a: Baxcalibur|Thermal Exchange|boost\n|-boost|p1a: Baxcalibur|atk|1\n|\n|upkeep\n|turn|13\n|\n|t:|1700590064\n|move|p2a: Guy|Bitter Blade|p1a: Baxcalibur\n|-damage|p1a: Baxcalibur|0 fnt\n|faint|p1a: Baxcalibur\n|\n|-sideend|p2: applebottombruhs|move: Aurora Veil\n|upkeep\n|\n|t:|1700590074\n|switch|p1a: Salamence|Salamence, M|100\/100\n|turn|14\n|\n|t:|1700590078\n|move|p2a: Guy|Bitter Blade|p1a: Salamence\n|-resisted|p1a: Salamence\n|-damage|p1a: Salamence|41\/100\n|move|p1a: Salamence|Earthquake|p2a: Guy\n|-damage|p2a: Guy|2\/100\n|-ability|p2a: Guy|Weak Armor|boost\n|-unboost|p2a: Guy|def|1\n|-boost|p2a: Guy|spe|2\n|-damage|p1a: Salamence|31\/100|[from] item: Life Orb\n|\n|-end|p2a: Guy|Encore\n|upkeep\n|turn|15\n|\n|t:|1700590092\n|move|p2a: Guy|Bitter Blade|p1a: Salamence\n|-resisted|p1a: Salamence\n|-damage|p1a: Salamence|0 fnt\n|-heal|p2a: Guy|19\/100|[from] drain|[of] p1a: Salamence\n|faint|p1a: Salamence\n|\n|upkeep\n|\n|t:|1700590098\n|switch|p1a: Dragonite|Dragonite, M, tera:Normal|49\/100\n|turn|16\n|\n|t:|1700590105\n|move|p1a: Dragonite|Extreme Speed|p2a: Guy\n|-damage|p2a: Guy|0 fnt\n|faint|p2a: Guy\n|\n|upkeep\n|\n|t:|1700590121\n|switch|p2a: Meowscarada|Meowscarada, F|100\/100\n|-damage|p2a: Meowscarada|88\/100|[from] Stealth Rock\n|turn|17\n|j| best dk\n|\n|t:|1700590164\n|switch|p1a: Zapdos|Zapdos-Galar, shiny|100\/100\n|move|p2a: Meowscarada|Sucker Punch||[still]\n|-fail|p2a: Meowscarada\n|\n|upkeep\n|turn|18\n|\n|t:|1700590170\n|switch|p2a: Piplip|Empoleon, M|100\/100\n|-damage|p2a: Piplip|94\/100|[from] Stealth Rock\n|move|p1a: Zapdos|U-turn|p2a: Piplip\n|-resisted|p2a: Piplip\n|-damage|p2a: Piplip|82\/100\n|\n|t:|1700590176\n|switch|p1a: Dragonite|Dragonite, M, tera:Normal|49\/100|[from] U-turn\n|\n|-heal|p2a: Piplip|88\/100|[from] item: Leftovers\n|upkeep\n|turn|19\n|\n|t:|1700590189\n|move|p1a: Dragonite|Dragon Dance|p1a: Dragonite\n|-boost|p1a: Dragonite|atk|1\n|-boost|p1a: Dragonite|spe|1\n|move|p2a: Piplip|Flip Turn|p1a: Dragonite\n|-damage|p1a: Dragonite|28\/100\n|\n|t:|1700590199\n|switch|p2a: RaidenKnuckl|Thundurus-Therian, M|100\/100|[from] Flip Turn\n|\n|upkeep\n|turn|20\n|\n|t:|1700590230\n|move|p1a: Dragonite|Extreme Speed|p2a: RaidenKnuckl\n|-damage|p2a: RaidenKnuckl|0 fnt\n|faint|p2a: RaidenKnuckl\n|\n|upkeep\n|\n|t:|1700590238\n|switch|p2a: Ninetales|Ninetales-Alola, F|17\/100\n|-damage|p2a: Ninetales|0 fnt|[from] Stealth Rock\n|faint|p2a: Ninetales\n|\n|t:|1700590245\n|switch|p2a: Meowscarada|Meowscarada, F|88\/100\n|-damage|p2a: Meowscarada|76\/100|[from] Stealth Rock\n|turn|21\n|\n|t:|1700590253\n|move|p1a: Dragonite|Extreme Speed|p2a: Meowscarada\n|-damage|p2a: Meowscarada|0 fnt\n|faint|p2a: Meowscarada\n|\n|upkeep\n|c|\u2606applebottombruhs|what the freak\n|\n|t:|1700590265\n|switch|p2a: Piplip|Empoleon, M|88\/100\n|-damage|p2a: Piplip|82\/100|[from] Stealth Rock\n|turn|22\n|c| butter dk|espeed is +3 prio\n|\n|t:|1700590271\n|move|p1a: Dragonite|Extreme Speed|p2a: Piplip\n|-resisted|p2a: Piplip\n|-damage|p2a: Piplip|49\/100\n|move|p2a: Piplip|Surf|p1a: Dragonite\n|-damage|p1a: Dragonite|0 fnt\n|faint|p1a: Dragonite\n|\n|-heal|p2a: Piplip|55\/100|[from] item: Leftovers\n|upkeep\n|\n|t:|1700590279\n|switch|p1a: Zapdos|Zapdos-Galar, shiny|100\/100\n|turn|23\n|c| butter dk|if u were tryna sucker\n|c|\u2606applebottombruhs|o\n|\n|t:|1700590306\n|move|p1a: Zapdos|Close Combat|p2a: Piplip\n|-supereffective|p2a: Piplip\n|-crit|p2a: Piplip\n|-damage|p2a: Piplip|0 fnt\n|-unboost|p1a: Zapdos|def|1\n|-unboost|p1a: Zapdos|spd|1\n|faint|p2a: Piplip\n|\n|win|Wolvenstorm\n|c|\u2606applebottombruhs|gg\n|c|\u2606Wolvenstorm|gg!\n","uploadtime":1700590317,"views":1,"p1id":"wolvenstorm","p2id":"applebottombruhs","formatid":"gen9ubers","rating":0,"private":0,"password":""}