{"id":"gen9ubers-1985762307","p1":"Spooderofdoom13","p2":"Iragula","format":"[Gen 9] Ubers","log":"|j|\u2606Spooderofdoom13\n|j|\u2606Iragula\n|t:|1699403522\n|gametype|singles\n|player|p1|Spooderofdoom13|170|1085\n|player|p2|Iragula|grimsley|1157\n|teamsize|p1|6\n|teamsize|p2|6\n|gen|9\n|tier|[Gen 9] Ubers\n|rated|\n|rule|Sleep Clause Mod: Limit one foe put to sleep\n|rule|Species Clause: Limit one of each Pok\u00e9mon\n|rule|OHKO Clause: OHKO moves are banned\n|rule|Evasion Items Clause: Evasion items are banned\n|rule|Evasion Moves Clause: Evasion moves are banned\n|rule|Endless Battle Clause: Forcing endless battles is banned\n|rule|HP Percentage Mod: HP is shown in percentages\n|clearpoke\n|poke|p1|Annihilape, M|\n|poke|p1|Typhlosion-Hisui, M|\n|poke|p1|Giratina|\n|poke|p1|Greninja-*, M|\n|poke|p1|Flutter Mane|\n|poke|p1|Rayquaza|\n|poke|p2|Ludicolo, M|\n|poke|p2|Palkia|\n|poke|p2|Pelipper, F|\n|poke|p2|Toxapex, F|\n|poke|p2|Whiscash, M|\n|poke|p2|Palafin, M|\n|teampreview\n|l|\u2606Spooderofdoom13\n|player|p1|\n|j|\u2606Spooderofdoom13\n|player|p1|Spooderofdoom13|170\n|\n|t:|1699403547\n|start\n|switch|p1a: Annihilape|Annihilape, M|100\/100\n|switch|p2a: Flipper|Palafin, M|100\/100\n|turn|1\n|\n|t:|1699403562\n|move|p2a: Flipper|Flip Turn|p1a: Annihilape\n|-damage|p1a: Annihilape|78\/100\n|\n|t:|1699403566\n|detailschange|p2a: Flipper|Palafin-Hero, M\n|switch|p2a: Mio|Pelipper, F|100\/100|[from] Flip Turn\n|-weather|RainDance|[from] ability: Drizzle|[of] p2a: Mio\n|move|p1a: Annihilape|Rage Fist|p2a: Mio\n|-damage|p2a: Mio|48\/100\n|\n|-weather|RainDance|[upkeep]\n|upkeep\n|turn|2\n|\n|t:|1699403580\n|move|p1a: Annihilape|Rage Fist|p2a: Mio\n|-damage|p2a: Mio|0 fnt\n|faint|p2a: Mio\n|\n|-weather|RainDance|[upkeep]\n|upkeep\n|\n|t:|1699403587\n|switch|p2a: Katara|Toxapex, F|100\/100\n|turn|3\n|\n|t:|1699403596\n|move|p2a: Katara|Baneful Bunker|p2a: Katara\n|-singleturn|p2a: Katara|move: Protect\n|move|p1a: Annihilape|Drain Punch|p2a: Katara\n|-activate|p2a: Katara|move: Protect\n|-status|p1a: Annihilape|psn\n|\n|-weather|RainDance|[upkeep]\n|-damage|p1a: Annihilape|66\/100 psn|[from] psn\n|upkeep\n|turn|4\n|\n|t:|1699403612\n|move|p1a: Annihilape|Drain Punch|p2a: Katara\n|-resisted|p2a: Katara\n|-damage|p2a: Katara|88\/100\n|-heal|p1a: Annihilape|70\/100 psn|[from] drain|[of] p2a: Katara\n|move|p2a: Katara|Toxic Spikes|p1a: Annihilape\n|-sidestart|p1: Spooderofdoom13|move: Toxic Spikes\n|\n|-weather|RainDance|[upkeep]\n|-heal|p2a: Katara|95\/100|[from] item: Black Sludge\n|-damage|p1a: Annihilape|58\/100 psn|[from] psn\n|upkeep\n|turn|5\n|\n|t:|1699403624\n|move|p2a: Katara|Baneful Bunker|p2a: Katara\n|-singleturn|p2a: Katara|move: Protect\n|move|p1a: Annihilape|Close Combat|p2a: Katara\n|-activate|p2a: Katara|move: Protect\n|\n|-weather|RainDance|[upkeep]\n|-heal|p2a: Katara|100\/100|[from] item: Black Sludge\n|-damage|p1a: Annihilape|46\/100 psn|[from] psn\n|upkeep\n|turn|6\n|\n|t:|1699403634\n|move|p1a: Annihilape|Close Combat|p2a: Katara\n|-resisted|p2a: Katara\n|-damage|p2a: Katara|81\/100\n|-unboost|p1a: Annihilape|def|1\n|-unboost|p1a: Annihilape|spd|1\n|move|p2a: Katara|Toxic Spikes|p1a: Annihilape\n|-sidestart|p1: Spooderofdoom13|move: Toxic Spikes\n|\n|-weather|RainDance|[upkeep]\n|-heal|p2a: Katara|87\/100|[from] item: Black Sludge\n|-damage|p1a: Annihilape|34\/100 psn|[from] psn\n|upkeep\n|turn|7\n|\n|t:|1699403648\n|move|p2a: Katara|Baneful Bunker|p2a: Katara\n|-singleturn|p2a: Katara|move: Protect\n|move|p1a: Annihilape|Drain Punch|p2a: Katara\n|-activate|p2a: Katara|move: Protect\n|\n|-weather|RainDance|[upkeep]\n|-heal|p2a: Katara|93\/100|[from] item: Black Sludge\n|-damage|p1a: Annihilape|21\/100 psn|[from] psn\n|upkeep\n|turn|8\n|\n|t:|1699403658\n|move|p1a: Annihilape|Close Combat|p2a: Katara\n|-resisted|p2a: Katara\n|-damage|p2a: Katara|74\/100\n|-unboost|p1a: Annihilape|def|1\n|-unboost|p1a: Annihilape|spd|1\n|move|p2a: Katara|Liquidation|p1a: Annihilape\n|-damage|p1a: Annihilape|0 fnt\n|faint|p1a: Annihilape\n|\n|-weather|none\n|-heal|p2a: Katara|80\/100|[from] item: Black Sludge\n|upkeep\n|\n|t:|1699403673\n|switch|p1a: Satan|Giratina|100\/100\n|-status|p1a: Satan|tox\n|-ability|p1a: Satan|Pressure\n|turn|9\n|\n|t:|1699403694\n|move|p2a: Katara|Baneful Bunker|p2a: Katara\n|-singleturn|p2a: Katara|move: Protect\n|move|p1a: Satan|Calm Mind|p1a: Satan\n|-boost|p1a: Satan|spa|1\n|-boost|p1a: Satan|spd|1\n|\n|-heal|p2a: Katara|86\/100|[from] item: Black Sludge\n|-damage|p1a: Satan|94\/100 tox|[from] psn\n|upkeep\n|turn|10\n|\n|t:|1699403707\n|move|p1a: Satan|Shadow Ball|p2a: Katara\n|-damage|p2a: Katara|41\/100\n|move|p2a: Katara|Liquidation|p1a: Satan\n|-resisted|p1a: Satan\n|-damage|p1a: Satan|89\/100 tox\n|\n|-heal|p2a: Katara|47\/100|[from] item: Black Sludge\n|-damage|p1a: Satan|77\/100 tox|[from] psn\n|upkeep\n|turn|11\n|\n|t:|1699403718\n|move|p2a: Katara|Baneful Bunker|p2a: Katara\n|-singleturn|p2a: Katara|move: Protect\n|move|p1a: Satan|Calm Mind|p1a: Satan\n|-boost|p1a: Satan|spa|1\n|-boost|p1a: Satan|spd|1\n|\n|-heal|p2a: Katara|53\/100|[from] item: Black Sludge\n|-damage|p1a: Satan|58\/100 tox|[from] psn\n|upkeep\n|turn|12\n|\n|t:|1699403733\n|move|p1a: Satan|Shadow Ball|p2a: Katara\n|-damage|p2a: Katara|0 fnt\n|faint|p2a: Katara\n|\n|-damage|p1a: Satan|34\/100 tox|[from] psn\n|upkeep\n|\n|t:|1699403740\n|switch|p2a: Sisu|Palkia|100\/100\n|-ability|p2a: Sisu|Pressure\n|turn|13\n|\n|t:|1699403745\n|move|p2a: Sisu|Dragon Pulse|p1a: Satan\n|-supereffective|p1a: Satan\n|-damage|p1a: Satan|0 fnt\n|faint|p1a: Satan\n|\n|upkeep\n|\n|t:|1699403752\n|switch|p1a: Flutter Mane|Flutter Mane|100\/100\n|-status|p1a: Flutter Mane|tox\n|turn|14\n|\n|t:|1699403762\n|move|p1a: Flutter Mane|Moonblast|p2a: Sisu\n|-supereffective|p2a: Sisu\n|-damage|p2a: Sisu|0 fnt\n|faint|p2a: Sisu\n|\n|-damage|p1a: Flutter Mane|94\/100 tox|[from] psn\n|upkeep\n|\n|t:|1699403771\n|switch|p2a: Cleo|Ludicolo, M|100\/100\n|turn|15\n|\n|t:|1699403777\n|move|p1a: Flutter Mane|Calm Mind|p1a: Flutter Mane\n|-boost|p1a: Flutter Mane|spa|1\n|-boost|p1a: Flutter Mane|spd|1\n|move|p2a: Cleo|Leech Seed|p1a: Flutter Mane\n|-start|p1a: Flutter Mane|move: Leech Seed\n|\n|-heal|p1a: Flutter Mane|100\/100 tox|[from] item: Leftovers\n|-damage|p1a: Flutter Mane|88\/100 tox|[from] Leech Seed|[of] p2a: Cleo\n|-damage|p1a: Flutter Mane|76\/100 tox|[from] psn\n|upkeep\n|turn|16\n|\n|t:|1699403790\n|move|p1a: Flutter Mane|Shadow Ball|p2a: Cleo\n|-damage|p2a: Cleo|41\/100\n|-unboost|p2a: Cleo|spd|1\n|move|p2a: Cleo|Rain Dance|p2a: Cleo\n|-weather|RainDance\n|\n|-weather|RainDance|[upkeep]\n|-heal|p2a: Cleo|47\/100|[from] ability: Rain Dish\n|-heal|p1a: Flutter Mane|82\/100 tox|[from] item: Leftovers\n|-damage|p1a: Flutter Mane|70\/100 tox|[from] Leech Seed|[of] p2a: Cleo\n|-heal|p2a: Cleo|58\/100|[silent]\n|-damage|p1a: Flutter Mane|52\/100 tox|[from] psn\n|upkeep\n|turn|17\n|\n|t:|1699403806\n|move|p1a: Flutter Mane|Shadow Ball|p2a: Cleo\n|-damage|p2a: Cleo|0 fnt\n|faint|p2a: Cleo\n|\n|-weather|RainDance|[upkeep]\n|-heal|p1a: Flutter Mane|58\/100 tox|[from] item: Leftovers\n|-damage|p1a: Flutter Mane|33\/100 tox|[from] psn\n|upkeep\n|\n|t:|1699403817\n|switch|p2a: Flipper|Palafin-Hero, M|100\/100\n|-activate|p2a: Flipper|ability: Zero to Hero\n|turn|18\n|\n|t:|1699403824\n|move|p1a: Flutter Mane|Shadow Ball|p2a: Flipper\n|-damage|p2a: Flipper|30\/100\n|move|p2a: Flipper|Liquidation|p1a: Flutter Mane\n|-damage|p1a: Flutter Mane|0 fnt\n|faint|p1a: Flutter Mane\n|-end|p1a: Flutter Mane|Protosynthesis|[silent]\n|\n|-weather|RainDance|[upkeep]\n|upkeep\n|\n|t:|1699403835\n|switch|p1a: Typhlosion|Typhlosion-Hisui, M|100\/100\n|-status|p1a: Typhlosion|tox\n|turn|19\n|\n|t:|1699403846\n|move|p2a: Flipper|Liquidation|p1a: Typhlosion\n|-supereffective|p1a: Typhlosion\n|-damage|p1a: Typhlosion|0 fnt\n|faint|p1a: Typhlosion\n|\n|-weather|RainDance|[upkeep]\n|upkeep\n|\n|t:|1699403853\n|switch|p1a: Greninja|Greninja, M, shiny|100\/100\n|-status|p1a: Greninja|tox\n|turn|20\n|\n|t:|1699403861\n|move|p1a: Greninja|Dark Pulse|p2a: Flipper\n|-start|p1a: Greninja|typechange|Dark|[from] ability: Protean\n|-damage|p2a: Flipper|0 fnt\n|faint|p2a: Flipper\n|\n|-weather|none\n|-damage|p1a: Greninja|95\/100 tox|[from] psn\n|upkeep\n|\n|t:|1699403871\n|switch|p2a: Ryugu no Tsukai|Whiscash, M|100\/100\n|turn|21\n|\n|t:|1699403887\n|move|p1a: Greninja|Ice Beam|p2a: Ryugu no Tsukai\n|-damage|p2a: Ryugu no Tsukai|71\/100\n|move|p2a: Ryugu no Tsukai|Earthquake|p1a: Greninja\n|-damage|p1a: Greninja|24\/100 tox\n|-enditem|p1a: Greninja|Aguav Berry|[eat]\n|-heal|p1a: Greninja|57\/100 tox|[from] item: Aguav Berry\n|\n|-damage|p1a: Greninja|45\/100 tox|[from] psn\n|upkeep\n|turn|22\n|\n|t:|1699403899\n|move|p1a: Greninja|Dark Pulse|p2a: Ryugu no Tsukai\n|-damage|p2a: Ryugu no Tsukai|34\/100\n|move|p2a: Ryugu no Tsukai|Earthquake|p1a: Greninja\n|-damage|p1a: Greninja|0 fnt\n|faint|p1a: Greninja\n|\n|upkeep\n|\n|t:|1699403907\n|switch|p1a: The Shadow Demon|Rayquaza, shiny|100\/100\n|-ability|p1a: The Shadow Demon|Air Lock\n|turn|23\n|\n|t:|1699403917\n|-terastallize|p1a: The Shadow Demon|Ghost\n|move|p1a: The Shadow Demon|Dragon Dance|p1a: The Shadow Demon\n|-boost|p1a: The Shadow Demon|atk|1\n|-boost|p1a: The Shadow Demon|spe|1\n|move|p2a: Ryugu no Tsukai|Ice Beam|p1a: The Shadow Demon\n|-damage|p1a: The Shadow Demon|89\/100\n|\n|-heal|p1a: The Shadow Demon|95\/100|[from] item: Leftovers\n|upkeep\n|turn|24\n|\n|t:|1699403929\n|-terastallize|p2a: Ryugu no Tsukai|Ground\n|move|p1a: The Shadow Demon|Dragon Dance|p1a: The Shadow Demon\n|-boost|p1a: The Shadow Demon|atk|1\n|-boost|p1a: The Shadow Demon|spe|1\n|move|p2a: Ryugu no Tsukai|Earthquake|p1a: The Shadow Demon\n|-damage|p1a: The Shadow Demon|50\/100\n|\n|-heal|p1a: The Shadow Demon|56\/100|[from] item: Leftovers\n|upkeep\n|turn|25\n|\n|t:|1699403941\n|move|p1a: The Shadow Demon|Extreme Speed|p2a: Ryugu no Tsukai\n|-damage|p2a: Ryugu no Tsukai|0 fnt\n|faint|p2a: Ryugu no Tsukai\n|\n|win|Spooderofdoom13\n|raw|Spooderofdoom13's rating: 1085 &rarr; <strong>1118<\/strong><br \/>(+33 for winning)\n|raw|Iragula's rating: 1157 &rarr; <strong>1127<\/strong><br \/>(-30 for losing)\n|l|\u2606Iragula\n","uploadtime":1699403951,"views":8,"p1id":"spooderofdoom13","p2id":"iragula","formatid":"gen9ubers","rating":1118,"private":0,"password":""}