{"id":"gen9ubers-1978150586","p1":"ItsmeBlankKnight","p2":"JohnLongGone","format":"[Gen 9] Ubers","log":"|j|\u2606ItsmeBlankKnight\n|j|\u2606JohnLongGone\n|t:|1698505515\n|gametype|singles\n|player|p1|ItsmeBlankKnight|larry|\n|player|p2|JohnLongGone|caitlin|\n|teamsize|p1|6\n|teamsize|p2|6\n|gen|9\n|tier|[Gen 9] Ubers\n|rule|Sleep Clause Mod: Limit one foe put to sleep\n|rule|Species Clause: Limit one of each Pok\u00e9mon\n|rule|OHKO Clause: OHKO moves are banned\n|rule|Evasion Items Clause: Evasion items are banned\n|rule|Evasion Moves Clause: Evasion moves are banned\n|rule|Endless Battle Clause: Forcing endless battles is banned\n|rule|HP Percentage Mod: HP is shown in percentages\n|clearpoke\n|poke|p1|Chi-Yu|\n|poke|p1|Palafin, M|\n|poke|p1|Spectrier|\n|poke|p1|Zacian-*|\n|poke|p1|Arceus-Poison|\n|poke|p1|Masquerain, F|\n|poke|p2|Cyclizar, M|\n|poke|p2|Grimmsnarl, M|\n|poke|p2|Magearna|\n|poke|p2|Zacian-*|\n|poke|p2|Arceus-Fire|\n|poke|p2|Basculegion-F, F|\n|teampreview\n|inactive|Battle timer is ON: inactive players will automatically lose when time's up. (requested by ItsmeBlankKnight)\n|\n|t:|1698505537\n|start\n|switch|p1a: Masquerain|Masquerain, F|100\/100\n|switch|p2a: Cyclizar|Cyclizar, M|100\/100\n|-ability|p1a: Masquerain|Intimidate|boost\n|-unboost|p2a: Cyclizar|atk|1\n|turn|1\n|\n|t:|1698505556\n|move|p2a: Cyclizar|Shed Tail|p2a: Cyclizar\n|-start|p2a: Cyclizar|Substitute|[from] move: Shed Tail\n|-damage|p2a: Cyclizar|50\/100\n|\n|t:|1698505557\n|switch|p2a: Grimmsnarl|Grimmsnarl, M|100\/100|[from] Shed Tail\n|move|p1a: Masquerain|Sticky Web|p2a: Grimmsnarl\n|-sidestart|p2: JohnLongGone|move: Sticky Web\n|\n|upkeep\n|turn|2\n|\n|t:|1698505565\n|move|p2a: Grimmsnarl|Reflect|p2a: Grimmsnarl\n|-sidestart|p2: JohnLongGone|Reflect\n|move|p1a: Masquerain|U-turn|p2a: Grimmsnarl\n|-activate|p2a: Grimmsnarl|move: Substitute|[damage]\n|\n|t:|1698505571\n|switch|p1a: Palafin|Palafin, M|100\/100|[from] U-turn\n|\n|upkeep\n|turn|3\n|\n|t:|1698505592\n|detailschange|p1a: Palafin|Palafin-Hero, M\n|switch|p1a: Masquerain|Masquerain, F|100\/100\n|-ability|p1a: Masquerain|Intimidate|boost\n|-immune|p2a: Grimmsnarl\n|move|p2a: Grimmsnarl|Reflect||[still]\n|-fail|p2a: Grimmsnarl\n|\n|upkeep\n|turn|4\n|\n|t:|1698505597\n|move|p2a: Grimmsnarl|Light Screen|p2a: Grimmsnarl\n|-sidestart|p2: JohnLongGone|move: Light Screen\n|move|p1a: Masquerain|U-turn|p2a: Grimmsnarl\n|-activate|p2a: Grimmsnarl|move: Substitute|[damage]\n|\n|t:|1698505601\n|switch|p1a: Zacian|Zacian|100\/100|[from] U-turn\n|-ability|p1a: Zacian|Intrepid Sword|boost\n|-boost|p1a: Zacian|atk|1\n|\n|upkeep\n|turn|5\n|inactive|JohnLongGone has 270 seconds left.\n|\n|t:|1698505642\n|move|p2a: Grimmsnarl|Taunt|p1a: Zacian\n|-start|p1a: Zacian|move: Taunt\n|move|p1a: Zacian|Play Rough|p2a: Grimmsnarl|[miss]\n|-miss|p1a: Zacian|p2a: Grimmsnarl\n|\n|upkeep\n|turn|6\n|\n|t:|1698505648\n|move|p2a: Grimmsnarl|Parting Shot|p1a: Zacian\n|-unboost|p1a: Zacian|atk|1\n|-unboost|p1a: Zacian|spa|1\n|c|\u2606ItsmeBlankKnight|shit\n|\n|t:|1698505658\n|switch|p2a: Arceus|Arceus-Fire|100\/100|[from] Parting Shot\n|-activate|p2a: Arceus|move: Sticky Web\n|-unboost|p2a: Arceus|spe|1\n|move|p1a: Zacian|Play Rough|p2a: Arceus\n|-resisted|p2a: Arceus\n|-damage|p2a: Arceus|92\/100\n|\n|upkeep\n|turn|7\n|inactive|JohnLongGone has 270 seconds left.\n|inactive|JohnLongGone has 240 seconds left.\n|\n|t:|1698505697\n|switch|p1a: Palafin|Palafin-Hero, M|100\/100\n|-activate|p1a: Palafin|ability: Zero to Hero\n|move|p2a: Arceus|Dragon Dance|p2a: Arceus\n|-boost|p2a: Arceus|atk|1\n|-boost|p2a: Arceus|spe|1\n|\n|upkeep\n|turn|8\n|\n|t:|1698505708\n|-terastallize|p2a: Arceus|Water\n|move|p2a: Arceus|Dragon Dance|p2a: Arceus\n|-boost|p2a: Arceus|atk|1\n|-boost|p2a: Arceus|spe|1\n|move|p1a: Palafin|Wave Crash|p2a: Arceus\n|-resisted|p2a: Arceus\n|-crit|p2a: Arceus\n|-damage|p2a: Arceus|31\/100\n|-damage|p1a: Palafin|78\/100|[from] Recoil\n|-damage|p1a: Palafin|68\/100|[from] item: Life Orb\n|\n|upkeep\n|turn|9\n|inactive|JohnLongGone has 240 seconds left.\n|\n|t:|1698505730\n|move|p2a: Arceus|Recover|p2a: Arceus\n|-heal|p2a: Arceus|81\/100\n|move|p1a: Palafin|Close Combat|p2a: Arceus\n|-damage|p2a: Arceus|53\/100\n|-unboost|p1a: Palafin|def|1\n|-unboost|p1a: Palafin|spd|1\n|-damage|p1a: Palafin|58\/100|[from] item: Life Orb\n|\n|-sideend|p2: JohnLongGone|Reflect\n|upkeep\n|turn|10\n|\n|t:|1698505741\n|move|p2a: Arceus|Earthquake|p1a: Palafin\n|-crit|p1a: Palafin\n|-damage|p1a: Palafin|0 fnt\n|faint|p1a: Palafin\n|\n|upkeep\n|\n|t:|1698505745\n|switch|p1a: Arceus|Arceus-Poison|100\/100\n|turn|11\n|\n|t:|1698505754\n|-terastallize|p1a: Arceus|Normal\n|move|p2a: Arceus|Flare Blitz|p1a: Arceus\n|-damage|p1a: Arceus|0 fnt\n|faint|p1a: Arceus\n|-damage|p2a: Arceus|14\/100|[from] Recoil\n|\n|-sideend|p2: JohnLongGone|move: Light Screen\n|upkeep\n|\n|t:|1698505761\n|switch|p1a: Masquerain|Masquerain, F|100\/100\n|-ability|p1a: Masquerain|Intimidate|boost\n|-unboost|p2a: Arceus|atk|1\n|turn|12\n|inactive|JohnLongGone has 270 seconds left.\n|\n|t:|1698505768\n|move|p2a: Arceus|Recover|p2a: Arceus\n|-heal|p2a: Arceus|64\/100\n|move|p1a: Masquerain|Tailwind|p1a: Masquerain\n|-sidestart|p1: ItsmeBlankKnight|move: Tailwind\n|\n|upkeep\n|turn|13\n|\n|t:|1698505773\n|move|p1a: Masquerain|U-turn|p2a: Arceus\n|-damage|p2a: Arceus|52\/100\n|\n|t:|1698505777\n|switch|p1a: Spectrier|Spectrier|100\/100|[from] U-turn\n|move|p2a: Arceus|Dragon Dance|p2a: Arceus\n|-boost|p2a: Arceus|atk|1\n|-boost|p2a: Arceus|spe|1\n|\n|upkeep\n|turn|14\n|\n|t:|1698505792\n|move|p1a: Spectrier|Shadow Ball|p2a: Arceus\n|-damage|p2a: Arceus|2\/100\n|move|p2a: Arceus|Earthquake|p1a: Spectrier\n|-damage|p1a: Spectrier|0 fnt\n|faint|p1a: Spectrier\n|\n|upkeep\n|\n|t:|1698505796\n|switch|p1a: Chi-Yu|Chi-Yu|100\/100\n|-ability|p1a: Chi-Yu|Beads of Ruin\n|turn|15\n|\n|t:|1698505800\n|move|p2a: Arceus|Earthquake|p1a: Chi-Yu\n|-supereffective|p1a: Chi-Yu\n|-damage|p1a: Chi-Yu|0 fnt\n|faint|p1a: Chi-Yu\n|\n|-sideend|p1: ItsmeBlankKnight|move: Tailwind\n|upkeep\n|-message|ItsmeBlankKnight forfeited.\n|\n|win|JohnLongGone\n|l|\u2606ItsmeBlankKnight\n|j|\u2606ItsmeBlankKnight\n|player|p1|ItsmeBlankKnight|larry\n","uploadtime":1698505808,"views":5,"p1id":"itsmeblankknight","p2id":"johnlonggone","formatid":"gen9ubers","rating":0,"private":0,"password":""}