{"id":"gen9ubers-1972409637","p1":"ProudNewb","p2":"naterz4","format":"[Gen 9] Ubers","log":"|j|\u2606ProudNewb\n|j|\u2606naterz4\n|t:|1697839726\n|gametype|singles\n|player|p1|ProudNewb|2|\n|player|p2|naterz4|1|\n|teamsize|p1|6\n|teamsize|p2|6\n|gen|9\n|tier|[Gen 9] Ubers\n|rule|Sleep Clause Mod: Limit one foe put to sleep\n|rule|Species Clause: Limit one of each Pok\u00e9mon\n|rule|OHKO Clause: OHKO moves are banned\n|rule|Evasion Items Clause: Evasion items are banned\n|rule|Evasion Moves Clause: Evasion moves are banned\n|rule|Endless Battle Clause: Forcing endless battles is banned\n|rule|HP Percentage Mod: HP is shown in percentages\n|clearpoke\n|poke|p1|Palafin, M|\n|poke|p1|Heatran, M|\n|poke|p1|Qwilfish-Hisui, M|\n|poke|p1|Lycanroc-Dusk, F|\n|poke|p1|Electrode-Hisui|\n|poke|p1|Tinkaton, F|\n|poke|p2|Baxcalibur, M|\n|poke|p2|Ninetales-Alola, M|\n|poke|p2|Jolteon, M|\n|poke|p2|Kleavor, M|\n|poke|p2|Arcanine-Hisui, M|\n|poke|p2|Dugtrio, M|\n|teampreview\n|j| NWA Anemos\n|\n|t:|1697839767\n|start\n|switch|p1a: Qwilfish|Qwilfish-Hisui, M|100\/100\n|switch|p2a: Arcanine|Arcanine-Hisui, M|100\/100\n|-ability|p1a: Qwilfish|Intimidate|boost\n|-unboost|p2a: Arcanine|atk|1\n|turn|1\n|\n|t:|1697839782\n|move|p2a: Arcanine|Head Smash|p1a: Qwilfish\n|-damage|p1a: Qwilfish|59\/100\n|move|p1a: Qwilfish|Toxic Spikes|p2a: Arcanine\n|-sidestart|p2: naterz4|move: Toxic Spikes\n|\n|upkeep\n|turn|2\n|\n|t:|1697839796\n|switch|p2a: RegiJolteon|Jolteon, M|100\/100\n|-status|p2a: RegiJolteon|psn\n|switch|p1a: Heatran|Heatran, M|100\/100\n|-item|p1a: Heatran|Air Balloon\n|\n|-damage|p2a: RegiJolteon|88\/100 psn|[from] psn\n|upkeep\n|turn|3\n|\n|t:|1697839808\n|-terastallize|p2a: RegiJolteon|Water\n|move|p2a: RegiJolteon|Tera Blast|p1a: Heatran|[anim] Tera Blast Water\n|-supereffective|p1a: Heatran\n|-damage|p1a: Heatran|41\/100\n|-enditem|p1a: Heatran|Air Balloon\n|move|p1a: Heatran|Earth Power|p2a: RegiJolteon\n|-damage|p2a: RegiJolteon|55\/100 psn\n|\n|-damage|p2a: RegiJolteon|43\/100 psn|[from] psn\n|upkeep\n|turn|4\n|\n|t:|1697839837\n|switch|p1a: Qwilfish|Qwilfish-Hisui, M|59\/100\n|-ability|p1a: Qwilfish|Intimidate|boost\n|-unboost|p2a: RegiJolteon|atk|1\n|move|p2a: RegiJolteon|Calm Mind|p2a: RegiJolteon\n|-boost|p2a: RegiJolteon|spa|1\n|-boost|p2a: RegiJolteon|spd|1\n|\n|-damage|p2a: RegiJolteon|31\/100 psn|[from] psn\n|upkeep\n|turn|5\n|\n|t:|1697839849\n|move|p2a: RegiJolteon|Tera Blast|p1a: Qwilfish|[anim] Tera Blast Water\n|-damage|p1a: Qwilfish|0 fnt\n|faint|p1a: Qwilfish\n|\n|-damage|p2a: RegiJolteon|19\/100 psn|[from] psn\n|upkeep\n|\n|t:|1697839856\n|switch|p1a: Chapanya|Palafin, M|100\/100\n|turn|6\n|\n|t:|1697839859\n|move|p2a: RegiJolteon|Thunderbolt|p1a: Chapanya\n|-supereffective|p1a: Chapanya\n|-damage|p1a: Chapanya|0 fnt\n|faint|p1a: Chapanya\n|\n|-damage|p2a: RegiJolteon|7\/100 psn|[from] psn\n|upkeep\n|\n|t:|1697839893\n|switch|p1a: Electrode|Electrode-Hisui|100\/100\n|turn|7\n|\n|t:|1697839907\n|move|p2a: RegiJolteon|Stored Power|p1a: Electrode\n|-damage|p1a: Electrode|56\/100\n|move|p1a: Electrode|Leaf Storm|p2a: RegiJolteon\n|-supereffective|p2a: RegiJolteon\n|-damage|p2a: RegiJolteon|0 fnt\n|-unboost|p1a: Electrode|spa|2\n|faint|p2a: RegiJolteon\n|\n|upkeep\n|\n|t:|1697839923\n|switch|p2a: Ninetales|Ninetales-Alola, M|100\/100\n|-status|p2a: Ninetales|psn\n|-weather|Snow|[from] ability: Snow Warning|[of] p2a: Ninetales\n|turn|8\n|\n|t:|1697839931\n|switch|p1a: Tinkaton|Tinkaton, F|100\/100\n|-ability|p1a: Tinkaton|Mold Breaker\n|move|p2a: Ninetales|Aurora Veil|p2a: Ninetales\n|-sidestart|p2: naterz4|move: Aurora Veil\n|\n|-weather|Snow|[upkeep]\n|-damage|p2a: Ninetales|88\/100 psn|[from] psn\n|upkeep\n|turn|9\n|\n|t:|1697839939\n|switch|p2a: Baxcalibur|Baxcalibur, M|100\/100\n|-status|p2a: Baxcalibur|psn\n|move|p1a: Tinkaton|Brick Break|p2a: Baxcalibur\n|-sideend|p2: naterz4|move: Aurora Veil\n|-supereffective|p2a: Baxcalibur\n|-damage|p2a: Baxcalibur|81\/100 psn\n|\n|-weather|Snow|[upkeep]\n|-damage|p2a: Baxcalibur|69\/100 psn|[from] psn\n|upkeep\n|turn|10\n|\n|t:|1697839983\n|move|p2a: Baxcalibur|Earthquake|p1a: Tinkaton\n|-supereffective|p1a: Tinkaton\n|-damage|p1a: Tinkaton|7\/100\n|move|p1a: Tinkaton|Gigaton Hammer|p2a: Baxcalibur\n|-supereffective|p2a: Baxcalibur\n|-damage|p2a: Baxcalibur|10\/100 psn\n|\n|-weather|Snow|[upkeep]\n|-heal|p1a: Tinkaton|13\/100|[from] item: Leftovers\n|-damage|p2a: Baxcalibur|0 fnt|[from] psn\n|faint|p2a: Baxcalibur\n|upkeep\n|\n|t:|1697839990\n|switch|p2a: Kleavor|Kleavor, M|100\/100\n|turn|11\n|\n|t:|1697839999\n|switch|p1a: Heatran|Heatran, M|41\/100\n|move|p2a: Kleavor|Stone Axe|p1a: Heatran\n|-damage|p1a: Heatran|12\/100\n|-status|p2a: Kleavor|brn|[from] ability: Flame Body|[of] p1a: Heatran\n|-sidestart|p1: ProudNewb|move: Stealth Rock\n|\n|-weather|Snow|[upkeep]\n|-damage|p2a: Kleavor|94\/100 brn|[from] brn\n|upkeep\n|turn|12\n|\n|t:|1697840021\n|move|p2a: Kleavor|Stone Axe|p1a: Heatran\n|-damage|p1a: Heatran|0 fnt\n|faint|p1a: Heatran\n|\n|-weather|none\n|-damage|p2a: Kleavor|88\/100 brn|[from] brn\n|upkeep\n|\n|t:|1697840047\n|switch|p1a: Lycanroc|Lycanroc-Dusk, F|100\/100\n|-damage|p1a: Lycanroc|88\/100|[from] Stealth Rock\n|turn|13\n|\n|t:|1697840064\n|move|p1a: Lycanroc|Close Combat|p2a: Kleavor\n|-damage|p2a: Kleavor|0 fnt\n|-unboost|p1a: Lycanroc|def|1\n|-unboost|p1a: Lycanroc|spd|1\n|faint|p2a: Kleavor\n|\n|upkeep\n|\n|t:|1697840068\n|switch|p2a: Dugtrio|Dugtrio, M|100\/100\n|-status|p2a: Dugtrio|psn\n|turn|14\n|\n|t:|1697840080\n|move|p2a: Dugtrio|Reversal|p1a: Lycanroc\n|-supereffective|p1a: Lycanroc\n|-damage|p1a: Lycanroc|57\/100\n|move|p1a: Lycanroc|Close Combat|p2a: Dugtrio\n|-enditem|p2a: Dugtrio|Focus Sash\n|-damage|p2a: Dugtrio|1\/100 psn\n|-unboost|p1a: Lycanroc|def|1\n|-unboost|p1a: Lycanroc|spd|1\n|\n|-damage|p2a: Dugtrio|0 fnt|[from] psn\n|faint|p2a: Dugtrio\n|upkeep\n|\n|t:|1697840095\n|switch|p2a: Ninetales|Ninetales-Alola, M|88\/100 psn\n|-weather|Snow|[from] ability: Snow Warning|[of] p2a: Ninetales\n|turn|15\n|\n|t:|1697840107\n|switch|p1a: Tinkaton|Tinkaton, F|13\/100\n|-damage|p1a: Tinkaton|7\/100|[from] Stealth Rock\n|-ability|p1a: Tinkaton|Mold Breaker\n|move|p2a: Ninetales|Freeze-Dry|p1a: Tinkaton\n|-resisted|p1a: Tinkaton\n|-damage|p1a: Tinkaton|0 fnt\n|faint|p1a: Tinkaton\n|\n|-weather|Snow|[upkeep]\n|-damage|p2a: Ninetales|76\/100 psn|[from] psn\n|upkeep\n|\n|t:|1697840137\n|switch|p1a: Lycanroc|Lycanroc-Dusk, F|57\/100\n|-damage|p1a: Lycanroc|44\/100|[from] Stealth Rock\n|turn|16\n|\n|t:|1697840157\n|move|p1a: Lycanroc|Close Combat|p2a: Ninetales\n|-damage|p2a: Ninetales|13\/100 psn\n|-unboost|p1a: Lycanroc|def|1\n|-unboost|p1a: Lycanroc|spd|1\n|move|p2a: Ninetales|Moonblast|p1a: Lycanroc\n|-damage|p1a: Lycanroc|0 fnt\n|faint|p1a: Lycanroc\n|\n|-weather|Snow|[upkeep]\n|-damage|p2a: Ninetales|1\/100 psn|[from] psn\n|upkeep\n|\n|t:|1697840167\n|switch|p1a: Electrode|Electrode-Hisui|56\/100\n|-damage|p1a: Electrode|43\/100|[from] Stealth Rock\n|turn|17\n|\n|t:|1697840188\n|move|p1a: Electrode|Thunderbolt|p2a: Ninetales\n|-damage|p2a: Ninetales|0 fnt\n|faint|p2a: Ninetales\n|\n|-weather|Snow|[upkeep]\n|upkeep\n|\n|t:|1697840192\n|switch|p2a: Arcanine|Arcanine-Hisui, M|100\/100\n|-status|p2a: Arcanine|psn\n|turn|18\n|\n|t:|1697840199\n|-terastallize|p1a: Electrode|Steel\n|move|p1a: Electrode|Thunderbolt|p2a: Arcanine\n|-damage|p2a: Arcanine|33\/100 psn\n|move|p2a: Arcanine|Flare Blitz|p1a: Electrode\n|-supereffective|p1a: Electrode\n|-damage|p1a: Electrode|0 fnt\n|-damage|p2a: Arcanine|8\/100 psn|[from] ability: Aftermath|[of] p1a: Electrode\n|faint|p1a: Electrode\n|\n|win|naterz4\n|c| NWA Anemos|close\n","uploadtime":1697840260,"views":15,"p1id":"proudnewb","p2id":"naterz4","formatid":"gen9ubers","rating":0,"private":0,"password":""}