{"id":"gen9ubers-1978776526","p1":"ApexEliminator","p2":"belezeal","format":"[Gen 9] Ubers","log":"|j|\u2606ApexEliminator\n|j|\u2606belezeal\n|t:|1698593765\n|gametype|singles\n|player|p1|ApexEliminator|266|1148\n|player|p2|belezeal|169|1047\n|teamsize|p1|6\n|teamsize|p2|6\n|gen|9\n|tier|[Gen 9] Ubers\n|rated|\n|rule|Sleep Clause Mod: Limit one foe put to sleep\n|rule|Species Clause: Limit one of each Pok\u00e9mon\n|rule|OHKO Clause: OHKO moves are banned\n|rule|Evasion Items Clause: Evasion items are banned\n|rule|Evasion Moves Clause: Evasion moves are banned\n|rule|Endless Battle Clause: Forcing endless battles is banned\n|rule|HP Percentage Mod: HP is shown in percentages\n|clearpoke\n|poke|p1|Annihilape, M|\n|poke|p1|Ursaluna-Bloodmoon, M|\n|poke|p1|Espathra, F|\n|poke|p1|Miraidon|\n|poke|p1|Ogerpon-Hearthflame, F|\n|poke|p1|Blissey, F|\n|poke|p2|Ursaluna-Bloodmoon, M|\n|poke|p2|Ogerpon-Hearthflame, F|\n|poke|p2|Corviknight, M|\n|poke|p2|Iron Valiant|\n|poke|p2|Gyarados, M|\n|poke|p2|Glimmora, M|\n|teampreview\n|inactive|Battle timer is ON: inactive players will automatically lose when time's up. (requested by ApexEliminator)\n|\n|t:|1698593777\n|start\n|switch|p1a: Blissey|Blissey, F|100\/100\n|switch|p2a: Glimmora|Glimmora, M|100\/100\n|turn|1\n|\n|t:|1698593789\n|move|p2a: Glimmora|Mortal Spin|p1a: Blissey\n|-crit|p1a: Blissey\n|-damage|p1a: Blissey|93\/100\n|-status|p1a: Blissey|psn\n|move|p1a: Blissey|Seismic Toss|p2a: Glimmora\n|-damage|p2a: Glimmora|68\/100\n|-activate|p2a: Glimmora|ability: Toxic Debris\n|-sidestart|p1: ApexEliminator|move: Toxic Spikes\n|\n|-heal|p1a: Blissey|99\/100 psn|[from] item: Leftovers\n|-damage|p1a: Blissey|87\/100 psn|[from] psn\n|upkeep\n|turn|2\n|\n|t:|1698593802\n|move|p2a: Glimmora|Stealth Rock|p1a: Blissey\n|-sidestart|p1: ApexEliminator|move: Stealth Rock\n|move|p1a: Blissey|Seismic Toss|p2a: Glimmora\n|-damage|p2a: Glimmora|36\/100\n|-activate|p2a: Glimmora|ability: Toxic Debris\n|-sidestart|p1: ApexEliminator|move: Toxic Spikes\n|\n|-heal|p1a: Blissey|93\/100 psn|[from] item: Leftovers\n|-damage|p1a: Blissey|81\/100 psn|[from] psn\n|upkeep\n|turn|3\n|\n|t:|1698593816\n|move|p2a: Glimmora|Earth Power|p1a: Blissey\n|-damage|p1a: Blissey|68\/100 psn\n|move|p1a: Blissey|Stealth Rock|p2a: Glimmora\n|-sidestart|p2: belezeal|move: Stealth Rock\n|\n|-heal|p1a: Blissey|75\/100 psn|[from] item: Leftovers\n|-damage|p1a: Blissey|62\/100 psn|[from] psn\n|upkeep\n|turn|4\n|\n|t:|1698593826\n|move|p2a: Glimmora|Mortal Spin|p1a: Blissey\n|-damage|p1a: Blissey|57\/100 psn\n|-sideend|p2: belezeal|Stealth Rock|[from] move: Mortal Spin|[of] p2a: Glimmora\n|move|p1a: Blissey|Seismic Toss|p2a: Glimmora\n|-damage|p2a: Glimmora|3\/100\n|\n|-heal|p1a: Blissey|63\/100 psn|[from] item: Leftovers\n|-damage|p1a: Blissey|51\/100 psn|[from] psn\n|upkeep\n|turn|5\n|\n|t:|1698593837\n|move|p2a: Glimmora|Sludge Wave|p1a: Blissey\n|-damage|p1a: Blissey|32\/100 psn\n|move|p1a: Blissey|Soft-Boiled|p1a: Blissey\n|-heal|p1a: Blissey|82\/100 psn\n|\n|-heal|p1a: Blissey|88\/100 psn|[from] item: Leftovers\n|-damage|p1a: Blissey|75\/100 psn|[from] psn\n|upkeep\n|turn|6\n|\n|t:|1698593848\n|switch|p2a: Corviknight|Corviknight, M|100\/100\n|move|p1a: Blissey|Soft-Boiled|p1a: Blissey\n|-heal|p1a: Blissey|100\/100 psn\n|\n|-damage|p1a: Blissey|88\/100 psn|[from] psn\n|upkeep\n|turn|7\n|\n|t:|1698593862\n|move|p2a: Corviknight|Brave Bird|p1a: Blissey\n|-damage|p1a: Blissey|54\/100 psn\n|-damage|p2a: Corviknight|81\/100|[from] Recoil\n|move|p1a: Blissey|Stealth Rock|p2a: Corviknight\n|-sidestart|p2: belezeal|move: Stealth Rock\n|\n|-heal|p2a: Corviknight|87\/100|[from] item: Leftovers\n|-heal|p1a: Blissey|61\/100 psn|[from] item: Leftovers\n|-damage|p1a: Blissey|48\/100 psn|[from] psn\n|upkeep\n|turn|8\n|\n|t:|1698593874\n|move|p2a: Corviknight|Body Press|p1a: Blissey\n|-supereffective|p1a: Blissey\n|-damage|p1a: Blissey|1\/100 psn\n|move|p1a: Blissey|Soft-Boiled|p1a: Blissey\n|-heal|p1a: Blissey|51\/100 psn\n|\n|-heal|p2a: Corviknight|93\/100|[from] item: Leftovers\n|-heal|p1a: Blissey|57\/100 psn|[from] item: Leftovers\n|-damage|p1a: Blissey|44\/100 psn|[from] psn\n|upkeep\n|turn|9\n|\n|t:|1698593884\n|move|p2a: Corviknight|Body Press|p1a: Blissey\n|-supereffective|p1a: Blissey\n|-damage|p1a: Blissey|0 fnt\n|faint|p1a: Blissey\n|\n|-heal|p2a: Corviknight|99\/100|[from] item: Leftovers\n|upkeep\n|\n|t:|1698593888\n|switch|p1a: Annihilape|Annihilape, M|100\/100\n|-status|p1a: Annihilape|tox\n|-damage|p1a: Annihilape|94\/100 tox|[from] Stealth Rock\n|turn|10\n|\n|t:|1698593897\n|move|p1a: Annihilape|Bulk Up|p1a: Annihilape\n|-boost|p1a: Annihilape|atk|1\n|-boost|p1a: Annihilape|def|1\n|move|p2a: Corviknight|Brave Bird|p1a: Annihilape\n|-supereffective|p1a: Annihilape\n|-damage|p1a: Annihilape|46\/100 tox\n|-damage|p2a: Corviknight|82\/100|[from] Recoil\n|\n|-heal|p2a: Corviknight|88\/100|[from] item: Leftovers\n|-damage|p1a: Annihilape|40\/100 tox|[from] psn\n|upkeep\n|turn|11\n|\n|t:|1698593909\n|-terastallize|p1a: Annihilape|Fairy\n|move|p1a: Annihilape|Rest|p1a: Annihilape\n|-status|p1a: Annihilape|slp|[from] move: Rest\n|-heal|p1a: Annihilape|100\/100 slp|[silent]\n|-enditem|p1a: Annihilape|Chesto Berry|[eat]\n|-curestatus|p1a: Annihilape|slp|[msg]\n|move|p2a: Corviknight|Brave Bird|p1a: Annihilape\n|-damage|p1a: Annihilape|78\/100\n|-damage|p2a: Corviknight|80\/100|[from] Recoil\n|\n|-heal|p2a: Corviknight|86\/100|[from] item: Leftovers\n|upkeep\n|turn|12\n|\n|t:|1698593931\n|switch|p2a: Glimmora|Glimmora, M|3\/100\n|-damage|p2a: Glimmora|0 fnt|[from] Stealth Rock\n|faint|p2a: Glimmora\n|move|p1a: Annihilape|Bulk Up|p1a: Annihilape\n|-boost|p1a: Annihilape|atk|1\n|-boost|p1a: Annihilape|def|1\n|\n|upkeep\n|inactive|belezeal has 120 seconds left.\n|inactive|belezeal has 90 seconds left.\n|inactive|belezeal has 60 seconds left.\n|\n|t:|1698594026\n|switch|p2a: Iron Valiant|Iron Valiant|100\/100\n|-damage|p2a: Iron Valiant|94\/100|[from] Stealth Rock\n|turn|13\n|\n|t:|1698594033\n|-terastallize|p2a: Iron Valiant|Fairy\n|move|p2a: Iron Valiant|Moonblast|p1a: Annihilape\n|-damage|p1a: Annihilape|19\/100\n|-unboost|p1a: Annihilape|spa|1\n|-ability|p1a: Annihilape|Defiant|boost\n|-boost|p1a: Annihilape|atk|2\n|move|p1a: Annihilape|Rage Fist|p2a: Iron Valiant\n|-damage|p2a: Iron Valiant|0 fnt\n|faint|p2a: Iron Valiant\n|-end|p2a: Iron Valiant|Quark Drive|[silent]\n|\n|upkeep\n|\n|t:|1698594057\n|switch|p2a: Ogerpon|Ogerpon-Hearthflame, F|100\/100\n|-damage|p2a: Ogerpon|76\/100|[from] Stealth Rock\n|-ability|p2a: Ogerpon|Mold Breaker\n|turn|14\n|\n|t:|1698594067\n|move|p2a: Ogerpon|Ivy Cudgel|p1a: Annihilape\n|-damage|p1a: Annihilape|0 fnt\n|faint|p1a: Annihilape\n|\n|upkeep\n|\n|t:|1698594078\n|switch|p1a: Miraidon|Miraidon|100\/100\n|-status|p1a: Miraidon|tox\n|-damage|p1a: Miraidon|88\/100 tox|[from] Stealth Rock\n|-fieldstart|move: Electric Terrain|[from] ability: Hadron Engine|[of] p1a: Miraidon\n|turn|15\n|\n|t:|1698594095\n|switch|p2a: Ursaluna|Ursaluna-Bloodmoon, M|100\/100\n|-damage|p2a: Ursaluna|94\/100|[from] Stealth Rock\n|move|p1a: Miraidon|Draco Meteor|p2a: Ursaluna\n|-damage|p2a: Ursaluna|0 fnt\n|-unboost|p1a: Miraidon|spa|2\n|faint|p2a: Ursaluna\n|\n|-damage|p1a: Miraidon|82\/100 tox|[from] psn\n|upkeep\n|inactive|belezeal has 30 seconds left.\n|\n|t:|1698594113\n|switch|p2a: Gyarados|Gyarados, M|100\/100\n|-damage|p2a: Gyarados|75\/100|[from] Stealth Rock\n|turn|16\n|inactive|belezeal has 30 seconds left.\n|inactive|ApexEliminator has 120 seconds left.\n|\n|t:|1698594158\n|move|p1a: Miraidon|Draco Meteor|p2a: Gyarados\n|-damage|p2a: Gyarados|24\/100\n|-unboost|p1a: Miraidon|spa|2\n|move|p2a: Gyarados|Scale Shot|p1a: Miraidon|[miss]\n|-miss|p2a: Gyarados|p1a: Miraidon\n|\n|-damage|p1a: Miraidon|70\/100 tox|[from] psn\n|upkeep\n|turn|17\n|inactive|belezeal has 30 seconds left.\n|\n|t:|1698594168\n|move|p1a: Miraidon|Draco Meteor|p2a: Gyarados|[miss]\n|-miss|p1a: Miraidon|p2a: Gyarados\n|move|p2a: Gyarados|Scale Shot|p1a: Miraidon\n|-supereffective|p1a: Miraidon\n|-damage|p1a: Miraidon|51\/100 tox\n|-supereffective|p1a: Miraidon\n|-damage|p1a: Miraidon|34\/100 tox\n|-supereffective|p1a: Miraidon\n|-damage|p1a: Miraidon|18\/100 tox\n|-supereffective|p1a: Miraidon\n|-damage|p1a: Miraidon|0 fnt\n|faint|p1a: Miraidon\n|-ability|p2a: Gyarados|Moxie|boost\n|-boost|p2a: Gyarados|atk|1\n|-hitcount|p1: Miraidon|4\n|-unboost|p2a: Gyarados|def|1\n|-boost|p2a: Gyarados|spe|1\n|\n|upkeep\n|inactive|ApexEliminator has 120 seconds left.\n|\n|t:|1698594178\n|switch|p1a: Espathra|Espathra, F|100\/100\n|-status|p1a: Espathra|tox\n|-damage|p1a: Espathra|88\/100 tox|[from] Stealth Rock\n|-enditem|p1a: Espathra|Electric Seed\n|-boost|p1a: Espathra|def|1|[from] item: Electric Seed\n|turn|18\n|inactive|ApexEliminator has 120 seconds left.\n|\n|t:|1698594193\n|move|p2a: Gyarados|Crunch|p1a: Espathra\n|-supereffective|p1a: Espathra\n|-damage|p1a: Espathra|39\/100 tox\n|move|p1a: Espathra|Stored Power|p2a: Gyarados\n|-damage|p2a: Gyarados|14\/100\n|\n|-damage|p1a: Espathra|32\/100 tox|[from] psn\n|-ability|p1a: Espathra|Speed Boost|boost\n|-boost|p1a: Espathra|spe|1\n|upkeep\n|turn|19\n|\n|t:|1698594203\n|move|p2a: Gyarados|Crunch|p1a: Espathra\n|-supereffective|p1a: Espathra\n|-damage|p1a: Espathra|0 fnt\n|faint|p1a: Espathra\n|-ability|p2a: Gyarados|Moxie|boost\n|-boost|p2a: Gyarados|atk|1\n|\n|-fieldend|move: Electric Terrain\n|upkeep\n|\n|t:|1698594206\n|switch|p1a: Ogerpon|Ogerpon-Hearthflame, F|100\/100\n|-status|p1a: Ogerpon|tox\n|-damage|p1a: Ogerpon|76\/100 tox|[from] Stealth Rock\n|-ability|p1a: Ogerpon|Mold Breaker\n|turn|20\n|\n|t:|1698594220\n|move|p2a: Gyarados|Aqua Tail|p1a: Ogerpon\n|-damage|p1a: Ogerpon|0 fnt\n|faint|p1a: Ogerpon\n|-ability|p2a: Gyarados|Moxie|boost\n|-boost|p2a: Gyarados|atk|1\n|\n|upkeep\n|\n|t:|1698594223\n|switch|p1a: Ursaluna|Ursaluna-Bloodmoon, M|100\/100\n|-status|p1a: Ursaluna|tox\n|-damage|p1a: Ursaluna|95\/100 tox|[from] Stealth Rock\n|turn|21\n|\n|t:|1698594232\n|move|p2a: Gyarados|Aqua Tail|p1a: Ursaluna\n|-supereffective|p1a: Ursaluna\n|-damage|p1a: Ursaluna|0 fnt\n|faint|p1a: Ursaluna\n|\n|win|belezeal\n|raw|ApexEliminator's rating: 1148 &rarr; <strong>1116<\/strong><br \/>(-32 for losing)\n|raw|belezeal's rating: 1047 &rarr; <strong>1089<\/strong><br \/>(+42 for winning)\n|l|\u2606ApexEliminator\n|player|p2|belezeal|169\n","uploadtime":1698594254,"views":17,"p1id":"apexeliminator","p2id":"belezeal","formatid":"gen9ubers","rating":1089,"private":0,"password":""}