{"id":"gen9ubers-1969567392","p1":"Coupe457","p2":"rohnox37","format":"[Gen 9] Ubers","log":"|j|\u2606Coupe457\n|j|\u2606rohnox37\n|t:|1697547922\n|gametype|singles\n|player|p1|Coupe457|artist-gen4|\n|player|p2|rohnox37|giovanni|\n|teamsize|p1|4\n|teamsize|p2|6\n|gen|9\n|tier|[Gen 9] Ubers\n|rule|Sleep Clause Mod: Limit one foe put to sleep\n|rule|Species Clause: Limit one of each Pok\u00e9mon\n|rule|OHKO Clause: OHKO moves are banned\n|rule|Evasion Items Clause: Evasion items are banned\n|rule|Evasion Moves Clause: Evasion moves are banned\n|rule|Endless Battle Clause: Forcing endless battles is banned\n|rule|HP Percentage Mod: HP is shown in percentages\n|clearpoke\n|poke|p1|Ogerpon, F|\n|poke|p1|Ninetales-Alola, F|\n|poke|p1|Great Tusk|\n|poke|p1|Mew|\n|poke|p2|Meowscarada, F|\n|poke|p2|Rotom-Wash|\n|poke|p2|Iron Valiant|\n|poke|p2|Slowking-Galar, M|\n|poke|p2|Abomasnow, F|\n|poke|p2|Golem-Alola, F|\n|teampreview\n|inactive|Battle timer is ON: inactive players will automatically lose when time's up. (requested by Coupe457)\n|inactiveoff|Battle timer is now OFF.\n|c|\u2606Coupe457|hf\n|\n|t:|1697547952\n|start\n|switch|p1a: Ninetales|Ninetales-Alola, F|100\/100\n|switch|p2a: Abomasnow|Abomasnow, F|100\/100\n|-weather|Snow|[from] ability: Snow Warning|[of] p1a: Ninetales\n|turn|1\n|\n|t:|1697547969\n|move|p1a: Ninetales|Moonblast|p2a: Abomasnow\n|-damage|p2a: Abomasnow|61\/100\n|move|p2a: Abomasnow|Aurora Veil|p2a: Abomasnow\n|-sidestart|p2: rohnox37|move: Aurora Veil\n|\n|-weather|Snow|[upkeep]\n|upkeep\n|turn|2\n|\n|t:|1697547977\n|move|p1a: Ninetales|Moonblast|p2a: Abomasnow\n|-damage|p2a: Abomasnow|40\/100\n|move|p2a: Abomasnow|Blizzard|p1a: Ninetales\n|-resisted|p1a: Ninetales\n|-damage|p1a: Ninetales|84\/100\n|\n|-weather|Snow|[upkeep]\n|upkeep\n|turn|3\n|\n|t:|1697547992\n|switch|p2a: Golem|Golem-Alola, F|100\/100\n|move|p1a: Ninetales|Agility|p1a: Ninetales\n|-boost|p1a: Ninetales|spe|2\n|\n|-weather|Snow|[upkeep]\n|upkeep\n|turn|4\n|\n|t:|1697548008\n|move|p1a: Ninetales|Freeze-Dry|p2a: Golem\n|-damage|p2a: Golem|77\/100\n|move|p2a: Golem|Heavy Slam|p1a: Ninetales\n|-supereffective|p1a: Ninetales\n|-damage|p1a: Ninetales|0 fnt\n|faint|p1a: Ninetales\n|\n|-weather|Snow|[upkeep]\n|upkeep\n|\n|t:|1697548014\n|switch|p1a: Mew|Mew|100\/100\n|turn|5\n|\n|t:|1697548020\n|switch|p2a: Meowscarada|Meowscarada, F|100\/100\n|move|p1a: Mew|Dragon Dance|p1a: Mew\n|-boost|p1a: Mew|atk|1\n|-boost|p1a: Mew|spe|1\n|\n|-weather|none\n|upkeep\n|turn|6\n|\n|t:|1697548033\n|-terastallize|p1a: Mew|Fairy\n|move|p1a: Mew|Dragon Dance|p1a: Mew\n|-boost|p1a: Mew|atk|1\n|-boost|p1a: Mew|spe|1\n|move|p2a: Meowscarada|Knock Off|p1a: Mew\n|-start|p2a: Meowscarada|typechange|Dark|[from] ability: Protean\n|-resisted|p1a: Mew\n|-damage|p1a: Mew|70\/100\n|-enditem|p1a: Mew|Expert Belt|[from] move: Knock Off|[of] p2a: Meowscarada\n|-damage|p2a: Meowscarada|91\/100|[from] item: Life Orb\n|\n|upkeep\n|turn|7\n|\n|t:|1697548043\n|switch|p2a: Slowking|Slowking-Galar, M|100\/100\n|move|p1a: Mew|Play Rough|p2a: Slowking|[miss]\n|-miss|p1a: Mew|p2a: Slowking\n|\n|upkeep\n|turn|8\n|\n|t:|1697548050\n|move|p1a: Mew|Psychic Fangs|p2a: Slowking\n|-sideend|p2: rohnox37|move: Aurora Veil\n|-damage|p2a: Slowking|22\/100\n|move|p2a: Slowking|Taunt|p1a: Mew\n|-start|p1a: Mew|move: Taunt\n|\n|upkeep\n|turn|9\n|\n|t:|1697548059\n|move|p1a: Mew|Earthquake|p2a: Slowking\n|-supereffective|p2a: Slowking\n|-enditem|p2a: Slowking|Shuca Berry|[eat]\n|-enditem|p2a: Slowking|Shuca Berry|[weaken]\n|-damage|p2a: Slowking|0 fnt\n|faint|p2a: Slowking\n|\n|upkeep\n|\n|t:|1697548066\n|switch|p2a: Abomasnow|Abomasnow, F|40\/100\n|-weather|Snow|[from] ability: Snow Warning|[of] p2a: Abomasnow\n|turn|10\n|\n|t:|1697548069\n|move|p1a: Mew|Psychic Fangs|p2a: Abomasnow\n|-damage|p2a: Abomasnow|0 fnt\n|faint|p2a: Abomasnow\n|\n|-weather|Snow|[upkeep]\n|upkeep\n|\n|t:|1697548073\n|switch|p2a: Meowscarada|Meowscarada, F|91\/100\n|turn|11\n|\n|t:|1697548075\n|move|p1a: Mew|Play Rough|p2a: Meowscarada\n|-supereffective|p2a: Meowscarada\n|-damage|p2a: Meowscarada|0 fnt\n|faint|p2a: Meowscarada\n|\n|-weather|Snow|[upkeep]\n|-end|p1a: Mew|move: Taunt\n|upkeep\n|\n|t:|1697548081\n|switch|p2a: Golem|Golem-Alola, F|77\/100\n|turn|12\n|\n|t:|1697548091\n|move|p1a: Mew|Earthquake|p2a: Golem\n|-supereffective|p2a: Golem\n|-damage|p2a: Golem|0 fnt\n|faint|p2a: Golem\n|\n|-weather|Snow|[upkeep]\n|upkeep\n|\n|t:|1697548094\n|switch|p2a: Iron Valiant|Iron Valiant|100\/100\n|-enditem|p2a: Iron Valiant|Booster Energy\n|-activate|p2a: Iron Valiant|ability: Quark Drive|[fromitem]\n|-start|p2a: Iron Valiant|quarkdrivespe\n|turn|13\n|\n|t:|1697548106\n|-terastallize|p2a: Iron Valiant|Ghost\n|move|p1a: Mew|Psychic Fangs|p2a: Iron Valiant\n|-damage|p2a: Iron Valiant|0 fnt\n|faint|p2a: Iron Valiant\n|-end|p2a: Iron Valiant|Quark Drive|[silent]\n|\n|-weather|Snow|[upkeep]\n|upkeep\n|\n|t:|1697548110\n|switch|p2a: Rotom|Rotom-Wash|100\/100\n|turn|14\n|\n|t:|1697548112\n|move|p1a: Mew|Psychic Fangs|p2a: Rotom\n|-damage|p2a: Rotom|0 fnt\n|faint|p2a: Rotom\n|\n|win|Coupe457\n|c|\u2606Coupe457|gg\n|c|\u2606Coupe457|-\u043b\u0438\u0441\u0430 \u0445\u043e\u0442\u044c \u0438 \u043f\u043e\u0444\u0438\u0433\n","uploadtime":1697548120,"views":13,"p1id":"coupe457","p2id":"rohnox37","formatid":"gen9ubers","rating":0,"private":0,"password":""}