{"id":"gen9ubers-1989047175","p1":"Bestmaindragonite","p2":"RubenPaCe","format":"[Gen 9] Ubers","log":"|j|\u2606Bestmaindragonite\n|j|\u2606RubenPaCe\n|t:|1699806259\n|gametype|singles\n|player|p1|Bestmaindragonite|lillie|\n|player|p2|RubenPaCe|camper|\n|teamsize|p1|6\n|teamsize|p2|6\n|gen|9\n|tier|[Gen 9] Ubers\n|rule|Sleep Clause Mod: Limit one foe put to sleep\n|rule|Species Clause: Limit one of each Pok\u00e9mon\n|rule|OHKO Clause: OHKO moves are banned\n|rule|Evasion Items Clause: Evasion items are banned\n|rule|Evasion Moves Clause: Evasion moves are banned\n|rule|Endless Battle Clause: Forcing endless battles is banned\n|rule|HP Percentage Mod: HP is shown in percentages\n|clearpoke\n|poke|p1|Rillaboom, M|\n|poke|p1|Sneasler, F|\n|poke|p1|Arceus-Rock|\n|poke|p1|Donphan, F|\n|poke|p1|Magearna|\n|poke|p1|Ursaluna-Bloodmoon, M|\n|poke|p2|Pelipper, F|\n|poke|p2|Magearna|\n|poke|p2|Palkia-Origin|\n|poke|p2|Palafin, M|\n|poke|p2|Arceus-Grass|\n|poke|p2|Cyclizar, F|\n|teampreview\n|c|\u2606RubenPaCe|I can't escape rilla-sneasler even here\n|\n|t:|1699806288\n|start\n|switch|p1a: Big ogerpon|Arceus-Rock|100\/100\n|switch|p2a: Palafin|Palafin, M|100\/100\n|turn|1\n|c|\u2606Bestmaindragonite|I will dire claw your family \ud83d\udd2a\n|\n|t:|1699806312\n|switch|p1a: Bloons td 7|Rillaboom, M|100\/100\n|-fieldstart|move: Grassy Terrain|[from] ability: Grassy Surge|[of] p1a: Bloons td 7\n|detailschange|p2a: Palafin|Palafin-Hero, M\n|switch|p2a: Arceus|Arceus-Grass|100\/100\n|\n|upkeep\n|turn|2\n|\n|t:|1699806319\n|move|p2a: Arceus|Calm Mind|p2a: Arceus\n|-boost|p2a: Arceus|spa|1\n|-boost|p2a: Arceus|spd|1\n|move|p1a: Bloons td 7|U-turn|p2a: Arceus\n|-supereffective|p2a: Arceus\n|-damage|p2a: Arceus|45\/100\n|\n|t:|1699806327\n|switch|p1a: Butch femboy|Sneasler, F|100\/100|[from] U-turn\n|-enditem|p1a: Butch femboy|Grassy Seed\n|-boost|p1a: Butch femboy|def|1|[from] item: Grassy Seed\n|\n|-heal|p2a: Arceus|51\/100|[from] Grassy Terrain\n|upkeep\n|turn|3\n|\n|t:|1699806336\n|-terastallize|p2a: Arceus|Ground\n|move|p1a: Butch femboy|Close Combat|p2a: Arceus\n|-damage|p2a: Arceus|7\/100\n|-unboost|p1a: Butch femboy|def|1\n|-unboost|p1a: Butch femboy|spd|1\n|move|p2a: Arceus|Earth Power|p1a: Butch femboy\n|-supereffective|p1a: Butch femboy\n|-damage|p1a: Butch femboy|0 fnt\n|faint|p1a: Butch femboy\n|\n|-heal|p2a: Arceus|13\/100|[from] Grassy Terrain\n|upkeep\n|\n|t:|1699806344\n|switch|p1a: Cute tusk|Donphan, F|100\/100\n|turn|4\n|\n|t:|1699806348\n|move|p1a: Cute tusk|Ice Shard|p2a: Arceus\n|-supereffective|p2a: Arceus\n|-damage|p2a: Arceus|0 fnt\n|faint|p2a: Arceus\n|\n|upkeep\n|\n|t:|1699806353\n|switch|p2a: Pelipper|Pelipper, F|100\/100\n|-weather|RainDance|[from] ability: Drizzle|[of] p2a: Pelipper\n|turn|5\n|\n|t:|1699806363\n|move|p2a: Pelipper|U-turn|p1a: Cute tusk\n|-damage|p1a: Cute tusk|94\/100\n|\n|t:|1699806365\n|switch|p2a: Palafin|Palafin-Hero, M|100\/100|[from] U-turn\n|-activate|p2a: Palafin|ability: Zero to Hero\n|move|p1a: Cute tusk|Earthquake|p2a: Palafin\n|-damage|p2a: Palafin|78\/100\n|\n|-weather|RainDance|[upkeep]\n|-heal|p2a: Palafin|84\/100|[from] Grassy Terrain\n|-heal|p1a: Cute tusk|99\/100|[from] Grassy Terrain\n|-fieldend|move: Grassy Terrain\n|upkeep\n|turn|6\n|\n|t:|1699806373\n|switch|p1a: Bloons td 7|Rillaboom, M|100\/100\n|-fieldstart|move: Grassy Terrain|[from] ability: Grassy Surge|[of] p1a: Bloons td 7\n|move|p2a: Palafin|Bulk Up|p2a: Palafin\n|-boost|p2a: Palafin|atk|1\n|-boost|p2a: Palafin|def|1\n|\n|-weather|RainDance|[upkeep]\n|-heal|p2a: Palafin|91\/100|[from] Grassy Terrain\n|upkeep\n|turn|7\n|\n|t:|1699806380\n|switch|p2a: Magearna|Magearna|100\/100\n|move|p1a: Bloons td 7|Grassy Glide|p2a: Magearna\n|-resisted|p2a: Magearna\n|-damage|p2a: Magearna|75\/100\n|\n|-weather|RainDance|[upkeep]\n|-heal|p2a: Magearna|81\/100|[from] Grassy Terrain\n|-heal|p2a: Magearna|87\/100|[from] item: Leftovers\n|upkeep\n|turn|8\n|\n|t:|1699806385\n|switch|p1a: Cute tusk|Donphan, F|99\/100\n|switch|p2a: Palafin|Palafin-Hero, M|91\/100\n|\n|-weather|RainDance|[upkeep]\n|-heal|p2a: Palafin|97\/100|[from] Grassy Terrain\n|-heal|p1a: Cute tusk|100\/100|[from] Grassy Terrain\n|upkeep\n|turn|9\n|\n|t:|1699806391\n|move|p2a: Palafin|Bulk Up|p2a: Palafin\n|-boost|p2a: Palafin|atk|1\n|-boost|p2a: Palafin|def|1\n|move|p1a: Cute tusk|Earthquake|p2a: Palafin\n|-damage|p2a: Palafin|82\/100\n|\n|-weather|RainDance|[upkeep]\n|-heal|p2a: Palafin|88\/100|[from] Grassy Terrain\n|upkeep\n|turn|10\n|\n|t:|1699806399\n|switch|p1a: Big ogerpon|Arceus-Rock|100\/100\n|move|p2a: Palafin|Drain Punch|p1a: Big ogerpon\n|-supereffective|p1a: Big ogerpon\n|-damage|p1a: Big ogerpon|38\/100\n|-heal|p2a: Palafin|100\/100|[from] drain|[of] p1a: Big ogerpon\n|\n|-weather|RainDance|[upkeep]\n|-heal|p1a: Big ogerpon|44\/100|[from] Grassy Terrain\n|-fieldend|move: Grassy Terrain\n|upkeep\n|turn|11\n|\n|t:|1699806403\n|-terastallize|p1a: Big ogerpon|Grass\n|move|p2a: Palafin|Jet Punch|p1a: Big ogerpon\n|-resisted|p1a: Big ogerpon\n|-damage|p1a: Big ogerpon|12\/100\n|move|p1a: Big ogerpon|Giga Drain|p2a: Palafin\n|-supereffective|p2a: Palafin\n|-damage|p2a: Palafin|22\/100\n|-heal|p1a: Big ogerpon|48\/100|[from] drain|[of] p2a: Palafin\n|\n|-weather|RainDance|[upkeep]\n|upkeep\n|turn|12\n|\n|t:|1699806409\n|switch|p2a: Magearna|Magearna|87\/100\n|move|p1a: Big ogerpon|Giga Drain|p2a: Magearna\n|-resisted|p2a: Magearna\n|-damage|p2a: Magearna|75\/100\n|-heal|p1a: Big ogerpon|53\/100|[from] drain|[of] p2a: Magearna\n|\n|-weather|none\n|-heal|p2a: Magearna|82\/100|[from] item: Leftovers\n|upkeep\n|turn|13\n|\n|t:|1699806416\n|move|p1a: Big ogerpon|Calm Mind|p1a: Big ogerpon\n|-boost|p1a: Big ogerpon|spa|1\n|-boost|p1a: Big ogerpon|spd|1\n|move|p2a: Magearna|Thunder Wave|p1a: Big ogerpon\n|-status|p1a: Big ogerpon|par\n|\n|-heal|p2a: Magearna|88\/100|[from] item: Leftovers\n|upkeep\n|turn|14\n|\n|t:|1699806420\n|switch|p2a: Cyclizar|Cyclizar, F|100\/100\n|move|p1a: Big ogerpon|Earth Power|p2a: Cyclizar\n|-damage|p2a: Cyclizar|27\/100\n|\n|upkeep\n|turn|15\n|\n|t:|1699806426\n|switch|p2a: Magearna|Magearna|88\/100\n|move|p1a: Big ogerpon|Giga Drain|p2a: Magearna\n|-resisted|p2a: Magearna\n|-damage|p2a: Magearna|68\/100\n|-heal|p1a: Big ogerpon|61\/100 par|[from] drain|[of] p2a: Magearna\n|\n|-heal|p2a: Magearna|74\/100|[from] item: Leftovers\n|upkeep\n|turn|16\n|\n|t:|1699806430\n|move|p2a: Magearna|Fleur Cannon|p1a: Big ogerpon|[miss]\n|-miss|p2a: Magearna|p1a: Big ogerpon\n|move|p1a: Big ogerpon|Earth Power|p2a: Magearna\n|-supereffective|p2a: Magearna\n|-damage|p2a: Magearna|12\/100\n|\n|-heal|p2a: Magearna|18\/100|[from] item: Leftovers\n|upkeep\n|turn|17\n|\n|t:|1699806437\n|switch|p1a: The classic set|Magearna|100\/100\n|move|p2a: Magearna|Volt Switch|p1a: The classic set\n|-damage|p1a: The classic set|90\/100\n|\n|t:|1699806443\n|switch|p2a: Cyclizar|Cyclizar, F|60\/100|[from] Volt Switch\n|\n|upkeep\n|turn|18\n|\n|t:|1699806449\n|switch|p2a: Magearna|Magearna|18\/100\n|move|p1a: The classic set|Volt Switch|p2a: Magearna\n|-damage|p2a: Magearna|0 fnt\n|faint|p2a: Magearna\n|-ability|p1a: The classic set|Soul-Heart|boost\n|-boost|p1a: The classic set|spa|1\n|\n|t:|1699806453\n|switch|p1a: Bloons td 7|Rillaboom, M|100\/100|[from] Volt Switch\n|-fieldstart|move: Grassy Terrain|[from] ability: Grassy Surge|[of] p1a: Bloons td 7\n|\n|upkeep\n|\n|t:|1699806456\n|switch|p2a: Palkia|Palkia-Origin|100\/100\n|-ability|p2a: Palkia|Pressure\n|turn|19\n|\n|t:|1699806462\n|switch|p1a: Big ogerpon|Arceus-Rock, tera:Grass|61\/100 par\n|move|p2a: Palkia|Fire Blast|p1a: Big ogerpon\n|-supereffective|p1a: Big ogerpon\n|-damage|p1a: Big ogerpon|2\/100 par\n|\n|-heal|p1a: Big ogerpon|8\/100 par|[from] Grassy Terrain\n|upkeep\n|turn|20\n|\n|t:|1699806468\n|move|p2a: Palkia|Spacial Rend|p1a: Big ogerpon\n|-damage|p1a: Big ogerpon|0 fnt\n|faint|p1a: Big ogerpon\n|\n|upkeep\n|\n|t:|1699806474\n|switch|p1a: Bloons td 7|Rillaboom, M|100\/100\n|turn|21\n|\n|t:|1699806480\n|move|p2a: Palkia|Fire Blast|p1a: Bloons td 7\n|-supereffective|p1a: Bloons td 7\n|-damage|p1a: Bloons td 7|0 fnt\n|faint|p1a: Bloons td 7\n|\n|upkeep\n|\n|t:|1699806489\n|switch|p1a: The classic set|Magearna|90\/100\n|turn|22\n|\n|t:|1699806495\n|move|p2a: Palkia|Fire Blast|p1a: The classic set\n|-supereffective|p1a: The classic set\n|-damage|p1a: The classic set|47\/100\n|-status|p1a: The classic set|brn\n|move|p1a: The classic set|Draining Kiss|p2a: Palkia\n|-supereffective|p2a: Palkia\n|-damage|p2a: Palkia|51\/100\n|-heal|p1a: The classic set|87\/100 brn|[from] drain|[of] p2a: Palkia\n|\n|-heal|p2a: Palkia|58\/100|[from] Grassy Terrain\n|-heal|p1a: The classic set|93\/100 brn|[from] Grassy Terrain\n|-damage|p1a: The classic set|87\/100 brn|[from] brn\n|-fieldend|move: Grassy Terrain\n|upkeep\n|turn|23\n|\n|t:|1699806504\n|switch|p2a: Pelipper|Pelipper, F|100\/100\n|-weather|RainDance|[from] ability: Drizzle|[of] p2a: Pelipper\n|move|p1a: The classic set|Volt Switch|p2a: Pelipper\n|-supereffective|p2a: Pelipper\n|-damage|p2a: Pelipper|0 fnt\n|faint|p2a: Pelipper\n|-ability|p1a: The classic set|Soul-Heart|boost\n|-boost|p1a: The classic set|spa|1\n|\n|t:|1699806510\n|switch|p1a: New level of cook|Ursaluna-Bloodmoon, M|100\/100|[from] Volt Switch\n|\n|-weather|RainDance|[upkeep]\n|upkeep\n|\n|t:|1699806513\n|switch|p2a: Palkia|Palkia-Origin|58\/100\n|-ability|p2a: Palkia|Pressure\n|turn|24\n|\n|t:|1699806523\n|move|p2a: Palkia|Hydro Pump|p1a: New level of cook\n|-supereffective|p1a: New level of cook\n|-damage|p1a: New level of cook|0 fnt\n|faint|p1a: New level of cook\n|\n|-weather|RainDance|[upkeep]\n|upkeep\n|\n|t:|1699806526\n|switch|p1a: Cute tusk|Donphan, F|100\/100\n|turn|25\n|\n|t:|1699806537\n|switch|p2a: Cyclizar|Cyclizar, F|93\/100\n|move|p1a: Cute tusk|Earthquake|p2a: Cyclizar\n|-damage|p2a: Cyclizar|16\/100\n|\n|-weather|RainDance|[upkeep]\n|upkeep\n|turn|26\n|\n|t:|1699806547\n|move|p1a: Cute tusk|Ice Shard|p2a: Cyclizar\n|-supereffective|p2a: Cyclizar\n|-damage|p2a: Cyclizar|0 fnt\n|faint|p2a: Cyclizar\n|\n|-weather|RainDance|[upkeep]\n|upkeep\n|\n|t:|1699806549\n|switch|p2a: Palafin|Palafin-Hero, M|22\/100\n|turn|27\n|\n|t:|1699806556\n|move|p2a: Palafin|Bulk Up|p2a: Palafin\n|-boost|p2a: Palafin|atk|1\n|-boost|p2a: Palafin|def|1\n|move|p1a: Cute tusk|Earthquake|p2a: Palafin\n|-damage|p2a: Palafin|0 fnt\n|faint|p2a: Palafin\n|\n|-weather|RainDance|[upkeep]\n|upkeep\n|\n|t:|1699806563\n|switch|p2a: Palkia|Palkia-Origin|58\/100\n|-ability|p2a: Palkia|Pressure\n|turn|28\n|\n|t:|1699806569\n|move|p2a: Palkia|Spacial Rend|p1a: Cute tusk\n|-damage|p1a: Cute tusk|7\/100\n|move|p1a: Cute tusk|Endeavor|p2a: Palkia\n|-damage|p2a: Palkia|9\/100\n|\n|-weather|RainDance|[upkeep]\n|upkeep\n|turn|29\n|\n|t:|1699806572\n|move|p1a: Cute tusk|Ice Shard|p2a: Palkia\n|-damage|p2a: Palkia|0 fnt\n|faint|p2a: Palkia\n|\n|win|Bestmaindragonite\n|c|\u2606Bestmaindragonite|gg\n|c|\u2606RubenPaCe|gg\n","uploadtime":1699806592,"views":9,"p1id":"bestmaindragonite","p2id":"rubenpace","formatid":"gen9ubers","rating":0,"private":0,"password":""}