{"id":"gen9ubers-1994360023","p1":"PoopMan3210","p2":"Ghantist","format":"[Gen 9] Ubers","log":"|j|\u2606PoopMan3210\n|j|\u2606Ghantist\n|t:|1700435024\n|gametype|singles\n|player|p1|PoopMan3210|1|\n|player|p2|Ghantist|265|\n|teamsize|p1|6\n|teamsize|p2|6\n|gen|9\n|tier|[Gen 9] Ubers\n|rule|Sleep Clause Mod: Limit one foe put to sleep\n|rule|Species Clause: Limit one of each Pok\u00e9mon\n|rule|OHKO Clause: OHKO moves are banned\n|rule|Evasion Items Clause: Evasion items are banned\n|rule|Evasion Moves Clause: Evasion moves are banned\n|rule|Endless Battle Clause: Forcing endless battles is banned\n|rule|HP Percentage Mod: HP is shown in percentages\n|clearpoke\n|poke|p1|Breloom, F|\n|poke|p1|Iron Bundle|\n|poke|p1|Clefable, F|\n|poke|p1|Dragonite, M|\n|poke|p1|Ceruledge, F|\n|poke|p1|Magnezone|\n|poke|p2|Arcanine-Hisui, F|\n|poke|p2|Empoleon, M|\n|poke|p2|Grafaiai, M|\n|poke|p2|Donphan, F|\n|poke|p2|Kilowattrel, F|\n|poke|p2|Scream Tail|\n|teampreview\n|j| hatev2\n|\n|t:|1700435056\n|start\n|switch|p1a: Clefable|Clefable, F|100\/100\n|switch|p2a: Grafaiai|Grafaiai, M|100\/100\n|turn|1\n|\n|t:|1700435070\n|move|p1a: Clefable|Protect|p1a: Clefable\n|-singleturn|p1a: Clefable|Protect\n|move|p2a: Grafaiai|Parting Shot|p1a: Clefable\n|-activate|p1a: Clefable|move: Protect\n|\n|upkeep\n|turn|2\n|\n|t:|1700435088\n|move|p2a: Grafaiai|Gunk Shot|p1a: Clefable\n|-supereffective|p1a: Clefable\n|-damage|p1a: Clefable|0 fnt\n|faint|p1a: Clefable\n|\n|upkeep\n|c|\u2606PoopMan3210|RIp\n|c|\u2606Ghantist|LMAo\n|c|\u2606PoopMan3210|i dumb\n|c| hatev2|Buddy?\n|\n|t:|1700435115\n|switch|p1a: Ceruledge|Ceruledge, F|100\/100\n|turn|3\n|\n|t:|1700435131\n|move|p1a: Ceruledge|Swords Dance|p1a: Ceruledge\n|-boost|p1a: Ceruledge|atk|2\n|move|p2a: Grafaiai|Knock Off|p1a: Ceruledge\n|-supereffective|p1a: Ceruledge\n|-damage|p1a: Ceruledge|20\/100\n|-ability|p1a: Ceruledge|Weak Armor|boost\n|-unboost|p1a: Ceruledge|def|1\n|-boost|p1a: Ceruledge|spe|2\n|-enditem|p1a: Ceruledge|Focus Sash|[from] move: Knock Off|[of] p2a: Grafaiai\n|\n|upkeep\n|turn|4\n|\n|t:|1700435138\n|move|p2a: Grafaiai|Encore|p1a: Ceruledge\n|-start|p1a: Ceruledge|Encore\n|move|p1a: Ceruledge|Swords Dance|p1a: Ceruledge\n|-boost|p1a: Ceruledge|atk|2\n|\n|upkeep\n|turn|5\n|c|\u2606PoopMan3210|BRUH\n|c|\u2606Ghantist|HAHA\n|\n|t:|1700435162\n|switch|p1a: Breloom|Breloom, F|100\/100\n|move|p2a: Grafaiai|Parting Shot|p1a: Breloom\n|-unboost|p1a: Breloom|atk|1\n|-unboost|p1a: Breloom|spa|1\n|c| hatev2|It\u2019s so over chat\n|\n|t:|1700435194\n|switch|p2a: Kilowattrel|Kilowattrel, F|100\/100|[from] Parting Shot\n|\n|-status|p1a: Breloom|tox|[from] item: Toxic Orb\n|upkeep\n|turn|6\n|\n|t:|1700435220\n|switch|p1a: Magnezone|Magnezone|100\/100\n|move|p2a: Kilowattrel|Air Slash|p1a: Magnezone\n|-resisted|p1a: Magnezone\n|-damage|p1a: Magnezone|91\/100\n|\n|-heal|p1a: Magnezone|98\/100|[from] item: Leftovers\n|upkeep\n|turn|7\n|\n|t:|1700435224\n|-terastallize|p2a: Kilowattrel|Ground\n|move|p2a: Kilowattrel|Tera Blast|p1a: Magnezone|[anim] Tera Blast Ground\n|-supereffective|p1a: Magnezone\n|-damage|p1a: Magnezone|0 fnt\n|faint|p1a: Magnezone\n|\n|upkeep\n|c|\u2606PoopMan3210|i dont evne loook\n|\n|t:|1700435243\n|switch|p1a: Iron Bundle|Iron Bundle|100\/100\n|-enditem|p1a: Iron Bundle|Booster Energy\n|-activate|p1a: Iron Bundle|ability: Quark Drive|[fromitem]\n|-start|p1a: Iron Bundle|quarkdrivespe\n|turn|8\n|\n|t:|1700435248\n|switch|p2a: Empoleon|Empoleon, M|100\/100\n|move|p1a: Iron Bundle|Blizzard|p2a: Empoleon|[miss]\n|-miss|p1a: Iron Bundle|p2a: Empoleon\n|\n|upkeep\n|turn|9\n|\n|t:|1700435264\n|move|p1a: Iron Bundle|Flip Turn|p2a: Empoleon\n|-resisted|p2a: Empoleon\n|-damage|p2a: Empoleon|92\/100\n|\n|t:|1700435267\n|-end|p1a: Iron Bundle|Quark Drive|[silent]\n|switch|p1a: Breloom|Breloom, F|100\/100 tox|[from] Flip Turn\n|move|p2a: Empoleon|Flip Turn|p1a: Breloom\n|-resisted|p1a: Breloom\n|-damage|p1a: Breloom|91\/100 tox\n|\n|t:|1700435274\n|switch|p2a: Kilowattrel|Kilowattrel, F, tera:Ground|100\/100|[from] Flip Turn\n|\n|-heal|p1a: Breloom|100\/100 tox|[from] ability: Poison Heal\n|upkeep\n|turn|10\n|\n|t:|1700435283\n|move|p2a: Kilowattrel|Air Slash|p1a: Breloom\n|-supereffective|p1a: Breloom\n|-damage|p1a: Breloom|0 fnt\n|faint|p1a: Breloom\n|\n|upkeep\n|\n|t:|1700435292\n|switch|p1a: Iron Bundle|Iron Bundle|100\/100\n|turn|11\n|c|\u2606PoopMan3210|ygrrrr\n|c|\u2606PoopMan3210|grrr\n|c|\u2606PoopMan3210|rgrrr\n|\n|t:|1700435306\n|switch|p2a: Empoleon|Empoleon, M|92\/100\n|move|p1a: Iron Bundle|Hydro Pump|p2a: Empoleon|[miss]\n|-miss|p1a: Iron Bundle|p2a: Empoleon\n|\n|upkeep\n|turn|12\n|c|\u2606PoopMan3210|it is crazy\n|c|\u2606Ghantist|bro LMAO\n|c|\u2606PoopMan3210|that i misse dboth\n|c|\u2606PoopMan3210|LMAO\n|\n|t:|1700435320\n|move|p1a: Iron Bundle|Flip Turn|p2a: Empoleon\n|-resisted|p2a: Empoleon\n|-damage|p2a: Empoleon|84\/100\n|c|\u2606PoopMan3210|this game didnt want me to win anywa\n|\n|t:|1700435324\n|-end|p1a: Iron Bundle|Quark Drive|[silent]\n|switch|p1a: Dragonite|Dragonite, M|100\/100|[from] Flip Turn\n|move|p2a: Empoleon|Flip Turn|p1a: Dragonite\n|-resisted|p1a: Dragonite\n|-damage|p1a: Dragonite|95\/100\n|c|\u2606PoopMan3210|y'\n|\n|t:|1700435333\n|switch|p2a: Donphan|Donphan, F|100\/100|[from] Flip Turn\n|\n|upkeep\n|turn|13\n|\n|t:|1700435341\n|switch|p1a: Iron Bundle|Iron Bundle|100\/100\n|move|p2a: Donphan|Ice Spinner|p1a: Iron Bundle\n|-resisted|p1a: Iron Bundle\n|-damage|p1a: Iron Bundle|93\/100\n|\n|upkeep\n|turn|14\n|\n|t:|1700435343\n|switch|p2a: Empoleon|Empoleon, M|84\/100\n|move|p1a: Iron Bundle|Hydro Pump|p2a: Empoleon\n|-resisted|p2a: Empoleon\n|-crit|p2a: Empoleon\n|-damage|p2a: Empoleon|54\/100\n|\n|upkeep\n|turn|15\n|\n|t:|1700435346\n|move|p1a: Iron Bundle|Flip Turn|p2a: Empoleon\n|-resisted|p2a: Empoleon\n|-damage|p2a: Empoleon|45\/100\n|\n|t:|1700435348\n|-end|p1a: Iron Bundle|Quark Drive|[silent]\n|switch|p1a: Dragonite|Dragonite, M|95\/100|[from] Flip Turn\n|move|p2a: Empoleon|Roost|p2a: Empoleon\n|-heal|p2a: Empoleon|95\/100\n|-singleturn|p2a: Empoleon|move: Roost\n|\n|upkeep\n|turn|16\n|l| hatev2\n|\n|t:|1700435365\n|switch|p2a: Grafaiai|Grafaiai, M|100\/100\n|move|p1a: Dragonite|Dragon Dance|p1a: Dragonite\n|-boost|p1a: Dragonite|atk|1\n|-boost|p1a: Dragonite|spe|1\n|\n|upkeep\n|turn|17\n|\n|t:|1700435372\n|move|p2a: Grafaiai|Encore|p1a: Dragonite\n|-start|p1a: Dragonite|Encore\n|move|p1a: Dragonite|Dragon Dance|p1a: Dragonite\n|-boost|p1a: Dragonite|atk|1\n|-boost|p1a: Dragonite|spe|1\n|\n|upkeep\n|turn|18\n|\n|t:|1700435378\n|move|p2a: Grafaiai|Parting Shot|p1a: Dragonite\n|-unboost|p1a: Dragonite|atk|1\n|-unboost|p1a: Dragonite|spa|1\n|\n|t:|1700435382\n|switch|p2a: Arcanine|Arcanine-Hisui, F|100\/100|[from] Parting Shot\n|move|p1a: Dragonite|Dragon Dance|p1a: Dragonite\n|-boost|p1a: Dragonite|atk|1\n|-boost|p1a: Dragonite|spe|1\n|\n|upkeep\n|turn|19\n|\n|t:|1700435384\n|move|p1a: Dragonite|Dragon Dance|p1a: Dragonite\n|-boost|p1a: Dragonite|atk|1\n|-boost|p1a: Dragonite|spe|1\n|move|p2a: Arcanine|Head Smash|p1a: Dragonite\n|-supereffective|p1a: Dragonite\n|-damage|p1a: Dragonite|0 fnt\n|faint|p1a: Dragonite\n|\n|upkeep\n|j| hatev2\n|c|\u2606PoopMan3210|YA I MEAN\n|c|\u2606PoopMan3210|i def troled\n|\n|t:|1700435393\n|switch|p1a: Iron Bundle|Iron Bundle|93\/100\n|turn|20\n|\n|t:|1700435395\n|move|p2a: Arcanine|Head Smash|p1a: Iron Bundle\n|-supereffective|p1a: Iron Bundle\n|-damage|p1a: Iron Bundle|0 fnt\n|faint|p1a: Iron Bundle\n|-end|p1a: Iron Bundle|Quark Drive|[silent]\n|\n|upkeep\n|\n|t:|1700435397\n|switch|p1a: Ceruledge|Ceruledge, F|20\/100\n|turn|21\n|c|\u2606PoopMan3210|ggwl\n|c|\u2606PoopMan3210|wp\n|\n|t:|1700435404\n|move|p1a: Ceruledge|Shadow Sneak|p2a: Arcanine\n|-crit|p2a: Arcanine\n|-damage|p2a: Arcanine|64\/100\n|move|p2a: Arcanine|Head Smash|p1a: Ceruledge\n|-supereffective|p1a: Ceruledge\n|-damage|p1a: Ceruledge|0 fnt\n|faint|p1a: Ceruledge\n|\n|win|Ghantist\n|l|\u2606PoopMan3210\n|c|\u2606Ghantist|ggs :skull:\n","uploadtime":1700435415,"views":49,"p1id":"poopman3210","p2id":"ghantist","formatid":"gen9ubers","rating":0,"private":0,"password":""}