{"id":"gen9ubers-1995514630","p1":"ShadezGXD","p2":"hattorivt","format":"[Gen 9] Ubers","log":"|j|\u2606ShadezGXD\n|j|\u2606hattorivt\n|t:|1700578819\n|gametype|singles\n|player|p1|ShadezGXD|2|\n|player|p2|hattorivt|marnie-masters|\n|teamsize|p1|6\n|teamsize|p2|6\n|gen|9\n|tier|[Gen 9] Ubers\n|rule|Sleep Clause Mod: Limit one foe put to sleep\n|rule|Species Clause: Limit one of each Pok\u00e9mon\n|rule|OHKO Clause: OHKO moves are banned\n|rule|Evasion Items Clause: Evasion items are banned\n|rule|Evasion Moves Clause: Evasion moves are banned\n|rule|Endless Battle Clause: Forcing endless battles is banned\n|rule|HP Percentage Mod: HP is shown in percentages\n|clearpoke\n|poke|p1|Mew|\n|poke|p1|Fezandipiti, M|\n|poke|p1|Empoleon, M|\n|poke|p1|Roaring Moon|\n|poke|p1|Talonflame, F|\n|poke|p1|Garganacl, M|\n|poke|p2|Iron Valiant|\n|poke|p2|Diancie|\n|poke|p2|Corviknight, F|\n|poke|p2|Garchomp, M|\n|poke|p2|Thundurus-Therian, M|\n|poke|p2|Infernape, F|\n|teampreview\n|inactive|Battle timer is ON: inactive players will automatically lose when time's up. (requested by hattorivt)\n|\n|t:|1700578839\n|start\n|switch|p1a: Empoleon|Empoleon, M|100\/100\n|switch|p2a: Garchomp|Garchomp, M|100\/100\n|turn|1\n|j| Icy glastrier\n|\n|t:|1700578860\n|move|p2a: Garchomp|Swords Dance|p2a: Garchomp\n|-boost|p2a: Garchomp|atk|2\n|move|p1a: Empoleon|Stealth Rock|p2a: Garchomp\n|-sidestart|p2: hattorivt|move: Stealth Rock\n|\n|upkeep\n|turn|2\n|c| Icy glastrier|Let's see who will be the fraud of the day\n|\n|t:|1700578870\n|move|p2a: Garchomp|Scale Shot|p1a: Empoleon\n|-resisted|p1a: Empoleon\n|-damage|p1a: Empoleon|90\/100\n|-resisted|p1a: Empoleon\n|-damage|p1a: Empoleon|80\/100\n|-resisted|p1a: Empoleon\n|-damage|p1a: Empoleon|68\/100\n|-resisted|p1a: Empoleon\n|-damage|p1a: Empoleon|58\/100\n|-resisted|p1a: Empoleon\n|-damage|p1a: Empoleon|46\/100\n|-hitcount|p1a: Empoleon|5\n|-unboost|p2a: Garchomp|def|1\n|-boost|p2a: Garchomp|spe|1\n|move|p1a: Empoleon|Flash Cannon|p2a: Garchomp\n|-crit|p2a: Garchomp\n|-damage|p2a: Garchomp|48\/100\n|\n|-heal|p1a: Empoleon|52\/100|[from] item: Leftovers\n|upkeep\n|turn|3\n|c|\u2606hattorivt|insane stank crit\n|\n|t:|1700578887\n|move|p2a: Garchomp|Earthquake|p1a: Empoleon\n|-supereffective|p1a: Empoleon\n|-damage|p1a: Empoleon|0 fnt\n|faint|p1a: Empoleon\n|\n|upkeep\n|c| Icy glastrier|That's ggs\n|c| Icy glastrier|Garchomp kills everything\n|\n|t:|1700578903\n|switch|p1a: Garganacl|Garganacl, M|100\/100\n|turn|4\n|\n|t:|1700578907\n|move|p2a: Garchomp|Iron Head|p1a: Garganacl\n|-supereffective|p1a: Garganacl\n|-damage|p1a: Garganacl|34\/100\n|move|p1a: Garganacl|Salt Cure|p2a: Garchomp\n|-resisted|p2a: Garchomp\n|-damage|p2a: Garchomp|38\/100\n|-start|p2a: Garchomp|Salt Cure\n|\n|-heal|p1a: Garganacl|40\/100|[from] item: Leftovers\n|-damage|p2a: Garchomp|26\/100|[from] Salt Cure\n|upkeep\n|turn|5\n|c| Icy glastrier|Salt cute\n|c| Icy glastrier|Cure*\n|c| Icy glastrier|Protect if you have it\n|\n|t:|1700578921\n|move|p2a: Garchomp|Scale Shot|p1a: Garganacl\n|-damage|p1a: Garganacl|24\/100\n|-damage|p1a: Garganacl|6\/100\n|-damage|p1a: Garganacl|0 fnt\n|faint|p1a: Garganacl\n|-hitcount|p1: Garganacl|3\n|-unboost|p2a: Garchomp|def|1\n|-boost|p2a: Garchomp|spe|1\n|\n|-damage|p2a: Garchomp|13\/100|[from] Salt Cure\n|upkeep\n|c| Icy glastrier|Go talon\n|\n|t:|1700578938\n|switch|p1a: Talonflame|Talonflame, F|100\/100\n|turn|6\n|raw|<div class=\"broadcast-red\"><strong>Moderated chat was set to +!<\/strong><br \/>Only users of rank + and higher can talk.<\/div>\n|\n|t:|1700578953\n|switch|p1a: Fezandipiti|Fezandipiti, M|100\/100\n|move|p2a: Garchomp|Earthquake|p1a: Fezandipiti\n|-supereffective|p1a: Fezandipiti\n|-damage|p1a: Fezandipiti|0 fnt\n|faint|p1a: Fezandipiti\n|\n|-damage|p2a: Garchomp|1\/100|[from] Salt Cure\n|upkeep\n|inactive|ShadezGXD has 270 seconds left.\n|c|\u2606ShadezGXD|wlp\n|\n|t:|1700578970\n|switch|p1a: Talonflame|Talonflame, F|100\/100\n|turn|7\n|c|\u2606hattorivt|thanks\n|inactive|ShadezGXD has 270 seconds left.\n|\n|t:|1700578980\n|move|p2a: Garchomp|Scale Shot|p1a: Talonflame\n|-damage|p1a: Talonflame|68\/100\n|-damage|p1a: Talonflame|39\/100\n|-damage|p1a: Talonflame|11\/100\n|-crit|p1a: Talonflame\n|-damage|p1a: Talonflame|0 fnt\n|faint|p1a: Talonflame\n|-hitcount|p1: Talonflame|4\n|-unboost|p2a: Garchomp|def|1\n|-boost|p2a: Garchomp|spe|1\n|\n|-damage|p2a: Garchomp|0 fnt|[from] Salt Cure\n|faint|p2a: Garchomp\n|upkeep\n|inactive|ShadezGXD has 270 seconds left.\n|\n|t:|1700578998\n|switch|p1a: Mew|Mew, shiny|100\/100\n|switch|p2a: Thundurus|Thundurus-Therian, M|100\/100\n|-damage|p2a: Thundurus|76\/100|[from] Stealth Rock\n|turn|8\n|\n|t:|1700579007\n|move|p2a: Thundurus|Sludge Bomb|p1a: Mew\n|-damage|p1a: Mew|71\/100\n|-status|p1a: Mew|psn\n|-activate|p1a: Mew|ability: Synchronize\n|-status|p2a: Thundurus|psn\n|move|p1a: Mew|Calm Mind|p1a: Mew\n|-boost|p1a: Mew|spa|1\n|-boost|p1a: Mew|spd|1\n|\n|-heal|p1a: Mew|77\/100 psn|[from] item: Leftovers\n|-damage|p2a: Thundurus|63\/100 psn|[from] psn\n|-damage|p1a: Mew|65\/100 psn|[from] psn\n|upkeep\n|turn|9\n|\n|t:|1700579021\n|switch|p2a: Corviknight|Corviknight, F|100\/100\n|-damage|p2a: Corviknight|88\/100|[from] Stealth Rock\n|-ability|p2a: Corviknight|Pressure\n|move|p1a: Mew|Calm Mind|p1a: Mew\n|-boost|p1a: Mew|spa|1\n|-boost|p1a: Mew|spd|1\n|\n|-heal|p1a: Mew|71\/100 psn|[from] item: Leftovers\n|-heal|p2a: Corviknight|94\/100|[from] item: Leftovers\n|-damage|p1a: Mew|59\/100 psn|[from] psn\n|upkeep\n|turn|10\n|\n|t:|1700579031\n|move|p1a: Mew|Iron Defense|p1a: Mew\n|-boost|p1a: Mew|def|2\n|move|p2a: Corviknight|Defog|p1a: Mew\n|-unboost|p1a: Mew|evasion|1\n|-sideend|p2: hattorivt|Stealth Rock|[from] move: Defog|[of] p2a: Corviknight\n|\n|-heal|p1a: Mew|65\/100 psn|[from] item: Leftovers\n|-heal|p2a: Corviknight|99\/100|[from] item: Leftovers\n|-damage|p1a: Mew|52\/100 psn|[from] psn\n|upkeep\n|turn|11\n|\n|t:|1700579040\n|move|p1a: Mew|Stored Power|p2a: Corviknight\n|-resisted|p2a: Corviknight\n|-damage|p2a: Corviknight|50\/100\n|move|p2a: Corviknight|Brave Bird|p1a: Mew\n|-damage|p1a: Mew|36\/100 psn\n|-damage|p2a: Corviknight|44\/100|[from] Recoil\n|\n|-heal|p1a: Mew|42\/100 psn|[from] item: Leftovers\n|-heal|p2a: Corviknight|50\/100|[from] item: Leftovers\n|-damage|p1a: Mew|30\/100 psn|[from] psn\n|upkeep\n|turn|12\n|\n|t:|1700579053\n|move|p1a: Mew|Stored Power|p2a: Corviknight\n|-resisted|p2a: Corviknight\n|-damage|p2a: Corviknight|4\/100\n|move|p2a: Corviknight|Roost|p2a: Corviknight\n|-heal|p2a: Corviknight|54\/100\n|-singleturn|p2a: Corviknight|move: Roost\n|\n|-heal|p1a: Mew|36\/100 psn|[from] item: Leftovers\n|-heal|p2a: Corviknight|60\/100|[from] item: Leftovers\n|-damage|p1a: Mew|24\/100 psn|[from] psn\n|upkeep\n|turn|13\n|\n|t:|1700579062\n|move|p1a: Mew|Stored Power|p2a: Corviknight\n|-resisted|p2a: Corviknight\n|-damage|p2a: Corviknight|15\/100\n|move|p2a: Corviknight|Roost|p2a: Corviknight\n|-heal|p2a: Corviknight|65\/100\n|-singleturn|p2a: Corviknight|move: Roost\n|\n|-heal|p1a: Mew|30\/100 psn|[from] item: Leftovers\n|-heal|p2a: Corviknight|71\/100|[from] item: Leftovers\n|-damage|p1a: Mew|17\/100 psn|[from] psn\n|upkeep\n|turn|14\n|\n|t:|1700579074\n|move|p1a: Mew|Stored Power|p2a: Corviknight\n|-resisted|p2a: Corviknight\n|-damage|p2a: Corviknight|28\/100\n|move|p2a: Corviknight|U-turn|p1a: Mew\n|-supereffective|p1a: Mew\n|-damage|p1a: Mew|5\/100 psn\n|\n|t:|1700579082\n|switch|p2a: Iron Valiant|Iron Valiant|100\/100|[from] U-turn\n|-enditem|p2a: Iron Valiant|Booster Energy\n|-activate|p2a: Iron Valiant|ability: Quark Drive|[fromitem]\n|-start|p2a: Iron Valiant|quarkdrivespe\n|\n|-heal|p1a: Mew|11\/100 psn|[from] item: Leftovers\n|-damage|p1a: Mew|0 fnt|[from] psn\n|faint|p1a: Mew\n|upkeep\n|\n|t:|1700579091\n|switch|p1a: Roaring Moon|Roaring Moon|100\/100\n|-enditem|p1a: Roaring Moon|Booster Energy\n|-activate|p1a: Roaring Moon|ability: Protosynthesis|[fromitem]\n|-start|p1a: Roaring Moon|protosynthesisatk\n|turn|15\n|\n|t:|1700579098\n|-terastallize|p1a: Roaring Moon|Fire\n|move|p2a: Iron Valiant|Close Combat|p1a: Roaring Moon\n|-damage|p1a: Roaring Moon|21\/100\n|-unboost|p2a: Iron Valiant|def|1\n|-unboost|p2a: Iron Valiant|spd|1\n|move|p1a: Roaring Moon|Dragon Dance|p1a: Roaring Moon\n|-boost|p1a: Roaring Moon|atk|1\n|-boost|p1a: Roaring Moon|spe|1\n|\n|upkeep\n|turn|16\n|\n|t:|1700579114\n|-end|p2a: Iron Valiant|Quark Drive|[silent]\n|switch|p2a: Corviknight|Corviknight, F|28\/100\n|-ability|p2a: Corviknight|Pressure\n|move|p1a: Roaring Moon|Earthquake|p2a: Corviknight\n|-immune|p2a: Corviknight\n|\n|-heal|p2a: Corviknight|34\/100|[from] item: Leftovers\n|upkeep\n|turn|17\n|\n|t:|1700579130\n|switch|p2a: Diancie|Diancie|100\/100\n|move|p1a: Roaring Moon|Knock Off|p2a: Diancie\n|-resisted|p2a: Diancie\n|-damage|p2a: Diancie|59\/100\n|-enditem|p2a: Diancie|Leftovers|[from] move: Knock Off|[of] p1a: Roaring Moon\n|\n|upkeep\n|turn|18\n|\n|t:|1700579143\n|-terastallize|p2a: Diancie|Water\n|move|p1a: Roaring Moon|Earthquake|p2a: Diancie\n|-damage|p2a: Diancie|2\/100\n|move|p2a: Diancie|Diamond Storm|p1a: Roaring Moon\n|-supereffective|p1a: Roaring Moon\n|-damage|p1a: Roaring Moon|0 fnt\n|-boost|p2a: Diancie|def|2\n|faint|p1a: Roaring Moon\n|-end|p1a: Roaring Moon|Protosynthesis|[silent]\n|\n|win|hattorivt\n|c|\u2606hattorivt|gg\n|c|\u2606ShadezGXD|gg\n","uploadtime":1700579157,"views":6,"p1id":"shadezgxd","p2id":"hattorivt","formatid":"gen9ubers","rating":0,"private":0,"password":""}