{"id":"gen9ubers-1976344310","p1":"Nitro524","p2":"Kabunger","format":"[Gen 9] Ubers","log":"|j|\u2606Nitro524\n|j|\u2606Kabunger\n|t:|1698289106\n|gametype|singles\n|player|p1|Nitro524|170|\n|player|p2|Kabunger|hilda-wonderlauncher|\n|teamsize|p1|6\n|teamsize|p2|6\n|gen|9\n|tier|[Gen 9] Ubers\n|rule|Sleep Clause Mod: Limit one foe put to sleep\n|rule|Species Clause: Limit one of each Pok\u00e9mon\n|rule|OHKO Clause: OHKO moves are banned\n|rule|Evasion Items Clause: Evasion items are banned\n|rule|Evasion Moves Clause: Evasion moves are banned\n|rule|Endless Battle Clause: Forcing endless battles is banned\n|rule|HP Percentage Mod: HP is shown in percentages\n|clearpoke\n|poke|p1|Torkoal, M|\n|poke|p1|Chi-Yu|\n|poke|p1|Cyclizar, M|\n|poke|p1|Magearna|\n|poke|p1|Roaring Moon|\n|poke|p1|Walking Wake|\n|poke|p2|Gliscor, M|\n|poke|p2|Electrode-Hisui|\n|poke|p2|Magearna|\n|poke|p2|Palafin, F|\n|poke|p2|Chi-Yu|\n|poke|p2|Toedscruel, M|\n|teampreview\n|c|\u2606Nitro524|glhf\n|inactive|Battle timer is ON: inactive players will automatically lose when time's up. (requested by Kabunger)\n|\n|t:|1698289126\n|start\n|switch|p1a: Cyclizar|Cyclizar, M|100\/100\n|switch|p2a: Toedscruel|Toedscruel, M|100\/100\n|turn|1\n|\n|t:|1698289130\n|move|p1a: Cyclizar|Taunt|p2a: Toedscruel\n|-start|p2a: Toedscruel|move: Taunt\n|move|p2a: Toedscruel|Earth Power|p1a: Cyclizar\n|-damage|p1a: Cyclizar|65\/100\n|\n|upkeep\n|turn|2\n|\n|t:|1698289135\n|move|p1a: Cyclizar|Shed Tail|p1a: Cyclizar\n|-start|p1a: Cyclizar|Substitute|[from] move: Shed Tail\n|-damage|p1a: Cyclizar|15\/100\n|\n|t:|1698289141\n|switch|p1a: Chi-Yu|Chi-Yu|100\/100|[from] Shed Tail\n|-ability|p1a: Chi-Yu|Beads of Ruin\n|move|p2a: Toedscruel|Earth Power|p1a: Chi-Yu\n|-supereffective|p1a: Chi-Yu\n|-end|p1a: Chi-Yu|Substitute\n|\n|upkeep\n|turn|3\n|c|\u2606Nitro524|evil\n|\n|t:|1698289150\n|switch|p2a: Palafin|Palafin, F|100\/100\n|move|p1a: Chi-Yu|Overheat|p2a: Palafin\n|-resisted|p2a: Palafin\n|-damage|p2a: Palafin|35\/100\n|-unboost|p1a: Chi-Yu|spa|2\n|\n|upkeep\n|turn|4\n|\n|t:|1698289160\n|switch|p1a: Walking Wake|Walking Wake|100\/100\n|move|p2a: Palafin|Flip Turn|p1a: Walking Wake\n|-resisted|p1a: Walking Wake\n|-damage|p1a: Walking Wake|92\/100\n|\n|t:|1698289164\n|detailschange|p2a: Palafin|Palafin-Hero, F\n|switch|p2a: Toedscruel|Toedscruel, M|100\/100|[from] Flip Turn\n|\n|upkeep\n|turn|5\n|\n|t:|1698289185\n|move|p1a: Walking Wake|Flamethrower|p2a: Toedscruel\n|-supereffective|p2a: Toedscruel\n|-damage|p2a: Toedscruel|43\/100\n|move|p2a: Toedscruel|Spore|p1a: Walking Wake\n|-status|p1a: Walking Wake|slp|[from] move: Spore\n|\n|upkeep\n|turn|6\n|\n|t:|1698289191\n|-end|p1a: Walking Wake|Protosynthesis|[silent]\n|switch|p1a: Chi-Yu|Chi-Yu|100\/100\n|-ability|p1a: Chi-Yu|Beads of Ruin\n|move|p2a: Toedscruel|Spikes|p1a: Chi-Yu\n|-sidestart|p1: Nitro524|Spikes\n|\n|upkeep\n|turn|7\n|\n|t:|1698289199\n|switch|p2a: Chi-Yu|Chi-Yu|100\/100\n|-ability|p2a: Chi-Yu|Beads of Ruin\n|move|p1a: Chi-Yu|Flamethrower|p2a: Chi-Yu\n|-resisted|p2a: Chi-Yu\n|-damage|p2a: Chi-Yu|67\/100\n|\n|upkeep\n|turn|8\n|\n|t:|1698289205\n|switch|p1a: Walking Wake|Walking Wake|92\/100 slp\n|-damage|p1a: Walking Wake|79\/100 slp|[from] Spikes\n|move|p2a: Chi-Yu|Flamethrower|p1a: Walking Wake\n|-resisted|p1a: Walking Wake\n|-damage|p1a: Walking Wake|60\/100 slp\n|\n|upkeep\n|turn|9\n|\n|t:|1698289208\n|switch|p2a: Toedscruel|Toedscruel, M|43\/100\n|cant|p1a: Walking Wake|slp\n|\n|upkeep\n|turn|10\n|\n|t:|1698289215\n|cant|p1a: Walking Wake|slp\n|move|p2a: Toedscruel|Spikes|p1a: Walking Wake\n|-sidestart|p1: Nitro524|Spikes\n|\n|upkeep\n|turn|11\n|\n|t:|1698289219\n|-curestatus|p1a: Walking Wake|slp|[msg]\n|move|p1a: Walking Wake|Hydro Steam|p2a: Toedscruel\n|-damage|p2a: Toedscruel|6\/100\n|move|p2a: Toedscruel|Spikes|p1a: Walking Wake\n|-sidestart|p1: Nitro524|Spikes\n|\n|upkeep\n|turn|12\n|\n|t:|1698289226\n|move|p1a: Walking Wake|Hydro Steam|p2a: Toedscruel\n|-damage|p2a: Toedscruel|0 fnt\n|faint|p2a: Toedscruel\n|\n|upkeep\n|\n|t:|1698289229\n|switch|p2a: Electrode|Electrode-Hisui|100\/100\n|turn|13\n|\n|t:|1698289235\n|-end|p1a: Walking Wake|Protosynthesis|[silent]\n|switch|p1a: Torkoal|Torkoal, M|100\/100\n|-damage|p1a: Torkoal|76\/100|[from] Spikes\n|-weather|SunnyDay|[from] ability: Drought|[of] p1a: Torkoal\n|move|p2a: Electrode|Substitute|p2a: Electrode\n|-start|p2a: Electrode|Substitute\n|-damage|p2a: Electrode|76\/100\n|\n|-weather|SunnyDay|[upkeep]\n|-heal|p2a: Electrode|82\/100|[from] item: Leftovers\n|upkeep\n|turn|14\n|\n|t:|1698289238\n|move|p2a: Electrode|Discharge|p1a: Torkoal\n|-damage|p1a: Torkoal|41\/100\n|move|p1a: Torkoal|Rapid Spin|p2a: Electrode\n|-crit|p2a: Electrode\n|-activate|p2a: Electrode|move: Substitute|[damage]\n|-sideend|p1: Nitro524|Spikes|[from] move: Rapid Spin|[of] p1a: Torkoal\n|-boost|p1a: Torkoal|spe|1\n|\n|-weather|SunnyDay|[upkeep]\n|-heal|p2a: Electrode|88\/100|[from] item: Leftovers\n|upkeep\n|turn|15\n|\n|t:|1698289252\n|move|p2a: Electrode|Discharge|p1a: Torkoal\n|-damage|p1a: Torkoal|6\/100\n|-status|p1a: Torkoal|par\n|cant|p1a: Torkoal|par\n|\n|-weather|SunnyDay|[upkeep]\n|-heal|p2a: Electrode|94\/100|[from] item: Leftovers\n|upkeep\n|turn|16\n|\n|t:|1698289261\n|switch|p1a: Roaring Moon|Roaring Moon|100\/100\n|-activate|p1a: Roaring Moon|ability: Protosynthesis\n|-start|p1a: Roaring Moon|protosynthesisspe\n|move|p2a: Electrode|Discharge|p1a: Roaring Moon\n|-resisted|p1a: Roaring Moon\n|-damage|p1a: Roaring Moon|88\/100\n|\n|-weather|SunnyDay|[upkeep]\n|-heal|p2a: Electrode|99\/100|[from] item: Leftovers\n|upkeep\n|turn|17\n|\n|t:|1698289285\n|move|p1a: Roaring Moon|Knock Off|p2a: Electrode\n|-crit|p2a: Electrode\n|-end|p2a: Electrode|Substitute\n|move|p2a: Electrode|Leech Seed|p1a: Roaring Moon\n|-start|p1a: Roaring Moon|move: Leech Seed\n|\n|-weather|SunnyDay|[upkeep]\n|-heal|p2a: Electrode|100\/100|[from] item: Leftovers\n|-damage|p1a: Roaring Moon|75\/100|[from] Leech Seed|[of] p2a: Electrode\n|upkeep\n|turn|18\n|\n|t:|1698289295\n|move|p1a: Roaring Moon|Knock Off|p2a: Electrode\n|-damage|p2a: Electrode|28\/100\n|-enditem|p2a: Electrode|Leftovers|[from] move: Knock Off|[of] p1a: Roaring Moon\n|move|p2a: Electrode|Discharge|p1a: Roaring Moon\n|-resisted|p1a: Roaring Moon\n|-damage|p1a: Roaring Moon|63\/100\n|-status|p1a: Roaring Moon|par\n|\n|-weather|SunnyDay|[upkeep]\n|-damage|p1a: Roaring Moon|51\/100 par|[from] Leech Seed|[of] p2a: Electrode\n|-heal|p2a: Electrode|42\/100|[silent]\n|upkeep\n|turn|19\n|\n|t:|1698289310\n|move|p2a: Electrode|Substitute|p2a: Electrode\n|-start|p2a: Electrode|Substitute\n|-damage|p2a: Electrode|17\/100\n|cant|p1a: Roaring Moon|par\n|\n|-weather|SunnyDay|[upkeep]\n|-damage|p1a: Roaring Moon|39\/100 par|[from] Leech Seed|[of] p2a: Electrode\n|-heal|p2a: Electrode|31\/100|[silent]\n|upkeep\n|turn|20\n|\n|t:|1698289314\n|move|p2a: Electrode|Discharge|p1a: Roaring Moon\n|-resisted|p1a: Roaring Moon\n|-damage|p1a: Roaring Moon|26\/100 par\n|move|p1a: Roaring Moon|Knock Off|p2a: Electrode\n|-end|p2a: Electrode|Substitute\n|\n|-weather|none\n|-end|p1a: Roaring Moon|Protosynthesis\n|-damage|p1a: Roaring Moon|14\/100 par|[from] Leech Seed|[of] p2a: Electrode\n|-heal|p2a: Electrode|46\/100|[silent]\n|upkeep\n|-enditem|p1a: Roaring Moon|Booster Energy\n|-activate|p1a: Roaring Moon|ability: Protosynthesis|[fromitem]\n|-start|p1a: Roaring Moon|protosynthesisspe\n|turn|21\n|\n|t:|1698289325\n|move|p2a: Electrode|Substitute|p2a: Electrode\n|-start|p2a: Electrode|Substitute\n|-damage|p2a: Electrode|21\/100\n|move|p1a: Roaring Moon|Knock Off|p2a: Electrode\n|-end|p2a: Electrode|Substitute\n|\n|-damage|p1a: Roaring Moon|2\/100 par|[from] Leech Seed|[of] p2a: Electrode\n|-heal|p2a: Electrode|35\/100|[silent]\n|upkeep\n|turn|22\n|\n|t:|1698289328\n|move|p2a: Electrode|Discharge|p1a: Roaring Moon\n|-resisted|p1a: Roaring Moon\n|-damage|p1a: Roaring Moon|0 fnt\n|faint|p1a: Roaring Moon\n|-end|p1a: Roaring Moon|Protosynthesis|[silent]\n|\n|upkeep\n|\n|t:|1698289336\n|switch|p1a: Chi-Yu|Chi-Yu|100\/100\n|-ability|p1a: Chi-Yu|Beads of Ruin\n|turn|23\n|\n|t:|1698289352\n|move|p1a: Chi-Yu|Flamethrower|p2a: Electrode\n|-supereffective|p2a: Electrode\n|-damage|p2a: Electrode|0 fnt\n|faint|p2a: Electrode\n|\n|upkeep\n|\n|t:|1698289355\n|switch|p2a: Palafin|Palafin-Hero, F|35\/100\n|-activate|p2a: Palafin|ability: Zero to Hero\n|turn|24\n|\n|t:|1698289360\n|switch|p1a: Walking Wake|Walking Wake|60\/100\n|move|p2a: Palafin|Close Combat|p1a: Walking Wake\n|-damage|p1a: Walking Wake|0 fnt\n|-unboost|p2a: Palafin|def|1\n|-unboost|p2a: Palafin|spd|1\n|faint|p1a: Walking Wake\n|-end|p1a: Walking Wake|Protosynthesis|[silent]\n|\n|upkeep\n|\n|t:|1698289365\n|switch|p1a: Torkoal|Torkoal, M|6\/100 par\n|-weather|SunnyDay|[from] ability: Drought|[of] p1a: Torkoal\n|turn|25\n|\n|t:|1698289371\n|move|p2a: Palafin|Close Combat|p1a: Torkoal\n|-crit|p1a: Torkoal\n|-damage|p1a: Torkoal|0 fnt\n|-unboost|p2a: Palafin|def|1\n|-unboost|p2a: Palafin|spd|1\n|faint|p1a: Torkoal\n|\n|-weather|SunnyDay|[upkeep]\n|upkeep\n|\n|t:|1698289375\n|switch|p1a: Magearna|Magearna|100\/100\n|turn|26\n|\n|t:|1698289379\n|switch|p2a: Magearna|Magearna|100\/100\n|move|p1a: Magearna|Iron Defense|p1a: Magearna\n|-boost|p1a: Magearna|def|2\n|\n|-weather|SunnyDay|[upkeep]\n|upkeep\n|turn|27\n|\n|t:|1698289385\n|move|p2a: Magearna|Volt Switch|p1a: Magearna\n|-damage|p1a: Magearna|78\/100\n|\n|t:|1698289387\n|switch|p2a: Chi-Yu|Chi-Yu|67\/100|[from] Volt Switch\n|-ability|p2a: Chi-Yu|Beads of Ruin\n|move|p1a: Magearna|Calm Mind|p1a: Magearna\n|-boost|p1a: Magearna|spa|1\n|-boost|p1a: Magearna|spd|1\n|\n|-weather|SunnyDay|[upkeep]\n|-heal|p1a: Magearna|84\/100|[from] item: Leftovers\n|upkeep\n|turn|28\n|\n|t:|1698289398\n|-terastallize|p1a: Magearna|Water\n|move|p2a: Chi-Yu|Substitute|p2a: Chi-Yu\n|-start|p2a: Chi-Yu|Substitute\n|-damage|p2a: Chi-Yu|42\/100\n|move|p1a: Magearna|Calm Mind|p1a: Magearna\n|-boost|p1a: Magearna|spa|1\n|-boost|p1a: Magearna|spd|1\n|\n|-weather|SunnyDay|[upkeep]\n|-heal|p1a: Magearna|90\/100|[from] item: Leftovers\n|upkeep\n|turn|29\n|\n|t:|1698289407\n|move|p2a: Chi-Yu|Nasty Plot|p2a: Chi-Yu\n|-boost|p2a: Chi-Yu|spa|2\n|move|p1a: Magearna|Draining Kiss|p2a: Chi-Yu\n|-end|p2a: Chi-Yu|Substitute\n|-heal|p1a: Magearna|100\/100|[from] drain|[of] p2a: Chi-Yu\n|\n|-weather|SunnyDay|[upkeep]\n|upkeep\n|turn|30\n|\n|t:|1698289413\n|move|p2a: Chi-Yu|Dark Pulse|p1a: Magearna\n|-damage|p1a: Magearna|54\/100\n|move|p1a: Magearna|Draining Kiss|p2a: Chi-Yu\n|-damage|p2a: Chi-Yu|0 fnt\n|-heal|p1a: Magearna|76\/100|[from] drain|[of] p2a: Chi-Yu\n|faint|p2a: Chi-Yu\n|-ability|p1a: Magearna|Soul-Heart|boost\n|-boost|p1a: Magearna|spa|1\n|\n|-weather|SunnyDay|[upkeep]\n|-heal|p1a: Magearna|82\/100|[from] item: Leftovers\n|upkeep\n|\n|t:|1698289419\n|switch|p2a: Gliscor|Gliscor, M|100\/100\n|turn|31\n|\n|t:|1698289427\n|move|p2a: Gliscor|Toxic|p1a: Magearna|[miss]\n|-miss|p2a: Gliscor|p1a: Magearna\n|move|p1a: Magearna|Stored Power|p2a: Gliscor\n|-damage|p2a: Gliscor|0 fnt\n|faint|p2a: Gliscor\n|-ability|p1a: Magearna|Soul-Heart|boost\n|-boost|p1a: Magearna|spa|1\n|\n|-weather|SunnyDay|[upkeep]\n|-heal|p1a: Magearna|88\/100|[from] item: Leftovers\n|upkeep\n|\n|t:|1698289432\n|switch|p2a: Magearna|Magearna|100\/100\n|turn|32\n|\n|t:|1698289441\n|move|p2a: Magearna|Fleur Cannon|p1a: Magearna\n|-damage|p1a: Magearna|59\/100\n|-unboost|p2a: Magearna|spa|2\n|move|p1a: Magearna|Stored Power|p2a: Magearna\n|-resisted|p2a: Magearna\n|-damage|p2a: Magearna|60\/100\n|\n|-weather|none\n|-heal|p1a: Magearna|65\/100|[from] item: Leftovers\n|upkeep\n|turn|33\n|\n|t:|1698289448\n|move|p2a: Magearna|Volt Switch|p1a: Magearna\n|-supereffective|p1a: Magearna\n|-damage|p1a: Magearna|54\/100\n|\n|t:|1698289450\n|switch|p2a: Palafin|Palafin-Hero, F|35\/100|[from] Volt Switch\n|move|p1a: Magearna|Stored Power|p2a: Palafin\n|-damage|p2a: Palafin|0 fnt\n|faint|p2a: Palafin\n|-ability|p1a: Magearna|Soul-Heart|boost\n|-boost|p1a: Magearna|spa|1\n|\n|-heal|p1a: Magearna|60\/100|[from] item: Leftovers\n|upkeep\n|\n|t:|1698289452\n|switch|p2a: Magearna|Magearna|60\/100\n|turn|34\n|-message|Kabunger forfeited.\n|\n|win|Nitro524\n|l|\u2606Kabunger\n","uploadtime":1698289458,"views":15,"p1id":"nitro524","p2id":"kabunger","formatid":"gen9ubers","rating":0,"private":0,"password":""}