{"id":"gen9ubers-1978218172","p1":"Erindor","p2":"Rei_darkness","format":"[Gen 9] Ubers","log":"|j|\u2606Erindor\n|j|\u2606Rei_darkness\n|t:|1698513720\n|gametype|singles\n|player|p1|Erindor|cynthia-masters|\n|player|p2|Rei_darkness|drayden|\n|teamsize|p1|6\n|teamsize|p2|6\n|gen|9\n|tier|[Gen 9] Ubers\n|rule|Sleep Clause Mod: Limit one foe put to sleep\n|rule|Species Clause: Limit one of each Pok\u00e9mon\n|rule|OHKO Clause: OHKO moves are banned\n|rule|Evasion Items Clause: Evasion items are banned\n|rule|Evasion Moves Clause: Evasion moves are banned\n|rule|Endless Battle Clause: Forcing endless battles is banned\n|rule|HP Percentage Mod: HP is shown in percentages\n|clearpoke\n|poke|p1|Moltres|\n|poke|p1|Empoleon, M|\n|poke|p1|Weezing-Galar, M|\n|poke|p1|Azelf|\n|poke|p1|Landorus-Therian, M|\n|poke|p1|Medicham, M|\n|poke|p2|Slowbro-Galar, F|\n|poke|p2|Klefki, M|\n|poke|p2|Arcanine, M|\n|poke|p2|Victreebel, F|\n|poke|p2|Scovillain, F|\n|poke|p2|Koraidon|\n|teampreview\n|inactive|Battle timer is ON: inactive players will automatically lose when time's up. (requested by Erindor)\n|\n|t:|1698513731\n|start\n|switch|p1a: Empoleon|Empoleon, M|100\/100\n|switch|p2a: I die now|Klefki, M|100\/100\n|turn|1\n|\n|t:|1698513740\n|move|p2a: I die now|Reflect|p2a: I die now\n|-sidestart|p2: Rei_darkness|Reflect\n|move|p1a: Empoleon|Stealth Rock|p2a: I die now\n|-sidestart|p2: Rei_darkness|move: Stealth Rock\n|\n|upkeep\n|turn|2\n|\n|t:|1698513744\n|move|p2a: I die now|Steel Beam|p1a: Empoleon\n|-resisted|p1a: Empoleon\n|-damage|p1a: Empoleon|91\/100\n|-damage|p2a: I die now|50\/100|[from] steelbeam\n|move|p1a: Empoleon|Knock Off|p2a: I die now\n|-resisted|p2a: I die now\n|-damage|p2a: I die now|45\/100\n|-enditem|p2a: I die now|Light Clay|[from] move: Knock Off|[of] p1a: Empoleon\n|\n|-heal|p1a: Empoleon|98\/100|[from] item: Leftovers\n|upkeep\n|turn|3\n|\n|t:|1698513758\n|move|p2a: I die now|Sunny Day|p2a: I die now\n|-weather|SunnyDay\n|move|p1a: Empoleon|Roost|p1a: Empoleon\n|-heal|p1a: Empoleon|100\/100\n|-singleturn|p1a: Empoleon|move: Roost\n|\n|-weather|SunnyDay|[upkeep]\n|upkeep\n|turn|4\n|\n|t:|1698513765\n|move|p2a: I die now|Steel Beam|p1a: Empoleon\n|-resisted|p1a: Empoleon\n|-damage|p1a: Empoleon|91\/100\n|-damage|p2a: I die now|0 fnt|[from] steelbeam\n|faint|p2a: I die now\n|move|p1a: Empoleon|Flip Turn|p2: I die now|[notarget]\n|-fail|p1a: Empoleon\n|\n|-weather|SunnyDay|[upkeep]\n|-heal|p1a: Empoleon|98\/100|[from] item: Leftovers\n|upkeep\n|\n|t:|1698513786\n|switch|p2a: gen1shitmon|Victreebel, F|100\/100\n|-damage|p2a: gen1shitmon|88\/100|[from] Stealth Rock\n|turn|5\n|\n|t:|1698513804\n|move|p2a: gen1shitmon|Growth|p2a: gen1shitmon\n|-boost|p2a: gen1shitmon|atk|2\n|-boost|p2a: gen1shitmon|spa|2\n|move|p1a: Empoleon|Knock Off|p2a: gen1shitmon\n|-damage|p2a: gen1shitmon|72\/100\n|-enditem|p2a: gen1shitmon|Focus Sash|[from] move: Knock Off|[of] p1a: Empoleon\n|\n|-weather|SunnyDay|[upkeep]\n|-heal|p1a: Empoleon|100\/100|[from] item: Leftovers\n|upkeep\n|turn|6\n|inactive|Rei_darkness has 270 seconds left.\n|inactive|Erindor has 270 seconds left.\n|\n|t:|1698513868\n|move|p2a: gen1shitmon|Solar Beam||[still]\n|-prepare|p2a: gen1shitmon|Solar Beam\n|-anim|p2a: gen1shitmon|Solar Beam|p1a: Empoleon\n|-damage|p1a: Empoleon|26\/100\n|move|p1a: Empoleon|Roost|p1a: Empoleon\n|-heal|p1a: Empoleon|76\/100\n|-singleturn|p1a: Empoleon|move: Roost\n|\n|-weather|SunnyDay|[upkeep]\n|-heal|p1a: Empoleon|82\/100|[from] item: Leftovers\n|upkeep\n|turn|7\n|inactive|Erindor has 270 seconds left.\n|\n|t:|1698513897\n|-terastallize|p2a: gen1shitmon|Grass\n|move|p2a: gen1shitmon|Solar Beam||[still]\n|-prepare|p2a: gen1shitmon|Solar Beam\n|-anim|p2a: gen1shitmon|Solar Beam|p1a: Empoleon\n|-damage|p1a: Empoleon|0 fnt\n|faint|p1a: Empoleon\n|\n|-weather|none\n|upkeep\n|inactive|Erindor has 240 seconds left.\n|\n|t:|1698513918\n|switch|p1a: Azelf|Azelf|100\/100\n|turn|8\n|inactive|Rei_darkness has 240 seconds left.\n|\n|t:|1698513941\n|move|p1a: Azelf|Psyshock|p2a: gen1shitmon\n|-damage|p2a: gen1shitmon|0 fnt\n|faint|p2a: gen1shitmon\n|\n|-sideend|p2: Rei_darkness|Reflect\n|upkeep\n|\n|t:|1698513944\n|switch|p2a: actualboxleg|Koraidon|100\/100\n|-damage|p2a: actualboxleg|94\/100|[from] Stealth Rock\n|-weather|SunnyDay|[from] ability: Orichalcum Pulse|[of] p2a: actualboxleg\n|-activate|p2a: actualboxleg|Orichalcum Pulse|[source]\n|turn|9\n|\n|t:|1698513961\n|switch|p1a: Moltres|Moltres|100\/100\n|move|p2a: actualboxleg|Fire Spin|p1a: Moltres\n|-resisted|p1a: Moltres\n|-damage|p1a: Moltres|94\/100\n|-activate|p1a: Moltres|move: Fire Spin|[of] p2a: actualboxleg\n|\n|-weather|SunnyDay|[upkeep]\n|-damage|p1a: Moltres|81\/100|[from] move: Fire Spin|[partiallytrapped]\n|upkeep\n|turn|10\n|inactive|Rei_darkness has 240 seconds left.\n|\n|t:|1698513977\n|switch|p2a: gen9shitmon|Scovillain, F|100\/100\n|-damage|p2a: gen9shitmon|76\/100|[from] Stealth Rock\n|move|p1a: Moltres|Brave Bird|p2a: gen9shitmon\n|-supereffective|p2a: gen9shitmon\n|-damage|p2a: gen9shitmon|0 fnt\n|faint|p2a: gen9shitmon\n|-damage|p1a: Moltres|64\/100|[from] Recoil\n|\n|-weather|SunnyDay|[upkeep]\n|-end|p1a: Moltres|Fire Spin|[partiallytrapped]|[silent]\n|upkeep\n|\n|t:|1698513980\n|switch|p2a: Cowgurl|Slowbro-Galar, F|100\/100\n|-damage|p2a: Cowgurl|88\/100|[from] Stealth Rock\n|turn|11\n|\n|t:|1698513989\n|move|p1a: Moltres|U-turn|p2a: Cowgurl\n|-damage|p2a: Cowgurl|74\/100\n|\n|t:|1698513992\n|switch|p1a: Landorus|Landorus-Therian, M|100\/100|[from] U-turn\n|-ability|p1a: Landorus|Intimidate|boost\n|-unboost|p2a: Cowgurl|atk|1\n|move|p2a: Cowgurl|Nasty Plot|p2a: Cowgurl\n|-boost|p2a: Cowgurl|spa|2\n|\n|-weather|SunnyDay|[upkeep]\n|upkeep\n|turn|12\n|-activate|p2a: Cowgurl|ability: Quick Draw\n|\n|t:|1698513999\n|move|p2a: Cowgurl|Fire Blast|p1a: Landorus\n|-damage|p1a: Landorus|0 fnt\n|faint|p1a: Landorus\n|\n|-weather|SunnyDay|[upkeep]\n|upkeep\n|\n|t:|1698514005\n|switch|p1a: Medicham|Medicham, M|100\/100\n|turn|13\n|-activate|p2a: Cowgurl|item: Quick Claw\n|\n|t:|1698514010\n|-terastallize|p1a: Medicham|Ghost\n|move|p2a: Cowgurl|Psyshock|p1a: Medicham\n|-damage|p1a: Medicham|0 fnt\n|faint|p1a: Medicham\n|\n|-weather|SunnyDay|[upkeep]\n|upkeep\n|\n|t:|1698514018\n|switch|p1a: Azelf|Azelf|100\/100\n|turn|14\n|\n|t:|1698514022\n|move|p1a: Azelf|Psyshock|p2a: Cowgurl\n|-damage|p2a: Cowgurl|18\/100\n|move|p2a: Cowgurl|Fire Blast|p1a: Azelf\n|-damage|p1a: Azelf|0 fnt\n|faint|p1a: Azelf\n|\n|-weather|SunnyDay|[upkeep]\n|upkeep\n|\n|t:|1698514028\n|switch|p1a: Weezing|Weezing-Galar, M|100\/100\n|turn|15\n|\n|t:|1698514035\n|move|p1a: Weezing|Strange Steam|p2a: Cowgurl\n|-resisted|p2a: Cowgurl\n|-damage|p2a: Cowgurl|2\/100\n|move|p2a: Cowgurl|Fire Blast|p1a: Weezing\n|-damage|p1a: Weezing|0 fnt\n|faint|p1a: Weezing\n|\n|-weather|SunnyDay|[upkeep]\n|upkeep\n|\n|t:|1698514038\n|switch|p1a: Moltres|Moltres|64\/100\n|turn|16\n|c|\u2606Rei_darkness|glowbro\n|\n|t:|1698514054\n|move|p1a: Moltres|U-turn|p2a: Cowgurl\n|-damage|p2a: Cowgurl|0 fnt\n|faint|p2a: Cowgurl\n|\n|-weather|none\n|upkeep\n|\n|t:|1698514057\n|switch|p2a: Arcanine|Arcanine, M|100\/100\n|-damage|p2a: Arcanine|76\/100|[from] Stealth Rock\n|turn|17\n|c|\u2606Erindor|yeah the two consecutive quick draws screwed me\n|\n|t:|1698514063\n|move|p1a: Moltres|Brave Bird|p2a: Arcanine\n|-damage|p2a: Arcanine|33\/100\n|-enditem|p2a: Arcanine|Sitrus Berry|[eat]\n|-heal|p2a: Arcanine|57\/100|[from] item: Sitrus Berry\n|-damage|p1a: Moltres|50\/100|[from] Recoil\n|move|p2a: Arcanine|Morning Sun|p2a: Arcanine\n|-heal|p2a: Arcanine|100\/100\n|\n|upkeep\n|turn|18\n|\n|t:|1698514074\n|move|p1a: Moltres|Brave Bird|p2a: Arcanine\n|-damage|p2a: Arcanine|59\/100\n|-damage|p1a: Moltres|36\/100|[from] Recoil\n|move|p2a: Arcanine|Substitute|p2a: Arcanine\n|-start|p2a: Arcanine|Substitute\n|-damage|p2a: Arcanine|34\/100\n|\n|upkeep\n|turn|19\n|c|\u2606Erindor|gg\n|\n|t:|1698514078\n|move|p1a: Moltres|Brave Bird|p2a: Arcanine\n|-end|p2a: Arcanine|Substitute\n|-damage|p1a: Moltres|28\/100|[from] Recoil|[of] p2a: Arcanine\n|move|p2a: Arcanine|Morning Sun|p2a: Arcanine\n|-heal|p2a: Arcanine|84\/100\n|\n|upkeep\n|turn|20\n|\n|t:|1698514085\n|switch|p2a: actualboxleg|Koraidon|94\/100\n|-damage|p2a: actualboxleg|88\/100|[from] Stealth Rock\n|-weather|SunnyDay|[from] ability: Orichalcum Pulse|[of] p2a: actualboxleg\n|-activate|p2a: actualboxleg|Orichalcum Pulse|[source]\n|move|p1a: Moltres|Roost|p1a: Moltres\n|-heal|p1a: Moltres|78\/100\n|-singleturn|p1a: Moltres|move: Roost\n|\n|-weather|SunnyDay|[upkeep]\n|upkeep\n|turn|21\n|\n|t:|1698514091\n|move|p2a: actualboxleg|Fire Spin|p1a: Moltres\n|-resisted|p1a: Moltres\n|-damage|p1a: Moltres|71\/100\n|-activate|p1a: Moltres|move: Fire Spin|[of] p2a: actualboxleg\n|move|p1a: Moltres|Brave Bird|p2a: actualboxleg\n|-supereffective|p2a: actualboxleg\n|-damage|p2a: actualboxleg|18\/100\n|-damage|p1a: Moltres|51\/100|[from] Recoil\n|\n|-weather|SunnyDay|[upkeep]\n|-damage|p1a: Moltres|38\/100|[from] move: Fire Spin|[partiallytrapped]\n|upkeep\n|turn|22\n|\n|t:|1698514097\n|move|p2a: actualboxleg|Draco Meteor|p1a: Moltres\n|-damage|p1a: Moltres|0 fnt\n|-unboost|p2a: actualboxleg|spa|2\n|faint|p1a: Moltres\n|\n|win|Rei_darkness\n|c|\u2606Rei_darkness|GG\n|l|\u2606Erindor\n","uploadtime":1698514104,"views":14,"p1id":"erindor","p2id":"reidarkness","formatid":"gen9ubers","rating":0,"private":0,"password":""}