{"id":"gen9ubers-1991814054","p1":"soulvyper2","p2":"RadRaph","format":"[Gen 9] Ubers","log":"|j|\u2606soulvyper2\n|j|\u2606RadRaph\n|t:|1700122190\n|gametype|singles\n|player|p1|soulvyper2|bruno|1030\n|player|p2|RadRaph|steven|1125\n|teamsize|p1|6\n|teamsize|p2|6\n|gen|9\n|tier|[Gen 9] Ubers\n|rated|\n|rule|Sleep Clause Mod: Limit one foe put to sleep\n|rule|Species Clause: Limit one of each Pok\u00e9mon\n|rule|OHKO Clause: OHKO moves are banned\n|rule|Evasion Items Clause: Evasion items are banned\n|rule|Evasion Moves Clause: Evasion moves are banned\n|rule|Endless Battle Clause: Forcing endless battles is banned\n|rule|HP Percentage Mod: HP is shown in percentages\n|clearpoke\n|poke|p1|Arceus-Fire|\n|poke|p1|Groudon|\n|poke|p1|Darkrai|\n|poke|p1|Kyogre|\n|poke|p1|Regieleki|\n|poke|p1|Mewtwo|\n|poke|p2|Ursaluna-Bloodmoon, M|\n|poke|p2|Ogerpon-Cornerstone, F|\n|poke|p2|Scizor, F|\n|poke|p2|Flutter Mane|\n|poke|p2|Dragonite, F|\n|poke|p2|Urshifu-*, M|\n|teampreview\n|\n|t:|1700122210\n|start\n|switch|p1a: Mewtwo|Mewtwo|100\/100\n|switch|p2a: Ogerpon|Ogerpon-Cornerstone, F|100\/100\n|-ability|p1a: Mewtwo|Pressure\n|turn|1\n|\n|t:|1700122230\n|move|p2a: Ogerpon|Ivy Cudgel|p1a: Mewtwo|[anim] Ivy Cudgel Rock\n|-damage|p1a: Mewtwo|47\/100\n|move|p1a: Mewtwo|Aura Sphere|p2a: Ogerpon\n|-supereffective|p2a: Ogerpon\n|-damage|p2a: Ogerpon|39\/100\n|\n|upkeep\n|turn|2\n|\n|t:|1700122246\n|switch|p1a: Arceus|Arceus-Fire|100\/100\n|move|p2a: Ogerpon|Ivy Cudgel|p1a: Arceus|[anim] Ivy Cudgel Rock\n|-supereffective|p1a: Arceus\n|-crit|p1a: Arceus\n|-damage|p1a: Arceus|0 fnt\n|faint|p1a: Arceus\n|\n|upkeep\n|\n|t:|1700122259\n|switch|p1a: Groudon|Groudon|100\/100\n|-weather|SunnyDay|[from] ability: Drought|[of] p1a: Groudon\n|turn|3\n|\n|t:|1700122264\n|move|p2a: Ogerpon|Horn Leech|p1a: Groudon\n|-supereffective|p1a: Groudon\n|-damage|p1a: Groudon|34\/100\n|-heal|p2a: Ogerpon|79\/100|[from] drain|[of] p1a: Groudon\n|move|p1a: Groudon|Earthquake|p2a: Ogerpon\n|-damage|p2a: Ogerpon|11\/100\n|\n|-weather|SunnyDay|[upkeep]\n|upkeep\n|turn|4\n|\n|t:|1700122273\n|switch|p1a: Darkrai|Darkrai|100\/100\n|move|p2a: Ogerpon|Horn Leech|p1a: Darkrai\n|-damage|p1a: Darkrai|48\/100\n|-heal|p2a: Ogerpon|38\/100|[from] drain|[of] p1a: Darkrai\n|-enditem|p1a: Darkrai|Sitrus Berry|[eat]\n|-heal|p1a: Darkrai|72\/100|[from] item: Sitrus Berry\n|\n|-weather|SunnyDay|[upkeep]\n|upkeep\n|turn|5\n|\n|t:|1700122286\n|move|p2a: Ogerpon|Horn Leech|p1a: Darkrai\n|-damage|p1a: Darkrai|26\/100\n|-heal|p2a: Ogerpon|61\/100|[from] drain|[of] p1a: Darkrai\n|move|p1a: Darkrai|Dark Pulse|p2a: Ogerpon\n|-damage|p2a: Ogerpon|13\/100\n|\n|-weather|SunnyDay|[upkeep]\n|upkeep\n|turn|6\n|\n|t:|1700122298\n|move|p2a: Ogerpon|Horn Leech|p1a: Darkrai\n|-damage|p1a: Darkrai|0 fnt\n|-heal|p2a: Ogerpon|26\/100|[from] drain|[of] p1a: Darkrai\n|faint|p1a: Darkrai\n|\n|-weather|SunnyDay|[upkeep]\n|upkeep\n|\n|t:|1700122306\n|switch|p1a: Regieleki|Regieleki|100\/100\n|turn|7\n|\n|t:|1700122320\n|switch|p2a: Ursaluna|Ursaluna-Bloodmoon, M|100\/100\n|move|p1a: Regieleki|Thunderbolt|p2a: Ursaluna\n|-immune|p2a: Ursaluna\n|\n|-weather|none\n|upkeep\n|turn|8\n|\n|t:|1700122330\n|switch|p1a: Kyogre|Kyogre|100\/100\n|-weather|RainDance|[from] ability: Drizzle|[of] p1a: Kyogre\n|move|p2a: Ursaluna|Earth Power|p1a: Kyogre\n|-crit|p1a: Kyogre\n|-damage|p1a: Kyogre|45\/100\n|\n|-weather|RainDance|[upkeep]\n|upkeep\n|turn|9\n|\n|t:|1700122340\n|-terastallize|p1a: Kyogre|Water\n|move|p1a: Kyogre|Origin Pulse|p2a: Ursaluna\n|-supereffective|p2a: Ursaluna\n|-crit|p2a: Ursaluna\n|-damage|p2a: Ursaluna|0 fnt\n|faint|p2a: Ursaluna\n|\n|-weather|RainDance|[upkeep]\n|upkeep\n|\n|t:|1700122352\n|switch|p2a: Ogerpon|Ogerpon-Cornerstone, F|26\/100\n|turn|10\n|\n|t:|1700122356\n|move|p2a: Ogerpon|Horn Leech|p1a: Kyogre\n|-supereffective|p1a: Kyogre\n|-damage|p1a: Kyogre|0 fnt\n|-heal|p2a: Ogerpon|53\/100|[from] drain|[of] p1a: Kyogre\n|faint|p1a: Kyogre\n|\n|-weather|RainDance|[upkeep]\n|upkeep\n|\n|t:|1700122364\n|switch|p1a: Mewtwo|Mewtwo|47\/100\n|-ability|p1a: Mewtwo|Pressure\n|turn|11\n|\n|t:|1700122371\n|move|p2a: Ogerpon|Ivy Cudgel|p1a: Mewtwo|[anim] Ivy Cudgel Rock\n|-damage|p1a: Mewtwo|0 fnt\n|faint|p1a: Mewtwo\n|\n|-weather|RainDance|[upkeep]\n|upkeep\n|\n|t:|1700122381\n|switch|p1a: Groudon|Groudon|34\/100\n|-weather|SunnyDay|[from] ability: Drought|[of] p1a: Groudon\n|turn|12\n|-activate|p1a: Groudon|item: Quick Claw\n|\n|t:|1700122386\n|move|p1a: Groudon|Lava Plume|p2a: Ogerpon\n|-damage|p2a: Ogerpon|19\/100\n|move|p2a: Ogerpon|Horn Leech|p1a: Groudon\n|-supereffective|p1a: Groudon\n|-damage|p1a: Groudon|0 fnt\n|-heal|p2a: Ogerpon|39\/100|[from] drain|[of] p1a: Groudon\n|faint|p1a: Groudon\n|\n|-weather|SunnyDay|[upkeep]\n|upkeep\n|\n|t:|1700122396\n|switch|p1a: Regieleki|Regieleki|100\/100\n|turn|13\n|\n|t:|1700122414\n|move|p1a: Regieleki|Thunderbolt|p2a: Ogerpon\n|-resisted|p2a: Ogerpon\n|-damage|p2a: Ogerpon|12\/100\n|move|p2a: Ogerpon|Horn Leech|p1a: Regieleki\n|-damage|p1a: Regieleki|27\/100\n|-heal|p2a: Ogerpon|52\/100|[from] drain|[of] p1a: Regieleki\n|\n|-weather|SunnyDay|[upkeep]\n|upkeep\n|turn|14\n|\n|t:|1700122424\n|move|p1a: Regieleki|Thunderbolt|p2a: Ogerpon\n|-resisted|p2a: Ogerpon\n|-damage|p2a: Ogerpon|27\/100\n|move|p2a: Ogerpon|Horn Leech|p1a: Regieleki\n|-damage|p1a: Regieleki|0 fnt\n|-heal|p2a: Ogerpon|42\/100|[from] drain|[of] p1a: Regieleki\n|faint|p1a: Regieleki\n|\n|win|RadRaph\n|raw|soulvyper2's rating: 1030 &rarr; <strong>1019<\/strong><br \/>(-11 for losing)\n|raw|RadRaph's rating: 1125 &rarr; <strong>1143<\/strong><br \/>(+18 for winning)\n","uploadtime":1700122435,"views":24,"p1id":"soulvyper2","p2id":"radraph","formatid":"gen9ubers","rating":1019,"private":0,"password":""}