{"id":"gen9ubers-1972872000","p1":"iambored123","p2":"puissance du feu","format":"[Gen 9] Ubers","log":"|j|\u2606iambored123\n|j|\u2606puissance du feu\n|inactive|Battle timer is ON: inactive players will automatically lose when time's up.\n|t:|1697904250\n|gametype|singles\n|player|p1|iambored123|101|\n|player|p2|puissance du feu|blackbelt|\n|teamsize|p1|6\n|teamsize|p2|6\n|gen|9\n|tier|[Gen 9] Ubers\n|rated|Tournament battle\n|rule|Sleep Clause Mod: Limit one foe put to sleep\n|rule|Species Clause: Limit one of each Pok\u00e9mon\n|rule|OHKO Clause: OHKO moves are banned\n|rule|Evasion Items Clause: Evasion items are banned\n|rule|Evasion Moves Clause: Evasion moves are banned\n|rule|Endless Battle Clause: Forcing endless battles is banned\n|rule|HP Percentage Mod: HP is shown in percentages\n|clearpoke\n|poke|p1|Hatterene, F|\n|poke|p1|Calyrex-Ice|\n|poke|p1|Ursaluna-Bloodmoon, M|\n|poke|p1|Miraidon|\n|poke|p1|Landorus-Therian, M|\n|poke|p1|Urshifu-*, F|\n|poke|p2|Arceus|\n|poke|p2|Mewtwo|\n|poke|p2|Koraidon|\n|poke|p2|Giratina-Origin|\n|poke|p2|Ditto|\n|poke|p2|Miraidon|\n|teampreview\n|j|*Lady Monita \u263d\n|j| BB-8-NU\n|inactive|puissance du feu also wants the timer to be on.\n|j| Carloos\n|\n|t:|1697904263\n|start\n|switch|p1a: Landorus|Landorus-Therian, M|100\/100\n|switch|p2a: Miraidon|Miraidon|100\/100\n|-ability|p1a: Landorus|Intimidate|boost\n|-unboost|p2a: Miraidon|atk|1\n|-fieldstart|move: Electric Terrain|[from] ability: Hadron Engine|[of] p2a: Miraidon\n|turn|1\n|\n|t:|1697904270\n|move|p1a: Landorus|U-turn|p2a: Miraidon\n|-damage|p2a: Miraidon|76\/100\n|\n|t:|1697904272\n|switch|p1a: Hatterene|Hatterene, F|100\/100|[from] U-turn\n|move|p2a: Miraidon|Draco Meteor|p1a: Hatterene\n|-immune|p1a: Hatterene\n|\n|-heal|p2a: Miraidon|82\/100|[from] item: Leftovers\n|upkeep\n|turn|2\n|\n|t:|1697904276\n|move|p2a: Miraidon|Volt Switch|p1a: Hatterene\n|-crit|p1a: Hatterene\n|-enditem|p1a: Hatterene|Focus Sash\n|-damage|p1a: Hatterene|1\/100\n|\n|t:|1697904281\n|switch|p2a: Ditto|Ditto|100\/100|[from] Volt Switch\n|-transform|p2a: Ditto|p1a: Hatterene|[from] ability: Imposter\n|move|p1a: Hatterene|Psychic|p2a: Ditto\n|-resisted|p2a: Ditto\n|-crit|p2a: Ditto\n|-damage|p2a: Ditto|54\/100\n|\n|upkeep\n|turn|3\n|\n|t:|1697904292\n|switch|p1a: Landorus|Landorus-Therian, M|100\/100\n|-ability|p1a: Landorus|Intimidate|boost\n|-unboost|p2a: Ditto|atk|1\n|move|p2a: Ditto|Psychic|p1a: Landorus\n|-damage|p1a: Landorus|33\/100\n|\n|upkeep\n|turn|4\n|j| Diet Bepsi\n|\n|t:|1697904311\n|switch|p2a: Mewtwo|Mewtwo|100\/100\n|-ability|p2a: Mewtwo|Pressure\n|move|p1a: Landorus|Earthquake|p2a: Mewtwo\n|-damage|p2a: Mewtwo|41\/100\n|\n|-heal|p2a: Mewtwo|47\/100|[from] item: Leftovers\n|upkeep\n|turn|5\n|\n|t:|1697904315\n|switch|p2a: Giratina|Giratina-Origin|100\/100\n|move|p1a: Landorus|Earthquake|p2a: Giratina\n|-immune|p2a: Giratina|[from] ability: Levitate\n|\n|-fieldend|move: Electric Terrain\n|upkeep\n|turn|6\n|\n|t:|1697904320\n|switch|p1a: Ursaluna|Ursaluna-Bloodmoon, M|100\/100\n|move|p2a: Giratina|Shadow Ball|p1a: Ursaluna\n|-immune|p1a: Ursaluna\n|\n|upkeep\n|turn|7\n|j| ThisSimFuckinSucks\n|\n|t:|1697904333\n|switch|p2a: Miraidon|Miraidon|82\/100\n|-fieldstart|move: Electric Terrain|[from] ability: Hadron Engine|[of] p2a: Miraidon\n|move|p1a: Ursaluna|Blood Moon|p2a: Miraidon\n|-damage|p2a: Miraidon|0 fnt\n|faint|p2a: Miraidon\n|-damage|p1a: Ursaluna|90\/100|[from] item: Life Orb\n|\n|upkeep\n|\n|t:|1697904339\n|switch|p2a: Mewtwo|Mewtwo|47\/100\n|-ability|p2a: Mewtwo|Pressure\n|turn|8\n|\n|t:|1697904344\n|switch|p1a: Landorus|Landorus-Therian, M|33\/100\n|-ability|p1a: Landorus|Intimidate|boost\n|-unboost|p2a: Mewtwo|atk|1\n|move|p2a: Mewtwo|Grass Knot|p1a: Landorus\n|-damage|p1a: Landorus|0 fnt\n|faint|p1a: Landorus\n|\n|-heal|p2a: Mewtwo|53\/100|[from] item: Leftovers\n|upkeep\n|l| ThisSimFuckinSucks\n|\n|t:|1697904349\n|switch|p1a: Miraidon|Miraidon|100\/100\n|-activate|p1a: Miraidon|ability: Hadron Engine\n|turn|9\n|\n|t:|1697904354\n|move|p1a: Miraidon|Volt Switch|p2a: Mewtwo\n|-damage|p2a: Mewtwo|0 fnt\n|faint|p2a: Mewtwo\n|\n|t:|1697904366\n|switch|p1a: Hatterene|Hatterene, F|1\/100|[from] Volt Switch\n|\n|upkeep\n|l| Diet Bepsi\n|\n|t:|1697904394\n|switch|p2a: Koraidon|Koraidon|100\/100\n|-weather|SunnyDay|[from] ability: Orichalcum Pulse|[of] p2a: Koraidon\n|-activate|p2a: Koraidon|Orichalcum Pulse|[source]\n|turn|10\n|c|\u2606iambored123|i really should get rid of urshifu\n|\n|t:|1697904402\n|move|p2a: Koraidon|U-turn|p1a: Hatterene\n|-damage|p1a: Hatterene|0 fnt\n|faint|p1a: Hatterene\n|\n|t:|1697904408\n|switch|p2a: Arceus|Arceus|100\/100|[from] U-turn\n|\n|-weather|SunnyDay|[upkeep]\n|upkeep\n|\n|t:|1697904419\n|switch|p1a: Miraidon|Miraidon|100\/100\n|-activate|p1a: Miraidon|ability: Hadron Engine\n|turn|11\n|\n|t:|1697904426\n|move|p1a: Miraidon|Volt Switch|p2a: Arceus\n|-damage|p2a: Arceus|31\/100\n|\n|t:|1697904430\n|switch|p1a: Ursaluna|Ursaluna-Bloodmoon, M|90\/100|[from] Volt Switch\n|move|p2a: Arceus|Swords Dance|p2a: Arceus\n|-boost|p2a: Arceus|atk|2\n|\n|-weather|SunnyDay|[upkeep]\n|-fieldend|move: Electric Terrain\n|upkeep\n|turn|12\n|\n|t:|1697904435\n|-terastallize|p1a: Ursaluna|Ghost\n|move|p2a: Arceus|Extreme Speed|p1a: Ursaluna\n|-immune|p1a: Ursaluna\n|move|p1a: Ursaluna|Earth Power|p2a: Arceus\n|-damage|p2a: Arceus|0 fnt\n|faint|p2a: Arceus\n|-damage|p1a: Ursaluna|80\/100|[from] item: Life Orb\n|\n|-weather|SunnyDay|[upkeep]\n|upkeep\n|\n|t:|1697904442\n|switch|p2a: Giratina|Giratina-Origin|100\/100\n|turn|13\n|j| Dmon9\n|\n|t:|1697904448\n|switch|p1a: Urshifu|Urshifu-Rapid-Strike, F|100\/100\n|move|p2a: Giratina|Shadow Ball|p1a: Urshifu\n|-damage|p1a: Urshifu|20\/100\n|\n|-weather|SunnyDay|[upkeep]\n|upkeep\n|turn|14\n|\n|t:|1697904458\n|move|p1a: Urshifu|Close Combat|p2a: Giratina\n|-immune|p2a: Giratina\n|move|p2a: Giratina|Shadow Ball|p1a: Urshifu\n|-damage|p1a: Urshifu|0 fnt\n|faint|p1a: Urshifu\n|\n|-weather|none\n|upkeep\n|\n|t:|1697904463\n|switch|p1a: Miraidon|Miraidon|100\/100\n|-fieldstart|move: Electric Terrain|[from] ability: Hadron Engine|[of] p1a: Miraidon\n|turn|15\n|\n|t:|1697904477\n|-terastallize|p2a: Giratina|Steel\n|move|p1a: Miraidon|Draco Meteor|p2a: Giratina|[miss]\n|-miss|p1a: Miraidon|p2a: Giratina\n|move|p2a: Giratina|Dragon Tail|p1a: Miraidon\n|-supereffective|p1a: Miraidon\n|-damage|p1a: Miraidon|42\/100\n|drag|p1a: Ursaluna|Ursaluna-Bloodmoon, M, tera:Ghost|80\/100\n|\n|upkeep\n|turn|16\n|\n|t:|1697904488\n|move|p2a: Giratina|Shadow Ball|p1a: Ursaluna\n|-supereffective|p1a: Ursaluna\n|-damage|p1a: Ursaluna|0 fnt\n|faint|p1a: Ursaluna\n|\n|upkeep\n|\n|t:|1697904491\n|switch|p1a: Calyrex|Calyrex-Ice|100\/100\n|-ability|p1a: Calyrex|As One\n|-ability|p1a: Calyrex|Unnerve\n|turn|17\n|\n|t:|1697904497\n|move|p2a: Giratina|Dragon Tail|p1a: Calyrex\n|-crit|p1a: Calyrex\n|-damage|p1a: Calyrex|76\/100\n|drag|p1a: Miraidon|Miraidon|42\/100\n|-activate|p1a: Miraidon|ability: Hadron Engine\n|\n|upkeep\n|turn|18\n|\n|t:|1697904503\n|move|p1a: Miraidon|Electro Drift|p2a: Giratina\n|-damage|p2a: Giratina|9\/100\n|move|p2a: Giratina|Dragon Tail|p1a: Miraidon\n|-supereffective|p1a: Miraidon\n|-damage|p1a: Miraidon|0 fnt\n|faint|p1a: Miraidon\n|\n|upkeep\n|\n|t:|1697904504\n|switch|p1a: Calyrex|Calyrex-Ice|76\/100\n|-ability|p1a: Calyrex|As One\n|-ability|p1a: Calyrex|Unnerve\n|turn|19\n|\n|t:|1697904508\n|move|p2a: Giratina|Dragon Tail|p1a: Calyrex\n|-damage|p1a: Calyrex|59\/100\n|move|p1a: Calyrex|Trick Room|p1a: Calyrex\n|-fieldstart|move: Trick Room|[of] p1a: Calyrex\n|\n|-fieldend|move: Electric Terrain\n|upkeep\n|turn|20\n|c|\u2606puissance du feu|Fuck\n|c|\u2606puissance du feu|I forgot\n|c|\u2606puissance du feu|Wasnt paying attention\n|l| Dmon9\n|\n|t:|1697904537\n|switch|p2a: Ditto|Ditto|54\/100\n|-transform|p2a: Ditto|p1a: Calyrex|[from] ability: Imposter\n|move|p1a: Calyrex|Close Combat|p2a: Ditto\n|-damage|p2a: Ditto|8\/100\n|-unboost|p1a: Calyrex|def|1\n|-unboost|p1a: Calyrex|spd|1\n|\n|upkeep\n|turn|21\n|j| Dmon9\n|inactive|puissance du feu has 120 seconds left.\n|\n|t:|1697904557\n|switch|p2a: Giratina|Giratina-Origin, tera:Steel|9\/100\n|move|p1a: Calyrex|Glacial Lance|p2a: Giratina\n|-resisted|p2a: Giratina\n|-damage|p2a: Giratina|0 fnt\n|faint|p2a: Giratina\n|-ability|p1a: Calyrex|Chilling Neigh|boost\n|-boost|p1a: Calyrex|atk|1\n|\n|upkeep\n|c|\u2606iambored123|gg\n|\n|t:|1697904564\n|switch|p2a: Ditto|Ditto|8\/100\n|-transform|p2a: Ditto|p1a: Calyrex|[from] ability: Imposter\n|turn|22\n|\n|t:|1697904566\n|move|p1a: Calyrex|Glacial Lance|p2a: Ditto\n|-resisted|p2a: Ditto\n|-damage|p2a: Ditto|0 fnt\n|faint|p2a: Ditto\n|-ability|p1a: Calyrex|Chilling Neigh|boost\n|-boost|p1a: Calyrex|atk|1\n|\n|upkeep\n|\n|t:|1697904567\n|switch|p2a: Koraidon|Koraidon|100\/100\n|-weather|SunnyDay|[from] ability: Orichalcum Pulse|[of] p2a: Koraidon\n|-activate|p2a: Koraidon|Orichalcum Pulse|[source]\n|turn|23\n|\n|t:|1697904569\n|move|p1a: Calyrex|Glacial Lance|p2a: Koraidon\n|-supereffective|p2a: Koraidon\n|-damage|p2a: Koraidon|0 fnt\n|faint|p2a: Koraidon\n|\n|win|iambored123\n|n|\u2606iambored123|iambored123\n|n|\u2606puissance du feu|puissancedufeu\n|n|*Lady Monita \u263d|ladymonita\n|n| BB-8-NU|bb8nu\n|n| Carloos|carloos\n|n| Dmon9|dmon9\n|l|*Lady Monita \u263d\n|l|\u2606puissance du feu\n|l| BB-8-NU\n|l|\u2606iambored123\n","uploadtime":1697904586,"views":11,"p1id":"iambored123","p2id":"puissancedufeu","formatid":"gen9ubers","rating":0,"private":0,"password":""}