{"id":"gen9ubers-1978972954","p1":"hatev2","p2":"Lass Starling","format":"[Gen 9] Ubers","log":"|j|\u2606hatev2\n|j|\u2606Lass Starling\n|t:|1698616313\n|gametype|singles\n|player|p1|hatev2|hiker-gen4|\n|player|p2|Lass Starling|lass-gen4dp|\n|teamsize|p1|6\n|teamsize|p2|6\n|gen|9\n|tier|[Gen 9] Ubers\n|rule|Sleep Clause Mod: Limit one foe put to sleep\n|rule|Species Clause: Limit one of each Pok\u00e9mon\n|rule|OHKO Clause: OHKO moves are banned\n|rule|Evasion Items Clause: Evasion items are banned\n|rule|Evasion Moves Clause: Evasion moves are banned\n|rule|Endless Battle Clause: Forcing endless battles is banned\n|rule|HP Percentage Mod: HP is shown in percentages\n|clearpoke\n|poke|p1|Iron Treads|\n|poke|p1|Enamorus, F|\n|poke|p1|Dragapult, F|\n|poke|p1|Glaceon, F|\n|poke|p1|Zarude|\n|poke|p1|Toxapex, F|\n|poke|p2|Electrode-Hisui|\n|poke|p2|Iron Valiant|\n|poke|p2|Tyranitar, F|\n|poke|p2|Mandibuzz, F|\n|poke|p2|Volcanion|\n|poke|p2|Ditto|\n|teampreview\n|c|\u2606Lass Starling|yahop\n|j| SunShinyReys\n|c| SunShinyReys|ya-ho\n|c|\u2606hatev2|gl hf\n|j| justinrockin\n|c|\u2606Lass Starling|u2u2\n|j| ThatGuyAltro\n|\n|t:|1698616446\n|start\n|switch|p1a: BWAAAAMP|Toxapex, F|100\/100\n|switch|p2a: VolcaniOneeChan|Volcanion|100\/100\n|turn|1\n|\n|t:|1698616457\n|move|p2a: VolcaniOneeChan|Earth Power|p1a: BWAAAAMP\n|-supereffective|p1a: BWAAAAMP\n|-damage|p1a: BWAAAAMP|45\/100\n|move|p1a: BWAAAAMP|Toxic|p2a: VolcaniOneeChan\n|-status|p2a: VolcaniOneeChan|tox\n|\n|-heal|p1a: BWAAAAMP|51\/100|[from] item: Black Sludge\n|-damage|p2a: VolcaniOneeChan|94\/100 tox|[from] psn\n|upkeep\n|turn|2\n|\n|t:|1698616466\n|move|p1a: BWAAAAMP|Baneful Bunker|p1a: BWAAAAMP\n|-singleturn|p1a: BWAAAAMP|move: Protect\n|move|p2a: VolcaniOneeChan|Earth Power|p1a: BWAAAAMP\n|-activate|p1a: BWAAAAMP|move: Protect\n|\n|-heal|p1a: BWAAAAMP|58\/100|[from] item: Black Sludge\n|-damage|p2a: VolcaniOneeChan|82\/100 tox|[from] psn\n|upkeep\n|turn|3\n|\n|t:|1698616473\n|switch|p1a: hissss imma snake|Enamorus, F|100\/100\n|move|p2a: VolcaniOneeChan|Earth Power|p1a: hissss imma snake\n|-immune|p1a: hissss imma snake\n|\n|-damage|p2a: VolcaniOneeChan|64\/100 tox|[from] psn\n|upkeep\n|turn|4\n|\n|t:|1698616525\n|switch|p1a: BWAAAAMP|Toxapex, F|91\/100\n|move|p2a: VolcaniOneeChan|Steam Eruption|p1a: BWAAAAMP\n|-resisted|p1a: BWAAAAMP\n|-damage|p1a: BWAAAAMP|67\/100\n|\n|-heal|p1a: BWAAAAMP|74\/100|[from] item: Black Sludge\n|-damage|p2a: VolcaniOneeChan|40\/100 tox|[from] psn\n|upkeep\n|turn|5\n|\n|t:|1698616544\n|move|p1a: BWAAAAMP|Baneful Bunker|p1a: BWAAAAMP\n|-singleturn|p1a: BWAAAAMP|move: Protect\n|move|p2a: VolcaniOneeChan|Steam Eruption|p1a: BWAAAAMP\n|-activate|p1a: BWAAAAMP|move: Protect\n|\n|-heal|p1a: BWAAAAMP|80\/100|[from] item: Black Sludge\n|-damage|p2a: VolcaniOneeChan|10\/100 tox|[from] psn\n|upkeep\n|turn|6\n|\n|t:|1698616559\n|move|p2a: VolcaniOneeChan|Steam Eruption|p1a: BWAAAAMP\n|-resisted|p1a: BWAAAAMP\n|-damage|p1a: BWAAAAMP|55\/100\n|move|p1a: BWAAAAMP|Recover|p1a: BWAAAAMP\n|-heal|p1a: BWAAAAMP|100\/100\n|\n|-damage|p2a: VolcaniOneeChan|0 fnt|[from] psn\n|faint|p2a: VolcaniOneeChan\n|upkeep\n|\n|t:|1698616576\n|switch|p2a: Bombina|Electrode-Hisui, shiny|100\/100\n|turn|7\n|\n|t:|1698616581\n|move|p1a: BWAAAAMP|Baneful Bunker|p1a: BWAAAAMP\n|-singleturn|p1a: BWAAAAMP|move: Protect\n|move|p2a: Bombina|Volt Switch|p1a: BWAAAAMP\n|-activate|p1a: BWAAAAMP|move: Protect\n|\n|upkeep\n|turn|8\n|\n|t:|1698616626\n|switch|p1a: Skrrrrrrt|Iron Treads|100\/100\n|move|p2a: Bombina|Volt Switch|p1a: Skrrrrrrt\n|-immune|p1a: Skrrrrrrt\n|\n|upkeep\n|turn|9\n|\n|t:|1698616656\n|move|p2a: Bombina|Leaf Storm|p1a: Skrrrrrrt\n|-crit|p1a: Skrrrrrrt\n|-damage|p1a: Skrrrrrrt|4\/100\n|-unboost|p2a: Bombina|spa|2\n|move|p1a: Skrrrrrrt|Rapid Spin|p2a: Bombina\n|-damage|p2a: Bombina|72\/100\n|-boost|p1a: Skrrrrrrt|spe|1\n|\n|-heal|p1a: Skrrrrrrt|10\/100|[from] item: Leftovers\n|upkeep\n|turn|10\n|\n|t:|1698616687\n|switch|p2a: Mandy|Mandibuzz, F|100\/100\n|move|p1a: Skrrrrrrt|Earthquake|p2a: Mandy\n|-immune|p2a: Mandy\n|\n|-heal|p1a: Skrrrrrrt|16\/100|[from] item: Leftovers\n|upkeep\n|turn|11\n|\n|t:|1698616694\n|move|p1a: Skrrrrrrt|Volt Switch|p2a: Mandy\n|-supereffective|p2a: Mandy\n|-damage|p2a: Mandy|84\/100\n|\n|t:|1698616764\n|-end|p1a: Skrrrrrrt|Quark Drive|[silent]\n|switch|p1a: BWAAAAMP|Toxapex, F|100\/100|[from] Volt Switch\n|move|p2a: Mandy|Knock Off|p1a: BWAAAAMP\n|-damage|p1a: BWAAAAMP|85\/100\n|-enditem|p1a: BWAAAAMP|Black Sludge|[from] move: Knock Off|[of] p2a: Mandy\n|\n|-heal|p2a: Mandy|90\/100|[from] item: Leftovers\n|upkeep\n|turn|12\n|\n|t:|1698616838\n|move|p2a: Mandy|U-turn|p1a: BWAAAAMP\n|-resisted|p1a: BWAAAAMP\n|-damage|p1a: BWAAAAMP|82\/100\n|\n|t:|1698616852\n|switch|p2a: Tara Croft|Tyranitar, F, shiny|100\/100|[from] U-turn\n|-weather|Sandstorm|[from] ability: Sand Stream|[of] p2a: Tara Croft\n|move|p1a: BWAAAAMP|Toxic|p2a: Tara Croft\n|-status|p2a: Tara Croft|tox\n|\n|-weather|Sandstorm|[upkeep]\n|-damage|p1a: BWAAAAMP|75\/100|[from] Sandstorm\n|-damage|p2a: Tara Croft|94\/100 tox|[from] psn\n|upkeep\n|turn|13\n|\n|t:|1698616866\n|move|p1a: BWAAAAMP|Baneful Bunker|p1a: BWAAAAMP\n|-singleturn|p1a: BWAAAAMP|move: Protect\n|move|p2a: Tara Croft|Earthquake|p1a: BWAAAAMP\n|-activate|p1a: BWAAAAMP|move: Protect\n|\n|-weather|Sandstorm|[upkeep]\n|-damage|p1a: BWAAAAMP|69\/100|[from] Sandstorm\n|-damage|p2a: Tara Croft|82\/100 tox|[from] psn\n|upkeep\n|turn|14\n|\n|t:|1698616901\n|switch|p2a: Mandy|Mandibuzz, F|90\/100\n|switch|p1a: Zadude|Zarude|100\/100\n|\n|-weather|Sandstorm|[upkeep]\n|-damage|p1a: Zadude|95\/100|[from] Sandstorm\n|-heal|p2a: Mandy|96\/100|[from] item: Leftovers\n|upkeep\n|turn|15\n|\n|t:|1698616938\n|move|p1a: Zadude|U-turn|p2a: Mandy\n|-damage|p2a: Mandy|73\/100\n|\n|t:|1698616953\n|switch|p1a: BWAAAAMP|Toxapex, F|100\/100|[from] U-turn\n|move|p2a: Mandy|U-turn|p1a: BWAAAAMP\n|-resisted|p1a: BWAAAAMP\n|-crit|p1a: BWAAAAMP\n|-damage|p1a: BWAAAAMP|95\/100\n|\n|t:|1698616984\n|switch|p2a: Bombina|Electrode-Hisui, shiny|72\/100|[from] U-turn\n|\n|-weather|Sandstorm|[upkeep]\n|-damage|p2a: Bombina|65\/100|[from] Sandstorm\n|-damage|p1a: BWAAAAMP|89\/100|[from] Sandstorm\n|upkeep\n|turn|16\n|\n|t:|1698616996\n|move|p1a: BWAAAAMP|Baneful Bunker|p1a: BWAAAAMP\n|-singleturn|p1a: BWAAAAMP|move: Protect\n|move|p2a: Bombina|Volt Switch|p1a: BWAAAAMP\n|-activate|p1a: BWAAAAMP|move: Protect\n|\n|-weather|none\n|upkeep\n|turn|17\n|\n|t:|1698617004\n|switch|p1a: Skrrrrrrt|Iron Treads|16\/100\n|move|p2a: Bombina|Leaf Storm|p1a: Skrrrrrrt\n|-damage|p1a: Skrrrrrrt|0 fnt\n|-unboost|p2a: Bombina|spa|2\n|faint|p1a: Skrrrrrrt\n|-end|p1a: Skrrrrrrt|Quark Drive|[silent]\n|\n|upkeep\n|\n|t:|1698617020\n|switch|p1a: Zadude|Zarude|95\/100\n|turn|18\n|j| Superison\n|\n|t:|1698617048\n|-terastallize|p2a: Bombina|Ice\n|move|p2a: Bombina|Tera Blast|p1a: Zadude|[anim] Tera Blast Ice\n|-supereffective|p1a: Zadude\n|-damage|p1a: Zadude|53\/100\n|move|p1a: Zadude|Close Combat|p2a: Bombina\n|-supereffective|p2a: Bombina\n|-damage|p2a: Bombina|0 fnt\n|-unboost|p1a: Zadude|def|1\n|-unboost|p1a: Zadude|spd|1\n|faint|p2a: Bombina\n|\n|upkeep\n|\n|t:|1698617066\n|switch|p2a: Valerie|Iron Valiant, shiny|100\/100\n|turn|19\n|\n|t:|1698617076\n|switch|p1a: BWAAAAMP|Toxapex, F|100\/100\n|move|p2a: Valerie|Fire Punch|p1a: BWAAAAMP\n|-resisted|p1a: BWAAAAMP\n|-damage|p1a: BWAAAAMP|92\/100\n|-status|p1a: BWAAAAMP|brn\n|\n|-damage|p1a: BWAAAAMP|86\/100 brn|[from] brn\n|upkeep\n|turn|20\n|\n|t:|1698617084\n|-end|p2a: Valerie|Quark Drive|[silent]\n|switch|p2a: Tara Croft|Tyranitar, F, shiny|82\/100 tox\n|-weather|Sandstorm|[from] ability: Sand Stream|[of] p2a: Tara Croft\n|move|p1a: BWAAAAMP|Toxic|p2a: Tara Croft\n|-fail|p2a: Tara Croft|tox\n|\n|-weather|Sandstorm|[upkeep]\n|-damage|p1a: BWAAAAMP|80\/100 brn|[from] Sandstorm\n|-damage|p2a: Tara Croft|76\/100 tox|[from] psn\n|-damage|p1a: BWAAAAMP|74\/100 brn|[from] brn\n|upkeep\n|turn|21\n|\n|t:|1698617102\n|move|p1a: BWAAAAMP|Baneful Bunker|p1a: BWAAAAMP\n|-singleturn|p1a: BWAAAAMP|move: Protect\n|move|p2a: Tara Croft|Stone Edge|p1a: BWAAAAMP\n|-activate|p1a: BWAAAAMP|move: Protect\n|\n|-weather|Sandstorm|[upkeep]\n|-damage|p1a: BWAAAAMP|67\/100 brn|[from] Sandstorm\n|-damage|p2a: Tara Croft|63\/100 tox|[from] psn\n|-damage|p1a: BWAAAAMP|61\/100 brn|[from] brn\n|upkeep\n|turn|22\n|\n|t:|1698617112\n|switch|p1a: Zadude|Zarude|53\/100\n|move|p2a: Tara Croft|Stone Edge|p1a: Zadude\n|-damage|p1a: Zadude|0 fnt\n|faint|p1a: Zadude\n|\n|-weather|Sandstorm|[upkeep]\n|-damage|p2a: Tara Croft|45\/100 tox|[from] psn\n|upkeep\n|\n|t:|1698617160\n|switch|p1a: hissss imma snake|Enamorus, F|100\/100\n|turn|23\n|\n|t:|1698617206\n|move|p1a: hissss imma snake|Moonblast|p2a: Tara Croft\n|-supereffective|p2a: Tara Croft\n|-damage|p2a: Tara Croft|0 fnt\n|faint|p2a: Tara Croft\n|\n|-weather|Sandstorm|[upkeep]\n|-damage|p1a: hissss imma snake|94\/100|[from] Sandstorm\n|upkeep\n|\n|t:|1698617214\n|switch|p2a: Shitto|Ditto, shiny|100\/100\n|-transform|p2a: Shitto|p1a: hissss imma snake|[from] ability: Imposter\n|turn|24\n|\n|t:|1698617240\n|switch|p1a: Chilly McFreeze|Glaceon, F|100\/100\n|move|p2a: Shitto|Moonblast|p1a: Chilly McFreeze\n|-damage|p1a: Chilly McFreeze|48\/100\n|\n|-weather|none\n|upkeep\n|turn|25\n|\n|t:|1698617257\n|switch|p1a: BWAAAAMP|Toxapex, F|94\/100 brn\n|move|p2a: Shitto|Moonblast|p1a: BWAAAAMP\n|-resisted|p1a: BWAAAAMP\n|-damage|p1a: BWAAAAMP|75\/100 brn\n|\n|-damage|p1a: BWAAAAMP|69\/100 brn|[from] brn\n|upkeep\n|turn|26\n|\n|t:|1698617266\n|switch|p2a: Mandy|Mandibuzz, F|73\/100\n|move|p1a: BWAAAAMP|Toxic|p2a: Mandy\n|-status|p2a: Mandy|tox\n|\n|-heal|p2a: Mandy|80\/100 tox|[from] item: Leftovers\n|-damage|p2a: Mandy|73\/100 tox|[from] psn\n|-damage|p1a: BWAAAAMP|62\/100 brn|[from] brn\n|upkeep\n|turn|27\n|\n|t:|1698617282\n|move|p2a: Mandy|U-turn|p1a: BWAAAAMP\n|-resisted|p1a: BWAAAAMP\n|-damage|p1a: BWAAAAMP|59\/100 brn\n|\n|t:|1698617288\n|switch|p2a: Shitto|Ditto, shiny|100\/100|[from] U-turn\n|-transform|p2a: Shitto|p1a: BWAAAAMP|[from] ability: Imposter\n|move|p1a: BWAAAAMP|Recover|p1a: BWAAAAMP\n|-heal|p1a: BWAAAAMP|100\/100 brn\n|\n|-damage|p1a: BWAAAAMP|94\/100 brn|[from] brn\n|upkeep\n|turn|28\n|\n|t:|1698617333\n|switch|p2a: Mandy|Mandibuzz, F|73\/100 tox\n|switch|p1a: Chilly McFreeze|Glaceon, F|48\/100\n|\n|-heal|p2a: Mandy|80\/100 tox|[from] item: Leftovers\n|-damage|p2a: Mandy|73\/100 tox|[from] psn\n|upkeep\n|turn|29\n|\n|t:|1698617358\n|switch|p1a: BWAAAAMP|Toxapex, F|100\/100 brn\n|move|p2a: Mandy|U-turn|p1a: BWAAAAMP\n|-resisted|p1a: BWAAAAMP\n|-damage|p1a: BWAAAAMP|97\/100 brn\n|\n|t:|1698617363\n|switch|p2a: Shitto|Ditto, shiny|100\/100|[from] U-turn\n|-transform|p2a: Shitto|p1a: BWAAAAMP|[from] ability: Imposter\n|\n|-damage|p1a: BWAAAAMP|91\/100 brn|[from] brn\n|upkeep\n|turn|30\n|\n|t:|1698617425\n|move|p1a: BWAAAAMP|Baneful Bunker|p1a: BWAAAAMP\n|-singleturn|p1a: BWAAAAMP|move: Protect\n|move|p2a: Shitto|Toxic|p1a: BWAAAAMP\n|-activate|p1a: BWAAAAMP|move: Protect\n|\n|-damage|p1a: BWAAAAMP|84\/100 brn|[from] brn\n|upkeep\n|turn|31\n|\n|t:|1698617441\n|move|p2a: Shitto|Toxic||[still]\n|-fail|p2a: Shitto\n|move|p1a: BWAAAAMP|Liquidation|p2a: Shitto\n|-resisted|p2a: Shitto\n|-damage|p2a: Shitto|97\/100\n|\n|-damage|p1a: BWAAAAMP|78\/100 brn|[from] brn\n|upkeep\n|turn|32\n|\n|t:|1698617546\n|move|p2a: Shitto|Toxic||[still]\n|-fail|p2a: Shitto\n|move|p1a: BWAAAAMP|Liquidation|p2a: Shitto\n|-resisted|p2a: Shitto\n|-damage|p2a: Shitto|94\/100\n|\n|-damage|p1a: BWAAAAMP|72\/100 brn|[from] brn\n|upkeep\n|turn|33\n|\n|t:|1698617553\n|move|p2a: Shitto|Toxic||[still]\n|-fail|p2a: Shitto\n|move|p1a: BWAAAAMP|Liquidation|p2a: Shitto\n|-resisted|p2a: Shitto\n|-damage|p2a: Shitto|91\/100\n|\n|-damage|p1a: BWAAAAMP|66\/100 brn|[from] brn\n|upkeep\n|turn|34\n|\n|t:|1698617561\n|move|p2a: Shitto|Toxic||[still]\n|-fail|p2a: Shitto\n|move|p1a: BWAAAAMP|Liquidation|p2a: Shitto\n|-resisted|p2a: Shitto\n|-damage|p2a: Shitto|88\/100\n|\n|-damage|p1a: BWAAAAMP|59\/100 brn|[from] brn\n|upkeep\n|turn|35\n|\n|t:|1698617608\n|-activate|p2a: Shitto|move: Struggle\n|move|p2a: Shitto|Struggle|p1a: BWAAAAMP\n|-damage|p1a: BWAAAAMP|54\/100 brn\n|-damage|p2a: Shitto|63\/100|[from] recoil\n|move|p1a: BWAAAAMP|Recover|p1a: BWAAAAMP\n|-heal|p1a: BWAAAAMP|100\/100 brn\n|\n|-damage|p1a: BWAAAAMP|94\/100 brn|[from] brn\n|upkeep\n|turn|36\n|\n|t:|1698617620\n|switch|p2a: Mandy|Mandibuzz, F|73\/100 tox\n|move|p1a: BWAAAAMP|Baneful Bunker||[still]\n|-fail|p1a: BWAAAAMP\n|\n|-heal|p2a: Mandy|80\/100 tox|[from] item: Leftovers\n|-damage|p2a: Mandy|73\/100 tox|[from] psn\n|-damage|p1a: BWAAAAMP|88\/100 brn|[from] brn\n|upkeep\n|turn|37\n|\n|t:|1698617635\n|move|p2a: Mandy|U-turn|p1a: BWAAAAMP\n|-resisted|p1a: BWAAAAMP\n|-damage|p1a: BWAAAAMP|84\/100 brn\n|\n|t:|1698617638\n|switch|p2a: Shitto|Ditto, shiny|97\/100|[from] U-turn\n|-transform|p2a: Shitto|p1a: BWAAAAMP|[from] ability: Imposter\n|move|p1a: BWAAAAMP|Liquidation|p2a: Shitto\n|-resisted|p2a: Shitto\n|-damage|p2a: Shitto|93\/100\n|\n|-damage|p1a: BWAAAAMP|78\/100 brn|[from] brn\n|upkeep\n|turn|38\n|\n|t:|1698617656\n|move|p2a: Shitto|Liquidation|p1a: BWAAAAMP\n|-resisted|p1a: BWAAAAMP\n|-damage|p1a: BWAAAAMP|72\/100 brn\n|-unboost|p1a: BWAAAAMP|def|1\n|move|p1a: BWAAAAMP|Liquidation|p2a: Shitto\n|-resisted|p2a: Shitto\n|-damage|p2a: Shitto|90\/100\n|\n|-damage|p1a: BWAAAAMP|66\/100 brn|[from] brn\n|upkeep\n|turn|39\n|\n|t:|1698617667\n|move|p1a: BWAAAAMP|Baneful Bunker|p1a: BWAAAAMP\n|-singleturn|p1a: BWAAAAMP|move: Protect\n|move|p2a: Shitto|Liquidation|p1a: BWAAAAMP\n|-activate|p1a: BWAAAAMP|move: Protect\n|\n|-damage|p1a: BWAAAAMP|60\/100 brn|[from] brn\n|upkeep\n|turn|40\n|\n|t:|1698617676\n|switch|p1a: AC-130|Dragapult, F|100\/100\n|move|p2a: Shitto|Liquidation|p1a: AC-130\n|-resisted|p1a: AC-130\n|-damage|p1a: AC-130|87\/100\n|\n|upkeep\n|turn|41\n|\n|t:|1698617684\n|switch|p2a: Mandy|Mandibuzz, F|73\/100 tox\n|move|p1a: AC-130|Thunderbolt|p2a: Mandy\n|-supereffective|p2a: Mandy\n|-damage|p2a: Mandy|37\/100 tox\n|\n|-heal|p2a: Mandy|43\/100 tox|[from] item: Leftovers\n|-damage|p2a: Mandy|37\/100 tox|[from] psn\n|upkeep\n|turn|42\n|\n|t:|1698617693\n|move|p1a: AC-130|Thunderbolt|p2a: Mandy\n|-supereffective|p2a: Mandy\n|-damage|p2a: Mandy|0 fnt\n|faint|p2a: Mandy\n|\n|upkeep\n|\n|t:|1698617700\n|switch|p2a: Shitto|Ditto, shiny|100\/100\n|-transform|p2a: Shitto|p1a: AC-130|[from] ability: Imposter\n|turn|43\n|j| xegrizzy\n|\n|t:|1698617766\n|switch|p1a: BWAAAAMP|Toxapex, F|93\/100 brn\n|move|p2a: Shitto|Shadow Ball|p1a: BWAAAAMP\n|-damage|p1a: BWAAAAMP|66\/100 brn\n|\n|-damage|p1a: BWAAAAMP|60\/100 brn|[from] brn\n|upkeep\n|turn|44\n|\n|t:|1698617776\n|switch|p2a: Valerie|Iron Valiant, shiny|100\/100\n|move|p1a: BWAAAAMP|Recover|p1a: BWAAAAMP\n|-heal|p1a: BWAAAAMP|100\/100 brn\n|\n|-damage|p1a: BWAAAAMP|94\/100 brn|[from] brn\n|upkeep\n|turn|45\n|\n|t:|1698617783\n|-end|p2a: Valerie|Quark Drive|[silent]\n|switch|p2a: Shitto|Ditto, shiny|100\/100\n|-transform|p2a: Shitto|p1a: BWAAAAMP|[from] ability: Imposter\n|move|p1a: BWAAAAMP|Baneful Bunker||[still]\n|-fail|p1a: BWAAAAMP\n|\n|-damage|p1a: BWAAAAMP|88\/100 brn|[from] brn\n|upkeep\n|turn|46\n|c|\u2606Lass Starling|I cannot wait\n|c|\u2606Lass Starling|for Zach to have to watch this shit\n|l| ThatGuyAltro\n|c|\u2606hatev2|LOL\n|\n|t:|1698617804\n|move|p1a: BWAAAAMP|Baneful Bunker|p1a: BWAAAAMP\n|-singleturn|p1a: BWAAAAMP|move: Protect\n|move|p2a: Shitto|Toxic|p1a: BWAAAAMP\n|-activate|p1a: BWAAAAMP|move: Protect\n|\n|-damage|p1a: BWAAAAMP|82\/100 brn|[from] brn\n|upkeep\n|turn|47\n|\n|t:|1698617812\n|move|p2a: Shitto|Toxic||[still]\n|-fail|p2a: Shitto\n|move|p1a: BWAAAAMP|Liquidation|p2a: Shitto\n|-resisted|p2a: Shitto\n|-damage|p2a: Shitto|98\/100\n|\n|-damage|p1a: BWAAAAMP|75\/100 brn|[from] brn\n|upkeep\n|turn|48\n|\n|t:|1698617819\n|move|p2a: Shitto|Toxic||[still]\n|-fail|p2a: Shitto\n|move|p1a: BWAAAAMP|Liquidation|p2a: Shitto\n|-resisted|p2a: Shitto\n|-damage|p2a: Shitto|94\/100\n|\n|-damage|p1a: BWAAAAMP|69\/100 brn|[from] brn\n|upkeep\n|turn|49\n|\n|t:|1698617829\n|switch|p1a: AC-130|Dragapult, F|87\/100\n|move|p2a: Shitto|Toxic|p1a: AC-130\n|-status|p1a: AC-130|tox\n|\n|-damage|p1a: AC-130|81\/100 tox|[from] psn\n|upkeep\n|turn|50\n|l| xegrizzy\n|\n|t:|1698617878\n|switch|p2a: Valerie|Iron Valiant, shiny|100\/100\n|move|p1a: AC-130|Thunderbolt|p2a: Valerie\n|-damage|p2a: Valerie|58\/100\n|\n|-damage|p1a: AC-130|69\/100 tox|[from] psn\n|upkeep\n|turn|51\n|\n|t:|1698617964\n|switch|p1a: BWAAAAMP|Toxapex, F|100\/100 brn\n|move|p2a: Valerie|Shadow Sneak|p1a: BWAAAAMP\n|-damage|p1a: BWAAAAMP|92\/100 brn\n|\n|-damage|p1a: BWAAAAMP|85\/100 brn|[from] brn\n|upkeep\n|turn|52\n|\n|t:|1698618010\n|-end|p2a: Valerie|Quark Drive|[silent]\n|switch|p2a: Shitto|Ditto, shiny|100\/100\n|-transform|p2a: Shitto|p1a: BWAAAAMP|[from] ability: Imposter\n|move|p1a: BWAAAAMP|Baneful Bunker||[still]\n|-fail|p1a: BWAAAAMP\n|\n|-damage|p1a: BWAAAAMP|79\/100 brn|[from] brn\n|upkeep\n|turn|53\n|\n|t:|1698618027\n|switch|p1a: AC-130|Dragapult, F|69\/100 tox\n|move|p2a: Shitto|Liquidation|p1a: AC-130\n|-resisted|p1a: AC-130\n|-damage|p1a: AC-130|56\/100 tox\n|\n|-damage|p1a: AC-130|50\/100 tox|[from] psn\n|upkeep\n|turn|54\n|\n|t:|1698618036\n|switch|p2a: Valerie|Iron Valiant, shiny|58\/100\n|move|p1a: AC-130|Thunderbolt|p2a: Valerie\n|-damage|p2a: Valerie|15\/100\n|-status|p2a: Valerie|par\n|\n|-damage|p1a: AC-130|38\/100 tox|[from] psn\n|upkeep\n|turn|55\n|\n|t:|1698618060\n|-end|p2a: Valerie|Quark Drive|[silent]\n|switch|p2a: Shitto|Ditto, shiny|100\/100\n|-transform|p2a: Shitto|p1a: AC-130|[from] ability: Imposter\n|move|p1a: AC-130|Thunderbolt|p2a: Shitto\n|-resisted|p2a: Shitto\n|-damage|p2a: Shitto|80\/100\n|\n|-damage|p1a: AC-130|20\/100 tox|[from] psn\n|upkeep\n|turn|56\n|\n|t:|1698618088\n|switch|p1a: BWAAAAMP|Toxapex, F|100\/100 brn\n|move|p2a: Shitto|Thunderbolt|p1a: BWAAAAMP\n|-supereffective|p1a: BWAAAAMP\n|-damage|p1a: BWAAAAMP|57\/100 brn\n|\n|-damage|p1a: BWAAAAMP|51\/100 brn|[from] brn\n|upkeep\n|turn|57\n|\n|t:|1698618098\n|move|p2a: Shitto|Thunderbolt|p1a: BWAAAAMP\n|-supereffective|p1a: BWAAAAMP\n|-damage|p1a: BWAAAAMP|9\/100 brn\n|move|p1a: BWAAAAMP|Recover|p1a: BWAAAAMP\n|-heal|p1a: BWAAAAMP|59\/100 brn\n|\n|-damage|p1a: BWAAAAMP|53\/100 brn|[from] brn\n|upkeep\n|turn|58\n|\n|t:|1698618105\n|move|p1a: BWAAAAMP|Baneful Bunker|p1a: BWAAAAMP\n|-singleturn|p1a: BWAAAAMP|move: Protect\n|move|p2a: Shitto|Thunderbolt|p1a: BWAAAAMP\n|-activate|p1a: BWAAAAMP|move: Protect\n|\n|-damage|p1a: BWAAAAMP|47\/100 brn|[from] brn\n|upkeep\n|turn|59\n|\n|t:|1698618119\n|switch|p1a: AC-130|Dragapult, F|20\/100 tox\n|move|p2a: Shitto|Thunderbolt|p1a: AC-130\n|-resisted|p1a: AC-130\n|-damage|p1a: AC-130|1\/100 tox\n|\n|-damage|p1a: AC-130|0 fnt|[from] psn\n|faint|p1a: AC-130\n|upkeep\n|\n|t:|1698618139\n|switch|p1a: BWAAAAMP|Toxapex, F|80\/100 brn\n|turn|60\n|\n|t:|1698618143\n|move|p1a: BWAAAAMP|Baneful Bunker|p1a: BWAAAAMP\n|-singleturn|p1a: BWAAAAMP|move: Protect\n|move|p2a: Shitto|Thunderbolt|p1a: BWAAAAMP\n|-activate|p1a: BWAAAAMP|move: Protect\n|\n|-damage|p1a: BWAAAAMP|74\/100 brn|[from] brn\n|upkeep\n|turn|61\n|\n|t:|1698618177\n|switch|p2a: Valerie|Iron Valiant, shiny|15\/100 par\n|move|p1a: BWAAAAMP|Liquidation|p2a: Valerie\n|-damage|p2a: Valerie|4\/100 par\n|\n|-damage|p1a: BWAAAAMP|68\/100 brn|[from] brn\n|upkeep\n|turn|62\n|\n|t:|1698618189\n|-end|p2a: Valerie|Quark Drive|[silent]\n|switch|p2a: Shitto|Ditto, shiny|80\/100\n|-transform|p2a: Shitto|p1a: BWAAAAMP|[from] ability: Imposter\n|move|p1a: BWAAAAMP|Liquidation|p2a: Shitto\n|-resisted|p2a: Shitto\n|-damage|p2a: Shitto|77\/100\n|-unboost|p2a: Shitto|def|1\n|\n|-damage|p1a: BWAAAAMP|61\/100 brn|[from] brn\n|upkeep\n|turn|63\n|\n|t:|1698618207\n|move|p2a: Shitto|Liquidation|p1a: BWAAAAMP\n|-resisted|p1a: BWAAAAMP\n|-damage|p1a: BWAAAAMP|55\/100 brn\n|move|p1a: BWAAAAMP|Toxic|p2a: Shitto\n|-immune|p2a: Shitto\n|\n|-damage|p1a: BWAAAAMP|49\/100 brn|[from] brn\n|upkeep\n|turn|64\n|\n|t:|1698618240\n|switch|p1a: Chilly McFreeze|Glaceon, F|48\/100\n|move|p2a: Shitto|Liquidation|p1a: Chilly McFreeze\n|-damage|p1a: Chilly McFreeze|29\/100\n|\n|upkeep\n|turn|65\n|\n|t:|1698618256\n|switch|p2a: Valerie|Iron Valiant, shiny|4\/100 par\n|move|p1a: Chilly McFreeze|Freeze-Dry|p2a: Valerie\n|-damage|p2a: Valerie|0 fnt\n|faint|p2a: Valerie\n|-end|p2a: Valerie|Quark Drive|[silent]\n|\n|upkeep\n|\n|t:|1698618262\n|switch|p2a: Shitto|Ditto, shiny|100\/100\n|-transform|p2a: Shitto|p1a: Chilly McFreeze|[from] ability: Imposter\n|turn|66\n|\n|t:|1698618294\n|move|p2a: Shitto|Freeze-Dry|p1a: Chilly McFreeze\n|-resisted|p1a: Chilly McFreeze\n|-damage|p1a: Chilly McFreeze|7\/100\n|move|p1a: Chilly McFreeze|Freeze-Dry|p2a: Shitto\n|-resisted|p2a: Shitto\n|-damage|p2a: Shitto|68\/100\n|\n|upkeep\n|turn|67\n|\n|t:|1698618310\n|move|p2a: Shitto|Freeze-Dry|p1a: Chilly McFreeze\n|-resisted|p1a: Chilly McFreeze\n|-damage|p1a: Chilly McFreeze|0 fnt\n|faint|p1a: Chilly McFreeze\n|\n|upkeep\n|\n|t:|1698618315\n|switch|p1a: BWAAAAMP|Toxapex, F|82\/100 brn\n|turn|68\n|\n|t:|1698618320\n|move|p1a: BWAAAAMP|Baneful Bunker|p1a: BWAAAAMP\n|-singleturn|p1a: BWAAAAMP|move: Protect\n|move|p2a: Shitto|Freeze-Dry|p1a: BWAAAAMP\n|-activate|p1a: BWAAAAMP|move: Protect\n|\n|-damage|p1a: BWAAAAMP|76\/100 brn|[from] brn\n|upkeep\n|turn|69\n|\n|t:|1698618337\n|switch|p1a: hissss imma snake|Enamorus, F|94\/100\n|move|p2a: Shitto|Freeze-Dry|p1a: hissss imma snake\n|-supereffective|p1a: hissss imma snake\n|-damage|p1a: hissss imma snake|0 fnt\n|faint|p1a: hissss imma snake\n|\n|upkeep\n|\n|t:|1698618339\n|switch|p1a: BWAAAAMP|Toxapex, F|100\/100 brn\n|turn|70\n|\n|t:|1698618346\n|move|p1a: BWAAAAMP|Baneful Bunker|p1a: BWAAAAMP\n|-singleturn|p1a: BWAAAAMP|move: Protect\n|move|p2a: Shitto|Freeze-Dry|p1a: BWAAAAMP\n|-activate|p1a: BWAAAAMP|move: Protect\n|\n|-damage|p1a: BWAAAAMP|94\/100 brn|[from] brn\n|upkeep\n|turn|71\n|\n|t:|1698618354\n|-activate|p2a: Shitto|move: Struggle\n|move|p2a: Shitto|Struggle|p1a: BWAAAAMP\n|-crit|p1a: BWAAAAMP\n|-damage|p1a: BWAAAAMP|89\/100 brn\n|-damage|p2a: Shitto|43\/100|[from] recoil\n|move|p1a: BWAAAAMP|Toxic|p2a: Shitto\n|-status|p2a: Shitto|tox\n|\n|-damage|p2a: Shitto|37\/100 tox|[from] psn\n|-damage|p1a: BWAAAAMP|83\/100 brn|[from] brn\n|upkeep\n|turn|72\n|c|\u2606Lass Starling|just\n|c|\u2606Lass Starling|kill me\n|c|\u2606Lass Starling|please\n|\n|t:|1698618365\n|-activate|p2a: Shitto|move: Struggle\n|move|p2a: Shitto|Struggle|p1a: BWAAAAMP\n|-damage|p1a: BWAAAAMP|79\/100 brn\n|-damage|p2a: Shitto|12\/100 tox|[from] recoil\n|move|p1a: BWAAAAMP|Liquidation|p2a: Shitto\n|-damage|p2a: Shitto|2\/100 tox\n|-unboost|p2a: Shitto|def|1\n|\n|-damage|p2a: Shitto|0 fnt|[from] psn\n|faint|p2a: Shitto\n|\n|win|hatev2\n|upkeep\n|c|\u2606hatev2|LOL\n|c|\u2606hatev2|i will\n|c|\u2606hatev2|dont worry\n|c|\u2606hatev2|gg's\n|c|\u2606Lass Starling|ggs\n|l| Superison\n","uploadtime":1698618382,"views":44,"p1id":"hatev2","p2id":"lassstarling","formatid":"gen9ubers","rating":0,"private":0,"password":""}