{"id":"gen9ubers-1973184738","p1":"Hand0fD00m","p2":"darkmoju","format":"[Gen 9] Ubers","log":"|j|\u2606Hand0fD00m\n|j|\u2606darkmoju\n|t:|1697936966\n|gametype|singles\n|player|p1|Hand0fD00m|roughneck|\n|player|p2|darkmoju|ghetsis-gen5bw|\n|teamsize|p1|6\n|teamsize|p2|6\n|gen|9\n|tier|[Gen 9] Ubers\n|rule|Sleep Clause Mod: Limit one foe put to sleep\n|rule|Species Clause: Limit one of each Pok\u00e9mon\n|rule|OHKO Clause: OHKO moves are banned\n|rule|Evasion Items Clause: Evasion items are banned\n|rule|Evasion Moves Clause: Evasion moves are banned\n|rule|Endless Battle Clause: Forcing endless battles is banned\n|rule|HP Percentage Mod: HP is shown in percentages\n|clearpoke\n|poke|p1|Arceus|\n|poke|p1|Koraidon|\n|poke|p1|Zacian-*|\n|poke|p1|Miraidon|\n|poke|p1|Landorus-Therian, M|\n|poke|p1|Walking Wake|\n|poke|p2|Dialga-Origin|\n|poke|p2|Palkia-Origin|\n|poke|p2|Giratina-Origin|\n|poke|p2|Arceus|\n|poke|p2|Groudon|\n|poke|p2|Eternatus|\n|teampreview\n|c|\u2606darkmoju|glhf\n|j| Yangsta\n|c| Yangsta|gl hf\n|c|\u2606Hand0fD00m|gl hoss, we meet before winners finals for once lol\n|j| Rival Andrew\n|c| Rival Andrew|lets goooo\n|c| Rival Andrew|Yangsta\n|\n|t:|1697937062\n|start\n|switch|p1a: Calrissian|Landorus-Therian, M|100\/100\n|switch|p2a: Palkia|Palkia-Origin|100\/100\n|-ability|p2a: Palkia|Pressure\n|-ability|p1a: Calrissian|Intimidate|boost\n|-unboost|p2a: Palkia|atk|1\n|turn|1\n|c| Rival Andrew|yknow\n|c| Rival Andrew|Palkias new form is growing on me\n|c| Rival Andrew|i wasnt too pleased when i first saw it but i dig it now\n|c| Rival Andrew|very abstract\n|\n|t:|1697937095\n|switch|p1a: Chief|Koraidon|100\/100\n|-weather|SunnyDay|[from] ability: Orichalcum Pulse|[of] p1a: Chief\n|-activate|p1a: Chief|Orichalcum Pulse|[source]\n|move|p2a: Palkia|Hydro Pump|p1a: Chief\n|-resisted|p1a: Chief\n|-damage|p1a: Chief|83\/100\n|\n|-weather|SunnyDay|[upkeep]\n|upkeep\n|turn|2\n|\n|t:|1697937116\n|move|p1a: Chief|Low Kick|p2a: Palkia\n|-damage|p2a: Palkia|12\/100\n|move|p2a: Palkia|Spacial Rend|p1a: Chief\n|-supereffective|p1a: Chief\n|-damage|p1a: Chief|0 fnt\n|faint|p1a: Chief\n|\n|-weather|SunnyDay|[upkeep]\n|upkeep\n|\n|t:|1697937128\n|switch|p1a: Strolling Storm|Walking Wake|100\/100\n|-activate|p1a: Strolling Storm|ability: Protosynthesis\n|-start|p1a: Strolling Storm|protosynthesisspe\n|turn|3\n|\n|t:|1697937138\n|move|p1a: Strolling Storm|Dragon Pulse|p2a: Palkia\n|-supereffective|p2a: Palkia\n|-damage|p2a: Palkia|0 fnt\n|faint|p2a: Palkia\n|\n|-weather|SunnyDay|[upkeep]\n|upkeep\n|\n|t:|1697937145\n|switch|p2a: Eternatus|Eternatus|100\/100\n|-ability|p2a: Eternatus|Pressure\n|turn|4\n|\n|t:|1697937174\n|-end|p1a: Strolling Storm|Protosynthesis|[silent]\n|switch|p1a: Zorro|Zacian-Crowned, shiny|100\/100\n|-ability|p1a: Zorro|Intrepid Sword|boost\n|-boost|p1a: Zorro|atk|1\n|move|p2a: Eternatus|Dynamax Cannon|p1a: Zorro\n|-immune|p1a: Zorro\n|\n|-weather|SunnyDay|[upkeep]\n|upkeep\n|turn|5\n|\n|t:|1697937190\n|switch|p2a: Groudon|Groudon|100\/100\n|move|p1a: Zorro|Swords Dance|p1a: Zorro\n|-boost|p1a: Zorro|atk|2\n|\n|-weather|none\n|upkeep\n|turn|6\n|\n|t:|1697937201\n|move|p1a: Zorro|Behemoth Blade|p2a: Groudon\n|-damage|p2a: Groudon|4\/100\n|move|p2a: Groudon|Precipice Blades|p1a: Zorro\n|-supereffective|p1a: Zorro\n|-damage|p1a: Zorro|0 fnt\n|faint|p1a: Zorro\n|\n|-heal|p2a: Groudon|10\/100|[from] item: Leftovers\n|upkeep\n|\n|t:|1697937210\n|switch|p1a: Godjesus|Arceus|100\/100\n|turn|7\n|\n|t:|1697937227\n|move|p1a: Godjesus|Shadow Claw|p2a: Groudon\n|-damage|p2a: Groudon|0 fnt\n|faint|p2a: Groudon\n|\n|upkeep\n|\n|t:|1697937243\n|switch|p2a: Eternatus|Eternatus|100\/100\n|-ability|p2a: Eternatus|Pressure\n|turn|8\n|\n|t:|1697937255\n|switch|p1a: Calrissian|Landorus-Therian, M|100\/100\n|-ability|p1a: Calrissian|Intimidate|boost\n|-unboost|p2a: Eternatus|atk|1\n|move|p2a: Eternatus|Dynamax Cannon|p1a: Calrissian\n|-damage|p1a: Calrissian|33\/100\n|\n|upkeep\n|turn|9\n|\n|t:|1697937265\n|move|p2a: Eternatus|Dynamax Cannon|p1a: Calrissian\n|-damage|p1a: Calrissian|0 fnt\n|faint|p1a: Calrissian\n|\n|upkeep\n|\n|t:|1697937281\n|switch|p1a: Godjesus|Arceus|100\/100\n|turn|10\n|\n|t:|1697937294\n|switch|p2a: Dialga|Dialga-Origin|100\/100\n|-ability|p2a: Dialga|Pressure\n|move|p1a: Godjesus|Swords Dance|p1a: Godjesus\n|-boost|p1a: Godjesus|atk|2\n|\n|upkeep\n|turn|11\n|\n|t:|1697937303\n|move|p1a: Godjesus|Taunt|p2a: Dialga\n|-start|p2a: Dialga|move: Taunt\n|move|p2a: Dialga|Draco Meteor|p1a: Godjesus|[miss]\n|-miss|p2a: Dialga|p1a: Godjesus\n|\n|upkeep\n|turn|12\n|\n|t:|1697937311\n|move|p1a: Godjesus|Shadow Claw|p2a: Dialga\n|-damage|p2a: Dialga|60\/100\n|move|p2a: Dialga|Draco Meteor|p1a: Godjesus|[miss]\n|-miss|p2a: Dialga|p1a: Godjesus\n|\n|upkeep\n|turn|13\n|c|\u2606darkmoju|come on game\n|\n|t:|1697937321\n|move|p1a: Godjesus|Shadow Claw|p2a: Dialga\n|-damage|p2a: Dialga|20\/100\n|move|p2a: Dialga|Draco Meteor|p1a: Godjesus\n|-damage|p1a: Godjesus|30\/100\n|-unboost|p2a: Dialga|spa|2\n|\n|-heal|p1a: Godjesus|36\/100|[from] item: Leftovers\n|-end|p2a: Dialga|move: Taunt\n|upkeep\n|turn|14\n|\n|t:|1697937338\n|move|p1a: Godjesus|Shadow Claw|p2a: Dialga\n|-crit|p2a: Dialga\n|-damage|p2a: Dialga|0 fnt\n|faint|p2a: Dialga\n|\n|-heal|p1a: Godjesus|42\/100|[from] item: Leftovers\n|upkeep\n|\n|t:|1697937344\n|switch|p2a: Eternatus|Eternatus|100\/100\n|-ability|p2a: Eternatus|Pressure\n|turn|15\n|\n|t:|1697937353\n|-terastallize|p2a: Eternatus|Ghost\n|-terastallize|p1a: Godjesus|Normal\n|move|p1a: Godjesus|Extreme Speed|p2a: Eternatus\n|-immune|p2a: Eternatus\n|move|p2a: Eternatus|Dynamax Cannon|p1a: Godjesus\n|-damage|p1a: Godjesus|0 fnt\n|faint|p1a: Godjesus\n|\n|upkeep\n|c| Yangsta|wild\n|c|\u2606Hand0fD00m|ah fuck lol\n|c| Yangsta|etern is a problem\n|\n|t:|1697937369\n|switch|p1a: Strolling Storm|Walking Wake|100\/100\n|-enditem|p1a: Strolling Storm|Booster Energy\n|-activate|p1a: Strolling Storm|ability: Protosynthesis|[fromitem]\n|-start|p1a: Strolling Storm|protosynthesisspe\n|turn|16\n|\n|t:|1697937375\n|move|p2a: Eternatus|Dynamax Cannon|p1a: Strolling Storm\n|-supereffective|p1a: Strolling Storm\n|-damage|p1a: Strolling Storm|0 fnt\n|faint|p1a: Strolling Storm\n|-end|p1a: Strolling Storm|Protosynthesis|[silent]\n|\n|upkeep\n|\n|t:|1697937379\n|switch|p1a: Bon Scott|Miraidon|100\/100\n|-fieldstart|move: Electric Terrain|[from] ability: Hadron Engine|[of] p1a: Bon Scott\n|turn|17\n|\n|t:|1697937383\n|move|p2a: Eternatus|Dynamax Cannon|p1a: Bon Scott\n|-supereffective|p1a: Bon Scott\n|-damage|p1a: Bon Scott|0 fnt\n|faint|p1a: Bon Scott\n|\n|win|darkmoju\n|c|\u2606darkmoju|gg\n|c| Rival Andrew|lordie\n|c| Yangsta|gg\n|c|\u2606Hand0fD00m|yeah scarf etern is a menace\n|c|\u2606Hand0fD00m|gg\n","uploadtime":1697937410,"views":13,"p1id":"hand0fd00m","p2id":"darkmoju","formatid":"gen9ubers","rating":0,"private":0,"password":""}