{"id":"gen9ubers-1970880514","p1":"SenkTheMoth","p2":"drakrai7","format":"[Gen 9] Ubers","log":"|j|\u2606SenkTheMoth\n|j|\u2606drakrai7\n|t:|1697676721\n|gametype|singles\n|player|p1|SenkTheMoth|dawn-gen4pt|\n|player|p2|drakrai7|hilda-wonderlauncher|\n|teamsize|p1|6\n|teamsize|p2|6\n|gen|9\n|tier|[Gen 9] Ubers\n|rule|Sleep Clause Mod: Limit one foe put to sleep\n|rule|Species Clause: Limit one of each Pok\u00e9mon\n|rule|OHKO Clause: OHKO moves are banned\n|rule|Evasion Items Clause: Evasion items are banned\n|rule|Evasion Moves Clause: Evasion moves are banned\n|rule|Endless Battle Clause: Forcing endless battles is banned\n|rule|HP Percentage Mod: HP is shown in percentages\n|clearpoke\n|poke|p1|Zacian-*|\n|poke|p1|Palkia-Origin|\n|poke|p1|Arceus-Poison|\n|poke|p1|Magearna|\n|poke|p1|Zamazenta-*|\n|poke|p1|Shaymin-Sky|\n|poke|p2|Shaymin-Sky|\n|poke|p2|Magearna|\n|poke|p2|Zacian-*|\n|poke|p2|Palkia-Origin|\n|poke|p2|Cyclizar, M|\n|poke|p2|Gholdengo|\n|teampreview\n|c|\u2606drakrai7|glhf\n|\n|t:|1697676755\n|start\n|switch|p1a: Zamazenta|Zamazenta-Crowned|100\/100\n|switch|p2a: Shaymin|Shaymin-Sky|100\/100\n|-ability|p1a: Zamazenta|Dauntless Shield|boost\n|-boost|p1a: Zamazenta|def|1\n|turn|1\n|\n|t:|1697676779\n|move|p1a: Zamazenta|Behemoth Bash|p2a: Shaymin\n|-damage|p2a: Shaymin|50\/100\n|move|p2a: Shaymin|Leech Seed|p1a: Zamazenta\n|-start|p1a: Zamazenta|move: Leech Seed\n|\n|-heal|p2a: Shaymin|56\/100|[from] item: Leftovers\n|-damage|p1a: Zamazenta|88\/100|[from] Leech Seed|[of] p2a: Shaymin\n|-heal|p2a: Shaymin|66\/100|[silent]\n|upkeep\n|turn|2\n|\n|t:|1697676798\n|switch|p1a: Magearna|Magearna|100\/100\n|move|p2a: Shaymin|Earth Power|p1a: Magearna\n|-supereffective|p1a: Magearna\n|-damage|p1a: Magearna|61\/100\n|\n|-heal|p2a: Shaymin|72\/100|[from] item: Leftovers\n|-heal|p1a: Magearna|67\/100|[from] item: Leftovers\n|upkeep\n|turn|3\n|\n|t:|1697676812\n|switch|p2a: Gholdengo|Gholdengo|100\/100\n|-item|p2a: Gholdengo|Air Balloon\n|move|p1a: Magearna|Ice Beam|p2a: Gholdengo\n|-resisted|p2a: Gholdengo\n|-damage|p2a: Gholdengo|86\/100\n|-enditem|p2a: Gholdengo|Air Balloon\n|\n|-heal|p1a: Magearna|73\/100|[from] item: Leftovers\n|upkeep\n|turn|4\n|\n|t:|1697676818\n|move|p2a: Gholdengo|Nasty Plot|p2a: Gholdengo\n|-boost|p2a: Gholdengo|spa|2\n|move|p1a: Magearna|Spikes|p2a: Gholdengo\n|-sidestart|p2: drakrai7|Spikes\n|\n|-heal|p1a: Magearna|79\/100|[from] item: Leftovers\n|upkeep\n|turn|5\n|\n|t:|1697676821\n|move|p2a: Gholdengo|Shadow Ball|p1a: Magearna\n|-damage|p1a: Magearna|10\/100\n|-unboost|p1a: Magearna|spd|1\n|move|p1a: Magearna|Spikes|p2a: Gholdengo\n|-sidestart|p2: drakrai7|Spikes\n|\n|-heal|p1a: Magearna|16\/100|[from] item: Leftovers\n|upkeep\n|turn|6\n|\n|t:|1697676828\n|move|p2a: Gholdengo|Shadow Ball|p1a: Magearna\n|-damage|p1a: Magearna|0 fnt\n|faint|p1a: Magearna\n|\n|upkeep\n|\n|t:|1697676839\n|switch|p1a: Zamazenta|Zamazenta-Crowned|88\/100\n|turn|7\n|\n|t:|1697676888\n|switch|p2a: Magearna|Magearna|100\/100\n|-damage|p2a: Magearna|84\/100|[from] Spikes\n|move|p1a: Zamazenta|Crunch|p2a: Magearna\n|-resisted|p2a: Magearna\n|-damage|p2a: Magearna|77\/100\n|\n|-heal|p2a: Magearna|83\/100|[from] item: Leftovers\n|upkeep\n|turn|8\n|\n|t:|1697676901\n|move|p1a: Zamazenta|Iron Defense|p1a: Zamazenta\n|-boost|p1a: Zamazenta|def|2\n|move|p2a: Magearna|Draining Kiss|p1a: Zamazenta\n|-damage|p1a: Zamazenta|70\/100\n|-heal|p2a: Magearna|96\/100|[from] drain|[of] p1a: Zamazenta\n|\n|-heal|p2a: Magearna|100\/100|[from] item: Leftovers\n|upkeep\n|turn|9\n|\n|t:|1697676914\n|move|p1a: Zamazenta|Body Press|p2a: Magearna\n|-damage|p2a: Magearna|51\/100\n|move|p2a: Magearna|Draining Kiss|p1a: Zamazenta\n|-damage|p1a: Zamazenta|52\/100\n|-heal|p2a: Magearna|63\/100|[from] drain|[of] p1a: Zamazenta\n|\n|-heal|p2a: Magearna|69\/100|[from] item: Leftovers\n|upkeep\n|turn|10\n|\n|t:|1697676917\n|switch|p2a: Gholdengo|Gholdengo|86\/100\n|-damage|p2a: Gholdengo|69\/100|[from] Spikes\n|move|p1a: Zamazenta|Body Press|p2a: Gholdengo\n|-immune|p2a: Gholdengo\n|\n|upkeep\n|turn|11\n|c|\u2606SenkTheMoth|welcome back\n|\n|t:|1697676949\n|move|p1a: Zamazenta|Crunch|p2a: Gholdengo\n|-supereffective|p2a: Gholdengo\n|-damage|p2a: Gholdengo|14\/100\n|-unboost|p2a: Gholdengo|def|1\n|move|p2a: Gholdengo|Shadow Ball|p1a: Zamazenta\n|-damage|p1a: Zamazenta|19\/100\n|\n|upkeep\n|turn|12\n|c|\u2606drakrai7|I was just thinking haha\n|c|\u2606drakrai7|zama-c has such a convenient speed tier\n|\n|t:|1697677010\n|move|p1a: Zamazenta|Behemoth Bash|p2a: Gholdengo\n|-resisted|p2a: Gholdengo\n|-damage|p2a: Gholdengo|0 fnt\n|faint|p2a: Gholdengo\n|\n|upkeep\n|c|\u2606SenkTheMoth|literally 1 point above shaymin\n|\n|t:|1697677021\n|switch|p2a: Shaymin|Shaymin-Sky|72\/100\n|turn|13\n|\n|t:|1697677024\n|move|p1a: Zamazenta|Behemoth Bash|p2a: Shaymin\n|-damage|p2a: Shaymin|24\/100\n|move|p2a: Shaymin|Air Slash|p1a: Zamazenta\n|-damage|p1a: Zamazenta|0 fnt\n|faint|p1a: Zamazenta\n|\n|-heal|p2a: Shaymin|30\/100|[from] item: Leftovers\n|upkeep\n|\n|t:|1697677047\n|switch|p1a: Zacian|Zacian|100\/100\n|-ability|p1a: Zacian|Intrepid Sword|boost\n|-boost|p1a: Zacian|atk|1\n|turn|14\n|\n|t:|1697677068\n|move|p1a: Zacian|Swords Dance|p1a: Zacian\n|-boost|p1a: Zacian|atk|2\n|move|p2a: Shaymin|Leech Seed|p1a: Zacian\n|-start|p1a: Zacian|move: Leech Seed\n|\n|-heal|p2a: Shaymin|36\/100|[from] item: Leftovers\n|-damage|p1a: Zacian|88\/100|[from] Leech Seed|[of] p2a: Shaymin\n|-heal|p2a: Shaymin|46\/100|[silent]\n|upkeep\n|turn|15\n|\n|t:|1697677081\n|switch|p2a: Palkia|Palkia-Origin|100\/100\n|-damage|p2a: Palkia|84\/100|[from] Spikes\n|-ability|p2a: Palkia|Pressure\n|move|p1a: Zacian|Play Rough|p2a: Palkia\n|-supereffective|p2a: Palkia\n|-crit|p2a: Palkia\n|-damage|p2a: Palkia|0 fnt\n|faint|p2a: Palkia\n|\n|upkeep\n|c|\u2606SenkTheMoth|leech seed won't do anything if i ohko you every turn\n|c|\u2606drakrai7|true true\n|c|\u2606drakrai7|I guess chip is silightly better\n|\n|t:|1697677130\n|switch|p2a: Cyclizar|Cyclizar, M|100\/100\n|-damage|p2a: Cyclizar|84\/100|[from] Spikes\n|turn|16\n|\n|t:|1697677135\n|move|p2a: Cyclizar|Rapid Spin|p1a: Zacian\n|-damage|p1a: Zacian|74\/100\n|-boost|p2a: Cyclizar|spe|1\n|-sideend|p2: drakrai7|Spikes|[from] move: Rapid Spin|[of] p2a: Cyclizar\n|move|p1a: Zacian|Play Rough|p2a: Cyclizar\n|-supereffective|p2a: Cyclizar\n|-damage|p2a: Cyclizar|0 fnt\n|faint|p2a: Cyclizar\n|\n|upkeep\n|\n|t:|1697677147\n|switch|p2a: Magearna|Magearna|69\/100\n|turn|17\n|\n|t:|1697677173\n|-terastallize|p1a: Zacian|Fighting\n|move|p1a: Zacian|Close Combat|p2a: Magearna\n|-crit|p2a: Magearna\n|-damage|p2a: Magearna|0 fnt\n|-unboost|p1a: Zacian|def|1\n|-unboost|p1a: Zacian|spd|1\n|faint|p2a: Magearna\n|\n|upkeep\n|\n|t:|1697677177\n|switch|p2a: Zacian|Zacian|100\/100\n|-ability|p2a: Zacian|Intrepid Sword|boost\n|-boost|p2a: Zacian|atk|1\n|turn|18\n|\n|t:|1697677186\n|move|p1a: Zacian|Play Rough|p2a: Zacian|[miss]\n|-miss|p1a: Zacian|p2a: Zacian\n|move|p2a: Zacian|Play Rough|p1a: Zacian\n|-supereffective|p1a: Zacian\n|-damage|p1a: Zacian|0 fnt\n|faint|p1a: Zacian\n|\n|upkeep\n|c|\u2606SenkTheMoth|dang\n|c|\u2606SenkTheMoth|i could have just lost the speed tie and died happy\n|c|\u2606SenkTheMoth|but the game had to do me like hat\n|c|\u2606drakrai7|50\/50 in disguise LUL\n|\n|t:|1697677213\n|switch|p1a: Arceus|Arceus-Poison|100\/100\n|turn|19\n|c|\u2606drakrai7|fun probability problem\n|\n|t:|1697677223\n|-terastallize|p2a: Zacian|Dark\n|move|p2a: Zacian|Play Rough|p1a: Arceus\n|-resisted|p1a: Arceus\n|-damage|p1a: Arceus|62\/100\n|move|p1a: Arceus|Dragon Dance|p1a: Arceus\n|-boost|p1a: Arceus|atk|1\n|-boost|p1a: Arceus|spe|1\n|\n|upkeep\n|turn|20\n|\n|t:|1697677234\n|switch|p2a: Shaymin|Shaymin-Sky|46\/100\n|move|p1a: Arceus|Poison Jab|p2a: Shaymin\n|-supereffective|p2a: Shaymin\n|-damage|p2a: Shaymin|0 fnt\n|faint|p2a: Shaymin\n|\n|upkeep\n|\n|t:|1697677235\n|switch|p2a: Zacian|Zacian, tera:Dark|100\/100\n|turn|21\n|\n|t:|1697677238\n|move|p1a: Arceus|Poison Jab|p2a: Zacian\n|-damage|p2a: Zacian|36\/100\n|move|p2a: Zacian|Crunch|p1a: Arceus\n|-damage|p1a: Arceus|15\/100\n|-unboost|p1a: Arceus|def|1\n|\n|upkeep\n|turn|22\n|\n|t:|1697677240\n|move|p1a: Arceus|Poison Jab|p2a: Zacian\n|-damage|p2a: Zacian|0 fnt\n|faint|p2a: Zacian\n|\n|win|SenkTheMoth\n|c|\u2606drakrai7|gg\n|c|\u2606SenkTheMoth|gg\n|c|\u2606SenkTheMoth|i'll upload the vod\n","uploadtime":1697677249,"views":30,"p1id":"senkthemoth","p2id":"drakrai7","formatid":"gen9ubers","rating":0,"private":0,"password":""}