{"id":"gen9ubers-1988641518","p1":"Profesor Turo","p2":"godiamsosorry","format":"[Gen 9] Ubers","log":"|j|\u2606Profesor Turo\n|j|\u2606godiamsosorry\n|t:|1699745232\n|gametype|singles\n|player|p1|Profesor Turo|turo-ai|\n|player|p2|godiamsosorry|lady|\n|teamsize|p1|6\n|teamsize|p2|6\n|gen|9\n|tier|[Gen 9] Ubers\n|rule|Sleep Clause Mod: Limit one foe put to sleep\n|rule|Species Clause: Limit one of each Pok\u00e9mon\n|rule|OHKO Clause: OHKO moves are banned\n|rule|Evasion Items Clause: Evasion items are banned\n|rule|Evasion Moves Clause: Evasion moves are banned\n|rule|Endless Battle Clause: Forcing endless battles is banned\n|rule|HP Percentage Mod: HP is shown in percentages\n|clearpoke\n|poke|p1|Slowpoke, M|\n|poke|p1|Azelf|\n|poke|p1|Blissey, F|\n|poke|p1|Wo-Chien|\n|poke|p1|Fezandipiti, M|\n|poke|p1|Landorus-Therian, M|\n|poke|p2|Pawmot, F|\n|poke|p2|Slowking-Galar, F|\n|poke|p2|Medicham, M|\n|poke|p2|Palafin, F|\n|poke|p2|Zoroark, M|\n|poke|p2|Toedscruel, M|\n|teampreview\n|inactive|Battle timer is ON: inactive players will automatically lose when time's up. (requested by Profesor Turo)\n|\n|t:|1699745246\n|start\n|switch|p1a: Azelf|Azelf|100\/100\n|switch|p2a: Palafin|Palafin, F|100\/100\n|turn|1\n|\n|t:|1699745254\n|detailschange|p2a: Palafin|Palafin-Hero, F\n|switch|p2a: Slowking|Slowking-Galar, F|100\/100\n|move|p1a: Azelf|Wonder Room|p1a: Azelf\n|-fieldstart|move: Wonder Room|[of] p1a: Azelf\n|\n|upkeep\n|turn|2\n|\n|t:|1699745261\n|move|p1a: Azelf|Stealth Rock|p2a: Slowking\n|-sidestart|p2: godiamsosorry|move: Stealth Rock\n|move|p2a: Slowking|Foul Play|p1a: Azelf\n|-supereffective|p1a: Azelf\n|-damage|p1a: Azelf|1\/100\n|\n|upkeep\n|turn|3\n|\n|t:|1699745266\n|move|p1a: Azelf|Zen Headbutt|p2a: Slowking\n|-damage|p2a: Slowking|67\/100\n|move|p2a: Slowking|Chilly Reception|p2a: Slowking\n|-weather|Snow\n|\n|t:|1699745274\n|switch|p2a: Toedscruel|Toedscruel, M|100\/100|[from] Chilly Reception\n|\n|-weather|Snow|[upkeep]\n|upkeep\n|turn|4\n|\n|t:|1699745277\n|switch|p1a: Wo-Chien|Wo-Chien|100\/100\n|-ability|p1a: Wo-Chien|Tablets of Ruin\n|move|p2a: Toedscruel|Sucker Punch||[still]\n|-fail|p2a: Toedscruel\n|\n|-weather|Snow|[upkeep]\n|upkeep\n|turn|5\n|\n|t:|1699745281\n|move|p2a: Toedscruel|U-turn|p1a: Wo-Chien\n|-supereffective|p1a: Wo-Chien\n|-damage|p1a: Wo-Chien|49\/100\n|j| Dragon Master Rosa\n|\n|t:|1699745285\n|switch|p2a: Toedscruel|Toedscruel, M|100\/100|[from] U-turn\n|-damage|p2a: Toedscruel|94\/100|[from] Stealth Rock\n|move|p1a: Wo-Chien|Trailblaze|p2a: Toedscruel\n|-damage|p2a: Toedscruel|78\/100\n|-boost|p1a: Wo-Chien|spe|1\n|\n|-weather|Snow|[upkeep]\n|-heal|p1a: Wo-Chien|55\/100|[from] item: Leftovers\n|-heal|p2a: Toedscruel|84\/100|[from] item: Leftovers\n|-fieldend|move: Wonder Room\n|upkeep\n|turn|6\n|\n|t:|1699745296\n|move|p1a: Wo-Chien|Power Whip|p2a: Toedscruel|[miss]\n|-miss|p1a: Wo-Chien|p2a: Toedscruel\n|move|p2a: Toedscruel|Rapid Spin|p1a: Wo-Chien\n|-damage|p1a: Wo-Chien|48\/100\n|-boost|p2a: Toedscruel|spe|1\n|-sideend|p2: godiamsosorry|Stealth Rock|[from] move: Rapid Spin|[of] p2a: Toedscruel\n|\n|-weather|Snow|[upkeep]\n|-heal|p1a: Wo-Chien|54\/100|[from] item: Leftovers\n|-heal|p2a: Toedscruel|90\/100|[from] item: Leftovers\n|upkeep\n|turn|7\n|\n|t:|1699745299\n|move|p1a: Wo-Chien|Power Whip|p2a: Toedscruel\n|-damage|p2a: Toedscruel|44\/100\n|move|p2a: Toedscruel|Knock Off|p1a: Wo-Chien\n|-resisted|p1a: Wo-Chien\n|-damage|p1a: Wo-Chien|47\/100\n|-enditem|p1a: Wo-Chien|Leftovers|[from] move: Knock Off|[of] p2a: Toedscruel\n|\n|-weather|none\n|-heal|p2a: Toedscruel|50\/100|[from] item: Leftovers\n|upkeep\n|turn|8\n|\n|t:|1699745304\n|switch|p2a: Slowking|Slowking-Galar, F|99\/100\n|move|p1a: Wo-Chien|Power Whip|p2a: Slowking\n|-resisted|p2a: Slowking\n|-damage|p2a: Slowking|82\/100\n|\n|upkeep\n|turn|9\n|\n|t:|1699745310\n|switch|p2a: Toedscruel|Toedscruel, M|50\/100\n|move|p1a: Wo-Chien|Knock Off|p2a: Toedscruel\n|-damage|p2a: Toedscruel|11\/100\n|-enditem|p2a: Toedscruel|Leftovers|[from] move: Knock Off|[of] p1a: Wo-Chien\n|\n|upkeep\n|turn|10\n|\n|t:|1699745314\n|move|p1a: Wo-Chien|Trailblaze|p2a: Toedscruel\n|-damage|p2a: Toedscruel|0 fnt\n|-boost|p1a: Wo-Chien|spe|1\n|faint|p2a: Toedscruel\n|\n|upkeep\n|\n|t:|1699745317\n|switch|p2a: Palafin|Palafin-Hero, F|100\/100\n|-activate|p2a: Palafin|ability: Zero to Hero\n|turn|11\n|\n|t:|1699745321\n|-terastallize|p2a: Palafin|Normal\n|move|p1a: Wo-Chien|Growth|p1a: Wo-Chien\n|-boost|p1a: Wo-Chien|atk|1\n|-boost|p1a: Wo-Chien|spa|1\n|move|p2a: Palafin|Boomburst|p1a: Wo-Chien\n|-damage|p1a: Wo-Chien|0 fnt\n|faint|p1a: Wo-Chien\n|\n|upkeep\n|\n|t:|1699745330\n|switch|p1a: Blissey|Blissey, F|100\/100\n|turn|12\n|\n|t:|1699745335\n|switch|p2a: Slowking|Slowking-Galar, F|100\/100\n|move|p1a: Blissey|Trick|p2a: Slowking\n|-activate|p1a: Blissey|move: Trick|[of] p2a: Slowking\n|-item|p2a: Slowking|Ring Target|[from] move: Trick\n|-item|p1a: Blissey|Heavy-Duty Boots|[from] move: Trick\n|\n|upkeep\n|turn|13\n|c|\u2606godiamsosorry|What?\n|\n|t:|1699745346\n|switch|p1a: Fezandipiti|Fezandipiti, M|100\/100\n|move|p2a: Slowking|Chilly Reception|p2a: Slowking\n|-weather|Snow\n|\n|t:|1699745353\n|switch|p2a: Palafin|Palafin-Hero, F, tera:Normal|100\/100|[from] Chilly Reception\n|\n|-weather|Snow|[upkeep]\n|upkeep\n|turn|14\n|\n|t:|1699745359\n|-terastallize|p1a: Fezandipiti|Ghost\n|move|p2a: Palafin|Boomburst|p1a: Fezandipiti\n|-immune|p1a: Fezandipiti\n|move|p1a: Fezandipiti|Moonblast|p2a: Palafin\n|-damage|p2a: Palafin|66\/100\n|-status|p2a: Palafin|tox|[from] ability: Toxic Chain|[of] p1a: Fezandipiti\n|\n|-weather|Snow|[upkeep]\n|-damage|p2a: Palafin|60\/100 tox|[from] psn\n|upkeep\n|turn|15\n|\n|t:|1699745364\n|switch|p2a: Slowking|Slowking-Galar, F|100\/100\n|move|p1a: Fezandipiti|Nasty Plot|p1a: Fezandipiti\n|-boost|p1a: Fezandipiti|spa|2\n|\n|-weather|Snow|[upkeep]\n|upkeep\n|turn|16\n|\n|t:|1699745376\n|move|p1a: Fezandipiti|Hex|p2a: Slowking\n|-supereffective|p2a: Slowking\n|-damage|p2a: Slowking|25\/100\n|move|p2a: Slowking|Toxic|p1a: Fezandipiti\n|-status|p1a: Fezandipiti|tox\n|\n|-weather|Snow|[upkeep]\n|-damage|p1a: Fezandipiti|95\/100 tox|[from] psn\n|upkeep\n|turn|17\n|\n|t:|1699745382\n|switch|p2a: Palafin|Palafin-Hero, F, tera:Normal|60\/100 tox\n|move|p1a: Fezandipiti|Moonblast|p2a: Palafin\n|-damage|p2a: Palafin|0 fnt\n|faint|p2a: Palafin\n|\n|-weather|none\n|-heal|p1a: Fezandipiti|100\/100 tox|[from] item: Leftovers\n|-damage|p1a: Fezandipiti|89\/100 tox|[from] psn\n|upkeep\n|\n|t:|1699745392\n|switch|p2a: Pawmot|Pawmot, F|100\/100\n|turn|18\n|\n|t:|1699745394\n|move|p2a: Pawmot|Knock Off|p1a: Fezandipiti\n|-supereffective|p1a: Fezandipiti\n|-damage|p1a: Fezandipiti|10\/100 tox\n|-enditem|p1a: Fezandipiti|Leftovers|[from] move: Knock Off|[of] p2a: Pawmot\n|move|p1a: Fezandipiti|Moonblast|p2a: Pawmot\n|-supereffective|p2a: Pawmot\n|-damage|p2a: Pawmot|0 fnt\n|replace|p2a: Zoroark|Zoroark, M\n|-end|p2a: Zoroark|Illusion\n|faint|p2a: Zoroark\n|\n|-damage|p1a: Fezandipiti|0 fnt|[from] psn\n|faint|p1a: Fezandipiti\n|upkeep\n|\n|t:|1699745404\n|switch|p2a: Slowking|Slowking-Galar, F|59\/100\n|switch|p1a: Landorus|Landorus-Therian, M|100\/100\n|-ability|p1a: Landorus|Intimidate|boost\n|-unboost|p2a: Slowking|atk|1\n|turn|19\n|\n|t:|1699745407\n|move|p1a: Landorus|Earth Power|p2a: Slowking\n|-supereffective|p2a: Slowking\n|-damage|p2a: Slowking|0 fnt\n|faint|p2a: Slowking\n|\n|upkeep\n|\n|t:|1699745410\n|switch|p2a: Medicham|Medicham, M|100\/100\n|turn|20\n|\n|t:|1699745413\n|move|p2a: Medicham|Ice Punch|p1a: Landorus\n|-supereffective|p1a: Landorus\n|-damage|p1a: Landorus|0 fnt\n|faint|p1a: Landorus\n|\n|upkeep\n|\n|t:|1699745417\n|switch|p1a: Slowpoke|Slowpoke, M|100\/100\n|turn|21\n|\n|t:|1699745428\n|switch|p2a: Pawmot|Pawmot, F|100\/100\n|switch|p1a: Azelf|Azelf|1\/100\n|\n|upkeep\n|turn|22\n|\n|t:|1699745434\n|switch|p2a: Medicham|Medicham, M|100\/100\n|move|p1a: Azelf|Zen Headbutt|p2a: Medicham\n|-damage|p2a: Medicham|33\/100\n|\n|upkeep\n|turn|23\n|\n|t:|1699745441\n|switch|p1a: Slowpoke|Slowpoke, M|100\/100\n|move|p2a: Medicham|Close Combat|p1a: Slowpoke\n|-resisted|p1a: Slowpoke\n|-damage|p1a: Slowpoke|59\/100\n|-unboost|p2a: Medicham|def|1\n|-unboost|p2a: Medicham|spd|1\n|\n|upkeep\n|turn|24\n|\n|t:|1699745452\n|move|p2a: Medicham|Close Combat|p1a: Slowpoke\n|-resisted|p1a: Slowpoke\n|-damage|p1a: Slowpoke|18\/100\n|-unboost|p2a: Medicham|def|1\n|-unboost|p2a: Medicham|spd|1\n|move|p1a: Slowpoke|Calm Mind|p1a: Slowpoke\n|-boost|p1a: Slowpoke|spa|1\n|-boost|p1a: Slowpoke|spd|1\n|\n|upkeep\n|turn|25\n|\n|t:|1699745456\n|move|p2a: Medicham|Close Combat|p1a: Slowpoke\n|-resisted|p1a: Slowpoke\n|-crit|p1a: Slowpoke\n|-damage|p1a: Slowpoke|0 fnt\n|-unboost|p2a: Medicham|def|1\n|-unboost|p2a: Medicham|spd|1\n|faint|p1a: Slowpoke\n|\n|upkeep\n|\n|t:|1699745459\n|switch|p1a: Azelf|Azelf|1\/100\n|turn|26\n|\n|t:|1699745461\n|move|p2a: Medicham|Close Combat|p1a: Azelf\n|-resisted|p1a: Azelf\n|-damage|p1a: Azelf|0 fnt\n|-unboost|p2a: Medicham|def|1\n|-unboost|p2a: Medicham|spd|1\n|faint|p1a: Azelf\n|\n|upkeep\n|c|\u2606Profesor Turo|ah its scarfed\n|c|\u2606Profesor Turo|Ggs\n|\n|t:|1699745468\n|switch|p1a: Blissey|Blissey, F|100\/100\n|turn|27\n|c|\u2606godiamsosorry|Gg...\n|\n|t:|1699745471\n|move|p2a: Medicham|Close Combat|p1a: Blissey\n|-supereffective|p1a: Blissey\n|-damage|p1a: Blissey|0 fnt\n|-unboost|p2a: Medicham|def|1\n|-unboost|p2a: Medicham|spd|1\n|faint|p1a: Blissey\n|\n|win|godiamsosorry\n","uploadtime":1699745476,"views":10,"p1id":"profesorturo","p2id":"godiamsosorry","formatid":"gen9ubers","rating":0,"private":0,"password":""}