{"id":"gen9ubers-1968163952","p1":"Jaketr4","p2":"mihnt","format":"[Gen 9] Ubers","log":"|j|\u2606Jaketr4\n|j|\u2606mihnt\n|t:|1697390655\n|gametype|singles\n|player|p1|Jaketr4|hilbert|\n|player|p2|mihnt|101|\n|teamsize|p1|6\n|teamsize|p2|6\n|gen|9\n|tier|[Gen 9] Ubers\n|rule|Sleep Clause Mod: Limit one foe put to sleep\n|rule|Species Clause: Limit one of each Pok\u00e9mon\n|rule|OHKO Clause: OHKO moves are banned\n|rule|Evasion Items Clause: Evasion items are banned\n|rule|Evasion Moves Clause: Evasion moves are banned\n|rule|Endless Battle Clause: Forcing endless battles is banned\n|rule|HP Percentage Mod: HP is shown in percentages\n|clearpoke\n|poke|p1|Landorus-Therian, M|\n|poke|p1|Infernape, M|\n|poke|p1|Cresselia, F|\n|poke|p1|Trevenant, M|\n|poke|p1|Regidrago|\n|poke|p1|Kleavor, M|\n|poke|p2|Dondozo, F|\n|poke|p2|Goodra-Hisui, F|\n|poke|p2|Ogerpon-Hearthflame, F|\n|poke|p2|Orthworm, M|\n|poke|p2|Muk-Alola, F|\n|poke|p2|Okidogi, M|\n|teampreview\n|j| itay1579\n|j| Hash_13\n|\n|t:|1697390689\n|start\n|switch|p1a: Kleavor|Kleavor, M|100\/100\n|switch|p2a: Jamal|Okidogi, M|100\/100\n|turn|1\n|j| ofmon777\n|j| S3nKay\n|\n|t:|1697390724\n|move|p1a: Kleavor|Stone Axe|p2a: Jamal\n|-resisted|p2a: Jamal\n|-damage|p2a: Jamal|78\/100\n|-sidestart|p2: mihnt|move: Stealth Rock\n|move|p2a: Jamal|Toxic|p1a: Kleavor\n|-status|p1a: Kleavor|tox\n|\n|-damage|p1a: Kleavor|94\/100 tox|[from] psn\n|upkeep\n|turn|2\n|\n|t:|1697390772\n|switch|p2a: Tyrone|Orthworm, M, shiny|100\/100\n|-damage|p2a: Tyrone|94\/100|[from] Stealth Rock\n|move|p1a: Kleavor|Stone Axe|p2a: Tyrone\n|-resisted|p2a: Tyrone\n|-damage|p2a: Tyrone|78\/100\n|-damage|p1a: Kleavor|78\/100 tox|[from] item: Rocky Helmet|[of] p2a: Tyrone\n|\n|-damage|p1a: Kleavor|66\/100 tox|[from] psn\n|upkeep\n|turn|3\n|\n|t:|1697390781\n|move|p1a: Kleavor|Close Combat|p2a: Tyrone\n|-supereffective|p2a: Tyrone\n|-damage|p2a: Tyrone|28\/100\n|-unboost|p1a: Kleavor|def|1\n|-unboost|p1a: Kleavor|spd|1\n|-damage|p1a: Kleavor|50\/100 tox|[from] item: Rocky Helmet|[of] p2a: Tyrone\n|move|p2a: Tyrone|Stealth Rock|p1a: Kleavor\n|-sidestart|p1: Jaketr4|move: Stealth Rock\n|\n|-damage|p1a: Kleavor|31\/100 tox|[from] psn\n|upkeep\n|turn|4\n|j| kuronimo\n|\n|t:|1697390827\n|switch|p2a: Lizzo|Dondozo, F, shiny|100\/100\n|-damage|p2a: Lizzo|88\/100|[from] Stealth Rock\n|move|p1a: Kleavor|Close Combat|p2a: Lizzo\n|-damage|p2a: Lizzo|65\/100\n|-unboost|p1a: Kleavor|def|1\n|-unboost|p1a: Kleavor|spd|1\n|\n|-heal|p2a: Lizzo|71\/100|[from] item: Leftovers\n|-damage|p1a: Kleavor|7\/100 tox|[from] psn\n|upkeep\n|turn|5\n|\n|t:|1697390834\n|move|p1a: Kleavor|Stone Axe|p2a: Lizzo\n|-damage|p2a: Lizzo|47\/100\n|move|p2a: Lizzo|Curse|p2a: Lizzo\n|-unboost|p2a: Lizzo|spe|1\n|-boost|p2a: Lizzo|atk|1\n|-boost|p2a: Lizzo|def|1\n|\n|-heal|p2a: Lizzo|53\/100|[from] item: Leftovers\n|-damage|p1a: Kleavor|0 fnt|[from] psn\n|faint|p1a: Kleavor\n|upkeep\n|\n|t:|1697390841\n|switch|p1a: Trevenant|Trevenant, M|100\/100\n|-damage|p1a: Trevenant|88\/100|[from] Stealth Rock\n|turn|6\n|\n|t:|1697390858\n|move|p1a: Trevenant|Leech Seed|p2a: Lizzo\n|-start|p2a: Lizzo|move: Leech Seed\n|move|p2a: Lizzo|Curse|p2a: Lizzo\n|-unboost|p2a: Lizzo|spe|1\n|-boost|p2a: Lizzo|atk|1\n|-boost|p2a: Lizzo|def|1\n|\n|-heal|p2a: Lizzo|59\/100|[from] item: Leftovers\n|-damage|p2a: Lizzo|47\/100|[from] Leech Seed|[of] p1a: Trevenant\n|-heal|p1a: Trevenant|100\/100|[silent]\n|upkeep\n|turn|7\n|\n|t:|1697390864\n|move|p1a: Trevenant|Substitute|p1a: Trevenant\n|-start|p1a: Trevenant|Substitute\n|-damage|p1a: Trevenant|75\/100\n|move|p2a: Lizzo|Ice Fang|p1a: Trevenant\n|-supereffective|p1a: Trevenant\n|-end|p1a: Trevenant|Substitute\n|\n|-heal|p2a: Lizzo|53\/100|[from] item: Leftovers\n|-damage|p2a: Lizzo|40\/100|[from] Leech Seed|[of] p1a: Trevenant\n|-heal|p1a: Trevenant|92\/100|[silent]\n|upkeep\n|turn|8\n|\n|t:|1697390868\n|move|p1a: Trevenant|Substitute|p1a: Trevenant\n|-start|p1a: Trevenant|Substitute\n|-damage|p1a: Trevenant|67\/100\n|move|p2a: Lizzo|Ice Fang|p1a: Trevenant\n|-supereffective|p1a: Trevenant\n|-end|p1a: Trevenant|Substitute\n|\n|-heal|p2a: Lizzo|47\/100|[from] item: Leftovers\n|-damage|p2a: Lizzo|34\/100|[from] Leech Seed|[of] p1a: Trevenant\n|-heal|p1a: Trevenant|84\/100|[silent]\n|upkeep\n|turn|9\n|\n|t:|1697390888\n|switch|p2a: KUM|Muk-Alola, F|100\/100\n|-damage|p2a: KUM|88\/100|[from] Stealth Rock\n|move|p1a: Trevenant|Substitute|p1a: Trevenant\n|-start|p1a: Trevenant|Substitute\n|-damage|p1a: Trevenant|59\/100\n|\n|upkeep\n|turn|10\n|\n|t:|1697390895\n|move|p1a: Trevenant|Leech Seed|p2a: KUM\n|-start|p2a: KUM|move: Leech Seed\n|move|p2a: KUM|Knock Off|p1a: Trevenant\n|-supereffective|p1a: Trevenant\n|-end|p1a: Trevenant|Substitute\n|\n|-damage|p2a: KUM|76\/100|[from] Leech Seed|[of] p1a: Trevenant\n|-heal|p1a: Trevenant|73\/100|[silent]\n|upkeep\n|turn|11\n|\n|t:|1697390952\n|switch|p1a: Infernape|Infernape, M|100\/100\n|-damage|p1a: Infernape|88\/100|[from] Stealth Rock\n|move|p2a: KUM|Knock Off|p1a: Infernape\n|-resisted|p1a: Infernape\n|-damage|p1a: Infernape|32\/100\n|-enditem|p1a: Infernape|Life Orb|[from] move: Knock Off|[of] p2a: KUM\n|\n|-damage|p2a: KUM|64\/100|[from] Leech Seed|[of] p1a: Infernape\n|-heal|p1a: Infernape|50\/100|[silent]\n|upkeep\n|turn|12\n|l| ofmon777\n|\n|t:|1697391016\n|switch|p2a: Lizzo|Dondozo, F, shiny|34\/100\n|-damage|p2a: Lizzo|22\/100|[from] Stealth Rock\n|move|p1a: Infernape|Close Combat|p2a: Lizzo\n|-damage|p2a: Lizzo|0 fnt\n|-unboost|p1a: Infernape|def|1\n|-unboost|p1a: Infernape|spd|1\n|faint|p2a: Lizzo\n|\n|upkeep\n|\n|t:|1697391051\n|switch|p2a: Davante|Ogerpon-Hearthflame, F|100\/100\n|-damage|p2a: Davante|76\/100|[from] Stealth Rock\n|-ability|p2a: Davante|Mold Breaker\n|turn|13\n|\n|t:|1697391063\n|move|p2a: Davante|Stomping Tantrum|p1a: Infernape\n|-supereffective|p1a: Infernape\n|-damage|p1a: Infernape|0 fnt\n|faint|p1a: Infernape\n|\n|upkeep\n|c| kuronimo|go mint go!!\n|c|\u2606mihnt|shut u p loser\n|c| kuronimo|ok sorry :(\n|\n|t:|1697391095\n|switch|p1a: Landorus|Landorus-Therian, M|100\/100\n|-damage|p1a: Landorus|88\/100|[from] Stealth Rock\n|-ability|p1a: Landorus|Intimidate|boost\n|-unboost|p2a: Davante|atk|1\n|turn|14\n|\n|t:|1697391142\n|switch|p2a: Tyrone|Orthworm, M, shiny|28\/100\n|-damage|p2a: Tyrone|22\/100|[from] Stealth Rock\n|move|p1a: Landorus|Rock Slide|p2a: Tyrone\n|-resisted|p2a: Tyrone\n|-damage|p2a: Tyrone|14\/100\n|\n|upkeep\n|turn|15\n|\n|t:|1697391174\n|switch|p1a: Trevenant|Trevenant, M|73\/100\n|-damage|p1a: Trevenant|61\/100|[from] Stealth Rock\n|move|p2a: Tyrone|Spikes|p1a: Trevenant\n|-sidestart|p1: Jaketr4|Spikes\n|\n|upkeep\n|turn|16\n|\n|t:|1697391197\n|switch|p2a: Davante|Ogerpon-Hearthflame, F|76\/100\n|-damage|p2a: Davante|51\/100|[from] Stealth Rock\n|-ability|p2a: Davante|Mold Breaker\n|move|p1a: Trevenant|Substitute|p1a: Trevenant\n|-start|p1a: Trevenant|Substitute\n|-damage|p1a: Trevenant|36\/100\n|-enditem|p1a: Trevenant|Sitrus Berry|[eat]\n|-heal|p1a: Trevenant|61\/100|[from] item: Sitrus Berry\n|\n|-item|p1a: Trevenant|Sitrus Berry|[from] ability: Harvest\n|upkeep\n|turn|17\n|\n|t:|1697391209\n|move|p2a: Davante|Knock Off|p1a: Trevenant\n|-supereffective|p1a: Trevenant\n|-end|p1a: Trevenant|Substitute\n|move|p1a: Trevenant|Poltergeist|p2a: Davante\n|-activate|p2a: Davante|move: Poltergeist|Hearthflame Mask\n|-damage|p2a: Davante|0 fnt\n|faint|p2a: Davante\n|\n|upkeep\n|\n|t:|1697391230\n|switch|p2a: Jamal|Okidogi, M|78\/100\n|-damage|p2a: Jamal|72\/100|[from] Stealth Rock\n|turn|18\n|\n|t:|1697391239\n|move|p2a: Jamal|Crunch|p1a: Trevenant\n|-supereffective|p1a: Trevenant\n|-damage|p1a: Trevenant|17\/100\n|-unboost|p1a: Trevenant|def|1\n|-enditem|p1a: Trevenant|Sitrus Berry|[eat]\n|-heal|p1a: Trevenant|42\/100|[from] item: Sitrus Berry\n|move|p1a: Trevenant|Leech Seed|p2a: Jamal\n|-start|p2a: Jamal|move: Leech Seed\n|\n|-damage|p2a: Jamal|60\/100|[from] Leech Seed|[of] p1a: Trevenant\n|-heal|p1a: Trevenant|54\/100|[silent]\n|upkeep\n|turn|19\n|\n|t:|1697391254\n|move|p2a: Jamal|Crunch|p1a: Trevenant\n|-supereffective|p1a: Trevenant\n|-damage|p1a: Trevenant|0 fnt\n|faint|p1a: Trevenant\n|\n|upkeep\n|\n|t:|1697391260\n|switch|p1a: Regidrago|Regidrago|100\/100\n|-damage|p1a: Regidrago|88\/100|[from] Stealth Rock\n|-damage|p1a: Regidrago|76\/100|[from] Spikes\n|turn|20\n|\n|t:|1697391315\n|switch|p2a: Tyrone|Orthworm, M, shiny|14\/100\n|-damage|p2a: Tyrone|7\/100|[from] Stealth Rock\n|move|p1a: Regidrago|Dragon Dance|p1a: Regidrago\n|-boost|p1a: Regidrago|atk|1\n|-boost|p1a: Regidrago|spe|1\n|\n|upkeep\n|turn|21\n|\n|t:|1697391361\n|move|p1a: Regidrago|Tera Blast|p2a: Tyrone\n|-resisted|p2a: Tyrone\n|-damage|p2a: Tyrone|0 fnt\n|faint|p2a: Tyrone\n|\n|upkeep\n|\n|t:|1697391373\n|switch|p2a: LeQuisha|Goodra-Hisui, F|100\/100\n|-damage|p2a: LeQuisha|94\/100|[from] Stealth Rock\n|turn|22\n|\n|t:|1697391384\n|-terastallize|p1a: Regidrago|Electric\n|move|p1a: Regidrago|Earthquake|p2a: LeQuisha\n|-supereffective|p2a: LeQuisha\n|-enditem|p2a: LeQuisha|Shuca Berry|[eat]\n|-enditem|p2a: LeQuisha|Shuca Berry|[weaken]\n|-damage|p2a: LeQuisha|57\/100\n|move|p2a: LeQuisha|Draco Meteor|p1a: Regidrago\n|-damage|p1a: Regidrago|20\/100\n|-unboost|p2a: LeQuisha|spa|2\n|-enditem|p1a: Regidrago|Sitrus Berry|[eat]\n|-heal|p1a: Regidrago|45\/100|[from] item: Sitrus Berry\n|\n|upkeep\n|turn|23\n|\n|t:|1697391425\n|move|p1a: Regidrago|Earthquake|p2a: LeQuisha\n|-supereffective|p2a: LeQuisha\n|-damage|p2a: LeQuisha|0 fnt\n|faint|p2a: LeQuisha\n|\n|upkeep\n|\n|t:|1697391431\n|switch|p2a: KUM|Muk-Alola, F|64\/100\n|-damage|p2a: KUM|51\/100|[from] Stealth Rock\n|turn|24\n|\n|t:|1697391457\n|move|p1a: Regidrago|Earthquake|p2a: KUM\n|-supereffective|p2a: KUM\n|-damage|p2a: KUM|0 fnt\n|faint|p2a: KUM\n|\n|upkeep\n|\n|t:|1697391460\n|switch|p2a: Jamal|Okidogi, M|60\/100\n|-damage|p2a: Jamal|54\/100|[from] Stealth Rock\n|turn|25\n|c| kuronimo|jake\n|c|\u2606Jaketr4|yes\n|c| Hash_13|gg\n|c| kuronimo|ill venmo u $20 if u throw\n|c|\u2606mihnt|LMFAO\n|c|\u2606Jaketr4|yo\n|c|\u2606Jaketr4|i would but i only got attacking moves on lando t\n|c| kuronimo|yeah just um\n|c|\u2606Jaketr4|so he would lose either way\n|\n|t:|1697391512\n|move|p1a: Regidrago|Earthquake|p2a: Jamal\n|-supereffective|p2a: Jamal\n|-damage|p2a: Jamal|0 fnt\n|faint|p2a: Jamal\n|\n|win|Jaketr4\n|c|\u2606mihnt|gg\n|c|\u2606Jaketr4|gg\n","uploadtime":1697391519,"views":57,"p1id":"jaketr4","p2id":"mihnt","formatid":"gen9ubers","rating":0,"private":0,"password":""}