{"id":"gen9ubers-1994258484","p1":"EebieDB","p2":"LITLE0","format":"[Gen 9] Ubers","log":"|j|\u2606EebieDB\n|j|\u2606LITLE0\n|t:|1700424314\n|gametype|singles\n|player|p1|EebieDB|ghetsis|1000\n|player|p2|LITLE0|brock|1112\n|teamsize|p1|6\n|teamsize|p2|6\n|gen|9\n|tier|[Gen 9] Ubers\n|rated|\n|rule|Sleep Clause Mod: Limit one foe put to sleep\n|rule|Species Clause: Limit one of each Pok\u00e9mon\n|rule|OHKO Clause: OHKO moves are banned\n|rule|Evasion Items Clause: Evasion items are banned\n|rule|Evasion Moves Clause: Evasion moves are banned\n|rule|Endless Battle Clause: Forcing endless battles is banned\n|rule|HP Percentage Mod: HP is shown in percentages\n|clearpoke\n|poke|p1|Groudon|\n|poke|p1|Dialga-Origin|\n|poke|p1|Chi-Yu|\n|poke|p1|Annihilape, F|\n|poke|p1|Giratina-Origin|\n|poke|p1|Baxcalibur, F|\n|poke|p2|Blissey, F|\n|poke|p2|Dondozo, M|\n|poke|p2|Flutter Mane|\n|poke|p2|Kingambit, M|\n|poke|p2|Koraidon|\n|poke|p2|Torkoal, M|\n|teampreview\n|\n|t:|1700424326\n|start\n|switch|p1a: Dialga|Dialga-Origin, shiny|100\/100\n|switch|p2a: Torkoal|Torkoal, M|100\/100\n|-weather|SunnyDay|[from] ability: Drought|[of] p2a: Torkoal\n|turn|1\n|\n|t:|1700424337\n|switch|p1a: Groudon|Groudon, shiny|100\/100\n|move|p2a: Torkoal|Yawn|p1a: Groudon\n|-start|p1a: Groudon|move: Yawn|[of] p2a: Torkoal\n|\n|-weather|SunnyDay|[upkeep]\n|upkeep\n|turn|2\n|\n|t:|1700424343\n|move|p1a: Groudon|Fire Punch|p2a: Torkoal\n|-resisted|p2a: Torkoal\n|-damage|p2a: Torkoal|89\/100\n|move|p2a: Torkoal|Stealth Rock|p1a: Groudon\n|-sidestart|p1: EebieDB|move: Stealth Rock\n|\n|-weather|SunnyDay|[upkeep]\n|-end|p1a: Groudon|move: Yawn|[silent]\n|-status|p1a: Groudon|slp\n|upkeep\n|turn|3\n|\n|t:|1700424351\n|switch|p2a: Koraidon|Koraidon|100\/100\n|-activate|p2a: Koraidon|ability: Orichalcum Pulse\n|cant|p1a: Groudon|slp\n|\n|-weather|SunnyDay|[upkeep]\n|upkeep\n|turn|4\n|\n|t:|1700424358\n|switch|p1a: Annihilape|Annihilape, F, shiny|100\/100\n|-damage|p1a: Annihilape|94\/100|[from] Stealth Rock\n|move|p2a: Koraidon|Swords Dance|p2a: Koraidon\n|-boost|p2a: Koraidon|atk|2\n|\n|-weather|SunnyDay|[upkeep]\n|upkeep\n|turn|5\n|\n|t:|1700424366\n|-terastallize|p2a: Koraidon|Fire\n|move|p2a: Koraidon|Flame Charge|p1a: Annihilape\n|-damage|p1a: Annihilape|0 fnt\n|-boost|p2a: Koraidon|spe|1\n|faint|p1a: Annihilape\n|\n|-weather|SunnyDay|[upkeep]\n|upkeep\n|\n|t:|1700424375\n|switch|p1a: Chi-Yu|Chi-Yu|100\/100\n|-damage|p1a: Chi-Yu|76\/100|[from] Stealth Rock\n|-ability|p1a: Chi-Yu|Beads of Ruin\n|turn|6\n|\n|t:|1700424382\n|-terastallize|p1a: Chi-Yu|Dark\n|move|p2a: Koraidon|Collision Course|p1a: Chi-Yu\n|-supereffective|p1a: Chi-Yu\n|-damage|p1a: Chi-Yu|0 fnt\n|faint|p1a: Chi-Yu\n|\n|-weather|SunnyDay|[upkeep]\n|upkeep\n|\n|t:|1700424390\n|switch|p1a: Giratina|Giratina-Origin|100\/100\n|-damage|p1a: Giratina|88\/100|[from] Stealth Rock\n|turn|7\n|\n|t:|1700424394\n|move|p2a: Koraidon|Dragon Claw|p1a: Giratina\n|-supereffective|p1a: Giratina\n|-damage|p1a: Giratina|0 fnt\n|faint|p1a: Giratina\n|\n|-weather|SunnyDay|[upkeep]\n|upkeep\n|\n|t:|1700424401\n|switch|p1a: Baxcalibur|Baxcalibur, F, shiny|100\/100\n|-damage|p1a: Baxcalibur|76\/100|[from] Stealth Rock\n|turn|8\n|\n|t:|1700424405\n|move|p2a: Koraidon|Dragon Claw|p1a: Baxcalibur\n|-supereffective|p1a: Baxcalibur\n|-damage|p1a: Baxcalibur|0 fnt\n|faint|p1a: Baxcalibur\n|\n|-weather|none\n|upkeep\n|\n|t:|1700424411\n|switch|p1a: Dialga|Dialga-Origin, shiny|100\/100\n|-damage|p1a: Dialga|95\/100|[from] Stealth Rock\n|turn|9\n|\n|t:|1700424415\n|move|p2a: Koraidon|Collision Course|p1a: Dialga\n|-supereffective|p1a: Dialga\n|-damage|p1a: Dialga|0 fnt\n|faint|p1a: Dialga\n|\n|upkeep\n|\n|t:|1700424420\n|switch|p1a: Groudon|Groudon, shiny|100\/100 slp\n|-damage|p1a: Groudon|94\/100 slp|[from] Stealth Rock\n|-weather|SunnyDay|[from] ability: Drought|[of] p1a: Groudon\n|turn|10\n|\n|t:|1700424427\n|move|p2a: Koraidon|Flame Charge|p1a: Groudon\n|-damage|p1a: Groudon|6\/100 slp\n|-boost|p2a: Koraidon|spe|1\n|cant|p1a: Groudon|slp\n|\n|-weather|SunnyDay|[upkeep]\n|upkeep\n|turn|11\n|\n|t:|1700424435\n|move|p2a: Koraidon|Flame Charge|p1a: Groudon\n|-damage|p1a: Groudon|0 fnt\n|-boost|p2a: Koraidon|spe|1\n|faint|p1a: Groudon\n|\n|win|LITLE0\n|raw|EebieDB's rating: 1000 &rarr; <strong>1000<\/strong><br \/>(+0 for losing)\n|raw|LITLE0's rating: 1112 &rarr; <strong>1129<\/strong><br \/>(+17 for winning)\n","uploadtime":1700424440,"views":4,"p1id":"eebiedb","p2id":"litle0","formatid":"gen9ubers","rating":1000,"private":0,"password":""}