{"id":"gen9ubers-1981051681","p1":"uubers account","p2":"clorboycoctopus","format":"[Gen 9] Ubers","log":"|j|\u2606uubers account\n|j|\u2606clorboycoctopus\n|t:|1698859758\n|gametype|singles\n|player|p1|uubers account|2|\n|player|p2|clorboycoctopus|blackbelt-gen4dp|\n|teamsize|p1|6\n|teamsize|p2|6\n|gen|9\n|tier|[Gen 9] Ubers\n|rule|Sleep Clause Mod: Limit one foe put to sleep\n|rule|Species Clause: Limit one of each Pok\u00e9mon\n|rule|OHKO Clause: OHKO moves are banned\n|rule|Evasion Items Clause: Evasion items are banned\n|rule|Evasion Moves Clause: Evasion moves are banned\n|rule|Endless Battle Clause: Forcing endless battles is banned\n|rule|HP Percentage Mod: HP is shown in percentages\n|clearpoke\n|poke|p1|Dialga|\n|poke|p1|Magearna|\n|poke|p1|Arceus-Ghost|\n|poke|p1|Garganacl, M|\n|poke|p1|Shaymin-Sky|\n|poke|p1|Palafin, M|\n|poke|p2|Spectrier|\n|poke|p2|Masquerain, F|\n|poke|p2|Cyclizar, M|\n|poke|p2|Landorus, M|\n|poke|p2|Zacian-*|\n|poke|p2|Arceus-Fire|\n|teampreview\n|\n|t:|1698859767\n|start\n|switch|p1a: Palafin|Palafin, M|100\/100\n|switch|p2a: Masquerain|Masquerain, F|100\/100\n|-ability|p2a: Masquerain|Intimidate|boost\n|-unboost|p1a: Palafin|atk|1\n|turn|1\n|\n|t:|1698859779\n|detailschange|p1a: Palafin|Palafin-Hero, M\n|switch|p1a: Garganacl|Garganacl, M|100\/100\n|move|p2a: Masquerain|Stun Spore|p1a: Garganacl\n|-immune|p1a: Garganacl|[from] ability: Purifying Salt\n|\n|upkeep\n|turn|2\n|\n|t:|1698859785\n|move|p2a: Masquerain|Sticky Web|p1a: Garganacl\n|-sidestart|p1: uubers account|move: Sticky Web\n|move|p1a: Garganacl|Salt Cure|p2a: Masquerain\n|-supereffective|p2a: Masquerain\n|-enditem|p2a: Masquerain|Focus Sash\n|-damage|p2a: Masquerain|1\/100\n|-start|p2a: Masquerain|Salt Cure\n|\n|-damage|p2a: Masquerain|0 fnt|[from] Salt Cure\n|faint|p2a: Masquerain\n|upkeep\n|\n|t:|1698859794\n|switch|p2a: Cyclizar|Cyclizar, M|100\/100\n|turn|3\n|\n|t:|1698859808\n|switch|p1a: Dialga|Dialga|100\/100\n|-activate|p1a: Dialga|move: Sticky Web\n|-unboost|p1a: Dialga|spe|1\n|-ability|p1a: Dialga|Pressure\n|move|p2a: Cyclizar|Shed Tail|p2a: Cyclizar\n|-start|p2a: Cyclizar|Substitute|[from] move: Shed Tail\n|-damage|p2a: Cyclizar|50\/100\n|\n|t:|1698859815\n|switch|p2a: Landorus|Landorus, M|100\/100|[from] Shed Tail\n|\n|upkeep\n|turn|4\n|\n|t:|1698859821\n|-terastallize|p1a: Dialga|Water\n|move|p2a: Landorus|Earth Power|p1a: Dialga\n|-damage|p1a: Dialga|55\/100\n|move|p1a: Dialga|Roar|p2a: Landorus\n|drag|p2a: Zacian|Zacian|100\/100\n|-ability|p2a: Zacian|Intrepid Sword|boost\n|-boost|p2a: Zacian|atk|1\n|\n|-heal|p1a: Dialga|61\/100|[from] item: Leftovers\n|upkeep\n|turn|5\n|\n|t:|1698859831\n|switch|p1a: Magearna|Magearna|100\/100\n|-activate|p1a: Magearna|move: Sticky Web\n|-unboost|p1a: Magearna|spe|1\n|move|p2a: Zacian|Swords Dance|p2a: Zacian\n|-boost|p2a: Zacian|atk|2\n|\n|upkeep\n|turn|6\n|\n|t:|1698859840\n|move|p2a: Zacian|Play Rough|p1a: Magearna\n|-resisted|p1a: Magearna\n|-damage|p1a: Magearna|60\/100\n|-damage|p2a: Zacian|91\/100|[from] item: Life Orb\n|move|p1a: Magearna|Encore|p2a: Zacian\n|-start|p2a: Zacian|Encore\n|\n|-heal|p1a: Magearna|66\/100|[from] item: Leftovers\n|upkeep\n|turn|7\n|\n|t:|1698859856\n|move|p2a: Zacian|Play Rough|p1a: Magearna\n|-resisted|p1a: Magearna\n|-damage|p1a: Magearna|19\/100\n|-damage|p2a: Zacian|81\/100|[from] item: Life Orb\n|move|p1a: Magearna|Volt Switch|p2a: Zacian\n|-damage|p2a: Zacian|60\/100\n|\n|t:|1698859859\n|switch|p1a: Garganacl|Garganacl, M|100\/100|[from] Volt Switch\n|-activate|p1a: Garganacl|move: Sticky Web\n|-unboost|p1a: Garganacl|spe|1\n|\n|upkeep\n|turn|8\n|\n|t:|1698859863\n|move|p2a: Zacian|Play Rough|p1a: Garganacl\n|-damage|p1a: Garganacl|3\/100\n|-damage|p2a: Zacian|50\/100|[from] item: Life Orb\n|move|p1a: Garganacl|Salt Cure|p2a: Zacian\n|-damage|p2a: Zacian|36\/100\n|-start|p2a: Zacian|Salt Cure\n|\n|-heal|p1a: Garganacl|9\/100|[from] item: Leftovers\n|-damage|p2a: Zacian|24\/100|[from] Salt Cure\n|upkeep\n|turn|9\n|\n|t:|1698859870\n|move|p1a: Garganacl|Protect|p1a: Garganacl\n|-singleturn|p1a: Garganacl|Protect\n|move|p2a: Zacian|Play Rough|p1a: Garganacl\n|-activate|p1a: Garganacl|move: Protect\n|\n|-heal|p1a: Garganacl|15\/100|[from] item: Leftovers\n|-damage|p2a: Zacian|12\/100|[from] Salt Cure\n|-end|p2a: Zacian|Encore\n|upkeep\n|turn|10\n|\n|t:|1698859888\n|move|p2a: Zacian|Crunch|p1a: Garganacl\n|-damage|p1a: Garganacl|0 fnt\n|faint|p1a: Garganacl\n|-damage|p2a: Zacian|2\/100|[from] item: Life Orb\n|\n|-damage|p2a: Zacian|0 fnt|[from] Salt Cure\n|faint|p2a: Zacian\n|upkeep\n|\n|t:|1698859897\n|switch|p2a: Spectrier|Spectrier|100\/100\n|switch|p1a: Magearna|Magearna|19\/100\n|-activate|p1a: Magearna|move: Sticky Web\n|-unboost|p1a: Magearna|spe|1\n|turn|11\n|\n|t:|1698859910\n|move|p2a: Spectrier|Calm Mind|p2a: Spectrier\n|-boost|p2a: Spectrier|spa|1\n|-boost|p2a: Spectrier|spd|1\n|move|p1a: Magearna|Encore|p2a: Spectrier\n|-start|p2a: Spectrier|Encore\n|\n|-heal|p1a: Magearna|25\/100|[from] item: Leftovers\n|upkeep\n|turn|12\n|\n|t:|1698859913\n|move|p2a: Spectrier|Calm Mind|p2a: Spectrier\n|-boost|p2a: Spectrier|spa|1\n|-boost|p2a: Spectrier|spd|1\n|move|p1a: Magearna|Spikes|p2a: Spectrier\n|-sidestart|p2: clorboycoctopus|Spikes\n|\n|-heal|p1a: Magearna|31\/100|[from] item: Leftovers\n|upkeep\n|turn|13\n|\n|t:|1698859916\n|move|p2a: Spectrier|Calm Mind|p2a: Spectrier\n|-boost|p2a: Spectrier|spa|1\n|-boost|p2a: Spectrier|spd|1\n|move|p1a: Magearna|Volt Switch|p2a: Spectrier\n|-crit|p2a: Spectrier\n|-damage|p2a: Spectrier|68\/100\n|\n|t:|1698859922\n|switch|p1a: Palafin|Palafin-Hero, M|100\/100|[from] Volt Switch\n|-activate|p1a: Palafin|move: Sticky Web\n|-unboost|p1a: Palafin|spe|1\n|-activate|p1a: Palafin|ability: Zero to Hero\n|\n|-heal|p2a: Spectrier|74\/100|[from] item: Leftovers\n|upkeep\n|turn|14\n|\n|t:|1698859926\n|move|p1a: Palafin|Jet Punch|p2a: Spectrier\n|-damage|p2a: Spectrier|0 fnt\n|faint|p2a: Spectrier\n|\n|upkeep\n|\n|t:|1698859929\n|switch|p2a: Arceus|Arceus-Fire|100\/100\n|-damage|p2a: Arceus|88\/100|[from] Spikes\n|turn|15\n|\n|t:|1698859933\n|-terastallize|p2a: Arceus|Grass\n|move|p1a: Palafin|Jet Punch|p2a: Arceus\n|-resisted|p2a: Arceus\n|-damage|p2a: Arceus|64\/100\n|move|p2a: Arceus|Wild Charge|p1a: Palafin\n|-supereffective|p1a: Palafin\n|-damage|p1a: Palafin|52\/100\n|-damage|p2a: Arceus|51\/100|[from] Recoil\n|\n|upkeep\n|turn|16\n|c|\u2606uubers account|wild charge is crazy\n|c|\u2606clorboycoctopus|its pretty good\n|\n|t:|1698859960\n|switch|p1a: Magearna|Magearna|31\/100\n|-activate|p1a: Magearna|move: Sticky Web\n|-unboost|p1a: Magearna|spe|1\n|move|p2a: Arceus|Dragon Dance|p2a: Arceus\n|-boost|p2a: Arceus|atk|1\n|-boost|p2a: Arceus|spe|1\n|\n|-heal|p1a: Magearna|37\/100|[from] item: Leftovers\n|upkeep\n|turn|17\n|\n|t:|1698859969\n|move|p2a: Arceus|Flare Blitz|p1a: Magearna\n|-supereffective|p1a: Magearna\n|-damage|p1a: Magearna|0 fnt\n|faint|p1a: Magearna\n|-damage|p2a: Arceus|39\/100|[from] Recoil\n|\n|upkeep\n|\n|t:|1698859982\n|switch|p1a: Dialga|Dialga, tera:Water|61\/100\n|-activate|p1a: Dialga|move: Sticky Web\n|-unboost|p1a: Dialga|spe|1\n|-ability|p1a: Dialga|Pressure\n|turn|18\n|\n|t:|1698859987\n|move|p2a: Arceus|Wild Charge|p1a: Dialga\n|-supereffective|p1a: Dialga\n|-damage|p1a: Dialga|0 fnt\n|faint|p1a: Dialga\n|-damage|p2a: Arceus|23\/100|[from] Recoil\n|\n|upkeep\n|\n|t:|1698860011\n|switch|p1a: Shaymin|Shaymin-Sky|100\/100\n|turn|19\n|\n|t:|1698860015\n|move|p2a: Arceus|Recover|p2a: Arceus\n|-heal|p2a: Arceus|73\/100\n|move|p1a: Shaymin|Air Slash|p2a: Arceus\n|-supereffective|p2a: Arceus\n|-damage|p2a: Arceus|18\/100\n|\n|upkeep\n|turn|20\n|\n|t:|1698860019\n|move|p2a: Arceus|Flare Blitz|p1a: Shaymin\n|-supereffective|p1a: Shaymin\n|-damage|p1a: Shaymin|0 fnt\n|faint|p1a: Shaymin\n|-damage|p2a: Arceus|0 fnt|[from] Recoil\n|faint|p2a: Arceus\n|\n|upkeep\n|\n|t:|1698860051\n|switch|p1a: Palafin|Palafin-Hero, M|52\/100\n|switch|p2a: Cyclizar|Cyclizar, M|84\/100\n|-activate|p1a: Palafin|move: Sticky Web\n|-unboost|p1a: Palafin|spe|1\n|turn|21\n|\n|t:|1698860055\n|move|p1a: Palafin|Jet Punch|p2a: Cyclizar\n|-resisted|p2a: Cyclizar\n|-damage|p2a: Cyclizar|44\/100\n|move|p2a: Cyclizar|Knock Off|p1a: Palafin\n|-damage|p1a: Palafin|33\/100\n|-enditem|p1a: Palafin|Choice Band|[from] move: Knock Off|[of] p2a: Cyclizar\n|\n|upkeep\n|turn|22\n|\n|t:|1698860071\n|move|p2a: Cyclizar|U-turn|p1a: Palafin\n|-damage|p1a: Palafin|19\/100\n|\n|t:|1698860073\n|switch|p2a: Landorus|Landorus, M|100\/100|[from] U-turn\n|move|p1a: Palafin|Close Combat|p2a: Landorus\n|-resisted|p2a: Landorus\n|-damage|p2a: Landorus|69\/100\n|-unboost|p1a: Palafin|def|1\n|-unboost|p1a: Palafin|spd|1\n|\n|upkeep\n|turn|23\n|\n|t:|1698860080\n|move|p1a: Palafin|Jet Punch|p2a: Landorus\n|-supereffective|p2a: Landorus\n|-damage|p2a: Landorus|0 fnt\n|faint|p2a: Landorus\n|\n|upkeep\n|\n|t:|1698860082\n|switch|p2a: Cyclizar|Cyclizar, M|78\/100\n|turn|24\n|c|\u2606uubers account|gg\n|\n|t:|1698860085\n|move|p2a: Cyclizar|Knock Off|p1a: Palafin\n|-damage|p1a: Palafin|0 fnt\n|faint|p1a: Palafin\n|\n|upkeep\n|c|\u2606clorboycoctopus|gg\n|\n|t:|1698860087\n|switch|p1a: Arceus|Arceus-Ghost|100\/100\n|-activate|p1a: Arceus|move: Sticky Web\n|-unboost|p1a: Arceus|spe|1\n|turn|25\n|\n|t:|1698860092\n|move|p1a: Arceus|Extreme Speed|p2a: Cyclizar\n|-damage|p2a: Cyclizar|38\/100\n|move|p2a: Cyclizar|Knock Off|p1a: Arceus\n|-supereffective|p1a: Arceus\n|-damage|p1a: Arceus|82\/100\n|\n|upkeep\n|turn|26\n|\n|t:|1698860098\n|move|p1a: Arceus|Extreme Speed|p2a: Cyclizar\n|-damage|p2a: Cyclizar|0 fnt\n|faint|p2a: Cyclizar\n|\n|win|uubers account\n","uploadtime":1698860104,"views":12,"p1id":"uubersaccount","p2id":"clorboycoctopus","formatid":"gen9ubers","rating":0,"private":0,"password":""}