{"id":"gen9ubers-1972598897","p1":"Uubers account","p2":"Laprasrules12","format":"[Gen 9] Ubers","log":"|j|\u2606Uubers account\n|j|\u2606Laprasrules12\n|t:|1697862269\n|gametype|singles\n|player|p1|Uubers account|marnie-league|\n|player|p2|Laprasrules12|lusamine-nihilego|\n|teamsize|p1|6\n|teamsize|p2|6\n|gen|9\n|tier|[Gen 9] Ubers\n|rule|Sleep Clause Mod: Limit one foe put to sleep\n|rule|Species Clause: Limit one of each Pok\u00e9mon\n|rule|OHKO Clause: OHKO moves are banned\n|rule|Evasion Items Clause: Evasion items are banned\n|rule|Evasion Moves Clause: Evasion moves are banned\n|rule|Endless Battle Clause: Forcing endless battles is banned\n|rule|HP Percentage Mod: HP is shown in percentages\n|clearpoke\n|poke|p1|Gliscor, F|\n|poke|p1|Ogerpon, F|\n|poke|p1|Arceus-Dark|\n|poke|p1|Magearna|\n|poke|p1|Palkia-Origin|\n|poke|p1|Chi-Yu|\n|poke|p2|Arceus-Fighting|\n|poke|p2|Espathra, F|\n|poke|p2|Zacian-*|\n|poke|p2|Palkia-Origin|\n|poke|p2|Cyclizar, M|\n|poke|p2|Magearna-Original|\n|teampreview\n|inactive|Battle timer is ON: inactive players will automatically lose when time's up. (requested by Laprasrules12)\n|j| fwuffypetsowo\n|inactive|Uubers account has 270 seconds left.\n|\n|t:|1697862328\n|start\n|switch|p1a: Magearna|Magearna|100\/100\n|switch|p2a: Say Gex|Cyclizar, M, shiny|100\/100\n|turn|1\n|\n|t:|1697862332\n|move|p2a: Say Gex|Shed Tail|p2a: Say Gex\n|-start|p2a: Say Gex|Substitute|[from] move: Shed Tail\n|-damage|p2a: Say Gex|50\/100\n|\n|t:|1697862336\n|switch|p2a: Cleopatra|Espathra, F, shiny|100\/100|[from] Shed Tail\n|move|p1a: Magearna|Fleur Cannon|p2a: Cleopatra\n|-end|p2a: Cleopatra|Substitute\n|-unboost|p1a: Magearna|spa|2\n|\n|upkeep\n|turn|2\n|\n|t:|1697862341\n|move|p2a: Cleopatra|Protect|p2a: Cleopatra\n|-singleturn|p2a: Cleopatra|Protect\n|move|p1a: Magearna|Thunder Wave|p2a: Cleopatra\n|-activate|p2a: Cleopatra|move: Protect\n|\n|-ability|p2a: Cleopatra|Speed Boost|boost\n|-boost|p2a: Cleopatra|spe|1\n|upkeep\n|turn|3\n|\n|t:|1697862345\n|switch|p2a: Pok\u00e9ball|Magearna-Original|100\/100\n|move|p1a: Magearna|Thunder Wave|p2a: Pok\u00e9ball\n|-status|p2a: Pok\u00e9ball|par\n|\n|upkeep\n|turn|4\n|\n|t:|1697862357\n|switch|p2a: Sif|Zacian, shiny|100\/100\n|-ability|p2a: Sif|Intrepid Sword|boost\n|-boost|p2a: Sif|atk|1\n|move|p1a: Magearna|Spikes|p2a: Sif\n|-sidestart|p2: Laprasrules12|Spikes\n|\n|upkeep\n|turn|5\n|\n|t:|1697862363\n|move|p2a: Sif|Close Combat|p1a: Magearna\n|-damage|p1a: Magearna|56\/100\n|-unboost|p2a: Sif|def|1\n|-unboost|p2a: Sif|spd|1\n|-damage|p2a: Sif|91\/100|[from] item: Life Orb\n|move|p1a: Magearna|Thunder Wave|p2a: Sif\n|-status|p2a: Sif|par\n|\n|-heal|p1a: Magearna|62\/100|[from] item: Leftovers\n|upkeep\n|turn|6\n|\n|t:|1697862370\n|cant|p2a: Sif|par\n|move|p1a: Magearna|Volt Switch|p2a: Sif\n|-damage|p2a: Sif|76\/100 par\n|\n|t:|1697862383\n|switch|p1a: Palkia|Palkia-Origin|100\/100|[from] Volt Switch\n|-ability|p1a: Palkia|Pressure\n|\n|upkeep\n|turn|7\n|\n|t:|1697862388\n|move|p1a: Palkia|Hydro Pump|p2a: Sif\n|-damage|p2a: Sif|0 fnt\n|faint|p2a: Sif\n|\n|upkeep\n|\n|t:|1697862393\n|switch|p2a: Cleopatra|Espathra, F, shiny|100\/100\n|-damage|p2a: Cleopatra|88\/100|[from] Spikes\n|turn|8\n|\n|t:|1697862398\n|switch|p1a: Arceus|Arceus-Dark|100\/100\n|move|p2a: Cleopatra|Protect||[still]\n|-fail|p2a: Cleopatra\n|\n|-heal|p2a: Cleopatra|94\/100|[from] item: Leftovers\n|-ability|p2a: Cleopatra|Speed Boost|boost\n|-boost|p2a: Cleopatra|spe|1\n|upkeep\n|turn|9\n|\n|t:|1697862402\n|move|p2a: Cleopatra|Protect|p2a: Cleopatra\n|-singleturn|p2a: Cleopatra|Protect\n|move|p1a: Arceus|Taunt|p2a: Cleopatra\n|-activate|p2a: Cleopatra|move: Protect\n|\n|-heal|p2a: Cleopatra|99\/100|[from] item: Leftovers\n|-ability|p2a: Cleopatra|Speed Boost|boost\n|-boost|p2a: Cleopatra|spe|1\n|upkeep\n|turn|10\n|\n|t:|1697862408\n|-terastallize|p2a: Cleopatra|Fighting\n|move|p2a: Cleopatra|Calm Mind|p2a: Cleopatra\n|-boost|p2a: Cleopatra|spa|1\n|-boost|p2a: Cleopatra|spd|1\n|move|p1a: Arceus|Judgment|p2a: Cleopatra\n|-resisted|p2a: Cleopatra\n|-damage|p2a: Cleopatra|78\/100\n|\n|-heal|p2a: Cleopatra|84\/100|[from] item: Leftovers\n|-ability|p2a: Cleopatra|Speed Boost|boost\n|-boost|p2a: Cleopatra|spe|1\n|upkeep\n|turn|11\n|\n|t:|1697862415\n|move|p2a: Cleopatra|Protect|p2a: Cleopatra\n|-singleturn|p2a: Cleopatra|Protect\n|move|p1a: Arceus|Taunt|p2a: Cleopatra\n|-activate|p2a: Cleopatra|move: Protect\n|\n|-heal|p2a: Cleopatra|90\/100|[from] item: Leftovers\n|-ability|p2a: Cleopatra|Speed Boost|boost\n|-boost|p2a: Cleopatra|spe|1\n|upkeep\n|turn|12\n|\n|t:|1697862418\n|-terastallize|p1a: Arceus|Fairy\n|move|p2a: Cleopatra|Calm Mind|p2a: Cleopatra\n|-boost|p2a: Cleopatra|spa|1\n|-boost|p2a: Cleopatra|spd|1\n|move|p1a: Arceus|Taunt|p2a: Cleopatra\n|-start|p2a: Cleopatra|move: Taunt\n|\n|-heal|p2a: Cleopatra|96\/100|[from] item: Leftovers\n|-ability|p2a: Cleopatra|Speed Boost|boost\n|-boost|p2a: Cleopatra|spe|1\n|upkeep\n|turn|13\n|\n|t:|1697862434\n|switch|p1a: Magearna|Magearna|62\/100\n|move|p2a: Cleopatra|Stored Power|p1a: Magearna\n|-resisted|p1a: Magearna\n|-damage|p1a: Magearna|0 fnt\n|faint|p1a: Magearna\n|\n|-heal|p2a: Cleopatra|100\/100|[from] item: Leftovers\n|-ability|p2a: Cleopatra|Speed Boost|boost\n|-boost|p2a: Cleopatra|spe|1\n|upkeep\n|\n|t:|1697862437\n|switch|p1a: Chi-Yu|Chi-Yu|100\/100\n|-ability|p1a: Chi-Yu|Beads of Ruin\n|turn|14\n|\n|t:|1697862461\n|move|p2a: Cleopatra|Tera Blast|p1a: Chi-Yu|[anim] Tera Blast Fighting\n|-supereffective|p1a: Chi-Yu\n|-damage|p1a: Chi-Yu|0 fnt\n|faint|p1a: Chi-Yu\n|\n|upkeep\n|\n|t:|1697862475\n|switch|p1a: Gliscor|Gliscor, F|100\/100\n|turn|15\n|\n|t:|1697862481\n|move|p2a: Cleopatra|Stored Power|p1a: Gliscor\n|-damage|p1a: Gliscor|0 fnt\n|faint|p1a: Gliscor\n|\n|-end|p2a: Cleopatra|move: Taunt\n|upkeep\n|-message|Uubers account forfeited.\n|\n|win|Laprasrules12\n|l|\u2606Uubers account\n","uploadtime":1697862490,"views":28,"p1id":"uubersaccount","p2id":"laprasrules12","formatid":"gen9ubers","rating":0,"private":0,"password":""}