{"id":"gen9ubers-1997730320","p1":"PSrandomname","p2":"gkgmjmhh","format":"[Gen 9] Ubers","log":"|j|\u2606PSrandomname\n|j|\u2606gkgmjmhh\n|t:|1700846562\n|gametype|singles\n|player|p1|PSrandomname|crasherwake|1071\n|player|p2|gkgmjmhh|169|1040\n|teamsize|p1|6\n|teamsize|p2|6\n|gen|9\n|tier|[Gen 9] Ubers\n|rated|\n|rule|Sleep Clause Mod: Limit one foe put to sleep\n|rule|Species Clause: Limit one of each Pok\u00e9mon\n|rule|OHKO Clause: OHKO moves are banned\n|rule|Evasion Items Clause: Evasion items are banned\n|rule|Evasion Moves Clause: Evasion moves are banned\n|rule|Endless Battle Clause: Forcing endless battles is banned\n|rule|HP Percentage Mod: HP is shown in percentages\n|clearpoke\n|poke|p1|Miraidon|\n|poke|p1|Zacian-*|\n|poke|p1|Arceus-Psychic|\n|poke|p1|Basculegion, M|\n|poke|p1|Espathra, F|\n|poke|p1|Gliscor, M|\n|poke|p2|Sneasler, F|\n|poke|p2|Grimmsnarl, M|\n|poke|p2|Miraidon|\n|poke|p2|Zacian-*|\n|poke|p2|Arceus-Ground|\n|poke|p2|Calyrex-Ice|\n|teampreview\n|\n|t:|1700846573\n|start\n|switch|p1a: Gliscor|Gliscor, M, shiny|100\/100\n|switch|p2a: Grimmsnarl|Grimmsnarl, M|100\/100\n|turn|1\n|\n|t:|1700846581\n|move|p2a: Grimmsnarl|Taunt|p1a: Gliscor\n|-start|p1a: Gliscor|move: Taunt\n|cant|p1a: Gliscor|move: Taunt|Toxic\n|\n|-status|p1a: Gliscor|tox|[from] item: Toxic Orb\n|upkeep\n|turn|2\n|\n|t:|1700846588\n|move|p2a: Grimmsnarl|Reflect|p2a: Grimmsnarl\n|-sidestart|p2: gkgmjmhh|Reflect\n|-activate|p1a: Gliscor|move: Struggle\n|move|p1a: Gliscor|Struggle|p2a: Grimmsnarl\n|-damage|p2a: Grimmsnarl|94\/100\n|-damage|p1a: Gliscor|75\/100 tox|[from] recoil\n|\n|-heal|p1a: Gliscor|88\/100 tox|[from] ability: Poison Heal\n|upkeep\n|turn|3\n|\n|t:|1700846593\n|move|p2a: Grimmsnarl|Light Screen|p2a: Grimmsnarl\n|-sidestart|p2: gkgmjmhh|move: Light Screen\n|-activate|p1a: Gliscor|move: Struggle\n|move|p1a: Gliscor|Struggle|p2a: Grimmsnarl\n|-damage|p2a: Grimmsnarl|89\/100\n|-damage|p1a: Gliscor|63\/100 tox|[from] recoil\n|\n|-heal|p1a: Gliscor|75\/100 tox|[from] ability: Poison Heal\n|-end|p1a: Gliscor|move: Taunt\n|upkeep\n|turn|4\n|\n|t:|1700846598\n|move|p1a: Gliscor|Protect|p1a: Gliscor\n|-singleturn|p1a: Gliscor|Protect\n|move|p2a: Grimmsnarl|Taunt|p1a: Gliscor\n|-activate|p1a: Gliscor|move: Protect\n|\n|-heal|p1a: Gliscor|87\/100 tox|[from] ability: Poison Heal\n|upkeep\n|turn|5\n|\n|t:|1700846606\n|move|p2a: Grimmsnarl|Taunt|p1a: Gliscor\n|-start|p1a: Gliscor|move: Taunt\n|cant|p1a: Gliscor|move: Taunt|Toxic Spikes\n|\n|-heal|p1a: Gliscor|99\/100 tox|[from] ability: Poison Heal\n|upkeep\n|turn|6\n|inactive|Battle timer is ON: inactive players will automatically lose when time's up. (requested by PSrandomname)\n|\n|t:|1700846626\n|switch|p1a: Arceus|Arceus-Psychic|100\/100\n|switch|p2a: Calyrex|Calyrex-Ice|100\/100\n|-ability|p2a: Calyrex|As One\n|-ability|p2a: Calyrex|Unnerve\n|\n|upkeep\n|turn|7\n|\n|t:|1700846636\n|move|p1a: Arceus|Flamethrower|p2a: Calyrex\n|-supereffective|p2a: Calyrex\n|-damage|p2a: Calyrex|81\/100\n|move|p2a: Calyrex|Trick Room|p2a: Calyrex\n|-fieldstart|move: Trick Room|[of] p2a: Calyrex\n|\n|upkeep\n|turn|8\n|\n|t:|1700846642\n|switch|p1a: Gliscor|Gliscor, M, shiny|99\/100 tox\n|move|p2a: Calyrex|Swords Dance|p2a: Calyrex\n|-boost|p2a: Calyrex|atk|2\n|\n|-heal|p1a: Gliscor|100\/100 tox|[from] ability: Poison Heal\n|upkeep\n|turn|9\n|\n|t:|1700846647\n|move|p2a: Calyrex|Glacial Lance|p1a: Gliscor\n|-supereffective|p1a: Gliscor\n|-damage|p1a: Gliscor|0 fnt\n|faint|p1a: Gliscor\n|-ability|p2a: Calyrex|Chilling Neigh|boost\n|-boost|p2a: Calyrex|atk|1\n|\n|-sideend|p2: gkgmjmhh|Reflect\n|upkeep\n|\n|t:|1700846654\n|switch|p1a: Arceus|Arceus-Psychic|100\/100\n|turn|10\n|-message|PSrandomname forfeited.\n|\n|win|gkgmjmhh\n|raw|PSrandomname's rating: 1071 &rarr; <strong>1049<\/strong><br \/>(-22 for losing)\n|raw|gkgmjmhh's rating: 1040 &rarr; <strong>1077<\/strong><br \/>(+37 for winning)\n|l|\u2606PSrandomname\n","uploadtime":1700846664,"views":1,"p1id":"psrandomname","p2id":"gkgmjmhh","formatid":"gen9ubers","rating":1049,"private":0,"password":""}