{"id":"gen9ubers-1990216164","p1":"BossShuckle","p2":"ajpjlm","format":"[Gen 9] Ubers","log":"|j|\u2606BossShuckle\n|j|\u2606ajpjlm\n|t:|1699938769\n|gametype|singles\n|player|p1|BossShuckle|veteran|\n|player|p2|ajpjlm|brycenman|\n|teamsize|p1|6\n|teamsize|p2|6\n|gen|9\n|tier|[Gen 9] Ubers\n|rule|Sleep Clause Mod: Limit one foe put to sleep\n|rule|Species Clause: Limit one of each Pok\u00e9mon\n|rule|OHKO Clause: OHKO moves are banned\n|rule|Evasion Items Clause: Evasion items are banned\n|rule|Evasion Moves Clause: Evasion moves are banned\n|rule|Endless Battle Clause: Forcing endless battles is banned\n|rule|HP Percentage Mod: HP is shown in percentages\n|clearpoke\n|poke|p1|Scream Tail|\n|poke|p1|Dondozo, F|\n|poke|p1|Slowbro, M|\n|poke|p1|Iron Hands|\n|poke|p1|Mesprit|\n|poke|p1|Coalossal, F|\n|poke|p2|Manaphy|\n|poke|p2|Florges-White, F|\n|poke|p2|Decidueye-Hisui, M|\n|poke|p2|Heatran, F|\n|poke|p2|Zoroark-Hisui, F|\n|poke|p2|Houndstone, M|\n|teampreview\n|j| guner9542\n|j| KingDuns\n|j| MaxiumMeda\n|j| tom chwando\n|c| KingDuns|Start and time\n|inactive|Battle timer is ON: inactive players will automatically lose when time's up. (requested by ajpjlm)\n|c| KingDuns|Not shiny Florges, throwing\n|\n|t:|1699938831\n|start\n|switch|p1a: Fast AF|Coalossal, F|100\/100\n|switch|p2a: Heatran|Heatran, F|100\/100\n|turn|1\n|\n|t:|1699938838\n|move|p2a: Heatran|Earth Power|p1a: Fast AF\n|-supereffective|p1a: Fast AF\n|-damage|p1a: Fast AF|0 fnt\n|faint|p1a: Fast AF\n|\n|upkeep\n|\n|t:|1699938844\n|switch|p1a: Forklift Certified|Dondozo, F|100\/100\n|turn|2\n|\n|t:|1699938847\n|switch|p2a: Houndstone|Houndstone, M|100\/100\n|move|p1a: Forklift Certified|Liquidation|p2a: Houndstone\n|-damage|p2a: Houndstone|81\/100\n|\n|-heal|p2a: Houndstone|87\/100|[from] item: Leftovers\n|upkeep\n|turn|3\n|\n|t:|1699938860\n|switch|p1a: Katy Perry|Scream Tail|100\/100\n|move|p2a: Houndstone|Will-O-Wisp|p1a: Katy Perry|[miss]\n|-miss|p2a: Houndstone|p1a: Katy Perry\n|\n|-heal|p2a: Houndstone|93\/100|[from] item: Leftovers\n|upkeep\n|turn|4\n|\n|t:|1699938883\n|switch|p2a: Heatran|Heatran, F|100\/100\n|move|p1a: Katy Perry|Thunder Wave|p2a: Heatran\n|-status|p2a: Heatran|par\n|\n|upkeep\n|turn|5\n|\n|t:|1699938897\n|-end|p1a: Katy Perry|Protosynthesis|[silent]\n|switch|p1a: Forklift Certified|Dondozo, F|100\/100\n|move|p2a: Heatran|Magma Storm|p1a: Forklift Certified\n|-resisted|p1a: Forklift Certified\n|-damage|p1a: Forklift Certified|59\/100\n|-activate|p1a: Forklift Certified|move: Magma Storm|[of] p2a: Heatran\n|\n|-damage|p1a: Forklift Certified|47\/100|[from] move: Magma Storm|[partiallytrapped]\n|upkeep\n|turn|6\n|\n|t:|1699938909\n|switch|p2a: Houndstone|Houndstone, M|93\/100\n|move|p1a: Forklift Certified|Earthquake|p2a: Houndstone\n|-damage|p2a: Houndstone|58\/100\n|\n|-heal|p2a: Houndstone|64\/100|[from] item: Leftovers\n|-end|p1a: Forklift Certified|Magma Storm|[partiallytrapped]|[silent]\n|upkeep\n|turn|7\n|\n|t:|1699938918\n|switch|p1a: Pats Waifu|Mesprit|100\/100\n|move|p2a: Houndstone|Will-O-Wisp|p1a: Pats Waifu|[miss]\n|-miss|p2a: Houndstone|p1a: Pats Waifu\n|\n|-heal|p2a: Houndstone|70\/100|[from] item: Leftovers\n|upkeep\n|turn|8\n|\n|t:|1699938927\n|switch|p2a: Heatran|Heatran, F|100\/100 par\n|-terastallize|p1a: Pats Waifu|Dark\n|move|p1a: Pats Waifu|Tera Blast|p2a: Heatran|[anim] Tera Blast Dark\n|-damage|p2a: Heatran|69\/100 par\n|\n|upkeep\n|turn|9\n|\n|t:|1699938935\n|switch|p1a: Slowjoe|Slowbro, M|100\/100\n|cant|p2a: Heatran|par\n|\n|upkeep\n|turn|10\n|\n|t:|1699938941\n|move|p2a: Heatran|Dark Pulse|p1a: Slowjoe\n|-supereffective|p1a: Slowjoe\n|-damage|p1a: Slowjoe|8\/100\n|move|p1a: Slowjoe|Calm Mind|p1a: Slowjoe\n|-boost|p1a: Slowjoe|spa|1\n|-boost|p1a: Slowjoe|spd|1\n|\n|-heal|p1a: Slowjoe|14\/100|[from] item: Leftovers\n|upkeep\n|turn|11\n|inactive|BossShuckle has 270 seconds left.\n|\n|t:|1699938975\n|move|p2a: Heatran|Dark Pulse|p1a: Slowjoe\n|-supereffective|p1a: Slowjoe\n|-damage|p1a: Slowjoe|0 fnt\n|faint|p1a: Slowjoe\n|\n|upkeep\n|inactive|BossShuckle has 270 seconds left.\n|\n|t:|1699938996\n|switch|p1a: Forklift Certified|Dondozo, F|47\/100\n|turn|12\n|\n|t:|1699939000\n|switch|p2a: Houndstone|Houndstone, M|70\/100\n|move|p1a: Forklift Certified|Liquidation|p2a: Houndstone\n|-damage|p2a: Houndstone|47\/100\n|\n|-heal|p2a: Houndstone|53\/100|[from] item: Leftovers\n|upkeep\n|turn|13\n|inactive|BossShuckle has 270 seconds left.\n|\n|t:|1699939011\n|switch|p2a: Florges|Florges-White, F, shiny|100\/100\n|switch|p1a: Pats Waifu|Mesprit, tera:Dark|100\/100\n|\n|upkeep\n|turn|14\n|inactive|BossShuckle has 270 seconds left.\n|c| KingDuns|Ok is shiny, team preview didn't show shiny\n|\n|t:|1699939043\n|switch|p1a: Katy Perry|Scream Tail|100\/100\n|move|p2a: Florges|Calm Mind|p2a: Florges\n|-boost|p2a: Florges|spa|1\n|-boost|p2a: Florges|spd|1\n|\n|upkeep\n|turn|15\n|\n|t:|1699939049\n|move|p1a: Katy Perry|Thunder Wave|p2a: Florges\n|-status|p2a: Florges|par\n|move|p2a: Florges|Calm Mind|p2a: Florges\n|-boost|p2a: Florges|spa|1\n|-boost|p2a: Florges|spd|1\n|\n|upkeep\n|turn|16\n|\n|t:|1699939056\n|move|p1a: Katy Perry|Ice Beam|p2a: Florges\n|-damage|p2a: Florges|95\/100 par\n|move|p2a: Florges|Calm Mind|p2a: Florges\n|-boost|p2a: Florges|spa|1\n|-boost|p2a: Florges|spd|1\n|\n|-heal|p2a: Florges|100\/100 par|[from] item: Leftovers\n|upkeep\n|turn|17\n|-message|BossShuckle forfeited.\n|\n|win|ajpjlm\n|l|\u2606BossShuckle\n","uploadtime":1699939087,"views":17,"p1id":"bossshuckle","p2id":"ajpjlm","formatid":"gen9ubers","rating":0,"private":0,"password":""}