{"id":"gen9ubers-1987322127","p1":"Everii","p2":"Gaara1","format":"[Gen 9] Ubers","log":"|j|\u2606Everii\n|j|\u2606Gaara1\n|t:|1699577336\n|gametype|singles\n|player|p1|Everii|acetrainerf-gen4dp|1078\n|player|p2|Gaara1|ghetsis-gen5bw|1129\n|teamsize|p1|6\n|teamsize|p2|6\n|gen|9\n|tier|[Gen 9] Ubers\n|rated|\n|rule|Sleep Clause Mod: Limit one foe put to sleep\n|rule|Species Clause: Limit one of each Pok\u00e9mon\n|rule|OHKO Clause: OHKO moves are banned\n|rule|Evasion Items Clause: Evasion items are banned\n|rule|Evasion Moves Clause: Evasion moves are banned\n|rule|Endless Battle Clause: Forcing endless battles is banned\n|rule|HP Percentage Mod: HP is shown in percentages\n|clearpoke\n|poke|p1|Urshifu-*, F|\n|poke|p1|Kyogre|\n|poke|p1|Arceus|\n|poke|p1|Flutter Mane|\n|poke|p1|Koraidon|\n|poke|p1|Mewtwo|\n|poke|p2|Glimmora, M|\n|poke|p2|Koraidon|\n|poke|p2|Zacian-*|\n|poke|p2|Garchomp, M|\n|poke|p2|Pelipper, M|\n|poke|p2|Basculegion, M|\n|teampreview\n|inactive|Battle timer is ON: inactive players will automatically lose when time's up. (requested by Gaara1)\n|inactive|Everii also wants the timer to be on.\n|\n|t:|1699577341\n|start\n|switch|p1a: Flutter Mane|Flutter Mane|100\/100\n|switch|p2a: Fast & Furious|Koraidon|100\/100\n|-weather|SunnyDay|[from] ability: Orichalcum Pulse|[of] p2a: Fast & Furious\n|-activate|p1a: Flutter Mane|ability: Protosynthesis\n|-start|p1a: Flutter Mane|protosynthesisspe\n|-activate|p2a: Fast & Furious|Orichalcum Pulse|[source]\n|turn|1\n|\n|t:|1699577350\n|-terastallize|p2a: Fast & Furious|Steel\n|move|p1a: Flutter Mane|Moonblast|p2a: Fast & Furious\n|-resisted|p2a: Fast & Furious\n|-damage|p2a: Fast & Furious|82\/100\n|move|p2a: Fast & Furious|Flame Charge|p1a: Flutter Mane\n|-damage|p1a: Flutter Mane|52\/100\n|-boost|p2a: Fast & Furious|spe|1\n|\n|-weather|SunnyDay|[upkeep]\n|-heal|p2a: Fast & Furious|88\/100|[from] item: Leftovers\n|-heal|p1a: Flutter Mane|58\/100|[from] item: Leftovers\n|upkeep\n|turn|2\n|c|\u2606Gaara1|predictable\n|\n|t:|1699577364\n|move|p2a: Fast & Furious|Bulk Up|p2a: Fast & Furious\n|-boost|p2a: Fast & Furious|atk|1\n|-boost|p2a: Fast & Furious|def|1\n|move|p1a: Flutter Mane|Thunder Wave|p2a: Fast & Furious\n|-status|p2a: Fast & Furious|par\n|\n|-weather|SunnyDay|[upkeep]\n|-heal|p1a: Flutter Mane|64\/100|[from] item: Leftovers\n|-heal|p2a: Fast & Furious|95\/100 par|[from] item: Leftovers\n|upkeep\n|turn|3\n|\n|t:|1699577375\n|-end|p1a: Flutter Mane|Protosynthesis|[silent]\n|switch|p1a: Kyogre|Kyogre|100\/100\n|-weather|RainDance|[from] ability: Drizzle|[of] p1a: Kyogre\n|cant|p2a: Fast & Furious|par\n|\n|-weather|RainDance|[upkeep]\n|-heal|p2a: Fast & Furious|100\/100 par|[from] item: Leftovers\n|upkeep\n|turn|4\n|\n|t:|1699577382\n|move|p1a: Kyogre|Water Spout|p2a: Fast & Furious\n|-damage|p2a: Fast & Furious|0 fnt\n|faint|p2a: Fast & Furious\n|\n|-weather|RainDance|[upkeep]\n|upkeep\n|c|\u2606Everii|:|\n|\n|t:|1699577388\n|switch|p2a: Poisonous|Glimmora, M, shiny|100\/100\n|turn|5\n|\n|t:|1699577402\n|switch|p1a: Flutter Mane|Flutter Mane|64\/100\n|move|p2a: Poisonous|Light Screen|p2a: Poisonous\n|-sidestart|p2: Gaara1|move: Light Screen\n|\n|-weather|RainDance|[upkeep]\n|-heal|p1a: Flutter Mane|70\/100|[from] item: Leftovers\n|upkeep\n|turn|6\n|\n|t:|1699577408\n|move|p1a: Flutter Mane|Thunder Wave|p2a: Poisonous\n|-status|p2a: Poisonous|par\n|cant|p2a: Poisonous|par\n|\n|-weather|RainDance|[upkeep]\n|-heal|p1a: Flutter Mane|76\/100|[from] item: Leftovers\n|upkeep\n|turn|7\n|\n|t:|1699577429\n|move|p1a: Flutter Mane|Shadow Ball|p2a: Poisonous\n|-damage|p2a: Poisonous|77\/100 par\n|move|p2a: Poisonous|Stealth Rock|p1a: Flutter Mane\n|-sidestart|p1: Everii|move: Stealth Rock\n|\n|-weather|none\n|-heal|p1a: Flutter Mane|82\/100|[from] item: Leftovers\n|upkeep\n|turn|8\n|\n|t:|1699577436\n|-end|p1a: Flutter Mane|Protosynthesis|[silent]\n|switch|p1a: Mewtwo|Mewtwo|100\/100\n|-ability|p1a: Mewtwo|Unnerve\n|-damage|p1a: Mewtwo|88\/100|[from] Stealth Rock\n|move|p2a: Poisonous|Mortal Spin|p1a: Mewtwo\n|-damage|p1a: Mewtwo|81\/100\n|-status|p1a: Mewtwo|psn\n|\n|-damage|p1a: Mewtwo|69\/100 psn|[from] psn\n|upkeep\n|turn|9\n|\n|t:|1699577450\n|move|p1a: Mewtwo|Psystrike|p2a: Poisonous\n|-supereffective|p2a: Poisonous\n|-damage|p2a: Poisonous|0 fnt\n|faint|p2a: Poisonous\n|\n|-damage|p1a: Mewtwo|56\/100 psn|[from] psn\n|-sideend|p2: Gaara1|move: Light Screen\n|upkeep\n|\n|t:|1699577456\n|switch|p2a: Zacian|Zacian-Crowned, shiny|100\/100\n|-ability|p2a: Zacian|Intrepid Sword|boost\n|-boost|p2a: Zacian|atk|1\n|turn|10\n|\n|t:|1699577464\n|move|p2a: Zacian|Swords Dance|p2a: Zacian\n|-boost|p2a: Zacian|atk|2\n|move|p1a: Mewtwo|Focus Blast|p2a: Zacian|[miss]\n|-miss|p1a: Mewtwo|p2a: Zacian\n|\n|-damage|p1a: Mewtwo|44\/100 psn|[from] psn\n|upkeep\n|turn|11\n|\n|t:|1699577471\n|move|p2a: Zacian|Trailblaze|p1a: Mewtwo\n|-damage|p1a: Mewtwo|0 fnt\n|-boost|p2a: Zacian|spe|1\n|faint|p1a: Mewtwo\n|\n|upkeep\n|\n|t:|1699577500\n|switch|p1a: Koraidon|Koraidon|100\/100\n|-damage|p1a: Koraidon|94\/100|[from] Stealth Rock\n|-weather|SunnyDay|[from] ability: Orichalcum Pulse|[of] p1a: Koraidon\n|-activate|p1a: Koraidon|Orichalcum Pulse|[source]\n|turn|12\n|\n|t:|1699577512\n|move|p2a: Zacian|Play Rough|p1a: Koraidon\n|-supereffective|p1a: Koraidon\n|-damage|p1a: Koraidon|0 fnt\n|faint|p1a: Koraidon\n|\n|-weather|SunnyDay|[upkeep]\n|upkeep\n|\n|t:|1699577517\n|switch|p1a: Kyogre|Kyogre|100\/100\n|-damage|p1a: Kyogre|88\/100|[from] Stealth Rock\n|-weather|RainDance|[from] ability: Drizzle|[of] p1a: Kyogre\n|turn|13\n|\n|t:|1699577525\n|move|p2a: Zacian|Swords Dance|p2a: Zacian\n|-boost|p2a: Zacian|atk|2\n|move|p1a: Kyogre|Water Spout|p2a: Zacian\n|-damage|p2a: Zacian|0 fnt\n|faint|p2a: Zacian\n|\n|-weather|RainDance|[upkeep]\n|upkeep\n|\n|t:|1699577532\n|switch|p2a: Cynthia|Garchomp, M, shiny|100\/100\n|turn|14\n|\n|t:|1699577539\n|switch|p1a: Flutter Mane|Flutter Mane|82\/100\n|-damage|p1a: Flutter Mane|70\/100|[from] Stealth Rock\n|move|p2a: Cynthia|Spikes|p1a: Flutter Mane\n|-sidestart|p1: Everii|Spikes\n|\n|-weather|RainDance|[upkeep]\n|-heal|p1a: Flutter Mane|76\/100|[from] item: Leftovers\n|upkeep\n|turn|15\n|\n|t:|1699577549\n|move|p2a: Cynthia|Spikes|p1a: Flutter Mane\n|-sidestart|p1: Everii|Spikes\n|move|p1a: Flutter Mane|Moonblast|p2a: Cynthia\n|-supereffective|p2a: Cynthia\n|-damage|p2a: Cynthia|23\/100\n|\n|-weather|RainDance|[upkeep]\n|-heal|p1a: Flutter Mane|82\/100|[from] item: Leftovers\n|upkeep\n|turn|16\n|\n|t:|1699577561\n|move|p2a: Cynthia|Spikes|p1a: Flutter Mane\n|-sidestart|p1: Everii|Spikes\n|move|p1a: Flutter Mane|Shadow Ball|p2a: Cynthia\n|-damage|p2a: Cynthia|0 fnt\n|faint|p2a: Cynthia\n|\n|-weather|RainDance|[upkeep]\n|-heal|p1a: Flutter Mane|88\/100|[from] item: Leftovers\n|upkeep\n|\n|t:|1699577568\n|switch|p2a: Last Respects|Basculegion, M, shiny|100\/100\n|turn|17\n|\n|t:|1699577574\n|move|p2a: Last Respects|Last Respects|p1a: Flutter Mane\n|-supereffective|p1a: Flutter Mane\n|-damage|p1a: Flutter Mane|0 fnt\n|faint|p1a: Flutter Mane\n|-end|p1a: Flutter Mane|Protosynthesis|[silent]\n|\n|-weather|none\n|upkeep\n|inactive|Everii has 120 seconds left.\n|\n|t:|1699577621\n|switch|p1a: Kyogre|Kyogre|88\/100\n|-damage|p1a: Kyogre|76\/100|[from] Stealth Rock\n|-damage|p1a: Kyogre|51\/100|[from] Spikes\n|-weather|RainDance|[from] ability: Drizzle|[of] p1a: Kyogre\n|turn|18\n|inactive|Everii has 90 seconds left.\n|\n|t:|1699577651\n|move|p2a: Last Respects|Last Respects|p1a: Kyogre\n|-damage|p1a: Kyogre|0 fnt\n|faint|p1a: Kyogre\n|\n|-weather|RainDance|[upkeep]\n|upkeep\n|\n|t:|1699577656\n|switch|p1a: Arceus|Arceus|100\/100\n|-damage|p1a: Arceus|88\/100|[from] Stealth Rock\n|-damage|p1a: Arceus|63\/100|[from] Spikes\n|turn|19\n|\n|t:|1699577664\n|switch|p2a: Let it rain|Pelipper, M, shiny|100\/100\n|move|p1a: Arceus|Swords Dance|p1a: Arceus\n|-boost|p1a: Arceus|atk|2\n|\n|-weather|RainDance|[upkeep]\n|upkeep\n|turn|20\n|\n|t:|1699577671\n|move|p1a: Arceus|Recover|p1a: Arceus\n|-heal|p1a: Arceus|100\/100\n|move|p2a: Let it rain|Chilling Water|p1a: Arceus\n|-crit|p1a: Arceus\n|-damage|p1a: Arceus|69\/100\n|-unboost|p1a: Arceus|atk|1\n|\n|-weather|RainDance|[upkeep]\n|upkeep\n|turn|21\n|\n|t:|1699577678\n|move|p1a: Arceus|Swords Dance|p1a: Arceus\n|-boost|p1a: Arceus|atk|2\n|move|p2a: Let it rain|Tailwind|p2a: Let it rain\n|-sidestart|p2: Gaara1|move: Tailwind\n|\n|-weather|RainDance|[upkeep]\n|upkeep\n|turn|22\n|inactive|Everii has 120 seconds left.\n|\n|t:|1699577684\n|move|p2a: Let it rain|Brave Bird|p1a: Arceus\n|-damage|p1a: Arceus|54\/100\n|-damage|p2a: Let it rain|92\/100|[from] Recoil\n|move|p1a: Arceus|Shadow Claw|p2a: Let it rain\n|-damage|p2a: Let it rain|0 fnt\n|faint|p2a: Let it rain\n|-damage|p1a: Arceus|44\/100|[from] item: Life Orb\n|\n|-weather|none\n|upkeep\n|\n|t:|1699577695\n|switch|p2a: Last Respects|Basculegion, M, shiny|100\/100\n|turn|23\n|inactive|Everii has 120 seconds left.\n|c|\u2606Gaara1|wait, how did my rain run out already?\n|c|\u2606Everii|are you damp rock\n|c|\u2606Gaara1|yeah?\n|c|\u2606Everii|weird\n|inactive|Everii has 90 seconds left.\n|\n|t:|1699577752\n|move|p2a: Last Respects|Aqua Jet|p1a: Arceus\n|-damage|p1a: Arceus|31\/100\n|move|p1a: Arceus|Recover|p1a: Arceus\n|-heal|p1a: Arceus|81\/100\n|\n|upkeep\n|turn|24\n|c|\u2606Gaara1|oh wait, maybe you set out your kyogre before I set out my bird\n|\n|t:|1699577767\n|move|p2a: Last Respects|Aqua Jet|p1a: Arceus\n|-damage|p1a: Arceus|65\/100\n|move|p1a: Arceus|Shadow Claw|p2a: Last Respects\n|-supereffective|p2a: Last Respects\n|-damage|p2a: Last Respects|0 fnt\n|faint|p2a: Last Respects\n|-damage|p1a: Arceus|55\/100|[from] item: Life Orb\n|\n|win|Everii\n|raw|Everii's rating: 1104 &rarr; <strong>1131<\/strong><br \/>(+27 for winning)\n|raw|Gaara1's rating: 1129 &rarr; <strong>1102<\/strong><br \/>(-27 for losing)\n|c|\u2606Everii|yeah it was kyogre rain\n|c|\u2606Gaara1|well, gg\n|c|\u2606Everii|gg\n|c|\u2606Gaara1|could have had you\n|c|\u2606Everii|had to play around rain really hard at the end there\n|c|\u2606Everii|basculegion is scary\n|c|\u2606Gaara1|yeah\n","uploadtime":1699577792,"views":5,"p1id":"everii","p2id":"gaara1","formatid":"gen9ubers","rating":1102,"private":0,"password":""}