{"id":"gen9ubers-1974201608","p1":"tincostent","p2":"Dalejan","format":"[Gen 9] Ubers","log":"|j|\u2606tincostent\n|j|\u2606Dalejan\n|t:|1698067820\n|gametype|singles\n|player|p1|tincostent|parasollady-gen4|1000\n|player|p2|Dalejan|pokemonranger-gen4|1111\n|teamsize|p1|6\n|teamsize|p2|6\n|gen|9\n|tier|[Gen 9] Ubers\n|rated|\n|rule|Sleep Clause Mod: Limit one foe put to sleep\n|rule|Species Clause: Limit one of each Pok\u00e9mon\n|rule|OHKO Clause: OHKO moves are banned\n|rule|Evasion Items Clause: Evasion items are banned\n|rule|Evasion Moves Clause: Evasion moves are banned\n|rule|Endless Battle Clause: Forcing endless battles is banned\n|rule|HP Percentage Mod: HP is shown in percentages\n|clearpoke\n|poke|p1|Giratina-Origin|\n|poke|p1|Miraidon|\n|poke|p1|Koraidon|\n|poke|p1|Ribombee, F|\n|poke|p1|Zacian-*|\n|poke|p1|Great Tusk|\n|poke|p2|Ogerpon-Hearthflame, F|\n|poke|p2|Gliscor, M|\n|poke|p2|Regieleki|\n|poke|p2|Arceus|\n|poke|p2|Dialga-Origin|\n|poke|p2|Annihilape, F|\n|teampreview\n|\n|t:|1698067833\n|start\n|switch|p1a: Ribombee|Ribombee, F|100\/100\n|switch|p2a: Arceus|Arceus|100\/100\n|turn|1\n|\n|t:|1698067844\n|move|p1a: Ribombee|Sticky Web|p2a: Arceus\n|-sidestart|p2: Dalejan|move: Sticky Web\n|move|p2a: Arceus|Bulk Up|p2a: Arceus\n|-boost|p2a: Arceus|atk|1\n|-boost|p2a: Arceus|def|1\n|\n|upkeep\n|turn|2\n|\n|t:|1698067853\n|switch|p1a: Koraidon|Koraidon|100\/100\n|-weather|SunnyDay|[from] ability: Orichalcum Pulse|[of] p1a: Koraidon\n|-activate|p1a: Koraidon|Orichalcum Pulse|[source]\n|move|p2a: Arceus|Bulk Up|p2a: Arceus\n|-boost|p2a: Arceus|atk|1\n|-boost|p2a: Arceus|def|1\n|\n|-weather|SunnyDay|[upkeep]\n|upkeep\n|turn|3\n|\n|t:|1698067867\n|-terastallize|p2a: Arceus|Normal\n|move|p2a: Arceus|Extreme Speed|p1a: Koraidon\n|-enditem|p1a: Koraidon|Focus Sash\n|-damage|p1a: Koraidon|1\/100\n|move|p1a: Koraidon|Close Combat|p2a: Arceus\n|-supereffective|p2a: Arceus\n|-damage|p2a: Arceus|28\/100\n|-unboost|p1a: Koraidon|def|1\n|-unboost|p1a: Koraidon|spd|1\n|\n|-weather|SunnyDay|[upkeep]\n|upkeep\n|turn|4\n|\n|t:|1698067883\n|move|p1a: Koraidon|Flare Blitz|p2a: Arceus\n|-damage|p2a: Arceus|0 fnt\n|faint|p2a: Arceus\n|-damage|p1a: Koraidon|0 fnt|[from] Recoil\n|faint|p1a: Koraidon\n|\n|-weather|SunnyDay|[upkeep]\n|upkeep\n|\n|t:|1698067893\n|switch|p1a: Great Tusk|Great Tusk|100\/100\n|switch|p2a: Regieleki|Regieleki|100\/100\n|-activate|p1a: Great Tusk|ability: Protosynthesis\n|-start|p1a: Great Tusk|protosynthesisdef\n|turn|5\n|\n|t:|1698067900\n|-end|p1a: Great Tusk|Protosynthesis|[silent]\n|switch|p1a: Giratina|Giratina-Origin|100\/100\n|move|p2a: Regieleki|Rapid Spin|p1a: Giratina\n|-immune|p1a: Giratina\n|\n|-weather|SunnyDay|[upkeep]\n|upkeep\n|turn|6\n|\n|t:|1698067908\n|move|p2a: Regieleki|Volt Switch|p1a: Giratina\n|-resisted|p1a: Giratina\n|-damage|p1a: Giratina|83\/100\n|\n|t:|1698067914\n|switch|p2a: Gliscor|Gliscor, M, shiny|100\/100|[from] Volt Switch\n|move|p1a: Giratina|Shadow Ball|p2a: Gliscor\n|-damage|p2a: Gliscor|27\/100\n|\n|-weather|none\n|-status|p2a: Gliscor|tox|[from] item: Toxic Orb\n|upkeep\n|turn|7\n|\n|t:|1698067926\n|move|p2a: Gliscor|Protect|p2a: Gliscor\n|-singleturn|p2a: Gliscor|Protect\n|move|p1a: Giratina|Shadow Ball|p2a: Gliscor\n|-activate|p2a: Gliscor|move: Protect\n|\n|-heal|p2a: Gliscor|40\/100 tox|[from] ability: Poison Heal\n|upkeep\n|turn|8\n|\n|t:|1698067936\n|move|p2a: Gliscor|Knock Off|p1a: Giratina\n|-supereffective|p1a: Giratina\n|-damage|p1a: Giratina|62\/100\n|move|p1a: Giratina|Shadow Ball|p2a: Gliscor\n|-crit|p2a: Gliscor\n|-damage|p2a: Gliscor|0 fnt\n|faint|p2a: Gliscor\n|\n|upkeep\n|\n|t:|1698067948\n|switch|p2a: Annihilape|Annihilape, F|100\/100\n|-activate|p2a: Annihilape|move: Sticky Web\n|-unboost|p2a: Annihilape|spe|1\n|turn|9\n|\n|t:|1698067959\n|switch|p1a: Ribombee|Ribombee, F|100\/100\n|move|p2a: Annihilape|Rage Fist|p1a: Ribombee\n|-damage|p1a: Ribombee|64\/100\n|\n|upkeep\n|turn|10\n|\n|t:|1698067966\n|move|p1a: Ribombee|Moonblast|p2a: Annihilape\n|-supereffective|p2a: Annihilape\n|-damage|p2a: Annihilape|37\/100\n|-unboost|p2a: Annihilape|spa|1\n|move|p2a: Annihilape|Bulk Up|p2a: Annihilape\n|-boost|p2a: Annihilape|atk|1\n|-boost|p2a: Annihilape|def|1\n|\n|-heal|p2a: Annihilape|43\/100|[from] item: Leftovers\n|upkeep\n|turn|11\n|\n|t:|1698067984\n|switch|p2a: Regieleki|Regieleki|100\/100\n|move|p1a: Ribombee|Moonblast|p2a: Regieleki\n|-damage|p2a: Regieleki|37\/100\n|\n|upkeep\n|turn|12\n|\n|t:|1698067991\n|switch|p1a: Giratina|Giratina-Origin|62\/100\n|move|p2a: Regieleki|Thunder Cage|p1a: Giratina\n|-resisted|p1a: Giratina\n|-damage|p1a: Giratina|43\/100\n|-activate|p1a: Giratina|move: Thunder Cage|[of] p2a: Regieleki\n|\n|-damage|p1a: Giratina|31\/100|[from] move: Thunder Cage|[partiallytrapped]\n|upkeep\n|turn|13\n|\n|t:|1698068003\n|move|p2a: Regieleki|Protect|p2a: Regieleki\n|-singleturn|p2a: Regieleki|Protect\n|move|p1a: Giratina|Shadow Ball|p2a: Regieleki\n|-activate|p2a: Regieleki|move: Protect\n|\n|-damage|p1a: Giratina|18\/100|[from] move: Thunder Cage|[partiallytrapped]\n|upkeep\n|turn|14\n|\n|t:|1698068013\n|move|p2a: Regieleki|Thunder Cage|p1a: Giratina\n|-resisted|p1a: Giratina\n|-damage|p1a: Giratina|0 fnt\n|faint|p1a: Giratina\n|\n|upkeep\n|\n|t:|1698068024\n|switch|p1a: Ribombee|Ribombee, F|64\/100\n|turn|15\n|inactive|Battle timer is ON: inactive players will automatically lose when time's up. (requested by Dalejan)\n|\n|t:|1698068032\n|-terastallize|p1a: Ribombee|Ghost\n|move|p2a: Regieleki|Rapid Spin|p1a: Ribombee\n|-immune|p1a: Ribombee\n|move|p1a: Ribombee|Moonblast|p2a: Regieleki\n|-damage|p2a: Regieleki|0 fnt\n|faint|p2a: Regieleki\n|\n|upkeep\n|\n|t:|1698068047\n|switch|p2a: Ogerpon|Ogerpon-Hearthflame, F|100\/100\n|-activate|p2a: Ogerpon|move: Sticky Web\n|-unboost|p2a: Ogerpon|spe|1\n|-ability|p2a: Ogerpon|Mold Breaker\n|turn|16\n|\n|t:|1698068056\n|switch|p1a: Miraidon|Miraidon|100\/100\n|-fieldstart|move: Electric Terrain|[from] ability: Hadron Engine|[of] p1a: Miraidon\n|move|p2a: Ogerpon|Ivy Cudgel|p1a: Miraidon\n|-resisted|p1a: Miraidon\n|-damage|p1a: Miraidon|71\/100\n|\n|upkeep\n|turn|17\n|\n|t:|1698068082\n|move|p1a: Miraidon|Dragon Pulse|p2a: Ogerpon\n|-damage|p2a: Ogerpon|2\/100\n|-damage|p1a: Miraidon|61\/100|[from] item: Life Orb\n|move|p2a: Ogerpon|U-turn|p1a: Miraidon\n|-damage|p1a: Miraidon|35\/100\n|\n|t:|1698068091\n|switch|p2a: Dialga|Dialga-Origin|100\/100|[from] U-turn\n|-activate|p2a: Dialga|move: Sticky Web\n|-unboost|p2a: Dialga|spe|1\n|-ability|p2a: Dialga|Pressure\n|\n|upkeep\n|turn|18\n|inactive|Dalejan has 120 seconds left.\n|\n|t:|1698068107\n|move|p1a: Miraidon|Dragon Pulse|p2a: Dialga\n|-damage|p2a: Dialga|29\/100\n|-damage|p1a: Miraidon|25\/100|[from] item: Life Orb\n|move|p2a: Dialga|Ice Beam|p1a: Miraidon\n|-supereffective|p1a: Miraidon\n|-damage|p1a: Miraidon|0 fnt\n|faint|p1a: Miraidon\n|\n|upkeep\n|\n|t:|1698068109\n|switch|p1a: Zacian|Zacian-Crowned|100\/100\n|-ability|p1a: Zacian|Intrepid Sword|boost\n|-boost|p1a: Zacian|atk|1\n|turn|19\n|\n|t:|1698068121\n|move|p2a: Dialga|Protect|p2a: Dialga\n|-singleturn|p2a: Dialga|Protect\n|move|p1a: Zacian|Close Combat|p2a: Dialga\n|-activate|p2a: Dialga|move: Protect\n|\n|upkeep\n|turn|20\n|-message|Dalejan forfeited.\n|\n|win|tincostent\n|raw|tincostent's rating: 1000 &rarr; <strong>1052<\/strong><br \/>(+52 for winning)\n|raw|Dalejan's rating: 1111 &rarr; <strong>1078<\/strong><br \/>(-33 for losing)\n|l|\u2606Dalejan\n","uploadtime":1698068146,"views":10,"p1id":"tincostent","p2id":"dalejan","formatid":"gen9ubers","rating":1052,"private":0,"password":""}