{"id":"gen9ubers-1979114909","p1":"YinyangTPOT","p2":"SadaShidz\ufe0f","format":"[Gen 9] Ubers","log":"|j|\u2606YinyangTPOT\n|j|\u2606SadaShidz\ufe0f\n|t:|1698634174\n|gametype|singles\n|player|p1|YinyangTPOT|marlon|1185\n|player|p2|SadaShidz\ufe0f|sada-ai|1207\n|teamsize|p1|6\n|teamsize|p2|6\n|gen|9\n|tier|[Gen 9] Ubers\n|rated|\n|rule|Sleep Clause Mod: Limit one foe put to sleep\n|rule|Species Clause: Limit one of each Pok\u00e9mon\n|rule|OHKO Clause: OHKO moves are banned\n|rule|Evasion Items Clause: Evasion items are banned\n|rule|Evasion Moves Clause: Evasion moves are banned\n|rule|Endless Battle Clause: Forcing endless battles is banned\n|rule|HP Percentage Mod: HP is shown in percentages\n|clearpoke\n|poke|p1|Annihilape, M|\n|poke|p1|Zacian-*|\n|poke|p1|Kyogre|\n|poke|p1|Espathra, F|\n|poke|p1|Basculegion, M|\n|poke|p1|Arceus|\n|poke|p2|Chien-Pao|\n|poke|p2|Ogerpon-Hearthflame, F|\n|poke|p2|Arceus-Ghost|\n|poke|p2|Iron Valiant|\n|poke|p2|Great Tusk|\n|poke|p2|Koraidon|\n|teampreview\n|inactive|Battle timer is ON: inactive players will automatically lose when time's up. (requested by YinyangTPOT)\n|\n|t:|1698634182\n|start\n|switch|p1a: Kyogre|Kyogre|100\/100\n|switch|p2a: Fioni|Ogerpon-Hearthflame, F|100\/100\n|-weather|RainDance|[from] ability: Drizzle|[of] p1a: Kyogre\n|-ability|p2a: Fioni|Mold Breaker\n|turn|1\n|\n|t:|1698634190\n|switch|p2a: Tai Long|Chien-Pao|100\/100\n|-ability|p2a: Tai Long|Sword of Ruin\n|move|p1a: Kyogre|Water Spout|p2a: Tai Long\n|-enditem|p2a: Tai Long|Focus Sash\n|-damage|p2a: Tai Long|1\/100\n|\n|-weather|RainDance|[upkeep]\n|upkeep\n|turn|2\n|\n|t:|1698634193\n|move|p2a: Tai Long|Sucker Punch|p1a: Kyogre\n|-damage|p1a: Kyogre|48\/100\n|move|p1a: Kyogre|Water Spout|p2a: Tai Long\n|-damage|p2a: Tai Long|0 fnt\n|faint|p2a: Tai Long\n|\n|-weather|RainDance|[upkeep]\n|upkeep\n|\n|t:|1698634198\n|switch|p2a: Yamz|Arceus-Ghost, shiny|100\/100\n|turn|3\n|\n|t:|1698634203\n|switch|p1a: Annihilape|Annihilape, M|100\/100\n|move|p2a: Yamz|Judgment|p1a: Annihilape\n|-supereffective|p1a: Annihilape\n|-damage|p1a: Annihilape|10\/100\n|\n|-weather|RainDance|[upkeep]\n|upkeep\n|turn|4\n|\n|t:|1698634208\n|move|p1a: Annihilape|Final Gambit|p2a: Yamz\n|-immune|p2a: Yamz\n|move|p2a: Yamz|Judgment|p1a: Annihilape\n|-supereffective|p1a: Annihilape\n|-damage|p1a: Annihilape|0 fnt\n|faint|p1a: Annihilape\n|\n|-weather|RainDance|[upkeep]\n|upkeep\n|\n|t:|1698634213\n|switch|p1a: Espathra|Espathra, F|100\/100\n|turn|5\n|\n|t:|1698634215\n|move|p1a: Espathra|Protect|p1a: Espathra\n|-singleturn|p1a: Espathra|Protect\n|move|p2a: Yamz|Calm Mind|p2a: Yamz\n|-boost|p2a: Yamz|spa|1\n|-boost|p2a: Yamz|spd|1\n|\n|-weather|none\n|-ability|p1a: Espathra|Speed Boost|boost\n|-boost|p1a: Espathra|spe|1\n|upkeep\n|turn|6\n|\n|t:|1698634222\n|move|p1a: Espathra|Calm Mind|p1a: Espathra\n|-boost|p1a: Espathra|spa|1\n|-boost|p1a: Espathra|spd|1\n|move|p2a: Yamz|Judgment|p1a: Espathra\n|-supereffective|p1a: Espathra\n|-enditem|p1a: Espathra|Focus Sash\n|-damage|p1a: Espathra|1\/100\n|\n|-ability|p1a: Espathra|Speed Boost|boost\n|-boost|p1a: Espathra|spe|1\n|upkeep\n|turn|7\n|\n|t:|1698634229\n|move|p1a: Espathra|Protect|p1a: Espathra\n|-singleturn|p1a: Espathra|Protect\n|move|p2a: Yamz|Judgment|p1a: Espathra\n|-activate|p1a: Espathra|move: Protect\n|\n|-ability|p1a: Espathra|Speed Boost|boost\n|-boost|p1a: Espathra|spe|1\n|upkeep\n|turn|8\n|\n|t:|1698634234\n|move|p1a: Espathra|Stored Power|p2a: Yamz\n|-damage|p2a: Yamz|60\/100\n|move|p2a: Yamz|Judgment|p1a: Espathra\n|-supereffective|p1a: Espathra\n|-damage|p1a: Espathra|0 fnt\n|faint|p1a: Espathra\n|\n|upkeep\n|\n|t:|1698634239\n|switch|p1a: Zacian|Zacian-Crowned, shiny|100\/100\n|-ability|p1a: Zacian|Intrepid Sword|boost\n|-boost|p1a: Zacian|atk|1\n|turn|9\n|\n|t:|1698634243\n|move|p1a: Zacian|Play Rough|p2a: Yamz\n|-damage|p2a: Yamz|13\/100\n|move|p2a: Yamz|Judgment|p1a: Zacian\n|-damage|p1a: Zacian|29\/100\n|\n|upkeep\n|turn|10\n|\n|t:|1698634246\n|move|p1a: Zacian|Play Rough|p2a: Yamz\n|-damage|p2a: Yamz|0 fnt\n|faint|p2a: Yamz\n|\n|upkeep\n|\n|t:|1698634257\n|switch|p2a: XJ9|Iron Valiant|100\/100\n|-enditem|p2a: XJ9|Booster Energy\n|-activate|p2a: XJ9|ability: Quark Drive|[fromitem]\n|-start|p2a: XJ9|quarkdrivespe\n|turn|11\n|\n|t:|1698634261\n|move|p2a: XJ9|Close Combat|p1a: Zacian\n|-damage|p1a: Zacian|0 fnt\n|-unboost|p2a: XJ9|def|1\n|-unboost|p2a: XJ9|spd|1\n|faint|p1a: Zacian\n|\n|upkeep\n|\n|t:|1698634266\n|switch|p1a: Arceus|Arceus|100\/100\n|turn|12\n|\n|t:|1698634293\n|-end|p2a: XJ9|Quark Drive|[silent]\n|switch|p2a: BigFatBone|Great Tusk|100\/100\n|-enditem|p2a: BigFatBone|Booster Energy\n|-activate|p2a: BigFatBone|ability: Protosynthesis|[fromitem]\n|-start|p2a: BigFatBone|protosynthesisatk\n|move|p1a: Arceus|Swords Dance|p1a: Arceus\n|-boost|p1a: Arceus|atk|2\n|\n|upkeep\n|turn|13\n|\n|t:|1698634306\n|-terastallize|p1a: Arceus|Normal\n|move|p1a: Arceus|Extreme Speed|p2a: BigFatBone\n|-damage|p2a: BigFatBone|20\/100\n|move|p2a: BigFatBone|Rapid Spin|p1a: Arceus\n|-damage|p1a: Arceus|86\/100\n|-boost|p2a: BigFatBone|spe|1\n|\n|-heal|p1a: Arceus|92\/100|[from] item: Leftovers\n|upkeep\n|turn|14\n|\n|t:|1698634311\n|move|p1a: Arceus|Extreme Speed|p2a: BigFatBone\n|-crit|p2a: BigFatBone\n|-damage|p2a: BigFatBone|0 fnt\n|faint|p2a: BigFatBone\n|-end|p2a: BigFatBone|Protosynthesis|[silent]\n|\n|-heal|p1a: Arceus|98\/100|[from] item: Leftovers\n|upkeep\n|\n|t:|1698634315\n|switch|p2a: XJ9|Iron Valiant|100\/100\n|turn|15\n|\n|t:|1698634319\n|-terastallize|p2a: XJ9|Ghost\n|move|p1a: Arceus|Extreme Speed|p2a: XJ9\n|-immune|p2a: XJ9\n|move|p2a: XJ9|Close Combat|p1a: Arceus\n|-supereffective|p1a: Arceus\n|-crit|p1a: Arceus\n|-damage|p1a: Arceus|0 fnt\n|-unboost|p2a: XJ9|def|1\n|-unboost|p2a: XJ9|spd|1\n|faint|p1a: Arceus\n|\n|upkeep\n|\n|t:|1698634324\n|switch|p1a: Kyogre|Kyogre|48\/100\n|-weather|RainDance|[from] ability: Drizzle|[of] p1a: Kyogre\n|turn|16\n|\n|t:|1698634331\n|-end|p2a: XJ9|Quark Drive|[silent]\n|switch|p2a: Type Bike|Koraidon|100\/100\n|-weather|SunnyDay|[from] ability: Orichalcum Pulse|[of] p2a: Type Bike\n|-activate|p2a: Type Bike|Orichalcum Pulse|[source]\n|move|p1a: Kyogre|Thunder Wave|p2a: Type Bike\n|-status|p2a: Type Bike|par\n|\n|-weather|SunnyDay|[upkeep]\n|upkeep\n|turn|17\n|\n|t:|1698634337\n|switch|p1a: Basculegion|Basculegion, M|100\/100\n|move|p2a: Type Bike|Scale Shot|p1a: Basculegion\n|-damage|p1a: Basculegion|78\/100\n|-damage|p1a: Basculegion|54\/100\n|-damage|p1a: Basculegion|29\/100\n|-damage|p1a: Basculegion|5\/100\n|-hitcount|p1a: Basculegion|4\n|-unboost|p2a: Type Bike|def|1\n|-boost|p2a: Type Bike|spe|1\n|\n|-weather|SunnyDay|[upkeep]\n|upkeep\n|turn|18\n|\n|t:|1698634349\n|switch|p1a: Kyogre|Kyogre|48\/100\n|-weather|RainDance|[from] ability: Drizzle|[of] p1a: Kyogre\n|cant|p2a: Type Bike|par\n|\n|-weather|RainDance|[upkeep]\n|upkeep\n|turn|19\n|\n|t:|1698634355\n|switch|p1a: Basculegion|Basculegion, M|5\/100\n|cant|p2a: Type Bike|par\n|\n|-weather|RainDance|[upkeep]\n|upkeep\n|turn|20\n|\n|t:|1698634360\n|switch|p1a: Kyogre|Kyogre|48\/100\n|move|p2a: Type Bike|Flame Charge|p1a: Kyogre\n|-resisted|p1a: Kyogre\n|-damage|p1a: Kyogre|42\/100\n|-boost|p2a: Type Bike|spe|1\n|\n|-weather|RainDance|[upkeep]\n|upkeep\n|turn|21\n|-message|YinyangTPOT forfeited.\n|\n|win|SadaShidz\ufe0f\n|raw|YinyangTPOT's rating: 1185 &rarr; <strong>1162<\/strong><br \/>(-23 for losing)\n|raw|SadaShidz\ufe0f's rating: 1207 &rarr; <strong>1230<\/strong><br \/>(+23 for winning)\n|l|\u2606YinyangTPOT\n","uploadtime":1698634370,"views":7,"p1id":"yinyangtpot","p2id":"sadashidz","formatid":"gen9ubers","rating":1162,"private":0,"password":""}