{"id":"gen9ubers-1986648209","p1":"PikaG10","p2":"Ascatevil","format":"[Gen 9] Ubers","log":"|j|\u2606PikaG10\n|j|\u2606Ascatevil\n|t:|1699502209\n|gametype|singles\n|player|p1|PikaG10|ethan|\n|player|p2|Ascatevil|170|\n|teamsize|p1|6\n|teamsize|p2|6\n|gen|9\n|tier|[Gen 9] Ubers\n|rule|Sleep Clause Mod: Limit one foe put to sleep\n|rule|Species Clause: Limit one of each Pok\u00e9mon\n|rule|OHKO Clause: OHKO moves are banned\n|rule|Evasion Items Clause: Evasion items are banned\n|rule|Evasion Moves Clause: Evasion moves are banned\n|rule|Endless Battle Clause: Forcing endless battles is banned\n|rule|HP Percentage Mod: HP is shown in percentages\n|clearpoke\n|poke|p1|Annihilape, F|\n|poke|p1|Slaking, F|\n|poke|p1|Great Tusk|\n|poke|p1|Iron Bundle|\n|poke|p1|Zapdos|\n|poke|p1|Muk, M|\n|poke|p2|Ribombee, F|\n|poke|p2|Gholdengo|\n|poke|p2|Samurott-Hisui, F|\n|poke|p2|Espeon, M|\n|poke|p2|Electrode|\n|poke|p2|Iron Treads|\n|teampreview\n|j| Pidgeot is good\n|j| Greninja3040\n|c| Pidgeot is good|\ud83d\udc40\n|\n|t:|1699502248\n|start\n|switch|p1a: angry bird|Zapdos|100\/100\n|switch|p2a: Ribombee|Ribombee, F|100\/100\n|turn|1\n|c| Greninja3040|Eyes\n|\n|t:|1699502263\n|move|p2a: Ribombee|Sticky Web|p1a: angry bird\n|-sidestart|p1: PikaG10|move: Sticky Web\n|move|p1a: angry bird|Tailwind|p1a: angry bird\n|-sidestart|p1: PikaG10|move: Tailwind\n|\n|upkeep\n|turn|2\n|\n|t:|1699502272\n|move|p1a: angry bird|Heat Wave|p2a: Ribombee\n|-supereffective|p2a: Ribombee\n|-crit|p2a: Ribombee\n|-enditem|p2a: Ribombee|Focus Sash\n|-damage|p2a: Ribombee|1\/100\n|move|p2a: Ribombee|Quiver Dance|p2a: Ribombee\n|-boost|p2a: Ribombee|spa|1\n|-boost|p2a: Ribombee|spd|1\n|-boost|p2a: Ribombee|spe|1\n|\n|upkeep\n|turn|3\n|\n|t:|1699502282\n|move|p1a: angry bird|Volt Switch|p2a: Ribombee\n|-damage|p2a: Ribombee|0 fnt\n|faint|p2a: Ribombee\n|\n|t:|1699502290\n|switch|p1a: harambe|Slaking, F|100\/100|[from] Volt Switch\n|-activate|p1a: harambe|move: Sticky Web\n|-unboost|p1a: harambe|spe|1\n|\n|upkeep\n|\n|t:|1699502304\n|switch|p2a: Samurott|Samurott-Hisui, F|100\/100\n|turn|4\n|\n|t:|1699502320\n|move|p1a: harambe|Brick Break|p2a: Samurott\n|-supereffective|p2a: Samurott\n|-enditem|p2a: Samurott|Chople Berry|[eat]\n|-enditem|p2a: Samurott|Chople Berry|[weaken]\n|-damage|p2a: Samurott|58\/100\n|move|p2a: Samurott|Ceaseless Edge|p1a: harambe\n|-damage|p1a: harambe|63\/100\n|-sidestart|p1: PikaG10|Spikes\n|\n|-sideend|p1: PikaG10|move: Tailwind\n|upkeep\n|turn|5\n|\n|t:|1699502355\n|cant|p1a: harambe|ability: Truant\n|move|p2a: Samurott|Ceaseless Edge|p1a: harambe\n|-damage|p1a: harambe|28\/100\n|-sidestart|p1: PikaG10|Spikes\n|\n|upkeep\n|turn|6\n|\n|t:|1699502361\n|move|p1a: harambe|Brick Break|p2a: Samurott\n|-supereffective|p2a: Samurott\n|-damage|p2a: Samurott|0 fnt\n|faint|p2a: Samurott\n|\n|upkeep\n|\n|t:|1699502365\n|switch|p2a: Cat|Espeon, M|100\/100\n|turn|7\n|l| Pidgeot is good\n|\n|t:|1699502375\n|switch|p1a: harambe's revenge|Annihilape, F|100\/100\n|-activate|p1a: harambe's revenge|move: Sticky Web\n|-unboost|p1a: harambe's revenge|spe|1\n|-ability|p1a: harambe's revenge|Defiant|boost\n|-boost|p1a: harambe's revenge|atk|2\n|-damage|p1a: harambe's revenge|84\/100|[from] Spikes\n|move|p2a: Cat|Calm Mind|p2a: Cat\n|-boost|p2a: Cat|spa|1\n|-boost|p2a: Cat|spd|1\n|\n|upkeep\n|turn|8\n|j| Pidgeot is good\n|\n|t:|1699502400\n|-terastallize|p2a: Cat|Fairy\n|move|p2a: Cat|Psychic|p1a: harambe's revenge\n|-supereffective|p1a: harambe's revenge\n|-damage|p1a: harambe's revenge|0 fnt\n|faint|p1a: harambe's revenge\n|\n|upkeep\n|\n|t:|1699502422\n|switch|p1a: the globster|Muk, M, shiny|100\/100\n|-activate|p1a: the globster|move: Sticky Web\n|-unboost|p1a: the globster|spe|1\n|-damage|p1a: the globster|84\/100|[from] Spikes\n|turn|9\n|l| Pidgeot is good\n|j| Pidgeot is good\n|\n|t:|1699502480\n|move|p2a: Cat|Draining Kiss|p1a: the globster\n|-resisted|p1a: the globster\n|-damage|p1a: the globster|69\/100\n|move|p1a: the globster|Poison Jab|p2a: Cat\n|-supereffective|p2a: Cat\n|-damage|p2a: Cat|0 fnt\n|faint|p2a: Cat\n|\n|-heal|p1a: the globster|75\/100|[from] item: Leftovers\n|upkeep\n|c| Greninja3040|The Globster OHKO?\n|\n|t:|1699502501\n|switch|p2a: Iron Treads|Iron Treads|100\/100\n|turn|10\n|j| Red_knight64\n|\n|t:|1699502520\n|switch|p1a: angry bird|Zapdos|100\/100\n|move|p2a: Iron Treads|Stealth Rock|p1a: angry bird\n|-sidestart|p1: PikaG10|move: Stealth Rock\n|\n|upkeep\n|turn|11\n|\n|t:|1699502530\n|move|p2a: Iron Treads|Rock Tomb|p1a: angry bird\n|-supereffective|p1a: angry bird\n|-damage|p1a: angry bird|59\/100\n|-unboost|p1a: angry bird|spe|1\n|move|p1a: angry bird|Heat Wave|p2a: Iron Treads\n|-supereffective|p2a: Iron Treads\n|-damage|p2a: Iron Treads|15\/100\n|-enditem|p2a: Iron Treads|Eject Button\n|\n|t:|1699502552\n|-end|p2a: Iron Treads|Quark Drive|[silent]\n|switch|p2a: Walmart Regileki|Electrode|100\/100\n|\n|upkeep\n|turn|12\n|\n|t:|1699502578\n|switch|p1a: harambe|Slaking, F|28\/100\n|-activate|p1a: harambe|move: Sticky Web\n|-unboost|p1a: harambe|spe|1\n|-damage|p1a: harambe|11\/100|[from] Spikes\n|-damage|p1a: harambe|0 fnt|[from] Stealth Rock\n|faint|p1a: harambe\n|move|p2a: Walmart Regileki|Light Screen|p2a: Walmart Regileki\n|-sidestart|p2: Ascatevil|move: Light Screen\n|\n|upkeep\n|\n|t:|1699502602\n|switch|p1a: guy from ice age|Great Tusk|100\/100\n|-activate|p1a: guy from ice age|move: Sticky Web\n|-unboost|p1a: guy from ice age|spe|1\n|-damage|p1a: guy from ice age|84\/100|[from] Spikes\n|-damage|p1a: guy from ice age|81\/100|[from] Stealth Rock\n|-enditem|p1a: guy from ice age|Booster Energy\n|-activate|p1a: guy from ice age|ability: Protosynthesis|[fromitem]\n|-start|p1a: guy from ice age|protosynthesisatk\n|turn|13\n|c|\u2606PikaG10|WHAT\n|c|\u2606PikaG10|oh wait\n|c|\u2606PikaG10|proto goes after web i cry\n|\n|t:|1699502644\n|switch|p2a: Gholdengo|Gholdengo|100\/100\n|-item|p2a: Gholdengo|Air Balloon\n|move|p1a: guy from ice age|Rapid Spin|p2a: Gholdengo\n|-immune|p2a: Gholdengo\n|\n|upkeep\n|turn|14\n|\n|t:|1699502654\n|move|p2a: Gholdengo|Nasty Plot|p2a: Gholdengo\n|-boost|p2a: Gholdengo|spa|2\n|move|p1a: guy from ice age|Knock Off|p2a: Gholdengo\n|-supereffective|p2a: Gholdengo\n|-damage|p2a: Gholdengo|15\/100\n|-enditem|p2a: Gholdengo|Air Balloon\n|\n|upkeep\n|turn|15\n|\n|t:|1699502669\n|move|p2a: Gholdengo|Psychic|p1a: guy from ice age\n|-supereffective|p1a: guy from ice age\n|-damage|p1a: guy from ice age|0 fnt\n|faint|p1a: guy from ice age\n|-end|p1a: guy from ice age|Protosynthesis|[silent]\n|\n|upkeep\n|\n|t:|1699502687\n|switch|p1a: angry bird|Zapdos|59\/100\n|turn|16\n|\n|t:|1699502750\n|move|p1a: angry bird|Heat Wave|p2a: Gholdengo\n|-supereffective|p2a: Gholdengo\n|-crit|p2a: Gholdengo\n|-damage|p2a: Gholdengo|0 fnt\n|faint|p2a: Gholdengo\n|\n|-sideend|p2: Ascatevil|move: Light Screen\n|upkeep\n|\n|t:|1699502760\n|switch|p2a: Walmart Regileki|Electrode|100\/100\n|turn|17\n|\n|t:|1699502794\n|switch|p1a: titanic joke|Iron Bundle|100\/100\n|-activate|p1a: titanic joke|move: Sticky Web\n|-unboost|p1a: titanic joke|spe|1\n|-damage|p1a: titanic joke|84\/100|[from] Spikes\n|-damage|p1a: titanic joke|59\/100|[from] Stealth Rock\n|-enditem|p1a: titanic joke|Booster Energy\n|-activate|p1a: titanic joke|ability: Quark Drive|[fromitem]\n|-start|p1a: titanic joke|quarkdrivespa\n|move|p2a: Walmart Regileki|Thunderbolt|p1a: titanic joke\n|-supereffective|p1a: titanic joke\n|-damage|p1a: titanic joke|0 fnt\n|faint|p1a: titanic joke\n|-end|p1a: titanic joke|Quark Drive|[silent]\n|\n|upkeep\n|\n|t:|1699502807\n|switch|p1a: the globster|Muk, M, shiny|75\/100\n|-activate|p1a: the globster|move: Sticky Web\n|-unboost|p1a: the globster|spe|1\n|-damage|p1a: the globster|58\/100|[from] Spikes\n|-damage|p1a: the globster|46\/100|[from] Stealth Rock\n|turn|18\n|l| Pidgeot is good\n|c| Red_knight64|What was cooked?\n|j| Pidgeot is good\n|\n|t:|1699502827\n|move|p2a: Walmart Regileki|Thunderbolt|p1a: the globster\n|-damage|p1a: the globster|20\/100\n|move|p1a: the globster|Poison Jab|p2a: Walmart Regileki\n|-crit|p2a: Walmart Regileki\n|-damage|p2a: Walmart Regileki|33\/100\n|-status|p2a: Walmart Regileki|psn\n|\n|-heal|p1a: the globster|26\/100|[from] item: Leftovers\n|-damage|p2a: Walmart Regileki|20\/100 psn|[from] psn\n|upkeep\n|turn|19\n|\n|t:|1699502839\n|move|p2a: Walmart Regileki|Thunderbolt|p1a: the globster\n|-damage|p1a: the globster|1\/100\n|move|p1a: the globster|Poison Jab|p2a: Walmart Regileki\n|-damage|p2a: Walmart Regileki|0 fnt\n|-damage|p1a: the globster|0 fnt|[from] ability: Aftermath|[of] p2a: Walmart Regileki\n|faint|p2a: Walmart Regileki\n|faint|p1a: the globster\n|\n|upkeep\n|c| Greninja3040|Crit Poison Globster?!\n|c|\u2606PikaG10|GLOBSTER SUPREMACY\n|c| Greninja3040|GLOBSTER COOKING\n|\n|t:|1699502852\n|switch|p2a: Iron Treads|Iron Treads|15\/100\n|switch|p1a: angry bird|Zapdos|59\/100\n|turn|20\n|\n|t:|1699502863\n|move|p2a: Iron Treads|Rock Tomb|p1a: angry bird\n|-supereffective|p1a: angry bird\n|-crit|p1a: angry bird\n|-damage|p1a: angry bird|0 fnt\n|faint|p1a: angry bird\n|\n|win|Ascatevil\n|c|\u2606PikaG10|AAAAAAAAAAAA\n|c| Red_knight64|Orange Text\n|c| Greninja3040|CRIT MATTERED\n|c|\u2606Ascatevil|Gg\n|c|\u2606PikaG10|I HATE IT HERE\n|c|\u2606PikaG10|gg that was good\n|c|\u2606PikaG10|BUT I HATE IT HERE\n|c| Greninja3040|WHAT\n|l| Pidgeot is good\n|c| Greninja3040|INSANE GAME\n|l|\u2606PikaG10\n","uploadtime":1699502873,"views":28,"p1id":"pikag10","p2id":"ascatevil","formatid":"gen9ubers","rating":0,"private":0,"password":""}