{"id":"gen9ubers-1998235973","p1":"usernametk","p2":"Laser Glace","format":"[Gen 9] Ubers","log":"|j|\u2606usernametk\n|j|\u2606Laser Glace\n|t:|1700917589\n|gametype|singles\n|player|p1|usernametk|red|1000\n|player|p2|Laser Glace|glacia-gen3|1044\n|teamsize|p1|6\n|teamsize|p2|6\n|gen|9\n|tier|[Gen 9] Ubers\n|rated|\n|rule|Sleep Clause Mod: Limit one foe put to sleep\n|rule|Species Clause: Limit one of each Pok\u00e9mon\n|rule|OHKO Clause: OHKO moves are banned\n|rule|Evasion Items Clause: Evasion items are banned\n|rule|Evasion Moves Clause: Evasion moves are banned\n|rule|Endless Battle Clause: Forcing endless battles is banned\n|rule|HP Percentage Mod: HP is shown in percentages\n|clearpoke\n|poke|p1|Tinkaton, F|\n|poke|p1|Ceruledge, F|\n|poke|p1|Dondozo, F|\n|poke|p1|Ludicolo, F|\n|poke|p1|Eelektross, F|\n|poke|p1|Volcarona, M|\n|poke|p2|Koraidon|\n|poke|p2|Ribombee, F|\n|poke|p2|Miraidon|\n|poke|p2|Kyogre|\n|poke|p2|Cyclizar, M|\n|poke|p2|Arceus|\n|teampreview\n|inactive|Battle timer is ON: inactive players will automatically lose when time's up. (requested by Laser Glace)\n|\n|t:|1700917597\n|start\n|switch|p1a: Eelektross|Eelektross, F|100\/100\n|switch|p2a: Ribombee|Ribombee, F|100\/100\n|turn|1\n|\n|t:|1700917613\n|move|p2a: Ribombee|Sticky Web|p1a: Eelektross\n|-sidestart|p1: usernametk|move: Sticky Web\n|move|p1a: Eelektross|Acid|p2a: Ribombee\n|-supereffective|p2a: Ribombee\n|-damage|p2a: Ribombee|69\/100\n|\n|upkeep\n|turn|2\n|\n|t:|1700917619\n|move|p2a: Ribombee|Moonblast|p1a: Eelektross\n|-damage|p1a: Eelektross|60\/100\n|-unboost|p1a: Eelektross|spa|1\n|move|p1a: Eelektross|Acid|p2a: Ribombee\n|-supereffective|p2a: Ribombee\n|-damage|p2a: Ribombee|46\/100\n|\n|upkeep\n|turn|3\n|\n|t:|1700917627\n|move|p2a: Ribombee|Moonblast|p1a: Eelektross\n|-damage|p1a: Eelektross|20\/100\n|move|p1a: Eelektross|Acid|p2a: Ribombee\n|-supereffective|p2a: Ribombee\n|-damage|p2a: Ribombee|24\/100\n|\n|upkeep\n|turn|4\n|\n|t:|1700917638\n|move|p2a: Ribombee|Moonblast|p1a: Eelektross\n|-damage|p1a: Eelektross|0 fnt\n|faint|p1a: Eelektross\n|\n|upkeep\n|\n|t:|1700917648\n|switch|p1a: Ceruledge|Ceruledge, F|100\/100\n|-item|p1a: Ceruledge|Air Balloon\n|turn|5\n|\n|t:|1700917654\n|move|p2a: Ribombee|Stun Spore|p1a: Ceruledge\n|-status|p1a: Ceruledge|par\n|move|p1a: Ceruledge|Shadow Claw|p2a: Ribombee\n|-damage|p2a: Ribombee|0 fnt\n|faint|p2a: Ribombee\n|\n|upkeep\n|\n|t:|1700917666\n|switch|p2a: Cyclizar|Cyclizar, M|100\/100\n|turn|6\n|\n|t:|1700917688\n|move|p2a: Cyclizar|Knock Off|p1a: Ceruledge\n|-supereffective|p1a: Ceruledge\n|-damage|p1a: Ceruledge|47\/100 par\n|-ability|p1a: Ceruledge|Weak Armor|boost\n|-unboost|p1a: Ceruledge|def|1\n|-boost|p1a: Ceruledge|spe|2\n|-enditem|p1a: Ceruledge|Air Balloon\n|move|p1a: Ceruledge|Bulk Up|p1a: Ceruledge\n|-boost|p1a: Ceruledge|atk|1\n|-boost|p1a: Ceruledge|def|1\n|\n|upkeep\n|turn|7\n|\n|t:|1700917700\n|move|p2a: Cyclizar|Taunt|p1a: Ceruledge\n|-start|p1a: Ceruledge|move: Taunt\n|cant|p1a: Ceruledge|par\n|\n|upkeep\n|turn|8\n|\n|t:|1700917706\n|move|p2a: Cyclizar|Shed Tail|p2a: Cyclizar\n|-start|p2a: Cyclizar|Substitute|[from] move: Shed Tail\n|-damage|p2a: Cyclizar|50\/100\n|\n|t:|1700917711\n|switch|p2a: Kyogre|Kyogre|100\/100|[from] Shed Tail\n|-weather|RainDance|[from] ability: Drizzle|[of] p2a: Kyogre\n|move|p1a: Ceruledge|Brick Break|p2a: Kyogre\n|-end|p2a: Kyogre|Substitute\n|\n|-weather|RainDance|[upkeep]\n|upkeep\n|turn|9\n|\n|t:|1700917723\n|switch|p1a: Dondozo|Dondozo, F|100\/100\n|-activate|p1a: Dondozo|move: Sticky Web\n|-unboost|p1a: Dondozo|spe|1\n|move|p2a: Kyogre|Water Spout|p1a: Dondozo\n|-resisted|p1a: Dondozo\n|-damage|p1a: Dondozo|37\/100\n|\n|-weather|RainDance|[upkeep]\n|-heal|p1a: Dondozo|43\/100|[from] item: Leftovers\n|upkeep\n|turn|10\n|\n|t:|1700917737\n|move|p2a: Kyogre|Water Spout|p1a: Dondozo\n|-resisted|p1a: Dondozo\n|-damage|p1a: Dondozo|0 fnt\n|faint|p1a: Dondozo\n|\n|-weather|RainDance|[upkeep]\n|upkeep\n|\n|t:|1700917745\n|switch|p1a: Ludicolo|Ludicolo, F|100\/100\n|-activate|p1a: Ludicolo|move: Sticky Web\n|-unboost|p1a: Ludicolo|spe|1\n|turn|11\n|\n|t:|1700917755\n|switch|p2a: Cyclizar|Cyclizar, M|84\/100\n|move|p1a: Ludicolo|Energy Ball|p2a: Cyclizar\n|-resisted|p2a: Cyclizar\n|-damage|p2a: Cyclizar|52\/100\n|\n|-weather|RainDance|[upkeep]\n|upkeep\n|turn|12\n|\n|t:|1700917765\n|move|p2a: Cyclizar|Shed Tail|p2a: Cyclizar\n|-start|p2a: Cyclizar|Substitute|[from] move: Shed Tail\n|-damage|p2a: Cyclizar|1\/100\n|\n|t:|1700917769\n|switch|p2a: Koraidon|Koraidon|100\/100|[from] Shed Tail\n|-weather|SunnyDay|[from] ability: Orichalcum Pulse|[of] p2a: Koraidon\n|-activate|p2a: Koraidon|Orichalcum Pulse|[source]\n|move|p1a: Ludicolo|Ice Beam|p2a: Koraidon\n|-supereffective|p2a: Koraidon\n|-end|p2a: Koraidon|Substitute\n|\n|-weather|SunnyDay|[upkeep]\n|upkeep\n|turn|13\n|\n|t:|1700917782\n|-terastallize|p2a: Koraidon|Fighting\n|move|p2a: Koraidon|Collision Course|p1a: Ludicolo\n|-damage|p1a: Ludicolo|0 fnt\n|faint|p1a: Ludicolo\n|\n|-weather|SunnyDay|[upkeep]\n|upkeep\n|\n|t:|1700917791\n|switch|p1a: Tinkaton|Tinkaton, F|100\/100\n|-ability|p1a: Tinkaton|Mold Breaker\n|-item|p1a: Tinkaton|Air Balloon\n|turn|14\n|\n|t:|1700917801\n|-terastallize|p1a: Tinkaton|Fairy\n|move|p2a: Koraidon|Collision Course|p1a: Tinkaton\n|-resisted|p1a: Tinkaton\n|-damage|p1a: Tinkaton|24\/100\n|-enditem|p1a: Tinkaton|Air Balloon\n|move|p1a: Tinkaton|Play Rough|p2a: Koraidon\n|-supereffective|p2a: Koraidon\n|-damage|p2a: Koraidon|28\/100\n|\n|-weather|SunnyDay|[upkeep]\n|upkeep\n|turn|15\n|\n|t:|1700917815\n|switch|p1a: Ceruledge|Ceruledge, F|47\/100 par\n|-activate|p1a: Ceruledge|move: Sticky Web\n|-unboost|p1a: Ceruledge|spe|1\n|move|p2a: Koraidon|Collision Course|p1a: Ceruledge\n|-immune|p1a: Ceruledge\n|\n|-weather|SunnyDay|[upkeep]\n|upkeep\n|turn|16\n|\n|t:|1700917828\n|switch|p2a: Cyclizar|Cyclizar, M|35\/100\n|move|p1a: Ceruledge|Brick Break|p2a: Cyclizar\n|-supereffective|p2a: Cyclizar\n|-damage|p2a: Cyclizar|0 fnt\n|faint|p2a: Cyclizar\n|\n|-weather|none\n|upkeep\n|\n|t:|1700917836\n|switch|p2a: Kyogre|Kyogre|100\/100\n|-weather|RainDance|[from] ability: Drizzle|[of] p2a: Kyogre\n|turn|17\n|\n|t:|1700917848\n|switch|p1a: Volcarona|Volcarona, M|100\/100\n|-item|p1a: Volcarona|Air Balloon\n|move|p2a: Kyogre|Water Spout|p1a: Volcarona\n|-supereffective|p1a: Volcarona\n|-damage|p1a: Volcarona|0 fnt\n|-enditem|p1a: Volcarona|Air Balloon\n|faint|p1a: Volcarona\n|\n|-weather|RainDance|[upkeep]\n|upkeep\n|\n|t:|1700917862\n|switch|p1a: Ceruledge|Ceruledge, F|47\/100 par\n|-activate|p1a: Ceruledge|move: Sticky Web\n|-unboost|p1a: Ceruledge|spe|1\n|turn|18\n|\n|t:|1700917868\n|move|p2a: Kyogre|Water Spout|p1a: Ceruledge\n|-supereffective|p1a: Ceruledge\n|-damage|p1a: Ceruledge|0 fnt\n|faint|p1a: Ceruledge\n|\n|-weather|RainDance|[upkeep]\n|upkeep\n|\n|t:|1700917876\n|switch|p1a: Tinkaton|Tinkaton, F, tera:Fairy|24\/100\n|-activate|p1a: Tinkaton|move: Sticky Web\n|-unboost|p1a: Tinkaton|spe|1\n|-ability|p1a: Tinkaton|Mold Breaker\n|turn|19\n|\n|t:|1700917882\n|move|p2a: Kyogre|Water Spout|p1a: Tinkaton\n|-damage|p1a: Tinkaton|0 fnt\n|faint|p1a: Tinkaton\n|\n|win|Laser Glace\n|raw|usernametk's rating: 1000 &rarr; <strong>1000<\/strong><br \/>(+0 for losing)\n|raw|Laser Glace's rating: 1073 &rarr; <strong>1096<\/strong><br \/>(+23 for winning)\n","uploadtime":1700917888,"views":0,"p1id":"usernametk","p2id":"laserglace","formatid":"gen9ubers","rating":1000,"private":0,"password":""}