{"id":"gen9ubers-1976333434","p1":"Anne Frankkkk","p2":"Ha ha da","format":"[Gen 9] Ubers","log":"|j|\u2606Anne Frankkkk\n|j|\u2606Ha ha da\n|t:|1698287807\n|gametype|singles\n|player|p1|Anne Frankkkk|hilbert|1084\n|player|p2|Ha ha da|265|1000\n|teamsize|p1|6\n|teamsize|p2|6\n|gen|9\n|tier|[Gen 9] Ubers\n|rated|\n|rule|Sleep Clause Mod: Limit one foe put to sleep\n|rule|Species Clause: Limit one of each Pok\u00e9mon\n|rule|OHKO Clause: OHKO moves are banned\n|rule|Evasion Items Clause: Evasion items are banned\n|rule|Evasion Moves Clause: Evasion moves are banned\n|rule|Endless Battle Clause: Forcing endless battles is banned\n|rule|HP Percentage Mod: HP is shown in percentages\n|clearpoke\n|poke|p1|Iron Hands|\n|poke|p1|Kyogre|\n|poke|p1|Chien-Pao|\n|poke|p1|Ribombee, M|\n|poke|p1|Miraidon|\n|poke|p1|Flutter Mane|\n|poke|p2|Zacian-*|\n|poke|p2|Arceus-Fairy|\n|poke|p2|Flutter Mane|\n|poke|p2|Magearna|\n|poke|p2|Iron Valiant|\n|poke|p2|Azumarill, M|\n|teampreview\n|\n|t:|1698287811\n|start\n|switch|p1a: The Flood|Kyogre|100\/100\n|switch|p2a: Azumarill|Azumarill, M|100\/100\n|-weather|RainDance|[from] ability: Drizzle|[of] p1a: The Flood\n|turn|1\n|inactive|Battle timer is ON: inactive players will automatically lose when time's up. (requested by Anne Frankkkk)\n|\n|t:|1698287818\n|move|p1a: The Flood|Thunder|p2a: Azumarill\n|-supereffective|p2a: Azumarill\n|-crit|p2a: Azumarill\n|-damage|p2a: Azumarill|0 fnt\n|faint|p2a: Azumarill\n|\n|-weather|RainDance|[upkeep]\n|upkeep\n|\n|t:|1698287831\n|switch|p2a: Arceus|Arceus-Fairy|100\/100\n|turn|2\n|\n|t:|1698287840\n|switch|p1a: Moonblast|Ribombee, M, shiny|100\/100\n|move|p2a: Arceus|Calm Mind|p2a: Arceus\n|-boost|p2a: Arceus|spa|1\n|-boost|p2a: Arceus|spd|1\n|\n|-weather|RainDance|[upkeep]\n|upkeep\n|turn|3\n|\n|t:|1698287842\n|move|p2a: Arceus|Extreme Speed|p1a: Moonblast\n|-crit|p1a: Moonblast\n|-damage|p1a: Moonblast|42\/100\n|move|p1a: Moonblast|Sticky Web|p2a: Arceus\n|-sidestart|p2: Ha ha da|move: Sticky Web\n|\n|-weather|RainDance|[upkeep]\n|upkeep\n|turn|4\n|\n|t:|1698287847\n|move|p2a: Arceus|Extreme Speed|p1a: Moonblast\n|-damage|p1a: Moonblast|2\/100\n|move|p1a: Moonblast|Stun Spore|p2a: Arceus|[miss]\n|-miss|p1a: Moonblast|p2a: Arceus\n|\n|-weather|RainDance|[upkeep]\n|upkeep\n|turn|5\n|\n|t:|1698287852\n|move|p2a: Arceus|Extreme Speed|p1a: Moonblast\n|-crit|p1a: Moonblast\n|-damage|p1a: Moonblast|0 fnt\n|faint|p1a: Moonblast\n|\n|-weather|none\n|upkeep\n|\n|t:|1698287863\n|switch|p1a: Big Boy|Iron Hands, shiny|100\/100\n|turn|6\n|\n|t:|1698287866\n|move|p1a: Big Boy|Fake Out|p2a: Arceus\n|-damage|p2a: Arceus|87\/100\n|cant|p2a: Arceus|flinch\n|\n|upkeep\n|turn|7\n|\n|t:|1698287869\n|move|p2a: Arceus|Judgment|p1a: Big Boy\n|-supereffective|p1a: Big Boy\n|-damage|p1a: Big Boy|0 fnt\n|faint|p1a: Big Boy\n|-end|p1a: Big Boy|Quark Drive|[silent]\n|\n|upkeep\n|\n|t:|1698287879\n|switch|p1a: Ice Cat|Chien-Pao|100\/100\n|-ability|p1a: Ice Cat|Sword of Ruin\n|turn|8\n|\n|t:|1698287882\n|move|p1a: Ice Cat|Ice Spinner|p2a: Arceus\n|-damage|p2a: Arceus|35\/100\n|-damage|p1a: Ice Cat|91\/100|[from] item: Life Orb\n|move|p2a: Arceus|Judgment|p1a: Ice Cat\n|-supereffective|p1a: Ice Cat\n|-damage|p1a: Ice Cat|0 fnt\n|faint|p1a: Ice Cat\n|\n|upkeep\n|\n|t:|1698287891\n|switch|p1a: Misdreavius|Flutter Mane, shiny|100\/100\n|-enditem|p1a: Misdreavius|Booster Energy\n|-activate|p1a: Misdreavius|ability: Protosynthesis|[fromitem]\n|-start|p1a: Misdreavius|protosynthesisspe\n|turn|9\n|\n|t:|1698287894\n|move|p1a: Misdreavius|Calm Mind|p1a: Misdreavius\n|-boost|p1a: Misdreavius|spa|1\n|-boost|p1a: Misdreavius|spd|1\n|move|p2a: Arceus|Judgment|p1a: Misdreavius\n|-damage|p1a: Misdreavius|29\/100\n|\n|upkeep\n|turn|10\n|\n|t:|1698287901\n|move|p1a: Misdreavius|Moonblast|p2a: Arceus\n|-damage|p2a: Arceus|0 fnt\n|faint|p2a: Arceus\n|\n|upkeep\n|\n|t:|1698287904\n|switch|p2a: Flutter Mane|Flutter Mane|100\/100\n|-activate|p2a: Flutter Mane|move: Sticky Web\n|-unboost|p2a: Flutter Mane|spe|1\n|turn|11\n|\n|t:|1698287907\n|move|p1a: Misdreavius|Shadow Ball|p2a: Flutter Mane\n|-supereffective|p2a: Flutter Mane\n|-enditem|p2a: Flutter Mane|Focus Sash\n|-damage|p2a: Flutter Mane|1\/100\n|move|p2a: Flutter Mane|Shadow Ball|p1a: Misdreavius\n|-supereffective|p1a: Misdreavius\n|-damage|p1a: Misdreavius|0 fnt\n|faint|p1a: Misdreavius\n|-end|p1a: Misdreavius|Protosynthesis|[silent]\n|\n|upkeep\n|\n|t:|1698287918\n|switch|p1a: Cyber Lizard|Miraidon|100\/100\n|-fieldstart|move: Electric Terrain|[from] ability: Hadron Engine|[of] p1a: Cyber Lizard\n|-item|p1a: Cyber Lizard|Air Balloon\n|turn|12\n|\n|t:|1698287924\n|-terastallize|p1a: Cyber Lizard|Fairy\n|move|p1a: Cyber Lizard|Calm Mind|p1a: Cyber Lizard\n|-boost|p1a: Cyber Lizard|spa|1\n|-boost|p1a: Cyber Lizard|spd|1\n|move|p2a: Flutter Mane|Moonblast|p1a: Cyber Lizard\n|-damage|p1a: Cyber Lizard|70\/100\n|-enditem|p1a: Cyber Lizard|Air Balloon\n|\n|upkeep\n|turn|13\n|\n|t:|1698287933\n|move|p1a: Cyber Lizard|Electro Drift|p2a: Flutter Mane\n|-damage|p2a: Flutter Mane|0 fnt\n|faint|p2a: Flutter Mane\n|-end|p2a: Flutter Mane|Protosynthesis|[silent]\n|\n|upkeep\n|\n|t:|1698287939\n|switch|p2a: Zacian|Zacian-Crowned|100\/100\n|-activate|p2a: Zacian|move: Sticky Web\n|-unboost|p2a: Zacian|spe|1\n|-ability|p2a: Zacian|Intrepid Sword|boost\n|-boost|p2a: Zacian|atk|1\n|turn|14\n|\n|t:|1698287942\n|move|p1a: Cyber Lizard|Electro Drift|p2a: Zacian\n|-damage|p2a: Zacian|0 fnt\n|faint|p2a: Zacian\n|\n|upkeep\n|\n|t:|1698287944\n|switch|p2a: Magearna|Magearna|100\/100\n|-activate|p2a: Magearna|move: Sticky Web\n|-unboost|p2a: Magearna|spe|1\n|turn|15\n|\n|t:|1698287947\n|move|p1a: Cyber Lizard|Electro Drift|p2a: Magearna\n|-damage|p2a: Magearna|0 fnt\n|faint|p2a: Magearna\n|\n|upkeep\n|\n|t:|1698287950\n|switch|p2a: Iron Valiant|Iron Valiant|100\/100\n|-activate|p2a: Iron Valiant|move: Sticky Web\n|-unboost|p2a: Iron Valiant|spe|1\n|-activate|p2a: Iron Valiant|ability: Quark Drive\n|-start|p2a: Iron Valiant|quarkdriveatk\n|turn|16\n|\n|t:|1698287951\n|move|p1a: Cyber Lizard|Electro Drift|p2a: Iron Valiant\n|-damage|p2a: Iron Valiant|0 fnt\n|faint|p2a: Iron Valiant\n|-end|p2a: Iron Valiant|Quark Drive|[silent]\n|\n|win|Anne Frankkkk\n|raw|Anne Frankkkk's rating: 1084 &rarr; <strong>1105<\/strong><br \/>(+21 for winning)\n|raw|Ha ha da's rating: 1000 &rarr; <strong>1000<\/strong><br \/>(+0 for losing)\n|l|\u2606Ha ha da\n","uploadtime":1698287958,"views":13,"p1id":"annefrankkkk","p2id":"hahada","formatid":"gen9ubers","rating":1000,"private":0,"password":""}