{"id":"gen9ubers-1978706441","p1":"Sludhhske","p2":"MeteorAsh15","format":"[Gen 9] Ubers","log":"|j|\u2606Sludhhske\n|j|\u2606MeteorAsh15\n|t:|1698584638\n|gametype|singles\n|player|p1|Sludhhske|bugcatcher-gen4dp|1089\n|player|p2|MeteorAsh15|2|1276\n|teamsize|p1|6\n|teamsize|p2|6\n|gen|9\n|tier|[Gen 9] Ubers\n|rated|\n|rule|Sleep Clause Mod: Limit one foe put to sleep\n|rule|Species Clause: Limit one of each Pok\u00e9mon\n|rule|OHKO Clause: OHKO moves are banned\n|rule|Evasion Items Clause: Evasion items are banned\n|rule|Evasion Moves Clause: Evasion moves are banned\n|rule|Endless Battle Clause: Forcing endless battles is banned\n|rule|HP Percentage Mod: HP is shown in percentages\n|clearpoke\n|poke|p1|Houndstone, M|\n|poke|p1|Ribombee, F|\n|poke|p1|Ursaluna-Bloodmoon, M|\n|poke|p1|Miraidon|\n|poke|p1|Koraidon|\n|poke|p1|Zacian-*|\n|poke|p2|Baxcalibur, F|\n|poke|p2|Ninetales-Alola, F|\n|poke|p2|Roaring Moon|\n|poke|p2|Zacian-*|\n|poke|p2|Miraidon|\n|poke|p2|Grimmsnarl, M|\n|teampreview\n|inactive|Battle timer is ON: inactive players will automatically lose when time's up. (requested by MeteorAsh15)\n|\n|t:|1698584646\n|start\n|switch|p1a: Ribombee|Ribombee, F, shiny|100\/100\n|switch|p2a: Grimmsnarl|Grimmsnarl, M|100\/100\n|turn|1\n|\n|t:|1698584652\n|move|p2a: Grimmsnarl|Taunt|p1a: Ribombee\n|-start|p1a: Ribombee|move: Taunt\n|cant|p1a: Ribombee|move: Taunt|Sticky Web\n|\n|upkeep\n|turn|2\n|\n|t:|1698584661\n|switch|p1a: Ursaluna|Ursaluna-Bloodmoon, M|100\/100\n|switch|p2a: Zacian|Zacian-Crowned|100\/100\n|-ability|p2a: Zacian|Intrepid Sword|boost\n|-boost|p2a: Zacian|atk|1\n|\n|upkeep\n|turn|3\n|\n|t:|1698584672\n|move|p2a: Zacian|Sacred Sword|p1a: Ursaluna\n|-supereffective|p1a: Ursaluna\n|-damage|p1a: Ursaluna|17\/100\n|move|p1a: Ursaluna|Blood Moon|p2a: Zacian\n|-resisted|p2a: Zacian\n|-damage|p2a: Zacian|53\/100\n|-damage|p1a: Ursaluna|8\/100|[from] item: Life Orb\n|\n|upkeep\n|turn|4\n|\n|t:|1698584682\n|move|p2a: Zacian|Behemoth Blade|p1a: Ursaluna\n|-damage|p1a: Ursaluna|0 fnt\n|faint|p1a: Ursaluna\n|\n|upkeep\n|\n|t:|1698584688\n|switch|p1a: Ribombee|Ribombee, F, shiny|100\/100\n|turn|5\n|\n|t:|1698584693\n|move|p1a: Ribombee|Sticky Web|p2a: Zacian\n|-sidestart|p2: MeteorAsh15|move: Sticky Web\n|move|p2a: Zacian|Behemoth Blade|p1a: Ribombee\n|-supereffective|p1a: Ribombee\n|-damage|p1a: Ribombee|0 fnt\n|faint|p1a: Ribombee\n|\n|upkeep\n|\n|t:|1698584701\n|switch|p1a: Zacian|Zacian-Crowned, shiny|100\/100\n|-ability|p1a: Zacian|Intrepid Sword|boost\n|-boost|p1a: Zacian|atk|1\n|turn|6\n|\n|t:|1698584707\n|move|p2a: Zacian|Behemoth Blade|p1a: Zacian\n|-damage|p1a: Zacian|22\/100\n|move|p1a: Zacian|Behemoth Blade|p2a: Zacian\n|-damage|p2a: Zacian|0 fnt\n|faint|p2a: Zacian\n|\n|upkeep\n|\n|t:|1698584718\n|switch|p2a: Grimmsnarl|Grimmsnarl, M|100\/100\n|-activate|p2a: Grimmsnarl|move: Sticky Web\n|-unboost|p2a: Grimmsnarl|spe|1\n|turn|7\n|\n|t:|1698584723\n|move|p2a: Grimmsnarl|Reflect|p2a: Grimmsnarl\n|-sidestart|p2: MeteorAsh15|Reflect\n|move|p1a: Zacian|Behemoth Blade|p2a: Grimmsnarl\n|-supereffective|p2a: Grimmsnarl\n|-damage|p2a: Grimmsnarl|12\/100\n|\n|upkeep\n|turn|8\n|\n|t:|1698584730\n|move|p2a: Grimmsnarl|Parting Shot|p1a: Zacian\n|-unboost|p1a: Zacian|atk|1\n|-unboost|p1a: Zacian|spa|1\n|\n|t:|1698584736\n|switch|p2a: Miraidon|Miraidon|100\/100|[from] Parting Shot\n|-activate|p2a: Miraidon|move: Sticky Web\n|-unboost|p2a: Miraidon|spe|1\n|-fieldstart|move: Electric Terrain|[from] ability: Hadron Engine|[of] p2a: Miraidon\n|move|p1a: Zacian|Behemoth Blade|p2a: Miraidon\n|-resisted|p2a: Miraidon\n|-damage|p2a: Miraidon|84\/100\n|\n|upkeep\n|turn|9\n|\n|t:|1698584749\n|move|p1a: Zacian|Play Rough|p2a: Miraidon\n|-supereffective|p2a: Miraidon\n|-damage|p2a: Miraidon|25\/100\n|move|p2a: Miraidon|Electro Drift|p1a: Zacian\n|-damage|p1a: Zacian|0 fnt\n|faint|p1a: Zacian\n|\n|upkeep\n|\n|t:|1698584758\n|switch|p1a: Poet boi|Koraidon|100\/100\n|-weather|SunnyDay|[from] ability: Orichalcum Pulse|[of] p1a: Poet boi\n|-activate|p1a: Poet boi|Orichalcum Pulse|[source]\n|turn|10\n|\n|t:|1698584763\n|move|p1a: Poet boi|Collision Course|p2a: Miraidon\n|-crit|p2a: Miraidon\n|-damage|p2a: Miraidon|0 fnt\n|faint|p2a: Miraidon\n|\n|-weather|SunnyDay|[upkeep]\n|upkeep\n|\n|t:|1698584772\n|switch|p2a: Ninetales|Ninetales-Alola, F|100\/100\n|-activate|p2a: Ninetales|move: Sticky Web\n|-unboost|p2a: Ninetales|spe|1\n|-weather|Snow|[from] ability: Snow Warning|[of] p2a: Ninetales\n|turn|11\n|\n|t:|1698584788\n|move|p1a: Poet boi|Collision Course|p2a: Ninetales\n|-damage|p2a: Ninetales|79\/100\n|move|p2a: Ninetales|Freeze-Dry|p1a: Poet boi\n|-supereffective|p1a: Poet boi\n|-damage|p1a: Poet boi|56\/100\n|\n|-weather|Snow|[upkeep]\n|-sideend|p2: MeteorAsh15|Reflect\n|upkeep\n|turn|12\n|\n|t:|1698584798\n|move|p1a: Poet boi|Flamethrower|p2a: Ninetales\n|-supereffective|p2a: Ninetales\n|-damage|p2a: Ninetales|41\/100\n|-status|p2a: Ninetales|brn\n|move|p2a: Ninetales|Aurora Veil|p2a: Ninetales\n|-sidestart|p2: MeteorAsh15|move: Aurora Veil\n|\n|-weather|Snow|[upkeep]\n|-damage|p2a: Ninetales|35\/100 brn|[from] brn\n|-fieldend|move: Electric Terrain\n|upkeep\n|turn|13\n|\n|t:|1698584810\n|move|p1a: Poet boi|Collision Course|p2a: Ninetales\n|-damage|p2a: Ninetales|16\/100 brn\n|move|p2a: Ninetales|Encore|p1a: Poet boi\n|-start|p1a: Poet boi|Encore\n|\n|-weather|Snow|[upkeep]\n|-damage|p2a: Ninetales|10\/100 brn|[from] brn\n|upkeep\n|turn|14\n|\n|t:|1698584819\n|move|p1a: Poet boi|Collision Course|p2a: Ninetales\n|-damage|p2a: Ninetales|0 fnt\n|faint|p2a: Ninetales\n|\n|-weather|Snow|[upkeep]\n|upkeep\n|\n|t:|1698584834\n|switch|p2a: Grimmsnarl|Grimmsnarl, M|12\/100\n|-activate|p2a: Grimmsnarl|move: Sticky Web\n|-unboost|p2a: Grimmsnarl|spe|1\n|turn|15\n|\n|t:|1698584842\n|move|p2a: Grimmsnarl|Reflect|p2a: Grimmsnarl\n|-sidestart|p2: MeteorAsh15|Reflect\n|move|p1a: Poet boi|Collision Course|p2a: Grimmsnarl\n|-damage|p2a: Grimmsnarl|0 fnt\n|faint|p2a: Grimmsnarl\n|\n|-weather|none\n|upkeep\n|\n|t:|1698584850\n|switch|p2a: Baxcalibur|Baxcalibur, F|100\/100\n|-activate|p2a: Baxcalibur|move: Sticky Web\n|-unboost|p2a: Baxcalibur|spe|1\n|turn|16\n|\n|t:|1698584857\n|-terastallize|p2a: Baxcalibur|Ground\n|move|p1a: Poet boi|Collision Course|p2a: Baxcalibur\n|-damage|p2a: Baxcalibur|74\/100\n|move|p2a: Baxcalibur|Scale Shot|p1a: Poet boi\n|-supereffective|p1a: Poet boi\n|-damage|p1a: Poet boi|30\/100\n|-supereffective|p1a: Poet boi\n|-damage|p1a: Poet boi|5\/100\n|-supereffective|p1a: Poet boi\n|-damage|p1a: Poet boi|0 fnt\n|faint|p1a: Poet boi\n|-hitcount|p1: Poet boi|3\n|-unboost|p2a: Baxcalibur|def|1\n|-boost|p2a: Baxcalibur|spe|1\n|\n|upkeep\n|\n|t:|1698584874\n|switch|p1a: Miraidon|Miraidon|100\/100\n|-fieldstart|move: Electric Terrain|[from] ability: Hadron Engine|[of] p1a: Miraidon\n|turn|17\n|\n|t:|1698584882\n|switch|p1a: Death|Houndstone, M, shiny|100\/100\n|move|p2a: Baxcalibur|Scale Shot|p1a: Death\n|-damage|p1a: Death|85\/100\n|-damage|p1a: Death|69\/100\n|-damage|p1a: Death|52\/100\n|-damage|p1a: Death|35\/100\n|-hitcount|p1a: Death|4\n|-unboost|p2a: Baxcalibur|def|1\n|-boost|p2a: Baxcalibur|spe|1\n|\n|upkeep\n|turn|18\n|\n|t:|1698584895\n|move|p2a: Baxcalibur|Scale Shot|p1a: Death\n|-damage|p1a: Death|19\/100\n|-damage|p1a: Death|4\/100\n|-crit|p1a: Death\n|-damage|p1a: Death|0 fnt\n|faint|p1a: Death\n|-hitcount|p1: Death|3\n|-unboost|p2a: Baxcalibur|def|1\n|-boost|p2a: Baxcalibur|spe|1\n|\n|upkeep\n|\n|t:|1698584905\n|switch|p1a: Miraidon|Miraidon|100\/100\n|-activate|p1a: Miraidon|ability: Hadron Engine\n|turn|19\n|\n|t:|1698584911\n|move|p2a: Baxcalibur|Icicle Spear|p1a: Miraidon\n|-supereffective|p1a: Miraidon\n|-damage|p1a: Miraidon|71\/100\n|-supereffective|p1a: Miraidon\n|-damage|p1a: Miraidon|43\/100\n|-supereffective|p1a: Miraidon\n|-damage|p1a: Miraidon|13\/100\n|-supereffective|p1a: Miraidon\n|-damage|p1a: Miraidon|0 fnt\n|faint|p1a: Miraidon\n|-hitcount|p1: Miraidon|4\n|\n|win|MeteorAsh15\n|raw|Sludhhske's rating: 1089 &rarr; <strong>1077<\/strong><br \/>(-12 for losing)\n|raw|MeteorAsh15's rating: 1276 &rarr; <strong>1289<\/strong><br \/>(+13 for winning)\n|l|\u2606Sludhhske\n|c|\u2606MeteorAsh15|Wrb didn't work\n","uploadtime":1698584941,"views":12,"p1id":"sludhhske","p2id":"meteorash15","formatid":"gen9ubers","rating":1077,"private":0,"password":""}