{"id":"gen9ubers-1986798231","p1":"xcellofantastic","p2":"Sharpyboi","format":"[Gen 9] Ubers","log":"|j|\u2606xcellofantastic\n|j|\u2606Sharpyboi\n|t:|1699526849\n|gametype|singles\n|player|p1|xcellofantastic|2|1368\n|player|p2|Sharpyboi|170|1233\n|teamsize|p1|6\n|teamsize|p2|6\n|gen|9\n|tier|[Gen 9] Ubers\n|rated|\n|rule|Sleep Clause Mod: Limit one foe put to sleep\n|rule|Species Clause: Limit one of each Pok\u00e9mon\n|rule|OHKO Clause: OHKO moves are banned\n|rule|Evasion Items Clause: Evasion items are banned\n|rule|Evasion Moves Clause: Evasion moves are banned\n|rule|Endless Battle Clause: Forcing endless battles is banned\n|rule|HP Percentage Mod: HP is shown in percentages\n|clearpoke\n|poke|p1|Dialga-Origin|\n|poke|p1|Ursaluna-Bloodmoon, M|\n|poke|p1|Cresselia, F|\n|poke|p1|Basculegion, M|\n|poke|p1|Calyrex-Ice|\n|poke|p1|Hatterene, F|\n|poke|p2|Zacian-*|\n|poke|p2|Miraidon|\n|poke|p2|Skeledirge, M|\n|poke|p2|Komala, F|\n|poke|p2|Arceus|\n|poke|p2|Regieleki|\n|teampreview\n|\n|t:|1699526858\n|start\n|switch|p1a: ARRYN|Cresselia, F|100\/100\n|switch|p2a: Zacian|Zacian-Crowned|100\/100\n|-ability|p2a: Zacian|Intrepid Sword|boost\n|-boost|p2a: Zacian|atk|1\n|turn|1\n|\n|t:|1699526863\n|move|p2a: Zacian|Swords Dance|p2a: Zacian\n|-boost|p2a: Zacian|atk|2\n|move|p1a: ARRYN|Trick Room|p1a: ARRYN\n|-fieldstart|move: Trick Room|[of] p1a: ARRYN\n|\n|upkeep\n|turn|2\n|\n|t:|1699526875\n|move|p1a: ARRYN|Thunder Wave|p2a: Zacian|[miss]\n|-miss|p1a: ARRYN|p2a: Zacian\n|move|p2a: Zacian|Behemoth Blade|p1a: ARRYN\n|-crit|p1a: ARRYN\n|-damage|p1a: ARRYN|0 fnt\n|faint|p1a: ARRYN\n|\n|upkeep\n|j| yengthecoz\n|c| yengthecoz|fuck trickroom\n|c| yengthecoz|i hate trickroom\n|j| Uneasyfishalliance\n|c|\u2606Sharpyboi|I agree\n|l| Uneasyfishalliance\n|\n|t:|1699526914\n|switch|p1a: Basculegion|Basculegion, M|100\/100\n|turn|3\n|c| yengthecoz|trickroom is gay\n|c|\u2606Sharpyboi|so am I\n|c| yengthecoz|what the ball\n|\n|t:|1699526959\n|move|p1a: Basculegion|Last Respects|p2a: Zacian\n|-damage|p2a: Zacian|14\/100\n|-damage|p1a: Basculegion|91\/100|[from] item: Life Orb\n|move|p2a: Zacian|Behemoth Blade|p1a: Basculegion\n|-resisted|p1a: Basculegion\n|-damage|p1a: Basculegion|11\/100\n|\n|upkeep\n|turn|4\n|c| yengthecoz|you are a trickroom enjoyer?\n|\n|t:|1699526965\n|switch|p2a: Komala|Komala, F|100\/100\n|-ability|p2a: Komala|Comatose\n|move|p1a: Basculegion|Aqua Jet|p2a: Komala\n|-damage|p2a: Komala|48\/100\n|-damage|p1a: Basculegion|1\/100|[from] item: Life Orb\n|\n|upkeep\n|turn|5\n|c|\u2606Sharpyboi|no I am a guy enjoyer\n|c| yengthecoz|??\n|c| yengthecoz|gay\n|\n|t:|1699526982\n|switch|p1a: Hatterene|Hatterene, F|100\/100\n|move|p2a: Komala|Wish|p2a: Komala\n|\n|-fieldend|move: Trick Room\n|upkeep\n|turn|6\n|c|\u2606Sharpyboi|yes\n|\n|t:|1699526988\n|move|p2a: Komala|U-turn|p1a: Hatterene\n|-damage|p1a: Hatterene|84\/100\n|-enditem|p1a: Hatterene|Red Card|[of] p2a: Komala\n|drag|p2a: Arceus|Arceus|100\/100\n|move|p1a: Hatterene|Trick Room|p1a: Hatterene\n|-fieldstart|move: Trick Room|[of] p1a: Hatterene\n|\n|upkeep\n|turn|7\n|\n|t:|1699527005\n|switch|p2a: Zacian|Zacian-Crowned|14\/100\n|move|p1a: Hatterene|Psyshock|p2a: Zacian\n|-resisted|p2a: Zacian\n|-damage|p2a: Zacian|0 fnt\n|faint|p2a: Zacian\n|\n|upkeep\n|\n|t:|1699527015\n|switch|p2a: Arceus|Arceus|100\/100\n|turn|8\n|\n|t:|1699527029\n|move|p1a: Hatterene|Dazzling Gleam|p2a: Arceus\n|-damage|p2a: Arceus|75\/100\n|move|p2a: Arceus|Swords Dance|p2a: Arceus\n|-boost|p2a: Arceus|atk|2\n|\n|upkeep\n|turn|9\n|\n|t:|1699527047\n|switch|p1a: Dialga|Dialga-Origin|100\/100\n|-ability|p1a: Dialga|Pressure\n|move|p2a: Arceus|Extreme Speed|p1a: Dialga\n|-resisted|p1a: Dialga\n|-damage|p1a: Dialga|61\/100\n|\n|upkeep\n|turn|10\n|\n|t:|1699527052\n|move|p1a: Dialga|Steel Beam|p2a: Arceus\n|-damage|p2a: Arceus|3\/100\n|-damage|p1a: Dialga|11\/100|[from] steelbeam\n|move|p2a: Arceus|Taunt|p1a: Dialga\n|-start|p1a: Dialga|move: Taunt\n|\n|-fieldend|move: Trick Room\n|upkeep\n|turn|11\n|\n|t:|1699527062\n|switch|p2a: Komala|Komala, F|48\/100\n|-ability|p2a: Komala|Comatose\n|move|p1a: Dialga|Steel Beam|p2a: Komala\n|-damage|p2a: Komala|0 fnt\n|-damage|p1a: Dialga|0 fnt|[from] steelbeam\n|faint|p1a: Dialga\n|faint|p2a: Komala\n|\n|upkeep\n|\n|t:|1699527074\n|switch|p1a: LONGTHORN|Calyrex-Ice|100\/100\n|switch|p2a: Miraidon|Miraidon|100\/100\n|-ability|p1a: LONGTHORN|As One\n|-ability|p1a: LONGTHORN|Unnerve\n|-fieldstart|move: Electric Terrain|[from] ability: Hadron Engine|[of] p2a: Miraidon\n|turn|12\n|\n|t:|1699527080\n|switch|p1a: MORMONT|Ursaluna-Bloodmoon, M|100\/100\n|move|p2a: Miraidon|Overheat|p1a: MORMONT\n|-damage|p1a: MORMONT|0 fnt\n|-unboost|p2a: Miraidon|spa|2\n|faint|p1a: MORMONT\n|\n|upkeep\n|\n|t:|1699527083\n|switch|p1a: LONGTHORN|Calyrex-Ice|100\/100\n|-ability|p1a: LONGTHORN|As One\n|-ability|p1a: LONGTHORN|Unnerve\n|turn|13\n|c| yengthecoz|nice overheat\n|c|\u2606Sharpyboi|thx\n|inactive|Battle timer is ON: inactive players will automatically lose when time's up. (requested by Sharpyboi)\n|c| yengthecoz|what elos is u\n|c|\u2606Sharpyboi|1233\n|inactive|xcellofantastic has 120 seconds left.\n|\n|t:|1699527191\n|-terastallize|p1a: LONGTHORN|Fire\n|move|p2a: Miraidon|Overheat|p1a: LONGTHORN\n|-resisted|p1a: LONGTHORN\n|-damage|p1a: LONGTHORN|85\/100\n|-unboost|p2a: Miraidon|spa|2\n|move|p1a: LONGTHORN|Trick Room|p1a: LONGTHORN\n|-fieldstart|move: Trick Room|[of] p1a: LONGTHORN\n|\n|upkeep\n|turn|14\n|\n|t:|1699527203\n|switch|p2a: Arceus|Arceus|3\/100\n|move|p1a: LONGTHORN|High Horsepower|p2a: Arceus\n|-damage|p2a: Arceus|0 fnt\n|faint|p2a: Arceus\n|-ability|p1a: LONGTHORN|Chilling Neigh|boost\n|-boost|p1a: LONGTHORN|atk|1\n|\n|upkeep\n|\n|t:|1699527209\n|switch|p2a: Miraidon|Miraidon|100\/100\n|-activate|p2a: Miraidon|ability: Hadron Engine\n|turn|15\n|\n|t:|1699527223\n|-terastallize|p2a: Miraidon|Dragon\n|move|p1a: LONGTHORN|High Horsepower|p2a: Miraidon\n|-damage|p2a: Miraidon|38\/100\n|move|p2a: Miraidon|Electro Drift|p1a: LONGTHORN\n|-damage|p1a: LONGTHORN|0 fnt\n|faint|p1a: LONGTHORN\n|\n|upkeep\n|\n|t:|1699527232\n|switch|p1a: Hatterene|Hatterene, F|84\/100\n|turn|16\n|\n|t:|1699527237\n|switch|p2a: Skeledirge|Skeledirge, M|100\/100\n|move|p1a: Hatterene|Trick Room|p1a: Hatterene\n|-fieldend|move: Trick Room\n|\n|-fieldend|move: Electric Terrain\n|upkeep\n|turn|17\n|\n|t:|1699527243\n|move|p2a: Skeledirge|Torch Song|p1a: Hatterene\n|-damage|p1a: Hatterene|50\/100\n|-boost|p2a: Skeledirge|spa|1\n|move|p1a: Hatterene|Trick Room|p1a: Hatterene\n|-fieldstart|move: Trick Room|[of] p1a: Hatterene\n|\n|upkeep\n|turn|18\n|\n|t:|1699527251\n|move|p1a: Hatterene|Mystical Fire|p2a: Skeledirge\n|-resisted|p2a: Skeledirge\n|-damage|p2a: Skeledirge|88\/100\n|-unboost|p2a: Skeledirge|spa|1\n|move|p2a: Skeledirge|Torch Song|p1a: Hatterene\n|-crit|p1a: Hatterene\n|-damage|p1a: Hatterene|2\/100\n|-boost|p2a: Skeledirge|spa|1\n|\n|upkeep\n|turn|19\n|-message|xcellofantastic forfeited.\n|\n|win|Sharpyboi\n|raw|xcellofantastic's rating: 1368 &rarr; <strong>1341<\/strong><br \/>(-27 for losing)\n|raw|Sharpyboi's rating: 1233 &rarr; <strong>1267<\/strong><br \/>(+34 for winning)\n|l|\u2606xcellofantastic\n|c|\u2606Sharpyboi|GG\n","uploadtime":1699527290,"views":8,"p1id":"xcellofantastic","p2id":"sharpyboi","formatid":"gen9ubers","rating":1267,"private":0,"password":""}