{"id":"gen9ubers-2000138720","p1":"Ethan Vover","p2":"UbersNub","format":"[Gen 9] Ubers","log":"|j|\u2606Ethan Vover\n|j|\u2606UbersNub\n|t:|1701161627\n|gametype|singles\n|player|p1|Ethan Vover|ethan|1233\n|player|p2|UbersNub|iris|1135\n|teamsize|p1|6\n|teamsize|p2|6\n|gen|9\n|tier|[Gen 9] Ubers\n|rated|\n|rule|Sleep Clause Mod: Limit one foe put to sleep\n|rule|Species Clause: Limit one of each Pok\u00e9mon\n|rule|OHKO Clause: OHKO moves are banned\n|rule|Evasion Items Clause: Evasion items are banned\n|rule|Evasion Moves Clause: Evasion moves are banned\n|rule|Endless Battle Clause: Forcing endless battles is banned\n|rule|HP Percentage Mod: HP is shown in percentages\n|clearpoke\n|poke|p1|Ursaluna-Bloodmoon, M|\n|poke|p1|Ceruledge, F|\n|poke|p1|Ninetales-Alola, F|\n|poke|p1|Arcanine-Hisui, F|\n|poke|p1|Corviknight, M|\n|poke|p1|Sneasler, M|\n|poke|p2|Zacian-*|\n|poke|p2|Mewtwo|\n|poke|p2|Miraidon|\n|poke|p2|Koraidon|\n|poke|p2|Kyogre|\n|poke|p2|Arceus|\n|teampreview\n|inactive|Battle timer is ON: inactive players will automatically lose when time's up. (requested by UbersNub)\n|\n|t:|1701161634\n|start\n|switch|p1a: Ninetales|Ninetales-Alola, F|100\/100\n|switch|p2a: Zacian|Zacian-Crowned|100\/100\n|-ability|p2a: Zacian|Intrepid Sword|boost\n|-boost|p2a: Zacian|atk|1\n|-weather|Snow|[from] ability: Snow Warning|[of] p1a: Ninetales\n|turn|1\n|\n|t:|1701161649\n|move|p2a: Zacian|Behemoth Blade|p1a: Ninetales\n|-supereffective|p1a: Ninetales\n|-damage|p1a: Ninetales|0 fnt\n|faint|p1a: Ninetales\n|\n|-weather|Snow|[upkeep]\n|upkeep\n|\n|t:|1701161652\n|switch|p1a: Ceruledge|Ceruledge, F|100\/100\n|turn|2\n|\n|t:|1701161665\n|move|p2a: Zacian|Wild Charge|p1a: Ceruledge\n|-damage|p1a: Ceruledge|28\/100\n|-ability|p1a: Ceruledge|Weak Armor|boost\n|-unboost|p1a: Ceruledge|def|1\n|-boost|p1a: Ceruledge|spe|2\n|-damage|p2a: Zacian|84\/100|[from] Recoil\n|move|p1a: Ceruledge|Swords Dance|p1a: Ceruledge\n|-boost|p1a: Ceruledge|atk|2\n|\n|-weather|Snow|[upkeep]\n|upkeep\n|turn|3\n|\n|t:|1701161682\n|move|p1a: Ceruledge|Bitter Blade|p2a: Zacian\n|-supereffective|p2a: Zacian\n|-damage|p2a: Zacian|0 fnt\n|-heal|p1a: Ceruledge|75\/100|[from] drain|[of] p2a: Zacian\n|faint|p2a: Zacian\n|\n|-weather|Snow|[upkeep]\n|upkeep\n|\n|t:|1701161691\n|switch|p2a: Arceus|Arceus|100\/100\n|turn|4\n|\n|t:|1701161708\n|move|p1a: Ceruledge|Bitter Blade|p2a: Arceus\n|-damage|p2a: Arceus|27\/100\n|-heal|p1a: Ceruledge|100\/100|[from] drain|[of] p2a: Arceus\n|move|p2a: Arceus|Earthquake|p1a: Ceruledge\n|-supereffective|p1a: Ceruledge\n|-enditem|p1a: Ceruledge|Focus Sash\n|-damage|p1a: Ceruledge|1\/100\n|-ability|p1a: Ceruledge|Weak Armor|boost\n|-unboost|p1a: Ceruledge|def|1\n|-boost|p1a: Ceruledge|spe|2\n|-damage|p2a: Arceus|17\/100|[from] item: Life Orb\n|\n|-weather|Snow|[upkeep]\n|upkeep\n|turn|5\n|\n|t:|1701161722\n|move|p1a: Ceruledge|Bitter Blade|p2a: Arceus\n|-damage|p2a: Arceus|0 fnt\n|-heal|p1a: Ceruledge|12\/100|[from] drain|[of] p2a: Arceus\n|faint|p2a: Arceus\n|\n|-weather|none\n|upkeep\n|inactive|UbersNub has 120 seconds left.\n|\n|t:|1701161752\n|switch|p2a: Miraidon|Miraidon|100\/100\n|-fieldstart|move: Electric Terrain|[from] ability: Hadron Engine|[of] p2a: Miraidon\n|turn|6\n|\n|t:|1701161761\n|move|p1a: Ceruledge|Shadow Claw|p2a: Miraidon\n|-crit|p2a: Miraidon\n|-damage|p2a: Miraidon|0 fnt\n|faint|p2a: Miraidon\n|\n|upkeep\n|\n|t:|1701161777\n|switch|p2a: Kyogre|Kyogre|100\/100\n|-weather|RainDance|[from] ability: Drizzle|[of] p2a: Kyogre\n|turn|7\n|\n|t:|1701161798\n|move|p1a: Ceruledge|Shadow Claw|p2a: Kyogre\n|-damage|p2a: Kyogre|8\/100\n|move|p2a: Kyogre|Origin Pulse|p1a: Ceruledge\n|-supereffective|p1a: Ceruledge\n|-damage|p1a: Ceruledge|0 fnt\n|faint|p1a: Ceruledge\n|-damage|p2a: Kyogre|0 fnt|[from] item: Life Orb\n|faint|p2a: Kyogre\n|\n|-weather|RainDance|[upkeep]\n|upkeep\n|\n|t:|1701161815\n|switch|p2a: Koraidon|Koraidon|100\/100\n|switch|p1a: Arcanine|Arcanine-Hisui, F|100\/100\n|-weather|SunnyDay|[from] ability: Orichalcum Pulse|[of] p2a: Koraidon\n|-activate|p2a: Koraidon|Orichalcum Pulse|[source]\n|turn|8\n|\n|t:|1701161824\n|move|p1a: Arcanine|Flare Blitz|p2a: Koraidon\n|-resisted|p2a: Koraidon\n|-damage|p2a: Koraidon|56\/100\n|move|p2a: Koraidon|Close Combat|p1a: Arcanine\n|-supereffective|p1a: Arcanine\n|-damage|p1a: Arcanine|0 fnt\n|-unboost|p2a: Koraidon|def|1\n|-unboost|p2a: Koraidon|spd|1\n|faint|p1a: Arcanine\n|-damage|p2a: Koraidon|46\/100|[from] item: Life Orb\n|\n|-weather|SunnyDay|[upkeep]\n|upkeep\n|\n|t:|1701161827\n|switch|p1a: Ursaluna|Ursaluna-Bloodmoon, M|100\/100\n|turn|9\n|\n|t:|1701161850\n|-terastallize|p1a: Ursaluna|Ghost\n|move|p2a: Koraidon|Close Combat|p1a: Ursaluna\n|-immune|p1a: Ursaluna\n|move|p1a: Ursaluna|Blood Moon|p2a: Koraidon\n|-damage|p2a: Koraidon|0 fnt\n|faint|p2a: Koraidon\n|\n|-weather|SunnyDay|[upkeep]\n|upkeep\n|\n|t:|1701161860\n|switch|p2a: Mewtwo|Mewtwo|100\/100\n|-ability|p2a: Mewtwo|Pressure\n|turn|10\n|\n|t:|1701161871\n|move|p2a: Mewtwo|Psystrike|p1a: Ursaluna\n|-damage|p1a: Ursaluna|54\/100\n|-damage|p2a: Mewtwo|91\/100|[from] item: Life Orb\n|move|p1a: Ursaluna|Earth Power|p2a: Mewtwo\n|-damage|p2a: Mewtwo|36\/100\n|\n|-weather|SunnyDay|[upkeep]\n|-heal|p1a: Ursaluna|60\/100|[from] item: Leftovers\n|-fieldend|move: Electric Terrain\n|upkeep\n|turn|11\n|\n|t:|1701161885\n|move|p2a: Mewtwo|Psystrike|p1a: Ursaluna\n|-damage|p1a: Ursaluna|9\/100\n|-damage|p2a: Mewtwo|26\/100|[from] item: Life Orb\n|move|p1a: Ursaluna|Blood Moon|p2a: Mewtwo\n|-damage|p2a: Mewtwo|0 fnt\n|faint|p2a: Mewtwo\n|\n|win|Ethan Vover\n|raw|Ethan Vover's rating: 1233 &rarr; <strong>1251<\/strong><br \/>(+18 for winning)\n|raw|UbersNub's rating: 1135 &rarr; <strong>1117<\/strong><br \/>(-18 for losing)\n|l|\u2606Ethan Vover\n","uploadtime":1701161917,"views":7,"p1id":"ethanvover","p2id":"ubersnub","formatid":"gen9ubers","rating":1117,"private":0,"password":""}