{"id":"gen9ubers-1970183188","p1":"Regalia-Karma22","p2":"Migrainelad","format":"[Gen 9] Ubers","log":"|j|\u2606Regalia-Karma22\n|j|\u2606Migrainelad\n|t:|1697606446\n|gametype|singles\n|player|p1|Regalia-Karma22|dawn-gen4pt|1181\n|player|p2|Migrainelad|2|1135\n|teamsize|p1|6\n|teamsize|p2|6\n|gen|9\n|tier|[Gen 9] Ubers\n|rated|\n|rule|Sleep Clause Mod: Limit one foe put to sleep\n|rule|Species Clause: Limit one of each Pok\u00e9mon\n|rule|OHKO Clause: OHKO moves are banned\n|rule|Evasion Items Clause: Evasion items are banned\n|rule|Evasion Moves Clause: Evasion moves are banned\n|rule|Endless Battle Clause: Forcing endless battles is banned\n|rule|HP Percentage Mod: HP is shown in percentages\n|clearpoke\n|poke|p1|Garchomp, M|\n|poke|p1|Kyogre|\n|poke|p1|Ogerpon-Hearthflame, F|\n|poke|p1|Zacian-*|\n|poke|p1|Chien-Pao|\n|poke|p1|Palafin, F|\n|poke|p2|Toedscruel, F|\n|poke|p2|Landorus-Therian, M|\n|poke|p2|Mandibuzz, F|\n|poke|p2|Toxapex, M|\n|poke|p2|Iron Bundle|\n|poke|p2|Avalugg-Hisui, F|\n|teampreview\n|inactive|Battle timer is ON: inactive players will automatically lose when time's up. (requested by Regalia-Karma22)\n|c|\u2606Migrainelad|glhf\n|c|\u2606Regalia-Karma22|u2\n|\n|t:|1697606480\n|start\n|switch|p1a: Palafin|Palafin, F|100\/100\n|switch|p2a: Toxapex|Toxapex, M|100\/100\n|turn|1\n|\n|t:|1697606489\n|detailschange|p1a: Palafin|Palafin-Hero, F\n|switch|p1a: Garchomp|Garchomp, M|100\/100\n|move|p2a: Toxapex|Toxic|p1a: Garchomp\n|-status|p1a: Garchomp|tox\n|\n|-damage|p1a: Garchomp|94\/100 tox|[from] psn\n|upkeep\n|turn|2\n|\n|t:|1697606494\n|move|p1a: Garchomp|Earthquake|p2a: Toxapex\n|-supereffective|p2a: Toxapex\n|-damage|p2a: Toxapex|10\/100\n|move|p2a: Toxapex|Chilling Water|p1a: Garchomp\n|-damage|p1a: Garchomp|83\/100 tox\n|-unboost|p1a: Garchomp|atk|1\n|\n|-heal|p2a: Toxapex|16\/100|[from] item: Black Sludge\n|-damage|p1a: Garchomp|71\/100 tox|[from] psn\n|upkeep\n|turn|3\n|\n|t:|1697606500\n|switch|p2a: Landorus|Landorus-Therian, M|100\/100\n|-ability|p2a: Landorus|Intimidate|boost\n|-unboost|p1a: Garchomp|atk|1\n|move|p1a: Garchomp|Earthquake|p2a: Landorus\n|-immune|p2a: Landorus\n|\n|-damage|p1a: Garchomp|52\/100 tox|[from] psn\n|upkeep\n|turn|4\n|\n|t:|1697606511\n|switch|p1a: Chien-Pao|Chien-Pao|100\/100\n|-ability|p1a: Chien-Pao|Sword of Ruin\n|switch|p2a: Mandibuzz|Mandibuzz, F|100\/100\n|\n|upkeep\n|turn|5\n|\n|t:|1697606524\n|-terastallize|p2a: Mandibuzz|Dark\n|move|p1a: Chien-Pao|Icicle Crash|p2a: Mandibuzz|[miss]\n|-miss|p1a: Chien-Pao|p2a: Mandibuzz\n|move|p2a: Mandibuzz|Foul Play|p1a: Chien-Pao\n|-resisted|p1a: Chien-Pao\n|-damage|p1a: Chien-Pao|56\/100\n|\n|upkeep\n|turn|6\n|\n|t:|1697606533\n|move|p1a: Chien-Pao|Sacred Sword|p2a: Mandibuzz\n|-supereffective|p2a: Mandibuzz\n|-damage|p2a: Mandibuzz|60\/100\n|-damage|p1a: Chien-Pao|40\/100|[from] item: Rocky Helmet|[of] p2a: Mandibuzz\n|move|p2a: Mandibuzz|Foul Play|p1a: Chien-Pao\n|-resisted|p1a: Chien-Pao\n|-damage|p1a: Chien-Pao|0 fnt\n|faint|p1a: Chien-Pao\n|\n|upkeep\n|\n|t:|1697606546\n|switch|p1a: Ogerpon|Ogerpon-Hearthflame, F|100\/100\n|-ability|p1a: Ogerpon|Mold Breaker\n|turn|7\n|\n|t:|1697606552\n|move|p1a: Ogerpon|Brick Break|p2a: Mandibuzz\n|-supereffective|p2a: Mandibuzz\n|-damage|p2a: Mandibuzz|29\/100\n|-damage|p1a: Ogerpon|84\/100|[from] item: Rocky Helmet|[of] p2a: Mandibuzz\n|move|p2a: Mandibuzz|Foul Play|p1a: Ogerpon\n|-damage|p1a: Ogerpon|0 fnt\n|faint|p1a: Ogerpon\n|\n|upkeep\n|\n|t:|1697606562\n|switch|p1a: Garchomp|Garchomp, M|52\/100 tox\n|turn|8\n|\n|t:|1697606568\n|switch|p2a: Landorus|Landorus-Therian, M|100\/100\n|-ability|p2a: Landorus|Intimidate|boost\n|-unboost|p1a: Garchomp|atk|1\n|move|p1a: Garchomp|Dragon Claw|p2a: Landorus\n|-damage|p2a: Landorus|48\/100\n|\n|-damage|p1a: Garchomp|46\/100 tox|[from] psn\n|upkeep\n|turn|9\n|\n|t:|1697606581\n|switch|p2a: Avalugg|Avalugg-Hisui, F|100\/100\n|move|p1a: Garchomp|Dragon Claw|p2a: Avalugg\n|-damage|p2a: Avalugg|85\/100\n|\n|-heal|p2a: Avalugg|91\/100|[from] item: Leftovers\n|-damage|p1a: Garchomp|34\/100 tox|[from] psn\n|upkeep\n|turn|10\n|\n|t:|1697606588\n|switch|p2a: Landorus|Landorus-Therian, M|48\/100\n|-ability|p2a: Landorus|Intimidate|boost\n|-unboost|p1a: Garchomp|atk|1\n|move|p1a: Garchomp|Dragon Claw|p2a: Landorus\n|-damage|p2a: Landorus|12\/100\n|\n|-damage|p1a: Garchomp|15\/100 tox|[from] psn\n|upkeep\n|turn|11\n|\n|t:|1697606599\n|move|p1a: Garchomp|Dragon Claw|p2a: Landorus\n|-damage|p2a: Landorus|0 fnt\n|faint|p2a: Landorus\n|\n|-damage|p1a: Garchomp|0 fnt|[from] psn\n|faint|p1a: Garchomp\n|upkeep\n|\n|t:|1697606610\n|switch|p1a: Zacian|Zacian-Crowned|100\/100\n|switch|p2a: Toxapex|Toxapex, M|49\/100\n|-ability|p1a: Zacian|Intrepid Sword|boost\n|-boost|p1a: Zacian|atk|1\n|turn|12\n|\n|t:|1697606623\n|move|p1a: Zacian|Behemoth Blade|p2a: Toxapex\n|-resisted|p2a: Toxapex\n|-damage|p2a: Toxapex|22\/100\n|move|p2a: Toxapex|Chilling Water|p1a: Zacian\n|-damage|p1a: Zacian|90\/100\n|-unboost|p1a: Zacian|atk|1\n|\n|-heal|p2a: Toxapex|28\/100|[from] item: Black Sludge\n|upkeep\n|turn|13\n|\n|t:|1697606629\n|switch|p2a: Mandibuzz|Mandibuzz, F, tera:Dark|29\/100\n|move|p1a: Zacian|Fire Fang|p2a: Mandibuzz\n|-damage|p2a: Mandibuzz|14\/100\n|-status|p2a: Mandibuzz|brn\n|-damage|p1a: Zacian|73\/100|[from] item: Rocky Helmet|[of] p2a: Mandibuzz\n|\n|-damage|p2a: Mandibuzz|7\/100 brn|[from] brn\n|upkeep\n|turn|14\n|\n|t:|1697606639\n|move|p1a: Zacian|Behemoth Blade|p2a: Mandibuzz\n|-damage|p2a: Mandibuzz|0 fnt\n|-damage|p1a: Zacian|57\/100|[from] item: Rocky Helmet|[of] p2a: Mandibuzz\n|faint|p2a: Mandibuzz\n|\n|upkeep\n|\n|t:|1697606641\n|switch|p2a: Toxapex|Toxapex, M|62\/100\n|turn|15\n|\n|t:|1697606647\n|move|p1a: Zacian|Behemoth Blade|p2a: Toxapex\n|-resisted|p2a: Toxapex\n|-damage|p2a: Toxapex|45\/100\n|move|p2a: Toxapex|Chilling Water|p1a: Zacian\n|-damage|p1a: Zacian|47\/100\n|-unboost|p1a: Zacian|atk|1\n|\n|-heal|p2a: Toxapex|51\/100|[from] item: Black Sludge\n|upkeep\n|turn|16\n|\n|t:|1697606659\n|move|p1a: Zacian|Ice Fang|p2a: Toxapex\n|-resisted|p2a: Toxapex\n|-damage|p2a: Toxapex|46\/100\n|move|p2a: Toxapex|Recover|p2a: Toxapex\n|-heal|p2a: Toxapex|96\/100\n|\n|-heal|p2a: Toxapex|100\/100|[from] item: Black Sludge\n|upkeep\n|turn|17\n|\n|t:|1697606664\n|move|p1a: Zacian|Play Rough|p2a: Toxapex\n|-resisted|p2a: Toxapex\n|-damage|p2a: Toxapex|90\/100\n|move|p2a: Toxapex|Chilling Water|p1a: Zacian\n|-damage|p1a: Zacian|36\/100\n|-unboost|p1a: Zacian|atk|1\n|\n|-heal|p2a: Toxapex|96\/100|[from] item: Black Sludge\n|upkeep\n|turn|18\n|\n|t:|1697606669\n|move|p1a: Zacian|Play Rough|p2a: Toxapex\n|-resisted|p2a: Toxapex\n|-damage|p2a: Toxapex|89\/100\n|move|p2a: Toxapex|Chilling Water|p1a: Zacian\n|-damage|p1a: Zacian|26\/100\n|-unboost|p1a: Zacian|atk|1\n|\n|-heal|p2a: Toxapex|95\/100|[from] item: Black Sludge\n|upkeep\n|turn|19\n|\n|t:|1697606677\n|move|p1a: Zacian|Behemoth Blade|p2a: Toxapex\n|-resisted|p2a: Toxapex\n|-damage|p2a: Toxapex|88\/100\n|move|p2a: Toxapex|Chilling Water|p1a: Zacian\n|-damage|p1a: Zacian|16\/100\n|-unboost|p1a: Zacian|atk|1\n|\n|-heal|p2a: Toxapex|95\/100|[from] item: Black Sludge\n|upkeep\n|turn|20\n|\n|t:|1697606688\n|move|p1a: Zacian|Play Rough|p2a: Toxapex\n|-resisted|p2a: Toxapex\n|-damage|p2a: Toxapex|89\/100\n|move|p2a: Toxapex|Chilling Water|p1a: Zacian\n|-damage|p1a: Zacian|5\/100\n|-unboost|p1a: Zacian|atk|1\n|\n|-heal|p2a: Toxapex|95\/100|[from] item: Black Sludge\n|upkeep\n|turn|21\n|\n|t:|1697606693\n|move|p1a: Zacian|Ice Fang|p2a: Toxapex\n|-resisted|p2a: Toxapex\n|-damage|p2a: Toxapex|93\/100\n|move|p2a: Toxapex|Chilling Water|p1a: Zacian\n|-damage|p1a: Zacian|0 fnt\n|faint|p1a: Zacian\n|\n|-heal|p2a: Toxapex|99\/100|[from] item: Black Sludge\n|upkeep\n|\n|t:|1697606702\n|switch|p1a: Kyogre|Kyogre|100\/100\n|-weather|RainDance|[from] ability: Drizzle|[of] p1a: Kyogre\n|turn|22\n|\n|t:|1697606707\n|move|p1a: Kyogre|Earthquake|p2a: Toxapex\n|-supereffective|p2a: Toxapex\n|-crit|p2a: Toxapex\n|-damage|p2a: Toxapex|50\/100\n|move|p2a: Toxapex|Acid Spray|p1a: Kyogre\n|-damage|p1a: Kyogre|94\/100\n|-unboost|p1a: Kyogre|spd|2\n|\n|-weather|RainDance|[upkeep]\n|-heal|p2a: Toxapex|56\/100|[from] item: Black Sludge\n|upkeep\n|turn|23\n|\n|t:|1697606715\n|switch|p2a: Toedscruel|Toedscruel, F|100\/100\n|move|p1a: Kyogre|Thunder|p2a: Toedscruel\n|-immune|p2a: Toedscruel\n|\n|-weather|RainDance|[upkeep]\n|upkeep\n|turn|24\n|\n|t:|1697606720\n|move|p1a: Kyogre|Ice Beam|p2a: Toedscruel\n|-supereffective|p2a: Toedscruel\n|-damage|p2a: Toedscruel|7\/100\n|move|p2a: Toedscruel|Giga Drain|p1a: Kyogre\n|-supereffective|p1a: Kyogre\n|-damage|p1a: Kyogre|31\/100\n|-heal|p2a: Toedscruel|36\/100|[from] drain|[of] p1a: Kyogre\n|\n|-weather|RainDance|[upkeep]\n|-heal|p2a: Toedscruel|43\/100|[from] item: Leftovers\n|upkeep\n|turn|25\n|\n|t:|1697606727\n|move|p1a: Kyogre|Ice Beam|p2a: Toedscruel\n|-supereffective|p2a: Toedscruel\n|-damage|p2a: Toedscruel|0 fnt\n|faint|p2a: Toedscruel\n|\n|-weather|RainDance|[upkeep]\n|upkeep\n|\n|t:|1697606732\n|switch|p2a: Iron Bundle|Iron Bundle|100\/100\n|turn|26\n|\n|t:|1697606736\n|move|p2a: Iron Bundle|Freeze-Dry|p1a: Kyogre\n|-supereffective|p1a: Kyogre\n|-damage|p1a: Kyogre|0 fnt\n|faint|p1a: Kyogre\n|\n|-weather|none\n|upkeep\n|\n|t:|1697606738\n|switch|p1a: Palafin|Palafin-Hero, F|100\/100\n|-activate|p1a: Palafin|ability: Zero to Hero\n|turn|27\n|\n|t:|1697606741\n|-terastallize|p1a: Palafin|Water\n|move|p1a: Palafin|Jet Punch|p2a: Iron Bundle\n|-resisted|p2a: Iron Bundle\n|-damage|p2a: Iron Bundle|56\/100\n|move|p2a: Iron Bundle|Freeze-Dry|p1a: Palafin\n|-supereffective|p1a: Palafin\n|-damage|p1a: Palafin|13\/100\n|\n|upkeep\n|turn|28\n|\n|t:|1697606747\n|move|p1a: Palafin|Jet Punch|p2a: Iron Bundle\n|-resisted|p2a: Iron Bundle\n|-damage|p2a: Iron Bundle|11\/100\n|move|p2a: Iron Bundle|Freeze-Dry|p1a: Palafin\n|-supereffective|p1a: Palafin\n|-damage|p1a: Palafin|0 fnt\n|faint|p1a: Palafin\n|\n|win|Migrainelad\n|raw|Regalia-Karma22's rating: 1181 &rarr; <strong>1153<\/strong><br \/>(-28 for losing)\n|raw|Migrainelad's rating: 1135 &rarr; <strong>1163<\/strong><br \/>(+28 for winning)\n|c|\u2606Regalia-Karma22|ggs\n|c|\u2606Migrainelad|gg\n|l|\u2606Regalia-Karma22\n","uploadtime":1697606762,"views":10,"p1id":"regaliakarma22","p2id":"migrainelad","formatid":"gen9ubers","rating":1153,"private":0,"password":""}