{"id":"gen9ubers-1970042119","p1":"blkwmnlvr","p2":"kirimissing","format":"[Gen 9] Ubers","log":"|j|\u2606blkwmnlvr\n|j|\u2606kirimissing\n|t:|1697588148\n|gametype|singles\n|player|p1|blkwmnlvr|veteran|\n|player|p2|kirimissing|clair|\n|teamsize|p1|6\n|teamsize|p2|6\n|gen|9\n|tier|[Gen 9] Ubers\n|rule|Sleep Clause Mod: Limit one foe put to sleep\n|rule|Species Clause: Limit one of each Pok\u00e9mon\n|rule|OHKO Clause: OHKO moves are banned\n|rule|Evasion Items Clause: Evasion items are banned\n|rule|Evasion Moves Clause: Evasion moves are banned\n|rule|Endless Battle Clause: Forcing endless battles is banned\n|rule|HP Percentage Mod: HP is shown in percentages\n|clearpoke\n|poke|p1|Dialga|\n|poke|p1|Poliwrath, M|\n|poke|p1|Ceruledge, F|\n|poke|p1|Weezing-Galar, F|\n|poke|p1|Landorus, M|\n|poke|p1|Weavile, M|\n|poke|p2|Ninetales-Alola, M|\n|poke|p2|Scizor, M|\n|poke|p2|Darkrai|\n|poke|p2|Magearna|\n|poke|p2|Haxorus, F|\n|poke|p2|Zacian-*|\n|teampreview\n|\n|t:|1697588163\n|start\n|switch|p1a: Weezing|Weezing-Galar, F|100\/100\n|switch|p2a: Darkrai|Darkrai|100\/100\n|turn|1\n|c|\u2606kirimissing|glhf\n|c|\u2606blkwmnlvr|thanks\n|\n|t:|1697588193\n|move|p2a: Darkrai|Hypnosis|p1a: Weezing|[miss]\n|-miss|p2a: Darkrai|p1a: Weezing\n|-enditem|p2a: Darkrai|Blunder Policy\n|-boost|p2a: Darkrai|spe|2\n|move|p1a: Weezing|Will-O-Wisp|p2a: Darkrai\n|-status|p2a: Darkrai|brn\n|\n|-damage|p2a: Darkrai|94\/100 brn|[from] brn\n|upkeep\n|turn|2\n|\n|t:|1697588217\n|move|p2a: Darkrai|Hypnosis|p1a: Weezing|[miss]\n|-miss|p2a: Darkrai|p1a: Weezing\n|move|p1a: Weezing|Pain Split|p2a: Darkrai\n|-sethp|p2a: Darkrai|96\/100 brn|[from] move: Pain Split|[silent]\n|-sethp|p1a: Weezing|99\/100|[from] move: Pain Split\n|\n|-damage|p2a: Darkrai|90\/100 brn|[from] brn\n|upkeep\n|turn|3\n|\n|t:|1697588230\n|move|p2a: Darkrai|Hypnosis|p1a: Weezing\n|-status|p1a: Weezing|slp|[from] move: Hypnosis\n|cant|p1a: Weezing|slp\n|\n|-damage|p2a: Darkrai|83\/100 brn|[from] brn\n|-damage|p1a: Weezing|87\/100 slp|[from] ability: Bad Dreams|[of] p2a: Darkrai\n|upkeep\n|turn|4\n|\n|t:|1697588234\n|switch|p1a: Poliwrath|Poliwrath, M|100\/100\n|move|p2a: Darkrai|Dream Eater|p1a: Poliwrath\n|-immune|p1a: Poliwrath\n|\n|-damage|p2a: Darkrai|77\/100 brn|[from] brn\n|upkeep\n|turn|5\n|\n|t:|1697588246\n|move|p2a: Darkrai|Thunder Wave|p1a: Poliwrath\n|-status|p1a: Poliwrath|par\n|move|p1a: Poliwrath|Knock Off|p2a: Darkrai\n|-resisted|p2a: Darkrai\n|-damage|p2a: Darkrai|67\/100 brn\n|\n|-damage|p2a: Darkrai|61\/100 brn|[from] brn\n|upkeep\n|turn|6\n|\n|t:|1697588274\n|switch|p2a: Ninetales|Ninetales-Alola, M|100\/100\n|-weather|Snow|[from] ability: Snow Warning|[of] p2a: Ninetales\n|move|p1a: Poliwrath|Knock Off|p2a: Ninetales\n|-resisted|p2a: Ninetales\n|-damage|p2a: Ninetales|90\/100\n|-enditem|p2a: Ninetales|Light Clay|[from] move: Knock Off|[of] p1a: Poliwrath\n|\n|-weather|Snow|[upkeep]\n|upkeep\n|turn|7\n|\n|t:|1697588316\n|switch|p1a: Weezing|Weezing-Galar, F|87\/100 slp\n|move|p2a: Ninetales|Aurora Veil|p2a: Ninetales\n|-sidestart|p2: kirimissing|move: Aurora Veil\n|\n|-weather|Snow|[upkeep]\n|upkeep\n|turn|8\n|\n|t:|1697588352\n|switch|p2a: Haxorus|Haxorus, F, shiny|100\/100\n|-ability|p2a: Haxorus|Mold Breaker\n|-curestatus|p1a: Weezing|slp|[msg]\n|move|p1a: Weezing|Will-O-Wisp|p2a: Haxorus|[miss]\n|-miss|p1a: Weezing|p2a: Haxorus\n|\n|-weather|Snow|[upkeep]\n|upkeep\n|turn|9\n|\n|t:|1697588375\n|move|p2a: Haxorus|Swords Dance|p2a: Haxorus\n|-boost|p2a: Haxorus|atk|2\n|move|p1a: Weezing|Will-O-Wisp|p2a: Haxorus\n|-status|p2a: Haxorus|brn\n|\n|-weather|Snow|[upkeep]\n|-damage|p2a: Haxorus|94\/100 brn|[from] brn\n|upkeep\n|turn|10\n|\n|t:|1697588385\n|switch|p1a: Landorus|Landorus, M|100\/100\n|move|p2a: Haxorus|Swords Dance|p2a: Haxorus\n|-boost|p2a: Haxorus|atk|2\n|\n|-weather|none\n|-damage|p2a: Haxorus|88\/100 brn|[from] brn\n|upkeep\n|turn|11\n|\n|t:|1697588431\n|move|p1a: Landorus|U-turn|p2a: Haxorus\n|-damage|p2a: Haxorus|78\/100 brn\n|-damage|p1a: Landorus|91\/100|[from] item: Life Orb\n|\n|t:|1697588440\n|switch|p1a: Weezing|Weezing-Galar, F|87\/100|[from] U-turn\n|move|p2a: Haxorus|Scale Shot|p1a: Weezing\n|-immune|p1a: Weezing\n|\n|-damage|p2a: Haxorus|72\/100 brn|[from] brn\n|-sideend|p2: kirimissing|move: Aurora Veil\n|upkeep\n|turn|12\n|\n|t:|1697588461\n|move|p2a: Haxorus|Earthquake|p1a: Weezing\n|-supereffective|p1a: Weezing\n|-damage|p1a: Weezing|12\/100\n|move|p1a: Weezing|Sludge Bomb|p2a: Haxorus\n|-damage|p2a: Haxorus|37\/100 brn\n|\n|-damage|p2a: Haxorus|31\/100 brn|[from] brn\n|upkeep\n|turn|13\n|\n|t:|1697588467\n|move|p2a: Haxorus|Scale Shot|p1a: Weezing\n|-immune|p1a: Weezing\n|move|p1a: Weezing|Sludge Bomb|p2a: Haxorus\n|-damage|p2a: Haxorus|0 fnt\n|faint|p2a: Haxorus\n|\n|upkeep\n|\n|t:|1697588471\n|switch|p2a: Ninetales|Ninetales-Alola, M|90\/100\n|-weather|Snow|[from] ability: Snow Warning|[of] p2a: Ninetales\n|turn|14\n|\n|t:|1697588482\n|move|p2a: Ninetales|Aurora Veil|p2a: Ninetales\n|-sidestart|p2: kirimissing|move: Aurora Veil\n|move|p1a: Weezing|Pain Split|p2a: Ninetales\n|-sethp|p2a: Ninetales|50\/100|[from] move: Pain Split|[silent]\n|-sethp|p1a: Weezing|58\/100|[from] move: Pain Split\n|\n|-weather|Snow|[upkeep]\n|upkeep\n|turn|15\n|\n|t:|1697588489\n|switch|p2a: Darkrai|Darkrai|61\/100 brn\n|move|p1a: Weezing|Defog|p2a: Darkrai\n|-unboost|p2a: Darkrai|evasion|1\n|-sideend|p2: kirimissing|move: Aurora Veil\n|\n|-weather|Snow|[upkeep]\n|-damage|p2a: Darkrai|55\/100 brn|[from] brn\n|upkeep\n|turn|16\n|\n|t:|1697588495\n|move|p2a: Darkrai|Hypnosis|p1a: Weezing\n|-status|p1a: Weezing|slp|[from] move: Hypnosis\n|cant|p1a: Weezing|slp\n|\n|-weather|Snow|[upkeep]\n|-damage|p2a: Darkrai|49\/100 brn|[from] brn\n|-damage|p1a: Weezing|46\/100 slp|[from] ability: Bad Dreams|[of] p2a: Darkrai\n|upkeep\n|turn|17\n|\n|t:|1697588502\n|switch|p1a: Poliwrath|Poliwrath, M|100\/100 par\n|move|p2a: Darkrai|Dream Eater|p1a: Poliwrath\n|-immune|p1a: Poliwrath\n|\n|-weather|Snow|[upkeep]\n|-damage|p2a: Darkrai|43\/100 brn|[from] brn\n|upkeep\n|turn|18\n|\n|t:|1697588513\n|switch|p2a: Magearna|Magearna|100\/100\n|move|p1a: Poliwrath|Drain Punch|p2a: Magearna\n|-damage|p2a: Magearna|77\/100\n|\n|-weather|none\n|-heal|p2a: Magearna|84\/100|[from] item: Leftovers\n|upkeep\n|turn|19\n|\n|t:|1697588524\n|switch|p1a: Ceruledge|Ceruledge, F|100\/100\n|move|p2a: Magearna|Shift Gear|p2a: Magearna\n|-boost|p2a: Magearna|spe|2\n|-boost|p2a: Magearna|atk|1\n|\n|-heal|p2a: Magearna|90\/100|[from] item: Leftovers\n|upkeep\n|turn|20\n|\n|t:|1697588540\n|-terastallize|p2a: Magearna|Flying\n|move|p2a: Magearna|Shift Gear|p2a: Magearna\n|-boost|p2a: Magearna|spe|2\n|-boost|p2a: Magearna|atk|1\n|move|p1a: Ceruledge|Swords Dance|p1a: Ceruledge\n|-boost|p1a: Ceruledge|atk|2\n|\n|-heal|p2a: Magearna|96\/100|[from] item: Leftovers\n|upkeep\n|turn|21\n|\n|t:|1697588549\n|move|p2a: Magearna|Calm Mind|p2a: Magearna\n|-boost|p2a: Magearna|spa|1\n|-boost|p2a: Magearna|spd|1\n|move|p1a: Ceruledge|Bitter Blade|p2a: Magearna\n|-damage|p2a: Magearna|34\/100\n|\n|-heal|p2a: Magearna|40\/100|[from] item: Leftovers\n|upkeep\n|turn|22\n|\n|t:|1697588556\n|move|p2a: Magearna|Stored Power|p1a: Ceruledge\n|-damage|p1a: Ceruledge|14\/100\n|move|p1a: Ceruledge|Bitter Blade|p2a: Magearna\n|-damage|p2a: Magearna|0 fnt\n|-heal|p1a: Ceruledge|34\/100|[from] drain|[of] p2a: Magearna\n|faint|p2a: Magearna\n|\n|upkeep\n|\n|t:|1697588564\n|switch|p2a: Zacian|Zacian|100\/100\n|-ability|p2a: Zacian|Intrepid Sword|boost\n|-boost|p2a: Zacian|atk|1\n|turn|23\n|\n|t:|1697588571\n|move|p1a: Ceruledge|Shadow Sneak|p2a: Zacian\n|-damage|p2a: Zacian|70\/100\n|move|p2a: Zacian|Play Rough|p1a: Ceruledge\n|-resisted|p1a: Ceruledge\n|-damage|p1a: Ceruledge|0 fnt\n|faint|p1a: Ceruledge\n|\n|upkeep\n|\n|t:|1697588590\n|switch|p1a: Weezing|Weezing-Galar, F|46\/100 slp\n|turn|24\n|\n|t:|1697588594\n|move|p2a: Zacian|Swords Dance|p2a: Zacian\n|-boost|p2a: Zacian|atk|2\n|cant|p1a: Weezing|slp\n|\n|upkeep\n|turn|25\n|\n|t:|1697588599\n|move|p2a: Zacian|Iron Head|p1a: Weezing\n|-supereffective|p1a: Weezing\n|-damage|p1a: Weezing|0 fnt\n|-damage|p2a: Zacian|53\/100|[from] item: Rocky Helmet|[of] p1a: Weezing\n|faint|p1a: Weezing\n|\n|upkeep\n|\n|t:|1697588616\n|switch|p1a: Dialga|Dialga|100\/100\n|-ability|p1a: Dialga|Pressure\n|turn|26\n|\n|t:|1697588620\n|switch|p1a: Landorus|Landorus, M|91\/100\n|move|p2a: Zacian|Sacred Sword|p1a: Landorus\n|-resisted|p1a: Landorus\n|-damage|p1a: Landorus|49\/100\n|\n|upkeep\n|turn|27\n|\n|t:|1697588630\n|move|p2a: Zacian|Play Rough|p1a: Landorus\n|-damage|p1a: Landorus|0 fnt\n|faint|p1a: Landorus\n|\n|upkeep\n|\n|t:|1697588634\n|switch|p1a: Dialga|Dialga|100\/100\n|-ability|p1a: Dialga|Pressure\n|turn|28\n|\n|t:|1697588637\n|move|p2a: Zacian|Sacred Sword|p1a: Dialga\n|-supereffective|p1a: Dialga\n|-damage|p1a: Dialga|2\/100\n|move|p1a: Dialga|Flash Cannon|p2a: Zacian\n|-supereffective|p2a: Zacian\n|-damage|p2a: Zacian|0 fnt\n|faint|p2a: Zacian\n|\n|upkeep\n|\n|t:|1697588645\n|switch|p2a: Scizor|Scizor, M|100\/100\n|turn|29\n|\n|t:|1697588653\n|move|p2a: Scizor|Bullet Punch|p1a: Dialga\n|-resisted|p1a: Dialga\n|-damage|p1a: Dialga|0 fnt\n|faint|p1a: Dialga\n|-damage|p2a: Scizor|91\/100|[from] item: Life Orb\n|\n|upkeep\n|\n|t:|1697588657\n|switch|p1a: Poliwrath|Poliwrath, M|100\/100 par\n|turn|30\n|\n|t:|1697588665\n|move|p2a: Scizor|Swords Dance|p2a: Scizor\n|-boost|p2a: Scizor|atk|2\n|move|p1a: Poliwrath|Knock Off|p2a: Scizor\n|-damage|p2a: Scizor|65\/100\n|-enditem|p2a: Scizor|Life Orb|[from] move: Knock Off|[of] p1a: Poliwrath\n|\n|upkeep\n|turn|31\n|\n|t:|1697588671\n|move|p2a: Scizor|Swords Dance|p2a: Scizor\n|-boost|p2a: Scizor|atk|2\n|move|p1a: Poliwrath|Drain Punch|p2a: Scizor\n|-damage|p2a: Scizor|35\/100\n|\n|upkeep\n|turn|32\n|\n|t:|1697588678\n|move|p2a: Scizor|Bullet Punch|p1a: Poliwrath\n|-resisted|p1a: Poliwrath\n|-damage|p1a: Poliwrath|56\/100 par\n|move|p1a: Poliwrath|Drain Punch|p2a: Scizor\n|-damage|p2a: Scizor|4\/100\n|-heal|p1a: Poliwrath|70\/100 par|[from] drain|[of] p2a: Scizor\n|\n|upkeep\n|turn|33\n|\n|t:|1697588686\n|move|p2a: Scizor|Bullet Punch|p1a: Poliwrath\n|-resisted|p1a: Poliwrath\n|-damage|p1a: Poliwrath|29\/100 par\n|move|p1a: Poliwrath|Drain Punch|p2a: Scizor\n|-damage|p2a: Scizor|0 fnt\n|-heal|p1a: Poliwrath|31\/100 par|[from] drain|[of] p2a: Scizor\n|faint|p2a: Scizor\n|\n|upkeep\n|\n|t:|1697588693\n|switch|p2a: Ninetales|Ninetales-Alola, M|50\/100\n|-weather|Snow|[from] ability: Snow Warning|[of] p2a: Ninetales\n|turn|34\n|\n|t:|1697588701\n|move|p2a: Ninetales|Aurora Veil|p2a: Ninetales\n|-sidestart|p2: kirimissing|move: Aurora Veil\n|move|p1a: Poliwrath|Drain Punch|p2a: Ninetales\n|-damage|p2a: Ninetales|36\/100\n|-heal|p1a: Poliwrath|36\/100 par|[from] drain|[of] p2a: Ninetales\n|\n|-weather|Snow|[upkeep]\n|upkeep\n|turn|35\n|\n|t:|1697588709\n|move|p2a: Ninetales|Dazzling Gleam|p1a: Poliwrath\n|-supereffective|p1a: Poliwrath\n|-damage|p1a: Poliwrath|10\/100 par\n|move|p1a: Poliwrath|Drain Punch|p2a: Ninetales\n|-damage|p2a: Ninetales|25\/100\n|-heal|p1a: Poliwrath|15\/100 par|[from] drain|[of] p2a: Ninetales\n|\n|-weather|Snow|[upkeep]\n|upkeep\n|turn|36\n|\n|t:|1697588717\n|move|p2a: Ninetales|Dazzling Gleam|p1a: Poliwrath\n|-supereffective|p1a: Poliwrath\n|-damage|p1a: Poliwrath|0 fnt\n|faint|p1a: Poliwrath\n|\n|-weather|Snow|[upkeep]\n|upkeep\n|\n|t:|1697588726\n|switch|p1a: Weavile|Weavile, M|100\/100\n|-ability|p1a: Weavile|Pressure\n|turn|37\n|\n|t:|1697588747\n|move|p1a: Weavile|Icicle Crash|p2a: Ninetales\n|-resisted|p2a: Ninetales\n|-damage|p2a: Ninetales|12\/100\n|move|p2a: Ninetales|Dazzling Gleam|p1a: Weavile\n|-supereffective|p1a: Weavile\n|-damage|p1a: Weavile|41\/100\n|\n|-weather|Snow|[upkeep]\n|upkeep\n|turn|38\n|\n|t:|1697588753\n|move|p1a: Weavile|Icicle Crash|p2a: Ninetales\n|-resisted|p2a: Ninetales\n|-damage|p2a: Ninetales|0 fnt\n|faint|p2a: Ninetales\n|\n|-weather|none\n|-sideend|p2: kirimissing|move: Aurora Veil\n|upkeep\n|\n|t:|1697588759\n|switch|p2a: Darkrai|Darkrai|43\/100 brn\n|turn|39\n|\n|t:|1697588763\n|move|p1a: Weavile|Icicle Crash|p2a: Darkrai\n|-damage|p2a: Darkrai|0 fnt\n|faint|p2a: Darkrai\n|\n|win|blkwmnlvr\n|c|\u2606kirimissing|gg\n|c|\u2606blkwmnlvr|gg\n|l|\u2606kirimissing\n","uploadtime":1697588773,"views":10,"p1id":"blkwmnlvr","p2id":"kirimissing","formatid":"gen9ubers","rating":0,"private":0,"password":""}