{"id":"gen9ubers-1975060278","p1":"NowYouShallPerish","p2":"Yankiken","format":"[Gen 9] Ubers","log":"|j|\u2606NowYouShallPerish\n|j|\u2606Yankiken\n|t:|1698158778\n|gametype|singles\n|player|p1|NowYouShallPerish|waiter-gen4dp|1221\n|player|p2|Yankiken|lady-gen4|1285\n|teamsize|p1|6\n|teamsize|p2|6\n|gen|9\n|tier|[Gen 9] Ubers\n|rated|\n|rule|Sleep Clause Mod: Limit one foe put to sleep\n|rule|Species Clause: Limit one of each Pok\u00e9mon\n|rule|OHKO Clause: OHKO moves are banned\n|rule|Evasion Items Clause: Evasion items are banned\n|rule|Evasion Moves Clause: Evasion moves are banned\n|rule|Endless Battle Clause: Forcing endless battles is banned\n|rule|HP Percentage Mod: HP is shown in percentages\n|clearpoke\n|poke|p1|Arceus|\n|poke|p1|Zacian-*|\n|poke|p1|Mewtwo|\n|poke|p1|Eternatus|\n|poke|p1|Groudon|\n|poke|p1|Umbreon, F|\n|poke|p2|Grimmsnarl, M|\n|poke|p2|Miraidon|\n|poke|p2|Magearna-Original|\n|poke|p2|Zacian-*|\n|poke|p2|Koraidon|\n|poke|p2|Volcarona, F|\n|teampreview\n|inactive|Battle timer is ON: inactive players will automatically lose when time's up. (requested by NowYouShallPerish)\n|\n|t:|1698158791\n|start\n|switch|p1a: Groudon|Groudon|100\/100\n|switch|p2a: Grimmsnarl|Grimmsnarl, M|100\/100\n|-weather|SunnyDay|[from] ability: Drought|[of] p1a: Groudon\n|turn|1\n|\n|t:|1698158802\n|move|p2a: Grimmsnarl|Taunt|p1a: Groudon\n|-start|p1a: Groudon|move: Taunt\n|cant|p1a: Groudon|move: Taunt|Stealth Rock\n|\n|-weather|SunnyDay|[upkeep]\n|upkeep\n|turn|2\n|\n|t:|1698158808\n|switch|p1a: Zacian|Zacian-Crowned|100\/100\n|-ability|p1a: Zacian|Intrepid Sword|boost\n|-boost|p1a: Zacian|atk|1\n|move|p2a: Grimmsnarl|Reflect|p2a: Grimmsnarl\n|-sidestart|p2: Yankiken|Reflect\n|\n|-weather|SunnyDay|[upkeep]\n|upkeep\n|turn|3\n|\n|t:|1698158811\n|move|p2a: Grimmsnarl|Parting Shot|p1a: Zacian\n|-unboost|p1a: Zacian|atk|1\n|-unboost|p1a: Zacian|spa|1\n|\n|t:|1698158814\n|switch|p2a: Volcarona|Volcarona, F|100\/100|[from] Parting Shot\n|move|p1a: Zacian|Swords Dance|p1a: Zacian\n|-boost|p1a: Zacian|atk|2\n|\n|-weather|SunnyDay|[upkeep]\n|upkeep\n|turn|4\n|\n|t:|1698158827\n|switch|p1a: Eternatus|Eternatus|100\/100\n|-ability|p1a: Eternatus|Pressure\n|move|p2a: Volcarona|Fiery Dance|p1a: Eternatus\n|-resisted|p1a: Eternatus\n|-damage|p1a: Eternatus|81\/100\n|\n|-weather|SunnyDay|[upkeep]\n|-heal|p1a: Eternatus|87\/100|[from] item: Leftovers\n|upkeep\n|turn|5\n|\n|t:|1698158833\n|switch|p2a: Zacian|Zacian-Crowned|100\/100\n|-ability|p2a: Zacian|Intrepid Sword|boost\n|-boost|p2a: Zacian|atk|1\n|move|p1a: Eternatus|Cosmic Power|p1a: Eternatus\n|-boost|p1a: Eternatus|def|1\n|-boost|p1a: Eternatus|spd|1\n|\n|-weather|none\n|-heal|p1a: Eternatus|93\/100|[from] item: Leftovers\n|upkeep\n|turn|6\n|\n|t:|1698158848\n|switch|p1a: Groudon|Groudon|100\/100\n|-weather|SunnyDay|[from] ability: Drought|[of] p1a: Groudon\n|move|p2a: Zacian|Swords Dance|p2a: Zacian\n|-boost|p2a: Zacian|atk|2\n|\n|-weather|SunnyDay|[upkeep]\n|upkeep\n|turn|7\n|\n|t:|1698158852\n|move|p2a: Zacian|Behemoth Blade|p1a: Groudon\n|-damage|p1a: Groudon|11\/100\n|move|p1a: Groudon|Will-O-Wisp|p2a: Zacian|[miss]\n|-miss|p1a: Groudon|p2a: Zacian\n|\n|-weather|SunnyDay|[upkeep]\n|-heal|p1a: Groudon|17\/100|[from] item: Leftovers\n|upkeep\n|turn|8\n|\n|t:|1698158858\n|move|p2a: Zacian|Behemoth Blade|p1a: Groudon\n|-crit|p1a: Groudon\n|-damage|p1a: Groudon|0 fnt\n|faint|p1a: Groudon\n|\n|-weather|SunnyDay|[upkeep]\n|upkeep\n|\n|t:|1698158867\n|switch|p1a: Umbreon|Umbreon, F, shiny|100\/100\n|turn|9\n|\n|t:|1698158872\n|move|p1a: Umbreon|Protect|p1a: Umbreon\n|-singleturn|p1a: Umbreon|Protect\n|move|p2a: Zacian|Behemoth Blade|p1a: Umbreon\n|-activate|p1a: Umbreon|move: Protect\n|\n|-weather|SunnyDay|[upkeep]\n|-sideend|p2: Yankiken|Reflect\n|upkeep\n|turn|10\n|\n|t:|1698158876\n|move|p2a: Zacian|Behemoth Blade|p1a: Umbreon\n|-damage|p1a: Umbreon|0 fnt\n|faint|p1a: Umbreon\n|\n|-weather|none\n|upkeep\n|\n|t:|1698158880\n|switch|p1a: Arceus|Arceus|100\/100\n|turn|11\n|\n|t:|1698158885\n|move|p2a: Zacian|Behemoth Blade|p1a: Arceus\n|-crit|p1a: Arceus\n|-damage|p1a: Arceus|0 fnt\n|faint|p1a: Arceus\n|\n|upkeep\n|\n|t:|1698158891\n|switch|p1a: Zacian|Zacian-Crowned|100\/100\n|turn|12\n|\n|t:|1698158897\n|move|p2a: Zacian|Behemoth Blade|p1a: Zacian\n|-damage|p1a: Zacian|0 fnt\n|faint|p1a: Zacian\n|\n|upkeep\n|-message|NowYouShallPerish forfeited.\n|\n|win|Yankiken\n|raw|NowYouShallPerish's rating: 1221 &rarr; <strong>1201<\/strong><br \/>(-20 for losing)\n|raw|Yankiken's rating: 1285 &rarr; <strong>1305<\/strong><br \/>(+20 for winning)\n|l|\u2606NowYouShallPerish\n","uploadtime":1698158908,"views":7,"p1id":"nowyoushallperish","p2id":"yankiken","formatid":"gen9ubers","rating":1201,"private":0,"password":""}