{"id":"gen9ubers-1998926050","p1":"Tabletor","p2":"Kelevra26","format":"[Gen 9] Ubers","log":"|j|\u2606Tabletor\n|j|\u2606Kelevra26\n|t:|1701013906\n|gametype|singles\n|player|p1|Tabletor|hilbert|\n|player|p2|Kelevra26|cynthia-gen4|\n|teamsize|p1|6\n|teamsize|p2|6\n|gen|9\n|tier|[Gen 9] Ubers\n|rule|Sleep Clause Mod: Limit one foe put to sleep\n|rule|Species Clause: Limit one of each Pok\u00e9mon\n|rule|OHKO Clause: OHKO moves are banned\n|rule|Evasion Items Clause: Evasion items are banned\n|rule|Evasion Moves Clause: Evasion moves are banned\n|rule|Endless Battle Clause: Forcing endless battles is banned\n|rule|HP Percentage Mod: HP is shown in percentages\n|clearpoke\n|poke|p1|Corviknight, M|\n|poke|p1|Dragapult, M|\n|poke|p1|Cinderace, F|\n|poke|p1|Great Tusk|\n|poke|p1|Clefable, F|\n|poke|p1|Greninja-*, M|\n|poke|p2|Chien-Pao|\n|poke|p2|Eternatus|\n|poke|p2|Shaymin-Sky|\n|poke|p2|Zacian-*|\n|poke|p2|Arceus-Water|\n|poke|p2|Miraidon|\n|teampreview\n|\n|t:|1701013935\n|start\n|switch|p1a: Cinderace|Cinderace, F|100\/100\n|switch|p2a: Eternatus|Eternatus|100\/100\n|-ability|p2a: Eternatus|Pressure\n|turn|1\n|\n|t:|1701013957\n|move|p1a: Cinderace|Zen Headbutt|p2a: Eternatus\n|-start|p1a: Cinderace|typechange|Psychic|[from] ability: Libero\n|-supereffective|p2a: Eternatus\n|-damage|p2a: Eternatus|40\/100\n|cant|p2a: Eternatus|flinch\n|\n|upkeep\n|turn|2\n|\n|t:|1701013971\n|switch|p1a: Corviknight|Corviknight, M|100\/100\n|switch|p2a: Arceus|Arceus-Water|100\/100\n|\n|upkeep\n|turn|3\n|\n|t:|1701014018\n|move|p2a: Arceus|Body Slam|p1a: Corviknight\n|-resisted|p1a: Corviknight\n|-damage|p1a: Corviknight|91\/100\n|-status|p1a: Corviknight|par\n|move|p1a: Corviknight|U-turn|p2a: Arceus\n|-damage|p2a: Arceus|89\/100\n|\n|t:|1701014029\n|switch|p1a: Dragapult|Dragapult, M|100\/100|[from] U-turn\n|\n|upkeep\n|turn|4\n|\n|t:|1701014081\n|switch|p2a: Chien-Pao|Chien-Pao|100\/100\n|-ability|p2a: Chien-Pao|Sword of Ruin\n|move|p1a: Dragapult|Thunderbolt|p2a: Chien-Pao\n|-damage|p2a: Chien-Pao|30\/100\n|-status|p2a: Chien-Pao|par\n|\n|upkeep\n|turn|5\n|\n|t:|1701014097\n|switch|p1a: Clefable|Clefable, F|100\/100\n|move|p2a: Chien-Pao|Ice Spinner|p1a: Clefable\n|-damage|p1a: Clefable|43\/100\n|\n|-heal|p1a: Clefable|49\/100|[from] item: Leftovers\n|upkeep\n|turn|6\n|\n|t:|1701014110\n|switch|p1a: Corviknight|Corviknight, M|91\/100 par\n|move|p2a: Chien-Pao|Ice Spinner|p1a: Corviknight\n|-damage|p1a: Corviknight|60\/100 par\n|\n|-heal|p1a: Corviknight|66\/100 par|[from] item: Leftovers\n|upkeep\n|turn|7\n|\n|t:|1701014154\n|switch|p2a: Miraidon|Miraidon|100\/100\n|-fieldstart|move: Electric Terrain|[from] ability: Hadron Engine|[of] p2a: Miraidon\n|move|p1a: Corviknight|Brave Bird|p2a: Miraidon\n|-resisted|p2a: Miraidon\n|-damage|p2a: Miraidon|83\/100\n|-damage|p1a: Corviknight|61\/100 par|[from] Recoil\n|\n|-heal|p1a: Corviknight|68\/100 par|[from] item: Leftovers\n|upkeep\n|turn|8\n|\n|t:|1701014171\n|move|p2a: Miraidon|Discharge|p1a: Corviknight\n|-supereffective|p1a: Corviknight\n|-damage|p1a: Corviknight|0 fnt\n|faint|p1a: Corviknight\n|\n|upkeep\n|\n|t:|1701014206\n|switch|p1a: Cinderace|Cinderace, F|100\/100\n|turn|9\n|\n|t:|1701014225\n|move|p1a: Cinderace|High Jump Kick|p2a: Miraidon\n|-start|p1a: Cinderace|typechange|Fighting|[from] ability: Libero\n|-damage|p2a: Miraidon|18\/100\n|move|p2a: Miraidon|Power Gem|p1a: Cinderace\n|-resisted|p1a: Cinderace\n|-damage|p1a: Cinderace|73\/100\n|\n|upkeep\n|turn|10\n|\n|t:|1701014237\n|switch|p2a: Arceus|Arceus-Water|89\/100\n|move|p1a: Cinderace|High Jump Kick|p2a: Arceus\n|-damage|p2a: Arceus|41\/100\n|\n|upkeep\n|turn|11\n|\n|t:|1701014248\n|switch|p1a: Dragapult|Dragapult, M|100\/100\n|move|p2a: Arceus|Waterfall|p1a: Dragapult\n|-resisted|p1a: Dragapult\n|-damage|p1a: Dragapult|65\/100\n|\n|-fieldend|move: Electric Terrain\n|upkeep\n|turn|12\n|\n|t:|1701014275\n|switch|p2a: Eternatus|Eternatus|40\/100\n|-ability|p2a: Eternatus|Pressure\n|move|p1a: Dragapult|Thunderbolt|p2a: Eternatus\n|-resisted|p2a: Eternatus\n|-damage|p2a: Eternatus|22\/100\n|\n|upkeep\n|turn|13\n|\n|t:|1701014287\n|switch|p1a: Clefable|Clefable, F|49\/100\n|move|p2a: Eternatus|Draco Meteor|p1a: Clefable\n|-immune|p1a: Clefable\n|\n|-heal|p1a: Clefable|55\/100|[from] item: Leftovers\n|upkeep\n|turn|14\n|\n|t:|1701014310\n|switch|p2a: Chien-Pao|Chien-Pao|30\/100 par\n|-ability|p2a: Chien-Pao|Sword of Ruin\n|switch|p1a: Dragapult|Dragapult, M|65\/100\n|\n|upkeep\n|turn|15\n|\n|t:|1701014331\n|move|p1a: Dragapult|Flamethrower|p2a: Chien-Pao\n|-supereffective|p2a: Chien-Pao\n|-damage|p2a: Chien-Pao|0 fnt\n|faint|p2a: Chien-Pao\n|\n|upkeep\n|\n|t:|1701014340\n|switch|p2a: Zacian|Zacian-Crowned|100\/100\n|-ability|p2a: Zacian|Intrepid Sword|boost\n|-boost|p2a: Zacian|atk|1\n|turn|16\n|\n|t:|1701014352\n|move|p2a: Zacian|Play Rough|p1a: Dragapult\n|-supereffective|p1a: Dragapult\n|-damage|p1a: Dragapult|0 fnt\n|faint|p1a: Dragapult\n|\n|upkeep\n|\n|t:|1701014360\n|switch|p1a: Cinderace|Cinderace, F|73\/100\n|turn|17\n|\n|t:|1701014394\n|switch|p2a: Arceus|Arceus-Water|41\/100\n|move|p1a: Cinderace|Pyro Ball|p2a: Arceus\n|-resisted|p2a: Arceus\n|-damage|p2a: Arceus|21\/100\n|\n|upkeep\n|turn|18\n|\n|t:|1701014419\n|switch|p1a: Clefable|Clefable, F|55\/100\n|move|p2a: Arceus|Body Slam|p1a: Clefable\n|-damage|p1a: Clefable|20\/100\n|\n|-heal|p1a: Clefable|26\/100|[from] item: Leftovers\n|upkeep\n|turn|19\n|\n|t:|1701014436\n|move|p2a: Arceus|Body Slam|p1a: Clefable\n|-damage|p1a: Clefable|0 fnt\n|faint|p1a: Clefable\n|\n|upkeep\n|\n|t:|1701014439\n|switch|p1a: Greninja|Greninja, M|100\/100\n|turn|20\n|\n|t:|1701014459\n|move|p1a: Greninja|Dark Pulse|p2a: Arceus\n|-start|p1a: Greninja|typechange|Dark|[from] ability: Protean\n|-damage|p2a: Arceus|0 fnt\n|faint|p2a: Arceus\n|-damage|p1a: Greninja|91\/100|[from] item: Life Orb\n|\n|upkeep\n|\n|t:|1701014467\n|switch|p2a: Shaymin|Shaymin-Sky|100\/100\n|turn|21\n|\n|t:|1701014493\n|move|p2a: Shaymin|Energy Ball|p1a: Greninja\n|-damage|p1a: Greninja|25\/100\n|move|p1a: Greninja|Ice Beam|p2a: Shaymin\n|-supereffective|p2a: Shaymin\n|-damage|p2a: Shaymin|0 fnt\n|faint|p2a: Shaymin\n|-damage|p1a: Greninja|16\/100|[from] item: Life Orb\n|\n|upkeep\n|\n|t:|1701014505\n|switch|p2a: Eternatus|Eternatus|22\/100\n|-ability|p2a: Eternatus|Pressure\n|turn|22\n|\n|t:|1701014515\n|move|p2a: Eternatus|Sludge Bomb|p1a: Greninja\n|-crit|p1a: Greninja\n|-damage|p1a: Greninja|0 fnt\n|faint|p1a: Greninja\n|\n|upkeep\n|\n|t:|1701014546\n|switch|p1a: Cinderace|Cinderace, F|73\/100\n|turn|23\n|\n|t:|1701014581\n|move|p1a: Cinderace|Zen Headbutt|p2a: Eternatus\n|-start|p1a: Cinderace|typechange|Psychic|[from] ability: Libero\n|-supereffective|p2a: Eternatus\n|-damage|p2a: Eternatus|0 fnt\n|faint|p2a: Eternatus\n|\n|upkeep\n|\n|t:|1701014591\n|switch|p2a: Miraidon|Miraidon|18\/100\n|-fieldstart|move: Electric Terrain|[from] ability: Hadron Engine|[of] p2a: Miraidon\n|turn|24\n|\n|t:|1701014619\n|move|p1a: Cinderace|Zen Headbutt|p2a: Miraidon\n|-damage|p2a: Miraidon|0 fnt\n|faint|p2a: Miraidon\n|\n|upkeep\n|\n|t:|1701014624\n|switch|p2a: Zacian|Zacian-Crowned|100\/100\n|turn|25\n|\n|t:|1701014637\n|move|p1a: Cinderace|Zen Headbutt|p2a: Zacian\n|-resisted|p2a: Zacian\n|-damage|p2a: Zacian|84\/100\n|move|p2a: Zacian|Sacred Sword|p1a: Cinderace\n|-resisted|p1a: Cinderace\n|-damage|p1a: Cinderace|47\/100\n|\n|upkeep\n|turn|26\n|\n|t:|1701014648\n|move|p1a: Cinderace|Zen Headbutt|p2a: Zacian\n|-resisted|p2a: Zacian\n|-damage|p2a: Zacian|67\/100\n|move|p2a: Zacian|Behemoth Blade|p1a: Cinderace\n|-damage|p1a: Cinderace|0 fnt\n|faint|p1a: Cinderace\n|\n|upkeep\n|\n|t:|1701014654\n|switch|p1a: Great Tusk|Great Tusk|100\/100\n|turn|27\n|\n|t:|1701014680\n|move|p2a: Zacian|Behemoth Blade|p1a: Great Tusk\n|-damage|p1a: Great Tusk|54\/100\n|move|p1a: Great Tusk|Headlong Rush|p2a: Zacian\n|-supereffective|p2a: Zacian\n|-damage|p2a: Zacian|0 fnt\n|-unboost|p1a: Great Tusk|def|1\n|-unboost|p1a: Great Tusk|spd|1\n|faint|p2a: Zacian\n|\n|win|Tabletor\n|l|\u2606Kelevra26\n","uploadtime":1701014874,"views":6,"p1id":"tabletor","p2id":"kelevra26","formatid":"gen9ubers","rating":0,"private":0,"password":""}