{"id":"gen9ubers-2000649303","p1":"marco24jose","p2":"dooms123321","format":"[Gen 9] Ubers","log":"|j|\u2606marco24jose\n|j|\u2606dooms123321\n|t:|1701214459\n|gametype|singles\n|player|p1|marco24jose|170|\n|player|p2|dooms123321|101|\n|teamsize|p1|6\n|teamsize|p2|6\n|gen|9\n|tier|[Gen 9] Ubers\n|rule|Sleep Clause Mod: Limit one foe put to sleep\n|rule|Species Clause: Limit one of each Pok\u00e9mon\n|rule|OHKO Clause: OHKO moves are banned\n|rule|Evasion Items Clause: Evasion items are banned\n|rule|Evasion Moves Clause: Evasion moves are banned\n|rule|Endless Battle Clause: Forcing endless battles is banned\n|rule|HP Percentage Mod: HP is shown in percentages\n|clearpoke\n|poke|p1|Dialga-Origin|\n|poke|p1|Eternatus|\n|poke|p1|Klefki, F|\n|poke|p1|Shaymin-Sky|\n|poke|p1|Zacian-*|\n|poke|p1|Ogerpon-Hearthflame, F|\n|poke|p2|Toxapex, M|\n|poke|p2|Flutter Mane|\n|poke|p2|Espathra, M|\n|poke|p2|Volcarona, F|\n|poke|p2|Sneasler, F|\n|poke|p2|Ursaluna-Bloodmoon, M|\n|teampreview\n|\n|t:|1701214471\n|start\n|switch|p1a: Klefki|Klefki, F|100\/100\n|switch|p2a: Toxapex|Toxapex, M|100\/100\n|turn|1\n|\n|t:|1701214490\n|switch|p2a: Espathra|Espathra, M|100\/100\n|move|p1a: Klefki|Thunder Wave|p2a: Espathra|[miss]\n|-miss|p1a: Klefki|p2a: Espathra\n|\n|upkeep\n|turn|2\n|\n|t:|1701214502\n|move|p1a: Klefki|Thunder Wave|p2a: Espathra\n|-status|p2a: Espathra|par\n|move|p2a: Espathra|Lumina Crash|p1a: Klefki\n|-resisted|p1a: Klefki\n|-damage|p1a: Klefki|83\/100\n|-unboost|p1a: Klefki|spd|2\n|\n|-ability|p2a: Espathra|Speed Boost|boost\n|-boost|p2a: Espathra|spe|1\n|upkeep\n|turn|3\n|\n|t:|1701214513\n|move|p1a: Klefki|Light Screen|p1a: Klefki\n|-sidestart|p1: marco24jose|move: Light Screen\n|move|p2a: Espathra|Calm Mind|p2a: Espathra\n|-boost|p2a: Espathra|spa|1\n|-boost|p2a: Espathra|spd|1\n|\n|-ability|p2a: Espathra|Speed Boost|boost\n|-boost|p2a: Espathra|spe|1\n|upkeep\n|turn|4\n|\n|t:|1701214542\n|move|p1a: Klefki|Reflect|p1a: Klefki\n|-sidestart|p1: marco24jose|Reflect\n|move|p2a: Espathra|Lumina Crash|p1a: Klefki\n|-resisted|p1a: Klefki\n|-damage|p1a: Klefki|56\/100\n|-unboost|p1a: Klefki|spd|2\n|\n|-ability|p2a: Espathra|Speed Boost|boost\n|-boost|p2a: Espathra|spe|1\n|upkeep\n|turn|5\n|\n|t:|1701214555\n|switch|p1a: Zacian|Zacian-Crowned|100\/100\n|-ability|p1a: Zacian|Intrepid Sword|boost\n|-boost|p1a: Zacian|atk|1\n|-enditem|p2a: Espathra|Mirror Herb\n|-boost|p2a: Espathra|atk|1|[from] item: Mirror Herb\n|move|p2a: Espathra|Stored Power|p1a: Zacian\n|-resisted|p1a: Zacian\n|-damage|p1a: Zacian|83\/100\n|\n|-ability|p2a: Espathra|Speed Boost|boost\n|-boost|p2a: Espathra|spe|1\n|upkeep\n|turn|6\n|\n|t:|1701214584\n|switch|p2a: Toxapex|Toxapex, M|100\/100\n|move|p1a: Zacian|Behemoth Blade|p2a: Toxapex\n|-resisted|p2a: Toxapex\n|-damage|p2a: Toxapex|73\/100\n|\n|-heal|p2a: Toxapex|79\/100|[from] item: Black Sludge\n|upkeep\n|turn|7\n|\n|t:|1701214608\n|switch|p1a: Klefki|Klefki, F|56\/100\n|switch|p2a: Volcarona|Volcarona, F|100\/100\n|\n|upkeep\n|turn|8\n|\n|t:|1701214621\n|move|p1a: Klefki|Thunder Wave|p2a: Volcarona\n|-status|p2a: Volcarona|par\n|move|p2a: Volcarona|Fiery Dance|p1a: Klefki\n|-supereffective|p1a: Klefki\n|-damage|p1a: Klefki|0 fnt\n|-boost|p2a: Volcarona|spa|1\n|faint|p1a: Klefki\n|\n|upkeep\n|\n|t:|1701214637\n|switch|p1a: Shaymin|Shaymin-Sky|100\/100\n|turn|9\n|\n|t:|1701214648\n|move|p1a: Shaymin|Air Slash|p2a: Volcarona\n|-supereffective|p2a: Volcarona\n|-crit|p2a: Volcarona\n|-damage|p2a: Volcarona|0 fnt\n|faint|p2a: Volcarona\n|\n|upkeep\n|\n|t:|1701214657\n|switch|p2a: Sneasler|Sneasler, F|100\/100\n|turn|10\n|\n|t:|1701214664\n|move|p2a: Sneasler|Fake Out|p1a: Shaymin\n|-damage|p1a: Shaymin|92\/100\n|-status|p1a: Shaymin|psn|[from] ability: Poison Touch|[of] p2a: Sneasler\n|cant|p1a: Shaymin|flinch\n|\n|-damage|p1a: Shaymin|80\/100 psn|[from] psn\n|-sideend|p1: marco24jose|move: Light Screen\n|upkeep\n|turn|11\n|j| maki4911\n|\n|t:|1701214676\n|move|p1a: Shaymin|Air Slash|p2a: Sneasler\n|-supereffective|p2a: Sneasler\n|-damage|p2a: Sneasler|0 fnt\n|faint|p2a: Sneasler\n|\n|-damage|p1a: Shaymin|68\/100 psn|[from] psn\n|-sideend|p1: marco24jose|Reflect\n|upkeep\n|\n|t:|1701214687\n|switch|p2a: Flutter Mane|Flutter Mane|100\/100\n|-enditem|p2a: Flutter Mane|Booster Energy\n|-activate|p2a: Flutter Mane|ability: Protosynthesis|[fromitem]\n|-start|p2a: Flutter Mane|protosynthesisspe\n|turn|12\n|\n|t:|1701214696\n|move|p2a: Flutter Mane|Mystical Fire|p1a: Shaymin\n|-supereffective|p1a: Shaymin\n|-damage|p1a: Shaymin|0 fnt\n|faint|p1a: Shaymin\n|\n|upkeep\n|\n|t:|1701214704\n|switch|p1a: Eternatus|Eternatus|100\/100\n|-ability|p1a: Eternatus|Pressure\n|turn|13\n|\n|t:|1701214722\n|-terastallize|p2a: Flutter Mane|Ghost\n|-terastallize|p1a: Eternatus|Water\n|move|p2a: Flutter Mane|Shadow Ball|p1a: Eternatus\n|-damage|p1a: Eternatus|64\/100\n|move|p1a: Eternatus|Toxic|p2a: Flutter Mane|[miss]\n|-miss|p1a: Eternatus|p2a: Flutter Mane\n|\n|-heal|p1a: Eternatus|70\/100|[from] item: Leftovers\n|upkeep\n|turn|14\n|\n|t:|1701214748\n|move|p2a: Flutter Mane|Dark Pulse|p1a: Eternatus\n|-crit|p1a: Eternatus\n|-damage|p1a: Eternatus|44\/100\n|move|p1a: Eternatus|Toxic|p2a: Flutter Mane\n|-status|p2a: Flutter Mane|tox\n|\n|-heal|p1a: Eternatus|50\/100|[from] item: Leftovers\n|-damage|p2a: Flutter Mane|95\/100 tox|[from] psn\n|upkeep\n|turn|15\n|\n|t:|1701214759\n|move|p2a: Flutter Mane|Moonblast|p1a: Eternatus\n|-damage|p1a: Eternatus|20\/100\n|-unboost|p1a: Eternatus|spa|1\n|move|p1a: Eternatus|Recover|p1a: Eternatus\n|-heal|p1a: Eternatus|70\/100\n|\n|-heal|p1a: Eternatus|76\/100|[from] item: Leftovers\n|-damage|p2a: Flutter Mane|83\/100 tox|[from] psn\n|upkeep\n|turn|16\n|\n|t:|1701214774\n|-end|p2a: Flutter Mane|Protosynthesis|[silent]\n|switch|p2a: Espathra|Espathra, M|100\/100 par\n|move|p1a: Eternatus|Recover|p1a: Eternatus\n|-heal|p1a: Eternatus|100\/100\n|\n|upkeep\n|turn|17\n|\n|t:|1701214793\n|switch|p1a: Zacian|Zacian-Crowned|83\/100\n|move|p2a: Espathra|Calm Mind|p2a: Espathra\n|-boost|p2a: Espathra|spa|1\n|-boost|p2a: Espathra|spd|1\n|\n|-ability|p2a: Espathra|Speed Boost|boost\n|-boost|p2a: Espathra|spe|1\n|upkeep\n|turn|18\n|\n|t:|1701214807\n|move|p1a: Zacian|Behemoth Blade|p2a: Espathra\n|-damage|p2a: Espathra|55\/100 par\n|move|p2a: Espathra|Roost|p2a: Espathra\n|-heal|p2a: Espathra|100\/100 par\n|-singleturn|p2a: Espathra|move: Roost\n|\n|-ability|p2a: Espathra|Speed Boost|boost\n|-boost|p2a: Espathra|spe|1\n|upkeep\n|turn|19\n|\n|t:|1701214826\n|switch|p1a: Ogerpon|Ogerpon-Hearthflame, F|100\/100\n|-ability|p1a: Ogerpon|Mold Breaker\n|move|p2a: Espathra|Calm Mind|p2a: Espathra\n|-boost|p2a: Espathra|spa|1\n|-boost|p2a: Espathra|spd|1\n|\n|-ability|p2a: Espathra|Speed Boost|boost\n|-boost|p2a: Espathra|spe|1\n|upkeep\n|turn|20\n|\n|t:|1701214844\n|move|p1a: Ogerpon|Ivy Cudgel|p2a: Espathra|[anim] Ivy Cudgel Fire\n|-crit|p2a: Espathra\n|-damage|p2a: Espathra|29\/100 par\n|move|p2a: Espathra|Lumina Crash|p1a: Ogerpon\n|-damage|p1a: Ogerpon|41\/100\n|-unboost|p1a: Ogerpon|spd|2\n|\n|-ability|p2a: Espathra|Speed Boost|boost\n|-boost|p2a: Espathra|spe|1\n|upkeep\n|turn|21\n|\n|t:|1701214857\n|move|p2a: Espathra|Roost|p2a: Espathra\n|-heal|p2a: Espathra|79\/100 par\n|-singleturn|p2a: Espathra|move: Roost\n|move|p1a: Ogerpon|Ivy Cudgel|p2a: Espathra|[anim] Ivy Cudgel Fire\n|-damage|p2a: Espathra|28\/100 par\n|\n|-ability|p2a: Espathra|Speed Boost|boost\n|-boost|p2a: Espathra|spe|1\n|upkeep\n|turn|22\n|\n|t:|1701214865\n|move|p2a: Espathra|Stored Power|p1a: Ogerpon\n|-damage|p1a: Ogerpon|0 fnt\n|faint|p1a: Ogerpon\n|\n|-ability|p2a: Espathra|Speed Boost|boost\n|-boost|p2a: Espathra|spe|1\n|upkeep\n|\n|t:|1701214885\n|switch|p1a: Eternatus|Eternatus, tera:Water|100\/100\n|-ability|p1a: Eternatus|Pressure\n|turn|23\n|\n|t:|1701214898\n|move|p2a: Espathra|Stored Power|p1a: Eternatus\n|-damage|p1a: Eternatus|0 fnt\n|faint|p1a: Eternatus\n|\n|upkeep\n|\n|t:|1701214902\n|switch|p1a: Zacian|Zacian-Crowned|83\/100\n|turn|24\n|\n|t:|1701214911\n|cant|p2a: Espathra|par\n|move|p1a: Zacian|Behemoth Blade|p2a: Espathra\n|-damage|p2a: Espathra|0 fnt\n|faint|p2a: Espathra\n|\n|upkeep\n|\n|t:|1701214922\n|switch|p2a: Flutter Mane|Flutter Mane, tera:Ghost|83\/100 tox\n|turn|25\n|\n|t:|1701214927\n|move|p1a: Zacian|Behemoth Blade|p2a: Flutter Mane\n|-damage|p2a: Flutter Mane|0 fnt\n|faint|p2a: Flutter Mane\n|-end|p2a: Flutter Mane|Protosynthesis|[silent]\n|\n|upkeep\n|\n|t:|1701214933\n|switch|p2a: Toxapex|Toxapex, M|100\/100\n|turn|26\n|\n|t:|1701214938\n|move|p2a: Toxapex|Baneful Bunker|p2a: Toxapex\n|-singleturn|p2a: Toxapex|move: Protect\n|move|p1a: Zacian|Behemoth Blade|p2a: Toxapex\n|-activate|p2a: Toxapex|move: Protect\n|\n|upkeep\n|turn|27\n|\n|t:|1701214945\n|switch|p2a: Ursaluna|Ursaluna-Bloodmoon, M|100\/100\n|move|p1a: Zacian|Behemoth Blade|p2a: Ursaluna\n|-damage|p2a: Ursaluna|63\/100\n|\n|-heal|p2a: Ursaluna|69\/100|[from] item: Leftovers\n|upkeep\n|turn|28\n|\n|t:|1701214957\n|move|p1a: Zacian|Behemoth Blade|p2a: Ursaluna\n|-damage|p2a: Ursaluna|30\/100\n|move|p2a: Ursaluna|Blood Moon|p1a: Zacian\n|-resisted|p1a: Zacian\n|-damage|p1a: Zacian|44\/100\n|\n|-heal|p2a: Ursaluna|36\/100|[from] item: Leftovers\n|upkeep\n|turn|29\n|\n|t:|1701214966\n|move|p1a: Zacian|Behemoth Blade|p2a: Ursaluna\n|-damage|p2a: Ursaluna|0 fnt\n|faint|p2a: Ursaluna\n|\n|upkeep\n|\n|t:|1701214969\n|switch|p2a: Toxapex|Toxapex, M|100\/100\n|turn|30\n|\n|t:|1701214975\n|move|p1a: Zacian|Sacred Sword|p2a: Toxapex\n|-resisted|p2a: Toxapex\n|-damage|p2a: Toxapex|91\/100\n|move|p2a: Toxapex|Hydro Pump|p1a: Zacian\n|-damage|p1a: Zacian|22\/100\n|\n|-heal|p2a: Toxapex|97\/100|[from] item: Black Sludge\n|upkeep\n|turn|31\n|\n|t:|1701214983\n|move|p1a: Zacian|Sacred Sword|p2a: Toxapex\n|-resisted|p2a: Toxapex\n|-damage|p2a: Toxapex|86\/100\n|move|p2a: Toxapex|Hydro Pump|p1a: Zacian\n|-damage|p1a: Zacian|2\/100\n|\n|-heal|p2a: Toxapex|92\/100|[from] item: Black Sludge\n|upkeep\n|turn|32\n|\n|t:|1701214990\n|move|p1a: Zacian|Sacred Sword|p2a: Toxapex\n|-resisted|p2a: Toxapex\n|-damage|p2a: Toxapex|81\/100\n|move|p2a: Toxapex|Hydro Pump|p1a: Zacian\n|-damage|p1a: Zacian|0 fnt\n|faint|p1a: Zacian\n|\n|-heal|p2a: Toxapex|87\/100|[from] item: Black Sludge\n|upkeep\n|\n|t:|1701215001\n|switch|p1a: Dialga|Dialga-Origin|100\/100\n|-ability|p1a: Dialga|Pressure\n|turn|33\n|\n|t:|1701215007\n|move|p1a: Dialga|Thunder Wave|p2a: Toxapex\n|-status|p2a: Toxapex|par\n|move|p2a: Toxapex|Toxic|p1a: Dialga\n|-immune|p1a: Dialga\n|\n|-heal|p2a: Toxapex|93\/100 par|[from] item: Black Sludge\n|upkeep\n|turn|34\n|\n|t:|1701215024\n|move|p1a: Dialga|Steel Beam|p2a: Toxapex\n|-resisted|p2a: Toxapex\n|-damage|p2a: Toxapex|57\/100 par\n|-damage|p1a: Dialga|50\/100|[from] steelbeam\n|move|p2a: Toxapex|Hydro Pump|p1a: Dialga\n|-resisted|p1a: Dialga\n|-damage|p1a: Dialga|42\/100\n|\n|-heal|p2a: Toxapex|63\/100 par|[from] item: Black Sludge\n|upkeep\n|turn|35\n|\n|t:|1701215034\n|move|p1a: Dialga|Draco Meteor|p2a: Toxapex\n|-damage|p2a: Toxapex|4\/100 par\n|-unboost|p1a: Dialga|spa|2\n|move|p2a: Toxapex|Recover|p2a: Toxapex\n|-heal|p2a: Toxapex|54\/100 par\n|\n|-heal|p2a: Toxapex|60\/100 par|[from] item: Black Sludge\n|upkeep\n|turn|36\n|\n|t:|1701215042\n|move|p1a: Dialga|Draco Meteor|p2a: Toxapex\n|-damage|p2a: Toxapex|27\/100 par\n|-unboost|p1a: Dialga|spa|2\n|move|p2a: Toxapex|Recover|p2a: Toxapex\n|-heal|p2a: Toxapex|77\/100 par\n|\n|-heal|p2a: Toxapex|83\/100 par|[from] item: Black Sludge\n|upkeep\n|turn|37\n|\n|t:|1701215050\n|move|p2a: Toxapex|Baneful Bunker|p2a: Toxapex\n|-singleturn|p2a: Toxapex|move: Protect\n|move|p1a: Dialga|Draco Meteor|p2a: Toxapex\n|-activate|p2a: Toxapex|move: Protect\n|\n|-heal|p2a: Toxapex|89\/100 par|[from] item: Black Sludge\n|upkeep\n|turn|38\n|\n|t:|1701215058\n|move|p1a: Dialga|Draco Meteor|p2a: Toxapex\n|-damage|p2a: Toxapex|68\/100 par\n|-unboost|p1a: Dialga|spa|2\n|move|p2a: Toxapex|Hydro Pump|p1a: Dialga\n|-resisted|p1a: Dialga\n|-damage|p1a: Dialga|33\/100\n|\n|-heal|p2a: Toxapex|74\/100 par|[from] item: Black Sludge\n|upkeep\n|turn|39\n|\n|t:|1701215066\n|move|p1a: Dialga|Draco Meteor|p2a: Toxapex|[miss]\n|-miss|p1a: Dialga|p2a: Toxapex\n|move|p2a: Toxapex|Hydro Pump|p1a: Dialga\n|-resisted|p1a: Dialga\n|-damage|p1a: Dialga|24\/100\n|\n|-heal|p2a: Toxapex|80\/100 par|[from] item: Black Sludge\n|upkeep\n|turn|40\n|\n|t:|1701215079\n|move|p2a: Toxapex|Baneful Bunker|p2a: Toxapex\n|-singleturn|p2a: Toxapex|move: Protect\n|move|p1a: Dialga|Draco Meteor|p2a: Toxapex\n|-activate|p2a: Toxapex|move: Protect\n|\n|-heal|p2a: Toxapex|86\/100 par|[from] item: Black Sludge\n|upkeep\n|turn|41\n|\n|t:|1701215090\n|move|p2a: Toxapex|Baneful Bunker||[still]\n|-fail|p2a: Toxapex\n|move|p1a: Dialga|Draco Meteor|p2a: Toxapex\n|-damage|p2a: Toxapex|68\/100 par\n|\n|-heal|p2a: Toxapex|74\/100 par|[from] item: Black Sludge\n|upkeep\n|turn|42\n|\n|t:|1701215099\n|move|p2a: Toxapex|Baneful Bunker|p2a: Toxapex\n|-singleturn|p2a: Toxapex|move: Protect\n|move|p1a: Dialga|Stealth Rock|p2a: Toxapex\n|-sidestart|p2: dooms123321|move: Stealth Rock\n|\n|-heal|p2a: Toxapex|80\/100 par|[from] item: Black Sludge\n|upkeep\n|turn|43\n|\n|t:|1701215105\n|move|p1a: Dialga|Stealth Rock||[still]\n|-fail|p1a: Dialga\n|cant|p2a: Toxapex|par\n|\n|-heal|p2a: Toxapex|86\/100 par|[from] item: Black Sludge\n|upkeep\n|turn|44\n|\n|t:|1701215111\n|move|p1a: Dialga|Stealth Rock||[still]\n|-fail|p1a: Dialga\n|move|p2a: Toxapex|Toxic|p1a: Dialga\n|-immune|p1a: Dialga\n|\n|-heal|p2a: Toxapex|92\/100 par|[from] item: Black Sludge\n|upkeep\n|turn|45\n|\n|t:|1701215117\n|move|p2a: Toxapex|Baneful Bunker|p2a: Toxapex\n|-singleturn|p2a: Toxapex|move: Protect\n|move|p1a: Dialga|Stealth Rock||[still]\n|-fail|p1a: Dialga\n|\n|-heal|p2a: Toxapex|98\/100 par|[from] item: Black Sludge\n|upkeep\n|turn|46\n|\n|t:|1701215123\n|move|p1a: Dialga|Stealth Rock||[still]\n|-fail|p1a: Dialga\n|move|p2a: Toxapex|Toxic|p1a: Dialga\n|-immune|p1a: Dialga\n|\n|-heal|p2a: Toxapex|100\/100 par|[from] item: Black Sludge\n|upkeep\n|turn|47\n|\n|t:|1701215129\n|move|p1a: Dialga|Stealth Rock||[still]\n|-fail|p1a: Dialga\n|move|p2a: Toxapex|Toxic|p1a: Dialga\n|-immune|p1a: Dialga\n|\n|upkeep\n|turn|48\n|\n|t:|1701215135\n|move|p1a: Dialga|Stealth Rock||[still]\n|-fail|p1a: Dialga\n|move|p2a: Toxapex|Toxic|p1a: Dialga\n|-immune|p1a: Dialga\n|\n|upkeep\n|turn|49\n|\n|t:|1701215140\n|move|p1a: Dialga|Stealth Rock||[still]\n|-fail|p1a: Dialga\n|move|p2a: Toxapex|Toxic|p1a: Dialga\n|-immune|p1a: Dialga\n|\n|upkeep\n|turn|50\n|\n|t:|1701215146\n|move|p1a: Dialga|Stealth Rock||[still]\n|-fail|p1a: Dialga\n|move|p2a: Toxapex|Toxic|p1a: Dialga\n|-immune|p1a: Dialga\n|\n|upkeep\n|turn|51\n|\n|t:|1701215166\n|move|p1a: Dialga|Stealth Rock||[still]\n|-fail|p1a: Dialga\n|move|p2a: Toxapex|Toxic|p1a: Dialga\n|-immune|p1a: Dialga\n|\n|upkeep\n|turn|52\n|\n|t:|1701215171\n|move|p2a: Toxapex|Baneful Bunker|p2a: Toxapex\n|-singleturn|p2a: Toxapex|move: Protect\n|move|p1a: Dialga|Stealth Rock||[still]\n|-fail|p1a: Dialga\n|\n|upkeep\n|turn|53\n|\n|t:|1701215176\n|move|p1a: Dialga|Stealth Rock||[still]\n|-fail|p1a: Dialga\n|move|p2a: Toxapex|Recover||[still]\n|-fail|p2a: Toxapex|heal\n|\n|upkeep\n|turn|54\n|\n|t:|1701215180\n|move|p2a: Toxapex|Baneful Bunker|p2a: Toxapex\n|-singleturn|p2a: Toxapex|move: Protect\n|move|p1a: Dialga|Stealth Rock||[still]\n|-fail|p1a: Dialga\n|\n|upkeep\n|turn|55\n|\n|t:|1701215186\n|move|p2a: Toxapex|Baneful Bunker||[still]\n|-fail|p2a: Toxapex\n|move|p1a: Dialga|Stealth Rock||[still]\n|-fail|p1a: Dialga\n|\n|upkeep\n|turn|56\n|\n|t:|1701215190\n|move|p2a: Toxapex|Baneful Bunker|p2a: Toxapex\n|-singleturn|p2a: Toxapex|move: Protect\n|move|p1a: Dialga|Stealth Rock||[still]\n|-fail|p1a: Dialga\n|\n|upkeep\n|turn|57\n|\n|t:|1701215195\n|move|p2a: Toxapex|Baneful Bunker||[still]\n|-fail|p2a: Toxapex\n|move|p1a: Dialga|Stealth Rock||[still]\n|-fail|p1a: Dialga\n|\n|upkeep\n|turn|58\n|\n|t:|1701215200\n|move|p2a: Toxapex|Baneful Bunker|p2a: Toxapex\n|-singleturn|p2a: Toxapex|move: Protect\n|move|p1a: Dialga|Stealth Rock||[still]\n|-fail|p1a: Dialga\n|\n|upkeep\n|turn|59\n|\n|t:|1701215212\n|move|p2a: Toxapex|Baneful Bunker||[still]\n|-fail|p2a: Toxapex\n|move|p1a: Dialga|Stealth Rock||[still]\n|-fail|p1a: Dialga\n|\n|upkeep\n|turn|60\n|\n|t:|1701215217\n|cant|p2a: Toxapex|par\n|move|p1a: Dialga|Stealth Rock||[still]\n|-fail|p1a: Dialga\n|\n|upkeep\n|turn|61\n|\n|t:|1701215221\n|cant|p2a: Toxapex|par\n|move|p1a: Dialga|Stealth Rock||[still]\n|-fail|p1a: Dialga\n|\n|upkeep\n|turn|62\n|\n|t:|1701215224\n|move|p2a: Toxapex|Baneful Bunker|p2a: Toxapex\n|-singleturn|p2a: Toxapex|move: Protect\n|move|p1a: Dialga|Thunder Wave|p2a: Toxapex\n|-activate|p2a: Toxapex|move: Protect\n|\n|upkeep\n|turn|63\n|\n|t:|1701215230\n|move|p2a: Toxapex|Baneful Bunker||[still]\n|-fail|p2a: Toxapex\n|move|p1a: Dialga|Thunder Wave|p2a: Toxapex\n|-fail|p2a: Toxapex|par\n|\n|upkeep\n|turn|64\n|\n|t:|1701215235\n|move|p2a: Toxapex|Baneful Bunker|p2a: Toxapex\n|-singleturn|p2a: Toxapex|move: Protect\n|move|p1a: Dialga|Thunder Wave|p2a: Toxapex\n|-activate|p2a: Toxapex|move: Protect\n|\n|upkeep\n|turn|65\n|\n|t:|1701215240\n|move|p1a: Dialga|Thunder Wave|p2a: Toxapex\n|-fail|p2a: Toxapex|par\n|move|p2a: Toxapex|Recover||[still]\n|-fail|p2a: Toxapex|heal\n|\n|upkeep\n|turn|66\n|\n|t:|1701215245\n|move|p1a: Dialga|Thunder Wave|p2a: Toxapex\n|-fail|p2a: Toxapex|par\n|move|p2a: Toxapex|Recover||[still]\n|-fail|p2a: Toxapex|heal\n|\n|upkeep\n|turn|67\n|\n|t:|1701215250\n|move|p1a: Dialga|Thunder Wave|p2a: Toxapex\n|-fail|p2a: Toxapex|par\n|move|p2a: Toxapex|Recover||[still]\n|-fail|p2a: Toxapex|heal\n|\n|upkeep\n|turn|68\n|\n|t:|1701215254\n|move|p1a: Dialga|Thunder Wave|p2a: Toxapex\n|-fail|p2a: Toxapex|par\n|move|p2a: Toxapex|Recover||[still]\n|-fail|p2a: Toxapex|heal\n|\n|upkeep\n|turn|69\n|\n|t:|1701215259\n|move|p1a: Dialga|Thunder Wave|p2a: Toxapex\n|-fail|p2a: Toxapex|par\n|cant|p2a: Toxapex|par\n|\n|upkeep\n|turn|70\n|\n|t:|1701215264\n|move|p1a: Dialga|Thunder Wave|p2a: Toxapex\n|-fail|p2a: Toxapex|par\n|move|p2a: Toxapex|Recover||[still]\n|-fail|p2a: Toxapex|heal\n|\n|upkeep\n|turn|71\n|\n|t:|1701215269\n|move|p1a: Dialga|Draco Meteor|p2a: Toxapex\n|-damage|p2a: Toxapex|86\/100 par\n|cant|p2a: Toxapex|par\n|\n|-heal|p2a: Toxapex|92\/100 par|[from] item: Black Sludge\n|upkeep\n|turn|72\n|\n|t:|1701215275\n|move|p1a: Dialga|Stealth Rock||[still]\n|-fail|p1a: Dialga\n|cant|p2a: Toxapex|par\n|\n|-heal|p2a: Toxapex|98\/100 par|[from] item: Black Sludge\n|upkeep\n|turn|73\n|\n|t:|1701215280\n|move|p1a: Dialga|Stealth Rock||[still]\n|-fail|p1a: Dialga\n|cant|p2a: Toxapex|par\n|\n|-heal|p2a: Toxapex|100\/100 par|[from] item: Black Sludge\n|upkeep\n|turn|74\n|\n|t:|1701215286\n|move|p1a: Dialga|Stealth Rock||[still]\n|-fail|p1a: Dialga\n|-activate|p2a: Toxapex|move: Struggle\n|move|p2a: Toxapex|Struggle|p1a: Dialga\n|-damage|p1a: Dialga|20\/100\n|-damage|p2a: Toxapex|75\/100 par|[from] recoil\n|\n|-heal|p2a: Toxapex|81\/100 par|[from] item: Black Sludge\n|upkeep\n|turn|75\n|\n|t:|1701215293\n|move|p1a: Dialga|Stealth Rock||[still]\n|-fail|p1a: Dialga\n|-activate|p2a: Toxapex|move: Struggle\n|move|p2a: Toxapex|Struggle|p1a: Dialga\n|-damage|p1a: Dialga|15\/100\n|-damage|p2a: Toxapex|56\/100 par|[from] recoil\n|\n|-heal|p2a: Toxapex|62\/100 par|[from] item: Black Sludge\n|upkeep\n|turn|76\n|\n|t:|1701215300\n|move|p1a: Dialga|Stealth Rock||[still]\n|-fail|p1a: Dialga\n|-activate|p2a: Toxapex|move: Struggle\n|move|p2a: Toxapex|Struggle|p1a: Dialga\n|-damage|p1a: Dialga|11\/100\n|-damage|p2a: Toxapex|37\/100 par|[from] recoil\n|\n|-heal|p2a: Toxapex|43\/100 par|[from] item: Black Sludge\n|upkeep\n|turn|77\n|\n|t:|1701215307\n|move|p1a: Dialga|Stealth Rock||[still]\n|-fail|p1a: Dialga\n|-activate|p2a: Toxapex|move: Struggle\n|move|p2a: Toxapex|Struggle|p1a: Dialga\n|-damage|p1a: Dialga|7\/100\n|-damage|p2a: Toxapex|18\/100 par|[from] recoil\n|\n|-heal|p2a: Toxapex|24\/100 par|[from] item: Black Sludge\n|upkeep\n|turn|78\n|\n|t:|1701215330\n|move|p1a: Dialga|Stealth Rock||[still]\n|-fail|p1a: Dialga\n|-activate|p2a: Toxapex|move: Struggle\n|move|p2a: Toxapex|Struggle|p1a: Dialga\n|-damage|p1a: Dialga|3\/100\n|-damage|p2a: Toxapex|0 fnt|[from] recoil\n|faint|p2a: Toxapex\n|\n|win|marco24jose\n|l|\u2606dooms123321\n|l| maki4911\n|c|\u2606marco24jose|puto\n","uploadtime":1701215353,"views":1,"p1id":"marco24jose","p2id":"dooms123321","formatid":"gen9ubers","rating":0,"private":0,"password":""}