{"id":"gen9ubers-1979159844","p1":"1P1o1s1h1e1","p2":"Finchely","format":"[Gen 9] Ubers","log":"|j|\u26061P1o1s1h1e1\n|j|\u2606Finchely\n|t:|1698641148\n|gametype|singles\n|player|p1|1P1o1s1h1e1|2|\n|player|p2|Finchely|acetrainerf|\n|teamsize|p1|6\n|teamsize|p2|6\n|gen|9\n|tier|[Gen 9] Ubers\n|rule|Sleep Clause Mod: Limit one foe put to sleep\n|rule|Species Clause: Limit one of each Pok\u00e9mon\n|rule|OHKO Clause: OHKO moves are banned\n|rule|Evasion Items Clause: Evasion items are banned\n|rule|Evasion Moves Clause: Evasion moves are banned\n|rule|Endless Battle Clause: Forcing endless battles is banned\n|rule|HP Percentage Mod: HP is shown in percentages\n|clearpoke\n|poke|p1|Pelipper, M|\n|poke|p1|Basculegion-F, F|\n|poke|p1|Shaymin-Sky|\n|poke|p1|Palkia-Origin|\n|poke|p1|Zamazenta-*|\n|poke|p1|Overqwil, F|\n|poke|p2|Slowking-Galar, F|\n|poke|p2|Urshifu-*, F|\n|poke|p2|Giratina|\n|poke|p2|Azumarill, M|\n|poke|p2|Magearna-Original|\n|poke|p2|Arceus-Grass|\n|teampreview\n|\n|t:|1698641165\n|start\n|switch|p1a: DropFlinch&Die|Shaymin-Sky|100\/100\n|switch|p2a: Slowking|Slowking-Galar, F, shiny|100\/100\n|turn|1\n|\n|t:|1698641185\n|move|p1a: DropFlinch&Die|Air Slash|p2a: Slowking\n|-damage|p2a: Slowking|71\/100\n|cant|p2a: Slowking|flinch\n|\n|upkeep\n|turn|2\n|\n|t:|1698641194\n|switch|p2a: Magearna|Magearna-Original|100\/100\n|move|p1a: DropFlinch&Die|Air Slash|p2a: Magearna\n|-resisted|p2a: Magearna\n|-damage|p2a: Magearna|90\/100\n|\n|upkeep\n|turn|3\n|\n|t:|1698641206\n|move|p1a: DropFlinch&Die|Leech Seed|p2a: Magearna\n|-start|p2a: Magearna|move: Leech Seed\n|move|p2a: Magearna|Ice Beam|p1a: DropFlinch&Die\n|-supereffective|p1a: DropFlinch&Die\n|-enditem|p1a: DropFlinch&Die|Focus Sash\n|-damage|p1a: DropFlinch&Die|1\/100\n|\n|-damage|p2a: Magearna|77\/100|[from] Leech Seed|[of] p1a: DropFlinch&Die\n|-heal|p1a: DropFlinch&Die|14\/100|[silent]\n|upkeep\n|turn|4\n|\n|t:|1698641214\n|move|p1a: DropFlinch&Die|Healing Wish|p1a: DropFlinch&Die\n|faint|p1a: DropFlinch&Die\n|-ability|p2a: Magearna|Soul-Heart|boost\n|-boost|p2a: Magearna|spa|1\n|move|p2a: Magearna|Volt Switch|p1: DropFlinch&Die|[notarget]\n|-fail|p2a: Magearna\n|\n|upkeep\n|\n|t:|1698641248\n|switch|p1a: Pelipper|Pelipper, M|100\/100\n|-weather|RainDance|[from] ability: Drizzle|[of] p1a: Pelipper\n|turn|5\n|l|\u2606Finchely\n|player|p2|\n|j|\u2606Finchely\n|player|p2|Finchely|acetrainerf\n|\n|t:|1698641275\n|switch|p1a: THE CAVALRY|Palkia-Origin|100\/100\n|-ability|p1a: THE CAVALRY|Pressure\n|move|p2a: Magearna|Volt Switch|p1a: THE CAVALRY\n|-damage|p1a: THE CAVALRY|74\/100\n|\n|t:|1698641286\n|switch|p2a: Azumarill|Azumarill, M, shiny|100\/100|[from] Volt Switch\n|\n|-weather|RainDance|[upkeep]\n|upkeep\n|turn|6\n|\n|t:|1698641311\n|move|p1a: THE CAVALRY|Hydro Pump|p2a: Azumarill\n|-resisted|p2a: Azumarill\n|-damage|p2a: Azumarill|58\/100\n|move|p2a: Azumarill|Play Rough|p1a: THE CAVALRY\n|-supereffective|p1a: THE CAVALRY\n|-damage|p1a: THE CAVALRY|0 fnt\n|faint|p1a: THE CAVALRY\n|\n|-weather|RainDance|[upkeep]\n|upkeep\n|\n|t:|1698641324\n|switch|p1a: Overqwil|Overqwil, F|100\/100\n|turn|7\n|\n|t:|1698641332\n|switch|p2a: Slowking|Slowking-Galar, F, shiny|100\/100\n|move|p1a: Overqwil|Toxic Spikes|p2a: Slowking\n|-sidestart|p2: Finchely|move: Toxic Spikes\n|\n|-weather|RainDance|[upkeep]\n|upkeep\n|turn|8\n|\n|t:|1698641337\n|move|p1a: Overqwil|Taunt|p2a: Slowking\n|-start|p2a: Slowking|move: Taunt\n|cant|p2a: Slowking|move: Taunt|Chilly Reception\n|\n|-weather|RainDance|[upkeep]\n|upkeep\n|turn|9\n|\n|t:|1698641352\n|switch|p2a: Giratina|Giratina, shiny|100\/100\n|-status|p2a: Giratina|psn\n|-ability|p2a: Giratina|Pressure\n|move|p1a: Overqwil|Toxic Spikes|p2a: Giratina\n|-sidestart|p2: Finchely|move: Toxic Spikes\n|\n|-weather|RainDance|[upkeep]\n|-damage|p2a: Giratina|88\/100 psn|[from] psn\n|upkeep\n|turn|10\n|\n|t:|1698641361\n|move|p1a: Overqwil|Crunch|p2a: Giratina\n|-supereffective|p2a: Giratina\n|-damage|p2a: Giratina|49\/100 psn\n|move|p2a: Giratina|Dragon Tail|p1a: Overqwil\n|-damage|p1a: Overqwil|80\/100\n|drag|p1a: Se\u00f1orita|Basculegion-F, F|100\/100\n|\n|-weather|RainDance|[upkeep]\n|-heal|p2a: Giratina|55\/100 psn|[from] item: Leftovers\n|-damage|p2a: Giratina|42\/100 psn|[from] psn\n|upkeep\n|turn|11\n|\n|t:|1698641397\n|switch|p2a: Magearna|Magearna-Original|77\/100\n|move|p1a: Se\u00f1orita|Last Respects|p2a: Magearna\n|-damage|p2a: Magearna|21\/100\n|\n|-weather|RainDance|[upkeep]\n|upkeep\n|turn|12\n|\n|t:|1698641405\n|move|p1a: Se\u00f1orita|Flip Turn|p2a: Magearna\n|-damage|p2a: Magearna|0 fnt\n|faint|p2a: Magearna\n|\n|t:|1698641412\n|switch|p1a: WhatThaDogHasDone|Zamazenta-Crowned|100\/100|[from] Flip Turn\n|-ability|p1a: WhatThaDogHasDone|Dauntless Shield|boost\n|-boost|p1a: WhatThaDogHasDone|def|1\n|\n|-weather|none\n|upkeep\n|\n|t:|1698641425\n|switch|p2a: Slowking|Slowking-Galar, F, shiny|100\/100\n|-sideend|p2: Finchely|move: Toxic Spikes|[of] p2a: Slowking\n|turn|13\n|\n|t:|1698641437\n|move|p1a: WhatThaDogHasDone|Iron Defense|p1a: WhatThaDogHasDone\n|-boost|p1a: WhatThaDogHasDone|def|2\n|move|p2a: Slowking|Future Sight|p1a: WhatThaDogHasDone\n|-start|p2a: Slowking|move: Future Sight\n|\n|upkeep\n|turn|14\n|\n|t:|1698641442\n|move|p1a: WhatThaDogHasDone|Crunch|p2a: Slowking\n|-supereffective|p2a: Slowking\n|-damage|p2a: Slowking|58\/100\n|-unboost|p2a: Slowking|def|1\n|move|p2a: Slowking|Chilly Reception|p2a: Slowking\n|-weather|Snow\n|\n|t:|1698641446\n|switch|p2a: Urshifu|Urshifu, F|100\/100|[from] Chilly Reception\n|\n|-weather|Snow|[upkeep]\n|upkeep\n|turn|15\n|j| vegemite360\n|\n|t:|1698641460\n|move|p2a: Urshifu|Wicked Blow|p1a: WhatThaDogHasDone\n|-resisted|p1a: WhatThaDogHasDone\n|-crit|p1a: WhatThaDogHasDone\n|-damage|p1a: WhatThaDogHasDone|71\/100\n|move|p1a: WhatThaDogHasDone|Body Press|p2a: Urshifu\n|-supereffective|p2a: Urshifu\n|-damage|p2a: Urshifu|0 fnt\n|faint|p2a: Urshifu\n|\n|-weather|Snow|[upkeep]\n|-end|p1a: WhatThaDogHasDone|move: Future Sight\n|-crit|p1a: WhatThaDogHasDone\n|-damage|p1a: WhatThaDogHasDone|29\/100\n|upkeep\n|l| vegemite360\n|\n|t:|1698641499\n|switch|p2a: Azumarill|Azumarill, M, shiny|58\/100\n|turn|16\n|\n|t:|1698641507\n|move|p1a: WhatThaDogHasDone|Body Press|p2a: Azumarill\n|-resisted|p2a: Azumarill\n|-damage|p2a: Azumarill|12\/100\n|move|p2a: Azumarill|Play Rough|p1a: WhatThaDogHasDone\n|-damage|p1a: WhatThaDogHasDone|14\/100\n|\n|-weather|Snow|[upkeep]\n|upkeep\n|turn|17\n|\n|t:|1698641512\n|move|p2a: Azumarill|Aqua Jet|p1a: WhatThaDogHasDone\n|-damage|p1a: WhatThaDogHasDone|8\/100\n|move|p1a: WhatThaDogHasDone|Body Press|p2a: Azumarill\n|-resisted|p2a: Azumarill\n|-damage|p2a: Azumarill|0 fnt\n|faint|p2a: Azumarill\n|\n|-weather|Snow|[upkeep]\n|upkeep\n|\n|t:|1698641517\n|switch|p2a: Slowking|Slowking-Galar, F, shiny|92\/100\n|turn|18\n|\n|t:|1698641524\n|move|p1a: WhatThaDogHasDone|Crunch|p2a: Slowking\n|-supereffective|p2a: Slowking\n|-damage|p2a: Slowking|52\/100\n|move|p2a: Slowking|Future Sight|p1a: WhatThaDogHasDone\n|-start|p2a: Slowking|move: Future Sight\n|\n|-weather|none\n|upkeep\n|turn|19\n|\n|t:|1698641531\n|switch|p2a: Giratina|Giratina, shiny|42\/100 psn\n|-ability|p2a: Giratina|Pressure\n|-terastallize|p1a: WhatThaDogHasDone|Dark\n|move|p1a: WhatThaDogHasDone|Crunch|p2a: Giratina\n|-supereffective|p2a: Giratina\n|-damage|p2a: Giratina|4\/100 psn\n|\n|-heal|p2a: Giratina|10\/100 psn|[from] item: Leftovers\n|-damage|p2a: Giratina|0 fnt|[from] psn\n|faint|p2a: Giratina\n|upkeep\n|\n|t:|1698641538\n|switch|p2a: Arceus|Arceus-Grass, shiny|100\/100\n|turn|20\n|\n|t:|1698641544\n|move|p1a: WhatThaDogHasDone|Body Press|p2a: Arceus\n|-damage|p2a: Arceus|56\/100\n|move|p2a: Arceus|Judgment|p1a: WhatThaDogHasDone\n|-damage|p1a: WhatThaDogHasDone|0 fnt\n|faint|p1a: WhatThaDogHasDone\n|\n|-hint|Future Sight did not hit because the target is fainted.\n|upkeep\n|\n|t:|1698641552\n|switch|p1a: Overqwil|Overqwil, F|80\/100\n|-heal|p1a: Overqwil|100\/100|[from] move: Healing Wish\n|turn|21\n|\n|t:|1698641572\n|switch|p1a: Pelipper|Pelipper, M|100\/100\n|-weather|RainDance|[from] ability: Drizzle|[of] p1a: Pelipper\n|move|p2a: Arceus|Taunt|p1a: Pelipper\n|-start|p1a: Pelipper|move: Taunt\n|\n|-weather|RainDance|[upkeep]\n|upkeep\n|turn|22\n|\n|t:|1698641581\n|switch|p2a: Slowking|Slowking-Galar, F, shiny|85\/100\n|move|p1a: Pelipper|Hurricane|p2a: Slowking\n|-damage|p2a: Slowking|56\/100\n|\n|-weather|RainDance|[upkeep]\n|upkeep\n|turn|23\n|\n|t:|1698641594\n|move|p1a: Pelipper|U-turn|p2a: Slowking\n|-damage|p2a: Slowking|49\/100\n|\n|t:|1698641599\n|switch|p1a: Overqwil|Overqwil, F|100\/100|[from] U-turn\n|move|p2a: Slowking|Future Sight|p1a: Overqwil\n|-start|p2a: Slowking|move: Future Sight\n|\n|-weather|RainDance|[upkeep]\n|upkeep\n|turn|24\n|\n|t:|1698641613\n|move|p1a: Overqwil|Crunch|p2a: Slowking\n|-supereffective|p2a: Slowking\n|-damage|p2a: Slowking|0 fnt\n|faint|p2a: Slowking\n|\n|-weather|RainDance|[upkeep]\n|upkeep\n|\n|t:|1698641616\n|switch|p2a: Arceus|Arceus-Grass, shiny|56\/100\n|turn|25\n|\n|t:|1698641623\n|move|p1a: Overqwil|Taunt|p2a: Arceus\n|-start|p2a: Arceus|move: Taunt\n|cant|p2a: Arceus|move: Taunt|Taunt\n|\n|-weather|RainDance|[upkeep]\n|-end|p1a: Overqwil|move: Future Sight\n|-immune|p1a: Overqwil\n|upkeep\n|turn|26\n|\n|t:|1698641635\n|move|p1a: Overqwil|Crunch|p2a: Arceus\n|-damage|p2a: Arceus|36\/100\n|-unboost|p2a: Arceus|def|1\n|move|p2a: Arceus|Fire Blast|p1a: Overqwil\n|-damage|p1a: Overqwil|78\/100\n|\n|-weather|RainDance|[upkeep]\n|upkeep\n|turn|27\n|\n|t:|1698641641\n|move|p1a: Overqwil|Crunch|p2a: Arceus\n|-damage|p2a: Arceus|3\/100\n|move|p2a: Arceus|Fire Blast|p1a: Overqwil\n|-damage|p1a: Overqwil|57\/100\n|\n|-weather|RainDance|[upkeep]\n|-end|p2a: Arceus|move: Taunt\n|upkeep\n|turn|28\n|\n|t:|1698641645\n|move|p1a: Overqwil|Crunch|p2a: Arceus\n|-damage|p2a: Arceus|0 fnt\n|faint|p2a: Arceus\n|\n|win|1P1o1s1h1e1\n|l|\u2606Finchely\n","uploadtime":1698641693,"views":10,"p1id":"1p1o1s1h1e1","p2id":"finchely","formatid":"gen9ubers","rating":0,"private":0,"password":""}