{"id":"gen9ubers-1998550206","p1":"volcadon","p2":"Cranberry1","format":"[Gen 9] Ubers","log":"|j|\u2606volcadon\n|j|\u2606Cranberry1\n|t:|1700955187\n|gametype|singles\n|player|p1|volcadon|buck|1062\n|player|p2|Cranberry1|steven|1098\n|teamsize|p1|6\n|teamsize|p2|6\n|gen|9\n|tier|[Gen 9] Ubers\n|rated|\n|rule|Sleep Clause Mod: Limit one foe put to sleep\n|rule|Species Clause: Limit one of each Pok\u00e9mon\n|rule|OHKO Clause: OHKO moves are banned\n|rule|Evasion Items Clause: Evasion items are banned\n|rule|Evasion Moves Clause: Evasion moves are banned\n|rule|Endless Battle Clause: Forcing endless battles is banned\n|rule|HP Percentage Mod: HP is shown in percentages\n|clearpoke\n|poke|p1|Volcarona, F|\n|poke|p1|Iron Bundle|\n|poke|p1|Corviknight, M|\n|poke|p1|Decidueye, M|\n|poke|p1|Umbreon, F|\n|poke|p1|Gliscor, M|\n|poke|p2|Zamazenta-*|\n|poke|p2|Sneasler, F|\n|poke|p2|Zacian-*|\n|poke|p2|Arceus-Bug|\n|poke|p2|Urshifu-*, F|\n|poke|p2|Ursaluna-Bloodmoon, M|\n|teampreview\n|\n|t:|1700955208\n|start\n|switch|p1a: Volcarona|Volcarona, F, shiny|100\/100\n|switch|p2a: Ursaluna|Ursaluna-Bloodmoon, M|100\/100\n|turn|1\n|\n|t:|1700955227\n|switch|p1a: Gliscor|Gliscor, M, shiny|100\/100\n|move|p2a: Ursaluna|Blood Moon|p1a: Gliscor\n|-damage|p1a: Gliscor|0 fnt\n|faint|p1a: Gliscor\n|\n|upkeep\n|\n|t:|1700955234\n|switch|p1a: Iron Bundle|Iron Bundle|100\/100\n|turn|2\n|\n|t:|1700955247\n|switch|p2a: Urshifu|Urshifu-Rapid-Strike, F|100\/100\n|move|p1a: Iron Bundle|Agility|p1a: Iron Bundle\n|-boost|p1a: Iron Bundle|spe|2\n|\n|upkeep\n|turn|3\n|\n|t:|1700955268\n|move|p1a: Iron Bundle|Freeze-Dry|p2a: Urshifu\n|-supereffective|p2a: Urshifu\n|-damage|p2a: Urshifu|0 fnt\n|faint|p2a: Urshifu\n|\n|upkeep\n|\n|t:|1700955273\n|switch|p2a: Sneasler|Sneasler, F|100\/100\n|turn|4\n|\n|t:|1700955294\n|-end|p1a: Iron Bundle|Quark Drive|[silent]\n|switch|p1a: Decidueye|Decidueye, M, shiny|100\/100\n|move|p2a: Sneasler|Fake Out|p1a: Decidueye\n|-immune|p1a: Decidueye\n|\n|upkeep\n|turn|5\n|\n|t:|1700955304\n|move|p2a: Sneasler|Dire Claw|p1a: Decidueye\n|-crit|p1a: Decidueye\n|-damage|p1a: Decidueye|11\/100\n|-status|p1a: Decidueye|slp\n|cant|p1a: Decidueye|slp\n|\n|upkeep\n|turn|6\n|\n|t:|1700955320\n|move|p2a: Sneasler|Dire Claw|p1a: Decidueye\n|-damage|p1a: Decidueye|0 fnt\n|faint|p1a: Decidueye\n|\n|upkeep\n|\n|t:|1700955331\n|switch|p1a: Volcarona|Volcarona, F, shiny|100\/100\n|turn|7\n|\n|t:|1700955348\n|move|p2a: Sneasler|Close Combat|p1a: Volcarona\n|-resisted|p1a: Volcarona\n|-damage|p1a: Volcarona|51\/100\n|-unboost|p2a: Sneasler|def|1\n|-unboost|p2a: Sneasler|spd|1\n|move|p1a: Volcarona|Psychic|p2a: Sneasler\n|-supereffective|p2a: Sneasler\n|-damage|p2a: Sneasler|0 fnt\n|faint|p2a: Sneasler\n|\n|upkeep\n|\n|t:|1700955358\n|switch|p2a: Ursaluna|Ursaluna-Bloodmoon, M|100\/100\n|turn|8\n|\n|t:|1700955374\n|switch|p1a: Umbreon|Umbreon, F, shiny|100\/100\n|move|p2a: Ursaluna|Blood Moon|p1a: Umbreon\n|-damage|p1a: Umbreon|45\/100\n|\n|-heal|p1a: Umbreon|52\/100|[from] item: Leftovers\n|upkeep\n|turn|9\n|inactive|Battle timer is ON: inactive players will automatically lose when time's up. (requested by volcadon)\n|\n|t:|1700955410\n|move|p2a: Ursaluna|Hyper Voice|p1a: Umbreon\n|-damage|p1a: Umbreon|16\/100\n|move|p1a: Umbreon|Yawn|p2a: Ursaluna\n|-start|p2a: Ursaluna|move: Yawn|[of] p1a: Umbreon\n|\n|-heal|p1a: Umbreon|23\/100|[from] item: Leftovers\n|upkeep\n|turn|10\n|\n|t:|1700955419\n|switch|p2a: Zamazenta|Zamazenta-Crowned|100\/100\n|-ability|p2a: Zamazenta|Dauntless Shield|boost\n|-boost|p2a: Zamazenta|def|1\n|move|p1a: Umbreon|Protect||[still]\n|-fail|p1a: Umbreon\n|\n|-heal|p1a: Umbreon|29\/100|[from] item: Leftovers\n|upkeep\n|turn|11\n|\n|t:|1700955432\n|move|p2a: Zamazenta|Iron Defense|p2a: Zamazenta\n|-boost|p2a: Zamazenta|def|2\n|move|p1a: Umbreon|Moonlight|p1a: Umbreon\n|-heal|p1a: Umbreon|79\/100\n|\n|-heal|p1a: Umbreon|85\/100|[from] item: Leftovers\n|upkeep\n|turn|12\n|\n|t:|1700955446\n|switch|p1a: Corviknight|Corviknight, M, shiny|100\/100\n|move|p2a: Zamazenta|Substitute|p2a: Zamazenta\n|-start|p2a: Zamazenta|Substitute\n|-damage|p2a: Zamazenta|75\/100\n|\n|upkeep\n|turn|13\n|\n|t:|1700955464\n|-terastallize|p1a: Corviknight|Flying\n|move|p2a: Zamazenta|Iron Defense|p2a: Zamazenta\n|-boost|p2a: Zamazenta|def|2\n|move|p1a: Corviknight|Drill Peck|p2a: Zamazenta\n|-activate|p2a: Zamazenta|move: Substitute|[damage]\n|\n|upkeep\n|turn|14\n|\n|t:|1700955473\n|move|p2a: Zamazenta|Body Press|p1a: Corviknight\n|-resisted|p1a: Corviknight\n|-damage|p1a: Corviknight|35\/100\n|move|p1a: Corviknight|Drill Peck|p2a: Zamazenta\n|-activate|p2a: Zamazenta|move: Substitute|[damage]\n|\n|upkeep\n|turn|15\n|\n|t:|1700955483\n|move|p2a: Zamazenta|Iron Defense|p2a: Zamazenta\n|-boost|p2a: Zamazenta|def|1\n|move|p1a: Corviknight|Iron Head|p2a: Zamazenta\n|-resisted|p2a: Zamazenta\n|-activate|p2a: Zamazenta|move: Substitute|[damage]\n|\n|upkeep\n|turn|16\n|c|\u2606Cranberry1|looool\n|\n|t:|1700955493\n|move|p2a: Zamazenta|Body Press|p1a: Corviknight\n|-resisted|p1a: Corviknight\n|-damage|p1a: Corviknight|0 fnt\n|faint|p1a: Corviknight\n|\n|upkeep\n|\n|t:|1700955505\n|switch|p1a: Volcarona|Volcarona, F, shiny|51\/100\n|turn|17\n|\n|t:|1700955534\n|move|p2a: Zamazenta|Body Press|p1a: Volcarona\n|-resisted|p1a: Volcarona\n|-damage|p1a: Volcarona|0 fnt\n|-status|p2a: Zamazenta|brn|[from] ability: Flame Body|[of] p1a: Volcarona\n|faint|p1a: Volcarona\n|\n|-damage|p2a: Zamazenta|69\/100 brn|[from] brn\n|upkeep\n|\n|t:|1700955542\n|switch|p1a: Iron Bundle|Iron Bundle|100\/100\n|turn|18\n|\n|t:|1700955553\n|move|p2a: Zamazenta|Body Press|p1a: Iron Bundle\n|-supereffective|p1a: Iron Bundle\n|-damage|p1a: Iron Bundle|0 fnt\n|faint|p1a: Iron Bundle\n|-end|p1a: Iron Bundle|Quark Drive|[silent]\n|\n|-damage|p2a: Zamazenta|63\/100 brn|[from] brn\n|upkeep\n|c|\u2606Cranberry1|gg\n|-message|volcadon forfeited.\n|\n|win|Cranberry1\n|raw|volcadon's rating: 1062 &rarr; <strong>1045<\/strong><br \/>(-17 for losing)\n|raw|Cranberry1's rating: 1098 &rarr; <strong>1121<\/strong><br \/>(+23 for winning)\n|l|\u2606volcadon\n","uploadtime":1700955579,"views":17,"p1id":"volcadon","p2id":"cranberry1","formatid":"gen9ubers","rating":1045,"private":0,"password":""}