{"id":"gen9ubers-1994507252","p1":"YoungEsq","p2":"Chau20003","format":"[Gen 9] Ubers","log":"|j|\u2606YoungEsq\n|j|\u2606Chau20003\n|t:|1700452148\n|gametype|singles\n|player|p1|YoungEsq|102|1240\n|player|p2|Chau20003|170|1416\n|teamsize|p1|6\n|teamsize|p2|6\n|gen|9\n|tier|[Gen 9] Ubers\n|rated|\n|rule|Sleep Clause Mod: Limit one foe put to sleep\n|rule|Species Clause: Limit one of each Pok\u00e9mon\n|rule|OHKO Clause: OHKO moves are banned\n|rule|Evasion Items Clause: Evasion items are banned\n|rule|Evasion Moves Clause: Evasion moves are banned\n|rule|Endless Battle Clause: Forcing endless battles is banned\n|rule|HP Percentage Mod: HP is shown in percentages\n|clearpoke\n|poke|p1|Ting-Lu|\n|poke|p1|Gholdengo|\n|poke|p1|Roaring Moon|\n|poke|p1|Chi-Yu|\n|poke|p1|Samurott-Hisui, M|\n|poke|p1|Mandibuzz, F|\n|poke|p2|Arceus|\n|poke|p2|Ninetales-Alola, F|\n|poke|p2|Baxcalibur, M|\n|poke|p2|Flutter Mane|\n|poke|p2|Ogerpon-Hearthflame, F|\n|poke|p2|Sandslash-Alola, F|\n|teampreview\n|inactive|Battle timer is ON: inactive players will automatically lose when time's up. (requested by Chau20003)\n|\n|t:|1700452152\n|start\n|switch|p1a: Ting-Lu|Ting-Lu|100\/100\n|switch|p2a: Ninetales|Ninetales-Alola, F|100\/100\n|-weather|Snow|[from] ability: Snow Warning|[of] p2a: Ninetales\n|-ability|p1a: Ting-Lu|Vessel of Ruin\n|turn|1\n|j| rg22nmm\n|\n|t:|1700452161\n|move|p2a: Ninetales|Aurora Veil|p2a: Ninetales\n|-sidestart|p2: Chau20003|move: Aurora Veil\n|move|p1a: Ting-Lu|Stealth Rock|p2a: Ninetales\n|-sidestart|p2: Chau20003|move: Stealth Rock\n|\n|-weather|Snow|[upkeep]\n|upkeep\n|turn|2\n|\n|t:|1700452170\n|move|p2a: Ninetales|Encore|p1a: Ting-Lu\n|-start|p1a: Ting-Lu|Encore\n|move|p1a: Ting-Lu|Stealth Rock||[still]\n|-fail|p1a: Ting-Lu\n|\n|-weather|Snow|[upkeep]\n|upkeep\n|turn|3\n|\n|t:|1700452176\n|switch|p1a: Samurott|Samurott-Hisui, M|100\/100\n|move|p2a: Ninetales|Blizzard|p1a: Samurott\n|-resisted|p1a: Samurott\n|-damage|p1a: Samurott|78\/100\n|\n|-weather|Snow|[upkeep]\n|upkeep\n|turn|4\n|\n|t:|1700452183\n|move|p2a: Ninetales|Moonblast|p1a: Samurott\n|-supereffective|p1a: Samurott\n|-enditem|p1a: Samurott|Roseli Berry|[eat]\n|-enditem|p1a: Samurott|Roseli Berry|[weaken]\n|-damage|p1a: Samurott|36\/100\n|-unboost|p1a: Samurott|spa|1\n|move|p1a: Samurott|Ceaseless Edge|p2a: Ninetales\n|-resisted|p2a: Ninetales\n|-damage|p2a: Ninetales|90\/100\n|-sidestart|p2: Chau20003|Spikes\n|\n|-weather|Snow|[upkeep]\n|upkeep\n|turn|5\n|\n|t:|1700452192\n|switch|p2a: Sandslash|Sandslash-Alola, F|100\/100\n|switch|p1a: Ting-Lu|Ting-Lu|100\/100\n|-ability|p1a: Ting-Lu|Vessel of Ruin\n|\n|-weather|none\n|upkeep\n|turn|6\n|\n|t:|1700452201\n|switch|p1a: Gholdengo|Gholdengo|100\/100\n|-item|p1a: Gholdengo|Air Balloon\n|move|p2a: Sandslash|Rapid Spin|p1a: Gholdengo\n|-immune|p1a: Gholdengo\n|\n|upkeep\n|turn|7\n|\n|t:|1700452214\n|switch|p1a: Chi-Yu|Chi-Yu|100\/100\n|-ability|p1a: Chi-Yu|Beads of Ruin\n|switch|p2a: Flutter Mane|Flutter Mane|100\/100\n|-damage|p2a: Flutter Mane|88\/100|[from] Stealth Rock\n|-damage|p2a: Flutter Mane|76\/100|[from] Spikes\n|-enditem|p2a: Flutter Mane|Booster Energy\n|-activate|p2a: Flutter Mane|ability: Protosynthesis|[fromitem]\n|-start|p2a: Flutter Mane|protosynthesisspa\n|\n|upkeep\n|turn|8\n|\n|t:|1700452228\n|-terastallize|p1a: Chi-Yu|Poison\n|move|p1a: Chi-Yu|Flamethrower|p2a: Flutter Mane\n|-damage|p2a: Flutter Mane|43\/100\n|move|p2a: Flutter Mane|Moonblast|p1a: Chi-Yu\n|-resisted|p1a: Chi-Yu\n|-damage|p1a: Chi-Yu|55\/100\n|\n|-sideend|p2: Chau20003|move: Aurora Veil\n|upkeep\n|turn|9\n|\n|t:|1700452257\n|-end|p2a: Flutter Mane|Protosynthesis|[silent]\n|switch|p2a: Ninetales|Ninetales-Alola, F|90\/100\n|-damage|p2a: Ninetales|65\/100|[from] Stealth Rock\n|-damage|p2a: Ninetales|53\/100|[from] Spikes\n|-weather|Snow|[from] ability: Snow Warning|[of] p2a: Ninetales\n|move|p1a: Chi-Yu|Flamethrower|p2a: Ninetales\n|-supereffective|p2a: Ninetales\n|-damage|p2a: Ninetales|0 fnt\n|faint|p2a: Ninetales\n|\n|-weather|Snow|[upkeep]\n|upkeep\n|inactive|Chau20003 has 120 seconds left.\n|\n|t:|1700452272\n|switch|p2a: Arceus|Arceus|100\/100\n|-damage|p2a: Arceus|88\/100|[from] Stealth Rock\n|-damage|p2a: Arceus|76\/100|[from] Spikes\n|turn|10\n|\n|t:|1700452283\n|switch|p1a: Mandibuzz|Mandibuzz, F|100\/100\n|move|p2a: Arceus|Cosmic Power|p2a: Arceus\n|-boost|p2a: Arceus|def|1\n|-boost|p2a: Arceus|spd|1\n|\n|-weather|Snow|[upkeep]\n|-heal|p2a: Arceus|82\/100|[from] item: Leftovers\n|upkeep\n|turn|11\n|\n|t:|1700452291\n|move|p2a: Arceus|Cosmic Power|p2a: Arceus\n|-boost|p2a: Arceus|def|1\n|-boost|p2a: Arceus|spd|1\n|move|p1a: Mandibuzz|Toxic|p2a: Arceus\n|-status|p2a: Arceus|tox\n|\n|-weather|Snow|[upkeep]\n|-heal|p2a: Arceus|88\/100 tox|[from] item: Leftovers\n|-damage|p2a: Arceus|82\/100 tox|[from] psn\n|upkeep\n|turn|12\n|\n|t:|1700452297\n|switch|p1a: Ting-Lu|Ting-Lu|100\/100\n|-ability|p1a: Ting-Lu|Vessel of Ruin\n|move|p2a: Arceus|Cosmic Power|p2a: Arceus\n|-boost|p2a: Arceus|def|1\n|-boost|p2a: Arceus|spd|1\n|\n|-weather|Snow|[upkeep]\n|-heal|p2a: Arceus|88\/100 tox|[from] item: Leftovers\n|-damage|p2a: Arceus|76\/100 tox|[from] psn\n|upkeep\n|turn|13\n|\n|t:|1700452302\n|move|p2a: Arceus|Body Press|p1a: Ting-Lu\n|-supereffective|p1a: Ting-Lu\n|-damage|p1a: Ting-Lu|33\/100\n|move|p1a: Ting-Lu|Whirlwind|p2a: Arceus\n|drag|p2a: Flutter Mane|Flutter Mane|43\/100\n|-damage|p2a: Flutter Mane|30\/100|[from] Stealth Rock\n|-damage|p2a: Flutter Mane|18\/100|[from] Spikes\n|\n|-weather|none\n|-heal|p1a: Ting-Lu|39\/100|[from] item: Leftovers\n|upkeep\n|turn|14\n|\n|t:|1700452309\n|move|p2a: Flutter Mane|Moonblast|p1a: Ting-Lu\n|-supereffective|p1a: Ting-Lu\n|-damage|p1a: Ting-Lu|0 fnt\n|faint|p1a: Ting-Lu\n|\n|upkeep\n|\n|t:|1700452316\n|switch|p1a: Chi-Yu|Chi-Yu, tera:Poison|55\/100\n|-ability|p1a: Chi-Yu|Beads of Ruin\n|turn|15\n|\n|t:|1700452324\n|move|p1a: Chi-Yu|Flamethrower|p2a: Flutter Mane\n|-damage|p2a: Flutter Mane|0 fnt\n|faint|p2a: Flutter Mane\n|-end|p2a: Flutter Mane|Protosynthesis|[silent]\n|\n|upkeep\n|\n|t:|1700452333\n|switch|p2a: Baxcalibur|Baxcalibur, M|100\/100\n|turn|16\n|\n|t:|1700452340\n|switch|p1a: Samurott|Samurott-Hisui, M|36\/100\n|move|p2a: Baxcalibur|Dragon Dance|p2a: Baxcalibur\n|-boost|p2a: Baxcalibur|atk|1\n|-boost|p2a: Baxcalibur|spe|1\n|\n|upkeep\n|turn|17\n|\n|t:|1700452350\n|move|p2a: Baxcalibur|Earthquake|p1a: Samurott\n|-damage|p1a: Samurott|0 fnt\n|faint|p1a: Samurott\n|\n|upkeep\n|\n|t:|1700452375\n|switch|p1a: Roaring Moon|Roaring Moon|100\/100\n|-enditem|p1a: Roaring Moon|Booster Energy\n|-activate|p1a: Roaring Moon|ability: Protosynthesis|[fromitem]\n|-start|p1a: Roaring Moon|protosynthesisatk\n|turn|18\n|\n|t:|1700452387\n|-terastallize|p2a: Baxcalibur|Ground\n|move|p2a: Baxcalibur|Icicle Crash|p1a: Roaring Moon\n|-supereffective|p1a: Roaring Moon\n|-damage|p1a: Roaring Moon|0 fnt\n|faint|p1a: Roaring Moon\n|-end|p1a: Roaring Moon|Protosynthesis|[silent]\n|\n|upkeep\n|\n|t:|1700452401\n|switch|p1a: Mandibuzz|Mandibuzz, F|100\/100\n|turn|19\n|\n|t:|1700452410\n|move|p2a: Baxcalibur|Icicle Crash|p1a: Mandibuzz\n|-supereffective|p1a: Mandibuzz\n|-crit|p1a: Mandibuzz\n|-damage|p1a: Mandibuzz|0 fnt\n|faint|p1a: Mandibuzz\n|\n|upkeep\n|\n|t:|1700452412\n|switch|p1a: Gholdengo|Gholdengo|100\/100\n|-item|p1a: Gholdengo|Air Balloon\n|turn|20\n|\n|t:|1700452416\n|move|p2a: Baxcalibur|Icicle Crash|p1a: Gholdengo\n|-resisted|p1a: Gholdengo\n|-damage|p1a: Gholdengo|59\/100\n|-enditem|p1a: Gholdengo|Air Balloon\n|cant|p1a: Gholdengo|flinch\n|\n|upkeep\n|turn|21\n|\n|t:|1700452423\n|move|p2a: Baxcalibur|Earthquake|p1a: Gholdengo\n|-supereffective|p1a: Gholdengo\n|-damage|p1a: Gholdengo|0 fnt\n|faint|p1a: Gholdengo\n|\n|upkeep\n|l| rg22nmm\n|\n|t:|1700452429\n|switch|p1a: Chi-Yu|Chi-Yu, tera:Poison|55\/100\n|-ability|p1a: Chi-Yu|Beads of Ruin\n|turn|22\n|\n|t:|1700452433\n|move|p1a: Chi-Yu|Dark Pulse|p2a: Baxcalibur\n|-damage|p2a: Baxcalibur|39\/100\n|cant|p2a: Baxcalibur|flinch\n|\n|upkeep\n|turn|23\n|\n|t:|1700452439\n|move|p1a: Chi-Yu|Dark Pulse|p2a: Baxcalibur\n|-damage|p2a: Baxcalibur|0 fnt\n|faint|p2a: Baxcalibur\n|\n|upkeep\n|\n|t:|1700452442\n|switch|p2a: Ogerpon|Ogerpon-Hearthflame, F|100\/100\n|-damage|p2a: Ogerpon|76\/100|[from] Stealth Rock\n|-damage|p2a: Ogerpon|63\/100|[from] Spikes\n|-ability|p2a: Ogerpon|Mold Breaker\n|turn|24\n|\n|t:|1700452448\n|move|p1a: Chi-Yu|Dark Pulse|p2a: Ogerpon\n|-damage|p2a: Ogerpon|0 fnt\n|faint|p2a: Ogerpon\n|\n|upkeep\n|\n|t:|1700452454\n|switch|p2a: Arceus|Arceus|76\/100 tox\n|-damage|p2a: Arceus|64\/100 tox|[from] Stealth Rock\n|-damage|p2a: Arceus|51\/100 tox|[from] Spikes\n|turn|25\n|\n|t:|1700452459\n|move|p1a: Chi-Yu|Dark Pulse|p2a: Arceus\n|-damage|p2a: Arceus|18\/100 tox\n|move|p2a: Arceus|Stored Power|p1a: Chi-Yu\n|-supereffective|p1a: Chi-Yu\n|-damage|p1a: Chi-Yu|43\/100\n|\n|-heal|p2a: Arceus|24\/100 tox|[from] item: Leftovers\n|-damage|p2a: Arceus|18\/100 tox|[from] psn\n|upkeep\n|turn|26\n|\n|t:|1700452465\n|move|p1a: Chi-Yu|Dark Pulse|p2a: Arceus\n|-damage|p2a: Arceus|0 fnt\n|faint|p2a: Arceus\n|\n|upkeep\n|\n|t:|1700452467\n|switch|p2a: Sandslash|Sandslash-Alola, F|100\/100\n|turn|27\n|\n|t:|1700452474\n|move|p1a: Chi-Yu|Dark Pulse|p2a: Sandslash\n|-damage|p2a: Sandslash|2\/100\n|move|p2a: Sandslash|Iron Head|p1a: Chi-Yu\n|-damage|p1a: Chi-Yu|0 fnt\n|faint|p1a: Chi-Yu\n|\n|win|Chau20003\n|raw|YoungEsq's rating: 1240 &rarr; <strong>1227<\/strong><br \/>(-13 for losing)\n|raw|Chau20003's rating: 1416 &rarr; <strong>1427<\/strong><br \/>(+11 for winning)\n","uploadtime":1700452480,"views":3,"p1id":"youngesq","p2id":"chau20003","formatid":"gen9ubers","rating":1227,"private":0,"password":""}