{"id":"gen9ubers-1973855705","p1":"Vandenta","p2":"BPLD","format":"[Gen 9] Ubers","log":"|j|\u2606Vandenta\n|j|\u2606BPLD\n|t:|1698020981\n|gametype|singles\n|player|p1|Vandenta|musician|\n|player|p2|BPLD|steven|\n|teamsize|p1|6\n|teamsize|p2|6\n|gen|9\n|tier|[Gen 9] Ubers\n|rule|Sleep Clause Mod: Limit one foe put to sleep\n|rule|Species Clause: Limit one of each Pok\u00e9mon\n|rule|OHKO Clause: OHKO moves are banned\n|rule|Evasion Items Clause: Evasion items are banned\n|rule|Evasion Moves Clause: Evasion moves are banned\n|rule|Endless Battle Clause: Forcing endless battles is banned\n|rule|HP Percentage Mod: HP is shown in percentages\n|clearpoke\n|poke|p1|Slowking-Galar, M|\n|poke|p1|Masquerain, M|\n|poke|p1|Milotic, F|\n|poke|p1|Donphan, F|\n|poke|p1|Baxcalibur, F|\n|poke|p1|Hoopa|\n|poke|p2|Tinkaton, F|\n|poke|p2|Articuno-Galar|\n|poke|p2|Ogerpon-Wellspring, F|\n|poke|p2|Great Tusk|\n|poke|p2|Lycanroc, M|\n|poke|p2|Dusclops, M|\n|teampreview\n|j| PorygonTheBot\n|c| PorygonTheBot|y'all are stupid\n|j| Ace_T_24\n|c|\u2606Vandenta|gl\n|j| Seior\n|j| MonkeyManStan\n|c|\u2606BPLD|you too man\n|c| Seior|thanks\n|c| MonkeyManStan|WOOOOO\n|c| Seior|shut p shronk\n|c| MonkeyManStan|LETS GO MY HOOORSE\n|l| MonkeyManStan\n|\n|t:|1698021090\n|start\n|switch|p1a: Milotic|Milotic, F|100\/100\n|switch|p2a: Lycanroc|Lycanroc, M|100\/100\n|turn|1\n|j| Free Hong Kong Now\n|l| Free Hong Kong Now\n|\n|t:|1698021117\n|switch|p2a: Ogerpon|Ogerpon-Wellspring, F|100\/100\n|switch|p1a: Slowking|Slowking-Galar, M|100\/100\n|\n|upkeep\n|turn|2\n|\n|t:|1698021130\n|switch|p2a: Tinkaton|Tinkaton, F|100\/100\n|-ability|p2a: Tinkaton|Mold Breaker\n|move|p1a: Slowking|Trick Room|p1a: Slowking\n|-fieldstart|move: Trick Room|[of] p1a: Slowking\n|\n|upkeep\n|turn|3\n|\n|t:|1698021147\n|move|p1a: Slowking|Chilly Reception|p1a: Slowking\n|-weather|Snow\n|\n|t:|1698021154\n|switch|p1a: Donphan|Donphan, F|100\/100|[from] Chilly Reception\n|move|p2a: Tinkaton|Knock Off|p1a: Donphan\n|-damage|p1a: Donphan|91\/100\n|-enditem|p1a: Donphan|Heavy-Duty Boots|[from] move: Knock Off|[of] p2a: Tinkaton\n|\n|-weather|Snow|[upkeep]\n|upkeep\n|turn|4\n|\n|t:|1698021167\n|switch|p2a: Articuno|Articuno-Galar|100\/100\n|move|p1a: Donphan|Stealth Rock|p2a: Articuno\n|-sidestart|p2: BPLD|move: Stealth Rock\n|\n|-weather|Snow|[upkeep]\n|upkeep\n|turn|5\n|j| Free Hong Kong Now\n|\n|t:|1698021177\n|move|p1a: Donphan|Knock Off|p2a: Articuno\n|-supereffective|p2a: Articuno\n|-damage|p2a: Articuno|52\/100\n|-enditem|p2a: Articuno|Light Clay|[from] move: Knock Off|[of] p1a: Donphan\n|move|p2a: Articuno|Reflect|p2a: Articuno\n|-sidestart|p2: BPLD|Reflect\n|\n|-weather|Snow|[upkeep]\n|upkeep\n|turn|6\n|l| Free Hong Kong Now\n|j| TheJuicyJake\n|\n|t:|1698021206\n|switch|p1a: Slowking|Slowking-Galar, M|100\/100\n|move|p2a: Articuno|U-turn|p1a: Slowking\n|-damage|p1a: Slowking|92\/100\n|\n|t:|1698021213\n|switch|p2a: Great Tusk|Great Tusk|100\/100|[from] U-turn\n|-damage|p2a: Great Tusk|98\/100|[from] Stealth Rock\n|\n|-weather|Snow|[upkeep]\n|-fieldend|move: Trick Room\n|upkeep\n|turn|7\n|\n|t:|1698021220\n|switch|p1a: Milotic|Milotic, F|100\/100\n|move|p2a: Great Tusk|Headlong Rush|p1a: Milotic\n|-damage|p1a: Milotic|66\/100\n|-unboost|p2a: Great Tusk|def|1\n|-unboost|p2a: Great Tusk|spd|1\n|\n|-weather|Snow|[upkeep]\n|-heal|p1a: Milotic|72\/100|[from] item: Leftovers\n|upkeep\n|turn|8\n|c| Seior|WTF NO FLAME ORB\n|\n|t:|1698021239\n|-end|p2a: Great Tusk|Protosynthesis|[silent]\n|switch|p2a: Ogerpon|Ogerpon-Wellspring, F|100\/100\n|-damage|p2a: Ogerpon|88\/100|[from] Stealth Rock\n|move|p1a: Milotic|Ice Beam|p2a: Ogerpon\n|-damage|p2a: Ogerpon|64\/100\n|\n|-weather|Snow|[upkeep]\n|-heal|p1a: Milotic|78\/100|[from] item: Leftovers\n|upkeep\n|turn|9\n|c| Seior|you threw\n|c| Seior|actual throw\n|c|\u2606Vandenta|ik\n|j| MonkeyManStan\n|c| MonkeyManStan|how my horse doin!?\n|c| MonkeyManStan|oh he\u2019s good rnrn\n|c| MonkeyManStan|word\n|\n|t:|1698021309\n|move|p2a: Ogerpon|Horn Leech|p1a: Milotic\n|-supereffective|p1a: Milotic\n|-damage|p1a: Milotic|14\/100\n|-heal|p2a: Ogerpon|100\/100|[from] drain|[of] p1a: Milotic\n|move|p1a: Milotic|Ice Beam|p2a: Ogerpon\n|-damage|p2a: Ogerpon|78\/100\n|\n|-weather|Snow|[upkeep]\n|-heal|p1a: Milotic|20\/100|[from] item: Leftovers\n|-sideend|p2: BPLD|Reflect\n|upkeep\n|turn|10\n|\n|t:|1698021318\n|move|p2a: Ogerpon|Knock Off|p1a: Milotic\n|-damage|p1a: Milotic|0 fnt\n|-enditem|p1a: Milotic|Leftovers|[from] move: Knock Off|[of] p2a: Ogerpon\n|faint|p1a: Milotic\n|\n|-weather|none\n|upkeep\n|l| MonkeyManStan\n|\n|t:|1698021370\n|switch|p1a: Masquerain|Masquerain, M|100\/100\n|-ability|p1a: Masquerain|Intimidate|boost\n|-unboost|p2a: Ogerpon|atk|1\n|turn|11\n|\n|t:|1698021390\n|switch|p2a: Dusclops|Dusclops, M|100\/100\n|-damage|p2a: Dusclops|88\/100|[from] Stealth Rock\n|-item|p1a: Masquerain|Focus Sash|[from] ability: Frisk|[of] p2a: Dusclops|[identify]\n|switch|p1a: Slowking|Slowking-Galar, M|100\/100\n|\n|upkeep\n|turn|12\n|\n|t:|1698021409\n|move|p1a: Slowking|Toxic|p2a: Dusclops\n|-status|p2a: Dusclops|tox\n|move|p2a: Dusclops|Night Shade|p1a: Slowking\n|-damage|p1a: Slowking|75\/100\n|\n|-damage|p2a: Dusclops|82\/100 tox|[from] psn\n|upkeep\n|turn|13\n|\n|t:|1698021428\n|switch|p2a: Great Tusk|Great Tusk|98\/100\n|-damage|p2a: Great Tusk|95\/100|[from] Stealth Rock\n|move|p1a: Slowking|Trick Room|p1a: Slowking\n|-fieldstart|move: Trick Room|[of] p1a: Slowking\n|\n|upkeep\n|turn|14\n|\n|t:|1698021436\n|move|p1a: Slowking|Psychic|p2a: Great Tusk\n|-supereffective|p2a: Great Tusk\n|-damage|p2a: Great Tusk|59\/100\n|-unboost|p2a: Great Tusk|spd|1\n|move|p2a: Great Tusk|Rapid Spin|p1a: Slowking\n|-damage|p1a: Slowking|64\/100\n|-boost|p2a: Great Tusk|spe|1\n|-sideend|p2: BPLD|Stealth Rock|[from] move: Rapid Spin|[of] p2a: Great Tusk\n|\n|upkeep\n|turn|15\n|c|\u2606Vandenta|holy assault vest\n|\n|t:|1698021468\n|-end|p2a: Great Tusk|Protosynthesis|[silent]\n|switch|p2a: Tinkaton|Tinkaton, F|100\/100\n|-ability|p2a: Tinkaton|Mold Breaker\n|move|p1a: Slowking|Chilly Reception|p1a: Slowking\n|-weather|Snow\n|\n|t:|1698021497\n|switch|p1a: Donphan|Donphan, F|91\/100|[from] Chilly Reception\n|\n|-weather|Snow|[upkeep]\n|upkeep\n|turn|16\n|j| MonkeyManStan\n|\n|t:|1698021554\n|switch|p1a: Slowking|Slowking-Galar, M|97\/100\n|switch|p2a: Great Tusk|Great Tusk|59\/100\n|\n|-weather|Snow|[upkeep]\n|upkeep\n|turn|17\n|\n|t:|1698021563\n|switch|p1a: Masquerain|Masquerain, M|100\/100\n|-ability|p1a: Masquerain|Intimidate|boost\n|-unboost|p2a: Great Tusk|atk|1\n|move|p2a: Great Tusk|Knock Off|p1a: Masquerain\n|-damage|p1a: Masquerain|70\/100\n|-enditem|p1a: Masquerain|Focus Sash|[from] move: Knock Off|[of] p2a: Great Tusk\n|\n|-weather|Snow|[upkeep]\n|-fieldend|move: Trick Room\n|upkeep\n|turn|18\n|\n|t:|1698021576\n|-end|p2a: Great Tusk|Protosynthesis|[silent]\n|switch|p2a: Tinkaton|Tinkaton, F|100\/100\n|-ability|p2a: Tinkaton|Mold Breaker\n|move|p1a: Masquerain|Quiver Dance|p1a: Masquerain\n|-boost|p1a: Masquerain|spa|1\n|-boost|p1a: Masquerain|spd|1\n|-boost|p1a: Masquerain|spe|1\n|\n|-weather|Snow|[upkeep]\n|upkeep\n|turn|19\n|\n|t:|1698021587\n|move|p1a: Masquerain|Surf|p2a: Tinkaton\n|-damage|p2a: Tinkaton|60\/100\n|move|p2a: Tinkaton|Gigaton Hammer|p1a: Masquerain\n|-damage|p1a: Masquerain|0 fnt\n|faint|p1a: Masquerain\n|\n|-weather|Snow|[upkeep]\n|upkeep\n|j| TheOtakuOutcast\n|\n|t:|1698021602\n|switch|p1a: Slowking|Slowking-Galar, M|100\/100\n|turn|20\n|l| MonkeyManStan\n|\n|t:|1698021610\n|move|p2a: Tinkaton|Knock Off|p1a: Slowking\n|-supereffective|p1a: Slowking\n|-damage|p1a: Slowking|75\/100\n|-enditem|p1a: Slowking|Icy Rock|[from] move: Knock Off|[of] p2a: Tinkaton\n|move|p1a: Slowking|Trick Room|p1a: Slowking\n|-fieldstart|move: Trick Room|[of] p1a: Slowking\n|\n|-weather|Snow|[upkeep]\n|upkeep\n|turn|21\n|\n|t:|1698021620\n|move|p1a: Slowking|Chilly Reception|p1a: Slowking\n|\n|t:|1698021623\n|switch|p1a: Donphan|Donphan, F|91\/100|[from] Chilly Reception\n|move|p2a: Tinkaton|Gigaton Hammer|p1a: Donphan\n|-crit|p1a: Donphan\n|-damage|p1a: Donphan|54\/100\n|\n|-weather|Snow|[upkeep]\n|upkeep\n|turn|22\n|\n|t:|1698021641\n|switch|p2a: Great Tusk|Great Tusk|59\/100\n|move|p1a: Donphan|Stealth Rock|p2a: Great Tusk\n|-sidestart|p2: BPLD|move: Stealth Rock\n|\n|-weather|none\n|upkeep\n|turn|23\n|\n|t:|1698021652\n|move|p1a: Donphan|Earthquake|p2a: Great Tusk\n|-damage|p2a: Great Tusk|35\/100\n|move|p2a: Great Tusk|Rapid Spin|p1a: Donphan\n|-damage|p1a: Donphan|45\/100\n|-boost|p2a: Great Tusk|spe|1\n|-sideend|p2: BPLD|Stealth Rock|[from] move: Rapid Spin|[of] p2a: Great Tusk\n|\n|upkeep\n|turn|24\n|j| Mr. Cip\n|\n|t:|1698021663\n|move|p1a: Donphan|Earthquake|p2a: Great Tusk\n|-damage|p2a: Great Tusk|8\/100\n|move|p2a: Great Tusk|Headlong Rush|p1a: Donphan\n|-damage|p1a: Donphan|13\/100\n|-unboost|p2a: Great Tusk|def|1\n|-unboost|p2a: Great Tusk|spd|1\n|\n|-fieldend|move: Trick Room\n|upkeep\n|turn|25\n|\n|t:|1698021678\n|move|p2a: Great Tusk|Headlong Rush|p1a: Donphan\n|-damage|p1a: Donphan|0 fnt\n|-unboost|p2a: Great Tusk|def|1\n|-unboost|p2a: Great Tusk|spd|1\n|faint|p1a: Donphan\n|\n|upkeep\n|\n|t:|1698021695\n|switch|p1a: Slowking|Slowking-Galar, M|100\/100\n|turn|26\n|\n|t:|1698021700\n|move|p2a: Great Tusk|Headlong Rush|p1a: Slowking\n|-supereffective|p1a: Slowking\n|-damage|p1a: Slowking|21\/100\n|-unboost|p2a: Great Tusk|def|1\n|-unboost|p2a: Great Tusk|spd|1\n|move|p1a: Slowking|Trick Room|p1a: Slowking\n|-fieldstart|move: Trick Room|[of] p1a: Slowking\n|\n|upkeep\n|turn|27\n|\n|t:|1698021711\n|-end|p2a: Great Tusk|Protosynthesis|[silent]\n|switch|p2a: Tinkaton|Tinkaton, F|60\/100\n|-ability|p2a: Tinkaton|Mold Breaker\n|move|p1a: Slowking|Psychic|p2a: Tinkaton\n|-resisted|p2a: Tinkaton\n|-damage|p2a: Tinkaton|44\/100\n|\n|upkeep\n|turn|28\n|\n|t:|1698021721\n|move|p1a: Slowking|Psychic|p2a: Tinkaton\n|-resisted|p2a: Tinkaton\n|-damage|p2a: Tinkaton|30\/100\n|move|p2a: Tinkaton|Knock Off|p1a: Slowking\n|-supereffective|p1a: Slowking\n|-damage|p1a: Slowking|4\/100\n|\n|upkeep\n|turn|29\n|\n|t:|1698021732\n|move|p1a: Slowking|Psychic|p2a: Tinkaton\n|-resisted|p2a: Tinkaton\n|-damage|p2a: Tinkaton|15\/100\n|move|p2a: Tinkaton|Knock Off|p1a: Slowking\n|-supereffective|p1a: Slowking\n|-damage|p1a: Slowking|0 fnt\n|faint|p1a: Slowking\n|\n|upkeep\n|\n|t:|1698021737\n|switch|p1a: Hoopa|Hoopa|100\/100\n|-item|p1a: Hoopa|Air Balloon\n|turn|30\n|\n|t:|1698021761\n|switch|p2a: Great Tusk|Great Tusk|8\/100\n|move|p1a: Hoopa|Shadow Ball|p2a: Great Tusk\n|-damage|p2a: Great Tusk|0 fnt\n|faint|p2a: Great Tusk\n|-end|p2a: Great Tusk|Protosynthesis|[silent]\n|\n|-fieldend|move: Trick Room\n|upkeep\n|\n|t:|1698021773\n|switch|p2a: Tinkaton|Tinkaton, F|15\/100\n|-ability|p2a: Tinkaton|Mold Breaker\n|turn|31\n|\n|t:|1698021787\n|-terastallize|p1a: Hoopa|Ghost\n|move|p2a: Tinkaton|Knock Off|p1a: Hoopa\n|-supereffective|p1a: Hoopa\n|-damage|p1a: Hoopa|48\/100\n|-enditem|p1a: Hoopa|Air Balloon\n|move|p1a: Hoopa|Trick Room|p1a: Hoopa\n|-fieldstart|move: Trick Room|[of] p1a: Hoopa\n|\n|upkeep\n|turn|32\n|\n|t:|1698021808\n|move|p1a: Hoopa|Shadow Ball|p2a: Tinkaton\n|-damage|p2a: Tinkaton|0 fnt\n|faint|p2a: Tinkaton\n|\n|upkeep\n|\n|t:|1698021813\n|switch|p2a: Lycanroc|Lycanroc, M|100\/100\n|turn|33\n|\n|t:|1698021823\n|move|p1a: Hoopa|Destiny Bond|p1a: Hoopa\n|-singlemove|p1a: Hoopa|Destiny Bond\n|move|p2a: Lycanroc|Rock Blast|p1a: Hoopa\n|-damage|p1a: Hoopa|32\/100\n|-damage|p1a: Hoopa|15\/100\n|-damage|p1a: Hoopa|0 fnt\n|faint|p1a: Hoopa\n|-activate|p1a: Hoopa|move: Destiny Bond\n|faint|p2a: Lycanroc\n|-hitcount|p1: Hoopa|3\n|\n|upkeep\n|\n|t:|1698021841\n|switch|p1a: Baxcalibur|Baxcalibur, F|100\/100\n|switch|p2a: Dusclops|Dusclops, M|82\/100 tox\n|-item|p1a: Baxcalibur|Loaded Dice|[from] ability: Frisk|[of] p2a: Dusclops|[identify]\n|turn|34\n|\n|t:|1698021849\n|move|p2a: Dusclops|Curse|p1a: Baxcalibur\n|-start|p1a: Baxcalibur|Curse|[of] p2a: Dusclops\n|-damage|p2a: Dusclops|32\/100 tox\n|move|p1a: Baxcalibur|Substitute|p1a: Baxcalibur\n|-start|p1a: Baxcalibur|Substitute\n|-damage|p1a: Baxcalibur|76\/100\n|\n|-damage|p2a: Dusclops|26\/100 tox|[from] psn\n|-damage|p1a: Baxcalibur|51\/100|[from] Curse\n|upkeep\n|turn|35\n|c|\u2606Vandenta|nice tech\n|c| Seior|LMAOOOOOOOOO\n|\n|t:|1698021881\n|move|p2a: Dusclops|Night Shade|p1a: Baxcalibur\n|-end|p1a: Baxcalibur|Substitute\n|move|p1a: Baxcalibur|Dragon Dance|p1a: Baxcalibur\n|-boost|p1a: Baxcalibur|atk|1\n|-boost|p1a: Baxcalibur|spe|1\n|\n|-damage|p2a: Dusclops|14\/100 tox|[from] psn\n|-damage|p1a: Baxcalibur|26\/100|[from] Curse\n|-fieldend|move: Trick Room\n|upkeep\n|turn|36\n|\n|t:|1698021891\n|move|p1a: Baxcalibur|Icicle Crash|p2a: Dusclops|[miss]\n|-miss|p1a: Baxcalibur|p2a: Dusclops\n|move|p2a: Dusclops|Memento|p1a: Baxcalibur\n|-unboost|p1a: Baxcalibur|atk|2\n|-unboost|p1a: Baxcalibur|spa|2\n|faint|p2a: Dusclops\n|\n|-damage|p1a: Baxcalibur|1\/100|[from] Curse\n|upkeep\n|\n|t:|1698021902\n|switch|p2a: Ogerpon|Ogerpon-Wellspring, F|78\/100\n|turn|37\n|\n|t:|1698021908\n|move|p1a: Baxcalibur|Icicle Crash|p2a: Ogerpon\n|-damage|p2a: Ogerpon|37\/100\n|cant|p2a: Ogerpon|flinch\n|\n|-damage|p1a: Baxcalibur|0 fnt|[from] Curse\n|faint|p1a: Baxcalibur\n|\n|win|BPLD\n|upkeep\n|l| PorygonTheBot\n|c|\u2606BPLD|ggs\n|c|\u2606Vandenta|ggs\n|l| Mr. Cip\n","uploadtime":1698021909,"views":24,"p1id":"vandenta","p2id":"bpld","formatid":"gen9ubers","rating":0,"private":0,"password":""}