{"id":"gen9ubers-2000133067","p1":"Skye10000","p2":"Donkelyn","format":"[Gen 9] Ubers","log":"|j|\u2606Skye10000\n|j|\u2606Donkelyn\n|t:|1701160704\n|gametype|singles\n|player|p1|Skye10000|169|\n|player|p2|Donkelyn|1|\n|teamsize|p1|6\n|teamsize|p2|6\n|gen|9\n|tier|[Gen 9] Ubers\n|rule|Sleep Clause Mod: Limit one foe put to sleep\n|rule|Species Clause: Limit one of each Pok\u00e9mon\n|rule|OHKO Clause: OHKO moves are banned\n|rule|Evasion Items Clause: Evasion items are banned\n|rule|Evasion Moves Clause: Evasion moves are banned\n|rule|Endless Battle Clause: Forcing endless battles is banned\n|rule|HP Percentage Mod: HP is shown in percentages\n|clearpoke\n|poke|p1|Annihilape, M|\n|poke|p1|Ting-Lu|\n|poke|p1|Sneasler, F|\n|poke|p1|Zapdos-Galar|\n|poke|p1|Zoroark-Hisui, M|\n|poke|p1|Arcanine-Hisui, F|\n|poke|p2|Torkoal, M|\n|poke|p2|Walking Wake|\n|poke|p2|Great Tusk|\n|poke|p2|Ceruledge, M|\n|poke|p2|Lilligant-Hisui, F|\n|poke|p2|Cinderace, F|\n|teampreview\n|\n|t:|1701160727\n|start\n|switch|p1a: henyx q1202|Sneasler, F|100\/100\n|switch|p2a: Teel Keel|Torkoal, M|100\/100\n|-weather|SunnyDay|[from] ability: Drought|[of] p2a: Teel Keel\n|turn|1\n|\n|t:|1701160735\n|move|p1a: henyx q1202|Dire Claw|p2a: Teel Keel\n|-damage|p2a: Teel Keel|77\/100\n|-status|p2a: Teel Keel|slp\n|cant|p2a: Teel Keel|slp\n|\n|-weather|SunnyDay|[upkeep]\n|upkeep\n|turn|2\n|\n|t:|1701160753\n|switch|p1a: micky strangle|Annihilape, M|100\/100\n|cant|p2a: Teel Keel|slp\n|\n|-weather|SunnyDay|[upkeep]\n|upkeep\n|turn|3\n|\n|t:|1701160759\n|move|p1a: micky strangle|Bulk Up|p1a: micky strangle\n|-boost|p1a: micky strangle|atk|1\n|-boost|p1a: micky strangle|def|1\n|cant|p2a: Teel Keel|slp\n|\n|-weather|SunnyDay|[upkeep]\n|upkeep\n|turn|4\n|\n|t:|1701160765\n|move|p1a: micky strangle|Bulk Up|p1a: micky strangle\n|-boost|p1a: micky strangle|atk|1\n|-boost|p1a: micky strangle|def|1\n|-curestatus|p2a: Teel Keel|slp|[msg]\n|move|p2a: Teel Keel|Stealth Rock|p1a: micky strangle\n|-sidestart|p1: Skye10000|move: Stealth Rock\n|\n|-weather|SunnyDay|[upkeep]\n|upkeep\n|turn|5\n|\n|t:|1701160780\n|move|p1a: micky strangle|Protect|p1a: micky strangle\n|-singleturn|p1a: micky strangle|Protect\n|move|p2a: Teel Keel|Yawn|p1a: micky strangle\n|-activate|p1a: micky strangle|move: Protect\n|\n|-weather|SunnyDay|[upkeep]\n|upkeep\n|turn|6\n|\n|t:|1701160790\n|move|p1a: micky strangle|Drain Punch|p2a: Teel Keel\n|-damage|p2a: Teel Keel|34\/100\n|move|p2a: Teel Keel|Yawn|p1a: micky strangle\n|-start|p1a: micky strangle|move: Yawn|[of] p2a: Teel Keel\n|\n|-weather|SunnyDay|[upkeep]\n|upkeep\n|turn|7\n|\n|t:|1701160800\n|switch|p2a: Ceel Eel|Ceruledge, M|100\/100\n|move|p1a: micky strangle|Drain Punch|p2a: Ceel Eel\n|-immune|p2a: Ceel Eel\n|\n|-weather|SunnyDay|[upkeep]\n|-end|p1a: micky strangle|move: Yawn|[silent]\n|-status|p1a: micky strangle|slp\n|upkeep\n|turn|8\n|\n|t:|1701160809\n|cant|p1a: micky strangle|slp\n|move|p2a: Ceel Eel|Swords Dance|p2a: Ceel Eel\n|-boost|p2a: Ceel Eel|atk|2\n|\n|-weather|none\n|upkeep\n|turn|9\n|\n|t:|1701160815\n|cant|p1a: micky strangle|slp\n|move|p2a: Ceel Eel|Swords Dance|p2a: Ceel Eel\n|-boost|p2a: Ceel Eel|atk|2\n|\n|upkeep\n|turn|10\n|\n|t:|1701160820\n|cant|p1a: micky strangle|slp\n|move|p2a: Ceel Eel|Bitter Blade|p1a: micky strangle\n|-damage|p1a: micky strangle|30\/100 slp\n|\n|-heal|p1a: micky strangle|36\/100 slp|[from] item: Leftovers\n|upkeep\n|turn|11\n|\n|t:|1701160834\n|-curestatus|p1a: micky strangle|slp|[msg]\n|move|p1a: micky strangle|Protect|p1a: micky strangle\n|-singleturn|p1a: micky strangle|Protect\n|move|p2a: Ceel Eel|Shadow Sneak|p1a: micky strangle\n|-activate|p1a: micky strangle|move: Protect\n|\n|-heal|p1a: micky strangle|42\/100|[from] item: Leftovers\n|upkeep\n|turn|12\n|\n|t:|1701160848\n|move|p2a: Ceel Eel|Shadow Sneak|p1a: micky strangle\n|-supereffective|p1a: micky strangle\n|-crit|p1a: micky strangle\n|-damage|p1a: micky strangle|0 fnt\n|faint|p1a: micky strangle\n|\n|upkeep\n|\n|t:|1701160870\n|switch|p1a: henyx q1202|Sneasler, F|100\/100\n|-damage|p1a: henyx q1202|95\/100|[from] Stealth Rock\n|turn|13\n|\n|t:|1701160876\n|move|p1a: henyx q1202|Dire Claw|p2a: Ceel Eel\n|-resisted|p2a: Ceel Eel\n|-damage|p2a: Ceel Eel|67\/100\n|-status|p2a: Ceel Eel|psn\n|-ability|p2a: Ceel Eel|Weak Armor|boost\n|-unboost|p2a: Ceel Eel|def|1\n|-boost|p2a: Ceel Eel|spe|2\n|move|p2a: Ceel Eel|Bitter Blade|p1a: henyx q1202\n|-damage|p1a: henyx q1202|0 fnt\n|-heal|p2a: Ceel Eel|100\/100 psn|[from] drain|[of] p1a: henyx q1202\n|faint|p1a: henyx q1202\n|\n|-damage|p2a: Ceel Eel|88\/100 psn|[from] psn\n|upkeep\n|\n|t:|1701160899\n|switch|p1a: wish.com pikmin|Arcanine-Hisui, F|100\/100\n|-damage|p1a: wish.com pikmin|88\/100|[from] Stealth Rock\n|turn|14\n|\n|t:|1701160916\n|move|p1a: wish.com pikmin|Protect|p1a: wish.com pikmin\n|-singleturn|p1a: wish.com pikmin|Protect\n|move|p2a: Ceel Eel|Bitter Blade|p1a: wish.com pikmin\n|-activate|p1a: wish.com pikmin|move: Protect\n|\n|-damage|p2a: Ceel Eel|76\/100 psn|[from] psn\n|upkeep\n|turn|15\n|\n|t:|1701160928\n|move|p2a: Ceel Eel|Bitter Blade|p1a: wish.com pikmin\n|-damage|p1a: wish.com pikmin|0 fnt\n|-heal|p2a: Ceel Eel|100\/100 psn|[from] drain|[of] p1a: wish.com pikmin\n|replace|p1a: strawberry soju|Zoroark-Hisui, M\n|-end|p1a: strawberry soju|Illusion\n|faint|p1a: strawberry soju\n|\n|-damage|p2a: Ceel Eel|88\/100 psn|[from] psn\n|upkeep\n|\n|t:|1701160945\n|switch|p1a: wish.com pikmin|Arcanine-Hisui, F|100\/100\n|-damage|p1a: wish.com pikmin|76\/100|[from] Stealth Rock\n|turn|16\n|\n|t:|1701160953\n|move|p2a: Ceel Eel|Solar Blade||[still]\n|-prepare|p2a: Ceel Eel|Solar Blade\n|move|p1a: wish.com pikmin|Head Smash|p2a: Ceel Eel|[miss]\n|-miss|p1a: wish.com pikmin|p2a: Ceel Eel\n|\n|-damage|p2a: Ceel Eel|76\/100 psn|[from] psn\n|upkeep\n|turn|17\n|\n|t:|1701160959\n|move|p2a: Ceel Eel|Solar Blade|p1a: wish.com pikmin|[from]lockedmove\n|-damage|p1a: wish.com pikmin|0 fnt\n|faint|p1a: wish.com pikmin\n|\n|-damage|p2a: Ceel Eel|63\/100 psn|[from] psn\n|upkeep\n|\n|t:|1701160965\n|switch|p1a: 35 illawarra st|Ting-Lu|100\/100\n|-damage|p1a: 35 illawarra st|94\/100|[from] Stealth Rock\n|-ability|p1a: 35 illawarra st|Vessel of Ruin\n|turn|18\n|\n|t:|1701160972\n|move|p2a: Ceel Eel|Bitter Blade|p1a: 35 illawarra st\n|-damage|p1a: 35 illawarra st|31\/100\n|-heal|p2a: Ceel Eel|100\/100 psn|[from] drain|[of] p1a: 35 illawarra st\n|move|p1a: 35 illawarra st|Earthquake|p2a: Ceel Eel\n|-supereffective|p2a: Ceel Eel\n|-enditem|p2a: Ceel Eel|Focus Sash\n|-damage|p2a: Ceel Eel|1\/100 psn\n|-ability|p2a: Ceel Eel|Weak Armor|boost\n|-unboost|p2a: Ceel Eel|def|1\n|-boost|p2a: Ceel Eel|spe|2\n|\n|-damage|p2a: Ceel Eel|0 fnt|[from] psn\n|faint|p2a: Ceel Eel\n|upkeep\n|\n|t:|1701160984\n|switch|p2a: Teel Keel|Torkoal, M|34\/100\n|-weather|SunnyDay|[from] ability: Drought|[of] p2a: Teel Keel\n|turn|19\n|\n|t:|1701160991\n|move|p1a: 35 illawarra st|Earthquake|p2a: Teel Keel\n|-supereffective|p2a: Teel Keel\n|-damage|p2a: Teel Keel|0 fnt\n|faint|p2a: Teel Keel\n|\n|-weather|SunnyDay|[upkeep]\n|upkeep\n|\n|t:|1701160995\n|switch|p2a: Weel Weel|Walking Wake|100\/100\n|-activate|p2a: Weel Weel|ability: Protosynthesis\n|-start|p2a: Weel Weel|protosynthesisspe\n|turn|20\n|\n|t:|1701161029\n|move|p2a: Weel Weel|Flip Turn|p1a: 35 illawarra st\n|-supereffective|p1a: 35 illawarra st\n|-damage|p1a: 35 illawarra st|24\/100\n|\n|t:|1701161039\n|-end|p2a: Weel Weel|Protosynthesis|[silent]\n|switch|p2a: Leel Geel Heel|Lilligant-Hisui, F|100\/100|[from] Flip Turn\n|move|p1a: 35 illawarra st|Body Press|p2a: Leel Geel Heel\n|-damage|p2a: Leel Geel Heel|56\/100\n|\n|-weather|SunnyDay|[upkeep]\n|-heal|p2a: Leel Geel Heel|62\/100|[from] item: Leftovers\n|upkeep\n|turn|21\n|c|\u2606Donkelyn|!weak Lilligant-Hisui\n|c| Donkelyn|\/raw <div class=\"infobox\">Lilligant-Hisui (ignoring abilities):<br \/><span class=\"message-effect-weak\">Weaknesses<\/span>: Fairy, Fire, <b>Flying<\/b>, Ice, Poison, Psychic<br \/><span class=\"message-effect-resist\">Resistances<\/span>: Dark, Electric, Grass, Ground, Rock, Water<br \/><span class=\"message-effect-immune\">Immunities<\/span>: Powder moves<\/div>\n|\n|t:|1701161082\n|move|p2a: Leel Geel Heel|Victory Dance|p2a: Leel Geel Heel\n|-boost|p2a: Leel Geel Heel|atk|1\n|-boost|p2a: Leel Geel Heel|def|1\n|-boost|p2a: Leel Geel Heel|spe|1\n|move|p1a: 35 illawarra st|Heavy Slam|p2a: Leel Geel Heel\n|-damage|p2a: Leel Geel Heel|27\/100\n|\n|-weather|SunnyDay|[upkeep]\n|-heal|p2a: Leel Geel Heel|33\/100|[from] item: Leftovers\n|upkeep\n|turn|22\n|\n|t:|1701161092\n|move|p2a: Leel Geel Heel|Solar Blade||[still]\n|-prepare|p2a: Leel Geel Heel|Solar Blade\n|-anim|p2a: Leel Geel Heel|Solar Blade|p1a: 35 illawarra st\n|-supereffective|p1a: 35 illawarra st\n|-damage|p1a: 35 illawarra st|0 fnt\n|faint|p1a: 35 illawarra st\n|\n|-weather|SunnyDay|[upkeep]\n|-heal|p2a: Leel Geel Heel|39\/100|[from] item: Leftovers\n|upkeep\n|\n|t:|1701161099\n|switch|p1a: iget bar|Zapdos-Galar|100\/100\n|-damage|p1a: iget bar|88\/100|[from] Stealth Rock\n|turn|23\n|\n|t:|1701161107\n|move|p1a: iget bar|Protect|p1a: iget bar\n|-singleturn|p1a: iget bar|Protect\n|move|p2a: Leel Geel Heel|Ice Spinner|p1a: iget bar\n|-activate|p1a: iget bar|move: Protect\n|\n|-weather|SunnyDay|[upkeep]\n|-heal|p2a: Leel Geel Heel|45\/100|[from] item: Leftovers\n|upkeep\n|turn|24\n|\n|t:|1701161126\n|move|p2a: Leel Geel Heel|Ice Spinner|p1a: iget bar\n|-supereffective|p1a: iget bar\n|-damage|p1a: iget bar|3\/100\n|move|p1a: iget bar|Thunderous Kick|p2a: Leel Geel Heel\n|-crit|p2a: Leel Geel Heel\n|-damage|p2a: Leel Geel Heel|0 fnt\n|faint|p2a: Leel Geel Heel\n|\n|-weather|SunnyDay|[upkeep]\n|upkeep\n|\n|t:|1701161133\n|switch|p2a: Ceel|Cinderace, F|100\/100\n|turn|25\n|\n|t:|1701161139\n|move|p1a: iget bar|Protect|p1a: iget bar\n|-singleturn|p1a: iget bar|Protect\n|move|p2a: Ceel|Sucker Punch||[still]\n|-fail|p2a: Ceel\n|\n|-weather|SunnyDay|[upkeep]\n|upkeep\n|turn|26\n|\n|t:|1701161148\n|-terastallize|p1a: iget bar|Fighting\n|move|p2a: Ceel|Sucker Punch|p1a: iget bar\n|-start|p2a: Ceel|typechange|Dark|[from] ability: Libero\n|-resisted|p1a: iget bar\n|-damage|p1a: iget bar|0 fnt\n|faint|p1a: iget bar\n|\n|win|Donkelyn\n","uploadtime":1701161159,"views":2,"p1id":"skye10000","p2id":"donkelyn","formatid":"gen9ubers","rating":0,"private":0,"password":""}