{"id":"gen9ubers-1986868111","p1":"Axahadron","p2":"mrpiko96","format":"[Gen 9] Ubers","log":"|j|\u2606Axahadron\n|j|\u2606mrpiko96\n|inactive|Battle timer is ON: inactive players will automatically lose when time's up.\n|t:|1699535969\n|gametype|singles\n|player|p1|Axahadron|silver-masters|\n|player|p2|mrpiko96|cynthia|\n|teamsize|p1|6\n|teamsize|p2|6\n|gen|9\n|tier|[Gen 9] Ubers\n|rated|Tournament battle\n|rule|Sleep Clause Mod: Limit one foe put to sleep\n|rule|Species Clause: Limit one of each Pok\u00e9mon\n|rule|OHKO Clause: OHKO moves are banned\n|rule|Evasion Items Clause: Evasion items are banned\n|rule|Evasion Moves Clause: Evasion moves are banned\n|rule|Endless Battle Clause: Forcing endless battles is banned\n|rule|HP Percentage Mod: HP is shown in percentages\n|clearpoke\n|poke|p1|Baxcalibur, F|\n|poke|p1|Arceus-Dragon|\n|poke|p1|Dragonite, F|\n|poke|p1|Altaria, F|\n|poke|p1|Roaring Moon|\n|poke|p1|Koraidon|\n|poke|p2|Arceus-Dragon|\n|poke|p2|Baxcalibur, M|\n|poke|p2|Dialga|\n|poke|p2|Eternatus|\n|poke|p2|Giratina-Origin|\n|poke|p2|Koraidon|\n|teampreview\n|j|*Lady Monita \u263d\n|\n|t:|1699535987\n|start\n|switch|p1a: Koraidon|Koraidon|100\/100\n|switch|p2a: Arceus|Arceus-Dragon|100\/100\n|-weather|SunnyDay|[from] ability: Orichalcum Pulse|[of] p1a: Koraidon\n|-activate|p1a: Koraidon|Orichalcum Pulse|[source]\n|turn|1\n|\n|t:|1699536008\n|move|p1a: Koraidon|U-turn|p2a: Arceus\n|-damage|p2a: Arceus|62\/100\n|\n|t:|1699536011\n|switch|p1a: Dragonite|Dragonite, F|100\/100|[from] U-turn\n|move|p2a: Arceus|Dragon Dance|p2a: Arceus\n|-boost|p2a: Arceus|atk|1\n|-boost|p2a: Arceus|spe|1\n|\n|-weather|SunnyDay|[upkeep]\n|upkeep\n|turn|2\n|j| Plasmic Cosmos\n|\n|t:|1699536022\n|move|p2a: Arceus|Dragon Claw|p1a: Dragonite\n|-supereffective|p1a: Dragonite\n|-damage|p1a: Dragonite|42\/100\n|-damage|p2a: Arceus|46\/100|[from] item: Rocky Helmet|[of] p1a: Dragonite\n|move|p1a: Dragonite|Outrage|p2a: Arceus\n|-supereffective|p2a: Arceus\n|-damage|p2a: Arceus|0 fnt\n|faint|p2a: Arceus\n|\n|-weather|SunnyDay|[upkeep]\n|upkeep\n|\n|t:|1699536038\n|switch|p2a: Baxcalibur|Baxcalibur, M|100\/100\n|turn|3\n|\n|t:|1699536053\n|move|p2a: Baxcalibur|Icicle Spear|p1a: Dragonite\n|-supereffective|p1a: Dragonite\n|-damage|p1a: Dragonite|0 fnt\n|faint|p1a: Dragonite\n|-hitcount|p1: Dragonite|1\n|\n|-weather|SunnyDay|[upkeep]\n|upkeep\n|j| Dearest Deerling\n|\n|t:|1699536060\n|switch|p1a: Koraidon|Koraidon|100\/100\n|-activate|p1a: Koraidon|ability: Orichalcum Pulse\n|turn|4\n|\n|t:|1699536066\n|move|p1a: Koraidon|Collision Course|p2a: Baxcalibur\n|-supereffective|p2a: Baxcalibur\n|-damage|p2a: Baxcalibur|0 fnt\n|faint|p2a: Baxcalibur\n|\n|-weather|SunnyDay|[upkeep]\n|upkeep\n|j| Rwaon\n|l| Rwaon\n|\n|t:|1699536085\n|switch|p2a: Dialga|Dialga|100\/100\n|-ability|p2a: Dialga|Pressure\n|turn|5\n|\n|t:|1699536096\n|move|p2a: Dialga|Dragon Pulse|p1a: Koraidon\n|-supereffective|p1a: Koraidon\n|-damage|p1a: Koraidon|0 fnt\n|faint|p1a: Koraidon\n|\n|-weather|none\n|upkeep\n|\n|t:|1699536102\n|switch|p1a: Altaria|Altaria, F|100\/100\n|turn|6\n|\n|t:|1699536109\n|-terastallize|p1a: Altaria|Fairy\n|move|p2a: Dialga|Dragon Pulse|p1a: Altaria\n|-immune|p1a: Altaria\n|move|p1a: Altaria|Moonblast|p2a: Dialga\n|-damage|p2a: Dialga|64\/100\n|\n|upkeep\n|turn|7\n|\n|t:|1699536128\n|switch|p2a: Eternatus|Eternatus|100\/100\n|-ability|p2a: Eternatus|Pressure\n|move|p1a: Altaria|Draco Meteor|p2a: Eternatus\n|-supereffective|p2a: Eternatus\n|-damage|p2a: Eternatus|39\/100\n|-unboost|p1a: Altaria|spa|2\n|\n|upkeep\n|turn|8\n|\n|t:|1699536146\n|switch|p1a: Arceus|Arceus-Dragon|100\/100\n|move|p2a: Eternatus|Toxic|p1a: Arceus\n|-status|p1a: Arceus|tox\n|\n|-damage|p1a: Arceus|94\/100 tox|[from] psn\n|upkeep\n|turn|9\n|inactive|mrpiko96 has 120 seconds left.\n|\n|t:|1699536167\n|move|p2a: Eternatus|Dynamax Cannon|p1a: Arceus\n|-supereffective|p1a: Arceus\n|-damage|p1a: Arceus|37\/100 tox\n|move|p1a: Arceus|Judgment|p2a: Eternatus\n|-supereffective|p2a: Eternatus\n|-damage|p2a: Eternatus|0 fnt\n|faint|p2a: Eternatus\n|\n|-damage|p1a: Arceus|25\/100 tox|[from] psn\n|upkeep\n|inactive|mrpiko96 has 120 seconds left.\n|\n|t:|1699536193\n|switch|p2a: Dialga|Dialga|64\/100\n|-ability|p2a: Dialga|Pressure\n|turn|10\n|\n|t:|1699536204\n|move|p2a: Dialga|Dragon Pulse|p1a: Arceus\n|-supereffective|p1a: Arceus\n|-damage|p1a: Arceus|0 fnt\n|faint|p1a: Arceus\n|\n|upkeep\n|\n|t:|1699536219\n|switch|p1a: Altaria|Altaria, F, tera:Fairy|100\/100\n|turn|11\n|inactive|mrpiko96 has 120 seconds left.\n|j| Bunnysai\n|\n|t:|1699536243\n|move|p2a: Dialga|Dragon Pulse|p1a: Altaria\n|-immune|p1a: Altaria\n|move|p1a: Altaria|Draco Meteor|p2a: Dialga\n|-damage|p2a: Dialga|18\/100\n|-unboost|p1a: Altaria|spa|2\n|\n|upkeep\n|turn|12\n|\n|t:|1699536253\n|switch|p2a: Koraidon|Koraidon|100\/100\n|-weather|SunnyDay|[from] ability: Orichalcum Pulse|[of] p2a: Koraidon\n|-activate|p2a: Koraidon|Orichalcum Pulse|[source]\n|move|p1a: Altaria|Moonblast|p2a: Koraidon\n|-supereffective|p2a: Koraidon\n|-damage|p2a: Koraidon|25\/100\n|\n|-weather|SunnyDay|[upkeep]\n|upkeep\n|turn|13\n|inactive|mrpiko96 has 120 seconds left.\n|\n|t:|1699536269\n|move|p2a: Koraidon|Swords Dance|p2a: Koraidon\n|-boost|p2a: Koraidon|atk|2\n|move|p1a: Altaria|Moonblast|p2a: Koraidon\n|-supereffective|p2a: Koraidon\n|-damage|p2a: Koraidon|0 fnt\n|faint|p2a: Koraidon\n|\n|-weather|SunnyDay|[upkeep]\n|upkeep\n|l|\u2606mrpiko96\n|inactive|mrpiko96 disconnected and has a minute to reconnect!\n|player|p2|\n|inactive|mrpiko96 has 30 seconds to reconnect!\n|inactive|mrpiko96 has 20 seconds to reconnect!\n|inactive|mrpiko96 has 15 seconds to reconnect!\n|inactive|mrpiko96 has 10 seconds to reconnect!\n|c|\u2606Axahadron|._.\n|inactive|mrpiko96 has 5 seconds to reconnect!\n|-message|mrpiko96 lost due to inactivity.\n|\n|win|Axahadron\n|n|\u2606Axahadron|axahadron\n|n|*Lady Monita \u263d|ladymonita\n|n| Plasmic Cosmos|plasmiccosmos\n|n| Dearest Deerling|dearestdeerling\n|n| Bunnysai|bunnysai\n","uploadtime":1699536335,"views":5,"p1id":"axahadron","p2id":"mrpiko96","formatid":"gen9ubers","rating":0,"private":0,"password":""}