{"id":"gen9ubers-1968237064","p1":"XpokVEVO","p2":"Hakurei Aquarius","format":"[Gen 9] Ubers","log":"|j|\u2606XpokVEVO\n|j|\u2606Hakurei Aquarius\n|t:|1697397754\n|gametype|singles\n|player|p1|XpokVEVO|marshal|\n|player|p2|Hakurei Aquarius|gloria|\n|teamsize|p1|6\n|teamsize|p2|6\n|gen|9\n|tier|[Gen 9] Ubers\n|rule|Sleep Clause Mod: Limit one foe put to sleep\n|rule|Species Clause: Limit one of each Pok\u00e9mon\n|rule|OHKO Clause: OHKO moves are banned\n|rule|Evasion Items Clause: Evasion items are banned\n|rule|Evasion Moves Clause: Evasion moves are banned\n|rule|Endless Battle Clause: Forcing endless battles is banned\n|rule|HP Percentage Mod: HP is shown in percentages\n|clearpoke\n|poke|p1|Arceus-Fire|\n|poke|p1|Shaymin-Sky|\n|poke|p1|Palkia-Origin|\n|poke|p1|Cyclizar, F|\n|poke|p1|Espathra, F|\n|poke|p1|Magearna|\n|poke|p2|Magearna|\n|poke|p2|Garchomp, F|\n|poke|p2|Chi-Yu|\n|poke|p2|Arceus-Grass|\n|poke|p2|Palkia-Origin|\n|poke|p2|Donphan, F|\n|teampreview\n|inactive|Battle timer is ON: inactive players will automatically lose when time's up. (requested by Hakurei Aquarius)\n|inactive|XpokVEVO has 270 seconds left.\n|inactive|Hakurei Aquarius has 270 seconds left.\n|\n|t:|1697397788\n|start\n|switch|p1a: Cyclizar|Cyclizar, F|100\/100\n|switch|p2a: Chi-Yu|Chi-Yu|100\/100\n|-ability|p2a: Chi-Yu|Beads of Ruin\n|turn|1\n|\n|t:|1697397797\n|move|p2a: Chi-Yu|Dark Pulse|p1a: Cyclizar\n|-damage|p1a: Cyclizar|26\/100\n|move|p1a: Cyclizar|Shed Tail|p1a: Cyclizar\n|-fail|p1a: Cyclizar|move: Shed Tail|[weak]\n|\n|upkeep\n|turn|2\n|c|\u2606XpokVEVO|Bsrely\n|c|\u2606Hakurei Aquarius|Yea nah\n|\n|t:|1697397811\n|move|p2a: Chi-Yu|Dark Pulse|p1a: Cyclizar\n|-damage|p1a: Cyclizar|0 fnt\n|faint|p1a: Cyclizar\n|\n|upkeep\n|\n|t:|1697397827\n|switch|p1a: Espathra|Espathra, F|100\/100\n|turn|3\n|\n|t:|1697397833\n|switch|p2a: Donphan|Donphan, F|100\/100\n|move|p1a: Espathra|Protect||[still]\n|-fail|p1a: Espathra\n|\n|-ability|p1a: Espathra|Speed Boost|boost\n|-boost|p1a: Espathra|spe|1\n|upkeep\n|turn|4\n|\n|t:|1697397842\n|switch|p1a: Shaymin|Shaymin-Sky, shiny|100\/100\n|move|p2a: Donphan|Knock Off|p1a: Shaymin\n|-damage|p1a: Shaymin|55\/100\n|-enditem|p1a: Shaymin|Life Orb|[from] move: Knock Off|[of] p2a: Donphan\n|\n|upkeep\n|turn|5\n|\n|t:|1697397845\n|move|p2a: Donphan|Ice Shard|p1a: Shaymin\n|-supereffective|p1a: Shaymin\n|-damage|p1a: Shaymin|0 fnt\n|faint|p1a: Shaymin\n|\n|upkeep\n|\n|t:|1697397850\n|switch|p1a: Palkia|Palkia-Origin|100\/100\n|-ability|p1a: Palkia|Pressure\n|turn|6\n|\n|t:|1697397857\n|switch|p2a: Palkia|Palkia-Origin|100\/100\n|-ability|p2a: Palkia|Pressure\n|move|p1a: Palkia|Substitute|p1a: Palkia\n|-start|p1a: Palkia|Substitute\n|-damage|p1a: Palkia|76\/100\n|\n|upkeep\n|turn|7\n|\n|t:|1697397859\n|move|p2a: Palkia|Spacial Rend|p1a: Palkia\n|-supereffective|p1a: Palkia\n|-end|p1a: Palkia|Substitute\n|move|p1a: Palkia|Draco Meteor|p2a: Palkia\n|-supereffective|p2a: Palkia\n|-damage|p2a: Palkia|0 fnt\n|-unboost|p1a: Palkia|spa|2\n|faint|p2a: Palkia\n|\n|upkeep\n|\n|t:|1697397862\n|switch|p2a: Magearna|Magearna|100\/100\n|turn|8\n|\n|t:|1697397866\n|move|p1a: Palkia|Thunder Wave|p2a: Magearna\n|-status|p2a: Magearna|par\n|move|p2a: Magearna|Spikes|p1a: Palkia\n|-sidestart|p1: XpokVEVO|Spikes\n|\n|upkeep\n|turn|9\n|\n|t:|1697397872\n|switch|p1a: Arceus-Fight\u0131ng|Arceus-Fire, shiny|100\/100\n|-damage|p1a: Arceus-Fight\u0131ng|88\/100|[from] Spikes\n|cant|p2a: Magearna|par\n|\n|upkeep\n|turn|10\n|\n|t:|1697397880\n|move|p1a: Arceus-Fight\u0131ng|Dragon Dance|p1a: Arceus-Fight\u0131ng\n|-boost|p1a: Arceus-Fight\u0131ng|atk|1\n|-boost|p1a: Arceus-Fight\u0131ng|spe|1\n|move|p2a: Magearna|Thunder Wave|p1a: Arceus-Fight\u0131ng\n|-status|p1a: Arceus-Fight\u0131ng|par\n|\n|upkeep\n|turn|11\n|\n|t:|1697397885\n|move|p1a: Arceus-Fight\u0131ng|Dragon Dance|p1a: Arceus-Fight\u0131ng\n|-boost|p1a: Arceus-Fight\u0131ng|atk|1\n|-boost|p1a: Arceus-Fight\u0131ng|spe|1\n|cant|p2a: Magearna|par\n|\n|upkeep\n|turn|12\n|\n|t:|1697397890\n|move|p1a: Arceus-Fight\u0131ng|Dragon Dance|p1a: Arceus-Fight\u0131ng\n|-boost|p1a: Arceus-Fight\u0131ng|atk|1\n|-boost|p1a: Arceus-Fight\u0131ng|spe|1\n|move|p2a: Magearna|Spikes|p1a: Arceus-Fight\u0131ng\n|-sidestart|p1: XpokVEVO|Spikes\n|\n|upkeep\n|turn|13\n|\n|t:|1697397896\n|move|p1a: Arceus-Fight\u0131ng|Flare Blitz|p2a: Magearna\n|-supereffective|p2a: Magearna\n|-damage|p2a: Magearna|0 fnt\n|faint|p2a: Magearna\n|-damage|p1a: Arceus-Fight\u0131ng|57\/100 par|[from] Recoil\n|\n|upkeep\n|\n|t:|1697397899\n|switch|p2a: Donphan|Donphan, F|100\/100\n|turn|14\n|\n|t:|1697397903\n|-terastallize|p1a: Arceus-Fight\u0131ng|Fairy\n|move|p1a: Arceus-Fight\u0131ng|Tera Blast|p2a: Donphan|[anim] Tera Blast Fairy\n|-damage|p2a: Donphan|31\/100\n|move|p2a: Donphan|Earthquake|p1a: Arceus-Fight\u0131ng\n|-damage|p1a: Arceus-Fight\u0131ng|16\/100 par\n|\n|upkeep\n|turn|15\n|\n|t:|1697397908\n|move|p2a: Donphan|Ice Shard|p1a: Arceus-Fight\u0131ng\n|-damage|p1a: Arceus-Fight\u0131ng|5\/100 par\n|move|p1a: Arceus-Fight\u0131ng|Tera Blast|p2a: Donphan|[anim] Tera Blast Fairy\n|-damage|p2a: Donphan|0 fnt\n|faint|p2a: Donphan\n|\n|upkeep\n|\n|t:|1697397913\n|switch|p2a: Arceus|Arceus-Grass|100\/100\n|turn|16\n|\n|t:|1697397916\n|move|p1a: Arceus-Fight\u0131ng|Flare Blitz|p2a: Arceus\n|-supereffective|p2a: Arceus\n|-crit|p2a: Arceus\n|-damage|p2a: Arceus|0 fnt\n|faint|p2a: Arceus\n|-damage|p1a: Arceus-Fight\u0131ng|0 fnt|[from] Recoil\n|faint|p1a: Arceus-Fight\u0131ng\n|\n|upkeep\n|\n|t:|1697397927\n|switch|p2a: Garchomp|Garchomp, F|100\/100\n|switch|p1a: Palkia|Palkia-Origin|76\/100\n|-damage|p1a: Palkia|59\/100|[from] Spikes\n|-ability|p1a: Palkia|Pressure\n|turn|17\n|\n|t:|1697397936\n|-terastallize|p2a: Garchomp|Steel\n|move|p1a: Palkia|Draco Meteor|p2a: Garchomp\n|-resisted|p2a: Garchomp\n|-damage|p2a: Garchomp|52\/100\n|-unboost|p1a: Palkia|spa|2\n|move|p2a: Garchomp|Scale Shot|p1a: Palkia\n|-supereffective|p1a: Palkia\n|-damage|p1a: Palkia|31\/100\n|-supereffective|p1a: Palkia\n|-damage|p1a: Palkia|1\/100\n|-supereffective|p1a: Palkia\n|-damage|p1a: Palkia|0 fnt\n|faint|p1a: Palkia\n|-hitcount|p1: Palkia|3\n|-unboost|p2a: Garchomp|def|1\n|-boost|p2a: Garchomp|spe|1\n|\n|upkeep\n|\n|t:|1697397943\n|switch|p1a: Magearna|Magearna|100\/100\n|-damage|p1a: Magearna|84\/100|[from] Spikes\n|turn|18\n|\n|t:|1697397949\n|move|p2a: Garchomp|Earthquake|p1a: Magearna\n|-supereffective|p1a: Magearna\n|-damage|p1a: Magearna|0 fnt\n|faint|p1a: Magearna\n|\n|upkeep\n|\n|t:|1697397952\n|switch|p1a: Espathra|Espathra, F|100\/100\n|-damage|p1a: Espathra|84\/100|[from] Spikes\n|turn|19\n|\n|t:|1697397954\n|move|p1a: Espathra|Protect|p1a: Espathra\n|-singleturn|p1a: Espathra|Protect\n|move|p2a: Garchomp|Swords Dance|p2a: Garchomp\n|-boost|p2a: Garchomp|atk|2\n|\n|-ability|p1a: Espathra|Speed Boost|boost\n|-boost|p1a: Espathra|spe|1\n|upkeep\n|turn|20\n|\n|t:|1697397958\n|move|p1a: Espathra|Protect|p1a: Espathra\n|-singleturn|p1a: Espathra|Protect\n|move|p2a: Garchomp|Scale Shot|p1a: Espathra\n|-activate|p1a: Espathra|move: Protect\n|\n|-ability|p1a: Espathra|Speed Boost|boost\n|-boost|p1a: Espathra|spe|1\n|upkeep\n|turn|21\n|\n|t:|1697397968\n|move|p1a: Espathra|Stored Power|p2a: Garchomp\n|-resisted|p2a: Garchomp\n|-damage|p2a: Garchomp|37\/100\n|move|p2a: Garchomp|Scale Shot|p1a: Espathra\n|-damage|p1a: Espathra|46\/100\n|-damage|p1a: Espathra|2\/100\n|-damage|p1a: Espathra|0 fnt\n|faint|p1a: Espathra\n|-hitcount|p1: Espathra|3\n|\n|win|Hakurei Aquarius\n","uploadtime":1697397972,"views":20,"p1id":"xpokvevo","p2id":"hakureiaquarius","formatid":"gen9ubers","rating":0,"private":0,"password":""}