{"id":"gen9ubers-1981984475","p1":"JohnLongGone","p2":"yuramas","format":"[Gen 9] Ubers","log":"|j|\u2606JohnLongGone\n|j|\u2606yuramas\n|t:|1698957111\n|gametype|singles\n|player|p1|JohnLongGone|caitlin|\n|player|p2|yuramas|169|\n|teamsize|p1|6\n|teamsize|p2|6\n|gen|9\n|tier|[Gen 9] Ubers\n|rule|Sleep Clause Mod: Limit one foe put to sleep\n|rule|Species Clause: Limit one of each Pok\u00e9mon\n|rule|OHKO Clause: OHKO moves are banned\n|rule|Evasion Items Clause: Evasion items are banned\n|rule|Evasion Moves Clause: Evasion moves are banned\n|rule|Endless Battle Clause: Forcing endless battles is banned\n|rule|HP Percentage Mod: HP is shown in percentages\n|clearpoke\n|poke|p1|Palafin, F|\n|poke|p1|Magearna|\n|poke|p1|Zacian-*|\n|poke|p1|Arceus-Poison|\n|poke|p1|Garganacl, F|\n|poke|p1|Cresselia, F|\n|poke|p2|Dialga|\n|poke|p2|Ursaluna, M|\n|poke|p2|Magearna|\n|poke|p2|Landorus, M|\n|poke|p2|Zacian-*|\n|poke|p2|Arceus-Fire|\n|teampreview\n|inactive|Battle timer is ON: inactive players will automatically lose when time's up. (requested by JohnLongGone)\n|c|\u2606JohnLongGone|Glhf\n|c|\u2606yuramas|you too!\n|inactive|yuramas has 270 seconds left.\n|\n|t:|1698957159\n|start\n|switch|p1a: Arceus|Arceus-Poison|100\/100\n|switch|p2a: Dialga|Dialga|100\/100\n|-ability|p2a: Dialga|Pressure\n|turn|1\n|\n|t:|1698957167\n|move|p1a: Arceus|Taunt|p2a: Dialga\n|-start|p2a: Dialga|move: Taunt\n|cant|p2a: Dialga|move: Taunt|Trick Room\n|\n|upkeep\n|turn|2\n|\n|t:|1698957194\n|switch|p1a: Magearna|Magearna|100\/100\n|switch|p2a: Magearna|Magearna|100\/100\n|\n|upkeep\n|turn|3\n|\n|t:|1698957209\n|move|p1a: Magearna|Volt Switch|p2a: Magearna\n|-damage|p2a: Magearna|83\/100\n|\n|t:|1698957213\n|switch|p1a: Cresselia|Cresselia, F|100\/100|[from] Volt Switch\n|move|p2a: Magearna|Trick Room|p2a: Magearna\n|-fieldstart|move: Trick Room|[of] p2a: Magearna\n|\n|-heal|p2a: Magearna|89\/100|[from] item: Leftovers\n|upkeep\n|turn|4\n|\n|t:|1698957220\n|move|p2a: Magearna|Volt Switch|p1a: Cresselia\n|-damage|p1a: Cresselia|86\/100\n|\n|t:|1698957248\n|switch|p2a: Ursaluna|Ursaluna, M|100\/100|[from] Volt Switch\n|move|p1a: Cresselia|Calm Mind|p1a: Cresselia\n|-boost|p1a: Cresselia|spa|1\n|-boost|p1a: Cresselia|spd|1\n|\n|-heal|p1a: Cresselia|92\/100|[from] item: Leftovers\n|-status|p2a: Ursaluna|brn|[from] item: Flame Orb\n|upkeep\n|turn|5\n|\n|t:|1698957256\n|-terastallize|p1a: Cresselia|Ghost\n|move|p2a: Ursaluna|Facade|p1a: Cresselia\n|-immune|p1a: Cresselia\n|move|p1a: Cresselia|Calm Mind|p1a: Cresselia\n|-boost|p1a: Cresselia|spa|1\n|-boost|p1a: Cresselia|spd|1\n|\n|-heal|p1a: Cresselia|98\/100|[from] item: Leftovers\n|-damage|p2a: Ursaluna|94\/100 brn|[from] brn\n|upkeep\n|turn|6\n|\n|t:|1698957261\n|move|p2a: Ursaluna|Crunch|p1a: Cresselia\n|-supereffective|p1a: Cresselia\n|-damage|p1a: Cresselia|43\/100\n|-unboost|p1a: Cresselia|def|1\n|move|p1a: Cresselia|Calm Mind|p1a: Cresselia\n|-boost|p1a: Cresselia|spa|1\n|-boost|p1a: Cresselia|spd|1\n|\n|-heal|p1a: Cresselia|49\/100|[from] item: Leftovers\n|-damage|p2a: Ursaluna|88\/100 brn|[from] brn\n|upkeep\n|turn|7\n|inactive|JohnLongGone has 270 seconds left.\n|\n|t:|1698957300\n|switch|p1a: Garganacl|Garganacl, F|100\/100\n|move|p2a: Ursaluna|Crunch|p1a: Garganacl\n|-damage|p1a: Garganacl|75\/100\n|-unboost|p1a: Garganacl|def|1\n|\n|-heal|p1a: Garganacl|81\/100|[from] item: Leftovers\n|-damage|p2a: Ursaluna|82\/100 brn|[from] brn\n|-fieldend|move: Trick Room\n|upkeep\n|turn|8\n|inactive|JohnLongGone has 270 seconds left.\n|inactive|yuramas has 270 seconds left.\n|\n|t:|1698957340\n|switch|p2a: Landorus|Landorus, M|100\/100\n|move|p1a: Garganacl|Salt Cure|p2a: Landorus\n|-crit|p2a: Landorus\n|-damage|p2a: Landorus|79\/100\n|-start|p2a: Landorus|Salt Cure\n|\n|-heal|p1a: Garganacl|87\/100|[from] item: Leftovers\n|-damage|p2a: Landorus|67\/100|[from] Salt Cure\n|upkeep\n|turn|9\n|\n|t:|1698957360\n|switch|p2a: Magearna|Magearna|89\/100\n|switch|p1a: Cresselia|Cresselia, F, tera:Ghost|49\/100\n|\n|-heal|p1a: Cresselia|55\/100|[from] item: Leftovers\n|-heal|p2a: Magearna|95\/100|[from] item: Leftovers\n|upkeep\n|turn|10\n|\n|t:|1698957371\n|move|p1a: Cresselia|Moonlight|p1a: Cresselia\n|-heal|p1a: Cresselia|100\/100\n|move|p2a: Magearna|Trick Room|p2a: Magearna\n|-fieldstart|move: Trick Room|[of] p2a: Magearna\n|\n|-heal|p2a: Magearna|100\/100|[from] item: Leftovers\n|upkeep\n|turn|11\n|inactive|JohnLongGone has 270 seconds left.\n|\n|t:|1698957394\n|move|p2a: Magearna|Volt Switch|p1a: Cresselia\n|-damage|p1a: Cresselia|88\/100\n|\n|t:|1698957409\n|switch|p2a: Ursaluna|Ursaluna, M|82\/100 brn|[from] Volt Switch\n|move|p1a: Cresselia|Moonblast|p2a: Ursaluna\n|-damage|p2a: Ursaluna|68\/100 brn\n|\n|-heal|p1a: Cresselia|94\/100|[from] item: Leftovers\n|-damage|p2a: Ursaluna|62\/100 brn|[from] brn\n|upkeep\n|turn|12\n|\n|t:|1698957418\n|move|p2a: Ursaluna|Crunch|p1a: Cresselia\n|-supereffective|p1a: Cresselia\n|-damage|p1a: Cresselia|44\/100\n|move|p1a: Cresselia|Moonblast|p2a: Ursaluna\n|-damage|p2a: Ursaluna|45\/100 brn\n|-unboost|p2a: Ursaluna|spa|1\n|\n|-heal|p1a: Cresselia|50\/100|[from] item: Leftovers\n|-damage|p2a: Ursaluna|39\/100 brn|[from] brn\n|upkeep\n|turn|13\n|inactive|JohnLongGone has 270 seconds left.\n|inactive|yuramas has 270 seconds left.\n|\n|t:|1698957450\n|switch|p1a: Garganacl|Garganacl, F|87\/100\n|move|p2a: Ursaluna|Earthquake|p1a: Garganacl\n|-supereffective|p1a: Garganacl\n|-damage|p1a: Garganacl|0 fnt\n|faint|p1a: Garganacl\n|\n|-damage|p2a: Ursaluna|33\/100 brn|[from] brn\n|upkeep\n|inactive|JohnLongGone has 240 seconds left.\n|inactive|JohnLongGone has 210 seconds left.\n|\n|t:|1698957495\n|switch|p1a: Palafin|Palafin, F|100\/100\n|turn|14\n|\n|t:|1698957505\n|switch|p2a: Dialga|Dialga|100\/100\n|-ability|p2a: Dialga|Pressure\n|move|p1a: Palafin|Jet Punch|p2a: Dialga\n|-resisted|p2a: Dialga\n|-damage|p2a: Dialga|88\/100\n|\n|-fieldend|move: Trick Room\n|upkeep\n|turn|15\n|\n|t:|1698957513\n|detailschange|p1a: Palafin|Palafin-Hero, F\n|switch|p1a: Magearna|Magearna|100\/100\n|move|p2a: Dialga|Trick Room|p2a: Dialga\n|-fieldstart|move: Trick Room|[of] p2a: Dialga\n|\n|upkeep\n|turn|16\n|inactive|JohnLongGone has 210 seconds left.\n|\n|t:|1698957547\n|move|p2a: Dialga|Fire Blast|p1a: Magearna\n|-supereffective|p1a: Magearna\n|-damage|p1a: Magearna|57\/100\n|-status|p1a: Magearna|brn\n|move|p1a: Magearna|Encore|p2a: Dialga\n|-start|p2a: Dialga|Encore\n|\n|-heal|p1a: Magearna|63\/100 brn|[from] item: Leftovers\n|-damage|p1a: Magearna|57\/100 brn|[from] brn\n|upkeep\n|turn|17\n|inactive|JohnLongGone has 210 seconds left.\n|inactive|yuramas has 270 seconds left.\n|inactive|yuramas has 240 seconds left.\n|\n|t:|1698957600\n|switch|p1a: Palafin|Palafin-Hero, F|100\/100\n|-activate|p1a: Palafin|ability: Zero to Hero\n|switch|p2a: Magearna|Magearna|100\/100\n|\n|upkeep\n|turn|18\n|inactive|yuramas has 240 seconds left.\n|\n|t:|1698957615\n|switch|p1a: Arceus|Arceus-Poison|100\/100\n|move|p2a: Magearna|Volt Switch|p1a: Arceus\n|-damage|p1a: Arceus|87\/100\n|\n|t:|1698957624\n|switch|p2a: Landorus|Landorus, M|67\/100|[from] Volt Switch\n|\n|upkeep\n|turn|19\n|inactive|yuramas has 210 seconds left.\n|inactive|yuramas has 180 seconds left.\n|\n|t:|1698957684\n|switch|p2a: Zacian|Zacian|100\/100\n|-ability|p2a: Zacian|Intrepid Sword|boost\n|-boost|p2a: Zacian|atk|1\n|switch|p1a: Cresselia|Cresselia, F, tera:Ghost|50\/100\n|\n|-heal|p1a: Cresselia|56\/100|[from] item: Leftovers\n|-fieldend|move: Trick Room\n|upkeep\n|turn|20\n|\n|t:|1698957694\n|switch|p1a: Arceus|Arceus-Poison|87\/100\n|move|p2a: Zacian|Play Rough|p1a: Arceus\n|-resisted|p1a: Arceus\n|-damage|p1a: Arceus|62\/100\n|\n|upkeep\n|turn|21\n|inactive|JohnLongGone has 240 seconds left.\n|\n|t:|1698957702\n|switch|p2a: Magearna|Magearna|100\/100\n|move|p1a: Arceus|Recover|p1a: Arceus\n|-heal|p1a: Arceus|100\/100\n|\n|upkeep\n|turn|22\n|\n|t:|1698957718\n|move|p1a: Arceus|Taunt|p2a: Magearna\n|-start|p2a: Magearna|move: Taunt\n|move|p2a: Magearna|Volt Switch|p1a: Arceus\n|-damage|p1a: Arceus|87\/100\n|\n|t:|1698957726\n|switch|p2a: Arceus|Arceus-Fire|100\/100|[from] Volt Switch\n|\n|upkeep\n|turn|23\n|\n|t:|1698957736\n|move|p2a: Arceus|Dragon Dance|p2a: Arceus\n|-boost|p2a: Arceus|atk|1\n|-boost|p2a: Arceus|spe|1\n|move|p1a: Arceus|Taunt|p2a: Arceus\n|-start|p2a: Arceus|move: Taunt\n|\n|upkeep\n|turn|24\n|\n|t:|1698957756\n|move|p2a: Arceus|Earthquake|p1a: Arceus\n|-supereffective|p1a: Arceus\n|-damage|p1a: Arceus|26\/100\n|move|p1a: Arceus|Poison Jab|p2a: Arceus\n|-damage|p2a: Arceus|72\/100\n|\n|upkeep\n|turn|25\n|inactive|JohnLongGone has 240 seconds left.\n|inactive|yuramas has 180 seconds left.\n|\n|t:|1698957792\n|switch|p1a: Zacian|Zacian|100\/100\n|-ability|p1a: Zacian|Intrepid Sword|boost\n|-boost|p1a: Zacian|atk|1\n|move|p2a: Arceus|Earthquake|p1a: Zacian\n|-damage|p1a: Zacian|46\/100\n|\n|upkeep\n|turn|26\n|inactive|yuramas has 180 seconds left.\n|\n|t:|1698957809\n|-terastallize|p2a: Arceus|Normal\n|move|p2a: Arceus|Extreme Speed|p1a: Zacian\n|-damage|p1a: Zacian|0 fnt\n|faint|p1a: Zacian\n|\n|-end|p2a: Arceus|move: Taunt\n|upkeep\n|inactive|JohnLongGone has 210 seconds left.\n|\n|t:|1698957840\n|switch|p1a: Palafin|Palafin-Hero, F|100\/100\n|turn|27\n|inactive|yuramas has 180 seconds left.\n|inactive|yuramas has 150 seconds left.\n|\n|t:|1698957892\n|switch|p2a: Dialga|Dialga|88\/100\n|-ability|p2a: Dialga|Pressure\n|move|p1a: Palafin|Wave Crash|p2a: Dialga\n|-resisted|p2a: Dialga\n|-damage|p2a: Dialga|42\/100\n|-damage|p1a: Palafin|83\/100|[from] Recoil\n|\n|upkeep\n|turn|28\n|\n|t:|1698957905\n|move|p1a: Palafin|Wave Crash|p2a: Dialga\n|-resisted|p2a: Dialga\n|-damage|p2a: Dialga|0 fnt\n|faint|p2a: Dialga\n|-damage|p1a: Palafin|66\/100|[from] Recoil\n|\n|upkeep\n|inactive|yuramas has 120 seconds left.\n|\n|t:|1698957927\n|switch|p2a: Zacian|Zacian|100\/100\n|turn|29\n|inactive|JohnLongGone has 210 seconds left.\n|\n|t:|1698957939\n|switch|p1a: Magearna|Magearna|57\/100 brn\n|move|p2a: Zacian|Play Rough|p1a: Magearna\n|-resisted|p1a: Magearna\n|-damage|p1a: Magearna|28\/100 brn\n|\n|-heal|p1a: Magearna|34\/100 brn|[from] item: Leftovers\n|-damage|p1a: Magearna|28\/100 brn|[from] brn\n|upkeep\n|turn|30\n|inactive|JohnLongGone has 210 seconds left.\n|\n|t:|1698957949\n|move|p2a: Zacian|Play Rough|p1a: Magearna\n|-resisted|p1a: Magearna\n|-damage|p1a: Magearna|0 fnt\n|faint|p1a: Magearna\n|\n|upkeep\n|\n|t:|1698957953\n|switch|p1a: Arceus|Arceus-Poison|26\/100\n|turn|31\n|inactive|yuramas has 120 seconds left.\n|inactive|yuramas has 90 seconds left.\n|\n|t:|1698958021\n|switch|p2a: Magearna|Magearna|100\/100\n|move|p1a: Arceus|Recover|p1a: Arceus\n|-heal|p1a: Arceus|76\/100\n|\n|upkeep\n|turn|32\n|inactive|JohnLongGone has 210 seconds left.\n|\n|t:|1698958041\n|move|p1a: Arceus|Taunt|p2a: Magearna\n|-start|p2a: Magearna|move: Taunt\n|cant|p2a: Magearna|move: Taunt|Trick Room\n|\n|upkeep\n|turn|33\n|inactive|JohnLongGone has 210 seconds left.\n|\n|t:|1698958053\n|move|p1a: Arceus|Will-O-Wisp|p2a: Magearna\n|-status|p2a: Magearna|brn\n|move|p2a: Magearna|Volt Switch|p1a: Arceus\n|-damage|p1a: Arceus|62\/100\n|\n|t:|1698958060\n|switch|p2a: Arceus|Arceus-Fire, tera:Normal|72\/100|[from] Volt Switch\n|\n|upkeep\n|turn|34\n|inactive|yuramas has 90 seconds left.\n|inactive|yuramas has 60 seconds left.\n|\n|t:|1698958123\n|switch|p2a: Magearna|Magearna|100\/100 brn\n|move|p1a: Arceus|Will-O-Wisp|p2a: Magearna\n|-fail|p2a: Magearna|brn\n|\n|-damage|p2a: Magearna|94\/100 brn|[from] brn\n|upkeep\n|turn|35\n|\n|t:|1698958128\n|move|p1a: Arceus|Taunt|p2a: Magearna\n|-start|p2a: Magearna|move: Taunt\n|move|p2a: Magearna|Volt Switch|p1a: Arceus\n|-damage|p1a: Arceus|48\/100\n|inactive|yuramas has 60 seconds left.\n|inactive|yuramas has 30 seconds left.\n|inactive|yuramas has 20 seconds left.\n|inactive|yuramas has 15 seconds left.\n|\n|t:|1698958186\n|switch|p2a: Ursaluna|Ursaluna, M|33\/100 brn|[from] Volt Switch\n|\n|-damage|p2a: Ursaluna|27\/100 brn|[from] brn\n|upkeep\n|turn|36\n|inactive|yuramas has 25 seconds left this turn.\n|inactive|yuramas has 20 seconds left.\n|inactive|JohnLongGone has 240 seconds left.\n|inactive|yuramas has 15 seconds left.\n|\n|t:|1698958220\n|switch|p1a: Cresselia|Cresselia, F, tera:Ghost|56\/100\n|move|p2a: Ursaluna|Crunch|p1a: Cresselia\n|-supereffective|p1a: Cresselia\n|-damage|p1a: Cresselia|5\/100\n|\n|-heal|p1a: Cresselia|11\/100|[from] item: Leftovers\n|-damage|p2a: Ursaluna|21\/100 brn|[from] brn\n|upkeep\n|turn|37\n|inactive|yuramas has 25 seconds left this turn.\n|inactive|yuramas has 20 seconds left.\n|\n|t:|1698958234\n|move|p1a: Cresselia|Moonlight|p1a: Cresselia\n|-heal|p1a: Cresselia|61\/100\n|move|p2a: Ursaluna|Crunch|p1a: Cresselia\n|-supereffective|p1a: Cresselia\n|-damage|p1a: Cresselia|6\/100\n|-unboost|p1a: Cresselia|def|1\n|\n|-heal|p1a: Cresselia|12\/100|[from] item: Leftovers\n|-damage|p2a: Ursaluna|15\/100 brn|[from] brn\n|upkeep\n|turn|38\n|inactive|yuramas has 30 seconds left this turn.\n|\n|t:|1698958244\n|move|p1a: Cresselia|Moonlight|p1a: Cresselia\n|-heal|p1a: Cresselia|62\/100\n|move|p2a: Ursaluna|Crunch|p1a: Cresselia\n|-supereffective|p1a: Cresselia\n|-damage|p1a: Cresselia|0 fnt\n|faint|p1a: Cresselia\n|\n|-damage|p2a: Ursaluna|9\/100 brn|[from] brn\n|upkeep\n|\n|t:|1698958256\n|switch|p1a: Palafin|Palafin-Hero, F|66\/100\n|turn|39\n|\n|t:|1698958259\n|move|p1a: Palafin|Flip Turn|p2a: Ursaluna\n|-supereffective|p2a: Ursaluna\n|-damage|p2a: Ursaluna|0 fnt\n|faint|p2a: Ursaluna\n|\n|t:|1698958261\n|switch|p1a: Arceus|Arceus-Poison|48\/100|[from] Flip Turn\n|\n|upkeep\n|\n|t:|1698958265\n|switch|p2a: Landorus|Landorus, M|67\/100\n|turn|40\n|inactive|JohnLongGone has 240 seconds left.\n|\n|t:|1698958277\n|move|p1a: Arceus|Taunt|p2a: Landorus\n|-start|p2a: Landorus|move: Taunt\n|move|p2a: Landorus|Earth Power|p1a: Arceus\n|-supereffective|p1a: Arceus\n|-damage|p1a: Arceus|0 fnt\n|faint|p1a: Arceus\n|\n|upkeep\n|\n|t:|1698958282\n|switch|p1a: Palafin|Palafin-Hero, F|66\/100\n|turn|41\n|inactive|JohnLongGone has 240 seconds left.\n|\n|t:|1698958293\n|move|p1a: Palafin|Jet Punch|p2a: Landorus\n|-supereffective|p2a: Landorus\n|-damage|p2a: Landorus|0 fnt\n|faint|p2a: Landorus\n|\n|upkeep\n|\n|t:|1698958306\n|switch|p2a: Magearna|Magearna|94\/100 brn\n|turn|42\n|\n|t:|1698958313\n|move|p1a: Palafin|Jet Punch|p2a: Magearna\n|-damage|p2a: Magearna|56\/100 brn\n|move|p2a: Magearna|Volt Switch|p1a: Palafin\n|-supereffective|p1a: Palafin\n|-damage|p1a: Palafin|17\/100\n|\n|t:|1698958316\n|switch|p2a: Arceus|Arceus-Fire, tera:Normal|72\/100|[from] Volt Switch\n|\n|upkeep\n|turn|43\n|\n|t:|1698958318\n|move|p2a: Arceus|Extreme Speed|p1a: Palafin\n|-damage|p1a: Palafin|0 fnt\n|faint|p1a: Palafin\n|\n|win|yuramas\n|c|\u2606yuramas|gg\n","uploadtime":1698958322,"views":37,"p1id":"johnlonggone","p2id":"yuramas","formatid":"gen9ubers","rating":0,"private":0,"password":""}