{"id":"gen9ubers-1981505717","p1":"curtisthecacnea","p2":"Scottowo","format":"[Gen 9] Ubers","log":"|j|\u2606curtisthecacnea\n|j|\u2606Scottowo\n|t:|1698908559\n|gametype|singles\n|player|p1|curtisthecacnea|veteran|\n|player|p2|Scottowo|elesa-gen5bw2|\n|teamsize|p1|6\n|teamsize|p2|6\n|gen|9\n|tier|[Gen 9] Ubers\n|rule|Sleep Clause Mod: Limit one foe put to sleep\n|rule|Species Clause: Limit one of each Pok\u00e9mon\n|rule|OHKO Clause: OHKO moves are banned\n|rule|Evasion Items Clause: Evasion items are banned\n|rule|Evasion Moves Clause: Evasion moves are banned\n|rule|Endless Battle Clause: Forcing endless battles is banned\n|rule|HP Percentage Mod: HP is shown in percentages\n|clearpoke\n|poke|p1|Tauros-Paldea-Combat, M|\n|poke|p1|Corviknight, F|\n|poke|p1|Greninja-*, M|\n|poke|p1|Ogerpon-Hearthflame, F|\n|poke|p1|Ursaluna-Bloodmoon, M|\n|poke|p1|Glimmora, F|\n|poke|p2|Quaquaval, F|\n|poke|p2|Vikavolt, M|\n|poke|p2|Dipplin, M|\n|poke|p2|Kingambit, F|\n|poke|p2|Ogerpon-Cornerstone, F|\n|poke|p2|Garchomp, M|\n|teampreview\n|\n|t:|1698908602\n|start\n|switch|p1a: Greninja|Greninja, M|100\/100\n|switch|p2a: Rennala|Quaquaval, F|100\/100\n|turn|1\n|\n|t:|1698908615\n|move|p1a: Greninja|U-turn|p2a: Rennala\n|-start|p1a: Greninja|typechange|Bug|[from] ability: Protean\n|-resisted|p2a: Rennala\n|-crit|p2a: Rennala\n|-damage|p2a: Rennala|81\/100\n|c|\u2606Scottowo|man wtf\n|\n|t:|1698908623\n|switch|p1a: Corviknight|Corviknight, F|100\/100|[from] U-turn\n|-ability|p1a: Corviknight|Pressure\n|move|p2a: Rennala|Flip Turn|p1a: Corviknight\n|-damage|p1a: Corviknight|81\/100\n|-damage|p2a: Rennala|65\/100|[from] item: Rocky Helmet|[of] p1a: Corviknight\n|c|\u2606Scottowo|turn 1 crit is fucked up\n|c|\u2606curtisthecacnea|kinda fire\n|\n|t:|1698908630\n|switch|p2a: Lansseax|Vikavolt, M|100\/100|[from] Flip Turn\n|\n|upkeep\n|turn|2\n|\n|t:|1698908688\n|switch|p1a: Glimmora|Glimmora, F|100\/100\n|move|p2a: Lansseax|Bug Buzz|p1a: Glimmora\n|-resisted|p1a: Glimmora\n|-damage|p1a: Glimmora|79\/100\n|\n|upkeep\n|turn|3\n|\n|t:|1698908704\n|-terastallize|p2a: Lansseax|Electric\n|move|p1a: Glimmora|Power Gem|p2a: Lansseax\n|-damage|p2a: Lansseax|49\/100\n|move|p2a: Lansseax|Volt Switch|p1a: Glimmora\n|-damage|p1a: Glimmora|37\/100\n|c|\u2606Scottowo|THICK\n|c|\u2606Scottowo|GYAT\n|\n|t:|1698908782\n|switch|p2a: Elden Beast|Garchomp, M|100\/100|[from] Volt Switch\n|\n|upkeep\n|turn|4\n|\n|t:|1698908786\n|switch|p1a: Corviknight|Corviknight, F|81\/100\n|-ability|p1a: Corviknight|Pressure\n|move|p2a: Elden Beast|Earthquake|p1a: Corviknight\n|-immune|p1a: Corviknight\n|\n|upkeep\n|turn|5\n|\n|t:|1698908801\n|move|p2a: Elden Beast|Stealth Rock|p1a: Corviknight\n|-sidestart|p1: curtisthecacnea|move: Stealth Rock\n|move|p1a: Corviknight|U-turn|p2a: Elden Beast\n|-damage|p2a: Elden Beast|89\/100\n|-damage|p1a: Corviknight|68\/100|[from] ability: Rough Skin|[of] p2a: Elden Beast\n|-enditem|p2a: Elden Beast|Red Card|[of] p1a: Corviknight\n|drag|p1a: Tauros|Tauros-Paldea-Combat, M|100\/100\n|-damage|p1a: Tauros|94\/100|[from] Stealth Rock\n|-ability|p1a: Tauros|Intimidate|boost\n|-unboost|p2a: Elden Beast|atk|1\n|\n|-heal|p1a: Tauros|100\/100|[from] item: Leftovers\n|upkeep\n|turn|6\n|\n|t:|1698908821\n|switch|p1a: Corviknight|Corviknight, F|68\/100\n|-damage|p1a: Corviknight|56\/100|[from] Stealth Rock\n|-ability|p1a: Corviknight|Pressure\n|move|p2a: Elden Beast|Dragon Tail|p1a: Corviknight\n|-resisted|p1a: Corviknight\n|-damage|p1a: Corviknight|51\/100\n|-damage|p2a: Elden Beast|72\/100|[from] item: Rocky Helmet|[of] p1a: Corviknight\n|drag|p1a: Ursaluna|Ursaluna-Bloodmoon, M|100\/100\n|-damage|p1a: Ursaluna|94\/100|[from] Stealth Rock\n|\n|upkeep\n|turn|7\n|c|\u2606Scottowo|o fuk\n|c|\u2606curtisthecacnea|he's here\n|\n|t:|1698908863\n|move|p1a: Ursaluna|Blood Moon|p2a: Elden Beast\n|-damage|p2a: Elden Beast|0 fnt\n|faint|p2a: Elden Beast\n|\n|upkeep\n|\n|t:|1698908896\n|switch|p2a: Rennala|Quaquaval, F|65\/100\n|turn|8\n|\n|t:|1698909001\n|move|p2a: Rennala|Close Combat|p1a: Ursaluna\n|-supereffective|p1a: Ursaluna\n|-damage|p1a: Ursaluna|8\/100\n|-unboost|p2a: Rennala|def|1\n|-unboost|p2a: Rennala|spd|1\n|move|p1a: Ursaluna|Moonblast|p2a: Rennala\n|-supereffective|p2a: Rennala\n|-damage|p2a: Rennala|0 fnt\n|faint|p2a: Rennala\n|\n|upkeep\n|\n|t:|1698909017\n|switch|p2a: Melina|Ogerpon-Cornerstone, F|100\/100\n|turn|9\n|c|\u2606Scottowo|did not know he got moonblast\n|c|\u2606curtisthecacnea|he sick with it\n|c|\u2606curtisthecacnea|he is the moon guy\n|c|\u2606Scottowo|you are right\n|c|\u2606Scottowo|i didnt even think about thatr\n|\n|t:|1698909069\n|move|p1a: Ursaluna|Vacuum Wave|p2a: Melina\n|-supereffective|p2a: Melina\n|-damage|p2a: Melina|62\/100\n|move|p2a: Melina|Horn Leech|p1a: Ursaluna\n|-supereffective|p1a: Ursaluna\n|-damage|p1a: Ursaluna|0 fnt\n|-heal|p2a: Melina|67\/100|[from] drain|[of] p1a: Ursaluna\n|faint|p1a: Ursaluna\n|\n|upkeep\n|c|\u2606Scottowo|aint no way\n|c|\u2606Scottowo|you are lying\n|\n|t:|1698909078\n|switch|p1a: Tauros|Tauros-Paldea-Combat, M|100\/100\n|-damage|p1a: Tauros|94\/100|[from] Stealth Rock\n|-ability|p1a: Tauros|Intimidate|boost\n|-unboost|p2a: Melina|atk|1\n|turn|10\n|\n|t:|1698909082\n|-terastallize|p1a: Tauros|Fighting\n|move|p2a: Melina|U-turn|p1a: Tauros\n|-resisted|p1a: Tauros\n|-crit|p1a: Tauros\n|-damage|p1a: Tauros|75\/100\n|\n|t:|1698909089\n|switch|p2a: Mohg|Dipplin, M|100\/100|[from] U-turn\n|move|p1a: Tauros|Double Kick|p2a: Mohg\n|-damage|p2a: Mohg|92\/100\n|-damage|p2a: Mohg|82\/100\n|-hitcount|p2a: Mohg|2\n|\n|-heal|p1a: Tauros|81\/100|[from] item: Leftovers\n|upkeep\n|turn|11\n|\n|t:|1698909110\n|switch|p1a: Corviknight|Corviknight, F|51\/100\n|-damage|p1a: Corviknight|39\/100|[from] Stealth Rock\n|-ability|p1a: Corviknight|Pressure\n|move|p2a: Mohg|Syrup Bomb|p1a: Corviknight\n|-resisted|p1a: Corviknight\n|-damage|p1a: Corviknight|34\/100\n|-start|p1a: Corviknight|Syrup Bomb\n|\n|-unboost|p1a: Corviknight|spe|1\n|upkeep\n|turn|12\n|c|\u2606curtisthecacnea|dont cum on me\n|c|\u2606Scottowo|i came so hard\n|\n|t:|1698909140\n|move|p2a: Mohg|Reflect|p2a: Mohg\n|-sidestart|p2: Scottowo|Reflect\n|move|p1a: Corviknight|Roost|p1a: Corviknight\n|-heal|p1a: Corviknight|84\/100\n|-singleturn|p1a: Corviknight|move: Roost\n|\n|-unboost|p1a: Corviknight|spe|1\n|upkeep\n|turn|13\n|\n|t:|1698909169\n|switch|p2a: Lansseax|Vikavolt, M, tera:Electric|49\/100\n|move|p1a: Corviknight|Brave Bird|p2a: Lansseax\n|-resisted|p2a: Lansseax\n|-damage|p2a: Lansseax|40\/100\n|-damage|p1a: Corviknight|81\/100|[from] Recoil\n|\n|-unboost|p1a: Corviknight|spe|1\n|upkeep\n|turn|14\n|\n|t:|1698909196\n|switch|p1a: Glimmora|Glimmora, F|37\/100\n|-damage|p1a: Glimmora|25\/100|[from] Stealth Rock\n|move|p2a: Lansseax|Sticky Web|p1a: Glimmora\n|-sidestart|p1: curtisthecacnea|move: Sticky Web\n|\n|upkeep\n|turn|15\n|\n|t:|1698909221\n|switch|p2a: Malenia|Kingambit, F|100\/100\n|-activate|p2a: Malenia|ability: Supreme Overlord\n|-start|p2a: Malenia|fallen2|[silent]\n|move|p1a: Glimmora|Mortal Spin|p2a: Malenia\n|-immune|p2a: Malenia\n|\n|upkeep\n|turn|16\n|\n|t:|1698909252\n|move|p1a: Glimmora|Earth Power|p2a: Malenia\n|-supereffective|p2a: Malenia\n|-damage|p2a: Malenia|31\/100\n|move|p2a: Malenia|Iron Head|p1a: Glimmora\n|-supereffective|p1a: Glimmora\n|-damage|p1a: Glimmora|0 fnt\n|-activate|p1a: Glimmora|ability: Toxic Debris\n|-sidestart|p2: Scottowo|move: Toxic Spikes\n|faint|p1a: Glimmora\n|\n|-sideend|p2: Scottowo|Reflect\n|upkeep\n|\n|t:|1698909259\n|switch|p1a: Corviknight|Corviknight, F|81\/100\n|-damage|p1a: Corviknight|69\/100|[from] Stealth Rock\n|-ability|p1a: Corviknight|Pressure\n|turn|17\n|\n|t:|1698909274\n|move|p2a: Malenia|Sucker Punch|p1a: Corviknight\n|-damage|p1a: Corviknight|39\/100\n|-damage|p2a: Malenia|15\/100|[from] item: Rocky Helmet|[of] p1a: Corviknight\n|move|p1a: Corviknight|U-turn|p2a: Malenia\n|-damage|p2a: Malenia|4\/100\n|\n|t:|1698909283\n|switch|p1a: Tauros|Tauros-Paldea-Combat, M, tera:Fighting|81\/100|[from] U-turn\n|-damage|p1a: Tauros|75\/100|[from] Stealth Rock\n|-activate|p1a: Tauros|move: Sticky Web\n|-unboost|p1a: Tauros|spe|1\n|-ability|p1a: Tauros|Intimidate|boost\n|-unboost|p2a: Malenia|atk|1\n|\n|-heal|p1a: Tauros|81\/100|[from] item: Leftovers\n|upkeep\n|turn|18\n|\n|t:|1698909295\n|move|p1a: Tauros|Earthquake|p2a: Malenia\n|-supereffective|p2a: Malenia\n|-damage|p2a: Malenia|0 fnt\n|faint|p2a: Malenia\n|-end|p2a: Malenia|fallen2|[silent]\n|\n|-heal|p1a: Tauros|88\/100|[from] item: Leftovers\n|upkeep\n|\n|t:|1698909339\n|switch|p2a: Melina|Ogerpon-Cornerstone, F|67\/100\n|-status|p2a: Melina|psn\n|turn|19\n|\n|t:|1698909361\n|move|p2a: Melina|Ivy Cudgel|p1a: Tauros\n|-resisted|p1a: Tauros\n|-damage|p1a: Tauros|60\/100\n|move|p1a: Tauros|Close Combat|p2a: Melina\n|-supereffective|p2a: Melina\n|-damage|p2a: Melina|0 fnt\n|-unboost|p1a: Tauros|def|1\n|-unboost|p1a: Tauros|spd|1\n|faint|p2a: Melina\n|\n|-heal|p1a: Tauros|66\/100|[from] item: Leftovers\n|upkeep\n|c|\u2606Scottowo|you slut\n|\n|t:|1698909371\n|switch|p2a: Mohg|Dipplin, M|82\/100\n|-status|p2a: Mohg|psn\n|turn|20\n|\n|t:|1698909375\n|switch|p1a: Corviknight|Corviknight, F|39\/100\n|-damage|p1a: Corviknight|27\/100|[from] Stealth Rock\n|-ability|p1a: Corviknight|Pressure\n|move|p2a: Mohg|Reflect|p2a: Mohg\n|-sidestart|p2: Scottowo|Reflect\n|\n|-damage|p2a: Mohg|70\/100 psn|[from] psn\n|upkeep\n|turn|21\n|\n|t:|1698909383\n|switch|p2a: Lansseax|Vikavolt, M, tera:Electric|40\/100\n|move|p1a: Corviknight|Roost|p1a: Corviknight\n|-heal|p1a: Corviknight|77\/100\n|-singleturn|p1a: Corviknight|move: Roost\n|\n|upkeep\n|turn|22\n|\n|t:|1698909398\n|switch|p1a: Tauros|Tauros-Paldea-Combat, M, tera:Fighting|66\/100\n|-damage|p1a: Tauros|60\/100|[from] Stealth Rock\n|-activate|p1a: Tauros|move: Sticky Web\n|-unboost|p1a: Tauros|spe|1\n|-ability|p1a: Tauros|Intimidate|boost\n|-unboost|p2a: Lansseax|atk|1\n|move|p2a: Lansseax|Volt Switch|p1a: Tauros\n|-damage|p1a: Tauros|0 fnt\n|faint|p1a: Tauros\n|\n|t:|1698909400\n|switch|p2a: Mohg|Dipplin, M|70\/100 psn|[from] Volt Switch\n|\n|-damage|p2a: Mohg|58\/100 psn|[from] psn\n|upkeep\n|\n|t:|1698909410\n|switch|p1a: Greninja|Greninja, M|100\/100\n|-damage|p1a: Greninja|88\/100|[from] Stealth Rock\n|-activate|p1a: Greninja|move: Sticky Web\n|-unboost|p1a: Greninja|spe|1\n|turn|23\n|\n|t:|1698909417\n|switch|p2a: Lansseax|Vikavolt, M, tera:Electric|40\/100\n|move|p1a: Greninja|Ice Beam|p2a: Lansseax\n|-start|p1a: Greninja|typechange|Ice|[from] ability: Protean\n|-crit|p2a: Lansseax\n|-damage|p2a: Lansseax|0 fnt\n|faint|p2a: Lansseax\n|\n|upkeep\n|\n|t:|1698909419\n|switch|p2a: Mohg|Dipplin, M|58\/100 psn\n|turn|24\n|\n|t:|1698909423\n|move|p1a: Greninja|Ice Beam|p2a: Mohg\n|-supereffective|p2a: Mohg\n|-damage|p2a: Mohg|0 fnt\n|faint|p2a: Mohg\n|\n|win|curtisthecacnea\n|c|\u2606Scottowo|gg\n|c|\u2606curtisthecacnea|gg\n|c|\u2606Scottowo|fuck you for staying in\n|c|\u2606curtisthecacnea|he bulky so it wasn't a risk\n|c|\u2606Scottowo|oh\n|c|\u2606curtisthecacnea|no speed invest\n|c|\u2606Scottowo|oh\n|c|\u2606Scottowo|man\n|c|\u2606Scottowo|u got replay?\n|c|\u2606curtisthecacnea|sad double kick couldnt work how I would've liekd LOL\n|c|\u2606curtisthecacnea|yuh\n|c|\u2606Scottowo|what did you want to happen?\n|c|\u2606Scottowo|oh sturdy\n|c|\u2606curtisthecacnea|oger to be at full and die through sturdy\n|c|\u2606Scottowo|yeah\n","uploadtime":1698909508,"views":36,"p1id":"curtisthecacnea","p2id":"scottowo","formatid":"gen9ubers","rating":0,"private":0,"password":""}