{"id":"gen9ubers-1978517827","p1":"leonissenbaum","p2":"PinkScourge","format":"[Gen 9] Ubers","log":"|j|\u2606leonissenbaum\n|j|\u2606PinkScourge\n|t:|1698549505\n|gametype|singles\n|player|p1|leonissenbaum|leon|\n|player|p2|PinkScourge|bede-leader|\n|teamsize|p1|6\n|teamsize|p2|6\n|gen|9\n|tier|[Gen 9] Ubers\n|rule|Sleep Clause Mod: Limit one foe put to sleep\n|rule|Species Clause: Limit one of each Pok\u00e9mon\n|rule|OHKO Clause: OHKO moves are banned\n|rule|Evasion Items Clause: Evasion items are banned\n|rule|Evasion Moves Clause: Evasion moves are banned\n|rule|Endless Battle Clause: Forcing endless battles is banned\n|rule|HP Percentage Mod: HP is shown in percentages\n|clearpoke\n|poke|p1|Giratina|\n|poke|p1|Gliscor, M|\n|poke|p1|Blissey, F|\n|poke|p1|Dondozo, M|\n|poke|p1|Clefable, M|\n|poke|p1|Espeon, F|\n|poke|p2|Indeedee-F, F|\n|poke|p2|Arceus-Psychic|\n|poke|p2|Magearna|\n|poke|p2|Alomomola, F|\n|poke|p2|Mandibuzz, F|\n|poke|p2|Slowking-Galar, F|\n|teampreview\n|inactive|Battle timer is ON: inactive players will automatically lose when time's up. (requested by PinkScourge)\n|c|\u2606leonissenbaum|oo cool team\n|c|\u2606leonissenbaum|gl!\n|\n|t:|1698549528\n|start\n|switch|p1a: Gliscor|Gliscor, M|100\/100\n|switch|p2a: Arceus|Arceus-Psychic|100\/100\n|turn|1\n|c|\u2606PinkScourge|GL!\n|j| Laprasrules12\n|\n|t:|1698549537\n|move|p1a: Gliscor|Spikes|p2a: Arceus\n|-sidestart|p2: PinkScourge|Spikes\n|move|p2a: Arceus|Future Sight|p1a: Gliscor\n|-start|p2a: Arceus|move: Future Sight\n|\n|-status|p1a: Gliscor|tox|[from] item: Toxic Orb\n|upkeep\n|turn|2\n|l| Laprasrules12\n|\n|t:|1698549549\n|switch|p2a: Indeedee|Indeedee-F, F|100\/100\n|-damage|p2a: Indeedee|88\/100|[from] Spikes\n|-fieldstart|move: Psychic Terrain|[from] ability: Psychic Surge|[of] p2a: Indeedee\n|move|p1a: Gliscor|Spikes|p2a: Indeedee\n|-sidestart|p2: PinkScourge|Spikes\n|\n|upkeep\n|turn|3\n|\n|t:|1698549566\n|switch|p2a: Alomomola|Alomomola, F|100\/100\n|-damage|p2a: Alomomola|84\/100|[from] Spikes\n|move|p1a: Gliscor|Protect||[still]\n|-fail|p1a: Gliscor\n|\n|-end|p1a: Gliscor|move: Future Sight\n|-damage|p1a: Gliscor|26\/100 tox\n|-heal|p1a: Gliscor|38\/100 tox|[from] ability: Poison Heal\n|upkeep\n|turn|4\n|j| Laprasrules12\n|\n|t:|1698549579\n|move|p1a: Gliscor|Protect|p1a: Gliscor\n|-singleturn|p1a: Gliscor|Protect\n|move|p2a: Alomomola|Flip Turn|p1a: Gliscor\n|-activate|p1a: Gliscor|move: Protect\n|\n|-heal|p1a: Gliscor|51\/100 tox|[from] ability: Poison Heal\n|upkeep\n|turn|5\n|\n|t:|1698549591\n|move|p1a: Gliscor|Spikes|p2a: Alomomola\n|-sidestart|p2: PinkScourge|Spikes\n|move|p2a: Alomomola|Flip Turn|p1a: Gliscor\n|-supereffective|p1a: Gliscor\n|-damage|p1a: Gliscor|25\/100 tox\n|\n|t:|1698549596\n|switch|p2a: Mandibuzz|Mandibuzz, F|100\/100|[from] Flip Turn\n|\n|-heal|p1a: Gliscor|38\/100 tox|[from] ability: Poison Heal\n|upkeep\n|turn|6\n|\n|t:|1698549603\n|move|p1a: Gliscor|Knock Off|p2a: Mandibuzz\n|-resisted|p2a: Mandibuzz\n|-damage|p2a: Mandibuzz|92\/100\n|-enditem|p2a: Mandibuzz|Heavy-Duty Boots|[from] move: Knock Off|[of] p1a: Gliscor\n|move|p2a: Mandibuzz|Defog|p1a: Gliscor\n|-unboost|p1a: Gliscor|evasion|1\n|-sideend|p2: PinkScourge|Spikes|[from] move: Defog|[of] p2a: Mandibuzz\n|-fieldend|move: Psychic Terrain\n|\n|-heal|p1a: Gliscor|50\/100 tox|[from] ability: Poison Heal\n|upkeep\n|turn|7\n|\n|t:|1698549613\n|move|p1a: Gliscor|Protect|p1a: Gliscor\n|-singleturn|p1a: Gliscor|Protect\n|move|p2a: Mandibuzz|U-turn|p1a: Gliscor\n|-activate|p1a: Gliscor|move: Protect\n|\n|-heal|p1a: Gliscor|63\/100 tox|[from] ability: Poison Heal\n|upkeep\n|turn|8\n|\n|t:|1698549623\n|move|p1a: Gliscor|Spikes|p2a: Mandibuzz\n|-sidestart|p2: PinkScourge|Spikes\n|move|p2a: Mandibuzz|U-turn|p1a: Gliscor\n|-resisted|p1a: Gliscor\n|-damage|p1a: Gliscor|58\/100 tox\n|\n|t:|1698549630\n|switch|p2a: Magearna|Magearna|100\/100|[from] U-turn\n|-damage|p2a: Magearna|88\/100|[from] Spikes\n|\n|-heal|p2a: Magearna|94\/100|[from] item: Leftovers\n|-heal|p1a: Gliscor|71\/100 tox|[from] ability: Poison Heal\n|upkeep\n|turn|9\n|\n|t:|1698549638\n|switch|p1a: Espeon|Espeon, F|100\/100\n|move|p2a: Magearna|Fleur Cannon|p1a: Espeon|[miss]\n|-miss|p2a: Magearna|p1a: Espeon\n|\n|-heal|p2a: Magearna|99\/100|[from] item: Leftovers\n|upkeep\n|turn|10\n|\n|t:|1698549650\n|move|p1a: Espeon|Light Screen|p1a: Espeon\n|-sidestart|p1: leonissenbaum|move: Light Screen\n|move|p2a: Magearna|Shadow Ball|p1a: Espeon\n|-supereffective|p1a: Espeon\n|-crit|p1a: Espeon\n|-damage|p1a: Espeon|29\/100\n|\n|-heal|p2a: Magearna|100\/100|[from] item: Leftovers\n|upkeep\n|turn|11\n|c|\u2606leonissenbaum|oof\n|\n|t:|1698549661\n|switch|p1a: Blissey|Blissey, F|100\/100\n|move|p2a: Magearna|Volt Switch|p1a: Blissey\n|-damage|p1a: Blissey|96\/100\n|\n|t:|1698549670\n|switch|p2a: Slowking|Slowking-Galar, F|100\/100|[from] Volt Switch\n|\n|-heal|p1a: Blissey|100\/100|[from] item: Leftovers\n|upkeep\n|turn|12\n|\n|t:|1698549675\n|switch|p1a: Espeon|Espeon, F|29\/100\n|move|p2a: Slowking|Future Sight|p1a: Espeon\n|-start|p2a: Slowking|move: Future Sight\n|\n|upkeep\n|turn|13\n|\n|t:|1698549680\n|move|p1a: Espeon|Morning Sun|p1a: Espeon\n|-heal|p1a: Espeon|79\/100\n|move|p2a: Slowking|Sludge Bomb|p1a: Espeon\n|-damage|p1a: Espeon|67\/100\n|-status|p1a: Espeon|psn\n|\n|-damage|p1a: Espeon|54\/100 psn|[from] psn\n|upkeep\n|turn|14\n|\n|t:|1698549687\n|move|p1a: Espeon|Morning Sun|p1a: Espeon\n|-heal|p1a: Espeon|100\/100 psn\n|move|p2a: Slowking|Chilly Reception|p2a: Slowking\n|-weather|Snow\n|\n|t:|1698549690\n|switch|p2a: Indeedee|Indeedee-F, F|88\/100|[from] Chilly Reception\n|-damage|p2a: Indeedee|75\/100|[from] Spikes\n|-fieldstart|move: Psychic Terrain|[from] ability: Psychic Surge|[of] p2a: Indeedee\n|\n|-weather|Snow|[upkeep]\n|-end|p1a: Espeon|move: Future Sight\n|-resisted|p1a: Espeon\n|-damage|p1a: Espeon|89\/100 psn\n|-damage|p1a: Espeon|77\/100 psn|[from] psn\n|-sideend|p1: leonissenbaum|move: Light Screen\n|upkeep\n|turn|15\n|\n|t:|1698549706\n|switch|p1a: Blissey|Blissey, F|100\/100\n|move|p2a: Indeedee|Reflect|p2a: Indeedee\n|-sidestart|p2: PinkScourge|Reflect\n|\n|-weather|Snow|[upkeep]\n|upkeep\n|turn|16\n|\n|t:|1698549715\n|switch|p2a: Arceus|Arceus-Psychic|100\/100\n|-damage|p2a: Arceus|88\/100|[from] Spikes\n|move|p1a: Blissey|Stealth Rock|p2a: Arceus\n|-sidestart|p2: PinkScourge|move: Stealth Rock\n|\n|-weather|Snow|[upkeep]\n|upkeep\n|turn|17\n|\n|t:|1698549723\n|switch|p1a: Gliscor|Gliscor, M|71\/100 tox\n|move|p2a: Arceus|Future Sight|p1a: Gliscor\n|-start|p2a: Arceus|move: Future Sight\n|\n|-weather|Snow|[upkeep]\n|-heal|p1a: Gliscor|83\/100 tox|[from] ability: Poison Heal\n|upkeep\n|turn|18\n|\n|t:|1698549732\n|switch|p2a: Mandibuzz|Mandibuzz, F|92\/100\n|-damage|p2a: Mandibuzz|67\/100|[from] Stealth Rock\n|move|p1a: Gliscor|Toxic Spikes|p2a: Mandibuzz\n|-sidestart|p2: PinkScourge|move: Toxic Spikes\n|\n|-weather|none\n|-heal|p1a: Gliscor|96\/100 tox|[from] ability: Poison Heal\n|upkeep\n|turn|19\n|\n|t:|1698549750\n|switch|p1a: Blissey|Blissey, F|100\/100\n|move|p2a: Mandibuzz|Foul Play|p1a: Blissey\n|-damage|p1a: Blissey|97\/100\n|\n|-end|p1a: Blissey|move: Future Sight\n|-damage|p1a: Blissey|72\/100\n|-heal|p1a: Blissey|78\/100|[from] item: Leftovers\n|-sideend|p2: PinkScourge|Reflect\n|upkeep\n|turn|20\n|\n|t:|1698549757\n|move|p2a: Mandibuzz|Defog|p1a: Blissey\n|-unboost|p1a: Blissey|evasion|1\n|-sideend|p2: PinkScourge|Spikes|[from] move: Defog|[of] p2a: Mandibuzz\n|-sideend|p2: PinkScourge|Toxic Spikes|[from] move: Defog|[of] p2a: Mandibuzz\n|-sideend|p2: PinkScourge|Stealth Rock|[from] move: Defog|[of] p2a: Mandibuzz\n|-fieldend|move: Psychic Terrain\n|move|p1a: Blissey|Seismic Toss|p2a: Mandibuzz\n|-damage|p2a: Mandibuzz|43\/100\n|\n|-heal|p1a: Blissey|85\/100|[from] item: Leftovers\n|upkeep\n|turn|21\n|\n|t:|1698549766\n|move|p2a: Mandibuzz|Roost|p2a: Mandibuzz\n|-heal|p2a: Mandibuzz|93\/100\n|-singleturn|p2a: Mandibuzz|move: Roost\n|move|p1a: Blissey|Stealth Rock|p2a: Mandibuzz\n|-sidestart|p2: PinkScourge|move: Stealth Rock\n|\n|-heal|p1a: Blissey|91\/100|[from] item: Leftovers\n|upkeep\n|turn|22\n|\n|t:|1698549771\n|move|p2a: Mandibuzz|U-turn|p1a: Blissey\n|-damage|p1a: Blissey|80\/100\n|\n|t:|1698549773\n|switch|p2a: Slowking|Slowking-Galar, F|100\/100|[from] U-turn\n|move|p1a: Blissey|Seismic Toss|p2a: Slowking\n|-damage|p2a: Slowking|75\/100\n|\n|-heal|p1a: Blissey|86\/100|[from] item: Leftovers\n|upkeep\n|turn|23\n|\n|t:|1698549784\n|switch|p1a: Gliscor|Gliscor, M|96\/100 tox\n|move|p2a: Slowking|Future Sight|p1a: Gliscor\n|-start|p2a: Slowking|move: Future Sight\n|\n|-heal|p1a: Gliscor|100\/100 tox|[from] ability: Poison Heal\n|upkeep\n|turn|24\n|\n|t:|1698549791\n|switch|p2a: Mandibuzz|Mandibuzz, F|93\/100\n|-damage|p2a: Mandibuzz|68\/100|[from] Stealth Rock\n|move|p1a: Gliscor|Knock Off|p2a: Mandibuzz\n|-resisted|p2a: Mandibuzz\n|-damage|p2a: Mandibuzz|63\/100\n|\n|upkeep\n|turn|25\n|\n|t:|1698549798\n|switch|p1a: Blissey|Blissey, F|86\/100\n|move|p2a: Mandibuzz|Roost|p2a: Mandibuzz\n|-heal|p2a: Mandibuzz|100\/100\n|-singleturn|p2a: Mandibuzz|move: Roost\n|\n|-end|p1a: Blissey|move: Future Sight\n|-damage|p1a: Blissey|71\/100\n|-heal|p1a: Blissey|78\/100|[from] item: Leftovers\n|upkeep\n|turn|26\n|\n|t:|1698549804\n|move|p2a: Mandibuzz|U-turn|p1a: Blissey\n|-crit|p1a: Blissey\n|-damage|p1a: Blissey|59\/100\n|\n|t:|1698549809\n|switch|p2a: Arceus|Arceus-Psychic|88\/100|[from] U-turn\n|-damage|p2a: Arceus|76\/100|[from] Stealth Rock\n|move|p1a: Blissey|Seismic Toss|p2a: Arceus\n|-damage|p2a: Arceus|53\/100\n|\n|-heal|p1a: Blissey|65\/100|[from] item: Leftovers\n|upkeep\n|turn|27\n|inactive|leonissenbaum has 270 seconds left.\n|l|\u2606leonissenbaum\n|inactive|leonissenbaum disconnected and has 300 seconds to reconnect!\n|player|p1|\n|c|\u2606PinkScourge|Aaaaand, it's gone\n|inactive|leonissenbaum has 270 seconds to reconnect!\n|c|\u2606PinkScourge|Pretty much Stall vs semi-stall\n|j|\u2606leonissenbaum\n|inactive|leonissenbaum reconnected and has 255 seconds left.\n|player|p1|leonissenbaum|leon\n|c|\u2606leonissenbaum|internet died rip\n|c|\u2606PinkScourge|RIP\n|\n|t:|1698549907\n|switch|p1a: Gliscor|Gliscor, M|100\/100 tox\n|move|p2a: Arceus|Body Press|p1a: Gliscor\n|-resisted|p1a: Gliscor\n|-damage|p1a: Gliscor|91\/100 tox\n|\n|-heal|p1a: Gliscor|100\/100 tox|[from] ability: Poison Heal\n|upkeep\n|turn|28\n|\n|t:|1698549913\n|move|p1a: Gliscor|Knock Off|p2a: Arceus\n|-supereffective|p2a: Arceus\n|-damage|p2a: Arceus|35\/100\n|move|p2a: Arceus|Recover|p2a: Arceus\n|-heal|p2a: Arceus|85\/100\n|\n|upkeep\n|turn|29\n|\n|t:|1698549918\n|move|p1a: Gliscor|Toxic Spikes|p2a: Arceus\n|-sidestart|p2: PinkScourge|move: Toxic Spikes\n|move|p2a: Arceus|Future Sight|p1a: Gliscor\n|-start|p2a: Arceus|move: Future Sight\n|\n|upkeep\n|turn|30\n|\n|t:|1698549929\n|switch|p2a: Mandibuzz|Mandibuzz, F|100\/100\n|-damage|p2a: Mandibuzz|75\/100|[from] Stealth Rock\n|move|p1a: Gliscor|Knock Off|p2a: Mandibuzz\n|-resisted|p2a: Mandibuzz\n|-damage|p2a: Mandibuzz|70\/100\n|\n|upkeep\n|turn|31\n|\n|t:|1698549936\n|switch|p1a: Blissey|Blissey, F|65\/100\n|move|p2a: Mandibuzz|Defog|p1a: Blissey\n|-unboost|p1a: Blissey|evasion|1\n|-sideend|p2: PinkScourge|Toxic Spikes|[from] move: Defog|[of] p2a: Mandibuzz\n|-sideend|p2: PinkScourge|Stealth Rock|[from] move: Defog|[of] p2a: Mandibuzz\n|\n|-end|p1a: Blissey|move: Future Sight\n|-damage|p1a: Blissey|44\/100\n|-heal|p1a: Blissey|50\/100|[from] item: Leftovers\n|upkeep\n|turn|32\n|inactive|leonissenbaum has 270 seconds left.\n|l|\u2606leonissenbaum\n|inactive|leonissenbaum disconnected and has 260 seconds to reconnect!\n|player|p1|\n|inactive|leonissenbaum has 240 seconds to reconnect!\n|j|\u2606leonissenbaum\n|inactive|leonissenbaum reconnected and has 265 seconds left.\n|player|p1|leonissenbaum|leon\n|\n|t:|1698549994\n|move|p2a: Mandibuzz|U-turn|p1a: Blissey\n|-damage|p1a: Blissey|38\/100\n|\n|t:|1698549997\n|switch|p2a: Indeedee|Indeedee-F, F|75\/100|[from] U-turn\n|-fieldstart|move: Psychic Terrain|[from] ability: Psychic Surge|[of] p2a: Indeedee\n|move|p1a: Blissey|Stealth Rock|p2a: Indeedee\n|-sidestart|p2: PinkScourge|move: Stealth Rock\n|\n|-heal|p1a: Blissey|44\/100|[from] item: Leftovers\n|upkeep\n|turn|33\n|c|\u2606leonissenbaum|i hate my internet i hate my internet\n|inactive|leonissenbaum has 270 seconds left.\n|\n|t:|1698550008\n|switch|p1a: Gliscor|Gliscor, M|100\/100 tox\n|move|p2a: Indeedee|Psyshock|p1a: Gliscor\n|-damage|p1a: Gliscor|73\/100 tox\n|\n|-heal|p1a: Gliscor|86\/100 tox|[from] ability: Poison Heal\n|upkeep\n|turn|34\n|\n|t:|1698550016\n|switch|p2a: Mandibuzz|Mandibuzz, F|70\/100\n|-damage|p2a: Mandibuzz|45\/100|[from] Stealth Rock\n|move|p1a: Gliscor|Knock Off|p2a: Mandibuzz\n|-resisted|p2a: Mandibuzz\n|-damage|p2a: Mandibuzz|40\/100\n|\n|-heal|p1a: Gliscor|98\/100 tox|[from] ability: Poison Heal\n|upkeep\n|turn|35\n|inactive|leonissenbaum has 270 seconds left.\n|\n|t:|1698550037\n|move|p1a: Gliscor|Knock Off|p2a: Mandibuzz\n|-resisted|p2a: Mandibuzz\n|-damage|p2a: Mandibuzz|34\/100\n|move|p2a: Mandibuzz|Roost|p2a: Mandibuzz\n|-heal|p2a: Mandibuzz|84\/100\n|-singleturn|p2a: Mandibuzz|move: Roost\n|\n|-heal|p1a: Gliscor|100\/100 tox|[from] ability: Poison Heal\n|upkeep\n|turn|36\n|\n|t:|1698550043\n|switch|p1a: Blissey|Blissey, F|44\/100\n|move|p2a: Mandibuzz|Defog|p1a: Blissey\n|-unboost|p1a: Blissey|evasion|1\n|-sideend|p2: PinkScourge|Stealth Rock|[from] move: Defog|[of] p2a: Mandibuzz\n|-fieldend|move: Psychic Terrain\n|\n|-heal|p1a: Blissey|51\/100|[from] item: Leftovers\n|upkeep\n|turn|37\n|\n|t:|1698550046\n|move|p2a: Mandibuzz|U-turn|p1a: Blissey\n|-damage|p1a: Blissey|39\/100\n|\n|t:|1698550054\n|switch|p2a: Arceus|Arceus-Psychic|85\/100|[from] U-turn\n|move|p1a: Blissey|Soft-Boiled|p1a: Blissey\n|-heal|p1a: Blissey|89\/100\n|\n|-heal|p1a: Blissey|95\/100|[from] item: Leftovers\n|upkeep\n|turn|38\n|\n|t:|1698550062\n|switch|p1a: Gliscor|Gliscor, M|100\/100 tox\n|move|p2a: Arceus|Future Sight|p1a: Gliscor\n|-start|p2a: Arceus|move: Future Sight\n|\n|upkeep\n|turn|39\n|\n|t:|1698550068\n|switch|p2a: Magearna|Magearna|100\/100\n|move|p1a: Gliscor|Spikes|p2a: Magearna\n|-sidestart|p2: PinkScourge|Spikes\n|\n|upkeep\n|turn|40\n|\n|t:|1698550073\n|move|p1a: Gliscor|Knock Off|p2a: Magearna\n|-resisted|p2a: Magearna\n|-damage|p2a: Magearna|91\/100\n|-enditem|p2a: Magearna|Leftovers|[from] move: Knock Off|[of] p1a: Gliscor\n|move|p2a: Magearna|Fleur Cannon|p1a: Gliscor\n|-crit|p1a: Gliscor\n|-damage|p1a: Gliscor|4\/100 tox\n|-unboost|p2a: Magearna|spa|2\n|\n|-end|p1a: Gliscor|move: Future Sight\n|-damage|p1a: Gliscor|0 fnt\n|faint|p1a: Gliscor\n|-ability|p2a: Magearna|Soul-Heart|boost\n|-boost|p2a: Magearna|spa|1\n|upkeep\n|c|\u2606leonissenbaum|oooof close\n|c|\u2606leonissenbaum|ooooooooof\n|\n|t:|1698550088\n|switch|p1a: Blissey|Blissey, F|95\/100\n|turn|41\n|l| Laprasrules12\n|\n|t:|1698550093\n|move|p1a: Blissey|Stealth Rock|p2a: Magearna\n|-sidestart|p2: PinkScourge|move: Stealth Rock\n|move|p2a: Magearna|Volt Switch|p1a: Blissey\n|-damage|p1a: Blissey|90\/100\n|\n|t:|1698550098\n|switch|p2a: Mandibuzz|Mandibuzz, F|84\/100|[from] Volt Switch\n|-damage|p2a: Mandibuzz|59\/100|[from] Stealth Rock\n|\n|-heal|p1a: Blissey|96\/100|[from] item: Leftovers\n|upkeep\n|turn|42\n|\n|t:|1698550107\n|switch|p1a: Espeon|Espeon, F|77\/100 psn\n|move|p2a: Mandibuzz|Defog|p1a: Espeon\n|move|p1a: Espeon|Defog|p2a: Mandibuzz|[from]ability: Magic Bounce\n|-unboost|p2a: Mandibuzz|evasion|1\n|-sideend|p2: PinkScourge|Spikes|[from] move: Defog|[of] p1a: Espeon\n|-sideend|p2: PinkScourge|Stealth Rock|[from] move: Defog|[of] p1a: Espeon\n|\n|-damage|p1a: Espeon|64\/100 psn|[from] psn\n|upkeep\n|turn|43\n|c|\u2606PinkScourge|It was dead anyways\n|\n|t:|1698550118\n|switch|p2a: Arceus|Arceus-Psychic|85\/100\n|move|p1a: Espeon|Trick||[still]\n|-fail|p1a: Espeon\n|\n|-damage|p1a: Espeon|52\/100 psn|[from] psn\n|upkeep\n|turn|44\n|\n|t:|1698550129\n|switch|p1a: Clefable|Clefable, M|100\/100\n|move|p2a: Arceus|Future Sight|p1a: Clefable\n|-start|p2a: Arceus|move: Future Sight\n|\n|upkeep\n|turn|45\n|\n|t:|1698550134\n|switch|p2a: Indeedee|Indeedee-F, F|75\/100\n|-fieldstart|move: Psychic Terrain|[from] ability: Psychic Surge|[of] p2a: Indeedee\n|move|p1a: Clefable|Calm Mind|p1a: Clefable\n|-boost|p1a: Clefable|spa|1\n|-boost|p1a: Clefable|spd|1\n|\n|upkeep\n|turn|46\n|j| Laprasrules12\n|\n|t:|1698550147\n|move|p2a: Indeedee|Psyshock|p1a: Clefable\n|-damage|p1a: Clefable|60\/100\n|move|p1a: Clefable|Moonblast|p2a: Indeedee\n|-damage|p2a: Indeedee|32\/100\n|\n|-end|p1a: Clefable|move: Future Sight\n|-damage|p1a: Clefable|20\/100\n|-heal|p1a: Clefable|26\/100|[from] item: Leftovers\n|upkeep\n|turn|47\n|\n|t:|1698550158\n|move|p1a: Clefable|Protect|p1a: Clefable\n|-singleturn|p1a: Clefable|Protect\n|move|p2a: Indeedee|Psyshock|p1a: Clefable\n|-activate|p1a: Clefable|move: Protect\n|\n|-heal|p1a: Clefable|32\/100|[from] item: Leftovers\n|upkeep\n|turn|48\n|\n|t:|1698550166\n|-terastallize|p1a: Clefable|Dark\n|move|p2a: Indeedee|Psyshock|p1a: Clefable\n|-immune|p1a: Clefable\n|move|p1a: Clefable|Wish|p1a: Clefable\n|\n|-heal|p1a: Clefable|38\/100|[from] item: Leftovers\n|upkeep\n|turn|49\n|\n|t:|1698550175\n|switch|p2a: Magearna|Magearna|91\/100\n|move|p1a: Clefable|Moonblast|p2a: Magearna\n|-resisted|p2a: Magearna\n|-damage|p2a: Magearna|71\/100\n|-unboost|p2a: Magearna|spa|1\n|\n|-heal|p1a: Clefable|88\/100|[from] move: Wish|[wisher] Clefable\n|-heal|p1a: Clefable|94\/100|[from] item: Leftovers\n|upkeep\n|turn|50\n|c| Laprasrules12|There it is\n|\n|t:|1698550186\n|move|p1a: Clefable|Protect|p1a: Clefable\n|-singleturn|p1a: Clefable|Protect\n|move|p2a: Magearna|Volt Switch|p1a: Clefable\n|-activate|p1a: Clefable|move: Protect\n|\n|-heal|p1a: Clefable|100\/100|[from] item: Leftovers\n|upkeep\n|turn|51\n|\n|t:|1698550191\n|move|p1a: Clefable|Calm Mind|p1a: Clefable\n|-boost|p1a: Clefable|spa|1\n|-boost|p1a: Clefable|spd|1\n|move|p2a: Magearna|Volt Switch|p1a: Clefable\n|-damage|p1a: Clefable|92\/100\n|\n|t:|1698550199\n|switch|p2a: Arceus|Arceus-Psychic|85\/100|[from] Volt Switch\n|\n|-heal|p1a: Clefable|98\/100|[from] item: Leftovers\n|upkeep\n|turn|52\n|\n|t:|1698550209\n|move|p2a: Arceus|Perish Song|p2a: Arceus\n|-start|p1a: Clefable|perish3|[silent]\n|-start|p2a: Arceus|perish3|[silent]\n|-fieldactivate|move: Perish Song\n|move|p1a: Clefable|Wish|p1a: Clefable\n|\n|-heal|p1a: Clefable|100\/100|[from] item: Leftovers\n|-start|p2a: Arceus|perish3\n|-start|p1a: Clefable|perish3\n|-fieldend|move: Psychic Terrain\n|upkeep\n|turn|53\n|\n|t:|1698550214\n|switch|p2a: Slowking|Slowking-Galar, F|100\/100\n|move|p1a: Clefable|Moonblast|p2a: Slowking\n|-resisted|p2a: Slowking\n|-damage|p2a: Slowking|81\/100\n|-unboost|p2a: Slowking|spa|1\n|\n|-start|p1a: Clefable|perish2\n|upkeep\n|turn|54\n|\n|t:|1698550227\n|move|p1a: Clefable|Moonblast|p2a: Slowking\n|-resisted|p2a: Slowking\n|-damage|p2a: Slowking|64\/100\n|move|p2a: Slowking|Chilly Reception|p2a: Slowking\n|-weather|Snow\n|\n|t:|1698550235\n|switch|p2a: Magearna|Magearna|71\/100|[from] Chilly Reception\n|\n|-weather|Snow|[upkeep]\n|-start|p1a: Clefable|perish1\n|upkeep\n|turn|55\n|\n|t:|1698550254\n|switch|p1a: Blissey|Blissey, F|96\/100\n|move|p2a: Magearna|Volt Switch|p1a: Blissey\n|-damage|p1a: Blissey|88\/100\n|\n|t:|1698550268\n|switch|p2a: Alomomola|Alomomola, F|100\/100|[from] Volt Switch\n|\n|-weather|Snow|[upkeep]\n|-heal|p1a: Blissey|94\/100|[from] item: Leftovers\n|upkeep\n|turn|56\n|\n|t:|1698550283\n|move|p1a: Blissey|Stealth Rock|p2a: Alomomola\n|-sidestart|p2: PinkScourge|move: Stealth Rock\n|move|p2a: Alomomola|Wish|p2a: Alomomola\n|\n|-weather|Snow|[upkeep]\n|-heal|p1a: Blissey|99\/100|[from] item: Leftovers\n|upkeep\n|turn|57\n|\n|t:|1698550296\n|switch|p1a: Clefable|Clefable, M, tera:Dark|100\/100\n|move|p2a: Alomomola|Flip Turn|p1a: Clefable\n|-damage|p1a: Clefable|80\/100\n|\n|t:|1698550301\n|switch|p2a: Indeedee|Indeedee-F, F|32\/100|[from] Flip Turn\n|-damage|p2a: Indeedee|20\/100|[from] Stealth Rock\n|-fieldstart|move: Psychic Terrain|[from] ability: Psychic Surge|[of] p2a: Indeedee\n|\n|-weather|Snow|[upkeep]\n|-heal|p2a: Indeedee|90\/100|[from] move: Wish|[wisher] Alomomola\n|-heal|p1a: Clefable|87\/100|[from] item: Leftovers\n|upkeep\n|turn|58\n|\n|t:|1698550314\n|switch|p2a: Magearna|Magearna|71\/100\n|-damage|p2a: Magearna|65\/100|[from] Stealth Rock\n|move|p1a: Clefable|Moonblast|p2a: Magearna\n|-resisted|p2a: Magearna\n|-damage|p2a: Magearna|53\/100\n|\n|-weather|none\n|-heal|p1a: Clefable|93\/100|[from] item: Leftovers\n|upkeep\n|turn|59\n|\n|t:|1698550324\n|move|p1a: Clefable|Protect|p1a: Clefable\n|-singleturn|p1a: Clefable|Protect\n|move|p2a: Magearna|Volt Switch|p1a: Clefable\n|-activate|p1a: Clefable|move: Protect\n|\n|-heal|p1a: Clefable|99\/100|[from] item: Leftovers\n|upkeep\n|turn|60\n|\n|t:|1698550330\n|switch|p1a: Blissey|Blissey, F|99\/100\n|-terastallize|p2a: Magearna|Fairy\n|move|p2a: Magearna|Fleur Cannon|p1a: Blissey\n|-damage|p1a: Blissey|72\/100\n|-unboost|p2a: Magearna|spa|2\n|\n|-heal|p1a: Blissey|78\/100|[from] item: Leftovers\n|upkeep\n|turn|61\n|\n|t:|1698550337\n|move|p1a: Blissey|Seismic Toss|p2a: Magearna\n|-damage|p2a: Magearna|25\/100\n|move|p2a: Magearna|Volt Switch|p1a: Blissey\n|-damage|p1a: Blissey|73\/100\n|\n|t:|1698550343\n|switch|p2a: Alomomola|Alomomola, F|100\/100|[from] Volt Switch\n|-damage|p2a: Alomomola|88\/100|[from] Stealth Rock\n|\n|-heal|p1a: Blissey|80\/100|[from] item: Leftovers\n|upkeep\n|turn|62\n|\n|t:|1698550362\n|move|p1a: Blissey|Seismic Toss|p2a: Alomomola\n|-damage|p2a: Alomomola|67\/100\n|-damage|p1a: Blissey|63\/100|[from] item: Rocky Helmet|[of] p2a: Alomomola\n|move|p2a: Alomomola|Wish|p2a: Alomomola\n|\n|-heal|p1a: Blissey|69\/100|[from] item: Leftovers\n|upkeep\n|turn|63\n|\n|t:|1698550367\n|move|p1a: Blissey|Seismic Toss|p2a: Alomomola\n|-damage|p2a: Alomomola|46\/100\n|-damage|p1a: Blissey|53\/100|[from] item: Rocky Helmet|[of] p2a: Alomomola\n|move|p2a: Alomomola|Flip Turn|p1a: Blissey\n|-damage|p1a: Blissey|35\/100\n|\n|t:|1698550373\n|switch|p2a: Magearna|Magearna, tera:Fairy|25\/100|[from] Flip Turn\n|-damage|p2a: Magearna|13\/100|[from] Stealth Rock\n|\n|-heal|p2a: Magearna|79\/100|[from] move: Wish|[wisher] Alomomola\n|-heal|p1a: Blissey|41\/100|[from] item: Leftovers\n|upkeep\n|turn|64\n|\n|t:|1698550380\n|move|p1a: Blissey|Soft-Boiled|p1a: Blissey\n|-heal|p1a: Blissey|91\/100\n|move|p2a: Magearna|Volt Switch|p1a: Blissey\n|-damage|p1a: Blissey|83\/100\n|\n|t:|1698550389\n|switch|p2a: Arceus|Arceus-Psychic|85\/100|[from] Volt Switch\n|-damage|p2a: Arceus|73\/100|[from] Stealth Rock\n|\n|-heal|p1a: Blissey|89\/100|[from] item: Leftovers\n|-fieldend|move: Psychic Terrain\n|upkeep\n|turn|65\n|\n|t:|1698550400\n|switch|p1a: Giratina|Giratina, shiny|100\/100\n|-ability|p1a: Giratina|Pressure\n|move|p2a: Arceus|Future Sight|p1a: Giratina\n|-start|p2a: Arceus|move: Future Sight\n|\n|upkeep\n|turn|66\n|\n|t:|1698550407\n|switch|p2a: Indeedee|Indeedee-F, F|90\/100\n|-damage|p2a: Indeedee|77\/100|[from] Stealth Rock\n|-fieldstart|move: Psychic Terrain|[from] ability: Psychic Surge|[of] p2a: Indeedee\n|move|p1a: Giratina|Thunder Wave|p2a: Indeedee\n|-status|p2a: Indeedee|par\n|\n|upkeep\n|turn|67\n|\n|t:|1698550419\n|switch|p1a: Clefable|Clefable, M, tera:Dark|99\/100\n|move|p2a: Indeedee|Psyshock|p1a: Clefable\n|-immune|p1a: Clefable\n|\n|-end|p1a: Clefable|move: Future Sight\n|-immune|p1a: Clefable\n|-heal|p1a: Clefable|100\/100|[from] item: Leftovers\n|upkeep\n|turn|68\n|\n|t:|1698550433\n|switch|p2a: Magearna|Magearna, tera:Fairy|79\/100\n|-damage|p2a: Magearna|67\/100|[from] Stealth Rock\n|move|p1a: Clefable|Calm Mind|p1a: Clefable\n|-boost|p1a: Clefable|spa|1\n|-boost|p1a: Clefable|spd|1\n|\n|upkeep\n|turn|69\n|\n|t:|1698550441\n|move|p1a: Clefable|Protect|p1a: Clefable\n|-singleturn|p1a: Clefable|Protect\n|move|p2a: Magearna|Volt Switch|p1a: Clefable\n|-activate|p1a: Clefable|move: Protect\n|\n|upkeep\n|turn|70\n|\n|t:|1698550444\n|switch|p1a: Blissey|Blissey, F|89\/100\n|move|p2a: Magearna|Volt Switch|p1a: Blissey\n|-damage|p1a: Blissey|81\/100\n|\n|t:|1698550450\n|switch|p2a: Alomomola|Alomomola, F|80\/100|[from] Volt Switch\n|-damage|p2a: Alomomola|67\/100|[from] Stealth Rock\n|\n|-heal|p1a: Blissey|87\/100|[from] item: Leftovers\n|upkeep\n|turn|71\n|\n|t:|1698550457\n|switch|p1a: Giratina|Giratina, shiny|100\/100\n|-ability|p1a: Giratina|Pressure\n|move|p2a: Alomomola|Wish|p2a: Alomomola\n|\n|upkeep\n|turn|72\n|\n|t:|1698550469\n|move|p2a: Alomomola|Flip Turn|p1a: Giratina\n|-resisted|p1a: Giratina\n|-damage|p1a: Giratina|95\/100\n|\n|t:|1698550475\n|switch|p2a: Indeedee|Indeedee-F, F|77\/100 par|[from] Flip Turn\n|-damage|p2a: Indeedee|65\/100 par|[from] Stealth Rock\n|move|p1a: Giratina|Roar|p2a: Indeedee\n|drag|p2a: Arceus|Arceus-Psychic|73\/100\n|-damage|p2a: Arceus|60\/100|[from] Stealth Rock\n|\n|-heal|p2a: Arceus|100\/100|[from] move: Wish|[wisher] Alomomola\n|-heal|p1a: Giratina|100\/100|[from] item: Leftovers\n|upkeep\n|turn|73\n|\n|t:|1698550486\n|move|p2a: Arceus|Future Sight|p1a: Giratina\n|-start|p2a: Arceus|move: Future Sight\n|move|p1a: Giratina|Thunder Wave|p2a: Arceus\n|-status|p2a: Arceus|par\n|\n|-fieldend|move: Psychic Terrain\n|upkeep\n|turn|74\n|\n|t:|1698550497\n|switch|p2a: Alomomola|Alomomola, F|100\/100\n|-damage|p2a: Alomomola|88\/100|[from] Stealth Rock\n|move|p1a: Giratina|Hex|p2a: Alomomola\n|-damage|p2a: Alomomola|68\/100\n|\n|upkeep\n|turn|75\n|\n|t:|1698550503\n|move|p1a: Giratina|Thunder Wave|p2a: Alomomola\n|-status|p2a: Alomomola|par\n|move|p2a: Alomomola|Flip Turn|p1a: Giratina\n|-resisted|p1a: Giratina\n|-damage|p1a: Giratina|96\/100\n|\n|t:|1698550509\n|switch|p2a: Indeedee|Indeedee-F, F|65\/100 par|[from] Flip Turn\n|-damage|p2a: Indeedee|52\/100 par|[from] Stealth Rock\n|-fieldstart|move: Psychic Terrain|[from] ability: Psychic Surge|[of] p2a: Indeedee\n|\n|-end|p1a: Giratina|move: Future Sight\n|-damage|p1a: Giratina|58\/100\n|-heal|p1a: Giratina|65\/100|[from] item: Leftovers\n|upkeep\n|turn|76\n|\n|t:|1698550523\n|switch|p1a: Clefable|Clefable, M, tera:Dark|100\/100\n|switch|p2a: Alomomola|Alomomola, F|100\/100 par\n|-damage|p2a: Alomomola|88\/100 par|[from] Stealth Rock\n|\n|upkeep\n|turn|77\n|\n|t:|1698550530\n|switch|p1a: Giratina|Giratina, shiny|65\/100\n|-ability|p1a: Giratina|Pressure\n|cant|p2a: Alomomola|par\n|\n|-heal|p1a: Giratina|71\/100|[from] item: Leftovers\n|upkeep\n|turn|78\n|\n|t:|1698550534\n|move|p1a: Giratina|Hex|p2a: Alomomola\n|-damage|p2a: Alomomola|48\/100 par\n|cant|p2a: Alomomola|par\n|\n|-heal|p1a: Giratina|77\/100|[from] item: Leftovers\n|upkeep\n|turn|79\n|\n|t:|1698550544\n|move|p1a: Giratina|Hex|p2a: Alomomola\n|-damage|p2a: Alomomola|5\/100 par\n|move|p2a: Alomomola|Mirror Coat|p1a: Giratina\n|-damage|p1a: Giratina|0 fnt\n|faint|p1a: Giratina\n|\n|upkeep\n|c|\u2606leonissenbaum|woah\n|c|\u2606PinkScourge|You get what you deserve\n|c|\u2606PinkScourge|I also run stall teams\n|\n|t:|1698550572\n|switch|p1a: Blissey|Blissey, F|87\/100\n|turn|80\n|\n|t:|1698550577\n|switch|p2a: Arceus|Arceus-Psychic|100\/100 par\n|-damage|p2a: Arceus|88\/100 par|[from] Stealth Rock\n|move|p1a: Blissey|Seismic Toss|p2a: Arceus\n|-damage|p2a: Arceus|66\/100 par\n|\n|-heal|p1a: Blissey|93\/100|[from] item: Leftovers\n|upkeep\n|turn|81\n|c| Laprasrules12|Yeah this is torture\n|\n|t:|1698550598\n|switch|p1a: Dondozo|Dondozo, M|100\/100\n|cant|p2a: Arceus|par\n|\n|upkeep\n|turn|82\n|\n|t:|1698550608\n|move|p2a: Arceus|Future Sight|p1a: Dondozo\n|-start|p2a: Arceus|move: Future Sight\n|move|p1a: Dondozo|Waterfall|p2a: Arceus\n|-damage|p2a: Arceus|49\/100 par\n|\n|-fieldend|move: Psychic Terrain\n|upkeep\n|turn|83\n|\n|t:|1698550614\n|switch|p1a: Clefable|Clefable, M, tera:Dark|100\/100\n|move|p2a: Arceus|Recover|p2a: Arceus\n|-heal|p2a: Arceus|99\/100 par\n|\n|upkeep\n|turn|84\n|\n|t:|1698550623\n|move|p1a: Clefable|Wish|p1a: Clefable\n|cant|p2a: Arceus|par\n|\n|-end|p1a: Clefable|move: Future Sight\n|-immune|p1a: Clefable\n|upkeep\n|turn|85\n|\n|t:|1698550630\n|switch|p1a: Espeon|Espeon, F|52\/100 psn\n|move|p2a: Arceus|Body Press|p1a: Espeon\n|-resisted|p1a: Espeon\n|-damage|p1a: Espeon|34\/100 psn\n|\n|-heal|p1a: Espeon|93\/100 psn|[from] move: Wish|[wisher] Clefable\n|-damage|p1a: Espeon|81\/100 psn|[from] psn\n|upkeep\n|turn|86\n|\n|t:|1698550641\n|switch|p1a: Dondozo|Dondozo, M|100\/100\n|move|p2a: Arceus|Future Sight|p1a: Dondozo\n|-start|p2a: Arceus|move: Future Sight\n|\n|upkeep\n|turn|87\n|\n|t:|1698550652\n|switch|p2a: Slowking|Slowking-Galar, F|97\/100\n|switch|p1a: Clefable|Clefable, M, tera:Dark|100\/100\n|\n|upkeep\n|turn|88\n|\n|t:|1698550665\n|move|p1a: Clefable|Protect|p1a: Clefable\n|-singleturn|p1a: Clefable|Protect\n|move|p2a: Slowking|Sludge Bomb|p1a: Clefable\n|-activate|p1a: Clefable|move: Protect\n|\n|-end|p1a: Clefable|move: Future Sight\n|-immune|p1a: Clefable\n|upkeep\n|turn|89\n|\n|t:|1698550671\n|switch|p1a: Blissey|Blissey, F|93\/100\n|move|p2a: Slowking|Sludge Bomb|p1a: Blissey\n|-damage|p1a: Blissey|82\/100\n|\n|-heal|p1a: Blissey|88\/100|[from] item: Leftovers\n|upkeep\n|turn|90\n|\n|t:|1698550676\n|move|p1a: Blissey|Seismic Toss|p2a: Slowking\n|-damage|p2a: Slowking|72\/100\n|move|p2a: Slowking|Chilly Reception|p2a: Slowking\n|-weather|Snow\n|\n|t:|1698550688\n|switch|p2a: Alomomola|Alomomola, F|39\/100 par|[from] Chilly Reception\n|-damage|p2a: Alomomola|26\/100 par|[from] Stealth Rock\n|\n|-weather|Snow|[upkeep]\n|-heal|p1a: Blissey|95\/100|[from] item: Leftovers\n|upkeep\n|turn|91\n|\n|t:|1698550714\n|switch|p2a: Slowking|Slowking-Galar, F|100\/100\n|move|p1a: Blissey|Seismic Toss|p2a: Slowking\n|-damage|p2a: Slowking|75\/100\n|\n|-weather|Snow|[upkeep]\n|-heal|p1a: Blissey|100\/100|[from] item: Leftovers\n|upkeep\n|turn|92\n|\n|t:|1698550723\n|move|p1a: Blissey|Stealth Rock||[still]\n|-fail|p1a: Blissey\n|move|p2a: Slowking|Future Sight|p1a: Blissey\n|-start|p2a: Slowking|move: Future Sight\n|\n|-weather|Snow|[upkeep]\n|upkeep\n|turn|93\n|\n|t:|1698550730\n|move|p1a: Blissey|Stealth Rock||[still]\n|-fail|p1a: Blissey\n|move|p2a: Slowking|Chilly Reception|p2a: Slowking\n|\n|t:|1698550733\n|switch|p2a: Alomomola|Alomomola, F|60\/100 par|[from] Chilly Reception\n|-damage|p2a: Alomomola|47\/100 par|[from] Stealth Rock\n|\n|-weather|Snow|[upkeep]\n|upkeep\n|turn|94\n|\n|t:|1698550737\n|switch|p2a: Slowking|Slowking-Galar, F|100\/100\n|move|p1a: Blissey|Seismic Toss|p2a: Slowking\n|-damage|p2a: Slowking|75\/100\n|\n|-weather|none\n|-end|p1a: Blissey|move: Future Sight\n|-damage|p1a: Blissey|85\/100\n|-heal|p1a: Blissey|91\/100|[from] item: Leftovers\n|upkeep\n|turn|95\n|\n|t:|1698550750\n|switch|p1a: Espeon|Espeon, F|81\/100 psn\n|move|p2a: Slowking|Sludge Bomb|p1a: Espeon\n|-damage|p1a: Espeon|53\/100 psn\n|\n|-damage|p1a: Espeon|41\/100 psn|[from] psn\n|upkeep\n|turn|96\n|\n|t:|1698550758\n|switch|p2a: Arceus|Arceus-Psychic|99\/100 par\n|-damage|p2a: Arceus|86\/100 par|[from] Stealth Rock\n|move|p1a: Espeon|Morning Sun|p1a: Espeon\n|-heal|p1a: Espeon|91\/100 psn\n|\n|-damage|p1a: Espeon|78\/100 psn|[from] psn\n|upkeep\n|turn|97\n|\n|t:|1698550767\n|switch|p1a: Clefable|Clefable, M, tera:Dark|100\/100\n|move|p2a: Arceus|Future Sight|p1a: Clefable\n|-start|p2a: Arceus|move: Future Sight\n|\n|upkeep\n|turn|98\n|\n|t:|1698550770\n|move|p1a: Clefable|Calm Mind|p1a: Clefable\n|-boost|p1a: Clefable|spa|1\n|-boost|p1a: Clefable|spd|1\n|move|p2a: Arceus|Body Press|p1a: Clefable\n|-supereffective|p1a: Clefable\n|-damage|p1a: Clefable|53\/100\n|\n|-heal|p1a: Clefable|59\/100|[from] item: Leftovers\n|upkeep\n|turn|99\n|\n|t:|1698550777\n|move|p1a: Clefable|Protect|p1a: Clefable\n|-singleturn|p1a: Clefable|Protect\n|move|p2a: Arceus|Perish Song|p2a: Arceus\n|-start|p1a: Clefable|perish3|[silent]\n|-start|p2a: Arceus|perish3|[silent]\n|-fieldactivate|move: Perish Song\n|\n|-end|p1a: Clefable|move: Future Sight\n|-immune|p1a: Clefable\n|-heal|p1a: Clefable|65\/100|[from] item: Leftovers\n|-start|p1a: Clefable|perish3\n|-start|p2a: Arceus|perish3\n|upkeep\n|turn|100\n|c| Laprasrules12|Lets go turn 100\n|\n|t:|1698550786\n|move|p1a: Clefable|Wish|p1a: Clefable\n|move|p2a: Arceus|Future Sight|p1a: Clefable\n|-start|p2a: Arceus|move: Future Sight\n|\n|-heal|p1a: Clefable|71\/100|[from] item: Leftovers\n|-start|p1a: Clefable|perish2\n|-start|p2a: Arceus|perish2\n|upkeep\n|turn|101\n|c|\u2606leonissenbaum|can we get to 300\n|\n|t:|1698550794\n|move|p1a: Clefable|Moonblast|p2a: Arceus\n|-damage|p2a: Arceus|57\/100 par\n|move|p2a: Arceus|Body Press|p1a: Clefable\n|-supereffective|p1a: Clefable\n|-damage|p1a: Clefable|24\/100\n|\n|-heal|p1a: Clefable|74\/100|[from] move: Wish|[wisher] Clefable\n|-heal|p1a: Clefable|80\/100|[from] item: Leftovers\n|-start|p1a: Clefable|perish1\n|-start|p2a: Arceus|perish1\n|upkeep\n|turn|102\n|\n|t:|1698550807\n|switch|p1a: Dondozo|Dondozo, M|100\/100\n|switch|p2a: Mandibuzz|Mandibuzz, F|59\/100\n|-damage|p2a: Mandibuzz|34\/100|[from] Stealth Rock\n|\n|-end|p1a: Dondozo|move: Future Sight\n|-damage|p1a: Dondozo|39\/100\n|upkeep\n|turn|103\n|\n|t:|1698550818\n|move|p2a: Mandibuzz|Roost|p2a: Mandibuzz\n|-heal|p2a: Mandibuzz|84\/100\n|-singleturn|p2a: Mandibuzz|move: Roost\n|move|p1a: Dondozo|Waterfall|p2a: Mandibuzz\n|-damage|p2a: Mandibuzz|64\/100\n|\n|upkeep\n|turn|104\n|\n|t:|1698550828\n|move|p2a: Mandibuzz|Defog|p1a: Dondozo\n|-unboost|p1a: Dondozo|evasion|1\n|-sideend|p2: PinkScourge|Stealth Rock|[from] move: Defog|[of] p2a: Mandibuzz\n|move|p1a: Dondozo|Rest|p1a: Dondozo\n|-status|p1a: Dondozo|slp|[from] move: Rest\n|-heal|p1a: Dondozo|100\/100 slp|[silent]\n|\n|upkeep\n|turn|105\n|\n|t:|1698550835\n|move|p2a: Mandibuzz|U-turn|p1a: Dondozo\n|-damage|p1a: Dondozo|95\/100 slp\n|-damage|p2a: Mandibuzz|47\/100|[from] item: Rocky Helmet|[of] p1a: Dondozo\n|\n|t:|1698550843\n|switch|p2a: Slowking|Slowking-Galar, F|100\/100|[from] U-turn\n|cant|p1a: Dondozo|slp\n|move|p1a: Dondozo|Sleep Talk|p1a: Dondozo\n|move|p1a: Dondozo|Waterfall|p2a: Slowking|[from]move: Sleep Talk\n|-damage|p2a: Slowking|73\/100\n|\n|upkeep\n|turn|106\n|\n|t:|1698550852\n|switch|p1a: Blissey|Blissey, F|91\/100\n|move|p2a: Slowking|Future Sight|p1a: Blissey\n|-start|p2a: Slowking|move: Future Sight\n|\n|-heal|p1a: Blissey|97\/100|[from] item: Leftovers\n|upkeep\n|turn|107\n|\n|t:|1698550857\n|move|p1a: Blissey|Stealth Rock|p2a: Slowking\n|-sidestart|p2: PinkScourge|move: Stealth Rock\n|move|p2a: Slowking|Chilly Reception|p2a: Slowking\n|-weather|Snow\n|\n|t:|1698550862\n|switch|p2a: Alomomola|Alomomola, F|80\/100 par|[from] Chilly Reception\n|-damage|p2a: Alomomola|68\/100 par|[from] Stealth Rock\n|\n|-weather|Snow|[upkeep]\n|-heal|p1a: Blissey|100\/100|[from] item: Leftovers\n|upkeep\n|turn|108\n|\n|t:|1698550871\n|switch|p1a: Clefable|Clefable, M, tera:Dark|80\/100\n|cant|p2a: Alomomola|par\n|\n|-weather|Snow|[upkeep]\n|-end|p1a: Clefable|move: Future Sight\n|-immune|p1a: Clefable\n|-heal|p1a: Clefable|86\/100|[from] item: Leftovers\n|upkeep\n|turn|109\n|\n|t:|1698550884\n|move|p1a: Clefable|Moonblast|p2a: Alomomola\n|-damage|p2a: Alomomola|39\/100 par\n|move|p2a: Alomomola|Wish|p2a: Alomomola\n|\n|-weather|Snow|[upkeep]\n|-heal|p1a: Clefable|92\/100|[from] item: Leftovers\n|upkeep\n|turn|110\n|\n|t:|1698550890\n|switch|p1a: Dondozo|Dondozo, M|95\/100 slp\n|cant|p2a: Alomomola|par\n|\n|-weather|Snow|[upkeep]\n|-heal|p2a: Alomomola|89\/100 par|[from] move: Wish|[wisher] Alomomola\n|upkeep\n|turn|111\n|\n|t:|1698550895\n|cant|p1a: Dondozo|slp\n|move|p1a: Dondozo|Sleep Talk|p1a: Dondozo\n|move|p1a: Dondozo|Rest||[from]move: Sleep Talk|[still]\n|-fail|p1a: Dondozo\n|cant|p2a: Alomomola|par\n|\n|-weather|none\n|upkeep\n|turn|112\n|\n|t:|1698550902\n|switch|p1a: Clefable|Clefable, M, tera:Dark|92\/100\n|move|p2a: Alomomola|Wish|p2a: Alomomola\n|\n|-heal|p1a: Clefable|98\/100|[from] item: Leftovers\n|upkeep\n|turn|113\n|\n|t:|1698550909\n|move|p1a: Clefable|Calm Mind|p1a: Clefable\n|-boost|p1a: Clefable|spa|1\n|-boost|p1a: Clefable|spd|1\n|move|p2a: Alomomola|Flip Turn|p1a: Clefable\n|-damage|p1a: Clefable|80\/100\n|\n|t:|1698550919\n|switch|p2a: Arceus|Arceus-Psychic|57\/100 par|[from] Flip Turn\n|-damage|p2a: Arceus|45\/100 par|[from] Stealth Rock\n|\n|-heal|p2a: Arceus|99\/100 par|[from] move: Wish|[wisher] Alomomola\n|-heal|p1a: Clefable|87\/100|[from] item: Leftovers\n|upkeep\n|turn|114\n|c|\u2606PinkScourge|You'll run out of PP before me\n|\n|t:|1698550934\n|switch|p1a: Dondozo|Dondozo, M|95\/100 slp\n|cant|p2a: Arceus|par\n|\n|upkeep\n|turn|115\n|c|\u2606PinkScourge|Because of the para lol\n|c|\u2606leonissenbaum|o no\n|c|\u2606PinkScourge|Hell yes\n|\n|t:|1698550954\n|switch|p2a: Alomomola|Alomomola, F|100\/100 par\n|-damage|p2a: Alomomola|88\/100 par|[from] Stealth Rock\n|-curestatus|p1a: Dondozo|slp|[msg]\n|move|p1a: Dondozo|Waterfall|p2a: Alomomola\n|-resisted|p2a: Alomomola\n|-damage|p2a: Alomomola|80\/100 par\n|-damage|p1a: Dondozo|78\/100|[from] item: Rocky Helmet|[of] p2a: Alomomola\n|\n|upkeep\n|turn|116\n|c| Laprasrules12|And the regen\n|c|\u2606PinkScourge|Indeed\n|c|\u2606PinkScourge|You can't win\n|\n|t:|1698550971\n|switch|p1a: Blissey|Blissey, F|100\/100\n|move|p2a: Alomomola|Wish|p2a: Alomomola\n|\n|upkeep\n|turn|117\n|c|\u2606leonissenbaum|i believe\n|\n|t:|1698550984\n|switch|p1a: Dondozo|Dondozo, M|78\/100\n|move|p2a: Alomomola|Flip Turn|p1a: Dondozo\n|-resisted|p1a: Dondozo\n|-damage|p1a: Dondozo|75\/100\n|-damage|p2a: Alomomola|63\/100 par|[from] item: Rocky Helmet|[of] p1a: Dondozo\n|c| Laprasrules12|Should of had Espathra\n|\n|t:|1698550991\n|switch|p2a: Indeedee|Indeedee-F, F|52\/100 par|[from] Flip Turn\n|-damage|p2a: Indeedee|40\/100 par|[from] Stealth Rock\n|-fieldstart|move: Psychic Terrain|[from] ability: Psychic Surge|[of] p2a: Indeedee\n|\n|-heal|p2a: Indeedee|100\/100 par|[from] move: Wish|[wisher] Alomomola\n|upkeep\n|turn|118\n|c|\u2606leonissenbaum|tru\n|\n|t:|1698551011\n|switch|p2a: Slowking|Slowking-Galar, F|100\/100\n|switch|p1a: Clefable|Clefable, M, tera:Dark|87\/100\n|\n|-heal|p1a: Clefable|93\/100|[from] item: Leftovers\n|upkeep\n|turn|119\n|\n|t:|1698551022\n|switch|p1a: Blissey|Blissey, F|100\/100\n|move|p2a: Slowking|Sludge Bomb|p1a: Blissey\n|-damage|p1a: Blissey|90\/100\n|-status|p1a: Blissey|psn\n|\n|-heal|p1a: Blissey|96\/100 psn|[from] item: Leftovers\n|-damage|p1a: Blissey|84\/100 psn|[from] psn\n|upkeep\n|turn|120\n|\n|t:|1698551031\n|-curestatus|p1a: Blissey|psn|[from] ability: Natural Cure\n|switch|p1a: Dondozo|Dondozo, M|75\/100\n|move|p2a: Slowking|Future Sight|p1a: Dondozo\n|-start|p2a: Slowking|move: Future Sight\n|\n|upkeep\n|turn|121\n|\n|t:|1698551039\n|switch|p1a: Blissey|Blissey, F|84\/100\n|move|p2a: Slowking|Chilly Reception|p2a: Slowking\n|-weather|Snow\n|\n|t:|1698551044\n|switch|p2a: Magearna|Magearna, tera:Fairy|67\/100|[from] Chilly Reception\n|-damage|p2a: Magearna|54\/100|[from] Stealth Rock\n|\n|-weather|Snow|[upkeep]\n|-heal|p1a: Blissey|90\/100|[from] item: Leftovers\n|upkeep\n|turn|122\n|\n|t:|1698551051\n|move|p1a: Blissey|Seismic Toss|p2a: Magearna\n|-damage|p2a: Magearna|27\/100\n|move|p2a: Magearna|Fleur Cannon|p1a: Blissey\n|-crit|p1a: Blissey\n|-damage|p1a: Blissey|43\/100\n|-unboost|p2a: Magearna|spa|2\n|\n|-weather|Snow|[upkeep]\n|-end|p1a: Blissey|move: Future Sight\n|-damage|p1a: Blissey|24\/100\n|-heal|p1a: Blissey|31\/100|[from] item: Leftovers\n|upkeep\n|turn|123\n|\n|t:|1698551066\n|switch|p2a: Slowking|Slowking-Galar, F|100\/100\n|move|p1a: Blissey|Soft-Boiled|p1a: Blissey\n|-heal|p1a: Blissey|81\/100\n|\n|-weather|Snow|[upkeep]\n|-heal|p1a: Blissey|87\/100|[from] item: Leftovers\n|upkeep\n|turn|124\n|\n|t:|1698551086\n|switch|p1a: Espeon|Espeon, F|78\/100 psn\n|move|p2a: Slowking|Future Sight|p1a: Espeon\n|-start|p2a: Slowking|move: Future Sight\n|\n|-weather|Snow|[upkeep]\n|-damage|p1a: Espeon|66\/100 psn|[from] psn\n|-fieldend|move: Psychic Terrain\n|upkeep\n|turn|125\n|\n|t:|1698551102\n|switch|p2a: Arceus|Arceus-Psychic|99\/100 par\n|-damage|p2a: Arceus|87\/100 par|[from] Stealth Rock\n|move|p1a: Espeon|Trick||[still]\n|-fail|p1a: Espeon\n|\n|-weather|none\n|-damage|p1a: Espeon|54\/100 psn|[from] psn\n|upkeep\n|turn|126\n|\n|t:|1698551110\n|switch|p1a: Clefable|Clefable, M, tera:Dark|93\/100\n|move|p2a: Arceus|Body Press|p1a: Clefable\n|-supereffective|p1a: Clefable\n|-damage|p1a: Clefable|45\/100\n|\n|-end|p1a: Clefable|move: Future Sight\n|-immune|p1a: Clefable\n|-heal|p1a: Clefable|51\/100|[from] item: Leftovers\n|upkeep\n|turn|127\n|\n|t:|1698551120\n|switch|p2a: Slowking|Slowking-Galar, F|100\/100\n|move|p1a: Clefable|Protect||[still]\n|-fail|p1a: Clefable\n|\n|-heal|p1a: Clefable|57\/100|[from] item: Leftovers\n|upkeep\n|turn|128\n|\n|t:|1698551130\n|switch|p1a: Blissey|Blissey, F|87\/100\n|move|p2a: Slowking|Future Sight|p1a: Blissey\n|-start|p2a: Slowking|move: Future Sight\n|\n|-heal|p1a: Blissey|93\/100|[from] item: Leftovers\n|upkeep\n|turn|129\n|\n|t:|1698551142\n|move|p1a: Blissey|Shadow Ball|p2a: Slowking\n|-supereffective|p2a: Slowking\n|-damage|p2a: Slowking|84\/100\n|move|p2a: Slowking|Sludge Bomb|p1a: Blissey\n|-damage|p1a: Blissey|83\/100\n|\n|-heal|p1a: Blissey|89\/100|[from] item: Leftovers\n|upkeep\n|turn|130\n|\n|t:|1698551150\n|move|p1a: Blissey|Shadow Ball|p2a: Slowking\n|-supereffective|p2a: Slowking\n|-damage|p2a: Slowking|65\/100\n|move|p2a: Slowking|Sludge Bomb|p1a: Blissey\n|-damage|p1a: Blissey|78\/100\n|\n|-end|p1a: Blissey|move: Future Sight\n|-damage|p1a: Blissey|64\/100\n|-heal|p1a: Blissey|70\/100|[from] item: Leftovers\n|upkeep\n|turn|131\n|\n|t:|1698551160\n|move|p1a: Blissey|Shadow Ball|p2a: Slowking\n|-supereffective|p2a: Slowking\n|-damage|p2a: Slowking|48\/100\n|move|p2a: Slowking|Chilly Reception|p2a: Slowking\n|-weather|Snow\n|\n|t:|1698551164\n|switch|p2a: Alomomola|Alomomola, F|97\/100 par|[from] Chilly Reception\n|-damage|p2a: Alomomola|84\/100 par|[from] Stealth Rock\n|\n|-weather|Snow|[upkeep]\n|-heal|p1a: Blissey|76\/100|[from] item: Leftovers\n|upkeep\n|turn|132\n|\n|t:|1698551186\n|switch|p1a: Dondozo|Dondozo, M|75\/100\n|move|p2a: Alomomola|Wish|p2a: Alomomola\n|\n|-weather|Snow|[upkeep]\n|upkeep\n|turn|133\n|\n|t:|1698551191\n|move|p1a: Dondozo|Waterfall|p2a: Alomomola\n|-resisted|p2a: Alomomola\n|-damage|p2a: Alomomola|76\/100 par\n|-damage|p1a: Dondozo|58\/100|[from] item: Rocky Helmet|[of] p2a: Alomomola\n|move|p2a: Alomomola|Flip Turn|p1a: Dondozo\n|-resisted|p1a: Dondozo\n|-damage|p1a: Dondozo|54\/100\n|-damage|p2a: Alomomola|59\/100 par|[from] item: Rocky Helmet|[of] p1a: Dondozo\n|\n|t:|1698551194\n|switch|p2a: Magearna|Magearna, tera:Fairy|27\/100|[from] Flip Turn\n|-damage|p2a: Magearna|15\/100|[from] Stealth Rock\n|\n|-weather|Snow|[upkeep]\n|-heal|p2a: Magearna|80\/100|[from] move: Wish|[wisher] Alomomola\n|upkeep\n|turn|134\n|\n|t:|1698551206\n|switch|p1a: Blissey|Blissey, F|76\/100\n|move|p2a: Magearna|Volt Switch|p1a: Blissey\n|-damage|p1a: Blissey|68\/100\n|\n|t:|1698551212\n|switch|p2a: Alomomola|Alomomola, F|92\/100 par|[from] Volt Switch\n|-damage|p2a: Alomomola|80\/100 par|[from] Stealth Rock\n|\n|-weather|Snow|[upkeep]\n|-heal|p1a: Blissey|74\/100|[from] item: Leftovers\n|upkeep\n|turn|135\n|\n|t:|1698551220\n|move|p1a: Blissey|Shadow Ball|p2a: Alomomola\n|-damage|p2a: Alomomola|67\/100 par\n|cant|p2a: Alomomola|par\n|\n|-weather|none\n|-heal|p1a: Blissey|80\/100|[from] item: Leftovers\n|upkeep\n|turn|136\n|\n|t:|1698551231\n|switch|p1a: Espeon|Espeon, F|54\/100 psn\n|move|p2a: Alomomola|Mirror Coat||[still]\n|-fail|p2a: Alomomola\n|\n|-damage|p1a: Espeon|42\/100 psn|[from] psn\n|upkeep\n|turn|137\n|\n|t:|1698551238\n|switch|p2a: Arceus|Arceus-Psychic|87\/100 par\n|-damage|p2a: Arceus|74\/100 par|[from] Stealth Rock\n|move|p1a: Espeon|Trick||[still]\n|-fail|p1a: Espeon\n|\n|-damage|p1a: Espeon|29\/100 psn|[from] psn\n|upkeep\n|turn|138\n|\n|t:|1698551249\n|switch|p1a: Dondozo|Dondozo, M|54\/100\n|switch|p2a: Slowking|Slowking-Galar, F|81\/100\n|\n|upkeep\n|turn|139\n|\n|t:|1698551255\n|switch|p1a: Blissey|Blissey, F|80\/100\n|move|p2a: Slowking|Future Sight|p1a: Blissey\n|-start|p2a: Slowking|move: Future Sight\n|\n|-heal|p1a: Blissey|86\/100|[from] item: Leftovers\n|upkeep\n|turn|140\n|\n|t:|1698551264\n|move|p1a: Blissey|Stealth Rock||[still]\n|-fail|p1a: Blissey\n|move|p2a: Slowking|Chilly Reception|p2a: Slowking\n|-weather|Snow\n|\n|t:|1698551271\n|switch|p2a: Magearna|Magearna, tera:Fairy|80\/100|[from] Chilly Reception\n|-damage|p2a: Magearna|68\/100|[from] Stealth Rock\n|\n|-weather|Snow|[upkeep]\n|-heal|p1a: Blissey|92\/100|[from] item: Leftovers\n|upkeep\n|turn|141\n|\n|t:|1698551279\n|move|p1a: Blissey|Seismic Toss|p2a: Magearna\n|-damage|p2a: Magearna|41\/100\n|move|p2a: Magearna|Volt Switch|p1a: Blissey\n|-damage|p1a: Blissey|84\/100\n|\n|t:|1698551286\n|switch|p2a: Alomomola|Alomomola, F|99\/100 par|[from] Volt Switch\n|-damage|p2a: Alomomola|87\/100 par|[from] Stealth Rock\n|\n|-weather|Snow|[upkeep]\n|-end|p1a: Blissey|move: Future Sight\n|-damage|p1a: Blissey|71\/100\n|-heal|p1a: Blissey|77\/100|[from] item: Leftovers\n|upkeep\n|turn|142\n|\n|t:|1698551301\n|switch|p1a: Dondozo|Dondozo, M|54\/100\n|move|p2a: Alomomola|Wish|p2a: Alomomola\n|\n|-weather|Snow|[upkeep]\n|upkeep\n|turn|143\n|\n|t:|1698551306\n|move|p1a: Dondozo|Rest|p1a: Dondozo\n|-status|p1a: Dondozo|slp|[from] move: Rest\n|-heal|p1a: Dondozo|100\/100 slp|[silent]\n|cant|p2a: Alomomola|par\n|\n|-weather|Snow|[upkeep]\n|-heal|p2a: Alomomola|100\/100 par|[from] move: Wish|[wisher] Alomomola\n|upkeep\n|turn|144\n|\n|t:|1698551316\n|switch|p1a: Espeon|Espeon, F|29\/100 psn\n|move|p2a: Alomomola|Wish|p2a: Alomomola\n|\n|-weather|none\n|-damage|p1a: Espeon|17\/100 psn|[from] psn\n|upkeep\n|turn|145\n|\n|t:|1698551322\n|move|p1a: Espeon|Morning Sun|p1a: Espeon\n|-heal|p1a: Espeon|67\/100 psn\n|move|p2a: Alomomola|Flip Turn|p1a: Espeon\n|-damage|p1a: Espeon|40\/100 psn\n|\n|t:|1698551329\n|switch|p2a: Magearna|Magearna, tera:Fairy|41\/100|[from] Flip Turn\n|-damage|p2a: Magearna|28\/100|[from] Stealth Rock\n|\n|-heal|p2a: Magearna|94\/100|[from] move: Wish|[wisher] Alomomola\n|-damage|p1a: Espeon|27\/100 psn|[from] psn\n|upkeep\n|turn|146\n|\n|t:|1698551335\n|switch|p1a: Blissey|Blissey, F|77\/100\n|move|p2a: Magearna|Volt Switch|p1a: Blissey\n|-damage|p1a: Blissey|69\/100\n|\n|t:|1698551353\n|switch|p2a: Mandibuzz|Mandibuzz, F|47\/100|[from] Volt Switch\n|-damage|p2a: Mandibuzz|22\/100|[from] Stealth Rock\n|\n|-heal|p1a: Blissey|75\/100|[from] item: Leftovers\n|upkeep\n|turn|147\n|\n|t:|1698551363\n|move|p2a: Mandibuzz|Roost|p2a: Mandibuzz\n|-heal|p2a: Mandibuzz|72\/100\n|-singleturn|p2a: Mandibuzz|move: Roost\n|move|p1a: Blissey|Seismic Toss|p2a: Mandibuzz\n|-damage|p2a: Mandibuzz|49\/100\n|\n|-heal|p1a: Blissey|81\/100|[from] item: Leftovers\n|upkeep\n|turn|148\n|\n|t:|1698551371\n|move|p2a: Mandibuzz|Roost|p2a: Mandibuzz\n|-heal|p2a: Mandibuzz|99\/100\n|-singleturn|p2a: Mandibuzz|move: Roost\n|move|p1a: Blissey|Seismic Toss|p2a: Mandibuzz\n|-damage|p2a: Mandibuzz|75\/100\n|\n|-heal|p1a: Blissey|87\/100|[from] item: Leftovers\n|upkeep\n|turn|149\n|\n|t:|1698551380\n|move|p2a: Mandibuzz|U-turn|p1a: Blissey\n|-damage|p1a: Blissey|76\/100\n|\n|t:|1698551392\n|switch|p2a: Alomomola|Alomomola, F|100\/100 par|[from] U-turn\n|-damage|p2a: Alomomola|88\/100 par|[from] Stealth Rock\n|move|p1a: Blissey|Seismic Toss|p2a: Alomomola\n|-damage|p2a: Alomomola|67\/100 par\n|-damage|p1a: Blissey|59\/100|[from] item: Rocky Helmet|[of] p2a: Alomomola\n|\n|-heal|p1a: Blissey|65\/100|[from] item: Leftovers\n|upkeep\n|turn|150\n|\n|t:|1698551406\n|switch|p1a: Clefable|Clefable, M, tera:Dark|57\/100\n|move|p2a: Alomomola|Flip Turn|p1a: Clefable\n|-damage|p1a: Clefable|40\/100\n|\n|t:|1698551411\n|switch|p2a: Magearna|Magearna, tera:Fairy|94\/100|[from] Flip Turn\n|-damage|p2a: Magearna|82\/100|[from] Stealth Rock\n|\n|-heal|p1a: Clefable|46\/100|[from] item: Leftovers\n|upkeep\n|turn|151\n|\n|t:|1698551418\n|move|p1a: Clefable|Protect|p1a: Clefable\n|-singleturn|p1a: Clefable|Protect\n|move|p2a: Magearna|Volt Switch|p1a: Clefable\n|-activate|p1a: Clefable|move: Protect\n|\n|-heal|p1a: Clefable|52\/100|[from] item: Leftovers\n|upkeep\n|turn|152\n|\n|t:|1698551426\n|switch|p1a: Blissey|Blissey, F|65\/100\n|move|p2a: Magearna|Volt Switch|p1a: Blissey\n|-damage|p1a: Blissey|57\/100\n|\n|t:|1698551437\n|switch|p2a: Slowking|Slowking-Galar, F|100\/100|[from] Volt Switch\n|\n|-heal|p1a: Blissey|63\/100|[from] item: Leftovers\n|upkeep\n|turn|153\n|\n|t:|1698551445\n|move|p1a: Blissey|Shadow Ball|p2a: Slowking\n|-supereffective|p2a: Slowking\n|-damage|p2a: Slowking|82\/100\n|move|p2a: Slowking|Future Sight|p1a: Blissey\n|-start|p2a: Slowking|move: Future Sight\n|\n|-heal|p1a: Blissey|69\/100|[from] item: Leftovers\n|upkeep\n|turn|154\n|\n|t:|1698551452\n|move|p1a: Blissey|Shadow Ball|p2a: Slowking\n|-supereffective|p2a: Slowking\n|-damage|p2a: Slowking|63\/100\n|move|p2a: Slowking|Sludge Bomb|p1a: Blissey\n|-damage|p1a: Blissey|58\/100\n|\n|-heal|p1a: Blissey|64\/100|[from] item: Leftovers\n|upkeep\n|turn|155\n|\n|t:|1698551458\n|move|p1a: Blissey|Shadow Ball|p2a: Slowking\n|-supereffective|p2a: Slowking\n|-damage|p2a: Slowking|44\/100\n|move|p2a: Slowking|Sludge Bomb|p1a: Blissey\n|-damage|p1a: Blissey|54\/100\n|\n|-end|p1a: Blissey|move: Future Sight\n|-damage|p1a: Blissey|38\/100\n|-heal|p1a: Blissey|44\/100|[from] item: Leftovers\n|upkeep\n|turn|156\n|\n|t:|1698551466\n|move|p1a: Blissey|Soft-Boiled|p1a: Blissey\n|-heal|p1a: Blissey|94\/100\n|move|p2a: Slowking|Future Sight|p1a: Blissey\n|-start|p2a: Slowking|move: Future Sight\n|\n|-heal|p1a: Blissey|100\/100|[from] item: Leftovers\n|upkeep\n|turn|157\n|\n|t:|1698551471\n|move|p1a: Blissey|Shadow Ball|p2a: Slowking\n|-supereffective|p2a: Slowking\n|-damage|p2a: Slowking|26\/100\n|move|p2a: Slowking|Sludge Bomb|p1a: Blissey\n|-damage|p1a: Blissey|89\/100\n|\n|-heal|p1a: Blissey|95\/100|[from] item: Leftovers\n|upkeep\n|turn|158\n|\n|t:|1698551478\n|switch|p2a: Alomomola|Alomomola, F|100\/100 par\n|-damage|p2a: Alomomola|88\/100 par|[from] Stealth Rock\n|move|p1a: Blissey|Shadow Ball|p2a: Alomomola\n|-damage|p2a: Alomomola|75\/100 par\n|-unboost|p2a: Alomomola|spd|1\n|\n|-end|p1a: Blissey|move: Future Sight\n|-damage|p1a: Blissey|82\/100\n|-heal|p1a: Blissey|88\/100|[from] item: Leftovers\n|upkeep\n|turn|159\n|\n|t:|1698551496\n|switch|p1a: Clefable|Clefable, M, tera:Dark|52\/100\n|move|p2a: Alomomola|Flip Turn|p1a: Clefable\n|-damage|p1a: Clefable|35\/100\n|\n|t:|1698551501\n|switch|p2a: Magearna|Magearna, tera:Fairy|82\/100|[from] Flip Turn\n|-damage|p2a: Magearna|69\/100|[from] Stealth Rock\n|\n|-heal|p1a: Clefable|41\/100|[from] item: Leftovers\n|upkeep\n|turn|160\n|\n|t:|1698551507\n|move|p1a: Clefable|Protect|p1a: Clefable\n|-singleturn|p1a: Clefable|Protect\n|move|p2a: Magearna|Volt Switch|p1a: Clefable\n|-activate|p1a: Clefable|move: Protect\n|\n|-heal|p1a: Clefable|47\/100|[from] item: Leftovers\n|upkeep\n|turn|161\n|\n|t:|1698551516\n|switch|p1a: Blissey|Blissey, F|88\/100\n|move|p2a: Magearna|Volt Switch|p1a: Blissey\n|-damage|p1a: Blissey|79\/100\n|\n|t:|1698551529\n|switch|p2a: Slowking|Slowking-Galar, F|60\/100|[from] Volt Switch\n|\n|-heal|p1a: Blissey|86\/100|[from] item: Leftovers\n|upkeep\n|turn|162\n|\n|t:|1698551535\n|move|p1a: Blissey|Shadow Ball|p2a: Slowking\n|-supereffective|p2a: Slowking\n|-damage|p2a: Slowking|43\/100\n|move|p2a: Slowking|Future Sight|p1a: Blissey\n|-start|p2a: Slowking|move: Future Sight\n|\n|-heal|p1a: Blissey|92\/100|[from] item: Leftovers\n|upkeep\n|turn|163\n|\n|t:|1698551540\n|move|p1a: Blissey|Shadow Ball|p2a: Slowking\n|-supereffective|p2a: Slowking\n|-damage|p2a: Slowking|24\/100\n|-unboost|p2a: Slowking|spd|1\n|move|p2a: Slowking|Sludge Bomb|p1a: Blissey\n|-damage|p1a: Blissey|81\/100\n|\n|-heal|p1a: Blissey|87\/100|[from] item: Leftovers\n|upkeep\n|turn|164\n|\n|t:|1698551548\n|switch|p2a: Alomomola|Alomomola, F|100\/100 par\n|-damage|p2a: Alomomola|88\/100 par|[from] Stealth Rock\n|move|p1a: Blissey|Shadow Ball|p2a: Alomomola\n|-crit|p2a: Alomomola\n|-damage|p2a: Alomomola|67\/100 par\n|\n|-end|p1a: Blissey|move: Future Sight\n|-crit|p1a: Blissey\n|-damage|p1a: Blissey|65\/100\n|-heal|p1a: Blissey|71\/100|[from] item: Leftovers\n|upkeep\n|turn|165\n|\n|t:|1698551558\n|switch|p1a: Dondozo|Dondozo, M|100\/100 slp\n|move|p2a: Alomomola|Flip Turn|p1a: Dondozo\n|-resisted|p1a: Dondozo\n|-damage|p1a: Dondozo|97\/100 slp\n|-damage|p2a: Alomomola|51\/100 par|[from] item: Rocky Helmet|[of] p1a: Dondozo\n|\n|t:|1698551568\n|switch|p2a: Magearna|Magearna, tera:Fairy|69\/100|[from] Flip Turn\n|-damage|p2a: Magearna|57\/100|[from] Stealth Rock\n|\n|upkeep\n|turn|166\n|\n|t:|1698551574\n|switch|p1a: Blissey|Blissey, F|71\/100\n|move|p2a: Magearna|Volt Switch|p1a: Blissey\n|-damage|p1a: Blissey|64\/100\n|\n|t:|1698551580\n|switch|p2a: Slowking|Slowking-Galar, F|57\/100|[from] Volt Switch\n|\n|-heal|p1a: Blissey|70\/100|[from] item: Leftovers\n|upkeep\n|turn|167\n|\n|t:|1698551593\n|move|p1a: Blissey|Shadow Ball|p2a: Slowking\n|-supereffective|p2a: Slowking\n|-damage|p2a: Slowking|39\/100\n|move|p2a: Slowking|Future Sight|p1a: Blissey\n|-start|p2a: Slowking|move: Future Sight\n|\n|-heal|p1a: Blissey|76\/100|[from] item: Leftovers\n|upkeep\n|turn|168\n|\n|t:|1698551599\n|switch|p2a: Alomomola|Alomomola, F|84\/100 par\n|-damage|p2a: Alomomola|72\/100 par|[from] Stealth Rock\n|move|p1a: Blissey|Shadow Ball|p2a: Alomomola\n|-damage|p2a: Alomomola|59\/100 par\n|\n|-heal|p1a: Blissey|82\/100|[from] item: Leftovers\n|upkeep\n|turn|169\n|\n|t:|1698551608\n|move|p1a: Blissey|Stealth Rock||[still]\n|-fail|p1a: Blissey\n|cant|p2a: Alomomola|par\n|\n|-end|p1a: Blissey|move: Future Sight\n|-damage|p1a: Blissey|68\/100\n|-heal|p1a: Blissey|74\/100|[from] item: Leftovers\n|upkeep\n|turn|170\n|\n|t:|1698551619\n|switch|p1a: Clefable|Clefable, M, tera:Dark|47\/100\n|cant|p2a: Alomomola|par\n|\n|-heal|p1a: Clefable|54\/100|[from] item: Leftovers\n|upkeep\n|turn|171\n|\n|t:|1698551627\n|move|p1a: Clefable|Wish|p1a: Clefable\n|move|p2a: Alomomola|Flip Turn|p1a: Clefable\n|-damage|p1a: Clefable|34\/100\n|\n|t:|1698551633\n|switch|p2a: Slowking|Slowking-Galar, F|72\/100|[from] Flip Turn\n|\n|-heal|p1a: Clefable|40\/100|[from] item: Leftovers\n|upkeep\n|turn|172\n|\n|t:|1698551642\n|move|p1a: Clefable|Protect|p1a: Clefable\n|-singleturn|p1a: Clefable|Protect\n|move|p2a: Slowking|Future Sight|p1a: Clefable\n|-start|p2a: Slowking|move: Future Sight\n|\n|-heal|p1a: Clefable|90\/100|[from] move: Wish|[wisher] Clefable\n|-heal|p1a: Clefable|96\/100|[from] item: Leftovers\n|upkeep\n|turn|173\n|\n|t:|1698551651\n|switch|p1a: Blissey|Blissey, F|74\/100\n|move|p2a: Slowking|Chilly Reception|p2a: Slowking\n|-weather|Snow\n|\n|t:|1698551656\n|switch|p2a: Arceus|Arceus-Psychic|74\/100 par|[from] Chilly Reception\n|-damage|p2a: Arceus|62\/100 par|[from] Stealth Rock\n|\n|-weather|Snow|[upkeep]\n|-heal|p1a: Blissey|80\/100|[from] item: Leftovers\n|upkeep\n|turn|174\n|\n|t:|1698551663\n|switch|p1a: Clefable|Clefable, M, tera:Dark|96\/100\n|move|p2a: Arceus|Body Press|p1a: Clefable\n|-supereffective|p1a: Clefable\n|-damage|p1a: Clefable|48\/100\n|\n|-weather|Snow|[upkeep]\n|-end|p1a: Clefable|move: Future Sight\n|-immune|p1a: Clefable\n|-heal|p1a: Clefable|54\/100|[from] item: Leftovers\n|upkeep\n|turn|175\n|\n|t:|1698551672\n|move|p1a: Clefable|Wish|p1a: Clefable\n|cant|p2a: Arceus|par\n|\n|-weather|Snow|[upkeep]\n|-heal|p1a: Clefable|60\/100|[from] item: Leftovers\n|upkeep\n|turn|176\n|\n|t:|1698551697\n|move|p1a: Clefable|Moonblast|p2a: Arceus\n|-damage|p2a: Arceus|40\/100 par\n|-unboost|p2a: Arceus|spa|1\n|move|p2a: Arceus|Recover|p2a: Arceus\n|-heal|p2a: Arceus|90\/100 par\n|\n|-weather|Snow|[upkeep]\n|-heal|p1a: Clefable|100\/100|[from] move: Wish|[wisher] Clefable\n|upkeep\n|turn|177\n|inactive|leonissenbaum has 270 seconds left.\n|\n|t:|1698551713\n|switch|p2a: Slowking|Slowking-Galar, F|100\/100\n|move|p1a: Clefable|Moonblast|p2a: Slowking\n|-resisted|p2a: Slowking\n|-damage|p2a: Slowking|90\/100\n|\n|-weather|none\n|upkeep\n|turn|178\n|\n|t:|1698551720\n|switch|p1a: Blissey|Blissey, F|80\/100\n|switch|p2a: Alomomola|Alomomola, F|92\/100 par\n|-damage|p2a: Alomomola|80\/100 par|[from] Stealth Rock\n|\n|-heal|p1a: Blissey|87\/100|[from] item: Leftovers\n|upkeep\n|turn|179\n|\n|t:|1698551729\n|switch|p1a: Dondozo|Dondozo, M|97\/100 slp\n|switch|p2a: Slowking|Slowking-Galar, F|100\/100\n|\n|upkeep\n|turn|180\n|\n|t:|1698551738\n|switch|p1a: Blissey|Blissey, F|87\/100\n|move|p2a: Slowking|Future Sight|p1a: Blissey\n|-start|p2a: Slowking|move: Future Sight\n|\n|-heal|p1a: Blissey|93\/100|[from] item: Leftovers\n|upkeep\n|turn|181\n|\n|t:|1698551746\n|switch|p2a: Indeedee|Indeedee-F, F|100\/100 par\n|-damage|p2a: Indeedee|88\/100 par|[from] Stealth Rock\n|-fieldstart|move: Psychic Terrain|[from] ability: Psychic Surge|[of] p2a: Indeedee\n|move|p1a: Blissey|Stealth Rock||[still]\n|-fail|p1a: Blissey\n|\n|-heal|p1a: Blissey|99\/100|[from] item: Leftovers\n|upkeep\n|turn|182\n|\n|t:|1698551756\n|switch|p1a: Clefable|Clefable, M, tera:Dark|100\/100\n|switch|p2a: Arceus|Arceus-Psychic|90\/100 par\n|-damage|p2a: Arceus|78\/100 par|[from] Stealth Rock\n|\n|-end|p1a: Clefable|move: Future Sight\n|-immune|p1a: Clefable\n|upkeep\n|turn|183\n|\n|t:|1698551767\n|switch|p1a: Dondozo|Dondozo, M|97\/100 slp\n|move|p2a: Arceus|Body Press|p1a: Dondozo\n|-damage|p1a: Dondozo|87\/100 slp\n|-damage|p2a: Arceus|61\/100 par|[from] item: Rocky Helmet|[of] p1a: Dondozo\n|\n|upkeep\n|turn|184\n|\n|t:|1698551775\n|move|p2a: Arceus|Future Sight|p1a: Dondozo\n|-start|p2a: Arceus|move: Future Sight\n|cant|p1a: Dondozo|slp\n|\n|upkeep\n|turn|185\n|\n|t:|1698551780\n|move|p2a: Arceus|Recover|p2a: Arceus\n|-heal|p2a: Arceus|100\/100 par\n|cant|p1a: Dondozo|slp\n|move|p1a: Dondozo|Sleep Talk|p1a: Dondozo\n|move|p1a: Dondozo|Waterfall|p2a: Arceus|[from]move: Sleep Talk\n|-damage|p2a: Arceus|82\/100 par\n|\n|upkeep\n|turn|186\n|\n|t:|1698551792\n|switch|p1a: Clefable|Clefable, M, tera:Dark|100\/100\n|move|p2a: Arceus|Body Press|p1a: Clefable\n|-supereffective|p1a: Clefable\n|-damage|p1a: Clefable|54\/100\n|\n|-end|p1a: Clefable|move: Future Sight\n|-immune|p1a: Clefable\n|-heal|p1a: Clefable|60\/100|[from] item: Leftovers\n|upkeep\n|turn|187\n|\n|t:|1698551804\n|switch|p2a: Alomomola|Alomomola, F|100\/100 par\n|-damage|p2a: Alomomola|88\/100 par|[from] Stealth Rock\n|move|p1a: Clefable|Wish|p1a: Clefable\n|\n|-heal|p1a: Clefable|66\/100|[from] item: Leftovers\n|upkeep\n|turn|188\n|\n|t:|1698551818\n|switch|p1a: Espeon|Espeon, F|27\/100 psn\n|move|p2a: Alomomola|Wish|p2a: Alomomola\n|\n|-heal|p1a: Espeon|86\/100 psn|[from] move: Wish|[wisher] Clefable\n|-damage|p1a: Espeon|74\/100 psn|[from] psn\n|-fieldend|move: Psychic Terrain\n|upkeep\n|turn|189\n|\n|t:|1698551826\n|move|p1a: Espeon|Trick|p2a: Alomomola\n|-activate|p1a: Espeon|move: Trick|[of] p2a: Alomomola\n|-item|p2a: Alomomola|Choice Scarf|[from] move: Trick\n|-item|p1a: Espeon|Rocky Helmet|[from] move: Trick\n|move|p2a: Alomomola|Flip Turn|p1a: Espeon\n|-damage|p1a: Espeon|50\/100 psn\n|-damage|p2a: Alomomola|71\/100 par|[from] item: Rocky Helmet|[of] p1a: Espeon\n|\n|t:|1698551839\n|switch|p2a: Magearna|Magearna, tera:Fairy|57\/100|[from] Flip Turn\n|-damage|p2a: Magearna|45\/100|[from] Stealth Rock\n|\n|-heal|p2a: Magearna|100\/100|[from] move: Wish|[wisher] Alomomola\n|-damage|p1a: Espeon|37\/100 psn|[from] psn\n|upkeep\n|turn|190\n|\n|t:|1698551847\n|switch|p1a: Blissey|Blissey, F|99\/100\n|move|p2a: Magearna|Volt Switch|p1a: Blissey\n|-damage|p1a: Blissey|91\/100\n|\n|t:|1698551852\n|switch|p2a: Alomomola|Alomomola, F|100\/100 par|[from] Volt Switch\n|-damage|p2a: Alomomola|88\/100 par|[from] Stealth Rock\n|\n|-heal|p1a: Blissey|97\/100|[from] item: Leftovers\n|upkeep\n|turn|191\n|\n|t:|1698551865\n|switch|p1a: Dondozo|Dondozo, M|87\/100 slp\n|move|p2a: Alomomola|Flip Turn|p1a: Dondozo\n|-resisted|p1a: Dondozo\n|-damage|p1a: Dondozo|84\/100 slp\n|-damage|p2a: Alomomola|71\/100 par|[from] item: Rocky Helmet|[of] p1a: Dondozo\n|\n|t:|1698551871\n|switch|p2a: Indeedee|Indeedee-F, F|88\/100 par|[from] Flip Turn\n|-damage|p2a: Indeedee|75\/100 par|[from] Stealth Rock\n|-fieldstart|move: Psychic Terrain|[from] ability: Psychic Surge|[of] p2a: Indeedee\n|\n|upkeep\n|turn|192\n|\n|t:|1698551883\n|switch|p1a: Clefable|Clefable, M, tera:Dark|66\/100\n|cant|p2a: Indeedee|par\n|\n|-heal|p1a: Clefable|72\/100|[from] item: Leftovers\n|upkeep\n|turn|193\n|\n|t:|1698551893\n|switch|p2a: Magearna|Magearna, tera:Fairy|100\/100\n|-damage|p2a: Magearna|88\/100|[from] Stealth Rock\n|move|p1a: Clefable|Moonblast|p2a: Magearna\n|-damage|p2a: Magearna|64\/100\n|-unboost|p2a: Magearna|spa|1\n|\n|-heal|p1a: Clefable|78\/100|[from] item: Leftovers\n|upkeep\n|turn|194\n|\n|t:|1698551903\n|switch|p1a: Blissey|Blissey, F|97\/100\n|move|p2a: Magearna|Volt Switch|p1a: Blissey\n|-damage|p1a: Blissey|92\/100\n|\n|t:|1698551909\n|switch|p2a: Alomomola|Alomomola, F|100\/100 par|[from] Volt Switch\n|-damage|p2a: Alomomola|88\/100 par|[from] Stealth Rock\n|\n|-heal|p1a: Blissey|98\/100|[from] item: Leftovers\n|upkeep\n|turn|195\n|\n|t:|1698551925\n|switch|p1a: Espeon|Espeon, F|37\/100 psn\n|move|p2a: Alomomola|Wish|p2a: Alomomola\n|\n|-damage|p1a: Espeon|25\/100 psn|[from] psn\n|upkeep\n|turn|196\n|\n|t:|1698551938\n|switch|p2a: Mandibuzz|Mandibuzz, F|75\/100\n|-damage|p2a: Mandibuzz|50\/100|[from] Stealth Rock\n|move|p1a: Espeon|Morning Sun|p1a: Espeon\n|-heal|p1a: Espeon|75\/100 psn\n|\n|-heal|p2a: Mandibuzz|100\/100|[from] move: Wish|[wisher] Alomomola\n|-damage|p1a: Espeon|63\/100 psn|[from] psn\n|upkeep\n|turn|197\n|\n|t:|1698551951\n|switch|p1a: Blissey|Blissey, F|98\/100\n|move|p2a: Mandibuzz|Defog|p1a: Blissey\n|-unboost|p1a: Blissey|evasion|1\n|-sideend|p2: PinkScourge|Stealth Rock|[from] move: Defog|[of] p2a: Mandibuzz\n|-fieldend|move: Psychic Terrain\n|\n|-heal|p1a: Blissey|100\/100|[from] item: Leftovers\n|upkeep\n|turn|198\n|\n|t:|1698551960\n|move|p2a: Mandibuzz|Foul Play|p1a: Blissey\n|-damage|p1a: Blissey|98\/100\n|move|p1a: Blissey|Stealth Rock|p2a: Mandibuzz\n|-sidestart|p2: PinkScourge|move: Stealth Rock\n|\n|-heal|p1a: Blissey|100\/100|[from] item: Leftovers\n|upkeep\n|turn|199\n|\n|t:|1698551966\n|move|p2a: Mandibuzz|Defog|p1a: Blissey\n|-unboost|p1a: Blissey|evasion|1\n|-sideend|p2: PinkScourge|Stealth Rock|[from] move: Defog|[of] p2a: Mandibuzz\n|move|p1a: Blissey|Seismic Toss|p2a: Mandibuzz\n|-damage|p2a: Mandibuzz|77\/100\n|\n|upkeep\n|turn|200\n|\n|t:|1698551974\n|move|p2a: Mandibuzz|Foul Play|p1a: Blissey\n|-damage|p1a: Blissey|97\/100\n|move|p1a: Blissey|Stealth Rock|p2a: Mandibuzz\n|-sidestart|p2: PinkScourge|move: Stealth Rock\n|\n|-heal|p1a: Blissey|100\/100|[from] item: Leftovers\n|upkeep\n|turn|201\n|\n|t:|1698551978\n|move|p2a: Mandibuzz|Defog|p1a: Blissey\n|-unboost|p1a: Blissey|evasion|1\n|-sideend|p2: PinkScourge|Stealth Rock|[from] move: Defog|[of] p2a: Mandibuzz\n|move|p1a: Blissey|Seismic Toss|p2a: Mandibuzz\n|-damage|p2a: Mandibuzz|53\/100\n|\n|upkeep\n|turn|202\n|\n|t:|1698551987\n|move|p2a: Mandibuzz|U-turn|p1a: Blissey\n|-damage|p1a: Blissey|89\/100\n|\n|t:|1698551994\n|switch|p2a: Alomomola|Alomomola, F|100\/100 par|[from] U-turn\n|move|p1a: Blissey|Stealth Rock|p2a: Alomomola\n|-sidestart|p2: PinkScourge|move: Stealth Rock\n|\n|-heal|p1a: Blissey|95\/100|[from] item: Leftovers\n|upkeep\n|turn|203\n|\n|t:|1698552001\n|switch|p1a: Dondozo|Dondozo, M|84\/100 slp\n|move|p2a: Alomomola|Protect||[still]\n|-fail|p2a: Alomomola\n|\n|upkeep\n|turn|204\n|\n|t:|1698552007\n|switch|p1a: Clefable|Clefable, M, tera:Dark|78\/100\n|move|p2a: Alomomola|Protect||[still]\n|-fail|p2a: Alomomola\n|\n|-heal|p1a: Clefable|84\/100|[from] item: Leftovers\n|upkeep\n|turn|205\n|\n|t:|1698552015\n|switch|p1a: Blissey|Blissey, F|95\/100\n|switch|p2a: Arceus|Arceus-Psychic|82\/100 par\n|-damage|p2a: Arceus|70\/100 par|[from] Stealth Rock\n|\n|-heal|p1a: Blissey|100\/100|[from] item: Leftovers\n|upkeep\n|turn|206\n|\n|t:|1698552026\n|switch|p1a: Dondozo|Dondozo, M|84\/100 slp\n|move|p2a: Arceus|Future Sight|p1a: Dondozo\n|-start|p2a: Arceus|move: Future Sight\n|\n|upkeep\n|turn|207\n|\n|t:|1698552036\n|switch|p1a: Clefable|Clefable, M, tera:Dark|84\/100\n|cant|p2a: Arceus|par\n|\n|-heal|p1a: Clefable|90\/100|[from] item: Leftovers\n|upkeep\n|turn|208\n|\n|t:|1698552049\n|move|p1a: Clefable|Protect|p1a: Clefable\n|-singleturn|p1a: Clefable|Protect\n|move|p2a: Arceus|Body Press|p1a: Clefable\n|-activate|p1a: Clefable|move: Protect\n|\n|-end|p1a: Clefable|move: Future Sight\n|-immune|p1a: Clefable\n|-heal|p1a: Clefable|96\/100|[from] item: Leftovers\n|upkeep\n|turn|209\n|\n|t:|1698552058\n|switch|p1a: Dondozo|Dondozo, M|84\/100 slp\n|move|p2a: Arceus|Body Press|p1a: Dondozo\n|-damage|p1a: Dondozo|74\/100 slp\n|-damage|p2a: Arceus|53\/100 par|[from] item: Rocky Helmet|[of] p1a: Dondozo\n|\n|upkeep\n|turn|210\n|\n|t:|1698552067\n|move|p2a: Arceus|Recover|p2a: Arceus\n|-heal|p2a: Arceus|100\/100 par\n|-curestatus|p1a: Dondozo|slp|[msg]\n|move|p1a: Dondozo|Waterfall|p2a: Arceus\n|-damage|p2a: Arceus|83\/100 par\n|\n|upkeep\n|turn|211\n|\n|t:|1698552074\n|switch|p2a: Slowking|Slowking-Galar, F|100\/100\n|move|p1a: Dondozo|Waterfall|p2a: Slowking\n|-damage|p2a: Slowking|73\/100\n|\n|upkeep\n|turn|212\n|\n|t:|1698552082\n|switch|p1a: Blissey|Blissey, F|100\/100\n|switch|p2a: Alomomola|Alomomola, F|100\/100 par\n|-damage|p2a: Alomomola|88\/100 par|[from] Stealth Rock\n|\n|upkeep\n|turn|213\n|\n|t:|1698552088\n|switch|p1a: Clefable|Clefable, M, tera:Dark|96\/100\n|switch|p2a: Slowking|Slowking-Galar, F|100\/100\n|\n|-heal|p1a: Clefable|100\/100|[from] item: Leftovers\n|upkeep\n|turn|214\n|\n|t:|1698552095\n|switch|p1a: Blissey|Blissey, F|100\/100\n|switch|p2a: Alomomola|Alomomola, F|100\/100 par\n|-damage|p2a: Alomomola|88\/100 par|[from] Stealth Rock\n|\n|upkeep\n|turn|215\n|\n|t:|1698552101\n|switch|p1a: Clefable|Clefable, M, tera:Dark|100\/100\n|switch|p2a: Slowking|Slowking-Galar, F|100\/100\n|\n|upkeep\n|turn|216\n|c|\u2606leonissenbaum|imagine if this was a tourny game\n|c|\u2606leonissenbaum|that'd be funny lmao\n|\n|t:|1698552109\n|switch|p1a: Blissey|Blissey, F|100\/100\n|switch|p2a: Alomomola|Alomomola, F|100\/100 par\n|-damage|p2a: Alomomola|88\/100 par|[from] Stealth Rock\n|\n|upkeep\n|turn|217\n|\n|t:|1698552115\n|switch|p1a: Clefable|Clefable, M, tera:Dark|100\/100\n|switch|p2a: Slowking|Slowking-Galar, F|100\/100\n|\n|upkeep\n|turn|218\n|c|\u2606PinkScourge|Lmao\n|\n|t:|1698552118\n|switch|p1a: Blissey|Blissey, F|100\/100\n|switch|p2a: Alomomola|Alomomola, F|100\/100 par\n|-damage|p2a: Alomomola|88\/100 par|[from] Stealth Rock\n|\n|upkeep\n|turn|219\n|\n|t:|1698552121\n|switch|p1a: Clefable|Clefable, M, tera:Dark|100\/100\n|switch|p2a: Slowking|Slowking-Galar, F|100\/100\n|\n|upkeep\n|turn|220\n|\n|t:|1698552124\n|switch|p1a: Blissey|Blissey, F|100\/100\n|switch|p2a: Alomomola|Alomomola, F|100\/100 par\n|-damage|p2a: Alomomola|88\/100 par|[from] Stealth Rock\n|\n|upkeep\n|turn|221\n|c|\u2606leonissenbaum|god i wish i didn't let gliscor die\n|\n|t:|1698552132\n|switch|p1a: Clefable|Clefable, M, tera:Dark|100\/100\n|switch|p2a: Slowking|Slowking-Galar, F|100\/100\n|\n|upkeep\n|turn|222\n|\n|t:|1698552136\n|switch|p1a: Blissey|Blissey, F|100\/100\n|switch|p2a: Alomomola|Alomomola, F|100\/100 par\n|-damage|p2a: Alomomola|88\/100 par|[from] Stealth Rock\n|\n|upkeep\n|turn|223\n|\n|t:|1698552138\n|switch|p1a: Clefable|Clefable, M, tera:Dark|100\/100\n|switch|p2a: Slowking|Slowking-Galar, F|100\/100\n|\n|upkeep\n|turn|224\n|\n|t:|1698552140\n|switch|p2a: Alomomola|Alomomola, F|100\/100 par\n|-damage|p2a: Alomomola|88\/100 par|[from] Stealth Rock\n|move|p1a: Clefable|Calm Mind|p1a: Clefable\n|-boost|p1a: Clefable|spa|1\n|-boost|p1a: Clefable|spd|1\n|\n|upkeep\n|turn|225\n|\n|t:|1698552145\n|switch|p2a: Slowking|Slowking-Galar, F|100\/100\n|move|p1a: Clefable|Moonblast|p2a: Slowking\n|-resisted|p2a: Slowking\n|-damage|p2a: Slowking|87\/100\n|\n|upkeep\n|turn|226\n|\n|t:|1698552152\n|switch|p1a: Blissey|Blissey, F|100\/100\n|switch|p2a: Alomomola|Alomomola, F|100\/100 par\n|-damage|p2a: Alomomola|88\/100 par|[from] Stealth Rock\n|\n|upkeep\n|turn|227\n|\n|t:|1698552156\n|switch|p1a: Clefable|Clefable, M, tera:Dark|100\/100\n|switch|p2a: Slowking|Slowking-Galar, F|100\/100\n|\n|upkeep\n|turn|228\n|\n|t:|1698552159\n|switch|p1a: Blissey|Blissey, F|100\/100\n|switch|p2a: Alomomola|Alomomola, F|100\/100 par\n|-damage|p2a: Alomomola|88\/100 par|[from] Stealth Rock\n|\n|upkeep\n|turn|229\n|\n|t:|1698552162\n|switch|p1a: Clefable|Clefable, M, tera:Dark|100\/100\n|switch|p2a: Slowking|Slowking-Galar, F|100\/100\n|\n|upkeep\n|turn|230\n|\n|t:|1698552164\n|switch|p1a: Blissey|Blissey, F|100\/100\n|switch|p2a: Alomomola|Alomomola, F|100\/100 par\n|-damage|p2a: Alomomola|88\/100 par|[from] Stealth Rock\n|\n|upkeep\n|turn|231\n|\n|t:|1698552166\n|switch|p1a: Dondozo|Dondozo, M|74\/100\n|switch|p2a: Slowking|Slowking-Galar, F|100\/100\n|\n|upkeep\n|turn|232\n|\n|t:|1698552168\n|switch|p1a: Blissey|Blissey, F|100\/100\n|switch|p2a: Alomomola|Alomomola, F|100\/100 par\n|-damage|p2a: Alomomola|88\/100 par|[from] Stealth Rock\n|\n|upkeep\n|turn|233\n|\n|t:|1698552173\n|switch|p1a: Dondozo|Dondozo, M|74\/100\n|switch|p2a: Slowking|Slowking-Galar, F|100\/100\n|\n|upkeep\n|turn|234\n|\n|t:|1698552175\n|switch|p1a: Clefable|Clefable, M, tera:Dark|100\/100\n|switch|p2a: Alomomola|Alomomola, F|100\/100 par\n|-damage|p2a: Alomomola|88\/100 par|[from] Stealth Rock\n|\n|upkeep\n|turn|235\n|\n|t:|1698552180\n|switch|p2a: Slowking|Slowking-Galar, F|100\/100\n|move|p1a: Clefable|Calm Mind|p1a: Clefable\n|-boost|p1a: Clefable|spa|1\n|-boost|p1a: Clefable|spd|1\n|\n|upkeep\n|turn|236\n|\n|t:|1698552187\n|switch|p1a: Blissey|Blissey, F|100\/100\n|move|p2a: Slowking|Sludge Bomb|p1a: Blissey\n|-damage|p1a: Blissey|89\/100\n|\n|-heal|p1a: Blissey|96\/100|[from] item: Leftovers\n|upkeep\n|turn|237\n|\n|t:|1698552196\n|switch|p2a: Alomomola|Alomomola, F|100\/100 par\n|-damage|p2a: Alomomola|88\/100 par|[from] Stealth Rock\n|move|p1a: Blissey|Stealth Rock||[still]\n|-fail|p1a: Blissey\n|\n|-heal|p1a: Blissey|100\/100|[from] item: Leftovers\n|upkeep\n|turn|238\n|\n|t:|1698552206\n|switch|p1a: Clefable|Clefable, M, tera:Dark|100\/100\n|move|p2a: Alomomola|Flip Turn|p1a: Clefable\n|-damage|p1a: Clefable|80\/100\n|\n|t:|1698552213\n|switch|p2a: Slowking|Slowking-Galar, F|100\/100|[from] Flip Turn\n|\n|-heal|p1a: Clefable|87\/100|[from] item: Leftovers\n|upkeep\n|turn|239\n|\n|t:|1698552219\n|switch|p1a: Blissey|Blissey, F|100\/100\n|switch|p2a: Alomomola|Alomomola, F|100\/100 par\n|-damage|p2a: Alomomola|88\/100 par|[from] Stealth Rock\n|\n|upkeep\n|turn|240\n|\n|t:|1698552224\n|switch|p1a: Clefable|Clefable, M, tera:Dark|87\/100\n|move|p2a: Alomomola|Flip Turn|p1a: Clefable\n|-damage|p1a: Clefable|70\/100\n|\n|t:|1698552230\n|switch|p2a: Slowking|Slowking-Galar, F|100\/100|[from] Flip Turn\n|\n|-heal|p1a: Clefable|76\/100|[from] item: Leftovers\n|upkeep\n|turn|241\n|\n|t:|1698552235\n|switch|p1a: Blissey|Blissey, F|100\/100\n|switch|p2a: Alomomola|Alomomola, F|100\/100 par\n|-damage|p2a: Alomomola|88\/100 par|[from] Stealth Rock\n|\n|upkeep\n|turn|242\n|\n|t:|1698552240\n|switch|p1a: Dondozo|Dondozo, M|74\/100\n|move|p2a: Alomomola|Flip Turn|p1a: Dondozo\n|-resisted|p1a: Dondozo\n|-damage|p1a: Dondozo|71\/100\n|-damage|p2a: Alomomola|71\/100 par|[from] item: Rocky Helmet|[of] p1a: Dondozo\n|\n|t:|1698552247\n|switch|p2a: Arceus|Arceus-Psychic|83\/100 par|[from] Flip Turn\n|-damage|p2a: Arceus|71\/100 par|[from] Stealth Rock\n|\n|upkeep\n|turn|243\n|\n|t:|1698552255\n|move|p2a: Arceus|Recover|p2a: Arceus\n|-heal|p2a: Arceus|100\/100 par\n|move|p1a: Dondozo|Waterfall|p2a: Arceus\n|-damage|p2a: Arceus|81\/100 par\n|\n|upkeep\n|turn|244\n|\n|t:|1698552260\n|switch|p2a: Alomomola|Alomomola, F|100\/100 par\n|-damage|p2a: Alomomola|88\/100 par|[from] Stealth Rock\n|move|p1a: Dondozo|Waterfall|p2a: Alomomola\n|-resisted|p2a: Alomomola\n|-damage|p2a: Alomomola|80\/100 par\n|\n|upkeep\n|turn|245\n|\n|t:|1698552267\n|switch|p1a: Blissey|Blissey, F|100\/100\n|move|p2a: Alomomola|Wish|p2a: Alomomola\n|\n|upkeep\n|turn|246\n|\n|t:|1698552272\n|switch|p1a: Clefable|Clefable, M, tera:Dark|76\/100\n|switch|p2a: Mandibuzz|Mandibuzz, F|53\/100\n|-damage|p2a: Mandibuzz|28\/100|[from] Stealth Rock\n|\n|-heal|p2a: Mandibuzz|85\/100|[from] move: Wish|[wisher] Alomomola\n|-heal|p1a: Clefable|82\/100|[from] item: Leftovers\n|upkeep\n|turn|247\n|\n|t:|1698552282\n|switch|p1a: Blissey|Blissey, F|100\/100\n|move|p2a: Mandibuzz|Defog|p1a: Blissey\n|-unboost|p1a: Blissey|evasion|1\n|-sideend|p2: PinkScourge|Stealth Rock|[from] move: Defog|[of] p2a: Mandibuzz\n|\n|upkeep\n|turn|248\n|\n|t:|1698552286\n|move|p2a: Mandibuzz|U-turn|p1a: Blissey\n|-damage|p1a: Blissey|88\/100\n|\n|t:|1698552309\n|switch|p2a: Arceus|Arceus-Psychic|81\/100 par|[from] U-turn\n|move|p1a: Blissey|Stealth Rock|p2a: Arceus\n|-sidestart|p2: PinkScourge|move: Stealth Rock\n|\n|-heal|p1a: Blissey|94\/100|[from] item: Leftovers\n|upkeep\n|turn|249\n|\n|t:|1698552321\n|switch|p1a: Dondozo|Dondozo, M|71\/100\n|move|p2a: Arceus|Future Sight|p1a: Dondozo\n|-start|p2a: Arceus|move: Future Sight\n|\n|upkeep\n|turn|250\n|\n|t:|1698552333\n|switch|p2a: Mandibuzz|Mandibuzz, F|85\/100\n|-damage|p2a: Mandibuzz|60\/100|[from] Stealth Rock\n|switch|p1a: Clefable|Clefable, M, tera:Dark|82\/100\n|\n|-heal|p1a: Clefable|88\/100|[from] item: Leftovers\n|upkeep\n|turn|251\n|\n|t:|1698552343\n|switch|p1a: Blissey|Blissey, F|94\/100\n|move|p2a: Mandibuzz|U-turn|p1a: Blissey\n|-damage|p1a: Blissey|83\/100\n|\n|t:|1698552349\n|switch|p2a: Indeedee|Indeedee-F, F|75\/100 par|[from] U-turn\n|-damage|p2a: Indeedee|63\/100 par|[from] Stealth Rock\n|-fieldstart|move: Psychic Terrain|[from] ability: Psychic Surge|[of] p2a: Indeedee\n|\n|-end|p1a: Blissey|move: Future Sight\n|-damage|p1a: Blissey|55\/100\n|-heal|p1a: Blissey|61\/100|[from] item: Leftovers\n|upkeep\n|turn|252\n|\n|t:|1698552359\n|switch|p1a: Clefable|Clefable, M, tera:Dark|88\/100\n|move|p2a: Indeedee|Psyshock|p1a: Clefable\n|-immune|p1a: Clefable\n|\n|-heal|p1a: Clefable|94\/100|[from] item: Leftovers\n|upkeep\n|turn|253\n|\n|t:|1698552366\n|move|p1a: Clefable|Moonblast|p2a: Indeedee\n|-damage|p2a: Indeedee|34\/100 par\n|-unboost|p2a: Indeedee|spa|1\n|move|p2a: Indeedee|Trick Room|p2a: Indeedee\n|-fieldstart|move: Trick Room|[of] p2a: Indeedee\n|\n|-heal|p1a: Clefable|99\/100|[from] item: Leftovers\n|upkeep\n|turn|254\n|j| iroeweuio\n|\n|t:|1698552375\n|switch|p2a: Slowking|Slowking-Galar, F|100\/100\n|move|p1a: Clefable|Moonblast|p2a: Slowking\n|-resisted|p2a: Slowking\n|-damage|p2a: Slowking|91\/100\n|-unboost|p2a: Slowking|spa|1\n|\n|-heal|p1a: Clefable|100\/100|[from] item: Leftovers\n|upkeep\n|turn|255\n|c| Laprasrules12|I\n|c| Laprasrules12|Uhhh\n|c| Laprasrules12|What the hell\n|\n|t:|1698552383\n|switch|p2a: Alomomola|Alomomola, F|100\/100 par\n|-damage|p2a: Alomomola|88\/100 par|[from] Stealth Rock\n|switch|p1a: Blissey|Blissey, F|61\/100\n|\n|-heal|p1a: Blissey|68\/100|[from] item: Leftovers\n|upkeep\n|turn|256\n|c|\u2606leonissenbaum|?\n|\n|t:|1698552391\n|switch|p1a: Dondozo|Dondozo, M|71\/100\n|move|p2a: Alomomola|Wish|p2a: Alomomola\n|\n|upkeep\n|turn|257\n|c| Laprasrules12|Why is it si long\n|c|\u2606leonissenbaum|lmao\n|\n|t:|1698552404\n|switch|p1a: Blissey|Blissey, F|68\/100\n|switch|p2a: Mandibuzz|Mandibuzz, F|60\/100\n|-damage|p2a: Mandibuzz|35\/100|[from] Stealth Rock\n|\n|-heal|p2a: Mandibuzz|92\/100|[from] move: Wish|[wisher] Alomomola\n|-heal|p1a: Blissey|74\/100|[from] item: Leftovers\n|-fieldend|move: Trick Room\n|upkeep\n|turn|258\n|c| Laprasrules12|Like i look away for a bit and damn\n|c| iroeweuio|stall v stall mu\n|\n|t:|1698552418\n|move|p2a: Mandibuzz|Defog|p1a: Blissey\n|-unboost|p1a: Blissey|evasion|1\n|-sideend|p2: PinkScourge|Stealth Rock|[from] move: Defog|[of] p2a: Mandibuzz\n|-fieldend|move: Psychic Terrain\n|move|p1a: Blissey|Seismic Toss|p2a: Mandibuzz\n|-damage|p2a: Mandibuzz|68\/100\n|\n|-heal|p1a: Blissey|80\/100|[from] item: Leftovers\n|upkeep\n|turn|259\n|j| Leo Justice\n|j| Ndms1b yo\n|c| Laprasrules12|A new ABR v Telly?\n|c|\u2606PinkScourge|I retired Psyshock from Mag\n|c|\u2606PinkScourge|I regret it lol\n|\n|t:|1698552439\n|move|p2a: Mandibuzz|U-turn|p1a: Blissey\n|-crit|p1a: Blissey\n|-damage|p1a: Blissey|61\/100\n|c|\u2606leonissenbaum|rip lol\n|\n|t:|1698552449\n|switch|p2a: Alomomola|Alomomola, F|100\/100 par|[from] U-turn\n|move|p1a: Blissey|Stealth Rock|p2a: Alomomola\n|-sidestart|p2: PinkScourge|move: Stealth Rock\n|\n|-heal|p1a: Blissey|68\/100|[from] item: Leftovers\n|upkeep\n|turn|260\n|l| Ndms1b yo\n|\n|t:|1698552456\n|switch|p1a: Dondozo|Dondozo, M|71\/100\n|move|p2a: Alomomola|Wish|p2a: Alomomola\n|\n|upkeep\n|turn|261\n|\n|t:|1698552462\n|switch|p2a: Indeedee|Indeedee-F, F|34\/100 par\n|-damage|p2a: Indeedee|21\/100 par|[from] Stealth Rock\n|-fieldstart|move: Psychic Terrain|[from] ability: Psychic Surge|[of] p2a: Indeedee\n|switch|p1a: Blissey|Blissey, F|68\/100\n|\n|-heal|p2a: Indeedee|91\/100 par|[from] move: Wish|[wisher] Alomomola\n|-heal|p1a: Blissey|74\/100|[from] item: Leftovers\n|upkeep\n|turn|262\n|\n|t:|1698552472\n|switch|p1a: Clefable|Clefable, M, tera:Dark|100\/100\n|switch|p2a: Alomomola|Alomomola, F|100\/100 par\n|-damage|p2a: Alomomola|88\/100 par|[from] Stealth Rock\n|\n|upkeep\n|turn|263\n|\n|t:|1698552479\n|switch|p1a: Blissey|Blissey, F|74\/100\n|switch|p2a: Slowking|Slowking-Galar, F|100\/100\n|\n|-heal|p1a: Blissey|80\/100|[from] item: Leftovers\n|upkeep\n|turn|264\n|\n|t:|1698552484\n|switch|p1a: Dondozo|Dondozo, M|71\/100\n|switch|p2a: Alomomola|Alomomola, F|100\/100 par\n|-damage|p2a: Alomomola|88\/100 par|[from] Stealth Rock\n|\n|upkeep\n|turn|265\n|\n|t:|1698552487\n|switch|p2a: Slowking|Slowking-Galar, F|100\/100\n|switch|p1a: Blissey|Blissey, F|80\/100\n|\n|-heal|p1a: Blissey|86\/100|[from] item: Leftovers\n|upkeep\n|turn|266\n|\n|t:|1698552504\n|switch|p1a: Dondozo|Dondozo, M|71\/100\n|switch|p2a: Alomomola|Alomomola, F|100\/100 par\n|-damage|p2a: Alomomola|88\/100 par|[from] Stealth Rock\n|\n|upkeep\n|turn|267\n|\n|t:|1698552511\n|switch|p2a: Slowking|Slowking-Galar, F|100\/100\n|switch|p1a: Blissey|Blissey, F|86\/100\n|\n|-heal|p1a: Blissey|92\/100|[from] item: Leftovers\n|upkeep\n|turn|268\n|\n|t:|1698552517\n|switch|p1a: Dondozo|Dondozo, M|71\/100\n|switch|p2a: Alomomola|Alomomola, F|100\/100 par\n|-damage|p2a: Alomomola|88\/100 par|[from] Stealth Rock\n|\n|-fieldend|move: Psychic Terrain\n|upkeep\n|turn|269\n|\n|t:|1698552522\n|switch|p2a: Slowking|Slowking-Galar, F|100\/100\n|switch|p1a: Blissey|Blissey, F|92\/100\n|\n|-heal|p1a: Blissey|98\/100|[from] item: Leftovers\n|upkeep\n|turn|270\n|\n|t:|1698552528\n|switch|p1a: Dondozo|Dondozo, M|71\/100\n|switch|p2a: Alomomola|Alomomola, F|100\/100 par\n|-damage|p2a: Alomomola|88\/100 par|[from] Stealth Rock\n|\n|upkeep\n|turn|271\n|\n|t:|1698552530\n|switch|p2a: Slowking|Slowking-Galar, F|100\/100\n|switch|p1a: Blissey|Blissey, F|98\/100\n|\n|-heal|p1a: Blissey|100\/100|[from] item: Leftovers\n|upkeep\n|turn|272\n|\n|t:|1698552535\n|switch|p1a: Dondozo|Dondozo, M|71\/100\n|switch|p2a: Alomomola|Alomomola, F|100\/100 par\n|-damage|p2a: Alomomola|88\/100 par|[from] Stealth Rock\n|\n|upkeep\n|turn|273\n|\n|t:|1698552539\n|switch|p2a: Slowking|Slowking-Galar, F|100\/100\n|switch|p1a: Clefable|Clefable, M, tera:Dark|100\/100\n|\n|upkeep\n|turn|274\n|\n|t:|1698552543\n|switch|p1a: Blissey|Blissey, F|100\/100\n|switch|p2a: Alomomola|Alomomola, F|100\/100 par\n|-damage|p2a: Alomomola|88\/100 par|[from] Stealth Rock\n|\n|upkeep\n|turn|275\n|\n|t:|1698552547\n|switch|p1a: Clefable|Clefable, M, tera:Dark|100\/100\n|switch|p2a: Slowking|Slowking-Galar, F|100\/100\n|\n|upkeep\n|turn|276\n|c|\u2606PinkScourge|Now what? lol\n|\n|t:|1698552553\n|switch|p1a: Blissey|Blissey, F|100\/100\n|switch|p2a: Alomomola|Alomomola, F|100\/100 par\n|-damage|p2a: Alomomola|88\/100 par|[from] Stealth Rock\n|\n|upkeep\n|turn|277\n|\n|t:|1698552556\n|switch|p1a: Dondozo|Dondozo, M|71\/100\n|switch|p2a: Slowking|Slowking-Galar, F|100\/100\n|\n|upkeep\n|turn|278\n|c|\u2606leonissenbaum|progress one day\n|\n|t:|1698552560\n|switch|p1a: Blissey|Blissey, F|100\/100\n|switch|p2a: Alomomola|Alomomola, F|100\/100 par\n|-damage|p2a: Alomomola|88\/100 par|[from] Stealth Rock\n|\n|upkeep\n|turn|279\n|\n|t:|1698552562\n|switch|p1a: Dondozo|Dondozo, M|71\/100\n|switch|p2a: Slowking|Slowking-Galar, F|100\/100\n|\n|upkeep\n|turn|280\n|\n|t:|1698552565\n|switch|p1a: Clefable|Clefable, M, tera:Dark|100\/100\n|switch|p2a: Alomomola|Alomomola, F|100\/100 par\n|-damage|p2a: Alomomola|88\/100 par|[from] Stealth Rock\n|\n|upkeep\n|turn|281\n|\n|t:|1698552567\n|switch|p2a: Slowking|Slowking-Galar, F|100\/100\n|move|p1a: Clefable|Calm Mind|p1a: Clefable\n|-boost|p1a: Clefable|spa|1\n|-boost|p1a: Clefable|spd|1\n|\n|upkeep\n|turn|282\n|\n|t:|1698552572\n|switch|p2a: Alomomola|Alomomola, F|100\/100 par\n|-damage|p2a: Alomomola|88\/100 par|[from] Stealth Rock\n|move|p1a: Clefable|Calm Mind|p1a: Clefable\n|-boost|p1a: Clefable|spa|1\n|-boost|p1a: Clefable|spd|1\n|\n|upkeep\n|turn|283\n|j| Pajoomas!\n|\n|t:|1698552581\n|move|p1a: Clefable|Moonblast|p2a: Alomomola\n|-damage|p2a: Alomomola|37\/100 par\n|move|p2a: Alomomola|Mirror Coat|p1a: Clefable\n|-immune|p1a: Clefable\n|\n|upkeep\n|turn|284\n|\n|t:|1698552587\n|switch|p2a: Slowking|Slowking-Galar, F|100\/100\n|move|p1a: Clefable|Moonblast|p2a: Slowking\n|-resisted|p2a: Slowking\n|-damage|p2a: Slowking|82\/100\n|-unboost|p2a: Slowking|spa|1\n|\n|upkeep\n|turn|285\n|\n|t:|1698552603\n|switch|p1a: Blissey|Blissey, F|100\/100\n|move|p2a: Slowking|Sludge Bomb|p1a: Blissey\n|-damage|p1a: Blissey|93\/100\n|\n|-heal|p1a: Blissey|99\/100|[from] item: Leftovers\n|upkeep\n|turn|286\n|\n|t:|1698552612\n|switch|p1a: Dondozo|Dondozo, M|71\/100\n|switch|p2a: Alomomola|Alomomola, F|70\/100 par\n|-damage|p2a: Alomomola|57\/100 par|[from] Stealth Rock\n|\n|upkeep\n|turn|287\n|\n|t:|1698552618\n|switch|p2a: Slowking|Slowking-Galar, F|100\/100\n|switch|p1a: Blissey|Blissey, F|99\/100\n|\n|-heal|p1a: Blissey|100\/100|[from] item: Leftovers\n|upkeep\n|turn|288\n|\n|t:|1698552626\n|switch|p1a: Dondozo|Dondozo, M|71\/100\n|switch|p2a: Alomomola|Alomomola, F|91\/100 par\n|-damage|p2a: Alomomola|78\/100 par|[from] Stealth Rock\n|\n|upkeep\n|turn|289\n|\n|t:|1698552629\n|switch|p2a: Slowking|Slowking-Galar, F|100\/100\n|switch|p1a: Blissey|Blissey, F|100\/100\n|\n|upkeep\n|turn|290\n|\n|t:|1698552631\n|switch|p1a: Dondozo|Dondozo, M|71\/100\n|switch|p2a: Alomomola|Alomomola, F|100\/100 par\n|-damage|p2a: Alomomola|88\/100 par|[from] Stealth Rock\n|\n|upkeep\n|turn|291\n|\n|t:|1698552633\n|switch|p2a: Slowking|Slowking-Galar, F|100\/100\n|switch|p1a: Blissey|Blissey, F|100\/100\n|\n|upkeep\n|turn|292\n|\n|t:|1698552635\n|switch|p1a: Dondozo|Dondozo, M|71\/100\n|switch|p2a: Alomomola|Alomomola, F|100\/100 par\n|-damage|p2a: Alomomola|88\/100 par|[from] Stealth Rock\n|\n|upkeep\n|turn|293\n|\n|t:|1698552638\n|switch|p2a: Slowking|Slowking-Galar, F|100\/100\n|switch|p1a: Blissey|Blissey, F|100\/100\n|\n|upkeep\n|turn|294\n|c| Pajoomas!|what the fuck is this\n|\n|t:|1698552642\n|switch|p1a: Clefable|Clefable, M, tera:Dark|100\/100\n|switch|p2a: Alomomola|Alomomola, F|100\/100 par\n|-damage|p2a: Alomomola|88\/100 par|[from] Stealth Rock\n|\n|upkeep\n|turn|295\n|c|\u2606leonissenbaum|gaming\n|\n|t:|1698552647\n|switch|p2a: Slowking|Slowking-Galar, F|100\/100\n|move|p1a: Clefable|Calm Mind|p1a: Clefable\n|-boost|p1a: Clefable|spa|1\n|-boost|p1a: Clefable|spd|1\n|\n|upkeep\n|turn|296\n|c|\u2606PinkScourge|Stall vs Stall\n|\n|t:|1698552651\n|switch|p1a: Blissey|Blissey, F|100\/100\n|move|p2a: Slowking|Fire Blast|p1a: Blissey|[miss]\n|-miss|p2a: Slowking|p1a: Blissey\n|\n|upkeep\n|turn|297\n|c| Pajoomas!|dear god\n|c|\u2606leonissenbaum|the hidden fire blast slowking woah\n|c| Pajoomas!|who let pinkscourge and leon fight\n|\n|t:|1698552662\n|switch|p1a: Dondozo|Dondozo, M|71\/100\n|switch|p2a: Alomomola|Alomomola, F|100\/100 par\n|-damage|p2a: Alomomola|88\/100 par|[from] Stealth Rock\n|\n|upkeep\n|turn|298\n|\n|t:|1698552670\n|switch|p2a: Slowking|Slowking-Galar, F|100\/100\n|switch|p1a: Blissey|Blissey, F|100\/100\n|\n|upkeep\n|turn|299\n|c|\u2606leonissenbaum|god i wish i didn't throw gliscor lmao\n|\n|t:|1698552684\n|switch|p1a: Dondozo|Dondozo, M|71\/100\n|switch|p2a: Alomomola|Alomomola, F|100\/100 par\n|-damage|p2a: Alomomola|88\/100 par|[from] Stealth Rock\n|\n|upkeep\n|turn|300\n|c|\u2606PinkScourge|At least I broke 2 mons\n|c| Laprasrules12|I swear\n|\n|t:|1698552691\n|switch|p2a: Slowking|Slowking-Galar, F|100\/100\n|switch|p1a: Blissey|Blissey, F|100\/100\n|\n|upkeep\n|turn|301\n|c| Laprasrules12|Espathra would of made this so much quicker\n|\n|t:|1698552697\n|switch|p1a: Dondozo|Dondozo, M|71\/100\n|switch|p2a: Alomomola|Alomomola, F|100\/100 par\n|-damage|p2a: Alomomola|88\/100 par|[from] Stealth Rock\n|\n|upkeep\n|turn|302\n|\n|t:|1698552699\n|switch|p2a: Slowking|Slowking-Galar, F|100\/100\n|switch|p1a: Clefable|Clefable, M, tera:Dark|100\/100\n|\n|upkeep\n|turn|303\n|c| Pajoomas!|what are with these hyperfast animations\n|\n|t:|1698552703\n|switch|p1a: Blissey|Blissey, F|100\/100\n|switch|p2a: Alomomola|Alomomola, F|100\/100 par\n|-damage|p2a: Alomomola|88\/100 par|[from] Stealth Rock\n|\n|upkeep\n|turn|304\n|c|\u2606leonissenbaum|they happen when nothing but switching happens\n|\n|t:|1698552713\n|switch|p1a: Clefable|Clefable, M, tera:Dark|100\/100\n|switch|p2a: Slowking|Slowking-Galar, F|100\/100\n|\n|upkeep\n|turn|305\n|c| Pajoomas!|LOL\n|\n|t:|1698552715\n|switch|p1a: Blissey|Blissey, F|100\/100\n|switch|p2a: Alomomola|Alomomola, F|100\/100 par\n|-damage|p2a: Alomomola|88\/100 par|[from] Stealth Rock\n|\n|upkeep\n|turn|306\n|\n|t:|1698552717\n|switch|p1a: Clefable|Clefable, M, tera:Dark|100\/100\n|switch|p2a: Slowking|Slowking-Galar, F|100\/100\n|\n|upkeep\n|turn|307\n|\n|t:|1698552721\n|switch|p1a: Blissey|Blissey, F|100\/100\n|switch|p2a: Alomomola|Alomomola, F|100\/100 par\n|-damage|p2a: Alomomola|88\/100 par|[from] Stealth Rock\n|\n|upkeep\n|turn|308\n|\n|t:|1698552723\n|switch|p1a: Clefable|Clefable, M, tera:Dark|100\/100\n|switch|p2a: Slowking|Slowking-Galar, F|100\/100\n|\n|upkeep\n|turn|309\n|\n|t:|1698552725\n|switch|p1a: Blissey|Blissey, F|100\/100\n|switch|p2a: Alomomola|Alomomola, F|100\/100 par\n|-damage|p2a: Alomomola|88\/100 par|[from] Stealth Rock\n|\n|upkeep\n|turn|310\n|\n|t:|1698552728\n|switch|p1a: Clefable|Clefable, M, tera:Dark|100\/100\n|switch|p2a: Slowking|Slowking-Galar, F|100\/100\n|\n|upkeep\n|turn|311\n|\n|t:|1698552730\n|switch|p1a: Blissey|Blissey, F|100\/100\n|switch|p2a: Alomomola|Alomomola, F|100\/100 par\n|-damage|p2a: Alomomola|88\/100 par|[from] Stealth Rock\n|\n|upkeep\n|turn|312\n|\n|t:|1698552732\n|switch|p1a: Clefable|Clefable, M, tera:Dark|100\/100\n|switch|p2a: Slowking|Slowking-Galar, F|100\/100\n|\n|upkeep\n|turn|313\n|\n|t:|1698552734\n|switch|p1a: Blissey|Blissey, F|100\/100\n|switch|p2a: Alomomola|Alomomola, F|100\/100 par\n|-damage|p2a: Alomomola|88\/100 par|[from] Stealth Rock\n|\n|upkeep\n|turn|314\n|\n|t:|1698552736\n|switch|p1a: Clefable|Clefable, M, tera:Dark|100\/100\n|switch|p2a: Slowking|Slowking-Galar, F|100\/100\n|\n|upkeep\n|turn|315\n|\n|t:|1698552738\n|switch|p1a: Blissey|Blissey, F|100\/100\n|switch|p2a: Alomomola|Alomomola, F|100\/100 par\n|-damage|p2a: Alomomola|88\/100 par|[from] Stealth Rock\n|\n|upkeep\n|turn|316\n|c| Pajoomas!|this is an infinite loop\n|\n|t:|1698552740\n|switch|p1a: Clefable|Clefable, M, tera:Dark|100\/100\n|switch|p2a: Slowking|Slowking-Galar, F|100\/100\n|\n|upkeep\n|turn|317\n|\n|t:|1698552742\n|switch|p1a: Blissey|Blissey, F|100\/100\n|switch|p2a: Alomomola|Alomomola, F|100\/100 par\n|-damage|p2a: Alomomola|88\/100 par|[from] Stealth Rock\n|\n|upkeep\n|turn|318\n|\n|t:|1698552744\n|switch|p1a: Clefable|Clefable, M, tera:Dark|100\/100\n|switch|p2a: Slowking|Slowking-Galar, F|100\/100\n|\n|upkeep\n|turn|319\n|c|\u2606PinkScourge|It was the perfect infinite battle scenario lol\n|\n|t:|1698552757\n|switch|p1a: Blissey|Blissey, F|100\/100\n|switch|p2a: Alomomola|Alomomola, F|100\/100 par\n|-damage|p2a: Alomomola|88\/100 par|[from] Stealth Rock\n|\n|upkeep\n|turn|320\n|c|\u2606leonissenbaum|lmao\n|c|\u2606PinkScourge|Tera Dark Clef\n|\n|t:|1698552764\n|switch|p1a: Clefable|Clefable, M, tera:Dark|100\/100\n|switch|p2a: Slowking|Slowking-Galar, F|100\/100\n|\n|upkeep\n|turn|321\n|\n|t:|1698552767\n|switch|p1a: Blissey|Blissey, F|100\/100\n|switch|p2a: Alomomola|Alomomola, F|100\/100 par\n|-damage|p2a: Alomomola|88\/100 par|[from] Stealth Rock\n|\n|upkeep\n|turn|322\n|\n|t:|1698552770\n|switch|p1a: Clefable|Clefable, M, tera:Dark|100\/100\n|switch|p2a: Slowking|Slowking-Galar, F|100\/100\n|\n|upkeep\n|turn|323\n|\n|t:|1698552772\n|switch|p1a: Blissey|Blissey, F|100\/100\n|switch|p2a: Alomomola|Alomomola, F|100\/100 par\n|-damage|p2a: Alomomola|88\/100 par|[from] Stealth Rock\n|\n|upkeep\n|turn|324\n|\n|t:|1698552774\n|switch|p1a: Clefable|Clefable, M, tera:Dark|100\/100\n|switch|p2a: Slowking|Slowking-Galar, F|100\/100\n|\n|upkeep\n|turn|325\n|\n|t:|1698552776\n|switch|p2a: Alomomola|Alomomola, F|100\/100 par\n|-damage|p2a: Alomomola|88\/100 par|[from] Stealth Rock\n|move|p1a: Clefable|Calm Mind|p1a: Clefable\n|-boost|p1a: Clefable|spa|1\n|-boost|p1a: Clefable|spd|1\n|\n|upkeep\n|turn|326\n|\n|t:|1698552780\n|switch|p2a: Slowking|Slowking-Galar, F|100\/100\n|move|p1a: Clefable|Calm Mind|p1a: Clefable\n|-boost|p1a: Clefable|spa|1\n|-boost|p1a: Clefable|spd|1\n|\n|upkeep\n|turn|327\n|\n|t:|1698552786\n|switch|p1a: Blissey|Blissey, F|100\/100\n|move|p2a: Slowking|Sludge Bomb|p1a: Blissey\n|-damage|p1a: Blissey|89\/100\n|-status|p1a: Blissey|psn\n|\n|-heal|p1a: Blissey|95\/100 psn|[from] item: Leftovers\n|-damage|p1a: Blissey|83\/100 psn|[from] psn\n|upkeep\n|turn|328\n|\n|t:|1698552795\n|-curestatus|p1a: Blissey|psn|[from] ability: Natural Cure\n|switch|p1a: Dondozo|Dondozo, M|71\/100\n|move|p2a: Slowking|Fire Blast|p1a: Dondozo|[miss]\n|-miss|p2a: Slowking|p1a: Dondozo\n|\n|upkeep\n|turn|329\n|\n|t:|1698552801\n|switch|p1a: Blissey|Blissey, F|83\/100\n|switch|p2a: Alomomola|Alomomola, F|100\/100 par\n|-damage|p2a: Alomomola|88\/100 par|[from] Stealth Rock\n|\n|-heal|p1a: Blissey|89\/100|[from] item: Leftovers\n|upkeep\n|turn|330\n|\n|t:|1698552806\n|switch|p1a: Clefable|Clefable, M, tera:Dark|100\/100\n|switch|p2a: Slowking|Slowking-Galar, F|100\/100\n|\n|upkeep\n|turn|331\n|\n|t:|1698552809\n|switch|p1a: Blissey|Blissey, F|89\/100\n|switch|p2a: Alomomola|Alomomola, F|100\/100 par\n|-damage|p2a: Alomomola|88\/100 par|[from] Stealth Rock\n|\n|-heal|p1a: Blissey|95\/100|[from] item: Leftovers\n|upkeep\n|turn|332\n|\n|t:|1698552810\n|switch|p1a: Clefable|Clefable, M, tera:Dark|100\/100\n|switch|p2a: Slowking|Slowking-Galar, F|100\/100\n|\n|upkeep\n|turn|333\n|j| vespyyy\n|c|\u2606leonissenbaum|INSANE progress\n|\n|t:|1698552816\n|switch|p1a: Blissey|Blissey, F|95\/100\n|switch|p2a: Alomomola|Alomomola, F|100\/100 par\n|-damage|p2a: Alomomola|88\/100 par|[from] Stealth Rock\n|\n|-heal|p1a: Blissey|100\/100|[from] item: Leftovers\n|upkeep\n|turn|334\n|\n|t:|1698552822\n|switch|p1a: Clefable|Clefable, M, tera:Dark|100\/100\n|switch|p2a: Slowking|Slowking-Galar, F|100\/100\n|\n|upkeep\n|turn|335\n|\n|t:|1698552826\n|switch|p1a: Blissey|Blissey, F|100\/100\n|switch|p2a: Alomomola|Alomomola, F|100\/100 par\n|-damage|p2a: Alomomola|88\/100 par|[from] Stealth Rock\n|\n|upkeep\n|turn|336\n|\n|t:|1698552828\n|switch|p1a: Clefable|Clefable, M, tera:Dark|100\/100\n|switch|p2a: Slowking|Slowking-Galar, F|100\/100\n|\n|upkeep\n|turn|337\n|\n|t:|1698552830\n|switch|p1a: Blissey|Blissey, F|100\/100\n|switch|p2a: Alomomola|Alomomola, F|100\/100 par\n|-damage|p2a: Alomomola|88\/100 par|[from] Stealth Rock\n|\n|upkeep\n|turn|338\n|\n|t:|1698552832\n|switch|p1a: Clefable|Clefable, M, tera:Dark|100\/100\n|switch|p2a: Slowking|Slowking-Galar, F|100\/100\n|\n|upkeep\n|turn|339\n|\n|t:|1698552834\n|switch|p1a: Blissey|Blissey, F|100\/100\n|switch|p2a: Alomomola|Alomomola, F|100\/100 par\n|-damage|p2a: Alomomola|88\/100 par|[from] Stealth Rock\n|\n|upkeep\n|turn|340\n|\n|t:|1698552837\n|switch|p1a: Clefable|Clefable, M, tera:Dark|100\/100\n|switch|p2a: Slowking|Slowking-Galar, F|100\/100\n|\n|upkeep\n|turn|341\n|\n|t:|1698552841\n|switch|p1a: Blissey|Blissey, F|100\/100\n|switch|p2a: Alomomola|Alomomola, F|100\/100 par\n|-damage|p2a: Alomomola|88\/100 par|[from] Stealth Rock\n|\n|upkeep\n|turn|342\n|\n|t:|1698552843\n|switch|p1a: Clefable|Clefable, M, tera:Dark|100\/100\n|switch|p2a: Slowking|Slowking-Galar, F|100\/100\n|\n|upkeep\n|turn|343\n|\n|t:|1698552846\n|switch|p2a: Alomomola|Alomomola, F|100\/100 par\n|-damage|p2a: Alomomola|88\/100 par|[from] Stealth Rock\n|move|p1a: Clefable|Calm Mind|p1a: Clefable\n|-boost|p1a: Clefable|spa|1\n|-boost|p1a: Clefable|spd|1\n|\n|upkeep\n|turn|344\n|\n|t:|1698552848\n|switch|p2a: Slowking|Slowking-Galar, F|100\/100\n|move|p1a: Clefable|Calm Mind|p1a: Clefable\n|-boost|p1a: Clefable|spa|1\n|-boost|p1a: Clefable|spd|1\n|\n|upkeep\n|turn|345\n|\n|t:|1698552852\n|switch|p1a: Blissey|Blissey, F|100\/100\n|move|p2a: Slowking|Fire Blast|p1a: Blissey\n|-damage|p1a: Blissey|92\/100\n|\n|-heal|p1a: Blissey|98\/100|[from] item: Leftovers\n|upkeep\n|turn|346\n|\n|t:|1698552860\n|switch|p1a: Dondozo|Dondozo, M|71\/100\n|switch|p2a: Alomomola|Alomomola, F|100\/100 par\n|-damage|p2a: Alomomola|88\/100 par|[from] Stealth Rock\n|\n|upkeep\n|turn|347\n|\n|t:|1698552864\n|switch|p2a: Slowking|Slowking-Galar, F|100\/100\n|switch|p1a: Clefable|Clefable, M, tera:Dark|100\/100\n|\n|upkeep\n|turn|348\n|c| Pajoomas!|you made me think something was gonna happen\n|\n|t:|1698552868\n|switch|p1a: Blissey|Blissey, F|98\/100\n|switch|p2a: Alomomola|Alomomola, F|100\/100 par\n|-damage|p2a: Alomomola|88\/100 par|[from] Stealth Rock\n|\n|-heal|p1a: Blissey|100\/100|[from] item: Leftovers\n|upkeep\n|turn|349\n|c|\u2606leonissenbaum|gottem\n|\n|t:|1698552876\n|switch|p1a: Clefable|Clefable, M, tera:Dark|100\/100\n|switch|p2a: Slowking|Slowking-Galar, F|100\/100\n|\n|upkeep\n|turn|350\n|\n|t:|1698552878\n|switch|p1a: Blissey|Blissey, F|100\/100\n|switch|p2a: Alomomola|Alomomola, F|100\/100 par\n|-damage|p2a: Alomomola|88\/100 par|[from] Stealth Rock\n|\n|upkeep\n|turn|351\n|\n|t:|1698552881\n|switch|p1a: Clefable|Clefable, M, tera:Dark|100\/100\n|switch|p2a: Slowking|Slowking-Galar, F|100\/100\n|\n|upkeep\n|turn|352\n|\n|t:|1698552884\n|switch|p1a: Blissey|Blissey, F|100\/100\n|switch|p2a: Alomomola|Alomomola, F|100\/100 par\n|-damage|p2a: Alomomola|88\/100 par|[from] Stealth Rock\n|\n|upkeep\n|turn|353\n|c| iroeweuio|imagine if this were a tour\n|\n|t:|1698552886\n|switch|p1a: Clefable|Clefable, M, tera:Dark|100\/100\n|switch|p2a: Slowking|Slowking-Galar, F|100\/100\n|\n|upkeep\n|turn|354\n|\n|t:|1698552889\n|switch|p1a: Blissey|Blissey, F|100\/100\n|switch|p2a: Alomomola|Alomomola, F|100\/100 par\n|-damage|p2a: Alomomola|88\/100 par|[from] Stealth Rock\n|\n|upkeep\n|turn|355\n|c|\u2606leonissenbaum|this is the tour that everyone wants\n|\n|t:|1698552896\n|switch|p1a: Clefable|Clefable, M, tera:Dark|100\/100\n|switch|p2a: Slowking|Slowking-Galar, F|100\/100\n|\n|upkeep\n|turn|356\n|\n|t:|1698552900\n|switch|p1a: Blissey|Blissey, F|100\/100\n|switch|p2a: Alomomola|Alomomola, F|100\/100 par\n|-damage|p2a: Alomomola|88\/100 par|[from] Stealth Rock\n|\n|upkeep\n|turn|357\n|c| Leo Justice|Guys hold up im in tourn 252\n|c|\u2606PinkScourge|This is gaming\n|\n|t:|1698552906\n|switch|p1a: Clefable|Clefable, M, tera:Dark|100\/100\n|move|p2a: Alomomola|Flip Turn|p1a: Clefable\n|-damage|p1a: Clefable|81\/100\n|c| Leo Justice|IM slowly getting there\n|\n|t:|1698552911\n|switch|p2a: Slowking|Slowking-Galar, F|100\/100|[from] Flip Turn\n|\n|-heal|p1a: Clefable|87\/100|[from] item: Leftovers\n|upkeep\n|turn|358\n|c|\u2606leonissenbaum|WOAH\n|\n|t:|1698552917\n|switch|p1a: Blissey|Blissey, F|100\/100\n|switch|p2a: Alomomola|Alomomola, F|100\/100 par\n|-damage|p2a: Alomomola|88\/100 par|[from] Stealth Rock\n|\n|upkeep\n|turn|359\n|c| Pajoomas!|game changer\n|c|\u2606PinkScourge|Exciting, isn't it?\n|\n|t:|1698552925\n|switch|p1a: Clefable|Clefable, M, tera:Dark|87\/100\n|switch|p2a: Slowking|Slowking-Galar, F|100\/100\n|\n|-heal|p1a: Clefable|93\/100|[from] item: Leftovers\n|upkeep\n|turn|360\n|\n|t:|1698552930\n|switch|p1a: Blissey|Blissey, F|100\/100\n|switch|p2a: Alomomola|Alomomola, F|100\/100 par\n|-damage|p2a: Alomomola|88\/100 par|[from] Stealth Rock\n|\n|upkeep\n|turn|361\n|\n|t:|1698552933\n|switch|p1a: Clefable|Clefable, M, tera:Dark|93\/100\n|switch|p2a: Slowking|Slowking-Galar, F|100\/100\n|\n|-heal|p1a: Clefable|99\/100|[from] item: Leftovers\n|upkeep\n|turn|362\n|c|\u2606leonissenbaum|leo minor spoiler but\n|c|\u2606leonissenbaum|this game gets insane at turn 460\n|\n|t:|1698552945\n|switch|p1a: Blissey|Blissey, F|100\/100\n|switch|p2a: Alomomola|Alomomola, F|100\/100 par\n|-damage|p2a: Alomomola|88\/100 par|[from] Stealth Rock\n|\n|upkeep\n|turn|363\n|c| Laprasrules12|Yooo\n|\n|t:|1698552949\n|switch|p1a: Clefable|Clefable, M, tera:Dark|99\/100\n|switch|p2a: Slowking|Slowking-Galar, F|100\/100\n|\n|-heal|p1a: Clefable|100\/100|[from] item: Leftovers\n|upkeep\n|turn|364\n|\n|t:|1698552953\n|switch|p1a: Blissey|Blissey, F|100\/100\n|switch|p2a: Alomomola|Alomomola, F|100\/100 par\n|-damage|p2a: Alomomola|88\/100 par|[from] Stealth Rock\n|\n|upkeep\n|turn|365\n|c| Pajoomas!|turn 495 is the best imo\n|\n|t:|1698552959\n|switch|p1a: Clefable|Clefable, M, tera:Dark|100\/100\n|switch|p2a: Slowking|Slowking-Galar, F|100\/100\n|\n|upkeep\n|turn|366\n|c| Pajoomas!|you've hit a year of turns\n|c| Pajoomas!|congrats\n|c| Laprasrules12|I like 486\n|\n|t:|1698552962\n|switch|p1a: Blissey|Blissey, F|100\/100\n|switch|p2a: Alomomola|Alomomola, F|100\/100 par\n|-damage|p2a: Alomomola|88\/100 par|[from] Stealth Rock\n|\n|upkeep\n|turn|367\n|\n|t:|1698552968\n|switch|p1a: Clefable|Clefable, M, tera:Dark|100\/100\n|switch|p2a: Slowking|Slowking-Galar, F|100\/100\n|\n|upkeep\n|turn|368\n|\n|t:|1698552972\n|switch|p1a: Blissey|Blissey, F|100\/100\n|switch|p2a: Alomomola|Alomomola, F|100\/100 par\n|-damage|p2a: Alomomola|88\/100 par|[from] Stealth Rock\n|\n|upkeep\n|turn|369\n|\n|t:|1698552975\n|switch|p1a: Clefable|Clefable, M, tera:Dark|100\/100\n|switch|p2a: Slowking|Slowking-Galar, F|100\/100\n|\n|upkeep\n|turn|370\n|l| vespyyy\n|c|\u2606PinkScourge|The timer resets every time we swap?\n|c|\u2606PinkScourge|Ahhh\n|\n|t:|1698552998\n|switch|p1a: Blissey|Blissey, F|100\/100\n|switch|p2a: Alomomola|Alomomola, F|100\/100 par\n|-damage|p2a: Alomomola|88\/100 par|[from] Stealth Rock\n|\n|upkeep\n|turn|371\n|c| Pajoomas!|Can you survive 500 turns in stall room?\n|c|\u2606leonissenbaum|i think we gain like 20 seconds on the timer whenever we make a move\n|c|\u2606PinkScourge|ZZZ\n|inactive|PinkScourge has 270 seconds left.\n|c|\u2606PinkScourge|Gonna keep doing Hwork and swapping every 20 secs\n|\n|t:|1698553027\n|switch|p1a: Clefable|Clefable, M, tera:Dark|100\/100\n|switch|p2a: Slowking|Slowking-Galar, F|100\/100\n|\n|upkeep\n|turn|372\n|\n|t:|1698553031\n|switch|p1a: Blissey|Blissey, F|100\/100\n|switch|p2a: Alomomola|Alomomola, F|100\/100 par\n|-damage|p2a: Alomomola|88\/100 par|[from] Stealth Rock\n|\n|upkeep\n|turn|373\n|c|\u2606leonissenbaum|now thats gaming\n|\n|t:|1698553035\n|switch|p1a: Clefable|Clefable, M, tera:Dark|100\/100\n|switch|p2a: Slowking|Slowking-Galar, F|100\/100\n|\n|upkeep\n|turn|374\n|j| 1P1o1s1h1e1\n|c|\u2606PinkScourge|Nvm, I have 5 mins\n|c| 1P1o1s1h1e1|Holy hell\n|\n|t:|1698553056\n|switch|p1a: Blissey|Blissey, F|100\/100\n|switch|p2a: Alomomola|Alomomola, F|100\/100 par\n|-damage|p2a: Alomomola|88\/100 par|[from] Stealth Rock\n|\n|upkeep\n|turn|375\n|c|\u2606leonissenbaum|if you want i can offer a tie\nleonissenbaum is offering a tie.\nPinkScourge accepted the tie.\n|\n|tie\n|c| Pajoomas!|damn\n|c| Pajoomas!|it didn't get good\n|c|\u2606leonissenbaum|glorious game\n|c|\u2606PinkScourge|GG!!\n|c| Laprasrules12|Damn\n|c|\u2606leonissenbaum|also true sad\n|c| Laprasrules12|Lame\n|c| 1P1o1s1h1e1|LMAO\n|c|\u2606leonissenbaum|gg\n|c| Pajoomas!|is this the longest\n|c| Pajoomas!|uubers game\n|c|\u2606PinkScourge|Pin this replay on the channel\n|c| Pajoomas!|ever\n","uploadtime":1698553075,"views":35,"p1id":"leonissenbaum","p2id":"pinkscourge","formatid":"gen9ubers","rating":0,"private":0,"password":""}