{"id":"gen9ubers-1985299573","p1":"Arpitraj1","p2":"Just Kamiru","format":"[Gen 9] Ubers","log":"|j|\u2606Arpitraj1\n|j|\u2606Just Kamiru\n|t:|1699361810\n|gametype|singles\n|player|p1|Arpitraj1|anabel|1245\n|player|p2|Just Kamiru|marnie-masters|1213\n|teamsize|p1|6\n|teamsize|p2|6\n|gen|9\n|tier|[Gen 9] Ubers\n|rated|\n|rule|Sleep Clause Mod: Limit one foe put to sleep\n|rule|Species Clause: Limit one of each Pok\u00e9mon\n|rule|OHKO Clause: OHKO moves are banned\n|rule|Evasion Items Clause: Evasion items are banned\n|rule|Evasion Moves Clause: Evasion moves are banned\n|rule|Endless Battle Clause: Forcing endless battles is banned\n|rule|HP Percentage Mod: HP is shown in percentages\n|clearpoke\n|poke|p1|Ditto|\n|poke|p1|Arceus|\n|poke|p1|Koraidon|\n|poke|p1|Miraidon|\n|poke|p1|Ribombee, M|\n|poke|p1|Kyogre|\n|poke|p2|Annihilape, F|\n|poke|p2|Ogerpon-Hearthflame, F|\n|poke|p2|Garchomp, F|\n|poke|p2|Flutter Mane|\n|poke|p2|Koraidon|\n|poke|p2|Talonflame, F|\n|teampreview\n|inactive|Battle timer is ON: inactive players will automatically lose when time's up. (requested by Just Kamiru)\n|inactive|Arpitraj1 also wants the timer to be on.\n|\n|t:|1699361820\n|start\n|switch|p1a: Ribombee|Ribombee, M|100\/100\n|switch|p2a: Talonflame|Talonflame, F, shiny|100\/100\n|turn|1\n|c|\u2606Just Kamiru|midbombee\n|\n|t:|1699361836\n|move|p2a: Talonflame|Taunt|p1a: Ribombee\n|-start|p1a: Ribombee|move: Taunt\n|cant|p1a: Ribombee|move: Taunt|Sticky Web\n|\n|upkeep\n|turn|2\n|\n|t:|1699361840\n|move|p2a: Talonflame|Dual Wingbeat|p1a: Ribombee|[miss]\n|-miss|p2a: Talonflame|p1a: Ribombee\n|move|p1a: Ribombee|Moonblast|p2a: Talonflame\n|-resisted|p2a: Talonflame\n|-damage|p2a: Talonflame|75\/100\n|\n|upkeep\n|turn|3\n|\n|t:|1699361844\n|switch|p1a: Kyogre|Kyogre|100\/100\n|-weather|RainDance|[from] ability: Drizzle|[of] p1a: Kyogre\n|move|p2a: Talonflame|Dual Wingbeat|p1a: Kyogre\n|-damage|p1a: Kyogre|93\/100\n|-damage|p1a: Kyogre|85\/100\n|-hitcount|p1a: Kyogre|2\n|\n|-weather|RainDance|[upkeep]\n|-heal|p1a: Kyogre|92\/100|[from] item: Leftovers\n|upkeep\n|turn|4\n|\n|t:|1699361847\n|switch|p2a: Koraidon|Koraidon|100\/100\n|-weather|SunnyDay|[from] ability: Orichalcum Pulse|[of] p2a: Koraidon\n|-activate|p2a: Koraidon|Orichalcum Pulse|[source]\n|move|p1a: Kyogre|Substitute|p1a: Kyogre\n|-start|p1a: Kyogre|Substitute\n|-damage|p1a: Kyogre|67\/100\n|\n|-weather|SunnyDay|[upkeep]\n|-heal|p1a: Kyogre|73\/100|[from] item: Leftovers\n|upkeep\n|turn|5\n|\n|t:|1699361852\n|move|p2a: Koraidon|Drain Punch|p1a: Kyogre\n|-end|p1a: Kyogre|Substitute\n|-damage|p2a: Koraidon|91\/100|[from] item: Life Orb\n|move|p1a: Kyogre|Ice Beam|p2a: Koraidon\n|-supereffective|p2a: Koraidon\n|-damage|p2a: Koraidon|30\/100\n|\n|-weather|SunnyDay|[upkeep]\n|-heal|p1a: Kyogre|79\/100|[from] item: Leftovers\n|upkeep\n|turn|6\n|\n|t:|1699361861\n|move|p2a: Koraidon|Close Combat|p1a: Kyogre\n|-damage|p1a: Kyogre|0 fnt\n|-unboost|p2a: Koraidon|def|1\n|-unboost|p2a: Koraidon|spd|1\n|faint|p1a: Kyogre\n|-damage|p2a: Koraidon|20\/100|[from] item: Life Orb\n|\n|-weather|SunnyDay|[upkeep]\n|upkeep\n|\n|t:|1699361884\n|switch|p1a: Ribombee|Ribombee, M|100\/100\n|turn|7\n|\n|t:|1699361889\n|move|p2a: Koraidon|U-turn|p1a: Ribombee\n|-resisted|p1a: Ribombee\n|-damage|p1a: Ribombee|58\/100\n|-damage|p2a: Koraidon|10\/100|[from] item: Life Orb\n|\n|t:|1699361891\n|switch|p2a: Talonflame|Talonflame, F, shiny|75\/100|[from] U-turn\n|move|p1a: Ribombee|Sticky Web|p2a: Talonflame\n|-sidestart|p2: Just Kamiru|move: Sticky Web\n|\n|-weather|SunnyDay|[upkeep]\n|upkeep\n|turn|8\n|\n|t:|1699361909\n|move|p2a: Talonflame|Defog|p1a: Ribombee\n|-unboost|p1a: Ribombee|evasion|1\n|-sideend|p2: Just Kamiru|Sticky Web|[from] move: Defog|[of] p2a: Talonflame\n|move|p1a: Ribombee|Tailwind|p1a: Ribombee\n|-sidestart|p1: Arpitraj1|move: Tailwind\n|\n|-weather|none\n|upkeep\n|turn|9\n|inactive|Arpitraj1 has 120 seconds left.\n|\n|t:|1699361934\n|move|p1a: Ribombee|Stun Spore|p2a: Talonflame\n|-status|p2a: Talonflame|par\n|move|p2a: Talonflame|Taunt|p1a: Ribombee\n|-start|p1a: Ribombee|move: Taunt\n|\n|upkeep\n|turn|10\n|\n|t:|1699361939\n|switch|p1a: Miraidon|Miraidon|100\/100\n|-fieldstart|move: Electric Terrain|[from] ability: Hadron Engine|[of] p1a: Miraidon\n|move|p2a: Talonflame|Dual Wingbeat|p1a: Miraidon\n|-resisted|p1a: Miraidon\n|-damage|p1a: Miraidon|96\/100\n|-resisted|p1a: Miraidon\n|-damage|p1a: Miraidon|91\/100\n|-hitcount|p1a: Miraidon|2\n|\n|-heal|p1a: Miraidon|97\/100|[from] item: Leftovers\n|upkeep\n|turn|11\n|\n|t:|1699361944\n|move|p1a: Miraidon|Taunt|p2a: Talonflame\n|-start|p2a: Talonflame|move: Taunt\n|cant|p2a: Talonflame|move: Taunt|Will-O-Wisp\n|\n|-heal|p1a: Miraidon|100\/100|[from] item: Leftovers\n|-sideend|p1: Arpitraj1|move: Tailwind\n|upkeep\n|turn|12\n|\n|t:|1699361969\n|switch|p2a: Flutter Mane|Flutter Mane, shiny|100\/100\n|move|p1a: Miraidon|Dragon Pulse|p2a: Flutter Mane\n|-immune|p2a: Flutter Mane\n|\n|upkeep\n|turn|13\n|\n|t:|1699361980\n|move|p2a: Flutter Mane|Moonblast|p1a: Miraidon\n|-supereffective|p1a: Miraidon\n|-damage|p1a: Miraidon|0 fnt\n|faint|p1a: Miraidon\n|\n|upkeep\n|\n|t:|1699361994\n|switch|p1a: Ditto|Ditto|100\/100\n|-transform|p1a: Ditto|p2a: Flutter Mane|[from] ability: Imposter\n|turn|14\n|\n|t:|1699361999\n|move|p1a: Ditto|Shadow Ball|p2a: Flutter Mane\n|-supereffective|p2a: Flutter Mane\n|-damage|p2a: Flutter Mane|14\/100\n|move|p2a: Flutter Mane|Moonblast|p1a: Ditto\n|-damage|p1a: Ditto|29\/100\n|\n|-fieldend|move: Electric Terrain\n|upkeep\n|turn|15\n|\n|t:|1699362007\n|-end|p2a: Flutter Mane|Protosynthesis|[silent]\n|switch|p2a: Talonflame|Talonflame, F, shiny|75\/100 par\n|move|p1a: Ditto|Shadow Ball|p2a: Talonflame\n|-damage|p2a: Talonflame|21\/100 par\n|\n|upkeep\n|turn|16\n|\n|t:|1699362034\n|move|p1a: Ditto|Shadow Ball|p2a: Talonflame\n|-damage|p2a: Talonflame|0 fnt\n|faint|p2a: Talonflame\n|\n|upkeep\n|\n|t:|1699362041\n|switch|p2a: Garchomp|Garchomp, F, shiny|100\/100\n|turn|17\n|\n|t:|1699362051\n|move|p1a: Ditto|Shadow Ball|p2a: Garchomp\n|-damage|p2a: Garchomp|52\/100\n|move|p2a: Garchomp|Iron Head|p1a: Ditto\n|-supereffective|p1a: Ditto\n|-damage|p1a: Ditto|0 fnt\n|faint|p1a: Ditto\n|-end|p1a: Ditto|Protosynthesis|[silent]\n|\n|upkeep\n|\n|t:|1699362057\n|switch|p1a: Ribombee|Ribombee, M|58\/100\n|turn|18\n|\n|t:|1699362060\n|move|p2a: Garchomp|Iron Head|p1a: Ribombee\n|-supereffective|p1a: Ribombee\n|-damage|p1a: Ribombee|0 fnt\n|faint|p1a: Ribombee\n|\n|upkeep\n|\n|t:|1699362064\n|switch|p1a: Arceus|Arceus|100\/100\n|turn|19\n|\n|t:|1699362068\n|move|p2a: Garchomp|Iron Head|p1a: Arceus\n|-damage|p1a: Arceus|82\/100\n|move|p1a: Arceus|Swords Dance|p1a: Arceus\n|-boost|p1a: Arceus|atk|2\n|\n|upkeep\n|turn|20\n|\n|t:|1699362083\n|switch|p2a: Koraidon|Koraidon|10\/100\n|-weather|SunnyDay|[from] ability: Orichalcum Pulse|[of] p2a: Koraidon\n|-activate|p2a: Koraidon|Orichalcum Pulse|[source]\n|move|p1a: Arceus|Extreme Speed|p2a: Koraidon\n|-damage|p2a: Koraidon|0 fnt\n|faint|p2a: Koraidon\n|\n|-weather|SunnyDay|[upkeep]\n|upkeep\n|\n|t:|1699362099\n|switch|p2a: Garchomp|Garchomp, F, shiny|52\/100\n|turn|21\n|\n|t:|1699362105\n|switch|p2a: Flutter Mane|Flutter Mane, shiny|14\/100\n|-activate|p2a: Flutter Mane|ability: Protosynthesis\n|-start|p2a: Flutter Mane|protosynthesisspe\n|move|p1a: Arceus|Extreme Speed|p2a: Flutter Mane\n|-immune|p2a: Flutter Mane\n|\n|-weather|SunnyDay|[upkeep]\n|upkeep\n|turn|22\n|\n|t:|1699362108\n|move|p2a: Flutter Mane|Moonblast|p1a: Arceus\n|-damage|p1a: Arceus|33\/100\n|move|p1a: Arceus|Shadow Claw|p2a: Flutter Mane\n|-supereffective|p2a: Flutter Mane\n|-damage|p2a: Flutter Mane|0 fnt\n|faint|p2a: Flutter Mane\n|-end|p2a: Flutter Mane|Protosynthesis|[silent]\n|\n|-weather|SunnyDay|[upkeep]\n|upkeep\n|c|\u2606Just Kamiru|god motherfucking damn\n|\n|t:|1699362116\n|switch|p2a: Annihilape|Annihilape, F, shiny|100\/100\n|turn|23\n|\n|t:|1699362132\n|move|p1a: Arceus|Shadow Claw|p2a: Annihilape\n|-supereffective|p2a: Annihilape\n|-damage|p2a: Annihilape|0 fnt\n|faint|p2a: Annihilape\n|\n|-weather|SunnyDay|[upkeep]\n|upkeep\n|\n|t:|1699362137\n|switch|p2a: Ogerpon|Ogerpon-Hearthflame, F|100\/100\n|-ability|p2a: Ogerpon|Mold Breaker\n|turn|24\n|\n|t:|1699362146\n|-terastallize|p2a: Ogerpon|Fire\n|detailschange|p2a: Ogerpon|Ogerpon-Hearthflame-Tera, F, tera:Fire\n|-ability|p2a: Ogerpon|Embody Aspect (Hearthflame)|boost\n|-boost|p2a: Ogerpon|atk|1\n|move|p1a: Arceus|Extreme Speed|p2a: Ogerpon\n|-damage|p2a: Ogerpon|0 fnt\n|faint|p2a: Ogerpon\n|\n|-weather|none\n|upkeep\n|c|\u2606Just Kamiru|what the fuck dude\n|\n|t:|1699362154\n|switch|p2a: Garchomp|Garchomp, F, shiny|52\/100\n|turn|25\n|c|\u2606Just Kamiru|how\n|inactive|Arpitraj1 has 120 seconds left.\n|\n|t:|1699362190\n|move|p1a: Arceus|Extreme Speed|p2a: Garchomp\n|-damage|p2a: Garchomp|0 fnt\n|-damage|p1a: Arceus|21\/100|[from] ability: Rough Skin|[of] p2a: Garchomp\n|faint|p2a: Garchomp\n|\n|win|Arpitraj1\n|raw|Arpitraj1's rating: 1245 &rarr; <strong>1268<\/strong><br \/>(+23 for winning)\n|raw|Just Kamiru's rating: 1213 &rarr; <strong>1190<\/strong><br \/>(-23 for losing)\n","uploadtime":1699362116,"views":4,"p1id":"arpitraj1","p2id":"justkamiru","formatid":"gen9ubers","rating":1190,"private":0,"password":""}