{"id":"gen9ubers-1973897083","p1":"bareraptor","p2":"Durandral","format":"[Gen 9] Ubers","log":"|j|\u2606bareraptor\n|j|\u2606Durandral\n|t:|1698025582\n|gametype|singles\n|player|p1|bareraptor|170|\n|player|p2|Durandral|265|\n|teamsize|p1|6\n|teamsize|p2|6\n|gen|9\n|tier|[Gen 9] Ubers\n|rule|Sleep Clause Mod: Limit one foe put to sleep\n|rule|Species Clause: Limit one of each Pok\u00e9mon\n|rule|OHKO Clause: OHKO moves are banned\n|rule|Evasion Items Clause: Evasion items are banned\n|rule|Evasion Moves Clause: Evasion moves are banned\n|rule|Endless Battle Clause: Forcing endless battles is banned\n|rule|HP Percentage Mod: HP is shown in percentages\n|clearpoke\n|poke|p1|Ogerpon-Hearthflame, F|\n|poke|p1|Cyclizar, M|\n|poke|p1|Sandy Shocks|\n|poke|p1|Zamazenta-*|\n|poke|p1|Alomomola, F|\n|poke|p1|Slowking-Galar, F|\n|poke|p2|Dragonite, F|\n|poke|p2|Garganacl, F|\n|poke|p2|Regieleki|\n|poke|p2|Arcanine, F|\n|poke|p2|Sylveon, M|\n|poke|p2|Regidrago|\n|teampreview\n|c|\u2606bareraptor|gl hf!\n|c|\u2606Durandral|same to you friend\n|\n|t:|1698025681\n|start\n|switch|p1a: Cyclizar|Cyclizar, M|100\/100\n|switch|p2a: Sylveon|Sylveon, M|100\/100\n|turn|1\n|j| Bogaes\n|\n|t:|1698025702\n|move|p1a: Cyclizar|Shed Tail|p1a: Cyclizar\n|-start|p1a: Cyclizar|Substitute|[from] move: Shed Tail\n|-damage|p1a: Cyclizar|50\/100\n|\n|t:|1698025705\n|switch|p1a: Ogerpon|Ogerpon-Hearthflame, F|100\/100|[from] Shed Tail\n|-ability|p1a: Ogerpon|Mold Breaker\n|move|p2a: Sylveon|Hyper Voice|p1a: Ogerpon\n|-resisted|p1a: Ogerpon\n|-damage|p1a: Ogerpon|78\/100\n|\n|upkeep\n|turn|2\n|\n|t:|1698025720\n|switch|p2a: Arcanine|Arcanine, F|100\/100\n|-ability|p2a: Arcanine|Intimidate|boost\n|-immune|p1a: Ogerpon\n|move|p1a: Ogerpon|Swords Dance|p1a: Ogerpon\n|-boost|p1a: Ogerpon|atk|2\n|\n|upkeep\n|turn|3\n|c|\u2606Durandral|this is what i get for not knowing this mon lol\n|\n|t:|1698025761\n|-terastallize|p1a: Ogerpon|Fire\n|detailschange|p1a: Ogerpon|Ogerpon-Hearthflame-Tera, F, tera:Fire\n|-ability|p1a: Ogerpon|Embody Aspect (Hearthflame)|boost\n|-boost|p1a: Ogerpon|atk|1\n|move|p2a: Arcanine|Extreme Speed|p1a: Ogerpon\n|-activate|p1a: Ogerpon|move: Substitute|[damage]\n|move|p1a: Ogerpon|Ivy Cudgel|p2a: Arcanine\n|-resisted|p2a: Arcanine\n|-damage|p2a: Arcanine|18\/100\n|\n|upkeep\n|turn|4\n|j| kayjulers\n|\n|t:|1698025872\n|move|p2a: Arcanine|Extreme Speed|p1a: Ogerpon\n|-end|p1a: Ogerpon|Substitute\n|move|p1a: Ogerpon|Trailblaze|p2a: Arcanine\n|-resisted|p2a: Arcanine\n|-damage|p2a: Arcanine|0 fnt\n|-boost|p1a: Ogerpon|spe|1\n|faint|p2a: Arcanine\n|\n|upkeep\n|\n|t:|1698025930\n|switch|p2a: Dragonite|Dragonite, F|100\/100\n|turn|5\n|\n|t:|1698025960\n|move|p1a: Ogerpon|Play Rough|p2a: Dragonite|[miss]\n|-miss|p1a: Ogerpon|p2a: Dragonite\n|move|p2a: Dragonite|Outrage|p1a: Ogerpon\n|-damage|p1a: Ogerpon|0 fnt\n|faint|p1a: Ogerpon\n|\n|upkeep\n|c|\u2606bareraptor|dang\n|c|\u2606Durandral|that was huge\n|\n|t:|1698026060\n|switch|p1a: Zamazenta|Zamazenta|100\/100\n|-ability|p1a: Zamazenta|Dauntless Shield|boost\n|-boost|p1a: Zamazenta|def|1\n|turn|6\n|\n|t:|1698026084\n|move|p1a: Zamazenta|Ice Fang|p2a: Dragonite\n|-supereffective|p2a: Dragonite\n|-damage|p2a: Dragonite|29\/100\n|cant|p2a: Dragonite|flinch\n|\n|upkeep\n|turn|7\n|\n|t:|1698026091\n|switch|p2a: Sylveon|Sylveon, M|100\/100\n|move|p1a: Zamazenta|Ice Fang|p2a: Sylveon\n|-damage|p2a: Sylveon|62\/100\n|\n|-heal|p2a: Sylveon|68\/100|[from] item: Leftovers\n|upkeep\n|turn|8\n|\n|t:|1698026099\n|switch|p1a: Slowking|Slowking-Galar, F|100\/100\n|move|p2a: Sylveon|Wish|p2a: Sylveon\n|\n|-heal|p2a: Sylveon|74\/100|[from] item: Leftovers\n|upkeep\n|turn|9\n|\n|t:|1698026121\n|move|p2a: Sylveon|Protect|p2a: Sylveon\n|-singleturn|p2a: Sylveon|Protect\n|move|p1a: Slowking|Thunder Wave|p2a: Sylveon\n|-activate|p2a: Sylveon|move: Protect\n|\n|-heal|p2a: Sylveon|100\/100|[from] move: Wish|[wisher] Sylveon\n|upkeep\n|turn|10\n|\n|t:|1698026158\n|switch|p2a: Garganacl|Garganacl, F|100\/100\n|move|p1a: Slowking|Sludge Bomb|p2a: Garganacl\n|-resisted|p2a: Garganacl\n|-damage|p2a: Garganacl|88\/100\n|\n|-heal|p2a: Garganacl|94\/100|[from] item: Leftovers\n|upkeep\n|turn|11\n|\n|t:|1698026171\n|move|p2a: Garganacl|Salt Cure|p1a: Slowking\n|-damage|p1a: Slowking|87\/100\n|-start|p1a: Slowking|Salt Cure\n|move|p1a: Slowking|Chilly Reception|p1a: Slowking\n|-weather|Snow\n|\n|t:|1698026180\n|switch|p1a: Zamazenta|Zamazenta|100\/100|[from] Chilly Reception\n|\n|-weather|Snow|[upkeep]\n|-heal|p2a: Garganacl|99\/100|[from] item: Leftovers\n|upkeep\n|turn|12\n|\n|t:|1698026240\n|move|p1a: Zamazenta|Heavy Slam|p2a: Garganacl\n|-supereffective|p2a: Garganacl\n|-crit|p2a: Garganacl\n|-damage|p2a: Garganacl|66\/100\n|move|p2a: Garganacl|Salt Cure|p1a: Zamazenta\n|-resisted|p1a: Zamazenta\n|-damage|p1a: Zamazenta|94\/100\n|-start|p1a: Zamazenta|Salt Cure\n|\n|-weather|Snow|[upkeep]\n|-heal|p2a: Garganacl|72\/100|[from] item: Leftovers\n|-damage|p1a: Zamazenta|82\/100|[from] Salt Cure\n|upkeep\n|turn|13\n|\n|t:|1698026277\n|switch|p1a: Sandy Shocks|Sandy Shocks|100\/100\n|move|p2a: Garganacl|Recover|p2a: Garganacl\n|-heal|p2a: Garganacl|100\/100\n|\n|-weather|Snow|[upkeep]\n|upkeep\n|turn|14\n|\n|t:|1698026363\n|switch|p2a: Sylveon|Sylveon, M|100\/100\n|move|p1a: Sandy Shocks|Volt Switch|p2a: Sylveon\n|-damage|p2a: Sylveon|81\/100\n|l| Bogaes\n|\n|t:|1698026406\n|-end|p1a: Sandy Shocks|Protosynthesis|[silent]\n|switch|p1a: Zamazenta|Zamazenta|82\/100|[from] Volt Switch\n|\n|-weather|Snow|[upkeep]\n|-heal|p2a: Sylveon|87\/100|[from] item: Leftovers\n|upkeep\n|turn|15\n|\n|t:|1698026430\n|switch|p2a: Garganacl|Garganacl, F|100\/100\n|move|p1a: Zamazenta|Heavy Slam|p2a: Garganacl\n|-supereffective|p2a: Garganacl\n|-damage|p2a: Garganacl|80\/100\n|\n|-weather|none\n|-heal|p2a: Garganacl|86\/100|[from] item: Leftovers\n|upkeep\n|turn|16\n|\n|t:|1698026441\n|switch|p1a: Alomomola|Alomomola, F|100\/100\n|move|p2a: Garganacl|Stealth Rock|p1a: Alomomola\n|-sidestart|p1: bareraptor|move: Stealth Rock\n|\n|-heal|p2a: Garganacl|92\/100|[from] item: Leftovers\n|upkeep\n|turn|17\n|\n|t:|1698026463\n|move|p1a: Alomomola|Flip Turn|p2a: Garganacl\n|-supereffective|p2a: Garganacl\n|-damage|p2a: Garganacl|75\/100\n|\n|t:|1698026468\n|switch|p1a: Cyclizar|Cyclizar, M|84\/100|[from] Flip Turn\n|move|p2a: Garganacl|Salt Cure|p1a: Cyclizar\n|-damage|p1a: Cyclizar|66\/100\n|-start|p1a: Cyclizar|Salt Cure\n|\n|-heal|p2a: Garganacl|81\/100|[from] item: Leftovers\n|-damage|p1a: Cyclizar|53\/100|[from] Salt Cure\n|upkeep\n|turn|18\n|\n|t:|1698026482\n|move|p1a: Cyclizar|Rapid Spin|p2a: Garganacl\n|-resisted|p2a: Garganacl\n|-damage|p2a: Garganacl|77\/100\n|-boost|p1a: Cyclizar|spe|1\n|-sideend|p1: bareraptor|Stealth Rock|[from] move: Rapid Spin|[of] p1a: Cyclizar\n|move|p2a: Garganacl|Stealth Rock|p1a: Cyclizar\n|-sidestart|p1: bareraptor|move: Stealth Rock\n|\n|-heal|p2a: Garganacl|84\/100|[from] item: Leftovers\n|-damage|p1a: Cyclizar|41\/100|[from] Salt Cure\n|upkeep\n|turn|19\n|\n|t:|1698026495\n|move|p1a: Cyclizar|U-turn|p2a: Garganacl\n|-damage|p2a: Garganacl|77\/100\n|\n|t:|1698026497\n|switch|p1a: Zamazenta|Zamazenta|82\/100|[from] U-turn\n|-damage|p1a: Zamazenta|76\/100|[from] Stealth Rock\n|move|p2a: Garganacl|Stealth Rock||[still]\n|-fail|p2a: Garganacl\n|\n|-heal|p2a: Garganacl|83\/100|[from] item: Leftovers\n|upkeep\n|turn|20\n|\n|t:|1698026511\n|move|p1a: Zamazenta|Close Combat|p2a: Garganacl\n|-supereffective|p2a: Garganacl\n|-damage|p2a: Garganacl|0 fnt\n|-unboost|p1a: Zamazenta|def|1\n|-unboost|p1a: Zamazenta|spd|1\n|faint|p2a: Garganacl\n|\n|upkeep\n|\n|t:|1698026558\n|switch|p2a: Sylveon|Sylveon, M|87\/100\n|turn|21\n|\n|t:|1698026607\n|switch|p1a: Slowking|Slowking-Galar, F|100\/100\n|move|p2a: Sylveon|Wish|p2a: Sylveon\n|\n|-heal|p2a: Sylveon|93\/100|[from] item: Leftovers\n|upkeep\n|turn|22\n|\n|t:|1698026614\n|move|p2a: Sylveon|Calm Mind|p2a: Sylveon\n|-boost|p2a: Sylveon|spa|1\n|-boost|p2a: Sylveon|spd|1\n|move|p1a: Slowking|Sludge Bomb|p2a: Sylveon\n|-supereffective|p2a: Sylveon\n|-damage|p2a: Sylveon|69\/100\n|-status|p2a: Sylveon|psn\n|\n|-heal|p2a: Sylveon|100\/100 psn|[from] move: Wish|[wisher] Sylveon\n|-damage|p2a: Sylveon|88\/100 psn|[from] psn\n|upkeep\n|turn|23\n|\n|t:|1698026625\n|move|p2a: Sylveon|Calm Mind|p2a: Sylveon\n|-boost|p2a: Sylveon|spa|1\n|-boost|p2a: Sylveon|spd|1\n|move|p1a: Slowking|Chilly Reception|p1a: Slowking\n|-weather|Snow\n|\n|t:|1698026643\n|switch|p1a: Zamazenta|Zamazenta|76\/100|[from] Chilly Reception\n|-damage|p1a: Zamazenta|70\/100|[from] Stealth Rock\n|\n|-weather|Snow|[upkeep]\n|-heal|p2a: Sylveon|94\/100 psn|[from] item: Leftovers\n|-damage|p2a: Sylveon|82\/100 psn|[from] psn\n|upkeep\n|turn|24\n|\n|t:|1698026651\n|move|p1a: Zamazenta|Heavy Slam|p2a: Sylveon\n|-supereffective|p2a: Sylveon\n|-damage|p2a: Sylveon|0 fnt\n|faint|p2a: Sylveon\n|\n|-weather|Snow|[upkeep]\n|upkeep\n|\n|t:|1698026656\n|switch|p2a: Regidrago|Regidrago|100\/100\n|turn|25\n|\n|t:|1698026710\n|switch|p1a: Alomomola|Alomomola, F|100\/100\n|-damage|p1a: Alomomola|88\/100|[from] Stealth Rock\n|move|p2a: Regidrago|Draco Meteor|p1a: Alomomola\n|-damage|p1a: Alomomola|0 fnt\n|-unboost|p2a: Regidrago|spa|2\n|faint|p1a: Alomomola\n|\n|-weather|Snow|[upkeep]\n|upkeep\n|\n|t:|1698026761\n|switch|p1a: Cyclizar|Cyclizar, M|74\/100\n|turn|26\n|\n|t:|1698026775\n|move|p1a: Cyclizar|Shed Tail|p1a: Cyclizar\n|-start|p1a: Cyclizar|Substitute|[from] move: Shed Tail\n|-damage|p1a: Cyclizar|24\/100\n|\n|t:|1698026779\n|switch|p1a: Zamazenta|Zamazenta|70\/100|[from] Shed Tail\n|-damage|p1a: Zamazenta|64\/100|[from] Stealth Rock\n|move|p2a: Regidrago|Draco Meteor|p1a: Zamazenta|[miss]\n|-miss|p2a: Regidrago|p1a: Zamazenta\n|\n|-weather|Snow|[upkeep]\n|upkeep\n|turn|27\n|\n|t:|1698026789\n|move|p1a: Zamazenta|Close Combat|p2a: Regidrago\n|-damage|p2a: Regidrago|7\/100\n|-unboost|p1a: Zamazenta|def|1\n|-unboost|p1a: Zamazenta|spd|1\n|move|p2a: Regidrago|Draco Meteor|p1a: Zamazenta\n|-end|p1a: Zamazenta|Substitute\n|-unboost|p2a: Regidrago|spa|2\n|\n|-weather|none\n|upkeep\n|turn|28\n|\n|t:|1698026799\n|move|p1a: Zamazenta|Close Combat|p2a: Regidrago\n|-damage|p2a: Regidrago|0 fnt\n|-unboost|p1a: Zamazenta|def|1\n|-unboost|p1a: Zamazenta|spd|1\n|faint|p2a: Regidrago\n|\n|upkeep\n|\n|t:|1698026822\n|switch|p2a: Dragonite|Dragonite, F|29\/100\n|turn|29\n|\n|t:|1698026882\n|switch|p1a: Cyclizar|Cyclizar, M|57\/100\n|move|p2a: Dragonite|Extreme Speed|p1a: Cyclizar\n|-damage|p1a: Cyclizar|0 fnt\n|faint|p1a: Cyclizar\n|\n|upkeep\n|\n|t:|1698026903\n|switch|p1a: Zamazenta|Zamazenta|64\/100\n|-damage|p1a: Zamazenta|57\/100|[from] Stealth Rock\n|turn|30\n|\n|t:|1698026919\n|switch|p2a: Regieleki|Regieleki|100\/100\n|move|p1a: Zamazenta|Close Combat|p2a: Regieleki\n|-crit|p2a: Regieleki\n|-damage|p2a: Regieleki|0 fnt\n|-unboost|p1a: Zamazenta|def|1\n|-unboost|p1a: Zamazenta|spd|1\n|faint|p2a: Regieleki\n|\n|upkeep\n|\n|t:|1698026927\n|switch|p2a: Dragonite|Dragonite, F|29\/100\n|turn|31\n|\n|t:|1698026938\n|switch|p1a: Slowking|Slowking-Galar, F|100\/100\n|move|p2a: Dragonite|Extreme Speed|p1a: Slowking\n|-crit|p1a: Slowking\n|-damage|p1a: Slowking|27\/100\n|\n|upkeep\n|turn|32\n|\n|t:|1698026944\n|move|p2a: Dragonite|Extreme Speed|p1a: Slowking\n|-damage|p1a: Slowking|0 fnt\n|faint|p1a: Slowking\n|\n|upkeep\n|\n|t:|1698026948\n|switch|p1a: Zamazenta|Zamazenta|57\/100\n|-damage|p1a: Zamazenta|51\/100|[from] Stealth Rock\n|turn|33\n|\n|t:|1698026951\n|move|p2a: Dragonite|Extreme Speed|p1a: Zamazenta\n|-damage|p1a: Zamazenta|8\/100\n|move|p1a: Zamazenta|Close Combat|p2a: Dragonite\n|-resisted|p2a: Dragonite\n|-damage|p2a: Dragonite|0 fnt\n|-unboost|p1a: Zamazenta|def|1\n|-unboost|p1a: Zamazenta|spd|1\n|faint|p2a: Dragonite\n|\n|win|bareraptor\n|c|\u2606bareraptor|gg\n|c|\u2606Durandral|close\n|c|\u2606Durandral|gg\n|c|\u2606bareraptor|I was scared there\n","uploadtime":1698026968,"views":26,"p1id":"bareraptor","p2id":"durandral","formatid":"gen9ubers","rating":0,"private":0,"password":""}