{"id":"gen9ubers-1987843815","p1":"RubenPaCe","p2":"babynogalXD","format":"[Gen 9] Ubers","log":"|j|\u2606RubenPaCe\n|j|\u2606babynogalXD\n|t:|1699641994\n|gametype|singles\n|player|p1|RubenPaCe|camper|\n|player|p2|babynogalXD|hilbert|\n|teamsize|p1|6\n|teamsize|p2|6\n|gen|9\n|tier|[Gen 9] Ubers\n|rule|Sleep Clause Mod: Limit one foe put to sleep\n|rule|Species Clause: Limit one of each Pok\u00e9mon\n|rule|OHKO Clause: OHKO moves are banned\n|rule|Evasion Items Clause: Evasion items are banned\n|rule|Evasion Moves Clause: Evasion moves are banned\n|rule|Endless Battle Clause: Forcing endless battles is banned\n|rule|HP Percentage Mod: HP is shown in percentages\n|clearpoke\n|poke|p1|Meowscarada, F|\n|poke|p1|Tyranitar, M|\n|poke|p1|Chi-Yu|\n|poke|p1|Zacian-*|\n|poke|p1|Palkia-Origin|\n|poke|p1|Houndstone, F|\n|poke|p2|Cyclizar, F|\n|poke|p2|Roaring Moon|\n|poke|p2|Spectrier|\n|poke|p2|Zamazenta-*|\n|poke|p2|Dialga|\n|poke|p2|Arceus-Ghost|\n|teampreview\n|\n|t:|1699642011\n|start\n|switch|p1a: Meowscarada|Meowscarada, F|100\/100\n|switch|p2a: Cyclizar|Cyclizar, F|100\/100\n|turn|1\n|\n|t:|1699642020\n|move|p2a: Cyclizar|U-turn|p1a: Meowscarada\n|-supereffective|p1a: Meowscarada\n|-damage|p1a: Meowscarada|8\/100\n|\n|t:|1699642022\n|switch|p2a: Zamazenta|Zamazenta-Crowned|100\/100|[from] U-turn\n|-ability|p2a: Zamazenta|Dauntless Shield|boost\n|-boost|p2a: Zamazenta|def|1\n|move|p1a: Meowscarada|Knock Off|p2a: Zamazenta\n|-start|p1a: Meowscarada|typechange|Dark|[from] ability: Protean\n|-resisted|p2a: Zamazenta\n|-damage|p2a: Zamazenta|94\/100\n|\n|upkeep\n|turn|2\n|\n|t:|1699642029\n|move|p2a: Zamazenta|Behemoth Bash|p1a: Meowscarada\n|-damage|p1a: Meowscarada|0 fnt\n|faint|p1a: Meowscarada\n|\n|upkeep\n|\n|t:|1699642034\n|switch|p1a: Chi-Yu|Chi-Yu|100\/100\n|-ability|p1a: Chi-Yu|Beads of Ruin\n|turn|3\n|\n|t:|1699642044\n|switch|p2a: Cyclizar|Cyclizar, F|100\/100\n|move|p1a: Chi-Yu|Fire Blast|p2a: Cyclizar\n|-resisted|p2a: Cyclizar\n|-damage|p2a: Cyclizar|43\/100\n|\n|upkeep\n|turn|4\n|\n|t:|1699642051\n|move|p2a: Cyclizar|Knock Off|p1a: Chi-Yu\n|-resisted|p1a: Chi-Yu\n|-damage|p1a: Chi-Yu|82\/100\n|-enditem|p1a: Chi-Yu|Choice Scarf|[from] move: Knock Off|[of] p2a: Cyclizar\n|move|p1a: Chi-Yu|Fire Blast|p2a: Cyclizar\n|-resisted|p2a: Cyclizar\n|-damage|p2a: Cyclizar|0 fnt\n|faint|p2a: Cyclizar\n|\n|upkeep\n|\n|t:|1699642063\n|switch|p2a: Roaring Moon|Roaring Moon|100\/100\n|-enditem|p2a: Roaring Moon|Booster Energy\n|-activate|p2a: Roaring Moon|ability: Protosynthesis|[fromitem]\n|-start|p2a: Roaring Moon|protosynthesisatk\n|turn|5\n|\n|t:|1699642067\n|switch|p1a: Zacian|Zacian|100\/100\n|-ability|p1a: Zacian|Intrepid Sword|boost\n|-boost|p1a: Zacian|atk|1\n|move|p2a: Roaring Moon|Dragon Dance|p2a: Roaring Moon\n|-boost|p2a: Roaring Moon|atk|1\n|-boost|p2a: Roaring Moon|spe|1\n|\n|upkeep\n|turn|6\n|\n|t:|1699642082\n|-terastallize|p2a: Roaring Moon|Flying\n|-terastallize|p1a: Zacian|Fire\n|move|p2a: Roaring Moon|Acrobatics|p1a: Zacian\n|-damage|p1a: Zacian|0 fnt\n|faint|p1a: Zacian\n|\n|upkeep\n|\n|t:|1699642088\n|switch|p1a: Tyranitar|Tyranitar, M|100\/100\n|-weather|Sandstorm|[from] ability: Sand Stream|[of] p1a: Tyranitar\n|turn|7\n|\n|t:|1699642091\n|move|p2a: Roaring Moon|Earthquake|p1a: Tyranitar\n|-supereffective|p1a: Tyranitar\n|-damage|p1a: Tyranitar|0 fnt\n|faint|p1a: Tyranitar\n|\n|-weather|Sandstorm|[upkeep]\n|-damage|p2a: Roaring Moon|95\/100|[from] Sandstorm\n|upkeep\n|\n|t:|1699642095\n|switch|p1a: Houndstone|Houndstone, F|100\/100\n|turn|8\n|\n|t:|1699642098\n|move|p1a: Houndstone|Last Respects|p2a: Roaring Moon\n|-damage|p2a: Roaring Moon|0 fnt\n|faint|p2a: Roaring Moon\n|-end|p2a: Roaring Moon|Protosynthesis|[silent]\n|\n|-weather|Sandstorm|[upkeep]\n|upkeep\n|\n|t:|1699642114\n|switch|p2a: Dialga|Dialga|100\/100\n|-ability|p2a: Dialga|Pressure\n|turn|9\n|\n|t:|1699642117\n|switch|p1a: Chi-Yu|Chi-Yu|82\/100\n|-ability|p1a: Chi-Yu|Beads of Ruin\n|move|p2a: Dialga|Steel Beam|p1a: Chi-Yu\n|-resisted|p1a: Chi-Yu\n|-damage|p1a: Chi-Yu|41\/100\n|-damage|p2a: Dialga|50\/100|[from] steelbeam\n|\n|-weather|Sandstorm|[upkeep]\n|-damage|p1a: Chi-Yu|35\/100|[from] Sandstorm\n|upkeep\n|turn|10\n|\n|t:|1699642125\n|move|p1a: Chi-Yu|Flamethrower|p2a: Dialga\n|-damage|p2a: Dialga|0 fnt\n|faint|p2a: Dialga\n|\n|-weather|Sandstorm|[upkeep]\n|-damage|p1a: Chi-Yu|29\/100|[from] Sandstorm\n|upkeep\n|\n|t:|1699642135\n|switch|p2a: Spectrier|Spectrier|100\/100\n|turn|11\n|\n|t:|1699642137\n|move|p2a: Spectrier|Substitute|p2a: Spectrier\n|-start|p2a: Spectrier|Substitute\n|-damage|p2a: Spectrier|76\/100\n|move|p1a: Chi-Yu|Dark Pulse|p2a: Spectrier\n|-supereffective|p2a: Spectrier\n|-end|p2a: Spectrier|Substitute\n|\n|-weather|Sandstorm|[upkeep]\n|-damage|p2a: Spectrier|69\/100|[from] Sandstorm\n|-damage|p1a: Chi-Yu|23\/100|[from] Sandstorm\n|upkeep\n|turn|12\n|\n|t:|1699642141\n|move|p2a: Spectrier|Substitute|p2a: Spectrier\n|-start|p2a: Spectrier|Substitute\n|-damage|p2a: Spectrier|44\/100\n|move|p1a: Chi-Yu|Dark Pulse|p2a: Spectrier\n|-supereffective|p2a: Spectrier\n|-end|p2a: Spectrier|Substitute\n|\n|-weather|Sandstorm|[upkeep]\n|-damage|p2a: Spectrier|38\/100|[from] Sandstorm\n|-damage|p1a: Chi-Yu|17\/100|[from] Sandstorm\n|upkeep\n|turn|13\n|\n|t:|1699642143\n|move|p2a: Spectrier|Substitute|p2a: Spectrier\n|-start|p2a: Spectrier|Substitute\n|-damage|p2a: Spectrier|13\/100\n|move|p1a: Chi-Yu|Dark Pulse|p2a: Spectrier\n|-supereffective|p2a: Spectrier\n|-end|p2a: Spectrier|Substitute\n|\n|-weather|Sandstorm|[upkeep]\n|-damage|p2a: Spectrier|7\/100|[from] Sandstorm\n|-damage|p1a: Chi-Yu|11\/100|[from] Sandstorm\n|upkeep\n|turn|14\n|\n|t:|1699642147\n|move|p2a: Spectrier|Draining Kiss|p1a: Chi-Yu\n|-damage|p1a: Chi-Yu|0 fnt\n|-heal|p2a: Spectrier|13\/100|[from] drain|[of] p1a: Chi-Yu\n|faint|p1a: Chi-Yu\n|-ability|p2a: Spectrier|Grim Neigh|boost\n|-boost|p2a: Spectrier|spa|1\n|-damage|p2a: Spectrier|3\/100|[from] item: Life Orb\n|\n|-weather|none\n|upkeep\n|\n|t:|1699642148\n|switch|p1a: Houndstone|Houndstone, F|100\/100\n|turn|15\n|\n|t:|1699642151\n|move|p1a: Houndstone|Shadow Sneak|p2a: Spectrier\n|-supereffective|p2a: Spectrier\n|-crit|p2a: Spectrier\n|-damage|p2a: Spectrier|0 fnt\n|faint|p2a: Spectrier\n|\n|upkeep\n|\n|t:|1699642155\n|switch|p2a: Arceus|Arceus-Ghost|100\/100\n|turn|16\n|\n|t:|1699642159\n|move|p1a: Houndstone|Shadow Sneak|p2a: Arceus\n|-supereffective|p2a: Arceus\n|-damage|p2a: Arceus|69\/100\n|move|p2a: Arceus|Judgment|p1a: Houndstone\n|-supereffective|p1a: Houndstone\n|-damage|p1a: Houndstone|0 fnt\n|faint|p1a: Houndstone\n|\n|upkeep\n|\n|t:|1699642161\n|switch|p1a: Palkia|Palkia-Origin|100\/100\n|-ability|p1a: Palkia|Pressure\n|turn|17\n|\n|t:|1699642165\n|move|p2a: Arceus|Judgment|p1a: Palkia\n|-damage|p1a: Palkia|44\/100\n|move|p1a: Palkia|Hydro Pump|p2a: Arceus\n|-damage|p2a: Arceus|13\/100\n|\n|upkeep\n|turn|18\n|\n|t:|1699642167\n|move|p1a: Palkia|Spacial Rend|p2a: Arceus\n|-damage|p2a: Arceus|0 fnt\n|faint|p2a: Arceus\n|\n|upkeep\n|\n|t:|1699642169\n|switch|p2a: Zamazenta|Zamazenta-Crowned|94\/100\n|turn|19\n|\n|t:|1699642172\n|move|p2a: Zamazenta|Body Press|p1a: Palkia\n|-damage|p1a: Palkia|3\/100\n|move|p1a: Palkia|Hydro Pump|p2a: Zamazenta\n|-damage|p2a: Zamazenta|48\/100\n|\n|upkeep\n|turn|20\n|\n|t:|1699642176\n|move|p2a: Zamazenta|Body Press|p1a: Palkia\n|-damage|p1a: Palkia|0 fnt\n|faint|p1a: Palkia\n|\n|win|babynogalXD\n|c|\u2606RubenPaCe|gg\n|c|\u2606babynogalXD|Gg\n","uploadtime":1699642183,"views":52,"p1id":"rubenpace","p2id":"babynogalxd","formatid":"gen9ubers","rating":0,"private":0,"password":""}