{"id":"gen9ubers-1981834814","p1":"NeonLegacy","p2":"Zixerneas","format":"[Gen 9] Ubers","log":"|j|\u2606NeonLegacy\n|j|\u2606Zixerneas\n|t:|1698945165\n|gametype|singles\n|player|p1|NeonLegacy|red|\n|player|p2|Zixerneas|az|\n|teamsize|p1|6\n|teamsize|p2|6\n|gen|9\n|tier|[Gen 9] Ubers\n|rated|Tournament battle\n|rule|Sleep Clause Mod: Limit one foe put to sleep\n|rule|Species Clause: Limit one of each Pok\u00e9mon\n|rule|OHKO Clause: OHKO moves are banned\n|rule|Evasion Items Clause: Evasion items are banned\n|rule|Evasion Moves Clause: Evasion moves are banned\n|rule|Endless Battle Clause: Forcing endless battles is banned\n|rule|HP Percentage Mod: HP is shown in percentages\n|clearpoke\n|poke|p1|Torterra, F|\n|poke|p1|Uxie|\n|poke|p1|Ogerpon, F|\n|poke|p1|Polteageist-Antique|\n|poke|p1|Hatterene, F|\n|poke|p1|Arceus|\n|poke|p2|Zacian-*|\n|poke|p2|Arceus-Ground|\n|poke|p2|Flutter Mane|\n|poke|p2|Giratina-Origin|\n|poke|p2|Kyogre|\n|poke|p2|Koraidon|\n|teampreview\n|c|\u2606NeonLegacy|...\n|c|\u2606NeonLegacy|bruh\n|c|\u2606NeonLegacy|glhf\n|inactive|Battle timer is ON: inactive players will automatically lose when time's up. (requested by Zixerneas)\n|c|\u2606Zixerneas|?\n|c|\u2606Zixerneas|glhf\n|c|\u2606NeonLegacy|a lot of legendaries\n|j| Nicometeor\n|c|\u2606Zixerneas|its ubers lmao\n|l| Nicometeor\n|c|\u2606NeonLegacy|i know\n|inactive|Zixerneas has 120 seconds left.\n|\n|t:|1698945212\n|start\n|switch|p1a: Polteageist|Polteageist-Antique, shiny|100\/100\n|switch|p2a: Arceus|Arceus-Ground|100\/100\n|turn|1\n|c|\u2606NeonLegacy|but i just hve bad experinces with legendayies\n|\n|t:|1698945222\n|move|p2a: Arceus|Judgment|p1a: Polteageist\n|-damage|p1a: Polteageist|46\/100\n|move|p1a: Polteageist|Shell Smash|p1a: Polteageist\n|-unboost|p1a: Polteageist|def|1\n|-unboost|p1a: Polteageist|spd|1\n|-boost|p1a: Polteageist|atk|2\n|-boost|p1a: Polteageist|spa|2\n|-boost|p1a: Polteageist|spe|2\n|\n|upkeep\n|turn|2\n|\n|t:|1698945230\n|move|p1a: Polteageist|Giga Drain|p2a: Arceus\n|-supereffective|p2a: Arceus\n|-damage|p2a: Arceus|28\/100\n|-heal|p1a: Polteageist|100\/100|[from] drain|[of] p2a: Arceus\n|move|p2a: Arceus|Judgment|p1a: Polteageist\n|-damage|p1a: Polteageist|10\/100\n|\n|upkeep\n|turn|3\n|\n|t:|1698945245\n|move|p1a: Polteageist|Giga Drain|p2a: Arceus\n|-supereffective|p2a: Arceus\n|-damage|p2a: Arceus|0 fnt\n|-heal|p1a: Polteageist|33\/100|[from] drain|[of] p2a: Arceus\n|faint|p2a: Arceus\n|\n|upkeep\n|\n|t:|1698945251\n|switch|p2a: Flutter Mane|Flutter Mane|100\/100\n|turn|4\n|\n|t:|1698945268\n|move|p1a: Polteageist|Shadow Ball|p2a: Flutter Mane\n|-supereffective|p2a: Flutter Mane\n|-damage|p2a: Flutter Mane|0 fnt\n|faint|p2a: Flutter Mane\n|-end|p2a: Flutter Mane|Protosynthesis|[silent]\n|\n|upkeep\n|\n|t:|1698945284\n|switch|p2a: Giratina|Giratina-Origin|100\/100\n|turn|5\n|\n|t:|1698945295\n|-terastallize|p2a: Giratina|Steel\n|move|p1a: Polteageist|Shadow Ball|p2a: Giratina\n|-damage|p2a: Giratina|44\/100\n|move|p2a: Giratina|Earthquake|p1a: Polteageist\n|-damage|p1a: Polteageist|0 fnt\n|faint|p1a: Polteageist\n|\n|upkeep\n|\n|t:|1698945308\n|switch|p1a: Uxie|Uxie|100\/100\n|turn|6\n|\n|t:|1698945315\n|move|p1a: Uxie|Reflect|p1a: Uxie\n|-sidestart|p1: NeonLegacy|Reflect\n|move|p2a: Giratina|Dragon Tail|p1a: Uxie\n|-damage|p1a: Uxie|88\/100\n|drag|p1a: Arceus|Arceus|100\/100\n|\n|upkeep\n|turn|7\n|\n|t:|1698945324\n|move|p1a: Arceus|Aura Sphere|p2a: Giratina\n|-supereffective|p2a: Giratina\n|-damage|p2a: Giratina|5\/100\n|move|p2a: Giratina|Will-O-Wisp|p1a: Arceus\n|-status|p1a: Arceus|brn\n|\n|-damage|p1a: Arceus|94\/100 brn|[from] brn\n|upkeep\n|turn|8\n|\n|t:|1698945333\n|move|p1a: Arceus|Aura Sphere|p2a: Giratina\n|-supereffective|p2a: Giratina\n|-damage|p2a: Giratina|0 fnt\n|faint|p2a: Giratina\n|\n|-damage|p1a: Arceus|88\/100 brn|[from] brn\n|upkeep\n|\n|t:|1698945341\n|switch|p2a: Kyogre|Kyogre|100\/100\n|-weather|RainDance|[from] ability: Drizzle|[of] p2a: Kyogre\n|turn|9\n|\n|t:|1698945346\n|move|p2a: Kyogre|Water Spout|p1a: Arceus\n|-damage|p1a: Arceus|0 fnt\n|faint|p1a: Arceus\n|\n|-weather|RainDance|[upkeep]\n|upkeep\n|\n|t:|1698945353\n|switch|p1a: Uxie|Uxie|88\/100\n|turn|10\n|\n|t:|1698945357\n|move|p2a: Kyogre|Water Spout|p1a: Uxie\n|-damage|p1a: Uxie|16\/100\n|move|p1a: Uxie|Light Screen|p1a: Uxie\n|-sidestart|p1: NeonLegacy|move: Light Screen\n|\n|-weather|RainDance|[upkeep]\n|upkeep\n|turn|11\n|\n|t:|1698945363\n|move|p2a: Kyogre|Water Spout|p1a: Uxie\n|-damage|p1a: Uxie|0 fnt\n|faint|p1a: Uxie\n|\n|-weather|RainDance|[upkeep]\n|upkeep\n|\n|t:|1698945374\n|switch|p1a: Ogerpon|Ogerpon, F|100\/100\n|turn|12\n|\n|t:|1698945384\n|switch|p2a: Zacian|Zacian-Crowned|100\/100\n|-ability|p2a: Zacian|Intrepid Sword|boost\n|-boost|p2a: Zacian|atk|1\n|-terastallize|p1a: Ogerpon|Grass\n|detailschange|p1a: Ogerpon|Ogerpon-Teal-Tera, F, tera:Grass\n|-ability|p1a: Ogerpon|Embody Aspect (Teal)|boost\n|-boost|p1a: Ogerpon|spe|1\n|move|p1a: Ogerpon|Swords Dance|p1a: Ogerpon\n|-boost|p1a: Ogerpon|atk|2\n|\n|-weather|RainDance|[upkeep]\n|upkeep\n|turn|13\n|\n|t:|1698945395\n|move|p1a: Ogerpon|Brick Break|p2a: Zacian\n|-damage|p2a: Zacian|53\/100\n|move|p2a: Zacian|Behemoth Blade|p1a: Ogerpon\n|-crit|p1a: Ogerpon\n|-enditem|p1a: Ogerpon|Focus Sash\n|-damage|p1a: Ogerpon|1\/100\n|\n|-weather|none\n|-sideend|p1: NeonLegacy|Reflect\n|upkeep\n|turn|14\n|\n|t:|1698945404\n|move|p1a: Ogerpon|Ivy Cudgel|p2a: Zacian\n|-resisted|p2a: Zacian\n|-damage|p2a: Zacian|0 fnt\n|faint|p2a: Zacian\n|\n|upkeep\n|\n|t:|1698945430\n|switch|p2a: Koraidon|Koraidon|100\/100\n|-weather|SunnyDay|[from] ability: Orichalcum Pulse|[of] p2a: Koraidon\n|-activate|p2a: Koraidon|Orichalcum Pulse|[source]\n|turn|15\n|\n|t:|1698945438\n|move|p1a: Ogerpon|Play Rough|p2a: Koraidon\n|-supereffective|p2a: Koraidon\n|-damage|p2a: Koraidon|0 fnt\n|faint|p2a: Koraidon\n|\n|-weather|SunnyDay|[upkeep]\n|upkeep\n|\n|t:|1698945442\n|switch|p2a: Kyogre|Kyogre|100\/100\n|-weather|RainDance|[from] ability: Drizzle|[of] p2a: Kyogre\n|turn|16\n|\n|t:|1698945447\n|move|p1a: Ogerpon|Ivy Cudgel|p2a: Kyogre\n|-supereffective|p2a: Kyogre\n|-damage|p2a: Kyogre|0 fnt\n|faint|p2a: Kyogre\n|\n|win|NeonLegacy\n|n|\u2606NeonLegacy|neonlegacy\n|n|\u2606Zixerneas|zixerneas\n|c|\u2606Zixerneas|gg\n|c|\u2606NeonLegacy|gg\n","uploadtime":1698945454,"views":4,"p1id":"neonlegacy","p2id":"zixerneas","formatid":"gen9ubers","rating":0,"private":0,"password":""}