{"id":"gen9ubers-1984521293","p1":"Skotchaud","p2":"jimcf","format":"[Gen 9] Ubers","log":"|j|\u2606Skotchaud\n|j|\u2606jimcf\n|t:|1699275683\n|gametype|singles\n|player|p1|Skotchaud|noland|\n|player|p2|jimcf|170|\n|teamsize|p1|6\n|teamsize|p2|6\n|gen|9\n|tier|[Gen 9] Ubers\n|rule|Sleep Clause Mod: Limit one foe put to sleep\n|rule|Species Clause: Limit one of each Pok\u00e9mon\n|rule|OHKO Clause: OHKO moves are banned\n|rule|Evasion Items Clause: Evasion items are banned\n|rule|Evasion Moves Clause: Evasion moves are banned\n|rule|Endless Battle Clause: Forcing endless battles is banned\n|rule|HP Percentage Mod: HP is shown in percentages\n|clearpoke\n|poke|p1|Gliscor, M|\n|poke|p1|Slowking-Galar, M|\n|poke|p1|Scizor, F|\n|poke|p1|Kommo-o, M|\n|poke|p1|Hoopa-Unbound|\n|poke|p1|Ogerpon-Hearthflame, F|\n|poke|p2|Armarouge, F|\n|poke|p2|Baxcalibur, F|\n|poke|p2|Ceruledge, M|\n|poke|p2|Indeedee-F, F|\n|poke|p2|Sneasler, F|\n|poke|p2|Ogerpon, F|\n|teampreview\n|\n|t:|1699275726\n|start\n|switch|p1a: Abdel Khaliss|Hoopa-Unbound|100\/100\n|switch|p2a: Indeedee|Indeedee-F, F|100\/100\n|-fieldstart|move: Psychic Terrain|[from] ability: Psychic Surge|[of] p2a: Indeedee\n|turn|1\n|\n|t:|1699275739\n|switch|p2a: Sneasler|Sneasler, F|100\/100\n|-enditem|p2a: Sneasler|Psychic Seed\n|-boost|p2a: Sneasler|spd|1|[from] item: Psychic Seed\n|move|p1a: Abdel Khaliss|Dark Pulse|p2a: Sneasler\n|-resisted|p2a: Sneasler\n|-damage|p2a: Sneasler|75\/100\n|\n|upkeep\n|turn|2\n|\n|t:|1699275754\n|switch|p1a: Batman|Gliscor, M, shiny|100\/100\n|move|p2a: Sneasler|Swords Dance|p2a: Sneasler\n|-boost|p2a: Sneasler|atk|2\n|\n|-status|p1a: Batman|tox|[from] item: Toxic Orb\n|upkeep\n|turn|3\n|\n|t:|1699275772\n|-terastallize|p2a: Sneasler|Flying\n|move|p2a: Sneasler|Acrobatics|p1a: Batman\n|-damage|p1a: Batman|28\/100 tox\n|move|p1a: Batman|Ice Fang|p2a: Sneasler\n|-supereffective|p2a: Sneasler\n|-damage|p2a: Sneasler|28\/100\n|\n|-heal|p1a: Batman|41\/100 tox|[from] ability: Poison Heal\n|upkeep\n|turn|4\n|\n|t:|1699275790\n|move|p1a: Batman|Protect|p1a: Batman\n|-singleturn|p1a: Batman|Protect\n|move|p2a: Sneasler|Acrobatics|p1a: Batman\n|-activate|p1a: Batman|move: Protect\n|\n|-heal|p1a: Batman|53\/100 tox|[from] ability: Poison Heal\n|upkeep\n|turn|5\n|\n|t:|1699275813\n|switch|p1a: L\u2019insecte|Scizor, F|100\/100\n|move|p2a: Sneasler|Acrobatics|p1a: L\u2019insecte\n|-damage|p1a: L\u2019insecte|0 fnt\n|faint|p1a: L\u2019insecte\n|\n|upkeep\n|\n|t:|1699275825\n|switch|p1a: AlorsOnDance|Kommo-o, M, shiny|100\/100\n|turn|6\n|j| AyanYuli\n|\n|t:|1699275840\n|-terastallize|p1a: AlorsOnDance|Steel\n|move|p2a: Sneasler|Close Combat|p1a: AlorsOnDance\n|-supereffective|p1a: AlorsOnDance\n|-damage|p1a: AlorsOnDance|0 fnt\n|-unboost|p2a: Sneasler|def|1\n|-unboost|p2a: Sneasler|spd|1\n|faint|p1a: AlorsOnDance\n|\n|upkeep\n|-message|Skotchaud forfeited.\n|\n|win|jimcf\n|l|\u2606Skotchaud\n|l|\u2606jimcf\n","uploadtime":1699275914,"views":6,"p1id":"skotchaud","p2id":"jimcf","formatid":"gen9ubers","rating":0,"private":0,"password":""}