{"id":"gen9ubers-1976660293","p1":"JAW333","p2":"lilliput80","format":"[Gen 9] Ubers","log":"|j|\u2606JAW333\n|j|\u2606lilliput80\n|t:|1698331284\n|gametype|singles\n|player|p1|JAW333|lucas|1289\n|player|p2|lilliput80|1|1396\n|teamsize|p1|6\n|teamsize|p2|6\n|gen|9\n|tier|[Gen 9] Ubers\n|rated|\n|rule|Sleep Clause Mod: Limit one foe put to sleep\n|rule|Species Clause: Limit one of each Pok\u00e9mon\n|rule|OHKO Clause: OHKO moves are banned\n|rule|Evasion Items Clause: Evasion items are banned\n|rule|Evasion Moves Clause: Evasion moves are banned\n|rule|Endless Battle Clause: Forcing endless battles is banned\n|rule|HP Percentage Mod: HP is shown in percentages\n|clearpoke\n|poke|p1|Ogerpon-Hearthflame, F|\n|poke|p1|Koraidon|\n|poke|p1|Flutter Mane|\n|poke|p1|Torkoal, M|\n|poke|p1|Walking Wake|\n|poke|p1|Great Tusk|\n|poke|p2|Dondozo, F|\n|poke|p2|Blissey, F|\n|poke|p2|Giratina-Origin|\n|poke|p2|Toxapex, M|\n|poke|p2|Clodsire, F|\n|poke|p2|Koraidon|\n|teampreview\n|inactive|Battle timer is ON: inactive players will automatically lose when time's up. (requested by JAW333)\n|\n|t:|1698331312\n|start\n|switch|p1a: Torkoal|Torkoal, M|100\/100\n|switch|p2a: Toxapex|Toxapex, M, shiny|100\/100\n|-weather|SunnyDay|[from] ability: Drought|[of] p1a: Torkoal\n|turn|1\n|\n|t:|1698331319\n|move|p2a: Toxapex|Toxic Spikes|p1a: Torkoal\n|-sidestart|p1: JAW333|move: Toxic Spikes\n|move|p1a: Torkoal|Yawn|p2a: Toxapex\n|-start|p2a: Toxapex|move: Yawn|[of] p1a: Torkoal\n|\n|-weather|SunnyDay|[upkeep]\n|upkeep\n|turn|2\n|\n|t:|1698331328\n|switch|p2a: Giratina|Giratina-Origin, shiny|100\/100\n|move|p1a: Torkoal|Rapid Spin|p2a: Giratina\n|-immune|p2a: Giratina\n|\n|-weather|SunnyDay|[upkeep]\n|upkeep\n|turn|3\n|\n|t:|1698331334\n|move|p2a: Giratina|Hex|p1a: Torkoal\n|-damage|p1a: Torkoal|59\/100\n|move|p1a: Torkoal|Yawn|p2a: Giratina\n|-start|p2a: Giratina|move: Yawn|[of] p1a: Torkoal\n|\n|-weather|SunnyDay|[upkeep]\n|upkeep\n|turn|4\n|\n|t:|1698331350\n|switch|p1a: Koraidon|Koraidon|100\/100\n|-status|p1a: Koraidon|psn\n|-enditem|p1a: Koraidon|Lum Berry|[eat]\n|-curestatus|p1a: Koraidon|psn|[msg]\n|-activate|p1a: Koraidon|ability: Orichalcum Pulse\n|move|p2a: Giratina|Hex|p1a: Koraidon\n|-damage|p1a: Koraidon|70\/100\n|\n|-weather|SunnyDay|[upkeep]\n|-end|p2a: Giratina|move: Yawn|[silent]\n|-status|p2a: Giratina|slp\n|upkeep\n|turn|5\n|\n|t:|1698331361\n|switch|p2a: Dondozo|Dondozo, F|100\/100\n|move|p1a: Koraidon|Outrage|p2a: Dondozo\n|-damage|p2a: Dondozo|60\/100\n|\n|-weather|SunnyDay|[upkeep]\n|upkeep\n|turn|6\n|\n|t:|1698331376\n|-terastallize|p2a: Dondozo|Fairy\n|move|p1a: Koraidon|Outrage|p2a: Dondozo|[from]lockedmove\n|-immune|p2a: Dondozo\n|-start|p1a: Koraidon|confusion|[fatigue]\n|move|p2a: Dondozo|Avalanche|p1a: Koraidon\n|-supereffective|p1a: Koraidon\n|-damage|p1a: Koraidon|46\/100\n|\n|-weather|SunnyDay|[upkeep]\n|upkeep\n|turn|7\n|\n|t:|1698331391\n|switch|p1a: Great Tusk|Great Tusk|100\/100\n|-status|p1a: Great Tusk|psn\n|-activate|p1a: Great Tusk|ability: Protosynthesis\n|-start|p1a: Great Tusk|protosynthesisatk\n|move|p2a: Dondozo|Rest|p2a: Dondozo\n|-status|p2a: Dondozo|slp|[from] move: Rest\n|-heal|p2a: Dondozo|100\/100 slp|[silent]\n|\n|-weather|SunnyDay|[upkeep]\n|-damage|p1a: Great Tusk|88\/100 psn|[from] psn\n|upkeep\n|turn|8\n|\n|t:|1698331401\n|switch|p2a: Giratina|Giratina-Origin, shiny|100\/100 slp\n|move|p1a: Great Tusk|Rapid Spin|p2a: Giratina\n|-immune|p2a: Giratina\n|\n|-weather|none\n|-end|p1a: Great Tusk|Protosynthesis\n|-damage|p1a: Great Tusk|76\/100 psn|[from] psn\n|upkeep\n|turn|9\n|\n|t:|1698331409\n|move|p1a: Great Tusk|Ice Spinner|p2a: Giratina\n|-supereffective|p2a: Giratina\n|-damage|p2a: Giratina|73\/100 slp\n|cant|p2a: Giratina|slp\n|\n|-damage|p1a: Great Tusk|63\/100 psn|[from] psn\n|upkeep\n|turn|10\n|\n|t:|1698331416\n|move|p1a: Great Tusk|Ice Spinner|p2a: Giratina\n|-supereffective|p2a: Giratina\n|-damage|p2a: Giratina|41\/100 slp\n|cant|p2a: Giratina|slp\n|\n|-damage|p1a: Great Tusk|51\/100 psn|[from] psn\n|upkeep\n|turn|11\n|\n|t:|1698331425\n|move|p1a: Great Tusk|Ice Spinner|p2a: Giratina\n|-supereffective|p2a: Giratina\n|-damage|p2a: Giratina|8\/100 slp\n|-curestatus|p2a: Giratina|slp|[msg]\n|move|p2a: Giratina|Rest|p2a: Giratina\n|-status|p2a: Giratina|slp|[from] move: Rest\n|-heal|p2a: Giratina|100\/100 slp|[silent]\n|\n|-damage|p1a: Great Tusk|38\/100 psn|[from] psn\n|upkeep\n|turn|12\n|\n|t:|1698331436\n|-end|p1a: Great Tusk|Protosynthesis|[silent]\n|switch|p1a: Flutter Mane|Flutter Mane|100\/100\n|-status|p1a: Flutter Mane|psn\n|cant|p2a: Giratina|slp\n|\n|-damage|p1a: Flutter Mane|88\/100 psn|[from] psn\n|upkeep\n|turn|13\n|\n|t:|1698331444\n|switch|p2a: Blissey|Blissey, F, shiny|100\/100\n|move|p1a: Flutter Mane|Moonblast|p2a: Blissey\n|-damage|p2a: Blissey|75\/100\n|-damage|p1a: Flutter Mane|78\/100 psn|[from] item: Life Orb\n|\n|-damage|p1a: Flutter Mane|66\/100 psn|[from] psn\n|upkeep\n|turn|14\n|\n|t:|1698331457\n|-end|p1a: Flutter Mane|Protosynthesis|[silent]\n|switch|p1a: Ogerpon|Ogerpon-Hearthflame, F|100\/100\n|-status|p1a: Ogerpon|psn\n|-ability|p1a: Ogerpon|Mold Breaker\n|move|p2a: Blissey|Soft-Boiled|p2a: Blissey\n|-heal|p2a: Blissey|100\/100\n|\n|-damage|p1a: Ogerpon|88\/100 psn|[from] psn\n|upkeep\n|turn|15\n|\n|t:|1698331466\n|switch|p2a: Toxapex|Toxapex, M, shiny|100\/100\n|move|p1a: Ogerpon|Knock Off|p2a: Toxapex\n|-crit|p2a: Toxapex\n|-damage|p2a: Toxapex|66\/100\n|-enditem|p2a: Toxapex|Heavy-Duty Boots|[from] move: Knock Off|[of] p1a: Ogerpon\n|\n|-damage|p1a: Ogerpon|76\/100 psn|[from] psn\n|upkeep\n|turn|16\n|\n|t:|1698331477\n|switch|p1a: Torkoal|Torkoal, M|59\/100\n|-status|p1a: Torkoal|psn\n|-weather|SunnyDay|[from] ability: Drought|[of] p1a: Torkoal\n|move|p2a: Toxapex|Recover|p2a: Toxapex\n|-heal|p2a: Toxapex|100\/100\n|\n|-weather|SunnyDay|[upkeep]\n|-damage|p1a: Torkoal|47\/100 psn|[from] psn\n|upkeep\n|turn|17\n|\n|t:|1698331491\n|switch|p2a: Giratina|Giratina-Origin, shiny|100\/100 slp\n|switch|p1a: Flutter Mane|Flutter Mane|66\/100 psn\n|-activate|p1a: Flutter Mane|ability: Protosynthesis\n|-start|p1a: Flutter Mane|protosynthesisspe\n|\n|-weather|SunnyDay|[upkeep]\n|-damage|p1a: Flutter Mane|53\/100 psn|[from] psn\n|upkeep\n|turn|18\n|\n|t:|1698331503\n|-end|p1a: Flutter Mane|Protosynthesis|[silent]\n|switch|p1a: Ogerpon|Ogerpon-Hearthflame, F|76\/100 psn\n|-ability|p1a: Ogerpon|Mold Breaker\n|switch|p2a: Blissey|Blissey, F, shiny|100\/100\n|\n|-weather|SunnyDay|[upkeep]\n|-damage|p1a: Ogerpon|64\/100 psn|[from] psn\n|upkeep\n|turn|19\n|\n|t:|1698331518\n|switch|p2a: Toxapex|Toxapex, M, shiny|100\/100\n|move|p1a: Ogerpon|Solar Blade||[still]\n|-prepare|p1a: Ogerpon|Solar Blade\n|-anim|p1a: Ogerpon|Solar Blade|p2a: Toxapex\n|-damage|p2a: Toxapex|57\/100\n|\n|-weather|SunnyDay|[upkeep]\n|-damage|p1a: Ogerpon|51\/100 psn|[from] psn\n|upkeep\n|turn|20\n|\n|t:|1698331534\n|-terastallize|p1a: Ogerpon|Fire\n|detailschange|p1a: Ogerpon|Ogerpon-Hearthflame-Tera, F, tera:Fire\n|-ability|p1a: Ogerpon|Embody Aspect (Hearthflame)|boost\n|-boost|p1a: Ogerpon|atk|1\n|move|p1a: Ogerpon|Ivy Cudgel|p2a: Toxapex\n|-resisted|p2a: Toxapex\n|-crit|p2a: Toxapex\n|-damage|p2a: Toxapex|0 fnt\n|faint|p2a: Toxapex\n|\n|-weather|SunnyDay|[upkeep]\n|-damage|p1a: Ogerpon|39\/100 psn|[from] psn\n|upkeep\n|\n|t:|1698331539\n|switch|p2a: Koraidon|Koraidon|100\/100\n|-activate|p2a: Koraidon|ability: Orichalcum Pulse\n|turn|21\n|inactive|JAW333 has 120 seconds left.\n|\n|t:|1698331579\n|move|p2a: Koraidon|Close Combat|p1a: Ogerpon\n|-damage|p1a: Ogerpon|0 fnt\n|-unboost|p2a: Koraidon|def|1\n|-unboost|p2a: Koraidon|spd|1\n|faint|p1a: Ogerpon\n|\n|-weather|SunnyDay|[upkeep]\n|upkeep\n|\n|t:|1698331586\n|switch|p1a: Great Tusk|Great Tusk|38\/100 psn\n|-activate|p1a: Great Tusk|ability: Protosynthesis\n|-start|p1a: Great Tusk|protosynthesisatk\n|turn|22\n|inactive|JAW333 has 120 seconds left.\n|\n|t:|1698331595\n|move|p2a: Koraidon|Close Combat|p1a: Great Tusk\n|-damage|p1a: Great Tusk|0 fnt\n|-unboost|p2a: Koraidon|def|1\n|-unboost|p2a: Koraidon|spd|1\n|faint|p1a: Great Tusk\n|-end|p1a: Great Tusk|Protosynthesis|[silent]\n|\n|-weather|SunnyDay|[upkeep]\n|upkeep\n|inactive|JAW333 has 120 seconds left.\n|\n|t:|1698331618\n|switch|p1a: Koraidon|Koraidon|46\/100\n|-status|p1a: Koraidon|psn\n|-activate|p1a: Koraidon|ability: Orichalcum Pulse\n|turn|23\n|\n|t:|1698331627\n|switch|p2a: Dondozo|Dondozo, F, tera:Fairy|100\/100 slp\n|move|p1a: Koraidon|Collision Course|p2a: Dondozo\n|-resisted|p2a: Dondozo\n|-damage|p2a: Dondozo|84\/100 slp\n|\n|-weather|none\n|-damage|p1a: Koraidon|33\/100 psn|[from] psn\n|upkeep\n|turn|24\n|inactive|JAW333 has 120 seconds left.\n|\n|t:|1698331638\n|switch|p1a: Flutter Mane|Flutter Mane|53\/100 psn\n|cant|p2a: Dondozo|slp\n|move|p2a: Dondozo|Sleep Talk|p2a: Dondozo\n|move|p2a: Dondozo|Avalanche|p1a: Flutter Mane|[from]move: Sleep Talk\n|-damage|p1a: Flutter Mane|20\/100 psn\n|\n|-damage|p1a: Flutter Mane|8\/100 psn|[from] psn\n|upkeep\n|turn|25\n|inactive|JAW333 has 120 seconds left.\n|\n|t:|1698331648\n|switch|p2a: Blissey|Blissey, F, shiny|100\/100\n|move|p1a: Flutter Mane|Moonblast|p2a: Blissey\n|-damage|p2a: Blissey|74\/100\n|-damage|p1a: Flutter Mane|0 fnt|[from] item: Life Orb\n|faint|p1a: Flutter Mane\n|-end|p1a: Flutter Mane|Protosynthesis|[silent]\n|\n|upkeep\n|\n|t:|1698331657\n|switch|p1a: Koraidon|Koraidon|33\/100 psn\n|-weather|SunnyDay|[from] ability: Orichalcum Pulse|[of] p1a: Koraidon\n|-activate|p1a: Koraidon|Orichalcum Pulse|[source]\n|turn|26\n|\n|t:|1698331662\n|switch|p2a: Dondozo|Dondozo, F, tera:Fairy|84\/100 slp\n|move|p1a: Koraidon|Iron Head|p2a: Dondozo\n|-supereffective|p2a: Dondozo\n|-damage|p2a: Dondozo|48\/100 slp\n|\n|-weather|SunnyDay|[upkeep]\n|-damage|p1a: Koraidon|21\/100 psn|[from] psn\n|upkeep\n|turn|27\n|\n|t:|1698331670\n|move|p1a: Koraidon|Iron Head|p2a: Dondozo\n|-supereffective|p2a: Dondozo\n|-damage|p2a: Dondozo|17\/100 slp\n|cant|p2a: Dondozo|slp\n|move|p2a: Dondozo|Sleep Talk|p2a: Dondozo\n|move|p2a: Dondozo|Avalanche|p1a: Koraidon|[from]move: Sleep Talk\n|-supereffective|p1a: Koraidon\n|-damage|p1a: Koraidon|0 fnt\n|faint|p1a: Koraidon\n|\n|-weather|SunnyDay|[upkeep]\n|upkeep\n|\n|t:|1698331679\n|switch|p1a: Walking Wake|Walking Wake|100\/100\n|-status|p1a: Walking Wake|psn\n|-activate|p1a: Walking Wake|ability: Protosynthesis\n|-start|p1a: Walking Wake|protosynthesisspe\n|turn|28\n|\n|t:|1698331686\n|switch|p2a: Blissey|Blissey, F, shiny|74\/100\n|move|p1a: Walking Wake|Hydro Steam|p2a: Blissey\n|-damage|p2a: Blissey|43\/100\n|\n|-weather|SunnyDay|[upkeep]\n|-damage|p1a: Walking Wake|88\/100 psn|[from] psn\n|upkeep\n|turn|29\n|inactive|JAW333 has 120 seconds left.\n|\n|t:|1698331712\n|move|p1a: Walking Wake|Hydro Steam|p2a: Blissey\n|-damage|p2a: Blissey|12\/100\n|move|p2a: Blissey|Soft-Boiled|p2a: Blissey\n|-heal|p2a: Blissey|62\/100\n|\n|-weather|SunnyDay|[upkeep]\n|-damage|p1a: Walking Wake|76\/100 psn|[from] psn\n|upkeep\n|turn|30\n|\n|t:|1698331720\n|move|p1a: Walking Wake|Hydro Steam|p2a: Blissey\n|-damage|p2a: Blissey|28\/100\n|move|p2a: Blissey|Soft-Boiled|p2a: Blissey\n|-heal|p2a: Blissey|78\/100\n|\n|-weather|none\n|-end|p1a: Walking Wake|Protosynthesis\n|-damage|p1a: Walking Wake|63\/100 psn|[from] psn\n|upkeep\n|turn|31\n|\n|t:|1698331727\n|move|p1a: Walking Wake|Hydro Steam|p2a: Blissey\n|-crit|p2a: Blissey\n|-damage|p2a: Blissey|47\/100\n|move|p2a: Blissey|Soft-Boiled|p2a: Blissey\n|-heal|p2a: Blissey|97\/100\n|\n|-damage|p1a: Walking Wake|51\/100 psn|[from] psn\n|upkeep\n|turn|32\n|n|!JAW333|jaw333\n|\n|t:|1698331740\n|move|p1a: Walking Wake|Hydro Steam|p2a: Blissey\n|-damage|p2a: Blissey|74\/100\n|move|p2a: Blissey|Stealth Rock|p1a: Walking Wake\n|-sidestart|p1: JAW333|move: Stealth Rock\n|\n|-damage|p1a: Walking Wake|39\/100 psn|[from] psn\n|upkeep\n|turn|33\n|\n|t:|1698331746\n|move|p1a: Walking Wake|Hydro Steam|p2a: Blissey\n|-damage|p2a: Blissey|54\/100\n|move|p2a: Blissey|Soft-Boiled|p2a: Blissey\n|-heal|p2a: Blissey|100\/100\n|\n|-damage|p1a: Walking Wake|26\/100 psn|[from] psn\n|upkeep\n|turn|34\n|\n|t:|1698331756\n|move|p1a: Walking Wake|Hydro Steam|p2a: Blissey\n|-damage|p2a: Blissey|79\/100\n|move|p2a: Blissey|Seismic Toss|p1a: Walking Wake\n|-damage|p1a: Walking Wake|0 fnt\n|faint|p1a: Walking Wake\n|-end|p1a: Walking Wake|Protosynthesis|[silent]\n|\n|upkeep\n|\n|t:|1698331763\n|switch|p1a: Torkoal|Torkoal, M|47\/100 psn\n|-damage|p1a: Torkoal|22\/100 psn|[from] Stealth Rock\n|-weather|SunnyDay|[from] ability: Drought|[of] p1a: Torkoal\n|turn|35\n|\n|t:|1698331767\n|move|p2a: Blissey|Seismic Toss|p1a: Torkoal\n|-damage|p1a: Torkoal|0 fnt\n|faint|p1a: Torkoal\n|\n|win|lilliput80\n|raw|JAW333's rating: 1289 &rarr; <strong>1271<\/strong><br \/>(-18 for losing)\n|raw|lilliput80's rating: 1396 &rarr; <strong>1410<\/strong><br \/>(+14 for winning)\n","uploadtime":1698331739,"views":6,"p1id":"jaw333","p2id":"lilliput80","formatid":"gen9ubers","rating":1271,"private":0,"password":""}