{"id":"gen9ubers-1978294073","p1":"XpokVEVO","p2":"Kinesquared","format":"[Gen 9] Ubers","log":"|j|\u2606XpokVEVO\n|j|\u2606Kinesquared\n|t:|1698521862\n|gametype|singles\n|player|p1|XpokVEVO|anabel|\n|player|p2|Kinesquared|scientist-gen4dp|\n|teamsize|p1|6\n|teamsize|p2|6\n|gen|9\n|tier|[Gen 9] Ubers\n|rule|Sleep Clause Mod: Limit one foe put to sleep\n|rule|Species Clause: Limit one of each Pok\u00e9mon\n|rule|OHKO Clause: OHKO moves are banned\n|rule|Evasion Items Clause: Evasion items are banned\n|rule|Evasion Moves Clause: Evasion moves are banned\n|rule|Endless Battle Clause: Forcing endless battles is banned\n|rule|HP Percentage Mod: HP is shown in percentages\n|clearpoke\n|poke|p1|Arceus-Fire|\n|poke|p1|Cyclizar, F|\n|poke|p1|Espathra, F|\n|poke|p1|Magearna|\n|poke|p1|Spectrier|\n|poke|p1|Zacian-*|\n|poke|p2|Magearna|\n|poke|p2|Ursaluna, F|\n|poke|p2|Dialga|\n|poke|p2|Hoopa-Unbound|\n|poke|p2|Cinderace, F|\n|poke|p2|Arceus-Poison|\n|teampreview\n|\n|t:|1698521874\n|start\n|switch|p1a: Cyclizar|Cyclizar, F|100\/100\n|switch|p2a: Magearna|Magearna|100\/100\n|turn|1\n|\n|t:|1698521886\n|move|p1a: Cyclizar|Taunt|p2a: Magearna\n|-start|p2a: Magearna|move: Taunt\n|move|p2a: Magearna|Fleur Cannon|p1a: Cyclizar\n|-supereffective|p1a: Cyclizar\n|-damage|p1a: Cyclizar|0 fnt\n|-unboost|p2a: Magearna|spa|2\n|faint|p1a: Cyclizar\n|-ability|p2a: Magearna|Soul-Heart|boost\n|-boost|p2a: Magearna|spa|1\n|\n|upkeep\n|c|\u2606XpokVEVO|DAMN\n|c|\u2606XpokVEVO|i expected the same play\n|c|\u2606XpokVEVO|as last game\n|c|\u2606Kinesquared|i expected the same play too\n|c|\u2606XpokVEVO|lol\n|c|\u2606Kinesquared|you taunting\n|c|\u2606XpokVEVO|wait\n|c|\u2606XpokVEVO|did i start with taunt?\n|c|\u2606XpokVEVO|oooh nvm\n|c|\u2606XpokVEVO|i get it\n|\n|t:|1698521919\n|switch|p1a: Arceus|Arceus-Fire, shiny|100\/100\n|turn|2\n|c|\u2606Kinesquared|idk if you started, but you always would do it against my 'tina\n|\n|t:|1698521947\n|-terastallize|p2a: Magearna|Water\n|move|p1a: Arceus|Dragon Dance|p1a: Arceus\n|-boost|p1a: Arceus|atk|1\n|-boost|p1a: Arceus|spe|1\n|move|p2a: Magearna|Volt Switch|p1a: Arceus\n|-damage|p1a: Arceus|89\/100\n|\n|t:|1698521957\n|switch|p2a: Dialga|Dialga|100\/100|[from] Volt Switch\n|-ability|p2a: Dialga|Pressure\n|\n|upkeep\n|turn|3\n|\n|t:|1698521964\n|move|p1a: Arceus|Flare Blitz|p2a: Dialga\n|-damage|p2a: Dialga|22\/100\n|-damage|p1a: Arceus|62\/100|[from] Recoil\n|move|p2a: Dialga|Trick Room|p2a: Dialga\n|-fieldstart|move: Trick Room|[of] p2a: Dialga\n|\n|upkeep\n|turn|4\n|\n|t:|1698521970\n|move|p2a: Dialga|Draco Meteor|p1a: Arceus\n|-damage|p1a: Arceus|0 fnt\n|-unboost|p2a: Dialga|spa|2\n|-enditem|p2a: Dialga|Eject Pack\n|faint|p1a: Arceus\n|\n|t:|1698521975\n|switch|p2a: Ursaluna|Ursaluna, F|100\/100\n|\n|-status|p2a: Ursaluna|brn|[from] item: Flame Orb\n|upkeep\n|\n|t:|1698521987\n|switch|p1a: Espathra|Espathra, F|100\/100\n|turn|5\n|\n|t:|1698521991\n|move|p1a: Espathra|Protect|p1a: Espathra\n|-singleturn|p1a: Espathra|Protect\n|move|p2a: Ursaluna|Swords Dance|p2a: Ursaluna\n|-boost|p2a: Ursaluna|atk|2\n|\n|-damage|p2a: Ursaluna|94\/100 brn|[from] brn\n|-ability|p1a: Espathra|Speed Boost|boost\n|-boost|p1a: Espathra|spe|1\n|upkeep\n|turn|6\n|\n|t:|1698521999\n|move|p1a: Espathra|Protect||[still]\n|-fail|p1a: Espathra\n|move|p2a: Ursaluna|Headlong Rush|p1a: Espathra\n|-enditem|p1a: Espathra|Focus Sash\n|-damage|p1a: Espathra|1\/100\n|-unboost|p2a: Ursaluna|def|1\n|-unboost|p2a: Ursaluna|spd|1\n|\n|-damage|p2a: Ursaluna|88\/100 brn|[from] brn\n|-ability|p1a: Espathra|Speed Boost|boost\n|-boost|p1a: Espathra|spe|1\n|upkeep\n|turn|7\n|c|\u2606XpokVEVO|damn i went for the gamble\n|c|\u2606Kinesquared|darn\n|\n|t:|1698522020\n|move|p1a: Espathra|Protect|p1a: Espathra\n|-singleturn|p1a: Espathra|Protect\n|move|p2a: Ursaluna|Facade|p1a: Espathra\n|-activate|p1a: Espathra|move: Protect\n|\n|-damage|p2a: Ursaluna|82\/100 brn|[from] brn\n|-fieldend|move: Trick Room\n|-ability|p1a: Espathra|Speed Boost|boost\n|-boost|p1a: Espathra|spe|1\n|upkeep\n|turn|8\n|\n|t:|1698522030\n|move|p1a: Espathra|Stored Power|p2a: Ursaluna\n|-damage|p2a: Ursaluna|29\/100 brn\n|move|p2a: Ursaluna|Facade|p1a: Espathra\n|-damage|p1a: Espathra|0 fnt\n|faint|p1a: Espathra\n|\n|-damage|p2a: Ursaluna|23\/100 brn|[from] brn\n|upkeep\n|\n|t:|1698522034\n|switch|p1a: Spectrier|Spectrier|100\/100\n|turn|9\n|\n|t:|1698522053\n|switch|p2a: Hoopa|Hoopa-Unbound|100\/100\n|move|p1a: Spectrier|Substitute|p1a: Spectrier\n|-start|p1a: Spectrier|Substitute\n|-damage|p1a: Spectrier|76\/100\n|\n|upkeep\n|turn|10\n|c|\u2606XpokVEVO|WAIT\n|c|\u2606XpokVEVO|doesnt hoopa\n|c|\u2606Kinesquared|?\n|c|\u2606XpokVEVO|hold on\n|\n|t:|1698522108\n|move|p1a: Spectrier|Nasty Plot|p1a: Spectrier\n|-boost|p1a: Spectrier|spa|2\n|move|p2a: Hoopa|Knock Off|p1a: Spectrier\n|-supereffective|p1a: Spectrier\n|-end|p1a: Spectrier|Substitute\n|\n|upkeep\n|turn|11\n|\n|t:|1698522122\n|-terastallize|p1a: Spectrier|Fairy\n|move|p1a: Spectrier|Substitute|p1a: Spectrier\n|-start|p1a: Spectrier|Substitute\n|-damage|p1a: Spectrier|51\/100\n|move|p2a: Hoopa|Knock Off|p1a: Spectrier\n|-resisted|p1a: Spectrier\n|-crit|p1a: Spectrier\n|-end|p1a: Spectrier|Substitute\n|\n|upkeep\n|turn|12\n|\n|t:|1698522131\n|move|p1a: Spectrier|Draining Kiss|p2a: Hoopa\n|-supereffective|p2a: Hoopa\n|-damage|p2a: Hoopa|9\/100\n|-heal|p1a: Spectrier|100\/100|[from] drain|[of] p2a: Hoopa\n|-damage|p1a: Spectrier|91\/100|[from] item: Life Orb\n|move|p2a: Hoopa|Gunk Shot|p1a: Spectrier|[miss]\n|-miss|p2a: Hoopa|p1a: Spectrier\n|\n|upkeep\n|turn|13\n|c|\u2606XpokVEVO|d\n|c|\u2606XpokVEVO|damn\n|c|\u2606Kinesquared|darn\n|c|\u2606Kinesquared|that might be ggs\n|c|\u2606XpokVEVO|yeah\n|\n|t:|1698522155\n|move|p1a: Spectrier|Shadow Ball|p2a: Hoopa\n|-damage|p2a: Hoopa|0 fnt\n|faint|p2a: Hoopa\n|-ability|p1a: Spectrier|Grim Neigh|boost\n|-boost|p1a: Spectrier|spa|1\n|-damage|p1a: Spectrier|81\/100|[from] item: Life Orb\n|\n|upkeep\n|\n|t:|1698522162\n|switch|p2a: Magearna|Magearna, tera:Water|100\/100\n|turn|14\n|\n|t:|1698522167\n|move|p1a: Spectrier|Shadow Ball|p2a: Magearna\n|-damage|p2a: Magearna|11\/100\n|-damage|p1a: Spectrier|71\/100|[from] item: Life Orb\n|move|p2a: Magearna|Trick Room|p2a: Magearna\n|-fieldstart|move: Trick Room|[of] p2a: Magearna\n|\n|-heal|p2a: Magearna|18\/100|[from] item: Leftovers\n|upkeep\n|turn|15\n|c|\u2606XpokVEVO|pwease die\n|c|\u2606XpokVEVO|ohm y god\n|\n|t:|1698522176\n|move|p2a: Magearna|Encore|p1a: Spectrier\n|-start|p1a: Spectrier|Encore\n|move|p1a: Spectrier|Shadow Ball|p2a: Magearna\n|-damage|p2a: Magearna|0 fnt\n|faint|p2a: Magearna\n|-ability|p1a: Spectrier|Grim Neigh|boost\n|-boost|p1a: Spectrier|spa|1\n|-damage|p1a: Spectrier|61\/100|[from] item: Life Orb\n|\n|upkeep\n|c|\u2606XpokVEVO|smart\n|\n|t:|1698522186\n|switch|p2a: Ursaluna|Ursaluna, F|23\/100 brn\n|turn|16\n|c|\u2606Kinesquared|ty\n|\n|t:|1698522192\n|switch|p1a: Zacian|Zacian, shiny|100\/100\n|-ability|p1a: Zacian|Intrepid Sword|boost\n|-boost|p1a: Zacian|atk|1\n|move|p2a: Ursaluna|Headlong Rush|p1a: Zacian\n|-damage|p1a: Zacian|7\/100\n|-unboost|p2a: Ursaluna|def|1\n|-unboost|p2a: Ursaluna|spd|1\n|\n|-damage|p2a: Ursaluna|16\/100 brn|[from] brn\n|upkeep\n|turn|17\n|\n|t:|1698522203\n|switch|p1a: Magearna|Magearna|100\/100\n|move|p2a: Ursaluna|Headlong Rush|p1a: Magearna\n|-supereffective|p1a: Magearna\n|-damage|p1a: Magearna|0 fnt\n|-unboost|p2a: Ursaluna|def|1\n|-unboost|p2a: Ursaluna|spd|1\n|faint|p1a: Magearna\n|\n|-damage|p2a: Ursaluna|10\/100 brn|[from] brn\n|upkeep\n|\n|t:|1698522207\n|switch|p1a: Zacian|Zacian, shiny|7\/100\n|turn|18\n|c|\u2606XpokVEVO|expected facade\n|\n|t:|1698522219\n|move|p2a: Ursaluna|Facade|p1a: Zacian\n|-damage|p1a: Zacian|0 fnt\n|faint|p1a: Zacian\n|\n|-damage|p2a: Ursaluna|4\/100 brn|[from] brn\n|-fieldend|move: Trick Room\n|upkeep\n|\n|t:|1698522221\n|switch|p1a: Spectrier|Spectrier, tera:Fairy|61\/100\n|turn|19\n|c|\u2606Kinesquared|no reason to facade there\n|c|\u2606XpokVEVO|i know\n|\n|t:|1698522227\n|move|p1a: Spectrier|Substitute|p1a: Spectrier\n|-start|p1a: Spectrier|Substitute\n|-damage|p1a: Spectrier|36\/100\n|move|p2a: Ursaluna|Facade|p1a: Spectrier\n|-crit|p1a: Spectrier\n|-end|p1a: Spectrier|Substitute\n|\n|-damage|p2a: Ursaluna|0 fnt|[from] brn\n|faint|p2a: Ursaluna\n|upkeep\n|c|\u2606XpokVEVO|switch into ceus\n|c|\u2606XpokVEVO|gg\n|\n|t:|1698522238\n|switch|p2a: Arceus|Arceus-Poison|100\/100\n|turn|20\n|\n|t:|1698522242\n|move|p1a: Spectrier|Shadow Ball|p2a: Arceus\n|-damage|p2a: Arceus|62\/100\n|-damage|p1a: Spectrier|26\/100|[from] item: Life Orb\n|move|p2a: Arceus|Thunderbolt|p1a: Spectrier\n|-damage|p1a: Spectrier|0 fnt\n|faint|p1a: Spectrier\n|\n|win|Kinesquared\n|c|\u2606Kinesquared|gg\n","uploadtime":1698522248,"views":9,"p1id":"xpokvevo","p2id":"kinesquared","formatid":"gen9ubers","rating":0,"private":0,"password":""}