{"id":"gen9ubers-1983971603","p1":"BlueScheep","p2":"SolChimera","format":"[Gen 9] Ubers","log":"|j|\u2606BlueScheep\n|j|\u2606SolChimera\n|t:|1699205508\n|gametype|singles\n|player|p1|BlueScheep|fisherman-gen4|\n|player|p2|SolChimera|cheryl|\n|teamsize|p1|6\n|teamsize|p2|6\n|gen|9\n|tier|[Gen 9] Ubers\n|rule|Sleep Clause Mod: Limit one foe put to sleep\n|rule|Species Clause: Limit one of each Pok\u00e9mon\n|rule|OHKO Clause: OHKO moves are banned\n|rule|Evasion Items Clause: Evasion items are banned\n|rule|Evasion Moves Clause: Evasion moves are banned\n|rule|Endless Battle Clause: Forcing endless battles is banned\n|rule|HP Percentage Mod: HP is shown in percentages\n|clearpoke\n|poke|p1|Great Tusk|\n|poke|p1|Walking Wake|\n|poke|p1|Cinderace, F|\n|poke|p1|Ninetales, F|\n|poke|p1|Corviknight, M|\n|poke|p1|Tropius, M|\n|poke|p2|Baxcalibur, F|\n|poke|p2|Ursaluna-Bloodmoon, M|\n|poke|p2|Mew|\n|poke|p2|Empoleon, F|\n|poke|p2|Eelektross, F|\n|poke|p2|Mimikyu, M|\n|teampreview\n|\n|t:|1699205530\n|start\n|switch|p1a: Ace Attorney|Cinderace, F|100\/100\n|switch|p2a: Melon|Baxcalibur, F|100\/100\n|turn|1\n|\n|t:|1699205540\n|move|p1a: Ace Attorney|U-turn|p2a: Melon\n|-start|p1a: Ace Attorney|typechange|Bug|[from] ability: Libero\n|-damage|p2a: Melon|70\/100\n|\n|t:|1699205565\n|switch|p1a: Best Tusk|Great Tusk|100\/100|[from] U-turn\n|move|p2a: Melon|Swords Dance|p2a: Melon\n|-boost|p2a: Melon|atk|2\n|\n|upkeep\n|turn|2\n|\n|t:|1699205575\n|move|p1a: Best Tusk|Earthquake|p2a: Melon\n|-damage|p2a: Melon|25\/100\n|move|p2a: Melon|Icicle Spear|p1a: Best Tusk\n|-supereffective|p1a: Best Tusk\n|-damage|p1a: Best Tusk|65\/100\n|-supereffective|p1a: Best Tusk\n|-damage|p1a: Best Tusk|24\/100\n|-supereffective|p1a: Best Tusk\n|-damage|p1a: Best Tusk|0 fnt\n|faint|p1a: Best Tusk\n|-end|p1a: Best Tusk|Protosynthesis|[silent]\n|-hitcount|p1: Best Tusk|3\n|\n|upkeep\n|\n|t:|1699205581\n|switch|p1a: Ace Attorney|Cinderace, F|100\/100\n|turn|3\n|\n|t:|1699205591\n|switch|p2a: Papaya|Ursaluna-Bloodmoon, M|100\/100\n|move|p1a: Ace Attorney|U-turn|p2a: Papaya\n|-start|p1a: Ace Attorney|typechange|Bug|[from] ability: Libero\n|-damage|p2a: Papaya|77\/100\n|\n|t:|1699205596\n|switch|p1a: Lion|Walking Wake|100\/100|[from] U-turn\n|\n|-heal|p2a: Papaya|83\/100|[from] item: Leftovers\n|upkeep\n|turn|4\n|\n|t:|1699205610\n|switch|p2a: Coconut|Empoleon, F|100\/100\n|move|p1a: Lion|Substitute|p1a: Lion\n|-start|p1a: Lion|Substitute\n|-damage|p1a: Lion|76\/100\n|\n|-heal|p1a: Lion|82\/100|[from] item: Leftovers\n|upkeep\n|turn|5\n|\n|t:|1699205620\n|move|p2a: Coconut|Surf|p1a: Lion\n|-resisted|p1a: Lion\n|-activate|p1a: Lion|move: Substitute|[damage]\n|move|p1a: Lion|Roar|p2a: Coconut\n|drag|p2a: Papaya|Ursaluna-Bloodmoon, M|83\/100\n|\n|-heal|p1a: Lion|88\/100|[from] item: Leftovers\n|-heal|p2a: Papaya|89\/100|[from] item: Leftovers\n|upkeep\n|turn|6\n|\n|t:|1699205631\n|move|p1a: Lion|Hydro Steam|p2a: Papaya\n|-supereffective|p2a: Papaya\n|-damage|p2a: Papaya|0 fnt\n|faint|p2a: Papaya\n|\n|-heal|p1a: Lion|94\/100|[from] item: Leftovers\n|upkeep\n|\n|t:|1699205642\n|switch|p2a: Currant|Mimikyu, M|100\/100\n|turn|7\n|\n|t:|1699205646\n|move|p1a: Lion|Hydro Steam|p2a: Currant\n|-activate|p2a: Currant|ability: Disguise\n|-damage|p2a: Currant|100\/100\n|detailschange|p2a: Currant|Mimikyu-Busted, M\n|-damage|p2a: Currant|88\/100|[from] pokemon: Mimikyu-Busted\n|move|p2a: Currant|Swords Dance|p2a: Currant\n|-boost|p2a: Currant|atk|2\n|\n|-heal|p1a: Lion|100\/100|[from] item: Leftovers\n|upkeep\n|turn|8\n|\n|t:|1699205664\n|move|p1a: Lion|Hydro Steam|p2a: Currant\n|-damage|p2a: Currant|36\/100\n|move|p2a: Currant|Shadow Claw|p1a: Lion\n|-end|p1a: Lion|Substitute\n|\n|upkeep\n|turn|9\n|\n|t:|1699205673\n|move|p1a: Lion|Hydro Steam|p2a: Currant\n|-crit|p2a: Currant\n|-damage|p2a: Currant|0 fnt\n|faint|p2a: Currant\n|\n|upkeep\n|\n|t:|1699205688\n|switch|p2a: Elderberry|Mew, shiny|100\/100\n|turn|10\n|\n|t:|1699205705\n|-end|p1a: Lion|Protosynthesis|[silent]\n|switch|p1a: wakes best friend|Ninetales, F|100\/100\n|-weather|SunnyDay|[from] ability: Drought|[of] p1a: wakes best friend\n|move|p2a: Elderberry|Calm Mind|p2a: Elderberry\n|-boost|p2a: Elderberry|spa|1\n|-boost|p2a: Elderberry|spd|1\n|\n|-weather|SunnyDay|[upkeep]\n|upkeep\n|turn|11\n|\n|t:|1699205717\n|move|p2a: Elderberry|Calm Mind|p2a: Elderberry\n|-boost|p2a: Elderberry|spa|1\n|-boost|p2a: Elderberry|spd|1\n|move|p1a: wakes best friend|Encore|p2a: Elderberry\n|-start|p2a: Elderberry|Encore\n|\n|-weather|SunnyDay|[upkeep]\n|upkeep\n|turn|12\n|\n|t:|1699205724\n|switch|p1a: Ace Attorney|Cinderace, F|100\/100\n|move|p2a: Elderberry|Calm Mind|p2a: Elderberry\n|-boost|p2a: Elderberry|spa|1\n|-boost|p2a: Elderberry|spd|1\n|\n|-weather|SunnyDay|[upkeep]\n|upkeep\n|turn|13\n|\n|t:|1699205743\n|switch|p2a: Coconut|Empoleon, F|100\/100\n|move|p1a: Ace Attorney|U-turn|p2a: Coconut\n|-start|p1a: Ace Attorney|typechange|Bug|[from] ability: Libero\n|-resisted|p2a: Coconut\n|-damage|p2a: Coconut|84\/100\n|\n|t:|1699205749\n|switch|p1a: Golden Banana|Tropius, M, shiny|100\/100|[from] U-turn\n|\n|-weather|SunnyDay|[upkeep]\n|-heal|p2a: Coconut|90\/100|[from] item: Leftovers\n|upkeep\n|turn|14\n|\n|t:|1699205757\n|move|p2a: Coconut|Flip Turn|p1a: Golden Banana\n|-resisted|p1a: Golden Banana\n|-damage|p1a: Golden Banana|96\/100\n|\n|t:|1699205763\n|switch|p2a: Banana|Eelektross, F|100\/100|[from] Flip Turn\n|move|p1a: Golden Banana|Substitute|p1a: Golden Banana\n|-start|p1a: Golden Banana|Substitute\n|-damage|p1a: Golden Banana|71\/100\n|\n|-weather|SunnyDay|[upkeep]\n|upkeep\n|turn|15\n|\n|t:|1699205774\n|move|p1a: Golden Banana|Dragon Dance|p1a: Golden Banana\n|-boost|p1a: Golden Banana|atk|1\n|-boost|p1a: Golden Banana|spe|1\n|move|p2a: Banana|Coil|p2a: Banana\n|-boost|p2a: Banana|atk|1\n|-boost|p2a: Banana|def|1\n|-boost|p2a: Banana|accuracy|1\n|\n|-weather|SunnyDay|[upkeep]\n|upkeep\n|turn|16\n|\n|t:|1699205783\n|move|p1a: Golden Banana|Dragon Dance|p1a: Golden Banana\n|-boost|p1a: Golden Banana|atk|1\n|-boost|p1a: Golden Banana|spe|1\n|move|p2a: Banana|Thunder Punch|p1a: Golden Banana\n|-end|p1a: Golden Banana|Substitute\n|\n|-weather|SunnyDay|[upkeep]\n|upkeep\n|turn|17\n|\n|t:|1699205794\n|move|p1a: Golden Banana|Leaf Blade|p2a: Banana\n|-damage|p2a: Banana|62\/100\n|move|p2a: Banana|Thunder Punch|p1a: Golden Banana\n|-damage|p1a: Golden Banana|24\/100\n|-enditem|p1a: Golden Banana|Sitrus Berry|[eat]\n|-heal|p1a: Golden Banana|49\/100|[from] item: Sitrus Berry\n|\n|-weather|none\n|-heal|p2a: Banana|68\/100|[from] item: Leftovers\n|upkeep\n|turn|18\n|\n|t:|1699205825\n|move|p1a: Golden Banana|Leaf Blade|p2a: Banana\n|-damage|p2a: Banana|33\/100\n|move|p2a: Banana|Coil|p2a: Banana\n|-boost|p2a: Banana|atk|1\n|-boost|p2a: Banana|def|1\n|-boost|p2a: Banana|accuracy|1\n|\n|-heal|p2a: Banana|39\/100|[from] item: Leftovers\n|upkeep\n|turn|19\n|\n|t:|1699205835\n|move|p1a: Golden Banana|Leaf Blade|p2a: Banana\n|-crit|p2a: Banana\n|-damage|p2a: Banana|0 fnt\n|faint|p2a: Banana\n|\n|upkeep\n|\n|t:|1699205852\n|switch|p2a: Melon|Baxcalibur, F|25\/100\n|turn|20\n|\n|t:|1699205860\n|move|p1a: Golden Banana|Substitute|p1a: Golden Banana\n|-start|p1a: Golden Banana|Substitute\n|-damage|p1a: Golden Banana|24\/100\n|move|p2a: Melon|Swords Dance|p2a: Melon\n|-boost|p2a: Melon|atk|2\n|\n|upkeep\n|turn|21\n|\n|t:|1699205870\n|move|p1a: Golden Banana|Earthquake|p2a: Melon\n|-damage|p2a: Melon|0 fnt\n|faint|p2a: Melon\n|\n|-item|p1a: Golden Banana|Sitrus Berry|[from] ability: Harvest\n|upkeep\n|-enditem|p1a: Golden Banana|Sitrus Berry|[eat]\n|-heal|p1a: Golden Banana|49\/100|[from] item: Sitrus Berry\n|\n|t:|1699205886\n|switch|p2a: Elderberry|Mew, shiny|100\/100\n|turn|22\n|\n|t:|1699205903\n|move|p2a: Elderberry|Iron Defense|p2a: Elderberry\n|-boost|p2a: Elderberry|def|2\n|move|p1a: Golden Banana|Leaf Blade|p2a: Elderberry\n|-damage|p2a: Elderberry|72\/100\n|\n|-heal|p2a: Elderberry|78\/100|[from] item: Leftovers\n|-item|p1a: Golden Banana|Sitrus Berry|[from] ability: Harvest\n|upkeep\n|-enditem|p1a: Golden Banana|Sitrus Berry|[eat]\n|-heal|p1a: Golden Banana|74\/100|[from] item: Sitrus Berry\n|turn|23\n|\n|t:|1699205918\n|move|p2a: Elderberry|Iron Defense|p2a: Elderberry\n|-boost|p2a: Elderberry|def|2\n|move|p1a: Golden Banana|Dragon Dance|p1a: Golden Banana\n|-boost|p1a: Golden Banana|atk|1\n|-boost|p1a: Golden Banana|spe|1\n|\n|-heal|p2a: Elderberry|84\/100|[from] item: Leftovers\n|-item|p1a: Golden Banana|Sitrus Berry|[from] ability: Harvest\n|upkeep\n|turn|24\n|\n|t:|1699205928\n|move|p1a: Golden Banana|Dragon Dance|p1a: Golden Banana\n|-boost|p1a: Golden Banana|atk|1\n|-boost|p1a: Golden Banana|spe|1\n|move|p2a: Elderberry|Calm Mind|p2a: Elderberry\n|-boost|p2a: Elderberry|spa|1\n|-boost|p2a: Elderberry|spd|1\n|\n|-heal|p2a: Elderberry|91\/100|[from] item: Leftovers\n|upkeep\n|turn|25\n|\n|t:|1699205938\n|move|p1a: Golden Banana|Leaf Blade|p2a: Elderberry\n|-damage|p2a: Elderberry|60\/100\n|move|p2a: Elderberry|Calm Mind|p2a: Elderberry\n|-boost|p2a: Elderberry|spa|1\n|-boost|p2a: Elderberry|spd|1\n|\n|-heal|p2a: Elderberry|66\/100|[from] item: Leftovers\n|upkeep\n|turn|26\n|\n|t:|1699205949\n|move|p1a: Golden Banana|Leaf Blade|p2a: Elderberry\n|-damage|p2a: Elderberry|39\/100\n|move|p2a: Elderberry|Stored Power|p1a: Golden Banana\n|-end|p1a: Golden Banana|Substitute\n|\n|-heal|p2a: Elderberry|46\/100|[from] item: Leftovers\n|upkeep\n|turn|27\n|\n|t:|1699205957\n|-terastallize|p1a: Golden Banana|Fairy\n|move|p1a: Golden Banana|Leaf Blade|p2a: Elderberry\n|-damage|p2a: Elderberry|16\/100\n|move|p2a: Elderberry|Stored Power|p1a: Golden Banana\n|-damage|p1a: Golden Banana|0 fnt\n|faint|p1a: Golden Banana\n|\n|-heal|p2a: Elderberry|22\/100|[from] item: Leftovers\n|upkeep\n|\n|t:|1699205963\n|switch|p1a: Ace Attorney|Cinderace, F|100\/100\n|turn|28\n|\n|t:|1699205975\n|switch|p2a: Coconut|Empoleon, F|90\/100\n|move|p1a: Ace Attorney|U-turn|p2a: Coconut\n|-start|p1a: Ace Attorney|typechange|Bug|[from] ability: Libero\n|-resisted|p2a: Coconut\n|-damage|p2a: Coconut|74\/100\n|\n|t:|1699205980\n|switch|p1a: wakes best friend|Ninetales, F|100\/100|[from] U-turn\n|-weather|SunnyDay|[from] ability: Drought|[of] p1a: wakes best friend\n|\n|-weather|SunnyDay|[upkeep]\n|-heal|p2a: Coconut|80\/100|[from] item: Leftovers\n|upkeep\n|turn|29\n|\n|t:|1699205993\n|move|p1a: wakes best friend|Overheat|p2a: Coconut\n|-damage|p2a: Coconut|31\/100\n|-unboost|p1a: wakes best friend|spa|2\n|move|p2a: Coconut|Knock Off|p1a: wakes best friend\n|-damage|p1a: wakes best friend|71\/100\n|-enditem|p1a: wakes best friend|Heat Rock|[from] move: Knock Off|[of] p2a: Coconut\n|\n|-weather|SunnyDay|[upkeep]\n|-heal|p2a: Coconut|37\/100|[from] item: Leftovers\n|upkeep\n|turn|30\n|\n|t:|1699206002\n|move|p1a: wakes best friend|Encore|p2a: Coconut\n|-start|p2a: Coconut|Encore\n|move|p2a: Coconut|Knock Off|p1a: wakes best friend\n|-damage|p1a: wakes best friend|49\/100\n|\n|-weather|SunnyDay|[upkeep]\n|-heal|p2a: Coconut|43\/100|[from] item: Leftovers\n|upkeep\n|turn|31\n|\n|t:|1699206012\n|switch|p2a: Elderberry|Mew, shiny|22\/100\n|move|p1a: wakes best friend|Overheat|p2a: Elderberry\n|-damage|p2a: Elderberry|0 fnt\n|-unboost|p1a: wakes best friend|spa|2\n|faint|p2a: Elderberry\n|\n|-weather|SunnyDay|[upkeep]\n|upkeep\n|\n|t:|1699206019\n|switch|p2a: Coconut|Empoleon, F|43\/100\n|turn|32\n|\n|t:|1699206024\n|move|p1a: wakes best friend|Hypnosis|p2a: Coconut\n|-status|p2a: Coconut|slp|[from] move: Hypnosis\n|cant|p2a: Coconut|slp\n|\n|-weather|SunnyDay|[upkeep]\n|-heal|p2a: Coconut|50\/100 slp|[from] item: Leftovers\n|upkeep\n|turn|33\n|\n|t:|1699206031\n|switch|p1a: Ace Attorney|Cinderace, F|100\/100\n|-curestatus|p2a: Coconut|slp|[msg]\n|move|p2a: Coconut|Roost|p2a: Coconut\n|-heal|p2a: Coconut|99\/100\n|-singleturn|p2a: Coconut|move: Roost\n|\n|-weather|SunnyDay|[upkeep]\n|-heal|p2a: Coconut|100\/100|[from] item: Leftovers\n|upkeep\n|turn|34\n|\n|t:|1699206039\n|move|p1a: Ace Attorney|Pyro Ball|p2a: Coconut\n|-damage|p2a: Coconut|10\/100\n|move|p2a: Coconut|Surf|p1a: Ace Attorney\n|-supereffective|p1a: Ace Attorney\n|-damage|p1a: Ace Attorney|48\/100\n|\n|-weather|SunnyDay|[upkeep]\n|-heal|p2a: Coconut|17\/100|[from] item: Leftovers\n|upkeep\n|turn|35\n|\n|t:|1699206047\n|move|p1a: Ace Attorney|Pyro Ball|p2a: Coconut\n|-damage|p2a: Coconut|0 fnt\n|faint|p2a: Coconut\n|\n|win|BlueScheep\n|c|\u2606BlueScheep|ggs\n","uploadtime":1699206054,"views":34,"p1id":"bluescheep","p2id":"solchimera","formatid":"gen9ubers","rating":0,"private":0,"password":""}