{"id":"gen9ubers-1971619988","p1":"TheShinyBisharp360","p2":"ImGoodATM","format":"[Gen 9] Ubers","log":"|j|\u2606TheShinyBisharp360\n|j|\u2606ImGoodATM\n|t:|1697754089\n|gametype|singles\n|player|p1|TheShinyBisharp360|blackbelt-gen4dp|\n|player|p2|ImGoodATM|will|\n|teamsize|p1|6\n|teamsize|p2|6\n|gen|9\n|tier|[Gen 9] Ubers\n|rule|Sleep Clause Mod: Limit one foe put to sleep\n|rule|Species Clause: Limit one of each Pok\u00e9mon\n|rule|OHKO Clause: OHKO moves are banned\n|rule|Evasion Items Clause: Evasion items are banned\n|rule|Evasion Moves Clause: Evasion moves are banned\n|rule|Endless Battle Clause: Forcing endless battles is banned\n|rule|HP Percentage Mod: HP is shown in percentages\n|clearpoke\n|poke|p1|Baxcalibur, M|\n|poke|p1|Cetitan, M|\n|poke|p1|Iron Bundle|\n|poke|p1|Mamoswine, F|\n|poke|p1|Ninetales-Alola, F|\n|poke|p1|Sandslash-Alola, M|\n|poke|p2|Iron Moth|\n|poke|p2|Victreebel, M|\n|poke|p2|Grafaiai, F|\n|poke|p2|Salazzle, F|\n|poke|p2|Glimmora, F|\n|poke|p2|Sneasler, M|\n|teampreview\n|\n|t:|1697754102\n|start\n|switch|p1a: Aurora|Ninetales-Alola, F|100\/100\n|switch|p2a: Sneasler|Sneasler, M|100\/100\n|-weather|Snow|[from] ability: Snow Warning|[of] p1a: Aurora\n|-item|p2a: Sneasler|Air Balloon\n|turn|1\n|\n|t:|1697754112\n|move|p1a: Aurora|Hypnosis|p2a: Sneasler\n|-status|p2a: Sneasler|slp|[from] move: Hypnosis\n|cant|p2a: Sneasler|slp\n|\n|-weather|Snow|[upkeep]\n|upkeep\n|turn|2\n|\n|t:|1697754119\n|move|p1a: Aurora|Aurora Veil|p1a: Aurora\n|-sidestart|p1: TheShinyBisharp360|move: Aurora Veil\n|-curestatus|p2a: Sneasler|slp|[msg]\n|move|p2a: Sneasler|Dire Claw|p1a: Aurora\n|-supereffective|p1a: Aurora\n|-damage|p1a: Aurora|53\/100\n|\n|-weather|Snow|[upkeep]\n|upkeep\n|turn|3\n|\n|t:|1697754127\n|move|p1a: Aurora|Moonblast|p2a: Sneasler\n|-damage|p2a: Sneasler|53\/100\n|-enditem|p2a: Sneasler|Air Balloon\n|move|p2a: Sneasler|Brick Break|p1a: Aurora\n|-sideend|p1: TheShinyBisharp360|move: Aurora Veil\n|-damage|p1a: Aurora|7\/100\n|\n|-weather|Snow|[upkeep]\n|upkeep\n|turn|4\n|\n|t:|1697754139\n|move|p2a: Sneasler|Fire Punch|p1a: Aurora\n|-supereffective|p1a: Aurora\n|-damage|p1a: Aurora|0 fnt\n|faint|p1a: Aurora\n|\n|-weather|Snow|[upkeep]\n|upkeep\n|\n|t:|1697754171\n|switch|p1a: Big Boy|Cetitan, M, shiny|100\/100\n|turn|5\n|\n|t:|1697754177\n|move|p1a: Big Boy|Ice Shard|p2a: Sneasler\n|-damage|p2a: Sneasler|22\/100\n|move|p2a: Sneasler|Brick Break|p1a: Big Boy\n|-supereffective|p1a: Big Boy\n|-damage|p1a: Big Boy|47\/100\n|-enditem|p1a: Big Boy|Sitrus Berry|[eat]\n|-heal|p1a: Big Boy|72\/100|[from] item: Sitrus Berry\n|\n|-weather|none\n|upkeep\n|turn|6\n|\n|t:|1697754187\n|switch|p2a: Glimmora|Glimmora, F|100\/100\n|move|p1a: Big Boy|Ice Shard|p2a: Glimmora\n|-crit|p2a: Glimmora\n|-damage|p2a: Glimmora|72\/100\n|-activate|p2a: Glimmora|ability: Toxic Debris\n|-sidestart|p1: TheShinyBisharp360|move: Toxic Spikes\n|\n|upkeep\n|turn|7\n|\n|t:|1697754196\n|move|p2a: Glimmora|Reflect|p2a: Glimmora\n|-sidestart|p2: ImGoodATM|Reflect\n|move|p1a: Big Boy|Earthquake|p2a: Glimmora\n|-supereffective|p2a: Glimmora\n|-damage|p2a: Glimmora|12\/100\n|-activate|p2a: Glimmora|ability: Toxic Debris\n|-sidestart|p1: TheShinyBisharp360|move: Toxic Spikes\n|\n|upkeep\n|turn|8\n|\n|t:|1697754204\n|move|p2a: Glimmora|Light Screen|p2a: Glimmora\n|-sidestart|p2: ImGoodATM|move: Light Screen\n|move|p1a: Big Boy|Earthquake|p2a: Glimmora\n|-supereffective|p2a: Glimmora\n|-damage|p2a: Glimmora|0 fnt\n|faint|p2a: Glimmora\n|\n|upkeep\n|\n|t:|1697754207\n|switch|p2a: Grafaiai|Grafaiai, F|100\/100\n|turn|9\n|\n|t:|1697754214\n|move|p2a: Grafaiai|Sunny Day|p2a: Grafaiai\n|-weather|SunnyDay\n|move|p1a: Big Boy|Earthquake|p2a: Grafaiai\n|-supereffective|p2a: Grafaiai\n|-damage|p2a: Grafaiai|56\/100\n|\n|-weather|SunnyDay|[upkeep]\n|upkeep\n|turn|10\n|\n|t:|1697754221\n|move|p2a: Grafaiai|Parting Shot|p1a: Big Boy\n|-unboost|p1a: Big Boy|atk|1\n|-unboost|p1a: Big Boy|spa|1\n|\n|t:|1697754222\n|switch|p2a: Victreebel|Victreebel, M|100\/100|[from] Parting Shot\n|move|p1a: Big Boy|Earthquake|p2a: Victreebel\n|-damage|p2a: Victreebel|81\/100\n|\n|-weather|SunnyDay|[upkeep]\n|upkeep\n|turn|11\n|\n|t:|1697754233\n|move|p1a: Big Boy|Ice Shard|p2a: Victreebel\n|-supereffective|p2a: Victreebel\n|-damage|p2a: Victreebel|59\/100\n|move|p2a: Victreebel|Weather Ball|p1a: Big Boy\n|-supereffective|p1a: Big Boy\n|-damage|p1a: Big Boy|0 fnt\n|faint|p1a: Big Boy\n|-damage|p2a: Victreebel|49\/100|[from] item: Life Orb\n|\n|-weather|SunnyDay|[upkeep]\n|-sideend|p2: ImGoodATM|Reflect\n|upkeep\n|\n|t:|1697754266\n|switch|p1a: Brisk|Iron Bundle, shiny|100\/100\n|-status|p1a: Brisk|tox\n|turn|12\n|\n|t:|1697754281\n|move|p2a: Victreebel|Solar Beam||[still]\n|-prepare|p2a: Victreebel|Solar Beam\n|-anim|p2a: Victreebel|Solar Beam|p1a: Brisk\n|-supereffective|p1a: Brisk\n|-damage|p1a: Brisk|0 fnt\n|faint|p1a: Brisk\n|-end|p1a: Brisk|Quark Drive|[silent]\n|-damage|p2a: Victreebel|39\/100|[from] item: Life Orb\n|\n|-weather|SunnyDay|[upkeep]\n|-sideend|p2: ImGoodATM|move: Light Screen\n|upkeep\n|\n|t:|1697754314\n|switch|p1a: Godzilla|Baxcalibur, M, shiny|100\/100\n|-status|p1a: Godzilla|tox\n|turn|13\n|\n|t:|1697754337\n|move|p2a: Victreebel|Weather Ball|p1a: Godzilla\n|-damage|p1a: Godzilla|31\/100 tox\n|-ability|p1a: Godzilla|Thermal Exchange|boost\n|-boost|p1a: Godzilla|atk|1\n|-damage|p2a: Victreebel|29\/100|[from] item: Life Orb\n|move|p1a: Godzilla|Icicle Crash|p2a: Victreebel\n|-supereffective|p2a: Victreebel\n|-damage|p2a: Victreebel|0 fnt\n|faint|p2a: Victreebel\n|\n|-weather|SunnyDay|[upkeep]\n|-damage|p1a: Godzilla|24\/100 tox|[from] psn\n|upkeep\n|\n|t:|1697754345\n|switch|p2a: Salazzle|Salazzle, F|100\/100\n|turn|14\n|\n|t:|1697754354\n|move|p1a: Godzilla|Icicle Crash|p2a: Salazzle\n|-resisted|p2a: Salazzle\n|-damage|p2a: Salazzle|33\/100\n|move|p2a: Salazzle|Flamethrower|p1a: Godzilla\n|-damage|p1a: Godzilla|0 fnt\n|faint|p1a: Godzilla\n|\n|-weather|SunnyDay|[upkeep]\n|upkeep\n|\n|t:|1697754386\n|switch|p1a: Pickle|Mamoswine, F, shiny|100\/100\n|-status|p1a: Pickle|tox\n|turn|15\n|\n|t:|1697754391\n|move|p2a: Salazzle|Flamethrower|p1a: Pickle\n|-supereffective|p1a: Pickle\n|-damage|p1a: Pickle|0 fnt\n|faint|p1a: Pickle\n|\n|-weather|SunnyDay|[upkeep]\n|upkeep\n|\n|t:|1697754397\n|switch|p1a: Sandslash|Sandslash-Alola, M, shiny|100\/100\n|turn|16\n|\n|t:|1697754404\n|move|p2a: Salazzle|Flamethrower|p1a: Sandslash\n|-supereffective|p1a: Sandslash\n|-enditem|p1a: Sandslash|Focus Sash\n|-damage|p1a: Sandslash|1\/100\n|move|p1a: Sandslash|Drill Run|p2a: Salazzle\n|-supereffective|p2a: Salazzle\n|-damage|p2a: Salazzle|0 fnt\n|faint|p2a: Salazzle\n|\n|-weather|none\n|upkeep\n|\n|t:|1697754409\n|switch|p2a: Iron Moth|Iron Moth|100\/100\n|turn|17\n|\n|t:|1697754419\n|-terastallize|p2a: Iron Moth|Fire\n|move|p2a: Iron Moth|Fiery Dance|p1a: Sandslash\n|-supereffective|p1a: Sandslash\n|-damage|p1a: Sandslash|0 fnt\n|faint|p1a: Sandslash\n|\n|win|ImGoodATM\n","uploadtime":1697754425,"views":14,"p1id":"theshinybisharp360","p2id":"imgoodatm","formatid":"gen9ubers","rating":0,"private":0,"password":""}