{"id":"gen9ubers-1973436633","p1":"Spectra Sovereign","p2":"Lacroz","format":"[Gen 9] Ubers","log":"|j|\u2606Spectra Sovereign\n|j|\u2606Lacroz\n|t:|1697975350\n|gametype|singles\n|player|p1|Spectra Sovereign|shadowtriad|1127\n|player|p2|Lacroz|colress|1000\n|teamsize|p1|6\n|teamsize|p2|6\n|gen|9\n|tier|[Gen 9] Ubers\n|rated|\n|rule|Sleep Clause Mod: Limit one foe put to sleep\n|rule|Species Clause: Limit one of each Pok\u00e9mon\n|rule|OHKO Clause: OHKO moves are banned\n|rule|Evasion Items Clause: Evasion items are banned\n|rule|Evasion Moves Clause: Evasion moves are banned\n|rule|Endless Battle Clause: Forcing endless battles is banned\n|rule|HP Percentage Mod: HP is shown in percentages\n|clearpoke\n|poke|p1|Mimikyu, F|\n|poke|p1|Corviknight, M|\n|poke|p1|Dondozo, M|\n|poke|p1|Dragapult, F|\n|poke|p1|Koraidon|\n|poke|p1|Gholdengo|\n|poke|p2|Kommo-o, M|\n|poke|p2|Gliscor, F|\n|poke|p2|Clodsire, M|\n|poke|p2|Iron Treads|\n|poke|p2|Ogerpon-Cornerstone, F|\n|poke|p2|Roaring Moon|\n|teampreview\n|inactive|Battle timer is ON: inactive players will automatically lose when time's up. (requested by Lacroz)\n|\n|t:|1697975366\n|start\n|switch|p1a: Mimikyu|Mimikyu, F, shiny|100\/100\n|switch|p2a: Clodsire|Clodsire, M, shiny|100\/100\n|turn|1\n|\n|t:|1697975378\n|switch|p2a: Gliscor|Gliscor, F, shiny|100\/100\n|move|p1a: Mimikyu|Swords Dance|p1a: Mimikyu\n|-boost|p1a: Mimikyu|atk|2\n|\n|-status|p2a: Gliscor|tox|[from] item: Toxic Orb\n|upkeep\n|turn|2\n|\n|t:|1697975394\n|move|p1a: Mimikyu|Swords Dance|p1a: Mimikyu\n|-boost|p1a: Mimikyu|atk|2\n|move|p2a: Gliscor|Toxic|p1a: Mimikyu\n|-status|p1a: Mimikyu|tox\n|\n|-damage|p1a: Mimikyu|95\/100 tox|[from] psn\n|upkeep\n|turn|3\n|\n|t:|1697975408\n|move|p1a: Mimikyu|Drain Punch|p2a: Gliscor\n|-resisted|p2a: Gliscor\n|-damage|p2a: Gliscor|83\/100 tox\n|-heal|p1a: Mimikyu|100\/100 tox|[from] drain|[of] p2a: Gliscor\n|move|p2a: Gliscor|Substitute|p2a: Gliscor\n|-start|p2a: Gliscor|Substitute\n|-damage|p2a: Gliscor|58\/100 tox\n|\n|-damage|p1a: Mimikyu|89\/100 tox|[from] psn\n|-heal|p2a: Gliscor|71\/100 tox|[from] ability: Poison Heal\n|upkeep\n|turn|4\n|\n|t:|1697975423\n|move|p1a: Mimikyu|Play Rough|p2a: Gliscor\n|-end|p2a: Gliscor|Substitute\n|move|p2a: Gliscor|Swords Dance|p2a: Gliscor\n|-boost|p2a: Gliscor|atk|2\n|\n|-damage|p1a: Mimikyu|71\/100 tox|[from] psn\n|-heal|p2a: Gliscor|83\/100 tox|[from] ability: Poison Heal\n|upkeep\n|turn|5\n|\n|t:|1697975434\n|move|p1a: Mimikyu|Play Rough|p2a: Gliscor\n|-damage|p2a: Gliscor|19\/100 tox\n|-heal|p1a: Mimikyu|82\/100 tox|[from] item: Shell Bell|[of] p2a: Gliscor\n|move|p2a: Gliscor|Earthquake|p1a: Mimikyu\n|-activate|p1a: Mimikyu|ability: Disguise\n|-damage|p1a: Mimikyu|82\/100 tox\n|detailschange|p1a: Mimikyu|Mimikyu-Busted, F, shiny\n|-damage|p1a: Mimikyu|69\/100 tox|[from] pokemon: Mimikyu-Busted\n|\n|-damage|p1a: Mimikyu|46\/100 tox|[from] psn\n|-heal|p2a: Gliscor|31\/100 tox|[from] ability: Poison Heal\n|upkeep\n|turn|6\n|\n|t:|1697975449\n|switch|p2a: Clodsire|Clodsire, M, shiny|100\/100\n|move|p1a: Mimikyu|Play Rough|p2a: Clodsire\n|-resisted|p2a: Clodsire\n|-damage|p2a: Clodsire|80\/100\n|-unboost|p2a: Clodsire|atk|1\n|-heal|p1a: Mimikyu|50\/100 tox|[from] item: Shell Bell|[of] p2a: Clodsire\n|\n|-heal|p2a: Clodsire|86\/100|[from] item: Leftovers\n|-damage|p1a: Mimikyu|20\/100 tox|[from] psn\n|upkeep\n|turn|7\n|\n|t:|1697975465\n|move|p1a: Mimikyu|Drain Punch|p2a: Clodsire\n|-resisted|p2a: Clodsire\n|-damage|p2a: Clodsire|76\/100\n|-heal|p1a: Mimikyu|30\/100 tox|[from] drain|[of] p2a: Clodsire\n|-heal|p1a: Mimikyu|32\/100 tox|[from] item: Shell Bell|[of] p2a: Clodsire\n|move|p2a: Clodsire|Stealth Rock|p1a: Mimikyu\n|-sidestart|p1: Spectra Sovereign|move: Stealth Rock\n|\n|-heal|p2a: Clodsire|82\/100|[from] item: Leftovers\n|-damage|p1a: Mimikyu|0 fnt|[from] psn\n|faint|p1a: Mimikyu\n|upkeep\n|inactive|Spectra Sovereign has 120 seconds left.\n|inactive|Spectra Sovereign has 90 seconds left.\n|\n|t:|1697975505\n|switch|p1a: Dondozo|Dondozo, M, shiny|100\/100\n|-damage|p1a: Dondozo|88\/100|[from] Stealth Rock\n|turn|8\n|inactive|Spectra Sovereign has 90 seconds left.\n|\n|t:|1697975517\n|move|p1a: Dondozo|Yawn|p2a: Clodsire\n|-start|p2a: Clodsire|move: Yawn|[of] p1a: Dondozo\n|move|p2a: Clodsire|Toxic Spikes|p1a: Dondozo\n|-sidestart|p1: Spectra Sovereign|move: Toxic Spikes\n|\n|-heal|p2a: Clodsire|89\/100|[from] item: Leftovers\n|upkeep\n|turn|9\n|inactive|Spectra Sovereign has 90 seconds left.\n|\n|t:|1697975529\n|switch|p2a: Ogerpon|Ogerpon-Cornerstone, F|100\/100\n|move|p1a: Dondozo|Curse|p1a: Dondozo\n|-unboost|p1a: Dondozo|spe|1\n|-boost|p1a: Dondozo|atk|1\n|-boost|p1a: Dondozo|def|1\n|\n|upkeep\n|turn|10\n|inactive|Spectra Sovereign has 90 seconds left.\n|\n|t:|1697975543\n|move|p1a: Dondozo|Protect|p1a: Dondozo\n|-singleturn|p1a: Dondozo|Protect\n|move|p2a: Ogerpon|Knock Off|p1a: Dondozo\n|-activate|p1a: Dondozo|move: Protect\n|\n|upkeep\n|turn|11\n|inactive|Spectra Sovereign has 90 seconds left.\n|\n|t:|1697975556\n|move|p2a: Ogerpon|Knock Off|p1a: Dondozo\n|-damage|p1a: Dondozo|73\/100\n|-enditem|p1a: Dondozo|Shell Bell|[from] move: Knock Off|[of] p2a: Ogerpon\n|move|p1a: Dondozo|Yawn|p2a: Ogerpon\n|-start|p2a: Ogerpon|move: Yawn|[of] p1a: Dondozo\n|\n|upkeep\n|turn|12\n|\n|t:|1697975565\n|switch|p2a: Gliscor|Gliscor, F, shiny|31\/100 tox\n|move|p1a: Dondozo|Curse|p1a: Dondozo\n|-unboost|p1a: Dondozo|spe|1\n|-boost|p1a: Dondozo|atk|1\n|-boost|p1a: Dondozo|def|1\n|\n|-heal|p2a: Gliscor|43\/100 tox|[from] ability: Poison Heal\n|upkeep\n|turn|13\n|\n|t:|1697975577\n|move|p2a: Gliscor|Substitute|p2a: Gliscor\n|-start|p2a: Gliscor|Substitute\n|-damage|p2a: Gliscor|19\/100 tox\n|move|p1a: Dondozo|Yawn||[still]\n|-fail|p1a: Dondozo\n|\n|-heal|p2a: Gliscor|31\/100 tox|[from] ability: Poison Heal\n|upkeep\n|turn|14\n|\n|t:|1697975592\n|move|p2a: Gliscor|Toxic|p1a: Dondozo\n|-status|p1a: Dondozo|tox\n|move|p1a: Dondozo|Earthquake|p2a: Gliscor\n|-immune|p2a: Gliscor\n|\n|-heal|p2a: Gliscor|43\/100 tox|[from] ability: Poison Heal\n|-damage|p1a: Dondozo|67\/100 tox|[from] psn\n|upkeep\n|turn|15\n|inactive|Spectra Sovereign has 90 seconds left.\n|\n|t:|1697975624\n|switch|p1a: Koraidon|Koraidon|100\/100\n|-damage|p1a: Koraidon|94\/100|[from] Stealth Rock\n|-status|p1a: Koraidon|psn\n|-weather|SunnyDay|[from] ability: Orichalcum Pulse|[of] p1a: Koraidon\n|-activate|p1a: Koraidon|Orichalcum Pulse|[source]\n|move|p2a: Gliscor|Swords Dance|p2a: Gliscor\n|-boost|p2a: Gliscor|atk|2\n|\n|-weather|SunnyDay|[upkeep]\n|-damage|p1a: Koraidon|82\/100 psn|[from] psn\n|-heal|p2a: Gliscor|56\/100 tox|[from] ability: Poison Heal\n|upkeep\n|turn|16\n|inactive|Spectra Sovereign has 60 seconds left.\n|\n|t:|1697975652\n|move|p1a: Koraidon|Swords Dance|p1a: Koraidon\n|-boost|p1a: Koraidon|atk|2\n|move|p2a: Gliscor|Earthquake|p1a: Koraidon\n|-damage|p1a: Koraidon|19\/100 psn\n|\n|-weather|SunnyDay|[upkeep]\n|-damage|p1a: Koraidon|7\/100 psn|[from] psn\n|-heal|p2a: Gliscor|68\/100 tox|[from] ability: Poison Heal\n|upkeep\n|turn|17\n|inactive|Spectra Sovereign has 60 seconds left.\n|\n|t:|1697975663\n|move|p1a: Koraidon|Drain Punch|p2a: Gliscor\n|-resisted|p2a: Gliscor\n|-end|p2a: Gliscor|Substitute\n|-heal|p1a: Koraidon|20\/100 psn|[from] drain|[of] p2a: Gliscor\n|move|p2a: Gliscor|Substitute|p2a: Gliscor\n|-start|p2a: Gliscor|Substitute\n|-damage|p2a: Gliscor|43\/100 tox\n|\n|-weather|SunnyDay|[upkeep]\n|-damage|p1a: Koraidon|7\/100 psn|[from] psn\n|-heal|p2a: Gliscor|56\/100 tox|[from] ability: Poison Heal\n|upkeep\n|turn|18\n|inactive|Spectra Sovereign has 60 seconds left.\n|\n|t:|1697975675\n|move|p1a: Koraidon|Drain Punch|p2a: Gliscor\n|-resisted|p2a: Gliscor\n|-end|p2a: Gliscor|Substitute\n|-heal|p1a: Koraidon|20\/100 psn|[from] drain|[of] p2a: Gliscor\n|move|p2a: Gliscor|Swords Dance|p2a: Gliscor\n|-boost|p2a: Gliscor|atk|2\n|\n|-weather|SunnyDay|[upkeep]\n|-damage|p1a: Koraidon|8\/100 psn|[from] psn\n|-heal|p2a: Gliscor|68\/100 tox|[from] ability: Poison Heal\n|upkeep\n|turn|19\n|inactive|Spectra Sovereign has 60 seconds left.\n|\n|t:|1697975693\n|move|p1a: Koraidon|Scale Shot|p2a: Gliscor\n|-crit|p2a: Gliscor\n|-damage|p2a: Gliscor|34\/100 tox\n|-damage|p2a: Gliscor|10\/100 tox\n|-damage|p2a: Gliscor|0 fnt\n|faint|p2a: Gliscor\n|-hitcount|p2: Gliscor|3\n|-unboost|p1a: Koraidon|def|1\n|-boost|p1a: Koraidon|spe|1\n|-heal|p1a: Koraidon|17\/100 psn|[from] item: Shell Bell|[of] p2: Gliscor\n|\n|-weather|none\n|-damage|p1a: Koraidon|4\/100 psn|[from] psn\n|upkeep\n|\n|t:|1697975714\n|switch|p2a: Iron Treads|Iron Treads|100\/100\n|turn|20\n|\n|t:|1697975723\n|move|p1a: Koraidon|Drain Punch|p2a: Iron Treads\n|-supereffective|p2a: Iron Treads\n|-damage|p2a: Iron Treads|0 fnt\n|-heal|p1a: Koraidon|51\/100 psn|[from] drain|[of] p2a: Iron Treads\n|faint|p2a: Iron Treads\n|-end|p2a: Iron Treads|Quark Drive|[silent]\n|-heal|p1a: Koraidon|63\/100 psn|[from] item: Shell Bell|[of] p2: Iron Treads\n|\n|-damage|p1a: Koraidon|51\/100 psn|[from] psn\n|upkeep\n|\n|t:|1697975730\n|switch|p2a: Ogerpon|Ogerpon-Cornerstone, F|100\/100\n|turn|21\n|\n|t:|1697975740\n|move|p1a: Koraidon|Drain Punch|p2a: Ogerpon\n|-supereffective|p2a: Ogerpon\n|-ability|p2a: Ogerpon|Sturdy\n|-damage|p2a: Ogerpon|1\/100\n|-heal|p1a: Koraidon|95\/100 psn|[from] drain|[of] p2a: Ogerpon\n|-heal|p1a: Koraidon|100\/100 psn|[from] item: Shell Bell|[of] p2a: Ogerpon\n|move|p2a: Ogerpon|Knock Off|p1a: Koraidon\n|-resisted|p1a: Koraidon\n|-damage|p1a: Koraidon|74\/100 psn\n|-enditem|p1a: Koraidon|Shell Bell|[from] move: Knock Off|[of] p2a: Ogerpon\n|\n|-damage|p1a: Koraidon|61\/100 psn|[from] psn\n|upkeep\n|turn|22\n|-message|Lacroz forfeited.\n|\n|win|Spectra Sovereign\n|raw|Spectra Sovereign's rating: 1127 &rarr; <strong>1143<\/strong><br \/>(+16 for winning)\n|raw|Lacroz's rating: 1000 &rarr; <strong>1000<\/strong><br \/>(+0 for losing)\n|l|\u2606Lacroz\n","uploadtime":1697975760,"views":9,"p1id":"spectrasovereign","p2id":"lacroz","formatid":"gen9ubers","rating":1000,"private":0,"password":""}