{"id":"gen9ubers-1982075678","p1":"LuukTheGamer","p2":"FrostyRandom02","format":"[Gen 9] Ubers","log":"|j|\u2606LuukTheGamer\n|j|\u2606FrostyRandom02\n|t:|1698965377\n|gametype|singles\n|player|p1|LuukTheGamer|mira|\n|player|p2|FrostyRandom02|riley|\n|teamsize|p1|6\n|teamsize|p2|6\n|gen|9\n|tier|[Gen 9] Ubers\n|rule|Sleep Clause Mod: Limit one foe put to sleep\n|rule|Species Clause: Limit one of each Pok\u00e9mon\n|rule|OHKO Clause: OHKO moves are banned\n|rule|Evasion Items Clause: Evasion items are banned\n|rule|Evasion Moves Clause: Evasion moves are banned\n|rule|Endless Battle Clause: Forcing endless battles is banned\n|rule|HP Percentage Mod: HP is shown in percentages\n|clearpoke\n|poke|p1|Torterra, M|\n|poke|p1|Cyclizar, F|\n|poke|p1|Moltres|\n|poke|p1|Blissey, F|\n|poke|p1|Clefable, F|\n|poke|p1|Gliscor, F|\n|poke|p2|Torkoal, M|\n|poke|p2|Lilligant-Hisui, F|\n|poke|p2|Walking Wake|\n|poke|p2|Roaring Moon|\n|poke|p2|Zacian-*|\n|poke|p2|Chi-Yu|\n|teampreview\n|inactive|Battle timer is ON: inactive players will automatically lose when time's up. (requested by LuukTheGamer)\n|c|\u2606FrostyRandom02|glhf\n|c|\u2606LuukTheGamer|glhf\n|inactive|LuukTheGamer has 270 seconds left.\n|\n|t:|1698965423\n|start\n|switch|p1a: Gliscor|Gliscor, F|100\/100\n|switch|p2a: Ninetails|Torkoal, M|100\/100\n|-weather|SunnyDay|[from] ability: Drought|[of] p2a: Ninetails\n|turn|1\n|inactive|LuukTheGamer has 270 seconds left.\n|\n|t:|1698965456\n|move|p1a: Gliscor|Toxic|p2a: Ninetails|[miss]\n|-miss|p1a: Gliscor|p2a: Ninetails\n|move|p2a: Ninetails|Lava Plume|p1a: Gliscor\n|-damage|p1a: Gliscor|54\/100\n|-status|p1a: Gliscor|brn\n|\n|-weather|SunnyDay|[upkeep]\n|-damage|p1a: Gliscor|47\/100 brn|[from] brn\n|upkeep\n|turn|2\n|inactive|LuukTheGamer has 270 seconds left.\n|\n|t:|1698965474\n|move|p1a: Gliscor|Toxic Spikes|p2a: Ninetails\n|-sidestart|p2: FrostyRandom02|move: Toxic Spikes\n|move|p2a: Ninetails|Stealth Rock|p1a: Gliscor\n|-sidestart|p1: LuukTheGamer|move: Stealth Rock\n|\n|-weather|SunnyDay|[upkeep]\n|-damage|p1a: Gliscor|41\/100 brn|[from] brn\n|upkeep\n|turn|3\n|\n|t:|1698965485\n|move|p1a: Gliscor|Toxic Spikes|p2a: Ninetails\n|-sidestart|p2: FrostyRandom02|move: Toxic Spikes\n|move|p2a: Ninetails|Rapid Spin|p1a: Gliscor\n|-damage|p1a: Gliscor|36\/100 brn\n|-boost|p2a: Ninetails|spe|1\n|-sideend|p2: FrostyRandom02|Toxic Spikes|[from] move: Rapid Spin|[of] p2a: Ninetails\n|\n|-weather|SunnyDay|[upkeep]\n|-damage|p1a: Gliscor|29\/100 brn|[from] brn\n|upkeep\n|turn|4\n|\n|t:|1698965493\n|move|p1a: Gliscor|Earthquake|p2a: Ninetails\n|-supereffective|p2a: Ninetails\n|-damage|p2a: Ninetails|83\/100\n|move|p2a: Ninetails|Lava Plume|p1a: Gliscor\n|-damage|p1a: Gliscor|0 fnt\n|faint|p1a: Gliscor\n|\n|-weather|SunnyDay|[upkeep]\n|upkeep\n|inactive|LuukTheGamer has 270 seconds left.\n|\n|t:|1698965517\n|switch|p1a: Blissey|Blissey, F, shiny|100\/100\n|turn|5\n|inactive|LuukTheGamer has 270 seconds left.\n|\n|t:|1698965541\n|switch|p2a: Hear me out|Lilligant-Hisui, F, shiny|100\/100\n|move|p1a: Blissey|Seismic Toss|p2a: Hear me out\n|-damage|p2a: Hear me out|65\/100\n|\n|-weather|none\n|upkeep\n|turn|6\n|\n|t:|1698965553\n|switch|p1a: Clefable|Clefable, F|100\/100\n|-damage|p1a: Clefable|88\/100|[from] Stealth Rock\n|move|p2a: Hear me out|Victory Dance|p2a: Hear me out\n|-boost|p2a: Hear me out|atk|1\n|-boost|p2a: Hear me out|def|1\n|-boost|p2a: Hear me out|spe|1\n|\n|-heal|p1a: Clefable|94\/100|[from] item: Leftovers\n|upkeep\n|turn|7\n|\n|t:|1698965562\n|switch|p2a: Ninetails|Torkoal, M|83\/100\n|-weather|SunnyDay|[from] ability: Drought|[of] p2a: Ninetails\n|move|p1a: Clefable|Calm Mind|p1a: Clefable\n|-boost|p1a: Clefable|spa|1\n|-boost|p1a: Clefable|spd|1\n|\n|-weather|SunnyDay|[upkeep]\n|-heal|p1a: Clefable|99\/100|[from] item: Leftovers\n|upkeep\n|turn|8\n|inactive|LuukTheGamer has 270 seconds left.\n|\n|t:|1698965573\n|move|p1a: Clefable|Protect|p1a: Clefable\n|-singleturn|p1a: Clefable|Protect\n|move|p2a: Ninetails|Clear Smog|p1a: Clefable\n|-activate|p1a: Clefable|move: Protect\n|\n|-weather|SunnyDay|[upkeep]\n|-heal|p1a: Clefable|100\/100|[from] item: Leftovers\n|upkeep\n|turn|9\n|inactive|LuukTheGamer has 270 seconds left.\n|\n|t:|1698965585\n|move|p1a: Clefable|Moonblast|p2a: Ninetails\n|-resisted|p2a: Ninetails\n|-damage|p2a: Ninetails|54\/100\n|-unboost|p2a: Ninetails|spa|1\n|move|p2a: Ninetails|Clear Smog|p1a: Clefable\n|-supereffective|p1a: Clefable\n|-damage|p1a: Clefable|87\/100\n|-clearboost|p1a: Clefable\n|\n|-weather|SunnyDay|[upkeep]\n|-heal|p1a: Clefable|93\/100|[from] item: Leftovers\n|upkeep\n|turn|10\n|j| GratedsShtickface\n|inactive|LuukTheGamer has 270 seconds left.\n|\n|t:|1698965596\n|switch|p2a: Bozo beware|Zacian|100\/100\n|-ability|p2a: Bozo beware|Intrepid Sword|boost\n|-boost|p2a: Bozo beware|atk|1\n|move|p1a: Clefable|Moonblast|p2a: Bozo beware\n|-damage|p2a: Bozo beware|71\/100\n|\n|-weather|SunnyDay|[upkeep]\n|-heal|p1a: Clefable|99\/100|[from] item: Leftovers\n|upkeep\n|turn|11\n|j| Leo Justice\n|inactive|LuukTheGamer has 270 seconds left.\n|\n|t:|1698965617\n|switch|p1a: Moltres|Moltres, shiny|100\/100\n|move|p2a: Bozo beware|Play Rough|p1a: Moltres\n|-resisted|p1a: Moltres\n|-damage|p1a: Moltres|78\/100\n|\n|-weather|none\n|upkeep\n|turn|12\n|\n|t:|1698965628\n|-terastallize|p2a: Bozo beware|Fire\n|move|p2a: Bozo beware|Swords Dance|p2a: Bozo beware\n|-boost|p2a: Bozo beware|atk|2\n|move|p1a: Moltres|U-turn|p2a: Bozo beware\n|-resisted|p2a: Bozo beware\n|-damage|p2a: Bozo beware|64\/100\n|inactive|LuukTheGamer has 240 seconds left.\n|\n|t:|1698965657\n|switch|p1a: Cyclizar|Cyclizar, F|100\/100|[from] U-turn\n|\n|upkeep\n|turn|13\n|inactive|LuukTheGamer has 240 seconds left.\n|\n|t:|1698965676\n|move|p2a: Bozo beware|Play Rough|p1a: Cyclizar\n|-supereffective|p1a: Cyclizar\n|-damage|p1a: Cyclizar|0 fnt\n|faint|p1a: Cyclizar\n|\n|upkeep\n|inactive|LuukTheGamer has 210 seconds left.\n|\n|t:|1698965701\n|switch|p1a: Torterra|Torterra, M, shiny|100\/100\n|-damage|p1a: Torterra|94\/100|[from] Stealth Rock\n|turn|14\n|\n|t:|1698965705\n|move|p2a: Bozo beware|Tera Blast|p1a: Torterra|[anim] Tera Blast Fire\n|-supereffective|p1a: Torterra\n|-damage|p1a: Torterra|0 fnt\n|faint|p1a: Torterra\n|\n|upkeep\n|c| Leo Justice|Moltres still won 1v1\n|\n|t:|1698965717\n|switch|p1a: Moltres|Moltres, shiny|78\/100\n|turn|15\n|c| Leo Justice|if you have hurricane or air slash\n|c|\u2606LuukTheGamer|sadly dont have that\n|inactive|LuukTheGamer has 210 seconds left.\n|c| Leo Justice|Sad\n|\n|t:|1698965745\n|move|p2a: Bozo beware|Swords Dance|p2a: Bozo beware\n|-boost|p2a: Bozo beware|atk|2\n|move|p1a: Moltres|Flamethrower|p2a: Bozo beware\n|-resisted|p2a: Bozo beware\n|-damage|p2a: Bozo beware|46\/100\n|\n|upkeep\n|turn|16\n|\n|t:|1698965752\n|move|p2a: Bozo beware|Play Rough|p1a: Moltres\n|-resisted|p1a: Moltres\n|-damage|p1a: Moltres|23\/100\n|move|p1a: Moltres|Flamethrower|p2a: Bozo beware\n|-resisted|p2a: Bozo beware\n|-damage|p2a: Bozo beware|30\/100\n|\n|upkeep\n|turn|17\n|inactive|LuukTheGamer has 210 seconds left.\n|\n|t:|1698965761\n|move|p2a: Bozo beware|Play Rough|p1a: Moltres\n|-resisted|p1a: Moltres\n|-damage|p1a: Moltres|0 fnt\n|faint|p1a: Moltres\n|\n|upkeep\n|\n|t:|1698965764\n|switch|p1a: Clefable|Clefable, F|99\/100\n|-damage|p1a: Clefable|87\/100|[from] Stealth Rock\n|turn|18\n|\n|t:|1698965774\n|-terastallize|p1a: Clefable|Poison\n|move|p2a: Bozo beware|Play Rough|p1a: Clefable\n|-resisted|p1a: Clefable\n|-damage|p1a: Clefable|71\/100\n|move|p1a: Clefable|Moonblast|p2a: Bozo beware\n|-resisted|p2a: Bozo beware\n|-damage|p2a: Bozo beware|16\/100\n|\n|-heal|p1a: Clefable|77\/100|[from] item: Leftovers\n|upkeep\n|turn|19\n|\n|t:|1698965781\n|move|p2a: Bozo beware|Tera Blast|p1a: Clefable|[anim] Tera Blast Fire\n|-damage|p1a: Clefable|48\/100\n|move|p1a: Clefable|Moonblast|p2a: Bozo beware\n|-resisted|p2a: Bozo beware\n|-damage|p2a: Bozo beware|2\/100\n|\n|-heal|p1a: Clefable|54\/100|[from] item: Leftovers\n|upkeep\n|turn|20\n|\n|t:|1698965786\n|move|p2a: Bozo beware|Tera Blast|p1a: Clefable|[anim] Tera Blast Fire\n|-damage|p1a: Clefable|25\/100\n|move|p1a: Clefable|Wish|p1a: Clefable\n|\n|-heal|p1a: Clefable|31\/100|[from] item: Leftovers\n|upkeep\n|turn|21\n|\n|t:|1698965797\n|switch|p2a: Ninetails|Torkoal, M|54\/100\n|-weather|SunnyDay|[from] ability: Drought|[of] p2a: Ninetails\n|move|p1a: Clefable|Calm Mind|p1a: Clefable\n|-boost|p1a: Clefable|spa|1\n|-boost|p1a: Clefable|spd|1\n|\n|-weather|SunnyDay|[upkeep]\n|-heal|p1a: Clefable|81\/100|[from] move: Wish|[wisher] Clefable\n|-heal|p1a: Clefable|87\/100|[from] item: Leftovers\n|upkeep\n|turn|22\n|\n|t:|1698965807\n|move|p1a: Clefable|Moonblast|p2a: Ninetails\n|-resisted|p2a: Ninetails\n|-damage|p2a: Ninetails|22\/100\n|move|p2a: Ninetails|Lava Plume|p1a: Clefable\n|-damage|p1a: Clefable|62\/100\n|\n|-weather|SunnyDay|[upkeep]\n|-heal|p1a: Clefable|68\/100|[from] item: Leftovers\n|upkeep\n|turn|23\n|\n|t:|1698965814\n|move|p1a: Clefable|Moonblast|p2a: Ninetails\n|-resisted|p2a: Ninetails\n|-crit|p2a: Ninetails\n|-damage|p2a: Ninetails|0 fnt\n|faint|p2a: Ninetails\n|\n|-weather|SunnyDay|[upkeep]\n|-heal|p1a: Clefable|74\/100|[from] item: Leftovers\n|upkeep\n|\n|t:|1698965818\n|switch|p2a: Roaring Mid|Roaring Moon|100\/100\n|-activate|p2a: Roaring Mid|ability: Protosynthesis\n|-start|p2a: Roaring Mid|protosynthesisspe\n|turn|24\n|\n|t:|1698965823\n|move|p2a: Roaring Mid|Earthquake|p1a: Clefable\n|-supereffective|p1a: Clefable\n|-damage|p1a: Clefable|0 fnt\n|faint|p1a: Clefable\n|\n|-weather|SunnyDay|[upkeep]\n|upkeep\n|\n|t:|1698965827\n|switch|p1a: Blissey|Blissey, F, shiny|100\/100\n|turn|25\n|-message|LuukTheGamer forfeited.\n|\n|win|FrostyRandom02\n|c|\u2606LuukTheGamer|gg\n|l| GratedsShtickface\n|c|\u2606FrostyRandom02|gg\n","uploadtime":1698965838,"views":27,"p1id":"luukthegamer","p2id":"frostyrandom02","formatid":"gen9ubers","rating":0,"private":0,"password":""}