{"id":"gen9ubers-2000119274","p1":"Fumbleo","p2":"Skye10000","format":"[Gen 9] Ubers","log":"|j|\u2606Fumbleo\n|j|\u2606Skye10000\n|t:|1701158284\n|gametype|singles\n|player|p1|Fumbleo|juggler|\n|player|p2|Skye10000|169|\n|teamsize|p1|6\n|teamsize|p2|6\n|gen|9\n|tier|[Gen 9] Ubers\n|rule|Sleep Clause Mod: Limit one foe put to sleep\n|rule|Species Clause: Limit one of each Pok\u00e9mon\n|rule|OHKO Clause: OHKO moves are banned\n|rule|Evasion Items Clause: Evasion items are banned\n|rule|Evasion Moves Clause: Evasion moves are banned\n|rule|Endless Battle Clause: Forcing endless battles is banned\n|rule|HP Percentage Mod: HP is shown in percentages\n|clearpoke\n|poke|p1|Tinkaton, F|\n|poke|p1|Slowking-Galar, M|\n|poke|p1|Tauros-Paldea-Blaze, M|\n|poke|p1|Quagsire, F|\n|poke|p1|Thundurus-Therian, M|\n|poke|p1|Roaring Moon|\n|poke|p2|Annihilape, M|\n|poke|p2|Ting-Lu|\n|poke|p2|Sneasler, F|\n|poke|p2|Zapdos-Galar|\n|poke|p2|Zoroark-Hisui, M|\n|poke|p2|Arcanine-Hisui, F|\n|teampreview\n|c|\u2606Fumbleo|doggy\n|n|\u2606Skye10000|skye10000\n|c|\u2606Skye10000|xander made me this time while i wasnt even looking\n|c|\u2606Skye10000|lollll\n|c|\u2606Fumbleo|amazing\n|\n|t:|1701158351\n|start\n|switch|p1a: Tintaglia|Thundurus-Therian, M|100\/100\n|switch|p2a: Zapdos|Zapdos-Galar|100\/100\n|turn|1\n|\n|t:|1701158374\n|move|p1a: Tintaglia|Thunderbolt|p2a: Zapdos\n|-supereffective|p2a: Zapdos\n|-damage|p2a: Zapdos|0 fnt\n|faint|p2a: Zapdos\n|\n|upkeep\n|\n|t:|1701158393\n|switch|p2a: Arcanine|Arcanine-Hisui, F|100\/100\n|turn|2\n|\n|t:|1701158434\n|switch|p1a: FitzChivalry|Tauros-Paldea-Blaze, M|100\/100\n|-ability|p1a: FitzChivalry|Intimidate|boost\n|-unboost|p2a: Arcanine|atk|1\n|move|p2a: Arcanine|Extreme Speed|p1a: FitzChivalry\n|-damage|p1a: FitzChivalry|87\/100\n|\n|-heal|p1a: FitzChivalry|93\/100|[from] item: Leftovers\n|upkeep\n|turn|3\n|\n|t:|1701158468\n|-terastallize|p2a: Arcanine|Fire\n|move|p2a: Arcanine|Extreme Speed|p1a: FitzChivalry\n|-damage|p1a: FitzChivalry|81\/100\n|move|p1a: FitzChivalry|Body Press|p2a: Arcanine\n|-damage|p2a: Arcanine|54\/100\n|\n|-heal|p1a: FitzChivalry|87\/100|[from] item: Leftovers\n|upkeep\n|turn|4\n|\n|t:|1701158479\n|move|p2a: Arcanine|Extreme Speed|p1a: FitzChivalry\n|-damage|p1a: FitzChivalry|75\/100\n|move|p1a: FitzChivalry|Body Press|p2a: Arcanine\n|-damage|p2a: Arcanine|6\/100\n|\n|-heal|p1a: FitzChivalry|81\/100|[from] item: Leftovers\n|upkeep\n|turn|5\n|\n|t:|1701158496\n|switch|p2a: Ting-Lu|Ting-Lu|100\/100\n|move|p1a: FitzChivalry|Body Press|p2a: Ting-Lu\n|-immune|p2a: Ting-Lu\n|\n|-heal|p1a: FitzChivalry|87\/100|[from] item: Leftovers\n|upkeep\n|turn|6\n|\n|t:|1701158536\n|switch|p1a: Verity-As-Dragon|Roaring Moon|100\/100\n|move|p2a: Ting-Lu|Hyper Voice|p1a: Verity-As-Dragon\n|-damage|p1a: Verity-As-Dragon|54\/100\n|\n|upkeep\n|turn|7\n|\n|t:|1701158559\n|move|p2a: Ting-Lu|Protect|p2a: Ting-Lu\n|-singleturn|p2a: Ting-Lu|Protect\n|move|p1a: Verity-As-Dragon|Knock Off|p2a: Ting-Lu\n|-activate|p2a: Ting-Lu|move: Protect\n|\n|upkeep\n|turn|8\n|\n|t:|1701158569\n|move|p1a: Verity-As-Dragon|Knock Off|p2a: Ting-Lu\n|-supereffective|p2a: Ting-Lu\n|-damage|p2a: Ting-Lu|0 fnt\n|replace|p2a: Zoroark|Zoroark-Hisui, M\n|-end|p2a: Zoroark|Illusion\n|-enditem|p2a: Zoroark|Expert Belt|[from] move: Knock Off|[of] p1a: Verity-As-Dragon\n|faint|p2a: Zoroark\n|\n|upkeep\n|\n|t:|1701158595\n|switch|p2a: Sneasler|Sneasler, F|100\/100\n|turn|9\n|\n|t:|1701158618\n|-end|p1a: Verity-As-Dragon|Protosynthesis|[silent]\n|switch|p1a: Chade|Slowking-Galar, M, shiny|100\/100\n|move|p2a: Sneasler|Dire Claw|p1a: Chade\n|-resisted|p1a: Chade\n|-damage|p1a: Chade|84\/100\n|\n|upkeep\n|turn|10\n|\n|t:|1701158632\n|move|p2a: Sneasler|Dire Claw|p1a: Chade\n|-resisted|p1a: Chade\n|-damage|p1a: Chade|68\/100\n|-status|p1a: Chade|slp\n|cant|p1a: Chade|slp\n|\n|upkeep\n|turn|11\n|\n|t:|1701158649\n|switch|p2a: Annihilape|Annihilape, M|100\/100\n|cant|p1a: Chade|slp\n|\n|upkeep\n|turn|12\n|\n|t:|1701158656\n|switch|p1a: FitzChivalry|Tauros-Paldea-Blaze, M|87\/100\n|-ability|p1a: FitzChivalry|Intimidate|boost\n|-unboost|p2a: Annihilape|atk|1\n|-ability|p2a: Annihilape|Defiant|boost\n|-boost|p2a: Annihilape|atk|2\n|move|p2a: Annihilape|Bulk Up|p2a: Annihilape\n|-boost|p2a: Annihilape|atk|1\n|-boost|p2a: Annihilape|def|1\n|\n|-heal|p1a: FitzChivalry|93\/100|[from] item: Leftovers\n|upkeep\n|turn|13\n|\n|t:|1701158700\n|switch|p1a: Wintrow|Quagsire, F|100\/100\n|move|p2a: Annihilape|Drain Punch|p1a: Wintrow\n|-damage|p1a: Wintrow|69\/100\n|\n|upkeep\n|turn|14\n|\n|t:|1701158709\n|move|p2a: Annihilape|Protect|p2a: Annihilape\n|-singleturn|p2a: Annihilape|Protect\n|move|p1a: Wintrow|Toxic|p2a: Annihilape\n|-activate|p2a: Annihilape|move: Protect\n|\n|upkeep\n|turn|15\n|\n|t:|1701158733\n|move|p2a: Annihilape|Rage Fist|p1a: Wintrow\n|-damage|p1a: Wintrow|48\/100\n|move|p1a: Wintrow|Toxic|p2a: Annihilape|[miss]\n|-miss|p1a: Wintrow|p2a: Annihilape\n|\n|upkeep\n|turn|16\n|\n|t:|1701158740\n|move|p2a: Annihilape|Drain Punch|p1a: Wintrow\n|-damage|p1a: Wintrow|16\/100\n|move|p1a: Wintrow|Recover|p1a: Wintrow\n|-heal|p1a: Wintrow|66\/100\n|\n|upkeep\n|turn|17\n|\n|t:|1701158746\n|move|p2a: Annihilape|Drain Punch|p1a: Wintrow\n|-damage|p1a: Wintrow|36\/100\n|move|p1a: Wintrow|Recover|p1a: Wintrow\n|-heal|p1a: Wintrow|86\/100\n|\n|upkeep\n|turn|18\n|\n|t:|1701158752\n|move|p2a: Annihilape|Drain Punch|p1a: Wintrow\n|-damage|p1a: Wintrow|55\/100\n|move|p1a: Wintrow|Toxic|p2a: Annihilape\n|-status|p2a: Annihilape|tox\n|\n|-damage|p2a: Annihilape|94\/100 tox|[from] psn\n|upkeep\n|turn|19\n|\n|t:|1701158760\n|move|p2a: Annihilape|Drain Punch|p1a: Wintrow\n|-damage|p1a: Wintrow|22\/100\n|-heal|p2a: Annihilape|100\/100 tox|[from] drain|[of] p1a: Wintrow\n|move|p1a: Wintrow|Recover|p1a: Wintrow\n|-heal|p1a: Wintrow|72\/100\n|\n|-damage|p2a: Annihilape|88\/100 tox|[from] psn\n|upkeep\n|turn|20\n|\n|t:|1701158772\n|move|p2a: Annihilape|Drain Punch|p1a: Wintrow\n|-damage|p1a: Wintrow|41\/100\n|-heal|p2a: Annihilape|100\/100 tox|[from] drain|[of] p1a: Wintrow\n|move|p1a: Wintrow|Recover|p1a: Wintrow\n|-heal|p1a: Wintrow|91\/100\n|\n|-damage|p2a: Annihilape|82\/100 tox|[from] psn\n|upkeep\n|turn|21\n|\n|t:|1701158798\n|switch|p2a: Ting-Lu|Ting-Lu|100\/100\n|-ability|p2a: Ting-Lu|Vessel of Ruin\n|move|p1a: Wintrow|Spikes|p2a: Ting-Lu\n|-sidestart|p2: Skye10000|Spikes\n|\n|upkeep\n|turn|22\n|\n|t:|1701158829\n|move|p2a: Ting-Lu|Body Press|p1a: Wintrow\n|-crit|p1a: Wintrow\n|-damage|p1a: Wintrow|60\/100\n|move|p1a: Wintrow|Toxic|p2a: Ting-Lu\n|-status|p2a: Ting-Lu|tox\n|\n|-damage|p2a: Ting-Lu|94\/100 tox|[from] psn\n|upkeep\n|turn|23\n|\n|t:|1701158843\n|move|p2a: Ting-Lu|Heavy Slam|p1a: Wintrow\n|-resisted|p1a: Wintrow\n|-damage|p1a: Wintrow|47\/100\n|move|p1a: Wintrow|Recover|p1a: Wintrow\n|-heal|p1a: Wintrow|97\/100\n|\n|-damage|p2a: Ting-Lu|82\/100 tox|[from] psn\n|upkeep\n|turn|24\n|\n|t:|1701158852\n|move|p2a: Ting-Lu|Earthquake|p1a: Wintrow\n|-damage|p1a: Wintrow|66\/100\n|move|p1a: Wintrow|Body Press|p2a: Ting-Lu\n|-supereffective|p2a: Ting-Lu\n|-damage|p2a: Ting-Lu|64\/100 tox\n|\n|-damage|p2a: Ting-Lu|45\/100 tox|[from] psn\n|upkeep\n|turn|25\n|\n|t:|1701158860\n|switch|p2a: Sneasler|Sneasler, F|100\/100\n|-damage|p2a: Sneasler|88\/100|[from] Spikes\n|move|p1a: Wintrow|Recover|p1a: Wintrow\n|-heal|p1a: Wintrow|100\/100\n|\n|upkeep\n|turn|26\n|\n|t:|1701158872\n|switch|p1a: Chade|Slowking-Galar, M, shiny|100\/100 slp\n|move|p2a: Sneasler|Dire Claw|p1a: Chade\n|-resisted|p1a: Chade\n|-damage|p1a: Chade|84\/100 slp\n|\n|upkeep\n|turn|27\n|\n|t:|1701158885\n|move|p2a: Sneasler|Close Combat|p1a: Chade\n|-resisted|p1a: Chade\n|-damage|p1a: Chade|71\/100 slp\n|-unboost|p2a: Sneasler|def|1\n|-unboost|p2a: Sneasler|spd|1\n|cant|p1a: Chade|slp\n|\n|upkeep\n|turn|28\n|\n|t:|1701158892\n|switch|p2a: Annihilape|Annihilape, M|82\/100 tox\n|-damage|p2a: Annihilape|70\/100 tox|[from] Spikes\n|-curestatus|p1a: Chade|slp|[msg]\n|move|p1a: Chade|Psychic|p2a: Annihilape\n|-supereffective|p2a: Annihilape\n|-damage|p2a: Annihilape|8\/100 tox\n|\n|-heal|p2a: Annihilape|14\/100 tox|[from] item: Leftovers\n|-damage|p2a: Annihilape|8\/100 tox|[from] psn\n|upkeep\n|turn|29\n|\n|t:|1701158939\n|move|p2a: Annihilape|Rage Fist|p1a: Chade\n|-supereffective|p1a: Chade\n|-damage|p1a: Chade|0 fnt\n|faint|p1a: Chade\n|\n|-heal|p2a: Annihilape|14\/100 tox|[from] item: Leftovers\n|-damage|p2a: Annihilape|2\/100 tox|[from] psn\n|upkeep\n|\n|t:|1701158973\n|switch|p1a: Tintaglia|Thundurus-Therian, M|100\/100\n|turn|30\n|\n|t:|1701158992\n|move|p1a: Tintaglia|Volt Switch|p2a: Annihilape\n|-damage|p2a: Annihilape|0 fnt\n|faint|p2a: Annihilape\n|\n|t:|1701159018\n|switch|p1a: Thick|Tinkaton, F|100\/100|[from] Volt Switch\n|-ability|p1a: Thick|Mold Breaker\n|\n|upkeep\n|\n|t:|1701159032\n|switch|p2a: Sneasler|Sneasler, F|88\/100\n|-damage|p2a: Sneasler|76\/100|[from] Spikes\n|turn|31\n|\n|t:|1701159037\n|move|p2a: Sneasler|Protect|p2a: Sneasler\n|-singleturn|p2a: Sneasler|Protect\n|move|p1a: Thick|Gigaton Hammer|p2a: Sneasler\n|-activate|p2a: Sneasler|move: Protect\n|\n|upkeep\n|turn|32\n|\n|t:|1701159047\n|switch|p1a: FitzChivalry|Tauros-Paldea-Blaze, M|93\/100\n|-ability|p1a: FitzChivalry|Intimidate|boost\n|-unboost|p2a: Sneasler|atk|1\n|move|p2a: Sneasler|Dire Claw|p1a: FitzChivalry\n|-damage|p1a: FitzChivalry|72\/100\n|\n|-heal|p1a: FitzChivalry|78\/100|[from] item: Leftovers\n|upkeep\n|turn|33\n|\n|t:|1701159068\n|move|p2a: Sneasler|Dire Claw|p1a: FitzChivalry\n|-crit|p1a: FitzChivalry\n|-damage|p1a: FitzChivalry|30\/100\n|move|p1a: FitzChivalry|Zen Headbutt|p2a: Sneasler\n|-supereffective|p2a: Sneasler\n|-damage|p2a: Sneasler|0 fnt\n|faint|p2a: Sneasler\n|\n|-heal|p1a: FitzChivalry|36\/100|[from] item: Leftovers\n|upkeep\n|\n|t:|1701159077\n|switch|p2a: Arcanine|Arcanine-Hisui, F, tera:Fire|6\/100\n|-damage|p2a: Arcanine|0 fnt|[from] Spikes\n|faint|p2a: Arcanine\n|\n|t:|1701159086\n|switch|p2a: Ting-Lu|Ting-Lu|45\/100 tox\n|-damage|p2a: Ting-Lu|32\/100 tox|[from] Spikes\n|-ability|p2a: Ting-Lu|Vessel of Ruin\n|turn|34\n|c|\u2606Skye10000|i win these\n|c|\u2606Fumbleo|i believe\n|\n|t:|1701159114\n|move|p1a: FitzChivalry|Body Press|p2a: Ting-Lu\n|-supereffective|p2a: Ting-Lu\n|-damage|p2a: Ting-Lu|2\/100 tox\n|move|p2a: Ting-Lu|Throat Chop|p1a: FitzChivalry\n|-resisted|p1a: FitzChivalry\n|-damage|p1a: FitzChivalry|24\/100\n|-start|p1a: FitzChivalry|Throat Chop|[silent]\n|\n|-heal|p1a: FitzChivalry|30\/100|[from] item: Leftovers\n|-damage|p2a: Ting-Lu|0 fnt|[from] psn\n|faint|p2a: Ting-Lu\n|\n|win|Fumbleo\n|upkeep\n|c|\u2606Fumbleo|ggs\n","uploadtime":1701159125,"views":23,"p1id":"fumbleo","p2id":"skye10000","formatid":"gen9ubers","rating":0,"private":0,"password":""}