{"id":"gen9ubers-2000116221","p1":"Pickedman","p2":"rei_darkness","format":"[Gen 9] Ubers","log":"|j|\u2606Pickedman\n|j|\u2606rei_darkness\n|t:|1701157742\n|gametype|singles\n|player|p1|Pickedman|zinnia|\n|player|p2|rei_darkness|101|\n|teamsize|p1|6\n|teamsize|p2|6\n|gen|9\n|tier|[Gen 9] Ubers\n|rule|Sleep Clause Mod: Limit one foe put to sleep\n|rule|Species Clause: Limit one of each Pok\u00e9mon\n|rule|OHKO Clause: OHKO moves are banned\n|rule|Evasion Items Clause: Evasion items are banned\n|rule|Evasion Moves Clause: Evasion moves are banned\n|rule|Endless Battle Clause: Forcing endless battles is banned\n|rule|HP Percentage Mod: HP is shown in percentages\n|clearpoke\n|poke|p1|Tyranitar, F|\n|poke|p1|Magearna|\n|poke|p1|Landorus-Therian, M|\n|poke|p1|Gothitelle, F|\n|poke|p1|Mandibuzz, F|\n|poke|p1|Slowking-Galar, F|\n|poke|p2|Ribombee, M|\n|poke|p2|Iron Jugulis|\n|poke|p2|Weezing-Galar, F|\n|poke|p2|Medicham, M|\n|poke|p2|Slowking-Galar, M|\n|poke|p2|Palafin, M|\n|teampreview\n|inactive|Battle timer is ON: inactive players will automatically lose when time's up. (requested by rei_darkness)\n|\n|t:|1701157754\n|start\n|switch|p1a: Tyranitar|Tyranitar, F|100\/100\n|switch|p2a: Palafin|Palafin, M|100\/100\n|-weather|Sandstorm|[from] ability: Sand Stream|[of] p1a: Tyranitar\n|turn|1\n|\n|t:|1701157762\n|detailschange|p2a: Palafin|Palafin-Hero, M\n|switch|p2a: Weezing|Weezing-Galar, F|100\/100\n|move|p1a: Tyranitar|Thunderbolt|p2a: Weezing\n|-damage|p2a: Weezing|59\/100\n|\n|-weather|Sandstorm|[upkeep]\n|-damage|p2a: Weezing|53\/100|[from] Sandstorm\n|-heal|p2a: Weezing|59\/100|[from] item: Leftovers\n|upkeep\n|turn|2\n|\n|t:|1701157766\n|move|p1a: Tyranitar|Thunderbolt|p2a: Weezing\n|-crit|p2a: Weezing\n|-damage|p2a: Weezing|3\/100\n|move|p2a: Weezing|Pain Split|p1a: Tyranitar\n|-sethp|p1a: Tyranitar|51\/100|[from] move: Pain Split|[silent]\n|-sethp|p2a: Weezing|62\/100|[from] move: Pain Split\n|\n|-weather|Sandstorm|[upkeep]\n|-damage|p2a: Weezing|56\/100|[from] Sandstorm\n|-heal|p2a: Weezing|62\/100|[from] item: Leftovers\n|upkeep\n|turn|3\n|\n|t:|1701157778\n|switch|p1a: Slowking|Slowking-Galar, F|100\/100\n|switch|p2a: Slowking|Slowking-Galar, M|100\/100\n|\n|-weather|Sandstorm|[upkeep]\n|-damage|p2a: Slowking|94\/100|[from] Sandstorm\n|upkeep\n|turn|4\n|\n|t:|1701157797\n|move|p2a: Slowking|Chilly Reception|p2a: Slowking\n|-weather|Snow\n|\n|t:|1701157802\n|switch|p2a: Ribombee|Ribombee, M|100\/100|[from] Chilly Reception\n|move|p1a: Slowking|Foul Play|p2a: Ribombee\n|-resisted|p2a: Ribombee\n|-damage|p2a: Ribombee|81\/100\n|\n|-weather|Snow|[upkeep]\n|upkeep\n|turn|5\n|\n|t:|1701157829\n|move|p2a: Ribombee|U-turn|p1a: Slowking\n|-damage|p1a: Slowking|77\/100\n|\n|t:|1701157836\n|switch|p2a: Medicham|Medicham, M|100\/100|[from] U-turn\n|move|p1a: Slowking|Toxic|p2a: Medicham\n|-status|p2a: Medicham|tox\n|\n|-weather|Snow|[upkeep]\n|-damage|p2a: Medicham|94\/100 tox|[from] psn\n|upkeep\n|turn|6\n|inactive|Pickedman has 270 seconds left.\n|\n|t:|1701157862\n|switch|p1a: Mandibuzz|Mandibuzz, F|100\/100\n|move|p2a: Medicham|Ice Punch|p1a: Mandibuzz\n|-supereffective|p1a: Mandibuzz\n|-damage|p1a: Mandibuzz|66\/100\n|\n|-weather|Snow|[upkeep]\n|-damage|p2a: Medicham|82\/100 tox|[from] psn\n|upkeep\n|turn|7\n|inactive|Pickedman has 270 seconds left.\n|\n|t:|1701157875\n|switch|p2a: Weezing|Weezing-Galar, F|62\/100\n|switch|p1a: Magearna|Magearna|100\/100\n|\n|-weather|Snow|[upkeep]\n|-heal|p2a: Weezing|68\/100|[from] item: Leftovers\n|upkeep\n|turn|8\n|inactive|Pickedman has 270 seconds left.\n|\n|t:|1701157883\n|move|p1a: Magearna|Shift Gear|p1a: Magearna\n|-boost|p1a: Magearna|spe|2\n|-boost|p1a: Magearna|atk|1\n|move|p2a: Weezing|Pain Split|p1a: Magearna\n|-sethp|p1a: Magearna|82\/100|[from] move: Pain Split|[silent]\n|-sethp|p2a: Weezing|88\/100|[from] move: Pain Split\n|\n|-weather|none\n|-heal|p1a: Magearna|88\/100|[from] item: Leftovers\n|-heal|p2a: Weezing|94\/100|[from] item: Leftovers\n|upkeep\n|turn|9\n|\n|t:|1701157889\n|-terastallize|p2a: Weezing|Steel\n|move|p1a: Magearna|Iron Head|p2a: Weezing\n|-resisted|p2a: Weezing\n|-damage|p2a: Weezing|74\/100\n|move|p2a: Weezing|Haze|p2a: Weezing\n|-clearallboost\n|\n|-heal|p1a: Magearna|94\/100|[from] item: Leftovers\n|-heal|p2a: Weezing|80\/100|[from] item: Leftovers\n|upkeep\n|turn|10\n|inactive|Pickedman has 270 seconds left.\n|\n|t:|1701157916\n|switch|p1a: Slowking|Slowking-Galar, F|100\/100\n|move|p2a: Weezing|Strange Steam|p1a: Slowking\n|-resisted|p1a: Slowking\n|-damage|p1a: Slowking|92\/100\n|\n|-heal|p2a: Weezing|86\/100|[from] item: Leftovers\n|upkeep\n|turn|11\n|\n|t:|1701157921\n|move|p2a: Weezing|Strange Steam|p1a: Slowking\n|-resisted|p1a: Slowking\n|-damage|p1a: Slowking|84\/100\n|move|p1a: Slowking|Yawn|p2a: Weezing\n|-start|p2a: Weezing|move: Yawn|[of] p1a: Slowking\n|\n|-heal|p2a: Weezing|92\/100|[from] item: Leftovers\n|upkeep\n|turn|12\n|\n|t:|1701157929\n|switch|p2a: Slowking|Slowking-Galar, M|100\/100\n|switch|p1a: Landorus|Landorus-Therian, M|100\/100\n|-ability|p1a: Landorus|Intimidate|boost\n|-unboost|p2a: Slowking|atk|1\n|\n|upkeep\n|turn|13\n|\n|t:|1701157940\n|switch|p2a: Ribombee|Ribombee, M|81\/100\n|move|p1a: Landorus|Substitute|p1a: Landorus\n|-start|p1a: Landorus|Substitute\n|-damage|p1a: Landorus|76\/100\n|\n|-heal|p1a: Landorus|82\/100|[from] item: Leftovers\n|upkeep\n|turn|14\n|\n|t:|1701157948\n|move|p2a: Ribombee|U-turn|p1a: Landorus\n|-resisted|p1a: Landorus\n|-activate|p1a: Landorus|move: Substitute|[damage]\n|\n|t:|1701157954\n|switch|p2a: Palafin|Palafin-Hero, M|100\/100|[from] U-turn\n|-activate|p2a: Palafin|ability: Zero to Hero\n|move|p1a: Landorus|Nasty Plot|p1a: Landorus\n|-boost|p1a: Landorus|spa|2\n|\n|-heal|p1a: Landorus|88\/100|[from] item: Leftovers\n|upkeep\n|turn|15\n|\n|t:|1701157965\n|move|p1a: Landorus|Earth Power|p2a: Palafin\n|-damage|p2a: Palafin|4\/100\n|move|p2a: Palafin|Surf|p1a: Landorus\n|-supereffective|p1a: Landorus\n|-end|p1a: Landorus|Substitute\n|\n|-heal|p1a: Landorus|94\/100|[from] item: Leftovers\n|upkeep\n|turn|16\n|\n|t:|1701157972\n|move|p1a: Landorus|Earth Power|p2a: Palafin\n|-damage|p2a: Palafin|0 fnt\n|faint|p2a: Palafin\n|\n|-heal|p1a: Landorus|99\/100|[from] item: Leftovers\n|upkeep\n|\n|t:|1701157974\n|switch|p2a: Medicham|Medicham, M|82\/100 tox\n|turn|17\n|\n|t:|1701157983\n|move|p2a: Medicham|Ice Punch|p1a: Landorus\n|-supereffective|p1a: Landorus\n|-damage|p1a: Landorus|0 fnt\n|faint|p1a: Landorus\n|\n|-damage|p2a: Medicham|76\/100 tox|[from] psn\n|upkeep\n|\n|t:|1701157986\n|switch|p1a: Magearna|Magearna|94\/100\n|turn|18\n|\n|t:|1701157991\n|switch|p2a: Weezing|Weezing-Galar, F, tera:Steel|92\/100\n|move|p1a: Magearna|Shift Gear|p1a: Magearna\n|-boost|p1a: Magearna|spe|2\n|-boost|p1a: Magearna|atk|1\n|\n|-heal|p1a: Magearna|100\/100|[from] item: Leftovers\n|-heal|p2a: Weezing|98\/100|[from] item: Leftovers\n|upkeep\n|turn|19\n|\n|t:|1701157995\n|move|p1a: Magearna|Iron Head|p2a: Weezing\n|-resisted|p2a: Weezing\n|-damage|p2a: Weezing|80\/100\n|cant|p2a: Weezing|flinch\n|\n|-heal|p2a: Weezing|86\/100|[from] item: Leftovers\n|upkeep\n|turn|20\n|\n|t:|1701158000\n|move|p1a: Magearna|Iron Head|p2a: Weezing\n|-resisted|p2a: Weezing\n|-damage|p2a: Weezing|66\/100\n|move|p2a: Weezing|Haze|p2a: Weezing\n|-clearallboost\n|\n|-heal|p2a: Weezing|72\/100|[from] item: Leftovers\n|upkeep\n|turn|21\n|\n|t:|1701158021\n|switch|p1a: Gothitelle|Gothitelle, F|100\/100\n|move|p2a: Weezing|Pain Split|p1a: Gothitelle\n|-sethp|p1a: Gothitelle|85\/100|[from] move: Pain Split|[silent]\n|-sethp|p2a: Weezing|88\/100|[from] move: Pain Split\n|\n|-heal|p2a: Weezing|94\/100|[from] item: Leftovers\n|upkeep\n|turn|22\n|\n|t:|1701158029\n|move|p1a: Gothitelle|Taunt|p2a: Weezing\n|-start|p2a: Weezing|move: Taunt\n|move|p2a: Weezing|Strange Steam|p1a: Gothitelle\n|-damage|p1a: Gothitelle|68\/100\n|\n|-heal|p2a: Weezing|99\/100|[from] item: Leftovers\n|upkeep\n|turn|23\n|\n|t:|1701158043\n|switch|p1a: Tyranitar|Tyranitar, F|51\/100\n|-weather|Sandstorm|[from] ability: Sand Stream|[of] p1a: Tyranitar\n|move|p2a: Weezing|Strange Steam|p1a: Tyranitar\n|-supereffective|p1a: Tyranitar\n|-damage|p1a: Tyranitar|22\/100\n|-start|p1a: Tyranitar|confusion\n|\n|-weather|Sandstorm|[upkeep]\n|-heal|p2a: Weezing|100\/100|[from] item: Leftovers\n|upkeep\n|turn|24\n|\n|t:|1701158048\n|-activate|p1a: Tyranitar|confusion\n|-damage|p1a: Tyranitar|13\/100|[from] confusion\n|move|p2a: Weezing|Strange Steam|p1a: Tyranitar\n|-supereffective|p1a: Tyranitar\n|-damage|p1a: Tyranitar|0 fnt\n|faint|p1a: Tyranitar\n|\n|-weather|Sandstorm|[upkeep]\n|-end|p2a: Weezing|move: Taunt\n|upkeep\n|\n|t:|1701158054\n|switch|p1a: Mandibuzz|Mandibuzz, F|66\/100\n|turn|25\n|\n|t:|1701158058\n|move|p1a: Mandibuzz|Dark Pulse|p2a: Weezing\n|-damage|p2a: Weezing|75\/100\n|move|p2a: Weezing|Strange Steam|p1a: Mandibuzz\n|-supereffective|p1a: Mandibuzz\n|-damage|p1a: Mandibuzz|19\/100\n|\n|-weather|Sandstorm|[upkeep]\n|-heal|p2a: Weezing|81\/100|[from] item: Leftovers\n|upkeep\n|turn|26\n|\n|t:|1701158064\n|move|p1a: Mandibuzz|Roost|p1a: Mandibuzz\n|-heal|p1a: Mandibuzz|69\/100\n|-singleturn|p1a: Mandibuzz|move: Roost\n|move|p2a: Weezing|Strange Steam|p1a: Mandibuzz\n|-supereffective|p1a: Mandibuzz\n|-damage|p1a: Mandibuzz|23\/100\n|-start|p1a: Mandibuzz|confusion\n|\n|-weather|Sandstorm|[upkeep]\n|-heal|p2a: Weezing|87\/100|[from] item: Leftovers\n|upkeep\n|turn|27\n|\n|t:|1701158070\n|-activate|p1a: Mandibuzz|confusion\n|move|p1a: Mandibuzz|Roost|p1a: Mandibuzz\n|-heal|p1a: Mandibuzz|74\/100\n|-singleturn|p1a: Mandibuzz|move: Roost\n|move|p2a: Weezing|Strange Steam|p1a: Mandibuzz\n|-supereffective|p1a: Mandibuzz\n|-damage|p1a: Mandibuzz|31\/100\n|\n|-weather|Sandstorm|[upkeep]\n|-heal|p2a: Weezing|93\/100|[from] item: Leftovers\n|upkeep\n|turn|28\n|\n|t:|1701158074\n|-activate|p1a: Mandibuzz|confusion\n|move|p1a: Mandibuzz|Roost|p1a: Mandibuzz\n|-heal|p1a: Mandibuzz|81\/100\n|-singleturn|p1a: Mandibuzz|move: Roost\n|move|p2a: Weezing|Strange Steam|p1a: Mandibuzz\n|-supereffective|p1a: Mandibuzz\n|-damage|p1a: Mandibuzz|36\/100\n|\n|-weather|Sandstorm|[upkeep]\n|-heal|p2a: Weezing|99\/100|[from] item: Leftovers\n|upkeep\n|turn|29\n|\n|t:|1701158078\n|-activate|p1a: Mandibuzz|confusion\n|move|p1a: Mandibuzz|Roost|p1a: Mandibuzz\n|-heal|p1a: Mandibuzz|86\/100\n|-singleturn|p1a: Mandibuzz|move: Roost\n|move|p2a: Weezing|Strange Steam|p1a: Mandibuzz\n|-supereffective|p1a: Mandibuzz\n|-damage|p1a: Mandibuzz|39\/100\n|\n|-weather|Sandstorm|[upkeep]\n|-heal|p2a: Weezing|100\/100|[from] item: Leftovers\n|upkeep\n|turn|30\n|\n|t:|1701158082\n|-activate|p1a: Mandibuzz|confusion\n|move|p1a: Mandibuzz|Roost|p1a: Mandibuzz\n|-heal|p1a: Mandibuzz|89\/100\n|-singleturn|p1a: Mandibuzz|move: Roost\n|move|p2a: Weezing|Strange Steam|p1a: Mandibuzz\n|-supereffective|p1a: Mandibuzz\n|-damage|p1a: Mandibuzz|47\/100\n|\n|-weather|none\n|upkeep\n|turn|31\n|\n|t:|1701158087\n|-end|p1a: Mandibuzz|confusion\n|move|p1a: Mandibuzz|Roost|p1a: Mandibuzz\n|-heal|p1a: Mandibuzz|97\/100\n|-singleturn|p1a: Mandibuzz|move: Roost\n|move|p2a: Weezing|Strange Steam|p1a: Mandibuzz\n|-supereffective|p1a: Mandibuzz\n|-damage|p1a: Mandibuzz|55\/100\n|-start|p1a: Mandibuzz|confusion\n|\n|upkeep\n|turn|32\n|\n|t:|1701158105\n|switch|p2a: Medicham|Medicham, M|76\/100 tox\n|-activate|p1a: Mandibuzz|confusion\n|move|p1a: Mandibuzz|Dark Pulse|p2a: Medicham\n|-damage|p2a: Medicham|45\/100 tox\n|\n|-damage|p2a: Medicham|38\/100 tox|[from] psn\n|upkeep\n|turn|33\n|\n|t:|1701158114\n|move|p2a: Medicham|Close Combat|p1a: Mandibuzz\n|-damage|p1a: Mandibuzz|14\/100\n|-unboost|p2a: Medicham|def|1\n|-unboost|p2a: Medicham|spd|1\n|-end|p1a: Mandibuzz|confusion\n|move|p1a: Mandibuzz|Dark Pulse|p2a: Medicham\n|-damage|p2a: Medicham|0 fnt\n|faint|p2a: Medicham\n|\n|upkeep\n|\n|t:|1701158134\n|switch|p2a: Ribombee|Ribombee, M|81\/100\n|turn|34\n|\n|t:|1701158160\n|switch|p1a: Magearna|Magearna|100\/100\n|move|p2a: Ribombee|U-turn|p1a: Magearna\n|-resisted|p1a: Magearna\n|-damage|p1a: Magearna|96\/100\n|\n|t:|1701158163\n|switch|p2a: Weezing|Weezing-Galar, F, tera:Steel|100\/100|[from] U-turn\n|\n|-heal|p1a: Magearna|100\/100|[from] item: Leftovers\n|upkeep\n|turn|35\n|\n|t:|1701158170\n|switch|p1a: Mandibuzz|Mandibuzz, F|14\/100\n|move|p2a: Weezing|Haze|p2a: Weezing\n|-clearallboost\n|\n|upkeep\n|turn|36\n|inactive|rei_darkness has 270 seconds left.\n|\n|t:|1701158201\n|switch|p1a: Slowking|Slowking-Galar, F|100\/100\n|move|p2a: Weezing|Strange Steam|p1a: Slowking\n|-resisted|p1a: Slowking\n|-damage|p1a: Slowking|92\/100\n|\n|upkeep\n|turn|37\n|\n|t:|1701158209\n|switch|p2a: Iron Jugulis|Iron Jugulis|100\/100\n|-enditem|p2a: Iron Jugulis|Booster Energy\n|-activate|p2a: Iron Jugulis|ability: Quark Drive|[fromitem]\n|-start|p2a: Iron Jugulis|quarkdrivespe\n|move|p1a: Slowking|Foul Play|p2a: Iron Jugulis\n|-resisted|p2a: Iron Jugulis\n|-damage|p2a: Iron Jugulis|87\/100\n|\n|upkeep\n|turn|38\n|inactive|Pickedman has 270 seconds left.\n|\n|t:|1701158253\n|move|p2a: Iron Jugulis|Work Up|p2a: Iron Jugulis\n|-boost|p2a: Iron Jugulis|atk|1\n|-boost|p2a: Iron Jugulis|spa|1\n|move|p1a: Slowking|Yawn|p2a: Iron Jugulis\n|-start|p2a: Iron Jugulis|move: Yawn|[of] p1a: Slowking\n|\n|upkeep\n|turn|39\n|\n|t:|1701158260\n|switch|p1a: Gothitelle|Gothitelle, F|68\/100\n|move|p2a: Iron Jugulis|Knock Off|p1a: Gothitelle\n|-supereffective|p1a: Gothitelle\n|-damage|p1a: Gothitelle|0 fnt\n|-enditem|p1a: Gothitelle|Lum Berry|[from] move: Knock Off|[of] p2a: Iron Jugulis\n|faint|p1a: Gothitelle\n|\n|-end|p2a: Iron Jugulis|move: Yawn|[silent]\n|-status|p2a: Iron Jugulis|slp\n|upkeep\n|\n|t:|1701158266\n|switch|p1a: Magearna|Magearna|100\/100\n|turn|40\n|\n|t:|1701158270\n|-end|p2a: Iron Jugulis|Quark Drive|[silent]\n|switch|p2a: Weezing|Weezing-Galar, F, tera:Steel|100\/100\n|move|p1a: Magearna|Shift Gear|p1a: Magearna\n|-boost|p1a: Magearna|spe|2\n|-boost|p1a: Magearna|atk|1\n|\n|upkeep\n|turn|41\n|\n|t:|1701158283\n|move|p1a: Magearna|Iron Head|p2a: Weezing\n|-resisted|p2a: Weezing\n|-damage|p2a: Weezing|83\/100\n|cant|p2a: Weezing|flinch\n|\n|-heal|p2a: Weezing|89\/100|[from] item: Leftovers\n|upkeep\n|turn|42\n|\n|t:|1701158288\n|move|p1a: Magearna|Iron Head|p2a: Weezing\n|-resisted|p2a: Weezing\n|-damage|p2a: Weezing|71\/100\n|move|p2a: Weezing|Haze|p2a: Weezing\n|-clearallboost\n|\n|-heal|p2a: Weezing|77\/100|[from] item: Leftovers\n|upkeep\n|turn|43\n|\n|t:|1701158293\n|switch|p1a: Mandibuzz|Mandibuzz, F|14\/100\n|move|p2a: Weezing|Pain Split|p1a: Mandibuzz\n|-sethp|p1a: Mandibuzz|37\/100|[from] move: Pain Split|[silent]\n|-sethp|p2a: Weezing|47\/100|[from] move: Pain Split\n|\n|-heal|p2a: Weezing|53\/100|[from] item: Leftovers\n|upkeep\n|turn|44\n|\n|t:|1701158303\n|move|p1a: Mandibuzz|Roost|p1a: Mandibuzz\n|-heal|p1a: Mandibuzz|87\/100\n|-singleturn|p1a: Mandibuzz|move: Roost\n|move|p2a: Weezing|Strange Steam|p1a: Mandibuzz\n|-supereffective|p1a: Mandibuzz\n|-damage|p1a: Mandibuzz|43\/100\n|\n|-heal|p2a: Weezing|59\/100|[from] item: Leftovers\n|upkeep\n|turn|45\n|\n|t:|1701158309\n|switch|p1a: Slowking|Slowking-Galar, F|100\/100\n|move|p2a: Weezing|Strange Steam|p1a: Slowking\n|-resisted|p1a: Slowking\n|-damage|p1a: Slowking|92\/100\n|\n|-heal|p2a: Weezing|65\/100|[from] item: Leftovers\n|upkeep\n|turn|46\n|\n|t:|1701158319\n|switch|p2a: Iron Jugulis|Iron Jugulis|87\/100 slp\n|move|p1a: Slowking|Foul Play|p2a: Iron Jugulis\n|-resisted|p2a: Iron Jugulis\n|-damage|p2a: Iron Jugulis|74\/100 slp\n|\n|upkeep\n|turn|47\n|\n|t:|1701158323\n|switch|p1a: Magearna|Magearna|100\/100\n|cant|p2a: Iron Jugulis|slp\n|\n|upkeep\n|turn|48\n|\n|t:|1701158327\n|-end|p2a: Iron Jugulis|Quark Drive|[silent]\n|switch|p2a: Weezing|Weezing-Galar, F, tera:Steel|65\/100\n|move|p1a: Magearna|Shift Gear|p1a: Magearna\n|-boost|p1a: Magearna|spe|2\n|-boost|p1a: Magearna|atk|1\n|\n|-heal|p2a: Weezing|71\/100|[from] item: Leftovers\n|upkeep\n|turn|49\n|\n|t:|1701158332\n|move|p1a: Magearna|Iron Head|p2a: Weezing\n|-resisted|p2a: Weezing\n|-damage|p2a: Weezing|54\/100\n|move|p2a: Weezing|Haze|p2a: Weezing\n|-clearallboost\n|\n|-heal|p2a: Weezing|60\/100|[from] item: Leftovers\n|upkeep\n|turn|50\n|\n|t:|1701158339\n|move|p1a: Magearna|Iron Head|p2a: Weezing\n|-resisted|p2a: Weezing\n|-damage|p2a: Weezing|47\/100\n|cant|p2a: Weezing|flinch\n|\n|-heal|p2a: Weezing|53\/100|[from] item: Leftovers\n|upkeep\n|turn|51\n|\n|t:|1701158343\n|switch|p1a: Mandibuzz|Mandibuzz, F|43\/100\n|move|p2a: Weezing|Pain Split|p1a: Mandibuzz\n|-sethp|p1a: Mandibuzz|43\/100|[from] move: Pain Split|[silent]\n|-sethp|p2a: Weezing|54\/100|[from] move: Pain Split\n|\n|-heal|p2a: Weezing|60\/100|[from] item: Leftovers\n|upkeep\n|turn|52\n|\n|t:|1701158351\n|switch|p1a: Slowking|Slowking-Galar, F|100\/100\n|move|p2a: Weezing|Strange Steam|p1a: Slowking\n|-resisted|p1a: Slowking\n|-damage|p1a: Slowking|93\/100\n|\n|-heal|p2a: Weezing|66\/100|[from] item: Leftovers\n|upkeep\n|turn|53\n|\n|t:|1701158360\n|switch|p2a: Iron Jugulis|Iron Jugulis|74\/100 slp\n|switch|p1a: Magearna|Magearna|100\/100\n|\n|upkeep\n|turn|54\n|\n|t:|1701158366\n|-end|p2a: Iron Jugulis|Quark Drive|[silent]\n|switch|p2a: Weezing|Weezing-Galar, F, tera:Steel|66\/100\n|move|p1a: Magearna|Shift Gear|p1a: Magearna\n|-boost|p1a: Magearna|spe|2\n|-boost|p1a: Magearna|atk|1\n|\n|-heal|p2a: Weezing|72\/100|[from] item: Leftovers\n|upkeep\n|turn|55\n|\n|t:|1701158370\n|move|p1a: Magearna|Iron Head|p2a: Weezing\n|-resisted|p2a: Weezing\n|-damage|p2a: Weezing|53\/100\n|move|p2a: Weezing|Haze|p2a: Weezing\n|-clearallboost\n|\n|-heal|p2a: Weezing|59\/100|[from] item: Leftovers\n|upkeep\n|turn|56\n|\n|t:|1701158380\n|switch|p1a: Mandibuzz|Mandibuzz, F|43\/100\n|switch|p2a: Iron Jugulis|Iron Jugulis|74\/100 slp\n|\n|upkeep\n|turn|57\n|\n|t:|1701158387\n|cant|p2a: Iron Jugulis|slp\n|move|p1a: Mandibuzz|Roost|p1a: Mandibuzz\n|-heal|p1a: Mandibuzz|93\/100\n|-singleturn|p1a: Mandibuzz|move: Roost\n|\n|upkeep\n|turn|58\n|\n|t:|1701158391\n|switch|p1a: Magearna|Magearna|100\/100\n|cant|p2a: Iron Jugulis|slp\n|\n|upkeep\n|turn|59\n|\n|t:|1701158396\n|-curestatus|p2a: Iron Jugulis|slp|[msg]\n|move|p2a: Iron Jugulis|Knock Off|p1a: Magearna\n|-resisted|p1a: Magearna\n|-damage|p1a: Magearna|82\/100\n|-enditem|p1a: Magearna|Leftovers|[from] move: Knock Off|[of] p2a: Iron Jugulis\n|move|p1a: Magearna|Shift Gear|p1a: Magearna\n|-boost|p1a: Magearna|spe|2\n|-boost|p1a: Magearna|atk|1\n|\n|upkeep\n|turn|60\n|\n|t:|1701158405\n|-end|p2a: Iron Jugulis|Quark Drive|[silent]\n|switch|p2a: Weezing|Weezing-Galar, F, tera:Steel|59\/100\n|move|p1a: Magearna|Iron Head|p2a: Weezing\n|-resisted|p2a: Weezing\n|-damage|p2a: Weezing|42\/100\n|\n|-heal|p2a: Weezing|48\/100|[from] item: Leftovers\n|upkeep\n|turn|61\n|\n|t:|1701158416\n|-terastallize|p1a: Magearna|Electric\n|move|p1a: Magearna|Tera Blast|p2a: Weezing|[anim] Tera Blast Electric\n|-damage|p2a: Weezing|10\/100\n|move|p2a: Weezing|Pain Split|p1a: Magearna\n|-sethp|p1a: Magearna|46\/100|[from] move: Pain Split|[silent]\n|-sethp|p2a: Weezing|49\/100|[from] move: Pain Split\n|\n|-heal|p2a: Weezing|55\/100|[from] item: Leftovers\n|upkeep\n|turn|62\n|\n|t:|1701158427\n|move|p1a: Magearna|Tera Blast|p2a: Weezing|[anim] Tera Blast Electric\n|-damage|p2a: Weezing|21\/100\n|move|p2a: Weezing|Haze|p2a: Weezing\n|-clearallboost\n|\n|-heal|p2a: Weezing|27\/100|[from] item: Leftovers\n|upkeep\n|turn|63\n|\n|t:|1701158436\n|switch|p2a: Ribombee|Ribombee, M|81\/100\n|move|p1a: Magearna|Tera Blast|p2a: Ribombee|[anim] Tera Blast Electric\n|-damage|p2a: Ribombee|5\/100\n|\n|upkeep\n|turn|64\n|\n|t:|1701158440\n|move|p2a: Ribombee|U-turn|p1a: Magearna\n|-damage|p1a: Magearna|27\/100\n|\n|t:|1701158444\n|switch|p2a: Slowking|Slowking-Galar, M|100\/100|[from] U-turn\n|move|p1a: Magearna|Shift Gear|p1a: Magearna\n|-boost|p1a: Magearna|spe|2\n|-boost|p1a: Magearna|atk|1\n|\n|upkeep\n|turn|65\n|\n|t:|1701158451\n|move|p1a: Magearna|Iron Head|p2a: Slowking\n|-damage|p2a: Slowking|42\/100\n|move|p2a: Slowking|Foul Play|p1a: Magearna\n|-damage|p1a: Magearna|0 fnt\n|faint|p1a: Magearna\n|\n|upkeep\n|\n|t:|1701158458\n|switch|p1a: Mandibuzz|Mandibuzz, F|93\/100\n|turn|66\n|\n|t:|1701158463\n|move|p1a: Mandibuzz|Dark Pulse|p2a: Slowking\n|-supereffective|p2a: Slowking\n|-damage|p2a: Slowking|22\/100\n|move|p2a: Slowking|Slack Off|p2a: Slowking\n|-heal|p2a: Slowking|72\/100\n|\n|upkeep\n|turn|67\n|\n|t:|1701158479\n|switch|p2a: Ribombee|Ribombee, M|5\/100\n|move|p1a: Mandibuzz|Dark Pulse|p2a: Ribombee\n|-resisted|p2a: Ribombee\n|-damage|p2a: Ribombee|0 fnt\n|faint|p2a: Ribombee\n|\n|upkeep\n|\n|t:|1701158480\n|switch|p2a: Weezing|Weezing-Galar, F, tera:Steel|27\/100\n|turn|68\n|\n|t:|1701158483\n|move|p1a: Mandibuzz|Dark Pulse|p2a: Weezing\n|-damage|p2a: Weezing|3\/100\n|cant|p2a: Weezing|flinch\n|\n|-heal|p2a: Weezing|9\/100|[from] item: Leftovers\n|upkeep\n|turn|69\n|\n|t:|1701158487\n|move|p1a: Mandibuzz|Dark Pulse|p2a: Weezing\n|-damage|p2a: Weezing|0 fnt\n|faint|p2a: Weezing\n|\n|upkeep\n|\n|t:|1701158491\n|switch|p2a: Iron Jugulis|Iron Jugulis|74\/100\n|turn|70\n|\n|t:|1701158495\n|move|p2a: Iron Jugulis|Work Up|p2a: Iron Jugulis\n|-boost|p2a: Iron Jugulis|atk|1\n|-boost|p2a: Iron Jugulis|spa|1\n|move|p1a: Mandibuzz|Toxic|p2a: Iron Jugulis\n|-status|p2a: Iron Jugulis|tox\n|\n|-damage|p2a: Iron Jugulis|68\/100 tox|[from] psn\n|upkeep\n|turn|71\n|\n|t:|1701158500\n|move|p2a: Iron Jugulis|Acrobatics|p1a: Mandibuzz\n|-damage|p1a: Mandibuzz|54\/100\n|move|p1a: Mandibuzz|Dark Pulse|p2a: Iron Jugulis\n|-resisted|p2a: Iron Jugulis\n|-damage|p2a: Iron Jugulis|59\/100 tox\n|\n|-damage|p2a: Iron Jugulis|47\/100 tox|[from] psn\n|upkeep\n|turn|72\n|\n|t:|1701158507\n|switch|p1a: Slowking|Slowking-Galar, F|100\/100\n|move|p2a: Iron Jugulis|Acrobatics|p1a: Slowking\n|-damage|p1a: Slowking|27\/100\n|\n|-damage|p2a: Iron Jugulis|28\/100 tox|[from] psn\n|upkeep\n|turn|73\n|\n|t:|1701158518\n|move|p2a: Iron Jugulis|Acrobatics|p1a: Slowking\n|-damage|p1a: Slowking|0 fnt\n|faint|p1a: Slowking\n|\n|-damage|p2a: Iron Jugulis|4\/100 tox|[from] psn\n|upkeep\n|\n|t:|1701158521\n|switch|p1a: Mandibuzz|Mandibuzz, F|54\/100\n|turn|74\n|\n|t:|1701158525\n|move|p2a: Iron Jugulis|Acrobatics|p1a: Mandibuzz\n|-damage|p1a: Mandibuzz|15\/100\n|move|p1a: Mandibuzz|Dark Pulse|p2a: Iron Jugulis\n|-resisted|p2a: Iron Jugulis\n|-damage|p2a: Iron Jugulis|0 fnt\n|faint|p2a: Iron Jugulis\n|-end|p2a: Iron Jugulis|Quark Drive|[silent]\n|\n|upkeep\n|\n|t:|1701158528\n|switch|p2a: Slowking|Slowking-Galar, M|100\/100\n|turn|75\n|c|\u2606rei_darkness|Holy hell\n|\n|t:|1701158537\n|move|p1a: Mandibuzz|Dark Pulse|p2a: Slowking\n|-supereffective|p2a: Slowking\n|-damage|p2a: Slowking|79\/100\n|cant|p2a: Slowking|flinch\n|\n|upkeep\n|turn|76\n|c|\u2606rei_darkness|This mu is my personal 9\/11\n|inactive|Pickedman has 270 seconds left.\n|\n|t:|1701158576\n|move|p1a: Mandibuzz|Dark Pulse|p2a: Slowking\n|-supereffective|p2a: Slowking\n|-damage|p2a: Slowking|57\/100\n|cant|p2a: Slowking|flinch\n|\n|upkeep\n|turn|77\n|inactive|Pickedman has 270 seconds left.\n|c|\u2606Pickedman|MANDIBUZZ COME HOME\n|\n|t:|1701158595\n|move|p1a: Mandibuzz|Dark Pulse|p2a: Slowking\n|-supereffective|p2a: Slowking\n|-damage|p2a: Slowking|38\/100\n|move|p2a: Slowking|Slack Off|p2a: Slowking\n|-heal|p2a: Slowking|88\/100\n|\n|upkeep\n|turn|78\n|\n|t:|1701158607\n|move|p1a: Mandibuzz|Dark Pulse|p2a: Slowking\n|-supereffective|p2a: Slowking\n|-damage|p2a: Slowking|68\/100\n|move|p2a: Slowking|Foul Play|p1a: Mandibuzz\n|-resisted|p1a: Mandibuzz\n|-damage|p1a: Mandibuzz|11\/100\n|\n|upkeep\n|turn|79\n|inactive|Pickedman has 270 seconds left.\n|\n|t:|1701158613\n|move|p1a: Mandibuzz|Dark Pulse|p2a: Slowking\n|-supereffective|p2a: Slowking\n|-damage|p2a: Slowking|46\/100\n|move|p2a: Slowking|Slack Off|p2a: Slowking\n|-heal|p2a: Slowking|96\/100\n|\n|upkeep\n|turn|80\n|\n|t:|1701158617\n|move|p1a: Mandibuzz|Dark Pulse|p2a: Slowking\n|-supereffective|p2a: Slowking\n|-damage|p2a: Slowking|74\/100\n|cant|p2a: Slowking|flinch\n|\n|upkeep\n|turn|81\n|\n|t:|1701158623\n|move|p1a: Mandibuzz|Dark Pulse|p2a: Slowking\n|-supereffective|p2a: Slowking\n|-damage|p2a: Slowking|56\/100\n|cant|p2a: Slowking|flinch\n|\n|upkeep\n|turn|82\n|\n|t:|1701158628\n|move|p1a: Mandibuzz|Dark Pulse|p2a: Slowking\n|-supereffective|p2a: Slowking\n|-damage|p2a: Slowking|34\/100\n|move|p2a: Slowking|Slack Off|p2a: Slowking\n|-heal|p2a: Slowking|84\/100\n|\n|upkeep\n|turn|83\n|\n|t:|1701158633\n|move|p1a: Mandibuzz|Dark Pulse|p2a: Slowking\n|-supereffective|p2a: Slowking\n|-damage|p2a: Slowking|62\/100\n|move|p2a: Slowking|Foul Play|p1a: Mandibuzz\n|-resisted|p1a: Mandibuzz\n|-damage|p1a: Mandibuzz|8\/100\n|\n|upkeep\n|turn|84\n|\n|t:|1701158640\n|move|p1a: Mandibuzz|Dark Pulse|p2a: Slowking\n|-supereffective|p2a: Slowking\n|-damage|p2a: Slowking|42\/100\n|move|p2a: Slowking|Slack Off|p2a: Slowking\n|-heal|p2a: Slowking|92\/100\n|\n|upkeep\n|turn|85\n|\n|t:|1701158649\n|move|p1a: Mandibuzz|Dark Pulse|p2a: Slowking\n|-supereffective|p2a: Slowking\n|-damage|p2a: Slowking|70\/100\n|move|p2a: Slowking|Foul Play|p1a: Mandibuzz\n|-resisted|p1a: Mandibuzz\n|-damage|p1a: Mandibuzz|5\/100\n|\n|upkeep\n|turn|86\n|\n|t:|1701158655\n|move|p1a: Mandibuzz|Dark Pulse|p2a: Slowking\n|-supereffective|p2a: Slowking\n|-damage|p2a: Slowking|49\/100\n|move|p2a: Slowking|Slack Off|p2a: Slowking\n|-heal|p2a: Slowking|99\/100\n|\n|upkeep\n|turn|87\n|\n|t:|1701158660\n|move|p1a: Mandibuzz|Dark Pulse|p2a: Slowking\n|-supereffective|p2a: Slowking\n|-damage|p2a: Slowking|80\/100\n|move|p2a: Slowking|Foul Play|p1a: Mandibuzz\n|-resisted|p1a: Mandibuzz\n|-damage|p1a: Mandibuzz|2\/100\n|\n|upkeep\n|turn|88\n|\n|t:|1701158665\n|move|p1a: Mandibuzz|Dark Pulse|p2a: Slowking\n|-supereffective|p2a: Slowking\n|-damage|p2a: Slowking|60\/100\n|move|p2a: Slowking|Slack Off|p2a: Slowking\n|-heal|p2a: Slowking|100\/100\n|\n|upkeep\n|turn|89\n|c|\u2606Pickedman|ggwp\n|\n|t:|1701158677\n|move|p1a: Mandibuzz|Dark Pulse|p2a: Slowking\n|-supereffective|p2a: Slowking\n|-damage|p2a: Slowking|81\/100\n|move|p2a: Slowking|Slack Off|p2a: Slowking\n|-heal|p2a: Slowking|100\/100\n|\n|upkeep\n|turn|90\n|\n|t:|1701158685\n|move|p1a: Mandibuzz|Toxic|p2a: Slowking\n|-immune|p2a: Slowking\n|move|p2a: Slowking|Taunt|p1a: Mandibuzz\n|-start|p1a: Mandibuzz|move: Taunt\n|\n|upkeep\n|turn|91\n|c|\u2606rei_darkness|Do it\n|\n|t:|1701158705\n|-activate|p1a: Mandibuzz|move: Struggle\n|move|p1a: Mandibuzz|Struggle|p2a: Slowking\n|-damage|p2a: Slowking|94\/100\n|-damage|p1a: Mandibuzz|0 fnt|[from] recoil\n|faint|p1a: Mandibuzz\n|\n|win|rei_darkness\n","uploadtime":1701158709,"views":21,"p1id":"pickedman","p2id":"reidarkness","formatid":"gen9ubers","rating":0,"private":0,"password":""}