{"id":"gen9ubers-1995046793","p1":"ositogg99","p2":"BeastlyReaper","format":"[Gen 9] Ubers","log":"|j|\u2606ositogg99\n|j|\u2606BeastlyReaper\n|t:|1700516820\n|gametype|singles\n|player|p1|ositogg99|unknown|1105\n|player|p2|BeastlyReaper|266|1000\n|teamsize|p1|6\n|teamsize|p2|6\n|gen|9\n|tier|[Gen 9] Ubers\n|rated|\n|rule|Sleep Clause Mod: Limit one foe put to sleep\n|rule|Species Clause: Limit one of each Pok\u00e9mon\n|rule|OHKO Clause: OHKO moves are banned\n|rule|Evasion Items Clause: Evasion items are banned\n|rule|Evasion Moves Clause: Evasion moves are banned\n|rule|Endless Battle Clause: Forcing endless battles is banned\n|rule|HP Percentage Mod: HP is shown in percentages\n|clearpoke\n|poke|p1|Ogerpon-Wellspring, F|\n|poke|p1|Chien-Pao|\n|poke|p1|Flutter Mane|\n|poke|p1|Volcarona, F|\n|poke|p1|Bisharp, M|\n|poke|p1|Clodsire, F|\n|poke|p2|Dialga-Origin|\n|poke|p2|Toxapex, F|\n|poke|p2|Ting-Lu|\n|poke|p2|Frosmoth, M|\n|poke|p2|Flutter Mane|\n|poke|p2|Arcanine-Hisui, F|\n|teampreview\n|\n|t:|1700516844\n|start\n|switch|p1a: Mazinger|Bisharp, M, shiny|100\/100\n|switch|p2a: Flutter Mane|Flutter Mane|100\/100\n|turn|1\n|\n|t:|1700516860\n|move|p2a: Flutter Mane|Sunny Day|p2a: Flutter Mane\n|-weather|SunnyDay\n|-activate|p2a: Flutter Mane|ability: Protosynthesis\n|-start|p2a: Flutter Mane|protosynthesisspa\n|move|p1a: Mazinger|Iron Head|p2a: Flutter Mane\n|-supereffective|p2a: Flutter Mane\n|-damage|p2a: Flutter Mane|0 fnt\n|faint|p2a: Flutter Mane\n|-end|p2a: Flutter Mane|Protosynthesis|[silent]\n|\n|-weather|SunnyDay|[upkeep]\n|upkeep\n|\n|t:|1700516868\n|switch|p2a: Arcanine|Arcanine-Hisui, F, shiny|100\/100\n|turn|2\n|\n|t:|1700516875\n|switch|p1a: BlUwU GOD|Clodsire, F, shiny|100\/100\n|move|p2a: Arcanine|Flame Charge|p1a: BlUwU GOD\n|-damage|p1a: BlUwU GOD|57\/100\n|-boost|p2a: Arcanine|spe|1\n|\n|-weather|SunnyDay|[upkeep]\n|-heal|p1a: BlUwU GOD|63\/100|[from] item: Leftovers\n|upkeep\n|turn|3\n|\n|t:|1700516900\n|move|p2a: Arcanine|Double-Edge|p1a: BlUwU GOD\n|-damage|p1a: BlUwU GOD|23\/100\n|move|p1a: BlUwU GOD|Earthquake|p2a: Arcanine\n|-supereffective|p2a: Arcanine\n|-damage|p2a: Arcanine|1\/100\n|\n|-weather|SunnyDay|[upkeep]\n|-heal|p1a: BlUwU GOD|29\/100|[from] item: Leftovers\n|upkeep\n|turn|4\n|\n|t:|1700516910\n|move|p2a: Arcanine|Flame Charge|p1a: BlUwU GOD\n|-damage|p1a: BlUwU GOD|0 fnt\n|-boost|p2a: Arcanine|spe|1\n|faint|p1a: BlUwU GOD\n|\n|-weather|SunnyDay|[upkeep]\n|upkeep\n|\n|t:|1700516916\n|switch|p1a: Mazinger|Bisharp, M, shiny|100\/100\n|turn|5\n|\n|t:|1700516921\n|move|p1a: Mazinger|Sucker Punch|p2a: Arcanine\n|-damage|p2a: Arcanine|0 fnt\n|faint|p2a: Arcanine\n|\n|-weather|none\n|upkeep\n|\n|t:|1700516934\n|switch|p2a: Ting-Lu|Ting-Lu|100\/100\n|-ability|p2a: Ting-Lu|Vessel of Ruin\n|turn|6\n|\n|t:|1700516948\n|move|p1a: Mazinger|Swords Dance|p1a: Mazinger\n|-boost|p1a: Mazinger|atk|2\n|move|p2a: Ting-Lu|Payback|p1a: Mazinger\n|-resisted|p1a: Mazinger\n|-damage|p1a: Mazinger|84\/100\n|\n|upkeep\n|turn|7\n|\n|t:|1700516958\n|move|p1a: Mazinger|Swords Dance|p1a: Mazinger\n|-boost|p1a: Mazinger|atk|2\n|move|p2a: Ting-Lu|Earthquake|p1a: Mazinger\n|-supereffective|p1a: Mazinger\n|-damage|p1a: Mazinger|0 fnt\n|faint|p1a: Mazinger\n|\n|upkeep\n|\n|t:|1700516966\n|switch|p1a: Shiryu|Ogerpon-Wellspring, F|100\/100\n|turn|8\n|\n|t:|1700516974\n|-terastallize|p1a: Shiryu|Water\n|detailschange|p1a: Shiryu|Ogerpon-Wellspring-Tera, F, tera:Water\n|-ability|p1a: Shiryu|Embody Aspect (Wellspring)|boost\n|-boost|p1a: Shiryu|spd|1\n|move|p1a: Shiryu|Swords Dance|p1a: Shiryu\n|-boost|p1a: Shiryu|atk|2\n|move|p2a: Ting-Lu|Payback|p1a: Shiryu\n|-damage|p1a: Shiryu|34\/100\n|\n|upkeep\n|turn|9\n|\n|t:|1700516984\n|move|p1a: Shiryu|Horn Leech|p2a: Ting-Lu\n|-supereffective|p2a: Ting-Lu\n|-damage|p2a: Ting-Lu|0 fnt\n|-heal|p1a: Shiryu|100\/100|[from] drain|[of] p2a: Ting-Lu\n|faint|p2a: Ting-Lu\n|\n|upkeep\n|\n|t:|1700516992\n|switch|p2a: Frosmoth|Frosmoth, M|100\/100\n|turn|10\n|\n|t:|1700516999\n|move|p1a: Shiryu|Ivy Cudgel|p2a: Frosmoth|[anim] Ivy Cudgel Water\n|-damage|p2a: Frosmoth|0 fnt\n|faint|p2a: Frosmoth\n|\n|upkeep\n|\n|t:|1700517008\n|switch|p2a: Toxapex|Toxapex, F, shiny|100\/100\n|turn|11\n|\n|t:|1700517033\n|move|p1a: Shiryu|Horn Leech|p2a: Toxapex\n|-damage|p2a: Toxapex|27\/100\n|move|p2a: Toxapex|Gunk Shot|p1a: Shiryu\n|-damage|p1a: Shiryu|52\/100\n|\n|upkeep\n|turn|12\n|\n|t:|1700517044\n|move|p2a: Toxapex|Baneful Bunker|p2a: Toxapex\n|-singleturn|p2a: Toxapex|move: Protect\n|move|p1a: Shiryu|Horn Leech|p2a: Toxapex\n|-activate|p2a: Toxapex|move: Protect\n|-status|p1a: Shiryu|psn\n|\n|-damage|p1a: Shiryu|40\/100 psn|[from] psn\n|upkeep\n|turn|13\n|\n|t:|1700517059\n|move|p1a: Shiryu|Horn Leech|p2a: Toxapex\n|-damage|p2a: Toxapex|0 fnt\n|-heal|p1a: Shiryu|51\/100 psn|[from] drain|[of] p2a: Toxapex\n|faint|p2a: Toxapex\n|\n|-damage|p1a: Shiryu|38\/100 psn|[from] psn\n|upkeep\n|\n|t:|1700517067\n|switch|p2a: Dialga|Dialga-Origin|100\/100\n|-ability|p2a: Dialga|Pressure\n|turn|14\n|\n|t:|1700517085\n|move|p1a: Shiryu|Ivy Cudgel|p2a: Dialga|[anim] Ivy Cudgel Water\n|-resisted|p2a: Dialga\n|-damage|p2a: Dialga|50\/100\n|move|p2a: Dialga|Bulk Up|p2a: Dialga\n|-boost|p2a: Dialga|atk|1\n|-boost|p2a: Dialga|def|1\n|\n|-damage|p1a: Shiryu|26\/100 psn|[from] psn\n|upkeep\n|turn|15\n|\n|t:|1700517093\n|move|p1a: Shiryu|Ivy Cudgel|p2a: Dialga|[anim] Ivy Cudgel Water\n|-resisted|p2a: Dialga\n|-crit|p2a: Dialga\n|-damage|p2a: Dialga|0 fnt\n|faint|p2a: Dialga\n|\n|win|ositogg99\n|raw|ositogg99's rating: 1105 &rarr; <strong>1123<\/strong><br \/>(+18 for winning)\n|raw|BeastlyReaper's rating: 1000 &rarr; <strong>1000<\/strong><br \/>(+0 for losing)\n|l|\u2606BeastlyReaper\n","uploadtime":1700517101,"views":6,"p1id":"ositogg99","p2id":"beastlyreaper","formatid":"gen9ubers","rating":1000,"private":0,"password":""}