{"id":"gen9ubers-1988521799","p1":"Danzyw","p2":"LITLE0","format":"[Gen 9] Ubers","log":"|j|\u2606Danzyw\n|j|\u2606LITLE0\n|t:|1699731899\n|gametype|singles\n|player|p1|Danzyw|boarder|1081\n|player|p2|LITLE0|brock|1000\n|teamsize|p1|6\n|teamsize|p2|3\n|gen|9\n|tier|[Gen 9] Ubers\n|rated|\n|rule|Sleep Clause Mod: Limit one foe put to sleep\n|rule|Species Clause: Limit one of each Pok\u00e9mon\n|rule|OHKO Clause: OHKO moves are banned\n|rule|Evasion Items Clause: Evasion items are banned\n|rule|Evasion Moves Clause: Evasion moves are banned\n|rule|Endless Battle Clause: Forcing endless battles is banned\n|rule|HP Percentage Mod: HP is shown in percentages\n|clearpoke\n|poke|p1|Rillaboom, M|\n|poke|p1|Hawlucha, M|\n|poke|p1|Clefable, M|\n|poke|p1|Espathra, F|\n|poke|p1|Leavanny, F|\n|poke|p1|Ogerpon-Hearthflame, F|\n|poke|p2|Ceruledge, M|\n|poke|p2|Cyclizar, M|\n|poke|p2|Dondozo, M|\n|teampreview\n|\n|t:|1699731915\n|start\n|switch|p1a: Leavanny|Leavanny, F, shiny|100\/100\n|switch|p2a: Cyclizar|Cyclizar, M|100\/100\n|turn|1\n|\n|t:|1699731920\n|move|p2a: Cyclizar|Shed Tail|p2a: Cyclizar\n|-start|p2a: Cyclizar|Substitute|[from] move: Shed Tail\n|-damage|p2a: Cyclizar|50\/100\n|\n|t:|1699731923\n|switch|p2a: Ceruledge|Ceruledge, M|100\/100|[from] Shed Tail\n|move|p1a: Leavanny|Knock Off|p2a: Ceruledge\n|-supereffective|p2a: Ceruledge\n|-end|p2a: Ceruledge|Substitute\n|\n|upkeep\n|turn|2\n|\n|t:|1699731934\n|move|p2a: Ceruledge|Endure|p2a: Ceruledge\n|-singleturn|p2a: Ceruledge|move: Endure\n|move|p1a: Leavanny|Knock Off|p2a: Ceruledge\n|-supereffective|p2a: Ceruledge\n|-damage|p2a: Ceruledge|13\/100\n|-ability|p2a: Ceruledge|Weak Armor|boost\n|-unboost|p2a: Ceruledge|def|1\n|-boost|p2a: Ceruledge|spe|2\n|-enditem|p2a: Ceruledge|Weakness Policy\n|-boost|p2a: Ceruledge|atk|2|[from] item: Weakness Policy\n|-boost|p2a: Ceruledge|spa|2|[from] item: Weakness Policy\n|\n|upkeep\n|turn|3\n|\n|t:|1699731944\n|move|p2a: Ceruledge|Bitter Blade|p1a: Leavanny\n|-supereffective|p1a: Leavanny\n|-damage|p1a: Leavanny|0 fnt\n|-heal|p2a: Ceruledge|63\/100|[from] drain|[of] p1a: Leavanny\n|faint|p1a: Leavanny\n|\n|upkeep\n|\n|t:|1699731953\n|switch|p1a: Rillaboom|Rillaboom, M, shiny|100\/100\n|-fieldstart|move: Grassy Terrain|[from] ability: Grassy Surge|[of] p1a: Rillaboom\n|turn|4\n|\n|t:|1699731959\n|move|p1a: Rillaboom|Grassy Glide|p2a: Ceruledge\n|-resisted|p2a: Ceruledge\n|-damage|p2a: Ceruledge|20\/100\n|-ability|p2a: Ceruledge|Weak Armor|boost\n|-unboost|p2a: Ceruledge|def|1\n|-boost|p2a: Ceruledge|spe|2\n|move|p2a: Ceruledge|Bitter Blade|p1a: Rillaboom\n|-supereffective|p1a: Rillaboom\n|-damage|p1a: Rillaboom|0 fnt\n|-heal|p2a: Ceruledge|90\/100|[from] drain|[of] p1a: Rillaboom\n|faint|p1a: Rillaboom\n|\n|-heal|p2a: Ceruledge|96\/100|[from] Grassy Terrain\n|upkeep\n|\n|t:|1699731977\n|switch|p1a: Hawlucha|Hawlucha, M, shiny|100\/100\n|-enditem|p1a: Hawlucha|Grassy Seed\n|-boost|p1a: Hawlucha|def|1|[from] item: Grassy Seed\n|turn|5\n|\n|t:|1699732005\n|move|p2a: Ceruledge|Bitter Blade|p1a: Hawlucha\n|-damage|p1a: Hawlucha|0 fnt\n|-heal|p2a: Ceruledge|100\/100|[from] drain|[of] p1a: Hawlucha\n|faint|p1a: Hawlucha\n|\n|upkeep\n|\n|t:|1699732012\n|switch|p1a: Ogerpon|Ogerpon-Hearthflame, F|100\/100\n|-ability|p1a: Ogerpon|Mold Breaker\n|turn|6\n|\n|t:|1699732027\n|-terastallize|p1a: Ogerpon|Fire\n|detailschange|p1a: Ogerpon|Ogerpon-Hearthflame-Tera, F, tera:Fire\n|-ability|p1a: Ogerpon|Embody Aspect (Hearthflame)|boost\n|-boost|p1a: Ogerpon|atk|1\n|move|p2a: Ceruledge|Poltergeist|p1a: Ogerpon\n|-activate|p1a: Ogerpon|move: Poltergeist|Hearthflame Mask\n|-damage|p1a: Ogerpon|0 fnt\n|faint|p1a: Ogerpon\n|\n|upkeep\n|\n|t:|1699732036\n|switch|p1a: Clefable|Clefable, M, shiny|100\/100\n|turn|7\n|\n|t:|1699732043\n|move|p2a: Ceruledge|Poltergeist|p1a: Clefable\n|-activate|p1a: Clefable|move: Poltergeist|Leftovers\n|-damage|p1a: Clefable|8\/100\n|move|p1a: Clefable|Calm Mind|p1a: Clefable\n|-boost|p1a: Clefable|spa|1\n|-boost|p1a: Clefable|spd|1\n|\n|-heal|p1a: Clefable|14\/100|[from] Grassy Terrain\n|-heal|p1a: Clefable|20\/100|[from] item: Leftovers\n|upkeep\n|turn|8\n|-message|Danzyw forfeited.\n|\n|win|LITLE0\n|raw|Danzyw's rating: 1081 &rarr; <strong>1054<\/strong><br \/>(-27 for losing)\n|raw|LITLE0's rating: 1000 &rarr; <strong>1049<\/strong><br \/>(+49 for winning)\n|l|\u2606Danzyw\n","uploadtime":1699732054,"views":5,"p1id":"danzyw","p2id":"litle0","formatid":"gen9ubers","rating":1049,"private":0,"password":""}