{"id":"gen9ubers-1978902936","p1":"llamakin15","p2":"ErezEthan88","format":"[Gen 9] Ubers","log":"|j|\u2606llamakin15\n|j|\u2606ErezEthan88\n|t:|1698608395\n|gametype|singles\n|player|p1|llamakin15|169|\n|player|p2|ErezEthan88|blackbelt|\n|teamsize|p1|6\n|teamsize|p2|6\n|gen|9\n|tier|[Gen 9] Ubers\n|rule|Sleep Clause Mod: Limit one foe put to sleep\n|rule|Species Clause: Limit one of each Pok\u00e9mon\n|rule|OHKO Clause: OHKO moves are banned\n|rule|Evasion Items Clause: Evasion items are banned\n|rule|Evasion Moves Clause: Evasion moves are banned\n|rule|Endless Battle Clause: Forcing endless battles is banned\n|rule|HP Percentage Mod: HP is shown in percentages\n|clearpoke\n|poke|p1|Lokix, M|\n|poke|p1|Ribombee, F|\n|poke|p1|Ninetales-Alola, F|\n|poke|p1|Glaceon, M|\n|poke|p1|Volcarona, M|\n|poke|p1|Chien-Pao|\n|poke|p2|Miraidon|\n|poke|p2|Sandy Shocks|\n|poke|p2|Zapdos|\n|poke|p2|Ninetales-Alola, M|\n|poke|p2|Chien-Pao|\n|poke|p2|Mamoswine, F|\n|teampreview\n|c|\u2606ErezEthan88|yoooo\n|c|\u2606ErezEthan88|best team\n|c|\u2606llamakin15|Woah both went ice\n|\n|t:|1698608417\n|start\n|switch|p1a: Ribombee|Ribombee, F|100\/100\n|switch|p2a: Sandy Shocks|Sandy Shocks|100\/100\n|-enditem|p2a: Sandy Shocks|Booster Energy\n|-activate|p2a: Sandy Shocks|ability: Protosynthesis|[fromitem]\n|-start|p2a: Sandy Shocks|protosynthesisspe\n|turn|1\n|c|\u2606llamakin15|I'm playing on phone btw xd\n|c|\u2606ErezEthan88|LOL\n|\n|t:|1698608441\n|move|p2a: Sandy Shocks|Stealth Rock|p1a: Ribombee\n|-sidestart|p1: llamakin15|move: Stealth Rock\n|move|p1a: Ribombee|Sticky Web|p2a: Sandy Shocks\n|-sidestart|p2: ErezEthan88|move: Sticky Web\n|\n|upkeep\n|turn|2\n|c|\u2606ErezEthan88|all good ull win\n|\n|t:|1698608459\n|move|p2a: Sandy Shocks|Earth Power|p1a: Ribombee\n|-resisted|p1a: Ribombee\n|-damage|p1a: Ribombee|60\/100\n|move|p1a: Ribombee|Moonblast|p2a: Sandy Shocks\n|-damage|p2a: Sandy Shocks|56\/100\n|-unboost|p2a: Sandy Shocks|spa|1\n|\n|upkeep\n|turn|3\n|\n|t:|1698608470\n|move|p2a: Sandy Shocks|Earth Power|p1a: Ribombee\n|-resisted|p1a: Ribombee\n|-damage|p1a: Ribombee|35\/100\n|move|p1a: Ribombee|Moonblast|p2a: Sandy Shocks\n|-damage|p2a: Sandy Shocks|5\/100\n|\n|upkeep\n|turn|4\n|\n|t:|1698608478\n|move|p2a: Sandy Shocks|Volt Switch|p1a: Ribombee\n|-damage|p1a: Ribombee|0 fnt\n|faint|p1a: Ribombee\n|\n|t:|1698608483\n|-end|p2a: Sandy Shocks|Protosynthesis|[silent]\n|switch|p2a: Ninetales|Ninetales-Alola, M|100\/100|[from] Volt Switch\n|-activate|p2a: Ninetales|move: Sticky Web\n|-unboost|p2a: Ninetales|spe|1\n|-weather|Snow|[from] ability: Snow Warning|[of] p2a: Ninetales\n|\n|-weather|Snow|[upkeep]\n|upkeep\n|\n|t:|1698608491\n|switch|p1a: Volcarona|Volcarona, M|100\/100\n|turn|5\n|\n|t:|1698608501\n|move|p1a: Volcarona|Quiver Dance|p1a: Volcarona\n|-boost|p1a: Volcarona|spa|1\n|-boost|p1a: Volcarona|spd|1\n|-boost|p1a: Volcarona|spe|1\n|move|p2a: Ninetales|Aurora Veil|p2a: Ninetales\n|-sidestart|p2: ErezEthan88|move: Aurora Veil\n|\n|-weather|Snow|[upkeep]\n|upkeep\n|turn|6\n|\n|t:|1698608509\n|move|p1a: Volcarona|Quiver Dance|p1a: Volcarona\n|-boost|p1a: Volcarona|spa|1\n|-boost|p1a: Volcarona|spd|1\n|-boost|p1a: Volcarona|spe|1\n|move|p2a: Ninetales|Encore|p1a: Volcarona\n|-start|p1a: Volcarona|Encore\n|\n|-weather|Snow|[upkeep]\n|upkeep\n|turn|7\n|\n|t:|1698608518\n|switch|p2a: Chien-Pao|Chien-Pao|100\/100\n|-ability|p2a: Chien-Pao|Sword of Ruin\n|move|p1a: Volcarona|Quiver Dance|p1a: Volcarona\n|-boost|p1a: Volcarona|spa|1\n|-boost|p1a: Volcarona|spd|1\n|-boost|p1a: Volcarona|spe|1\n|\n|-weather|Snow|[upkeep]\n|upkeep\n|turn|8\n|\n|t:|1698608532\n|move|p1a: Volcarona|Quiver Dance|p1a: Volcarona\n|-boost|p1a: Volcarona|spa|1\n|-boost|p1a: Volcarona|spd|1\n|-boost|p1a: Volcarona|spe|1\n|move|p2a: Chien-Pao|Crunch|p1a: Volcarona\n|-damage|p1a: Volcarona|22\/100\n|\n|-weather|none\n|upkeep\n|turn|9\n|\n|t:|1698608552\n|move|p1a: Volcarona|Quiver Dance|p1a: Volcarona\n|-boost|p1a: Volcarona|spa|1\n|-boost|p1a: Volcarona|spd|1\n|-boost|p1a: Volcarona|spe|1\n|move|p2a: Chien-Pao|Icicle Crash|p1a: Volcarona\n|-resisted|p1a: Volcarona\n|-damage|p1a: Volcarona|0 fnt\n|faint|p1a: Volcarona\n|\n|upkeep\n|\n|t:|1698608562\n|switch|p1a: Lokix|Lokix, M|100\/100\n|-damage|p1a: Lokix|76\/100|[from] Stealth Rock\n|turn|10\n|\n|t:|1698608579\n|move|p1a: Lokix|First Impression|p2a: Chien-Pao\n|-supereffective|p2a: Chien-Pao\n|-damage|p2a: Chien-Pao|32\/100\n|-damage|p1a: Lokix|66\/100|[from] item: Life Orb\n|move|p2a: Chien-Pao|Icicle Crash|p1a: Lokix\n|-damage|p1a: Lokix|0 fnt\n|faint|p1a: Lokix\n|\n|upkeep\n|\n|t:|1698608591\n|switch|p1a: Ninetales|Ninetales-Alola, F|100\/100\n|-damage|p1a: Ninetales|76\/100|[from] Stealth Rock\n|-weather|Snow|[from] ability: Snow Warning|[of] p1a: Ninetales\n|turn|11\n|\n|t:|1698608603\n|switch|p2a: Sandy Shocks|Sandy Shocks|5\/100\n|-activate|p2a: Sandy Shocks|move: Sticky Web\n|-unboost|p2a: Sandy Shocks|spe|1\n|move|p1a: Ninetales|Moonblast|p2a: Sandy Shocks\n|-damage|p2a: Sandy Shocks|0 fnt\n|faint|p2a: Sandy Shocks\n|-end|p2a: Sandy Shocks|Protosynthesis|[silent]\n|\n|-weather|Snow|[upkeep]\n|upkeep\n|\n|t:|1698608611\n|switch|p2a: Mamoswine|Mamoswine, F|100\/100\n|-activate|p2a: Mamoswine|move: Sticky Web\n|-unboost|p2a: Mamoswine|spe|1\n|turn|12\n|\n|t:|1698608618\n|switch|p1a: Glaceon|Glaceon, M|100\/100\n|-damage|p1a: Glaceon|76\/100|[from] Stealth Rock\n|move|p2a: Mamoswine|Earthquake|p1a: Glaceon\n|-damage|p1a: Glaceon|27\/100\n|\n|-weather|Snow|[upkeep]\n|-sideend|p2: ErezEthan88|move: Aurora Veil\n|upkeep\n|turn|13\n|\n|t:|1698608629\n|move|p2a: Mamoswine|Earthquake|p1a: Glaceon|[miss]\n|-miss|p2a: Mamoswine|p1a: Glaceon\n|move|p1a: Glaceon|Blizzard|p2a: Mamoswine\n|-damage|p2a: Mamoswine|54\/100\n|\n|-weather|Snow|[upkeep]\n|upkeep\n|turn|14\n|\n|t:|1698608643\n|move|p2a: Mamoswine|Earthquake|p1a: Glaceon\n|-damage|p1a: Glaceon|0 fnt\n|faint|p1a: Glaceon\n|\n|-weather|Snow|[upkeep]\n|upkeep\n|\n|t:|1698608649\n|switch|p1a: Chien-Pao|Chien-Pao|100\/100\n|-damage|p1a: Chien-Pao|76\/100|[from] Stealth Rock\n|-ability|p1a: Chien-Pao|Sword of Ruin\n|turn|15\n|\n|t:|1698608671\n|-terastallize|p2a: Mamoswine|Water\n|move|p1a: Chien-Pao|Ice Spinner|p2a: Mamoswine\n|-resisted|p2a: Mamoswine\n|-damage|p2a: Mamoswine|33\/100\n|-damage|p1a: Chien-Pao|66\/100|[from] item: Life Orb\n|move|p2a: Mamoswine|Earthquake|p1a: Chien-Pao\n|-damage|p1a: Chien-Pao|0 fnt\n|faint|p1a: Chien-Pao\n|\n|-weather|none\n|upkeep\n|\n|t:|1698608683\n|switch|p1a: Ninetales|Ninetales-Alola, F|76\/100\n|-damage|p1a: Ninetales|51\/100|[from] Stealth Rock\n|-weather|Snow|[from] ability: Snow Warning|[of] p1a: Ninetales\n|turn|16\n|c|\u2606ErezEthan88|ggs llama :(\n|\n|t:|1698608697\n|-terastallize|p1a: Ninetales|Ice\n|move|p1a: Ninetales|Freeze-Dry|p2a: Mamoswine\n|-supereffective|p2a: Mamoswine\n|-damage|p2a: Mamoswine|0 fnt\n|faint|p2a: Mamoswine\n|\n|-weather|Snow|[upkeep]\n|upkeep\n|\n|t:|1698608701\n|switch|p2a: Chien-Pao|Chien-Pao|32\/100\n|-ability|p2a: Chien-Pao|Sword of Ruin\n|turn|17\n|c|\u2606llamakin15|ggs\n|\n|t:|1698608710\n|move|p1a: Ninetales|Freeze-Dry|p2a: Chien-Pao\n|-resisted|p2a: Chien-Pao\n|-damage|p2a: Chien-Pao|1\/100\n|move|p2a: Chien-Pao|Crunch|p1a: Ninetales\n|-damage|p1a: Ninetales|2\/100\n|\n|-weather|Snow|[upkeep]\n|upkeep\n|turn|18\n|c|\u2606ErezEthan88|ggs\n|c|\u2606ErezEthan88|scarf??\n|c|\u2606llamakin15|Ya\n|c|\u2606ErezEthan88|LOL\n|c|\u2606ErezEthan88|noice\n|c|\u2606llamakin15|It's the llama set\n|c|\u2606ErezEthan88|iguess\n|c|\u2606ErezEthan88|ggs :D\n|c|\u2606llamakin15|Can you send replay to ramen since I'm on phone\n|c|\u2606ErezEthan88|yeye\n|c|\u2606ErezEthan88|it didnt end\n|c|\u2606ErezEthan88|llamaaaa\n|inactive|Battle timer is ON: inactive players will automatically lose when time's up. (requested by ErezEthan88)\n|inactive|llamakin15 has 270 seconds left.\n|inactive|llamakin15 has 240 seconds left.\n|inactive|llamakin15 has 210 seconds left.\n|inactive|llamakin15 has 180 seconds left.\n|inactive|llamakin15 has 150 seconds left.\n|l|\u2606llamakin15\n|inactive|llamakin15 disconnected and has 300 seconds to reconnect!\n|player|p1|\n|inactive|llamakin15 has 270 seconds to reconnect!\n|inactive|llamakin15 has 240 seconds to reconnect!\n|inactive|llamakin15 has 210 seconds to reconnect!\n|inactive|llamakin15 has 180 seconds to reconnect!\n|inactive|llamakin15 has 150 seconds to reconnect!\n|inactive|llamakin15 has 120 seconds to reconnect!\n|inactive|llamakin15 has 90 seconds to reconnect!\n|inactive|llamakin15 has 60 seconds to reconnect!\n|inactive|llamakin15 has 30 seconds to reconnect!\n|inactive|llamakin15 has 20 seconds to reconnect!\n|inactive|llamakin15 has 15 seconds to reconnect!\n|inactive|llamakin15 has 10 seconds to reconnect!\n|inactive|llamakin15 has 5 seconds to reconnect!\n|-message|llamakin15 lost due to inactivity.\n|\n|win|ErezEthan88\n","uploadtime":1698609300,"views":13,"p1id":"llamakin15","p2id":"erezethan88","formatid":"gen9ubers","rating":0,"private":0,"password":""}