{"id":"gen9ubers-1987393034","p1":"Flipsidejay","p2":"mlenny95","format":"[Gen 9] Ubers","log":"|j|\u2606Flipsidejay\n|j|\u2606mlenny95\n|t:|1699585562\n|gametype|singles\n|player|p1|Flipsidejay|266|\n|player|p2|mlenny95|fisherman|\n|teamsize|p1|6\n|teamsize|p2|6\n|gen|9\n|tier|[Gen 9] Ubers\n|rule|Sleep Clause Mod: Limit one foe put to sleep\n|rule|Species Clause: Limit one of each Pok\u00e9mon\n|rule|OHKO Clause: OHKO moves are banned\n|rule|Evasion Items Clause: Evasion items are banned\n|rule|Evasion Moves Clause: Evasion moves are banned\n|rule|Endless Battle Clause: Forcing endless battles is banned\n|rule|HP Percentage Mod: HP is shown in percentages\n|clearpoke\n|poke|p1|Rillaboom, F|\n|poke|p1|Sneasler, F|\n|poke|p1|Hatterene, F|\n|poke|p1|Grimmsnarl, M|\n|poke|p1|Drifblim, F|\n|poke|p1|Quagsire, M|\n|poke|p2|Dragapult, M|\n|poke|p2|Kingambit, F|\n|poke|p2|Amoonguss, F|\n|poke|p2|Skeledirge, F|\n|poke|p2|Orthworm, F|\n|poke|p2|Haxorus, M|\n|teampreview\n|c|\u2606Flipsidejay|hi\n|c|\u2606Flipsidejay|gl!\n|c|\u2606mlenny95|gl hf!\n|\n|t:|1699585577\n|start\n|switch|p1a: Sneasler|Sneasler, F, shiny|100\/100\n|switch|p2a: Flipsideblunt|Kingambit, F, shiny|100\/100\n|turn|1\n|j| Godofnoskill\n|l| Godofnoskill\n|c|\u2606mlenny95|thought youd start with grimmsnarl lol\n|\n|t:|1699585617\n|switch|p2a: Orthworm|Orthworm, F, shiny|100\/100\n|move|p1a: Sneasler|Fake Out|p2a: Orthworm\n|-resisted|p2a: Orthworm\n|-damage|p2a: Orthworm|96\/100\n|\n|-heal|p2a: Orthworm|100\/100|[from] item: Leftovers\n|upkeep\n|turn|2\n|\n|t:|1699585652\n|move|p1a: Sneasler|Close Combat|p2a: Orthworm\n|-supereffective|p2a: Orthworm\n|-damage|p2a: Orthworm|34\/100\n|-unboost|p1a: Sneasler|def|1\n|-unboost|p1a: Sneasler|spd|1\n|move|p2a: Orthworm|Shed Tail|p2a: Orthworm\n|-fail|p2a: Orthworm|move: Shed Tail|[weak]\n|\n|-heal|p2a: Orthworm|40\/100|[from] item: Leftovers\n|upkeep\n|turn|3\n|\n|t:|1699585693\n|move|p1a: Sneasler|U-turn|p2a: Orthworm\n|-resisted|p2a: Orthworm\n|-damage|p2a: Orthworm|33\/100\n|\n|t:|1699585699\n|switch|p1a: Grimmsnarl|Grimmsnarl, M, shiny|100\/100|[from] U-turn\n|move|p2a: Orthworm|Body Press|p1a: Grimmsnarl\n|-damage|p1a: Grimmsnarl|62\/100\n|\n|-heal|p2a: Orthworm|39\/100|[from] item: Leftovers\n|upkeep\n|turn|4\n|\n|t:|1699585708\n|move|p1a: Grimmsnarl|Reflect|p1a: Grimmsnarl\n|-sidestart|p1: Flipsidejay|Reflect\n|move|p2a: Orthworm|Iron Head|p1a: Grimmsnarl\n|-supereffective|p1a: Grimmsnarl\n|-damage|p1a: Grimmsnarl|33\/100\n|\n|-heal|p2a: Orthworm|45\/100|[from] item: Leftovers\n|upkeep\n|turn|5\n|\n|t:|1699585716\n|move|p1a: Grimmsnarl|Light Screen|p1a: Grimmsnarl\n|-sidestart|p1: Flipsidejay|move: Light Screen\n|move|p2a: Orthworm|Iron Head|p1a: Grimmsnarl\n|-supereffective|p1a: Grimmsnarl\n|-damage|p1a: Grimmsnarl|5\/100\n|\n|-heal|p2a: Orthworm|51\/100|[from] item: Leftovers\n|upkeep\n|turn|6\n|\n|t:|1699585725\n|move|p1a: Grimmsnarl|Parting Shot|p2a: Orthworm\n|-unboost|p2a: Orthworm|atk|1\n|-unboost|p2a: Orthworm|spa|1\n|\n|t:|1699585730\n|switch|p1a: Rillaboom|Rillaboom, F, shiny|100\/100|[from] Parting Shot\n|-fieldstart|move: Grassy Terrain|[from] ability: Grassy Surge|[of] p1a: Rillaboom\n|move|p2a: Orthworm|Stealth Rock|p1a: Rillaboom\n|-sidestart|p1: Flipsidejay|move: Stealth Rock\n|\n|-heal|p2a: Orthworm|57\/100|[from] Grassy Terrain\n|-heal|p2a: Orthworm|64\/100|[from] item: Leftovers\n|upkeep\n|turn|7\n|\n|t:|1699585766\n|switch|p2a: Garchump|Haxorus, M|100\/100\n|-ability|p2a: Garchump|Mold Breaker\n|move|p1a: Rillaboom|Drain Punch|p2a: Garchump\n|-damage|p2a: Garchump|73\/100\n|\n|-heal|p2a: Garchump|79\/100|[from] Grassy Terrain\n|upkeep\n|turn|8\n|\n|t:|1699585788\n|move|p2a: Garchump|Brick Break|p1a: Rillaboom\n|-sideend|p1: Flipsidejay|Reflect\n|-sideend|p1: Flipsidejay|move: Light Screen\n|-damage|p1a: Rillaboom|79\/100\n|-enditem|p1a: Rillaboom|Eject Button\n|\n|t:|1699585792\n|switch|p1a: Hatterene|Hatterene, F, shiny|100\/100\n|-damage|p1a: Hatterene|88\/100|[from] Stealth Rock\n|\n|-heal|p2a: Garchump|86\/100|[from] Grassy Terrain\n|-heal|p1a: Hatterene|94\/100|[from] Grassy Terrain\n|-heal|p1a: Hatterene|99\/100|[from] item: Leftovers\n|upkeep\n|turn|9\n|\n|t:|1699585822\n|move|p2a: Garchump|Dragon Dance|p2a: Garchump\n|-boost|p2a: Garchump|atk|1\n|-boost|p2a: Garchump|spe|1\n|move|p1a: Hatterene|Calm Mind|p1a: Hatterene\n|-boost|p1a: Hatterene|spa|1\n|-boost|p1a: Hatterene|spd|1\n|\n|-heal|p2a: Garchump|92\/100|[from] Grassy Terrain\n|-heal|p1a: Hatterene|100\/100|[from] Grassy Terrain\n|upkeep\n|turn|10\n|\n|t:|1699585840\n|move|p2a: Garchump|Dragon Dance|p2a: Garchump\n|-boost|p2a: Garchump|atk|1\n|-boost|p2a: Garchump|spe|1\n|move|p1a: Hatterene|Draining Kiss|p2a: Garchump\n|-supereffective|p2a: Garchump\n|-damage|p2a: Garchump|0 fnt\n|faint|p2a: Garchump\n|\n|-fieldend|move: Grassy Terrain\n|upkeep\n|c|\u2606mlenny95|:(\n|c|\u2606Flipsidejay|lol\n|\n|t:|1699585862\n|switch|p2a: Skeledirge|Skeledirge, F, shiny|100\/100\n|turn|11\n|\n|t:|1699585885\n|switch|p1a: Grimmsnarl|Grimmsnarl, M, shiny|5\/100\n|-damage|p1a: Grimmsnarl|0 fnt|[from] Stealth Rock\n|faint|p1a: Grimmsnarl\n|move|p2a: Skeledirge|Torch Song|p1: Grimmsnarl|[notarget]\n|-fail|p2a: Skeledirge\n|\n|upkeep\n|\n|t:|1699585896\n|switch|p1a: Quagsire|Quagsire, M, shiny|100\/100\n|-damage|p1a: Quagsire|94\/100|[from] Stealth Rock\n|turn|12\n|\n|t:|1699585917\n|switch|p2a: Orthworm|Orthworm, F, shiny|64\/100\n|move|p1a: Quagsire|Curse|p1a: Quagsire\n|-unboost|p1a: Quagsire|spe|1\n|-boost|p1a: Quagsire|atk|1\n|-boost|p1a: Quagsire|def|1\n|\n|-heal|p2a: Orthworm|70\/100|[from] item: Leftovers\n|-heal|p1a: Quagsire|100\/100|[from] item: Leftovers\n|upkeep\n|turn|13\n|\n|t:|1699585935\n|move|p2a: Orthworm|Body Press|p1a: Quagsire\n|-damage|p1a: Quagsire|78\/100\n|move|p1a: Quagsire|Curse|p1a: Quagsire\n|-unboost|p1a: Quagsire|spe|1\n|-boost|p1a: Quagsire|atk|1\n|-boost|p1a: Quagsire|def|1\n|\n|-heal|p2a: Orthworm|76\/100|[from] item: Leftovers\n|-heal|p1a: Quagsire|84\/100|[from] item: Leftovers\n|upkeep\n|turn|14\n|\n|t:|1699585975\n|move|p2a: Orthworm|Body Press|p1a: Quagsire\n|-damage|p1a: Quagsire|68\/100\n|move|p1a: Quagsire|Curse|p1a: Quagsire\n|-unboost|p1a: Quagsire|spe|1\n|-boost|p1a: Quagsire|atk|1\n|-boost|p1a: Quagsire|def|1\n|\n|-heal|p2a: Orthworm|82\/100|[from] item: Leftovers\n|-heal|p1a: Quagsire|74\/100|[from] item: Leftovers\n|upkeep\n|turn|15\n|\n|t:|1699585987\n|move|p2a: Orthworm|Body Press|p1a: Quagsire\n|-damage|p1a: Quagsire|60\/100\n|move|p1a: Quagsire|Body Press|p2a: Orthworm\n|-supereffective|p2a: Orthworm\n|-damage|p2a: Orthworm|40\/100\n|\n|-heal|p2a: Orthworm|46\/100|[from] item: Leftovers\n|-heal|p1a: Quagsire|66\/100|[from] item: Leftovers\n|upkeep\n|turn|16\n|\n|t:|1699585999\n|move|p2a: Orthworm|Body Press|p1a: Quagsire\n|-damage|p1a: Quagsire|53\/100\n|move|p1a: Quagsire|Body Press|p2a: Orthworm\n|-supereffective|p2a: Orthworm\n|-damage|p2a: Orthworm|1\/100\n|\n|-heal|p2a: Orthworm|7\/100|[from] item: Leftovers\n|-heal|p1a: Quagsire|59\/100|[from] item: Leftovers\n|upkeep\n|turn|17\n|\n|t:|1699586012\n|move|p2a: Orthworm|Body Press|p1a: Quagsire\n|-damage|p1a: Quagsire|47\/100\n|move|p1a: Quagsire|Curse|p1a: Quagsire\n|-unboost|p1a: Quagsire|spe|1\n|-boost|p1a: Quagsire|atk|1\n|-boost|p1a: Quagsire|def|1\n|\n|-heal|p2a: Orthworm|13\/100|[from] item: Leftovers\n|-heal|p1a: Quagsire|53\/100|[from] item: Leftovers\n|upkeep\n|turn|18\n|\n|t:|1699586023\n|move|p2a: Orthworm|Body Press|p1a: Quagsire\n|-damage|p1a: Quagsire|41\/100\n|move|p1a: Quagsire|Recover|p1a: Quagsire\n|-heal|p1a: Quagsire|91\/100\n|\n|-heal|p2a: Orthworm|19\/100|[from] item: Leftovers\n|-heal|p1a: Quagsire|97\/100|[from] item: Leftovers\n|upkeep\n|turn|19\n|\n|t:|1699586037\n|move|p2a: Orthworm|Body Press|p1a: Quagsire\n|-damage|p1a: Quagsire|87\/100\n|move|p1a: Quagsire|Curse|p1a: Quagsire\n|-unboost|p1a: Quagsire|spe|1\n|-boost|p1a: Quagsire|atk|1\n|-boost|p1a: Quagsire|def|1\n|\n|-heal|p2a: Orthworm|25\/100|[from] item: Leftovers\n|-heal|p1a: Quagsire|93\/100|[from] item: Leftovers\n|upkeep\n|turn|20\n|\n|t:|1699586049\n|move|p2a: Orthworm|Body Press|p1a: Quagsire\n|-damage|p1a: Quagsire|84\/100\n|move|p1a: Quagsire|Curse|p1a: Quagsire\n|-unboost|p1a: Quagsire|spe|1\n|-boost|p1a: Quagsire|atk|1\n|-boost|p1a: Quagsire|def|1\n|\n|-heal|p2a: Orthworm|31\/100|[from] item: Leftovers\n|-heal|p1a: Quagsire|90\/100|[from] item: Leftovers\n|upkeep\n|turn|21\n|\n|t:|1699586059\n|move|p2a: Orthworm|Body Press|p1a: Quagsire\n|-damage|p1a: Quagsire|81\/100\n|move|p1a: Quagsire|Body Press|p2a: Orthworm\n|-supereffective|p2a: Orthworm\n|-damage|p2a: Orthworm|0 fnt\n|faint|p2a: Orthworm\n|\n|-heal|p1a: Quagsire|87\/100|[from] item: Leftovers\n|upkeep\n|c|\u2606mlenny95|uh oh here we go lol\n|\n|t:|1699586098\n|switch|p2a: Amoonguss|Amoonguss, F, shiny|100\/100\n|turn|22\n|\n|t:|1699586102\n|switch|p1a: Rillaboom|Rillaboom, F, shiny|79\/100\n|-damage|p1a: Rillaboom|66\/100|[from] Stealth Rock\n|-fieldstart|move: Grassy Terrain|[from] ability: Grassy Surge|[of] p1a: Rillaboom\n|move|p2a: Amoonguss|Giga Drain|p1a: Rillaboom\n|-resisted|p1a: Rillaboom\n|-damage|p1a: Rillaboom|50\/100\n|\n|-heal|p1a: Rillaboom|56\/100|[from] Grassy Terrain\n|upkeep\n|turn|23\n|\n|t:|1699586124\n|move|p1a: Rillaboom|Knock Off|p2a: Amoonguss\n|-damage|p2a: Amoonguss|82\/100\n|-enditem|p2a: Amoonguss|Black Sludge|[from] move: Knock Off|[of] p1a: Rillaboom\n|move|p2a: Amoonguss|Sludge Bomb|p1a: Rillaboom\n|-supereffective|p1a: Rillaboom\n|-damage|p1a: Rillaboom|0 fnt\n|faint|p1a: Rillaboom\n|\n|-heal|p2a: Amoonguss|88\/100|[from] Grassy Terrain\n|upkeep\n|\n|t:|1699586139\n|switch|p1a: Hatterene|Hatterene, F, shiny|100\/100\n|-damage|p1a: Hatterene|88\/100|[from] Stealth Rock\n|turn|24\n|\n|t:|1699586162\n|move|p1a: Hatterene|Calm Mind|p1a: Hatterene\n|-boost|p1a: Hatterene|spa|1\n|-boost|p1a: Hatterene|spd|1\n|move|p2a: Amoonguss|Spore|p1a: Hatterene\n|move|p1a: Hatterene|Spore|p2a: Amoonguss|[from]ability: Magic Bounce\n|-immune|p2a: Amoonguss\n|\n|-heal|p1a: Hatterene|94\/100|[from] Grassy Terrain\n|-heal|p1a: Hatterene|99\/100|[from] item: Leftovers\n|-heal|p2a: Amoonguss|94\/100|[from] Grassy Terrain\n|upkeep\n|turn|25\n|c|\u2606mlenny95|ahhhh\n|c|\u2606mlenny95|totally forgot\n|c|\u2606Flipsidejay|ehh i messed up\n|c|\u2606Flipsidejay|lol\n|\n|t:|1699586190\n|move|p1a: Hatterene|Mystical Fire|p2a: Amoonguss\n|-supereffective|p2a: Amoonguss\n|-damage|p2a: Amoonguss|33\/100\n|-unboost|p2a: Amoonguss|spa|1\n|move|p2a: Amoonguss|Toxic|p1a: Hatterene\n|move|p1a: Hatterene|Toxic|p2a: Amoonguss|[from]ability: Magic Bounce\n|-immune|p2a: Amoonguss\n|\n|-heal|p1a: Hatterene|100\/100|[from] Grassy Terrain\n|-heal|p2a: Amoonguss|39\/100|[from] Grassy Terrain\n|upkeep\n|turn|26\n|c|\u2606mlenny95|omggggg\n|\n|t:|1699586225\n|switch|p2a: Skeledirge|Skeledirge, F, shiny|100\/100\n|move|p1a: Hatterene|Mystical Fire|p2a: Skeledirge\n|-resisted|p2a: Skeledirge\n|-damage|p2a: Skeledirge|91\/100\n|-unboost|p2a: Skeledirge|spa|1\n|\n|-heal|p2a: Skeledirge|97\/100|[from] Grassy Terrain\n|-heal|p2a: Skeledirge|100\/100|[from] item: Leftovers\n|-fieldend|move: Grassy Terrain\n|upkeep\n|turn|27\n|\n|t:|1699586276\n|switch|p1a: Drifblim|Drifblim, F|100\/100\n|-damage|p1a: Drifblim|75\/100|[from] Stealth Rock\n|move|p2a: Skeledirge|Torch Song|p1a: Drifblim\n|-damage|p1a: Drifblim|54\/100\n|-boost|p2a: Skeledirge|spa|1\n|\n|upkeep\n|turn|28\n|\n|t:|1699586297\n|move|p1a: Drifblim|Strength Sap|p2a: Skeledirge\n|-unboost|p2a: Skeledirge|atk|1\n|-heal|p1a: Drifblim|83\/100\n|move|p2a: Skeledirge|Hex|p1a: Drifblim\n|-supereffective|p1a: Drifblim\n|-damage|p1a: Drifblim|23\/100\n|\n|upkeep\n|turn|29\n|\n|t:|1699586309\n|move|p1a: Drifblim|Strength Sap|p2a: Skeledirge\n|-unboost|p2a: Skeledirge|atk|1\n|-heal|p1a: Drifblim|42\/100\n|move|p2a: Skeledirge|Hex|p1a: Drifblim\n|-supereffective|p1a: Drifblim\n|-damage|p1a: Drifblim|0 fnt\n|faint|p1a: Drifblim\n|\n|upkeep\n|\n|t:|1699586328\n|switch|p1a: Quagsire|Quagsire, M, shiny|87\/100\n|-damage|p1a: Quagsire|81\/100|[from] Stealth Rock\n|turn|30\n|\n|t:|1699586348\n|switch|p2a: Amoonguss|Amoonguss, F, shiny|72\/100\n|move|p1a: Quagsire|Earthquake|p2a: Amoonguss\n|-damage|p2a: Amoonguss|49\/100\n|\n|-heal|p1a: Quagsire|87\/100|[from] item: Leftovers\n|upkeep\n|turn|31\n|\n|t:|1699586361\n|switch|p1a: Hatterene|Hatterene, F, shiny|100\/100\n|-damage|p1a: Hatterene|88\/100|[from] Stealth Rock\n|move|p2a: Amoonguss|Giga Drain|p1a: Hatterene\n|-damage|p1a: Hatterene|65\/100\n|-heal|p2a: Amoonguss|57\/100|[from] drain|[of] p1a: Hatterene\n|\n|-heal|p1a: Hatterene|71\/100|[from] item: Leftovers\n|upkeep\n|turn|32\n|\n|t:|1699586374\n|move|p1a: Hatterene|Mystical Fire|p2a: Amoonguss\n|-supereffective|p2a: Amoonguss\n|-damage|p2a: Amoonguss|19\/100\n|-unboost|p2a: Amoonguss|spa|1\n|move|p2a: Amoonguss|Sludge Bomb|p1a: Hatterene\n|-supereffective|p1a: Hatterene\n|-damage|p1a: Hatterene|30\/100\n|-status|p1a: Hatterene|psn\n|\n|-heal|p1a: Hatterene|36\/100 psn|[from] item: Leftovers\n|-damage|p1a: Hatterene|23\/100 psn|[from] psn\n|upkeep\n|turn|33\n|\n|t:|1699586398\n|switch|p2a: Skeledirge|Skeledirge, F, shiny|100\/100\n|move|p1a: Hatterene|Mystical Fire|p2a: Skeledirge\n|-resisted|p2a: Skeledirge\n|-damage|p2a: Skeledirge|91\/100\n|-unboost|p2a: Skeledirge|spa|1\n|\n|-heal|p2a: Skeledirge|97\/100|[from] item: Leftovers\n|-heal|p1a: Hatterene|29\/100 psn|[from] item: Leftovers\n|-damage|p1a: Hatterene|17\/100 psn|[from] psn\n|upkeep\n|turn|34\n|c|\u2606Flipsidejay|think its good game i think you outlast me hahaha\n|c|\u2606Flipsidejay|with skeledirge\n|\n|t:|1699586415\n|move|p2a: Skeledirge|Torch Song|p1a: Hatterene\n|-damage|p1a: Hatterene|0 fnt\n|-boost|p2a: Skeledirge|spa|1\n|faint|p1a: Hatterene\n|\n|-heal|p2a: Skeledirge|100\/100|[from] item: Leftovers\n|upkeep\n|\n|t:|1699586423\n|switch|p1a: Sneasler|Sneasler, F, shiny|100\/100\n|turn|35\n|\n|t:|1699586438\n|move|p1a: Sneasler|Dire Claw|p2a: Skeledirge\n|-resisted|p2a: Skeledirge\n|-damage|p2a: Skeledirge|86\/100\n|move|p2a: Skeledirge|Torch Song|p1a: Sneasler\n|-damage|p1a: Sneasler|63\/100\n|-boost|p2a: Skeledirge|spa|1\n|\n|-heal|p2a: Skeledirge|92\/100|[from] item: Leftovers\n|upkeep\n|turn|36\n|\n|t:|1699586448\n|move|p1a: Sneasler|Dire Claw|p2a: Skeledirge\n|-resisted|p2a: Skeledirge\n|-damage|p2a: Skeledirge|76\/100\n|-status|p2a: Skeledirge|psn\n|move|p2a: Skeledirge|Torch Song|p1a: Sneasler\n|-damage|p1a: Sneasler|4\/100\n|-boost|p2a: Skeledirge|spa|1\n|\n|-heal|p2a: Skeledirge|83\/100 psn|[from] item: Leftovers\n|-damage|p2a: Skeledirge|70\/100 psn|[from] psn\n|upkeep\n|turn|37\n|\n|t:|1699586478\n|move|p1a: Sneasler|U-turn|p2a: Skeledirge\n|-resisted|p2a: Skeledirge\n|-damage|p2a: Skeledirge|66\/100 psn\n|\n|t:|1699586482\n|switch|p1a: Quagsire|Quagsire, M, shiny|87\/100|[from] U-turn\n|-damage|p1a: Quagsire|81\/100|[from] Stealth Rock\n|move|p2a: Skeledirge|Torch Song|p1a: Quagsire\n|-resisted|p1a: Quagsire\n|-damage|p1a: Quagsire|70\/100\n|-boost|p2a: Skeledirge|spa|1\n|\n|-heal|p2a: Skeledirge|72\/100 psn|[from] item: Leftovers\n|-heal|p1a: Quagsire|76\/100|[from] item: Leftovers\n|-damage|p2a: Skeledirge|59\/100 psn|[from] psn\n|upkeep\n|turn|38\n|\n|t:|1699586503\n|move|p2a: Skeledirge|Will-O-Wisp|p1a: Quagsire\n|-status|p1a: Quagsire|brn\n|move|p1a: Quagsire|Curse|p1a: Quagsire\n|-unboost|p1a: Quagsire|spe|1\n|-boost|p1a: Quagsire|atk|1\n|-boost|p1a: Quagsire|def|1\n|\n|-heal|p2a: Skeledirge|65\/100 psn|[from] item: Leftovers\n|-heal|p1a: Quagsire|82\/100 brn|[from] item: Leftovers\n|-damage|p2a: Skeledirge|53\/100 psn|[from] psn\n|-damage|p1a: Quagsire|76\/100 brn|[from] brn\n|upkeep\n|turn|39\n|\n|t:|1699586519\n|move|p2a: Skeledirge|Hex|p1a: Quagsire\n|-damage|p1a: Quagsire|35\/100 brn\n|move|p1a: Quagsire|Curse|p1a: Quagsire\n|-unboost|p1a: Quagsire|spe|1\n|-boost|p1a: Quagsire|atk|1\n|-boost|p1a: Quagsire|def|1\n|\n|-heal|p2a: Skeledirge|59\/100 psn|[from] item: Leftovers\n|-heal|p1a: Quagsire|41\/100 brn|[from] item: Leftovers\n|-damage|p2a: Skeledirge|47\/100 psn|[from] psn\n|-damage|p1a: Quagsire|35\/100 brn|[from] brn\n|upkeep\n|turn|40\n|\n|t:|1699586532\n|move|p2a: Skeledirge|Hex|p1a: Quagsire\n|-damage|p1a: Quagsire|0 fnt\n|faint|p1a: Quagsire\n|\n|-heal|p2a: Skeledirge|53\/100 psn|[from] item: Leftovers\n|-damage|p2a: Skeledirge|40\/100 psn|[from] psn\n|upkeep\n|c|\u2606mlenny95|gg\n|c|\u2606Flipsidejay|gg\n|c|\u2606Flipsidejay|god saw it late\n|\n|t:|1699586546\n|switch|p1a: Sneasler|Sneasler, F, shiny|4\/100\n|turn|41\n|c|\u2606Flipsidejay|i thought i put shadow claw on this\n|c|\u2606Flipsidejay|lmfao\n|\n|t:|1699586559\n|move|p1a: Sneasler|Dire Claw|p2a: Skeledirge\n|-resisted|p2a: Skeledirge\n|-damage|p2a: Skeledirge|25\/100 psn\n|move|p2a: Skeledirge|Torch Song|p1a: Sneasler\n|-damage|p1a: Sneasler|0 fnt\n|-boost|p2a: Skeledirge|spa|1\n|faint|p1a: Sneasler\n|\n|win|mlenny95\n|c|\u2606mlenny95|dang yeah sloppy game from both of us lol\n|c|\u2606Flipsidejay|lol yeah\n","uploadtime":1699586575,"views":26,"p1id":"flipsidejay","p2id":"mlenny95","formatid":"gen9ubers","rating":0,"private":0,"password":""}