{"id":"gen9ubers-1997826734","p1":"ArekkusuKage","p2":"justPiplup","format":"[Gen 9] Ubers","log":"|j|\u2606ArekkusuKage\n|j|\u2606justPiplup\n|t:|1700856929\n|gametype|singles\n|player|p1|ArekkusuKage|juan|\n|player|p2|justPiplup|karen|\n|teamsize|p1|6\n|teamsize|p2|6\n|gen|9\n|tier|[Gen 9] Ubers\n|rule|Sleep Clause Mod: Limit one foe put to sleep\n|rule|Species Clause: Limit one of each Pok\u00e9mon\n|rule|OHKO Clause: OHKO moves are banned\n|rule|Evasion Items Clause: Evasion items are banned\n|rule|Evasion Moves Clause: Evasion moves are banned\n|rule|Endless Battle Clause: Forcing endless battles is banned\n|rule|HP Percentage Mod: HP is shown in percentages\n|clearpoke\n|poke|p1|Decidueye, M|\n|poke|p1|Iron Bundle|\n|poke|p1|Ninetales, F|\n|poke|p1|Magearna|\n|poke|p1|Maushold|\n|poke|p1|Snorlax, F|\n|poke|p2|Koraidon|\n|poke|p2|Arceus-Water|\n|poke|p2|Skeledirge, M|\n|poke|p2|Wo-Chien|\n|poke|p2|Zacian-*|\n|poke|p2|Miraidon|\n|teampreview\n|\n|t:|1700856946\n|start\n|switch|p1a: Ninetales|Ninetales, F|100\/100\n|switch|p2a: Subway|Koraidon|100\/100\n|-weather|SunnyDay|[from] ability: Orichalcum Pulse|[of] p2a: Subway\n|-activate|p2a: Subway|Orichalcum Pulse|[source]\n|turn|1\n|\n|t:|1700856969\n|move|p2a: Subway|Collision Course|p1a: Ninetales\n|-damage|p1a: Ninetales|8\/100\n|move|p1a: Ninetales|Extrasensory|p2a: Subway\n|-supereffective|p2a: Subway\n|-damage|p2a: Subway|70\/100\n|\n|-weather|SunnyDay|[upkeep]\n|upkeep\n|turn|2\n|j| bezrukiy_noob\n|\n|t:|1700857005\n|move|p2a: Subway|Collision Course|p1a: Ninetales\n|-damage|p1a: Ninetales|0 fnt\n|faint|p1a: Ninetales\n|\n|-weather|SunnyDay|[upkeep]\n|upkeep\n|\n|t:|1700857009\n|switch|p1a: Decidueye|Decidueye, M|100\/100\n|turn|3\n|\n|t:|1700857024\n|switch|p2a: Lacoste|Skeledirge, M|100\/100\n|move|p1a: Decidueye|Solar Blade||[still]\n|-prepare|p1a: Decidueye|Solar Blade\n|-anim|p1a: Decidueye|Solar Blade|p2a: Lacoste\n|-resisted|p2a: Lacoste\n|-damage|p2a: Lacoste|71\/100\n|\n|-weather|SunnyDay|[upkeep]\n|upkeep\n|turn|4\n|\n|t:|1700857047\n|switch|p1a: Snorlax|Snorlax, F|100\/100\n|-terastallize|p2a: Lacoste|Fairy\n|move|p2a: Lacoste|Torch Song|p1a: Snorlax\n|-damage|p1a: Snorlax|87\/100\n|-boost|p2a: Lacoste|spa|1\n|\n|-weather|SunnyDay|[upkeep]\n|-heal|p1a: Snorlax|93\/100|[from] item: Leftovers\n|upkeep\n|turn|5\n|\n|t:|1700857063\n|move|p2a: Lacoste|Will-O-Wisp|p1a: Snorlax\n|-status|p1a: Snorlax|brn\n|move|p1a: Snorlax|Yawn|p2a: Lacoste\n|-start|p2a: Lacoste|move: Yawn|[of] p1a: Snorlax\n|\n|-weather|none\n|-heal|p1a: Snorlax|99\/100 brn|[from] item: Leftovers\n|-damage|p1a: Snorlax|93\/100 brn|[from] brn\n|upkeep\n|turn|6\n|l| bezrukiy_noob\n|\n|t:|1700857082\n|switch|p2a: Live reaction|Wo-Chien|100\/100\n|-ability|p2a: Live reaction|Tablets of Ruin\n|move|p1a: Snorlax|Rest|p1a: Snorlax\n|-status|p1a: Snorlax|slp|[from] move: Rest\n|-heal|p1a: Snorlax|100\/100 slp|[silent]\n|\n|upkeep\n|turn|7\n|j| bezrukiy_noob\n|\n|t:|1700857094\n|move|p2a: Live reaction|Ruination|p1a: Snorlax\n|-damage|p1a: Snorlax|50\/100 slp\n|cant|p1a: Snorlax|slp\n|move|p1a: Snorlax|Sleep Talk|p1a: Snorlax\n|move|p1a: Snorlax|Rest||[from]move: Sleep Talk|[still]\n|-fail|p1a: Snorlax\n|\n|-heal|p1a: Snorlax|57\/100 slp|[from] item: Leftovers\n|upkeep\n|turn|8\n|\n|t:|1700857114\n|move|p2a: Live reaction|Leech Seed|p1a: Snorlax\n|-start|p1a: Snorlax|move: Leech Seed\n|cant|p1a: Snorlax|slp\n|move|p1a: Snorlax|Sleep Talk|p1a: Snorlax\n|move|p1a: Snorlax|Rest||[from]move: Sleep Talk|[still]\n|-fail|p1a: Snorlax\n|\n|-heal|p1a: Snorlax|63\/100 slp|[from] item: Leftovers\n|-damage|p1a: Snorlax|50\/100 slp|[from] Leech Seed|[of] p2a: Live reaction\n|upkeep\n|turn|9\n|l| bezrukiy_noob\n|\n|t:|1700857125\n|move|p2a: Live reaction|Protect|p2a: Live reaction\n|-singleturn|p2a: Live reaction|Protect\n|-curestatus|p1a: Snorlax|slp|[msg]\n|move|p1a: Snorlax|Rest|p1a: Snorlax\n|-status|p1a: Snorlax|slp|[from] move: Rest\n|-heal|p1a: Snorlax|100\/100 slp|[silent]\n|\n|-damage|p1a: Snorlax|88\/100 slp|[from] Leech Seed|[of] p2a: Live reaction\n|upkeep\n|turn|10\n|\n|t:|1700857141\n|switch|p2a: Subway|Koraidon|70\/100\n|-weather|SunnyDay|[from] ability: Orichalcum Pulse|[of] p2a: Subway\n|-activate|p2a: Subway|Orichalcum Pulse|[source]\n|switch|p1a: Decidueye|Decidueye, M|100\/100\n|\n|-weather|SunnyDay|[upkeep]\n|upkeep\n|turn|11\n|\n|t:|1700857157\n|move|p2a: Subway|Flare Blitz|p1a: Decidueye\n|-supereffective|p1a: Decidueye\n|-damage|p1a: Decidueye|0 fnt\n|faint|p1a: Decidueye\n|-damage|p2a: Subway|41\/100|[from] Recoil\n|\n|-weather|SunnyDay|[upkeep]\n|upkeep\n|\n|t:|1700857166\n|switch|p1a: Snorlax|Snorlax, F|88\/100 slp\n|turn|12\n|\n|t:|1700857172\n|move|p2a: Subway|Flare Blitz|p1a: Snorlax\n|-damage|p1a: Snorlax|41\/100 slp\n|-damage|p2a: Subway|17\/100|[from] Recoil\n|cant|p1a: Snorlax|slp\n|move|p1a: Snorlax|Sleep Talk|p1a: Snorlax\n|move|p1a: Snorlax|Counter||[from]move: Sleep Talk|[still]\n|-fail|p1a: Snorlax\n|\n|-weather|SunnyDay|[upkeep]\n|-heal|p1a: Snorlax|47\/100 slp|[from] item: Leftovers\n|upkeep\n|turn|13\n|\n|t:|1700857191\n|move|p2a: Subway|Flare Blitz|p1a: Snorlax\n|-crit|p1a: Snorlax\n|-damage|p1a: Snorlax|0 fnt\n|faint|p1a: Snorlax\n|-damage|p2a: Subway|0 fnt|[from] Recoil\n|faint|p2a: Subway\n|\n|-weather|SunnyDay|[upkeep]\n|upkeep\n|\n|t:|1700857217\n|switch|p2a: Charlie|Zacian-Crowned, shiny|100\/100\n|switch|p1a: Maushold|Maushold|100\/100\n|-ability|p2a: Charlie|Intrepid Sword|boost\n|-boost|p2a: Charlie|atk|1\n|turn|14\n|\n|t:|1700857225\n|move|p2a: Charlie|Behemoth Blade|p1a: Maushold\n|-damage|p1a: Maushold|0 fnt\n|faint|p1a: Maushold\n|\n|-weather|none\n|upkeep\n|\n|t:|1700857229\n|switch|p1a: Magearna|Magearna|100\/100\n|turn|15\n|\n|t:|1700857249\n|-terastallize|p1a: Magearna|Steel\n|move|p2a: Charlie|Behemoth Blade|p1a: Magearna\n|-resisted|p1a: Magearna\n|-damage|p1a: Magearna|68\/100\n|move|p1a: Magearna|Flash Cannon|p2a: Charlie\n|-damage|p2a: Charlie|40\/100\n|\n|-heal|p1a: Magearna|74\/100|[from] item: Leftovers\n|upkeep\n|turn|16\n|\n|t:|1700857258\n|move|p2a: Charlie|Close Combat|p1a: Magearna\n|-supereffective|p1a: Magearna\n|-damage|p1a: Magearna|0 fnt\n|-unboost|p2a: Charlie|def|1\n|-unboost|p2a: Charlie|spd|1\n|faint|p1a: Magearna\n|\n|upkeep\n|\n|t:|1700857261\n|switch|p1a: Iron Bundle|Iron Bundle|100\/100\n|turn|17\n|\n|t:|1700857270\n|move|p2a: Charlie|Close Combat|p1a: Iron Bundle\n|-supereffective|p1a: Iron Bundle\n|-damage|p1a: Iron Bundle|0 fnt\n|-unboost|p2a: Charlie|def|1\n|-unboost|p2a: Charlie|spd|1\n|faint|p1a: Iron Bundle\n|-end|p1a: Iron Bundle|Quark Drive|[silent]\n|\n|win|justPiplup\n","uploadtime":1700857282,"views":21,"p1id":"arekkusukage","p2id":"justpiplup","formatid":"gen9ubers","rating":0,"private":0,"password":""}