{"id":"gen9ubers-1998588969","p1":"zaydwithyomom","p2":"lord_jabba","format":"[Gen 9] Ubers","log":"|j|\u2606zaydwithyomom\n|j|\u2606lord_jabba\n|t:|1700959974\n|gametype|singles\n|player|p1|zaydwithyomom|zinnia|\n|player|p2|lord_jabba|clair|\n|teamsize|p1|6\n|teamsize|p2|6\n|gen|9\n|tier|[Gen 9] Ubers\n|rated|Tournament battle\n|rule|Sleep Clause Mod: Limit one foe put to sleep\n|rule|Species Clause: Limit one of each Pok\u00e9mon\n|rule|OHKO Clause: OHKO moves are banned\n|rule|Evasion Items Clause: Evasion items are banned\n|rule|Evasion Moves Clause: Evasion moves are banned\n|rule|Endless Battle Clause: Forcing endless battles is banned\n|rule|HP Percentage Mod: HP is shown in percentages\n|clearpoke\n|poke|p1|Volcarona, F|\n|poke|p1|Koraidon|\n|poke|p1|Groudon|\n|poke|p1|Landorus-Therian, M|\n|poke|p1|Arceus-Fairy|\n|poke|p1|Eternatus|\n|poke|p2|Arceus|\n|poke|p2|Zacian-*|\n|poke|p2|Landorus-Therian, M|\n|poke|p2|Kyogre|\n|poke|p2|Basculegion, M|\n|poke|p2|Koraidon|\n|teampreview\n|\n|t:|1700959985\n|start\n|switch|p1a: Koraidon|Koraidon|100\/100\n|switch|p2a: Kyogre|Kyogre|100\/100\n|-weather|SunnyDay|[from] ability: Orichalcum Pulse|[of] p1a: Koraidon\n|-activate|p1a: Koraidon|Orichalcum Pulse|[source]\n|-weather|RainDance|[from] ability: Drizzle|[of] p2a: Kyogre\n|turn|1\n|\n|t:|1700960008\n|switch|p2a: Zacian|Zacian-Crowned|100\/100\n|-ability|p2a: Zacian|Intrepid Sword|boost\n|-boost|p2a: Zacian|atk|1\n|move|p1a: Koraidon|U-turn|p2a: Zacian\n|-resisted|p2a: Zacian\n|-damage|p2a: Zacian|95\/100\n|\n|t:|1700960013\n|switch|p1a: Landorus|Landorus-Therian, M|100\/100|[from] U-turn\n|-ability|p1a: Landorus|Intimidate|boost\n|-unboost|p2a: Zacian|atk|1\n|\n|-weather|RainDance|[upkeep]\n|upkeep\n|turn|2\n|j| Too Many Caps\n|\n|t:|1700960028\n|switch|p2a: Kyogre|Kyogre|100\/100\n|move|p1a: Landorus|Stealth Rock|p2a: Kyogre\n|-sidestart|p2: lord_jabba|move: Stealth Rock\n|\n|-weather|RainDance|[upkeep]\n|upkeep\n|turn|3\n|\n|t:|1700960035\n|switch|p1a: Eternatus|Eternatus|100\/100\n|-ability|p1a: Eternatus|Pressure\n|move|p2a: Kyogre|Ice Beam|p1a: Eternatus\n|-supereffective|p1a: Eternatus\n|-damage|p1a: Eternatus|54\/100\n|\n|-weather|RainDance|[upkeep]\n|upkeep\n|turn|4\n|\n|t:|1700960042\n|move|p2a: Kyogre|Ice Beam|p1a: Eternatus\n|-supereffective|p1a: Eternatus\n|-damage|p1a: Eternatus|9\/100\n|move|p1a: Eternatus|Toxic|p2a: Kyogre\n|-status|p2a: Kyogre|tox\n|\n|-weather|RainDance|[upkeep]\n|-damage|p2a: Kyogre|94\/100 tox|[from] psn\n|upkeep\n|turn|5\n|\n|t:|1700960049\n|move|p2a: Kyogre|Ice Beam|p1a: Eternatus\n|-supereffective|p1a: Eternatus\n|-damage|p1a: Eternatus|0 fnt\n|faint|p1a: Eternatus\n|\n|-weather|none\n|-damage|p2a: Kyogre|82\/100 tox|[from] psn\n|upkeep\n|\n|t:|1700960055\n|switch|p1a: Koraidon|Koraidon|100\/100\n|-weather|SunnyDay|[from] ability: Orichalcum Pulse|[of] p1a: Koraidon\n|-activate|p1a: Koraidon|Orichalcum Pulse|[source]\n|turn|6\n|\n|t:|1700960064\n|switch|p2a: Landorus|Landorus-Therian, M|100\/100\n|-damage|p2a: Landorus|88\/100|[from] Stealth Rock\n|-ability|p2a: Landorus|Intimidate|boost\n|-unboost|p1a: Koraidon|atk|1\n|move|p1a: Koraidon|Close Combat|p2a: Landorus\n|-resisted|p2a: Landorus\n|-damage|p2a: Landorus|66\/100\n|-unboost|p1a: Koraidon|def|1\n|-unboost|p1a: Koraidon|spd|1\n|-damage|p1a: Koraidon|84\/100|[from] item: Rocky Helmet|[of] p2a: Landorus\n|\n|-weather|SunnyDay|[upkeep]\n|upkeep\n|turn|7\n|\n|t:|1700960076\n|switch|p1a: Volcarona|Volcarona, F|100\/100\n|move|p2a: Landorus|Stealth Rock|p1a: Volcarona\n|-sidestart|p1: zaydwithyomom|move: Stealth Rock\n|\n|-weather|SunnyDay|[upkeep]\n|upkeep\n|turn|8\n|\n|t:|1700960082\n|move|p1a: Volcarona|Quiver Dance|p1a: Volcarona\n|-boost|p1a: Volcarona|spa|1\n|-boost|p1a: Volcarona|spd|1\n|-boost|p1a: Volcarona|spe|1\n|move|p2a: Landorus|Earthquake|p1a: Volcarona\n|-damage|p1a: Volcarona|31\/100\n|\n|-weather|SunnyDay|[upkeep]\n|upkeep\n|turn|9\n|\n|t:|1700960091\n|move|p1a: Volcarona|Fiery Dance|p2a: Landorus\n|-damage|p2a: Landorus|0 fnt\n|-boost|p1a: Volcarona|spa|1\n|faint|p2a: Landorus\n|\n|-weather|SunnyDay|[upkeep]\n|upkeep\n|\n|t:|1700960122\n|switch|p2a: Koraidon|Koraidon|100\/100\n|-damage|p2a: Koraidon|94\/100|[from] Stealth Rock\n|-activate|p2a: Koraidon|ability: Orichalcum Pulse\n|turn|10\n|\n|t:|1700960131\n|move|p2a: Koraidon|Dragon Claw|p1a: Volcarona\n|-damage|p1a: Volcarona|0 fnt\n|-status|p2a: Koraidon|brn|[from] ability: Flame Body|[of] p1a: Volcarona\n|faint|p1a: Volcarona\n|\n|-weather|none\n|-damage|p2a: Koraidon|88\/100 brn|[from] brn\n|upkeep\n|\n|t:|1700960138\n|switch|p1a: Groudon|Groudon|100\/100\n|-damage|p1a: Groudon|94\/100|[from] Stealth Rock\n|-weather|SunnyDay|[from] ability: Drought|[of] p1a: Groudon\n|turn|11\n|\n|t:|1700960146\n|move|p2a: Koraidon|Dragon Claw|p1a: Groudon\n|-damage|p1a: Groudon|76\/100\n|move|p1a: Groudon|Precipice Blades|p2a: Koraidon\n|-damage|p2a: Koraidon|32\/100 brn\n|\n|-weather|SunnyDay|[upkeep]\n|-heal|p1a: Groudon|82\/100|[from] item: Leftovers\n|-damage|p2a: Koraidon|26\/100 brn|[from] brn\n|upkeep\n|turn|12\n|\n|t:|1700960157\n|move|p2a: Koraidon|Dragon Claw|p1a: Groudon\n|-damage|p1a: Groudon|64\/100\n|move|p1a: Groudon|Spikes|p2a: Koraidon\n|-sidestart|p2: lord_jabba|Spikes\n|\n|-weather|SunnyDay|[upkeep]\n|-heal|p1a: Groudon|70\/100|[from] item: Leftovers\n|-damage|p2a: Koraidon|20\/100 brn|[from] brn\n|upkeep\n|turn|13\n|\n|t:|1700960164\n|move|p2a: Koraidon|Dragon Claw|p1a: Groudon\n|-crit|p1a: Groudon\n|-damage|p1a: Groudon|40\/100\n|move|p1a: Groudon|Spikes|p2a: Koraidon\n|-sidestart|p2: lord_jabba|Spikes\n|\n|-weather|SunnyDay|[upkeep]\n|-heal|p1a: Groudon|46\/100|[from] item: Leftovers\n|-damage|p2a: Koraidon|13\/100 brn|[from] brn\n|upkeep\n|turn|14\n|\n|t:|1700960172\n|move|p1a: Groudon|Protect|p1a: Groudon\n|-singleturn|p1a: Groudon|Protect\n|move|p2a: Koraidon|Dragon Claw|p1a: Groudon\n|-activate|p1a: Groudon|move: Protect\n|\n|-weather|SunnyDay|[upkeep]\n|-heal|p1a: Groudon|52\/100|[from] item: Leftovers\n|-damage|p2a: Koraidon|7\/100 brn|[from] brn\n|upkeep\n|turn|15\n|\n|t:|1700960181\n|switch|p1a: Landorus|Landorus-Therian, M|100\/100\n|-damage|p1a: Landorus|88\/100|[from] Stealth Rock\n|-ability|p1a: Landorus|Intimidate|boost\n|-unboost|p2a: Koraidon|atk|1\n|move|p2a: Koraidon|Dragon Claw|p1a: Landorus\n|-crit|p1a: Landorus\n|-damage|p1a: Landorus|54\/100\n|-damage|p2a: Koraidon|0 fnt|[from] item: Rocky Helmet|[of] p1a: Landorus\n|faint|p2a: Koraidon\n|\n|-weather|none\n|upkeep\n|\n|t:|1700960197\n|switch|p2a: Arceus|Arceus|100\/100\n|-damage|p2a: Arceus|88\/100|[from] Stealth Rock\n|-damage|p2a: Arceus|72\/100|[from] Spikes\n|turn|16\n|\n|t:|1700960209\n|move|p2a: Arceus|Swords Dance|p2a: Arceus\n|-boost|p2a: Arceus|atk|2\n|move|p1a: Landorus|Earth Power|p2a: Arceus\n|-damage|p2a: Arceus|49\/100\n|\n|upkeep\n|turn|17\n|\n|t:|1700960215\n|move|p2a: Arceus|Extreme Speed|p1a: Landorus\n|-damage|p1a: Landorus|0 fnt\n|-damage|p2a: Arceus|32\/100|[from] item: Rocky Helmet|[of] p1a: Landorus\n|faint|p1a: Landorus\n|-damage|p2a: Arceus|22\/100|[from] item: Life Orb\n|\n|upkeep\n|\n|t:|1700960223\n|switch|p1a: Arceus|Arceus-Fairy|100\/100\n|-damage|p1a: Arceus|88\/100|[from] Stealth Rock\n|turn|18\n|\n|t:|1700960227\n|move|p2a: Arceus|Extreme Speed|p1a: Arceus\n|-damage|p1a: Arceus|18\/100\n|-damage|p2a: Arceus|12\/100|[from] item: Life Orb\n|move|p1a: Arceus|Judgment|p2a: Arceus\n|-damage|p2a: Arceus|0 fnt\n|faint|p2a: Arceus\n|\n|upkeep\n|\n|t:|1700960236\n|switch|p2a: Zacian|Zacian-Crowned|95\/100\n|-damage|p2a: Zacian|88\/100|[from] Stealth Rock\n|-damage|p2a: Zacian|72\/100|[from] Spikes\n|turn|19\n|\n|t:|1700960241\n|move|p2a: Zacian|Behemoth Blade|p1a: Arceus\n|-supereffective|p1a: Arceus\n|-damage|p1a: Arceus|0 fnt\n|faint|p1a: Arceus\n|\n|upkeep\n|\n|t:|1700960244\n|switch|p1a: Koraidon|Koraidon|84\/100\n|-damage|p1a: Koraidon|78\/100|[from] Stealth Rock\n|-weather|SunnyDay|[from] ability: Orichalcum Pulse|[of] p1a: Koraidon\n|-activate|p1a: Koraidon|Orichalcum Pulse|[source]\n|turn|20\n|\n|t:|1700960250\n|move|p1a: Koraidon|Close Combat|p2a: Zacian\n|-damage|p2a: Zacian|0 fnt\n|-unboost|p1a: Koraidon|def|1\n|-unboost|p1a: Koraidon|spd|1\n|faint|p2a: Zacian\n|\n|-weather|SunnyDay|[upkeep]\n|upkeep\n|\n|t:|1700960257\n|switch|p2a: Kyogre|Kyogre|82\/100 tox\n|-damage|p2a: Kyogre|70\/100 tox|[from] Stealth Rock\n|-damage|p2a: Kyogre|53\/100 tox|[from] Spikes\n|-weather|RainDance|[from] ability: Drizzle|[of] p2a: Kyogre\n|turn|21\n|\n|t:|1700960312\n|switch|p1a: Groudon|Groudon|52\/100\n|-damage|p1a: Groudon|46\/100|[from] Stealth Rock\n|-weather|SunnyDay|[from] ability: Drought|[of] p1a: Groudon\n|-terastallize|p2a: Kyogre|Ice\n|move|p2a: Kyogre|Ice Beam|p1a: Groudon\n|-supereffective|p1a: Groudon\n|-damage|p1a: Groudon|0 fnt\n|faint|p1a: Groudon\n|\n|-weather|SunnyDay|[upkeep]\n|-damage|p2a: Kyogre|47\/100 tox|[from] psn\n|upkeep\n|inactive|Battle timer is ON: inactive players will automatically lose when time's up. (requested by zaydwithyomom)\n|\n|t:|1700960322\n|switch|p1a: Koraidon|Koraidon|78\/100\n|-damage|p1a: Koraidon|72\/100|[from] Stealth Rock\n|-activate|p1a: Koraidon|ability: Orichalcum Pulse\n|turn|22\n|\n|t:|1700960327\n|move|p1a: Koraidon|Dragon Claw|p2a: Kyogre\n|-damage|p2a: Kyogre|0 fnt\n|faint|p2a: Kyogre\n|\n|-weather|SunnyDay|[upkeep]\n|upkeep\n|\n|t:|1700960334\n|switch|p2a: Basculegion|Basculegion, M|100\/100\n|-damage|p2a: Basculegion|88\/100|[from] Stealth Rock\n|-damage|p2a: Basculegion|72\/100|[from] Spikes\n|turn|23\n|\n|t:|1700960341\n|move|p1a: Koraidon|Dragon Claw|p2a: Basculegion\n|-damage|p2a: Basculegion|0 fnt\n|faint|p2a: Basculegion\n|\n|win|zaydwithyomom\n|n|\u2606zaydwithyomom|zaydwithyomom\n|n|\u2606lord_jabba|lordjabba\n|n| Too Many Caps|toomanycaps\n","uploadtime":1700960342,"views":2,"p1id":"zaydwithyomom","p2id":"lordjabba","formatid":"gen9ubers","rating":0,"private":0,"password":""}