{"id":"gen9ubers-1979903626","p1":"rookierobbie","p2":"Taka","format":"[Gen 9] Ubers","log":"|j|\u2606rookierobbie\n|j|\u2606Taka\n|t:|1698726878\n|gametype|singles\n|player|p1|rookierobbie|lucas-gen4pt|\n|player|p2|Taka|#bssplviiidavesdragonairs|\n|teamsize|p1|6\n|teamsize|p2|6\n|gen|9\n|tier|[Gen 9] Ubers\n|rated|Tournament battle\n|rule|Sleep Clause Mod: Limit one foe put to sleep\n|rule|Species Clause: Limit one of each Pok\u00e9mon\n|rule|OHKO Clause: OHKO moves are banned\n|rule|Evasion Items Clause: Evasion items are banned\n|rule|Evasion Moves Clause: Evasion moves are banned\n|rule|Endless Battle Clause: Forcing endless battles is banned\n|rule|HP Percentage Mod: HP is shown in percentages\n|clearpoke\n|poke|p1|Miraidon|\n|poke|p1|Koraidon|\n|poke|p1|Eternatus|\n|poke|p1|Zacian-*|\n|poke|p1|Arceus|\n|poke|p1|Groudon|\n|poke|p2|Ribombee, M|\n|poke|p2|Ogerpon-Hearthflame, F|\n|poke|p2|Koraidon|\n|poke|p2|Zacian-*|\n|poke|p2|Flutter Mane|\n|poke|p2|Miraidon|\n|teampreview\n|inactive|Battle timer is ON: inactive players will automatically lose when time's up. (requested by Taka)\n|c|\u2606Taka|hf\n|j| ZowwyCafe\u2764\n|inactive|rookierobbie has 120 seconds left.\n|\n|t:|1698726912\n|start\n|switch|p1a: Koraidon|Koraidon|100\/100\n|switch|p2a: Ribombee|Ribombee, M|100\/100\n|-weather|SunnyDay|[from] ability: Orichalcum Pulse|[of] p1a: Koraidon\n|-activate|p1a: Koraidon|Orichalcum Pulse|[source]\n|turn|1\n|\n|t:|1698726918\n|move|p1a: Koraidon|Flare Blitz|p2a: Ribombee\n|-supereffective|p2a: Ribombee\n|-enditem|p2a: Ribombee|Focus Sash\n|-damage|p2a: Ribombee|1\/100\n|-damage|p1a: Koraidon|75\/100|[from] Recoil\n|move|p2a: Ribombee|Sticky Web|p1a: Koraidon\n|-sidestart|p1: rookierobbie|move: Sticky Web\n|\n|-weather|SunnyDay|[upkeep]\n|upkeep\n|turn|2\n|\n|t:|1698726924\n|switch|p2a: Miraidon|Miraidon|100\/100\n|-fieldstart|move: Electric Terrain|[from] ability: Hadron Engine|[of] p2a: Miraidon\n|-enditem|p2a: Miraidon|Electric Seed\n|-boost|p2a: Miraidon|def|1|[from] item: Electric Seed\n|move|p1a: Koraidon|Flare Blitz|p2a: Miraidon\n|-resisted|p2a: Miraidon\n|-damage|p2a: Miraidon|76\/100\n|-damage|p1a: Koraidon|66\/100|[from] Recoil\n|\n|-weather|SunnyDay|[upkeep]\n|upkeep\n|turn|3\n|\n|t:|1698726928\n|move|p1a: Koraidon|Scale Shot|p2a: Miraidon\n|-supereffective|p2a: Miraidon\n|-damage|p2a: Miraidon|56\/100\n|-supereffective|p2a: Miraidon\n|-damage|p2a: Miraidon|36\/100\n|-supereffective|p2a: Miraidon\n|-damage|p2a: Miraidon|16\/100\n|-supereffective|p2a: Miraidon\n|-damage|p2a: Miraidon|0 fnt\n|faint|p2a: Miraidon\n|-hitcount|p2: Miraidon|4\n|-unboost|p1a: Koraidon|def|1\n|-boost|p1a: Koraidon|spe|1\n|\n|-weather|SunnyDay|[upkeep]\n|upkeep\n|c|\u2606Taka|oh i got owned\n|\n|t:|1698726937\n|switch|p2a: Flutter Mane|Flutter Mane|100\/100\n|-activate|p2a: Flutter Mane|ability: Protosynthesis\n|-start|p2a: Flutter Mane|protosynthesisspe\n|turn|4\n|\n|t:|1698726942\n|move|p2a: Flutter Mane|Moonblast|p1a: Koraidon\n|-supereffective|p1a: Koraidon\n|-damage|p1a: Koraidon|0 fnt\n|faint|p1a: Koraidon\n|-damage|p2a: Flutter Mane|91\/100|[from] item: Life Orb\n|\n|-weather|SunnyDay|[upkeep]\n|upkeep\n|\n|t:|1698726948\n|switch|p1a: Zacian|Zacian-Crowned|100\/100\n|-activate|p1a: Zacian|move: Sticky Web\n|-unboost|p1a: Zacian|spe|1\n|-ability|p1a: Zacian|Intrepid Sword|boost\n|-boost|p1a: Zacian|atk|1\n|turn|5\n|\n|t:|1698726952\n|-end|p2a: Flutter Mane|Protosynthesis|[silent]\n|switch|p2a: Ribombee|Ribombee, M|1\/100\n|move|p1a: Zacian|Behemoth Blade|p2a: Ribombee\n|-supereffective|p2a: Ribombee\n|-damage|p2a: Ribombee|0 fnt\n|faint|p2a: Ribombee\n|\n|-weather|none\n|upkeep\n|\n|t:|1698726955\n|switch|p2a: Koraidon|Koraidon|100\/100\n|-weather|SunnyDay|[from] ability: Orichalcum Pulse|[of] p2a: Koraidon\n|-activate|p2a: Koraidon|Orichalcum Pulse|[source]\n|-enditem|p2a: Koraidon|Electric Seed\n|-boost|p2a: Koraidon|def|1|[from] item: Electric Seed\n|turn|6\n|\n|t:|1698726964\n|switch|p1a: Groudon|Groudon|100\/100\n|-activate|p1a: Groudon|move: Sticky Web\n|-unboost|p1a: Groudon|spe|1\n|move|p2a: Koraidon|Swords Dance|p2a: Koraidon\n|-boost|p2a: Koraidon|atk|2\n|\n|-weather|SunnyDay|[upkeep]\n|-fieldend|move: Electric Terrain\n|upkeep\n|turn|7\n|\n|t:|1698726972\n|-terastallize|p2a: Koraidon|Flying\n|move|p2a: Koraidon|Swords Dance|p2a: Koraidon\n|-boost|p2a: Koraidon|atk|2\n|move|p1a: Groudon|Roar|p2a: Koraidon\n|drag|p2a: Flutter Mane|Flutter Mane|91\/100\n|-activate|p2a: Flutter Mane|ability: Protosynthesis\n|-start|p2a: Flutter Mane|protosynthesisspe\n|\n|-weather|SunnyDay|[upkeep]\n|upkeep\n|turn|8\n|\n|t:|1698726982\n|move|p2a: Flutter Mane|Moonblast|p1a: Groudon\n|-crit|p1a: Groudon\n|-damage|p1a: Groudon|4\/100\n|-unboost|p1a: Groudon|spa|1\n|-damage|p2a: Flutter Mane|81\/100|[from] item: Life Orb\n|move|p1a: Groudon|Stealth Rock|p2a: Flutter Mane\n|-sidestart|p2: Taka|move: Stealth Rock\n|\n|-weather|SunnyDay|[upkeep]\n|-heal|p1a: Groudon|10\/100|[from] item: Leftovers\n|upkeep\n|turn|9\n|\n|t:|1698726987\n|move|p2a: Flutter Mane|Shadow Ball|p1a: Groudon\n|-damage|p1a: Groudon|0 fnt\n|faint|p1a: Groudon\n|-damage|p2a: Flutter Mane|71\/100|[from] item: Life Orb\n|\n|-weather|SunnyDay|[upkeep]\n|upkeep\n|\n|t:|1698726998\n|switch|p1a: Zacian|Zacian-Crowned|100\/100\n|-activate|p1a: Zacian|move: Sticky Web\n|-unboost|p1a: Zacian|spe|1\n|turn|10\n|\n|t:|1698727001\n|move|p2a: Flutter Mane|Shadow Ball|p1a: Zacian\n|-damage|p1a: Zacian|50\/100\n|-damage|p2a: Flutter Mane|61\/100|[from] item: Life Orb\n|move|p1a: Zacian|Behemoth Blade|p2a: Flutter Mane\n|-supereffective|p2a: Flutter Mane\n|-damage|p2a: Flutter Mane|0 fnt\n|faint|p2a: Flutter Mane\n|-end|p2a: Flutter Mane|Protosynthesis|[silent]\n|\n|-weather|none\n|upkeep\n|\n|t:|1698727005\n|switch|p2a: Koraidon|Koraidon, tera:Flying|100\/100\n|-damage|p2a: Koraidon|76\/100|[from] Stealth Rock\n|-weather|SunnyDay|[from] ability: Orichalcum Pulse|[of] p2a: Koraidon\n|-activate|p2a: Koraidon|Orichalcum Pulse|[source]\n|turn|11\n|\n|t:|1698727008\n|move|p2a: Koraidon|Flame Charge|p1a: Zacian\n|-supereffective|p1a: Zacian\n|-damage|p1a: Zacian|0 fnt\n|-boost|p2a: Koraidon|spe|1\n|faint|p1a: Zacian\n|\n|-weather|SunnyDay|[upkeep]\n|upkeep\n|inactive|rookierobbie has 120 seconds left.\n|\n|t:|1698727043\n|switch|p1a: Miraidon|Miraidon|100\/100\n|-activate|p1a: Miraidon|move: Sticky Web\n|-unboost|p1a: Miraidon|spe|1\n|-fieldstart|move: Electric Terrain|[from] ability: Hadron Engine|[of] p1a: Miraidon\n|turn|12\n|inactive|rookierobbie has 120 seconds left.\n|\n|t:|1698727070\n|-terastallize|p1a: Miraidon|Steel\n|move|p2a: Koraidon|Acrobatics|p1a: Miraidon\n|-resisted|p1a: Miraidon\n|-damage|p1a: Miraidon|59\/100\n|move|p1a: Miraidon|Agility|p1a: Miraidon\n|-boost|p1a: Miraidon|spe|2\n|\n|-weather|SunnyDay|[upkeep]\n|upkeep\n|turn|13\n|\n|t:|1698727075\n|move|p1a: Miraidon|Dragon Pulse|p2a: Koraidon\n|-damage|p2a: Koraidon|0 fnt\n|faint|p2a: Koraidon\n|-damage|p1a: Miraidon|49\/100|[from] item: Life Orb\n|\n|-weather|SunnyDay|[upkeep]\n|upkeep\n|\n|t:|1698727083\n|switch|p2a: Zacian|Zacian-Crowned|100\/100\n|-damage|p2a: Zacian|94\/100|[from] Stealth Rock\n|-ability|p2a: Zacian|Intrepid Sword|boost\n|-boost|p2a: Zacian|atk|1\n|turn|14\n|\n|t:|1698727095\n|move|p1a: Miraidon|Electro Drift|p2a: Zacian\n|-damage|p2a: Zacian|0 fnt\n|faint|p2a: Zacian\n|-damage|p1a: Miraidon|39\/100|[from] item: Life Orb\n|\n|-weather|SunnyDay|[upkeep]\n|upkeep\n|c|\u2606Taka|gg\n|-message|Taka forfeited.\n|\n|win|rookierobbie\n|n|\u2606rookierobbie|rookierobbie\n|n|\u2606Taka|taka\n|n| ZowwyCafe\u2764|zowwycafe\n","uploadtime":1698727102,"views":33,"p1id":"rookierobbie","p2id":"taka","formatid":"gen9ubers","rating":0,"private":0,"password":""}