{"id":"gen9ubers-1981311736","p1":"corvere\u2665","p2":"IcedOut06","format":"[Gen 9] Ubers","log":"|j|\u2606corvere\u2665\n|j|\u2606IcedOut06\n|t:|1698882436\n|gametype|singles\n|player|p1|corvere\u2665|anthea|\n|player|p2|IcedOut06|kieran|\n|teamsize|p1|6\n|teamsize|p2|6\n|gen|9\n|tier|[Gen 9] Ubers\n|rated|Tournament battle\n|rule|Sleep Clause Mod: Limit one foe put to sleep\n|rule|Species Clause: Limit one of each Pok\u00e9mon\n|rule|OHKO Clause: OHKO moves are banned\n|rule|Evasion Items Clause: Evasion items are banned\n|rule|Evasion Moves Clause: Evasion moves are banned\n|rule|Endless Battle Clause: Forcing endless battles is banned\n|rule|HP Percentage Mod: HP is shown in percentages\n|clearpoke\n|poke|p1|Ogerpon-Wellspring, F|\n|poke|p1|Miraidon|\n|poke|p1|Gliscor, F|\n|poke|p1|Zacian-*|\n|poke|p1|Kyogre|\n|poke|p1|Clodsire, F|\n|poke|p2|Miraidon|\n|poke|p2|Sneasler, M|\n|poke|p2|Iron Valiant|\n|poke|p2|Hawlucha, M|\n|poke|p2|Iron Bundle|\n|poke|p2|Regieleki|\n|teampreview\n|inactive|Battle timer is ON: inactive players will automatically lose when time's up. (requested by corvere\u2665)\n|inactive|IcedOut06 also wants the timer to be on.\n|\n|t:|1698882442\n|start\n|switch|p1a: Gliscor|Gliscor, F, shiny|100\/100\n|switch|p2a: Miraidon|Miraidon|100\/100\n|-fieldstart|move: Electric Terrain|[from] ability: Hadron Engine|[of] p2a: Miraidon\n|turn|1\n|\n|t:|1698882449\n|move|p1a: Gliscor|Protect|p1a: Gliscor\n|-singleturn|p1a: Gliscor|Protect\n|move|p2a: Miraidon|Draco Meteor|p1a: Gliscor\n|-activate|p1a: Gliscor|move: Protect\n|\n|-status|p1a: Gliscor|tox|[from] item: Toxic Orb\n|upkeep\n|turn|2\n|j| mitana\n|\n|t:|1698882457\n|move|p2a: Miraidon|Draco Meteor|p1a: Gliscor\n|-damage|p1a: Gliscor|24\/100 tox\n|-unboost|p2a: Miraidon|spa|2\n|move|p1a: Gliscor|Toxic|p2a: Miraidon\n|-status|p2a: Miraidon|tox\n|\n|-damage|p2a: Miraidon|94\/100 tox|[from] psn\n|-heal|p1a: Gliscor|37\/100 tox|[from] ability: Poison Heal\n|upkeep\n|turn|3\n|\n|t:|1698882466\n|switch|p2a: Iron Bundle|Iron Bundle|100\/100\n|-activate|p2a: Iron Bundle|ability: Quark Drive\n|-start|p2a: Iron Bundle|quarkdrivespe\n|move|p1a: Gliscor|Toxic|p2a: Iron Bundle\n|-status|p2a: Iron Bundle|tox\n|\n|-damage|p2a: Iron Bundle|95\/100 tox|[from] psn\n|-heal|p1a: Gliscor|49\/100 tox|[from] ability: Poison Heal\n|upkeep\n|turn|4\n|\n|t:|1698882471\n|move|p1a: Gliscor|Protect|p1a: Gliscor\n|-singleturn|p1a: Gliscor|Protect\n|move|p2a: Iron Bundle|Ice Beam|p1a: Gliscor\n|-activate|p1a: Gliscor|move: Protect\n|\n|-damage|p2a: Iron Bundle|83\/100 tox|[from] psn\n|-heal|p1a: Gliscor|62\/100 tox|[from] ability: Poison Heal\n|upkeep\n|turn|5\n|\n|t:|1698882481\n|switch|p1a: Zacian|Zacian-Crowned|100\/100\n|-ability|p1a: Zacian|Intrepid Sword|boost\n|-boost|p1a: Zacian|atk|1\n|move|p2a: Iron Bundle|Ice Beam|p1a: Zacian\n|-resisted|p1a: Zacian\n|-damage|p1a: Zacian|71\/100\n|\n|-damage|p2a: Iron Bundle|65\/100 tox|[from] psn\n|upkeep\n|turn|6\n|\n|t:|1698882491\n|-end|p2a: Iron Bundle|Quark Drive|[silent]\n|switch|p2a: Regieleki|Regieleki|100\/100\n|move|p1a: Zacian|Behemoth Blade|p2a: Regieleki\n|-resisted|p2a: Regieleki\n|-damage|p2a: Regieleki|21\/100\n|\n|upkeep\n|turn|7\n|\n|t:|1698882494\n|switch|p1a: Gliscor|Gliscor, F, shiny|62\/100 tox\n|move|p2a: Regieleki|Electroweb|p1a: Gliscor\n|-immune|p1a: Gliscor\n|\n|-heal|p1a: Gliscor|74\/100 tox|[from] ability: Poison Heal\n|upkeep\n|turn|8\n|\n|t:|1698882500\n|-terastallize|p2a: Regieleki|Ice\n|move|p2a: Regieleki|Tera Blast|p1a: Gliscor|[anim] Tera Blast Ice\n|-supereffective|p1a: Gliscor\n|-damage|p1a: Gliscor|0 fnt\n|faint|p1a: Gliscor\n|\n|-fieldend|move: Electric Terrain\n|upkeep\n|\n|t:|1698882508\n|switch|p1a: Zacian|Zacian-Crowned|71\/100\n|turn|9\n|\n|t:|1698882512\n|move|p2a: Regieleki|Electroweb|p1a: Zacian\n|-damage|p1a: Zacian|44\/100\n|-unboost|p1a: Zacian|spe|1\n|move|p1a: Zacian|Behemoth Blade|p2a: Regieleki\n|-supereffective|p2a: Regieleki\n|-damage|p2a: Regieleki|0 fnt\n|faint|p2a: Regieleki\n|\n|upkeep\n|inactive|IcedOut06 has 120 seconds left.\n|\n|t:|1698882549\n|switch|p2a: Miraidon|Miraidon|94\/100 tox\n|-fieldstart|move: Electric Terrain|[from] ability: Hadron Engine|[of] p2a: Miraidon\n|turn|10\n|\n|t:|1698882553\n|switch|p1a: Clodsire|Clodsire, F|100\/100\n|move|p2a: Miraidon|Parabolic Charge|p1a: Clodsire\n|-immune|p1a: Clodsire\n|\n|-damage|p2a: Miraidon|88\/100 tox|[from] psn\n|upkeep\n|turn|11\n|\n|t:|1698882566\n|switch|p2a: Iron Bundle|Iron Bundle|65\/100 tox\n|-activate|p2a: Iron Bundle|ability: Quark Drive\n|-start|p2a: Iron Bundle|quarkdrivespe\n|move|p1a: Clodsire|Spikes|p2a: Iron Bundle\n|-sidestart|p2: IcedOut06|Spikes\n|\n|-damage|p2a: Iron Bundle|59\/100 tox|[from] psn\n|upkeep\n|turn|12\n|\n|t:|1698882579\n|switch|p1a: Zacian|Zacian-Crowned|44\/100\n|move|p2a: Iron Bundle|Ice Beam|p1a: Zacian\n|-resisted|p1a: Zacian\n|-damage|p1a: Zacian|10\/100\n|\n|-damage|p2a: Iron Bundle|47\/100 tox|[from] psn\n|upkeep\n|turn|13\n|\n|t:|1698882582\n|move|p2a: Iron Bundle|Ice Beam|p1a: Zacian\n|-resisted|p1a: Zacian\n|-damage|p1a: Zacian|0 fnt\n|faint|p1a: Zacian\n|\n|-damage|p2a: Iron Bundle|29\/100 tox|[from] psn\n|upkeep\n|\n|t:|1698882584\n|switch|p1a: Kyogre|Kyogre, shiny|100\/100\n|-weather|RainDance|[from] ability: Drizzle|[of] p1a: Kyogre\n|turn|14\n|\n|t:|1698882590\n|-end|p2a: Iron Bundle|Quark Drive|[silent]\n|switch|p2a: Miraidon|Miraidon|88\/100 tox\n|-damage|p2a: Miraidon|76\/100 tox|[from] Spikes\n|-activate|p2a: Miraidon|ability: Hadron Engine\n|move|p1a: Kyogre|Ice Beam|p2a: Miraidon\n|-supereffective|p2a: Miraidon\n|-damage|p2a: Miraidon|12\/100 tox\n|\n|-weather|RainDance|[upkeep]\n|-damage|p2a: Miraidon|6\/100 tox|[from] psn\n|upkeep\n|turn|15\n|\n|t:|1698882597\n|move|p2a: Miraidon|Electro Drift|p1a: Kyogre\n|-supereffective|p1a: Kyogre\n|-damage|p1a: Kyogre|0 fnt\n|faint|p1a: Kyogre\n|\n|-weather|RainDance|[upkeep]\n|-damage|p2a: Miraidon|0 fnt|[from] psn\n|faint|p2a: Miraidon\n|upkeep\n|\n|t:|1698882609\n|switch|p2a: Sneasler|Sneasler, M|100\/100\n|switch|p1a: Miraidon|Miraidon|100\/100\n|-activate|p1a: Miraidon|ability: Hadron Engine\n|-damage|p2a: Sneasler|88\/100|[from] Spikes\n|-enditem|p2a: Sneasler|Electric Seed\n|-boost|p2a: Sneasler|def|1|[from] item: Electric Seed\n|turn|16\n|\n|t:|1698882630\n|move|p2a: Sneasler|Close Combat|p1a: Miraidon\n|-damage|p1a: Miraidon|33\/100\n|-unboost|p2a: Sneasler|def|1\n|-unboost|p2a: Sneasler|spd|1\n|move|p1a: Miraidon|Electro Drift|p2a: Sneasler\n|-damage|p2a: Sneasler|0 fnt\n|faint|p2a: Sneasler\n|\n|-weather|RainDance|[upkeep]\n|upkeep\n|\n|t:|1698882639\n|switch|p2a: Iron Valiant|Iron Valiant|100\/100\n|-damage|p2a: Iron Valiant|88\/100|[from] Spikes\n|-activate|p2a: Iron Valiant|ability: Quark Drive\n|-start|p2a: Iron Valiant|quarkdrivespe\n|turn|17\n|\n|t:|1698882649\n|move|p2a: Iron Valiant|Spirit Break|p1a: Miraidon\n|-supereffective|p1a: Miraidon\n|-damage|p1a: Miraidon|0 fnt\n|faint|p1a: Miraidon\n|\n|-weather|RainDance|[upkeep]\n|-fieldend|move: Electric Terrain\n|-end|p2a: Iron Valiant|Quark Drive\n|upkeep\n|-enditem|p2a: Iron Valiant|Booster Energy\n|-activate|p2a: Iron Valiant|ability: Quark Drive|[fromitem]\n|-start|p2a: Iron Valiant|quarkdrivespe\n|\n|t:|1698882651\n|switch|p1a: Ogerpon|Ogerpon-Wellspring, F|100\/100\n|turn|18\n|\n|t:|1698882658\n|move|p2a: Iron Valiant|Destiny Bond|p2a: Iron Valiant\n|-singlemove|p2a: Iron Valiant|Destiny Bond\n|move|p1a: Ogerpon|Ivy Cudgel|p2a: Iron Valiant\n|-damage|p2a: Iron Valiant|0 fnt\n|faint|p2a: Iron Valiant\n|-activate|p2a: Iron Valiant|move: Destiny Bond\n|-end|p2a: Iron Valiant|Quark Drive|[silent]\n|faint|p1a: Ogerpon\n|\n|-weather|none\n|upkeep\n|\n|t:|1698882674\n|switch|p2a: Hawlucha|Hawlucha, M|100\/100\n|switch|p1a: Clodsire|Clodsire, F|100\/100\n|turn|19\n|\n|t:|1698882680\n|move|p2a: Hawlucha|Fling|p1a: Clodsire\n|-damage|p1a: Clodsire|73\/100\n|-enditem|p2a: Hawlucha|Big Nugget|[from] move: Fling\n|move|p1a: Clodsire|Spikes|p2a: Hawlucha\n|-sidestart|p2: IcedOut06|Spikes\n|\n|upkeep\n|turn|20\n|\n|t:|1698882683\n|move|p2a: Hawlucha|Dual Wingbeat|p1a: Clodsire\n|-damage|p1a: Clodsire|61\/100\n|-damage|p2a: Hawlucha|84\/100|[from] item: Rocky Helmet|[of] p1a: Clodsire\n|-damage|p1a: Clodsire|47\/100\n|-damage|p2a: Hawlucha|68\/100|[from] item: Rocky Helmet|[of] p1a: Clodsire\n|-hitcount|p1a: Clodsire|2\n|move|p1a: Clodsire|Recover|p1a: Clodsire\n|-heal|p1a: Clodsire|97\/100\n|\n|upkeep\n|turn|21\n|\n|t:|1698882692\n|move|p2a: Hawlucha|Acrobatics|p1a: Clodsire\n|-damage|p1a: Clodsire|63\/100\n|-damage|p2a: Hawlucha|51\/100|[from] item: Rocky Helmet|[of] p1a: Clodsire\n|move|p1a: Clodsire|Spikes|p2a: Hawlucha\n|-sidestart|p2: IcedOut06|Spikes\n|\n|upkeep\n|turn|22\n|l| mitana\n|inactive|IcedOut06 has 120 seconds left.\n|\n|t:|1698882750\n|move|p2a: Hawlucha|Acrobatics|p1a: Clodsire\n|-damage|p1a: Clodsire|24\/100\n|-damage|p2a: Hawlucha|35\/100|[from] item: Rocky Helmet|[of] p1a: Clodsire\n|move|p1a: Clodsire|Recover|p1a: Clodsire\n|-heal|p1a: Clodsire|74\/100\n|\n|upkeep\n|turn|23\n|\n|t:|1698882753\n|move|p2a: Hawlucha|Acrobatics|p1a: Clodsire\n|-damage|p1a: Clodsire|37\/100\n|-damage|p2a: Hawlucha|18\/100|[from] item: Rocky Helmet|[of] p1a: Clodsire\n|move|p1a: Clodsire|Recover|p1a: Clodsire\n|-heal|p1a: Clodsire|87\/100\n|\n|upkeep\n|turn|24\n|\n|t:|1698882768\n|switch|p2a: Iron Bundle|Iron Bundle|29\/100 tox\n|-damage|p2a: Iron Bundle|4\/100 tox|[from] Spikes\n|move|p1a: Clodsire|Recover|p1a: Clodsire\n|-heal|p1a: Clodsire|100\/100\n|\n|-damage|p2a: Iron Bundle|0 fnt|[from] psn\n|faint|p2a: Iron Bundle\n|-end|p2a: Iron Bundle|Quark Drive|[silent]\n|upkeep\n|\n|t:|1698882771\n|switch|p2a: Hawlucha|Hawlucha, M|18\/100\n|turn|25\n|\n|t:|1698882776\n|move|p2a: Hawlucha|Acrobatics|p1a: Clodsire\n|-damage|p1a: Clodsire|62\/100\n|-damage|p2a: Hawlucha|2\/100|[from] item: Rocky Helmet|[of] p1a: Clodsire\n|move|p1a: Clodsire|Toxic|p2a: Hawlucha\n|-status|p2a: Hawlucha|tox\n|\n|-damage|p2a: Hawlucha|0 fnt|[from] psn\n|faint|p2a: Hawlucha\n|\n|win|corvere\u2665\n|upkeep\n|n|\u2606corvere\u2665|corvere\n|n|\u2606IcedOut06|icedout06\n","uploadtime":1698882777,"views":10,"p1id":"corvere","p2id":"icedout06","formatid":"gen9ubers","rating":0,"private":0,"password":""}