{"id":"gen9ubers-1974623623","p1":"mvpasap","p2":"Rival Andrew","format":"[Gen 9] Ubers","log":"|j|\u2606mvpasap\n|j|\u2606Rival Andrew\n|t:|1698103741\n|gametype|singles\n|player|p1|mvpasap|palmer|\n|player|p2|Rival Andrew|silver|\n|teamsize|p1|6\n|teamsize|p2|6\n|gen|9\n|tier|[Gen 9] Ubers\n|rule|Sleep Clause Mod: Limit one foe put to sleep\n|rule|Species Clause: Limit one of each Pok\u00e9mon\n|rule|OHKO Clause: OHKO moves are banned\n|rule|Evasion Items Clause: Evasion items are banned\n|rule|Evasion Moves Clause: Evasion moves are banned\n|rule|Endless Battle Clause: Forcing endless battles is banned\n|rule|HP Percentage Mod: HP is shown in percentages\n|clearpoke\n|poke|p1|Corviknight, M|\n|poke|p1|Groudon|\n|poke|p1|Dialga-Origin|\n|poke|p1|Glimmora, M|\n|poke|p1|Chien-Pao|\n|poke|p1|Grimmsnarl, M|\n|poke|p2|Groudon|\n|poke|p2|Koraidon|\n|poke|p2|Ogerpon-Hearthflame, F|\n|poke|p2|Walking Wake|\n|poke|p2|Regieleki|\n|poke|p2|Ursaluna-Bloodmoon, M|\n|teampreview\n|j| Hand0fD00m\n|\n|t:|1698103759\n|start\n|switch|p1a: Chien-Pao|Chien-Pao|100\/100\n|switch|p2a: Majora|Ogerpon-Hearthflame, F|100\/100\n|-ability|p1a: Chien-Pao|Sword of Ruin\n|-ability|p2a: Majora|Mold Breaker\n|turn|1\n|j| Sonad~\n|\n|t:|1698103777\n|-terastallize|p2a: Majora|Fire\n|detailschange|p2a: Majora|Ogerpon-Hearthflame-Tera, F, tera:Fire\n|-ability|p2a: Majora|Embody Aspect (Hearthflame)|boost\n|-boost|p2a: Majora|atk|1\n|move|p1a: Chien-Pao|Ice Spinner|p2a: Majora\n|-resisted|p2a: Majora\n|-damage|p2a: Majora|57\/100\n|-damage|p1a: Chien-Pao|91\/100|[from] item: Life Orb\n|move|p2a: Majora|Ivy Cudgel|p1a: Chien-Pao\n|-supereffective|p1a: Chien-Pao\n|-damage|p1a: Chien-Pao|0 fnt\n|faint|p1a: Chien-Pao\n|\n|upkeep\n|\n|t:|1698103790\n|switch|p1a: Groudon|Groudon|100\/100\n|-weather|SunnyDay|[from] ability: Drought|[of] p1a: Groudon\n|turn|2\n|\n|t:|1698103799\n|-terastallize|p1a: Groudon|Ground\n|move|p2a: Majora|Ivy Cudgel|p1a: Groudon\n|-damage|p1a: Groudon|0 fnt\n|faint|p1a: Groudon\n|\n|-weather|SunnyDay|[upkeep]\n|upkeep\n|c| Hand0fD00m|holy shit\n|\n|t:|1698103807\n|switch|p1a: Glimmora|Glimmora, M|100\/100\n|turn|3\n|\n|t:|1698103822\n|move|p2a: Majora|Horn Leech|p1a: Glimmora\n|-damage|p1a: Glimmora|31\/100\n|-heal|p2a: Majora|99\/100|[from] drain|[of] p1a: Glimmora\n|-damage|p2a: Majora|83\/100|[from] item: Rocky Helmet|[of] p1a: Glimmora\n|-activate|p1a: Glimmora|ability: Toxic Debris\n|-sidestart|p2: Rival Andrew|move: Toxic Spikes\n|move|p1a: Glimmora|Explosion|p2a: Majora\n|-damage|p2a: Majora|40\/100\n|faint|p1a: Glimmora\n|\n|-weather|SunnyDay|[upkeep]\n|upkeep\n|j| darkmoju\n|\n|t:|1698103835\n|switch|p1a: Corviknight|Corviknight, M|100\/100\n|turn|4\n|\n|t:|1698103838\n|move|p2a: Majora|Ivy Cudgel|p1a: Corviknight\n|-supereffective|p1a: Corviknight\n|-damage|p1a: Corviknight|0 fnt\n|faint|p1a: Corviknight\n|\n|-weather|SunnyDay|[upkeep]\n|upkeep\n|\n|t:|1698103844\n|switch|p1a: Grimmsnarl|Grimmsnarl, M|100\/100\n|turn|5\n|\n|t:|1698103847\n|move|p1a: Grimmsnarl|Reflect|p1a: Grimmsnarl\n|-sidestart|p1: mvpasap|Reflect\n|move|p2a: Majora|Ivy Cudgel|p1a: Grimmsnarl\n|-crit|p1a: Grimmsnarl\n|-damage|p1a: Grimmsnarl|0 fnt\n|faint|p1a: Grimmsnarl\n|\n|-weather|SunnyDay|[upkeep]\n|upkeep\n|c| Hand0fD00m|holy shit that thing is nuts\n|\n|t:|1698103854\n|switch|p1a: Dialga|Dialga-Origin|100\/100\n|-ability|p1a: Dialga|Pressure\n|turn|6\n|\n|t:|1698103859\n|move|p2a: Majora|Ivy Cudgel|p1a: Dialga\n|-damage|p1a: Dialga|23\/100\n|move|p1a: Dialga|Earth Power|p2a: Majora\n|-supereffective|p2a: Majora\n|-damage|p2a: Majora|0 fnt\n|faint|p2a: Majora\n|\n|-weather|none\n|upkeep\n|\n|t:|1698103872\n|switch|p2a: Hurried Hurricane|Walking Wake|100\/100\n|-status|p2a: Hurried Hurricane|psn\n|turn|7\n|\n|t:|1698103876\n|move|p2a: Hurried Hurricane|Draco Meteor|p1a: Dialga\n|-damage|p1a: Dialga|0 fnt\n|-unboost|p2a: Hurried Hurricane|spa|2\n|faint|p1a: Dialga\n|\n|win|Rival Andrew\n|c| Sonad~|gg\n|c|\u2606Rival Andrew|gg\n|c| Hand0fD00m|well thats a set gg\n|c|\u2606Rival Andrew|Majora clapped cheeks\n|l|\u2606mvpasap\n","uploadtime":1698103894,"views":14,"p1id":"mvpasap","p2id":"rivalandrew","formatid":"gen9ubers","rating":0,"private":0,"password":""}