{"id":"gen9ubers-1982214360","p1":"XpokVEVO","p2":"Kinesquared","format":"[Gen 9] Ubers","log":"|j|\u2606XpokVEVO\n|j|\u2606Kinesquared\n|t:|1698980065\n|gametype|singles\n|player|p1|XpokVEVO|rika|\n|player|p2|Kinesquared|scientist-gen4dp|\n|teamsize|p1|6\n|teamsize|p2|6\n|gen|9\n|tier|[Gen 9] Ubers\n|rule|Sleep Clause Mod: Limit one foe put to sleep\n|rule|Species Clause: Limit one of each Pok\u00e9mon\n|rule|OHKO Clause: OHKO moves are banned\n|rule|Evasion Items Clause: Evasion items are banned\n|rule|Evasion Moves Clause: Evasion moves are banned\n|rule|Endless Battle Clause: Forcing endless battles is banned\n|rule|HP Percentage Mod: HP is shown in percentages\n|clearpoke\n|poke|p1|Cyclizar, M|\n|poke|p1|Espathra, F|\n|poke|p1|Magearna|\n|poke|p1|Zacian-*|\n|poke|p1|Roaring Moon|\n|poke|p1|Arceus-Fire|\n|poke|p2|Magearna|\n|poke|p2|Ursaluna, M|\n|poke|p2|Dialga|\n|poke|p2|Hoopa-Unbound|\n|poke|p2|Cinderace, F|\n|poke|p2|Cresselia, F|\n|teampreview\n|inactive|Battle timer is ON: inactive players will automatically lose when time's up. (requested by XpokVEVO)\n|c|\u2606XpokVEVO|i have ofc infinite amounts of vs offense matches, im guessing that with many vespy matches and a win against you is enough?\n|\n|t:|1698980088\n|start\n|switch|p1a: Akira|Cyclizar, M|100\/100\n|switch|p2a: Magearna|Magearna|100\/100\n|turn|1\n|\n|t:|1698980094\n|-terastallize|p1a: Akira|Poison\n|move|p1a: Akira|Taunt|p2a: Magearna\n|-start|p2a: Magearna|move: Taunt\n|cant|p2a: Magearna|move: Taunt|Trick Room\n|\n|upkeep\n|turn|2\n|j| the tr4sh man\n|\n|t:|1698980110\n|switch|p1a: Princess|Zacian, shiny|100\/100\n|-ability|p1a: Princess|Intrepid Sword|boost\n|-boost|p1a: Princess|atk|1\n|move|p2a: Magearna|Volt Switch|p1a: Princess\n|-damage|p1a: Princess|83\/100\n|\n|t:|1698980116\n|switch|p2a: Cresselia|Cresselia, F|100\/100|[from] Volt Switch\n|\n|upkeep\n|turn|3\n|c| the tr4sh man|domain expansion: trick room\n|c|\u2606XpokVEVO|maximum technique\n|c|\u2606XpokVEVO|crit crunch\n|\n|t:|1698980138\n|-terastallize|p2a: Cresselia|Poison\n|move|p1a: Princess|Crunch|p2a: Cresselia\n|-damage|p2a: Cresselia|72\/100\n|-damage|p1a: Princess|74\/100|[from] item: Life Orb\n|move|p2a: Cresselia|Trick Room|p2a: Cresselia\n|-fieldstart|move: Trick Room|[of] p2a: Cresselia\n|\n|-heal|p2a: Cresselia|78\/100|[from] item: Leftovers\n|upkeep\n|turn|4\n|c|\u2606XpokVEVO|kms\n|\n|t:|1698980150\n|switch|p1a: Roaring Peak|Roaring Moon|100\/100\n|-enditem|p1a: Roaring Peak|Booster Energy\n|-activate|p1a: Roaring Peak|ability: Protosynthesis|[fromitem]\n|-start|p1a: Roaring Peak|protosynthesisspe\n|move|p2a: Cresselia|Calm Mind|p2a: Cresselia\n|-boost|p2a: Cresselia|spa|1\n|-boost|p2a: Cresselia|spd|1\n|\n|-heal|p2a: Cresselia|85\/100|[from] item: Leftovers\n|upkeep\n|turn|5\n|\n|t:|1698980166\n|switch|p2a: Ursaluna|Ursaluna, M|100\/100\n|move|p1a: Roaring Peak|Earthquake|p2a: Ursaluna\n|-damage|p2a: Ursaluna|75\/100\n|\n|-status|p2a: Ursaluna|brn|[from] item: Flame Orb\n|upkeep\n|turn|6\n|c|\u2606Kinesquared|EQing into a cress is brave\n|c| the tr4sh man|eq on the levitate cress?\n|c| the tr4sh man|microwave\n|c|\u2606XpokVEVO|you dont know how hard i can cook\n|j| Leo Justice\n|inactive|XpokVEVO has 270 seconds left.\n|c|\u2606XpokVEVO|i thought it would go gravity\n|c|\u2606XpokVEVO|(??))\n|j| Pajoomas!\n|\n|t:|1698980208\n|move|p2a: Ursaluna|Headlong Rush|p1a: Roaring Peak\n|-damage|p1a: Roaring Peak|0 fnt\n|-unboost|p2a: Ursaluna|def|1\n|-unboost|p2a: Ursaluna|spd|1\n|faint|p1a: Roaring Peak\n|-end|p1a: Roaring Peak|Protosynthesis|[silent]\n|\n|-damage|p2a: Ursaluna|69\/100 brn|[from] brn\n|upkeep\n|\n|t:|1698980217\n|switch|p1a: Emu War|Espathra, F|100\/100\n|turn|7\n|c| Pajoomas!|kine you gotta win this game\n|\n|t:|1698980223\n|move|p2a: Ursaluna|Substitute|p2a: Ursaluna\n|-start|p2a: Ursaluna|Substitute\n|-damage|p2a: Ursaluna|44\/100 brn\n|move|p1a: Emu War|Calm Mind|p1a: Emu War\n|-boost|p1a: Emu War|spa|1\n|-boost|p1a: Emu War|spd|1\n|\n|-damage|p2a: Ursaluna|38\/100 brn|[from] brn\n|-fieldend|move: Trick Room\n|-ability|p1a: Emu War|Speed Boost|boost\n|-boost|p1a: Emu War|spe|1\n|upkeep\n|turn|8\n|c|\u2606XpokVEVO|NAH\n|c|\u2606XpokVEVO|NAH\n|c|\u2606XpokVEVO|NAH\n|c|\u2606XpokVEVO|NAHHH\n|c| Leo Justice|woAH\n|c|\u2606XpokVEVO|DUDE\n|c| Pajoomas!|you can't lose to choice band chi yu & tera water pelipper and then lose the subsequent game too\n|c|\u2606Kinesquared|LOL\n|c|\u2606XpokVEVO|you RATTT\n|c| Leo Justice|they both predicted each other\n|inactive|XpokVEVO has 270 seconds left.\n|c|\u2606Kinesquared|im cackling irl\n|inactive|Kinesquared has 270 seconds left.\n|\n|t:|1698980250\n|move|p1a: Emu War|Dazzling Gleam|p2a: Ursaluna\n|-crit|p2a: Ursaluna\n|-end|p2a: Ursaluna|Substitute\n|move|p2a: Ursaluna|Facade|p1a: Emu War\n|-enditem|p1a: Emu War|Focus Sash\n|-damage|p1a: Emu War|1\/100\n|\n|-damage|p2a: Ursaluna|32\/100 brn|[from] brn\n|-ability|p1a: Emu War|Speed Boost|boost\n|-boost|p1a: Emu War|spe|1\n|upkeep\n|turn|9\n|c| Pajoomas!|its joever\n|c| the tr4sh man|reveal sash emu\n|inactive|XpokVEVO has 270 seconds left.\n|c| the tr4sh man|LOL\n|inactive|Kinesquared has 270 seconds left.\n|\n|t:|1698980260\n|switch|p2a: Magearna|Magearna|100\/100\n|move|p1a: Emu War|Stored Power|p2a: Magearna\n|-resisted|p2a: Magearna\n|-damage|p2a: Magearna|70\/100\n|\n|-heal|p2a: Magearna|76\/100|[from] item: Leftovers\n|-ability|p1a: Emu War|Speed Boost|boost\n|-boost|p1a: Emu War|spe|1\n|upkeep\n|turn|10\n|c|\u2606XpokVEVO|grrr\n|c|\u2606XpokVEVO|STORED POWER CRIT\n|c|\u2606XpokVEVO|COME ON\n|inactive|XpokVEVO has 270 seconds left.\n|inactive|Kinesquared has 270 seconds left.\n|\n|t:|1698980271\n|move|p1a: Emu War|Stored Power|p2a: Magearna\n|-resisted|p2a: Magearna\n|-damage|p2a: Magearna|43\/100\n|move|p2a: Magearna|Volt Switch|p1a: Emu War\n|-damage|p1a: Emu War|0 fnt\n|faint|p1a: Emu War\n|-ability|p2a: Magearna|Soul-Heart|boost\n|-boost|p2a: Magearna|spa|1\n|c| Leo Justice|God espathra is so bad\n|inactive|Kinesquared has 270 seconds left.\n|c|\u2606XpokVEVO|excuse me?\n|\n|t:|1698980280\n|switch|p2a: Dialga|Dialga|100\/100|[from] Volt Switch\n|-ability|p2a: Dialga|Pressure\n|\n|upkeep\n|c| Pajoomas!|it's overrated imo\n|c| Pajoomas!|wouldn't call it bad\n|inactive|XpokVEVO has 270 seconds left.\n|c|\u2606XpokVEVO|underrated\n|\n|t:|1698980292\n|switch|p1a: Akira|Cyclizar, M, tera:Poison|100\/100\n|turn|11\n|c| Leo Justice|yeah\n|\n|t:|1698980300\n|move|p1a: Akira|Shed Tail|p1a: Akira\n|-start|p1a: Akira|Substitute|[from] move: Shed Tail\n|-damage|p1a: Akira|50\/100\n|\n|t:|1698980302\n|switch|p1a: Aunt Fanny|Magearna|100\/100|[from] Shed Tail\n|move|p2a: Dialga|Trick Room|p2a: Dialga\n|-fieldstart|move: Trick Room|[of] p2a: Dialga\n|\n|upkeep\n|turn|12\n|c| the tr4sh man|we need to create a hall of shame for those who lose to espathra\n|c| the tr4sh man|:trol:\n|\n|t:|1698980308\n|move|p2a: Dialga|Earth Power|p1a: Aunt Fanny\n|-supereffective|p1a: Aunt Fanny\n|-end|p1a: Aunt Fanny|Substitute\n|move|p1a: Aunt Fanny|Thunder Wave|p2a: Dialga\n|-status|p2a: Dialga|par\n|\n|upkeep\n|turn|13\n|c|\u2606XpokVEVO|THE MEME SET...WILL RUN WILD\n|c| Leo Justice|LOL Weakness policy didnt even activate\n|c|\u2606XpokVEVO|thats\n|c|\u2606XpokVEVO|not\n|c|\u2606XpokVEVO|how\n|c|\u2606XpokVEVO|it works\n|inactive|XpokVEVO has 270 seconds left.\n|c| Leo Justice|Also ur under trick room\n|j| GratedsShtickface\n|c|\u2606XpokVEVO|i do not care\n|c|\u2606XpokVEVO|cope harder\n|c| Leo Justice|if you shift gear you'd be slower\n|c|\u2606XpokVEVO|FLEUR CANNON\n|\n|t:|1698980347\n|move|p2a: Dialga|Earth Power|p1a: Aunt Fanny\n|-supereffective|p1a: Aunt Fanny\n|-damage|p1a: Aunt Fanny|24\/100\n|-enditem|p1a: Aunt Fanny|Weakness Policy\n|-boost|p1a: Aunt Fanny|atk|2|[from] item: Weakness Policy\n|-boost|p1a: Aunt Fanny|spa|2|[from] item: Weakness Policy\n|move|p1a: Aunt Fanny|Fleur Cannon|p2a: Dialga\n|-damage|p2a: Dialga|0 fnt\n|-unboost|p1a: Aunt Fanny|spa|2\n|faint|p2a: Dialga\n|-ability|p1a: Aunt Fanny|Soul-Heart|boost\n|-boost|p1a: Aunt Fanny|spa|1\n|\n|upkeep\n|c| Pajoomas!|kame hame ha\n|\n|t:|1698980360\n|switch|p2a: Hoopa|Hoopa-Unbound|100\/100\n|turn|14\n|\n|t:|1698980367\n|move|p2a: Hoopa|Fire Punch|p1a: Aunt Fanny\n|-supereffective|p1a: Aunt Fanny\n|-damage|p1a: Aunt Fanny|0 fnt\n|faint|p1a: Aunt Fanny\n|\n|upkeep\n|c|\u2606XpokVEVO|i know arceus fighting can win\n|c|\u2606XpokVEVO|i feel it\n|inactive|XpokVEVO has 270 seconds left.\n|c|\u2606XpokVEVO|in my heartbeat\n|c| the tr4sh man|you could say\n|c| the tr4sh man|it has a fighting chance\n|c| Leo Justice|You could say\n|c| Leo Justice|it will be fired up\n|c|\u2606XpokVEVO|oh my god i called my arceus fire arceus fighting unironically\n|c|\u2606XpokVEVO|like\n|c|\u2606XpokVEVO|i thought it was actually named that\n|inactive|XpokVEVO has 240 seconds left.\n|c|\u2606XpokVEVO|brainrot\n|c| the tr4sh man|you could say\n|c| the tr4sh man|microwave\n|\n|t:|1698980421\n|switch|p1a: Ar\u0441eus-Fighting|Arceus-Fire, shiny|100\/100\n|turn|15\n|c|\u2606XpokVEVO|we getting this sweep chat\n|c|\u2606XpokVEVO|just witness\n|c|\u2606XpokVEVO|the strongest\n|\n|t:|1698980430\n|move|p2a: Hoopa|Hyperspace Fury|p1a: Ar\u0441eus-Fighting\n|-damage|p1a: Ar\u0441eus-Fighting|60\/100\n|-unboost|p2a: Hoopa|def|1\n|move|p1a: Ar\u0441eus-Fighting|Dragon Dance|p1a: Ar\u0441eus-Fighting\n|-boost|p1a: Ar\u0441eus-Fighting|atk|1\n|-boost|p1a: Ar\u0441eus-Fighting|spe|1\n|\n|-fieldend|move: Trick Room\n|upkeep\n|turn|16\n|inactive|XpokVEVO has 240 seconds left.\n|\n|t:|1698980437\n|move|p1a: Ar\u0441eus-Fighting|Flare Blitz|p2a: Hoopa\n|-damage|p2a: Hoopa|0 fnt\n|faint|p2a: Hoopa\n|-damage|p1a: Ar\u0441eus-Fighting|37\/100|[from] Recoil\n|\n|upkeep\n|c|\u2606XpokVEVO|BNO\n|c|\u2606XpokVEVO|NOT DINCERACE\n|c|\u2606XpokVEVO|DONT DO I\n|c|\u2606XpokVEVO|T\n|\n|t:|1698980446\n|switch|p2a: Cresselia|Cresselia, F, tera:Poison|85\/100\n|turn|17\n|c|\u2606XpokVEVO|STOOOP\n|c|\u2606XpokVEVO|oh\n|c| Pajoomas!|hes baiting\n|c|\u2606XpokVEVO|what\n|c|\u2606XpokVEVO|oh yeah i t2hko\n|c|\u2606XpokVEVO|suicide\n|inactive|XpokVEVO has 240 seconds left.\n|\n|t:|1698980462\n|move|p1a: Ar\u0441eus-Fighting|Flare Blitz|p2a: Cresselia\n|-damage|p2a: Cresselia|24\/100\n|-damage|p1a: Ar\u0441eus-Fighting|17\/100|[from] Recoil\n|move|p2a: Cresselia|Trick Room|p2a: Cresselia\n|-fieldstart|move: Trick Room|[of] p2a: Cresselia\n|\n|-heal|p2a: Cresselia|30\/100|[from] item: Leftovers\n|upkeep\n|turn|18\n|c| Pajoomas!|its joever\n|c|\u2606XpokVEVO|it is NEVER joever\n|\n|t:|1698980479\n|move|p2a: Cresselia|Moonlight|p2a: Cresselia\n|-heal|p2a: Cresselia|80\/100\n|move|p1a: Ar\u0441eus-Fighting|Roar|p2a: Cresselia\n|drag|p2a: Magearna|Magearna|43\/100\n|\n|-heal|p2a: Magearna|49\/100|[from] item: Leftovers\n|upkeep\n|turn|19\n|c| the tr4sh man|i wouldn't say it's barack either\n|\n|t:|1698980487\n|switch|p1a: Akira|Cyclizar, M, tera:Poison|84\/100\n|move|p2a: Magearna|Encore||[still]\n|-fail|p2a: Magearna\n|\n|-heal|p2a: Magearna|55\/100|[from] item: Leftovers\n|upkeep\n|turn|20\n|c|\u2606XpokVEVO|BARACK?\n|c|\u2606XpokVEVO|RRRAHHJH PREDICT\n|c| the tr4sh man|barack obama\n|\n|t:|1698980498\n|move|p2a: Magearna|Fleur Cannon|p1a: Akira\n|-resisted|p1a: Akira\n|-damage|p1a: Akira|42\/100\n|-unboost|p2a: Magearna|spa|2\n|move|p1a: Akira|Shed Tail|p1a: Akira\n|-fail|p1a: Akira|move: Shed Tail|[weak]\n|\n|-heal|p2a: Magearna|61\/100|[from] item: Leftovers\n|upkeep\n|turn|21\n|c|\u2606XpokVEVO|WAIT\n|c|\u2606XpokVEVO|WAIT\n|\n|t:|1698980505\n|switch|p1a: Princess|Zacian, shiny|74\/100\n|move|p2a: Magearna|Volt Switch|p1a: Princess\n|-damage|p1a: Princess|65\/100\n|c|\u2606XpokVEVO|WAIIIT\n|c|\u2606XpokVEVO|NO\n|c|\u2606XpokVEVO|STOP\n|\n|t:|1698980511\n|switch|p2a: Cresselia|Cresselia, F, tera:Poison|80\/100|[from] Volt Switch\n|\n|-heal|p2a: Cresselia|86\/100|[from] item: Leftovers\n|-fieldend|move: Trick Room\n|upkeep\n|turn|22\n|c|\u2606XpokVEVO|NONONOO\n|c|\u2606XpokVEVO|WAITIWATI\n|c|\u2606XpokVEVO|just wait\n|c|\u2606XpokVEVO|JUST WAIT\n|inactive|XpokVEVO has 270 seconds left.\n|\n|t:|1698980526\n|move|p1a: Princess|Swords Dance|p1a: Princess\n|-boost|p1a: Princess|atk|2\n|move|p2a: Cresselia|Trick Room|p2a: Cresselia\n|-fieldstart|move: Trick Room|[of] p2a: Cresselia\n|\n|-heal|p2a: Cresselia|92\/100|[from] item: Leftovers\n|upkeep\n|turn|23\n|c| Leo Justice|what was that swords dance\n|c| the tr4sh man|(he was just told he had 6 turns to live)\n|c|\u2606XpokVEVO|the most based sd\n|c|\u2606XpokVEVO|known to man\n|\n|t:|1698980540\n|move|p2a: Cresselia|Calm Mind|p2a: Cresselia\n|-boost|p2a: Cresselia|spa|1\n|-boost|p2a: Cresselia|spd|1\n|move|p1a: Princess|Crunch|p2a: Cresselia\n|-damage|p2a: Cresselia|59\/100\n|-damage|p1a: Princess|55\/100|[from] item: Life Orb\n|\n|-heal|p2a: Cresselia|65\/100|[from] item: Leftovers\n|upkeep\n|turn|24\n|c| Leo Justice|Literally\n|\n|t:|1698980547\n|move|p2a: Cresselia|Calm Mind|p2a: Cresselia\n|-boost|p2a: Cresselia|spa|1\n|-boost|p2a: Cresselia|spd|1\n|move|p1a: Princess|Crunch|p2a: Cresselia\n|-damage|p2a: Cresselia|31\/100\n|-damage|p1a: Princess|45\/100|[from] item: Life Orb\n|\n|-heal|p2a: Cresselia|37\/100|[from] item: Leftovers\n|upkeep\n|turn|25\n|c|\u2606XpokVEVO|youre not ready for the crit\n|c|\u2606XpokVEVO|its coming out\n|c|\u2606XpokVEVO|in any moment\n|\n|t:|1698980558\n|move|p2a: Cresselia|Stored Power|p1a: Princess\n|-damage|p1a: Princess|0 fnt\n|faint|p1a: Princess\n|\n|-heal|p2a: Cresselia|43\/100|[from] item: Leftovers\n|upkeep\n|c| Pajoomas!|i just realized that last game with choice band chi yu was my 80th game\n|\n|t:|1698980560\n|switch|p1a: Akira|Cyclizar, M, tera:Poison|75\/100\n|turn|26\n|c| Pajoomas!|that's amazing\n|c| the tr4sh man|glorious\n|\n|t:|1698980568\n|switch|p1a: Ar\u0441eus-Fighting|Arceus-Fire, shiny|17\/100\n|move|p2a: Cresselia|Stored Power|p1a: Ar\u0441eus-Fighting\n|-damage|p1a: Ar\u0441eus-Fighting|0 fnt\n|faint|p1a: Ar\u0441eus-Fighting\n|\n|-heal|p2a: Cresselia|49\/100|[from] item: Leftovers\n|-fieldend|move: Trick Room\n|upkeep\n|\n|t:|1698980571\n|switch|p1a: Akira|Cyclizar, M, tera:Poison|100\/100\n|turn|27\n|c|\u2606Kinesquared|gg\n|c| Leo Justice|nice predict\n|c|\u2606XpokVEVO|im never getting this mf sample out\n|c|\u2606XpokVEVO|SCARF CYCLIZAR...\n|c|\u2606Kinesquared|can't beat the trick house\n|c| Leo Justice|Its running the worst mag set\n|c| Leo Justice|i've seen\n|c|\u2606XpokVEVO|SAVE....HYPER OFFENSE!\n|c|\u2606Kinesquared|get a sun vod instead\n|c| Leo Justice|Also life orb Zac\n|\n|t:|1698980597\n|move|p1a: Akira|Knock Off|p2a: Cresselia\n|-damage|p2a: Cresselia|37\/100\n|-enditem|p2a: Cresselia|Leftovers|[from] move: Knock Off|[of] p1a: Akira\n|move|p2a: Cresselia|Stored Power|p1a: Akira\n|-supereffective|p1a: Akira\n|-damage|p1a: Akira|0 fnt\n|faint|p1a: Akira\n|\n|win|Kinesquared\n|c| Leo Justice|sucks\n|c|\u2606XpokVEVO|sun vod?\n|l| GratedsShtickface\n|c|\u2606Kinesquared|like against a sun team\n|c|\u2606Kinesquared|instead of TR\n|l| the tr4sh man\n|c|\u2606XpokVEVO|it isnt just\n|c|\u2606Kinesquared|you dont need every teamtype\n|c|\u2606XpokVEVO|about the sample\n|c|\u2606XpokVEVO|its about knowing\n|c|\u2606Kinesquared|get 3 diff playstyles\n|c|\u2606XpokVEVO|i stand at the top\n|c|\u2606Kinesquared|ah\n|l|\u2606XpokVEVO\n|c|\u2606Kinesquared|whats ur standing in tourney?\n","uploadtime":1698980654,"views":19,"p1id":"xpokvevo","p2id":"kinesquared","formatid":"gen9ubers","rating":0,"private":0,"password":""}