{"id":"gen9ubers-1993115143","p1":"Ewokpinguin25","p2":"JenovaVGC","format":"[Gen 9] Ubers","log":"|j|\u2606Ewokpinguin25\n|j|\u2606JenovaVGC\n|t:|1700266532\n|gametype|singles\n|player|p1|Ewokpinguin25|palmer|\n|player|p2|JenovaVGC|colress|\n|teamsize|p1|6\n|teamsize|p2|6\n|gen|9\n|tier|[Gen 9] Ubers\n|rule|Sleep Clause Mod: Limit one foe put to sleep\n|rule|Species Clause: Limit one of each Pok\u00e9mon\n|rule|OHKO Clause: OHKO moves are banned\n|rule|Evasion Items Clause: Evasion items are banned\n|rule|Evasion Moves Clause: Evasion moves are banned\n|rule|Endless Battle Clause: Forcing endless battles is banned\n|rule|HP Percentage Mod: HP is shown in percentages\n|clearpoke\n|poke|p1|Dipplin, F|\n|poke|p1|Zoroark-Hisui, F|\n|poke|p1|Annihilape, M|\n|poke|p1|Krookodile, F|\n|poke|p1|Revavroom, M|\n|poke|p1|Scream Tail|\n|poke|p2|Espathra, F|\n|poke|p2|Gholdengo|\n|poke|p2|Decidueye-Hisui, M|\n|poke|p2|Dusclops, F|\n|poke|p2|Thundurus, M|\n|poke|p2|Espeon, M|\n|teampreview\n|inactive|Battle timer is ON: inactive players will automatically lose when time's up. (requested by JenovaVGC)\n|c|\u2606JenovaVGC|Gl hf\n|\n|t:|1700266555\n|start\n|switch|p1a: Krookodile|Krookodile, F|100\/100\n|switch|p2a: Decidueye|Decidueye-Hisui, M|100\/100\n|turn|1\n|inactive|Ewokpinguin25 has 270 seconds left.\n|\n|t:|1700266590\n|switch|p1a: Scream Tail|Scream Tail|100\/100\n|move|p2a: Decidueye|Trailblaze|p1a: Scream Tail\n|-damage|p1a: Scream Tail|80\/100\n|-boost|p2a: Decidueye|spe|1\n|\n|upkeep\n|turn|2\n|inactive|Ewokpinguin25 has 270 seconds left.\n|\n|t:|1700266599\n|move|p1a: Scream Tail|Reflect|p1a: Scream Tail\n|-sidestart|p1: Ewokpinguin25|Reflect\n|move|p2a: Decidueye|Knock Off|p1a: Scream Tail\n|-damage|p1a: Scream Tail|65\/100\n|-enditem|p1a: Scream Tail|Light Clay|[from] move: Knock Off|[of] p2a: Decidueye\n|\n|upkeep\n|turn|3\n|\n|t:|1700266621\n|switch|p2a: Gholdengo|Gholdengo|100\/100\n|move|p1a: Scream Tail|Wish|p1a: Scream Tail\n|\n|upkeep\n|turn|4\n|\n|t:|1700266631\n|-end|p1a: Scream Tail|Protosynthesis|[silent]\n|switch|p1a: Krookodile|Krookodile, F|100\/100\n|move|p2a: Gholdengo|Nasty Plot|p2a: Gholdengo\n|-boost|p2a: Gholdengo|spa|2\n|\n|upkeep\n|turn|5\n|\n|t:|1700266643\n|move|p1a: Krookodile|Knock Off|p2a: Gholdengo\n|-supereffective|p2a: Gholdengo\n|-damage|p2a: Gholdengo|13\/100\n|-enditem|p2a: Gholdengo|Leftovers|[from] move: Knock Off|[of] p1a: Krookodile\n|move|p2a: Gholdengo|Dazzling Gleam|p1a: Krookodile\n|-supereffective|p1a: Krookodile\n|-damage|p1a: Krookodile|5\/100\n|\n|upkeep\n|turn|6\n|\n|t:|1700266653\n|switch|p2a: Decidueye|Decidueye-Hisui, M|100\/100\n|move|p1a: Krookodile|Knock Off|p2a: Decidueye\n|-resisted|p2a: Decidueye\n|-damage|p2a: Decidueye|75\/100\n|-enditem|p2a: Decidueye|Scope Lens|[from] move: Knock Off|[of] p1a: Krookodile\n|\n|upkeep\n|turn|7\n|\n|t:|1700266659\n|switch|p1a: Scream Tail|Scream Tail|65\/100\n|move|p2a: Decidueye|Trailblaze|p1a: Scream Tail\n|-damage|p1a: Scream Tail|54\/100\n|-boost|p2a: Decidueye|spe|1\n|\n|upkeep\n|turn|8\n|\n|t:|1700266664\n|switch|p2a: Gholdengo|Gholdengo|13\/100\n|move|p1a: Scream Tail|Wish|p1a: Scream Tail\n|\n|upkeep\n|turn|9\n|\n|t:|1700266674\n|move|p1a: Scream Tail|Light Screen|p1a: Scream Tail\n|-sidestart|p1: Ewokpinguin25|move: Light Screen\n|move|p2a: Gholdengo|Recover|p2a: Gholdengo\n|-heal|p2a: Gholdengo|63\/100\n|\n|-heal|p1a: Scream Tail|100\/100|[from] move: Wish|[wisher] Scream Tail\n|-sideend|p1: Ewokpinguin25|Reflect\n|upkeep\n|turn|10\n|\n|t:|1700266679\n|move|p1a: Scream Tail|Wish|p1a: Scream Tail\n|move|p2a: Gholdengo|Nasty Plot|p2a: Gholdengo\n|-boost|p2a: Gholdengo|spa|2\n|\n|upkeep\n|turn|11\n|\n|t:|1700266683\n|-end|p1a: Scream Tail|Protosynthesis|[silent]\n|switch|p1a: Krookodile|Krookodile, F|5\/100\n|move|p2a: Gholdengo|Dazzling Gleam|p1a: Krookodile\n|-supereffective|p1a: Krookodile\n|-damage|p1a: Krookodile|0 fnt\n|faint|p1a: Krookodile\n|\n|upkeep\n|\n|t:|1700266704\n|switch|p1a: Annihilape|Annihilape, M|100\/100\n|turn|12\n|\n|t:|1700266712\n|move|p1a: Annihilape|Shadow Ball|p2a: Gholdengo\n|-supereffective|p2a: Gholdengo\n|-damage|p2a: Gholdengo|0 fnt\n|faint|p2a: Gholdengo\n|\n|upkeep\n|\n|t:|1700266719\n|switch|p2a: Thundurus|Thundurus, M|100\/100\n|turn|13\n|\n|t:|1700266726\n|move|p2a: Thundurus|Bulk Up|p2a: Thundurus\n|-boost|p2a: Thundurus|atk|1\n|-boost|p2a: Thundurus|def|1\n|move|p1a: Annihilape|Shadow Ball|p2a: Thundurus\n|-damage|p2a: Thundurus|45\/100\n|-enditem|p2a: Thundurus|Red Card|[of] p1a: Annihilape\n|drag|p1a: Dipplin|Dipplin, F|100\/100\n|\n|-sideend|p1: Ewokpinguin25|move: Light Screen\n|upkeep\n|turn|14\n|\n|t:|1700266754\n|move|p1a: Dipplin|Protect|p1a: Dipplin\n|-singleturn|p1a: Dipplin|Protect\n|move|p2a: Thundurus|Knock Off|p1a: Dipplin\n|-activate|p1a: Dipplin|move: Protect\n|\n|upkeep\n|turn|15\n|\n|t:|1700266758\n|move|p2a: Thundurus|Knock Off|p1a: Dipplin\n|-damage|p1a: Dipplin|72\/100\n|-activate|p1a: Dipplin|ability: Sticky Hold\n|move|p1a: Dipplin|Infestation|p2a: Thundurus\n|-resisted|p2a: Thundurus\n|-damage|p2a: Thundurus|42\/100\n|-activate|p2a: Thundurus|move: Infestation|[of] p1a: Dipplin\n|\n|-damage|p2a: Thundurus|30\/100|[from] move: Infestation|[partiallytrapped]\n|upkeep\n|turn|16\n|\n|t:|1700266765\n|move|p2a: Thundurus|Acrobatics|p1a: Dipplin\n|-supereffective|p1a: Dipplin\n|-damage|p1a: Dipplin|0 fnt\n|faint|p1a: Dipplin\n|\n|-end|p2a: Thundurus|Infestation|[partiallytrapped]|[silent]\n|upkeep\n|\n|t:|1700266783\n|switch|p1a: Annihilape|Annihilape, M|100\/100\n|turn|17\n|\n|t:|1700266786\n|move|p2a: Thundurus|Acrobatics|p1a: Annihilape\n|-enditem|p1a: Annihilape|Focus Sash\n|-damage|p1a: Annihilape|1\/100\n|replace|p1a: Zoroark|Zoroark-Hisui, F\n|-end|p1a: Zoroark|Illusion\n|move|p1a: Zoroark|Shadow Ball|p2a: Thundurus\n|-damage|p2a: Thundurus|0 fnt\n|faint|p2a: Thundurus\n|\n|upkeep\n|\n|t:|1700266796\n|switch|p2a: Decidueye|Decidueye-Hisui, M|75\/100\n|turn|18\n|\n|t:|1700266800\n|move|p1a: Zoroark|Will-O-Wisp|p2a: Decidueye|[miss]\n|-miss|p1a: Zoroark|p2a: Decidueye\n|move|p2a: Decidueye|Trailblaze|p1a: Zoroark\n|-damage|p1a: Zoroark|0 fnt\n|-boost|p2a: Decidueye|spe|1\n|faint|p1a: Zoroark\n|\n|upkeep\n|inactive|Ewokpinguin25 has 270 seconds left.\n|c|\u2606Ewokpinguin25|Turn timer iff\n|inactive|Ewokpinguin25 has 240 seconds left.\n|\n|t:|1700266875\n|switch|p1a: Revavroom|Revavroom, M|100\/100\n|turn|19\n|\n|t:|1700266888\n|-terastallize|p1a: Revavroom|Flying\n|move|p2a: Decidueye|Knock Off|p1a: Revavroom\n|-damage|p1a: Revavroom|64\/100\n|-enditem|p1a: Revavroom|Lum Berry|[from] move: Knock Off|[of] p2a: Decidueye\n|move|p1a: Revavroom|Shift Gear|p1a: Revavroom\n|-boost|p1a: Revavroom|spe|2\n|-boost|p1a: Revavroom|atk|1\n|\n|upkeep\n|turn|20\n|\n|t:|1700266902\n|switch|p2a: Dusclops|Dusclops, F|100\/100\n|-ability|p2a: Dusclops|Pressure\n|move|p1a: Revavroom|Gunk Shot|p2a: Dusclops|[miss]\n|-miss|p1a: Revavroom|p2a: Dusclops\n|\n|upkeep\n|turn|21\n|inactive|Ewokpinguin25 has 240 seconds left.\n|\n|t:|1700266921\n|switch|p1a: Scream Tail|Scream Tail|100\/100\n|move|p2a: Dusclops|Will-O-Wisp|p1a: Scream Tail\n|-status|p1a: Scream Tail|brn\n|\n|-damage|p1a: Scream Tail|94\/100 brn|[from] brn\n|upkeep\n|turn|22\n|inactive|Ewokpinguin25 has 240 seconds left.\n|\n|t:|1700266933\n|move|p1a: Scream Tail|Encore|p2a: Dusclops\n|-start|p2a: Dusclops|Encore\n|move|p2a: Dusclops|Will-O-Wisp|p1a: Scream Tail|[miss]\n|-miss|p2a: Dusclops|p1a: Scream Tail\n|\n|-damage|p1a: Scream Tail|88\/100 brn|[from] brn\n|upkeep\n|turn|23\n|inactive|Ewokpinguin25 has 240 seconds left.\n|\n|t:|1700266941\n|switch|p2a: Espathra|Espathra, F|100\/100\n|move|p1a: Scream Tail|Light Screen|p1a: Scream Tail\n|-sidestart|p1: Ewokpinguin25|move: Light Screen\n|\n|-damage|p1a: Scream Tail|82\/100 brn|[from] brn\n|upkeep\n|turn|24\n|\n|t:|1700266950\n|move|p1a: Scream Tail|Wish|p1a: Scream Tail\n|move|p2a: Espathra|Dazzling Gleam|p1a: Scream Tail\n|-damage|p1a: Scream Tail|74\/100 brn\n|\n|-damage|p1a: Scream Tail|67\/100 brn|[from] brn\n|-ability|p2a: Espathra|Speed Boost|boost\n|-boost|p2a: Espathra|spe|1\n|upkeep\n|turn|25\n|\n|t:|1700266959\n|-end|p1a: Scream Tail|Protosynthesis|[silent]\n|switch|p1a: Revavroom|Revavroom, M, tera:Flying|64\/100\n|move|p2a: Espathra|Calm Mind|p2a: Espathra\n|-boost|p2a: Espathra|spa|1\n|-boost|p2a: Espathra|spd|1\n|\n|-heal|p1a: Revavroom|100\/100|[from] move: Wish|[wisher] Scream Tail\n|-ability|p2a: Espathra|Speed Boost|boost\n|-boost|p2a: Espathra|spe|1\n|upkeep\n|turn|26\n|\n|t:|1700266971\n|move|p2a: Espathra|Protect|p2a: Espathra\n|-singleturn|p2a: Espathra|Protect\n|move|p1a: Revavroom|Gunk Shot|p2a: Espathra\n|-activate|p2a: Espathra|move: Protect\n|\n|-ability|p2a: Espathra|Speed Boost|boost\n|-boost|p2a: Espathra|spe|1\n|upkeep\n|turn|27\n|\n|t:|1700266978\n|move|p2a: Espathra|Calm Mind|p2a: Espathra\n|-boost|p2a: Espathra|spa|1\n|-boost|p2a: Espathra|spd|1\n|move|p1a: Revavroom|Gunk Shot|p2a: Espathra|[miss]\n|-miss|p1a: Revavroom|p2a: Espathra\n|\n|-sideend|p1: Ewokpinguin25|move: Light Screen\n|-ability|p2a: Espathra|Speed Boost|boost\n|-boost|p2a: Espathra|spe|1\n|upkeep\n|turn|28\n|\n|t:|1700266982\n|move|p2a: Espathra|Stored Power|p1a: Revavroom\n|-damage|p1a: Revavroom|0 fnt\n|faint|p1a: Revavroom\n|\n|-ability|p2a: Espathra|Speed Boost|boost\n|-boost|p2a: Espathra|spe|1\n|upkeep\n|\n|t:|1700266988\n|switch|p1a: Annihilape|Annihilape, M|100\/100\n|turn|29\n|c|\u2606JenovaVGC|Oh mb\n|inactiveoff|Battle timer is now OFF.\n|\n|t:|1700266999\n|move|p2a: Espathra|Stored Power|p1a: Annihilape\n|-supereffective|p1a: Annihilape\n|-damage|p1a: Annihilape|0 fnt\n|faint|p1a: Annihilape\n|\n|-ability|p2a: Espathra|Speed Boost|boost\n|-boost|p2a: Espathra|spe|1\n|upkeep\n|c|\u2606Ewokpinguin25|Ughh\n|\n|t:|1700267004\n|switch|p1a: Scream Tail|Scream Tail|67\/100 brn\n|turn|30\n|\n|t:|1700267010\n|move|p2a: Espathra|Dazzling Gleam|p1a: Scream Tail\n|-damage|p1a: Scream Tail|31\/100 brn\n|move|p1a: Scream Tail|Encore|p2a: Espathra\n|-start|p2a: Espathra|Encore\n|\n|-damage|p1a: Scream Tail|25\/100 brn|[from] brn\n|upkeep\n|turn|31\n|c|\u2606Ewokpinguin25|I\u2019ve missed every gunk shot this season\n|c|\u2606Ewokpinguin25|ik actually so mad\n|-message|Ewokpinguin25 forfeited.\n|\n|win|JenovaVGC\n|l|\u2606Ewokpinguin25\n|j|\u2606Ewokpinguin25\n|player|p1|Ewokpinguin25|palmer\n|c|\u2606JenovaVGC|Uh oh\n|c|\u2606Ewokpinguin25|You get kill anyways\n","uploadtime":1700267044,"views":37,"p1id":"ewokpinguin25","p2id":"jenovavgc","formatid":"gen9ubers","rating":0,"private":0,"password":""}