{"id":"gen9ubers-1993128765","p1":"LITLE0","p2":"msarock","format":"[Gen 9] Ubers","log":"|j|\u2606LITLE0\n|j|\u2606msarock\n|t:|1700268148\n|gametype|singles\n|player|p1|LITLE0|brock|1118\n|player|p2|msarock|hiker-gen4|1350\n|teamsize|p1|6\n|teamsize|p2|6\n|gen|9\n|tier|[Gen 9] Ubers\n|rated|\n|rule|Sleep Clause Mod: Limit one foe put to sleep\n|rule|Species Clause: Limit one of each Pok\u00e9mon\n|rule|OHKO Clause: OHKO moves are banned\n|rule|Evasion Items Clause: Evasion items are banned\n|rule|Evasion Moves Clause: Evasion moves are banned\n|rule|Endless Battle Clause: Forcing endless battles is banned\n|rule|HP Percentage Mod: HP is shown in percentages\n|clearpoke\n|poke|p1|Amoonguss, M|\n|poke|p1|Ceruledge, F|\n|poke|p1|Cyclizar, M|\n|poke|p1|Dondozo, M|\n|poke|p1|Gliscor, M|\n|poke|p1|Zacian-*|\n|poke|p2|Miraidon|\n|poke|p2|Iron Bundle|\n|poke|p2|Koraidon|\n|poke|p2|Zacian-*|\n|poke|p2|Toxapex, F|\n|poke|p2|Ting-Lu|\n|teampreview\n|inactive|Battle timer is ON: inactive players will automatically lose when time's up. (requested by msarock)\n|\n|t:|1700268151\n|start\n|switch|p1a: Cyclizar|Cyclizar, M|100\/100\n|switch|p2a: Iron Bundle|Iron Bundle, shiny|100\/100\n|turn|1\n|inactive|LITLE0 has 120 seconds left.\n|\n|t:|1700268189\n|switch|p1a: Dondozo|Dondozo, M|100\/100\n|move|p2a: Iron Bundle|Ice Beam|p1a: Dondozo\n|-resisted|p1a: Dondozo\n|-damage|p1a: Dondozo|80\/100\n|\n|-heal|p1a: Dondozo|86\/100|[from] item: Leftovers\n|upkeep\n|turn|2\n|inactive|LITLE0 has 120 seconds left.\n|\n|t:|1700268195\n|move|p2a: Iron Bundle|Freeze-Dry|p1a: Dondozo\n|-supereffective|p1a: Dondozo\n|-damage|p1a: Dondozo|22\/100\n|move|p1a: Dondozo|Body Press|p2a: Iron Bundle\n|-supereffective|p2a: Iron Bundle\n|-damage|p2a: Iron Bundle|29\/100\n|\n|-heal|p1a: Dondozo|28\/100|[from] item: Leftovers\n|upkeep\n|turn|3\n|\n|t:|1700268200\n|switch|p1a: Ceruledge|Ceruledge, F|100\/100\n|move|p2a: Iron Bundle|Freeze-Dry|p1a: Ceruledge\n|-resisted|p1a: Ceruledge\n|-damage|p1a: Ceruledge|78\/100\n|\n|upkeep\n|turn|4\n|\n|t:|1700268206\n|-end|p2a: Iron Bundle|Quark Drive|[silent]\n|switch|p2a: Toxapex|Toxapex, F|100\/100\n|move|p1a: Ceruledge|Shadow Sneak|p2a: Toxapex\n|-damage|p2a: Toxapex|87\/100\n|-damage|p1a: Ceruledge|61\/100|[from] item: Rocky Helmet|[of] p2a: Toxapex\n|\n|upkeep\n|turn|5\n|\n|t:|1700268225\n|switch|p1a: Cyclizar|Cyclizar, M|100\/100\n|move|p2a: Toxapex|Toxic|p1a: Cyclizar\n|-status|p1a: Cyclizar|tox\n|\n|-damage|p1a: Cyclizar|94\/100 tox|[from] psn\n|upkeep\n|turn|6\n|\n|t:|1700268234\n|move|p1a: Cyclizar|Shed Tail|p1a: Cyclizar\n|-start|p1a: Cyclizar|Substitute|[from] move: Shed Tail\n|-damage|p1a: Cyclizar|44\/100 tox\n|\n|t:|1700268245\n|switch|p1a: Zacian|Zacian-Crowned|100\/100|[from] Shed Tail\n|-ability|p1a: Zacian|Intrepid Sword|boost\n|-boost|p1a: Zacian|atk|1\n|move|p2a: Toxapex|Chilling Water|p1a: Zacian\n|-crit|p1a: Zacian\n|-activate|p1a: Zacian|move: Substitute|[damage]\n|\n|upkeep\n|turn|7\n|\n|t:|1700268253\n|move|p1a: Zacian|Swords Dance|p1a: Zacian\n|-boost|p1a: Zacian|atk|2\n|move|p2a: Toxapex|Haze|p2a: Toxapex\n|-clearallboost\n|\n|upkeep\n|turn|8\n|\n|t:|1700268259\n|move|p1a: Zacian|Swords Dance|p1a: Zacian\n|-boost|p1a: Zacian|atk|2\n|move|p2a: Toxapex|Chilling Water|p1a: Zacian\n|-activate|p1a: Zacian|move: Substitute|[damage]\n|\n|upkeep\n|turn|9\n|\n|t:|1700268266\n|-terastallize|p1a: Zacian|Ground\n|move|p1a: Zacian|Tera Blast|p2a: Toxapex|[anim] Tera Blast Ground\n|-supereffective|p2a: Toxapex\n|-damage|p2a: Toxapex|0 fnt\n|faint|p2a: Toxapex\n|\n|upkeep\n|\n|t:|1700268271\n|switch|p2a: Iron Bundle|Iron Bundle, shiny|29\/100\n|turn|10\n|\n|t:|1700268275\n|move|p1a: Zacian|Behemoth Blade|p2a: Iron Bundle\n|-crit|p2a: Iron Bundle\n|-damage|p2a: Iron Bundle|0 fnt\n|faint|p2a: Iron Bundle\n|-end|p2a: Iron Bundle|Quark Drive|[silent]\n|\n|upkeep\n|-message|msarock forfeited.\n|\n|win|LITLE0\n|raw|LITLE0's rating: 1118 &rarr; <strong>1158<\/strong><br \/>(+40 for winning)\n|raw|msarock's rating: 1350 &rarr; <strong>1318<\/strong><br \/>(-32 for losing)\n|l|\u2606msarock\n","uploadtime":1700268284,"views":5,"p1id":"litle0","p2id":"msarock","formatid":"gen9ubers","rating":1158,"private":0,"password":""}