{"id":"gen9ubers-1969478597","p1":"IspamObjection","p2":"dumpy lump","format":"[Gen 9] Ubers","log":"|j|\u2606IspamObjection\n|j|\u2606dumpy lump\n|t:|1697537418\n|gametype|singles\n|player|p1|IspamObjection|lance-gen2|\n|player|p2|dumpy lump|volo|\n|teamsize|p1|6\n|teamsize|p2|6\n|gen|9\n|tier|[Gen 9] Ubers\n|rule|Sleep Clause Mod: Limit one foe put to sleep\n|rule|Species Clause: Limit one of each Pok\u00e9mon\n|rule|OHKO Clause: OHKO moves are banned\n|rule|Evasion Items Clause: Evasion items are banned\n|rule|Evasion Moves Clause: Evasion moves are banned\n|rule|Endless Battle Clause: Forcing endless battles is banned\n|rule|HP Percentage Mod: HP is shown in percentages\n|clearpoke\n|poke|p1|Masquerain, M|\n|poke|p1|Urshifu-*, M|\n|poke|p1|Gholdengo|\n|poke|p1|Zacian-*|\n|poke|p1|Arceus-Fire|\n|poke|p1|Dialga|\n|poke|p2|Azumarill, F|\n|poke|p2|Garchomp, M|\n|poke|p2|Chi-Yu|\n|poke|p2|Palkia-Origin|\n|poke|p2|Magearna|\n|poke|p2|Cyclizar, M|\n|teampreview\n|\n|t:|1697537440\n|start\n|switch|p1a: Dialga|Dialga|100\/100\n|switch|p2a: Magearna|Magearna|100\/100\n|-ability|p1a: Dialga|Pressure\n|turn|1\n|\n|t:|1697537446\n|move|p2a: Magearna|Trick|p1a: Dialga\n|-activate|p2a: Magearna|move: Trick|[of] p1a: Dialga\n|-item|p1a: Dialga|Choice Scarf|[from] move: Trick\n|-item|p2a: Magearna|Leftovers|[from] move: Trick\n|move|p1a: Dialga|Stealth Rock|p2a: Magearna\n|-sidestart|p2: dumpy lump|move: Stealth Rock\n|\n|upkeep\n|turn|2\n|\n|t:|1697537457\n|switch|p1a: Masquerain|Masquerain, M|100\/100\n|-ability|p1a: Masquerain|Intimidate|boost\n|-unboost|p2a: Magearna|atk|1\n|move|p2a: Magearna|Spikes|p1a: Masquerain\n|-sidestart|p1: IspamObjection|Spikes\n|\n|upkeep\n|turn|3\n|\n|t:|1697537464\n|move|p1a: Masquerain|Sticky Web|p2a: Magearna\n|-sidestart|p2: dumpy lump|move: Sticky Web\n|move|p2a: Magearna|Spikes|p1a: Masquerain\n|-sidestart|p1: IspamObjection|Spikes\n|\n|upkeep\n|turn|4\n|\n|t:|1697537467\n|move|p1a: Masquerain|Stun Spore|p2a: Magearna|[miss]\n|-miss|p1a: Masquerain|p2a: Magearna\n|move|p2a: Magearna|Spikes|p1a: Masquerain\n|-sidestart|p1: IspamObjection|Spikes\n|\n|upkeep\n|turn|5\n|\n|t:|1697537471\n|move|p1a: Masquerain|Stun Spore|p2a: Magearna|[miss]\n|-miss|p1a: Masquerain|p2a: Magearna\n|move|p2a: Magearna|Volt Switch|p1a: Masquerain\n|-supereffective|p1a: Masquerain\n|-damage|p1a: Masquerain|44\/100\n|c|\u2606dumpy lump|rip\n|\n|t:|1697537478\n|switch|p2a: Cyclizar|Cyclizar, M|100\/100|[from] Volt Switch\n|-damage|p2a: Cyclizar|88\/100|[from] Stealth Rock\n|-activate|p2a: Cyclizar|move: Sticky Web\n|-unboost|p2a: Cyclizar|spe|1\n|\n|-heal|p2a: Cyclizar|94\/100|[from] item: Leftovers\n|upkeep\n|turn|6\n|\n|t:|1697537489\n|move|p1a: Masquerain|Bug Buzz|p2a: Cyclizar\n|-damage|p2a: Cyclizar|42\/100\n|move|p2a: Cyclizar|Rapid Spin|p1a: Masquerain\n|-damage|p1a: Masquerain|14\/100\n|-boost|p2a: Cyclizar|spe|1\n|-sideend|p2: dumpy lump|Stealth Rock|[from] move: Rapid Spin|[of] p2a: Cyclizar\n|-sideend|p2: dumpy lump|Sticky Web|[from] move: Rapid Spin|[of] p2a: Cyclizar\n|\n|-heal|p2a: Cyclizar|48\/100|[from] item: Leftovers\n|upkeep\n|turn|7\n|\n|t:|1697537513\n|move|p2a: Cyclizar|Shed Tail|p2a: Cyclizar\n|-fail|p2a: Cyclizar|move: Shed Tail|[weak]\n|move|p1a: Masquerain|Sticky Web|p2a: Cyclizar\n|-sidestart|p2: dumpy lump|move: Sticky Web\n|\n|-heal|p2a: Cyclizar|54\/100|[from] item: Leftovers\n|upkeep\n|turn|8\n|c|\u2606dumpy lump|LMAO\n|c|\u2606dumpy lump|not my greatest\n|\n|t:|1697537523\n|switch|p1a: Gholdengo|Gholdengo|100\/100\n|-damage|p1a: Gholdengo|76\/100|[from] Spikes\n|move|p2a: Cyclizar|Rapid Spin|p1a: Gholdengo\n|-immune|p1a: Gholdengo\n|\n|-heal|p2a: Cyclizar|60\/100|[from] item: Leftovers\n|upkeep\n|turn|9\n|\n|t:|1697537535\n|move|p1a: Gholdengo|Make It Rain|p2a: Cyclizar\n|-damage|p2a: Cyclizar|0 fnt\n|-unboost|p1a: Gholdengo|spa|1\n|faint|p2a: Cyclizar\n|\n|upkeep\n|\n|t:|1697537545\n|switch|p2a: Garchomp|Garchomp, M|100\/100\n|-activate|p2a: Garchomp|move: Sticky Web\n|-unboost|p2a: Garchomp|spe|1\n|turn|10\n|\n|t:|1697537552\n|switch|p1a: Masquerain|Masquerain, M|14\/100\n|-ability|p1a: Masquerain|Intimidate|boost\n|-unboost|p2a: Garchomp|atk|1\n|move|p2a: Garchomp|Swords Dance|p2a: Garchomp\n|-boost|p2a: Garchomp|atk|2\n|\n|upkeep\n|turn|11\n|\n|t:|1697537566\n|move|p1a: Masquerain|Stun Spore|p2a: Garchomp\n|-status|p2a: Garchomp|par\n|cant|p2a: Garchomp|par\n|\n|upkeep\n|turn|12\n|\n|t:|1697537573\n|move|p1a: Masquerain|Bug Buzz|p2a: Garchomp\n|-damage|p2a: Garchomp|59\/100 par\n|move|p2a: Garchomp|Swords Dance|p2a: Garchomp\n|-boost|p2a: Garchomp|atk|2\n|\n|upkeep\n|turn|13\n|\n|t:|1697537579\n|move|p1a: Masquerain|Bug Buzz|p2a: Garchomp\n|-damage|p2a: Garchomp|15\/100 par\n|cant|p2a: Garchomp|par\n|\n|upkeep\n|turn|14\n|c|\u2606dumpy lump|brooooo\n|\n|t:|1697537593\n|move|p1a: Masquerain|Bug Buzz|p2a: Garchomp\n|-damage|p2a: Garchomp|0 fnt\n|faint|p2a: Garchomp\n|\n|upkeep\n|\n|t:|1697537600\n|switch|p2a: Magearna|Magearna|100\/100\n|-activate|p2a: Magearna|move: Sticky Web\n|-unboost|p2a: Magearna|spe|1\n|turn|15\n|\n|t:|1697537607\n|move|p1a: Masquerain|Stun Spore|p2a: Magearna\n|-status|p2a: Magearna|par\n|move|p2a: Magearna|Volt Switch|p1a: Masquerain\n|-supereffective|p1a: Masquerain\n|-crit|p1a: Masquerain\n|-damage|p1a: Masquerain|0 fnt\n|faint|p1a: Masquerain\n|-ability|p2a: Magearna|Soul-Heart|boost\n|-boost|p2a: Magearna|spa|1\n|\n|t:|1697537619\n|switch|p2a: Chi-Yu|Chi-Yu|100\/100|[from] Volt Switch\n|-activate|p2a: Chi-Yu|move: Sticky Web\n|-unboost|p2a: Chi-Yu|spe|1\n|-ability|p2a: Chi-Yu|Beads of Ruin\n|\n|upkeep\n|\n|t:|1697537643\n|switch|p1a: Zacian|Zacian|100\/100\n|-damage|p1a: Zacian|76\/100|[from] Spikes\n|-ability|p1a: Zacian|Intrepid Sword|boost\n|-boost|p1a: Zacian|atk|1\n|turn|16\n|\n|t:|1697537673\n|move|p1a: Zacian|Wild Charge|p2a: Chi-Yu\n|-damage|p2a: Chi-Yu|0 fnt\n|faint|p2a: Chi-Yu\n|-damage|p1a: Zacian|56\/100|[from] Recoil\n|\n|upkeep\n|\n|t:|1697537683\n|switch|p2a: Azumarill|Azumarill, F, shiny|100\/100\n|-activate|p2a: Azumarill|move: Sticky Web\n|-unboost|p2a: Azumarill|spe|1\n|turn|17\n|\n|t:|1697537691\n|move|p1a: Zacian|Wild Charge|p2a: Azumarill\n|-supereffective|p2a: Azumarill\n|-crit|p2a: Azumarill\n|-damage|p2a: Azumarill|0 fnt\n|faint|p2a: Azumarill\n|-damage|p1a: Zacian|25\/100|[from] Recoil\n|\n|upkeep\n|\n|t:|1697537697\n|switch|p2a: Magearna|Magearna|100\/100 par\n|-activate|p2a: Magearna|move: Sticky Web\n|-unboost|p2a: Magearna|spe|1\n|turn|18\n|\n|t:|1697537710\n|move|p1a: Zacian|Wild Charge|p2a: Magearna\n|-damage|p2a: Magearna|37\/100 par\n|-damage|p1a: Zacian|7\/100|[from] Recoil\n|move|p2a: Magearna|Fleur Cannon|p1a: Zacian\n|-damage|p1a: Zacian|0 fnt\n|-unboost|p2a: Magearna|spa|2\n|faint|p1a: Zacian\n|-ability|p2a: Magearna|Soul-Heart|boost\n|-boost|p2a: Magearna|spa|1\n|\n|-heal|p2a: Magearna|43\/100 par|[from] item: Leftovers\n|upkeep\n|\n|t:|1697537747\n|switch|p1a: Dialga|Dialga|100\/100\n|-damage|p1a: Dialga|75\/100|[from] Spikes\n|-ability|p1a: Dialga|Pressure\n|turn|19\n|j| OceanicGamer3\n|\n|t:|1697537773\n|move|p1a: Dialga|Stealth Rock|p2a: Magearna\n|-sidestart|p2: dumpy lump|move: Stealth Rock\n|move|p2a: Magearna|Fleur Cannon|p1a: Dialga\n|-damage|p1a: Dialga|43\/100\n|-unboost|p2a: Magearna|spa|2\n|\n|-heal|p2a: Magearna|49\/100 par|[from] item: Leftovers\n|upkeep\n|turn|20\n|\n|t:|1697537786\n|switch|p1a: Arceus|Arceus-Fire|100\/100\n|-damage|p1a: Arceus|76\/100|[from] Spikes\n|move|p2a: Magearna|Fleur Cannon|p1a: Arceus|[miss]\n|-miss|p2a: Magearna|p1a: Arceus\n|\n|-heal|p2a: Magearna|55\/100 par|[from] item: Leftovers\n|upkeep\n|turn|21\n|c| OceanicGamer3|Just spectating\n|\n|t:|1697537795\n|move|p1a: Arceus|Dragon Dance|p1a: Arceus\n|-boost|p1a: Arceus|atk|1\n|-boost|p1a: Arceus|spe|1\n|cant|p2a: Magearna|par\n|\n|-heal|p2a: Magearna|61\/100 par|[from] item: Leftovers\n|upkeep\n|turn|22\n|c|\u2606dumpy lump|boutta see me lose\n|\n|t:|1697537803\n|move|p1a: Arceus|Flare Blitz|p2a: Magearna\n|-supereffective|p2a: Magearna\n|-damage|p2a: Magearna|0 fnt\n|faint|p2a: Magearna\n|-damage|p1a: Arceus|56\/100|[from] Recoil\n|\n|upkeep\n|\n|t:|1697537806\n|switch|p2a: Palkia|Palkia-Origin|100\/100\n|-activate|p2a: Palkia|move: Sticky Web\n|-unboost|p2a: Palkia|spe|1\n|-damage|p2a: Palkia|88\/100|[from] Stealth Rock\n|-ability|p2a: Palkia|Pressure\n|turn|23\n|\n|t:|1697537816\n|-terastallize|p1a: Arceus|Normal\n|move|p1a: Arceus|Extreme Speed|p2a: Palkia\n|-damage|p2a: Palkia|24\/100\n|move|p2a: Palkia|Hydro Pump|p1a: Arceus\n|-damage|p1a: Arceus|0 fnt\n|faint|p1a: Arceus\n|\n|upkeep\n|\n|t:|1697537824\n|switch|p1a: Urshifu|Urshifu, M|100\/100\n|-damage|p1a: Urshifu|76\/100|[from] Spikes\n|turn|24\n|\n|t:|1697537843\n|-terastallize|p2a: Palkia|Fairy\n|move|p1a: Urshifu|Wicked Blow|p2a: Palkia\n|-resisted|p2a: Palkia\n|-crit|p2a: Palkia\n|-damage|p2a: Palkia|0 fnt\n|faint|p2a: Palkia\n|\n|win|IspamObjection\n|c|\u2606dumpy lump|gg\n|c|\u2606IspamObjection|gg\n|c|\u2606IspamObjection|I got the replay\n","uploadtime":1697537855,"views":25,"p1id":"ispamobjection","p2id":"dumpylump","formatid":"gen9ubers","rating":0,"private":0,"password":""}