{"id":"gen9ubers-1996300733","p1":"Dylan in the MA","p2":"Vincent RPPLF","format":"[Gen 9] Ubers","log":"|j|\u2606Dylan in the MA\n|j|\u2606Vincent RPPLF\n|t:|1700669002\n|gametype|singles\n|player|p1|Dylan in the MA|rood|\n|player|p2|Vincent RPPLF|ghetsis-gen5bw|\n|teamsize|p1|6\n|teamsize|p2|6\n|gen|9\n|tier|[Gen 9] Ubers\n|rule|Sleep Clause Mod: Limit one foe put to sleep\n|rule|Species Clause: Limit one of each Pok\u00e9mon\n|rule|OHKO Clause: OHKO moves are banned\n|rule|Evasion Items Clause: Evasion items are banned\n|rule|Evasion Moves Clause: Evasion moves are banned\n|rule|Endless Battle Clause: Forcing endless battles is banned\n|rule|HP Percentage Mod: HP is shown in percentages\n|clearpoke\n|poke|p1|Clefable, M|\n|poke|p1|Avalugg, F|\n|poke|p1|Crawdaunt, F|\n|poke|p1|Slowking-Galar, M|\n|poke|p1|Eternatus|\n|poke|p1|Landorus-Therian, M|\n|poke|p2|Dragapult, F|\n|poke|p2|Samurott-Hisui, M|\n|poke|p2|Heatran, F|\n|poke|p2|Rotom-Wash|\n|poke|p2|Iron Moth|\n|poke|p2|Zoroark-Hisui, M|\n|teampreview\n|c|\u2606Vincent RPPLF|Encul\u00e9\n|c|\u2606Vincent RPPLF|Tu t'es pas rename\n|c|\u2606Vincent RPPLF|Debilos\n|c|\u2606Vincent RPPLF|Mais j'avais preshot\n|c|\u2606Vincent RPPLF|Ton blaze\n|c|\u2606Dylan in the MA|Mdrr le narvalo\n|\n|t:|1700669047\n|start\n|switch|p1a: Landorus|Landorus-Therian, M|100\/100\n|switch|p2a: Samurott|Samurott-Hisui, M|100\/100\n|-ability|p1a: Landorus|Intimidate|boost\n|-unboost|p2a: Samurott|atk|1\n|turn|1\n|c|\u2606Dylan in the MA|Jai game juste avant en Passemonde\n|c|\u2606Dylan in the MA|Je pensais encore etre co\n|c|\u2606Dylan in the MA|\ud83e\udd23\ud83e\udd23\ud83e\udd23\n|c|\u2606Vincent RPPLF|Ptdrrr\n|c|\u2606Dylan in the MA|Du coup je peut te dire\n|c|\u2606Vincent RPPLF|Je le savais avec ton style de jeu\n|c|\u2606Dylan in the MA|Hier j'\u00e9tais content de te ken\n|c|\u2606Vincent RPPLF|Tu m'\u00e9tonnes petit b\u00e2tard\n|c|\u2606Dylan in the MA|Ouai mandorus scarf tera blast me nique un peu\n|\n|t:|1700669098\n|move|p1a: Landorus|U-turn|p2a: Samurott\n|-supereffective|p2a: Samurott\n|-damage|p2a: Samurott|9\/100\n|\n|t:|1700669107\n|switch|p1a: Dragon berg|Avalugg, F|100\/100|[from] U-turn\n|move|p2a: Samurott|Ceaseless Edge|p1a: Dragon berg|[miss]\n|-miss|p2a: Samurott|p1a: Dragon berg\n|\n|upkeep\n|turn|2\n|\n|t:|1700669116\n|move|p2a: Samurott|Surf|p1a: Dragon berg\n|-damage|p1a: Dragon berg|6\/100\n|move|p1a: Dragon berg|Avalanche|p2a: Samurott\n|-resisted|p2a: Samurott\n|-damage|p2a: Samurott|0 fnt\n|faint|p2a: Samurott\n|\n|upkeep\n|c|\u2606Dylan in the MA|Woah\n|c|\u2606Vincent RPPLF|Aller ta race\n|c|\u2606Dylan in the MA|J'\u00e9tais pas pret\n|c|\u2606Vincent RPPLF|Drrr\n|c|\u2606Vincent RPPLF|Mdrr\n|\n|t:|1700669134\n|switch|p2a: Dragapult|Dragapult, F|100\/100\n|turn|3\n|\n|t:|1700669139\n|move|p2a: Dragapult|U-turn|p1a: Dragon berg\n|-damage|p1a: Dragon berg|0 fnt\n|faint|p1a: Dragon berg\n|c|\u2606Dylan in the MA|J'aurais rigoler il tank\n|\n|t:|1700669148\n|switch|p2a: Rotom|Rotom-Wash|100\/100|[from] U-turn\n|\n|upkeep\n|c|\u2606Vincent RPPLF|J'te jure j'ai eu peur\n|\n|t:|1700669161\n|switch|p1a: Eau revoir|Slowking-Galar, M|100\/100\n|turn|4\n|\n|t:|1700669174\n|move|p2a: Rotom|Will-O-Wisp|p1a: Eau revoir\n|-status|p1a: Eau revoir|brn\n|move|p1a: Eau revoir|Chilly Reception|p1a: Eau revoir\n|-weather|Snow\n|\n|t:|1700669186\n|switch|p1a: Eternatus|Eternatus|100\/100|[from] Chilly Reception\n|-ability|p1a: Eternatus|Pressure\n|\n|-weather|Snow|[upkeep]\n|upkeep\n|turn|5\n|\n|t:|1700669200\n|move|p1a: Eternatus|Cosmic Power|p1a: Eternatus\n|-boost|p1a: Eternatus|def|1\n|-boost|p1a: Eternatus|spd|1\n|move|p2a: Rotom|Volt Switch|p1a: Eternatus\n|-resisted|p1a: Eternatus\n|-damage|p1a: Eternatus|94\/100\n|\n|t:|1700669220\n|switch|p2a: Heatran|Heatran, F|100\/100|[from] Volt Switch\n|\n|-weather|Snow|[upkeep]\n|-heal|p1a: Eternatus|100\/100|[from] item: Leftovers\n|upkeep\n|turn|6\n|\n|t:|1700669229\n|switch|p1a: Eau revoir|Slowking-Galar, M|100\/100 brn\n|move|p2a: Heatran|Taunt|p1a: Eau revoir\n|-start|p1a: Eau revoir|move: Taunt\n|\n|-weather|Snow|[upkeep]\n|-damage|p1a: Eau revoir|94\/100 brn|[from] brn\n|upkeep\n|turn|7\n|c|\u2606Dylan in the MA|Jen \u00e9tait sur\n|\n|t:|1700669242\n|switch|p1a: Eau chiotte|Crawdaunt, F|100\/100\n|move|p2a: Heatran|Magma Storm|p1a: Eau chiotte\n|-resisted|p1a: Eau chiotte\n|-damage|p1a: Eau chiotte|62\/100\n|-activate|p1a: Eau chiotte|move: Magma Storm|[of] p2a: Heatran\n|\n|-weather|Snow|[upkeep]\n|-damage|p1a: Eau chiotte|49\/100|[from] move: Magma Storm|[partiallytrapped]\n|upkeep\n|turn|8\n|\n|t:|1700669255\n|switch|p2a: Rotom|Rotom-Wash|100\/100\n|move|p1a: Eau chiotte|Swords Dance|p1a: Eau chiotte\n|-boost|p1a: Eau chiotte|atk|2\n|\n|-weather|none\n|-end|p1a: Eau chiotte|Magma Storm|[partiallytrapped]|[silent]\n|upkeep\n|turn|9\n|\n|t:|1700669267\n|switch|p1a: Eau revoir|Slowking-Galar, M|100\/100 brn\n|move|p2a: Rotom|Volt Switch|p1a: Eau revoir\n|-damage|p1a: Eau revoir|83\/100 brn\n|c|\u2606Vincent RPPLF|J'ai tout pr\u00e9vu mon cochon\n|\n|t:|1700669274\n|switch|p2a: Dragapult|Dragapult, F|100\/100|[from] Volt Switch\n|\n|-damage|p1a: Eau revoir|77\/100 brn|[from] brn\n|upkeep\n|turn|10\n|\n|t:|1700669284\n|move|p2a: Dragapult|Shadow Ball|p1a: Eau revoir\n|-supereffective|p1a: Eau revoir\n|-damage|p1a: Eau revoir|8\/100 brn\n|-enditem|p1a: Eau revoir|Sitrus Berry|[eat]\n|-heal|p1a: Eau revoir|32\/100 brn|[from] item: Sitrus Berry\n|move|p1a: Eau revoir|Future Sight|p2a: Dragapult\n|-start|p1a: Eau revoir|move: Future Sight\n|\n|-damage|p1a: Eau revoir|26\/100 brn|[from] brn\n|upkeep\n|turn|11\n|\n|t:|1700669296\n|move|p2a: Dragapult|Shadow Ball|p1a: Eau revoir\n|-supereffective|p1a: Eau revoir\n|-damage|p1a: Eau revoir|0 fnt\n|faint|p1a: Eau revoir\n|\n|upkeep\n|\n|t:|1700669302\n|switch|p1a: Eau chiotte|Crawdaunt, F|49\/100\n|turn|12\n|\n|t:|1700669323\n|move|p2a: Dragapult|Shadow Ball|p1a: Eau chiotte\n|-resisted|p1a: Eau chiotte\n|-damage|p1a: Eau chiotte|5\/100\n|-unboost|p1a: Eau chiotte|spd|1\n|move|p1a: Eau chiotte|Knock Off|p2a: Dragapult\n|-supereffective|p2a: Dragapult\n|-damage|p2a: Dragapult|0 fnt\n|-enditem|p2a: Dragapult|Choice Specs|[from] move: Knock Off|[of] p1a: Eau chiotte\n|faint|p2a: Dragapult\n|\n|-hint|Future Sight did not hit because the target is fainted.\n|upkeep\n|\n|t:|1700669342\n|switch|p2a: Rotom|Rotom-Wash|100\/100\n|turn|13\n|\n|t:|1700669375\n|switch|p1a: Eternatus|Eternatus|100\/100\n|-ability|p1a: Eternatus|Pressure\n|move|p2a: Rotom|Volt Switch|p1a: Eternatus\n|-resisted|p1a: Eternatus\n|-damage|p1a: Eternatus|90\/100\n|\n|t:|1700669379\n|switch|p2a: Heatran|Heatran, F|100\/100|[from] Volt Switch\n|\n|-heal|p1a: Eternatus|97\/100|[from] item: Leftovers\n|upkeep\n|turn|14\n|c|\u2606Dylan in the MA|Frr je crois\n|c|\u2606Dylan in the MA|Tes aps pret\n|\n|t:|1700669401\n|move|p1a: Eternatus|Cosmic Power|p1a: Eternatus\n|-boost|p1a: Eternatus|def|1\n|-boost|p1a: Eternatus|spd|1\n|move|p2a: Heatran|Magma Storm|p1a: Eternatus\n|-resisted|p1a: Eternatus\n|-damage|p1a: Eternatus|86\/100\n|-activate|p1a: Eternatus|move: Magma Storm|[of] p2a: Heatran\n|\n|-heal|p1a: Eternatus|92\/100|[from] item: Leftovers\n|-damage|p1a: Eternatus|79\/100|[from] move: Magma Storm|[partiallytrapped]\n|upkeep\n|turn|15\n|c|\u2606Vincent RPPLF|Oui oui\n|\n|t:|1700669412\n|move|p1a: Eternatus|Cosmic Power|p1a: Eternatus\n|-boost|p1a: Eternatus|def|1\n|-boost|p1a: Eternatus|spd|1\n|move|p2a: Heatran|Taunt|p1a: Eternatus\n|-start|p1a: Eternatus|move: Taunt\n|\n|-heal|p1a: Eternatus|86\/100|[from] item: Leftovers\n|-damage|p1a: Eternatus|73\/100|[from] move: Magma Storm|[partiallytrapped]\n|upkeep\n|turn|16\n|c|\u2606Dylan in the MA|Gros tu va voir\n|c|\u2606Dylan in the MA|Mdrrr\n|c|\u2606Vincent RPPLF|J'ai peur\n|\n|t:|1700669432\n|move|p1a: Eternatus|Sludge Bomb|p2a: Heatran\n|-immune|p2a: Heatran\n|move|p2a: Heatran|Earth Power|p1a: Eternatus\n|-supereffective|p1a: Eternatus\n|-damage|p1a: Eternatus|53\/100\n|\n|-heal|p1a: Eternatus|59\/100|[from] item: Leftovers\n|-damage|p1a: Eternatus|47\/100|[from] move: Magma Storm|[partiallytrapped]\n|upkeep\n|turn|17\n|\n|t:|1700669442\n|move|p2a: Heatran|Protect|p2a: Heatran\n|-singleturn|p2a: Heatran|Protect\n|move|p1a: Eternatus|Sludge Bomb|p2a: Heatran\n|-activate|p2a: Heatran|move: Protect\n|\n|-heal|p1a: Eternatus|53\/100|[from] item: Leftovers\n|-damage|p1a: Eternatus|41\/100|[from] move: Magma Storm|[partiallytrapped]\n|upkeep\n|turn|18\n|\n|t:|1700669454\n|move|p1a: Eternatus|Sludge Bomb|p2a: Heatran\n|-immune|p2a: Heatran\n|move|p2a: Heatran|Earth Power|p1a: Eternatus\n|-supereffective|p1a: Eternatus\n|-damage|p1a: Eternatus|22\/100\n|\n|-heal|p1a: Eternatus|28\/100|[from] item: Leftovers\n|-damage|p1a: Eternatus|16\/100|[from] move: Magma Storm|[partiallytrapped]\n|-end|p1a: Eternatus|move: Taunt\n|upkeep\n|turn|19\n|\n|t:|1700669467\n|move|p1a: Eternatus|Recover|p1a: Eternatus\n|-heal|p1a: Eternatus|66\/100\n|move|p2a: Heatran|Taunt|p1a: Eternatus\n|-start|p1a: Eternatus|move: Taunt\n|\n|-heal|p1a: Eternatus|72\/100|[from] item: Leftovers\n|-end|p1a: Eternatus|Magma Storm|[partiallytrapped]\n|upkeep\n|turn|20\n|c|\u2606Dylan in the MA|Je peux win le duel au pp stall de magma storm ptdr\n|\n|t:|1700669501\n|switch|p1a: Landorus|Landorus-Therian, M|100\/100\n|-ability|p1a: Landorus|Intimidate|boost\n|-unboost|p2a: Heatran|atk|1\n|move|p2a: Heatran|Magma Storm|p1a: Landorus\n|-damage|p1a: Landorus|48\/100\n|-activate|p1a: Landorus|move: Magma Storm|[of] p2a: Heatran\n|\n|-damage|p1a: Landorus|36\/100|[from] move: Magma Storm|[partiallytrapped]\n|upkeep\n|turn|21\n|c|\u2606Vincent RPPLF|Non j'pense pas\n|c|\u2606Dylan in the MA|Bah pas avec protect je crois mdr\n|c|\u2606Vincent RPPLF|J'ai d\u00e9j\u00e0 une autre arnaque\n|c|\u2606Vincent RPPLF|Au cas ou\n|\n|t:|1700669528\n|move|p2a: Heatran|Protect|p2a: Heatran\n|-singleturn|p2a: Heatran|Protect\n|move|p1a: Landorus|U-turn|p2a: Heatran\n|-activate|p2a: Heatran|move: Protect\n|\n|-damage|p1a: Landorus|23\/100|[from] move: Magma Storm|[partiallytrapped]\n|upkeep\n|turn|22\n|\n|t:|1700669542\n|move|p1a: Landorus|U-turn|p2a: Heatran\n|-resisted|p2a: Heatran\n|-damage|p2a: Heatran|95\/100\n|\n|t:|1700669553\n|switch|p1a: Eau chiotte|Crawdaunt, F|5\/100|[from] U-turn\n|move|p2a: Heatran|Earth Power|p1a: Eau chiotte\n|-damage|p1a: Eau chiotte|0 fnt\n|faint|p1a: Eau chiotte\n|\n|-heal|p2a: Heatran|100\/100|[from] item: Leftovers\n|upkeep\n|c|\u2606Dylan in the MA|Putain\n|\n|t:|1700669575\n|switch|p1a: Landorus|Landorus-Therian, M|23\/100\n|-ability|p1a: Landorus|Intimidate|boost\n|-unboost|p2a: Heatran|atk|1\n|turn|23\n|c|\u2606Vincent RPPLF|Tu m'as pris pour Aaron\n|\n|t:|1700669583\n|move|p2a: Heatran|Protect|p2a: Heatran\n|-singleturn|p2a: Heatran|Protect\n|move|p1a: Landorus|Earthquake|p2a: Heatran\n|-activate|p2a: Heatran|move: Protect\n|\n|upkeep\n|turn|24\n|\n|t:|1700669591\n|switch|p1a: Eternatus|Eternatus|72\/100\n|-ability|p1a: Eternatus|Pressure\n|switch|p2a: Rotom|Rotom-Wash|100\/100\n|\n|-heal|p1a: Eternatus|78\/100|[from] item: Leftovers\n|upkeep\n|turn|25\n|\n|t:|1700669609\n|move|p1a: Eternatus|Cosmic Power|p1a: Eternatus\n|-boost|p1a: Eternatus|def|1\n|-boost|p1a: Eternatus|spd|1\n|move|p2a: Rotom|Will-O-Wisp|p1a: Eternatus\n|-status|p1a: Eternatus|brn\n|\n|-heal|p1a: Eternatus|84\/100 brn|[from] item: Leftovers\n|-damage|p1a: Eternatus|78\/100 brn|[from] brn\n|upkeep\n|turn|26\n|c|\u2606Dylan in the MA|Je te laisse pas win culer\n|\n|t:|1700669622\n|switch|p1a: Landorus|Landorus-Therian, M|23\/100\n|-ability|p1a: Landorus|Intimidate|boost\n|-unboost|p2a: Rotom|atk|1\n|move|p2a: Rotom|Volt Switch|p1a: Landorus\n|-immune|p1a: Landorus\n|\n|upkeep\n|turn|27\n|\n|t:|1700669632\n|move|p2a: Rotom|Protect|p2a: Rotom\n|-singleturn|p2a: Rotom|Protect\n|move|p1a: Landorus|U-turn|p2a: Rotom\n|-activate|p2a: Rotom|move: Protect\n|\n|upkeep\n|turn|28\n|c|\u2606Dylan in the MA|Vazi tes 10 protect\n|\n|t:|1700669647\n|move|p1a: Landorus|U-turn|p2a: Rotom\n|-damage|p2a: Rotom|79\/100\n|\n|t:|1700669659\n|switch|p1a: Eternatus|Eternatus|78\/100 brn|[from] U-turn\n|-ability|p1a: Eternatus|Pressure\n|move|p2a: Rotom|Volt Switch|p1a: Eternatus\n|-resisted|p1a: Eternatus\n|-damage|p1a: Eternatus|69\/100 brn\n|\n|t:|1700669668\n|switch|p2a: Heatran|Heatran, F|100\/100|[from] Volt Switch\n|\n|-heal|p1a: Eternatus|75\/100 brn|[from] item: Leftovers\n|-damage|p1a: Eternatus|69\/100 brn|[from] brn\n|upkeep\n|turn|29\n|\n|t:|1700669683\n|move|p2a: Heatran|Trick|p1a: Eternatus\n|-activate|p2a: Heatran|move: Trick|[of] p1a: Eternatus\n|-item|p1a: Eternatus|Choice Scarf|[from] move: Trick\n|-item|p2a: Heatran|Leftovers|[from] move: Trick\n|move|p1a: Eternatus|Flamethrower|p2a: Heatran\n|-damage|p2a: Heatran|30\/100\n|replace|p2a: Zoroark|Zoroark-Hisui, M\n|-end|p2a: Zoroark|Illusion\n|\n|-heal|p2a: Zoroark|36\/100|[from] item: Leftovers\n|-damage|p1a: Eternatus|62\/100 brn|[from] brn\n|upkeep\n|turn|30\n|c|\u2606Dylan in the MA|Je voulais check le talent mdr\n|\n|t:|1700669707\n|move|p1a: Eternatus|Flamethrower|p2a: Zoroark\n|-damage|p2a: Zoroark|0 fnt\n|faint|p2a: Zoroark\n|\n|-damage|p1a: Eternatus|56\/100 brn|[from] brn\n|upkeep\n|\n|t:|1700669710\n|switch|p2a: Heatran|Heatran, F|100\/100\n|turn|31\n|\n|t:|1700669717\n|move|p1a: Eternatus|Flamethrower|p2a: Heatran\n|-start|p2a: Heatran|ability: Flash Fire\n|move|p2a: Heatran|Magma Storm|p1a: Eternatus\n|-resisted|p1a: Eternatus\n|-damage|p1a: Eternatus|32\/100 brn\n|-activate|p1a: Eternatus|move: Magma Storm|[of] p2a: Heatran\n|\n|-damage|p1a: Eternatus|26\/100 brn|[from] brn\n|-damage|p1a: Eternatus|13\/100 brn|[from] move: Magma Storm|[partiallytrapped]\n|upkeep\n|turn|32\n|\n|t:|1700669729\n|move|p1a: Eternatus|Flamethrower|p2a: Heatran\n|-immune|p2a: Heatran|[from] ability: Flash Fire\n|move|p2a: Heatran|Earth Power|p1a: Eternatus\n|-supereffective|p1a: Eternatus\n|-damage|p1a: Eternatus|0 fnt\n|faint|p1a: Eternatus\n|\n|upkeep\n|c|\u2606Vincent RPPLF|Mdrr\n|\n|t:|1700669743\n|switch|p1a: Landorus|Landorus-Therian, M|23\/100\n|-ability|p1a: Landorus|Intimidate|boost\n|-unboost|p2a: Heatran|atk|1\n|turn|33\n|\n|t:|1700669753\n|move|p2a: Heatran|Protect|p2a: Heatran\n|-singleturn|p2a: Heatran|Protect\n|move|p1a: Landorus|Stone Edge|p2a: Heatran\n|-activate|p2a: Heatran|move: Protect\n|\n|upkeep\n|turn|34\n|c|\u2606Dylan in the MA|3 gros crit sa mere aka miss hydropump\n|\n|t:|1700669775\n|move|p1a: Landorus|Stone Edge|p2a: Heatran\n|-damage|p2a: Heatran|69\/100\n|move|p2a: Heatran|Magma Storm|p1a: Landorus\n|-damage|p1a: Landorus|0 fnt\n|faint|p1a: Landorus\n|\n|-heal|p2a: Heatran|75\/100|[from] item: Leftovers\n|upkeep\n|c|\u2606Vincent RPPLF|Mdrr\n|c|\u2606Vincent RPPLF|Pas suffisant\n|\n|t:|1700669785\n|switch|p1a: Eau mon dieu|Clefable, M|100\/100\n|turn|35\n|\n|t:|1700669793\n|-terastallize|p1a: Eau mon dieu|Water\n|move|p2a: Heatran|Taunt|p1a: Eau mon dieu\n|-start|p1a: Eau mon dieu|move: Taunt\n|cant|p1a: Eau mon dieu|move: Taunt|Calm Mind\n|\n|-heal|p2a: Heatran|81\/100|[from] item: Leftovers\n|upkeep\n|turn|36\n|\n|t:|1700669802\n|-end|p2a: Heatran|ability: Flash Fire|[silent]\n|switch|p2a: Rotom|Rotom-Wash|79\/100\n|move|p1a: Eau mon dieu|Draining Kiss|p2a: Rotom\n|-damage|p2a: Rotom|61\/100\n|\n|upkeep\n|turn|37\n|c|\u2606Dylan in the MA|Il me turbo counter heatran\n|\n|t:|1700669814\n|move|p2a: Rotom|Volt Switch|p1a: Eau mon dieu\n|-supereffective|p1a: Eau mon dieu\n|-damage|p1a: Eau mon dieu|52\/100\n|\n|t:|1700669816\n|switch|p2a: Iron Moth|Iron Moth|100\/100|[from] Volt Switch\n|-enditem|p2a: Iron Moth|Booster Energy\n|-activate|p2a: Iron Moth|ability: Quark Drive|[fromitem]\n|-start|p2a: Iron Moth|quarkdrivespa\n|move|p1a: Eau mon dieu|Draining Kiss|p2a: Iron Moth\n|-resisted|p2a: Iron Moth\n|-damage|p2a: Iron Moth|96\/100\n|-heal|p1a: Eau mon dieu|54\/100|[from] drain|[of] p2a: Iron Moth\n|\n|-end|p1a: Eau mon dieu|move: Taunt\n|upkeep\n|turn|38\n|c|\u2606Vincent RPPLF|De ouf\n|\n|t:|1700669831\n|move|p2a: Iron Moth|Sludge Wave|p1a: Eau mon dieu\n|-damage|p1a: Eau mon dieu|0 fnt\n|faint|p1a: Eau mon dieu\n|\n|win|Vincent RPPLF\n|c|\u2606Dylan in the MA|Gg\n|c|\u2606Vincent RPPLF|Gg mon cochon\n","uploadtime":1700669839,"views":0,"p1id":"dylaninthema","p2id":"vincentrpplf","formatid":"gen9ubers","rating":0,"private":0,"password":""}