{"id":"gen9ubers-1972412541","p1":"Hand0fD00m","p2":"Mike Bonobo","format":"[Gen 9] Ubers","log":"|j|\u2606Hand0fD00m\n|j|\u2606Mike Bonobo\n|t:|1697840035\n|gametype|singles\n|player|p1|Hand0fD00m|roughneck|\n|player|p2|Mike Bonobo|swimmer-gen4dp|\n|teamsize|p1|6\n|teamsize|p2|6\n|gen|9\n|tier|[Gen 9] Ubers\n|rule|Sleep Clause Mod: Limit one foe put to sleep\n|rule|Species Clause: Limit one of each Pok\u00e9mon\n|rule|OHKO Clause: OHKO moves are banned\n|rule|Evasion Items Clause: Evasion items are banned\n|rule|Evasion Moves Clause: Evasion moves are banned\n|rule|Endless Battle Clause: Forcing endless battles is banned\n|rule|HP Percentage Mod: HP is shown in percentages\n|clearpoke\n|poke|p1|Arceus|\n|poke|p1|Koraidon|\n|poke|p1|Zacian-*|\n|poke|p1|Miraidon|\n|poke|p1|Landorus-Therian, M|\n|poke|p1|Walking Wake|\n|poke|p2|Koraidon|\n|poke|p2|Chi-Yu|\n|poke|p2|Flutter Mane|\n|poke|p2|Ursaluna-Bloodmoon, M|\n|poke|p2|Dachsbun, M|\n|poke|p2|Corviknight, F|\n|teampreview\n|c|\u2606Mike Bonobo|man that overheat miss hurt so much lol\n|c|\u2606Hand0fD00m|that was brutal\n|c|\u2606Hand0fD00m|one sec i sent links let the homies enter\n|j| Rival Andrew\n|c| Rival Andrew|especially after living the crit\n|\n|t:|1697840177\n|start\n|switch|p1a: Calrissian|Landorus-Therian, M|100\/100\n|switch|p2a: Dachsbun|Dachsbun, M|100\/100\n|-ability|p1a: Calrissian|Intimidate|boost\n|-unboost|p2a: Dachsbun|atk|1\n|turn|1\n|\n|t:|1697840201\n|move|p2a: Dachsbun|Wish|p2a: Dachsbun\n|move|p1a: Calrissian|Taunt|p2a: Dachsbun\n|-start|p2a: Dachsbun|move: Taunt\n|\n|upkeep\n|turn|2\n|j| Yangsta\n|c| Yangsta|gl hf\n|\n|t:|1697840240\n|switch|p2a: Ursaluna|Ursaluna-Bloodmoon, M|100\/100\n|move|p1a: Calrissian|Stealth Rock|p2a: Ursaluna\n|-sidestart|p2: Mike Bonobo|move: Stealth Rock\n|\n|upkeep\n|turn|3\n|\n|t:|1697840254\n|move|p1a: Calrissian|Taunt|p2a: Ursaluna\n|-start|p2a: Ursaluna|move: Taunt\n|move|p2a: Ursaluna|Blood Moon|p1a: Calrissian\n|-damage|p1a: Calrissian|34\/100\n|\n|upkeep\n|turn|4\n|\n|t:|1697840265\n|switch|p2a: Corviknight|Corviknight, F|100\/100\n|-damage|p2a: Corviknight|88\/100|[from] Stealth Rock\n|-ability|p2a: Corviknight|Pressure\n|move|p1a: Calrissian|U-turn|p2a: Corviknight\n|-resisted|p2a: Corviknight\n|-damage|p2a: Corviknight|84\/100\n|\n|t:|1697840290\n|switch|p1a: Bon Scott|Miraidon|100\/100|[from] U-turn\n|-fieldstart|move: Electric Terrain|[from] ability: Hadron Engine|[of] p1a: Bon Scott\n|\n|-heal|p2a: Corviknight|90\/100|[from] item: Leftovers\n|upkeep\n|turn|5\n|\n|t:|1697840306\n|move|p1a: Bon Scott|Electro Drift|p2a: Corviknight\n|-supereffective|p2a: Corviknight\n|-damage|p2a: Corviknight|0 fnt\n|faint|p2a: Corviknight\n|\n|upkeep\n|\n|t:|1697840324\n|switch|p2a: Koraidon|Koraidon|100\/100\n|-damage|p2a: Koraidon|94\/100|[from] Stealth Rock\n|-weather|SunnyDay|[from] ability: Orichalcum Pulse|[of] p2a: Koraidon\n|-activate|p2a: Koraidon|Orichalcum Pulse|[source]\n|turn|6\n|\n|t:|1697840347\n|switch|p1a: Calrissian|Landorus-Therian, M|34\/100\n|-ability|p1a: Calrissian|Intimidate|boost\n|-unboost|p2a: Koraidon|atk|1\n|move|p2a: Koraidon|Flare Blitz|p1a: Calrissian\n|-damage|p1a: Calrissian|0 fnt\n|-damage|p2a: Koraidon|78\/100|[from] item: Rocky Helmet|[of] p1a: Calrissian\n|faint|p1a: Calrissian\n|-damage|p2a: Koraidon|66\/100|[from] Recoil\n|\n|-weather|SunnyDay|[upkeep]\n|upkeep\n|\n|t:|1697840371\n|switch|p1a: Strolling Storm|Walking Wake|100\/100\n|-activate|p1a: Strolling Storm|ability: Protosynthesis\n|-start|p1a: Strolling Storm|protosynthesisspe\n|turn|7\n|c| Rival Andrew|Zachs team just emerged from the mines before these battles\n|c| Rival Andrew|they all still have their helmets on\n|\n|t:|1697840400\n|switch|p2a: Dachsbun|Dachsbun, M|100\/100\n|-damage|p2a: Dachsbun|88\/100|[from] Stealth Rock\n|move|p1a: Strolling Storm|Hydro Steam|p2a: Dachsbun\n|-damage|p2a: Dachsbun|6\/100\n|\n|-weather|SunnyDay|[upkeep]\n|upkeep\n|turn|8\n|\n|t:|1697840417\n|move|p1a: Strolling Storm|Hydro Steam|p2a: Dachsbun\n|-damage|p2a: Dachsbun|0 fnt\n|faint|p2a: Dachsbun\n|\n|-weather|SunnyDay|[upkeep]\n|-fieldend|move: Electric Terrain\n|upkeep\n|\n|t:|1697840424\n|switch|p2a: Flutter Mane|Flutter Mane|100\/100\n|-damage|p2a: Flutter Mane|88\/100|[from] Stealth Rock\n|-activate|p2a: Flutter Mane|ability: Protosynthesis\n|-start|p2a: Flutter Mane|protosynthesisspe\n|turn|9\n|\n|t:|1697840438\n|-terastallize|p1a: Strolling Storm|Water\n|move|p2a: Flutter Mane|Calm Mind|p2a: Flutter Mane\n|-boost|p2a: Flutter Mane|spa|1\n|-boost|p2a: Flutter Mane|spd|1\n|move|p1a: Strolling Storm|Flamethrower|p2a: Flutter Mane\n|-damage|p2a: Flutter Mane|56\/100\n|\n|-weather|SunnyDay|[upkeep]\n|upkeep\n|turn|10\n|\n|t:|1697840459\n|move|p2a: Flutter Mane|Calm Mind|p2a: Flutter Mane\n|-boost|p2a: Flutter Mane|spa|1\n|-boost|p2a: Flutter Mane|spd|1\n|move|p1a: Strolling Storm|Hydro Steam|p2a: Flutter Mane\n|-damage|p2a: Flutter Mane|16\/100\n|\n|-weather|none\n|-end|p2a: Flutter Mane|Protosynthesis\n|-end|p1a: Strolling Storm|Protosynthesis\n|upkeep\n|-enditem|p2a: Flutter Mane|Booster Energy\n|-activate|p2a: Flutter Mane|ability: Protosynthesis|[fromitem]\n|-start|p2a: Flutter Mane|protosynthesisspa\n|-enditem|p1a: Strolling Storm|Booster Energy\n|-activate|p1a: Strolling Storm|ability: Protosynthesis|[fromitem]\n|-start|p1a: Strolling Storm|protosynthesisspe\n|turn|11\n|c|\u2606Mike Bonobo|oh no I fucked myself lmao\n|c| Yangsta|CM more broken than my childhood bicycle\n|c| Rival Andrew|nooooooo\n|c|\u2606Hand0fD00m|you didnt make it speed\n|c| Yangsta|yeah\n|c| Rival Andrew|;-;\n|c| Yangsta|nah its probs speed, but CM fucked it\n|c|\u2606Mike Bonobo|yeah I kinda thought it would go off base, not cm boosted\n|\n|t:|1697840521\n|move|p1a: Strolling Storm|Hydro Steam|p2a: Flutter Mane\n|-damage|p2a: Flutter Mane|0 fnt\n|faint|p2a: Flutter Mane\n|-end|p2a: Flutter Mane|Protosynthesis|[silent]\n|\n|upkeep\n|\n|t:|1697840545\n|switch|p2a: Koraidon|Koraidon|66\/100\n|-damage|p2a: Koraidon|59\/100|[from] Stealth Rock\n|-weather|SunnyDay|[from] ability: Orichalcum Pulse|[of] p2a: Koraidon\n|-activate|p2a: Koraidon|Orichalcum Pulse|[source]\n|turn|12\n|\n|t:|1697840556\n|move|p2a: Koraidon|U-turn|p1a: Strolling Storm\n|-damage|p1a: Strolling Storm|65\/100\n|\n|t:|1697840569\n|switch|p2a: Chi-Yu|Chi-Yu|100\/100|[from] U-turn\n|-damage|p2a: Chi-Yu|76\/100|[from] Stealth Rock\n|-ability|p2a: Chi-Yu|Beads of Ruin\n|move|p1a: Strolling Storm|Dragon Pulse|p2a: Chi-Yu\n|-damage|p2a: Chi-Yu|28\/100\n|\n|-weather|SunnyDay|[upkeep]\n|upkeep\n|turn|13\n|\n|t:|1697840581\n|move|p1a: Strolling Storm|Hydro Steam|p2a: Chi-Yu\n|-supereffective|p2a: Chi-Yu\n|-damage|p2a: Chi-Yu|0 fnt\n|faint|p2a: Chi-Yu\n|\n|-weather|SunnyDay|[upkeep]\n|upkeep\n|\n|t:|1697840590\n|switch|p2a: Koraidon|Koraidon|59\/100\n|-damage|p2a: Koraidon|53\/100|[from] Stealth Rock\n|-activate|p2a: Koraidon|ability: Orichalcum Pulse\n|turn|14\n|\n|t:|1697840604\n|move|p2a: Koraidon|Collision Course|p1a: Strolling Storm\n|-damage|p1a: Strolling Storm|0 fnt\n|faint|p1a: Strolling Storm\n|-end|p1a: Strolling Storm|Protosynthesis|[silent]\n|\n|-weather|SunnyDay|[upkeep]\n|upkeep\n|\n|t:|1697840622\n|switch|p1a: Bon Scott|Miraidon|100\/100\n|-fieldstart|move: Electric Terrain|[from] ability: Hadron Engine|[of] p1a: Bon Scott\n|turn|15\n|\n|t:|1697840638\n|switch|p2a: Ursaluna|Ursaluna-Bloodmoon, M|100\/100\n|-damage|p2a: Ursaluna|94\/100|[from] Stealth Rock\n|move|p1a: Bon Scott|Draco Meteor|p2a: Ursaluna\n|-crit|p2a: Ursaluna\n|-damage|p2a: Ursaluna|0 fnt\n|-unboost|p1a: Bon Scott|spa|2\n|faint|p2a: Ursaluna\n|\n|-weather|SunnyDay|[upkeep]\n|upkeep\n|\n|t:|1697840647\n|switch|p2a: Koraidon|Koraidon|53\/100\n|-damage|p2a: Koraidon|47\/100|[from] Stealth Rock\n|-activate|p2a: Koraidon|ability: Orichalcum Pulse\n|turn|16\n|\n|t:|1697840654\n|move|p2a: Koraidon|Collision Course|p1a: Bon Scott\n|-damage|p1a: Bon Scott|25\/100\n|move|p1a: Bon Scott|Draco Meteor|p2a: Koraidon\n|-supereffective|p2a: Koraidon\n|-damage|p2a: Koraidon|0 fnt\n|-unboost|p1a: Bon Scott|spa|2\n|faint|p2a: Koraidon\n|\n|win|Hand0fD00m\n|c| Rival Andrew|damn\n|c| Yangsta|gg\n|c|\u2606Mike Bonobo|gg's\n|c|\u2606Hand0fD00m|ggs man\n|c| Yangsta|Zach is on point holy\n|c| Rival Andrew|that was indeed spooky\n|c|\u2606Hand0fD00m|rocks are brutal\n|l| Yangsta\n","uploadtime":1697840710,"views":12,"p1id":"hand0fd00m","p2id":"mikebonobo","formatid":"gen9ubers","rating":0,"private":0,"password":""}