{"id":"gen9ubers-1977688083","p1":"lapisvgc","p2":"ghiggin","format":"[Gen 9] Ubers","log":"|j|\u2606lapisvgc\n|j|\u2606ghiggin\n|inactive|Battle timer is ON: inactive players will automatically lose when time's up.\n|t:|1698438796\n|gametype|singles\n|player|p1|lapisvgc|waiter-gen4dp|\n|player|p2|ghiggin|265|\n|teamsize|p1|6\n|teamsize|p2|6\n|gen|9\n|tier|[Gen 9] Ubers\n|rated|Tournament battle\n|rule|Sleep Clause Mod: Limit one foe put to sleep\n|rule|Species Clause: Limit one of each Pok\u00e9mon\n|rule|OHKO Clause: OHKO moves are banned\n|rule|Evasion Items Clause: Evasion items are banned\n|rule|Evasion Moves Clause: Evasion moves are banned\n|rule|Endless Battle Clause: Forcing endless battles is banned\n|rule|HP Percentage Mod: HP is shown in percentages\n|clearpoke\n|poke|p1|Miraidon|\n|poke|p1|Chien-Pao|\n|poke|p1|Iron Moth|\n|poke|p1|Basculegion, M|\n|poke|p1|Palafin, M|\n|poke|p1|Iron Treads|\n|poke|p2|Miraidon|\n|poke|p2|Iron Bundle|\n|poke|p2|Ribombee, F|\n|poke|p2|Arceus-Steel|\n|poke|p2|Skeledirge, M|\n|poke|p2|Flutter Mane|\n|teampreview\n|j|*Lady Monita \u263d\n|inactive|lapisvgc also wants the timer to be on.\n|\n|t:|1698438810\n|start\n|switch|p1a: Palafin|Palafin, M|100\/100\n|switch|p2a: Ribombee|Ribombee, F|100\/100\n|turn|1\n|\n|t:|1698438816\n|move|p2a: Ribombee|Stun Spore|p1a: Palafin\n|-status|p1a: Palafin|par\n|move|p1a: Palafin|Flip Turn|p2a: Ribombee\n|-damage|p2a: Ribombee|50\/100\n|\n|t:|1698438820\n|detailschange|p1a: Palafin|Palafin-Hero, M\n|switch|p1a: Miraidon|Miraidon|100\/100|[from] Flip Turn\n|-fieldstart|move: Electric Terrain|[from] ability: Hadron Engine|[of] p1a: Miraidon\n|\n|upkeep\n|turn|2\n|\n|t:|1698438823\n|move|p2a: Ribombee|Sticky Web|p1a: Miraidon\n|-sidestart|p1: lapisvgc|move: Sticky Web\n|move|p1a: Miraidon|Volt Switch|p2a: Ribombee\n|-damage|p2a: Ribombee|0 fnt\n|faint|p2a: Ribombee\n|\n|t:|1698438832\n|switch|p1a: Iron Treads|Iron Treads|100\/100|[from] Volt Switch\n|-activate|p1a: Iron Treads|move: Sticky Web\n|-unboost|p1a: Iron Treads|spe|1\n|-activate|p1a: Iron Treads|ability: Quark Drive\n|-start|p1a: Iron Treads|quarkdrivespd\n|\n|upkeep\n|\n|t:|1698438844\n|switch|p2a: Skeledirge|Skeledirge, M|100\/100\n|turn|3\n|\n|t:|1698438850\n|-terastallize|p1a: Iron Treads|Water\n|move|p2a: Skeledirge|Will-O-Wisp|p1a: Iron Treads\n|-status|p1a: Iron Treads|brn\n|move|p1a: Iron Treads|Earthquake|p2a: Skeledirge\n|-supereffective|p2a: Skeledirge\n|-damage|p2a: Skeledirge|68\/100\n|\n|-damage|p1a: Iron Treads|94\/100 brn|[from] brn\n|upkeep\n|turn|4\n|\n|t:|1698438857\n|move|p2a: Skeledirge|Torch Song|p1a: Iron Treads\n|-resisted|p1a: Iron Treads\n|-damage|p1a: Iron Treads|86\/100 brn\n|-boost|p2a: Skeledirge|spa|1\n|move|p1a: Iron Treads|Knock Off|p2a: Skeledirge\n|-supereffective|p2a: Skeledirge\n|-damage|p2a: Skeledirge|48\/100\n|-enditem|p2a: Skeledirge|Heavy-Duty Boots|[from] move: Knock Off|[of] p1a: Iron Treads\n|\n|-heal|p1a: Iron Treads|92\/100 brn|[from] item: Leftovers\n|-damage|p1a: Iron Treads|86\/100 brn|[from] brn\n|upkeep\n|turn|5\n|\n|t:|1698438864\n|move|p2a: Skeledirge|Slack Off|p2a: Skeledirge\n|-heal|p2a: Skeledirge|98\/100\n|move|p1a: Iron Treads|Stealth Rock|p2a: Skeledirge\n|-sidestart|p2: ghiggin|move: Stealth Rock\n|\n|-heal|p1a: Iron Treads|92\/100 brn|[from] item: Leftovers\n|-damage|p1a: Iron Treads|86\/100 brn|[from] brn\n|-fieldend|move: Electric Terrain\n|-end|p1a: Iron Treads|Quark Drive\n|upkeep\n|turn|6\n|\n|t:|1698438870\n|-end|p1a: Iron Treads|Quark Drive|[silent]\n|switch|p1a: Palafin|Palafin-Hero, M|100\/100 par\n|-activate|p1a: Palafin|move: Sticky Web\n|-unboost|p1a: Palafin|spe|1\n|-activate|p1a: Palafin|ability: Zero to Hero\n|move|p2a: Skeledirge|Torch Song|p1a: Palafin\n|-resisted|p1a: Palafin\n|-damage|p1a: Palafin|75\/100 par\n|-boost|p2a: Skeledirge|spa|1\n|\n|upkeep\n|turn|7\n|\n|t:|1698438875\n|move|p1a: Palafin|Jet Punch|p2a: Skeledirge\n|-supereffective|p2a: Skeledirge\n|-damage|p2a: Skeledirge|27\/100\n|move|p2a: Skeledirge|Hex|p1a: Palafin\n|-damage|p1a: Palafin|0 fnt\n|faint|p1a: Palafin\n|\n|upkeep\n|\n|t:|1698438880\n|switch|p1a: Miraidon|Miraidon|100\/100\n|-activate|p1a: Miraidon|move: Sticky Web\n|-unboost|p1a: Miraidon|spe|1\n|-fieldstart|move: Electric Terrain|[from] ability: Hadron Engine|[of] p1a: Miraidon\n|turn|8\n|\n|t:|1698438885\n|move|p1a: Miraidon|Parabolic Charge|p2a: Skeledirge\n|-damage|p2a: Skeledirge|0 fnt\n|faint|p2a: Skeledirge\n|\n|upkeep\n|\n|t:|1698438888\n|switch|p2a: Iron Bundle|Iron Bundle|100\/100\n|-damage|p2a: Iron Bundle|76\/100|[from] Stealth Rock\n|-activate|p2a: Iron Bundle|ability: Quark Drive\n|-start|p2a: Iron Bundle|quarkdrivespe\n|turn|9\n|\n|t:|1698438913\n|move|p2a: Iron Bundle|Ice Beam|p1a: Miraidon\n|-supereffective|p1a: Miraidon\n|-damage|p1a: Miraidon|9\/100\n|-damage|p2a: Iron Bundle|66\/100|[from] item: Life Orb\n|move|p1a: Miraidon|Volt Switch|p2a: Iron Bundle\n|-supereffective|p2a: Iron Bundle\n|-damage|p2a: Iron Bundle|0 fnt\n|faint|p2a: Iron Bundle\n|-end|p2a: Iron Bundle|Quark Drive|[silent]\n|\n|t:|1698438917\n|switch|p1a: Iron Moth|Iron Moth|100\/100|[from] Volt Switch\n|-activate|p1a: Iron Moth|move: Sticky Web\n|-unboost|p1a: Iron Moth|spe|1\n|-activate|p1a: Iron Moth|ability: Quark Drive\n|-start|p1a: Iron Moth|quarkdrivespa\n|\n|upkeep\n|\n|t:|1698438928\n|switch|p2a: Flutter Mane|Flutter Mane|100\/100\n|-damage|p2a: Flutter Mane|88\/100|[from] Stealth Rock\n|turn|10\n|\n|t:|1698438936\n|move|p2a: Flutter Mane|Moonblast|p1a: Iron Moth\n|-resisted|p1a: Iron Moth\n|-damage|p1a: Iron Moth|84\/100\n|-damage|p2a: Flutter Mane|78\/100|[from] item: Life Orb\n|move|p1a: Iron Moth|Fiery Dance|p2a: Flutter Mane\n|-damage|p2a: Flutter Mane|11\/100\n|-boost|p1a: Iron Moth|spa|1\n|\n|upkeep\n|turn|11\n|\n|t:|1698438939\n|move|p2a: Flutter Mane|Psyshock|p1a: Iron Moth\n|-supereffective|p1a: Iron Moth\n|-damage|p1a: Iron Moth|0 fnt\n|faint|p1a: Iron Moth\n|-end|p1a: Iron Moth|Quark Drive|[silent]\n|-damage|p2a: Flutter Mane|1\/100|[from] item: Life Orb\n|\n|upkeep\n|\n|t:|1698438944\n|switch|p1a: Chien-Pao|Chien-Pao|100\/100\n|-activate|p1a: Chien-Pao|move: Sticky Web\n|-unboost|p1a: Chien-Pao|spe|1\n|-ability|p1a: Chien-Pao|Sword of Ruin\n|turn|12\n|\n|t:|1698438946\n|move|p1a: Chien-Pao|Ice Shard|p2a: Flutter Mane\n|-damage|p2a: Flutter Mane|0 fnt\n|faint|p2a: Flutter Mane\n|-end|p2a: Flutter Mane|Protosynthesis|[silent]\n|\n|-fieldend|move: Electric Terrain\n|upkeep\n|\n|t:|1698438948\n|switch|p2a: Arceus|Arceus-Steel|100\/100\n|-damage|p2a: Arceus|94\/100|[from] Stealth Rock\n|turn|13\n|\n|t:|1698438951\n|move|p2a: Arceus|Cosmic Power|p2a: Arceus\n|-boost|p2a: Arceus|def|1\n|-boost|p2a: Arceus|spd|1\n|move|p1a: Chien-Pao|Swords Dance|p1a: Chien-Pao\n|-boost|p1a: Chien-Pao|atk|2\n|\n|upkeep\n|turn|14\n|\n|t:|1698438960\n|move|p2a: Arceus|Body Press|p1a: Chien-Pao\n|-supereffective|p1a: Chien-Pao\n|-enditem|p1a: Chien-Pao|Focus Sash\n|-damage|p1a: Chien-Pao|1\/100\n|move|p1a: Chien-Pao|Crunch|p2a: Arceus\n|-damage|p2a: Arceus|48\/100\n|-unboost|p2a: Arceus|def|1\n|\n|upkeep\n|turn|15\n|\n|t:|1698438966\n|move|p1a: Chien-Pao|Ice Shard|p2a: Arceus\n|-resisted|p2a: Arceus\n|-damage|p2a: Arceus|32\/100\n|move|p2a: Arceus|Body Press|p1a: Chien-Pao\n|-supereffective|p1a: Chien-Pao\n|-damage|p1a: Chien-Pao|0 fnt\n|faint|p1a: Chien-Pao\n|\n|upkeep\n|\n|t:|1698438973\n|switch|p1a: Iron Treads|Iron Treads, tera:Water|86\/100 brn\n|-activate|p1a: Iron Treads|move: Sticky Web\n|-unboost|p1a: Iron Treads|spe|1\n|turn|16\n|\n|t:|1698438977\n|move|p2a: Arceus|Recover|p2a: Arceus\n|-heal|p2a: Arceus|82\/100\n|move|p1a: Iron Treads|Rapid Spin|p2a: Arceus\n|-resisted|p2a: Arceus\n|-damage|p2a: Arceus|80\/100\n|-boost|p1a: Iron Treads|spe|1\n|-sideend|p1: lapisvgc|Sticky Web|[from] move: Rapid Spin|[of] p1a: Iron Treads\n|\n|-heal|p1a: Iron Treads|92\/100 brn|[from] item: Leftovers\n|-damage|p1a: Iron Treads|86\/100 brn|[from] brn\n|upkeep\n|turn|17\n|\n|t:|1698438980\n|move|p2a: Arceus|Cosmic Power|p2a: Arceus\n|-boost|p2a: Arceus|def|1\n|-boost|p2a: Arceus|spd|1\n|move|p1a: Iron Treads|Earthquake|p2a: Arceus\n|-supereffective|p2a: Arceus\n|-damage|p2a: Arceus|63\/100\n|\n|-heal|p1a: Iron Treads|92\/100 brn|[from] item: Leftovers\n|-damage|p1a: Iron Treads|86\/100 brn|[from] brn\n|upkeep\n|turn|18\n|\n|t:|1698438985\n|move|p2a: Arceus|Cosmic Power|p2a: Arceus\n|-boost|p2a: Arceus|def|1\n|-boost|p2a: Arceus|spd|1\n|move|p1a: Iron Treads|Earthquake|p2a: Arceus\n|-supereffective|p2a: Arceus\n|-damage|p2a: Arceus|49\/100\n|\n|-heal|p1a: Iron Treads|92\/100 brn|[from] item: Leftovers\n|-damage|p1a: Iron Treads|86\/100 brn|[from] brn\n|upkeep\n|turn|19\n|\n|t:|1698438988\n|move|p2a: Arceus|Recover|p2a: Arceus\n|-heal|p2a: Arceus|99\/100\n|move|p1a: Iron Treads|Earthquake|p2a: Arceus\n|-supereffective|p2a: Arceus\n|-crit|p2a: Arceus\n|-damage|p2a: Arceus|61\/100\n|\n|-heal|p1a: Iron Treads|92\/100 brn|[from] item: Leftovers\n|-damage|p1a: Iron Treads|86\/100 brn|[from] brn\n|upkeep\n|turn|20\n|\n|t:|1698438994\n|-end|p1a: Iron Treads|Quark Drive|[silent]\n|switch|p1a: Miraidon|Miraidon|9\/100\n|-fieldstart|move: Electric Terrain|[from] ability: Hadron Engine|[of] p1a: Miraidon\n|move|p2a: Arceus|Cosmic Power|p2a: Arceus\n|-boost|p2a: Arceus|def|1\n|-boost|p2a: Arceus|spd|1\n|\n|-heal|p1a: Miraidon|15\/100|[from] item: Leftovers\n|upkeep\n|turn|21\n|\n|t:|1698438998\n|move|p2a: Arceus|Recover|p2a: Arceus\n|-heal|p2a: Arceus|100\/100\n|move|p1a: Miraidon|Parabolic Charge|p2a: Arceus\n|-damage|p2a: Arceus|85\/100\n|-heal|p1a: Miraidon|24\/100|[from] drain|[of] p2a: Arceus\n|\n|-heal|p1a: Miraidon|30\/100|[from] item: Leftovers\n|upkeep\n|turn|22\n|\n|t:|1698439000\n|move|p2a: Arceus|Stored Power|p1a: Miraidon\n|-damage|p1a: Miraidon|0 fnt\n|faint|p1a: Miraidon\n|\n|upkeep\n|\n|t:|1698439003\n|switch|p1a: Iron Treads|Iron Treads, tera:Water|86\/100 brn\n|-activate|p1a: Iron Treads|ability: Quark Drive\n|-start|p1a: Iron Treads|quarkdrivespd\n|turn|23\n|\n|t:|1698439007\n|move|p2a: Arceus|Stored Power|p1a: Iron Treads\n|-damage|p1a: Iron Treads|59\/100 brn\n|move|p1a: Iron Treads|Earthquake|p2a: Arceus\n|-supereffective|p2a: Arceus\n|-damage|p2a: Arceus|75\/100\n|\n|-heal|p1a: Iron Treads|65\/100 brn|[from] item: Leftovers\n|-damage|p1a: Iron Treads|59\/100 brn|[from] brn\n|upkeep\n|turn|24\n|\n|t:|1698439011\n|move|p2a: Arceus|Cosmic Power|p2a: Arceus\n|-boost|p2a: Arceus|def|1\n|-boost|p2a: Arceus|spd|1\n|move|p1a: Iron Treads|Earthquake|p2a: Arceus\n|-supereffective|p2a: Arceus\n|-damage|p2a: Arceus|67\/100\n|\n|-heal|p1a: Iron Treads|65\/100 brn|[from] item: Leftovers\n|-damage|p1a: Iron Treads|59\/100 brn|[from] brn\n|-fieldend|move: Electric Terrain\n|-end|p1a: Iron Treads|Quark Drive\n|upkeep\n|turn|25\n|\n|t:|1698439018\n|move|p2a: Arceus|Cosmic Power|p2a: Arceus\n|-boost|p2a: Arceus|def|1\n|-boost|p2a: Arceus|spd|1\n|move|p1a: Iron Treads|Earthquake|p2a: Arceus\n|-supereffective|p2a: Arceus\n|-damage|p2a: Arceus|60\/100\n|\n|-heal|p1a: Iron Treads|65\/100 brn|[from] item: Leftovers\n|-damage|p1a: Iron Treads|59\/100 brn|[from] brn\n|upkeep\n|turn|26\n|\n|t:|1698439025\n|move|p2a: Arceus|Body Press|p1a: Iron Treads\n|-damage|p1a: Iron Treads|1\/100 brn\n|move|p1a: Iron Treads|Earthquake|p2a: Arceus\n|-supereffective|p2a: Arceus\n|-damage|p2a: Arceus|53\/100\n|\n|-heal|p1a: Iron Treads|8\/100 brn|[from] item: Leftovers\n|-damage|p1a: Iron Treads|1\/100 brn|[from] brn\n|upkeep\n|turn|27\n|\n|t:|1698439029\n|move|p2a: Arceus|Stored Power|p1a: Iron Treads\n|-crit|p1a: Iron Treads\n|-damage|p1a: Iron Treads|0 fnt\n|faint|p1a: Iron Treads\n|-end|p1a: Iron Treads|Quark Drive|[silent]\n|\n|upkeep\n|\n|t:|1698439031\n|switch|p1a: Basculegion|Basculegion, M|100\/100\n|turn|28\n|\n|t:|1698439036\n|move|p1a: Basculegion|Last Respects|p2a: Arceus\n|-damage|p2a: Arceus|16\/100\n|move|p2a: Arceus|Stored Power|p1a: Basculegion\n|-damage|p1a: Basculegion|24\/100\n|\n|upkeep\n|turn|29\n|\n|t:|1698439039\n|move|p1a: Basculegion|Last Respects|p2a: Arceus\n|-damage|p2a: Arceus|0 fnt\n|faint|p2a: Arceus\n|\n|upkeep\n|\n|t:|1698439041\n|switch|p2a: Miraidon|Miraidon|100\/100\n|-damage|p2a: Miraidon|88\/100|[from] Stealth Rock\n|-fieldstart|move: Electric Terrain|[from] ability: Hadron Engine|[of] p2a: Miraidon\n|turn|30\n|\n|t:|1698439045\n|move|p1a: Basculegion|Last Respects|p2a: Miraidon\n|-damage|p2a: Miraidon|0 fnt\n|faint|p2a: Miraidon\n|\n|win|lapisvgc\n|n|\u2606lapisvgc|lapisvgc\n|n|\u2606ghiggin|ghiggin\n|n|*Lady Monita \u263d|ladymonita\n|l|*Lady Monita \u263d\n|l|\u2606ghiggin\n|c|\u2606lapisvgc|gg\n","uploadtime":1698439051,"views":10,"p1id":"lapisvgc","p2id":"ghiggin","formatid":"gen9ubers","rating":0,"private":0,"password":""}