{"id":"gen9ubers-1979005868","p1":"N-Zoroark stan","p2":"Rei_darkness","format":"[Gen 9] Ubers","log":"|j|\u2606N-Zoroark stan\n|j|\u2606Rei_darkness\n|t:|1698620214\n|gametype|singles\n|player|p1|N-Zoroark stan|riley|\n|player|p2|Rei_darkness|drayden|\n|teamsize|p1|6\n|teamsize|p2|6\n|gen|9\n|tier|[Gen 9] Ubers\n|rule|Sleep Clause Mod: Limit one foe put to sleep\n|rule|Species Clause: Limit one of each Pok\u00e9mon\n|rule|OHKO Clause: OHKO moves are banned\n|rule|Evasion Items Clause: Evasion items are banned\n|rule|Evasion Moves Clause: Evasion moves are banned\n|rule|Endless Battle Clause: Forcing endless battles is banned\n|rule|HP Percentage Mod: HP is shown in percentages\n|clearpoke\n|poke|p1|Zoroark-Hisui, M|\n|poke|p1|Toedscruel, M|\n|poke|p1|Blissey, F|\n|poke|p1|Palafin, M|\n|poke|p1|Slowking-Galar, M|\n|poke|p1|Infernape, M|\n|poke|p2|Calyrex-Ice|\n|poke|p2|Slowking-Galar, F|\n|poke|p2|Medicham, M|\n|poke|p2|Greninja-*, M|\n|poke|p2|Abomasnow, M|\n|poke|p2|Azelf|\n|teampreview\n|inactive|Battle timer is ON: inactive players will automatically lose when time's up. (requested by N-Zoroark stan)\n|c|\u2606N-Zoroark stan|glhf\n|c|\u2606Rei_darkness|glhf :3\n|\n|t:|1698620237\n|start\n|switch|p1a: Infernape|Infernape, M|100\/100\n|switch|p2a: Azelf|Azelf|100\/100\n|turn|1\n|c|\u2606Rei_darkness|im packing bullshit :D\n|\n|t:|1698620243\n|move|p1a: Infernape|U-turn|p2a: Azelf\n|-supereffective|p2a: Azelf\n|-damage|p2a: Azelf|37\/100\n|\n|t:|1698620247\n|switch|p1a: Slowking|Slowking-Galar, M|100\/100|[from] U-turn\n|move|p2a: Azelf|Zen Headbutt|p1a: Slowking|[miss]\n|-miss|p2a: Azelf|p1a: Slowking\n|\n|upkeep\n|turn|2\n|\n|t:|1698620263\n|switch|p2a: Slowking|Slowking-Galar, F|100\/100\n|move|p1a: Slowking|Chilly Reception|p1a: Slowking\n|-weather|Snow\n|\n|t:|1698620267\n|switch|p1a: Blissey|Blissey, F|100\/100|[from] Chilly Reception\n|\n|-weather|Snow|[upkeep]\n|upkeep\n|turn|3\n|\n|t:|1698620272\n|move|p1a: Blissey|Poltergeist|p2a: Slowking\n|-activate|p2a: Slowking|move: Poltergeist|Heavy-Duty Boots\n|-supereffective|p2a: Slowking\n|-damage|p2a: Slowking|0 fnt\n|faint|p2a: Slowking\n|\n|-weather|Snow|[upkeep]\n|upkeep\n|\n|t:|1698620281\n|switch|p2a: Calyrex|Calyrex-Ice|100\/100\n|-ability|p2a: Calyrex|As One\n|-ability|p2a: Calyrex|Unnerve\n|turn|4\n|\n|t:|1698620284\n|-terastallize|p2a: Calyrex|Fairy\n|move|p1a: Blissey|Poltergeist|p2a: Calyrex\n|-activate|p2a: Calyrex|move: Poltergeist|Leftovers\n|-damage|p2a: Calyrex|57\/100\n|move|p2a: Calyrex|Calm Mind|p2a: Calyrex\n|-boost|p2a: Calyrex|spa|1\n|-boost|p2a: Calyrex|spd|1\n|\n|-weather|Snow|[upkeep]\n|-heal|p2a: Calyrex|64\/100|[from] item: Leftovers\n|upkeep\n|turn|5\n|\n|t:|1698620292\n|move|p1a: Blissey|Poltergeist|p2a: Calyrex\n|-activate|p2a: Calyrex|move: Poltergeist|Leftovers\n|-damage|p2a: Calyrex|22\/100\n|move|p2a: Calyrex|Draining Kiss|p1a: Blissey\n|-damage|p1a: Blissey|22\/100\n|-heal|p2a: Calyrex|59\/100|[from] drain|[of] p1a: Blissey\n|replace|p1a: Zoroark|Zoroark-Hisui, M, shiny\n|-end|p1a: Zoroark|Illusion\n|\n|-weather|Snow|[upkeep]\n|-heal|p2a: Calyrex|66\/100|[from] item: Leftovers\n|upkeep\n|turn|6\n|\n|t:|1698620299\n|switch|p1a: Slowking|Slowking-Galar, M|100\/100\n|move|p2a: Calyrex|Draining Kiss|p1a: Slowking\n|-resisted|p1a: Slowking\n|-damage|p1a: Slowking|85\/100\n|-heal|p2a: Calyrex|77\/100|[from] drain|[of] p1a: Slowking\n|\n|-weather|none\n|-heal|p2a: Calyrex|83\/100|[from] item: Leftovers\n|upkeep\n|turn|7\n|\n|t:|1698620305\n|move|p2a: Calyrex|Calm Mind|p2a: Calyrex\n|-boost|p2a: Calyrex|spa|1\n|-boost|p2a: Calyrex|spd|1\n|move|p1a: Slowking|Toxic|p2a: Calyrex\n|-status|p2a: Calyrex|tox\n|\n|-heal|p2a: Calyrex|89\/100 tox|[from] item: Leftovers\n|-damage|p2a: Calyrex|83\/100 tox|[from] psn\n|upkeep\n|turn|8\n|\n|t:|1698620309\n|move|p2a: Calyrex|Stored Power|p1a: Slowking\n|-crit|p1a: Slowking\n|-damage|p1a: Slowking|0 fnt\n|faint|p1a: Slowking\n|-ability|p2a: Calyrex|Chilling Neigh|boost\n|-boost|p2a: Calyrex|atk|1\n|\n|-heal|p2a: Calyrex|89\/100 tox|[from] item: Leftovers\n|-damage|p2a: Calyrex|77\/100 tox|[from] psn\n|upkeep\n|\n|t:|1698620314\n|switch|p1a: Palafin|Palafin, M|100\/100\n|turn|9\n|\n|t:|1698620317\n|detailschange|p1a: Palafin|Palafin-Hero, M\n|switch|p1a: Blissey|Blissey, F|100\/100\n|move|p2a: Calyrex|Draining Kiss|p1a: Blissey\n|-damage|p1a: Blissey|81\/100\n|-heal|p2a: Calyrex|100\/100 tox|[from] drain|[of] p1a: Blissey\n|\n|-damage|p2a: Calyrex|82\/100 tox|[from] psn\n|upkeep\n|turn|10\n|\n|t:|1698620328\n|move|p1a: Blissey|Stealth Rock|p2a: Calyrex\n|-sidestart|p2: Rei_darkness|move: Stealth Rock\n|move|p2a: Calyrex|Calm Mind|p2a: Calyrex\n|-boost|p2a: Calyrex|spa|1\n|-boost|p2a: Calyrex|spd|1\n|\n|-heal|p2a: Calyrex|88\/100 tox|[from] item: Leftovers\n|-damage|p2a: Calyrex|63\/100 tox|[from] psn\n|upkeep\n|turn|11\n|\n|t:|1698620330\n|move|p1a: Blissey|Soft-Boiled|p1a: Blissey\n|-heal|p1a: Blissey|100\/100\n|move|p2a: Calyrex|Stored Power|p1a: Blissey\n|-damage|p1a: Blissey|40\/100\n|\n|-heal|p2a: Calyrex|69\/100 tox|[from] item: Leftovers\n|-damage|p2a: Calyrex|38\/100 tox|[from] psn\n|upkeep\n|turn|12\n|\n|t:|1698620332\n|move|p1a: Blissey|Soft-Boiled|p1a: Blissey\n|-heal|p1a: Blissey|90\/100\n|move|p2a: Calyrex|Stored Power|p1a: Blissey\n|-damage|p1a: Blissey|22\/100\n|\n|-heal|p2a: Calyrex|45\/100 tox|[from] item: Leftovers\n|-damage|p2a: Calyrex|7\/100 tox|[from] psn\n|upkeep\n|turn|13\n|\n|t:|1698620335\n|move|p1a: Blissey|Soft-Boiled|p1a: Blissey\n|-heal|p1a: Blissey|72\/100\n|move|p2a: Calyrex|Stored Power|p1a: Blissey\n|-damage|p1a: Blissey|8\/100\n|\n|-heal|p2a: Calyrex|14\/100 tox|[from] item: Leftovers\n|-damage|p2a: Calyrex|0 fnt|[from] psn\n|faint|p2a: Calyrex\n|upkeep\n|\n|t:|1698620347\n|switch|p2a: Abomasnow|Abomasnow, M|100\/100\n|-damage|p2a: Abomasnow|76\/100|[from] Stealth Rock\n|-weather|Snow|[from] ability: Snow Warning|[of] p2a: Abomasnow\n|turn|14\n|\n|t:|1698620352\n|move|p1a: Blissey|Soft-Boiled|p1a: Blissey\n|-heal|p1a: Blissey|58\/100\n|move|p2a: Abomasnow|Aurora Veil|p2a: Abomasnow\n|-sidestart|p2: Rei_darkness|move: Aurora Veil\n|\n|-weather|Snow|[upkeep]\n|upkeep\n|turn|15\n|\n|t:|1698620358\n|switch|p2a: Greninja|Greninja, M|100\/100\n|-damage|p2a: Greninja|88\/100|[from] Stealth Rock\n|move|p1a: Blissey|Soft-Boiled|p1a: Blissey\n|-heal|p1a: Blissey|100\/100\n|\n|-weather|Snow|[upkeep]\n|upkeep\n|turn|16\n|\n|t:|1698620367\n|switch|p1a: Infernape|Infernape, M|100\/100\n|move|p2a: Greninja|U-turn|p1a: Infernape\n|-start|p2a: Greninja|typechange|Bug|[from] ability: Protean\n|-resisted|p1a: Infernape\n|-damage|p1a: Infernape|84\/100\n|\n|t:|1698620382\n|switch|p2a: Medicham|Medicham, M|100\/100|[from] U-turn\n|-damage|p2a: Medicham|94\/100|[from] Stealth Rock\n|\n|-weather|Snow|[upkeep]\n|upkeep\n|turn|17\n|\n|t:|1698620387\n|move|p1a: Infernape|U-turn|p2a: Medicham\n|-damage|p2a: Medicham|80\/100\n|\n|t:|1698620390\n|switch|p1a: Toedscruel|Toedscruel, M|100\/100|[from] U-turn\n|move|p2a: Medicham|Zen Headbutt|p1a: Toedscruel|[miss]\n|-miss|p2a: Medicham|p1a: Toedscruel\n|\n|-weather|Snow|[upkeep]\n|upkeep\n|turn|18\n|\n|t:|1698620394\n|move|p2a: Medicham|Zen Headbutt|p1a: Toedscruel\n|-damage|p1a: Toedscruel|22\/100\n|move|p1a: Toedscruel|Leech Seed|p2a: Medicham\n|-start|p2a: Medicham|move: Leech Seed\n|\n|-weather|none\n|-damage|p2a: Medicham|68\/100|[from] Leech Seed|[of] p1a: Toedscruel\n|-heal|p1a: Toedscruel|33\/100|[silent]\n|-sideend|p2: Rei_darkness|move: Aurora Veil\n|upkeep\n|turn|19\n|\n|t:|1698620411\n|switch|p1a: Palafin|Palafin-Hero, M|100\/100\n|-activate|p1a: Palafin|ability: Zero to Hero\n|move|p2a: Medicham|Zen Headbutt|p1a: Palafin\n|-damage|p1a: Palafin|9\/100\n|\n|-damage|p2a: Medicham|56\/100|[from] Leech Seed|[of] p1a: Palafin\n|-heal|p1a: Palafin|20\/100|[silent]\n|upkeep\n|turn|20\n|\n|t:|1698620416\n|switch|p2a: Abomasnow|Abomasnow, M|76\/100\n|-damage|p2a: Abomasnow|51\/100|[from] Stealth Rock\n|-weather|Snow|[from] ability: Snow Warning|[of] p2a: Abomasnow\n|move|p1a: Palafin|Boomburst|p2a: Abomasnow\n|-damage|p2a: Abomasnow|0 fnt\n|faint|p2a: Abomasnow\n|\n|-weather|Snow|[upkeep]\n|upkeep\n|\n|t:|1698620425\n|switch|p2a: Greninja|Greninja, M|88\/100\n|-damage|p2a: Greninja|76\/100|[from] Stealth Rock\n|turn|21\n|\n|t:|1698620428\n|switch|p1a: Blissey|Blissey, F|100\/100\n|move|p2a: Greninja|U-turn|p1a: Blissey\n|-start|p2a: Greninja|typechange|Bug|[from] ability: Protean\n|-damage|p1a: Blissey|64\/100\n|\n|t:|1698620445\n|switch|p2a: Azelf|Azelf|37\/100|[from] U-turn\n|-damage|p2a: Azelf|24\/100|[from] Stealth Rock\n|\n|-weather|Snow|[upkeep]\n|upkeep\n|turn|22\n|\n|t:|1698620449\n|move|p2a: Azelf|Zen Headbutt|p1a: Blissey\n|-damage|p1a: Blissey|15\/100\n|move|p1a: Blissey|Soft-Boiled|p1a: Blissey\n|-heal|p1a: Blissey|65\/100\n|\n|-weather|Snow|[upkeep]\n|upkeep\n|turn|23\n|\n|t:|1698620457\n|switch|p1a: Toedscruel|Toedscruel, M|33\/100\n|move|p2a: Azelf|Zen Headbutt|p1a: Toedscruel\n|-damage|p1a: Toedscruel|0 fnt\n|faint|p1a: Toedscruel\n|\n|-weather|Snow|[upkeep]\n|upkeep\n|\n|t:|1698620458\n|switch|p1a: Infernape|Infernape, M|84\/100\n|turn|24\n|\n|t:|1698620469\n|move|p1a: Infernape|Flare Blitz|p2a: Azelf\n|-damage|p2a: Azelf|0 fnt\n|faint|p2a: Azelf\n|-damage|p1a: Infernape|76\/100|[from] Recoil\n|\n|-weather|none\n|upkeep\n|\n|t:|1698620474\n|switch|p2a: Greninja|Greninja, M|76\/100\n|-damage|p2a: Greninja|64\/100|[from] Stealth Rock\n|turn|25\n|inactive|N-Zoroark stan has 270 seconds left.\n|\n|t:|1698620522\n|switch|p1a: Blissey|Blissey, F|22\/100\n|move|p2a: Greninja|Liquidation|p1a: Blissey\n|-start|p2a: Greninja|typechange|Water|[from] ability: Protean\n|-damage|p1a: Blissey|0 fnt\n|replace|p1a: Zoroark|Zoroark-Hisui, M, shiny\n|-end|p1a: Zoroark|Illusion\n|faint|p1a: Zoroark\n|\n|upkeep\n|\n|t:|1698620526\n|switch|p1a: Infernape|Infernape, M|76\/100\n|turn|26\n|\n|t:|1698620528\n|move|p1a: Infernape|Close Combat|p2a: Greninja\n|-damage|p2a: Greninja|0 fnt\n|-unboost|p1a: Infernape|def|1\n|-unboost|p1a: Infernape|spd|1\n|faint|p2a: Greninja\n|\n|upkeep\n|\n|t:|1698620530\n|switch|p2a: Medicham|Medicham, M|56\/100\n|-damage|p2a: Medicham|50\/100|[from] Stealth Rock\n|turn|27\n|\n|t:|1698620534\n|move|p2a: Medicham|Bullet Punch|p1a: Infernape\n|-resisted|p1a: Infernape\n|-damage|p1a: Infernape|44\/100\n|move|p1a: Infernape|Close Combat|p2a: Medicham\n|-resisted|p2a: Medicham\n|-damage|p2a: Medicham|13\/100\n|-unboost|p1a: Infernape|def|1\n|-unboost|p1a: Infernape|spd|1\n|\n|upkeep\n|turn|28\n|\n|t:|1698620537\n|move|p2a: Medicham|Bullet Punch|p1a: Infernape\n|-resisted|p1a: Infernape\n|-damage|p1a: Infernape|4\/100\n|move|p1a: Infernape|Close Combat|p2a: Medicham\n|-resisted|p2a: Medicham\n|-damage|p2a: Medicham|0 fnt\n|-unboost|p1a: Infernape|def|1\n|-unboost|p1a: Infernape|spd|1\n|faint|p2a: Medicham\n|\n|win|N-Zoroark stan\n|c|\u2606N-Zoroark stan|ggwp\n|l|\u2606Rei_darkness\n|j|\u2606Rei_darkness\n|player|p2|Rei_darkness|drayden\n|l|\u2606Rei_darkness\n|player|p2|\n|j|\u2606Rei_darkness\n|player|p2|Rei_darkness|drayden\n","uploadtime":1698620767,"views":11,"p1id":"nzoroarkstan","p2id":"reidarkness","formatid":"gen9ubers","rating":0,"private":0,"password":""}