{"id":"gen9ubers-1989350529","p1":"Kvothe(kote)d","p2":"illinoids","format":"[Gen 9] Ubers","log":"|j|\u2606Kvothe(kote)d\n|j|\u2606illinoids\n|t:|1699839471\n|gametype|singles\n|player|p1|Kvothe(kote)d|1|1106\n|player|p2|illinoids|cheryl|1257\n|teamsize|p1|6\n|teamsize|p2|6\n|gen|9\n|tier|[Gen 9] Ubers\n|rated|\n|rule|Sleep Clause Mod: Limit one foe put to sleep\n|rule|Species Clause: Limit one of each Pok\u00e9mon\n|rule|OHKO Clause: OHKO moves are banned\n|rule|Evasion Items Clause: Evasion items are banned\n|rule|Evasion Moves Clause: Evasion moves are banned\n|rule|Endless Battle Clause: Forcing endless battles is banned\n|rule|HP Percentage Mod: HP is shown in percentages\n|clearpoke\n|poke|p1|Magearna|\n|poke|p1|Dragonite, M|\n|poke|p1|Milotic, F|\n|poke|p1|Landorus-Therian, M|\n|poke|p1|Miraidon|\n|poke|p1|Sylveon, F|\n|poke|p2|Arceus-Fairy|\n|poke|p2|Zacian-*|\n|poke|p2|Koraidon|\n|poke|p2|Ribombee, M|\n|poke|p2|Gholdengo|\n|poke|p2|Gliscor, M|\n|teampreview\n|inactive|Battle timer is ON: inactive players will automatically lose when time's up. (requested by illinoids)\n|\n|t:|1699839485\n|start\n|switch|p1a: Miku|Magearna|100\/100\n|switch|p2a: Ribombee|Ribombee, M|100\/100\n|turn|1\n|\n|t:|1699839510\n|move|p2a: Ribombee|Stun Spore|p1a: Miku|[miss]\n|-miss|p2a: Ribombee|p1a: Miku\n|move|p1a: Miku|Flash Cannon|p2a: Ribombee\n|-supereffective|p2a: Ribombee\n|-enditem|p2a: Ribombee|Focus Sash\n|-damage|p2a: Ribombee|1\/100\n|\n|upkeep\n|turn|2\n|\n|t:|1699839523\n|move|p2a: Ribombee|Stun Spore|p1a: Miku|[miss]\n|-miss|p2a: Ribombee|p1a: Miku\n|move|p1a: Miku|Flash Cannon|p2a: Ribombee\n|-supereffective|p2a: Ribombee\n|-damage|p2a: Ribombee|0 fnt\n|faint|p2a: Ribombee\n|-ability|p1a: Miku|Soul-Heart|boost\n|-boost|p1a: Miku|spa|1\n|\n|upkeep\n|\n|t:|1699839538\n|switch|p2a: Gholdengo|Gholdengo|100\/100\n|-item|p2a: Gholdengo|Air Balloon\n|turn|3\n|\n|t:|1699839543\n|move|p2a: Gholdengo|Nasty Plot|p2a: Gholdengo\n|-boost|p2a: Gholdengo|spa|2\n|move|p1a: Miku|Fleur Cannon|p2a: Gholdengo\n|-resisted|p2a: Gholdengo\n|-damage|p2a: Gholdengo|32\/100\n|-unboost|p1a: Miku|spa|2\n|-enditem|p2a: Gholdengo|Air Balloon\n|\n|upkeep\n|turn|4\n|\n|t:|1699839551\n|move|p2a: Gholdengo|Make It Rain|p1a: Miku\n|-damage|p1a: Miku|20\/100\n|-unboost|p2a: Gholdengo|spa|1\n|move|p1a: Miku|Flash Cannon|p2a: Gholdengo\n|-resisted|p2a: Gholdengo\n|-damage|p2a: Gholdengo|15\/100\n|\n|upkeep\n|turn|5\n|\n|t:|1699839560\n|move|p2a: Gholdengo|Shadow Ball|p1a: Miku\n|-damage|p1a: Miku|0 fnt\n|faint|p1a: Miku\n|\n|upkeep\n|\n|t:|1699839567\n|switch|p1a: Johan|Dragonite, M|100\/100\n|turn|6\n|\n|t:|1699839575\n|move|p1a: Johan|Extreme Speed|p2a: Gholdengo\n|-immune|p2a: Gholdengo\n|move|p2a: Gholdengo|Make It Rain|p1a: Johan\n|-damage|p1a: Johan|49\/100\n|-unboost|p2a: Gholdengo|spa|1\n|\n|-heal|p1a: Johan|55\/100|[from] item: Leftovers\n|upkeep\n|turn|7\n|\n|t:|1699839589\n|move|p2a: Gholdengo|Make It Rain|p1a: Johan\n|-damage|p1a: Johan|0 fnt\n|-unboost|p2a: Gholdengo|spa|1\n|faint|p1a: Johan\n|\n|upkeep\n|\n|t:|1699839601\n|switch|p1a: Gman|Landorus-Therian, M|100\/100\n|-ability|p1a: Gman|Intimidate|boost\n|-unboost|p2a: Gholdengo|atk|1\n|turn|8\n|\n|t:|1699839611\n|move|p2a: Gholdengo|Make It Rain|p1a: Gman\n|-damage|p1a: Gman|58\/100\n|-unboost|p2a: Gholdengo|spa|1\n|move|p1a: Gman|Stealth Rock|p2a: Gholdengo\n|-sidestart|p2: illinoids|move: Stealth Rock\n|\n|-heal|p1a: Gman|64\/100|[from] item: Leftovers\n|upkeep\n|turn|9\n|\n|t:|1699839619\n|move|p2a: Gholdengo|Make It Rain|p1a: Gman\n|-damage|p1a: Gman|30\/100\n|-unboost|p2a: Gholdengo|spa|1\n|move|p1a: Gman|Earthquake|p2a: Gholdengo\n|-supereffective|p2a: Gholdengo\n|-damage|p2a: Gholdengo|0 fnt\n|faint|p2a: Gholdengo\n|\n|-heal|p1a: Gman|36\/100|[from] item: Leftovers\n|upkeep\n|\n|t:|1699839627\n|switch|p2a: Zacian|Zacian-Crowned|100\/100\n|-damage|p2a: Zacian|94\/100|[from] Stealth Rock\n|-ability|p2a: Zacian|Intrepid Sword|boost\n|-boost|p2a: Zacian|atk|1\n|turn|10\n|\n|t:|1699839636\n|move|p2a: Zacian|Behemoth Blade|p1a: Gman\n|-damage|p1a: Gman|0 fnt\n|faint|p1a: Gman\n|\n|upkeep\n|\n|t:|1699839641\n|switch|p1a: Aurelion|Miraidon|100\/100\n|-fieldstart|move: Electric Terrain|[from] ability: Hadron Engine|[of] p1a: Aurelion\n|turn|11\n|l|\u2606illinoids\n|inactive|illinoids disconnected and has a minute to reconnect!\n|player|p2|\n|j|\u2606illinoids\n|inactive|illinoids reconnected and has 140 seconds left.\n|player|p2|illinoids|cheryl\n|\n|t:|1699839657\n|move|p2a: Zacian|Play Rough|p1a: Aurelion\n|-supereffective|p1a: Aurelion\n|-damage|p1a: Aurelion|0 fnt\n|faint|p1a: Aurelion\n|\n|upkeep\n|\n|t:|1699839665\n|switch|p1a: Rias|Sylveon, F, shiny|100\/100\n|turn|12\n|\n|t:|1699839668\n|move|p2a: Zacian|Behemoth Blade|p1a: Rias\n|-supereffective|p1a: Rias\n|-damage|p1a: Rias|0 fnt\n|faint|p1a: Rias\n|\n|upkeep\n|\n|t:|1699839673\n|switch|p1a: yuno|Milotic, F, shiny|100\/100\n|turn|13\n|\n|t:|1699839684\n|-terastallize|p1a: yuno|Fire\n|move|p2a: Zacian|Substitute|p2a: Zacian\n|-start|p2a: Zacian|Substitute\n|-damage|p2a: Zacian|69\/100\n|move|p1a: yuno|Haze|p1a: yuno\n|-clearallboost\n|\n|upkeep\n|turn|14\n|\n|t:|1699839691\n|move|p2a: Zacian|Swords Dance|p2a: Zacian\n|-boost|p2a: Zacian|atk|2\n|move|p1a: yuno|Ice Beam|p2a: Zacian\n|-resisted|p2a: Zacian\n|-activate|p2a: Zacian|move: Substitute|[damage]\n|\n|upkeep\n|turn|15\n|\n|t:|1699839697\n|move|p2a: Zacian|Behemoth Blade|p1a: yuno\n|-resisted|p1a: yuno\n|-damage|p1a: yuno|49\/100\n|move|p1a: yuno|Haze|p1a: yuno\n|-clearallboost\n|\n|-heal|p1a: yuno|55\/100|[from] item: Leftovers\n|-fieldend|move: Electric Terrain\n|upkeep\n|turn|16\n|\n|t:|1699839717\n|move|p2a: Zacian|Behemoth Blade|p1a: yuno\n|-resisted|p1a: yuno\n|-damage|p1a: yuno|29\/100\n|move|p1a: yuno|Scald|p2a: Zacian\n|-end|p2a: Zacian|Substitute\n|\n|-heal|p1a: yuno|35\/100|[from] item: Leftovers\n|upkeep\n|turn|17\n|\n|t:|1699839726\n|move|p2a: Zacian|Behemoth Blade|p1a: yuno\n|-resisted|p1a: yuno\n|-damage|p1a: yuno|9\/100\n|move|p1a: yuno|Scald|p2a: Zacian\n|-damage|p2a: Zacian|45\/100\n|\n|-heal|p1a: yuno|15\/100|[from] item: Leftovers\n|upkeep\n|turn|18\n|\n|t:|1699839734\n|move|p2a: Zacian|Behemoth Blade|p1a: yuno\n|-resisted|p1a: yuno\n|-damage|p1a: yuno|0 fnt\n|faint|p1a: yuno\n|\n|win|illinoids\n|raw|Kvothe(kote)d's rating: 1106 &rarr; <strong>1091<\/strong><br \/>(-15 for losing)\n|raw|illinoids's rating: 1257 &rarr; <strong>1272<\/strong><br \/>(+15 for winning)\n|l|\u2606Kvothe(kote)d\n","uploadtime":1699840147,"views":20,"p1id":"kvothekoted","p2id":"illinoids","formatid":"gen9ubers","rating":1091,"private":0,"password":""}