{"id":"gen9ubers-1988107199","p1":"OreoMan789","p2":"PinkScourge","format":"[Gen 9] Ubers","log":"|j|\u2606OreoMan789\n|j|\u2606PinkScourge\n|t:|1699670393\n|gametype|singles\n|player|p1|OreoMan789|gentleman-gen4|\n|player|p2|PinkScourge|bede-leader|\n|teamsize|p1|6\n|teamsize|p2|6\n|gen|9\n|tier|[Gen 9] Ubers\n|rule|Sleep Clause Mod: Limit one foe put to sleep\n|rule|Species Clause: Limit one of each Pok\u00e9mon\n|rule|OHKO Clause: OHKO moves are banned\n|rule|Evasion Items Clause: Evasion items are banned\n|rule|Evasion Moves Clause: Evasion moves are banned\n|rule|Endless Battle Clause: Forcing endless battles is banned\n|rule|HP Percentage Mod: HP is shown in percentages\n|clearpoke\n|poke|p1|Dragapult, F|\n|poke|p1|Ogerpon-Wellspring, F|\n|poke|p1|Baxcalibur, M|\n|poke|p1|Espathra, M|\n|poke|p1|Zapdos|\n|poke|p1|Dialga-Origin|\n|poke|p2|Indeedee, M|\n|poke|p2|Arceus-Psychic|\n|poke|p2|Palkia|\n|poke|p2|Alomomola, F|\n|poke|p2|Mandibuzz, F|\n|poke|p2|Slowking-Galar, F|\n|teampreview\n|inactive|Battle timer is ON: inactive players will automatically lose when time's up. (requested by PinkScourge)\n|\n|t:|1699670409\n|start\n|switch|p1a: Espathra|Espathra, M, shiny|100\/100\n|switch|p2a: Arceus|Arceus-Psychic|100\/100\n|turn|1\n|\n|t:|1699670415\n|move|p2a: Arceus|Future Sight|p1a: Espathra\n|-start|p2a: Arceus|move: Future Sight\n|move|p1a: Espathra|Calm Mind|p1a: Espathra\n|-boost|p1a: Espathra|spa|1\n|-boost|p1a: Espathra|spd|1\n|\n|-ability|p1a: Espathra|Speed Boost|boost\n|-boost|p1a: Espathra|spe|1\n|upkeep\n|turn|2\n|\n|t:|1699670418\n|move|p1a: Espathra|Calm Mind|p1a: Espathra\n|-boost|p1a: Espathra|spa|1\n|-boost|p1a: Espathra|spd|1\n|move|p2a: Arceus|Perish Song|p2a: Arceus\n|-start|p1a: Espathra|perish3|[silent]\n|-start|p2a: Arceus|perish3|[silent]\n|-fieldactivate|move: Perish Song\n|\n|-start|p1a: Espathra|perish3\n|-start|p2a: Arceus|perish3\n|-ability|p1a: Espathra|Speed Boost|boost\n|-boost|p1a: Espathra|spe|1\n|upkeep\n|turn|3\n|\n|t:|1699670434\n|move|p1a: Espathra|Calm Mind|p1a: Espathra\n|-boost|p1a: Espathra|spa|1\n|-boost|p1a: Espathra|spd|1\n|move|p2a: Arceus|Dazzling Gleam|p1a: Espathra\n|-damage|p1a: Espathra|84\/100\n|\n|-end|p1a: Espathra|move: Future Sight\n|-resisted|p1a: Espathra\n|-damage|p1a: Espathra|65\/100\n|-heal|p1a: Espathra|71\/100|[from] item: Leftovers\n|-start|p1a: Espathra|perish2\n|-start|p2a: Arceus|perish2\n|-ability|p1a: Espathra|Speed Boost|boost\n|-boost|p1a: Espathra|spe|1\n|upkeep\n|turn|4\n|\n|t:|1699670445\n|move|p1a: Espathra|Dazzling Gleam|p2a: Arceus\n|-damage|p2a: Arceus|60\/100\n|move|p2a: Arceus|Future Sight|p1a: Espathra\n|-start|p2a: Arceus|move: Future Sight\n|\n|-heal|p1a: Espathra|77\/100|[from] item: Leftovers\n|-start|p1a: Espathra|perish1\n|-start|p2a: Arceus|perish1\n|-ability|p1a: Espathra|Speed Boost|boost\n|-boost|p1a: Espathra|spe|1\n|upkeep\n|turn|5\n|\n|t:|1699670455\n|switch|p1a: Dialga|Dialga-Origin|100\/100\n|-ability|p1a: Dialga|Pressure\n|switch|p2a: Indeedee|Indeedee, M|100\/100\n|-fieldstart|move: Psychic Terrain|[from] ability: Psychic Surge|[of] p2a: Indeedee\n|\n|upkeep\n|turn|6\n|\n|t:|1699670464\n|switch|p2a: Alomomola|Alomomola, F|100\/100\n|move|p1a: Dialga|Flash Cannon|p2a: Alomomola\n|-resisted|p2a: Alomomola\n|-damage|p2a: Alomomola|76\/100\n|\n|-end|p1a: Dialga|move: Future Sight\n|-resisted|p1a: Dialga\n|-damage|p1a: Dialga|72\/100\n|upkeep\n|turn|7\n|\n|t:|1699670485\n|switch|p1a: Ogerpon|Ogerpon-Wellspring, F|100\/100\n|move|p2a: Alomomola|Protect||[still]\n|-fail|p2a: Alomomola\n|\n|upkeep\n|turn|8\n|\n|t:|1699670489\n|switch|p2a: Mandibuzz|Mandibuzz, F|100\/100\n|move|p1a: Ogerpon|Trailblaze|p2a: Mandibuzz\n|-resisted|p2a: Mandibuzz\n|-damage|p2a: Mandibuzz|89\/100\n|-boost|p1a: Ogerpon|spe|1\n|\n|upkeep\n|turn|9\n|\n|t:|1699670496\n|-terastallize|p1a: Ogerpon|Water\n|detailschange|p1a: Ogerpon|Ogerpon-Wellspring-Tera, F, tera:Water\n|-ability|p1a: Ogerpon|Embody Aspect (Wellspring)|boost\n|-boost|p1a: Ogerpon|spd|1\n|move|p1a: Ogerpon|Swords Dance|p1a: Ogerpon\n|-boost|p1a: Ogerpon|atk|2\n|move|p2a: Mandibuzz|Foul Play|p1a: Ogerpon\n|-damage|p1a: Ogerpon|0 fnt\n|faint|p1a: Ogerpon\n|\n|-fieldend|move: Psychic Terrain\n|upkeep\n|\n|t:|1699670501\n|switch|p1a: Baxcalibur|Baxcalibur, M|100\/100\n|turn|10\n|\n|t:|1699670512\n|move|p1a: Baxcalibur|Icicle Spear|p2a: Mandibuzz\n|-supereffective|p2a: Mandibuzz\n|-damage|p2a: Mandibuzz|65\/100\n|-supereffective|p2a: Mandibuzz\n|-damage|p2a: Mandibuzz|40\/100\n|-supereffective|p2a: Mandibuzz\n|-damage|p2a: Mandibuzz|17\/100\n|-supereffective|p2a: Mandibuzz\n|-damage|p2a: Mandibuzz|0 fnt\n|faint|p2a: Mandibuzz\n|-hitcount|p2: Mandibuzz|4\n|\n|upkeep\n|\n|t:|1699670522\n|switch|p2a: Palkia|Palkia|100\/100\n|-ability|p2a: Palkia|Pressure\n|turn|11\n|\n|t:|1699670545\n|-terastallize|p2a: Palkia|Water\n|move|p1a: Baxcalibur|Scale Shot|p2a: Palkia\n|-damage|p2a: Palkia|87\/100\n|-damage|p2a: Palkia|73\/100\n|-damage|p2a: Palkia|59\/100\n|-damage|p2a: Palkia|44\/100\n|-hitcount|p2a: Palkia|4\n|-unboost|p1a: Baxcalibur|def|1\n|-boost|p1a: Baxcalibur|spe|1\n|move|p2a: Palkia|Spacial Rend|p1a: Baxcalibur\n|-supereffective|p1a: Baxcalibur\n|-damage|p1a: Baxcalibur|0 fnt\n|faint|p1a: Baxcalibur\n|\n|upkeep\n|\n|t:|1699670558\n|switch|p1a: Zapdos|Zapdos|100\/100\n|turn|12\n|\n|t:|1699670562\n|switch|p2a: Slowking|Slowking-Galar, F|100\/100\n|move|p1a: Zapdos|Discharge|p2a: Slowking\n|-damage|p2a: Slowking|75\/100\n|\n|upkeep\n|turn|13\n|\n|t:|1699670566\n|move|p1a: Zapdos|Discharge|p2a: Slowking\n|-damage|p2a: Slowking|51\/100\n|-status|p2a: Slowking|par\n|cant|p2a: Slowking|par\n|\n|upkeep\n|turn|14\n|\n|t:|1699670573\n|move|p1a: Zapdos|Discharge|p2a: Slowking\n|-damage|p2a: Slowking|25\/100 par\n|move|p2a: Slowking|Future Sight|p1a: Zapdos\n|-start|p2a: Slowking|move: Future Sight\n|\n|upkeep\n|turn|15\n|\n|t:|1699670580\n|switch|p2a: Arceus|Arceus-Psychic|60\/100\n|move|p1a: Zapdos|Discharge|p2a: Arceus\n|-damage|p2a: Arceus|34\/100\n|-status|p2a: Arceus|par\n|\n|upkeep\n|turn|16\n|\n|t:|1699670587\n|switch|p1a: Dialga|Dialga-Origin|72\/100\n|-ability|p1a: Dialga|Pressure\n|cant|p2a: Arceus|par\n|\n|-end|p1a: Dialga|move: Future Sight\n|-resisted|p1a: Dialga\n|-damage|p1a: Dialga|57\/100\n|upkeep\n|turn|17\n|\n|t:|1699670597\n|switch|p2a: Alomomola|Alomomola, F|100\/100\n|move|p1a: Dialga|Earth Power|p2a: Alomomola\n|-damage|p2a: Alomomola|70\/100\n|-unboost|p2a: Alomomola|spd|1\n|\n|upkeep\n|turn|18\n|\n|t:|1699670604\n|move|p2a: Alomomola|Protect|p2a: Alomomola\n|-singleturn|p2a: Alomomola|Protect\n|move|p1a: Dialga|Earth Power|p2a: Alomomola\n|-activate|p2a: Alomomola|move: Protect\n|\n|upkeep\n|turn|19\n|\n|t:|1699670608\n|move|p1a: Dialga|Earth Power|p2a: Alomomola\n|-crit|p2a: Alomomola\n|-damage|p2a: Alomomola|4\/100\n|move|p2a: Alomomola|Wish|p2a: Alomomola\n|\n|upkeep\n|turn|20\n|\n|t:|1699670622\n|switch|p2a: Arceus|Arceus-Psychic|34\/100 par\n|move|p1a: Dialga|Earth Power|p2a: Arceus\n|-damage|p2a: Arceus|14\/100 par\n|\n|-heal|p2a: Arceus|70\/100 par|[from] move: Wish|[wisher] Alomomola\n|upkeep\n|turn|21\n|\n|t:|1699670629\n|move|p1a: Dialga|Dragon Pulse|p2a: Arceus\n|-damage|p2a: Arceus|37\/100 par\n|move|p2a: Arceus|Future Sight|p1a: Dialga\n|-start|p2a: Arceus|move: Future Sight\n|\n|upkeep\n|turn|22\n|\n|t:|1699670634\n|move|p1a: Dialga|Dragon Pulse|p2a: Arceus\n|-damage|p2a: Arceus|0 fnt\n|faint|p2a: Arceus\n|\n|upkeep\n|\n|t:|1699670645\n|switch|p2a: Slowking|Slowking-Galar, F|58\/100 par\n|turn|23\n|\n|t:|1699670649\n|move|p1a: Dialga|Earth Power|p2a: Slowking\n|-supereffective|p2a: Slowking\n|-damage|p2a: Slowking|21\/100 par\n|cant|p2a: Slowking|par\n|\n|-end|p1a: Dialga|move: Future Sight\n|-resisted|p1a: Dialga\n|-damage|p1a: Dialga|36\/100\n|upkeep\n|turn|24\n|\n|t:|1699670657\n|switch|p2a: Alomomola|Alomomola, F|37\/100\n|move|p1a: Dialga|Earth Power|p2a: Alomomola\n|-damage|p2a: Alomomola|5\/100\n|\n|upkeep\n|turn|25\n|\n|t:|1699670665\n|switch|p2a: Slowking|Slowking-Galar, F|54\/100 par\n|move|p1a: Dialga|Dragon Pulse|p2a: Slowking\n|-damage|p2a: Slowking|19\/100 par\n|\n|upkeep\n|turn|26\n|\n|t:|1699670671\n|move|p1a: Dialga|Dragon Pulse|p2a: Slowking\n|-damage|p2a: Slowking|0 fnt\n|faint|p2a: Slowking\n|\n|upkeep\n|\n|t:|1699670683\n|switch|p2a: Indeedee|Indeedee, M|100\/100\n|-fieldstart|move: Psychic Terrain|[from] ability: Psychic Surge|[of] p2a: Indeedee\n|turn|27\n|\n|t:|1699670687\n|move|p1a: Dialga|Dragon Pulse|p2a: Indeedee\n|-damage|p2a: Indeedee|39\/100\n|move|p2a: Indeedee|Trick Room|p2a: Indeedee\n|-fieldstart|move: Trick Room|[of] p2a: Indeedee\n|\n|upkeep\n|turn|28\n|\n|t:|1699670692\n|move|p1a: Dialga|Dragon Pulse|p2a: Indeedee\n|-crit|p2a: Indeedee\n|-damage|p2a: Indeedee|0 fnt\n|faint|p2a: Indeedee\n|\n|upkeep\n|\n|t:|1699670701\n|switch|p2a: Alomomola|Alomomola, F|38\/100\n|turn|29\n|\n|t:|1699670705\n|move|p2a: Alomomola|Wish|p2a: Alomomola\n|move|p1a: Dialga|Dragon Pulse|p2a: Alomomola\n|-damage|p2a: Alomomola|0 fnt\n|faint|p2a: Alomomola\n|\n|upkeep\n|\n|t:|1699670710\n|switch|p2a: Palkia|Palkia, tera:Water|44\/100\n|-ability|p2a: Palkia|Pressure\n|turn|30\n|\n|t:|1699670715\n|move|p1a: Dialga|Dragon Pulse|p2a: Palkia\n|-damage|p2a: Palkia|0 fnt\n|faint|p2a: Palkia\n|\n|win|OreoMan789\n|c|\u2606PinkScourge|GG\n|c|\u2606OreoMan789|GG\n|l|\u2606OreoMan789\n","uploadtime":1699670721,"views":15,"p1id":"oreoman789","p2id":"pinkscourge","formatid":"gen9ubers","rating":0,"private":0,"password":""}