{"id":"gen9ubers-1977801836","p1":"Barbabronze","p2":"Densetsunoriig","format":"[Gen 9] Ubers","log":"|j|\u2606Barbabronze\n|j|\u2606Densetsunoriig\n|t:|1698451341\n|gametype|singles\n|player|p1|Barbabronze|palmer|\n|player|p2|Densetsunoriig|1|\n|teamsize|p1|6\n|teamsize|p2|6\n|gen|9\n|tier|[Gen 9] Ubers\n|rule|Sleep Clause Mod: Limit one foe put to sleep\n|rule|Species Clause: Limit one of each Pok\u00e9mon\n|rule|OHKO Clause: OHKO moves are banned\n|rule|Evasion Items Clause: Evasion items are banned\n|rule|Evasion Moves Clause: Evasion moves are banned\n|rule|Endless Battle Clause: Forcing endless battles is banned\n|rule|HP Percentage Mod: HP is shown in percentages\n|clearpoke\n|poke|p1|Cinderace, F|\n|poke|p1|Garganacl, M|\n|poke|p1|Ninetales-Alola, F|\n|poke|p1|Slowbro, F|\n|poke|p1|Ribombee, M|\n|poke|p1|Annihilape, M|\n|poke|p2|Urshifu-*, F|\n|poke|p2|Grimmsnarl, M|\n|poke|p2|Spectrier|\n|poke|p2|Palafin, F|\n|poke|p2|Corviknight, F|\n|poke|p2|Garchomp, F|\n|teampreview\n|\n|t:|1698451358\n|start\n|switch|p1a: Ribombee|Ribombee, M|100\/100\n|switch|p2a: Grimmsnarl|Grimmsnarl, M, shiny|100\/100\n|turn|1\n|\n|t:|1698451363\n|move|p2a: Grimmsnarl|Taunt|p1a: Ribombee\n|-start|p1a: Ribombee|move: Taunt\n|move|p1a: Ribombee|Moonblast|p2a: Grimmsnarl\n|-supereffective|p2a: Grimmsnarl\n|-damage|p2a: Grimmsnarl|24\/100\n|\n|upkeep\n|turn|2\n|\n|t:|1698451375\n|move|p2a: Grimmsnarl|Light Screen|p2a: Grimmsnarl\n|-sidestart|p2: Densetsunoriig|move: Light Screen\n|move|p1a: Ribombee|Moonblast|p2a: Grimmsnarl\n|-supereffective|p2a: Grimmsnarl\n|-damage|p2a: Grimmsnarl|0 fnt\n|faint|p2a: Grimmsnarl\n|\n|upkeep\n|c|\u2606Barbabronze|!weakness ribombee\n|c| Barbabronze|\/raw <div class=\"infobox\">Ribombee (ignoring abilities):<br \/><span class=\"message-effect-weak\">Weaknesses<\/span>: Fire, Flying, Poison, Rock, Steel<br \/><span class=\"message-effect-resist\">Resistances<\/span>: Bug, Dark, <b>Fighting<\/b>, Grass, Ground<br \/><span class=\"message-effect-immune\">Immunities<\/span>: Dragon<\/div>\n|\n|t:|1698451406\n|switch|p2a: Corviknight|Corviknight, F, shiny|100\/100\n|turn|3\n|\n|t:|1698451413\n|switch|p1a: Annihilape|Annihilape, M|100\/100\n|move|p2a: Corviknight|Iron Defense|p2a: Corviknight\n|-boost|p2a: Corviknight|def|2\n|\n|upkeep\n|turn|4\n|\n|t:|1698451428\n|-terastallize|p2a: Corviknight|Water\n|move|p1a: Annihilape|Taunt|p2a: Corviknight\n|-start|p2a: Corviknight|move: Taunt\n|move|p2a: Corviknight|Body Press|p1a: Annihilape\n|-immune|p1a: Annihilape\n|\n|upkeep\n|turn|5\n|\n|t:|1698451464\n|switch|p2a: Garchomp|Garchomp, F, shiny|100\/100\n|move|p1a: Annihilape|Bulk Up|p1a: Annihilape\n|-boost|p1a: Annihilape|atk|1\n|-boost|p1a: Annihilape|def|1\n|\n|upkeep\n|turn|6\n|\n|t:|1698451472\n|move|p2a: Garchomp|Earthquake|p1a: Annihilape\n|-damage|p1a: Annihilape|66\/100\n|move|p1a: Annihilape|Taunt|p2a: Garchomp\n|-start|p2a: Garchomp|move: Taunt\n|\n|-heal|p1a: Annihilape|72\/100|[from] item: Leftovers\n|upkeep\n|turn|7\n|\n|t:|1698451480\n|move|p2a: Garchomp|Dragon Claw|p1a: Annihilape\n|-damage|p1a: Annihilape|44\/100\n|move|p1a: Annihilape|Bulk Up|p1a: Annihilape\n|-boost|p1a: Annihilape|atk|1\n|-boost|p1a: Annihilape|def|1\n|\n|-heal|p1a: Annihilape|50\/100|[from] item: Leftovers\n|upkeep\n|turn|8\n|\n|t:|1698451502\n|move|p2a: Garchomp|Fire Fang|p1a: Annihilape\n|-damage|p1a: Annihilape|39\/100\n|move|p1a: Annihilape|Drain Punch|p2a: Garchomp\n|-damage|p2a: Garchomp|32\/100\n|-heal|p1a: Annihilape|68\/100|[from] drain|[of] p2a: Garchomp\n|-damage|p1a: Annihilape|55\/100|[from] ability: Rough Skin|[of] p2a: Garchomp\n|-damage|p1a: Annihilape|39\/100|[from] item: Rocky Helmet|[of] p2a: Garchomp\n|\n|-heal|p1a: Annihilape|45\/100|[from] item: Leftovers\n|upkeep\n|turn|9\n|\n|t:|1698451514\n|move|p2a: Garchomp|Earthquake|p1a: Annihilape\n|-damage|p1a: Annihilape|20\/100\n|move|p1a: Annihilape|Drain Punch|p2a: Garchomp\n|-damage|p2a: Garchomp|0 fnt\n|-heal|p1a: Annihilape|33\/100|[from] drain|[of] p2a: Garchomp\n|-damage|p1a: Annihilape|21\/100|[from] ability: Rough Skin|[of] p2a: Garchomp\n|-damage|p1a: Annihilape|4\/100|[from] item: Rocky Helmet|[of] p2a: Garchomp\n|faint|p2a: Garchomp\n|\n|-heal|p1a: Annihilape|10\/100|[from] item: Leftovers\n|-sideend|p2: Densetsunoriig|move: Light Screen\n|upkeep\n|\n|t:|1698451526\n|switch|p2a: Urshifu|Urshifu, F|100\/100\n|turn|10\n|\n|t:|1698451536\n|move|p2a: Urshifu|Sucker Punch||[still]\n|-fail|p2a: Urshifu\n|move|p1a: Annihilape|Bulk Up|p1a: Annihilape\n|-boost|p1a: Annihilape|atk|1\n|-boost|p1a: Annihilape|def|1\n|\n|-heal|p1a: Annihilape|16\/100|[from] item: Leftovers\n|upkeep\n|turn|11\n|\n|t:|1698451558\n|switch|p1a: Slowbro|Slowbro, F|100\/100\n|move|p2a: Urshifu|Sucker Punch||[still]\n|-fail|p2a: Urshifu\n|\n|upkeep\n|turn|12\n|\n|t:|1698451577\n|switch|p2a: Palafin|Palafin, F|100\/100\n|switch|p1a: Annihilape|Annihilape, M|16\/100\n|\n|-heal|p1a: Annihilape|22\/100|[from] item: Leftovers\n|upkeep\n|turn|13\n|\n|t:|1698451588\n|move|p2a: Palafin|Jet Punch|p1a: Annihilape\n|-damage|p1a: Annihilape|0 fnt\n|faint|p1a: Annihilape\n|\n|upkeep\n|\n|t:|1698451596\n|switch|p1a: Ninetales|Ninetales-Alola, F|100\/100\n|-weather|Snow|[from] ability: Snow Warning|[of] p1a: Ninetales\n|turn|14\n|\n|t:|1698451608\n|detailschange|p2a: Palafin|Palafin-Hero, F\n|switch|p2a: Corviknight|Corviknight, F, shiny, tera:Water|100\/100\n|move|p1a: Ninetales|Aurora Veil|p1a: Ninetales\n|-sidestart|p1: Barbabronze|move: Aurora Veil\n|\n|-weather|Snow|[upkeep]\n|upkeep\n|turn|15\n|c|\u2606Densetsunoriig|!weakness ninetales-alola\n|c| Densetsunoriig|\/raw <div class=\"infobox\">Ninetales-Alola (ignoring abilities):<br \/><span class=\"message-effect-weak\">Weaknesses<\/span>: Fire, Poison, Rock, <b>Steel<\/b><br \/><span class=\"message-effect-resist\">Resistances<\/span>: Bug, Dark, Ice<br \/><span class=\"message-effect-immune\">Immunities<\/span>: Dragon, Frozen, Hail damage<\/div>\n|\n|t:|1698451658\n|move|p1a: Ninetales|Freeze-Dry|p2a: Corviknight\n|-supereffective|p2a: Corviknight\n|-damage|p2a: Corviknight|49\/100\n|move|p2a: Corviknight|Iron Head|p1a: Ninetales\n|-supereffective|p1a: Ninetales\n|-damage|p1a: Ninetales|52\/100\n|\n|-weather|Snow|[upkeep]\n|upkeep\n|turn|16\n|\n|t:|1698451705\n|move|p1a: Ninetales|Freeze-Dry|p2a: Corviknight\n|-supereffective|p2a: Corviknight\n|-damage|p2a: Corviknight|1\/100\n|move|p2a: Corviknight|Iron Head|p1a: Ninetales\n|-supereffective|p1a: Ninetales\n|-damage|p1a: Ninetales|4\/100\n|\n|-weather|Snow|[upkeep]\n|upkeep\n|turn|17\n|\n|t:|1698451753\n|move|p1a: Ninetales|Freeze-Dry|p2a: Corviknight\n|-supereffective|p2a: Corviknight\n|-crit|p2a: Corviknight\n|-damage|p2a: Corviknight|0 fnt\n|faint|p2a: Corviknight\n|\n|-weather|Snow|[upkeep]\n|upkeep\n|\n|t:|1698451766\n|switch|p2a: Spectrier|Spectrier|100\/100\n|turn|18\n|\n|t:|1698451778\n|move|p2a: Spectrier|Shadow Ball|p1a: Ninetales\n|-damage|p1a: Ninetales|0 fnt\n|faint|p1a: Ninetales\n|-ability|p2a: Spectrier|Grim Neigh|boost\n|-boost|p2a: Spectrier|spa|1\n|\n|-weather|none\n|upkeep\n|\n|t:|1698451785\n|switch|p1a: Ribombee|Ribombee, M|100\/100\n|turn|19\n|\n|t:|1698451793\n|move|p2a: Spectrier|Substitute|p2a: Spectrier\n|-start|p2a: Spectrier|Substitute\n|-damage|p2a: Spectrier|76\/100\n|move|p1a: Ribombee|Sticky Web|p2a: Spectrier\n|-sidestart|p2: Densetsunoriig|move: Sticky Web\n|\n|-heal|p2a: Spectrier|82\/100|[from] item: Leftovers\n|upkeep\n|turn|20\n|\n|t:|1698451800\n|move|p2a: Spectrier|Shadow Ball|p1a: Ribombee\n|-damage|p1a: Ribombee|37\/100\n|move|p1a: Ribombee|Moonblast|p2a: Spectrier\n|-end|p2a: Spectrier|Substitute\n|\n|-heal|p2a: Spectrier|88\/100|[from] item: Leftovers\n|upkeep\n|turn|21\n|\n|t:|1698451808\n|move|p2a: Spectrier|Shadow Ball|p1a: Ribombee\n|-damage|p1a: Ribombee|0 fnt\n|faint|p1a: Ribombee\n|-ability|p2a: Spectrier|Grim Neigh|boost\n|-boost|p2a: Spectrier|spa|1\n|\n|-heal|p2a: Spectrier|94\/100|[from] item: Leftovers\n|-sideend|p1: Barbabronze|move: Aurora Veil\n|upkeep\n|\n|t:|1698451815\n|switch|p1a: Cinderace|Cinderace, F|100\/100\n|turn|22\n|\n|t:|1698451826\n|move|p1a: Cinderace|Sucker Punch||[still]\n|-fail|p1a: Cinderace\n|move|p2a: Spectrier|Substitute|p2a: Spectrier\n|-start|p2a: Spectrier|Substitute\n|-damage|p2a: Spectrier|69\/100\n|\n|-heal|p2a: Spectrier|75\/100|[from] item: Leftovers\n|upkeep\n|turn|23\n|\n|t:|1698451832\n|move|p2a: Spectrier|Shadow Ball|p1a: Cinderace\n|-damage|p1a: Cinderace|0 fnt\n|faint|p1a: Cinderace\n|-ability|p2a: Spectrier|Grim Neigh|boost\n|-boost|p2a: Spectrier|spa|1\n|\n|-heal|p2a: Spectrier|81\/100|[from] item: Leftovers\n|upkeep\n|\n|t:|1698451836\n|switch|p1a: Garganacl|Garganacl, M|100\/100\n|turn|24\n|\n|t:|1698451849\n|move|p2a: Spectrier|Shadow Ball|p1a: Garganacl\n|-damage|p1a: Garganacl|58\/100\n|move|p1a: Garganacl|Salt Cure|p2a: Spectrier\n|-activate|p2a: Spectrier|move: Substitute|[damage]\n|\n|-heal|p2a: Spectrier|88\/100|[from] item: Leftovers\n|-heal|p1a: Garganacl|64\/100|[from] item: Leftovers\n|upkeep\n|turn|25\n|\n|t:|1698451863\n|move|p2a: Spectrier|Nasty Plot|p2a: Spectrier\n|-boost|p2a: Spectrier|spa|2\n|move|p1a: Garganacl|Salt Cure|p2a: Spectrier\n|-end|p2a: Spectrier|Substitute\n|\n|-heal|p2a: Spectrier|94\/100|[from] item: Leftovers\n|-heal|p1a: Garganacl|71\/100|[from] item: Leftovers\n|upkeep\n|turn|26\n|\n|t:|1698451872\n|move|p2a: Spectrier|Shadow Ball|p1a: Garganacl\n|-damage|p1a: Garganacl|15\/100\n|move|p1a: Garganacl|Salt Cure|p2a: Spectrier\n|-damage|p2a: Spectrier|73\/100\n|-start|p2a: Spectrier|Salt Cure\n|\n|-heal|p2a: Spectrier|79\/100|[from] item: Leftovers\n|-heal|p1a: Garganacl|21\/100|[from] item: Leftovers\n|-damage|p2a: Spectrier|67\/100|[from] Salt Cure\n|upkeep\n|turn|27\n|\n|t:|1698451886\n|move|p2a: Spectrier|Shadow Ball|p1a: Garganacl\n|-damage|p1a: Garganacl|0 fnt\n|faint|p1a: Garganacl\n|-ability|p2a: Spectrier|Grim Neigh|boost\n|-boost|p2a: Spectrier|spa|1\n|\n|-heal|p2a: Spectrier|73\/100|[from] item: Leftovers\n|-damage|p2a: Spectrier|61\/100|[from] Salt Cure\n|upkeep\n|\n|t:|1698451889\n|switch|p1a: Slowbro|Slowbro, F|100\/100\n|turn|28\n|\n|t:|1698451895\n|move|p2a: Spectrier|Shadow Ball|p1a: Slowbro\n|-supereffective|p1a: Slowbro\n|-damage|p1a: Slowbro|0 fnt\n|faint|p1a: Slowbro\n|\n|win|Densetsunoriig\n|l|\u2606Barbabronze\n","uploadtime":1698451907,"views":7,"p1id":"barbabronze","p2id":"densetsunoriig","formatid":"gen9ubers","rating":0,"private":0,"password":""}