{"id":"gen9ubers-1990503350","p1":"IceColdd","p2":"JohnLongGone","format":"[Gen 9] Ubers","log":"|j|\u2606IceColdd\n|j|\u203dJohnLongGone\n|t:|1699976796\n|gametype|singles\n|player|p1|IceColdd|guzma|\n|player|p2|JohnLongGone|iris-gen5bw2|\n|teamsize|p1|6\n|teamsize|p2|6\n|gen|9\n|tier|[Gen 9] Ubers\n|rule|Sleep Clause Mod: Limit one foe put to sleep\n|rule|Species Clause: Limit one of each Pok\u00e9mon\n|rule|OHKO Clause: OHKO moves are banned\n|rule|Evasion Items Clause: Evasion items are banned\n|rule|Evasion Moves Clause: Evasion moves are banned\n|rule|Endless Battle Clause: Forcing endless battles is banned\n|rule|HP Percentage Mod: HP is shown in percentages\n|clearpoke\n|poke|p1|Landorus, M|\n|poke|p1|Flapple, F|\n|poke|p1|Dialga|\n|poke|p1|Ninetales-Alola, F|\n|poke|p1|Baxcalibur, M|\n|poke|p1|Cyclizar, M|\n|poke|p2|Ninetales-Alola, F|\n|poke|p2|Cetitan, F|\n|poke|p2|Spectrier|\n|poke|p2|Arceus-Fire|\n|poke|p2|Zacian-*|\n|poke|p2|Meowscarada, F|\n|teampreview\n|inactive|Battle timer is ON: inactive players will automatically lose when time's up. (requested by IceColdd)\n|c|\u2606IceColdd|let me cook\n|inactive|IceColdd has 270 seconds left.\n|\n|t:|1699976831\n|start\n|switch|p1a: Dialga|Dialga|100\/100\n|switch|p2a: Meowscarada|Meowscarada, F|100\/100\n|-ability|p1a: Dialga|Pressure\n|turn|1\n|\n|t:|1699976843\n|move|p2a: Meowscarada|Toxic Spikes|p1a: Dialga\n|-sidestart|p1: IceColdd|move: Toxic Spikes\n|move|p1a: Dialga|Flash Cannon|p2a: Meowscarada\n|-damage|p2a: Meowscarada|20\/100\n|-unboost|p2a: Meowscarada|spd|1\n|\n|upkeep\n|turn|2\n|\n|t:|1699976848\n|move|p2a: Meowscarada|Toxic Spikes|p1a: Dialga\n|-sidestart|p1: IceColdd|move: Toxic Spikes\n|move|p1a: Dialga|Flash Cannon|p2a: Meowscarada\n|-damage|p2a: Meowscarada|0 fnt\n|faint|p2a: Meowscarada\n|\n|upkeep\n|\n|t:|1699976852\n|switch|p2a: Arceus|Arceus-Fire|100\/100\n|turn|3\n|\n|t:|1699976866\n|move|p2a: Arceus|Dragon Dance|p2a: Arceus\n|-boost|p2a: Arceus|atk|1\n|-boost|p2a: Arceus|spe|1\n|move|p1a: Dialga|Earth Power|p2a: Arceus\n|-supereffective|p2a: Arceus\n|-damage|p2a: Arceus|42\/100\n|\n|upkeep\n|turn|4\n|\n|t:|1699976877\n|-terastallize|p2a: Arceus|Water\n|move|p2a: Arceus|Recover|p2a: Arceus\n|-heal|p2a: Arceus|92\/100\n|move|p1a: Dialga|Earth Power|p2a: Arceus\n|-damage|p2a: Arceus|64\/100\n|-unboost|p2a: Arceus|spd|1\n|\n|upkeep\n|turn|5\n|\n|t:|1699976883\n|move|p2a: Arceus|Dragon Dance|p2a: Arceus\n|-boost|p2a: Arceus|atk|1\n|-boost|p2a: Arceus|spe|1\n|move|p1a: Dialga|Draco Meteor|p2a: Arceus\n|-damage|p2a: Arceus|0 fnt\n|-unboost|p1a: Dialga|spa|2\n|faint|p2a: Arceus\n|\n|upkeep\n|\n|t:|1699976890\n|switch|p2a: Zacian|Zacian|100\/100\n|-ability|p2a: Zacian|Intrepid Sword|boost\n|-boost|p2a: Zacian|atk|1\n|turn|6\n|\n|t:|1699976899\n|move|p2a: Zacian|Close Combat|p1a: Dialga\n|-supereffective|p1a: Dialga\n|-damage|p1a: Dialga|10\/100\n|-unboost|p2a: Zacian|def|1\n|-unboost|p2a: Zacian|spd|1\n|move|p1a: Dialga|Flash Cannon|p2a: Zacian\n|-supereffective|p2a: Zacian\n|-damage|p2a: Zacian|25\/100\n|\n|upkeep\n|turn|7\n|\n|t:|1699976902\n|move|p2a: Zacian|Close Combat|p1a: Dialga\n|-supereffective|p1a: Dialga\n|-damage|p1a: Dialga|0 fnt\n|-unboost|p2a: Zacian|def|1\n|-unboost|p2a: Zacian|spd|1\n|faint|p1a: Dialga\n|\n|upkeep\n|\n|t:|1699976912\n|switch|p1a: Landorus|Landorus, M|100\/100\n|turn|8\n|\n|t:|1699976925\n|move|p2a: Zacian|Play Rough|p1a: Landorus\n|-damage|p1a: Landorus|17\/100\n|move|p1a: Landorus|Sandsear Storm|p2a: Zacian\n|-damage|p2a: Zacian|0 fnt\n|faint|p2a: Zacian\n|\n|upkeep\n|\n|t:|1699976936\n|switch|p2a: Ninetales|Ninetales-Alola, F, shiny|100\/100\n|-weather|Snow|[from] ability: Snow Warning|[of] p2a: Ninetales\n|turn|9\n|\n|t:|1699976945\n|move|p2a: Ninetales|Freeze-Dry|p1a: Landorus\n|-supereffective|p1a: Landorus\n|-damage|p1a: Landorus|0 fnt\n|faint|p1a: Landorus\n|\n|-weather|Snow|[upkeep]\n|upkeep\n|\n|t:|1699976950\n|switch|p1a: Cyclizar|Cyclizar, M|100\/100\n|-status|p1a: Cyclizar|tox\n|turn|10\n|\n|t:|1699976953\n|move|p1a: Cyclizar|Rapid Spin|p2a: Ninetales\n|-damage|p2a: Ninetales|87\/100\n|-boost|p1a: Cyclizar|spe|1\n|-sideend|p1: IceColdd|Toxic Spikes|[from] move: Rapid Spin|[of] p1a: Cyclizar\n|move|p2a: Ninetales|Aurora Veil|p2a: Ninetales\n|-sidestart|p2: JohnLongGone|move: Aurora Veil\n|\n|-weather|Snow|[upkeep]\n|-damage|p1a: Cyclizar|94\/100 tox|[from] psn\n|upkeep\n|turn|11\n|\n|t:|1699976971\n|switch|p2a: Cetitan|Cetitan, F|100\/100\n|move|p1a: Cyclizar|Shed Tail|p1a: Cyclizar\n|-start|p1a: Cyclizar|Substitute|[from] move: Shed Tail\n|-damage|p1a: Cyclizar|44\/100 tox\n|-enditem|p1a: Cyclizar|Sitrus Berry|[eat]\n|-heal|p1a: Cyclizar|69\/100 tox|[from] item: Sitrus Berry\n|\n|t:|1699976976\n|switch|p1a: Flapple|Flapple, F|100\/100|[from] Shed Tail\n|\n|-weather|Snow|[upkeep]\n|upkeep\n|turn|12\n|\n|t:|1699976991\n|move|p2a: Cetitan|Belly Drum|p2a: Cetitan\n|-damage|p2a: Cetitan|50\/100\n|-setboost|p2a: Cetitan|atk|6|[from] move: Belly Drum\n|-enditem|p2a: Cetitan|Sitrus Berry|[eat]\n|-heal|p2a: Cetitan|75\/100|[from] item: Sitrus Berry\n|move|p1a: Flapple|Dragon Dance|p1a: Flapple\n|-boost|p1a: Flapple|atk|1\n|-boost|p1a: Flapple|spe|1\n|\n|-weather|Snow|[upkeep]\n|upkeep\n|turn|13\n|\n|t:|1699977006\n|move|p2a: Cetitan|Ice Shard|p1a: Flapple\n|-supereffective|p1a: Flapple\n|-end|p1a: Flapple|Substitute\n|move|p1a: Flapple|Grav Apple|p2a: Cetitan\n|-damage|p2a: Cetitan|46\/100\n|-unboost|p2a: Cetitan|def|1\n|\n|-weather|none\n|upkeep\n|turn|14\n|\n|t:|1699977027\n|move|p1a: Flapple|Grav Apple|p2a: Cetitan\n|-damage|p2a: Cetitan|0 fnt\n|faint|p2a: Cetitan\n|\n|upkeep\n|\n|t:|1699977032\n|switch|p2a: Spectrier|Spectrier|100\/100\n|turn|15\n|c|\u2606IceColdd|missclick?\n|\n|t:|1699977044\n|move|p2a: Spectrier|Draining Kiss|p1a: Flapple\n|-supereffective|p1a: Flapple\n|-enditem|p1a: Flapple|Roseli Berry|[eat]\n|-enditem|p1a: Flapple|Roseli Berry|[weaken]\n|-damage|p1a: Flapple|63\/100\n|move|p1a: Flapple|Dragon Dance|p1a: Flapple\n|-boost|p1a: Flapple|atk|1\n|-boost|p1a: Flapple|spe|1\n|\n|upkeep\n|turn|16\n|\n|t:|1699977057\n|-terastallize|p1a: Flapple|Poison\n|move|p1a: Flapple|Dragon Dance|p1a: Flapple\n|-boost|p1a: Flapple|atk|1\n|-boost|p1a: Flapple|spe|1\n|move|p2a: Spectrier|Draining Kiss|p1a: Flapple\n|-resisted|p1a: Flapple\n|-damage|p1a: Flapple|46\/100\n|\n|upkeep\n|turn|17\n|\n|t:|1699977063\n|move|p1a: Flapple|Grav Apple|p2a: Spectrier|[miss]\n|-miss|p1a: Flapple|p2a: Spectrier\n|move|p2a: Spectrier|Shadow Ball|p1a: Flapple\n|-crit|p1a: Flapple\n|-damage|p1a: Flapple|0 fnt\n|faint|p1a: Flapple\n|-ability|p2a: Spectrier|Grim Neigh|boost\n|-boost|p2a: Spectrier|spa|1\n|\n|-sideend|p2: JohnLongGone|move: Aurora Veil\n|upkeep\n|\n|t:|1699977084\n|switch|p1a: Ninetales|Ninetales-Alola, F|100\/100\n|-weather|Snow|[from] ability: Snow Warning|[of] p1a: Ninetales\n|turn|18\n|\n|t:|1699977093\n|move|p2a: Spectrier|Substitute|p2a: Spectrier\n|-start|p2a: Spectrier|Substitute\n|-damage|p2a: Spectrier|76\/100\n|move|p1a: Ninetales|Aurora Veil|p1a: Ninetales\n|-sidestart|p1: IceColdd|move: Aurora Veil\n|\n|-weather|Snow|[upkeep]\n|-heal|p2a: Spectrier|82\/100|[from] item: Leftovers\n|upkeep\n|turn|19\n|\n|t:|1699977098\n|move|p2a: Spectrier|Nasty Plot|p2a: Spectrier\n|-boost|p2a: Spectrier|spa|2\n|move|p1a: Ninetales|Blizzard|p2a: Spectrier\n|-end|p2a: Spectrier|Substitute\n|\n|-weather|Snow|[upkeep]\n|-heal|p2a: Spectrier|88\/100|[from] item: Leftovers\n|upkeep\n|turn|20\n|\n|t:|1699977103\n|move|p2a: Spectrier|Shadow Ball|p1a: Ninetales\n|-damage|p1a: Ninetales|46\/100\n|move|p1a: Ninetales|Blizzard|p2a: Spectrier\n|-damage|p2a: Spectrier|47\/100\n|\n|-weather|Snow|[upkeep]\n|-heal|p2a: Spectrier|53\/100|[from] item: Leftovers\n|upkeep\n|turn|21\n|\n|t:|1699977110\n|move|p2a: Spectrier|Shadow Ball|p1a: Ninetales\n|-damage|p1a: Ninetales|0 fnt\n|faint|p1a: Ninetales\n|-ability|p2a: Spectrier|Grim Neigh|boost\n|-boost|p2a: Spectrier|spa|1\n|\n|-weather|Snow|[upkeep]\n|-heal|p2a: Spectrier|59\/100|[from] item: Leftovers\n|upkeep\n|\n|t:|1699977126\n|switch|p1a: Baxcalibur|Baxcalibur, M|100\/100\n|turn|22\n|\n|t:|1699977134\n|move|p2a: Spectrier|Draining Kiss|p1a: Baxcalibur\n|-supereffective|p1a: Baxcalibur\n|-damage|p1a: Baxcalibur|44\/100\n|-heal|p2a: Spectrier|100\/100|[from] drain|[of] p1a: Baxcalibur\n|move|p1a: Baxcalibur|Icicle Spear|p2a: Spectrier\n|-damage|p2a: Spectrier|78\/100\n|-damage|p2a: Spectrier|57\/100\n|-damage|p2a: Spectrier|35\/100\n|-damage|p2a: Spectrier|14\/100\n|-hitcount|p2a: Spectrier|4\n|\n|-weather|none\n|-heal|p2a: Spectrier|20\/100|[from] item: Leftovers\n|upkeep\n|turn|23\n|\n|t:|1699977140\n|move|p1a: Baxcalibur|Ice Shard|p2a: Spectrier\n|-crit|p2a: Spectrier\n|-damage|p2a: Spectrier|0 fnt\n|faint|p2a: Spectrier\n|\n|upkeep\n|\n|t:|1699977142\n|switch|p2a: Ninetales|Ninetales-Alola, F, shiny|87\/100\n|-weather|Snow|[from] ability: Snow Warning|[of] p2a: Ninetales\n|turn|24\n|\n|t:|1699977149\n|move|p2a: Ninetales|Freeze-Dry|p1a: Baxcalibur\n|-damage|p1a: Baxcalibur|33\/100\n|move|p1a: Baxcalibur|Icicle Spear|p2a: Ninetales\n|-resisted|p2a: Ninetales\n|-damage|p2a: Ninetales|82\/100\n|-resisted|p2a: Ninetales\n|-damage|p2a: Ninetales|76\/100\n|-resisted|p2a: Ninetales\n|-damage|p2a: Ninetales|70\/100\n|-resisted|p2a: Ninetales\n|-damage|p2a: Ninetales|64\/100\n|-resisted|p2a: Ninetales\n|-damage|p2a: Ninetales|59\/100\n|-hitcount|p2a: Ninetales|5\n|\n|-weather|Snow|[upkeep]\n|-heal|p1a: Baxcalibur|39\/100|[from] ability: Ice Body\n|upkeep\n|turn|25\n|\n|t:|1699977163\n|move|p1a: Baxcalibur|Icicle Spear|p2a: Ninetales\n|-resisted|p2a: Ninetales\n|-damage|p2a: Ninetales|53\/100\n|-resisted|p2a: Ninetales\n|-damage|p2a: Ninetales|46\/100\n|-resisted|p2a: Ninetales\n|-damage|p2a: Ninetales|40\/100\n|-resisted|p2a: Ninetales\n|-damage|p2a: Ninetales|34\/100\n|-resisted|p2a: Ninetales\n|-damage|p2a: Ninetales|29\/100\n|-hitcount|p2a: Ninetales|5\n|move|p2a: Ninetales|Roar|p1a: Baxcalibur\n|drag|p1a: Cyclizar|Cyclizar, M|100\/100 tox\n|\n|-weather|Snow|[upkeep]\n|-damage|p1a: Cyclizar|94\/100 tox|[from] psn\n|-sideend|p1: IceColdd|move: Aurora Veil\n|upkeep\n|turn|26\n|\n|t:|1699977175\n|move|p1a: Cyclizar|Overheat|p2a: Ninetales\n|-supereffective|p2a: Ninetales\n|-damage|p2a: Ninetales|0 fnt\n|-unboost|p1a: Cyclizar|spa|2\n|faint|p2a: Ninetales\n|\n|win|IceColdd\n|l|\u203dJohnLongGone\n|c|\u2606IceColdd|gg wp\n","uploadtime":1699977184,"views":7,"p1id":"icecoldd","p2id":"johnlonggone","formatid":"gen9ubers","rating":0,"private":0,"password":""}