{"id":"gen9ubers-1968007947","p1":"Spinzza","p2":"fmfnr","format":"[Gen 9] Ubers","log":"|j|\u2606Spinzza\n|j|\u2606fmfnr\n|t:|1697373366\n|gametype|singles\n|player|p1|Spinzza|cynthia|1239\n|player|p2|fmfnr|hilbert|1330\n|teamsize|p1|6\n|teamsize|p2|6\n|gen|9\n|tier|[Gen 9] Ubers\n|rated|\n|rule|Sleep Clause Mod: Limit one foe put to sleep\n|rule|Species Clause: Limit one of each Pok\u00e9mon\n|rule|OHKO Clause: OHKO moves are banned\n|rule|Evasion Items Clause: Evasion items are banned\n|rule|Evasion Moves Clause: Evasion moves are banned\n|rule|Endless Battle Clause: Forcing endless battles is banned\n|rule|HP Percentage Mod: HP is shown in percentages\n|clearpoke\n|poke|p1|Pelipper, M|\n|poke|p1|Palafin, M|\n|poke|p1|Regieleki|\n|poke|p1|Magearna|\n|poke|p1|Arceus-Ground|\n|poke|p1|Palkia-Origin|\n|poke|p2|Chien-Pao|\n|poke|p2|Koraidon|\n|poke|p2|Flutter Mane|\n|poke|p2|Great Tusk|\n|poke|p2|Skeledirge, M|\n|poke|p2|Toxapex, M|\n|teampreview\n|inactive|Battle timer is ON: inactive players will automatically lose when time's up. (requested by Spinzza)\n|\n|t:|1697373438\n|start\n|switch|p1a: Palafin|Palafin, M|100\/100\n|switch|p2a: Koraidon|Koraidon|100\/100\n|-weather|SunnyDay|[from] ability: Orichalcum Pulse|[of] p2a: Koraidon\n|-activate|p2a: Koraidon|Orichalcum Pulse|[source]\n|turn|1\n|\n|t:|1697373447\n|detailschange|p1a: Palafin|Palafin-Hero, M\n|switch|p1a: Pelipper|Pelipper, M|100\/100\n|-weather|RainDance|[from] ability: Drizzle|[of] p1a: Pelipper\n|move|p2a: Koraidon|Dragon Claw|p1a: Pelipper\n|-damage|p1a: Pelipper|54\/100\n|\n|-weather|RainDance|[upkeep]\n|upkeep\n|turn|2\n|inactive|fmfnr has 120 seconds left.\n|\n|t:|1697373484\n|switch|p2a: Toxapex|Toxapex, M|100\/100\n|switch|p1a: Magearna|Magearna|100\/100\n|\n|-weather|RainDance|[upkeep]\n|upkeep\n|turn|3\n|inactive|Spinzza has 120 seconds left.\n|\n|t:|1697373515\n|move|p1a: Magearna|Volt Switch|p2a: Toxapex\n|-supereffective|p2a: Toxapex\n|-damage|p2a: Toxapex|67\/100\n|\n|t:|1697373524\n|switch|p1a: Palkia|Palkia-Origin|100\/100|[from] Volt Switch\n|-ability|p1a: Palkia|Pressure\n|move|p2a: Toxapex|Infestation|p1a: Palkia\n|-damage|p1a: Palkia|98\/100\n|-activate|p1a: Palkia|move: Infestation|[of] p2a: Toxapex\n|\n|-weather|RainDance|[upkeep]\n|-damage|p1a: Palkia|86\/100|[from] move: Infestation|[partiallytrapped]\n|upkeep\n|turn|4\n|inactive|fmfnr has 120 seconds left.\n|inactive|Spinzza has 90 seconds left.\n|inactive|fmfnr has 90 seconds left.\n|\n|t:|1697373580\n|move|p1a: Palkia|Thunder|p2a: Toxapex\n|-supereffective|p2a: Toxapex\n|-damage|p2a: Toxapex|0 fnt\n|faint|p2a: Toxapex\n|\n|-weather|RainDance|[upkeep]\n|-end|p1a: Palkia|Infestation|[partiallytrapped]|[silent]\n|upkeep\n|\n|t:|1697373585\n|switch|p2a: Koraidon|Koraidon|100\/100\n|-weather|SunnyDay|[from] ability: Orichalcum Pulse|[of] p2a: Koraidon\n|-activate|p2a: Koraidon|Orichalcum Pulse|[source]\n|turn|5\n|\n|t:|1697373594\n|switch|p1a: Arceus|Arceus-Ground|100\/100\n|move|p2a: Koraidon|Dragon Claw|p1a: Arceus\n|-damage|p1a: Arceus|57\/100\n|\n|-weather|SunnyDay|[upkeep]\n|upkeep\n|turn|6\n|inactive|Spinzza has 90 seconds left.\n|inactive|fmfnr has 90 seconds left.\n|\n|t:|1697373628\n|move|p2a: Koraidon|Dragon Claw|p1a: Arceus\n|-damage|p1a: Arceus|12\/100\n|move|p1a: Arceus|Recover|p1a: Arceus\n|-heal|p1a: Arceus|62\/100\n|\n|-weather|SunnyDay|[upkeep]\n|upkeep\n|turn|7\n|\n|t:|1697373643\n|switch|p2a: Great Tusk|Great Tusk|100\/100\n|-activate|p2a: Great Tusk|ability: Protosynthesis\n|-start|p2a: Great Tusk|protosynthesisatk\n|switch|p1a: Magearna|Magearna|100\/100\n|\n|-weather|SunnyDay|[upkeep]\n|upkeep\n|turn|8\n|inactive|fmfnr has 90 seconds left.\n|\n|t:|1697373667\n|switch|p1a: Pelipper|Pelipper, M|54\/100\n|-weather|RainDance|[from] ability: Drizzle|[of] p1a: Pelipper\n|-end|p2a: Great Tusk|Protosynthesis\n|move|p2a: Great Tusk|Ice Spinner|p1a: Pelipper\n|-damage|p1a: Pelipper|31\/100\n|\n|-weather|RainDance|[upkeep]\n|upkeep\n|turn|9\n|\n|t:|1697373684\n|-end|p2a: Great Tusk|Protosynthesis|[silent]\n|switch|p2a: Koraidon|Koraidon|100\/100\n|-weather|SunnyDay|[from] ability: Orichalcum Pulse|[of] p2a: Koraidon\n|-activate|p2a: Koraidon|Orichalcum Pulse|[source]\n|move|p1a: Pelipper|Roost|p1a: Pelipper\n|-heal|p1a: Pelipper|81\/100\n|-singleturn|p1a: Pelipper|move: Roost\n|\n|-weather|SunnyDay|[upkeep]\n|upkeep\n|turn|10\n|inactive|fmfnr has 60 seconds left.\n|\n|t:|1697373732\n|switch|p1a: Magearna|Magearna|100\/100\n|move|p2a: Koraidon|Dragon Claw|p1a: Magearna\n|-immune|p1a: Magearna\n|\n|-weather|SunnyDay|[upkeep]\n|upkeep\n|turn|11\n|\n|t:|1697373744\n|switch|p2a: Skeledirge|Skeledirge, M|100\/100\n|switch|p1a: Pelipper|Pelipper, M|81\/100\n|-weather|RainDance|[from] ability: Drizzle|[of] p1a: Pelipper\n|\n|-weather|RainDance|[upkeep]\n|upkeep\n|turn|12\n|inactive|fmfnr has 30 seconds left.\n|\n|t:|1697373777\n|move|p2a: Skeledirge|Shadow Ball|p1a: Pelipper\n|-damage|p1a: Pelipper|21\/100\n|move|p1a: Pelipper|U-turn|p2a: Skeledirge\n|-resisted|p2a: Skeledirge\n|-damage|p2a: Skeledirge|99\/100\n|inactive|fmfnr has 30 seconds left this turn.\n|inactive|Spinzza has 60 seconds left.\n|\n|t:|1697373823\n|switch|p1a: Palafin|Palafin-Hero, M|100\/100|[from] U-turn\n|-activate|p1a: Palafin|ability: Zero to Hero\n|\n|-weather|RainDance|[upkeep]\n|upkeep\n|turn|13\n|\n|t:|1697373829\n|switch|p2a: Koraidon|Koraidon|100\/100\n|-weather|SunnyDay|[from] ability: Orichalcum Pulse|[of] p2a: Koraidon\n|-activate|p2a: Koraidon|Orichalcum Pulse|[source]\n|move|p1a: Palafin|Flip Turn|p2a: Koraidon\n|-resisted|p2a: Koraidon\n|-damage|p2a: Koraidon|87\/100\n|inactive|Spinzza has 30 seconds left.\n|inactive|Spinzza has 20 seconds left.\n|\n|t:|1697373857\n|switch|p1a: Pelipper|Pelipper, M|21\/100|[from] Flip Turn\n|-weather|RainDance|[from] ability: Drizzle|[of] p1a: Pelipper\n|\n|-weather|RainDance|[upkeep]\n|upkeep\n|turn|14\n|inactive|Spinzza has 30 seconds left this turn.\n|inactive|Spinzza has 20 seconds left.\n|\n|t:|1697373868\n|switch|p1a: Magearna|Magearna|100\/100\n|move|p2a: Koraidon|Flare Blitz|p1a: Magearna\n|-supereffective|p1a: Magearna\n|-damage|p1a: Magearna|44\/100\n|-damage|p2a: Koraidon|68\/100|[from] Recoil\n|\n|-weather|RainDance|[upkeep]\n|upkeep\n|turn|15\n|inactive|Spinzza has 30 seconds left this turn.\n|inactive|Spinzza has 20 seconds left.\n|inactive|Spinzza has 15 seconds left.\n|\n|t:|1697373885\n|switch|p1a: Palafin|Palafin-Hero, M|100\/100\n|move|p2a: Koraidon|Flare Blitz|p1a: Palafin\n|-resisted|p1a: Palafin\n|-damage|p1a: Palafin|85\/100\n|-damage|p2a: Koraidon|62\/100|[from] Recoil\n|\n|-weather|RainDance|[upkeep]\n|upkeep\n|turn|16\n|inactive|Spinzza has 25 seconds left this turn.\n|inactive|Spinzza has 20 seconds left.\n|inactive|Spinzza has 15 seconds left.\n|inactive|fmfnr has 60 seconds left.\n|inactive|Spinzza has 10 seconds left.\n|\n|t:|1697373921\n|switch|p2a: Chien-Pao|Chien-Pao|100\/100\n|-ability|p2a: Chien-Pao|Sword of Ruin\n|-terastallize|p1a: Palafin|Water\n|move|p1a: Palafin|Jet Punch|p2a: Chien-Pao\n|-damage|p2a: Chien-Pao|0 fnt\n|faint|p2a: Chien-Pao\n|\n|-weather|RainDance|[upkeep]\n|upkeep\n|inactive|Spinzza has 15 seconds left this turn.\n|\n|t:|1697373930\n|switch|p2a: Koraidon|Koraidon|62\/100\n|-weather|SunnyDay|[from] ability: Orichalcum Pulse|[of] p2a: Koraidon\n|-activate|p2a: Koraidon|Orichalcum Pulse|[source]\n|turn|17\n|inactive|Spinzza has 25 seconds left this turn.\n|inactive|Spinzza has 20 seconds left.\n|\n|t:|1697373936\n|switch|p1a: Magearna|Magearna|44\/100\n|move|p2a: Koraidon|Dragon Claw|p1a: Magearna\n|-immune|p1a: Magearna\n|\n|-weather|SunnyDay|[upkeep]\n|upkeep\n|turn|18\n|inactive|Spinzza has 30 seconds left this turn.\n|inactive|Spinzza has 20 seconds left.\n|\n|t:|1697373947\n|switch|p2a: Skeledirge|Skeledirge, M|99\/100\n|move|p1a: Magearna|Draining Kiss|p2a: Skeledirge\n|-resisted|p2a: Skeledirge\n|-damage|p2a: Skeledirge|88\/100\n|-heal|p1a: Magearna|52\/100|[from] drain|[of] p2a: Skeledirge\n|\n|-weather|SunnyDay|[upkeep]\n|upkeep\n|turn|19\n|inactive|Spinzza has 30 seconds left this turn.\n|\n|t:|1697373959\n|switch|p1a: Palkia|Palkia-Origin|86\/100\n|-ability|p1a: Palkia|Pressure\n|move|p2a: Skeledirge|Torch Song|p1a: Palkia\n|-resisted|p1a: Palkia\n|-damage|p1a: Palkia|71\/100\n|-boost|p2a: Skeledirge|spa|1\n|-enditem|p2a: Skeledirge|Throat Spray\n|-boost|p2a: Skeledirge|spa|1|[from] item: Throat Spray\n|\n|-weather|SunnyDay|[upkeep]\n|upkeep\n|turn|20\n|inactive|Spinzza has 30 seconds left.\n|\n|t:|1697373981\n|move|p1a: Palkia|Earth Power|p2a: Skeledirge\n|-supereffective|p2a: Skeledirge\n|-damage|p2a: Skeledirge|15\/100\n|-unboost|p2a: Skeledirge|spd|1\n|move|p2a: Skeledirge|Shadow Ball|p1a: Palkia\n|-damage|p1a: Palkia|0 fnt\n|faint|p1a: Palkia\n|\n|-weather|SunnyDay|[upkeep]\n|upkeep\n|inactive|Spinzza has 30 seconds left this turn.\n|inactive|Spinzza has 20 seconds left.\n|inactive|Spinzza has 15 seconds left.\n|\n|t:|1697374000\n|switch|p1a: Arceus|Arceus-Ground|62\/100\n|turn|21\n|inactive|Spinzza has 25 seconds left this turn.\n|inactive|Spinzza has 20 seconds left.\n|inactive|Spinzza has 15 seconds left.\n|inactive|fmfnr has 30 seconds left.\n|\n|t:|1697374027\n|move|p1a: Arceus|Judgment|p2a: Skeledirge\n|-supereffective|p2a: Skeledirge\n|-damage|p2a: Skeledirge|0 fnt\n|faint|p2a: Skeledirge\n|\n|-weather|none\n|upkeep\n|inactive|Spinzza has 20 seconds left this turn.\n|inactive|fmfnr has 30 seconds left.\n|\n|t:|1697374041\n|switch|p2a: Koraidon|Koraidon|62\/100\n|-weather|SunnyDay|[from] ability: Orichalcum Pulse|[of] p2a: Koraidon\n|-activate|p2a: Koraidon|Orichalcum Pulse|[source]\n|turn|22\n|inactive|Spinzza has 30 seconds left this turn.\n|\n|t:|1697374050\n|move|p2a: Koraidon|U-turn|p1a: Arceus\n|-damage|p1a: Arceus|38\/100\n|inactive|Spinzza has 30 seconds left this turn.\n|\n|t:|1697374055\n|switch|p2a: Great Tusk|Great Tusk|100\/100|[from] U-turn\n|-activate|p2a: Great Tusk|ability: Protosynthesis\n|-start|p2a: Great Tusk|protosynthesisatk\n|move|p1a: Arceus|Dragon Tail|p2a: Great Tusk\n|-damage|p2a: Great Tusk|91\/100\n|-end|p2a: Great Tusk|Protosynthesis|[silent]\n|drag|p2a: Flutter Mane|Flutter Mane|100\/100\n|-activate|p2a: Flutter Mane|ability: Protosynthesis\n|-start|p2a: Flutter Mane|protosynthesisspe\n|\n|-weather|SunnyDay|[upkeep]\n|upkeep\n|turn|23\n|inactive|Spinzza has 30 seconds left.\n|\n|t:|1697374075\n|move|p2a: Flutter Mane|Shadow Ball|p1a: Arceus\n|-damage|p1a: Arceus|0 fnt\n|faint|p1a: Arceus\n|-damage|p2a: Flutter Mane|91\/100|[from] item: Life Orb\n|\n|-weather|SunnyDay|[upkeep]\n|upkeep\n|inactive|Spinzza has 30 seconds left this turn.\n|inactive|Spinzza has 20 seconds left.\n|\n|t:|1697374087\n|switch|p1a: Magearna|Magearna|52\/100\n|turn|24\n|inactive|Spinzza has 30 seconds left this turn.\n|\n|t:|1697374095\n|move|p2a: Flutter Mane|Shadow Ball|p1a: Magearna\n|-damage|p1a: Magearna|29\/100\n|-unboost|p1a: Magearna|spd|1\n|-damage|p2a: Flutter Mane|81\/100|[from] item: Life Orb\n|move|p1a: Magearna|Draining Kiss|p2a: Flutter Mane\n|-damage|p2a: Flutter Mane|59\/100\n|-heal|p1a: Magearna|40\/100|[from] drain|[of] p2a: Flutter Mane\n|\n|-weather|SunnyDay|[upkeep]\n|upkeep\n|turn|25\n|inactive|Spinzza has 30 seconds left.\n|\n|t:|1697374108\n|move|p2a: Flutter Mane|Shadow Ball|p1a: Magearna\n|-damage|p1a: Magearna|2\/100\n|-damage|p2a: Flutter Mane|49\/100|[from] item: Life Orb\n|move|p1a: Magearna|Misty Explosion|p2a: Flutter Mane\n|-damage|p2a: Flutter Mane|0 fnt\n|faint|p1a: Magearna\n|faint|p2a: Flutter Mane\n|-end|p2a: Flutter Mane|Protosynthesis|[silent]\n|\n|-weather|SunnyDay|[upkeep]\n|upkeep\n|inactive|fmfnr has 60 seconds left.\n|inactive|Spinzza has 30 seconds left.\n|\n|t:|1697374136\n|switch|p2a: Great Tusk|Great Tusk|91\/100\n|switch|p1a: Pelipper|Pelipper, M|21\/100\n|-activate|p2a: Great Tusk|ability: Protosynthesis\n|-start|p2a: Great Tusk|protosynthesisatk\n|-weather|RainDance|[from] ability: Drizzle|[of] p1a: Pelipper\n|-end|p2a: Great Tusk|Protosynthesis\n|turn|26\n|inactive|Spinzza has 30 seconds left.\n|\n|t:|1697374153\n|move|p2a: Great Tusk|Ice Spinner|p1a: Pelipper\n|-damage|p1a: Pelipper|0 fnt\n|faint|p1a: Pelipper\n|\n|-weather|RainDance|[upkeep]\n|upkeep\n|inactive|Spinzza has 30 seconds left this turn.\n|\n|t:|1697374159\n|switch|p1a: Palafin|Palafin-Hero, M, tera:Water|85\/100\n|turn|27\n|inactive|Spinzza has 30 seconds left.\n|\n|t:|1697374166\n|-end|p2a: Great Tusk|Protosynthesis|[silent]\n|switch|p2a: Koraidon|Koraidon|62\/100\n|-weather|SunnyDay|[from] ability: Orichalcum Pulse|[of] p2a: Koraidon\n|-activate|p2a: Koraidon|Orichalcum Pulse|[source]\n|move|p1a: Palafin|Ice Punch|p2a: Koraidon\n|-supereffective|p2a: Koraidon\n|-damage|p2a: Koraidon|0 fnt\n|faint|p2a: Koraidon\n|\n|-weather|SunnyDay|[upkeep]\n|upkeep\n|\n|t:|1697374172\n|switch|p2a: Great Tusk|Great Tusk|91\/100\n|-activate|p2a: Great Tusk|ability: Protosynthesis\n|-start|p2a: Great Tusk|protosynthesisatk\n|turn|28\n|inactive|fmfnr has 60 seconds left.\n|\n|t:|1697374183\n|switch|p1a: Regieleki|Regieleki|100\/100\n|-terastallize|p2a: Great Tusk|Steel\n|move|p2a: Great Tusk|Headlong Rush|p1a: Regieleki\n|-supereffective|p1a: Regieleki\n|-damage|p1a: Regieleki|0 fnt\n|-unboost|p2a: Great Tusk|def|1\n|-unboost|p2a: Great Tusk|spd|1\n|faint|p1a: Regieleki\n|\n|-weather|SunnyDay|[upkeep]\n|upkeep\n|inactive|Spinzza has 30 seconds left.\n|\n|t:|1697374201\n|switch|p1a: Palafin|Palafin-Hero, M, tera:Water|85\/100\n|turn|29\n|inactive|fmfnr has 60 seconds left.\n|\n|t:|1697374217\n|move|p1a: Palafin|Jet Punch|p2a: Great Tusk\n|-damage|p2a: Great Tusk|48\/100\n|move|p2a: Great Tusk|Headlong Rush|p1a: Palafin\n|-damage|p1a: Palafin|12\/100\n|-unboost|p2a: Great Tusk|def|1\n|-unboost|p2a: Great Tusk|spd|1\n|\n|-weather|SunnyDay|[upkeep]\n|upkeep\n|turn|30\n|inactive|fmfnr has 60 seconds left.\n|\n|t:|1697374229\n|move|p1a: Palafin|Jet Punch|p2a: Great Tusk\n|-damage|p2a: Great Tusk|0 fnt\n|faint|p2a: Great Tusk\n|-end|p2a: Great Tusk|Protosynthesis|[silent]\n|\n|win|Spinzza\n|raw|Spinzza's rating: 1239 &rarr; <strong>1270<\/strong><br \/>(+31 for winning)\n|raw|fmfnr's rating: 1330 &rarr; <strong>1305<\/strong><br \/>(-25 for losing)\n|l|\u2606fmfnr\n","uploadtime":1697374250,"views":12,"p1id":"spinzza","p2id":"fmfnr","formatid":"gen9ubers","rating":1270,"private":0,"password":""}