{"id":"gen9ubers-1984705762","p1":"Calvin367","p2":"Toxic6655","format":"[Gen 9] Ubers","log":"|j|\u2606Calvin367\n|j|\u2606Toxic6655\n|t:|1699292385\n|gametype|singles\n|player|p1|Calvin367|170|1000\n|player|p2|Toxic6655|266|1046\n|teamsize|p1|6\n|teamsize|p2|6\n|gen|9\n|tier|[Gen 9] Ubers\n|rated|\n|rule|Sleep Clause Mod: Limit one foe put to sleep\n|rule|Species Clause: Limit one of each Pok\u00e9mon\n|rule|OHKO Clause: OHKO moves are banned\n|rule|Evasion Items Clause: Evasion items are banned\n|rule|Evasion Moves Clause: Evasion moves are banned\n|rule|Endless Battle Clause: Forcing endless battles is banned\n|rule|HP Percentage Mod: HP is shown in percentages\n|clearpoke\n|poke|p1|Mienshao, F|\n|poke|p1|Heatran, M|\n|poke|p1|Rotom-Wash|\n|poke|p1|Iron Treads|\n|poke|p1|Amoonguss, M|\n|poke|p1|Conkeldurr, F|\n|poke|p2|Kingambit, M|\n|poke|p2|Annihilape, M|\n|poke|p2|Kyogre|\n|poke|p2|Landorus, M|\n|poke|p2|Qwilfish-Hisui, M|\n|poke|p2|Gyarados, F|\n|teampreview\n|\n|t:|1699292389\n|start\n|switch|p1a: Heatran|Heatran, M|100\/100\n|switch|p2a: Qwilfish|Qwilfish-Hisui, M|100\/100\n|-item|p1a: Heatran|Air Balloon\n|turn|1\n|\n|t:|1699292405\n|move|p2a: Qwilfish|Toxic Spikes|p1a: Heatran\n|-sidestart|p1: Calvin367|move: Toxic Spikes\n|move|p1a: Heatran|Magma Storm|p2a: Qwilfish\n|-crit|p2a: Qwilfish\n|-damage|p2a: Qwilfish|0 fnt\n|faint|p2a: Qwilfish\n|\n|upkeep\n|\n|t:|1699292413\n|switch|p2a: Kyogre|Kyogre, shiny|100\/100\n|-weather|RainDance|[from] ability: Drizzle|[of] p2a: Kyogre\n|turn|2\n|\n|t:|1699292419\n|-terastallize|p1a: Heatran|Grass\n|move|p1a: Heatran|Tera Blast|p2a: Kyogre|[anim] Tera Blast Grass\n|-supereffective|p2a: Kyogre\n|-damage|p2a: Kyogre|26\/100\n|move|p2a: Kyogre|Ancient Power|p1a: Heatran\n|-damage|p1a: Heatran|76\/100\n|-enditem|p1a: Heatran|Air Balloon\n|\n|-weather|RainDance|[upkeep]\n|upkeep\n|turn|3\n|\n|t:|1699292431\n|move|p1a: Heatran|Earth Power|p2a: Kyogre\n|-crit|p2a: Kyogre\n|-damage|p2a: Kyogre|0 fnt\n|faint|p2a: Kyogre\n|\n|-weather|RainDance|[upkeep]\n|upkeep\n|\n|t:|1699292436\n|switch|p2a: Gyarados|Gyarados, F, shiny|100\/100\n|turn|4\n|\n|t:|1699292441\n|move|p1a: Heatran|Tera Blast|p2a: Gyarados|[anim] Tera Blast Grass\n|-damage|p2a: Gyarados|60\/100\n|move|p2a: Gyarados|Hurricane|p1a: Heatran\n|-supereffective|p1a: Heatran\n|-damage|p1a: Heatran|11\/100\n|\n|-weather|RainDance|[upkeep]\n|upkeep\n|turn|5\n|\n|t:|1699292450\n|move|p1a: Heatran|Magma Storm|p2a: Gyarados|[miss]\n|-miss|p1a: Heatran|p2a: Gyarados\n|move|p2a: Gyarados|Hurricane|p1a: Heatran\n|-supereffective|p1a: Heatran\n|-damage|p1a: Heatran|0 fnt\n|faint|p1a: Heatran\n|-ability|p2a: Gyarados|Moxie|boost\n|-boost|p2a: Gyarados|atk|1\n|\n|-weather|RainDance|[upkeep]\n|upkeep\n|\n|t:|1699292460\n|switch|p1a: Rotom|Rotom-Wash|100\/100\n|turn|6\n|\n|t:|1699292468\n|-terastallize|p2a: Gyarados|Water\n|move|p2a: Gyarados|Earthquake|p1a: Rotom\n|-immune|p1a: Rotom|[from] ability: Levitate\n|move|p1a: Rotom|Volt Switch|p2a: Gyarados\n|-supereffective|p2a: Gyarados\n|-damage|p2a: Gyarados|13\/100\n|\n|t:|1699292480\n|switch|p1a: Conkeldurr|Conkeldurr, F|100\/100|[from] Volt Switch\n|-status|p1a: Conkeldurr|psn\n|\n|-weather|none\n|-damage|p1a: Conkeldurr|88\/100 psn|[from] psn\n|upkeep\n|turn|7\n|\n|t:|1699292489\n|move|p1a: Conkeldurr|Mach Punch|p2a: Gyarados\n|-damage|p2a: Gyarados|0 fnt\n|faint|p2a: Gyarados\n|\n|-damage|p1a: Conkeldurr|76\/100 psn|[from] psn\n|upkeep\n|\n|t:|1699292496\n|switch|p2a: Landorus|Landorus, M|100\/100\n|turn|8\n|\n|t:|1699292501\n|move|p2a: Landorus|Sandstorm|p2a: Landorus\n|-weather|Sandstorm\n|move|p1a: Conkeldurr|Facade|p2a: Landorus\n|-damage|p2a: Landorus|8\/100\n|\n|-weather|Sandstorm|[upkeep]\n|-damage|p1a: Conkeldurr|69\/100 psn|[from] Sandstorm\n|-damage|p1a: Conkeldurr|57\/100 psn|[from] psn\n|upkeep\n|turn|9\n|\n|t:|1699292511\n|move|p1a: Conkeldurr|Mach Punch|p2a: Landorus\n|-resisted|p2a: Landorus\n|-damage|p2a: Landorus|0 fnt\n|faint|p2a: Landorus\n|\n|-weather|Sandstorm|[upkeep]\n|-damage|p1a: Conkeldurr|51\/100 psn|[from] Sandstorm\n|-damage|p1a: Conkeldurr|38\/100 psn|[from] psn\n|upkeep\n|\n|t:|1699292518\n|switch|p2a: Annihilape|Annihilape, M|100\/100\n|turn|10\n|\n|t:|1699292522\n|move|p2a: Annihilape|Cross Chop|p1a: Conkeldurr\n|-damage|p1a: Conkeldurr|0 fnt\n|faint|p1a: Conkeldurr\n|\n|-weather|Sandstorm|[upkeep]\n|-damage|p2a: Annihilape|94\/100|[from] Sandstorm\n|upkeep\n|\n|t:|1699292529\n|switch|p1a: Amoonguss|Amoonguss, M|100\/100\n|-sideend|p1: Calvin367|move: Toxic Spikes|[of] p1a: Amoonguss\n|turn|11\n|\n|t:|1699292535\n|move|p2a: Annihilape|Close Combat|p1a: Amoonguss\n|-resisted|p1a: Amoonguss\n|-damage|p1a: Amoonguss|75\/100\n|-unboost|p2a: Annihilape|def|1\n|-unboost|p2a: Annihilape|spd|1\n|-damage|p2a: Annihilape|78\/100|[from] item: Rocky Helmet|[of] p1a: Amoonguss\n|move|p1a: Amoonguss|Spore|p2a: Annihilape\n|-immune|p2a: Annihilape|[from] ability: Vital Spirit\n|\n|-weather|Sandstorm|[upkeep]\n|-damage|p2a: Annihilape|72\/100|[from] Sandstorm\n|-damage|p1a: Amoonguss|69\/100|[from] Sandstorm\n|upkeep\n|turn|12\n|\n|t:|1699292549\n|move|p2a: Annihilape|Substitute|p2a: Annihilape\n|-start|p2a: Annihilape|Substitute\n|-damage|p2a: Annihilape|47\/100\n|move|p1a: Amoonguss|Synthesis|p1a: Amoonguss\n|-heal|p1a: Amoonguss|94\/100\n|\n|-weather|none\n|upkeep\n|turn|13\n|\n|t:|1699292565\n|move|p2a: Annihilape|Bulk Up|p2a: Annihilape\n|-boost|p2a: Annihilape|atk|1\n|-boost|p2a: Annihilape|def|1\n|move|p1a: Amoonguss|Sludge Bomb|p2a: Annihilape\n|-resisted|p2a: Annihilape\n|-activate|p2a: Annihilape|move: Substitute|[damage]\n|\n|upkeep\n|turn|14\n|\n|t:|1699292575\n|switch|p1a: Iron Treads|Iron Treads|100\/100\n|-enditem|p1a: Iron Treads|Booster Energy\n|-activate|p1a: Iron Treads|ability: Quark Drive|[fromitem]\n|-start|p1a: Iron Treads|quarkdrivespe\n|move|p2a: Annihilape|Bulk Up|p2a: Annihilape\n|-boost|p2a: Annihilape|atk|1\n|-boost|p2a: Annihilape|def|1\n|\n|upkeep\n|turn|15\n|\n|t:|1699292584\n|move|p1a: Iron Treads|Knock Off|p2a: Annihilape\n|-end|p2a: Annihilape|Substitute\n|move|p2a: Annihilape|Cross Chop|p1a: Iron Treads\n|-supereffective|p1a: Iron Treads\n|-damage|p1a: Iron Treads|0 fnt\n|faint|p1a: Iron Treads\n|-end|p1a: Iron Treads|Quark Drive|[silent]\n|\n|upkeep\n|\n|t:|1699292594\n|switch|p1a: Mienshao|Mienshao, F|100\/100\n|turn|16\n|\n|t:|1699292598\n|move|p1a: Mienshao|Knock Off|p2a: Annihilape\n|-damage|p2a: Annihilape|26\/100\n|-enditem|p2a: Annihilape|Focus Sash|[from] move: Knock Off|[of] p1a: Mienshao\n|move|p2a: Annihilape|Substitute|p2a: Annihilape\n|-start|p2a: Annihilape|Substitute\n|-damage|p2a: Annihilape|1\/100\n|\n|upkeep\n|turn|17\n|\n|t:|1699292606\n|move|p1a: Mienshao|Knock Off|p2a: Annihilape\n|-activate|p2a: Annihilape|move: Substitute|[damage]\n|move|p2a: Annihilape|Cross Chop|p1a: Mienshao\n|-damage|p1a: Mienshao|0 fnt\n|faint|p1a: Mienshao\n|\n|upkeep\n|\n|t:|1699292614\n|switch|p1a: Amoonguss|Amoonguss, M|100\/100\n|turn|18\n|\n|t:|1699292618\n|move|p2a: Annihilape|Cross Chop|p1a: Amoonguss\n|-resisted|p1a: Amoonguss\n|-damage|p1a: Amoonguss|63\/100\n|-damage|p2a: Annihilape|0 fnt|[from] item: Rocky Helmet|[of] p1a: Amoonguss\n|faint|p2a: Annihilape\n|move|p1a: Amoonguss|Sludge Bomb|p2: Annihilape|[notarget]\n|-fail|p1a: Amoonguss\n|\n|upkeep\n|\n|t:|1699292626\n|switch|p2a: Kingambit|Kingambit, M, shiny|100\/100\n|-activate|p2a: Kingambit|ability: Supreme Overlord\n|-start|p2a: Kingambit|fallen5|[silent]\n|turn|19\n|\n|t:|1699292631\n|move|p2a: Kingambit|Sucker Punch||[still]\n|-fail|p2a: Kingambit\n|move|p1a: Amoonguss|Spore|p2a: Kingambit\n|-status|p2a: Kingambit|slp|[from] move: Spore\n|\n|upkeep\n|turn|20\n|\n|t:|1699292638\n|cant|p2a: Kingambit|slp\n|move|p1a: Amoonguss|Grass Knot|p2a: Kingambit\n|-resisted|p2a: Kingambit\n|-damage|p2a: Kingambit|85\/100 slp\n|\n|upkeep\n|turn|21\n|\n|t:|1699292647\n|switch|p1a: Rotom|Rotom-Wash|100\/100\n|cant|p2a: Kingambit|slp\n|\n|upkeep\n|turn|22\n|\n|t:|1699292654\n|move|p1a: Rotom|Hydro Pump|p2a: Kingambit\n|-damage|p2a: Kingambit|44\/100 slp\n|cant|p2a: Kingambit|slp\n|\n|upkeep\n|turn|23\n|-activate|p2a: Kingambit|item: Quick Claw\n|\n|t:|1699292660\n|-curestatus|p2a: Kingambit|slp|[msg]\n|move|p2a: Kingambit|Sucker Punch||[still]\n|-fail|p2a: Kingambit\n|move|p1a: Rotom|Will-O-Wisp|p2a: Kingambit\n|-status|p2a: Kingambit|brn\n|\n|-damage|p2a: Kingambit|38\/100 brn|[from] brn\n|upkeep\n|turn|24\n|\n|t:|1699292674\n|switch|p1a: Amoonguss|Amoonguss, M|96\/100\n|move|p2a: Kingambit|Sucker Punch||[still]\n|-fail|p2a: Kingambit\n|\n|-damage|p2a: Kingambit|32\/100 brn|[from] brn\n|upkeep\n|turn|25\n|\n|t:|1699292682\n|move|p2a: Kingambit|Reversal|p1a: Amoonguss\n|-resisted|p1a: Amoonguss\n|-damage|p1a: Amoonguss|89\/100\n|-damage|p2a: Kingambit|15\/100 brn|[from] item: Rocky Helmet|[of] p1a: Amoonguss\n|move|p1a: Amoonguss|Spore||[still]\n|-fail|p1a: Amoonguss\n|\n|-damage|p2a: Kingambit|9\/100 brn|[from] brn\n|upkeep\n|turn|26\n|\n|t:|1699292692\n|move|p2a: Kingambit|Iron Head|p1a: Amoonguss\n|-damage|p1a: Amoonguss|68\/100\n|-damage|p2a: Kingambit|0 fnt|[from] item: Rocky Helmet|[of] p1a: Amoonguss\n|faint|p2a: Kingambit\n|-end|p2a: Kingambit|fallen5|[silent]\n|\n|win|Calvin367\n|raw|Calvin367's rating: 1000 &rarr; <strong>1045<\/strong><br \/>(+45 for winning)\n|raw|Toxic6655's rating: 1046 &rarr; <strong>1027<\/strong><br \/>(-19 for losing)\n|c|\u2606Toxic6655|ggs\n|l|\u2606Toxic6655\n","uploadtime":1699292701,"views":11,"p1id":"calvin367","p2id":"toxic6655","formatid":"gen9ubers","rating":1027,"private":0,"password":""}