{"id":"gen9ubers-1985817994","p1":"sharkkkkkkkkkkkk","p2":"Thorn8617","format":"[Gen 9] Ubers","log":"|j|\u2606sharkkkkkkkkkkkk\n|j|\u2606Thorn8617\n|t:|1699409427\n|gametype|singles\n|player|p1|sharkkkkkkkkkkkk|roxie|\n|player|p2|Thorn8617|lance|\n|teamsize|p1|6\n|teamsize|p2|6\n|gen|9\n|tier|[Gen 9] Ubers\n|rule|Sleep Clause Mod: Limit one foe put to sleep\n|rule|Species Clause: Limit one of each Pok\u00e9mon\n|rule|OHKO Clause: OHKO moves are banned\n|rule|Evasion Items Clause: Evasion items are banned\n|rule|Evasion Moves Clause: Evasion moves are banned\n|rule|Endless Battle Clause: Forcing endless battles is banned\n|rule|HP Percentage Mod: HP is shown in percentages\n|clearpoke\n|poke|p1|Bellibolt, M|\n|poke|p1|Torterra, M|\n|poke|p1|Dondozo, F|\n|poke|p1|Iron Valiant|\n|poke|p1|Volcanion|\n|poke|p1|Ting-Lu|\n|poke|p2|Heatran, M|\n|poke|p2|Krookodile, M|\n|poke|p2|Roaring Moon|\n|poke|p2|Amoonguss, M|\n|poke|p2|Dusclops, M|\n|poke|p2|Corviknight, M|\n|teampreview\n|\n|t:|1699409441\n|start\n|switch|p1a: bowlhatguy|Ting-Lu|100\/100\n|switch|p2a: Stop You|Corviknight, M|100\/100\n|-ability|p1a: bowlhatguy|Vessel of Ruin\n|turn|1\n|\n|t:|1699409450\n|move|p2a: Stop You|Iron Defense|p2a: Stop You\n|-boost|p2a: Stop You|def|2\n|move|p1a: bowlhatguy|Stealth Rock|p2a: Stop You\n|-sidestart|p2: Thorn8617|move: Stealth Rock\n|\n|upkeep\n|turn|2\n|\n|t:|1699409461\n|move|p2a: Stop You|Iron Defense|p2a: Stop You\n|-boost|p2a: Stop You|def|2\n|move|p1a: bowlhatguy|Whirlwind|p2a: Stop You\n|drag|p2a: Don't Let Nothing|Amoonguss, M|100\/100\n|-damage|p2a: Don't Let Nothing|88\/100|[from] Stealth Rock\n|\n|upkeep\n|turn|3\n|\n|t:|1699409470\n|switch|p1a: fuckin gun|Torterra, M|100\/100\n|move|p2a: Don't Let Nothing|Sludge Bomb|p1a: fuckin gun\n|-damage|p1a: fuckin gun|66\/100\n|\n|upkeep\n|turn|4\n|\n|t:|1699409478\n|move|p1a: fuckin gun|Shell Smash|p1a: fuckin gun\n|-unboost|p1a: fuckin gun|def|1\n|-unboost|p1a: fuckin gun|spd|1\n|-boost|p1a: fuckin gun|atk|2\n|-boost|p1a: fuckin gun|spa|2\n|-boost|p1a: fuckin gun|spe|2\n|move|p2a: Don't Let Nothing|Sludge Bomb|p1a: fuckin gun\n|-damage|p1a: fuckin gun|21\/100\n|\n|upkeep\n|turn|5\n|\n|t:|1699409495\n|switch|p2a: Stop You|Corviknight, M|100\/100\n|-damage|p2a: Stop You|88\/100|[from] Stealth Rock\n|move|p1a: fuckin gun|Rock Blast|p2a: Stop You\n|-damage|p2a: Stop You|79\/100\n|-damage|p2a: Stop You|70\/100\n|-damage|p2a: Stop You|60\/100\n|-damage|p2a: Stop You|51\/100\n|-damage|p2a: Stop You|42\/100\n|-hitcount|p2a: Stop You|5\n|\n|-heal|p2a: Stop You|48\/100|[from] item: Leftovers\n|upkeep\n|turn|6\n|\n|t:|1699409511\n|-terastallize|p1a: fuckin gun|Electric\n|move|p1a: fuckin gun|Tera Blast|p2a: Stop You|[anim] Tera Blast Electric\n|-supereffective|p2a: Stop You\n|-crit|p2a: Stop You\n|-damage|p2a: Stop You|0 fnt\n|faint|p2a: Stop You\n|\n|upkeep\n|\n|t:|1699409525\n|switch|p2a: Cuz|Krookodile, M|100\/100\n|-damage|p2a: Cuz|94\/100|[from] Stealth Rock\n|turn|7\n|\n|t:|1699409532\n|move|p2a: Cuz|Earthquake|p1a: fuckin gun\n|-supereffective|p1a: fuckin gun\n|-damage|p1a: fuckin gun|0 fnt\n|faint|p1a: fuckin gun\n|-ability|p2a: Cuz|Moxie|boost\n|-boost|p2a: Cuz|atk|1\n|\n|upkeep\n|\n|t:|1699409539\n|switch|p1a: fsh|Dondozo, F|100\/100\n|turn|8\n|\n|t:|1699409547\n|switch|p2a: Don't Let Nothing|Amoonguss, M|100\/100\n|-damage|p2a: Don't Let Nothing|88\/100|[from] Stealth Rock\n|move|p1a: fsh|Curse|p1a: fsh\n|-unboost|p1a: fsh|spe|1\n|-boost|p1a: fsh|atk|1\n|-boost|p1a: fsh|def|1\n|\n|upkeep\n|turn|9\n|\n|t:|1699409574\n|move|p1a: fsh|Protect|p1a: fsh\n|-singleturn|p1a: fsh|Protect\n|move|p2a: Don't Let Nothing|Spore|p1a: fsh\n|-activate|p1a: fsh|move: Protect\n|\n|upkeep\n|turn|10\n|\n|t:|1699409584\n|move|p2a: Don't Let Nothing|Spore|p1a: fsh\n|-status|p1a: fsh|slp|[from] move: Spore\n|cant|p1a: fsh|slp\n|\n|upkeep\n|turn|11\n|\n|t:|1699409589\n|switch|p1a: bigman|Volcanion|100\/100\n|move|p2a: Don't Let Nothing|Giga Drain|p1a: bigman\n|-damage|p1a: bigman|84\/100\n|-heal|p2a: Don't Let Nothing|95\/100|[from] drain|[of] p1a: bigman\n|\n|upkeep\n|turn|12\n|\n|t:|1699409614\n|switch|p2a: Life Is|Heatran, M|100\/100\n|-damage|p2a: Life Is|88\/100|[from] Stealth Rock\n|move|p1a: bigman|Steam Eruption|p2a: Life Is\n|-supereffective|p2a: Life Is\n|-damage|p2a: Life Is|0 fnt\n|faint|p2a: Life Is\n|\n|upkeep\n|\n|t:|1699409621\n|switch|p2a: Roblox|Dusclops, M|100\/100\n|-damage|p2a: Roblox|88\/100|[from] Stealth Rock\n|-item|p1a: bigman|Assault Vest|[from] ability: Frisk|[of] p2a: Roblox|[identify]\n|turn|13\n|\n|t:|1699409635\n|move|p1a: bigman|Steam Eruption|p2a: Roblox\n|-damage|p2a: Roblox|53\/100\n|move|p2a: Roblox|Hex|p1a: bigman\n|-damage|p1a: bigman|74\/100\n|\n|upkeep\n|turn|14\n|\n|t:|1699409644\n|move|p1a: bigman|Steam Eruption|p2a: Roblox\n|-damage|p2a: Roblox|18\/100\n|move|p2a: Roblox|Pain Split|p1a: bigman\n|-sethp|p1a: bigman|44\/100|[from] move: Pain Split|[silent]\n|-sethp|p2a: Roblox|56\/100|[from] move: Pain Split\n|\n|upkeep\n|turn|15\n|\n|t:|1699409654\n|switch|p1a: bowlhatguy|Ting-Lu|100\/100\n|-ability|p1a: bowlhatguy|Vessel of Ruin\n|switch|p2a: Don't Let Nothing|Amoonguss, M|100\/100\n|-damage|p2a: Don't Let Nothing|88\/100|[from] Stealth Rock\n|\n|upkeep\n|turn|16\n|\n|t:|1699409669\n|move|p2a: Don't Let Nothing|Sludge Bomb|p1a: bowlhatguy\n|-resisted|p1a: bowlhatguy\n|-damage|p1a: bowlhatguy|93\/100\n|move|p1a: bowlhatguy|Whirlwind|p2a: Don't Let Nothing\n|drag|p2a: Cuz|Krookodile, M|94\/100\n|-damage|p2a: Cuz|88\/100|[from] Stealth Rock\n|\n|-heal|p1a: bowlhatguy|99\/100|[from] item: Leftovers\n|upkeep\n|turn|17\n|\n|t:|1699409678\n|move|p2a: Cuz|Knock Off|p1a: bowlhatguy\n|-resisted|p1a: bowlhatguy\n|-damage|p1a: bowlhatguy|90\/100\n|-enditem|p1a: bowlhatguy|Leftovers|[from] move: Knock Off|[of] p2a: Cuz\n|move|p1a: bowlhatguy|Body Press|p2a: Cuz\n|-supereffective|p2a: Cuz\n|-damage|p2a: Cuz|10\/100\n|\n|upkeep\n|turn|18\n|\n|t:|1699409692\n|switch|p2a: Roblox|Dusclops, M|56\/100\n|-damage|p2a: Roblox|44\/100|[from] Stealth Rock\n|move|p1a: bowlhatguy|Whirlwind|p2a: Roblox\n|drag|p2a: We Ain't Stopping|Roaring Moon|100\/100\n|-damage|p2a: We Ain't Stopping|88\/100|[from] Stealth Rock\n|-enditem|p2a: We Ain't Stopping|Booster Energy\n|-activate|p2a: We Ain't Stopping|ability: Protosynthesis|[fromitem]\n|-start|p2a: We Ain't Stopping|protosynthesisspe\n|\n|upkeep\n|turn|19\n|\n|t:|1699409726\n|move|p2a: We Ain't Stopping|Dragon Dance|p2a: We Ain't Stopping\n|-boost|p2a: We Ain't Stopping|atk|1\n|-boost|p2a: We Ain't Stopping|spe|1\n|move|p1a: bowlhatguy|Body Press|p2a: We Ain't Stopping\n|-supereffective|p2a: We Ain't Stopping\n|-damage|p2a: We Ain't Stopping|10\/100\n|\n|upkeep\n|turn|20\n|\n|t:|1699409736\n|move|p2a: We Ain't Stopping|Iron Head|p1a: bowlhatguy\n|-damage|p1a: bowlhatguy|73\/100\n|move|p1a: bowlhatguy|Body Press|p2a: We Ain't Stopping\n|-supereffective|p2a: We Ain't Stopping\n|-damage|p2a: We Ain't Stopping|0 fnt\n|faint|p2a: We Ain't Stopping\n|-end|p2a: We Ain't Stopping|Protosynthesis|[silent]\n|\n|upkeep\n|\n|t:|1699409742\n|switch|p2a: Don't Let Nothing|Amoonguss, M|100\/100\n|-damage|p2a: Don't Let Nothing|88\/100|[from] Stealth Rock\n|turn|21\n|\n|t:|1699409748\n|move|p2a: Don't Let Nothing|Sludge Bomb|p1a: bowlhatguy\n|-resisted|p1a: bowlhatguy\n|-damage|p1a: bowlhatguy|65\/100\n|-status|p1a: bowlhatguy|psn\n|move|p1a: bowlhatguy|Whirlwind|p2a: Don't Let Nothing\n|drag|p2a: Roblox|Dusclops, M|44\/100\n|-damage|p2a: Roblox|32\/100|[from] Stealth Rock\n|\n|-damage|p1a: bowlhatguy|53\/100 psn|[from] psn\n|upkeep\n|turn|22\n|\n|t:|1699409760\n|move|p2a: Roblox|Pain Split|p1a: bowlhatguy\n|-sethp|p1a: bowlhatguy|35\/100 psn|[from] move: Pain Split|[silent]\n|-sethp|p2a: Roblox|64\/100|[from] move: Pain Split\n|move|p1a: bowlhatguy|Whirlwind|p2a: Roblox\n|drag|p2a: Cuz|Krookodile, M|10\/100\n|-damage|p2a: Cuz|4\/100|[from] Stealth Rock\n|\n|-damage|p1a: bowlhatguy|23\/100 psn|[from] psn\n|upkeep\n|turn|23\n|\n|t:|1699409774\n|move|p2a: Cuz|Earthquake|p1a: bowlhatguy\n|-damage|p1a: bowlhatguy|4\/100 psn\n|move|p1a: bowlhatguy|Whirlwind|p2a: Cuz\n|drag|p2a: Roblox|Dusclops, M|64\/100\n|-damage|p2a: Roblox|51\/100|[from] Stealth Rock\n|\n|-damage|p1a: bowlhatguy|0 fnt|[from] psn\n|faint|p1a: bowlhatguy\n|upkeep\n|\n|t:|1699409783\n|switch|p1a: <0ck|Iron Valiant|100\/100\n|-enditem|p1a: <0ck|Booster Energy\n|-activate|p1a: <0ck|ability: Quark Drive|[fromitem]\n|-start|p1a: <0ck|quarkdriveatk\n|turn|24\n|\n|t:|1699409788\n|move|p1a: <0ck|Knock Off|p2a: Roblox\n|-supereffective|p2a: Roblox\n|-damage|p2a: Roblox|8\/100\n|-enditem|p2a: Roblox|Eviolite|[from] move: Knock Off|[of] p1a: <0ck\n|move|p2a: Roblox|Will-O-Wisp|p1a: <0ck|[miss]\n|-miss|p2a: Roblox|p1a: <0ck\n|\n|upkeep\n|turn|25\n|\n|t:|1699409797\n|move|p1a: <0ck|Knock Off|p2a: Roblox\n|-supereffective|p2a: Roblox\n|-damage|p2a: Roblox|0 fnt\n|faint|p2a: Roblox\n|\n|upkeep\n|\n|t:|1699409801\n|switch|p2a: Don't Let Nothing|Amoonguss, M|100\/100\n|-damage|p2a: Don't Let Nothing|88\/100|[from] Stealth Rock\n|turn|26\n|\n|t:|1699409804\n|move|p1a: <0ck|Knock Off|p2a: Don't Let Nothing\n|-damage|p2a: Don't Let Nothing|53\/100\n|-damage|p1a: <0ck|84\/100|[from] item: Rocky Helmet|[of] p2a: Don't Let Nothing\n|-enditem|p2a: Don't Let Nothing|Rocky Helmet|[from] move: Knock Off|[of] p1a: <0ck\n|move|p2a: Don't Let Nothing|Sludge Bomb|p1a: <0ck\n|-supereffective|p1a: <0ck\n|-crit|p1a: <0ck\n|-damage|p1a: <0ck|0 fnt\n|faint|p1a: <0ck\n|-end|p1a: <0ck|Quark Drive|[silent]\n|\n|upkeep\n|\n|t:|1699409813\n|switch|p1a: bigman|Volcanion|44\/100\n|turn|27\n|\n|t:|1699409817\n|move|p1a: bigman|Flamethrower|p2a: Don't Let Nothing\n|-supereffective|p2a: Don't Let Nothing\n|-damage|p2a: Don't Let Nothing|0 fnt\n|faint|p2a: Don't Let Nothing\n|\n|upkeep\n|\n|t:|1699409821\n|switch|p2a: Cuz|Krookodile, M|4\/100\n|-damage|p2a: Cuz|0 fnt|[from] Stealth Rock\n|faint|p2a: Cuz\n|\n|win|sharkkkkkkkkkkkk\n|l|\u2606Thorn8617\n","uploadtime":1699410006,"views":18,"p1id":"sharkkkkkkkkkkkk","p2id":"thorn8617","formatid":"gen9ubers","rating":0,"private":0,"password":""}