{"id":"gen9ubers-1976225478","p1":"vutop","p2":"yayou","format":"[Gen 9] Ubers","log":"|j|\u2606vutop\n|j|\u2606yayou\n|t:|1698275767\n|gametype|singles\n|player|p1|vutop|youngster-gen4dp|1153\n|player|p2|yayou|volkner|1322\n|teamsize|p1|6\n|teamsize|p2|6\n|gen|9\n|tier|[Gen 9] Ubers\n|rated|\n|rule|Sleep Clause Mod: Limit one foe put to sleep\n|rule|Species Clause: Limit one of each Pok\u00e9mon\n|rule|OHKO Clause: OHKO moves are banned\n|rule|Evasion Items Clause: Evasion items are banned\n|rule|Evasion Moves Clause: Evasion moves are banned\n|rule|Endless Battle Clause: Forcing endless battles is banned\n|rule|HP Percentage Mod: HP is shown in percentages\n|clearpoke\n|poke|p1|Zacian-*|\n|poke|p1|Magearna|\n|poke|p1|Arceus-Electric|\n|poke|p1|Chi-Yu|\n|poke|p1|Dondozo, M|\n|poke|p1|Cinderace, F|\n|poke|p2|Ogerpon-Hearthflame, F|\n|poke|p2|Groudon|\n|poke|p2|Lilligant-Hisui, F|\n|poke|p2|Spectrier|\n|poke|p2|Koraidon|\n|poke|p2|Leavanny, F|\n|teampreview\n|\n|t:|1698275782\n|start\n|switch|p1a: Arceus|Arceus-Electric|100\/100\n|switch|p2a: Groudon|Groudon|100\/100\n|-weather|SunnyDay|[from] ability: Drought|[of] p2a: Groudon\n|turn|1\n|\n|t:|1698275788\n|move|p1a: Arceus|Ice Beam|p2a: Groudon\n|-supereffective|p2a: Groudon\n|-damage|p2a: Groudon|70\/100\n|move|p2a: Groudon|Earthquake|p1a: Arceus\n|-supereffective|p1a: Arceus\n|-damage|p1a: Arceus|36\/100\n|\n|-weather|SunnyDay|[upkeep]\n|upkeep\n|turn|2\n|\n|t:|1698275795\n|switch|p1a: Dondozo|Dondozo, M|100\/100\n|move|p2a: Groudon|Earthquake|p1a: Dondozo\n|-damage|p1a: Dondozo|71\/100\n|\n|-weather|SunnyDay|[upkeep]\n|-heal|p1a: Dondozo|77\/100|[from] item: Leftovers\n|upkeep\n|turn|3\n|\n|t:|1698275802\n|switch|p2a: Lilligant|Lilligant-Hisui, F|100\/100\n|move|p1a: Dondozo|Yawn|p2a: Lilligant\n|-start|p2a: Lilligant|move: Yawn|[of] p1a: Dondozo\n|\n|-weather|SunnyDay|[upkeep]\n|-heal|p1a: Dondozo|83\/100|[from] item: Leftovers\n|upkeep\n|turn|4\n|\n|t:|1698275809\n|switch|p2a: Leavanny|Leavanny, F|100\/100\n|move|p1a: Dondozo|Curse|p1a: Dondozo\n|-unboost|p1a: Dondozo|spe|1\n|-boost|p1a: Dondozo|atk|1\n|-boost|p1a: Dondozo|def|1\n|\n|-weather|SunnyDay|[upkeep]\n|-heal|p1a: Dondozo|90\/100|[from] item: Leftovers\n|upkeep\n|turn|5\n|\n|t:|1698275817\n|move|p2a: Leavanny|Knock Off|p1a: Dondozo\n|-damage|p1a: Dondozo|77\/100\n|-enditem|p1a: Dondozo|Leftovers|[from] move: Knock Off|[of] p2a: Leavanny\n|move|p1a: Dondozo|Yawn|p2a: Leavanny\n|-start|p2a: Leavanny|move: Yawn|[of] p1a: Dondozo\n|\n|-weather|SunnyDay|[upkeep]\n|upkeep\n|turn|6\n|\n|t:|1698275827\n|switch|p2a: Lilligant|Lilligant-Hisui, F|100\/100\n|move|p1a: Dondozo|Body Press|p2a: Lilligant\n|-damage|p2a: Lilligant|54\/100\n|\n|-weather|SunnyDay|[upkeep]\n|upkeep\n|turn|7\n|\n|t:|1698275837\n|-terastallize|p2a: Lilligant|Grass\n|move|p2a: Lilligant|Solar Blade||[still]\n|-prepare|p2a: Lilligant|Solar Blade\n|-anim|p2a: Lilligant|Solar Blade|p1a: Dondozo\n|-supereffective|p1a: Dondozo\n|-damage|p1a: Dondozo|0 fnt\n|faint|p1a: Dondozo\n|-damage|p2a: Lilligant|44\/100|[from] item: Life Orb\n|\n|-weather|SunnyDay|[upkeep]\n|upkeep\n|\n|t:|1698275846\n|switch|p1a: Zacian|Zacian|100\/100\n|-ability|p1a: Zacian|Intrepid Sword|boost\n|-boost|p1a: Zacian|atk|1\n|turn|8\n|\n|t:|1698275851\n|move|p2a: Lilligant|Close Combat|p1a: Zacian\n|-resisted|p1a: Zacian\n|-damage|p1a: Zacian|67\/100\n|-unboost|p2a: Lilligant|def|1\n|-unboost|p2a: Lilligant|spd|1\n|-damage|p2a: Lilligant|34\/100|[from] item: Life Orb\n|move|p1a: Zacian|Poison Jab|p2a: Lilligant\n|-supereffective|p2a: Lilligant\n|-damage|p2a: Lilligant|0 fnt\n|faint|p2a: Lilligant\n|\n|-weather|none\n|upkeep\n|\n|t:|1698275866\n|switch|p2a: Groudon|Groudon|70\/100\n|-weather|SunnyDay|[from] ability: Drought|[of] p2a: Groudon\n|turn|9\n|\n|t:|1698275874\n|switch|p1a: Cinderace|Cinderace, F|100\/100\n|move|p2a: Groudon|Earthquake|p1a: Cinderace\n|-supereffective|p1a: Cinderace\n|-damage|p1a: Cinderace|0 fnt\n|faint|p1a: Cinderace\n|\n|-weather|SunnyDay|[upkeep]\n|upkeep\n|\n|t:|1698275881\n|switch|p1a: Zacian|Zacian|67\/100\n|turn|10\n|\n|t:|1698275887\n|-terastallize|p1a: Zacian|Fairy\n|move|p1a: Zacian|Play Rough|p2a: Groudon\n|-damage|p2a: Groudon|11\/100\n|move|p2a: Groudon|Earthquake|p1a: Zacian\n|-damage|p1a: Zacian|24\/100\n|\n|-weather|SunnyDay|[upkeep]\n|upkeep\n|turn|11\n|\n|t:|1698275894\n|move|p1a: Zacian|Play Rough|p2a: Groudon\n|-damage|p2a: Groudon|0 fnt\n|faint|p2a: Groudon\n|\n|-weather|SunnyDay|[upkeep]\n|upkeep\n|\n|t:|1698275897\n|switch|p2a: Leavanny|Leavanny, F|100\/100\n|turn|12\n|\n|t:|1698275902\n|switch|p1a: Magearna|Magearna|100\/100\n|move|p2a: Leavanny|Leaf Blade|p1a: Magearna\n|-resisted|p1a: Magearna\n|-damage|p1a: Magearna|84\/100\n|\n|-weather|SunnyDay|[upkeep]\n|-heal|p1a: Magearna|90\/100|[from] item: Leftovers\n|upkeep\n|turn|13\n|\n|t:|1698275912\n|switch|p2a: Ogerpon|Ogerpon-Hearthflame, F|100\/100\n|-ability|p2a: Ogerpon|Mold Breaker\n|move|p1a: Magearna|Flash Cannon|p2a: Ogerpon\n|-resisted|p2a: Ogerpon\n|-damage|p2a: Ogerpon|72\/100\n|\n|-weather|SunnyDay|[upkeep]\n|-heal|p1a: Magearna|96\/100|[from] item: Leftovers\n|upkeep\n|turn|14\n|inactive|Battle timer is ON: inactive players will automatically lose when time's up. (requested by yayou)\n|\n|t:|1698275921\n|switch|p1a: Arceus|Arceus-Electric|36\/100\n|move|p2a: Ogerpon|Ivy Cudgel|p1a: Arceus\n|-damage|p1a: Arceus|0 fnt\n|faint|p1a: Arceus\n|\n|-weather|SunnyDay|[upkeep]\n|upkeep\n|\n|t:|1698275927\n|switch|p1a: Chi-Yu|Chi-Yu|100\/100\n|-ability|p1a: Chi-Yu|Beads of Ruin\n|turn|15\n|\n|t:|1698275932\n|move|p1a: Chi-Yu|Dark Pulse|p2a: Ogerpon\n|-damage|p2a: Ogerpon|1\/100\n|move|p2a: Ogerpon|Ivy Cudgel|p1a: Chi-Yu\n|-resisted|p1a: Chi-Yu\n|-damage|p1a: Chi-Yu|25\/100\n|\n|-weather|SunnyDay|[upkeep]\n|upkeep\n|turn|16\n|\n|t:|1698275938\n|move|p1a: Chi-Yu|Dark Pulse|p2a: Ogerpon\n|-damage|p2a: Ogerpon|0 fnt\n|faint|p2a: Ogerpon\n|\n|-weather|none\n|upkeep\n|\n|t:|1698275941\n|switch|p2a: Koraidon|Koraidon|100\/100\n|-weather|SunnyDay|[from] ability: Orichalcum Pulse|[of] p2a: Koraidon\n|-activate|p2a: Koraidon|Orichalcum Pulse|[source]\n|turn|17\n|\n|t:|1698275947\n|switch|p1a: Magearna|Magearna|96\/100\n|move|p2a: Koraidon|Drain Punch|p1a: Magearna\n|-damage|p1a: Magearna|38\/100\n|-damage|p2a: Koraidon|91\/100|[from] item: Life Orb\n|\n|-weather|SunnyDay|[upkeep]\n|-heal|p1a: Magearna|44\/100|[from] item: Leftovers\n|upkeep\n|turn|18\n|\n|t:|1698275956\n|move|p2a: Koraidon|Drain Punch|p1a: Magearna\n|-damage|p1a: Magearna|0 fnt\n|-heal|p2a: Koraidon|100\/100|[from] drain|[of] p1a: Magearna\n|faint|p1a: Magearna\n|-damage|p2a: Koraidon|91\/100|[from] item: Life Orb\n|\n|-weather|SunnyDay|[upkeep]\n|upkeep\n|\n|t:|1698275963\n|switch|p1a: Zacian|Zacian, tera:Fairy|24\/100\n|turn|19\n|\n|t:|1698275967\n|move|p1a: Zacian|Play Rough|p2a: Koraidon\n|-supereffective|p2a: Koraidon\n|-damage|p2a: Koraidon|0 fnt\n|faint|p2a: Koraidon\n|\n|-weather|SunnyDay|[upkeep]\n|upkeep\n|\n|t:|1698275976\n|switch|p2a: Leavanny|Leavanny, F|100\/100\n|turn|20\n|\n|t:|1698275978\n|move|p2a: Leavanny|Leaf Blade|p1a: Zacian\n|-damage|p1a: Zacian|0 fnt\n|faint|p1a: Zacian\n|\n|-weather|SunnyDay|[upkeep]\n|upkeep\n|\n|t:|1698275983\n|switch|p1a: Chi-Yu|Chi-Yu|25\/100\n|-ability|p1a: Chi-Yu|Beads of Ruin\n|turn|21\n|\n|t:|1698275987\n|move|p2a: Leavanny|Knock Off|p1a: Chi-Yu\n|-resisted|p1a: Chi-Yu\n|-damage|p1a: Chi-Yu|1\/100\n|-enditem|p1a: Chi-Yu|Choice Scarf|[from] move: Knock Off|[of] p2a: Leavanny\n|move|p1a: Chi-Yu|Dark Pulse|p2a: Leavanny\n|-damage|p2a: Leavanny|17\/100\n|\n|-weather|none\n|upkeep\n|turn|22\n|\n|t:|1698275995\n|move|p1a: Chi-Yu|Dark Pulse|p2a: Leavanny\n|-damage|p2a: Leavanny|0 fnt\n|faint|p2a: Leavanny\n|\n|upkeep\n|\n|t:|1698275997\n|switch|p2a: Spectrier|Spectrier|100\/100\n|turn|23\n|\n|t:|1698276000\n|move|p2a: Spectrier|Shadow Ball|p1a: Chi-Yu\n|-resisted|p1a: Chi-Yu\n|-damage|p1a: Chi-Yu|0 fnt\n|faint|p1a: Chi-Yu\n|\n|win|yayou\n|raw|vutop's rating: 1153 &rarr; <strong>1139<\/strong><br \/>(-14 for losing)\n|raw|yayou's rating: 1322 &rarr; <strong>1333<\/strong><br \/>(+11 for winning)\n|l|\u2606vutop\n|l|\u2606yayou\n|j|\u2606yayou\n|player|p2|yayou|volkner\n|l|\u2606yayou\n|player|p2|\n|j|\u2606yayou\n|player|p2|yayou|volkner\n","uploadtime":1698276225,"views":10,"p1id":"vutop","p2id":"yayou","formatid":"gen9ubers","rating":1139,"private":0,"password":""}