{"id":"gen9ubers-1988774471","p1":"FrostyRandom02","p2":"Nitro524","format":"[Gen 9] Ubers","log":"|j|\u2606FrostyRandom02\n|j|\u2606Nitro524\n|t:|1699761415\n|gametype|singles\n|player|p1|FrostyRandom02|riley|\n|player|p2|Nitro524|hilbert|\n|teamsize|p1|6\n|teamsize|p2|6\n|gen|9\n|tier|[Gen 9] Ubers\n|rule|Sleep Clause Mod: Limit one foe put to sleep\n|rule|Species Clause: Limit one of each Pok\u00e9mon\n|rule|OHKO Clause: OHKO moves are banned\n|rule|Evasion Items Clause: Evasion items are banned\n|rule|Evasion Moves Clause: Evasion moves are banned\n|rule|Endless Battle Clause: Forcing endless battles is banned\n|rule|HP Percentage Mod: HP is shown in percentages\n|clearpoke\n|poke|p1|Dusclops, F|\n|poke|p1|Okidogi, M|\n|poke|p1|Munkidori, M|\n|poke|p1|Fezandipiti, M|\n|poke|p1|Spectrier|\n|poke|p1|Umbreon, M|\n|poke|p2|Ninetales-Alola, F|\n|poke|p2|Zacian-*|\n|poke|p2|Palafin, M|\n|poke|p2|Ceruledge, M|\n|poke|p2|Ogerpon-Wellspring, F|\n|poke|p2|Walking Wake|\n|teampreview\n|inactive|Battle timer is ON: inactive players will automatically lose when time's up. (requested by Nitro524)\n|c|\u2606Nitro524|glhf\n|c|\u2606FrostyRandom02|glhf\n|\n|t:|1699761432\n|start\n|switch|p1a: Fezandipiti|Fezandipiti, M|100\/100\n|switch|p2a: Ninetales|Ninetales-Alola, F|100\/100\n|-weather|Snow|[from] ability: Snow Warning|[of] p2a: Ninetales\n|turn|1\n|\n|t:|1699761454\n|switch|p2a: Palafin|Palafin, M|100\/100\n|move|p1a: Fezandipiti|Gunk Shot|p2a: Palafin\n|-damage|p2a: Palafin|31\/100\n|-status|p2a: Palafin|psn\n|\n|-weather|Snow|[upkeep]\n|-damage|p2a: Palafin|19\/100 psn|[from] psn\n|upkeep\n|turn|2\n|inactive|Nitro524 has 270 seconds left.\n|\n|t:|1699761495\n|detailschange|p2a: Palafin|Palafin-Hero, M\n|switch|p2a: Ceruledge|Ceruledge, M|100\/100\n|move|p1a: Fezandipiti|Beat Up|p2a: Ceruledge\n|-supereffective|p2a: Ceruledge\n|-damage|p2a: Ceruledge|91\/100\n|-supereffective|p2a: Ceruledge\n|-damage|p2a: Ceruledge|80\/100\n|-supereffective|p2a: Ceruledge\n|-damage|p2a: Ceruledge|72\/100\n|-supereffective|p2a: Ceruledge\n|-damage|p2a: Ceruledge|64\/100\n|-supereffective|p2a: Ceruledge\n|-damage|p2a: Ceruledge|56\/100\n|-supereffective|p2a: Ceruledge\n|-damage|p2a: Ceruledge|49\/100\n|-hitcount|p2a: Ceruledge|6\n|\n|-weather|Snow|[upkeep]\n|upkeep\n|turn|3\n|inactive|Nitro524 has 240 seconds left.\n|\n|t:|1699761517\n|move|p1a: Fezandipiti|Beat Up|p2a: Ceruledge\n|-supereffective|p2a: Ceruledge\n|-damage|p2a: Ceruledge|39\/100\n|-supereffective|p2a: Ceruledge\n|-damage|p2a: Ceruledge|26\/100\n|-supereffective|p2a: Ceruledge\n|-damage|p2a: Ceruledge|18\/100\n|-supereffective|p2a: Ceruledge\n|-damage|p2a: Ceruledge|11\/100\n|-status|p2a: Ceruledge|tox|[from] ability: Toxic Chain|[of] p1a: Fezandipiti\n|-supereffective|p2a: Ceruledge\n|-damage|p2a: Ceruledge|2\/100 tox\n|-supereffective|p2a: Ceruledge\n|-damage|p2a: Ceruledge|0 fnt\n|faint|p2a: Ceruledge\n|-hitcount|p2: Ceruledge|6\n|\n|-weather|Snow|[upkeep]\n|upkeep\n|inactive|Nitro524 has 240 seconds left.\n|\n|t:|1699761524\n|switch|p2a: Ninetales|Ninetales-Alola, F|100\/100\n|turn|4\n|\n|t:|1699761526\n|move|p1a: Fezandipiti|Gunk Shot|p2a: Ninetales\n|-supereffective|p2a: Ninetales\n|-damage|p2a: Ninetales|26\/100\n|-status|p2a: Ninetales|psn\n|move|p2a: Ninetales|Aurora Veil|p2a: Ninetales\n|-sidestart|p2: Nitro524|move: Aurora Veil\n|\n|-weather|Snow|[upkeep]\n|-damage|p2a: Ninetales|14\/100 psn|[from] psn\n|upkeep\n|turn|5\n|\n|t:|1699761539\n|move|p1a: Fezandipiti|Play Rough|p2a: Ninetales\n|-damage|p2a: Ninetales|0 fnt\n|faint|p2a: Ninetales\n|\n|-weather|none\n|upkeep\n|inactive|Nitro524 has 240 seconds left.\n|\n|t:|1699761580\n|switch|p2a: Zacian|Zacian|100\/100\n|-ability|p2a: Zacian|Intrepid Sword|boost\n|-boost|p2a: Zacian|atk|1\n|turn|6\n|inactive|Nitro524 has 210 seconds left.\n|\n|t:|1699761597\n|-terastallize|p2a: Zacian|Ground\n|move|p2a: Zacian|Tera Blast|p1a: Fezandipiti|[anim] Tera Blast Ground\n|-supereffective|p1a: Fezandipiti\n|-damage|p1a: Fezandipiti|0 fnt\n|faint|p1a: Fezandipiti\n|\n|upkeep\n|\n|t:|1699761611\n|switch|p1a: Munkidori|Munkidori, M|100\/100\n|-item|p1a: Munkidori|Air Balloon\n|turn|7\n|\n|t:|1699761630\n|-terastallize|p1a: Munkidori|Fairy\n|move|p2a: Zacian|Crunch|p1a: Munkidori\n|-resisted|p1a: Munkidori\n|-damage|p1a: Munkidori|77\/100\n|-enditem|p1a: Munkidori|Air Balloon\n|move|p1a: Munkidori|Nasty Plot|p1a: Munkidori\n|-boost|p1a: Munkidori|spa|2\n|\n|upkeep\n|turn|8\n|\n|t:|1699761647\n|move|p2a: Zacian|Tera Blast|p1a: Munkidori|[anim] Tera Blast Ground\n|-damage|p1a: Munkidori|2\/100\n|move|p1a: Munkidori|Future Sight|p2a: Zacian\n|-start|p1a: Munkidori|move: Future Sight\n|\n|upkeep\n|turn|9\n|c|\u2606Nitro524|i commend your use of the funny animals\n|\n|t:|1699761669\n|move|p2a: Zacian|Tera Blast|p1a: Munkidori|[anim] Tera Blast Ground\n|-damage|p1a: Munkidori|0 fnt\n|faint|p1a: Munkidori\n|\n|upkeep\n|\n|t:|1699761672\n|switch|p1a: Dusclops|Dusclops, F|100\/100\n|-ability|p1a: Dusclops|Pressure\n|turn|10\n|\n|t:|1699761686\n|switch|p2a: Walking Wake|Walking Wake|100\/100\n|-enditem|p2a: Walking Wake|Booster Energy\n|-activate|p2a: Walking Wake|ability: Protosynthesis|[fromitem]\n|-start|p2a: Walking Wake|protosynthesisspa\n|move|p1a: Dusclops|Will-O-Wisp|p2a: Walking Wake\n|-status|p2a: Walking Wake|brn\n|\n|-end|p2a: Walking Wake|move: Future Sight\n|-damage|p2a: Walking Wake|71\/100 brn\n|-damage|p2a: Walking Wake|65\/100 brn|[from] brn\n|upkeep\n|turn|11\n|\n|t:|1699761698\n|move|p2a: Walking Wake|Substitute|p2a: Walking Wake\n|-start|p2a: Walking Wake|Substitute\n|-damage|p2a: Walking Wake|40\/100 brn\n|move|p1a: Dusclops|Night Shade|p2a: Walking Wake\n|-end|p2a: Walking Wake|Substitute\n|\n|-damage|p2a: Walking Wake|34\/100 brn|[from] brn\n|-sideend|p2: Nitro524|move: Aurora Veil\n|upkeep\n|turn|12\n|\n|t:|1699761720\n|move|p2a: Walking Wake|Draco Meteor|p1a: Dusclops|[miss]\n|-miss|p2a: Walking Wake|p1a: Dusclops\n|move|p1a: Dusclops|Night Shade|p2a: Walking Wake\n|-damage|p2a: Walking Wake|4\/100 brn\n|\n|-damage|p2a: Walking Wake|0 fnt|[from] brn\n|faint|p2a: Walking Wake\n|-end|p2a: Walking Wake|Protosynthesis|[silent]\n|upkeep\n|c|\u2606Nitro524|damn\n|inactive|Nitro524 has 210 seconds left.\n|j| Pajoomas!\n|j| Bestmaindragonite\n|\n|t:|1699761758\n|switch|p2a: Zacian|Zacian, tera:Ground|100\/100\n|turn|13\n|\n|t:|1699761765\n|move|p2a: Zacian|Crunch|p1a: Dusclops\n|-supereffective|p1a: Dusclops\n|-damage|p1a: Dusclops|65\/100\n|move|p1a: Dusclops|Will-O-Wisp|p2a: Zacian|[miss]\n|-miss|p1a: Dusclops|p2a: Zacian\n|\n|upkeep\n|turn|14\n|j| dumpy lump\n|\n|t:|1699761785\n|switch|p2a: Ogerpon|Ogerpon-Wellspring, F|100\/100\n|move|p1a: Dusclops|Will-O-Wisp|p2a: Ogerpon\n|-status|p2a: Ogerpon|brn\n|\n|-damage|p2a: Ogerpon|95\/100 brn|[from] brn\n|upkeep\n|turn|15\n|\n|t:|1699761790\n|move|p2a: Ogerpon|Encore|p1a: Dusclops\n|-start|p1a: Dusclops|Encore\n|move|p1a: Dusclops|Will-O-Wisp|p2a: Ogerpon\n|-fail|p2a: Ogerpon|brn\n|\n|-damage|p2a: Ogerpon|89\/100 brn|[from] brn\n|upkeep\n|turn|16\n|\n|t:|1699761800\n|switch|p1a: Umbreon|Umbreon, M|100\/100\n|move|p2a: Ogerpon|Ivy Cudgel|p1a: Umbreon\n|-damage|p1a: Umbreon|78\/100\n|\n|-heal|p1a: Umbreon|85\/100|[from] item: Leftovers\n|-damage|p2a: Ogerpon|83\/100 brn|[from] brn\n|upkeep\n|turn|17\n|\n|t:|1699761806\n|move|p2a: Ogerpon|U-turn|p1a: Umbreon\n|-supereffective|p1a: Umbreon\n|-damage|p1a: Umbreon|63\/100\n|\n|t:|1699761809\n|switch|p2a: Zacian|Zacian, tera:Ground|100\/100|[from] U-turn\n|move|p1a: Umbreon|Wish|p1a: Umbreon\n|\n|-heal|p1a: Umbreon|69\/100|[from] item: Leftovers\n|upkeep\n|turn|18\n|\n|t:|1699761815\n|switch|p1a: Dusclops|Dusclops, F|65\/100\n|-ability|p1a: Dusclops|Pressure\n|move|p2a: Zacian|Crunch|p1a: Dusclops\n|-supereffective|p1a: Dusclops\n|-damage|p1a: Dusclops|31\/100\n|\n|-heal|p1a: Dusclops|100\/100|[from] move: Wish|[wisher] Umbreon\n|upkeep\n|turn|19\n|\n|t:|1699761829\n|move|p2a: Zacian|Crunch|p1a: Dusclops\n|-supereffective|p1a: Dusclops\n|-damage|p1a: Dusclops|65\/100\n|move|p1a: Dusclops|Night Shade|p2a: Zacian\n|-damage|p2a: Zacian|70\/100\n|\n|upkeep\n|turn|20\n|\n|t:|1699761833\n|move|p2a: Zacian|Crunch|p1a: Dusclops\n|-supereffective|p1a: Dusclops\n|-damage|p1a: Dusclops|33\/100\n|move|p1a: Dusclops|Will-O-Wisp|p2a: Zacian\n|-status|p2a: Zacian|brn\n|\n|-damage|p2a: Zacian|64\/100 brn|[from] brn\n|upkeep\n|turn|21\n|\n|t:|1699761842\n|switch|p1a: Okidogi|Okidogi, M|100\/100\n|move|p2a: Zacian|Crunch|p1a: Okidogi\n|-resisted|p1a: Okidogi\n|-damage|p1a: Okidogi|95\/100\n|\n|-heal|p1a: Okidogi|100\/100|[from] item: Leftovers\n|-damage|p2a: Zacian|57\/100 brn|[from] brn\n|upkeep\n|turn|22\n|\n|t:|1699761849\n|move|p2a: Zacian|Tera Blast|p1a: Okidogi|[anim] Tera Blast Ground\n|-supereffective|p1a: Okidogi\n|-damage|p1a: Okidogi|67\/100\n|move|p1a: Okidogi|Bulk Up|p1a: Okidogi\n|-boost|p1a: Okidogi|atk|1\n|-boost|p1a: Okidogi|def|1\n|\n|-heal|p1a: Okidogi|73\/100|[from] item: Leftovers\n|-damage|p2a: Zacian|51\/100 brn|[from] brn\n|upkeep\n|turn|23\n|\n|t:|1699761854\n|move|p2a: Zacian|Tera Blast|p1a: Okidogi|[anim] Tera Blast Ground\n|-supereffective|p1a: Okidogi\n|-crit|p1a: Okidogi\n|-damage|p1a: Okidogi|29\/100\n|move|p1a: Okidogi|Bulk Up|p1a: Okidogi\n|-boost|p1a: Okidogi|atk|1\n|-boost|p1a: Okidogi|def|1\n|\n|-heal|p1a: Okidogi|35\/100|[from] item: Leftovers\n|-damage|p2a: Zacian|45\/100 brn|[from] brn\n|upkeep\n|turn|24\n|\n|t:|1699761862\n|move|p2a: Zacian|Tera Blast|p1a: Okidogi|[anim] Tera Blast Ground\n|-supereffective|p1a: Okidogi\n|-damage|p1a: Okidogi|19\/100\n|move|p1a: Okidogi|Drain Punch|p2a: Zacian\n|-damage|p2a: Zacian|0 fnt\n|-heal|p1a: Okidogi|38\/100|[from] drain|[of] p2a: Zacian\n|faint|p2a: Zacian\n|\n|-heal|p1a: Okidogi|44\/100|[from] item: Leftovers\n|upkeep\n|\n|t:|1699761877\n|switch|p2a: Palafin|Palafin-Hero, M|19\/100 psn\n|-activate|p2a: Palafin|ability: Zero to Hero\n|turn|25\n|\n|t:|1699761885\n|move|p2a: Palafin|Zen Headbutt|p1a: Okidogi\n|-supereffective|p1a: Okidogi\n|-damage|p1a: Okidogi|0 fnt\n|faint|p1a: Okidogi\n|\n|-damage|p2a: Palafin|6\/100 psn|[from] psn\n|upkeep\n|\n|t:|1699761892\n|switch|p1a: Umbreon|Umbreon, M|69\/100\n|turn|26\n|\n|t:|1699761897\n|switch|p2a: Ogerpon|Ogerpon-Wellspring, F|83\/100 brn\n|move|p1a: Umbreon|Wish|p1a: Umbreon\n|\n|-heal|p1a: Umbreon|75\/100|[from] item: Leftovers\n|-damage|p2a: Ogerpon|77\/100 brn|[from] brn\n|upkeep\n|turn|27\n|\n|t:|1699761909\n|switch|p1a: Dusclops|Dusclops, F|33\/100\n|-ability|p1a: Dusclops|Pressure\n|move|p2a: Ogerpon|Ivy Cudgel|p1a: Dusclops\n|-damage|p1a: Dusclops|15\/100\n|\n|-heal|p1a: Dusclops|85\/100|[from] move: Wish|[wisher] Umbreon\n|-damage|p2a: Ogerpon|71\/100 brn|[from] brn\n|upkeep\n|turn|28\n|\n|t:|1699761916\n|move|p2a: Ogerpon|Ivy Cudgel|p1a: Dusclops\n|-damage|p1a: Dusclops|66\/100\n|move|p1a: Dusclops|Night Shade|p2a: Ogerpon\n|-damage|p2a: Ogerpon|37\/100 brn\n|\n|-damage|p2a: Ogerpon|31\/100 brn|[from] brn\n|upkeep\n|turn|29\n|\n|t:|1699761920\n|move|p2a: Ogerpon|Ivy Cudgel|p1a: Dusclops\n|-damage|p1a: Dusclops|47\/100\n|move|p1a: Dusclops|Night Shade|p2a: Ogerpon\n|-damage|p2a: Ogerpon|0 fnt\n|faint|p2a: Ogerpon\n|\n|upkeep\n|\n|t:|1699761922\n|switch|p2a: Palafin|Palafin-Hero, M|6\/100 psn\n|turn|30\n|\n|t:|1699761926\n|move|p2a: Palafin|Jet Punch|p1a: Dusclops\n|-damage|p1a: Dusclops|10\/100\n|move|p1a: Dusclops|Night Shade|p2a: Palafin\n|-damage|p2a: Palafin|0 fnt\n|faint|p2a: Palafin\n|\n|win|FrostyRandom02\n|c|\u2606Nitro524|gg wp\n|c|\u2606FrostyRandom02|gg\n","uploadtime":1699761933,"views":6,"p1id":"frostyrandom02","p2id":"nitro524","formatid":"gen9ubers","rating":0,"private":0,"password":""}