{"id":"gen9ubers-1987870165","p1":"Nightblood11111","p2":"Pyrope06","format":"[Gen 9] Ubers","log":"|j|\u2606Nightblood11111\n|j|\u2606Pyrope06\n|t:|1699644435\n|gametype|singles\n|player|p1|Nightblood11111|2|\n|player|p2|Pyrope06|ghetsis|\n|teamsize|p1|6\n|teamsize|p2|6\n|gen|9\n|tier|[Gen 9] Ubers\n|rule|Sleep Clause Mod: Limit one foe put to sleep\n|rule|Species Clause: Limit one of each Pok\u00e9mon\n|rule|OHKO Clause: OHKO moves are banned\n|rule|Evasion Items Clause: Evasion items are banned\n|rule|Evasion Moves Clause: Evasion moves are banned\n|rule|Endless Battle Clause: Forcing endless battles is banned\n|rule|HP Percentage Mod: HP is shown in percentages\n|clearpoke\n|poke|p1|Salamence, M|\n|poke|p1|Appletun, F|\n|poke|p1|Sableye, M|\n|poke|p1|Volcarona, M|\n|poke|p1|Cyclizar, F|\n|poke|p1|Quagsire, M|\n|poke|p2|Blissey, F|\n|poke|p2|Toxapex, M|\n|poke|p2|Corviknight, F|\n|poke|p2|Clodsire, M|\n|poke|p2|Iron Treads|\n|poke|p2|Flutter Mane|\n|teampreview\n|c|\u2606Pyrope06|gl hf\n|\n|t:|1699644484\n|start\n|switch|p1a: Sableye|Sableye, M|100\/100\n|switch|p2a: Flop Flop|Clodsire, M, shiny|100\/100\n|turn|1\n|\n|t:|1699644493\n|move|p1a: Sableye|Will-O-Wisp|p2a: Flop Flop|[miss]\n|-miss|p1a: Sableye|p2a: Flop Flop\n|move|p2a: Flop Flop|Spikes|p1a: Sableye\n|-sidestart|p1: Nightblood11111|Spikes\n|\n|upkeep\n|turn|2\n|inactive|Battle timer is ON: inactive players will automatically lose when time's up. (requested by Nightblood11111)\n|\n|t:|1699644503\n|move|p1a: Sableye|Will-O-Wisp|p2a: Flop Flop\n|-status|p2a: Flop Flop|brn\n|move|p2a: Flop Flop|Spikes|p1a: Sableye\n|-sidestart|p1: Nightblood11111|Spikes\n|\n|-damage|p2a: Flop Flop|94\/100 brn|[from] brn\n|upkeep\n|turn|3\n|\n|t:|1699644521\n|move|p1a: Sableye|Encore|p2a: Flop Flop\n|-start|p2a: Flop Flop|Encore\n|move|p2a: Flop Flop|Spikes|p1a: Sableye\n|-sidestart|p1: Nightblood11111|Spikes\n|\n|-heal|p2a: Flop Flop|100\/100 brn|[from] item: Black Sludge\n|-damage|p2a: Flop Flop|94\/100 brn|[from] brn\n|upkeep\n|turn|4\n|\n|t:|1699644533\n|switch|p1a: Cyclizar|Cyclizar, F|100\/100\n|switch|p2a: The Egg Man|Blissey, F, shiny|100\/100\n|\n|upkeep\n|turn|5\n|\n|t:|1699644543\n|move|p1a: Cyclizar|Taunt|p2a: The Egg Man\n|-start|p2a: The Egg Man|move: Taunt\n|cant|p2a: The Egg Man|move: Taunt|Thunder Wave\n|\n|upkeep\n|turn|6\n|\n|t:|1699644552\n|move|p1a: Cyclizar|Rapid Spin|p2a: The Egg Man\n|-damage|p2a: The Egg Man|83\/100\n|-boost|p1a: Cyclizar|spe|1\n|-sideend|p1: Nightblood11111|Spikes|[from] move: Rapid Spin|[of] p1a: Cyclizar\n|move|p2a: The Egg Man|Seismic Toss|p1a: Cyclizar\n|-damage|p1a: Cyclizar|71\/100\n|\n|upkeep\n|turn|7\n|\n|t:|1699644564\n|move|p1a: Cyclizar|Shed Tail|p1a: Cyclizar\n|-start|p1a: Cyclizar|Substitute|[from] move: Shed Tail\n|-damage|p1a: Cyclizar|21\/100\n|\n|t:|1699644566\n|switch|p1a: Salamence|Salamence, M|100\/100|[from] Shed Tail\n|move|p2a: The Egg Man|Seismic Toss|p1a: Salamence\n|-end|p1a: Salamence|Substitute\n|\n|-end|p2a: The Egg Man|move: Taunt\n|upkeep\n|turn|8\n|\n|t:|1699644595\n|switch|p1a: Sableye|Sableye, M|100\/100\n|move|p2a: The Egg Man|Thunder Wave|p1a: Sableye\n|-status|p1a: Sableye|par\n|\n|upkeep\n|turn|9\n|inactive|Pyrope06 has 270 seconds left.\n|\n|t:|1699644630\n|switch|p2a: HeadCrab!|Toxapex, M, shiny|100\/100\n|move|p1a: Sableye|Knock Off|p2a: HeadCrab!\n|-damage|p2a: HeadCrab!|81\/100\n|-damage|p1a: Sableye|84\/100 par|[from] item: Rocky Helmet|[of] p2a: HeadCrab!\n|-enditem|p2a: HeadCrab!|Rocky Helmet|[from] move: Knock Off|[of] p1a: Sableye\n|\n|-heal|p1a: Sableye|90\/100 par|[from] item: Leftovers\n|upkeep\n|turn|10\n|inactive|Pyrope06 has 270 seconds left.\n|inactive|Nightblood11111 has 270 seconds left.\n|\n|t:|1699644646\n|move|p2a: HeadCrab!|Baneful Bunker|p2a: HeadCrab!\n|-singleturn|p2a: HeadCrab!|move: Protect\n|cant|p1a: Sableye|par\n|\n|-heal|p1a: Sableye|97\/100 par|[from] item: Leftovers\n|upkeep\n|turn|11\n|inactive|Pyrope06 has 270 seconds left.\n|\n|t:|1699644673\n|switch|p2a: Misleadvus|Flutter Mane, shiny|100\/100\n|move|p1a: Sableye|Will-O-Wisp|p2a: Misleadvus\n|-status|p2a: Misleadvus|brn\n|\n|-heal|p1a: Sableye|100\/100 par|[from] item: Leftovers\n|-damage|p2a: Misleadvus|95\/100 brn|[from] brn\n|upkeep\n|turn|12\n|inactive|Nightblood11111 has 270 seconds left.\n|inactive|Pyrope06 has 240 seconds left.\n|\n|t:|1699644694\n|switch|p1a: Quagsire|Quagsire, M|100\/100\n|move|p2a: Misleadvus|Moonblast|p1a: Quagsire\n|-damage|p1a: Quagsire|46\/100\n|\n|-heal|p1a: Quagsire|52\/100|[from] item: Leftovers\n|-damage|p2a: Misleadvus|89\/100 brn|[from] brn\n|upkeep\n|turn|13\n|inactive|Nightblood11111 has 270 seconds left.\n|inactive|Pyrope06 has 240 seconds left.\n|inactive|Nightblood11111 has 240 seconds left.\n|inactive|Nightblood11111 has 210 seconds left.\n|\n|t:|1699644761\n|move|p2a: Misleadvus|Moonblast|p1a: Quagsire\n|-damage|p1a: Quagsire|0 fnt\n|faint|p1a: Quagsire\n|\n|-damage|p2a: Misleadvus|83\/100 brn|[from] brn\n|upkeep\n|inactive|Nightblood11111 has 210 seconds left.\n|c|\u2606Pyrope06|buen intento\n|\n|t:|1699644772\n|switch|p1a: Appletun|Appletun, F|100\/100\n|turn|14\n|inactive|Nightblood11111 has 210 seconds left.\n|\n|t:|1699644778\n|-terastallize|p1a: Appletun|Steel\n|move|p2a: Misleadvus|Moonblast|p1a: Appletun\n|-resisted|p1a: Appletun\n|-damage|p1a: Appletun|79\/100\n|move|p1a: Appletun|Leech Seed|p2a: Misleadvus\n|-start|p2a: Misleadvus|move: Leech Seed\n|\n|-heal|p1a: Appletun|85\/100|[from] item: Leftovers\n|-damage|p2a: Misleadvus|70\/100 brn|[from] Leech Seed|[of] p1a: Appletun\n|-heal|p1a: Appletun|93\/100|[silent]\n|-damage|p2a: Misleadvus|64\/100 brn|[from] brn\n|upkeep\n|turn|15\n|inactive|Nightblood11111 has 210 seconds left.\n|\n|t:|1699644800\n|move|p2a: Misleadvus|Mystical Fire|p1a: Appletun\n|-supereffective|p1a: Appletun\n|-crit|p1a: Appletun\n|-damage|p1a: Appletun|60\/100\n|-unboost|p1a: Appletun|spa|1\n|move|p1a: Appletun|Leech Seed||[still]\n|-fail|p1a: Appletun\n|\n|-heal|p1a: Appletun|66\/100|[from] item: Leftovers\n|-damage|p2a: Misleadvus|52\/100 brn|[from] Leech Seed|[of] p1a: Appletun\n|-heal|p1a: Appletun|73\/100|[silent]\n|-damage|p2a: Misleadvus|46\/100 brn|[from] brn\n|upkeep\n|turn|16\n|inactive|Pyrope06 has 240 seconds left.\n|\n|t:|1699644822\n|-end|p2a: Misleadvus|Protosynthesis|[silent]\n|switch|p2a: GottaGoFast|Iron Treads, shiny|100\/100\n|move|p1a: Appletun|Recover|p1a: Appletun\n|-heal|p1a: Appletun|100\/100\n|\n|upkeep\n|turn|17\n|inactive|Pyrope06 has 240 seconds left.\n|\n|t:|1699644834\n|switch|p1a: Salamence|Salamence, M|100\/100\n|move|p2a: GottaGoFast|Knock Off|p1a: Salamence\n|-damage|p1a: Salamence|71\/100\n|-enditem|p1a: Salamence|Heavy-Duty Boots|[from] move: Knock Off|[of] p2a: GottaGoFast\n|\n|upkeep\n|turn|18\n|inactive|Pyrope06 has 240 seconds left.\n|\n|t:|1699644847\n|move|p1a: Salamence|Dragon Dance|p1a: Salamence\n|-boost|p1a: Salamence|atk|1\n|-boost|p1a: Salamence|spe|1\n|move|p2a: GottaGoFast|Volt Switch|p1a: Salamence\n|-damage|p1a: Salamence|56\/100\n|inactive|Pyrope06 has 240 seconds left.\n|\n|t:|1699644868\n|-end|p2a: GottaGoFast|Quark Drive|[silent]\n|switch|p2a: HeadCrab!|Toxapex, M, shiny|100\/100|[from] Volt Switch\n|\n|upkeep\n|turn|19\n|\n|t:|1699644874\n|move|p1a: Salamence|Earthquake|p2a: HeadCrab!\n|-supereffective|p2a: HeadCrab!\n|-damage|p2a: HeadCrab!|4\/100\n|move|p2a: HeadCrab!|Haze|p2a: HeadCrab!\n|-clearallboost\n|\n|upkeep\n|turn|20\n|inactive|Nightblood11111 has 210 seconds left.\n|\n|t:|1699644889\n|move|p2a: HeadCrab!|Baneful Bunker|p2a: HeadCrab!\n|-singleturn|p2a: HeadCrab!|move: Protect\n|move|p1a: Salamence|Earthquake|p2a: HeadCrab!\n|-activate|p2a: HeadCrab!|move: Protect\n|\n|upkeep\n|turn|21\n|inactive|Pyrope06 has 240 seconds left.\n|\n|t:|1699644901\n|switch|p2a: Corviknight|Corviknight, F, shiny|100\/100\n|move|p1a: Salamence|Dual Wingbeat|p2a: Corviknight\n|-resisted|p2a: Corviknight\n|-damage|p2a: Corviknight|91\/100\n|-damage|p1a: Salamence|39\/100|[from] item: Rocky Helmet|[of] p2a: Corviknight\n|-resisted|p2a: Corviknight\n|-damage|p2a: Corviknight|82\/100\n|-damage|p1a: Salamence|23\/100|[from] item: Rocky Helmet|[of] p2a: Corviknight\n|-hitcount|p2a: Corviknight|2\n|\n|upkeep\n|turn|22\n|inactive|Nightblood11111 has 210 seconds left.\n|inactive|Pyrope06 has 240 seconds left.\n|inactive|Nightblood11111 has 180 seconds left.\n|\n|t:|1699644941\n|switch|p1a: Sableye|Sableye, M|100\/100 par\n|move|p2a: Corviknight|Iron Head|p1a: Sableye\n|-damage|p1a: Sableye|72\/100 par\n|\n|-heal|p1a: Sableye|78\/100 par|[from] item: Leftovers\n|upkeep\n|turn|23\n|inactive|Nightblood11111 has 180 seconds left.\n|inactive|Pyrope06 has 240 seconds left.\n|\n|t:|1699644972\n|move|p1a: Sableye|Will-O-Wisp|p2a: Corviknight\n|-status|p2a: Corviknight|brn\n|move|p2a: Corviknight|U-turn|p1a: Sableye\n|-damage|p1a: Sableye|69\/100 par\n|\n|t:|1699644977\n|switch|p2a: Misleadvus|Flutter Mane, shiny|46\/100 brn|[from] U-turn\n|\n|-heal|p1a: Sableye|75\/100 par|[from] item: Leftovers\n|-damage|p2a: Misleadvus|40\/100 brn|[from] brn\n|upkeep\n|turn|24\n|\n|t:|1699644991\n|switch|p1a: Appletun|Appletun, F, tera:Steel|100\/100\n|move|p2a: Misleadvus|Mystical Fire|p1a: Appletun\n|-supereffective|p1a: Appletun\n|-damage|p1a: Appletun|79\/100\n|-unboost|p1a: Appletun|spa|1\n|\n|-heal|p1a: Appletun|85\/100|[from] item: Leftovers\n|-damage|p2a: Misleadvus|34\/100 brn|[from] brn\n|upkeep\n|turn|25\n|inactive|Nightblood11111 has 180 seconds left.\n|inactive|Pyrope06 has 210 seconds left.\n|\n|t:|1699645010\n|-end|p2a: Misleadvus|Protosynthesis|[silent]\n|switch|p2a: Flop Flop|Clodsire, M, shiny|94\/100 brn\n|move|p1a: Appletun|Leech Seed|p2a: Flop Flop\n|-start|p2a: Flop Flop|move: Leech Seed\n|\n|-heal|p1a: Appletun|92\/100|[from] item: Leftovers\n|-heal|p2a: Flop Flop|100\/100 brn|[from] item: Black Sludge\n|-damage|p2a: Flop Flop|88\/100 brn|[from] Leech Seed|[of] p1a: Appletun\n|-heal|p1a: Appletun|100\/100|[silent]\n|-damage|p2a: Flop Flop|82\/100 brn|[from] brn\n|upkeep\n|turn|26\n|inactive|Nightblood11111 has 180 seconds left.\n|inactive|Pyrope06 has 210 seconds left.\n|\n|t:|1699645026\n|switch|p1a: Salamence|Salamence, M|23\/100\n|move|p2a: Flop Flop|Earthquake|p1a: Salamence\n|-immune|p1a: Salamence\n|\n|-heal|p2a: Flop Flop|88\/100 brn|[from] item: Black Sludge\n|-damage|p2a: Flop Flop|76\/100 brn|[from] Leech Seed|[of] p1a: Salamence\n|-heal|p1a: Salamence|38\/100|[silent]\n|-damage|p2a: Flop Flop|69\/100 brn|[from] brn\n|upkeep\n|turn|27\n|inactive|Nightblood11111 has 180 seconds left.\n|inactive|Pyrope06 has 210 seconds left.\n|\n|t:|1699645055\n|switch|p2a: The Egg Man|Blissey, F, shiny|83\/100\n|move|p1a: Salamence|Earthquake|p2a: The Egg Man\n|-damage|p2a: The Egg Man|46\/100\n|\n|upkeep\n|turn|28\n|inactive|Nightblood11111 has 150 seconds left.\n|\n|t:|1699645084\n|switch|p1a: Sableye|Sableye, M|75\/100 par\n|move|p2a: The Egg Man|Soft-Boiled|p2a: The Egg Man\n|-heal|p2a: The Egg Man|96\/100\n|\n|-heal|p1a: Sableye|81\/100 par|[from] item: Leftovers\n|upkeep\n|turn|29\n|inactive|Nightblood11111 has 150 seconds left.\n|\n|t:|1699645095\n|switch|p2a: Misleadvus|Flutter Mane, shiny|34\/100 brn\n|move|p1a: Sableye|Knock Off|p2a: Misleadvus\n|-damage|p2a: Misleadvus|0 fnt\n|-enditem|p2a: Misleadvus|Assault Vest|[from] move: Knock Off|[of] p1a: Sableye\n|faint|p2a: Misleadvus\n|-end|p2a: Misleadvus|Protosynthesis|[silent]\n|\n|-heal|p1a: Sableye|87\/100 par|[from] item: Leftovers\n|upkeep\n|inactive|Pyrope06 has 180 seconds left.\n|\n|t:|1699645117\n|switch|p2a: GottaGoFast|Iron Treads, shiny|100\/100\n|turn|30\n|inactive|Pyrope06 has 180 seconds left.\n|inactive|Nightblood11111 has 150 seconds left.\n|\n|t:|1699645145\n|cant|p1a: Sableye|par\n|move|p2a: GottaGoFast|Knock Off|p1a: Sableye\n|-damage|p1a: Sableye|60\/100 par\n|-enditem|p1a: Sableye|Leftovers|[from] move: Knock Off|[of] p2a: GottaGoFast\n|\n|upkeep\n|turn|31\n|inactive|Pyrope06 has 180 seconds left.\n|\n|t:|1699645157\n|move|p1a: Sableye|Will-O-Wisp|p2a: GottaGoFast\n|-status|p2a: GottaGoFast|brn\n|move|p2a: GottaGoFast|Earthquake|p1a: Sableye\n|-damage|p1a: Sableye|36\/100 par\n|\n|-damage|p2a: GottaGoFast|94\/100 brn|[from] brn\n|upkeep\n|turn|32\n|\n|t:|1699645167\n|move|p1a: Sableye|Encore|p2a: GottaGoFast\n|-start|p2a: GottaGoFast|Encore\n|move|p2a: GottaGoFast|Earthquake|p1a: Sableye\n|-damage|p1a: Sableye|12\/100 par\n|\n|-damage|p2a: GottaGoFast|88\/100 brn|[from] brn\n|upkeep\n|turn|33\n|\n|t:|1699645181\n|-end|p2a: GottaGoFast|Quark Drive|[silent]\n|switch|p2a: The Egg Man|Blissey, F, shiny|96\/100\n|switch|p1a: Salamence|Salamence, M|38\/100\n|\n|upkeep\n|turn|34\n|inactive|Nightblood11111 has 150 seconds left.\n|\n|t:|1699645194\n|move|p1a: Salamence|Outrage|p2a: The Egg Man\n|-damage|p2a: The Egg Man|30\/100\n|move|p2a: The Egg Man|Thunder Wave|p1a: Salamence\n|-status|p1a: Salamence|par\n|\n|upkeep\n|turn|35\n|inactive|Nightblood11111 has 150 seconds left.\n|\n|t:|1699645203\n|cant|p1a: Salamence|par\n|move|p2a: The Egg Man|Soft-Boiled|p2a: The Egg Man\n|-heal|p2a: The Egg Man|80\/100\n|\n|-start|p1a: Salamence|confusion|[fatigue]\n|upkeep\n|turn|36\n|inactive|Nightblood11111 has 150 seconds left.\n|\n|t:|1699645215\n|switch|p1a: Appletun|Appletun, F, tera:Steel|100\/100\n|move|p2a: The Egg Man|Seismic Toss|p1a: Appletun\n|-damage|p1a: Appletun|77\/100\n|\n|-heal|p1a: Appletun|83\/100|[from] item: Leftovers\n|upkeep\n|turn|37\n|\n|t:|1699645230\n|move|p2a: The Egg Man|Thunder Wave|p1a: Appletun\n|-status|p1a: Appletun|par\n|cant|p1a: Appletun|par\n|\n|-heal|p1a: Appletun|89\/100 par|[from] item: Leftovers\n|upkeep\n|turn|38\n|\n|t:|1699645239\n|switch|p2a: GottaGoFast|Iron Treads, shiny|88\/100 brn\n|move|p1a: Appletun|Leech Seed|p2a: GottaGoFast\n|-start|p2a: GottaGoFast|move: Leech Seed\n|\n|-heal|p1a: Appletun|95\/100 par|[from] item: Leftovers\n|-damage|p2a: GottaGoFast|75\/100 brn|[from] Leech Seed|[of] p1a: Appletun\n|-heal|p1a: Appletun|100\/100 par|[silent]\n|-damage|p2a: GottaGoFast|69\/100 brn|[from] brn\n|upkeep\n|turn|39\n|\n|t:|1699645252\n|switch|p1a: Salamence|Salamence, M|38\/100 par\n|move|p2a: GottaGoFast|Rapid Spin|p1a: Salamence\n|-damage|p1a: Salamence|29\/100 par\n|-boost|p2a: GottaGoFast|spe|1\n|-end|p2a: GottaGoFast|Leech Seed|[from] move: Rapid Spin|[of] p2a: GottaGoFast\n|\n|-damage|p2a: GottaGoFast|63\/100 brn|[from] brn\n|upkeep\n|turn|40\n|\n|t:|1699645268\n|move|p2a: GottaGoFast|Volt Switch|p1a: Salamence\n|-damage|p1a: Salamence|15\/100 par\n|\n|t:|1699645271\n|-end|p2a: GottaGoFast|Quark Drive|[silent]\n|switch|p2a: Corviknight|Corviknight, F, shiny|82\/100 brn|[from] Volt Switch\n|move|p1a: Salamence|Dragon Dance|p1a: Salamence\n|-boost|p1a: Salamence|atk|1\n|-boost|p1a: Salamence|spe|1\n|\n|-damage|p2a: Corviknight|76\/100 brn|[from] brn\n|upkeep\n|turn|41\n|\n|t:|1699645286\n|move|p1a: Salamence|Outrage|p2a: Corviknight\n|-resisted|p2a: Corviknight\n|-damage|p2a: Corviknight|38\/100 brn\n|-damage|p1a: Salamence|0 fnt|[from] item: Rocky Helmet|[of] p2a: Corviknight\n|faint|p1a: Salamence\n|move|p2a: Corviknight|Iron Head|p1: Salamence|[notarget]\n|-fail|p2a: Corviknight\n|\n|-damage|p2a: Corviknight|31\/100 brn|[from] brn\n|upkeep\n|inactive|Nightblood11111 has 150 seconds left.\n|\n|t:|1699645314\n|switch|p1a: Volcarona|Volcarona, M|100\/100\n|turn|42\n|inactive|Pyrope06 has 210 seconds left.\n|\n|t:|1699645324\n|move|p1a: Volcarona|Quiver Dance|p1a: Volcarona\n|-boost|p1a: Volcarona|spa|1\n|-boost|p1a: Volcarona|spd|1\n|-boost|p1a: Volcarona|spe|1\n|move|p2a: Corviknight|Roost|p2a: Corviknight\n|-heal|p2a: Corviknight|81\/100 brn\n|-singleturn|p2a: Corviknight|move: Roost\n|\n|-damage|p2a: Corviknight|75\/100 brn|[from] brn\n|upkeep\n|turn|43\n|inactive|Nightblood11111 has 150 seconds left.\n|inactive|Pyrope06 has 210 seconds left.\n|\n|t:|1699645338\n|switch|p2a: Flop Flop|Clodsire, M, shiny|69\/100 brn\n|move|p1a: Volcarona|Fiery Dance|p2a: Flop Flop\n|-damage|p2a: Flop Flop|22\/100 brn\n|\n|-heal|p2a: Flop Flop|29\/100 brn|[from] item: Black Sludge\n|-damage|p2a: Flop Flop|22\/100 brn|[from] brn\n|upkeep\n|turn|44\n|inactive|Nightblood11111 has 150 seconds left.\n|inactive|Pyrope06 has 210 seconds left.\n|\n|t:|1699645354\n|switch|p2a: The Egg Man|Blissey, F, shiny|80\/100\n|move|p1a: Volcarona|Fiery Dance|p2a: The Egg Man\n|-damage|p2a: The Egg Man|58\/100\n|\n|upkeep\n|turn|45\n|\n|t:|1699645363\n|move|p1a: Volcarona|Fiery Dance|p2a: The Egg Man\n|-crit|p2a: The Egg Man\n|-damage|p2a: The Egg Man|22\/100\n|move|p2a: The Egg Man|Thunder Wave|p1a: Volcarona\n|-status|p1a: Volcarona|par\n|\n|upkeep\n|turn|46\n|inactive|Pyrope06 has 210 seconds left.\n|\n|t:|1699645375\n|move|p1a: Volcarona|Quiver Dance|p1a: Volcarona\n|-boost|p1a: Volcarona|spa|1\n|-boost|p1a: Volcarona|spd|1\n|-boost|p1a: Volcarona|spe|1\n|move|p2a: The Egg Man|Soft-Boiled|p2a: The Egg Man\n|-heal|p2a: The Egg Man|72\/100\n|\n|upkeep\n|turn|47\n|inactive|Pyrope06 has 210 seconds left.\n|\n|t:|1699645382\n|cant|p1a: Volcarona|par\n|move|p2a: The Egg Man|Seismic Toss|p1a: Volcarona\n|-damage|p1a: Volcarona|68\/100 par\n|\n|upkeep\n|turn|48\n|\n|t:|1699645391\n|cant|p1a: Volcarona|par\n|move|p2a: The Egg Man|Seismic Toss|p1a: Volcarona\n|-damage|p1a: Volcarona|36\/100 par\n|\n|upkeep\n|turn|49\n|\n|t:|1699645397\n|move|p1a: Volcarona|Giga Drain|p2a: The Egg Man\n|-damage|p2a: The Egg Man|51\/100\n|-heal|p1a: Volcarona|58\/100 par|[from] drain|[of] p2a: The Egg Man\n|move|p2a: The Egg Man|Seismic Toss|p1a: Volcarona\n|-damage|p1a: Volcarona|26\/100 par\n|-status|p2a: The Egg Man|brn|[from] ability: Flame Body|[of] p1a: Volcarona\n|\n|-damage|p2a: The Egg Man|45\/100 brn|[from] brn\n|upkeep\n|turn|50\n|inactive|Nightblood11111 has 180 seconds left.\n|\n|t:|1699645408\n|cant|p1a: Volcarona|par\n|move|p2a: The Egg Man|Seismic Toss|p1a: Volcarona\n|-damage|p1a: Volcarona|0 fnt\n|faint|p1a: Volcarona\n|\n|-damage|p2a: The Egg Man|39\/100 brn|[from] brn\n|upkeep\n|c|\u2606Pyrope06|SIIIIIIIIIIIII\n|\n|t:|1699645418\n|switch|p1a: Appletun|Appletun, F, tera:Steel|100\/100 par\n|turn|51\n|c|\u2606Pyrope06|victoria moral\n|inactive|Nightblood11111 has 180 seconds left.\n|inactive|Pyrope06 has 240 seconds left.\n|c|\u2606Pyrope06|la del rng\n|\n|t:|1699645428\n|move|p2a: The Egg Man|Soft-Boiled|p2a: The Egg Man\n|-heal|p2a: The Egg Man|89\/100 brn\n|cant|p1a: Appletun|par\n|\n|-damage|p2a: The Egg Man|83\/100 brn|[from] brn\n|upkeep\n|turn|52\n|inactive|Nightblood11111 has 180 seconds left.\n|inactive|Pyrope06 has 240 seconds left.\n|\n|t:|1699645443\n|-curestatus|p2a: The Egg Man|brn|[from] ability: Natural Cure\n|switch|p2a: GottaGoFast|Iron Treads, shiny|63\/100 brn\n|move|p1a: Appletun|Apple Acid|p2a: GottaGoFast\n|-damage|p2a: GottaGoFast|43\/100 brn\n|-unboost|p2a: GottaGoFast|spd|1\n|\n|-damage|p2a: GottaGoFast|36\/100 brn|[from] brn\n|upkeep\n|turn|53\n|inactive|Pyrope06 has 240 seconds left.\n|inactive|Nightblood11111 has 180 seconds left.\n|\n|t:|1699645456\n|move|p2a: GottaGoFast|Earthquake|p1a: Appletun\n|-supereffective|p1a: Appletun\n|-damage|p1a: Appletun|70\/100 par\n|move|p1a: Appletun|Apple Acid|p2a: GottaGoFast\n|-damage|p2a: GottaGoFast|3\/100 brn\n|-unboost|p2a: GottaGoFast|spd|1\n|\n|-heal|p1a: Appletun|76\/100 par|[from] item: Leftovers\n|-damage|p2a: GottaGoFast|0 fnt|[from] brn\n|faint|p2a: GottaGoFast\n|-end|p2a: GottaGoFast|Quark Drive|[silent]\n|upkeep\n|inactive|Pyrope06 has 210 seconds left.\n|\n|t:|1699645498\n|switch|p2a: Flop Flop|Clodsire, M, shiny|22\/100 brn\n|turn|54\n|\n|t:|1699645502\n|move|p2a: Flop Flop|Recover|p2a: Flop Flop\n|-heal|p2a: Flop Flop|72\/100 brn\n|cant|p1a: Appletun|par\n|\n|-heal|p2a: Flop Flop|79\/100 brn|[from] item: Black Sludge\n|-heal|p1a: Appletun|82\/100 par|[from] item: Leftovers\n|-damage|p2a: Flop Flop|72\/100 brn|[from] brn\n|upkeep\n|turn|55\n|\n|t:|1699645512\n|move|p2a: Flop Flop|Earthquake|p1a: Appletun\n|-supereffective|p1a: Appletun\n|-damage|p1a: Appletun|58\/100 par\n|move|p1a: Appletun|Leech Seed|p2a: Flop Flop\n|-start|p2a: Flop Flop|move: Leech Seed\n|\n|-heal|p2a: Flop Flop|79\/100 brn|[from] item: Black Sludge\n|-heal|p1a: Appletun|64\/100 par|[from] item: Leftovers\n|-damage|p2a: Flop Flop|66\/100 brn|[from] Leech Seed|[of] p1a: Appletun\n|-heal|p1a: Appletun|76\/100 par|[silent]\n|-damage|p2a: Flop Flop|60\/100 brn|[from] brn\n|upkeep\n|turn|56\n|inactive|Pyrope06 has 210 seconds left.\n|\n|t:|1699645531\n|switch|p2a: The Egg Man|Blissey, F, shiny|83\/100\n|move|p1a: Appletun|Recover|p1a: Appletun\n|-heal|p1a: Appletun|100\/100 par\n|\n|upkeep\n|turn|57\n|inactive|Nightblood11111 has 180 seconds left.\n|\n|t:|1699645556\n|move|p2a: The Egg Man|Seismic Toss|p1a: Appletun\n|-damage|p1a: Appletun|77\/100 par\n|move|p1a: Appletun|Leech Seed|p2a: The Egg Man\n|-start|p2a: The Egg Man|move: Leech Seed\n|\n|-heal|p1a: Appletun|83\/100 par|[from] item: Leftovers\n|-damage|p2a: The Egg Man|70\/100|[from] Leech Seed|[of] p1a: Appletun\n|-heal|p1a: Appletun|100\/100 par|[silent]\n|upkeep\n|turn|58\n|inactive|Nightblood11111 has 180 seconds left.\n|\n|t:|1699645568\n|move|p2a: The Egg Man|Seismic Toss|p1a: Appletun\n|-damage|p1a: Appletun|77\/100 par\n|move|p1a: Appletun|Apple Acid|p2a: The Egg Man\n|-damage|p2a: The Egg Man|62\/100\n|-unboost|p2a: The Egg Man|spd|1\n|\n|-heal|p1a: Appletun|83\/100 par|[from] item: Leftovers\n|-damage|p2a: The Egg Man|49\/100|[from] Leech Seed|[of] p1a: Appletun\n|-heal|p1a: Appletun|100\/100 par|[silent]\n|upkeep\n|turn|59\n|inactive|Nightblood11111 has 180 seconds left.\n|inactive|Pyrope06 has 210 seconds left.\n|\n|t:|1699645589\n|move|p2a: The Egg Man|Soft-Boiled|p2a: The Egg Man\n|-heal|p2a: The Egg Man|99\/100\n|move|p1a: Appletun|Leech Seed||[still]\n|-fail|p1a: Appletun\n|\n|-damage|p2a: The Egg Man|87\/100|[from] Leech Seed|[of] p1a: Appletun\n|upkeep\n|turn|60\n|inactive|Nightblood11111 has 180 seconds left.\n|\n|t:|1699645599\n|switch|p2a: HeadCrab!|Toxapex, M, shiny|37\/100\n|cant|p1a: Appletun|par\n|\n|upkeep\n|turn|61\n|\n|t:|1699645605\n|move|p2a: HeadCrab!|Recover|p2a: HeadCrab!\n|-heal|p2a: HeadCrab!|87\/100\n|cant|p1a: Appletun|par\n|\n|upkeep\n|turn|62\n|inactive|Nightblood11111 has 180 seconds left.\n|\n|t:|1699645642\n|move|p2a: HeadCrab!|Toxic Spikes|p1a: Appletun\n|-sidestart|p1: Nightblood11111|move: Toxic Spikes\n|move|p1a: Appletun|Leech Seed|p2a: HeadCrab!\n|-start|p2a: HeadCrab!|move: Leech Seed\n|\n|-damage|p2a: HeadCrab!|74\/100|[from] Leech Seed|[of] p1a: Appletun\n|upkeep\n|turn|63\n|\n|t:|1699645653\n|move|p2a: HeadCrab!|Toxic Spikes|p1a: Appletun\n|-sidestart|p1: Nightblood11111|move: Toxic Spikes\n|cant|p1a: Appletun|par\n|\n|-damage|p2a: HeadCrab!|62\/100|[from] Leech Seed|[of] p1a: Appletun\n|upkeep\n|turn|64\n|\n|t:|1699645674\n|switch|p2a: The Egg Man|Blissey, F, shiny|87\/100\n|move|p1a: Appletun|Leech Seed|p2a: The Egg Man\n|-start|p2a: The Egg Man|move: Leech Seed\n|\n|-damage|p2a: The Egg Man|74\/100|[from] Leech Seed|[of] p1a: Appletun\n|upkeep\n|turn|65\n|\n|t:|1699645698\n|switch|p1a: Cyclizar|Cyclizar, F|55\/100\n|move|p2a: The Egg Man|Stealth Rock|p1a: Cyclizar\n|-sidestart|p1: Nightblood11111|move: Stealth Rock\n|\n|-damage|p2a: The Egg Man|62\/100|[from] Leech Seed|[of] p1a: Cyclizar\n|-heal|p1a: Cyclizar|78\/100|[silent]\n|upkeep\n|turn|66\n|\n|t:|1699645713\n|move|p1a: Cyclizar|Rapid Spin|p2a: The Egg Man\n|-damage|p2a: The Egg Man|46\/100\n|-boost|p1a: Cyclizar|spe|1\n|-sideend|p1: Nightblood11111|Toxic Spikes|[from] move: Rapid Spin|[of] p1a: Cyclizar\n|-sideend|p1: Nightblood11111|Stealth Rock|[from] move: Rapid Spin|[of] p1a: Cyclizar\n|move|p2a: The Egg Man|Thunder Wave|p1a: Cyclizar\n|-status|p1a: Cyclizar|par\n|\n|-damage|p2a: The Egg Man|33\/100|[from] Leech Seed|[of] p1a: Cyclizar\n|-heal|p1a: Cyclizar|100\/100 par|[silent]\n|upkeep\n|turn|67\n|inactive|Pyrope06 has 210 seconds left.\n|\n|t:|1699645744\n|switch|p2a: Corviknight|Corviknight, F, shiny|75\/100 brn\n|move|p1a: Cyclizar|Draco Meteor|p2a: Corviknight\n|-resisted|p2a: Corviknight\n|-damage|p2a: Corviknight|57\/100 brn\n|-unboost|p1a: Cyclizar|spa|2\n|\n|-damage|p2a: Corviknight|51\/100 brn|[from] brn\n|upkeep\n|turn|68\n|l|\u2606Nightblood11111\n|inactive|Nightblood11111 disconnected and has 300 seconds to reconnect!\n|player|p1|\n|inactive|Nightblood11111 has 270 seconds to reconnect!\n|inactive|Nightblood11111 has 240 seconds to reconnect!\n|inactive|Nightblood11111 has 210 seconds to reconnect!\n|inactive|Nightblood11111 has 180 seconds to reconnect!\n|inactive|Nightblood11111 has 150 seconds to reconnect!\n|inactive|Nightblood11111 has 120 seconds to reconnect!\n|inactive|Nightblood11111 has 90 seconds to reconnect!\n|inactive|Nightblood11111 has 60 seconds to reconnect!\n|inactive|Nightblood11111 has 30 seconds to reconnect!\n|inactive|Nightblood11111 has 20 seconds to reconnect!\n|inactive|Nightblood11111 has 15 seconds to reconnect!\n|inactive|Nightblood11111 has 10 seconds to reconnect!\n|inactive|Nightblood11111 has 5 seconds to reconnect!\n|-message|Nightblood11111 lost due to inactivity.\n|\n|win|Pyrope06\n","uploadtime":1699646055,"views":5,"p1id":"nightblood11111","p2id":"pyrope06","formatid":"gen9ubers","rating":0,"private":0,"password":""}