{"id":"gen9ubers-1969806037","p1":"Leo Justice","p2":"gianbesozio","format":"[Gen 9] Ubers","log":"|j|\u2606Leo Justice\n|j|\u2606gianbesozio\n|t:|1697566792\n|gametype|singles\n|player|p1|Leo Justice|carmine|\n|player|p2|gianbesozio|n|\n|teamsize|p1|6\n|teamsize|p2|6\n|gen|9\n|tier|[Gen 9] Ubers\n|rule|Sleep Clause Mod: Limit one foe put to sleep\n|rule|Species Clause: Limit one of each Pok\u00e9mon\n|rule|OHKO Clause: OHKO moves are banned\n|rule|Evasion Items Clause: Evasion items are banned\n|rule|Evasion Moves Clause: Evasion moves are banned\n|rule|Endless Battle Clause: Forcing endless battles is banned\n|rule|HP Percentage Mod: HP is shown in percentages\n|clearpoke\n|poke|p1|Sneasler, F|\n|poke|p1|Magearna|\n|poke|p1|Palafin, M|\n|poke|p1|Zacian-*|\n|poke|p1|Palkia-Origin|\n|poke|p1|Giratina|\n|poke|p2|Palkia-Origin|\n|poke|p2|Arceus-Fire|\n|poke|p2|Magearna|\n|poke|p2|Palafin, F|\n|poke|p2|Gliscor, M|\n|poke|p2|Giratina|\n|teampreview\n|\n|t:|1697566806\n|start\n|switch|p1a: Palafin|Palafin, M|100\/100\n|switch|p2a: Magearna|Magearna|100\/100\n|turn|1\n|\n|t:|1697566815\n|move|p1a: Palafin|Flip Turn|p2a: Magearna\n|-crit|p2a: Magearna\n|-damage|p2a: Magearna|59\/100\n|\n|t:|1697566820\n|detailschange|p1a: Palafin|Palafin-Hero, M\n|switch|p1a: Magearna|Magearna|100\/100|[from] Flip Turn\n|move|p2a: Magearna|Spikes|p1a: Magearna\n|-sidestart|p1: Leo Justice|Spikes\n|\n|-heal|p2a: Magearna|65\/100|[from] item: Leftovers\n|upkeep\n|turn|2\n|\n|t:|1697566829\n|switch|p2a: Gliscor|Gliscor, M|100\/100\n|move|p1a: Magearna|Thunder Wave|p2a: Gliscor\n|-immune|p2a: Gliscor\n|\n|-status|p2a: Gliscor|tox|[from] item: Toxic Orb\n|upkeep\n|turn|3\n|\n|t:|1697566843\n|switch|p1a: Giratina|Giratina|100\/100\n|-ability|p1a: Giratina|Pressure\n|move|p2a: Gliscor|Knock Off|p1a: Giratina\n|-supereffective|p1a: Giratina\n|-damage|p1a: Giratina|70\/100\n|-enditem|p1a: Giratina|Heavy-Duty Boots|[from] move: Knock Off|[of] p2a: Gliscor\n|\n|upkeep\n|turn|4\n|\n|t:|1697566857\n|move|p2a: Gliscor|U-turn|p1a: Giratina\n|-resisted|p1a: Giratina\n|-damage|p1a: Giratina|64\/100\n|\n|t:|1697566861\n|switch|p2a: Magearna|Magearna|65\/100|[from] U-turn\n|move|p1a: Giratina|Defog|p2a: Magearna\n|-unboost|p2a: Magearna|evasion|1\n|-sideend|p1: Leo Justice|Spikes|[from] move: Defog|[of] p1a: Giratina\n|\n|-heal|p2a: Magearna|71\/100|[from] item: Leftovers\n|upkeep\n|turn|5\n|\n|t:|1697566869\n|switch|p1a: Palafin|Palafin-Hero, M|100\/100\n|-activate|p1a: Palafin|ability: Zero to Hero\n|move|p2a: Magearna|Fleur Cannon|p1a: Palafin\n|-damage|p1a: Palafin|27\/100\n|-unboost|p2a: Magearna|spa|2\n|\n|-heal|p2a: Magearna|77\/100|[from] item: Leftovers\n|upkeep\n|turn|6\n|\n|t:|1697566881\n|switch|p2a: Giratina|Giratina|100\/100\n|-ability|p2a: Giratina|Pressure\n|move|p1a: Palafin|Flip Turn|p2a: Giratina\n|-resisted|p2a: Giratina\n|-damage|p2a: Giratina|83\/100\n|\n|t:|1697566899\n|switch|p1a: Palkia|Palkia-Origin|100\/100|[from] Flip Turn\n|-ability|p1a: Palkia|Pressure\n|\n|-heal|p2a: Giratina|89\/100|[from] item: Leftovers\n|upkeep\n|turn|7\n|\n|t:|1697566906\n|switch|p2a: Magearna|Magearna|77\/100\n|move|p1a: Palkia|Substitute|p1a: Palkia\n|-start|p1a: Palkia|Substitute\n|-damage|p1a: Palkia|76\/100\n|\n|-heal|p2a: Magearna|83\/100|[from] item: Leftovers\n|upkeep\n|turn|8\n|\n|t:|1697566913\n|move|p1a: Palkia|Earth Power|p2a: Magearna\n|-supereffective|p2a: Magearna\n|-damage|p2a: Magearna|31\/100\n|move|p2a: Magearna|Fleur Cannon|p1a: Palkia|[miss]\n|-miss|p2a: Magearna|p1a: Palkia\n|\n|-heal|p2a: Magearna|37\/100|[from] item: Leftovers\n|upkeep\n|turn|9\n|\n|t:|1697566923\n|switch|p2a: Gliscor|Gliscor, M|100\/100 tox\n|move|p1a: Palkia|Earth Power|p2a: Gliscor\n|-immune|p2a: Gliscor\n|\n|upkeep\n|turn|10\n|\n|t:|1697566929\n|switch|p2a: Palafin|Palafin, F|100\/100\n|move|p1a: Palkia|Hydro Pump|p2a: Palafin\n|-resisted|p2a: Palafin\n|-damage|p2a: Palafin|50\/100\n|\n|-heal|p2a: Palafin|57\/100|[from] item: Leftovers\n|upkeep\n|turn|11\n|\n|t:|1697566940\n|detailschange|p2a: Palafin|Palafin-Hero, F\n|switch|p2a: Magearna|Magearna|37\/100\n|move|p1a: Palkia|Spacial Rend|p2a: Magearna\n|-immune|p2a: Magearna\n|\n|-heal|p2a: Magearna|43\/100|[from] item: Leftovers\n|upkeep\n|turn|12\n|\n|t:|1697566954\n|switch|p2a: Gliscor|Gliscor, M|100\/100 tox\n|move|p1a: Palkia|Hydro Pump|p2a: Gliscor\n|-supereffective|p2a: Gliscor\n|-damage|p2a: Gliscor|0 fnt\n|faint|p2a: Gliscor\n|\n|upkeep\n|\n|t:|1697566962\n|switch|p2a: Palkia|Palkia-Origin|100\/100\n|-ability|p2a: Palkia|Pressure\n|turn|13\n|\n|t:|1697566967\n|move|p1a: Palkia|Spacial Rend|p2a: Palkia\n|-supereffective|p2a: Palkia\n|-damage|p2a: Palkia|0 fnt\n|faint|p2a: Palkia\n|\n|upkeep\n|\n|t:|1697566974\n|switch|p2a: Giratina|Giratina|89\/100\n|-ability|p2a: Giratina|Pressure\n|turn|14\n|\n|t:|1697566978\n|move|p1a: Palkia|Spacial Rend|p2a: Giratina|[miss]\n|-miss|p1a: Palkia|p2a: Giratina\n|move|p2a: Giratina|Draco Meteor|p1a: Palkia\n|-supereffective|p1a: Palkia\n|-end|p1a: Palkia|Substitute\n|-unboost|p2a: Giratina|spa|2\n|\n|-heal|p2a: Giratina|95\/100|[from] item: Leftovers\n|upkeep\n|turn|15\n|\n|t:|1697566986\n|move|p1a: Palkia|Substitute|p1a: Palkia\n|-start|p1a: Palkia|Substitute\n|-damage|p1a: Palkia|51\/100\n|move|p2a: Giratina|Draco Meteor|p1a: Palkia\n|-supereffective|p1a: Palkia\n|-end|p1a: Palkia|Substitute\n|-unboost|p2a: Giratina|spa|2\n|\n|-heal|p2a: Giratina|100\/100|[from] item: Leftovers\n|upkeep\n|turn|16\n|\n|t:|1697566996\n|switch|p1a: Magearna|Magearna|100\/100\n|switch|p2a: Magearna|Magearna|43\/100\n|\n|-heal|p2a: Magearna|49\/100|[from] item: Leftovers\n|upkeep\n|turn|17\n|\n|t:|1697567005\n|move|p2a: Magearna|Volt Switch|p1a: Magearna\n|-damage|p1a: Magearna|77\/100\n|\n|t:|1697567008\n|switch|p2a: Palafin|Palafin-Hero, F|57\/100|[from] Volt Switch\n|-activate|p2a: Palafin|ability: Zero to Hero\n|move|p1a: Magearna|Thunder Wave|p2a: Palafin\n|-status|p2a: Palafin|par\n|\n|-heal|p1a: Magearna|83\/100|[from] item: Leftovers\n|-heal|p2a: Palafin|63\/100 par|[from] item: Leftovers\n|upkeep\n|turn|18\n|\n|t:|1697567019\n|move|p1a: Magearna|Volt Switch|p2a: Palafin\n|-supereffective|p2a: Palafin\n|-damage|p2a: Palafin|25\/100 par\n|\n|t:|1697567024\n|switch|p1a: Giratina|Giratina|64\/100|[from] Volt Switch\n|-ability|p1a: Giratina|Pressure\n|move|p2a: Palafin|Bulk Up|p2a: Palafin\n|-boost|p2a: Palafin|atk|1\n|-boost|p2a: Palafin|def|1\n|\n|-heal|p2a: Palafin|31\/100 par|[from] item: Leftovers\n|upkeep\n|turn|19\n|\n|t:|1697567033\n|move|p1a: Giratina|Shadow Ball|p2a: Palafin\n|-damage|p2a: Palafin|5\/100 par\n|move|p2a: Palafin|Flip Turn|p1a: Giratina\n|-resisted|p1a: Giratina\n|-damage|p1a: Giratina|46\/100\n|\n|t:|1697567041\n|switch|p2a: Magearna|Magearna|49\/100|[from] Flip Turn\n|\n|-heal|p2a: Magearna|55\/100|[from] item: Leftovers\n|upkeep\n|turn|20\n|\n|t:|1697567048\n|switch|p1a: Magearna|Magearna|83\/100\n|move|p2a: Magearna|Fleur Cannon|p1a: Magearna\n|-resisted|p1a: Magearna\n|-damage|p1a: Magearna|51\/100\n|-unboost|p2a: Magearna|spa|2\n|\n|-heal|p2a: Magearna|61\/100|[from] item: Leftovers\n|-heal|p1a: Magearna|57\/100|[from] item: Leftovers\n|upkeep\n|turn|21\n|\n|t:|1697567057\n|move|p2a: Magearna|Volt Switch|p1a: Magearna\n|-damage|p1a: Magearna|45\/100\n|\n|t:|1697567061\n|switch|p2a: Arceus|Arceus-Fire|100\/100|[from] Volt Switch\n|move|p1a: Magearna|Spikes|p2a: Arceus\n|-sidestart|p2: gianbesozio|Spikes\n|\n|-heal|p1a: Magearna|51\/100|[from] item: Leftovers\n|upkeep\n|turn|22\n|\n|t:|1697567068\n|move|p2a: Arceus|Judgment|p1a: Magearna\n|-supereffective|p1a: Magearna\n|-damage|p1a: Magearna|0 fnt\n|faint|p1a: Magearna\n|\n|upkeep\n|\n|t:|1697567078\n|switch|p1a: Palafin|Palafin-Hero, M|27\/100\n|turn|23\n|\n|t:|1697567084\n|switch|p2a: Giratina|Giratina|100\/100\n|-damage|p2a: Giratina|88\/100|[from] Spikes\n|-ability|p2a: Giratina|Pressure\n|move|p1a: Palafin|Jet Punch|p2a: Giratina\n|-resisted|p2a: Giratina\n|-damage|p2a: Giratina|72\/100\n|\n|-heal|p2a: Giratina|78\/100|[from] item: Leftovers\n|upkeep\n|turn|24\n|\n|t:|1697567095\n|switch|p1a: Zacian|Zacian|100\/100\n|-ability|p1a: Zacian|Intrepid Sword|boost\n|-boost|p1a: Zacian|atk|1\n|move|p2a: Giratina|Will-O-Wisp|p1a: Zacian\n|-status|p1a: Zacian|brn\n|\n|-heal|p2a: Giratina|84\/100|[from] item: Leftovers\n|-damage|p1a: Zacian|94\/100 brn|[from] brn\n|upkeep\n|turn|25\n|\n|t:|1697567106\n|switch|p2a: Magearna|Magearna|61\/100\n|-damage|p2a: Magearna|49\/100|[from] Spikes\n|move|p1a: Zacian|Play Rough|p2a: Magearna\n|-resisted|p2a: Magearna\n|-damage|p2a: Magearna|26\/100\n|\n|-heal|p2a: Magearna|32\/100|[from] item: Leftovers\n|-damage|p1a: Zacian|88\/100 brn|[from] brn\n|upkeep\n|turn|26\n|\n|t:|1697567116\n|move|p1a: Zacian|Play Rough|p2a: Magearna\n|-resisted|p2a: Magearna\n|-damage|p2a: Magearna|13\/100\n|move|p2a: Magearna|Volt Switch|p1a: Zacian\n|-damage|p1a: Zacian|61\/100 brn\n|\n|t:|1697567124\n|switch|p2a: Arceus|Arceus-Fire|100\/100|[from] Volt Switch\n|-damage|p2a: Arceus|88\/100|[from] Spikes\n|\n|-damage|p1a: Zacian|55\/100 brn|[from] brn\n|upkeep\n|turn|27\n|\n|t:|1697567131\n|switch|p1a: Palkia|Palkia-Origin|51\/100\n|-ability|p1a: Palkia|Pressure\n|move|p2a: Arceus|Calm Mind|p2a: Arceus\n|-boost|p2a: Arceus|spa|1\n|-boost|p2a: Arceus|spd|1\n|\n|upkeep\n|turn|28\n|\n|t:|1697567138\n|move|p1a: Palkia|Hydro Pump|p2a: Arceus\n|-supereffective|p2a: Arceus\n|-damage|p2a: Arceus|27\/100\n|move|p2a: Arceus|Dragon Pulse|p1a: Palkia\n|-supereffective|p1a: Palkia\n|-damage|p1a: Palkia|0 fnt\n|faint|p1a: Palkia\n|\n|upkeep\n|\n|t:|1697567144\n|switch|p1a: Palafin|Palafin-Hero, M|27\/100\n|turn|29\n|\n|t:|1697567151\n|switch|p2a: Giratina|Giratina|84\/100\n|-damage|p2a: Giratina|72\/100|[from] Spikes\n|-ability|p2a: Giratina|Pressure\n|move|p1a: Palafin|Jet Punch|p2a: Giratina\n|-resisted|p2a: Giratina\n|-damage|p2a: Giratina|53\/100\n|\n|-heal|p2a: Giratina|59\/100|[from] item: Leftovers\n|upkeep\n|turn|30\n|\n|t:|1697567160\n|switch|p1a: Zacian|Zacian|55\/100 brn\n|move|p2a: Giratina|Hex|p1a: Zacian\n|-damage|p1a: Zacian|15\/100 brn\n|\n|-heal|p2a: Giratina|65\/100|[from] item: Leftovers\n|-damage|p1a: Zacian|9\/100 brn|[from] brn\n|upkeep\n|turn|31\n|\n|t:|1697567172\n|move|p1a: Zacian|Play Rough|p2a: Giratina\n|-supereffective|p2a: Giratina\n|-damage|p2a: Giratina|30\/100\n|move|p2a: Giratina|Defog|p1a: Zacian\n|-unboost|p1a: Zacian|evasion|1\n|-sideend|p2: gianbesozio|Spikes|[from] move: Defog|[of] p2a: Giratina\n|\n|-heal|p2a: Giratina|36\/100|[from] item: Leftovers\n|-damage|p1a: Zacian|3\/100 brn|[from] brn\n|upkeep\n|turn|32\n|\n|t:|1697567181\n|switch|p2a: Magearna|Magearna|13\/100\n|move|p1a: Zacian|Play Rough|p2a: Magearna\n|-resisted|p2a: Magearna\n|-damage|p2a: Magearna|0 fnt\n|faint|p2a: Magearna\n|\n|-damage|p1a: Zacian|0 fnt|[from] brn\n|faint|p1a: Zacian\n|upkeep\n|\n|t:|1697567196\n|switch|p1a: Sneasler|Sneasler, F|100\/100\n|switch|p2a: Giratina|Giratina|36\/100\n|-ability|p2a: Giratina|Pressure\n|turn|33\n|\n|t:|1697567204\n|-terastallize|p1a: Sneasler|Dark\n|move|p1a: Sneasler|Lash Out|p2a: Giratina\n|-supereffective|p2a: Giratina\n|-damage|p2a: Giratina|0 fnt\n|faint|p2a: Giratina\n|\n|upkeep\n|\n|t:|1697567213\n|switch|p2a: Palafin|Palafin-Hero, F|5\/100 par\n|turn|34\n|\n|t:|1697567216\n|switch|p1a: Giratina|Giratina|46\/100\n|-ability|p1a: Giratina|Pressure\n|move|p2a: Palafin|Jet Punch|p1a: Giratina\n|-resisted|p1a: Giratina\n|-damage|p1a: Giratina|34\/100\n|\n|-heal|p2a: Palafin|11\/100 par|[from] item: Leftovers\n|upkeep\n|turn|35\n|\n|t:|1697567225\n|move|p2a: Palafin|Jet Punch|p1a: Giratina\n|-resisted|p1a: Giratina\n|-damage|p1a: Giratina|22\/100\n|move|p1a: Giratina|Shadow Ball|p2a: Palafin\n|-damage|p2a: Palafin|0 fnt\n|faint|p2a: Palafin\n|\n|upkeep\n|\n|t:|1697567231\n|switch|p2a: Arceus|Arceus-Fire|27\/100\n|turn|36\n|\n|t:|1697567237\n|move|p2a: Arceus|Dragon Pulse|p1a: Giratina\n|-supereffective|p1a: Giratina\n|-damage|p1a: Giratina|0 fnt\n|faint|p1a: Giratina\n|\n|upkeep\n|\n|t:|1697567241\n|switch|p1a: Palafin|Palafin-Hero, M|27\/100\n|turn|37\n|\n|t:|1697567244\n|move|p1a: Palafin|Jet Punch|p2a: Arceus\n|-supereffective|p2a: Arceus\n|-damage|p2a: Arceus|0 fnt\n|faint|p2a: Arceus\n|\n|win|Leo Justice\n","uploadtime":1697567252,"views":18,"p1id":"leojustice","p2id":"gianbesozio","formatid":"gen9ubers","rating":0,"private":0,"password":""}