{"id":"gen9ubers-1968349706","p1":"tekken_is_life","p2":"TheBallsmaSpace","format":"[Gen 9] Ubers","log":"|j|\u2606tekken_is_life\n|j|\u2606TheBallsmaSpace\n|t:|1697408859\n|gametype|singles\n|player|p1|tekken_is_life|101|1438\n|player|p2|TheBallsmaSpace|169|1350\n|teamsize|p1|6\n|teamsize|p2|6\n|gen|9\n|tier|[Gen 9] Ubers\n|rated|\n|rule|Sleep Clause Mod: Limit one foe put to sleep\n|rule|Species Clause: Limit one of each Pok\u00e9mon\n|rule|OHKO Clause: OHKO moves are banned\n|rule|Evasion Items Clause: Evasion items are banned\n|rule|Evasion Moves Clause: Evasion moves are banned\n|rule|Endless Battle Clause: Forcing endless battles is banned\n|rule|HP Percentage Mod: HP is shown in percentages\n|clearpoke\n|poke|p1|Koraidon|\n|poke|p1|Grimmsnarl, M|\n|poke|p1|Dialga|\n|poke|p1|Clodsire, M|\n|poke|p1|Kyogre|\n|poke|p1|Arceus-Psychic|\n|poke|p2|Basculegion, M|\n|poke|p2|Miraidon|\n|poke|p2|Dondozo, F|\n|poke|p2|Koraidon|\n|poke|p2|Zacian-*|\n|poke|p2|Arceus-Poison|\n|teampreview\n|inactive|Battle timer is ON: inactive players will automatically lose when time's up. (requested by tekken_is_life)\n|\n|t:|1697408898\n|start\n|switch|p1a: Dialga|Dialga|100\/100\n|switch|p2a: Basculegion|Basculegion, M|100\/100\n|-ability|p1a: Dialga|Pressure\n|turn|1\n|\n|t:|1697408910\n|move|p1a: Dialga|Draco Meteor|p2a: Basculegion\n|-damage|p2a: Basculegion|19\/100\n|-unboost|p1a: Dialga|spa|2\n|move|p2a: Basculegion|Flip Turn|p1a: Dialga\n|-resisted|p1a: Dialga\n|-damage|p1a: Dialga|84\/100\n|\n|t:|1697408922\n|switch|p2a: Arceus|Arceus-Poison|100\/100|[from] Flip Turn\n|\n|upkeep\n|turn|2\n|\n|t:|1697408930\n|switch|p1a: Clodsire|Clodsire, M|100\/100\n|move|p2a: Arceus|Dragon Dance|p2a: Arceus\n|-boost|p2a: Arceus|atk|1\n|-boost|p2a: Arceus|spe|1\n|\n|upkeep\n|turn|3\n|\n|t:|1697408934\n|move|p2a: Arceus|Liquidation|p1a: Clodsire\n|-supereffective|p1a: Clodsire\n|-damage|p1a: Clodsire|38\/100\n|-unboost|p1a: Clodsire|def|1\n|move|p1a: Clodsire|Earthquake|p2a: Arceus\n|-supereffective|p2a: Arceus\n|-damage|p2a: Arceus|60\/100\n|\n|upkeep\n|turn|4\n|j| Kiga_Impact\n|\n|t:|1697408949\n|switch|p1a: Koraidon|Koraidon|100\/100\n|-weather|SunnyDay|[from] ability: Orichalcum Pulse|[of] p1a: Koraidon\n|-activate|p1a: Koraidon|Orichalcum Pulse|[source]\n|move|p2a: Arceus|Liquidation|p1a: Koraidon\n|-resisted|p1a: Koraidon\n|-damage|p1a: Koraidon|93\/100\n|-unboost|p1a: Koraidon|def|1\n|\n|-weather|SunnyDay|[upkeep]\n|upkeep\n|turn|5\n|\n|t:|1697408960\n|move|p2a: Arceus|Recover|p2a: Arceus\n|-heal|p2a: Arceus|100\/100\n|move|p1a: Koraidon|Scale Shot|p2a: Arceus\n|-damage|p2a: Arceus|84\/100\n|-damage|p2a: Arceus|67\/100\n|-damage|p2a: Arceus|52\/100\n|-damage|p2a: Arceus|38\/100\n|-hitcount|p2a: Arceus|4\n|-unboost|p1a: Koraidon|def|1\n|-boost|p1a: Koraidon|spe|1\n|\n|-weather|SunnyDay|[upkeep]\n|upkeep\n|turn|6\n|\n|t:|1697408970\n|switch|p2a: Dondozo|Dondozo, F|100\/100\n|move|p1a: Koraidon|Swords Dance|p1a: Koraidon\n|-boost|p1a: Koraidon|atk|2\n|\n|-weather|SunnyDay|[upkeep]\n|upkeep\n|turn|7\n|\n|t:|1697408975\n|move|p1a: Koraidon|Scale Shot|p2a: Dondozo|[miss]\n|-miss|p1a: Koraidon|p2a: Dondozo\n|move|p2a: Dondozo|Curse|p2a: Dondozo\n|-unboost|p2a: Dondozo|spe|1\n|-boost|p2a: Dondozo|atk|1\n|-boost|p2a: Dondozo|def|1\n|\n|-weather|SunnyDay|[upkeep]\n|upkeep\n|turn|8\n|\n|t:|1697408990\n|switch|p1a: Dialga|Dialga|84\/100\n|-ability|p1a: Dialga|Pressure\n|move|p2a: Dondozo|Body Slam|p1a: Dialga\n|-resisted|p1a: Dialga\n|-damage|p1a: Dialga|71\/100\n|-status|p1a: Dialga|par\n|\n|-weather|none\n|upkeep\n|turn|9\n|\n|t:|1697409017\n|move|p1a: Dialga|Fire Blast|p2a: Dondozo\n|-resisted|p2a: Dondozo\n|-damage|p2a: Dondozo|88\/100\n|move|p2a: Dondozo|Curse|p2a: Dondozo\n|-unboost|p2a: Dondozo|spe|1\n|-boost|p2a: Dondozo|atk|1\n|-boost|p2a: Dondozo|def|1\n|\n|-heal|p2a: Dondozo|94\/100|[from] item: Leftovers\n|upkeep\n|turn|10\n|\n|t:|1697409025\n|switch|p1a: Arceus|Arceus-Psychic|100\/100\n|move|p2a: Dondozo|Curse|p2a: Dondozo\n|-unboost|p2a: Dondozo|spe|1\n|-boost|p2a: Dondozo|atk|1\n|-boost|p2a: Dondozo|def|1\n|\n|-heal|p2a: Dondozo|99\/100|[from] item: Leftovers\n|upkeep\n|turn|11\n|\n|t:|1697409030\n|switch|p1a: Dialga|Dialga|71\/100 par\n|-ability|p1a: Dialga|Pressure\n|move|p2a: Dondozo|Body Slam|p1a: Dialga\n|-resisted|p1a: Dialga\n|-damage|p1a: Dialga|51\/100 par\n|\n|-heal|p2a: Dondozo|100\/100|[from] item: Leftovers\n|upkeep\n|turn|12\n|\n|t:|1697409035\n|move|p1a: Dialga|Draco Meteor|p2a: Dondozo\n|-damage|p2a: Dondozo|49\/100\n|-unboost|p1a: Dialga|spa|2\n|move|p2a: Dondozo|Waterfall|p1a: Dialga\n|-resisted|p1a: Dialga\n|-damage|p1a: Dialga|24\/100 par\n|\n|-heal|p2a: Dondozo|55\/100|[from] item: Leftovers\n|upkeep\n|turn|13\n|\n|t:|1697409045\n|move|p1a: Dialga|Draco Meteor|p2a: Dondozo\n|-damage|p2a: Dondozo|7\/100\n|-unboost|p1a: Dialga|spa|2\n|move|p2a: Dondozo|Waterfall|p1a: Dialga\n|-resisted|p1a: Dialga\n|-damage|p1a: Dialga|0 fnt\n|faint|p1a: Dialga\n|\n|-heal|p2a: Dondozo|14\/100|[from] item: Leftovers\n|upkeep\n|\n|t:|1697409051\n|switch|p1a: Kyogre|Kyogre|100\/100\n|-weather|RainDance|[from] ability: Drizzle|[of] p1a: Kyogre\n|turn|14\n|\n|t:|1697409057\n|move|p1a: Kyogre|Origin Pulse|p2a: Dondozo\n|-resisted|p2a: Dondozo\n|-damage|p2a: Dondozo|0 fnt\n|faint|p2a: Dondozo\n|\n|-weather|RainDance|[upkeep]\n|upkeep\n|\n|t:|1697409077\n|switch|p2a: Koraidon|Koraidon|100\/100\n|-weather|SunnyDay|[from] ability: Orichalcum Pulse|[of] p2a: Koraidon\n|-activate|p2a: Koraidon|Orichalcum Pulse|[source]\n|turn|15\n|\n|t:|1697409082\n|switch|p1a: Grimmsnarl|Grimmsnarl, M|100\/100\n|move|p2a: Koraidon|Scale Shot|p1a: Grimmsnarl\n|-immune|p1a: Grimmsnarl\n|\n|-weather|SunnyDay|[upkeep]\n|upkeep\n|turn|16\n|\n|t:|1697409106\n|-terastallize|p2a: Koraidon|Fire\n|move|p1a: Grimmsnarl|Reflect|p1a: Grimmsnarl\n|-sidestart|p1: tekken_is_life|Reflect\n|move|p2a: Koraidon|Bulk Up|p2a: Koraidon\n|-boost|p2a: Koraidon|atk|1\n|-boost|p2a: Koraidon|def|1\n|\n|-weather|SunnyDay|[upkeep]\n|upkeep\n|turn|17\n|\n|t:|1697409112\n|move|p1a: Grimmsnarl|Taunt|p2a: Koraidon\n|-start|p2a: Koraidon|move: Taunt\n|cant|p2a: Koraidon|move: Taunt|Bulk Up\n|\n|-weather|SunnyDay|[upkeep]\n|upkeep\n|turn|18\n|\n|t:|1697409118\n|switch|p1a: Kyogre|Kyogre|100\/100\n|-weather|RainDance|[from] ability: Drizzle|[of] p1a: Kyogre\n|move|p2a: Koraidon|Collision Course|p1a: Kyogre\n|-damage|p1a: Kyogre|75\/100\n|\n|-weather|RainDance|[upkeep]\n|-heal|p1a: Kyogre|81\/100|[from] item: Leftovers\n|upkeep\n|turn|19\n|\n|t:|1697409134\n|switch|p2a: Miraidon|Miraidon|100\/100\n|-fieldstart|move: Electric Terrain|[from] ability: Hadron Engine|[of] p2a: Miraidon\n|-enditem|p2a: Miraidon|Electric Seed\n|-boost|p2a: Miraidon|def|1|[from] item: Electric Seed\n|move|p1a: Kyogre|Origin Pulse|p2a: Miraidon\n|-resisted|p2a: Miraidon\n|-damage|p2a: Miraidon|65\/100\n|\n|-weather|RainDance|[upkeep]\n|-heal|p1a: Kyogre|88\/100|[from] item: Leftovers\n|upkeep\n|turn|20\n|\n|t:|1697409146\n|switch|p1a: Grimmsnarl|Grimmsnarl, M|100\/100\n|move|p2a: Miraidon|Dazzling Gleam|p1a: Grimmsnarl\n|-supereffective|p1a: Grimmsnarl\n|-damage|p1a: Grimmsnarl|18\/100\n|\n|-weather|RainDance|[upkeep]\n|upkeep\n|turn|21\n|\n|t:|1697409149\n|move|p1a: Grimmsnarl|Light Screen|p1a: Grimmsnarl\n|-sidestart|p1: tekken_is_life|move: Light Screen\n|move|p2a: Miraidon|Parabolic Charge|p1a: Grimmsnarl\n|-damage|p1a: Grimmsnarl|0 fnt\n|-heal|p2a: Miraidon|75\/100|[from] drain|[of] p1a: Grimmsnarl\n|faint|p1a: Grimmsnarl\n|\n|-weather|RainDance|[upkeep]\n|upkeep\n|\n|t:|1697409155\n|switch|p1a: Clodsire|Clodsire, M|38\/100\n|turn|22\n|\n|t:|1697409157\n|switch|p2a: Arceus|Arceus-Poison|38\/100\n|move|p1a: Clodsire|Recover|p1a: Clodsire\n|-heal|p1a: Clodsire|88\/100\n|\n|-weather|none\n|upkeep\n|turn|23\n|\n|t:|1697409166\n|switch|p1a: Koraidon|Koraidon|93\/100\n|-weather|SunnyDay|[from] ability: Orichalcum Pulse|[of] p1a: Koraidon\n|-activate|p1a: Koraidon|Orichalcum Pulse|[source]\n|move|p2a: Arceus|Recover|p2a: Arceus\n|-heal|p2a: Arceus|88\/100\n|\n|-weather|SunnyDay|[upkeep]\n|-sideend|p1: tekken_is_life|Reflect\n|-fieldend|move: Electric Terrain\n|upkeep\n|turn|24\n|\n|t:|1697409173\n|move|p2a: Arceus|Poison Jab|p1a: Koraidon\n|-damage|p1a: Koraidon|58\/100\n|move|p1a: Koraidon|Swords Dance|p1a: Koraidon\n|-boost|p1a: Koraidon|atk|2\n|\n|-weather|SunnyDay|[upkeep]\n|upkeep\n|turn|25\n|\n|t:|1697409179\n|move|p2a: Arceus|Poison Jab|p1a: Koraidon\n|-damage|p1a: Koraidon|20\/100\n|move|p1a: Koraidon|Scale Shot|p2a: Arceus\n|-damage|p2a: Arceus|60\/100\n|-damage|p2a: Arceus|29\/100\n|-damage|p2a: Arceus|1\/100\n|-damage|p2a: Arceus|0 fnt\n|faint|p2a: Arceus\n|-hitcount|p2: Arceus|4\n|-unboost|p1a: Koraidon|def|1\n|-boost|p1a: Koraidon|spe|1\n|\n|-weather|SunnyDay|[upkeep]\n|upkeep\n|\n|t:|1697409199\n|switch|p2a: Koraidon|Koraidon, tera:Fire|100\/100\n|-activate|p2a: Koraidon|ability: Orichalcum Pulse\n|turn|26\n|\n|t:|1697409204\n|move|p1a: Koraidon|Scale Shot|p2a: Koraidon|[miss]\n|-miss|p1a: Koraidon|p2a: Koraidon\n|move|p2a: Koraidon|Scale Shot|p1a: Koraidon\n|-supereffective|p1a: Koraidon\n|-damage|p1a: Koraidon|0 fnt\n|faint|p1a: Koraidon\n|-hitcount|p1: Koraidon|1\n|-unboost|p2a: Koraidon|def|1\n|-boost|p2a: Koraidon|spe|1\n|\n|-weather|SunnyDay|[upkeep]\n|upkeep\n|\n|t:|1697409209\n|switch|p1a: Kyogre|Kyogre|88\/100\n|-weather|RainDance|[from] ability: Drizzle|[of] p1a: Kyogre\n|turn|27\n|\n|t:|1697409222\n|switch|p2a: Miraidon|Miraidon|75\/100\n|-fieldstart|move: Electric Terrain|[from] ability: Hadron Engine|[of] p2a: Miraidon\n|move|p1a: Kyogre|Origin Pulse|p2a: Miraidon\n|-resisted|p2a: Miraidon\n|-damage|p2a: Miraidon|39\/100\n|\n|-weather|RainDance|[upkeep]\n|-heal|p1a: Kyogre|94\/100|[from] item: Leftovers\n|upkeep\n|turn|28\n|\n|t:|1697409226\n|switch|p2a: Koraidon|Koraidon, tera:Fire|100\/100\n|-weather|SunnyDay|[from] ability: Orichalcum Pulse|[of] p2a: Koraidon\n|-activate|p2a: Koraidon|Orichalcum Pulse|[source]\n|switch|p1a: Clodsire|Clodsire, M|88\/100\n|\n|-weather|SunnyDay|[upkeep]\n|-sideend|p1: tekken_is_life|move: Light Screen\n|upkeep\n|turn|29\n|\n|t:|1697409244\n|move|p2a: Koraidon|Flare Blitz|p1a: Clodsire\n|-damage|p1a: Clodsire|0 fnt\n|faint|p1a: Clodsire\n|-damage|p2a: Koraidon|61\/100|[from] Recoil\n|\n|-weather|SunnyDay|[upkeep]\n|-heal|p2a: Koraidon|68\/100|[from] item: Leftovers\n|upkeep\n|\n|t:|1697409246\n|switch|p1a: Kyogre|Kyogre|94\/100\n|-weather|RainDance|[from] ability: Drizzle|[of] p1a: Kyogre\n|turn|30\n|\n|t:|1697409253\n|switch|p2a: Miraidon|Miraidon|39\/100\n|-activate|p2a: Miraidon|ability: Hadron Engine\n|move|p1a: Kyogre|Ice Beam|p2a: Miraidon\n|-supereffective|p2a: Miraidon\n|-damage|p2a: Miraidon|0 fnt\n|faint|p2a: Miraidon\n|\n|-weather|RainDance|[upkeep]\n|-heal|p1a: Kyogre|99\/100|[from] item: Leftovers\n|upkeep\n|\n|t:|1697409255\n|switch|p2a: Koraidon|Koraidon, tera:Fire|68\/100\n|-weather|SunnyDay|[from] ability: Orichalcum Pulse|[of] p2a: Koraidon\n|-activate|p2a: Koraidon|Orichalcum Pulse|[source]\n|turn|31\n|\n|t:|1697409273\n|move|p2a: Koraidon|Scale Shot|p1a: Kyogre\n|-damage|p1a: Kyogre|87\/100\n|-damage|p1a: Kyogre|76\/100\n|-damage|p1a: Kyogre|64\/100\n|-damage|p1a: Kyogre|52\/100\n|-damage|p1a: Kyogre|39\/100\n|-hitcount|p1a: Kyogre|5\n|-unboost|p2a: Koraidon|def|1\n|-boost|p2a: Koraidon|spe|1\n|move|p1a: Kyogre|Origin Pulse|p2a: Koraidon\n|-supereffective|p2a: Koraidon\n|-damage|p2a: Koraidon|15\/100\n|\n|-weather|SunnyDay|[upkeep]\n|-heal|p2a: Koraidon|21\/100|[from] item: Leftovers\n|-heal|p1a: Kyogre|45\/100|[from] item: Leftovers\n|-fieldend|move: Electric Terrain\n|upkeep\n|turn|32\n|\n|t:|1697409282\n|move|p2a: Koraidon|Collision Course|p1a: Kyogre\n|-damage|p1a: Kyogre|2\/100\n|move|p1a: Kyogre|Origin Pulse|p2a: Koraidon\n|-supereffective|p2a: Koraidon\n|-damage|p2a: Koraidon|0 fnt\n|faint|p2a: Koraidon\n|\n|-weather|SunnyDay|[upkeep]\n|-heal|p1a: Kyogre|8\/100|[from] item: Leftovers\n|upkeep\n|\n|t:|1697409291\n|switch|p2a: Zacian|Zacian-Crowned|100\/100\n|-ability|p2a: Zacian|Intrepid Sword|boost\n|-boost|p2a: Zacian|atk|1\n|turn|33\n|\n|t:|1697409315\n|move|p2a: Zacian|Behemoth Blade|p1a: Kyogre\n|-resisted|p1a: Kyogre\n|-damage|p1a: Kyogre|0 fnt\n|faint|p1a: Kyogre\n|\n|-weather|SunnyDay|[upkeep]\n|upkeep\n|\n|t:|1697409317\n|switch|p1a: Arceus|Arceus-Psychic|100\/100\n|turn|34\n|\n|t:|1697409322\n|move|p2a: Zacian|Behemoth Blade|p1a: Arceus\n|-damage|p1a: Arceus|50\/100\n|move|p1a: Arceus|Cosmic Power|p1a: Arceus\n|-boost|p1a: Arceus|def|1\n|-boost|p1a: Arceus|spd|1\n|\n|-weather|SunnyDay|[upkeep]\n|upkeep\n|turn|35\n|\n|t:|1697409326\n|move|p2a: Zacian|Behemoth Blade|p1a: Arceus\n|-damage|p1a: Arceus|12\/100\n|move|p1a: Arceus|Recover|p1a: Arceus\n|-heal|p1a: Arceus|62\/100\n|\n|-weather|none\n|upkeep\n|turn|36\n|\n|t:|1697409330\n|move|p2a: Zacian|Swords Dance|p2a: Zacian\n|-boost|p2a: Zacian|atk|2\n|move|p1a: Arceus|Recover|p1a: Arceus\n|-heal|p1a: Arceus|100\/100\n|\n|upkeep\n|turn|37\n|\n|t:|1697409332\n|move|p2a: Zacian|Behemoth Blade|p1a: Arceus\n|-crit|p1a: Arceus\n|-damage|p1a: Arceus|0 fnt\n|faint|p1a: Arceus\n|\n|win|TheBallsmaSpace\n|raw|tekken_is_life's rating: 1438 &rarr; <strong>1413<\/strong><br \/>(-25 for losing)\n|raw|TheBallsmaSpace's rating: 1350 &rarr; <strong>1375<\/strong><br \/>(+25 for winning)\n","uploadtime":1697409336,"views":15,"p1id":"tekkenislife","p2id":"theballsmaspace","formatid":"gen9ubers","rating":1375,"private":0,"password":""}