{"id":"gen9ubers-1980583692","p1":"scerva","p2":"zd oneshot","format":"[Gen 9] Ubers","log":"|j|\u2606scerva\n|j|\u2606zd oneshot\n|t:|1698800011\n|gametype|singles\n|player|p1|scerva|acetrainer-gen4dp|\n|player|p2|zd oneshot|102|\n|teamsize|p1|6\n|teamsize|p2|6\n|gen|9\n|tier|[Gen 9] Ubers\n|rated|Tournament battle\n|rule|Sleep Clause Mod: Limit one foe put to sleep\n|rule|Species Clause: Limit one of each Pok\u00e9mon\n|rule|OHKO Clause: OHKO moves are banned\n|rule|Evasion Items Clause: Evasion items are banned\n|rule|Evasion Moves Clause: Evasion moves are banned\n|rule|Endless Battle Clause: Forcing endless battles is banned\n|rule|HP Percentage Mod: HP is shown in percentages\n|clearpoke\n|poke|p1|Zacian-*|\n|poke|p1|Palkia-Origin|\n|poke|p1|Giratina-Origin|\n|poke|p1|Arceus|\n|poke|p1|Groudon|\n|poke|p1|Eternatus|\n|poke|p2|Zacian-*|\n|poke|p2|Kyogre|\n|poke|p2|Miraidon|\n|poke|p2|Arceus-Ground|\n|poke|p2|Arboliva, F|\n|poke|p2|Giratina|\n|teampreview\n|j| noober_02\n|l| noober_02\n|\n|t:|1698800052\n|start\n|switch|p1a: Groudon|Groudon|100\/100\n|switch|p2a: Kyogre|Kyogre|100\/100\n|-weather|RainDance|[from] ability: Drizzle|[of] p2a: Kyogre\n|-weather|SunnyDay|[from] ability: Drought|[of] p1a: Groudon\n|turn|1\n|\n|t:|1698800063\n|switch|p1a: Palkia|Palkia-Origin|100\/100\n|-ability|p1a: Palkia|Pressure\n|move|p2a: Kyogre|Water Spout|p1a: Palkia\n|-resisted|p1a: Palkia\n|-damage|p1a: Palkia|91\/100\n|\n|-weather|SunnyDay|[upkeep]\n|upkeep\n|turn|2\n|\n|t:|1698800076\n|switch|p2a: Zacian|Zacian-Crowned|100\/100\n|-ability|p2a: Zacian|Intrepid Sword|boost\n|-boost|p2a: Zacian|atk|1\n|move|p1a: Palkia|Thunder Wave|p2a: Zacian\n|-status|p2a: Zacian|par\n|\n|-weather|SunnyDay|[upkeep]\n|upkeep\n|turn|3\n|\n|t:|1698800088\n|move|p1a: Palkia|Fire Blast|p2a: Zacian\n|-supereffective|p2a: Zacian\n|-damage|p2a: Zacian|0 fnt\n|faint|p2a: Zacian\n|\n|-weather|SunnyDay|[upkeep]\n|upkeep\n|\n|t:|1698800096\n|switch|p2a: Kyogre|Kyogre|100\/100\n|-weather|RainDance|[from] ability: Drizzle|[of] p2a: Kyogre\n|turn|4\n|\n|t:|1698800105\n|move|p2a: Kyogre|Ice Beam|p1a: Palkia\n|-damage|p1a: Palkia|59\/100\n|move|p1a: Palkia|Spacial Rend|p2a: Kyogre\n|-damage|p2a: Kyogre|52\/100\n|\n|-weather|RainDance|[upkeep]\n|upkeep\n|turn|5\n|\n|t:|1698800133\n|switch|p2a: Miraidon|Miraidon|100\/100\n|-fieldstart|move: Electric Terrain|[from] ability: Hadron Engine|[of] p2a: Miraidon\n|-enditem|p2a: Miraidon|Electric Seed\n|-boost|p2a: Miraidon|def|1|[from] item: Electric Seed\n|move|p1a: Palkia|Spacial Rend|p2a: Miraidon|[miss]\n|-miss|p1a: Palkia|p2a: Miraidon\n|\n|-weather|RainDance|[upkeep]\n|upkeep\n|turn|6\n|\n|t:|1698800148\n|move|p2a: Miraidon|Electro Drift|p1a: Palkia\n|-crit|p1a: Palkia\n|-damage|p1a: Palkia|0 fnt\n|faint|p1a: Palkia\n|\n|-weather|RainDance|[upkeep]\n|upkeep\n|\n|t:|1698800162\n|switch|p1a: Groudon|Groudon|100\/100\n|-weather|SunnyDay|[from] ability: Drought|[of] p1a: Groudon\n|turn|7\n|\n|t:|1698800170\n|-terastallize|p2a: Miraidon|Water\n|move|p2a: Miraidon|Tera Blast|p1a: Groudon|[anim] Tera Blast Water\n|-supereffective|p1a: Groudon\n|-damage|p1a: Groudon|61\/100\n|move|p1a: Groudon|Will-O-Wisp|p2a: Miraidon|[miss]\n|-miss|p1a: Groudon|p2a: Miraidon\n|\n|-weather|SunnyDay|[upkeep]\n|-heal|p1a: Groudon|67\/100|[from] item: Leftovers\n|upkeep\n|turn|8\n|\n|t:|1698800182\n|move|p2a: Miraidon|Tera Blast|p1a: Groudon|[anim] Tera Blast Water\n|-supereffective|p1a: Groudon\n|-damage|p1a: Groudon|32\/100\n|move|p1a: Groudon|Precipice Blades|p2a: Miraidon\n|-damage|p2a: Miraidon|62\/100\n|\n|-weather|SunnyDay|[upkeep]\n|-heal|p1a: Groudon|39\/100|[from] item: Leftovers\n|upkeep\n|turn|9\n|\n|t:|1698800193\n|move|p2a: Miraidon|Tera Blast|p1a: Groudon|[anim] Tera Blast Water\n|-supereffective|p1a: Groudon\n|-damage|p1a: Groudon|4\/100\n|move|p1a: Groudon|Spikes|p2a: Miraidon\n|-sidestart|p2: zd oneshot|Spikes\n|\n|-weather|SunnyDay|[upkeep]\n|-heal|p1a: Groudon|10\/100|[from] item: Leftovers\n|-fieldend|move: Electric Terrain\n|upkeep\n|turn|10\n|\n|t:|1698800203\n|move|p1a: Groudon|Protect|p1a: Groudon\n|-singleturn|p1a: Groudon|Protect\n|move|p2a: Miraidon|Tera Blast|p1a: Groudon|[anim] Tera Blast Water\n|-activate|p1a: Groudon|move: Protect\n|\n|-weather|SunnyDay|[upkeep]\n|-heal|p1a: Groudon|16\/100|[from] item: Leftovers\n|upkeep\n|turn|11\n|\n|t:|1698800233\n|move|p2a: Miraidon|Tera Blast|p1a: Groudon|[anim] Tera Blast Water\n|-supereffective|p1a: Groudon\n|-damage|p1a: Groudon|0 fnt\n|faint|p1a: Groudon\n|\n|-weather|none\n|upkeep\n|\n|t:|1698800263\n|switch|p1a: Giratina|Giratina-Origin, shiny|100\/100\n|turn|12\n|\n|t:|1698800276\n|move|p2a: Miraidon|Parabolic Charge|p1a: Giratina\n|-resisted|p1a: Giratina\n|-damage|p1a: Giratina|86\/100\n|-heal|p2a: Miraidon|71\/100|[from] drain|[of] p1a: Giratina\n|move|p1a: Giratina|Draco Meteor|p2a: Miraidon\n|-damage|p2a: Miraidon|8\/100\n|-unboost|p1a: Giratina|spa|2\n|\n|upkeep\n|turn|13\n|\n|t:|1698800290\n|switch|p2a: Giratina|Giratina, shiny|100\/100\n|-damage|p2a: Giratina|88\/100|[from] Spikes\n|-ability|p2a: Giratina|Pressure\n|move|p1a: Giratina|Shadow Sneak|p2a: Giratina\n|-supereffective|p2a: Giratina\n|-damage|p2a: Giratina|67\/100\n|\n|-heal|p2a: Giratina|74\/100|[from] item: Leftovers\n|upkeep\n|turn|14\n|\n|t:|1698800303\n|switch|p1a: Zacian|Zacian-Crowned|100\/100\n|-ability|p1a: Zacian|Intrepid Sword|boost\n|-boost|p1a: Zacian|atk|1\n|move|p2a: Giratina|Defog|p1a: Zacian\n|-unboost|p1a: Zacian|evasion|1\n|-sideend|p2: zd oneshot|Spikes|[from] move: Defog|[of] p2a: Giratina\n|\n|-heal|p2a: Giratina|80\/100|[from] item: Leftovers\n|upkeep\n|turn|15\n|\n|t:|1698800318\n|move|p1a: Zacian|Play Rough|p2a: Giratina\n|-supereffective|p2a: Giratina\n|-damage|p2a: Giratina|0 fnt\n|faint|p2a: Giratina\n|\n|upkeep\n|\n|t:|1698800340\n|switch|p2a: Kyogre|Kyogre|52\/100\n|-weather|RainDance|[from] ability: Drizzle|[of] p2a: Kyogre\n|turn|16\n|\n|t:|1698800353\n|-terastallize|p1a: Zacian|Fairy\n|move|p2a: Kyogre|Thunder|p1a: Zacian\n|-damage|p1a: Zacian|62\/100\n|move|p1a: Zacian|Play Rough|p2a: Kyogre\n|-damage|p2a: Kyogre|0 fnt\n|faint|p2a: Kyogre\n|\n|-weather|RainDance|[upkeep]\n|upkeep\n|\n|t:|1698800366\n|switch|p2a: Arboliva|Arboliva, F, shiny|100\/100\n|turn|17\n|\n|t:|1698800374\n|move|p1a: Zacian|Sacred Sword|p2a: Arboliva\n|-supereffective|p2a: Arboliva\n|-damage|p2a: Arboliva|0 fnt\n|faint|p2a: Arboliva\n|\n|-weather|RainDance|[upkeep]\n|upkeep\n|\n|t:|1698800382\n|switch|p2a: Miraidon|Miraidon, tera:Water|8\/100\n|-fieldstart|move: Electric Terrain|[from] ability: Hadron Engine|[of] p2a: Miraidon\n|turn|18\n|\n|t:|1698800397\n|move|p1a: Zacian|Sacred Sword|p2a: Miraidon\n|-damage|p2a: Miraidon|0 fnt\n|faint|p2a: Miraidon\n|\n|-weather|RainDance|[upkeep]\n|upkeep\n|\n|t:|1698800403\n|switch|p2a: Arceus|Arceus-Ground|100\/100\n|turn|19\n|\n|t:|1698800410\n|move|p1a: Zacian|Behemoth Blade|p2a: Arceus\n|-damage|p2a: Arceus|44\/100\n|move|p2a: Arceus|Sludge Bomb|p1a: Zacian\n|-supereffective|p1a: Zacian\n|-damage|p1a: Zacian|3\/100\n|\n|-weather|RainDance|[upkeep]\n|upkeep\n|turn|20\n|\n|t:|1698800421\n|move|p1a: Zacian|Behemoth Blade|p2a: Arceus\n|-damage|p2a: Arceus|0 fnt\n|faint|p2a: Arceus\n|\n|win|scerva\n|n|\u2606scerva|scerva\n|n|\u2606zd oneshot|zdoneshot\n","uploadtime":1698800423,"views":7,"p1id":"scerva","p2id":"zdoneshot","formatid":"gen9ubers","rating":0,"private":0,"password":""}