{"id":"gen9ubers-1992730650","p1":"Anne Frankkkk","p2":"SangCUTO","format":"[Gen 9] Ubers","log":"|j|\u2606Anne Frankkkk\n|j|\u2606SangCUTO\n|t:|1700230034\n|gametype|singles\n|player|p1|Anne Frankkkk|hilbert|1324\n|player|p2|SangCUTO|169|1244\n|teamsize|p1|6\n|teamsize|p2|6\n|gen|9\n|tier|[Gen 9] Ubers\n|rated|\n|rule|Sleep Clause Mod: Limit one foe put to sleep\n|rule|Species Clause: Limit one of each Pok\u00e9mon\n|rule|OHKO Clause: OHKO moves are banned\n|rule|Evasion Items Clause: Evasion items are banned\n|rule|Evasion Moves Clause: Evasion moves are banned\n|rule|Endless Battle Clause: Forcing endless battles is banned\n|rule|HP Percentage Mod: HP is shown in percentages\n|clearpoke\n|poke|p1|Regieleki|\n|poke|p1|Kyogre|\n|poke|p1|Chien-Pao|\n|poke|p1|Ribombee, F|\n|poke|p1|Miraidon|\n|poke|p1|Flutter Mane|\n|poke|p2|Garganacl, F|\n|poke|p2|Basculegion, M|\n|poke|p2|Quagsire, F|\n|poke|p2|Kyogre|\n|poke|p2|Dragonite, M|\n|poke|p2|Zapdos|\n|teampreview\n|inactive|Battle timer is ON: inactive players will automatically lose when time's up. (requested by Anne Frankkkk)\n|\n|t:|1700230052\n|start\n|switch|p1a: Moonblast|Ribombee, F, shiny|100\/100\n|switch|p2a: Dragonite|Dragonite, M|100\/100\n|turn|1\n|\n|t:|1700230074\n|move|p2a: Dragonite|Extreme Speed|p1a: Moonblast\n|-damage|p1a: Moonblast|18\/100\n|move|p1a: Moonblast|Sticky Web|p2a: Dragonite\n|-sidestart|p2: SangCUTO|move: Sticky Web\n|\n|upkeep\n|turn|2\n|\n|t:|1700230080\n|move|p2a: Dragonite|Extreme Speed|p1a: Moonblast\n|-damage|p1a: Moonblast|0 fnt\n|faint|p1a: Moonblast\n|\n|upkeep\n|\n|t:|1700230088\n|switch|p1a: Misdreavius|Flutter Mane, shiny|100\/100\n|-enditem|p1a: Misdreavius|Booster Energy\n|-activate|p1a: Misdreavius|ability: Protosynthesis|[fromitem]\n|-start|p1a: Misdreavius|protosynthesisspe\n|turn|3\n|\n|t:|1700230100\n|switch|p2a: Garganacl|Garganacl, F|100\/100\n|-activate|p2a: Garganacl|move: Sticky Web\n|-fail|p2a: Garganacl|unboost|[from] ability: Clear Body|[of] p2a: Garganacl\n|move|p1a: Misdreavius|Moonblast|p2a: Garganacl\n|-damage|p2a: Garganacl|65\/100\n|\n|upkeep\n|turn|4\n|\n|t:|1700230111\n|move|p1a: Misdreavius|Calm Mind|p1a: Misdreavius\n|-boost|p1a: Misdreavius|spa|1\n|-boost|p1a: Misdreavius|spd|1\n|move|p2a: Garganacl|Stealth Rock|p1a: Misdreavius\n|-sidestart|p1: Anne Frankkkk|move: Stealth Rock\n|\n|upkeep\n|turn|5\n|\n|t:|1700230118\n|move|p1a: Misdreavius|Calm Mind|p1a: Misdreavius\n|-boost|p1a: Misdreavius|spa|1\n|-boost|p1a: Misdreavius|spd|1\n|move|p2a: Garganacl|Recover|p2a: Garganacl\n|-heal|p2a: Garganacl|100\/100\n|\n|upkeep\n|turn|6\n|\n|t:|1700230127\n|switch|p2a: Quagsire|Quagsire, F|100\/100\n|-activate|p2a: Quagsire|move: Sticky Web\n|-unboost|p2a: Quagsire|spe|1\n|move|p1a: Misdreavius|Calm Mind|p1a: Misdreavius\n|-boost|p1a: Misdreavius|spa|1\n|-boost|p1a: Misdreavius|spd|1\n|\n|upkeep\n|turn|7\n|\n|t:|1700230136\n|move|p1a: Misdreavius|Moonblast|p2a: Quagsire\n|-crit|p2a: Quagsire\n|-damage|p2a: Quagsire|39\/100\n|move|p2a: Quagsire|Earthquake|p1a: Misdreavius\n|-damage|p1a: Misdreavius|31\/100\n|\n|-heal|p2a: Quagsire|45\/100|[from] item: Leftovers\n|upkeep\n|turn|8\n|\n|t:|1700230154\n|switch|p2a: Zapdos|Zapdos|100\/100\n|-terastallize|p1a: Misdreavius|Ghost\n|move|p1a: Misdreavius|Shadow Ball|p2a: Zapdos\n|-damage|p2a: Zapdos|0 fnt\n|faint|p2a: Zapdos\n|\n|upkeep\n|\n|t:|1700230164\n|switch|p2a: Dragonite|Dragonite, M|100\/100\n|turn|9\n|\n|t:|1700230168\n|move|p1a: Misdreavius|Moonblast|p2a: Dragonite\n|-supereffective|p2a: Dragonite\n|-damage|p2a: Dragonite|0 fnt\n|faint|p2a: Dragonite\n|\n|upkeep\n|\n|t:|1700230177\n|switch|p2a: Kyogre|Kyogre|100\/100\n|-activate|p2a: Kyogre|move: Sticky Web\n|-unboost|p2a: Kyogre|spe|1\n|-weather|RainDance|[from] ability: Drizzle|[of] p2a: Kyogre\n|turn|10\n|\n|t:|1700230185\n|-terastallize|p2a: Kyogre|Water\n|move|p1a: Misdreavius|Shadow Ball|p2a: Kyogre\n|-damage|p2a: Kyogre|0 fnt\n|faint|p2a: Kyogre\n|\n|-weather|RainDance|[upkeep]\n|upkeep\n|\n|t:|1700230194\n|switch|p2a: Garganacl|Garganacl, F|100\/100\n|-activate|p2a: Garganacl|move: Sticky Web\n|-fail|p2a: Garganacl|unboost|[from] ability: Clear Body|[of] p2a: Garganacl\n|turn|11\n|\n|t:|1700230203\n|move|p1a: Misdreavius|Shadow Ball|p2a: Garganacl\n|-damage|p2a: Garganacl|0 fnt\n|faint|p2a: Garganacl\n|\n|-weather|RainDance|[upkeep]\n|upkeep\n|\n|t:|1700230209\n|switch|p2a: Quagsire|Quagsire, F|45\/100\n|-activate|p2a: Quagsire|move: Sticky Web\n|-unboost|p2a: Quagsire|spe|1\n|turn|12\n|\n|t:|1700230215\n|move|p1a: Misdreavius|Shadow Ball|p2a: Quagsire\n|-damage|p2a: Quagsire|0 fnt\n|faint|p2a: Quagsire\n|\n|-weather|RainDance|[upkeep]\n|upkeep\n|\n|t:|1700230221\n|switch|p2a: Basculegion|Basculegion, M|100\/100\n|-activate|p2a: Basculegion|move: Sticky Web\n|-unboost|p2a: Basculegion|spe|1\n|turn|13\n|\n|t:|1700230237\n|move|p1a: Misdreavius|Shadow Ball|p2a: Basculegion\n|-supereffective|p2a: Basculegion\n|-damage|p2a: Basculegion|0 fnt\n|faint|p2a: Basculegion\n|\n|win|Anne Frankkkk\n|raw|Anne Frankkkk's rating: 1324 &rarr; <strong>1339<\/strong><br \/>(+15 for winning)\n|raw|SangCUTO's rating: 1244 &rarr; <strong>1225<\/strong><br \/>(-19 for losing)\n","uploadtime":1700230243,"views":6,"p1id":"annefrankkkk","p2id":"sangcuto","formatid":"gen9ubers","rating":1225,"private":0,"password":""}