{"id":"gen9ubers-1975814615","p1":"offensive_aggron","p2":"houkago","format":"[Gen 9] Ubers","log":"|j|\u2606offensive_aggron\n|j|\u2606houkago\n|t:|1698240629\n|gametype|singles\n|player|p1|offensive_aggron|rosa|\n|player|p2|houkago|dawn|\n|teamsize|p1|6\n|teamsize|p2|6\n|gen|9\n|tier|[Gen 9] Ubers\n|rule|Sleep Clause Mod: Limit one foe put to sleep\n|rule|Species Clause: Limit one of each Pok\u00e9mon\n|rule|OHKO Clause: OHKO moves are banned\n|rule|Evasion Items Clause: Evasion items are banned\n|rule|Evasion Moves Clause: Evasion moves are banned\n|rule|Endless Battle Clause: Forcing endless battles is banned\n|rule|HP Percentage Mod: HP is shown in percentages\n|clearpoke\n|poke|p1|Gholdengo|\n|poke|p1|Roaring Moon|\n|poke|p1|Glimmora, M|\n|poke|p1|Iron Moth|\n|poke|p1|Kingambit, M|\n|poke|p1|Samurott-Hisui, M|\n|poke|p2|Baxcalibur, M|\n|poke|p2|Kingambit, M|\n|poke|p2|Gliscor, M|\n|poke|p2|Ogerpon-Hearthflame, F|\n|poke|p2|Walking Wake|\n|poke|p2|Corviknight, M|\n|teampreview\n|\n|t:|1698240635\n|start\n|switch|p1a: Samurott|Samurott-Hisui, M|100\/100\n|switch|p2a: Gliscor|Gliscor, M|100\/100\n|turn|1\n|\n|t:|1698240647\n|move|p1a: Samurott|Aqua Cutter|p2a: Gliscor\n|-supereffective|p2a: Gliscor\n|-damage|p2a: Gliscor|40\/100\n|move|p2a: Gliscor|Stealth Rock|p1a: Samurott\n|-sidestart|p1: offensive_aggron|move: Stealth Rock\n|\n|-status|p2a: Gliscor|tox|[from] item: Toxic Orb\n|upkeep\n|turn|2\n|\n|t:|1698240662\n|move|p1a: Samurott|Encore|p2a: Gliscor\n|-start|p2a: Gliscor|Encore\n|move|p2a: Gliscor|Stealth Rock||[still]\n|-fail|p2a: Gliscor\n|\n|-heal|p2a: Gliscor|53\/100 tox|[from] ability: Poison Heal\n|upkeep\n|turn|3\n|\n|t:|1698240689\n|switch|p2a: Corviknight|Corviknight, M|100\/100\n|-ability|p2a: Corviknight|Pressure\n|move|p1a: Samurott|Ceaseless Edge|p2a: Corviknight\n|-damage|p2a: Corviknight|74\/100\n|-sidestart|p2: houkago|Spikes\n|\n|-heal|p2a: Corviknight|80\/100|[from] item: Leftovers\n|upkeep\n|turn|4\n|\n|t:|1698240708\n|switch|p1a: Gholdengo|Gholdengo|100\/100\n|-damage|p1a: Gholdengo|94\/100|[from] Stealth Rock\n|move|p2a: Corviknight|Defog|p1a: Gholdengo\n|-immune|p1a: Gholdengo|[from] ability: Good as Gold\n|\n|-heal|p2a: Corviknight|86\/100|[from] item: Leftovers\n|upkeep\n|turn|5\n|\n|t:|1698240726\n|move|p1a: Gholdengo|Nasty Plot|p1a: Gholdengo\n|-boost|p1a: Gholdengo|spa|2\n|move|p2a: Corviknight|U-turn|p1a: Gholdengo\n|-resisted|p1a: Gholdengo\n|-damage|p1a: Gholdengo|90\/100\n|\n|t:|1698240742\n|switch|p2a: Gliscor|Gliscor, M|53\/100 tox|[from] U-turn\n|\n|-heal|p2a: Gliscor|65\/100 tox|[from] ability: Poison Heal\n|upkeep\n|turn|6\n|\n|t:|1698240752\n|move|p1a: Gholdengo|Shadow Ball|p2a: Gliscor\n|-damage|p2a: Gliscor|0 fnt\n|faint|p2a: Gliscor\n|\n|upkeep\n|\n|t:|1698240770\n|switch|p2a: Ogerpon|Ogerpon-Hearthflame, F|100\/100\n|-damage|p2a: Ogerpon|88\/100|[from] Spikes\n|-ability|p2a: Ogerpon|Mold Breaker\n|turn|7\n|\n|t:|1698240789\n|switch|p1a: Glimmora|Glimmora, M|100\/100\n|-damage|p1a: Glimmora|88\/100|[from] Stealth Rock\n|move|p2a: Ogerpon|Ivy Cudgel|p1a: Glimmora\n|-resisted|p1a: Glimmora\n|-damage|p1a: Glimmora|51\/100\n|-activate|p1a: Glimmora|ability: Toxic Debris\n|-sidestart|p2: houkago|move: Toxic Spikes\n|-enditem|p1a: Glimmora|Red Card|[of] p2a: Ogerpon\n|drag|p2a: Kingambit|Kingambit, M|100\/100\n|-damage|p2a: Kingambit|88\/100|[from] Spikes\n|-activate|p2a: Kingambit|ability: Supreme Overlord\n|-start|p2a: Kingambit|fallen1|[silent]\n|\n|-heal|p2a: Kingambit|94\/100|[from] item: Leftovers\n|upkeep\n|turn|8\n|\n|t:|1698240826\n|move|p1a: Glimmora|Stealth Rock|p2a: Kingambit\n|-sidestart|p2: houkago|move: Stealth Rock\n|move|p2a: Kingambit|Iron Head|p1a: Glimmora\n|-supereffective|p1a: Glimmora\n|-damage|p1a: Glimmora|0 fnt\n|-activate|p1a: Glimmora|ability: Toxic Debris\n|-sidestart|p2: houkago|move: Toxic Spikes\n|faint|p1a: Glimmora\n|\n|-heal|p2a: Kingambit|100\/100|[from] item: Leftovers\n|upkeep\n|\n|t:|1698240840\n|switch|p1a: Iron Moth|Iron Moth|100\/100\n|turn|9\n|\n|t:|1698240852\n|move|p2a: Kingambit|Sucker Punch||[still]\n|-fail|p2a: Kingambit\n|move|p1a: Iron Moth|Substitute|p1a: Iron Moth\n|-start|p1a: Iron Moth|Substitute\n|-damage|p1a: Iron Moth|76\/100\n|\n|upkeep\n|turn|10\n|\n|t:|1698240861\n|move|p1a: Iron Moth|Fiery Dance|p2a: Kingambit\n|-supereffective|p2a: Kingambit\n|-damage|p2a: Kingambit|19\/100\n|move|p2a: Kingambit|Iron Head|p1a: Iron Moth\n|-resisted|p1a: Iron Moth\n|-end|p1a: Iron Moth|Substitute\n|\n|-heal|p2a: Kingambit|25\/100|[from] item: Leftovers\n|upkeep\n|turn|11\n|\n|t:|1698240874\n|move|p2a: Kingambit|Sucker Punch|p1a: Iron Moth\n|-damage|p1a: Iron Moth|7\/100\n|move|p1a: Iron Moth|Fiery Dance|p2a: Kingambit\n|-supereffective|p2a: Kingambit\n|-damage|p2a: Kingambit|0 fnt\n|-boost|p1a: Iron Moth|spa|1\n|faint|p2a: Kingambit\n|-end|p2a: Kingambit|fallen1|[silent]\n|\n|upkeep\n|\n|t:|1698240889\n|switch|p2a: Walking Wake|Walking Wake|100\/100\n|-damage|p2a: Walking Wake|88\/100|[from] Spikes\n|-status|p2a: Walking Wake|tox\n|-damage|p2a: Walking Wake|76\/100 tox|[from] Stealth Rock\n|-enditem|p2a: Walking Wake|Booster Energy\n|-activate|p2a: Walking Wake|ability: Protosynthesis|[fromitem]\n|-start|p2a: Walking Wake|protosynthesisspa\n|turn|12\n|\n|t:|1698240903\n|move|p1a: Iron Moth|Sludge Wave|p2a: Walking Wake\n|-damage|p2a: Walking Wake|0 fnt\n|faint|p2a: Walking Wake\n|-end|p2a: Walking Wake|Protosynthesis|[silent]\n|\n|upkeep\n|\n|t:|1698240912\n|switch|p2a: Corviknight|Corviknight, M|86\/100\n|-damage|p2a: Corviknight|74\/100|[from] Stealth Rock\n|-ability|p2a: Corviknight|Pressure\n|turn|13\n|\n|t:|1698240975\n|-end|p1a: Iron Moth|Quark Drive|[silent]\n|switch|p1a: Roaring Moon|Roaring Moon|100\/100\n|-damage|p1a: Roaring Moon|88\/100|[from] Stealth Rock\n|-enditem|p1a: Roaring Moon|Booster Energy\n|-activate|p1a: Roaring Moon|ability: Protosynthesis|[fromitem]\n|-start|p1a: Roaring Moon|protosynthesisatk\n|switch|p2a: Baxcalibur|Baxcalibur, M|100\/100\n|-damage|p2a: Baxcalibur|88\/100|[from] Spikes\n|-status|p2a: Baxcalibur|tox\n|-damage|p2a: Baxcalibur|63\/100 tox|[from] Stealth Rock\n|\n|-damage|p2a: Baxcalibur|57\/100 tox|[from] psn\n|upkeep\n|turn|14\n|\n|t:|1698241002\n|move|p1a: Roaring Moon|Acrobatics|p2a: Baxcalibur\n|-damage|p2a: Baxcalibur|6\/100 tox\n|move|p2a: Baxcalibur|Icicle Spear|p1a: Roaring Moon\n|-supereffective|p1a: Roaring Moon\n|-damage|p1a: Roaring Moon|55\/100\n|-supereffective|p1a: Roaring Moon\n|-damage|p1a: Roaring Moon|18\/100\n|-supereffective|p1a: Roaring Moon\n|-damage|p1a: Roaring Moon|0 fnt\n|faint|p1a: Roaring Moon\n|-end|p1a: Roaring Moon|Protosynthesis|[silent]\n|-hitcount|p1: Roaring Moon|3\n|\n|-damage|p2a: Baxcalibur|0 fnt|[from] psn\n|faint|p2a: Baxcalibur\n|upkeep\n|\n|t:|1698241028\n|switch|p1a: Samurott|Samurott-Hisui, M|100\/100\n|switch|p2a: Ogerpon|Ogerpon-Hearthflame, F|88\/100\n|-damage|p2a: Ogerpon|76\/100|[from] Spikes\n|-status|p2a: Ogerpon|tox\n|-damage|p2a: Ogerpon|51\/100 tox|[from] Stealth Rock\n|-ability|p2a: Ogerpon|Mold Breaker\n|-damage|p1a: Samurott|88\/100|[from] Stealth Rock\n|turn|15\n|\n|t:|1698241054\n|move|p1a: Samurott|Sucker Punch|p2a: Ogerpon\n|-damage|p2a: Ogerpon|7\/100 tox\n|move|p2a: Ogerpon|Horn Leech|p1a: Samurott\n|-supereffective|p1a: Samurott\n|-damage|p1a: Samurott|0 fnt\n|-heal|p2a: Ogerpon|54\/100 tox|[from] drain|[of] p1a: Samurott\n|faint|p1a: Samurott\n|\n|-damage|p2a: Ogerpon|48\/100 tox|[from] psn\n|upkeep\n|\n|t:|1698241067\n|switch|p1a: Kingambit|Kingambit, M|100\/100\n|-damage|p1a: Kingambit|94\/100|[from] Stealth Rock\n|-activate|p1a: Kingambit|ability: Supreme Overlord\n|-start|p1a: Kingambit|fallen3|[silent]\n|turn|16\n|\n|t:|1698241093\n|-terastallize|p2a: Ogerpon|Fire\n|detailschange|p2a: Ogerpon|Ogerpon-Hearthflame-Tera, F, tera:Fire\n|-ability|p2a: Ogerpon|Embody Aspect (Hearthflame)|boost\n|-boost|p2a: Ogerpon|atk|1\n|-terastallize|p1a: Kingambit|Dark\n|move|p1a: Kingambit|Sucker Punch|p2a: Ogerpon\n|-damage|p2a: Ogerpon|0 fnt\n|faint|p2a: Ogerpon\n|\n|upkeep\n|\n|t:|1698241102\n|switch|p2a: Corviknight|Corviknight, M|74\/100\n|-damage|p2a: Corviknight|62\/100|[from] Stealth Rock\n|-ability|p2a: Corviknight|Pressure\n|turn|17\n|\n|t:|1698241115\n|-end|p1a: Kingambit|fallen3|[silent]\n|switch|p1a: Gholdengo|Gholdengo|90\/100\n|-damage|p1a: Gholdengo|84\/100|[from] Stealth Rock\n|move|p2a: Corviknight|Body Press|p1a: Gholdengo\n|-immune|p1a: Gholdengo\n|\n|-heal|p2a: Corviknight|68\/100|[from] item: Leftovers\n|upkeep\n|turn|18\n|\n|t:|1698241127\n|move|p1a: Gholdengo|Recover|p1a: Gholdengo\n|-heal|p1a: Gholdengo|100\/100\n|move|p2a: Corviknight|U-turn|p1a: Gholdengo\n|-resisted|p1a: Gholdengo\n|-damage|p1a: Gholdengo|97\/100\n|\n|-heal|p2a: Corviknight|74\/100|[from] item: Leftovers\n|upkeep\n|turn|19\n|\n|t:|1698241140\n|move|p1a: Gholdengo|Nasty Plot|p1a: Gholdengo\n|-boost|p1a: Gholdengo|spa|2\n|move|p2a: Corviknight|U-turn|p1a: Gholdengo\n|-resisted|p1a: Gholdengo\n|-damage|p1a: Gholdengo|93\/100\n|\n|-heal|p2a: Corviknight|80\/100|[from] item: Leftovers\n|upkeep\n|turn|20\n|\n|t:|1698241150\n|move|p1a: Gholdengo|Nasty Plot|p1a: Gholdengo\n|-boost|p1a: Gholdengo|spa|2\n|move|p2a: Corviknight|U-turn|p1a: Gholdengo\n|-resisted|p1a: Gholdengo\n|-damage|p1a: Gholdengo|89\/100\n|\n|-heal|p2a: Corviknight|86\/100|[from] item: Leftovers\n|upkeep\n|turn|21\n|\n|t:|1698241165\n|move|p1a: Gholdengo|Shadow Ball|p2a: Corviknight\n|-damage|p2a: Corviknight|0 fnt\n|faint|p2a: Corviknight\n|\n|win|offensive_aggron\n","uploadtime":1698241185,"views":10,"p1id":"offensiveaggron","p2id":"houkago","formatid":"gen9ubers","rating":0,"private":0,"password":""}