{"id":"gen9ubers-1992715974","p1":"WRLD_Endu","p2":"Anne Frankkkk","format":"[Gen 9] Ubers","log":"|j|\u2606WRLD_Endu\n|j|\u2606Anne Frankkkk\n|t:|1700228493\n|gametype|singles\n|player|p1|WRLD_Endu|ghetsis|1270\n|player|p2|Anne Frankkkk|hilbert|1310\n|teamsize|p1|6\n|teamsize|p2|6\n|gen|9\n|tier|[Gen 9] Ubers\n|rated|\n|rule|Sleep Clause Mod: Limit one foe put to sleep\n|rule|Species Clause: Limit one of each Pok\u00e9mon\n|rule|OHKO Clause: OHKO moves are banned\n|rule|Evasion Items Clause: Evasion items are banned\n|rule|Evasion Moves Clause: Evasion moves are banned\n|rule|Endless Battle Clause: Forcing endless battles is banned\n|rule|HP Percentage Mod: HP is shown in percentages\n|clearpoke\n|poke|p1|Iron Bundle|\n|poke|p1|Pincurchin, F|\n|poke|p1|Iron Moth|\n|poke|p1|Iron Treads|\n|poke|p1|Eternatus|\n|poke|p1|Miraidon|\n|poke|p2|Regieleki|\n|poke|p2|Kyogre|\n|poke|p2|Chien-Pao|\n|poke|p2|Ribombee, F|\n|poke|p2|Miraidon|\n|poke|p2|Flutter Mane|\n|teampreview\n|\n|t:|1700228509\n|start\n|switch|p1a: Spiky spike|Pincurchin, F, shiny|100\/100\n|switch|p2a: Moonblast|Ribombee, F, shiny|100\/100\n|-fieldstart|move: Electric Terrain|[from] ability: Electric Surge|[of] p1a: Spiky spike\n|turn|1\n|inactive|Battle timer is ON: inactive players will automatically lose when time's up. (requested by Anne Frankkkk)\n|inactive|WRLD_Endu also wants the timer to be on.\n|\n|t:|1700228515\n|move|p2a: Moonblast|Sticky Web|p1a: Spiky spike\n|-sidestart|p1: WRLD_Endu|move: Sticky Web\n|move|p1a: Spiky spike|Thunder Wave|p2a: Moonblast\n|-status|p2a: Moonblast|par\n|\n|upkeep\n|turn|2\n|\n|t:|1700228520\n|cant|p2a: Moonblast|par\n|move|p1a: Spiky spike|Discharge|p2a: Moonblast\n|-damage|p2a: Moonblast|41\/100 par\n|\n|upkeep\n|turn|3\n|\n|t:|1700228528\n|switch|p1a: TANK|Iron Treads, shiny|100\/100\n|-activate|p1a: TANK|move: Sticky Web\n|-unboost|p1a: TANK|spe|1\n|-activate|p1a: TANK|ability: Quark Drive\n|-start|p1a: TANK|quarkdrivedef\n|move|p2a: Moonblast|Moonblast|p1a: TANK\n|-resisted|p1a: TANK\n|-damage|p1a: TANK|87\/100\n|\n|upkeep\n|turn|4\n|inactive|Anne Frankkkk has 120 seconds left.\n|\n|t:|1700228574\n|switch|p2a: Misdreavius|Flutter Mane, shiny|100\/100\n|-enditem|p2a: Misdreavius|Booster Energy\n|-activate|p2a: Misdreavius|ability: Protosynthesis|[fromitem]\n|-start|p2a: Misdreavius|protosynthesisspe\n|move|p1a: TANK|Rapid Spin|p2a: Misdreavius\n|-immune|p2a: Misdreavius\n|\n|upkeep\n|turn|5\n|\n|t:|1700228579\n|move|p2a: Misdreavius|Shadow Ball|p1a: TANK\n|-damage|p1a: TANK|61\/100\n|move|p1a: TANK|Iron Head|p2a: Misdreavius\n|-supereffective|p2a: Misdreavius\n|-damage|p2a: Misdreavius|0 fnt\n|faint|p2a: Misdreavius\n|-end|p2a: Misdreavius|Protosynthesis|[silent]\n|\n|upkeep\n|\n|t:|1700228600\n|switch|p2a: Ice Cat|Chien-Pao|100\/100\n|-ability|p2a: Ice Cat|Sword of Ruin\n|turn|6\n|\n|t:|1700228604\n|move|p2a: Ice Cat|Sacred Sword|p1a: TANK\n|-supereffective|p1a: TANK\n|-damage|p1a: TANK|0 fnt\n|faint|p1a: TANK\n|-end|p1a: TANK|Quark Drive|[silent]\n|\n|upkeep\n|\n|t:|1700228609\n|switch|p1a: Iron Moth|Iron Moth, shiny|100\/100\n|-activate|p1a: Iron Moth|move: Sticky Web\n|-unboost|p1a: Iron Moth|spe|1\n|-activate|p1a: Iron Moth|ability: Quark Drive\n|-start|p1a: Iron Moth|quarkdrivespa\n|turn|7\n|\n|t:|1700228615\n|move|p2a: Ice Cat|Swords Dance|p2a: Ice Cat\n|-boost|p2a: Ice Cat|atk|2\n|move|p1a: Iron Moth|Fiery Dance|p2a: Ice Cat\n|-supereffective|p2a: Ice Cat\n|-enditem|p2a: Ice Cat|Focus Sash\n|-damage|p2a: Ice Cat|1\/100\n|\n|upkeep\n|turn|8\n|\n|t:|1700228624\n|move|p2a: Ice Cat|Sucker Punch|p1a: Iron Moth\n|-damage|p1a: Iron Moth|0 fnt\n|faint|p1a: Iron Moth\n|-end|p1a: Iron Moth|Quark Drive|[silent]\n|\n|-fieldend|move: Electric Terrain\n|upkeep\n|-message|WRLD_Endu forfeited.\n|\n|win|Anne Frankkkk\n|raw|WRLD_Endu's rating: 1270 &rarr; <strong>1248<\/strong><br \/>(-22 for losing)\n|raw|Anne Frankkkk's rating: 1310 &rarr; <strong>1328<\/strong><br \/>(+18 for winning)\n|l|\u2606WRLD_Endu\n","uploadtime":1700228636,"views":6,"p1id":"wrldendu","p2id":"annefrankkkk","formatid":"gen9ubers","rating":1248,"private":0,"password":""}