{"id":"gen9ubers-1981930812","p1":"Bulldoger","p2":"fraudulent one","format":"[Gen 9] Ubers","log":"|j|\u2606Bulldoger\n|j|\u2606fraudulent one\n|t:|1698952638\n|gametype|singles\n|player|p1|Bulldoger|marshal|1433\n|player|p2|fraudulent one|hilbert-masters2|1465\n|teamsize|p1|6\n|teamsize|p2|6\n|gen|9\n|tier|[Gen 9] Ubers\n|rated|\n|rule|Sleep Clause Mod: Limit one foe put to sleep\n|rule|Species Clause: Limit one of each Pok\u00e9mon\n|rule|OHKO Clause: OHKO moves are banned\n|rule|Evasion Items Clause: Evasion items are banned\n|rule|Evasion Moves Clause: Evasion moves are banned\n|rule|Endless Battle Clause: Forcing endless battles is banned\n|rule|HP Percentage Mod: HP is shown in percentages\n|clearpoke\n|poke|p1|Rayquaza|\n|poke|p1|Kyogre|\n|poke|p1|Mewtwo|\n|poke|p1|Koraidon|\n|poke|p1|Arceus|\n|poke|p1|Grimmsnarl, M|\n|poke|p2|Rayquaza|\n|poke|p2|Arceus|\n|poke|p2|Zacian-*|\n|poke|p2|Eternatus|\n|poke|p2|Miraidon|\n|poke|p2|Koraidon|\n|teampreview\n|inactive|Battle timer is ON: inactive players will automatically lose when time's up. (requested by Bulldoger)\n|\n|t:|1698952665\n|start\n|switch|p1a: Grimmsnarl|Grimmsnarl, M|100\/100\n|switch|p2a: Eternatus|Eternatus|100\/100\n|-ability|p2a: Eternatus|Pressure\n|turn|1\n|\n|t:|1698952667\n|move|p1a: Grimmsnarl|Light Screen|p1a: Grimmsnarl\n|-sidestart|p1: Bulldoger|move: Light Screen\n|move|p2a: Eternatus|Sludge Bomb|p1a: Grimmsnarl\n|-supereffective|p1a: Grimmsnarl\n|-damage|p1a: Grimmsnarl|29\/100\n|-status|p1a: Grimmsnarl|psn\n|\n|-damage|p1a: Grimmsnarl|16\/100 psn|[from] psn\n|upkeep\n|turn|2\n|inactive|fraudulent one has 120 seconds left.\n|\n|t:|1698952704\n|switch|p2a: Miraidon|Miraidon|100\/100\n|-fieldstart|move: Electric Terrain|[from] ability: Hadron Engine|[of] p2a: Miraidon\n|move|p1a: Grimmsnarl|Parting Shot|p2a: Miraidon\n|-unboost|p2a: Miraidon|atk|1\n|-unboost|p2a: Miraidon|spa|1\n|inactive|Bulldoger has 120 seconds left.\n|\n|t:|1698952736\n|switch|p1a: Mewtwo|Mewtwo|100\/100|[from] Parting Shot\n|-ability|p1a: Mewtwo|Pressure\n|\n|upkeep\n|turn|3\n|inactive|fraudulent one has 120 seconds left.\n|\n|t:|1698952760\n|move|p2a: Miraidon|Taunt|p1a: Mewtwo\n|-start|p1a: Mewtwo|move: Taunt\n|move|p1a: Mewtwo|Psystrike|p2a: Miraidon\n|-damage|p2a: Miraidon|9\/100\n|-damage|p1a: Mewtwo|91\/100|[from] item: Life Orb\n|\n|upkeep\n|turn|4\n|\n|t:|1698952773\n|move|p2a: Miraidon|Electro Drift|p1a: Mewtwo\n|-damage|p1a: Mewtwo|52\/100\n|-damage|p2a: Miraidon|0 fnt|[from] item: Life Orb\n|faint|p2a: Miraidon\n|move|p1a: Mewtwo|Ice Beam|p2: Miraidon|[notarget]\n|-fail|p1a: Mewtwo\n|\n|upkeep\n|inactive|fraudulent one has 120 seconds left.\n|\n|t:|1698952785\n|switch|p2a: Rayquaza|Rayquaza|100\/100\n|-ability|p2a: Rayquaza|Air Lock\n|turn|5\n|inactive|fraudulent one has 120 seconds left.\n|\n|t:|1698952802\n|move|p1a: Mewtwo|Ice Beam|p2a: Rayquaza\n|-supereffective|p2a: Rayquaza\n|-enditem|p2a: Rayquaza|Focus Sash\n|-damage|p2a: Rayquaza|1\/100\n|-damage|p1a: Mewtwo|42\/100|[from] item: Life Orb\n|move|p2a: Rayquaza|Icy Wind|p1a: Mewtwo\n|-damage|p1a: Mewtwo|31\/100\n|-unboost|p1a: Mewtwo|spe|1\n|\n|-end|p1a: Mewtwo|move: Taunt\n|upkeep\n|turn|6\n|inactive|fraudulent one has 120 seconds left.\n|\n|t:|1698952813\n|move|p2a: Rayquaza|Stealth Rock|p1a: Mewtwo\n|-sidestart|p1: Bulldoger|move: Stealth Rock\n|move|p1a: Mewtwo|Ice Beam|p2a: Rayquaza\n|-supereffective|p2a: Rayquaza\n|-damage|p2a: Rayquaza|0 fnt\n|faint|p2a: Rayquaza\n|-damage|p1a: Mewtwo|21\/100|[from] item: Life Orb\n|\n|-fieldend|move: Electric Terrain\n|upkeep\n|\n|t:|1698952822\n|switch|p2a: Arceus|Arceus|100\/100\n|turn|7\n|\n|t:|1698952827\n|move|p2a: Arceus|Extreme Speed|p1a: Mewtwo\n|-damage|p1a: Mewtwo|0 fnt\n|faint|p1a: Mewtwo\n|\n|upkeep\n|\n|t:|1698952831\n|switch|p1a: Grimmsnarl|Grimmsnarl, M|16\/100 psn\n|-damage|p1a: Grimmsnarl|4\/100 psn|[from] Stealth Rock\n|turn|8\n|\n|t:|1698952835\n|move|p2a: Arceus|Extreme Speed|p1a: Grimmsnarl\n|-damage|p1a: Grimmsnarl|0 fnt\n|faint|p1a: Grimmsnarl\n|\n|-sideend|p1: Bulldoger|move: Light Screen\n|upkeep\n|\n|t:|1698952848\n|switch|p1a: Koraidon|Koraidon|100\/100\n|-damage|p1a: Koraidon|94\/100|[from] Stealth Rock\n|-weather|SunnyDay|[from] ability: Orichalcum Pulse|[of] p1a: Koraidon\n|-activate|p1a: Koraidon|Orichalcum Pulse|[source]\n|turn|9\n|\n|t:|1698952859\n|-terastallize|p2a: Arceus|Ghost\n|move|p1a: Koraidon|Close Combat|p2a: Arceus\n|-immune|p2a: Arceus\n|move|p2a: Arceus|Swords Dance|p2a: Arceus\n|-boost|p2a: Arceus|atk|2\n|\n|-weather|SunnyDay|[upkeep]\n|upkeep\n|turn|10\n|\n|t:|1698952867\n|move|p2a: Arceus|Extreme Speed|p1a: Koraidon\n|-damage|p1a: Koraidon|7\/100\n|move|p1a: Koraidon|Flare Blitz|p2a: Arceus\n|-crit|p2a: Arceus\n|-damage|p2a: Arceus|0 fnt\n|faint|p2a: Arceus\n|-damage|p1a: Koraidon|0 fnt|[from] Recoil\n|faint|p1a: Koraidon\n|\n|-weather|SunnyDay|[upkeep]\n|upkeep\n|\n|t:|1698952887\n|switch|p1a: Kyogre|Kyogre|100\/100\n|switch|p2a: Koraidon|Koraidon|100\/100\n|-activate|p2a: Koraidon|ability: Orichalcum Pulse\n|-damage|p1a: Kyogre|88\/100|[from] Stealth Rock\n|-weather|RainDance|[from] ability: Drizzle|[of] p1a: Kyogre\n|turn|11\n|\n|t:|1698952893\n|switch|p2a: Eternatus|Eternatus|100\/100\n|-ability|p2a: Eternatus|Pressure\n|move|p1a: Kyogre|Ice Beam|p2a: Eternatus\n|-supereffective|p2a: Eternatus\n|-crit|p2a: Eternatus\n|-damage|p2a: Eternatus|3\/100\n|\n|-weather|RainDance|[upkeep]\n|upkeep\n|turn|12\n|\n|t:|1698952900\n|move|p2a: Eternatus|Dynamax Cannon|p1a: Kyogre\n|-damage|p1a: Kyogre|44\/100\n|move|p1a: Kyogre|Ice Beam|p2a: Eternatus\n|-supereffective|p2a: Eternatus\n|-damage|p2a: Eternatus|0 fnt\n|faint|p2a: Eternatus\n|\n|-weather|RainDance|[upkeep]\n|upkeep\n|\n|t:|1698952903\n|switch|p2a: Zacian|Zacian-Crowned|100\/100\n|-ability|p2a: Zacian|Intrepid Sword|boost\n|-boost|p2a: Zacian|atk|1\n|turn|13\n|\n|t:|1698952913\n|move|p2a: Zacian|Play Rough|p1a: Kyogre\n|-damage|p1a: Kyogre|0 fnt\n|faint|p1a: Kyogre\n|\n|-weather|RainDance|[upkeep]\n|upkeep\n|\n|t:|1698952938\n|switch|p1a: Rayquaza|Rayquaza, shiny|100\/100\n|-damage|p1a: Rayquaza|76\/100|[from] Stealth Rock\n|-ability|p1a: Rayquaza|Air Lock\n|turn|14\n|\n|t:|1698952944\n|-terastallize|p1a: Rayquaza|Steel\n|move|p2a: Zacian|Play Rough|p1a: Rayquaza\n|-resisted|p1a: Rayquaza\n|-damage|p1a: Rayquaza|33\/100\n|-unboost|p1a: Rayquaza|atk|1\n|move|p1a: Rayquaza|Earthquake|p2a: Zacian\n|-supereffective|p2a: Zacian\n|-damage|p2a: Zacian|38\/100\n|-damage|p1a: Rayquaza|23\/100|[from] item: Life Orb\n|\n|-weather|RainDance|[upkeep]\n|upkeep\n|turn|15\n|\n|t:|1698952953\n|move|p1a: Rayquaza|Extreme Speed|p2a: Zacian\n|-resisted|p2a: Zacian\n|-damage|p2a: Zacian|26\/100\n|-damage|p1a: Rayquaza|13\/100|[from] item: Life Orb\n|move|p2a: Zacian|Behemoth Blade|p1a: Rayquaza\n|-resisted|p1a: Rayquaza\n|-damage|p1a: Rayquaza|0 fnt\n|faint|p1a: Rayquaza\n|\n|-weather|none\n|upkeep\n|\n|t:|1698952957\n|switch|p1a: Arceus|Arceus|100\/100\n|-damage|p1a: Arceus|88\/100|[from] Stealth Rock\n|turn|16\n|\n|t:|1698952960\n|move|p2a: Zacian|Behemoth Blade|p1a: Arceus\n|-damage|p1a: Arceus|27\/100\n|move|p1a: Arceus|Swords Dance|p1a: Arceus\n|-boost|p1a: Arceus|atk|2\n|\n|upkeep\n|turn|17\n|\n|t:|1698952963\n|move|p1a: Arceus|Extreme Speed|p2a: Zacian\n|-resisted|p2a: Zacian\n|-damage|p2a: Zacian|0 fnt\n|faint|p2a: Zacian\n|-damage|p1a: Arceus|17\/100|[from] item: Life Orb\n|\n|upkeep\n|\n|t:|1698952965\n|switch|p2a: Koraidon|Koraidon|100\/100\n|-weather|SunnyDay|[from] ability: Orichalcum Pulse|[of] p2a: Koraidon\n|-activate|p2a: Koraidon|Orichalcum Pulse|[source]\n|turn|18\n|\n|t:|1698952968\n|move|p1a: Arceus|Extreme Speed|p2a: Koraidon\n|-damage|p2a: Koraidon|12\/100\n|-damage|p1a: Arceus|7\/100|[from] item: Life Orb\n|move|p2a: Koraidon|Flare Blitz|p1a: Arceus\n|-damage|p1a: Arceus|0 fnt\n|faint|p1a: Arceus\n|-damage|p2a: Koraidon|9\/100|[from] Recoil\n|\n|win|fraudulent one\n|raw|Bulldoger's rating: 1433 &rarr; <strong>1416<\/strong><br \/>(-17 for losing)\n|raw|fraudulent one's rating: 1481 &rarr; <strong>1498<\/strong><br \/>(+17 for winning)\n|l|\u2606Bulldoger\n","uploadtime":1698952974,"views":7,"p1id":"bulldoger","p2id":"fraudulentone","formatid":"gen9ubers","rating":1416,"private":0,"password":""}