{"id":"gen9ubers-1987903907","p1":"OceanicGamer3","p2":"termofservice","format":"[Gen 9] Ubers","log":"|j|\u2606OceanicGamer3\n|j|\u2606termofservice\n|t:|1699647652\n|gametype|singles\n|player|p1|OceanicGamer3|bugcatcher-gen4dp|\n|player|p2|termofservice|cynthia-masters|\n|teamsize|p1|6\n|teamsize|p2|6\n|gen|9\n|tier|[Gen 9] Ubers\n|rule|Sleep Clause Mod: Limit one foe put to sleep\n|rule|Species Clause: Limit one of each Pok\u00e9mon\n|rule|OHKO Clause: OHKO moves are banned\n|rule|Evasion Items Clause: Evasion items are banned\n|rule|Evasion Moves Clause: Evasion moves are banned\n|rule|Endless Battle Clause: Forcing endless battles is banned\n|rule|HP Percentage Mod: HP is shown in percentages\n|clearpoke\n|poke|p1|Houndstone, F|\n|poke|p1|Garchomp, M|\n|poke|p1|Heatran, F|\n|poke|p1|Lycanroc, M|\n|poke|p1|Mandibuzz, F|\n|poke|p1|Hippowdon, F|\n|poke|p2|Indeedee-F, F|\n|poke|p2|Espathra, M|\n|poke|p2|Palkia-Origin|\n|poke|p2|Armarouge, F|\n|poke|p2|Cresselia, F|\n|poke|p2|Arceus-Fighting|\n|teampreview\n|l|\u2606OceanicGamer3\n|player|p1|\n|c|\u2606termofservice|Disgusting\n|c|\u2606termofservice|I will hate every second of this battle\n|j|\u2606OceanicGamer3\n|player|p1|OceanicGamer3|bugcatcher-gen4dp\n|c|\u2606OceanicGamer3|:*\n|c|\u2606OceanicGamer3|:(\n|c|\u2606termofservice|Why lycan though\n|c|\u2606OceanicGamer3|This is a new team i made\n|c|\u2606OceanicGamer3|I like lycanroc ok?\n|c|\u2606termofservice|Makes sense\n|\n|t:|1699647709\n|start\n|switch|p1a: Hippowdon|Hippowdon, F|100\/100\n|switch|p2a: Palkia|Palkia-Origin|100\/100\n|-ability|p2a: Palkia|Pressure\n|-weather|Sandstorm|[from] ability: Sand Stream|[of] p1a: Hippowdon\n|turn|1\n|\n|t:|1699647719\n|move|p2a: Palkia|Hydro Pump|p1a: Hippowdon\n|-supereffective|p1a: Hippowdon\n|-damage|p1a: Hippowdon|0 fnt\n|faint|p1a: Hippowdon\n|\n|-weather|Sandstorm|[upkeep]\n|-damage|p2a: Palkia|94\/100|[from] Sandstorm\n|upkeep\n|c|\u2606OceanicGamer3|I HATE MOBILE SO MUCH\n|c|\u2606termofservice|Something like Lando-I would be better\n|c|\u2606termofservice|What's wrong with mobile\n|c|\u2606OceanicGamer3|I swixtued out\n|c|\u2606OceanicGamer3|But ir didnt register\n|\n|t:|1699647761\n|switch|p1a: Garchomp|Garchomp, M|100\/100\n|turn|2\n|\n|t:|1699647766\n|-terastallize|p1a: Garchomp|Steel\n|move|p2a: Palkia|Ice Beam|p1a: Garchomp\n|-resisted|p1a: Garchomp\n|-damage|p1a: Garchomp|82\/100\n|move|p1a: Garchomp|Scale Shot|p2a: Palkia|[miss]\n|-miss|p1a: Garchomp|p2a: Palkia\n|\n|-weather|Sandstorm|[upkeep]\n|-damage|p2a: Palkia|88\/100|[from] Sandstorm\n|upkeep\n|turn|3\n|c|\u2606termofservice|Unlucky\n|c|\u2606OceanicGamer3|:(\n|\n|t:|1699647781\n|move|p2a: Palkia|Fire Blast|p1a: Garchomp\n|-supereffective|p1a: Garchomp\n|-damage|p1a: Garchomp|0 fnt\n|faint|p1a: Garchomp\n|\n|-weather|Sandstorm|[upkeep]\n|-damage|p2a: Palkia|82\/100|[from] Sandstorm\n|upkeep\n|\n|t:|1699647785\n|switch|p1a: Mandibuzz|Mandibuzz, F|100\/100\n|turn|4\n|\n|t:|1699647787\n|move|p2a: Palkia|Ice Beam|p1a: Mandibuzz\n|-supereffective|p1a: Mandibuzz\n|-damage|p1a: Mandibuzz|56\/100\n|move|p1a: Mandibuzz|Toxic|p2a: Palkia\n|-status|p2a: Palkia|tox\n|\n|-weather|Sandstorm|[upkeep]\n|-damage|p2a: Palkia|76\/100 tox|[from] Sandstorm\n|-damage|p2a: Palkia|69\/100 tox|[from] psn\n|upkeep\n|turn|5\n|\n|t:|1699647807\n|switch|p2a: Espathra|Espathra, M|100\/100\n|move|p1a: Mandibuzz|U-turn|p2a: Espathra\n|-supereffective|p2a: Espathra\n|-damage|p2a: Espathra|64\/100\n|c|\u2606termofservice|One\n|\n|t:|1699647813\n|switch|p1a: Lycanroc|Lycanroc, M|100\/100|[from] U-turn\n|\n|-weather|Sandstorm|[upkeep]\n|-damage|p2a: Espathra|58\/100|[from] Sandstorm\n|upkeep\n|turn|6\n|\n|t:|1699647819\n|switch|p2a: Indeedee|Indeedee-F, F|100\/100\n|-fieldstart|move: Psychic Terrain|[from] ability: Psychic Surge|[of] p2a: Indeedee\n|move|p1a: Lycanroc|Swords Dance|p1a: Lycanroc\n|-boost|p1a: Lycanroc|atk|2\n|\n|-weather|Sandstorm|[upkeep]\n|-damage|p2a: Indeedee|94\/100|[from] Sandstorm\n|upkeep\n|turn|7\n|\n|t:|1699647831\n|move|p1a: Lycanroc|Stone Edge|p2a: Indeedee\n|-damage|p2a: Indeedee|0 fnt\n|faint|p2a: Indeedee\n|-damage|p1a: Lycanroc|91\/100|[from] item: Life Orb\n|\n|-weather|Sandstorm|[upkeep]\n|upkeep\n|\n|t:|1699647838\n|switch|p2a: Arceus|Arceus-Fighting|100\/100\n|turn|8\n|\n|t:|1699647844\n|switch|p1a: Houndstone|Houndstone, F|100\/100\n|move|p2a: Arceus|Recover||[still]\n|-fail|p2a: Arceus|heal\n|\n|-weather|none\n|upkeep\n|turn|9\n|\n|t:|1699647853\n|switch|p2a: Cresselia|Cresselia, F|100\/100\n|move|p1a: Houndstone|Last Respects|p2a: Cresselia\n|-supereffective|p2a: Cresselia\n|-damage|p2a: Cresselia|0 fnt\n|faint|p2a: Cresselia\n|\n|upkeep\n|\n|t:|1699647857\n|switch|p2a: Espathra|Espathra, M|58\/100\n|turn|10\n|c|\u2606termofservice|Pray\n|\n|t:|1699647870\n|-terastallize|p2a: Espathra|Psychic\n|move|p2a: Espathra|Lumina Crash|p1a: Houndstone\n|-damage|p1a: Houndstone|0 fnt\n|faint|p1a: Houndstone\n|\n|-ability|p2a: Espathra|Speed Boost|boost\n|-boost|p2a: Espathra|spe|1\n|upkeep\n|c|\u2606termofservice|YEEEAH\n|\n|t:|1699647881\n|switch|p1a: Mandibuzz|Mandibuzz, F|56\/100\n|turn|11\n|\n|t:|1699647884\n|switch|p2a: Palkia|Palkia-Origin|69\/100 tox\n|-ability|p2a: Palkia|Pressure\n|move|p1a: Mandibuzz|Roost|p1a: Mandibuzz\n|-heal|p1a: Mandibuzz|100\/100\n|-singleturn|p1a: Mandibuzz|move: Roost\n|\n|-damage|p2a: Palkia|63\/100 tox|[from] psn\n|upkeep\n|turn|12\n|\n|t:|1699647889\n|move|p2a: Palkia|Hydro Pump|p1a: Mandibuzz|[miss]\n|-miss|p2a: Palkia|p1a: Mandibuzz\n|move|p1a: Mandibuzz|U-turn|p2a: Palkia\n|-damage|p2a: Palkia|51\/100 tox\n|\n|t:|1699647898\n|switch|p1a: Lycanroc|Lycanroc, M|91\/100|[from] U-turn\n|\n|-damage|p2a: Palkia|39\/100 tox|[from] psn\n|upkeep\n|turn|13\n|\n|t:|1699647902\n|switch|p1a: Mandibuzz|Mandibuzz, F|100\/100\n|move|p2a: Palkia|Hydro Pump|p1a: Mandibuzz\n|-damage|p1a: Mandibuzz|51\/100\n|\n|-damage|p2a: Palkia|20\/100 tox|[from] psn\n|-fieldend|move: Psychic Terrain\n|upkeep\n|turn|14\n|\n|t:|1699647909\n|move|p2a: Palkia|Draco Meteor|p1a: Mandibuzz\n|-damage|p1a: Mandibuzz|0 fnt\n|-unboost|p2a: Palkia|spa|2\n|faint|p1a: Mandibuzz\n|\n|-damage|p2a: Palkia|0 fnt|[from] psn\n|faint|p2a: Palkia\n|upkeep\n|\n|t:|1699647916\n|switch|p2a: Arceus|Arceus-Fighting|100\/100\n|switch|p1a: Lycanroc|Lycanroc, M|91\/100\n|turn|15\n|\n|t:|1699647921\n|move|p2a: Arceus|Bulk Up|p2a: Arceus\n|-boost|p2a: Arceus|atk|1\n|-boost|p2a: Arceus|def|1\n|move|p1a: Lycanroc|Close Combat|p2a: Arceus\n|-damage|p2a: Arceus|76\/100\n|-unboost|p1a: Lycanroc|def|1\n|-unboost|p1a: Lycanroc|spd|1\n|-damage|p1a: Lycanroc|81\/100|[from] item: Life Orb\n|\n|upkeep\n|turn|16\n|\n|t:|1699647927\n|move|p2a: Arceus|Bulk Up|p2a: Arceus\n|-boost|p2a: Arceus|atk|1\n|-boost|p2a: Arceus|def|1\n|move|p1a: Lycanroc|Close Combat|p2a: Arceus\n|-damage|p2a: Arceus|59\/100\n|-unboost|p1a: Lycanroc|def|1\n|-unboost|p1a: Lycanroc|spd|1\n|-damage|p1a: Lycanroc|71\/100|[from] item: Life Orb\n|\n|upkeep\n|turn|17\n|\n|t:|1699647934\n|move|p2a: Arceus|Body Press|p1a: Lycanroc\n|-supereffective|p1a: Lycanroc\n|-damage|p1a: Lycanroc|0 fnt\n|faint|p1a: Lycanroc\n|\n|upkeep\n|\n|t:|1699647937\n|switch|p1a: Heatran|Heatran, F|100\/100\n|-item|p1a: Heatran|Air Balloon\n|turn|18\n|\n|t:|1699647940\n|move|p2a: Arceus|Body Press|p1a: Heatran\n|-supereffective|p1a: Heatran\n|-crit|p1a: Heatran\n|-damage|p1a: Heatran|0 fnt\n|-enditem|p1a: Heatran|Air Balloon\n|faint|p1a: Heatran\n|\n|win|termofservice\n|c|\u2606termofservice|GG\n|c|\u2606termofservice|Re?\n|c|\u2606OceanicGamer3|Gg :(\n","uploadtime":1699647949,"views":9,"p1id":"oceanicgamer3","p2id":"termofservice","formatid":"gen9ubers","rating":0,"private":0,"password":""}