{"id":"gen9ubers-1999434554","p1":"Dogattacks","p2":"balls in holes","format":"[Gen 9] Ubers","log":"|j|\u2606Dogattacks\n|j|\u2606balls in holes\n|t:|1701079922\n|gametype|singles\n|player|p1|Dogattacks|koga|1100\n|player|p2|balls in holes|shadowtriad|1158\n|teamsize|p1|6\n|teamsize|p2|6\n|gen|9\n|tier|[Gen 9] Ubers\n|rated|\n|rule|Sleep Clause Mod: Limit one foe put to sleep\n|rule|Species Clause: Limit one of each Pok\u00e9mon\n|rule|OHKO Clause: OHKO moves are banned\n|rule|Evasion Items Clause: Evasion items are banned\n|rule|Evasion Moves Clause: Evasion moves are banned\n|rule|Endless Battle Clause: Forcing endless battles is banned\n|rule|HP Percentage Mod: HP is shown in percentages\n|clearpoke\n|poke|p1|Koraidon|\n|poke|p1|Great Tusk|\n|poke|p1|Baxcalibur, M|\n|poke|p1|Arceus-Ghost|\n|poke|p1|Zacian-*|\n|poke|p1|Ribombee, M|\n|poke|p2|Froslass, F|\n|poke|p2|Gholdengo|\n|poke|p2|Chien-Pao|\n|poke|p2|Miraidon|\n|poke|p2|Dragonite, F|\n|poke|p2|Flutter Mane|\n|teampreview\n|\n|t:|1701079935\n|start\n|switch|p1a: Ribombee|Ribombee, M|100\/100\n|switch|p2a: Flutter Mane|Flutter Mane|100\/100\n|turn|1\n|\n|t:|1701079949\n|-end|p2a: Flutter Mane|Protosynthesis|[silent]\n|switch|p2a: Froslass|Froslass, F|100\/100\n|move|p1a: Ribombee|Sticky Web|p2a: Froslass\n|-sidestart|p2: balls in holes|move: Sticky Web\n|\n|upkeep\n|turn|2\n|\n|t:|1701079955\n|move|p1a: Ribombee|Stun Spore|p2a: Froslass\n|-status|p2a: Froslass|par\n|move|p2a: Froslass|Taunt|p1a: Ribombee\n|-start|p1a: Ribombee|move: Taunt\n|\n|upkeep\n|turn|3\n|\n|t:|1701079960\n|move|p1a: Ribombee|Moonblast|p2a: Froslass\n|-damage|p2a: Froslass|35\/100 par\n|-start|p1a: Ribombee|Disable|Moonblast|[from] ability: Cursed Body|[of] p2a: Froslass\n|move|p2a: Froslass|Thunder Wave|p1a: Ribombee\n|-status|p1a: Ribombee|par\n|\n|upkeep\n|turn|4\n|\n|t:|1701079989\n|switch|p1a: Great Tusk|Great Tusk|100\/100\n|move|p2a: Froslass|Icy Wind|p1a: Great Tusk\n|-supereffective|p1a: Great Tusk\n|-damage|p1a: Great Tusk|33\/100\n|-unboost|p1a: Great Tusk|spe|1\n|\n|upkeep\n|turn|5\n|\n|t:|1701079998\n|move|p1a: Great Tusk|Ice Spinner|p2a: Froslass\n|-resisted|p2a: Froslass\n|-damage|p2a: Froslass|14\/100 par\n|move|p2a: Froslass|Icy Wind|p1a: Great Tusk\n|-supereffective|p1a: Great Tusk\n|-damage|p1a: Great Tusk|0 fnt\n|faint|p1a: Great Tusk\n|-end|p1a: Great Tusk|Protosynthesis|[silent]\n|\n|upkeep\n|\n|t:|1701080005\n|switch|p1a: Koraidon|Koraidon|100\/100\n|-weather|SunnyDay|[from] ability: Orichalcum Pulse|[of] p1a: Koraidon\n|-activate|p1a: Koraidon|Orichalcum Pulse|[source]\n|turn|6\n|\n|t:|1701080009\n|move|p1a: Koraidon|Scale Shot|p2a: Froslass\n|-damage|p2a: Froslass|0 fnt\n|faint|p2a: Froslass\n|-hitcount|p2: Froslass|1\n|-unboost|p1a: Koraidon|def|1\n|-boost|p1a: Koraidon|spe|1\n|\n|-weather|SunnyDay|[upkeep]\n|upkeep\n|\n|t:|1701080019\n|switch|p2a: Dragonite|Dragonite, F|100\/100\n|turn|7\n|\n|t:|1701080030\n|move|p1a: Koraidon|Scale Shot|p2a: Dragonite|[miss]\n|-miss|p1a: Koraidon|p2a: Dragonite\n|move|p2a: Dragonite|Ice Spinner|p1a: Koraidon\n|-supereffective|p1a: Koraidon\n|-damage|p1a: Koraidon|22\/100\n|\n|-weather|SunnyDay|[upkeep]\n|upkeep\n|turn|8\n|\n|t:|1701080038\n|move|p2a: Dragonite|Extreme Speed|p1a: Koraidon\n|-damage|p1a: Koraidon|0 fnt\n|faint|p1a: Koraidon\n|\n|-weather|SunnyDay|[upkeep]\n|upkeep\n|\n|t:|1701080045\n|switch|p1a: Baxcalibur|Baxcalibur, M|100\/100\n|turn|9\n|\n|t:|1701080052\n|move|p1a: Baxcalibur|Scale Shot|p2a: Dragonite\n|-supereffective|p2a: Dragonite\n|-damage|p2a: Dragonite|85\/100\n|-supereffective|p2a: Dragonite\n|-damage|p2a: Dragonite|53\/100\n|-supereffective|p2a: Dragonite\n|-damage|p2a: Dragonite|22\/100\n|-supereffective|p2a: Dragonite\n|-damage|p2a: Dragonite|0 fnt\n|faint|p2a: Dragonite\n|-hitcount|p2: Dragonite|4\n|-unboost|p1a: Baxcalibur|def|1\n|-boost|p1a: Baxcalibur|spe|1\n|\n|-weather|SunnyDay|[upkeep]\n|upkeep\n|\n|t:|1701080066\n|switch|p2a: Chien-Pao|Chien-Pao|100\/100\n|-activate|p2a: Chien-Pao|move: Sticky Web\n|-unboost|p2a: Chien-Pao|spe|1\n|-ability|p2a: Chien-Pao|Sword of Ruin\n|turn|10\n|\n|t:|1701080086\n|switch|p2a: Gholdengo|Gholdengo|100\/100\n|-item|p2a: Gholdengo|Air Balloon\n|-terastallize|p1a: Baxcalibur|Steel\n|move|p1a: Baxcalibur|Scale Shot|p2a: Gholdengo\n|-resisted|p2a: Gholdengo\n|-damage|p2a: Gholdengo|93\/100\n|-enditem|p2a: Gholdengo|Air Balloon\n|-resisted|p2a: Gholdengo\n|-damage|p2a: Gholdengo|85\/100\n|-resisted|p2a: Gholdengo\n|-damage|p2a: Gholdengo|76\/100\n|-resisted|p2a: Gholdengo\n|-damage|p2a: Gholdengo|69\/100\n|-resisted|p2a: Gholdengo\n|-damage|p2a: Gholdengo|60\/100\n|-hitcount|p2a: Gholdengo|5\n|-unboost|p1a: Baxcalibur|def|1\n|-boost|p1a: Baxcalibur|spe|1\n|\n|-weather|none\n|upkeep\n|turn|11\n|\n|t:|1701080097\n|move|p1a: Baxcalibur|Earthquake|p2a: Gholdengo\n|-supereffective|p2a: Gholdengo\n|-damage|p2a: Gholdengo|0 fnt\n|faint|p2a: Gholdengo\n|\n|upkeep\n|\n|t:|1701080103\n|switch|p2a: Miraidon|Miraidon|100\/100\n|-activate|p2a: Miraidon|move: Sticky Web\n|-unboost|p2a: Miraidon|spe|1\n|-fieldstart|move: Electric Terrain|[from] ability: Hadron Engine|[of] p2a: Miraidon\n|turn|12\n|\n|t:|1701080110\n|move|p1a: Baxcalibur|Icicle Spear|p2a: Miraidon\n|-supereffective|p2a: Miraidon\n|-damage|p2a: Miraidon|75\/100\n|-supereffective|p2a: Miraidon\n|-damage|p2a: Miraidon|51\/100\n|-supereffective|p2a: Miraidon\n|-damage|p2a: Miraidon|27\/100\n|-supereffective|p2a: Miraidon\n|-crit|p2a: Miraidon\n|-damage|p2a: Miraidon|0 fnt\n|faint|p2a: Miraidon\n|-hitcount|p2: Miraidon|4\n|\n|upkeep\n|\n|t:|1701080116\n|switch|p2a: Chien-Pao|Chien-Pao|100\/100\n|-activate|p2a: Chien-Pao|move: Sticky Web\n|-unboost|p2a: Chien-Pao|spe|1\n|-ability|p2a: Chien-Pao|Sword of Ruin\n|turn|13\n|-message|balls in holes forfeited.\n|\n|win|Dogattacks\n|raw|Dogattacks's rating: 1100 &rarr; <strong>1129<\/strong><br \/>(+29 for winning)\n|raw|balls in holes's rating: 1158 &rarr; <strong>1129<\/strong><br \/>(-29 for losing)\n|l|\u2606balls in holes\n","uploadtime":1701080127,"views":3,"p1id":"dogattacks","p2id":"ballsinholes","formatid":"gen9ubers","rating":1129,"private":0,"password":""}