{"id":"gen9ubers-1994530216","p1":"Lillyrosethedemon","p2":"TheGreedent02","format":"[Gen 9] Ubers","log":"|j|\u2606Lillyrosethedemon\n|j|\u203dTheGreedent02\n|t:|1700455250\n|gametype|singles\n|player|p1|Lillyrosethedemon|2|\n|player|p2|TheGreedent02|hilbert|\n|teamsize|p1|6\n|teamsize|p2|6\n|gen|9\n|tier|[Gen 9] Ubers\n|rule|Sleep Clause Mod: Limit one foe put to sleep\n|rule|Species Clause: Limit one of each Pok\u00e9mon\n|rule|OHKO Clause: OHKO moves are banned\n|rule|Evasion Items Clause: Evasion items are banned\n|rule|Evasion Moves Clause: Evasion moves are banned\n|rule|Endless Battle Clause: Forcing endless battles is banned\n|rule|HP Percentage Mod: HP is shown in percentages\n|clearpoke\n|poke|p1|Slowbro-Galar, M|\n|poke|p1|Moltres-Galar|\n|poke|p1|Maushold|\n|poke|p1|Spectrier|\n|poke|p1|Hoopa-Unbound|\n|poke|p1|Ambipom, M|\n|poke|p2|Urshifu-*, F|\n|poke|p2|Flutter Mane|\n|poke|p2|Kleavor, M|\n|poke|p2|Volcanion|\n|poke|p2|Eelektross, F|\n|poke|p2|Scream Tail|\n|teampreview\n|\n|t:|1700455260\n|start\n|switch|p1a: Ambipom|Ambipom, M|100\/100\n|switch|p2a: Kleavor|Kleavor, M|100\/100\n|turn|1\n|\n|t:|1700455270\n|move|p1a: Ambipom|Fake Out|p2a: Kleavor\n|-resisted|p2a: Kleavor\n|-damage|p2a: Kleavor|87\/100\n|cant|p2a: Kleavor|flinch\n|\n|upkeep\n|turn|2\n|j| Judgie\n|\n|t:|1700455282\n|move|p1a: Ambipom|U-turn|p2a: Kleavor\n|-damage|p2a: Kleavor|66\/100\n|c| Judgie|HI GUYS!\n|\n|t:|1700455291\n|switch|p1a: Slowbro|Slowbro-Galar, M|100\/100|[from] U-turn\n|move|p2a: Kleavor|Stone Axe|p1a: Slowbro\n|-damage|p1a: Slowbro|60\/100\n|-sidestart|p1: Lillyrosethedemon|move: Stealth Rock\n|\n|upkeep\n|turn|3\n|c| Judgie|TRADE ME GREED\n|-activate|p1a: Slowbro|ability: Quick Draw\n|\n|t:|1700455309\n|move|p1a: Slowbro|Psychic|p2a: Kleavor\n|-damage|p2a: Kleavor|36\/100\n|-unboost|p2a: Kleavor|spd|1\n|move|p2a: Kleavor|X-Scissor|p1a: Slowbro\n|-damage|p1a: Slowbro|9\/100\n|\n|upkeep\n|turn|4\n|-activate|p1a: Slowbro|ability: Quick Draw\n|\n|t:|1700455319\n|move|p2a: Kleavor|Quick Attack|p1a: Slowbro\n|-damage|p1a: Slowbro|0 fnt\n|faint|p1a: Slowbro\n|\n|upkeep\n|\n|t:|1700455332\n|switch|p1a: Hoopa|Hoopa-Unbound|100\/100\n|-damage|p1a: Hoopa|88\/100|[from] Stealth Rock\n|turn|5\n|\n|t:|1700455340\n|move|p2a: Kleavor|X-Scissor|p1a: Hoopa\n|-supereffective|p1a: Hoopa\n|-damage|p1a: Hoopa|0 fnt\n|faint|p1a: Hoopa\n|\n|upkeep\n|\n|t:|1700455346\n|switch|p1a: Ambipom|Ambipom, M|100\/100\n|-damage|p1a: Ambipom|88\/100|[from] Stealth Rock\n|turn|6\n|\n|t:|1700455351\n|move|p1a: Ambipom|Knock Off|p2a: Kleavor\n|-damage|p2a: Kleavor|9\/100\n|-enditem|p2a: Kleavor|Assault Vest|[from] move: Knock Off|[of] p1a: Ambipom\n|move|p2a: Kleavor|X-Scissor|p1a: Ambipom\n|-damage|p1a: Ambipom|0 fnt\n|faint|p1a: Ambipom\n|\n|upkeep\n|\n|t:|1700455361\n|switch|p1a: Maushold|Maushold|100\/100\n|-damage|p1a: Maushold|88\/100|[from] Stealth Rock\n|turn|7\n|\n|t:|1700455370\n|move|p1a: Maushold|Population Bomb|p2a: Kleavor\n|-resisted|p2a: Kleavor\n|-damage|p2a: Kleavor|4\/100\n|-resisted|p2a: Kleavor\n|-damage|p2a: Kleavor|0 fnt\n|faint|p2a: Kleavor\n|-hitcount|p2: Kleavor|2\n|\n|upkeep\n|c| Judgie|WOWZA\n|\n|t:|1700455374\n|switch|p2a: Flutter Mane|Flutter Mane|100\/100\n|-enditem|p2a: Flutter Mane|Booster Energy\n|-activate|p2a: Flutter Mane|ability: Protosynthesis|[fromitem]\n|-start|p2a: Flutter Mane|protosynthesisspe\n|turn|8\n|\n|t:|1700455386\n|move|p2a: Flutter Mane|Calm Mind|p2a: Flutter Mane\n|-boost|p2a: Flutter Mane|spa|1\n|-boost|p2a: Flutter Mane|spd|1\n|move|p1a: Maushold|Tidy Up|p1a: Maushold\n|-sideend|p1: Lillyrosethedemon|Stealth Rock\n|-activate|p1a: Maushold|move: Tidy Up\n|-boost|p1a: Maushold|atk|1\n|-boost|p1a: Maushold|spe|1\n|\n|upkeep\n|turn|9\n|\n|t:|1700455397\n|move|p2a: Flutter Mane|Moonblast|p1a: Maushold\n|-damage|p1a: Maushold|0 fnt\n|faint|p1a: Maushold\n|\n|upkeep\n|\n|t:|1700455402\n|switch|p1a: Moltres|Moltres-Galar|100\/100\n|turn|10\n|\n|t:|1700455415\n|-terastallize|p1a: Moltres|Poison\n|move|p2a: Flutter Mane|Calm Mind|p2a: Flutter Mane\n|-boost|p2a: Flutter Mane|spa|1\n|-boost|p2a: Flutter Mane|spd|1\n|move|p1a: Moltres|Agility|p1a: Moltres\n|-boost|p1a: Moltres|spe|2\n|\n|upkeep\n|turn|11\n|\n|t:|1700455424\n|move|p2a: Flutter Mane|Shadow Ball|p1a: Moltres\n|-damage|p1a: Moltres|34\/100\n|-ability|p1a: Moltres|Berserk|boost\n|-boost|p1a: Moltres|spa|1\n|move|p1a: Moltres|Nasty Plot|p1a: Moltres\n|-boost|p1a: Moltres|spa|2\n|\n|-heal|p1a: Moltres|40\/100|[from] item: Leftovers\n|upkeep\n|turn|12\n|\n|t:|1700455434\n|move|p2a: Flutter Mane|Shadow Ball|p1a: Moltres\n|-damage|p1a: Moltres|0 fnt\n|faint|p1a: Moltres\n|\n|upkeep\n|\n|t:|1700455439\n|switch|p1a: Spectrier|Spectrier|100\/100\n|turn|13\n|\n|t:|1700455443\n|move|p2a: Flutter Mane|Shadow Ball|p1a: Spectrier\n|-supereffective|p1a: Spectrier\n|-damage|p1a: Spectrier|0 fnt\n|faint|p1a: Spectrier\n|\n|win|TheGreedent02\n|l|\u2606Lillyrosethedemon\n","uploadtime":1700455452,"views":4,"p1id":"lillyrosethedemon","p2id":"thegreedent02","formatid":"gen9ubers","rating":0,"private":0,"password":""}