{"id":"gen9ubers-1975446073","p1":"aDestructive","p2":"awfulgreat","format":"[Gen 9] Ubers","log":"|j|\u2606aDestructive\n|j|\u2606awfulgreat\n|t:|1698192182\n|gametype|singles\n|player|p1|aDestructive|170|1140\n|player|p2|awfulgreat|101|1226\n|teamsize|p1|6\n|teamsize|p2|6\n|gen|9\n|tier|[Gen 9] Ubers\n|rated|\n|rule|Sleep Clause Mod: Limit one foe put to sleep\n|rule|Species Clause: Limit one of each Pok\u00e9mon\n|rule|OHKO Clause: OHKO moves are banned\n|rule|Evasion Items Clause: Evasion items are banned\n|rule|Evasion Moves Clause: Evasion moves are banned\n|rule|Endless Battle Clause: Forcing endless battles is banned\n|rule|HP Percentage Mod: HP is shown in percentages\n|clearpoke\n|poke|p1|Ribombee, F|\n|poke|p1|Koraidon|\n|poke|p1|Iron Moth|\n|poke|p1|Annihilape, M|\n|poke|p1|Landorus, M|\n|poke|p1|Brute Bonnet|\n|poke|p2|Kyogre|\n|poke|p2|Arceus-Water|\n|poke|p2|Palkia-Origin|\n|poke|p2|Palafin, M|\n|poke|p2|Great Tusk|\n|poke|p2|Chien-Pao|\n|teampreview\n|\n|t:|1698192200\n|start\n|switch|p1a: Ribombee|Ribombee, F|100\/100\n|switch|p2a: Palafin|Palafin, M|100\/100\n|turn|1\n|\n|t:|1698192205\n|-terastallize|p2a: Palafin|Water\n|move|p1a: Ribombee|Sticky Web|p2a: Palafin\n|-sidestart|p2: awfulgreat|move: Sticky Web\n|move|p2a: Palafin|Flip Turn|p1a: Ribombee\n|-damage|p1a: Ribombee|18\/100\n|\n|t:|1698192211\n|detailschange|p2a: Palafin|Palafin-Hero, M, tera:Water\n|switch|p2a: Great Tusk|Great Tusk|100\/100|[from] Flip Turn\n|-activate|p2a: Great Tusk|move: Sticky Web\n|-unboost|p2a: Great Tusk|spe|1\n|\n|upkeep\n|turn|2\n|\n|t:|1698192217\n|move|p1a: Ribombee|Moonblast|p2a: Great Tusk\n|-supereffective|p2a: Great Tusk\n|-damage|p2a: Great Tusk|0 fnt\n|faint|p2a: Great Tusk\n|-end|p2a: Great Tusk|Protosynthesis|[silent]\n|\n|upkeep\n|\n|t:|1698192222\n|switch|p2a: Kyogre|Kyogre|100\/100\n|-activate|p2a: Kyogre|move: Sticky Web\n|-unboost|p2a: Kyogre|spe|1\n|-weather|RainDance|[from] ability: Drizzle|[of] p2a: Kyogre\n|turn|3\n|\n|t:|1698192228\n|move|p1a: Ribombee|Stun Spore|p2a: Kyogre\n|-status|p2a: Kyogre|par\n|cant|p2a: Kyogre|par\n|\n|-weather|RainDance|[upkeep]\n|upkeep\n|turn|4\n|\n|t:|1698192248\n|switch|p1a: Iron Moth|Iron Moth|100\/100\n|-item|p1a: Iron Moth|Air Balloon\n|move|p2a: Kyogre|Surf|p1a: Iron Moth\n|-supereffective|p1a: Iron Moth\n|-damage|p1a: Iron Moth|0 fnt\n|-enditem|p1a: Iron Moth|Air Balloon\n|faint|p1a: Iron Moth\n|-end|p1a: Iron Moth|Quark Drive|[silent]\n|\n|-weather|RainDance|[upkeep]\n|upkeep\n|\n|t:|1698192258\n|switch|p1a: Brute Bonnet|Brute Bonnet|100\/100\n|turn|5\n|\n|t:|1698192263\n|move|p1a: Brute Bonnet|Energy Ball|p2a: Kyogre\n|-supereffective|p2a: Kyogre\n|-damage|p2a: Kyogre|63\/100 par\n|-unboost|p2a: Kyogre|spd|1\n|move|p2a: Kyogre|Ice Beam|p1a: Brute Bonnet\n|-supereffective|p1a: Brute Bonnet\n|-damage|p1a: Brute Bonnet|55\/100\n|\n|-weather|RainDance|[upkeep]\n|-heal|p2a: Kyogre|70\/100 par|[from] item: Leftovers\n|upkeep\n|turn|6\n|c|\u2606aDestructive|coverage!\n|\n|t:|1698192278\n|-end|p1a: Brute Bonnet|Protosynthesis|[silent]\n|switch|p1a: Koraidon|Koraidon|100\/100\n|-weather|SunnyDay|[from] ability: Orichalcum Pulse|[of] p1a: Koraidon\n|-activate|p1a: Koraidon|Orichalcum Pulse|[source]\n|move|p2a: Kyogre|Ice Beam|p1a: Koraidon\n|-supereffective|p1a: Koraidon\n|-damage|p1a: Koraidon|58\/100\n|-enditem|p1a: Koraidon|Weakness Policy\n|-boost|p1a: Koraidon|atk|2|[from] item: Weakness Policy\n|-boost|p1a: Koraidon|spa|2|[from] item: Weakness Policy\n|\n|-weather|SunnyDay|[upkeep]\n|-heal|p2a: Kyogre|76\/100 par|[from] item: Leftovers\n|upkeep\n|turn|7\n|\n|t:|1698192289\n|move|p1a: Koraidon|Draco Meteor|p2a: Kyogre\n|-damage|p2a: Kyogre|6\/100 par\n|-unboost|p1a: Koraidon|spa|2\n|move|p2a: Kyogre|Thunder Wave|p1a: Koraidon\n|-status|p1a: Koraidon|par\n|\n|-weather|SunnyDay|[upkeep]\n|-heal|p2a: Kyogre|12\/100 par|[from] item: Leftovers\n|upkeep\n|turn|8\n|\n|t:|1698192298\n|move|p1a: Koraidon|Collision Course|p2a: Kyogre\n|-crit|p2a: Kyogre\n|-damage|p2a: Kyogre|0 fnt\n|faint|p2a: Kyogre\n|\n|-weather|SunnyDay|[upkeep]\n|upkeep\n|\n|t:|1698192308\n|switch|p2a: Arceus|Arceus-Water|100\/100\n|-activate|p2a: Arceus|move: Sticky Web\n|-unboost|p2a: Arceus|spe|1\n|turn|9\n|\n|t:|1698192312\n|move|p1a: Koraidon|Collision Course|p2a: Arceus\n|-damage|p2a: Arceus|37\/100\n|move|p2a: Arceus|Rain Dance|p2a: Arceus\n|-weather|RainDance\n|\n|-weather|RainDance|[upkeep]\n|upkeep\n|turn|10\n|\n|t:|1698192321\n|cant|p1a: Koraidon|par\n|move|p2a: Arceus|Judgment|p1a: Koraidon\n|-resisted|p1a: Koraidon\n|-damage|p1a: Koraidon|27\/100 par\n|\n|-weather|RainDance|[upkeep]\n|upkeep\n|turn|11\n|\n|t:|1698192328\n|move|p1a: Koraidon|Collision Course|p2a: Arceus\n|-damage|p2a: Arceus|0 fnt\n|faint|p2a: Arceus\n|\n|-weather|RainDance|[upkeep]\n|upkeep\n|\n|t:|1698192333\n|switch|p2a: Palafin|Palafin-Hero, M, tera:Water|100\/100\n|-activate|p2a: Palafin|move: Sticky Web\n|-unboost|p2a: Palafin|spe|1\n|-activate|p2a: Palafin|ability: Zero to Hero\n|turn|12\n|\n|t:|1698192339\n|move|p2a: Palafin|Jet Punch|p1a: Koraidon\n|-resisted|p1a: Koraidon\n|-crit|p1a: Koraidon\n|-damage|p1a: Koraidon|0 fnt\n|faint|p1a: Koraidon\n|\n|-weather|RainDance|[upkeep]\n|upkeep\n|\n|t:|1698192343\n|switch|p1a: Brute Bonnet|Brute Bonnet|55\/100\n|turn|13\n|\n|t:|1698192346\n|move|p2a: Palafin|Jet Punch|p1a: Brute Bonnet\n|-resisted|p1a: Brute Bonnet\n|-damage|p1a: Brute Bonnet|1\/100\n|-enditem|p1a: Brute Bonnet|Wiki Berry|[eat]\n|-heal|p1a: Brute Bonnet|34\/100|[from] item: Wiki Berry\n|move|p1a: Brute Bonnet|Spore|p2a: Palafin\n|-status|p2a: Palafin|slp|[from] move: Spore\n|\n|-weather|none\n|upkeep\n|turn|14\n|-message|awfulgreat forfeited.\n|\n|win|aDestructive\n|raw|aDestructive's rating: 1140 &rarr; <strong>1171<\/strong><br \/>(+31 for winning)\n|raw|awfulgreat's rating: 1226 &rarr; <strong>1195<\/strong><br \/>(-31 for losing)\n|l|\u2606awfulgreat\n","uploadtime":1698192360,"views":13,"p1id":"adestructive","p2id":"awfulgreat","formatid":"gen9ubers","rating":1171,"private":0,"password":""}