{"id":"gen9ubers-1999775119","p1":"jakewwwwwww","p2":"Ampharoside","format":"[Gen 9] Ubers","log":"|j|\u2606jakewwwwwww\n|j|\u2606Ampharoside\n|t:|1701115552\n|gametype|singles\n|player|p1|jakewwwwwww|266|\n|player|p2|Ampharoside|lucas|\n|teamsize|p1|6\n|teamsize|p2|6\n|gen|9\n|tier|[Gen 9] Ubers\n|rule|Sleep Clause Mod: Limit one foe put to sleep\n|rule|Species Clause: Limit one of each Pok\u00e9mon\n|rule|OHKO Clause: OHKO moves are banned\n|rule|Evasion Items Clause: Evasion items are banned\n|rule|Evasion Moves Clause: Evasion moves are banned\n|rule|Endless Battle Clause: Forcing endless battles is banned\n|rule|HP Percentage Mod: HP is shown in percentages\n|clearpoke\n|poke|p1|Mamoswine, M|\n|poke|p1|Cinderace, M|\n|poke|p1|Iron Valiant|\n|poke|p1|Zarude-Dada|\n|poke|p1|Corviknight, F|\n|poke|p1|Lycanroc-Midnight, M|\n|poke|p2|Slowking-Galar, F|\n|poke|p2|Baxcalibur, F|\n|poke|p2|Abomasnow, M|\n|poke|p2|Crocalor, F|\n|poke|p2|Sandslash-Alola, M|\n|poke|p2|Quaquaval, M|\n|teampreview\n|\n|t:|1701115567\n|start\n|switch|p1a: Kick|Cinderace, M|100\/100\n|switch|p2a: Quaquaval|Quaquaval, M|100\/100\n|turn|1\n|\n|t:|1701115575\n|move|p2a: Quaquaval|Wave Crash|p1a: Kick\n|-supereffective|p1a: Kick\n|-damage|p1a: Kick|0 fnt\n|faint|p1a: Kick\n|-ability|p2a: Quaquaval|Moxie|boost\n|-boost|p2a: Quaquaval|atk|1\n|-damage|p2a: Quaquaval|68\/100|[from] Recoil\n|\n|upkeep\n|\n|t:|1701115588\n|switch|p1a: Generation Loss|Zarude-Dada|100\/100\n|turn|2\n|\n|t:|1701115603\n|switch|p2a: Crocalor|Crocalor, F|100\/100\n|move|p1a: Generation Loss|Knock Off|p2a: Crocalor\n|-damage|p2a: Crocalor|59\/100\n|-enditem|p2a: Crocalor|Eviolite|[from] move: Knock Off|[of] p1a: Generation Loss\n|\n|upkeep\n|turn|3\n|\n|t:|1701115627\n|-terastallize|p1a: Generation Loss|Fire\n|move|p1a: Generation Loss|Knock Off|p2a: Crocalor\n|-damage|p2a: Crocalor|17\/100\n|move|p2a: Crocalor|Will-O-Wisp|p1a: Generation Loss|[miss]\n|-miss|p2a: Crocalor|p1a: Generation Loss\n|\n|upkeep\n|turn|4\n|\n|t:|1701115634\n|move|p1a: Generation Loss|Knock Off|p2a: Crocalor\n|-damage|p2a: Crocalor|0 fnt\n|faint|p2a: Crocalor\n|\n|upkeep\n|j| BPLD\n|\n|t:|1701115714\n|switch|p2a: Abomasnow|Abomasnow, M|100\/100\n|-weather|Snow|[from] ability: Snow Warning|[of] p2a: Abomasnow\n|turn|5\n|\n|t:|1701115719\n|switch|p1a: Pendulum|Corviknight, F|100\/100\n|-ability|p1a: Pendulum|Pressure\n|move|p2a: Abomasnow|Aurora Veil|p2a: Abomasnow\n|-sidestart|p2: Ampharoside|move: Aurora Veil\n|\n|-weather|Snow|[upkeep]\n|upkeep\n|turn|6\n|\n|t:|1701115730\n|switch|p2a: Slowking|Slowking-Galar, F|100\/100\n|move|p1a: Pendulum|U-turn|p2a: Slowking\n|-damage|p2a: Slowking|95\/100\n|\n|t:|1701115775\n|switch|p1a: Otis\/Carl|Mamoswine, M|100\/100|[from] U-turn\n|\n|-weather|Snow|[upkeep]\n|upkeep\n|turn|7\n|\n|t:|1701115782\n|move|p1a: Otis\/Carl|Earthquake|p2a: Slowking\n|-supereffective|p2a: Slowking\n|-damage|p2a: Slowking|41\/100\n|move|p2a: Slowking|Grass Knot|p1a: Otis\/Carl\n|-supereffective|p1a: Otis\/Carl\n|-damage|p1a: Otis\/Carl|0 fnt\n|faint|p1a: Otis\/Carl\n|\n|-weather|Snow|[upkeep]\n|upkeep\n|\n|t:|1701115797\n|switch|p1a: Generation Loss|Zarude-Dada, tera:Fire|100\/100\n|turn|8\n|\n|t:|1701115848\n|switch|p2a: Abomasnow|Abomasnow, M|100\/100\n|move|p1a: Generation Loss|Knock Off|p2a: Abomasnow\n|-damage|p2a: Abomasnow|71\/100\n|-enditem|p2a: Abomasnow|Light Clay|[from] move: Knock Off|[of] p1a: Generation Loss\n|\n|-weather|Snow|[upkeep]\n|upkeep\n|turn|9\n|\n|t:|1701115858\n|switch|p1a: Pendulum|Corviknight, F|100\/100\n|-ability|p1a: Pendulum|Pressure\n|-singleturn|p2a: Abomasnow|move: Focus Punch\n|move|p2a: Abomasnow|Focus Punch|p1a: Pendulum\n|-damage|p1a: Pendulum|75\/100\n|\n|-weather|none\n|-heal|p1a: Pendulum|81\/100|[from] item: Leftovers\n|upkeep\n|turn|10\n|\n|t:|1701115875\n|switch|p2a: Quaquaval|Quaquaval, M|68\/100\n|move|p1a: Pendulum|Body Press|p2a: Quaquaval\n|-damage|p2a: Quaquaval|51\/100\n|\n|-heal|p1a: Pendulum|87\/100|[from] item: Leftovers\n|upkeep\n|turn|11\n|\n|t:|1701115888\n|move|p2a: Quaquaval|Flip Turn|p1a: Pendulum\n|-damage|p1a: Pendulum|68\/100\n|\n|t:|1701115892\n|switch|p2a: Baxcalibur|Baxcalibur, F|100\/100|[from] Flip Turn\n|move|p1a: Pendulum|Body Press|p2a: Baxcalibur\n|-supereffective|p2a: Baxcalibur\n|-damage|p2a: Baxcalibur|74\/100\n|\n|-heal|p1a: Pendulum|74\/100|[from] item: Leftovers\n|upkeep\n|turn|12\n|\n|t:|1701115914\n|move|p2a: Baxcalibur|Dragon Dance|p2a: Baxcalibur\n|-boost|p2a: Baxcalibur|atk|1\n|-boost|p2a: Baxcalibur|spe|1\n|move|p1a: Pendulum|Body Press|p2a: Baxcalibur\n|-supereffective|p2a: Baxcalibur\n|-damage|p2a: Baxcalibur|50\/100\n|\n|-heal|p1a: Pendulum|80\/100|[from] item: Leftovers\n|-sideend|p2: Ampharoside|move: Aurora Veil\n|upkeep\n|turn|13\n|\n|t:|1701115926\n|move|p2a: Baxcalibur|Icicle Spear|p1a: Pendulum\n|-damage|p1a: Pendulum|66\/100\n|-damage|p1a: Pendulum|53\/100\n|-damage|p1a: Pendulum|40\/100\n|-damage|p1a: Pendulum|26\/100\n|-damage|p1a: Pendulum|13\/100\n|-hitcount|p1a: Pendulum|5\n|move|p1a: Pendulum|Body Press|p2a: Baxcalibur\n|-supereffective|p2a: Baxcalibur\n|-damage|p2a: Baxcalibur|0 fnt\n|faint|p2a: Baxcalibur\n|\n|-heal|p1a: Pendulum|19\/100|[from] item: Leftovers\n|upkeep\n|\n|t:|1701115930\n|switch|p2a: Quaquaval|Quaquaval, M|51\/100\n|turn|14\n|\n|t:|1701115969\n|move|p2a: Quaquaval|Wave Crash|p1a: Pendulum\n|-damage|p1a: Pendulum|0 fnt\n|faint|p1a: Pendulum\n|-ability|p2a: Quaquaval|Moxie|boost\n|-boost|p2a: Quaquaval|atk|1\n|-damage|p2a: Quaquaval|44\/100|[from] Recoil\n|\n|upkeep\n|\n|t:|1701115982\n|switch|p1a: Clean-Up Crew|Iron Valiant|100\/100\n|-enditem|p1a: Clean-Up Crew|Booster Energy\n|-activate|p1a: Clean-Up Crew|ability: Quark Drive|[fromitem]\n|-start|p1a: Clean-Up Crew|quarkdrivespe\n|turn|15\n|\n|t:|1701115997\n|switch|p2a: Abomasnow|Abomasnow, M|71\/100\n|-weather|Snow|[from] ability: Snow Warning|[of] p2a: Abomasnow\n|move|p1a: Clean-Up Crew|Aura Sphere|p2a: Abomasnow\n|-supereffective|p2a: Abomasnow\n|-damage|p2a: Abomasnow|0 fnt\n|faint|p2a: Abomasnow\n|\n|-weather|Snow|[upkeep]\n|upkeep\n|\n|t:|1701116002\n|switch|p2a: Slowking|Slowking-Galar, F|74\/100\n|turn|16\n|\n|t:|1701116041\n|move|p1a: Clean-Up Crew|Shadow Ball|p2a: Slowking\n|-supereffective|p2a: Slowking\n|-damage|p2a: Slowking|42\/100\n|move|p2a: Slowking|Sludge Bomb|p1a: Clean-Up Crew\n|-supereffective|p1a: Clean-Up Crew\n|-damage|p1a: Clean-Up Crew|0 fnt\n|faint|p1a: Clean-Up Crew\n|-end|p1a: Clean-Up Crew|Quark Drive|[silent]\n|\n|-weather|Snow|[upkeep]\n|upkeep\n|\n|t:|1701116111\n|switch|p1a: Generation Loss|Zarude-Dada, tera:Fire|100\/100\n|turn|17\n|\n|t:|1701116119\n|move|p1a: Generation Loss|Tera Blast|p2a: Slowking|[anim] Tera Blast Fire\n|-damage|p2a: Slowking|0 fnt\n|faint|p2a: Slowking\n|\n|-weather|Snow|[upkeep]\n|upkeep\n|\n|t:|1701116170\n|switch|p2a: Quaquaval|Quaquaval, M|44\/100\n|turn|18\n|\n|t:|1701116192\n|move|p2a: Quaquaval|Flip Turn|p1a: Generation Loss\n|-supereffective|p1a: Generation Loss\n|-damage|p1a: Generation Loss|45\/100\n|\n|t:|1701116194\n|switch|p2a: Sandslash|Sandslash-Alola, M|100\/100|[from] Flip Turn\n|move|p1a: Generation Loss|Tera Blast|p2a: Sandslash|[anim] Tera Blast Fire|[miss]\n|-miss|p1a: Generation Loss|p2a: Sandslash\n|\n|-weather|Snow|[upkeep]\n|upkeep\n|turn|19\n|c|\u2606Ampharoside|fuck\n|c|\u2606Ampharoside|i brought the wrong ability\n|c|\u2606Ampharoside|you can have the win\n|c|\u2606jakewwwwwww|is it not legal?\n|c|\u2606Ampharoside|it's supposed to have slush rush\n|c|\u2606Ampharoside|but the default is snow cloak and i forgot to switch it\n|c|\u2606jakewwwwwww|no i mean some leagues ban snow cloak\n|c|\u2606Ampharoside|yeah i'm pretty sure it's banned\n|c|\u2606jakewwwwwww|ah thought so\n|-message|Ampharoside forfeited.\n|\n|win|jakewwwwwww\n|c| BPLD|it is unfort\n|c|\u2606Ampharoside|let me go switch it\n|l| BPLD\n","uploadtime":1701116306,"views":12,"p1id":"jakewwwwwww","p2id":"ampharoside","formatid":"gen9ubers","rating":0,"private":0,"password":""}