{"id":"gen9ubers-1976226031","p1":"arthurtang","p2":"Hagenzdaz","format":"[Gen 9] Ubers","log":"|j|\u2606arthurtang\n|j|\u2606Hagenzdaz\n|t:|1698275829\n|gametype|singles\n|player|p1|arthurtang|red|1000\n|player|p2|Hagenzdaz|iris|1116\n|teamsize|p1|6\n|teamsize|p2|6\n|gen|9\n|tier|[Gen 9] Ubers\n|rated|\n|rule|Sleep Clause Mod: Limit one foe put to sleep\n|rule|Species Clause: Limit one of each Pok\u00e9mon\n|rule|OHKO Clause: OHKO moves are banned\n|rule|Evasion Items Clause: Evasion items are banned\n|rule|Evasion Moves Clause: Evasion moves are banned\n|rule|Endless Battle Clause: Forcing endless battles is banned\n|rule|HP Percentage Mod: HP is shown in percentages\n|clearpoke\n|poke|p1|Breloom, M|\n|poke|p1|Glimmora, M|\n|poke|p1|Palafin, M|\n|poke|p1|Bisharp, M|\n|poke|p1|Mewtwo|\n|poke|p1|Dragapult, F|\n|poke|p2|Ribombee, M|\n|poke|p2|Koraidon|\n|poke|p2|Ditto|\n|poke|p2|Skeledirge, F|\n|poke|p2|Arceus-Ground|\n|poke|p2|Flutter Mane|\n|teampreview\n|\n|t:|1698275839\n|start\n|switch|p1a: Glimmora|Glimmora, M, shiny|100\/100\n|switch|p2a: Ribombee|Ribombee, M|100\/100\n|turn|1\n|\n|t:|1698275848\n|move|p2a: Ribombee|Sticky Web|p1a: Glimmora\n|-sidestart|p1: arthurtang|move: Sticky Web\n|move|p1a: Glimmora|Light Screen|p1a: Glimmora\n|-sidestart|p1: arthurtang|move: Light Screen\n|\n|upkeep\n|turn|2\n|\n|t:|1698275859\n|move|p2a: Ribombee|Moonblast|p1a: Glimmora\n|-resisted|p1a: Glimmora\n|-damage|p1a: Glimmora|90\/100\n|-unboost|p1a: Glimmora|spa|1\n|move|p1a: Glimmora|Spikes|p2a: Ribombee\n|-sidestart|p2: Hagenzdaz|Spikes\n|\n|upkeep\n|turn|3\n|\n|t:|1698275866\n|switch|p2a: Arceus|Arceus-Ground|100\/100\n|-damage|p2a: Arceus|88\/100|[from] Spikes\n|move|p1a: Glimmora|Spikes|p2a: Arceus\n|-sidestart|p2: Hagenzdaz|Spikes\n|\n|upkeep\n|turn|4\n|\n|t:|1698275876\n|move|p2a: Arceus|Dragon Dance|p2a: Arceus\n|-boost|p2a: Arceus|atk|1\n|-boost|p2a: Arceus|spe|1\n|move|p1a: Glimmora|Spikes|p2a: Arceus\n|-sidestart|p2: Hagenzdaz|Spikes\n|\n|upkeep\n|turn|5\n|\n|t:|1698275883\n|move|p2a: Arceus|Dragon Dance|p2a: Arceus\n|-boost|p2a: Arceus|atk|1\n|-boost|p2a: Arceus|spe|1\n|move|p1a: Glimmora|Stone Edge|p2a: Arceus\n|-resisted|p2a: Arceus\n|-damage|p2a: Arceus|80\/100\n|\n|-sideend|p1: arthurtang|move: Light Screen\n|upkeep\n|turn|6\n|\n|t:|1698275891\n|move|p2a: Arceus|Dragon Dance|p2a: Arceus\n|-boost|p2a: Arceus|atk|1\n|-boost|p2a: Arceus|spe|1\n|move|p1a: Glimmora|Light Screen|p1a: Glimmora\n|-sidestart|p1: arthurtang|move: Light Screen\n|\n|upkeep\n|turn|7\n|\n|t:|1698275903\n|move|p2a: Arceus|Earthquake|p1a: Glimmora\n|-supereffective|p1a: Glimmora\n|-damage|p1a: Glimmora|0 fnt\n|-activate|p1a: Glimmora|ability: Toxic Debris\n|-sidestart|p2: Hagenzdaz|move: Toxic Spikes\n|faint|p1a: Glimmora\n|\n|upkeep\n|\n|t:|1698275919\n|switch|p1a: Breloom|Breloom, M, shiny|100\/100\n|-activate|p1a: Breloom|move: Sticky Web\n|-unboost|p1a: Breloom|spe|1\n|turn|8\n|\n|t:|1698275930\n|move|p2a: Arceus|Taunt|p1a: Breloom\n|-start|p1a: Breloom|move: Taunt\n|cant|p1a: Breloom|move: Taunt|Spore\n|\n|upkeep\n|turn|9\n|\n|t:|1698275938\n|-terastallize|p2a: Arceus|Fire\n|move|p2a: Arceus|Earthquake|p1a: Breloom\n|-resisted|p1a: Breloom\n|-enditem|p1a: Breloom|Focus Sash\n|-damage|p1a: Breloom|1\/100\n|move|p1a: Breloom|Drain Punch|p2a: Arceus\n|-damage|p2a: Arceus|57\/100\n|-heal|p1a: Breloom|16\/100|[from] drain|[of] p2a: Arceus\n|\n|upkeep\n|turn|10\n|\n|t:|1698275948\n|move|p2a: Arceus|Earthquake|p1a: Breloom\n|-resisted|p1a: Breloom\n|-damage|p1a: Breloom|0 fnt\n|faint|p1a: Breloom\n|\n|-sideend|p1: arthurtang|move: Light Screen\n|upkeep\n|\n|t:|1698275962\n|switch|p1a: Palafin|Palafin, M|100\/100\n|-activate|p1a: Palafin|move: Sticky Web\n|-unboost|p1a: Palafin|spe|1\n|turn|11\n|\n|t:|1698275967\n|move|p2a: Arceus|Earthquake|p1a: Palafin\n|-damage|p1a: Palafin|0 fnt\n|faint|p1a: Palafin\n|\n|upkeep\n|\n|t:|1698275982\n|switch|p1a: Dragapult|Dragapult, F|100\/100\n|-activate|p1a: Dragapult|move: Sticky Web\n|-unboost|p1a: Dragapult|spe|1\n|turn|12\n|\n|t:|1698275992\n|move|p2a: Arceus|Shadow Claw|p1a: Dragapult\n|-supereffective|p1a: Dragapult\n|-damage|p1a: Dragapult|0 fnt\n|-start|p2a: Arceus|Disable|Shadow Claw|[from] ability: Cursed Body|[of] p1a: Dragapult\n|faint|p1a: Dragapult\n|\n|upkeep\n|\n|t:|1698276001\n|switch|p1a: Mewtwo|Mewtwo|100\/100\n|-ability|p1a: Mewtwo|Unnerve\n|-activate|p1a: Mewtwo|move: Sticky Web\n|-unboost|p1a: Mewtwo|spe|1\n|turn|13\n|\n|t:|1698276004\n|move|p2a: Arceus|Earthquake|p1a: Mewtwo\n|-damage|p1a: Mewtwo|0 fnt\n|faint|p1a: Mewtwo\n|\n|upkeep\n|\n|t:|1698276006\n|switch|p1a: Bisharp|Bisharp, M, shiny|100\/100\n|-activate|p1a: Bisharp|move: Sticky Web\n|-unboost|p1a: Bisharp|spe|1\n|-ability|p1a: Bisharp|Defiant|boost\n|-boost|p1a: Bisharp|atk|2\n|turn|14\n|\n|t:|1698276011\n|move|p2a: Arceus|Earthquake|p1a: Bisharp\n|-supereffective|p1a: Bisharp\n|-damage|p1a: Bisharp|0 fnt\n|faint|p1a: Bisharp\n|\n|win|Hagenzdaz\n|raw|arthurtang's rating: 1000 &rarr; <strong>1000<\/strong><br \/>(+0 for losing)\n|raw|Hagenzdaz's rating: 1116 &rarr; <strong>1133<\/strong><br \/>(+17 for winning)\n|c|\u2606Hagenzdaz|6-0\n|c|\u2606Hagenzdaz|lol\n|c|\u2606Hagenzdaz|ez\n|l|\u2606arthurtang\n","uploadtime":1698276026,"views":11,"p1id":"arthurtang","p2id":"hagenzdaz","formatid":"gen9ubers","rating":1000,"private":0,"password":""}