{"id":"gen9ubers-1983350576","p1":"Alk0","p2":"manomatheus09","format":"[Gen 9] Ubers","log":"|j|\u2606Alk0\n|j|\u2606manomatheus09\n|t:|1699120958\n|gametype|singles\n|player|p1|Alk0|psychic|1008\n|player|p2|manomatheus09|170|1000\n|teamsize|p1|6\n|teamsize|p2|6\n|gen|9\n|tier|[Gen 9] Ubers\n|rated|\n|rule|Sleep Clause Mod: Limit one foe put to sleep\n|rule|Species Clause: Limit one of each Pok\u00e9mon\n|rule|OHKO Clause: OHKO moves are banned\n|rule|Evasion Items Clause: Evasion items are banned\n|rule|Evasion Moves Clause: Evasion moves are banned\n|rule|Endless Battle Clause: Forcing endless battles is banned\n|rule|HP Percentage Mod: HP is shown in percentages\n|clearpoke\n|poke|p1|Iron Moth|\n|poke|p1|Dragapult, M|\n|poke|p1|Azumarill, M|\n|poke|p1|Spectrier|\n|poke|p1|Regieleki|\n|poke|p1|Mamoswine, F|\n|poke|p2|Koraidon|\n|poke|p2|Miraidon|\n|poke|p2|Mew|\n|poke|p2|Rayquaza|\n|poke|p2|Arceus|\n|poke|p2|Regieleki|\n|teampreview\n|\n|t:|1699120967\n|start\n|switch|p1a: Mamoswine|Mamoswine, F|100\/100\n|switch|p2a: Regieleki|Regieleki|100\/100\n|turn|1\n|\n|t:|1699120980\n|move|p2a: Regieleki|Thunderbolt|p1a: Mamoswine\n|-immune|p1a: Mamoswine\n|move|p1a: Mamoswine|Icicle Spear|p2a: Regieleki\n|-damage|p2a: Regieleki|82\/100\n|-damage|p2a: Regieleki|63\/100\n|-hitcount|p2a: Regieleki|2\n|\n|upkeep\n|turn|2\n|\n|t:|1699120993\n|move|p2a: Regieleki|Extreme Speed|p1a: Mamoswine\n|-damage|p1a: Mamoswine|79\/100\n|move|p1a: Mamoswine|Earthquake|p2a: Regieleki\n|-supereffective|p2a: Regieleki\n|-damage|p2a: Regieleki|0 fnt\n|faint|p2a: Regieleki\n|\n|upkeep\n|\n|t:|1699121005\n|switch|p2a: Koraidon|Koraidon|100\/100\n|-weather|SunnyDay|[from] ability: Orichalcum Pulse|[of] p2a: Koraidon\n|-activate|p2a: Koraidon|Orichalcum Pulse|[source]\n|turn|3\n|\n|t:|1699121021\n|move|p2a: Koraidon|Dragon Claw|p1a: Mamoswine\n|-damage|p1a: Mamoswine|20\/100\n|-enditem|p1a: Mamoswine|Aguav Berry|[eat]\n|-heal|p1a: Mamoswine|54\/100|[from] item: Aguav Berry\n|-start|p1a: Mamoswine|confusion\n|-activate|p1a: Mamoswine|confusion\n|move|p1a: Mamoswine|Icicle Spear|p2a: Koraidon\n|-supereffective|p2a: Koraidon\n|-damage|p2a: Koraidon|81\/100\n|-supereffective|p2a: Koraidon\n|-damage|p2a: Koraidon|61\/100\n|-supereffective|p2a: Koraidon\n|-damage|p2a: Koraidon|43\/100\n|-hitcount|p2a: Koraidon|3\n|\n|-weather|SunnyDay|[upkeep]\n|upkeep\n|turn|4\n|\n|t:|1699121046\n|switch|p1a: Spectrier|Spectrier|100\/100\n|move|p2a: Koraidon|Ancient Power|p1a: Spectrier\n|-damage|p1a: Spectrier|86\/100\n|\n|-weather|SunnyDay|[upkeep]\n|-heal|p1a: Spectrier|92\/100|[from] item: Leftovers\n|upkeep\n|turn|5\n|\n|t:|1699121068\n|move|p1a: Spectrier|Draining Kiss|p2a: Koraidon\n|-supereffective|p2a: Koraidon\n|-damage|p2a: Koraidon|0 fnt\n|-heal|p1a: Spectrier|100\/100|[from] drain|[of] p2a: Koraidon\n|faint|p2a: Koraidon\n|-ability|p1a: Spectrier|Grim Neigh|boost\n|-boost|p1a: Spectrier|spa|1\n|\n|-weather|SunnyDay|[upkeep]\n|upkeep\n|\n|t:|1699121085\n|switch|p2a: Rayquaza|Rayquaza|100\/100\n|-ability|p2a: Rayquaza|Air Lock\n|turn|6\n|\n|t:|1699121113\n|move|p1a: Spectrier|Draining Kiss|p2a: Rayquaza\n|-supereffective|p2a: Rayquaza\n|-damage|p2a: Rayquaza|47\/100\n|move|p2a: Rayquaza|Blizzard|p1a: Spectrier\n|-damage|p1a: Spectrier|55\/100\n|\n|-weather|SunnyDay|[upkeep]\n|-heal|p1a: Spectrier|61\/100|[from] item: Leftovers\n|upkeep\n|turn|7\n|\n|t:|1699121122\n|move|p1a: Spectrier|Draining Kiss|p2a: Rayquaza\n|-supereffective|p2a: Rayquaza\n|-damage|p2a: Rayquaza|0 fnt\n|-heal|p1a: Spectrier|99\/100|[from] drain|[of] p2a: Rayquaza\n|faint|p2a: Rayquaza\n|-ability|p1a: Spectrier|Grim Neigh|boost\n|-boost|p1a: Spectrier|spa|1\n|\n|-weather|none\n|-heal|p1a: Spectrier|100\/100|[from] item: Leftovers\n|upkeep\n|\n|t:|1699121131\n|switch|p2a: Mew|Mew|100\/100\n|turn|8\n|\n|t:|1699121143\n|move|p1a: Spectrier|Dark Pulse|p2a: Mew\n|-supereffective|p2a: Mew\n|-damage|p2a: Mew|1\/100\n|move|p2a: Mew|Acrobatics|p1a: Spectrier\n|-damage|p1a: Spectrier|55\/100\n|\n|-heal|p1a: Spectrier|61\/100|[from] item: Leftovers\n|upkeep\n|turn|9\n|\n|t:|1699121158\n|switch|p2a: Miraidon|Miraidon|100\/100\n|-fieldstart|move: Electric Terrain|[from] ability: Hadron Engine|[of] p2a: Miraidon\n|move|p1a: Spectrier|Draining Kiss|p2a: Miraidon\n|-supereffective|p2a: Miraidon\n|-damage|p2a: Miraidon|36\/100\n|-heal|p1a: Spectrier|100\/100|[from] drain|[of] p2a: Miraidon\n|\n|upkeep\n|turn|10\n|\n|t:|1699121173\n|move|p1a: Spectrier|Draining Kiss|p2a: Miraidon\n|-supereffective|p2a: Miraidon\n|-damage|p2a: Miraidon|0 fnt\n|faint|p2a: Miraidon\n|-ability|p1a: Spectrier|Grim Neigh|boost\n|-boost|p1a: Spectrier|spa|1\n|\n|upkeep\n|\n|t:|1699121179\n|switch|p2a: Arceus|Arceus|100\/100\n|turn|11\n|\n|t:|1699121197\n|move|p1a: Spectrier|Disable||[still]\n|-fail|p1a: Spectrier\n|move|p2a: Arceus|Future Sight|p1a: Spectrier\n|-start|p2a: Arceus|move: Future Sight\n|\n|upkeep\n|turn|12\n|\n|t:|1699121209\n|move|p1a: Spectrier|Dark Pulse|p2a: Arceus\n|-damage|p2a: Arceus|48\/100\n|move|p2a: Arceus|Steel Beam|p1a: Spectrier\n|-damage|p1a: Spectrier|52\/100\n|-damage|p2a: Arceus|0 fnt|[from] steelbeam\n|faint|p2a: Arceus\n|\n|-heal|p1a: Spectrier|58\/100|[from] item: Leftovers\n|upkeep\n|\n|t:|1699121218\n|switch|p2a: Mew|Mew|1\/100\n|turn|13\n|\n|t:|1699121225\n|move|p1a: Spectrier|Draining Kiss|p2a: Mew\n|-damage|p2a: Mew|0 fnt\n|-heal|p1a: Spectrier|59\/100|[from] drain|[of] p2a: Mew\n|faint|p2a: Mew\n|\n|win|Alk0\n|raw|Alk0's rating: 1008 &rarr; <strong>1046<\/strong><br \/>(+38 for winning)\n|raw|manomatheus09's rating: 1000 &rarr; <strong>1000<\/strong><br \/>(+0 for losing)\n|l|\u2606manomatheus09\n","uploadtime":1699121237,"views":9,"p1id":"alk0","p2id":"manomatheus09","formatid":"gen9ubers","rating":1000,"private":0,"password":""}