{"id":"gen9ubers-1971511560","p1":"Hash_13","p2":"JumboSauce","format":"[Gen 9] Ubers","log":"|j|\u2606Hash_13\n|j|\u2606JumboSauce\n|t:|1697744310\n|gametype|singles\n|player|p1|Hash_13|lucas|\n|player|p2|JumboSauce|pokemaniac|\n|teamsize|p1|6\n|teamsize|p2|6\n|gen|9\n|tier|[Gen 9] Ubers\n|rule|Sleep Clause Mod: Limit one foe put to sleep\n|rule|Species Clause: Limit one of each Pok\u00e9mon\n|rule|OHKO Clause: OHKO moves are banned\n|rule|Evasion Items Clause: Evasion items are banned\n|rule|Evasion Moves Clause: Evasion moves are banned\n|rule|Endless Battle Clause: Forcing endless battles is banned\n|rule|HP Percentage Mod: HP is shown in percentages\n|clearpoke\n|poke|p1|Toxapex, M|\n|poke|p1|Sableye, F|\n|poke|p1|Amoonguss, F|\n|poke|p1|Slaking, M|\n|poke|p1|Mimikyu, F|\n|poke|p1|Cresselia, F|\n|poke|p2|Torterra, M|\n|poke|p2|Regieleki|\n|poke|p2|Ribombee, M|\n|poke|p2|Regidrago|\n|poke|p2|Slowking-Galar, F|\n|poke|p2|Dragapult, F|\n|teampreview\n|j| sgrg32\n|j| evan is rotund\n|j| Jaketr4\n|c|\u2606Hash_13|gl gl\n|c|\u2606JumboSauce|=\n|\n|t:|1697744363\n|start\n|switch|p1a: Sableye|Sableye, F|100\/100\n|switch|p2a: CONSUME THE SOY|Ribombee, M|100\/100\n|turn|1\n|\n|t:|1697744370\n|move|p1a: Sableye|Trick|p2a: CONSUME THE SOY\n|-activate|p1a: Sableye|move: Trick|[of] p2a: CONSUME THE SOY\n|-item|p2a: CONSUME THE SOY|Choice Scarf|[from] move: Trick\n|-item|p1a: Sableye|Focus Sash|[from] move: Trick\n|move|p2a: CONSUME THE SOY|Moonblast|p1a: Sableye\n|-supereffective|p1a: Sableye\n|-enditem|p1a: Sableye|Focus Sash\n|-damage|p1a: Sableye|1\/100\n|\n|upkeep\n|turn|2\n|\n|t:|1697744412\n|switch|p1a: Cresselia|Cresselia, F|100\/100\n|move|p2a: CONSUME THE SOY|Moonblast|p1a: Cresselia\n|-damage|p1a: Cresselia|73\/100\n|\n|-heal|p1a: Cresselia|79\/100|[from] item: Leftovers\n|upkeep\n|turn|3\n|l| sgrg32\n|j| sgrg32\n|\n|t:|1697744492\n|switch|p2a: money for fun|Dragapult, F|100\/100\n|move|p1a: Cresselia|Moonblast|p2a: money for fun\n|-supereffective|p2a: money for fun\n|-damage|p2a: money for fun|35\/100\n|\n|-heal|p2a: money for fun|41\/100|[from] item: Leftovers\n|-heal|p1a: Cresselia|85\/100|[from] item: Leftovers\n|upkeep\n|turn|4\n|\n|t:|1697744525\n|switch|p1a: Toxapex|Toxapex, M|100\/100\n|move|p2a: money for fun|Substitute|p2a: money for fun\n|-start|p2a: money for fun|Substitute\n|-damage|p2a: money for fun|16\/100\n|\n|-heal|p2a: money for fun|22\/100|[from] item: Leftovers\n|upkeep\n|turn|5\n|\n|t:|1697744600\n|switch|p1a: Mimikyu|Mimikyu, F|100\/100\n|move|p2a: money for fun|Thunder Wave|p1a: Mimikyu\n|-status|p1a: Mimikyu|par\n|\n|-heal|p2a: money for fun|28\/100|[from] item: Leftovers\n|upkeep\n|turn|6\n|\n|t:|1697744607\n|move|p1a: Mimikyu|Shadow Sneak|p2a: money for fun\n|-supereffective|p2a: money for fun\n|-end|p2a: money for fun|Substitute\n|-damage|p1a: Mimikyu|91\/100 par|[from] item: Life Orb\n|move|p2a: money for fun|Hex|p1a: Mimikyu\n|-activate|p1a: Mimikyu|ability: Disguise\n|-damage|p1a: Mimikyu|91\/100 par\n|detailschange|p1a: Mimikyu|Mimikyu-Busted, F\n|-damage|p1a: Mimikyu|78\/100 par|[from] pokemon: Mimikyu-Busted\n|\n|-heal|p2a: money for fun|34\/100|[from] item: Leftovers\n|upkeep\n|turn|7\n|\n|t:|1697744619\n|switch|p2a: CONSUME THE SOY|Ribombee, M|100\/100\n|cant|p1a: Mimikyu|par\n|\n|upkeep\n|turn|8\n|l| sgrg32\n|j| sgrg32\n|\n|t:|1697744755\n|move|p2a: CONSUME THE SOY|Moonblast|p1a: Mimikyu\n|-crit|p1a: Mimikyu\n|-damage|p1a: Mimikyu|0 fnt\n|faint|p1a: Mimikyu\n|\n|upkeep\n|\n|t:|1697744772\n|switch|p1a: Cresselia|Cresselia, F|85\/100\n|turn|9\n|\n|t:|1697744821\n|switch|p2a: Pikmin 4|Slowking-Galar, F|100\/100\n|move|p1a: Cresselia|Psyshock|p2a: Pikmin 4\n|-damage|p2a: Pikmin 4|69\/100\n|\n|-heal|p1a: Cresselia|91\/100|[from] item: Leftovers\n|upkeep\n|turn|10\n|\n|t:|1697744841\n|switch|p1a: Toxapex|Toxapex, M|100\/100\n|move|p2a: Pikmin 4|Thunder Wave|p1a: Toxapex\n|-status|p1a: Toxapex|par\n|\n|upkeep\n|turn|11\n|\n|t:|1697744920\n|move|p2a: Pikmin 4|Chilly Reception|p2a: Pikmin 4\n|-weather|Snow\n|\n|t:|1697744928\n|switch|p2a: doo blaster|Regidrago|100\/100|[from] Chilly Reception\n|move|p1a: Toxapex|Surf|p2a: doo blaster\n|-resisted|p2a: doo blaster\n|-damage|p2a: doo blaster|90\/100\n|\n|-weather|Snow|[upkeep]\n|upkeep\n|turn|12\n|\n|t:|1697745010\n|switch|p1a: Cresselia|Cresselia, F|91\/100\n|move|p2a: doo blaster|Dragon Energy|p1a: Cresselia\n|-damage|p1a: Cresselia|2\/100\n|\n|-weather|Snow|[upkeep]\n|-heal|p1a: Cresselia|8\/100|[from] item: Leftovers\n|upkeep\n|turn|13\n|\n|t:|1697745070\n|switch|p2a: CONSUME THE SOY|Ribombee, M|100\/100\n|move|p1a: Cresselia|Psyshock|p2a: CONSUME THE SOY\n|-damage|p2a: CONSUME THE SOY|37\/100\n|\n|-weather|Snow|[upkeep]\n|-heal|p1a: Cresselia|14\/100|[from] item: Leftovers\n|upkeep\n|turn|14\n|\n|t:|1697745089\n|move|p2a: CONSUME THE SOY|Bug Buzz|p1a: Cresselia\n|-supereffective|p1a: Cresselia\n|-damage|p1a: Cresselia|0 fnt\n|faint|p1a: Cresselia\n|\n|-weather|Snow|[upkeep]\n|upkeep\n|\n|t:|1697745115\n|switch|p1a: Amoonguss|Amoonguss, F|100\/100\n|turn|15\n|\n|t:|1697745122\n|switch|p2a: Pikmin 4|Slowking-Galar, F|100\/100\n|move|p1a: Amoonguss|Toxic|p2a: Pikmin 4\n|-immune|p2a: Pikmin 4\n|\n|-weather|none\n|upkeep\n|turn|16\n|\n|t:|1697745137\n|move|p1a: Amoonguss|Giga Drain|p2a: Pikmin 4\n|-resisted|p2a: Pikmin 4\n|-damage|p2a: Pikmin 4|93\/100\n|move|p2a: Pikmin 4|Chilly Reception|p2a: Pikmin 4\n|-weather|Snow\n|\n|t:|1697745142\n|switch|p2a: doo blaster|Regidrago|90\/100|[from] Chilly Reception\n|\n|-weather|Snow|[upkeep]\n|upkeep\n|turn|17\n|\n|t:|1697745216\n|move|p2a: doo blaster|Dragon Energy|p1a: Amoonguss\n|-damage|p1a: Amoonguss|11\/100\n|move|p1a: Amoonguss|Toxic|p2a: doo blaster\n|-status|p2a: doo blaster|tox\n|\n|-weather|Snow|[upkeep]\n|-heal|p1a: Amoonguss|17\/100|[from] item: Black Sludge\n|-damage|p2a: doo blaster|84\/100 tox|[from] psn\n|upkeep\n|turn|18\n|\n|t:|1697745223\n|move|p1a: Amoonguss|Protect|p1a: Amoonguss\n|-singleturn|p1a: Amoonguss|Protect\n|move|p2a: doo blaster|Dragon Energy|p1a: Amoonguss\n|-activate|p1a: Amoonguss|move: Protect\n|\n|-weather|Snow|[upkeep]\n|-heal|p1a: Amoonguss|23\/100|[from] item: Black Sludge\n|-damage|p2a: doo blaster|72\/100 tox|[from] psn\n|upkeep\n|turn|19\n|\n|t:|1697745231\n|switch|p1a: Toxapex|Toxapex, M|100\/100 par\n|move|p2a: doo blaster|Dragon Energy|p1a: Toxapex\n|-damage|p1a: Toxapex|0 fnt\n|faint|p1a: Toxapex\n|\n|-weather|Snow|[upkeep]\n|-damage|p2a: doo blaster|53\/100 tox|[from] psn\n|upkeep\n|\n|t:|1697745246\n|switch|p1a: Amoonguss|Amoonguss, F|57\/100\n|turn|20\n|\n|t:|1697745254\n|switch|p2a: Pikmin 4|Slowking-Galar, F|100\/100\n|move|p1a: Amoonguss|Protect||[still]\n|-fail|p1a: Amoonguss\n|\n|-weather|none\n|-heal|p1a: Amoonguss|63\/100|[from] item: Black Sludge\n|upkeep\n|turn|21\n|\n|t:|1697745266\n|move|p2a: Pikmin 4|Thunder Wave|p1a: Amoonguss\n|-status|p1a: Amoonguss|par\n|move|p1a: Amoonguss|Giga Drain|p2a: Pikmin 4\n|-resisted|p2a: Pikmin 4\n|-damage|p2a: Pikmin 4|93\/100\n|-heal|p1a: Amoonguss|66\/100 par|[from] drain|[of] p2a: Pikmin 4\n|\n|-heal|p1a: Amoonguss|73\/100 par|[from] item: Black Sludge\n|upkeep\n|turn|22\n|\n|t:|1697745273\n|move|p2a: Pikmin 4|Psychic|p1a: Amoonguss\n|-supereffective|p1a: Amoonguss\n|-damage|p1a: Amoonguss|26\/100 par\n|cant|p1a: Amoonguss|par\n|\n|-heal|p1a: Amoonguss|33\/100 par|[from] item: Black Sludge\n|upkeep\n|turn|23\n|\n|t:|1697745277\n|move|p2a: Pikmin 4|Psychic|p1a: Amoonguss\n|-supereffective|p1a: Amoonguss\n|-damage|p1a: Amoonguss|0 fnt\n|faint|p1a: Amoonguss\n|\n|upkeep\n|\n|t:|1697745282\n|switch|p1a: Slaking|Slaking, M|100\/100\n|turn|24\n|\n|t:|1697745359\n|switch|p2a: CONSUME THE SOY|Ribombee, M|37\/100\n|move|p1a: Slaking|Giga Impact|p2a: CONSUME THE SOY\n|-damage|p2a: CONSUME THE SOY|0 fnt\n|-mustrecharge|p1a: Slaking\n|faint|p2a: CONSUME THE SOY\n|\n|upkeep\n|\n|t:|1697745366\n|switch|p2a: money for fun|Dragapult, F|34\/100\n|turn|25\n|\n|t:|1697745372\n|move|p2a: money for fun|Substitute|p2a: money for fun\n|-start|p2a: money for fun|Substitute\n|-damage|p2a: money for fun|9\/100\n|cant|p1a: Slaking|recharge\n|\n|-heal|p2a: money for fun|15\/100|[from] item: Leftovers\n|upkeep\n|turn|26\n|\n|t:|1697745381\n|switch|p1a: Sableye|Sableye, F|1\/100\n|move|p2a: money for fun|Thunder Wave|p1a: Sableye\n|-status|p1a: Sableye|par\n|\n|-heal|p2a: money for fun|21\/100|[from] item: Leftovers\n|upkeep\n|turn|27\n|l|evanisrotund\n|\n|t:|1697745412\n|move|p2a: money for fun|Dragon Darts|p1a: Sableye\n|-damage|p1a: Sableye|0 fnt\n|faint|p1a: Sableye\n|\n|-heal|p2a: money for fun|27\/100|[from] item: Leftovers\n|upkeep\n|\n|t:|1697745419\n|switch|p1a: Slaking|Slaking, M|100\/100\n|turn|28\n|j| 7aco\n|\n|t:|1697745443\n|move|p2a: money for fun|Thunder Wave|p1a: Slaking\n|-status|p1a: Slaking|par\n|move|p1a: Slaking|Ice Punch|p2a: money for fun\n|-supereffective|p2a: money for fun\n|-end|p2a: money for fun|Substitute\n|\n|-heal|p2a: money for fun|33\/100|[from] item: Leftovers\n|upkeep\n|turn|29\n|\n|t:|1697745452\n|move|p2a: money for fun|Dragon Darts|p1a: Slaking\n|-crit|p1a: Slaking\n|-damage|p1a: Slaking|77\/100 par\n|-anim|p2a: money for fun|Dragon Darts|p1a: Slaking\n|-damage|p1a: Slaking|61\/100 par\n|cant|p1a: Slaking|ability: Truant\n|\n|-heal|p2a: money for fun|39\/100|[from] item: Leftovers\n|upkeep\n|turn|30\n|\n|t:|1697745459\n|move|p2a: money for fun|Substitute|p2a: money for fun\n|-start|p2a: money for fun|Substitute\n|-damage|p2a: money for fun|14\/100\n|move|p1a: Slaking|Ice Punch|p2a: money for fun\n|-supereffective|p2a: money for fun\n|-end|p2a: money for fun|Substitute\n|\n|-heal|p2a: money for fun|20\/100|[from] item: Leftovers\n|upkeep\n|turn|31\n|\n|t:|1697745464\n|move|p2a: money for fun|Dragon Darts|p1a: Slaking\n|-damage|p1a: Slaking|45\/100 par\n|-anim|p2a: money for fun|Dragon Darts|p1a: Slaking\n|-damage|p1a: Slaking|29\/100 par\n|cant|p1a: Slaking|ability: Truant\n|\n|-heal|p2a: money for fun|26\/100|[from] item: Leftovers\n|upkeep\n|turn|32\n|c| 7aco|freelo\n|\n|t:|1697745471\n|move|p2a: money for fun|Substitute|p2a: money for fun\n|-start|p2a: money for fun|Substitute\n|-damage|p2a: money for fun|1\/100\n|move|p1a: Slaking|Ice Punch|p2a: money for fun\n|-supereffective|p2a: money for fun\n|-end|p2a: money for fun|Substitute\n|\n|-heal|p2a: money for fun|7\/100|[from] item: Leftovers\n|upkeep\n|turn|33\n|\n|t:|1697745486\n|move|p2a: money for fun|Dragon Darts|p1a: Slaking\n|-damage|p1a: Slaking|12\/100 par\n|-anim|p2a: money for fun|Dragon Darts|p1a: Slaking\n|-damage|p1a: Slaking|0 fnt\n|faint|p1a: Slaking\n|\n|win|JumboSauce\n|c|\u2606JumboSauce|ggs\n|l| sgrg32\n|c|\u2606Hash_13|gg\n","uploadtime":1697745525,"views":21,"p1id":"hash13","p2id":"jumbosauce","formatid":"gen9ubers","rating":0,"private":0,"password":""}