{"id":"gen9ubers-1970058084","p1":"leonissenbaum","p2":"TubeKnight","format":"[Gen 9] Ubers","log":"|j|\u2606leonissenbaum\n|j|\u2606TubeKnight\n|t:|1697589825\n|gametype|singles\n|player|p1|leonissenbaum|leon|\n|player|p2|TubeKnight|265|\n|teamsize|p1|6\n|teamsize|p2|6\n|gen|9\n|tier|[Gen 9] Ubers\n|rule|Sleep Clause Mod: Limit one foe put to sleep\n|rule|Species Clause: Limit one of each Pok\u00e9mon\n|rule|OHKO Clause: OHKO moves are banned\n|rule|Evasion Items Clause: Evasion items are banned\n|rule|Evasion Moves Clause: Evasion moves are banned\n|rule|Endless Battle Clause: Forcing endless battles is banned\n|rule|HP Percentage Mod: HP is shown in percentages\n|clearpoke\n|poke|p1|Giratina|\n|poke|p1|Gliscor, M|\n|poke|p1|Blissey, F|\n|poke|p1|Dondozo, F|\n|poke|p1|Clefable, M|\n|poke|p1|Slowking-Galar, F|\n|poke|p2|Torterra, M|\n|poke|p2|Cyclizar, F|\n|poke|p2|Shaymin-Sky|\n|poke|p2|Dondozo, M|\n|poke|p2|Arceus-Poison|\n|poke|p2|Gholdengo|\n|teampreview\n|inactive|Battle timer is ON: inactive players will automatically lose when time's up. (requested by TubeKnight)\n|c|\u2606leonissenbaum|gl\n|c|\u2606TubeKnight|glhf\n|inactive|TubeKnight has 270 seconds left.\n|\n|t:|1697589862\n|start\n|switch|p1a: Gliscor|Gliscor, M|100\/100\n|switch|p2a: Cyclizar|Cyclizar, F, shiny|100\/100\n|turn|1\n|\n|t:|1697589869\n|move|p1a: Gliscor|Protect|p1a: Gliscor\n|-singleturn|p1a: Gliscor|Protect\n|move|p2a: Cyclizar|Taunt|p1a: Gliscor\n|-activate|p1a: Gliscor|move: Protect\n|\n|-status|p1a: Gliscor|tox|[from] item: Toxic Orb\n|upkeep\n|turn|2\n|\n|t:|1697589876\n|move|p2a: Cyclizar|Shed Tail|p2a: Cyclizar\n|-start|p2a: Cyclizar|Substitute|[from] move: Shed Tail\n|-damage|p2a: Cyclizar|50\/100\n|\n|t:|1697589895\n|switch|p2a: Torterra|Torterra, M, shiny|100\/100|[from] Shed Tail\n|move|p1a: Gliscor|Knock Off|p2a: Torterra\n|-activate|p2a: Torterra|move: Substitute|[damage]\n|\n|upkeep\n|turn|3\n|\n|t:|1697589921\n|move|p2a: Torterra|Shell Smash|p2a: Torterra\n|-unboost|p2a: Torterra|def|1\n|-unboost|p2a: Torterra|spd|1\n|-boost|p2a: Torterra|atk|2\n|-boost|p2a: Torterra|spa|2\n|-boost|p2a: Torterra|spe|2\n|move|p1a: Gliscor|Knock Off|p2a: Torterra\n|-end|p2a: Torterra|Substitute\n|\n|upkeep\n|turn|4\n|inactive|leonissenbaum has 270 seconds left.\n|\n|t:|1697589948\n|switch|p1a: Slowking|Slowking-Galar, F|100\/100\n|move|p2a: Torterra|Bullet Seed|p1a: Slowking\n|-resisted|p1a: Slowking\n|-damage|p1a: Slowking|89\/100\n|-resisted|p1a: Slowking\n|-damage|p1a: Slowking|77\/100\n|-resisted|p1a: Slowking\n|-damage|p1a: Slowking|65\/100\n|-resisted|p1a: Slowking\n|-damage|p1a: Slowking|54\/100\n|-hitcount|p1a: Slowking|4\n|\n|upkeep\n|turn|5\n|\n|t:|1697589970\n|move|p2a: Torterra|Rock Blast|p1a: Slowking\n|-damage|p1a: Slowking|38\/100\n|-damage|p1a: Slowking|23\/100\n|-damage|p1a: Slowking|7\/100\n|-damage|p1a: Slowking|0 fnt\n|faint|p1a: Slowking\n|-hitcount|p1: Slowking|4\n|\n|upkeep\n|\n|t:|1697589981\n|switch|p1a: Dondozo|Dondozo, F|100\/100\n|turn|6\n|\n|t:|1697589987\n|move|p2a: Torterra|Bullet Seed|p1a: Dondozo\n|-supereffective|p1a: Dondozo\n|-damage|p1a: Dondozo|89\/100\n|-supereffective|p1a: Dondozo\n|-damage|p1a: Dondozo|79\/100\n|-supereffective|p1a: Dondozo\n|-damage|p1a: Dondozo|68\/100\n|-supereffective|p1a: Dondozo\n|-damage|p1a: Dondozo|57\/100\n|-supereffective|p1a: Dondozo\n|-damage|p1a: Dondozo|46\/100\n|-hitcount|p1a: Dondozo|5\n|move|p1a: Dondozo|Liquidation|p2a: Torterra\n|-damage|p2a: Torterra|70\/100\n|\n|upkeep\n|turn|7\n|\n|t:|1697589995\n|-terastallize|p1a: Dondozo|Dragon\n|move|p2a: Torterra|Bullet Seed|p1a: Dondozo\n|-resisted|p1a: Dondozo\n|-damage|p1a: Dondozo|44\/100\n|-resisted|p1a: Dondozo\n|-damage|p1a: Dondozo|41\/100\n|-resisted|p1a: Dondozo\n|-damage|p1a: Dondozo|38\/100\n|-resisted|p1a: Dondozo\n|-damage|p1a: Dondozo|36\/100\n|-hitcount|p1a: Dondozo|4\n|move|p1a: Dondozo|Rest|p1a: Dondozo\n|-status|p1a: Dondozo|slp|[from] move: Rest\n|-heal|p1a: Dondozo|100\/100 slp|[silent]\n|\n|upkeep\n|turn|8\n|\n|t:|1697590011\n|move|p2a: Torterra|Bullet Seed|p1a: Dondozo\n|-resisted|p1a: Dondozo\n|-damage|p1a: Dondozo|98\/100 slp\n|-resisted|p1a: Dondozo\n|-damage|p1a: Dondozo|95\/100 slp\n|-resisted|p1a: Dondozo\n|-damage|p1a: Dondozo|93\/100 slp\n|-resisted|p1a: Dondozo\n|-damage|p1a: Dondozo|90\/100 slp\n|-resisted|p1a: Dondozo\n|-damage|p1a: Dondozo|87\/100 slp\n|-hitcount|p1a: Dondozo|5\n|cant|p1a: Dondozo|slp\n|move|p1a: Dondozo|Sleep Talk|p1a: Dondozo\n|move|p1a: Dondozo|Rest||[from]move: Sleep Talk|[still]\n|-fail|p1a: Dondozo\n|\n|upkeep\n|turn|9\n|\n|t:|1697590020\n|move|p2a: Torterra|Rock Blast|p1a: Dondozo\n|-damage|p1a: Dondozo|84\/100 slp\n|-damage|p1a: Dondozo|80\/100 slp\n|-damage|p1a: Dondozo|76\/100 slp\n|-damage|p1a: Dondozo|73\/100 slp\n|-damage|p1a: Dondozo|69\/100 slp\n|-hitcount|p1a: Dondozo|5\n|cant|p1a: Dondozo|slp\n|move|p1a: Dondozo|Sleep Talk|p1a: Dondozo\n|move|p1a: Dondozo|Body Press|p2a: Torterra|[from]move: Sleep Talk\n|-damage|p2a: Torterra|43\/100\n|\n|upkeep\n|turn|10\n|\n|t:|1697590026\n|move|p2a: Torterra|Headlong Rush|p1a: Dondozo\n|-damage|p1a: Dondozo|44\/100 slp\n|-unboost|p2a: Torterra|def|1\n|-unboost|p2a: Torterra|spd|1\n|-damage|p2a: Torterra|26\/100|[from] item: Rocky Helmet|[of] p1a: Dondozo\n|-curestatus|p1a: Dondozo|slp|[msg]\n|move|p1a: Dondozo|Liquidation|p2a: Torterra\n|-damage|p2a: Torterra|0 fnt\n|faint|p2a: Torterra\n|\n|upkeep\n|\n|t:|1697590035\n|switch|p2a: Shaymin|Shaymin-Sky, shiny|100\/100\n|turn|11\n|\n|t:|1697590042\n|move|p2a: Shaymin|Seed Flare|p1a: Dondozo\n|-resisted|p1a: Dondozo\n|-damage|p1a: Dondozo|16\/100\n|-unboost|p1a: Dondozo|spd|2\n|move|p1a: Dondozo|Rest|p1a: Dondozo\n|-status|p1a: Dondozo|slp|[from] move: Rest\n|-heal|p1a: Dondozo|100\/100 slp|[silent]\n|\n|upkeep\n|turn|12\n|\n|t:|1697590054\n|switch|p1a: Gliscor|Gliscor, M|100\/100 tox\n|move|p2a: Shaymin|Air Slash|p1a: Gliscor\n|-damage|p1a: Gliscor|71\/100 tox\n|\n|-heal|p1a: Gliscor|83\/100 tox|[from] ability: Poison Heal\n|upkeep\n|turn|13\n|\n|t:|1697590064\n|move|p2a: Shaymin|Seed Flare|p1a: Gliscor\n|-damage|p1a: Gliscor|34\/100 tox\n|-unboost|p1a: Gliscor|spd|2\n|move|p1a: Gliscor|Toxic|p2a: Shaymin\n|-status|p2a: Shaymin|tox\n|\n|-damage|p2a: Shaymin|94\/100 tox|[from] psn\n|-heal|p1a: Gliscor|46\/100 tox|[from] ability: Poison Heal\n|upkeep\n|turn|14\n|j| fuub\n|\n|t:|1697590071\n|move|p1a: Gliscor|Protect|p1a: Gliscor\n|-singleturn|p1a: Gliscor|Protect\n|move|p2a: Shaymin|Air Slash|p1a: Gliscor\n|-activate|p1a: Gliscor|move: Protect\n|\n|-heal|p2a: Shaymin|100\/100 tox|[from] item: Leftovers\n|-damage|p2a: Shaymin|88\/100 tox|[from] psn\n|-heal|p1a: Gliscor|59\/100 tox|[from] ability: Poison Heal\n|upkeep\n|turn|15\n|\n|t:|1697590084\n|switch|p1a: Giratina|Giratina, shiny|100\/100\n|-ability|p1a: Giratina|Pressure\n|move|p2a: Shaymin|Seed Flare|p1a: Giratina\n|-resisted|p1a: Giratina\n|-damage|p1a: Giratina|87\/100\n|-unboost|p1a: Giratina|spd|2\n|\n|-heal|p2a: Shaymin|94\/100 tox|[from] item: Leftovers\n|-heal|p1a: Giratina|93\/100|[from] item: Leftovers\n|-damage|p2a: Shaymin|76\/100 tox|[from] psn\n|upkeep\n|turn|16\n|\n|t:|1697590095\n|switch|p2a: Cyclizar|Cyclizar, F, shiny|84\/100\n|move|p1a: Giratina|Hex|p2a: Cyclizar\n|-immune|p2a: Cyclizar\n|\n|-heal|p1a: Giratina|99\/100|[from] item: Leftovers\n|upkeep\n|turn|17\n|j| SilverSlime\n|\n|t:|1697590101\n|move|p2a: Cyclizar|Taunt|p1a: Giratina\n|-start|p1a: Giratina|move: Taunt\n|cant|p1a: Giratina|move: Taunt|Thunder Wave\n|\n|-heal|p1a: Giratina|100\/100|[from] item: Leftovers\n|upkeep\n|turn|18\n|\n|t:|1697590110\n|switch|p1a: Gliscor|Gliscor, M|59\/100 tox\n|move|p2a: Cyclizar|Knock Off|p1a: Gliscor\n|-damage|p1a: Gliscor|41\/100 tox\n|-enditem|p1a: Gliscor|Toxic Orb|[from] move: Knock Off|[of] p2a: Cyclizar\n|\n|-heal|p1a: Gliscor|53\/100 tox|[from] ability: Poison Heal\n|upkeep\n|turn|19\n|\n|t:|1697590126\n|switch|p2a: Shaymin|Shaymin-Sky, shiny|76\/100 tox\n|move|p1a: Gliscor|Spikes|p2a: Shaymin\n|-sidestart|p2: TubeKnight|Spikes\n|\n|-heal|p2a: Shaymin|82\/100 tox|[from] item: Leftovers\n|-damage|p2a: Shaymin|76\/100 tox|[from] psn\n|-heal|p1a: Gliscor|66\/100 tox|[from] ability: Poison Heal\n|upkeep\n|turn|20\n|\n|t:|1697590135\n|switch|p2a: Cyclizar|Cyclizar, F, shiny|100\/100\n|move|p1a: Gliscor|Protect||[still]\n|-fail|p1a: Gliscor\n|\n|-heal|p1a: Gliscor|78\/100 tox|[from] ability: Poison Heal\n|upkeep\n|turn|21\n|\n|t:|1697590142\n|move|p1a: Gliscor|Protect|p1a: Gliscor\n|-singleturn|p1a: Gliscor|Protect\n|move|p2a: Cyclizar|Rapid Spin|p1a: Gliscor\n|-activate|p1a: Gliscor|move: Protect\n|\n|-heal|p1a: Gliscor|91\/100 tox|[from] ability: Poison Heal\n|upkeep\n|turn|22\n|\n|t:|1697590167\n|switch|p1a: Giratina|Giratina, shiny|100\/100\n|-ability|p1a: Giratina|Pressure\n|move|p2a: Cyclizar|Rapid Spin|p1a: Giratina\n|-immune|p1a: Giratina\n|\n|upkeep\n|turn|23\n|\n|t:|1697590173\n|move|p2a: Cyclizar|Shed Tail|p2a: Cyclizar\n|-start|p2a: Cyclizar|Substitute|[from] move: Shed Tail\n|-damage|p2a: Cyclizar|50\/100\n|\n|t:|1697590179\n|switch|p2a: Arceus|Arceus-Poison, shiny|100\/100|[from] Shed Tail\n|-damage|p2a: Arceus|88\/100|[from] Spikes\n|move|p1a: Giratina|Thunder Wave||[still]\n|-fail|p1a: Giratina\n|\n|upkeep\n|turn|24\n|\n|t:|1697590186\n|move|p2a: Arceus|Calm Mind|p2a: Arceus\n|-boost|p2a: Arceus|spa|1\n|-boost|p2a: Arceus|spd|1\n|move|p1a: Giratina|Roar|p2a: Arceus\n|drag|p2a: Gholdengo|Gholdengo|100\/100\n|-damage|p2a: Gholdengo|88\/100|[from] Spikes\n|\n|upkeep\n|turn|25\n|\n|t:|1697590197\n|move|p2a: Gholdengo|Trick|p1a: Giratina\n|-activate|p2a: Gholdengo|move: Trick|[of] p1a: Giratina\n|-item|p1a: Giratina|Choice Scarf|[from] move: Trick\n|-item|p2a: Gholdengo|Leftovers|[from] move: Trick\n|move|p1a: Giratina|Hex|p2a: Gholdengo\n|-supereffective|p2a: Gholdengo\n|-damage|p2a: Gholdengo|32\/100\n|\n|-heal|p2a: Gholdengo|38\/100|[from] item: Leftovers\n|upkeep\n|turn|26\n|\n|t:|1697590205\n|-terastallize|p2a: Gholdengo|Normal\n|move|p1a: Giratina|Hex|p2a: Gholdengo\n|-immune|p2a: Gholdengo\n|move|p2a: Gholdengo|Shadow Ball|p1a: Giratina\n|-supereffective|p1a: Giratina\n|-damage|p1a: Giratina|62\/100\n|-unboost|p1a: Giratina|spd|1\n|\n|-heal|p2a: Gholdengo|44\/100|[from] item: Leftovers\n|upkeep\n|turn|27\n|\n|t:|1697590213\n|switch|p1a: Blissey|Blissey, F|100\/100\n|move|p2a: Gholdengo|Shadow Ball|p1a: Blissey\n|-immune|p1a: Blissey\n|\n|-heal|p2a: Gholdengo|50\/100|[from] item: Leftovers\n|upkeep\n|turn|28\n|\n|t:|1697590225\n|switch|p2a: Dondozo|Dondozo, M, shiny|100\/100\n|-damage|p2a: Dondozo|88\/100|[from] Spikes\n|move|p1a: Blissey|Seismic Toss|p2a: Dondozo\n|-damage|p2a: Dondozo|68\/100\n|\n|-heal|p2a: Dondozo|74\/100|[from] item: Leftovers\n|upkeep\n|turn|29\n|l| SilverSlime\n|\n|t:|1697590240\n|switch|p1a: Dondozo|Dondozo, F, tera:Dragon|100\/100 slp\n|move|p2a: Dondozo|Yawn||[still]\n|-fail|p2a: Dondozo\n|\n|-heal|p2a: Dondozo|80\/100|[from] item: Leftovers\n|upkeep\n|turn|30\n|\n|t:|1697590255\n|switch|p2a: Cyclizar|Cyclizar, F, shiny|84\/100\n|cant|p1a: Dondozo|slp\n|move|p1a: Dondozo|Sleep Talk|p1a: Dondozo\n|move|p1a: Dondozo|Body Press|p2a: Cyclizar|[from]move: Sleep Talk\n|-supereffective|p2a: Cyclizar\n|-damage|p2a: Cyclizar|0 fnt\n|faint|p2a: Cyclizar\n|\n|upkeep\n|\n|t:|1697590261\n|switch|p2a: Arceus|Arceus-Poison, shiny|88\/100\n|-damage|p2a: Arceus|76\/100|[from] Spikes\n|turn|31\n|\n|t:|1697590283\n|switch|p1a: Giratina|Giratina, shiny|62\/100\n|-ability|p1a: Giratina|Pressure\n|move|p2a: Arceus|Judgment|p1a: Giratina\n|-resisted|p1a: Giratina\n|-damage|p1a: Giratina|48\/100\n|\n|upkeep\n|turn|32\n|\n|t:|1697590296\n|switch|p2a: Gholdengo|Gholdengo, tera:Normal|50\/100\n|-damage|p2a: Gholdengo|38\/100|[from] Spikes\n|move|p1a: Giratina|Thunder Wave|p2a: Gholdengo\n|-immune|p2a: Gholdengo|[from] ability: Good as Gold\n|\n|-heal|p2a: Gholdengo|44\/100|[from] item: Leftovers\n|upkeep\n|turn|33\n|\n|t:|1697590305\n|switch|p1a: Gliscor|Gliscor, M|91\/100 tox\n|move|p2a: Gholdengo|Make It Rain|p1a: Gliscor\n|-damage|p1a: Gliscor|41\/100 tox\n|-unboost|p2a: Gholdengo|spa|1\n|\n|-heal|p2a: Gholdengo|50\/100|[from] item: Leftovers\n|-heal|p1a: Gliscor|54\/100 tox|[from] ability: Poison Heal\n|upkeep\n|turn|34\n|\n|t:|1697590318\n|switch|p2a: Dondozo|Dondozo, M, shiny|80\/100\n|-damage|p2a: Dondozo|68\/100|[from] Spikes\n|move|p1a: Gliscor|Spikes|p2a: Dondozo\n|-sidestart|p2: TubeKnight|Spikes\n|\n|-heal|p2a: Dondozo|74\/100|[from] item: Leftovers\n|-heal|p1a: Gliscor|66\/100 tox|[from] ability: Poison Heal\n|upkeep\n|turn|35\n|\n|t:|1697590326\n|move|p1a: Gliscor|Protect|p1a: Gliscor\n|-singleturn|p1a: Gliscor|Protect\n|move|p2a: Dondozo|Heavy Slam|p1a: Gliscor\n|-activate|p1a: Gliscor|move: Protect\n|\n|-heal|p2a: Dondozo|80\/100|[from] item: Leftovers\n|-heal|p1a: Gliscor|79\/100 tox|[from] ability: Poison Heal\n|upkeep\n|turn|36\n|\n|t:|1697590334\n|move|p1a: Gliscor|Spikes|p2a: Dondozo\n|-sidestart|p2: TubeKnight|Spikes\n|move|p2a: Dondozo|Wave Crash|p1a: Gliscor\n|-supereffective|p1a: Gliscor\n|-damage|p1a: Gliscor|17\/100 tox\n|-damage|p2a: Dondozo|66\/100|[from] Recoil\n|\n|-heal|p2a: Dondozo|72\/100|[from] item: Leftovers\n|-heal|p1a: Gliscor|30\/100 tox|[from] ability: Poison Heal\n|upkeep\n|turn|37\n|\n|t:|1697590345\n|switch|p2a: Gholdengo|Gholdengo, tera:Normal|50\/100\n|-damage|p2a: Gholdengo|25\/100|[from] Spikes\n|move|p1a: Gliscor|Protect||[still]\n|-fail|p1a: Gliscor\n|\n|-heal|p2a: Gholdengo|31\/100|[from] item: Leftovers\n|-heal|p1a: Gliscor|42\/100 tox|[from] ability: Poison Heal\n|upkeep\n|turn|38\n|\n|t:|1697590351\n|move|p1a: Gliscor|Protect|p1a: Gliscor\n|-singleturn|p1a: Gliscor|Protect\n|move|p2a: Gholdengo|Shadow Ball|p1a: Gliscor\n|-activate|p1a: Gliscor|move: Protect\n|\n|-heal|p2a: Gholdengo|37\/100|[from] item: Leftovers\n|-heal|p1a: Gliscor|54\/100 tox|[from] ability: Poison Heal\n|upkeep\n|turn|39\n|\n|t:|1697590357\n|switch|p1a: Blissey|Blissey, F|100\/100\n|move|p2a: Gholdengo|Shadow Ball|p1a: Blissey\n|-immune|p1a: Blissey\n|\n|-heal|p2a: Gholdengo|43\/100|[from] item: Leftovers\n|upkeep\n|turn|40\n|\n|t:|1697590359\n|move|p2a: Gholdengo|Make It Rain|p1a: Blissey\n|-damage|p1a: Blissey|81\/100\n|-unboost|p2a: Gholdengo|spa|1\n|move|p1a: Blissey|Seismic Toss|p2a: Gholdengo\n|-damage|p2a: Gholdengo|12\/100\n|\n|-heal|p2a: Gholdengo|18\/100|[from] item: Leftovers\n|-heal|p1a: Blissey|87\/100|[from] item: Leftovers\n|upkeep\n|turn|41\n|\n|t:|1697590367\n|switch|p2a: Dondozo|Dondozo, M, shiny|72\/100\n|-damage|p2a: Dondozo|47\/100|[from] Spikes\n|move|p1a: Blissey|Seismic Toss|p2a: Dondozo\n|-damage|p2a: Dondozo|27\/100\n|\n|-heal|p1a: Blissey|93\/100|[from] item: Leftovers\n|-heal|p2a: Dondozo|33\/100|[from] item: Leftovers\n|upkeep\n|turn|42\n|\n|t:|1697590379\n|switch|p1a: Giratina|Giratina, shiny|48\/100\n|-ability|p1a: Giratina|Pressure\n|move|p2a: Dondozo|Protect||[still]\n|-fail|p2a: Dondozo\n|\n|-heal|p2a: Dondozo|40\/100|[from] item: Leftovers\n|upkeep\n|turn|43\n|\n|t:|1697590385\n|move|p2a: Dondozo|Protect|p2a: Dondozo\n|-singleturn|p2a: Dondozo|Protect\n|move|p1a: Giratina|Rest|p1a: Giratina\n|-status|p1a: Giratina|slp|[from] move: Rest\n|-heal|p1a: Giratina|100\/100 slp|[silent]\n|\n|-heal|p2a: Dondozo|46\/100|[from] item: Leftovers\n|upkeep\n|turn|44\n|\n|t:|1697590390\n|cant|p1a: Giratina|slp\n|move|p2a: Dondozo|Wave Crash|p1a: Giratina\n|-resisted|p1a: Giratina\n|-crit|p1a: Giratina\n|-damage|p1a: Giratina|81\/100 slp\n|-damage|p2a: Dondozo|39\/100|[from] Recoil\n|\n|-heal|p2a: Dondozo|46\/100|[from] item: Leftovers\n|upkeep\n|turn|45\n|\n|t:|1697590396\n|cant|p1a: Giratina|slp\n|move|p2a: Dondozo|Wave Crash|p1a: Giratina\n|-resisted|p1a: Giratina\n|-damage|p1a: Giratina|69\/100 slp\n|-damage|p2a: Dondozo|42\/100|[from] Recoil\n|\n|-heal|p2a: Dondozo|48\/100|[from] item: Leftovers\n|upkeep\n|turn|46\n|\n|t:|1697590403\n|switch|p1a: Dondozo|Dondozo, F, tera:Dragon|100\/100 slp\n|move|p2a: Dondozo|Protect||[still]\n|-fail|p2a: Dondozo\n|\n|-heal|p2a: Dondozo|54\/100|[from] item: Leftovers\n|upkeep\n|turn|47\n|\n|t:|1697590419\n|switch|p2a: Shaymin|Shaymin-Sky, shiny|76\/100 tox\n|cant|p1a: Dondozo|slp\n|move|p1a: Dondozo|Sleep Talk|p1a: Dondozo\n|move|p1a: Dondozo|Rest||[from]move: Sleep Talk|[still]\n|-fail|p1a: Dondozo\n|\n|-heal|p2a: Shaymin|82\/100 tox|[from] item: Leftovers\n|-damage|p2a: Shaymin|76\/100 tox|[from] psn\n|upkeep\n|turn|48\n|\n|t:|1697590433\n|switch|p1a: Blissey|Blissey, F|93\/100\n|move|p2a: Shaymin|Air Slash|p1a: Blissey\n|-damage|p1a: Blissey|82\/100\n|\n|-heal|p2a: Shaymin|82\/100 tox|[from] item: Leftovers\n|-heal|p1a: Blissey|88\/100|[from] item: Leftovers\n|-damage|p2a: Shaymin|70\/100 tox|[from] psn\n|upkeep\n|turn|49\n|\n|t:|1697590440\n|switch|p2a: Dondozo|Dondozo, M, shiny|54\/100\n|-damage|p2a: Dondozo|29\/100|[from] Spikes\n|move|p1a: Blissey|Seismic Toss|p2a: Dondozo\n|-damage|p2a: Dondozo|9\/100\n|\n|-heal|p1a: Blissey|94\/100|[from] item: Leftovers\n|-heal|p2a: Dondozo|15\/100|[from] item: Leftovers\n|upkeep\n|turn|50\n|\n|t:|1697590456\n|switch|p1a: Dondozo|Dondozo, F, tera:Dragon|100\/100 slp\n|move|p2a: Dondozo|Protect||[still]\n|-fail|p2a: Dondozo\n|\n|-heal|p2a: Dondozo|21\/100|[from] item: Leftovers\n|upkeep\n|turn|51\n|\n|t:|1697590466\n|switch|p2a: Gholdengo|Gholdengo, tera:Normal|18\/100\n|-damage|p2a: Gholdengo|0 fnt|[from] Spikes\n|faint|p2a: Gholdengo\n|-curestatus|p1a: Dondozo|slp|[msg]\n|move|p1a: Dondozo|Body Press|p2: Gholdengo|[notarget]\n|-fail|p1a: Dondozo\n|\n|upkeep\n|\n|t:|1697590474\n|switch|p2a: Shaymin|Shaymin-Sky, shiny|70\/100 tox\n|turn|52\n|\n|t:|1697590480\n|switch|p1a: Blissey|Blissey, F|94\/100\n|move|p2a: Shaymin|Air Slash|p1a: Blissey|[miss]\n|-miss|p2a: Shaymin|p1a: Blissey\n|\n|-heal|p2a: Shaymin|76\/100 tox|[from] item: Leftovers\n|-heal|p1a: Blissey|99\/100|[from] item: Leftovers\n|-damage|p2a: Shaymin|70\/100 tox|[from] psn\n|upkeep\n|turn|53\n|\n|t:|1697590486\n|move|p2a: Shaymin|Seed Flare|p1a: Blissey\n|-damage|p1a: Blissey|80\/100\n|-unboost|p1a: Blissey|spd|2\n|move|p1a: Blissey|Seismic Toss|p2a: Shaymin\n|-damage|p2a: Shaymin|40\/100 tox\n|\n|-heal|p2a: Shaymin|47\/100 tox|[from] item: Leftovers\n|-heal|p1a: Blissey|86\/100|[from] item: Leftovers\n|-damage|p2a: Shaymin|34\/100 tox|[from] psn\n|upkeep\n|turn|54\n|\n|t:|1697590491\n|move|p1a: Blissey|Protect|p1a: Blissey\n|-singleturn|p1a: Blissey|Protect\n|move|p2a: Shaymin|Air Slash|p1a: Blissey\n|-activate|p1a: Blissey|move: Protect\n|\n|-heal|p2a: Shaymin|40\/100 tox|[from] item: Leftovers\n|-heal|p1a: Blissey|93\/100|[from] item: Leftovers\n|-damage|p2a: Shaymin|22\/100 tox|[from] psn\n|upkeep\n|turn|55\n|\n|t:|1697590499\n|move|p2a: Shaymin|Healing Wish|p2a: Shaymin\n|faint|p2a: Shaymin\n|move|p1a: Blissey|Seismic Toss|p2: Shaymin|[notarget]\n|-fail|p1a: Blissey\n|\n|-heal|p1a: Blissey|99\/100|[from] item: Leftovers\n|upkeep\n|\n|t:|1697590508\n|switch|p2a: Dondozo|Dondozo, M, shiny|21\/100\n|-heal|p2a: Dondozo|100\/100|[from] move: Healing Wish\n|-damage|p2a: Dondozo|75\/100|[from] Spikes\n|turn|56\n|\n|t:|1697590521\n|switch|p1a: Dondozo|Dondozo, F, tera:Dragon|100\/100\n|move|p2a: Dondozo|Heavy Slam|p1a: Dondozo\n|-damage|p1a: Dondozo|96\/100\n|-damage|p2a: Dondozo|59\/100|[from] item: Rocky Helmet|[of] p1a: Dondozo\n|\n|-heal|p2a: Dondozo|65\/100|[from] item: Leftovers\n|upkeep\n|turn|57\n|\n|t:|1697590526\n|move|p2a: Dondozo|Yawn|p1a: Dondozo\n|-start|p1a: Dondozo|move: Yawn|[of] p2a: Dondozo\n|move|p1a: Dondozo|Body Press|p2a: Dondozo\n|-damage|p2a: Dondozo|53\/100\n|\n|-heal|p2a: Dondozo|59\/100|[from] item: Leftovers\n|upkeep\n|turn|58\n|\n|t:|1697590530\n|switch|p1a: Giratina|Giratina, shiny|69\/100 slp\n|-ability|p1a: Giratina|Pressure\n|move|p2a: Dondozo|Heavy Slam|p1a: Giratina\n|-damage|p1a: Giratina|64\/100 slp\n|\n|-heal|p2a: Dondozo|65\/100|[from] item: Leftovers\n|upkeep\n|turn|59\n|\n|t:|1697590535\n|-curestatus|p1a: Giratina|slp|[msg]\n|move|p1a: Giratina|Thunder Wave|p2a: Dondozo|[miss]\n|-miss|p1a: Giratina|p2a: Dondozo\n|move|p2a: Dondozo|Heavy Slam|p1a: Giratina\n|-damage|p1a: Giratina|58\/100\n|\n|-heal|p2a: Dondozo|72\/100|[from] item: Leftovers\n|upkeep\n|turn|60\n|\n|t:|1697590540\n|move|p1a: Giratina|Thunder Wave|p2a: Dondozo\n|-status|p2a: Dondozo|par\n|cant|p2a: Dondozo|par\n|\n|-heal|p2a: Dondozo|78\/100 par|[from] item: Leftovers\n|upkeep\n|turn|61\n|\n|t:|1697590544\n|switch|p1a: Dondozo|Dondozo, F, tera:Dragon|96\/100\n|cant|p2a: Dondozo|par\n|\n|-heal|p2a: Dondozo|84\/100 par|[from] item: Leftovers\n|upkeep\n|turn|62\n|\n|t:|1697590548\n|switch|p1a: Giratina|Giratina, shiny|58\/100\n|-ability|p1a: Giratina|Pressure\n|move|p2a: Dondozo|Protect||[still]\n|-fail|p2a: Dondozo\n|\n|-heal|p2a: Dondozo|90\/100 par|[from] item: Leftovers\n|upkeep\n|turn|63\n|\n|t:|1697590552\n|move|p1a: Giratina|Rest|p1a: Giratina\n|-status|p1a: Giratina|slp|[from] move: Rest\n|-heal|p1a: Giratina|100\/100 slp|[silent]\n|move|p2a: Dondozo|Yawn||[still]\n|-fail|p2a: Dondozo\n|\n|-heal|p2a: Dondozo|96\/100 par|[from] item: Leftovers\n|upkeep\n|turn|64\n|\n|t:|1697590554\n|cant|p1a: Giratina|slp\n|move|p2a: Dondozo|Heavy Slam|p1a: Giratina\n|-damage|p1a: Giratina|95\/100 slp\n|\n|-heal|p2a: Dondozo|100\/100 par|[from] item: Leftovers\n|upkeep\n|turn|65\n|\n|t:|1697590557\n|cant|p1a: Giratina|slp\n|move|p2a: Dondozo|Heavy Slam|p1a: Giratina\n|-damage|p1a: Giratina|90\/100 slp\n|\n|upkeep\n|turn|66\n|\n|t:|1697590560\n|switch|p1a: Dondozo|Dondozo, F, tera:Dragon|96\/100\n|move|p2a: Dondozo|Heavy Slam|p1a: Dondozo\n|-damage|p1a: Dondozo|91\/100\n|-damage|p2a: Dondozo|84\/100 par|[from] item: Rocky Helmet|[of] p1a: Dondozo\n|\n|-heal|p2a: Dondozo|90\/100 par|[from] item: Leftovers\n|upkeep\n|turn|67\n|\n|t:|1697590563\n|switch|p1a: Giratina|Giratina, shiny|90\/100 slp\n|-ability|p1a: Giratina|Pressure\n|cant|p2a: Dondozo|par\n|\n|-heal|p2a: Dondozo|96\/100 par|[from] item: Leftovers\n|upkeep\n|turn|68\n|\n|t:|1697590566\n|-curestatus|p1a: Giratina|slp|[msg]\n|move|p1a: Giratina|Hex|p2a: Dondozo\n|-damage|p2a: Dondozo|55\/100 par\n|cant|p2a: Dondozo|par\n|\n|-heal|p2a: Dondozo|61\/100 par|[from] item: Leftovers\n|upkeep\n|turn|69\n|\n|t:|1697590572\n|move|p2a: Dondozo|Protect|p2a: Dondozo\n|-singleturn|p2a: Dondozo|Protect\n|move|p1a: Giratina|Hex|p2a: Dondozo\n|-activate|p2a: Dondozo|move: Protect\n|\n|-heal|p2a: Dondozo|67\/100 par|[from] item: Leftovers\n|upkeep\n|turn|70\n|\n|t:|1697590573\n|move|p1a: Giratina|Hex|p2a: Dondozo\n|-damage|p2a: Dondozo|26\/100 par\n|move|p2a: Dondozo|Yawn|p1a: Giratina\n|-start|p1a: Giratina|move: Yawn|[of] p2a: Dondozo\n|\n|-heal|p2a: Dondozo|32\/100 par|[from] item: Leftovers\n|upkeep\n|turn|71\n|\n|t:|1697590577\n|switch|p1a: Dondozo|Dondozo, F, tera:Dragon|91\/100\n|move|p2a: Dondozo|Protect||[still]\n|-fail|p2a: Dondozo\n|\n|-heal|p2a: Dondozo|39\/100 par|[from] item: Leftovers\n|upkeep\n|turn|72\n|\n|t:|1697590579\n|switch|p1a: Giratina|Giratina, shiny|90\/100\n|-ability|p1a: Giratina|Pressure\n|cant|p2a: Dondozo|par\n|\n|-heal|p2a: Dondozo|45\/100 par|[from] item: Leftovers\n|upkeep\n|turn|73\n|\n|t:|1697590585\n|move|p2a: Dondozo|Protect|p2a: Dondozo\n|-singleturn|p2a: Dondozo|Protect\n|move|p1a: Giratina|Hex|p2a: Dondozo\n|-activate|p2a: Dondozo|move: Protect\n|\n|-heal|p2a: Dondozo|51\/100 par|[from] item: Leftovers\n|upkeep\n|turn|74\n|\n|t:|1697590588\n|move|p1a: Giratina|Hex|p2a: Dondozo\n|-damage|p2a: Dondozo|8\/100 par\n|move|p2a: Dondozo|Heavy Slam|p1a: Giratina\n|-damage|p1a: Giratina|84\/100\n|\n|-heal|p2a: Dondozo|14\/100 par|[from] item: Leftovers\n|upkeep\n|turn|75\n|\n|t:|1697590592\n|move|p2a: Dondozo|Protect|p2a: Dondozo\n|-singleturn|p2a: Dondozo|Protect\n|move|p1a: Giratina|Hex|p2a: Dondozo\n|-activate|p2a: Dondozo|move: Protect\n|\n|-heal|p2a: Dondozo|20\/100 par|[from] item: Leftovers\n|upkeep\n|turn|76\n|\n|t:|1697590599\n|move|p1a: Giratina|Hex|p2a: Dondozo\n|-damage|p2a: Dondozo|0 fnt\n|faint|p2a: Dondozo\n|\n|upkeep\n|\n|t:|1697590612\n|switch|p2a: Arceus|Arceus-Poison, shiny|76\/100\n|-damage|p2a: Arceus|51\/100|[from] Spikes\n|turn|77\n|\n|t:|1697590622\n|switch|p1a: Gliscor|Gliscor, M|54\/100 tox\n|move|p2a: Arceus|Calm Mind|p2a: Arceus\n|-boost|p2a: Arceus|spa|1\n|-boost|p2a: Arceus|spd|1\n|\n|-heal|p1a: Gliscor|67\/100 tox|[from] ability: Poison Heal\n|upkeep\n|turn|78\n|\n|t:|1697590624\n|switch|p1a: Giratina|Giratina, shiny|84\/100\n|-ability|p1a: Giratina|Pressure\n|move|p2a: Arceus|Calm Mind|p2a: Arceus\n|-boost|p2a: Arceus|spa|1\n|-boost|p2a: Arceus|spd|1\n|\n|upkeep\n|turn|79\n|\n|t:|1697590628\n|move|p1a: Giratina|Thunder Wave|p2a: Arceus\n|-status|p2a: Arceus|par\n|move|p2a: Arceus|Judgment|p1a: Giratina\n|-resisted|p1a: Giratina\n|-damage|p1a: Giratina|58\/100\n|\n|upkeep\n|turn|80\n|inactive|TubeKnight has 270 seconds left.\n|\n|t:|1697590663\n|switch|p1a: Gliscor|Gliscor, M|67\/100 tox\n|move|p2a: Arceus|Recover|p2a: Arceus\n|-heal|p2a: Arceus|100\/100 par\n|\n|-heal|p1a: Gliscor|79\/100 tox|[from] ability: Poison Heal\n|upkeep\n|turn|81\n|\n|t:|1697590667\n|switch|p1a: Clefable|Clefable, M|100\/100\n|move|p2a: Arceus|Calm Mind|p2a: Arceus\n|-boost|p2a: Arceus|spa|1\n|-boost|p2a: Arceus|spd|1\n|\n|upkeep\n|turn|82\n|\n|t:|1697590674\n|move|p1a: Clefable|Amnesia|p1a: Clefable\n|-boost|p1a: Clefable|spd|2\n|move|p2a: Arceus|Judgment|p1a: Clefable\n|-supereffective|p1a: Clefable\n|-damage|p1a: Clefable|58\/100\n|\n|-heal|p1a: Clefable|64\/100|[from] item: Leftovers\n|upkeep\n|turn|83\n|\n|t:|1697590681\n|move|p1a: Clefable|Amnesia|p1a: Clefable\n|-boost|p1a: Clefable|spd|2\n|cant|p2a: Arceus|par\n|\n|-heal|p1a: Clefable|70\/100|[from] item: Leftovers\n|upkeep\n|turn|84\n|\n|t:|1697590684\n|move|p1a: Clefable|Amnesia|p1a: Clefable\n|-boost|p1a: Clefable|spd|2\n|move|p2a: Arceus|Judgment|p1a: Clefable\n|-supereffective|p1a: Clefable\n|-damage|p1a: Clefable|48\/100\n|\n|-heal|p1a: Clefable|54\/100|[from] item: Leftovers\n|upkeep\n|turn|85\n|\n|t:|1697590689\n|move|p1a: Clefable|Moonlight|p1a: Clefable\n|-heal|p1a: Clefable|100\/100\n|move|p2a: Arceus|Judgment|p1a: Clefable\n|-supereffective|p1a: Clefable\n|-damage|p1a: Clefable|80\/100\n|\n|-heal|p1a: Clefable|86\/100|[from] item: Leftovers\n|upkeep\n|turn|86\n|\n|t:|1697590711\n|move|p1a: Clefable|Moonblast|p2a: Arceus\n|-resisted|p2a: Arceus\n|-damage|p2a: Arceus|90\/100 par\n|move|p2a: Arceus|Judgment|p1a: Clefable\n|-supereffective|p1a: Clefable\n|-damage|p1a: Clefable|64\/100\n|\n|-heal|p1a: Clefable|71\/100|[from] item: Leftovers\n|upkeep\n|turn|87\n|\n|t:|1697590721\n|move|p1a: Clefable|Moonblast|p2a: Arceus\n|-resisted|p2a: Arceus\n|-damage|p2a: Arceus|80\/100 par\n|cant|p2a: Arceus|par\n|\n|-heal|p1a: Clefable|77\/100|[from] item: Leftovers\n|upkeep\n|turn|88\n|\n|t:|1697590734\n|move|p1a: Clefable|Moonlight|p1a: Clefable\n|-heal|p1a: Clefable|100\/100\n|move|p2a: Arceus|Judgment|p1a: Clefable\n|-supereffective|p1a: Clefable\n|-damage|p1a: Clefable|79\/100\n|\n|-heal|p1a: Clefable|85\/100|[from] item: Leftovers\n|upkeep\n|turn|89\n|\n|t:|1697590745\n|move|p1a: Clefable|Moonblast|p2a: Arceus\n|-resisted|p2a: Arceus\n|-crit|p2a: Arceus\n|-damage|p2a: Arceus|63\/100 par\n|move|p2a: Arceus|Judgment|p1a: Clefable\n|-supereffective|p1a: Clefable\n|-damage|p1a: Clefable|64\/100\n|\n|-heal|p1a: Clefable|70\/100|[from] item: Leftovers\n|upkeep\n|turn|90\n|\n|t:|1697590750\n|move|p1a: Clefable|Moonlight|p1a: Clefable\n|-heal|p1a: Clefable|100\/100\n|cant|p2a: Arceus|par\n|\n|upkeep\n|turn|91\n|\n|t:|1697590756\n|move|p1a: Clefable|Moonblast|p2a: Arceus\n|-resisted|p2a: Arceus\n|-damage|p2a: Arceus|52\/100 par\n|-unboost|p2a: Arceus|spa|1\n|cant|p2a: Arceus|par\n|\n|upkeep\n|turn|92\n|\n|t:|1697590760\n|move|p1a: Clefable|Moonblast|p2a: Arceus\n|-resisted|p2a: Arceus\n|-damage|p2a: Arceus|41\/100 par\n|move|p2a: Arceus|Recover|p2a: Arceus\n|-heal|p2a: Arceus|91\/100 par\n|\n|upkeep\n|turn|93\n|\n|t:|1697590770\n|move|p1a: Clefable|Moonblast|p2a: Arceus\n|-resisted|p2a: Arceus\n|-damage|p2a: Arceus|80\/100 par\n|move|p2a: Arceus|Judgment|p1a: Clefable\n|-supereffective|p1a: Clefable\n|-damage|p1a: Clefable|78\/100\n|\n|-heal|p1a: Clefable|84\/100|[from] item: Leftovers\n|upkeep\n|turn|94\n|\n|t:|1697590772\n|move|p1a: Clefable|Moonblast|p2a: Arceus\n|-resisted|p2a: Arceus\n|-damage|p2a: Arceus|70\/100 par\n|-unboost|p2a: Arceus|spa|1\n|move|p2a: Arceus|Judgment|p1a: Clefable\n|-supereffective|p1a: Clefable\n|-damage|p1a: Clefable|62\/100\n|\n|-heal|p1a: Clefable|68\/100|[from] item: Leftovers\n|upkeep\n|turn|95\n|\n|t:|1697590774\n|move|p1a: Clefable|Moonlight|p1a: Clefable\n|-heal|p1a: Clefable|100\/100\n|cant|p2a: Arceus|par\n|\n|upkeep\n|turn|96\n|\n|t:|1697590779\n|move|p1a: Clefable|Moonblast|p2a: Arceus\n|-resisted|p2a: Arceus\n|-damage|p2a: Arceus|59\/100 par\n|move|p2a: Arceus|Judgment|p1a: Clefable\n|-supereffective|p1a: Clefable\n|-damage|p1a: Clefable|77\/100\n|\n|-heal|p1a: Clefable|83\/100|[from] item: Leftovers\n|upkeep\n|turn|97\n|\n|t:|1697590781\n|move|p1a: Clefable|Moonlight|p1a: Clefable\n|-heal|p1a: Clefable|100\/100\n|cant|p2a: Arceus|par\n|\n|upkeep\n|turn|98\n|\n|t:|1697590787\n|move|p1a: Clefable|Moonblast|p2a: Arceus\n|-resisted|p2a: Arceus\n|-damage|p2a: Arceus|48\/100 par\n|-unboost|p2a: Arceus|spa|1\n|move|p2a: Arceus|Recover|p2a: Arceus\n|-heal|p2a: Arceus|98\/100 par\n|\n|upkeep\n|turn|99\n|\n|t:|1697590789\n|move|p1a: Clefable|Moonblast|p2a: Arceus\n|-resisted|p2a: Arceus\n|-damage|p2a: Arceus|88\/100 par\n|cant|p2a: Arceus|par\n|\n|upkeep\n|turn|100\n|\n|t:|1697590798\n|move|p1a: Clefable|Moonblast|p2a: Arceus\n|-resisted|p2a: Arceus\n|-damage|p2a: Arceus|77\/100 par\n|move|p2a: Arceus|Judgment|p1a: Clefable\n|-supereffective|p1a: Clefable\n|-damage|p1a: Clefable|77\/100\n|\n|-heal|p1a: Clefable|83\/100|[from] item: Leftovers\n|upkeep\n|turn|101\n|\n|t:|1697590809\n|move|p1a: Clefable|Moonlight|p1a: Clefable\n|-heal|p1a: Clefable|100\/100\n|move|p2a: Arceus|Judgment|p1a: Clefable\n|-supereffective|p1a: Clefable\n|-damage|p1a: Clefable|77\/100\n|\n|-heal|p1a: Clefable|83\/100|[from] item: Leftovers\n|upkeep\n|turn|102\n|\n|t:|1697590812\n|move|p1a: Clefable|Moonlight|p1a: Clefable\n|-heal|p1a: Clefable|100\/100\n|move|p2a: Arceus|Judgment|p1a: Clefable\n|-supereffective|p1a: Clefable\n|-damage|p1a: Clefable|79\/100\n|\n|-heal|p1a: Clefable|85\/100|[from] item: Leftovers\n|upkeep\n|turn|103\n|c|\u2606TubeKnight|eh whatever\n|c|\u2606TubeKnight|stall is L\n|-message|TubeKnight forfeited.\n|\n|win|leonissenbaum\n|c|\u2606leonissenbaum|gg\n|l|\u2606TubeKnight\n","uploadtime":1697590832,"views":32,"p1id":"leonissenbaum","p2id":"tubeknight","formatid":"gen9ubers","rating":0,"private":0,"password":""}