{"id":"gen9ubers-1988944690","p1":"Corbinc","p2":"Nikolobstar","format":"[Gen 9] Ubers","log":"|j|\u2606Corbinc\n|j|\u2606Nikolobstar\n|t:|1699792346\n|gametype|singles\n|player|p1|Corbinc|ghetsis-gen5bw|\n|player|p2|Nikolobstar|lucas-gen4pt|\n|teamsize|p1|6\n|teamsize|p2|6\n|gen|9\n|tier|[Gen 9] Ubers\n|rule|Sleep Clause Mod: Limit one foe put to sleep\n|rule|Species Clause: Limit one of each Pok\u00e9mon\n|rule|OHKO Clause: OHKO moves are banned\n|rule|Evasion Items Clause: Evasion items are banned\n|rule|Evasion Moves Clause: Evasion moves are banned\n|rule|Endless Battle Clause: Forcing endless battles is banned\n|rule|HP Percentage Mod: HP is shown in percentages\n|clearpoke\n|poke|p1|Gholdengo|\n|poke|p1|Slowking, M|\n|poke|p1|Scream Tail|\n|poke|p1|Piloswine, M|\n|poke|p1|Scizor, F|\n|poke|p1|Inteleon, F|\n|poke|p2|Dragapult, F|\n|poke|p2|Infernape, F|\n|poke|p2|Scizor, M|\n|poke|p2|Torterra, F|\n|poke|p2|Scream Tail|\n|poke|p2|Klefki, F|\n|teampreview\n|j| F8S\n|\n|t:|1699792386\n|start\n|switch|p1a: Slowking|Slowking, M, shiny|100\/100\n|switch|p2a: Klefki|Klefki, F|100\/100\n|turn|1\n|\n|t:|1699792411\n|move|p2a: Klefki|Light Screen|p2a: Klefki\n|-sidestart|p2: Nikolobstar|move: Light Screen\n|move|p1a: Slowking|Chilly Reception|p1a: Slowking\n|-weather|Snow\n|\n|t:|1699792417\n|switch|p1a: Scream Tail|Scream Tail|100\/100|[from] Chilly Reception\n|\n|-weather|Snow|[upkeep]\n|upkeep\n|turn|2\n|\n|t:|1699792464\n|switch|p2a: Infernape|Infernape, F|100\/100\n|move|p1a: Scream Tail|Calm Mind|p1a: Scream Tail\n|-boost|p1a: Scream Tail|spa|1\n|-boost|p1a: Scream Tail|spd|1\n|\n|-weather|Snow|[upkeep]\n|upkeep\n|turn|3\n|\n|t:|1699792558\n|move|p2a: Infernape|Knock Off|p1a: Scream Tail\n|-damage|p1a: Scream Tail|82\/100\n|-enditem|p1a: Scream Tail|Weakness Policy|[from] move: Knock Off|[of] p2a: Infernape\n|move|p1a: Scream Tail|Calm Mind|p1a: Scream Tail\n|-boost|p1a: Scream Tail|spa|1\n|-boost|p1a: Scream Tail|spd|1\n|\n|-weather|Snow|[upkeep]\n|upkeep\n|turn|4\n|\n|t:|1699792580\n|-terastallize|p2a: Infernape|Ghost\n|move|p2a: Infernape|Fire Punch|p1a: Scream Tail\n|-damage|p1a: Scream Tail|49\/100\n|move|p1a: Scream Tail|Calm Mind|p1a: Scream Tail\n|-boost|p1a: Scream Tail|spa|1\n|-boost|p1a: Scream Tail|spd|1\n|\n|-weather|Snow|[upkeep]\n|upkeep\n|turn|5\n|\n|t:|1699792614\n|move|p2a: Infernape|Fire Punch|p1a: Scream Tail\n|-damage|p1a: Scream Tail|18\/100\n|move|p1a: Scream Tail|Stored Power|p2a: Infernape\n|-damage|p2a: Infernape|37\/100\n|\n|-weather|Snow|[upkeep]\n|upkeep\n|turn|6\n|\n|t:|1699792637\n|-end|p1a: Scream Tail|Protosynthesis|[silent]\n|switch|p1a: Inteleon|Inteleon, F|100\/100\n|move|p2a: Infernape|Fire Punch|p1a: Inteleon\n|-resisted|p1a: Inteleon\n|-damage|p1a: Inteleon|60\/100\n|\n|-weather|Snow|[upkeep]\n|upkeep\n|turn|7\n|\n|t:|1699792653\n|switch|p2a: Dragapult|Dragapult, F, shiny|100\/100\n|move|p1a: Inteleon|Dark Pulse|p2a: Dragapult\n|-supereffective|p2a: Dragapult\n|-damage|p2a: Dragapult|44\/100\n|\n|-weather|Snow|[upkeep]\n|upkeep\n|turn|8\n|\n|t:|1699792700\n|switch|p1a: Scizor|Scizor, F, shiny|100\/100\n|move|p2a: Dragapult|Draco Meteor|p1a: Scizor\n|-resisted|p1a: Scizor\n|-damage|p1a: Scizor|47\/100\n|-unboost|p2a: Dragapult|spa|2\n|\n|-weather|none\n|-sideend|p2: Nikolobstar|move: Light Screen\n|upkeep\n|turn|9\n|\n|t:|1699792729\n|switch|p2a: Klefki|Klefki, F|100\/100\n|move|p1a: Scizor|U-turn|p2a: Klefki\n|-resisted|p2a: Klefki\n|-damage|p2a: Klefki|89\/100\n|-damage|p1a: Scizor|37\/100|[from] item: Life Orb\n|\n|t:|1699792741\n|switch|p1a: Scream Tail|Scream Tail|18\/100|[from] U-turn\n|\n|upkeep\n|turn|10\n|\n|t:|1699792758\n|switch|p2a: Scizor|Scizor, M|100\/100\n|move|p1a: Scream Tail|Wish|p1a: Scream Tail\n|\n|upkeep\n|turn|11\n|\n|t:|1699792772\n|-end|p1a: Scream Tail|Protosynthesis|[silent]\n|switch|p1a: Scizor|Scizor, F, shiny|37\/100\n|move|p2a: Scizor|Bullet Punch|p1a: Scizor\n|-resisted|p1a: Scizor\n|-damage|p1a: Scizor|21\/100\n|\n|-heal|p1a: Scizor|74\/100|[from] move: Wish|[wisher] Scream Tail\n|upkeep\n|turn|12\n|\n|t:|1699792826\n|switch|p2a: Klefki|Klefki, F|89\/100\n|move|p1a: Scizor|Close Combat|p2a: Klefki\n|-damage|p2a: Klefki|36\/100\n|-unboost|p1a: Scizor|def|1\n|-unboost|p1a: Scizor|spd|1\n|-damage|p1a: Scizor|64\/100|[from] item: Life Orb\n|\n|upkeep\n|turn|13\n|\n|t:|1699792844\n|move|p2a: Klefki|Reflect|p2a: Klefki\n|-sidestart|p2: Nikolobstar|Reflect\n|move|p1a: Scizor|Bullet Punch|p2a: Klefki\n|-damage|p2a: Klefki|15\/100\n|-damage|p1a: Scizor|55\/100|[from] item: Life Orb\n|\n|upkeep\n|turn|14\n|\n|t:|1699792850\n|move|p2a: Klefki|Thunder Wave|p1a: Scizor\n|-status|p1a: Scizor|par\n|move|p1a: Scizor|Bullet Punch|p2a: Klefki\n|-damage|p2a: Klefki|0 fnt\n|faint|p2a: Klefki\n|-damage|p1a: Scizor|45\/100 par|[from] item: Life Orb\n|\n|upkeep\n|\n|t:|1699792870\n|switch|p2a: Dragapult|Dragapult, F, shiny|44\/100\n|turn|15\n|\n|t:|1699792905\n|move|p1a: Scizor|Bullet Punch|p2a: Dragapult\n|-damage|p2a: Dragapult|14\/100\n|-damage|p1a: Scizor|35\/100 par|[from] item: Life Orb\n|move|p2a: Dragapult|Shadow Ball|p1a: Scizor\n|-damage|p1a: Scizor|0 fnt\n|faint|p1a: Scizor\n|\n|upkeep\n|\n|t:|1699792912\n|switch|p1a: Gholdengo|Gholdengo|100\/100\n|turn|16\n|\n|t:|1699792943\n|switch|p2a: Scizor|Scizor, M|100\/100\n|move|p1a: Gholdengo|Shadow Ball|p2a: Scizor\n|-crit|p2a: Scizor\n|-damage|p2a: Scizor|29\/100\n|\n|upkeep\n|turn|17\n|\n|t:|1699792975\n|switch|p2a: Torterra|Torterra, F|100\/100\n|move|p1a: Gholdengo|Shadow Ball|p2a: Torterra\n|-damage|p2a: Torterra|51\/100\n|\n|upkeep\n|turn|18\n|\n|t:|1699792996\n|-terastallize|p1a: Gholdengo|Flying\n|move|p1a: Gholdengo|Shadow Ball|p2a: Torterra\n|-damage|p2a: Torterra|2\/100\n|move|p2a: Torterra|Earthquake|p1a: Gholdengo\n|-immune|p1a: Gholdengo\n|\n|upkeep\n|turn|19\n|\n|t:|1699793007\n|move|p1a: Gholdengo|Shadow Ball|p2a: Torterra\n|-damage|p2a: Torterra|0 fnt\n|faint|p2a: Torterra\n|\n|upkeep\n|\n|t:|1699793041\n|switch|p2a: Scream Tail|Scream Tail|100\/100\n|turn|20\n|\n|t:|1699793065\n|switch|p1a: Slowking|Slowking, M, shiny|100\/100\n|move|p2a: Scream Tail|Ice Beam|p1a: Slowking\n|-resisted|p1a: Slowking\n|-damage|p1a: Slowking|96\/100\n|\n|-sideend|p2: Nikolobstar|Reflect\n|upkeep\n|turn|21\n|\n|t:|1699793088\n|-end|p2a: Scream Tail|Protosynthesis|[silent]\n|switch|p2a: Dragapult|Dragapult, F, shiny|14\/100\n|move|p1a: Slowking|Scald|p2a: Dragapult\n|-resisted|p2a: Dragapult\n|-damage|p2a: Dragapult|0 fnt\n|faint|p2a: Dragapult\n|\n|upkeep\n|\n|t:|1699793097\n|switch|p2a: Scizor|Scizor, M|29\/100\n|turn|22\n|\n|t:|1699793103\n|move|p2a: Scizor|U-turn|p1a: Slowking\n|-supereffective|p1a: Slowking\n|-damage|p1a: Slowking|13\/100\n|\n|t:|1699793115\n|switch|p2a: Scream Tail|Scream Tail|100\/100|[from] U-turn\n|move|p1a: Slowking|Scald|p2a: Scream Tail\n|-damage|p2a: Scream Tail|83\/100\n|\n|-heal|p2a: Scream Tail|89\/100|[from] item: Leftovers\n|upkeep\n|turn|23\n|\n|t:|1699793135\n|move|p2a: Scream Tail|Wish|p2a: Scream Tail\n|move|p1a: Slowking|Slack Off|p1a: Slowking\n|-heal|p1a: Slowking|63\/100\n|\n|-heal|p2a: Scream Tail|95\/100|[from] item: Leftovers\n|upkeep\n|turn|24\n|\n|t:|1699793163\n|-end|p2a: Scream Tail|Protosynthesis|[silent]\n|switch|p2a: Scizor|Scizor, M|29\/100\n|move|p1a: Slowking|Future Sight|p2a: Scizor\n|-start|p1a: Slowking|move: Future Sight\n|\n|-heal|p2a: Scizor|92\/100|[from] move: Wish|[wisher] Scream Tail\n|upkeep\n|turn|25\n|\n|t:|1699793184\n|switch|p1a: Scream Tail|Scream Tail|18\/100\n|move|p2a: Scizor|Swords Dance|p2a: Scizor\n|-boost|p2a: Scizor|atk|2\n|\n|upkeep\n|turn|26\n|\n|t:|1699793193\n|move|p2a: Scizor|Bullet Punch|p1a: Scream Tail\n|-supereffective|p1a: Scream Tail\n|-damage|p1a: Scream Tail|0 fnt\n|faint|p1a: Scream Tail\n|-end|p1a: Scream Tail|Protosynthesis|[silent]\n|\n|-end|p2a: Scizor|move: Future Sight\n|-resisted|p2a: Scizor\n|-damage|p2a: Scizor|67\/100\n|upkeep\n|\n|t:|1699793218\n|switch|p1a: Inteleon|Inteleon, F|60\/100\n|turn|27\n|\n|t:|1699793248\n|move|p2a: Scizor|Bullet Punch|p1a: Inteleon\n|-resisted|p1a: Inteleon\n|-damage|p1a: Inteleon|0 fnt\n|faint|p1a: Inteleon\n|\n|upkeep\n|\n|t:|1699793259\n|switch|p1a: Slowking|Slowking, M, shiny|96\/100\n|turn|28\n|j| littleduck4\n|l| littleduck4\n|\n|t:|1699793297\n|move|p2a: Scizor|Bullet Punch|p1a: Slowking\n|-resisted|p1a: Slowking\n|-damage|p1a: Slowking|58\/100\n|move|p1a: Slowking|Scald|p2a: Scizor\n|-damage|p2a: Scizor|34\/100\n|\n|upkeep\n|turn|29\n|\n|t:|1699793350\n|switch|p1a: Piloswine|Piloswine, M|100\/100\n|move|p2a: Scizor|U-turn|p1a: Piloswine\n|-damage|p1a: Piloswine|44\/100\n|\n|t:|1699793362\n|switch|p2a: Infernape|Infernape, F, tera:Ghost|37\/100|[from] U-turn\n|\n|upkeep\n|turn|30\n|\n|t:|1699793392\n|move|p1a: Piloswine|Ice Shard|p2a: Infernape\n|-damage|p2a: Infernape|13\/100\n|move|p2a: Infernape|Thunder Punch|p1a: Piloswine\n|-immune|p1a: Piloswine\n|\n|upkeep\n|turn|31\n|\n|t:|1699793414\n|switch|p2a: Scream Tail|Scream Tail|95\/100\n|move|p1a: Piloswine|Ice Shard|p2a: Scream Tail\n|-damage|p2a: Scream Tail|82\/100\n|\n|-heal|p2a: Scream Tail|89\/100|[from] item: Leftovers\n|upkeep\n|turn|32\n|\n|t:|1699793440\n|switch|p1a: Slowking|Slowking, M, shiny|92\/100\n|move|p2a: Scream Tail|Ice Beam|p1a: Slowking\n|-resisted|p1a: Slowking\n|-damage|p1a: Slowking|87\/100\n|\n|-heal|p2a: Scream Tail|95\/100|[from] item: Leftovers\n|upkeep\n|turn|33\n|\n|t:|1699793462\n|move|p2a: Scream Tail|Wish|p2a: Scream Tail\n|move|p1a: Slowking|Future Sight|p2a: Scream Tail\n|-start|p1a: Slowking|move: Future Sight\n|\n|-heal|p2a: Scream Tail|100\/100|[from] item: Leftovers\n|upkeep\n|turn|34\n|\n|t:|1699793490\n|move|p2a: Scream Tail|Encore|p1a: Slowking\n|-start|p1a: Slowking|Encore\n|move|p1a: Slowking|Future Sight||[still]\n|-fail|p1a: Slowking\n|\n|upkeep\n|turn|35\n|\n|t:|1699793513\n|switch|p1a: Piloswine|Piloswine, M|44\/100\n|move|p2a: Scream Tail|Wish|p2a: Scream Tail\n|\n|-end|p2a: Scream Tail|move: Future Sight\n|-resisted|p2a: Scream Tail\n|-damage|p2a: Scream Tail|87\/100\n|-heal|p2a: Scream Tail|93\/100|[from] item: Leftovers\n|upkeep\n|turn|36\n|\n|t:|1699793531\n|switch|p1a: Slowking|Slowking, M, shiny|100\/100\n|move|p2a: Scream Tail|Ice Beam|p1a: Slowking\n|-resisted|p1a: Slowking\n|-damage|p1a: Slowking|96\/100\n|-status|p1a: Slowking|frz\n|\n|-heal|p2a: Scream Tail|100\/100|[from] move: Wish|[wisher] Scream Tail\n|upkeep\n|turn|37\n|\n|t:|1699793548\n|move|p2a: Scream Tail|Wish|p2a: Scream Tail\n|-curestatus|p1a: Slowking|frz|[from] move: Scald\n|move|p1a: Slowking|Scald|p2a: Scream Tail\n|-crit|p2a: Scream Tail\n|-damage|p2a: Scream Tail|71\/100\n|-status|p2a: Scream Tail|brn\n|\n|-heal|p2a: Scream Tail|78\/100 brn|[from] item: Leftovers\n|-damage|p2a: Scream Tail|71\/100 brn|[from] brn\n|upkeep\n|turn|38\n|\n|t:|1699793576\n|-end|p2a: Scream Tail|Protosynthesis|[silent]\n|switch|p2a: Scizor|Scizor, M|34\/100\n|move|p1a: Slowking|Scald|p2a: Scizor\n|-damage|p2a: Scizor|3\/100\n|\n|-heal|p2a: Scizor|66\/100|[from] move: Wish|[wisher] Scream Tail\n|upkeep\n|turn|39\n|j| Backrooms_The_City\n|\n|t:|1699793611\n|move|p2a: Scizor|Swords Dance|p2a: Scizor\n|-boost|p2a: Scizor|atk|2\n|move|p1a: Slowking|Scald|p2a: Scizor\n|-damage|p2a: Scizor|36\/100\n|\n|upkeep\n|turn|40\n|l| Backrooms_The_City\n|j| Backrooms_The_City\n|l| Backrooms_The_City\n|\n|t:|1699793665\n|switch|p1a: Piloswine|Piloswine, M|44\/100\n|move|p2a: Scizor|Bullet Punch|p1a: Piloswine\n|-supereffective|p1a: Piloswine\n|-damage|p1a: Piloswine|0 fnt\n|faint|p1a: Piloswine\n|\n|upkeep\n|\n|t:|1699793671\n|switch|p1a: Gholdengo|Gholdengo, tera:Flying|100\/100\n|turn|41\n|\n|t:|1699793691\n|move|p2a: Scizor|Bullet Punch|p1a: Gholdengo\n|-damage|p1a: Gholdengo|18\/100\n|move|p1a: Gholdengo|Shadow Ball|p2a: Scizor\n|-damage|p2a: Scizor|0 fnt\n|faint|p2a: Scizor\n|\n|upkeep\n|\n|t:|1699793699\n|switch|p2a: Scream Tail|Scream Tail|71\/100 brn\n|turn|42\n|\n|t:|1699793714\n|switch|p1a: Slowking|Slowking, M, shiny|100\/100\n|move|p2a: Scream Tail|Wish|p2a: Scream Tail\n|\n|-heal|p2a: Scream Tail|78\/100 brn|[from] item: Leftovers\n|-damage|p2a: Scream Tail|71\/100 brn|[from] brn\n|upkeep\n|turn|43\n|\n|t:|1699793739\n|move|p2a: Scream Tail|Ice Beam|p1a: Slowking\n|-resisted|p1a: Slowking\n|-damage|p1a: Slowking|96\/100\n|move|p1a: Slowking|Future Sight|p2a: Scream Tail\n|-start|p1a: Slowking|move: Future Sight\n|\n|-heal|p2a: Scream Tail|100\/100 brn|[from] move: Wish|[wisher] Scream Tail\n|-damage|p2a: Scream Tail|94\/100 brn|[from] brn\n|upkeep\n|turn|44\n|\n|t:|1699793747\n|move|p2a: Scream Tail|Encore|p1a: Slowking\n|-start|p1a: Slowking|Encore\n|move|p1a: Slowking|Future Sight||[still]\n|-fail|p1a: Slowking\n|\n|-heal|p2a: Scream Tail|100\/100 brn|[from] item: Leftovers\n|-damage|p2a: Scream Tail|94\/100 brn|[from] brn\n|upkeep\n|turn|45\n|\n|t:|1699793755\n|move|p2a: Scream Tail|Wish|p2a: Scream Tail\n|move|p1a: Slowking|Future Sight||[still]\n|-fail|p1a: Slowking\n|\n|-end|p2a: Scream Tail|move: Future Sight\n|-resisted|p2a: Scream Tail\n|-damage|p2a: Scream Tail|79\/100 brn\n|-heal|p2a: Scream Tail|85\/100 brn|[from] item: Leftovers\n|-damage|p2a: Scream Tail|79\/100 brn|[from] brn\n|upkeep\n|turn|46\n|\n|t:|1699793764\n|-end|p2a: Scream Tail|Protosynthesis|[silent]\n|switch|p2a: Infernape|Infernape, F, tera:Ghost|13\/100\n|move|p1a: Slowking|Future Sight|p2a: Infernape\n|-start|p1a: Slowking|move: Future Sight\n|\n|-heal|p2a: Infernape|87\/100|[from] move: Wish|[wisher] Scream Tail\n|-end|p1a: Slowking|Encore\n|upkeep\n|turn|47\n|\n|t:|1699793803\n|move|p2a: Infernape|Thunder Punch|p1a: Slowking\n|-supereffective|p1a: Slowking\n|-damage|p1a: Slowking|35\/100\n|move|p1a: Slowking|Scald|p2a: Infernape\n|-damage|p2a: Infernape|46\/100\n|\n|upkeep\n|turn|48\n|\n|t:|1699793817\n|move|p2a: Infernape|Thunder Punch|p1a: Slowking\n|-supereffective|p1a: Slowking\n|-damage|p1a: Slowking|0 fnt\n|faint|p1a: Slowking\n|\n|-end|p2a: Infernape|move: Future Sight\n|-damage|p2a: Infernape|0 fnt\n|faint|p2a: Infernape\n|upkeep\n|\n|t:|1699793824\n|switch|p2a: Scream Tail|Scream Tail|79\/100 brn\n|switch|p1a: Gholdengo|Gholdengo, tera:Flying|18\/100\n|turn|49\n|\n|t:|1699793843\n|move|p1a: Gholdengo|Make It Rain|p2a: Scream Tail\n|-supereffective|p2a: Scream Tail\n|-damage|p2a: Scream Tail|0 fnt\n|-unboost|p1a: Gholdengo|spa|1\n|faint|p2a: Scream Tail\n|-end|p2a: Scream Tail|Protosynthesis|[silent]\n|\n|win|Corbinc\n","uploadtime":1699793851,"views":6,"p1id":"corbinc","p2id":"nikolobstar","formatid":"gen9ubers","rating":0,"private":0,"password":""}