{"id":"gen9ubers-1977427797","p1":"HelloThereMites","p2":"Roberto di Alost","format":"[Gen 9] Ubers","log":"|j|\u2606HelloThereMites\n|j|\u2606Roberto di Alost\n|t:|1698416209\n|gametype|singles\n|player|p1|HelloThereMites|riley|1020\n|player|p2|Roberto di Alost|hiker-gen4|1101\n|teamsize|p1|6\n|teamsize|p2|6\n|gen|9\n|tier|[Gen 9] Ubers\n|rated|\n|rule|Sleep Clause Mod: Limit one foe put to sleep\n|rule|Species Clause: Limit one of each Pok\u00e9mon\n|rule|OHKO Clause: OHKO moves are banned\n|rule|Evasion Items Clause: Evasion items are banned\n|rule|Evasion Moves Clause: Evasion moves are banned\n|rule|Endless Battle Clause: Forcing endless battles is banned\n|rule|HP Percentage Mod: HP is shown in percentages\n|clearpoke\n|poke|p1|Ogerpon-Hearthflame, F|\n|poke|p1|Zacian-*|\n|poke|p1|Urshifu-*, F|\n|poke|p1|Flutter Mane|\n|poke|p1|Arceus|\n|poke|p1|Iron Bundle|\n|poke|p2|Yanmega, M|\n|poke|p2|Munkidori, M|\n|poke|p2|Espathra, F|\n|poke|p2|Quagsire, M|\n|poke|p2|Koraidon|\n|poke|p2|Cinderace, F|\n|teampreview\n|inactive|Battle timer is ON: inactive players will automatically lose when time's up. (requested by HelloThereMites)\n|\n|t:|1698416223\n|start\n|switch|p1a: Dog|Zacian-Crowned|100\/100\n|switch|p2a: Munkidori|Munkidori, M|100\/100\n|-ability|p1a: Dog|Intrepid Sword|boost\n|-boost|p1a: Dog|atk|1\n|turn|1\n|\n|t:|1698416233\n|switch|p2a: Quagsire|Quagsire, M|100\/100\n|move|p1a: Dog|Swords Dance|p1a: Dog\n|-boost|p1a: Dog|atk|2\n|\n|upkeep\n|turn|2\n|\n|t:|1698416240\n|move|p1a: Dog|Behemoth Blade|p2a: Quagsire\n|-resisted|p2a: Quagsire\n|-damage|p2a: Quagsire|81\/100\n|move|p2a: Quagsire|Stomping Tantrum|p1a: Dog\n|-supereffective|p1a: Dog\n|-damage|p1a: Dog|56\/100\n|\n|-heal|p2a: Quagsire|87\/100|[from] item: Leftovers\n|upkeep\n|turn|3\n|\n|t:|1698416249\n|move|p1a: Dog|Play Rough|p2a: Quagsire\n|-damage|p2a: Quagsire|47\/100\n|move|p2a: Quagsire|Toxic|p1a: Dog\n|-immune|p1a: Dog\n|\n|-heal|p2a: Quagsire|54\/100|[from] item: Leftovers\n|upkeep\n|turn|4\n|\n|t:|1698416269\n|move|p1a: Dog|Play Rough|p2a: Quagsire\n|-damage|p2a: Quagsire|15\/100\n|move|p2a: Quagsire|Recover|p2a: Quagsire\n|-heal|p2a: Quagsire|65\/100\n|\n|-heal|p2a: Quagsire|72\/100|[from] item: Leftovers\n|upkeep\n|turn|5\n|\n|t:|1698416279\n|switch|p1a: Mr. Popper|Iron Bundle, shiny|100\/100\n|move|p2a: Quagsire|Protect||[still]\n|-fail|p2a: Quagsire\n|\n|-heal|p2a: Quagsire|78\/100|[from] item: Leftovers\n|upkeep\n|turn|6\n|\n|t:|1698416293\n|move|p2a: Quagsire|Protect|p2a: Quagsire\n|-singleturn|p2a: Quagsire|Protect\n|move|p1a: Mr. Popper|Ice Beam|p2a: Quagsire\n|-activate|p2a: Quagsire|move: Protect\n|\n|-heal|p2a: Quagsire|84\/100|[from] item: Leftovers\n|upkeep\n|turn|7\n|\n|t:|1698416302\n|move|p1a: Mr. Popper|Ice Beam|p2a: Quagsire\n|-damage|p2a: Quagsire|30\/100\n|move|p2a: Quagsire|Toxic|p1a: Mr. Popper|[miss]\n|-miss|p2a: Quagsire|p1a: Mr. Popper\n|\n|-heal|p2a: Quagsire|37\/100|[from] item: Leftovers\n|upkeep\n|turn|8\n|\n|t:|1698416311\n|move|p2a: Quagsire|Protect|p2a: Quagsire\n|-singleturn|p2a: Quagsire|Protect\n|move|p1a: Mr. Popper|Freeze-Dry|p2a: Quagsire\n|-activate|p2a: Quagsire|move: Protect\n|\n|-heal|p2a: Quagsire|43\/100|[from] item: Leftovers\n|upkeep\n|turn|9\n|\n|t:|1698416323\n|switch|p2a: Koraidon|Koraidon|100\/100\n|-weather|SunnyDay|[from] ability: Orichalcum Pulse|[of] p2a: Koraidon\n|-activate|p2a: Koraidon|Orichalcum Pulse|[source]\n|move|p1a: Mr. Popper|Freeze-Dry|p2a: Koraidon\n|-supereffective|p2a: Koraidon\n|-damage|p2a: Koraidon|34\/100\n|\n|-weather|SunnyDay|[upkeep]\n|upkeep\n|turn|10\n|\n|t:|1698416343\n|move|p2a: Koraidon|U-turn|p1a: Mr. Popper\n|-damage|p1a: Mr. Popper|57\/100\n|\n|t:|1698416347\n|switch|p2a: Espathra|Espathra, F|100\/100|[from] U-turn\n|move|p1a: Mr. Popper|Freeze-Dry|p2a: Espathra\n|-damage|p2a: Espathra|44\/100\n|\n|-weather|SunnyDay|[upkeep]\n|-heal|p2a: Espathra|50\/100|[from] item: Leftovers\n|upkeep\n|turn|11\n|\n|t:|1698416357\n|move|p2a: Espathra|Protect|p2a: Espathra\n|-singleturn|p2a: Espathra|Protect\n|move|p1a: Mr. Popper|Freeze-Dry|p2a: Espathra\n|-activate|p2a: Espathra|move: Protect\n|\n|-weather|SunnyDay|[upkeep]\n|-heal|p2a: Espathra|56\/100|[from] item: Leftovers\n|-ability|p2a: Espathra|Speed Boost|boost\n|-boost|p2a: Espathra|spe|1\n|upkeep\n|turn|12\n|\n|t:|1698416367\n|move|p2a: Espathra|Lumina Crash|p1a: Mr. Popper\n|-damage|p1a: Mr. Popper|0 fnt\n|faint|p1a: Mr. Popper\n|-end|p1a: Mr. Popper|Quark Drive|[silent]\n|\n|-weather|SunnyDay|[upkeep]\n|-heal|p2a: Espathra|62\/100|[from] item: Leftovers\n|-ability|p2a: Espathra|Speed Boost|boost\n|-boost|p2a: Espathra|spe|1\n|upkeep\n|\n|t:|1698416375\n|switch|p1a: Arceus|Arceus|100\/100\n|turn|13\n|\n|t:|1698416380\n|move|p2a: Espathra|Lumina Crash|p1a: Arceus\n|-damage|p1a: Arceus|76\/100\n|-unboost|p1a: Arceus|spd|2\n|move|p1a: Arceus|Swords Dance|p1a: Arceus\n|-boost|p1a: Arceus|atk|2\n|\n|-weather|none\n|-heal|p2a: Espathra|68\/100|[from] item: Leftovers\n|-ability|p2a: Espathra|Speed Boost|boost\n|-boost|p2a: Espathra|spe|1\n|upkeep\n|turn|14\n|\n|t:|1698416395\n|move|p2a: Espathra|Lumina Crash|p1a: Arceus\n|-damage|p1a: Arceus|23\/100\n|-unboost|p1a: Arceus|spd|2\n|move|p1a: Arceus|Taunt|p2a: Espathra\n|-start|p2a: Espathra|move: Taunt\n|\n|-heal|p2a: Espathra|75\/100|[from] item: Leftovers\n|-ability|p2a: Espathra|Speed Boost|boost\n|-boost|p2a: Espathra|spe|1\n|upkeep\n|turn|15\n|\n|t:|1698416410\n|move|p1a: Arceus|Extreme Speed|p2a: Espathra\n|-damage|p2a: Espathra|0 fnt\n|faint|p2a: Espathra\n|\n|upkeep\n|\n|t:|1698416420\n|switch|p2a: Quagsire|Quagsire, M|43\/100\n|turn|16\n|\n|t:|1698416427\n|move|p2a: Quagsire|Protect|p2a: Quagsire\n|-singleturn|p2a: Quagsire|Protect\n|move|p1a: Arceus|Extreme Speed|p2a: Quagsire\n|-activate|p2a: Quagsire|move: Protect\n|\n|-heal|p2a: Quagsire|49\/100|[from] item: Leftovers\n|upkeep\n|turn|17\n|\n|t:|1698416439\n|move|p1a: Arceus|Extreme Speed|p2a: Quagsire\n|-damage|p2a: Quagsire|12\/100\n|move|p2a: Quagsire|Stomping Tantrum|p1a: Arceus\n|-damage|p1a: Arceus|7\/100\n|\n|-heal|p2a: Quagsire|18\/100|[from] item: Leftovers\n|upkeep\n|turn|18\n|\n|t:|1698416448\n|move|p1a: Arceus|Extreme Speed|p2a: Quagsire\n|-damage|p2a: Quagsire|0 fnt\n|faint|p2a: Quagsire\n|\n|upkeep\n|\n|t:|1698416458\n|switch|p2a: Munkidori|Munkidori, M|100\/100\n|turn|19\n|inactive|HelloThereMites has 120 seconds left.\n|\n|t:|1698416494\n|move|p2a: Munkidori|Sludge Wave|p1a: Arceus\n|-damage|p1a: Arceus|0 fnt\n|faint|p1a: Arceus\n|\n|upkeep\n|\n|t:|1698416503\n|switch|p1a: Flutter Mane|Flutter Mane|100\/100\n|turn|20\n|\n|t:|1698416523\n|move|p1a: Flutter Mane|Shadow Ball|p2a: Munkidori\n|-supereffective|p2a: Munkidori\n|-enditem|p2a: Munkidori|Focus Sash\n|-damage|p2a: Munkidori|1\/100\n|-damage|p1a: Flutter Mane|91\/100|[from] item: Life Orb\n|move|p2a: Munkidori|Sludge Wave|p1a: Flutter Mane\n|-damage|p1a: Flutter Mane|39\/100\n|\n|upkeep\n|turn|21\n|inactive|HelloThereMites has 120 seconds left.\n|c|\u2606Roberto di Alost|Lets go bro\n|inactive|HelloThereMites has 90 seconds left.\n|\n|t:|1698416578\n|move|p1a: Flutter Mane|Shadow Ball|p2a: Munkidori\n|-supereffective|p2a: Munkidori\n|-damage|p2a: Munkidori|0 fnt\n|faint|p2a: Munkidori\n|-damage|p1a: Flutter Mane|29\/100|[from] item: Life Orb\n|\n|upkeep\n|\n|t:|1698416586\n|switch|p2a: Koraidon|Koraidon|34\/100\n|-weather|SunnyDay|[from] ability: Orichalcum Pulse|[of] p2a: Koraidon\n|-activate|p1a: Flutter Mane|ability: Protosynthesis\n|-start|p1a: Flutter Mane|protosynthesisspe\n|-activate|p2a: Koraidon|Orichalcum Pulse|[source]\n|turn|22\n|\n|t:|1698416593\n|move|p2a: Koraidon|Flare Blitz|p1a: Flutter Mane\n|-damage|p1a: Flutter Mane|0 fnt\n|faint|p1a: Flutter Mane\n|-end|p1a: Flutter Mane|Protosynthesis|[silent]\n|-damage|p2a: Koraidon|27\/100|[from] Recoil\n|\n|-weather|SunnyDay|[upkeep]\n|upkeep\n|\n|t:|1698416600\n|switch|p1a: Urshifu|Urshifu-Rapid-Strike, F|100\/100\n|turn|23\n|\n|t:|1698416604\n|move|p1a: Urshifu|Aqua Jet|p2a: Koraidon\n|-resisted|p2a: Koraidon\n|-damage|p2a: Koraidon|21\/100\n|move|p2a: Koraidon|Flare Blitz|p1a: Urshifu\n|-resisted|p1a: Urshifu\n|-damage|p1a: Urshifu|56\/100\n|-status|p1a: Urshifu|brn\n|-damage|p2a: Koraidon|7\/100|[from] Recoil\n|\n|-weather|SunnyDay|[upkeep]\n|-damage|p1a: Urshifu|50\/100 brn|[from] brn\n|upkeep\n|turn|24\n|\n|t:|1698416615\n|move|p2a: Koraidon|Flare Blitz|p1a: Urshifu\n|-resisted|p1a: Urshifu\n|-damage|p1a: Urshifu|8\/100 brn\n|-damage|p2a: Koraidon|0 fnt|[from] Recoil\n|faint|p2a: Koraidon\n|move|p1a: Urshifu|Surging Strikes|p2: Koraidon|[notarget]\n|-fail|p1a: Urshifu\n|\n|-weather|SunnyDay|[upkeep]\n|-damage|p1a: Urshifu|2\/100 brn|[from] brn\n|upkeep\n|\n|t:|1698416625\n|switch|p2a: Yanmega|Yanmega, M|100\/100\n|turn|25\n|\n|t:|1698416634\n|-terastallize|p2a: Yanmega|Grass\n|move|p2a: Yanmega|Bug Buzz|p1a: Urshifu\n|-resisted|p1a: Urshifu\n|-damage|p1a: Urshifu|0 fnt\n|faint|p1a: Urshifu\n|-enditem|p2a: Yanmega|Throat Spray\n|-boost|p2a: Yanmega|spa|1|[from] item: Throat Spray\n|\n|-weather|SunnyDay|[upkeep]\n|-ability|p2a: Yanmega|Speed Boost|boost\n|-boost|p2a: Yanmega|spe|1\n|upkeep\n|inactive|HelloThereMites has 120 seconds left.\n|\n|t:|1698416647\n|switch|p1a: Dog|Zacian-Crowned|56\/100\n|turn|26\n|\n|t:|1698416652\n|move|p1a: Dog|Swords Dance|p1a: Dog\n|-boost|p1a: Dog|atk|2\n|move|p2a: Yanmega|Air Slash|p1a: Dog\n|-resisted|p1a: Dog\n|-damage|p1a: Dog|29\/100\n|\n|-weather|none\n|-ability|p2a: Yanmega|Speed Boost|boost\n|-boost|p2a: Yanmega|spe|1\n|upkeep\n|turn|27\n|inactive|HelloThereMites has 120 seconds left.\n|\n|t:|1698416671\n|move|p2a: Yanmega|Air Slash|p1a: Dog\n|-resisted|p1a: Dog\n|-damage|p1a: Dog|3\/100\n|move|p1a: Dog|Behemoth Blade|p2a: Yanmega\n|-damage|p2a: Yanmega|0 fnt\n|faint|p2a: Yanmega\n|\n|upkeep\n|\n|t:|1698416679\n|switch|p2a: Cinderace|Cinderace, F|100\/100\n|turn|28\n|\n|t:|1698416689\n|move|p1a: Dog|Play Rough|p2a: Cinderace\n|-resisted|p2a: Cinderace\n|-damage|p2a: Cinderace|31\/100\n|-unboost|p2a: Cinderace|atk|1\n|move|p2a: Cinderace|Pyro Ball|p1a: Dog\n|-supereffective|p1a: Dog\n|-damage|p1a: Dog|0 fnt\n|faint|p1a: Dog\n|\n|upkeep\n|\n|t:|1698416697\n|switch|p1a: Ogerpon|Ogerpon-Hearthflame, F|100\/100\n|-ability|p1a: Ogerpon|Mold Breaker\n|turn|29\n|\n|t:|1698416708\n|-terastallize|p1a: Ogerpon|Fire\n|detailschange|p1a: Ogerpon|Ogerpon-Hearthflame-Tera, F, tera:Fire\n|-ability|p1a: Ogerpon|Embody Aspect (Hearthflame)|boost\n|-boost|p1a: Ogerpon|atk|1\n|move|p2a: Cinderace|Gunk Shot|p1a: Ogerpon\n|-start|p2a: Cinderace|typechange|Poison|[from] ability: Libero\n|-damage|p1a: Ogerpon|48\/100\n|move|p1a: Ogerpon|Ivy Cudgel|p2a: Cinderace\n|-damage|p2a: Cinderace|0 fnt\n|faint|p2a: Cinderace\n|\n|win|HelloThereMites\n|raw|HelloThereMites's rating: 1020 &rarr; <strong>1065<\/strong><br \/>(+45 for winning)\n|raw|Roberto di Alost's rating: 1101 &rarr; <strong>1070<\/strong><br \/>(-31 for losing)\n|l|\u2606Roberto di Alost\n","uploadtime":1698416736,"views":5,"p1id":"hellotheremites","p2id":"robertodialost","formatid":"gen9ubers","rating":1065,"private":0,"password":""}