{"id":"gen9ubers-1972028014","p1":"Bruhitsjhian","p2":"onePlenty","format":"[Gen 9] Ubers","log":"|j|\u2606Bruhitsjhian\n|j|\u2606onePlenty\n|t:|1697806357\n|gametype|singles\n|player|p1|Bruhitsjhian|101|\n|player|p2|onePlenty|volkner|\n|teamsize|p1|6\n|teamsize|p2|6\n|gen|9\n|tier|[Gen 9] Ubers\n|rule|Sleep Clause Mod: Limit one foe put to sleep\n|rule|Species Clause: Limit one of each Pok\u00e9mon\n|rule|OHKO Clause: OHKO moves are banned\n|rule|Evasion Items Clause: Evasion items are banned\n|rule|Evasion Moves Clause: Evasion moves are banned\n|rule|Endless Battle Clause: Forcing endless battles is banned\n|rule|HP Percentage Mod: HP is shown in percentages\n|clearpoke\n|poke|p1|Dragapult, M|\n|poke|p1|Miraidon|\n|poke|p1|Kingambit, M|\n|poke|p1|Zacian-*|\n|poke|p1|Meowscarada, M|\n|poke|p1|Ursaluna-Bloodmoon, M|\n|poke|p2|Zacian-*|\n|poke|p2|Flutter Mane|\n|poke|p2|Ogerpon-Hearthflame, F|\n|poke|p2|Kingambit, M|\n|poke|p2|Great Tusk|\n|poke|p2|Ribombee, M|\n|teampreview\n|\n|t:|1697806387\n|start\n|switch|p1a: Dragapult|Dragapult, M, shiny|100\/100\n|switch|p2a: Ribombee|Ribombee, M|100\/100\n|turn|1\n|\n|t:|1697806394\n|move|p1a: Dragapult|Flamethrower|p2a: Ribombee\n|-supereffective|p2a: Ribombee\n|-damage|p2a: Ribombee|8\/100\n|move|p2a: Ribombee|Moonblast|p1a: Dragapult\n|-supereffective|p1a: Dragapult\n|-enditem|p1a: Dragapult|Focus Sash\n|-damage|p1a: Dragapult|1\/100\n|\n|upkeep\n|turn|2\n|\n|t:|1697806409\n|move|p1a: Dragapult|Flamethrower|p2a: Ribombee\n|-supereffective|p2a: Ribombee\n|-damage|p2a: Ribombee|0 fnt\n|faint|p2a: Ribombee\n|\n|upkeep\n|\n|t:|1697806429\n|switch|p2a: Ogerpon|Ogerpon-Hearthflame, F|100\/100\n|-ability|p2a: Ogerpon|Mold Breaker\n|turn|3\n|\n|t:|1697806444\n|move|p1a: Dragapult|Dragon Darts|p2a: Ogerpon\n|-damage|p2a: Ogerpon|74\/100\n|-anim|p1a: Dragapult|Dragon Darts|p2a: Ogerpon\n|-damage|p2a: Ogerpon|46\/100\n|move|p2a: Ogerpon|U-turn|p1a: Dragapult\n|-resisted|p1a: Dragapult\n|-damage|p1a: Dragapult|0 fnt\n|faint|p1a: Dragapult\n|\n|t:|1697806457\n|switch|p2a: Great Tusk|Great Tusk|100\/100|[from] U-turn\n|-enditem|p2a: Great Tusk|Booster Energy\n|-activate|p2a: Great Tusk|ability: Protosynthesis|[fromitem]\n|-start|p2a: Great Tusk|protosynthesisspe\n|\n|upkeep\n|\n|t:|1697806463\n|switch|p1a: Meowscarada|Meowscarada, M|100\/100\n|turn|4\n|\n|t:|1697806496\n|move|p2a: Great Tusk|Close Combat|p1a: Meowscarada\n|-supereffective|p1a: Meowscarada\n|-enditem|p1a: Meowscarada|Focus Sash\n|-damage|p1a: Meowscarada|1\/100\n|-unboost|p2a: Great Tusk|def|1\n|-unboost|p2a: Great Tusk|spd|1\n|move|p1a: Meowscarada|Flower Trick|p2a: Great Tusk\n|-supereffective|p2a: Great Tusk\n|-crit|p2a: Great Tusk\n|-damage|p2a: Great Tusk|0 fnt\n|faint|p2a: Great Tusk\n|-end|p2a: Great Tusk|Protosynthesis|[silent]\n|\n|upkeep\n|\n|t:|1697806507\n|switch|p2a: Ogerpon|Ogerpon-Hearthflame, F|46\/100\n|-ability|p2a: Ogerpon|Mold Breaker\n|turn|5\n|\n|t:|1697806514\n|move|p1a: Meowscarada|Sucker Punch|p2a: Ogerpon\n|-damage|p2a: Ogerpon|3\/100\n|move|p2a: Ogerpon|Ivy Cudgel|p1a: Meowscarada\n|-supereffective|p1a: Meowscarada\n|-damage|p1a: Meowscarada|0 fnt\n|faint|p1a: Meowscarada\n|\n|upkeep\n|\n|t:|1697806522\n|switch|p1a: Ursaluna|Ursaluna-Bloodmoon, M|100\/100\n|turn|6\n|\n|t:|1697806541\n|move|p1a: Ursaluna|Vacuum Wave|p2a: Ogerpon\n|-damage|p2a: Ogerpon|0 fnt\n|faint|p2a: Ogerpon\n|\n|upkeep\n|\n|t:|1697806552\n|switch|p2a: Zacian|Zacian-Crowned|100\/100\n|-ability|p2a: Zacian|Intrepid Sword|boost\n|-boost|p2a: Zacian|atk|1\n|turn|7\n|\n|t:|1697806562\n|move|p2a: Zacian|Swords Dance|p2a: Zacian\n|-boost|p2a: Zacian|atk|2\n|move|p1a: Ursaluna|Earth Power|p2a: Zacian\n|-supereffective|p2a: Zacian\n|-damage|p2a: Zacian|8\/100\n|\n|upkeep\n|turn|8\n|\n|t:|1697806570\n|move|p1a: Ursaluna|Vacuum Wave|p2a: Zacian\n|-damage|p2a: Zacian|0 fnt\n|faint|p2a: Zacian\n|\n|upkeep\n|\n|t:|1697806574\n|switch|p2a: Kingambit|Kingambit, M|100\/100\n|-activate|p2a: Kingambit|ability: Supreme Overlord\n|-start|p2a: Kingambit|fallen4|[silent]\n|turn|9\n|\n|t:|1697806580\n|move|p2a: Kingambit|Sucker Punch|p1a: Ursaluna\n|-damage|p1a: Ursaluna|65\/100\n|move|p1a: Ursaluna|Earth Power|p2a: Kingambit\n|-supereffective|p2a: Kingambit\n|-damage|p2a: Kingambit|0 fnt\n|faint|p2a: Kingambit\n|-end|p2a: Kingambit|fallen4|[silent]\n|\n|-heal|p1a: Ursaluna|71\/100|[from] item: Leftovers\n|upkeep\n|\n|t:|1697806587\n|switch|p2a: Flutter Mane|Flutter Mane|100\/100\n|turn|10\n|\n|t:|1697806594\n|move|p2a: Flutter Mane|Shadow Ball|p1a: Ursaluna\n|-immune|p1a: Ursaluna\n|move|p1a: Ursaluna|Earth Power|p2a: Flutter Mane\n|-damage|p2a: Flutter Mane|50\/100\n|\n|-heal|p1a: Ursaluna|77\/100|[from] item: Leftovers\n|upkeep\n|turn|11\n|\n|t:|1697806603\n|move|p2a: Flutter Mane|Shadow Ball|p1a: Ursaluna\n|-immune|p1a: Ursaluna\n|move|p1a: Ursaluna|Earth Power|p2a: Flutter Mane\n|-damage|p2a: Flutter Mane|0 fnt\n|faint|p2a: Flutter Mane\n|-end|p2a: Flutter Mane|Protosynthesis|[silent]\n|\n|win|Bruhitsjhian\n|l|\u2606onePlenty\n","uploadtime":1697806679,"views":8,"p1id":"bruhitsjhian","p2id":"oneplenty","formatid":"gen9ubers","rating":0,"private":0,"password":""}