{"id":"gen9ubers-1974586820","p1":"imJV","p2":"XpokVEVO","format":"[Gen 9] Ubers","log":"|j|\u2606imJV\n|j|\u2606XpokVEVO\n|t:|1698099959\n|gametype|singles\n|player|p1|imJV|schoolkid|\n|player|p2|XpokVEVO|rika|\n|teamsize|p1|6\n|teamsize|p2|6\n|gen|9\n|tier|[Gen 9] Ubers\n|rule|Sleep Clause Mod: Limit one foe put to sleep\n|rule|Species Clause: Limit one of each Pok\u00e9mon\n|rule|OHKO Clause: OHKO moves are banned\n|rule|Evasion Items Clause: Evasion items are banned\n|rule|Evasion Moves Clause: Evasion moves are banned\n|rule|Endless Battle Clause: Forcing endless battles is banned\n|rule|HP Percentage Mod: HP is shown in percentages\n|clearpoke\n|poke|p1|Shaymin-Sky|\n|poke|p1|Pelipper, F|\n|poke|p1|Rabsca, M|\n|poke|p1|Basculegion-F, F|\n|poke|p1|Arceus-Poison|\n|poke|p1|Giratina|\n|poke|p2|Arceus-Fire|\n|poke|p2|Cyclizar, M|\n|poke|p2|Espathra, F|\n|poke|p2|Magearna|\n|poke|p2|Spectrier|\n|poke|p2|Zacian-*|\n|teampreview\n|inactive|Battle timer is ON: inactive players will automatically lose when time's up. (requested by imJV)\n|c|\u2606imJV|gl\n|c|\u2606XpokVEVO|bl\n|c|\u2606imJV|i see\n|inactive|imJV has 270 seconds left.\n|c|\u2606imJV|wait reset\n|c|\u2606XpokVEVO|why?\n|inactive|imJV has 240 seconds left.\n|c|\u2606imJV|my team glitched my pokemon lost all his moves\n|c|\u2606XpokVEVO|show me\n|c|\u2606imJV|ill send you pic\n|inactive|imJV has 210 seconds left.\n|inactive|imJV has 180 seconds left.\n|inactive|imJV has 150 seconds left.\n|inactiveoff|Battle timer is now OFF.\n|\n|t:|1698100521\n|start\n|switch|p1a: Shaymin|Shaymin-Sky|100\/100\n|switch|p2a: Akira|Cyclizar, M|100\/100\n|turn|1\n|\n|t:|1698100534\n|move|p2a: Akira|Shed Tail|p2a: Akira\n|-start|p2a: Akira|Substitute|[from] move: Shed Tail\n|-damage|p2a: Akira|50\/100\n|\n|t:|1698100562\n|switch|p2a: Emu War|Espathra, F|100\/100|[from] Shed Tail\n|move|p1a: Shaymin|Earth Power|p2a: Emu War\n|-end|p2a: Emu War|Substitute\n|-damage|p1a: Shaymin|91\/100|[from] item: Life Orb\n|\n|upkeep\n|turn|2\n|\n|t:|1698100571\n|move|p1a: Shaymin|Seed Flare|p2a: Emu War\n|-enditem|p2a: Emu War|Focus Sash\n|-damage|p2a: Emu War|1\/100\n|-unboost|p2a: Emu War|spd|2\n|-damage|p1a: Shaymin|81\/100|[from] item: Life Orb\n|move|p2a: Emu War|Calm Mind|p2a: Emu War\n|-boost|p2a: Emu War|spa|1\n|-boost|p2a: Emu War|spd|1\n|\n|-ability|p2a: Emu War|Speed Boost|boost\n|-boost|p2a: Emu War|spe|1\n|upkeep\n|turn|3\n|\n|t:|1698100581\n|switch|p1a: Basculegion|Basculegion-F, F|100\/100\n|move|p2a: Emu War|Protect||[still]\n|-fail|p2a: Emu War\n|\n|-ability|p2a: Emu War|Speed Boost|boost\n|-boost|p2a: Emu War|spe|1\n|upkeep\n|turn|4\n|\n|t:|1698100588\n|move|p1a: Basculegion|Aqua Jet|p2a: Emu War\n|-damage|p2a: Emu War|0 fnt\n|faint|p2a: Emu War\n|\n|upkeep\n|\n|t:|1698100603\n|switch|p2a: Princess|Zacian, shiny|100\/100\n|-ability|p2a: Princess|Intrepid Sword|boost\n|-boost|p2a: Princess|atk|1\n|turn|5\n|\n|t:|1698100612\n|switch|p1a: Pelipper|Pelipper, F|100\/100\n|-weather|RainDance|[from] ability: Drizzle|[of] p1a: Pelipper\n|move|p2a: Princess|Crunch|p1a: Pelipper\n|-damage|p1a: Pelipper|57\/100\n|\n|-weather|RainDance|[upkeep]\n|upkeep\n|turn|6\n|\n|t:|1698100621\n|-terastallize|p2a: Princess|Dark\n|move|p2a: Princess|Crunch|p1a: Pelipper\n|-damage|p1a: Pelipper|0 fnt\n|faint|p1a: Pelipper\n|\n|-weather|RainDance|[upkeep]\n|upkeep\n|\n|t:|1698100708\n|switch|p1a: Arceus|Arceus-Poison|100\/100\n|turn|7\n|\n|t:|1698100773\n|switch|p2a: Aunt Fanny|Magearna|100\/100\n|move|p1a: Arceus|Surf|p2a: Aunt Fanny\n|-damage|p2a: Aunt Fanny|61\/100\n|\n|-weather|RainDance|[upkeep]\n|upkeep\n|turn|8\n|\n|t:|1698100782\n|move|p1a: Arceus|Surf|p2a: Aunt Fanny\n|-damage|p2a: Aunt Fanny|21\/100\n|move|p2a: Aunt Fanny|Thunder Wave|p1a: Arceus\n|-status|p1a: Arceus|par\n|\n|-weather|RainDance|[upkeep]\n|upkeep\n|turn|9\n|\n|t:|1698100790\n|switch|p2a: Akira|Cyclizar, M|84\/100\n|cant|p1a: Arceus|par\n|\n|-weather|RainDance|[upkeep]\n|upkeep\n|turn|10\n|\n|t:|1698100798\n|switch|p1a: Shaymin|Shaymin-Sky|81\/100\n|move|p2a: Akira|Shed Tail|p2a: Akira\n|-start|p2a: Akira|Substitute|[from] move: Shed Tail\n|-damage|p2a: Akira|34\/100\n|\n|t:|1698100810\n|switch|p2a: ThanksMeemMeyn|Spectrier|100\/100|[from] Shed Tail\n|\n|-weather|RainDance|[upkeep]\n|upkeep\n|turn|11\n|\n|t:|1698100830\n|move|p2a: ThanksMeemMeyn|Nasty Plot|p2a: ThanksMeemMeyn\n|-boost|p2a: ThanksMeemMeyn|spa|2\n|move|p1a: Shaymin|Air Slash|p2a: ThanksMeemMeyn\n|-end|p2a: ThanksMeemMeyn|Substitute\n|-damage|p1a: Shaymin|71\/100|[from] item: Life Orb\n|\n|-weather|RainDance|[upkeep]\n|upkeep\n|turn|12\n|\n|t:|1698100837\n|switch|p1a: Giratina|Giratina, shiny|100\/100\n|-ability|p1a: Giratina|Pressure\n|move|p2a: ThanksMeemMeyn|Shadow Ball|p1a: Giratina\n|-supereffective|p1a: Giratina\n|-damage|p1a: Giratina|0 fnt\n|faint|p1a: Giratina\n|-ability|p2a: ThanksMeemMeyn|Grim Neigh|boost\n|-boost|p2a: ThanksMeemMeyn|spa|1\n|-damage|p2a: ThanksMeemMeyn|91\/100|[from] item: Life Orb\n|\n|-weather|none\n|upkeep\n|\n|t:|1698100845\n|switch|p1a: Rabsca|Rabsca, M|100\/100\n|turn|13\n|\n|t:|1698100858\n|-terastallize|p1a: Rabsca|Dark\n|move|p2a: ThanksMeemMeyn|Nasty Plot|p2a: ThanksMeemMeyn\n|-boost|p2a: ThanksMeemMeyn|spa|2\n|move|p1a: Rabsca|Revival Blessing|p1a: Rabsca\n|-enditem|p1a: Rabsca|Leppa Berry|[eat]\n|-activate|p1a: Rabsca|item: Leppa Berry|Revival Blessing|[consumed]\n|\n|t:|1698100861\n|-heal|p1: Pelipper|50\/100|[from] move: Revival Blessing\n|\n|upkeep\n|turn|14\n|\n|t:|1698100872\n|move|p2a: ThanksMeemMeyn|Substitute|p2a: ThanksMeemMeyn\n|-start|p2a: ThanksMeemMeyn|Substitute\n|-damage|p2a: ThanksMeemMeyn|66\/100\n|move|p1a: Rabsca|Memento||[still]\n|-fail|p1a: Rabsca\n|\n|upkeep\n|turn|15\n|\n|t:|1698100874\n|move|p2a: ThanksMeemMeyn|Draining Kiss|p1a: Rabsca\n|-supereffective|p1a: Rabsca\n|-damage|p1a: Rabsca|0 fnt\n|-heal|p2a: ThanksMeemMeyn|100\/100|[from] drain|[of] p1a: Rabsca\n|faint|p1a: Rabsca\n|-ability|p2a: ThanksMeemMeyn|Grim Neigh|boost\n|-boost|p2a: ThanksMeemMeyn|spa|1\n|-damage|p2a: ThanksMeemMeyn|91\/100|[from] item: Life Orb\n|\n|upkeep\n|\n|t:|1698100886\n|switch|p1a: Pelipper|Pelipper, F|50\/100\n|-weather|RainDance|[from] ability: Drizzle|[of] p1a: Pelipper\n|turn|16\n|\n|t:|1698100939\n|move|p2a: ThanksMeemMeyn|Shadow Ball|p1a: Pelipper\n|-damage|p1a: Pelipper|0 fnt\n|faint|p1a: Pelipper\n|-damage|p2a: ThanksMeemMeyn|81\/100|[from] item: Life Orb\n|\n|-weather|RainDance|[upkeep]\n|upkeep\n|\n|t:|1698100958\n|switch|p1a: Shaymin|Shaymin-Sky|71\/100\n|turn|17\n|c|\u2606imJV|gg\n|-message|imJV forfeited.\n|\n|win|XpokVEVO\n","uploadtime":1698100996,"views":68,"p1id":"imjv","p2id":"xpokvevo","formatid":"gen9ubers","rating":0,"private":0,"password":""}