{"id":"gen9ubers-1969317142","p1":"babynogalXD","p2":"efwin2763","format":"[Gen 9] Ubers","log":"|j|\u2606babynogalXD\n|j|\u2606efwin2763\n|t:|1697513364\n|gametype|singles\n|player|p1|babynogalXD|hilbert|\n|player|p2|efwin2763|ghetsis-gen5bw|\n|teamsize|p1|6\n|teamsize|p2|6\n|gen|9\n|tier|[Gen 9] Ubers\n|rule|Sleep Clause Mod: Limit one foe put to sleep\n|rule|Species Clause: Limit one of each Pok\u00e9mon\n|rule|OHKO Clause: OHKO moves are banned\n|rule|Evasion Items Clause: Evasion items are banned\n|rule|Evasion Moves Clause: Evasion moves are banned\n|rule|Endless Battle Clause: Forcing endless battles is banned\n|rule|HP Percentage Mod: HP is shown in percentages\n|clearpoke\n|poke|p1|Dugtrio, M|\n|poke|p1|Magearna|\n|poke|p1|Zacian-*|\n|poke|p1|Spectrier|\n|poke|p1|Arceus-Ice|\n|poke|p1|Gliscor, M|\n|poke|p2|Palkia-Origin|\n|poke|p2|Chi-Yu|\n|poke|p2|Alomomola, M|\n|poke|p2|Giratina|\n|poke|p2|Heatran, M|\n|poke|p2|Zamazenta-*|\n|teampreview\n|inactive|Battle timer is ON: inactive players will automatically lose when time's up. (requested by efwin2763)\n|\n|t:|1697513377\n|start\n|switch|p1a: Gliscor|Gliscor, M|100\/100\n|switch|p2a: Heatran|Heatran, M|100\/100\n|turn|1\n|\n|t:|1697513397\n|switch|p2a: Giratina|Giratina|100\/100\n|-ability|p2a: Giratina|Pressure\n|move|p1a: Gliscor|Toxic Spikes|p2a: Giratina\n|-sidestart|p2: efwin2763|move: Toxic Spikes\n|\n|-status|p1a: Gliscor|tox|[from] item: Toxic Orb\n|upkeep\n|turn|2\n|\n|t:|1697513413\n|move|p1a: Gliscor|U-turn|p2a: Giratina\n|-resisted|p2a: Giratina\n|-damage|p2a: Giratina|96\/100\n|\n|t:|1697513428\n|switch|p1a: Magearna|Magearna|100\/100|[from] U-turn\n|move|p2a: Giratina|Hex|p1a: Magearna\n|-damage|p1a: Magearna|86\/100\n|-enditem|p1a: Magearna|Eject Button\n|inactive|babynogalXD has 270 seconds left.\n|\n|t:|1697513440\n|switch|p1a: Arceus|Arceus-Ice|100\/100\n|\n|-heal|p2a: Giratina|100\/100|[from] item: Leftovers\n|upkeep\n|turn|3\n|\n|t:|1697513448\n|move|p1a: Arceus|Calm Mind|p1a: Arceus\n|-boost|p1a: Arceus|spa|1\n|-boost|p1a: Arceus|spd|1\n|move|p2a: Giratina|Defog|p1a: Arceus\n|-unboost|p1a: Arceus|evasion|1\n|-sideend|p2: efwin2763|Toxic Spikes|[from] move: Defog|[of] p2a: Giratina\n|\n|upkeep\n|turn|4\n|\n|t:|1697513452\n|move|p1a: Arceus|Calm Mind|p1a: Arceus\n|-boost|p1a: Arceus|spa|1\n|-boost|p1a: Arceus|spd|1\n|move|p2a: Giratina|Roar|p1a: Arceus\n|drag|p1a: Zacian|Zacian|100\/100\n|-ability|p1a: Zacian|Intrepid Sword|boost\n|-boost|p1a: Zacian|atk|1\n|\n|upkeep\n|turn|5\n|\n|t:|1697513456\n|move|p1a: Zacian|Swords Dance|p1a: Zacian\n|-boost|p1a: Zacian|atk|2\n|move|p2a: Giratina|Thunder Wave|p1a: Zacian\n|-status|p1a: Zacian|par\n|-enditem|p1a: Zacian|Lum Berry|[eat]\n|-curestatus|p1a: Zacian|par|[msg]\n|\n|upkeep\n|turn|6\n|\n|t:|1697513460\n|move|p1a: Zacian|Play Rough|p2a: Giratina\n|-supereffective|p2a: Giratina\n|-damage|p2a: Giratina|0 fnt\n|faint|p2a: Giratina\n|\n|upkeep\n|\n|t:|1697513469\n|switch|p2a: Chi-Yu|Chi-Yu|100\/100\n|-ability|p2a: Chi-Yu|Beads of Ruin\n|turn|7\n|\n|t:|1697513473\n|move|p2a: Chi-Yu|Overheat|p1a: Zacian\n|-damage|p1a: Zacian|4\/100\n|-unboost|p2a: Chi-Yu|spa|2\n|move|p1a: Zacian|Trailblaze|p2a: Chi-Yu\n|-resisted|p2a: Chi-Yu\n|-damage|p2a: Chi-Yu|69\/100\n|-boost|p1a: Zacian|spe|1\n|\n|upkeep\n|turn|8\n|\n|t:|1697513477\n|move|p1a: Zacian|Close Combat|p2a: Chi-Yu\n|-supereffective|p2a: Chi-Yu\n|-damage|p2a: Chi-Yu|0 fnt\n|-unboost|p1a: Zacian|def|1\n|-unboost|p1a: Zacian|spd|1\n|faint|p2a: Chi-Yu\n|\n|upkeep\n|\n|t:|1697513485\n|switch|p2a: Palkia|Palkia-Origin|100\/100\n|-ability|p2a: Palkia|Pressure\n|turn|9\n|\n|t:|1697513491\n|-terastallize|p2a: Palkia|Fairy\n|move|p1a: Zacian|Close Combat|p2a: Palkia\n|-resisted|p2a: Palkia\n|-damage|p2a: Palkia|53\/100\n|-unboost|p1a: Zacian|def|1\n|-unboost|p1a: Zacian|spd|1\n|move|p2a: Palkia|Hydro Pump|p1a: Zacian\n|-damage|p1a: Zacian|0 fnt\n|faint|p1a: Zacian\n|\n|upkeep\n|c|\u2606efwin2763|your zacian want crazy\n|c|\u2606babynogalXD|YEP\n|c|\u2606babynogalXD|i think i won if i did play rough\n|inactive|babynogalXD has 270 seconds left.\n|\n|t:|1697513526\n|switch|p1a: Magearna|Magearna|86\/100\n|turn|10\n|c|\u2606efwin2763|there no\n|\n|t:|1697513535\n|move|p2a: Palkia|Fire Blast|p1a: Magearna\n|-supereffective|p1a: Magearna\n|-damage|p1a: Magearna|36\/100\n|move|p1a: Magearna|Thunder Wave|p2a: Palkia\n|-status|p2a: Palkia|par\n|\n|upkeep\n|turn|11\n|\n|t:|1697513539\n|cant|p2a: Palkia|par\n|move|p1a: Magearna|Volt Switch|p2a: Palkia\n|-damage|p2a: Palkia|36\/100 par\n|c|\u2606efwin2763|damn oara\n|c|\u2606efwin2763|para\n|\n|t:|1697513551\n|switch|p1a: Spectrier|Spectrier|100\/100|[from] Volt Switch\n|\n|upkeep\n|turn|12\n|\n|t:|1697513556\n|move|p1a: Spectrier|Hex|p2a: Palkia\n|-damage|p2a: Palkia|0 fnt\n|faint|p2a: Palkia\n|-ability|p1a: Spectrier|Grim Neigh|boost\n|-boost|p1a: Spectrier|spa|1\n|\n|upkeep\n|\n|t:|1697513560\n|switch|p2a: Zamazenta|Zamazenta-Crowned|100\/100\n|-ability|p2a: Zamazenta|Dauntless Shield|boost\n|-boost|p2a: Zamazenta|def|1\n|turn|13\n|\n|t:|1697513564\n|move|p1a: Spectrier|Will-O-Wisp|p2a: Zamazenta\n|-status|p2a: Zamazenta|brn\n|move|p2a: Zamazenta|Iron Defense|p2a: Zamazenta\n|-boost|p2a: Zamazenta|def|2\n|\n|-damage|p2a: Zamazenta|94\/100 brn|[from] brn\n|upkeep\n|turn|14\n|\n|t:|1697513570\n|move|p1a: Spectrier|Hex|p2a: Zamazenta\n|-damage|p2a: Zamazenta|8\/100 brn\n|move|p2a: Zamazenta|Roar|p1a: Spectrier\n|drag|p1a: Dugtrio|Dugtrio, M|100\/100\n|\n|-damage|p2a: Zamazenta|2\/100 brn|[from] brn\n|upkeep\n|turn|15\n|\n|t:|1697513585\n|move|p2a: Zamazenta|Body Press|p1a: Dugtrio\n|-damage|p1a: Dugtrio|0 fnt\n|faint|p1a: Dugtrio\n|\n|-damage|p2a: Zamazenta|0 fnt|[from] brn\n|faint|p2a: Zamazenta\n|upkeep\n|\n|t:|1697513592\n|switch|p2a: Heatran|Heatran, M|100\/100\n|switch|p1a: Gliscor|Gliscor, M|100\/100 tox\n|turn|16\n|c|\u2606efwin2763|i think its over, you win\n|\n|t:|1697513601\n|move|p1a: Gliscor|Earthquake|p2a: Heatran\n|-supereffective|p2a: Heatran\n|-damage|p2a: Heatran|0 fnt\n|faint|p2a: Heatran\n|\n|upkeep\n|\n|t:|1697513603\n|switch|p2a: Alomomola|Alomomola, M|100\/100\n|turn|17\n|\n|t:|1697513606\n|move|p1a: Gliscor|U-turn|p2a: Alomomola\n|-damage|p2a: Alomomola|93\/100\n|\n|t:|1697513607\n|switch|p1a: Arceus|Arceus-Ice|100\/100|[from] U-turn\n|move|p2a: Alomomola|Scald|p1a: Arceus\n|-damage|p1a: Arceus|89\/100\n|\n|upkeep\n|turn|18\n|c|\u2606babynogalXD|ye\n|c|\u2606babynogalXD|gg\n|c|\u2606efwin2763|gg\n|-message|efwin2763 forfeited.\n|\n|win|babynogalXD\n|c|\u2606babynogalXD|i have a crazy dug set\n|c|\u2606efwin2763|gg\n|c|\u2606babynogalXD|but sadly\n|c|\u2606babynogalXD|didnt show it\n|c|\u2606efwin2763|he died\n|c|\u2606babynogalXD|yep\n|c|\u2606efwin2763|lol\n|c|\u2606babynogalXD|i thought my zacain was gonna die\n|c|\u2606babynogalXD|so i could trap the fish\n|c|\u2606efwin2763|lol\n|c|\u2606efwin2763|my fish is scarf\n|c|\u2606babynogalXD|im endure custap\n|c|\u2606efwin2763|oh cool set\n|c|\u2606babynogalXD|ye\n|c|\u2606efwin2763|ill upload the replay\n|c|\u2606babynogalXD|k\n","uploadtime":1697513686,"views":28,"p1id":"babynogalxd","p2id":"efwin2763","formatid":"gen9ubers","rating":0,"private":0,"password":""}