{"id":"gen9ubers-1968049665","p1":"Crokadilla","p2":"trialteam98","format":"[Gen 9] Ubers","log":"|j|\u2606Crokadilla\n|j|\u2606trialteam98\n|t:|1697378819\n|gametype|singles\n|player|p1|Crokadilla|veteran|1158\n|player|p2|trialteam98|lady-gen4|1083\n|teamsize|p1|6\n|teamsize|p2|6\n|gen|9\n|tier|[Gen 9] Ubers\n|rated|\n|rule|Sleep Clause Mod: Limit one foe put to sleep\n|rule|Species Clause: Limit one of each Pok\u00e9mon\n|rule|OHKO Clause: OHKO moves are banned\n|rule|Evasion Items Clause: Evasion items are banned\n|rule|Evasion Moves Clause: Evasion moves are banned\n|rule|Endless Battle Clause: Forcing endless battles is banned\n|rule|HP Percentage Mod: HP is shown in percentages\n|clearpoke\n|poke|p1|Baxcalibur, M|\n|poke|p1|Koraidon|\n|poke|p1|Miraidon|\n|poke|p1|Ceruledge, M|\n|poke|p1|Basculegion, M|\n|poke|p1|Giratina|\n|poke|p2|Flutter Mane|\n|poke|p2|Misdreavus, F|\n|poke|p2|Mismagius, M|\n|poke|p2|Gardevoir, M|\n|poke|p2|Gallade, M|\n|poke|p2|Iron Valiant|\n|teampreview\n|\n|t:|1697378846\n|start\n|switch|p1a: Miraidon|Miraidon|100\/100\n|switch|p2a: Mismagius|Mismagius, M|100\/100\n|-fieldstart|move: Electric Terrain|[from] ability: Hadron Engine|[of] p1a: Miraidon\n|turn|1\n|\n|t:|1697378859\n|move|p1a: Miraidon|Electro Drift|p2a: Mismagius\n|-damage|p2a: Mismagius|0 fnt\n|faint|p2a: Mismagius\n|\n|upkeep\n|\n|t:|1697378867\n|switch|p2a: Misdreavus|Misdreavus, F|100\/100\n|turn|2\n|\n|t:|1697378870\n|move|p2a: Misdreavus|Endure|p2a: Misdreavus\n|-singleturn|p2a: Misdreavus|move: Endure\n|move|p1a: Miraidon|Electro Drift|p2a: Misdreavus\n|-activate|p2a: Misdreavus|move: Endure\n|-damage|p2a: Misdreavus|1\/100\n|\n|upkeep\n|turn|3\n|-enditem|p2a: Misdreavus|Custap Berry|[eat]\n|-activate|p2a: Misdreavus|item: Custap Berry|[consumed]\n|\n|t:|1697378877\n|move|p2a: Misdreavus|Destiny Bond|p2a: Misdreavus\n|-singlemove|p2a: Misdreavus|Destiny Bond\n|move|p1a: Miraidon|Electro Drift|p2a: Misdreavus\n|-damage|p2a: Misdreavus|0 fnt\n|faint|p2a: Misdreavus\n|-activate|p2a: Misdreavus|move: Destiny Bond\n|faint|p1a: Miraidon\n|\n|upkeep\n|\n|t:|1697378895\n|switch|p1a: Giratina|Giratina, shiny|100\/100\n|switch|p2a: Gallade|Gallade, M|100\/100\n|-ability|p1a: Giratina|Pressure\n|turn|4\n|\n|t:|1697378917\n|move|p2a: Gallade|Leaf Blade|p1a: Giratina\n|-resisted|p1a: Giratina\n|-damage|p1a: Giratina|87\/100\n|-damage|p2a: Gallade|91\/100|[from] item: Life Orb\n|move|p1a: Giratina|Will-O-Wisp|p2a: Gallade|[miss]\n|-miss|p1a: Giratina|p2a: Gallade\n|\n|upkeep\n|turn|5\n|\n|t:|1697378925\n|switch|p2a: Gardevoir|Gardevoir, M|100\/100\n|move|p1a: Giratina|Dragon Tail|p2a: Gardevoir\n|-immune|p2a: Gardevoir\n|\n|-fieldend|move: Electric Terrain\n|upkeep\n|turn|6\n|\n|t:|1697378953\n|switch|p1a: Koraidon|Koraidon|100\/100\n|-weather|SunnyDay|[from] ability: Orichalcum Pulse|[of] p1a: Koraidon\n|-activate|p1a: Koraidon|Orichalcum Pulse|[source]\n|move|p2a: Gardevoir|Moonblast|p1a: Koraidon\n|-supereffective|p1a: Koraidon\n|-damage|p1a: Koraidon|0 fnt\n|faint|p1a: Koraidon\n|\n|-weather|SunnyDay|[upkeep]\n|upkeep\n|\n|t:|1697378974\n|switch|p1a: Baxcalibur|Baxcalibur, M|100\/100\n|turn|7\n|\n|t:|1697378993\n|move|p2a: Gardevoir|Moonblast|p1a: Baxcalibur\n|-supereffective|p1a: Baxcalibur\n|-crit|p1a: Baxcalibur\n|-damage|p1a: Baxcalibur|0 fnt\n|faint|p1a: Baxcalibur\n|\n|-weather|SunnyDay|[upkeep]\n|upkeep\n|inactive|Battle timer is ON: inactive players will automatically lose when time's up. (requested by trialteam98)\n|\n|t:|1697379007\n|switch|p1a: Giratina|Giratina, shiny|87\/100\n|-ability|p1a: Giratina|Pressure\n|turn|8\n|\n|t:|1697379017\n|move|p2a: Gardevoir|Moonblast|p1a: Giratina\n|-supereffective|p1a: Giratina\n|-damage|p1a: Giratina|31\/100\n|move|p1a: Giratina|Will-O-Wisp|p2a: Gardevoir|[miss]\n|-miss|p1a: Giratina|p2a: Gardevoir\n|\n|-weather|SunnyDay|[upkeep]\n|upkeep\n|turn|9\n|\n|t:|1697379024\n|move|p2a: Gardevoir|Moonblast|p1a: Giratina\n|-supereffective|p1a: Giratina\n|-crit|p1a: Giratina\n|-damage|p1a: Giratina|0 fnt\n|faint|p1a: Giratina\n|\n|-weather|SunnyDay|[upkeep]\n|upkeep\n|\n|t:|1697379030\n|switch|p1a: Basculegion|Basculegion, M|100\/100\n|turn|10\n|\n|t:|1697379034\n|move|p2a: Gardevoir|Moonblast|p1a: Basculegion\n|-damage|p1a: Basculegion|43\/100\n|move|p1a: Basculegion|Agility|p1a: Basculegion\n|-boost|p1a: Basculegion|spe|2\n|\n|-weather|none\n|upkeep\n|turn|11\n|\n|t:|1697379040\n|move|p1a: Basculegion|Last Respects|p2a: Gardevoir\n|-supereffective|p2a: Gardevoir\n|-damage|p2a: Gardevoir|0 fnt\n|faint|p2a: Gardevoir\n|\n|upkeep\n|\n|t:|1697379048\n|switch|p2a: Flutter Mane|Flutter Mane|100\/100\n|-enditem|p2a: Flutter Mane|Booster Energy\n|-activate|p2a: Flutter Mane|ability: Protosynthesis|[fromitem]\n|-start|p2a: Flutter Mane|protosynthesisspe\n|turn|12\n|\n|t:|1697379054\n|move|p2a: Flutter Mane|Shadow Ball|p1a: Basculegion\n|-supereffective|p1a: Basculegion\n|-damage|p1a: Basculegion|0 fnt\n|faint|p1a: Basculegion\n|\n|upkeep\n|\n|t:|1697379071\n|switch|p1a: Ceruledge|Ceruledge, M|100\/100\n|turn|13\n|\n|t:|1697379075\n|-terastallize|p2a: Flutter Mane|Fairy\n|move|p2a: Flutter Mane|Shadow Ball|p1a: Ceruledge\n|-supereffective|p1a: Ceruledge\n|-enditem|p1a: Ceruledge|Focus Sash\n|-damage|p1a: Ceruledge|1\/100\n|move|p1a: Ceruledge|Poltergeist||[still]\n|-fail|p1a: Ceruledge\n|\n|upkeep\n|turn|14\n|-message|Crokadilla forfeited.\n|\n|win|trialteam98\n|raw|Crokadilla's rating: 1158 &rarr; <strong>1128<\/strong><br \/>(-30 for losing)\n|raw|trialteam98's rating: 1083 &rarr; <strong>1116<\/strong><br \/>(+33 for winning)\n|l|\u2606Crokadilla\n","uploadtime":1697379088,"views":11,"p1id":"crokadilla","p2id":"trialteam98","formatid":"gen9ubers","rating":1116,"private":0,"password":""}