{"id":"gen9ubers-1984570677","p1":"masterash","p2":"maarc999(red)","format":"[Gen 9] Ubers","log":"|j|\u2606masterash\n|j|\u2606maarc999(red)\n|t:|1699280824\n|gametype|singles\n|player|p1|masterash|hilbert|1175\n|player|p2|maarc999(red)|ethan|1157\n|teamsize|p1|6\n|teamsize|p2|6\n|gen|9\n|tier|[Gen 9] Ubers\n|rated|\n|rule|Sleep Clause Mod: Limit one foe put to sleep\n|rule|Species Clause: Limit one of each Pok\u00e9mon\n|rule|OHKO Clause: OHKO moves are banned\n|rule|Evasion Items Clause: Evasion items are banned\n|rule|Evasion Moves Clause: Evasion moves are banned\n|rule|Endless Battle Clause: Forcing endless battles is banned\n|rule|HP Percentage Mod: HP is shown in percentages\n|clearpoke\n|poke|p1|Meowscarada, M|\n|poke|p1|Tinkaton, F|\n|poke|p1|Annihilape, M|\n|poke|p1|Scream Tail|\n|poke|p1|Iron Moth|\n|poke|p1|Palafin, F|\n|poke|p2|Mewtwo|\n|poke|p2|Palafin, F|\n|poke|p2|Spectrier|\n|poke|p2|Goodra, F|\n|poke|p2|Groudon|\n|poke|p2|Arceus|\n|teampreview\n|inactive|Battle timer is ON: inactive players will automatically lose when time's up. (requested by maarc999(red))\n|\n|t:|1699280834\n|start\n|switch|p1a: Marvel|Palafin, F|100\/100\n|switch|p2a: Spectrier|Spectrier|100\/100\n|turn|1\n|\n|t:|1699280842\n|move|p2a: Spectrier|Shadow Ball|p1a: Marvel\n|-damage|p1a: Marvel|9\/100\n|-unboost|p1a: Marvel|spd|1\n|move|p1a: Marvel|Flip Turn|p2a: Spectrier\n|-damage|p2a: Spectrier|43\/100\n|\n|t:|1699280850\n|detailschange|p1a: Marvel|Palafin-Hero, F\n|switch|p1a: Quinn|Meowscarada, M|100\/100|[from] Flip Turn\n|\n|upkeep\n|turn|2\n|\n|t:|1699280863\n|switch|p2a: Goodra|Goodra, F|100\/100\n|move|p1a: Quinn|Knock Off|p2a: Goodra\n|-start|p1a: Quinn|typechange|Dark|[from] ability: Protean\n|-damage|p2a: Goodra|49\/100\n|-ability|p2a: Goodra|Gooey\n|-unboost|p1a: Quinn|spe|1\n|-enditem|p2a: Goodra|Leftovers|[from] move: Knock Off|[of] p1a: Quinn\n|\n|upkeep\n|turn|3\n|\n|t:|1699280879\n|switch|p1a: Screamo|Scream Tail|100\/100\n|move|p2a: Goodra|Toxic|p1a: Screamo|[miss]\n|-miss|p2a: Goodra|p1a: Screamo\n|\n|upkeep\n|turn|4\n|\n|t:|1699280888\n|-terastallize|p2a: Goodra|Poison\n|move|p1a: Screamo|Stealth Rock|p2a: Goodra\n|-sidestart|p2: maarc999(red)|move: Stealth Rock\n|move|p2a: Goodra|Toxic|p1a: Screamo\n|-status|p1a: Screamo|tox\n|\n|-damage|p1a: Screamo|94\/100 tox|[from] psn\n|upkeep\n|turn|5\n|\n|t:|1699280901\n|-end|p1a: Screamo|Protosynthesis|[silent]\n|switch|p1a: Hammah|Tinkaton, F|100\/100\n|move|p2a: Goodra|Acid Armor|p2a: Goodra\n|-boost|p2a: Goodra|def|2\n|\n|upkeep\n|turn|6\n|\n|t:|1699280911\n|move|p2a: Goodra|Protect|p2a: Goodra\n|-singleturn|p2a: Goodra|Protect\n|move|p1a: Hammah|Gigaton Hammer|p2a: Goodra\n|-activate|p2a: Goodra|move: Protect\n|\n|upkeep\n|turn|7\n|\n|t:|1699280920\n|move|p1a: Hammah|Encore|p2a: Goodra\n|-start|p2a: Goodra|Encore\n|move|p2a: Goodra|Protect||[still]\n|-fail|p2a: Goodra\n|\n|upkeep\n|turn|8\n|\n|t:|1699280931\n|switch|p2a: Groudon|Groudon|100\/100\n|-damage|p2a: Groudon|94\/100|[from] Stealth Rock\n|-weather|SunnyDay|[from] ability: Drought|[of] p2a: Groudon\n|move|p1a: Hammah|Swords Dance|p1a: Hammah\n|-boost|p1a: Hammah|atk|2\n|\n|-weather|SunnyDay|[upkeep]\n|upkeep\n|turn|9\n|\n|t:|1699280939\n|move|p1a: Hammah|Knock Off|p2a: Groudon\n|-damage|p2a: Groudon|74\/100\n|-enditem|p2a: Groudon|Assault Vest|[from] move: Knock Off|[of] p1a: Hammah\n|move|p2a: Groudon|Earthquake|p1a: Hammah\n|-supereffective|p1a: Hammah\n|-damage|p1a: Hammah|0 fnt\n|faint|p1a: Hammah\n|\n|-weather|SunnyDay|[upkeep]\n|upkeep\n|\n|t:|1699280946\n|switch|p1a: Mr. Bright|Iron Moth|100\/100\n|-enditem|p1a: Mr. Bright|Booster Energy\n|-activate|p1a: Mr. Bright|ability: Quark Drive|[fromitem]\n|-start|p1a: Mr. Bright|quarkdrivespa\n|turn|10\n|\n|t:|1699280951\n|move|p1a: Mr. Bright|Fiery Dance|p2a: Groudon\n|-damage|p2a: Groudon|0 fnt\n|-boost|p1a: Mr. Bright|spa|1\n|faint|p2a: Groudon\n|\n|-weather|SunnyDay|[upkeep]\n|upkeep\n|\n|t:|1699280961\n|switch|p2a: Spectrier|Spectrier|43\/100\n|-damage|p2a: Spectrier|31\/100|[from] Stealth Rock\n|turn|11\n|\n|t:|1699280967\n|move|p2a: Spectrier|Psychic|p1a: Mr. Bright\n|-supereffective|p1a: Mr. Bright\n|-damage|p1a: Mr. Bright|2\/100\n|move|p1a: Mr. Bright|Fiery Dance|p2a: Spectrier\n|-damage|p2a: Spectrier|0 fnt\n|-boost|p1a: Mr. Bright|spa|1\n|faint|p2a: Spectrier\n|\n|-weather|SunnyDay|[upkeep]\n|upkeep\n|\n|t:|1699280976\n|switch|p2a: Mewtwo|Mewtwo|100\/100\n|-damage|p2a: Mewtwo|88\/100|[from] Stealth Rock\n|-ability|p2a: Mewtwo|Pressure\n|turn|12\n|\n|t:|1699280981\n|move|p2a: Mewtwo|Aura Sphere|p1a: Mr. Bright\n|-resisted|p1a: Mr. Bright\n|-damage|p1a: Mr. Bright|0 fnt\n|faint|p1a: Mr. Bright\n|-end|p1a: Mr. Bright|Quark Drive|[silent]\n|\n|-weather|none\n|upkeep\n|\n|t:|1699280992\n|switch|p1a: Rocky|Annihilape, M|100\/100\n|turn|13\n|\n|t:|1699281008\n|switch|p2a: Arceus|Arceus|100\/100\n|-damage|p2a: Arceus|88\/100|[from] Stealth Rock\n|-terastallize|p1a: Rocky|Fairy\n|move|p1a: Rocky|Rage Fist|p2a: Arceus\n|-immune|p2a: Arceus\n|\n|upkeep\n|turn|14\n|\n|t:|1699281016\n|move|p2a: Arceus|Fly||[still]\n|-prepare|p2a: Arceus|Fly\n|move|p1a: Rocky|Bulk Up|p1a: Rocky\n|-boost|p1a: Rocky|atk|1\n|-boost|p1a: Rocky|def|1\n|\n|upkeep\n|turn|15\n|\n|t:|1699281021\n|move|p2a: Arceus|Fly|p1a: Rocky|[from]lockedmove\n|-damage|p1a: Rocky|71\/100\n|-damage|p2a: Arceus|78\/100|[from] item: Life Orb\n|move|p1a: Rocky|Drain Punch|p2a: Arceus\n|-supereffective|p2a: Arceus\n|-damage|p2a: Arceus|5\/100\n|-heal|p1a: Rocky|100\/100|[from] drain|[of] p2a: Arceus\n|\n|upkeep\n|turn|16\n|\n|t:|1699281031\n|move|p2a: Arceus|Body Slam|p1a: Rocky\n|-damage|p1a: Rocky|62\/100\n|-status|p1a: Rocky|par\n|-damage|p2a: Arceus|0 fnt|[from] item: Life Orb\n|faint|p2a: Arceus\n|cant|p1a: Rocky|par\n|\n|-heal|p1a: Rocky|68\/100 par|[from] item: Leftovers\n|upkeep\n|\n|t:|1699281046\n|switch|p2a: Goodra|Goodra, F, tera:Poison|49\/100\n|-damage|p2a: Goodra|36\/100|[from] Stealth Rock\n|turn|17\n|\n|t:|1699281057\n|move|p2a: Goodra|Protect|p2a: Goodra\n|-singleturn|p2a: Goodra|Protect\n|move|p1a: Rocky|Drain Punch|p2a: Goodra\n|-activate|p2a: Goodra|move: Protect\n|\n|-heal|p1a: Rocky|74\/100 par|[from] item: Leftovers\n|upkeep\n|turn|18\n|\n|t:|1699281064\n|move|p2a: Goodra|Toxic||[still]\n|-fail|p2a: Goodra\n|move|p1a: Rocky|Drain Punch|p2a: Goodra\n|-resisted|p2a: Goodra\n|-damage|p2a: Goodra|11\/100\n|-heal|p1a: Rocky|85\/100 par|[from] drain|[of] p2a: Goodra\n|-ability|p2a: Goodra|Gooey\n|-unboost|p1a: Rocky|spe|1\n|-ability|p1a: Rocky|Defiant|boost\n|-boost|p1a: Rocky|atk|2\n|\n|-heal|p1a: Rocky|91\/100 par|[from] item: Leftovers\n|upkeep\n|turn|19\n|\n|t:|1699281080\n|move|p2a: Goodra|Rest|p2a: Goodra\n|-status|p2a: Goodra|slp|[from] move: Rest\n|-heal|p2a: Goodra|100\/100 slp|[silent]\n|move|p1a: Rocky|Bulk Up|p1a: Rocky\n|-boost|p1a: Rocky|atk|1\n|-boost|p1a: Rocky|def|1\n|\n|-heal|p1a: Rocky|98\/100 par|[from] item: Leftovers\n|upkeep\n|turn|20\n|\n|t:|1699281088\n|cant|p2a: Goodra|slp\n|cant|p1a: Rocky|par\n|\n|-heal|p1a: Rocky|100\/100 par|[from] item: Leftovers\n|upkeep\n|turn|21\n|\n|t:|1699281093\n|cant|p2a: Goodra|slp\n|move|p1a: Rocky|Bulk Up|p1a: Rocky\n|-boost|p1a: Rocky|atk|1\n|-boost|p1a: Rocky|def|1\n|\n|upkeep\n|turn|22\n|\n|t:|1699281104\n|switch|p2a: Palafin|Palafin, F|100\/100\n|-damage|p2a: Palafin|88\/100|[from] Stealth Rock\n|cant|p1a: Rocky|par\n|\n|upkeep\n|turn|23\n|\n|t:|1699281110\n|move|p2a: Palafin|Flip Turn|p1a: Rocky\n|-damage|p1a: Rocky|88\/100 par\n|\n|t:|1699281112\n|detailschange|p2a: Palafin|Palafin-Hero, F\n|switch|p2a: Mewtwo|Mewtwo|88\/100|[from] Flip Turn\n|-damage|p2a: Mewtwo|76\/100|[from] Stealth Rock\n|-ability|p2a: Mewtwo|Pressure\n|move|p1a: Rocky|Rage Fist|p2a: Mewtwo\n|-supereffective|p2a: Mewtwo\n|-damage|p2a: Mewtwo|0 fnt\n|faint|p2a: Mewtwo\n|\n|-heal|p1a: Rocky|94\/100 par|[from] item: Leftovers\n|upkeep\n|\n|t:|1699281115\n|switch|p2a: Palafin|Palafin-Hero, F|88\/100\n|-damage|p2a: Palafin|76\/100|[from] Stealth Rock\n|-activate|p2a: Palafin|ability: Zero to Hero\n|turn|24\n|\n|t:|1699281128\n|move|p2a: Palafin|Wave Crash|p1a: Rocky\n|-damage|p1a: Rocky|48\/100 par\n|-damage|p2a: Palafin|57\/100|[from] Recoil\n|move|p1a: Rocky|Drain Punch|p2a: Palafin\n|-damage|p2a: Palafin|0 fnt\n|-heal|p1a: Rocky|71\/100 par|[from] drain|[of] p2a: Palafin\n|faint|p2a: Palafin\n|\n|-heal|p1a: Rocky|77\/100 par|[from] item: Leftovers\n|upkeep\n|-message|maarc999(red) forfeited.\n|\n|win|masterash\n|raw|masterash's rating: 1175 &rarr; <strong>1199<\/strong><br \/>(+24 for winning)\n|raw|maarc999(red)'s rating: 1157 &rarr; <strong>1133<\/strong><br \/>(-24 for losing)\n|l|\u2606maarc999(red)\n|c|\u2606masterash|GG\n","uploadtime":1699281167,"views":4,"p1id":"masterash","p2id":"maarc999red","formatid":"gen9ubers","rating":1133,"private":0,"password":""}