{"id":"gen9ubers-1975808185","p1":"austinerzs","p2":"JohnLongGone","format":"[Gen 9] Ubers","log":"|j|\u2606austinerzs\n|j|\u203dJohnLongGone\n|t:|1698240033\n|gametype|singles\n|player|p1|austinerzs|riley|\n|player|p2|JohnLongGone|caitlin|\n|teamsize|p1|6\n|teamsize|p2|6\n|gen|9\n|tier|[Gen 9] Ubers\n|rule|Sleep Clause Mod: Limit one foe put to sleep\n|rule|Species Clause: Limit one of each Pok\u00e9mon\n|rule|OHKO Clause: OHKO moves are banned\n|rule|Evasion Items Clause: Evasion items are banned\n|rule|Evasion Moves Clause: Evasion moves are banned\n|rule|Endless Battle Clause: Forcing endless battles is banned\n|rule|HP Percentage Mod: HP is shown in percentages\n|clearpoke\n|poke|p1|Ogerpon-Wellspring, F|\n|poke|p1|Zacian-*|\n|poke|p1|Magearna|\n|poke|p1|Shaymin-Sky|\n|poke|p1|Palkia-Origin|\n|poke|p1|Arceus-Fire|\n|poke|p2|Palafin, F|\n|poke|p2|Magearna|\n|poke|p2|Zacian-*|\n|poke|p2|Arceus-Poison|\n|poke|p2|Garganacl, F|\n|poke|p2|Cresselia, F|\n|teampreview\n|c|\u2606austinerzs|glhf\n|inactive|Battle timer is ON: inactive players will automatically lose when time's up. (requested by JohnLongGone)\n|\n|t:|1698240070\n|start\n|switch|p1a: Shaymin|Shaymin-Sky|100\/100\n|switch|p2a: Arceus|Arceus-Poison|100\/100\n|turn|1\n|\n|t:|1698240075\n|move|p1a: Shaymin|Seed Flare|p2a: Arceus|[miss]\n|-miss|p1a: Shaymin|p2a: Arceus\n|move|p2a: Arceus|Poison Jab|p1a: Shaymin\n|-supereffective|p1a: Shaymin\n|-damage|p1a: Shaymin|3\/100\n|-status|p1a: Shaymin|psn\n|\n|-heal|p1a: Shaymin|9\/100 psn|[from] item: Leftovers\n|-damage|p1a: Shaymin|0 fnt|[from] psn\n|faint|p1a: Shaymin\n|upkeep\n|\n|t:|1698240089\n|switch|p1a: Magearna|Magearna|100\/100\n|turn|2\n|\n|t:|1698240092\n|move|p2a: Arceus|Taunt|p1a: Magearna\n|-start|p1a: Magearna|move: Taunt\n|cant|p1a: Magearna|move: Taunt|Thunder Wave\n|\n|upkeep\n|turn|3\n|\n|t:|1698240098\n|switch|p2a: Palafin|Palafin, F|100\/100\n|move|p1a: Magearna|Volt Switch|p2a: Palafin\n|-supereffective|p2a: Palafin\n|-damage|p2a: Palafin|41\/100\n|\n|t:|1698240104\n|switch|p1a: Ogerpon|Ogerpon-Wellspring, F|100\/100|[from] Volt Switch\n|\n|upkeep\n|turn|4\n|\n|t:|1698240112\n|detailschange|p2a: Palafin|Palafin-Hero, F\n|switch|p2a: Arceus|Arceus-Poison|100\/100\n|move|p1a: Ogerpon|Trailblaze|p2a: Arceus\n|-resisted|p2a: Arceus\n|-damage|p2a: Arceus|92\/100\n|-boost|p1a: Ogerpon|spe|1\n|\n|upkeep\n|turn|5\n|\n|t:|1698240117\n|-terastallize|p1a: Ogerpon|Water\n|detailschange|p1a: Ogerpon|Ogerpon-Wellspring-Tera, F, tera:Water\n|-ability|p1a: Ogerpon|Embody Aspect (Wellspring)|boost\n|-boost|p1a: Ogerpon|spd|1\n|move|p1a: Ogerpon|Swords Dance|p1a: Ogerpon\n|-boost|p1a: Ogerpon|atk|2\n|move|p2a: Arceus|Will-O-Wisp|p1a: Ogerpon\n|-status|p1a: Ogerpon|brn\n|\n|-damage|p1a: Ogerpon|95\/100 brn|[from] brn\n|upkeep\n|turn|6\n|\n|t:|1698240131\n|move|p1a: Ogerpon|Swords Dance|p1a: Ogerpon\n|-boost|p1a: Ogerpon|atk|2\n|move|p2a: Arceus|Poison Jab|p1a: Ogerpon\n|-damage|p1a: Ogerpon|46\/100 brn\n|\n|-damage|p1a: Ogerpon|40\/100 brn|[from] brn\n|upkeep\n|turn|7\n|\n|t:|1698240140\n|move|p1a: Ogerpon|Ivy Cudgel|p2a: Arceus\n|-damage|p2a: Arceus|31\/100\n|move|p2a: Arceus|Recover|p2a: Arceus\n|-heal|p2a: Arceus|81\/100\n|\n|-damage|p1a: Ogerpon|34\/100 brn|[from] brn\n|upkeep\n|turn|8\n|c|\u2606austinerzs|critters?\n|\n|t:|1698240155\n|move|p1a: Ogerpon|Ivy Cudgel|p2a: Arceus\n|-damage|p2a: Arceus|14\/100\n|move|p2a: Arceus|Recover|p2a: Arceus\n|-heal|p2a: Arceus|64\/100\n|\n|-damage|p1a: Ogerpon|28\/100 brn|[from] brn\n|upkeep\n|turn|9\n|c|\u2606austinerzs|oh\n|inactive|JohnLongGone has 270 seconds left.\n|inactive|JohnLongGone has 240 seconds left.\n|inactive|JohnLongGone has 210 seconds left.\n|\n|t:|1698240273\n|switch|p2a: Garganacl|Garganacl, F|100\/100\n|move|p1a: Ogerpon|Ivy Cudgel|p2a: Garganacl\n|-supereffective|p2a: Garganacl\n|-damage|p2a: Garganacl|0 fnt\n|faint|p2a: Garganacl\n|\n|-damage|p1a: Ogerpon|22\/100 brn|[from] brn\n|upkeep\n|inactive|JohnLongGone has 180 seconds left.\n|\n|t:|1698240284\n|switch|p2a: Palafin|Palafin-Hero, F|41\/100\n|-activate|p2a: Palafin|ability: Zero to Hero\n|turn|10\n|\n|t:|1698240287\n|move|p2a: Palafin|Jet Punch|p1a: Ogerpon\n|-resisted|p1a: Ogerpon\n|-damage|p1a: Ogerpon|0 fnt\n|faint|p1a: Ogerpon\n|\n|upkeep\n|\n|t:|1698240292\n|switch|p1a: Palkia|Palkia-Origin|100\/100\n|-ability|p1a: Palkia|Pressure\n|turn|11\n|\n|t:|1698240296\n|switch|p2a: Magearna|Magearna|100\/100\n|move|p1a: Palkia|Substitute|p1a: Palkia\n|-start|p1a: Palkia|Substitute\n|-damage|p1a: Palkia|76\/100\n|\n|upkeep\n|turn|12\n|inactive|JohnLongGone has 210 seconds left.\n|\n|t:|1698240302\n|move|p1a: Palkia|Hydro Pump|p2a: Magearna\n|-damage|p2a: Magearna|52\/100\n|move|p2a: Magearna|Encore|p1a: Palkia\n|-start|p1a: Palkia|Encore\n|\n|-heal|p2a: Magearna|58\/100|[from] item: Leftovers\n|upkeep\n|turn|13\n|\n|t:|1698240310\n|move|p1a: Palkia|Hydro Pump|p2a: Magearna|[miss]\n|-miss|p1a: Palkia|p2a: Magearna\n|move|p2a: Magearna|Fleur Cannon|p1a: Palkia\n|-supereffective|p1a: Palkia\n|-end|p1a: Palkia|Substitute\n|-unboost|p2a: Magearna|spa|2\n|\n|-heal|p2a: Magearna|65\/100|[from] item: Leftovers\n|upkeep\n|turn|14\n|inactive|JohnLongGone has 210 seconds left.\n|\n|t:|1698240330\n|switch|p1a: Arceus|Arceus-Fire|100\/100\n|move|p2a: Magearna|Volt Switch|p1a: Arceus\n|-damage|p1a: Arceus|94\/100\n|\n|t:|1698240337\n|switch|p2a: Palafin|Palafin-Hero, F|41\/100|[from] Volt Switch\n|\n|upkeep\n|turn|15\n|inactive|JohnLongGone has 210 seconds left.\n|inactive|austinerzs has 270 seconds left.\n|inactive|JohnLongGone has 180 seconds left.\n|\n|t:|1698240379\n|switch|p1a: Magearna|Magearna|100\/100\n|move|p2a: Palafin|Jet Punch|p1a: Magearna\n|-damage|p1a: Magearna|57\/100\n|\n|upkeep\n|turn|16\n|inactive|JohnLongGone has 180 seconds left.\n|\n|t:|1698240387\n|switch|p2a: Arceus|Arceus-Poison|64\/100\n|move|p1a: Magearna|Volt Switch|p2a: Arceus\n|-damage|p2a: Arceus|52\/100\n|\n|t:|1698240393\n|switch|p1a: Arceus|Arceus-Fire|94\/100|[from] Volt Switch\n|\n|upkeep\n|turn|17\n|\n|t:|1698240400\n|move|p2a: Arceus|Taunt|p1a: Arceus\n|-start|p1a: Arceus|move: Taunt\n|cant|p1a: Arceus|move: Taunt|Swords Dance\n|\n|upkeep\n|turn|18\n|\n|t:|1698240406\n|move|p2a: Arceus|Recover|p2a: Arceus\n|-heal|p2a: Arceus|100\/100\n|move|p1a: Arceus|Flare Blitz|p2a: Arceus\n|-damage|p2a: Arceus|60\/100\n|-damage|p1a: Arceus|80\/100|[from] Recoil\n|\n|upkeep\n|turn|19\n|\n|t:|1698240413\n|move|p2a: Arceus|Poison Jab|p1a: Arceus\n|-damage|p1a: Arceus|56\/100\n|move|p1a: Arceus|Flare Blitz|p2a: Arceus\n|-damage|p2a: Arceus|22\/100\n|-damage|p1a: Arceus|43\/100|[from] Recoil\n|\n|-end|p1a: Arceus|move: Taunt\n|upkeep\n|turn|20\n|inactive|JohnLongGone has 180 seconds left.\n|\n|t:|1698240443\n|move|p2a: Arceus|Recover|p2a: Arceus\n|-heal|p2a: Arceus|72\/100\n|move|p1a: Arceus|Recover|p1a: Arceus\n|-heal|p1a: Arceus|94\/100\n|\n|upkeep\n|turn|21\n|\n|t:|1698240448\n|move|p2a: Arceus|Taunt|p1a: Arceus\n|-start|p1a: Arceus|move: Taunt\n|move|p1a: Arceus|Flare Blitz|p2a: Arceus\n|-damage|p2a: Arceus|30\/100\n|-damage|p1a: Arceus|80\/100|[from] Recoil\n|\n|upkeep\n|turn|22\n|\n|t:|1698240453\n|move|p1a: Arceus|Extreme Speed|p2a: Arceus\n|-damage|p2a: Arceus|14\/100\n|move|p2a: Arceus|Recover|p2a: Arceus\n|-heal|p2a: Arceus|64\/100\n|\n|upkeep\n|turn|23\n|\n|t:|1698240458\n|switch|p1a: Palkia|Palkia-Origin|76\/100\n|-ability|p1a: Palkia|Pressure\n|move|p2a: Arceus|Recover|p2a: Arceus\n|-heal|p2a: Arceus|100\/100\n|\n|upkeep\n|turn|24\n|inactive|JohnLongGone has 210 seconds left.\n|\n|t:|1698240473\n|switch|p2a: Magearna|Magearna|65\/100\n|move|p1a: Palkia|Substitute|p1a: Palkia\n|-start|p1a: Palkia|Substitute\n|-damage|p1a: Palkia|51\/100\n|\n|-heal|p2a: Magearna|71\/100|[from] item: Leftovers\n|upkeep\n|turn|25\n|\n|t:|1698240477\n|move|p1a: Palkia|Earth Power|p2a: Magearna\n|-supereffective|p2a: Magearna\n|-damage|p2a: Magearna|30\/100\n|move|p2a: Magearna|Volt Switch|p1a: Palkia\n|-activate|p1a: Palkia|move: Substitute|[damage]\n|inactive|JohnLongGone has 210 seconds left.\n|\n|t:|1698240501\n|switch|p2a: Cresselia|Cresselia, F|100\/100|[from] Volt Switch\n|\n|upkeep\n|turn|26\n|\n|t:|1698240507\n|move|p1a: Palkia|Hydro Pump|p2a: Cresselia\n|-damage|p2a: Cresselia|49\/100\n|move|p2a: Cresselia|Calm Mind|p2a: Cresselia\n|-boost|p2a: Cresselia|spa|1\n|-boost|p2a: Cresselia|spd|1\n|\n|-heal|p2a: Cresselia|55\/100|[from] item: Leftovers\n|upkeep\n|turn|27\n|\n|t:|1698240513\n|move|p1a: Palkia|Spacial Rend|p2a: Cresselia\n|-damage|p2a: Cresselia|22\/100\n|move|p2a: Cresselia|Moonlight|p2a: Cresselia\n|-heal|p2a: Cresselia|72\/100\n|\n|-heal|p2a: Cresselia|78\/100|[from] item: Leftovers\n|upkeep\n|turn|28\n|\n|t:|1698240515\n|move|p1a: Palkia|Spacial Rend|p2a: Cresselia\n|-damage|p2a: Cresselia|49\/100\n|move|p2a: Cresselia|Calm Mind|p2a: Cresselia\n|-boost|p2a: Cresselia|spa|1\n|-boost|p2a: Cresselia|spd|1\n|\n|-heal|p2a: Cresselia|55\/100|[from] item: Leftovers\n|upkeep\n|turn|29\n|\n|t:|1698240519\n|move|p1a: Palkia|Spacial Rend|p2a: Cresselia\n|-damage|p2a: Cresselia|32\/100\n|move|p2a: Cresselia|Moonlight|p2a: Cresselia\n|-heal|p2a: Cresselia|82\/100\n|\n|-heal|p2a: Cresselia|88\/100|[from] item: Leftovers\n|upkeep\n|turn|30\n|inactive|JohnLongGone has 240 seconds left.\n|\n|t:|1698240528\n|move|p1a: Palkia|Spacial Rend|p2a: Cresselia\n|-damage|p2a: Cresselia|64\/100\n|move|p2a: Cresselia|Moonblast|p1a: Palkia\n|-supereffective|p1a: Palkia\n|-end|p1a: Palkia|Substitute\n|\n|-heal|p2a: Cresselia|70\/100|[from] item: Leftovers\n|upkeep\n|turn|31\n|inactive|JohnLongGone has 240 seconds left.\n|\n|t:|1698240541\n|switch|p1a: Magearna|Magearna|57\/100\n|move|p2a: Cresselia|Moonblast|p1a: Magearna\n|-resisted|p1a: Magearna\n|-damage|p1a: Magearna|47\/100\n|\n|-heal|p2a: Cresselia|76\/100|[from] item: Leftovers\n|upkeep\n|turn|32\n|inactive|JohnLongGone has 240 seconds left.\n|inactive|JohnLongGone has 210 seconds left.\n|\n|t:|1698240605\n|switch|p2a: Magearna|Magearna|30\/100\n|move|p1a: Magearna|Thunder Wave|p2a: Magearna\n|-status|p2a: Magearna|par\n|\n|-heal|p2a: Magearna|36\/100 par|[from] item: Leftovers\n|upkeep\n|turn|33\n|\n|t:|1698240610\n|move|p1a: Magearna|Spikes|p2a: Magearna\n|-sidestart|p2: JohnLongGone|Spikes\n|move|p2a: Magearna|Spikes|p1a: Magearna\n|-sidestart|p1: austinerzs|Spikes\n|\n|-heal|p2a: Magearna|43\/100 par|[from] item: Leftovers\n|upkeep\n|turn|34\n|\n|t:|1698240617\n|move|p1a: Magearna|Spikes|p2a: Magearna\n|-sidestart|p2: JohnLongGone|Spikes\n|move|p2a: Magearna|Encore|p1a: Magearna\n|-start|p1a: Magearna|Encore\n|\n|-heal|p2a: Magearna|49\/100 par|[from] item: Leftovers\n|upkeep\n|turn|35\n|\n|t:|1698240619\n|switch|p1a: Arceus|Arceus-Fire|80\/100\n|-damage|p1a: Arceus|67\/100|[from] Spikes\n|switch|p2a: Zacian|Zacian|100\/100\n|-ability|p2a: Zacian|Intrepid Sword|boost\n|-boost|p2a: Zacian|atk|1\n|\n|upkeep\n|turn|36\n|inactive|JohnLongGone has 210 seconds left.\n|inactive|JohnLongGone has 180 seconds left.\n|inactive|JohnLongGone has 150 seconds left.\n|\n|t:|1698240695\n|switch|p1a: Palkia|Palkia-Origin|51\/100\n|-damage|p1a: Palkia|38\/100|[from] Spikes\n|-ability|p1a: Palkia|Pressure\n|-terastallize|p2a: Zacian|Ground\n|move|p2a: Zacian|Tera Blast|p1a: Palkia|[anim] Tera Blast Ground\n|-damage|p1a: Palkia|0 fnt\n|faint|p1a: Palkia\n|\n|upkeep\n|\n|t:|1698240703\n|switch|p1a: Zacian|Zacian|100\/100\n|-damage|p1a: Zacian|88\/100|[from] Spikes\n|-ability|p1a: Zacian|Intrepid Sword|boost\n|-boost|p1a: Zacian|atk|1\n|turn|37\n|\n|t:|1698240705\n|move|p1a: Zacian|Play Rough|p2a: Zacian\n|-damage|p2a: Zacian|0 fnt\n|faint|p2a: Zacian\n|\n|upkeep\n|\n|t:|1698240723\n|switch|p2a: Arceus|Arceus-Poison|100\/100\n|-damage|p2a: Arceus|84\/100|[from] Spikes\n|turn|38\n|\n|t:|1698240725\n|move|p1a: Zacian|Play Rough|p2a: Arceus\n|-resisted|p2a: Arceus\n|-damage|p2a: Arceus|56\/100\n|-unboost|p2a: Arceus|atk|1\n|move|p2a: Arceus|Poison Jab|p1a: Zacian\n|-supereffective|p1a: Zacian\n|-damage|p1a: Zacian|38\/100\n|\n|upkeep\n|turn|39\n|\n|t:|1698240732\n|switch|p1a: Arceus|Arceus-Fire|67\/100\n|-damage|p1a: Arceus|55\/100|[from] Spikes\n|move|p2a: Arceus|Poison Jab|p1a: Arceus\n|-damage|p1a: Arceus|37\/100\n|\n|upkeep\n|turn|40\n|inactive|JohnLongGone has 180 seconds left.\n|inactive|JohnLongGone has 150 seconds left.\n|inactive|JohnLongGone has 120 seconds left.\n|\n|t:|1698240819\n|move|p2a: Arceus|Taunt|p1a: Arceus\n|-start|p1a: Arceus|move: Taunt\n|cant|p1a: Arceus|move: Taunt|Recover\n|\n|upkeep\n|turn|41\n|\n|t:|1698240825\n|switch|p1a: Magearna|Magearna|47\/100\n|-damage|p1a: Magearna|35\/100|[from] Spikes\n|move|p2a: Arceus|Poison Jab|p1a: Magearna\n|-immune|p1a: Magearna\n|\n|upkeep\n|turn|42\n|\n|t:|1698240832\n|move|p2a: Arceus|Taunt|p1a: Magearna\n|-start|p1a: Magearna|move: Taunt\n|cant|p1a: Magearna|move: Taunt|Thunder Wave\n|\n|upkeep\n|turn|43\n|inactive|JohnLongGone has 120 seconds left.\n|\n|t:|1698240840\n|move|p2a: Arceus|Recover|p2a: Arceus\n|-heal|p2a: Arceus|100\/100\n|move|p1a: Magearna|Volt Switch|p2a: Arceus\n|-damage|p2a: Arceus|88\/100\n|\n|t:|1698240848\n|switch|p1a: Arceus|Arceus-Fire|37\/100|[from] Volt Switch\n|-damage|p1a: Arceus|25\/100|[from] Spikes\n|\n|upkeep\n|turn|44\n|\n|t:|1698240852\n|move|p2a: Arceus|Taunt|p1a: Arceus\n|-start|p1a: Arceus|move: Taunt\n|move|p1a: Arceus|Flare Blitz|p2a: Arceus\n|-damage|p2a: Arceus|45\/100\n|-damage|p1a: Arceus|11\/100|[from] Recoil\n|\n|upkeep\n|turn|45\n|\n|t:|1698240860\n|move|p1a: Arceus|Extreme Speed|p2a: Arceus\n|-damage|p2a: Arceus|29\/100\n|move|p2a: Arceus|Poison Jab|p1a: Arceus\n|-damage|p1a: Arceus|0 fnt\n|faint|p1a: Arceus\n|\n|upkeep\n|\n|t:|1698240864\n|switch|p1a: Zacian|Zacian|38\/100\n|-damage|p1a: Zacian|26\/100|[from] Spikes\n|turn|46\n|\n|t:|1698240867\n|move|p1a: Zacian|Play Rough|p2a: Arceus\n|-resisted|p2a: Arceus\n|-damage|p2a: Arceus|11\/100\n|move|p2a: Arceus|Poison Jab|p1a: Zacian\n|-supereffective|p1a: Zacian\n|-damage|p1a: Zacian|0 fnt\n|faint|p1a: Zacian\n|\n|upkeep\n|\n|t:|1698240870\n|switch|p1a: Magearna|Magearna|35\/100\n|-damage|p1a: Magearna|22\/100|[from] Spikes\n|turn|47\n|\n|t:|1698240873\n|move|p2a: Arceus|Taunt|p1a: Magearna\n|-start|p1a: Magearna|move: Taunt\n|move|p1a: Magearna|Volt Switch|p2a: Arceus\n|-damage|p2a: Arceus|0 fnt\n|faint|p2a: Arceus\n|-ability|p1a: Magearna|Soul-Heart|boost\n|-boost|p1a: Magearna|spa|1\n|\n|upkeep\n|\n|t:|1698240876\n|switch|p2a: Palafin|Palafin-Hero, F|41\/100\n|-damage|p2a: Palafin|24\/100|[from] Spikes\n|turn|48\n|\n|t:|1698240878\n|move|p2a: Palafin|Jet Punch|p1a: Magearna\n|-damage|p1a: Magearna|0 fnt\n|faint|p1a: Magearna\n|\n|win|JohnLongGone\n|c|\u2606austinerzs|gg\n|l|\u2606austinerzs\n","uploadtime":1698240886,"views":34,"p1id":"austinerzs","p2id":"johnlonggone","formatid":"gen9ubers","rating":0,"private":0,"password":""}