{"id":"gen9ubers-1975278751","p1":"Nitro524","p2":"Windflowerplains","format":"[Gen 9] Ubers","log":"|j|\u2606Nitro524\n|j|\u2606Windflowerplains\n|t:|1698175990\n|gametype|singles\n|player|p1|Nitro524|hilbert-wonderlauncher|\n|player|p2|Windflowerplains|caitlin-masters|\n|teamsize|p1|6\n|teamsize|p2|6\n|gen|9\n|tier|[Gen 9] Ubers\n|rule|Sleep Clause Mod: Limit one foe put to sleep\n|rule|Species Clause: Limit one of each Pok\u00e9mon\n|rule|OHKO Clause: OHKO moves are banned\n|rule|Evasion Items Clause: Evasion items are banned\n|rule|Evasion Moves Clause: Evasion moves are banned\n|rule|Endless Battle Clause: Forcing endless battles is banned\n|rule|HP Percentage Mod: HP is shown in percentages\n|clearpoke\n|poke|p1|Pelipper, M|\n|poke|p1|Zapdos|\n|poke|p1|Arceus-Poison|\n|poke|p1|Palafin, F|\n|poke|p1|Zacian-*|\n|poke|p1|Palkia-Origin|\n|poke|p2|Zacian-*|\n|poke|p2|Arceus-Poison|\n|poke|p2|Dialga|\n|poke|p2|Palkia-Origin|\n|poke|p2|Gliscor, M|\n|poke|p2|Giratina|\n|teampreview\n|c|\u2606Nitro524|gl!\n|c|\u2606Windflowerplains|u2\n|\n|t:|1698176024\n|start\n|switch|p1a: Pelipper|Pelipper, M|100\/100\n|switch|p2a: Palkia|Palkia-Origin|100\/100\n|-ability|p2a: Palkia|Pressure\n|-weather|RainDance|[from] ability: Drizzle|[of] p1a: Pelipper\n|turn|1\n|\n|t:|1698176051\n|switch|p1a: Zacian|Zacian|100\/100\n|-ability|p1a: Zacian|Intrepid Sword|boost\n|-boost|p1a: Zacian|atk|1\n|move|p2a: Palkia|Substitute|p2a: Palkia\n|-start|p2a: Palkia|Substitute\n|-damage|p2a: Palkia|76\/100\n|\n|-weather|RainDance|[upkeep]\n|upkeep\n|turn|2\n|\n|t:|1698176060\n|move|p1a: Zacian|Play Rough|p2a: Palkia\n|-supereffective|p2a: Palkia\n|-end|p2a: Palkia|Substitute\n|move|p2a: Palkia|Hydro Pump|p1a: Zacian\n|-damage|p1a: Zacian|1\/100\n|\n|-weather|RainDance|[upkeep]\n|upkeep\n|turn|3\n|c|\u2606Nitro524|hoooly\n|\n|t:|1698176069\n|switch|p2a: Arceus|Arceus-Poison|100\/100\n|move|p1a: Zacian|Play Rough|p2a: Arceus\n|-resisted|p2a: Arceus\n|-damage|p2a: Arceus|84\/100\n|\n|-weather|RainDance|[upkeep]\n|upkeep\n|turn|4\n|c|\u2606Windflowerplains|yeah\n|c|\u2606Windflowerplains|zacian has too muich bulk\n|c|\u2606Windflowerplains|its what\n|c|\u2606Windflowerplains|92\/115\/115?\n|c|\u2606Nitro524|something like that\n|c|\u2606Windflowerplains|actually bulkier than mag its crazy\n|\n|t:|1698176143\n|move|p1a: Zacian|Crunch|p2a: Arceus\n|-damage|p2a: Arceus|63\/100\n|-unboost|p2a: Arceus|def|1\n|move|p2a: Arceus|Will-O-Wisp|p1a: Zacian\n|-status|p1a: Zacian|brn\n|\n|-weather|RainDance|[upkeep]\n|-damage|p1a: Zacian|0 fnt|[from] brn\n|faint|p1a: Zacian\n|upkeep\n|c|\u2606Nitro524|that's insane\n|\n|t:|1698176155\n|switch|p1a: Palafin|Palafin, F|100\/100\n|turn|5\n|\n|t:|1698176165\n|move|p1a: Palafin|Zen Headbutt|p2a: Arceus\n|-supereffective|p2a: Arceus\n|-damage|p2a: Arceus|16\/100\n|move|p2a: Arceus|Will-O-Wisp|p1a: Palafin\n|-status|p1a: Palafin|brn\n|\n|-weather|RainDance|[upkeep]\n|-damage|p1a: Palafin|94\/100 brn|[from] brn\n|upkeep\n|turn|6\n|\n|t:|1698176196\n|detailschange|p1a: Palafin|Palafin-Hero, F\n|switch|p1a: Zapdos|Zapdos|100\/100\n|switch|p2a: Dialga|Dialga|100\/100\n|-ability|p2a: Dialga|Pressure\n|\n|-weather|RainDance|[upkeep]\n|upkeep\n|turn|7\n|\n|t:|1698176212\n|move|p1a: Zapdos|Volt Switch|p2a: Dialga\n|-resisted|p2a: Dialga\n|-damage|p2a: Dialga|89\/100\n|\n|t:|1698176219\n|switch|p1a: Arceus|Arceus-Poison|100\/100|[from] Volt Switch\n|move|p2a: Dialga|Stealth Rock|p1a: Arceus\n|-sidestart|p1: Nitro524|move: Stealth Rock\n|\n|-weather|RainDance|[upkeep]\n|-heal|p2a: Dialga|96\/100|[from] item: Leftovers\n|upkeep\n|turn|8\n|\n|t:|1698176238\n|move|p1a: Arceus|Earth Power|p2a: Dialga\n|-supereffective|p2a: Dialga\n|-damage|p2a: Dialga|61\/100\n|move|p2a: Dialga|Earth Power|p1a: Arceus\n|-supereffective|p1a: Arceus\n|-damage|p1a: Arceus|64\/100\n|\n|-weather|none\n|-heal|p2a: Dialga|68\/100|[from] item: Leftovers\n|upkeep\n|turn|9\n|\n|t:|1698176251\n|switch|p2a: Gliscor|Gliscor, M|100\/100\n|move|p1a: Arceus|Calm Mind|p1a: Arceus\n|-boost|p1a: Arceus|spa|1\n|-boost|p1a: Arceus|spd|1\n|\n|-status|p2a: Gliscor|tox|[from] item: Toxic Orb\n|upkeep\n|turn|10\n|\n|t:|1698176286\n|switch|p2a: Dialga|Dialga|68\/100\n|-ability|p2a: Dialga|Pressure\n|move|p1a: Arceus|Calm Mind|p1a: Arceus\n|-boost|p1a: Arceus|spa|1\n|-boost|p1a: Arceus|spd|1\n|\n|-heal|p2a: Dialga|74\/100|[from] item: Leftovers\n|upkeep\n|turn|11\n|\n|t:|1698176296\n|-terastallize|p2a: Dialga|Flying\n|move|p1a: Arceus|Earth Power|p2a: Dialga\n|-immune|p2a: Dialga\n|move|p2a: Dialga|Roar|p1a: Arceus\n|drag|p1a: Palkia|Palkia-Origin|100\/100\n|-damage|p1a: Palkia|88\/100|[from] Stealth Rock\n|-ability|p1a: Palkia|Pressure\n|\n|-heal|p2a: Dialga|80\/100|[from] item: Leftovers\n|upkeep\n|turn|12\n|\n|t:|1698176307\n|-terastallize|p1a: Palkia|Fairy\n|move|p1a: Palkia|Substitute|p1a: Palkia\n|-start|p1a: Palkia|Substitute\n|-damage|p1a: Palkia|63\/100\n|move|p2a: Dialga|Draco Meteor|p1a: Palkia\n|-immune|p1a: Palkia\n|\n|-heal|p2a: Dialga|86\/100|[from] item: Leftovers\n|upkeep\n|turn|13\n|\n|t:|1698176317\n|move|p1a: Palkia|Ice Beam|p2a: Dialga\n|-supereffective|p2a: Dialga\n|-damage|p2a: Dialga|41\/100\n|-status|p2a: Dialga|frz\n|cant|p2a: Dialga|frz\n|\n|-heal|p2a: Dialga|47\/100 frz|[from] item: Leftovers\n|upkeep\n|turn|14\n|c|\u2606Nitro524|god damn\n|c|\u2606Windflowerplains|yikes\n|c|\u2606Nitro524|sorry man\n|\n|t:|1698176339\n|switch|p2a: Zacian|Zacian|100\/100\n|-ability|p2a: Zacian|Intrepid Sword|boost\n|-boost|p2a: Zacian|atk|1\n|move|p1a: Palkia|Ice Beam|p2a: Zacian\n|-damage|p2a: Zacian|68\/100\n|\n|upkeep\n|turn|15\n|\n|t:|1698176357\n|move|p2a: Zacian|Trailblaze|p1a: Palkia\n|-end|p1a: Palkia|Substitute\n|-boost|p2a: Zacian|spe|1\n|-damage|p2a: Zacian|58\/100|[from] item: Life Orb\n|move|p1a: Palkia|Hydro Pump|p2a: Zacian\n|-crit|p2a: Zacian\n|-damage|p2a: Zacian|0 fnt\n|faint|p2a: Zacian\n|\n|upkeep\n|c|\u2606Windflowerplains|and a crit no way ---\n|c|\u2606Windflowerplains|-_-\n|c|\u2606Nitro524|crit didn't matter\n|c|\u2606Nitro524|i think\n|c|\u2606Windflowerplains|no it did\n|c|\u2606Nitro524|ah\n|c|\u2606Windflowerplains|unless its modest\n|c|\u2606Nitro524|it's not\n|c|\u2606Nitro524|rematch later?\n|c|\u2606Windflowerplains|sure\n|\n|t:|1698176431\n|switch|p2a: Palkia|Palkia-Origin|76\/100\n|-ability|p2a: Palkia|Pressure\n|turn|16\n|c|\u2606Windflowerplains|speed tie win plz\n|\n|t:|1698176458\n|move|p2a: Palkia|Hydro Pump|p1a: Palkia\n|-damage|p1a: Palkia|0 fnt\n|faint|p1a: Palkia\n|\n|upkeep\n|c|\u2606Nitro524|niice\n|c|\u2606Windflowerplains|poggers we're back\n|c|\u2606Windflowerplains|never even doubted the goat\n|\n|t:|1698176479\n|switch|p1a: Zapdos|Zapdos|100\/100\n|turn|17\n|\n|t:|1698176501\n|switch|p1a: Pelipper|Pelipper, M|100\/100\n|-damage|p1a: Pelipper|75\/100|[from] Stealth Rock\n|-weather|RainDance|[from] ability: Drizzle|[of] p1a: Pelipper\n|move|p2a: Palkia|Draco Meteor|p1a: Pelipper\n|-damage|p1a: Pelipper|0 fnt\n|-unboost|p2a: Palkia|spa|2\n|faint|p1a: Pelipper\n|\n|-weather|RainDance|[upkeep]\n|upkeep\n|\n|t:|1698176507\n|switch|p1a: Zapdos|Zapdos|100\/100\n|turn|18\n|\n|t:|1698176519\n|switch|p2a: Dialga|Dialga, tera:Flying|47\/100 frz\n|-ability|p2a: Dialga|Pressure\n|move|p1a: Zapdos|Thunder|p2a: Dialga\n|-supereffective|p2a: Dialga\n|-damage|p2a: Dialga|0 fnt\n|faint|p2a: Dialga\n|\n|-weather|RainDance|[upkeep]\n|upkeep\n|\n|t:|1698176534\n|switch|p2a: Giratina|Giratina|100\/100\n|-ability|p2a: Giratina|Pressure\n|turn|19\n|\n|t:|1698176538\n|move|p1a: Zapdos|Hurricane|p2a: Giratina\n|-damage|p2a: Giratina|76\/100\n|move|p2a: Giratina|Will-O-Wisp|p1a: Zapdos\n|-status|p1a: Zapdos|brn\n|\n|-weather|RainDance|[upkeep]\n|-damage|p1a: Zapdos|94\/100 brn|[from] brn\n|upkeep\n|turn|20\n|\n|t:|1698176550\n|move|p1a: Zapdos|Hurricane|p2a: Giratina\n|-damage|p2a: Giratina|53\/100\n|-start|p2a: Giratina|confusion\n|-activate|p2a: Giratina|confusion\n|move|p2a: Giratina|Hex|p1a: Zapdos\n|-damage|p1a: Zapdos|47\/100 brn\n|\n|-weather|RainDance|[upkeep]\n|-damage|p1a: Zapdos|40\/100 brn|[from] brn\n|upkeep\n|turn|21\n|\n|t:|1698176568\n|move|p1a: Zapdos|Hurricane|p2a: Giratina\n|-damage|p2a: Giratina|27\/100\n|-activate|p2a: Giratina|confusion\n|-damage|p2a: Giratina|22\/100|[from] confusion\n|\n|-weather|RainDance|[upkeep]\n|-damage|p1a: Zapdos|34\/100 brn|[from] brn\n|upkeep\n|turn|22\n|\n|t:|1698176576\n|move|p1a: Zapdos|Hurricane|p2a: Giratina\n|-damage|p2a: Giratina|0 fnt\n|faint|p2a: Giratina\n|\n|-weather|RainDance|[upkeep]\n|-damage|p1a: Zapdos|28\/100 brn|[from] brn\n|upkeep\n|\n|t:|1698176589\n|switch|p2a: Palkia|Palkia-Origin|76\/100\n|-ability|p2a: Palkia|Pressure\n|turn|23\n|\n|t:|1698176606\n|move|p2a: Palkia|Hydro Pump|p1a: Zapdos\n|-damage|p1a: Zapdos|0 fnt\n|faint|p1a: Zapdos\n|\n|-weather|RainDance|[upkeep]\n|upkeep\n|\n|t:|1698176616\n|switch|p1a: Arceus|Arceus-Poison|64\/100\n|-damage|p1a: Arceus|52\/100|[from] Stealth Rock\n|turn|24\n|j| XYRulez\n|\n|t:|1698176625\n|move|p2a: Palkia|Hydro Pump|p1a: Arceus\n|-damage|p1a: Arceus|0 fnt\n|faint|p1a: Arceus\n|\n|-weather|none\n|upkeep\n|\n|t:|1698176628\n|switch|p1a: Palafin|Palafin-Hero, F|94\/100 brn\n|-damage|p1a: Palafin|82\/100 brn|[from] Stealth Rock\n|-activate|p1a: Palafin|ability: Zero to Hero\n|turn|25\n|\n|t:|1698176635\n|move|p2a: Palkia|Draco Meteor|p1a: Palafin\n|-damage|p1a: Palafin|0 fnt\n|-unboost|p2a: Palkia|spa|2\n|faint|p1a: Palafin\n|\n|win|Windflowerplains\n|c|\u2606Nitro524|gg\n|c|\u2606Windflowerplains|gg\n|c|\u2606Windflowerplains|crazy how that came down to a speed tie\n|c|\u2606Nitro524|definitely\n","uploadtime":1698176674,"views":28,"p1id":"nitro524","p2id":"windflowerplains","formatid":"gen9ubers","rating":0,"private":0,"password":""}