{"id":"gen9ubers-1987043498","p1":"tionscura","p2":"demilembias","format":"[Gen 9] Ubers","log":"|j|\u2606tionscura\n|j|\u2606demilembias\n|t:|1699551465\n|gametype|singles\n|player|p1|tionscura|parasollady-gen4|1000\n|player|p2|demilembias|iris-gen5bw2|1112\n|teamsize|p1|6\n|teamsize|p2|6\n|gen|9\n|tier|[Gen 9] Ubers\n|rated|\n|rule|Sleep Clause Mod: Limit one foe put to sleep\n|rule|Species Clause: Limit one of each Pok\u00e9mon\n|rule|OHKO Clause: OHKO moves are banned\n|rule|Evasion Items Clause: Evasion items are banned\n|rule|Evasion Moves Clause: Evasion moves are banned\n|rule|Endless Battle Clause: Forcing endless battles is banned\n|rule|HP Percentage Mod: HP is shown in percentages\n|clearpoke\n|poke|p1|Giratina-Origin|\n|poke|p1|Miraidon|\n|poke|p1|Koraidon|\n|poke|p1|Ribombee, M|\n|poke|p1|Zacian-*|\n|poke|p1|Great Tusk|\n|poke|p2|Chien-Pao|\n|poke|p2|Hatterene, F|\n|poke|p2|Koraidon|\n|poke|p2|Grimmsnarl, M|\n|poke|p2|Miraidon|\n|poke|p2|Zacian-*|\n|teampreview\n|\n|t:|1699551476\n|start\n|switch|p1a: Miraidon|Miraidon|100\/100\n|switch|p2a: Hablog|Grimmsnarl, M|100\/100\n|-fieldstart|move: Electric Terrain|[from] ability: Hadron Engine|[of] p1a: Miraidon\n|turn|1\n|\n|t:|1699551484\n|move|p2a: Hablog|Taunt|p1a: Miraidon\n|-start|p1a: Miraidon|move: Taunt\n|move|p1a: Miraidon|Electro Drift|p2a: Hablog\n|-damage|p2a: Hablog|0 fnt\n|faint|p2a: Hablog\n|-damage|p1a: Miraidon|91\/100|[from] item: Life Orb\n|\n|upkeep\n|\n|t:|1699551498\n|switch|p2a: Lyza|Koraidon|100\/100\n|-weather|SunnyDay|[from] ability: Orichalcum Pulse|[of] p2a: Lyza\n|-activate|p2a: Lyza|Orichalcum Pulse|[source]\n|turn|2\n|\n|t:|1699551514\n|-terastallize|p1a: Miraidon|Fairy\n|move|p2a: Lyza|Swords Dance|p2a: Lyza\n|-boost|p2a: Lyza|atk|2\n|move|p1a: Miraidon|Dragon Pulse|p2a: Lyza\n|-supereffective|p2a: Lyza\n|-damage|p2a: Lyza|0 fnt\n|faint|p2a: Lyza\n|-damage|p1a: Miraidon|81\/100|[from] item: Life Orb\n|\n|-weather|SunnyDay|[upkeep]\n|upkeep\n|\n|t:|1699551526\n|switch|p2a: Wazukyan|Zacian-Crowned|100\/100\n|-ability|p2a: Wazukyan|Intrepid Sword|boost\n|-boost|p2a: Wazukyan|atk|1\n|turn|3\n|\n|t:|1699551531\n|switch|p1a: Great Tusk|Great Tusk|100\/100\n|-activate|p1a: Great Tusk|ability: Protosynthesis\n|-start|p1a: Great Tusk|protosynthesisdef\n|move|p2a: Wazukyan|Behemoth Blade|p1a: Great Tusk\n|-damage|p1a: Great Tusk|58\/100\n|\n|-weather|SunnyDay|[upkeep]\n|upkeep\n|turn|4\n|\n|t:|1699551542\n|move|p2a: Wazukyan|Play Rough|p1a: Great Tusk\n|-supereffective|p1a: Great Tusk\n|-damage|p1a: Great Tusk|0 fnt\n|faint|p1a: Great Tusk\n|-end|p1a: Great Tusk|Protosynthesis|[silent]\n|\n|-weather|SunnyDay|[upkeep]\n|upkeep\n|\n|t:|1699551547\n|switch|p1a: Ribombee|Ribombee, M|100\/100\n|turn|5\n|\n|t:|1699551553\n|move|p2a: Wazukyan|Poison Jab|p1a: Ribombee\n|-supereffective|p1a: Ribombee\n|-crit|p1a: Ribombee\n|-enditem|p1a: Ribombee|Focus Sash\n|-damage|p1a: Ribombee|1\/100\n|move|p1a: Ribombee|Sticky Web|p2a: Wazukyan\n|-sidestart|p2: demilembias|move: Sticky Web\n|\n|-weather|SunnyDay|[upkeep]\n|-fieldend|move: Electric Terrain\n|upkeep\n|turn|6\n|\n|t:|1699551563\n|move|p2a: Wazukyan|Poison Jab|p1a: Ribombee\n|-supereffective|p1a: Ribombee\n|-damage|p1a: Ribombee|0 fnt\n|faint|p1a: Ribombee\n|\n|-weather|none\n|upkeep\n|\n|t:|1699551566\n|switch|p1a: Koraidon|Koraidon|100\/100\n|-weather|SunnyDay|[from] ability: Orichalcum Pulse|[of] p1a: Koraidon\n|-activate|p1a: Koraidon|Orichalcum Pulse|[source]\n|turn|7\n|\n|t:|1699551572\n|move|p2a: Wazukyan|Play Rough|p1a: Koraidon\n|-supereffective|p1a: Koraidon\n|-crit|p1a: Koraidon\n|-enditem|p1a: Koraidon|Focus Sash\n|-damage|p1a: Koraidon|1\/100\n|move|p1a: Koraidon|Flare Blitz|p2a: Wazukyan\n|-supereffective|p2a: Wazukyan\n|-damage|p2a: Wazukyan|0 fnt\n|faint|p2a: Wazukyan\n|-damage|p1a: Koraidon|0 fnt|[from] Recoil\n|faint|p1a: Koraidon\n|\n|-weather|SunnyDay|[upkeep]\n|upkeep\n|\n|t:|1699551584\n|switch|p2a: Jiruo|Chien-Pao|100\/100\n|switch|p1a: Miraidon|Miraidon, tera:Fairy|81\/100\n|-activate|p2a: Jiruo|move: Sticky Web\n|-unboost|p2a: Jiruo|spe|1\n|-ability|p2a: Jiruo|Sword of Ruin\n|-fieldstart|move: Electric Terrain|[from] ability: Hadron Engine|[of] p1a: Miraidon\n|turn|8\n|\n|t:|1699551597\n|switch|p2a: Vueko|Hatterene, F, shiny|100\/100\n|-activate|p2a: Vueko|move: Sticky Web\n|-unboost|p2a: Vueko|spe|1\n|move|p1a: Miraidon|Electro Drift|p2a: Vueko\n|-damage|p2a: Vueko|0 fnt\n|faint|p2a: Vueko\n|-damage|p1a: Miraidon|71\/100|[from] item: Life Orb\n|\n|-weather|SunnyDay|[upkeep]\n|upkeep\n|-message|demilembias forfeited.\n|\n|win|tionscura\n|raw|tionscura's rating: 1000 &rarr; <strong>1052<\/strong><br \/>(+52 for winning)\n|raw|demilembias's rating: 1112 &rarr; <strong>1079<\/strong><br \/>(-33 for losing)\n|l|\u2606demilembias\n","uploadtime":1699551623,"views":10,"p1id":"tionscura","p2id":"demilembias","formatid":"gen9ubers","rating":1052,"private":0,"password":""}