{"id":"gen9ubers-1968953616","p1":"Laprasrules12","p2":"Acetraineraegis","format":"[Gen 9] Ubers","log":"|j|\u2606Laprasrules12\n|j|\u2606Acetraineraegis\n|t:|1697478124\n|gametype|singles\n|player|p1|Laprasrules12|lusamine-nihilego|\n|player|p2|Acetraineraegis|skierf-gen4dp|\n|teamsize|p1|6\n|teamsize|p2|6\n|gen|9\n|tier|[Gen 9] Ubers\n|rule|Sleep Clause Mod: Limit one foe put to sleep\n|rule|Species Clause: Limit one of each Pok\u00e9mon\n|rule|OHKO Clause: OHKO moves are banned\n|rule|Evasion Items Clause: Evasion items are banned\n|rule|Evasion Moves Clause: Evasion moves are banned\n|rule|Endless Battle Clause: Forcing endless battles is banned\n|rule|HP Percentage Mod: HP is shown in percentages\n|clearpoke\n|poke|p1|Arceus-Fighting|\n|poke|p1|Espathra, F|\n|poke|p1|Zacian-*|\n|poke|p1|Palkia-Origin|\n|poke|p1|Cyclizar, F|\n|poke|p1|Magearna-Original|\n|poke|p2|Ninetales-Alola, M|\n|poke|p2|Arceus-Ice|\n|poke|p2|Ursaluna-Bloodmoon, M|\n|poke|p2|Magearna|\n|poke|p2|Dondozo, M|\n|poke|p2|Slowking-Galar, M|\n|teampreview\n|inactive|Battle timer is ON: inactive players will automatically lose when time's up. (requested by Laprasrules12)\n|\n|t:|1697478131\n|start\n|switch|p1a: Say Gex|Cyclizar, F, shiny|100\/100\n|switch|p2a: Ninetales|Ninetales-Alola, M|100\/100\n|-weather|Snow|[from] ability: Snow Warning|[of] p2a: Ninetales\n|turn|1\n|\n|t:|1697478135\n|move|p1a: Say Gex|Shed Tail|p1a: Say Gex\n|-start|p1a: Say Gex|Substitute|[from] move: Shed Tail\n|-damage|p1a: Say Gex|50\/100\n|\n|t:|1697478137\n|switch|p1a: Cleopatra|Espathra, F, shiny|100\/100|[from] Shed Tail\n|move|p2a: Ninetales|Aurora Veil|p2a: Ninetales\n|-sidestart|p2: Acetraineraegis|move: Aurora Veil\n|\n|-weather|Snow|[upkeep]\n|upkeep\n|turn|2\n|\n|t:|1697478144\n|switch|p2a: Dondozo|Dondozo, M|100\/100\n|move|p1a: Cleopatra|Protect||[still]\n|-fail|p1a: Cleopatra\n|\n|-weather|Snow|[upkeep]\n|-ability|p1a: Cleopatra|Speed Boost|boost\n|-boost|p1a: Cleopatra|spe|1\n|upkeep\n|turn|3\n|\n|t:|1697478150\n|move|p1a: Cleopatra|Calm Mind|p1a: Cleopatra\n|-boost|p1a: Cleopatra|spa|1\n|-boost|p1a: Cleopatra|spd|1\n|move|p2a: Dondozo|Curse|p2a: Dondozo\n|-unboost|p2a: Dondozo|spe|1\n|-boost|p2a: Dondozo|atk|1\n|-boost|p2a: Dondozo|def|1\n|\n|-weather|Snow|[upkeep]\n|-ability|p1a: Cleopatra|Speed Boost|boost\n|-boost|p1a: Cleopatra|spe|1\n|upkeep\n|turn|4\n|\n|t:|1697478152\n|move|p1a: Cleopatra|Protect|p1a: Cleopatra\n|-singleturn|p1a: Cleopatra|Protect\n|move|p2a: Dondozo|Liquidation|p1a: Cleopatra\n|-activate|p1a: Cleopatra|move: Protect\n|\n|-weather|Snow|[upkeep]\n|-ability|p1a: Cleopatra|Speed Boost|boost\n|-boost|p1a: Cleopatra|spe|1\n|upkeep\n|turn|5\n|\n|t:|1697478154\n|move|p1a: Cleopatra|Calm Mind|p1a: Cleopatra\n|-boost|p1a: Cleopatra|spa|1\n|-boost|p1a: Cleopatra|spd|1\n|move|p2a: Dondozo|Liquidation|p1a: Cleopatra\n|-end|p1a: Cleopatra|Substitute\n|\n|-weather|none\n|-ability|p1a: Cleopatra|Speed Boost|boost\n|-boost|p1a: Cleopatra|spe|1\n|upkeep\n|turn|6\n|\n|t:|1697478158\n|move|p1a: Cleopatra|Protect|p1a: Cleopatra\n|-singleturn|p1a: Cleopatra|Protect\n|move|p2a: Dondozo|Liquidation|p1a: Cleopatra\n|-activate|p1a: Cleopatra|move: Protect\n|\n|-ability|p1a: Cleopatra|Speed Boost|boost\n|-boost|p1a: Cleopatra|spe|1\n|upkeep\n|turn|7\n|\n|t:|1697478162\n|move|p1a: Cleopatra|Stored Power|p2a: Dondozo\n|-damage|p2a: Dondozo|66\/100\n|move|p2a: Dondozo|Liquidation|p1a: Cleopatra\n|-damage|p1a: Cleopatra|35\/100\n|\n|-heal|p1a: Cleopatra|41\/100|[from] item: Leftovers\n|-heal|p2a: Dondozo|72\/100|[from] item: Leftovers\n|-ability|p1a: Cleopatra|Speed Boost|boost\n|-boost|p1a: Cleopatra|spe|1\n|upkeep\n|turn|8\n|\n|t:|1697478169\n|move|p1a: Cleopatra|Protect|p1a: Cleopatra\n|-singleturn|p1a: Cleopatra|Protect\n|move|p2a: Dondozo|Substitute|p2a: Dondozo\n|-start|p2a: Dondozo|Substitute\n|-damage|p2a: Dondozo|47\/100\n|\n|-heal|p1a: Cleopatra|47\/100|[from] item: Leftovers\n|-heal|p2a: Dondozo|53\/100|[from] item: Leftovers\n|-sideend|p2: Acetraineraegis|move: Aurora Veil\n|upkeep\n|turn|9\n|\n|t:|1697478173\n|move|p1a: Cleopatra|Stored Power|p2a: Dondozo\n|-crit|p2a: Dondozo\n|-end|p2a: Dondozo|Substitute\n|move|p2a: Dondozo|Liquidation|p1a: Cleopatra\n|-damage|p1a: Cleopatra|0 fnt\n|faint|p1a: Cleopatra\n|\n|-heal|p2a: Dondozo|59\/100|[from] item: Leftovers\n|upkeep\n|c|\u2606Laprasrules12|Damn\n|\n|t:|1697478181\n|switch|p1a: The Horse|Palkia-Origin, shiny|100\/100\n|-ability|p1a: The Horse|Pressure\n|turn|10\n|\n|t:|1697478185\n|move|p1a: The Horse|Substitute|p1a: The Horse\n|-start|p1a: The Horse|Substitute\n|-damage|p1a: The Horse|76\/100\n|move|p2a: Dondozo|Order Up|p1a: The Horse\n|-supereffective|p1a: The Horse\n|-end|p1a: The Horse|Substitute\n|\n|-heal|p2a: Dondozo|65\/100|[from] item: Leftovers\n|upkeep\n|turn|11\n|\n|t:|1697478190\n|-terastallize|p1a: The Horse|Fairy\n|move|p1a: The Horse|Spacial Rend|p2a: Dondozo\n|-damage|p2a: Dondozo|16\/100\n|move|p2a: Dondozo|Order Up|p1a: The Horse\n|-immune|p1a: The Horse\n|\n|-heal|p2a: Dondozo|22\/100|[from] item: Leftovers\n|upkeep\n|turn|12\n|\n|t:|1697478193\n|move|p1a: The Horse|Spacial Rend|p2a: Dondozo\n|-damage|p2a: Dondozo|0 fnt\n|faint|p2a: Dondozo\n|\n|upkeep\n|\n|t:|1697478196\n|switch|p2a: Ninetales|Ninetales-Alola, M|100\/100\n|-weather|Snow|[from] ability: Snow Warning|[of] p2a: Ninetales\n|turn|13\n|\n|t:|1697478198\n|move|p1a: The Horse|Flamethrower|p2a: Ninetales\n|-supereffective|p2a: Ninetales\n|-damage|p2a: Ninetales|15\/100\n|move|p2a: Ninetales|Aurora Veil|p2a: Ninetales\n|-sidestart|p2: Acetraineraegis|move: Aurora Veil\n|\n|-weather|Snow|[upkeep]\n|upkeep\n|turn|14\n|\n|t:|1697478215\n|switch|p2a: Slowking|Slowking-Galar, M|100\/100\n|move|p1a: The Horse|Flamethrower|p2a: Slowking\n|-damage|p2a: Slowking|87\/100\n|\n|-weather|Snow|[upkeep]\n|upkeep\n|turn|15\n|\n|t:|1697478220\n|move|p1a: The Horse|Substitute|p1a: The Horse\n|-start|p1a: The Horse|Substitute\n|-damage|p1a: The Horse|51\/100\n|move|p2a: Slowking|Sludge Bomb|p1a: The Horse\n|-supereffective|p1a: The Horse\n|-end|p1a: The Horse|Substitute\n|\n|-weather|Snow|[upkeep]\n|upkeep\n|turn|16\n|\n|t:|1697478227\n|switch|p1a: Pok\u00e9ball|Magearna-Original|100\/100\n|move|p2a: Slowking|Sludge Bomb|p1a: Pok\u00e9ball\n|-immune|p1a: Pok\u00e9ball\n|\n|-weather|Snow|[upkeep]\n|upkeep\n|turn|17\n|\n|t:|1697478233\n|switch|p2a: Ursaluna|Ursaluna-Bloodmoon, M|100\/100\n|move|p1a: Pok\u00e9ball|Spikes|p2a: Ursaluna\n|-sidestart|p2: Acetraineraegis|Spikes\n|\n|-weather|none\n|upkeep\n|turn|18\n|\n|t:|1697478238\n|switch|p1a: Kratos|Arceus-Fighting, shiny|100\/100\n|move|p2a: Ursaluna|Calm Mind|p2a: Ursaluna\n|-boost|p2a: Ursaluna|spa|1\n|-boost|p2a: Ursaluna|spd|1\n|\n|upkeep\n|turn|19\n|\n|t:|1697478245\n|move|p1a: Kratos|Cosmic Power|p1a: Kratos\n|-boost|p1a: Kratos|def|1\n|-boost|p1a: Kratos|spd|1\n|move|p2a: Ursaluna|Blood Moon|p1a: Kratos\n|-damage|p1a: Kratos|52\/100\n|\n|upkeep\n|turn|20\n|\n|t:|1697478251\n|move|p1a: Kratos|Cosmic Power|p1a: Kratos\n|-boost|p1a: Kratos|def|1\n|-boost|p1a: Kratos|spd|1\n|move|p2a: Ursaluna|Calm Mind|p2a: Ursaluna\n|-boost|p2a: Ursaluna|spa|1\n|-boost|p2a: Ursaluna|spd|1\n|\n|-sideend|p2: Acetraineraegis|move: Aurora Veil\n|upkeep\n|turn|21\n|\n|t:|1697478253\n|move|p1a: Kratos|Recover|p1a: Kratos\n|-heal|p1a: Kratos|100\/100\n|move|p2a: Ursaluna|Calm Mind|p2a: Ursaluna\n|-boost|p2a: Ursaluna|spa|1\n|-boost|p2a: Ursaluna|spd|1\n|\n|upkeep\n|turn|22\n|\n|t:|1697478255\n|move|p1a: Kratos|Cosmic Power|p1a: Kratos\n|-boost|p1a: Kratos|def|1\n|-boost|p1a: Kratos|spd|1\n|move|p2a: Ursaluna|Calm Mind|p2a: Ursaluna\n|-boost|p2a: Ursaluna|spa|1\n|-boost|p2a: Ursaluna|spd|1\n|\n|upkeep\n|turn|23\n|\n|t:|1697478257\n|move|p1a: Kratos|Cosmic Power|p1a: Kratos\n|-boost|p1a: Kratos|def|1\n|-boost|p1a: Kratos|spd|1\n|move|p2a: Ursaluna|Calm Mind|p2a: Ursaluna\n|-boost|p2a: Ursaluna|spa|1\n|-boost|p2a: Ursaluna|spd|1\n|\n|upkeep\n|turn|24\n|\n|t:|1697478259\n|move|p1a: Kratos|Body Press|p2a: Ursaluna\n|-supereffective|p2a: Ursaluna\n|-damage|p2a: Ursaluna|0 fnt\n|faint|p2a: Ursaluna\n|\n|upkeep\n|\n|t:|1697478262\n|switch|p2a: Ninetales|Ninetales-Alola, M|15\/100\n|-damage|p2a: Ninetales|3\/100|[from] Spikes\n|-weather|Snow|[from] ability: Snow Warning|[of] p2a: Ninetales\n|turn|25\n|\n|t:|1697478265\n|move|p2a: Ninetales|Aurora Veil|p2a: Ninetales\n|-sidestart|p2: Acetraineraegis|move: Aurora Veil\n|move|p1a: Kratos|Stored Power|p2a: Ninetales\n|-damage|p2a: Ninetales|0 fnt\n|faint|p2a: Ninetales\n|\n|-weather|Snow|[upkeep]\n|upkeep\n|\n|t:|1697478269\n|switch|p2a: Slowking|Slowking-Galar, M|100\/100\n|turn|26\n|\n|t:|1697478272\n|move|p1a: Kratos|Stored Power|p2a: Slowking\n|-damage|p2a: Slowking|84\/100\n|move|p2a: Slowking|Toxic|p1a: Kratos\n|-status|p1a: Kratos|tox\n|\n|-weather|Snow|[upkeep]\n|-damage|p1a: Kratos|94\/100 tox|[from] psn\n|upkeep\n|turn|27\n|\n|t:|1697478277\n|move|p1a: Kratos|Body Press|p2a: Slowking\n|-resisted|p2a: Slowking\n|-damage|p2a: Slowking|69\/100\n|move|p2a: Slowking|Sludge Bomb|p1a: Kratos\n|-damage|p1a: Kratos|86\/100 tox\n|\n|-weather|Snow|[upkeep]\n|-damage|p1a: Kratos|73\/100 tox|[from] psn\n|upkeep\n|turn|28\n|\n|t:|1697478290\n|switch|p2a: Magearna|Magearna|100\/100\n|-damage|p2a: Magearna|88\/100|[from] Spikes\n|move|p1a: Kratos|Cosmic Power|p1a: Kratos\n|-boost|p1a: Kratos|def|1\n|-boost|p1a: Kratos|spd|1\n|\n|-weather|Snow|[upkeep]\n|-heal|p2a: Magearna|94\/100|[from] item: Leftovers\n|-damage|p1a: Kratos|55\/100 tox|[from] psn\n|upkeep\n|turn|29\n|\n|t:|1697478297\n|move|p1a: Kratos|Body Press|p2a: Magearna\n|-damage|p2a: Magearna|27\/100\n|move|p2a: Magearna|Trick Room|p2a: Magearna\n|-fieldstart|move: Trick Room|[of] p2a: Magearna\n|\n|-weather|none\n|-heal|p2a: Magearna|34\/100|[from] item: Leftovers\n|-damage|p1a: Kratos|31\/100 tox|[from] psn\n|upkeep\n|turn|30\n|\n|t:|1697478303\n|move|p2a: Magearna|Volt Switch|p1a: Kratos\n|-damage|p1a: Kratos|26\/100 tox\n|\n|t:|1697478305\n|switch|p2a: Slowking|Slowking-Galar, M|100\/100|[from] Volt Switch\n|move|p1a: Kratos|Body Press|p2a: Slowking\n|-resisted|p2a: Slowking\n|-damage|p2a: Slowking|84\/100\n|\n|-damage|p1a: Kratos|0 fnt|[from] psn\n|faint|p1a: Kratos\n|upkeep\n|\n|t:|1697478311\n|switch|p1a: Pok\u00e9ball|Magearna-Original|100\/100\n|turn|31\n|\n|t:|1697478319\n|switch|p2a: Arceus|Arceus-Ice|100\/100\n|-damage|p2a: Arceus|88\/100|[from] Spikes\n|move|p1a: Pok\u00e9ball|Spikes|p2a: Arceus\n|-sidestart|p2: Acetraineraegis|Spikes\n|\n|upkeep\n|turn|32\n|\n|t:|1697478323\n|move|p1a: Pok\u00e9ball|Volt Switch|p2a: Arceus\n|-damage|p2a: Arceus|82\/100\n|\n|t:|1697478325\n|switch|p1a: Sif|Zacian, shiny|100\/100|[from] Volt Switch\n|-ability|p1a: Sif|Intrepid Sword|boost\n|-boost|p1a: Sif|atk|1\n|move|p2a: Arceus|Calm Mind|p2a: Arceus\n|-boost|p2a: Arceus|spa|1\n|-boost|p2a: Arceus|spd|1\n|\n|-sideend|p2: Acetraineraegis|move: Aurora Veil\n|upkeep\n|turn|33\n|\n|t:|1697478331\n|-terastallize|p2a: Arceus|Water\n|move|p2a: Arceus|Calm Mind|p2a: Arceus\n|-boost|p2a: Arceus|spa|1\n|-boost|p2a: Arceus|spd|1\n|move|p1a: Sif|Close Combat|p2a: Arceus\n|-damage|p2a: Arceus|27\/100\n|-unboost|p1a: Sif|def|1\n|-unboost|p1a: Sif|spd|1\n|-damage|p1a: Sif|91\/100|[from] item: Life Orb\n|\n|-fieldend|move: Trick Room\n|upkeep\n|turn|34\n|c|\u2606Laprasrules12|Opp I miscalced the tr\n|\n|t:|1697478340\n|move|p1a: Sif|Close Combat|p2a: Arceus\n|-damage|p2a: Arceus|0 fnt\n|-unboost|p1a: Sif|def|1\n|-unboost|p1a: Sif|spd|1\n|faint|p2a: Arceus\n|-damage|p1a: Sif|81\/100|[from] item: Life Orb\n|\n|upkeep\n|\n|t:|1697478342\n|switch|p2a: Slowking|Slowking-Galar, M|100\/100\n|turn|35\n|\n|t:|1697478346\n|move|p1a: Sif|Wild Charge|p2a: Slowking\n|-damage|p2a: Slowking|50\/100\n|-damage|p1a: Sif|66\/100|[from] Recoil\n|-damage|p1a: Sif|57\/100|[from] item: Life Orb\n|move|p2a: Slowking|Sludge Bomb|p1a: Sif\n|-supereffective|p1a: Sif\n|-damage|p1a: Sif|0 fnt\n|faint|p1a: Sif\n|\n|upkeep\n|\n|t:|1697478349\n|switch|p1a: The Horse|Palkia-Origin, shiny, tera:Fairy|51\/100\n|-ability|p1a: The Horse|Pressure\n|turn|36\n|\n|t:|1697478354\n|move|p1a: The Horse|Spacial Rend|p2a: Slowking\n|-damage|p2a: Slowking|0 fnt\n|faint|p2a: Slowking\n|\n|upkeep\n|\n|t:|1697478358\n|switch|p2a: Magearna|Magearna|34\/100\n|-damage|p2a: Magearna|17\/100|[from] Spikes\n|turn|37\n|c|\u2606Laprasrules12|Woah\n|c|\u2606Laprasrules12|GG\n|\n|t:|1697478362\n|move|p1a: The Horse|Flamethrower|p2a: Magearna\n|-supereffective|p2a: Magearna\n|-damage|p2a: Magearna|0 fnt\n|faint|p2a: Magearna\n|\n|win|Laprasrules12\n|c|\u2606Acetraineraegis|Gg\n","uploadtime":1697478370,"views":26,"p1id":"laprasrules12","p2id":"acetraineraegis","formatid":"gen9ubers","rating":0,"private":0,"password":""}