{"id":"gen9ubers-1970081727","p1":"Repoioo","p2":"Diex1000","format":"[Gen 9] Ubers","log":"|j|\u2606Repoioo\n|j|\u2606Diex1000\n|t:|1697592265\n|gametype|singles\n|player|p1|Repoioo|drayden|\n|player|p2|Diex1000|170|\n|teamsize|p1|6\n|teamsize|p2|6\n|gen|9\n|tier|[Gen 9] Ubers\n|rule|Sleep Clause Mod: Limit one foe put to sleep\n|rule|Species Clause: Limit one of each Pok\u00e9mon\n|rule|OHKO Clause: OHKO moves are banned\n|rule|Evasion Items Clause: Evasion items are banned\n|rule|Evasion Moves Clause: Evasion moves are banned\n|rule|Endless Battle Clause: Forcing endless battles is banned\n|rule|HP Percentage Mod: HP is shown in percentages\n|clearpoke\n|poke|p1|Grimmsnarl, M|\n|poke|p1|Torkoal, F|\n|poke|p1|Iron Treads|\n|poke|p1|Slither Wing|\n|poke|p1|Polteageist|\n|poke|p1|Samurott-Hisui, F|\n|poke|p2|Palafin, M|\n|poke|p2|Dragapult, M|\n|poke|p2|Enamorus, F|\n|poke|p2|Ceruledge, M|\n|poke|p2|Ting-Lu|\n|poke|p2|Forretress, M|\n|teampreview\n|\n|t:|1697592296\n|start\n|switch|p1a: Samurott|Samurott-Hisui, F|100\/100\n|switch|p2a: Ferrothorn Walmart|Forretress, M|100\/100\n|turn|1\n|\n|t:|1697592311\n|move|p1a: Samurott|Ceaseless Edge|p2a: Ferrothorn Walmart\n|-damage|p2a: Ferrothorn Walmart|78\/100\n|-damage|p1a: Samurott|84\/100|[from] item: Rocky Helmet|[of] p2a: Ferrothorn Walmart\n|-sidestart|p2: Diex1000|Spikes\n|move|p2a: Ferrothorn Walmart|Body Press|p1a: Samurott\n|-supereffective|p1a: Samurott\n|-damage|p1a: Samurott|0 fnt\n|faint|p1a: Samurott\n|\n|upkeep\n|\n|t:|1697592325\n|switch|p1a: Torkoal|Torkoal, F|100\/100\n|-weather|SunnyDay|[from] ability: Drought|[of] p1a: Torkoal\n|turn|2\n|\n|t:|1697592358\n|move|p2a: Ferrothorn Walmart|Volt Switch|p1a: Torkoal\n|-damage|p1a: Torkoal|86\/100\n|\n|t:|1697592361\n|switch|p2a: King-Gnu|Ting-Lu|100\/100|[from] Volt Switch\n|-damage|p2a: King-Gnu|88\/100|[from] Spikes\n|-ability|p2a: King-Gnu|Vessel of Ruin\n|move|p1a: Torkoal|Will-O-Wisp|p2a: King-Gnu\n|-status|p2a: King-Gnu|brn\n|\n|-weather|SunnyDay|[upkeep]\n|-heal|p2a: King-Gnu|94\/100 brn|[from] item: Leftovers\n|-damage|p2a: King-Gnu|88\/100 brn|[from] brn\n|upkeep\n|turn|3\n|\n|t:|1697592379\n|switch|p1a: Grimmsnarl|Grimmsnarl, M|100\/100\n|move|p2a: King-Gnu|Stealth Rock|p1a: Grimmsnarl\n|-sidestart|p1: Repoioo|move: Stealth Rock\n|\n|-weather|SunnyDay|[upkeep]\n|-heal|p2a: King-Gnu|94\/100 brn|[from] item: Leftovers\n|-damage|p2a: King-Gnu|88\/100 brn|[from] brn\n|upkeep\n|turn|4\n|\n|t:|1697592413\n|switch|p2a: Serperior Copycat|Enamorus, F|100\/100\n|move|p1a: Grimmsnarl|Play Rough|p2a: Serperior Copycat\n|-damage|p2a: Serperior Copycat|49\/100\n|\n|-weather|SunnyDay|[upkeep]\n|upkeep\n|turn|5\n|\n|t:|1697592426\n|switch|p1a: Iron Treads|Iron Treads|100\/100\n|-damage|p1a: Iron Treads|97\/100|[from] Stealth Rock\n|move|p2a: Serperior Copycat|Substitute|p2a: Serperior Copycat\n|-start|p2a: Serperior Copycat|Substitute\n|-damage|p2a: Serperior Copycat|24\/100\n|\n|-weather|SunnyDay|[upkeep]\n|upkeep\n|turn|6\n|\n|t:|1697592450\n|move|p2a: Serperior Copycat|Earth Power|p1a: Iron Treads\n|-supereffective|p1a: Iron Treads\n|-damage|p1a: Iron Treads|44\/100\n|-damage|p2a: Serperior Copycat|14\/100|[from] item: Life Orb\n|move|p1a: Iron Treads|Iron Head|p2a: Serperior Copycat\n|-supereffective|p2a: Serperior Copycat\n|-end|p2a: Serperior Copycat|Substitute\n|\n|-weather|none\n|upkeep\n|turn|7\n|\n|t:|1697592467\n|move|p2a: Serperior Copycat|Earth Power|p1a: Iron Treads\n|-supereffective|p1a: Iron Treads\n|-damage|p1a: Iron Treads|0 fnt\n|faint|p1a: Iron Treads\n|-end|p1a: Iron Treads|Quark Drive|[silent]\n|-damage|p2a: Serperior Copycat|4\/100|[from] item: Life Orb\n|\n|upkeep\n|\n|t:|1697592477\n|switch|p1a: Grimmsnarl|Grimmsnarl, M|100\/100\n|-damage|p1a: Grimmsnarl|88\/100|[from] Stealth Rock\n|turn|8\n|\n|t:|1697592490\n|move|p1a: Grimmsnarl|Taunt|p2a: Serperior Copycat\n|-start|p2a: Serperior Copycat|move: Taunt\n|move|p2a: Serperior Copycat|Moonblast|p1a: Grimmsnarl\n|-supereffective|p1a: Grimmsnarl\n|-damage|p1a: Grimmsnarl|0 fnt\n|faint|p1a: Grimmsnarl\n|-damage|p2a: Serperior Copycat|0 fnt|[from] item: Life Orb\n|faint|p2a: Serperior Copycat\n|\n|upkeep\n|\n|t:|1697592506\n|switch|p2a: Leviafin|Palafin, M, shiny|100\/100\n|switch|p1a: Torkoal|Torkoal, F|86\/100\n|-damage|p2a: Leviafin|88\/100|[from] Spikes\n|-weather|SunnyDay|[from] ability: Drought|[of] p1a: Torkoal\n|turn|9\n|\n|t:|1697592529\n|move|p2a: Leviafin|Flip Turn|p1a: Torkoal\n|-supereffective|p1a: Torkoal\n|-damage|p1a: Torkoal|68\/100\n|\n|t:|1697592537\n|detailschange|p2a: Leviafin|Palafin-Hero, M, shiny\n|switch|p2a: King-Gnu|Ting-Lu|88\/100 brn|[from] Flip Turn\n|-damage|p2a: King-Gnu|76\/100 brn|[from] Spikes\n|-ability|p2a: King-Gnu|Vessel of Ruin\n|move|p1a: Torkoal|Solar Beam||[still]\n|-prepare|p1a: Torkoal|Solar Beam\n|-anim|p1a: Torkoal|Solar Beam|p2a: King-Gnu\n|-supereffective|p2a: King-Gnu\n|-damage|p2a: King-Gnu|55\/100 brn\n|\n|-weather|SunnyDay|[upkeep]\n|-heal|p2a: King-Gnu|61\/100 brn|[from] item: Leftovers\n|-damage|p2a: King-Gnu|55\/100 brn|[from] brn\n|upkeep\n|turn|10\n|\n|t:|1697592570\n|switch|p1a: Slither Wing|Slither Wing|100\/100\n|-damage|p1a: Slither Wing|88\/100|[from] Stealth Rock\n|-activate|p1a: Slither Wing|ability: Protosynthesis\n|-start|p1a: Slither Wing|protosynthesisatk\n|move|p2a: King-Gnu|Spikes|p1a: Slither Wing\n|-sidestart|p1: Repoioo|Spikes\n|\n|-weather|SunnyDay|[upkeep]\n|-heal|p2a: King-Gnu|61\/100 brn|[from] item: Leftovers\n|-damage|p2a: King-Gnu|55\/100 brn|[from] brn\n|upkeep\n|turn|11\n|\n|t:|1697592608\n|switch|p2a: Ghostfreak|Dragapult, M|100\/100\n|-damage|p2a: Ghostfreak|88\/100|[from] Spikes\n|move|p1a: Slither Wing|Close Combat|p2a: Ghostfreak\n|-immune|p2a: Ghostfreak\n|\n|-weather|SunnyDay|[upkeep]\n|upkeep\n|turn|12\n|\n|t:|1697592629\n|-end|p1a: Slither Wing|Protosynthesis|[silent]\n|switch|p1a: Torkoal|Torkoal, F|68\/100\n|move|p2a: Ghostfreak|Dragon Darts|p1a: Torkoal\n|-damage|p1a: Torkoal|55\/100\n|-anim|p2a: Ghostfreak|Dragon Darts|p1a: Torkoal\n|-damage|p1a: Torkoal|40\/100\n|\n|-weather|SunnyDay|[upkeep]\n|upkeep\n|turn|13\n|\n|t:|1697592641\n|move|p2a: Ghostfreak|U-turn|p1a: Torkoal\n|-resisted|p1a: Torkoal\n|-damage|p1a: Torkoal|34\/100\n|\n|t:|1697592651\n|switch|p2a: King-Gnu|Ting-Lu|55\/100 brn|[from] U-turn\n|-damage|p2a: King-Gnu|42\/100 brn|[from] Spikes\n|-ability|p2a: King-Gnu|Vessel of Ruin\n|move|p1a: Torkoal|Will-O-Wisp|p2a: King-Gnu\n|-fail|p2a: King-Gnu|brn\n|\n|-weather|none\n|-heal|p2a: King-Gnu|48\/100 brn|[from] item: Leftovers\n|-damage|p2a: King-Gnu|42\/100 brn|[from] brn\n|upkeep\n|turn|14\n|\n|t:|1697592673\n|switch|p2a: Ferrothorn Walmart|Forretress, M|78\/100\n|-damage|p2a: Ferrothorn Walmart|65\/100|[from] Spikes\n|switch|p1a: Slither Wing|Slither Wing|88\/100\n|-damage|p1a: Slither Wing|75\/100|[from] Stealth Rock\n|-damage|p1a: Slither Wing|63\/100|[from] Spikes\n|\n|upkeep\n|turn|15\n|\n|t:|1697592691\n|move|p1a: Slither Wing|Flame Charge|p2a: Ferrothorn Walmart\n|-supereffective|p2a: Ferrothorn Walmart\n|-damage|p2a: Ferrothorn Walmart|1\/100\n|-boost|p1a: Slither Wing|spe|1\n|-damage|p1a: Slither Wing|46\/100|[from] item: Rocky Helmet|[of] p2a: Ferrothorn Walmart\n|move|p2a: Ferrothorn Walmart|Rapid Spin|p1a: Slither Wing\n|-damage|p1a: Slither Wing|33\/100\n|-boost|p2a: Ferrothorn Walmart|spe|1\n|-sideend|p2: Diex1000|Spikes|[from] move: Rapid Spin|[of] p2a: Ferrothorn Walmart\n|\n|upkeep\n|turn|16\n|\n|t:|1697592703\n|move|p1a: Slither Wing|Flame Charge|p2a: Ferrothorn Walmart\n|-supereffective|p2a: Ferrothorn Walmart\n|-damage|p2a: Ferrothorn Walmart|0 fnt\n|-boost|p1a: Slither Wing|spe|1\n|-damage|p1a: Slither Wing|17\/100|[from] item: Rocky Helmet|[of] p2a: Ferrothorn Walmart\n|faint|p2a: Ferrothorn Walmart\n|\n|upkeep\n|\n|t:|1697592718\n|switch|p2a: Hollow Knight|Ceruledge, M|100\/100\n|turn|17\n|\n|t:|1697592741\n|-end|p1a: Slither Wing|Protosynthesis|[silent]\n|switch|p1a: Torkoal|Torkoal, F|34\/100\n|-weather|SunnyDay|[from] ability: Drought|[of] p1a: Torkoal\n|move|p2a: Hollow Knight|Bitter Blade|p1a: Torkoal\n|-resisted|p1a: Torkoal\n|-damage|p1a: Torkoal|12\/100\n|\n|-weather|SunnyDay|[upkeep]\n|upkeep\n|turn|18\n|\n|t:|1697592750\n|move|p2a: Hollow Knight|Swords Dance|p2a: Hollow Knight\n|-boost|p2a: Hollow Knight|atk|2\n|move|p1a: Torkoal|Yawn|p2a: Hollow Knight\n|-start|p2a: Hollow Knight|move: Yawn|[of] p1a: Torkoal\n|\n|-weather|SunnyDay|[upkeep]\n|upkeep\n|turn|19\n|\n|t:|1697592762\n|switch|p2a: King-Gnu|Ting-Lu|42\/100 brn\n|-ability|p2a: King-Gnu|Vessel of Ruin\n|move|p1a: Torkoal|Solar Beam||[still]\n|-prepare|p1a: Torkoal|Solar Beam\n|-anim|p1a: Torkoal|Solar Beam|p2a: King-Gnu\n|-supereffective|p2a: King-Gnu\n|-damage|p2a: King-Gnu|21\/100 brn\n|\n|-weather|SunnyDay|[upkeep]\n|-heal|p2a: King-Gnu|27\/100 brn|[from] item: Leftovers\n|-damage|p2a: King-Gnu|21\/100 brn|[from] brn\n|upkeep\n|turn|20\n|\n|t:|1697592777\n|move|p2a: King-Gnu|Earthquake|p1a: Torkoal\n|-supereffective|p1a: Torkoal\n|-damage|p1a: Torkoal|0 fnt\n|faint|p1a: Torkoal\n|\n|-weather|SunnyDay|[upkeep]\n|-heal|p2a: King-Gnu|27\/100 brn|[from] item: Leftovers\n|-damage|p2a: King-Gnu|21\/100 brn|[from] brn\n|upkeep\n|\n|t:|1697592783\n|switch|p1a: Polteageist|Polteageist|100\/100\n|-damage|p1a: Polteageist|88\/100|[from] Stealth Rock\n|-damage|p1a: Polteageist|76\/100|[from] Spikes\n|turn|21\n|\n|t:|1697592816\n|-terastallize|p1a: Polteageist|Bug\n|move|p1a: Polteageist|Shell Smash|p1a: Polteageist\n|-unboost|p1a: Polteageist|def|1\n|-unboost|p1a: Polteageist|spd|1\n|-boost|p1a: Polteageist|atk|2\n|-boost|p1a: Polteageist|spa|2\n|-boost|p1a: Polteageist|spe|2\n|-enditem|p1a: Polteageist|White Herb\n|-clearnegativeboost|p1a: Polteageist|[silent]\n|move|p2a: King-Gnu|Earthquake|p1a: Polteageist\n|-resisted|p1a: Polteageist\n|-damage|p1a: Polteageist|60\/100\n|-ability|p1a: Polteageist|Weak Armor|boost\n|-unboost|p1a: Polteageist|def|1\n|-boost|p1a: Polteageist|spe|2\n|\n|-weather|none\n|-heal|p2a: King-Gnu|27\/100 brn|[from] item: Leftovers\n|-damage|p2a: King-Gnu|21\/100 brn|[from] brn\n|upkeep\n|turn|22\n|\n|t:|1697592839\n|move|p1a: Polteageist|Giga Drain|p2a: King-Gnu\n|-supereffective|p2a: King-Gnu\n|-damage|p2a: King-Gnu|0 fnt\n|-heal|p1a: Polteageist|79\/100|[from] drain|[of] p2a: King-Gnu\n|faint|p2a: King-Gnu\n|\n|upkeep\n|\n|t:|1697592900\n|switch|p2a: Leviafin|Palafin-Hero, M, shiny|88\/100\n|-activate|p2a: Leviafin|ability: Zero to Hero\n|turn|23\n|\n|t:|1697592908\n|move|p1a: Polteageist|Giga Drain|p2a: Leviafin\n|-supereffective|p2a: Leviafin\n|-damage|p2a: Leviafin|0 fnt\n|-heal|p1a: Polteageist|100\/100|[from] drain|[of] p2a: Leviafin\n|faint|p2a: Leviafin\n|\n|upkeep\n|\n|t:|1697592920\n|switch|p2a: Ghostfreak|Dragapult, M|88\/100\n|turn|24\n|\n|t:|1697592930\n|-terastallize|p2a: Ghostfreak|Steel\n|move|p1a: Polteageist|Shadow Ball|p2a: Ghostfreak\n|-damage|p2a: Ghostfreak|0 fnt\n|faint|p2a: Ghostfreak\n|\n|upkeep\n|\n|t:|1697592936\n|switch|p2a: Hollow Knight|Ceruledge, M|100\/100\n|turn|25\n|\n|t:|1697592940\n|move|p1a: Polteageist|Shadow Ball|p2a: Hollow Knight\n|-supereffective|p2a: Hollow Knight\n|-enditem|p2a: Hollow Knight|Focus Sash\n|-damage|p2a: Hollow Knight|1\/100\n|move|p2a: Hollow Knight|Poltergeist||[still]\n|-fail|p2a: Hollow Knight\n|\n|upkeep\n|turn|26\n|\n|t:|1697592962\n|move|p1a: Polteageist|Shadow Ball|p2a: Hollow Knight\n|-supereffective|p2a: Hollow Knight\n|-damage|p2a: Hollow Knight|0 fnt\n|faint|p2a: Hollow Knight\n|\n|win|Repoioo\n","uploadtime":1697593032,"views":11,"p1id":"repoioo","p2id":"diex1000","formatid":"gen9ubers","rating":0,"private":0,"password":""}