{"id":"gen9ubers-1982880708","p1":"PTREevee","p2":"Skeetlesquad","format":"[Gen 9] Ubers","log":"|j|\u2606PTREevee\n|j|\u2606Skeetlesquad\n|t:|1699054351\n|gametype|singles\n|player|p1|PTREevee|102|\n|player|p2|Skeetlesquad|harlequin|\n|teamsize|p1|6\n|teamsize|p2|6\n|gen|9\n|tier|[Gen 9] Ubers\n|rule|Sleep Clause Mod: Limit one foe put to sleep\n|rule|Species Clause: Limit one of each Pok\u00e9mon\n|rule|OHKO Clause: OHKO moves are banned\n|rule|Evasion Items Clause: Evasion items are banned\n|rule|Evasion Moves Clause: Evasion moves are banned\n|rule|Endless Battle Clause: Forcing endless battles is banned\n|rule|HP Percentage Mod: HP is shown in percentages\n|clearpoke\n|poke|p1|Basculegion, M|\n|poke|p1|Iron Bundle|\n|poke|p1|Pelipper, M|\n|poke|p1|Forretress, M|\n|poke|p1|Mudsdale, M|\n|poke|p1|Zapdos|\n|poke|p2|Meowscarada, F|\n|poke|p2|Mimikyu, F|\n|poke|p2|Tauros-Paldea-Blaze, M|\n|poke|p2|Golem-Alola, F|\n|poke|p2|Urshifu-*, F|\n|poke|p2|Eiscue, F|\n|teampreview\n|c|\u2606Skeetlesquad|Hey, I just text Mike and told him we are doing this\n|c|\u2606PTREevee|yeah same lol i think hes in a ow match\n|j| Zapdos Zappers\n|c| Zapdos Zappers|Good luck gents\n|c|\u2606Skeetlesquad|Should we wait or start\n|c|\u2606PTREevee|uh\n|c|\u2606PTREevee|prob wait a bit anyway\n|l| Zapdos Zappers\n|j| Talonflameredwings\n|c|\u2606PTREevee|there he is\n|c| Talonflameredwings|giver bys. just in a match here now\n|c|\u2606Skeetlesquad|ask and you shall receive\n|c| Talonflameredwings|i can grab the link after.\n|c|\u2606PTREevee|kk\n|c|\u2606PTREevee|gl iain\n|c|\u2606Skeetlesquad|GL\n|\n|t:|1699054652\n|start\n|switch|p1a: Pelipper|Pelipper, M, shiny|100\/100\n|switch|p2a: Meowscarada|Meowscarada, F|100\/100\n|-weather|RainDance|[from] ability: Drizzle|[of] p1a: Pelipper\n|turn|1\n|c| Talonflameredwings|keep the window open after in case something goes wrong? thanks!\n|j| Zapdos Zappers\n|\n|t:|1699054699\n|switch|p2a: Golem|Golem-Alola, F|100\/100\n|move|p1a: Pelipper|U-turn|p2a: Golem\n|-damage|p2a: Golem|95\/100\n|\n|t:|1699054737\n|switch|p1a: Basculegion|Basculegion, M, shiny|100\/100|[from] U-turn\n|\n|-weather|RainDance|[upkeep]\n|-heal|p2a: Golem|100\/100|[from] item: Leftovers\n|upkeep\n|turn|2\n|\n|t:|1699054746\n|move|p1a: Basculegion|Wave Crash|p2a: Golem\n|-supereffective|p2a: Golem\n|-ability|p2a: Golem|Sturdy\n|-damage|p2a: Golem|1\/100\n|-damage|p1a: Basculegion|69\/100|[from] Recoil\n|move|p2a: Golem|Discharge|p1a: Basculegion\n|-supereffective|p1a: Basculegion\n|-damage|p1a: Basculegion|35\/100\n|\n|-weather|RainDance|[upkeep]\n|-heal|p2a: Golem|7\/100|[from] item: Leftovers\n|upkeep\n|turn|3\n|\n|t:|1699054785\n|move|p1a: Basculegion|Wave Crash|p2a: Golem\n|-supereffective|p2a: Golem\n|-damage|p2a: Golem|0 fnt\n|faint|p2a: Golem\n|-damage|p1a: Basculegion|33\/100|[from] Recoil\n|\n|-weather|RainDance|[upkeep]\n|upkeep\n|\n|t:|1699054796\n|switch|p2a: Mimikyu|Mimikyu, F, shiny|100\/100\n|turn|4\n|\n|t:|1699054832\n|switch|p1a: Mudsdale|Mudsdale, M|100\/100\n|move|p2a: Mimikyu|Swords Dance|p2a: Mimikyu\n|-boost|p2a: Mimikyu|atk|2\n|\n|-weather|RainDance|[upkeep]\n|upkeep\n|turn|5\n|\n|t:|1699054874\n|move|p2a: Mimikyu|Play Rough|p1a: Mudsdale\n|-damage|p1a: Mudsdale|42\/100\n|-ability|p1a: Mudsdale|Stamina|boost\n|-boost|p1a: Mudsdale|def|1\n|-damage|p2a: Mimikyu|91\/100|[from] item: Life Orb\n|move|p1a: Mudsdale|Roar|p2a: Mimikyu\n|drag|p2a: Tauros|Tauros-Paldea-Blaze, M|100\/100\n|\n|-weather|RainDance|[upkeep]\n|-heal|p1a: Mudsdale|49\/100|[from] item: Leftovers\n|upkeep\n|turn|6\n|j| Crabbrawlers\n|j| FerrothornFembots\n|c| FerrothornFembots|HeyyO!\n|c| FerrothornFembots|GLHV\n|\n|t:|1699054959\n|move|p2a: Tauros|Close Combat|p1a: Mudsdale\n|-damage|p1a: Mudsdale|24\/100\n|-unboost|p2a: Tauros|def|1\n|-unboost|p2a: Tauros|spd|1\n|-ability|p1a: Mudsdale|Stamina|boost\n|-boost|p1a: Mudsdale|def|1\n|move|p1a: Mudsdale|Stealth Rock|p2a: Tauros\n|-sidestart|p2: Skeetlesquad|move: Stealth Rock\n|\n|-weather|RainDance|[upkeep]\n|-heal|p1a: Mudsdale|30\/100|[from] item: Leftovers\n|upkeep\n|turn|7\n|\n|t:|1699054999\n|move|p2a: Tauros|Flare Blitz|p1a: Mudsdale\n|-damage|p1a: Mudsdale|22\/100\n|-ability|p1a: Mudsdale|Stamina|boost\n|-boost|p1a: Mudsdale|def|1\n|-damage|p2a: Tauros|97\/100|[from] Recoil\n|move|p1a: Mudsdale|Earthquake|p2a: Tauros\n|-supereffective|p2a: Tauros\n|-damage|p2a: Tauros|0 fnt\n|faint|p2a: Tauros\n|\n|-weather|RainDance|[upkeep]\n|-heal|p1a: Mudsdale|28\/100|[from] item: Leftovers\n|upkeep\n|\n|t:|1699055018\n|switch|p2a: Urshifu|Urshifu-Rapid-Strike, F|100\/100\n|-damage|p2a: Urshifu|94\/100|[from] Stealth Rock\n|turn|8\n|\n|t:|1699055086\n|switch|p1a: Forretress|Forretress, M|100\/100\n|move|p2a: Urshifu|Ice Punch|p1a: Forretress\n|-resisted|p1a: Forretress\n|-damage|p1a: Forretress|93\/100\n|-status|p1a: Forretress|frz\n|-damage|p2a: Urshifu|78\/100|[from] item: Rocky Helmet|[of] p1a: Forretress\n|\n|-weather|none\n|upkeep\n|turn|9\n|\n|t:|1699055184\n|switch|p2a: Meowscarada|Meowscarada, F|100\/100\n|-damage|p2a: Meowscarada|88\/100|[from] Stealth Rock\n|cant|p1a: Forretress|frz\n|\n|upkeep\n|turn|10\n|\n|t:|1699055228\n|move|p2a: Meowscarada|Knock Off|p1a: Forretress\n|-damage|p1a: Forretress|73\/100 frz\n|-damage|p2a: Meowscarada|72\/100|[from] item: Rocky Helmet|[of] p1a: Forretress\n|-enditem|p1a: Forretress|Rocky Helmet|[from] move: Knock Off|[of] p2a: Meowscarada\n|cant|p1a: Forretress|frz\n|\n|upkeep\n|turn|11\n|\n|t:|1699055246\n|move|p2a: Meowscarada|Spikes|p1a: Forretress\n|-sidestart|p1: PTREevee|Spikes\n|cant|p1a: Forretress|frz\n|\n|upkeep\n|turn|12\n|\n|t:|1699055273\n|move|p2a: Meowscarada|Leaf Storm|p1a: Forretress\n|-resisted|p1a: Forretress\n|-damage|p1a: Forretress|55\/100 frz\n|-unboost|p2a: Meowscarada|spa|2\n|cant|p1a: Forretress|frz\n|\n|upkeep\n|turn|13\n|\n|t:|1699055296\n|move|p2a: Meowscarada|Leaf Storm|p1a: Forretress\n|-resisted|p1a: Forretress\n|-damage|p1a: Forretress|45\/100 frz\n|-unboost|p2a: Meowscarada|spa|2\n|-curestatus|p1a: Forretress|frz|[msg]\n|move|p1a: Forretress|Toxic Spikes|p2a: Meowscarada\n|-sidestart|p2: Skeetlesquad|move: Toxic Spikes\n|\n|upkeep\n|turn|14\n|\n|t:|1699055316\n|move|p2a: Meowscarada|Leaf Storm|p1a: Forretress\n|-resisted|p1a: Forretress\n|-damage|p1a: Forretress|39\/100\n|-unboost|p2a: Meowscarada|spa|2\n|move|p1a: Forretress|Rapid Spin|p2a: Meowscarada\n|-damage|p2a: Meowscarada|54\/100\n|-boost|p1a: Forretress|spe|1\n|-sideend|p1: PTREevee|Spikes|[from] move: Rapid Spin|[of] p1a: Forretress\n|\n|upkeep\n|turn|15\n|\n|t:|1699055327\n|move|p2a: Meowscarada|Brick Break|p1a: Forretress\n|-damage|p1a: Forretress|28\/100\n|move|p1a: Forretress|Toxic Spikes|p2a: Meowscarada\n|-sidestart|p2: Skeetlesquad|move: Toxic Spikes\n|\n|upkeep\n|turn|16\n|\n|t:|1699055342\n|move|p2a: Meowscarada|Brick Break|p1a: Forretress\n|-damage|p1a: Forretress|18\/100\n|move|p1a: Forretress|Volt Switch|p2a: Meowscarada\n|-resisted|p2a: Meowscarada\n|-crit|p2a: Meowscarada\n|-damage|p2a: Meowscarada|40\/100\n|\n|t:|1699055351\n|switch|p1a: Zapdos|Zapdos, shiny|100\/100|[from] Volt Switch\n|\n|upkeep\n|turn|17\n|\n|t:|1699055389\n|move|p2a: Meowscarada|Knock Off|p1a: Zapdos\n|-damage|p1a: Zapdos|57\/100\n|-status|p2a: Meowscarada|par|[from] ability: Static|[of] p1a: Zapdos\n|-enditem|p1a: Zapdos|Heavy-Duty Boots|[from] move: Knock Off|[of] p2a: Meowscarada\n|move|p1a: Zapdos|Hurricane|p2a: Meowscarada|[miss]\n|-miss|p1a: Zapdos|p2a: Meowscarada\n|\n|upkeep\n|turn|18\n|\n|t:|1699055427\n|move|p1a: Zapdos|Tailwind|p1a: Zapdos\n|-sidestart|p1: PTREevee|move: Tailwind\n|move|p2a: Meowscarada|Knock Off|p1a: Zapdos\n|-damage|p1a: Zapdos|25\/100\n|\n|upkeep\n|turn|19\n|\n|t:|1699055444\n|move|p1a: Zapdos|Heat Wave|p2a: Meowscarada\n|-supereffective|p2a: Meowscarada\n|-damage|p2a: Meowscarada|0 fnt\n|faint|p2a: Meowscarada\n|\n|upkeep\n|\n|t:|1699055448\n|switch|p2a: Mimikyu|Mimikyu, F, shiny|91\/100\n|-damage|p2a: Mimikyu|78\/100|[from] Stealth Rock\n|-status|p2a: Mimikyu|tox\n|turn|20\n|\n|t:|1699055466\n|move|p1a: Zapdos|Heat Wave|p2a: Mimikyu|[miss]\n|-miss|p1a: Zapdos|p2a: Mimikyu\n|move|p2a: Mimikyu|Shadow Ball|p1a: Zapdos\n|-damage|p1a: Zapdos|4\/100\n|-damage|p2a: Mimikyu|68\/100 tox|[from] item: Life Orb\n|\n|-damage|p2a: Mimikyu|62\/100 tox|[from] psn\n|upkeep\n|turn|21\n|\n|t:|1699055477\n|move|p1a: Zapdos|Heat Wave|p2a: Mimikyu\n|-activate|p2a: Mimikyu|ability: Disguise\n|-damage|p2a: Mimikyu|62\/100 tox\n|detailschange|p2a: Mimikyu|Mimikyu-Busted, F, shiny\n|-damage|p2a: Mimikyu|50\/100 tox|[from] pokemon: Mimikyu-Busted\n|move|p2a: Mimikyu|Shadow Ball|p1a: Zapdos\n|-damage|p1a: Zapdos|0 fnt\n|faint|p1a: Zapdos\n|-damage|p2a: Mimikyu|40\/100 tox|[from] item: Life Orb\n|\n|-damage|p2a: Mimikyu|28\/100 tox|[from] psn\n|-sideend|p1: PTREevee|move: Tailwind\n|upkeep\n|\n|t:|1699055496\n|switch|p1a: Pelipper|Pelipper, M, shiny|100\/100\n|-weather|RainDance|[from] ability: Drizzle|[of] p1a: Pelipper\n|turn|22\n|\n|t:|1699055522\n|move|p2a: Mimikyu|Play Rough|p1a: Pelipper\n|-damage|p1a: Pelipper|59\/100\n|-unboost|p1a: Pelipper|atk|1\n|-damage|p2a: Mimikyu|18\/100 tox|[from] item: Life Orb\n|move|p1a: Pelipper|U-turn|p2a: Mimikyu\n|-resisted|p2a: Mimikyu\n|-damage|p2a: Mimikyu|16\/100 tox\n|\n|t:|1699055530\n|switch|p1a: Iron Bundle|Iron Bundle|100\/100|[from] U-turn\n|\n|-weather|RainDance|[upkeep]\n|-damage|p2a: Mimikyu|0 fnt|[from] psn\n|faint|p2a: Mimikyu\n|upkeep\n|\n|t:|1699055560\n|switch|p2a: Urshifu|Urshifu-Rapid-Strike, F|78\/100\n|-damage|p2a: Urshifu|72\/100|[from] Stealth Rock\n|-status|p2a: Urshifu|tox\n|turn|23\n|\n|t:|1699055584\n|move|p2a: Urshifu|Close Combat|p1a: Iron Bundle\n|-supereffective|p1a: Iron Bundle\n|-damage|p1a: Iron Bundle|0 fnt\n|-unboost|p2a: Urshifu|def|1\n|-unboost|p2a: Urshifu|spd|1\n|faint|p1a: Iron Bundle\n|-end|p1a: Iron Bundle|Quark Drive|[silent]\n|\n|-weather|RainDance|[upkeep]\n|-damage|p2a: Urshifu|66\/100 tox|[from] psn\n|upkeep\n|\n|t:|1699055630\n|switch|p1a: Forretress|Forretress, M|18\/100\n|turn|24\n|\n|t:|1699055651\n|move|p2a: Urshifu|Close Combat|p1a: Forretress\n|-damage|p1a: Forretress|0 fnt\n|-unboost|p2a: Urshifu|def|1\n|-unboost|p2a: Urshifu|spd|1\n|faint|p1a: Forretress\n|\n|-weather|RainDance|[upkeep]\n|-damage|p2a: Urshifu|53\/100 tox|[from] psn\n|upkeep\n|\n|t:|1699055661\n|switch|p1a: Basculegion|Basculegion, M, shiny|33\/100\n|turn|25\n|\n|t:|1699055667\n|move|p1a: Basculegion|Last Respects|p2a: Urshifu\n|-damage|p2a: Urshifu|0 fnt\n|faint|p2a: Urshifu\n|\n|-weather|RainDance|[upkeep]\n|upkeep\n|\n|t:|1699055672\n|switch|p2a: Eiscue|Eiscue, F|100\/100\n|-damage|p2a: Eiscue|76\/100|[from] Stealth Rock\n|-status|p2a: Eiscue|tox\n|turn|26\n|\n|t:|1699055691\n|move|p1a: Basculegion|Last Respects|p2a: Eiscue\n|-activate|p2a: Eiscue|ability: Ice Face\n|-damage|p2a: Eiscue|76\/100 tox\n|detailschange|p2a: Eiscue|Eiscue-Noice, F\n|move|p2a: Eiscue|Belly Drum|p2a: Eiscue\n|-damage|p2a: Eiscue|26\/100 tox\n|-setboost|p2a: Eiscue|atk|6|[from] move: Belly Drum\n|-enditem|p2a: Eiscue|Sitrus Berry|[eat]\n|-heal|p2a: Eiscue|51\/100 tox|[from] item: Sitrus Berry\n|\n|-weather|RainDance|[upkeep]\n|-damage|p2a: Eiscue|44\/100 tox|[from] psn\n|upkeep\n|turn|27\n|\n|t:|1699055732\n|move|p1a: Basculegion|Last Respects|p2a: Eiscue\n|-damage|p2a: Eiscue|0 fnt\n|faint|p2a: Eiscue\n|\n|win|PTREevee\n|c| FerrothornFembots|GG guy\n|c| FerrothornFembots|guys\n|c|\u2606Skeetlesquad|GG!\n|c|\u2606PTREevee|gg!\n|c| Zapdos Zappers|Gg\n|c| Talonflameredwings|gg\n","uploadtime":1699055761,"views":15,"p1id":"ptreevee","p2id":"skeetlesquad","formatid":"gen9ubers","rating":0,"private":0,"password":""}