{"id":"gen9ubers-1974403174","p1":"mega qy","p2":"2vfish Staller","format":"[Gen 9] Ubers","log":"|j|\u2606mega qy\n|j|\u26062vfish Staller\n|t:|1698084196\n|gametype|singles\n|player|p1|mega qy|lusamine-nihilego|\n|player|p2|2vfish Staller|red|\n|teamsize|p1|6\n|teamsize|p2|6\n|gen|9\n|tier|[Gen 9] Ubers\n|rated|Tournament battle\n|rule|Sleep Clause Mod: Limit one foe put to sleep\n|rule|Species Clause: Limit one of each Pok\u00e9mon\n|rule|OHKO Clause: OHKO moves are banned\n|rule|Evasion Items Clause: Evasion items are banned\n|rule|Evasion Moves Clause: Evasion moves are banned\n|rule|Endless Battle Clause: Forcing endless battles is banned\n|rule|HP Percentage Mod: HP is shown in percentages\n|clearpoke\n|poke|p1|Hatterene, F|\n|poke|p1|Calyrex-Ice|\n|poke|p1|Cresselia, F|\n|poke|p1|Arceus-Fairy|\n|poke|p1|Hoopa-Unbound|\n|poke|p1|Ursaluna-Bloodmoon, M|\n|poke|p2|Hatterene, F|\n|poke|p2|Kingambit, F|\n|poke|p2|Calyrex-Ice|\n|poke|p2|Ursaluna, M|\n|poke|p2|Koraidon|\n|poke|p2|Arceus-Water|\n|teampreview\n|c|\u26062vfish Staller|glgl\n|c|\u26062vfish Staller|oo\n|inactive|Battle timer is ON: inactive players will automatically lose when time's up. (requested by mega qy)\n|\n|t:|1698084220\n|start\n|switch|p1a: \u8fd9\u4e2a\u4e16\u754c\u5371\u5728\u65e6\u5915|Hoopa-Unbound|100\/100\n|switch|p2a: Calyrex|Calyrex-Ice|100\/100\n|-ability|p2a: Calyrex|As One\n|-ability|p2a: Calyrex|Unnerve\n|turn|1\n|c|\u2606mega qy|glhf\n|\n|t:|1698084248\n|-terastallize|p2a: Calyrex|Fire\n|move|p1a: \u8fd9\u4e2a\u4e16\u754c\u5371\u5728\u65e6\u5915|Hyperspace Fury|p2a: Calyrex\n|-damage|p2a: Calyrex|63\/100\n|-unboost|p1a: \u8fd9\u4e2a\u4e16\u754c\u5371\u5728\u65e6\u5915|def|1\n|move|p2a: Calyrex|Glacial Lance|p1a: \u8fd9\u4e2a\u4e16\u754c\u5371\u5728\u65e6\u5915\n|-enditem|p1a: \u8fd9\u4e2a\u4e16\u754c\u5371\u5728\u65e6\u5915|Focus Sash\n|-damage|p1a: \u8fd9\u4e2a\u4e16\u754c\u5371\u5728\u65e6\u5915|1\/100\n|-damage|p2a: Calyrex|53\/100|[from] item: Life Orb\n|\n|upkeep\n|turn|2\n|c|\u26062vfish Staller|oo nice sets\n|inactive|mega qy has 120 seconds left.\n|\n|t:|1698084280\n|move|p1a: \u8fd9\u4e2a\u4e16\u754c\u5371\u5728\u65e6\u5915|Gunk Shot|p2a: Calyrex\n|-damage|p2a: Calyrex|20\/100\n|-item|p1a: \u8fd9\u4e2a\u4e16\u754c\u5371\u5728\u65e6\u5915|Life Orb|[from] ability: Magician|[of] p2a: Calyrex\n|move|p2a: Calyrex|Glacial Lance|p1a: \u8fd9\u4e2a\u4e16\u754c\u5371\u5728\u65e6\u5915\n|-damage|p1a: \u8fd9\u4e2a\u4e16\u754c\u5371\u5728\u65e6\u5915|0 fnt\n|faint|p1a: \u8fd9\u4e2a\u4e16\u754c\u5371\u5728\u65e6\u5915\n|-ability|p2a: Calyrex|Chilling Neigh|boost\n|-boost|p2a: Calyrex|atk|1\n|\n|upkeep\n|inactive|mega qy has 120 seconds left.\n|\n|t:|1698084298\n|switch|p1a: Ursaluna|Ursaluna-Bloodmoon, M|100\/100\n|turn|3\n|j| LennyFielding\n|l| LennyFielding\n|inactive|2vfish Staller has 120 seconds left.\n|\n|t:|1698084343\n|switch|p2a: Ursaluna|Ursaluna, M|100\/100\n|move|p1a: Ursaluna|Earth Power|p2a: Ursaluna\n|-damage|p2a: Ursaluna|44\/100\n|-damage|p1a: Ursaluna|90\/100|[from] item: Life Orb\n|\n|-status|p2a: Ursaluna|brn|[from] item: Flame Orb\n|upkeep\n|turn|4\n|inactive|mega qy has 90 seconds left.\n|\n|t:|1698084375\n|move|p1a: Ursaluna|Vacuum Wave|p2a: Ursaluna\n|-supereffective|p2a: Ursaluna\n|-damage|p2a: Ursaluna|7\/100 brn\n|-damage|p1a: Ursaluna|80\/100|[from] item: Life Orb\n|move|p2a: Ursaluna|Facade|p1a: Ursaluna\n|-damage|p1a: Ursaluna|0 fnt\n|faint|p1a: Ursaluna\n|\n|-damage|p2a: Ursaluna|0 fnt|[from] brn\n|faint|p2a: Ursaluna\n|upkeep\n|inactive|mega qy has 90 seconds left.\n|\n|t:|1698084398\n|switch|p2a: Hatterene|Hatterene, F|100\/100\n|switch|p1a: \u6bcf\u5929\u90fd\u8981\u727a\u7272\u4e00\u767e\u904d|Hatterene, F|100\/100\n|turn|5\n|\n|t:|1698084405\n|move|p2a: Hatterene|Healing Wish|p2a: Hatterene\n|faint|p2a: Hatterene\n|move|p1a: \u6bcf\u5929\u90fd\u8981\u727a\u7272\u4e00\u767e\u904d|Psychic|p2: Hatterene|[notarget]\n|-fail|p1a: \u6bcf\u5929\u90fd\u8981\u727a\u7272\u4e00\u767e\u904d\n|\n|upkeep\n|inactive|2vfish Staller has 90 seconds left.\n|\n|t:|1698084444\n|switch|p2a: Calyrex|Calyrex-Ice, tera:Fire|20\/100\n|-ability|p2a: Calyrex|As One\n|-ability|p2a: Calyrex|Unnerve\n|-heal|p2a: Calyrex|100\/100|[from] move: Healing Wish\n|turn|6\n|\n|t:|1698084454\n|move|p2a: Calyrex|Glacial Lance|p1a: \u6bcf\u5929\u90fd\u8981\u727a\u7272\u4e00\u767e\u904d\n|-damage|p1a: \u6bcf\u5929\u90fd\u8981\u727a\u7272\u4e00\u767e\u904d|5\/100\n|move|p1a: \u6bcf\u5929\u90fd\u8981\u727a\u7272\u4e00\u767e\u904d|Trick Room|p1a: \u6bcf\u5929\u90fd\u8981\u727a\u7272\u4e00\u767e\u904d\n|-fieldstart|move: Trick Room|[of] p1a: \u6bcf\u5929\u90fd\u8981\u727a\u7272\u4e00\u767e\u904d\n|\n|upkeep\n|turn|7\n|inactive|2vfish Staller has 90 seconds left.\n|inactive|2vfish Staller has 60 seconds left.\n|\n|t:|1698084509\n|move|p1a: \u6bcf\u5929\u90fd\u8981\u727a\u7272\u4e00\u767e\u904d|Misty Explosion|p2a: Calyrex\n|-resisted|p2a: Calyrex\n|-damage|p2a: Calyrex|81\/100\n|faint|p1a: \u6bcf\u5929\u90fd\u8981\u727a\u7272\u4e00\u767e\u904d\n|move|p2a: Calyrex|Glacial Lance|p1: \u6bcf\u5929\u90fd\u8981\u727a\u7272\u4e00\u767e\u904d|[notarget]\n|-fail|p2a: Calyrex\n|\n|upkeep\n|\n|t:|1698084514\n|switch|p1a: \u6211\u8981\u51b0\u5c01\u8fd9\u4e2a\u4e16\u754c|Calyrex-Ice|100\/100\n|-ability|p1a: \u6211\u8981\u51b0\u5c01\u8fd9\u4e2a\u4e16\u754c|As One\n|-ability|p1a: \u6211\u8981\u51b0\u5c01\u8fd9\u4e2a\u4e16\u754c|Unnerve\n|turn|8\n|inactive|mega qy has 120 seconds left.\n|\n|t:|1698084534\n|switch|p2a: Arceus|Arceus-Water|100\/100\n|move|p1a: \u6211\u8981\u51b0\u5c01\u8fd9\u4e2a\u4e16\u754c|High Horsepower|p2a: Arceus\n|-damage|p2a: Arceus|60\/100\n|\n|upkeep\n|turn|9\n|\n|t:|1698084543\n|move|p1a: \u6211\u8981\u51b0\u5c01\u8fd9\u4e2a\u4e16\u754c|High Horsepower|p2a: Arceus\n|-damage|p2a: Arceus|19\/100\n|move|p2a: Arceus|Recover|p2a: Arceus\n|-heal|p2a: Arceus|69\/100\n|\n|upkeep\n|turn|10\n|inactive|2vfish Staller has 30 seconds left.\n|inactive|2vfish Staller has 20 seconds left.\n|inactive|2vfish Staller has 15 seconds left.\n|inactive|2vfish Staller has 10 seconds left.\n|\n|t:|1698084590\n|move|p1a: \u6211\u8981\u51b0\u5c01\u8fd9\u4e2a\u4e16\u754c|High Horsepower|p2a: Arceus\n|-damage|p2a: Arceus|26\/100\n|move|p2a: Arceus|Recover|p2a: Arceus\n|-heal|p2a: Arceus|76\/100\n|\n|-fieldend|move: Trick Room\n|upkeep\n|turn|11\n|inactive|2vfish Staller has 20 seconds left this turn.\n|\n|t:|1698084597\n|move|p2a: Arceus|Stealth Rock|p1a: \u6211\u8981\u51b0\u5c01\u8fd9\u4e2a\u4e16\u754c\n|-sidestart|p1: mega qy|move: Stealth Rock\n|move|p1a: \u6211\u8981\u51b0\u5c01\u8fd9\u4e2a\u4e16\u754c|High Horsepower|p2a: Arceus\n|-damage|p2a: Arceus|36\/100\n|\n|upkeep\n|turn|12\n|inactive|2vfish Staller has 30 seconds left this turn.\n|inactive|2vfish Staller has 20 seconds left.\n|inactive|2vfish Staller has 15 seconds left.\n|\n|t:|1698084614\n|move|p2a: Arceus|Recover|p2a: Arceus\n|-heal|p2a: Arceus|86\/100\n|move|p1a: \u6211\u8981\u51b0\u5c01\u8fd9\u4e2a\u4e16\u754c|High Horsepower|p2a: Arceus\n|-damage|p2a: Arceus|46\/100\n|\n|upkeep\n|turn|13\n|inactive|2vfish Staller has 25 seconds left this turn.\n|inactive|2vfish Staller has 20 seconds left.\n|inactive|2vfish Staller has 15 seconds left.\n|inactive|2vfish Staller has 10 seconds left.\n|\n|t:|1698084630\n|move|p2a: Arceus|Recover|p2a: Arceus\n|-heal|p2a: Arceus|96\/100\n|move|p1a: \u6211\u8981\u51b0\u5c01\u8fd9\u4e2a\u4e16\u754c|High Horsepower|p2a: Arceus\n|-damage|p2a: Arceus|49\/100\n|\n|upkeep\n|turn|14\n|inactive|2vfish Staller has 20 seconds left this turn.\n|inactive|2vfish Staller has 15 seconds left.\n|\n|t:|1698084636\n|switch|p2a: Koraidon|Koraidon|100\/100\n|-weather|SunnyDay|[from] ability: Orichalcum Pulse|[of] p2a: Koraidon\n|-activate|p2a: Koraidon|Orichalcum Pulse|[source]\n|move|p1a: \u6211\u8981\u51b0\u5c01\u8fd9\u4e2a\u4e16\u754c|High Horsepower|p2a: Koraidon\n|-damage|p2a: Koraidon|38\/100\n|\n|-weather|SunnyDay|[upkeep]\n|upkeep\n|turn|15\n|inactive|2vfish Staller has 25 seconds left this turn.\n|\n|t:|1698084645\n|switch|p1a: 720\u5c31\u662f\u53ef\u4ee5\u4e3a\u6240\u6b32\u4e3a|Arceus-Fairy|100\/100\n|-damage|p1a: 720\u5c31\u662f\u53ef\u4ee5\u4e3a\u6240\u6b32\u4e3a|88\/100|[from] Stealth Rock\n|move|p2a: Koraidon|Flare Blitz|p1a: 720\u5c31\u662f\u53ef\u4ee5\u4e3a\u6240\u6b32\u4e3a\n|-damage|p1a: 720\u5c31\u662f\u53ef\u4ee5\u4e3a\u6240\u6b32\u4e3a|42\/100\n|-damage|p2a: Koraidon|18\/100|[from] Recoil\n|\n|-weather|SunnyDay|[upkeep]\n|upkeep\n|turn|16\n|inactive|2vfish Staller has 30 seconds left.\n|inactive|2vfish Staller has 20 seconds left.\n|inactive|2vfish Staller has 15 seconds left.\n|inactive|2vfish Staller has 10 seconds left.\n|inactive|2vfish Staller has 5 seconds left.\n|-message|2vfish Staller lost due to inactivity.\n|\n|win|mega qy\n|n|\u2606mega qy|megaqy\n|n|\u26062vfish Staller|2vfishstaller\n","uploadtime":1698084682,"views":8,"p1id":"megaqy","p2id":"2vfishstaller","formatid":"gen9ubers","rating":0,"private":0,"password":""}