{"id":"gen9ubers-1971606104","p1":"Underhours","p2":"ooga booga awooga","format":"[Gen 9] Ubers","log":"|j|\u2606Underhours\n|j|\u2606ooga booga awooga\n|t:|1697752682\n|gametype|singles\n|player|p1|Underhours|brock-gen2|\n|player|p2|ooga booga awooga|saguaro|\n|teamsize|p1|6\n|teamsize|p2|6\n|gen|9\n|tier|[Gen 9] Ubers\n|rule|Sleep Clause Mod: Limit one foe put to sleep\n|rule|Species Clause: Limit one of each Pok\u00e9mon\n|rule|OHKO Clause: OHKO moves are banned\n|rule|Evasion Items Clause: Evasion items are banned\n|rule|Evasion Moves Clause: Evasion moves are banned\n|rule|Endless Battle Clause: Forcing endless battles is banned\n|rule|HP Percentage Mod: HP is shown in percentages\n|clearpoke\n|poke|p1|Zacian-*|\n|poke|p1|Hatterene, F|\n|poke|p1|Basculegion-F, F|\n|poke|p1|Chi-Yu|\n|poke|p1|Arceus-Poison|\n|poke|p1|Gholdengo|\n|poke|p2|Landorus, M|\n|poke|p2|Urshifu-*, M|\n|poke|p2|Giratina|\n|poke|p2|Arceus-Poison|\n|poke|p2|Blissey, F|\n|poke|p2|Samurott-Hisui, F|\n|teampreview\n|inactive|Battle timer is ON: inactive players will automatically lose when time's up. (requested by ooga booga awooga)\n|c|\u2606ooga booga awooga|glhf\n|c|\u2606Underhours|u2\n|inactive|Underhours has 270 seconds left.\n|\n|t:|1697752716\n|start\n|switch|p1a: Arceus|Arceus-Poison|100\/100\n|switch|p2a: Samurott|Samurott-Hisui, F|100\/100\n|turn|1\n|\n|t:|1697752730\n|move|p2a: Samurott|Ceaseless Edge|p1a: Arceus\n|-damage|p1a: Arceus|80\/100\n|-sidestart|p1: Underhours|Spikes\n|move|p1a: Arceus|Sludge Bomb|p2a: Samurott\n|-damage|p2a: Samurott|31\/100\n|\n|upkeep\n|turn|2\n|\n|t:|1697752755\n|move|p2a: Samurott|Ceaseless Edge|p1a: Arceus\n|-damage|p1a: Arceus|59\/100\n|-sidestart|p1: Underhours|Spikes\n|move|p1a: Arceus|Stealth Rock|p2a: Samurott\n|-sidestart|p2: ooga booga awooga|move: Stealth Rock\n|\n|upkeep\n|turn|3\n|\n|t:|1697752765\n|move|p2a: Samurott|Razor Shell|p1a: Arceus\n|-damage|p1a: Arceus|31\/100\n|move|p1a: Arceus|Sludge Bomb|p2a: Samurott\n|-damage|p2a: Samurott|0 fnt\n|faint|p2a: Samurott\n|\n|upkeep\n|\n|t:|1697752777\n|switch|p2a: Blissey|Blissey, F|100\/100\n|turn|4\n|\n|t:|1697752782\n|move|p1a: Arceus|Recover|p1a: Arceus\n|-heal|p1a: Arceus|81\/100\n|move|p2a: Blissey|Seismic Toss|p1a: Arceus\n|-damage|p1a: Arceus|59\/100\n|\n|upkeep\n|turn|5\n|\n|t:|1697752790\n|move|p1a: Arceus|Sludge Bomb|p2a: Blissey\n|-damage|p2a: Blissey|87\/100\n|move|p2a: Blissey|Thunder Wave|p1a: Arceus\n|-status|p1a: Arceus|par\n|\n|upkeep\n|turn|6\n|\n|t:|1697752803\n|switch|p2a: Landorus|Landorus, M|100\/100\n|-damage|p2a: Landorus|88\/100|[from] Stealth Rock\n|move|p1a: Arceus|Recover|p1a: Arceus\n|-heal|p1a: Arceus|100\/100 par\n|\n|upkeep\n|turn|7\n|\n|t:|1697752809\n|switch|p1a: Gholdengo|Gholdengo|100\/100\n|-item|p1a: Gholdengo|Air Balloon\n|move|p2a: Landorus|Substitute|p2a: Landorus\n|-start|p2a: Landorus|Substitute\n|-damage|p2a: Landorus|64\/100\n|\n|upkeep\n|turn|8\n|\n|t:|1697752825\n|switch|p2a: Blissey|Blissey, F|87\/100\n|move|p1a: Gholdengo|Shadow Ball|p2a: Blissey\n|-immune|p2a: Blissey\n|\n|upkeep\n|turn|9\n|\n|t:|1697752844\n|switch|p1a: Arceus|Arceus-Poison|100\/100 par\n|-damage|p1a: Arceus|84\/100 par|[from] Spikes\n|switch|p2a: Arceus|Arceus-Poison|100\/100\n|-damage|p2a: Arceus|88\/100|[from] Stealth Rock\n|\n|upkeep\n|turn|10\n|\n|t:|1697752853\n|move|p2a: Arceus|Stealth Rock|p1a: Arceus\n|-sidestart|p1: Underhours|move: Stealth Rock\n|move|p1a: Arceus|Earth Power|p2a: Arceus\n|-supereffective|p2a: Arceus\n|-damage|p2a: Arceus|55\/100\n|\n|upkeep\n|turn|11\n|\n|t:|1697752858\n|cant|p1a: Arceus|par\n|move|p2a: Arceus|Roar|p1a: Arceus\n|drag|p1a: Chi-Yu|Chi-Yu|100\/100\n|-damage|p1a: Chi-Yu|84\/100|[from] Spikes\n|-damage|p1a: Chi-Yu|59\/100|[from] Stealth Rock\n|-ability|p1a: Chi-Yu|Beads of Ruin\n|\n|upkeep\n|turn|12\n|\n|t:|1697752870\n|move|p1a: Chi-Yu|Overheat|p2a: Arceus\n|-damage|p2a: Arceus|0 fnt\n|-unboost|p1a: Chi-Yu|spa|2\n|faint|p2a: Arceus\n|\n|upkeep\n|\n|t:|1697752879\n|switch|p2a: Landorus|Landorus, M|64\/100\n|-damage|p2a: Landorus|51\/100|[from] Stealth Rock\n|turn|13\n|\n|t:|1697752890\n|switch|p2a: Urshifu|Urshifu, M|100\/100\n|-damage|p2a: Urshifu|94\/100|[from] Stealth Rock\n|-terastallize|p1a: Chi-Yu|Fire\n|move|p1a: Chi-Yu|Overheat|p2a: Urshifu\n|-damage|p2a: Urshifu|5\/100\n|-unboost|p1a: Chi-Yu|spa|2\n|\n|upkeep\n|turn|14\n|\n|t:|1697752911\n|move|p1a: Chi-Yu|Overheat|p2a: Urshifu\n|-damage|p2a: Urshifu|0 fnt\n|-unboost|p1a: Chi-Yu|spa|2\n|faint|p2a: Urshifu\n|\n|upkeep\n|\n|t:|1697752918\n|switch|p2a: Landorus|Landorus, M|51\/100\n|-damage|p2a: Landorus|39\/100|[from] Stealth Rock\n|turn|15\n|\n|t:|1697752923\n|switch|p1a: Arceus|Arceus-Poison|84\/100 par\n|-damage|p1a: Arceus|68\/100 par|[from] Spikes\n|-damage|p1a: Arceus|55\/100 par|[from] Stealth Rock\n|move|p2a: Landorus|Earth Power|p1a: Arceus\n|-supereffective|p1a: Arceus\n|-damage|p1a: Arceus|0 fnt\n|faint|p1a: Arceus\n|\n|upkeep\n|\n|t:|1697752926\n|switch|p1a: Chi-Yu|Chi-Yu, tera:Fire|59\/100\n|-damage|p1a: Chi-Yu|43\/100|[from] Spikes\n|-damage|p1a: Chi-Yu|18\/100|[from] Stealth Rock\n|-ability|p1a: Chi-Yu|Beads of Ruin\n|turn|16\n|\n|t:|1697752946\n|move|p1a: Chi-Yu|Dark Pulse|p2a: Landorus\n|-damage|p2a: Landorus|0 fnt\n|faint|p2a: Landorus\n|\n|upkeep\n|\n|t:|1697752954\n|switch|p2a: Blissey|Blissey, F|87\/100\n|turn|17\n|\n|t:|1697752961\n|move|p1a: Chi-Yu|Dark Pulse|p2a: Blissey\n|-damage|p2a: Blissey|70\/100\n|cant|p2a: Blissey|flinch\n|\n|upkeep\n|turn|18\n|\n|t:|1697752968\n|switch|p1a: Gholdengo|Gholdengo|100\/100\n|-damage|p1a: Gholdengo|94\/100|[from] Stealth Rock\n|-item|p1a: Gholdengo|Air Balloon\n|move|p2a: Blissey|Seismic Toss|p1a: Gholdengo\n|-immune|p1a: Gholdengo\n|\n|upkeep\n|turn|19\n|c|\u2606ooga booga awooga|gg\n|-message|ooga booga awooga forfeited.\n|\n|win|Underhours\n|l|\u2606ooga booga awooga\n","uploadtime":1697752982,"views":39,"p1id":"underhours","p2id":"oogaboogaawooga","formatid":"gen9ubers","rating":0,"private":0,"password":""}