{"id":"gen9ubers-1984855155","p1":"Raph369","p2":"Dregone","format":"[Gen 9] Ubers","log":"|j|\u2606Raph369\n|j|\u2606Dregone\n|t:|1699304795\n|gametype|singles\n|player|p1|Raph369|#uplximelmetal|\n|player|p2|Dregone|cynthia-masters|\n|teamsize|p1|6\n|teamsize|p2|6\n|gen|9\n|tier|[Gen 9] Ubers\n|rated|Tournament battle\n|rule|Sleep Clause Mod: Limit one foe put to sleep\n|rule|Species Clause: Limit one of each Pok\u00e9mon\n|rule|OHKO Clause: OHKO moves are banned\n|rule|Evasion Items Clause: Evasion items are banned\n|rule|Evasion Moves Clause: Evasion moves are banned\n|rule|Endless Battle Clause: Forcing endless battles is banned\n|rule|HP Percentage Mod: HP is shown in percentages\n|clearpoke\n|poke|p1|Glimmora, F|\n|poke|p1|Kyogre|\n|poke|p1|Zacian-*|\n|poke|p1|Koraidon|\n|poke|p1|Calyrex-Ice|\n|poke|p1|Arceus|\n|poke|p2|Zacian-*|\n|poke|p2|Basculegion, M|\n|poke|p2|Arceus-Ground|\n|poke|p2|Ribombee, F|\n|poke|p2|Koraidon|\n|poke|p2|Dondozo, M|\n|teampreview\n|inactive|Battle timer is ON: inactive players will automatically lose when time's up. (requested by Dregone)\n|c|\u2606Raph369|hf\n|c|\u2606Dregone|hf\n|j|+OreoSpeedruns\n|j|+RichardMillePlain\n|\n|t:|1699304803\n|start\n|switch|p1a: Glimmora|Glimmora, F|100\/100\n|switch|p2a: Arceus|Arceus-Ground|100\/100\n|turn|1\n|\n|t:|1699304807\n|move|p2a: Arceus|Judgment|p1a: Glimmora\n|-supereffective|p1a: Glimmora\n|-enditem|p1a: Glimmora|Focus Sash\n|-damage|p1a: Glimmora|1\/100\n|move|p1a: Glimmora|Mud Shot|p2a: Arceus\n|-damage|p2a: Arceus|89\/100\n|-unboost|p2a: Arceus|spe|1\n|\n|upkeep\n|turn|2\n|c|+RichardMillePlain|mdrr\n|\n|t:|1699304811\n|move|p1a: Glimmora|Spikes|p2a: Arceus\n|-sidestart|p2: Dregone|Spikes\n|move|p2a: Arceus|Judgment|p1a: Glimmora\n|-supereffective|p1a: Glimmora\n|-damage|p1a: Glimmora|0 fnt\n|faint|p1a: Glimmora\n|\n|upkeep\n|c|+RichardMillePlain|c quoi cette team\n|c|\u2606Raph369|dondozo me suit partout\n|c|\u2606Dregone|richard r u ready to play sv ou for aq\n|\n|t:|1699304828\n|switch|p1a: Kyogre|Kyogre, shiny|100\/100\n|-weather|RainDance|[from] ability: Drizzle|[of] p1a: Kyogre\n|turn|3\n|c|+RichardMillePlain|y\n|c|+RichardMillePlain|ce mec gagne\n|c|+RichardMillePlain|avec un peu de chatte\n|inactive|Dregone has 120 seconds left.\n|\n|t:|1699304865\n|move|p1a: Kyogre|Ice Beam|p2a: Arceus\n|-supereffective|p2a: Arceus\n|-damage|p2a: Arceus|42\/100\n|move|p2a: Arceus|Judgment|p1a: Kyogre\n|-damage|p1a: Kyogre|69\/100\n|\n|-weather|RainDance|[upkeep]\n|upkeep\n|turn|4\n|inactive|Dregone has 120 seconds left.\n|\n|t:|1699304874\n|move|p1a: Kyogre|Ice Beam|p2a: Arceus\n|-supereffective|p2a: Arceus\n|-damage|p2a: Arceus|0 fnt\n|faint|p2a: Arceus\n|\n|-weather|RainDance|[upkeep]\n|upkeep\n|inactive|Dregone has 120 seconds left.\n|\n|t:|1699304880\n|switch|p2a: Koraidon|Koraidon|100\/100\n|-damage|p2a: Koraidon|88\/100|[from] Spikes\n|-weather|SunnyDay|[from] ability: Orichalcum Pulse|[of] p2a: Koraidon\n|-activate|p2a: Koraidon|Orichalcum Pulse|[source]\n|turn|5\n|\n|t:|1699304889\n|move|p2a: Koraidon|Low Kick|p1a: Kyogre\n|-crit|p1a: Kyogre\n|-damage|p1a: Kyogre|0 fnt\n|faint|p1a: Kyogre\n|\n|-weather|SunnyDay|[upkeep]\n|upkeep\n|c|\u2606Raph369|boh\n|\n|t:|1699304900\n|switch|p1a: Zacian|Zacian-Crowned, shiny|100\/100\n|-ability|p1a: Zacian|Intrepid Sword|boost\n|-boost|p1a: Zacian|atk|1\n|turn|6\n|\n|t:|1699304903\n|switch|p2a: Dondozo|Dondozo, M|100\/100\n|move|p1a: Zacian|Play Rough|p2a: Dondozo\n|-damage|p2a: Dondozo|78\/100\n|\n|-weather|SunnyDay|[upkeep]\n|upkeep\n|turn|7\n|c|+OreoSpeedruns|bandar\n|c|+OreoSpeedruns|if you lose to a shitbozo\n|c|+OreoSpeedruns|i am disowning you\n|\n|t:|1699304917\n|switch|p1a: Arceus|Arceus|100\/100\n|move|p2a: Dondozo|Liquidation|p1a: Arceus\n|-damage|p1a: Arceus|90\/100\n|\n|-weather|SunnyDay|[upkeep]\n|upkeep\n|turn|8\n|inactive|Raph369 has 120 seconds left.\n|j| JHayter\n|c|\u2606Raph369|OMG\n|c|\u2606Raph369|BRID CLUTCH\n|c|\u2606Raph369|AT R6 major\n|inactive|Raph369 has 90 seconds left.\n|c|\u2606Raph369|i never won against dondozo oreo\n|c|+RichardMillePlain|mdrr\n|\n|t:|1699304992\n|switch|p2a: Koraidon|Koraidon|88\/100\n|-damage|p2a: Koraidon|76\/100|[from] Spikes\n|-activate|p2a: Koraidon|ability: Orichalcum Pulse\n|move|p1a: Arceus|Taunt|p2a: Koraidon\n|-start|p2a: Koraidon|move: Taunt\n|\n|-weather|SunnyDay|[upkeep]\n|upkeep\n|turn|9\n|c|+RichardMillePlain|c un grous tournoi ?\n|c|\u2606Raph369|oui\n|c|+RichardMillePlain|azy jvais regarder\n|\n|t:|1699305012\n|switch|p1a: Calyrex|Calyrex-Ice|100\/100\n|-ability|p1a: Calyrex|As One\n|-ability|p1a: Calyrex|Unnerve\n|move|p2a: Koraidon|Low Kick|p1a: Calyrex\n|-damage|p1a: Calyrex|53\/100\n|\n|-weather|none\n|upkeep\n|turn|10\n|c|\u2606Raph369|bds qui joue\n|c|+RichardMillePlain|p.e ya holy ghost qui joue\n|c|\u2606Raph369|avec shaiiko est compagnie\n|c|\u2606Raph369|et\n|\n|t:|1699305028\n|switch|p2a: Dondozo|Dondozo, M|78\/100\n|move|p1a: Calyrex|Glacial Lance|p2a: Dondozo\n|-resisted|p2a: Dondozo\n|-damage|p2a: Dondozo|61\/100\n|\n|upkeep\n|turn|11\n|\n|t:|1699305037\n|switch|p1a: Arceus|Arceus|90\/100\n|move|p2a: Dondozo|Rest|p2a: Dondozo\n|-status|p2a: Dondozo|slp|[from] move: Rest\n|-heal|p2a: Dondozo|100\/100 slp|[silent]\n|\n|upkeep\n|turn|12\n|c|+RichardMillePlain|shaiiko est chaud askip\n|c|\u2606Raph369|c'est le meilleur entry au monde\n|\n|t:|1699305064\n|switch|p2a: Zacian|Zacian-Crowned|100\/100\n|-damage|p2a: Zacian|88\/100|[from] Spikes\n|-ability|p2a: Zacian|Intrepid Sword|boost\n|-boost|p2a: Zacian|atk|1\n|move|p1a: Arceus|Swords Dance|p1a: Arceus\n|-boost|p1a: Arceus|atk|2\n|\n|upkeep\n|turn|13\n|inactive|Raph369 has 90 seconds left.\n|\n|t:|1699305075\n|switch|p1a: Calyrex|Calyrex-Ice|53\/100\n|-ability|p1a: Calyrex|As One\n|-ability|p1a: Calyrex|Unnerve\n|move|p2a: Zacian|Behemoth Blade|p1a: Calyrex\n|-supereffective|p1a: Calyrex\n|-damage|p1a: Calyrex|0 fnt\n|faint|p1a: Calyrex\n|\n|upkeep\n|\n|t:|1699305079\n|switch|p1a: Zacian|Zacian-Crowned, shiny|100\/100\n|turn|14\n|\n|t:|1699305090\n|move|p1a: Zacian|Behemoth Blade|p2a: Zacian\n|-damage|p2a: Zacian|35\/100\n|move|p2a: Zacian|Behemoth Blade|p1a: Zacian\n|-damage|p1a: Zacian|26\/100\n|\n|upkeep\n|turn|15\n|c|\u2606Raph369|i win this\n|c|\u2606Raph369|i'm scarf\n|\n|t:|1699305102\n|move|p2a: Zacian|Behemoth Blade|p1a: Zacian\n|-damage|p1a: Zacian|0 fnt\n|faint|p1a: Zacian\n|\n|upkeep\n|c|\u2606Raph369|boh\n|c|+RichardMillePlain|mama\n|\n|t:|1699305109\n|switch|p1a: Koraidon|Koraidon|100\/100\n|-weather|SunnyDay|[from] ability: Orichalcum Pulse|[of] p1a: Koraidon\n|-activate|p1a: Koraidon|Orichalcum Pulse|[source]\n|turn|16\n|c|\u2606Dregone|scarf zacian crowned is crazy\n|c|+RichardMillePlain|il est chaud\n|\n|t:|1699305121\n|-terastallize|p1a: Koraidon|Fire\n|move|p2a: Zacian|Play Rough|p1a: Koraidon\n|-resisted|p1a: Koraidon\n|-damage|p1a: Koraidon|68\/100\n|move|p1a: Koraidon|Swords Dance|p1a: Koraidon\n|-boost|p1a: Koraidon|atk|2\n|\n|-weather|SunnyDay|[upkeep]\n|upkeep\n|turn|17\n|\n|t:|1699305139\n|move|p2a: Zacian|Behemoth Blade|p1a: Koraidon\n|-resisted|p1a: Koraidon\n|-damage|p1a: Koraidon|32\/100\n|move|p1a: Koraidon|Flare Blitz|p2a: Zacian\n|-supereffective|p2a: Zacian\n|-damage|p2a: Zacian|0 fnt\n|faint|p2a: Zacian\n|-damage|p1a: Koraidon|21\/100|[from] Recoil\n|\n|-weather|SunnyDay|[upkeep]\n|upkeep\n|\n|t:|1699305150\n|switch|p2a: Koraidon|Koraidon|76\/100\n|-damage|p2a: Koraidon|64\/100|[from] Spikes\n|-activate|p2a: Koraidon|ability: Orichalcum Pulse\n|turn|18\n|\n|t:|1699305157\n|move|p2a: Koraidon|Low Kick|p1a: Koraidon\n|-damage|p1a: Koraidon|0 fnt\n|faint|p1a: Koraidon\n|\n|-weather|SunnyDay|[upkeep]\n|upkeep\n|c|+RichardMillePlain|ez\n|\n|t:|1699305159\n|switch|p1a: Arceus|Arceus|90\/100\n|turn|19\n|\n|t:|1699305162\n|move|p2a: Koraidon|Low Kick|p1a: Arceus\n|-supereffective|p1a: Arceus\n|-damage|p1a: Arceus|0 fnt\n|faint|p1a: Arceus\n|\n|win|Dregone\n|n|\u2606Raph369|raph369\n|n|\u2606Dregone|dregone\n|n| OreoSpeedruns|oreospeedruns\n|n| RichardMillePlain|richardmilleplain\n|n| JHayter|jhayter\n|c|\u2606Dregone|gg\n|c|\u2606Raph369|gg\n","uploadtime":1699305164,"views":121,"p1id":"raph369","p2id":"dregone","formatid":"gen9ubers","rating":0,"private":0,"password":""}