{"id":"gen9ubers-1981360420","p1":"82980709reoo","p2":"ban steve and hero","format":"[Gen 9] Ubers","log":"|j|\u260682980709reoo\n|j|\u2606ban steve and hero\n|t:|1698887435\n|gametype|singles\n|player|p1|82980709reoo|camper|1238\n|player|p2|ban steve and hero|n|1344\n|teamsize|p1|6\n|teamsize|p2|6\n|gen|9\n|tier|[Gen 9] Ubers\n|rated|\n|rule|Sleep Clause Mod: Limit one foe put to sleep\n|rule|Species Clause: Limit one of each Pok\u00e9mon\n|rule|OHKO Clause: OHKO moves are banned\n|rule|Evasion Items Clause: Evasion items are banned\n|rule|Evasion Moves Clause: Evasion moves are banned\n|rule|Endless Battle Clause: Forcing endless battles is banned\n|rule|HP Percentage Mod: HP is shown in percentages\n|clearpoke\n|poke|p1|Skeledirge, F|\n|poke|p1|Gliscor, M|\n|poke|p1|Miraidon|\n|poke|p1|Groudon|\n|poke|p1|Giratina-Origin|\n|poke|p1|Kyogre|\n|poke|p2|Koraidon|\n|poke|p2|Arceus|\n|poke|p2|Zacian-*|\n|poke|p2|Eternatus|\n|poke|p2|Kyogre|\n|poke|p2|Landorus-Therian, M|\n|teampreview\n|inactive|Battle timer is ON: inactive players will automatically lose when time's up. (requested by ban steve and hero)\n|inactive|82980709reoo has 120 seconds left.\n|\n|t:|1698887495\n|start\n|switch|p1a: Groudon|Groudon|100\/100\n|switch|p2a: Kyogre|Kyogre|100\/100\n|-weather|RainDance|[from] ability: Drizzle|[of] p2a: Kyogre\n|-weather|SunnyDay|[from] ability: Drought|[of] p1a: Groudon\n|turn|1\n|\n|t:|1698887509\n|move|p2a: Kyogre|Ice Beam|p1a: Groudon\n|-supereffective|p1a: Groudon\n|-damage|p1a: Groudon|19\/100\n|move|p1a: Groudon|Stealth Rock|p2a: Kyogre\n|-sidestart|p2: ban steve and hero|move: Stealth Rock\n|\n|-weather|SunnyDay|[upkeep]\n|-heal|p1a: Groudon|25\/100|[from] item: Leftovers\n|upkeep\n|turn|2\n|\n|t:|1698887520\n|switch|p1a: Skeledirge|Skeledirge, F|100\/100\n|move|p2a: Kyogre|Ice Beam|p1a: Skeledirge\n|-resisted|p1a: Skeledirge\n|-damage|p1a: Skeledirge|73\/100\n|\n|-weather|SunnyDay|[upkeep]\n|upkeep\n|turn|3\n|\n|t:|1698887541\n|switch|p2a: Eternatus|Eternatus|100\/100\n|-damage|p2a: Eternatus|88\/100|[from] Stealth Rock\n|-ability|p2a: Eternatus|Pressure\n|switch|p1a: Miraidon|Miraidon|100\/100\n|-fieldstart|move: Electric Terrain|[from] ability: Hadron Engine|[of] p1a: Miraidon\n|\n|-weather|SunnyDay|[upkeep]\n|upkeep\n|turn|4\n|\n|t:|1698887550\n|move|p2a: Eternatus|Dynamax Cannon|p1a: Miraidon\n|-supereffective|p1a: Miraidon\n|-damage|p1a: Miraidon|2\/100\n|-enditem|p1a: Miraidon|Aguav Berry|[eat]\n|-heal|p1a: Miraidon|35\/100|[from] item: Aguav Berry\n|move|p1a: Miraidon|Draco Meteor|p2a: Eternatus\n|-supereffective|p2a: Eternatus\n|-damage|p2a: Eternatus|0 fnt\n|-unboost|p1a: Miraidon|spa|2\n|faint|p2a: Eternatus\n|\n|-weather|SunnyDay|[upkeep]\n|upkeep\n|inactive|ban steve and hero has 120 seconds left.\n|inactive|ban steve and hero has 90 seconds left.\n|\n|t:|1698887610\n|switch|p2a: Kyogre|Kyogre|100\/100\n|-damage|p2a: Kyogre|88\/100|[from] Stealth Rock\n|-weather|RainDance|[from] ability: Drizzle|[of] p2a: Kyogre\n|turn|5\n|\n|t:|1698887618\n|move|p1a: Miraidon|Draco Meteor|p2a: Kyogre\n|-damage|p2a: Kyogre|57\/100\n|-unboost|p1a: Miraidon|spa|2\n|move|p2a: Kyogre|Water Spout|p1a: Miraidon\n|-resisted|p1a: Miraidon\n|-damage|p1a: Miraidon|0 fnt\n|faint|p1a: Miraidon\n|\n|-weather|RainDance|[upkeep]\n|upkeep\n|inactive|82980709reoo has 120 seconds left.\n|\n|t:|1698887666\n|switch|p1a: Groudon|Groudon|25\/100\n|-weather|SunnyDay|[from] ability: Drought|[of] p1a: Groudon\n|turn|6\n|\n|t:|1698887670\n|move|p2a: Kyogre|Water Spout|p1a: Groudon\n|-supereffective|p1a: Groudon\n|-damage|p1a: Groudon|0 fnt\n|faint|p1a: Groudon\n|\n|-weather|SunnyDay|[upkeep]\n|upkeep\n|\n|t:|1698887676\n|switch|p1a: Giratina|Giratina-Origin|100\/100\n|turn|7\n|inactive|82980709reoo has 120 seconds left.\n|inactive|ban steve and hero has 120 seconds left.\n|\n|t:|1698887700\n|switch|p2a: Koraidon|Koraidon|100\/100\n|-damage|p2a: Koraidon|94\/100|[from] Stealth Rock\n|-activate|p2a: Koraidon|ability: Orichalcum Pulse\n|move|p1a: Giratina|Will-O-Wisp|p2a: Koraidon\n|-status|p2a: Koraidon|brn\n|\n|-weather|SunnyDay|[upkeep]\n|-damage|p2a: Koraidon|88\/100 brn|[from] brn\n|-fieldend|move: Electric Terrain\n|upkeep\n|turn|8\n|inactive|82980709reoo has 120 seconds left.\n|\n|t:|1698887713\n|-terastallize|p1a: Giratina|Poison\n|move|p2a: Koraidon|Dragon Claw|p1a: Giratina\n|-damage|p1a: Giratina|83\/100\n|move|p1a: Giratina|Poltergeist|p2a: Koraidon\n|-activate|p2a: Koraidon|move: Poltergeist|Choice Scarf\n|-damage|p2a: Koraidon|20\/100 brn\n|\n|-weather|SunnyDay|[upkeep]\n|-damage|p2a: Koraidon|14\/100 brn|[from] brn\n|upkeep\n|turn|9\n|\n|t:|1698887723\n|move|p1a: Giratina|Shadow Sneak|p2a: Koraidon\n|-damage|p2a: Koraidon|0 fnt\n|faint|p2a: Koraidon\n|\n|-weather|SunnyDay|[upkeep]\n|upkeep\n|inactive|ban steve and hero has 120 seconds left.\n|inactive|ban steve and hero has 90 seconds left.\n|\n|t:|1698887765\n|switch|p2a: Kyogre|Kyogre|57\/100\n|-damage|p2a: Kyogre|45\/100|[from] Stealth Rock\n|-weather|RainDance|[from] ability: Drizzle|[of] p2a: Kyogre\n|turn|10\n|inactive|ban steve and hero has 90 seconds left.\n|\n|t:|1698887778\n|move|p1a: Giratina|Shadow Sneak|p2a: Kyogre\n|-damage|p2a: Kyogre|18\/100\n|move|p2a: Kyogre|Origin Pulse|p1a: Giratina|[miss]\n|-miss|p2a: Kyogre|p1a: Giratina\n|\n|-weather|RainDance|[upkeep]\n|upkeep\n|turn|11\n|\n|t:|1698887783\n|switch|p2a: Landorus|Landorus-Therian, M|100\/100\n|-damage|p2a: Landorus|88\/100|[from] Stealth Rock\n|-ability|p2a: Landorus|Intimidate|boost\n|-unboost|p1a: Giratina|atk|1\n|move|p1a: Giratina|Shadow Sneak|p2a: Landorus\n|-damage|p2a: Landorus|75\/100\n|-damage|p1a: Giratina|66\/100|[from] item: Rocky Helmet|[of] p2a: Landorus\n|\n|-weather|RainDance|[upkeep]\n|upkeep\n|turn|12\n|\n|t:|1698887789\n|move|p2a: Landorus|Taunt|p1a: Giratina\n|-start|p1a: Giratina|move: Taunt\n|cant|p1a: Giratina|move: Taunt|Will-O-Wisp\n|\n|-weather|RainDance|[upkeep]\n|upkeep\n|turn|13\n|\n|t:|1698887801\n|move|p2a: Landorus|Stealth Rock|p1a: Giratina\n|-sidestart|p1: 82980709reoo|move: Stealth Rock\n|move|p1a: Giratina|Poltergeist|p2a: Landorus\n|-activate|p2a: Landorus|move: Poltergeist|Rocky Helmet\n|-damage|p2a: Landorus|42\/100\n|\n|-weather|RainDance|[upkeep]\n|upkeep\n|turn|14\n|j| Metronometrk\n|\n|t:|1698887816\n|move|p2a: Landorus|U-turn|p1a: Giratina\n|-resisted|p1a: Giratina\n|-damage|p1a: Giratina|59\/100\n|inactive|ban steve and hero has 120 seconds left.\n|inactive|ban steve and hero has 90 seconds left.\n|\n|t:|1698887857\n|switch|p2a: Zacian|Zacian-Crowned|100\/100|[from] U-turn\n|-damage|p2a: Zacian|94\/100|[from] Stealth Rock\n|-ability|p2a: Zacian|Intrepid Sword|boost\n|-boost|p2a: Zacian|atk|1\n|move|p1a: Giratina|Poltergeist|p2a: Zacian\n|-activate|p2a: Zacian|move: Poltergeist|Rusted Sword\n|-damage|p2a: Zacian|47\/100\n|\n|-weather|none\n|-end|p1a: Giratina|move: Taunt\n|upkeep\n|turn|15\n|inactive|ban steve and hero has 90 seconds left.\n|\n|t:|1698887876\n|switch|p2a: Kyogre|Kyogre|18\/100\n|-damage|p2a: Kyogre|6\/100|[from] Stealth Rock\n|-weather|RainDance|[from] ability: Drizzle|[of] p2a: Kyogre\n|switch|p1a: Skeledirge|Skeledirge, F|73\/100\n|\n|-weather|RainDance|[upkeep]\n|upkeep\n|turn|16\n|inactive|82980709reoo has 120 seconds left.\n|\n|t:|1698887903\n|move|p2a: Kyogre|Thunder|p1a: Skeledirge\n|-damage|p1a: Skeledirge|2\/100\n|-status|p1a: Skeledirge|par\n|move|p1a: Skeledirge|Hex|p2a: Kyogre\n|-damage|p2a: Kyogre|0 fnt\n|faint|p2a: Kyogre\n|\n|-weather|RainDance|[upkeep]\n|upkeep\n|inactive|ban steve and hero has 90 seconds left.\n|\n|t:|1698887919\n|switch|p2a: Zacian|Zacian-Crowned|47\/100\n|-damage|p2a: Zacian|41\/100|[from] Stealth Rock\n|turn|17\n|inactive|ban steve and hero has 90 seconds left.\n|\n|t:|1698887924\n|move|p2a: Zacian|Behemoth Blade|p1a: Skeledirge\n|-resisted|p1a: Skeledirge\n|-damage|p1a: Skeledirge|0 fnt\n|faint|p1a: Skeledirge\n|\n|-weather|RainDance|[upkeep]\n|upkeep\n|\n|t:|1698887932\n|switch|p1a: Gliscor|Gliscor, M|100\/100\n|-damage|p1a: Gliscor|88\/100|[from] Stealth Rock\n|turn|18\n|inactive|ban steve and hero has 90 seconds left.\n|\n|t:|1698887960\n|-terastallize|p2a: Zacian|Water\n|move|p1a: Gliscor|Protect|p1a: Gliscor\n|-singleturn|p1a: Gliscor|Protect\n|move|p2a: Zacian|Tera Blast|p1a: Gliscor|[anim] Tera Blast Water\n|-activate|p1a: Gliscor|move: Protect\n|\n|-weather|RainDance|[upkeep]\n|-status|p1a: Gliscor|tox|[from] item: Toxic Orb\n|upkeep\n|turn|19\n|\n|t:|1698887976\n|move|p2a: Zacian|Tera Blast|p1a: Gliscor|[anim] Tera Blast Water\n|-supereffective|p1a: Gliscor\n|-damage|p1a: Gliscor|3\/100 tox\n|move|p1a: Gliscor|Toxic|p2a: Zacian\n|-status|p2a: Zacian|tox\n|\n|-weather|none\n|-damage|p2a: Zacian|35\/100 tox|[from] psn\n|-heal|p1a: Gliscor|15\/100 tox|[from] ability: Poison Heal\n|upkeep\n|turn|20\n|\n|t:|1698887986\n|move|p1a: Gliscor|Protect|p1a: Gliscor\n|-singleturn|p1a: Gliscor|Protect\n|move|p2a: Zacian|Swords Dance|p2a: Zacian\n|-boost|p2a: Zacian|atk|2\n|\n|-damage|p2a: Zacian|22\/100 tox|[from] psn\n|-heal|p1a: Gliscor|28\/100 tox|[from] ability: Poison Heal\n|upkeep\n|turn|21\n|\n|t:|1698887993\n|move|p1a: Gliscor|Protect|p1a: Gliscor\n|-singleturn|p1a: Gliscor|Protect\n|move|p2a: Zacian|Tera Blast|p1a: Gliscor|[anim] Tera Blast Water\n|-activate|p1a: Gliscor|move: Protect\n|\n|-damage|p2a: Zacian|4\/100 tox|[from] psn\n|-heal|p1a: Gliscor|40\/100 tox|[from] ability: Poison Heal\n|upkeep\n|turn|22\n|\n|t:|1698888002\n|move|p1a: Gliscor|Protect||[still]\n|-fail|p1a: Gliscor\n|move|p2a: Zacian|Tera Blast|p1a: Gliscor|[anim] Tera Blast Water\n|-supereffective|p1a: Gliscor\n|-damage|p1a: Gliscor|0 fnt\n|faint|p1a: Gliscor\n|\n|-damage|p2a: Zacian|0 fnt|[from] psn\n|faint|p2a: Zacian\n|upkeep\n|c| Metronometrk|Goat\n|inactive|ban steve and hero has 120 seconds left.\n|\n|t:|1698888018\n|switch|p2a: Landorus|Landorus-Therian, M|42\/100\n|switch|p1a: Kyogre|Kyogre|100\/100\n|-damage|p2a: Landorus|30\/100|[from] Stealth Rock\n|-ability|p2a: Landorus|Intimidate|boost\n|-unboost|p1a: Kyogre|atk|1\n|-damage|p1a: Kyogre|88\/100|[from] Stealth Rock\n|-weather|RainDance|[from] ability: Drizzle|[of] p1a: Kyogre\n|turn|23\n|\n|t:|1698888021\n|move|p2a: Landorus|Taunt|p1a: Kyogre\n|-start|p1a: Kyogre|move: Taunt\n|move|p1a: Kyogre|Origin Pulse|p2a: Landorus|[miss]\n|-miss|p1a: Kyogre|p2a: Landorus\n|\n|-weather|RainDance|[upkeep]\n|upkeep\n|turn|24\n|\n|t:|1698888030\n|move|p2a: Landorus|Earthquake|p1a: Kyogre\n|-damage|p1a: Kyogre|54\/100\n|move|p1a: Kyogre|Origin Pulse|p2a: Landorus\n|-supereffective|p2a: Landorus\n|-damage|p2a: Landorus|0 fnt\n|faint|p2a: Landorus\n|\n|-weather|RainDance|[upkeep]\n|upkeep\n|\n|t:|1698888036\n|switch|p2a: Arceus|Arceus|100\/100\n|-damage|p2a: Arceus|88\/100|[from] Stealth Rock\n|turn|25\n|\n|t:|1698888057\n|move|p2a: Arceus|Extreme Speed|p1a: Kyogre\n|-damage|p1a: Kyogre|14\/100\n|move|p1a: Kyogre|Origin Pulse|p2a: Arceus|[miss]\n|-miss|p1a: Kyogre|p2a: Arceus\n|\n|-weather|RainDance|[upkeep]\n|-end|p1a: Kyogre|move: Taunt\n|upkeep\n|turn|26\n|-enditem|p1a: Kyogre|Custap Berry|[eat]\n|-activate|p1a: Kyogre|item: Custap Berry|[consumed]\n|\n|t:|1698888065\n|move|p2a: Arceus|Extreme Speed|p1a: Kyogre\n|-damage|p1a: Kyogre|0 fnt\n|faint|p1a: Kyogre\n|\n|-weather|RainDance|[upkeep]\n|upkeep\n|\n|t:|1698888070\n|switch|p1a: Giratina|Giratina-Origin, tera:Poison|59\/100\n|-damage|p1a: Giratina|46\/100|[from] Stealth Rock\n|turn|27\n|\n|t:|1698888079\n|move|p2a: Arceus|Swords Dance|p2a: Arceus\n|-boost|p2a: Arceus|atk|2\n|move|p1a: Giratina|Will-O-Wisp|p2a: Arceus\n|-status|p2a: Arceus|brn\n|\n|-weather|none\n|-damage|p2a: Arceus|82\/100 brn|[from] brn\n|upkeep\n|turn|28\n|\n|t:|1698888087\n|move|p2a: Arceus|Swords Dance|p2a: Arceus\n|-boost|p2a: Arceus|atk|2\n|move|p1a: Giratina|Outrage|p2a: Arceus\n|-damage|p2a: Arceus|25\/100 brn\n|\n|-damage|p2a: Arceus|19\/100 brn|[from] brn\n|upkeep\n|turn|29\n|inactive|ban steve and hero has 120 seconds left.\n|c|\u260682980709reoo|\u89c2\u4f17\n|\n|t:|1698888124\n|move|p2a: Arceus|Recover|p2a: Arceus\n|-heal|p2a: Arceus|69\/100 brn\n|move|p1a: Giratina|Outrage|p2a: Arceus|[from]lockedmove\n|-damage|p2a: Arceus|20\/100 brn\n|-start|p1a: Giratina|confusion|[fatigue]\n|\n|-damage|p2a: Arceus|14\/100 brn|[from] brn\n|upkeep\n|turn|30\n|c| Metronometrk|Ggs\n|\n|t:|1698888133\n|-activate|p1a: Giratina|confusion\n|move|p1a: Giratina|Shadow Sneak|p2a: Arceus\n|-immune|p2a: Arceus\n|move|p2a: Arceus|Recover|p2a: Arceus\n|-heal|p2a: Arceus|64\/100 brn\n|\n|-damage|p2a: Arceus|57\/100 brn|[from] brn\n|upkeep\n|turn|31\n|\n|t:|1698888139\n|move|p2a: Arceus|Recover|p2a: Arceus\n|-heal|p2a: Arceus|100\/100 brn\n|-activate|p1a: Giratina|confusion\n|move|p1a: Giratina|Outrage|p2a: Arceus\n|-damage|p2a: Arceus|43\/100 brn\n|\n|-damage|p2a: Arceus|37\/100 brn|[from] brn\n|upkeep\n|turn|32\n|c|\u2606ban steve and hero|who u talking korean too asshole\n|\n|t:|1698888148\n|move|p2a: Arceus|Recover|p2a: Arceus\n|-heal|p2a: Arceus|87\/100 brn\n|-end|p1a: Giratina|confusion\n|move|p1a: Giratina|Outrage|p2a: Arceus|[from]lockedmove\n|-damage|p2a: Arceus|33\/100 brn\n|\n|-damage|p2a: Arceus|27\/100 brn|[from] brn\n|upkeep\n|turn|33\n|\n|t:|1698888153\n|move|p2a: Arceus|Recover|p2a: Arceus\n|-heal|p2a: Arceus|77\/100 brn\n|move|p1a: Giratina|Outrage|p2a: Arceus|[from]lockedmove\n|-damage|p2a: Arceus|28\/100 brn\n|-start|p1a: Giratina|confusion|[fatigue]\n|\n|-damage|p2a: Arceus|22\/100 brn|[from] brn\n|upkeep\n|turn|34\n|\n|t:|1698888162\n|move|p2a: Arceus|Recover|p2a: Arceus\n|-heal|p2a: Arceus|72\/100 brn\n|-activate|p1a: Giratina|confusion\n|-damage|p1a: Giratina|36\/100|[from] confusion\n|\n|-damage|p2a: Arceus|66\/100 brn|[from] brn\n|upkeep\n|turn|35\n|\n|t:|1698888165\n|move|p2a: Arceus|Extreme Speed|p1a: Giratina\n|-damage|p1a: Giratina|0 fnt\n|faint|p1a: Giratina\n|\n|win|ban steve and hero\n|raw|82980709reoo's rating: 1238 &rarr; <strong>1220<\/strong><br \/>(-18 for losing)\n|raw|ban steve and hero's rating: 1344 &rarr; <strong>1358<\/strong><br \/>(+14 for winning)\n","uploadtime":1698888144,"views":7,"p1id":"82980709reoo","p2id":"bansteveandhero","formatid":"gen9ubers","rating":1220,"private":0,"password":""}