{"id":"gen9ubers-1999258716","p1":"Npathy13","p2":"biggestbirdbrain","format":"[Gen 9] Ubers","log":"|j|\u2606Npathy13\n|j|\u2606biggestbirdbrain\n|t:|1701051763\n|gametype|singles\n|player|p1|Npathy13|lady|\n|player|p2|biggestbirdbrain|chili|\n|teamsize|p1|6\n|teamsize|p2|6\n|gen|9\n|tier|[Gen 9] Ubers\n|rule|Sleep Clause Mod: Limit one foe put to sleep\n|rule|Species Clause: Limit one of each Pok\u00e9mon\n|rule|OHKO Clause: OHKO moves are banned\n|rule|Evasion Items Clause: Evasion items are banned\n|rule|Evasion Moves Clause: Evasion moves are banned\n|rule|Endless Battle Clause: Forcing endless battles is banned\n|rule|HP Percentage Mod: HP is shown in percentages\n|clearpoke\n|poke|p1|Grimmsnarl, M|\n|poke|p1|Arceus-Ground|\n|poke|p1|Miraidon|\n|poke|p1|Sneasler, F|\n|poke|p1|Calyrex-Ice|\n|poke|p1|Zacian-*|\n|poke|p2|Chien-Pao|\n|poke|p2|Blissey, F|\n|poke|p2|Iron Treads|\n|poke|p2|Iron Bundle|\n|poke|p2|Skeledirge, M|\n|poke|p2|Corviknight, F|\n|teampreview\n|c|\u2606biggestbirdbrain|oop\n|c|\u2606Npathy13|oop\n|\n|t:|1701051778\n|start\n|switch|p1a: Calyrex|Calyrex-Ice|100\/100\n|switch|p2a: Chien-Pao|Chien-Pao|100\/100\n|-ability|p1a: Calyrex|As One\n|-ability|p1a: Calyrex|Unnerve\n|-ability|p2a: Chien-Pao|Sword of Ruin\n|turn|1\n|c|\u2606biggestbirdbrain|from smogon :p\n|c|\u2606Npathy13|your team or mine\n|\n|t:|1701051811\n|switch|p2a: Skeledirge|Skeledirge, M|100\/100\n|move|p1a: Calyrex|Trick Room|p1a: Calyrex\n|-fieldstart|move: Trick Room|[of] p1a: Calyrex\n|\n|upkeep\n|turn|2\n|c|\u2606biggestbirdbrain|mine lmao\n|c|\u2606Npathy13|ah okay\n|c|\u2606Npathy13|mine is pokeaimmd\n|c|\u2606Npathy13|lmao\n|c|\u2606biggestbirdbrain|oh ok\n|\n|t:|1701051829\n|-terastallize|p1a: Calyrex|Fire\n|move|p1a: Calyrex|Swords Dance|p1a: Calyrex\n|-boost|p1a: Calyrex|atk|2\n|move|p2a: Skeledirge|Will-O-Wisp|p1a: Calyrex\n|-immune|p1a: Calyrex\n|\n|upkeep\n|turn|3\n|c|\u2606biggestbirdbrain|gosh\n|\n|t:|1701051841\n|move|p1a: Calyrex|High Horsepower|p2a: Skeledirge\n|-supereffective|p2a: Skeledirge\n|-damage|p2a: Skeledirge|48\/100\n|move|p2a: Skeledirge|Torch Song|p1a: Calyrex\n|-resisted|p1a: Calyrex\n|-damage|p1a: Calyrex|90\/100\n|-boost|p2a: Skeledirge|spa|1\n|\n|upkeep\n|turn|4\n|c|\u2606Npathy13|lol\n|c|\u2606Npathy13|it did that litle???\n|\n|t:|1701051852\n|switch|p2a: Corviknight|Corviknight, F|100\/100\n|move|p1a: Calyrex|High Horsepower|p2a: Corviknight\n|-immune|p2a: Corviknight\n|\n|upkeep\n|turn|5\n|c|\u2606biggestbirdbrain|heehee\n|c|\u2606biggestbirdbrain|it has unaware\n|\n|t:|1701051868\n|move|p1a: Calyrex|Glacial Lance|p2a: Corviknight\n|-damage|p2a: Corviknight|0 fnt\n|faint|p2a: Corviknight\n|-ability|p1a: Calyrex|Chilling Neigh|boost\n|-boost|p1a: Calyrex|atk|1\n|\n|-fieldend|move: Trick Room\n|upkeep\n|c|\u2606biggestbirdbrain|oh\n|\n|t:|1701051875\n|switch|p2a: Iron Bundle|Iron Bundle|100\/100\n|turn|6\n|\n|t:|1701051883\n|move|p2a: Iron Bundle|Hydro Pump|p1a: Calyrex\n|-supereffective|p1a: Calyrex\n|-damage|p1a: Calyrex|15\/100\n|move|p1a: Calyrex|Trick Room|p1a: Calyrex\n|-fieldstart|move: Trick Room|[of] p1a: Calyrex\n|\n|upkeep\n|turn|7\n|c|\u2606biggestbirdbrain|istg\n|\n|t:|1701051896\n|move|p1a: Calyrex|High Horsepower|p2a: Iron Bundle\n|-damage|p2a: Iron Bundle|0 fnt\n|faint|p2a: Iron Bundle\n|-end|p2a: Iron Bundle|Quark Drive|[silent]\n|-ability|p1a: Calyrex|Chilling Neigh|boost\n|-boost|p1a: Calyrex|atk|1\n|\n|upkeep\n|\n|t:|1701051900\n|switch|p2a: Chien-Pao|Chien-Pao|100\/100\n|-ability|p2a: Chien-Pao|Sword of Ruin\n|turn|8\n|\n|t:|1701051916\n|-terastallize|p2a: Chien-Pao|Ice\n|move|p2a: Chien-Pao|Ice Shard|p1a: Calyrex\n|-resisted|p1a: Calyrex\n|-damage|p1a: Calyrex|0 fnt\n|faint|p1a: Calyrex\n|\n|upkeep\n|c|\u2606Npathy13|outspeed how\n|\n|t:|1701051927\n|switch|p1a: Grimmsnarl|Grimmsnarl, M, shiny|100\/100\n|turn|9\n|c|\u2606biggestbirdbrain|ice shard is priority\n|c|\u2606Npathy13|oh really\n|c|\u2606Npathy13|oh okay\n|\n|t:|1701051960\n|switch|p2a: Iron Treads|Iron Treads|100\/100\n|move|p1a: Grimmsnarl|Reflect|p1a: Grimmsnarl\n|-sidestart|p1: Npathy13|Reflect\n|\n|upkeep\n|turn|10\n|\n|t:|1701051972\n|move|p1a: Grimmsnarl|Reflect||[still]\n|-fail|p1a: Grimmsnarl\n|move|p2a: Iron Treads|Knock Off|p1a: Grimmsnarl\n|-resisted|p1a: Grimmsnarl\n|-damage|p1a: Grimmsnarl|97\/100\n|-enditem|p1a: Grimmsnarl|Light Clay|[from] move: Knock Off|[of] p2a: Iron Treads\n|\n|-fieldend|move: Trick Room\n|upkeep\n|turn|11\n|\n|t:|1701051978\n|move|p1a: Grimmsnarl|Light Screen|p1a: Grimmsnarl\n|-sidestart|p1: Npathy13|move: Light Screen\n|move|p2a: Iron Treads|Earthquake|p1a: Grimmsnarl\n|-damage|p1a: Grimmsnarl|79\/100\n|\n|upkeep\n|turn|12\n|c|\u2606Npathy13|misclick lol\n|c|\u2606biggestbirdbrain|ill take it\n|c|\u2606Npathy13|for the second reflect\n|\n|t:|1701051991\n|move|p2a: Iron Treads|Earthquake|p1a: Grimmsnarl\n|-damage|p1a: Grimmsnarl|58\/100\n|move|p1a: Grimmsnarl|Play Rough|p2a: Iron Treads\n|-resisted|p2a: Iron Treads\n|-damage|p2a: Iron Treads|87\/100\n|\n|-heal|p2a: Iron Treads|93\/100|[from] item: Leftovers\n|upkeep\n|turn|13\n|\n|t:|1701052001\n|move|p2a: Iron Treads|Earthquake|p1a: Grimmsnarl\n|-damage|p1a: Grimmsnarl|38\/100\n|move|p1a: Grimmsnarl|Play Rough|p2a: Iron Treads\n|-resisted|p2a: Iron Treads\n|-crit|p2a: Iron Treads\n|-damage|p2a: Iron Treads|70\/100\n|\n|-heal|p2a: Iron Treads|76\/100|[from] item: Leftovers\n|upkeep\n|turn|14\n|\n|t:|1701052017\n|move|p2a: Iron Treads|Earthquake|p1a: Grimmsnarl\n|-damage|p1a: Grimmsnarl|20\/100\n|move|p1a: Grimmsnarl|Play Rough|p2a: Iron Treads\n|-resisted|p2a: Iron Treads\n|-damage|p2a: Iron Treads|61\/100\n|\n|-heal|p2a: Iron Treads|67\/100|[from] item: Leftovers\n|upkeep\n|turn|15\n|\n|t:|1701052027\n|move|p2a: Iron Treads|Earthquake|p1a: Grimmsnarl\n|-damage|p1a: Grimmsnarl|0 fnt\n|faint|p1a: Grimmsnarl\n|\n|-heal|p2a: Iron Treads|73\/100|[from] item: Leftovers\n|-sideend|p1: Npathy13|move: Light Screen\n|upkeep\n|\n|t:|1701052033\n|switch|p1a: Zacian|Zacian-Crowned|100\/100\n|-ability|p1a: Zacian|Intrepid Sword|boost\n|-boost|p1a: Zacian|atk|1\n|turn|16\n|\n|t:|1701052044\n|-end|p2a: Iron Treads|Quark Drive|[silent]\n|switch|p2a: Skeledirge|Skeledirge, M|48\/100\n|move|p1a: Zacian|Behemoth Blade|p2a: Skeledirge\n|-resisted|p2a: Skeledirge\n|-damage|p2a: Skeledirge|32\/100\n|\n|-sideend|p1: Npathy13|Reflect\n|upkeep\n|turn|17\n|\n|t:|1701052056\n|move|p1a: Zacian|Play Rough|p2a: Skeledirge\n|-resisted|p2a: Skeledirge\n|-damage|p2a: Skeledirge|16\/100\n|move|p2a: Skeledirge|Slack Off|p2a: Skeledirge\n|-heal|p2a: Skeledirge|66\/100\n|\n|upkeep\n|turn|18\n|\n|t:|1701052065\n|switch|p1a: Miraidon|Miraidon|100\/100\n|-fieldstart|move: Electric Terrain|[from] ability: Hadron Engine|[of] p1a: Miraidon\n|-enditem|p1a: Miraidon|Electric Seed\n|-boost|p1a: Miraidon|def|1|[from] item: Electric Seed\n|move|p2a: Skeledirge|Slack Off|p2a: Skeledirge\n|-heal|p2a: Skeledirge|100\/100\n|\n|upkeep\n|turn|19\n|\n|t:|1701052084\n|switch|p2a: Iron Treads|Iron Treads|73\/100\n|-activate|p2a: Iron Treads|ability: Quark Drive\n|-start|p2a: Iron Treads|quarkdrivespe\n|move|p1a: Miraidon|Parabolic Charge|p2a: Iron Treads\n|-immune|p2a: Iron Treads\n|\n|-heal|p2a: Iron Treads|80\/100|[from] item: Leftovers\n|upkeep\n|turn|20\n|\n|t:|1701052092\n|move|p2a: Iron Treads|Earthquake|p1a: Miraidon\n|-supereffective|p1a: Miraidon\n|-damage|p1a: Miraidon|61\/100\n|move|p1a: Miraidon|Dragon Pulse|p2a: Iron Treads\n|-resisted|p2a: Iron Treads\n|-damage|p2a: Iron Treads|46\/100\n|\n|-heal|p2a: Iron Treads|53\/100|[from] item: Leftovers\n|upkeep\n|turn|21\n|\n|t:|1701052107\n|switch|p1a: Arceus|Arceus-Ground|100\/100\n|move|p2a: Iron Treads|Knock Off|p1a: Arceus\n|-damage|p1a: Arceus|89\/100\n|\n|-heal|p2a: Iron Treads|59\/100|[from] item: Leftovers\n|upkeep\n|turn|22\n|\n|t:|1701052116\n|move|p2a: Iron Treads|Earthquake|p1a: Arceus\n|-damage|p1a: Arceus|62\/100\n|move|p1a: Arceus|Shadow Claw|p2a: Iron Treads\n|-damage|p2a: Iron Treads|39\/100\n|\n|-heal|p2a: Iron Treads|45\/100|[from] item: Leftovers\n|-fieldend|move: Electric Terrain\n|-end|p2a: Iron Treads|Quark Drive\n|upkeep\n|turn|23\n|\n|t:|1701052136\n|move|p1a: Arceus|Shadow Claw|p2a: Iron Treads\n|-crit|p2a: Iron Treads\n|-damage|p2a: Iron Treads|16\/100\n|move|p2a: Iron Treads|Earthquake|p1a: Arceus\n|-damage|p1a: Arceus|36\/100\n|\n|-heal|p2a: Iron Treads|23\/100|[from] item: Leftovers\n|upkeep\n|turn|24\n|c|\u2606biggestbirdbrain|no earthquake?\n|\n|t:|1701052147\n|move|p2a: Iron Treads|Protect|p2a: Iron Treads\n|-singleturn|p2a: Iron Treads|Protect\n|move|p1a: Arceus|Shadow Claw|p2a: Iron Treads\n|-activate|p2a: Iron Treads|move: Protect\n|\n|-heal|p2a: Iron Treads|29\/100|[from] item: Leftovers\n|upkeep\n|turn|25\n|\n|t:|1701052154\n|move|p1a: Arceus|Shadow Claw|p2a: Iron Treads\n|-damage|p2a: Iron Treads|6\/100\n|move|p2a: Iron Treads|Earthquake|p1a: Arceus\n|-damage|p1a: Arceus|8\/100\n|\n|-heal|p2a: Iron Treads|12\/100|[from] item: Leftovers\n|upkeep\n|turn|26\n|\n|t:|1701052167\n|-end|p2a: Iron Treads|Quark Drive|[silent]\n|switch|p2a: Chien-Pao|Chien-Pao, tera:Ice|100\/100\n|-ability|p2a: Chien-Pao|Sword of Ruin\n|move|p1a: Arceus|Shadow Claw|p2a: Chien-Pao\n|-damage|p2a: Chien-Pao|68\/100\n|\n|upkeep\n|turn|27\n|\n|t:|1701052212\n|move|p2a: Chien-Pao|Icicle Crash|p1a: Arceus\n|-supereffective|p1a: Arceus\n|-damage|p1a: Arceus|0 fnt\n|faint|p1a: Arceus\n|\n|upkeep\n|c|\u2606Npathy13|welp\n|\n|t:|1701052221\n|switch|p1a: Zacian|Zacian-Crowned|100\/100\n|turn|28\n|\n|t:|1701052226\n|switch|p2a: Skeledirge|Skeledirge, M|100\/100\n|move|p1a: Zacian|Behemoth Blade|p2a: Skeledirge\n|-resisted|p2a: Skeledirge\n|-damage|p2a: Skeledirge|82\/100\n|\n|upkeep\n|turn|29\n|\n|t:|1701052234\n|switch|p1a: Miraidon|Miraidon|61\/100\n|-fieldstart|move: Electric Terrain|[from] ability: Hadron Engine|[of] p1a: Miraidon\n|move|p2a: Skeledirge|Torch Song|p1a: Miraidon\n|-resisted|p1a: Miraidon\n|-damage|p1a: Miraidon|50\/100\n|-boost|p2a: Skeledirge|spa|1\n|\n|upkeep\n|turn|30\n|\n|t:|1701052255\n|switch|p2a: Blissey|Blissey, F|100\/100\n|move|p1a: Miraidon|Dragon Pulse|p2a: Blissey\n|-damage|p2a: Blissey|79\/100\n|\n|upkeep\n|turn|31\n|\n|t:|1701052262\n|move|p1a: Miraidon|Dragon Pulse|p2a: Blissey\n|-damage|p2a: Blissey|57\/100\n|move|p2a: Blissey|Stealth Rock|p1a: Miraidon\n|-sidestart|p1: Npathy13|move: Stealth Rock\n|\n|upkeep\n|turn|32\n|\n|t:|1701052268\n|move|p1a: Miraidon|Dragon Pulse|p2a: Blissey\n|-damage|p2a: Blissey|37\/100\n|move|p2a: Blissey|Shadow Ball|p1a: Miraidon\n|-damage|p1a: Miraidon|38\/100\n|-unboost|p1a: Miraidon|spd|1\n|\n|upkeep\n|turn|33\n|\n|t:|1701052276\n|move|p1a: Miraidon|Parabolic Charge|p2a: Blissey\n|-damage|p2a: Blissey|18\/100\n|-heal|p1a: Miraidon|54\/100|[from] drain|[of] p2a: Blissey\n|move|p2a: Blissey|Soft-Boiled|p2a: Blissey\n|-heal|p2a: Blissey|68\/100\n|\n|-fieldend|move: Electric Terrain\n|upkeep\n|turn|34\n|\n|t:|1701052284\n|switch|p1a: Zacian|Zacian-Crowned|100\/100\n|-damage|p1a: Zacian|94\/100|[from] Stealth Rock\n|move|p2a: Blissey|Soft-Boiled|p2a: Blissey\n|-heal|p2a: Blissey|100\/100\n|\n|upkeep\n|turn|35\n|\n|t:|1701052297\n|switch|p2a: Iron Treads|Iron Treads|12\/100\n|move|p1a: Zacian|Swords Dance|p1a: Zacian\n|-boost|p1a: Zacian|atk|2\n|\n|-heal|p2a: Iron Treads|19\/100|[from] item: Leftovers\n|upkeep\n|turn|36\n|\n|t:|1701052303\n|move|p2a: Iron Treads|Protect|p2a: Iron Treads\n|-singleturn|p2a: Iron Treads|Protect\n|move|p1a: Zacian|Play Rough|p2a: Iron Treads\n|-activate|p2a: Iron Treads|move: Protect\n|\n|-heal|p2a: Iron Treads|25\/100|[from] item: Leftovers\n|upkeep\n|turn|37\n|\n|t:|1701052327\n|move|p1a: Zacian|Play Rough|p2a: Iron Treads\n|-resisted|p2a: Iron Treads\n|-damage|p2a: Iron Treads|0 fnt\n|faint|p2a: Iron Treads\n|-end|p2a: Iron Treads|Quark Drive|[silent]\n|\n|upkeep\n|\n|t:|1701052334\n|switch|p2a: Skeledirge|Skeledirge, M|82\/100\n|turn|38\n|c|\u2606Npathy13|!weak skeledirge\n|c| Npathy13|\/raw <div class=\"infobox\">Skeledirge (ignoring abilities):<br \/><span class=\"message-effect-weak\">Weaknesses<\/span>: Dark, Ghost, Ground, Rock, Water<br \/><span class=\"message-effect-resist\">Resistances<\/span>: <b>Bug<\/b>, Fairy, Fire, Grass, Ice, Poison, Steel<br \/><span class=\"message-effect-immune\">Immunities<\/span>: Fighting, Normal, Burn, Trapping<\/div>\n|\n|t:|1701052359\n|move|p1a: Zacian|Behemoth Blade|p2a: Skeledirge\n|-resisted|p2a: Skeledirge\n|-damage|p2a: Skeledirge|66\/100\n|move|p2a: Skeledirge|Will-O-Wisp|p1a: Zacian|[miss]\n|-miss|p2a: Skeledirge|p1a: Zacian\n|\n|upkeep\n|turn|39\n|\n|t:|1701052366\n|switch|p1a: Miraidon|Miraidon|54\/100\n|-damage|p1a: Miraidon|41\/100|[from] Stealth Rock\n|-fieldstart|move: Electric Terrain|[from] ability: Hadron Engine|[of] p1a: Miraidon\n|move|p2a: Skeledirge|Will-O-Wisp|p1a: Miraidon\n|-status|p1a: Miraidon|brn\n|\n|-damage|p1a: Miraidon|35\/100 brn|[from] brn\n|upkeep\n|turn|40\n|\n|t:|1701052375\n|switch|p2a: Blissey|Blissey, F|100\/100\n|move|p1a: Miraidon|Parabolic Charge|p2a: Blissey\n|-damage|p2a: Blissey|78\/100\n|-heal|p1a: Miraidon|53\/100 brn|[from] drain|[of] p2a: Blissey\n|\n|-damage|p1a: Miraidon|47\/100 brn|[from] brn\n|upkeep\n|turn|41\n|\n|t:|1701052385\n|switch|p1a: Sneasler|Sneasler, F, shiny|100\/100\n|-damage|p1a: Sneasler|94\/100|[from] Stealth Rock\n|-enditem|p1a: Sneasler|Electric Seed\n|-boost|p1a: Sneasler|def|1|[from] item: Electric Seed\n|move|p2a: Blissey|Shadow Ball|p1a: Sneasler\n|-damage|p1a: Sneasler|78\/100\n|-unboost|p1a: Sneasler|spd|1\n|\n|upkeep\n|turn|42\n|\n|t:|1701052404\n|move|p1a: Sneasler|Swords Dance|p1a: Sneasler\n|-boost|p1a: Sneasler|atk|2\n|move|p2a: Blissey|Shadow Ball|p1a: Sneasler\n|-damage|p1a: Sneasler|51\/100\n|-unboost|p1a: Sneasler|spd|1\n|\n|upkeep\n|turn|43\n|\n|t:|1701052411\n|move|p1a: Sneasler|Swords Dance|p1a: Sneasler\n|-boost|p1a: Sneasler|atk|2\n|move|p2a: Blissey|Thunder Wave|p1a: Sneasler\n|-status|p1a: Sneasler|par\n|\n|-fieldend|move: Electric Terrain\n|upkeep\n|turn|44\n|\n|t:|1701052423\n|cant|p1a: Sneasler|par\n|move|p2a: Blissey|Shadow Ball|p1a: Sneasler\n|-damage|p1a: Sneasler|16\/100 par\n|\n|upkeep\n|turn|45\n|\n|t:|1701052428\n|cant|p1a: Sneasler|par\n|move|p2a: Blissey|Shadow Ball|p1a: Sneasler\n|-damage|p1a: Sneasler|0 fnt\n|faint|p1a: Sneasler\n|\n|upkeep\n|c|\u2606biggestbirdbrain|YES\n|\n|t:|1701052434\n|switch|p1a: Miraidon|Miraidon|47\/100 brn\n|-damage|p1a: Miraidon|34\/100 brn|[from] Stealth Rock\n|-fieldstart|move: Electric Terrain|[from] ability: Hadron Engine|[of] p1a: Miraidon\n|turn|46\n|c|\u2606Npathy13|ffs\n|c|\u2606Npathy13|the para activating 2 turns in a row????\n|c|\u2606biggestbirdbrain|this game is bull\n|\n|t:|1701052457\n|move|p1a: Miraidon|Parabolic Charge|p2a: Blissey\n|-damage|p2a: Blissey|57\/100\n|-heal|p1a: Miraidon|52\/100 brn|[from] drain|[of] p2a: Blissey\n|move|p2a: Blissey|Shadow Ball|p1a: Miraidon\n|-damage|p1a: Miraidon|41\/100 brn\n|-unboost|p1a: Miraidon|spd|1\n|\n|-damage|p1a: Miraidon|35\/100 brn|[from] brn\n|upkeep\n|turn|47\n|c|\u2606biggestbirdbrain|ikr\n|\n|t:|1701052466\n|move|p1a: Miraidon|Parabolic Charge|p2a: Blissey\n|-damage|p2a: Blissey|38\/100\n|-heal|p1a: Miraidon|50\/100 brn|[from] drain|[of] p2a: Blissey\n|move|p2a: Blissey|Shadow Ball|p1a: Miraidon\n|-damage|p1a: Miraidon|34\/100 brn\n|\n|-damage|p1a: Miraidon|27\/100 brn|[from] brn\n|upkeep\n|turn|48\n|c|\u2606biggestbirdbrain|WTF\n|\n|t:|1701052474\n|move|p1a: Miraidon|Dragon Pulse|p2a: Blissey\n|-damage|p2a: Blissey|17\/100\n|move|p2a: Blissey|Soft-Boiled|p2a: Blissey\n|-heal|p2a: Blissey|67\/100\n|\n|-damage|p1a: Miraidon|21\/100 brn|[from] brn\n|upkeep\n|turn|49\n|\n|t:|1701052482\n|move|p1a: Miraidon|Taunt|p2a: Blissey\n|-start|p2a: Blissey|move: Taunt\n|move|p2a: Blissey|Shadow Ball|p1a: Miraidon\n|-damage|p1a: Miraidon|5\/100 brn\n|\n|-damage|p1a: Miraidon|0 fnt|[from] brn\n|faint|p1a: Miraidon\n|upkeep\n|c|\u2606Npathy13|what\n|\n|t:|1701052490\n|switch|p1a: Zacian|Zacian-Crowned|94\/100\n|-damage|p1a: Zacian|88\/100|[from] Stealth Rock\n|turn|50\n|c|\u2606biggestbirdbrain|i kept getting shadow ball debuffs\n|\n|t:|1701052505\n|switch|p2a: Skeledirge|Skeledirge, M|66\/100\n|move|p1a: Zacian|Swords Dance|p1a: Zacian\n|-boost|p1a: Zacian|atk|2\n|\n|-fieldend|move: Electric Terrain\n|upkeep\n|turn|51\n|c|\u2606Npathy13|ah okay lol\n|\n|t:|1701052511\n|move|p1a: Zacian|Behemoth Blade|p2a: Skeledirge\n|-resisted|p2a: Skeledirge\n|-damage|p2a: Skeledirge|47\/100\n|move|p2a: Skeledirge|Slack Off|p2a: Skeledirge\n|-heal|p2a: Skeledirge|97\/100\n|\n|upkeep\n|turn|52\n|c|\u2606Npathy13|is steel 4x weak\n|c|\u2606Npathy13|whys it doing so little dude\n|c|\u2606Npathy13|oh wait unaware\n|c|\u2606Npathy13|ignores stat buffs?\n|c|\u2606biggestbirdbrain|unaware+326 def\n|c|\u2606biggestbirdbrain|yea\n|\n|t:|1701052547\n|move|p1a: Zacian|Behemoth Blade|p2a: Skeledirge\n|-resisted|p2a: Skeledirge\n|-damage|p2a: Skeledirge|80\/100\n|move|p2a: Skeledirge|Will-O-Wisp|p1a: Zacian\n|-status|p1a: Zacian|brn\n|\n|-damage|p1a: Zacian|82\/100 brn|[from] brn\n|upkeep\n|turn|53\n|c|\u2606biggestbirdbrain|and 412 hp\n|c|\u2606Npathy13|geez\n|c|\u2606biggestbirdbrain|its a bulky mon\n|c|\u2606biggestbirdbrain|prolly best starter in paldea\n|\n|t:|1701052573\n|move|p1a: Zacian|Behemoth Blade|p2a: Skeledirge\n|-resisted|p2a: Skeledirge\n|-damage|p2a: Skeledirge|71\/100\n|move|p2a: Skeledirge|Torch Song|p1a: Zacian\n|-supereffective|p1a: Zacian\n|-damage|p1a: Zacian|30\/100 brn\n|-boost|p2a: Skeledirge|spa|1\n|\n|-damage|p1a: Zacian|24\/100 brn|[from] brn\n|upkeep\n|turn|54\n|c|\u2606Npathy13|oh yeah for sure\n|\n|t:|1701052584\n|move|p1a: Zacian|Behemoth Blade|p2a: Skeledirge\n|-resisted|p2a: Skeledirge\n|-damage|p2a: Skeledirge|63\/100\n|move|p2a: Skeledirge|Torch Song|p1a: Zacian\n|-supereffective|p1a: Zacian\n|-damage|p1a: Zacian|0 fnt\n|-boost|p2a: Skeledirge|spa|1\n|faint|p1a: Zacian\n|\n|win|biggestbirdbrain\n|c|\u2606biggestbirdbrain|gg\n|c|\u2606Npathy13|gg\n","uploadtime":1701052594,"views":2,"p1id":"npathy13","p2id":"biggestbirdbrain","formatid":"gen9ubers","rating":0,"private":0,"password":""}