{"id":"gen9ubers-1980571271","p1":"kiemoe","p2":"BigBabyGerry","format":"[Gen 9] Ubers","log":"|j|\u2606kiemoe\n|j|\u2606BigBabyGerry\n|t:|1698798645\n|gametype|singles\n|player|p1|kiemoe|102|\n|player|p2|BigBabyGerry|1|\n|teamsize|p1|6\n|teamsize|p2|6\n|gen|9\n|tier|[Gen 9] Ubers\n|rule|Sleep Clause Mod: Limit one foe put to sleep\n|rule|Species Clause: Limit one of each Pok\u00e9mon\n|rule|OHKO Clause: OHKO moves are banned\n|rule|Evasion Items Clause: Evasion items are banned\n|rule|Evasion Moves Clause: Evasion moves are banned\n|rule|Endless Battle Clause: Forcing endless battles is banned\n|rule|HP Percentage Mod: HP is shown in percentages\n|clearpoke\n|poke|p1|Landorus-Therian, M|\n|poke|p1|Gholdengo|\n|poke|p1|Houndstone, M|\n|poke|p1|Hippowdon, M|\n|poke|p1|Garchomp, M|\n|poke|p1|Grimmsnarl, M|\n|poke|p2|Iron Bundle|\n|poke|p2|Roaring Moon|\n|poke|p2|Gengar, M|\n|poke|p2|Mew|\n|poke|p2|Wigglytuff, M|\n|poke|p2|Tauros-Paldea-Aqua, M|\n|teampreview\n|j| Haymaker92\n|c| Haymaker92|gl gl\n|c|\u2606BigBabyGerry|glgl\n|j| Du-Gi-Oh\n|c|\u2606kiemoe|glgl\n|c| Du-Gi-Oh|Does Kiemoe have Dead-end dreams?\n|c| Du-Gi-Oh|Does BBG show any mercy?\n|c|\u2606kiemoe|i've got freeze nightmares\n|c| Du-Gi-Oh|RNG on whose side..\n|c| Du-Gi-Oh|Heart of the cards..\n|c| Du-Gi-Oh|lemme grab a beer\n|c| Du-Gi-Oh|P..\n|c| Du-Gi-Oh|S..\n|c| Du-Gi-Oh|L..\n|c| Du-Gi-Oh|COMMENCE\n|\n|t:|1698798833\n|start\n|switch|p1a: Gholdengo|Gholdengo|100\/100\n|switch|p2a: Stoogew|Mew|100\/100\n|turn|1\n|\n|t:|1698798857\n|move|p2a: Stoogew|Toxic Spikes|p1a: Gholdengo\n|-sidestart|p1: kiemoe|move: Toxic Spikes\n|move|p1a: Gholdengo|Nasty Plot|p1a: Gholdengo\n|-boost|p1a: Gholdengo|spa|2\n|\n|upkeep\n|turn|2\n|\n|t:|1698798873\n|move|p2a: Stoogew|Spikes|p1a: Gholdengo\n|-sidestart|p1: kiemoe|Spikes\n|move|p1a: Gholdengo|Shadow Ball|p2a: Stoogew\n|-supereffective|p2a: Stoogew\n|-damage|p2a: Stoogew|0 fnt\n|faint|p2a: Stoogew\n|\n|upkeep\n|\n|t:|1698798903\n|switch|p2a: Stoogaurous|Tauros-Paldea-Aqua, M, shiny|100\/100\n|-ability|p2a: Stoogaurous|Intimidate|boost\n|-unboost|p1a: Gholdengo|atk|1\n|-enditem|p1a: Gholdengo|White Herb\n|-clearnegativeboost|p1a: Gholdengo|[silent]\n|turn|3\n|\n|t:|1698798935\n|move|p2a: Stoogaurous|Earthquake|p1a: Gholdengo\n|-supereffective|p1a: Gholdengo\n|-damage|p1a: Gholdengo|0 fnt\n|faint|p1a: Gholdengo\n|\n|upkeep\n|\n|t:|1698798978\n|switch|p1a: Landorus|Landorus-Therian, M|100\/100\n|-ability|p1a: Landorus|Intimidate|boost\n|-unboost|p2a: Stoogaurous|atk|1\n|turn|4\n|\n|t:|1698799021\n|switch|p2a: Wigglystooge|Wigglytuff, M, shiny|100\/100\n|move|p1a: Landorus|Earthquake|p2a: Wigglystooge\n|-damage|p2a: Wigglystooge|14\/100\n|\n|upkeep\n|turn|5\n|\n|t:|1698799039\n|move|p1a: Landorus|Earthquake|p2a: Wigglystooge\n|-damage|p2a: Wigglystooge|0 fnt\n|faint|p2a: Wigglystooge\n|\n|upkeep\n|\n|t:|1698799048\n|switch|p2a: Stoogaurous|Tauros-Paldea-Aqua, M, shiny|100\/100\n|-ability|p2a: Stoogaurous|Intimidate|boost\n|-unboost|p1a: Landorus|atk|1\n|turn|6\n|\n|t:|1698799059\n|switch|p1a: Grimmsnarl|Grimmsnarl, M|100\/100\n|-status|p1a: Grimmsnarl|psn\n|-damage|p1a: Grimmsnarl|88\/100 psn|[from] Spikes\n|move|p2a: Stoogaurous|Raging Bull|p1a: Grimmsnarl\n|-damage|p1a: Grimmsnarl|9\/100 psn\n|\n|-damage|p1a: Grimmsnarl|0 fnt|[from] psn\n|faint|p1a: Grimmsnarl\n|upkeep\n|\n|t:|1698799070\n|switch|p1a: Landorus|Landorus-Therian, M|100\/100\n|-ability|p1a: Landorus|Intimidate|boost\n|-unboost|p2a: Stoogaurous|atk|1\n|turn|7\n|\n|t:|1698799077\n|move|p1a: Landorus|Earthquake|p2a: Stoogaurous\n|-damage|p2a: Stoogaurous|29\/100\n|move|p2a: Stoogaurous|Raging Bull|p1a: Landorus\n|-supereffective|p1a: Landorus\n|-damage|p1a: Landorus|8\/100\n|\n|upkeep\n|turn|8\n|\n|t:|1698799096\n|move|p1a: Landorus|Earthquake|p2a: Stoogaurous\n|-damage|p2a: Stoogaurous|0 fnt\n|faint|p2a: Stoogaurous\n|\n|upkeep\n|\n|t:|1698799122\n|switch|p2a: Stooge Bundle|Iron Bundle, shiny|100\/100\n|turn|9\n|\n|t:|1698799140\n|switch|p1a: Hippowdon|Hippowdon, M|100\/100\n|-status|p1a: Hippowdon|psn\n|-damage|p1a: Hippowdon|88\/100 psn|[from] Spikes\n|-weather|Sandstorm|[from] ability: Sand Stream|[of] p1a: Hippowdon\n|move|p2a: Stooge Bundle|Ice Beam|p1a: Hippowdon\n|-supereffective|p1a: Hippowdon\n|-damage|p1a: Hippowdon|0 fnt\n|faint|p1a: Hippowdon\n|\n|-weather|Sandstorm|[upkeep]\n|-damage|p2a: Stooge Bundle|95\/100|[from] Sandstorm\n|upkeep\n|\n|t:|1698799157\n|switch|p1a: Houndstone|Houndstone, M|100\/100\n|-status|p1a: Houndstone|psn\n|-damage|p1a: Houndstone|88\/100 psn|[from] Spikes\n|turn|10\n|\n|t:|1698799167\n|-terastallize|p2a: Stooge Bundle|Normal\n|move|p2a: Stooge Bundle|Ice Beam|p1a: Houndstone\n|-damage|p1a: Houndstone|38\/100 psn\n|move|p1a: Houndstone|Body Press|p2a: Stooge Bundle\n|-supereffective|p2a: Stooge Bundle\n|-damage|p2a: Stooge Bundle|28\/100\n|\n|-weather|Sandstorm|[upkeep]\n|-damage|p2a: Stooge Bundle|22\/100|[from] Sandstorm\n|-damage|p1a: Houndstone|25\/100 psn|[from] psn\n|upkeep\n|turn|11\n|\n|t:|1698799191\n|move|p2a: Stooge Bundle|Ice Beam|p1a: Houndstone\n|-damage|p1a: Houndstone|0 fnt\n|faint|p1a: Houndstone\n|\n|-weather|Sandstorm|[upkeep]\n|-damage|p2a: Stooge Bundle|16\/100|[from] Sandstorm\n|upkeep\n|\n|t:|1698799202\n|switch|p1a: Garchomp|Garchomp, M|100\/100\n|-status|p1a: Garchomp|psn\n|-damage|p1a: Garchomp|88\/100 psn|[from] Spikes\n|turn|12\n|\n|t:|1698799225\n|-terastallize|p1a: Garchomp|Water\n|move|p2a: Stooge Bundle|Ice Beam|p1a: Garchomp\n|-resisted|p1a: Garchomp\n|-crit|p1a: Garchomp\n|-damage|p1a: Garchomp|68\/100 psn\n|move|p1a: Garchomp|Earthquake|p2a: Stooge Bundle\n|-damage|p2a: Stooge Bundle|0 fnt\n|faint|p2a: Stooge Bundle\n|-end|p2a: Stooge Bundle|Quark Drive|[silent]\n|\n|-weather|Sandstorm|[upkeep]\n|-damage|p1a: Garchomp|62\/100 psn|[from] Sandstorm\n|-damage|p1a: Garchomp|50\/100 psn|[from] psn\n|upkeep\n|\n|t:|1698799256\n|switch|p2a: Gengmoe|Gengar, M, shiny|100\/100\n|turn|13\n|\n|t:|1698799261\n|move|p2a: Gengmoe|Shadow Ball|p1a: Garchomp\n|-damage|p1a: Garchomp|9\/100 psn\n|move|p1a: Garchomp|Earthquake|p2a: Gengmoe\n|-supereffective|p2a: Gengmoe\n|-damage|p2a: Gengmoe|0 fnt\n|faint|p2a: Gengmoe\n|\n|-weather|Sandstorm|[upkeep]\n|-damage|p1a: Garchomp|3\/100 psn|[from] Sandstorm\n|-damage|p1a: Garchomp|0 fnt|[from] psn\n|faint|p1a: Garchomp\n|upkeep\n|\n|t:|1698799271\n|switch|p2a: Roaring Stooge|Roaring Moon, shiny|100\/100\n|switch|p1a: Landorus|Landorus-Therian, M|8\/100\n|-ability|p1a: Landorus|Intimidate|boost\n|-unboost|p2a: Roaring Stooge|atk|1\n|turn|14\n|\n|t:|1698799315\n|move|p1a: Landorus|Earthquake|p2a: Roaring Stooge\n|-damage|p2a: Roaring Stooge|27\/100\n|move|p2a: Roaring Stooge|Jaw Lock|p1a: Landorus\n|-damage|p1a: Landorus|0 fnt\n|faint|p1a: Landorus\n|\n|win|BigBabyGerry\n|c|\u2606BigBabyGerry|gg\n|c|\u2606kiemoe|ggwp\n|c| Haymaker92|ggs\n|c| Du-Gi-Oh|godamn good game\n|c|\u2606kiemoe|yeah super hype games\n|j| seanbonjoviii\n|c| seanbonjoviii|dayum\n","uploadtime":1698799327,"views":13,"p1id":"kiemoe","p2id":"bigbabygerry","formatid":"gen9ubers","rating":0,"private":0,"password":""}