{"id":"gen9ubers-1969241538","p1":"Jeusu","p2":"Pimenta e Pimentao","format":"[Gen 9] Ubers","log":"|j|\u2606Jeusu\n|j|\u2606Pimenta e Pimentao\n|t:|1697505026\n|gametype|singles\n|player|p1|Jeusu|iris|1000\n|player|p2|Pimenta e Pimentao|101|1025\n|teamsize|p1|6\n|teamsize|p2|6\n|gen|9\n|tier|[Gen 9] Ubers\n|rated|\n|rule|Sleep Clause Mod: Limit one foe put to sleep\n|rule|Species Clause: Limit one of each Pok\u00e9mon\n|rule|OHKO Clause: OHKO moves are banned\n|rule|Evasion Items Clause: Evasion items are banned\n|rule|Evasion Moves Clause: Evasion moves are banned\n|rule|Endless Battle Clause: Forcing endless battles is banned\n|rule|HP Percentage Mod: HP is shown in percentages\n|clearpoke\n|poke|p1|Shaymin-Sky|\n|poke|p1|Dondozo, M|\n|poke|p1|Clodsire, F|\n|poke|p1|Cyclizar, M|\n|poke|p1|Baxcalibur, M|\n|poke|p1|Flutter Mane|\n|poke|p2|Miraidon|\n|poke|p2|Koraidon|\n|poke|p2|Chien-Pao|\n|poke|p2|Toxapex, M|\n|poke|p2|Grimmsnarl, M|\n|poke|p2|Maushold|\n|teampreview\n|inactive|Battle timer is ON: inactive players will automatically lose when time's up. (requested by Pimenta e Pimentao)\n|\n|t:|1697505040\n|start\n|switch|p1a: Shaymin|Shaymin-Sky|100\/100\n|switch|p2a: Grimmsnarl|Grimmsnarl, M|100\/100\n|turn|1\n|\n|t:|1697505047\n|move|p2a: Grimmsnarl|Light Screen|p2a: Grimmsnarl\n|-sidestart|p2: Pimenta e Pimentao|move: Light Screen\n|move|p1a: Shaymin|Seed Flare|p2a: Grimmsnarl\n|-damage|p2a: Grimmsnarl|53\/100\n|-unboost|p2a: Grimmsnarl|spd|2\n|\n|upkeep\n|turn|2\n|\n|t:|1697505052\n|move|p2a: Grimmsnarl|Reflect|p2a: Grimmsnarl\n|-sidestart|p2: Pimenta e Pimentao|Reflect\n|move|p1a: Shaymin|Seed Flare|p2a: Grimmsnarl\n|-damage|p2a: Grimmsnarl|0 fnt\n|faint|p2a: Grimmsnarl\n|\n|upkeep\n|\n|t:|1697505059\n|switch|p2a: Maushold|Maushold|100\/100\n|turn|3\n|\n|t:|1697505066\n|move|p1a: Shaymin|Seed Flare|p2a: Maushold\n|-crit|p2a: Maushold\n|-damage|p2a: Maushold|0 fnt\n|faint|p2a: Maushold\n|\n|upkeep\n|c|\u2606Jeusu|Lol\n|c|\u2606Jeusu|Sorry for that crit\n|\n|t:|1697505092\n|switch|p2a: Koraidon|Koraidon|100\/100\n|-weather|SunnyDay|[from] ability: Orichalcum Pulse|[of] p2a: Koraidon\n|-activate|p2a: Koraidon|Orichalcum Pulse|[source]\n|turn|4\n|\n|t:|1697505097\n|switch|p1a: Dondozo|Dondozo, M|100\/100\n|move|p2a: Koraidon|Flare Blitz|p1a: Dondozo\n|-resisted|p1a: Dondozo\n|-damage|p1a: Dondozo|70\/100\n|-damage|p2a: Koraidon|86\/100|[from] Recoil\n|\n|-weather|SunnyDay|[upkeep]\n|-heal|p1a: Dondozo|76\/100|[from] item: Leftovers\n|upkeep\n|turn|5\n|\n|t:|1697505109\n|switch|p2a: Miraidon|Miraidon|100\/100\n|-fieldstart|move: Electric Terrain|[from] ability: Hadron Engine|[of] p2a: Miraidon\n|switch|p1a: Clodsire|Clodsire, F|100\/100\n|\n|-weather|SunnyDay|[upkeep]\n|upkeep\n|turn|6\n|\n|t:|1697505124\n|move|p2a: Miraidon|Draco Meteor|p1a: Clodsire\n|-damage|p1a: Clodsire|52\/100\n|-unboost|p2a: Miraidon|spa|2\n|move|p1a: Clodsire|Stealth Rock|p2a: Miraidon\n|-sidestart|p2: Pimenta e Pimentao|move: Stealth Rock\n|\n|-weather|SunnyDay|[upkeep]\n|-heal|p1a: Clodsire|58\/100|[from] item: Leftovers\n|upkeep\n|turn|7\n|\n|t:|1697505133\n|move|p2a: Miraidon|Draco Meteor|p1a: Clodsire\n|-damage|p1a: Clodsire|7\/100\n|-unboost|p2a: Miraidon|spa|2\n|move|p1a: Clodsire|Recover|p1a: Clodsire\n|-heal|p1a: Clodsire|57\/100\n|\n|-weather|SunnyDay|[upkeep]\n|-heal|p1a: Clodsire|63\/100|[from] item: Leftovers\n|upkeep\n|turn|8\n|-message|Pimenta e Pimentao forfeited.\n|\n|win|Jeusu\n|raw|Jeusu's rating: 1000 &rarr; <strong>1043<\/strong><br \/>(+43 for winning)\n|raw|Pimenta e Pimentao's rating: 1025 &rarr; <strong>1010<\/strong><br \/>(-15 for losing)\n|l|\u2606Pimenta e Pimentao\n","uploadtime":1697505147,"views":11,"p1id":"jeusu","p2id":"pimentaepimentao","formatid":"gen9ubers","rating":1010,"private":0,"password":""}