{"id":"gen9ubers-1978292374","p1":"Pakuiui","p2":"NYSleepy","format":"[Gen 9] Ubers","log":"|j|\u2606Pakuiui\n|j|\u2606NYSleepy\n|t:|1698521679\n|gametype|singles\n|player|p1|Pakuiui|1|\n|player|p2|NYSleepy|benga|\n|teamsize|p1|6\n|teamsize|p2|6\n|gen|9\n|tier|[Gen 9] Ubers\n|rule|Sleep Clause Mod: Limit one foe put to sleep\n|rule|Species Clause: Limit one of each Pok\u00e9mon\n|rule|OHKO Clause: OHKO moves are banned\n|rule|Evasion Items Clause: Evasion items are banned\n|rule|Evasion Moves Clause: Evasion moves are banned\n|rule|Endless Battle Clause: Forcing endless battles is banned\n|rule|HP Percentage Mod: HP is shown in percentages\n|clearpoke\n|poke|p1|Dachsbun, F|\n|poke|p1|Garganacl, M|\n|poke|p1|Gyarados, M|\n|poke|p1|Talonflame, M|\n|poke|p1|Meowscarada, F|\n|poke|p1|Scream Tail|\n|poke|p2|Dragonite, F|\n|poke|p2|Quaquaval, M|\n|poke|p2|Skeledirge, M|\n|poke|p2|Slowbro-Galar, F|\n|poke|p2|Electrode-Hisui|\n|poke|p2|Florges, F|\n|teampreview\n|inactive|Battle timer is ON: inactive players will automatically lose when time's up. (requested by Pakuiui)\n|\n|t:|1698521707\n|start\n|switch|p1a: Meowscarada|Meowscarada, F|100\/100\n|switch|p2a: x|Electrode-Hisui|100\/100\n|turn|1\n|\n|t:|1698521727\n|move|p1a: Meowscarada|U-turn|p2a: x\n|-start|p1a: Meowscarada|typechange|Bug|[from] ability: Protean\n|-supereffective|p2a: x\n|-damage|p2a: x|10\/100\n|\n|t:|1698521749\n|switch|p1a: Scream Tail|Scream Tail|100\/100|[from] U-turn\n|move|p2a: x|Thunder Wave|p1a: Scream Tail\n|-status|p1a: Scream Tail|par\n|\n|-heal|p2a: x|16\/100|[from] item: Leftovers\n|upkeep\n|turn|2\n|\n|t:|1698521766\n|move|p2a: x|Volt Switch|p1a: Scream Tail\n|-damage|p1a: Scream Tail|89\/100 par\n|\n|t:|1698521771\n|switch|p2a: (|Slowbro-Galar, F|100\/100|[from] Volt Switch\n|move|p1a: Scream Tail|Stealth Rock|p2a: (\n|-sidestart|p2: NYSleepy|move: Stealth Rock\n|\n|upkeep\n|turn|3\n|\n|t:|1698521790\n|-end|p1a: Scream Tail|Protosynthesis|[silent]\n|switch|p1a: Garganacl|Garganacl, M|100\/100\n|move|p2a: (|Nasty Plot|p2a: (\n|-boost|p2a: (|spa|2\n|\n|upkeep\n|turn|4\n|inactive|Pakuiui has 270 seconds left.\n|inactive|Pakuiui has 240 seconds left.\n|-activate|p2a: (|ability: Quick Draw\n|\n|t:|1698521845\n|move|p2a: (|Focus Blast|p1a: Garganacl|[miss]\n|-miss|p2a: (|p1a: Garganacl\n|move|p1a: Garganacl|Earthquake|p2a: (\n|-supereffective|p2a: (\n|-damage|p2a: (|56\/100\n|\n|upkeep\n|turn|5\n|inactive|Pakuiui has 210 seconds left.\n|\n|t:|1698521899\n|switch|p1a: Scream Tail|Scream Tail|89\/100 par\n|move|p2a: (|Psyshock|p1a: Scream Tail\n|-resisted|p1a: Scream Tail\n|-damage|p1a: Scream Tail|61\/100 par\n|\n|upkeep\n|turn|6\n|inactive|Pakuiui has 180 seconds left.\n|\n|t:|1698521920\n|move|p1a: Scream Tail|Light Screen|p1a: Scream Tail\n|-sidestart|p1: Pakuiui|move: Light Screen\n|move|p2a: (|Shadow Ball|p1a: Scream Tail\n|-supereffective|p1a: Scream Tail\n|-damage|p1a: Scream Tail|33\/100 par\n|\n|upkeep\n|turn|7\n|-activate|p2a: (|item: Quick Claw\n|\n|t:|1698521929\n|move|p2a: (|Nasty Plot|p2a: (\n|-boost|p2a: (|spa|2\n|move|p1a: Scream Tail|Wish|p1a: Scream Tail\n|\n|upkeep\n|turn|8\n|inactive|Pakuiui has 180 seconds left.\n|\n|t:|1698521949\n|move|p1a: Scream Tail|Protect|p1a: Scream Tail\n|-singleturn|p1a: Scream Tail|Protect\n|move|p2a: (|Shadow Ball|p1a: Scream Tail\n|-activate|p1a: Scream Tail|move: Protect\n|\n|-heal|p1a: Scream Tail|83\/100 par|[from] move: Wish|[wisher] Scream Tail\n|upkeep\n|turn|9\n|-activate|p2a: (|item: Quick Claw\n|\n|t:|1698521964\n|-end|p1a: Scream Tail|Protosynthesis|[silent]\n|switch|p1a: Garganacl|Garganacl, M|100\/100\n|move|p2a: (|Psyshock|p1a: Garganacl\n|-damage|p1a: Garganacl|60\/100\n|\n|-heal|p1a: Garganacl|67\/100|[from] item: Leftovers\n|upkeep\n|turn|10\n|\n|t:|1698521983\n|move|p1a: Garganacl|Earthquake|p2a: (\n|-supereffective|p2a: (\n|-damage|p2a: (|14\/100\n|move|p2a: (|Focus Blast|p1a: Garganacl\n|-supereffective|p1a: Garganacl\n|-damage|p1a: Garganacl|0 fnt\n|faint|p1a: Garganacl\n|\n|upkeep\n|inactive|Pakuiui has 180 seconds left.\n|\n|t:|1698522003\n|switch|p1a: Gyarados|Gyarados, M|100\/100\n|-ability|p1a: Gyarados|Intimidate|boost\n|-unboost|p2a: (|atk|1\n|turn|11\n|-activate|p2a: (|item: Quick Claw\n|\n|t:|1698522009\n|move|p2a: (|Psyshock|p1a: Gyarados\n|-crit|p1a: Gyarados\n|-damage|p1a: Gyarados|0 fnt\n|faint|p1a: Gyarados\n|\n|upkeep\n|\n|t:|1698522022\n|switch|p1a: Talonflame|Talonflame, M|100\/100\n|turn|12\n|\n|t:|1698522026\n|move|p1a: Talonflame|Brave Bird|p2a: (\n|-damage|p2a: (|0 fnt\n|faint|p2a: (\n|-damage|p1a: Talonflame|95\/100|[from] Recoil\n|\n|upkeep\n|\n|t:|1698522041\n|switch|p2a: =|Dragonite, F|100\/100\n|turn|13\n|\n|t:|1698522063\n|switch|p2a: x|Electrode-Hisui|16\/100\n|-damage|p2a: x|4\/100|[from] Stealth Rock\n|move|p1a: Talonflame|Will-O-Wisp|p2a: x\n|-status|p2a: x|brn\n|\n|-heal|p2a: x|10\/100 brn|[from] item: Leftovers\n|-damage|p2a: x|4\/100 brn|[from] brn\n|-sideend|p1: Pakuiui|move: Light Screen\n|upkeep\n|turn|14\n|\n|t:|1698522077\n|switch|p1a: Scream Tail|Scream Tail|83\/100 par\n|move|p2a: x|Volt Switch|p1a: Scream Tail\n|-damage|p1a: Scream Tail|72\/100 par\n|\n|t:|1698522086\n|switch|p2a: -|Skeledirge, M|100\/100|[from] Volt Switch\n|\n|upkeep\n|turn|15\n|\n|t:|1698522099\n|-end|p1a: Scream Tail|Protosynthesis|[silent]\n|switch|p1a: Dachsbun|Dachsbun, F|100\/100\n|move|p2a: -|Hex|p1a: Dachsbun\n|-damage|p1a: Dachsbun|77\/100\n|\n|-heal|p1a: Dachsbun|83\/100|[from] item: Leftovers\n|upkeep\n|turn|16\n|\n|t:|1698522108\n|switch|p2a: x|Electrode-Hisui|4\/100 brn\n|-damage|p2a: x|0 fnt|[from] Stealth Rock\n|faint|p2a: x\n|move|p1a: Dachsbun|Yawn|p2: x|[notarget]\n|-fail|p1a: Dachsbun\n|\n|-heal|p1a: Dachsbun|89\/100|[from] item: Leftovers\n|upkeep\n|inactive|NYSleepy has 270 seconds left.\n|\n|t:|1698522138\n|switch|p2a: \/|Florges, F|100\/100\n|-damage|p2a: \/|88\/100|[from] Stealth Rock\n|turn|17\n|inactive|NYSleepy has 270 seconds left.\n|inactive|Pakuiui has 240 seconds left.\n|\n|t:|1698522156\n|move|p1a: Dachsbun|Yawn|p2a: \/\n|-start|p2a: \/|move: Yawn|[of] p1a: Dachsbun\n|move|p2a: \/|Moonblast|p1a: Dachsbun\n|-damage|p1a: Dachsbun|56\/100\n|\n|-heal|p1a: Dachsbun|62\/100|[from] item: Leftovers\n|-heal|p2a: \/|94\/100|[from] item: Leftovers\n|upkeep\n|turn|18\n|inactive|Pakuiui has 240 seconds left.\n|inactive|NYSleepy has 270 seconds left.\n|\n|t:|1698522172\n|move|p1a: Dachsbun|Wish|p1a: Dachsbun\n|move|p2a: \/|Wish|p2a: \/\n|\n|-heal|p1a: Dachsbun|68\/100|[from] item: Leftovers\n|-heal|p2a: \/|99\/100|[from] item: Leftovers\n|-end|p2a: \/|move: Yawn|[silent]\n|-status|p2a: \/|slp\n|upkeep\n|turn|19\n|inactive|NYSleepy has 270 seconds left.\n|inactive|Pakuiui has 240 seconds left.\n|\n|t:|1698522198\n|switch|p1a: Talonflame|Talonflame, M|95\/100\n|switch|p2a: -|Skeledirge, M|100\/100\n|\n|-heal|p1a: Talonflame|100\/100|[from] move: Wish|[wisher] Dachsbun\n|upkeep\n|turn|20\n|\n|t:|1698522210\n|switch|p1a: Dachsbun|Dachsbun, F|68\/100\n|move|p2a: -|Torch Song|p1a: Dachsbun\n|-ability|p1a: Dachsbun|Well-Baked Body|boost\n|-boost|p1a: Dachsbun|def|2\n|\n|-heal|p1a: Dachsbun|74\/100|[from] item: Leftovers\n|upkeep\n|turn|21\n|\n|t:|1698522217\n|move|p1a: Dachsbun|Wish|p1a: Dachsbun\n|move|p2a: -|Hex|p1a: Dachsbun\n|-damage|p1a: Dachsbun|52\/100\n|\n|-heal|p1a: Dachsbun|58\/100|[from] item: Leftovers\n|upkeep\n|turn|22\n|inactive|NYSleepy has 270 seconds left.\n|\n|t:|1698522228\n|move|p1a: Dachsbun|Play Rough|p2a: -\n|-resisted|p2a: -\n|-damage|p2a: -|90\/100\n|-unboost|p2a: -|atk|1\n|move|p2a: -|Hex|p1a: Dachsbun\n|-damage|p1a: Dachsbun|35\/100\n|\n|-heal|p1a: Dachsbun|85\/100|[from] move: Wish|[wisher] Dachsbun\n|-heal|p1a: Dachsbun|91\/100|[from] item: Leftovers\n|upkeep\n|turn|23\n|inactive|Pakuiui has 240 seconds left.\n|\n|t:|1698522247\n|move|p1a: Dachsbun|Play Rough|p2a: -\n|-resisted|p2a: -\n|-damage|p2a: -|80\/100\n|move|p2a: -|Hex|p1a: Dachsbun\n|-damage|p1a: Dachsbun|67\/100\n|\n|-heal|p1a: Dachsbun|73\/100|[from] item: Leftovers\n|upkeep\n|turn|24\n|\n|t:|1698522261\n|move|p1a: Dachsbun|Protect|p1a: Dachsbun\n|-singleturn|p1a: Dachsbun|Protect\n|move|p2a: -|Hex|p1a: Dachsbun\n|-activate|p1a: Dachsbun|move: Protect\n|\n|-heal|p1a: Dachsbun|79\/100|[from] item: Leftovers\n|upkeep\n|turn|25\n|inactive|Pakuiui has 240 seconds left.\n|\n|t:|1698522280\n|move|p1a: Dachsbun|Yawn|p2a: -\n|-start|p2a: -|move: Yawn|[of] p1a: Dachsbun\n|move|p2a: -|Hex|p1a: Dachsbun\n|-damage|p1a: Dachsbun|57\/100\n|\n|-heal|p1a: Dachsbun|63\/100|[from] item: Leftovers\n|upkeep\n|turn|26\n|\n|t:|1698522291\n|move|p1a: Dachsbun|Wish|p1a: Dachsbun\n|move|p2a: -|Slack Off|p2a: -\n|-heal|p2a: -|100\/100\n|\n|-heal|p1a: Dachsbun|69\/100|[from] item: Leftovers\n|-end|p2a: -|move: Yawn|[silent]\n|-message|Sleep Clause Mod activated.\n|-hint|Sleep Clause Mod prevents players from putting more than one of their opponent's Pok\u00e9mon to sleep at a time\n|upkeep\n|turn|27\n|\n|t:|1698522303\n|move|p1a: Dachsbun|Protect|p1a: Dachsbun\n|-singleturn|p1a: Dachsbun|Protect\n|move|p2a: -|Hex|p1a: Dachsbun\n|-activate|p1a: Dachsbun|move: Protect\n|\n|-heal|p1a: Dachsbun|100\/100|[from] move: Wish|[wisher] Dachsbun\n|upkeep\n|turn|28\n|\n|t:|1698522322\n|switch|p2a: \/|Florges, F|99\/100 slp\n|-damage|p2a: \/|88\/100 slp|[from] Stealth Rock\n|move|p1a: Dachsbun|Protect||[still]\n|-fail|p1a: Dachsbun\n|\n|-heal|p2a: \/|94\/100 slp|[from] item: Leftovers\n|upkeep\n|turn|29\n|inactive|Pakuiui has 240 seconds left.\n|\n|t:|1698522347\n|switch|p1a: Scream Tail|Scream Tail|72\/100 par\n|cant|p2a: \/|slp\n|\n|-heal|p2a: \/|99\/100 slp|[from] item: Leftovers\n|upkeep\n|turn|30\n|\n|t:|1698522357\n|cant|p2a: \/|slp\n|cant|p1a: Scream Tail|par\n|\n|-heal|p2a: \/|100\/100 slp|[from] item: Leftovers\n|upkeep\n|turn|31\n|\n|t:|1698522361\n|-curestatus|p2a: \/|slp|[msg]\n|move|p2a: \/|Calm Mind|p2a: \/\n|-boost|p2a: \/|spa|1\n|-boost|p2a: \/|spd|1\n|move|p1a: Scream Tail|Light Screen|p1a: Scream Tail\n|-sidestart|p1: Pakuiui|move: Light Screen\n|\n|upkeep\n|turn|32\n|\n|t:|1698522366\n|-end|p1a: Scream Tail|Protosynthesis|[silent]\n|switch|p1a: Dachsbun|Dachsbun, F|100\/100\n|move|p2a: \/|Calm Mind|p2a: \/\n|-boost|p2a: \/|spa|1\n|-boost|p2a: \/|spd|1\n|\n|upkeep\n|turn|33\n|\n|t:|1698522370\n|move|p1a: Dachsbun|Yawn|p2a: \/\n|-start|p2a: \/|move: Yawn|[of] p1a: Dachsbun\n|move|p2a: \/|Wish|p2a: \/\n|\n|upkeep\n|turn|34\n|\n|t:|1698522384\n|move|p1a: Dachsbun|Protect|p1a: Dachsbun\n|-singleturn|p1a: Dachsbun|Protect\n|move|p2a: \/|Calm Mind|p2a: \/\n|-boost|p2a: \/|spa|1\n|-boost|p2a: \/|spd|1\n|\n|-end|p2a: \/|move: Yawn|[silent]\n|-status|p2a: \/|slp\n|upkeep\n|turn|35\n|inactive|Pakuiui has 270 seconds left.\n|\n|t:|1698522419\n|switch|p1a: Talonflame|Talonflame, M|100\/100\n|cant|p2a: \/|slp\n|\n|upkeep\n|turn|36\n|\n|t:|1698522425\n|cant|p2a: \/|slp\n|move|p1a: Talonflame|Brave Bird|p2a: \/\n|-damage|p2a: \/|71\/100 slp\n|-damage|p1a: Talonflame|91\/100|[from] Recoil\n|\n|-heal|p2a: \/|77\/100 slp|[from] item: Leftovers\n|upkeep\n|turn|37\n|inactive|Pakuiui has 270 seconds left.\n|\n|t:|1698522434\n|move|p1a: Talonflame|Brave Bird|p2a: \/\n|-damage|p2a: \/|47\/100 slp\n|-damage|p1a: Talonflame|81\/100|[from] Recoil\n|cant|p2a: \/|slp\n|\n|-heal|p2a: \/|54\/100 slp|[from] item: Leftovers\n|upkeep\n|turn|38\n|\n|t:|1698522443\n|move|p1a: Talonflame|Brave Bird|p2a: \/\n|-damage|p2a: \/|24\/100 slp\n|-damage|p1a: Talonflame|71\/100|[from] Recoil\n|-curestatus|p2a: \/|slp|[msg]\n|move|p2a: \/|Wish|p2a: \/\n|\n|-heal|p2a: \/|30\/100|[from] item: Leftovers\n|-sideend|p1: Pakuiui|move: Light Screen\n|upkeep\n|turn|39\n|inactive|Pakuiui has 270 seconds left.\n|\n|t:|1698522466\n|move|p2a: \/|Protect|p2a: \/\n|-singleturn|p2a: \/|Protect\n|move|p1a: Talonflame|Brave Bird|p2a: \/\n|-activate|p2a: \/|move: Protect\n|\n|-heal|p2a: \/|80\/100|[from] move: Wish|[wisher] \/\n|-heal|p2a: \/|86\/100|[from] item: Leftovers\n|upkeep\n|turn|40\n|\n|t:|1698522481\n|move|p1a: Talonflame|Brave Bird|p2a: \/\n|-damage|p2a: \/|56\/100\n|-damage|p1a: Talonflame|61\/100|[from] Recoil\n|move|p2a: \/|Wish|p2a: \/\n|\n|-heal|p2a: \/|62\/100|[from] item: Leftovers\n|upkeep\n|turn|41\n|\n|t:|1698522500\n|move|p1a: Talonflame|Roost|p1a: Talonflame\n|-heal|p1a: Talonflame|100\/100\n|-singleturn|p1a: Talonflame|move: Roost\n|move|p2a: \/|Moonblast|p1a: Talonflame\n|-resisted|p1a: Talonflame\n|-damage|p1a: Talonflame|47\/100\n|\n|-heal|p2a: \/|100\/100|[from] move: Wish|[wisher] \/\n|upkeep\n|turn|42\n|inactive|Pakuiui has 270 seconds left.\n|\n|t:|1698522536\n|move|p1a: Talonflame|Brave Bird|p2a: \/\n|-damage|p2a: \/|73\/100\n|-damage|p1a: Talonflame|38\/100|[from] Recoil\n|move|p2a: \/|Moonblast|p1a: Talonflame\n|-resisted|p1a: Talonflame\n|-damage|p1a: Talonflame|0 fnt\n|faint|p1a: Talonflame\n|\n|-heal|p2a: \/|79\/100|[from] item: Leftovers\n|upkeep\n|j| lesbians2\n|inactive|Pakuiui has 240 seconds left.\n|\n|t:|1698522552\n|switch|p1a: Dachsbun|Dachsbun, F|100\/100\n|turn|43\n|\n|t:|1698522559\n|move|p1a: Dachsbun|Yawn|p2a: \/\n|-start|p2a: \/|move: Yawn|[of] p1a: Dachsbun\n|move|p2a: \/|Moonblast|p1a: Dachsbun\n|-damage|p1a: Dachsbun|23\/100\n|\n|-heal|p1a: Dachsbun|29\/100|[from] item: Leftovers\n|-heal|p2a: \/|85\/100|[from] item: Leftovers\n|upkeep\n|turn|44\n|c| lesbians2|these are both rlly good team builds tbh\n|\n|t:|1698522578\n|move|p1a: Dachsbun|Protect|p1a: Dachsbun\n|-singleturn|p1a: Dachsbun|Protect\n|move|p2a: \/|Wish|p2a: \/\n|\n|-heal|p1a: Dachsbun|35\/100|[from] item: Leftovers\n|-heal|p2a: \/|91\/100|[from] item: Leftovers\n|-end|p2a: \/|move: Yawn|[silent]\n|-status|p2a: \/|slp\n|upkeep\n|turn|45\n|inactive|Pakuiui has 240 seconds left.\n|\n|t:|1698522611\n|switch|p1a: Scream Tail|Scream Tail|72\/100 par\n|cant|p2a: \/|slp\n|\n|-heal|p2a: \/|100\/100 slp|[from] move: Wish|[wisher] \/\n|upkeep\n|turn|46\n|\n|t:|1698522624\n|cant|p2a: \/|slp\n|move|p1a: Scream Tail|Light Screen|p1a: Scream Tail\n|-sidestart|p1: Pakuiui|move: Light Screen\n|\n|upkeep\n|turn|47\n|inactive|Pakuiui has 240 seconds left.\n|\n|t:|1698522644\n|-curestatus|p2a: \/|slp|[msg]\n|move|p2a: \/|Calm Mind|p2a: \/\n|-boost|p2a: \/|spa|1\n|-boost|p2a: \/|spd|1\n|move|p1a: Scream Tail|Wish|p1a: Scream Tail\n|\n|upkeep\n|turn|48\n|\n|t:|1698522658\n|-end|p1a: Scream Tail|Protosynthesis|[silent]\n|switch|p1a: Dachsbun|Dachsbun, F|35\/100\n|move|p2a: \/|Calm Mind|p2a: \/\n|-boost|p2a: \/|spa|1\n|-boost|p2a: \/|spd|1\n|\n|-heal|p1a: Dachsbun|100\/100|[from] move: Wish|[wisher] Scream Tail\n|upkeep\n|turn|49\n|l| lesbians2\n|\n|t:|1698522662\n|move|p1a: Dachsbun|Yawn|p2a: \/\n|-start|p2a: \/|move: Yawn|[of] p1a: Dachsbun\n|move|p2a: \/|Moonblast|p1a: Dachsbun\n|-damage|p1a: Dachsbun|44\/100\n|\n|-heal|p1a: Dachsbun|50\/100|[from] item: Leftovers\n|upkeep\n|turn|50\n|\n|t:|1698522675\n|move|p1a: Dachsbun|Play Rough|p2a: \/\n|-damage|p2a: \/|77\/100\n|move|p2a: \/|Moonblast|p1a: Dachsbun\n|-damage|p1a: Dachsbun|0 fnt\n|faint|p1a: Dachsbun\n|\n|-heal|p2a: \/|83\/100|[from] item: Leftovers\n|-end|p2a: \/|move: Yawn|[silent]\n|-status|p2a: \/|slp\n|upkeep\n|\n|t:|1698522681\n|switch|p1a: Meowscarada|Meowscarada, F|100\/100\n|turn|51\n|\n|t:|1698522699\n|move|p1a: Meowscarada|Flower Trick|p2a: \/\n|-start|p1a: Meowscarada|typechange|Grass|[from] ability: Protean\n|-crit|p2a: \/\n|-damage|p2a: \/|40\/100 slp\n|cant|p2a: \/|slp\n|\n|-heal|p2a: \/|46\/100 slp|[from] item: Leftovers\n|upkeep\n|turn|52\n|\n|t:|1698522712\n|switch|p2a: -|Skeledirge, M|100\/100\n|move|p1a: Meowscarada|Flower Trick|p2a: -\n|-resisted|p2a: -\n|-crit|p2a: -\n|-damage|p2a: -|81\/100\n|\n|upkeep\n|turn|53\n|\n|t:|1698522718\n|switch|p1a: Scream Tail|Scream Tail|72\/100 par\n|move|p2a: -|Torch Song|p1a: Scream Tail\n|-damage|p1a: Scream Tail|64\/100 par\n|-boost|p2a: -|spa|1\n|\n|-sideend|p1: Pakuiui|move: Light Screen\n|upkeep\n|turn|54\n|\n|t:|1698522726\n|move|p2a: -|Hex|p1a: Scream Tail\n|-supereffective|p1a: Scream Tail\n|-damage|p1a: Scream Tail|0 fnt\n|faint|p1a: Scream Tail\n|-end|p1a: Scream Tail|Protosynthesis|[silent]\n|\n|upkeep\n|\n|t:|1698522728\n|switch|p1a: Meowscarada|Meowscarada, F|100\/100\n|turn|55\n|\n|t:|1698522732\n|move|p1a: Meowscarada|Knock Off|p2a: -\n|-start|p1a: Meowscarada|typechange|Dark|[from] ability: Protean\n|-supereffective|p2a: -\n|-damage|p2a: -|11\/100\n|-enditem|p2a: -|Heavy-Duty Boots|[from] move: Knock Off|[of] p1a: Meowscarada\n|move|p2a: -|Torch Song|p1a: Meowscarada\n|-damage|p1a: Meowscarada|29\/100\n|-boost|p2a: -|spa|1\n|\n|upkeep\n|turn|56\n|\n|t:|1698522739\n|move|p1a: Meowscarada|Knock Off|p2a: -\n|-supereffective|p2a: -\n|-damage|p2a: -|0 fnt\n|faint|p2a: -\n|\n|upkeep\n|\n|t:|1698522745\n|switch|p2a: =|Dragonite, F|100\/100\n|turn|57\n|\n|t:|1698522750\n|move|p2a: =|Extreme Speed|p1a: Meowscarada\n|-damage|p1a: Meowscarada|0 fnt\n|faint|p1a: Meowscarada\n|\n|win|NYSleepy\n|l|\u2606Pakuiui\n","uploadtime":1698522759,"views":44,"p1id":"pakuiui","p2id":"nysleepy","formatid":"gen9ubers","rating":0,"private":0,"password":""}