{"id":"gen9ubers-1975497807","p1":"hayesdl","p2":"Electricratman","format":"[Gen 9] Ubers","log":"|j|\u2606hayesdl\n|j|\u2606Electricratman\n|t:|1698197732\n|gametype|singles\n|player|p1|hayesdl|101|1040\n|player|p2|Electricratman|266|1113\n|teamsize|p1|6\n|teamsize|p2|6\n|gen|9\n|tier|[Gen 9] Ubers\n|rated|\n|rule|Sleep Clause Mod: Limit one foe put to sleep\n|rule|Species Clause: Limit one of each Pok\u00e9mon\n|rule|OHKO Clause: OHKO moves are banned\n|rule|Evasion Items Clause: Evasion items are banned\n|rule|Evasion Moves Clause: Evasion moves are banned\n|rule|Endless Battle Clause: Forcing endless battles is banned\n|rule|HP Percentage Mod: HP is shown in percentages\n|clearpoke\n|poke|p1|Shaymin-Sky|\n|poke|p1|Landorus, M|\n|poke|p1|Arceus-Water|\n|poke|p1|Mewtwo|\n|poke|p1|Giratina-Origin|\n|poke|p1|Volcarona, M|\n|poke|p2|Overqwil, F|\n|poke|p2|Politoed, M|\n|poke|p2|Greninja-*, M|\n|poke|p2|Magearna|\n|poke|p2|Thundurus-Therian, M|\n|poke|p2|Weezing-Galar, M|\n|teampreview\n|\n|t:|1698197771\n|start\n|switch|p1a: Landorus|Landorus, M|100\/100\n|switch|p2a: Thundy|Thundurus-Therian, M|100\/100\n|turn|1\n|\n|t:|1698197791\n|switch|p2a: Politoed|Politoed, M, shiny|100\/100\n|-weather|RainDance|[from] ability: Drizzle|[of] p2a: Politoed\n|move|p1a: Landorus|Stealth Rock|p2a: Politoed\n|-sidestart|p2: Electricratman|move: Stealth Rock\n|\n|-weather|RainDance|[upkeep]\n|upkeep\n|turn|2\n|\n|t:|1698197811\n|switch|p1a: Shaymin|Shaymin-Sky|100\/100\n|move|p2a: Politoed|Ice Beam|p1a: Shaymin\n|-supereffective|p1a: Shaymin\n|-damage|p1a: Shaymin|0 fnt\n|faint|p1a: Shaymin\n|\n|-weather|RainDance|[upkeep]\n|upkeep\n|\n|t:|1698197823\n|switch|p1a: Mewtwo|Mewtwo|100\/100\n|-ability|p1a: Mewtwo|Pressure\n|turn|3\n|\n|t:|1698197843\n|-terastallize|p2a: Politoed|Ground\n|move|p1a: Mewtwo|Thunderbolt|p2a: Politoed\n|-immune|p2a: Politoed\n|move|p2a: Politoed|Weather Ball|p1a: Mewtwo\n|-damage|p1a: Mewtwo|34\/100\n|\n|-weather|RainDance|[upkeep]\n|upkeep\n|turn|4\n|\n|t:|1698197862\n|switch|p1a: Arceus|Arceus-Water|100\/100\n|move|p2a: Politoed|Weather Ball|p1a: Arceus\n|-resisted|p1a: Arceus\n|-damage|p1a: Arceus|77\/100\n|\n|-weather|RainDance|[upkeep]\n|upkeep\n|turn|5\n|\n|t:|1698197894\n|switch|p2a: Weezing|Weezing-Galar, M|100\/100\n|-ability|p2a: Weezing|Neutralizing Gas\n|move|p1a: Arceus|Ice Beam|p2a: Weezing\n|-crit|p2a: Weezing\n|-damage|p2a: Weezing|32\/100\n|\n|-weather|RainDance|[upkeep]\n|upkeep\n|turn|6\n|\n|t:|1698197908\n|move|p1a: Arceus|Judgment|p2a: Weezing\n|-damage|p2a: Weezing|0 fnt\n|faint|p2a: Weezing\n|-end|p2a: Weezing|ability: Neutralizing Gas\n|\n|-weather|RainDance|[upkeep]\n|upkeep\n|\n|t:|1698197928\n|switch|p2a: Thundy|Thundurus-Therian, M|100\/100\n|-damage|p2a: Thundy|76\/100|[from] Stealth Rock\n|turn|7\n|\n|t:|1698197947\n|switch|p1a: Landorus|Landorus, M|100\/100\n|move|p2a: Thundy|Thunder|p1a: Landorus\n|-immune|p1a: Landorus\n|\n|-weather|RainDance|[upkeep]\n|upkeep\n|turn|8\n|\n|t:|1698197966\n|switch|p2a: Overqwil|Overqwil, F|100\/100\n|-damage|p2a: Overqwil|88\/100|[from] Stealth Rock\n|move|p1a: Landorus|Outrage|p2a: Overqwil\n|-damage|p2a: Overqwil|38\/100\n|\n|-weather|none\n|upkeep\n|turn|9\n|\n|t:|1698197988\n|switch|p2a: Magearna|Magearna|100\/100\n|-damage|p2a: Magearna|94\/100|[from] Stealth Rock\n|move|p1a: Landorus|Outrage|p2a: Magearna|[from]lockedmove\n|-immune|p2a: Magearna\n|\n|-heal|p2a: Magearna|100\/100|[from] item: Leftovers\n|upkeep\n|turn|10\n|\n|t:|1698198006\n|switch|p1a: Volcarona|Volcarona, M|100\/100\n|move|p2a: Magearna|Calm Mind|p2a: Magearna\n|-boost|p2a: Magearna|spa|1\n|-boost|p2a: Magearna|spd|1\n|\n|upkeep\n|turn|11\n|\n|t:|1698198013\n|move|p1a: Volcarona|Quiver Dance|p1a: Volcarona\n|-boost|p1a: Volcarona|spa|1\n|-boost|p1a: Volcarona|spd|1\n|-boost|p1a: Volcarona|spe|1\n|move|p2a: Magearna|Shift Gear|p2a: Magearna\n|-boost|p2a: Magearna|spe|2\n|-boost|p2a: Magearna|atk|1\n|\n|upkeep\n|turn|12\n|\n|t:|1698198026\n|move|p1a: Volcarona|Quiver Dance|p1a: Volcarona\n|-boost|p1a: Volcarona|spa|1\n|-boost|p1a: Volcarona|spd|1\n|-boost|p1a: Volcarona|spe|1\n|move|p2a: Magearna|Shift Gear|p2a: Magearna\n|-boost|p2a: Magearna|spe|2\n|-boost|p2a: Magearna|atk|1\n|\n|upkeep\n|turn|13\n|\n|t:|1698198035\n|move|p1a: Volcarona|Flamethrower|p2a: Magearna\n|-supereffective|p2a: Magearna\n|-damage|p2a: Magearna|0 fnt\n|faint|p2a: Magearna\n|-damage|p1a: Volcarona|91\/100|[from] item: Life Orb\n|\n|upkeep\n|\n|t:|1698198051\n|switch|p2a: Politoed|Politoed, M, shiny, tera:Ground|100\/100\n|-damage|p2a: Politoed|94\/100|[from] Stealth Rock\n|-weather|RainDance|[from] ability: Drizzle|[of] p2a: Politoed\n|turn|14\n|\n|t:|1698198072\n|-terastallize|p1a: Volcarona|Bug\n|move|p1a: Volcarona|Psychic|p2a: Politoed\n|-damage|p2a: Politoed|8\/100\n|-unboost|p2a: Politoed|spd|1\n|-damage|p1a: Volcarona|81\/100|[from] item: Life Orb\n|move|p2a: Politoed|Weather Ball|p1a: Volcarona\n|-damage|p1a: Volcarona|46\/100\n|\n|-weather|RainDance|[upkeep]\n|upkeep\n|turn|15\n|\n|t:|1698198092\n|move|p1a: Volcarona|Morning Sun|p1a: Volcarona\n|-heal|p1a: Volcarona|71\/100\n|move|p2a: Politoed|Weather Ball|p1a: Volcarona\n|-damage|p1a: Volcarona|36\/100\n|\n|-weather|RainDance|[upkeep]\n|upkeep\n|turn|16\n|\n|t:|1698198106\n|move|p1a: Volcarona|Psychic|p2a: Politoed\n|-damage|p2a: Politoed|0 fnt\n|faint|p2a: Politoed\n|-damage|p1a: Volcarona|26\/100|[from] item: Life Orb\n|\n|-weather|RainDance|[upkeep]\n|upkeep\n|\n|t:|1698198126\n|switch|p2a: Overqwil|Overqwil, F|38\/100\n|-damage|p2a: Overqwil|26\/100|[from] Stealth Rock\n|turn|17\n|\n|t:|1698198148\n|move|p2a: Overqwil|Aqua Jet|p1a: Volcarona\n|-damage|p1a: Volcarona|0 fnt\n|faint|p1a: Volcarona\n|-damage|p2a: Overqwil|16\/100|[from] item: Life Orb\n|\n|-weather|RainDance|[upkeep]\n|upkeep\n|\n|t:|1698198164\n|switch|p1a: Landorus|Landorus, M|100\/100\n|turn|18\n|\n|t:|1698198177\n|move|p2a: Overqwil|Liquidation|p1a: Landorus\n|-supereffective|p1a: Landorus\n|-damage|p1a: Landorus|0 fnt\n|faint|p1a: Landorus\n|-damage|p2a: Overqwil|6\/100|[from] item: Life Orb\n|\n|-weather|RainDance|[upkeep]\n|upkeep\n|\n|t:|1698198185\n|switch|p1a: Giratina|Giratina-Origin|100\/100\n|turn|19\n|\n|t:|1698198208\n|move|p2a: Overqwil|Gunk Shot|p1a: Giratina\n|-resisted|p1a: Giratina\n|-damage|p1a: Giratina|73\/100\n|-damage|p2a: Overqwil|0 fnt|[from] item: Life Orb\n|faint|p2a: Overqwil\n|move|p1a: Giratina|Stone Edge|p2: Overqwil|[notarget]\n|-fail|p1a: Giratina\n|\n|-weather|RainDance|[upkeep]\n|upkeep\n|\n|t:|1698198223\n|switch|p2a: Greninja|Greninja, M, shiny|100\/100\n|-damage|p2a: Greninja|88\/100|[from] Stealth Rock\n|turn|20\n|\n|t:|1698198230\n|move|p2a: Greninja|Dark Pulse|p1a: Giratina\n|-start|p2a: Greninja|typechange|Dark|[from] ability: Protean\n|-supereffective|p1a: Giratina\n|-damage|p1a: Giratina|2\/100\n|move|p1a: Giratina|Draco Meteor|p2a: Greninja\n|-damage|p2a: Greninja|0 fnt\n|-unboost|p1a: Giratina|spa|2\n|faint|p2a: Greninja\n|\n|-weather|RainDance|[upkeep]\n|upkeep\n|\n|t:|1698198243\n|switch|p2a: Thundy|Thundurus-Therian, M|76\/100\n|-damage|p2a: Thundy|51\/100|[from] Stealth Rock\n|turn|21\n|\n|t:|1698198257\n|move|p2a: Thundy|Flash Cannon|p1a: Giratina\n|-damage|p1a: Giratina|0 fnt\n|faint|p1a: Giratina\n|\n|-weather|none\n|upkeep\n|\n|t:|1698198267\n|switch|p1a: Mewtwo|Mewtwo|34\/100\n|-ability|p1a: Mewtwo|Pressure\n|turn|22\n|\n|t:|1698198283\n|move|p1a: Mewtwo|Flamethrower|p2a: Thundy\n|-damage|p2a: Thundy|0 fnt\n|faint|p2a: Thundy\n|\n|win|hayesdl\n|raw|hayesdl's rating: 1040 &rarr; <strong>1081<\/strong><br \/>(+41 for winning)\n|raw|Electricratman's rating: 1113 &rarr; <strong>1083<\/strong><br \/>(-30 for losing)\n|l|\u2606hayesdl\n","uploadtime":1698198315,"views":10,"p1id":"hayesdl","p2id":"electricratman","formatid":"gen9ubers","rating":1081,"private":0,"password":""}