{"id":"gen9ubers-1971655370","p1":"Turkitty","p2":"RichieF","format":"[Gen 9] Ubers","log":"|j|\u2606Turkitty\n|j|\u2606RichieF\n|t:|1697757758\n|gametype|singles\n|player|p1|Turkitty|102|1567\n|player|p2|RichieF|lucas|1446\n|teamsize|p1|6\n|teamsize|p2|6\n|gen|9\n|tier|[Gen 9] Ubers\n|rated|\n|rule|Sleep Clause Mod: Limit one foe put to sleep\n|rule|Species Clause: Limit one of each Pok\u00e9mon\n|rule|OHKO Clause: OHKO moves are banned\n|rule|Evasion Items Clause: Evasion items are banned\n|rule|Evasion Moves Clause: Evasion moves are banned\n|rule|Endless Battle Clause: Forcing endless battles is banned\n|rule|HP Percentage Mod: HP is shown in percentages\n|clearpoke\n|poke|p1|Zacian-*|\n|poke|p1|Ditto|\n|poke|p1|Ribombee, F|\n|poke|p1|Arceus|\n|poke|p1|Spectrier|\n|poke|p1|Dialga|\n|poke|p2|Rayquaza|\n|poke|p2|Zacian-*|\n|poke|p2|Glimmora, M|\n|poke|p2|Giratina-Origin|\n|poke|p2|Arceus-Water|\n|poke|p2|Dialga-Origin|\n|teampreview\n|inactive|Battle timer is ON: inactive players will automatically lose when time's up. (requested by RichieF)\n|\n|t:|1697757788\n|start\n|switch|p1a: Dialga|Dialga|100\/100\n|switch|p2a: Poisoning Petal|Glimmora, M, shiny|100\/100\n|-ability|p1a: Dialga|Pressure\n|turn|1\n|\n|t:|1697757794\n|move|p2a: Poisoning Petal|Stealth Rock|p1a: Dialga\n|-sidestart|p1: Turkitty|move: Stealth Rock\n|move|p1a: Dialga|Heavy Slam|p2a: Poisoning Petal\n|-supereffective|p2a: Poisoning Petal\n|-enditem|p2a: Poisoning Petal|Focus Sash\n|-damage|p2a: Poisoning Petal|1\/100\n|-activate|p2a: Poisoning Petal|ability: Toxic Debris\n|-sidestart|p1: Turkitty|move: Toxic Spikes\n|\n|upkeep\n|turn|2\n|\n|t:|1697757802\n|move|p2a: Poisoning Petal|Spikes|p1a: Dialga\n|-sidestart|p1: Turkitty|Spikes\n|move|p1a: Dialga|Stealth Rock|p2a: Poisoning Petal\n|-sidestart|p2: RichieF|move: Stealth Rock\n|\n|upkeep\n|turn|3\n|\n|t:|1697757807\n|move|p2a: Poisoning Petal|Spikes|p1a: Dialga\n|-sidestart|p1: Turkitty|Spikes\n|move|p1a: Dialga|Roar|p2a: Poisoning Petal\n|drag|p2a: Soaring Screech|Rayquaza, shiny|100\/100\n|-damage|p2a: Soaring Screech|76\/100|[from] Stealth Rock\n|-ability|p2a: Soaring Screech|Air Lock\n|\n|upkeep\n|turn|4\n|c|\u2606RichieF|Not particularly kind of you\n|\n|t:|1697757819\n|move|p2a: Soaring Screech|Earthquake|p1a: Dialga\n|-supereffective|p1a: Dialga\n|-damage|p1a: Dialga|41\/100\n|move|p1a: Dialga|Roar|p2a: Soaring Screech\n|drag|p2a: Iron Canine|Zacian-Crowned|100\/100\n|-damage|p2a: Iron Canine|94\/100|[from] Stealth Rock\n|-ability|p2a: Iron Canine|Intrepid Sword|boost\n|-boost|p2a: Iron Canine|atk|1\n|\n|-heal|p1a: Dialga|47\/100|[from] item: Leftovers\n|upkeep\n|turn|5\n|\n|t:|1697757830\n|move|p2a: Iron Canine|Sacred Sword|p1a: Dialga\n|-supereffective|p1a: Dialga\n|-damage|p1a: Dialga|0 fnt\n|faint|p1a: Dialga\n|\n|upkeep\n|\n|t:|1697757833\n|switch|p1a: Ditto|Ditto|100\/100\n|-damage|p1a: Ditto|88\/100|[from] Stealth Rock\n|-status|p1a: Ditto|psn\n|-damage|p1a: Ditto|71\/100 psn|[from] Spikes\n|-transform|p1a: Ditto|p2a: Iron Canine|[from] ability: Imposter\n|-ability|p1a: Ditto|Intrepid Sword|boost\n|-boost|p1a: Ditto|atk|1\n|turn|6\n|\n|t:|1697757848\n|-terastallize|p2a: Iron Canine|Steel\n|move|p1a: Ditto|Behemoth Blade|p2a: Iron Canine\n|-resisted|p2a: Iron Canine\n|-damage|p2a: Iron Canine|43\/100\n|move|p2a: Iron Canine|Behemoth Blade|p1a: Ditto\n|-damage|p1a: Ditto|0 fnt\n|faint|p1a: Ditto\n|\n|upkeep\n|c|\u2606RichieF|Oh no, somebody call an ambulance!\n|c|\u2606RichieF|BUT NOT FOR ME\n|\n|t:|1697757855\n|switch|p1a: Ribombee|Ribombee, F|100\/100\n|-damage|p1a: Ribombee|76\/100|[from] Stealth Rock\n|-status|p1a: Ribombee|psn\n|-damage|p1a: Ribombee|59\/100 psn|[from] Spikes\n|turn|7\n|\n|t:|1697757861\n|move|p1a: Ribombee|Stun Spore|p2a: Iron Canine\n|-status|p2a: Iron Canine|par\n|move|p2a: Iron Canine|Behemoth Blade|p1a: Ribombee\n|-supereffective|p1a: Ribombee\n|-damage|p1a: Ribombee|0 fnt\n|faint|p1a: Ribombee\n|\n|upkeep\n|\n|t:|1697757864\n|switch|p1a: Spectrier|Spectrier|100\/100\n|turn|8\n|\n|t:|1697757874\n|-terastallize|p1a: Spectrier|Fighting\n|move|p1a: Spectrier|Tera Blast|p2a: Iron Canine|[anim] Tera Blast Fighting\n|-supereffective|p2a: Iron Canine\n|-damage|p2a: Iron Canine|0 fnt\n|faint|p2a: Iron Canine\n|-ability|p1a: Spectrier|Grim Neigh|boost\n|-boost|p1a: Spectrier|spa|1\n|\n|upkeep\n|\n|t:|1697757882\n|switch|p2a: Iron Clock|Dialga-Origin, shiny|100\/100\n|-damage|p2a: Iron Clock|94\/100|[from] Stealth Rock\n|-ability|p2a: Iron Clock|Pressure\n|turn|9\n|\n|t:|1697757887\n|move|p1a: Spectrier|Tera Blast|p2a: Iron Clock|[anim] Tera Blast Fighting\n|-supereffective|p2a: Iron Clock\n|-damage|p2a: Iron Clock|0 fnt\n|faint|p2a: Iron Clock\n|-ability|p1a: Spectrier|Grim Neigh|boost\n|-boost|p1a: Spectrier|spa|1\n|\n|upkeep\n|\n|t:|1697757893\n|switch|p2a: Sinning Centipede|Giratina-Origin, shiny|100\/100\n|-damage|p2a: Sinning Centipede|88\/100|[from] Stealth Rock\n|turn|10\n|\n|t:|1697757897\n|move|p1a: Spectrier|Shadow Ball|p2a: Sinning Centipede\n|-supereffective|p2a: Sinning Centipede\n|-damage|p2a: Sinning Centipede|0 fnt\n|faint|p2a: Sinning Centipede\n|-ability|p1a: Spectrier|Grim Neigh|boost\n|-boost|p1a: Spectrier|spa|1\n|\n|upkeep\n|c|\u2606RichieF|Actually, yeah, for me lol\n|\n|t:|1697757906\n|switch|p2a: Poisoning Petal|Glimmora, M, shiny|1\/100\n|-damage|p2a: Poisoning Petal|0 fnt|[from] Stealth Rock\n|faint|p2a: Poisoning Petal\n|\n|t:|1697757915\n|switch|p2a: Soaring Screech|Rayquaza, shiny|76\/100\n|-damage|p2a: Soaring Screech|51\/100|[from] Stealth Rock\n|-ability|p2a: Soaring Screech|Air Lock\n|turn|11\n|\n|t:|1697757920\n|move|p1a: Spectrier|Shadow Ball|p2a: Soaring Screech\n|-damage|p2a: Soaring Screech|0 fnt\n|faint|p2a: Soaring Screech\n|-ability|p1a: Spectrier|Grim Neigh|boost\n|-boost|p1a: Spectrier|spa|1\n|\n|upkeep\n|c|\u2606Turkitty|gg\n|c|\u2606RichieF|gg\n|\n|t:|1697757926\n|switch|p2a: greg|Arceus-Water, shiny|100\/100\n|-damage|p2a: greg|88\/100|[from] Stealth Rock\n|turn|12\n|-message|RichieF forfeited.\n|\n|win|Turkitty\n|raw|Turkitty's rating: 1567 &rarr; <strong>1580<\/strong><br \/>(+13 for winning)\n|raw|RichieF's rating: 1446 &rarr; <strong>1433<\/strong><br \/>(-13 for losing)\n|l|\u2606RichieF\n","uploadtime":1697757945,"views":7,"p1id":"turkitty","p2id":"richief","formatid":"gen9ubers","rating":1433,"private":0,"password":""}