{"id":"gen9ubers-1998125445","p1":"Emilchelo","p2":"eelektross115","format":"[Gen 9] Ubers","log":"|j|\u203dEmilchelo\n|j|\u2606eelektross115\n|t:|1700895952\n|gametype|singles\n|player|p1|Emilchelo|1|1114\n|player|p2|eelektross115|hilbert-wonderlauncher|1222\n|teamsize|p1|6\n|teamsize|p2|6\n|gen|9\n|tier|[Gen 9] Ubers\n|rated|\n|rule|Sleep Clause Mod: Limit one foe put to sleep\n|rule|Species Clause: Limit one of each Pok\u00e9mon\n|rule|OHKO Clause: OHKO moves are banned\n|rule|Evasion Items Clause: Evasion items are banned\n|rule|Evasion Moves Clause: Evasion moves are banned\n|rule|Endless Battle Clause: Forcing endless battles is banned\n|rule|HP Percentage Mod: HP is shown in percentages\n|clearpoke\n|poke|p1|Ting-Lu|\n|poke|p1|Regieleki|\n|poke|p1|Groudon|\n|poke|p1|Arceus-Water|\n|poke|p1|Chansey, F|\n|poke|p1|Kingambit, M|\n|poke|p2|Ogerpon-Hearthflame, F|\n|poke|p2|Ribombee, M|\n|poke|p2|Palafin, M|\n|poke|p2|Rayquaza|\n|poke|p2|Groudon|\n|poke|p2|Revavroom, M|\n|teampreview\n|inactive|Battle timer is ON: inactive players will automatically lose when time's up. (requested by eelektross115)\n|\n|t:|1700895969\n|start\n|switch|p1a: Regieleki|Regieleki|100\/100\n|switch|p2a: Palafin|Palafin, M|100\/100\n|turn|1\n|\n|t:|1700895982\n|detailschange|p2a: Palafin|Palafin-Hero, M\n|switch|p2a: Groudon|Groudon|100\/100\n|-weather|SunnyDay|[from] ability: Drought|[of] p2a: Groudon\n|-terastallize|p1a: Regieleki|Ice\n|move|p1a: Regieleki|Tera Blast|p2a: Groudon|[anim] Tera Blast Ice\n|-supereffective|p2a: Groudon\n|-damage|p2a: Groudon|0 fnt\n|faint|p2a: Groudon\n|\n|-weather|SunnyDay|[upkeep]\n|upkeep\n|inactive|eelektross115 has 120 seconds left.\n|\n|t:|1700896033\n|switch|p2a: Revavroom|Revavroom, M|100\/100\n|turn|2\n|\n|t:|1700896041\n|switch|p1a: Ting-Lu|Ting-Lu|100\/100\n|-ability|p1a: Ting-Lu|Vessel of Ruin\n|move|p2a: Revavroom|Shift Gear|p2a: Revavroom\n|-boost|p2a: Revavroom|spe|2\n|-boost|p2a: Revavroom|atk|1\n|\n|-weather|SunnyDay|[upkeep]\n|upkeep\n|turn|3\n|\n|t:|1700896051\n|switch|p2a: Rayquaza|Rayquaza|100\/100\n|-ability|p2a: Rayquaza|Air Lock\n|move|p1a: Ting-Lu|Whirlwind|p2a: Rayquaza\n|drag|p2a: Ribombee|Ribombee, M|100\/100\n|\n|-weather|SunnyDay|[upkeep]\n|upkeep\n|turn|4\n|inactive|eelektross115 has 120 seconds left.\n|\n|t:|1700896063\n|switch|p1a: Chansey|Chansey, F|100\/100\n|move|p2a: Ribombee|Sticky Web|p1a: Chansey\n|-sidestart|p1: Emilchelo|move: Sticky Web\n|\n|-weather|SunnyDay|[upkeep]\n|upkeep\n|turn|5\n|\n|t:|1700896071\n|move|p2a: Ribombee|Stun Spore|p1a: Chansey\n|-status|p1a: Chansey|par\n|move|p1a: Chansey|Thunder Wave|p2a: Ribombee\n|-status|p2a: Ribombee|par\n|\n|-weather|none\n|upkeep\n|turn|6\n|inactive|eelektross115 has 120 seconds left.\n|\n|t:|1700896100\n|switch|p2a: Rayquaza|Rayquaza|100\/100\n|-ability|p2a: Rayquaza|Air Lock\n|-curestatus|p1a: Chansey|par|[from] ability: Natural Cure\n|switch|p1a: Regieleki|Regieleki, tera:Ice|100\/100\n|-activate|p1a: Regieleki|move: Sticky Web\n|-unboost|p1a: Regieleki|spe|1\n|\n|upkeep\n|turn|7\n|\n|t:|1700896115\n|move|p2a: Rayquaza|Extreme Speed|p1a: Regieleki\n|-damage|p1a: Regieleki|42\/100\n|move|p1a: Regieleki|Rapid Spin|p2a: Rayquaza\n|-damage|p2a: Rayquaza|90\/100\n|-boost|p1a: Regieleki|spe|1\n|-sideend|p1: Emilchelo|Sticky Web|[from] move: Rapid Spin|[of] p1a: Regieleki\n|\n|upkeep\n|turn|8\n|\n|t:|1700896125\n|switch|p1a: Ting-Lu|Ting-Lu|100\/100\n|-ability|p1a: Ting-Lu|Vessel of Ruin\n|move|p2a: Rayquaza|Extreme Speed|p1a: Ting-Lu\n|-damage|p1a: Ting-Lu|88\/100\n|\n|-heal|p1a: Ting-Lu|94\/100|[from] item: Leftovers\n|upkeep\n|turn|9\n|\n|t:|1700896137\n|switch|p2a: Palafin|Palafin-Hero, M|100\/100\n|-activate|p2a: Palafin|ability: Zero to Hero\n|move|p1a: Ting-Lu|Stealth Rock|p2a: Palafin\n|-sidestart|p2: eelektross115|move: Stealth Rock\n|\n|-heal|p1a: Ting-Lu|100\/100|[from] item: Leftovers\n|upkeep\n|turn|10\n|\n|t:|1700896149\n|switch|p1a: Groudon|Groudon|100\/100\n|-weather|SunnyDay|[from] ability: Drought|[of] p1a: Groudon\n|move|p2a: Palafin|Jet Punch|p1a: Groudon\n|-supereffective|p1a: Groudon\n|-damage|p1a: Groudon|67\/100\n|-damage|p2a: Palafin|91\/100|[from] item: Life Orb\n|\n|-weather|SunnyDay|[upkeep]\n|upkeep\n|turn|11\n|\n|t:|1700896167\n|move|p1a: Groudon|Bulk Up|p1a: Groudon\n|-boost|p1a: Groudon|atk|1\n|-boost|p1a: Groudon|def|1\n|move|p2a: Palafin|Flip Turn|p1a: Groudon\n|-supereffective|p1a: Groudon\n|-damage|p1a: Groudon|45\/100\n|-damage|p2a: Palafin|81\/100|[from] item: Life Orb\n|\n|t:|1700896181\n|switch|p2a: Rayquaza|Rayquaza|90\/100|[from] Flip Turn\n|-damage|p2a: Rayquaza|65\/100|[from] Stealth Rock\n|-ability|p2a: Rayquaza|Air Lock\n|\n|-weather|SunnyDay|[upkeep]\n|upkeep\n|turn|12\n|\n|t:|1700896192\n|move|p2a: Rayquaza|Dragon Ascent|p1a: Groudon\n|-damage|p1a: Groudon|18\/100\n|-unboost|p2a: Rayquaza|def|1\n|-unboost|p2a: Rayquaza|spd|1\n|move|p1a: Groudon|Heavy Slam|p2a: Rayquaza\n|-damage|p2a: Rayquaza|0 fnt\n|faint|p2a: Rayquaza\n|\n|-weather|SunnyDay|[upkeep]\n|upkeep\n|\n|t:|1700896199\n|switch|p2a: Palafin|Palafin-Hero, M|81\/100\n|-damage|p2a: Palafin|68\/100|[from] Stealth Rock\n|turn|13\n|\n|t:|1700896215\n|move|p2a: Palafin|Jet Punch|p1a: Groudon\n|-supereffective|p1a: Groudon\n|-damage|p1a: Groudon|0 fnt\n|faint|p1a: Groudon\n|-damage|p2a: Palafin|58\/100|[from] item: Life Orb\n|\n|-weather|SunnyDay|[upkeep]\n|upkeep\n|\n|t:|1700896229\n|switch|p1a: Arceus|Arceus-Water|100\/100\n|turn|14\n|\n|t:|1700896252\n|move|p1a: Arceus|Judgment|p2a: Palafin\n|-resisted|p2a: Palafin\n|-crit|p2a: Palafin\n|-damage|p2a: Palafin|33\/100\n|move|p2a: Palafin|Drain Punch|p1a: Arceus\n|-damage|p1a: Arceus|70\/100\n|-heal|p2a: Palafin|50\/100|[from] drain|[of] p1a: Arceus\n|-damage|p2a: Palafin|41\/100|[from] item: Life Orb\n|\n|-weather|none\n|upkeep\n|turn|15\n|inactive|Emilchelo has 120 seconds left.\n|\n|t:|1700896274\n|move|p1a: Arceus|Judgment|p2a: Palafin\n|-resisted|p2a: Palafin\n|-crit|p2a: Palafin\n|-damage|p2a: Palafin|0 fnt\n|faint|p2a: Palafin\n|\n|upkeep\n|\n|t:|1700896285\n|switch|p2a: Ogerpon|Ogerpon-Hearthflame, F|100\/100\n|-damage|p2a: Ogerpon|76\/100|[from] Stealth Rock\n|-ability|p2a: Ogerpon|Mold Breaker\n|turn|16\n|inactive|Emilchelo has 120 seconds left.\n|\n|t:|1700896302\n|switch|p1a: Chansey|Chansey, F|100\/100\n|move|p2a: Ogerpon|Horn Leech|p1a: Chansey\n|-crit|p1a: Chansey\n|-damage|p1a: Chansey|0 fnt\n|-heal|p2a: Ogerpon|100\/100|[from] drain|[of] p1a: Chansey\n|faint|p1a: Chansey\n|\n|upkeep\n|inactive|Emilchelo has 120 seconds left.\n|\n|t:|1700896319\n|switch|p1a: Regieleki|Regieleki, tera:Ice|42\/100\n|turn|17\n|\n|t:|1700896328\n|move|p1a: Regieleki|Tera Blast|p2a: Ogerpon|[anim] Tera Blast Ice\n|-damage|p2a: Ogerpon|38\/100\n|move|p2a: Ogerpon|Ivy Cudgel|p1a: Regieleki|[anim] Ivy Cudgel Fire\n|-supereffective|p1a: Regieleki\n|-damage|p1a: Regieleki|0 fnt\n|faint|p1a: Regieleki\n|\n|upkeep\n|\n|t:|1700896338\n|switch|p1a: Kingambit|Kingambit, M|100\/100\n|-activate|p1a: Kingambit|ability: Supreme Overlord\n|-start|p1a: Kingambit|fallen3|[silent]\n|turn|18\n|inactive|Emilchelo has 120 seconds left.\n|\n|t:|1700896347\n|switch|p2a: Ribombee|Ribombee, M|100\/100 par\n|-damage|p2a: Ribombee|76\/100 par|[from] Stealth Rock\n|move|p1a: Kingambit|Sucker Punch||[still]\n|-fail|p1a: Kingambit\n|\n|upkeep\n|turn|19\n|\n|t:|1700896356\n|move|p2a: Ribombee|Stun Spore|p1a: Kingambit\n|-status|p1a: Kingambit|par\n|cant|p1a: Kingambit|par\n|\n|upkeep\n|turn|20\n|\n|t:|1700896365\n|move|p2a: Ribombee|Bug Buzz|p1a: Kingambit\n|-damage|p1a: Kingambit|65\/100 par\n|cant|p1a: Kingambit|par\n|\n|-heal|p1a: Kingambit|71\/100 par|[from] item: Leftovers\n|upkeep\n|turn|21\n|\n|t:|1700896373\n|cant|p2a: Ribombee|par\n|move|p1a: Kingambit|Iron Head|p2a: Ribombee\n|-supereffective|p2a: Ribombee\n|-damage|p2a: Ribombee|0 fnt\n|faint|p2a: Ribombee\n|\n|-heal|p1a: Kingambit|77\/100 par|[from] item: Leftovers\n|upkeep\n|\n|t:|1700896383\n|switch|p2a: Revavroom|Revavroom, M|100\/100\n|-damage|p2a: Revavroom|95\/100|[from] Stealth Rock\n|turn|22\n|\n|t:|1700896393\n|-end|p1a: Kingambit|fallen3|[silent]\n|switch|p1a: Ting-Lu|Ting-Lu|100\/100\n|-ability|p1a: Ting-Lu|Vessel of Ruin\n|move|p2a: Revavroom|Shift Gear|p2a: Revavroom\n|-boost|p2a: Revavroom|spe|2\n|-boost|p2a: Revavroom|atk|1\n|\n|upkeep\n|turn|23\n|\n|t:|1700896402\n|move|p2a: Revavroom|Poison Jab|p1a: Ting-Lu\n|-resisted|p1a: Ting-Lu\n|-damage|p1a: Ting-Lu|89\/100\n|move|p1a: Ting-Lu|Whirlwind|p2a: Revavroom\n|drag|p2a: Ogerpon|Ogerpon-Hearthflame, F|38\/100\n|-damage|p2a: Ogerpon|13\/100|[from] Stealth Rock\n|-ability|p2a: Ogerpon|Mold Breaker\n|\n|-heal|p1a: Ting-Lu|95\/100|[from] item: Leftovers\n|upkeep\n|turn|24\n|\n|t:|1700896418\n|move|p2a: Ogerpon|Horn Leech|p1a: Ting-Lu\n|-supereffective|p1a: Ting-Lu\n|-damage|p1a: Ting-Lu|60\/100\n|-heal|p2a: Ogerpon|43\/100|[from] drain|[of] p1a: Ting-Lu\n|move|p1a: Ting-Lu|Earthquake|p2a: Ogerpon\n|-damage|p2a: Ogerpon|0 fnt\n|faint|p2a: Ogerpon\n|\n|-heal|p1a: Ting-Lu|67\/100|[from] item: Leftovers\n|upkeep\n|\n|t:|1700896426\n|switch|p2a: Revavroom|Revavroom, M|95\/100\n|-damage|p2a: Revavroom|89\/100|[from] Stealth Rock\n|turn|25\n|\n|t:|1700896439\n|switch|p1a: Arceus|Arceus-Water|70\/100\n|-terastallize|p2a: Revavroom|Steel\n|move|p2a: Revavroom|Iron Head|p1a: Arceus\n|-resisted|p1a: Arceus\n|-damage|p1a: Arceus|49\/100\n|\n|upkeep\n|turn|26\n|\n|t:|1700896449\n|move|p1a: Arceus|Recover|p1a: Arceus\n|-heal|p1a: Arceus|99\/100\n|move|p2a: Revavroom|Shift Gear|p2a: Revavroom\n|-boost|p2a: Revavroom|spe|2\n|-boost|p2a: Revavroom|atk|1\n|\n|upkeep\n|turn|27\n|\n|t:|1700896464\n|move|p2a: Revavroom|Poison Jab|p1a: Arceus\n|-damage|p1a: Arceus|52\/100\n|move|p1a: Arceus|Judgment|p2a: Revavroom\n|-damage|p2a: Revavroom|0 fnt\n|faint|p2a: Revavroom\n|\n|win|Emilchelo\n|raw|Emilchelo's rating: 1114 &rarr; <strong>1147<\/strong><br \/>(+33 for winning)\n|raw|eelektross115's rating: 1222 &rarr; <strong>1189<\/strong><br \/>(-33 for losing)\n|l|\u2606eelektross115\n","uploadtime":1700896771,"views":1,"p1id":"emilchelo","p2id":"eelektross115","formatid":"gen9ubers","rating":1147,"private":0,"password":""}