{"id":"gen9ubers-1995448780","p1":"djkslaf","p2":"GrimThickems","format":"[Gen 9] Ubers","log":"|j|\u2606djkslaf\n|j|\u2606GrimThickems\n|t:|1700572037\n|gametype|singles\n|player|p1|djkslaf|lyra|1096\n|player|p2|GrimThickems|brawly|1070\n|teamsize|p1|6\n|teamsize|p2|6\n|gen|9\n|tier|[Gen 9] Ubers\n|rated|\n|rule|Sleep Clause Mod: Limit one foe put to sleep\n|rule|Species Clause: Limit one of each Pok\u00e9mon\n|rule|OHKO Clause: OHKO moves are banned\n|rule|Evasion Items Clause: Evasion items are banned\n|rule|Evasion Moves Clause: Evasion moves are banned\n|rule|Endless Battle Clause: Forcing endless battles is banned\n|rule|HP Percentage Mod: HP is shown in percentages\n|clearpoke\n|poke|p1|Miraidon|\n|poke|p1|Ditto|\n|poke|p1|Kyogre|\n|poke|p1|Koraidon|\n|poke|p1|Iron Bundle|\n|poke|p1|Shaymin-Sky|\n|poke|p2|Great Tusk|\n|poke|p2|Arcanine-Hisui, F|\n|poke|p2|Dragonite, M|\n|poke|p2|Baxcalibur, F|\n|poke|p2|Regieleki|\n|poke|p2|Kingambit, M|\n|teampreview\n|\n|t:|1700572052\n|start\n|switch|p1a: Miraidon|Miraidon|100\/100\n|switch|p2a: Great Tusk|Great Tusk, shiny|100\/100\n|-fieldstart|move: Electric Terrain|[from] ability: Hadron Engine|[of] p1a: Miraidon\n|turn|1\n|inactive|Battle timer is ON: inactive players will automatically lose when time's up. (requested by djkslaf)\n|\n|t:|1700572072\n|switch|p1a: Shaymin|Shaymin-Sky|100\/100\n|move|p2a: Great Tusk|Stealth Rock|p1a: Shaymin\n|-sidestart|p1: djkslaf|move: Stealth Rock\n|\n|upkeep\n|turn|2\n|\n|t:|1700572081\n|move|p1a: Shaymin|Air Slash|p2a: Great Tusk\n|-supereffective|p2a: Great Tusk\n|-damage|p2a: Great Tusk|0 fnt\n|faint|p2a: Great Tusk\n|-end|p2a: Great Tusk|Protosynthesis|[silent]\n|\n|upkeep\n|\n|t:|1700572085\n|switch|p2a: Arcanine|Arcanine-Hisui, F|100\/100\n|turn|3\n|\n|t:|1700572095\n|switch|p1a: Koraidon|Koraidon|100\/100\n|-damage|p1a: Koraidon|94\/100|[from] Stealth Rock\n|-weather|SunnyDay|[from] ability: Orichalcum Pulse|[of] p1a: Koraidon\n|-activate|p1a: Koraidon|Orichalcum Pulse|[source]\n|move|p2a: Arcanine|Flare Blitz|p1a: Koraidon\n|-resisted|p1a: Koraidon\n|-damage|p1a: Koraidon|35\/100\n|\n|-weather|SunnyDay|[upkeep]\n|upkeep\n|turn|4\n|\n|t:|1700572106\n|move|p1a: Koraidon|Collision Course|p2a: Arcanine\n|-supereffective|p2a: Arcanine\n|-damage|p2a: Arcanine|0 fnt\n|faint|p2a: Arcanine\n|\n|-weather|SunnyDay|[upkeep]\n|upkeep\n|\n|t:|1700572114\n|switch|p2a: Dragonite|Dragonite, M, shiny|100\/100\n|turn|5\n|\n|t:|1700572117\n|move|p1a: Koraidon|Collision Course|p2a: Dragonite\n|-resisted|p2a: Dragonite\n|-damage|p2a: Dragonite|83\/100\n|move|p2a: Dragonite|Dragon Dance|p2a: Dragonite\n|-boost|p2a: Dragonite|atk|1\n|-boost|p2a: Dragonite|spe|1\n|\n|-weather|SunnyDay|[upkeep]\n|-fieldend|move: Electric Terrain\n|upkeep\n|turn|6\n|\n|t:|1700572126\n|move|p2a: Dragonite|Extreme Speed|p1a: Koraidon\n|-damage|p1a: Koraidon|0 fnt\n|faint|p1a: Koraidon\n|\n|-weather|SunnyDay|[upkeep]\n|upkeep\n|\n|t:|1700572132\n|switch|p1a: Ditto|Ditto|100\/100\n|-damage|p1a: Ditto|88\/100|[from] Stealth Rock\n|-transform|p1a: Ditto|p2a: Dragonite|[from] ability: Imposter\n|turn|7\n|\n|t:|1700572142\n|move|p1a: Ditto|Extreme Speed|p2a: Dragonite\n|-damage|p2a: Dragonite|34\/100\n|move|p2a: Dragonite|Extreme Speed|p1a: Ditto\n|-damage|p1a: Ditto|35\/100\n|\n|-weather|none\n|upkeep\n|turn|8\n|\n|t:|1700572152\n|move|p1a: Ditto|Extreme Speed|p2a: Dragonite\n|-damage|p2a: Dragonite|0 fnt\n|faint|p2a: Dragonite\n|\n|upkeep\n|\n|t:|1700572158\n|switch|p2a: Baxcalibur|Baxcalibur, F|100\/100\n|turn|9\n|\n|t:|1700572164\n|move|p1a: Ditto|Extreme Speed|p2a: Baxcalibur\n|-damage|p2a: Baxcalibur|57\/100\n|move|p2a: Baxcalibur|Dragon Dance|p2a: Baxcalibur\n|-boost|p2a: Baxcalibur|atk|1\n|-boost|p2a: Baxcalibur|spe|1\n|\n|upkeep\n|turn|10\n|\n|t:|1700572171\n|move|p1a: Ditto|Extreme Speed|p2a: Baxcalibur\n|-damage|p2a: Baxcalibur|10\/100\n|move|p2a: Baxcalibur|Icicle Spear|p1a: Ditto\n|-supereffective|p1a: Ditto\n|-damage|p1a: Ditto|0 fnt\n|faint|p1a: Ditto\n|-hitcount|p1: Ditto|1\n|\n|upkeep\n|\n|t:|1700572197\n|switch|p1a: Kyogre|Kyogre|100\/100\n|-damage|p1a: Kyogre|88\/100|[from] Stealth Rock\n|-weather|RainDance|[from] ability: Drizzle|[of] p1a: Kyogre\n|turn|11\n|\n|t:|1700572204\n|move|p1a: Kyogre|Water Spout|p2a: Baxcalibur\n|-resisted|p2a: Baxcalibur\n|-damage|p2a: Baxcalibur|0 fnt\n|faint|p2a: Baxcalibur\n|\n|-weather|RainDance|[upkeep]\n|upkeep\n|\n|t:|1700572207\n|switch|p2a: Regieleki|Regieleki, shiny|100\/100\n|turn|12\n|\n|t:|1700572220\n|switch|p1a: Miraidon|Miraidon|100\/100\n|-damage|p1a: Miraidon|88\/100|[from] Stealth Rock\n|-fieldstart|move: Electric Terrain|[from] ability: Hadron Engine|[of] p1a: Miraidon\n|move|p2a: Regieleki|Wild Charge|p1a: Miraidon\n|-resisted|p1a: Miraidon\n|-damage|p1a: Miraidon|65\/100\n|-damage|p2a: Regieleki|94\/100|[from] Recoil\n|-damage|p2a: Regieleki|84\/100|[from] item: Life Orb\n|\n|-weather|RainDance|[upkeep]\n|upkeep\n|turn|13\n|inactive|djkslaf has 120 seconds left.\n|\n|t:|1700572251\n|move|p1a: Miraidon|Overheat|p2a: Regieleki\n|-damage|p2a: Regieleki|28\/100\n|-unboost|p1a: Miraidon|spa|2\n|move|p2a: Regieleki|Volt Switch|p1a: Miraidon\n|-resisted|p1a: Miraidon\n|-damage|p1a: Miraidon|55\/100\n|-damage|p2a: Regieleki|18\/100|[from] item: Life Orb\n|\n|t:|1700572254\n|switch|p2a: Kingambit|Kingambit, M|100\/100|[from] Volt Switch\n|-activate|p2a: Kingambit|ability: Supreme Overlord\n|-start|p2a: Kingambit|fallen4|[silent]\n|\n|-weather|RainDance|[upkeep]\n|upkeep\n|turn|14\n|inactive|djkslaf has 120 seconds left.\n|\n|t:|1700572265\n|move|p1a: Miraidon|Overheat|p2a: Kingambit\n|-supereffective|p2a: Kingambit\n|-damage|p2a: Kingambit|69\/100\n|-unboost|p1a: Miraidon|spa|2\n|move|p2a: Kingambit|Swords Dance|p2a: Kingambit\n|-boost|p2a: Kingambit|atk|2\n|\n|-weather|RainDance|[upkeep]\n|-heal|p2a: Kingambit|75\/100|[from] item: Leftovers\n|upkeep\n|turn|15\n|inactive|djkslaf has 120 seconds left.\n|\n|t:|1700572278\n|switch|p1a: Shaymin|Shaymin-Sky|100\/100\n|-damage|p1a: Shaymin|76\/100|[from] Stealth Rock\n|move|p2a: Kingambit|Sucker Punch||[still]\n|-fail|p2a: Kingambit\n|\n|-weather|none\n|-heal|p2a: Kingambit|82\/100|[from] item: Leftovers\n|upkeep\n|turn|16\n|inactive|djkslaf has 120 seconds left.\n|\n|t:|1700572289\n|move|p1a: Shaymin|Earth Power|p2a: Kingambit\n|-supereffective|p2a: Kingambit\n|-damage|p2a: Kingambit|15\/100\n|-unboost|p2a: Kingambit|spd|1\n|move|p2a: Kingambit|Kowtow Cleave|p1a: Shaymin\n|-damage|p1a: Shaymin|0 fnt\n|faint|p1a: Shaymin\n|\n|-heal|p2a: Kingambit|22\/100|[from] item: Leftovers\n|-fieldend|move: Electric Terrain\n|upkeep\n|inactive|djkslaf has 120 seconds left.\n|\n|t:|1700572300\n|switch|p1a: Miraidon|Miraidon|55\/100\n|-damage|p1a: Miraidon|42\/100|[from] Stealth Rock\n|-fieldstart|move: Electric Terrain|[from] ability: Hadron Engine|[of] p1a: Miraidon\n|turn|17\n|inactive|djkslaf has 120 seconds left.\n|\n|t:|1700572311\n|move|p2a: Kingambit|Sucker Punch|p1a: Miraidon\n|-damage|p1a: Miraidon|0 fnt\n|faint|p1a: Miraidon\n|\n|-heal|p2a: Kingambit|28\/100|[from] item: Leftovers\n|upkeep\n|inactive|djkslaf has 120 seconds left.\n|\n|t:|1700572317\n|switch|p1a: Kyogre|Kyogre|88\/100\n|-damage|p1a: Kyogre|76\/100|[from] Stealth Rock\n|-weather|RainDance|[from] ability: Drizzle|[of] p1a: Kyogre\n|turn|18\n|inactive|djkslaf has 120 seconds left.\n|\n|t:|1700572329\n|-end|p2a: Kingambit|fallen4|[silent]\n|switch|p2a: Regieleki|Regieleki, shiny|18\/100\n|move|p1a: Kyogre|Origin Pulse|p2a: Regieleki|[miss]\n|-miss|p1a: Kyogre|p2a: Regieleki\n|\n|-weather|RainDance|[upkeep]\n|upkeep\n|turn|19\n|\n|t:|1700572338\n|move|p2a: Regieleki|Volt Switch|p1a: Kyogre\n|-supereffective|p1a: Kyogre\n|-damage|p1a: Kyogre|11\/100\n|-damage|p2a: Regieleki|8\/100|[from] item: Life Orb\n|\n|t:|1700572343\n|switch|p2a: Kingambit|Kingambit, M|28\/100|[from] Volt Switch\n|-activate|p2a: Kingambit|ability: Supreme Overlord\n|-start|p2a: Kingambit|fallen4|[silent]\n|move|p1a: Kyogre|Origin Pulse|p2a: Kingambit\n|-damage|p2a: Kingambit|0 fnt\n|faint|p2a: Kingambit\n|-end|p2a: Kingambit|fallen4|[silent]\n|\n|-weather|RainDance|[upkeep]\n|upkeep\n|\n|t:|1700572345\n|switch|p2a: Regieleki|Regieleki, shiny|8\/100\n|turn|20\n|\n|t:|1700572355\n|move|p2a: Regieleki|Wild Charge|p1a: Kyogre\n|-supereffective|p1a: Kyogre\n|-damage|p1a: Kyogre|0 fnt\n|faint|p1a: Kyogre\n|-damage|p2a: Regieleki|5\/100|[from] Recoil\n|-damage|p2a: Regieleki|0 fnt|[from] item: Life Orb\n|faint|p2a: Regieleki\n|\n|win|djkslaf\n|raw|djkslaf's rating: 1096 &rarr; <strong>1120<\/strong><br \/>(+24 for winning)\n|raw|GrimThickems's rating: 1070 &rarr; <strong>1051<\/strong><br \/>(-19 for losing)\n|l|\u2606GrimThickems\n","uploadtime":1700572364,"views":1,"p1id":"djkslaf","p2id":"grimthickems","formatid":"gen9ubers","rating":1051,"private":0,"password":""}