{"id":"gen9ubers-1998685540","p1":"Dofla0110","p2":"JayHaro","format":"[Gen 9] Ubers","log":"|j|\u2606Dofla0110\n|j|\u2606JayHaro\n|t:|1700972342\n|gametype|singles\n|player|p1|Dofla0110|brycen|1000\n|player|p2|JayHaro|170|1099\n|teamsize|p1|6\n|teamsize|p2|6\n|gen|9\n|tier|[Gen 9] Ubers\n|rated|\n|rule|Sleep Clause Mod: Limit one foe put to sleep\n|rule|Species Clause: Limit one of each Pok\u00e9mon\n|rule|OHKO Clause: OHKO moves are banned\n|rule|Evasion Items Clause: Evasion items are banned\n|rule|Evasion Moves Clause: Evasion moves are banned\n|rule|Endless Battle Clause: Forcing endless battles is banned\n|rule|HP Percentage Mod: HP is shown in percentages\n|clearpoke\n|poke|p1|Palafin, F|\n|poke|p1|Glimmora, M|\n|poke|p1|Iron Valiant|\n|poke|p1|Ogerpon-Hearthflame, F|\n|poke|p1|Ursaluna-Bloodmoon, M|\n|poke|p1|Walking Wake|\n|poke|p2|Zacian-*|\n|poke|p2|Arceus|\n|poke|p2|Flutter Mane|\n|poke|p2|Kyogre|\n|poke|p2|Glimmora, F|\n|poke|p2|Ting-Lu|\n|teampreview\n|\n|t:|1700972360\n|start\n|switch|p1a: Denizen|Palafin, F|100\/100\n|switch|p2a: Glimmora|Glimmora, F|100\/100\n|turn|1\n|\n|t:|1700972368\n|move|p1a: Denizen|Waterfall|p2a: Glimmora\n|-supereffective|p2a: Glimmora\n|-damage|p2a: Glimmora|26\/100\n|-activate|p2a: Glimmora|ability: Toxic Debris\n|-sidestart|p1: Dofla0110|move: Toxic Spikes\n|cant|p2a: Glimmora|flinch\n|\n|upkeep\n|turn|2\n|\n|t:|1700972383\n|move|p1a: Denizen|Flip Turn|p2a: Glimmora\n|-supereffective|p2a: Glimmora\n|-damage|p2a: Glimmora|0 fnt\n|-activate|p2a: Glimmora|ability: Toxic Debris\n|-sidestart|p1: Dofla0110|move: Toxic Spikes\n|faint|p2a: Glimmora\n|\n|t:|1700972389\n|detailschange|p1a: Denizen|Palafin-Hero, F\n|switch|p1a: Glimmora|Glimmora, M, shiny|100\/100|[from] Flip Turn\n|-sideend|p1: Dofla0110|move: Toxic Spikes|[of] p1a: Glimmora\n|\n|upkeep\n|\n|t:|1700972395\n|switch|p2a: Kyogre|Kyogre|100\/100\n|-weather|RainDance|[from] ability: Drizzle|[of] p2a: Kyogre\n|turn|3\n|\n|t:|1700972408\n|switch|p1a: Marcher|Walking Wake|100\/100\n|-enditem|p1a: Marcher|Booster Energy\n|-activate|p1a: Marcher|ability: Protosynthesis|[fromitem]\n|-start|p1a: Marcher|protosynthesisspa\n|move|p2a: Kyogre|Chilling Water|p1a: Marcher\n|-resisted|p1a: Marcher\n|-damage|p1a: Marcher|89\/100\n|-unboost|p1a: Marcher|atk|1\n|\n|-weather|RainDance|[upkeep]\n|upkeep\n|turn|4\n|\n|t:|1700972422\n|move|p1a: Marcher|Draco Meteor|p2a: Kyogre\n|-damage|p2a: Kyogre|40\/100\n|-unboost|p1a: Marcher|spa|2\n|move|p2a: Kyogre|Calm Mind|p2a: Kyogre\n|-boost|p2a: Kyogre|spa|1\n|-boost|p2a: Kyogre|spd|1\n|\n|-weather|RainDance|[upkeep]\n|-heal|p2a: Kyogre|46\/100|[from] item: Leftovers\n|upkeep\n|turn|5\n|\n|t:|1700972436\n|move|p1a: Marcher|Draco Meteor|p2a: Kyogre\n|-damage|p2a: Kyogre|28\/100\n|-unboost|p1a: Marcher|spa|2\n|move|p2a: Kyogre|Calm Mind|p2a: Kyogre\n|-boost|p2a: Kyogre|spa|1\n|-boost|p2a: Kyogre|spd|1\n|\n|-weather|RainDance|[upkeep]\n|-heal|p2a: Kyogre|34\/100|[from] item: Leftovers\n|upkeep\n|turn|6\n|\n|t:|1700972449\n|move|p1a: Marcher|Substitute|p1a: Marcher\n|-start|p1a: Marcher|Substitute\n|-damage|p1a: Marcher|64\/100\n|move|p2a: Kyogre|Chilling Water|p1a: Marcher\n|-resisted|p1a: Marcher\n|-activate|p1a: Marcher|move: Substitute|[damage]\n|\n|-weather|RainDance|[upkeep]\n|-heal|p2a: Kyogre|40\/100|[from] item: Leftovers\n|upkeep\n|turn|7\n|\n|t:|1700972459\n|move|p1a: Marcher|Draco Meteor|p2a: Kyogre\n|-damage|p2a: Kyogre|30\/100\n|-unboost|p1a: Marcher|spa|2\n|move|p2a: Kyogre|Ice Beam|p1a: Marcher\n|-end|p1a: Marcher|Substitute\n|\n|-weather|none\n|-heal|p2a: Kyogre|36\/100|[from] item: Leftovers\n|upkeep\n|turn|8\n|\n|t:|1700972474\n|-end|p1a: Marcher|Protosynthesis|[silent]\n|switch|p1a: Levi|Iron Valiant|100\/100\n|move|p2a: Kyogre|Rest|p2a: Kyogre\n|-status|p2a: Kyogre|slp|[from] move: Rest\n|-heal|p2a: Kyogre|100\/100 slp|[silent]\n|\n|upkeep\n|turn|9\n|\n|t:|1700972488\n|move|p1a: Levi|Spirit Break|p2a: Kyogre\n|-damage|p2a: Kyogre|58\/100 slp\n|-unboost|p2a: Kyogre|spa|1\n|cant|p2a: Kyogre|slp\n|\n|-heal|p2a: Kyogre|64\/100 slp|[from] item: Leftovers\n|upkeep\n|turn|10\n|\n|t:|1700972497\n|move|p1a: Levi|Spirit Break|p2a: Kyogre\n|-damage|p2a: Kyogre|25\/100 slp\n|-unboost|p2a: Kyogre|spa|1\n|cant|p2a: Kyogre|slp\n|\n|-heal|p2a: Kyogre|31\/100 slp|[from] item: Leftovers\n|upkeep\n|turn|11\n|\n|t:|1700972506\n|move|p1a: Levi|Spirit Break|p2a: Kyogre\n|-damage|p2a: Kyogre|0 fnt\n|faint|p2a: Kyogre\n|\n|upkeep\n|\n|t:|1700972512\n|switch|p2a: Zacian|Zacian-Crowned|100\/100\n|-ability|p2a: Zacian|Intrepid Sword|boost\n|-boost|p2a: Zacian|atk|1\n|turn|12\n|\n|t:|1700972518\n|-end|p1a: Levi|Quark Drive|[silent]\n|switch|p1a: Ursula|Ursaluna-Bloodmoon, M|100\/100\n|move|p2a: Zacian|Swords Dance|p2a: Zacian\n|-boost|p2a: Zacian|atk|2\n|\n|upkeep\n|turn|13\n|\n|t:|1700972525\n|move|p2a: Zacian|Trailblaze|p1a: Ursula\n|-supereffective|p1a: Ursula\n|-damage|p1a: Ursula|17\/100\n|-boost|p2a: Zacian|spe|1\n|move|p1a: Ursula|Earth Power|p2a: Zacian\n|-supereffective|p2a: Zacian\n|-damage|p2a: Zacian|0 fnt\n|faint|p2a: Zacian\n|\n|upkeep\n|inactive|Battle timer is ON: inactive players will automatically lose when time's up. (requested by Dofla0110)\n|\n|t:|1700972544\n|switch|p2a: Arceus|Arceus|100\/100\n|turn|14\n|\n|t:|1700972549\n|move|p2a: Arceus|Swords Dance|p2a: Arceus\n|-boost|p2a: Arceus|atk|2\n|move|p1a: Ursula|Focus Blast|p2a: Arceus\n|-supereffective|p2a: Arceus\n|-damage|p2a: Arceus|27\/100\n|\n|upkeep\n|turn|15\n|\n|t:|1700972557\n|-terastallize|p2a: Arceus|Normal\n|move|p2a: Arceus|Extreme Speed|p1a: Ursula\n|-damage|p1a: Ursula|0 fnt\n|faint|p1a: Ursula\n|\n|upkeep\n|\n|t:|1700972565\n|switch|p1a: Flame Emperor|Ogerpon-Hearthflame, F|100\/100\n|-ability|p1a: Flame Emperor|Mold Breaker\n|turn|16\n|\n|t:|1700972571\n|move|p1a: Flame Emperor|Spiky Shield|p1a: Flame Emperor\n|-singleturn|p1a: Flame Emperor|move: Protect\n|move|p2a: Arceus|Extreme Speed|p1a: Flame Emperor\n|-activate|p1a: Flame Emperor|move: Protect\n|-damage|p2a: Arceus|15\/100|[from] Spiky Shield|[of] p1a: Flame Emperor\n|\n|upkeep\n|turn|17\n|\n|t:|1700972580\n|move|p2a: Arceus|Extreme Speed|p1a: Flame Emperor\n|-damage|p1a: Flame Emperor|0 fnt\n|faint|p1a: Flame Emperor\n|\n|upkeep\n|\n|t:|1700972606\n|switch|p1a: Glimmora|Glimmora, M, shiny|100\/100\n|turn|18\n|\n|t:|1700972611\n|move|p2a: Arceus|Recover|p2a: Arceus\n|-heal|p2a: Arceus|65\/100\n|move|p1a: Glimmora|Stealth Rock|p2a: Arceus\n|-sidestart|p2: JayHaro|move: Stealth Rock\n|\n|upkeep\n|turn|19\n|\n|t:|1700972618\n|move|p2a: Arceus|Extreme Speed|p1a: Glimmora\n|-resisted|p1a: Glimmora\n|-damage|p1a: Glimmora|39\/100\n|-activate|p1a: Glimmora|ability: Toxic Debris\n|-sidestart|p2: JayHaro|move: Toxic Spikes\n|move|p1a: Glimmora|Toxic Spikes|p2a: Arceus\n|-sidestart|p2: JayHaro|move: Toxic Spikes\n|\n|upkeep\n|turn|20\n|\n|t:|1700972631\n|move|p2a: Arceus|Swords Dance|p2a: Arceus\n|-boost|p2a: Arceus|atk|2\n|move|p1a: Glimmora|Memento|p2a: Arceus\n|-unboost|p2a: Arceus|atk|2\n|-unboost|p2a: Arceus|spa|2\n|faint|p1a: Glimmora\n|\n|upkeep\n|\n|t:|1700972644\n|switch|p1a: Levi|Iron Valiant|100\/100\n|turn|21\n|\n|t:|1700972653\n|-terastallize|p1a: Levi|Ghost\n|move|p2a: Arceus|Extreme Speed|p1a: Levi\n|-immune|p1a: Levi\n|move|p1a: Levi|Close Combat|p2a: Arceus\n|-supereffective|p2a: Arceus\n|-damage|p2a: Arceus|0 fnt\n|-unboost|p1a: Levi|def|1\n|-unboost|p1a: Levi|spd|1\n|faint|p2a: Arceus\n|\n|upkeep\n|\n|t:|1700972665\n|switch|p2a: Flutter Mane|Flutter Mane|100\/100\n|-damage|p2a: Flutter Mane|88\/100|[from] Stealth Rock\n|-status|p2a: Flutter Mane|tox\n|-enditem|p2a: Flutter Mane|Booster Energy\n|-activate|p2a: Flutter Mane|ability: Protosynthesis|[fromitem]\n|-start|p2a: Flutter Mane|protosynthesisspe\n|turn|22\n|\n|t:|1700972674\n|-end|p1a: Levi|Quark Drive|[silent]\n|switch|p1a: Denizen|Palafin-Hero, F|100\/100\n|-activate|p1a: Denizen|ability: Zero to Hero\n|move|p2a: Flutter Mane|Shadow Ball|p1a: Denizen\n|-damage|p1a: Denizen|52\/100\n|\n|-heal|p1a: Denizen|58\/100|[from] item: Leftovers\n|-damage|p2a: Flutter Mane|82\/100 tox|[from] psn\n|upkeep\n|turn|23\n|\n|t:|1700972688\n|move|p2a: Flutter Mane|Moonblast|p1a: Denizen\n|-damage|p1a: Denizen|0 fnt\n|faint|p1a: Denizen\n|\n|-damage|p2a: Flutter Mane|70\/100 tox|[from] psn\n|upkeep\n|\n|t:|1700972694\n|switch|p1a: Marcher|Walking Wake|64\/100\n|turn|24\n|\n|t:|1700972697\n|move|p2a: Flutter Mane|Moonblast|p1a: Marcher\n|-supereffective|p1a: Marcher\n|-damage|p1a: Marcher|0 fnt\n|faint|p1a: Marcher\n|-end|p1a: Marcher|Protosynthesis|[silent]\n|\n|-damage|p2a: Flutter Mane|52\/100 tox|[from] psn\n|upkeep\n|\n|t:|1700972703\n|switch|p1a: Levi|Iron Valiant, tera:Ghost|100\/100\n|turn|25\n|\n|t:|1700972708\n|move|p2a: Flutter Mane|Shadow Ball|p1a: Levi\n|-supereffective|p1a: Levi\n|-damage|p1a: Levi|0 fnt\n|faint|p1a: Levi\n|-end|p1a: Levi|Quark Drive|[silent]\n|\n|win|JayHaro\n|raw|Dofla0110's rating: 1000 &rarr; <strong>1000<\/strong><br \/>(+0 for losing)\n|raw|JayHaro's rating: 1099 &rarr; <strong>1117<\/strong><br \/>(+18 for winning)\n|l|\u2606Dofla0110\n","uploadtime":1700972719,"views":8,"p1id":"dofla0110","p2id":"jayharo","formatid":"gen9ubers","rating":1000,"private":0,"password":""}