{"id":"gen9ubers-1996529459","p1":"BIG TONY 2014","p2":"jawiththeblicky","format":"[Gen 9] Ubers","log":"|j|\u2606BIG TONY 2014\n|j|\u2606jawiththeblicky\n|inactive|Battle timer is ON: inactive players will automatically lose when time's up.\n|t:|1700691039\n|gametype|singles\n|player|p1|BIG TONY 2014|biker-gen4|\n|player|p2|jawiththeblicky|psychicf-gen4|\n|teamsize|p1|6\n|teamsize|p2|6\n|gen|9\n|tier|[Gen 9] Ubers\n|rated|Tournament battle\n|rule|Sleep Clause Mod: Limit one foe put to sleep\n|rule|Species Clause: Limit one of each Pok\u00e9mon\n|rule|OHKO Clause: OHKO moves are banned\n|rule|Evasion Items Clause: Evasion items are banned\n|rule|Evasion Moves Clause: Evasion moves are banned\n|rule|Endless Battle Clause: Forcing endless battles is banned\n|rule|HP Percentage Mod: HP is shown in percentages\n|clearpoke\n|poke|p1|Zacian-*|\n|poke|p1|Miraidon|\n|poke|p1|Koraidon|\n|poke|p1|Giratina-Origin|\n|poke|p1|Ting-Lu|\n|poke|p1|Kyogre|\n|poke|p2|Miraidon|\n|poke|p2|Iron Bundle|\n|poke|p2|Koraidon|\n|poke|p2|Chien-Pao|\n|poke|p2|Zacian-*|\n|poke|p2|Rayquaza|\n|teampreview\n|j|*Lady Monita \u2746\n|inactive|BIG TONY 2014 also wants the timer to be on.\n|c|\u2606BIG TONY 2014|gl hf\n|c|\u2606jawiththeblicky|gl\n|\n|t:|1700691057\n|start\n|switch|p1a: Koraidon|Koraidon|100\/100\n|switch|p2a: Miraidon|Miraidon|100\/100\n|-fieldstart|move: Electric Terrain|[from] ability: Hadron Engine|[of] p2a: Miraidon\n|-weather|SunnyDay|[from] ability: Orichalcum Pulse|[of] p1a: Koraidon\n|-activate|p1a: Koraidon|Orichalcum Pulse|[source]\n|turn|1\n|\n|t:|1700691060\n|move|p2a: Miraidon|Dazzling Gleam|p1a: Koraidon\n|-supereffective|p1a: Koraidon\n|-damage|p1a: Koraidon|0 fnt\n|faint|p1a: Koraidon\n|\n|-weather|SunnyDay|[upkeep]\n|upkeep\n|\n|t:|1700691071\n|switch|p1a: Zacian|Zacian-Crowned, shiny|100\/100\n|-ability|p1a: Zacian|Intrepid Sword|boost\n|-boost|p1a: Zacian|atk|1\n|turn|2\n|inactive|jawiththeblicky has 120 seconds left.\n|inactive|jawiththeblicky has 90 seconds left.\n|\n|t:|1700691142\n|switch|p2a: Iron Bundle|Iron Bundle, shiny|100\/100\n|-activate|p2a: Iron Bundle|ability: Quark Drive\n|-start|p2a: Iron Bundle|quarkdrivespe\n|move|p1a: Zacian|Play Rough|p2a: Iron Bundle\n|-damage|p2a: Iron Bundle|11\/100\n|\n|-weather|SunnyDay|[upkeep]\n|upkeep\n|turn|3\n|\n|t:|1700691148\n|move|p2a: Iron Bundle|Hydro Pump|p1a: Zacian\n|-damage|p1a: Zacian|69\/100\n|-damage|p2a: Iron Bundle|1\/100|[from] item: Life Orb\n|move|p1a: Zacian|Behemoth Blade|p2a: Iron Bundle\n|-damage|p2a: Iron Bundle|0 fnt\n|faint|p2a: Iron Bundle\n|-end|p2a: Iron Bundle|Quark Drive|[silent]\n|\n|-weather|SunnyDay|[upkeep]\n|upkeep\n|\n|t:|1700691167\n|switch|p2a: Koraidon|Koraidon|100\/100\n|-activate|p2a: Koraidon|ability: Orichalcum Pulse\n|turn|4\n|\n|t:|1700691173\n|switch|p1a: Kyogre|Kyogre, shiny|100\/100\n|-weather|RainDance|[from] ability: Drizzle|[of] p1a: Kyogre\n|move|p2a: Koraidon|Flare Blitz|p1a: Kyogre\n|-resisted|p1a: Kyogre\n|-damage|p1a: Kyogre|89\/100\n|-damage|p2a: Koraidon|97\/100|[from] Recoil\n|\n|-weather|RainDance|[upkeep]\n|upkeep\n|turn|5\n|inactive|jawiththeblicky has 90 seconds left.\n|\n|t:|1700691189\n|switch|p2a: Miraidon|Miraidon|100\/100\n|-activate|p2a: Miraidon|ability: Hadron Engine\n|move|p1a: Kyogre|Water Spout|p2a: Miraidon\n|-resisted|p2a: Miraidon\n|-damage|p2a: Miraidon|52\/100\n|\n|-weather|RainDance|[upkeep]\n|-fieldend|move: Electric Terrain\n|upkeep\n|turn|6\n|inactive|jawiththeblicky has 90 seconds left.\n|\n|t:|1700691195\n|switch|p1a: Ting-Lu|Ting-Lu|100\/100\n|-ability|p1a: Ting-Lu|Vessel of Ruin\n|move|p2a: Miraidon|Parabolic Charge|p1a: Ting-Lu\n|-immune|p1a: Ting-Lu\n|\n|-weather|RainDance|[upkeep]\n|upkeep\n|turn|7\n|\n|t:|1700691201\n|switch|p2a: Koraidon|Koraidon|97\/100\n|-weather|SunnyDay|[from] ability: Orichalcum Pulse|[of] p2a: Koraidon\n|-activate|p2a: Koraidon|Orichalcum Pulse|[source]\n|move|p1a: Ting-Lu|Stealth Rock|p2a: Koraidon\n|-sidestart|p2: jawiththeblicky|move: Stealth Rock\n|\n|-weather|SunnyDay|[upkeep]\n|upkeep\n|turn|8\n|\n|t:|1700691205\n|switch|p1a: Giratina|Giratina-Origin, shiny|100\/100\n|move|p2a: Koraidon|Collision Course|p1a: Giratina\n|-immune|p1a: Giratina\n|\n|-weather|SunnyDay|[upkeep]\n|upkeep\n|turn|9\n|\n|t:|1700691227\n|switch|p2a: Miraidon|Miraidon|52\/100\n|-damage|p2a: Miraidon|40\/100|[from] Stealth Rock\n|-fieldstart|move: Electric Terrain|[from] ability: Hadron Engine|[of] p2a: Miraidon\n|move|p1a: Giratina|Will-O-Wisp|p2a: Miraidon\n|-status|p2a: Miraidon|brn\n|\n|-weather|SunnyDay|[upkeep]\n|-damage|p2a: Miraidon|34\/100 brn|[from] brn\n|upkeep\n|turn|10\n|\n|t:|1700691239\n|switch|p1a: Zacian|Zacian-Crowned, shiny|69\/100\n|move|p2a: Miraidon|Draco Meteor|p1a: Zacian\n|-immune|p1a: Zacian\n|\n|-weather|SunnyDay|[upkeep]\n|-damage|p2a: Miraidon|27\/100 brn|[from] brn\n|upkeep\n|turn|11\n|\n|t:|1700691245\n|switch|p2a: Koraidon|Koraidon|97\/100\n|-damage|p2a: Koraidon|91\/100|[from] Stealth Rock\n|-activate|p2a: Koraidon|ability: Orichalcum Pulse\n|move|p1a: Zacian|Play Rough|p2a: Koraidon\n|-supereffective|p2a: Koraidon\n|-damage|p2a: Koraidon|0 fnt\n|faint|p2a: Koraidon\n|\n|-weather|none\n|upkeep\n|\n|t:|1700691252\n|switch|p2a: Miraidon|Miraidon|27\/100 brn\n|-damage|p2a: Miraidon|15\/100 brn|[from] Stealth Rock\n|-activate|p2a: Miraidon|ability: Hadron Engine\n|turn|12\n|\n|t:|1700691256\n|switch|p1a: Ting-Lu|Ting-Lu|100\/100\n|-ability|p1a: Ting-Lu|Vessel of Ruin\n|move|p2a: Miraidon|Parabolic Charge|p1a: Ting-Lu\n|-immune|p1a: Ting-Lu\n|\n|-damage|p2a: Miraidon|9\/100 brn|[from] brn\n|upkeep\n|turn|13\n|inactive|jawiththeblicky has 120 seconds left.\n|\n|t:|1700691266\n|switch|p2a: Chien-Pao|Chien-Pao|100\/100\n|-damage|p2a: Chien-Pao|76\/100|[from] Stealth Rock\n|-ability|p2a: Chien-Pao|Sword of Ruin\n|move|p1a: Ting-Lu|Whirlwind|p2a: Chien-Pao\n|drag|p2a: Rayquaza|Rayquaza, shiny|100\/100\n|-damage|p2a: Rayquaza|75\/100|[from] Stealth Rock\n|-ability|p2a: Rayquaza|Air Lock\n|\n|-fieldend|move: Electric Terrain\n|upkeep\n|turn|14\n|\n|t:|1700691270\n|move|p2a: Rayquaza|Dragon Dance|p2a: Rayquaza\n|-boost|p2a: Rayquaza|atk|1\n|-boost|p2a: Rayquaza|spe|1\n|move|p1a: Ting-Lu|Whirlwind|p2a: Rayquaza\n|drag|p2a: Chien-Pao|Chien-Pao|76\/100\n|-damage|p2a: Chien-Pao|51\/100|[from] Stealth Rock\n|-ability|p2a: Chien-Pao|Sword of Ruin\n|\n|upkeep\n|turn|15\n|\n|t:|1700691275\n|move|p1a: Ting-Lu|Protect|p1a: Ting-Lu\n|-singleturn|p1a: Ting-Lu|Protect\n|move|p2a: Chien-Pao|Sacred Sword|p1a: Ting-Lu\n|-activate|p1a: Ting-Lu|move: Protect\n|\n|upkeep\n|turn|16\n|\n|t:|1700691278\n|switch|p1a: Giratina|Giratina-Origin, shiny|100\/100\n|move|p2a: Chien-Pao|Sacred Sword|p1a: Giratina\n|-immune|p1a: Giratina\n|\n|upkeep\n|turn|17\n|\n|t:|1700691281\n|switch|p1a: Ting-Lu|Ting-Lu|100\/100\n|-ability|p1a: Ting-Lu|Vessel of Ruin\n|move|p2a: Chien-Pao|Ice Shard|p1a: Ting-Lu\n|-supereffective|p1a: Ting-Lu\n|-damage|p1a: Ting-Lu|70\/100\n|\n|-heal|p1a: Ting-Lu|76\/100|[from] item: Leftovers\n|upkeep\n|turn|18\n|\n|t:|1700691283\n|move|p1a: Ting-Lu|Protect|p1a: Ting-Lu\n|-singleturn|p1a: Ting-Lu|Protect\n|move|p2a: Chien-Pao|Ice Shard|p1a: Ting-Lu\n|-activate|p1a: Ting-Lu|move: Protect\n|\n|-heal|p1a: Ting-Lu|82\/100|[from] item: Leftovers\n|upkeep\n|turn|19\n|\n|t:|1700691286\n|move|p2a: Chien-Pao|Ice Shard|p1a: Ting-Lu\n|-supereffective|p1a: Ting-Lu\n|-damage|p1a: Ting-Lu|52\/100\n|move|p1a: Ting-Lu|Whirlwind|p2a: Chien-Pao\n|drag|p2a: Zacian|Zacian-Crowned, shiny|100\/100\n|-damage|p2a: Zacian|94\/100|[from] Stealth Rock\n|-ability|p2a: Zacian|Intrepid Sword|boost\n|-boost|p2a: Zacian|atk|1\n|\n|-heal|p1a: Ting-Lu|58\/100|[from] item: Leftovers\n|upkeep\n|turn|20\n|\n|t:|1700691292\n|move|p2a: Zacian|Play Rough|p1a: Ting-Lu\n|-supereffective|p1a: Ting-Lu\n|-damage|p1a: Ting-Lu|0 fnt\n|faint|p1a: Ting-Lu\n|\n|upkeep\n|\n|t:|1700691299\n|switch|p1a: Kyogre|Kyogre, shiny|89\/100\n|-weather|RainDance|[from] ability: Drizzle|[of] p1a: Kyogre\n|turn|21\n|\n|t:|1700691303\n|move|p1a: Kyogre|Water Spout|p2a: Zacian\n|-damage|p2a: Zacian|0 fnt\n|faint|p2a: Zacian\n|\n|-weather|RainDance|[upkeep]\n|upkeep\n|\n|t:|1700691307\n|switch|p2a: Miraidon|Miraidon|9\/100 brn\n|-damage|p2a: Miraidon|0 fnt|[from] Stealth Rock\n|faint|p2a: Miraidon\n|\n|t:|1700691310\n|switch|p2a: Rayquaza|Rayquaza, shiny|75\/100\n|-damage|p2a: Rayquaza|50\/100|[from] Stealth Rock\n|-ability|p2a: Rayquaza|Air Lock\n|turn|22\n|\n|t:|1700691320\n|-terastallize|p1a: Kyogre|Water\n|move|p1a: Kyogre|Water Spout|p2a: Rayquaza\n|-resisted|p2a: Rayquaza\n|-damage|p2a: Rayquaza|0 fnt\n|faint|p2a: Rayquaza\n|\n|-weather|RainDance|[upkeep]\n|upkeep\n|-message|jawiththeblicky forfeited.\n|\n|win|BIG TONY 2014\n|n|\u2606BIG TONY 2014|bigtony2014\n|n|\u2606jawiththeblicky|jawiththeblicky\n|n|*Lady Monita \u2746|ladymonita\n|l|*Lady Monita \u2746\n|l|\u2606jawiththeblicky\n|c|\u2606BIG TONY 2014|gg\n|l|\u2606BIG TONY 2014\n","uploadtime":1700691363,"views":1,"p1id":"bigtony2014","p2id":"jawiththeblicky","formatid":"gen9ubers","rating":0,"private":0,"password":""}