{"id":"gen9ubers-1978357158","p1":"PeterGriffin2","p2":"HelloThereMites","format":"[Gen 9] Ubers","log":"|j|\u2606PeterGriffin2\n|j|\u2606HelloThereMites\n|t:|1698528917\n|gametype|singles\n|player|p1|PeterGriffin2|wattson|1165\n|player|p2|HelloThereMites|riley|1135\n|teamsize|p1|6\n|teamsize|p2|6\n|gen|9\n|tier|[Gen 9] Ubers\n|rated|\n|rule|Sleep Clause Mod: Limit one foe put to sleep\n|rule|Species Clause: Limit one of each Pok\u00e9mon\n|rule|OHKO Clause: OHKO moves are banned\n|rule|Evasion Items Clause: Evasion items are banned\n|rule|Evasion Moves Clause: Evasion moves are banned\n|rule|Endless Battle Clause: Forcing endless battles is banned\n|rule|HP Percentage Mod: HP is shown in percentages\n|clearpoke\n|poke|p1|Espeon, M|\n|poke|p1|Blissey, F|\n|poke|p1|Kyogre|\n|poke|p1|Miraidon|\n|poke|p1|Zacian-*|\n|poke|p1|Ursaluna, M|\n|poke|p2|Ogerpon-Hearthflame, F|\n|poke|p2|Zacian-*|\n|poke|p2|Flutter Mane|\n|poke|p2|Iron Bundle|\n|poke|p2|Chien-Pao|\n|poke|p2|Koraidon|\n|teampreview\n|inactive|Battle timer is ON: inactive players will automatically lose when time's up. (requested by HelloThereMites)\n|\n|t:|1698528933\n|start\n|switch|p1a: Espeon|Espeon, M|100\/100\n|switch|p2a: Ogerpon|Ogerpon-Hearthflame, F|100\/100\n|-ability|p2a: Ogerpon|Mold Breaker\n|turn|1\n|\n|t:|1698528949\n|move|p2a: Ogerpon|Swords Dance|p2a: Ogerpon\n|-boost|p2a: Ogerpon|atk|2\n|move|p1a: Espeon|Light Screen|p1a: Espeon\n|-sidestart|p1: PeterGriffin2|move: Light Screen\n|\n|upkeep\n|turn|2\n|c|\u2606PeterGriffin2|n\n|\n|t:|1698528960\n|move|p2a: Ogerpon|Trailblaze|p1a: Espeon\n|-damage|p1a: Espeon|0 fnt\n|-boost|p2a: Ogerpon|spe|1\n|faint|p1a: Espeon\n|\n|upkeep\n|\n|t:|1698528967\n|switch|p1a: Miraidon|Miraidon|100\/100\n|-fieldstart|move: Electric Terrain|[from] ability: Hadron Engine|[of] p1a: Miraidon\n|turn|3\n|\n|t:|1698528977\n|-terastallize|p2a: Ogerpon|Fire\n|detailschange|p2a: Ogerpon|Ogerpon-Hearthflame-Tera, F, tera:Fire\n|-ability|p2a: Ogerpon|Embody Aspect (Hearthflame)|boost\n|-boost|p2a: Ogerpon|atk|1\n|move|p1a: Miraidon|Overheat|p2a: Ogerpon\n|-resisted|p2a: Ogerpon\n|-crit|p2a: Ogerpon\n|-damage|p2a: Ogerpon|49\/100\n|-unboost|p1a: Miraidon|spa|2\n|move|p2a: Ogerpon|Ivy Cudgel|p1a: Miraidon\n|-resisted|p1a: Miraidon\n|-damage|p1a: Miraidon|0 fnt\n|faint|p1a: Miraidon\n|\n|upkeep\n|\n|t:|1698528993\n|switch|p1a: Kyogre|Kyogre|100\/100\n|-weather|RainDance|[from] ability: Drizzle|[of] p1a: Kyogre\n|turn|4\n|\n|t:|1698528998\n|move|p2a: Ogerpon|Horn Leech|p1a: Kyogre\n|-supereffective|p1a: Kyogre\n|-damage|p1a: Kyogre|0 fnt\n|-heal|p2a: Ogerpon|100\/100|[from] drain|[of] p1a: Kyogre\n|faint|p1a: Kyogre\n|\n|-weather|RainDance|[upkeep]\n|upkeep\n|\n|t:|1698529009\n|switch|p1a: Ursaluna|Ursaluna, M|100\/100\n|turn|5\n|\n|t:|1698529011\n|move|p1a: Ursaluna|Protect|p1a: Ursaluna\n|-singleturn|p1a: Ursaluna|Protect\n|move|p2a: Ogerpon|Horn Leech|p1a: Ursaluna\n|-activate|p1a: Ursaluna|move: Protect\n|\n|-weather|RainDance|[upkeep]\n|-status|p1a: Ursaluna|brn|[from] item: Flame Orb\n|upkeep\n|turn|6\n|\n|t:|1698529019\n|-terastallize|p1a: Ursaluna|Grass\n|move|p2a: Ogerpon|Horn Leech|p1a: Ursaluna\n|-resisted|p1a: Ursaluna\n|-damage|p1a: Ursaluna|71\/100 brn\n|move|p1a: Ursaluna|Facade|p2a: Ogerpon\n|-damage|p2a: Ogerpon|0 fnt\n|faint|p2a: Ogerpon\n|\n|-weather|RainDance|[upkeep]\n|-damage|p1a: Ursaluna|65\/100 brn|[from] brn\n|upkeep\n|\n|t:|1698529029\n|switch|p2a: Koraidon|Koraidon|100\/100\n|-weather|SunnyDay|[from] ability: Orichalcum Pulse|[of] p2a: Koraidon\n|-activate|p2a: Koraidon|Orichalcum Pulse|[source]\n|turn|7\n|\n|t:|1698529037\n|move|p2a: Koraidon|Flame Charge|p1a: Ursaluna\n|-supereffective|p1a: Ursaluna\n|-damage|p1a: Ursaluna|31\/100 brn\n|-boost|p2a: Koraidon|spe|1\n|move|p1a: Ursaluna|Facade|p2a: Koraidon\n|-damage|p2a: Koraidon|18\/100\n|\n|-weather|SunnyDay|[upkeep]\n|-heal|p2a: Koraidon|24\/100|[from] item: Leftovers\n|-damage|p1a: Ursaluna|25\/100 brn|[from] brn\n|-fieldend|move: Electric Terrain\n|upkeep\n|turn|8\n|\n|t:|1698529060\n|switch|p1a: Blissey|Blissey, F|100\/100\n|move|p2a: Koraidon|Flame Charge|p1a: Blissey\n|-damage|p1a: Blissey|72\/100\n|-boost|p2a: Koraidon|spe|1\n|\n|-weather|SunnyDay|[upkeep]\n|-heal|p2a: Koraidon|30\/100|[from] item: Leftovers\n|-heal|p1a: Blissey|78\/100|[from] item: Leftovers\n|-sideend|p1: PeterGriffin2|move: Light Screen\n|upkeep\n|turn|9\n|\n|t:|1698529069\n|move|p2a: Koraidon|Collision Course|p1a: Blissey\n|-supereffective|p1a: Blissey\n|-damage|p1a: Blissey|0 fnt\n|faint|p1a: Blissey\n|\n|-weather|SunnyDay|[upkeep]\n|-heal|p2a: Koraidon|36\/100|[from] item: Leftovers\n|upkeep\n|\n|t:|1698529080\n|switch|p1a: Zacian|Zacian-Crowned|100\/100\n|-ability|p1a: Zacian|Intrepid Sword|boost\n|-boost|p1a: Zacian|atk|1\n|turn|10\n|\n|t:|1698529088\n|move|p2a: Koraidon|Flare Blitz|p1a: Zacian\n|-supereffective|p1a: Zacian\n|-damage|p1a: Zacian|0 fnt\n|faint|p1a: Zacian\n|-damage|p2a: Koraidon|5\/100|[from] Recoil\n|\n|-weather|SunnyDay|[upkeep]\n|-heal|p2a: Koraidon|11\/100|[from] item: Leftovers\n|upkeep\n|\n|t:|1698529096\n|switch|p1a: Ursaluna|Ursaluna, M, tera:Grass|25\/100 brn\n|turn|11\n|-message|PeterGriffin2 forfeited.\n|\n|win|HelloThereMites\n|raw|PeterGriffin2's rating: 1165 &rarr; <strong>1138<\/strong><br \/>(-27 for losing)\n|raw|HelloThereMites's rating: 1135 &rarr; <strong>1162<\/strong><br \/>(+27 for winning)\n|l|\u2606PeterGriffin2\n","uploadtime":1698529101,"views":10,"p1id":"petergriffin2","p2id":"hellotheremites","formatid":"gen9ubers","rating":1138,"private":0,"password":""}