{"id":"gen9ubers-1981259615","p1":"Compton Crobats","p2":"Anne Frankkkk","format":"[Gen 9] Ubers","log":"|j|\u2606Compton Crobats\n|j|\u2606Anne Frankkkk\n|t:|1698877255\n|gametype|singles\n|player|p1|Compton Crobats|drayden|1132\n|player|p2|Anne Frankkkk|hilbert|1170\n|teamsize|p1|6\n|teamsize|p2|6\n|gen|9\n|tier|[Gen 9] Ubers\n|rated|\n|rule|Sleep Clause Mod: Limit one foe put to sleep\n|rule|Species Clause: Limit one of each Pok\u00e9mon\n|rule|OHKO Clause: OHKO moves are banned\n|rule|Evasion Items Clause: Evasion items are banned\n|rule|Evasion Moves Clause: Evasion moves are banned\n|rule|Endless Battle Clause: Forcing endless battles is banned\n|rule|HP Percentage Mod: HP is shown in percentages\n|clearpoke\n|poke|p1|Spidops, M|\n|poke|p1|Spectrier|\n|poke|p1|Slowking-Galar, F|\n|poke|p1|Chesnaught, F|\n|poke|p1|Hydreigon, F|\n|poke|p1|Palafin, F|\n|poke|p2|Iron Hands|\n|poke|p2|Kyogre|\n|poke|p2|Chien-Pao|\n|poke|p2|Ribombee, F|\n|poke|p2|Miraidon|\n|poke|p2|Flutter Mane|\n|teampreview\n|inactive|Battle timer is ON: inactive players will automatically lose when time's up. (requested by Compton Crobats)\n|\n|t:|1698877274\n|start\n|switch|p1a: Palafin|Palafin, F|100\/100\n|switch|p2a: Moonblast|Ribombee, F, shiny|100\/100\n|turn|1\n|\n|t:|1698877280\n|move|p2a: Moonblast|Sticky Web|p1a: Palafin\n|-sidestart|p1: Compton Crobats|move: Sticky Web\n|move|p1a: Palafin|Iron Head|p2a: Moonblast\n|-supereffective|p2a: Moonblast\n|-damage|p2a: Moonblast|25\/100\n|\n|upkeep\n|turn|2\n|\n|t:|1698877294\n|switch|p2a: OHKO|Kyogre|100\/100\n|-weather|RainDance|[from] ability: Drizzle|[of] p2a: OHKO\n|move|p1a: Palafin|Iron Head|p2a: OHKO\n|-resisted|p2a: OHKO\n|-damage|p2a: OHKO|90\/100\n|\n|-weather|RainDance|[upkeep]\n|upkeep\n|turn|3\n|\n|t:|1698877306\n|detailschange|p1a: Palafin|Palafin-Hero, F\n|switch|p1a: Slowking|Slowking-Galar, F|100\/100\n|-activate|p1a: Slowking|move: Sticky Web\n|-unboost|p1a: Slowking|spe|1\n|move|p2a: OHKO|Water Spout|p1a: Slowking\n|-damage|p1a: Slowking|0 fnt\n|faint|p1a: Slowking\n|\n|-weather|RainDance|[upkeep]\n|upkeep\n|inactive|Compton Crobats has 120 seconds left.\n|\n|t:|1698877340\n|switch|p1a: Spidops|Spidops, M|100\/100\n|-activate|p1a: Spidops|move: Sticky Web\n|-unboost|p1a: Spidops|spe|1\n|turn|4\n|inactive|Compton Crobats has 120 seconds left.\n|\n|t:|1698877345\n|move|p1a: Spidops|First Impression|p2a: OHKO\n|-damage|p2a: OHKO|27\/100\n|move|p2a: OHKO|Water Spout|p1a: Spidops\n|-damage|p1a: Spidops|42\/100\n|\n|-weather|RainDance|[upkeep]\n|upkeep\n|turn|5\n|inactive|Compton Crobats has 120 seconds left.\n|\n|t:|1698877356\n|switch|p1a: Hydreigon|Hydreigon, F|100\/100\n|move|p2a: OHKO|Water Spout|p1a: Hydreigon\n|-resisted|p1a: Hydreigon\n|-damage|p1a: Hydreigon|80\/100\n|\n|-weather|RainDance|[upkeep]\n|upkeep\n|turn|6\n|inactive|Compton Crobats has 120 seconds left.\n|\n|t:|1698877368\n|switch|p2a: Moonblast|Ribombee, F, shiny|25\/100\n|move|p1a: Hydreigon|Dark Pulse|p2a: Moonblast\n|-resisted|p2a: Moonblast\n|-damage|p2a: Moonblast|0 fnt\n|faint|p2a: Moonblast\n|\n|-weather|none\n|upkeep\n|\n|t:|1698877386\n|switch|p2a: Cyber Lizard|Miraidon|100\/100\n|-fieldstart|move: Electric Terrain|[from] ability: Hadron Engine|[of] p2a: Cyber Lizard\n|-item|p2a: Cyber Lizard|Air Balloon\n|turn|7\n|\n|t:|1698877393\n|-terastallize|p2a: Cyber Lizard|Fairy\n|-terastallize|p1a: Hydreigon|Fairy\n|move|p2a: Cyber Lizard|Calm Mind|p2a: Cyber Lizard\n|-boost|p2a: Cyber Lizard|spa|1\n|-boost|p2a: Cyber Lizard|spd|1\n|move|p1a: Hydreigon|Tera Blast|p2a: Cyber Lizard|[anim] Tera Blast Fairy\n|-damage|p2a: Cyber Lizard|75\/100\n|-enditem|p2a: Cyber Lizard|Air Balloon\n|\n|upkeep\n|turn|8\n|\n|t:|1698877403\n|move|p2a: Cyber Lizard|Calm Mind|p2a: Cyber Lizard\n|-boost|p2a: Cyber Lizard|spa|1\n|-boost|p2a: Cyber Lizard|spd|1\n|move|p1a: Hydreigon|Flamethrower|p2a: Cyber Lizard\n|-damage|p2a: Cyber Lizard|62\/100\n|\n|upkeep\n|turn|9\n|\n|t:|1698877409\n|move|p2a: Cyber Lizard|Electro Drift|p1a: Hydreigon\n|-damage|p1a: Hydreigon|0 fnt\n|faint|p1a: Hydreigon\n|\n|upkeep\n|\n|t:|1698877416\n|switch|p1a: Spidops|Spidops, M|42\/100\n|-activate|p1a: Spidops|move: Sticky Web\n|-unboost|p1a: Spidops|spe|1\n|turn|10\n|\n|t:|1698877421\n|move|p1a: Spidops|First Impression|p2a: Cyber Lizard\n|-resisted|p2a: Cyber Lizard\n|-damage|p2a: Cyber Lizard|36\/100\n|move|p2a: Cyber Lizard|Electro Drift|p1a: Spidops\n|-damage|p1a: Spidops|0 fnt\n|faint|p1a: Spidops\n|\n|upkeep\n|\n|t:|1698877432\n|switch|p1a: Chesnaught|Chesnaught, F|100\/100\n|-activate|p1a: Chesnaught|move: Sticky Web\n|-unboost|p1a: Chesnaught|spe|1\n|turn|11\n|\n|t:|1698877441\n|move|p2a: Cyber Lizard|Dragon Pulse|p1a: Chesnaught\n|-damage|p1a: Chesnaught|0 fnt\n|faint|p1a: Chesnaught\n|\n|-fieldend|move: Electric Terrain\n|upkeep\n|\n|t:|1698877446\n|switch|p1a: Palafin|Palafin-Hero, F|100\/100\n|-activate|p1a: Palafin|move: Sticky Web\n|-unboost|p1a: Palafin|spe|1\n|-enditem|p1a: Palafin|Eject Pack\n|-activate|p1a: Palafin|ability: Zero to Hero\n|\n|t:|1698877456\n|switch|p1a: Spectrier|Spectrier|100\/100\n|-activate|p1a: Spectrier|move: Sticky Web\n|-unboost|p1a: Spectrier|spe|1\n|turn|12\n|\n|t:|1698877464\n|move|p2a: Cyber Lizard|Electro Drift|p1a: Spectrier\n|-damage|p1a: Spectrier|0 fnt\n|faint|p1a: Spectrier\n|\n|upkeep\n|\n|t:|1698877470\n|switch|p1a: Palafin|Palafin-Hero, F|100\/100\n|-activate|p1a: Palafin|move: Sticky Web\n|-unboost|p1a: Palafin|spe|1\n|turn|13\n|\n|t:|1698877474\n|move|p1a: Palafin|Jet Punch|p2a: Cyber Lizard\n|-damage|p2a: Cyber Lizard|0 fnt\n|faint|p2a: Cyber Lizard\n|\n|upkeep\n|\n|t:|1698877482\n|switch|p2a: Big Boy|Iron Hands, shiny|100\/100\n|turn|14\n|\n|t:|1698877489\n|move|p2a: Big Boy|Fake Out|p1a: Palafin\n|-damage|p1a: Palafin|84\/100\n|cant|p1a: Palafin|flinch\n|\n|upkeep\n|turn|15\n|\n|t:|1698877494\n|move|p1a: Palafin|Wave Crash|p2a: Big Boy\n|-crit|p2a: Big Boy\n|-damage|p2a: Big Boy|33\/100\n|-damage|p1a: Palafin|51\/100|[from] Recoil\n|move|p2a: Big Boy|Wild Charge|p1a: Palafin\n|-supereffective|p1a: Palafin\n|-damage|p1a: Palafin|0 fnt\n|faint|p1a: Palafin\n|-damage|p2a: Big Boy|24\/100|[from] Recoil\n|\n|win|Anne Frankkkk\n|raw|Compton Crobats's rating: 1132 &rarr; <strong>1110<\/strong><br \/>(-22 for losing)\n|raw|Anne Frankkkk's rating: 1170 &rarr; <strong>1192<\/strong><br \/>(+22 for winning)\n|l|\u2606Compton Crobats\n","uploadtime":1698877510,"views":10,"p1id":"comptoncrobats","p2id":"annefrankkkk","formatid":"gen9ubers","rating":1110,"private":0,"password":""}