{"id":"gen9ubers-1989333070","p1":"ItsmeBlankKnight","p2":"EhrenApfel6.9","format":"[Gen 9] Ubers","log":"|j|\u2606ItsmeBlankKnight\n|j|\u2606EhrenApfel6.9\n|t:|1699837448\n|gametype|singles\n|player|p1|ItsmeBlankKnight|larry|\n|player|p2|EhrenApfel6.9|cyrus|\n|teamsize|p1|6\n|teamsize|p2|6\n|gen|9\n|tier|[Gen 9] Ubers\n|rule|Sleep Clause Mod: Limit one foe put to sleep\n|rule|Species Clause: Limit one of each Pok\u00e9mon\n|rule|OHKO Clause: OHKO moves are banned\n|rule|Evasion Items Clause: Evasion items are banned\n|rule|Evasion Moves Clause: Evasion moves are banned\n|rule|Endless Battle Clause: Forcing endless battles is banned\n|rule|HP Percentage Mod: HP is shown in percentages\n|clearpoke\n|poke|p1|Chi-Yu|\n|poke|p1|Cyclizar, F|\n|poke|p1|Houndstone, M|\n|poke|p1|Torkoal, F|\n|poke|p1|Espathra, F|\n|poke|p1|Regidrago|\n|poke|p2|Palafin, F|\n|poke|p2|Palkia-Origin|\n|poke|p2|Arceus-Dragon|\n|poke|p2|Magearna|\n|poke|p2|Gholdengo|\n|poke|p2|Chi-Yu|\n|teampreview\n|inactive|Battle timer is ON: inactive players will automatically lose when time's up. (requested by ItsmeBlankKnight)\n|c|\u2606EhrenApfel6.9|glhf\n|c|\u2606ItsmeBlankKnight|u2\n|\n|t:|1699837470\n|start\n|switch|p1a: Cyclizar|Cyclizar, F|100\/100\n|switch|p2a: Palkia|Palkia-Origin|100\/100\n|-ability|p2a: Palkia|Pressure\n|turn|1\n|\n|t:|1699837475\n|move|p1a: Cyclizar|Shed Tail|p1a: Cyclizar\n|-start|p1a: Cyclizar|Substitute|[from] move: Shed Tail\n|-damage|p1a: Cyclizar|50\/100\n|\n|t:|1699837477\n|switch|p1a: Regidrago|Regidrago|100\/100|[from] Shed Tail\n|move|p2a: Palkia|Draco Meteor|p1a: Regidrago\n|-supereffective|p1a: Regidrago\n|-end|p1a: Regidrago|Substitute\n|-unboost|p2a: Palkia|spa|2\n|\n|upkeep\n|turn|2\n|\n|t:|1699837483\n|switch|p2a: Magearna|Magearna|100\/100\n|move|p1a: Regidrago|Dragon Energy|p2a: Magearna\n|-immune|p2a: Magearna\n|\n|upkeep\n|turn|3\n|\n|t:|1699837486\n|switch|p1a: Espathra|Espathra, F|100\/100\n|move|p2a: Magearna|Draining Kiss|p1a: Espathra\n|-damage|p1a: Espathra|56\/100\n|\n|-heal|p1a: Espathra|62\/100|[from] item: Leftovers\n|upkeep\n|turn|4\n|\n|t:|1699837489\n|move|p1a: Espathra|Calm Mind|p1a: Espathra\n|-boost|p1a: Espathra|spa|1\n|-boost|p1a: Espathra|spd|1\n|move|p2a: Magearna|Thunder Wave|p1a: Espathra\n|-status|p1a: Espathra|par\n|\n|-heal|p1a: Espathra|68\/100 par|[from] item: Leftovers\n|-ability|p1a: Espathra|Speed Boost|boost\n|-boost|p1a: Espathra|spe|1\n|upkeep\n|turn|5\n|\n|t:|1699837493\n|cant|p1a: Espathra|par\n|move|p2a: Magearna|Spikes|p1a: Espathra\n|-sidestart|p1: ItsmeBlankKnight|Spikes\n|\n|-heal|p1a: Espathra|74\/100 par|[from] item: Leftovers\n|-ability|p1a: Espathra|Speed Boost|boost\n|-boost|p1a: Espathra|spe|1\n|upkeep\n|turn|6\n|\n|t:|1699837495\n|move|p1a: Espathra|Stored Power|p2a: Magearna\n|-resisted|p2a: Magearna\n|-damage|p2a: Magearna|73\/100\n|move|p2a: Magearna|Flash Cannon|p1a: Espathra\n|-damage|p1a: Espathra|29\/100 par\n|\n|-heal|p1a: Espathra|35\/100 par|[from] item: Leftovers\n|-heal|p2a: Magearna|79\/100|[from] item: Leftovers\n|-ability|p1a: Espathra|Speed Boost|boost\n|-boost|p1a: Espathra|spe|1\n|upkeep\n|turn|7\n|\n|t:|1699837499\n|move|p1a: Espathra|Stored Power|p2a: Magearna\n|-resisted|p2a: Magearna\n|-damage|p2a: Magearna|40\/100\n|move|p2a: Magearna|Spikes|p1a: Espathra\n|-sidestart|p1: ItsmeBlankKnight|Spikes\n|\n|-heal|p1a: Espathra|41\/100 par|[from] item: Leftovers\n|-heal|p2a: Magearna|46\/100|[from] item: Leftovers\n|-ability|p1a: Espathra|Speed Boost|boost\n|-boost|p1a: Espathra|spe|1\n|upkeep\n|turn|8\n|\n|t:|1699837501\n|move|p1a: Espathra|Stored Power|p2a: Magearna\n|-resisted|p2a: Magearna\n|-damage|p2a: Magearna|5\/100\n|move|p2a: Magearna|Spikes|p1a: Espathra\n|-sidestart|p1: ItsmeBlankKnight|Spikes\n|\n|-heal|p1a: Espathra|47\/100 par|[from] item: Leftovers\n|-heal|p2a: Magearna|11\/100|[from] item: Leftovers\n|-ability|p1a: Espathra|Speed Boost|boost\n|-boost|p1a: Espathra|spe|1\n|upkeep\n|turn|9\n|\n|t:|1699837505\n|move|p1a: Espathra|Stored Power|p2a: Magearna\n|-resisted|p2a: Magearna\n|-damage|p2a: Magearna|0 fnt\n|faint|p2a: Magearna\n|\n|-heal|p1a: Espathra|53\/100 par|[from] item: Leftovers\n|-ability|p1a: Espathra|Speed Boost|boost\n|-boost|p1a: Espathra|spe|1\n|upkeep\n|\n|t:|1699837509\n|switch|p2a: Chi-Yu|Chi-Yu|100\/100\n|-ability|p2a: Chi-Yu|Beads of Ruin\n|turn|10\n|\n|t:|1699837517\n|switch|p1a: Torkoal|Torkoal, F|100\/100\n|-damage|p1a: Torkoal|76\/100|[from] Spikes\n|-weather|SunnyDay|[from] ability: Drought|[of] p1a: Torkoal\n|-terastallize|p2a: Chi-Yu|Fire\n|move|p2a: Chi-Yu|Overheat|p1a: Torkoal\n|-resisted|p1a: Torkoal\n|-damage|p1a: Torkoal|0 fnt\n|-unboost|p2a: Chi-Yu|spa|2\n|faint|p1a: Torkoal\n|\n|-weather|SunnyDay|[upkeep]\n|upkeep\n|\n|t:|1699837519\n|switch|p1a: Cyclizar|Cyclizar, F|83\/100\n|-damage|p1a: Cyclizar|59\/100|[from] Spikes\n|turn|11\n|\n|t:|1699837522\n|move|p1a: Cyclizar|Rapid Spin|p2a: Chi-Yu\n|-damage|p2a: Chi-Yu|76\/100\n|-boost|p1a: Cyclizar|spe|1\n|-sideend|p1: ItsmeBlankKnight|Spikes|[from] move: Rapid Spin|[of] p1a: Cyclizar\n|move|p2a: Chi-Yu|Overheat|p1a: Cyclizar\n|-resisted|p1a: Cyclizar\n|-damage|p1a: Cyclizar|0 fnt\n|-unboost|p2a: Chi-Yu|spa|2\n|faint|p1a: Cyclizar\n|\n|-weather|SunnyDay|[upkeep]\n|upkeep\n|\n|t:|1699837533\n|switch|p1a: Regidrago|Regidrago|100\/100\n|turn|12\n|c|\u2606ItsmeBlankKnight|no scarf\n|\n|t:|1699837538\n|switch|p2a: Gholdengo|Gholdengo|100\/100\n|move|p1a: Regidrago|Draco Meteor|p2a: Gholdengo\n|-resisted|p2a: Gholdengo\n|-damage|p2a: Gholdengo|50\/100\n|-unboost|p1a: Regidrago|spa|2\n|\n|-weather|SunnyDay|[upkeep]\n|upkeep\n|turn|13\n|\n|t:|1699837543\n|-terastallize|p1a: Regidrago|Dragon\n|move|p2a: Gholdengo|Make It Rain|p1a: Regidrago\n|-damage|p1a: Regidrago|35\/100\n|-unboost|p2a: Gholdengo|spa|1\n|move|p1a: Regidrago|Draco Meteor|p2a: Gholdengo\n|-resisted|p2a: Gholdengo\n|-damage|p2a: Gholdengo|15\/100\n|-unboost|p1a: Regidrago|spa|2\n|\n|-weather|SunnyDay|[upkeep]\n|upkeep\n|turn|14\n|\n|t:|1699837549\n|switch|p1a: Espathra|Espathra, F|53\/100 par\n|move|p2a: Gholdengo|Make It Rain|p1a: Espathra\n|-damage|p1a: Espathra|0 fnt\n|-unboost|p2a: Gholdengo|spa|1\n|faint|p1a: Espathra\n|\n|-weather|SunnyDay|[upkeep]\n|upkeep\n|\n|t:|1699837554\n|switch|p1a: Houndstone|Houndstone, M|100\/100\n|turn|15\n|\n|t:|1699837570\n|switch|p2a: Palkia|Palkia-Origin|100\/100\n|-ability|p2a: Palkia|Pressure\n|move|p1a: Houndstone|Shadow Sneak|p2a: Palkia\n|-damage|p2a: Palkia|67\/100\n|\n|-weather|SunnyDay|[upkeep]\n|upkeep\n|turn|16\n|\n|t:|1699837574\n|switch|p1a: Regidrago|Regidrago, tera:Dragon|35\/100\n|move|p2a: Palkia|Fire Blast|p1a: Regidrago|[miss]\n|-miss|p2a: Palkia|p1a: Regidrago\n|\n|-weather|SunnyDay|[upkeep]\n|upkeep\n|turn|17\n|\n|t:|1699837576\n|move|p1a: Regidrago|Draco Meteor|p2a: Palkia\n|-supereffective|p2a: Palkia\n|-damage|p2a: Palkia|0 fnt\n|-unboost|p1a: Regidrago|spa|2\n|faint|p2a: Palkia\n|\n|-weather|none\n|upkeep\n|c|\u2606EhrenApfel6.9|i hate that horse\n|c|\u2606ItsmeBlankKnight|lol\n|\n|t:|1699837599\n|switch|p2a: Palafin|Palafin, F|100\/100\n|turn|18\n|\n|t:|1699837601\n|move|p2a: Palafin|Jet Punch|p1a: Regidrago\n|-resisted|p1a: Regidrago\n|-damage|p1a: Regidrago|18\/100\n|move|p1a: Regidrago|Draco Meteor|p2a: Palafin\n|-damage|p2a: Palafin|6\/100\n|-unboost|p1a: Regidrago|spa|2\n|\n|upkeep\n|turn|19\n|\n|t:|1699837605\n|detailschange|p2a: Palafin|Palafin-Hero, F\n|switch|p2a: Arceus|Arceus-Dragon|100\/100\n|move|p1a: Regidrago|Draco Meteor|p2a: Arceus\n|-supereffective|p2a: Arceus\n|-damage|p2a: Arceus|43\/100\n|-unboost|p1a: Regidrago|spa|2\n|\n|upkeep\n|turn|20\n|\n|t:|1699837608\n|move|p2a: Arceus|Extreme Speed|p1a: Regidrago\n|-damage|p1a: Regidrago|0 fnt\n|faint|p1a: Regidrago\n|\n|upkeep\n|\n|t:|1699837612\n|switch|p1a: Houndstone|Houndstone, M|100\/100\n|turn|21\n|\n|t:|1699837617\n|move|p2a: Arceus|Flare Blitz|p1a: Houndstone\n|-damage|p1a: Houndstone|58\/100\n|-damage|p2a: Arceus|31\/100|[from] Recoil\n|move|p1a: Houndstone|Last Respects|p2a: Arceus\n|-damage|p2a: Arceus|0 fnt\n|faint|p2a: Arceus\n|\n|upkeep\n|\n|t:|1699837621\n|switch|p2a: Palafin|Palafin-Hero, F|6\/100\n|-activate|p2a: Palafin|ability: Zero to Hero\n|turn|22\n|\n|t:|1699837624\n|move|p2a: Palafin|Wave Crash|p1a: Houndstone\n|-damage|p1a: Houndstone|1\/100\n|-damage|p2a: Palafin|0 fnt|[from] Recoil\n|faint|p2a: Palafin\n|move|p1a: Houndstone|Last Respects|p2: Palafin|[notarget]\n|-fail|p1a: Houndstone\n|\n|upkeep\n|\n|t:|1699837630\n|switch|p2a: Gholdengo|Gholdengo|15\/100\n|turn|23\n|c|\u2606ItsmeBlankKnight|full hp\n|c|\u2606ItsmeBlankKnight|real\n|\n|t:|1699837635\n|switch|p1a: Chi-Yu|Chi-Yu|100\/100\n|-ability|p1a: Chi-Yu|Beads of Ruin\n|move|p2a: Gholdengo|Make It Rain|p1a: Chi-Yu\n|-resisted|p1a: Chi-Yu\n|-damage|p1a: Chi-Yu|66\/100\n|-unboost|p2a: Gholdengo|spa|1\n|\n|upkeep\n|turn|24\n|\n|t:|1699837638\n|move|p2a: Gholdengo|Make It Rain|p1a: Chi-Yu\n|-resisted|p1a: Chi-Yu\n|-damage|p1a: Chi-Yu|41\/100\n|-unboost|p2a: Gholdengo|spa|1\n|move|p1a: Chi-Yu|Flamethrower|p2a: Gholdengo\n|-supereffective|p2a: Gholdengo\n|-damage|p2a: Gholdengo|0 fnt\n|faint|p2a: Gholdengo\n|\n|upkeep\n|\n|t:|1699837642\n|switch|p2a: Chi-Yu|Chi-Yu, tera:Fire|76\/100\n|-ability|p2a: Chi-Yu|Beads of Ruin\n|turn|25\n|\n|t:|1699837648\n|move|p1a: Chi-Yu|Flamethrower|p2a: Chi-Yu\n|-resisted|p2a: Chi-Yu\n|-damage|p2a: Chi-Yu|32\/100\n|move|p2a: Chi-Yu|Overheat|p1a: Chi-Yu\n|-resisted|p1a: Chi-Yu\n|-damage|p1a: Chi-Yu|0 fnt\n|-unboost|p2a: Chi-Yu|spa|2\n|faint|p1a: Chi-Yu\n|\n|upkeep\n|c|\u2606ItsmeBlankKnight|specs?\n|\n|t:|1699837655\n|switch|p1a: Houndstone|Houndstone, M|1\/100\n|turn|26\n|c|\u2606EhrenApfel6.9|yes\n|\n|t:|1699837659\n|move|p1a: Houndstone|Shadow Sneak|p2a: Chi-Yu\n|-damage|p2a: Chi-Yu|0 fnt\n|faint|p2a: Chi-Yu\n|\n|win|ItsmeBlankKnight\n|c|\u2606ItsmeBlankKnight|same lol\n|c|\u2606ItsmeBlankKnight|gg\n","uploadtime":1699837664,"views":19,"p1id":"itsmeblankknight","p2id":"ehrenapfel69","formatid":"gen9ubers","rating":0,"private":0,"password":""}