{"id":"gen9ubers-1974227059","p1":"Rei_darkness","p2":"N-Zoroark stan","format":"[Gen 9] Ubers","log":"|j|\u2606Rei_darkness\n|j|\u2606N-Zoroark stan\n|t:|1698070093\n|gametype|singles\n|player|p1|Rei_darkness|drayden|\n|player|p2|N-Zoroark stan|riley|\n|teamsize|p1|6\n|teamsize|p2|6\n|gen|9\n|tier|[Gen 9] Ubers\n|rule|Sleep Clause Mod: Limit one foe put to sleep\n|rule|Species Clause: Limit one of each Pok\u00e9mon\n|rule|OHKO Clause: OHKO moves are banned\n|rule|Evasion Items Clause: Evasion items are banned\n|rule|Evasion Moves Clause: Evasion moves are banned\n|rule|Endless Battle Clause: Forcing endless battles is banned\n|rule|HP Percentage Mod: HP is shown in percentages\n|clearpoke\n|poke|p1|Slowbro-Galar, F|\n|poke|p1|Ribombee, M|\n|poke|p1|Walking Wake|\n|poke|p1|Victreebel, F|\n|poke|p1|Scovillain, M|\n|poke|p1|Koraidon|\n|poke|p2|Zoroark-Hisui, F|\n|poke|p2|Palossand, F|\n|poke|p2|Blissey, F|\n|poke|p2|Palafin, M|\n|poke|p2|Slowking-Galar, F|\n|poke|p2|Infernape, M|\n|teampreview\n|inactive|Battle timer is ON: inactive players will automatically lose when time's up. (requested by N-Zoroark stan)\n|c|\u2606N-Zoroark stan|glhf\n|inactive|N-Zoroark stan has 270 seconds left.\n|\n|t:|1698070128\n|start\n|switch|p1a: Koraidon|Koraidon|100\/100\n|switch|p2a: Palossand|Palossand, F|100\/100\n|-weather|SunnyDay|[from] ability: Orichalcum Pulse|[of] p1a: Koraidon\n|-activate|p1a: Koraidon|Orichalcum Pulse|[source]\n|turn|1\n|\n|t:|1698070134\n|switch|p2a: Palafin|Palafin, M|100\/100\n|move|p1a: Koraidon|Solar Beam||[still]\n|-prepare|p1a: Koraidon|Solar Beam\n|-anim|p1a: Koraidon|Solar Beam|p2a: Palafin\n|-supereffective|p2a: Palafin\n|-damage|p2a: Palafin|7\/100\n|\n|-weather|SunnyDay|[upkeep]\n|upkeep\n|turn|2\n|\n|t:|1698070141\n|detailschange|p2a: Palafin|Palafin-Hero, M\n|switch|p2a: Slowking|Slowking-Galar, F|100\/100\n|move|p1a: Koraidon|Fire Spin|p2a: Slowking\n|-damage|p2a: Slowking|89\/100\n|-activate|p2a: Slowking|move: Fire Spin|[of] p1a: Koraidon\n|\n|-weather|SunnyDay|[upkeep]\n|-damage|p2a: Slowking|76\/100|[from] move: Fire Spin|[partiallytrapped]\n|upkeep\n|turn|3\n|\n|t:|1698070147\n|move|p1a: Koraidon|Taunt|p2a: Slowking\n|-start|p2a: Slowking|move: Taunt\n|move|p2a: Slowking|Foul Play|p1a: Koraidon\n|-resisted|p1a: Koraidon\n|-damage|p1a: Koraidon|88\/100\n|\n|-weather|SunnyDay|[upkeep]\n|-damage|p2a: Slowking|64\/100|[from] move: Fire Spin|[partiallytrapped]\n|upkeep\n|turn|4\n|\n|t:|1698070152\n|move|p1a: Koraidon|Solar Beam||[still]\n|-prepare|p1a: Koraidon|Solar Beam\n|-anim|p1a: Koraidon|Solar Beam|p2a: Slowking\n|-resisted|p2a: Slowking\n|-damage|p2a: Slowking|50\/100\n|move|p2a: Slowking|Foul Play|p1a: Koraidon\n|-resisted|p1a: Koraidon\n|-damage|p1a: Koraidon|76\/100\n|\n|-weather|SunnyDay|[upkeep]\n|-damage|p2a: Slowking|38\/100|[from] move: Fire Spin|[partiallytrapped]\n|upkeep\n|turn|5\n|\n|t:|1698070160\n|move|p1a: Koraidon|Solar Beam||[still]\n|-prepare|p1a: Koraidon|Solar Beam\n|-anim|p1a: Koraidon|Solar Beam|p2a: Slowking\n|-resisted|p2a: Slowking\n|-damage|p2a: Slowking|26\/100\n|move|p2a: Slowking|Foul Play|p1a: Koraidon\n|-resisted|p1a: Koraidon\n|-damage|p1a: Koraidon|65\/100\n|\n|-weather|SunnyDay|[upkeep]\n|-damage|p2a: Slowking|14\/100|[from] move: Fire Spin|[partiallytrapped]\n|-end|p2a: Slowking|move: Taunt\n|upkeep\n|turn|6\n|\n|t:|1698070167\n|move|p1a: Koraidon|Taunt|p2a: Slowking\n|-start|p2a: Slowking|move: Taunt\n|cant|p2a: Slowking|move: Taunt|Chilly Reception\n|\n|-weather|SunnyDay|[upkeep]\n|-damage|p2a: Slowking|1\/100|[from] move: Fire Spin|[partiallytrapped]\n|upkeep\n|turn|7\n|\n|t:|1698070169\n|move|p1a: Koraidon|Solar Beam||[still]\n|-prepare|p1a: Koraidon|Solar Beam\n|-anim|p1a: Koraidon|Solar Beam|p2a: Slowking\n|-resisted|p2a: Slowking\n|-damage|p2a: Slowking|0 fnt\n|faint|p2a: Slowking\n|\n|-weather|SunnyDay|[upkeep]\n|upkeep\n|\n|t:|1698070177\n|switch|p2a: Blissey|Blissey, F|100\/100\n|turn|8\n|\n|t:|1698070181\n|switch|p1a: Ribombee|Ribombee, M|100\/100\n|move|p2a: Blissey|Poltergeist|p1a: Ribombee\n|-activate|p1a: Ribombee|move: Poltergeist|Focus Sash\n|-enditem|p1a: Ribombee|Focus Sash\n|-damage|p1a: Ribombee|1\/100\n|\n|-weather|none\n|upkeep\n|turn|9\n|\n|t:|1698070192\n|move|p1a: Ribombee|Sticky Web|p2a: Blissey\n|-sidestart|p2: N-Zoroark stan|move: Sticky Web\n|move|p2a: Blissey|Poltergeist||[still]\n|-fail|p2a: Blissey\n|\n|upkeep\n|turn|10\n|c|\u2606Rei_darkness|banded zoroark?\n|\n|t:|1698070205\n|switch|p2a: Blissey|Blissey, F|100\/100\n|move|p1a: Ribombee|Stun Spore|p2a: Blissey\n|-status|p2a: Blissey|par\n|\n|upkeep\n|turn|11\n|\n|t:|1698070213\n|move|p1a: Ribombee|Sunny Day|p1a: Ribombee\n|-weather|SunnyDay\n|move|p2a: Blissey|Stealth Rock|p1a: Ribombee\n|-sidestart|p1: Rei_darkness|move: Stealth Rock\n|\n|-weather|SunnyDay|[upkeep]\n|upkeep\n|turn|12\n|\n|t:|1698070220\n|move|p1a: Ribombee|U-turn|p2a: Blissey\n|-damage|p2a: Blissey|88\/100 par\n|\n|t:|1698070230\n|switch|p1a: Slowbro|Slowbro-Galar, F|100\/100|[from] U-turn\n|-damage|p1a: Slowbro|88\/100|[from] Stealth Rock\n|cant|p2a: Blissey|par\n|\n|-weather|SunnyDay|[upkeep]\n|upkeep\n|turn|13\n|\n|t:|1698070237\n|-curestatus|p2a: Blissey|par|[from] ability: Natural Cure\n|switch|p2a: Infernape|Infernape, M|100\/100\n|-activate|p2a: Infernape|move: Sticky Web\n|-unboost|p2a: Infernape|spe|1\n|move|p1a: Slowbro|Nasty Plot|p1a: Slowbro\n|-boost|p1a: Slowbro|spa|2\n|\n|-weather|SunnyDay|[upkeep]\n|upkeep\n|turn|14\n|\n|t:|1698070244\n|move|p2a: Infernape|Flare Blitz|p1a: Slowbro\n|-damage|p1a: Slowbro|16\/100\n|-damage|p2a: Infernape|69\/100|[from] Recoil\n|move|p1a: Slowbro|Psyshock|p2a: Infernape\n|-supereffective|p2a: Infernape\n|-damage|p2a: Infernape|0 fnt\n|faint|p2a: Infernape\n|\n|-weather|SunnyDay|[upkeep]\n|upkeep\n|\n|t:|1698070249\n|switch|p2a: Palafin|Palafin-Hero, M|7\/100\n|-activate|p2a: Palafin|move: Sticky Web\n|-unboost|p2a: Palafin|spe|1\n|-activate|p2a: Palafin|ability: Zero to Hero\n|turn|15\n|-activate|p1a: Slowbro|item: Quick Claw\n|\n|t:|1698070252\n|move|p1a: Slowbro|Sludge Bomb|p2a: Palafin\n|-damage|p2a: Palafin|0 fnt\n|faint|p2a: Palafin\n|\n|-weather|none\n|upkeep\n|\n|t:|1698070257\n|switch|p2a: Blissey|Blissey, F|88\/100\n|turn|16\n|c|\u2606Rei_darkness|i love glowbro ability: ''44% chance to do some bullshit''\n|-activate|p1a: Slowbro|ability: Quick Draw\n|\n|t:|1698070271\n|move|p1a: Slowbro|Psyshock|p2a: Blissey\n|-damage|p2a: Blissey|26\/100\n|move|p2a: Blissey|Seismic Toss|p1a: Slowbro\n|-damage|p1a: Slowbro|0 fnt\n|faint|p1a: Slowbro\n|\n|upkeep\n|\n|t:|1698070277\n|switch|p1a: Koraidon|Koraidon|65\/100\n|-damage|p1a: Koraidon|59\/100|[from] Stealth Rock\n|-weather|SunnyDay|[from] ability: Orichalcum Pulse|[of] p1a: Koraidon\n|-activate|p1a: Koraidon|Orichalcum Pulse|[source]\n|turn|17\n|\n|t:|1698070299\n|move|p1a: Koraidon|Fire Spin|p2a: Blissey\n|-crit|p2a: Blissey\n|-damage|p2a: Blissey|19\/100\n|-activate|p2a: Blissey|move: Fire Spin|[of] p1a: Koraidon\n|move|p2a: Blissey|Seismic Toss|p1a: Koraidon\n|-damage|p1a: Koraidon|30\/100\n|\n|-weather|SunnyDay|[upkeep]\n|-damage|p2a: Blissey|6\/100|[from] move: Fire Spin|[partiallytrapped]\n|upkeep\n|turn|18\n|\n|t:|1698070310\n|move|p1a: Koraidon|Solar Beam||[still]\n|-prepare|p1a: Koraidon|Solar Beam\n|-anim|p1a: Koraidon|Solar Beam|p2a: Blissey\n|-damage|p2a: Blissey|0 fnt\n|faint|p2a: Blissey\n|\n|-weather|SunnyDay|[upkeep]\n|upkeep\n|\n|t:|1698070313\n|switch|p2a: Palossand|Palossand, F|100\/100\n|-activate|p2a: Palossand|move: Sticky Web\n|-unboost|p2a: Palossand|spe|1\n|turn|19\n|\n|t:|1698070317\n|move|p1a: Koraidon|Fire Spin|p2a: Palossand\n|-damage|p2a: Palossand|88\/100\n|-activate|p2a: Palossand|move: Fire Spin|[of] p1a: Koraidon\n|move|p2a: Palossand|Poltergeist|p1a: Koraidon\n|-activate|p1a: Koraidon|move: Poltergeist|Heat Rock\n|-damage|p1a: Koraidon|2\/100\n|\n|-weather|SunnyDay|[upkeep]\n|-heal|p2a: Palossand|95\/100|[from] item: Leftovers\n|-damage|p2a: Palossand|82\/100|[from] move: Fire Spin|[partiallytrapped]\n|upkeep\n|turn|20\n|\n|t:|1698070323\n|-terastallize|p2a: Palossand|Fairy\n|move|p1a: Koraidon|Solar Beam||[still]\n|-prepare|p1a: Koraidon|Solar Beam\n|-anim|p1a: Koraidon|Solar Beam|p2a: Palossand\n|-damage|p2a: Palossand|57\/100\n|move|p2a: Palossand|Curse|p2a: Palossand\n|-unboost|p2a: Palossand|spe|1\n|-boost|p2a: Palossand|atk|1\n|-boost|p2a: Palossand|def|1\n|\n|-weather|SunnyDay|[upkeep]\n|-heal|p2a: Palossand|63\/100|[from] item: Leftovers\n|-damage|p2a: Palossand|51\/100|[from] move: Fire Spin|[partiallytrapped]\n|upkeep\n|turn|21\n|\n|t:|1698070326\n|move|p1a: Koraidon|Taunt|p2a: Palossand\n|-start|p2a: Palossand|move: Taunt\n|move|p2a: Palossand|Earthquake|p1a: Koraidon\n|-damage|p1a: Koraidon|0 fnt\n|faint|p1a: Koraidon\n|\n|-weather|SunnyDay|[upkeep]\n|-heal|p2a: Palossand|57\/100|[from] item: Leftovers\n|-end|p2a: Palossand|Fire Spin|[partiallytrapped]|[silent]\n|upkeep\n|\n|t:|1698070333\n|switch|p1a: Victreebel|Victreebel, F|100\/100\n|-damage|p1a: Victreebel|88\/100|[from] Stealth Rock\n|turn|22\n|\n|t:|1698070339\n|move|p1a: Victreebel|Sludge Bomb|p2a: Palossand\n|-supereffective|p2a: Palossand\n|-damage|p2a: Palossand|0 fnt\n|faint|p2a: Palossand\n|\n|-weather|SunnyDay|[upkeep]\n|upkeep\n|\n|t:|1698070341\n|switch|p2a: Zoroark|Zoroark-Hisui, F, shiny|100\/100\n|-activate|p2a: Zoroark|move: Sticky Web\n|-unboost|p2a: Zoroark|spe|1\n|turn|23\n|c|\u2606N-Zoroark stan|ggwp\n|\n|t:|1698070348\n|switch|p1a: Ribombee|Ribombee, M|1\/100\n|-damage|p1a: Ribombee|0 fnt|[from] Stealth Rock\n|faint|p1a: Ribombee\n|move|p2a: Zoroark|Poltergeist|p1: Ribombee|[notarget]\n|-fail|p2a: Zoroark\n|\n|-weather|SunnyDay|[upkeep]\n|upkeep\n|\n|t:|1698070363\n|switch|p1a: Victreebel|Victreebel, F|88\/100\n|-damage|p1a: Victreebel|76\/100|[from] Stealth Rock\n|turn|24\n|\n|t:|1698070366\n|-terastallize|p1a: Victreebel|Grass\n|move|p1a: Victreebel|Solar Beam||[still]\n|-prepare|p1a: Victreebel|Solar Beam\n|-anim|p1a: Victreebel|Solar Beam|p2a: Zoroark\n|-damage|p2a: Zoroark|0 fnt\n|faint|p2a: Zoroark\n|\n|win|Rei_darkness\n|l|\u2606N-Zoroark stan\n|c|\u2606Rei_darkness|gg\n","uploadtime":1698070444,"views":16,"p1id":"reidarkness","p2id":"nzoroarkstan","formatid":"gen9ubers","rating":0,"private":0,"password":""}