{"id":"gen9ubers-1990849989","p1":"Anne Frankkkk","p2":"bigslim","format":"[Gen 9] Ubers","log":"|j|\u2606Anne Frankkkk\n|j|\u2606bigslim\n|t:|1700007410\n|gametype|singles\n|player|p1|Anne Frankkkk|hilbert|1182\n|player|p2|bigslim|n|1097\n|teamsize|p1|6\n|teamsize|p2|6\n|gen|9\n|tier|[Gen 9] Ubers\n|rated|\n|rule|Sleep Clause Mod: Limit one foe put to sleep\n|rule|Species Clause: Limit one of each Pok\u00e9mon\n|rule|OHKO Clause: OHKO moves are banned\n|rule|Evasion Items Clause: Evasion items are banned\n|rule|Evasion Moves Clause: Evasion moves are banned\n|rule|Endless Battle Clause: Forcing endless battles is banned\n|rule|HP Percentage Mod: HP is shown in percentages\n|clearpoke\n|poke|p1|Iron Hands|\n|poke|p1|Kyogre|\n|poke|p1|Chien-Pao|\n|poke|p1|Ribombee, F|\n|poke|p1|Miraidon|\n|poke|p1|Flutter Mane|\n|poke|p2|Zacian-*|\n|poke|p2|Zamazenta-*|\n|poke|p2|Arceus-Fairy|\n|poke|p2|Zoroark, M|\n|poke|p2|Groudon|\n|poke|p2|Ursaluna-Bloodmoon, M|\n|teampreview\n|inactive|Battle timer is ON: inactive players will automatically lose when time's up. (requested by Anne Frankkkk)\n|\n|t:|1700007424\n|start\n|switch|p1a: Moonblast|Ribombee, F, shiny|100\/100\n|switch|p2a: Zamazenta|Zamazenta-Crowned|100\/100\n|-ability|p2a: Zamazenta|Dauntless Shield|boost\n|-boost|p2a: Zamazenta|def|1\n|turn|1\n|\n|t:|1700007442\n|move|p2a: Zamazenta|Behemoth Bash|p1a: Moonblast\n|-supereffective|p1a: Moonblast\n|-enditem|p1a: Moonblast|Focus Sash\n|-damage|p1a: Moonblast|1\/100\n|move|p1a: Moonblast|Sticky Web|p2a: Zamazenta\n|-sidestart|p2: bigslim|move: Sticky Web\n|\n|upkeep\n|turn|2\n|inactive|bigslim has 120 seconds left.\n|\n|t:|1700007475\n|move|p2a: Zamazenta|Behemoth Bash|p1a: Moonblast\n|-supereffective|p1a: Moonblast\n|-damage|p1a: Moonblast|0 fnt\n|faint|p1a: Moonblast\n|\n|upkeep\n|\n|t:|1700007499\n|switch|p1a: Misdreavius|Flutter Mane, shiny|100\/100\n|-enditem|p1a: Misdreavius|Booster Energy\n|-activate|p1a: Misdreavius|ability: Protosynthesis|[fromitem]\n|-start|p1a: Misdreavius|protosynthesisspe\n|turn|3\n|\n|t:|1700007505\n|move|p1a: Misdreavius|Moonblast|p2a: Zamazenta\n|-damage|p2a: Zamazenta|58\/100\n|move|p2a: Zamazenta|Behemoth Bash|p1a: Misdreavius\n|-supereffective|p1a: Misdreavius\n|-damage|p1a: Misdreavius|0 fnt\n|faint|p1a: Misdreavius\n|-end|p1a: Misdreavius|Protosynthesis|[silent]\n|\n|upkeep\n|\n|t:|1700007517\n|switch|p1a: Big Boy|Iron Hands, shiny|100\/100\n|turn|4\n|\n|t:|1700007535\n|move|p1a: Big Boy|Fake Out|p2a: Zamazenta\n|-resisted|p2a: Zamazenta\n|-crit|p2a: Zamazenta\n|-damage|p2a: Zamazenta|48\/100\n|cant|p2a: Zamazenta|flinch\n|\n|upkeep\n|turn|5\n|\n|t:|1700007542\n|move|p2a: Zamazenta|Psychic Fangs|p1a: Big Boy\n|-supereffective|p1a: Big Boy\n|-damage|p1a: Big Boy|68\/100\n|move|p1a: Big Boy|Brick Break|p2a: Zamazenta\n|-supereffective|p2a: Zamazenta\n|-damage|p2a: Zamazenta|1\/100\n|\n|upkeep\n|turn|6\n|\n|t:|1700007550\n|move|p2a: Zamazenta|Play Rough|p1a: Big Boy\n|-supereffective|p1a: Big Boy\n|-crit|p1a: Big Boy\n|-damage|p1a: Big Boy|16\/100\n|move|p1a: Big Boy|Brick Break|p2a: Zamazenta\n|-supereffective|p2a: Zamazenta\n|-damage|p2a: Zamazenta|0 fnt\n|faint|p2a: Zamazenta\n|\n|upkeep\n|\n|t:|1700007562\n|switch|p2a: Ursaluna|Ursaluna-Bloodmoon, M|100\/100\n|-activate|p2a: Ursaluna|move: Sticky Web\n|-unboost|p2a: Ursaluna|spe|1\n|turn|7\n|\n|t:|1700007572\n|move|p2a: Ursaluna|Earth Power|p1a: Big Boy\n|-supereffective|p1a: Big Boy\n|-damage|p1a: Big Boy|0 fnt\n|faint|p1a: Big Boy\n|-end|p1a: Big Boy|Quark Drive|[silent]\n|\n|upkeep\n|\n|t:|1700007578\n|switch|p1a: OHKO|Kyogre|100\/100\n|-weather|RainDance|[from] ability: Drizzle|[of] p1a: OHKO\n|turn|8\n|\n|t:|1700007586\n|move|p1a: OHKO|Water Spout|p2a: Ursaluna\n|-supereffective|p2a: Ursaluna\n|-damage|p2a: Ursaluna|0 fnt\n|faint|p2a: Ursaluna\n|\n|-weather|RainDance|[upkeep]\n|upkeep\n|\n|t:|1700007593\n|switch|p2a: Zacian|Zacian-Crowned|100\/100\n|-activate|p2a: Zacian|move: Sticky Web\n|-unboost|p2a: Zacian|spe|1\n|-ability|p2a: Zacian|Intrepid Sword|boost\n|-boost|p2a: Zacian|atk|1\n|turn|9\n|\n|t:|1700007599\n|move|p1a: OHKO|Water Spout|p2a: Zacian\n|-damage|p2a: Zacian|0 fnt\n|faint|p2a: Zacian\n|\n|-weather|RainDance|[upkeep]\n|upkeep\n|\n|t:|1700007605\n|switch|p2a: Arceus|Arceus-Fairy|100\/100\n|-activate|p2a: Arceus|move: Sticky Web\n|-unboost|p2a: Arceus|spe|1\n|turn|10\n|\n|t:|1700007612\n|move|p1a: OHKO|Water Spout|p2a: Arceus\n|-damage|p2a: Arceus|0 fnt\n|faint|p2a: Arceus\n|\n|-weather|RainDance|[upkeep]\n|upkeep\n|\n|t:|1700007635\n|switch|p2a: Groudon|Groudon|100\/100\n|-activate|p2a: Groudon|move: Sticky Web\n|-unboost|p2a: Groudon|spe|1\n|turn|11\n|inactive|bigslim has 120 seconds left.\n|\n|t:|1700007665\n|-terastallize|p2a: Groudon|Dark\n|move|p1a: OHKO|Water Spout|p2a: Groudon\n|-damage|p2a: Groudon|0 fnt\n|replace|p2a: Zoroark|Zoroark, M\n|-end|p2a: Zoroark|Illusion\n|faint|p2a: Zoroark\n|\n|-weather|RainDance|[upkeep]\n|upkeep\n|inactive|bigslim has 120 seconds left.\n|\n|t:|1700007673\n|switch|p2a: Groudon|Groudon|100\/100\n|-activate|p2a: Groudon|move: Sticky Web\n|-unboost|p2a: Groudon|spe|1\n|-weather|SunnyDay|[from] ability: Drought|[of] p2a: Groudon\n|turn|12\n|\n|t:|1700007681\n|switch|p1a: Cyber Lizard|Miraidon|100\/100\n|-fieldstart|move: Electric Terrain|[from] ability: Hadron Engine|[of] p1a: Cyber Lizard\n|-item|p1a: Cyber Lizard|Air Balloon\n|move|p2a: Groudon|Precipice Blades|p1a: Cyber Lizard\n|-immune|p1a: Cyber Lizard\n|\n|-weather|SunnyDay|[upkeep]\n|upkeep\n|turn|13\n|\n|t:|1700007691\n|move|p1a: Cyber Lizard|Calm Mind|p1a: Cyber Lizard\n|-boost|p1a: Cyber Lizard|spa|1\n|-boost|p1a: Cyber Lizard|spd|1\n|move|p2a: Groudon|Precipice Blades|p1a: Cyber Lizard\n|-immune|p1a: Cyber Lizard\n|\n|-weather|SunnyDay|[upkeep]\n|upkeep\n|turn|14\n|-message|bigslim forfeited.\n|\n|win|Anne Frankkkk\n|raw|Anne Frankkkk's rating: 1182 &rarr; <strong>1201<\/strong><br \/>(+19 for winning)\n|raw|bigslim's rating: 1097 &rarr; <strong>1078<\/strong><br \/>(-19 for losing)\n|l|\u2606bigslim\n","uploadtime":1700007696,"views":5,"p1id":"annefrankkkk","p2id":"bigslim","formatid":"gen9ubers","rating":1078,"private":0,"password":""}