{"id":"gen9ubers-1983397997","p1":"F-00_MC","p2":"termofservice","format":"[Gen 9] Ubers","log":"|j|\u2606F-00_MC\n|j|\u2606termofservice\n|t:|1699125891\n|gametype|singles\n|player|p1|F-00_MC|hilbert|\n|player|p2|termofservice|cynthia-masters|\n|teamsize|p1|6\n|teamsize|p2|6\n|gen|9\n|tier|[Gen 9] Ubers\n|rule|Sleep Clause Mod: Limit one foe put to sleep\n|rule|Species Clause: Limit one of each Pok\u00e9mon\n|rule|OHKO Clause: OHKO moves are banned\n|rule|Evasion Items Clause: Evasion items are banned\n|rule|Evasion Moves Clause: Evasion moves are banned\n|rule|Endless Battle Clause: Forcing endless battles is banned\n|rule|HP Percentage Mod: HP is shown in percentages\n|clearpoke\n|poke|p1|Pelipper, F|\n|poke|p1|Palkia-Origin|\n|poke|p1|Zacian-*|\n|poke|p1|Arceus-Grass|\n|poke|p1|Overqwil, F|\n|poke|p1|Cyclizar, F|\n|poke|p2|Ninetales-Alola, M|\n|poke|p2|Frosmoth, F|\n|poke|p2|Sandslash-Alola, F|\n|poke|p2|Goodra-Hisui, M|\n|poke|p2|Arceus-Fire|\n|poke|p2|Palafin, F|\n|teampreview\n|inactive|Battle timer is ON: inactive players will automatically lose when time's up. (requested by F-00_MC)\n|\n|t:|1699125907\n|start\n|switch|p1a: Pelipper|Pelipper, F|100\/100\n|switch|p2a: Palafin|Palafin, F|100\/100\n|-weather|RainDance|[from] ability: Drizzle|[of] p1a: Pelipper\n|turn|1\n|\n|t:|1699125914\n|move|p2a: Palafin|Flip Turn|p1a: Pelipper\n|-resisted|p1a: Pelipper\n|-damage|p1a: Pelipper|89\/100\n|\n|t:|1699125916\n|detailschange|p2a: Palafin|Palafin-Hero, F\n|switch|p2a: Ninetales|Ninetales-Alola, M|100\/100|[from] Flip Turn\n|-weather|Snow|[from] ability: Snow Warning|[of] p2a: Ninetales\n|move|p1a: Pelipper|Hurricane|p2a: Ninetales|[miss]\n|-miss|p1a: Pelipper|p2a: Ninetales\n|\n|-weather|Snow|[upkeep]\n|upkeep\n|turn|2\n|\n|t:|1699125934\n|switch|p1a: Cyclizar|Cyclizar, F|100\/100\n|move|p2a: Ninetales|Aurora Veil|p2a: Ninetales\n|-sidestart|p2: termofservice|move: Aurora Veil\n|\n|-weather|Snow|[upkeep]\n|upkeep\n|turn|3\n|\n|t:|1699125941\n|move|p1a: Cyclizar|Shed Tail|p1a: Cyclizar\n|-start|p1a: Cyclizar|Substitute|[from] move: Shed Tail\n|-damage|p1a: Cyclizar|50\/100\n|\n|t:|1699125944\n|switch|p1a: Pelipper|Pelipper, F|89\/100|[from] Shed Tail\n|-weather|RainDance|[from] ability: Drizzle|[of] p1a: Pelipper\n|move|p2a: Ninetales|Moonblast|p1a: Pelipper\n|-end|p1a: Pelipper|Substitute\n|\n|-weather|RainDance|[upkeep]\n|upkeep\n|turn|4\n|\n|t:|1699125961\n|move|p2a: Ninetales|Freeze-Dry|p1a: Pelipper\n|-supereffective|p1a: Pelipper\n|-damage|p1a: Pelipper|0 fnt\n|faint|p1a: Pelipper\n|\n|-weather|RainDance|[upkeep]\n|upkeep\n|inactive|F-00_MC has 270 seconds left.\n|\n|t:|1699125998\n|switch|p1a: Overqwil|Overqwil, F|100\/100\n|turn|5\n|\n|t:|1699126002\n|switch|p2a: Sandslash|Sandslash-Alola, F|100\/100\n|move|p1a: Overqwil|Poison Jab|p2a: Sandslash\n|-immune|p2a: Sandslash\n|\n|-weather|RainDance|[upkeep]\n|upkeep\n|turn|6\n|inactive|F-00_MC has 270 seconds left.\n|\n|t:|1699126027\n|move|p1a: Overqwil|Swords Dance|p1a: Overqwil\n|-boost|p1a: Overqwil|atk|2\n|move|p2a: Sandslash|Earthquake|p1a: Overqwil\n|-supereffective|p1a: Overqwil\n|-damage|p1a: Overqwil|0 fnt\n|faint|p1a: Overqwil\n|\n|-weather|RainDance|[upkeep]\n|upkeep\n|\n|t:|1699126034\n|switch|p1a: Cyclizar|Cyclizar, F|84\/100\n|turn|7\n|\n|t:|1699126040\n|move|p1a: Cyclizar|Knock Off|p2a: Sandslash\n|-crit|p2a: Sandslash\n|-damage|p2a: Sandslash|69\/100\n|-enditem|p2a: Sandslash|Choice Band|[from] move: Knock Off|[of] p1a: Cyclizar\n|move|p2a: Sandslash|Earthquake|p1a: Cyclizar\n|-damage|p1a: Cyclizar|37\/100\n|\n|-weather|RainDance|[upkeep]\n|upkeep\n|turn|8\n|\n|t:|1699126047\n|switch|p1a: Arceus|Arceus-Grass|100\/100\n|switch|p2a: Ninetales|Ninetales-Alola, M|100\/100\n|-weather|Snow|[from] ability: Snow Warning|[of] p2a: Ninetales\n|\n|-weather|Snow|[upkeep]\n|upkeep\n|turn|9\n|\n|t:|1699126068\n|move|p2a: Ninetales|Freeze-Dry|p1a: Arceus\n|-supereffective|p1a: Arceus\n|-damage|p1a: Arceus|65\/100\n|move|p1a: Arceus|Gunk Shot|p2a: Ninetales\n|-supereffective|p2a: Ninetales\n|-damage|p2a: Ninetales|54\/100\n|\n|-weather|Snow|[upkeep]\n|-sideend|p2: termofservice|move: Aurora Veil\n|upkeep\n|turn|10\n|\n|t:|1699126077\n|move|p2a: Ninetales|Aurora Veil|p2a: Ninetales\n|-sidestart|p2: termofservice|move: Aurora Veil\n|move|p1a: Arceus|Gunk Shot|p2a: Ninetales\n|-supereffective|p2a: Ninetales\n|-damage|p2a: Ninetales|11\/100\n|\n|-weather|Snow|[upkeep]\n|upkeep\n|turn|11\n|\n|t:|1699126083\n|switch|p2a: Goodra|Goodra-Hisui, M|100\/100\n|move|p1a: Arceus|Earthquake|p2a: Goodra\n|-supereffective|p2a: Goodra\n|-damage|p2a: Goodra|65\/100\n|\n|-weather|Snow|[upkeep]\n|upkeep\n|turn|12\n|\n|t:|1699126098\n|move|p1a: Arceus|Earthquake|p2a: Goodra\n|-supereffective|p2a: Goodra\n|-damage|p2a: Goodra|34\/100\n|move|p2a: Goodra|Fire Blast|p1a: Arceus\n|-supereffective|p1a: Arceus\n|-damage|p1a: Arceus|15\/100\n|\n|-weather|none\n|upkeep\n|turn|13\n|inactive|termofservice has 270 seconds left.\n|l|\u2606termofservice\n|inactive|termofservice disconnected and has 300 seconds to reconnect!\n|player|p2|\n|j|\u2606termofservice\n|inactive|termofservice reconnected and has 255 seconds left.\n|player|p2|termofservice|cynthia-masters\n|\n|t:|1699126155\n|move|p1a: Arceus|Earthquake|p2a: Goodra\n|-supereffective|p2a: Goodra\n|-damage|p2a: Goodra|0 fnt\n|faint|p2a: Goodra\n|\n|upkeep\n|\n|t:|1699126163\n|switch|p2a: Palafin|Palafin-Hero, F|100\/100\n|-activate|p2a: Palafin|ability: Zero to Hero\n|turn|14\n|\n|t:|1699126173\n|move|p2a: Palafin|Flip Turn|p1a: Arceus\n|-resisted|p1a: Arceus\n|-damage|p1a: Arceus|4\/100\n|\n|t:|1699126181\n|switch|p2a: Arceus|Arceus-Fire|100\/100|[from] Flip Turn\n|move|p1a: Arceus|Bullet Seed|p2a: Arceus\n|-resisted|p2a: Arceus\n|-crit|p2a: Arceus\n|-damage|p2a: Arceus|93\/100\n|-resisted|p2a: Arceus\n|-damage|p2a: Arceus|90\/100\n|-hitcount|p2a: Arceus|2\n|\n|upkeep\n|turn|15\n|\n|t:|1699126195\n|switch|p1a: Cyclizar|Cyclizar, F|70\/100\n|move|p2a: Arceus|Judgment|p1a: Cyclizar\n|-resisted|p1a: Cyclizar\n|-damage|p1a: Cyclizar|36\/100\n|\n|upkeep\n|turn|16\n|inactive|termofservice has 270 seconds left.\n|\n|t:|1699126213\n|move|p1a: Cyclizar|Knock Off|p2a: Arceus\n|-damage|p2a: Arceus|86\/100\n|move|p2a: Arceus|Judgment|p1a: Cyclizar\n|-resisted|p1a: Cyclizar\n|-damage|p1a: Cyclizar|0 fnt\n|faint|p1a: Cyclizar\n|\n|upkeep\n|\n|t:|1699126227\n|switch|p1a: Palkia|Palkia-Origin|100\/100\n|-ability|p1a: Palkia|Pressure\n|turn|17\n|\n|t:|1699126242\n|switch|p2a: Ninetales|Ninetales-Alola, M|11\/100\n|-weather|Snow|[from] ability: Snow Warning|[of] p2a: Ninetales\n|-terastallize|p1a: Palkia|Steel\n|move|p1a: Palkia|Surf|p2a: Ninetales\n|-damage|p2a: Ninetales|0 fnt\n|faint|p2a: Ninetales\n|\n|-weather|Snow|[upkeep]\n|-sideend|p2: termofservice|move: Aurora Veil\n|upkeep\n|\n|t:|1699126246\n|switch|p2a: Palafin|Palafin-Hero, F|100\/100\n|turn|18\n|\n|t:|1699126252\n|move|p2a: Palafin|Close Combat|p1a: Palkia\n|-supereffective|p1a: Palkia\n|-damage|p1a: Palkia|3\/100\n|-unboost|p2a: Palafin|def|1\n|-unboost|p2a: Palafin|spd|1\n|move|p1a: Palkia|Thunder|p2a: Palafin\n|-supereffective|p2a: Palafin\n|-damage|p2a: Palafin|0 fnt\n|faint|p2a: Palafin\n|\n|-weather|Snow|[upkeep]\n|upkeep\n|\n|t:|1699126263\n|switch|p2a: Sandslash|Sandslash-Alola, F|69\/100\n|turn|19\n|\n|t:|1699126269\n|move|p2a: Sandslash|Iron Head|p1a: Palkia\n|-resisted|p1a: Palkia\n|-damage|p1a: Palkia|0 fnt\n|faint|p1a: Palkia\n|\n|-weather|Snow|[upkeep]\n|upkeep\n|inactive|F-00_MC has 270 seconds left.\n|\n|t:|1699126282\n|switch|p1a: Zacian|Zacian|100\/100\n|-ability|p1a: Zacian|Intrepid Sword|boost\n|-boost|p1a: Zacian|atk|1\n|turn|20\n|inactive|F-00_MC has 270 seconds left.\n|\n|t:|1699126300\n|move|p2a: Sandslash|Iron Head|p1a: Zacian\n|-supereffective|p1a: Zacian\n|-damage|p1a: Zacian|33\/100\n|move|p1a: Zacian|Close Combat|p2a: Sandslash\n|-supereffective|p2a: Sandslash\n|-damage|p2a: Sandslash|0 fnt\n|-unboost|p1a: Zacian|def|1\n|-unboost|p1a: Zacian|spd|1\n|faint|p2a: Sandslash\n|\n|-weather|Snow|[upkeep]\n|upkeep\n|\n|t:|1699126308\n|switch|p2a: Arceus|Arceus-Fire|86\/100\n|turn|21\n|\n|t:|1699126318\n|move|p1a: Zacian|Close Combat|p2a: Arceus\n|-damage|p2a: Arceus|43\/100\n|-unboost|p1a: Zacian|def|1\n|-unboost|p1a: Zacian|spd|1\n|move|p2a: Arceus|Judgment|p1a: Zacian\n|-crit|p1a: Zacian\n|-damage|p1a: Zacian|0 fnt\n|faint|p1a: Zacian\n|\n|-weather|none\n|upkeep\n|\n|t:|1699126324\n|switch|p1a: Arceus|Arceus-Grass|4\/100\n|turn|22\n|c|\u2606termofservice|It's Bo3 right?\n|c|\u2606F-00_MC|yes\n|\n|t:|1699126331\n|move|p2a: Arceus|Judgment|p1a: Arceus\n|-supereffective|p1a: Arceus\n|-damage|p1a: Arceus|0 fnt\n|faint|p1a: Arceus\n|\n|win|termofservice\n|c|\u2606F-00_MC|gg 1 - 0\n|l|\u2606F-00_MC\n","uploadtime":1699126338,"views":21,"p1id":"f00mc","p2id":"termofservice","formatid":"gen9ubers","rating":0,"private":0,"password":""}