{"id":"gen9ubers-1980566279","p1":"HelloThereMites","p2":"pyro's brother","format":"[Gen 9] Ubers","log":"|j|\u2606HelloThereMites\n|j|\u2606pyro's brother\n|t:|1698798089\n|gametype|singles\n|player|p1|HelloThereMites|larry|1182\n|player|p2|pyro's brother|flint|1123\n|teamsize|p1|6\n|teamsize|p2|6\n|gen|9\n|tier|[Gen 9] Ubers\n|rated|\n|rule|Sleep Clause Mod: Limit one foe put to sleep\n|rule|Species Clause: Limit one of each Pok\u00e9mon\n|rule|OHKO Clause: OHKO moves are banned\n|rule|Evasion Items Clause: Evasion items are banned\n|rule|Evasion Moves Clause: Evasion moves are banned\n|rule|Endless Battle Clause: Forcing endless battles is banned\n|rule|HP Percentage Mod: HP is shown in percentages\n|clearpoke\n|poke|p1|Ogerpon-Hearthflame, F|\n|poke|p1|Zacian-*|\n|poke|p1|Flutter Mane|\n|poke|p1|Iron Bundle|\n|poke|p1|Chien-Pao|\n|poke|p1|Koraidon|\n|poke|p2|Kyogre|\n|poke|p2|Regieleki|\n|poke|p2|Mewtwo|\n|poke|p2|Landorus, M|\n|poke|p2|Zacian-*|\n|poke|p2|Spectrier|\n|teampreview\n|inactive|Battle timer is ON: inactive players will automatically lose when time's up. (requested by HelloThereMites)\n|\n|t:|1698798105\n|start\n|switch|p1a: Ogerpon|Ogerpon-Hearthflame, F|100\/100\n|switch|p2a: OUCH|Regieleki|100\/100\n|-ability|p1a: Ogerpon|Mold Breaker\n|turn|1\n|\n|t:|1698798120\n|move|p2a: OUCH|Reflect|p2a: OUCH\n|-sidestart|p2: pyro's brother|Reflect\n|move|p1a: Ogerpon|Trailblaze|p2a: OUCH\n|-damage|p2a: OUCH|76\/100\n|-boost|p1a: Ogerpon|spe|1\n|\n|upkeep\n|turn|2\n|\n|t:|1698798128\n|move|p2a: OUCH|Light Screen|p2a: OUCH\n|-sidestart|p2: pyro's brother|move: Light Screen\n|move|p1a: Ogerpon|Trailblaze|p2a: OUCH\n|-damage|p2a: OUCH|50\/100\n|-boost|p1a: Ogerpon|spe|1\n|\n|upkeep\n|turn|3\n|\n|t:|1698798138\n|move|p1a: Ogerpon|Horn Leech|p2a: OUCH\n|-damage|p2a: OUCH|13\/100\n|move|p2a: OUCH|Volt Switch|p1a: Ogerpon\n|-resisted|p1a: Ogerpon\n|-damage|p1a: Ogerpon|81\/100\n|\n|t:|1698798140\n|switch|p2a: matthewpradia|Kyogre|100\/100|[from] Volt Switch\n|-weather|RainDance|[from] ability: Drizzle|[of] p2a: matthewpradia\n|\n|-weather|RainDance|[upkeep]\n|upkeep\n|turn|4\n|\n|t:|1698798148\n|-terastallize|p2a: matthewpradia|Water\n|move|p1a: Ogerpon|Horn Leech|p2a: matthewpradia\n|-supereffective|p2a: matthewpradia\n|-damage|p2a: matthewpradia|42\/100\n|-heal|p1a: Ogerpon|100\/100|[from] drain|[of] p2a: matthewpradia\n|move|p2a: matthewpradia|Water Spout|p1a: Ogerpon\n|-damage|p1a: Ogerpon|0 fnt\n|faint|p1a: Ogerpon\n|\n|-weather|RainDance|[upkeep]\n|upkeep\n|\n|t:|1698798161\n|switch|p1a: Koraidon|Koraidon|100\/100\n|-weather|SunnyDay|[from] ability: Orichalcum Pulse|[of] p1a: Koraidon\n|-activate|p1a: Koraidon|Orichalcum Pulse|[source]\n|turn|5\n|\n|t:|1698798176\n|switch|p2a: OUCH|Regieleki|13\/100\n|move|p1a: Koraidon|Collision Course|p2a: OUCH\n|-damage|p2a: OUCH|0 fnt\n|faint|p2a: OUCH\n|\n|-weather|SunnyDay|[upkeep]\n|upkeep\n|\n|t:|1698798181\n|switch|p2a: dexter|Zacian-Crowned|100\/100\n|-ability|p2a: dexter|Intrepid Sword|boost\n|-boost|p2a: dexter|atk|1\n|turn|6\n|\n|t:|1698798188\n|move|p2a: dexter|Swords Dance|p2a: dexter\n|-boost|p2a: dexter|atk|2\n|move|p1a: Koraidon|Flare Blitz|p2a: dexter\n|-supereffective|p2a: dexter\n|-damage|p2a: dexter|20\/100\n|-damage|p1a: Koraidon|75\/100|[from] Recoil\n|\n|-weather|SunnyDay|[upkeep]\n|-heal|p1a: Koraidon|81\/100|[from] item: Leftovers\n|upkeep\n|turn|7\n|\n|t:|1698798199\n|move|p2a: dexter|Play Rough|p1a: Koraidon\n|-supereffective|p1a: Koraidon\n|-damage|p1a: Koraidon|0 fnt\n|faint|p1a: Koraidon\n|\n|-weather|SunnyDay|[upkeep]\n|upkeep\n|\n|t:|1698798210\n|switch|p1a: Zacian|Zacian-Crowned|100\/100\n|-ability|p1a: Zacian|Intrepid Sword|boost\n|-boost|p1a: Zacian|atk|1\n|turn|8\n|\n|t:|1698798215\n|move|p2a: dexter|Wild Charge|p1a: Zacian\n|-damage|p1a: Zacian|25\/100\n|-damage|p2a: dexter|1\/100|[from] Recoil\n|move|p1a: Zacian|Wild Charge|p2a: dexter\n|-damage|p2a: dexter|0 fnt\n|faint|p2a: dexter\n|-damage|p1a: Zacian|25\/100|[from] Recoil\n|\n|-weather|SunnyDay|[upkeep]\n|-sideend|p2: pyro's brother|Reflect\n|upkeep\n|\n|t:|1698798223\n|switch|p2a: creamy|Mewtwo|100\/100\n|-ability|p2a: creamy|Pressure\n|turn|9\n|\n|t:|1698798229\n|move|p1a: Zacian|Behemoth Blade|p2a: creamy\n|-damage|p2a: creamy|14\/100\n|move|p2a: creamy|Fire Blast|p1a: Zacian|[miss]\n|-miss|p2a: creamy|p1a: Zacian\n|\n|-weather|none\n|-sideend|p2: pyro's brother|move: Light Screen\n|upkeep\n|turn|10\n|-message|pyro's brother forfeited.\n|\n|win|HelloThereMites\n|raw|HelloThereMites's rating: 1182 &rarr; <strong>1203<\/strong><br \/>(+21 for winning)\n|raw|pyro&apos;s brother's rating: 1123 &rarr; <strong>1102<\/strong><br \/>(-21 for losing)\n|l|\u2606pyro's brother\n","uploadtime":1698798239,"views":7,"p1id":"hellotheremites","p2id":"pyrosbrother","formatid":"gen9ubers","rating":1102,"private":0,"password":""}