{"id":"gen9ubers-1978799195","p1":"SegoeScript","p2":"KhaoticIntent","format":"[Gen 9] Ubers","log":"|j|\u2606SegoeScript\n|j|\u2606KhaoticIntent\n|t:|1698596638\n|gametype|singles\n|player|p1|SegoeScript|wallace|\n|player|p2|KhaoticIntent|roxie|\n|teamsize|p1|6\n|teamsize|p2|6\n|gen|9\n|tier|[Gen 9] Ubers\n|rule|Sleep Clause Mod: Limit one foe put to sleep\n|rule|Species Clause: Limit one of each Pok\u00e9mon\n|rule|OHKO Clause: OHKO moves are banned\n|rule|Evasion Items Clause: Evasion items are banned\n|rule|Evasion Moves Clause: Evasion moves are banned\n|rule|Endless Battle Clause: Forcing endless battles is banned\n|rule|HP Percentage Mod: HP is shown in percentages\n|clearpoke\n|poke|p1|Samurott-Hisui, F|\n|poke|p1|Brambleghast, M|\n|poke|p1|Revavroom, F|\n|poke|p1|Roaring Moon|\n|poke|p1|Hippowdon, F|\n|poke|p1|Ceruledge, M|\n|poke|p2|Glimmora, M|\n|poke|p2|Garchomp, F|\n|poke|p2|Heatran, M|\n|poke|p2|Weavile, M|\n|poke|p2|Enamorus, F|\n|poke|p2|Gholdengo|\n|teampreview\n|j| SuperKernel44\n|j| dragonex129\n|j| ZeroORAS\n|j| siang\n|c| SuperKernel44|Ok, this is crazy\n|c|\u2606KhaoticIntent|no way superkernel44\n|c|\u2606KhaoticIntent|BIG fan\n|c| SuperKernel44|No way ruffles huger fan\n|c|\u2606KhaoticIntent|NO WAY KERNEL HUGEST FAN\n|c| SuperKernel44|Ok im not beating that\n|c| ZeroORAS|Who the hell is super kernel 44\n|c| SuperKernel44|Im literally superkernel44\n|c| SuperKernel44|The cookery opened\n|\n|t:|1698596808\n|start\n|switch|p1a: Alligator's Sword|Samurott-Hisui, F|100\/100\n|switch|p2a: Scawrf Gura|Garchomp, F|100\/100\n|turn|1\n|c|\u2606KhaoticIntent|kernel fren\n|\n|t:|1698596833\n|move|p2a: Scawrf Gura|Stealth Rock|p1a: Alligator's Sword\n|-sidestart|p1: SegoeScript|move: Stealth Rock\n|move|p1a: Alligator's Sword|Ceaseless Edge|p2a: Scawrf Gura|[miss]\n|-miss|p1a: Alligator's Sword|p2a: Scawrf Gura\n|\n|upkeep\n|turn|2\n|c|\u2606SegoeScript|ok\n|c|\u2606KhaoticIntent|thats huge\n|j| RodentCollector\n|c|\u2606KhaoticIntent|also youll never guess what Scawrf Gura is running\n|\n|t:|1698596855\n|move|p2a: Scawrf Gura|Spikes|p1a: Alligator's Sword\n|-sidestart|p1: SegoeScript|Spikes\n|move|p1a: Alligator's Sword|Knock Off|p2a: Scawrf Gura\n|-damage|p2a: Scawrf Gura|65\/100\n|-damage|p1a: Alligator's Sword|88\/100|[from] ability: Rough Skin|[of] p2a: Scawrf Gura\n|-damage|p1a: Alligator's Sword|72\/100|[from] item: Rocky Helmet|[of] p2a: Scawrf Gura\n|-enditem|p2a: Scawrf Gura|Rocky Helmet|[from] move: Knock Off|[of] p1a: Alligator's Sword\n|\n|upkeep\n|turn|3\n|c| RodentCollector|fucked up\n|\n|t:|1698596871\n|move|p1a: Alligator's Sword|Ceaseless Edge|p2a: Scawrf Gura\n|-damage|p2a: Scawrf Gura|26\/100\n|-damage|p1a: Alligator's Sword|59\/100|[from] ability: Rough Skin|[of] p2a: Scawrf Gura\n|-sidestart|p2: KhaoticIntent|Spikes\n|move|p2a: Scawrf Gura|Dragon Tail|p1a: Alligator's Sword\n|-damage|p1a: Alligator's Sword|24\/100\n|drag|p1a: Thirteenth Grave|Ceruledge, M|100\/100\n|\n|upkeep\n|turn|4\n|c| SuperKernel44|Not the spikes missing \ud83d\ude2d\ud83d\ude2d\n|c| RodentCollector|ceruledge got them fresh timbs\n|c| SuperKernel44|Fr\n|c|\u2606KhaoticIntent|the tims\n|c|\u2606KhaoticIntent|hmmmm\n|\n|t:|1698596937\n|move|p1a: Thirteenth Grave|Shadow Sneak|p2a: Scawrf Gura\n|-damage|p2a: Scawrf Gura|10\/100\n|-damage|p1a: Thirteenth Grave|88\/100|[from] ability: Rough Skin|[of] p2a: Scawrf Gura\n|move|p2a: Scawrf Gura|Earthquake|p1a: Thirteenth Grave\n|-supereffective|p1a: Thirteenth Grave\n|-damage|p1a: Thirteenth Grave|0 fnt\n|faint|p1a: Thirteenth Grave\n|\n|upkeep\n|c|\u2606KhaoticIntent|perfect\n|c| siang|wait this isnt a scrim\n|\n|t:|1698596951\n|switch|p1a: Abyss Flower|Brambleghast, M|100\/100\n|-damage|p1a: Abyss Flower|88\/100|[from] Stealth Rock\n|-damage|p1a: Abyss Flower|76\/100|[from] Spikes\n|turn|5\n|l| dragonex129\n|j| tlggrapeape\n|\n|t:|1698596965\n|switch|p2a: Ruffles' Ego|Gholdengo|100\/100\n|-damage|p2a: Ruffles' Ego|88\/100|[from] Spikes\n|move|p1a: Abyss Flower|Energy Ball|p2a: Ruffles' Ego\n|-resisted|p2a: Ruffles' Ego\n|-damage|p2a: Ruffles' Ego|73\/100\n|\n|upkeep\n|turn|6\n|c| tlggrapeape|oh shit here we go\n|\n|t:|1698596978\n|move|p1a: Abyss Flower|Shadow Ball|p2a: Ruffles' Ego\n|-supereffective|p2a: Ruffles' Ego\n|-enditem|p2a: Ruffles' Ego|Kasib Berry|[eat]\n|-enditem|p2a: Ruffles' Ego|Kasib Berry|[weaken]\n|-damage|p2a: Ruffles' Ego|43\/100\n|-unboost|p2a: Ruffles' Ego|spd|1\n|move|p2a: Ruffles' Ego|Recover|p2a: Ruffles' Ego\n|-heal|p2a: Ruffles' Ego|93\/100\n|\n|upkeep\n|turn|7\n|j| dragonex129\n|c| SuperKernel44|Special brambleghast goes in lowkey\n|j| Jektrooper\n|\n|t:|1698597013\n|move|p1a: Abyss Flower|Shadow Ball|p2a: Ruffles' Ego\n|-supereffective|p2a: Ruffles' Ego\n|-damage|p2a: Ruffles' Ego|10\/100\n|move|p2a: Ruffles' Ego|Shadow Ball|p1a: Abyss Flower\n|-supereffective|p1a: Abyss Flower\n|-damage|p1a: Abyss Flower|0 fnt\n|faint|p1a: Abyss Flower\n|\n|upkeep\n|c| Jektrooper|LMAO\n|c|\u2606KhaoticIntent|I LIVED\n|c| dragonex129|oof\n|c| dragonex129|f\n|\n|t:|1698597043\n|switch|p1a: Mechanicalchaser|Revavroom, F|100\/100\n|-damage|p1a: Mechanicalchaser|95\/100|[from] Stealth Rock\n|-damage|p1a: Mechanicalchaser|82\/100|[from] Spikes\n|turn|8\n|\n|t:|1698597056\n|move|p1a: Mechanicalchaser|Shift Gear|p1a: Mechanicalchaser\n|-boost|p1a: Mechanicalchaser|spe|2\n|-boost|p1a: Mechanicalchaser|atk|1\n|move|p2a: Ruffles' Ego|Recover|p2a: Ruffles' Ego\n|-heal|p2a: Ruffles' Ego|60\/100\n|\n|upkeep\n|turn|9\n|\n|t:|1698597066\n|move|p1a: Mechanicalchaser|High Horsepower|p2a: Ruffles' Ego|[miss]\n|-miss|p1a: Mechanicalchaser|p2a: Ruffles' Ego\n|move|p2a: Ruffles' Ego|Recover|p2a: Ruffles' Ego\n|-heal|p2a: Ruffles' Ego|100\/100\n|\n|upkeep\n|turn|10\n|c| Jektrooper|AHHHHHHHHH\n|c|\u2606SegoeScript|ok\n|c| dragonex129|oof\n|c|\u2606KhaoticIntent|this is so sad\n|c| dragonex129|sadge\n|c| ZeroORAS|That's actually so fucked up\n|c| SuperKernel44|This is actually so unlucky man\n|c|\u2606SegoeScript|two 95% misses so far\n|c| tlggrapeape|highly unfortunate really\n|\n|t:|1698597090\n|move|p1a: Mechanicalchaser|Shift Gear|p1a: Mechanicalchaser\n|-boost|p1a: Mechanicalchaser|spe|2\n|-boost|p1a: Mechanicalchaser|atk|1\n|move|p2a: Ruffles' Ego|Shadow Ball|p1a: Mechanicalchaser\n|-damage|p1a: Mechanicalchaser|33\/100\n|\n|upkeep\n|turn|11\n|\n|t:|1698597097\n|move|p1a: Mechanicalchaser|High Horsepower|p2a: Ruffles' Ego\n|-supereffective|p2a: Ruffles' Ego\n|-damage|p2a: Ruffles' Ego|0 fnt\n|faint|p2a: Ruffles' Ego\n|\n|upkeep\n|\n|t:|1698597103\n|switch|p2a: Jektran|Heatran, M, shiny|100\/100\n|-item|p2a: Jektran|Air Balloon\n|turn|12\n|c| ZeroORAS|REVAVROOM SWEEP\n|c| dragonex129|not with a balloon\n|c| siang|THE FUCKING CAR\n|\n|t:|1698597125\n|-terastallize|p1a: Mechanicalchaser|Dragon\n|move|p1a: Mechanicalchaser|Tera Blast|p2a: Jektran|[anim] Tera Blast Dragon\n|-resisted|p2a: Jektran\n|-damage|p2a: Jektran|70\/100\n|-enditem|p2a: Jektran|Air Balloon\n|move|p2a: Jektran|Will-O-Wisp|p1a: Mechanicalchaser\n|-status|p1a: Mechanicalchaser|brn\n|\n|-damage|p1a: Mechanicalchaser|27\/100 brn|[from] brn\n|upkeep\n|turn|13\n|c| tlggrapeape|car sweep would be funny\n|c| dragonex129|nani\n|c| SuperKernel44|Tera blast dragon goes crazy\n|c| RodentCollector|if he clicked magma storm there it woulda been so heat\n|\n|t:|1698597162\n|move|p1a: Mechanicalchaser|High Horsepower|p2a: Jektran\n|-supereffective|p2a: Jektran\n|-damage|p2a: Jektran|0 fnt\n|faint|p2a: Jektran\n|\n|-damage|p1a: Mechanicalchaser|21\/100 brn|[from] brn\n|upkeep\n|c|\u2606KhaoticIntent|I CLICKED TERA\n|c| dragonex129|wow\n|c| dragonex129|the comebacks\n|c| SuperKernel44|LMAO\n|\n|t:|1698597177\n|switch|p2a: Weezing Fetus|Glimmora, M|100\/100\n|-damage|p2a: Weezing Fetus|88\/100|[from] Spikes\n|turn|14\n|c| tlggrapeape|lmaooooooo\n|\n|t:|1698597187\n|move|p1a: Mechanicalchaser|High Horsepower|p2a: Weezing Fetus\n|-supereffective|p2a: Weezing Fetus\n|-damage|p2a: Weezing Fetus|0 fnt\n|-activate|p2a: Weezing Fetus|ability: Toxic Debris\n|-sidestart|p1: SegoeScript|move: Toxic Spikes\n|faint|p2a: Weezing Fetus\n|\n|-damage|p1a: Mechanicalchaser|15\/100 brn|[from] brn\n|upkeep\n|c| RodentCollector|weezing fetus is crazy\n|\n|t:|1698597194\n|switch|p2a: Scawrf Gura|Garchomp, F|10\/100\n|-damage|p2a: Scawrf Gura|0 fnt|[from] Spikes\n|faint|p2a: Scawrf Gura\n|\n|t:|1698597199\n|switch|p2a: Vegeta|Weavile, M, shiny|100\/100\n|-damage|p2a: Vegeta|88\/100|[from] Spikes\n|-ability|p2a: Vegeta|Pressure\n|turn|15\n|c| SuperKernel44|Ruffles what r u doing\u2026\n|c|\u2606SegoeScript|ow the spikes\n|c| tlggrapeape|ruffles noooo\n|\n|t:|1698597209\n|move|p2a: Vegeta|Ice Shard|p1a: Mechanicalchaser\n|-supereffective|p1a: Mechanicalchaser\n|-damage|p1a: Mechanicalchaser|0 fnt\n|faint|p1a: Mechanicalchaser\n|\n|upkeep\n|\n|t:|1698597217\n|switch|p1a: Kabazauls|Hippowdon, F|100\/100\n|-damage|p1a: Kabazauls|94\/100|[from] Stealth Rock\n|-damage|p1a: Kabazauls|82\/100|[from] Spikes\n|-status|p1a: Kabazauls|psn\n|-weather|Sandstorm|[from] ability: Sand Stream|[of] p1a: Kabazauls\n|turn|16\n|\n|t:|1698597227\n|move|p2a: Vegeta|Ice Shard|p1a: Kabazauls\n|-supereffective|p1a: Kabazauls\n|-damage|p1a: Kabazauls|49\/100 psn\n|move|p1a: Kabazauls|Stone Edge|p2a: Vegeta\n|-supereffective|p2a: Vegeta\n|-damage|p2a: Vegeta|0 fnt\n|faint|p2a: Vegeta\n|\n|-weather|Sandstorm|[upkeep]\n|-heal|p1a: Kabazauls|55\/100 psn|[from] item: Leftovers\n|-damage|p1a: Kabazauls|42\/100 psn|[from] psn\n|upkeep\n|\n|t:|1698597237\n|switch|p2a: Enamorus|Enamorus, F|100\/100\n|turn|17\n|c| dragonex129|wow\n|\n|t:|1698597242\n|move|p2a: Enamorus|Moonblast|p1a: Kabazauls\n|-damage|p1a: Kabazauls|0 fnt\n|faint|p1a: Kabazauls\n|\n|-weather|Sandstorm|[upkeep]\n|-damage|p2a: Enamorus|94\/100|[from] Sandstorm\n|upkeep\n|\n|t:|1698597248\n|switch|p1a: Curse of Dragon|Roaring Moon|100\/100\n|-damage|p1a: Curse of Dragon|88\/100|[from] Stealth Rock\n|-damage|p1a: Curse of Dragon|75\/100|[from] Spikes\n|-status|p1a: Curse of Dragon|psn\n|-enditem|p1a: Curse of Dragon|Booster Energy\n|-activate|p1a: Curse of Dragon|ability: Protosynthesis|[fromitem]\n|-start|p1a: Curse of Dragon|protosynthesisspe\n|turn|18\n|c| RodentCollector|if this is scarf ruffles wins\n|c| tlggrapeape|damn i think enam cleans up\n|c| RodentCollector|nvm\n|c| ZeroORAS|It's over\n|\n|t:|1698597259\n|move|p1a: Curse of Dragon|Knock Off|p2a: Enamorus\n|-resisted|p2a: Enamorus\n|-damage|p2a: Enamorus|50\/100\n|-enditem|p2a: Enamorus|Choice Scarf|[from] move: Knock Off|[of] p1a: Curse of Dragon\n|move|p2a: Enamorus|Moonblast|p1a: Curse of Dragon\n|-supereffective|p1a: Curse of Dragon\n|-damage|p1a: Curse of Dragon|0 fnt\n|faint|p1a: Curse of Dragon\n|-end|p1a: Curse of Dragon|Protosynthesis|[silent]\n|\n|-weather|Sandstorm|[upkeep]\n|-damage|p2a: Enamorus|43\/100|[from] Sandstorm\n|upkeep\n|c| Jektrooper|BOOSTER SPEED LMAO\n|c| Jektrooper|WAIT\n|c| RodentCollector|oh shit\n|c|\u2606KhaoticIntent|booster speed lmao\n|c| SuperKernel44|This is so close\n|\n|t:|1698597269\n|switch|p1a: Alligator's Sword|Samurott-Hisui, F|24\/100\n|-damage|p1a: Alligator's Sword|12\/100|[from] Stealth Rock\n|-damage|p1a: Alligator's Sword|0 fnt|[from] Spikes\n|faint|p1a: Alligator's Sword\n|\n|win|KhaoticIntent\n|c| ZeroORAS|Segoe wtf\n|c| Jektrooper|LMAOOOO\n|c| dragonex129|wow\n|c| SuperKernel44|NO WAY\n|c|\u2606KhaoticIntent|I fucking clicked tera\n|c| tlggrapeape|hazards ftw\n|c| Jektrooper|WTF DID I JUST WATCH?\n|c|\u2606SegoeScript|i forgor my iron head\n|c|\u2606KhaoticIntent|I did will o wisp then went\n|c|\u2606KhaoticIntent|wait no tera grass will o\n|c|\u2606KhaoticIntent|then clicked tera grass\n|c| SuperKernel44|ruffles that could have been a loss because of no tera\n|l| RodentCollector\n|c| tlggrapeape|did he not run iron head\n|l| SuperKernel44\n|l| siang\n","uploadtime":1698597290,"views":38,"p1id":"segoescript","p2id":"khaoticintent","formatid":"gen9ubers","rating":0,"private":0,"password":""}