{"id":"gen9ubers-1982049469","p1":"zardquaza","p2":"85792195wwww","format":"[Gen 9] Ubers","log":"|j|\u2606zardquaza\n|j|\u203d85792195wwww\n|t:|1698962862\n|gametype|singles\n|player|p1|zardquaza|102|1418\n|player|p2|85792195wwww|102|1408\n|teamsize|p1|6\n|teamsize|p2|6\n|gen|9\n|tier|[Gen 9] Ubers\n|rated|\n|rule|Sleep Clause Mod: Limit one foe put to sleep\n|rule|Species Clause: Limit one of each Pok\u00e9mon\n|rule|OHKO Clause: OHKO moves are banned\n|rule|Evasion Items Clause: Evasion items are banned\n|rule|Evasion Moves Clause: Evasion moves are banned\n|rule|Endless Battle Clause: Forcing endless battles is banned\n|rule|HP Percentage Mod: HP is shown in percentages\n|clearpoke\n|poke|p1|Darkrai|\n|poke|p1|Ceruledge, M|\n|poke|p1|Garchomp, F|\n|poke|p1|Rayquaza|\n|poke|p1|Corviknight, M|\n|poke|p1|Arceus|\n|poke|p2|Kyogre|\n|poke|p2|Zacian-*|\n|poke|p2|Arceus|\n|poke|p2|Landorus, M|\n|poke|p2|Koraidon|\n|poke|p2|Ursaluna, F|\n|teampreview\n|\n|t:|1698962882\n|start\n|switch|p1a: Darkrai|Darkrai|100\/100\n|switch|p2a: Kyogre|Kyogre|100\/100\n|-weather|RainDance|[from] ability: Drizzle|[of] p2a: Kyogre\n|turn|1\n|\n|t:|1698962891\n|move|p2a: Kyogre|Water Spout|p1a: Darkrai\n|-enditem|p1a: Darkrai|Focus Sash\n|-damage|p1a: Darkrai|1\/100\n|move|p1a: Darkrai|Hypnosis|p2a: Kyogre|[miss]\n|-miss|p1a: Darkrai|p2a: Kyogre\n|\n|-weather|RainDance|[upkeep]\n|upkeep\n|turn|2\n|\n|t:|1698962901\n|move|p1a: Darkrai|Sucker Punch|p2a: Kyogre\n|-damage|p2a: Kyogre|75\/100\n|move|p2a: Kyogre|Water Spout|p1a: Darkrai\n|-damage|p1a: Darkrai|0 fnt\n|faint|p1a: Darkrai\n|\n|-weather|RainDance|[upkeep]\n|upkeep\n|\n|t:|1698962920\n|switch|p1a: Garchomp|Garchomp, F|100\/100\n|turn|3\n|\n|t:|1698962924\n|switch|p2a: Landorus|Landorus, M|100\/100\n|move|p1a: Garchomp|Stealth Rock|p2a: Landorus\n|-sidestart|p2: 85792195wwww|move: Stealth Rock\n|\n|-weather|RainDance|[upkeep]\n|upkeep\n|turn|4\n|\n|t:|1698962931\n|move|p1a: Garchomp|Dragon Claw|p2a: Landorus\n|-damage|p2a: Landorus|55\/100\n|move|p2a: Landorus|Stealth Rock|p1a: Garchomp\n|-sidestart|p1: zardquaza|move: Stealth Rock\n|\n|-weather|RainDance|[upkeep]\n|upkeep\n|turn|5\n|\n|t:|1698962939\n|move|p1a: Garchomp|Rock Slide|p2a: Landorus\n|-damage|p2a: Landorus|26\/100\n|move|p2a: Landorus|Psychic|p1a: Garchomp\n|-damage|p1a: Garchomp|63\/100\n|\n|-weather|none\n|upkeep\n|turn|6\n|\n|t:|1698962948\n|move|p1a: Garchomp|Dragon Claw|p2a: Landorus\n|-damage|p2a: Landorus|0 fnt\n|faint|p2a: Landorus\n|\n|upkeep\n|\n|t:|1698962980\n|switch|p2a: Zacian|Zacian-Crowned|100\/100\n|-damage|p2a: Zacian|94\/100|[from] Stealth Rock\n|-ability|p2a: Zacian|Intrepid Sword|boost\n|-boost|p2a: Zacian|atk|1\n|turn|7\n|inactive|Battle timer is ON: inactive players will automatically lose when time's up. (requested by 85792195wwww)\n|\n|t:|1698963021\n|-terastallize|p2a: Zacian|Dragon\n|move|p2a: Zacian|Swords Dance|p2a: Zacian\n|-boost|p2a: Zacian|atk|2\n|move|p1a: Garchomp|Earthquake|p2a: Zacian\n|-damage|p2a: Zacian|44\/100\n|\n|upkeep\n|turn|8\n|\n|t:|1698963030\n|move|p2a: Zacian|Behemoth Blade|p1a: Garchomp\n|-damage|p1a: Garchomp|0 fnt\n|-damage|p2a: Zacian|31\/100|[from] ability: Rough Skin|[of] p1a: Garchomp\n|faint|p1a: Garchomp\n|\n|upkeep\n|\n|t:|1698963032\n|switch|p1a: Corviknight|Corviknight, M|100\/100\n|-damage|p1a: Corviknight|88\/100|[from] Stealth Rock\n|turn|9\n|\n|t:|1698963041\n|move|p2a: Zacian|Close Combat|p1a: Corviknight\n|-damage|p1a: Corviknight|20\/100\n|-unboost|p2a: Zacian|def|1\n|-unboost|p2a: Zacian|spd|1\n|-damage|p2a: Zacian|15\/100|[from] item: Rocky Helmet|[of] p1a: Corviknight\n|move|p1a: Corviknight|Defog|p2a: Zacian\n|-unboost|p2a: Zacian|evasion|1\n|-sideend|p2: 85792195wwww|Stealth Rock|[from] move: Defog|[of] p1a: Corviknight\n|-sideend|p1: zardquaza|Stealth Rock|[from] move: Defog|[of] p1a: Corviknight\n|\n|upkeep\n|turn|10\n|\n|t:|1698963052\n|switch|p2a: Kyogre|Kyogre|75\/100\n|-weather|RainDance|[from] ability: Drizzle|[of] p2a: Kyogre\n|move|p1a: Corviknight|U-turn|p2a: Kyogre\n|-damage|p2a: Kyogre|61\/100\n|l|\u203d85792195wwww\n|inactive|85792195wwww disconnected and has a minute to reconnect!\n|player|p2|\n|\n|t:|1698963059\n|switch|p1a: Arceus|Arceus|100\/100|[from] U-turn\n|\n|-weather|RainDance|[upkeep]\n|upkeep\n|turn|11\n|j|\u203d85792195wwww\n|inactive|85792195wwww reconnected and has 140 seconds left.\n|player|p2|85792195wwww|102\n|n|\u203d85792195wwww|85792195wwww\n|\n|t:|1698963082\n|switch|p2a: Koraidon|Koraidon|100\/100\n|-weather|SunnyDay|[from] ability: Orichalcum Pulse|[of] p2a: Koraidon\n|-activate|p2a: Koraidon|Orichalcum Pulse|[source]\n|move|p1a: Arceus|Swords Dance|p1a: Arceus\n|-boost|p1a: Arceus|atk|2\n|\n|-weather|SunnyDay|[upkeep]\n|upkeep\n|turn|12\n|inactive|zardquaza has 120 seconds left.\n|\n|t:|1698963113\n|switch|p2a: Zacian|Zacian-Crowned, tera:Dragon|15\/100\n|move|p1a: Arceus|Extreme Speed|p2a: Zacian\n|-damage|p2a: Zacian|0 fnt\n|faint|p2a: Zacian\n|\n|-weather|SunnyDay|[upkeep]\n|upkeep\n|\n|t:|1698963126\n|switch|p2a: Koraidon|Koraidon|100\/100\n|-activate|p2a: Koraidon|ability: Orichalcum Pulse\n|turn|13\n|\n|t:|1698963131\n|move|p1a: Arceus|Extreme Speed|p2a: Koraidon\n|-damage|p2a: Koraidon|22\/100\n|move|p2a: Koraidon|Close Combat|p1a: Arceus\n|-supereffective|p1a: Arceus\n|-damage|p1a: Arceus|0 fnt\n|-unboost|p2a: Koraidon|def|1\n|-unboost|p2a: Koraidon|spd|1\n|faint|p1a: Arceus\n|-damage|p2a: Koraidon|12\/100|[from] item: Life Orb\n|\n|-weather|SunnyDay|[upkeep]\n|upkeep\n|\n|t:|1698963136\n|switch|p1a: Ceruledge|Ceruledge, M|100\/100\n|turn|14\n|\n|t:|1698963146\n|move|p2a: Koraidon|Scale Shot|p1a: Ceruledge\n|-damage|p1a: Ceruledge|71\/100\n|-ability|p1a: Ceruledge|Weak Armor|boost\n|-unboost|p1a: Ceruledge|def|1\n|-boost|p1a: Ceruledge|spe|2\n|-crit|p1a: Ceruledge\n|-damage|p1a: Ceruledge|0 fnt\n|faint|p1a: Ceruledge\n|-hitcount|p1: Ceruledge|2\n|-unboost|p2a: Koraidon|def|1\n|-boost|p2a: Koraidon|spe|1\n|-damage|p2a: Koraidon|2\/100|[from] item: Life Orb\n|\n|-weather|SunnyDay|[upkeep]\n|upkeep\n|-message|zardquaza forfeited.\n|\n|win|85792195wwww\n|raw|zardquaza's rating: 1418 &rarr; <strong>1397<\/strong><br \/>(-21 for losing)\n|raw|85792195wwww's rating: 1408 &rarr; <strong>1429<\/strong><br \/>(+21 for winning)\n|l|\u2606zardquaza\n","uploadtime":1698963162,"views":11,"p1id":"zardquaza","p2id":"85792195wwww","formatid":"gen9ubers","rating":1397,"private":0,"password":""}