{"id":"gen9ubers-1983478942","p1":"FIRE LORD AESON!","p2":"Bernie776","format":"[Gen 9] Ubers","log":"|j|\u2606FIRE LORD AESON!\n|j|\u2606Bernie776\n|t:|1699134498\n|gametype|singles\n|player|p1|FIRE LORD AESON!|red-gen1|1212\n|player|p2|Bernie776|rood|1353\n|teamsize|p1|6\n|teamsize|p2|6\n|gen|9\n|tier|[Gen 9] Ubers\n|rated|\n|rule|Sleep Clause Mod: Limit one foe put to sleep\n|rule|Species Clause: Limit one of each Pok\u00e9mon\n|rule|OHKO Clause: OHKO moves are banned\n|rule|Evasion Items Clause: Evasion items are banned\n|rule|Evasion Moves Clause: Evasion moves are banned\n|rule|Endless Battle Clause: Forcing endless battles is banned\n|rule|HP Percentage Mod: HP is shown in percentages\n|clearpoke\n|poke|p1|Torkoal, M|\n|poke|p1|Hatterene, F|\n|poke|p1|Kommo-o, M|\n|poke|p1|Cinderace, F|\n|poke|p1|Great Tusk|\n|poke|p1|Heatran, F|\n|poke|p2|Skeledirge, M|\n|poke|p2|Clodsire, F|\n|poke|p2|Iron Bundle|\n|poke|p2|Kingambit, F|\n|poke|p2|Landorus-Therian, M|\n|poke|p2|Annihilape, F|\n|teampreview\n|\n|t:|1699134506\n|start\n|switch|p1a: SUBSCRIBE 2 AESON!|Torkoal, M|100\/100\n|switch|p2a: Landorus Thicc|Landorus-Therian, M|100\/100\n|-ability|p2a: Landorus Thicc|Intimidate|boost\n|-unboost|p1a: SUBSCRIBE 2 AESON!|atk|1\n|-weather|SunnyDay|[from] ability: Drought|[of] p1a: SUBSCRIBE 2 AESON!\n|turn|1\n|\n|t:|1699134517\n|move|p2a: Landorus Thicc|Earthquake|p1a: SUBSCRIBE 2 AESON!\n|-supereffective|p1a: SUBSCRIBE 2 AESON!\n|-damage|p1a: SUBSCRIBE 2 AESON!|24\/100\n|move|p1a: SUBSCRIBE 2 AESON!|Yawn|p2a: Landorus Thicc\n|-start|p2a: Landorus Thicc|move: Yawn|[of] p1a: SUBSCRIBE 2 AESON!\n|\n|-weather|SunnyDay|[upkeep]\n|upkeep\n|turn|2\n|\n|t:|1699134529\n|switch|p2a: Durp|Clodsire, F|100\/100\n|move|p1a: SUBSCRIBE 2 AESON!|Stealth Rock|p2a: Durp\n|-sidestart|p2: Bernie776|move: Stealth Rock\n|\n|-weather|SunnyDay|[upkeep]\n|upkeep\n|turn|3\n|\n|t:|1699134540\n|switch|p1a: ROAD 2 RESPECT!|Heatran, F|100\/100\n|-item|p1a: ROAD 2 RESPECT!|Air Balloon\n|move|p2a: Durp|Earthquake|p1a: ROAD 2 RESPECT!\n|-immune|p1a: ROAD 2 RESPECT!\n|\n|-weather|SunnyDay|[upkeep]\n|upkeep\n|turn|4\n|\n|t:|1699134553\n|move|p1a: ROAD 2 RESPECT!|Magma Storm|p2a: Durp|[miss]\n|-miss|p1a: ROAD 2 RESPECT!|p2a: Durp\n|move|p2a: Durp|Spikes|p1a: ROAD 2 RESPECT!\n|-sidestart|p1: FIRE LORD AESON!|Spikes\n|\n|-weather|SunnyDay|[upkeep]\n|upkeep\n|turn|5\n|\n|t:|1699134567\n|switch|p2a: FunkyMonke|Annihilape, F|100\/100\n|-damage|p2a: FunkyMonke|94\/100|[from] Stealth Rock\n|move|p1a: ROAD 2 RESPECT!|Magma Storm|p2a: FunkyMonke|[miss]\n|-miss|p1a: ROAD 2 RESPECT!|p2a: FunkyMonke\n|\n|-weather|SunnyDay|[upkeep]\n|-heal|p2a: FunkyMonke|100\/100|[from] item: Leftovers\n|upkeep\n|turn|6\n|\n|t:|1699134583\n|-terastallize|p1a: ROAD 2 RESPECT!|Flying\n|move|p2a: FunkyMonke|Drain Punch|p1a: ROAD 2 RESPECT!\n|-resisted|p1a: ROAD 2 RESPECT!\n|-damage|p1a: ROAD 2 RESPECT!|88\/100\n|-enditem|p1a: ROAD 2 RESPECT!|Air Balloon\n|move|p1a: ROAD 2 RESPECT!|Magma Storm|p2a: FunkyMonke|[miss]\n|-miss|p1a: ROAD 2 RESPECT!|p2a: FunkyMonke\n|\n|-weather|SunnyDay|[upkeep]\n|upkeep\n|turn|7\n|c|\u2606Bernie776|three misses\n|\n|t:|1699134604\n|move|p2a: FunkyMonke|Bulk Up|p2a: FunkyMonke\n|-boost|p2a: FunkyMonke|atk|1\n|-boost|p2a: FunkyMonke|def|1\n|move|p1a: ROAD 2 RESPECT!|Magma Storm|p2a: FunkyMonke|[miss]\n|-miss|p1a: ROAD 2 RESPECT!|p2a: FunkyMonke\n|\n|-weather|SunnyDay|[upkeep]\n|upkeep\n|turn|8\n|c|\u2606FIRE LORD AESON!|life hates me lol\n|\n|t:|1699134618\n|move|p2a: FunkyMonke|Rage Fist|p1a: ROAD 2 RESPECT!\n|-damage|p1a: ROAD 2 RESPECT!|63\/100\n|move|p1a: ROAD 2 RESPECT!|Magma Storm|p2a: FunkyMonke\n|-damage|p2a: FunkyMonke|50\/100\n|-activate|p2a: FunkyMonke|move: Magma Storm|[of] p1a: ROAD 2 RESPECT!\n|\n|-weather|none\n|-heal|p2a: FunkyMonke|57\/100|[from] item: Leftovers\n|-damage|p2a: FunkyMonke|44\/100|[from] move: Magma Storm|[partiallytrapped]\n|upkeep\n|turn|9\n|\n|t:|1699134631\n|move|p2a: FunkyMonke|Rage Fist|p1a: ROAD 2 RESPECT!\n|-damage|p1a: ROAD 2 RESPECT!|11\/100\n|move|p1a: ROAD 2 RESPECT!|Magma Storm|p2a: FunkyMonke\n|-damage|p2a: FunkyMonke|13\/100\n|\n|-heal|p2a: FunkyMonke|19\/100|[from] item: Leftovers\n|-damage|p2a: FunkyMonke|6\/100|[from] move: Magma Storm|[partiallytrapped]\n|upkeep\n|turn|10\n|\n|t:|1699134639\n|move|p2a: FunkyMonke|Rage Fist|p1a: ROAD 2 RESPECT!\n|-damage|p1a: ROAD 2 RESPECT!|0 fnt\n|-status|p2a: FunkyMonke|brn|[from] ability: Flame Body|[of] p1a: ROAD 2 RESPECT!\n|faint|p1a: ROAD 2 RESPECT!\n|\n|-heal|p2a: FunkyMonke|13\/100 brn|[from] item: Leftovers\n|-damage|p2a: FunkyMonke|6\/100 brn|[from] brn\n|-end|p2a: FunkyMonke|Magma Storm|[partiallytrapped]|[silent]\n|upkeep\n|\n|t:|1699134675\n|switch|p1a: PLAYBOY|Cinderace, F|100\/100\n|-damage|p1a: PLAYBOY|88\/100|[from] Spikes\n|turn|11\n|\n|t:|1699134680\n|move|p1a: PLAYBOY|Pyro Ball|p2a: FunkyMonke|[miss]\n|-miss|p1a: PLAYBOY|p2a: FunkyMonke\n|move|p2a: FunkyMonke|Drain Punch|p1a: PLAYBOY\n|-damage|p1a: PLAYBOY|56\/100\n|-heal|p2a: FunkyMonke|18\/100 brn|[from] drain|[of] p1a: PLAYBOY\n|\n|-heal|p2a: FunkyMonke|24\/100 brn|[from] item: Leftovers\n|-damage|p2a: FunkyMonke|18\/100 brn|[from] brn\n|upkeep\n|turn|12\n|\n|t:|1699134689\n|move|p1a: PLAYBOY|Pyro Ball|p2a: FunkyMonke\n|-damage|p2a: FunkyMonke|0 fnt\n|faint|p2a: FunkyMonke\n|-damage|p1a: PLAYBOY|46\/100|[from] item: Life Orb\n|\n|upkeep\n|\n|t:|1699134697\n|switch|p2a: Landorus Thicc|Landorus-Therian, M|100\/100\n|-damage|p2a: Landorus Thicc|88\/100|[from] Stealth Rock\n|-ability|p2a: Landorus Thicc|Intimidate|boost\n|-unboost|p1a: PLAYBOY|atk|1\n|turn|13\n|\n|t:|1699134702\n|switch|p1a: SUBSCRIBE 2 AESON!|Torkoal, M|24\/100\n|-damage|p1a: SUBSCRIBE 2 AESON!|12\/100|[from] Spikes\n|-weather|SunnyDay|[from] ability: Drought|[of] p1a: SUBSCRIBE 2 AESON!\n|move|p2a: Landorus Thicc|Earthquake|p1a: SUBSCRIBE 2 AESON!\n|-supereffective|p1a: SUBSCRIBE 2 AESON!\n|-damage|p1a: SUBSCRIBE 2 AESON!|0 fnt\n|faint|p1a: SUBSCRIBE 2 AESON!\n|\n|-weather|SunnyDay|[upkeep]\n|upkeep\n|\n|t:|1699134719\n|switch|p1a: GEN 1 > GEN 9?|Great Tusk|100\/100\n|-damage|p1a: GEN 1 > GEN 9?|88\/100|[from] Spikes\n|-activate|p1a: GEN 1 > GEN 9?|ability: Protosynthesis\n|-start|p1a: GEN 1 > GEN 9?|protosynthesisatk\n|turn|14\n|\n|t:|1699134751\n|switch|p2a: FunnyMon|Kingambit, F|100\/100\n|-damage|p2a: FunnyMon|94\/100|[from] Stealth Rock\n|-activate|p2a: FunnyMon|ability: Supreme Overlord\n|-start|p2a: FunnyMon|fallen1|[silent]\n|move|p1a: GEN 1 > GEN 9?|Rapid Spin|p2a: FunnyMon\n|-resisted|p2a: FunnyMon\n|-damage|p2a: FunnyMon|86\/100\n|-boost|p1a: GEN 1 > GEN 9?|spe|1\n|-sideend|p1: FIRE LORD AESON!|Spikes|[from] move: Rapid Spin|[of] p1a: GEN 1 > GEN 9?\n|\n|-weather|SunnyDay|[upkeep]\n|upkeep\n|turn|15\n|\n|t:|1699134769\n|move|p1a: GEN 1 > GEN 9?|Close Combat|p2a: FunnyMon\n|-supereffective|p2a: FunnyMon\n|-damage|p2a: FunnyMon|0 fnt\n|-unboost|p1a: GEN 1 > GEN 9?|def|1\n|-unboost|p1a: GEN 1 > GEN 9?|spd|1\n|faint|p2a: FunnyMon\n|-end|p2a: FunnyMon|fallen1|[silent]\n|\n|-weather|SunnyDay|[upkeep]\n|upkeep\n|\n|t:|1699134778\n|switch|p2a: Landorus Thicc|Landorus-Therian, M|88\/100\n|-damage|p2a: Landorus Thicc|75\/100|[from] Stealth Rock\n|-ability|p2a: Landorus Thicc|Intimidate|boost\n|-unboost|p1a: GEN 1 > GEN 9?|atk|1\n|turn|16\n|\n|t:|1699134784\n|move|p2a: Landorus Thicc|Earthquake|p1a: GEN 1 > GEN 9?\n|-damage|p1a: GEN 1 > GEN 9?|23\/100\n|move|p1a: GEN 1 > GEN 9?|Ice Spinner|p2a: Landorus Thicc\n|-supereffective|p2a: Landorus Thicc\n|-damage|p2a: Landorus Thicc|0 fnt\n|faint|p2a: Landorus Thicc\n|\n|-weather|SunnyDay|[upkeep]\n|upkeep\n|\n|t:|1699134796\n|switch|p2a: Pengu|Iron Bundle|100\/100\n|-damage|p2a: Pengu|76\/100|[from] Stealth Rock\n|turn|17\n|\n|t:|1699134807\n|move|p1a: GEN 1 > GEN 9?|Close Combat|p2a: Pengu\n|-supereffective|p2a: Pengu\n|-damage|p2a: Pengu|0 fnt\n|-unboost|p1a: GEN 1 > GEN 9?|def|1\n|-unboost|p1a: GEN 1 > GEN 9?|spd|1\n|faint|p2a: Pengu\n|-end|p2a: Pengu|Quark Drive|[silent]\n|\n|-weather|SunnyDay|[upkeep]\n|upkeep\n|-message|Bernie776 forfeited.\n|\n|win|FIRE LORD AESON!\n|raw|FIRE LORD AESON!'s rating: 1212 &rarr; <strong>1247<\/strong><br \/>(+35 for winning)\n|raw|Bernie776's rating: 1353 &rarr; <strong>1325<\/strong><br \/>(-28 for losing)\n|l|\u2606Bernie776\n","uploadtime":1699134818,"views":9,"p1id":"firelordaeson","p2id":"bernie776","formatid":"gen9ubers","rating":1247,"private":0,"password":""}