{"id":"gen9ubers-1985640749","p1":"Bi11 Russell","p2":"Kuarnir","format":"[Gen 9] Ubers","log":"|j|\u2606Bi11 Russell\n|j|\u2606Kuarnir\n|t:|1699391502\n|gametype|singles\n|player|p1|Bi11 Russell|hoopster|1053\n|player|p2|Kuarnir|bugcatcher-gen4dp|1084\n|teamsize|p1|6\n|teamsize|p2|6\n|gen|9\n|tier|[Gen 9] Ubers\n|rated|\n|rule|Sleep Clause Mod: Limit one foe put to sleep\n|rule|Species Clause: Limit one of each Pok\u00e9mon\n|rule|OHKO Clause: OHKO moves are banned\n|rule|Evasion Items Clause: Evasion items are banned\n|rule|Evasion Moves Clause: Evasion moves are banned\n|rule|Endless Battle Clause: Forcing endless battles is banned\n|rule|HP Percentage Mod: HP is shown in percentages\n|clearpoke\n|poke|p1|Arceus-Ghost|\n|poke|p1|Zacian-*|\n|poke|p1|Koraidon|\n|poke|p1|Kyogre|\n|poke|p1|Miraidon|\n|poke|p1|Rayquaza|\n|poke|p2|Heatran, M|\n|poke|p2|Corviknight, F|\n|poke|p2|Empoleon, F|\n|poke|p2|Forretress, M|\n|poke|p2|Bronzong|\n|poke|p2|Zamazenta-*|\n|teampreview\n|\n|t:|1699391518\n|start\n|switch|p1a: Miraidon|Miraidon|100\/100\n|switch|p2a: Forretress|Forretress, M|100\/100\n|-fieldstart|move: Electric Terrain|[from] ability: Hadron Engine|[of] p1a: Miraidon\n|turn|1\n|\n|t:|1699391535\n|move|p1a: Miraidon|U-turn|p2a: Forretress\n|-resisted|p2a: Forretress\n|-damage|p2a: Forretress|95\/100\n|\n|t:|1699391538\n|switch|p1a: Arceus|Arceus-Ghost|100\/100|[from] U-turn\n|move|p2a: Forretress|Earthquake|p1a: Arceus\n|-damage|p1a: Arceus|82\/100\n|\n|upkeep\n|turn|2\n|\n|t:|1699391549\n|move|p1a: Arceus|Calm Mind|p1a: Arceus\n|-boost|p1a: Arceus|spa|1\n|-boost|p1a: Arceus|spd|1\n|move|p2a: Forretress|Spikes|p1a: Arceus\n|-sidestart|p1: Bi11 Russell|Spikes\n|\n|upkeep\n|turn|3\n|\n|t:|1699391559\n|switch|p2a: Heatran|Heatran, M|100\/100\n|-item|p2a: Heatran|Air Balloon\n|move|p1a: Arceus|Will-O-Wisp|p2a: Heatran\n|-immune|p2a: Heatran\n|\n|upkeep\n|turn|4\n|\n|t:|1699391567\n|move|p1a: Arceus|Judgment|p2a: Heatran\n|-damage|p2a: Heatran|45\/100\n|-enditem|p2a: Heatran|Air Balloon\n|move|p2a: Heatran|Taunt|p1a: Arceus\n|-start|p1a: Arceus|move: Taunt\n|\n|upkeep\n|turn|5\n|\n|t:|1699391581\n|move|p2a: Heatran|Protect|p2a: Heatran\n|-singleturn|p2a: Heatran|Protect\n|move|p1a: Arceus|Judgment|p2a: Heatran\n|-activate|p2a: Heatran|move: Protect\n|\n|-fieldend|move: Electric Terrain\n|upkeep\n|turn|6\n|\n|t:|1699391595\n|switch|p2a: Forretress|Forretress, M|95\/100\n|move|p1a: Arceus|Judgment|p2a: Forretress\n|-damage|p2a: Forretress|0 fnt\n|faint|p2a: Forretress\n|\n|upkeep\n|\n|t:|1699391613\n|switch|p2a: Bronzong|Bronzong|100\/100\n|turn|7\n|\n|t:|1699391619\n|-terastallize|p2a: Bronzong|Steel\n|move|p1a: Arceus|Judgment|p2a: Bronzong\n|-crit|p2a: Bronzong\n|-damage|p2a: Bronzong|0 fnt\n|faint|p2a: Bronzong\n|\n|-end|p1a: Arceus|move: Taunt\n|upkeep\n|inactive|Battle timer is ON: inactive players will automatically lose when time's up. (requested by Bi11 Russell)\n|\n|t:|1699391636\n|switch|p2a: Corviknight|Corviknight, F|100\/100\n|turn|8\n|\n|t:|1699391642\n|move|p1a: Arceus|Judgment|p2a: Corviknight\n|-damage|p2a: Corviknight|31\/100\n|move|p2a: Corviknight|Brave Bird|p1a: Arceus\n|-damage|p1a: Arceus|46\/100\n|-damage|p2a: Corviknight|17\/100|[from] Recoil\n|\n|upkeep\n|turn|9\n|\n|t:|1699391650\n|move|p1a: Arceus|Recover|p1a: Arceus\n|-heal|p1a: Arceus|96\/100\n|move|p2a: Corviknight|Brave Bird|p1a: Arceus\n|-damage|p1a: Arceus|60\/100\n|-damage|p2a: Corviknight|4\/100|[from] Recoil\n|\n|upkeep\n|turn|10\n|\n|t:|1699391663\n|move|p1a: Arceus|Judgment|p2a: Corviknight\n|-damage|p2a: Corviknight|0 fnt\n|faint|p2a: Corviknight\n|\n|upkeep\n|\n|t:|1699391670\n|switch|p2a: Empoleon|Empoleon, F|100\/100\n|turn|11\n|\n|t:|1699391679\n|move|p1a: Arceus|Judgment|p2a: Empoleon\n|-damage|p2a: Empoleon|38\/100\n|move|p2a: Empoleon|Ice Beam|p1a: Arceus\n|-damage|p1a: Arceus|47\/100\n|\n|upkeep\n|turn|12\n|\n|t:|1699391686\n|move|p1a: Arceus|Recover|p1a: Arceus\n|-heal|p1a: Arceus|97\/100\n|move|p2a: Empoleon|Ice Beam|p1a: Arceus\n|-damage|p1a: Arceus|84\/100\n|\n|upkeep\n|turn|13\n|\n|t:|1699391694\n|-terastallize|p1a: Arceus|Ghost\n|move|p1a: Arceus|Calm Mind|p1a: Arceus\n|-boost|p1a: Arceus|spa|1\n|-boost|p1a: Arceus|spd|1\n|move|p2a: Empoleon|Ice Beam|p1a: Arceus\n|-damage|p1a: Arceus|74\/100\n|\n|upkeep\n|turn|14\n|\n|t:|1699391702\n|move|p1a: Arceus|Judgment|p2a: Empoleon\n|-damage|p2a: Empoleon|0 fnt\n|faint|p2a: Empoleon\n|\n|upkeep\n|\n|t:|1699391709\n|switch|p2a: Heatran|Heatran, M|45\/100\n|turn|15\n|\n|t:|1699391712\n|move|p1a: Arceus|Judgment|p2a: Heatran\n|-damage|p2a: Heatran|0 fnt\n|faint|p2a: Heatran\n|\n|upkeep\n|\n|t:|1699391718\n|switch|p2a: Zamazenta|Zamazenta-Crowned|100\/100\n|-ability|p2a: Zamazenta|Dauntless Shield|boost\n|-boost|p2a: Zamazenta|def|1\n|turn|16\n|\n|t:|1699391723\n|move|p1a: Arceus|Judgment|p2a: Zamazenta\n|-damage|p2a: Zamazenta|0 fnt\n|faint|p2a: Zamazenta\n|\n|win|Bi11 Russell\n|raw|Bi11 Russell's rating: 1053 &rarr; <strong>1088<\/strong><br \/>(+35 for winning)\n|raw|Kuarnir's rating: 1084 &rarr; <strong>1059<\/strong><br \/>(-25 for losing)\n","uploadtime":1699391728,"views":9,"p1id":"bi11russell","p2id":"kuarnir","formatid":"gen9ubers","rating":1059,"private":0,"password":""}