{"id":"gen9ubers-1973627589","p1":"Profesor Turo","p2":"Erindor","format":"[Gen 9] Ubers","log":"|j|\u2606Profesor Turo\n|j|\u2606Erindor\n|t:|1697997603\n|gametype|singles\n|player|p1|Profesor Turo|turo-ai|\n|player|p2|Erindor|265|\n|teamsize|p1|6\n|teamsize|p2|6\n|gen|9\n|tier|[Gen 9] Ubers\n|rule|Sleep Clause Mod: Limit one foe put to sleep\n|rule|Species Clause: Limit one of each Pok\u00e9mon\n|rule|OHKO Clause: OHKO moves are banned\n|rule|Evasion Items Clause: Evasion items are banned\n|rule|Evasion Moves Clause: Evasion moves are banned\n|rule|Endless Battle Clause: Forcing endless battles is banned\n|rule|HP Percentage Mod: HP is shown in percentages\n|clearpoke\n|poke|p1|Slowpoke, M|\n|poke|p1|Azelf|\n|poke|p1|Blissey, F|\n|poke|p1|Wo-Chien|\n|poke|p1|Fezandipiti, M|\n|poke|p1|Landorus-Therian, M|\n|poke|p2|Moltres|\n|poke|p2|Empoleon, M|\n|poke|p2|Weezing-Galar, M|\n|poke|p2|Azelf|\n|poke|p2|Enamorus, F|\n|poke|p2|Landorus-Therian, M|\n|teampreview\n|inactive|Battle timer is ON: inactive players will automatically lose when time's up. (requested by Profesor Turo)\n|c|\u2606Profesor Turo|Glhf\n|c|\u2606Erindor|gl hf\n|\n|t:|1697997621\n|start\n|switch|p1a: Fezandipiti|Fezandipiti, M|100\/100\n|switch|p2a: Empoleon|Empoleon, M|100\/100\n|turn|1\n|\n|t:|1697997627\n|switch|p1a: Slowpoke|Slowpoke, M|100\/100\n|move|p2a: Empoleon|Stealth Rock|p1a: Slowpoke\n|-sidestart|p1: Profesor Turo|move: Stealth Rock\n|\n|upkeep\n|turn|2\n|\n|t:|1697997635\n|move|p2a: Empoleon|Knock Off|p1a: Slowpoke\n|-supereffective|p1a: Slowpoke\n|-damage|p1a: Slowpoke|62\/100\n|-enditem|p1a: Slowpoke|Eviolite|[from] move: Knock Off|[of] p2a: Empoleon\n|move|p1a: Slowpoke|Curse|p1a: Slowpoke\n|-unboost|p1a: Slowpoke|spe|1\n|-boost|p1a: Slowpoke|atk|1\n|-boost|p1a: Slowpoke|def|1\n|\n|upkeep\n|turn|3\n|\n|t:|1697997646\n|move|p2a: Empoleon|Flip Turn|p1a: Slowpoke\n|-resisted|p1a: Slowpoke\n|-damage|p1a: Slowpoke|53\/100\n|\n|t:|1697997649\n|switch|p2a: Azelf|Azelf|100\/100|[from] Flip Turn\n|move|p1a: Slowpoke|Curse|p1a: Slowpoke\n|-unboost|p1a: Slowpoke|spe|1\n|-boost|p1a: Slowpoke|atk|1\n|-boost|p1a: Slowpoke|def|1\n|\n|upkeep\n|turn|4\n|\n|t:|1697997655\n|move|p2a: Azelf|Thunderbolt|p1a: Slowpoke\n|-supereffective|p1a: Slowpoke\n|-damage|p1a: Slowpoke|0 fnt\n|faint|p1a: Slowpoke\n|\n|upkeep\n|\n|t:|1697997662\n|switch|p1a: Blissey|Blissey, F|100\/100\n|-damage|p1a: Blissey|88\/100|[from] Stealth Rock\n|turn|5\n|\n|t:|1697997674\n|switch|p2a: Empoleon|Empoleon, M|100\/100\n|move|p1a: Blissey|Trick|p2a: Empoleon\n|-activate|p1a: Blissey|move: Trick|[of] p2a: Empoleon\n|-item|p2a: Empoleon|Ring Target|[from] move: Trick\n|-item|p1a: Blissey|Leftovers|[from] move: Trick\n|\n|-heal|p1a: Blissey|94\/100|[from] item: Leftovers\n|upkeep\n|turn|6\n|\n|t:|1697997682\n|move|p1a: Blissey|Thunder Wave|p2a: Empoleon\n|-status|p2a: Empoleon|par\n|move|p2a: Empoleon|Flip Turn|p1a: Blissey\n|-damage|p1a: Blissey|79\/100\n|\n|t:|1697997693\n|switch|p2a: Enamorus|Enamorus, F|100\/100|[from] Flip Turn\n|\n|-heal|p1a: Blissey|85\/100|[from] item: Leftovers\n|upkeep\n|turn|7\n|\n|t:|1697997697\n|move|p2a: Enamorus|Superpower|p1a: Blissey\n|-supereffective|p1a: Blissey\n|-damage|p1a: Blissey|19\/100\n|-boost|p2a: Enamorus|atk|1\n|-boost|p2a: Enamorus|def|1\n|move|p1a: Blissey|Thunder Wave|p2a: Enamorus\n|-status|p2a: Enamorus|par\n|\n|-heal|p1a: Blissey|26\/100|[from] item: Leftovers\n|upkeep\n|turn|8\n|\n|t:|1697997702\n|switch|p1a: Fezandipiti|Fezandipiti, M|100\/100\n|-damage|p1a: Fezandipiti|88\/100|[from] Stealth Rock\n|move|p2a: Enamorus|Superpower|p1a: Fezandipiti\n|-resisted|p1a: Fezandipiti\n|-damage|p1a: Fezandipiti|77\/100\n|-boost|p2a: Enamorus|atk|1\n|-boost|p2a: Enamorus|def|1\n|\n|-heal|p1a: Fezandipiti|83\/100|[from] item: Leftovers\n|upkeep\n|turn|9\n|\n|t:|1697997708\n|switch|p2a: Empoleon|Empoleon, M|100\/100 par\n|move|p1a: Fezandipiti|Hex|p2a: Empoleon\n|-damage|p2a: Empoleon|82\/100 par\n|\n|-heal|p1a: Fezandipiti|89\/100|[from] item: Leftovers\n|upkeep\n|turn|10\n|\n|t:|1697997714\n|-terastallize|p1a: Fezandipiti|Ghost\n|move|p1a: Fezandipiti|Nasty Plot|p1a: Fezandipiti\n|-boost|p1a: Fezandipiti|spa|2\n|move|p2a: Empoleon|Flip Turn|p1a: Fezandipiti\n|-damage|p1a: Fezandipiti|72\/100\n|inactive|Erindor has 270 seconds left.\n|\n|t:|1697997769\n|switch|p2a: Azelf|Azelf|100\/100|[from] Flip Turn\n|\n|-heal|p1a: Fezandipiti|78\/100|[from] item: Leftovers\n|upkeep\n|turn|11\n|\n|t:|1697997775\n|-terastallize|p2a: Azelf|Psychic\n|move|p2a: Azelf|Psyshock|p1a: Fezandipiti\n|-damage|p1a: Fezandipiti|0 fnt\n|faint|p1a: Fezandipiti\n|\n|upkeep\n|\n|t:|1697997779\n|switch|p1a: Azelf|Azelf|100\/100\n|-damage|p1a: Azelf|88\/100|[from] Stealth Rock\n|turn|12\n|\n|t:|1697997794\n|switch|p2a: Moltres|Moltres|100\/100\n|move|p1a: Azelf|Stealth Rock|p2a: Moltres\n|-sidestart|p2: Erindor|move: Stealth Rock\n|\n|upkeep\n|turn|13\n|\n|t:|1697997805\n|move|p1a: Azelf|Wonder Room|p1a: Azelf\n|-fieldstart|move: Wonder Room|[of] p1a: Azelf\n|move|p2a: Moltres|U-turn|p1a: Azelf\n|-supereffective|p1a: Azelf\n|-damage|p1a: Azelf|36\/100\n|\n|t:|1697997810\n|switch|p2a: Empoleon|Empoleon, M|82\/100 par|[from] U-turn\n|-damage|p2a: Empoleon|76\/100 par|[from] Stealth Rock\n|\n|upkeep\n|turn|14\n|\n|t:|1697997817\n|move|p1a: Azelf|Zen Headbutt|p2a: Empoleon\n|-resisted|p2a: Empoleon\n|-damage|p2a: Empoleon|62\/100 par\n|cant|p2a: Empoleon|flinch\n|\n|upkeep\n|turn|15\n|\n|t:|1697997823\n|move|p1a: Azelf|Zen Headbutt|p2a: Empoleon\n|-resisted|p2a: Empoleon\n|-damage|p2a: Empoleon|48\/100 par\n|move|p2a: Empoleon|Roost|p2a: Empoleon\n|-heal|p2a: Empoleon|99\/100 par\n|-singleturn|p2a: Empoleon|move: Roost\n|\n|upkeep\n|turn|16\n|\n|t:|1697997827\n|move|p1a: Azelf|Zen Headbutt|p2a: Empoleon\n|-resisted|p2a: Empoleon\n|-damage|p2a: Empoleon|84\/100 par\n|move|p2a: Empoleon|Knock Off|p1a: Azelf\n|-supereffective|p1a: Azelf\n|-damage|p1a: Azelf|0 fnt\n|-enditem|p1a: Azelf|Focus Sash|[from] move: Knock Off|[of] p2a: Empoleon\n|faint|p1a: Azelf\n|\n|upkeep\n|\n|t:|1697997831\n|switch|p1a: Blissey|Blissey, F|26\/100\n|-damage|p1a: Blissey|13\/100|[from] Stealth Rock\n|turn|17\n|\n|t:|1697997836\n|move|p1a: Blissey|Soft-Boiled|p1a: Blissey\n|-heal|p1a: Blissey|63\/100\n|move|p2a: Empoleon|Flip Turn|p1a: Blissey\n|-damage|p1a: Blissey|56\/100\n|\n|t:|1697997840\n|switch|p2a: Enamorus|Enamorus, F|100\/100 par|[from] Flip Turn\n|-damage|p2a: Enamorus|76\/100 par|[from] Stealth Rock\n|\n|-heal|p1a: Blissey|62\/100|[from] item: Leftovers\n|-fieldend|move: Wonder Room\n|upkeep\n|turn|18\n|\n|t:|1697997843\n|switch|p1a: Landorus|Landorus-Therian, M|100\/100\n|-damage|p1a: Landorus|88\/100|[from] Stealth Rock\n|-ability|p1a: Landorus|Intimidate|boost\n|-boost|p2a: Enamorus|atk|1\n|move|p2a: Enamorus|Superpower|p1a: Landorus\n|-resisted|p1a: Landorus\n|-damage|p1a: Landorus|57\/100\n|-boost|p2a: Enamorus|atk|1\n|-boost|p2a: Enamorus|def|1\n|\n|upkeep\n|turn|19\n|\n|t:|1697997851\n|move|p1a: Landorus|Psychic|p2a: Enamorus\n|-damage|p2a: Enamorus|21\/100 par\n|cant|p2a: Enamorus|par\n|\n|upkeep\n|turn|20\n|\n|t:|1697997855\n|move|p1a: Landorus|Psychic|p2a: Enamorus\n|-damage|p2a: Enamorus|0 fnt\n|faint|p2a: Enamorus\n|\n|upkeep\n|\n|t:|1697997861\n|switch|p2a: Azelf|Azelf, tera:Psychic|100\/100\n|-damage|p2a: Azelf|88\/100|[from] Stealth Rock\n|turn|21\n|\n|t:|1697997873\n|switch|p1a: Wo-Chien|Wo-Chien|100\/100\n|-damage|p1a: Wo-Chien|88\/100|[from] Stealth Rock\n|-ability|p1a: Wo-Chien|Tablets of Ruin\n|move|p2a: Azelf|Dazzling Gleam|p1a: Wo-Chien\n|-supereffective|p1a: Wo-Chien\n|-damage|p1a: Wo-Chien|17\/100\n|\n|-heal|p1a: Wo-Chien|23\/100|[from] item: Leftovers\n|upkeep\n|turn|22\n|\n|t:|1697997879\n|switch|p1a: Blissey|Blissey, F|62\/100\n|-damage|p1a: Blissey|49\/100|[from] Stealth Rock\n|move|p2a: Azelf|Dazzling Gleam|p1a: Blissey\n|-damage|p1a: Blissey|34\/100\n|\n|-heal|p1a: Blissey|40\/100|[from] item: Leftovers\n|upkeep\n|turn|23\n|\n|t:|1697997887\n|switch|p2a: Empoleon|Empoleon, M|84\/100 par\n|-damage|p2a: Empoleon|78\/100 par|[from] Stealth Rock\n|move|p1a: Blissey|Thunder Wave|p2a: Empoleon|[miss]\n|-miss|p1a: Blissey|p2a: Empoleon\n|\n|-heal|p1a: Blissey|47\/100|[from] item: Leftovers\n|upkeep\n|turn|24\n|\n|t:|1697997891\n|move|p1a: Blissey|Soft-Boiled|p1a: Blissey\n|-heal|p1a: Blissey|97\/100\n|move|p2a: Empoleon|Flip Turn|p1a: Blissey\n|-damage|p1a: Blissey|81\/100\n|\n|t:|1697997897\n|switch|p2a: Weezing|Weezing-Galar, M|100\/100|[from] Flip Turn\n|-damage|p2a: Weezing|88\/100|[from] Stealth Rock\n|\n|-heal|p2a: Weezing|94\/100|[from] item: Leftovers\n|-heal|p1a: Blissey|87\/100|[from] item: Leftovers\n|upkeep\n|turn|25\n|\n|t:|1697997904\n|move|p2a: Weezing|Defog|p1a: Blissey\n|-unboost|p1a: Blissey|evasion|1\n|-sideend|p1: Profesor Turo|Stealth Rock|[from] move: Defog|[of] p2a: Weezing\n|-sideend|p2: Erindor|Stealth Rock|[from] move: Defog|[of] p2a: Weezing\n|move|p1a: Blissey|Thunder Wave|p2a: Weezing|[miss]\n|-miss|p1a: Blissey|p2a: Weezing\n|\n|-heal|p2a: Weezing|99\/100|[from] item: Leftovers\n|-heal|p1a: Blissey|93\/100|[from] item: Leftovers\n|upkeep\n|turn|26\n|\n|t:|1697997909\n|move|p2a: Weezing|Toxic|p1a: Blissey\n|-status|p1a: Blissey|tox\n|move|p1a: Blissey|Thunder Wave|p2a: Weezing\n|-status|p2a: Weezing|par\n|\n|-heal|p1a: Blissey|99\/100 tox|[from] item: Leftovers\n|-heal|p2a: Weezing|100\/100 par|[from] item: Leftovers\n|-damage|p1a: Blissey|93\/100 tox|[from] psn\n|upkeep\n|turn|27\n|\n|t:|1697997913\n|-curestatus|p1a: Blissey|tox|[from] ability: Natural Cure\n|switch|p1a: Landorus|Landorus-Therian, M|57\/100\n|-ability|p1a: Landorus|Intimidate|boost\n|-unboost|p2a: Weezing|atk|1\n|switch|p2a: Empoleon|Empoleon, M|78\/100 par\n|\n|upkeep\n|turn|28\n|\n|t:|1697997920\n|move|p1a: Landorus|Tera Blast|p2a: Empoleon\n|-resisted|p2a: Empoleon\n|-damage|p2a: Empoleon|67\/100 par\n|move|p2a: Empoleon|Flip Turn|p1a: Landorus\n|-supereffective|p1a: Landorus\n|-damage|p1a: Landorus|17\/100\n|\n|t:|1697997934\n|switch|p2a: Moltres|Moltres|100\/100|[from] Flip Turn\n|\n|upkeep\n|turn|29\n|\n|t:|1697997939\n|switch|p1a: Wo-Chien|Wo-Chien|23\/100\n|-ability|p1a: Wo-Chien|Tablets of Ruin\n|move|p2a: Moltres|Brave Bird|p1a: Wo-Chien\n|-supereffective|p1a: Wo-Chien\n|-damage|p1a: Wo-Chien|0 fnt\n|faint|p1a: Wo-Chien\n|-damage|p2a: Moltres|95\/100|[from] Recoil\n|\n|upkeep\n|\n|t:|1697997941\n|switch|p1a: Landorus|Landorus-Therian, M|17\/100\n|-ability|p1a: Landorus|Intimidate|boost\n|-unboost|p2a: Moltres|atk|1\n|turn|30\n|\n|t:|1697997947\n|switch|p2a: Weezing|Weezing-Galar, M|100\/100 par\n|move|p1a: Landorus|Psychic|p2a: Weezing\n|-supereffective|p2a: Weezing\n|-damage|p2a: Weezing|0 fnt\n|faint|p2a: Weezing\n|\n|upkeep\n|\n|t:|1697997956\n|switch|p2a: Azelf|Azelf, tera:Psychic|88\/100\n|turn|31\n|\n|t:|1697997958\n|move|p2a: Azelf|Psyshock|p1a: Landorus\n|-damage|p1a: Landorus|0 fnt\n|faint|p1a: Landorus\n|\n|upkeep\n|\n|t:|1697997960\n|switch|p1a: Blissey|Blissey, F|93\/100\n|turn|32\n|\n|t:|1697997963\n|switch|p2a: Empoleon|Empoleon, M|67\/100 par\n|move|p1a: Blissey|Thunder Wave|p2a: Empoleon\n|-fail|p2a: Empoleon|par\n|\n|-heal|p1a: Blissey|99\/100|[from] item: Leftovers\n|upkeep\n|turn|33\n|\n|t:|1697997967\n|move|p1a: Blissey|Seismic Toss|p2a: Empoleon\n|-damage|p2a: Empoleon|40\/100 par\n|move|p2a: Empoleon|Roost|p2a: Empoleon\n|-heal|p2a: Empoleon|90\/100 par\n|-singleturn|p2a: Empoleon|move: Roost\n|\n|-heal|p1a: Blissey|100\/100|[from] item: Leftovers\n|upkeep\n|turn|34\n|\n|t:|1697997974\n|move|p1a: Blissey|Seismic Toss|p2a: Empoleon\n|-damage|p2a: Empoleon|63\/100 par\n|move|p2a: Empoleon|Flip Turn|p1a: Blissey\n|-damage|p1a: Blissey|86\/100\n|\n|t:|1697997978\n|switch|p2a: Azelf|Azelf, tera:Psychic|88\/100|[from] Flip Turn\n|\n|-heal|p1a: Blissey|92\/100|[from] item: Leftovers\n|upkeep\n|turn|35\n|\n|t:|1697997983\n|move|p2a: Azelf|Trick|p1a: Blissey\n|-activate|p2a: Azelf|move: Trick|[of] p1a: Blissey\n|-item|p1a: Blissey|Choice Specs|[from] move: Trick\n|-item|p2a: Azelf|Leftovers|[from] move: Trick\n|move|p1a: Blissey|Thunder Wave|p2a: Azelf\n|-status|p2a: Azelf|par\n|\n|-heal|p2a: Azelf|94\/100 par|[from] item: Leftovers\n|upkeep\n|turn|36\n|c|\u2606Erindor|gg\n|c|\u2606Profesor Turo|ggs\n|\n|t:|1697997990\n|cant|p2a: Azelf|par\n|move|p1a: Blissey|Thunder Wave|p2a: Azelf\n|-fail|p2a: Azelf|par\n|\n|-heal|p2a: Azelf|100\/100 par|[from] item: Leftovers\n|upkeep\n|turn|37\n|\n|t:|1697997992\n|cant|p2a: Azelf|par\n|move|p1a: Blissey|Thunder Wave|p2a: Azelf\n|-fail|p2a: Azelf|par\n|\n|upkeep\n|turn|38\n|\n|t:|1697997994\n|cant|p2a: Azelf|par\n|move|p1a: Blissey|Thunder Wave|p2a: Azelf\n|-fail|p2a: Azelf|par\n|\n|upkeep\n|turn|39\n|\n|t:|1697997996\n|move|p2a: Azelf|Psyshock|p1a: Blissey\n|-damage|p1a: Blissey|42\/100\n|move|p1a: Blissey|Thunder Wave|p2a: Azelf\n|-fail|p2a: Azelf|par\n|\n|upkeep\n|turn|40\n|\n|t:|1697997998\n|move|p2a: Azelf|Psyshock|p1a: Blissey\n|-damage|p1a: Blissey|0 fnt\n|faint|p1a: Blissey\n|\n|win|Erindor\n|l|\u2606Profesor Turo\n","uploadtime":1697998007,"views":17,"p1id":"profesorturo","p2id":"erindor","formatid":"gen9ubers","rating":0,"private":0,"password":""}