{"id":"gen9ubers-1990744269","p1":"IcyTheScreamer","p2":"1P1o1s1h1e1","format":"[Gen 9] Ubers","log":"|j|\u2606IcyTheScreamer\n|j|\u26061P1o1s1h1e1\n|t:|1699996774\n|gametype|singles\n|player|p1|IcyTheScreamer|ingo|\n|player|p2|1P1o1s1h1e1|169|\n|teamsize|p1|6\n|teamsize|p2|6\n|gen|9\n|tier|[Gen 9] Ubers\n|rule|Sleep Clause Mod: Limit one foe put to sleep\n|rule|Species Clause: Limit one of each Pok\u00e9mon\n|rule|OHKO Clause: OHKO moves are banned\n|rule|Evasion Items Clause: Evasion items are banned\n|rule|Evasion Moves Clause: Evasion moves are banned\n|rule|Endless Battle Clause: Forcing endless battles is banned\n|rule|HP Percentage Mod: HP is shown in percentages\n|clearpoke\n|poke|p1|Cyclizar, F|\n|poke|p1|Dialga|\n|poke|p1|Palafin, F|\n|poke|p1|Magearna|\n|poke|p1|Palkia-Origin|\n|poke|p1|Sneasler, F|\n|poke|p2|Slowking-Galar, F|\n|poke|p2|Blissey, F|\n|poke|p2|Cyclizar, M|\n|poke|p2|Quagsire, F|\n|poke|p2|Gholdengo|\n|poke|p2|Tyranitar, F|\n|teampreview\n|\n|t:|1699996785\n|start\n|switch|p1a: Magearna|Magearna|100\/100\n|switch|p2a: Slowking|Slowking-Galar, F|100\/100\n|turn|1\n|\n|t:|1699996794\n|move|p1a: Magearna|Spikes|p2a: Slowking\n|-sidestart|p2: 1P1o1s1h1e1|Spikes\n|move|p2a: Slowking|Chilly Reception|p2a: Slowking\n|-weather|Snow\n|\n|t:|1699996806\n|switch|p2a: Gholdengo|Gholdengo|100\/100|[from] Chilly Reception\n|-damage|p2a: Gholdengo|88\/100|[from] Spikes\n|\n|-weather|Snow|[upkeep]\n|-heal|p2a: Gholdengo|94\/100|[from] item: Leftovers\n|upkeep\n|turn|2\n|\n|t:|1699996812\n|move|p2a: Gholdengo|Nasty Plot|p2a: Gholdengo\n|-boost|p2a: Gholdengo|spa|2\n|move|p1a: Magearna|Volt Switch|p2a: Gholdengo\n|-damage|p2a: Gholdengo|79\/100\n|\n|t:|1699996820\n|switch|p1a: Sneasler|Sneasler, F|100\/100|[from] Volt Switch\n|\n|-weather|Snow|[upkeep]\n|-heal|p2a: Gholdengo|85\/100|[from] item: Leftovers\n|upkeep\n|turn|3\n|\n|t:|1699996828\n|move|p1a: Sneasler|Fling|p2a: Gholdengo\n|-supereffective|p2a: Gholdengo\n|-damage|p2a: Gholdengo|0 fnt\n|-enditem|p1a: Sneasler|Big Nugget|[from] move: Fling\n|faint|p2a: Gholdengo\n|\n|-weather|Snow|[upkeep]\n|upkeep\n|c|\u26061P1o1s1h1e1|guh\n|\n|t:|1699996835\n|switch|p2a: Slowking|Slowking-Galar, F|100\/100\n|-damage|p2a: Slowking|88\/100|[from] Spikes\n|turn|4\n|\n|t:|1699996850\n|move|p1a: Sneasler|Dire Claw|p2a: Slowking\n|-resisted|p2a: Slowking\n|-damage|p2a: Slowking|71\/100\n|-damage|p1a: Sneasler|84\/100|[from] item: Rocky Helmet|[of] p2a: Slowking\n|move|p2a: Slowking|Toxic Spikes|p1a: Sneasler\n|-sidestart|p1: IcyTheScreamer|move: Toxic Spikes\n|\n|-weather|Snow|[upkeep]\n|upkeep\n|turn|5\n|\n|t:|1699996860\n|move|p1a: Sneasler|Acrobatics|p2a: Slowking\n|-damage|p2a: Slowking|39\/100\n|-damage|p1a: Sneasler|67\/100|[from] item: Rocky Helmet|[of] p2a: Slowking\n|move|p2a: Slowking|Toxic Spikes|p1a: Sneasler\n|-sidestart|p1: IcyTheScreamer|move: Toxic Spikes\n|\n|-weather|none\n|upkeep\n|turn|6\n|\n|t:|1699996866\n|move|p1a: Sneasler|Acrobatics|p2a: Slowking\n|-damage|p2a: Slowking|8\/100\n|-damage|p1a: Sneasler|51\/100|[from] item: Rocky Helmet|[of] p2a: Slowking\n|move|p2a: Slowking|Slack Off|p2a: Slowking\n|-heal|p2a: Slowking|58\/100\n|\n|upkeep\n|turn|7\n|\n|t:|1699996874\n|move|p1a: Sneasler|Dire Claw|p2a: Slowking\n|-resisted|p2a: Slowking\n|-crit|p2a: Slowking\n|-damage|p2a: Slowking|32\/100\n|-status|p2a: Slowking|slp\n|-damage|p1a: Sneasler|34\/100|[from] item: Rocky Helmet|[of] p2a: Slowking\n|cant|p2a: Slowking|slp\n|\n|upkeep\n|turn|8\n|c|\u2606IcyTheScreamer|eepy time\n|\n|t:|1699996892\n|switch|p2a: Quagsire|Quagsire, F|100\/100\n|move|p1a: Sneasler|Dire Claw|p2a: Quagsire\n|-resisted|p2a: Quagsire\n|-crit|p2a: Quagsire\n|-damage|p2a: Quagsire|78\/100\n|\n|upkeep\n|turn|9\n|\n|t:|1699996904\n|-terastallize|p2a: Quagsire|Poison\n|move|p1a: Sneasler|Close Combat|p2a: Quagsire\n|-resisted|p2a: Quagsire\n|-damage|p2a: Quagsire|56\/100\n|-unboost|p1a: Sneasler|def|1\n|-unboost|p1a: Sneasler|spd|1\n|move|p2a: Quagsire|Spikes|p1a: Sneasler\n|-sidestart|p1: IcyTheScreamer|Spikes\n|\n|upkeep\n|turn|10\n|\n|t:|1699996913\n|move|p1a: Sneasler|Acrobatics|p2a: Quagsire\n|-damage|p2a: Quagsire|27\/100\n|move|p2a: Quagsire|Recover|p2a: Quagsire\n|-heal|p2a: Quagsire|77\/100\n|\n|upkeep\n|turn|11\n|\n|t:|1699996920\n|move|p1a: Sneasler|Acrobatics|p2a: Quagsire\n|-damage|p2a: Quagsire|49\/100\n|move|p2a: Quagsire|Spikes|p1a: Sneasler\n|-sidestart|p1: IcyTheScreamer|Spikes\n|\n|upkeep\n|turn|12\n|\n|t:|1699996924\n|move|p1a: Sneasler|Acrobatics|p2a: Quagsire\n|-damage|p2a: Quagsire|22\/100\n|move|p2a: Quagsire|Recover|p2a: Quagsire\n|-heal|p2a: Quagsire|72\/100\n|\n|upkeep\n|turn|13\n|\n|t:|1699996929\n|move|p1a: Sneasler|Acrobatics|p2a: Quagsire\n|-damage|p2a: Quagsire|42\/100\n|move|p2a: Quagsire|Spikes|p1a: Sneasler\n|-sidestart|p1: IcyTheScreamer|Spikes\n|\n|upkeep\n|turn|14\n|\n|t:|1699996935\n|move|p1a: Sneasler|Acrobatics|p2a: Quagsire\n|-damage|p2a: Quagsire|12\/100\n|move|p2a: Quagsire|Recover|p2a: Quagsire\n|-heal|p2a: Quagsire|62\/100\n|\n|upkeep\n|turn|15\n|\n|t:|1699996943\n|move|p1a: Sneasler|Close Combat|p2a: Quagsire\n|-resisted|p2a: Quagsire\n|-damage|p2a: Quagsire|38\/100\n|-unboost|p1a: Sneasler|def|1\n|-unboost|p1a: Sneasler|spd|1\n|move|p2a: Quagsire|Recover|p2a: Quagsire\n|-heal|p2a: Quagsire|88\/100\n|\n|upkeep\n|turn|16\n|\n|t:|1699996951\n|move|p1a: Sneasler|Close Combat|p2a: Quagsire\n|-resisted|p2a: Quagsire\n|-damage|p2a: Quagsire|66\/100\n|-unboost|p1a: Sneasler|def|1\n|-unboost|p1a: Sneasler|spd|1\n|move|p2a: Quagsire|Earthquake|p1a: Sneasler\n|-supereffective|p1a: Sneasler\n|-damage|p1a: Sneasler|0 fnt\n|faint|p1a: Sneasler\n|\n|upkeep\n|\n|t:|1699996957\n|switch|p1a: Cyclizar|Cyclizar, F|100\/100\n|turn|17\n|\n|t:|1699996964\n|move|p1a: Cyclizar|Rapid Spin|p2a: Quagsire\n|-damage|p2a: Quagsire|54\/100\n|-boost|p1a: Cyclizar|spe|1\n|-sideend|p1: IcyTheScreamer|Spikes|[from] move: Rapid Spin|[of] p1a: Cyclizar\n|-sideend|p1: IcyTheScreamer|Toxic Spikes|[from] move: Rapid Spin|[of] p1a: Cyclizar\n|move|p2a: Quagsire|Toxic|p1a: Cyclizar\n|-status|p1a: Cyclizar|tox\n|\n|-damage|p1a: Cyclizar|94\/100 tox|[from] psn\n|upkeep\n|turn|18\n|\n|t:|1699996972\n|move|p1a: Cyclizar|Knock Off|p2a: Quagsire\n|-damage|p2a: Quagsire|40\/100\n|-enditem|p2a: Quagsire|Heavy-Duty Boots|[from] move: Knock Off|[of] p1a: Cyclizar\n|move|p2a: Quagsire|Spikes|p1a: Cyclizar\n|-sidestart|p1: IcyTheScreamer|Spikes\n|\n|-damage|p1a: Cyclizar|82\/100 tox|[from] psn\n|upkeep\n|turn|19\n|\n|t:|1699996992\n|switch|p2a: Tyranitar|Tyranitar, F|100\/100\n|-damage|p2a: Tyranitar|88\/100|[from] Spikes\n|-weather|Sandstorm|[from] ability: Sand Stream|[of] p2a: Tyranitar\n|move|p1a: Cyclizar|Draco Meteor|p2a: Tyranitar\n|-damage|p2a: Tyranitar|73\/100\n|-unboost|p1a: Cyclizar|spa|2\n|\n|-weather|Sandstorm|[upkeep]\n|-damage|p1a: Cyclizar|76\/100 tox|[from] Sandstorm\n|-heal|p2a: Tyranitar|79\/100|[from] item: Leftovers\n|-damage|p1a: Cyclizar|58\/100 tox|[from] psn\n|upkeep\n|turn|20\n|\n|t:|1699997006\n|switch|p1a: Palafin|Palafin, F|100\/100\n|-damage|p1a: Palafin|88\/100|[from] Spikes\n|move|p2a: Tyranitar|Roar|p1a: Palafin\n|detailschange|p1a: Palafin|Palafin-Hero, F\n|drag|p1a: Palkia|Palkia-Origin|100\/100\n|-damage|p1a: Palkia|88\/100|[from] Spikes\n|-ability|p1a: Palkia|Pressure\n|\n|-weather|Sandstorm|[upkeep]\n|-damage|p1a: Palkia|82\/100|[from] Sandstorm\n|-heal|p2a: Tyranitar|85\/100|[from] item: Leftovers\n|upkeep\n|turn|21\n|\n|t:|1699997022\n|switch|p1a: Magearna|Magearna|100\/100\n|-damage|p1a: Magearna|88\/100|[from] Spikes\n|switch|p2a: Blissey|Blissey, F|100\/100\n|\n|-weather|Sandstorm|[upkeep]\n|-damage|p2a: Blissey|94\/100|[from] Sandstorm\n|-heal|p1a: Magearna|94\/100|[from] item: Leftovers\n|upkeep\n|turn|22\n|\n|t:|1699997029\n|move|p1a: Magearna|Spikes|p2a: Blissey\n|-sidestart|p2: 1P1o1s1h1e1|Spikes\n|move|p2a: Blissey|Seismic Toss|p1a: Magearna\n|-damage|p1a: Magearna|67\/100\n|\n|-weather|Sandstorm|[upkeep]\n|-damage|p2a: Blissey|88\/100|[from] Sandstorm\n|-heal|p1a: Magearna|73\/100|[from] item: Leftovers\n|upkeep\n|turn|23\n|\n|t:|1699997043\n|switch|p2a: Quagsire|Quagsire, F, tera:Poison|40\/100\n|-damage|p2a: Quagsire|24\/100|[from] Spikes\n|move|p1a: Magearna|Volt Switch|p2a: Quagsire\n|-damage|p2a: Quagsire|0 fnt\n|faint|p2a: Quagsire\n|-ability|p1a: Magearna|Soul-Heart|boost\n|-boost|p1a: Magearna|spa|1\n|\n|t:|1699997052\n|switch|p1a: Cyclizar|Cyclizar, F|91\/100 tox|[from] Volt Switch\n|\n|-weather|none\n|-damage|p1a: Cyclizar|85\/100 tox|[from] psn\n|upkeep\n|\n|t:|1699997061\n|switch|p2a: Slowking|Slowking-Galar, F|66\/100 slp\n|-damage|p2a: Slowking|49\/100 slp|[from] Spikes\n|turn|24\n|\n|t:|1699997066\n|move|p1a: Cyclizar|Knock Off|p2a: Slowking\n|-supereffective|p2a: Slowking\n|-damage|p2a: Slowking|19\/100 slp\n|-damage|p1a: Cyclizar|68\/100 tox|[from] item: Rocky Helmet|[of] p2a: Slowking\n|-enditem|p2a: Slowking|Rocky Helmet|[from] move: Knock Off|[of] p1a: Cyclizar\n|cant|p2a: Slowking|slp\n|\n|-damage|p1a: Cyclizar|56\/100 tox|[from] psn\n|upkeep\n|turn|25\n|\n|t:|1699997076\n|switch|p2a: Cyclizar|Cyclizar, M|100\/100\n|move|p1a: Cyclizar|Shed Tail|p1a: Cyclizar\n|-start|p1a: Cyclizar|Substitute|[from] move: Shed Tail\n|-damage|p1a: Cyclizar|6\/100 tox\n|\n|t:|1699997086\n|switch|p1a: Palafin|Palafin-Hero, F|88\/100|[from] Shed Tail\n|-damage|p1a: Palafin|76\/100|[from] Spikes\n|-activate|p1a: Palafin|ability: Zero to Hero\n|\n|upkeep\n|turn|26\n|\n|t:|1699997096\n|-terastallize|p1a: Palafin|Water\n|move|p1a: Palafin|Jet Punch|p2a: Cyclizar\n|-resisted|p2a: Cyclizar\n|-damage|p2a: Cyclizar|48\/100\n|move|p2a: Cyclizar|Shed Tail|p2a: Cyclizar\n|-fail|p2a: Cyclizar|move: Shed Tail|[weak]\n|\n|upkeep\n|turn|27\n|\n|t:|1699997103\n|switch|p2a: Slowking|Slowking-Galar, F|52\/100 slp\n|-damage|p2a: Slowking|36\/100 slp|[from] Spikes\n|move|p1a: Palafin|Jet Punch|p2a: Slowking\n|-damage|p2a: Slowking|0 fnt\n|faint|p2a: Slowking\n|\n|upkeep\n|c|\u26061P1o1s1h1e1|gg\n|-message|1P1o1s1h1e1 forfeited.\n|\n|win|IcyTheScreamer\n|c|\u2606IcyTheScreamer|gg\n","uploadtime":1699997113,"views":5,"p1id":"icythescreamer","p2id":"1p1o1s1h1e1","formatid":"gen9ubers","rating":0,"private":0,"password":""}