{"id":"gen9ubers-1992217613","p1":"Electricratman","p2":"TheGreedent02","format":"[Gen 9] Ubers","log":"|j|\u2606Electricratman\n|j|\u203dTheGreedent02\n|t:|1700164786\n|gametype|singles\n|player|p1|Electricratman|266|\n|player|p2|TheGreedent02|hilbert|\n|teamsize|p1|6\n|teamsize|p2|6\n|gen|9\n|tier|[Gen 9] Ubers\n|rule|Sleep Clause Mod: Limit one foe put to sleep\n|rule|Species Clause: Limit one of each Pok\u00e9mon\n|rule|OHKO Clause: OHKO moves are banned\n|rule|Evasion Items Clause: Evasion items are banned\n|rule|Evasion Moves Clause: Evasion moves are banned\n|rule|Endless Battle Clause: Forcing endless battles is banned\n|rule|HP Percentage Mod: HP is shown in percentages\n|clearpoke\n|poke|p1|Sandaconda, M|\n|poke|p1|Enamorus-Therian, F|\n|poke|p1|Magearna|\n|poke|p1|Weezing-Galar, F|\n|poke|p1|Arcanine-Hisui, F|\n|poke|p1|Greninja-*, F|\n|poke|p2|Urshifu-*, M|\n|poke|p2|Kleavor, F|\n|poke|p2|Ceruledge, M|\n|poke|p2|Landorus-Therian, M|\n|poke|p2|Meloetta|\n|poke|p2|Greedent, F|\n|teampreview\n|j| Willish6634\n|l| Willish6634\n|j| Willish6634\n|\n|t:|1700164826\n|start\n|switch|p1a: Enamorus|Enamorus-Therian, F|100\/100\n|switch|p2a: Kleavor|Kleavor, F|100\/100\n|turn|1\n|j| ampharosaunt11\n|j| mklgd\n|\n|t:|1700164848\n|move|p2a: Kleavor|Stone Axe|p1a: Enamorus\n|-supereffective|p1a: Enamorus\n|-damage|p1a: Enamorus|13\/100\n|-sidestart|p1: Electricratman|move: Stealth Rock\n|move|p1a: Enamorus|Draining Kiss|p2a: Kleavor\n|-damage|p2a: Kleavor|81\/100\n|-heal|p1a: Enamorus|31\/100|[from] drain|[of] p2a: Kleavor\n|\n|-heal|p1a: Enamorus|37\/100|[from] item: Leftovers\n|upkeep\n|turn|2\n|\n|t:|1700164871\n|move|p2a: Kleavor|Stone Axe|p1a: Enamorus\n|-supereffective|p1a: Enamorus\n|-damage|p1a: Enamorus|0 fnt\n|faint|p1a: Enamorus\n|\n|upkeep\n|\n|t:|1700164893\n|switch|p1a: Weezing|Weezing-Galar, F, shiny|100\/100\n|turn|3\n|j| Alaina Tutu\n|\n|t:|1700164899\n|move|p2a: Kleavor|Stone Axe|p1a: Weezing\n|-damage|p1a: Weezing|53\/100\n|move|p1a: Weezing|Will-O-Wisp|p2a: Kleavor\n|-status|p2a: Kleavor|brn\n|\n|-damage|p2a: Kleavor|75\/100 brn|[from] brn\n|upkeep\n|turn|4\n|c| Alaina Tutu|Ugh\n|c| Willish6634|Ugh\n|\n|t:|1700164910\n|move|p2a: Kleavor|Stone Axe|p1a: Weezing\n|-damage|p1a: Weezing|32\/100\n|move|p1a: Weezing|Defog|p2a: Kleavor\n|-unboost|p2a: Kleavor|evasion|1\n|-sideend|p1: Electricratman|Stealth Rock|[from] move: Defog|[of] p1a: Weezing\n|\n|-damage|p2a: Kleavor|69\/100 brn|[from] brn\n|upkeep\n|turn|5\n|\n|t:|1700164927\n|switch|p1a: Randy|Sandaconda, M, shiny|100\/100\n|move|p2a: Kleavor|Stone Axe|p1a: Randy\n|-resisted|p1a: Randy\n|-damage|p1a: Randy|91\/100\n|-damage|p2a: Kleavor|53\/100 brn|[from] item: Rocky Helmet|[of] p1a: Randy\n|-weather|Sandstorm|[from] ability: Sand Spit|[of] p1a: Randy\n|-sidestart|p1: Electricratman|move: Stealth Rock\n|\n|-weather|Sandstorm|[upkeep]\n|-damage|p2a: Kleavor|46\/100 brn|[from] brn\n|upkeep\n|turn|6\n|\n|t:|1700164944\n|-terastallize|p1a: Randy|Water\n|move|p2a: Kleavor|Trailblaze|p1a: Randy\n|-supereffective|p1a: Randy\n|-damage|p1a: Randy|78\/100\n|-boost|p2a: Kleavor|spe|1\n|-damage|p2a: Kleavor|30\/100 brn|[from] item: Rocky Helmet|[of] p1a: Randy\n|move|p1a: Randy|Tera Blast|p2a: Kleavor|[anim] Tera Blast Water\n|-supereffective|p2a: Kleavor\n|-damage|p2a: Kleavor|0 fnt\n|faint|p2a: Kleavor\n|\n|-weather|Sandstorm|[upkeep]\n|-damage|p1a: Randy|72\/100|[from] Sandstorm\n|upkeep\n|\n|t:|1700164960\n|switch|p2a: Greedent|Greedent, F|100\/100\n|turn|7\n|\n|t:|1700164969\n|move|p1a: Randy|Glare|p2a: Greedent\n|-status|p2a: Greedent|par\n|move|p2a: Greedent|Belly Drum|p2a: Greedent\n|-damage|p2a: Greedent|50\/100 par\n|-setboost|p2a: Greedent|atk|6|[from] move: Belly Drum\n|-enditem|p2a: Greedent|Sitrus Berry|[eat]\n|-heal|p2a: Greedent|75\/100 par|[from] item: Sitrus Berry\n|-heal|p2a: Greedent|100\/100 par|[from] ability: Cheek Pouch\n|\n|-weather|Sandstorm|[upkeep]\n|-damage|p1a: Randy|66\/100|[from] Sandstorm\n|-damage|p2a: Greedent|94\/100 par|[from] Sandstorm\n|upkeep\n|turn|8\n|\n|t:|1700164994\n|move|p1a: Randy|Tera Blast|p2a: Greedent|[anim] Tera Blast Water\n|-damage|p2a: Greedent|61\/100 par\n|move|p2a: Greedent|Body Slam|p1a: Randy\n|-damage|p1a: Randy|0 fnt\n|-damage|p2a: Greedent|44\/100 par|[from] item: Rocky Helmet|[of] p1a: Randy\n|faint|p1a: Randy\n|\n|-weather|Sandstorm|[upkeep]\n|-damage|p2a: Greedent|38\/100 par|[from] Sandstorm\n|upkeep\n|l| Alaina Tutu\n|j| TPL_AllStars\n|\n|t:|1700165012\n|switch|p1a: Weezing|Weezing-Galar, F, shiny|32\/100\n|turn|9\n|\n|t:|1700165051\n|move|p1a: Weezing|Defog|p2a: Greedent\n|-unboost|p2a: Greedent|evasion|1\n|-sideend|p1: Electricratman|Stealth Rock|[from] move: Defog|[of] p1a: Weezing\n|move|p2a: Greedent|Body Slam|p1a: Weezing\n|-damage|p1a: Weezing|0 fnt\n|faint|p1a: Weezing\n|\n|-weather|none\n|upkeep\n|l| TPL_AllStars\n|\n|t:|1700165090\n|switch|p1a: Greninja|Greninja, F|100\/100\n|turn|10\n|\n|t:|1700165111\n|move|p1a: Greninja|Surf|p2a: Greedent\n|-start|p1a: Greninja|typechange|Water|[from] ability: Protean\n|-damage|p2a: Greedent|0 fnt\n|faint|p2a: Greedent\n|\n|upkeep\n|\n|t:|1700165116\n|switch|p2a: Urshifu|Urshifu-Rapid-Strike, M|100\/100\n|turn|11\n|\n|t:|1700165121\n|switch|p1a: Magearna|Magearna|100\/100\n|-terastallize|p2a: Urshifu|Bug\n|move|p2a: Urshifu|Trailblaze|p1a: Magearna\n|-resisted|p1a: Magearna\n|-damage|p1a: Magearna|94\/100\n|-boost|p2a: Urshifu|spe|1\n|\n|upkeep\n|turn|12\n|\n|t:|1700165131\n|move|p2a: Urshifu|Surging Strikes|p1a: Magearna\n|-crit|p1a: Magearna\n|-damage|p1a: Magearna|77\/100\n|-crit|p1a: Magearna\n|-damage|p1a: Magearna|60\/100\n|-crit|p1a: Magearna\n|-damage|p1a: Magearna|41\/100\n|-hitcount|p1a: Magearna|3\n|move|p1a: Magearna|Ice Beam|p2a: Urshifu\n|-damage|p2a: Urshifu|18\/100\n|\n|upkeep\n|turn|13\n|\n|t:|1700165148\n|switch|p1a: Greninja|Greninja, F|100\/100\n|move|p2a: Urshifu|Surging Strikes|p1a: Greninja\n|-resisted|p1a: Greninja\n|-crit|p1a: Greninja\n|-damage|p1a: Greninja|81\/100\n|-resisted|p1a: Greninja\n|-crit|p1a: Greninja\n|-damage|p1a: Greninja|61\/100\n|-resisted|p1a: Greninja\n|-crit|p1a: Greninja\n|-damage|p1a: Greninja|42\/100\n|-hitcount|p1a: Greninja|3\n|\n|upkeep\n|turn|14\n|\n|t:|1700165159\n|move|p2a: Urshifu|Drain Punch|p1a: Greninja\n|-supereffective|p1a: Greninja\n|-damage|p1a: Greninja|0 fnt\n|-heal|p2a: Urshifu|36\/100|[from] drain|[of] p1a: Greninja\n|faint|p1a: Greninja\n|\n|upkeep\n|\n|t:|1700165170\n|switch|p1a: Arcanine|Arcanine-Hisui, F|100\/100\n|turn|15\n|\n|t:|1700165181\n|move|p1a: Arcanine|Extreme Speed|p2a: Urshifu\n|-damage|p2a: Urshifu|9\/100\n|move|p2a: Urshifu|Surging Strikes|p1a: Arcanine\n|-supereffective|p1a: Arcanine\n|-crit|p1a: Arcanine\n|-damage|p1a: Arcanine|0 fnt\n|faint|p1a: Arcanine\n|-hitcount|p1: Arcanine|1\n|\n|upkeep\n|\n|t:|1700165191\n|switch|p1a: Magearna|Magearna|41\/100\n|turn|16\n|c| Willish6634|Ggwp\n|\n|t:|1700165194\n|move|p2a: Urshifu|Surging Strikes|p1a: Magearna\n|-crit|p1a: Magearna\n|-damage|p1a: Magearna|21\/100\n|-crit|p1a: Magearna\n|-damage|p1a: Magearna|4\/100\n|-crit|p1a: Magearna\n|-damage|p1a: Magearna|0 fnt\n|faint|p1a: Magearna\n|-hitcount|p1: Magearna|3\n|\n|win|TheGreedent02\n|l| ampharosaunt11\n|l| Willish6634\n|c| mklgd|Ggs gentlemen\n|l| mklgd\n|l|\u2606Electricratman\n|j|\u2606Electricratman\n|player|p1|Electricratman|266\n|j| Willish6634\n|l|\u2606Electricratman\n|player|p1|\n|l| Willish6634\n","uploadtime":1700165321,"views":37,"p1id":"electricratman","p2id":"thegreedent02","formatid":"gen9ubers","rating":0,"private":0,"password":""}