{"id":"gen9ubers-1977126713","p1":"4mage","p2":"Denzel Goat","format":"[Gen 9] Ubers","log":"|j|\u26064mage\n|j|\u2606Denzel Goat\n|t:|1698374617\n|gametype|singles\n|player|p1|4mage|shadowtriad|1045\n|player|p2|Denzel Goat|lenora|1141\n|teamsize|p1|6\n|teamsize|p2|6\n|gen|9\n|tier|[Gen 9] Ubers\n|rated|\n|rule|Sleep Clause Mod: Limit one foe put to sleep\n|rule|Species Clause: Limit one of each Pok\u00e9mon\n|rule|OHKO Clause: OHKO moves are banned\n|rule|Evasion Items Clause: Evasion items are banned\n|rule|Evasion Moves Clause: Evasion moves are banned\n|rule|Endless Battle Clause: Forcing endless battles is banned\n|rule|HP Percentage Mod: HP is shown in percentages\n|clearpoke\n|poke|p1|Enamorus-Therian, F|\n|poke|p1|Calyrex-Ice|\n|poke|p1|Volcarona, F|\n|poke|p1|Gholdengo|\n|poke|p1|Urshifu-*, F|\n|poke|p1|Ludicolo, F|\n|poke|p2|Alomomola, M|\n|poke|p2|Iron Treads|\n|poke|p2|Clodsire, F|\n|poke|p2|Ditto|\n|poke|p2|Skeledirge, M|\n|poke|p2|Klefki, F|\n|teampreview\n|\n|t:|1698374628\n|start\n|switch|p1a: Calyrex|Calyrex-Ice|100\/100\n|switch|p2a: bbno$|Klefki, F|100\/100\n|-ability|p1a: Calyrex|As One\n|-ability|p1a: Calyrex|Unnerve\n|turn|1\n|\n|t:|1698374638\n|move|p2a: bbno$|Foul Play|p1a: Calyrex\n|-supereffective|p1a: Calyrex\n|-damage|p1a: Calyrex|59\/100\n|move|p1a: Calyrex|Substitute|p1a: Calyrex\n|-start|p1a: Calyrex|Substitute\n|-damage|p1a: Calyrex|34\/100\n|\n|upkeep\n|turn|2\n|\n|t:|1698374643\n|move|p2a: bbno$|Foul Play|p1a: Calyrex\n|-supereffective|p1a: Calyrex\n|-end|p1a: Calyrex|Substitute\n|move|p1a: Calyrex|Swords Dance|p1a: Calyrex\n|-boost|p1a: Calyrex|atk|2\n|\n|upkeep\n|turn|3\n|\n|t:|1698374650\n|move|p2a: bbno$|Foul Play|p1a: Calyrex\n|-supereffective|p1a: Calyrex\n|-crit|p1a: Calyrex\n|-damage|p1a: Calyrex|0 fnt\n|faint|p1a: Calyrex\n|\n|upkeep\n|\n|t:|1698374656\n|switch|p1a: Gholdengo|Gholdengo|100\/100\n|turn|4\n|c|\u2606Denzel Goat|what were you cooking\n|\n|t:|1698374662\n|move|p2a: bbno$|Spikes|p1a: Gholdengo\n|-sidestart|p1: 4mage|Spikes\n|move|p1a: Gholdengo|Confuse Ray|p2a: bbno$\n|-start|p2a: bbno$|confusion\n|\n|upkeep\n|turn|5\n|\n|t:|1698374667\n|-activate|p2a: bbno$|confusion\n|move|p2a: bbno$|Spikes|p1a: Gholdengo\n|-sidestart|p1: 4mage|Spikes\n|move|p1a: Gholdengo|Thunder Wave|p2a: bbno$\n|-status|p2a: bbno$|par\n|\n|upkeep\n|turn|6\n|\n|t:|1698374674\n|switch|p2a: Big Clod|Clodsire, F|100\/100\n|move|p1a: Gholdengo|Shadow Ball|p2a: Big Clod\n|-damage|p2a: Big Clod|79\/100\n|\n|-heal|p2a: Big Clod|85\/100|[from] item: Leftovers\n|upkeep\n|turn|7\n|\n|t:|1698374680\n|move|p1a: Gholdengo|Confuse Ray|p2a: Big Clod\n|-start|p2a: Big Clod|confusion\n|-activate|p2a: Big Clod|confusion\n|-damage|p2a: Big Clod|78\/100|[from] confusion\n|\n|-heal|p2a: Big Clod|84\/100|[from] item: Leftovers\n|upkeep\n|turn|8\n|\n|t:|1698374685\n|switch|p2a: bbno$|Klefki, F|100\/100 par\n|move|p1a: Gholdengo|Thunder Wave|p2a: bbno$\n|-fail|p2a: bbno$|par\n|\n|upkeep\n|turn|9\n|\n|t:|1698374689\n|move|p2a: bbno$|Spikes|p1a: Gholdengo\n|-sidestart|p1: 4mage|Spikes\n|move|p1a: Gholdengo|Confuse Ray|p2a: bbno$\n|-start|p2a: bbno$|confusion\n|\n|upkeep\n|turn|10\n|\n|t:|1698374700\n|switch|p2a: Big Clod|Clodsire, F|84\/100\n|move|p1a: Gholdengo|Shadow Ball|p2a: Big Clod\n|-damage|p2a: Big Clod|60\/100\n|-unboost|p2a: Big Clod|spd|1\n|\n|-heal|p2a: Big Clod|66\/100|[from] item: Leftovers\n|upkeep\n|turn|11\n|\n|t:|1698374705\n|move|p1a: Gholdengo|Thunder Wave|p2a: Big Clod\n|-immune|p2a: Big Clod\n|move|p2a: Big Clod|Stealth Rock|p1a: Gholdengo\n|-sidestart|p1: 4mage|move: Stealth Rock\n|\n|-heal|p2a: Big Clod|72\/100|[from] item: Leftovers\n|upkeep\n|turn|12\n|\n|t:|1698374709\n|move|p1a: Gholdengo|Confuse Ray|p2a: Big Clod\n|-start|p2a: Big Clod|confusion\n|-activate|p2a: Big Clod|confusion\n|move|p2a: Big Clod|Toxic Spikes|p1a: Gholdengo\n|-sidestart|p1: 4mage|move: Toxic Spikes\n|\n|-heal|p2a: Big Clod|79\/100|[from] item: Leftovers\n|upkeep\n|turn|13\n|\n|t:|1698374718\n|move|p1a: Gholdengo|Flash Cannon|p2a: Big Clod\n|-damage|p2a: Big Clod|48\/100\n|-unboost|p2a: Big Clod|spd|1\n|-activate|p2a: Big Clod|confusion\n|move|p2a: Big Clod|Toxic Spikes|p1a: Gholdengo\n|-sidestart|p1: 4mage|move: Toxic Spikes\n|\n|-heal|p2a: Big Clod|54\/100|[from] item: Leftovers\n|upkeep\n|turn|14\n|\n|t:|1698374725\n|switch|p2a: DC The Don Fan|Iron Treads|100\/100\n|move|p1a: Gholdengo|Flash Cannon|p2a: DC The Don Fan\n|-resisted|p2a: DC The Don Fan\n|-damage|p2a: DC The Don Fan|89\/100\n|\n|upkeep\n|turn|15\n|\n|t:|1698374729\n|move|p1a: Gholdengo|Confuse Ray|p2a: DC The Don Fan\n|-start|p2a: DC The Don Fan|confusion\n|-activate|p2a: DC The Don Fan|confusion\n|move|p2a: DC The Don Fan|Earthquake|p1a: Gholdengo\n|-supereffective|p1a: Gholdengo\n|-damage|p1a: Gholdengo|20\/100\n|\n|upkeep\n|turn|16\n|\n|t:|1698374732\n|move|p1a: Gholdengo|Thunder Wave|p2a: DC The Don Fan\n|-immune|p2a: DC The Don Fan\n|-end|p2a: DC The Don Fan|confusion\n|move|p2a: DC The Don Fan|Volt Switch|p1a: Gholdengo\n|-damage|p1a: Gholdengo|7\/100\n|\n|t:|1698374738\n|-end|p2a: DC The Don Fan|Quark Drive|[silent]\n|switch|p2a: Big Clod|Clodsire, F|54\/100|[from] Volt Switch\n|\n|-heal|p2a: Big Clod|60\/100|[from] item: Leftovers\n|upkeep\n|turn|17\n|\n|t:|1698374746\n|move|p1a: Gholdengo|Confuse Ray|p2a: Big Clod\n|-start|p2a: Big Clod|confusion\n|-activate|p2a: Big Clod|confusion\n|-damage|p2a: Big Clod|51\/100|[from] confusion\n|\n|-heal|p2a: Big Clod|57\/100|[from] item: Leftovers\n|upkeep\n|turn|18\n|\n|t:|1698374753\n|move|p1a: Gholdengo|Thunder Wave|p2a: Big Clod\n|-immune|p2a: Big Clod\n|-end|p2a: Big Clod|confusion\n|move|p2a: Big Clod|Recover|p2a: Big Clod\n|-heal|p2a: Big Clod|100\/100\n|\n|upkeep\n|turn|19\n|\n|t:|1698374757\n|switch|p2a: DC The Don Fan|Iron Treads|89\/100\n|move|p1a: Gholdengo|Confuse Ray|p2a: DC The Don Fan\n|-start|p2a: DC The Don Fan|confusion\n|\n|upkeep\n|turn|20\n|\n|t:|1698374763\n|move|p1a: Gholdengo|Flash Cannon|p2a: DC The Don Fan\n|-resisted|p2a: DC The Don Fan\n|-damage|p2a: DC The Don Fan|77\/100\n|-activate|p2a: DC The Don Fan|confusion\n|move|p2a: DC The Don Fan|Volt Switch|p1a: Gholdengo\n|-damage|p1a: Gholdengo|0 fnt\n|faint|p1a: Gholdengo\n|\n|t:|1698374773\n|-end|p2a: DC The Don Fan|Quark Drive|[silent]\n|switch|p2a: Aloasmfamfoala|Alomomola, M|100\/100|[from] Volt Switch\n|\n|upkeep\n|\n|t:|1698374790\n|switch|p1a: Enamorus|Enamorus-Therian, F|100\/100\n|-damage|p1a: Enamorus|76\/100|[from] Stealth Rock\n|turn|21\n|\n|t:|1698374802\n|-terastallize|p1a: Enamorus|Fairy\n|move|p2a: Aloasmfamfoala|Flip Turn|p1a: Enamorus\n|-damage|p1a: Enamorus|59\/100\n|\n|t:|1698374808\n|switch|p2a: bbno$|Klefki, F|100\/100 par|[from] Flip Turn\n|move|p1a: Enamorus|Moonblast|p2a: bbno$\n|-resisted|p2a: bbno$\n|-damage|p2a: bbno$|68\/100 par\n|\n|-heal|p2a: bbno$|74\/100 par|[from] item: Leftovers\n|upkeep\n|turn|22\n|\n|t:|1698374814\n|move|p2a: bbno$|Thunder Wave|p1a: Enamorus\n|-status|p1a: Enamorus|par\n|move|p1a: Enamorus|Psychic|p2a: bbno$\n|-resisted|p2a: bbno$\n|-damage|p2a: bbno$|60\/100 par\n|\n|-heal|p2a: bbno$|66\/100 par|[from] item: Leftovers\n|upkeep\n|turn|23\n|\n|t:|1698374828\n|switch|p2a: DC The Don Fan|Iron Treads|77\/100\n|move|p1a: Enamorus|Mystical Fire|p2a: DC The Don Fan\n|-supereffective|p2a: DC The Don Fan\n|-damage|p2a: DC The Don Fan|43\/100\n|-unboost|p2a: DC The Don Fan|spa|1\n|\n|upkeep\n|turn|24\n|\n|t:|1698374835\n|move|p2a: DC The Don Fan|Iron Head|p1a: Enamorus\n|-supereffective|p1a: Enamorus\n|-damage|p1a: Enamorus|0 fnt\n|faint|p1a: Enamorus\n|\n|upkeep\n|\n|t:|1698374841\n|switch|p1a: Urshifu|Urshifu, F|100\/100\n|-damage|p1a: Urshifu|76\/100|[from] Spikes\n|-damage|p1a: Urshifu|69\/100|[from] Stealth Rock\n|-status|p1a: Urshifu|tox\n|turn|25\n|\n|t:|1698374846\n|move|p1a: Urshifu|Swords Dance|p1a: Urshifu\n|-boost|p1a: Urshifu|atk|2\n|move|p2a: DC The Don Fan|Volt Switch|p1a: Urshifu\n|-damage|p1a: Urshifu|57\/100 tox\n|\n|t:|1698374850\n|-end|p2a: DC The Don Fan|Quark Drive|[silent]\n|switch|p2a: Rimuru|Ditto, shiny|100\/100|[from] Volt Switch\n|-transform|p2a: Rimuru|p1a: Urshifu|[from] ability: Imposter\n|\n|-heal|p1a: Urshifu|63\/100 tox|[from] item: Leftovers\n|-damage|p1a: Urshifu|57\/100 tox|[from] psn\n|upkeep\n|turn|26\n|c|\u2606Denzel Goat|gg\n|\n|t:|1698374864\n|move|p2a: Rimuru|Wicked Blow|p1a: Urshifu\n|-resisted|p1a: Urshifu\n|-crit|p1a: Urshifu\n|-damage|p1a: Urshifu|29\/100 tox\n|move|p1a: Urshifu|Substitute|p1a: Urshifu\n|-start|p1a: Urshifu|Substitute\n|-damage|p1a: Urshifu|4\/100 tox\n|\n|-heal|p1a: Urshifu|10\/100 tox|[from] item: Leftovers\n|-damage|p1a: Urshifu|0 fnt|[from] psn\n|faint|p1a: Urshifu\n|upkeep\n|\n|t:|1698374875\n|switch|p1a: Ludicolo|Ludicolo, F|100\/100\n|-damage|p1a: Ludicolo|75\/100|[from] Spikes\n|-damage|p1a: Ludicolo|63\/100|[from] Stealth Rock\n|-status|p1a: Ludicolo|tox\n|turn|27\n|\n|t:|1698374877\n|move|p2a: Rimuru|Wicked Blow|p1a: Ludicolo\n|-crit|p1a: Ludicolo\n|-damage|p1a: Ludicolo|0 fnt\n|faint|p1a: Ludicolo\n|\n|upkeep\n|\n|t:|1698374880\n|switch|p1a: Volcarona|Volcarona, F|100\/100\n|-damage|p1a: Volcarona|76\/100|[from] Spikes\n|-damage|p1a: Volcarona|26\/100|[from] Stealth Rock\n|-status|p1a: Volcarona|tox\n|turn|28\n|\n|t:|1698374887\n|move|p2a: Rimuru|Wicked Blow|p1a: Volcarona\n|-crit|p1a: Volcarona\n|-damage|p1a: Volcarona|0 fnt\n|-status|p2a: Rimuru|brn|[from] ability: Flame Body|[of] p1a: Volcarona\n|faint|p1a: Volcarona\n|\n|win|Denzel Goat\n|raw|4mage's rating: 1045 &rarr; <strong>1033<\/strong><br \/>(-12 for losing)\n|raw|Denzel Goat's rating: 1141 &rarr; <strong>1159<\/strong><br \/>(+18 for winning)\n|l|\u26064mage\n","uploadtime":1698374894,"views":12,"p1id":"4mage","p2id":"denzelgoat","formatid":"gen9ubers","rating":1033,"private":0,"password":""}