{"id":"gen9ubers-1996036643","p1":"Natfloco","p2":"chienpao041203","format":"[Gen 9] Ubers","log":"|j|\u2606Natfloco\n|j|\u2606chienpao041203\n|t:|1700633143\n|gametype|singles\n|player|p1|Natfloco|266|1059\n|player|p2|chienpao041203|lucas|1077\n|teamsize|p1|6\n|teamsize|p2|6\n|gen|9\n|tier|[Gen 9] Ubers\n|rated|\n|rule|Sleep Clause Mod: Limit one foe put to sleep\n|rule|Species Clause: Limit one of each Pok\u00e9mon\n|rule|OHKO Clause: OHKO moves are banned\n|rule|Evasion Items Clause: Evasion items are banned\n|rule|Evasion Moves Clause: Evasion moves are banned\n|rule|Endless Battle Clause: Forcing endless battles is banned\n|rule|HP Percentage Mod: HP is shown in percentages\n|clearpoke\n|poke|p1|Annihilape, F|\n|poke|p1|Arceus-Ground|\n|poke|p1|Flutter Mane|\n|poke|p1|Baxcalibur, F|\n|poke|p1|Rayquaza|\n|poke|p1|Magearna|\n|poke|p2|Miraidon|\n|poke|p2|Arceus|\n|poke|p2|Groudon|\n|poke|p2|Dialga|\n|poke|p2|Zacian-*|\n|poke|p2|Chien-Pao|\n|teampreview\n|\n|t:|1700633162\n|start\n|switch|p1a: Rayquaza|Rayquaza|100\/100\n|switch|p2a: Groudon|Groudon|100\/100\n|-ability|p1a: Rayquaza|Air Lock\n|-weather|SunnyDay|[from] ability: Drought|[of] p2a: Groudon\n|turn|1\n|\n|t:|1700633173\n|move|p1a: Rayquaza|Stealth Rock|p2a: Groudon\n|-sidestart|p2: chienpao041203|move: Stealth Rock\n|move|p2a: Groudon|Fling|p1a: Rayquaza\n|-damage|p1a: Rayquaza|89\/100\n|-status|p1a: Rayquaza|par\n|-enditem|p2a: Groudon|Light Ball|[from] move: Fling\n|\n|-weather|SunnyDay|[upkeep]\n|upkeep\n|turn|2\n|\n|t:|1700633183\n|move|p2a: Groudon|Stealth Rock|p1a: Rayquaza\n|-sidestart|p1: Natfloco|move: Stealth Rock\n|move|p1a: Rayquaza|Draco Meteor|p2a: Groudon\n|-damage|p2a: Groudon|51\/100\n|-unboost|p1a: Rayquaza|spa|2\n|\n|-weather|SunnyDay|[upkeep]\n|upkeep\n|turn|3\n|\n|t:|1700633193\n|move|p2a: Groudon|Rock Tomb|p1a: Rayquaza\n|-supereffective|p1a: Rayquaza\n|-crit|p1a: Rayquaza\n|-damage|p1a: Rayquaza|15\/100 par\n|-unboost|p1a: Rayquaza|spe|1\n|move|p1a: Rayquaza|Dragon Ascent|p2a: Groudon\n|-damage|p2a: Groudon|13\/100\n|-unboost|p1a: Rayquaza|def|1\n|-unboost|p1a: Rayquaza|spd|1\n|\n|-weather|SunnyDay|[upkeep]\n|upkeep\n|turn|4\n|\n|t:|1700633204\n|move|p1a: Rayquaza|Extreme Speed|p2a: Groudon\n|-damage|p2a: Groudon|0 fnt\n|faint|p2a: Groudon\n|\n|-weather|SunnyDay|[upkeep]\n|upkeep\n|\n|t:|1700633218\n|switch|p2a: Chien-Pao|Chien-Pao|100\/100\n|-damage|p2a: Chien-Pao|76\/100|[from] Stealth Rock\n|-ability|p2a: Chien-Pao|Sword of Ruin\n|turn|5\n|\n|t:|1700633224\n|move|p1a: Rayquaza|Extreme Speed|p2a: Chien-Pao\n|-damage|p2a: Chien-Pao|38\/100\n|move|p2a: Chien-Pao|Crunch|p1a: Rayquaza\n|-damage|p1a: Rayquaza|0 fnt\n|faint|p1a: Rayquaza\n|\n|-weather|none\n|upkeep\n|\n|t:|1700633237\n|switch|p1a: Magearna|Magearna|100\/100\n|-damage|p1a: Magearna|94\/100|[from] Stealth Rock\n|turn|6\n|\n|t:|1700633247\n|move|p2a: Chien-Pao|Sacred Sword|p1a: Magearna\n|-damage|p1a: Magearna|74\/100\n|move|p1a: Magearna|Calm Mind|p1a: Magearna\n|-boost|p1a: Magearna|spa|1\n|-boost|p1a: Magearna|spd|1\n|\n|-heal|p1a: Magearna|80\/100|[from] item: Leftovers\n|upkeep\n|turn|7\n|\n|t:|1700633263\n|move|p2a: Chien-Pao|Sacred Sword|p1a: Magearna\n|-damage|p1a: Magearna|59\/100\n|move|p1a: Magearna|Iron Defense|p1a: Magearna\n|-boost|p1a: Magearna|def|2\n|\n|-heal|p1a: Magearna|65\/100|[from] item: Leftovers\n|upkeep\n|turn|8\n|\n|t:|1700633279\n|move|p2a: Chien-Pao|Sacred Sword|p1a: Magearna\n|-damage|p1a: Magearna|43\/100\n|move|p1a: Magearna|Draining Kiss|p2a: Chien-Pao\n|-supereffective|p2a: Chien-Pao\n|-damage|p2a: Chien-Pao|0 fnt\n|-heal|p1a: Magearna|67\/100|[from] drain|[of] p2a: Chien-Pao\n|faint|p2a: Chien-Pao\n|-ability|p1a: Magearna|Soul-Heart|boost\n|-boost|p1a: Magearna|spa|1\n|\n|-heal|p1a: Magearna|73\/100|[from] item: Leftovers\n|upkeep\n|\n|t:|1700633293\n|switch|p2a: Miraidon|Miraidon|100\/100\n|-damage|p2a: Miraidon|88\/100|[from] Stealth Rock\n|-fieldstart|move: Electric Terrain|[from] ability: Hadron Engine|[of] p2a: Miraidon\n|turn|9\n|\n|t:|1700633300\n|move|p2a: Miraidon|Overheat|p1a: Magearna\n|-supereffective|p1a: Magearna\n|-damage|p1a: Magearna|6\/100\n|-unboost|p2a: Miraidon|spa|2\n|move|p1a: Magearna|Draining Kiss|p2a: Miraidon\n|-supereffective|p2a: Miraidon\n|-damage|p2a: Miraidon|18\/100\n|-heal|p1a: Magearna|56\/100|[from] drain|[of] p2a: Miraidon\n|\n|-heal|p1a: Magearna|62\/100|[from] item: Leftovers\n|upkeep\n|turn|10\n|\n|t:|1700633311\n|move|p2a: Miraidon|Overheat|p1a: Magearna\n|-supereffective|p1a: Magearna\n|-damage|p1a: Magearna|26\/100\n|-unboost|p2a: Miraidon|spa|2\n|move|p1a: Magearna|Calm Mind|p1a: Magearna\n|-boost|p1a: Magearna|spa|1\n|-boost|p1a: Magearna|spd|1\n|\n|-heal|p1a: Magearna|32\/100|[from] item: Leftovers\n|upkeep\n|turn|11\n|\n|t:|1700633322\n|move|p2a: Miraidon|Overheat|p1a: Magearna\n|-supereffective|p1a: Magearna\n|-damage|p1a: Magearna|16\/100\n|-unboost|p2a: Miraidon|spa|2\n|move|p1a: Magearna|Draining Kiss|p2a: Miraidon\n|-supereffective|p2a: Miraidon\n|-damage|p2a: Miraidon|0 fnt\n|-heal|p1a: Magearna|28\/100|[from] drain|[of] p2a: Miraidon\n|faint|p2a: Miraidon\n|-ability|p1a: Magearna|Soul-Heart|boost\n|-boost|p1a: Magearna|spa|1\n|\n|-heal|p1a: Magearna|34\/100|[from] item: Leftovers\n|upkeep\n|\n|t:|1700633337\n|switch|p2a: Zacian|Zacian-Crowned|100\/100\n|-damage|p2a: Zacian|94\/100|[from] Stealth Rock\n|-ability|p2a: Zacian|Intrepid Sword|boost\n|-boost|p2a: Zacian|atk|1\n|turn|12\n|\n|t:|1700633346\n|move|p2a: Zacian|Behemoth Blade|p1a: Magearna\n|-damage|p1a: Magearna|5\/100\n|move|p1a: Magearna|Stored Power|p2a: Zacian\n|-resisted|p2a: Zacian\n|-damage|p2a: Zacian|32\/100\n|\n|-heal|p1a: Magearna|12\/100|[from] item: Leftovers\n|upkeep\n|turn|13\n|\n|t:|1700633355\n|move|p2a: Zacian|Behemoth Blade|p1a: Magearna\n|-damage|p1a: Magearna|0 fnt\n|faint|p1a: Magearna\n|\n|-fieldend|move: Electric Terrain\n|upkeep\n|\n|t:|1700633361\n|switch|p1a: Arceus|Arceus-Ground|100\/100\n|-damage|p1a: Arceus|94\/100|[from] Stealth Rock\n|turn|14\n|\n|t:|1700633368\n|move|p1a: Arceus|Judgment|p2a: Zacian\n|-supereffective|p2a: Zacian\n|-damage|p2a: Zacian|0 fnt\n|faint|p2a: Zacian\n|\n|upkeep\n|\n|t:|1700633375\n|switch|p2a: Dialga|Dialga|100\/100\n|-damage|p2a: Dialga|94\/100|[from] Stealth Rock\n|-ability|p2a: Dialga|Pressure\n|turn|15\n|\n|t:|1700633388\n|move|p1a: Arceus|Calm Mind|p1a: Arceus\n|-boost|p1a: Arceus|spa|1\n|-boost|p1a: Arceus|spd|1\n|move|p2a: Dialga|Thunderbolt|p1a: Arceus\n|-immune|p1a: Arceus\n|\n|upkeep\n|turn|16\n|\n|t:|1700633397\n|move|p1a: Arceus|Calm Mind|p1a: Arceus\n|-boost|p1a: Arceus|spa|1\n|-boost|p1a: Arceus|spd|1\n|move|p2a: Dialga|Ice Beam|p1a: Arceus\n|-supereffective|p1a: Arceus\n|-damage|p1a: Arceus|70\/100\n|\n|upkeep\n|turn|17\n|\n|t:|1700633404\n|-terastallize|p1a: Arceus|Poison\n|move|p1a: Arceus|Calm Mind|p1a: Arceus\n|-boost|p1a: Arceus|spa|1\n|-boost|p1a: Arceus|spd|1\n|move|p2a: Dialga|Ice Beam|p1a: Arceus\n|-damage|p1a: Arceus|61\/100\n|\n|upkeep\n|turn|18\n|\n|t:|1700633414\n|switch|p2a: Arceus|Arceus|100\/100\n|-damage|p2a: Arceus|88\/100|[from] Stealth Rock\n|move|p1a: Arceus|Judgment|p2a: Arceus\n|-damage|p2a: Arceus|4\/100\n|\n|upkeep\n|turn|19\n|\n|t:|1700633425\n|-terastallize|p2a: Arceus|Normal\n|move|p2a: Arceus|Extreme Speed|p1a: Arceus\n|-damage|p1a: Arceus|16\/100\n|-damage|p2a: Arceus|0 fnt|[from] item: Life Orb\n|faint|p2a: Arceus\n|move|p1a: Arceus|Judgment|p2: Arceus|[notarget]\n|-fail|p1a: Arceus\n|\n|upkeep\n|-message|chienpao041203 forfeited.\n|\n|win|Natfloco\n|raw|Natfloco's rating: 1059 &rarr; <strong>1092<\/strong><br \/>(+33 for winning)\n|raw|chienpao041203's rating: 1077 &rarr; <strong>1054<\/strong><br \/>(-23 for losing)\n|l|\u2606chienpao041203\n","uploadtime":1700633438,"views":7,"p1id":"natfloco","p2id":"chienpao041203","formatid":"gen9ubers","rating":1054,"private":0,"password":""}