{"id":"gen9ubers-1992534800","p1":"WAGAMAMAH","p2":"DrBeak101","format":"[Gen 9] Ubers","log":"|j|\u2606WAGAMAMAH\n|j|\u2606DrBeak101\n|t:|1700201210\n|gametype|singles\n|player|p1|WAGAMAMAH|steven|1124\n|player|p2|DrBeak101|scientist-gen4|1166\n|teamsize|p1|6\n|teamsize|p2|6\n|gen|9\n|tier|[Gen 9] Ubers\n|rated|\n|rule|Sleep Clause Mod: Limit one foe put to sleep\n|rule|Species Clause: Limit one of each Pok\u00e9mon\n|rule|OHKO Clause: OHKO moves are banned\n|rule|Evasion Items Clause: Evasion items are banned\n|rule|Evasion Moves Clause: Evasion moves are banned\n|rule|Endless Battle Clause: Forcing endless battles is banned\n|rule|HP Percentage Mod: HP is shown in percentages\n|clearpoke\n|poke|p1|Ogerpon-Hearthflame, F|\n|poke|p1|Forretress, M|\n|poke|p1|Regieleki|\n|poke|p1|Roaring Moon|\n|poke|p1|Flutter Mane|\n|poke|p1|Espathra, F|\n|poke|p2|Garganacl, F|\n|poke|p2|Baxcalibur, M|\n|poke|p2|Ursaluna, M|\n|poke|p2|Gliscor, M|\n|poke|p2|Heatran, M|\n|poke|p2|Chi-Yu|\n|teampreview\n|inactive|Battle timer is ON: inactive players will automatically lose when time's up. (requested by WAGAMAMAH)\n|inactive|WAGAMAMAH has 120 seconds left.\n|\n|t:|1700201242\n|start\n|switch|p1a: Jive Turkey|Espathra, F, shiny|100\/100\n|switch|p2a: Eruptor|Heatran, M, shiny|100\/100\n|turn|1\n|\n|t:|1700201258\n|move|p1a: Jive Turkey|Substitute|p1a: Jive Turkey\n|-start|p1a: Jive Turkey|Substitute\n|-damage|p1a: Jive Turkey|76\/100\n|move|p2a: Eruptor|Magma Storm|p1a: Jive Turkey|[miss]\n|-miss|p2a: Eruptor|p1a: Jive Turkey\n|\n|-heal|p1a: Jive Turkey|82\/100|[from] item: Leftovers\n|-ability|p1a: Jive Turkey|Speed Boost|boost\n|-boost|p1a: Jive Turkey|spe|1\n|upkeep\n|turn|2\n|\n|t:|1700201269\n|switch|p2a: Aisugojira|Baxcalibur, M, shiny|100\/100\n|move|p1a: Jive Turkey|Calm Mind|p1a: Jive Turkey\n|-boost|p1a: Jive Turkey|spa|1\n|-boost|p1a: Jive Turkey|spd|1\n|\n|-heal|p1a: Jive Turkey|88\/100|[from] item: Leftovers\n|-ability|p1a: Jive Turkey|Speed Boost|boost\n|-boost|p1a: Jive Turkey|spe|1\n|upkeep\n|turn|3\n|\n|t:|1700201284\n|-terastallize|p2a: Aisugojira|Water\n|move|p1a: Jive Turkey|Calm Mind|p1a: Jive Turkey\n|-boost|p1a: Jive Turkey|spa|1\n|-boost|p1a: Jive Turkey|spd|1\n|move|p2a: Aisugojira|Icicle Spear|p1a: Jive Turkey\n|-activate|p1a: Jive Turkey|move: Substitute|[damage]\n|-end|p1a: Jive Turkey|Substitute\n|-crit|p1a: Jive Turkey\n|-damage|p1a: Jive Turkey|55\/100\n|-crit|p1a: Jive Turkey\n|-damage|p1a: Jive Turkey|22\/100\n|-hitcount|p1a: Jive Turkey|4\n|\n|-heal|p1a: Jive Turkey|28\/100|[from] item: Leftovers\n|-ability|p1a: Jive Turkey|Speed Boost|boost\n|-boost|p1a: Jive Turkey|spe|1\n|upkeep\n|turn|4\n|\n|t:|1700201302\n|move|p2a: Aisugojira|Ice Shard|p1a: Jive Turkey\n|-damage|p1a: Jive Turkey|0 fnt\n|faint|p1a: Jive Turkey\n|\n|upkeep\n|inactive|WAGAMAMAH has 120 seconds left.\n|\n|t:|1700201315\n|switch|p1a: Classic Rock|Forretress, M|100\/100\n|turn|5\n|\n|t:|1700201323\n|move|p2a: Aisugojira|Swords Dance|p2a: Aisugojira\n|-boost|p2a: Aisugojira|atk|2\n|move|p1a: Classic Rock|Toxic Spikes|p2a: Aisugojira\n|-sidestart|p2: DrBeak101|move: Toxic Spikes\n|\n|upkeep\n|turn|6\n|\n|t:|1700201334\n|move|p2a: Aisugojira|Swords Dance|p2a: Aisugojira\n|-boost|p2a: Aisugojira|atk|2\n|move|p1a: Classic Rock|Sunny Day|p1a: Classic Rock\n|-weather|SunnyDay\n|\n|-weather|SunnyDay|[upkeep]\n|upkeep\n|turn|7\n|\n|t:|1700201342\n|move|p2a: Aisugojira|Icicle Spear|p1a: Classic Rock\n|-resisted|p1a: Classic Rock\n|-crit|p1a: Classic Rock\n|-damage|p1a: Classic Rock|84\/100\n|-resisted|p1a: Classic Rock\n|-damage|p1a: Classic Rock|73\/100\n|-resisted|p1a: Classic Rock\n|-damage|p1a: Classic Rock|61\/100\n|-resisted|p1a: Classic Rock\n|-damage|p1a: Classic Rock|49\/100\n|-resisted|p1a: Classic Rock\n|-damage|p1a: Classic Rock|37\/100\n|-hitcount|p1a: Classic Rock|5\n|move|p1a: Classic Rock|Toxic Spikes|p2a: Aisugojira\n|-sidestart|p2: DrBeak101|move: Toxic Spikes\n|\n|-weather|SunnyDay|[upkeep]\n|upkeep\n|turn|8\n|\n|t:|1700201361\n|move|p2a: Aisugojira|Icicle Spear|p1a: Classic Rock\n|-resisted|p1a: Classic Rock\n|-damage|p1a: Classic Rock|25\/100\n|-resisted|p1a: Classic Rock\n|-damage|p1a: Classic Rock|14\/100\n|-resisted|p1a: Classic Rock\n|-damage|p1a: Classic Rock|2\/100\n|-resisted|p1a: Classic Rock\n|-damage|p1a: Classic Rock|0 fnt\n|faint|p1a: Classic Rock\n|-hitcount|p1: Classic Rock|4\n|\n|-weather|SunnyDay|[upkeep]\n|upkeep\n|inactive|WAGAMAMAH has 120 seconds left.\n|\n|t:|1700201378\n|switch|p1a: Pixie Dust|Flutter Mane, shiny|100\/100\n|-activate|p1a: Pixie Dust|ability: Protosynthesis\n|-start|p1a: Pixie Dust|protosynthesisspe\n|turn|9\n|\n|t:|1700201385\n|move|p2a: Aisugojira|Ice Shard|p1a: Pixie Dust\n|-damage|p1a: Pixie Dust|0 fnt\n|faint|p1a: Pixie Dust\n|-end|p1a: Pixie Dust|Protosynthesis|[silent]\n|\n|-weather|SunnyDay|[upkeep]\n|upkeep\n|-message|WAGAMAMAH forfeited.\n|\n|win|DrBeak101\n|raw|WAGAMAMAH's rating: 1124 &rarr; <strong>1102<\/strong><br \/>(-22 for losing)\n|raw|DrBeak101's rating: 1166 &rarr; <strong>1188<\/strong><br \/>(+22 for winning)\n|l|\u2606WAGAMAMAH\n","uploadtime":1700201399,"views":7,"p1id":"wagamamah","p2id":"drbeak101","formatid":"gen9ubers","rating":1102,"private":0,"password":""}