{"id":"gen9ubers-1984305522","p1":"instanthole","p2":"Pinescrone","format":"[Gen 9] Ubers","log":"|j|\u2606instanthole\n|j|\u2606Pinescrone\n|t:|1699241431\n|gametype|singles\n|player|p1|instanthole|2|1161\n|player|p2|Pinescrone|cilan|1111\n|teamsize|p1|6\n|teamsize|p2|6\n|gen|9\n|tier|[Gen 9] Ubers\n|rated|\n|rule|Sleep Clause Mod: Limit one foe put to sleep\n|rule|Species Clause: Limit one of each Pok\u00e9mon\n|rule|OHKO Clause: OHKO moves are banned\n|rule|Evasion Items Clause: Evasion items are banned\n|rule|Evasion Moves Clause: Evasion moves are banned\n|rule|Endless Battle Clause: Forcing endless battles is banned\n|rule|HP Percentage Mod: HP is shown in percentages\n|clearpoke\n|poke|p1|Groudon|\n|poke|p1|Flutter Mane|\n|poke|p1|Chi-Yu|\n|poke|p1|Urshifu-*, M|\n|poke|p1|Arceus-Ground|\n|poke|p1|Ursaluna-Bloodmoon, M|\n|poke|p2|Dondozo, M|\n|poke|p2|Samurott-Hisui, F|\n|poke|p2|Gholdengo|\n|poke|p2|Gliscor, F|\n|poke|p2|Zoroark-Hisui, F|\n|poke|p2|Great Tusk|\n|teampreview\n|inactive|Battle timer is ON: inactive players will automatically lose when time's up. (requested by instanthole)\n|\n|t:|1699241438\n|start\n|switch|p1a: Groudon|Groudon|100\/100\n|switch|p2a: Samurott|Samurott-Hisui, F, shiny|100\/100\n|-weather|SunnyDay|[from] ability: Drought|[of] p1a: Groudon\n|turn|1\n|\n|t:|1699241452\n|move|p2a: Samurott|Ceaseless Edge|p1a: Groudon\n|-damage|p1a: Groudon|76\/100\n|-sidestart|p1: instanthole|Spikes\n|move|p1a: Groudon|Will-O-Wisp|p2a: Samurott\n|-status|p2a: Samurott|brn\n|\n|-weather|SunnyDay|[upkeep]\n|-heal|p1a: Groudon|82\/100|[from] item: Leftovers\n|-damage|p2a: Samurott|94\/100 brn|[from] brn\n|upkeep\n|turn|2\n|\n|t:|1699241463\n|move|p2a: Samurott|Ceaseless Edge|p1a: Groudon\n|-damage|p1a: Groudon|70\/100\n|-sidestart|p1: instanthole|Spikes\n|move|p1a: Groudon|Bulk Up|p1a: Groudon\n|-boost|p1a: Groudon|atk|1\n|-boost|p1a: Groudon|def|1\n|\n|-weather|SunnyDay|[upkeep]\n|-heal|p1a: Groudon|76\/100|[from] item: Leftovers\n|-damage|p2a: Samurott|88\/100 brn|[from] brn\n|upkeep\n|turn|3\n|\n|t:|1699241478\n|move|p2a: Samurott|Waterfall|p1a: Groudon\n|-supereffective|p1a: Groudon\n|-damage|p1a: Groudon|69\/100\n|move|p1a: Groudon|Bulk Up|p1a: Groudon\n|-boost|p1a: Groudon|atk|1\n|-boost|p1a: Groudon|def|1\n|\n|-weather|SunnyDay|[upkeep]\n|-heal|p1a: Groudon|75\/100|[from] item: Leftovers\n|-damage|p2a: Samurott|82\/100 brn|[from] brn\n|upkeep\n|turn|4\n|\n|t:|1699241490\n|move|p2a: Samurott|Ceaseless Edge|p1a: Groudon\n|-damage|p1a: Groudon|69\/100\n|-sidestart|p1: instanthole|Spikes\n|move|p1a: Groudon|Bulk Up|p1a: Groudon\n|-boost|p1a: Groudon|atk|1\n|-boost|p1a: Groudon|def|1\n|\n|-weather|SunnyDay|[upkeep]\n|-heal|p1a: Groudon|75\/100|[from] item: Leftovers\n|-damage|p2a: Samurott|76\/100 brn|[from] brn\n|upkeep\n|turn|5\n|\n|t:|1699241504\n|move|p2a: Samurott|Knock Off|p1a: Groudon\n|-damage|p1a: Groudon|70\/100\n|-enditem|p1a: Groudon|Leftovers|[from] move: Knock Off|[of] p2a: Samurott\n|move|p1a: Groudon|Precipice Blades|p2a: Samurott\n|-damage|p2a: Samurott|0 fnt\n|faint|p2a: Samurott\n|\n|-weather|none\n|upkeep\n|\n|t:|1699241514\n|switch|p2a: Dondozo|Dondozo, M|100\/100\n|turn|6\n|\n|t:|1699241519\n|move|p1a: Groudon|Will-O-Wisp|p2a: Dondozo\n|-status|p2a: Dondozo|brn\n|move|p2a: Dondozo|Curse|p2a: Dondozo\n|-unboost|p2a: Dondozo|spe|1\n|-boost|p2a: Dondozo|atk|1\n|-boost|p2a: Dondozo|def|1\n|\n|-damage|p2a: Dondozo|94\/100 brn|[from] brn\n|upkeep\n|turn|7\n|\n|t:|1699241531\n|move|p1a: Groudon|Precipice Blades|p2a: Dondozo\n|-damage|p2a: Dondozo|65\/100 brn\n|move|p2a: Dondozo|Curse|p2a: Dondozo\n|-unboost|p2a: Dondozo|spe|1\n|-boost|p2a: Dondozo|atk|1\n|-boost|p2a: Dondozo|def|1\n|\n|-heal|p2a: Dondozo|71\/100 brn|[from] item: Leftovers\n|-damage|p2a: Dondozo|65\/100 brn|[from] brn\n|upkeep\n|turn|8\n|\n|t:|1699241542\n|move|p1a: Groudon|Precipice Blades|p2a: Dondozo\n|-damage|p2a: Dondozo|41\/100 brn\n|move|p2a: Dondozo|Curse|p2a: Dondozo\n|-unboost|p2a: Dondozo|spe|1\n|-boost|p2a: Dondozo|atk|1\n|-boost|p2a: Dondozo|def|1\n|\n|-heal|p2a: Dondozo|47\/100 brn|[from] item: Leftovers\n|-damage|p2a: Dondozo|41\/100 brn|[from] brn\n|upkeep\n|turn|9\n|\n|t:|1699241553\n|move|p1a: Groudon|Precipice Blades|p2a: Dondozo\n|-damage|p2a: Dondozo|21\/100 brn\n|move|p2a: Dondozo|Curse|p2a: Dondozo\n|-unboost|p2a: Dondozo|spe|1\n|-boost|p2a: Dondozo|atk|1\n|-boost|p2a: Dondozo|def|1\n|\n|-heal|p2a: Dondozo|27\/100 brn|[from] item: Leftovers\n|-damage|p2a: Dondozo|21\/100 brn|[from] brn\n|upkeep\n|turn|10\n|\n|t:|1699241566\n|-terastallize|p2a: Dondozo|Grass\n|move|p1a: Groudon|Precipice Blades|p2a: Dondozo\n|-resisted|p2a: Dondozo\n|-damage|p2a: Dondozo|14\/100 brn\n|move|p2a: Dondozo|Rest|p2a: Dondozo\n|-status|p2a: Dondozo|slp|[from] move: Rest\n|-heal|p2a: Dondozo|100\/100 slp|[silent]\n|\n|upkeep\n|turn|11\n|\n|t:|1699241581\n|switch|p1a: Urshifu|Urshifu-Rapid-Strike, M|100\/100\n|-damage|p1a: Urshifu|76\/100|[from] Spikes\n|cant|p2a: Dondozo|slp\n|move|p2a: Dondozo|Sleep Talk|p2a: Dondozo\n|move|p2a: Dondozo|Liquidation|p1a: Urshifu|[from]move: Sleep Talk\n|-resisted|p1a: Urshifu\n|-damage|p1a: Urshifu|32\/100\n|\n|upkeep\n|turn|12\n|\n|t:|1699241592\n|move|p1a: Urshifu|U-turn|p2a: Dondozo\n|-supereffective|p2a: Dondozo\n|-damage|p2a: Dondozo|91\/100 slp\n|\n|t:|1699241596\n|switch|p1a: Groudon|Groudon|70\/100|[from] U-turn\n|-damage|p1a: Groudon|45\/100|[from] Spikes\n|-weather|SunnyDay|[from] ability: Drought|[of] p1a: Groudon\n|cant|p2a: Dondozo|slp\n|move|p2a: Dondozo|Sleep Talk|p2a: Dondozo\n|move|p2a: Dondozo|Liquidation|p1a: Groudon|[from]move: Sleep Talk\n|-supereffective|p1a: Groudon\n|-damage|p1a: Groudon|0 fnt\n|faint|p1a: Groudon\n|\n|-weather|SunnyDay|[upkeep]\n|-heal|p2a: Dondozo|97\/100 slp|[from] item: Leftovers\n|upkeep\n|\n|t:|1699241612\n|switch|p1a: Chi-Yu|Chi-Yu|100\/100\n|-damage|p1a: Chi-Yu|76\/100|[from] Spikes\n|-ability|p1a: Chi-Yu|Beads of Ruin\n|turn|13\n|\n|t:|1699241620\n|-terastallize|p1a: Chi-Yu|Fire\n|move|p1a: Chi-Yu|Overheat|p2a: Dondozo\n|-supereffective|p2a: Dondozo\n|-damage|p2a: Dondozo|0 fnt\n|-unboost|p1a: Chi-Yu|spa|2\n|faint|p2a: Dondozo\n|\n|-weather|SunnyDay|[upkeep]\n|upkeep\n|\n|t:|1699241636\n|switch|p2a: Great Tusk|Great Tusk|100\/100\n|turn|14\n|\n|t:|1699241645\n|switch|p1a: Urshifu|Urshifu-Rapid-Strike, M|32\/100\n|-damage|p1a: Urshifu|7\/100|[from] Spikes\n|move|p2a: Great Tusk|Trick|p1a: Urshifu\n|-activate|p2a: Great Tusk|move: Trick|[of] p1a: Urshifu\n|-item|p1a: Urshifu|Choice Specs|[from] move: Trick\n|-item|p2a: Great Tusk|Choice Scarf|[from] move: Trick\n|\n|-weather|SunnyDay|[upkeep]\n|upkeep\n|turn|15\n|\n|t:|1699241667\n|move|p2a: Great Tusk|Shadow Ball|p1a: Urshifu\n|-crit|p1a: Urshifu\n|-damage|p1a: Urshifu|0 fnt\n|faint|p1a: Urshifu\n|\n|-weather|SunnyDay|[upkeep]\n|upkeep\n|\n|t:|1699241680\n|switch|p1a: Chi-Yu|Chi-Yu, tera:Fire|76\/100\n|-damage|p1a: Chi-Yu|51\/100|[from] Spikes\n|-ability|p1a: Chi-Yu|Beads of Ruin\n|turn|16\n|\n|t:|1699241690\n|switch|p2a: Great Tusk|Great Tusk|100\/100\n|-activate|p2a: Great Tusk|ability: Protosynthesis\n|-start|p2a: Great Tusk|protosynthesisatk\n|move|p1a: Chi-Yu|Lava Plume|p2a: Great Tusk\n|-damage|p2a: Great Tusk|0 fnt\n|faint|p2a: Great Tusk\n|-end|p2a: Great Tusk|Protosynthesis|[silent]\n|\n|-weather|none\n|upkeep\n|\n|t:|1699241704\n|switch|p2a: Gliscor|Gliscor, F|100\/100\n|turn|17\n|\n|t:|1699241718\n|move|p2a: Gliscor|Shadow Ball|p1a: Chi-Yu\n|-damage|p1a: Chi-Yu|0 fnt\n|faint|p1a: Chi-Yu\n|\n|upkeep\n|\n|t:|1699241724\n|switch|p1a: Flutter Mane|Flutter Mane|100\/100\n|-damage|p1a: Flutter Mane|76\/100|[from] Spikes\n|turn|18\n|\n|t:|1699241733\n|move|p2a: Gliscor|Shadow Ball|p1a: Flutter Mane\n|-supereffective|p1a: Flutter Mane\n|-damage|p1a: Flutter Mane|0 fnt\n|faint|p1a: Flutter Mane\n|-end|p1a: Flutter Mane|Protosynthesis|[silent]\n|\n|upkeep\n|\n|t:|1699241740\n|switch|p1a: Ursaluna|Ursaluna-Bloodmoon, M|100\/100\n|-damage|p1a: Ursaluna|76\/100|[from] Spikes\n|turn|19\n|\n|t:|1699241750\n|move|p2a: Gliscor|Shadow Ball|p1a: Ursaluna\n|-immune|p1a: Ursaluna\n|move|p1a: Ursaluna|Calm Mind|p1a: Ursaluna\n|-boost|p1a: Ursaluna|spa|1\n|-boost|p1a: Ursaluna|spd|1\n|\n|-heal|p1a: Ursaluna|82\/100|[from] item: Leftovers\n|upkeep\n|turn|20\n|\n|t:|1699241765\n|switch|p2a: Gliscor|Gliscor, F|100\/100\n|move|p1a: Ursaluna|Calm Mind|p1a: Ursaluna\n|-boost|p1a: Ursaluna|spa|1\n|-boost|p1a: Ursaluna|spd|1\n|\n|-heal|p1a: Ursaluna|88\/100|[from] item: Leftovers\n|-status|p2a: Gliscor|tox|[from] item: Toxic Orb\n|upkeep\n|turn|21\n|\n|t:|1699241784\n|move|p2a: Gliscor|Knock Off|p1a: Ursaluna\n|-damage|p1a: Ursaluna|77\/100\n|-enditem|p1a: Ursaluna|Leftovers|[from] move: Knock Off|[of] p2a: Gliscor\n|move|p1a: Ursaluna|Calm Mind|p1a: Ursaluna\n|-boost|p1a: Ursaluna|spa|1\n|-boost|p1a: Ursaluna|spd|1\n|\n|upkeep\n|turn|22\n|\n|t:|1699241799\n|move|p2a: Gliscor|Protect|p2a: Gliscor\n|-singleturn|p2a: Gliscor|Protect\n|move|p1a: Ursaluna|Blood Moon|p2a: Gliscor\n|-activate|p2a: Gliscor|move: Protect\n|\n|upkeep\n|turn|23\n|inactive|instanthole has 120 seconds left.\n|\n|t:|1699241834\n|switch|p2a: Gholdengo|Gholdengo|100\/100\n|-item|p2a: Gholdengo|Air Balloon\n|move|p1a: Ursaluna|Moonlight|p1a: Ursaluna\n|-heal|p1a: Ursaluna|100\/100\n|\n|upkeep\n|turn|24\n|inactive|instanthole has 120 seconds left.\n|\n|t:|1699241843\n|move|p1a: Ursaluna|Vacuum Wave|p2a: Gholdengo\n|-supereffective|p2a: Gholdengo\n|-damage|p2a: Gholdengo|27\/100\n|-enditem|p2a: Gholdengo|Air Balloon\n|move|p2a: Gholdengo|Nasty Plot|p2a: Gholdengo\n|-boost|p2a: Gholdengo|spa|2\n|\n|upkeep\n|turn|25\n|\n|t:|1699241856\n|move|p2a: Gholdengo|Shadow Ball|p1a: Ursaluna\n|-immune|p1a: Ursaluna\n|move|p1a: Ursaluna|Calm Mind|p1a: Ursaluna\n|-boost|p1a: Ursaluna|spa|1\n|-boost|p1a: Ursaluna|spd|1\n|\n|upkeep\n|turn|26\n|\n|t:|1699241868\n|move|p1a: Ursaluna|Vacuum Wave|p2a: Gholdengo\n|-supereffective|p2a: Gholdengo\n|-crit|p2a: Gholdengo\n|-damage|p2a: Gholdengo|0 fnt\n|faint|p2a: Gholdengo\n|\n|upkeep\n|\n|t:|1699241878\n|switch|p2a: Gliscor|Gliscor, F|100\/100\n|turn|27\n|\n|t:|1699241887\n|move|p2a: Gliscor|Trick|p1a: Ursaluna\n|-activate|p2a: Gliscor|move: Trick|[of] p1a: Ursaluna\n|-item|p1a: Ursaluna|Choice Scarf|[from] move: Trick\n|-enditem|p2a: Gliscor|Choice Scarf|[silent]|[from] move: Trick\n|move|p1a: Ursaluna|Blood Moon|p2a: Gliscor\n|-damage|p2a: Gliscor|0 fnt\n|replace|p2a: Zoroark|Zoroark-Hisui, F\n|-end|p2a: Zoroark|Illusion\n|faint|p2a: Zoroark\n|\n|upkeep\n|\n|t:|1699241896\n|switch|p2a: Gliscor|Gliscor, F|100\/100 tox\n|turn|28\n|\n|t:|1699241903\n|move|p2a: Gliscor|Swords Dance|p2a: Gliscor\n|-boost|p2a: Gliscor|atk|2\n|-activate|p1a: Ursaluna|move: Struggle\n|move|p1a: Ursaluna|Struggle|p2a: Gliscor\n|-damage|p2a: Gliscor|97\/100 tox\n|-damage|p1a: Ursaluna|75\/100|[from] recoil\n|\n|-heal|p2a: Gliscor|100\/100 tox|[from] ability: Poison Heal\n|upkeep\n|turn|29\n|\n|t:|1699241913\n|move|p2a: Gliscor|Protect|p2a: Gliscor\n|-singleturn|p2a: Gliscor|Protect\n|move|p1a: Ursaluna|Blood Moon|p2a: Gliscor\n|-activate|p2a: Gliscor|move: Protect\n|\n|upkeep\n|turn|30\n|\n|t:|1699241920\n|switch|p1a: Arceus|Arceus-Ground|100\/100\n|-damage|p1a: Arceus|76\/100|[from] Spikes\n|move|p2a: Gliscor|Swords Dance|p2a: Gliscor\n|-boost|p2a: Gliscor|atk|2\n|\n|upkeep\n|turn|31\n|\n|t:|1699241938\n|move|p1a: Arceus|Extreme Speed|p2a: Gliscor\n|-damage|p2a: Gliscor|84\/100 tox\n|move|p2a: Gliscor|Knock Off|p1a: Arceus\n|-damage|p1a: Arceus|40\/100\n|\n|-heal|p2a: Gliscor|97\/100 tox|[from] ability: Poison Heal\n|upkeep\n|turn|32\n|\n|t:|1699241962\n|move|p1a: Arceus|Recover|p1a: Arceus\n|-heal|p1a: Arceus|91\/100\n|move|p2a: Gliscor|Earthquake|p1a: Arceus\n|-damage|p1a: Arceus|12\/100\n|\n|-heal|p2a: Gliscor|100\/100 tox|[from] ability: Poison Heal\n|upkeep\n|turn|33\n|\n|t:|1699241974\n|move|p1a: Arceus|Extreme Speed|p2a: Gliscor\n|-damage|p2a: Gliscor|82\/100 tox\n|move|p2a: Gliscor|Earthquake|p1a: Arceus\n|-damage|p1a: Arceus|0 fnt\n|faint|p1a: Arceus\n|\n|-heal|p2a: Gliscor|95\/100 tox|[from] ability: Poison Heal\n|upkeep\n|\n|t:|1699241984\n|switch|p1a: Ursaluna|Ursaluna-Bloodmoon, M|75\/100\n|-damage|p1a: Ursaluna|50\/100|[from] Spikes\n|turn|34\n|\n|t:|1699241989\n|move|p2a: Gliscor|Protect|p2a: Gliscor\n|-singleturn|p2a: Gliscor|Protect\n|move|p1a: Ursaluna|Vacuum Wave|p2a: Gliscor\n|-activate|p2a: Gliscor|move: Protect\n|\n|-heal|p2a: Gliscor|100\/100 tox|[from] ability: Poison Heal\n|upkeep\n|turn|35\n|\n|t:|1699242000\n|move|p1a: Ursaluna|Vacuum Wave|p2a: Gliscor\n|-resisted|p2a: Gliscor\n|-damage|p2a: Gliscor|94\/100 tox\n|move|p2a: Gliscor|Earthquake|p1a: Ursaluna\n|-damage|p1a: Ursaluna|5\/100\n|\n|-heal|p2a: Gliscor|100\/100 tox|[from] ability: Poison Heal\n|upkeep\n|turn|36\n|-message|instanthole forfeited.\n|\n|win|Pinescrone\n|raw|instanthole's rating: 1161 &rarr; <strong>1132<\/strong><br \/>(-29 for losing)\n|raw|Pinescrone's rating: 1111 &rarr; <strong>1140<\/strong><br \/>(+29 for winning)\n|l|\u2606instanthole\n|l|\u2606Pinescrone\n|j|\u2606Pinescrone\n|player|p2|Pinescrone|cilan\n","uploadtime":1699242051,"views":4,"p1id":"instanthole","p2id":"pinescrone","formatid":"gen9ubers","rating":1132,"private":0,"password":""}