{"id":"gen9ubers-1970933238","p1":"Dillanspyxword","p2":"whirlygigabyte","format":"[Gen 9] Ubers","log":"|j|\u2606Dillanspyxword\n|j|\u2606whirlygigabyte\n|t:|1697682306\n|gametype|singles\n|player|p1|Dillanspyxword|hilbert-wonderlauncher|1220\n|player|p2|whirlygigabyte|bugcatcher-gen4dp|1210\n|teamsize|p1|6\n|teamsize|p2|6\n|gen|9\n|tier|[Gen 9] Ubers\n|rated|\n|rule|Sleep Clause Mod: Limit one foe put to sleep\n|rule|Species Clause: Limit one of each Pok\u00e9mon\n|rule|OHKO Clause: OHKO moves are banned\n|rule|Evasion Items Clause: Evasion items are banned\n|rule|Evasion Moves Clause: Evasion moves are banned\n|rule|Endless Battle Clause: Forcing endless battles is banned\n|rule|HP Percentage Mod: HP is shown in percentages\n|clearpoke\n|poke|p1|Giratina|\n|poke|p1|Palkia-Origin|\n|poke|p1|Kyogre|\n|poke|p1|Dialga|\n|poke|p1|Forretress, M|\n|poke|p1|Ogerpon-Hearthflame, F|\n|poke|p2|Skeledirge, M|\n|poke|p2|Koraidon|\n|poke|p2|Flutter Mane|\n|poke|p2|Great Tusk|\n|poke|p2|Ogerpon-Hearthflame, F|\n|poke|p2|Volcarona, M|\n|teampreview\n|inactive|Battle timer is ON: inactive players will automatically lose when time's up. (requested by whirlygigabyte)\n|\n|t:|1697682311\n|start\n|switch|p1a: Forretress|Forretress, M|100\/100\n|switch|p2a: Flutter Mane|Flutter Mane|100\/100\n|turn|1\n|\n|t:|1697682314\n|move|p2a: Flutter Mane|Mystical Fire|p1a: Forretress\n|-supereffective|p1a: Forretress\n|-ability|p1a: Forretress|Sturdy\n|-damage|p1a: Forretress|1\/100\n|-unboost|p1a: Forretress|spa|1\n|move|p1a: Forretress|Stealth Rock|p2a: Flutter Mane\n|-sidestart|p2: whirlygigabyte|move: Stealth Rock\n|\n|upkeep\n|turn|2\n|-enditem|p1a: Forretress|Custap Berry|[eat]\n|-activate|p1a: Forretress|item: Custap Berry|[consumed]\n|\n|t:|1697682322\n|move|p1a: Forretress|Spikes|p2a: Flutter Mane\n|-sidestart|p2: whirlygigabyte|Spikes\n|move|p2a: Flutter Mane|Mystical Fire|p1a: Forretress\n|-supereffective|p1a: Forretress\n|-damage|p1a: Forretress|0 fnt\n|faint|p1a: Forretress\n|\n|upkeep\n|\n|t:|1697682339\n|switch|p1a: Dialga|Dialga|100\/100\n|-ability|p1a: Dialga|Pressure\n|turn|3\n|\n|t:|1697682342\n|move|p1a: Dialga|Dragon Pulse|p2a: Flutter Mane\n|-immune|p2a: Flutter Mane\n|move|p2a: Flutter Mane|Mystical Fire|p1a: Dialga\n|-damage|p1a: Dialga|62\/100\n|-unboost|p1a: Dialga|spa|1\n|\n|upkeep\n|turn|4\n|c|\u2606Dillanspyxword|I f0rg0t it was a fairy type 1ma0\n|\n|t:|1697682362\n|switch|p1a: Ogerpon|Ogerpon-Hearthflame, F|100\/100\n|-ability|p1a: Ogerpon|Mold Breaker\n|move|p2a: Flutter Mane|Mystical Fire|p1a: Ogerpon\n|-damage|p1a: Ogerpon|50\/100\n|-unboost|p1a: Ogerpon|spa|1\n|\n|upkeep\n|turn|5\n|\n|t:|1697682369\n|move|p2a: Flutter Mane|Mystical Fire|p1a: Ogerpon\n|-damage|p1a: Ogerpon|3\/100\n|-unboost|p1a: Ogerpon|spa|1\n|move|p1a: Ogerpon|Leech Seed|p2a: Flutter Mane\n|-start|p2a: Flutter Mane|move: Leech Seed\n|\n|-damage|p2a: Flutter Mane|88\/100|[from] Leech Seed|[of] p1a: Ogerpon\n|-heal|p1a: Ogerpon|14\/100|[silent]\n|upkeep\n|turn|6\n|\n|t:|1697682376\n|switch|p1a: Giratina|Giratina|100\/100\n|-ability|p1a: Giratina|Pressure\n|move|p2a: Flutter Mane|Mystical Fire|p1a: Giratina\n|-resisted|p1a: Giratina\n|-damage|p1a: Giratina|91\/100\n|-unboost|p1a: Giratina|spa|1\n|\n|-heal|p1a: Giratina|98\/100|[from] item: Leftovers\n|-damage|p2a: Flutter Mane|76\/100|[from] Leech Seed|[of] p1a: Giratina\n|-heal|p1a: Giratina|100\/100|[silent]\n|upkeep\n|turn|7\n|\n|t:|1697682385\n|-end|p2a: Flutter Mane|Protosynthesis|[silent]\n|switch|p2a: Koraidon|Koraidon|100\/100\n|-damage|p2a: Koraidon|94\/100|[from] Stealth Rock\n|-damage|p2a: Koraidon|82\/100|[from] Spikes\n|-weather|SunnyDay|[from] ability: Orichalcum Pulse|[of] p2a: Koraidon\n|-activate|p2a: Koraidon|Orichalcum Pulse|[source]\n|move|p1a: Giratina|Will-O-Wisp|p2a: Koraidon|[miss]\n|-miss|p1a: Giratina|p2a: Koraidon\n|\n|-weather|SunnyDay|[upkeep]\n|upkeep\n|turn|8\n|\n|t:|1697682390\n|move|p2a: Koraidon|U-turn|p1a: Giratina\n|-resisted|p1a: Giratina\n|-damage|p1a: Giratina|91\/100\n|\n|t:|1697682397\n|switch|p2a: Ogerpon|Ogerpon-Hearthflame, F|100\/100|[from] U-turn\n|-damage|p2a: Ogerpon|76\/100|[from] Stealth Rock\n|-damage|p2a: Ogerpon|63\/100|[from] Spikes\n|-ability|p2a: Ogerpon|Mold Breaker\n|move|p1a: Giratina|Will-O-Wisp|p2a: Ogerpon|[miss]\n|-miss|p1a: Giratina|p2a: Ogerpon\n|\n|-weather|SunnyDay|[upkeep]\n|-heal|p1a: Giratina|97\/100|[from] item: Leftovers\n|upkeep\n|turn|9\n|\n|t:|1697682406\n|switch|p1a: Ogerpon|Ogerpon-Hearthflame, F|14\/100\n|-ability|p1a: Ogerpon|Mold Breaker\n|move|p2a: Ogerpon|Swords Dance|p2a: Ogerpon\n|-boost|p2a: Ogerpon|atk|2\n|\n|-weather|SunnyDay|[upkeep]\n|upkeep\n|turn|10\n|\n|t:|1697682410\n|move|p2a: Ogerpon|Knock Off|p1a: Ogerpon\n|-damage|p1a: Ogerpon|0 fnt\n|faint|p1a: Ogerpon\n|\n|-weather|SunnyDay|[upkeep]\n|upkeep\n|\n|t:|1697682418\n|switch|p1a: Dialga|Dialga|62\/100\n|-ability|p1a: Dialga|Pressure\n|turn|11\n|\n|t:|1697682420\n|move|p1a: Dialga|Fire Blast|p2a: Ogerpon\n|-damage|p2a: Ogerpon|0 fnt\n|faint|p2a: Ogerpon\n|\n|-weather|none\n|upkeep\n|\n|t:|1697682425\n|switch|p2a: Great Tusk|Great Tusk|100\/100\n|turn|12\n|\n|t:|1697682429\n|switch|p1a: Giratina|Giratina|97\/100\n|-ability|p1a: Giratina|Pressure\n|move|p2a: Great Tusk|Knock Off|p1a: Giratina\n|-supereffective|p1a: Giratina\n|-damage|p1a: Giratina|61\/100\n|-enditem|p1a: Giratina|Leftovers|[from] move: Knock Off|[of] p2a: Great Tusk\n|\n|upkeep\n|turn|13\n|\n|t:|1697682432\n|move|p2a: Great Tusk|Ice Spinner|p1a: Giratina\n|-supereffective|p1a: Giratina\n|-damage|p1a: Giratina|26\/100\n|move|p1a: Giratina|Will-O-Wisp|p2a: Great Tusk\n|-status|p2a: Great Tusk|brn\n|\n|-damage|p2a: Great Tusk|94\/100 brn|[from] brn\n|upkeep\n|turn|14\n|\n|t:|1697682441\n|move|p2a: Great Tusk|Ice Spinner|p1a: Giratina\n|-supereffective|p1a: Giratina\n|-damage|p1a: Giratina|10\/100\n|move|p1a: Giratina|Rest|p1a: Giratina\n|-status|p1a: Giratina|slp|[from] move: Rest\n|-heal|p1a: Giratina|100\/100 slp|[silent]\n|\n|-damage|p2a: Great Tusk|88\/100 brn|[from] brn\n|upkeep\n|turn|15\n|\n|t:|1697682447\n|-end|p2a: Great Tusk|Protosynthesis|[silent]\n|switch|p2a: Flutter Mane|Flutter Mane|76\/100\n|-damage|p2a: Flutter Mane|63\/100|[from] Stealth Rock\n|-damage|p2a: Flutter Mane|51\/100|[from] Spikes\n|cant|p1a: Giratina|slp\n|\n|upkeep\n|turn|16\n|\n|t:|1697682450\n|move|p2a: Flutter Mane|Moonblast|p1a: Giratina\n|-supereffective|p1a: Giratina\n|-damage|p1a: Giratina|31\/100 slp\n|-unboost|p1a: Giratina|spa|1\n|cant|p1a: Giratina|slp\n|\n|upkeep\n|turn|17\n|\n|t:|1697682453\n|move|p2a: Flutter Mane|Moonblast|p1a: Giratina\n|-supereffective|p1a: Giratina\n|-damage|p1a: Giratina|0 fnt\n|faint|p1a: Giratina\n|\n|upkeep\n|\n|t:|1697682463\n|switch|p1a: Kyogre|Kyogre|100\/100\n|-weather|RainDance|[from] ability: Drizzle|[of] p1a: Kyogre\n|turn|18\n|\n|t:|1697682465\n|move|p1a: Kyogre|Water Spout|p2a: Flutter Mane\n|-damage|p2a: Flutter Mane|0 fnt\n|faint|p2a: Flutter Mane\n|-end|p2a: Flutter Mane|Protosynthesis|[silent]\n|\n|-weather|RainDance|[upkeep]\n|upkeep\n|\n|t:|1697682468\n|switch|p2a: Koraidon|Koraidon|82\/100\n|-damage|p2a: Koraidon|76\/100|[from] Stealth Rock\n|-damage|p2a: Koraidon|64\/100|[from] Spikes\n|-weather|SunnyDay|[from] ability: Orichalcum Pulse|[of] p2a: Koraidon\n|-activate|p2a: Koraidon|Orichalcum Pulse|[source]\n|turn|19\n|\n|t:|1697682471\n|switch|p1a: Palkia|Palkia-Origin|100\/100\n|-ability|p1a: Palkia|Pressure\n|move|p2a: Koraidon|U-turn|p1a: Palkia\n|-damage|p1a: Palkia|65\/100\n|\n|t:|1697682476\n|switch|p2a: Great Tusk|Great Tusk|88\/100 brn|[from] U-turn\n|-activate|p2a: Great Tusk|ability: Protosynthesis\n|-start|p2a: Great Tusk|protosynthesisatk\n|\n|-weather|SunnyDay|[upkeep]\n|-damage|p2a: Great Tusk|82\/100 brn|[from] brn\n|upkeep\n|turn|20\n|\n|t:|1697682480\n|move|p1a: Palkia|Hydro Pump|p2a: Great Tusk\n|-supereffective|p2a: Great Tusk\n|-damage|p2a: Great Tusk|0 fnt\n|faint|p2a: Great Tusk\n|-end|p2a: Great Tusk|Protosynthesis|[silent]\n|\n|-weather|SunnyDay|[upkeep]\n|upkeep\n|\n|t:|1697682486\n|switch|p2a: Koraidon|Koraidon|64\/100\n|-damage|p2a: Koraidon|57\/100|[from] Stealth Rock\n|-damage|p2a: Koraidon|45\/100|[from] Spikes\n|-activate|p2a: Koraidon|ability: Orichalcum Pulse\n|turn|21\n|\n|t:|1697682492\n|move|p2a: Koraidon|Dragon Claw|p1a: Palkia\n|-supereffective|p1a: Palkia\n|-damage|p1a: Palkia|0 fnt\n|faint|p1a: Palkia\n|\n|-weather|SunnyDay|[upkeep]\n|upkeep\n|\n|t:|1697682496\n|switch|p1a: Dialga|Dialga|62\/100\n|-ability|p1a: Dialga|Pressure\n|turn|22\n|\n|t:|1697682499\n|switch|p2a: Skeledirge|Skeledirge, M|100\/100\n|-damage|p2a: Skeledirge|75\/100|[from] Stealth Rock\n|-damage|p2a: Skeledirge|63\/100|[from] Spikes\n|move|p1a: Dialga|Dragon Pulse|p2a: Skeledirge\n|-damage|p2a: Skeledirge|27\/100\n|\n|-weather|SunnyDay|[upkeep]\n|-heal|p2a: Skeledirge|33\/100|[from] item: Leftovers\n|upkeep\n|turn|23\n|\n|t:|1697682506\n|move|p1a: Dialga|Dragon Pulse|p2a: Skeledirge\n|-damage|p2a: Skeledirge|0 fnt\n|faint|p2a: Skeledirge\n|\n|-weather|none\n|upkeep\n|\n|t:|1697682513\n|switch|p2a: Koraidon|Koraidon|45\/100\n|-damage|p2a: Koraidon|39\/100|[from] Stealth Rock\n|-damage|p2a: Koraidon|27\/100|[from] Spikes\n|-weather|SunnyDay|[from] ability: Orichalcum Pulse|[of] p2a: Koraidon\n|-activate|p2a: Koraidon|Orichalcum Pulse|[source]\n|turn|24\n|\n|t:|1697682519\n|move|p2a: Koraidon|Collision Course|p1a: Dialga\n|-supereffective|p1a: Dialga\n|-damage|p1a: Dialga|0 fnt\n|faint|p1a: Dialga\n|\n|-weather|SunnyDay|[upkeep]\n|upkeep\n|\n|t:|1697682522\n|switch|p1a: Kyogre|Kyogre|100\/100\n|-weather|RainDance|[from] ability: Drizzle|[of] p1a: Kyogre\n|turn|25\n|\n|t:|1697682525\n|move|p2a: Koraidon|Collision Course|p1a: Kyogre\n|-damage|p1a: Kyogre|45\/100\n|move|p1a: Kyogre|Water Spout|p2a: Koraidon\n|-resisted|p2a: Koraidon\n|-damage|p2a: Koraidon|0 fnt\n|faint|p2a: Koraidon\n|\n|-weather|RainDance|[upkeep]\n|upkeep\n|\n|t:|1697682531\n|switch|p2a: Volcarona|Volcarona, M|100\/100\n|-damage|p2a: Volcarona|51\/100|[from] Stealth Rock\n|-damage|p2a: Volcarona|38\/100|[from] Spikes\n|turn|26\n|c|\u2606whirlygigabyte|Gg\n|c|\u2606Dillanspyxword|gg\n|-message|whirlygigabyte forfeited.\n|\n|win|Dillanspyxword\n|raw|Dillanspyxword's rating: 1220 &rarr; <strong>1244<\/strong><br \/>(+24 for winning)\n|raw|whirlygigabyte's rating: 1210 &rarr; <strong>1186<\/strong><br \/>(-24 for losing)\n|l|\u2606whirlygigabyte\n|j|\u2606whirlygigabyte\n|player|p2|whirlygigabyte|bugcatcher-gen4dp\n|l|\u2606whirlygigabyte\n|player|p2|\n|j|\u2606whirlygigabyte\n|player|p2|whirlygigabyte|bugcatcher-gen4dp\n|l|\u2606whirlygigabyte\n|player|p2|\n","uploadtime":1697682564,"views":9,"p1id":"dillanspyxword","p2id":"whirlygigabyte","formatid":"gen9ubers","rating":1186,"private":0,"password":""}