{"id":"gen9ubers-1984194584","p1":"hattrickk","p2":"Supwill0048","format":"[Gen 9] Ubers","log":"|j|\u2606hattrickk\n|j|\u2606Supwill0048\n|t:|1699228787\n|gametype|singles\n|player|p1|hattrickk|dawn-gen4pt|\n|player|p2|Supwill0048|hiker-gen4|\n|teamsize|p1|6\n|teamsize|p2|6\n|gen|9\n|tier|[Gen 9] Ubers\n|rule|Sleep Clause Mod: Limit one foe put to sleep\n|rule|Species Clause: Limit one of each Pok\u00e9mon\n|rule|OHKO Clause: OHKO moves are banned\n|rule|Evasion Items Clause: Evasion items are banned\n|rule|Evasion Moves Clause: Evasion moves are banned\n|rule|Endless Battle Clause: Forcing endless battles is banned\n|rule|HP Percentage Mod: HP is shown in percentages\n|clearpoke\n|poke|p1|Hatterene, F|\n|poke|p1|Dragonite, F|\n|poke|p1|Baxcalibur, M|\n|poke|p1|Shaymin-Sky|\n|poke|p1|Masquerain, F|\n|poke|p1|Pelipper, M|\n|poke|p2|Torkoal, M|\n|poke|p2|Flutter Mane|\n|poke|p2|Roaring Moon|\n|poke|p2|Bellibolt, M|\n|poke|p2|Brute Bonnet|\n|poke|p2|Great Tusk|\n|teampreview\n|\n|t:|1699228848\n|start\n|switch|p1a: Masquerain|Masquerain, F|100\/100\n|switch|p2a: Torkoal|Torkoal, M|100\/100\n|-ability|p1a: Masquerain|Intimidate|boost\n|-unboost|p2a: Torkoal|atk|1\n|-weather|SunnyDay|[from] ability: Drought|[of] p2a: Torkoal\n|turn|1\n|\n|t:|1699228859\n|move|p1a: Masquerain|Sticky Web|p2a: Torkoal\n|-sidestart|p2: Supwill0048|move: Sticky Web\n|move|p2a: Torkoal|Stealth Rock|p1a: Masquerain\n|-sidestart|p1: hattrickk|move: Stealth Rock\n|\n|-weather|SunnyDay|[upkeep]\n|upkeep\n|turn|2\n|\n|t:|1699228880\n|move|p1a: Masquerain|Quiver Dance|p1a: Masquerain\n|-boost|p1a: Masquerain|spa|1\n|-boost|p1a: Masquerain|spd|1\n|-boost|p1a: Masquerain|spe|1\n|move|p2a: Torkoal|Rapid Spin|p1a: Masquerain\n|-damage|p1a: Masquerain|88\/100\n|-boost|p2a: Torkoal|spe|1\n|-sideend|p2: Supwill0048|Sticky Web|[from] move: Rapid Spin|[of] p2a: Torkoal\n|\n|-weather|SunnyDay|[upkeep]\n|upkeep\n|turn|3\n|\n|t:|1699228893\n|move|p1a: Masquerain|Sticky Web|p2a: Torkoal\n|-sidestart|p2: Supwill0048|move: Sticky Web\n|move|p2a: Torkoal|Flamethrower|p1a: Masquerain\n|-supereffective|p1a: Masquerain\n|-crit|p1a: Masquerain\n|-damage|p1a: Masquerain|0 fnt\n|faint|p1a: Masquerain\n|\n|-weather|SunnyDay|[upkeep]\n|upkeep\n|\n|t:|1699228920\n|switch|p1a: Dragonite|Dragonite, F|100\/100\n|-damage|p1a: Dragonite|76\/100|[from] Stealth Rock\n|turn|4\n|\n|t:|1699228928\n|switch|p2a: Great Tusk|Great Tusk|100\/100\n|-activate|p2a: Great Tusk|move: Sticky Web\n|-unboost|p2a: Great Tusk|spe|1\n|-activate|p2a: Great Tusk|ability: Protosynthesis\n|-start|p2a: Great Tusk|protosynthesisdef\n|move|p1a: Dragonite|Dragon Dance|p1a: Dragonite\n|-boost|p1a: Dragonite|atk|1\n|-boost|p1a: Dragonite|spe|1\n|\n|-weather|SunnyDay|[upkeep]\n|upkeep\n|turn|5\n|\n|t:|1699228947\n|move|p1a: Dragonite|Dragon Dance|p1a: Dragonite\n|-boost|p1a: Dragonite|atk|1\n|-boost|p1a: Dragonite|spe|1\n|move|p2a: Great Tusk|Ice Spinner|p1a: Dragonite\n|-supereffective|p1a: Dragonite\n|-damage|p1a: Dragonite|0 fnt\n|faint|p1a: Dragonite\n|\n|-weather|SunnyDay|[upkeep]\n|upkeep\n|\n|t:|1699228959\n|switch|p1a: Shaymin|Shaymin-Sky, shiny|100\/100\n|-damage|p1a: Shaymin|76\/100|[from] Stealth Rock\n|turn|6\n|\n|t:|1699228978\n|move|p1a: Shaymin|Air Slash|p2a: Great Tusk\n|-supereffective|p2a: Great Tusk\n|-damage|p2a: Great Tusk|0 fnt\n|faint|p2a: Great Tusk\n|-end|p2a: Great Tusk|Protosynthesis|[silent]\n|-damage|p1a: Shaymin|66\/100|[from] item: Life Orb\n|\n|-weather|SunnyDay|[upkeep]\n|upkeep\n|\n|t:|1699228992\n|switch|p2a: Brute Bonnet|Brute Bonnet|100\/100\n|-activate|p2a: Brute Bonnet|move: Sticky Web\n|-unboost|p2a: Brute Bonnet|spe|1\n|-activate|p2a: Brute Bonnet|ability: Protosynthesis\n|-start|p2a: Brute Bonnet|protosynthesisatk\n|turn|7\n|\n|t:|1699229006\n|-terastallize|p2a: Brute Bonnet|Electric\n|move|p1a: Shaymin|Air Slash|p2a: Brute Bonnet\n|-resisted|p2a: Brute Bonnet\n|-damage|p2a: Brute Bonnet|78\/100\n|-damage|p1a: Shaymin|56\/100|[from] item: Life Orb\n|cant|p2a: Brute Bonnet|flinch\n|\n|-weather|SunnyDay|[upkeep]\n|-heal|p2a: Brute Bonnet|85\/100|[from] item: Leftovers\n|upkeep\n|turn|8\n|\n|t:|1699229019\n|move|p1a: Shaymin|Earth Power|p2a: Brute Bonnet\n|-supereffective|p2a: Brute Bonnet\n|-damage|p2a: Brute Bonnet|20\/100\n|-unboost|p2a: Brute Bonnet|spd|1\n|-damage|p1a: Shaymin|46\/100|[from] item: Life Orb\n|move|p2a: Brute Bonnet|Tera Blast|p1a: Shaymin|[anim] Tera Blast Electric\n|-damage|p1a: Shaymin|0 fnt\n|faint|p1a: Shaymin\n|\n|-weather|none\n|-end|p2a: Brute Bonnet|Protosynthesis\n|-heal|p2a: Brute Bonnet|26\/100|[from] item: Leftovers\n|upkeep\n|\n|t:|1699229036\n|switch|p1a: Baxcalibur|Baxcalibur, M|100\/100\n|-damage|p1a: Baxcalibur|76\/100|[from] Stealth Rock\n|turn|9\n|\n|t:|1699229053\n|move|p2a: Brute Bonnet|Sucker Punch||[still]\n|-fail|p2a: Brute Bonnet\n|move|p1a: Baxcalibur|Dragon Dance|p1a: Baxcalibur\n|-boost|p1a: Baxcalibur|atk|1\n|-boost|p1a: Baxcalibur|spe|1\n|\n|-heal|p2a: Brute Bonnet|32\/100|[from] item: Leftovers\n|upkeep\n|turn|10\n|\n|t:|1699229061\n|move|p1a: Baxcalibur|Dragon Dance|p1a: Baxcalibur\n|-boost|p1a: Baxcalibur|atk|1\n|-boost|p1a: Baxcalibur|spe|1\n|move|p2a: Brute Bonnet|Outrage|p1a: Baxcalibur\n|-supereffective|p1a: Baxcalibur\n|-damage|p1a: Baxcalibur|0 fnt\n|faint|p1a: Baxcalibur\n|\n|-heal|p2a: Brute Bonnet|38\/100|[from] item: Leftovers\n|upkeep\n|\n|t:|1699229069\n|switch|p1a: Hatterene|Hatterene, F|100\/100\n|turn|11\n|\n|t:|1699229078\n|move|p1a: Hatterene|Calm Mind|p1a: Hatterene\n|-boost|p1a: Hatterene|spa|1\n|-boost|p1a: Hatterene|spd|1\n|move|p2a: Brute Bonnet|Outrage|p1a: Hatterene|[from]lockedmove\n|-immune|p1a: Hatterene\n|-start|p2a: Brute Bonnet|confusion|[fatigue]\n|\n|-heal|p2a: Brute Bonnet|44\/100|[from] item: Leftovers\n|upkeep\n|turn|12\n|\n|t:|1699229107\n|-end|p2a: Brute Bonnet|Protosynthesis|[silent]\n|switch|p2a: Torkoal|Torkoal, M|100\/100\n|-activate|p2a: Torkoal|move: Sticky Web\n|-unboost|p2a: Torkoal|spe|1\n|-weather|SunnyDay|[from] ability: Drought|[of] p2a: Torkoal\n|move|p1a: Hatterene|Calm Mind|p1a: Hatterene\n|-boost|p1a: Hatterene|spa|1\n|-boost|p1a: Hatterene|spd|1\n|\n|-weather|SunnyDay|[upkeep]\n|upkeep\n|turn|13\n|\n|t:|1699229172\n|move|p1a: Hatterene|Draining Kiss|p2a: Torkoal\n|-resisted|p2a: Torkoal\n|-damage|p2a: Torkoal|75\/100\n|move|p2a: Torkoal|Rapid Spin|p1a: Hatterene\n|-damage|p1a: Hatterene|91\/100\n|-boost|p2a: Torkoal|spe|1\n|-sideend|p2: Supwill0048|Sticky Web|[from] move: Rapid Spin|[of] p2a: Torkoal\n|\n|-weather|SunnyDay|[upkeep]\n|upkeep\n|turn|14\n|\n|t:|1699229183\n|move|p1a: Hatterene|Psyshock|p2a: Torkoal\n|-damage|p2a: Torkoal|29\/100\n|move|p2a: Torkoal|Will-O-Wisp|p1a: Hatterene\n|move|p1a: Hatterene|Will-O-Wisp|p2a: Torkoal|[from]ability: Magic Bounce\n|-immune|p2a: Torkoal\n|\n|-weather|SunnyDay|[upkeep]\n|upkeep\n|turn|15\n|\n|t:|1699229205\n|switch|p2a: Roaring Moon|Roaring Moon|100\/100\n|-activate|p2a: Roaring Moon|ability: Protosynthesis\n|-start|p2a: Roaring Moon|protosynthesisatk\n|move|p1a: Hatterene|Calm Mind|p1a: Hatterene\n|-boost|p1a: Hatterene|spa|1\n|-boost|p1a: Hatterene|spd|1\n|-enditem|p2a: Roaring Moon|Mirror Herb\n|-boost|p2a: Roaring Moon|spa|1|[from] item: Mirror Herb\n|-boost|p2a: Roaring Moon|spd|1|[from] item: Mirror Herb\n|\n|-weather|SunnyDay|[upkeep]\n|upkeep\n|turn|16\n|\n|t:|1699229219\n|move|p2a: Roaring Moon|U-turn|p1a: Hatterene\n|-damage|p1a: Hatterene|63\/100\n|\n|t:|1699229222\n|-end|p2a: Roaring Moon|Protosynthesis|[silent]\n|switch|p2a: Bellibolt|Bellibolt, M|100\/100|[from] U-turn\n|move|p1a: Hatterene|Draining Kiss|p2a: Bellibolt\n|-damage|p2a: Bellibolt|41\/100\n|-heal|p1a: Hatterene|100\/100|[from] drain|[of] p2a: Bellibolt\n|-start|p2a: Bellibolt|Charge|Draining Kiss|[from] ability: Electromorphosis\n|\n|-weather|SunnyDay|[upkeep]\n|-heal|p2a: Bellibolt|47\/100|[from] item: Leftovers\n|upkeep\n|turn|17\n|\n|t:|1699229236\n|move|p2a: Bellibolt|Volt Switch|p1a: Hatterene\n|-damage|p1a: Hatterene|72\/100\n|-end|p2a: Bellibolt|Charge|[silent]\n|\n|t:|1699229248\n|switch|p2a: Flutter Mane|Flutter Mane|100\/100|[from] Volt Switch\n|-activate|p2a: Flutter Mane|ability: Protosynthesis\n|-start|p2a: Flutter Mane|protosynthesisspa\n|move|p1a: Hatterene|Draining Kiss|p2a: Flutter Mane\n|-damage|p2a: Flutter Mane|42\/100\n|-heal|p1a: Hatterene|100\/100|[from] drain|[of] p2a: Flutter Mane\n|\n|-weather|SunnyDay|[upkeep]\n|upkeep\n|turn|18\n|\n|t:|1699229279\n|move|p2a: Flutter Mane|Moonblast|p1a: Hatterene\n|-damage|p1a: Hatterene|51\/100\n|move|p1a: Hatterene|Draining Kiss|p2a: Flutter Mane\n|-damage|p2a: Flutter Mane|0 fnt\n|-heal|p1a: Hatterene|76\/100|[from] drain|[of] p2a: Flutter Mane\n|faint|p2a: Flutter Mane\n|-end|p2a: Flutter Mane|Protosynthesis|[silent]\n|\n|-weather|SunnyDay|[upkeep]\n|upkeep\n|\n|t:|1699229290\n|switch|p2a: Brute Bonnet|Brute Bonnet, tera:Electric|44\/100\n|-activate|p2a: Brute Bonnet|ability: Protosynthesis\n|-start|p2a: Brute Bonnet|protosynthesisatk\n|turn|19\n|\n|t:|1699229297\n|move|p2a: Brute Bonnet|Tera Blast|p1a: Hatterene|[anim] Tera Blast Electric\n|-damage|p1a: Hatterene|30\/100\n|move|p1a: Hatterene|Draining Kiss|p2a: Brute Bonnet\n|-damage|p2a: Brute Bonnet|0 fnt\n|-heal|p1a: Hatterene|70\/100|[from] drain|[of] p2a: Brute Bonnet\n|faint|p2a: Brute Bonnet\n|-end|p2a: Brute Bonnet|Protosynthesis|[silent]\n|\n|-weather|none\n|upkeep\n|\n|t:|1699229307\n|switch|p2a: Roaring Moon|Roaring Moon|100\/100\n|turn|20\n|\n|t:|1699229317\n|move|p2a: Roaring Moon|Iron Head|p1a: Hatterene\n|-supereffective|p1a: Hatterene\n|-damage|p1a: Hatterene|25\/100\n|cant|p1a: Hatterene|flinch\n|\n|upkeep\n|turn|21\n|c|\u2606hattrickk|flinch won it 4 u\n|\n|t:|1699229346\n|move|p2a: Roaring Moon|Iron Head|p1a: Hatterene\n|-supereffective|p1a: Hatterene\n|-damage|p1a: Hatterene|0 fnt\n|faint|p1a: Hatterene\n|\n|upkeep\n|\n|t:|1699229349\n|switch|p1a: Pelipper|Pelipper, M|100\/100\n|-damage|p1a: Pelipper|76\/100|[from] Stealth Rock\n|-weather|RainDance|[from] ability: Drizzle|[of] p1a: Pelipper\n|turn|22\n|\n|t:|1699229361\n|-end|p2a: Roaring Moon|Protosynthesis|[silent]\n|switch|p2a: Torkoal|Torkoal, M|29\/100\n|-weather|SunnyDay|[from] ability: Drought|[of] p2a: Torkoal\n|move|p1a: Pelipper|Ice Beam|p2a: Torkoal\n|-resisted|p2a: Torkoal\n|-damage|p2a: Torkoal|14\/100\n|\n|-weather|SunnyDay|[upkeep]\n|upkeep\n|turn|23\n|\n|t:|1699229378\n|move|p1a: Pelipper|Ice Beam|p2a: Torkoal\n|-resisted|p2a: Torkoal\n|-damage|p2a: Torkoal|0 fnt\n|faint|p2a: Torkoal\n|\n|-weather|SunnyDay|[upkeep]\n|upkeep\n|\n|t:|1699229389\n|switch|p2a: Bellibolt|Bellibolt, M|47\/100\n|turn|24\n|\n|t:|1699229396\n|move|p1a: Pelipper|Ice Beam|p2a: Bellibolt\n|-damage|p2a: Bellibolt|20\/100\n|-start|p2a: Bellibolt|Charge|Ice Beam|[from] ability: Electromorphosis\n|move|p2a: Bellibolt|Parabolic Charge|p1a: Pelipper\n|-supereffective|p1a: Pelipper\n|-damage|p1a: Pelipper|0 fnt\n|-heal|p2a: Bellibolt|45\/100|[from] drain|[of] p1a: Pelipper\n|faint|p1a: Pelipper\n|-end|p2a: Bellibolt|Charge|[silent]\n|\n|win|Supwill0048\n|c|\u2606hattrickk|gg\n","uploadtime":1699229422,"views":30,"p1id":"hattrickk","p2id":"supwill0048","formatid":"gen9ubers","rating":0,"private":0,"password":""}