{"id":"gen9ubers-1995981980","p1":"edchucate","p2":"TurtleSix","format":"[Gen 9] Ubers","log":"|j|\u2606edchucate\n|j|\u2606TurtleSix\n|t:|1700625016\n|gametype|singles\n|player|p1|edchucate|hooligans|\n|player|p2|TurtleSix|266|\n|teamsize|p1|6\n|teamsize|p2|6\n|gen|9\n|tier|[Gen 9] Ubers\n|rule|Sleep Clause Mod: Limit one foe put to sleep\n|rule|Species Clause: Limit one of each Pok\u00e9mon\n|rule|OHKO Clause: OHKO moves are banned\n|rule|Evasion Items Clause: Evasion items are banned\n|rule|Evasion Moves Clause: Evasion moves are banned\n|rule|Endless Battle Clause: Forcing endless battles is banned\n|rule|HP Percentage Mod: HP is shown in percentages\n|clearpoke\n|poke|p1|Toxicroak, F|\n|poke|p1|Zoroark, F|\n|poke|p1|Toxapex, F|\n|poke|p1|Annihilape, F|\n|poke|p1|Toxtricity, F|\n|poke|p1|Manaphy|\n|poke|p2|Houndstone, F|\n|poke|p2|Corviknight, M|\n|poke|p2|Gastrodon, F|\n|poke|p2|Hippowdon, M|\n|poke|p2|Tyranitar, M|\n|poke|p2|Gliscor, F|\n|teampreview\n|\n|t:|1700625038\n|start\n|switch|p1a: Toxapex|Toxapex, F, shiny|100\/100\n|switch|p2a: Gliscor|Gliscor, F|100\/100\n|turn|1\n|\n|t:|1700625044\n|move|p2a: Gliscor|Earthquake|p1a: Toxapex\n|-supereffective|p1a: Toxapex\n|-crit|p1a: Toxapex\n|-damage|p1a: Toxapex|41\/100\n|move|p1a: Toxapex|Surf|p2a: Gliscor\n|-supereffective|p2a: Gliscor\n|-damage|p2a: Gliscor|56\/100\n|\n|-heal|p1a: Toxapex|48\/100|[from] item: Leftovers\n|-status|p2a: Gliscor|tox|[from] item: Toxic Orb\n|upkeep\n|turn|2\n|\n|t:|1700625054\n|move|p2a: Gliscor|Earthquake|p1a: Toxapex\n|-supereffective|p1a: Toxapex\n|-damage|p1a: Toxapex|9\/100\n|move|p1a: Toxapex|Recover|p1a: Toxapex\n|-heal|p1a: Toxapex|59\/100\n|\n|-heal|p1a: Toxapex|66\/100|[from] item: Leftovers\n|-heal|p2a: Gliscor|68\/100 tox|[from] ability: Poison Heal\n|upkeep\n|turn|3\n|\n|t:|1700625077\n|move|p2a: Gliscor|Earthquake|p1a: Toxapex\n|-supereffective|p1a: Toxapex\n|-damage|p1a: Toxapex|22\/100\n|move|p1a: Toxapex|Toxic Spikes|p2a: Gliscor\n|-sidestart|p2: TurtleSix|move: Toxic Spikes\n|\n|-heal|p1a: Toxapex|28\/100|[from] item: Leftovers\n|-heal|p2a: Gliscor|81\/100 tox|[from] ability: Poison Heal\n|upkeep\n|turn|4\n|\n|t:|1700625091\n|move|p2a: Gliscor|Earthquake|p1a: Toxapex\n|-supereffective|p1a: Toxapex\n|-damage|p1a: Toxapex|0 fnt\n|faint|p1a: Toxapex\n|\n|-heal|p2a: Gliscor|93\/100 tox|[from] ability: Poison Heal\n|upkeep\n|\n|t:|1700625117\n|switch|p1a: Manaphy|Manaphy, shiny|100\/100\n|turn|5\n|\n|t:|1700625131\n|move|p1a: Manaphy|Tail Glow|p1a: Manaphy\n|-boost|p1a: Manaphy|spa|3\n|move|p2a: Gliscor|Toxic|p1a: Manaphy\n|-status|p1a: Manaphy|tox\n|\n|-damage|p1a: Manaphy|94\/100 tox|[from] psn\n|-heal|p2a: Gliscor|100\/100 tox|[from] ability: Poison Heal\n|upkeep\n|turn|6\n|\n|t:|1700625143\n|move|p2a: Gliscor|Protect|p2a: Gliscor\n|-singleturn|p2a: Gliscor|Protect\n|move|p1a: Manaphy|Energy Ball|p2a: Gliscor\n|-activate|p2a: Gliscor|move: Protect\n|\n|-heal|p1a: Manaphy|100\/100 tox|[from] item: Leftovers\n|-damage|p1a: Manaphy|88\/100 tox|[from] psn\n|upkeep\n|turn|7\n|\n|t:|1700625172\n|switch|p2a: Corviknight|Corviknight, M|100\/100\n|-ability|p2a: Corviknight|Pressure\n|move|p1a: Manaphy|Surf|p2a: Corviknight\n|-damage|p2a: Corviknight|14\/100\n|\n|-heal|p1a: Manaphy|94\/100 tox|[from] item: Leftovers\n|-damage|p1a: Manaphy|76\/100 tox|[from] psn\n|upkeep\n|turn|8\n|\n|t:|1700625183\n|switch|p2a: Gastrodon|Gastrodon, F|100\/100\n|move|p1a: Manaphy|Surf|p2a: Gastrodon\n|-ability|p2a: Gastrodon|Storm Drain|boost\n|-boost|p2a: Gastrodon|spa|1\n|\n|-heal|p1a: Manaphy|82\/100 tox|[from] item: Leftovers\n|-damage|p1a: Manaphy|57\/100 tox|[from] psn\n|upkeep\n|turn|9\n|\n|t:|1700625203\n|switch|p2a: Tyranitar|Tyranitar, M|100\/100\n|-status|p2a: Tyranitar|psn\n|-weather|Sandstorm|[from] ability: Sand Stream|[of] p2a: Tyranitar\n|move|p1a: Manaphy|Energy Ball|p2a: Tyranitar\n|-supereffective|p2a: Tyranitar\n|-damage|p2a: Tyranitar|23\/100 psn\n|\n|-weather|Sandstorm|[upkeep]\n|-damage|p1a: Manaphy|51\/100 tox|[from] Sandstorm\n|-heal|p1a: Manaphy|57\/100 tox|[from] item: Leftovers\n|-damage|p1a: Manaphy|27\/100 tox|[from] psn\n|-damage|p2a: Tyranitar|10\/100 psn|[from] psn\n|upkeep\n|turn|10\n|\n|t:|1700625220\n|move|p1a: Manaphy|Dazzling Gleam|p2a: Tyranitar\n|-supereffective|p2a: Tyranitar\n|-damage|p2a: Tyranitar|0 fnt\n|faint|p2a: Tyranitar\n|\n|-weather|Sandstorm|[upkeep]\n|-damage|p1a: Manaphy|20\/100 tox|[from] Sandstorm\n|-heal|p1a: Manaphy|27\/100 tox|[from] item: Leftovers\n|-damage|p1a: Manaphy|0 fnt|[from] psn\n|faint|p1a: Manaphy\n|upkeep\n|\n|t:|1700625235\n|switch|p1a: Toxtricity|Toxtricity, F, shiny|100\/100\n|switch|p2a: Gliscor|Gliscor, F|100\/100 tox\n|turn|11\n|\n|t:|1700625241\n|move|p1a: Toxtricity|Boomburst|p2a: Gliscor\n|-damage|p2a: Gliscor|4\/100 tox\n|move|p2a: Gliscor|Earthquake|p1a: Toxtricity\n|-supereffective|p1a: Toxtricity\n|-damage|p1a: Toxtricity|0 fnt\n|faint|p1a: Toxtricity\n|\n|-weather|Sandstorm|[upkeep]\n|-heal|p2a: Gliscor|17\/100 tox|[from] ability: Poison Heal\n|upkeep\n|\n|t:|1700625252\n|switch|p1a: Toxicroak|Toxicroak, F, shiny|100\/100\n|turn|12\n|\n|t:|1700625256\n|move|p2a: Gliscor|Protect|p2a: Gliscor\n|-singleturn|p2a: Gliscor|Protect\n|move|p1a: Toxicroak|Sucker Punch||[still]\n|-fail|p1a: Toxicroak\n|\n|-weather|Sandstorm|[upkeep]\n|-damage|p1a: Toxicroak|94\/100|[from] Sandstorm\n|-heal|p2a: Gliscor|29\/100 tox|[from] ability: Poison Heal\n|upkeep\n|turn|13\n|\n|t:|1700625272\n|switch|p2a: Corviknight|Corviknight, M|14\/100\n|-ability|p2a: Corviknight|Pressure\n|move|p1a: Toxicroak|Knock Off|p2a: Corviknight\n|-damage|p2a: Corviknight|0 fnt\n|-enditem|p2a: Corviknight|Heavy-Duty Boots|[from] move: Knock Off|[of] p1a: Toxicroak\n|faint|p2a: Corviknight\n|\n|-weather|none\n|upkeep\n|\n|t:|1700625281\n|switch|p2a: Hippowdon|Hippowdon, M|100\/100\n|-status|p2a: Hippowdon|psn\n|-weather|Sandstorm|[from] ability: Sand Stream|[of] p2a: Hippowdon\n|turn|14\n|\n|t:|1700625289\n|move|p1a: Toxicroak|Sucker Punch||[still]\n|-fail|p1a: Toxicroak\n|move|p2a: Hippowdon|Yawn|p1a: Toxicroak\n|-start|p1a: Toxicroak|move: Yawn|[of] p2a: Hippowdon\n|\n|-weather|Sandstorm|[upkeep]\n|-damage|p1a: Toxicroak|88\/100|[from] Sandstorm\n|-damage|p2a: Hippowdon|88\/100 psn|[from] psn\n|upkeep\n|turn|15\n|\n|t:|1700625300\n|move|p1a: Toxicroak|Knock Off|p2a: Hippowdon\n|-crit|p2a: Hippowdon\n|-damage|p2a: Hippowdon|59\/100 psn\n|-enditem|p2a: Hippowdon|Smooth Rock|[from] move: Knock Off|[of] p1a: Toxicroak\n|move|p2a: Hippowdon|Stealth Rock|p1a: Toxicroak\n|-sidestart|p1: edchucate|move: Stealth Rock\n|\n|-weather|Sandstorm|[upkeep]\n|-damage|p1a: Toxicroak|82\/100|[from] Sandstorm\n|-damage|p2a: Hippowdon|46\/100 psn|[from] psn\n|-end|p1a: Toxicroak|move: Yawn|[silent]\n|-status|p1a: Toxicroak|slp\n|upkeep\n|turn|16\n|\n|t:|1700625312\n|cant|p1a: Toxicroak|slp\n|move|p2a: Hippowdon|Earthquake|p1a: Toxicroak\n|-damage|p1a: Toxicroak|31\/100 slp\n|replace|p1a: Zoroark|Zoroark, F, shiny\n|-end|p1a: Zoroark|Illusion\n|\n|-weather|Sandstorm|[upkeep]\n|-damage|p1a: Zoroark|25\/100 slp|[from] Sandstorm\n|-damage|p2a: Hippowdon|34\/100 psn|[from] psn\n|upkeep\n|turn|17\n|\n|t:|1700625321\n|cant|p1a: Zoroark|slp\n|move|p2a: Hippowdon|Slack Off|p2a: Hippowdon\n|-heal|p2a: Hippowdon|84\/100 psn\n|\n|-weather|Sandstorm|[upkeep]\n|-damage|p1a: Zoroark|19\/100 slp|[from] Sandstorm\n|-damage|p2a: Hippowdon|72\/100 psn|[from] psn\n|upkeep\n|turn|18\n|\n|t:|1700625339\n|-curestatus|p1a: Zoroark|slp|[msg]\n|move|p1a: Zoroark|Knock Off|p2a: Hippowdon\n|-damage|p2a: Hippowdon|59\/100 psn\n|move|p2a: Hippowdon|Earthquake|p1a: Zoroark\n|-damage|p1a: Zoroark|0 fnt\n|faint|p1a: Zoroark\n|\n|-weather|Sandstorm|[upkeep]\n|-damage|p2a: Hippowdon|46\/100 psn|[from] psn\n|upkeep\n|\n|t:|1700625348\n|switch|p1a: Annihilape|Annihilape, F, shiny|100\/100\n|-damage|p1a: Annihilape|94\/100|[from] Stealth Rock\n|turn|19\n|\n|t:|1700625359\n|move|p1a: Annihilape|Taunt|p2a: Hippowdon\n|-start|p2a: Hippowdon|move: Taunt\n|cant|p2a: Hippowdon|move: Taunt|Yawn\n|\n|-weather|Sandstorm|[upkeep]\n|-damage|p1a: Annihilape|88\/100|[from] Sandstorm\n|-heal|p1a: Annihilape|94\/100|[from] item: Leftovers\n|-damage|p2a: Hippowdon|34\/100 psn|[from] psn\n|upkeep\n|turn|20\n|\n|t:|1700625370\n|switch|p2a: Gliscor|Gliscor, F|29\/100 tox\n|move|p1a: Annihilape|Drain Punch|p2a: Gliscor\n|-resisted|p2a: Gliscor\n|-damage|p2a: Gliscor|20\/100 tox\n|-heal|p1a: Annihilape|98\/100|[from] drain|[of] p2a: Gliscor\n|\n|-weather|Sandstorm|[upkeep]\n|-damage|p1a: Annihilape|92\/100|[from] Sandstorm\n|-heal|p1a: Annihilape|98\/100|[from] item: Leftovers\n|-heal|p2a: Gliscor|32\/100 tox|[from] ability: Poison Heal\n|upkeep\n|turn|21\n|\n|t:|1700625381\n|move|p2a: Gliscor|Protect|p2a: Gliscor\n|-singleturn|p2a: Gliscor|Protect\n|move|p1a: Annihilape|Rage Fist|p2a: Gliscor\n|-activate|p2a: Gliscor|move: Protect\n|\n|-weather|none\n|-heal|p1a: Annihilape|100\/100|[from] item: Leftovers\n|-heal|p2a: Gliscor|45\/100 tox|[from] ability: Poison Heal\n|upkeep\n|turn|22\n|\n|t:|1700625404\n|move|p2a: Gliscor|Toxic|p1a: Annihilape\n|-status|p1a: Annihilape|tox\n|move|p1a: Annihilape|Rage Fist|p2a: Gliscor\n|-damage|p2a: Gliscor|33\/100 tox\n|\n|-heal|p2a: Gliscor|45\/100 tox|[from] ability: Poison Heal\n|-damage|p1a: Annihilape|94\/100 tox|[from] psn\n|upkeep\n|turn|23\n|\n|t:|1700625412\n|move|p2a: Gliscor|Protect|p2a: Gliscor\n|-singleturn|p2a: Gliscor|Protect\n|move|p1a: Annihilape|Bulk Up|p1a: Annihilape\n|-boost|p1a: Annihilape|atk|1\n|-boost|p1a: Annihilape|def|1\n|\n|-heal|p1a: Annihilape|100\/100 tox|[from] item: Leftovers\n|-heal|p2a: Gliscor|58\/100 tox|[from] ability: Poison Heal\n|-damage|p1a: Annihilape|88\/100 tox|[from] psn\n|upkeep\n|turn|24\n|\n|t:|1700625426\n|move|p2a: Gliscor|Protect||[still]\n|-fail|p2a: Gliscor\n|move|p1a: Annihilape|Bulk Up|p1a: Annihilape\n|-boost|p1a: Annihilape|atk|1\n|-boost|p1a: Annihilape|def|1\n|\n|-heal|p1a: Annihilape|94\/100 tox|[from] item: Leftovers\n|-heal|p2a: Gliscor|70\/100 tox|[from] ability: Poison Heal\n|-damage|p1a: Annihilape|76\/100 tox|[from] psn\n|upkeep\n|turn|25\n|\n|t:|1700625437\n|move|p2a: Gliscor|Protect|p2a: Gliscor\n|-singleturn|p2a: Gliscor|Protect\n|move|p1a: Annihilape|Taunt|p2a: Gliscor\n|-activate|p2a: Gliscor|move: Protect\n|\n|-heal|p1a: Annihilape|82\/100 tox|[from] item: Leftovers\n|-heal|p2a: Gliscor|83\/100 tox|[from] ability: Poison Heal\n|-damage|p1a: Annihilape|57\/100 tox|[from] psn\n|upkeep\n|turn|26\n|\n|t:|1700625463\n|switch|p2a: Hippowdon|Hippowdon, M|34\/100 psn\n|-weather|Sandstorm|[from] ability: Sand Stream|[of] p2a: Hippowdon\n|move|p1a: Annihilape|Drain Punch|p2a: Hippowdon\n|-damage|p2a: Hippowdon|0 fnt\n|-heal|p1a: Annihilape|74\/100 tox|[from] drain|[of] p2a: Hippowdon\n|faint|p2a: Hippowdon\n|\n|-weather|Sandstorm|[upkeep]\n|-damage|p1a: Annihilape|68\/100 tox|[from] Sandstorm\n|-heal|p1a: Annihilape|74\/100 tox|[from] item: Leftovers\n|-damage|p1a: Annihilape|43\/100 tox|[from] psn\n|upkeep\n|\n|t:|1700625475\n|switch|p2a: Houndstone|Houndstone, F|100\/100\n|-status|p2a: Houndstone|psn\n|turn|27\n|\n|t:|1700625486\n|-terastallize|p2a: Houndstone|Fairy\n|move|p2a: Houndstone|Play Rough|p1a: Annihilape\n|-supereffective|p1a: Annihilape\n|-damage|p1a: Annihilape|0 fnt\n|faint|p1a: Annihilape\n|-damage|p2a: Houndstone|91\/100 psn|[from] item: Life Orb\n|\n|-weather|Sandstorm|[upkeep]\n|-damage|p2a: Houndstone|78\/100 psn|[from] psn\n|upkeep\n|\n|t:|1700625495\n|switch|p1a: Toxicroak|Toxicroak, F, shiny|100\/100\n|-damage|p1a: Toxicroak|94\/100|[from] Stealth Rock\n|turn|28\n|\n|t:|1700625515\n|move|p2a: Houndstone|Play Rough|p1a: Toxicroak\n|-damage|p1a: Toxicroak|13\/100\n|-damage|p2a: Houndstone|69\/100 psn|[from] item: Life Orb\n|move|p1a: Toxicroak|Gunk Shot|p2a: Houndstone\n|-supereffective|p2a: Houndstone\n|-damage|p2a: Houndstone|0 fnt\n|faint|p2a: Houndstone\n|-damage|p1a: Toxicroak|3\/100|[from] item: Life Orb\n|\n|-weather|Sandstorm|[upkeep]\n|-damage|p1a: Toxicroak|0 fnt|[from] Sandstorm\n|faint|p1a: Toxicroak\n|\n|win|TurtleSix\n|upkeep\n|c|\u2606edchucate|gg\n|c|\u2606TurtleSix|gg\n","uploadtime":1700625532,"views":15,"p1id":"edchucate","p2id":"turtlesix","formatid":"gen9ubers","rating":0,"private":0,"password":""}