{"id":"gen9ubers-1982838071","p1":"gerrychu29","p2":"BlisseyHasSpecsKEK","format":"[Gen 9] Ubers","log":"|j|\u2606gerrychu29\n|j|\u2606BlisseyHasSpecsKEK\n|t:|1699049872\n|gametype|singles\n|player|p1|gerrychu29|red|\n|player|p2|BlisseyHasSpecsKEK|170|\n|teamsize|p1|6\n|teamsize|p2|6\n|gen|9\n|tier|[Gen 9] Ubers\n|rule|Sleep Clause Mod: Limit one foe put to sleep\n|rule|Species Clause: Limit one of each Pok\u00e9mon\n|rule|OHKO Clause: OHKO moves are banned\n|rule|Evasion Items Clause: Evasion items are banned\n|rule|Evasion Moves Clause: Evasion moves are banned\n|rule|Endless Battle Clause: Forcing endless battles is banned\n|rule|HP Percentage Mod: HP is shown in percentages\n|clearpoke\n|poke|p1|Palafin, M|\n|poke|p1|Shaymin-Sky|\n|poke|p1|Zacian-*|\n|poke|p1|Arceus-Fire|\n|poke|p1|Blissey, F|\n|poke|p1|Giratina|\n|poke|p2|Magnezone|\n|poke|p2|Magearna|\n|poke|p2|Volcarona, M|\n|poke|p2|Palafin, M|\n|poke|p2|Zacian-*|\n|poke|p2|Scream Tail|\n|teampreview\n|inactive|Battle timer is ON: inactive players will automatically lose when time's up. (requested by BlisseyHasSpecsKEK)\n|inactive|gerrychu29 has 270 seconds left.\n|\n|t:|1699049928\n|start\n|switch|p1a: Palafin|Palafin, M|100\/100\n|switch|p2a: Emancipation|Zacian, shiny|100\/100\n|-ability|p2a: Emancipation|Intrepid Sword|boost\n|-boost|p2a: Emancipation|atk|1\n|turn|1\n|\n|t:|1699049949\n|detailschange|p1a: Palafin|Palafin-Hero, M\n|switch|p1a: Arceus|Arceus-Fire|100\/100\n|move|p2a: Emancipation|Wild Charge|p1a: Arceus\n|-damage|p1a: Arceus|57\/100\n|-damage|p2a: Emancipation|85\/100|[from] Recoil\n|\n|upkeep\n|turn|2\n|inactive|gerrychu29 has 270 seconds left.\n|\n|t:|1699049976\n|switch|p2a: TailAsOldAsTime|Scream Tail|100\/100\n|move|p1a: Arceus|Recover|p1a: Arceus\n|-heal|p1a: Arceus|100\/100\n|\n|upkeep\n|turn|3\n|inactive|gerrychu29 has 270 seconds left.\n|inactive|gerrychu29 has 240 seconds left.\n|\n|t:|1699050027\n|move|p1a: Arceus|Calm Mind|p1a: Arceus\n|-boost|p1a: Arceus|spa|1\n|-boost|p1a: Arceus|spd|1\n|move|p2a: TailAsOldAsTime|Wish|p2a: TailAsOldAsTime\n|\n|upkeep\n|turn|4\n|\n|t:|1699050049\n|move|p1a: Arceus|Calm Mind|p1a: Arceus\n|-boost|p1a: Arceus|spa|1\n|-boost|p1a: Arceus|spd|1\n|move|p2a: TailAsOldAsTime|Thunder Wave|p1a: Arceus\n|-status|p1a: Arceus|par\n|\n|upkeep\n|turn|5\n|\n|t:|1699050061\n|-end|p2a: TailAsOldAsTime|Protosynthesis|[silent]\n|switch|p2a: Villainy|Palafin, M, shiny|100\/100\n|move|p1a: Arceus|Judgment|p2a: Villainy\n|-resisted|p2a: Villainy\n|-damage|p2a: Villainy|34\/100\n|\n|-heal|p2a: Villainy|40\/100|[from] item: Leftovers\n|upkeep\n|turn|6\n|inactive|gerrychu29 has 210 seconds left.\n|\n|t:|1699050097\n|detailschange|p2a: Villainy|Palafin-Hero, M, shiny\n|switch|p2a: TailAsOldAsTime|Scream Tail|100\/100\n|move|p1a: Arceus|Judgment|p2a: TailAsOldAsTime\n|-damage|p2a: TailAsOldAsTime|37\/100\n|\n|upkeep\n|turn|7\n|\n|t:|1699050107\n|move|p2a: TailAsOldAsTime|Wish|p2a: TailAsOldAsTime\n|move|p1a: Arceus|Judgment|p2a: TailAsOldAsTime\n|-damage|p2a: TailAsOldAsTime|0 fnt\n|faint|p2a: TailAsOldAsTime\n|-end|p2a: TailAsOldAsTime|Protosynthesis|[silent]\n|\n|upkeep\n|\n|t:|1699050110\n|switch|p2a: Villainy|Palafin-Hero, M, shiny|40\/100\n|-activate|p2a: Villainy|ability: Zero to Hero\n|turn|8\n|inactive|gerrychu29 has 180 seconds left.\n|\n|t:|1699050151\n|switch|p1a: Giratina|Giratina|100\/100\n|-ability|p1a: Giratina|Pressure\n|move|p2a: Villainy|Jet Punch|p1a: Giratina\n|-resisted|p1a: Giratina\n|-damage|p1a: Giratina|92\/100\n|\n|-heal|p2a: Villainy|100\/100|[from] move: Wish|[wisher] TailAsOldAsTime\n|upkeep\n|turn|9\n|\n|t:|1699050174\n|switch|p2a: WankOnTheDaily|Magearna|100\/100\n|move|p1a: Giratina|Will-O-Wisp|p2a: WankOnTheDaily|[miss]\n|-miss|p1a: Giratina|p2a: WankOnTheDaily\n|\n|upkeep\n|turn|10\n|\n|t:|1699050189\n|switch|p1a: Arceus|Arceus-Fire|100\/100 par\n|switch|p2a: Villainy|Palafin-Hero, M, shiny|100\/100\n|\n|upkeep\n|turn|11\n|\n|t:|1699050201\n|switch|p1a: Giratina|Giratina|92\/100\n|-ability|p1a: Giratina|Pressure\n|move|p2a: Villainy|Jet Punch|p1a: Giratina\n|-resisted|p1a: Giratina\n|-damage|p1a: Giratina|84\/100\n|\n|upkeep\n|turn|12\n|inactive|gerrychu29 has 150 seconds left.\n|\n|t:|1699050220\n|move|p2a: Villainy|Taunt|p1a: Giratina\n|-start|p1a: Giratina|move: Taunt\n|cant|p1a: Giratina|move: Taunt|Will-O-Wisp\n|\n|upkeep\n|turn|13\n|inactive|gerrychu29 has 150 seconds left.\n|inactive|gerrychu29 has 120 seconds left.\n|c|\u2606BlisseyHasSpecsKEK|I\u2019m interested in ur Skymin set\n|\n|t:|1699050287\n|move|p2a: Villainy|Bulk Up|p2a: Villainy\n|-boost|p2a: Villainy|atk|1\n|-boost|p2a: Villainy|def|1\n|move|p1a: Giratina|Dragon Tail|p2a: Villainy\n|-damage|p2a: Villainy|87\/100\n|drag|p2a: Enemy|Magnezone, shiny|100\/100\n|\n|upkeep\n|turn|14\n|inactive|gerrychu29 has 90 seconds left.\n|\n|t:|1699050309\n|switch|p2a: WankOnTheDaily|Magearna|100\/100\n|move|p1a: Giratina|Dragon Tail|p2a: WankOnTheDaily\n|-immune|p2a: WankOnTheDaily\n|\n|-end|p1a: Giratina|move: Taunt\n|upkeep\n|turn|15\n|inactive|gerrychu29 has 90 seconds left.\n|\n|t:|1699050325\n|switch|p1a: Arceus|Arceus-Fire|100\/100 par\n|move|p2a: WankOnTheDaily|Spikes|p1a: Arceus\n|-sidestart|p1: gerrychu29|Spikes\n|\n|upkeep\n|turn|16\n|inactive|gerrychu29 has 90 seconds left.\n|\n|t:|1699050336\n|switch|p2a: Villainy|Palafin-Hero, M, shiny|87\/100\n|cant|p1a: Arceus|par\n|\n|-heal|p2a: Villainy|93\/100|[from] item: Leftovers\n|upkeep\n|turn|17\n|inactive|gerrychu29 has 90 seconds left.\n|\n|t:|1699050349\n|switch|p2a: WankOnTheDaily|Magearna|100\/100\n|switch|p1a: Giratina|Giratina|84\/100\n|-ability|p1a: Giratina|Pressure\n|\n|upkeep\n|turn|18\n|inactive|gerrychu29 has 90 seconds left.\n|\n|t:|1699050371\n|switch|p1a: Blissey|Blissey, F|100\/100\n|move|p2a: WankOnTheDaily|Fleur Cannon|p1a: Blissey\n|-damage|p1a: Blissey|68\/100\n|-unboost|p2a: WankOnTheDaily|spa|2\n|\n|upkeep\n|turn|19\n|\n|t:|1699050391\n|switch|p2a: Emancipation|Zacian, shiny|85\/100\n|move|p1a: Blissey|Stealth Rock|p2a: Emancipation\n|-sidestart|p2: BlisseyHasSpecsKEK|move: Stealth Rock\n|\n|upkeep\n|turn|20\n|inactive|gerrychu29 has 60 seconds left.\n|\n|t:|1699050417\n|switch|p2a: Villainy|Palafin-Hero, M, shiny|93\/100\n|-damage|p2a: Villainy|81\/100|[from] Stealth Rock\n|switch|p1a: Arceus|Arceus-Fire|100\/100 par\n|-damage|p1a: Arceus|88\/100 par|[from] Spikes\n|\n|-heal|p2a: Villainy|87\/100|[from] item: Leftovers\n|upkeep\n|turn|21\n|inactive|gerrychu29 has 30 seconds left.\n|inactive|gerrychu29 has 20 seconds left.\n|\n|t:|1699050461\n|switch|p2a: WankOnTheDaily|Magearna|100\/100\n|-damage|p2a: WankOnTheDaily|94\/100|[from] Stealth Rock\n|switch|p1a: Giratina|Giratina|84\/100\n|-ability|p1a: Giratina|Pressure\n|\n|upkeep\n|turn|22\n|inactive|gerrychu29 has 30 seconds left this turn.\n|inactive|gerrychu29 has 20 seconds left.\n|inactive|gerrychu29 has 15 seconds left.\n|\n|t:|1699050479\n|switch|p1a: Blissey|Blissey, F|68\/100\n|move|p2a: WankOnTheDaily|Fleur Cannon|p1a: Blissey\n|-damage|p1a: Blissey|33\/100\n|-unboost|p2a: WankOnTheDaily|spa|2\n|\n|upkeep\n|turn|23\n|inactive|gerrychu29 has 25 seconds left this turn.\n|inactive|gerrychu29 has 20 seconds left.\n|inactive|BlisseyHasSpecsKEK has 270 seconds left.\n|\n|t:|1699050508\n|switch|p2a: Villainy|Palafin-Hero, M, shiny|87\/100\n|-damage|p2a: Villainy|75\/100|[from] Stealth Rock\n|move|p1a: Blissey|Thunder Wave|p2a: Villainy\n|-status|p2a: Villainy|par\n|\n|-heal|p2a: Villainy|81\/100 par|[from] item: Leftovers\n|upkeep\n|turn|24\n|inactive|gerrychu29 has 30 seconds left this turn.\n|inactive|gerrychu29 has 20 seconds left.\n|inactive|gerrychu29 has 15 seconds left.\n|\n|t:|1699050526\n|switch|p1a: Giratina|Giratina|84\/100\n|-ability|p1a: Giratina|Pressure\n|move|p2a: Villainy|Jet Punch|p1a: Giratina\n|-resisted|p1a: Giratina\n|-damage|p1a: Giratina|77\/100\n|\n|-heal|p2a: Villainy|87\/100 par|[from] item: Leftovers\n|upkeep\n|turn|25\n|inactive|gerrychu29 has 25 seconds left this turn.\n|inactive|gerrychu29 has 20 seconds left.\n|inactive|gerrychu29 has 15 seconds left.\n|inactive|gerrychu29 has 10 seconds left.\n|\n|t:|1699050541\n|move|p1a: Giratina|Will-O-Wisp||[still]\n|-fail|p1a: Giratina\n|move|p2a: Villainy|Taunt|p1a: Giratina\n|-start|p1a: Giratina|move: Taunt\n|\n|-heal|p2a: Villainy|93\/100 par|[from] item: Leftovers\n|upkeep\n|turn|26\n|inactive|gerrychu29 has 20 seconds left this turn.\n|inactive|gerrychu29 has 15 seconds left.\n|inactive|gerrychu29 has 10 seconds left.\n|\n|t:|1699050556\n|switch|p1a: Arceus|Arceus-Fire|88\/100 par\n|-damage|p1a: Arceus|76\/100 par|[from] Spikes\n|switch|p2a: Emancipation|Zacian, shiny|85\/100\n|-damage|p2a: Emancipation|73\/100|[from] Stealth Rock\n|\n|upkeep\n|turn|27\n|inactive|gerrychu29 has 20 seconds left this turn.\n|inactive|gerrychu29 has 15 seconds left.\n|inactive|gerrychu29 has 10 seconds left.\n|\n|t:|1699050570\n|move|p2a: Emancipation|Crunch|p1a: Arceus\n|-damage|p1a: Arceus|50\/100 par\n|move|p1a: Arceus|Judgment|p2a: Emancipation\n|-damage|p2a: Emancipation|28\/100\n|\n|upkeep\n|turn|28\n|inactive|gerrychu29 has 20 seconds left this turn.\n|inactive|gerrychu29 has 15 seconds left.\n|inactive|BlisseyHasSpecsKEK has 270 seconds left.\n|\n|t:|1699050578\n|move|p2a: Emancipation|Crunch|p1a: Arceus\n|-damage|p1a: Arceus|26\/100 par\n|move|p1a: Arceus|Recover|p1a: Arceus\n|-heal|p1a: Arceus|76\/100 par\n|\n|upkeep\n|turn|29\n|inactive|gerrychu29 has 25 seconds left this turn.\n|inactive|gerrychu29 has 20 seconds left.\n|\n|t:|1699050586\n|move|p2a: Emancipation|Crunch|p1a: Arceus\n|-damage|p1a: Arceus|51\/100 par\n|move|p1a: Arceus|Judgment|p2a: Emancipation\n|-damage|p2a: Emancipation|0 fnt\n|faint|p2a: Emancipation\n|\n|upkeep\n|inactive|gerrychu29 has 25 seconds left this turn.\n|\n|t:|1699050595\n|switch|p2a: Persecution|Volcarona, M, shiny|100\/100\n|turn|30\n|inactive|gerrychu29 has 30 seconds left.\n|inactive|gerrychu29 has 20 seconds left.\n|\n|t:|1699050613\n|move|p2a: Persecution|Quiver Dance|p2a: Persecution\n|-boost|p2a: Persecution|spa|1\n|-boost|p2a: Persecution|spd|1\n|-boost|p2a: Persecution|spe|1\n|move|p1a: Arceus|Calm Mind|p1a: Arceus\n|-boost|p1a: Arceus|spa|1\n|-boost|p1a: Arceus|spd|1\n|\n|upkeep\n|turn|31\n|inactive|gerrychu29 has 30 seconds left this turn.\n|inactive|gerrychu29 has 20 seconds left.\n|\n|t:|1699050626\n|move|p2a: Persecution|Quiver Dance|p2a: Persecution\n|-boost|p2a: Persecution|spa|1\n|-boost|p2a: Persecution|spd|1\n|-boost|p2a: Persecution|spe|1\n|move|p1a: Arceus|Recover|p1a: Arceus\n|-heal|p1a: Arceus|100\/100 par\n|\n|upkeep\n|turn|32\n|inactive|gerrychu29 has 30 seconds left this turn.\n|inactive|gerrychu29 has 20 seconds left.\n|\n|t:|1699050640\n|move|p2a: Persecution|Quiver Dance|p2a: Persecution\n|-boost|p2a: Persecution|spa|1\n|-boost|p2a: Persecution|spd|1\n|-boost|p2a: Persecution|spe|1\n|move|p1a: Arceus|Calm Mind|p1a: Arceus\n|-boost|p1a: Arceus|spa|1\n|-boost|p1a: Arceus|spd|1\n|\n|upkeep\n|turn|33\n|inactive|gerrychu29 has 30 seconds left this turn.\n|inactive|gerrychu29 has 20 seconds left.\n|inactive|gerrychu29 has 15 seconds left.\n|\n|t:|1699050655\n|move|p2a: Persecution|Quiver Dance|p2a: Persecution\n|-boost|p2a: Persecution|spa|1\n|-boost|p2a: Persecution|spd|1\n|-boost|p2a: Persecution|spe|1\n|move|p1a: Arceus|Calm Mind|p1a: Arceus\n|-boost|p1a: Arceus|spa|1\n|-boost|p1a: Arceus|spd|1\n|\n|upkeep\n|turn|34\n|inactive|gerrychu29 has 25 seconds left this turn.\n|inactive|gerrychu29 has 20 seconds left.\n|inactive|gerrychu29 has 15 seconds left.\n|\n|t:|1699050667\n|move|p2a: Persecution|Quiver Dance|p2a: Persecution\n|-boost|p2a: Persecution|spa|1\n|-boost|p2a: Persecution|spd|1\n|-boost|p2a: Persecution|spe|1\n|cant|p1a: Arceus|par\n|\n|upkeep\n|turn|35\n|inactive|gerrychu29 has 25 seconds left this turn.\n|inactive|gerrychu29 has 20 seconds left.\n|inactive|gerrychu29 has 15 seconds left.\n|\n|t:|1699050680\n|move|p2a: Persecution|Quiver Dance|p2a: Persecution\n|-boost|p2a: Persecution|spa|1\n|-boost|p2a: Persecution|spd|1\n|-boost|p2a: Persecution|spe|1\n|move|p1a: Arceus|Calm Mind|p1a: Arceus\n|-boost|p1a: Arceus|spa|1\n|-boost|p1a: Arceus|spd|1\n|\n|upkeep\n|turn|36\n|inactive|gerrychu29 has 25 seconds left this turn.\n|inactive|gerrychu29 has 20 seconds left.\n|inactive|gerrychu29 has 15 seconds left.\n|inactive|gerrychu29 has 10 seconds left.\n|\n|t:|1699050696\n|move|p2a: Persecution|Bug Buzz|p1a: Arceus\n|-resisted|p1a: Arceus\n|-damage|p1a: Arceus|75\/100 par\n|move|p1a: Arceus|Calm Mind|p1a: Arceus\n|-boost|p1a: Arceus|spa|1\n|-boost|p1a: Arceus|spd|1\n|\n|upkeep\n|turn|37\n|inactive|gerrychu29 has 20 seconds left this turn.\n|inactive|gerrychu29 has 15 seconds left.\n|\n|t:|1699050705\n|move|p2a: Persecution|Bug Buzz|p1a: Arceus\n|-resisted|p1a: Arceus\n|-damage|p1a: Arceus|55\/100 par\n|move|p1a: Arceus|Judgment|p2a: Persecution\n|-damage|p2a: Persecution|59\/100\n|\n|upkeep\n|turn|38\n|inactive|gerrychu29 has 25 seconds left this turn.\n|inactive|gerrychu29 has 20 seconds left.\n|\n|t:|1699050714\n|move|p2a: Persecution|Bug Buzz|p1a: Arceus\n|-resisted|p1a: Arceus\n|-damage|p1a: Arceus|35\/100 par\n|move|p1a: Arceus|Judgment|p2a: Persecution\n|-damage|p2a: Persecution|16\/100\n|\n|upkeep\n|turn|39\n|inactive|gerrychu29 has 30 seconds left this turn.\n|\n|t:|1699050726\n|move|p2a: Persecution|Bug Buzz|p1a: Arceus\n|-resisted|p1a: Arceus\n|-damage|p1a: Arceus|15\/100 par\n|move|p1a: Arceus|Recover|p1a: Arceus\n|-heal|p1a: Arceus|65\/100 par\n|\n|upkeep\n|turn|40\n|inactive|gerrychu29 has 30 seconds left.\n|\n|t:|1699050735\n|move|p2a: Persecution|Bug Buzz|p1a: Arceus\n|-resisted|p1a: Arceus\n|-damage|p1a: Arceus|46\/100 par\n|move|p1a: Arceus|Judgment|p2a: Persecution\n|-damage|p2a: Persecution|0 fnt\n|faint|p2a: Persecution\n|\n|upkeep\n|\n|t:|1699050740\n|switch|p2a: Villainy|Palafin-Hero, M, shiny|93\/100 par\n|-damage|p2a: Villainy|81\/100 par|[from] Stealth Rock\n|turn|41\n|-message|BlisseyHasSpecsKEK forfeited.\n|\n|win|gerrychu29\n|l|\u2606BlisseyHasSpecsKEK\n","uploadtime":1699050759,"views":23,"p1id":"gerrychu29","p2id":"blisseyhasspecskek","formatid":"gen9ubers","rating":0,"private":0,"password":""}