{"id":"gen9ubers-1994164445","p1":"Leo Justice","p2":"Rasche","format":"[Gen 9] Ubers","log":"|j|\u2606Leo Justice\n|j|\u2606Rasche\n|t:|1700414332\n|gametype|singles\n|player|p1|Leo Justice|lysandre|\n|player|p2|Rasche|misty-gen2|\n|teamsize|p1|6\n|teamsize|p2|6\n|gen|9\n|tier|[Gen 9] Ubers\n|rule|Sleep Clause Mod: Limit one foe put to sleep\n|rule|Species Clause: Limit one of each Pok\u00e9mon\n|rule|OHKO Clause: OHKO moves are banned\n|rule|Evasion Items Clause: Evasion items are banned\n|rule|Evasion Moves Clause: Evasion moves are banned\n|rule|Endless Battle Clause: Forcing endless battles is banned\n|rule|HP Percentage Mod: HP is shown in percentages\n|clearpoke\n|poke|p1|Magearna|\n|poke|p1|Ursaluna, M|\n|poke|p1|Dialga-Origin|\n|poke|p1|Roaring Moon|\n|poke|p1|Arceus-Grass|\n|poke|p1|Cinderace, M|\n|poke|p2|Ninetales-Alola, F|\n|poke|p2|Baxcalibur, F|\n|poke|p2|Magearna|\n|poke|p2|Cyclizar, F|\n|poke|p2|Arceus-Fire|\n|poke|p2|Zacian-*|\n|teampreview\n|inactive|Battle timer is ON: inactive players will automatically lose when time's up. (requested by Rasche)\n|c|\u2606Leo Justice|Gl\n|inactive|Rasche has 270 seconds left.\n|c|\u2606Rasche|u2\n|inactive|Rasche has 240 seconds left.\n|\n|t:|1700414394\n|start\n|switch|p1a: Magearna|Magearna|100\/100\n|switch|p2a: Cyclizar|Cyclizar, F|100\/100\n|turn|1\n|\n|t:|1700414411\n|move|p2a: Cyclizar|Shed Tail|p2a: Cyclizar\n|-start|p2a: Cyclizar|Substitute|[from] move: Shed Tail\n|-damage|p2a: Cyclizar|50\/100\n|\n|t:|1700414416\n|switch|p2a: Ar\u0441eus|Arceus-Fire, shiny|100\/100|[from] Shed Tail\n|move|p1a: Magearna|Fleur Cannon|p2a: Ar\u0441eus\n|-resisted|p2a: Ar\u0441eus\n|-end|p2a: Ar\u0441eus|Substitute\n|-unboost|p1a: Magearna|spa|2\n|-enditem|p1a: Magearna|Eject Pack\n|\n|t:|1700414433\n|switch|p1a: Dialga|Dialga-Origin|100\/100\n|-ability|p1a: Dialga|Pressure\n|\n|upkeep\n|turn|2\n|inactive|Rasche has 270 seconds left.\n|\n|t:|1700414465\n|move|p2a: Ar\u0441eus|Dragon Dance|p2a: Ar\u0441eus\n|-boost|p2a: Ar\u0441eus|atk|1\n|-boost|p2a: Ar\u0441eus|spe|1\n|move|p1a: Dialga|Trick Room|p1a: Dialga\n|-fieldstart|move: Trick Room|[of] p1a: Dialga\n|\n|upkeep\n|turn|3\n|inactive|Rasche has 270 seconds left.\n|\n|t:|1700414496\n|move|p1a: Dialga|Draco Meteor|p2a: Ar\u0441eus\n|-damage|p2a: Ar\u0441eus|35\/100\n|-unboost|p1a: Dialga|spa|2\n|move|p2a: Ar\u0441eus|Flare Blitz|p1a: Dialga\n|-damage|p1a: Dialga|15\/100\n|-damage|p2a: Ar\u0441eus|9\/100|[from] Recoil\n|\n|upkeep\n|turn|4\n|\n|t:|1700414510\n|switch|p2a: Magearna|Magearna|100\/100\n|move|p1a: Dialga|Steel Beam|p2a: Magearna\n|-damage|p2a: Magearna|56\/100\n|-damage|p1a: Dialga|0 fnt|[from] steelbeam\n|faint|p1a: Dialga\n|-ability|p2a: Magearna|Soul-Heart|boost\n|-boost|p2a: Magearna|spa|1\n|-enditem|p2a: Magearna|Eject Button\n|\n|t:|1700414525\n|switch|p2a: Ninetales|Ninetales-Alola, F|100\/100\n|-weather|Snow|[from] ability: Snow Warning|[of] p2a: Ninetales\n|\n|-weather|Snow|[upkeep]\n|upkeep\n|\n|t:|1700414534\n|switch|p1a: Ursaluna|Ursaluna, M|100\/100\n|turn|5\n|\n|t:|1700414546\n|move|p1a: Ursaluna|Swords Dance|p1a: Ursaluna\n|-boost|p1a: Ursaluna|atk|2\n|move|p2a: Ninetales|Aurora Veil|p2a: Ninetales\n|-sidestart|p2: Rasche|move: Aurora Veil\n|\n|-weather|Snow|[upkeep]\n|-status|p1a: Ursaluna|brn|[from] item: Flame Orb\n|upkeep\n|turn|6\n|\n|t:|1700414562\n|move|p1a: Ursaluna|Facade|p2a: Ninetales\n|-damage|p2a: Ninetales|0 fnt\n|faint|p2a: Ninetales\n|\n|-weather|Snow|[upkeep]\n|-damage|p1a: Ursaluna|94\/100 brn|[from] brn\n|-fieldend|move: Trick Room\n|upkeep\n|\n|t:|1700414566\n|switch|p2a: Baxcalibur|Baxcalibur, F|100\/100\n|turn|7\n|\n|t:|1700414572\n|move|p2a: Baxcalibur|Swords Dance|p2a: Baxcalibur\n|-boost|p2a: Baxcalibur|atk|2\n|move|p1a: Ursaluna|Facade|p2a: Baxcalibur\n|-damage|p2a: Baxcalibur|19\/100\n|\n|-weather|Snow|[upkeep]\n|-heal|p2a: Baxcalibur|25\/100|[from] ability: Ice Body\n|-heal|p2a: Baxcalibur|31\/100|[from] item: Leftovers\n|-damage|p1a: Ursaluna|88\/100 brn|[from] brn\n|upkeep\n|turn|8\n|inactive|Rasche has 270 seconds left.\n|\n|t:|1700414585\n|switch|p1a: Arceus|Arceus-Grass|100\/100\n|move|p2a: Baxcalibur|Scale Shot|p1a: Arceus|[miss]\n|-miss|p2a: Baxcalibur|p1a: Arceus\n|\n|-weather|none\n|-heal|p2a: Baxcalibur|37\/100|[from] item: Leftovers\n|upkeep\n|turn|9\n|inactive|Rasche has 270 seconds left.\n|\n|t:|1700414595\n|move|p2a: Baxcalibur|Scale Shot|p1a: Arceus|[miss]\n|-miss|p2a: Baxcalibur|p1a: Arceus\n|move|p1a: Arceus|Roar|p2a: Baxcalibur\n|drag|p2a: Ar\u0441eus|Arceus-Fire, shiny|9\/100\n|\n|upkeep\n|turn|10\n|c|\u2606Rasche|jesus\n|\n|t:|1700414610\n|move|p2a: Ar\u0441eus|Recover|p2a: Ar\u0441eus\n|-heal|p2a: Ar\u0441eus|59\/100\n|move|p1a: Arceus|Roar|p2a: Ar\u0441eus\n|drag|p2a: Cyclizar|Cyclizar, F|84\/100\n|\n|upkeep\n|turn|11\n|\n|t:|1700414616\n|move|p2a: Cyclizar|Taunt|p1a: Arceus\n|-start|p1a: Arceus|move: Taunt\n|cant|p1a: Arceus|move: Taunt|Roar\n|\n|upkeep\n|turn|12\n|\n|t:|1700414633\n|switch|p1a: Ursaluna|Ursaluna, M|88\/100 brn\n|move|p2a: Cyclizar|Shed Tail|p2a: Cyclizar\n|-start|p2a: Cyclizar|Substitute|[from] move: Shed Tail\n|-damage|p2a: Cyclizar|33\/100\n|\n|t:|1700414649\n|switch|p2a: Zacian|Zacian|100\/100|[from] Shed Tail\n|-ability|p2a: Zacian|Intrepid Sword|boost\n|-boost|p2a: Zacian|atk|1\n|\n|-damage|p1a: Ursaluna|82\/100 brn|[from] brn\n|-sideend|p2: Rasche|move: Aurora Veil\n|upkeep\n|turn|13\n|\n|t:|1700414659\n|switch|p1a: Arceus|Arceus-Grass|100\/100\n|move|p2a: Zacian|Swords Dance|p2a: Zacian\n|-boost|p2a: Zacian|atk|2\n|\n|upkeep\n|turn|14\n|\n|t:|1700414664\n|-terastallize|p2a: Zacian|Fire\n|move|p2a: Zacian|Tera Blast|p1a: Arceus|[anim] Tera Blast Fire\n|-supereffective|p1a: Arceus\n|-damage|p1a: Arceus|0 fnt\n|faint|p1a: Arceus\n|\n|upkeep\n|\n|t:|1700414681\n|switch|p1a: Cinderace|Cinderace, M|100\/100\n|turn|15\n|\n|t:|1700414685\n|move|p1a: Cinderace|Sucker Punch|p2a: Zacian\n|-start|p1a: Cinderace|typechange|Dark|[from] ability: Libero\n|-end|p2a: Zacian|Substitute\n|move|p2a: Zacian|Close Combat|p1a: Cinderace\n|-supereffective|p1a: Cinderace\n|-damage|p1a: Cinderace|0 fnt\n|-unboost|p2a: Zacian|def|1\n|-unboost|p2a: Zacian|spd|1\n|faint|p1a: Cinderace\n|\n|upkeep\n|\n|t:|1700414693\n|switch|p1a: Roaring Moon|Roaring Moon|100\/100\n|-enditem|p1a: Roaring Moon|Booster Energy\n|-activate|p1a: Roaring Moon|ability: Protosynthesis|[fromitem]\n|-start|p1a: Roaring Moon|protosynthesisspe\n|turn|16\n|inactive|Rasche has 270 seconds left.\n|inactive|Rasche has 240 seconds left.\n|inactive|Rasche has 210 seconds left.\n|\n|t:|1700414800\n|move|p1a: Roaring Moon|Earthquake|p2a: Zacian\n|-supereffective|p2a: Zacian\n|-damage|p2a: Zacian|9\/100\n|move|p2a: Zacian|Close Combat|p1a: Roaring Moon\n|-supereffective|p1a: Roaring Moon\n|-damage|p1a: Roaring Moon|0 fnt\n|-unboost|p2a: Zacian|def|1\n|-unboost|p2a: Zacian|spd|1\n|faint|p1a: Roaring Moon\n|-end|p1a: Roaring Moon|Protosynthesis|[silent]\n|\n|upkeep\n|j| FrostyRandom02\n|c|\u2606Leo Justice|I lost the 50% chance\n|c|\u2606Leo Justice|Oh well\n|c|\u2606Rasche|i am bulk invested\n|c|\u2606Rasche|but ok\n|inactive|Leo Justice has 270 seconds left.\n|\n|t:|1700414831\n|switch|p1a: Magearna|Magearna|100\/100\n|turn|17\n|c|\u2606Leo Justice|You are?\n|inactive|Rasche has 180 seconds left.\n|c|\u2606Leo Justice|Oh then yeah\n|c|\u2606Rasche|for some reason i aint max speed\n|c|\u2606Rasche|lmao\n|\n|t:|1700414885\n|-terastallize|p1a: Magearna|Flying\n|move|p2a: Zacian|Close Combat|p1a: Magearna\n|-resisted|p1a: Magearna\n|-damage|p1a: Magearna|58\/100\n|-unboost|p2a: Zacian|def|1\n|-unboost|p2a: Zacian|spd|1\n|move|p1a: Magearna|Trick Room|p1a: Magearna\n|-fieldstart|move: Trick Room|[of] p1a: Magearna\n|\n|upkeep\n|turn|18\n|\n|t:|1700414900\n|switch|p2a: Magearna|Magearna|56\/100\n|move|p1a: Magearna|Volt Switch|p2a: Magearna\n|-damage|p2a: Magearna|34\/100\n|\n|t:|1700414904\n|switch|p1a: Ursaluna|Ursaluna, M|82\/100 brn|[from] Volt Switch\n|\n|-damage|p1a: Ursaluna|76\/100 brn|[from] brn\n|upkeep\n|turn|19\n|inactive|Rasche has 150 seconds left.\n|\n|t:|1700414934\n|move|p1a: Ursaluna|Earthquake|p2a: Magearna\n|-supereffective|p2a: Magearna\n|-damage|p2a: Magearna|0 fnt\n|faint|p2a: Magearna\n|\n|-damage|p1a: Ursaluna|70\/100 brn|[from] brn\n|upkeep\n|inactive|Rasche has 150 seconds left.\n|\n|t:|1700414967\n|switch|p2a: Cyclizar|Cyclizar, F|67\/100\n|turn|20\n|\n|t:|1700414975\n|move|p1a: Ursaluna|Facade|p2a: Cyclizar\n|-damage|p2a: Cyclizar|0 fnt\n|faint|p2a: Cyclizar\n|\n|-damage|p1a: Ursaluna|64\/100 brn|[from] brn\n|upkeep\n|\n|t:|1700414979\n|switch|p2a: Ar\u0441eus|Arceus-Fire, shiny|59\/100\n|turn|21\n|\n|t:|1700414982\n|move|p1a: Ursaluna|Facade|p2a: Ar\u0441eus\n|-damage|p2a: Ar\u0441eus|0 fnt\n|faint|p2a: Ar\u0441eus\n|\n|-damage|p1a: Ursaluna|58\/100 brn|[from] brn\n|-fieldend|move: Trick Room\n|upkeep\n|\n|t:|1700414987\n|switch|p2a: Zacian|Zacian, tera:Fire|9\/100\n|turn|22\n|inactive|Leo Justice has 270 seconds left.\n|\n|t:|1700415046\n|move|p2a: Zacian|Close Combat|p1a: Ursaluna\n|-supereffective|p1a: Ursaluna\n|-damage|p1a: Ursaluna|1\/100 brn\n|-unboost|p2a: Zacian|def|1\n|-unboost|p2a: Zacian|spd|1\n|move|p1a: Ursaluna|Facade|p2a: Zacian\n|-damage|p2a: Zacian|0 fnt\n|faint|p2a: Zacian\n|\n|-damage|p1a: Ursaluna|0 fnt|[from] brn\n|faint|p1a: Ursaluna\n|upkeep\n|\n|t:|1700415058\n|switch|p2a: Baxcalibur|Baxcalibur, F|37\/100\n|switch|p1a: Magearna|Magearna, tera:Flying|58\/100\n|turn|23\n|\n|t:|1700415065\n|move|p2a: Baxcalibur|Ice Shard|p1a: Magearna\n|-supereffective|p1a: Magearna\n|-damage|p1a: Magearna|15\/100\n|move|p1a: Magearna|Fleur Cannon|p2a: Baxcalibur\n|-supereffective|p2a: Baxcalibur\n|-damage|p2a: Baxcalibur|0 fnt\n|-unboost|p1a: Magearna|spa|2\n|faint|p2a: Baxcalibur\n|\n|win|Leo Justice\n|c|\u2606Rasche|gg1\n|c|\u2606Leo Justice|Gg\n|l| FrostyRandom02\n|c|\u2606Leo Justice|Idk if I can do another game\n","uploadtime":1700415089,"views":7,"p1id":"leojustice","p2id":"rasche","formatid":"gen9ubers","rating":0,"private":0,"password":""}