{"id":"gen9ubers-1968955325","p1":"bennymbs","p2":"Sirbelgrave","format":"[Gen 9] Ubers","log":"|j|\u2606bennymbs\n|j|\u2606Sirbelgrave\n|t:|1697478255\n|gametype|singles\n|player|p1|bennymbs|mina|\n|player|p2|Sirbelgrave|plasmagrunt-gen5bw|\n|teamsize|p1|6\n|teamsize|p2|6\n|gen|9\n|tier|[Gen 9] Ubers\n|rule|Sleep Clause Mod: Limit one foe put to sleep\n|rule|Species Clause: Limit one of each Pok\u00e9mon\n|rule|OHKO Clause: OHKO moves are banned\n|rule|Evasion Items Clause: Evasion items are banned\n|rule|Evasion Moves Clause: Evasion moves are banned\n|rule|Endless Battle Clause: Forcing endless battles is banned\n|rule|HP Percentage Mod: HP is shown in percentages\n|clearpoke\n|poke|p1|Magearna|\n|poke|p1|Ursaluna, F|\n|poke|p1|Dialga|\n|poke|p1|Cresselia, F|\n|poke|p1|Dragapult, F|\n|poke|p1|Giratina|\n|poke|p2|Grimmsnarl, M|\n|poke|p2|Zacian-*|\n|poke|p2|Palkia-Origin|\n|poke|p2|Arceus-Ice|\n|poke|p2|Cyclizar, F|\n|poke|p2|Magearna|\n|teampreview\n|inactive|Battle timer is ON: inactive players will automatically lose when time's up. (requested by Sirbelgrave)\n|inactive|bennymbs also wants the timer to be on.\n|inactive|bennymbs has 270 seconds left.\n|inactive|Sirbelgrave has 270 seconds left.\n|\n|t:|1697478306\n|start\n|switch|p1a: Magearna|Magearna|100\/100\n|switch|p2a: Grimmsnarl|Grimmsnarl, M|100\/100\n|turn|1\n|\n|t:|1697478314\n|move|p2a: Grimmsnarl|Taunt|p1a: Magearna\n|-start|p1a: Magearna|move: Taunt\n|cant|p1a: Magearna|move: Taunt|Encore\n|\n|upkeep\n|turn|2\n|\n|t:|1697478318\n|move|p2a: Grimmsnarl|Light Screen|p2a: Grimmsnarl\n|-sidestart|p2: Sirbelgrave|move: Light Screen\n|move|p1a: Magearna|Fleur Cannon|p2a: Grimmsnarl\n|-supereffective|p2a: Grimmsnarl\n|-damage|p2a: Grimmsnarl|56\/100\n|-unboost|p1a: Magearna|spa|2\n|\n|upkeep\n|turn|3\n|\n|t:|1697478321\n|move|p2a: Grimmsnarl|Reflect|p2a: Grimmsnarl\n|-sidestart|p2: Sirbelgrave|Reflect\n|move|p1a: Magearna|Volt Switch|p2a: Grimmsnarl\n|-damage|p2a: Grimmsnarl|52\/100\n|\n|t:|1697478331\n|switch|p1a: Ursaluna|Ursaluna, F|100\/100|[from] Volt Switch\n|\n|-status|p1a: Ursaluna|brn|[from] item: Flame Orb\n|upkeep\n|turn|4\n|inactive|Sirbelgrave has 270 seconds left.\n|\n|t:|1697478388\n|switch|p2a: Cyclizar|Cyclizar, F|100\/100\n|move|p1a: Ursaluna|Facade|p2a: Cyclizar\n|-damage|p2a: Cyclizar|19\/100\n|\n|-damage|p1a: Ursaluna|94\/100 brn|[from] brn\n|upkeep\n|turn|5\n|\n|t:|1697478401\n|move|p2a: Cyclizar|Rapid Spin|p1a: Ursaluna\n|-damage|p1a: Ursaluna|85\/100 brn\n|-boost|p2a: Cyclizar|spe|1\n|move|p1a: Ursaluna|Facade|p2a: Cyclizar\n|-damage|p2a: Cyclizar|0 fnt\n|faint|p2a: Cyclizar\n|\n|-damage|p1a: Ursaluna|79\/100 brn|[from] brn\n|upkeep\n|\n|t:|1697478406\n|switch|p2a: Palkia|Palkia-Origin|100\/100\n|-ability|p2a: Palkia|Pressure\n|turn|6\n|\n|t:|1697478418\n|switch|p1a: Magearna|Magearna|100\/100\n|move|p2a: Palkia|Hydro Pump|p1a: Magearna|[miss]\n|-miss|p2a: Palkia|p1a: Magearna\n|\n|upkeep\n|turn|7\n|\n|t:|1697478433\n|move|p2a: Palkia|Fire Blast|p1a: Magearna|[miss]\n|-miss|p2a: Palkia|p1a: Magearna\n|move|p1a: Magearna|Trick Room|p1a: Magearna\n|-fieldstart|move: Trick Room|[of] p1a: Magearna\n|\n|upkeep\n|turn|8\n|c|\u2606bennymbs|That's. Wow.\n|c|\u2606Sirbelgrave|Unfortunate indeed\n|\n|t:|1697478454\n|move|p1a: Magearna|Fleur Cannon|p2a: Palkia\n|-supereffective|p2a: Palkia\n|-damage|p2a: Palkia|49\/100\n|-unboost|p1a: Magearna|spa|2\n|move|p2a: Palkia|Fire Blast|p1a: Magearna\n|-supereffective|p1a: Magearna\n|-damage|p1a: Magearna|48\/100\n|\n|-heal|p1a: Magearna|54\/100|[from] item: Leftovers\n|upkeep\n|turn|9\n|inactive|Sirbelgrave has 270 seconds left.\n|\n|t:|1697478480\n|move|p1a: Magearna|Volt Switch|p2a: Palkia\n|-damage|p2a: Palkia|45\/100\n|\n|t:|1697478484\n|switch|p1a: E-Killer Counter|Giratina|100\/100|[from] Volt Switch\n|-ability|p1a: E-Killer Counter|Pressure\n|move|p2a: Palkia|Fire Blast|p1a: E-Killer Counter\n|-resisted|p1a: E-Killer Counter\n|-damage|p1a: E-Killer Counter|88\/100\n|\n|-heal|p1a: E-Killer Counter|94\/100|[from] item: Leftovers\n|-sideend|p2: Sirbelgrave|move: Light Screen\n|upkeep\n|turn|10\n|\n|t:|1697478500\n|move|p1a: E-Killer Counter|Shadow Ball|p2a: Palkia\n|-damage|p2a: Palkia|18\/100\n|move|p2a: Palkia|Spacial Rend|p1a: E-Killer Counter\n|-supereffective|p1a: E-Killer Counter\n|-damage|p1a: E-Killer Counter|9\/100\n|\n|-heal|p1a: E-Killer Counter|15\/100|[from] item: Leftovers\n|-sideend|p2: Sirbelgrave|Reflect\n|upkeep\n|turn|11\n|\n|t:|1697478505\n|move|p1a: E-Killer Counter|Shadow Ball|p2a: Palkia\n|-damage|p2a: Palkia|0 fnt\n|faint|p2a: Palkia\n|\n|-heal|p1a: E-Killer Counter|22\/100|[from] item: Leftovers\n|-fieldend|move: Trick Room\n|upkeep\n|\n|t:|1697478508\n|switch|p2a: Grimmsnarl|Grimmsnarl, M|52\/100\n|turn|12\n|\n|t:|1697478513\n|move|p2a: Grimmsnarl|Light Screen|p2a: Grimmsnarl\n|-sidestart|p2: Sirbelgrave|move: Light Screen\n|move|p1a: E-Killer Counter|Defog|p2a: Grimmsnarl\n|-unboost|p2a: Grimmsnarl|evasion|1\n|-sideend|p2: Sirbelgrave|move: Light Screen\n|\n|-heal|p1a: E-Killer Counter|28\/100|[from] item: Leftovers\n|upkeep\n|turn|13\n|\n|t:|1697478521\n|switch|p1a: Ursaluna|Ursaluna, F|79\/100 brn\n|move|p2a: Grimmsnarl|Taunt|p1a: Ursaluna\n|-start|p1a: Ursaluna|move: Taunt\n|\n|-damage|p1a: Ursaluna|73\/100 brn|[from] brn\n|upkeep\n|turn|14\n|\n|t:|1697478524\n|move|p2a: Grimmsnarl|Reflect|p2a: Grimmsnarl\n|-sidestart|p2: Sirbelgrave|Reflect\n|move|p1a: Ursaluna|Facade|p2a: Grimmsnarl\n|-damage|p2a: Grimmsnarl|0 fnt\n|faint|p2a: Grimmsnarl\n|\n|-damage|p1a: Ursaluna|67\/100 brn|[from] brn\n|upkeep\n|j| OceanicGamer3\n|c| OceanicGamer3|What happened here\n|inactive|Sirbelgrave has 270 seconds left.\n|c|\u2606bennymbs|?\n|c|\u2606bennymbs|Ah\n|c|\u2606Sirbelgrave|I got bodied by ursa lol\n|c|\u2606bennymbs|Trick Room VS Screens Hyperoffense\n|inactive|Sirbelgrave has 240 seconds left.\n|c| OceanicGamer3|Lmao\n|c|\u2606bennymbs|Yeah, Ursaluna's power is so ridiculous that it almost ignores screens\n|c|\u2606bennymbs|It's funny\n|inactive|Sirbelgrave has 210 seconds left.\n|\n|t:|1697478639\n|switch|p2a: Zacian|Zacian|100\/100\n|-ability|p2a: Zacian|Intrepid Sword|boost\n|-boost|p2a: Zacian|atk|1\n|turn|15\n|\n|t:|1697478658\n|move|p2a: Zacian|Swords Dance|p2a: Zacian\n|-boost|p2a: Zacian|atk|2\n|move|p1a: Ursaluna|Facade|p2a: Zacian\n|-damage|p2a: Zacian|39\/100\n|\n|-damage|p1a: Ursaluna|61\/100 brn|[from] brn\n|-end|p1a: Ursaluna|move: Taunt\n|upkeep\n|turn|16\n|\n|t:|1697478663\n|move|p2a: Zacian|Close Combat|p1a: Ursaluna\n|-supereffective|p1a: Ursaluna\n|-damage|p1a: Ursaluna|0 fnt\n|-unboost|p2a: Zacian|def|1\n|-unboost|p2a: Zacian|spd|1\n|faint|p1a: Ursaluna\n|\n|upkeep\n|\n|t:|1697478676\n|switch|p1a: Dragapult|Dragapult, F|100\/100\n|turn|17\n|inactive|Sirbelgrave has 210 seconds left.\n|inactive|Sirbelgrave has 180 seconds left.\n|\n|t:|1697478733\n|switch|p2a: Magearna|Magearna|100\/100\n|-terastallize|p1a: Dragapult|Ghost\n|move|p1a: Dragapult|Tera Blast|p2a: Magearna|[anim] Tera Blast Ghost\n|-damage|p2a: Magearna|49\/100\n|\n|-heal|p2a: Magearna|55\/100|[from] item: Leftovers\n|upkeep\n|turn|18\n|inactive|Sirbelgrave has 180 seconds left.\n|inactive|bennymbs has 270 seconds left.\n|\n|t:|1697478756\n|switch|p1a: Dialga|Dialga|100\/100\n|-ability|p1a: Dialga|Pressure\n|move|p2a: Magearna|Shift Gear|p2a: Magearna\n|-boost|p2a: Magearna|spe|2\n|-boost|p2a: Magearna|atk|1\n|\n|-heal|p2a: Magearna|61\/100|[from] item: Leftovers\n|upkeep\n|turn|19\n|c| OceanicGamer3|Dragapult ISNT BANNED?\n|c| OceanicGamer3|WHAAAA\n|c|\u2606bennymbs|Surprisingly, no\n|c|\u2606bennymbs|It doesn't have enough usage in Ubers\n|inactive|Sirbelgrave has 150 seconds left.\n|c|\u2606bennymbs|Probably because it gets OHKO'D by everything in the tier-\n|c|\u2606Sirbelgrave|Yea prob lol\n|inactive|Sirbelgrave has 120 seconds left.\n|c|\u2606Sirbelgrave|Also the dons being fast dragons\n|c|\u2606Sirbelgrave|Doesn't help\n|\n|t:|1697478841\n|move|p2a: Magearna|Draining Kiss|p1a: Dialga\n|-damage|p1a: Dialga|82\/100\n|-heal|p2a: Magearna|77\/100|[from] drain|[of] p1a: Dialga\n|move|p1a: Dialga|Roar|p2a: Magearna\n|drag|p2a: Zacian|Zacian|39\/100\n|\n|-heal|p1a: Dialga|88\/100|[from] item: Leftovers\n|upkeep\n|turn|20\n|\n|t:|1697478856\n|move|p2a: Zacian|Play Rough|p1a: Dialga\n|-damage|p1a: Dialga|58\/100\n|move|p1a: Dialga|Flash Cannon|p2a: Zacian\n|-supereffective|p2a: Zacian\n|-damage|p2a: Zacian|0 fnt\n|faint|p2a: Zacian\n|\n|-heal|p1a: Dialga|64\/100|[from] item: Leftovers\n|upkeep\n|inactive|Sirbelgrave has 90 seconds left.\n|\n|t:|1697478872\n|switch|p2a: Magearna|Magearna|77\/100\n|turn|21\n|\n|t:|1697478879\n|move|p2a: Magearna|Draining Kiss|p1a: Dialga\n|-crit|p1a: Dialga\n|-damage|p1a: Dialga|37\/100\n|-heal|p2a: Magearna|99\/100|[from] drain|[of] p1a: Dialga\n|move|p1a: Dialga|Stealth Rock|p2a: Magearna\n|-sidestart|p2: Sirbelgrave|move: Stealth Rock\n|\n|-heal|p2a: Magearna|100\/100|[from] item: Leftovers\n|-heal|p1a: Dialga|44\/100|[from] item: Leftovers\n|-sideend|p2: Sirbelgrave|Reflect\n|upkeep\n|turn|22\n|\n|t:|1697478884\n|move|p2a: Magearna|Shift Gear|p2a: Magearna\n|-boost|p2a: Magearna|spe|2\n|-boost|p2a: Magearna|atk|1\n|move|p1a: Dialga|Roar|p2a: Magearna\n|drag|p2a: Arceus|Arceus-Ice|100\/100\n|-damage|p2a: Arceus|76\/100|[from] Stealth Rock\n|\n|-heal|p1a: Dialga|50\/100|[from] item: Leftovers\n|upkeep\n|turn|23\n|\n|t:|1697478889\n|switch|p2a: Magearna|Magearna|100\/100\n|-damage|p2a: Magearna|94\/100|[from] Stealth Rock\n|move|p1a: Dialga|Flash Cannon|p2a: Magearna\n|-damage|p2a: Magearna|54\/100\n|\n|-heal|p2a: Magearna|60\/100|[from] item: Leftovers\n|-heal|p1a: Dialga|56\/100|[from] item: Leftovers\n|upkeep\n|turn|24\n|\n|t:|1697478895\n|move|p2a: Magearna|Draining Kiss|p1a: Dialga\n|-damage|p1a: Dialga|36\/100\n|-heal|p2a: Magearna|77\/100|[from] drain|[of] p1a: Dialga\n|move|p1a: Dialga|Roar|p2a: Magearna\n|drag|p2a: Arceus|Arceus-Ice|76\/100\n|-damage|p2a: Arceus|51\/100|[from] Stealth Rock\n|\n|-heal|p1a: Dialga|42\/100|[from] item: Leftovers\n|upkeep\n|turn|25\n|inactive|Sirbelgrave has 120 seconds left.\n|inactive|Sirbelgrave has 90 seconds left.\n|inactive|Sirbelgrave has 60 seconds left.\n|\n|t:|1697478971\n|-terastallize|p2a: Arceus|Electric\n|move|p2a: Arceus|Swords Dance|p2a: Arceus\n|-boost|p2a: Arceus|atk|2\n|move|p1a: Dialga|Flash Cannon|p2a: Arceus\n|-resisted|p2a: Arceus\n|-damage|p2a: Arceus|32\/100\n|\n|-heal|p1a: Dialga|48\/100|[from] item: Leftovers\n|upkeep\n|turn|26\n|\n|t:|1697478980\n|move|p2a: Arceus|Judgment|p1a: Dialga\n|-damage|p1a: Dialga|5\/100\n|move|p1a: Dialga|Roar|p2a: Arceus\n|drag|p2a: Magearna|Magearna|77\/100\n|-damage|p2a: Magearna|71\/100|[from] Stealth Rock\n|\n|-heal|p1a: Dialga|11\/100|[from] item: Leftovers\n|-heal|p2a: Magearna|77\/100|[from] item: Leftovers\n|upkeep\n|turn|27\n|\n|t:|1697478985\n|move|p2a: Magearna|Draining Kiss|p1a: Dialga\n|-damage|p1a: Dialga|0 fnt\n|-heal|p2a: Magearna|86\/100|[from] drain|[of] p1a: Dialga\n|faint|p1a: Dialga\n|-ability|p2a: Magearna|Soul-Heart|boost\n|-boost|p2a: Magearna|spa|1\n|\n|-heal|p2a: Magearna|92\/100|[from] item: Leftovers\n|upkeep\n|\n|t:|1697478990\n|switch|p1a: Cresselia|Cresselia, F|100\/100\n|turn|28\n|\n|t:|1697478997\n|move|p2a: Magearna|Shift Gear|p2a: Magearna\n|-boost|p2a: Magearna|spe|2\n|-boost|p2a: Magearna|atk|1\n|move|p1a: Cresselia|Calm Mind|p1a: Cresselia\n|-boost|p1a: Cresselia|spa|1\n|-boost|p1a: Cresselia|spd|1\n|\n|-heal|p2a: Magearna|98\/100|[from] item: Leftovers\n|upkeep\n|turn|29\n|\n|t:|1697479002\n|switch|p2a: Arceus|Arceus-Ice, tera:Electric|32\/100\n|-damage|p2a: Arceus|20\/100|[from] Stealth Rock\n|move|p1a: Cresselia|Calm Mind|p1a: Cresselia\n|-boost|p1a: Cresselia|spa|1\n|-boost|p1a: Cresselia|spd|1\n|\n|upkeep\n|turn|30\n|\n|t:|1697479007\n|move|p2a: Arceus|Judgment|p1a: Cresselia\n|-damage|p1a: Cresselia|84\/100\n|move|p1a: Cresselia|Stored Power|p2a: Arceus\n|-damage|p2a: Arceus|0 fnt\n|faint|p2a: Arceus\n|\n|-heal|p1a: Cresselia|90\/100|[from] item: Leftovers\n|upkeep\n|\n|t:|1697479010\n|switch|p2a: Magearna|Magearna|98\/100\n|-damage|p2a: Magearna|92\/100|[from] Stealth Rock\n|turn|31\n|\n|t:|1697479015\n|move|p2a: Magearna|Shift Gear|p2a: Magearna\n|-boost|p2a: Magearna|spe|2\n|-boost|p2a: Magearna|atk|1\n|move|p1a: Cresselia|Calm Mind|p1a: Cresselia\n|-boost|p1a: Cresselia|spa|1\n|-boost|p1a: Cresselia|spd|1\n|\n|-heal|p2a: Magearna|98\/100|[from] item: Leftovers\n|-heal|p1a: Cresselia|96\/100|[from] item: Leftovers\n|upkeep\n|turn|32\n|c|\u2606Sirbelgrave|Gg\n|\n|t:|1697479022\n|move|p2a: Magearna|Calm Mind|p2a: Magearna\n|-boost|p2a: Magearna|spa|1\n|-boost|p2a: Magearna|spd|1\n|move|p1a: Cresselia|Stored Power|p2a: Magearna\n|-resisted|p2a: Magearna\n|-crit|p2a: Magearna\n|-damage|p2a: Magearna|9\/100\n|\n|-heal|p2a: Magearna|15\/100|[from] item: Leftovers\n|-heal|p1a: Cresselia|100\/100|[from] item: Leftovers\n|upkeep\n|turn|33\n|\n|t:|1697479025\n|move|p2a: Magearna|Draining Kiss|p1a: Cresselia\n|-damage|p1a: Cresselia|92\/100\n|-heal|p2a: Magearna|23\/100|[from] drain|[of] p1a: Cresselia\n|move|p1a: Cresselia|Stored Power|p2a: Magearna\n|-resisted|p2a: Magearna\n|-damage|p2a: Magearna|0 fnt\n|faint|p2a: Magearna\n|\n|win|bennymbs\n|c|\u2606bennymbs|Gg\n|c|\u2606bennymbs|It was fun\n","uploadtime":1697479041,"views":25,"p1id":"bennymbs","p2id":"sirbelgrave","formatid":"gen9ubers","rating":0,"private":0,"password":""}