{"id":"gen9ubers-1978619095","p1":"sheeshburger","p2":"Pokestar524","format":"[Gen 9] Ubers","log":"|j|\u2606sheeshburger\n|j|\u2606Pokestar524\n|t:|1698568169\n|gametype|singles\n|player|p1|sheeshburger|grimsley|1135\n|player|p2|Pokestar524|dawn|1000\n|teamsize|p1|6\n|teamsize|p2|6\n|gen|9\n|tier|[Gen 9] Ubers\n|rated|\n|rule|Sleep Clause Mod: Limit one foe put to sleep\n|rule|Species Clause: Limit one of each Pok\u00e9mon\n|rule|OHKO Clause: OHKO moves are banned\n|rule|Evasion Items Clause: Evasion items are banned\n|rule|Evasion Moves Clause: Evasion moves are banned\n|rule|Endless Battle Clause: Forcing endless battles is banned\n|rule|HP Percentage Mod: HP is shown in percentages\n|clearpoke\n|poke|p1|Ursaluna-Bloodmoon, M|\n|poke|p1|Fezandipiti, M|\n|poke|p1|Ogerpon-Hearthflame, F|\n|poke|p1|Cramorant, M|\n|poke|p1|Goodra-Hisui, F|\n|poke|p1|Garchomp, F|\n|poke|p2|Cresselia, F|\n|poke|p2|Zacian-*|\n|poke|p2|Eternatus|\n|poke|p2|Zamazenta-*|\n|poke|p2|Articuno|\n|poke|p2|Miraidon|\n|teampreview\n|inactive|Battle timer is ON: inactive players will automatically lose when time's up. (requested by sheeshburger)\n|\n|t:|1698568180\n|start\n|switch|p1a: GoGo GadgeChomp|Garchomp, F|100\/100\n|switch|p2a: Articuno|Articuno|100\/100\n|turn|1\n|\n|t:|1698568188\n|move|p1a: GoGo GadgeChomp|Stealth Rock|p2a: Articuno\n|-sidestart|p2: Pokestar524|move: Stealth Rock\n|move|p2a: Articuno|Ice Beam|p1a: GoGo GadgeChomp\n|-supereffective|p1a: GoGo GadgeChomp\n|-damage|p1a: GoGo GadgeChomp|0 fnt\n|faint|p1a: GoGo GadgeChomp\n|\n|upkeep\n|\n|t:|1698568199\n|switch|p1a: GoGo FireVine|Ogerpon-Hearthflame, F|100\/100\n|-ability|p1a: GoGo FireVine|Mold Breaker\n|turn|2\n|\n|t:|1698568210\n|move|p1a: GoGo FireVine|Ivy Cudgel|p2a: Articuno\n|-supereffective|p2a: Articuno\n|-damage|p2a: Articuno|0 fnt\n|faint|p2a: Articuno\n|\n|upkeep\n|\n|t:|1698568219\n|switch|p2a: Cresselia|Cresselia, F|100\/100\n|-damage|p2a: Cresselia|88\/100|[from] Stealth Rock\n|turn|3\n|-activate|p2a: Cresselia|item: Quick Claw\n|\n|t:|1698568227\n|move|p2a: Cresselia|Body Slam|p1a: GoGo FireVine\n|-damage|p1a: GoGo FireVine|81\/100\n|-status|p1a: GoGo FireVine|par\n|cant|p1a: GoGo FireVine|par\n|\n|upkeep\n|turn|4\n|-activate|p2a: Cresselia|item: Quick Claw\n|\n|t:|1698568236\n|switch|p1a: GoGo SwipeSwipe|Goodra-Hisui, F|100\/100\n|move|p2a: Cresselia|Moonblast|p1a: GoGo SwipeSwipe\n|-damage|p1a: GoGo SwipeSwipe|91\/100\n|-unboost|p1a: GoGo SwipeSwipe|spa|1\n|\n|-heal|p1a: GoGo SwipeSwipe|97\/100|[from] item: Leftovers\n|upkeep\n|turn|5\n|-activate|p2a: Cresselia|item: Quick Claw\n|\n|t:|1698568248\n|move|p2a: Cresselia|Ice Beam|p1a: GoGo SwipeSwipe\n|-damage|p1a: GoGo SwipeSwipe|87\/100\n|move|p1a: GoGo SwipeSwipe|Dragon Tail|p2a: Cresselia\n|-damage|p2a: Cresselia|72\/100\n|drag|p2a: Zacian|Zacian-Crowned|100\/100\n|-damage|p2a: Zacian|94\/100|[from] Stealth Rock\n|-ability|p2a: Zacian|Intrepid Sword|boost\n|-boost|p2a: Zacian|atk|1\n|\n|-heal|p1a: GoGo SwipeSwipe|93\/100|[from] item: Leftovers\n|upkeep\n|turn|6\n|\n|t:|1698568264\n|-terastallize|p1a: GoGo SwipeSwipe|Fairy\n|move|p2a: Zacian|Behemoth Blade|p1a: GoGo SwipeSwipe\n|-supereffective|p1a: GoGo SwipeSwipe\n|-damage|p1a: GoGo SwipeSwipe|0 fnt\n|faint|p1a: GoGo SwipeSwipe\n|\n|upkeep\n|\n|t:|1698568275\n|switch|p1a: GoGo FireVine|Ogerpon-Hearthflame, F|81\/100 par\n|-ability|p1a: GoGo FireVine|Mold Breaker\n|turn|7\n|\n|t:|1698568284\n|move|p2a: Zacian|Behemoth Blade|p1a: GoGo FireVine\n|-resisted|p1a: GoGo FireVine\n|-damage|p1a: GoGo FireVine|31\/100 par\n|cant|p1a: GoGo FireVine|par\n|\n|upkeep\n|turn|8\n|c|\u2606sheeshburger|im so stupid\n|c|\u2606sheeshburger|behemoth blade is steel not fight\n|\n|t:|1698568300\n|move|p2a: Zacian|Crunch|p1a: GoGo FireVine\n|-damage|p1a: GoGo FireVine|0 fnt\n|faint|p1a: GoGo FireVine\n|\n|upkeep\n|c|\u2606sheeshburger|well gg\n|-message|sheeshburger forfeited.\n|\n|win|Pokestar524\n|raw|sheeshburger's rating: 1135 &rarr; <strong>1101<\/strong><br \/>(-34 for losing)\n|raw|Pokestar524's rating: 1000 &rarr; <strong>1055<\/strong><br \/>(+55 for winning)\n|l|\u2606sheeshburger\n","uploadtime":1698568319,"views":19,"p1id":"sheeshburger","p2id":"pokestar524","formatid":"gen9ubers","rating":1055,"private":0,"password":""}