{"id":"gen9ubers-1975890203","p1":"ggygsrh","p2":"sjsjsjsjPu","format":"[Gen 9] Ubers","log":"|j|\u2606ggygsrh\n|j|\u2606sjsjsjsjPu\n|t:|1698246908\n|gametype|singles\n|player|p1|ggygsrh|101|1027\n|player|p2|sjsjsjsjPu|2|1000\n|teamsize|p1|6\n|teamsize|p2|6\n|gen|9\n|tier|[Gen 9] Ubers\n|rated|\n|rule|Sleep Clause Mod: Limit one foe put to sleep\n|rule|Species Clause: Limit one of each Pok\u00e9mon\n|rule|OHKO Clause: OHKO moves are banned\n|rule|Evasion Items Clause: Evasion items are banned\n|rule|Evasion Moves Clause: Evasion moves are banned\n|rule|Endless Battle Clause: Forcing endless battles is banned\n|rule|HP Percentage Mod: HP is shown in percentages\n|clearpoke\n|poke|p1|Okidogi, M|\n|poke|p1|Glastrier|\n|poke|p1|Landorus-Therian, M|\n|poke|p1|Tornadus, M|\n|poke|p1|Amoonguss, F|\n|poke|p1|Chi-Yu|\n|poke|p2|Masquerain, F|\n|poke|p2|Medicham, M|\n|poke|p2|Haunter, F|\n|poke|p2|Basculin-White-Striped, M|\n|poke|p2|Regidrago|\n|poke|p2|Primeape, M|\n|teampreview\n|\n|t:|1698246920\n|start\n|switch|p1a: Landorus|Landorus-Therian, M|100\/100\n|switch|p2a: Masquerain|Masquerain, F|100\/100\n|-ability|p1a: Landorus|Intimidate|boost\n|-unboost|p2a: Masquerain|atk|1\n|-ability|p2a: Masquerain|Intimidate|boost\n|-unboost|p1a: Landorus|atk|1\n|turn|1\n|inactive|Battle timer is ON: inactive players will automatically lose when time's up. (requested by sjsjsjsjPu)\n|\n|t:|1698246931\n|move|p1a: Landorus|U-turn|p2a: Masquerain\n|-resisted|p2a: Masquerain\n|-damage|p2a: Masquerain|86\/100\n|\n|t:|1698246935\n|switch|p1a: Tornadus|Tornadus, M|100\/100|[from] U-turn\n|move|p2a: Masquerain|Sticky Web|p1a: Tornadus\n|-sidestart|p1: ggygsrh|move: Sticky Web\n|\n|upkeep\n|turn|2\n|\n|t:|1698246944\n|move|p1a: Tornadus|Tailwind|p1a: Tornadus\n|-sidestart|p1: ggygsrh|move: Tailwind\n|move|p2a: Masquerain|Hurricane|p1a: Tornadus\n|-damage|p1a: Tornadus|44\/100\n|\n|upkeep\n|turn|3\n|\n|t:|1698246953\n|switch|p1a: Glastrier|Glastrier|100\/100\n|-activate|p1a: Glastrier|move: Sticky Web\n|-fail|p1a: Glastrier|unboost|[from] item: Clear Amulet|[of] p1a: Glastrier\n|move|p2a: Masquerain|Hurricane|p1a: Glastrier|[miss]\n|-miss|p2a: Masquerain|p1a: Glastrier\n|\n|upkeep\n|turn|4\n|\n|t:|1698246963\n|move|p2a: Masquerain|Bug Buzz|p1a: Glastrier\n|-damage|p1a: Glastrier|74\/100\n|move|p1a: Glastrier|Icicle Crash|p2a: Masquerain\n|-supereffective|p2a: Masquerain\n|-damage|p2a: Masquerain|0 fnt\n|faint|p2a: Masquerain\n|-ability|p1a: Glastrier|Chilling Neigh|boost\n|-boost|p1a: Glastrier|atk|1\n|\n|upkeep\n|\n|t:|1698246968\n|switch|p2a: Medicham|Medicham, M|100\/100\n|turn|5\n|\n|t:|1698246976\n|move|p2a: Medicham|Psych Up|p1a: Glastrier\n|-copyboost|p2a: Medicham|p1a: Glastrier|[from] move: Psych Up\n|move|p1a: Glastrier|Icicle Crash|p2a: Medicham\n|-enditem|p2a: Medicham|Focus Sash\n|-damage|p2a: Medicham|1\/100\n|\n|-sideend|p1: ggygsrh|move: Tailwind\n|upkeep\n|turn|6\n|\n|t:|1698246988\n|switch|p1a: Landorus|Landorus-Therian, M|100\/100\n|-ability|p1a: Landorus|Intimidate|boost\n|-unboost|p2a: Medicham|atk|1\n|move|p2a: Medicham|High Jump Kick|p1a: Landorus\n|-resisted|p1a: Landorus\n|-damage|p1a: Landorus|60\/100\n|\n|upkeep\n|turn|7\n|\n|t:|1698246997\n|move|p1a: Landorus|U-turn|p2a: Medicham\n|-damage|p2a: Medicham|0 fnt\n|faint|p2a: Medicham\n|\n|t:|1698247001\n|switch|p1a: Tornadus|Tornadus, M|44\/100|[from] U-turn\n|\n|upkeep\n|\n|t:|1698247013\n|switch|p2a: Regidrago|Regidrago|100\/100\n|turn|8\n|\n|t:|1698247023\n|move|p1a: Tornadus|Tailwind|p1a: Tornadus\n|-sidestart|p1: ggygsrh|move: Tailwind\n|move|p2a: Regidrago|Dragon Energy|p1a: Tornadus\n|-damage|p1a: Tornadus|0 fnt\n|faint|p1a: Tornadus\n|\n|upkeep\n|\n|t:|1698247030\n|switch|p1a: Glastrier|Glastrier|74\/100\n|-activate|p1a: Glastrier|move: Sticky Web\n|-fail|p1a: Glastrier|unboost|[from] item: Clear Amulet|[of] p1a: Glastrier\n|turn|9\n|\n|t:|1698247036\n|move|p2a: Regidrago|Dragon Energy|p1a: Glastrier\n|-damage|p1a: Glastrier|15\/100\n|move|p1a: Glastrier|Icicle Crash|p2a: Regidrago\n|-supereffective|p2a: Regidrago\n|-damage|p2a: Regidrago|18\/100\n|\n|upkeep\n|turn|10\n|inactive|ggygsrh has 120 seconds left.\n|\n|t:|1698247068\n|switch|p2a: Haunter|Haunter, F|100\/100\n|move|p1a: Glastrier|Stomping Tantrum|p2a: Haunter\n|-immune|p2a: Haunter|[from] ability: Levitate\n|\n|upkeep\n|turn|11\n|\n|t:|1698247075\n|move|p2a: Haunter|Night Shade|p1a: Glastrier\n|-damage|p1a: Glastrier|0 fnt\n|faint|p1a: Glastrier\n|\n|-sideend|p1: ggygsrh|move: Tailwind\n|upkeep\n|inactive|ggygsrh has 120 seconds left.\n|\n|t:|1698247103\n|switch|p1a: Amoonguss|Amoonguss, F|100\/100\n|-activate|p1a: Amoonguss|move: Sticky Web\n|-unboost|p1a: Amoonguss|spe|1\n|turn|12\n|\n|t:|1698247113\n|move|p2a: Haunter|Night Shade|p1a: Amoonguss\n|-damage|p1a: Amoonguss|77\/100\n|move|p1a: Amoonguss|Spore|p2a: Haunter\n|-status|p2a: Haunter|slp|[from] move: Spore\n|\n|upkeep\n|turn|13\n|\n|t:|1698247127\n|switch|p1a: Chi-Yu|Chi-Yu|100\/100\n|-activate|p1a: Chi-Yu|move: Sticky Web\n|-unboost|p1a: Chi-Yu|spe|1\n|-ability|p1a: Chi-Yu|Beads of Ruin\n|cant|p2a: Haunter|slp\n|\n|upkeep\n|turn|14\n|\n|t:|1698247138\n|cant|p2a: Haunter|slp\n|move|p1a: Chi-Yu|Heat Wave|p2a: Haunter\n|-damage|p2a: Haunter|0 fnt\n|faint|p2a: Haunter\n|\n|upkeep\n|\n|t:|1698247143\n|switch|p2a: Regidrago|Regidrago|18\/100\n|turn|15\n|inactive|ggygsrh has 120 seconds left.\n|\n|t:|1698247159\n|move|p2a: Regidrago|Draco Meteor|p1a: Chi-Yu\n|-damage|p1a: Chi-Yu|17\/100\n|-unboost|p2a: Regidrago|spa|2\n|move|p1a: Chi-Yu|Heat Wave|p2a: Regidrago\n|-resisted|p2a: Regidrago\n|-damage|p2a: Regidrago|0 fnt\n|faint|p2a: Regidrago\n|\n|upkeep\n|\n|t:|1698247165\n|switch|p2a: Primeape|Primeape, M|100\/100\n|turn|16\n|inactive|ggygsrh has 120 seconds left.\n|\n|t:|1698247172\n|move|p2a: Primeape|Drain Punch|p1a: Chi-Yu\n|-supereffective|p1a: Chi-Yu\n|-damage|p1a: Chi-Yu|0 fnt\n|faint|p1a: Chi-Yu\n|\n|upkeep\n|inactive|ggygsrh has 120 seconds left.\n|\n|t:|1698247180\n|switch|p1a: Amoonguss|Amoonguss, F|100\/100\n|-activate|p1a: Amoonguss|move: Sticky Web\n|-unboost|p1a: Amoonguss|spe|1\n|turn|17\n|\n|t:|1698247185\n|move|p2a: Primeape|Substitute|p2a: Primeape\n|-start|p2a: Primeape|Substitute\n|-damage|p2a: Primeape|76\/100\n|move|p1a: Amoonguss|Spore||[still]\n|-fail|p1a: Amoonguss\n|\n|-heal|p2a: Primeape|82\/100|[from] item: Leftovers\n|upkeep\n|turn|18\n|\n|t:|1698247194\n|move|p2a: Primeape|Bulk Up|p2a: Primeape\n|-boost|p2a: Primeape|atk|1\n|-boost|p2a: Primeape|def|1\n|move|p1a: Amoonguss|Pollen Puff|p2a: Primeape\n|-resisted|p2a: Primeape\n|-activate|p2a: Primeape|move: Substitute|[damage]\n|\n|-heal|p2a: Primeape|88\/100|[from] item: Leftovers\n|upkeep\n|turn|19\n|\n|t:|1698247207\n|move|p2a: Primeape|Bulk Up|p2a: Primeape\n|-boost|p2a: Primeape|atk|1\n|-boost|p2a: Primeape|def|1\n|move|p1a: Amoonguss|Pollen Puff|p2a: Primeape\n|-resisted|p2a: Primeape\n|-end|p2a: Primeape|Substitute\n|\n|-heal|p2a: Primeape|94\/100|[from] item: Leftovers\n|upkeep\n|turn|20\n|\n|t:|1698247219\n|move|p1a: Amoonguss|Rage Powder||[still]\n|-fail|p1a: Amoonguss\n|move|p2a: Primeape|Substitute|p2a: Primeape\n|-start|p2a: Primeape|Substitute\n|-damage|p2a: Primeape|69\/100\n|\n|-heal|p2a: Primeape|75\/100|[from] item: Leftovers\n|upkeep\n|turn|21\n|\n|t:|1698247230\n|switch|p1a: Landorus|Landorus-Therian, M|60\/100\n|-ability|p1a: Landorus|Intimidate|boost\n|-immune|p2a: Primeape\n|move|p2a: Primeape|Bulk Up|p2a: Primeape\n|-boost|p2a: Primeape|atk|1\n|-boost|p2a: Primeape|def|1\n|\n|-heal|p2a: Primeape|81\/100|[from] item: Leftovers\n|upkeep\n|turn|22\n|\n|t:|1698247244\n|move|p2a: Primeape|Drain Punch|p1a: Landorus\n|-resisted|p1a: Landorus\n|-damage|p1a: Landorus|16\/100\n|-heal|p2a: Primeape|100\/100|[from] drain|[of] p1a: Landorus\n|move|p1a: Landorus|Stomping Tantrum|p2a: Primeape\n|-end|p2a: Primeape|Substitute\n|\n|upkeep\n|turn|23\n|\n|t:|1698247254\n|move|p2a: Primeape|Drain Punch|p1a: Landorus\n|-resisted|p1a: Landorus\n|-damage|p1a: Landorus|0 fnt\n|faint|p1a: Landorus\n|\n|upkeep\n|\n|t:|1698247260\n|switch|p1a: Okidogi|Okidogi, M|100\/100\n|-activate|p1a: Okidogi|move: Sticky Web\n|-unboost|p1a: Okidogi|spe|1\n|turn|24\n|\n|t:|1698247270\n|move|p2a: Primeape|Bulk Up|p2a: Primeape\n|-boost|p2a: Primeape|atk|1\n|-boost|p2a: Primeape|def|1\n|move|p1a: Okidogi|Ice Punch|p2a: Primeape\n|-damage|p2a: Primeape|84\/100\n|\n|-heal|p2a: Primeape|90\/100|[from] item: Leftovers\n|upkeep\n|turn|25\n|\n|t:|1698247285\n|move|p2a: Primeape|Bulk Up|p2a: Primeape\n|-boost|p2a: Primeape|atk|1\n|-boost|p2a: Primeape|def|1\n|move|p1a: Okidogi|Knock Off|p2a: Primeape\n|-resisted|p2a: Primeape\n|-damage|p2a: Primeape|81\/100\n|-enditem|p2a: Primeape|Leftovers|[from] move: Knock Off|[of] p1a: Okidogi\n|\n|upkeep\n|turn|26\n|\n|t:|1698247298\n|move|p2a: Primeape|Bulk Up|p2a: Primeape\n|-boost|p2a: Primeape|atk|1\n|-boost|p2a: Primeape|def|1\n|move|p1a: Okidogi|Ice Punch|p2a: Primeape\n|-damage|p2a: Primeape|67\/100\n|\n|upkeep\n|turn|27\n|\n|t:|1698247310\n|move|p2a: Primeape|Rage Fist|p1a: Okidogi\n|-damage|p1a: Okidogi|0 fnt\n|faint|p1a: Okidogi\n|\n|upkeep\n|\n|t:|1698247316\n|switch|p1a: Amoonguss|Amoonguss, F|100\/100\n|-activate|p1a: Amoonguss|move: Sticky Web\n|-unboost|p1a: Amoonguss|spe|1\n|turn|28\n|\n|t:|1698247322\n|move|p2a: Primeape|Rage Fist|p1a: Amoonguss\n|-damage|p1a: Amoonguss|0 fnt\n|faint|p1a: Amoonguss\n|\n|win|sjsjsjsjPu\n|raw|ggygsrh's rating: 1027 &rarr; <strong>1012<\/strong><br \/>(-15 for losing)\n|raw|sjsjsjsjPu's rating: 1000 &rarr; <strong>1043<\/strong><br \/>(+43 for winning)\n|l|\u2606ggygsrh\n","uploadtime":1698247333,"views":8,"p1id":"ggygsrh","p2id":"sjsjsjsjpu","formatid":"gen9ubers","rating":1012,"private":0,"password":""}