{"id":"gen9ubers-1973896727","p1":"GS Wendigo","p2":"GS StuDogg101","format":"[Gen 9] Ubers","log":"|j|\u2606GS Wendigo\n|j|\u2606GS StuDogg101\n|t:|1698025543\n|gametype|singles\n|player|p1|GS Wendigo|102|\n|player|p2|GS StuDogg101|gambler|\n|teamsize|p1|6\n|teamsize|p2|6\n|gen|9\n|tier|[Gen 9] Ubers\n|rule|Sleep Clause Mod: Limit one foe put to sleep\n|rule|Species Clause: Limit one of each Pok\u00e9mon\n|rule|OHKO Clause: OHKO moves are banned\n|rule|Evasion Items Clause: Evasion items are banned\n|rule|Evasion Moves Clause: Evasion moves are banned\n|rule|Endless Battle Clause: Forcing endless battles is banned\n|rule|HP Percentage Mod: HP is shown in percentages\n|clearpoke\n|poke|p1|Flutter Mane|\n|poke|p1|Ninetales-Alola, M|\n|poke|p1|Overqwil, M|\n|poke|p1|Torterra, F|\n|poke|p1|Frosmoth, M|\n|poke|p1|Gurdurr, F|\n|poke|p2|Slowbro-Galar, F|\n|poke|p2|Vikavolt, M|\n|poke|p2|Scream Tail|\n|poke|p2|Kleavor, M|\n|poke|p2|Manaphy|\n|poke|p2|Chien-Pao|\n|teampreview\n|\n|t:|1698025575\n|start\n|switch|p1a: CHAIN MACE|Overqwil, M, shiny|100\/100\n|switch|p2a: Tangaroa|Manaphy|100\/100\n|-ability|p1a: CHAIN MACE|Intimidate|boost\n|-unboost|p2a: Tangaroa|atk|1\n|turn|1\n|\n|t:|1698025596\n|switch|p1a: U KNOW|Frosmoth, M, shiny|100\/100\n|move|p2a: Tangaroa|Flip Turn|p1a: U KNOW\n|-damage|p1a: U KNOW|70\/100\n|\n|t:|1698025622\n|switch|p2a: Zeke|Chien-Pao|100\/100|[from] Flip Turn\n|-ability|p2a: Zeke|Sword of Ruin\n|\n|upkeep\n|turn|2\n|\n|t:|1698025647\n|switch|p1a: CHIEN POW|Gurdurr, F|100\/100\n|move|p2a: Zeke|Substitute|p2a: Zeke\n|-start|p2a: Zeke|Substitute\n|-damage|p2a: Zeke|76\/100\n|\n|-heal|p2a: Zeke|82\/100|[from] item: Leftovers\n|upkeep\n|turn|3\n|\n|t:|1698025691\n|move|p1a: CHIEN POW|Mach Punch|p2a: Zeke\n|-supereffective|p2a: Zeke\n|-end|p2a: Zeke|Substitute\n|move|p2a: Zeke|Ice Spinner|p1a: CHIEN POW\n|-damage|p1a: CHIEN POW|67\/100\n|\n|-heal|p2a: Zeke|88\/100|[from] item: Leftovers\n|upkeep\n|turn|4\n|\n|t:|1698025706\n|switch|p2a: Buffy|Scream Tail|100\/100\n|move|p1a: CHIEN POW|Knock Off|p2a: Buffy\n|-damage|p2a: Buffy|80\/100\n|-enditem|p2a: Buffy|Heavy-Duty Boots|[from] move: Knock Off|[of] p1a: CHIEN POW\n|\n|upkeep\n|turn|5\n|\n|t:|1698025726\n|switch|p1a: CHAIN MACE|Overqwil, M, shiny|100\/100\n|-ability|p1a: CHAIN MACE|Intimidate|boost\n|-unboost|p2a: Buffy|atk|1\n|move|p2a: Buffy|Wish|p2a: Buffy\n|\n|upkeep\n|turn|6\n|\n|t:|1698025771\n|-end|p2a: Buffy|Protosynthesis|[silent]\n|switch|p2a: Mantis|Kleavor, M, shiny|100\/100\n|move|p1a: CHAIN MACE|Toxic Spikes|p2a: Mantis\n|-sidestart|p2: GS StuDogg101|move: Toxic Spikes\n|\n|upkeep\n|turn|7\n|l|\u2606GS Wendigo\n|player|p1|\n|j|\u2606GS Wendigo\n|player|p1|GS Wendigo|102\n|c|\u2606GS StuDogg101|Soz brb\n|c|\u2606GS Wendigo|Nw i was thinking i disconnected lol\n|c|\u2606GS StuDogg101|Back. Sorry kid poop emergency lol\n|c|\u2606GS Wendigo|Hahahahaa no worries\n|\n|t:|1698026102\n|move|p2a: Mantis|Stone Axe|p1a: CHAIN MACE\n|-damage|p1a: CHAIN MACE|61\/100\n|-sidestart|p1: GS Wendigo|move: Stealth Rock\n|move|p1a: CHAIN MACE|Liquidation|p2a: Mantis\n|-supereffective|p2a: Mantis\n|-damage|p2a: Mantis|38\/100\n|\n|-heal|p1a: CHAIN MACE|67\/100|[from] item: Black Sludge\n|upkeep\n|turn|8\n|\n|t:|1698026144\n|move|p2a: Mantis|X-Scissor|p1a: CHAIN MACE\n|-damage|p1a: CHAIN MACE|19\/100\n|move|p1a: CHAIN MACE|Swords Dance|p1a: CHAIN MACE\n|-boost|p1a: CHAIN MACE|atk|2\n|\n|-heal|p1a: CHAIN MACE|25\/100|[from] item: Black Sludge\n|upkeep\n|turn|9\n|\n|t:|1698026163\n|switch|p1a: CHIEN POW|Gurdurr, F|67\/100\n|-damage|p1a: CHIEN POW|61\/100|[from] Stealth Rock\n|move|p2a: Mantis|X-Scissor|p1a: CHIEN POW\n|-resisted|p1a: CHIEN POW\n|-crit|p1a: CHIEN POW\n|-damage|p1a: CHIEN POW|34\/100\n|\n|upkeep\n|turn|10\n|\n|t:|1698026231\n|move|p2a: Mantis|X-Scissor|p1a: CHIEN POW\n|-resisted|p1a: CHIEN POW\n|-damage|p1a: CHIEN POW|13\/100\n|move|p1a: CHIEN POW|Drain Punch|p2a: Mantis\n|-damage|p2a: Mantis|1\/100\n|-heal|p1a: CHIEN POW|30\/100|[from] drain|[of] p2a: Mantis\n|\n|upkeep\n|turn|11\n|\n|t:|1698026245\n|move|p1a: CHIEN POW|Mach Punch|p2a: Mantis\n|-damage|p2a: Mantis|0 fnt\n|faint|p2a: Mantis\n|\n|upkeep\n|\n|t:|1698026251\n|switch|p2a: Codeine|Slowbro-Galar, F|100\/100\n|-sideend|p2: GS StuDogg101|move: Toxic Spikes|[of] p2a: Codeine\n|turn|12\n|\n|t:|1698026270\n|switch|p1a: U KNOW|Frosmoth, M, shiny|70\/100\n|switch|p2a: Buffy|Scream Tail|80\/100\n|\n|upkeep\n|turn|13\n|\n|t:|1698026286\n|-terastallize|p1a: U KNOW|Water\n|move|p1a: U KNOW|Defog|p2a: Buffy\n|-unboost|p2a: Buffy|evasion|1\n|-sideend|p1: GS Wendigo|Stealth Rock|[from] move: Defog|[of] p1a: U KNOW\n|move|p2a: Buffy|Roar|p1a: U KNOW\n|drag|p1a: CHIEN POW|Gurdurr, F|30\/100\n|\n|upkeep\n|turn|14\n|\n|t:|1698026304\n|switch|p1a: BURRR|Ninetales-Alola, M|100\/100\n|-weather|Snow|[from] ability: Snow Warning|[of] p1a: BURRR\n|move|p2a: Buffy|Wish|p2a: Buffy\n|\n|-weather|Snow|[upkeep]\n|upkeep\n|turn|15\n|\n|t:|1698026328\n|move|p2a: Buffy|Dazzling Gleam|p1a: BURRR\n|-damage|p1a: BURRR|75\/100\n|move|p1a: BURRR|Aurora Veil|p1a: BURRR\n|-sidestart|p1: GS Wendigo|move: Aurora Veil\n|\n|-weather|Snow|[upkeep]\n|-heal|p2a: Buffy|100\/100|[from] move: Wish|[wisher] Buffy\n|upkeep\n|turn|16\n|\n|t:|1698026341\n|move|p2a: Buffy|Encore|p1a: BURRR\n|-start|p1a: BURRR|Encore\n|move|p1a: BURRR|Aurora Veil||[still]\n|-fail|p1a: BURRR\n|\n|-weather|Snow|[upkeep]\n|upkeep\n|turn|17\n|\n|t:|1698026372\n|switch|p1a: GUCCI MANE|Flutter Mane, shiny|100\/100\n|move|p2a: Buffy|Roar|p1a: GUCCI MANE\n|-end|p1a: GUCCI MANE|Protosynthesis|[silent]\n|drag|p1a: U KNOW|Frosmoth, M, shiny, tera:Water|70\/100\n|\n|-weather|Snow|[upkeep]\n|upkeep\n|turn|18\n|\n|t:|1698026389\n|move|p1a: U KNOW|Ice Beam|p2a: Buffy\n|-damage|p2a: Buffy|69\/100\n|-status|p2a: Buffy|frz\n|-curestatus|p2a: Buffy|frz|[msg]\n|move|p2a: Buffy|Roar|p1a: U KNOW\n|drag|p1a: CHAIN MACE|Overqwil, M, shiny|25\/100\n|-ability|p1a: CHAIN MACE|Intimidate|boost\n|-unboost|p2a: Buffy|atk|1\n|\n|-weather|none\n|-heal|p1a: CHAIN MACE|31\/100|[from] item: Black Sludge\n|upkeep\n|turn|19\n|\n|t:|1698026424\n|-end|p2a: Buffy|Protosynthesis|[silent]\n|switch|p2a: Codeine|Slowbro-Galar, F|100\/100\n|move|p1a: CHAIN MACE|Toxic Spikes|p2a: Codeine\n|-sidestart|p2: GS StuDogg101|move: Toxic Spikes\n|\n|-heal|p1a: CHAIN MACE|38\/100|[from] item: Black Sludge\n|upkeep\n|turn|20\n|\n|t:|1698026432\n|move|p1a: CHAIN MACE|Crunch|p2a: Codeine\n|-supereffective|p2a: Codeine\n|-damage|p2a: Codeine|30\/100\n|-unboost|p2a: Codeine|def|1\n|move|p2a: Codeine|Trick Room|p2a: Codeine\n|-fieldstart|move: Trick Room|[of] p2a: Codeine\n|\n|-heal|p1a: CHAIN MACE|44\/100|[from] item: Black Sludge\n|upkeep\n|turn|21\n|\n|t:|1698026454\n|move|p2a: Codeine|Earthquake|p1a: CHAIN MACE\n|-supereffective|p1a: CHAIN MACE\n|-crit|p1a: CHAIN MACE\n|-damage|p1a: CHAIN MACE|0 fnt\n|faint|p1a: CHAIN MACE\n|\n|upkeep\n|\n|t:|1698026464\n|switch|p1a: BURRR|Ninetales-Alola, M|75\/100\n|-weather|Snow|[from] ability: Snow Warning|[of] p1a: BURRR\n|turn|22\n|\n|t:|1698026497\n|move|p2a: Codeine|Shell Side Arm|p1a: BURRR|[anim] Shell Side Arm Physical\n|-supereffective|p1a: BURRR\n|-damage|p1a: BURRR|41\/100\n|-hint|Physical Shell Side Arm\n|move|p1a: BURRR|Freeze-Dry|p2a: Codeine\n|-crit|p2a: Codeine\n|-damage|p2a: Codeine|0 fnt\n|faint|p2a: Codeine\n|\n|-weather|Snow|[upkeep]\n|-sideend|p1: GS Wendigo|move: Aurora Veil\n|upkeep\n|c|\u2606GS StuDogg101|Whoops\n|\n|t:|1698026515\n|switch|p2a: Raptor|Vikavolt, M, shiny|100\/100\n|turn|23\n|\n|t:|1698026541\n|switch|p1a: U KNOW|Frosmoth, M, shiny, tera:Water|70\/100\n|move|p2a: Raptor|Flash Cannon|p1a: U KNOW\n|-resisted|p1a: U KNOW\n|-damage|p1a: U KNOW|62\/100\n|\n|-weather|Snow|[upkeep]\n|upkeep\n|turn|24\n|\n|t:|1698026585\n|switch|p1a: ILYKTORTLES|Torterra, F, shiny|100\/100\n|move|p2a: Raptor|Bug Buzz|p1a: ILYKTORTLES\n|-supereffective|p1a: ILYKTORTLES\n|-damage|p1a: ILYKTORTLES|0 fnt\n|faint|p1a: ILYKTORTLES\n|\n|-weather|Snow|[upkeep]\n|-fieldend|move: Trick Room\n|upkeep\n|c|\u2606GS Wendigo|Nice play\n|\n|t:|1698026609\n|switch|p1a: GUCCI MANE|Flutter Mane, shiny|100\/100\n|turn|25\n|c|\u2606GS StuDogg101|Lucky\n|\n|t:|1698026647\n|switch|p2a: Buffy|Scream Tail|69\/100\n|-status|p2a: Buffy|psn\n|move|p1a: GUCCI MANE|Moonblast|p2a: Buffy\n|-damage|p2a: Buffy|36\/100 psn\n|\n|-weather|Snow|[upkeep]\n|-damage|p2a: Buffy|24\/100 psn|[from] psn\n|upkeep\n|turn|26\n|\n|t:|1698026662\n|move|p1a: GUCCI MANE|Moonblast|p2a: Buffy\n|-damage|p2a: Buffy|0 fnt\n|faint|p2a: Buffy\n|-end|p2a: Buffy|Protosynthesis|[silent]\n|\n|-weather|none\n|upkeep\n|\n|t:|1698026669\n|switch|p2a: Tangaroa|Manaphy|100\/100\n|-status|p2a: Tangaroa|psn\n|turn|27\n|\n|t:|1698026678\n|-end|p1a: GUCCI MANE|Protosynthesis|[silent]\n|switch|p1a: U KNOW|Frosmoth, M, shiny, tera:Water|62\/100\n|move|p2a: Tangaroa|Knock Off|p1a: U KNOW\n|-damage|p1a: U KNOW|19\/100\n|-enditem|p1a: U KNOW|Heavy-Duty Boots|[from] move: Knock Off|[of] p2a: Tangaroa\n|\n|-damage|p2a: Tangaroa|88\/100 psn|[from] psn\n|upkeep\n|turn|28\n|\n|t:|1698026688\n|move|p2a: Tangaroa|Knock Off|p1a: U KNOW\n|-damage|p1a: U KNOW|0 fnt\n|faint|p1a: U KNOW\n|\n|-damage|p2a: Tangaroa|76\/100 psn|[from] psn\n|upkeep\n|\n|t:|1698026695\n|switch|p1a: BURRR|Ninetales-Alola, M|41\/100\n|-weather|Snow|[from] ability: Snow Warning|[of] p1a: BURRR\n|turn|29\n|\n|t:|1698026725\n|switch|p2a: Raptor|Vikavolt, M, shiny|100\/100\n|move|p1a: BURRR|Aurora Veil|p1a: BURRR\n|-sidestart|p1: GS Wendigo|move: Aurora Veil\n|\n|-weather|Snow|[upkeep]\n|upkeep\n|turn|30\n|\n|t:|1698026733\n|move|p1a: BURRR|Moonblast|p2a: Raptor\n|-damage|p2a: Raptor|56\/100\n|move|p2a: Raptor|Sticky Web|p1a: BURRR\n|-sidestart|p1: GS Wendigo|move: Sticky Web\n|\n|-weather|Snow|[upkeep]\n|upkeep\n|turn|31\n|\n|t:|1698026744\n|move|p1a: BURRR|Moonblast|p2a: Raptor\n|-damage|p2a: Raptor|9\/100\n|move|p2a: Raptor|Flash Cannon|p1a: BURRR\n|-supereffective|p1a: BURRR\n|-damage|p1a: BURRR|0 fnt\n|faint|p1a: BURRR\n|\n|-weather|Snow|[upkeep]\n|upkeep\n|\n|t:|1698026749\n|switch|p1a: GUCCI MANE|Flutter Mane, shiny|100\/100\n|-activate|p1a: GUCCI MANE|move: Sticky Web\n|-unboost|p1a: GUCCI MANE|spe|1\n|turn|32\n|\n|t:|1698026759\n|move|p1a: GUCCI MANE|Moonblast|p2a: Raptor\n|-damage|p2a: Raptor|0 fnt\n|faint|p2a: Raptor\n|\n|-weather|Snow|[upkeep]\n|upkeep\n|\n|t:|1698026769\n|switch|p2a: Tangaroa|Manaphy|76\/100 psn\n|turn|33\n|\n|t:|1698026774\n|move|p2a: Tangaroa|Knock Off|p1a: GUCCI MANE\n|-damage|p1a: GUCCI MANE|72\/100\n|-enditem|p1a: GUCCI MANE|Choice Scarf|[from] move: Knock Off|[of] p2a: Tangaroa\n|move|p1a: GUCCI MANE|Moonblast|p2a: Tangaroa\n|-damage|p2a: Tangaroa|25\/100 psn\n|\n|-weather|none\n|-damage|p2a: Tangaroa|12\/100 psn|[from] psn\n|upkeep\n|turn|34\n|\n|t:|1698026784\n|move|p2a: Tangaroa|Knock Off|p1a: GUCCI MANE\n|-damage|p1a: GUCCI MANE|51\/100\n|move|p1a: GUCCI MANE|Moonblast|p2a: Tangaroa\n|-damage|p2a: Tangaroa|0 fnt\n|faint|p2a: Tangaroa\n|\n|upkeep\n|c|\u2606GS StuDogg101|Gg bro lol i tried\n|\n|t:|1698026796\n|switch|p2a: Zeke|Chien-Pao|88\/100\n|-status|p2a: Zeke|psn\n|-ability|p2a: Zeke|Sword of Ruin\n|turn|35\n|\n|t:|1698026803\n|move|p2a: Zeke|Crunch|p1a: GUCCI MANE\n|-damage|p1a: GUCCI MANE|0 fnt\n|faint|p1a: GUCCI MANE\n|-end|p1a: GUCCI MANE|Protosynthesis|[silent]\n|\n|-heal|p2a: Zeke|94\/100 psn|[from] item: Leftovers\n|-damage|p2a: Zeke|81\/100 psn|[from] psn\n|upkeep\n|\n|t:|1698026806\n|switch|p1a: CHIEN POW|Gurdurr, F|30\/100\n|-activate|p1a: CHIEN POW|move: Sticky Web\n|-unboost|p1a: CHIEN POW|spe|1\n|turn|36\n|\n|t:|1698026833\n|move|p1a: CHIEN POW|Mach Punch|p2a: Zeke\n|-supereffective|p2a: Zeke\n|-damage|p2a: Zeke|0 fnt\n|faint|p2a: Zeke\n|\n|win|GS Wendigo\n","uploadtime":1698026839,"views":25,"p1id":"gswendigo","p2id":"gsstudogg101","formatid":"gen9ubers","rating":0,"private":0,"password":""}