{"id":"gen9ubers-1994437601","p1":"Junky Dummy","p2":"SadaShidz\ufe0f","format":"[Gen 9] Ubers","log":"|j|\u2606Junky Dummy\n|j|\u2606SadaShidz\ufe0f\n|t:|1700443878\n|gametype|singles\n|player|p1|Junky Dummy|102|1228\n|player|p2|SadaShidz\ufe0f|sada-ai|1292\n|teamsize|p1|6\n|teamsize|p2|6\n|gen|9\n|tier|[Gen 9] Ubers\n|rated|\n|rule|Sleep Clause Mod: Limit one foe put to sleep\n|rule|Species Clause: Limit one of each Pok\u00e9mon\n|rule|OHKO Clause: OHKO moves are banned\n|rule|Evasion Items Clause: Evasion items are banned\n|rule|Evasion Moves Clause: Evasion moves are banned\n|rule|Endless Battle Clause: Forcing endless battles is banned\n|rule|HP Percentage Mod: HP is shown in percentages\n|clearpoke\n|poke|p1|Gliscor, M|\n|poke|p1|Skeledirge, F|\n|poke|p1|Giratina-Origin|\n|poke|p1|Kyogre|\n|poke|p1|Zacian-*|\n|poke|p1|Miraidon|\n|poke|p2|Baxcalibur, M|\n|poke|p2|Ninetales-Alola, F|\n|poke|p2|Iron Valiant|\n|poke|p2|Flutter Mane|\n|poke|p2|Ribombee, M|\n|poke|p2|Arceus-Ghost|\n|teampreview\n|\n|t:|1700443887\n|start\n|switch|p1a: Gliscor|Gliscor, M, shiny|100\/100\n|switch|p2a: Shinobu|Ribombee, M, shiny|100\/100\n|turn|1\n|inactive|Battle timer is ON: inactive players will automatically lose when time's up. (requested by Junky Dummy)\n|\n|t:|1700443895\n|move|p1a: Gliscor|Protect|p1a: Gliscor\n|-singleturn|p1a: Gliscor|Protect\n|move|p2a: Shinobu|Stun Spore|p1a: Gliscor\n|-activate|p1a: Gliscor|move: Protect\n|\n|-status|p1a: Gliscor|tox|[from] item: Toxic Orb\n|upkeep\n|turn|2\n|\n|t:|1700443902\n|move|p2a: Shinobu|Sticky Web|p1a: Gliscor\n|-sidestart|p1: Junky Dummy|move: Sticky Web\n|move|p1a: Gliscor|Taunt|p2a: Shinobu\n|-start|p2a: Shinobu|move: Taunt\n|\n|upkeep\n|turn|3\n|\n|t:|1700443911\n|move|p2a: Shinobu|U-turn|p1a: Gliscor\n|-resisted|p1a: Gliscor\n|-damage|p1a: Gliscor|95\/100 tox\n|\n|t:|1700443913\n|switch|p2a: Yamato|Ninetales-Alola, F, shiny|100\/100|[from] U-turn\n|-weather|Snow|[from] ability: Snow Warning|[of] p2a: Yamato\n|move|p1a: Gliscor|Toxic|p2a: Yamato\n|-status|p2a: Yamato|tox\n|\n|-weather|Snow|[upkeep]\n|-damage|p2a: Yamato|95\/100 tox|[from] psn\n|-heal|p1a: Gliscor|100\/100 tox|[from] ability: Poison Heal\n|upkeep\n|turn|4\n|\n|t:|1700443934\n|switch|p1a: Kyogre|Kyogre, shiny|100\/100\n|-activate|p1a: Kyogre|move: Sticky Web\n|-unboost|p1a: Kyogre|spe|1\n|-weather|RainDance|[from] ability: Drizzle|[of] p1a: Kyogre\n|move|p2a: Yamato|Aurora Veil||[still]\n|-fail|p2a: Yamato\n|\n|-weather|RainDance|[upkeep]\n|-damage|p2a: Yamato|83\/100 tox|[from] psn\n|upkeep\n|turn|5\n|\n|t:|1700443944\n|switch|p1a: Giratina|Giratina-Origin, shiny|100\/100\n|move|p2a: Yamato|Freeze-Dry|p1a: Giratina\n|-supereffective|p1a: Giratina\n|-damage|p1a: Giratina|66\/100\n|\n|-weather|RainDance|[upkeep]\n|-damage|p2a: Yamato|65\/100 tox|[from] psn\n|upkeep\n|turn|6\n|\n|t:|1700443969\n|switch|p2a: Shinobu|Ribombee, M, shiny|100\/100\n|move|p1a: Giratina|Defog|p2a: Shinobu\n|-unboost|p2a: Shinobu|evasion|1\n|-sideend|p1: Junky Dummy|Sticky Web|[from] move: Defog|[of] p1a: Giratina\n|\n|-weather|RainDance|[upkeep]\n|upkeep\n|turn|7\n|inactive|Junky Dummy has 120 seconds left.\n|\n|t:|1700443991\n|switch|p1a: Zacian|Zacian-Crowned, shiny|100\/100\n|-ability|p1a: Zacian|Intrepid Sword|boost\n|-boost|p1a: Zacian|atk|1\n|move|p2a: Shinobu|Sticky Web|p1a: Zacian\n|-sidestart|p1: Junky Dummy|move: Sticky Web\n|\n|-weather|RainDance|[upkeep]\n|upkeep\n|turn|8\n|inactive|Junky Dummy has 120 seconds left.\n|\n|t:|1700444004\n|move|p1a: Zacian|Behemoth Blade|p2a: Shinobu\n|-supereffective|p2a: Shinobu\n|-enditem|p2a: Shinobu|Focus Sash\n|-damage|p2a: Shinobu|1\/100\n|move|p2a: Shinobu|Stun Spore|p1a: Zacian|[miss]\n|-miss|p2a: Shinobu|p1a: Zacian\n|\n|-weather|none\n|upkeep\n|turn|9\n|inactive|Junky Dummy has 120 seconds left.\n|\n|t:|1700444021\n|switch|p2a: Yamato|Ninetales-Alola, F, shiny|65\/100 tox\n|-weather|Snow|[from] ability: Snow Warning|[of] p2a: Yamato\n|move|p1a: Zacian|Behemoth Blade|p2a: Yamato\n|-supereffective|p2a: Yamato\n|-damage|p2a: Yamato|0 fnt\n|faint|p2a: Yamato\n|\n|-weather|Snow|[upkeep]\n|upkeep\n|\n|t:|1700444024\n|switch|p2a: XJ9|Iron Valiant|100\/100\n|-enditem|p2a: XJ9|Booster Energy\n|-activate|p2a: XJ9|ability: Quark Drive|[fromitem]\n|-start|p2a: XJ9|quarkdrivespe\n|turn|10\n|\n|t:|1700444034\n|move|p2a: XJ9|Destiny Bond|p2a: XJ9\n|-singlemove|p2a: XJ9|Destiny Bond\n|move|p1a: Zacian|Behemoth Blade|p2a: XJ9\n|-supereffective|p2a: XJ9\n|-damage|p2a: XJ9|0 fnt\n|faint|p2a: XJ9\n|-activate|p2a: XJ9|move: Destiny Bond\n|-end|p2a: XJ9|Quark Drive|[silent]\n|faint|p1a: Zacian\n|\n|-weather|Snow|[upkeep]\n|upkeep\n|\n|t:|1700444047\n|switch|p1a: Gliscor|Gliscor, M, shiny|100\/100 tox\n|switch|p2a: Shinobu|Ribombee, M, shiny|1\/100\n|turn|11\n|\n|t:|1700444060\n|switch|p2a: Gucci|Flutter Mane, shiny|100\/100\n|-enditem|p2a: Gucci|Booster Energy\n|-activate|p2a: Gucci|ability: Protosynthesis|[fromitem]\n|-start|p2a: Gucci|protosynthesisspe\n|move|p1a: Gliscor|Earthquake|p2a: Gucci\n|-damage|p2a: Gucci|28\/100\n|\n|-weather|Snow|[upkeep]\n|upkeep\n|turn|12\n|\n|t:|1700444068\n|move|p2a: Gucci|Shadow Ball|p1a: Gliscor\n|-damage|p1a: Gliscor|62\/100 tox\n|move|p1a: Gliscor|Earthquake|p2a: Gucci\n|-damage|p2a: Gucci|0 fnt\n|faint|p2a: Gucci\n|-end|p2a: Gucci|Protosynthesis|[silent]\n|\n|-weather|Snow|[upkeep]\n|-heal|p1a: Gliscor|74\/100 tox|[from] ability: Poison Heal\n|upkeep\n|\n|t:|1700444074\n|switch|p2a: Jumbotron|Baxcalibur, M, shiny|100\/100\n|turn|13\n|\n|t:|1700444083\n|move|p1a: Gliscor|Protect|p1a: Gliscor\n|-singleturn|p1a: Gliscor|Protect\n|move|p2a: Jumbotron|Dragon Dance|p2a: Jumbotron\n|-boost|p2a: Jumbotron|atk|1\n|-boost|p2a: Jumbotron|spe|1\n|\n|-weather|none\n|-heal|p1a: Gliscor|87\/100 tox|[from] ability: Poison Heal\n|upkeep\n|turn|14\n|\n|t:|1700444095\n|switch|p1a: Skeledirge|Skeledirge, F, shiny|100\/100\n|move|p2a: Jumbotron|Icicle Spear|p1a: Skeledirge\n|-resisted|p1a: Skeledirge\n|-damage|p1a: Skeledirge|96\/100\n|-resisted|p1a: Skeledirge\n|-damage|p1a: Skeledirge|92\/100\n|-resisted|p1a: Skeledirge\n|-damage|p1a: Skeledirge|87\/100\n|-resisted|p1a: Skeledirge\n|-damage|p1a: Skeledirge|84\/100\n|-hitcount|p1a: Skeledirge|4\n|\n|upkeep\n|turn|15\n|\n|t:|1700444109\n|move|p2a: Jumbotron|Earthquake|p1a: Skeledirge\n|-supereffective|p1a: Skeledirge\n|-damage|p1a: Skeledirge|42\/100\n|move|p1a: Skeledirge|Hex|p2a: Jumbotron\n|-damage|p2a: Jumbotron|78\/100\n|\n|upkeep\n|turn|16\n|\n|t:|1700444115\n|move|p2a: Jumbotron|Earthquake|p1a: Skeledirge\n|-supereffective|p1a: Skeledirge\n|-crit|p1a: Skeledirge\n|-damage|p1a: Skeledirge|0 fnt\n|faint|p1a: Skeledirge\n|\n|upkeep\n|\n|t:|1700444127\n|switch|p1a: Giratina|Giratina-Origin, shiny|66\/100\n|turn|17\n|\n|t:|1700444133\n|-terastallize|p2a: Jumbotron|Fairy\n|move|p2a: Jumbotron|Dragon Dance|p2a: Jumbotron\n|-boost|p2a: Jumbotron|atk|1\n|-boost|p2a: Jumbotron|spe|1\n|move|p1a: Giratina|Defog|p2a: Jumbotron\n|-unboost|p2a: Jumbotron|evasion|1\n|-sideend|p1: Junky Dummy|Sticky Web|[from] move: Defog|[of] p1a: Giratina\n|\n|upkeep\n|turn|18\n|\n|t:|1700444154\n|move|p2a: Jumbotron|Icicle Spear|p1a: Giratina\n|-supereffective|p1a: Giratina\n|-damage|p1a: Giratina|26\/100\n|-supereffective|p1a: Giratina\n|-damage|p1a: Giratina|0 fnt\n|faint|p1a: Giratina\n|-hitcount|p1: Giratina|2\n|\n|upkeep\n|\n|t:|1700444159\n|switch|p1a: Gliscor|Gliscor, M, shiny|87\/100 tox\n|turn|19\n|\n|t:|1700444167\n|-terastallize|p1a: Gliscor|Water\n|move|p2a: Jumbotron|Icicle Spear|p1a: Gliscor\n|-resisted|p1a: Gliscor\n|-damage|p1a: Gliscor|77\/100 tox\n|-resisted|p1a: Gliscor\n|-damage|p1a: Gliscor|67\/100 tox\n|-resisted|p1a: Gliscor\n|-damage|p1a: Gliscor|56\/100 tox\n|-resisted|p1a: Gliscor\n|-damage|p1a: Gliscor|45\/100 tox\n|-resisted|p1a: Gliscor\n|-damage|p1a: Gliscor|35\/100 tox\n|-hitcount|p1a: Gliscor|5\n|move|p1a: Gliscor|Earthquake|p2a: Jumbotron\n|-crit|p2a: Jumbotron\n|-damage|p2a: Jumbotron|36\/100\n|\n|-heal|p1a: Gliscor|47\/100 tox|[from] ability: Poison Heal\n|upkeep\n|turn|20\n|\n|t:|1700444195\n|move|p1a: Gliscor|Protect|p1a: Gliscor\n|-singleturn|p1a: Gliscor|Protect\n|move|p2a: Jumbotron|Scale Shot|p1a: Gliscor\n|-activate|p1a: Gliscor|move: Protect\n|\n|-heal|p1a: Gliscor|60\/100 tox|[from] ability: Poison Heal\n|upkeep\n|turn|21\n|inactive|Junky Dummy has 120 seconds left.\n|\n|t:|1700444213\n|move|p2a: Jumbotron|Scale Shot|p1a: Gliscor\n|-damage|p1a: Gliscor|37\/100 tox\n|-damage|p1a: Gliscor|17\/100 tox\n|-damage|p1a: Gliscor|0 fnt\n|faint|p1a: Gliscor\n|-hitcount|p1: Gliscor|3\n|-unboost|p2a: Jumbotron|def|1\n|-boost|p2a: Jumbotron|spe|1\n|\n|upkeep\n|inactive|Junky Dummy has 120 seconds left.\n|\n|t:|1700444219\n|switch|p1a: Kyogre|Kyogre, shiny|100\/100\n|-weather|RainDance|[from] ability: Drizzle|[of] p1a: Kyogre\n|turn|22\n|\n|t:|1700444225\n|move|p2a: Jumbotron|Scale Shot|p1a: Kyogre\n|-damage|p1a: Kyogre|74\/100\n|-damage|p1a: Kyogre|46\/100\n|-crit|p1a: Kyogre\n|-damage|p1a: Kyogre|6\/100\n|-damage|p1a: Kyogre|0 fnt\n|faint|p1a: Kyogre\n|-hitcount|p1: Kyogre|4\n|-unboost|p2a: Jumbotron|def|1\n|-boost|p2a: Jumbotron|spe|1\n|\n|-weather|RainDance|[upkeep]\n|upkeep\n|\n|t:|1700444228\n|switch|p1a: Miraidon|Miraidon|100\/100\n|-fieldstart|move: Electric Terrain|[from] ability: Hadron Engine|[of] p1a: Miraidon\n|turn|23\n|\n|t:|1700444233\n|move|p2a: Jumbotron|Icicle Spear|p1a: Miraidon\n|-supereffective|p1a: Miraidon\n|-damage|p1a: Miraidon|39\/100\n|-supereffective|p1a: Miraidon\n|-damage|p1a: Miraidon|0 fnt\n|faint|p1a: Miraidon\n|-hitcount|p1: Miraidon|2\n|\n|win|SadaShidz\ufe0f\n|raw|Junky Dummy's rating: 1228 &rarr; <strong>1208<\/strong><br \/>(-20 for losing)\n|raw|SadaShidz\ufe0f's rating: 1292 &rarr; <strong>1312<\/strong><br \/>(+20 for winning)\n|l|\u2606Junky Dummy\n|c|\u2606SadaShidz\ufe0f|Gg\n","uploadtime":1700444245,"views":3,"p1id":"junkydummy","p2id":"sadashidz","formatid":"gen9ubers","rating":1208,"private":0,"password":""}