{"id":"gen9ubers-1983433953","p1":"lobyte","p2":"LITLE0","format":"[Gen 9] Ubers","log":"|j|\u2606lobyte\n|j|\u2606LITLE0\n|t:|1699129708\n|gametype|singles\n|player|p1|lobyte|steven|1264\n|player|p2|LITLE0|brock|1293\n|teamsize|p1|6\n|teamsize|p2|6\n|gen|9\n|tier|[Gen 9] Ubers\n|rated|\n|rule|Sleep Clause Mod: Limit one foe put to sleep\n|rule|Species Clause: Limit one of each Pok\u00e9mon\n|rule|OHKO Clause: OHKO moves are banned\n|rule|Evasion Items Clause: Evasion items are banned\n|rule|Evasion Moves Clause: Evasion moves are banned\n|rule|Endless Battle Clause: Forcing endless battles is banned\n|rule|HP Percentage Mod: HP is shown in percentages\n|clearpoke\n|poke|p1|Miraidon|\n|poke|p1|Koraidon|\n|poke|p1|Zacian-*|\n|poke|p1|Ting-Lu|\n|poke|p1|Ribombee, M|\n|poke|p1|Kyogre|\n|poke|p2|Blissey, F|\n|poke|p2|Dondozo, M|\n|poke|p2|Flutter Mane|\n|poke|p2|Koraidon|\n|poke|p2|Torkoal, M|\n|poke|p2|Kingambit, M|\n|teampreview\n|inactive|Battle timer is ON: inactive players will automatically lose when time's up. (requested by lobyte)\n|inactive|LITLE0 has 120 seconds left.\n|\n|t:|1699129741\n|start\n|switch|p1a: Ribombee|Ribombee, M|100\/100\n|switch|p2a: Torkoal|Torkoal, M|100\/100\n|-weather|SunnyDay|[from] ability: Drought|[of] p2a: Torkoal\n|turn|1\n|\n|t:|1699129750\n|move|p1a: Ribombee|Stun Spore|p2a: Torkoal\n|-status|p2a: Torkoal|par\n|cant|p2a: Torkoal|par\n|\n|-weather|SunnyDay|[upkeep]\n|upkeep\n|turn|2\n|\n|t:|1699129754\n|move|p1a: Ribombee|Sticky Web|p2a: Torkoal\n|-sidestart|p2: LITLE0|move: Sticky Web\n|cant|p2a: Torkoal|par\n|\n|-weather|SunnyDay|[upkeep]\n|upkeep\n|turn|3\n|c|\u2606LITLE0|bruh\n|\n|t:|1699129762\n|move|p1a: Ribombee|U-turn|p2a: Torkoal\n|-resisted|p2a: Torkoal\n|-damage|p2a: Torkoal|96\/100 par\n|\n|t:|1699129766\n|switch|p1a: Kyogre|Kyogre|100\/100|[from] U-turn\n|-weather|RainDance|[from] ability: Drizzle|[of] p1a: Kyogre\n|move|p2a: Torkoal|Yawn|p1a: Kyogre\n|-start|p1a: Kyogre|move: Yawn|[of] p2a: Torkoal\n|\n|-weather|RainDance|[upkeep]\n|upkeep\n|turn|4\n|\n|t:|1699129773\n|move|p1a: Kyogre|Calm Mind|p1a: Kyogre\n|-boost|p1a: Kyogre|spa|1\n|-boost|p1a: Kyogre|spd|1\n|move|p2a: Torkoal|Rapid Spin|p1a: Kyogre\n|-crit|p1a: Kyogre\n|-damage|p1a: Kyogre|91\/100\n|-boost|p2a: Torkoal|spe|1\n|-sideend|p2: LITLE0|Sticky Web|[from] move: Rapid Spin|[of] p2a: Torkoal\n|\n|-weather|RainDance|[upkeep]\n|-heal|p1a: Kyogre|97\/100|[from] item: Leftovers\n|-end|p1a: Kyogre|move: Yawn|[silent]\n|-status|p1a: Kyogre|slp\n|upkeep\n|turn|5\n|\n|t:|1699129789\n|switch|p2a: Blissey|Blissey, F|100\/100\n|cant|p1a: Kyogre|slp\n|\n|-weather|RainDance|[upkeep]\n|-heal|p1a: Kyogre|100\/100 slp|[from] item: Leftovers\n|upkeep\n|turn|6\n|\n|t:|1699129804\n|switch|p1a: Ting-Lu|Ting-Lu|100\/100\n|-ability|p1a: Ting-Lu|Vessel of Ruin\n|move|p2a: Blissey|Heal Bell|p2a: Blissey\n|-activate|p2a: Blissey|move: Heal Bell\n|-curestatus|p2: Torkoal|par|[msg]\n|\n|-weather|RainDance|[upkeep]\n|upkeep\n|turn|7\n|\n|t:|1699129816\n|switch|p2a: Dondozo|Dondozo, M|100\/100\n|move|p1a: Ting-Lu|Ruination|p2a: Dondozo|[miss]\n|-miss|p1a: Ting-Lu|p2a: Dondozo\n|\n|-weather|none\n|upkeep\n|turn|8\n|\n|t:|1699129824\n|switch|p1a: Kyogre|Kyogre|100\/100 slp\n|-weather|RainDance|[from] ability: Drizzle|[of] p1a: Kyogre\n|move|p2a: Dondozo|Liquidation|p1a: Kyogre\n|-resisted|p1a: Kyogre\n|-damage|p1a: Kyogre|86\/100 slp\n|-unboost|p1a: Kyogre|def|1\n|\n|-weather|RainDance|[upkeep]\n|-heal|p1a: Kyogre|92\/100 slp|[from] item: Leftovers\n|upkeep\n|turn|9\n|\n|t:|1699129834\n|switch|p2a: Koraidon|Koraidon|100\/100\n|-weather|SunnyDay|[from] ability: Orichalcum Pulse|[of] p2a: Koraidon\n|-activate|p2a: Koraidon|Orichalcum Pulse|[source]\n|cant|p1a: Kyogre|slp\n|\n|-weather|SunnyDay|[upkeep]\n|-heal|p1a: Kyogre|98\/100 slp|[from] item: Leftovers\n|upkeep\n|turn|10\n|\n|t:|1699129844\n|switch|p1a: Ribombee|Ribombee, M|100\/100\n|move|p2a: Koraidon|Collision Course|p1a: Ribombee\n|-resisted|p1a: Ribombee\n|-damage|p1a: Ribombee|66\/100\n|\n|-weather|SunnyDay|[upkeep]\n|upkeep\n|turn|11\n|\n|t:|1699129853\n|move|p2a: Koraidon|Flame Charge|p1a: Ribombee\n|-supereffective|p1a: Ribombee\n|-damage|p1a: Ribombee|0 fnt\n|-boost|p2a: Koraidon|spe|1\n|faint|p1a: Ribombee\n|\n|-weather|SunnyDay|[upkeep]\n|upkeep\n|\n|t:|1699129866\n|switch|p1a: Kyogre|Kyogre|98\/100 slp\n|-weather|RainDance|[from] ability: Drizzle|[of] p1a: Kyogre\n|turn|12\n|\n|t:|1699129878\n|switch|p2a: Blissey|Blissey, F|100\/100\n|cant|p1a: Kyogre|slp\n|\n|-weather|RainDance|[upkeep]\n|-heal|p1a: Kyogre|100\/100 slp|[from] item: Leftovers\n|upkeep\n|turn|13\n|\n|t:|1699129885\n|-curestatus|p1a: Kyogre|slp|[msg]\n|move|p1a: Kyogre|Water Spout|p2a: Blissey\n|-damage|p2a: Blissey|61\/100\n|move|p2a: Blissey|Seismic Toss|p1a: Kyogre\n|-damage|p1a: Kyogre|76\/100\n|\n|-weather|RainDance|[upkeep]\n|-heal|p1a: Kyogre|82\/100|[from] item: Leftovers\n|-heal|p2a: Blissey|68\/100|[from] item: Leftovers\n|upkeep\n|turn|14\n|\n|t:|1699129892\n|move|p1a: Kyogre|Water Spout|p2a: Blissey\n|-damage|p2a: Blissey|36\/100\n|move|p2a: Blissey|Soft-Boiled|p2a: Blissey\n|-heal|p2a: Blissey|86\/100\n|\n|-weather|RainDance|[upkeep]\n|-heal|p1a: Kyogre|88\/100|[from] item: Leftovers\n|-heal|p2a: Blissey|92\/100|[from] item: Leftovers\n|upkeep\n|turn|15\n|\n|t:|1699129905\n|switch|p1a: Koraidon|Koraidon|100\/100\n|-weather|SunnyDay|[from] ability: Orichalcum Pulse|[of] p1a: Koraidon\n|-activate|p1a: Koraidon|Orichalcum Pulse|[source]\n|switch|p2a: Koraidon|Koraidon|100\/100\n|-activate|p2a: Koraidon|ability: Orichalcum Pulse\n|\n|-weather|SunnyDay|[upkeep]\n|upkeep\n|turn|16\n|\n|t:|1699129914\n|switch|p2a: Flutter Mane|Flutter Mane|100\/100\n|-activate|p2a: Flutter Mane|ability: Protosynthesis\n|-start|p2a: Flutter Mane|protosynthesisspe\n|-terastallize|p1a: Koraidon|Fighting\n|move|p1a: Koraidon|Scale Shot|p2a: Flutter Mane\n|-immune|p2a: Flutter Mane\n|\n|-weather|SunnyDay|[upkeep]\n|upkeep\n|turn|17\n|\n|t:|1699129923\n|move|p2a: Flutter Mane|Moonblast|p1a: Koraidon\n|-supereffective|p1a: Koraidon\n|-damage|p1a: Koraidon|0 fnt\n|faint|p1a: Koraidon\n|-damage|p2a: Flutter Mane|91\/100|[from] item: Life Orb\n|\n|-weather|SunnyDay|[upkeep]\n|upkeep\n|\n|t:|1699129928\n|switch|p1a: Zacian|Zacian-Crowned|100\/100\n|-ability|p1a: Zacian|Intrepid Sword|boost\n|-boost|p1a: Zacian|atk|1\n|turn|18\n|\n|t:|1699129932\n|-end|p2a: Flutter Mane|Protosynthesis|[silent]\n|switch|p2a: Dondozo|Dondozo, M|100\/100\n|move|p1a: Zacian|Behemoth Blade|p2a: Dondozo\n|-resisted|p2a: Dondozo\n|-damage|p2a: Dondozo|89\/100\n|\n|-weather|SunnyDay|[upkeep]\n|-heal|p2a: Dondozo|95\/100|[from] item: Leftovers\n|upkeep\n|turn|19\n|\n|t:|1699129943\n|move|p1a: Zacian|Wild Charge|p2a: Dondozo\n|-supereffective|p2a: Dondozo\n|-damage|p2a: Dondozo|61\/100\n|-damage|p1a: Zacian|87\/100|[from] Recoil\n|move|p2a: Dondozo|Liquidation|p1a: Zacian\n|-damage|p1a: Zacian|74\/100\n|-unboost|p1a: Zacian|def|1\n|\n|-weather|none\n|-heal|p2a: Dondozo|67\/100|[from] item: Leftovers\n|upkeep\n|turn|20\n|\n|t:|1699129952\n|move|p1a: Zacian|Wild Charge|p2a: Dondozo\n|-supereffective|p2a: Dondozo\n|-damage|p2a: Dondozo|34\/100\n|-damage|p1a: Zacian|61\/100|[from] Recoil\n|move|p2a: Dondozo|Rest|p2a: Dondozo\n|-status|p2a: Dondozo|slp|[from] move: Rest\n|-heal|p2a: Dondozo|100\/100 slp|[silent]\n|\n|upkeep\n|turn|21\n|\n|t:|1699129970\n|move|p1a: Zacian|Wild Charge|p2a: Dondozo\n|-supereffective|p2a: Dondozo\n|-damage|p2a: Dondozo|72\/100 slp\n|-damage|p1a: Zacian|50\/100|[from] Recoil\n|cant|p2a: Dondozo|slp\n|move|p2a: Dondozo|Sleep Talk|p2a: Dondozo\n|move|p2a: Dondozo|Body Press|p1a: Zacian|[from]move: Sleep Talk\n|-damage|p1a: Zacian|22\/100\n|\n|-heal|p2a: Dondozo|78\/100 slp|[from] item: Leftovers\n|upkeep\n|turn|22\n|\n|t:|1699129981\n|move|p1a: Zacian|Wild Charge|p2a: Dondozo\n|-supereffective|p2a: Dondozo\n|-crit|p2a: Dondozo\n|-damage|p2a: Dondozo|34\/100 slp\n|-damage|p1a: Zacian|5\/100|[from] Recoil\n|cant|p2a: Dondozo|slp\n|move|p2a: Dondozo|Sleep Talk|p2a: Dondozo\n|move|p2a: Dondozo|Rest||[from]move: Sleep Talk|[still]\n|-fail|p2a: Dondozo\n|\n|-heal|p2a: Dondozo|41\/100 slp|[from] item: Leftovers\n|upkeep\n|turn|23\n|\n|t:|1699129996\n|move|p1a: Zacian|Wild Charge|p2a: Dondozo\n|-supereffective|p2a: Dondozo\n|-damage|p2a: Dondozo|7\/100 slp\n|-damage|p1a: Zacian|0 fnt|[from] Recoil\n|faint|p1a: Zacian\n|-curestatus|p2a: Dondozo|slp|[msg]\n|move|p2a: Dondozo|Rest|p2a: Dondozo\n|-status|p2a: Dondozo|slp|[from] move: Rest\n|-heal|p2a: Dondozo|100\/100 slp|[silent]\n|\n|upkeep\n|\n|t:|1699130002\n|switch|p1a: Miraidon|Miraidon|100\/100\n|-fieldstart|move: Electric Terrain|[from] ability: Hadron Engine|[of] p1a: Miraidon\n|turn|24\n|\n|t:|1699130009\n|switch|p2a: Blissey|Blissey, F|92\/100\n|move|p1a: Miraidon|Electro Drift|p2a: Blissey\n|-damage|p2a: Blissey|43\/100\n|\n|-heal|p2a: Blissey|50\/100|[from] item: Leftovers\n|upkeep\n|turn|25\n|inactive|lobyte has 120 seconds left.\n|\n|t:|1699130057\n|-terastallize|p2a: Blissey|Ground\n|move|p1a: Miraidon|Electro Drift|p2a: Blissey\n|-immune|p2a: Blissey\n|move|p2a: Blissey|Seismic Toss|p1a: Miraidon\n|-damage|p1a: Miraidon|71\/100\n|\n|-heal|p2a: Blissey|56\/100|[from] item: Leftovers\n|upkeep\n|turn|26\n|\n|t:|1699130067\n|switch|p1a: Ting-Lu|Ting-Lu|100\/100\n|-ability|p1a: Ting-Lu|Vessel of Ruin\n|switch|p2a: Koraidon|Koraidon|100\/100\n|-weather|SunnyDay|[from] ability: Orichalcum Pulse|[of] p2a: Koraidon\n|-activate|p2a: Koraidon|Orichalcum Pulse|[source]\n|\n|-weather|SunnyDay|[upkeep]\n|upkeep\n|turn|27\n|inactive|lobyte has 120 seconds left.\n|\n|t:|1699130075\n|move|p2a: Koraidon|Swords Dance|p2a: Koraidon\n|-boost|p2a: Koraidon|atk|2\n|move|p1a: Ting-Lu|Whirlwind|p2a: Koraidon\n|drag|p2a: Kingambit|Kingambit, M|100\/100\n|\n|-weather|SunnyDay|[upkeep]\n|upkeep\n|turn|28\n|\n|t:|1699130081\n|-end|p2a: Kingambit|fallenundefined|[silent]\n|switch|p2a: Flutter Mane|Flutter Mane|91\/100\n|-activate|p2a: Flutter Mane|ability: Protosynthesis\n|-start|p2a: Flutter Mane|protosynthesisspe\n|move|p1a: Ting-Lu|Earthquake|p2a: Flutter Mane\n|-crit|p2a: Flutter Mane\n|-damage|p2a: Flutter Mane|0 fnt\n|faint|p2a: Flutter Mane\n|-end|p2a: Flutter Mane|Protosynthesis|[silent]\n|\n|-weather|SunnyDay|[upkeep]\n|-fieldend|move: Electric Terrain\n|upkeep\n|\n|t:|1699130085\n|switch|p2a: Koraidon|Koraidon|100\/100\n|-activate|p2a: Koraidon|ability: Orichalcum Pulse\n|turn|29\n|\n|t:|1699130090\n|move|p2a: Koraidon|Collision Course|p1a: Ting-Lu\n|-supereffective|p1a: Ting-Lu\n|-damage|p1a: Ting-Lu|1\/100\n|move|p1a: Ting-Lu|Whirlwind|p2a: Koraidon\n|drag|p2a: Blissey|Blissey, F, tera:Ground|56\/100\n|\n|-weather|SunnyDay|[upkeep]\n|-heal|p2a: Blissey|62\/100|[from] item: Leftovers\n|-heal|p1a: Ting-Lu|7\/100|[from] item: Leftovers\n|upkeep\n|turn|30\n|\n|t:|1699130105\n|switch|p2a: Dondozo|Dondozo, M|100\/100 slp\n|move|p1a: Ting-Lu|Earthquake|p2a: Dondozo\n|-damage|p2a: Dondozo|85\/100 slp\n|\n|-weather|none\n|-heal|p1a: Ting-Lu|13\/100|[from] item: Leftovers\n|-heal|p2a: Dondozo|91\/100 slp|[from] item: Leftovers\n|upkeep\n|turn|31\n|\n|t:|1699130113\n|move|p1a: Ting-Lu|Ruination|p2a: Dondozo\n|-damage|p2a: Dondozo|46\/100 slp\n|cant|p2a: Dondozo|slp\n|move|p2a: Dondozo|Sleep Talk|p2a: Dondozo\n|move|p2a: Dondozo|Rest||[from]move: Sleep Talk|[still]\n|-fail|p2a: Dondozo\n|\n|-heal|p1a: Ting-Lu|20\/100|[from] item: Leftovers\n|-heal|p2a: Dondozo|52\/100 slp|[from] item: Leftovers\n|upkeep\n|turn|32\n|\n|t:|1699130117\n|move|p1a: Ting-Lu|Ruination|p2a: Dondozo\n|-damage|p2a: Dondozo|26\/100 slp\n|cant|p2a: Dondozo|slp\n|move|p2a: Dondozo|Sleep Talk|p2a: Dondozo\n|move|p2a: Dondozo|Liquidation|p1a: Ting-Lu|[from]move: Sleep Talk\n|-supereffective|p1a: Ting-Lu\n|-damage|p1a: Ting-Lu|0 fnt\n|faint|p1a: Ting-Lu\n|\n|-heal|p2a: Dondozo|32\/100 slp|[from] item: Leftovers\n|upkeep\n|\n|t:|1699130124\n|switch|p1a: Kyogre|Kyogre|88\/100\n|-weather|RainDance|[from] ability: Drizzle|[of] p1a: Kyogre\n|turn|33\n|\n|t:|1699130130\n|switch|p2a: Koraidon|Koraidon|100\/100\n|-weather|SunnyDay|[from] ability: Orichalcum Pulse|[of] p2a: Koraidon\n|-activate|p2a: Koraidon|Orichalcum Pulse|[source]\n|move|p1a: Kyogre|Thunder|p2a: Koraidon\n|-resisted|p2a: Koraidon\n|-damage|p2a: Koraidon|83\/100\n|\n|-weather|SunnyDay|[upkeep]\n|-heal|p1a: Kyogre|94\/100|[from] item: Leftovers\n|upkeep\n|turn|34\n|\n|t:|1699130139\n|move|p2a: Koraidon|Flame Charge|p1a: Kyogre\n|-resisted|p1a: Kyogre\n|-damage|p1a: Kyogre|82\/100\n|-boost|p2a: Koraidon|spe|1\n|move|p1a: Kyogre|Ice Beam|p2a: Koraidon\n|-supereffective|p2a: Koraidon\n|-damage|p2a: Koraidon|26\/100\n|\n|-weather|SunnyDay|[upkeep]\n|-heal|p1a: Kyogre|88\/100|[from] item: Leftovers\n|upkeep\n|turn|35\n|\n|t:|1699130148\n|move|p2a: Koraidon|Collision Course|p1a: Kyogre\n|-damage|p1a: Kyogre|42\/100\n|move|p1a: Kyogre|Ice Beam|p2a: Koraidon\n|-supereffective|p2a: Koraidon\n|-damage|p2a: Koraidon|0 fnt\n|faint|p2a: Koraidon\n|\n|-weather|SunnyDay|[upkeep]\n|-heal|p1a: Kyogre|49\/100|[from] item: Leftovers\n|upkeep\n|\n|t:|1699130158\n|switch|p2a: Dondozo|Dondozo, M|32\/100 slp\n|turn|36\n|\n|t:|1699130162\n|move|p1a: Kyogre|Thunder|p2a: Dondozo\n|-supereffective|p2a: Dondozo\n|-damage|p2a: Dondozo|0 fnt\n|faint|p2a: Dondozo\n|\n|-weather|SunnyDay|[upkeep]\n|-heal|p1a: Kyogre|55\/100|[from] item: Leftovers\n|upkeep\n|\n|t:|1699130171\n|switch|p2a: Torkoal|Torkoal, M|96\/100\n|turn|37\n|\n|t:|1699130176\n|move|p1a: Kyogre|Water Spout|p2a: Torkoal\n|-supereffective|p2a: Torkoal\n|-damage|p2a: Torkoal|43\/100\n|move|p2a: Torkoal|Stealth Rock|p1a: Kyogre\n|-sidestart|p1: lobyte|move: Stealth Rock\n|\n|-weather|none\n|-heal|p1a: Kyogre|61\/100|[from] item: Leftovers\n|upkeep\n|turn|38\n|\n|t:|1699130181\n|move|p1a: Kyogre|Water Spout|p2a: Torkoal\n|-supereffective|p2a: Torkoal\n|-damage|p2a: Torkoal|0 fnt\n|faint|p2a: Torkoal\n|\n|-heal|p1a: Kyogre|67\/100|[from] item: Leftovers\n|upkeep\n|\n|t:|1699130184\n|switch|p2a: Blissey|Blissey, F, tera:Ground|62\/100\n|turn|39\n|\n|t:|1699130189\n|move|p1a: Kyogre|Water Spout|p2a: Blissey\n|-supereffective|p2a: Blissey\n|-damage|p2a: Blissey|30\/100\n|move|p2a: Blissey|Seismic Toss|p1a: Kyogre\n|-damage|p1a: Kyogre|42\/100\n|\n|-heal|p1a: Kyogre|49\/100|[from] item: Leftovers\n|-heal|p2a: Blissey|36\/100|[from] item: Leftovers\n|upkeep\n|turn|40\n|\n|t:|1699130195\n|switch|p1a: Miraidon|Miraidon|71\/100\n|-damage|p1a: Miraidon|59\/100|[from] Stealth Rock\n|-fieldstart|move: Electric Terrain|[from] ability: Hadron Engine|[of] p1a: Miraidon\n|move|p2a: Blissey|Soft-Boiled|p2a: Blissey\n|-heal|p2a: Blissey|86\/100\n|\n|-heal|p2a: Blissey|93\/100|[from] item: Leftovers\n|upkeep\n|turn|41\n|\n|t:|1699130200\n|move|p1a: Miraidon|Overheat|p2a: Blissey\n|-damage|p2a: Blissey|63\/100\n|-unboost|p1a: Miraidon|spa|2\n|move|p2a: Blissey|Seismic Toss|p1a: Miraidon\n|-damage|p1a: Miraidon|30\/100\n|\n|-heal|p2a: Blissey|69\/100|[from] item: Leftovers\n|upkeep\n|turn|42\n|\n|t:|1699130206\n|switch|p1a: Kyogre|Kyogre|49\/100\n|-damage|p1a: Kyogre|36\/100|[from] Stealth Rock\n|-weather|RainDance|[from] ability: Drizzle|[of] p1a: Kyogre\n|move|p2a: Blissey|Seismic Toss|p1a: Kyogre\n|-damage|p1a: Kyogre|11\/100\n|\n|-weather|RainDance|[upkeep]\n|-heal|p1a: Kyogre|17\/100|[from] item: Leftovers\n|-heal|p2a: Blissey|75\/100|[from] item: Leftovers\n|upkeep\n|turn|43\n|\n|t:|1699130210\n|move|p1a: Kyogre|Ice Beam|p2a: Blissey\n|-supereffective|p2a: Blissey\n|-damage|p2a: Blissey|55\/100\n|move|p2a: Blissey|Seismic Toss|p1a: Kyogre\n|-damage|p1a: Kyogre|0 fnt\n|faint|p1a: Kyogre\n|\n|-weather|RainDance|[upkeep]\n|-heal|p2a: Blissey|61\/100|[from] item: Leftovers\n|upkeep\n|\n|t:|1699130213\n|switch|p1a: Miraidon|Miraidon|30\/100\n|-damage|p1a: Miraidon|17\/100|[from] Stealth Rock\n|-activate|p1a: Miraidon|ability: Hadron Engine\n|turn|44\n|c|\u2606LITLE0|gg\n|\n|t:|1699130223\n|move|p1a: Miraidon|Draco Meteor|p2a: Blissey\n|-damage|p2a: Blissey|11\/100\n|-unboost|p1a: Miraidon|spa|2\n|move|p2a: Blissey|Seismic Toss|p1a: Miraidon\n|-damage|p1a: Miraidon|0 fnt\n|faint|p1a: Miraidon\n|\n|win|LITLE0\n|raw|lobyte's rating: 1264 &rarr; <strong>1241<\/strong><br \/>(-23 for losing)\n|raw|LITLE0's rating: 1293 &rarr; <strong>1316<\/strong><br \/>(+23 for winning)\n|l|\u2606lobyte\n","uploadtime":1699130234,"views":9,"p1id":"lobyte","p2id":"litle0","formatid":"gen9ubers","rating":1241,"private":0,"password":""}