{"id":"gen9ubers-1984157565","p1":"Anne Frankkkk","p2":"idek what you mean","format":"[Gen 9] Ubers","log":"|j|\u2606Anne Frankkkk\n|j|\u2606idek what you mean\n|t:|1699224710\n|gametype|singles\n|player|p1|Anne Frankkkk|hilbert|1210\n|player|p2|idek what you mean|lana|1395\n|teamsize|p1|6\n|teamsize|p2|6\n|gen|9\n|tier|[Gen 9] Ubers\n|rated|\n|rule|Sleep Clause Mod: Limit one foe put to sleep\n|rule|Species Clause: Limit one of each Pok\u00e9mon\n|rule|OHKO Clause: OHKO moves are banned\n|rule|Evasion Items Clause: Evasion items are banned\n|rule|Evasion Moves Clause: Evasion moves are banned\n|rule|Endless Battle Clause: Forcing endless battles is banned\n|rule|HP Percentage Mod: HP is shown in percentages\n|clearpoke\n|poke|p1|Iron Hands|\n|poke|p1|Kyogre|\n|poke|p1|Chien-Pao|\n|poke|p1|Ribombee, F|\n|poke|p1|Miraidon|\n|poke|p1|Flutter Mane|\n|poke|p2|Landorus-Therian, M|\n|poke|p2|Basculegion, M|\n|poke|p2|Kyogre|\n|poke|p2|Iron Treads|\n|poke|p2|Klefki, M|\n|poke|p2|Scream Tail|\n|teampreview\n|\n|t:|1699224721\n|start\n|switch|p1a: Big Boy|Iron Hands, shiny|100\/100\n|switch|p2a: Iron Treads|Iron Treads|100\/100\n|turn|1\n|inactive|Battle timer is ON: inactive players will automatically lose when time's up. (requested by Anne Frankkkk)\n|\n|t:|1699224733\n|move|p1a: Big Boy|Fake Out|p2a: Iron Treads\n|-resisted|p2a: Iron Treads\n|-damage|p2a: Iron Treads|94\/100\n|cant|p2a: Iron Treads|flinch\n|\n|upkeep\n|turn|2\n|\n|t:|1699224735\n|-end|p2a: Iron Treads|Quark Drive|[silent]\n|switch|p2a: Landorus|Landorus-Therian, M|100\/100\n|-ability|p2a: Landorus|Intimidate|boost\n|-unboost|p1a: Big Boy|atk|1\n|move|p1a: Big Boy|Drain Punch|p2a: Landorus\n|-resisted|p2a: Landorus\n|-damage|p2a: Landorus|86\/100\n|\n|-heal|p2a: Landorus|92\/100|[from] item: Leftovers\n|upkeep\n|turn|3\n|\n|t:|1699224743\n|-end|p1a: Big Boy|Quark Drive|[silent]\n|switch|p1a: Cyber Lizard|Miraidon|100\/100\n|-fieldstart|move: Electric Terrain|[from] ability: Hadron Engine|[of] p1a: Cyber Lizard\n|-item|p1a: Cyber Lizard|Air Balloon\n|move|p2a: Landorus|Earthquake|p1a: Cyber Lizard\n|-immune|p1a: Cyber Lizard\n|\n|-heal|p2a: Landorus|98\/100|[from] item: Leftovers\n|upkeep\n|turn|4\n|\n|t:|1699224751\n|switch|p1a: Ice Cat|Chien-Pao|100\/100\n|-ability|p1a: Ice Cat|Sword of Ruin\n|move|p2a: Landorus|U-turn|p1a: Ice Cat\n|-supereffective|p1a: Ice Cat\n|-damage|p1a: Ice Cat|40\/100\n|\n|t:|1699224756\n|switch|p2a: Klefki|Klefki, M|100\/100|[from] U-turn\n|\n|upkeep\n|turn|5\n|\n|t:|1699224761\n|move|p2a: Klefki|Spikes|p1a: Ice Cat\n|-sidestart|p1: Anne Frankkkk|Spikes\n|move|p1a: Ice Cat|Sacred Sword|p2a: Klefki\n|-crit|p2a: Klefki\n|-damage|p2a: Klefki|26\/100\n|-damage|p1a: Ice Cat|30\/100|[from] item: Life Orb\n|\n|upkeep\n|turn|6\n|\n|t:|1699224766\n|move|p2a: Klefki|Thunder Wave|p1a: Ice Cat\n|-hint|Since gen 7, Dark is immune to Prankster moves.\n|-immune|p1a: Ice Cat\n|move|p1a: Ice Cat|Sacred Sword|p2a: Klefki\n|-damage|p2a: Klefki|0 fnt\n|faint|p2a: Klefki\n|-damage|p1a: Ice Cat|20\/100|[from] item: Life Orb\n|\n|upkeep\n|\n|t:|1699224772\n|switch|p2a: Basculegion|Basculegion, M|100\/100\n|turn|7\n|\n|t:|1699224774\n|move|p2a: Basculegion|Aqua Jet|p1a: Ice Cat\n|-damage|p1a: Ice Cat|0 fnt\n|faint|p1a: Ice Cat\n|\n|-fieldend|move: Electric Terrain\n|upkeep\n|\n|t:|1699224779\n|switch|p1a: Moonblast|Ribombee, F, shiny|100\/100\n|-damage|p1a: Moonblast|88\/100|[from] Spikes\n|turn|8\n|\n|t:|1699224784\n|switch|p2a: Iron Treads|Iron Treads|94\/100\n|move|p1a: Moonblast|Sticky Web|p2a: Iron Treads\n|-sidestart|p2: idek what you mean|move: Sticky Web\n|\n|upkeep\n|turn|9\n|\n|t:|1699224788\n|switch|p1a: Misdreavius|Flutter Mane, shiny|100\/100\n|-damage|p1a: Misdreavius|88\/100|[from] Spikes\n|-enditem|p1a: Misdreavius|Booster Energy\n|-activate|p1a: Misdreavius|ability: Protosynthesis|[fromitem]\n|-start|p1a: Misdreavius|protosynthesisspe\n|move|p2a: Iron Treads|Iron Head|p1a: Misdreavius\n|-supereffective|p1a: Misdreavius\n|-damage|p1a: Misdreavius|0 fnt\n|faint|p1a: Misdreavius\n|-end|p1a: Misdreavius|Protosynthesis|[silent]\n|\n|upkeep\n|\n|t:|1699224806\n|switch|p1a: Big Boy|Iron Hands, shiny|100\/100\n|-damage|p1a: Big Boy|88\/100|[from] Spikes\n|turn|10\n|\n|t:|1699224810\n|move|p1a: Big Boy|Fake Out|p2a: Iron Treads\n|-resisted|p2a: Iron Treads\n|-damage|p2a: Iron Treads|87\/100\n|cant|p2a: Iron Treads|flinch\n|\n|upkeep\n|turn|11\n|\n|t:|1699224813\n|move|p2a: Iron Treads|Rapid Spin|p1a: Big Boy\n|-damage|p1a: Big Boy|80\/100\n|-boost|p2a: Iron Treads|spe|1\n|-sideend|p2: idek what you mean|Sticky Web|[from] move: Rapid Spin|[of] p2a: Iron Treads\n|move|p1a: Big Boy|Drain Punch|p2a: Iron Treads\n|-supereffective|p2a: Iron Treads\n|-damage|p2a: Iron Treads|20\/100\n|-heal|p1a: Big Boy|100\/100|[from] drain|[of] p2a: Iron Treads\n|\n|upkeep\n|turn|12\n|\n|t:|1699224819\n|move|p2a: Iron Treads|Earthquake|p1a: Big Boy\n|-supereffective|p1a: Big Boy\n|-damage|p1a: Big Boy|57\/100\n|move|p1a: Big Boy|Drain Punch|p2a: Iron Treads\n|-supereffective|p2a: Iron Treads\n|-damage|p2a: Iron Treads|0 fnt\n|-heal|p1a: Big Boy|64\/100|[from] drain|[of] p2a: Iron Treads\n|faint|p2a: Iron Treads\n|-end|p2a: Iron Treads|Quark Drive|[silent]\n|\n|upkeep\n|\n|t:|1699224826\n|switch|p2a: Basculegion|Basculegion, M|100\/100\n|turn|13\n|\n|t:|1699224828\n|move|p2a: Basculegion|Last Respects|p1a: Big Boy\n|-damage|p1a: Big Boy|6\/100\n|move|p1a: Big Boy|Wild Charge|p2a: Basculegion\n|-supereffective|p2a: Basculegion\n|-damage|p2a: Basculegion|0 fnt\n|faint|p2a: Basculegion\n|-damage|p1a: Big Boy|0 fnt|[from] Recoil\n|faint|p1a: Big Boy\n|-end|p1a: Big Boy|Quark Drive|[silent]\n|\n|upkeep\n|\n|t:|1699224835\n|switch|p2a: Landorus|Landorus-Therian, M|98\/100\n|switch|p1a: Moonblast|Ribombee, F, shiny|88\/100\n|-damage|p1a: Moonblast|76\/100|[from] Spikes\n|-ability|p2a: Landorus|Intimidate|boost\n|-unboost|p1a: Moonblast|atk|1\n|turn|14\n|\n|t:|1699224839\n|switch|p2a: Kyogre|Kyogre|100\/100\n|-weather|RainDance|[from] ability: Drizzle|[of] p2a: Kyogre\n|move|p1a: Moonblast|Sticky Web|p2a: Kyogre\n|-sidestart|p2: idek what you mean|move: Sticky Web\n|\n|-weather|RainDance|[upkeep]\n|upkeep\n|turn|15\n|\n|t:|1699224841\n|move|p1a: Moonblast|Stun Spore|p2a: Kyogre|[miss]\n|-miss|p1a: Moonblast|p2a: Kyogre\n|move|p2a: Kyogre|Calm Mind|p2a: Kyogre\n|-boost|p2a: Kyogre|spa|1\n|-boost|p2a: Kyogre|spd|1\n|\n|-weather|RainDance|[upkeep]\n|upkeep\n|turn|16\n|\n|t:|1699224843\n|move|p1a: Moonblast|Stun Spore|p2a: Kyogre|[miss]\n|-miss|p1a: Moonblast|p2a: Kyogre\n|move|p2a: Kyogre|Calm Mind|p2a: Kyogre\n|-boost|p2a: Kyogre|spa|1\n|-boost|p2a: Kyogre|spd|1\n|\n|-weather|RainDance|[upkeep]\n|upkeep\n|turn|17\n|\n|t:|1699224848\n|move|p1a: Moonblast|Stun Spore|p2a: Kyogre\n|-status|p2a: Kyogre|par\n|move|p2a: Kyogre|Calm Mind|p2a: Kyogre\n|-boost|p2a: Kyogre|spa|1\n|-boost|p2a: Kyogre|spd|1\n|\n|-weather|RainDance|[upkeep]\n|upkeep\n|turn|18\n|\n|t:|1699224850\n|switch|p1a: Cyber Lizard|Miraidon|100\/100\n|-fieldstart|move: Electric Terrain|[from] ability: Hadron Engine|[of] p1a: Cyber Lizard\n|-item|p1a: Cyber Lizard|Air Balloon\n|move|p2a: Kyogre|Surf|p1a: Cyber Lizard\n|-resisted|p1a: Cyber Lizard\n|-damage|p1a: Cyber Lizard|22\/100\n|-enditem|p1a: Cyber Lizard|Air Balloon\n|\n|-weather|none\n|upkeep\n|turn|19\n|\n|t:|1699224856\n|move|p1a: Cyber Lizard|Electro Drift|p2a: Kyogre\n|-supereffective|p2a: Kyogre\n|-damage|p2a: Kyogre|32\/100 par\n|cant|p2a: Kyogre|par\n|\n|upkeep\n|turn|20\n|\n|t:|1699224860\n|-terastallize|p2a: Kyogre|Ground\n|move|p1a: Cyber Lizard|Electro Drift|p2a: Kyogre\n|-immune|p2a: Kyogre\n|cant|p2a: Kyogre|par\n|\n|upkeep\n|turn|21\n|\n|t:|1699224864\n|move|p1a: Cyber Lizard|Dragon Pulse|p2a: Kyogre\n|-damage|p2a: Kyogre|14\/100 par\n|move|p2a: Kyogre|Surf|p1a: Cyber Lizard\n|-resisted|p1a: Cyber Lizard\n|-damage|p1a: Cyber Lizard|0 fnt\n|faint|p1a: Cyber Lizard\n|\n|upkeep\n|\n|t:|1699224877\n|switch|p1a: OHKO|Kyogre|100\/100\n|-damage|p1a: OHKO|88\/100|[from] Spikes\n|-weather|RainDance|[from] ability: Drizzle|[of] p1a: OHKO\n|turn|22\n|\n|t:|1699224888\n|move|p1a: OHKO|Water Spout|p2a: Kyogre\n|-supereffective|p2a: Kyogre\n|-damage|p2a: Kyogre|0 fnt\n|faint|p2a: Kyogre\n|\n|-weather|RainDance|[upkeep]\n|-fieldend|move: Electric Terrain\n|upkeep\n|\n|t:|1699224890\n|switch|p2a: Scream Tail|Scream Tail|100\/100\n|-activate|p2a: Scream Tail|move: Sticky Web\n|-unboost|p2a: Scream Tail|spe|1\n|turn|23\n|\n|t:|1699224893\n|move|p1a: OHKO|Water Spout|p2a: Scream Tail\n|-damage|p2a: Scream Tail|0 fnt\n|faint|p2a: Scream Tail\n|-end|p2a: Scream Tail|Protosynthesis|[silent]\n|\n|-weather|RainDance|[upkeep]\n|upkeep\n|\n|t:|1699224895\n|switch|p2a: Landorus|Landorus-Therian, M|98\/100\n|-ability|p2a: Landorus|Intimidate|boost\n|-unboost|p1a: OHKO|atk|1\n|turn|24\n|\n|t:|1699224898\n|switch|p1a: Moonblast|Ribombee, F, shiny|76\/100\n|-damage|p1a: Moonblast|64\/100|[from] Spikes\n|move|p2a: Landorus|Grass Knot|p1a: Moonblast\n|-resisted|p1a: Moonblast\n|-damage|p1a: Moonblast|60\/100\n|\n|-weather|RainDance|[upkeep]\n|-heal|p2a: Landorus|100\/100|[from] item: Leftovers\n|upkeep\n|turn|25\n|\n|t:|1699224902\n|move|p1a: Moonblast|Moonblast|p2a: Landorus\n|-crit|p2a: Landorus\n|-damage|p2a: Landorus|55\/100\n|move|p2a: Landorus|Earthquake|p1a: Moonblast\n|-resisted|p1a: Moonblast\n|-crit|p1a: Moonblast\n|-damage|p1a: Moonblast|0 fnt\n|faint|p1a: Moonblast\n|\n|-weather|RainDance|[upkeep]\n|-heal|p2a: Landorus|61\/100|[from] item: Leftovers\n|upkeep\n|\n|t:|1699224905\n|switch|p1a: OHKO|Kyogre|88\/100\n|-damage|p1a: OHKO|76\/100|[from] Spikes\n|turn|26\n|\n|t:|1699224907\n|move|p1a: OHKO|Ice Beam|p2a: Landorus\n|-supereffective|p2a: Landorus\n|-damage|p2a: Landorus|0 fnt\n|faint|p2a: Landorus\n|\n|win|Anne Frankkkk\n|raw|Anne Frankkkk's rating: 1210 &rarr; <strong>1247<\/strong><br \/>(+37 for winning)\n|raw|idek what you mean's rating: 1395 &rarr; <strong>1365<\/strong><br \/>(-30 for losing)\n|l|\u2606idek what you mean\n","uploadtime":1699224913,"views":3,"p1id":"annefrankkkk","p2id":"idekwhatyoumean","formatid":"gen9ubers","rating":1247,"private":0,"password":""}