{"id":"gen9ubers-1969214079","p1":"Dhdjdjd","p2":"TubeKnight","format":"[Gen 9] Ubers","log":"|j|\u2606Dhdjdjd\n|j|\u2606TubeKnight\n|t:|1697501122\n|gametype|singles\n|player|p1|Dhdjdjd|266|\n|player|p2|TubeKnight|veteran|\n|teamsize|p1|6\n|teamsize|p2|6\n|gen|9\n|tier|[Gen 9] Ubers\n|rule|Sleep Clause Mod: Limit one foe put to sleep\n|rule|Species Clause: Limit one of each Pok\u00e9mon\n|rule|OHKO Clause: OHKO moves are banned\n|rule|Evasion Items Clause: Evasion items are banned\n|rule|Evasion Moves Clause: Evasion moves are banned\n|rule|Endless Battle Clause: Forcing endless battles is banned\n|rule|HP Percentage Mod: HP is shown in percentages\n|clearpoke\n|poke|p1|Shaymin-Sky|\n|poke|p1|Arceus-Ice|\n|poke|p1|Chi-Yu|\n|poke|p1|Urshifu-*, M|\n|poke|p1|Palkia-Origin|\n|poke|p1|Zacian-*|\n|poke|p2|Torterra, M|\n|poke|p2|Cyclizar, M|\n|poke|p2|Shaymin-Sky|\n|poke|p2|Dondozo, F|\n|poke|p2|Arceus-Poison|\n|poke|p2|Gholdengo|\n|teampreview\n|inactive|Battle timer is ON: inactive players will automatically lose when time's up. (requested by TubeKnight)\n|\n|t:|1697501142\n|start\n|switch|p1a: Arceus|Arceus-Ice|100\/100\n|switch|p2a: Cyclizar|Cyclizar, M, shiny|100\/100\n|turn|1\n|\n|t:|1697501167\n|move|p2a: Cyclizar|Taunt|p1a: Arceus\n|-start|p1a: Arceus|move: Taunt\n|move|p1a: Arceus|Judgment|p2a: Cyclizar\n|-supereffective|p2a: Cyclizar\n|-damage|p2a: Cyclizar|0 fnt\n|faint|p2a: Cyclizar\n|\n|upkeep\n|\n|t:|1697501179\n|switch|p2a: Gholdengo|Gholdengo|100\/100\n|turn|2\n|\n|t:|1697501186\n|switch|p1a: Palkia|Palkia-Origin|100\/100\n|-ability|p1a: Palkia|Pressure\n|move|p2a: Gholdengo|Power Gem|p1a: Palkia\n|-damage|p1a: Palkia|74\/100\n|\n|upkeep\n|turn|3\n|\n|t:|1697501196\n|switch|p2a: Dondozo|Dondozo, F, shiny|100\/100\n|move|p1a: Palkia|Surf|p2a: Dondozo\n|-resisted|p2a: Dondozo\n|-damage|p2a: Dondozo|73\/100\n|\n|-heal|p2a: Dondozo|79\/100|[from] item: Leftovers\n|upkeep\n|turn|4\n|\n|t:|1697501205\n|move|p1a: Palkia|Spacial Rend|p2a: Dondozo\n|-damage|p2a: Dondozo|8\/100\n|move|p2a: Dondozo|Yawn|p1a: Palkia\n|-start|p1a: Palkia|move: Yawn|[of] p2a: Dondozo\n|\n|-heal|p2a: Dondozo|14\/100|[from] item: Leftovers\n|upkeep\n|turn|5\n|\n|t:|1697501214\n|switch|p1a: Shaymin|Shaymin-Sky|100\/100\n|switch|p2a: Torterra|Torterra, M, shiny|100\/100\n|\n|upkeep\n|turn|6\n|\n|t:|1697501221\n|move|p1a: Shaymin|Air Slash|p2a: Torterra\n|-supereffective|p2a: Torterra\n|-damage|p2a: Torterra|0 fnt\n|faint|p2a: Torterra\n|-damage|p1a: Shaymin|91\/100|[from] item: Life Orb\n|\n|upkeep\n|c|\u2606TubeKnight|damn didnt know that kos\n|\n|t:|1697501247\n|switch|p2a: Gholdengo|Gholdengo|100\/100\n|turn|7\n|\n|t:|1697501252\n|move|p2a: Gholdengo|Power Gem|p1a: Shaymin\n|-supereffective|p1a: Shaymin\n|-damage|p1a: Shaymin|24\/100\n|move|p1a: Shaymin|Earth Power|p2a: Gholdengo\n|-supereffective|p2a: Gholdengo\n|-damage|p2a: Gholdengo|6\/100\n|-damage|p1a: Shaymin|14\/100|[from] item: Life Orb\n|\n|upkeep\n|turn|8\n|\n|t:|1697501261\n|move|p2a: Gholdengo|Power Gem|p1a: Shaymin\n|-supereffective|p1a: Shaymin\n|-damage|p1a: Shaymin|0 fnt\n|faint|p1a: Shaymin\n|\n|upkeep\n|\n|t:|1697501287\n|switch|p1a: Palkia|Palkia-Origin|74\/100\n|-ability|p1a: Palkia|Pressure\n|turn|9\n|inactive|TubeKnight has 270 seconds left.\n|\n|t:|1697501320\n|switch|p2a: Shaymin|Shaymin-Sky, shiny|100\/100\n|move|p1a: Palkia|Spacial Rend|p2a: Shaymin\n|-crit|p2a: Shaymin\n|-damage|p2a: Shaymin|0 fnt\n|faint|p2a: Shaymin\n|\n|upkeep\n|inactive|TubeKnight has 270 seconds left.\n|\n|t:|1697501325\n|switch|p2a: Arceus|Arceus-Poison, shiny|100\/100\n|turn|10\n|\n|t:|1697501334\n|move|p1a: Palkia|Spacial Rend|p2a: Arceus\n|-damage|p2a: Arceus|52\/100\n|move|p2a: Arceus|Calm Mind|p2a: Arceus\n|-boost|p2a: Arceus|spa|1\n|-boost|p2a: Arceus|spd|1\n|\n|upkeep\n|turn|11\n|inactive|TubeKnight has 270 seconds left.\n|\n|t:|1697501357\n|move|p1a: Palkia|Spacial Rend|p2a: Arceus\n|-damage|p2a: Arceus|23\/100\n|move|p2a: Arceus|Recover|p2a: Arceus\n|-heal|p2a: Arceus|73\/100\n|\n|upkeep\n|turn|12\n|\n|t:|1697501366\n|move|p1a: Palkia|Spacial Rend|p2a: Arceus\n|-damage|p2a: Arceus|42\/100\n|move|p2a: Arceus|Calm Mind|p2a: Arceus\n|-boost|p2a: Arceus|spa|1\n|-boost|p2a: Arceus|spd|1\n|\n|upkeep\n|turn|13\n|\n|t:|1697501375\n|move|p1a: Palkia|Spacial Rend|p2a: Arceus|[miss]\n|-miss|p1a: Palkia|p2a: Arceus\n|move|p2a: Arceus|Recover|p2a: Arceus\n|-heal|p2a: Arceus|92\/100\n|\n|upkeep\n|turn|14\n|\n|t:|1697501382\n|move|p1a: Palkia|Spacial Rend|p2a: Arceus\n|-damage|p2a: Arceus|69\/100\n|move|p2a: Arceus|Judgment|p1a: Palkia\n|-damage|p1a: Palkia|0 fnt\n|faint|p1a: Palkia\n|\n|upkeep\n|\n|t:|1697501398\n|switch|p1a: Urshifu|Urshifu, M|100\/100\n|turn|15\n|\n|t:|1697501411\n|-terastallize|p1a: Urshifu|Steel\n|-terastallize|p2a: Arceus|Fighting\n|move|p1a: Urshifu|Wicked Blow|p2a: Arceus\n|-resisted|p2a: Arceus\n|-crit|p2a: Arceus\n|-damage|p2a: Arceus|49\/100\n|move|p2a: Arceus|Aura Sphere|p1a: Urshifu\n|-supereffective|p1a: Urshifu\n|-damage|p1a: Urshifu|0 fnt\n|faint|p1a: Urshifu\n|\n|upkeep\n|\n|t:|1697501423\n|switch|p1a: Zacian|Zacian|100\/100\n|-ability|p1a: Zacian|Intrepid Sword|boost\n|-boost|p1a: Zacian|atk|1\n|turn|16\n|\n|t:|1697501435\n|move|p1a: Zacian|Play Rough|p2a: Arceus\n|-supereffective|p2a: Arceus\n|-damage|p2a: Arceus|0 fnt\n|faint|p2a: Arceus\n|\n|upkeep\n|\n|t:|1697501441\n|switch|p2a: Gholdengo|Gholdengo|6\/100\n|turn|17\n|\n|t:|1697501447\n|move|p2a: Gholdengo|Make It Rain|p1a: Zacian\n|-supereffective|p1a: Zacian\n|-damage|p1a: Zacian|0 fnt\n|-unboost|p2a: Gholdengo|spa|1\n|faint|p1a: Zacian\n|\n|upkeep\n|\n|t:|1697501455\n|switch|p1a: Chi-Yu|Chi-Yu|100\/100\n|-ability|p1a: Chi-Yu|Beads of Ruin\n|turn|18\n|\n|t:|1697501460\n|switch|p2a: Dondozo|Dondozo, F, shiny|14\/100\n|move|p1a: Chi-Yu|Dark Pulse|p2a: Dondozo\n|-damage|p2a: Dondozo|0 fnt\n|faint|p2a: Dondozo\n|\n|upkeep\n|\n|t:|1697501464\n|switch|p2a: Gholdengo|Gholdengo|6\/100\n|turn|19\n|\n|t:|1697501487\n|move|p1a: Chi-Yu|Dark Pulse|p2a: Gholdengo\n|-supereffective|p2a: Gholdengo\n|-damage|p2a: Gholdengo|0 fnt\n|faint|p2a: Gholdengo\n|\n|win|Dhdjdjd\n|c|\u2606TubeKnight|ggs\n|c|\u2606TubeKnight|u gonna upload replay or do i?\n|l|\u2606Dhdjdjd\n|j|\u2606Dhdjdjd\n|player|p1|Dhdjdjd|266\n|l|\u2606TubeKnight\n","uploadtime":1697501533,"views":28,"p1id":"dhdjdjd","p2id":"tubeknight","formatid":"gen9ubers","rating":0,"private":0,"password":""}