{"id":"gen9ubers-1982838338","p1":"Xelda_Rain","p2":"wrtosread","format":"[Gen 9] Ubers","log":"|j|\u2606Xelda_Rain\n|j|\u203dwrtosread\n|t:|1699049900\n|gametype|singles\n|player|p1|Xelda_Rain|flannery|\n|player|p2|wrtosread|artistf-gen6|\n|teamsize|p1|6\n|teamsize|p2|6\n|gen|9\n|tier|[Gen 9] Ubers\n|rule|Sleep Clause Mod: Limit one foe put to sleep\n|rule|Species Clause: Limit one of each Pok\u00e9mon\n|rule|OHKO Clause: OHKO moves are banned\n|rule|Evasion Items Clause: Evasion items are banned\n|rule|Evasion Moves Clause: Evasion moves are banned\n|rule|Endless Battle Clause: Forcing endless battles is banned\n|rule|HP Percentage Mod: HP is shown in percentages\n|clearpoke\n|poke|p1|Arceus|\n|poke|p1|Landorus, M|\n|poke|p1|Dialga|\n|poke|p1|Palafin, M|\n|poke|p1|Rayquaza|\n|poke|p1|Iron Valiant|\n|poke|p2|Arceus|\n|poke|p2|Giratina|\n|poke|p2|Clefable, F|\n|poke|p2|Koraidon|\n|poke|p2|Landorus, M|\n|poke|p2|Corviknight, M|\n|teampreview\n|c|\u2606Xelda_Rain|Glhf\n|\n|t:|1699049924\n|start\n|switch|p1a: Palafin|Palafin, M|100\/100\n|switch|p2a: Landorus|Landorus, M|100\/100\n|turn|1\n|\n|t:|1699049951\n|move|p2a: Landorus|U-turn|p1a: Palafin\n|-damage|p1a: Palafin|76\/100\n|\n|t:|1699049959\n|switch|p2a: Arceus|Arceus|100\/100|[from] U-turn\n|move|p1a: Palafin|Ice Beam|p2a: Arceus\n|-damage|p2a: Arceus|84\/100\n|\n|-heal|p2a: Arceus|90\/100|[from] item: Leftovers\n|upkeep\n|turn|2\n|\n|t:|1699049970\n|detailschange|p1a: Palafin|Palafin-Hero, M\n|switch|p1a: Dialga|Dialga|100\/100\n|-ability|p1a: Dialga|Pressure\n|move|p2a: Arceus|Swords Dance|p2a: Arceus\n|-boost|p2a: Arceus|atk|2\n|\n|-heal|p2a: Arceus|96\/100|[from] item: Leftovers\n|upkeep\n|turn|3\n|\n|t:|1699049980\n|switch|p1a: Rayquaza|Rayquaza|100\/100\n|-ability|p1a: Rayquaza|Air Lock\n|move|p2a: Arceus|Swords Dance|p2a: Arceus\n|-boost|p2a: Arceus|atk|2\n|\n|-heal|p2a: Arceus|100\/100|[from] item: Leftovers\n|upkeep\n|turn|4\n|\n|t:|1699049990\n|move|p2a: Arceus|Dragon Claw|p1a: Rayquaza\n|-supereffective|p1a: Rayquaza\n|-damage|p1a: Rayquaza|0 fnt\n|faint|p1a: Rayquaza\n|\n|upkeep\n|\n|t:|1699049998\n|switch|p1a: Arc is us|Arceus|100\/100\n|turn|5\n|\n|t:|1699050003\n|-terastallize|p1a: Arc is us|Normal\n|move|p2a: Arceus|Extreme Speed|p1a: Arc is us\n|-damage|p1a: Arc is us|34\/100\n|move|p1a: Arc is us|Extreme Speed|p2a: Arceus\n|-damage|p2a: Arceus|52\/100\n|\n|-heal|p2a: Arceus|58\/100|[from] item: Leftovers\n|upkeep\n|turn|6\n|\n|t:|1699050010\n|move|p2a: Arceus|Extreme Speed|p1a: Arc is us\n|-damage|p1a: Arc is us|0 fnt\n|faint|p1a: Arc is us\n|\n|-heal|p2a: Arceus|64\/100|[from] item: Leftovers\n|upkeep\n|\n|t:|1699050021\n|switch|p1a: Dialga|Dialga|100\/100\n|-ability|p1a: Dialga|Pressure\n|turn|7\n|\n|t:|1699050026\n|move|p2a: Arceus|Recover|p2a: Arceus\n|-heal|p2a: Arceus|100\/100\n|move|p1a: Dialga|Brick Break|p2a: Arceus\n|-supereffective|p2a: Arceus\n|-damage|p2a: Arceus|66\/100\n|\n|-heal|p2a: Arceus|72\/100|[from] item: Leftovers\n|upkeep\n|turn|8\n|\n|t:|1699050033\n|move|p2a: Arceus|Dragon Claw|p1a: Dialga\n|-damage|p1a: Dialga|43\/100\n|move|p1a: Dialga|Brick Break|p2a: Arceus\n|-supereffective|p2a: Arceus\n|-damage|p2a: Arceus|33\/100\n|\n|-heal|p2a: Arceus|40\/100|[from] item: Leftovers\n|upkeep\n|turn|9\n|\n|t:|1699050036\n|move|p2a: Arceus|Recover|p2a: Arceus\n|-heal|p2a: Arceus|90\/100\n|move|p1a: Dialga|Brick Break|p2a: Arceus\n|-supereffective|p2a: Arceus\n|-damage|p2a: Arceus|55\/100\n|\n|-heal|p2a: Arceus|61\/100|[from] item: Leftovers\n|upkeep\n|turn|10\n|\n|t:|1699050039\n|move|p2a: Arceus|Dragon Claw|p1a: Dialga\n|-damage|p1a: Dialga|0 fnt\n|faint|p1a: Dialga\n|\n|-heal|p2a: Arceus|68\/100|[from] item: Leftovers\n|upkeep\n|\n|t:|1699050044\n|switch|p1a: Landorus|Landorus, M|100\/100\n|turn|11\n|\n|t:|1699050049\n|move|p2a: Arceus|Extreme Speed|p1a: Landorus\n|-damage|p1a: Landorus|0 fnt\n|faint|p1a: Landorus\n|\n|-heal|p2a: Arceus|74\/100|[from] item: Leftovers\n|upkeep\n|\n|t:|1699050052\n|switch|p1a: Palafin|Palafin-Hero, M|76\/100\n|-activate|p1a: Palafin|ability: Zero to Hero\n|turn|12\n|\n|t:|1699050056\n|move|p2a: Arceus|Extreme Speed|p1a: Palafin\n|-damage|p1a: Palafin|0 fnt\n|faint|p1a: Palafin\n|\n|-heal|p2a: Arceus|80\/100|[from] item: Leftovers\n|upkeep\n|\n|t:|1699050058\n|switch|p1a: Iron Valiant|Iron Valiant|100\/100\n|-enditem|p1a: Iron Valiant|Booster Energy\n|-activate|p1a: Iron Valiant|ability: Quark Drive|[fromitem]\n|-start|p1a: Iron Valiant|quarkdrivespe\n|turn|13\n|\n|t:|1699050061\n|move|p2a: Arceus|Extreme Speed|p1a: Iron Valiant\n|-damage|p1a: Iron Valiant|0 fnt\n|faint|p1a: Iron Valiant\n|-end|p1a: Iron Valiant|Quark Drive|[silent]\n|\n|win|wrtosread\n","uploadtime":1699050066,"views":14,"p1id":"xeldarain","p2id":"wrtosread","formatid":"gen9ubers","rating":0,"private":0,"password":""}