{"id":"gen9ubers-1987592227","p1":"NK Spar Kings","p2":"Garrysfriendlarry","format":"[Gen 9] Ubers","log":"|j|\u2606NK Spar Kings\n|j|\u2606Garrysfriendlarry\n|t:|1699616793\n|gametype|singles\n|player|p1|NK Spar Kings|hilbert|\n|player|p2|Garrysfriendlarry|emmet|\n|teamsize|p1|6\n|teamsize|p2|6\n|gen|9\n|tier|[Gen 9] Ubers\n|rule|Sleep Clause Mod: Limit one foe put to sleep\n|rule|Species Clause: Limit one of each Pok\u00e9mon\n|rule|OHKO Clause: OHKO moves are banned\n|rule|Evasion Items Clause: Evasion items are banned\n|rule|Evasion Moves Clause: Evasion moves are banned\n|rule|Endless Battle Clause: Forcing endless battles is banned\n|rule|HP Percentage Mod: HP is shown in percentages\n|clearpoke\n|poke|p1|Pawmot, M|\n|poke|p1|Grafaiai, M|\n|poke|p1|Noivern, M|\n|poke|p1|Walking Wake|\n|poke|p1|Thundurus-Therian, M|\n|poke|p1|Scizor, M|\n|poke|p2|Ting-Lu|\n|poke|p2|Slowbro-Galar, M|\n|poke|p2|Diancie|\n|poke|p2|Samurott-Hisui, M|\n|poke|p2|Dragonite, M|\n|poke|p2|Annihilape, F|\n|teampreview\n|\n|t:|1699616800\n|start\n|switch|p1a: Sparking|Pawmot, M|100\/100\n|switch|p2a: Diancie|Diancie|100\/100\n|turn|1\n|\n|t:|1699616810\n|move|p1a: Sparking|Fake Out|p2a: Diancie\n|-resisted|p2a: Diancie\n|-damage|p2a: Diancie|95\/100\n|cant|p2a: Diancie|flinch\n|\n|-heal|p2a: Diancie|100\/100|[from] item: Leftovers\n|upkeep\n|turn|2\n|\n|t:|1699616829\n|move|p1a: Sparking|Thunder Punch|p2a: Diancie\n|-damage|p2a: Diancie|66\/100\n|move|p2a: Diancie|Diamond Storm|p1a: Sparking\n|-resisted|p1a: Sparking\n|-damage|p1a: Sparking|60\/100\n|\n|-heal|p2a: Diancie|72\/100|[from] item: Leftovers\n|upkeep\n|turn|3\n|\n|t:|1699616844\n|move|p1a: Sparking|Close Combat|p2a: Diancie\n|-damage|p2a: Diancie|23\/100\n|-unboost|p1a: Sparking|def|1\n|-unboost|p1a: Sparking|spd|1\n|move|p2a: Diancie|Play Rough|p1a: Sparking\n|-supereffective|p1a: Sparking\n|-damage|p1a: Sparking|0 fnt\n|faint|p1a: Sparking\n|\n|-heal|p2a: Diancie|29\/100|[from] item: Leftovers\n|upkeep\n|\n|t:|1699616861\n|switch|p1a: Thundurus|Thundurus-Therian, M|100\/100\n|turn|4\n|\n|t:|1699616866\n|move|p1a: Thundurus|Flash Cannon|p2a: Diancie\n|-supereffective|p2a: Diancie\n|-damage|p2a: Diancie|0 fnt\n|faint|p2a: Diancie\n|\n|upkeep\n|\n|t:|1699616881\n|switch|p2a: Slowbro|Slowbro-Galar, M|100\/100\n|turn|5\n|\n|t:|1699616886\n|move|p1a: Thundurus|Thunderbolt|p2a: Slowbro\n|-damage|p2a: Slowbro|55\/100\n|move|p2a: Slowbro|Psychic|p1a: Thundurus\n|-damage|p1a: Thundurus|75\/100\n|\n|upkeep\n|turn|6\n|\n|t:|1699616900\n|switch|p2a: Ting-Lu|Ting-Lu|100\/100\n|-ability|p2a: Ting-Lu|Vessel of Ruin\n|move|p1a: Thundurus|Flash Cannon|p2a: Ting-Lu\n|-damage|p2a: Ting-Lu|85\/100\n|\n|-heal|p2a: Ting-Lu|91\/100|[from] item: Leftovers\n|upkeep\n|turn|7\n|\n|t:|1699616911\n|move|p1a: Thundurus|Grass Knot|p2a: Ting-Lu\n|-supereffective|p2a: Ting-Lu\n|-crit|p2a: Ting-Lu\n|-damage|p2a: Ting-Lu|18\/100\n|move|p2a: Ting-Lu|Stealth Rock|p1a: Thundurus\n|-sidestart|p1: NK Spar Kings|move: Stealth Rock\n|\n|-heal|p2a: Ting-Lu|25\/100|[from] item: Leftovers\n|upkeep\n|turn|8\n|c|\u2606NK Spar Kings|oh right\n|c|\u2606NK Spar Kings|gl hf xD\n|\n|t:|1699616935\n|move|p1a: Thundurus|Grass Knot|p2a: Ting-Lu\n|-supereffective|p2a: Ting-Lu\n|-damage|p2a: Ting-Lu|0 fnt\n|faint|p2a: Ting-Lu\n|\n|upkeep\n|\n|t:|1699616943\n|switch|p2a: Dragonite|Dragonite, M|100\/100\n|turn|9\n|\n|t:|1699616949\n|move|p1a: Thundurus|Thunderbolt|p2a: Dragonite\n|-damage|p2a: Dragonite|76\/100\n|move|p2a: Dragonite|Dragon Dance|p2a: Dragonite\n|-boost|p2a: Dragonite|atk|1\n|-boost|p2a: Dragonite|spe|1\n|\n|upkeep\n|turn|10\n|\n|t:|1699616956\n|move|p1a: Thundurus|Thunderbolt|p2a: Dragonite\n|-damage|p2a: Dragonite|30\/100\n|move|p2a: Dragonite|Dragon Claw|p1a: Thundurus\n|-damage|p1a: Thundurus|0 fnt\n|faint|p1a: Thundurus\n|\n|upkeep\n|\n|t:|1699616977\n|switch|p1a: Stripes|Grafaiai, M|100\/100\n|turn|11\n|c|\u2606Garrysfriendlarry|Lghf\n|\n|t:|1699616981\n|move|p1a: Stripes|Copycat|p1a: Stripes\n|move|p1a: Stripes|Dragon Claw|p2a: Dragonite|[from]move: Copycat\n|-supereffective|p2a: Dragonite\n|-damage|p2a: Dragonite|0 fnt\n|faint|p2a: Dragonite\n|\n|upkeep\n|\n|t:|1699616988\n|switch|p2a: Samurott|Samurott-Hisui, M|100\/100\n|turn|12\n|\n|t:|1699617002\n|move|p1a: Stripes|U-turn|p2a: Samurott\n|-supereffective|p2a: Samurott\n|-damage|p2a: Samurott|50\/100\n|-enditem|p2a: Samurott|Sitrus Berry|[eat]\n|-heal|p2a: Samurott|75\/100|[from] item: Sitrus Berry\n|\n|t:|1699617010\n|switch|p1a: Echo|Noivern, M, shiny|100\/100|[from] U-turn\n|move|p2a: Samurott|Ceaseless Edge|p1a: Echo\n|-damage|p1a: Echo|45\/100\n|-sidestart|p1: NK Spar Kings|Spikes\n|\n|upkeep\n|turn|13\n|\n|t:|1699617019\n|move|p2a: Samurott|Sucker Punch|p1a: Echo\n|-damage|p1a: Echo|0 fnt\n|faint|p1a: Echo\n|\n|upkeep\n|\n|t:|1699617025\n|switch|p1a: Scarlet|Scizor, M|100\/100\n|turn|14\n|\n|t:|1699617032\n|switch|p2a: Slowbro|Slowbro-Galar, M|89\/100\n|move|p1a: Scarlet|Close Combat|p2a: Slowbro\n|-resisted|p2a: Slowbro\n|-damage|p2a: Slowbro|81\/100\n|-unboost|p1a: Scarlet|def|1\n|-unboost|p1a: Scarlet|spd|1\n|\n|upkeep\n|turn|15\n|\n|t:|1699617043\n|move|p1a: Scarlet|U-turn|p2a: Slowbro\n|-crit|p2a: Slowbro\n|-damage|p2a: Slowbro|41\/100\n|\n|t:|1699617057\n|switch|p1a: Stripes|Grafaiai, M|100\/100|[from] U-turn\n|move|p2a: Slowbro|Psychic|p1a: Stripes\n|-supereffective|p1a: Stripes\n|-damage|p1a: Stripes|8\/100\n|\n|upkeep\n|turn|16\n|\n|t:|1699617066\n|switch|p2a: Samurott|Samurott-Hisui, M|75\/100\n|move|p1a: Stripes|Sunny Day|p1a: Stripes\n|-weather|SunnyDay\n|\n|-weather|SunnyDay|[upkeep]\n|upkeep\n|turn|17\n|\n|t:|1699617074\n|move|p2a: Samurott|Sucker Punch|p1a: Stripes\n|-damage|p1a: Stripes|0 fnt\n|faint|p1a: Stripes\n|\n|-weather|SunnyDay|[upkeep]\n|upkeep\n|\n|t:|1699617079\n|switch|p1a: Velosucicune|Walking Wake|100\/100\n|-damage|p1a: Velosucicune|88\/100|[from] Stealth Rock\n|-damage|p1a: Velosucicune|76\/100|[from] Spikes\n|-activate|p1a: Velosucicune|ability: Protosynthesis\n|-start|p1a: Velosucicune|protosynthesisspe\n|turn|18\n|\n|t:|1699617090\n|move|p1a: Velosucicune|Dragon Pulse|p2a: Samurott\n|-damage|p2a: Samurott|0 fnt\n|faint|p2a: Samurott\n|\n|-weather|SunnyDay|[upkeep]\n|upkeep\n|\n|t:|1699617107\n|switch|p2a: Annihilape|Annihilape, F|100\/100\n|turn|19\n|\n|t:|1699617113\n|move|p1a: Velosucicune|Dragon Pulse|p2a: Annihilape\n|-damage|p2a: Annihilape|59\/100\n|move|p2a: Annihilape|Rest|p2a: Annihilape\n|-status|p2a: Annihilape|slp|[from] move: Rest\n|-enditem|p2a: Annihilape|Lum Berry|[eat]\n|-curestatus|p2a: Annihilape|slp|[msg]\n|-heal|p2a: Annihilape|100\/100|[silent]\n|\n|-weather|SunnyDay|[upkeep]\n|upkeep\n|turn|20\n|\n|t:|1699617124\n|move|p1a: Velosucicune|Dragon Pulse|p2a: Annihilape\n|-damage|p2a: Annihilape|57\/100\n|move|p2a: Annihilape|Rage Fist|p1a: Velosucicune\n|-damage|p1a: Velosucicune|12\/100\n|\n|-weather|none\n|-end|p1a: Velosucicune|Protosynthesis\n|upkeep\n|turn|21\n|\n|t:|1699617133\n|move|p1a: Velosucicune|Dragon Pulse|p2a: Annihilape\n|-damage|p2a: Annihilape|17\/100\n|move|p2a: Annihilape|Rest|p2a: Annihilape\n|-status|p2a: Annihilape|slp|[from] move: Rest\n|-heal|p2a: Annihilape|100\/100 slp|[silent]\n|\n|upkeep\n|turn|22\n|\n|t:|1699617144\n|move|p1a: Velosucicune|Dragon Pulse|p2a: Annihilape\n|-damage|p2a: Annihilape|59\/100 slp\n|cant|p2a: Annihilape|slp\n|\n|upkeep\n|turn|23\n|\n|t:|1699617151\n|move|p1a: Velosucicune|Dragon Pulse|p2a: Annihilape\n|-damage|p2a: Annihilape|19\/100 slp\n|cant|p2a: Annihilape|slp\n|\n|upkeep\n|turn|24\n|\n|t:|1699617157\n|move|p1a: Velosucicune|Dragon Pulse|p2a: Annihilape\n|-damage|p2a: Annihilape|0 fnt\n|faint|p2a: Annihilape\n|\n|upkeep\n|\n|t:|1699617161\n|switch|p2a: Slowbro|Slowbro-Galar, M|74\/100\n|turn|25\n|\n|t:|1699617165\n|move|p1a: Velosucicune|Dragon Pulse|p2a: Slowbro\n|-damage|p2a: Slowbro|27\/100\n|move|p2a: Slowbro|Psychic|p1a: Velosucicune\n|-damage|p1a: Velosucicune|0 fnt\n|faint|p1a: Velosucicune\n|-end|p1a: Velosucicune|Protosynthesis|[silent]\n|\n|upkeep\n|\n|t:|1699617185\n|switch|p1a: Scarlet|Scizor, M|100\/100\n|turn|26\n|\n|t:|1699617190\n|move|p1a: Scarlet|U-turn|p2a: Slowbro\n|-damage|p2a: Slowbro|0 fnt\n|faint|p2a: Slowbro\n|\n|win|NK Spar Kings\n|c|\u2606Garrysfriendlarry|Gg\n|c|\u2606NK Spar Kings|gg man\n","uploadtime":1699617199,"views":38,"p1id":"nksparkings","p2id":"garrysfriendlarry","formatid":"gen9ubers","rating":0,"private":0,"password":""}