{"id":"gen9ubers-1977874909","p1":"TubeKnight","p2":"PinkScourge","format":"[Gen 9] Ubers","log":"|j|\u2606TubeKnight\n|j|\u2606PinkScourge\n|t:|1698460377\n|gametype|singles\n|player|p1|TubeKnight|169|\n|player|p2|PinkScourge|bede-leader|\n|teamsize|p1|6\n|teamsize|p2|6\n|gen|9\n|tier|[Gen 9] Ubers\n|rule|Sleep Clause Mod: Limit one foe put to sleep\n|rule|Species Clause: Limit one of each Pok\u00e9mon\n|rule|OHKO Clause: OHKO moves are banned\n|rule|Evasion Items Clause: Evasion items are banned\n|rule|Evasion Moves Clause: Evasion moves are banned\n|rule|Endless Battle Clause: Forcing endless battles is banned\n|rule|HP Percentage Mod: HP is shown in percentages\n|clearpoke\n|poke|p1|Pelipper, M|\n|poke|p1|Basculegion-F, F|\n|poke|p1|Thundurus-Therian, M|\n|poke|p1|Giratina|\n|poke|p1|Gliscor, M|\n|poke|p1|Arceus-Fire|\n|poke|p2|Indeedee-F, F|\n|poke|p2|Hatterene, F|\n|poke|p2|Palkia|\n|poke|p2|Alomomola, M|\n|poke|p2|Ursaluna, M|\n|poke|p2|Slowking-Galar, F|\n|teampreview\n|inactive|Battle timer is ON: inactive players will automatically lose when time's up. (requested by PinkScourge)\n|c|\u2606TubeKnight|glhf\n|c|\u2606PinkScourge|GL HF\n|\n|t:|1698460385\n|start\n|switch|p1a: Pelipper|Pelipper, M, shiny|100\/100\n|switch|p2a: Slowking|Slowking-Galar, F|100\/100\n|-weather|RainDance|[from] ability: Drizzle|[of] p1a: Pelipper\n|turn|1\n|\n|t:|1698460388\n|move|p1a: Pelipper|Knock Off|p2a: Slowking\n|-supereffective|p2a: Slowking\n|-damage|p2a: Slowking|81\/100\n|-enditem|p2a: Slowking|Heavy-Duty Boots|[from] move: Knock Off|[of] p1a: Pelipper\n|move|p2a: Slowking|Future Sight|p1a: Pelipper\n|-start|p2a: Slowking|move: Future Sight\n|\n|-weather|RainDance|[upkeep]\n|upkeep\n|turn|2\n|\n|t:|1698460415\n|switch|p1a: Gliscor|Gliscor, M, shiny|100\/100\n|move|p2a: Slowking|Chilly Reception|p2a: Slowking\n|-weather|Snow\n|\n|t:|1698460425\n|switch|p2a: Indeedee|Indeedee-F, F|100\/100|[from] Chilly Reception\n|-fieldstart|move: Psychic Terrain|[from] ability: Psychic Surge|[of] p2a: Indeedee\n|\n|-weather|Snow|[upkeep]\n|-status|p1a: Gliscor|tox|[from] item: Toxic Orb\n|upkeep\n|turn|3\n|\n|t:|1698460432\n|move|p1a: Gliscor|Taunt|p2a: Indeedee\n|-start|p2a: Indeedee|move: Taunt\n|cant|p2a: Indeedee|move: Taunt|Trick Room\n|\n|-weather|Snow|[upkeep]\n|-end|p1a: Gliscor|move: Future Sight\n|-damage|p1a: Gliscor|23\/100 tox\n|-heal|p1a: Gliscor|36\/100 tox|[from] ability: Poison Heal\n|upkeep\n|turn|4\n|\n|t:|1698460440\n|move|p1a: Gliscor|Knock Off|p2a: Indeedee\n|-supereffective|p2a: Indeedee\n|-damage|p2a: Indeedee|61\/100\n|-enditem|p2a: Indeedee|Terrain Extender|[from] move: Knock Off|[of] p1a: Gliscor\n|move|p2a: Indeedee|Psyshock|p1a: Gliscor\n|-damage|p1a: Gliscor|14\/100 tox\n|\n|-weather|Snow|[upkeep]\n|-heal|p1a: Gliscor|26\/100 tox|[from] ability: Poison Heal\n|upkeep\n|turn|5\n|\n|t:|1698460448\n|switch|p2a: Slowking|Slowking-Galar, F|100\/100\n|move|p1a: Gliscor|U-turn|p2a: Slowking\n|-damage|p2a: Slowking|90\/100\n|\n|t:|1698460459\n|switch|p1a: Pelipper|Pelipper, M, shiny|100\/100|[from] U-turn\n|-weather|RainDance|[from] ability: Drizzle|[of] p1a: Pelipper\n|\n|-weather|RainDance|[upkeep]\n|upkeep\n|turn|6\n|\n|t:|1698460464\n|move|p1a: Pelipper|U-turn|p2a: Slowking\n|-damage|p2a: Slowking|83\/100\n|\n|t:|1698460477\n|switch|p1a: Thundurus|Thundurus-Therian, M, shiny|100\/100|[from] U-turn\n|move|p2a: Slowking|Future Sight|p1a: Thundurus\n|-start|p2a: Slowking|move: Future Sight\n|\n|-weather|RainDance|[upkeep]\n|upkeep\n|turn|7\n|\n|t:|1698460482\n|move|p1a: Thundurus|Thunder|p2a: Slowking\n|-damage|p2a: Slowking|36\/100\n|move|p2a: Slowking|Chilly Reception|p2a: Slowking\n|-weather|Snow\n|\n|t:|1698460492\n|switch|p2a: Palkia|Palkia|100\/100|[from] Chilly Reception\n|-ability|p2a: Palkia|Pressure\n|\n|-weather|Snow|[upkeep]\n|upkeep\n|turn|8\n|\n|t:|1698460496\n|move|p1a: Thundurus|Volt Switch|p2a: Palkia\n|-damage|p2a: Palkia|71\/100\n|\n|t:|1698460507\n|switch|p1a: Pelipper|Pelipper, M, shiny|100\/100|[from] Volt Switch\n|-weather|RainDance|[from] ability: Drizzle|[of] p1a: Pelipper\n|move|p2a: Palkia|Trick Room|p2a: Palkia\n|-fieldstart|move: Trick Room|[of] p2a: Palkia\n|\n|-weather|RainDance|[upkeep]\n|-end|p1a: Pelipper|move: Future Sight\n|-damage|p1a: Pelipper|48\/100\n|upkeep\n|turn|9\n|\n|t:|1698460519\n|move|p1a: Pelipper|Roost|p1a: Pelipper\n|-heal|p1a: Pelipper|98\/100\n|-singleturn|p1a: Pelipper|move: Roost\n|move|p2a: Palkia|Spacial Rend|p1a: Pelipper\n|-damage|p1a: Pelipper|21\/100\n|\n|-weather|RainDance|[upkeep]\n|-fieldend|move: Psychic Terrain\n|upkeep\n|turn|10\n|inactive|TubeKnight has 270 seconds left.\n|\n|t:|1698460550\n|move|p1a: Pelipper|U-turn|p2a: Palkia\n|-damage|p2a: Palkia|63\/100\n|inactive|TubeKnight has 270 seconds left.\n|\n|t:|1698460561\n|switch|p1a: Thundurus|Thundurus-Therian, M, shiny|100\/100|[from] U-turn\n|move|p2a: Palkia|Spacial Rend|p1a: Thundurus\n|-damage|p1a: Thundurus|30\/100\n|\n|-weather|RainDance|[upkeep]\n|upkeep\n|turn|11\n|inactive|TubeKnight has 270 seconds left.\n|inactive|TubeKnight has 240 seconds left.\n|\n|t:|1698460620\n|switch|p1a: Arceus|Arceus-Fire, shiny|100\/100\n|move|p2a: Palkia|Surf|p1a: Arceus\n|-supereffective|p1a: Arceus\n|-damage|p1a: Arceus|0 fnt\n|faint|p1a: Arceus\n|\n|-weather|RainDance|[upkeep]\n|upkeep\n|inactive|TubeKnight has 210 seconds left.\n|\n|t:|1698460640\n|switch|p1a: Gliscor|Gliscor, M, shiny|26\/100 tox\n|turn|12\n|\n|t:|1698460645\n|move|p2a: Palkia|Surf|p1a: Gliscor\n|-supereffective|p1a: Gliscor\n|-damage|p1a: Gliscor|0 fnt\n|faint|p1a: Gliscor\n|\n|-weather|RainDance|[upkeep]\n|-fieldend|move: Trick Room\n|upkeep\n|\n|t:|1698460650\n|switch|p1a: Basculegion|Basculegion-F, F, shiny|100\/100\n|turn|13\n|\n|t:|1698460662\n|switch|p2a: Indeedee|Indeedee-F, F|61\/100\n|-fieldstart|move: Psychic Terrain|[from] ability: Psychic Surge|[of] p2a: Indeedee\n|move|p1a: Basculegion|Last Respects|p2a: Indeedee\n|-immune|p2a: Indeedee\n|\n|-weather|RainDance|[upkeep]\n|upkeep\n|turn|14\n|\n|t:|1698460673\n|switch|p1a: Thundurus|Thundurus-Therian, M, shiny|30\/100\n|move|p2a: Indeedee|Trick Room|p2a: Indeedee\n|-fieldstart|move: Trick Room|[of] p2a: Indeedee\n|\n|-weather|RainDance|[upkeep]\n|upkeep\n|turn|15\n|\n|t:|1698460681\n|move|p2a: Indeedee|Psyshock|p1a: Thundurus\n|-damage|p1a: Thundurus|0 fnt\n|faint|p1a: Thundurus\n|\n|-weather|none\n|upkeep\n|\n|t:|1698460700\n|switch|p1a: Giratina|Giratina, shiny|100\/100\n|-ability|p1a: Giratina|Pressure\n|turn|16\n|\n|t:|1698460709\n|switch|p2a: Hatterene|Hatterene, F|100\/100\n|move|p1a: Giratina|Will-O-Wisp|p2a: Hatterene\n|move|p2a: Hatterene|Will-O-Wisp|p1a: Giratina|[from]ability: Magic Bounce\n|-status|p1a: Giratina|brn\n|\n|-damage|p1a: Giratina|94\/100 brn|[from] brn\n|upkeep\n|turn|17\n|inactive|TubeKnight has 240 seconds left.\n|\n|t:|1698460718\n|move|p2a: Hatterene|Calm Mind|p2a: Hatterene\n|-boost|p2a: Hatterene|spa|1\n|-boost|p2a: Hatterene|spd|1\n|move|p1a: Giratina|Hex|p2a: Hatterene\n|-supereffective|p2a: Hatterene\n|-damage|p2a: Hatterene|70\/100\n|\n|-heal|p2a: Hatterene|76\/100|[from] item: Leftovers\n|-damage|p1a: Giratina|88\/100 brn|[from] brn\n|-fieldend|move: Psychic Terrain\n|upkeep\n|turn|18\n|\n|t:|1698460727\n|move|p2a: Hatterene|Draining Kiss|p1a: Giratina\n|-supereffective|p1a: Giratina\n|-damage|p1a: Giratina|62\/100 brn\n|-heal|p2a: Hatterene|100\/100|[from] drain|[of] p1a: Giratina\n|move|p1a: Giratina|Roar|p2a: Hatterene\n|move|p2a: Hatterene|Roar|p1a: Giratina|[from]ability: Magic Bounce\n|drag|p1a: Pelipper|Pelipper, M, shiny|21\/100\n|-weather|RainDance|[from] ability: Drizzle|[of] p1a: Pelipper\n|\n|-weather|RainDance|[upkeep]\n|-fieldend|move: Trick Room\n|upkeep\n|turn|19\n|c|\u2606TubeKnight|100000000000000 iq\n|\n|t:|1698460737\n|move|p1a: Pelipper|Knock Off|p2a: Hatterene\n|-damage|p2a: Hatterene|90\/100\n|-enditem|p2a: Hatterene|Leftovers|[from] move: Knock Off|[of] p1a: Pelipper\n|move|p2a: Hatterene|Draining Kiss|p1a: Pelipper\n|-damage|p1a: Pelipper|0 fnt\n|-heal|p2a: Hatterene|100\/100|[from] drain|[of] p1a: Pelipper\n|faint|p1a: Pelipper\n|\n|-weather|RainDance|[upkeep]\n|upkeep\n|\n|t:|1698460741\n|switch|p1a: Basculegion|Basculegion-F, F, shiny|100\/100\n|turn|20\n|\n|t:|1698460749\n|switch|p2a: Alomomola|Alomomola, M|100\/100\n|-terastallize|p1a: Basculegion|Water\n|move|p1a: Basculegion|Liquidation|p2a: Alomomola\n|-resisted|p2a: Alomomola\n|-damage|p2a: Alomomola|66\/100\n|-damage|p1a: Basculegion|84\/100|[from] item: Rocky Helmet|[of] p2a: Alomomola\n|\n|-weather|RainDance|[upkeep]\n|upkeep\n|turn|21\n|\n|t:|1698460757\n|switch|p1a: Giratina|Giratina, shiny|62\/100 brn\n|-ability|p1a: Giratina|Pressure\n|move|p2a: Alomomola|Wish|p2a: Alomomola\n|\n|-weather|RainDance|[upkeep]\n|-damage|p1a: Giratina|55\/100 brn|[from] brn\n|upkeep\n|turn|22\n|\n|t:|1698460765\n|move|p1a: Giratina|Will-O-Wisp|p2a: Alomomola\n|-status|p2a: Alomomola|brn\n|move|p2a: Alomomola|Flip Turn|p1a: Giratina\n|-resisted|p1a: Giratina\n|-damage|p1a: Giratina|52\/100 brn\n|\n|t:|1698460770\n|switch|p2a: Slowking|Slowking-Galar, F|69\/100|[from] Flip Turn\n|\n|-weather|RainDance|[upkeep]\n|-heal|p2a: Slowking|100\/100|[from] move: Wish|[wisher] Alomomola\n|-damage|p1a: Giratina|45\/100 brn|[from] brn\n|upkeep\n|turn|23\n|\n|t:|1698460775\n|move|p2a: Slowking|Future Sight|p1a: Giratina\n|-start|p2a: Slowking|move: Future Sight\n|move|p1a: Giratina|Roar|p2a: Slowking\n|drag|p2a: Ursaluna|Ursaluna, M|100\/100\n|\n|-weather|RainDance|[upkeep]\n|-damage|p1a: Giratina|39\/100 brn|[from] brn\n|-status|p2a: Ursaluna|brn|[from] item: Flame Orb\n|upkeep\n|turn|24\n|\n|t:|1698460787\n|move|p2a: Ursaluna|Headlong Rush|p1a: Giratina\n|-damage|p1a: Giratina|0 fnt\n|-unboost|p2a: Ursaluna|def|1\n|-unboost|p2a: Ursaluna|spd|1\n|faint|p1a: Giratina\n|\n|-weather|RainDance|[upkeep]\n|-damage|p2a: Ursaluna|94\/100 brn|[from] brn\n|upkeep\n|\n|t:|1698460789\n|switch|p1a: Basculegion|Basculegion-F, F, shiny, tera:Water|84\/100\n|turn|25\n|\n|t:|1698460801\n|switch|p2a: Alomomola|Alomomola, M|99\/100 brn\n|move|p1a: Basculegion|Liquidation|p2a: Alomomola\n|-resisted|p2a: Alomomola\n|-damage|p2a: Alomomola|67\/100 brn\n|-damage|p1a: Basculegion|68\/100|[from] item: Rocky Helmet|[of] p2a: Alomomola\n|\n|-weather|none\n|-end|p1a: Basculegion|move: Future Sight\n|-damage|p1a: Basculegion|13\/100\n|-damage|p2a: Alomomola|60\/100 brn|[from] brn\n|upkeep\n|turn|26\n|c|\u2606TubeKnight|gg\n|c|\u2606PinkScourge|GG\n|c|\u2606TubeKnight|im kinda bad lol\n|\n|t:|1698460816\n|move|p1a: Basculegion|Liquidation|p2a: Alomomola\n|-resisted|p2a: Alomomola\n|-damage|p2a: Alomomola|36\/100 brn\n|-damage|p1a: Basculegion|0 fnt|[from] item: Rocky Helmet|[of] p2a: Alomomola\n|faint|p1a: Basculegion\n|\n|win|PinkScourge\n|c|\u2606PinkScourge|Nah\n","uploadtime":1698460826,"views":16,"p1id":"tubeknight","p2id":"pinkscourge","formatid":"gen9ubers","rating":0,"private":0,"password":""}