{"id":"gen9ubers-1989903681","p1":"Bestmaindragonite","p2":"LadyMaria-Blue","format":"[Gen 9] Ubers","log":"|j|\u2606Bestmaindragonite\n|j|\u2606LadyMaria-Blue\n|t:|1699905386\n|gametype|singles\n|player|p1|Bestmaindragonite|lillie|\n|player|p2|LadyMaria-Blue|cynthia|\n|teamsize|p1|6\n|teamsize|p2|6\n|gen|9\n|tier|[Gen 9] Ubers\n|rule|Sleep Clause Mod: Limit one foe put to sleep\n|rule|Species Clause: Limit one of each Pok\u00e9mon\n|rule|OHKO Clause: OHKO moves are banned\n|rule|Evasion Items Clause: Evasion items are banned\n|rule|Evasion Moves Clause: Evasion moves are banned\n|rule|Endless Battle Clause: Forcing endless battles is banned\n|rule|HP Percentage Mod: HP is shown in percentages\n|clearpoke\n|poke|p1|Torkoal, M|\n|poke|p1|Walking Wake|\n|poke|p1|Chi-Yu|\n|poke|p1|Arceus-Grass|\n|poke|p1|Magearna|\n|poke|p1|Iron Moth|\n|poke|p2|Baxcalibur, F|\n|poke|p2|Milotic, F|\n|poke|p2|Zacian-*|\n|poke|p2|Moltres|\n|poke|p2|Arceus-Poison|\n|poke|p2|Magearna|\n|teampreview\n|c|\u2606LadyMaria-Blue|im gonna do some other stuff after this one\n|\n|t:|1699905410\n|start\n|switch|p1a: Magearna|Magearna|100\/100\n|switch|p2a: Magearna|Magearna|100\/100\n|turn|1\n|\n|t:|1699905415\n|move|p1a: Magearna|Volt Switch|p2a: Magearna\n|-damage|p2a: Magearna|83\/100\n|\n|t:|1699905420\n|switch|p1a: Torkoal|Torkoal, M|100\/100|[from] Volt Switch\n|-weather|SunnyDay|[from] ability: Drought|[of] p1a: Torkoal\n|move|p2a: Magearna|Thunder Wave|p1a: Torkoal\n|-status|p1a: Torkoal|par\n|\n|-weather|SunnyDay|[upkeep]\n|-heal|p2a: Magearna|89\/100|[from] item: Leftovers\n|upkeep\n|turn|2\n|\n|t:|1699905430\n|move|p2a: Magearna|Volt Switch|p1a: Torkoal\n|-damage|p1a: Torkoal|74\/100 par\n|\n|t:|1699905438\n|switch|p2a: Moltres|Moltres|100\/100|[from] Volt Switch\n|cant|p1a: Torkoal|par\n|\n|-weather|SunnyDay|[upkeep]\n|upkeep\n|turn|3\n|c|\u2606Bestmaindragonite|Ah\n|c|\u2606Bestmaindragonite|Okkok\n|\n|t:|1699905447\n|switch|p1a: Walking Wake|Walking Wake|100\/100\n|-activate|p1a: Walking Wake|ability: Protosynthesis\n|-start|p1a: Walking Wake|protosynthesisspe\n|move|p2a: Moltres|Roar|p1a: Walking Wake\n|-end|p1a: Walking Wake|Protosynthesis|[silent]\n|drag|p1a: Torkoal|Torkoal, M|74\/100 par\n|\n|-weather|SunnyDay|[upkeep]\n|upkeep\n|turn|4\n|\n|t:|1699905458\n|switch|p2a: Magearna|Magearna|89\/100\n|move|p1a: Torkoal|Stealth Rock|p2a: Magearna\n|-sidestart|p2: LadyMaria-Blue|move: Stealth Rock\n|\n|-weather|SunnyDay|[upkeep]\n|-heal|p2a: Magearna|95\/100|[from] item: Leftovers\n|upkeep\n|turn|5\n|\n|t:|1699905461\n|move|p2a: Magearna|Spikes|p1a: Torkoal\n|-sidestart|p1: Bestmaindragonite|Spikes\n|move|p1a: Torkoal|Lava Plume|p2a: Magearna\n|-supereffective|p2a: Magearna\n|-damage|p2a: Magearna|53\/100\n|\n|-weather|SunnyDay|[upkeep]\n|-heal|p2a: Magearna|59\/100|[from] item: Leftovers\n|upkeep\n|turn|6\n|\n|t:|1699905468\n|move|p2a: Magearna|Spikes|p1a: Torkoal\n|-sidestart|p1: Bestmaindragonite|Spikes\n|move|p1a: Torkoal|Rapid Spin|p2a: Magearna\n|-resisted|p2a: Magearna\n|-damage|p2a: Magearna|55\/100\n|-boost|p1a: Torkoal|spe|1\n|-sideend|p1: Bestmaindragonite|Spikes|[from] move: Rapid Spin|[of] p1a: Torkoal\n|\n|-weather|SunnyDay|[upkeep]\n|-heal|p2a: Magearna|61\/100|[from] item: Leftovers\n|upkeep\n|turn|7\n|\n|t:|1699905473\n|switch|p1a: Chi-Yu|Chi-Yu|100\/100\n|-ability|p1a: Chi-Yu|Beads of Ruin\n|move|p2a: Magearna|Volt Switch|p1a: Chi-Yu\n|-damage|p1a: Chi-Yu|77\/100\n|\n|t:|1699905480\n|switch|p2a: Milotic|Milotic, F, shiny|100\/100|[from] Volt Switch\n|-damage|p2a: Milotic|88\/100|[from] Stealth Rock\n|\n|-weather|SunnyDay|[upkeep]\n|-heal|p2a: Milotic|94\/100|[from] item: Leftovers\n|upkeep\n|turn|8\n|\n|t:|1699905494\n|switch|p1a: Arceus|Arceus-Grass|100\/100\n|move|p2a: Milotic|Scald|p1a: Arceus\n|-resisted|p1a: Arceus\n|-damage|p1a: Arceus|96\/100\n|-status|p1a: Arceus|brn\n|\n|-weather|none\n|-heal|p2a: Milotic|99\/100|[from] item: Leftovers\n|-damage|p1a: Arceus|90\/100 brn|[from] brn\n|upkeep\n|turn|9\n|\n|t:|1699905500\n|switch|p2a: Moltres|Moltres|100\/100\n|move|p1a: Arceus|Judgment|p2a: Moltres\n|-resisted|p2a: Moltres\n|-damage|p2a: Moltres|88\/100\n|\n|-damage|p1a: Arceus|84\/100 brn|[from] brn\n|upkeep\n|turn|10\n|\n|t:|1699905503\n|switch|p1a: Torkoal|Torkoal, M|74\/100 par\n|-weather|SunnyDay|[from] ability: Drought|[of] p1a: Torkoal\n|move|p2a: Moltres|Hurricane|p1a: Torkoal\n|-damage|p1a: Torkoal|13\/100 par\n|\n|-weather|SunnyDay|[upkeep]\n|upkeep\n|turn|11\n|\n|t:|1699905513\n|switch|p1a: Walking Wake|Walking Wake|100\/100\n|-activate|p1a: Walking Wake|ability: Protosynthesis\n|-start|p1a: Walking Wake|protosynthesisspe\n|move|p2a: Moltres|Roar|p1a: Walking Wake\n|-end|p1a: Walking Wake|Protosynthesis|[silent]\n|drag|p1a: Chi-Yu|Chi-Yu|77\/100\n|-ability|p1a: Chi-Yu|Beads of Ruin\n|\n|-weather|SunnyDay|[upkeep]\n|upkeep\n|turn|12\n|\n|t:|1699905521\n|switch|p2a: Milotic|Milotic, F, shiny|99\/100\n|-damage|p2a: Milotic|88\/100|[from] Stealth Rock\n|-terastallize|p1a: Chi-Yu|Fire\n|move|p1a: Chi-Yu|Overheat|p2a: Milotic\n|-resisted|p2a: Milotic\n|-damage|p2a: Milotic|0 fnt\n|-unboost|p1a: Chi-Yu|spa|2\n|faint|p2a: Milotic\n|\n|-weather|SunnyDay|[upkeep]\n|upkeep\n|\n|t:|1699905530\n|switch|p2a: Zacian|Zacian|100\/100\n|-damage|p2a: Zacian|88\/100|[from] Stealth Rock\n|-ability|p2a: Zacian|Intrepid Sword|boost\n|-boost|p2a: Zacian|atk|1\n|turn|13\n|\n|t:|1699905541\n|switch|p1a: Arceus|Arceus-Grass|84\/100 brn\n|move|p2a: Zacian|Close Combat|p1a: Arceus\n|-damage|p1a: Arceus|22\/100 brn\n|-unboost|p2a: Zacian|def|1\n|-unboost|p2a: Zacian|spd|1\n|\n|-weather|SunnyDay|[upkeep]\n|-damage|p1a: Arceus|16\/100 brn|[from] brn\n|upkeep\n|turn|14\n|\n|t:|1699905546\n|move|p2a: Zacian|Close Combat|p1a: Arceus\n|-damage|p1a: Arceus|0 fnt\n|-unboost|p2a: Zacian|def|1\n|-unboost|p2a: Zacian|spd|1\n|faint|p1a: Arceus\n|\n|-weather|SunnyDay|[upkeep]\n|upkeep\n|\n|t:|1699905552\n|switch|p1a: Iron Moth|Iron Moth|100\/100\n|-enditem|p1a: Iron Moth|Booster Energy\n|-activate|p1a: Iron Moth|ability: Quark Drive|[fromitem]\n|-start|p1a: Iron Moth|quarkdrivespe\n|turn|15\n|\n|t:|1699905557\n|switch|p2a: Moltres|Moltres|88\/100\n|move|p1a: Iron Moth|Fiery Dance|p2a: Moltres\n|-resisted|p2a: Moltres\n|-damage|p2a: Moltres|55\/100\n|-boost|p1a: Iron Moth|spa|1\n|\n|-weather|SunnyDay|[upkeep]\n|upkeep\n|turn|16\n|\n|t:|1699905560\n|move|p1a: Iron Moth|Sludge Wave|p2a: Moltres\n|-damage|p2a: Moltres|0 fnt\n|faint|p2a: Moltres\n|\n|-weather|SunnyDay|[upkeep]\n|upkeep\n|\n|t:|1699905563\n|switch|p2a: Magearna|Magearna|61\/100\n|-damage|p2a: Magearna|55\/100|[from] Stealth Rock\n|turn|17\n|\n|t:|1699905565\n|move|p1a: Iron Moth|Fiery Dance|p2a: Magearna\n|-supereffective|p2a: Magearna\n|-damage|p2a: Magearna|0 fnt\n|-boost|p1a: Iron Moth|spa|1\n|faint|p2a: Magearna\n|\n|-weather|none\n|upkeep\n|\n|t:|1699905570\n|switch|p2a: Arceus|Arceus-Poison|100\/100\n|-damage|p2a: Arceus|88\/100|[from] Stealth Rock\n|turn|18\n|\n|t:|1699905577\n|move|p1a: Iron Moth|Fiery Dance|p2a: Arceus\n|-damage|p2a: Arceus|37\/100\n|-boost|p1a: Iron Moth|spa|1\n|move|p2a: Arceus|Calm Mind|p2a: Arceus\n|-boost|p2a: Arceus|spa|1\n|-boost|p2a: Arceus|spd|1\n|\n|upkeep\n|turn|19\n|\n|t:|1699905582\n|move|p1a: Iron Moth|Fiery Dance|p2a: Arceus\n|-damage|p2a: Arceus|0 fnt\n|-boost|p1a: Iron Moth|spa|1\n|faint|p2a: Arceus\n|\n|upkeep\n|\n|t:|1699905587\n|switch|p2a: Zacian|Zacian|88\/100\n|-damage|p2a: Zacian|76\/100|[from] Stealth Rock\n|turn|20\n|\n|t:|1699905593\n|move|p1a: Iron Moth|Fiery Dance|p2a: Zacian\n|-damage|p2a: Zacian|0 fnt\n|faint|p2a: Zacian\n|\n|upkeep\n|\n|t:|1699905596\n|switch|p2a: Baxcalibur|Baxcalibur, F|100\/100\n|turn|21\n|\n|t:|1699905602\n|move|p1a: Iron Moth|Sludge Wave|p2a: Baxcalibur\n|-damage|p2a: Baxcalibur|0 fnt\n|faint|p2a: Baxcalibur\n|\n|win|Bestmaindragonite\n|c|\u2606LadyMaria-Blue|ggs\n|c|\u2606Bestmaindragonite|gg\n","uploadtime":1699905609,"views":5,"p1id":"bestmaindragonite","p2id":"ladymariablue","formatid":"gen9ubers","rating":0,"private":0,"password":""}