{"id":"gen9ubers-1982125148","p1":"Zeddby","p2":"50Niko05","format":"[Gen 9] Ubers","log":"|j|\u2606Zeddby\n|j|\u260650Niko05\n|t:|1698970426\n|gametype|singles\n|player|p1|Zeddby|winona|\n|player|p2|50Niko05|n|\n|teamsize|p1|6\n|teamsize|p2|6\n|gen|9\n|tier|[Gen 9] Ubers\n|rule|Sleep Clause Mod: Limit one foe put to sleep\n|rule|Species Clause: Limit one of each Pok\u00e9mon\n|rule|OHKO Clause: OHKO moves are banned\n|rule|Evasion Items Clause: Evasion items are banned\n|rule|Evasion Moves Clause: Evasion moves are banned\n|rule|Endless Battle Clause: Forcing endless battles is banned\n|rule|HP Percentage Mod: HP is shown in percentages\n|clearpoke\n|poke|p1|Roaring Moon|\n|poke|p1|Meowscarada, F|\n|poke|p1|Regidrago|\n|poke|p1|Slowking, M|\n|poke|p1|Hippowdon, M|\n|poke|p1|Brambleghast, M|\n|poke|p2|Veluza, F|\n|poke|p2|Zamazenta-*|\n|poke|p2|Weavile, M|\n|poke|p2|Mew|\n|poke|p2|Tatsugiri-Stretchy, F|\n|poke|p2|Uxie|\n|teampreview\n|j| CTE World\n|j| acetrainerluck\n|j| mindyourmoney\n|j| DomNeedsHelp\n|j| TheRatedRSuperTars\n|\n|t:|1698970463\n|start\n|switch|p1a: Meowscarada|Meowscarada, F|100\/100\n|switch|p2a: Smurf Cat 2|Weavile, M|100\/100\n|-ability|p2a: Smurf Cat 2|Pressure\n|turn|1\n|j| Keggfm\n|c|\u2606Zeddby|has anyone ever ff'd at turn 1\n|c| DomNeedsHelp|Multiple times\n|c|\u260650Niko05|lol\n|\n|t:|1698970531\n|move|p2a: Smurf Cat 2|Icicle Crash|p1a: Meowscarada\n|-supereffective|p1a: Meowscarada\n|-damage|p1a: Meowscarada|0 fnt\n|faint|p1a: Meowscarada\n|\n|upkeep\n|c| TheRatedRSuperTars|it's a cold world\n|c| TheRatedRSuperTars|better bundle up\n|\n|t:|1698970582\n|switch|p1a: Regidrago|Regidrago|100\/100\n|turn|2\n|\n|t:|1698970593\n|-terastallize|p1a: Regidrago|Steel\n|move|p2a: Smurf Cat 2|Knock Off|p1a: Regidrago\n|-damage|p1a: Regidrago|45\/100\n|-enditem|p1a: Regidrago|Loaded Dice|[from] move: Knock Off|[of] p2a: Smurf Cat 2\n|move|p1a: Regidrago|Dragon Dance|p1a: Regidrago\n|-boost|p1a: Regidrago|atk|1\n|-boost|p1a: Regidrago|spe|1\n|\n|upkeep\n|turn|3\n|c| DomNeedsHelp|Wallet challenge\n|\n|t:|1698970619\n|move|p1a: Regidrago|Scale Shot|p2a: Smurf Cat 2\n|-damage|p2a: Smurf Cat 2|56\/100\n|-damage|p2a: Smurf Cat 2|12\/100\n|-damage|p2a: Smurf Cat 2|0 fnt\n|faint|p2a: Smurf Cat 2\n|-hitcount|p2: Smurf Cat 2|3\n|-unboost|p1a: Regidrago|def|1\n|-boost|p1a: Regidrago|spe|1\n|\n|upkeep\n|\n|t:|1698970632\n|switch|p2a: Zazazenta|Zamazenta|100\/100\n|-ability|p2a: Zazazenta|Dauntless Shield|boost\n|-boost|p2a: Zazazenta|def|1\n|turn|4\n|c| Keggfm|Is it mahover\n|\n|t:|1698970656\n|move|p1a: Regidrago|Scale Shot|p2a: Zazazenta\n|-damage|p2a: Zazazenta|89\/100\n|-damage|p2a: Zazazenta|78\/100\n|-damage|p2a: Zazazenta|67\/100\n|-hitcount|p2a: Zazazenta|3\n|-unboost|p1a: Regidrago|def|1\n|-boost|p1a: Regidrago|spe|1\n|move|p2a: Zazazenta|Iron Defense|p2a: Zazazenta\n|-boost|p2a: Zazazenta|def|2\n|\n|-heal|p2a: Zazazenta|73\/100|[from] item: Leftovers\n|upkeep\n|turn|5\n|\n|t:|1698970681\n|move|p1a: Regidrago|Scale Shot|p2a: Zazazenta\n|-damage|p2a: Zazazenta|65\/100\n|-damage|p2a: Zazazenta|58\/100\n|-hitcount|p2a: Zazazenta|2\n|-unboost|p1a: Regidrago|def|1\n|-boost|p1a: Regidrago|spe|1\n|move|p2a: Zazazenta|Body Press|p1a: Regidrago\n|-supereffective|p1a: Regidrago\n|-crit|p1a: Regidrago\n|-damage|p1a: Regidrago|0 fnt\n|faint|p1a: Regidrago\n|\n|-heal|p2a: Zazazenta|64\/100|[from] item: Leftovers\n|upkeep\n|\n|t:|1698970699\n|switch|p1a: Hippowdon|Hippowdon, M|100\/100\n|turn|6\n|\n|t:|1698970711\n|move|p2a: Zazazenta|Body Press|p1a: Hippowdon\n|-damage|p1a: Hippowdon|59\/100\n|-damage|p2a: Zazazenta|48\/100|[from] item: Rocky Helmet|[of] p1a: Hippowdon\n|move|p1a: Hippowdon|Earthquake|p2a: Zazazenta\n|-damage|p2a: Zazazenta|37\/100\n|\n|-heal|p2a: Zazazenta|43\/100|[from] item: Leftovers\n|upkeep\n|turn|7\n|\n|t:|1698970721\n|move|p2a: Zazazenta|Body Press|p1a: Hippowdon\n|-damage|p1a: Hippowdon|13\/100\n|-damage|p2a: Zazazenta|27\/100|[from] item: Rocky Helmet|[of] p1a: Hippowdon\n|move|p1a: Hippowdon|Slack Off|p1a: Hippowdon\n|-heal|p1a: Hippowdon|64\/100\n|\n|-heal|p2a: Zazazenta|33\/100|[from] item: Leftovers\n|upkeep\n|turn|8\n|\n|t:|1698970731\n|move|p2a: Zazazenta|Iron Defense|p2a: Zazazenta\n|-boost|p2a: Zazazenta|def|2\n|move|p1a: Hippowdon|Slack Off|p1a: Hippowdon\n|-heal|p1a: Hippowdon|100\/100\n|\n|-heal|p2a: Zazazenta|39\/100|[from] item: Leftovers\n|upkeep\n|turn|9\n|\n|t:|1698970740\n|move|p2a: Zazazenta|Body Press|p1a: Hippowdon\n|-damage|p1a: Hippowdon|39\/100\n|-damage|p2a: Zazazenta|22\/100|[from] item: Rocky Helmet|[of] p1a: Hippowdon\n|move|p1a: Hippowdon|Earthquake|p2a: Zazazenta\n|-crit|p2a: Zazazenta\n|-damage|p2a: Zazazenta|0 fnt\n|faint|p2a: Zazazenta\n|\n|upkeep\n|\n|t:|1698970768\n|switch|p2a: Stretchy|Tatsugiri-Stretchy, F|100\/100\n|turn|10\n|\n|t:|1698970781\n|move|p2a: Stretchy|Rapid Spin|p1a: Hippowdon\n|-damage|p1a: Hippowdon|36\/100\n|-boost|p2a: Stretchy|spe|1\n|-damage|p2a: Stretchy|84\/100|[from] item: Rocky Helmet|[of] p1a: Hippowdon\n|move|p1a: Hippowdon|Earthquake|p2a: Stretchy\n|-damage|p2a: Stretchy|28\/100\n|\n|upkeep\n|turn|11\n|\n|t:|1698970789\n|move|p2a: Stretchy|Draco Meteor|p1a: Hippowdon\n|-damage|p1a: Hippowdon|0 fnt\n|-unboost|p2a: Stretchy|spa|2\n|faint|p1a: Hippowdon\n|\n|upkeep\n|\n|t:|1698970826\n|switch|p1a: Roaring Moon|Roaring Moon|100\/100\n|-enditem|p1a: Roaring Moon|Booster Energy\n|-activate|p1a: Roaring Moon|ability: Protosynthesis|[fromitem]\n|-start|p1a: Roaring Moon|protosynthesisatk\n|turn|12\n|\n|t:|1698970831\n|move|p1a: Roaring Moon|Dragon Dance|p1a: Roaring Moon\n|-boost|p1a: Roaring Moon|atk|1\n|-boost|p1a: Roaring Moon|spe|1\n|move|p2a: Stretchy|Memento|p1a: Roaring Moon\n|-unboost|p1a: Roaring Moon|atk|2\n|-unboost|p1a: Roaring Moon|spa|2\n|faint|p2a: Stretchy\n|\n|upkeep\n|\n|t:|1698970847\n|switch|p2a: -_-|Uxie|100\/100\n|turn|13\n|\n|t:|1698970869\n|move|p1a: Roaring Moon|Dragon Dance|p1a: Roaring Moon\n|-boost|p1a: Roaring Moon|atk|1\n|-boost|p1a: Roaring Moon|spe|1\n|move|p2a: -_-|Dazzling Gleam|p1a: Roaring Moon\n|-supereffective|p1a: Roaring Moon\n|-damage|p1a: Roaring Moon|49\/100\n|\n|upkeep\n|turn|14\n|\n|t:|1698970877\n|move|p1a: Roaring Moon|Knock Off|p2a: -_-\n|-supereffective|p2a: -_-\n|-enditem|p2a: -_-|Colbur Berry|[eat]\n|-enditem|p2a: -_-|Colbur Berry|[weaken]\n|-damage|p2a: -_-|50\/100\n|move|p2a: -_-|Dazzling Gleam|p1a: Roaring Moon\n|-supereffective|p1a: Roaring Moon\n|-damage|p1a: Roaring Moon|0 fnt\n|faint|p1a: Roaring Moon\n|-end|p1a: Roaring Moon|Protosynthesis|[silent]\n|\n|upkeep\n|\n|t:|1698970886\n|switch|p1a: Slowking|Slowking, M|100\/100\n|turn|15\n|\n|t:|1698970890\n|move|p2a: -_-|Yawn|p1a: Slowking\n|-start|p1a: Slowking|move: Yawn|[of] p2a: -_-\n|move|p1a: Slowking|Scald|p2a: -_-\n|-damage|p2a: -_-|31\/100\n|\n|upkeep\n|turn|16\n|\n|t:|1698970896\n|move|p2a: -_-|Stealth Rock|p1a: Slowking\n|-sidestart|p1: Zeddby|move: Stealth Rock\n|move|p1a: Slowking|Chilly Reception|p1a: Slowking\n|-weather|Snow\n|\n|t:|1698970901\n|switch|p1a: Brambleghast|Brambleghast, M|100\/100|[from] Chilly Reception\n|-damage|p1a: Brambleghast|88\/100|[from] Stealth Rock\n|\n|-weather|Snow|[upkeep]\n|-heal|p1a: Brambleghast|94\/100|[from] item: Leftovers\n|upkeep\n|turn|17\n|\n|t:|1698970912\n|move|p2a: -_-|Memento|p1a: Brambleghast\n|-unboost|p1a: Brambleghast|atk|2\n|-unboost|p1a: Brambleghast|spa|2\n|faint|p2a: -_-\n|move|p1a: Brambleghast|Rapid Spin|p2: -_-|[notarget]\n|-fail|p1a: Brambleghast\n|\n|-weather|Snow|[upkeep]\n|-heal|p1a: Brambleghast|99\/100|[from] item: Leftovers\n|upkeep\n|\n|t:|1698970915\n|switch|p2a: Colombian|Veluza, F, shiny|100\/100\n|turn|18\n|\n|t:|1698970921\n|-terastallize|p2a: Colombian|Dark\n|move|p2a: Colombian|Night Slash|p1a: Brambleghast\n|-supereffective|p1a: Brambleghast\n|-damage|p1a: Brambleghast|0 fnt\n|faint|p1a: Brambleghast\n|\n|-weather|Snow|[upkeep]\n|upkeep\n|\n|t:|1698970931\n|switch|p1a: Slowking|Slowking, M|100\/100\n|-damage|p1a: Slowking|88\/100|[from] Stealth Rock\n|turn|19\n|\n|t:|1698970942\n|move|p2a: Colombian|Night Slash|p1a: Slowking\n|-supereffective|p1a: Slowking\n|-damage|p1a: Slowking|0 fnt\n|faint|p1a: Slowking\n|\n|win|50Niko05\n|c|\u260650Niko05|ggs no swaps\n|c|\u2606Zeddby|swapping bramble for orth\n|c| TheRatedRSuperTars|HE IS UP PLAYING WITH HIS WORM\n","uploadtime":1698970951,"views":12,"p1id":"zeddby","p2id":"50niko05","formatid":"gen9ubers","rating":0,"private":0,"password":""}