{"id":"gen9ubers-1998490048","p1":"Empoleon77","p2":"Antistyx","format":"[Gen 9] Ubers","log":"|j|\u2606Empoleon77\n|j|\u2606Antistyx\n|t:|1700948192\n|gametype|singles\n|player|p1|Empoleon77|lucas-gen4pt|\n|player|p2|Antistyx|gardenia|\n|teamsize|p1|6\n|teamsize|p2|6\n|gen|9\n|tier|[Gen 9] Ubers\n|rule|Sleep Clause Mod: Limit one foe put to sleep\n|rule|Species Clause: Limit one of each Pok\u00e9mon\n|rule|OHKO Clause: OHKO moves are banned\n|rule|Evasion Items Clause: Evasion items are banned\n|rule|Evasion Moves Clause: Evasion moves are banned\n|rule|Endless Battle Clause: Forcing endless battles is banned\n|rule|HP Percentage Mod: HP is shown in percentages\n|clearpoke\n|poke|p1|Great Tusk|\n|poke|p1|Kingambit, M|\n|poke|p1|Dragalge, M|\n|poke|p1|Moltres|\n|poke|p1|Samurott-Hisui, F|\n|poke|p1|Meowscarada, M|\n|poke|p2|Dipplin, F|\n|poke|p2|Munkidori, M|\n|poke|p2|Thundurus-Therian, M|\n|poke|p2|Zapdos-Galar|\n|poke|p2|Goodra-Hisui, F|\n|poke|p2|Ting-Lu|\n|teampreview\n|j| ThatLilEeveeGirl\n|\n|t:|1700948240\n|start\n|switch|p1a: Yoto\u2019s Ghost|Samurott-Hisui, F, shiny|100\/100\n|switch|p2a: Maple|Goodra-Hisui, F, shiny|100\/100\n|turn|1\n|\n|t:|1700948255\n|move|p1a: Yoto\u2019s Ghost|Ceaseless Edge|p2a: Maple\n|-damage|p2a: Maple|78\/100\n|-ability|p2a: Maple|Gooey\n|-unboost|p1a: Yoto\u2019s Ghost|spe|1\n|-sidestart|p2: Antistyx|Spikes\n|move|p2a: Maple|Draco Meteor|p1a: Yoto\u2019s Ghost\n|-damage|p1a: Yoto\u2019s Ghost|31\/100\n|-unboost|p2a: Maple|spa|2\n|\n|-heal|p2a: Maple|84\/100|[from] item: Leftovers\n|upkeep\n|turn|2\n|\n|t:|1700948287\n|switch|p2a: Chocolate|Dipplin, F, shiny|100\/100\n|-damage|p2a: Chocolate|88\/100|[from] Spikes\n|move|p1a: Yoto\u2019s Ghost|Ceaseless Edge|p2a: Chocolate\n|-damage|p2a: Chocolate|72\/100\n|-sidestart|p2: Antistyx|Spikes\n|\n|upkeep\n|turn|3\n|\n|t:|1700948314\n|switch|p1a: Moltres|Moltres|100\/100\n|move|p2a: Chocolate|Giga Drain|p1a: Moltres\n|-resisted|p1a: Moltres\n|-damage|p1a: Moltres|96\/100\n|-heal|p2a: Chocolate|74\/100|[from] drain|[of] p1a: Moltres\n|\n|upkeep\n|turn|4\n|\n|t:|1700948343\n|switch|p2a: Nevermore|Zapdos-Galar, shiny|100\/100\n|move|p1a: Moltres|Will-O-Wisp|p2a: Nevermore\n|-status|p2a: Nevermore|brn\n|\n|-damage|p2a: Nevermore|94\/100 brn|[from] brn\n|upkeep\n|turn|5\n|c|\u2606Empoleon77|Gotcha.\n|c|\u2606Antistyx|nice\n|c| ThatLilEeveeGirl|v good predicts, billy\n|\n|t:|1700948389\n|move|p2a: Nevermore|Knock Off|p1a: Moltres\n|-damage|p1a: Moltres|70\/100\n|-enditem|p1a: Moltres|Heavy-Duty Boots|[from] move: Knock Off|[of] p2a: Nevermore\n|move|p1a: Moltres|Flamethrower|p2a: Nevermore\n|-damage|p2a: Nevermore|48\/100 brn\n|\n|-damage|p2a: Nevermore|42\/100 brn|[from] brn\n|upkeep\n|turn|6\n|\n|t:|1700948411\n|switch|p2a: Bartholomew III|Munkidori, M|100\/100\n|-damage|p2a: Bartholomew III|84\/100|[from] Spikes\n|move|p1a: Moltres|Flamethrower|p2a: Bartholomew III\n|-damage|p2a: Bartholomew III|37\/100\n|-status|p2a: Bartholomew III|brn\n|\n|-damage|p2a: Bartholomew III|31\/100 brn|[from] brn\n|upkeep\n|turn|7\n|\n|t:|1700948451\n|move|p2a: Bartholomew III|Psychic|p1a: Moltres\n|-damage|p1a: Moltres|34\/100\n|move|p1a: Moltres|Flamethrower|p2a: Bartholomew III\n|-damage|p2a: Bartholomew III|0 fnt\n|faint|p2a: Bartholomew III\n|\n|upkeep\n|\n|t:|1700948459\n|switch|p2a: Calibur|Thundurus-Therian, M, shiny|100\/100\n|turn|8\n|\n|t:|1700948482\n|-terastallize|p1a: Moltres|Fairy\n|move|p2a: Calibur|Grass Knot|p1a: Moltres\n|-damage|p1a: Moltres|11\/100\n|-status|p2a: Calibur|brn|[from] ability: Flame Body|[of] p1a: Moltres\n|move|p1a: Moltres|Roost|p1a: Moltres\n|-heal|p1a: Moltres|62\/100\n|\n|-damage|p2a: Calibur|94\/100 brn|[from] brn\n|upkeep\n|turn|9\n|c|\u2606Empoleon77|Wow. Burn hax much?\n|\n|t:|1700948513\n|switch|p2a: Chocolate|Dipplin, F, shiny|74\/100\n|-damage|p2a: Chocolate|58\/100|[from] Spikes\n|move|p1a: Moltres|Flamethrower|p2a: Chocolate\n|-damage|p2a: Chocolate|31\/100\n|\n|upkeep\n|turn|10\n|c|\u2606Antistyx|did not know grass knot made contact\n|\n|t:|1700948535\n|switch|p2a: Maple|Goodra-Hisui, F, shiny|84\/100\n|-damage|p2a: Maple|68\/100|[from] Spikes\n|move|p1a: Moltres|Flamethrower|p2a: Maple\n|-damage|p2a: Maple|44\/100\n|\n|-heal|p2a: Maple|50\/100|[from] item: Leftovers\n|upkeep\n|turn|11\n|\n|t:|1700948557\n|move|p1a: Moltres|U-turn|p2a: Maple\n|-resisted|p2a: Maple\n|-damage|p2a: Maple|46\/100\n|-ability|p2a: Maple|Gooey\n|-unboost|p1a: Moltres|spe|1\n|\n|t:|1700948570\n|switch|p1a: Kingambit|Kingambit, M|100\/100|[from] U-turn\n|-item|p1a: Kingambit|Air Balloon\n|move|p2a: Maple|Flash Cannon|p1a: Kingambit\n|-resisted|p1a: Kingambit\n|-damage|p1a: Kingambit|85\/100\n|-enditem|p1a: Kingambit|Air Balloon\n|\n|-heal|p2a: Maple|52\/100|[from] item: Leftovers\n|upkeep\n|turn|12\n|\n|t:|1700948612\n|move|p1a: Kingambit|Low Kick|p2a: Maple\n|-supereffective|p2a: Maple\n|-damage|p2a: Maple|0 fnt\n|-ability|p2a: Maple|Gooey\n|-unboost|p1a: Kingambit|spe|1\n|faint|p2a: Maple\n|\n|upkeep\n|\n|t:|1700948619\n|switch|p2a: Calibur|Thundurus-Therian, M, shiny|94\/100 brn\n|turn|13\n|\n|t:|1700948630\n|move|p1a: Kingambit|Sucker Punch|p2a: Calibur\n|-damage|p2a: Calibur|34\/100 brn\n|move|p2a: Calibur|Focus Blast|p1a: Kingambit|[miss]\n|-miss|p2a: Calibur|p1a: Kingambit\n|\n|-damage|p2a: Calibur|28\/100 brn|[from] brn\n|upkeep\n|turn|14\n|\n|t:|1700948638\n|move|p1a: Kingambit|Sucker Punch|p2a: Calibur\n|-damage|p2a: Calibur|0 fnt\n|faint|p2a: Calibur\n|\n|upkeep\n|\n|t:|1700948643\n|switch|p2a: Nevermore|Zapdos-Galar, shiny|42\/100 brn\n|turn|15\n|\n|t:|1700948648\n|-end|p1a: Kingambit|fallenundefined|[silent]\n|switch|p1a: Dragalge|Dragalge, M|100\/100\n|move|p2a: Nevermore|Close Combat|p1a: Dragalge\n|-resisted|p1a: Dragalge\n|-damage|p1a: Dragalge|76\/100\n|-unboost|p2a: Nevermore|def|1\n|-unboost|p2a: Nevermore|spd|1\n|\n|-damage|p2a: Nevermore|36\/100 brn|[from] brn\n|upkeep\n|turn|16\n|\n|t:|1700948683\n|switch|p2a: Chocolate|Dipplin, F, shiny|31\/100\n|-damage|p2a: Chocolate|15\/100|[from] Spikes\n|move|p1a: Dragalge|Draco Meteor|p2a: Chocolate\n|-supereffective|p2a: Chocolate\n|-damage|p2a: Chocolate|0 fnt\n|-unboost|p1a: Dragalge|spa|2\n|faint|p2a: Chocolate\n|\n|upkeep\n|\n|t:|1700948693\n|switch|p2a: Beleron|Ting-Lu|100\/100\n|-damage|p2a: Beleron|84\/100|[from] Spikes\n|-ability|p2a: Beleron|Vessel of Ruin\n|turn|17\n|\n|t:|1700948709\n|switch|p1a: Great Tusk|Great Tusk|100\/100\n|-enditem|p1a: Great Tusk|Booster Energy\n|-activate|p1a: Great Tusk|ability: Protosynthesis|[fromitem]\n|-start|p1a: Great Tusk|protosynthesisspe\n|move|p2a: Beleron|Ruination|p1a: Great Tusk\n|-damage|p1a: Great Tusk|50\/100\n|\n|-heal|p2a: Beleron|90\/100|[from] item: Leftovers\n|upkeep\n|turn|18\n|\n|t:|1700948723\n|move|p1a: Great Tusk|Bulk Up|p1a: Great Tusk\n|-boost|p1a: Great Tusk|atk|1\n|-boost|p1a: Great Tusk|def|1\n|move|p2a: Beleron|Whirlwind|p1a: Great Tusk\n|-end|p1a: Great Tusk|Protosynthesis|[silent]\n|drag|p1a: Meowscarada|Meowscarada, M|100\/100\n|\n|-heal|p2a: Beleron|96\/100|[from] item: Leftovers\n|upkeep\n|turn|19\n|\n|t:|1700948742\n|move|p1a: Meowscarada|Knock Off|p2a: Beleron\n|-start|p1a: Meowscarada|typechange|Dark|[from] ability: Protean\n|-resisted|p2a: Beleron\n|-damage|p2a: Beleron|84\/100\n|-enditem|p2a: Beleron|Leftovers|[from] move: Knock Off|[of] p1a: Meowscarada\n|move|p2a: Beleron|Ruination|p1a: Meowscarada\n|-damage|p1a: Meowscarada|51\/100\n|\n|upkeep\n|turn|20\n|\n|t:|1700948759\n|switch|p1a: Moltres|Moltres, tera:Fairy|62\/100\n|move|p2a: Beleron|Earthquake|p1a: Moltres\n|-damage|p1a: Moltres|28\/100\n|\n|upkeep\n|turn|21\n|\n|t:|1700948770\n|move|p1a: Moltres|Roost|p1a: Moltres\n|-heal|p1a: Moltres|79\/100\n|move|p2a: Beleron|Earthquake|p1a: Moltres\n|-damage|p1a: Moltres|45\/100\n|\n|upkeep\n|turn|22\n|\n|t:|1700948777\n|move|p1a: Moltres|Will-O-Wisp|p2a: Beleron|[miss]\n|-miss|p1a: Moltres|p2a: Beleron\n|move|p2a: Beleron|Ruination|p1a: Moltres\n|-damage|p1a: Moltres|23\/100\n|\n|upkeep\n|turn|23\n|\n|t:|1700948783\n|move|p1a: Moltres|Roost|p1a: Moltres\n|-heal|p1a: Moltres|73\/100\n|move|p2a: Beleron|Earthquake|p1a: Moltres\n|-damage|p1a: Moltres|34\/100\n|\n|upkeep\n|turn|24\n|\n|t:|1700948789\n|move|p1a: Moltres|Roost|p1a: Moltres\n|-heal|p1a: Moltres|85\/100\n|move|p2a: Beleron|Earthquake|p1a: Moltres\n|-damage|p1a: Moltres|48\/100\n|\n|upkeep\n|turn|25\n|\n|t:|1700948797\n|move|p1a: Moltres|Will-O-Wisp|p2a: Beleron\n|-status|p2a: Beleron|brn\n|move|p2a: Beleron|Ruination|p1a: Moltres|[miss]\n|-miss|p2a: Beleron|p1a: Moltres\n|\n|-damage|p2a: Beleron|77\/100 brn|[from] brn\n|upkeep\n|turn|26\n|\n|t:|1700948806\n|move|p1a: Moltres|Roost|p1a: Moltres\n|-heal|p1a: Moltres|98\/100\n|move|p2a: Beleron|Ruination|p1a: Moltres|[miss]\n|-miss|p2a: Beleron|p1a: Moltres\n|\n|-damage|p2a: Beleron|71\/100 brn|[from] brn\n|upkeep\n|turn|27\n|c|\u2606Antistyx|RNG is not on my side\n|\n|t:|1700948835\n|move|p1a: Moltres|Flamethrower|p2a: Beleron\n|-damage|p2a: Beleron|50\/100 brn\n|move|p2a: Beleron|Ruination|p1a: Moltres|[miss]\n|-miss|p2a: Beleron|p1a: Moltres\n|\n|-damage|p2a: Beleron|44\/100 brn|[from] brn\n|upkeep\n|turn|28\n|\n|t:|1700948846\n|move|p1a: Moltres|Flamethrower|p2a: Beleron\n|-damage|p2a: Beleron|23\/100 brn\n|move|p2a: Beleron|Ruination|p1a: Moltres\n|-damage|p1a: Moltres|50\/100\n|\n|-damage|p2a: Beleron|16\/100 brn|[from] brn\n|upkeep\n|turn|29\n|\n|t:|1700948875\n|move|p1a: Moltres|U-turn|p2a: Beleron\n|-supereffective|p2a: Beleron\n|-crit|p2a: Beleron\n|-damage|p2a: Beleron|0 fnt\n|faint|p2a: Beleron\n|\n|t:|1700948882\n|switch|p1a: Dragalge|Dragalge, M|76\/100|[from] U-turn\n|\n|upkeep\n|\n|t:|1700948885\n|switch|p2a: Nevermore|Zapdos-Galar, shiny|36\/100 brn\n|turn|30\n|\n|t:|1700948893\n|move|p2a: Nevermore|Brave Bird|p1a: Dragalge\n|-damage|p1a: Dragalge|24\/100\n|-damage|p2a: Nevermore|18\/100 brn|[from] Recoil\n|move|p1a: Dragalge|Draco Meteor|p2a: Nevermore\n|-damage|p2a: Nevermore|0 fnt\n|-unboost|p1a: Dragalge|spa|2\n|faint|p2a: Nevermore\n|\n|win|Empoleon77\n|c|\u2606Antistyx|ggs\n|l| ThatLilEeveeGirl\n","uploadtime":1700948909,"views":20,"p1id":"empoleon77","p2id":"antistyx","formatid":"gen9ubers","rating":0,"private":0,"password":""}