{"id":"gen9ubers-1973276802","p1":"Hiusi guy %\u25d5\u203f\u203f\u25d5%","p2":"theironpikachu","format":"[Gen 9] Ubers","log":"|j|\u2606Hiusi guy %\u25d5\u203f\u203f\u25d5%\n|j|\u2606theironpikachu\n|inactive|Battle timer is ON: inactive players will automatically lose when time's up.\n|t:|1697947661\n|gametype|singles\n|player|p1|Hiusi guy %\u25d5\u203f\u203f\u25d5%|alec-anime|\n|player|p2|theironpikachu|may-masters|\n|teamsize|p1|6\n|teamsize|p2|6\n|gen|9\n|tier|[Gen 9] Ubers\n|rated|Tournament battle\n|rule|Sleep Clause Mod: Limit one foe put to sleep\n|rule|Species Clause: Limit one of each Pok\u00e9mon\n|rule|OHKO Clause: OHKO moves are banned\n|rule|Evasion Items Clause: Evasion items are banned\n|rule|Evasion Moves Clause: Evasion moves are banned\n|rule|Endless Battle Clause: Forcing endless battles is banned\n|rule|HP Percentage Mod: HP is shown in percentages\n|rule|Terastal Clause: You cannot Terastallize\n|rule|1 Ability Clause: Limit 1 of each ability\n|clearpoke\n|poke|p1|Corviknight, F|\n|poke|p1|Volcarona, F|\n|poke|p1|Calyrex-Shadow|\n|poke|p1|Arceus-Fairy|\n|poke|p1|Slaking, M|\n|poke|p1|Rayquaza|\n|poke|p2|Arceus-Water|\n|poke|p2|Blissey, F|\n|poke|p2|Muk-Alola, F|\n|poke|p2|Eternatus|\n|poke|p2|Groudon|\n|poke|p2|Giratina|\n|teampreview\n|j|*Lady Monita \u263d\n|inactive|theironpikachu also wants the timer to be on.\n|j| bleahey\n|j| happysh\n|c|\u2606theironpikachu|glhf\n|c|\u2606Hiusi guy %\u25d5\u203f\u203f\u25d5%|Same 2 u\n|\n|t:|1697947671\n|start\n|switch|p1a: Corviknight|Corviknight, F|100\/100\n|switch|p2a: Blissey|Blissey, F|100\/100\n|turn|1\n|\n|t:|1697947676\n|move|p1a: Corviknight|Taunt|p2a: Blissey\n|move|p2a: Blissey|Taunt|p1a: Corviknight|[from]ability: Magic Bounce\n|-start|p1a: Corviknight|move: Taunt\n|move|p2a: Blissey|Stealth Rock|p1a: Corviknight\n|-sidestart|p1: Hiusi guy %\u25d5\u203f\u203f\u25d5%|move: Stealth Rock\n|\n|upkeep\n|turn|2\n|c|\u2606Hiusi guy %\u25d5\u203f\u203f\u25d5%|damn\n|\n|t:|1697947685\n|move|p1a: Corviknight|U-turn|p2a: Blissey\n|-damage|p2a: Blissey|73\/100\n|c|\u2606theironpikachu|i cteamed u fr\n|c|\u2606Hiusi guy %\u25d5\u203f\u203f\u25d5%|D:\n|j| Dregone\n|\n|t:|1697947704\n|switch|p1a: Rayquaza|Rayquaza|100\/100|[from] U-turn\n|move|p2a: Blissey|Thunder Wave|p1a: Rayquaza\n|-status|p1a: Rayquaza|par\n|\n|-heal|p2a: Blissey|79\/100|[from] item: Leftovers\n|upkeep\n|turn|3\n|\n|t:|1697947712\n|switch|p2a: Groudon|Groudon|100\/100\n|move|p1a: Rayquaza|Dragon Dance|p1a: Rayquaza\n|-boost|p1a: Rayquaza|atk|1\n|-boost|p1a: Rayquaza|spe|1\n|\n|upkeep\n|turn|4\n|j| Windwalker475\n|\n|t:|1697947717\n|move|p1a: Rayquaza|Dragon Dance|p1a: Rayquaza\n|-boost|p1a: Rayquaza|atk|1\n|-boost|p1a: Rayquaza|spe|1\n|move|p2a: Groudon|Dragon Claw|p1a: Rayquaza\n|-supereffective|p1a: Rayquaza\n|-damage|p1a: Rayquaza|48\/100 par\n|\n|upkeep\n|turn|5\n|c|\u2606Hiusi guy %\u25d5\u203f\u203f\u25d5%|Okay wtf\n|\n|t:|1697947741\n|move|p1a: Rayquaza|Extreme Speed|p2a: Groudon\n|-damage|p2a: Groudon|72\/100\n|move|p2a: Groudon|Dragon Claw|p1a: Rayquaza\n|-supereffective|p1a: Rayquaza\n|-damage|p1a: Rayquaza|0 fnt\n|faint|p1a: Rayquaza\n|\n|-heal|p2a: Groudon|78\/100|[from] item: Leftovers\n|upkeep\n|\n|t:|1697947746\n|switch|p1a: Corviknight|Corviknight, F|100\/100\n|-damage|p1a: Corviknight|88\/100|[from] Stealth Rock\n|turn|6\n|\n|t:|1697947765\n|move|p1a: Corviknight|Reflect|p1a: Corviknight\n|-sidestart|p1: Hiusi guy %\u25d5\u203f\u203f\u25d5%|Reflect\n|move|p2a: Groudon|Spikes|p1a: Corviknight\n|-sidestart|p1: Hiusi guy %\u25d5\u203f\u203f\u25d5%|Spikes\n|\n|-heal|p2a: Groudon|85\/100|[from] item: Leftovers\n|upkeep\n|turn|7\n|\n|t:|1697947780\n|move|p1a: Corviknight|Light Screen|p1a: Corviknight\n|-sidestart|p1: Hiusi guy %\u25d5\u203f\u203f\u25d5%|move: Light Screen\n|move|p2a: Groudon|Spikes|p1a: Corviknight\n|-sidestart|p1: Hiusi guy %\u25d5\u203f\u203f\u25d5%|Spikes\n|\n|-heal|p2a: Groudon|91\/100|[from] item: Leftovers\n|upkeep\n|turn|8\n|\n|t:|1697947785\n|switch|p2a: Giratina|Giratina|100\/100\n|move|p1a: Corviknight|U-turn|p2a: Giratina\n|-resisted|p2a: Giratina\n|-damage|p2a: Giratina|97\/100\n|\n|t:|1697947796\n|switch|p1a: Slaking|Slaking, M|100\/100|[from] U-turn\n|-damage|p1a: Slaking|88\/100|[from] Stealth Rock\n|-damage|p1a: Slaking|71\/100|[from] Spikes\n|\n|-heal|p2a: Giratina|100\/100|[from] item: Leftovers\n|-status|p1a: Slaking|tox|[from] item: Toxic Orb\n|upkeep\n|turn|9\n|\n|t:|1697947806\n|switch|p2a: Groudon|Groudon|91\/100\n|move|p1a: Slaking|Earthquake|p2a: Groudon\n|-damage|p2a: Groudon|81\/100\n|\n|-heal|p2a: Groudon|87\/100|[from] item: Leftovers\n|-heal|p1a: Slaking|84\/100 tox|[from] ability: Poison Heal\n|upkeep\n|turn|10\n|\n|t:|1697947831\n|move|p1a: Slaking|Bulk Up|p1a: Slaking\n|-boost|p1a: Slaking|atk|1\n|-boost|p1a: Slaking|def|1\n|move|p2a: Groudon|Spikes|p1a: Slaking\n|-sidestart|p1: Hiusi guy %\u25d5\u203f\u203f\u25d5%|Spikes\n|\n|-heal|p2a: Groudon|93\/100|[from] item: Leftovers\n|-heal|p1a: Slaking|96\/100 tox|[from] ability: Poison Heal\n|upkeep\n|turn|11\n|\n|t:|1697947835\n|move|p1a: Slaking|Trailblaze|p2a: Groudon\n|-supereffective|p2a: Groudon\n|-damage|p2a: Groudon|78\/100\n|-boost|p1a: Slaking|spe|1\n|move|p2a: Groudon|Earthquake|p1a: Slaking\n|-damage|p1a: Slaking|84\/100 tox\n|\n|-heal|p2a: Groudon|84\/100|[from] item: Leftovers\n|-heal|p1a: Slaking|97\/100 tox|[from] ability: Poison Heal\n|upkeep\n|turn|12\n|\n|t:|1697947839\n|move|p1a: Slaking|Bulk Up|p1a: Slaking\n|-boost|p1a: Slaking|atk|1\n|-boost|p1a: Slaking|def|1\n|move|p2a: Groudon|Earthquake|p1a: Slaking\n|-damage|p1a: Slaking|88\/100 tox\n|\n|-heal|p2a: Groudon|91\/100|[from] item: Leftovers\n|-heal|p1a: Slaking|99\/100 tox|[from] ability: Poison Heal\n|upkeep\n|turn|13\n|\n|t:|1697947842\n|move|p1a: Slaking|Bulk Up|p1a: Slaking\n|-boost|p1a: Slaking|atk|1\n|-boost|p1a: Slaking|def|1\n|move|p2a: Groudon|Earthquake|p1a: Slaking\n|-damage|p1a: Slaking|93\/100 tox\n|\n|-heal|p2a: Groudon|97\/100|[from] item: Leftovers\n|-heal|p1a: Slaking|100\/100 tox|[from] ability: Poison Heal\n|-sideend|p1: Hiusi guy %\u25d5\u203f\u203f\u25d5%|Reflect\n|upkeep\n|turn|14\n|\n|t:|1697947845\n|switch|p2a: Arceus|Arceus-Water|100\/100\n|move|p1a: Slaking|Bulk Up|p1a: Slaking\n|-boost|p1a: Slaking|atk|1\n|-boost|p1a: Slaking|def|1\n|\n|-sideend|p1: Hiusi guy %\u25d5\u203f\u203f\u25d5%|move: Light Screen\n|upkeep\n|turn|15\n|\n|t:|1697947848\n|move|p1a: Slaking|Facade|p2a: Arceus\n|-damage|p2a: Arceus|57\/100\n|move|p2a: Arceus|Judgment|p1a: Slaking\n|-damage|p1a: Slaking|43\/100 tox\n|\n|-heal|p1a: Slaking|56\/100 tox|[from] ability: Poison Heal\n|upkeep\n|turn|16\n|l| bleahey\n|c|\u2606Hiusi guy %\u25d5\u203f\u203f\u25d5%|damn\n|\n|t:|1697947858\n|move|p1a: Slaking|Facade|p2a: Arceus\n|-damage|p2a: Arceus|14\/100\n|move|p2a: Arceus|Recover|p2a: Arceus\n|-heal|p2a: Arceus|64\/100\n|\n|-heal|p1a: Slaking|68\/100 tox|[from] ability: Poison Heal\n|upkeep\n|turn|17\n|\n|t:|1697947863\n|move|p1a: Slaking|Facade|p2a: Arceus\n|-damage|p2a: Arceus|22\/100\n|move|p2a: Arceus|Judgment|p1a: Slaking\n|-crit|p1a: Slaking\n|-damage|p1a: Slaking|0 fnt\n|faint|p1a: Slaking\n|\n|upkeep\n|c|\u2606theironpikachu|sru\n|c|\u2606Hiusi guy %\u25d5\u203f\u203f\u25d5%|welp\n|\n|t:|1697947880\n|switch|p1a: Calyrex|Calyrex-Shadow|100\/100\n|-damage|p1a: Calyrex|88\/100|[from] Stealth Rock\n|-damage|p1a: Calyrex|63\/100|[from] Spikes\n|turn|18\n|\n|t:|1697947892\n|switch|p2a: Eternatus|Eternatus|100\/100\n|move|p1a: Calyrex|Substitute|p1a: Calyrex\n|-start|p1a: Calyrex|Substitute\n|-damage|p1a: Calyrex|38\/100\n|\n|upkeep\n|turn|19\n|\n|t:|1697947895\n|move|p1a: Calyrex|Psyshock|p2a: Eternatus\n|-supereffective|p2a: Eternatus\n|-damage|p2a: Eternatus|52\/100\n|-damage|p1a: Calyrex|28\/100|[from] item: Life Orb\n|move|p2a: Eternatus|Shadow Ball|p1a: Calyrex\n|-supereffective|p1a: Calyrex\n|-end|p1a: Calyrex|Substitute\n|\n|-heal|p2a: Eternatus|58\/100|[from] item: Black Sludge\n|upkeep\n|turn|20\n|\n|t:|1697947906\n|move|p1a: Calyrex|Psyshock|p2a: Eternatus\n|-supereffective|p2a: Eternatus\n|-damage|p2a: Eternatus|11\/100\n|-damage|p1a: Calyrex|18\/100|[from] item: Life Orb\n|move|p2a: Eternatus|Shadow Ball|p1a: Calyrex\n|-supereffective|p1a: Calyrex\n|-damage|p1a: Calyrex|0 fnt\n|faint|p1a: Calyrex\n|\n|-heal|p2a: Eternatus|17\/100|[from] item: Black Sludge\n|upkeep\n|\n|t:|1697947914\n|switch|p1a: Arceus|Arceus-Fairy|100\/100\n|-damage|p1a: Arceus|88\/100|[from] Stealth Rock\n|-damage|p1a: Arceus|63\/100|[from] Spikes\n|turn|21\n|\n|t:|1697947924\n|switch|p2a: Groudon|Groudon|97\/100\n|move|p1a: Arceus|Extreme Speed|p2a: Groudon\n|-damage|p2a: Groudon|81\/100\n|-damage|p1a: Arceus|53\/100|[from] item: Life Orb\n|\n|-heal|p2a: Groudon|88\/100|[from] item: Leftovers\n|upkeep\n|turn|22\n|c|\u2606Hiusi guy %\u25d5\u203f\u203f\u25d5%|yeah g\n|c|\u2606Hiusi guy %\u25d5\u203f\u203f\u25d5%|g\n|\n|t:|1697947934\n|move|p1a: Arceus|Swords Dance|p1a: Arceus\n|-boost|p1a: Arceus|atk|2\n|move|p2a: Groudon|Will-O-Wisp|p1a: Arceus\n|-status|p1a: Arceus|brn\n|\n|-heal|p2a: Groudon|94\/100|[from] item: Leftovers\n|-damage|p1a: Arceus|47\/100 brn|[from] brn\n|upkeep\n|turn|23\n|-message|Hiusi guy %\u25d5\u203f\u203f\u25d5% forfeited.\n|\n|win|theironpikachu\n|n|\u2606Hiusi guy %\u25d5\u203f\u203f\u25d5%|hiusiguy\n|n|\u2606theironpikachu|theironpikachu\n|n|*Lady Monita \u263d|ladymonita\n|n| happysh|happysh\n|n| Dregone|dregone\n|n| Windwalker475|windwalker475\n","uploadtime":1697947941,"views":14,"p1id":"hiusiguy","p2id":"theironpikachu","formatid":"gen9ubers","rating":0,"private":0,"password":""}