{"id":"gen9ubers-1997883084","p1":"Augodyne","p2":"Aeziolu","format":"[Gen 9] Ubers","log":"|j|\u2606Augodyne\n|j|\u2606Aeziolu\n|t:|1700863345\n|gametype|singles\n|player|p1|Augodyne|aromalady|\n|player|p2|Aeziolu|wally|\n|teamsize|p1|6\n|teamsize|p2|6\n|gen|9\n|tier|[Gen 9] Ubers\n|rule|Sleep Clause Mod: Limit one foe put to sleep\n|rule|Species Clause: Limit one of each Pok\u00e9mon\n|rule|OHKO Clause: OHKO moves are banned\n|rule|Evasion Items Clause: Evasion items are banned\n|rule|Evasion Moves Clause: Evasion moves are banned\n|rule|Endless Battle Clause: Forcing endless battles is banned\n|rule|HP Percentage Mod: HP is shown in percentages\n|clearpoke\n|poke|p1|Grimmsnarl, M|\n|poke|p1|Manaphy|\n|poke|p1|Garchomp, M|\n|poke|p1|Weavile, F|\n|poke|p1|Hydreigon, M|\n|poke|p1|Zoroark-Hisui, F|\n|poke|p2|Heracross, F|\n|poke|p2|Baxcalibur, F|\n|poke|p2|Jirachi|\n|poke|p2|Dudunsparce-*, F|\n|poke|p2|Ting-Lu|\n|poke|p2|Infernape, M|\n|teampreview\n|j| PizzaTowerEpic\n|j| frokathan\n|\n|t:|1700863399\n|start\n|switch|p1a: Hydreigon|Hydreigon, M|100\/100\n|switch|p2a: Dudunsparce|Dudunsparce, F|100\/100\n|turn|1\n|\n|t:|1700863404\n|move|p1a: Hydreigon|Hyper Voice|p2a: Dudunsparce\n|-damage|p2a: Dudunsparce|63\/100\n|-damage|p1a: Hydreigon|91\/100|[from] item: Life Orb\n|move|p2a: Dudunsparce|Glare|p1a: Hydreigon\n|-status|p1a: Hydreigon|par\n|\n|-heal|p2a: Dudunsparce|69\/100|[from] item: Leftovers\n|upkeep\n|turn|2\n|\n|t:|1700863415\n|cant|p1a: Hydreigon|par\n|move|p2a: Dudunsparce|Stealth Rock|p1a: Hydreigon\n|-sidestart|p1: Augodyne|move: Stealth Rock\n|\n|-heal|p2a: Dudunsparce|76\/100|[from] item: Leftovers\n|upkeep\n|turn|3\n|\n|t:|1700863424\n|cant|p1a: Hydreigon|par\n|move|p2a: Dudunsparce|Roost|p2a: Dudunsparce\n|-heal|p2a: Dudunsparce|100\/100\n|-singleturn|p2a: Dudunsparce|move: Roost\n|\n|upkeep\n|turn|4\n|\n|t:|1700863430\n|switch|p2a: Jirachi|Jirachi|100\/100\n|move|p1a: Hydreigon|Stealth Rock|p2a: Jirachi\n|-sidestart|p2: Aeziolu|move: Stealth Rock\n|\n|upkeep\n|turn|5\n|\n|t:|1700863451\n|switch|p1a: Grimmsnarl|Grimmsnarl, M|100\/100\n|-damage|p1a: Grimmsnarl|88\/100|[from] Stealth Rock\n|move|p2a: Jirachi|Iron Head|p1a: Grimmsnarl\n|-supereffective|p1a: Grimmsnarl\n|-damage|p1a: Grimmsnarl|0 fnt\n|faint|p1a: Grimmsnarl\n|\n|upkeep\n|\n|t:|1700863466\n|switch|p1a: Weavile|Weavile, F|100\/100\n|-damage|p1a: Weavile|88\/100|[from] Stealth Rock\n|turn|6\n|\n|t:|1700863471\n|move|p1a: Weavile|Flamethrower|p2a: Jirachi\n|-supereffective|p2a: Jirachi\n|-damage|p2a: Jirachi|37\/100\n|move|p2a: Jirachi|Iron Head|p1a: Weavile\n|-damage|p1a: Weavile|0 fnt\n|replace|p1a: Zoroark|Zoroark-Hisui, F\n|-end|p1a: Zoroark|Illusion\n|faint|p1a: Zoroark\n|\n|upkeep\n|\n|t:|1700863504\n|switch|p1a: Garchomp|Garchomp, M|100\/100\n|-damage|p1a: Garchomp|94\/100|[from] Stealth Rock\n|turn|7\n|\n|t:|1700863509\n|switch|p2a: Infernape|Infernape, M|100\/100\n|-damage|p2a: Infernape|88\/100|[from] Stealth Rock\n|-item|p2a: Infernape|Air Balloon\n|move|p1a: Garchomp|Earthquake|p2a: Infernape\n|-immune|p2a: Infernape\n|\n|upkeep\n|turn|8\n|\n|t:|1700863523\n|move|p1a: Garchomp|Scale Shot|p2a: Infernape\n|-damage|p2a: Infernape|67\/100\n|-enditem|p2a: Infernape|Air Balloon\n|-damage|p2a: Infernape|48\/100\n|-damage|p2a: Infernape|28\/100\n|-damage|p2a: Infernape|8\/100\n|-hitcount|p2a: Infernape|4\n|-unboost|p1a: Garchomp|def|1\n|-boost|p1a: Garchomp|spe|1\n|move|p2a: Infernape|Encore|p1a: Garchomp\n|-start|p1a: Garchomp|Encore\n|\n|upkeep\n|turn|9\n|\n|t:|1700863541\n|switch|p2a: Ting-Lu|Ting-Lu|100\/100\n|-damage|p2a: Ting-Lu|94\/100|[from] Stealth Rock\n|-ability|p2a: Ting-Lu|Vessel of Ruin\n|move|p1a: Garchomp|Scale Shot|p2a: Ting-Lu\n|-damage|p2a: Ting-Lu|87\/100\n|-damage|p2a: Ting-Lu|79\/100\n|-damage|p2a: Ting-Lu|72\/100\n|-crit|p2a: Ting-Lu\n|-damage|p2a: Ting-Lu|61\/100\n|-damage|p2a: Ting-Lu|54\/100\n|-hitcount|p2a: Ting-Lu|5\n|-unboost|p1a: Garchomp|def|1\n|-boost|p1a: Garchomp|spe|1\n|\n|upkeep\n|turn|10\n|\n|t:|1700863557\n|move|p1a: Garchomp|Scale Shot|p2a: Ting-Lu\n|-damage|p2a: Ting-Lu|47\/100\n|-damage|p2a: Ting-Lu|39\/100\n|-damage|p2a: Ting-Lu|31\/100\n|-damage|p2a: Ting-Lu|24\/100\n|-damage|p2a: Ting-Lu|17\/100\n|-hitcount|p2a: Ting-Lu|5\n|-unboost|p1a: Garchomp|def|1\n|-boost|p1a: Garchomp|spe|1\n|move|p2a: Ting-Lu|Earthquake|p1a: Garchomp\n|-damage|p1a: Garchomp|4\/100\n|\n|upkeep\n|turn|11\n|\n|t:|1700863575\n|switch|p2a: Infernape|Infernape, M|8\/100\n|-damage|p2a: Infernape|0 fnt|[from] Stealth Rock\n|faint|p2a: Infernape\n|move|p1a: Garchomp|Scale Shot|p2: Infernape|[notarget]\n|-fail|p1a: Garchomp\n|\n|-end|p1a: Garchomp|Encore\n|upkeep\n|\n|t:|1700863585\n|switch|p2a: Dudunsparce|Dudunsparce, F|100\/100\n|-damage|p2a: Dudunsparce|88\/100|[from] Stealth Rock\n|turn|12\n|\n|t:|1700863590\n|move|p1a: Garchomp|Scale Shot|p2a: Dudunsparce|[miss]\n|-miss|p1a: Garchomp|p2a: Dudunsparce\n|move|p2a: Dudunsparce|Headbutt|p1a: Garchomp\n|-damage|p1a: Garchomp|0 fnt\n|-damage|p2a: Dudunsparce|76\/100|[from] ability: Rough Skin|[of] p1a: Garchomp\n|faint|p1a: Garchomp\n|\n|-heal|p2a: Dudunsparce|82\/100|[from] item: Leftovers\n|upkeep\n|\n|t:|1700863599\n|switch|p1a: Manaphy|Manaphy|100\/100\n|-damage|p1a: Manaphy|88\/100|[from] Stealth Rock\n|turn|13\n|\n|t:|1700863603\n|move|p1a: Manaphy|Tail Glow|p1a: Manaphy\n|-boost|p1a: Manaphy|spa|3\n|move|p2a: Dudunsparce|Glare|p1a: Manaphy\n|-status|p1a: Manaphy|par\n|\n|-heal|p1a: Manaphy|94\/100 par|[from] item: Leftovers\n|-heal|p2a: Dudunsparce|88\/100|[from] item: Leftovers\n|upkeep\n|turn|14\n|\n|t:|1700863613\n|switch|p2a: Ting-Lu|Ting-Lu|17\/100\n|-damage|p2a: Ting-Lu|11\/100|[from] Stealth Rock\n|-ability|p2a: Ting-Lu|Vessel of Ruin\n|move|p1a: Manaphy|Scald|p2a: Ting-Lu\n|-supereffective|p2a: Ting-Lu\n|-damage|p2a: Ting-Lu|0 fnt\n|faint|p2a: Ting-Lu\n|\n|-heal|p1a: Manaphy|100\/100 par|[from] item: Leftovers\n|upkeep\n|\n|t:|1700863618\n|switch|p2a: Jirachi|Jirachi|37\/100\n|-damage|p2a: Jirachi|31\/100|[from] Stealth Rock\n|turn|15\n|\n|t:|1700863627\n|move|p2a: Jirachi|Zen Headbutt|p1a: Manaphy\n|-damage|p1a: Manaphy|51\/100 par\n|cant|p1a: Manaphy|flinch\n|\n|-heal|p1a: Manaphy|57\/100 par|[from] item: Leftovers\n|upkeep\n|turn|16\n|\n|t:|1700863634\n|move|p2a: Jirachi|Zen Headbutt|p1a: Manaphy\n|-damage|p1a: Manaphy|1\/100 par\n|move|p1a: Manaphy|Scald|p2a: Jirachi\n|-damage|p2a: Jirachi|0 fnt\n|faint|p2a: Jirachi\n|\n|-heal|p1a: Manaphy|8\/100 par|[from] item: Leftovers\n|upkeep\n|\n|t:|1700863641\n|switch|p2a: Heracross|Heracross, F|100\/100\n|-damage|p2a: Heracross|88\/100|[from] Stealth Rock\n|turn|17\n|\n|t:|1700863656\n|move|p2a: Heracross|Trailblaze|p1a: Manaphy\n|-supereffective|p1a: Manaphy\n|-damage|p1a: Manaphy|0 fnt\n|-boost|p2a: Heracross|spe|1\n|faint|p1a: Manaphy\n|\n|-status|p2a: Heracross|brn|[from] item: Flame Orb\n|upkeep\n|\n|t:|1700863666\n|switch|p1a: Weavile|Weavile, F|100\/100\n|-damage|p1a: Weavile|76\/100|[from] Stealth Rock\n|-ability|p1a: Weavile|Pressure\n|turn|18\n|\n|t:|1700863674\n|-terastallize|p2a: Heracross|Normal\n|move|p2a: Heracross|Facade|p1a: Weavile\n|-damage|p1a: Weavile|0 fnt\n|faint|p1a: Weavile\n|\n|-damage|p2a: Heracross|82\/100 brn|[from] brn\n|upkeep\n|\n|t:|1700863681\n|switch|p1a: Hydreigon|Hydreigon, M|91\/100 par\n|-damage|p1a: Hydreigon|78\/100 par|[from] Stealth Rock\n|turn|19\n|\n|t:|1700863688\n|move|p2a: Heracross|Facade|p1a: Hydreigon\n|-damage|p1a: Hydreigon|0 fnt\n|faint|p1a: Hydreigon\n|\n|win|Aeziolu\n|l| frokathan\n|l| PizzaTowerEpic\n","uploadtime":1700864724,"views":3,"p1id":"augodyne","p2id":"aeziolu","formatid":"gen9ubers","rating":0,"private":0,"password":""}