{"id":"gen9ubers-1979727459","p1":"dsfzagfhxb","p2":"sigo mi bufon","format":"[Gen 9] Ubers","log":"|j|\u2606dsfzagfhxb\n|j|\u2606sigo mi bufon\n|t:|1698707113\n|gametype|singles\n|player|p1|dsfzagfhxb|preschoolerf|1000\n|player|p2|sigo mi bufon|eusine|1131\n|teamsize|p1|6\n|teamsize|p2|6\n|gen|9\n|tier|[Gen 9] Ubers\n|rated|\n|rule|Sleep Clause Mod: Limit one foe put to sleep\n|rule|Species Clause: Limit one of each Pok\u00e9mon\n|rule|OHKO Clause: OHKO moves are banned\n|rule|Evasion Items Clause: Evasion items are banned\n|rule|Evasion Moves Clause: Evasion moves are banned\n|rule|Endless Battle Clause: Forcing endless battles is banned\n|rule|HP Percentage Mod: HP is shown in percentages\n|clearpoke\n|poke|p1|Flutter Mane|\n|poke|p1|Koraidon|\n|poke|p1|Houndstone, M|\n|poke|p1|Ting-Lu|\n|poke|p1|Glimmora, F|\n|poke|p1|Armarouge, M|\n|poke|p2|Fezandipiti, M|\n|poke|p2|Grimmsnarl, M|\n|poke|p2|Clefable, F|\n|poke|p2|Ogerpon-Hearthflame, F|\n|poke|p2|Rillaboom, M|\n|poke|p2|Gholdengo|\n|teampreview\n|\n|t:|1698707122\n|start\n|switch|p1a: Ting-Lu|Ting-Lu|100\/100\n|switch|p2a: Gholdengo|Gholdengo|100\/100\n|-ability|p1a: Ting-Lu|Vessel of Ruin\n|turn|1\n|\n|t:|1698707135\n|switch|p2a: Clefable|Clefable, F|100\/100\n|move|p1a: Ting-Lu|Earthquake|p2a: Clefable\n|-damage|p2a: Clefable|42\/100\n|\n|-heal|p2a: Clefable|48\/100|[from] item: Leftovers\n|upkeep\n|turn|2\n|\n|t:|1698707149\n|switch|p2a: Grimmsnarl|Grimmsnarl, M|100\/100\n|move|p1a: Ting-Lu|Earthquake|p2a: Grimmsnarl\n|-damage|p2a: Grimmsnarl|35\/100\n|\n|upkeep\n|turn|3\n|\n|t:|1698707155\n|move|p2a: Grimmsnarl|Reflect|p2a: Grimmsnarl\n|-sidestart|p2: sigo mi bufon|Reflect\n|move|p1a: Ting-Lu|Earthquake|p2a: Grimmsnarl\n|-damage|p2a: Grimmsnarl|1\/100\n|\n|upkeep\n|turn|4\n|\n|t:|1698707162\n|move|p2a: Grimmsnarl|Spirit Break|p1a: Ting-Lu\n|-supereffective|p1a: Ting-Lu\n|-damage|p1a: Ting-Lu|69\/100\n|-unboost|p1a: Ting-Lu|spa|1\n|move|p1a: Ting-Lu|Ruination|p2a: Grimmsnarl\n|-damage|p2a: Grimmsnarl|0 fnt\n|faint|p2a: Grimmsnarl\n|\n|upkeep\n|\n|t:|1698707170\n|switch|p2a: Clefable|Clefable, F|48\/100\n|turn|5\n|\n|t:|1698707175\n|move|p2a: Clefable|Cosmic Power|p2a: Clefable\n|-boost|p2a: Clefable|def|1\n|-boost|p2a: Clefable|spd|1\n|move|p1a: Ting-Lu|Heavy Slam|p2a: Clefable\n|-supereffective|p2a: Clefable\n|-damage|p2a: Clefable|20\/100\n|\n|-heal|p2a: Clefable|26\/100|[from] item: Leftovers\n|upkeep\n|turn|6\n|\n|t:|1698707189\n|switch|p1a: Glimmora|Glimmora, F|100\/100\n|move|p2a: Clefable|Moonlight|p2a: Clefable\n|-heal|p2a: Clefable|76\/100\n|\n|-heal|p2a: Clefable|82\/100|[from] item: Leftovers\n|upkeep\n|turn|7\n|\n|t:|1698707202\n|-terastallize|p2a: Clefable|Psychic\n|move|p1a: Glimmora|Mortal Spin|p2a: Clefable\n|-damage|p2a: Clefable|80\/100\n|-status|p2a: Clefable|psn\n|move|p2a: Clefable|Cosmic Power|p2a: Clefable\n|-boost|p2a: Clefable|def|1\n|-boost|p2a: Clefable|spd|1\n|\n|-heal|p2a: Clefable|86\/100 psn|[from] item: Leftovers\n|upkeep\n|turn|8\n|\n|t:|1698707217\n|move|p1a: Glimmora|Stealth Rock|p2a: Clefable\n|-sidestart|p2: sigo mi bufon|move: Stealth Rock\n|move|p2a: Clefable|Cosmic Power|p2a: Clefable\n|-boost|p2a: Clefable|def|1\n|-boost|p2a: Clefable|spd|1\n|\n|-heal|p2a: Clefable|92\/100 psn|[from] item: Leftovers\n|upkeep\n|turn|9\n|\n|t:|1698707231\n|switch|p1a: Armarouge|Armarouge, M|100\/100\n|move|p2a: Clefable|Stored Power|p1a: Armarouge\n|-resisted|p1a: Armarouge\n|-damage|p1a: Armarouge|77\/100\n|\n|-heal|p2a: Clefable|98\/100 psn|[from] item: Leftovers\n|upkeep\n|turn|10\n|\n|t:|1698707241\n|move|p1a: Armarouge|Flash Cannon|p2a: Clefable\n|-damage|p2a: Clefable|90\/100 psn\n|move|p2a: Clefable|Thunder Wave|p1a: Armarouge\n|-status|p1a: Armarouge|par\n|\n|-heal|p2a: Clefable|96\/100 psn|[from] item: Leftovers\n|-sideend|p2: sigo mi bufon|Reflect\n|upkeep\n|turn|11\n|\n|t:|1698707251\n|move|p2a: Clefable|Cosmic Power|p2a: Clefable\n|-boost|p2a: Clefable|def|1\n|-boost|p2a: Clefable|spd|1\n|move|p1a: Armarouge|Armor Cannon|p2a: Clefable\n|-damage|p2a: Clefable|82\/100 psn\n|-unboost|p1a: Armarouge|def|1\n|-unboost|p1a: Armarouge|spd|1\n|\n|-heal|p2a: Clefable|88\/100 psn|[from] item: Leftovers\n|upkeep\n|turn|12\n|\n|t:|1698707263\n|move|p2a: Clefable|Cosmic Power|p2a: Clefable\n|-boost|p2a: Clefable|def|1\n|-boost|p2a: Clefable|spd|1\n|move|p1a: Armarouge|Flash Cannon|p2a: Clefable\n|-damage|p2a: Clefable|82\/100 psn\n|\n|-heal|p2a: Clefable|88\/100 psn|[from] item: Leftovers\n|upkeep\n|turn|13\n|\n|t:|1698707273\n|move|p2a: Clefable|Cosmic Power|p2a: Clefable\n|-boost|p2a: Clefable|def|1\n|-boost|p2a: Clefable|spd|1\n|move|p1a: Armarouge|Flash Cannon|p2a: Clefable\n|-damage|p2a: Clefable|82\/100 psn\n|\n|-heal|p2a: Clefable|88\/100 psn|[from] item: Leftovers\n|upkeep\n|turn|14\n|\n|t:|1698707291\n|move|p2a: Clefable|Stored Power|p1a: Armarouge\n|-resisted|p1a: Armarouge\n|-damage|p1a: Armarouge|9\/100 par\n|move|p1a: Armarouge|Armor Cannon|p2a: Clefable\n|-damage|p2a: Clefable|76\/100 psn\n|-unboost|p1a: Armarouge|def|1\n|-unboost|p1a: Armarouge|spd|1\n|\n|-heal|p2a: Clefable|82\/100 psn|[from] item: Leftovers\n|upkeep\n|turn|15\n|\n|t:|1698707300\n|move|p2a: Clefable|Stored Power|p1a: Armarouge\n|-resisted|p1a: Armarouge\n|-damage|p1a: Armarouge|0 fnt\n|faint|p1a: Armarouge\n|\n|-heal|p2a: Clefable|88\/100 psn|[from] item: Leftovers\n|upkeep\n|\n|t:|1698707304\n|switch|p1a: Glimmora|Glimmora, F|100\/100\n|turn|16\n|\n|t:|1698707311\n|move|p1a: Glimmora|Spikes|p2a: Clefable\n|-sidestart|p2: sigo mi bufon|Spikes\n|move|p2a: Clefable|Stored Power|p1a: Glimmora\n|-supereffective|p1a: Glimmora\n|-enditem|p1a: Glimmora|Focus Sash\n|-damage|p1a: Glimmora|1\/100\n|\n|-heal|p2a: Clefable|94\/100 psn|[from] item: Leftovers\n|upkeep\n|turn|17\n|\n|t:|1698707321\n|move|p1a: Glimmora|Spikes|p2a: Clefable\n|-sidestart|p2: sigo mi bufon|Spikes\n|move|p2a: Clefable|Stored Power|p1a: Glimmora\n|-supereffective|p1a: Glimmora\n|-damage|p1a: Glimmora|0 fnt\n|faint|p1a: Glimmora\n|\n|-heal|p2a: Clefable|100\/100 psn|[from] item: Leftovers\n|upkeep\n|\n|t:|1698707325\n|switch|p1a: Ting-Lu|Ting-Lu|69\/100\n|-ability|p1a: Ting-Lu|Vessel of Ruin\n|turn|18\n|\n|t:|1698707340\n|move|p2a: Clefable|Cosmic Power|p2a: Clefable\n|-boost|p2a: Clefable|def|0\n|-boost|p2a: Clefable|spd|0\n|move|p1a: Ting-Lu|Ruination|p2a: Clefable\n|-damage|p2a: Clefable|50\/100 psn\n|\n|-heal|p2a: Clefable|57\/100 psn|[from] item: Leftovers\n|upkeep\n|turn|19\n|\n|t:|1698707372\n|move|p2a: Clefable|Thunder Wave|p1a: Ting-Lu\n|-immune|p1a: Ting-Lu\n|move|p1a: Ting-Lu|Ruination|p2a: Clefable\n|-damage|p2a: Clefable|29\/100 psn\n|\n|-heal|p2a: Clefable|35\/100 psn|[from] item: Leftovers\n|upkeep\n|turn|20\n|\n|t:|1698707379\n|move|p2a: Clefable|Moonlight|p2a: Clefable\n|-heal|p2a: Clefable|85\/100 psn\n|move|p1a: Ting-Lu|Throat Chop|p2a: Clefable\n|-supereffective|p2a: Clefable\n|-damage|p2a: Clefable|60\/100 psn\n|-start|p2a: Clefable|Throat Chop|[silent]\n|\n|-heal|p2a: Clefable|66\/100 psn|[from] item: Leftovers\n|upkeep\n|turn|21\n|\n|t:|1698707392\n|move|p2a: Clefable|Cosmic Power|p2a: Clefable\n|-boost|p2a: Clefable|def|0\n|-boost|p2a: Clefable|spd|0\n|move|p1a: Ting-Lu|Throat Chop|p2a: Clefable\n|-supereffective|p2a: Clefable\n|-damage|p2a: Clefable|40\/100 psn\n|\n|-heal|p2a: Clefable|46\/100 psn|[from] item: Leftovers\n|-end|p2a: Clefable|Throat Chop|[silent]\n|upkeep\n|turn|22\n|\n|t:|1698707405\n|move|p2a: Clefable|Cosmic Power|p2a: Clefable\n|-boost|p2a: Clefable|def|0\n|-boost|p2a: Clefable|spd|0\n|move|p1a: Ting-Lu|Throat Chop|p2a: Clefable\n|-supereffective|p2a: Clefable\n|-damage|p2a: Clefable|23\/100 psn\n|-start|p2a: Clefable|Throat Chop|[silent]\n|\n|-heal|p2a: Clefable|29\/100 psn|[from] item: Leftovers\n|upkeep\n|turn|23\n|\n|t:|1698707412\n|move|p2a: Clefable|Moonlight|p2a: Clefable\n|-heal|p2a: Clefable|79\/100 psn\n|move|p1a: Ting-Lu|Throat Chop|p2a: Clefable\n|-supereffective|p2a: Clefable\n|-damage|p2a: Clefable|57\/100 psn\n|\n|-heal|p2a: Clefable|63\/100 psn|[from] item: Leftovers\n|-end|p2a: Clefable|Throat Chop|[silent]\n|upkeep\n|turn|24\n|\n|t:|1698707423\n|move|p2a: Clefable|Cosmic Power|p2a: Clefable\n|-boost|p2a: Clefable|def|0\n|-boost|p2a: Clefable|spd|0\n|move|p1a: Ting-Lu|Ruination|p2a: Clefable\n|-damage|p2a: Clefable|32\/100 psn\n|\n|-heal|p2a: Clefable|38\/100 psn|[from] item: Leftovers\n|upkeep\n|turn|25\n|\n|t:|1698707439\n|move|p2a: Clefable|Cosmic Power|p2a: Clefable\n|-boost|p2a: Clefable|def|0\n|-boost|p2a: Clefable|spd|0\n|move|p1a: Ting-Lu|Throat Chop|p2a: Clefable\n|-supereffective|p2a: Clefable\n|-damage|p2a: Clefable|16\/100 psn\n|-start|p2a: Clefable|Throat Chop|[silent]\n|\n|-heal|p2a: Clefable|22\/100 psn|[from] item: Leftovers\n|upkeep\n|turn|26\n|\n|t:|1698707448\n|move|p2a: Clefable|Moonlight|p2a: Clefable\n|-heal|p2a: Clefable|72\/100 psn\n|move|p1a: Ting-Lu|Throat Chop|p2a: Clefable\n|-supereffective|p2a: Clefable\n|-damage|p2a: Clefable|46\/100 psn\n|\n|-heal|p2a: Clefable|52\/100 psn|[from] item: Leftovers\n|-end|p2a: Clefable|Throat Chop|[silent]\n|upkeep\n|turn|27\n|\n|t:|1698707465\n|move|p2a: Clefable|Cosmic Power|p2a: Clefable\n|-boost|p2a: Clefable|def|0\n|-boost|p2a: Clefable|spd|0\n|move|p1a: Ting-Lu|Throat Chop|p2a: Clefable\n|-supereffective|p2a: Clefable\n|-damage|p2a: Clefable|28\/100 psn\n|-start|p2a: Clefable|Throat Chop|[silent]\n|\n|-heal|p2a: Clefable|34\/100 psn|[from] item: Leftovers\n|upkeep\n|turn|28\n|\n|t:|1698707480\n|move|p2a: Clefable|Cosmic Power|p2a: Clefable\n|-boost|p2a: Clefable|def|0\n|-boost|p2a: Clefable|spd|0\n|move|p1a: Ting-Lu|Throat Chop|p2a: Clefable\n|-supereffective|p2a: Clefable\n|-damage|p2a: Clefable|11\/100 psn\n|\n|-heal|p2a: Clefable|17\/100 psn|[from] item: Leftovers\n|-end|p2a: Clefable|Throat Chop|[silent]\n|upkeep\n|turn|29\n|\n|t:|1698707491\n|move|p2a: Clefable|Moonlight|p2a: Clefable\n|-heal|p2a: Clefable|67\/100 psn\n|move|p1a: Ting-Lu|Throat Chop|p2a: Clefable\n|-supereffective|p2a: Clefable\n|-damage|p2a: Clefable|41\/100 psn\n|-start|p2a: Clefable|Throat Chop|[silent]\n|\n|-heal|p2a: Clefable|47\/100 psn|[from] item: Leftovers\n|upkeep\n|turn|30\n|\n|t:|1698707510\n|move|p2a: Clefable|Cosmic Power|p2a: Clefable\n|-boost|p2a: Clefable|def|0\n|-boost|p2a: Clefable|spd|0\n|move|p1a: Ting-Lu|Throat Chop|p2a: Clefable\n|-supereffective|p2a: Clefable\n|-damage|p2a: Clefable|26\/100 psn\n|\n|-heal|p2a: Clefable|32\/100 psn|[from] item: Leftovers\n|-end|p2a: Clefable|Throat Chop|[silent]\n|upkeep\n|turn|31\n|\n|t:|1698707523\n|move|p2a: Clefable|Cosmic Power|p2a: Clefable\n|-boost|p2a: Clefable|def|0\n|-boost|p2a: Clefable|spd|0\n|move|p1a: Ting-Lu|Throat Chop|p2a: Clefable\n|-supereffective|p2a: Clefable\n|-damage|p2a: Clefable|7\/100 psn\n|-start|p2a: Clefable|Throat Chop|[silent]\n|\n|-heal|p2a: Clefable|13\/100 psn|[from] item: Leftovers\n|upkeep\n|turn|32\n|\n|t:|1698707534\n|move|p2a: Clefable|Moonlight|p2a: Clefable\n|-heal|p2a: Clefable|63\/100 psn\n|move|p1a: Ting-Lu|Ruination|p2a: Clefable\n|-damage|p2a: Clefable|32\/100 psn\n|\n|-heal|p2a: Clefable|38\/100 psn|[from] item: Leftovers\n|-end|p2a: Clefable|Throat Chop|[silent]\n|upkeep\n|turn|33\n|\n|t:|1698707548\n|move|p2a: Clefable|Thunder Wave|p1a: Ting-Lu\n|-immune|p1a: Ting-Lu\n|move|p1a: Ting-Lu|Throat Chop|p2a: Clefable\n|-supereffective|p2a: Clefable\n|-damage|p2a: Clefable|16\/100 psn\n|-start|p2a: Clefable|Throat Chop|[silent]\n|\n|-heal|p2a: Clefable|22\/100 psn|[from] item: Leftovers\n|upkeep\n|turn|34\n|\n|t:|1698707557\n|move|p2a: Clefable|Moonlight|p2a: Clefable\n|-heal|p2a: Clefable|72\/100 psn\n|move|p1a: Ting-Lu|Throat Chop|p2a: Clefable\n|-supereffective|p2a: Clefable\n|-damage|p2a: Clefable|48\/100 psn\n|\n|-heal|p2a: Clefable|54\/100 psn|[from] item: Leftovers\n|-end|p2a: Clefable|Throat Chop|[silent]\n|upkeep\n|turn|35\n|\n|t:|1698707581\n|move|p2a: Clefable|Cosmic Power|p2a: Clefable\n|-boost|p2a: Clefable|def|0\n|-boost|p2a: Clefable|spd|0\n|move|p1a: Ting-Lu|Ruination|p2a: Clefable\n|-damage|p2a: Clefable|27\/100 psn\n|\n|-heal|p2a: Clefable|33\/100 psn|[from] item: Leftovers\n|upkeep\n|turn|36\n|\n|t:|1698707598\n|move|p2a: Clefable|Cosmic Power|p2a: Clefable\n|-boost|p2a: Clefable|def|0\n|-boost|p2a: Clefable|spd|0\n|move|p1a: Ting-Lu|Throat Chop|p2a: Clefable\n|-supereffective|p2a: Clefable\n|-damage|p2a: Clefable|12\/100 psn\n|-start|p2a: Clefable|Throat Chop|[silent]\n|\n|-heal|p2a: Clefable|18\/100 psn|[from] item: Leftovers\n|upkeep\n|turn|37\n|\n|t:|1698707608\n|move|p2a: Clefable|Moonlight|p2a: Clefable\n|-heal|p2a: Clefable|68\/100 psn\n|move|p1a: Ting-Lu|Throat Chop|p2a: Clefable\n|-supereffective|p2a: Clefable\n|-damage|p2a: Clefable|43\/100 psn\n|\n|-heal|p2a: Clefable|49\/100 psn|[from] item: Leftovers\n|-end|p2a: Clefable|Throat Chop|[silent]\n|upkeep\n|turn|38\n|\n|t:|1698707617\n|move|p2a: Clefable|Cosmic Power|p2a: Clefable\n|-boost|p2a: Clefable|def|0\n|-boost|p2a: Clefable|spd|0\n|move|p1a: Ting-Lu|Ruination|p2a: Clefable\n|-damage|p2a: Clefable|25\/100 psn\n|\n|-heal|p2a: Clefable|31\/100 psn|[from] item: Leftovers\n|upkeep\n|turn|39\n|\n|t:|1698707629\n|move|p2a: Clefable|Stored Power|p1a: Ting-Lu\n|-immune|p1a: Ting-Lu\n|move|p1a: Ting-Lu|Throat Chop|p2a: Clefable\n|-supereffective|p2a: Clefable\n|-damage|p2a: Clefable|7\/100 psn\n|-start|p2a: Clefable|Throat Chop|[silent]\n|\n|-heal|p2a: Clefable|13\/100 psn|[from] item: Leftovers\n|upkeep\n|turn|40\n|\n|t:|1698707638\n|move|p2a: Clefable|Stored Power|p1a: Ting-Lu\n|-immune|p1a: Ting-Lu\n|move|p1a: Ting-Lu|Throat Chop|p2a: Clefable\n|-supereffective|p2a: Clefable\n|-damage|p2a: Clefable|0 fnt\n|faint|p2a: Clefable\n|\n|upkeep\n|\n|t:|1698707647\n|switch|p2a: Gholdengo|Gholdengo|100\/100\n|-damage|p2a: Gholdengo|94\/100|[from] Stealth Rock\n|-damage|p2a: Gholdengo|78\/100|[from] Spikes\n|turn|41\n|\n|t:|1698707653\n|move|p2a: Gholdengo|Make It Rain|p1a: Ting-Lu\n|-damage|p1a: Ting-Lu|45\/100\n|-unboost|p2a: Gholdengo|spa|1\n|move|p1a: Ting-Lu|Earthquake|p2a: Gholdengo\n|-supereffective|p2a: Gholdengo\n|-damage|p2a: Gholdengo|0 fnt\n|faint|p2a: Gholdengo\n|\n|upkeep\n|\n|t:|1698707663\n|switch|p2a: Rillaboom|Rillaboom, M|100\/100\n|-damage|p2a: Rillaboom|88\/100|[from] Stealth Rock\n|-damage|p2a: Rillaboom|72\/100|[from] Spikes\n|-fieldstart|move: Grassy Terrain|[from] ability: Grassy Surge|[of] p2a: Rillaboom\n|turn|42\n|\n|t:|1698707675\n|move|p2a: Rillaboom|Grassy Glide|p1a: Ting-Lu\n|-supereffective|p1a: Ting-Lu\n|-damage|p1a: Ting-Lu|0 fnt\n|faint|p1a: Ting-Lu\n|\n|-heal|p2a: Rillaboom|78\/100|[from] Grassy Terrain\n|upkeep\n|\n|t:|1698707678\n|switch|p1a: Koraidon|Koraidon|100\/100\n|-weather|SunnyDay|[from] ability: Orichalcum Pulse|[of] p1a: Koraidon\n|-activate|p1a: Koraidon|Orichalcum Pulse|[source]\n|turn|43\n|\n|t:|1698707685\n|switch|p2a: Fezandipiti|Fezandipiti, M|100\/100\n|-damage|p2a: Fezandipiti|88\/100|[from] Stealth Rock\n|-damage|p2a: Fezandipiti|72\/100|[from] Spikes\n|move|p1a: Koraidon|Flare Blitz|p2a: Fezandipiti\n|-damage|p2a: Fezandipiti|0 fnt\n|faint|p2a: Fezandipiti\n|-damage|p1a: Koraidon|74\/100|[from] Recoil\n|-damage|p1a: Koraidon|64\/100|[from] item: Life Orb\n|\n|-weather|SunnyDay|[upkeep]\n|-heal|p1a: Koraidon|71\/100|[from] Grassy Terrain\n|upkeep\n|\n|t:|1698707692\n|switch|p2a: Ogerpon|Ogerpon-Hearthflame, F|100\/100\n|-damage|p2a: Ogerpon|76\/100|[from] Stealth Rock\n|-damage|p2a: Ogerpon|59\/100|[from] Spikes\n|-ability|p2a: Ogerpon|Mold Breaker\n|turn|44\n|\n|t:|1698707701\n|move|p1a: Koraidon|Outrage|p2a: Ogerpon\n|-damage|p2a: Ogerpon|0 fnt\n|faint|p2a: Ogerpon\n|-damage|p1a: Koraidon|61\/100|[from] item: Life Orb\n|\n|-weather|SunnyDay|[upkeep]\n|-heal|p1a: Koraidon|67\/100|[from] Grassy Terrain\n|upkeep\n|\n|t:|1698707704\n|switch|p2a: Rillaboom|Rillaboom, M|78\/100\n|-damage|p2a: Rillaboom|66\/100|[from] Stealth Rock\n|-damage|p2a: Rillaboom|49\/100|[from] Spikes\n|turn|45\n|\n|t:|1698707708\n|move|p1a: Koraidon|Outrage|p2a: Rillaboom|[from]lockedmove\n|-damage|p2a: Rillaboom|0 fnt\n|faint|p2a: Rillaboom\n|-damage|p1a: Koraidon|57\/100|[from] item: Life Orb\n|-start|p1a: Koraidon|confusion|[fatigue]\n|\n|win|dsfzagfhxb\n|raw|dsfzagfhxb's rating: 1000 &rarr; <strong>1054<\/strong><br \/>(+54 for winning)\n|raw|sigo mi bufon's rating: 1131 &rarr; <strong>1097<\/strong><br \/>(-34 for losing)\n|l|\u2606sigo mi bufon\n","uploadtime":1698707784,"views":8,"p1id":"dsfzagfhxb","p2id":"sigomibufon","formatid":"gen9ubers","rating":1054,"private":0,"password":""}