{"id":"gen9ubers-1979784221","p1":"babynogalXD","p2":"BeardyBennett","format":"[Gen 9] Ubers","log":"|j|\u2606babynogalXD\n|j|\u2606BeardyBennett\n|t:|1698712912\n|gametype|singles\n|player|p1|babynogalXD|hilbert|\n|player|p2|BeardyBennett|hiker-gen4|\n|teamsize|p1|6\n|teamsize|p2|6\n|gen|9\n|tier|[Gen 9] Ubers\n|rule|Sleep Clause Mod: Limit one foe put to sleep\n|rule|Species Clause: Limit one of each Pok\u00e9mon\n|rule|OHKO Clause: OHKO moves are banned\n|rule|Evasion Items Clause: Evasion items are banned\n|rule|Evasion Moves Clause: Evasion moves are banned\n|rule|Endless Battle Clause: Forcing endless battles is banned\n|rule|HP Percentage Mod: HP is shown in percentages\n|clearpoke\n|poke|p1|Dialga|\n|poke|p1|Arceus-Ice|\n|poke|p1|Cloyster, M|\n|poke|p1|Chi-Yu|\n|poke|p1|Zacian-*|\n|poke|p1|Spectrier|\n|poke|p2|Magearna|\n|poke|p2|Landorus, M|\n|poke|p2|Urshifu-*, M|\n|poke|p2|Zacian-*|\n|poke|p2|Torkoal, F|\n|poke|p2|Walking Wake|\n|teampreview\n|c|\u2606BeardyBennett|Gl hf!\n|\n|t:|1698712939\n|start\n|switch|p1a: Cloyster|Cloyster, M|100\/100\n|switch|p2a: Magearna|Magearna|100\/100\n|turn|1\n|\n|t:|1698712946\n|move|p1a: Cloyster|Spikes|p2a: Magearna\n|-sidestart|p2: BeardyBennett|Spikes\n|move|p2a: Magearna|Volt Switch|p1a: Cloyster\n|-supereffective|p1a: Cloyster\n|-damage|p1a: Cloyster|2\/100\n|j| galaxyatior\n|c| galaxyatior|yo.\n|\n|t:|1698712958\n|switch|p2a: Zacian|Zacian|100\/100|[from] Volt Switch\n|-damage|p2a: Zacian|88\/100|[from] Spikes\n|-ability|p2a: Zacian|Intrepid Sword|boost\n|-boost|p2a: Zacian|atk|1\n|\n|upkeep\n|turn|2\n|\n|t:|1698712961\n|move|p2a: Zacian|Play Rough|p1a: Cloyster\n|-damage|p1a: Cloyster|0 fnt\n|faint|p1a: Cloyster\n|\n|upkeep\n|\n|t:|1698712969\n|switch|p1a: Dialga|Dialga|100\/100\n|-ability|p1a: Dialga|Pressure\n|turn|3\n|\n|t:|1698712978\n|switch|p2a: Magearna|Magearna|100\/100\n|-damage|p2a: Magearna|88\/100|[from] Spikes\n|move|p1a: Dialga|Flash Cannon|p2a: Magearna\n|-damage|p2a: Magearna|58\/100\n|\n|-heal|p2a: Magearna|64\/100|[from] item: Leftovers\n|upkeep\n|turn|4\n|\n|t:|1698712984\n|move|p1a: Dialga|Fire Blast|p2a: Magearna\n|-supereffective|p2a: Magearna\n|-damage|p2a: Magearna|5\/100\n|move|p2a: Magearna|Spikes|p1a: Dialga\n|-sidestart|p1: babynogalXD|Spikes\n|\n|-heal|p2a: Magearna|11\/100|[from] item: Leftovers\n|upkeep\n|turn|5\n|\n|t:|1698712989\n|move|p1a: Dialga|Flash Cannon|p2a: Magearna\n|-damage|p2a: Magearna|0 fnt\n|faint|p2a: Magearna\n|\n|upkeep\n|\n|t:|1698712992\n|switch|p2a: Landorus|Landorus, M|100\/100\n|turn|6\n|\n|t:|1698713001\n|move|p2a: Landorus|Earth Power|p1a: Dialga\n|-supereffective|p1a: Dialga\n|-damage|p1a: Dialga|21\/100\n|move|p1a: Dialga|Draco Meteor|p2a: Landorus\n|-damage|p2a: Landorus|0 fnt\n|-unboost|p1a: Dialga|spa|2\n|faint|p2a: Landorus\n|\n|upkeep\n|\n|t:|1698713016\n|switch|p2a: Zacian|Zacian|88\/100\n|-damage|p2a: Zacian|76\/100|[from] Spikes\n|turn|7\n|\n|t:|1698713024\n|move|p2a: Zacian|Play Rough|p1a: Dialga\n|-damage|p1a: Dialga|0 fnt\n|faint|p1a: Dialga\n|\n|upkeep\n|\n|t:|1698713032\n|switch|p1a: Arceus|Arceus-Ice|100\/100\n|-damage|p1a: Arceus|88\/100|[from] Spikes\n|turn|8\n|\n|t:|1698713039\n|switch|p2a: Torkoal|Torkoal, F|100\/100\n|-weather|SunnyDay|[from] ability: Drought|[of] p2a: Torkoal\n|-terastallize|p1a: Arceus|Ground\n|move|p1a: Arceus|Judgment|p2a: Torkoal\n|-resisted|p2a: Torkoal\n|-damage|p2a: Torkoal|71\/100\n|\n|-weather|SunnyDay|[upkeep]\n|upkeep\n|turn|9\n|\n|t:|1698713052\n|move|p1a: Arceus|Earth Power|p2a: Torkoal\n|-supereffective|p2a: Torkoal\n|-damage|p2a: Torkoal|0 fnt\n|faint|p2a: Torkoal\n|\n|-weather|SunnyDay|[upkeep]\n|upkeep\n|\n|t:|1698713054\n|switch|p2a: Walking Wake|Walking Wake|100\/100\n|-damage|p2a: Walking Wake|88\/100|[from] Spikes\n|-activate|p2a: Walking Wake|ability: Protosynthesis\n|-start|p2a: Walking Wake|protosynthesisspe\n|turn|10\n|\n|t:|1698713061\n|move|p2a: Walking Wake|Hydro Steam|p1a: Arceus\n|-supereffective|p1a: Arceus\n|-damage|p1a: Arceus|0 fnt\n|faint|p1a: Arceus\n|\n|-weather|SunnyDay|[upkeep]\n|upkeep\n|\n|t:|1698713065\n|switch|p1a: Zacian|Zacian|100\/100\n|-damage|p1a: Zacian|88\/100|[from] Spikes\n|-ability|p1a: Zacian|Intrepid Sword|boost\n|-boost|p1a: Zacian|atk|1\n|turn|11\n|\n|t:|1698713075\n|-terastallize|p2a: Walking Wake|Water\n|move|p2a: Walking Wake|Hydro Steam|p1a: Zacian\n|-damage|p1a: Zacian|0 fnt\n|faint|p1a: Zacian\n|\n|-weather|SunnyDay|[upkeep]\n|upkeep\n|\n|t:|1698713078\n|switch|p1a: Spectrier|Spectrier|100\/100\n|-damage|p1a: Spectrier|88\/100|[from] Spikes\n|turn|12\n|\n|t:|1698713080\n|move|p2a: Walking Wake|Hydro Steam|p1a: Spectrier\n|-damage|p1a: Spectrier|0 fnt\n|faint|p1a: Spectrier\n|\n|-weather|none\n|-end|p2a: Walking Wake|Protosynthesis\n|upkeep\n|\n|t:|1698713090\n|switch|p1a: Chi-Yu|Chi-Yu|100\/100\n|-ability|p1a: Chi-Yu|Beads of Ruin\n|turn|13\n|\n|t:|1698713098\n|move|p2a: Walking Wake|Hydro Steam|p1a: Chi-Yu\n|-supereffective|p1a: Chi-Yu\n|-damage|p1a: Chi-Yu|0 fnt\n|faint|p1a: Chi-Yu\n|\n|win|BeardyBennett\n|c|\u2606babynogalXD|Gg\n|c|\u2606BeardyBennett|Gg\n|l|\u2606babynogalXD\n","uploadtime":1698713107,"views":7,"p1id":"babynogalxd","p2id":"beardybennett","formatid":"gen9ubers","rating":0,"private":0,"password":""}