{"id":"gen9ubers-1987690093","p1":"Ohnvff","p2":"xoxo_pancake","format":"[Gen 9] Ubers","log":"|j|\u2606Ohnvff\n|j|\u2606xoxo_pancake\n|t:|1699627963\n|gametype|singles\n|player|p1|Ohnvff|265|1313\n|player|p2|xoxo_pancake|102|1315\n|teamsize|p1|6\n|teamsize|p2|6\n|gen|9\n|tier|[Gen 9] Ubers\n|rated|\n|rule|Sleep Clause Mod: Limit one foe put to sleep\n|rule|Species Clause: Limit one of each Pok\u00e9mon\n|rule|OHKO Clause: OHKO moves are banned\n|rule|Evasion Items Clause: Evasion items are banned\n|rule|Evasion Moves Clause: Evasion moves are banned\n|rule|Endless Battle Clause: Forcing endless battles is banned\n|rule|HP Percentage Mod: HP is shown in percentages\n|clearpoke\n|poke|p1|Clodsire, M|\n|poke|p1|Toxapex, F|\n|poke|p1|Skeledirge, M|\n|poke|p1|Iron Treads|\n|poke|p1|Gliscor, M|\n|poke|p1|Dondozo, M|\n|poke|p2|Ribombee, M|\n|poke|p2|Mewtwo|\n|poke|p2|Miraidon|\n|poke|p2|Calyrex-Ice|\n|poke|p2|Zacian-*|\n|poke|p2|Arceus|\n|teampreview\n|inactive|Battle timer is ON: inactive players will automatically lose when time's up. (requested by xoxo_pancake)\n|c|\u2606xoxo_pancake|Bruh\n|c|\u2606xoxo_pancake|stall in ubrrs\n|\n|t:|1699627987\n|start\n|switch|p1a: Gliscor|Gliscor, M|100\/100\n|switch|p2a: Ribombee|Ribombee, M|100\/100\n|turn|1\n|\n|t:|1699627993\n|move|p2a: Ribombee|Sticky Web|p1a: Gliscor\n|-sidestart|p1: Ohnvff|move: Sticky Web\n|move|p1a: Gliscor|Spikes|p2a: Ribombee\n|-sidestart|p2: xoxo_pancake|Spikes\n|\n|-status|p1a: Gliscor|tox|[from] item: Toxic Orb\n|upkeep\n|turn|2\n|\n|t:|1699627998\n|move|p2a: Ribombee|Tailwind|p2a: Ribombee\n|-sidestart|p2: xoxo_pancake|move: Tailwind\n|move|p1a: Gliscor|Spikes|p2a: Ribombee\n|-sidestart|p2: xoxo_pancake|Spikes\n|\n|upkeep\n|turn|3\n|\n|t:|1699628003\n|switch|p2a: Calyrex|Calyrex-Ice|100\/100\n|-ability|p2a: Calyrex|As One\n|-ability|p2a: Calyrex|Unnerve\n|move|p1a: Gliscor|Toxic|p2a: Calyrex\n|-status|p2a: Calyrex|tox\n|\n|-damage|p2a: Calyrex|94\/100 tox|[from] psn\n|upkeep\n|turn|4\n|\n|t:|1699628011\n|switch|p1a: Dondozo|Dondozo, M|100\/100\n|-activate|p1a: Dondozo|move: Sticky Web\n|-unboost|p1a: Dondozo|spe|1\n|move|p2a: Calyrex|Trick Room|p2a: Calyrex\n|-fieldstart|move: Trick Room|[of] p2a: Calyrex\n|\n|-damage|p2a: Calyrex|82\/100 tox|[from] psn\n|upkeep\n|turn|5\n|\n|t:|1699628019\n|move|p1a: Dondozo|Curse|p1a: Dondozo\n|-unboost|p1a: Dondozo|spe|1\n|-boost|p1a: Dondozo|atk|1\n|-boost|p1a: Dondozo|def|1\n|move|p2a: Calyrex|High Horsepower|p1a: Dondozo\n|-damage|p1a: Dondozo|88\/100\n|\n|-heal|p1a: Dondozo|94\/100|[from] item: Leftovers\n|-damage|p2a: Calyrex|63\/100 tox|[from] psn\n|-sideend|p2: xoxo_pancake|move: Tailwind\n|upkeep\n|turn|6\n|\n|t:|1699628023\n|switch|p2a: Miraidon|Miraidon|100\/100\n|-damage|p2a: Miraidon|84\/100|[from] Spikes\n|-fieldstart|move: Electric Terrain|[from] ability: Hadron Engine|[of] p2a: Miraidon\n|-enditem|p2a: Miraidon|Electric Seed\n|-boost|p2a: Miraidon|def|1|[from] item: Electric Seed\n|move|p1a: Dondozo|Liquidation|p2a: Miraidon\n|-resisted|p2a: Miraidon\n|-damage|p2a: Miraidon|66\/100\n|\n|-heal|p1a: Dondozo|99\/100|[from] item: Leftovers\n|upkeep\n|turn|7\n|\n|t:|1699628030\n|switch|p1a: Clodsire|Clodsire, M|100\/100\n|-activate|p1a: Clodsire|move: Sticky Web\n|-unboost|p1a: Clodsire|spe|1\n|switch|p2a: Zacian|Zacian-Crowned|100\/100\n|-damage|p2a: Zacian|84\/100|[from] Spikes\n|-ability|p2a: Zacian|Intrepid Sword|boost\n|-boost|p2a: Zacian|atk|1\n|\n|upkeep\n|turn|8\n|j| ThanoPop\n|\n|t:|1699628034\n|switch|p1a: Skeledirge|Skeledirge, M|100\/100\n|move|p2a: Zacian|Behemoth Blade|p1a: Skeledirge\n|-resisted|p1a: Skeledirge\n|-damage|p1a: Skeledirge|82\/100\n|\n|-fieldend|move: Trick Room\n|upkeep\n|turn|9\n|\n|t:|1699628040\n|switch|p2a: Arceus|Arceus|100\/100\n|move|p1a: Skeledirge|Will-O-Wisp|p2a: Arceus|[miss]\n|-miss|p1a: Skeledirge|p2a: Arceus\n|\n|upkeep\n|turn|10\n|\n|t:|1699628043\n|move|p2a: Arceus|Shadow Claw|p1a: Skeledirge\n|-supereffective|p1a: Skeledirge\n|-crit|p1a: Skeledirge\n|-damage|p1a: Skeledirge|36\/100\n|move|p1a: Skeledirge|Will-O-Wisp|p2a: Arceus\n|-status|p2a: Arceus|brn\n|\n|-damage|p2a: Arceus|94\/100 brn|[from] brn\n|-fieldend|move: Electric Terrain\n|upkeep\n|turn|11\n|\n|t:|1699628050\n|move|p2a: Arceus|Taunt|p1a: Skeledirge\n|-start|p1a: Skeledirge|move: Taunt\n|cant|p1a: Skeledirge|move: Taunt|Slack Off\n|\n|-damage|p2a: Arceus|88\/100 brn|[from] brn\n|upkeep\n|turn|12\n|\n|t:|1699628061\n|switch|p1a: Toxapex|Toxapex, F|100\/100\n|-activate|p1a: Toxapex|move: Sticky Web\n|-unboost|p1a: Toxapex|spe|1\n|move|p2a: Arceus|Shadow Claw|p1a: Toxapex\n|-damage|p1a: Toxapex|93\/100\n|-damage|p2a: Arceus|72\/100 brn|[from] item: Rocky Helmet|[of] p1a: Toxapex\n|\n|-damage|p2a: Arceus|66\/100 brn|[from] brn\n|upkeep\n|turn|13\n|\n|t:|1699628066\n|move|p2a: Arceus|Taunt|p1a: Toxapex\n|-start|p1a: Toxapex|move: Taunt\n|move|p1a: Toxapex|Chilling Water|p2a: Arceus\n|-damage|p2a: Arceus|58\/100 brn\n|-unboost|p2a: Arceus|atk|1\n|\n|-damage|p2a: Arceus|52\/100 brn|[from] brn\n|upkeep\n|turn|14\n|\n|t:|1699628075\n|switch|p2a: Miraidon|Miraidon|66\/100\n|-damage|p2a: Miraidon|50\/100|[from] Spikes\n|-fieldstart|move: Electric Terrain|[from] ability: Hadron Engine|[of] p2a: Miraidon\n|move|p1a: Toxapex|Chilling Water|p2a: Miraidon\n|-resisted|p2a: Miraidon\n|-damage|p2a: Miraidon|46\/100\n|-unboost|p2a: Miraidon|atk|1\n|\n|upkeep\n|turn|15\n|\n|t:|1699628079\n|switch|p1a: Clodsire|Clodsire, M|100\/100\n|-activate|p1a: Clodsire|move: Sticky Web\n|-unboost|p1a: Clodsire|spe|1\n|move|p2a: Miraidon|Parabolic Charge|p1a: Clodsire\n|-immune|p1a: Clodsire\n|\n|upkeep\n|turn|16\n|\n|t:|1699628085\n|switch|p2a: Mewtwo|Mewtwo|100\/100\n|-damage|p2a: Mewtwo|84\/100|[from] Spikes\n|-ability|p2a: Mewtwo|Pressure\n|move|p1a: Clodsire|Spikes|p2a: Mewtwo\n|-sidestart|p2: xoxo_pancake|Spikes\n|\n|upkeep\n|turn|17\n|\n|t:|1699628100\n|switch|p1a: Iron Treads|Iron Treads|100\/100\n|-activate|p1a: Iron Treads|move: Sticky Web\n|-unboost|p1a: Iron Treads|spe|1\n|-activate|p1a: Iron Treads|ability: Quark Drive\n|-start|p1a: Iron Treads|quarkdrivespd\n|move|p2a: Mewtwo|Psystrike|p1a: Iron Treads\n|-resisted|p1a: Iron Treads\n|-damage|p1a: Iron Treads|71\/100\n|-damage|p2a: Mewtwo|74\/100|[from] item: Life Orb\n|\n|-heal|p1a: Iron Treads|77\/100|[from] item: Leftovers\n|upkeep\n|turn|18\n|\n|t:|1699628107\n|-terastallize|p2a: Mewtwo|Steel\n|move|p2a: Mewtwo|Fire Blast|p1a: Iron Treads\n|-supereffective|p1a: Iron Treads\n|-damage|p1a: Iron Treads|6\/100\n|-damage|p2a: Mewtwo|64\/100|[from] item: Life Orb\n|move|p1a: Iron Treads|Knock Off|p2a: Mewtwo\n|-damage|p2a: Mewtwo|38\/100\n|-enditem|p2a: Mewtwo|Life Orb|[from] move: Knock Off|[of] p1a: Iron Treads\n|\n|-heal|p1a: Iron Treads|12\/100|[from] item: Leftovers\n|-fieldend|move: Electric Terrain\n|-end|p1a: Iron Treads|Quark Drive\n|upkeep\n|turn|19\n|\n|t:|1699628120\n|-end|p1a: Iron Treads|Quark Drive|[silent]\n|switch|p1a: Gliscor|Gliscor, M|100\/100 tox\n|move|p2a: Mewtwo|Grass Knot|p1a: Gliscor\n|-damage|p1a: Gliscor|81\/100 tox\n|\n|-heal|p1a: Gliscor|94\/100 tox|[from] ability: Poison Heal\n|upkeep\n|turn|20\n|\n|t:|1699628124\n|move|p1a: Gliscor|Protect|p1a: Gliscor\n|-singleturn|p1a: Gliscor|Protect\n|move|p2a: Mewtwo|Psystrike|p1a: Gliscor\n|-activate|p1a: Gliscor|move: Protect\n|\n|-heal|p1a: Gliscor|100\/100 tox|[from] ability: Poison Heal\n|upkeep\n|turn|21\n|\n|t:|1699628126\n|move|p2a: Mewtwo|Psystrike|p1a: Gliscor\n|-damage|p1a: Gliscor|56\/100 tox\n|move|p1a: Gliscor|Earthquake|p2a: Mewtwo\n|-supereffective|p2a: Mewtwo\n|-damage|p2a: Mewtwo|0 fnt\n|faint|p2a: Mewtwo\n|\n|-heal|p1a: Gliscor|69\/100 tox|[from] ability: Poison Heal\n|upkeep\n|j| Too Many Caps\n|\n|t:|1699628131\n|switch|p2a: Calyrex|Calyrex-Ice|63\/100 tox\n|-ability|p2a: Calyrex|As One\n|-ability|p2a: Calyrex|Unnerve\n|turn|22\n|\n|t:|1699628136\n|switch|p2a: Miraidon|Miraidon|46\/100\n|-damage|p2a: Miraidon|21\/100|[from] Spikes\n|-fieldstart|move: Electric Terrain|[from] ability: Hadron Engine|[of] p2a: Miraidon\n|move|p1a: Gliscor|Protect||[still]\n|-fail|p1a: Gliscor\n|\n|-heal|p1a: Gliscor|81\/100 tox|[from] ability: Poison Heal\n|upkeep\n|turn|23\n|\n|t:|1699628144\n|switch|p1a: Iron Treads|Iron Treads|12\/100\n|-activate|p1a: Iron Treads|move: Sticky Web\n|-unboost|p1a: Iron Treads|spe|1\n|-activate|p1a: Iron Treads|ability: Quark Drive\n|-start|p1a: Iron Treads|quarkdrivespd\n|move|p2a: Miraidon|Dazzling Gleam|p1a: Iron Treads\n|-resisted|p1a: Iron Treads\n|-damage|p1a: Iron Treads|0 fnt\n|faint|p1a: Iron Treads\n|-end|p1a: Iron Treads|Quark Drive|[silent]\n|\n|upkeep\n|\n|t:|1699628157\n|switch|p1a: Clodsire|Clodsire, M|100\/100\n|-activate|p1a: Clodsire|move: Sticky Web\n|-unboost|p1a: Clodsire|spe|1\n|turn|24\n|\n|t:|1699628165\n|move|p2a: Miraidon|Dazzling Gleam|p1a: Clodsire\n|-resisted|p1a: Clodsire\n|-crit|p1a: Clodsire\n|-damage|p1a: Clodsire|85\/100\n|move|p1a: Clodsire|Earthquake|p2a: Miraidon\n|-supereffective|p2a: Miraidon\n|-damage|p2a: Miraidon|0 fnt\n|faint|p2a: Miraidon\n|\n|-heal|p1a: Clodsire|91\/100|[from] item: Leftovers\n|upkeep\n|\n|t:|1699628177\n|switch|p2a: Zacian|Zacian-Crowned|84\/100\n|-damage|p2a: Zacian|59\/100|[from] Spikes\n|turn|25\n|\n|t:|1699628185\n|switch|p1a: Dondozo|Dondozo, M|99\/100\n|-activate|p1a: Dondozo|move: Sticky Web\n|-unboost|p1a: Dondozo|spe|1\n|move|p2a: Zacian|Wild Charge|p1a: Dondozo\n|-supereffective|p1a: Dondozo\n|-damage|p1a: Dondozo|61\/100\n|-damage|p2a: Zacian|44\/100|[from] Recoil\n|\n|-heal|p1a: Dondozo|67\/100|[from] item: Leftovers\n|upkeep\n|turn|26\n|\n|t:|1699628190\n|move|p2a: Zacian|Wild Charge|p1a: Dondozo\n|-supereffective|p1a: Dondozo\n|-crit|p1a: Dondozo\n|-damage|p1a: Dondozo|9\/100\n|-damage|p2a: Zacian|21\/100|[from] Recoil\n|move|p1a: Dondozo|Curse|p1a: Dondozo\n|-unboost|p1a: Dondozo|spe|1\n|-boost|p1a: Dondozo|atk|1\n|-boost|p1a: Dondozo|def|1\n|\n|-heal|p1a: Dondozo|16\/100|[from] item: Leftovers\n|-fieldend|move: Electric Terrain\n|upkeep\n|turn|27\n|c|\u2606Ohnvff|Fucking crits dude\n|\n|t:|1699628202\n|switch|p1a: Gliscor|Gliscor, M|81\/100 tox\n|move|p2a: Zacian|Wild Charge|p1a: Gliscor\n|-immune|p1a: Gliscor\n|\n|-heal|p1a: Gliscor|94\/100 tox|[from] ability: Poison Heal\n|upkeep\n|turn|28\n|\n|t:|1699628205\n|move|p1a: Gliscor|Protect|p1a: Gliscor\n|-singleturn|p1a: Gliscor|Protect\n|move|p2a: Zacian|Behemoth Blade|p1a: Gliscor\n|-activate|p1a: Gliscor|move: Protect\n|\n|-heal|p1a: Gliscor|100\/100 tox|[from] ability: Poison Heal\n|upkeep\n|turn|29\n|\n|t:|1699628208\n|move|p2a: Zacian|Behemoth Blade|p1a: Gliscor\n|-damage|p1a: Gliscor|57\/100 tox\n|move|p1a: Gliscor|Earthquake|p2a: Zacian\n|-supereffective|p2a: Zacian\n|-crit|p2a: Zacian\n|-damage|p2a: Zacian|0 fnt\n|faint|p2a: Zacian\n|\n|-heal|p1a: Gliscor|69\/100 tox|[from] ability: Poison Heal\n|upkeep\n|\n|t:|1699628211\n|switch|p2a: Calyrex|Calyrex-Ice|63\/100 tox\n|-ability|p2a: Calyrex|As One\n|-ability|p2a: Calyrex|Unnerve\n|turn|30\n|\n|t:|1699628218\n|switch|p2a: Ribombee|Ribombee, M|100\/100\n|-damage|p2a: Ribombee|76\/100|[from] Spikes\n|move|p1a: Gliscor|Protect||[still]\n|-fail|p1a: Gliscor\n|\n|-heal|p1a: Gliscor|82\/100 tox|[from] ability: Poison Heal\n|upkeep\n|turn|31\n|\n|t:|1699628226\n|move|p2a: Ribombee|Moonblast|p1a: Gliscor\n|-damage|p1a: Gliscor|46\/100 tox\n|move|p1a: Gliscor|Earthquake|p2a: Ribombee\n|-resisted|p2a: Ribombee\n|-damage|p2a: Ribombee|43\/100\n|\n|-heal|p1a: Gliscor|59\/100 tox|[from] ability: Poison Heal\n|upkeep\n|turn|32\n|\n|t:|1699628235\n|move|p1a: Gliscor|Protect|p1a: Gliscor\n|-singleturn|p1a: Gliscor|Protect\n|move|p2a: Ribombee|Tailwind|p2a: Ribombee\n|-sidestart|p2: xoxo_pancake|move: Tailwind\n|\n|-heal|p1a: Gliscor|71\/100 tox|[from] ability: Poison Heal\n|upkeep\n|turn|33\n|\n|t:|1699628240\n|switch|p1a: Dondozo|Dondozo, M|16\/100\n|-activate|p1a: Dondozo|move: Sticky Web\n|-unboost|p1a: Dondozo|spe|1\n|move|p2a: Ribombee|Moonblast|p1a: Dondozo\n|-damage|p1a: Dondozo|0 fnt\n|faint|p1a: Dondozo\n|\n|upkeep\n|\n|t:|1699628248\n|switch|p1a: Clodsire|Clodsire, M|91\/100\n|-activate|p1a: Clodsire|move: Sticky Web\n|-unboost|p1a: Clodsire|spe|1\n|turn|34\n|\n|t:|1699628256\n|move|p2a: Ribombee|Stun Spore|p1a: Clodsire\n|-status|p1a: Clodsire|par\n|move|p1a: Clodsire|Earthquake|p2a: Ribombee\n|-resisted|p2a: Ribombee\n|-damage|p2a: Ribombee|15\/100\n|\n|-heal|p1a: Clodsire|97\/100 par|[from] item: Leftovers\n|upkeep\n|turn|35\n|\n|t:|1699628265\n|switch|p2a: Calyrex|Calyrex-Ice|63\/100 tox\n|-ability|p2a: Calyrex|As One\n|-ability|p2a: Calyrex|Unnerve\n|move|p1a: Clodsire|Earthquake|p2a: Calyrex\n|-damage|p2a: Calyrex|48\/100 tox\n|\n|-heal|p1a: Clodsire|100\/100 par|[from] item: Leftovers\n|-damage|p2a: Calyrex|42\/100 tox|[from] psn\n|-sideend|p2: xoxo_pancake|move: Tailwind\n|upkeep\n|turn|36\n|\n|t:|1699628272\n|switch|p1a: Toxapex|Toxapex, F|100\/100\n|-activate|p1a: Toxapex|move: Sticky Web\n|-unboost|p1a: Toxapex|spe|1\n|move|p2a: Calyrex|High Horsepower|p1a: Toxapex\n|-supereffective|p1a: Toxapex\n|-damage|p1a: Toxapex|52\/100\n|-damage|p2a: Calyrex|25\/100 tox|[from] item: Rocky Helmet|[of] p1a: Toxapex\n|\n|-damage|p2a: Calyrex|13\/100 tox|[from] psn\n|upkeep\n|turn|37\n|\n|t:|1699628278\n|move|p2a: Calyrex|High Horsepower|p1a: Toxapex\n|-supereffective|p1a: Toxapex\n|-crit|p1a: Toxapex\n|-damage|p1a: Toxapex|0 fnt\n|-damage|p2a: Calyrex|0 fnt|[from] item: Rocky Helmet|[of] p1a: Toxapex\n|faint|p1a: Toxapex\n|faint|p2a: Calyrex\n|\n|upkeep\n|l| ThanoPop\n|n|!Ohnvff|ohnvff\n|\n|t:|1699628288\n|switch|p1a: Gliscor|Gliscor, M|71\/100 tox\n|switch|p2a: Arceus|Arceus|52\/100 brn\n|turn|38\n|\n|t:|1699628292\n|move|p2a: Arceus|Swords Dance|p2a: Arceus\n|-boost|p2a: Arceus|atk|2\n|move|p1a: Gliscor|Earthquake|p2a: Arceus\n|-damage|p2a: Arceus|28\/100 brn\n|\n|-heal|p1a: Gliscor|84\/100 tox|[from] ability: Poison Heal\n|-damage|p2a: Arceus|22\/100 brn|[from] brn\n|upkeep\n|turn|39\n|j| ThanoPop\n|\n|t:|1699628298\n|switch|p1a: Skeledirge|Skeledirge, M|36\/100\n|move|p2a: Arceus|Swords Dance|p2a: Arceus\n|-boost|p2a: Arceus|atk|2\n|\n|-damage|p2a: Arceus|16\/100 brn|[from] brn\n|upkeep\n|turn|40\n|\n|t:|1699628307\n|move|p2a: Arceus|Taunt|p1a: Skeledirge\n|-start|p1a: Skeledirge|move: Taunt\n|move|p1a: Skeledirge|Torch Song|p2a: Arceus\n|-damage|p2a: Arceus|0 fnt\n|-boost|p1a: Skeledirge|spa|1\n|faint|p2a: Arceus\n|\n|upkeep\n|\n|t:|1699628309\n|switch|p2a: Ribombee|Ribombee, M|15\/100\n|-damage|p2a: Ribombee|0 fnt|[from] Spikes\n|faint|p2a: Ribombee\n|\n|win|Ohnvff\n|raw|Ohnvff's rating: 1313 &rarr; <strong>1333<\/strong><br \/>(+20 for winning)\n|raw|xoxo_pancake's rating: 1315 &rarr; <strong>1295<\/strong><br \/>(-20 for losing)\n","uploadtime":1699628285,"views":4,"p1id":"ohnvff","p2id":"xoxopancake","formatid":"gen9ubers","rating":1295,"private":0,"password":""}