{"id":"gen9ubers-1969246011","p1":"wamkou","p2":"Aipom Hoshino","format":"[Gen 9] Ubers","log":"|j|\u2606wamkou\n|j|\u2606Aipom Hoshino\n|t:|1697505587\n|gametype|singles\n|player|p1|wamkou|waitress-gen4|\n|player|p2|Aipom Hoshino|lady-gen4|\n|teamsize|p1|6\n|teamsize|p2|6\n|gen|9\n|tier|[Gen 9] Ubers\n|rule|Sleep Clause Mod: Limit one foe put to sleep\n|rule|Species Clause: Limit one of each Pok\u00e9mon\n|rule|OHKO Clause: OHKO moves are banned\n|rule|Evasion Items Clause: Evasion items are banned\n|rule|Evasion Moves Clause: Evasion moves are banned\n|rule|Endless Battle Clause: Forcing endless battles is banned\n|rule|HP Percentage Mod: HP is shown in percentages\n|clearpoke\n|poke|p1|Dondozo, F|\n|poke|p1|Magearna|\n|poke|p1|Giratina|\n|poke|p1|Arceus-Poison|\n|poke|p1|Blissey, F|\n|poke|p1|Garganacl, F|\n|poke|p2|Magearna|\n|poke|p2|Ursaluna-Bloodmoon, M|\n|poke|p2|Arceus-Fire|\n|poke|p2|Landorus, M|\n|poke|p2|Espathra, F|\n|poke|p2|Enamorus-Therian, F|\n|teampreview\n|\n|t:|1697505597\n|start\n|switch|p1a: Magearna|Magearna|100\/100\n|switch|p2a: Magearna|Magearna|100\/100\n|turn|1\n|inactive|Battle timer is ON: inactive players will automatically lose when time's up. (requested by Aipom Hoshino)\n|\n|t:|1697505615\n|move|p1a: Magearna|Spikes|p2a: Magearna\n|-sidestart|p2: Aipom Hoshino|Spikes\n|move|p2a: Magearna|Spikes|p1a: Magearna\n|-sidestart|p1: wamkou|Spikes\n|\n|upkeep\n|turn|2\n|\n|t:|1697505626\n|move|p1a: Magearna|Eerie Impulse|p2a: Magearna\n|-unboost|p2a: Magearna|spa|2\n|-enditem|p2a: Magearna|Eject Pack\n|\n|t:|1697505636\n|switch|p2a: Arceus|Arceus-Fire|100\/100\n|-damage|p2a: Arceus|88\/100|[from] Spikes\n|\n|upkeep\n|turn|3\n|\n|t:|1697505662\n|switch|p1a: Dondozo|Dondozo, F|100\/100\n|move|p2a: Arceus|Swords Dance|p2a: Arceus\n|-boost|p2a: Arceus|atk|2\n|\n|upkeep\n|turn|4\n|inactive|wamkou has 270 seconds left.\n|\n|t:|1697505694\n|switch|p2a: Magearna|Magearna|100\/100\n|-damage|p2a: Magearna|88\/100|[from] Spikes\n|move|p1a: Dondozo|Curse|p1a: Dondozo\n|-unboost|p1a: Dondozo|spe|1\n|-boost|p1a: Dondozo|atk|1\n|-boost|p1a: Dondozo|def|1\n|\n|upkeep\n|turn|5\n|\n|t:|1697505710\n|move|p2a: Magearna|Spikes|p1a: Dondozo\n|-sidestart|p1: wamkou|Spikes\n|move|p1a: Dondozo|Liquidation|p2a: Magearna\n|-damage|p2a: Magearna|50\/100\n|\n|upkeep\n|turn|6\n|\n|t:|1697505715\n|move|p2a: Magearna|Spikes|p1a: Dondozo\n|-sidestart|p1: wamkou|Spikes\n|move|p1a: Dondozo|Curse|p1a: Dondozo\n|-unboost|p1a: Dondozo|spe|1\n|-boost|p1a: Dondozo|atk|1\n|-boost|p1a: Dondozo|def|1\n|\n|upkeep\n|turn|7\n|\n|t:|1697505728\n|switch|p2a: Enamorus|Enamorus-Therian, F|100\/100\n|move|p1a: Dondozo|Curse|p1a: Dondozo\n|-unboost|p1a: Dondozo|spe|1\n|-boost|p1a: Dondozo|atk|1\n|-boost|p1a: Dondozo|def|1\n|\n|upkeep\n|turn|8\n|inactive|wamkou has 270 seconds left.\n|\n|t:|1697505739\n|move|p2a: Enamorus|Moonblast|p1a: Dondozo\n|-damage|p1a: Dondozo|32\/100\n|-damage|p2a: Enamorus|91\/100|[from] item: Life Orb\n|move|p1a: Dondozo|Liquidation|p2a: Enamorus\n|-damage|p2a: Enamorus|26\/100\n|\n|upkeep\n|turn|9\n|inactive|wamkou has 270 seconds left.\n|inactive|wamkou has 240 seconds left.\n|\n|t:|1697505795\n|switch|p1a: Magearna|Magearna|100\/100\n|-damage|p1a: Magearna|75\/100|[from] Spikes\n|move|p2a: Enamorus|Moonblast|p1a: Magearna\n|-resisted|p1a: Magearna\n|-damage|p1a: Magearna|55\/100\n|-unboost|p1a: Magearna|spa|1\n|-damage|p2a: Enamorus|16\/100|[from] item: Life Orb\n|\n|-heal|p1a: Magearna|61\/100|[from] item: Leftovers\n|upkeep\n|turn|10\n|\n|t:|1697505805\n|move|p1a: Magearna|Ice Beam|p2a: Enamorus\n|-supereffective|p2a: Enamorus\n|-damage|p2a: Enamorus|0 fnt\n|faint|p2a: Enamorus\n|-ability|p1a: Magearna|Soul-Heart|boost\n|-boost|p1a: Magearna|spa|1\n|\n|-heal|p1a: Magearna|67\/100|[from] item: Leftovers\n|upkeep\n|\n|t:|1697505810\n|switch|p2a: Magearna|Magearna|50\/100\n|-damage|p2a: Magearna|38\/100|[from] Spikes\n|turn|11\n|\n|t:|1697505826\n|switch|p1a: Blissey|Blissey, F|100\/100\n|move|p2a: Magearna|Trick Room|p2a: Magearna\n|-fieldstart|move: Trick Room|[of] p2a: Magearna\n|\n|upkeep\n|turn|12\n|\n|t:|1697505837\n|switch|p1a: Giratina|Giratina|100\/100\n|-ability|p1a: Giratina|Pressure\n|move|p2a: Magearna|Steel Beam|p1a: Giratina\n|-damage|p1a: Giratina|52\/100\n|-damage|p2a: Magearna|0 fnt|[from] steelbeam\n|faint|p2a: Magearna\n|\n|upkeep\n|\n|t:|1697505853\n|switch|p2a: Ursaluna|Ursaluna-Bloodmoon, M|100\/100\n|-damage|p2a: Ursaluna|88\/100|[from] Spikes\n|turn|13\n|inactive|wamkou has 240 seconds left.\n|\n|t:|1697505863\n|switch|p1a: Blissey|Blissey, F|100\/100\n|move|p2a: Ursaluna|Blood Moon|p1a: Blissey\n|-damage|p1a: Blissey|62\/100\n|-damage|p2a: Ursaluna|78\/100|[from] item: Life Orb\n|\n|upkeep\n|turn|14\n|inactive|wamkou has 240 seconds left.\n|\n|t:|1697505876\n|move|p2a: Ursaluna|Focus Blast|p1a: Blissey\n|-supereffective|p1a: Blissey\n|-damage|p1a: Blissey|17\/100\n|-damage|p2a: Ursaluna|68\/100|[from] item: Life Orb\n|move|p1a: Blissey|Soft-Boiled|p1a: Blissey\n|-heal|p1a: Blissey|67\/100\n|\n|upkeep\n|turn|15\n|inactive|wamkou has 240 seconds left.\n|\n|t:|1697505905\n|switch|p2a: Espathra|Espathra, F|100\/100\n|-damage|p2a: Espathra|88\/100|[from] Spikes\n|move|p1a: Blissey|Soft-Boiled|p1a: Blissey\n|-heal|p1a: Blissey|100\/100\n|\n|-heal|p2a: Espathra|94\/100|[from] item: Leftovers\n|-fieldend|move: Trick Room\n|upkeep\n|turn|16\n|\n|t:|1697505912\n|move|p2a: Espathra|Protect|p2a: Espathra\n|-singleturn|p2a: Espathra|Protect\n|move|p1a: Blissey|Shadow Ball|p2a: Espathra\n|-activate|p2a: Espathra|move: Protect\n|\n|-heal|p2a: Espathra|99\/100|[from] item: Leftovers\n|-ability|p2a: Espathra|Speed Boost|boost\n|-boost|p2a: Espathra|spe|1\n|upkeep\n|turn|17\n|inactive|wamkou has 240 seconds left.\n|\n|t:|1697505921\n|move|p2a: Espathra|Calm Mind|p2a: Espathra\n|-boost|p2a: Espathra|spa|1\n|-boost|p2a: Espathra|spd|1\n|move|p1a: Blissey|Shadow Ball|p2a: Espathra\n|-supereffective|p2a: Espathra\n|-damage|p2a: Espathra|74\/100\n|\n|-heal|p2a: Espathra|80\/100|[from] item: Leftovers\n|-ability|p2a: Espathra|Speed Boost|boost\n|-boost|p2a: Espathra|spe|1\n|upkeep\n|turn|18\n|inactive|wamkou has 240 seconds left.\n|\n|t:|1697505935\n|move|p2a: Espathra|Calm Mind|p2a: Espathra\n|-boost|p2a: Espathra|spa|1\n|-boost|p2a: Espathra|spd|1\n|move|p1a: Blissey|Seismic Toss|p2a: Espathra\n|-damage|p2a: Espathra|53\/100\n|\n|-heal|p2a: Espathra|59\/100|[from] item: Leftovers\n|-ability|p2a: Espathra|Speed Boost|boost\n|-boost|p2a: Espathra|spe|1\n|upkeep\n|turn|19\n|inactive|wamkou has 240 seconds left.\n|\n|t:|1697505964\n|-terastallize|p1a: Blissey|Dark\n|move|p2a: Espathra|Protect|p2a: Espathra\n|-singleturn|p2a: Espathra|Protect\n|move|p1a: Blissey|Seismic Toss|p2a: Espathra\n|-activate|p2a: Espathra|move: Protect\n|\n|-heal|p2a: Espathra|65\/100|[from] item: Leftovers\n|-ability|p2a: Espathra|Speed Boost|boost\n|-boost|p2a: Espathra|spe|1\n|upkeep\n|turn|20\n|\n|t:|1697505972\n|move|p2a: Espathra|Calm Mind|p2a: Espathra\n|-boost|p2a: Espathra|spa|1\n|-boost|p2a: Espathra|spd|1\n|move|p1a: Blissey|Seismic Toss|p2a: Espathra\n|-damage|p2a: Espathra|37\/100\n|\n|-heal|p2a: Espathra|43\/100|[from] item: Leftovers\n|-ability|p2a: Espathra|Speed Boost|boost\n|-boost|p2a: Espathra|spe|1\n|upkeep\n|turn|21\n|inactive|wamkou has 240 seconds left.\n|\n|t:|1697505981\n|move|p2a: Espathra|Protect|p2a: Espathra\n|-singleturn|p2a: Espathra|Protect\n|move|p1a: Blissey|Seismic Toss|p2a: Espathra\n|-activate|p2a: Espathra|move: Protect\n|\n|-heal|p2a: Espathra|49\/100|[from] item: Leftovers\n|-ability|p2a: Espathra|Speed Boost|boost\n|-boost|p2a: Espathra|spe|1\n|upkeep\n|turn|22\n|\n|t:|1697505985\n|move|p2a: Espathra|Calm Mind|p2a: Espathra\n|-boost|p2a: Espathra|spa|1\n|-boost|p2a: Espathra|spd|1\n|move|p1a: Blissey|Seismic Toss|p2a: Espathra\n|-damage|p2a: Espathra|22\/100\n|\n|-heal|p2a: Espathra|28\/100|[from] item: Leftovers\n|upkeep\n|turn|23\n|\n|t:|1697505995\n|move|p2a: Espathra|Protect|p2a: Espathra\n|-singleturn|p2a: Espathra|Protect\n|move|p1a: Blissey|Seismic Toss|p2a: Espathra\n|-activate|p2a: Espathra|move: Protect\n|\n|-heal|p2a: Espathra|34\/100|[from] item: Leftovers\n|upkeep\n|turn|24\n|\n|t:|1697506002\n|move|p2a: Espathra|Calm Mind|p2a: Espathra\n|-boost|p2a: Espathra|spa|1\n|-boost|p2a: Espathra|spd|1\n|move|p1a: Blissey|Seismic Toss|p2a: Espathra\n|-damage|p2a: Espathra|6\/100\n|\n|-heal|p2a: Espathra|12\/100|[from] item: Leftovers\n|upkeep\n|turn|25\n|\n|t:|1697506008\n|move|p2a: Espathra|Protect|p2a: Espathra\n|-singleturn|p2a: Espathra|Protect\n|move|p1a: Blissey|Seismic Toss|p2a: Espathra\n|-activate|p2a: Espathra|move: Protect\n|\n|-heal|p2a: Espathra|18\/100|[from] item: Leftovers\n|upkeep\n|turn|26\n|\n|t:|1697506011\n|-terastallize|p2a: Espathra|Fighting\n|move|p2a: Espathra|Tera Blast|p1a: Blissey|[anim] Tera Blast Fighting\n|-supereffective|p1a: Blissey\n|-damage|p1a: Blissey|4\/100\n|move|p1a: Blissey|Seismic Toss|p2a: Espathra\n|-damage|p2a: Espathra|0 fnt\n|faint|p2a: Espathra\n|\n|upkeep\n|-message|Aipom Hoshino forfeited.\n|\n|win|wamkou\n|l|\u2606Aipom Hoshino\n","uploadtime":1697506027,"views":10,"p1id":"wamkou","p2id":"aipomhoshino","formatid":"gen9ubers","rating":0,"private":0,"password":""}