{"id":"gen9ubers-1995877158","p1":"Gaara1","p2":"BrunoMobBoss","format":"[Gen 9] Ubers","log":"|j|\u2606Gaara1\n|j|\u2606BrunoMobBoss\n|t:|1700612567\n|gametype|singles\n|player|p1|Gaara1|lance|1178\n|player|p2|BrunoMobBoss|102|1110\n|teamsize|p1|6\n|teamsize|p2|6\n|gen|9\n|tier|[Gen 9] Ubers\n|rated|\n|rule|Sleep Clause Mod: Limit one foe put to sleep\n|rule|Species Clause: Limit one of each Pok\u00e9mon\n|rule|OHKO Clause: OHKO moves are banned\n|rule|Evasion Items Clause: Evasion items are banned\n|rule|Evasion Moves Clause: Evasion moves are banned\n|rule|Endless Battle Clause: Forcing endless battles is banned\n|rule|HP Percentage Mod: HP is shown in percentages\n|clearpoke\n|poke|p1|Glimmora, M|\n|poke|p1|Koraidon|\n|poke|p1|Zacian-*|\n|poke|p1|Garchomp, M|\n|poke|p1|Pelipper, M|\n|poke|p1|Basculegion, M|\n|poke|p2|Volcarona, F|\n|poke|p2|Palafin, F|\n|poke|p2|Breloom, M|\n|poke|p2|Flutter Mane|\n|poke|p2|Baxcalibur, M|\n|poke|p2|Corviknight, M|\n|teampreview\n|\n|t:|1700612578\n|start\n|switch|p1a: Poisonous|Glimmora, M, shiny|100\/100\n|switch|p2a: Palafin|Palafin, F|100\/100\n|turn|1\n|\n|t:|1700612585\n|move|p2a: Palafin|Flip Turn|p1a: Poisonous\n|-supereffective|p1a: Poisonous\n|-damage|p1a: Poisonous|53\/100\n|-activate|p1a: Poisonous|ability: Toxic Debris\n|-sidestart|p2: BrunoMobBoss|move: Toxic Spikes\n|\n|t:|1700612593\n|detailschange|p2a: Palafin|Palafin-Hero, F\n|switch|p2a: Baxcalibur|Baxcalibur, M|100\/100|[from] Flip Turn\n|-status|p2a: Baxcalibur|psn\n|move|p1a: Poisonous|Stealth Rock|p2a: Baxcalibur\n|-sidestart|p2: BrunoMobBoss|move: Stealth Rock\n|\n|-damage|p2a: Baxcalibur|88\/100 psn|[from] psn\n|upkeep\n|turn|2\n|\n|t:|1700612602\n|move|p2a: Baxcalibur|Dragon Dance|p2a: Baxcalibur\n|-boost|p2a: Baxcalibur|atk|1\n|-boost|p2a: Baxcalibur|spe|1\n|move|p1a: Poisonous|Light Screen|p1a: Poisonous\n|-sidestart|p1: Gaara1|move: Light Screen\n|\n|-damage|p2a: Baxcalibur|76\/100 psn|[from] psn\n|upkeep\n|turn|3\n|\n|t:|1700612608\n|move|p2a: Baxcalibur|Earthquake|p1a: Poisonous\n|-supereffective|p1a: Poisonous\n|-damage|p1a: Poisonous|0 fnt\n|-activate|p1a: Poisonous|ability: Toxic Debris\n|-sidestart|p2: BrunoMobBoss|move: Toxic Spikes\n|faint|p1a: Poisonous\n|\n|-damage|p2a: Baxcalibur|63\/100 psn|[from] psn\n|upkeep\n|\n|t:|1700612615\n|switch|p1a: Fast & Furious|Koraidon|100\/100\n|-weather|SunnyDay|[from] ability: Orichalcum Pulse|[of] p1a: Fast & Furious\n|-activate|p1a: Fast & Furious|Orichalcum Pulse|[source]\n|turn|4\n|\n|t:|1700612621\n|move|p2a: Baxcalibur|Scale Shot|p1a: Fast & Furious\n|-supereffective|p1a: Fast & Furious\n|-damage|p1a: Fast & Furious|67\/100\n|-supereffective|p1a: Fast & Furious\n|-damage|p1a: Fast & Furious|35\/100\n|-supereffective|p1a: Fast & Furious\n|-damage|p1a: Fast & Furious|1\/100\n|-supereffective|p1a: Fast & Furious\n|-damage|p1a: Fast & Furious|0 fnt\n|faint|p1a: Fast & Furious\n|-hitcount|p1: Fast & Furious|4\n|-unboost|p2a: Baxcalibur|def|1\n|-boost|p2a: Baxcalibur|spe|1\n|\n|-weather|SunnyDay|[upkeep]\n|-damage|p2a: Baxcalibur|51\/100 psn|[from] psn\n|upkeep\n|\n|t:|1700612629\n|switch|p1a: Zacian|Zacian-Crowned, shiny|100\/100\n|-ability|p1a: Zacian|Intrepid Sword|boost\n|-boost|p1a: Zacian|atk|1\n|turn|5\n|\n|t:|1700612639\n|move|p2a: Baxcalibur|Earthquake|p1a: Zacian\n|-supereffective|p1a: Zacian\n|-damage|p1a: Zacian|0 fnt\n|faint|p1a: Zacian\n|\n|-weather|SunnyDay|[upkeep]\n|-damage|p2a: Baxcalibur|39\/100 psn|[from] psn\n|upkeep\n|\n|t:|1700612645\n|switch|p1a: Cynthia|Garchomp, M, shiny|100\/100\n|turn|6\n|\n|t:|1700612650\n|move|p2a: Baxcalibur|Scale Shot|p1a: Cynthia\n|-supereffective|p1a: Cynthia\n|-damage|p1a: Cynthia|60\/100\n|-supereffective|p1a: Cynthia\n|-crit|p1a: Cynthia\n|-damage|p1a: Cynthia|8\/100\n|-supereffective|p1a: Cynthia\n|-damage|p1a: Cynthia|0 fnt\n|faint|p1a: Cynthia\n|-hitcount|p1: Cynthia|3\n|-unboost|p2a: Baxcalibur|def|1\n|-boost|p2a: Baxcalibur|spe|1\n|\n|-weather|SunnyDay|[upkeep]\n|-damage|p2a: Baxcalibur|26\/100 psn|[from] psn\n|-sideend|p1: Gaara1|move: Light Screen\n|upkeep\n|-message|Gaara1 forfeited.\n|\n|win|BrunoMobBoss\n|raw|Gaara1's rating: 1178 &rarr; <strong>1148<\/strong><br \/>(-30 for losing)\n|raw|BrunoMobBoss's rating: 1110 &rarr; <strong>1140<\/strong><br \/>(+30 for winning)\n|l|\u2606Gaara1\n","uploadtime":1700612669,"views":5,"p1id":"gaara1","p2id":"brunomobboss","formatid":"gen9ubers","rating":1140,"private":0,"password":""}