{"id":"gen9ubers-1980282007","p1":"wyvernl0rd","p2":"Vario 64\u2606\u5f61","format":"[Gen 9] Ubers","log":"|j|\u2606wyvernl0rd\n|j|\u2606Vario 64\u2606\u5f61\n|t:|1698772092\n|gametype|singles\n|player|p1|wyvernl0rd|winona|\n|player|p2|Vario 64\u2606\u5f61|ghetsis|\n|teamsize|p1|6\n|teamsize|p2|6\n|gen|9\n|tier|[Gen 9] Ubers\n|rule|Sleep Clause Mod: Limit one foe put to sleep\n|rule|Species Clause: Limit one of each Pok\u00e9mon\n|rule|OHKO Clause: OHKO moves are banned\n|rule|Evasion Items Clause: Evasion items are banned\n|rule|Evasion Moves Clause: Evasion moves are banned\n|rule|Endless Battle Clause: Forcing endless battles is banned\n|rule|HP Percentage Mod: HP is shown in percentages\n|clearpoke\n|poke|p1|Rillaboom, F|\n|poke|p1|Sneasler, M|\n|poke|p1|Gholdengo|\n|poke|p1|Gliscor, M|\n|poke|p1|Palkia-Origin|\n|poke|p1|Arceus-Fighting|\n|poke|p2|Hippowdon, F|\n|poke|p2|Garchomp, M|\n|poke|p2|Lycanroc, F|\n|poke|p2|Magearna|\n|poke|p2|Arceus-Rock|\n|poke|p2|Houndstone, M|\n|teampreview\n|c|\u2606wyvernl0rd|glhf\n|c|\u2606Vario 64\u2606\u5f61|gl hf!\n|\n|t:|1698772162\n|start\n|switch|p1a: Gliscor|Gliscor, M|100\/100\n|switch|p2a: Hippowdon|Hippowdon, F|100\/100\n|-weather|Sandstorm|[from] ability: Sand Stream|[of] p2a: Hippowdon\n|turn|1\n|\n|t:|1698772183\n|switch|p2a: Garchomp|Garchomp, M|100\/100\n|move|p1a: Gliscor|Spikes|p2a: Garchomp\n|-sidestart|p2: Vario 64\u2606\u5f61|Spikes\n|\n|-weather|Sandstorm|[upkeep]\n|-status|p1a: Gliscor|tox|[from] item: Toxic Orb\n|upkeep\n|turn|2\n|\n|t:|1698772191\n|move|p2a: Garchomp|Swords Dance|p2a: Garchomp\n|-boost|p2a: Garchomp|atk|2\n|move|p1a: Gliscor|Stealth Rock|p2a: Garchomp\n|-sidestart|p2: Vario 64\u2606\u5f61|move: Stealth Rock\n|\n|-weather|Sandstorm|[upkeep]\n|upkeep\n|turn|3\n|\n|t:|1698772217\n|move|p2a: Garchomp|Scale Shot|p1a: Gliscor\n|-damage|p1a: Gliscor|83\/100 tox\n|-damage|p1a: Gliscor|66\/100 tox\n|-damage|p1a: Gliscor|50\/100 tox\n|-hitcount|p1a: Gliscor|3\n|-unboost|p2a: Garchomp|def|1\n|-boost|p2a: Garchomp|spe|1\n|move|p1a: Gliscor|Earthquake|p2a: Garchomp\n|-damage|p2a: Garchomp|53\/100\n|\n|-weather|Sandstorm|[upkeep]\n|-heal|p1a: Gliscor|63\/100 tox|[from] ability: Poison Heal\n|upkeep\n|turn|4\n|\n|t:|1698772231\n|move|p2a: Garchomp|Swords Dance|p2a: Garchomp\n|-boost|p2a: Garchomp|atk|2\n|move|p1a: Gliscor|Earthquake|p2a: Garchomp|[miss]\n|-miss|p1a: Gliscor|p2a: Garchomp\n|\n|-weather|Sandstorm|[upkeep]\n|-heal|p1a: Gliscor|75\/100 tox|[from] ability: Poison Heal\n|upkeep\n|turn|5\n|\n|t:|1698772253\n|move|p2a: Garchomp|Scale Shot|p1a: Gliscor|[miss]\n|-miss|p2a: Garchomp|p1a: Gliscor\n|move|p1a: Gliscor|Earthquake|p2a: Garchomp\n|-damage|p2a: Garchomp|0 fnt\n|faint|p2a: Garchomp\n|\n|-weather|Sandstorm|[upkeep]\n|-heal|p1a: Gliscor|88\/100 tox|[from] ability: Poison Heal\n|upkeep\n|\n|t:|1698772267\n|switch|p2a: Arceus|Arceus-Rock|100\/100\n|-damage|p2a: Arceus|88\/100|[from] Spikes\n|-damage|p2a: Arceus|76\/100|[from] Stealth Rock\n|turn|6\n|\n|t:|1698772275\n|move|p2a: Arceus|Calm Mind|p2a: Arceus\n|-boost|p2a: Arceus|spa|1\n|-boost|p2a: Arceus|spd|1\n|move|p1a: Gliscor|Earthquake|p2a: Arceus\n|-supereffective|p2a: Arceus\n|-damage|p2a: Arceus|35\/100\n|\n|-weather|Sandstorm|[upkeep]\n|-heal|p1a: Gliscor|99\/100 tox|[from] ability: Poison Heal\n|upkeep\n|turn|7\n|\n|t:|1698772283\n|move|p2a: Arceus|Recover|p2a: Arceus\n|-heal|p2a: Arceus|85\/100\n|move|p1a: Gliscor|Earthquake|p2a: Arceus\n|-supereffective|p2a: Arceus\n|-damage|p2a: Arceus|46\/100\n|\n|-weather|Sandstorm|[upkeep]\n|-heal|p1a: Gliscor|100\/100 tox|[from] ability: Poison Heal\n|upkeep\n|turn|8\n|\n|t:|1698772289\n|move|p2a: Arceus|Judgment|p1a: Gliscor\n|-damage|p1a: Gliscor|20\/100 tox\n|move|p1a: Gliscor|Earthquake|p2a: Arceus\n|-supereffective|p2a: Arceus\n|-damage|p2a: Arceus|5\/100\n|\n|-weather|none\n|-heal|p1a: Gliscor|32\/100 tox|[from] ability: Poison Heal\n|upkeep\n|turn|9\n|\n|t:|1698772297\n|move|p2a: Arceus|Recover|p2a: Arceus\n|-heal|p2a: Arceus|55\/100\n|move|p1a: Gliscor|Earthquake|p2a: Arceus\n|-supereffective|p2a: Arceus\n|-damage|p2a: Arceus|14\/100\n|\n|-heal|p1a: Gliscor|45\/100 tox|[from] ability: Poison Heal\n|upkeep\n|turn|10\n|\n|t:|1698772304\n|move|p2a: Arceus|Judgment|p1a: Gliscor\n|-damage|p1a: Gliscor|0 fnt\n|faint|p1a: Gliscor\n|\n|upkeep\n|\n|t:|1698772309\n|switch|p1a: Rillaboom|Rillaboom, F|100\/100\n|-fieldstart|move: Grassy Terrain|[from] ability: Grassy Surge|[of] p1a: Rillaboom\n|turn|11\n|\n|t:|1698772315\n|move|p1a: Rillaboom|Grassy Glide|p2a: Arceus\n|-supereffective|p2a: Arceus\n|-damage|p2a: Arceus|0 fnt\n|faint|p2a: Arceus\n|\n|upkeep\n|\n|t:|1698772326\n|switch|p2a: Magearna|Magearna|100\/100\n|-damage|p2a: Magearna|88\/100|[from] Spikes\n|-damage|p2a: Magearna|82\/100|[from] Stealth Rock\n|turn|12\n|\n|t:|1698772335\n|switch|p1a: Gholdengo|Gholdengo|100\/100\n|move|p2a: Magearna|Volt Switch|p1a: Gholdengo\n|-damage|p1a: Gholdengo|87\/100\n|\n|t:|1698772343\n|switch|p2a: Hippowdon|Hippowdon, F|100\/100|[from] Volt Switch\n|-damage|p2a: Hippowdon|88\/100|[from] Spikes\n|-damage|p2a: Hippowdon|82\/100|[from] Stealth Rock\n|-weather|Sandstorm|[from] ability: Sand Stream|[of] p2a: Hippowdon\n|\n|-weather|Sandstorm|[upkeep]\n|-heal|p1a: Gholdengo|93\/100|[from] Grassy Terrain\n|-heal|p1a: Gholdengo|99\/100|[from] item: Leftovers\n|-heal|p2a: Hippowdon|88\/100|[from] Grassy Terrain\n|upkeep\n|turn|13\n|\n|t:|1698772369\n|switch|p1a: Palkia|Palkia-Origin|100\/100\n|-ability|p1a: Palkia|Pressure\n|switch|p2a: Magearna|Magearna|82\/100\n|-damage|p2a: Magearna|70\/100|[from] Spikes\n|-damage|p2a: Magearna|64\/100|[from] Stealth Rock\n|\n|-weather|Sandstorm|[upkeep]\n|-damage|p1a: Palkia|94\/100|[from] Sandstorm\n|-heal|p1a: Palkia|100\/100|[from] Grassy Terrain\n|-heal|p2a: Magearna|70\/100|[from] Grassy Terrain\n|-heal|p2a: Magearna|76\/100|[from] item: Leftovers\n|upkeep\n|turn|14\n|\n|t:|1698772382\n|move|p1a: Palkia|Fire Blast|p2a: Magearna\n|-supereffective|p2a: Magearna\n|-damage|p2a: Magearna|4\/100\n|move|p2a: Magearna|Volt Switch|p1a: Palkia\n|-damage|p1a: Palkia|81\/100\n|\n|t:|1698772391\n|switch|p2a: Houndstone|Houndstone, M|100\/100|[from] Volt Switch\n|-damage|p2a: Houndstone|88\/100|[from] Spikes\n|-damage|p2a: Houndstone|76\/100|[from] Stealth Rock\n|\n|-weather|Sandstorm|[upkeep]\n|-damage|p1a: Palkia|75\/100|[from] Sandstorm\n|-heal|p2a: Houndstone|82\/100|[from] Grassy Terrain\n|-heal|p1a: Palkia|81\/100|[from] Grassy Terrain\n|upkeep\n|turn|15\n|\n|t:|1698772411\n|move|p2a: Houndstone|Last Respects|p1a: Palkia\n|-damage|p1a: Palkia|0 fnt\n|faint|p1a: Palkia\n|\n|-weather|Sandstorm|[upkeep]\n|-heal|p2a: Houndstone|88\/100|[from] Grassy Terrain\n|-fieldend|move: Grassy Terrain\n|upkeep\n|\n|t:|1698772465\n|switch|p1a: Rillaboom|Rillaboom, F|100\/100\n|-fieldstart|move: Grassy Terrain|[from] ability: Grassy Surge|[of] p1a: Rillaboom\n|turn|16\n|\n|t:|1698772478\n|move|p1a: Rillaboom|Grassy Glide|p2a: Houndstone\n|-damage|p2a: Houndstone|22\/100\n|move|p2a: Houndstone|Last Respects|p1a: Rillaboom\n|-damage|p1a: Rillaboom|0 fnt\n|faint|p1a: Rillaboom\n|\n|-weather|Sandstorm|[upkeep]\n|-heal|p2a: Houndstone|28\/100|[from] Grassy Terrain\n|upkeep\n|\n|t:|1698772484\n|switch|p1a: Sneasler|Sneasler, M|100\/100\n|-enditem|p1a: Sneasler|Grassy Seed\n|-boost|p1a: Sneasler|def|1|[from] item: Grassy Seed\n|turn|17\n|\n|t:|1698772497\n|switch|p2a: Magearna|Magearna|4\/100\n|-damage|p2a: Magearna|0 fnt|[from] Spikes\n|faint|p2a: Magearna\n|-terastallize|p1a: Sneasler|Ground\n|move|p1a: Sneasler|Tera Blast|p2: Magearna|[notarget]\n|-fail|p1a: Sneasler\n|\n|-weather|Sandstorm|[upkeep]\n|upkeep\n|\n|t:|1698772510\n|switch|p2a: Lycanroc|Lycanroc, F|100\/100\n|-damage|p2a: Lycanroc|88\/100|[from] Spikes\n|-damage|p2a: Lycanroc|76\/100|[from] Stealth Rock\n|turn|18\n|\n|t:|1698772546\n|switch|p2a: Hippowdon|Hippowdon, F|88\/100\n|-damage|p2a: Hippowdon|76\/100|[from] Spikes\n|-damage|p2a: Hippowdon|70\/100|[from] Stealth Rock\n|move|p1a: Sneasler|Tera Blast|p2a: Hippowdon|[anim] Tera Blast Ground\n|-damage|p2a: Hippowdon|45\/100\n|\n|-weather|Sandstorm|[upkeep]\n|-heal|p2a: Hippowdon|51\/100|[from] Grassy Terrain\n|upkeep\n|turn|19\n|\n|t:|1698772559\n|switch|p2a: Lycanroc|Lycanroc, F|76\/100\n|-damage|p2a: Lycanroc|63\/100|[from] Spikes\n|-damage|p2a: Lycanroc|51\/100|[from] Stealth Rock\n|move|p1a: Sneasler|Swords Dance|p1a: Sneasler\n|-boost|p1a: Sneasler|atk|2\n|\n|-weather|none\n|-heal|p2a: Lycanroc|57\/100|[from] Grassy Terrain\n|upkeep\n|turn|20\n|\n|t:|1698772571\n|move|p1a: Sneasler|Tera Blast|p2a: Lycanroc|[anim] Tera Blast Ground\n|-supereffective|p2a: Lycanroc\n|-damage|p2a: Lycanroc|0 fnt\n|faint|p2a: Lycanroc\n|\n|-fieldend|move: Grassy Terrain\n|upkeep\n|\n|t:|1698772576\n|switch|p2a: Hippowdon|Hippowdon, F|51\/100\n|-damage|p2a: Hippowdon|39\/100|[from] Spikes\n|-damage|p2a: Hippowdon|33\/100|[from] Stealth Rock\n|-weather|Sandstorm|[from] ability: Sand Stream|[of] p2a: Hippowdon\n|turn|21\n|c|\u2606Vario 64\u2606\u5f61|gg wp\n|\n|t:|1698772585\n|move|p1a: Sneasler|Tera Blast|p2a: Hippowdon|[anim] Tera Blast Ground\n|-damage|p2a: Hippowdon|0 fnt\n|faint|p2a: Hippowdon\n|\n|-weather|Sandstorm|[upkeep]\n|upkeep\n|\n|t:|1698772591\n|switch|p2a: Houndstone|Houndstone, M|28\/100\n|-damage|p2a: Houndstone|16\/100|[from] Spikes\n|-damage|p2a: Houndstone|4\/100|[from] Stealth Rock\n|turn|22\n|\n|t:|1698772600\n|move|p1a: Sneasler|Tera Blast|p2a: Houndstone|[anim] Tera Blast Ground\n|-damage|p2a: Houndstone|0 fnt\n|faint|p2a: Houndstone\n|\n|win|wyvernl0rd\n|c|\u2606wyvernl0rd|ggwp\n|c|\u2606Vario 64\u2606\u5f61|gl in tour!\n|c|\u2606wyvernl0rd|thx!\n","uploadtime":1698772620,"views":26,"p1id":"wyvernl0rd","p2id":"vario64","formatid":"gen9ubers","rating":0,"private":0,"password":""}