{"id":"gen9ubers-1978824928","p1":"Rasche","p2":"DumbassGaming","format":"[Gen 9] Ubers","log":"|j|\u2606Rasche\n|j|\u2606DumbassGaming\n|t:|1698599651\n|gametype|singles\n|player|p1|Rasche|misty-gen2|\n|player|p2|DumbassGaming|clown|\n|teamsize|p1|6\n|teamsize|p2|6\n|gen|9\n|tier|[Gen 9] Ubers\n|rule|Sleep Clause Mod: Limit one foe put to sleep\n|rule|Species Clause: Limit one of each Pok\u00e9mon\n|rule|OHKO Clause: OHKO moves are banned\n|rule|Evasion Items Clause: Evasion items are banned\n|rule|Evasion Moves Clause: Evasion moves are banned\n|rule|Endless Battle Clause: Forcing endless battles is banned\n|rule|HP Percentage Mod: HP is shown in percentages\n|clearpoke\n|poke|p1|Sneasler, F|\n|poke|p1|Magearna|\n|poke|p1|Palafin, F|\n|poke|p1|Zacian-*|\n|poke|p1|Palkia-Origin|\n|poke|p1|Giratina|\n|poke|p2|Zacian-*|\n|poke|p2|Palkia-Origin|\n|poke|p2|Arceus-Fire|\n|poke|p2|Zamazenta-*|\n|poke|p2|Shaymin-Sky|\n|poke|p2|Cyclizar, F|\n|teampreview\n|inactive|Battle timer is ON: inactive players will automatically lose when time's up. (requested by Rasche)\n|inactive|DumbassGaming also wants the timer to be on.\n|c|\u2606DumbassGaming|GLF\n|c|\u2606DumbassGaming|*GLHF\n|c|\u2606Rasche|u2\n|\n|t:|1698599676\n|start\n|switch|p1a: Sneasler|Sneasler, F|100\/100\n|switch|p2a: Cyclizar|Cyclizar, F|100\/100\n|turn|1\n|\n|t:|1698599699\n|move|p1a: Sneasler|Close Combat|p2a: Cyclizar\n|-supereffective|p2a: Cyclizar\n|-crit|p2a: Cyclizar\n|-damage|p2a: Cyclizar|0 fnt\n|-unboost|p1a: Sneasler|def|1\n|-unboost|p1a: Sneasler|spd|1\n|faint|p2a: Cyclizar\n|\n|upkeep\n|\n|t:|1698599708\n|switch|p2a: Zacian|Zacian|100\/100\n|-ability|p2a: Zacian|Intrepid Sword|boost\n|-boost|p2a: Zacian|atk|1\n|turn|2\n|\n|t:|1698599728\n|switch|p1a: Magearna|Magearna|100\/100\n|move|p2a: Zacian|Swords Dance|p2a: Zacian\n|-boost|p2a: Zacian|atk|2\n|\n|upkeep\n|turn|3\n|inactive|Rasche has 270 seconds left.\n|\n|t:|1698599748\n|-terastallize|p2a: Zacian|Steel\n|move|p2a: Zacian|Close Combat|p1a: Magearna\n|-damage|p1a: Magearna|19\/100\n|-unboost|p2a: Zacian|def|1\n|-unboost|p2a: Zacian|spd|1\n|-damage|p2a: Zacian|91\/100|[from] item: Life Orb\n|move|p1a: Magearna|Thunder Wave|p2a: Zacian\n|-status|p2a: Zacian|par\n|\n|-heal|p1a: Magearna|25\/100|[from] item: Leftovers\n|upkeep\n|turn|4\n|inactive|Rasche has 270 seconds left.\n|inactive|Rasche has 240 seconds left.\n|\n|t:|1698599792\n|cant|p2a: Zacian|par\n|move|p1a: Magearna|Spikes|p2a: Zacian\n|-sidestart|p2: DumbassGaming|Spikes\n|\n|-heal|p1a: Magearna|31\/100|[from] item: Leftovers\n|upkeep\n|turn|5\n|\n|t:|1698599797\n|cant|p2a: Zacian|par\n|move|p1a: Magearna|Volt Switch|p2a: Zacian\n|-damage|p2a: Zacian|61\/100 par\n|inactive|Rasche has 240 seconds left.\n|\n|t:|1698599812\n|switch|p1a: Sneasler|Sneasler, F|100\/100|[from] Volt Switch\n|\n|upkeep\n|turn|6\n|\n|t:|1698599826\n|move|p1a: Sneasler|Close Combat|p2a: Zacian\n|-supereffective|p2a: Zacian\n|-damage|p2a: Zacian|0 fnt\n|-unboost|p1a: Sneasler|def|1\n|-unboost|p1a: Sneasler|spd|1\n|faint|p2a: Zacian\n|\n|upkeep\n|\n|t:|1698599828\n|switch|p2a: Zamazenta|Zamazenta|100\/100\n|-damage|p2a: Zamazenta|88\/100|[from] Spikes\n|-ability|p2a: Zamazenta|Dauntless Shield|boost\n|-boost|p2a: Zamazenta|def|1\n|turn|7\n|\n|t:|1698599840\n|switch|p1a: Giratina|Giratina|100\/100\n|-ability|p1a: Giratina|Pressure\n|move|p2a: Zamazenta|Psychic Fangs|p1a: Giratina\n|-damage|p1a: Giratina|75\/100\n|\n|upkeep\n|turn|8\n|\n|t:|1698599853\n|switch|p2a: Arceus|Arceus-Fire|100\/100\n|-damage|p2a: Arceus|88\/100|[from] Spikes\n|move|p1a: Giratina|Roar|p2a: Arceus\n|drag|p2a: Shaymin|Shaymin-Sky|100\/100\n|\n|upkeep\n|turn|9\n|inactive|Rasche has 240 seconds left.\n|\n|t:|1698599897\n|switch|p1a: Magearna|Magearna|31\/100\n|move|p2a: Shaymin|Air Slash|p1a: Magearna\n|-resisted|p1a: Magearna\n|-damage|p1a: Magearna|10\/100\n|\n|-heal|p1a: Magearna|16\/100|[from] item: Leftovers\n|upkeep\n|turn|10\n|\n|t:|1698599905\n|move|p2a: Shaymin|Air Slash|p1a: Magearna\n|-resisted|p1a: Magearna\n|-damage|p1a: Magearna|0 fnt\n|faint|p1a: Magearna\n|\n|upkeep\n|\n|t:|1698599908\n|switch|p1a: Sneasler|Sneasler, F|100\/100\n|turn|11\n|\n|t:|1698599914\n|switch|p2a: Zamazenta|Zamazenta|88\/100\n|-damage|p2a: Zamazenta|76\/100|[from] Spikes\n|move|p1a: Sneasler|Dire Claw|p2a: Zamazenta\n|-crit|p2a: Zamazenta\n|-damage|p2a: Zamazenta|14\/100\n|\n|upkeep\n|turn|12\n|\n|t:|1698599918\n|move|p1a: Sneasler|Dire Claw|p2a: Zamazenta\n|-damage|p2a: Zamazenta|0 fnt\n|faint|p2a: Zamazenta\n|\n|upkeep\n|\n|t:|1698599922\n|switch|p2a: Arceus|Arceus-Fire|88\/100\n|-damage|p2a: Arceus|76\/100|[from] Spikes\n|turn|13\n|\n|t:|1698599934\n|switch|p1a: Palafin|Palafin, F|100\/100\n|move|p2a: Arceus|Earthquake|p1a: Palafin\n|-damage|p1a: Palafin|63\/100\n|\n|upkeep\n|turn|14\n|\n|t:|1698599945\n|detailschange|p1a: Palafin|Palafin-Hero, F\n|switch|p1a: Palkia|Palkia-Origin|100\/100\n|-ability|p1a: Palkia|Pressure\n|move|p2a: Arceus|Earthquake|p1a: Palkia\n|-damage|p1a: Palkia|61\/100\n|\n|upkeep\n|turn|15\n|\n|t:|1698599959\n|switch|p2a: Palkia|Palkia-Origin|100\/100\n|-damage|p2a: Palkia|88\/100|[from] Spikes\n|-ability|p2a: Palkia|Pressure\n|move|p1a: Palkia|Substitute|p1a: Palkia\n|-start|p1a: Palkia|Substitute\n|-damage|p1a: Palkia|36\/100\n|\n|upkeep\n|turn|16\n|\n|t:|1698599962\n|move|p1a: Palkia|Spacial Rend|p2a: Palkia\n|-supereffective|p2a: Palkia\n|-damage|p2a: Palkia|0 fnt\n|faint|p2a: Palkia\n|\n|upkeep\n|\n|t:|1698599965\n|switch|p2a: Shaymin|Shaymin-Sky|100\/100\n|turn|17\n|\n|t:|1698599969\n|move|p2a: Shaymin|Air Slash|p1a: Palkia\n|-end|p1a: Palkia|Substitute\n|move|p1a: Palkia|Spacial Rend|p2a: Shaymin\n|-damage|p2a: Shaymin|14\/100\n|\n|upkeep\n|turn|18\n|c|\u2606DumbassGaming|damn gg\n|\n|t:|1698599987\n|move|p2a: Shaymin|Air Slash|p1a: Palkia|[miss]\n|-miss|p2a: Shaymin|p1a: Palkia\n|move|p1a: Palkia|Spacial Rend|p2a: Shaymin\n|-damage|p2a: Shaymin|0 fnt\n|faint|p2a: Shaymin\n|\n|upkeep\n|\n|t:|1698599989\n|switch|p2a: Arceus|Arceus-Fire|76\/100\n|-damage|p2a: Arceus|63\/100|[from] Spikes\n|turn|19\n|\n|t:|1698599994\n|move|p1a: Palkia|Hydro Pump|p2a: Arceus|[miss]\n|-miss|p1a: Palkia|p2a: Arceus\n|move|p2a: Arceus|Dragon Dance|p2a: Arceus\n|-boost|p2a: Arceus|atk|1\n|-boost|p2a: Arceus|spe|1\n|\n|upkeep\n|turn|20\n|\n|t:|1698599998\n|move|p2a: Arceus|Earthquake|p1a: Palkia\n|-damage|p1a: Palkia|0 fnt\n|faint|p1a: Palkia\n|\n|upkeep\n|\n|t:|1698600001\n|switch|p1a: Palafin|Palafin-Hero, F|63\/100\n|-activate|p1a: Palafin|ability: Zero to Hero\n|turn|21\n|\n|t:|1698600003\n|-terastallize|p1a: Palafin|Water\n|move|p1a: Palafin|Jet Punch|p2a: Arceus\n|-supereffective|p2a: Arceus\n|-damage|p2a: Arceus|0 fnt\n|faint|p2a: Arceus\n|\n|win|Rasche\n|c|\u2606Rasche|gg\n|l|\u2606DumbassGaming\n|player|p1|Rasche|misty-gen2\n","uploadtime":1698600606,"views":35,"p1id":"rasche","p2id":"dumbassgaming","formatid":"gen9ubers","rating":0,"private":0,"password":""}