{"id":"gen9ubers-1972941605","p1":"eduuukkkkk","p2":"BALLZBALLZBALLZ69","format":"[Gen 9] Ubers","log":"|j|\u2606eduuukkkkk\n|j|\u2606BALLZBALLZBALLZ69\n|t:|1697911129\n|gametype|singles\n|player|p1|eduuukkkkk|ghetsis|1097\n|player|p2|BALLZBALLZBALLZ69|102|1000\n|teamsize|p1|6\n|teamsize|p2|6\n|gen|9\n|tier|[Gen 9] Ubers\n|rated|\n|rule|Sleep Clause Mod: Limit one foe put to sleep\n|rule|Species Clause: Limit one of each Pok\u00e9mon\n|rule|OHKO Clause: OHKO moves are banned\n|rule|Evasion Items Clause: Evasion items are banned\n|rule|Evasion Moves Clause: Evasion moves are banned\n|rule|Endless Battle Clause: Forcing endless battles is banned\n|rule|HP Percentage Mod: HP is shown in percentages\n|clearpoke\n|poke|p1|Zoroark-Hisui, M|\n|poke|p1|Dragonite, M|\n|poke|p1|Glimmora, M|\n|poke|p1|Iron Bundle|\n|poke|p1|Miraidon|\n|poke|p1|Basculegion, M|\n|poke|p2|Kingambit, F|\n|poke|p2|Pineco, M|\n|poke|p2|Magnemite|\n|poke|p2|Geodude-Alola, F|\n|poke|p2|Koffing, M|\n|poke|p2|Drifloon, M|\n|teampreview\n|c|\u2606eduuukkkkk|I already understand the strategy\n|\n|t:|1697911153\n|start\n|switch|p1a: Basculegion|Basculegion, M|100\/100\n|switch|p2a: Drifloon|Drifloon, M|100\/100\n|turn|1\n|\n|t:|1697911164\n|move|p1a: Basculegion|Nasty Plot|p1a: Basculegion\n|-boost|p1a: Basculegion|spa|2\n|move|p2a: Drifloon|Destiny Bond|p2a: Drifloon\n|-singlemove|p2a: Drifloon|Destiny Bond\n|\n|upkeep\n|turn|2\n|\n|t:|1697911171\n|move|p1a: Basculegion|Nasty Plot|p1a: Basculegion\n|-boost|p1a: Basculegion|spa|2\n|move|p2a: Drifloon|Explosion|p1a: Basculegion\n|-immune|p1a: Basculegion\n|faint|p2a: Drifloon\n|\n|upkeep\n|\n|t:|1697911178\n|switch|p2a: Pineco|Pineco, M|100\/100\n|turn|3\n|\n|t:|1697911186\n|move|p1a: Basculegion|Bitter Malice|p2a: Pineco\n|-ability|p2a: Pineco|Sturdy\n|-damage|p2a: Pineco|1\/100\n|-unboost|p2a: Pineco|atk|1\n|move|p2a: Pineco|Giga Drain|p1a: Basculegion\n|-damage|p1a: Basculegion|83\/100\n|-heal|p2a: Pineco|8\/100|[from] drain|[of] p1a: Basculegion\n|replace|p1a: Zoroark|Zoroark-Hisui, M, shiny\n|-end|p1a: Zoroark|Illusion\n|\n|upkeep\n|turn|4\n|\n|t:|1697911201\n|move|p1a: Zoroark|Nasty Plot|p1a: Zoroark\n|-boost|p1a: Zoroark|spa|2\n|move|p2a: Pineco|Giga Drain|p1a: Zoroark\n|-damage|p1a: Zoroark|67\/100\n|-heal|p2a: Pineco|15\/100|[from] drain|[of] p1a: Zoroark\n|\n|upkeep\n|turn|5\n|\n|t:|1697911208\n|move|p1a: Zoroark|Dark Pulse|p2a: Pineco\n|-damage|p2a: Pineco|0 fnt\n|faint|p2a: Pineco\n|\n|upkeep\n|\n|t:|1697911214\n|switch|p2a: Magnemite|Magnemite|100\/100\n|turn|6\n|\n|t:|1697911222\n|move|p1a: Zoroark|Dark Pulse|p2a: Magnemite\n|-ability|p2a: Magnemite|Sturdy\n|-damage|p2a: Magnemite|1\/100\n|move|p2a: Magnemite|Gyro Ball|p1a: Zoroark\n|-damage|p1a: Zoroark|0 fnt\n|faint|p1a: Zoroark\n|\n|upkeep\n|\n|t:|1697911230\n|switch|p1a: Dragonite|Dragonite, M|100\/100\n|turn|7\n|\n|t:|1697911237\n|-terastallize|p2a: Magnemite|Electric\n|move|p1a: Dragonite|Extreme Speed|p2a: Magnemite\n|-damage|p2a: Magnemite|0 fnt\n|faint|p2a: Magnemite\n|\n|upkeep\n|\n|t:|1697911258\n|switch|p2a: Koffing|Koffing, M|100\/100\n|turn|8\n|\n|t:|1697911272\n|move|p1a: Dragonite|Dragon Dance|p1a: Dragonite\n|-boost|p1a: Dragonite|atk|1\n|-boost|p1a: Dragonite|spe|1\n|move|p2a: Koffing|Explosion|p1a: Dragonite\n|-damage|p1a: Dragonite|68\/100\n|faint|p2a: Koffing\n|\n|-heal|p1a: Dragonite|74\/100|[from] item: Leftovers\n|upkeep\n|\n|t:|1697911288\n|switch|p2a: Geodude|Geodude-Alola, F|100\/100\n|turn|9\n|\n|t:|1697911303\n|move|p1a: Dragonite|Roost|p1a: Dragonite\n|-heal|p1a: Dragonite|100\/100\n|-singleturn|p1a: Dragonite|move: Roost\n|move|p2a: Geodude|Explosion|p1a: Dragonite\n|-damage|p1a: Dragonite|43\/100\n|faint|p2a: Geodude\n|\n|-heal|p1a: Dragonite|49\/100|[from] item: Leftovers\n|upkeep\n|\n|t:|1697911312\n|switch|p2a: Kingambit|Kingambit, F|100\/100\n|-activate|p2a: Kingambit|ability: Supreme Overlord\n|-start|p2a: Kingambit|fallen5|[silent]\n|turn|10\n|\n|t:|1697911331\n|-terastallize|p1a: Dragonite|Normal\n|move|p1a: Dragonite|Extreme Speed|p2a: Kingambit\n|-resisted|p2a: Kingambit\n|-damage|p2a: Kingambit|75\/100\n|move|p2a: Kingambit|Sucker Punch||[still]\n|-fail|p2a: Kingambit\n|\n|-heal|p1a: Dragonite|55\/100|[from] item: Leftovers\n|upkeep\n|turn|11\n|\n|t:|1697911354\n|move|p2a: Kingambit|Sucker Punch||[still]\n|-fail|p2a: Kingambit\n|move|p1a: Dragonite|Dragon Dance|p1a: Dragonite\n|-boost|p1a: Dragonite|atk|1\n|-boost|p1a: Dragonite|spe|1\n|\n|-heal|p1a: Dragonite|62\/100|[from] item: Leftovers\n|upkeep\n|turn|12\n|\n|t:|1697911361\n|move|p2a: Kingambit|Sucker Punch||[still]\n|-fail|p2a: Kingambit\n|move|p1a: Dragonite|Roost|p1a: Dragonite\n|-heal|p1a: Dragonite|100\/100\n|\n|upkeep\n|turn|13\n|\n|t:|1697911368\n|move|p2a: Kingambit|Sucker Punch||[still]\n|-fail|p2a: Kingambit\n|move|p1a: Dragonite|Dragon Dance|p1a: Dragonite\n|-boost|p1a: Dragonite|atk|1\n|-boost|p1a: Dragonite|spe|1\n|\n|upkeep\n|turn|14\n|\n|t:|1697911375\n|move|p2a: Kingambit|Sucker Punch||[still]\n|-fail|p2a: Kingambit\n|move|p1a: Dragonite|Dragon Dance|p1a: Dragonite\n|-boost|p1a: Dragonite|atk|1\n|-boost|p1a: Dragonite|spe|1\n|\n|upkeep\n|turn|15\n|\n|t:|1697911380\n|move|p2a: Kingambit|Sucker Punch||[still]\n|-fail|p2a: Kingambit\n|move|p1a: Dragonite|Dragon Dance|p1a: Dragonite\n|-boost|p1a: Dragonite|atk|1\n|-boost|p1a: Dragonite|spe|1\n|\n|upkeep\n|turn|16\n|\n|t:|1697911386\n|move|p2a: Kingambit|Sucker Punch||[still]\n|-fail|p2a: Kingambit\n|move|p1a: Dragonite|Dragon Dance|p1a: Dragonite\n|-boost|p1a: Dragonite|atk|1\n|-boost|p1a: Dragonite|spe|1\n|\n|upkeep\n|turn|17\n|\n|t:|1697911395\n|move|p2a: Kingambit|Sucker Punch||[still]\n|-fail|p2a: Kingambit\n|move|p1a: Dragonite|Roost||[still]\n|-fail|p1a: Dragonite|heal\n|\n|upkeep\n|turn|18\n|\n|t:|1697911403\n|move|p1a: Dragonite|Extreme Speed|p2a: Kingambit\n|-resisted|p2a: Kingambit\n|-damage|p2a: Kingambit|15\/100\n|-activate|p2a: Kingambit|move: Struggle\n|move|p2a: Kingambit|Struggle|p1a: Dragonite\n|-damage|p1a: Dragonite|78\/100\n|-damage|p2a: Kingambit|0 fnt|[from] recoil\n|faint|p2a: Kingambit\n|-end|p2a: Kingambit|fallen5|[silent]\n|\n|win|eduuukkkkk\n|raw|eduuukkkkk's rating: 1097 &rarr; <strong>1116<\/strong><br \/>(+19 for winning)\n|raw|BALLZBALLZBALLZ69's rating: 1000 &rarr; <strong>1000<\/strong><br \/>(+0 for losing)\n","uploadtime":1697911414,"views":8,"p1id":"eduuukkkkk","p2id":"ballzballzballz69","formatid":"gen9ubers","rating":1000,"private":0,"password":""}