{"id":"gen9ubers-1974598402","p1":"vuuuuuvjghkhugy","p2":"fabxorusVGC","format":"[Gen 9] Ubers","log":"|j|\u2606vuuuuuvjghkhugy\n|j|\u2606fabxorusVGC\n|t:|1698101126\n|gametype|singles\n|player|p1|vuuuuuvjghkhugy|preschoolerf|1040\n|player|p2|fabxorusVGC|hilbert|1081\n|teamsize|p1|6\n|teamsize|p2|6\n|gen|9\n|tier|[Gen 9] Ubers\n|rated|\n|rule|Sleep Clause Mod: Limit one foe put to sleep\n|rule|Species Clause: Limit one of each Pok\u00e9mon\n|rule|OHKO Clause: OHKO moves are banned\n|rule|Evasion Items Clause: Evasion items are banned\n|rule|Evasion Moves Clause: Evasion moves are banned\n|rule|Endless Battle Clause: Forcing endless battles is banned\n|rule|HP Percentage Mod: HP is shown in percentages\n|clearpoke\n|poke|p1|Flutter Mane|\n|poke|p1|Koraidon|\n|poke|p1|Houndstone, M|\n|poke|p1|Ting-Lu|\n|poke|p1|Glimmora, M|\n|poke|p1|Armarouge, F|\n|poke|p2|Altaria, F|\n|poke|p2|Lokix, M|\n|poke|p2|Clawitzer, M|\n|poke|p2|Chansey, F|\n|poke|p2|Annihilape, M|\n|poke|p2|Volcarona, F|\n|teampreview\n|inactive|Battle timer is ON: inactive players will automatically lose when time's up. (requested by fabxorusVGC)\n|\n|t:|1698101141\n|start\n|switch|p1a: Koraidon|Koraidon|100\/100\n|switch|p2a: Altaria|Altaria, F, shiny|100\/100\n|-weather|SunnyDay|[from] ability: Orichalcum Pulse|[of] p1a: Koraidon\n|-activate|p1a: Koraidon|Orichalcum Pulse|[source]\n|turn|1\n|\n|t:|1698101155\n|move|p1a: Koraidon|U-turn|p2a: Altaria\n|-resisted|p2a: Altaria\n|-damage|p2a: Altaria|84\/100\n|-damage|p1a: Koraidon|84\/100|[from] item: Rocky Helmet|[of] p2a: Altaria\n|-damage|p1a: Koraidon|74\/100|[from] item: Life Orb\n|\n|t:|1698101167\n|switch|p1a: Flutter Mane|Flutter Mane|100\/100|[from] U-turn\n|-activate|p1a: Flutter Mane|ability: Protosynthesis\n|-start|p1a: Flutter Mane|protosynthesisspe\n|move|p2a: Altaria|Will-O-Wisp|p1a: Flutter Mane|[miss]\n|-miss|p2a: Altaria|p1a: Flutter Mane\n|\n|-weather|SunnyDay|[upkeep]\n|upkeep\n|turn|2\n|\n|t:|1698101179\n|switch|p2a: Chansey|Chansey, F|100\/100\n|move|p1a: Flutter Mane|Moonblast|p2a: Chansey\n|-damage|p2a: Chansey|85\/100\n|\n|-weather|SunnyDay|[upkeep]\n|upkeep\n|turn|3\n|\n|t:|1698101187\n|-end|p1a: Flutter Mane|Protosynthesis|[silent]\n|switch|p1a: Ting-Lu|Ting-Lu|100\/100\n|-ability|p1a: Ting-Lu|Vessel of Ruin\n|move|p2a: Chansey|Thunder Wave|p1a: Ting-Lu\n|-immune|p1a: Ting-Lu\n|\n|-weather|SunnyDay|[upkeep]\n|upkeep\n|turn|4\n|\n|t:|1698101197\n|switch|p2a: Lokix|Lokix, M|100\/100\n|move|p1a: Ting-Lu|Ruination|p2a: Lokix\n|-damage|p2a: Lokix|50\/100\n|\n|-weather|SunnyDay|[upkeep]\n|upkeep\n|turn|5\n|\n|t:|1698101206\n|switch|p1a: Glimmora|Glimmora, M|100\/100\n|move|p2a: Lokix|Swords Dance|p2a: Lokix\n|-boost|p2a: Lokix|atk|2\n|\n|-weather|none\n|upkeep\n|turn|6\n|\n|t:|1698101216\n|-terastallize|p2a: Lokix|Dark\n|move|p2a: Lokix|Sucker Punch|p1a: Glimmora\n|-enditem|p1a: Glimmora|Focus Sash\n|-damage|p1a: Glimmora|1\/100\n|-activate|p1a: Glimmora|ability: Toxic Debris\n|-sidestart|p2: fabxorusVGC|move: Toxic Spikes\n|-damage|p2a: Lokix|41\/100|[from] item: Life Orb\n|move|p1a: Glimmora|Mortal Spin|p2a: Lokix\n|-damage|p2a: Lokix|32\/100\n|-status|p2a: Lokix|psn\n|\n|-damage|p2a: Lokix|20\/100 psn|[from] psn\n|upkeep\n|turn|7\n|\n|t:|1698101232\n|move|p2a: Lokix|Leech Life|p1a: Glimmora\n|-resisted|p1a: Glimmora\n|-damage|p1a: Glimmora|0 fnt\n|-heal|p2a: Lokix|20\/100 psn|[from] drain|[of] p1a: Glimmora\n|-activate|p1a: Glimmora|ability: Toxic Debris\n|-sidestart|p2: fabxorusVGC|move: Toxic Spikes\n|faint|p1a: Glimmora\n|-damage|p2a: Lokix|10\/100 psn|[from] item: Life Orb\n|\n|-damage|p2a: Lokix|0 fnt|[from] psn\n|faint|p2a: Lokix\n|upkeep\n|\n|t:|1698101246\n|switch|p2a: Altaria|Altaria, F, shiny|84\/100\n|switch|p1a: Koraidon|Koraidon|74\/100\n|-weather|SunnyDay|[from] ability: Orichalcum Pulse|[of] p1a: Koraidon\n|-activate|p1a: Koraidon|Orichalcum Pulse|[source]\n|turn|8\n|\n|t:|1698101254\n|move|p1a: Koraidon|Outrage|p2a: Altaria\n|-supereffective|p2a: Altaria\n|-damage|p2a: Altaria|0 fnt\n|-damage|p1a: Koraidon|58\/100|[from] item: Rocky Helmet|[of] p2a: Altaria\n|faint|p2a: Altaria\n|-damage|p1a: Koraidon|48\/100|[from] item: Life Orb\n|\n|-weather|SunnyDay|[upkeep]\n|upkeep\n|-message|fabxorusVGC forfeited.\n|\n|win|vuuuuuvjghkhugy\n|raw|vuuuuuvjghkhugy's rating: 1040 &rarr; <strong>1078<\/strong><br \/>(+38 for winning)\n|raw|fabxorusVGC's rating: 1081 &rarr; <strong>1056<\/strong><br \/>(-25 for losing)\n|l|\u2606fabxorusVGC\n","uploadtime":1698101323,"views":11,"p1id":"vuuuuuvjghkhugy","p2id":"fabxorusvgc","formatid":"gen9ubers","rating":1056,"private":0,"password":""}