{"id":"gen9ubers-1967931535","p1":"Neutralist","p2":"steve777","format":"[Gen 9] Ubers","log":"|j|\u2606Neutralist\n|j|\u2606steve777\n|t:|1697360754\n|gametype|singles\n|player|p1|Neutralist|102|1359\n|player|p2|steve777|red|1464\n|teamsize|p1|6\n|teamsize|p2|6\n|gen|9\n|tier|[Gen 9] Ubers\n|rated|\n|rule|Sleep Clause Mod: Limit one foe put to sleep\n|rule|Species Clause: Limit one of each Pok\u00e9mon\n|rule|OHKO Clause: OHKO moves are banned\n|rule|Evasion Items Clause: Evasion items are banned\n|rule|Evasion Moves Clause: Evasion moves are banned\n|rule|Endless Battle Clause: Forcing endless battles is banned\n|rule|HP Percentage Mod: HP is shown in percentages\n|clearpoke\n|poke|p1|Koraidon|\n|poke|p1|Ogerpon-Hearthflame, F|\n|poke|p1|Zacian-*|\n|poke|p1|Regieleki|\n|poke|p1|Arceus-Ground|\n|poke|p1|Flutter Mane|\n|poke|p2|Koraidon|\n|poke|p2|Arceus-Fairy|\n|poke|p2|Mewtwo|\n|poke|p2|Groudon|\n|poke|p2|Giratina|\n|poke|p2|Miraidon|\n|teampreview\n|j| goodturnoutforthe\n|\n|t:|1697360777\n|start\n|switch|p1a: OP|Flutter Mane|100\/100\n|switch|p2a: Mewtwo|Mewtwo|100\/100\n|-ability|p2a: Mewtwo|Pressure\n|turn|1\n|\n|t:|1697360782\n|move|p1a: OP|Shadow Ball|p2a: Mewtwo\n|-supereffective|p2a: Mewtwo\n|-damage|p2a: Mewtwo|0 fnt\n|faint|p2a: Mewtwo\n|\n|upkeep\n|\n|t:|1697360790\n|switch|p2a: Arceus|Arceus-Fairy|100\/100\n|turn|2\n|\n|t:|1697360793\n|move|p1a: OP|Shadow Ball|p2a: Arceus\n|-damage|p2a: Arceus|60\/100\n|move|p2a: Arceus|Calm Mind|p2a: Arceus\n|-boost|p2a: Arceus|spa|1\n|-boost|p2a: Arceus|spd|1\n|\n|upkeep\n|turn|3\n|\n|t:|1697360804\n|-end|p1a: OP|Protosynthesis|[silent]\n|switch|p1a: Omnislash|Zacian-Crowned|100\/100\n|-ability|p1a: Omnislash|Intrepid Sword|boost\n|-boost|p1a: Omnislash|atk|1\n|move|p2a: Arceus|Recover|p2a: Arceus\n|-heal|p2a: Arceus|100\/100\n|\n|upkeep\n|turn|4\n|\n|t:|1697360811\n|-terastallize|p2a: Arceus|Ground\n|move|p1a: Omnislash|Behemoth Blade|p2a: Arceus\n|-damage|p2a: Arceus|55\/100\n|move|p2a: Arceus|Earth Power|p1a: Omnislash\n|-supereffective|p1a: Omnislash\n|-damage|p1a: Omnislash|0 fnt\n|faint|p1a: Omnislash\n|\n|upkeep\n|\n|t:|1697360817\n|switch|p1a: Bonk|Ogerpon-Hearthflame, F|100\/100\n|-ability|p1a: Bonk|Mold Breaker\n|turn|5\n|\n|t:|1697360822\n|switch|p2a: Giratina|Giratina|100\/100\n|-ability|p2a: Giratina|Pressure\n|move|p1a: Bonk|Trailblaze|p2a: Giratina\n|-resisted|p2a: Giratina\n|-damage|p2a: Giratina|94\/100\n|-boost|p1a: Bonk|spe|1\n|\n|-heal|p2a: Giratina|100\/100|[from] item: Leftovers\n|upkeep\n|turn|6\n|\n|t:|1697360831\n|switch|p1a: Teraflare|Regieleki|100\/100\n|move|p2a: Giratina|Dragon Tail|p1a: Teraflare\n|-damage|p1a: Teraflare|56\/100\n|drag|p1a: Jenova|Arceus-Ground|100\/100\n|\n|upkeep\n|turn|7\n|\n|t:|1697360837\n|move|p1a: Jenova|Will-O-Wisp|p2a: Giratina\n|-status|p2a: Giratina|brn\n|move|p2a: Giratina|Will-O-Wisp|p1a: Jenova\n|-status|p1a: Jenova|brn\n|\n|-damage|p1a: Jenova|94\/100 brn|[from] brn\n|-damage|p2a: Giratina|94\/100 brn|[from] brn\n|upkeep\n|turn|8\n|\n|t:|1697360851\n|move|p1a: Jenova|Stealth Rock|p2a: Giratina\n|-sidestart|p2: steve777|move: Stealth Rock\n|move|p2a: Giratina|Dragon Tail|p1a: Jenova\n|-damage|p1a: Jenova|89\/100 brn\n|drag|p1a: Bonk|Ogerpon-Hearthflame, F|100\/100\n|-ability|p1a: Bonk|Mold Breaker\n|\n|-heal|p2a: Giratina|100\/100 brn|[from] item: Leftovers\n|-damage|p2a: Giratina|94\/100 brn|[from] brn\n|upkeep\n|turn|9\n|\n|t:|1697360862\n|switch|p1a: OP|Flutter Mane|100\/100\n|move|p2a: Giratina|Defog|p1a: OP\n|-unboost|p1a: OP|evasion|1\n|-sideend|p2: steve777|Stealth Rock|[from] move: Defog|[of] p2a: Giratina\n|\n|-heal|p2a: Giratina|100\/100 brn|[from] item: Leftovers\n|-damage|p2a: Giratina|94\/100 brn|[from] brn\n|upkeep\n|turn|10\n|\n|t:|1697360873\n|move|p2a: Giratina|Shadow Sneak|p1a: OP\n|-supereffective|p1a: OP\n|-damage|p1a: OP|71\/100\n|move|p1a: OP|Moonblast|p2a: Giratina\n|-supereffective|p2a: Giratina\n|-damage|p2a: Giratina|13\/100 brn\n|\n|-heal|p2a: Giratina|20\/100 brn|[from] item: Leftovers\n|-damage|p2a: Giratina|13\/100 brn|[from] brn\n|upkeep\n|turn|11\n|\n|t:|1697360883\n|-end|p1a: OP|Protosynthesis|[silent]\n|switch|p1a: Jenova|Arceus-Ground|89\/100 brn\n|move|p2a: Giratina|Shadow Sneak|p1a: Jenova\n|-damage|p1a: Jenova|86\/100 brn\n|\n|-heal|p2a: Giratina|20\/100 brn|[from] item: Leftovers\n|-damage|p1a: Jenova|80\/100 brn|[from] brn\n|-damage|p2a: Giratina|13\/100 brn|[from] brn\n|upkeep\n|turn|12\n|\n|t:|1697360891\n|move|p1a: Jenova|Stealth Rock|p2a: Giratina\n|-sidestart|p2: steve777|move: Stealth Rock\n|move|p2a: Giratina|Defog|p1a: Jenova\n|-unboost|p1a: Jenova|evasion|1\n|-sideend|p2: steve777|Stealth Rock|[from] move: Defog|[of] p2a: Giratina\n|\n|-heal|p2a: Giratina|20\/100 brn|[from] item: Leftovers\n|-damage|p1a: Jenova|74\/100 brn|[from] brn\n|-damage|p2a: Giratina|13\/100 brn|[from] brn\n|upkeep\n|turn|13\n|\n|t:|1697360899\n|move|p1a: Jenova|Stealth Rock|p2a: Giratina\n|-sidestart|p2: steve777|move: Stealth Rock\n|move|p2a: Giratina|Defog|p1a: Jenova\n|-unboost|p1a: Jenova|evasion|1\n|-sideend|p2: steve777|Stealth Rock|[from] move: Defog|[of] p2a: Giratina\n|\n|-heal|p2a: Giratina|20\/100 brn|[from] item: Leftovers\n|-damage|p1a: Jenova|68\/100 brn|[from] brn\n|-damage|p2a: Giratina|13\/100 brn|[from] brn\n|upkeep\n|turn|14\n|\n|t:|1697360909\n|move|p1a: Jenova|Recover|p1a: Jenova\n|-heal|p1a: Jenova|100\/100 brn\n|move|p2a: Giratina|Defog|p1a: Jenova\n|-unboost|p1a: Jenova|evasion|1\n|\n|-heal|p2a: Giratina|20\/100 brn|[from] item: Leftovers\n|-damage|p1a: Jenova|94\/100 brn|[from] brn\n|-damage|p2a: Giratina|13\/100 brn|[from] brn\n|upkeep\n|turn|15\n|\n|t:|1697360925\n|switch|p2a: Arceus|Arceus-Fairy, tera:Ground|55\/100\n|move|p1a: Jenova|Judgment|p2a: Arceus\n|-damage|p2a: Arceus|21\/100\n|\n|-damage|p1a: Jenova|88\/100 brn|[from] brn\n|upkeep\n|turn|16\n|\n|t:|1697360936\n|move|p1a: Jenova|Stealth Rock|p2a: Arceus\n|-sidestart|p2: steve777|move: Stealth Rock\n|move|p2a: Arceus|Recover|p2a: Arceus\n|-heal|p2a: Arceus|71\/100\n|\n|-damage|p1a: Jenova|82\/100 brn|[from] brn\n|upkeep\n|turn|17\n|\n|t:|1697360944\n|switch|p1a: Bonk|Ogerpon-Hearthflame, F|100\/100\n|-ability|p1a: Bonk|Mold Breaker\n|move|p2a: Arceus|Calm Mind|p2a: Arceus\n|-boost|p2a: Arceus|spa|1\n|-boost|p2a: Arceus|spd|1\n|\n|upkeep\n|turn|18\n|\n|t:|1697360951\n|move|p1a: Bonk|Trailblaze|p2a: Arceus\n|-supereffective|p2a: Arceus\n|-damage|p2a: Arceus|39\/100\n|-boost|p1a: Bonk|spe|1\n|move|p2a: Arceus|Earth Power|p1a: Bonk\n|-crit|p1a: Bonk\n|-damage|p1a: Bonk|2\/100\n|\n|upkeep\n|turn|19\n|\n|t:|1697360959\n|move|p1a: Bonk|Horn Leech|p2a: Arceus\n|-supereffective|p2a: Arceus\n|-damage|p2a: Arceus|0 fnt\n|-heal|p1a: Bonk|30\/100|[from] drain|[of] p2a: Arceus\n|faint|p2a: Arceus\n|\n|upkeep\n|\n|t:|1697360965\n|switch|p2a: Miraidon|Miraidon|100\/100\n|-damage|p2a: Miraidon|88\/100|[from] Stealth Rock\n|-fieldstart|move: Electric Terrain|[from] ability: Hadron Engine|[of] p2a: Miraidon\n|turn|20\n|\n|t:|1697360975\n|move|p1a: Bonk|Ivy Cudgel|p2a: Miraidon\n|-resisted|p2a: Miraidon\n|-damage|p2a: Miraidon|63\/100\n|move|p2a: Miraidon|Agility|p2a: Miraidon\n|-boost|p2a: Miraidon|spe|2\n|\n|-heal|p2a: Miraidon|69\/100|[from] item: Leftovers\n|upkeep\n|turn|21\n|\n|t:|1697360982\n|move|p2a: Miraidon|Calm Mind|p2a: Miraidon\n|-boost|p2a: Miraidon|spa|1\n|-boost|p2a: Miraidon|spd|1\n|move|p1a: Bonk|Horn Leech|p2a: Miraidon\n|-resisted|p2a: Miraidon\n|-damage|p2a: Miraidon|51\/100\n|-heal|p1a: Bonk|42\/100|[from] drain|[of] p2a: Miraidon\n|\n|-heal|p2a: Miraidon|57\/100|[from] item: Leftovers\n|upkeep\n|turn|22\n|\n|t:|1697360995\n|move|p2a: Miraidon|Calm Mind|p2a: Miraidon\n|-boost|p2a: Miraidon|spa|1\n|-boost|p2a: Miraidon|spd|1\n|move|p1a: Bonk|Ivy Cudgel|p2a: Miraidon\n|-resisted|p2a: Miraidon\n|-damage|p2a: Miraidon|34\/100\n|\n|-heal|p2a: Miraidon|40\/100|[from] item: Leftovers\n|upkeep\n|turn|23\n|\n|t:|1697361003\n|move|p2a: Miraidon|Electro Drift|p1a: Bonk\n|-resisted|p1a: Bonk\n|-damage|p1a: Bonk|0 fnt\n|faint|p1a: Bonk\n|\n|-heal|p2a: Miraidon|46\/100|[from] item: Leftovers\n|upkeep\n|\n|t:|1697361008\n|switch|p1a: Jenova|Arceus-Ground|82\/100 brn\n|turn|24\n|\n|t:|1697361011\n|move|p2a: Miraidon|Dazzling Gleam|p1a: Jenova\n|-damage|p1a: Jenova|28\/100 brn\n|move|p1a: Jenova|Judgment|p2a: Miraidon\n|-supereffective|p2a: Miraidon\n|-damage|p2a: Miraidon|10\/100\n|\n|-heal|p2a: Miraidon|16\/100|[from] item: Leftovers\n|-damage|p1a: Jenova|22\/100 brn|[from] brn\n|-fieldend|move: Electric Terrain\n|upkeep\n|turn|25\n|\n|t:|1697361023\n|-terastallize|p1a: Jenova|Steel\n|move|p2a: Miraidon|Dazzling Gleam|p1a: Jenova\n|-resisted|p1a: Jenova\n|-damage|p1a: Jenova|3\/100 brn\n|move|p1a: Jenova|Judgment|p2a: Miraidon\n|-supereffective|p2a: Miraidon\n|-damage|p2a: Miraidon|0 fnt\n|faint|p2a: Miraidon\n|\n|-damage|p1a: Jenova|0 fnt|[from] brn\n|faint|p1a: Jenova\n|upkeep\n|\n|t:|1697361038\n|switch|p2a: Giratina|Giratina|13\/100 brn\n|switch|p1a: OP|Flutter Mane|71\/100\n|-damage|p2a: Giratina|1\/100 brn|[from] Stealth Rock\n|-ability|p2a: Giratina|Pressure\n|turn|26\n|\n|t:|1697361045\n|move|p2a: Giratina|Shadow Sneak|p1a: OP\n|-supereffective|p1a: OP\n|-damage|p1a: OP|38\/100\n|move|p1a: OP|Moonblast|p2a: Giratina\n|-supereffective|p2a: Giratina\n|-damage|p2a: Giratina|0 fnt\n|faint|p2a: Giratina\n|\n|upkeep\n|\n|t:|1697361052\n|switch|p2a: Groudon|Groudon|100\/100\n|-damage|p2a: Groudon|94\/100|[from] Stealth Rock\n|-weather|SunnyDay|[from] ability: Drought|[of] p2a: Groudon\n|-activate|p1a: OP|ability: Protosynthesis\n|-start|p1a: OP|protosynthesisspe\n|turn|27\n|\n|t:|1697361060\n|move|p1a: OP|Moonblast|p2a: Groudon\n|-damage|p2a: Groudon|23\/100\n|-unboost|p2a: Groudon|spa|1\n|move|p2a: Groudon|Fire Punch|p1a: OP\n|-damage|p1a: OP|0 fnt\n|faint|p1a: OP\n|-end|p1a: OP|Protosynthesis|[silent]\n|\n|-weather|SunnyDay|[upkeep]\n|-heal|p2a: Groudon|29\/100|[from] item: Leftovers\n|upkeep\n|\n|t:|1697361063\n|switch|p1a: KING|Koraidon|100\/100\n|-activate|p1a: KING|ability: Orichalcum Pulse\n|turn|28\n|\n|t:|1697361072\n|move|p1a: KING|Scale Shot|p2a: Groudon\n|-damage|p2a: Groudon|18\/100\n|-crit|p2a: Groudon\n|-damage|p2a: Groudon|1\/100\n|-damage|p2a: Groudon|0 fnt\n|faint|p2a: Groudon\n|-hitcount|p2: Groudon|3\n|-unboost|p1a: KING|def|1\n|-boost|p1a: KING|spe|1\n|\n|-weather|SunnyDay|[upkeep]\n|upkeep\n|\n|t:|1697361081\n|switch|p2a: Koraidon|Koraidon|100\/100\n|-damage|p2a: Koraidon|94\/100|[from] Stealth Rock\n|-activate|p2a: Koraidon|ability: Orichalcum Pulse\n|turn|29\n|\n|t:|1697361086\n|move|p1a: KING|Scale Shot|p2a: Koraidon\n|-supereffective|p2a: Koraidon\n|-damage|p2a: Koraidon|63\/100\n|-supereffective|p2a: Koraidon\n|-damage|p2a: Koraidon|31\/100\n|-supereffective|p2a: Koraidon\n|-damage|p2a: Koraidon|0 fnt\n|faint|p2a: Koraidon\n|-hitcount|p2: Koraidon|3\n|\n|win|Neutralist\n|raw|Neutralist's rating: 1359 &rarr; <strong>1385<\/strong><br \/>(+26 for winning)\n|raw|steve777's rating: 1464 &rarr; <strong>1438<\/strong><br \/>(-26 for losing)\n","uploadtime":1697361158,"views":16,"p1id":"neutralist","p2id":"steve777","formatid":"gen9ubers","rating":1385,"private":0,"password":""}