{"id":"gen9ubers-1976376988","p1":"Anne Frankkkk","p2":"Cyroblade0202","format":"[Gen 9] Ubers","log":"|j|\u2606Anne Frankkkk\n|j|\u2606Cyroblade0202\n|t:|1698293354\n|gametype|singles\n|player|p1|Anne Frankkkk|hilbert|1124\n|player|p2|Cyroblade0202|266|1136\n|teamsize|p1|6\n|teamsize|p2|6\n|gen|9\n|tier|[Gen 9] Ubers\n|rated|\n|rule|Sleep Clause Mod: Limit one foe put to sleep\n|rule|Species Clause: Limit one of each Pok\u00e9mon\n|rule|OHKO Clause: OHKO moves are banned\n|rule|Evasion Items Clause: Evasion items are banned\n|rule|Evasion Moves Clause: Evasion moves are banned\n|rule|Endless Battle Clause: Forcing endless battles is banned\n|rule|HP Percentage Mod: HP is shown in percentages\n|clearpoke\n|poke|p1|Iron Hands|\n|poke|p1|Kyogre|\n|poke|p1|Chien-Pao|\n|poke|p1|Ribombee, F|\n|poke|p1|Miraidon|\n|poke|p1|Flutter Mane|\n|poke|p2|Ninetales-Alola, M|\n|poke|p2|Baxcalibur, M|\n|poke|p2|Mamoswine, F|\n|poke|p2|Weavile, M|\n|poke|p2|Iron Bundle|\n|poke|p2|Chien-Pao|\n|teampreview\n|inactive|Battle timer is ON: inactive players will automatically lose when time's up. (requested by Cyroblade0202)\n|\n|t:|1698293369\n|start\n|switch|p1a: Moonblast|Ribombee, F, shiny|100\/100\n|switch|p2a: Baxcalibur|Baxcalibur, M|100\/100\n|turn|1\n|\n|t:|1698293371\n|move|p1a: Moonblast|Sticky Web|p2a: Baxcalibur\n|-sidestart|p2: Cyroblade0202|move: Sticky Web\n|move|p2a: Baxcalibur|Dragon Dance|p2a: Baxcalibur\n|-boost|p2a: Baxcalibur|atk|1\n|-boost|p2a: Baxcalibur|spe|1\n|\n|upkeep\n|turn|2\n|\n|t:|1698293377\n|move|p2a: Baxcalibur|Icicle Spear|p1a: Moonblast\n|-crit|p1a: Moonblast\n|-damage|p1a: Moonblast|26\/100\n|-damage|p1a: Moonblast|0 fnt\n|faint|p1a: Moonblast\n|-hitcount|p1: Moonblast|2\n|\n|upkeep\n|\n|t:|1698293381\n|switch|p1a: Big Boy|Iron Hands, shiny|100\/100\n|turn|3\n|\n|t:|1698293385\n|-terastallize|p2a: Baxcalibur|Ground\n|move|p1a: Big Boy|Fake Out|p2a: Baxcalibur\n|-damage|p2a: Baxcalibur|84\/100\n|cant|p2a: Baxcalibur|flinch\n|\n|upkeep\n|turn|4\n|\n|t:|1698293394\n|move|p2a: Baxcalibur|Earthquake|p1a: Big Boy\n|-supereffective|p1a: Big Boy\n|-damage|p1a: Big Boy|0 fnt\n|faint|p1a: Big Boy\n|-end|p1a: Big Boy|Quark Drive|[silent]\n|\n|upkeep\n|\n|t:|1698293404\n|switch|p1a: Misdreavius|Flutter Mane, shiny|100\/100\n|-enditem|p1a: Misdreavius|Booster Energy\n|-activate|p1a: Misdreavius|ability: Protosynthesis|[fromitem]\n|-start|p1a: Misdreavius|protosynthesisspe\n|turn|5\n|\n|t:|1698293406\n|move|p1a: Misdreavius|Moonblast|p2a: Baxcalibur\n|-damage|p2a: Baxcalibur|29\/100\n|-unboost|p2a: Baxcalibur|spa|1\n|move|p2a: Baxcalibur|Icicle Spear|p1a: Misdreavius\n|-crit|p1a: Misdreavius\n|-damage|p1a: Misdreavius|18\/100\n|-damage|p1a: Misdreavius|0 fnt\n|faint|p1a: Misdreavius\n|-end|p1a: Misdreavius|Protosynthesis|[silent]\n|-hitcount|p1: Misdreavius|2\n|\n|upkeep\n|\n|t:|1698293409\n|switch|p1a: Ice Cat|Chien-Pao|100\/100\n|-ability|p1a: Ice Cat|Sword of Ruin\n|turn|6\n|\n|t:|1698293413\n|move|p1a: Ice Cat|Sucker Punch|p2a: Baxcalibur\n|-damage|p2a: Baxcalibur|0 fnt\n|faint|p2a: Baxcalibur\n|-damage|p1a: Ice Cat|91\/100|[from] item: Life Orb\n|\n|upkeep\n|\n|t:|1698293419\n|switch|p2a: Weavile|Weavile, M|100\/100\n|-activate|p2a: Weavile|move: Sticky Web\n|-unboost|p2a: Weavile|spe|1\n|-ability|p2a: Weavile|Pressure\n|turn|7\n|\n|t:|1698293422\n|move|p1a: Ice Cat|Sacred Sword|p2a: Weavile\n|-supereffective|p2a: Weavile\n|-enditem|p2a: Weavile|Focus Sash\n|-damage|p2a: Weavile|1\/100\n|-damage|p1a: Ice Cat|81\/100|[from] item: Life Orb\n|move|p2a: Weavile|Counter|p1a: Ice Cat\n|-damage|p1a: Ice Cat|0 fnt\n|faint|p1a: Ice Cat\n|\n|upkeep\n|\n|t:|1698293431\n|switch|p1a: The Flood|Kyogre|100\/100\n|-weather|RainDance|[from] ability: Drizzle|[of] p1a: The Flood\n|turn|8\n|\n|t:|1698293435\n|move|p1a: The Flood|Water Spout|p2a: Weavile\n|-damage|p2a: Weavile|0 fnt\n|faint|p2a: Weavile\n|\n|-weather|RainDance|[upkeep]\n|upkeep\n|\n|t:|1698293444\n|switch|p2a: Ninetales|Ninetales-Alola, M|100\/100\n|-activate|p2a: Ninetales|move: Sticky Web\n|-unboost|p2a: Ninetales|spe|1\n|-weather|Snow|[from] ability: Snow Warning|[of] p2a: Ninetales\n|turn|9\n|\n|t:|1698293449\n|-terastallize|p1a: The Flood|Water\n|move|p1a: The Flood|Water Spout|p2a: Ninetales\n|-crit|p2a: Ninetales\n|-damage|p2a: Ninetales|0 fnt\n|faint|p2a: Ninetales\n|\n|-weather|Snow|[upkeep]\n|upkeep\n|\n|t:|1698293462\n|switch|p2a: Iron Bundle|Iron Bundle|100\/100\n|-activate|p2a: Iron Bundle|move: Sticky Web\n|-unboost|p2a: Iron Bundle|spe|1\n|-enditem|p2a: Iron Bundle|Booster Energy\n|-activate|p2a: Iron Bundle|ability: Quark Drive|[fromitem]\n|-start|p2a: Iron Bundle|quarkdrivespa\n|turn|10\n|\n|t:|1698293467\n|move|p1a: The Flood|Water Spout|p2a: Iron Bundle\n|-resisted|p2a: Iron Bundle\n|-damage|p2a: Iron Bundle|0 fnt\n|faint|p2a: Iron Bundle\n|-end|p2a: Iron Bundle|Quark Drive|[silent]\n|\n|-weather|Snow|[upkeep]\n|upkeep\n|\n|t:|1698293470\n|switch|p2a: Chien-Pao|Chien-Pao|100\/100\n|-activate|p2a: Chien-Pao|move: Sticky Web\n|-unboost|p2a: Chien-Pao|spe|1\n|-ability|p2a: Chien-Pao|Sword of Ruin\n|turn|11\n|\n|t:|1698293473\n|switch|p1a: Cyber Lizard|Miraidon|100\/100\n|-fieldstart|move: Electric Terrain|[from] ability: Hadron Engine|[of] p1a: Cyber Lizard\n|-item|p1a: Cyber Lizard|Air Balloon\n|move|p2a: Chien-Pao|Sucker Punch||[still]\n|-fail|p2a: Chien-Pao\n|\n|-weather|Snow|[upkeep]\n|upkeep\n|turn|12\n|\n|t:|1698293481\n|switch|p2a: Mamoswine|Mamoswine, F|100\/100\n|-activate|p2a: Mamoswine|move: Sticky Web\n|-unboost|p2a: Mamoswine|spe|1\n|move|p1a: Cyber Lizard|Electro Drift|p2a: Mamoswine\n|-immune|p2a: Mamoswine\n|\n|-weather|Snow|[upkeep]\n|upkeep\n|turn|13\n|\n|t:|1698293491\n|move|p1a: Cyber Lizard|Dragon Pulse|p2a: Mamoswine\n|-damage|p2a: Mamoswine|14\/100\n|move|p2a: Mamoswine|Knock Off|p1a: Cyber Lizard\n|-damage|p1a: Cyber Lizard|62\/100\n|-enditem|p1a: Cyber Lizard|Air Balloon\n|\n|-weather|none\n|upkeep\n|turn|14\n|\n|t:|1698293495\n|move|p1a: Cyber Lizard|Dragon Pulse|p2a: Mamoswine\n|-damage|p2a: Mamoswine|0 fnt\n|faint|p2a: Mamoswine\n|\n|upkeep\n|\n|t:|1698293497\n|switch|p2a: Chien-Pao|Chien-Pao|100\/100\n|-activate|p2a: Chien-Pao|move: Sticky Web\n|-unboost|p2a: Chien-Pao|spe|1\n|-ability|p2a: Chien-Pao|Sword of Ruin\n|turn|15\n|\n|t:|1698293499\n|move|p2a: Chien-Pao|Sucker Punch|p1a: Cyber Lizard\n|-damage|p1a: Cyber Lizard|0 fnt\n|faint|p1a: Cyber Lizard\n|-damage|p2a: Chien-Pao|91\/100|[from] item: Life Orb\n|\n|-fieldend|move: Electric Terrain\n|upkeep\n|\n|t:|1698293501\n|switch|p1a: The Flood|Kyogre, tera:Water|100\/100\n|-weather|RainDance|[from] ability: Drizzle|[of] p1a: The Flood\n|turn|16\n|\n|t:|1698293504\n|move|p2a: Chien-Pao|Sucker Punch|p1a: The Flood\n|-damage|p1a: The Flood|35\/100\n|-damage|p2a: Chien-Pao|81\/100|[from] item: Life Orb\n|move|p1a: The Flood|Origin Pulse|p2a: Chien-Pao\n|-damage|p2a: Chien-Pao|0 fnt\n|faint|p2a: Chien-Pao\n|\n|win|Anne Frankkkk\n|raw|Anne Frankkkk's rating: 1124 &rarr; <strong>1150<\/strong><br \/>(+26 for winning)\n|raw|Cyroblade0202's rating: 1136 &rarr; <strong>1110<\/strong><br \/>(-26 for losing)\n|l|\u2606Cyroblade0202\n","uploadtime":1698293514,"views":15,"p1id":"annefrankkkk","p2id":"cyroblade0202","formatid":"gen9ubers","rating":1110,"private":0,"password":""}