{"id":"gen9ubers-1968234246","p1":"Hakurei Aquarius","p2":"XpokVEVO","format":"[Gen 9] Ubers","log":"|j|\u2606Hakurei Aquarius\n|j|\u2606XpokVEVO\n|t:|1697397485\n|gametype|singles\n|player|p1|Hakurei Aquarius|gloria|\n|player|p2|XpokVEVO|marshal|\n|teamsize|p1|6\n|teamsize|p2|6\n|gen|9\n|tier|[Gen 9] Ubers\n|rule|Sleep Clause Mod: Limit one foe put to sleep\n|rule|Species Clause: Limit one of each Pok\u00e9mon\n|rule|OHKO Clause: OHKO moves are banned\n|rule|Evasion Items Clause: Evasion items are banned\n|rule|Evasion Moves Clause: Evasion moves are banned\n|rule|Endless Battle Clause: Forcing endless battles is banned\n|rule|HP Percentage Mod: HP is shown in percentages\n|clearpoke\n|poke|p1|Magearna|\n|poke|p1|Garchomp, F|\n|poke|p1|Chi-Yu|\n|poke|p1|Arceus-Grass|\n|poke|p1|Palkia-Origin|\n|poke|p1|Donphan, F|\n|poke|p2|Arceus-Fire|\n|poke|p2|Shaymin-Sky|\n|poke|p2|Palkia-Origin|\n|poke|p2|Cyclizar, M|\n|poke|p2|Espathra, M|\n|poke|p2|Magearna|\n|teampreview\n|inactive|Battle timer is ON: inactive players will automatically lose when time's up. (requested by Hakurei Aquarius)\n|\n|t:|1697397492\n|start\n|switch|p1a: Magearna|Magearna|100\/100\n|switch|p2a: Cyclizar|Cyclizar, M|100\/100\n|turn|1\n|\n|t:|1697397499\n|move|p2a: Cyclizar|Taunt|p1a: Magearna\n|-start|p1a: Magearna|move: Taunt\n|cant|p1a: Magearna|move: Taunt|Spikes\n|\n|upkeep\n|turn|2\n|\n|t:|1697397502\n|move|p2a: Cyclizar|Shed Tail|p2a: Cyclizar\n|-start|p2a: Cyclizar|Substitute|[from] move: Shed Tail\n|-damage|p2a: Cyclizar|50\/100\n|\n|t:|1697397512\n|switch|p2a: Arceus-Fight\u0131ng|Arceus-Fire, shiny|100\/100|[from] Shed Tail\n|move|p1a: Magearna|Volt Switch|p2a: Arceus-Fight\u0131ng\n|-activate|p2a: Arceus-Fight\u0131ng|move: Substitute|[damage]\n|\n|t:|1697397517\n|switch|p1a: Donphan|Donphan, F|100\/100|[from] Volt Switch\n|\n|upkeep\n|turn|3\n|\n|t:|1697397526\n|move|p2a: Arceus-Fight\u0131ng|Flare Blitz|p1a: Donphan\n|-damage|p1a: Donphan|45\/100\n|-damage|p2a: Arceus-Fight\u0131ng|82\/100|[from] Recoil\n|move|p1a: Donphan|Earthquake|p2a: Arceus-Fight\u0131ng\n|-supereffective|p2a: Arceus-Fight\u0131ng\n|-end|p2a: Arceus-Fight\u0131ng|Substitute\n|\n|upkeep\n|turn|4\n|\n|t:|1697397534\n|move|p1a: Donphan|Ice Shard|p2a: Arceus-Fight\u0131ng\n|-resisted|p2a: Arceus-Fight\u0131ng\n|-damage|p2a: Arceus-Fight\u0131ng|77\/100\n|move|p2a: Arceus-Fight\u0131ng|Flare Blitz|p1a: Donphan\n|-damage|p1a: Donphan|0 fnt\n|faint|p1a: Donphan\n|-damage|p2a: Arceus-Fight\u0131ng|62\/100|[from] Recoil\n|\n|upkeep\n|\n|t:|1697397544\n|switch|p1a: Garchomp|Garchomp, F|100\/100\n|turn|5\n|\n|t:|1697397549\n|-terastallize|p2a: Arceus-Fight\u0131ng|Fairy\n|move|p2a: Arceus-Fight\u0131ng|Tera Blast|p1a: Garchomp|[anim] Tera Blast Fairy\n|-supereffective|p1a: Garchomp\n|-damage|p1a: Garchomp|25\/100\n|move|p1a: Garchomp|Scale Shot|p2a: Arceus-Fight\u0131ng\n|-immune|p2a: Arceus-Fight\u0131ng\n|\n|upkeep\n|turn|6\n|\n|t:|1697397567\n|move|p2a: Arceus-Fight\u0131ng|Dragon Dance|p2a: Arceus-Fight\u0131ng\n|-boost|p2a: Arceus-Fight\u0131ng|atk|1\n|-boost|p2a: Arceus-Fight\u0131ng|spe|1\n|move|p1a: Garchomp|Iron Head|p2a: Arceus-Fight\u0131ng\n|-supereffective|p2a: Arceus-Fight\u0131ng\n|-damage|p2a: Arceus-Fight\u0131ng|17\/100\n|\n|upkeep\n|turn|7\n|\n|t:|1697397576\n|switch|p1a: Magearna|Magearna|100\/100\n|move|p2a: Arceus-Fight\u0131ng|Tera Blast|p1a: Magearna|[anim] Tera Blast Fairy\n|-resisted|p1a: Magearna\n|-damage|p1a: Magearna|76\/100\n|\n|-heal|p1a: Magearna|82\/100|[from] item: Leftovers\n|upkeep\n|turn|8\n|c|\u2606XpokVEVO|AMBATUDIEEE\n|\n|t:|1697397584\n|move|p2a: Arceus-Fight\u0131ng|Recover|p2a: Arceus-Fight\u0131ng\n|-heal|p2a: Arceus-Fight\u0131ng|67\/100\n|move|p1a: Magearna|Volt Switch|p2a: Arceus-Fight\u0131ng\n|-damage|p2a: Arceus-Fight\u0131ng|47\/100\n|\n|t:|1697397594\n|switch|p1a: Arceus|Arceus-Grass|100\/100|[from] Volt Switch\n|\n|upkeep\n|turn|9\n|\n|t:|1697397598\n|move|p2a: Arceus-Fight\u0131ng|Flare Blitz|p1a: Arceus\n|-supereffective|p1a: Arceus\n|-damage|p1a: Arceus|0 fnt\n|faint|p1a: Arceus\n|-damage|p2a: Arceus-Fight\u0131ng|9\/100|[from] Recoil\n|\n|upkeep\n|\n|t:|1697397603\n|switch|p1a: Magearna|Magearna|82\/100\n|turn|10\n|\n|t:|1697397606\n|move|p2a: Arceus-Fight\u0131ng|Flare Blitz|p1a: Magearna\n|-supereffective|p1a: Magearna\n|-crit|p1a: Magearna\n|-damage|p1a: Magearna|0 fnt\n|faint|p1a: Magearna\n|-damage|p2a: Arceus-Fight\u0131ng|0 fnt|[from] Recoil\n|faint|p2a: Arceus-Fight\u0131ng\n|\n|upkeep\n|\n|t:|1697397610\n|switch|p2a: Cyclizar|Cyclizar, M|84\/100\n|switch|p1a: Garchomp|Garchomp, F|25\/100\n|turn|11\n|\n|t:|1697397616\n|move|p2a: Cyclizar|Knock Off|p1a: Garchomp\n|-damage|p1a: Garchomp|2\/100\n|-damage|p2a: Cyclizar|71\/100|[from] ability: Rough Skin|[of] p1a: Garchomp\n|-enditem|p1a: Garchomp|Loaded Dice|[from] move: Knock Off|[of] p2a: Cyclizar\n|move|p1a: Garchomp|Scale Shot|p2a: Cyclizar\n|-supereffective|p2a: Cyclizar\n|-damage|p2a: Cyclizar|37\/100\n|-supereffective|p2a: Cyclizar\n|-damage|p2a: Cyclizar|0 fnt\n|faint|p2a: Cyclizar\n|-hitcount|p2: Cyclizar|2\n|-unboost|p1a: Garchomp|def|1\n|-boost|p1a: Garchomp|spe|1\n|\n|upkeep\n|\n|t:|1697397623\n|switch|p2a: Magearna|Magearna|100\/100\n|turn|12\n|\n|t:|1697397630\n|move|p1a: Garchomp|Earthquake|p2a: Magearna\n|-supereffective|p2a: Magearna\n|-damage|p2a: Magearna|1\/100\n|move|p2a: Magearna|Shift Gear|p2a: Magearna\n|-boost|p2a: Magearna|spe|2\n|-boost|p2a: Magearna|atk|1\n|\n|upkeep\n|turn|13\n|\n|t:|1697397640\n|move|p1a: Garchomp|Iron Head|p2a: Magearna\n|-damage|p2a: Magearna|0 fnt\n|faint|p2a: Magearna\n|\n|upkeep\n|c|\u2606XpokVEVO|I forgor maths\n|\n|t:|1697397653\n|switch|p2a: Shaymin|Shaymin-Sky, shiny|100\/100\n|turn|14\n|\n|t:|1697397658\n|move|p1a: Garchomp|Scale Shot|p2a: Shaymin\n|-damage|p2a: Shaymin|83\/100\n|-damage|p2a: Shaymin|65\/100\n|-hitcount|p2a: Shaymin|2\n|-unboost|p1a: Garchomp|def|1\n|-boost|p1a: Garchomp|spe|1\n|move|p2a: Shaymin|Tailwind|p2a: Shaymin\n|-sidestart|p2: XpokVEVO|move: Tailwind\n|\n|upkeep\n|turn|15\n|\n|t:|1697397667\n|move|p2a: Shaymin|Earth Power|p1a: Garchomp\n|-damage|p1a: Garchomp|0 fnt\n|faint|p1a: Garchomp\n|-damage|p2a: Shaymin|55\/100|[from] item: Life Orb\n|\n|upkeep\n|\n|t:|1697397671\n|switch|p1a: Palkia|Palkia-Origin|100\/100\n|-ability|p1a: Palkia|Pressure\n|turn|16\n|\n|t:|1697397674\n|move|p2a: Shaymin|Seed Flare|p1a: Palkia\n|-damage|p1a: Palkia|36\/100\n|-unboost|p1a: Palkia|spd|2\n|-damage|p2a: Shaymin|45\/100|[from] item: Life Orb\n|move|p1a: Palkia|Power Gem|p2a: Shaymin\n|-supereffective|p2a: Shaymin\n|-crit|p2a: Shaymin\n|-damage|p2a: Shaymin|0 fnt\n|faint|p2a: Shaymin\n|\n|upkeep\n|\n|t:|1697397685\n|switch|p2a: Espathra|Espathra, M|100\/100\n|turn|17\n|\n|t:|1697397692\n|move|p2a: Espathra|Calm Mind|p2a: Espathra\n|-boost|p2a: Espathra|spa|1\n|-boost|p2a: Espathra|spd|1\n|move|p1a: Palkia|Hydro Pump|p2a: Espathra\n|-damage|p2a: Espathra|23\/100\n|\n|-sideend|p2: XpokVEVO|move: Tailwind\n|-ability|p2a: Espathra|Speed Boost|boost\n|-boost|p2a: Espathra|spe|1\n|upkeep\n|turn|18\n|\n|t:|1697397695\n|move|p2a: Espathra|Protect|p2a: Espathra\n|-singleturn|p2a: Espathra|Protect\n|move|p1a: Palkia|Hydro Pump|p2a: Espathra\n|-activate|p2a: Espathra|move: Protect\n|\n|-ability|p2a: Espathra|Speed Boost|boost\n|-boost|p2a: Espathra|spe|1\n|upkeep\n|turn|19\n|\n|t:|1697397701\n|move|p2a: Espathra|Stored Power|p1a: Palkia\n|-crit|p1a: Palkia\n|-damage|p1a: Palkia|0 fnt\n|faint|p1a: Palkia\n|\n|-ability|p2a: Espathra|Speed Boost|boost\n|-boost|p2a: Espathra|spe|1\n|upkeep\n|\n|t:|1697397703\n|switch|p1a: Chi-Yu|Chi-Yu|100\/100\n|-ability|p1a: Chi-Yu|Beads of Ruin\n|turn|20\n|\n|t:|1697397707\n|-terastallize|p1a: Chi-Yu|Dark\n|move|p2a: Espathra|Protect|p2a: Espathra\n|-singleturn|p2a: Espathra|Protect\n|move|p1a: Chi-Yu|Dark Pulse|p2a: Espathra\n|-activate|p2a: Espathra|move: Protect\n|\n|-ability|p2a: Espathra|Speed Boost|boost\n|-boost|p2a: Espathra|spe|1\n|upkeep\n|turn|21\n|\n|t:|1697397710\n|move|p2a: Espathra|Tera Blast|p1a: Chi-Yu\n|-damage|p1a: Chi-Yu|53\/100\n|move|p1a: Chi-Yu|Dark Pulse|p2a: Espathra\n|-supereffective|p2a: Espathra\n|-damage|p2a: Espathra|0 fnt\n|faint|p2a: Espathra\n|\n|upkeep\n|\n|t:|1697397712\n|switch|p2a: Palkia|Palkia-Origin|100\/100\n|-ability|p2a: Palkia|Pressure\n|turn|22\n|\n|t:|1697397714\n|move|p1a: Chi-Yu|Dark Pulse|p2a: Palkia\n|-damage|p2a: Palkia|35\/100\n|cant|p2a: Palkia|flinch\n|\n|upkeep\n|turn|23\n|c|\u2606XpokVEVO|Speechless\n|c|\u2606Hakurei Aquarius|:D\n|\n|t:|1697397727\n|move|p1a: Chi-Yu|Dark Pulse|p2a: Palkia\n|-damage|p2a: Palkia|0 fnt\n|faint|p2a: Palkia\n|\n|win|Hakurei Aquarius\n|c|\u2606XpokVEVO|Re\n|c|\u2606XpokVEVO|Bo3\n|l|\u2606XpokVEVO\n|l|\u2606Hakurei Aquarius\n|j|\u2606XpokVEVO\n|player|p2|XpokVEVO|marshal\n","uploadtime":1697397730,"views":20,"p1id":"hakureiaquarius","p2id":"xpokvevo","formatid":"gen9ubers","rating":0,"private":0,"password":""}