{"id":"gen9ubers-1998450767","p1":"Vilja RPPLF","p2":"RPPLF_Qilin","format":"[Gen 9] Ubers","log":"|j|\u2606Vilja RPPLF\n|j|\u2606RPPLF_Qilin\n|t:|1700943730\n|gametype|singles\n|player|p1|Vilja RPPLF|n-masters3|\n|player|p2|RPPLF_Qilin|101|\n|teamsize|p1|6\n|teamsize|p2|6\n|gen|9\n|tier|[Gen 9] Ubers\n|rule|Sleep Clause Mod: Limit one foe put to sleep\n|rule|Species Clause: Limit one of each Pok\u00e9mon\n|rule|OHKO Clause: OHKO moves are banned\n|rule|Evasion Items Clause: Evasion items are banned\n|rule|Evasion Moves Clause: Evasion moves are banned\n|rule|Endless Battle Clause: Forcing endless battles is banned\n|rule|HP Percentage Mod: HP is shown in percentages\n|clearpoke\n|poke|p1|Magnezone|\n|poke|p1|Iron Valiant|\n|poke|p1|Mimikyu, F|\n|poke|p1|Hoopa-Unbound|\n|poke|p1|Garchomp, M|\n|poke|p1|Cinderace, M|\n|poke|p2|Arceus|\n|poke|p2|Okidogi, M|\n|poke|p2|Grimmsnarl, M|\n|poke|p2|Corviknight, M|\n|poke|p2|Regidrago|\n|poke|p2|Greninja-*, M|\n|teampreview\n|inactive|Battle timer is ON: inactive players will automatically lose when time's up. (requested by Vilja RPPLF)\n|inactiveoff|Battle timer is now OFF.\n|\n|t:|1700943751\n|start\n|switch|p1a: Hoopa|Hoopa-Unbound|100\/100\n|switch|p2a: Okidogi|Okidogi, M|100\/100\n|turn|1\n|c|\u2606RPPLF_Qilin|Gl hf !\n|c|\u2606Vilja RPPLF|gl\n|c|\u2606RPPLF_Qilin|J'aime pas trop ce hoopa\n|c|\u2606Vilja RPPLF|tu m'etonnes\n|c|\u2606RPPLF_Qilin|bien pens\u00e9 en vrai\n|\n|t:|1700943808\n|switch|p1a: Magnezone|Magnezone|100\/100\n|switch|p2a: Grimmsnarl|Grimmsnarl, M|100\/100\n|\n|upkeep\n|turn|2\n|\n|t:|1700943819\n|move|p2a: Grimmsnarl|Light Screen|p2a: Grimmsnarl\n|-sidestart|p2: RPPLF_Qilin|move: Light Screen\n|move|p1a: Magnezone|Flash Cannon|p2a: Grimmsnarl\n|-supereffective|p2a: Grimmsnarl\n|-damage|p2a: Grimmsnarl|68\/100\n|\n|upkeep\n|turn|3\n|\n|t:|1700943826\n|move|p2a: Grimmsnarl|Reflect|p2a: Grimmsnarl\n|-sidestart|p2: RPPLF_Qilin|Reflect\n|move|p1a: Magnezone|Volt Switch|p2a: Grimmsnarl\n|-damage|p2a: Grimmsnarl|54\/100\n|\n|t:|1700943832\n|switch|p1a: Cinderace|Cinderace, M|100\/100|[from] Volt Switch\n|\n|upkeep\n|turn|4\n|\n|t:|1700943836\n|move|p2a: Grimmsnarl|Taunt|p1a: Cinderace\n|-start|p1a: Cinderace|move: Taunt\n|cant|p1a: Cinderace|move: Taunt|Court Change\n|\n|upkeep\n|turn|5\n|\n|t:|1700943842\n|move|p2a: Grimmsnarl|Parting Shot|p1a: Cinderace\n|-unboost|p1a: Cinderace|atk|1\n|-unboost|p1a: Cinderace|spa|1\n|\n|t:|1700943862\n|switch|p2a: Okidogi|Okidogi, M|100\/100|[from] Parting Shot\n|move|p1a: Cinderace|Flame Charge|p2a: Okidogi\n|-damage|p2a: Okidogi|94\/100\n|-boost|p1a: Cinderace|spe|1\n|\n|upkeep\n|turn|6\n|\n|t:|1700943879\n|move|p1a: Cinderace|U-turn|p2a: Okidogi\n|-resisted|p2a: Okidogi\n|-damage|p2a: Okidogi|92\/100\n|\n|t:|1700943885\n|switch|p1a: Garchomp|Garchomp, M|100\/100|[from] U-turn\n|move|p2a: Okidogi|Knock Off|p1a: Garchomp\n|-damage|p1a: Garchomp|62\/100\n|-damage|p2a: Okidogi|79\/100|[from] ability: Rough Skin|[of] p1a: Garchomp\n|-enditem|p1a: Garchomp|White Herb|[from] move: Knock Off|[of] p2a: Okidogi\n|\n|upkeep\n|turn|7\n|\n|t:|1700943898\n|move|p1a: Garchomp|Scale Shot|p2a: Okidogi\n|-crit|p2a: Okidogi\n|-damage|p2a: Okidogi|64\/100\n|-damage|p2a: Okidogi|58\/100\n|-hitcount|p2a: Okidogi|2\n|-unboost|p1a: Garchomp|def|1\n|-boost|p1a: Garchomp|spe|1\n|move|p2a: Okidogi|Drain Punch|p1a: Garchomp\n|-damage|p1a: Garchomp|3\/100\n|-heal|p2a: Okidogi|87\/100|[from] drain|[of] p1a: Garchomp\n|-damage|p2a: Okidogi|74\/100|[from] ability: Rough Skin|[of] p1a: Garchomp\n|\n|upkeep\n|turn|8\n|\n|t:|1700943910\n|switch|p2a: Grimmsnarl|Grimmsnarl, M|54\/100\n|move|p1a: Garchomp|Rock Slide|p2a: Grimmsnarl\n|-damage|p2a: Grimmsnarl|39\/100\n|\n|upkeep\n|turn|9\n|\n|t:|1700943915\n|move|p2a: Grimmsnarl|Parting Shot|p1a: Garchomp\n|-unboost|p1a: Garchomp|atk|1\n|-unboost|p1a: Garchomp|spa|1\n|\n|t:|1700943918\n|switch|p2a: Corviknight|Corviknight, M|100\/100|[from] Parting Shot\n|-ability|p2a: Corviknight|Pressure\n|move|p1a: Garchomp|Earthquake|p2a: Corviknight\n|-immune|p2a: Corviknight\n|\n|-sideend|p2: RPPLF_Qilin|move: Light Screen\n|upkeep\n|turn|10\n|\n|t:|1700943940\n|move|p1a: Garchomp|Rock Slide|p2a: Corviknight\n|-damage|p2a: Corviknight|95\/100\n|move|p2a: Corviknight|U-turn|p1a: Garchomp\n|-damage|p1a: Garchomp|0 fnt\n|-damage|p2a: Corviknight|83\/100|[from] ability: Rough Skin|[of] p1a: Garchomp\n|faint|p1a: Garchomp\n|\n|t:|1700943950\n|switch|p2a: Okidogi|Okidogi, M|74\/100|[from] U-turn\n|\n|-sideend|p2: RPPLF_Qilin|Reflect\n|upkeep\n|\n|t:|1700943955\n|switch|p1a: Hoopa|Hoopa-Unbound|100\/100\n|turn|11\n|\n|t:|1700943970\n|switch|p2a: Corviknight|Corviknight, M|83\/100\n|-ability|p2a: Corviknight|Pressure\n|move|p1a: Hoopa|Thunderbolt|p2a: Corviknight\n|-supereffective|p2a: Corviknight\n|-damage|p2a: Corviknight|18\/100\n|\n|upkeep\n|turn|12\n|\n|t:|1700943978\n|move|p1a: Hoopa|Thunderbolt|p2a: Corviknight\n|-supereffective|p2a: Corviknight\n|-damage|p2a: Corviknight|0 fnt\n|faint|p2a: Corviknight\n|\n|upkeep\n|\n|t:|1700943986\n|switch|p2a: Regidrago|Regidrago|100\/100\n|turn|13\n|\n|t:|1700944001\n|switch|p1a: Mimikyu|Mimikyu, F, shiny|100\/100\n|switch|p2a: Okidogi|Okidogi, M|74\/100\n|\n|upkeep\n|turn|14\n|\n|t:|1700944015\n|move|p1a: Mimikyu|Play Rough|p2a: Okidogi\n|-damage|p2a: Okidogi|35\/100\n|-damage|p1a: Mimikyu|91\/100|[from] item: Life Orb\n|move|p2a: Okidogi|Knock Off|p1a: Mimikyu\n|-activate|p1a: Mimikyu|ability: Disguise\n|-damage|p1a: Mimikyu|91\/100\n|-enditem|p1a: Mimikyu|Life Orb|[from] move: Knock Off|[of] p2a: Okidogi\n|detailschange|p1a: Mimikyu|Mimikyu-Busted, F, shiny\n|-damage|p1a: Mimikyu|78\/100|[from] pokemon: Mimikyu-Busted\n|\n|upkeep\n|turn|15\n|\n|t:|1700944027\n|move|p1a: Mimikyu|Play Rough|p2a: Okidogi\n|-damage|p2a: Okidogi|6\/100\n|move|p2a: Okidogi|Poison Jab|p1a: Mimikyu\n|-damage|p1a: Mimikyu|0 fnt\n|faint|p1a: Mimikyu\n|\n|upkeep\n|c|\u2606Vilja RPPLF|jpp\n|\n|t:|1700944038\n|switch|p1a: Hoopa|Hoopa-Unbound|100\/100\n|turn|16\n|c|\u2606RPPLF_Qilin|plus de life orb\n|c|\u2606Vilja RPPLF|ahh\n|c|\u2606Vilja RPPLF|jcroyais au roll\n|\n|t:|1700944061\n|move|p1a: Hoopa|Drain Punch|p2a: Okidogi\n|-resisted|p2a: Okidogi\n|-damage|p2a: Okidogi|0 fnt\n|faint|p2a: Okidogi\n|\n|upkeep\n|c|\u2606RPPLF_Qilin|la fin est tricky\n|c|\u2606Vilja RPPLF|je joue pas pour la place de tournoi osef\n|\n|t:|1700944121\n|switch|p2a: Grimmsnarl|Grimmsnarl, M|39\/100\n|turn|17\n|c|\u2606RPPLF_Qilin|Tu vas le faire le tournois ;)\n|\n|t:|1700944141\n|move|p2a: Grimmsnarl|Reflect|p2a: Grimmsnarl\n|-sidestart|p2: RPPLF_Qilin|Reflect\n|move|p1a: Hoopa|Drain Punch|p2a: Grimmsnarl\n|-damage|p2a: Grimmsnarl|19\/100\n|\n|upkeep\n|turn|18\n|c|\u2606Vilja RPPLF|pas \u00e0 3 victoires\n|\n|t:|1700944152\n|move|p2a: Grimmsnarl|Light Screen|p2a: Grimmsnarl\n|-sidestart|p2: RPPLF_Qilin|move: Light Screen\n|move|p1a: Hoopa|Drain Punch|p2a: Grimmsnarl\n|-damage|p2a: Grimmsnarl|0 fnt\n|faint|p2a: Grimmsnarl\n|\n|upkeep\n|c|\u2606RPPLF_Qilin|Va casser Dylan mdrr\n|c|\u2606Vilja RPPLF|nope\n|\n|t:|1700944168\n|switch|p2a: Regidrago|Regidrago|100\/100\n|turn|19\n|\n|t:|1700944178\n|switch|p1a: Iron Valiant|Iron Valiant, shiny|100\/100\n|-enditem|p1a: Iron Valiant|Booster Energy\n|-activate|p1a: Iron Valiant|ability: Quark Drive|[fromitem]\n|-start|p1a: Iron Valiant|quarkdrivespe\n|move|p2a: Regidrago|Dragon Dance|p2a: Regidrago\n|-boost|p2a: Regidrago|atk|1\n|-boost|p2a: Regidrago|spe|1\n|\n|upkeep\n|turn|20\n|\n|t:|1700944188\n|-terastallize|p2a: Regidrago|Fire\n|move|p1a: Iron Valiant|Spirit Break|p2a: Regidrago\n|-resisted|p2a: Regidrago\n|-crit|p2a: Regidrago\n|-damage|p2a: Regidrago|66\/100\n|-unboost|p2a: Regidrago|spa|1\n|move|p2a: Regidrago|Dragon Dance|p2a: Regidrago\n|-boost|p2a: Regidrago|atk|1\n|-boost|p2a: Regidrago|spe|1\n|\n|upkeep\n|turn|21\n|\n|t:|1700944230\n|move|p2a: Regidrago|Tera Blast|p1a: Iron Valiant|[anim] Tera Blast Fire\n|-damage|p1a: Iron Valiant|31\/100\n|move|p1a: Iron Valiant|Knock Off|p2a: Regidrago\n|-damage|p2a: Regidrago|47\/100\n|-enditem|p2a: Regidrago|Dragon Fang|[from] move: Knock Off|[of] p1a: Iron Valiant\n|\n|upkeep\n|turn|22\n|\n|t:|1700944244\n|-end|p1a: Iron Valiant|Quark Drive|[silent]\n|switch|p1a: Cinderace|Cinderace, M|100\/100\n|move|p2a: Regidrago|Tera Blast|p1a: Cinderace|[anim] Tera Blast Fire\n|-resisted|p1a: Cinderace\n|-damage|p1a: Cinderace|59\/100\n|\n|upkeep\n|turn|23\n|\n|t:|1700944250\n|move|p2a: Regidrago|Dragon Claw|p1a: Cinderace\n|-damage|p1a: Cinderace|0 fnt\n|faint|p1a: Cinderace\n|\n|upkeep\n|\n|t:|1700944258\n|switch|p1a: Hoopa|Hoopa-Unbound|100\/100\n|turn|24\n|\n|t:|1700944276\n|move|p2a: Regidrago|Dragon Claw|p1a: Hoopa\n|-damage|p1a: Hoopa|0 fnt\n|faint|p1a: Hoopa\n|\n|-sideend|p2: RPPLF_Qilin|Reflect\n|upkeep\n|\n|t:|1700944280\n|switch|p1a: Magnezone|Magnezone|100\/100\n|turn|25\n|\n|t:|1700944312\n|-terastallize|p1a: Magnezone|Psychic\n|move|p2a: Regidrago|Tera Blast|p1a: Magnezone|[anim] Tera Blast Fire\n|-damage|p1a: Magnezone|49\/100\n|move|p1a: Magnezone|Thunderbolt|p2a: Regidrago\n|-damage|p2a: Regidrago|19\/100\n|-status|p2a: Regidrago|par\n|\n|-sideend|p2: RPPLF_Qilin|move: Light Screen\n|upkeep\n|turn|26\n|\n|t:|1700944325\n|move|p2a: Regidrago|Dragon Claw|p1a: Magnezone\n|-damage|p1a: Magnezone|0 fnt\n|faint|p1a: Magnezone\n|\n|upkeep\n|\n|t:|1700944329\n|switch|p1a: Iron Valiant|Iron Valiant, shiny|31\/100\n|turn|27\n|\n|t:|1700944344\n|move|p1a: Iron Valiant|Spirit Break|p2a: Regidrago\n|-resisted|p2a: Regidrago\n|-damage|p2a: Regidrago|0 fnt\n|faint|p2a: Regidrago\n|\n|upkeep\n|\n|t:|1700944346\n|switch|p2a: Greninja|Greninja, M|100\/100\n|turn|28\n|\n|t:|1700944349\n|move|p2a: Greninja|Surf|p1a: Iron Valiant\n|-damage|p1a: Iron Valiant|0 fnt\n|faint|p1a: Iron Valiant\n|-end|p1a: Iron Valiant|Quark Drive|[silent]\n|-damage|p2a: Greninja|91\/100|[from] item: Life Orb\n|\n|win|RPPLF_Qilin\n|c|\u2606Vilja RPPLF|gg\n|c|\u2606RPPLF_Qilin|Gg l'ami\n|c|\u2606RPPLF_Qilin|Et encore une fois\n|c|\u2606RPPLF_Qilin|va Encul\u00e9 Dylan xD\n|c|\u2606Vilja RPPLF|j'ai vraiment pas l'envi\n|c|\u2606Vilja RPPLF|l'envie*\n|c|\u2606RPPLF_Qilin|La satisfaction derri\u00e8re !\n|c|\u2606RPPLF_Qilin|C'est ca qu'on veut !\n","uploadtime":1700944389,"views":4,"p1id":"viljarpplf","p2id":"rpplfqilin","formatid":"gen9ubers","rating":0,"private":0,"password":""}