{"id":"gen9ubers-1986588586","p1":"DangerLeaderLizana","p2":"ItsmeBlankKnight","format":"[Gen 9] Ubers","log":"|j|\u2606DangerLeaderLizana\n|j|\u2606ItsmeBlankKnight\n|t:|1699495156\n|gametype|singles\n|player|p1|DangerLeaderLizana|1|\n|player|p2|ItsmeBlankKnight|larry|\n|teamsize|p1|6\n|teamsize|p2|6\n|gen|9\n|tier|[Gen 9] Ubers\n|rule|Sleep Clause Mod: Limit one foe put to sleep\n|rule|Species Clause: Limit one of each Pok\u00e9mon\n|rule|OHKO Clause: OHKO moves are banned\n|rule|Evasion Items Clause: Evasion items are banned\n|rule|Evasion Moves Clause: Evasion moves are banned\n|rule|Endless Battle Clause: Forcing endless battles is banned\n|rule|HP Percentage Mod: HP is shown in percentages\n|clearpoke\n|poke|p1|Roaring Moon|\n|poke|p1|Cyclizar, F|\n|poke|p1|Zacian-*|\n|poke|p1|Arceus-Fire|\n|poke|p1|Urshifu-*, F|\n|poke|p1|Hoopa-Unbound|\n|poke|p2|Chi-Yu|\n|poke|p2|Palafin, M|\n|poke|p2|Spectrier|\n|poke|p2|Zacian-*|\n|poke|p2|Arceus-Ghost|\n|poke|p2|Masquerain, F|\n|teampreview\n|inactive|Battle timer is ON: inactive players will automatically lose when time's up. (requested by DangerLeaderLizana)\n|inactive|ItsmeBlankKnight also wants the timer to be on.\n|\n|t:|1699495173\n|start\n|switch|p1a: Arceus|Arceus-Fire|100\/100\n|switch|p2a: Arceus|Arceus-Ghost|100\/100\n|turn|1\n|\n|t:|1699495182\n|move|p1a: Arceus|Dragon Dance|p1a: Arceus\n|-boost|p1a: Arceus|atk|1\n|-boost|p1a: Arceus|spe|1\n|move|p2a: Arceus|Earthquake|p1a: Arceus\n|-supereffective|p1a: Arceus\n|-damage|p1a: Arceus|44\/100\n|\n|upkeep\n|turn|2\n|\n|t:|1699495190\n|move|p1a: Arceus|Earthquake|p2a: Arceus\n|-damage|p2a: Arceus|64\/100\n|move|p2a: Arceus|Swords Dance|p2a: Arceus\n|-boost|p2a: Arceus|atk|2\n|\n|upkeep\n|turn|3\n|\n|t:|1699495195\n|move|p2a: Arceus|Extreme Speed|p1a: Arceus\n|-damage|p1a: Arceus|0 fnt\n|faint|p1a: Arceus\n|\n|upkeep\n|\n|t:|1699495200\n|switch|p1a: Zacian|Zacian|100\/100\n|-ability|p1a: Zacian|Intrepid Sword|boost\n|-boost|p1a: Zacian|atk|1\n|turn|4\n|\n|t:|1699495203\n|-terastallize|p2a: Arceus|Normal\n|move|p2a: Arceus|Extreme Speed|p1a: Zacian\n|-damage|p1a: Zacian|23\/100\n|move|p1a: Zacian|Crunch|p2a: Arceus\n|-damage|p2a: Arceus|36\/100\n|\n|upkeep\n|turn|5\n|c|\u2606ItsmeBlankKnight|shouldve sd damn\n|\n|t:|1699495218\n|move|p2a: Arceus|Extreme Speed|p1a: Zacian\n|-damage|p1a: Zacian|0 fnt\n|faint|p1a: Zacian\n|\n|upkeep\n|\n|t:|1699495220\n|switch|p1a: Urshifu|Urshifu-Rapid-Strike, F|100\/100\n|turn|6\n|\n|t:|1699495225\n|move|p2a: Arceus|Extreme Speed|p1a: Urshifu\n|-damage|p1a: Urshifu|9\/100\n|move|p1a: Urshifu|Close Combat|p2a: Arceus\n|-supereffective|p2a: Arceus\n|-damage|p2a: Arceus|0 fnt\n|-unboost|p1a: Urshifu|def|1\n|-unboost|p1a: Urshifu|spd|1\n|faint|p2a: Arceus\n|\n|upkeep\n|\n|t:|1699495229\n|switch|p2a: Palafin|Palafin, M|100\/100\n|turn|7\n|\n|t:|1699495232\n|move|p2a: Palafin|Jet Punch|p1a: Urshifu\n|-resisted|p1a: Urshifu\n|-damage|p1a: Urshifu|0 fnt\n|faint|p1a: Urshifu\n|-damage|p2a: Palafin|91\/100|[from] item: Life Orb\n|\n|upkeep\n|\n|t:|1699495235\n|switch|p1a: Roaring Moon|Roaring Moon|100\/100\n|-enditem|p1a: Roaring Moon|Booster Energy\n|-activate|p1a: Roaring Moon|ability: Protosynthesis|[fromitem]\n|-start|p1a: Roaring Moon|protosynthesisatk\n|turn|8\n|\n|t:|1699495246\n|detailschange|p2a: Palafin|Palafin-Hero, M\n|switch|p2a: Zacian|Zacian|100\/100\n|-ability|p2a: Zacian|Intrepid Sword|boost\n|-boost|p2a: Zacian|atk|1\n|move|p1a: Roaring Moon|Acrobatics|p2a: Zacian\n|-damage|p2a: Zacian|52\/100\n|\n|-heal|p2a: Zacian|58\/100|[from] item: Leftovers\n|upkeep\n|turn|9\n|\n|t:|1699495249\n|-terastallize|p1a: Roaring Moon|Flying\n|move|p2a: Zacian|Play Rough|p1a: Roaring Moon\n|-damage|p1a: Roaring Moon|22\/100\n|move|p1a: Roaring Moon|Dragon Dance|p1a: Roaring Moon\n|-boost|p1a: Roaring Moon|atk|1\n|-boost|p1a: Roaring Moon|spe|1\n|\n|-heal|p2a: Zacian|64\/100|[from] item: Leftovers\n|upkeep\n|turn|10\n|\n|t:|1699495252\n|move|p1a: Roaring Moon|Acrobatics|p2a: Zacian\n|-crit|p2a: Zacian\n|-damage|p2a: Zacian|0 fnt\n|faint|p2a: Zacian\n|\n|upkeep\n|\n|t:|1699495254\n|switch|p2a: Palafin|Palafin-Hero, M|91\/100\n|-activate|p2a: Palafin|ability: Zero to Hero\n|turn|11\n|\n|t:|1699495257\n|move|p2a: Palafin|Jet Punch|p1a: Roaring Moon\n|-damage|p1a: Roaring Moon|0 fnt\n|faint|p1a: Roaring Moon\n|-end|p1a: Roaring Moon|Protosynthesis|[silent]\n|-damage|p2a: Palafin|81\/100|[from] item: Life Orb\n|\n|upkeep\n|\n|t:|1699495258\n|switch|p1a: Hoopa|Hoopa-Unbound|100\/100\n|turn|12\n|c|\u2606DangerLeaderLizana|Gg\n|\n|t:|1699495287\n|move|p2a: Palafin|Jet Punch|p1a: Hoopa\n|-damage|p1a: Hoopa|13\/100\n|-damage|p2a: Palafin|71\/100|[from] item: Life Orb\n|move|p1a: Hoopa|Energy Ball|p2a: Palafin\n|-supereffective|p2a: Palafin\n|-damage|p2a: Palafin|0 fnt\n|faint|p2a: Palafin\n|\n|upkeep\n|\n|t:|1699495289\n|switch|p2a: Masquerain|Masquerain, F|100\/100\n|-ability|p2a: Masquerain|Intimidate|boost\n|-unboost|p1a: Hoopa|atk|1\n|turn|13\n|\n|t:|1699495291\n|move|p1a: Hoopa|Energy Ball|p2a: Masquerain\n|-resisted|p2a: Masquerain\n|-damage|p2a: Masquerain|89\/100\n|move|p2a: Masquerain|Tailwind|p2a: Masquerain\n|-sidestart|p2: ItsmeBlankKnight|move: Tailwind\n|\n|upkeep\n|turn|14\n|\n|t:|1699495295\n|switch|p1a: Cyclizar|Cyclizar, F|100\/100\n|move|p2a: Masquerain|U-turn|p1a: Cyclizar\n|-damage|p1a: Cyclizar|79\/100\n|\n|t:|1699495301\n|switch|p2a: Chi-Yu|Chi-Yu|100\/100|[from] U-turn\n|-ability|p2a: Chi-Yu|Beads of Ruin\n|\n|upkeep\n|turn|15\n|\n|t:|1699495305\n|move|p2a: Chi-Yu|Dark Pulse|p1a: Cyclizar\n|-damage|p1a: Cyclizar|0 fnt\n|faint|p1a: Cyclizar\n|\n|upkeep\n|\n|t:|1699495307\n|switch|p1a: Hoopa|Hoopa-Unbound|13\/100\n|turn|16\n|\n|t:|1699495311\n|move|p2a: Chi-Yu|Dark Pulse|p1a: Hoopa\n|-damage|p1a: Hoopa|0 fnt\n|faint|p1a: Hoopa\n|\n|win|ItsmeBlankKnight\n|l|\u2606DangerLeaderLizana\n|c|\u2606ItsmeBlankKnight|gg\n","uploadtime":1699496103,"views":47,"p1id":"dangerleaderlizana","p2id":"itsmeblankknight","formatid":"gen9ubers","rating":0,"private":0,"password":""}