{"id":"gen9ubers-1992353289","p1":"Soul-Shards","p2":"Elin Baecil","format":"[Gen 9] Ubers","log":"|j|\u2606Soul-Shards\n|j|\u2606Elin Baecil\n|t:|1700177845\n|gametype|singles\n|player|p1|Soul-Shards|nemona-s|\n|player|p2|Elin Baecil|leon-masters|\n|teamsize|p1|6\n|teamsize|p2|6\n|gen|9\n|tier|[Gen 9] Ubers\n|rule|Sleep Clause Mod: Limit one foe put to sleep\n|rule|Species Clause: Limit one of each Pok\u00e9mon\n|rule|OHKO Clause: OHKO moves are banned\n|rule|Evasion Items Clause: Evasion items are banned\n|rule|Evasion Moves Clause: Evasion moves are banned\n|rule|Endless Battle Clause: Forcing endless battles is banned\n|rule|HP Percentage Mod: HP is shown in percentages\n|clearpoke\n|poke|p1|Sinistcha|\n|poke|p1|Dipplin, M|\n|poke|p1|Carbink|\n|poke|p1|Ursaluna, M|\n|poke|p1|Conkeldurr, F|\n|poke|p1|Basculegion, M|\n|poke|p2|Mandibuzz, F|\n|poke|p2|Ambipom, M|\n|poke|p2|Torterra, F|\n|poke|p2|Mienshao, M|\n|poke|p2|Shiftry, M|\n|poke|p2|Kommo-o, F|\n|teampreview\n|inactive|Battle timer is ON: inactive players will automatically lose when time's up. (requested by Soul-Shards)\n|inactive|Soul-Shards has 270 seconds left.\n|\n|t:|1700177894\n|start\n|switch|p1a: Conkeldurr|Conkeldurr, F|100\/100\n|switch|p2a: Mandibuzz|Mandibuzz, F|100\/100\n|turn|1\n|\n|t:|1700177921\n|-terastallize|p2a: Mandibuzz|Poison\n|move|p2a: Mandibuzz|Toxic|p1a: Conkeldurr\n|-status|p1a: Conkeldurr|tox\n|move|p1a: Conkeldurr|Ice Punch|p2a: Mandibuzz\n|-damage|p2a: Mandibuzz|80\/100\n|\n|-damage|p1a: Conkeldurr|94\/100 tox|[from] psn\n|upkeep\n|turn|2\n|inactive|Soul-Shards has 270 seconds left.\n|\n|t:|1700177967\n|switch|p1a: Sinistcha|Sinistcha|100\/100\n|move|p2a: Mandibuzz|Roost|p2a: Mandibuzz\n|-heal|p2a: Mandibuzz|100\/100\n|\n|upkeep\n|turn|3\n|\n|t:|1700177983\n|move|p2a: Mandibuzz|Toxic|p1a: Sinistcha\n|-status|p1a: Sinistcha|tox\n|move|p1a: Sinistcha|Trick Room|p1a: Sinistcha\n|-fieldstart|move: Trick Room|[of] p1a: Sinistcha\n|\n|-damage|p1a: Sinistcha|94\/100 tox|[from] psn\n|upkeep\n|turn|4\n|inactive|Soul-Shards has 240 seconds left.\n|\n|t:|1700177999\n|switch|p1a: Dipplin|Dipplin, M|100\/100\n|switch|p2a: Ambipom|Ambipom, M|100\/100\n|\n|upkeep\n|turn|5\n|inactive|Soul-Shards has 240 seconds left.\n|\n|t:|1700178015\n|switch|p1a: Conkeldurr|Conkeldurr, F|94\/100 tox\n|move|p2a: Ambipom|Fake Out|p1a: Conkeldurr\n|-damage|p1a: Conkeldurr|70\/100 tox\n|\n|-heal|p1a: Conkeldurr|76\/100 tox|[from] item: Leftovers\n|-damage|p1a: Conkeldurr|70\/100 tox|[from] psn\n|upkeep\n|turn|6\n|inactive|Soul-Shards has 240 seconds left.\n|\n|t:|1700178026\n|switch|p2a: Mandibuzz|Mandibuzz, F, tera:Poison|100\/100\n|move|p1a: Conkeldurr|Drain Punch|p2a: Mandibuzz\n|-resisted|p2a: Mandibuzz\n|-damage|p2a: Mandibuzz|85\/100\n|-heal|p1a: Conkeldurr|77\/100 tox|[from] drain|[of] p2a: Mandibuzz\n|\n|-heal|p1a: Conkeldurr|84\/100 tox|[from] item: Leftovers\n|-damage|p1a: Conkeldurr|71\/100 tox|[from] psn\n|upkeep\n|turn|7\n|inactive|Soul-Shards has 240 seconds left.\n|\n|t:|1700178046\n|switch|p1a: Basculegion|Basculegion, M|100\/100\n|move|p2a: Mandibuzz|Foul Play|p1a: Basculegion\n|-supereffective|p1a: Basculegion\n|-damage|p1a: Basculegion|0 fnt\n|faint|p1a: Basculegion\n|\n|-fieldend|move: Trick Room\n|upkeep\n|\n|t:|1700178058\n|switch|p1a: Carbink|Carbink|100\/100\n|turn|8\n|\n|t:|1700178067\n|move|p2a: Mandibuzz|Toxic|p1a: Carbink\n|-status|p1a: Carbink|tox\n|move|p1a: Carbink|Stealth Rock|p2a: Mandibuzz\n|-sidestart|p2: Elin Baecil|move: Stealth Rock\n|\n|-damage|p1a: Carbink|95\/100 tox|[from] psn\n|upkeep\n|turn|9\n|\n|t:|1700178078\n|move|p2a: Mandibuzz|Foul Play|p1a: Carbink\n|-resisted|p1a: Carbink\n|-damage|p1a: Carbink|91\/100 tox\n|move|p1a: Carbink|Trick Room|p1a: Carbink\n|-fieldstart|move: Trick Room|[of] p1a: Carbink\n|\n|-damage|p1a: Carbink|79\/100 tox|[from] psn\n|upkeep\n|turn|10\n|\n|t:|1700178093\n|switch|p1a: Ursaluna|Ursaluna, M|100\/100\n|move|p2a: Mandibuzz|Defog|p1a: Ursaluna\n|-unboost|p1a: Ursaluna|evasion|1\n|-sideend|p2: Elin Baecil|Stealth Rock|[from] move: Defog|[of] p2a: Mandibuzz\n|\n|-status|p1a: Ursaluna|brn|[from] item: Flame Orb\n|upkeep\n|turn|11\n|\n|t:|1700178104\n|switch|p2a: Mienshao|Mienshao, M|100\/100\n|move|p1a: Ursaluna|Earthquake|p2a: Mienshao\n|-damage|p2a: Mienshao|0 fnt\n|faint|p2a: Mienshao\n|\n|-damage|p1a: Ursaluna|94\/100 brn|[from] brn\n|upkeep\n|\n|t:|1700178106\n|switch|p2a: Ambipom|Ambipom, M|100\/100\n|turn|12\n|\n|t:|1700178118\n|move|p2a: Ambipom|Fake Out|p1a: Ursaluna\n|-damage|p1a: Ursaluna|73\/100 brn\n|cant|p1a: Ursaluna|flinch\n|\n|-damage|p1a: Ursaluna|67\/100 brn|[from] brn\n|upkeep\n|turn|13\n|\n|t:|1700178128\n|switch|p2a: Shiftry|Shiftry, M|100\/100\n|move|p1a: Ursaluna|Facade|p2a: Shiftry\n|-enditem|p2a: Shiftry|Focus Sash\n|-damage|p2a: Shiftry|1\/100\n|\n|-damage|p1a: Ursaluna|61\/100 brn|[from] brn\n|-fieldend|move: Trick Room\n|upkeep\n|turn|14\n|inactive|Soul-Shards has 240 seconds left.\n|\n|t:|1700178137\n|switch|p1a: Sinistcha|Sinistcha|94\/100 tox\n|move|p2a: Shiftry|Leaf Blade|p1a: Sinistcha\n|-resisted|p1a: Sinistcha\n|-damage|p1a: Sinistcha|75\/100 tox\n|\n|-damage|p1a: Sinistcha|69\/100 tox|[from] psn\n|upkeep\n|turn|15\n|inactive|Soul-Shards has 240 seconds left.\n|inactive|Soul-Shards has 210 seconds left.\n|\n|t:|1700178182\n|move|p2a: Shiftry|Knock Off|p1a: Sinistcha\n|-supereffective|p1a: Sinistcha\n|-damage|p1a: Sinistcha|0 fnt\n|-enditem|p1a: Sinistcha|Focus Sash|[from] move: Knock Off|[of] p2a: Shiftry\n|faint|p1a: Sinistcha\n|\n|upkeep\n|\n|t:|1700178198\n|switch|p1a: Conkeldurr|Conkeldurr, F|71\/100 tox\n|turn|16\n|\n|t:|1700178201\n|switch|p2a: Mandibuzz|Mandibuzz, F, tera:Poison|85\/100\n|move|p1a: Conkeldurr|Mach Punch|p2a: Mandibuzz\n|-resisted|p2a: Mandibuzz\n|-damage|p2a: Mandibuzz|76\/100\n|\n|-heal|p1a: Conkeldurr|77\/100 tox|[from] item: Leftovers\n|-damage|p1a: Conkeldurr|71\/100 tox|[from] psn\n|upkeep\n|turn|17\n|inactive|Soul-Shards has 210 seconds left.\n|\n|t:|1700178221\n|switch|p1a: Carbink|Carbink|79\/100 tox\n|move|p2a: Mandibuzz|Foul Play|p1a: Carbink\n|-resisted|p1a: Carbink\n|-damage|p1a: Carbink|74\/100 tox\n|\n|-damage|p1a: Carbink|68\/100 tox|[from] psn\n|upkeep\n|turn|18\n|\n|t:|1700178229\n|move|p2a: Mandibuzz|Roost|p2a: Mandibuzz\n|-heal|p2a: Mandibuzz|100\/100\n|move|p1a: Carbink|Trick Room|p1a: Carbink\n|-fieldstart|move: Trick Room|[of] p1a: Carbink\n|\n|-damage|p1a: Carbink|57\/100 tox|[from] psn\n|upkeep\n|turn|19\n|\n|t:|1700178237\n|move|p1a: Carbink|Stealth Rock|p2a: Mandibuzz\n|-sidestart|p2: Elin Baecil|move: Stealth Rock\n|move|p2a: Mandibuzz|Foul Play|p1a: Carbink\n|-resisted|p1a: Carbink\n|-damage|p1a: Carbink|53\/100 tox\n|\n|-damage|p1a: Carbink|35\/100 tox|[from] psn\n|upkeep\n|turn|20\n|inactive|Soul-Shards has 210 seconds left.\n|\n|t:|1700178252\n|switch|p1a: Ursaluna|Ursaluna, M|61\/100 brn\n|move|p2a: Mandibuzz|Foul Play|p1a: Ursaluna\n|-damage|p1a: Ursaluna|20\/100 brn\n|\n|-damage|p1a: Ursaluna|14\/100 brn|[from] brn\n|upkeep\n|turn|21\n|\n|t:|1700178260\n|switch|p2a: Shiftry|Shiftry, M|1\/100\n|-damage|p2a: Shiftry|0 fnt|[from] Stealth Rock\n|faint|p2a: Shiftry\n|move|p1a: Ursaluna|Facade|p2: Shiftry|[notarget]\n|-fail|p1a: Ursaluna\n|\n|-damage|p1a: Ursaluna|8\/100 brn|[from] brn\n|upkeep\n|\n|t:|1700178266\n|switch|p2a: Ambipom|Ambipom, M|100\/100\n|-damage|p2a: Ambipom|88\/100|[from] Stealth Rock\n|turn|22\n|inactive|Soul-Shards has 210 seconds left.\n|\n|t:|1700178278\n|switch|p1a: Conkeldurr|Conkeldurr, F|71\/100 tox\n|move|p2a: Ambipom|Fake Out|p1a: Conkeldurr\n|-damage|p1a: Conkeldurr|45\/100 tox\n|\n|-heal|p1a: Conkeldurr|51\/100 tox|[from] item: Leftovers\n|-damage|p1a: Conkeldurr|45\/100 tox|[from] psn\n|-fieldend|move: Trick Room\n|upkeep\n|turn|23\n|inactive|Soul-Shards has 210 seconds left.\n|\n|t:|1700178290\n|switch|p2a: Mandibuzz|Mandibuzz, F, tera:Poison|100\/100\n|move|p1a: Conkeldurr|Drain Punch|p2a: Mandibuzz\n|-resisted|p2a: Mandibuzz\n|-damage|p2a: Mandibuzz|85\/100\n|-heal|p1a: Conkeldurr|53\/100 tox|[from] drain|[of] p2a: Mandibuzz\n|\n|-heal|p1a: Conkeldurr|59\/100 tox|[from] item: Leftovers\n|-damage|p1a: Conkeldurr|47\/100 tox|[from] psn\n|upkeep\n|turn|24\n|inactive|Soul-Shards has 210 seconds left.\n|\n|t:|1700178324\n|switch|p1a: Dipplin|Dipplin, M|100\/100\n|move|p2a: Mandibuzz|Defog|p1a: Dipplin\n|-unboost|p1a: Dipplin|evasion|1\n|-sideend|p2: Elin Baecil|Stealth Rock|[from] move: Defog|[of] p2a: Mandibuzz\n|\n|upkeep\n|turn|25\n|inactive|Soul-Shards has 180 seconds left.\n|\n|t:|1700178347\n|move|p2a: Mandibuzz|Toxic|p1a: Dipplin\n|-status|p1a: Dipplin|tox\n|move|p1a: Dipplin|Draco Meteor|p2a: Mandibuzz\n|-damage|p2a: Mandibuzz|33\/100\n|-unboost|p1a: Dipplin|spa|2\n|\n|-damage|p1a: Dipplin|94\/100 tox|[from] psn\n|upkeep\n|turn|26\n|inactive|Soul-Shards has 180 seconds left.\n|-message|Soul-Shards forfeited.\n|\n|win|Elin Baecil\n|c|\u2606Soul-Shards|gg\n|c|\u2606Elin Baecil|Lo siento:(\n|c|\u2606Soul-Shards|el trick room fallo\n|c|\u2606Elin Baecil|Interesante t\u00e9cnica usarlo en singles\n|l|\u2606Soul-Shards\n","uploadtime":1700178490,"views":12,"p1id":"soulshards","p2id":"elinbaecil","formatid":"gen9ubers","rating":0,"private":0,"password":""}