{"id":"gen9ubers-1977658865","p1":"TheFlamingRepeater","p2":"Tshsbd","format":"[Gen 9] Ubers","log":"|j|\u2606TheFlamingRepeater\n|j|\u2606Tshsbd\n|t:|1698436026\n|gametype|singles\n|player|p1|TheFlamingRepeater|hugh|1164\n|player|p2|Tshsbd|ghetsis-gen5bw|1168\n|teamsize|p1|6\n|teamsize|p2|6\n|gen|9\n|tier|[Gen 9] Ubers\n|rated|\n|rule|Sleep Clause Mod: Limit one foe put to sleep\n|rule|Species Clause: Limit one of each Pok\u00e9mon\n|rule|OHKO Clause: OHKO moves are banned\n|rule|Evasion Items Clause: Evasion items are banned\n|rule|Evasion Moves Clause: Evasion moves are banned\n|rule|Endless Battle Clause: Forcing endless battles is banned\n|rule|HP Percentage Mod: HP is shown in percentages\n|clearpoke\n|poke|p1|Kyogre|\n|poke|p1|Zacian-*|\n|poke|p1|Koraidon|\n|poke|p1|Miraidon|\n|poke|p1|Arceus-Fairy|\n|poke|p1|Flutter Mane|\n|poke|p2|Eternatus|\n|poke|p2|Shaymin-Sky|\n|poke|p2|Gastrodon-East, M|\n|poke|p2|Garganacl, F|\n|poke|p2|Diancie|\n|poke|p2|Giratina|\n|teampreview\n|inactive|Battle timer is ON: inactive players will automatically lose when time's up. (requested by Tshsbd)\n|inactive|TheFlamingRepeater also wants the timer to be on.\n|c|\u2606TheFlamingRepeater|gl hf\n|c|\u2606TheFlamingRepeater|ok this team is valid\n|c|\u2606Tshsbd|Glhf\n|inactive|TheFlamingRepeater has 120 seconds left.\n|c|\u2606TheFlamingRepeater|I was up against so many rebranded UU teams that this is refreshing\n|\n|t:|1698436066\n|start\n|switch|p1a: Arceus-Real|Arceus-Fairy|100\/100\n|switch|p2a: Gastrodon|Gastrodon-East, M|100\/100\n|turn|1\n|\n|t:|1698436087\n|move|p1a: Arceus-Real|Calm Mind|p1a: Arceus-Real\n|-boost|p1a: Arceus-Real|spa|1\n|-boost|p1a: Arceus-Real|spd|1\n|move|p2a: Gastrodon|Yawn|p1a: Arceus-Real\n|-start|p1a: Arceus-Real|move: Yawn|[of] p2a: Gastrodon\n|\n|upkeep\n|turn|2\n|\n|t:|1698436100\n|switch|p1a: Miraidon|Miraidon|100\/100\n|-fieldstart|move: Electric Terrain|[from] ability: Hadron Engine|[of] p1a: Miraidon\n|switch|p2a: Eternatus|Eternatus|100\/100\n|-ability|p2a: Eternatus|Pressure\n|\n|upkeep\n|turn|3\n|\n|t:|1698436114\n|switch|p2a: Diancie|Diancie|100\/100\n|move|p1a: Miraidon|Electro Drift|p2a: Diancie\n|-damage|p2a: Diancie|15\/100\n|\n|upkeep\n|turn|4\n|\n|t:|1698436127\n|switch|p1a: Zacian|Zacian-Crowned|100\/100\n|-ability|p1a: Zacian|Intrepid Sword|boost\n|-boost|p1a: Zacian|atk|1\n|move|p2a: Diancie|Rest||[still]\n|-activate|p2a: Diancie|move: Electric Terrain\n|-fail|p2a: Diancie\n|\n|upkeep\n|turn|5\n|c|\u2606TheFlamingRepeater|rare electric terrain viability\n|c|\u2606Tshsbd|Lol\n|inactive|Tshsbd has 120 seconds left.\n|\n|t:|1698436152\n|move|p1a: Zacian|Swords Dance|p1a: Zacian\n|-boost|p1a: Zacian|atk|2\n|move|p2a: Diancie|Stealth Rock|p1a: Zacian\n|-sidestart|p1: TheFlamingRepeater|move: Stealth Rock\n|\n|upkeep\n|turn|6\n|inactive|Tshsbd has 120 seconds left.\n|\n|t:|1698436165\n|switch|p2a: Giratina|Giratina|100\/100\n|-ability|p2a: Giratina|Pressure\n|move|p1a: Zacian|Behemoth Blade|p2a: Giratina\n|-damage|p2a: Giratina|15\/100\n|\n|-heal|p2a: Giratina|22\/100|[from] item: Leftovers\n|-fieldend|move: Electric Terrain\n|upkeep\n|turn|7\n|inactive|Tshsbd has 120 seconds left.\n|\n|t:|1698436180\n|move|p1a: Zacian|Behemoth Blade|p2a: Giratina\n|-damage|p2a: Giratina|0 fnt\n|faint|p2a: Giratina\n|\n|upkeep\n|inactive|Tshsbd has 120 seconds left.\n|\n|t:|1698436188\n|switch|p2a: Shaymin|Shaymin-Sky|100\/100\n|turn|8\n|inactive|Tshsbd has 120 seconds left.\n|\n|t:|1698436211\n|-terastallize|p1a: Zacian|Fire\n|move|p2a: Shaymin|Air Slash|p1a: Zacian\n|-damage|p1a: Zacian|65\/100\n|move|p1a: Zacian|Tera Blast|p2a: Shaymin|[anim] Tera Blast Fire\n|-supereffective|p2a: Shaymin\n|-damage|p2a: Shaymin|0 fnt\n|faint|p2a: Shaymin\n|\n|upkeep\n|\n|t:|1698436217\n|switch|p2a: Garganacl|Garganacl, F|100\/100\n|turn|9\n|\n|t:|1698436227\n|move|p1a: Zacian|Behemoth Blade|p2a: Garganacl\n|-supereffective|p2a: Garganacl\n|-damage|p2a: Garganacl|0 fnt\n|faint|p2a: Garganacl\n|\n|upkeep\n|c|\u2606Tshsbd|I forgot to change my tera type\n|c|\u2606Tshsbd|I was supposed to be ghost\n|c|\u2606Tshsbd|Lol\n|\n|t:|1698436248\n|switch|p2a: Eternatus|Eternatus|100\/100\n|-ability|p2a: Eternatus|Pressure\n|turn|10\n|c|\u2606TheFlamingRepeater|oh rip\n|c|\u2606TheFlamingRepeater|probably still would have ohkod\n|\n|t:|1698436265\n|move|p1a: Zacian|Behemoth Blade|p2a: Eternatus\n|-damage|p2a: Eternatus|0 fnt\n|faint|p2a: Eternatus\n|\n|upkeep\n|c|\u2606Tshsbd|I was max defense\n|c|\u2606Tshsbd|Gg\n|inactive|Tshsbd has 90 seconds left.\n|\n|t:|1698436286\n|switch|p2a: Gastrodon|Gastrodon-East, M|100\/100\n|turn|11\n|inactive|TheFlamingRepeater has 120 seconds left.\n|\n|t:|1698436316\n|move|p1a: Zacian|Behemoth Blade|p2a: Gastrodon\n|-resisted|p2a: Gastrodon\n|-damage|p2a: Gastrodon|15\/100\n|-enditem|p2a: Gastrodon|Sitrus Berry|[eat]\n|-heal|p2a: Gastrodon|39\/100|[from] item: Sitrus Berry\n|move|p2a: Gastrodon|Yawn|p1a: Zacian\n|-start|p1a: Zacian|move: Yawn|[of] p2a: Gastrodon\n|\n|upkeep\n|turn|12\n|c|\u2606TheFlamingRepeater|oops I forgot it's water\n|c|\u2606TheFlamingRepeater|lmao\n|inactive|TheFlamingRepeater has 120 seconds left.\n|\n|t:|1698436332\n|switch|p1a: Miraidon|Miraidon|100\/100\n|-damage|p1a: Miraidon|88\/100|[from] Stealth Rock\n|-fieldstart|move: Electric Terrain|[from] ability: Hadron Engine|[of] p1a: Miraidon\n|switch|p2a: Diancie|Diancie|15\/100\n|\n|upkeep\n|turn|13\n|inactive|TheFlamingRepeater has 120 seconds left.\n|c|\u2606TheFlamingRepeater|+3 252 Atk Zacian-Crowned Behemoth Blade vs. 252 HP \/ 252+ Def Tera Ghost Garganacl: 271-321 (67 - 79.4%) -- guaranteed 2HKO after Leftovers recovery\n|\n|t:|1698436364\n|move|p1a: Miraidon|U-turn|p2a: Diancie\n|-resisted|p2a: Diancie\n|-damage|p2a: Diancie|11\/100\n|\n|t:|1698436369\n|switch|p1a: Koraidon|Koraidon|100\/100|[from] U-turn\n|-damage|p1a: Koraidon|94\/100|[from] Stealth Rock\n|-weather|SunnyDay|[from] ability: Orichalcum Pulse|[of] p1a: Koraidon\n|-activate|p1a: Koraidon|Orichalcum Pulse|[source]\n|move|p2a: Diancie|Moonblast|p1a: Koraidon\n|-supereffective|p1a: Koraidon\n|-damage|p1a: Koraidon|0 fnt\n|faint|p1a: Koraidon\n|\n|-weather|SunnyDay|[upkeep]\n|upkeep\n|c|\u2606TheFlamingRepeater|happens\n|\n|t:|1698436378\n|switch|p1a: Kyogre|Kyogre|100\/100\n|-damage|p1a: Kyogre|88\/100|[from] Stealth Rock\n|-weather|RainDance|[from] ability: Drizzle|[of] p1a: Kyogre\n|turn|14\n|c|\u2606Tshsbd|Gg wp\n|inactive|Tshsbd has 120 seconds left.\n|c|\u2606TheFlamingRepeater|gg\n|\n|t:|1698436389\n|switch|p2a: Gastrodon|Gastrodon-East, M|39\/100\n|move|p1a: Kyogre|Ice Beam|p2a: Gastrodon\n|-damage|p2a: Gastrodon|16\/100\n|\n|-weather|RainDance|[upkeep]\n|upkeep\n|turn|15\n|inactive|Tshsbd has 120 seconds left.\n|\n|t:|1698436400\n|move|p1a: Kyogre|Ice Beam|p2a: Gastrodon\n|-damage|p2a: Gastrodon|0 fnt\n|faint|p2a: Gastrodon\n|\n|-weather|RainDance|[upkeep]\n|upkeep\n|\n|t:|1698436403\n|switch|p2a: Diancie|Diancie|11\/100\n|turn|16\n|\n|t:|1698436413\n|move|p1a: Kyogre|Ice Beam|p2a: Diancie\n|-damage|p2a: Diancie|0 fnt\n|faint|p2a: Diancie\n|\n|win|TheFlamingRepeater\n|raw|TheFlamingRepeater's rating: 1164 &rarr; <strong>1189<\/strong><br \/>(+25 for winning)\n|raw|Tshsbd's rating: 1168 &rarr; <strong>1143<\/strong><br \/>(-25 for losing)\n|c|\u2606Tshsbd|Gg\n","uploadtime":1698436423,"views":8,"p1id":"theflamingrepeater","p2id":"tshsbd","formatid":"gen9ubers","rating":1143,"private":0,"password":""}