{"id":"gen9ubers-1968637348","p1":"JustAPlz","p2":"berrybarrel","format":"[Gen 9] Ubers","log":"|j|\u2606JustAPlz\n|j|\u2606berrybarrel\n|t:|1697446196\n|gametype|singles\n|player|p1|JustAPlz|wattson|1133\n|player|p2|berrybarrel|unknownf|1215\n|teamsize|p1|6\n|teamsize|p2|6\n|gen|9\n|tier|[Gen 9] Ubers\n|rated|\n|rule|Sleep Clause Mod: Limit one foe put to sleep\n|rule|Species Clause: Limit one of each Pok\u00e9mon\n|rule|OHKO Clause: OHKO moves are banned\n|rule|Evasion Items Clause: Evasion items are banned\n|rule|Evasion Moves Clause: Evasion moves are banned\n|rule|Endless Battle Clause: Forcing endless battles is banned\n|rule|HP Percentage Mod: HP is shown in percentages\n|clearpoke\n|poke|p1|Calyrex-Ice|\n|poke|p1|Koraidon|\n|poke|p1|Toxapex, M|\n|poke|p1|Ting-Lu|\n|poke|p1|Arceus|\n|poke|p1|Miraidon|\n|poke|p2|Koraidon|\n|poke|p2|Flutter Mane|\n|poke|p2|Zacian-*|\n|poke|p2|Groudon|\n|poke|p2|Ribombee, F|\n|poke|p2|Giratina-Origin|\n|teampreview\n|\n|t:|1697446207\n|start\n|switch|p1a: Arceus|Arceus|100\/100\n|switch|p2a: Ribombee|Ribombee, F|100\/100\n|turn|1\n|\n|t:|1697446213\n|move|p2a: Ribombee|Sticky Web|p1a: Arceus\n|-sidestart|p1: JustAPlz|move: Sticky Web\n|move|p1a: Arceus|Taunt|p2a: Ribombee\n|-start|p2a: Ribombee|move: Taunt\n|\n|upkeep\n|turn|2\n|\n|t:|1697446219\n|switch|p2a: Giratina|Giratina-Origin|100\/100\n|move|p1a: Arceus|Swords Dance|p1a: Arceus\n|-boost|p1a: Arceus|atk|2\n|\n|upkeep\n|turn|3\n|\n|t:|1697446227\n|move|p1a: Arceus|Shadow Claw|p2a: Giratina\n|-supereffective|p2a: Giratina\n|-damage|p2a: Giratina|28\/100\n|move|p2a: Giratina|Dragon Claw|p1a: Arceus\n|-damage|p1a: Arceus|66\/100\n|\n|upkeep\n|turn|4\n|\n|t:|1697446235\n|move|p1a: Arceus|Shadow Claw|p2a: Giratina\n|-supereffective|p2a: Giratina\n|-damage|p2a: Giratina|0 fnt\n|faint|p2a: Giratina\n|\n|upkeep\n|\n|t:|1697446240\n|switch|p2a: Ribombee|Ribombee, F|100\/100\n|turn|5\n|\n|t:|1697446246\n|move|p1a: Arceus|Extreme Speed|p2a: Ribombee\n|-enditem|p2a: Ribombee|Focus Sash\n|-damage|p2a: Ribombee|1\/100\n|move|p2a: Ribombee|Stun Spore|p1a: Arceus\n|-status|p1a: Arceus|par\n|\n|upkeep\n|turn|6\n|\n|t:|1697446253\n|move|p1a: Arceus|Extreme Speed|p2a: Ribombee\n|-damage|p2a: Ribombee|0 fnt\n|faint|p2a: Ribombee\n|\n|upkeep\n|\n|t:|1697446259\n|switch|p2a: Koraidon|Koraidon|100\/100\n|-weather|SunnyDay|[from] ability: Orichalcum Pulse|[of] p2a: Koraidon\n|-activate|p2a: Koraidon|Orichalcum Pulse|[source]\n|turn|7\n|\n|t:|1697446266\n|switch|p2a: Flutter Mane|Flutter Mane|100\/100\n|-activate|p2a: Flutter Mane|ability: Protosynthesis\n|-start|p2a: Flutter Mane|protosynthesisspe\n|move|p1a: Arceus|Extreme Speed|p2a: Flutter Mane\n|-immune|p2a: Flutter Mane\n|\n|-weather|SunnyDay|[upkeep]\n|upkeep\n|turn|8\n|\n|t:|1697446275\n|move|p2a: Flutter Mane|Moonblast|p1a: Arceus\n|-damage|p1a: Arceus|23\/100 par\n|-damage|p2a: Flutter Mane|91\/100|[from] item: Life Orb\n|cant|p1a: Arceus|par\n|\n|-weather|SunnyDay|[upkeep]\n|upkeep\n|turn|9\n|\n|t:|1697446282\n|move|p2a: Flutter Mane|Moonblast|p1a: Arceus\n|-damage|p1a: Arceus|0 fnt\n|faint|p1a: Arceus\n|-damage|p2a: Flutter Mane|81\/100|[from] item: Life Orb\n|\n|-weather|SunnyDay|[upkeep]\n|upkeep\n|\n|t:|1697446290\n|switch|p1a: Calyrex|Calyrex-Ice|100\/100\n|-ability|p1a: Calyrex|As One\n|-ability|p1a: Calyrex|Unnerve\n|turn|10\n|\n|t:|1697446296\n|move|p2a: Flutter Mane|Shadow Ball|p1a: Calyrex\n|-supereffective|p1a: Calyrex\n|-damage|p1a: Calyrex|22\/100\n|-damage|p2a: Flutter Mane|71\/100|[from] item: Life Orb\n|move|p1a: Calyrex|Trick Room|p1a: Calyrex\n|-fieldstart|move: Trick Room|[of] p1a: Calyrex\n|\n|-weather|SunnyDay|[upkeep]\n|upkeep\n|turn|11\n|\n|t:|1697446305\n|move|p1a: Calyrex|Glacial Lance|p2a: Flutter Mane\n|-damage|p2a: Flutter Mane|0 fnt\n|faint|p2a: Flutter Mane\n|-end|p2a: Flutter Mane|Protosynthesis|[silent]\n|-ability|p1a: Calyrex|Chilling Neigh|boost\n|-boost|p1a: Calyrex|atk|1\n|\n|-weather|none\n|upkeep\n|\n|t:|1697446311\n|switch|p2a: Groudon|Groudon|100\/100\n|-weather|SunnyDay|[from] ability: Drought|[of] p2a: Groudon\n|turn|12\n|\n|t:|1697446321\n|move|p1a: Calyrex|Glacial Lance|p2a: Groudon\n|-supereffective|p2a: Groudon\n|-damage|p2a: Groudon|0 fnt\n|faint|p2a: Groudon\n|-ability|p1a: Calyrex|Chilling Neigh|boost\n|-boost|p1a: Calyrex|atk|1\n|\n|-weather|SunnyDay|[upkeep]\n|upkeep\n|\n|t:|1697446329\n|switch|p2a: Zacian|Zacian-Crowned|100\/100\n|-ability|p2a: Zacian|Intrepid Sword|boost\n|-boost|p2a: Zacian|atk|1\n|turn|13\n|\n|t:|1697446334\n|move|p1a: Calyrex|High Horsepower|p2a: Zacian\n|-supereffective|p2a: Zacian\n|-damage|p2a: Zacian|0 fnt\n|faint|p2a: Zacian\n|-ability|p1a: Calyrex|Chilling Neigh|boost\n|-boost|p1a: Calyrex|atk|1\n|\n|-weather|SunnyDay|[upkeep]\n|upkeep\n|-message|berrybarrel forfeited.\n|\n|win|JustAPlz\n|raw|JustAPlz's rating: 1133 &rarr; <strong>1164<\/strong><br \/>(+31 for winning)\n|raw|berrybarrel's rating: 1215 &rarr; <strong>1184<\/strong><br \/>(-31 for losing)\n|l|\u2606berrybarrel\n","uploadtime":1697446361,"views":13,"p1id":"justaplz","p2id":"berrybarrel","formatid":"gen9ubers","rating":1164,"private":0,"password":""}