{"id":"gen9ubers-1998375589","p1":"Quoiryl","p2":"NerevarineSkelly","format":"[Gen 9] Ubers","log":"|j|\u2606Quoiryl\n|j|\u2606NerevarineSkelly\n|t:|1700935344\n|gametype|singles\n|player|p1|Quoiryl|ghetsis-gen5bw|1025\n|player|p2|NerevarineSkelly|265|1046\n|teamsize|p1|6\n|teamsize|p2|6\n|gen|9\n|tier|[Gen 9] Ubers\n|rated|\n|rule|Sleep Clause Mod: Limit one foe put to sleep\n|rule|Species Clause: Limit one of each Pok\u00e9mon\n|rule|OHKO Clause: OHKO moves are banned\n|rule|Evasion Items Clause: Evasion items are banned\n|rule|Evasion Moves Clause: Evasion moves are banned\n|rule|Endless Battle Clause: Forcing endless battles is banned\n|rule|HP Percentage Mod: HP is shown in percentages\n|clearpoke\n|poke|p1|Regieleki|\n|poke|p1|Garchomp, M|\n|poke|p1|Arceus-Psychic|\n|poke|p1|Urshifu-*, M|\n|poke|p1|Gholdengo|\n|poke|p1|Gliscor, M|\n|poke|p2|Miraidon|\n|poke|p2|Garchomp, F|\n|poke|p2|Gardevoir, F|\n|poke|p2|Iron Valiant|\n|poke|p2|Flutter Mane|\n|poke|p2|Toxapex, F|\n|teampreview\n|\n|t:|1700935354\n|start\n|switch|p1a: Regieleki|Regieleki, shiny|100\/100\n|switch|p2a: Toxapex|Toxapex, F|100\/100\n|turn|1\n|\n|t:|1700935365\n|switch|p2a: Garchomp|Garchomp, F|100\/100\n|move|p1a: Regieleki|Thunderbolt|p2a: Garchomp\n|-immune|p2a: Garchomp\n|\n|upkeep\n|turn|2\n|\n|t:|1700935378\n|-terastallize|p1a: Regieleki|Flying\n|move|p1a: Regieleki|Thunderbolt|p2a: Garchomp\n|-immune|p2a: Garchomp\n|move|p2a: Garchomp|Dragon Tail|p1a: Regieleki\n|-damage|p1a: Regieleki|60\/100\n|drag|p1a: Gholdengo|Gholdengo|100\/100\n|\n|upkeep\n|turn|3\n|\n|t:|1700935392\n|switch|p1a: Urshifu|Urshifu, M|100\/100\n|move|p2a: Garchomp|Earthquake|p1a: Urshifu\n|-damage|p1a: Urshifu|56\/100\n|\n|upkeep\n|turn|4\n|\n|t:|1700935403\n|switch|p2a: Gardevoir|Gardevoir, F|100\/100\n|move|p1a: Urshifu|Ice Punch|p2a: Gardevoir\n|-damage|p2a: Gardevoir|34\/100\n|\n|upkeep\n|turn|5\n|\n|t:|1700935426\n|switch|p2a: Miraidon|Miraidon|100\/100\n|-fieldstart|move: Electric Terrain|[from] ability: Hadron Engine|[of] p2a: Miraidon\n|move|p1a: Urshifu|Ice Punch|p2a: Miraidon\n|-supereffective|p2a: Miraidon\n|-damage|p2a: Miraidon|11\/100\n|\n|upkeep\n|turn|6\n|\n|t:|1700935434\n|move|p2a: Miraidon|Electro Drift|p1a: Urshifu\n|-damage|p1a: Urshifu|0 fnt\n|faint|p1a: Urshifu\n|\n|upkeep\n|\n|t:|1700935439\n|switch|p1a: Regieleki|Regieleki, shiny, tera:Flying|60\/100\n|turn|7\n|\n|t:|1700935449\n|switch|p2a: Garchomp|Garchomp, F|100\/100\n|move|p1a: Regieleki|Thunderbolt|p2a: Garchomp\n|-immune|p2a: Garchomp\n|\n|upkeep\n|turn|8\n|\n|t:|1700935459\n|switch|p1a: Arceus|Arceus-Psychic, shiny|100\/100\n|move|p2a: Garchomp|Dragon Tail|p1a: Arceus\n|-damage|p1a: Arceus|79\/100\n|drag|p1a: Gliscor|Gliscor, M, shiny|100\/100\n|\n|upkeep\n|turn|9\n|\n|t:|1700935473\n|move|p1a: Gliscor|Protect|p1a: Gliscor\n|-singleturn|p1a: Gliscor|Protect\n|move|p2a: Garchomp|Dragon Tail|p1a: Gliscor\n|-activate|p1a: Gliscor|move: Protect\n|\n|-fieldend|move: Electric Terrain\n|upkeep\n|turn|10\n|\n|t:|1700935479\n|move|p1a: Gliscor|Toxic Spikes|p2a: Garchomp\n|-sidestart|p2: NerevarineSkelly|move: Toxic Spikes\n|move|p2a: Garchomp|Dragon Tail|p1a: Gliscor\n|-damage|p1a: Gliscor|75\/100\n|drag|p1a: Gholdengo|Gholdengo|100\/100\n|\n|upkeep\n|turn|11\n|\n|t:|1700935490\n|move|p2a: Garchomp|Earthquake|p1a: Gholdengo\n|-supereffective|p1a: Gholdengo\n|-damage|p1a: Gholdengo|7\/100\n|move|p1a: Gholdengo|Focus Blast|p2a: Garchomp\n|-damage|p2a: Garchomp|55\/100\n|\n|-heal|p1a: Gholdengo|13\/100|[from] item: Leftovers\n|upkeep\n|turn|12\n|\n|t:|1700935501\n|switch|p1a: Regieleki|Regieleki, shiny, tera:Flying|60\/100\n|move|p2a: Garchomp|Dragon Tail|p1a: Regieleki\n|-crit|p1a: Regieleki\n|-damage|p1a: Regieleki|0 fnt\n|faint|p1a: Regieleki\n|\n|upkeep\n|\n|t:|1700935510\n|switch|p1a: Gliscor|Gliscor, M, shiny|75\/100\n|turn|13\n|\n|t:|1700935515\n|move|p1a: Gliscor|Brick Break|p2a: Garchomp\n|-damage|p2a: Garchomp|30\/100\n|-damage|p1a: Gliscor|58\/100|[from] item: Rocky Helmet|[of] p2a: Garchomp\n|-damage|p1a: Gliscor|48\/100|[from] item: Life Orb\n|move|p2a: Garchomp|Dragon Tail|p1a: Gliscor\n|-damage|p1a: Gliscor|22\/100\n|drag|p1a: Gholdengo|Gholdengo|13\/100\n|\n|-heal|p1a: Gholdengo|19\/100|[from] item: Leftovers\n|upkeep\n|turn|14\n|\n|t:|1700935534\n|switch|p1a: Arceus|Arceus-Psychic, shiny|79\/100\n|move|p2a: Garchomp|Dragon Tail|p1a: Arceus\n|-crit|p1a: Arceus\n|-damage|p1a: Arceus|49\/100\n|drag|p1a: gros dino|Garchomp, M, shiny|100\/100\n|\n|upkeep\n|turn|15\n|\n|t:|1700935549\n|switch|p2a: Iron Valiant|Iron Valiant|100\/100\n|-status|p2a: Iron Valiant|psn\n|move|p1a: gros dino|Earthquake|p2a: Iron Valiant\n|-damage|p2a: Iron Valiant|27\/100 psn\n|\n|-heal|p2a: Iron Valiant|34\/100 psn|[from] item: Leftovers\n|-damage|p2a: Iron Valiant|21\/100 psn|[from] psn\n|upkeep\n|turn|16\n|\n|t:|1700935559\n|move|p2a: Iron Valiant|Dazzling Gleam|p1a: gros dino\n|-supereffective|p1a: gros dino\n|-damage|p1a: gros dino|24\/100\n|move|p1a: gros dino|Stealth Rock|p2a: Iron Valiant\n|-sidestart|p2: NerevarineSkelly|move: Stealth Rock\n|\n|-heal|p2a: Iron Valiant|27\/100 psn|[from] item: Leftovers\n|-heal|p1a: gros dino|30\/100|[from] item: Leftovers\n|-damage|p2a: Iron Valiant|15\/100 psn|[from] psn\n|upkeep\n|turn|17\n|\n|t:|1700935573\n|move|p2a: Iron Valiant|Dazzling Gleam|p1a: gros dino\n|-supereffective|p1a: gros dino\n|-damage|p1a: gros dino|0 fnt\n|faint|p1a: gros dino\n|\n|-heal|p2a: Iron Valiant|21\/100 psn|[from] item: Leftovers\n|-damage|p2a: Iron Valiant|9\/100 psn|[from] psn\n|upkeep\n|\n|t:|1700935581\n|switch|p1a: Gliscor|Gliscor, M, shiny|22\/100\n|turn|18\n|\n|t:|1700935585\n|move|p2a: Iron Valiant|Ice Punch|p1a: Gliscor\n|-supereffective|p1a: Gliscor\n|-damage|p1a: Gliscor|0 fnt\n|faint|p1a: Gliscor\n|\n|-heal|p2a: Iron Valiant|15\/100 psn|[from] item: Leftovers\n|-damage|p2a: Iron Valiant|3\/100 psn|[from] psn\n|upkeep\n|\n|t:|1700935594\n|switch|p1a: Gholdengo|Gholdengo|19\/100\n|turn|19\n|\n|t:|1700935599\n|-end|p2a: Iron Valiant|Quark Drive|[silent]\n|switch|p2a: Toxapex|Toxapex, F|100\/100\n|-sideend|p2: NerevarineSkelly|move: Toxic Spikes|[of] p2a: Toxapex\n|-damage|p2a: Toxapex|88\/100|[from] Stealth Rock\n|move|p1a: Gholdengo|Thunder|p2a: Toxapex|[miss]\n|-miss|p1a: Gholdengo|p2a: Toxapex\n|\n|-heal|p1a: Gholdengo|25\/100|[from] item: Leftovers\n|-heal|p2a: Toxapex|94\/100|[from] item: Leftovers\n|upkeep\n|turn|20\n|\n|t:|1700935614\n|move|p1a: Gholdengo|Thunder|p2a: Toxapex\n|-supereffective|p2a: Toxapex\n|-damage|p2a: Toxapex|27\/100\n|-status|p2a: Toxapex|par\n|move|p2a: Toxapex|Toxic Spikes|p1a: Gholdengo\n|-sidestart|p1: Quoiryl|move: Toxic Spikes\n|\n|-heal|p1a: Gholdengo|31\/100|[from] item: Leftovers\n|-heal|p2a: Toxapex|32\/100 par|[from] item: Leftovers\n|upkeep\n|turn|21\n|\n|t:|1700935626\n|switch|p2a: Garchomp|Garchomp, F|30\/100\n|-damage|p2a: Garchomp|24\/100|[from] Stealth Rock\n|move|p1a: Gholdengo|Focus Blast|p2a: Garchomp\n|-damage|p2a: Garchomp|0 fnt\n|faint|p2a: Garchomp\n|\n|-heal|p1a: Gholdengo|37\/100|[from] item: Leftovers\n|upkeep\n|\n|t:|1700935634\n|switch|p2a: Flutter Mane|Flutter Mane|100\/100\n|-damage|p2a: Flutter Mane|88\/100|[from] Stealth Rock\n|-enditem|p2a: Flutter Mane|Booster Energy\n|-activate|p2a: Flutter Mane|ability: Protosynthesis|[fromitem]\n|-start|p2a: Flutter Mane|protosynthesisspe\n|turn|22\n|\n|t:|1700935645\n|move|p2a: Flutter Mane|Shadow Ball|p1a: Gholdengo\n|-supereffective|p1a: Gholdengo\n|-damage|p1a: Gholdengo|0 fnt\n|faint|p1a: Gholdengo\n|\n|upkeep\n|\n|t:|1700935651\n|switch|p1a: Arceus|Arceus-Psychic, shiny|49\/100\n|-status|p1a: Arceus|psn\n|turn|23\n|\n|t:|1700935657\n|move|p2a: Flutter Mane|Shadow Ball|p1a: Arceus\n|-supereffective|p1a: Arceus\n|-damage|p1a: Arceus|0 fnt\n|faint|p1a: Arceus\n|\n|win|NerevarineSkelly\n|raw|Quoiryl's rating: 1025 &rarr; <strong>1012<\/strong><br \/>(-13 for losing)\n|raw|NerevarineSkelly's rating: 1046 &rarr; <strong>1077<\/strong><br \/>(+31 for winning)\n","uploadtime":1700935668,"views":0,"p1id":"quoiryl","p2id":"nerevarineskelly","formatid":"gen9ubers","rating":1012,"private":0,"password":""}