{"id":"gen9ubers-1995846403","p1":"djkslaf","p2":"Sir Crodcodile","format":"[Gen 9] Ubers","log":"|j|\u2606djkslaf\n|j|\u2606Sir Crodcodile\n|t:|1700609093\n|gametype|singles\n|player|p1|djkslaf|lyra|1146\n|player|p2|Sir Crodcodile|dragontamer|1259\n|teamsize|p1|6\n|teamsize|p2|6\n|gen|9\n|tier|[Gen 9] Ubers\n|rated|\n|rule|Sleep Clause Mod: Limit one foe put to sleep\n|rule|Species Clause: Limit one of each Pok\u00e9mon\n|rule|OHKO Clause: OHKO moves are banned\n|rule|Evasion Items Clause: Evasion items are banned\n|rule|Evasion Moves Clause: Evasion moves are banned\n|rule|Endless Battle Clause: Forcing endless battles is banned\n|rule|HP Percentage Mod: HP is shown in percentages\n|clearpoke\n|poke|p1|Miraidon|\n|poke|p1|Ditto|\n|poke|p1|Kyogre|\n|poke|p1|Koraidon|\n|poke|p1|Iron Bundle|\n|poke|p1|Shaymin-Sky|\n|poke|p2|Eternatus|\n|poke|p2|Kyogre|\n|poke|p2|Miraidon|\n|poke|p2|Grimmsnarl, M|\n|poke|p2|Zacian-*|\n|poke|p2|Zamazenta-*|\n|teampreview\n|inactive|Battle timer is ON: inactive players will automatically lose when time's up. (requested by djkslaf)\n|\n|t:|1700609112\n|start\n|switch|p1a: Miraidon|Miraidon|100\/100\n|switch|p2a: Miraidon|Miraidon|100\/100\n|-fieldstart|move: Electric Terrain|[from] ability: Hadron Engine|[of] p1a: Miraidon\n|-activate|p2a: Miraidon|ability: Hadron Engine\n|-item|p2a: Miraidon|Air Balloon\n|turn|1\n|\n|t:|1700609123\n|-terastallize|p2a: Miraidon|Electric\n|move|p1a: Miraidon|Draco Meteor|p2a: Miraidon\n|-damage|p2a: Miraidon|22\/100\n|-unboost|p1a: Miraidon|spa|2\n|-enditem|p2a: Miraidon|Air Balloon\n|move|p2a: Miraidon|Draco Meteor|p1a: Miraidon\n|-supereffective|p1a: Miraidon\n|-damage|p1a: Miraidon|0 fnt\n|-unboost|p2a: Miraidon|spa|2\n|faint|p1a: Miraidon\n|\n|upkeep\n|inactive|djkslaf has 120 seconds left.\n|\n|t:|1700609156\n|switch|p1a: Kyogre|Kyogre|100\/100\n|-weather|RainDance|[from] ability: Drizzle|[of] p1a: Kyogre\n|turn|2\n|inactive|djkslaf has 120 seconds left.\n|\n|t:|1700609161\n|move|p1a: Kyogre|Water Spout|p2a: Miraidon\n|-damage|p2a: Miraidon|0 fnt\n|faint|p2a: Miraidon\n|\n|-weather|RainDance|[upkeep]\n|upkeep\n|\n|t:|1700609168\n|switch|p2a: Kyogre|Kyogre, shiny|100\/100\n|turn|3\n|\n|t:|1700609178\n|move|p1a: Kyogre|Water Spout|p2a: Kyogre\n|-resisted|p2a: Kyogre\n|-damage|p2a: Kyogre|48\/100\n|move|p2a: Kyogre|Thunder|p1a: Kyogre\n|-supereffective|p1a: Kyogre\n|-damage|p1a: Kyogre|13\/100\n|-status|p1a: Kyogre|par\n|\n|-weather|RainDance|[upkeep]\n|-heal|p2a: Kyogre|54\/100|[from] item: Leftovers\n|upkeep\n|turn|4\n|\n|t:|1700609192\n|switch|p1a: Koraidon|Koraidon|100\/100\n|-weather|SunnyDay|[from] ability: Orichalcum Pulse|[of] p1a: Koraidon\n|-activate|p1a: Koraidon|Orichalcum Pulse|[source]\n|move|p2a: Kyogre|Calm Mind|p2a: Kyogre\n|-boost|p2a: Kyogre|spa|1\n|-boost|p2a: Kyogre|spd|1\n|\n|-weather|SunnyDay|[upkeep]\n|-heal|p2a: Kyogre|60\/100|[from] item: Leftovers\n|upkeep\n|turn|5\n|\n|t:|1700609203\n|move|p1a: Koraidon|Collision Course|p2a: Kyogre\n|-damage|p2a: Kyogre|0 fnt\n|faint|p2a: Kyogre\n|\n|-weather|SunnyDay|[upkeep]\n|-fieldend|move: Electric Terrain\n|upkeep\n|inactive|Sir Crodcodile has 120 seconds left.\n|\n|t:|1700609239\n|switch|p2a: Zacian|Zacian-Crowned|100\/100\n|-ability|p2a: Zacian|Intrepid Sword|boost\n|-boost|p2a: Zacian|atk|1\n|turn|6\n|inactive|Sir Crodcodile has 120 seconds left.\n|\n|t:|1700609261\n|switch|p1a: Kyogre|Kyogre|13\/100 par\n|-weather|RainDance|[from] ability: Drizzle|[of] p1a: Kyogre\n|move|p2a: Zacian|Play Rough|p1a: Kyogre\n|-damage|p1a: Kyogre|0 fnt\n|faint|p1a: Kyogre\n|\n|-weather|RainDance|[upkeep]\n|upkeep\n|\n|t:|1700609269\n|switch|p1a: Koraidon|Koraidon|100\/100\n|-weather|SunnyDay|[from] ability: Orichalcum Pulse|[of] p1a: Koraidon\n|-activate|p1a: Koraidon|Orichalcum Pulse|[source]\n|turn|7\n|\n|t:|1700609280\n|-terastallize|p1a: Koraidon|Fire\n|move|p1a: Koraidon|Flare Blitz|p2a: Zacian\n|-supereffective|p2a: Zacian\n|-damage|p2a: Zacian|0 fnt\n|faint|p2a: Zacian\n|-damage|p1a: Koraidon|69\/100|[from] Recoil\n|\n|-weather|SunnyDay|[upkeep]\n|upkeep\n|c|\u2606Sir Crodcodile|?\n|\n|t:|1700609291\n|switch|p2a: Grimmsnarl|Grimmsnarl, M, shiny|100\/100\n|turn|8\n|\n|t:|1700609296\n|move|p2a: Grimmsnarl|Fake Out|p1a: Koraidon\n|-damage|p1a: Koraidon|51\/100\n|-damage|p2a: Grimmsnarl|91\/100|[from] item: Life Orb\n|cant|p1a: Koraidon|flinch\n|\n|-weather|SunnyDay|[upkeep]\n|upkeep\n|turn|9\n|\n|t:|1700609303\n|move|p2a: Grimmsnarl|Sucker Punch|p1a: Koraidon\n|-damage|p1a: Koraidon|5\/100\n|-damage|p2a: Grimmsnarl|81\/100|[from] item: Life Orb\n|move|p1a: Koraidon|Flare Blitz|p2a: Grimmsnarl\n|-damage|p2a: Grimmsnarl|0 fnt\n|faint|p2a: Grimmsnarl\n|-damage|p1a: Koraidon|0 fnt|[from] Recoil\n|faint|p1a: Koraidon\n|\n|-weather|SunnyDay|[upkeep]\n|upkeep\n|\n|t:|1700609321\n|switch|p1a: Shaymin|Shaymin-Sky|100\/100\n|switch|p2a: Eternatus|Eternatus, shiny|100\/100\n|-ability|p2a: Eternatus|Pressure\n|turn|10\n|\n|t:|1700609335\n|move|p1a: Shaymin|Earth Power|p2a: Eternatus\n|-supereffective|p2a: Eternatus\n|-damage|p2a: Eternatus|63\/100\n|move|p2a: Eternatus|Cosmic Power|p2a: Eternatus\n|-boost|p2a: Eternatus|def|1\n|-boost|p2a: Eternatus|spd|1\n|\n|-weather|SunnyDay|[upkeep]\n|-heal|p2a: Eternatus|69\/100|[from] item: Black Sludge\n|upkeep\n|turn|11\n|\n|t:|1700609344\n|move|p1a: Shaymin|Earth Power|p2a: Eternatus\n|-supereffective|p2a: Eternatus\n|-damage|p2a: Eternatus|42\/100\n|move|p2a: Eternatus|Toxic Spikes|p1a: Shaymin\n|-sidestart|p1: djkslaf|move: Toxic Spikes\n|\n|-weather|none\n|-heal|p2a: Eternatus|48\/100|[from] item: Black Sludge\n|upkeep\n|turn|12\n|\n|t:|1700609352\n|move|p1a: Shaymin|Earth Power|p2a: Eternatus\n|-supereffective|p2a: Eternatus\n|-damage|p2a: Eternatus|21\/100\n|move|p2a: Eternatus|Fire Blast|p1a: Shaymin\n|-supereffective|p1a: Shaymin\n|-damage|p1a: Shaymin|10\/100\n|\n|-heal|p2a: Eternatus|27\/100|[from] item: Black Sludge\n|upkeep\n|turn|13\n|\n|t:|1700609363\n|move|p1a: Shaymin|Earth Power|p2a: Eternatus\n|-supereffective|p2a: Eternatus\n|-damage|p2a: Eternatus|2\/100\n|-unboost|p2a: Eternatus|spd|1\n|move|p2a: Eternatus|Dragon Tail|p1a: Shaymin\n|-damage|p1a: Shaymin|0 fnt\n|faint|p1a: Shaymin\n|\n|-heal|p2a: Eternatus|8\/100|[from] item: Black Sludge\n|upkeep\n|\n|t:|1700609377\n|switch|p1a: Ditto|Ditto|100\/100\n|-status|p1a: Ditto|psn\n|-transform|p1a: Ditto|p2a: Eternatus|[from] ability: Imposter\n|-ability|p1a: Ditto|Pressure\n|turn|14\n|\n|t:|1700609390\n|move|p1a: Ditto|Fire Blast|p2a: Eternatus\n|-resisted|p2a: Eternatus\n|-damage|p2a: Eternatus|0 fnt\n|faint|p2a: Eternatus\n|\n|-damage|p1a: Ditto|88\/100 psn|[from] psn\n|upkeep\n|\n|t:|1700609396\n|switch|p2a: Zamazenta|Zamazenta-Crowned, shiny|100\/100\n|-ability|p2a: Zamazenta|Dauntless Shield|boost\n|-boost|p2a: Zamazenta|def|1\n|turn|15\n|\n|t:|1700609411\n|move|p1a: Ditto|Fire Blast|p2a: Zamazenta\n|-supereffective|p2a: Zamazenta\n|-damage|p2a: Zamazenta|52\/100\n|move|p2a: Zamazenta|Stone Edge|p1a: Ditto\n|-damage|p1a: Ditto|71\/100 psn\n|\n|-damage|p1a: Ditto|59\/100 psn|[from] psn\n|upkeep\n|turn|16\n|\n|t:|1700609420\n|move|p1a: Ditto|Fire Blast|p2a: Zamazenta\n|-supereffective|p2a: Zamazenta\n|-damage|p2a: Zamazenta|6\/100\n|-status|p2a: Zamazenta|brn\n|move|p2a: Zamazenta|Stone Edge|p1a: Ditto\n|-damage|p1a: Ditto|50\/100 psn\n|\n|-damage|p1a: Ditto|38\/100 psn|[from] psn\n|-damage|p2a: Zamazenta|0 fnt|[from] brn\n|faint|p2a: Zamazenta\n|\n|win|djkslaf\n|upkeep\n|raw|djkslaf's rating: 1146 &rarr; <strong>1179<\/strong><br \/>(+33 for winning)\n|raw|Sir Crodcodile's rating: 1259 &rarr; <strong>1226<\/strong><br \/>(-33 for losing)\n|c|\u2606Sir Crodcodile|ggwp\n|l|\u2606Sir Crodcodile\n|c|\u2606djkslaf|gg\n","uploadtime":1700609436,"views":5,"p1id":"djkslaf","p2id":"sircrodcodile","formatid":"gen9ubers","rating":1179,"private":0,"password":""}