{"id":"gen9ubers-1971769500","p1":"here_be_dragon","p2":"theironpikachu","format":"[Gen 9] Ubers","log":"|j|\u2606here_be_dragon\n|j|\u2606theironpikachu\n|inactive|Battle timer is ON: inactive players will automatically lose when time's up.\n|t:|1697770114\n|gametype|singles\n|player|p1|here_be_dragon|psychic-gen4|\n|player|p2|theironpikachu|may-masters|\n|teamsize|p1|6\n|teamsize|p2|6\n|gen|9\n|tier|[Gen 9] Ubers\n|rated|Tournament battle\n|rule|Sleep Clause Mod: Limit one foe put to sleep\n|rule|Species Clause: Limit one of each Pok\u00e9mon\n|rule|OHKO Clause: OHKO moves are banned\n|rule|Evasion Items Clause: Evasion items are banned\n|rule|Evasion Moves Clause: Evasion moves are banned\n|rule|Endless Battle Clause: Forcing endless battles is banned\n|rule|HP Percentage Mod: HP is shown in percentages\n|rule|Terastal Clause: You cannot Terastallize\n|rule|1 Ability Clause: Limit 1 of each ability\n|clearpoke\n|poke|p1|Arceus-Fairy|\n|poke|p1|Baxcalibur, F|\n|poke|p1|Rayquaza|\n|poke|p1|Ribombee, F|\n|poke|p1|Ogerpon-Hearthflame, F|\n|poke|p1|Regieleki|\n|poke|p2|Arceus-Water|\n|poke|p2|Blissey, F|\n|poke|p2|Muk-Alola, F|\n|poke|p2|Eternatus|\n|poke|p2|Groudon|\n|poke|p2|Giratina|\n|teampreview\n|j|*Lady Monita \u263d\n|inactive|theironpikachu also wants the timer to be on.\n|j| Dregone\n|c|\u2606theironpikachu|glhf\n|\n|t:|1697770144\n|start\n|switch|p1a: Baxcalibur|Baxcalibur, F|100\/100\n|switch|p2a: Eternatus|Eternatus|100\/100\n|turn|1\n|\n|t:|1697770155\n|move|p1a: Baxcalibur|Scale Shot|p2a: Eternatus\n|-supereffective|p2a: Eternatus\n|-damage|p2a: Eternatus|68\/100\n|-supereffective|p2a: Eternatus\n|-damage|p2a: Eternatus|37\/100\n|-supereffective|p2a: Eternatus\n|-damage|p2a: Eternatus|6\/100\n|-supereffective|p2a: Eternatus\n|-damage|p2a: Eternatus|0 fnt\n|faint|p2a: Eternatus\n|-hitcount|p2: Eternatus|4\n|-unboost|p1a: Baxcalibur|def|1\n|-boost|p1a: Baxcalibur|spe|1\n|\n|upkeep\n|\n|t:|1697770159\n|switch|p2a: Groudon|Groudon|100\/100\n|turn|2\n|\n|t:|1697770161\n|move|p1a: Baxcalibur|Icicle Spear|p2a: Groudon\n|-supereffective|p2a: Groudon\n|-damage|p2a: Groudon|90\/100\n|-supereffective|p2a: Groudon\n|-damage|p2a: Groudon|80\/100\n|-supereffective|p2a: Groudon\n|-damage|p2a: Groudon|69\/100\n|-supereffective|p2a: Groudon\n|-damage|p2a: Groudon|58\/100\n|-hitcount|p2a: Groudon|4\n|move|p2a: Groudon|Will-O-Wisp|p1a: Baxcalibur\n|-status|p1a: Baxcalibur|brn\n|\n|-heal|p2a: Groudon|65\/100|[from] item: Leftovers\n|-damage|p1a: Baxcalibur|94\/100 brn|[from] brn\n|upkeep\n|turn|3\n|j| bleahey\n|\n|t:|1697770170\n|move|p1a: Baxcalibur|Swords Dance|p1a: Baxcalibur\n|-boost|p1a: Baxcalibur|atk|2\n|move|p2a: Groudon|Spikes|p1a: Baxcalibur\n|-sidestart|p1: here_be_dragon|Spikes\n|\n|-heal|p2a: Groudon|71\/100|[from] item: Leftovers\n|-damage|p1a: Baxcalibur|88\/100 brn|[from] brn\n|upkeep\n|turn|4\n|l| bleahey\n|\n|t:|1697770197\n|switch|p2a: Arceus|Arceus-Water|100\/100\n|move|p1a: Baxcalibur|Swords Dance|p1a: Baxcalibur\n|-boost|p1a: Baxcalibur|atk|2\n|\n|-damage|p1a: Baxcalibur|82\/100 brn|[from] brn\n|upkeep\n|turn|5\n|\n|t:|1697770212\n|move|p1a: Baxcalibur|Scale Shot|p2a: Arceus\n|-damage|p2a: Arceus|95\/100\n|-damage|p2a: Arceus|90\/100\n|-damage|p2a: Arceus|85\/100\n|-damage|p2a: Arceus|80\/100\n|-hitcount|p2a: Arceus|4\n|-unboost|p1a: Baxcalibur|def|1\n|-boost|p1a: Baxcalibur|spe|1\n|move|p2a: Arceus|Calm Mind|p2a: Arceus\n|-boost|p2a: Arceus|spa|1\n|-boost|p2a: Arceus|spd|1\n|\n|-damage|p1a: Baxcalibur|76\/100 brn|[from] brn\n|upkeep\n|turn|6\n|\n|t:|1697770235\n|switch|p1a: Regieleki|Regieleki|100\/100\n|-item|p1a: Regieleki|Air Balloon\n|move|p2a: Arceus|Judgment|p1a: Regieleki\n|-damage|p1a: Regieleki|0 fnt\n|-enditem|p1a: Regieleki|Air Balloon\n|faint|p1a: Regieleki\n|\n|upkeep\n|j| happysh\n|\n|t:|1697770251\n|switch|p1a: Ogerpon|Ogerpon-Hearthflame, F|100\/100\n|-damage|p1a: Ogerpon|88\/100|[from] Spikes\n|-weather|SunnyDay|[from] ability: Orichalcum Pulse|[of] p1a: Ogerpon\n|-activate|p1a: Ogerpon|Orichalcum Pulse|[source]\n|turn|7\n|l|\u2606here_be_dragon\n|inactive|here_be_dragon disconnected and has a minute to reconnect!\n|player|p1|\n|inactive|theironpikachu has 120 seconds left.\n|inactive|here_be_dragon has 30 seconds to reconnect!\n|j|\u2606here_be_dragon\n|inactive|here_be_dragon reconnected and has 100 seconds left.\n|player|p1|here_be_dragon|psychic-gen4\n|inactive|here_be_dragon has 90 seconds left.\n|c|\u2606theironpikachu|wb\n|\n|t:|1697770311\n|move|p1a: Ogerpon|Solar Blade||[still]\n|-prepare|p1a: Ogerpon|Solar Blade\n|-anim|p1a: Ogerpon|Solar Blade|p2a: Arceus\n|-supereffective|p2a: Arceus\n|-damage|p2a: Arceus|0 fnt\n|faint|p2a: Arceus\n|\n|-weather|SunnyDay|[upkeep]\n|upkeep\n|inactive|theironpikachu has 120 seconds left.\n|\n|t:|1697770322\n|switch|p2a: Giratina|Giratina|100\/100\n|turn|8\n|\n|t:|1697770326\n|switch|p1a: Ribombee|Ribombee, F|100\/100\n|-damage|p1a: Ribombee|88\/100|[from] Spikes\n|-ability|p1a: Ribombee|Mold Breaker\n|move|p2a: Giratina|Hex|p1a: Ribombee\n|-damage|p1a: Ribombee|58\/100\n|\n|-weather|SunnyDay|[upkeep]\n|upkeep\n|turn|9\n|\n|t:|1697770333\n|move|p1a: Ribombee|Sticky Web|p2a: Giratina\n|-sidestart|p2: theironpikachu|move: Sticky Web\n|move|p2a: Giratina|Will-O-Wisp|p1a: Ribombee\n|-status|p1a: Ribombee|brn\n|\n|-weather|SunnyDay|[upkeep]\n|-damage|p1a: Ribombee|52\/100 brn|[from] brn\n|upkeep\n|turn|10\n|\n|t:|1697770341\n|move|p1a: Ribombee|Moonblast|p2a: Giratina\n|-supereffective|p2a: Giratina\n|-damage|p2a: Giratina|75\/100\n|move|p2a: Giratina|Hex|p1a: Ribombee\n|-damage|p1a: Ribombee|0 fnt\n|faint|p1a: Ribombee\n|\n|-weather|SunnyDay|[upkeep]\n|-heal|p2a: Giratina|81\/100|[from] item: Leftovers\n|upkeep\n|\n|t:|1697770349\n|switch|p1a: Baxcalibur|Baxcalibur, F|76\/100 brn\n|-damage|p1a: Baxcalibur|63\/100 brn|[from] Spikes\n|turn|11\n|\n|t:|1697770374\n|move|p1a: Baxcalibur|Scale Shot|p2a: Giratina\n|-supereffective|p2a: Giratina\n|-damage|p2a: Giratina|69\/100\n|-supereffective|p2a: Giratina\n|-damage|p2a: Giratina|58\/100\n|-supereffective|p2a: Giratina\n|-damage|p2a: Giratina|45\/100\n|-supereffective|p2a: Giratina\n|-damage|p2a: Giratina|32\/100\n|-hitcount|p2a: Giratina|4\n|-unboost|p1a: Baxcalibur|def|1\n|-boost|p1a: Baxcalibur|spe|1\n|move|p2a: Giratina|Hex|p1a: Baxcalibur\n|-crit|p1a: Baxcalibur\n|-damage|p1a: Baxcalibur|0 fnt\n|faint|p1a: Baxcalibur\n|\n|-weather|none\n|-heal|p2a: Giratina|38\/100|[from] item: Leftovers\n|upkeep\n|\n|t:|1697770392\n|switch|p1a: Arceus|Arceus-Fairy|100\/100\n|-damage|p1a: Arceus|88\/100|[from] Spikes\n|turn|12\n|\n|t:|1697770408\n|switch|p2a: Groudon|Groudon|71\/100\n|-activate|p2a: Groudon|move: Sticky Web\n|-unboost|p2a: Groudon|spe|1\n|move|p1a: Arceus|Extreme Speed|p2a: Groudon\n|-damage|p2a: Groudon|56\/100\n|\n|-heal|p2a: Groudon|62\/100|[from] item: Leftovers\n|upkeep\n|turn|13\n|inactive|here_be_dragon has 90 seconds left.\n|inactive|here_be_dragon has 60 seconds left.\n|\n|t:|1697770479\n|switch|p1a: Ogerpon|Ogerpon-Hearthflame, F|88\/100\n|-damage|p1a: Ogerpon|76\/100|[from] Spikes\n|-weather|SunnyDay|[from] ability: Orichalcum Pulse|[of] p1a: Ogerpon\n|-activate|p1a: Ogerpon|Orichalcum Pulse|[source]\n|move|p2a: Groudon|Will-O-Wisp|p1a: Ogerpon\n|-immune|p1a: Ogerpon\n|\n|-weather|SunnyDay|[upkeep]\n|-heal|p2a: Groudon|68\/100|[from] item: Leftovers\n|upkeep\n|turn|14\n|\n|t:|1697770504\n|move|p1a: Ogerpon|Solar Blade||[still]\n|-prepare|p1a: Ogerpon|Solar Blade\n|-anim|p1a: Ogerpon|Solar Blade|p2a: Groudon\n|-supereffective|p2a: Groudon\n|-damage|p2a: Groudon|21\/100\n|move|p2a: Groudon|Earthquake|p1a: Ogerpon\n|-damage|p1a: Ogerpon|12\/100\n|\n|-weather|SunnyDay|[upkeep]\n|-heal|p2a: Groudon|27\/100|[from] item: Leftovers\n|upkeep\n|turn|15\n|j| Gyarikkuho\n|inactive|here_be_dragon has 60 seconds left.\n|inactive|theironpikachu has 120 seconds left.\n|\n|t:|1697770523\n|switch|p2a: Blissey|Blissey, F|100\/100\n|-activate|p2a: Blissey|move: Sticky Web\n|-unboost|p2a: Blissey|spe|1\n|move|p1a: Ogerpon|Solar Blade||[still]\n|-prepare|p1a: Ogerpon|Solar Blade\n|-anim|p1a: Ogerpon|Solar Blade|p2a: Blissey\n|-damage|p2a: Blissey|0 fnt\n|faint|p2a: Blissey\n|\n|-weather|SunnyDay|[upkeep]\n|upkeep\n|\n|t:|1697770525\n|switch|p2a: Giratina|Giratina|38\/100\n|-activate|p2a: Giratina|move: Sticky Web\n|-unboost|p2a: Giratina|spe|1\n|turn|16\n|inactive|here_be_dragon has 60 seconds left.\n|inactive|here_be_dragon has 30 seconds left.\n|inactive|here_be_dragon has 20 seconds left.\n|inactive|here_be_dragon has 15 seconds left.\n|inactive|here_be_dragon has 10 seconds left.\n|inactive|here_be_dragon has 5 seconds left.\n|\n|t:|1697770599\n|move|p1a: Ogerpon|Play Rough|p2a: Giratina\n|-supereffective|p2a: Giratina\n|-damage|p2a: Giratina|0 fnt\n|faint|p2a: Giratina\n|\n|-weather|SunnyDay|[upkeep]\n|upkeep\n|inactive|here_be_dragon has 10 seconds left this turn.\n|\n|t:|1697770605\n|switch|p2a: Muk|Muk-Alola, F|100\/100\n|-activate|p2a: Muk|move: Sticky Web\n|-unboost|p2a: Muk|spe|1\n|turn|17\n|inactive|here_be_dragon has 20 seconds left this turn.\n|inactive|here_be_dragon has 15 seconds left.\n|\n|t:|1697770612\n|move|p1a: Ogerpon|Ivy Cudgel|p2a: Muk\n|-damage|p2a: Muk|0 fnt\n|faint|p2a: Muk\n|\n|-weather|none\n|upkeep\n|inactive|here_be_dragon has 20 seconds left this turn.\n|\n|t:|1697770615\n|switch|p2a: Groudon|Groudon|27\/100\n|-activate|p2a: Groudon|move: Sticky Web\n|-unboost|p2a: Groudon|spe|1\n|turn|18\n|inactive|here_be_dragon has 30 seconds left this turn.\n|\n|t:|1697770619\n|move|p1a: Ogerpon|Ivy Cudgel|p2a: Groudon\n|-damage|p2a: Groudon|13\/100\n|move|p2a: Groudon|Earthquake|p1a: Ogerpon\n|-damage|p1a: Ogerpon|0 fnt\n|faint|p1a: Ogerpon\n|\n|-heal|p2a: Groudon|19\/100|[from] item: Leftovers\n|upkeep\n|\n|t:|1697770623\n|switch|p1a: Arceus|Arceus-Fairy|88\/100\n|-damage|p1a: Arceus|76\/100|[from] Spikes\n|turn|19\n|\n|t:|1697770632\n|move|p1a: Arceus|Extreme Speed|p2a: Groudon\n|-damage|p2a: Groudon|3\/100\n|move|p2a: Groudon|Will-O-Wisp|p1a: Arceus\n|-status|p1a: Arceus|brn\n|\n|-heal|p2a: Groudon|9\/100|[from] item: Leftovers\n|-damage|p1a: Arceus|70\/100 brn|[from] brn\n|upkeep\n|turn|20\n|l|\u2606here_be_dragon\n|inactive|here_be_dragon disconnected and has a minute to reconnect!\n|player|p1|\n|inactive|here_be_dragon has 30 seconds left.\n|j|\u2606here_be_dragon\n|inactive|here_be_dragon reconnected and has 25 seconds left.\n|player|p1|here_be_dragon|psychic-gen4\n|inactive|here_be_dragon has 20 seconds left.\n|inactive|here_be_dragon has 15 seconds left.\n|inactive|here_be_dragon has 10 seconds left.\n|inactive|here_be_dragon has 5 seconds left.\n|-message|theironpikachu forfeited.\n|\n|win|here_be_dragon\n|inactive|here_be_dragon has 10 seconds left this turn.\n|n|\u2606theironpikachu|theironpikachu\n|n|*Lady Monita \u263d|ladymonita\n|n| Dregone|dregone\n|n| happysh|happysh\n|n| Gyarikkuho|gyarikkuho\n|n|\u2606here_be_dragon|herebedragon\n","uploadtime":1697770680,"views":8,"p1id":"herebedragon","p2id":"theironpikachu","formatid":"gen9ubers","rating":0,"private":0,"password":""}