{"id":"gen9ubers-1969518945","p1":"Maello","p2":"pro2008","format":"[Gen 9] Ubers","log":"|j|\u2606Maello\n|j|\u2606pro2008\n|t:|1697542725\n|gametype|singles\n|player|p1|Maello|170|1000\n|player|p2|pro2008|wallace|1000\n|teamsize|p1|4\n|teamsize|p2|6\n|gen|9\n|tier|[Gen 9] Ubers\n|rated|\n|rule|Sleep Clause Mod: Limit one foe put to sleep\n|rule|Species Clause: Limit one of each Pok\u00e9mon\n|rule|OHKO Clause: OHKO moves are banned\n|rule|Evasion Items Clause: Evasion items are banned\n|rule|Evasion Moves Clause: Evasion moves are banned\n|rule|Endless Battle Clause: Forcing endless battles is banned\n|rule|HP Percentage Mod: HP is shown in percentages\n|clearpoke\n|poke|p1|Flutter Mane|\n|poke|p1|Lilligant, F|\n|poke|p1|Eelektross, F|\n|poke|p1|Garchomp, M|\n|poke|p2|Enamorus, F|\n|poke|p2|Ribombee, M|\n|poke|p2|Gimmighoul-Roaming|\n|poke|p2|Zamazenta-*|\n|poke|p2|Wigglytuff, M|\n|poke|p2|Iron Leaves|\n|teampreview\n|\n|t:|1697542744\n|start\n|switch|p1a: Flutter Mane|Flutter Mane, shiny|100\/100\n|switch|p2a: Gimmighoul|Gimmighoul-Roaming|100\/100\n|turn|1\n|\n|t:|1697542773\n|move|p1a: Flutter Mane|Phantom Force||[still]\n|-prepare|p1a: Flutter Mane|Phantom Force\n|move|p2a: Gimmighoul|Astonish|p1a: Flutter Mane|[miss]\n|-miss|p2a: Gimmighoul|p1a: Flutter Mane\n|\n|upkeep\n|turn|2\n|\n|t:|1697542783\n|move|p2a: Gimmighoul|Protect|p2a: Gimmighoul\n|-singleturn|p2a: Gimmighoul|Protect\n|move|p1a: Flutter Mane|Phantom Force|p2a: Gimmighoul|[from]lockedmove\n|-activate|p2a: Gimmighoul|move: Phantom Force|[broken]\n|-supereffective|p2a: Gimmighoul\n|-damage|p2a: Gimmighoul|0 fnt\n|faint|p2a: Gimmighoul\n|\n|upkeep\n|\n|t:|1697542795\n|switch|p2a: Zamazenta|Zamazenta-Crowned|100\/100\n|-ability|p2a: Zamazenta|Dauntless Shield|boost\n|-boost|p2a: Zamazenta|def|1\n|turn|3\n|\n|t:|1697542810\n|-end|p1a: Flutter Mane|Protosynthesis|[silent]\n|switch|p1a: Garchomp|Garchomp, M|100\/100\n|move|p2a: Zamazenta|Behemoth Bash|p1a: Garchomp\n|-damage|p1a: Garchomp|58\/100\n|-damage|p2a: Zamazenta|88\/100|[from] ability: Rough Skin|[of] p1a: Garchomp\n|-damage|p2a: Zamazenta|72\/100|[from] item: Rocky Helmet|[of] p1a: Garchomp\n|\n|upkeep\n|turn|4\n|\n|t:|1697542826\n|move|p2a: Zamazenta|Psychic Fangs|p1a: Garchomp\n|-damage|p1a: Garchomp|33\/100\n|-damage|p2a: Zamazenta|59\/100|[from] ability: Rough Skin|[of] p1a: Garchomp\n|-damage|p2a: Zamazenta|43\/100|[from] item: Rocky Helmet|[of] p1a: Garchomp\n|move|p1a: Garchomp|Earthquake|p2a: Zamazenta\n|-supereffective|p2a: Zamazenta\n|-damage|p2a: Zamazenta|0 fnt\n|faint|p2a: Zamazenta\n|\n|upkeep\n|\n|t:|1697542836\n|switch|p2a: Iron Leaves|Iron Leaves|100\/100\n|turn|5\n|\n|t:|1697542850\n|move|p1a: Garchomp|Dragon Rush|p2a: Iron Leaves\n|-damage|p2a: Iron Leaves|39\/100\n|move|p2a: Iron Leaves|Leaf Storm|p1a: Garchomp\n|-damage|p1a: Garchomp|0 fnt\n|-unboost|p2a: Iron Leaves|spa|2\n|faint|p1a: Garchomp\n|\n|upkeep\n|\n|t:|1697542862\n|switch|p1a: Flutter Mane|Flutter Mane, shiny|100\/100\n|turn|6\n|\n|t:|1697542871\n|move|p1a: Flutter Mane|Sunny Day|p1a: Flutter Mane\n|-weather|SunnyDay\n|-activate|p1a: Flutter Mane|ability: Protosynthesis\n|-start|p1a: Flutter Mane|protosynthesisspe\n|move|p2a: Iron Leaves|Night Slash|p1a: Flutter Mane\n|-damage|p1a: Flutter Mane|59\/100\n|\n|-weather|SunnyDay|[upkeep]\n|upkeep\n|turn|7\n|\n|t:|1697542881\n|move|p1a: Flutter Mane|Phantom Force||[still]\n|-prepare|p1a: Flutter Mane|Phantom Force\n|move|p2a: Iron Leaves|Night Slash|p1a: Flutter Mane|[miss]\n|-miss|p2a: Iron Leaves|p1a: Flutter Mane\n|\n|-weather|SunnyDay|[upkeep]\n|upkeep\n|turn|8\n|\n|t:|1697542891\n|move|p1a: Flutter Mane|Phantom Force|p2a: Iron Leaves|[from]lockedmove\n|-supereffective|p2a: Iron Leaves\n|-damage|p2a: Iron Leaves|0 fnt\n|faint|p2a: Iron Leaves\n|-end|p2a: Iron Leaves|Quark Drive|[silent]\n|\n|-weather|SunnyDay|[upkeep]\n|upkeep\n|\n|t:|1697542909\n|switch|p2a: Ribombee|Ribombee, M|100\/100\n|turn|9\n|l|\u2606pro2008\n|player|p2|\n|\n|t:|1697542932\n|-end|p1a: Flutter Mane|Protosynthesis|[silent]\n|switch|p1a: Eelektross|Eelektross, F|100\/100\n|move|p2a: Ribombee|Stun Spore|p1a: Eelektross\n|-immune|p1a: Eelektross\n|\n|-weather|SunnyDay|[upkeep]\n|upkeep\n|turn|10\n|inactive|Battle timer is ON: inactive players will automatically lose when time's up. (requested by Maello)\n|inactive|pro2008 has 30 seconds to reconnect!\n|inactive|pro2008 has 20 seconds to reconnect!\n|inactive|pro2008 has 15 seconds to reconnect!\n|inactive|pro2008 has 10 seconds to reconnect!\n|inactive|pro2008 has 5 seconds to reconnect!\n|-message|pro2008 lost due to inactivity.\n|\n|win|Maello\n|raw|Maello's rating: 1000 &rarr; <strong>1040<\/strong><br \/>(+40 for winning)\n|raw|pro2008's rating: 1000 &rarr; <strong>1000<\/strong><br \/>(+0 for losing)\n","uploadtime":1697543537,"views":14,"p1id":"maello","p2id":"pro2008","formatid":"gen9ubers","rating":1000,"private":0,"password":""}