{"id":"gen9ubers-1994254903","p1":"OUFC Test1","p2":"ringlord","format":"[Gen 9] Ubers","log":"|j|\u203dOUFC Test1\n|j|\u2606ringlord\n|t:|1700423941\n|gametype|singles\n|player|p1|OUFC Test1|iono|\n|player|p2|ringlord|101|\n|teamsize|p1|6\n|teamsize|p2|6\n|gen|9\n|tier|[Gen 9] Ubers\n|rated|Tournament battle\n|rule|Sleep Clause Mod: Limit one foe put to sleep\n|rule|Species Clause: Limit one of each Pok\u00e9mon\n|rule|OHKO Clause: OHKO moves are banned\n|rule|Evasion Items Clause: Evasion items are banned\n|rule|Evasion Moves Clause: Evasion moves are banned\n|rule|Endless Battle Clause: Forcing endless battles is banned\n|rule|HP Percentage Mod: HP is shown in percentages\n|clearpoke\n|poke|p1|Miraidon|\n|poke|p1|Zacian-*|\n|poke|p1|Arceus-Ghost|\n|poke|p1|Gliscor, F|\n|poke|p1|Clodsire, M|\n|poke|p1|Groudon|\n|poke|p2|Arceus-Ground|\n|poke|p2|Regieleki|\n|poke|p2|Ditto|\n|poke|p2|Eternatus|\n|poke|p2|Koraidon|\n|poke|p2|Miraidon|\n|teampreview\n|inactive|Battle timer is ON: inactive players will automatically lose when time's up. (requested by ringlord)\n|c|\u2606ringlord|damm someone hate miraidon it seems\n|c|\u2606ringlord|3 ground types\n|c|\u2606ringlord|gl hf\n|\n|t:|1700423973\n|start\n|switch|p1a: Gliscor|Gliscor, F|100\/100\n|switch|p2a: Eternatus|Eternatus|100\/100\n|-ability|p2a: Eternatus|Pressure\n|turn|1\n|\n|t:|1700423986\n|move|p2a: Eternatus|Dynamax Cannon|p1a: Gliscor\n|-damage|p1a: Gliscor|14\/100\n|-damage|p2a: Eternatus|91\/100|[from] item: Life Orb\n|move|p1a: Gliscor|Earthquake|p2a: Eternatus\n|-supereffective|p2a: Eternatus\n|-damage|p2a: Eternatus|39\/100\n|\n|-status|p1a: Gliscor|tox|[from] item: Toxic Orb\n|upkeep\n|turn|2\n|\n|t:|1700423994\n|move|p1a: Gliscor|Protect|p1a: Gliscor\n|-singleturn|p1a: Gliscor|Protect\n|move|p2a: Eternatus|Recover|p2a: Eternatus\n|-heal|p2a: Eternatus|89\/100\n|\n|-heal|p1a: Gliscor|27\/100 tox|[from] ability: Poison Heal\n|upkeep\n|turn|3\n|\n|t:|1700424020\n|switch|p1a: Clodsire|Clodsire, M|100\/100\n|move|p2a: Eternatus|Flamethrower|p1a: Clodsire\n|-damage|p1a: Clodsire|77\/100\n|-damage|p2a: Eternatus|79\/100|[from] item: Life Orb\n|\n|upkeep\n|turn|4\n|inactive|ringlord has 120 seconds left.\n|\n|t:|1700424057\n|move|p2a: Eternatus|Dynamax Cannon|p1a: Clodsire\n|-damage|p1a: Clodsire|39\/100\n|-damage|p2a: Eternatus|69\/100|[from] item: Life Orb\n|move|p1a: Clodsire|Spikes|p2a: Eternatus\n|-sidestart|p2: ringlord|Spikes\n|\n|upkeep\n|turn|5\n|inactive|OUFC Test1 has 120 seconds left.\n|\n|t:|1700424101\n|move|p2a: Eternatus|Dynamax Cannon|p1a: Clodsire\n|-damage|p1a: Clodsire|0 fnt\n|faint|p1a: Clodsire\n|-damage|p2a: Eternatus|59\/100|[from] item: Life Orb\n|\n|upkeep\n|\n|t:|1700424104\n|switch|p1a: Miraidon|Miraidon|100\/100\n|-fieldstart|move: Electric Terrain|[from] ability: Hadron Engine|[of] p1a: Miraidon\n|turn|6\n|inactive|ringlord has 120 seconds left.\n|\n|t:|1700424133\n|-terastallize|p1a: Miraidon|Steel\n|move|p1a: Miraidon|Draco Meteor|p2a: Eternatus\n|-supereffective|p2a: Eternatus\n|-damage|p2a: Eternatus|0 fnt\n|-unboost|p1a: Miraidon|spa|2\n|faint|p2a: Eternatus\n|\n|upkeep\n|\n|t:|1700424142\n|switch|p2a: Regieleki|Regieleki|100\/100\n|turn|7\n|inactive|OUFC Test1 has 120 seconds left.\n|inactive|OUFC Test1 has 90 seconds left.\n|\n|t:|1700424196\n|move|p2a: Regieleki|Thunderbolt|p1a: Miraidon\n|-damage|p1a: Miraidon|37\/100\n|move|p1a: Miraidon|U-turn|p2a: Regieleki\n|-damage|p2a: Regieleki|80\/100\n|\n|t:|1700424207\n|switch|p1a: Gliscor|Gliscor, F|27\/100 tox|[from] U-turn\n|\n|-heal|p1a: Gliscor|39\/100 tox|[from] ability: Poison Heal\n|upkeep\n|turn|8\n|\n|t:|1700424219\n|move|p2a: Regieleki|Rapid Spin|p1a: Gliscor\n|-damage|p1a: Gliscor|30\/100 tox\n|-boost|p2a: Regieleki|spe|1\n|-sideend|p2: ringlord|Spikes|[from] move: Rapid Spin|[of] p2a: Regieleki\n|move|p1a: Gliscor|Earthquake|p2a: Regieleki\n|-supereffective|p2a: Regieleki\n|-damage|p2a: Regieleki|0 fnt\n|faint|p2a: Regieleki\n|\n|-heal|p1a: Gliscor|43\/100 tox|[from] ability: Poison Heal\n|upkeep\n|\n|t:|1700424226\n|switch|p2a: Arceus|Arceus-Ground|100\/100\n|turn|9\n|inactive|OUFC Test1 has 90 seconds left.\n|\n|t:|1700424252\n|move|p1a: Gliscor|Protect|p1a: Gliscor\n|-singleturn|p1a: Gliscor|Protect\n|move|p2a: Arceus|Calm Mind|p2a: Arceus\n|-boost|p2a: Arceus|spa|1\n|-boost|p2a: Arceus|spd|1\n|\n|-heal|p1a: Gliscor|55\/100 tox|[from] ability: Poison Heal\n|upkeep\n|turn|10\n|\n|t:|1700424275\n|switch|p1a: Miraidon|Miraidon, tera:Steel|37\/100\n|-activate|p1a: Miraidon|ability: Hadron Engine\n|move|p2a: Arceus|Ice Beam|p1a: Miraidon\n|-resisted|p1a: Miraidon\n|-damage|p1a: Miraidon|20\/100\n|-status|p1a: Miraidon|frz\n|\n|-fieldend|move: Electric Terrain\n|upkeep\n|turn|11\n|\n|t:|1700424281\n|switch|p1a: Groudon|Groudon|100\/100\n|-weather|SunnyDay|[from] ability: Drought|[of] p1a: Groudon\n|move|p2a: Arceus|Calm Mind|p2a: Arceus\n|-boost|p2a: Arceus|spa|1\n|-boost|p2a: Arceus|spd|1\n|\n|-weather|SunnyDay|[upkeep]\n|upkeep\n|turn|12\n|\n|t:|1700424286\n|move|p2a: Arceus|Ice Beam|p1a: Groudon\n|-supereffective|p1a: Groudon\n|-damage|p1a: Groudon|12\/100\n|move|p1a: Groudon|Roar|p2a: Arceus\n|drag|p2a: Miraidon|Miraidon|100\/100\n|-fieldstart|move: Electric Terrain|[from] ability: Hadron Engine|[of] p2a: Miraidon\n|\n|-weather|SunnyDay|[upkeep]\n|-heal|p1a: Groudon|18\/100|[from] item: Leftovers\n|upkeep\n|turn|13\n|inactive|ringlord has 120 seconds left.\n|inactive|ringlord has 90 seconds left.\n|inactiveoff|Battle timer is now OFF.\n|c|\u2606ringlord|can I stop timer\n|inactive|Battle timer is ON: inactive players will automatically lose when time's up. (requested by OUFC Test1)\n|inactiveoff|Battle timer is now OFF.\n|j| EG Jhonx\n|c|\u2606ringlord|damage calc website wont open\n|\n|t:|1700424429\n|move|p1a: Groudon|Protect|p1a: Groudon\n|-singleturn|p1a: Groudon|Protect\n|move|p2a: Miraidon|Tera Blast|p1a: Groudon\n|-activate|p1a: Groudon|move: Protect\n|\n|-weather|SunnyDay|[upkeep]\n|-heal|p1a: Groudon|24\/100|[from] item: Leftovers\n|upkeep\n|turn|14\n|inactive|Battle timer is ON: inactive players will automatically lose when time's up. (requested by ringlord)\n|c|\u2606ringlord|thanks\n|c|\u2606ringlord|you can have timer again\n|\n|t:|1700424440\n|switch|p1a: Arceus|Arceus-Ghost|100\/100\n|move|p2a: Miraidon|Tera Blast|p1a: Arceus\n|-immune|p1a: Arceus\n|\n|-weather|SunnyDay|[upkeep]\n|upkeep\n|turn|15\n|\n|t:|1700424447\n|move|p1a: Arceus|Stealth Rock|p2a: Miraidon\n|-sidestart|p2: ringlord|move: Stealth Rock\n|move|p2a: Miraidon|Electro Drift|p1a: Arceus\n|-damage|p1a: Arceus|27\/100\n|\n|-weather|none\n|upkeep\n|turn|16\n|inactive|OUFC Test1 has 120 seconds left.\n|\n|t:|1700424457\n|-terastallize|p2a: Miraidon|Ice\n|move|p1a: Arceus|Recover|p1a: Arceus\n|-heal|p1a: Arceus|77\/100\n|move|p2a: Miraidon|Tera Blast|p1a: Arceus|[anim] Tera Blast Ice\n|-damage|p1a: Arceus|31\/100\n|\n|-fieldend|move: Electric Terrain\n|upkeep\n|turn|17\n|inactive|OUFC Test1 has 120 seconds left.\n|\n|t:|1700424464\n|move|p1a: Arceus|Recover|p1a: Arceus\n|-heal|p1a: Arceus|81\/100\n|move|p2a: Miraidon|Electro Drift|p1a: Arceus\n|-damage|p1a: Arceus|42\/100\n|\n|upkeep\n|turn|18\n|inactive|ringlord has 120 seconds left.\n|\n|t:|1700424470\n|switch|p2a: Arceus|Arceus-Ground|100\/100\n|-damage|p2a: Arceus|94\/100|[from] Stealth Rock\n|move|p1a: Arceus|Judgment|p2a: Arceus\n|-damage|p2a: Arceus|59\/100\n|\n|upkeep\n|turn|19\n|\n|t:|1700424476\n|move|p1a: Arceus|Taunt|p2a: Arceus\n|-start|p2a: Arceus|move: Taunt\n|cant|p2a: Arceus|move: Taunt|Calm Mind\n|\n|upkeep\n|turn|20\n|inactive|ringlord has 120 seconds left.\n|\n|t:|1700424518\n|move|p1a: Arceus|Recover|p1a: Arceus\n|-heal|p1a: Arceus|92\/100\n|move|p2a: Arceus|Judgment|p1a: Arceus\n|-damage|p1a: Arceus|59\/100\n|\n|upkeep\n|turn|21\n|\n|t:|1700424524\n|move|p1a: Arceus|Judgment|p2a: Arceus\n|-crit|p2a: Arceus\n|-damage|p2a: Arceus|5\/100\n|move|p2a: Arceus|Judgment|p1a: Arceus\n|-damage|p1a: Arceus|25\/100\n|\n|-end|p2a: Arceus|move: Taunt\n|upkeep\n|turn|22\n|\n|t:|1700424532\n|move|p1a: Arceus|Judgment|p2a: Arceus\n|-damage|p2a: Arceus|0 fnt\n|faint|p2a: Arceus\n|\n|upkeep\n|\n|t:|1700424543\n|switch|p2a: Koraidon|Koraidon|100\/100\n|-damage|p2a: Koraidon|94\/100|[from] Stealth Rock\n|-weather|SunnyDay|[from] ability: Orichalcum Pulse|[of] p2a: Koraidon\n|-activate|p2a: Koraidon|Orichalcum Pulse|[source]\n|turn|23\n|\n|t:|1700424553\n|switch|p1a: Miraidon|Miraidon, tera:Steel|20\/100 frz\n|-fieldstart|move: Electric Terrain|[from] ability: Hadron Engine|[of] p1a: Miraidon\n|move|p2a: Koraidon|Flare Blitz|p1a: Miraidon\n|-supereffective|p1a: Miraidon\n|-damage|p1a: Miraidon|0 fnt\n|faint|p1a: Miraidon\n|-damage|p2a: Koraidon|88\/100|[from] Recoil\n|\n|-weather|SunnyDay|[upkeep]\n|upkeep\n|\n|t:|1700424556\n|switch|p1a: Gliscor|Gliscor, F|55\/100 tox\n|turn|24\n|inactive|ringlord has 120 seconds left.\n|inactive|ringlord has 90 seconds left.\n|\n|t:|1700424615\n|move|p1a: Gliscor|Protect|p1a: Gliscor\n|-singleturn|p1a: Gliscor|Protect\n|move|p2a: Koraidon|Flare Blitz|p1a: Gliscor\n|-activate|p1a: Gliscor|move: Protect\n|\n|-weather|SunnyDay|[upkeep]\n|-heal|p1a: Gliscor|67\/100 tox|[from] ability: Poison Heal\n|upkeep\n|turn|25\n|\n|t:|1700424632\n|switch|p1a: Groudon|Groudon|24\/100\n|move|p2a: Koraidon|Flare Blitz|p1a: Groudon\n|-crit|p1a: Groudon\n|-damage|p1a: Groudon|0 fnt\n|faint|p1a: Groudon\n|-damage|p2a: Koraidon|79\/100|[from] Recoil\n|\n|-weather|SunnyDay|[upkeep]\n|upkeep\n|\n|t:|1700424635\n|switch|p1a: Gliscor|Gliscor, F|67\/100 tox\n|turn|26\n|\n|t:|1700424647\n|move|p1a: Gliscor|Protect|p1a: Gliscor\n|-singleturn|p1a: Gliscor|Protect\n|move|p2a: Koraidon|Flare Blitz|p1a: Gliscor\n|-activate|p1a: Gliscor|move: Protect\n|\n|-weather|SunnyDay|[upkeep]\n|-heal|p1a: Gliscor|80\/100 tox|[from] ability: Poison Heal\n|upkeep\n|turn|27\n|\n|t:|1700424651\n|move|p2a: Koraidon|Flare Blitz|p1a: Gliscor\n|-damage|p1a: Gliscor|11\/100 tox\n|-damage|p2a: Koraidon|55\/100|[from] Recoil\n|move|p1a: Gliscor|Toxic|p2a: Koraidon\n|-status|p2a: Koraidon|tox\n|\n|-weather|none\n|-damage|p2a: Koraidon|49\/100 tox|[from] psn\n|-heal|p1a: Gliscor|23\/100 tox|[from] ability: Poison Heal\n|-fieldend|move: Electric Terrain\n|upkeep\n|turn|28\n|\n|t:|1700424660\n|move|p1a: Gliscor|Protect|p1a: Gliscor\n|-singleturn|p1a: Gliscor|Protect\n|move|p2a: Koraidon|Flare Blitz|p1a: Gliscor\n|-activate|p1a: Gliscor|move: Protect\n|\n|-damage|p2a: Koraidon|37\/100 tox|[from] psn\n|-heal|p1a: Gliscor|36\/100 tox|[from] ability: Poison Heal\n|upkeep\n|turn|29\n|\n|t:|1700424668\n|move|p1a: Gliscor|Protect|p1a: Gliscor\n|-singleturn|p1a: Gliscor|Protect\n|move|p2a: Koraidon|Flare Blitz|p1a: Gliscor\n|-activate|p1a: Gliscor|move: Protect\n|\n|-damage|p2a: Koraidon|18\/100 tox|[from] psn\n|-heal|p1a: Gliscor|48\/100 tox|[from] ability: Poison Heal\n|upkeep\n|turn|30\n|\n|t:|1700424671\n|move|p2a: Koraidon|Flare Blitz|p1a: Gliscor\n|-damage|p1a: Gliscor|16\/100 tox\n|-damage|p2a: Koraidon|8\/100 tox|[from] Recoil\n|move|p1a: Gliscor|Earthquake|p2a: Koraidon\n|-damage|p2a: Koraidon|0 fnt\n|faint|p2a: Koraidon\n|\n|-heal|p1a: Gliscor|28\/100 tox|[from] ability: Poison Heal\n|upkeep\n|\n|t:|1700424676\n|switch|p2a: Miraidon|Miraidon, tera:Ice|100\/100\n|-damage|p2a: Miraidon|76\/100|[from] Stealth Rock\n|-fieldstart|move: Electric Terrain|[from] ability: Hadron Engine|[of] p2a: Miraidon\n|turn|31\n|\n|t:|1700424683\n|switch|p1a: Arceus|Arceus-Ghost|25\/100\n|move|p2a: Miraidon|Tera Blast|p1a: Arceus|[anim] Tera Blast Ice\n|-crit|p1a: Arceus\n|-damage|p1a: Arceus|0 fnt\n|faint|p1a: Arceus\n|\n|upkeep\n|\n|t:|1700424685\n|switch|p1a: Zacian|Zacian-Crowned|100\/100\n|-ability|p1a: Zacian|Intrepid Sword|boost\n|-boost|p1a: Zacian|atk|1\n|turn|32\n|inactive|ringlord has 120 seconds left.\n|\n|t:|1700424733\n|switch|p1a: Gliscor|Gliscor, F|28\/100 tox\n|move|p2a: Miraidon|Electro Drift|p1a: Gliscor\n|-immune|p1a: Gliscor\n|\n|-heal|p1a: Gliscor|41\/100 tox|[from] ability: Poison Heal\n|upkeep\n|turn|33\n|\n|t:|1700424740\n|switch|p1a: Zacian|Zacian-Crowned|100\/100\n|move|p2a: Miraidon|Tera Blast|p1a: Zacian|[anim] Tera Blast Ice\n|-resisted|p1a: Zacian\n|-damage|p1a: Zacian|69\/100\n|\n|upkeep\n|turn|34\n|\n|t:|1700424744\n|move|p1a: Zacian|Behemoth Blade|p2a: Miraidon\n|-supereffective|p2a: Miraidon\n|-damage|p2a: Miraidon|0 fnt\n|faint|p2a: Miraidon\n|\n|upkeep\n|\n|t:|1700424746\n|switch|p2a: Ditto|Ditto|100\/100\n|-damage|p2a: Ditto|88\/100|[from] Stealth Rock\n|-transform|p2a: Ditto|p1a: Zacian|[from] ability: Imposter\n|-ability|p2a: Ditto|Intrepid Sword|boost\n|-boost|p2a: Ditto|atk|1\n|turn|35\n|\n|t:|1700424754\n|move|p2a: Ditto|Behemoth Blade|p1a: Zacian\n|-damage|p1a: Zacian|0 fnt\n|faint|p1a: Zacian\n|\n|-fieldend|move: Electric Terrain\n|upkeep\n|\n|t:|1700424759\n|switch|p1a: Gliscor|Gliscor, F|41\/100 tox\n|turn|36\n|\n|t:|1700424785\n|move|p1a: Gliscor|Protect|p1a: Gliscor\n|-singleturn|p1a: Gliscor|Protect\n|move|p2a: Ditto|Behemoth Blade|p1a: Gliscor\n|-activate|p1a: Gliscor|move: Protect\n|\n|-heal|p1a: Gliscor|53\/100 tox|[from] ability: Poison Heal\n|upkeep\n|turn|37\n|\n|t:|1700424792\n|move|p1a: Gliscor|Protect||[still]\n|-fail|p1a: Gliscor\n|move|p2a: Ditto|Behemoth Blade|p1a: Gliscor\n|-damage|p1a: Gliscor|0 fnt\n|faint|p1a: Gliscor\n|\n|win|ringlord\n|n|\u203dOUFC Test1|oufctest1\n|n|\u2606ringlord|ringlord\n|n| EG Jhonx|egjhonx\n","uploadtime":1700424793,"views":3,"p1id":"oufctest1","p2id":"ringlord","formatid":"gen9ubers","rating":0,"private":0,"password":""}