{"id":"gen9ubers-1995482538","p1":"YoungEsq","p2":"ShadezGXD","format":"[Gen 9] Ubers","log":"|j|\u2606YoungEsq\n|j|\u2606ShadezGXD\n|t:|1700575707\n|gametype|singles\n|player|p1|YoungEsq|169|1134\n|player|p2|ShadezGXD|2|1099\n|teamsize|p1|6\n|teamsize|p2|6\n|gen|9\n|tier|[Gen 9] Ubers\n|rated|\n|rule|Sleep Clause Mod: Limit one foe put to sleep\n|rule|Species Clause: Limit one of each Pok\u00e9mon\n|rule|OHKO Clause: OHKO moves are banned\n|rule|Evasion Items Clause: Evasion items are banned\n|rule|Evasion Moves Clause: Evasion moves are banned\n|rule|Endless Battle Clause: Forcing endless battles is banned\n|rule|HP Percentage Mod: HP is shown in percentages\n|clearpoke\n|poke|p1|Ting-Lu|\n|poke|p1|Gholdengo|\n|poke|p1|Roaring Moon|\n|poke|p1|Chi-Yu|\n|poke|p1|Samurott-Hisui, M|\n|poke|p1|Mandibuzz, F|\n|poke|p2|Mew|\n|poke|p2|Fezandipiti, M|\n|poke|p2|Empoleon, M|\n|poke|p2|Roaring Moon|\n|poke|p2|Talonflame, F|\n|poke|p2|Garganacl, M|\n|teampreview\n|\n|t:|1700575713\n|start\n|switch|p1a: Ting-Lu|Ting-Lu|100\/100\n|switch|p2a: Empoleon|Empoleon, M|100\/100\n|-ability|p1a: Ting-Lu|Vessel of Ruin\n|turn|1\n|inactive|Battle timer is ON: inactive players will automatically lose when time's up. (requested by YoungEsq)\n|\n|t:|1700575722\n|move|p2a: Empoleon|Stealth Rock|p1a: Ting-Lu\n|-sidestart|p1: YoungEsq|move: Stealth Rock\n|move|p1a: Ting-Lu|Stealth Rock|p2a: Empoleon\n|-sidestart|p2: ShadezGXD|move: Stealth Rock\n|\n|upkeep\n|turn|2\n|\n|t:|1700575731\n|move|p2a: Empoleon|Hydro Pump|p1a: Ting-Lu\n|-supereffective|p1a: Ting-Lu\n|-damage|p1a: Ting-Lu|62\/100\n|move|p1a: Ting-Lu|Whirlwind|p2a: Empoleon\n|drag|p2a: Roaring Moon|Roaring Moon|100\/100\n|-damage|p2a: Roaring Moon|88\/100|[from] Stealth Rock\n|-enditem|p2a: Roaring Moon|Booster Energy\n|-activate|p2a: Roaring Moon|ability: Protosynthesis|[fromitem]\n|-start|p2a: Roaring Moon|protosynthesisatk\n|\n|-heal|p1a: Ting-Lu|68\/100|[from] item: Leftovers\n|upkeep\n|turn|3\n|\n|t:|1700575739\n|move|p2a: Roaring Moon|Dragon Dance|p2a: Roaring Moon\n|-boost|p2a: Roaring Moon|atk|1\n|-boost|p2a: Roaring Moon|spe|1\n|move|p1a: Ting-Lu|Earthquake|p2a: Roaring Moon\n|-crit|p2a: Roaring Moon\n|-damage|p2a: Roaring Moon|12\/100\n|\n|-heal|p1a: Ting-Lu|74\/100|[from] item: Leftovers\n|upkeep\n|turn|4\n|\n|t:|1700575748\n|move|p2a: Roaring Moon|Dragon Claw|p1a: Ting-Lu\n|-damage|p1a: Ting-Lu|18\/100\n|move|p1a: Ting-Lu|Whirlwind|p2a: Roaring Moon\n|-end|p2a: Roaring Moon|Protosynthesis|[silent]\n|drag|p2a: Garganacl|Garganacl, M|100\/100\n|-damage|p2a: Garganacl|88\/100|[from] Stealth Rock\n|\n|-heal|p1a: Ting-Lu|25\/100|[from] item: Leftovers\n|-heal|p2a: Garganacl|94\/100|[from] item: Leftovers\n|upkeep\n|turn|5\n|\n|t:|1700575762\n|move|p1a: Ting-Lu|Earthquake|p2a: Garganacl\n|-supereffective|p2a: Garganacl\n|-damage|p2a: Garganacl|45\/100\n|move|p2a: Garganacl|Salt Cure|p1a: Ting-Lu\n|-resisted|p1a: Ting-Lu\n|-damage|p1a: Ting-Lu|21\/100\n|-start|p1a: Ting-Lu|Salt Cure\n|\n|-heal|p1a: Ting-Lu|27\/100|[from] item: Leftovers\n|-heal|p2a: Garganacl|51\/100|[from] item: Leftovers\n|-damage|p1a: Ting-Lu|15\/100|[from] Salt Cure\n|upkeep\n|turn|6\n|\n|t:|1700575770\n|move|p1a: Ting-Lu|Earthquake|p2a: Garganacl\n|-supereffective|p2a: Garganacl\n|-damage|p2a: Garganacl|5\/100\n|move|p2a: Garganacl|Iron Defense|p2a: Garganacl\n|-boost|p2a: Garganacl|def|2\n|\n|-heal|p1a: Ting-Lu|21\/100|[from] item: Leftovers\n|-heal|p2a: Garganacl|11\/100|[from] item: Leftovers\n|-damage|p1a: Ting-Lu|9\/100|[from] Salt Cure\n|upkeep\n|turn|7\n|\n|t:|1700575776\n|move|p1a: Ting-Lu|Earthquake|p2a: Garganacl\n|-supereffective|p2a: Garganacl\n|-damage|p2a: Garganacl|0 fnt\n|faint|p2a: Garganacl\n|\n|-heal|p1a: Ting-Lu|15\/100|[from] item: Leftovers\n|-damage|p1a: Ting-Lu|2\/100|[from] Salt Cure\n|upkeep\n|\n|t:|1700575783\n|switch|p2a: Empoleon|Empoleon, M|100\/100\n|-damage|p2a: Empoleon|95\/100|[from] Stealth Rock\n|turn|8\n|\n|t:|1700575790\n|switch|p1a: Mandibuzz|Mandibuzz, F|100\/100\n|move|p2a: Empoleon|Hydro Pump|p1a: Mandibuzz|[miss]\n|-miss|p2a: Empoleon|p1a: Mandibuzz\n|\n|-heal|p2a: Empoleon|100\/100|[from] item: Leftovers\n|upkeep\n|turn|9\n|\n|t:|1700575797\n|move|p1a: Mandibuzz|Defog|p2a: Empoleon\n|-unboost|p2a: Empoleon|evasion|1\n|-ability|p2a: Empoleon|Competitive|boost\n|-boost|p2a: Empoleon|spa|2\n|-sideend|p2: ShadezGXD|Stealth Rock|[from] move: Defog|[of] p1a: Mandibuzz\n|-sideend|p1: YoungEsq|Stealth Rock|[from] move: Defog|[of] p1a: Mandibuzz\n|move|p2a: Empoleon|Flash Cannon|p1a: Mandibuzz\n|-damage|p1a: Mandibuzz|62\/100\n|\n|upkeep\n|turn|10\n|\n|t:|1700575805\n|move|p1a: Mandibuzz|Foul Play|p2a: Empoleon\n|-damage|p2a: Empoleon|83\/100\n|move|p2a: Empoleon|Hydro Pump|p1a: Mandibuzz|[miss]\n|-miss|p2a: Empoleon|p1a: Mandibuzz\n|\n|-heal|p2a: Empoleon|89\/100|[from] item: Leftovers\n|upkeep\n|turn|11\n|\n|t:|1700575810\n|move|p1a: Mandibuzz|Roost|p1a: Mandibuzz\n|-heal|p1a: Mandibuzz|100\/100\n|-singleturn|p1a: Mandibuzz|move: Roost\n|move|p2a: Empoleon|Hydro Pump|p1a: Mandibuzz\n|-damage|p1a: Mandibuzz|45\/100\n|\n|-heal|p2a: Empoleon|95\/100|[from] item: Leftovers\n|upkeep\n|turn|12\n|\n|t:|1700575826\n|switch|p1a: Ting-Lu|Ting-Lu|2\/100\n|-ability|p1a: Ting-Lu|Vessel of Ruin\n|move|p2a: Empoleon|Hydro Pump|p1a: Ting-Lu\n|-supereffective|p1a: Ting-Lu\n|-damage|p1a: Ting-Lu|0 fnt\n|faint|p1a: Ting-Lu\n|\n|-heal|p2a: Empoleon|100\/100|[from] item: Leftovers\n|upkeep\n|\n|t:|1700575843\n|switch|p1a: Samurott|Samurott-Hisui, M|100\/100\n|turn|13\n|\n|t:|1700575850\n|move|p1a: Samurott|Knock Off|p2a: Empoleon\n|-damage|p2a: Empoleon|66\/100\n|-enditem|p2a: Empoleon|Leftovers|[from] move: Knock Off|[of] p1a: Samurott\n|move|p2a: Empoleon|Flash Cannon|p1a: Samurott\n|-resisted|p1a: Samurott\n|-damage|p1a: Samurott|60\/100\n|-unboost|p1a: Samurott|spd|1\n|\n|upkeep\n|turn|14\n|\n|t:|1700575859\n|move|p1a: Samurott|Ceaseless Edge|p2a: Empoleon\n|-damage|p2a: Empoleon|28\/100\n|-sidestart|p2: ShadezGXD|Spikes\n|move|p2a: Empoleon|Flash Cannon|p1a: Samurott\n|-resisted|p1a: Samurott\n|-damage|p1a: Samurott|3\/100\n|\n|upkeep\n|turn|15\n|\n|t:|1700575867\n|move|p1a: Samurott|Ceaseless Edge|p2a: Empoleon\n|-damage|p2a: Empoleon|0 fnt\n|-sidestart|p2: ShadezGXD|Spikes\n|faint|p2a: Empoleon\n|\n|upkeep\n|\n|t:|1700575875\n|switch|p2a: Roaring Moon|Roaring Moon|12\/100\n|-damage|p2a: Roaring Moon|0 fnt|[from] Spikes\n|faint|p2a: Roaring Moon\n|-end|p2a: Roaring Moon|Protosynthesis|[silent]\n|\n|t:|1700575888\n|switch|p2a: Talonflame|Talonflame, F|100\/100\n|turn|16\n|\n|t:|1700575892\n|move|p2a: Talonflame|Defog|p1a: Samurott\n|-unboost|p1a: Samurott|evasion|1\n|-sideend|p2: ShadezGXD|Spikes|[from] move: Defog|[of] p2a: Talonflame\n|move|p1a: Samurott|Razor Shell|p2a: Talonflame\n|-supereffective|p2a: Talonflame\n|-damage|p2a: Talonflame|0 fnt\n|faint|p2a: Talonflame\n|\n|upkeep\n|\n|t:|1700575905\n|switch|p2a: Fezandipiti|Fezandipiti, M|100\/100\n|turn|17\n|\n|t:|1700575910\n|move|p2a: Fezandipiti|Play Rough|p1a: Samurott\n|-supereffective|p1a: Samurott\n|-enditem|p1a: Samurott|Roseli Berry|[eat]\n|-enditem|p1a: Samurott|Roseli Berry|[weaken]\n|-damage|p1a: Samurott|0 fnt\n|faint|p1a: Samurott\n|\n|upkeep\n|\n|t:|1700575927\n|switch|p1a: Gholdengo|Gholdengo|100\/100\n|-item|p1a: Gholdengo|Air Balloon\n|turn|18\n|\n|t:|1700575933\n|move|p2a: Fezandipiti|Taunt|p1a: Gholdengo\n|-immune|p1a: Gholdengo|[from] ability: Good as Gold\n|move|p1a: Gholdengo|Make It Rain|p2a: Fezandipiti\n|-supereffective|p2a: Fezandipiti\n|-damage|p2a: Fezandipiti|22\/100\n|-unboost|p1a: Gholdengo|spa|1\n|\n|upkeep\n|turn|19\n|\n|t:|1700575946\n|move|p2a: Fezandipiti|U-turn|p1a: Gholdengo\n|-resisted|p1a: Gholdengo\n|-damage|p1a: Gholdengo|97\/100\n|-enditem|p1a: Gholdengo|Air Balloon\n|\n|t:|1700575952\n|switch|p2a: Mew|Mew, shiny|100\/100|[from] U-turn\n|move|p1a: Gholdengo|Nasty Plot|p1a: Gholdengo\n|-boost|p1a: Gholdengo|spa|2\n|\n|upkeep\n|turn|20\n|\n|t:|1700575966\n|-terastallize|p2a: Mew|Fairy\n|move|p2a: Mew|Calm Mind|p2a: Mew\n|-boost|p2a: Mew|spa|1\n|-boost|p2a: Mew|spd|1\n|move|p1a: Gholdengo|Shadow Ball|p2a: Mew\n|-damage|p2a: Mew|62\/100\n|\n|-heal|p2a: Mew|68\/100|[from] item: Leftovers\n|upkeep\n|turn|21\n|\n|t:|1700575974\n|move|p2a: Mew|Calm Mind|p2a: Mew\n|-boost|p2a: Mew|spa|1\n|-boost|p2a: Mew|spd|1\n|move|p1a: Gholdengo|Make It Rain|p2a: Mew\n|-supereffective|p2a: Mew\n|-damage|p2a: Mew|0 fnt\n|-unboost|p1a: Gholdengo|spa|1\n|faint|p2a: Mew\n|\n|upkeep\n|\n|t:|1700575981\n|switch|p2a: Fezandipiti|Fezandipiti, M|22\/100\n|turn|22\n|\n|t:|1700575985\n|move|p2a: Fezandipiti|Play Rough|p1a: Gholdengo\n|-resisted|p1a: Gholdengo\n|-damage|p1a: Gholdengo|81\/100\n|move|p1a: Gholdengo|Make It Rain|p2a: Fezandipiti\n|-supereffective|p2a: Fezandipiti\n|-damage|p2a: Fezandipiti|0 fnt\n|-unboost|p1a: Gholdengo|spa|1\n|faint|p2a: Fezandipiti\n|\n|win|YoungEsq\n|raw|YoungEsq's rating: 1134 &rarr; <strong>1156<\/strong><br \/>(+22 for winning)\n|raw|ShadezGXD's rating: 1099 &rarr; <strong>1077<\/strong><br \/>(-22 for losing)\n","uploadtime":1700575989,"views":0,"p1id":"youngesq","p2id":"shadezgxd","formatid":"gen9ubers","rating":1077,"private":0,"password":""}