{"id":"gen9ubers-1984207841","p1":"Kinesquared","p2":"GratedsShtickface","format":"[Gen 9] Ubers","log":"|j|\u2606Kinesquared\n|j|\u2606GratedsShtickface\n|t:|1699230259\n|gametype|singles\n|player|p1|Kinesquared|scientist-gen4dp|\n|player|p2|GratedsShtickface|hiker-gen4|\n|teamsize|p1|6\n|teamsize|p2|6\n|gen|9\n|tier|[Gen 9] Ubers\n|rule|Sleep Clause Mod: Limit one foe put to sleep\n|rule|Species Clause: Limit one of each Pok\u00e9mon\n|rule|OHKO Clause: OHKO moves are banned\n|rule|Evasion Items Clause: Evasion items are banned\n|rule|Evasion Moves Clause: Evasion moves are banned\n|rule|Endless Battle Clause: Forcing endless battles is banned\n|rule|HP Percentage Mod: HP is shown in percentages\n|clearpoke\n|poke|p1|Magearna|\n|poke|p1|Ursaluna, M|\n|poke|p1|Dialga|\n|poke|p1|Hoopa-Unbound|\n|poke|p1|Cinderace, M|\n|poke|p1|Cresselia, F|\n|poke|p2|Rillaboom, M|\n|poke|p2|Sneasler, M|\n|poke|p2|Espathra, M|\n|poke|p2|Magearna|\n|poke|p2|Arceus-Fire|\n|poke|p2|Palafin, M|\n|teampreview\n|\n|t:|1699230270\n|start\n|switch|p1a: Dialga|Dialga|100\/100\n|switch|p2a: Magearna|Magearna|100\/100\n|-ability|p1a: Dialga|Pressure\n|turn|1\n|\n|t:|1699230277\n|move|p1a: Dialga|Earth Power|p2a: Magearna\n|-supereffective|p2a: Magearna\n|-damage|p2a: Magearna|35\/100\n|move|p2a: Magearna|Spikes|p1a: Dialga\n|-sidestart|p1: Kinesquared|Spikes\n|\n|-heal|p2a: Magearna|41\/100|[from] item: Leftovers\n|upkeep\n|turn|2\n|\n|t:|1699230287\n|switch|p2a: Harambe|Rillaboom, M|100\/100\n|-fieldstart|move: Grassy Terrain|[from] ability: Grassy Surge|[of] p2a: Harambe\n|move|p1a: Dialga|Earth Power|p2a: Harambe\n|-resisted|p2a: Harambe\n|-damage|p2a: Harambe|74\/100\n|\n|-heal|p2a: Harambe|80\/100|[from] Grassy Terrain\n|upkeep\n|turn|3\n|\n|t:|1699230301\n|move|p2a: Harambe|High Horsepower|p1a: Dialga\n|-supereffective|p1a: Dialga\n|-damage|p1a: Dialga|25\/100\n|move|p1a: Dialga|Draco Meteor|p2a: Harambe\n|-crit|p2a: Harambe\n|-damage|p2a: Harambe|0 fnt\n|-unboost|p1a: Dialga|spa|2\n|-enditem|p1a: Dialga|Eject Pack\n|faint|p2a: Harambe\n|\n|t:|1699230310\n|switch|p1a: Cinderace|Cinderace, M|100\/100\n|\n|upkeep\n|\n|t:|1699230314\n|switch|p2a: Random Finizen|Palafin, M|100\/100\n|turn|4\n|\n|t:|1699230319\n|move|p1a: Cinderace|Court Change|p1a: Cinderace\n|-start|p1a: Cinderace|typechange|Normal|[from] ability: Libero\n|-swapsideconditions\n|-activate|p1a: Cinderace|move: Court Change\n|move|p2a: Random Finizen|Wave Crash|p1a: Cinderace\n|-damage|p1a: Cinderace|7\/100\n|-damage|p2a: Random Finizen|73\/100|[from] Recoil\n|\n|-heal|p1a: Cinderace|13\/100|[from] Grassy Terrain\n|-heal|p2a: Random Finizen|79\/100|[from] Grassy Terrain\n|upkeep\n|turn|5\n|\n|t:|1699230335\n|switch|p1a: Dialga|Dialga|25\/100\n|-ability|p1a: Dialga|Pressure\n|detailschange|p2a: Random Finizen|Palafin-Hero, M\n|switch|p2a: Haha Long Boi|Sneasler, M, shiny|100\/100\n|-damage|p2a: Haha Long Boi|88\/100|[from] Spikes\n|-enditem|p2a: Haha Long Boi|Grassy Seed\n|-boost|p2a: Haha Long Boi|def|1|[from] item: Grassy Seed\n|\n|-heal|p2a: Haha Long Boi|94\/100|[from] Grassy Terrain\n|-heal|p1a: Dialga|31\/100|[from] Grassy Terrain\n|upkeep\n|turn|6\n|\n|t:|1699230358\n|-terastallize|p1a: Dialga|Flying\n|move|p2a: Haha Long Boi|Close Combat|p1a: Dialga\n|-resisted|p1a: Dialga\n|-damage|p1a: Dialga|6\/100\n|-unboost|p2a: Haha Long Boi|def|1\n|-unboost|p2a: Haha Long Boi|spd|1\n|move|p1a: Dialga|Trick Room|p1a: Dialga\n|-fieldstart|move: Trick Room|[of] p1a: Dialga\n|\n|-heal|p2a: Haha Long Boi|99\/100|[from] Grassy Terrain\n|-fieldend|move: Grassy Terrain\n|upkeep\n|turn|7\n|\n|t:|1699230370\n|move|p1a: Dialga|Earth Power|p2a: Haha Long Boi\n|-supereffective|p2a: Haha Long Boi\n|-damage|p2a: Haha Long Boi|0 fnt\n|faint|p2a: Haha Long Boi\n|\n|upkeep\n|\n|t:|1699230380\n|switch|p2a: Random Finizen|Palafin-Hero, M|79\/100\n|-damage|p2a: Random Finizen|67\/100|[from] Spikes\n|-activate|p2a: Random Finizen|ability: Zero to Hero\n|turn|8\n|\n|t:|1699230384\n|move|p2a: Random Finizen|Jet Punch|p1a: Dialga\n|-damage|p1a: Dialga|0 fnt\n|faint|p1a: Dialga\n|\n|upkeep\n|j| XpokVEVO\n|\n|t:|1699230394\n|switch|p1a: Magearna|Magearna|100\/100\n|turn|9\n|\n|t:|1699230400\n|switch|p2a: Ar\u0441eus-Fighting|Arceus-Fire|100\/100\n|-damage|p2a: Ar\u0441eus-Fighting|88\/100|[from] Spikes\n|move|p1a: Magearna|Volt Switch|p2a: Ar\u0441eus-Fighting\n|-damage|p2a: Ar\u0441eus-Fighting|75\/100\n|c| XpokVEVO|dont lose kine or ill be a complete fraud\n|\n|t:|1699230406\n|switch|p1a: Ursaluna|Ursaluna, M|100\/100|[from] Volt Switch\n|\n|-status|p1a: Ursaluna|brn|[from] item: Flame Orb\n|upkeep\n|turn|10\n|c|\u2606Kinesquared|i already lost the first game\n|c|\u2606Kinesquared|same teams\n|c| XpokVEVO|i know\n|c| XpokVEVO|to hax\n|c| XpokVEVO|it doesnt matter\n|\n|t:|1699230423\n|-terastallize|p2a: Ar\u0441eus-Fighting|Ground\n|move|p1a: Ursaluna|Substitute|p1a: Ursaluna\n|-start|p1a: Ursaluna|Substitute\n|-damage|p1a: Ursaluna|76\/100 brn\n|move|p2a: Ar\u0441eus-Fighting|Flare Blitz|p1a: Ursaluna\n|-end|p1a: Ursaluna|Substitute\n|-damage|p2a: Ar\u0441eus-Fighting|67\/100|[from] Recoil|[of] p1a: Ursaluna\n|\n|-damage|p1a: Ursaluna|70\/100 brn|[from] brn\n|-fieldend|move: Trick Room\n|upkeep\n|turn|11\n|c|\u2606Kinesquared|eh not really\n|c| XpokVEVO|why would you do that\n|\n|t:|1699230435\n|move|p2a: Ar\u0441eus-Fighting|Flare Blitz|p1a: Ursaluna\n|-damage|p1a: Ursaluna|13\/100 brn\n|-damage|p2a: Ar\u0441eus-Fighting|47\/100|[from] Recoil\n|move|p1a: Ursaluna|Facade|p2a: Ar\u0441eus-Fighting\n|-damage|p2a: Ar\u0441eus-Fighting|0 fnt\n|faint|p2a: Ar\u0441eus-Fighting\n|\n|-damage|p1a: Ursaluna|7\/100 brn|[from] brn\n|upkeep\n|\n|t:|1699230444\n|switch|p2a: The Ostrich|Espathra, M, shiny|100\/100\n|-damage|p2a: The Ostrich|88\/100|[from] Spikes\n|turn|12\n|c| XpokVEVO|oh my god\n|\n|t:|1699230449\n|switch|p1a: Hoopa|Hoopa-Unbound|100\/100\n|move|p2a: The Ostrich|Protect||[still]\n|-fail|p2a: The Ostrich\n|\n|-ability|p2a: The Ostrich|Speed Boost|boost\n|-boost|p2a: The Ostrich|spe|1\n|upkeep\n|turn|13\n|c| XpokVEVO|nice\n|\n|t:|1699230458\n|move|p2a: The Ostrich|Tera Blast|p1a: Hoopa\n|-damage|p1a: Hoopa|87\/100\n|move|p1a: Hoopa|Hyperspace Fury|p2a: The Ostrich\n|-supereffective|p2a: The Ostrich\n|-damage|p2a: The Ostrich|0 fnt\n|-unboost|p1a: Hoopa|def|1\n|faint|p2a: The Ostrich\n|\n|upkeep\n|\n|t:|1699230465\n|switch|p2a: Random Finizen|Palafin-Hero, M|67\/100\n|-damage|p2a: Random Finizen|54\/100|[from] Spikes\n|turn|14\n|\n|t:|1699230469\n|switch|p1a: Cresselia|Cresselia, F|100\/100\n|move|p2a: Random Finizen|Jet Punch|p1a: Cresselia\n|-damage|p1a: Cresselia|73\/100\n|\n|-heal|p1a: Cresselia|79\/100|[from] item: Leftovers\n|upkeep\n|turn|15\n|\n|t:|1699230475\n|switch|p2a: Magearna|Magearna|41\/100\n|-damage|p2a: Magearna|29\/100|[from] Spikes\n|move|p1a: Cresselia|Trick Room|p1a: Cresselia\n|-fieldstart|move: Trick Room|[of] p1a: Cresselia\n|\n|-heal|p1a: Cresselia|85\/100|[from] item: Leftovers\n|-heal|p2a: Magearna|35\/100|[from] item: Leftovers\n|upkeep\n|turn|16\n|\n|t:|1699230487\n|switch|p1a: Cinderace|Cinderace, M|13\/100\n|move|p2a: Magearna|Fleur Cannon|p1a: Cinderace\n|-resisted|p1a: Cinderace\n|-damage|p1a: Cinderace|0 fnt\n|-unboost|p2a: Magearna|spa|2\n|faint|p1a: Cinderace\n|-ability|p2a: Magearna|Soul-Heart|boost\n|-boost|p2a: Magearna|spa|1\n|\n|-heal|p2a: Magearna|41\/100|[from] item: Leftovers\n|upkeep\n|\n|t:|1699230497\n|switch|p1a: Ursaluna|Ursaluna, M|7\/100 brn\n|turn|17\n|\n|t:|1699230507\n|move|p1a: Ursaluna|Headlong Rush|p2a: Magearna\n|-supereffective|p2a: Magearna\n|-damage|p2a: Magearna|0 fnt\n|-unboost|p1a: Ursaluna|def|1\n|-unboost|p1a: Ursaluna|spd|1\n|faint|p2a: Magearna\n|\n|-damage|p1a: Ursaluna|0 fnt|[from] brn\n|faint|p1a: Ursaluna\n|upkeep\n|c| XpokVEVO|thank you kine\n|\n|t:|1699230518\n|switch|p1a: Magearna|Magearna|100\/100\n|switch|p2a: Random Finizen|Palafin-Hero, M|54\/100\n|-damage|p2a: Random Finizen|42\/100|[from] Spikes\n|turn|18\n|\n|t:|1699230525\n|move|p1a: Magearna|Fleur Cannon|p2a: Random Finizen\n|-damage|p2a: Random Finizen|0 fnt\n|-unboost|p1a: Magearna|spa|2\n|faint|p2a: Random Finizen\n|\n|win|Kinesquared\n|c|\u2606GratedsShtickface|gg\n|c|\u2606Kinesquared|gg\n","uploadtime":1699230533,"views":28,"p1id":"kinesquared","p2id":"gratedsshtickface","formatid":"gen9ubers","rating":0,"private":0,"password":""}