{"id":"gen9ubers-1982035539","p1":"Gladiator_Kraken","p2":"MyDeliciousAxe","format":"[Gen 9] Ubers","log":"|j|\u2606Gladiator_Kraken\n|j|\u2606MyDeliciousAxe\n|t:|1698961586\n|gametype|singles\n|player|p1|Gladiator_Kraken|rika|\n|player|p2|MyDeliciousAxe|caitlin|\n|teamsize|p1|6\n|teamsize|p2|6\n|gen|9\n|tier|[Gen 9] Ubers\n|rule|Sleep Clause Mod: Limit one foe put to sleep\n|rule|Species Clause: Limit one of each Pok\u00e9mon\n|rule|OHKO Clause: OHKO moves are banned\n|rule|Evasion Items Clause: Evasion items are banned\n|rule|Evasion Moves Clause: Evasion moves are banned\n|rule|Endless Battle Clause: Forcing endless battles is banned\n|rule|HP Percentage Mod: HP is shown in percentages\n|clearpoke\n|poke|p1|Palafin, M|\n|poke|p1|Great Tusk|\n|poke|p1|Kingambit, F|\n|poke|p1|Cinderace, F|\n|poke|p1|Ogerpon-Wellspring, F|\n|poke|p1|Dragonite, F|\n|poke|p2|Palafin, M|\n|poke|p2|Kingambit, M|\n|poke|p2|Hoopa-Unbound|\n|poke|p2|Vikavolt, F|\n|poke|p2|Iron Hands|\n|poke|p2|Golem-Alola, M|\n|teampreview\n|c|\u2606Gladiator_Kraken|hf\n|\n|t:|1698961606\n|start\n|switch|p1a: Mitch 2|Palafin, M|100\/100\n|switch|p2a: Palafin|Palafin, M|100\/100\n|turn|1\n|c|\u2606MyDeliciousAxe|u2!\n|\n|t:|1698961613\n|move|p1a: Mitch 2|Flip Turn|p2a: Palafin\n|-resisted|p2a: Palafin\n|-damage|p2a: Palafin|78\/100\n|\n|t:|1698961618\n|detailschange|p1a: Mitch 2|Palafin-Hero, M\n|switch|p1a: Not Mitch|Ogerpon-Wellspring, F|100\/100|[from] Flip Turn\n|move|p2a: Palafin|Flip Turn|p1a: Not Mitch\n|-immune|p1a: Not Mitch|[from] ability: Water Absorb\n|\n|upkeep\n|turn|2\n|\n|t:|1698961628\n|detailschange|p2a: Palafin|Palafin-Hero, M\n|switch|p2a: Iron Hands|Iron Hands|100\/100\n|move|p1a: Not Mitch|U-turn|p2a: Iron Hands\n|-resisted|p2a: Iron Hands\n|-damage|p2a: Iron Hands|92\/100\n|\n|t:|1698961651\n|switch|p1a: Mitch 2|Palafin-Hero, M|100\/100|[from] U-turn\n|-activate|p1a: Mitch 2|ability: Zero to Hero\n|\n|upkeep\n|turn|3\n|\n|t:|1698961659\n|move|p1a: Mitch 2|Wave Crash|p2a: Iron Hands\n|-damage|p2a: Iron Hands|18\/100\n|-damage|p1a: Mitch 2|64\/100|[from] Recoil\n|move|p2a: Iron Hands|Thunder Punch|p1a: Mitch 2\n|-supereffective|p1a: Mitch 2\n|-damage|p1a: Mitch 2|0 fnt\n|faint|p1a: Mitch 2\n|\n|upkeep\n|\n|t:|1698961680\n|switch|p1a: Mitch 5|Dragonite, F|100\/100\n|turn|4\n|\n|t:|1698961690\n|-end|p2a: Iron Hands|Quark Drive|[silent]\n|switch|p2a: Palafin|Palafin-Hero, M|78\/100\n|-activate|p2a: Palafin|ability: Zero to Hero\n|move|p1a: Mitch 5|Earthquake|p2a: Palafin\n|-damage|p2a: Palafin|36\/100\n|\n|upkeep\n|turn|5\n|\n|t:|1698961702\n|-terastallize|p1a: Mitch 5|Normal\n|move|p2a: Palafin|Ice Punch|p1a: Mitch 5\n|-damage|p1a: Mitch 5|83\/100\n|-status|p1a: Mitch 5|frz\n|cant|p1a: Mitch 5|frz\n|\n|upkeep\n|turn|6\n|\n|t:|1698961712\n|cant|p1a: Mitch 5|frz\n|move|p2a: Palafin|Close Combat|p1a: Mitch 5\n|-supereffective|p1a: Mitch 5\n|-damage|p1a: Mitch 5|0 fnt\n|-unboost|p2a: Palafin|def|1\n|-unboost|p2a: Palafin|spd|1\n|faint|p1a: Mitch 5\n|\n|upkeep\n|\n|t:|1698961720\n|switch|p1a: Mitch 4|Cinderace, F|100\/100\n|turn|7\n|\n|t:|1698961724\n|move|p1a: Mitch 4|Pyro Ball|p2a: Palafin\n|-resisted|p2a: Palafin\n|-damage|p2a: Palafin|0 fnt\n|faint|p2a: Palafin\n|\n|upkeep\n|\n|t:|1698961734\n|switch|p2a: Golem|Golem-Alola, M|100\/100\n|turn|8\n|\n|t:|1698961741\n|move|p1a: Mitch 4|U-turn|p2a: Golem\n|-start|p1a: Mitch 4|typechange|Bug|[from] ability: Libero\n|-damage|p2a: Golem|74\/100\n|\n|t:|1698961743\n|switch|p1a: Mitch 3|Great Tusk|100\/100|[from] U-turn\n|move|p2a: Golem|Stone Edge|p1a: Mitch 3|[miss]\n|-miss|p2a: Golem|p1a: Mitch 3\n|\n|upkeep\n|turn|9\n|\n|t:|1698961751\n|switch|p2a: Vikavolt|Vikavolt, F|100\/100\n|move|p1a: Mitch 3|Stealth Rock|p2a: Vikavolt\n|-sidestart|p2: MyDeliciousAxe|move: Stealth Rock\n|\n|upkeep\n|turn|10\n|\n|t:|1698961757\n|-end|p1a: Mitch 3|Protosynthesis|[silent]\n|switch|p1a: Mitch 4|Cinderace, F|100\/100\n|move|p2a: Vikavolt|Energy Ball|p1a: Mitch 4\n|-resisted|p1a: Mitch 4\n|-damage|p1a: Mitch 4|72\/100\n|\n|upkeep\n|turn|11\n|\n|t:|1698961761\n|move|p1a: Mitch 4|Pyro Ball|p2a: Vikavolt\n|-supereffective|p2a: Vikavolt\n|-damage|p2a: Vikavolt|0 fnt\n|faint|p2a: Vikavolt\n|\n|upkeep\n|\n|t:|1698961767\n|switch|p2a: Golem|Golem-Alola, M|74\/100\n|-damage|p2a: Golem|62\/100|[from] Stealth Rock\n|turn|12\n|\n|t:|1698961771\n|move|p1a: Mitch 4|High Jump Kick|p2a: Golem\n|-start|p1a: Mitch 4|typechange|Fighting|[from] ability: Libero\n|-supereffective|p2a: Golem\n|-damage|p2a: Golem|0 fnt\n|faint|p2a: Golem\n|\n|upkeep\n|\n|t:|1698961781\n|switch|p2a: Hoopa|Hoopa-Unbound|100\/100\n|-damage|p2a: Hoopa|88\/100|[from] Stealth Rock\n|turn|13\n|-activate|p2a: Hoopa|item: Quick Claw\n|\n|t:|1698961783\n|move|p2a: Hoopa|Psychic|p1a: Mitch 4\n|-supereffective|p1a: Mitch 4\n|-damage|p1a: Mitch 4|0 fnt\n|faint|p1a: Mitch 4\n|\n|upkeep\n|c|\u2606MyDeliciousAxe|FINALLY\n|c|\u2606Gladiator_Kraken|oh my fucking god its monoclaw\n|c|\u2606Gladiator_Kraken|so fucking based\n|\n|t:|1698961805\n|switch|p1a: Not Mitch|Ogerpon-Wellspring, F|100\/100\n|turn|14\n|\n|t:|1698961818\n|move|p1a: Not Mitch|Ivy Cudgel|p2a: Hoopa\n|-damage|p2a: Hoopa|0 fnt\n|faint|p2a: Hoopa\n|\n|upkeep\n|\n|t:|1698961823\n|switch|p2a: Iron Hands|Iron Hands|18\/100\n|-damage|p2a: Iron Hands|12\/100|[from] Stealth Rock\n|turn|15\n|\n|t:|1698961839\n|move|p1a: Not Mitch|Ivy Cudgel|p2a: Iron Hands\n|-damage|p2a: Iron Hands|0 fnt\n|faint|p2a: Iron Hands\n|-end|p2a: Iron Hands|Quark Drive|[silent]\n|\n|upkeep\n|\n|t:|1698961842\n|switch|p2a: Kingambit|Kingambit, M|100\/100\n|-damage|p2a: Kingambit|94\/100|[from] Stealth Rock\n|-activate|p2a: Kingambit|ability: Supreme Overlord\n|-start|p2a: Kingambit|fallen5|[silent]\n|turn|16\n|-activate|p2a: Kingambit|item: Quick Claw\n|\n|t:|1698961851\n|move|p2a: Kingambit|Sucker Punch|p1a: Not Mitch\n|-damage|p1a: Not Mitch|17\/100\n|move|p1a: Not Mitch|Ivy Cudgel|p2a: Kingambit\n|-crit|p2a: Kingambit\n|-damage|p2a: Kingambit|29\/100\n|\n|upkeep\n|turn|17\n|c|\u2606Gladiator_Kraken|very fast sucker punch\n|\n|t:|1698961860\n|move|p2a: Kingambit|Sucker Punch|p1a: Not Mitch\n|-damage|p1a: Not Mitch|0 fnt\n|faint|p1a: Not Mitch\n|\n|upkeep\n|\n|t:|1698961863\n|switch|p1a: Mitch 3|Great Tusk|100\/100\n|turn|18\n|\n|t:|1698961874\n|move|p1a: Mitch 3|Earthquake|p2a: Kingambit\n|-supereffective|p2a: Kingambit\n|-damage|p2a: Kingambit|0 fnt\n|faint|p2a: Kingambit\n|-end|p2a: Kingambit|fallen5|[silent]\n|\n|win|Gladiator_Kraken\n|c|\u2606Gladiator_Kraken|ggwp\n","uploadtime":1698961882,"views":17,"p1id":"gladiatorkraken","p2id":"mydeliciousaxe","formatid":"gen9ubers","rating":0,"private":0,"password":""}