{"id":"gen9ubers-1981389131","p1":"rooster45","p2":"johnny.-.lol123","format":"[Gen 9] Ubers","log":"|j|\u2606rooster45\n|j|\u2606johnny.-.lol123\n|t:|1698890424\n|gametype|singles\n|player|p1|rooster45|burglar|1086\n|player|p2|johnny.-.lol123|265|1000\n|teamsize|p1|6\n|teamsize|p2|6\n|gen|9\n|tier|[Gen 9] Ubers\n|rated|\n|rule|Sleep Clause Mod: Limit one foe put to sleep\n|rule|Species Clause: Limit one of each Pok\u00e9mon\n|rule|OHKO Clause: OHKO moves are banned\n|rule|Evasion Items Clause: Evasion items are banned\n|rule|Evasion Moves Clause: Evasion moves are banned\n|rule|Endless Battle Clause: Forcing endless battles is banned\n|rule|HP Percentage Mod: HP is shown in percentages\n|clearpoke\n|poke|p1|Iron Moth|\n|poke|p1|Iron Bundle|\n|poke|p1|Magearna|\n|poke|p1|Toxapex, M|\n|poke|p1|Dragapult, M|\n|poke|p1|Vivillon-Garden, F|\n|poke|p2|Dragapult, F|\n|poke|p2|Maushold-Four|\n|poke|p2|Miraidon|\n|poke|p2|Gliscor, F|\n|poke|p2|Palafin, M|\n|poke|p2|Iron Valiant|\n|teampreview\n|\n|t:|1698890432\n|start\n|switch|p1a: Iron Moth|Iron Moth|100\/100\n|switch|p2a: Dragapult|Dragapult, F|100\/100\n|-enditem|p1a: Iron Moth|Booster Energy\n|-activate|p1a: Iron Moth|ability: Quark Drive|[fromitem]\n|-start|p1a: Iron Moth|quarkdrivespa\n|turn|1\n|\n|t:|1698890443\n|move|p2a: Dragapult|Dragon Dance|p2a: Dragapult\n|-boost|p2a: Dragapult|atk|1\n|-boost|p2a: Dragapult|spe|1\n|move|p1a: Iron Moth|Dazzling Gleam|p2a: Dragapult\n|-supereffective|p2a: Dragapult\n|-crit|p2a: Dragapult\n|-enditem|p2a: Dragapult|Focus Sash\n|-damage|p2a: Dragapult|1\/100\n|\n|upkeep\n|turn|2\n|\n|t:|1698890469\n|-end|p1a: Iron Moth|Quark Drive|[silent]\n|switch|p1a: Magearna|Magearna|100\/100\n|move|p2a: Dragapult|Dragon Darts|p1a: Magearna\n|-immune|p1a: Magearna\n|\n|upkeep\n|turn|3\n|inactive|Battle timer is ON: inactive players will automatically lose when time's up. (requested by rooster45)\n|\n|t:|1698890488\n|move|p2a: Dragapult|Phantom Force||[still]\n|-prepare|p2a: Dragapult|Phantom Force\n|move|p1a: Magearna|Trick Room|p1a: Magearna\n|-fieldstart|move: Trick Room|[of] p1a: Magearna\n|\n|upkeep\n|turn|4\n|\n|t:|1698890494\n|move|p1a: Magearna|Calm Mind|p1a: Magearna\n|-boost|p1a: Magearna|spa|1\n|-boost|p1a: Magearna|spd|1\n|move|p2a: Dragapult|Phantom Force|p1a: Magearna|[from]lockedmove\n|-damage|p1a: Magearna|48\/100\n|\n|upkeep\n|turn|5\n|\n|t:|1698890503\n|move|p1a: Magearna|Draining Kiss|p2a: Dragapult\n|-supereffective|p2a: Dragapult\n|-damage|p2a: Dragapult|0 fnt\n|-heal|p1a: Magearna|49\/100|[from] drain|[of] p2a: Dragapult\n|faint|p2a: Dragapult\n|-ability|p1a: Magearna|Soul-Heart|boost\n|-boost|p1a: Magearna|spa|1\n|\n|upkeep\n|\n|t:|1698890510\n|switch|p2a: Palafin|Palafin, M|100\/100\n|turn|6\n|\n|t:|1698890516\n|move|p1a: Magearna|Energy Ball|p2a: Palafin\n|-supereffective|p2a: Palafin\n|-damage|p2a: Palafin|0 fnt\n|faint|p2a: Palafin\n|-ability|p1a: Magearna|Soul-Heart|boost\n|-boost|p1a: Magearna|spa|1\n|\n|upkeep\n|\n|t:|1698890520\n|switch|p2a: Gliscor|Gliscor, F|100\/100\n|turn|7\n|\n|t:|1698890530\n|move|p1a: Magearna|Draining Kiss|p2a: Gliscor\n|-damage|p2a: Gliscor|17\/100\n|-heal|p1a: Magearna|100\/100|[from] drain|[of] p2a: Gliscor\n|move|p2a: Gliscor|Swords Dance|p2a: Gliscor\n|-boost|p2a: Gliscor|atk|2\n|\n|-fieldend|move: Trick Room\n|-status|p2a: Gliscor|tox|[from] item: Toxic Orb\n|upkeep\n|turn|8\n|\n|t:|1698890539\n|move|p2a: Gliscor|Facade|p1a: Magearna\n|-resisted|p1a: Magearna\n|-damage|p1a: Magearna|73\/100\n|move|p1a: Magearna|Trick Room|p1a: Magearna\n|-fieldstart|move: Trick Room|[of] p1a: Magearna\n|\n|-heal|p2a: Gliscor|29\/100 tox|[from] ability: Poison Heal\n|upkeep\n|turn|9\n|\n|t:|1698890551\n|move|p1a: Magearna|Draining Kiss|p2a: Gliscor\n|-damage|p2a: Gliscor|0 fnt\n|-heal|p1a: Magearna|94\/100|[from] drain|[of] p2a: Gliscor\n|faint|p2a: Gliscor\n|-ability|p1a: Magearna|Soul-Heart|boost\n|-boost|p1a: Magearna|spa|1\n|\n|upkeep\n|\n|t:|1698890556\n|switch|p2a: Maushold|Maushold-Four|100\/100\n|turn|10\n|\n|t:|1698890567\n|-terastallize|p1a: Magearna|Fairy\n|move|p1a: Magearna|Draining Kiss|p2a: Maushold\n|-damage|p2a: Maushold|0 fnt\n|-heal|p1a: Magearna|100\/100|[from] drain|[of] p2a: Maushold\n|faint|p2a: Maushold\n|-ability|p1a: Magearna|Soul-Heart|boost\n|-boost|p1a: Magearna|spa|1\n|\n|upkeep\n|\n|t:|1698890579\n|switch|p2a: Miraidon|Miraidon|100\/100\n|-fieldstart|move: Electric Terrain|[from] ability: Hadron Engine|[of] p2a: Miraidon\n|turn|11\n|\n|t:|1698890602\n|move|p1a: Magearna|Draining Kiss|p2a: Miraidon\n|-supereffective|p2a: Miraidon\n|-damage|p2a: Miraidon|0 fnt\n|faint|p2a: Miraidon\n|-ability|p1a: Magearna|Soul-Heart|boost\n|-boost|p1a: Magearna|spa|1\n|\n|upkeep\n|\n|t:|1698890604\n|switch|p2a: Iron Valiant|Iron Valiant, shiny|100\/100\n|-activate|p2a: Iron Valiant|ability: Quark Drive\n|-start|p2a: Iron Valiant|quarkdrivespe\n|turn|12\n|\n|t:|1698890622\n|move|p1a: Magearna|Energy Ball|p2a: Iron Valiant\n|-damage|p2a: Iron Valiant|0 fnt\n|faint|p2a: Iron Valiant\n|-end|p2a: Iron Valiant|Quark Drive|[silent]\n|\n|win|rooster45\n|raw|rooster45's rating: 1086 &rarr; <strong>1107<\/strong><br \/>(+21 for winning)\n|raw|johnny.-.lol123's rating: 1000 &rarr; <strong>1000<\/strong><br \/>(+0 for losing)\n|l|\u2606johnny.-.lol123\n|c|\u2606rooster45|Gg\n","uploadtime":1698890639,"views":8,"p1id":"rooster45","p2id":"johnnylol123","formatid":"gen9ubers","rating":1000,"private":0,"password":""}