{"id":"gen9ubers-1968048728","p1":"EpicGamer069420","p2":"Carmine Enjoyer","format":"[Gen 9] Ubers","log":"|j|\u2606EpicGamer069420\n|j|\u2606Carmine Enjoyer\n|t:|1697378705\n|gametype|singles\n|player|p1|EpicGamer069420|lucas|1406\n|player|p2|Carmine Enjoyer|dawn|1427\n|teamsize|p1|6\n|teamsize|p2|6\n|gen|9\n|tier|[Gen 9] Ubers\n|rated|\n|rule|Sleep Clause Mod: Limit one foe put to sleep\n|rule|Species Clause: Limit one of each Pok\u00e9mon\n|rule|OHKO Clause: OHKO moves are banned\n|rule|Evasion Items Clause: Evasion items are banned\n|rule|Evasion Moves Clause: Evasion moves are banned\n|rule|Endless Battle Clause: Forcing endless battles is banned\n|rule|HP Percentage Mod: HP is shown in percentages\n|clearpoke\n|poke|p1|Carbink|\n|poke|p1|Kyogre|\n|poke|p1|Ursaluna, F|\n|poke|p1|Calyrex-Ice|\n|poke|p1|Hatterene, F|\n|poke|p1|Cresselia, F|\n|poke|p2|Calyrex-Ice|\n|poke|p2|Koraidon|\n|poke|p2|Toxapex, M|\n|poke|p2|Ting-Lu|\n|poke|p2|Arceus|\n|poke|p2|Miraidon|\n|teampreview\n|inactive|Battle timer is ON: inactive players will automatically lose when time's up. (requested by EpicGamer069420)\n|\n|t:|1697378717\n|start\n|switch|p1a: Killer Fish|Kyogre|100\/100\n|switch|p2a: Ting-Lu|Ting-Lu|100\/100\n|-weather|RainDance|[from] ability: Drizzle|[of] p1a: Killer Fish\n|-ability|p2a: Ting-Lu|Vessel of Ruin\n|turn|1\n|\n|t:|1697378725\n|switch|p2a: Toxapex|Toxapex, M|100\/100\n|move|p1a: Killer Fish|Water Spout|p2a: Toxapex\n|-resisted|p2a: Toxapex\n|-damage|p2a: Toxapex|24\/100\n|-damage|p1a: Killer Fish|91\/100|[from] item: Life Orb\n|\n|-weather|RainDance|[upkeep]\n|upkeep\n|turn|2\n|\n|t:|1697378732\n|switch|p2a: Koraidon|Koraidon|100\/100\n|-weather|SunnyDay|[from] ability: Orichalcum Pulse|[of] p2a: Koraidon\n|-activate|p2a: Koraidon|Orichalcum Pulse|[source]\n|move|p1a: Killer Fish|Ice Beam|p2a: Koraidon\n|-supereffective|p2a: Koraidon\n|-damage|p2a: Koraidon|0 fnt\n|faint|p2a: Koraidon\n|-damage|p1a: Killer Fish|81\/100|[from] item: Life Orb\n|\n|-weather|SunnyDay|[upkeep]\n|upkeep\n|\n|t:|1697378737\n|switch|p2a: Miraidon|Miraidon|100\/100\n|-fieldstart|move: Electric Terrain|[from] ability: Hadron Engine|[of] p2a: Miraidon\n|turn|3\n|\n|t:|1697378743\n|switch|p1a: Tiny Rock|Carbink|100\/100\n|move|p2a: Miraidon|U-turn|p1a: Tiny Rock\n|-resisted|p1a: Tiny Rock\n|-damage|p1a: Tiny Rock|92\/100\n|\n|t:|1697378747\n|switch|p2a: Ting-Lu|Ting-Lu|100\/100|[from] U-turn\n|-ability|p2a: Ting-Lu|Vessel of Ruin\n|\n|-weather|SunnyDay|[upkeep]\n|upkeep\n|turn|4\n|\n|t:|1697378749\n|switch|p1a: Taunt me pls|Hatterene, F|100\/100\n|move|p2a: Ting-Lu|Spikes|p1a: Taunt me pls\n|move|p1a: Taunt me pls|Spikes|p2a: Ting-Lu|[from]ability: Magic Bounce\n|-sidestart|p2: Carmine Enjoyer|Spikes\n|\n|-weather|SunnyDay|[upkeep]\n|upkeep\n|turn|5\n|\n|t:|1697378754\n|move|p2a: Ting-Lu|Earthquake|p1a: Taunt me pls\n|-damage|p1a: Taunt me pls|57\/100\n|move|p1a: Taunt me pls|Trick Room|p1a: Taunt me pls\n|-fieldstart|move: Trick Room|[of] p1a: Taunt me pls\n|\n|-weather|SunnyDay|[upkeep]\n|upkeep\n|turn|6\n|\n|t:|1697378758\n|move|p1a: Taunt me pls|Dazzling Gleam|p2a: Ting-Lu\n|-supereffective|p2a: Ting-Lu\n|-damage|p2a: Ting-Lu|59\/100\n|move|p2a: Ting-Lu|Spikes|p1a: Taunt me pls\n|move|p1a: Taunt me pls|Spikes|p2a: Ting-Lu|[from]ability: Magic Bounce\n|-sidestart|p2: Carmine Enjoyer|Spikes\n|\n|-weather|none\n|-heal|p2a: Ting-Lu|65\/100|[from] item: Leftovers\n|upkeep\n|turn|7\n|\n|t:|1697378762\n|move|p1a: Taunt me pls|Dazzling Gleam|p2a: Ting-Lu\n|-supereffective|p2a: Ting-Lu\n|-damage|p2a: Ting-Lu|28\/100\n|move|p2a: Ting-Lu|Earthquake|p1a: Taunt me pls\n|-crit|p1a: Taunt me pls\n|-damage|p1a: Taunt me pls|0 fnt\n|faint|p1a: Taunt me pls\n|\n|-heal|p2a: Ting-Lu|34\/100|[from] item: Leftovers\n|-fieldend|move: Electric Terrain\n|upkeep\n|\n|t:|1697378771\n|switch|p1a: Killer Fish|Kyogre|81\/100\n|-weather|RainDance|[from] ability: Drizzle|[of] p1a: Killer Fish\n|turn|8\n|\n|t:|1697378777\n|move|p2a: Ting-Lu|Spikes|p1a: Killer Fish\n|-sidestart|p1: EpicGamer069420|Spikes\n|move|p1a: Killer Fish|Water Spout|p2a: Ting-Lu\n|-supereffective|p2a: Ting-Lu\n|-damage|p2a: Ting-Lu|0 fnt\n|faint|p2a: Ting-Lu\n|-damage|p1a: Killer Fish|71\/100|[from] item: Life Orb\n|\n|-weather|RainDance|[upkeep]\n|upkeep\n|\n|t:|1697378785\n|switch|p2a: Toxapex|Toxapex, M|57\/100\n|-damage|p2a: Toxapex|40\/100|[from] Spikes\n|turn|9\n|\n|t:|1697378788\n|move|p2a: Toxapex|Recover|p2a: Toxapex\n|-heal|p2a: Toxapex|90\/100\n|move|p1a: Killer Fish|Thunder|p2a: Toxapex\n|-supereffective|p2a: Toxapex\n|-damage|p2a: Toxapex|0 fnt\n|faint|p2a: Toxapex\n|-damage|p1a: Killer Fish|61\/100|[from] item: Life Orb\n|\n|-weather|RainDance|[upkeep]\n|-fieldend|move: Trick Room\n|upkeep\n|\n|t:|1697378794\n|switch|p2a: Miraidon|Miraidon|100\/100\n|-damage|p2a: Miraidon|84\/100|[from] Spikes\n|-fieldstart|move: Electric Terrain|[from] ability: Hadron Engine|[of] p2a: Miraidon\n|turn|10\n|\n|t:|1697378806\n|switch|p1a: Cocaine Bear|Ursaluna, F|100\/100\n|-damage|p1a: Cocaine Bear|88\/100|[from] Spikes\n|move|p2a: Miraidon|Electro Drift|p1a: Cocaine Bear\n|-immune|p1a: Cocaine Bear\n|\n|-weather|RainDance|[upkeep]\n|-status|p1a: Cocaine Bear|brn|[from] item: Flame Orb\n|upkeep\n|turn|11\n|\n|t:|1697378811\n|move|p2a: Miraidon|Electro Drift|p1a: Cocaine Bear\n|-immune|p1a: Cocaine Bear\n|move|p1a: Cocaine Bear|Facade|p2a: Miraidon\n|-damage|p2a: Miraidon|0 fnt\n|faint|p2a: Miraidon\n|\n|-weather|RainDance|[upkeep]\n|-damage|p1a: Cocaine Bear|82\/100 brn|[from] brn\n|upkeep\n|\n|t:|1697378816\n|switch|p2a: Arceus|Arceus|100\/100\n|-damage|p2a: Arceus|84\/100|[from] Spikes\n|turn|12\n|\n|t:|1697378825\n|move|p2a: Arceus|Swords Dance|p2a: Arceus\n|-boost|p2a: Arceus|atk|2\n|move|p1a: Cocaine Bear|Facade|p2a: Arceus\n|-damage|p2a: Arceus|0 fnt\n|faint|p2a: Arceus\n|\n|-weather|none\n|-damage|p1a: Cocaine Bear|75\/100 brn|[from] brn\n|upkeep\n|\n|t:|1697378827\n|switch|p2a: Calyrex|Calyrex-Ice|100\/100\n|-ability|p2a: Calyrex|As One\n|-ability|p2a: Calyrex|Unnerve\n|turn|13\n|\n|t:|1697378830\n|move|p1a: Cocaine Bear|Facade|p2a: Calyrex\n|-damage|p2a: Calyrex|27\/100\n|move|p2a: Calyrex|Glacial Lance|p1a: Cocaine Bear\n|-supereffective|p1a: Cocaine Bear\n|-damage|p1a: Cocaine Bear|0 fnt\n|faint|p1a: Cocaine Bear\n|-ability|p2a: Calyrex|Chilling Neigh|boost\n|-boost|p2a: Calyrex|atk|1\n|\n|upkeep\n|\n|t:|1697378834\n|switch|p1a: Killer Fish|Kyogre|61\/100\n|-damage|p1a: Killer Fish|48\/100|[from] Spikes\n|-weather|RainDance|[from] ability: Drizzle|[of] p1a: Killer Fish\n|turn|14\n|\n|t:|1697378840\n|move|p1a: Killer Fish|Surf|p2a: Calyrex\n|-damage|p2a: Calyrex|0 fnt\n|faint|p2a: Calyrex\n|-damage|p1a: Killer Fish|38\/100|[from] item: Life Orb\n|\n|win|EpicGamer069420\n|raw|EpicGamer069420's rating: 1406 &rarr; <strong>1427<\/strong><br \/>(+21 for winning)\n|raw|Carmine Enjoyer's rating: 1427 &rarr; <strong>1406<\/strong><br \/>(-21 for losing)\n|l|\u2606Carmine Enjoyer\n","uploadtime":1697378855,"views":12,"p1id":"epicgamer069420","p2id":"carmineenjoyer","formatid":"gen9ubers","rating":1406,"private":0,"password":""}