{"id":"gen9ubers-1968185984","p1":"PTKmoekyuun","p2":"XpokVEVO","format":"[Gen 9] Ubers","log":"|j|\u2606PTKmoekyuun\n|j|\u2606XpokVEVO\n|t:|1697392797\n|gametype|singles\n|player|p1|PTKmoekyuun|1|\n|player|p2|XpokVEVO|marshal|\n|teamsize|p1|6\n|teamsize|p2|6\n|gen|9\n|tier|[Gen 9] Ubers\n|rule|Sleep Clause Mod: Limit one foe put to sleep\n|rule|Species Clause: Limit one of each Pok\u00e9mon\n|rule|OHKO Clause: OHKO moves are banned\n|rule|Evasion Items Clause: Evasion items are banned\n|rule|Evasion Moves Clause: Evasion moves are banned\n|rule|Endless Battle Clause: Forcing endless battles is banned\n|rule|HP Percentage Mod: HP is shown in percentages\n|clearpoke\n|poke|p1|Shaymin-Sky|\n|poke|p1|Slowking, F|\n|poke|p1|Volcarona, M|\n|poke|p1|Conkeldurr, M|\n|poke|p1|Gholdengo|\n|poke|p1|Quagsire, F|\n|poke|p2|Arceus-Fire|\n|poke|p2|Spectrier|\n|poke|p2|Magearna|\n|poke|p2|Shaymin-Sky|\n|poke|p2|Palkia-Origin|\n|poke|p2|Cyclizar, F|\n|teampreview\n|\n|t:|1697392806\n|start\n|switch|p1a: Conkeldurr|Conkeldurr, M|100\/100\n|switch|p2a: Cyclizar|Cyclizar, F|100\/100\n|turn|1\n|\n|t:|1697392812\n|move|p1a: Conkeldurr|Mach Punch|p2a: Cyclizar\n|-supereffective|p2a: Cyclizar\n|-damage|p2a: Cyclizar|42\/100\n|move|p2a: Cyclizar|Shed Tail|p2a: Cyclizar\n|-fail|p2a: Cyclizar|move: Shed Tail|[weak]\n|\n|-status|p1a: Conkeldurr|brn|[from] item: Flame Orb\n|upkeep\n|turn|2\n|\n|t:|1697392835\n|-terastallize|p2a: Cyclizar|Poison\n|move|p2a: Cyclizar|Shed Tail|p2a: Cyclizar\n|-fail|p2a: Cyclizar|move: Shed Tail|[weak]\n|move|p1a: Conkeldurr|Knock Off|p2a: Cyclizar\n|-damage|p2a: Cyclizar|0 fnt\n|-enditem|p2a: Cyclizar|Aguav Berry|[from] move: Knock Off|[of] p1a: Conkeldurr\n|faint|p2a: Cyclizar\n|\n|-damage|p1a: Conkeldurr|95\/100 brn|[from] brn\n|upkeep\n|c|\u2606XpokVEVO|Dyde\n|c|\u2606PTKmoekyuun|;c\n|\n|t:|1697392887\n|switch|p2a: Shaymin|Shaymin-Sky, shiny|100\/100\n|turn|3\n|\n|t:|1697392890\n|switch|p1a: Gholdengo|Gholdengo|100\/100\n|move|p2a: Shaymin|Air Slash|p1a: Gholdengo\n|-resisted|p1a: Gholdengo\n|-damage|p1a: Gholdengo|76\/100\n|-damage|p2a: Shaymin|91\/100|[from] item: Life Orb\n|\n|upkeep\n|turn|4\n|\n|t:|1697392896\n|-terastallize|p1a: Gholdengo|Flying\n|move|p2a: Shaymin|Earth Power|p1a: Gholdengo\n|-immune|p1a: Gholdengo\n|move|p1a: Gholdengo|Thunder Wave|p2a: Shaymin\n|-status|p2a: Shaymin|par\n|\n|upkeep\n|turn|5\n|\n|t:|1697392900\n|move|p1a: Gholdengo|Hex|p2a: Shaymin\n|-damage|p2a: Shaymin|14\/100 par\n|move|p2a: Shaymin|Tailwind|p2a: Shaymin\n|-sidestart|p2: XpokVEVO|move: Tailwind\n|\n|upkeep\n|turn|6\n|\n|t:|1697392903\n|cant|p2a: Shaymin|par\n|move|p1a: Gholdengo|Recover|p1a: Gholdengo\n|-heal|p1a: Gholdengo|100\/100\n|\n|upkeep\n|turn|7\n|\n|t:|1697392906\n|move|p2a: Shaymin|Seed Flare|p1a: Gholdengo\n|-resisted|p1a: Gholdengo\n|-damage|p1a: Gholdengo|66\/100\n|-damage|p2a: Shaymin|4\/100 par|[from] item: Life Orb\n|move|p1a: Gholdengo|Hex|p2a: Shaymin\n|-damage|p2a: Shaymin|0 fnt\n|faint|p2a: Shaymin\n|\n|upkeep\n|\n|t:|1697392916\n|switch|p2a: Palkia|Palkia-Origin|100\/100\n|-ability|p2a: Palkia|Pressure\n|turn|8\n|\n|t:|1697392926\n|switch|p1a: Slowking|Slowking, F|100\/100\n|move|p2a: Palkia|Substitute|p2a: Palkia\n|-start|p2a: Palkia|Substitute\n|-damage|p2a: Palkia|76\/100\n|\n|-sideend|p2: XpokVEVO|move: Tailwind\n|upkeep\n|turn|9\n|\n|t:|1697392930\n|move|p2a: Palkia|Thunder Wave|p1a: Slowking\n|-status|p1a: Slowking|par\n|move|p1a: Slowking|Ice Beam|p2a: Palkia\n|-activate|p2a: Palkia|move: Substitute|[damage]\n|\n|upkeep\n|turn|10\n|\n|t:|1697392946\n|move|p2a: Palkia|Draco Meteor|p1a: Slowking|[miss]\n|-miss|p2a: Palkia|p1a: Slowking\n|cant|p1a: Slowking|par\n|\n|upkeep\n|turn|11\n|\n|t:|1697392950\n|move|p2a: Palkia|Draco Meteor|p1a: Slowking\n|-damage|p1a: Slowking|51\/100 par\n|-unboost|p2a: Palkia|spa|2\n|move|p1a: Slowking|Chilly Reception|p1a: Slowking\n|-weather|Snow\n|\n|t:|1697392956\n|switch|p1a: Gholdengo|Gholdengo, tera:Flying|66\/100|[from] Chilly Reception\n|\n|-weather|Snow|[upkeep]\n|upkeep\n|turn|12\n|\n|t:|1697392960\n|move|p2a: Palkia|Draco Meteor|p1a: Gholdengo\n|-damage|p1a: Gholdengo|20\/100\n|-unboost|p2a: Palkia|spa|2\n|move|p1a: Gholdengo|Recover|p1a: Gholdengo\n|-heal|p1a: Gholdengo|70\/100\n|\n|-weather|Snow|[upkeep]\n|upkeep\n|turn|13\n|\n|t:|1697392984\n|switch|p2a: Arceus-Fight\u0131ng|Arceus-Fire, shiny|100\/100\n|move|p1a: Gholdengo|Thunder Wave|p2a: Arceus-Fight\u0131ng\n|-status|p2a: Arceus-Fight\u0131ng|par\n|\n|-weather|Snow|[upkeep]\n|upkeep\n|turn|14\n|\n|t:|1697392987\n|switch|p1a: Quagsire|Quagsire, F|100\/100\n|move|p2a: Arceus-Fight\u0131ng|Dragon Dance|p2a: Arceus-Fight\u0131ng\n|-boost|p2a: Arceus-Fight\u0131ng|atk|1\n|-boost|p2a: Arceus-Fight\u0131ng|spe|1\n|\n|-weather|Snow|[upkeep]\n|upkeep\n|turn|15\n|\n|t:|1697392991\n|move|p2a: Arceus-Fight\u0131ng|Tera Blast|p1a: Quagsire\n|-crit|p1a: Quagsire\n|-damage|p1a: Quagsire|64\/100\n|move|p1a: Quagsire|Toxic Spikes|p2a: Arceus-Fight\u0131ng\n|-sidestart|p2: XpokVEVO|move: Toxic Spikes\n|\n|-weather|none\n|-heal|p1a: Quagsire|71\/100|[from] item: Leftovers\n|upkeep\n|turn|16\n|-message|XpokVEVO forfeited.\n|\n|win|PTKmoekyuun\n|l|\u2606XpokVEVO\n|j|\u2606XpokVEVO\n|player|p2|XpokVEVO|marshal\n","uploadtime":1697393000,"views":23,"p1id":"ptkmoekyuun","p2id":"xpokvevo","formatid":"gen9ubers","rating":0,"private":0,"password":""}