{"id":"gen9ubers-1978027682","p1":"Erwtweg we w","p2":"Gam3h3r0","format":"[Gen 9] Ubers","log":"|j|\u2606Erwtweg we w\n|j|\u2606Gam3h3r0\n|t:|1698487198\n|gametype|singles\n|player|p1|Erwtweg we w|266|1023\n|player|p2|Gam3h3r0|101|1042\n|teamsize|p1|6\n|teamsize|p2|6\n|gen|9\n|tier|[Gen 9] Ubers\n|rated|\n|rule|Sleep Clause Mod: Limit one foe put to sleep\n|rule|Species Clause: Limit one of each Pok\u00e9mon\n|rule|OHKO Clause: OHKO moves are banned\n|rule|Evasion Items Clause: Evasion items are banned\n|rule|Evasion Moves Clause: Evasion moves are banned\n|rule|Endless Battle Clause: Forcing endless battles is banned\n|rule|HP Percentage Mod: HP is shown in percentages\n|clearpoke\n|poke|p1|Arceus|\n|poke|p1|Giratina|\n|poke|p1|Infernape, M|\n|poke|p1|Empoleon, M|\n|poke|p1|Rayquaza|\n|poke|p1|Flutter Mane|\n|poke|p2|Baxcalibur, F|\n|poke|p2|Ninetales-Alola, F|\n|poke|p2|Urshifu-*, F|\n|poke|p2|Kingambit, F|\n|poke|p2|Zacian-*|\n|poke|p2|Ribombee, M|\n|teampreview\n|\n|t:|1698487210\n|start\n|switch|p1a: Giratina|Giratina, shiny|100\/100\n|switch|p2a: Ninetales|Ninetales-Alola, F|100\/100\n|-weather|Snow|[from] ability: Snow Warning|[of] p2a: Ninetales\n|-ability|p1a: Giratina|Pressure\n|turn|1\n|\n|t:|1698487230\n|-terastallize|p1a: Giratina|Ghost\n|move|p2a: Ninetales|Aurora Veil|p2a: Ninetales\n|-sidestart|p2: Gam3h3r0|move: Aurora Veil\n|move|p1a: Giratina|Draco Meteor|p2a: Ninetales\n|-immune|p2a: Ninetales\n|\n|-weather|Snow|[upkeep]\n|upkeep\n|turn|2\n|\n|t:|1698487239\n|move|p2a: Ninetales|Nasty Plot|p2a: Ninetales\n|-boost|p2a: Ninetales|spa|2\n|move|p1a: Giratina|Draco Meteor|p2a: Ninetales\n|-immune|p2a: Ninetales\n|\n|-weather|Snow|[upkeep]\n|upkeep\n|turn|3\n|c|\u2606Gam3h3r0|????\n|\n|t:|1698487259\n|switch|p1a: Infernape|Infernape, M, shiny|100\/100\n|move|p2a: Ninetales|Nasty Plot|p2a: Ninetales\n|-boost|p2a: Ninetales|spa|2\n|\n|-weather|Snow|[upkeep]\n|upkeep\n|turn|4\n|\n|t:|1698487269\n|move|p2a: Ninetales|Moonblast|p1a: Infernape\n|-damage|p1a: Infernape|0 fnt\n|faint|p1a: Infernape\n|\n|-weather|Snow|[upkeep]\n|upkeep\n|\n|t:|1698487276\n|switch|p1a: Flutter Mane|Flutter Mane|100\/100\n|turn|5\n|\n|t:|1698487282\n|move|p2a: Ninetales|Blizzard|p1a: Flutter Mane\n|-damage|p1a: Flutter Mane|0 fnt\n|faint|p1a: Flutter Mane\n|-end|p1a: Flutter Mane|Protosynthesis|[silent]\n|\n|-weather|none\n|-sideend|p2: Gam3h3r0|move: Aurora Veil\n|upkeep\n|\n|t:|1698487294\n|switch|p1a: Rayquaza|Rayquaza, shiny|100\/100\n|-ability|p1a: Rayquaza|Air Lock\n|turn|6\n|\n|t:|1698487302\n|move|p2a: Ninetales|Moonblast|p1a: Rayquaza\n|-supereffective|p1a: Rayquaza\n|-damage|p1a: Rayquaza|0 fnt\n|faint|p1a: Rayquaza\n|\n|upkeep\n|\n|t:|1698487307\n|switch|p1a: Empoleon|Empoleon, M|100\/100\n|turn|7\n|inactive|Battle timer is ON: inactive players will automatically lose when time's up. (requested by Erwtweg we w)\n|\n|t:|1698487324\n|switch|p2a: Urshifu|Urshifu, F|100\/100\n|move|p1a: Empoleon|Aqua Jet|p2a: Urshifu\n|-damage|p2a: Urshifu|88\/100\n|\n|upkeep\n|turn|8\n|\n|t:|1698487333\n|move|p1a: Empoleon|Aqua Jet|p2a: Urshifu\n|-damage|p2a: Urshifu|75\/100\n|move|p2a: Urshifu|Close Combat|p1a: Empoleon\n|-supereffective|p1a: Empoleon\n|-damage|p1a: Empoleon|0 fnt\n|-unboost|p2a: Urshifu|def|1\n|-unboost|p2a: Urshifu|spd|1\n|faint|p1a: Empoleon\n|-damage|p2a: Urshifu|65\/100|[from] item: Life Orb\n|\n|upkeep\n|\n|t:|1698487337\n|switch|p1a: Giratina|Giratina, shiny, tera:Ghost|100\/100\n|-ability|p1a: Giratina|Pressure\n|turn|9\n|\n|t:|1698487349\n|move|p2a: Urshifu|Wicked Blow|p1a: Giratina\n|-supereffective|p1a: Giratina\n|-crit|p1a: Giratina\n|-damage|p1a: Giratina|0 fnt\n|faint|p1a: Giratina\n|-damage|p2a: Urshifu|55\/100|[from] item: Life Orb\n|\n|upkeep\n|\n|t:|1698487352\n|switch|p1a: Arceus|Arceus, shiny|100\/100\n|turn|10\n|\n|t:|1698487359\n|move|p2a: Urshifu|Close Combat|p1a: Arceus\n|-supereffective|p1a: Arceus\n|-damage|p1a: Arceus|0 fnt\n|-unboost|p2a: Urshifu|def|1\n|-unboost|p2a: Urshifu|spd|1\n|faint|p1a: Arceus\n|-damage|p2a: Urshifu|45\/100|[from] item: Life Orb\n|\n|win|Gam3h3r0\n|raw|Erwtweg we w's rating: 1023 &rarr; <strong>1010<\/strong><br \/>(-13 for losing)\n|raw|Gam3h3r0's rating: 1042 &rarr; <strong>1074<\/strong><br \/>(+32 for winning)\n","uploadtime":1698487371,"views":11,"p1id":"erwtwegwew","p2id":"gam3h3r0","formatid":"gen9ubers","rating":1010,"private":0,"password":""}