{"id":"gen9ubers-1985069750","p1":"anti void dragon","p2":"coomploud","format":"[Gen 9] Ubers","log":"|j|\u2606anti void dragon\n|j|\u2606coomploud\n|t:|1699326989\n|gametype|singles\n|player|p1|anti void dragon|n|1053\n|player|p2|coomploud|brycen|1000\n|teamsize|p1|6\n|teamsize|p2|6\n|gen|9\n|tier|[Gen 9] Ubers\n|rated|\n|rule|Sleep Clause Mod: Limit one foe put to sleep\n|rule|Species Clause: Limit one of each Pok\u00e9mon\n|rule|OHKO Clause: OHKO moves are banned\n|rule|Evasion Items Clause: Evasion items are banned\n|rule|Evasion Moves Clause: Evasion moves are banned\n|rule|Endless Battle Clause: Forcing endless battles is banned\n|rule|HP Percentage Mod: HP is shown in percentages\n|clearpoke\n|poke|p1|Mewtwo|\n|poke|p1|Dialga-Origin|\n|poke|p1|Zacian-*|\n|poke|p1|Arceus-Ground|\n|poke|p1|Kyogre|\n|poke|p1|Darkrai|\n|poke|p2|Grumpig, F|\n|poke|p2|Sudowoodo, M|\n|poke|p2|Veluza, M|\n|poke|p2|Vikavolt, M|\n|poke|p2|Gholdengo|\n|poke|p2|Annihilape, M|\n|teampreview\n|inactive|Battle timer is ON: inactive players will automatically lose when time's up. (requested by anti void dragon)\n|\n|t:|1699327003\n|start\n|switch|p1a: Arceus|Arceus-Ground|100\/100\n|switch|p2a: Grumpig|Grumpig, F|100\/100\n|turn|1\n|inactive|anti void dragon has 120 seconds left.\n|\n|t:|1699327052\n|move|p2a: Grumpig|Nasty Plot|p2a: Grumpig\n|-boost|p2a: Grumpig|spa|2\n|move|p1a: Arceus|Earthquake|p2a: Grumpig\n|-damage|p2a: Grumpig|13\/100\n|-enditem|p2a: Grumpig|Salac Berry|[eat]\n|-boost|p2a: Grumpig|spe|1|[from] item: Salac Berry\n|\n|upkeep\n|turn|2\n|\n|t:|1699327066\n|-terastallize|p2a: Grumpig|Ghost\n|move|p1a: Arceus|Extreme Speed|p2a: Grumpig\n|-immune|p2a: Grumpig\n|move|p2a: Grumpig|Energy Ball|p1a: Arceus\n|-supereffective|p1a: Arceus\n|-damage|p1a: Arceus|24\/100\n|\n|upkeep\n|turn|3\n|inactive|anti void dragon has 90 seconds left.\n|\n|t:|1699327101\n|move|p2a: Grumpig|Shadow Ball|p1a: Arceus\n|-damage|p1a: Arceus|0 fnt\n|faint|p1a: Arceus\n|\n|upkeep\n|\n|t:|1699327119\n|switch|p1a: Mewtwo|Mewtwo|100\/100\n|-ability|p1a: Mewtwo|Pressure\n|turn|4\n|\n|t:|1699327136\n|move|p2a: Grumpig|Shadow Ball|p1a: Mewtwo\n|-supereffective|p1a: Mewtwo\n|-damage|p1a: Mewtwo|0 fnt\n|faint|p1a: Mewtwo\n|\n|upkeep\n|\n|t:|1699327147\n|switch|p1a: Darkrai|Darkrai|100\/100\n|turn|5\n|inactive|anti void dragon has 60 seconds left.\n|\n|t:|1699327180\n|move|p2a: Grumpig|Energy Ball|p1a: Darkrai\n|-crit|p1a: Darkrai\n|-damage|p1a: Darkrai|0 fnt\n|faint|p1a: Darkrai\n|\n|upkeep\n|\n|t:|1699327184\n|switch|p1a: Zacian|Zacian-Crowned|100\/100\n|-ability|p1a: Zacian|Intrepid Sword|boost\n|-boost|p1a: Zacian|atk|1\n|turn|6\n|\n|t:|1699327208\n|move|p2a: Grumpig|Shadow Ball|p1a: Zacian\n|-damage|p1a: Zacian|40\/100\n|move|p1a: Zacian|Play Rough|p2a: Grumpig\n|-damage|p2a: Grumpig|0 fnt\n|faint|p2a: Grumpig\n|\n|upkeep\n|\n|t:|1699327217\n|switch|p2a: Sudowoodo|Sudowoodo, M|100\/100\n|turn|7\n|\n|t:|1699327223\n|move|p1a: Zacian|Behemoth Blade|p2a: Sudowoodo\n|-supereffective|p2a: Sudowoodo\n|-ability|p2a: Sudowoodo|Sturdy\n|-damage|p2a: Sudowoodo|1\/100\n|-enditem|p2a: Sudowoodo|Weakness Policy\n|-boost|p2a: Sudowoodo|atk|2|[from] item: Weakness Policy\n|-boost|p2a: Sudowoodo|spa|2|[from] item: Weakness Policy\n|move|p2a: Sudowoodo|Earthquake|p1a: Zacian\n|-supereffective|p1a: Zacian\n|-damage|p1a: Zacian|0 fnt\n|faint|p1a: Zacian\n|\n|upkeep\n|\n|t:|1699327229\n|switch|p1a: Kyogre|Kyogre|100\/100\n|-weather|RainDance|[from] ability: Drizzle|[of] p1a: Kyogre\n|turn|8\n|\n|t:|1699327245\n|move|p2a: Sudowoodo|Sucker Punch|p1a: Kyogre\n|-damage|p1a: Kyogre|53\/100\n|move|p1a: Kyogre|Ice Beam|p2a: Sudowoodo\n|-damage|p2a: Sudowoodo|0 fnt\n|faint|p2a: Sudowoodo\n|\n|-weather|RainDance|[upkeep]\n|-heal|p1a: Kyogre|59\/100|[from] item: Leftovers\n|upkeep\n|\n|t:|1699327255\n|switch|p2a: Vikavolt|Vikavolt, M|100\/100\n|turn|9\n|inactive|anti void dragon has 90 seconds left.\n|\n|t:|1699327270\n|move|p1a: Kyogre|Ice Beam|p2a: Vikavolt\n|-damage|p2a: Vikavolt|56\/100\n|move|p2a: Vikavolt|Volt Switch|p1a: Kyogre\n|-supereffective|p1a: Kyogre\n|-damage|p1a: Kyogre|0 fnt\n|faint|p1a: Kyogre\n|\n|t:|1699327284\n|switch|p2a: Gholdengo|Gholdengo|100\/100|[from] Volt Switch\n|\n|-weather|RainDance|[upkeep]\n|upkeep\n|\n|t:|1699327287\n|switch|p1a: Dialga|Dialga-Origin|100\/100\n|-ability|p1a: Dialga|Pressure\n|turn|10\n|\n|t:|1699327293\n|move|p2a: Gholdengo|Trick||[still]\n|-fail|p2a: Gholdengo\n|move|p1a: Dialga|Fire Blast|p2a: Gholdengo\n|-supereffective|p2a: Gholdengo\n|-damage|p2a: Gholdengo|51\/100\n|\n|-weather|RainDance|[upkeep]\n|upkeep\n|turn|11\n|\n|t:|1699327302\n|switch|p2a: Vikavolt|Vikavolt, M|56\/100\n|move|p1a: Dialga|Fire Blast|p2a: Vikavolt\n|-supereffective|p2a: Vikavolt\n|-damage|p2a: Vikavolt|5\/100\n|\n|-weather|RainDance|[upkeep]\n|upkeep\n|turn|12\n|\n|t:|1699327311\n|move|p1a: Dialga|Flash Cannon|p2a: Vikavolt\n|-resisted|p2a: Vikavolt\n|-damage|p2a: Vikavolt|0 fnt\n|faint|p2a: Vikavolt\n|\n|-weather|none\n|upkeep\n|\n|t:|1699327317\n|switch|p2a: Gholdengo|Gholdengo|51\/100\n|turn|13\n|\n|t:|1699327323\n|move|p2a: Gholdengo|Shadow Ball|p1a: Dialga\n|-damage|p1a: Dialga|64\/100\n|move|p1a: Dialga|Fire Blast|p2a: Gholdengo\n|-supereffective|p2a: Gholdengo\n|-damage|p2a: Gholdengo|0 fnt\n|faint|p2a: Gholdengo\n|\n|upkeep\n|\n|t:|1699327325\n|switch|p2a: Veluza|Veluza, M|100\/100\n|turn|14\n|inactive|anti void dragon has 120 seconds left.\n|\n|t:|1699327359\n|-terastallize|p1a: Dialga|Fairy\n|move|p2a: Veluza|Psycho Cut|p1a: Dialga\n|-damage|p1a: Dialga|25\/100\n|move|p1a: Dialga|Flash Cannon|p2a: Veluza\n|-resisted|p2a: Veluza\n|-damage|p2a: Veluza|62\/100\n|\n|upkeep\n|turn|15\n|\n|t:|1699327369\n|move|p2a: Veluza|Aqua Cutter|p1a: Dialga\n|-damage|p1a: Dialga|0 fnt\n|faint|p1a: Dialga\n|\n|win|coomploud\n|raw|anti void dragon's rating: 1053 &rarr; <strong>1032<\/strong><br \/>(-21 for losing)\n|raw|coomploud's rating: 1000 &rarr; <strong>1046<\/strong><br \/>(+46 for winning)\n|l|\u2606anti void dragon\n","uploadtime":1699327380,"views":17,"p1id":"antivoiddragon","p2id":"coomploud","formatid":"gen9ubers","rating":1032,"private":0,"password":""}