{"id":"gen9ubers-1993817223","p1":"WARIOROFLIBERATION","p2":"thunderbug","format":"[Gen 9] Ubers","log":"|j|\u2606WARIOROFLIBERATION\n|j|\u2606thunderbug\n|t:|1700360938\n|gametype|singles\n|player|p1|WARIOROFLIBERATION|102|1487\n|player|p2|thunderbug|bugsy-gen2|1603\n|teamsize|p1|6\n|teamsize|p2|6\n|gen|9\n|tier|[Gen 9] Ubers\n|rated|\n|rule|Sleep Clause Mod: Limit one foe put to sleep\n|rule|Species Clause: Limit one of each Pok\u00e9mon\n|rule|OHKO Clause: OHKO moves are banned\n|rule|Evasion Items Clause: Evasion items are banned\n|rule|Evasion Moves Clause: Evasion moves are banned\n|rule|Endless Battle Clause: Forcing endless battles is banned\n|rule|HP Percentage Mod: HP is shown in percentages\n|clearpoke\n|poke|p1|Ursaluna, M|\n|poke|p1|Magearna|\n|poke|p1|Calyrex-Ice|\n|poke|p1|Basculegion, M|\n|poke|p1|Hatterene, F|\n|poke|p1|Dialga-Origin|\n|poke|p2|Ting-Lu|\n|poke|p2|Skeledirge, M|\n|poke|p2|Koraidon|\n|poke|p2|Arceus-Fairy|\n|poke|p2|Eternatus|\n|poke|p2|Kyogre|\n|teampreview\n|\n|t:|1700360985\n|start\n|switch|p1a: PERONA|Hatterene, F|100\/100\n|switch|p2a: Skeledirge|Skeledirge, M|100\/100\n|turn|1\n|inactive|Battle timer is ON: inactive players will automatically lose when time's up. (requested by WARIOROFLIBERATION)\n|inactive|WARIOROFLIBERATION has 120 seconds left.\n|\n|t:|1700361027\n|move|p2a: Skeledirge|Torch Song|p1a: PERONA\n|-damage|p1a: PERONA|72\/100\n|-boost|p2a: Skeledirge|spa|1\n|move|p1a: PERONA|Trick Room|p1a: PERONA\n|-fieldstart|move: Trick Room|[of] p1a: PERONA\n|\n|upkeep\n|turn|2\n|\n|t:|1700361042\n|move|p1a: PERONA|Healing Wish|p1a: PERONA\n|faint|p1a: PERONA\n|move|p2a: Skeledirge|Torch Song|p1: PERONA|[notarget]\n|-fail|p2a: Skeledirge\n|\n|upkeep\n|\n|t:|1700361045\n|switch|p1a: BROOK|Basculegion, M, shiny|100\/100\n|turn|3\n|\n|t:|1700361050\n|switch|p2a: Koraidon|Koraidon|100\/100\n|-weather|SunnyDay|[from] ability: Orichalcum Pulse|[of] p2a: Koraidon\n|-activate|p2a: Koraidon|Orichalcum Pulse|[source]\n|move|p1a: BROOK|Flip Turn|p2a: Koraidon\n|-resisted|p2a: Koraidon\n|-damage|p2a: Koraidon|87\/100\n|\n|t:|1700361056\n|switch|p1a: KUMA|Ursaluna, M, shiny|100\/100|[from] Flip Turn\n|\n|-weather|SunnyDay|[upkeep]\n|-status|p1a: KUMA|brn|[from] item: Flame Orb\n|upkeep\n|turn|4\n|\n|t:|1700361065\n|switch|p2a: Skeledirge|Skeledirge, M|100\/100\n|move|p1a: KUMA|Facade|p2a: Skeledirge\n|-immune|p2a: Skeledirge\n|\n|-weather|SunnyDay|[upkeep]\n|-damage|p1a: KUMA|94\/100 brn|[from] brn\n|upkeep\n|turn|5\n|\n|t:|1700361085\n|switch|p2a: Arceus|Arceus-Fairy|100\/100\n|move|p1a: KUMA|Headlong Rush|p2a: Arceus\n|-damage|p2a: Arceus|37\/100\n|-unboost|p1a: KUMA|def|1\n|-unboost|p1a: KUMA|spd|1\n|\n|-weather|SunnyDay|[upkeep]\n|-damage|p1a: KUMA|88\/100 brn|[from] brn\n|-fieldend|move: Trick Room\n|upkeep\n|turn|6\n|\n|t:|1700361110\n|switch|p1a: KAIDO|Dialga-Origin, shiny|100\/100\n|-ability|p1a: KAIDO|Pressure\n|move|p2a: Arceus|Recover|p2a: Arceus\n|-heal|p2a: Arceus|87\/100\n|\n|-weather|SunnyDay|[upkeep]\n|upkeep\n|turn|7\n|\n|t:|1700361121\n|switch|p2a: Ting-Lu|Ting-Lu|100\/100\n|-ability|p2a: Ting-Lu|Vessel of Ruin\n|move|p1a: KAIDO|Trick Room|p1a: KAIDO\n|-fieldstart|move: Trick Room|[of] p1a: KAIDO\n|\n|-weather|none\n|upkeep\n|turn|8\n|inactive|WARIOROFLIBERATION has 120 seconds left.\n|\n|t:|1700361159\n|switch|p1a: AOKIJI|Calyrex-Ice|100\/100\n|-ability|p1a: AOKIJI|As One\n|-ability|p1a: AOKIJI|Unnerve\n|move|p2a: Ting-Lu|Spikes|p1a: AOKIJI\n|-sidestart|p1: WARIOROFLIBERATION|Spikes\n|\n|upkeep\n|turn|9\n|\n|t:|1700361185\n|switch|p2a: Kyogre|Kyogre|100\/100\n|-weather|RainDance|[from] ability: Drizzle|[of] p2a: Kyogre\n|move|p1a: AOKIJI|Stomping Tantrum|p2a: Kyogre\n|-damage|p2a: Kyogre|51\/100\n|-damage|p1a: AOKIJI|91\/100|[from] item: Life Orb\n|\n|-weather|RainDance|[upkeep]\n|upkeep\n|turn|10\n|inactive|WARIOROFLIBERATION has 120 seconds left.\n|\n|t:|1700361194\n|move|p1a: AOKIJI|Close Combat|p2a: Kyogre\n|-damage|p2a: Kyogre|0 fnt\n|-unboost|p1a: AOKIJI|def|1\n|-unboost|p1a: AOKIJI|spd|1\n|faint|p2a: Kyogre\n|-ability|p1a: AOKIJI|Chilling Neigh|boost\n|-boost|p1a: AOKIJI|atk|1\n|-damage|p1a: AOKIJI|81\/100|[from] item: Life Orb\n|\n|-weather|RainDance|[upkeep]\n|upkeep\n|\n|t:|1700361199\n|switch|p2a: Skeledirge|Skeledirge, M|100\/100\n|turn|11\n|\n|t:|1700361207\n|switch|p1a: KAIDO|Dialga-Origin, shiny|100\/100\n|-damage|p1a: KAIDO|88\/100|[from] Spikes\n|-ability|p1a: KAIDO|Pressure\n|move|p2a: Skeledirge|Will-O-Wisp|p1a: KAIDO|[miss]\n|-miss|p2a: Skeledirge|p1a: KAIDO\n|\n|-weather|RainDance|[upkeep]\n|-fieldend|move: Trick Room\n|upkeep\n|turn|12\n|\n|t:|1700361214\n|switch|p2a: Ting-Lu|Ting-Lu|100\/100\n|-ability|p2a: Ting-Lu|Vessel of Ruin\n|move|p1a: KAIDO|Stealth Rock|p2a: Ting-Lu\n|-sidestart|p2: thunderbug|move: Stealth Rock\n|\n|-weather|RainDance|[upkeep]\n|upkeep\n|turn|13\n|\n|t:|1700361227\n|switch|p1a: BROOK|Basculegion, M, shiny|100\/100\n|-damage|p1a: BROOK|88\/100|[from] Spikes\n|move|p2a: Ting-Lu|Earthquake|p1a: BROOK\n|-damage|p1a: BROOK|51\/100\n|\n|-weather|none\n|upkeep\n|turn|14\n|\n|t:|1700361238\n|move|p1a: BROOK|Flip Turn|p2a: Ting-Lu\n|-supereffective|p2a: Ting-Lu\n|-damage|p2a: Ting-Lu|36\/100\n|\n|t:|1700361254\n|switch|p1a: AOKIJI|Calyrex-Ice|81\/100|[from] Flip Turn\n|-ability|p1a: AOKIJI|As One\n|-ability|p1a: AOKIJI|Unnerve\n|-heal|p1a: AOKIJI|100\/100|[from] move: Healing Wish\n|-damage|p1a: AOKIJI|88\/100|[from] Spikes\n|move|p2a: Ting-Lu|Earthquake|p1a: AOKIJI\n|-damage|p1a: AOKIJI|64\/100\n|\n|-heal|p2a: Ting-Lu|42\/100|[from] item: Leftovers\n|upkeep\n|turn|15\n|\n|t:|1700361267\n|switch|p2a: Skeledirge|Skeledirge, M|100\/100\n|move|p1a: AOKIJI|Glacial Lance|p2a: Skeledirge\n|-resisted|p2a: Skeledirge\n|-damage|p2a: Skeledirge|71\/100\n|-damage|p1a: AOKIJI|54\/100|[from] item: Life Orb\n|\n|upkeep\n|turn|16\n|\n|t:|1700361274\n|switch|p1a: KAIDO|Dialga-Origin, shiny|88\/100\n|-damage|p1a: KAIDO|76\/100|[from] Spikes\n|-ability|p1a: KAIDO|Pressure\n|move|p2a: Skeledirge|Slack Off|p2a: Skeledirge\n|-heal|p2a: Skeledirge|100\/100\n|\n|upkeep\n|turn|17\n|\n|t:|1700361283\n|switch|p2a: Ting-Lu|Ting-Lu|42\/100\n|-damage|p2a: Ting-Lu|36\/100|[from] Stealth Rock\n|-ability|p2a: Ting-Lu|Vessel of Ruin\n|move|p1a: KAIDO|Trick Room|p1a: KAIDO\n|-fieldstart|move: Trick Room|[of] p1a: KAIDO\n|\n|-heal|p2a: Ting-Lu|42\/100|[from] item: Leftovers\n|upkeep\n|turn|18\n|\n|t:|1700361294\n|move|p2a: Ting-Lu|Earthquake|p1a: KAIDO\n|-supereffective|p1a: KAIDO\n|-damage|p1a: KAIDO|25\/100\n|move|p1a: KAIDO|Steel Beam|p2a: Ting-Lu\n|-damage|p2a: Ting-Lu|2\/100\n|-damage|p1a: KAIDO|0 fnt|[from] steelbeam\n|faint|p1a: KAIDO\n|\n|-heal|p2a: Ting-Lu|8\/100|[from] item: Leftovers\n|upkeep\n|\n|t:|1700361313\n|switch|p1a: KUMA|Ursaluna, M, shiny|88\/100 brn\n|-damage|p1a: KUMA|75\/100 brn|[from] Spikes\n|turn|19\n|\n|t:|1700361332\n|move|p2a: Ting-Lu|Earthquake|p1a: KUMA\n|-damage|p1a: KUMA|50\/100 brn\n|move|p1a: KUMA|Headlong Rush|p2a: Ting-Lu\n|-damage|p2a: Ting-Lu|0 fnt\n|-unboost|p1a: KUMA|def|1\n|-unboost|p1a: KUMA|spd|1\n|faint|p2a: Ting-Lu\n|\n|-damage|p1a: KUMA|44\/100 brn|[from] brn\n|upkeep\n|\n|t:|1700361340\n|switch|p2a: Arceus|Arceus-Fairy|87\/100\n|-damage|p2a: Arceus|75\/100|[from] Stealth Rock\n|turn|20\n|\n|t:|1700361361\n|switch|p2a: Eternatus|Eternatus|100\/100\n|-ability|p2a: Eternatus|Pressure\n|move|p1a: KUMA|Facade|p2a: Eternatus\n|-crit|p2a: Eternatus\n|-damage|p2a: Eternatus|0 fnt\n|faint|p2a: Eternatus\n|\n|-damage|p1a: KUMA|38\/100 brn|[from] brn\n|upkeep\n|\n|t:|1700361370\n|switch|p2a: Arceus|Arceus-Fairy|75\/100\n|-damage|p2a: Arceus|62\/100|[from] Stealth Rock\n|turn|21\n|\n|t:|1700361378\n|move|p1a: KUMA|Headlong Rush|p2a: Arceus\n|-damage|p2a: Arceus|0 fnt\n|-unboost|p1a: KUMA|def|1\n|-unboost|p1a: KUMA|spd|1\n|faint|p2a: Arceus\n|\n|-damage|p1a: KUMA|32\/100 brn|[from] brn\n|-fieldend|move: Trick Room\n|upkeep\n|\n|t:|1700361381\n|switch|p2a: Skeledirge|Skeledirge, M|100\/100\n|turn|22\n|\n|t:|1700361408\n|switch|p1a: AOKIJI|Calyrex-Ice|54\/100\n|-ability|p1a: AOKIJI|As One\n|-ability|p1a: AOKIJI|Unnerve\n|-damage|p1a: AOKIJI|41\/100|[from] Spikes\n|move|p2a: Skeledirge|Torch Song|p1a: AOKIJI\n|-supereffective|p1a: AOKIJI\n|-damage|p1a: AOKIJI|0 fnt\n|-boost|p2a: Skeledirge|spa|1\n|faint|p1a: AOKIJI\n|\n|upkeep\n|\n|t:|1700361410\n|switch|p1a: REIJU|Magearna|100\/100\n|-damage|p1a: REIJU|88\/100|[from] Spikes\n|turn|23\n|\n|t:|1700361418\n|-terastallize|p1a: REIJU|Water\n|move|p2a: Skeledirge|Torch Song|p1a: REIJU\n|-resisted|p1a: REIJU\n|-damage|p1a: REIJU|69\/100\n|-boost|p2a: Skeledirge|spa|1\n|move|p1a: REIJU|Trick Room|p1a: REIJU\n|-fieldstart|move: Trick Room|[of] p1a: REIJU\n|\n|upkeep\n|turn|24\n|\n|t:|1700361442\n|move|p1a: REIJU|Volt Switch|p2a: Skeledirge\n|-damage|p2a: Skeledirge|80\/100\n|\n|t:|1700361445\n|switch|p1a: BROOK|Basculegion, M, shiny|51\/100|[from] Volt Switch\n|-damage|p1a: BROOK|38\/100|[from] Spikes\n|move|p2a: Skeledirge|Torch Song|p1a: BROOK\n|-resisted|p1a: BROOK\n|-damage|p1a: BROOK|7\/100\n|-boost|p2a: Skeledirge|spa|1\n|\n|upkeep\n|turn|25\n|\n|t:|1700361464\n|-terastallize|p2a: Skeledirge|Normal\n|move|p1a: BROOK|Last Respects|p2a: Skeledirge\n|-immune|p2a: Skeledirge\n|move|p2a: Skeledirge|Torch Song|p1a: BROOK\n|-resisted|p1a: BROOK\n|-damage|p1a: BROOK|0 fnt\n|-boost|p2a: Skeledirge|spa|1\n|faint|p1a: BROOK\n|\n|upkeep\n|\n|t:|1700361472\n|switch|p1a: KUMA|Ursaluna, M, shiny|32\/100 brn\n|-damage|p1a: KUMA|19\/100 brn|[from] Spikes\n|turn|26\n|\n|t:|1700361476\n|move|p1a: KUMA|Facade|p2a: Skeledirge\n|-damage|p2a: Skeledirge|2\/100\n|move|p2a: Skeledirge|Torch Song|p1a: KUMA\n|-damage|p1a: KUMA|0 fnt\n|-boost|p2a: Skeledirge|spa|1\n|faint|p1a: KUMA\n|\n|upkeep\n|\n|t:|1700361485\n|switch|p1a: REIJU|Magearna, tera:Water|69\/100\n|-damage|p1a: REIJU|57\/100|[from] Spikes\n|turn|27\n|\n|t:|1700361491\n|move|p1a: REIJU|Aura Sphere|p2a: Skeledirge\n|-supereffective|p2a: Skeledirge\n|-damage|p2a: Skeledirge|0 fnt\n|faint|p2a: Skeledirge\n|-ability|p1a: REIJU|Soul-Heart|boost\n|-boost|p1a: REIJU|spa|1\n|\n|-fieldend|move: Trick Room\n|upkeep\n|\n|t:|1700361495\n|switch|p2a: Koraidon|Koraidon|87\/100\n|-damage|p2a: Koraidon|81\/100|[from] Stealth Rock\n|-weather|SunnyDay|[from] ability: Orichalcum Pulse|[of] p2a: Koraidon\n|-activate|p2a: Koraidon|Orichalcum Pulse|[source]\n|turn|28\n|\n|t:|1700361504\n|move|p2a: Koraidon|Dragon Claw|p1a: REIJU\n|-damage|p1a: REIJU|19\/100\n|move|p1a: REIJU|Steel Beam|p2a: Koraidon\n|-damage|p2a: Koraidon|0 fnt\n|-damage|p1a: REIJU|0 fnt|[from] steelbeam\n|faint|p1a: REIJU\n|faint|p2a: Koraidon\n|\n|win|thunderbug\n|raw|WARIOROFLIBERATION's rating: 1487 &rarr; <strong>1473<\/strong><br \/>(-14 for losing)\n|raw|thunderbug's rating: 1603 &rarr; <strong>1617<\/strong><br \/>(+14 for winning)\n|c|\u2606thunderbug|gg\n|c|\u2606WARIOROFLIBERATION|gg\n","uploadtime":1700361519,"views":32,"p1id":"wariorofliberation","p2id":"thunderbug","formatid":"gen9ubers","rating":1473,"private":0,"password":""}