{"id":"gen9ubers-1984275353","p1":"mastershednija69","p2":"Aaron_Naps","format":"[Gen 9] Ubers","log":"|j|\u2606mastershednija69\n|j|\u2606Aaron_Naps\n|t:|1699237828\n|gametype|singles\n|player|p1|mastershednija69|2|\n|player|p2|Aaron_Naps|dawn|\n|teamsize|p1|6\n|teamsize|p2|6\n|gen|9\n|tier|[Gen 9] Ubers\n|rule|Sleep Clause Mod: Limit one foe put to sleep\n|rule|Species Clause: Limit one of each Pok\u00e9mon\n|rule|OHKO Clause: OHKO moves are banned\n|rule|Evasion Items Clause: Evasion items are banned\n|rule|Evasion Moves Clause: Evasion moves are banned\n|rule|Endless Battle Clause: Forcing endless battles is banned\n|rule|HP Percentage Mod: HP is shown in percentages\n|clearpoke\n|poke|p1|Dragapult, F|\n|poke|p1|Enamorus, F|\n|poke|p1|Muk-Alola, F|\n|poke|p1|Forretress, M|\n|poke|p1|Ribombee, F|\n|poke|p1|Manaphy|\n|poke|p2|Iron Valiant|\n|poke|p2|Slowking-Galar, F|\n|poke|p2|Zapdos|\n|poke|p2|Heatran, F|\n|poke|p2|Espeon, M|\n|poke|p2|Krookodile, M|\n|teampreview\n|c|\u2606Aaron_Naps|gl\n|\n|t:|1699237891\n|start\n|switch|p1a: Dragapult|Dragapult, F|100\/100\n|switch|p2a: Espeon|Espeon, M|100\/100\n|turn|1\n|\n|t:|1699237912\n|-terastallize|p2a: Espeon|Fairy\n|move|p1a: Dragapult|U-turn|p2a: Espeon\n|-resisted|p2a: Espeon\n|-damage|p2a: Espeon|70\/100\n|\n|t:|1699237935\n|switch|p1a: Forretress|Forretress, M|100\/100|[from] U-turn\n|move|p2a: Espeon|Dazzling Gleam|p1a: Forretress\n|-resisted|p1a: Forretress\n|-damage|p1a: Forretress|59\/100\n|\n|upkeep\n|turn|2\n|\n|t:|1699237960\n|switch|p2a: Slowking|Slowking-Galar, F|100\/100\n|move|p1a: Forretress|Stealth Rock|p2a: Slowking\n|-sidestart|p2: Aaron_Naps|move: Stealth Rock\n|\n|upkeep\n|turn|3\n|\n|t:|1699238019\n|move|p1a: Forretress|Spikes|p2a: Slowking\n|-sidestart|p2: Aaron_Naps|Spikes\n|move|p2a: Slowking|Flamethrower|p1a: Forretress\n|-supereffective|p1a: Forretress\n|-crit|p1a: Forretress\n|-damage|p1a: Forretress|0 fnt\n|faint|p1a: Forretress\n|\n|upkeep\n|\n|t:|1699238037\n|switch|p1a: Dragapult|Dragapult, F|100\/100\n|turn|4\n|\n|t:|1699238065\n|move|p1a: Dragapult|Phantom Force||[still]\n|-prepare|p1a: Dragapult|Phantom Force\n|move|p2a: Slowking|Future Sight|p1a: Dragapult\n|-start|p2a: Slowking|move: Future Sight\n|\n|upkeep\n|turn|5\n|\n|t:|1699238103\n|switch|p2a: Krookodile|Krookodile, M|100\/100\n|-damage|p2a: Krookodile|94\/100|[from] Stealth Rock\n|-damage|p2a: Krookodile|82\/100|[from] Spikes\n|-ability|p2a: Krookodile|Intimidate|boost\n|-unboost|p1a: Dragapult|atk|1\n|move|p1a: Dragapult|Phantom Force|p2a: Krookodile|[from]lockedmove\n|-resisted|p2a: Krookodile\n|-damage|p2a: Krookodile|56\/100\n|\n|upkeep\n|turn|6\n|\n|t:|1699238223\n|switch|p1a: Manaphy|Manaphy|100\/100\n|move|p2a: Krookodile|Gunk Shot|p1a: Manaphy\n|-damage|p1a: Manaphy|57\/100\n|\n|-end|p1a: Manaphy|move: Future Sight\n|-damage|p1a: Manaphy|14\/100\n|upkeep\n|turn|7\n|\n|t:|1699238272\n|switch|p2a: Slowking|Slowking-Galar, F|100\/100\n|-damage|p2a: Slowking|88\/100|[from] Stealth Rock\n|-damage|p2a: Slowking|76\/100|[from] Spikes\n|move|p1a: Manaphy|Scald|p2a: Slowking\n|-damage|p2a: Slowking|61\/100\n|\n|upkeep\n|turn|8\n|\n|t:|1699238295\n|switch|p1a: Muk|Muk-Alola, F|100\/100\n|move|p2a: Slowking|Sludge Bomb|p1a: Muk\n|-resisted|p1a: Muk\n|-damage|p1a: Muk|92\/100\n|\n|upkeep\n|turn|9\n|\n|t:|1699238312\n|switch|p2a: Krookodile|Krookodile, M|56\/100\n|-damage|p2a: Krookodile|50\/100|[from] Stealth Rock\n|-damage|p2a: Krookodile|38\/100|[from] Spikes\n|-ability|p2a: Krookodile|Intimidate|boost\n|-unboost|p1a: Muk|atk|1\n|move|p1a: Muk|Knock Off|p2a: Krookodile\n|-resisted|p2a: Krookodile\n|-damage|p2a: Krookodile|19\/100\n|-enditem|p2a: Krookodile|Choice Scarf|[from] move: Knock Off|[of] p1a: Muk\n|\n|upkeep\n|turn|10\n|\n|t:|1699238355\n|switch|p2a: Zapdos|Zapdos|100\/100\n|switch|p1a: Ribombee|Ribombee, F|100\/100\n|\n|upkeep\n|turn|11\n|\n|t:|1699238405\n|switch|p2a: Espeon|Espeon, M, tera:Fairy|70\/100\n|-damage|p2a: Espeon|57\/100|[from] Stealth Rock\n|-damage|p2a: Espeon|45\/100|[from] Spikes\n|move|p1a: Ribombee|Sticky Web|p2a: Espeon\n|move|p2a: Espeon|Sticky Web|p1a: Ribombee|[from]ability: Magic Bounce\n|-sidestart|p1: mastershednija69|move: Sticky Web\n|\n|upkeep\n|turn|12\n|\n|t:|1699238437\n|move|p1a: Ribombee|Quiver Dance|p1a: Ribombee\n|-boost|p1a: Ribombee|spa|1\n|-boost|p1a: Ribombee|spd|1\n|-boost|p1a: Ribombee|spe|1\n|move|p2a: Espeon|Dazzling Gleam|p1a: Ribombee\n|-damage|p1a: Ribombee|29\/100\n|\n|upkeep\n|turn|13\n|\n|t:|1699238448\n|move|p1a: Ribombee|Moonblast|p2a: Espeon\n|-damage|p2a: Espeon|0 fnt\n|faint|p2a: Espeon\n|\n|upkeep\n|\n|t:|1699238514\n|switch|p2a: Slowking|Slowking-Galar, F|94\/100\n|-damage|p2a: Slowking|82\/100|[from] Stealth Rock\n|-damage|p2a: Slowking|70\/100|[from] Spikes\n|turn|14\n|\n|t:|1699238546\n|move|p1a: Ribombee|Sticky Web|p2a: Slowking\n|-sidestart|p2: Aaron_Naps|move: Sticky Web\n|move|p2a: Slowking|Flamethrower|p1a: Ribombee\n|-supereffective|p1a: Ribombee\n|-damage|p1a: Ribombee|0 fnt\n|faint|p1a: Ribombee\n|\n|upkeep\n|\n|t:|1699238559\n|switch|p1a: Muk|Muk-Alola, F|92\/100\n|-activate|p1a: Muk|move: Sticky Web\n|-unboost|p1a: Muk|spe|1\n|turn|15\n|\n|t:|1699238577\n|switch|p2a: Zapdos|Zapdos|100\/100\n|move|p1a: Muk|Knock Off|p2a: Zapdos\n|-damage|p2a: Zapdos|48\/100\n|-enditem|p2a: Zapdos|Heavy-Duty Boots|[from] move: Knock Off|[of] p1a: Muk\n|\n|upkeep\n|turn|16\n|\n|t:|1699238597\n|move|p2a: Zapdos|Roost|p2a: Zapdos\n|-heal|p2a: Zapdos|98\/100\n|-singleturn|p2a: Zapdos|move: Roost\n|move|p1a: Muk|Stone Edge|p2a: Zapdos\n|-damage|p2a: Zapdos|67\/100\n|\n|upkeep\n|turn|17\n|\n|t:|1699238608\n|move|p2a: Zapdos|Thunder Wave|p1a: Muk\n|-status|p1a: Muk|par\n|move|p1a: Muk|Gunk Shot|p2a: Zapdos\n|-damage|p2a: Zapdos|11\/100\n|-status|p2a: Zapdos|psn\n|\n|-damage|p2a: Zapdos|0 fnt|[from] psn\n|faint|p2a: Zapdos\n|upkeep\n|\n|t:|1699238612\n|switch|p2a: Krookodile|Krookodile, M|19\/100\n|-damage|p2a: Krookodile|13\/100|[from] Stealth Rock\n|-damage|p2a: Krookodile|1\/100|[from] Spikes\n|-activate|p2a: Krookodile|move: Sticky Web\n|-unboost|p2a: Krookodile|spe|1\n|-ability|p2a: Krookodile|Intimidate|boost\n|-unboost|p1a: Muk|atk|1\n|turn|18\n|\n|t:|1699238743\n|switch|p1a: Dragapult|Dragapult, F|100\/100\n|-activate|p1a: Dragapult|move: Sticky Web\n|-unboost|p1a: Dragapult|spe|1\n|move|p2a: Krookodile|Earthquake|p1a: Dragapult\n|-damage|p1a: Dragapult|19\/100\n|\n|upkeep\n|turn|19\n|\n|t:|1699238756\n|move|p1a: Dragapult|U-turn|p2a: Krookodile\n|-supereffective|p2a: Krookodile\n|-damage|p2a: Krookodile|0 fnt\n|faint|p2a: Krookodile\n|\n|t:|1699238763\n|switch|p1a: Enamorus|Enamorus, F|100\/100|[from] U-turn\n|\n|upkeep\n|\n|t:|1699238768\n|switch|p2a: Slowking|Slowking-Galar, F|100\/100\n|-damage|p2a: Slowking|88\/100|[from] Stealth Rock\n|-damage|p2a: Slowking|76\/100|[from] Spikes\n|-activate|p2a: Slowking|move: Sticky Web\n|-unboost|p2a: Slowking|spe|1\n|turn|20\n|\n|t:|1699238806\n|switch|p1a: Muk|Muk-Alola, F|92\/100 par\n|-activate|p1a: Muk|move: Sticky Web\n|-unboost|p1a: Muk|spe|1\n|move|p2a: Slowking|Sludge Bomb|p1a: Muk\n|-resisted|p1a: Muk\n|-damage|p1a: Muk|83\/100 par\n|\n|upkeep\n|turn|21\n|\n|t:|1699238842\n|move|p2a: Slowking|Flamethrower|p1a: Muk\n|-damage|p1a: Muk|70\/100 par\n|cant|p1a: Muk|par\n|\n|upkeep\n|turn|22\n|\n|t:|1699238846\n|move|p2a: Slowking|Flamethrower|p1a: Muk\n|-damage|p1a: Muk|59\/100 par\n|move|p1a: Muk|Knock Off|p2a: Slowking\n|-supereffective|p2a: Slowking\n|-damage|p2a: Slowking|0 fnt\n|-enditem|p2a: Slowking|Assault Vest|[from] move: Knock Off|[of] p1a: Muk\n|faint|p2a: Slowking\n|\n|upkeep\n|\n|t:|1699238849\n|switch|p2a: Heatran|Heatran, F|100\/100\n|-damage|p2a: Heatran|88\/100|[from] Stealth Rock\n|-item|p2a: Heatran|Air Balloon\n|turn|23\n|\n|t:|1699238863\n|move|p2a: Heatran|Earth Power|p1a: Muk\n|-supereffective|p1a: Muk\n|-damage|p1a: Muk|24\/100 par\n|-unboost|p1a: Muk|spd|1\n|move|p1a: Muk|Drain Punch|p2a: Heatran\n|-supereffective|p2a: Heatran\n|-damage|p2a: Heatran|46\/100\n|-heal|p1a: Muk|43\/100 par|[from] drain|[of] p2a: Heatran\n|-enditem|p2a: Heatran|Air Balloon\n|\n|upkeep\n|turn|24\n|\n|t:|1699238887\n|move|p2a: Heatran|Flash Cannon|p1a: Muk\n|-damage|p1a: Muk|8\/100 par\n|move|p1a: Muk|Drain Punch|p2a: Heatran\n|-supereffective|p2a: Heatran\n|-damage|p2a: Heatran|5\/100\n|-heal|p1a: Muk|27\/100 par|[from] drain|[of] p2a: Heatran\n|\n|upkeep\n|turn|25\n|\n|t:|1699238894\n|move|p2a: Heatran|Flash Cannon|p1a: Muk\n|-damage|p1a: Muk|0 fnt\n|faint|p1a: Muk\n|\n|upkeep\n|\n|t:|1699238896\n|switch|p1a: Enamorus|Enamorus, F|100\/100\n|turn|26\n|\n|t:|1699238904\n|move|p1a: Enamorus|Moonblast|p2a: Heatran\n|-resisted|p2a: Heatran\n|-damage|p2a: Heatran|0 fnt\n|faint|p2a: Heatran\n|\n|upkeep\n|\n|t:|1699238906\n|switch|p2a: Iron Valiant|Iron Valiant|100\/100\n|-damage|p2a: Iron Valiant|94\/100|[from] Stealth Rock\n|-damage|p2a: Iron Valiant|82\/100|[from] Spikes\n|-activate|p2a: Iron Valiant|move: Sticky Web\n|-unboost|p2a: Iron Valiant|spe|1\n|-enditem|p2a: Iron Valiant|Booster Energy\n|-activate|p2a: Iron Valiant|ability: Quark Drive|[fromitem]\n|-start|p2a: Iron Valiant|quarkdriveatk\n|turn|27\n|c|\u2606mastershednija69|money spread\n|\n|t:|1699238916\n|move|p1a: Enamorus|Moonblast|p2a: Iron Valiant\n|-supereffective|p2a: Iron Valiant\n|-damage|p2a: Iron Valiant|0 fnt\n|faint|p2a: Iron Valiant\n|-end|p2a: Iron Valiant|Quark Drive|[silent]\n|\n|win|mastershednija69\n|c|\u2606Aaron_Naps|gg\n|c|\u2606mastershednija69|gg\n|l|\u2606mastershednija69\n|j|\u2606mastershednija69\n|player|p1|mastershednija69|2\n|j| Siffs\n","uploadtime":1699238966,"views":13,"p1id":"mastershednija69","p2id":"aaronnaps","formatid":"gen9ubers","rating":0,"private":0,"password":""}