{"id":"gen9ubers-1994743005","p1":"The Np sweep","p2":"Sir 252","format":"[Gen 9] Ubers","log":"|j|\u203dThe Np sweep\n|j|\u2606Sir 252\n|t:|1700488162\n|gametype|singles\n|player|p1|The Np sweep|hilbert|\n|player|p2|Sir 252|giovanni|\n|teamsize|p1|6\n|teamsize|p2|6\n|gen|9\n|tier|[Gen 9] Ubers\n|rated|Tournament battle\n|rule|Sleep Clause Mod: Limit one foe put to sleep\n|rule|Species Clause: Limit one of each Pok\u00e9mon\n|rule|OHKO Clause: OHKO moves are banned\n|rule|Evasion Items Clause: Evasion items are banned\n|rule|Evasion Moves Clause: Evasion moves are banned\n|rule|Endless Battle Clause: Forcing endless battles is banned\n|rule|HP Percentage Mod: HP is shown in percentages\n|clearpoke\n|poke|p1|Zacian-*|\n|poke|p1|Miraidon|\n|poke|p1|Koraidon|\n|poke|p1|Rayquaza|\n|poke|p1|Zamazenta-*|\n|poke|p1|Arceus-Ground|\n|poke|p2|Arceus-Ground|\n|poke|p2|Annihilape, F|\n|poke|p2|Zacian-*|\n|poke|p2|Miraidon|\n|poke|p2|Koraidon|\n|poke|p2|Rayquaza|\n|teampreview\n|\n|t:|1700488169\n|start\n|switch|p1a: Koraidon|Koraidon|100\/100\n|switch|p2a: Annihilape|Annihilape, F|100\/100\n|-weather|SunnyDay|[from] ability: Orichalcum Pulse|[of] p1a: Koraidon\n|-activate|p1a: Koraidon|Orichalcum Pulse|[source]\n|turn|1\n|inactive|Battle timer is ON: inactive players will automatically lose when time's up. (requested by The Np sweep)\n|\n|t:|1700488197\n|move|p1a: Koraidon|Flare Blitz|p2a: Annihilape\n|-damage|p2a: Annihilape|11\/100\n|-damage|p1a: Koraidon|64\/100|[from] Recoil\n|move|p2a: Annihilape|Stealth Rock|p1a: Koraidon\n|-sidestart|p1: The Np sweep|move: Stealth Rock\n|\n|-weather|SunnyDay|[upkeep]\n|upkeep\n|turn|2\n|\n|t:|1700488205\n|move|p1a: Koraidon|Flare Blitz|p2a: Annihilape\n|-damage|p2a: Annihilape|0 fnt\n|faint|p2a: Annihilape\n|-damage|p1a: Koraidon|59\/100|[from] Recoil\n|\n|-weather|SunnyDay|[upkeep]\n|upkeep\n|inactive|Sir 252 has 120 seconds left.\n|\n|t:|1700488247\n|switch|p2a: Koraidon|Koraidon|100\/100\n|-activate|p2a: Koraidon|ability: Orichalcum Pulse\n|turn|3\n|\n|t:|1700488265\n|switch|p1a: Zamazenta|Zamazenta-Crowned, shiny|100\/100\n|-damage|p1a: Zamazenta|97\/100|[from] Stealth Rock\n|-ability|p1a: Zamazenta|Dauntless Shield|boost\n|-boost|p1a: Zamazenta|def|1\n|move|p2a: Koraidon|Flame Charge|p1a: Zamazenta\n|-supereffective|p1a: Zamazenta\n|-damage|p1a: Zamazenta|74\/100\n|-boost|p2a: Koraidon|spe|1\n|\n|-weather|SunnyDay|[upkeep]\n|upkeep\n|turn|4\n|inactive|Sir 252 has 120 seconds left.\n|\n|t:|1700488286\n|-terastallize|p1a: Zamazenta|Fighting\n|move|p2a: Koraidon|Collision Course|p1a: Zamazenta\n|-damage|p1a: Zamazenta|49\/100\n|move|p1a: Zamazenta|Iron Defense|p1a: Zamazenta\n|-boost|p1a: Zamazenta|def|2\n|\n|-weather|SunnyDay|[upkeep]\n|upkeep\n|turn|5\n|\n|t:|1700488296\n|move|p2a: Koraidon|Swords Dance|p2a: Koraidon\n|-boost|p2a: Koraidon|atk|2\n|move|p1a: Zamazenta|Substitute|p1a: Zamazenta\n|-start|p1a: Zamazenta|Substitute\n|-damage|p1a: Zamazenta|24\/100\n|\n|-weather|none\n|upkeep\n|turn|6\n|inactive|Sir 252 has 120 seconds left.\n|\n|t:|1700488302\n|move|p2a: Koraidon|Dragon Claw|p1a: Zamazenta\n|-activate|p1a: Zamazenta|move: Substitute|[damage]\n|move|p1a: Zamazenta|Body Press|p2a: Koraidon\n|-damage|p2a: Koraidon|0 fnt\n|faint|p2a: Koraidon\n|\n|upkeep\n|inactive|Sir 252 has 120 seconds left.\n|\n|t:|1700488329\n|switch|p2a: Miraidon|Miraidon|100\/100\n|-fieldstart|move: Electric Terrain|[from] ability: Hadron Engine|[of] p2a: Miraidon\n|turn|7\n|\n|t:|1700488342\n|move|p2a: Miraidon|Dazzling Gleam|p1a: Zamazenta\n|-supereffective|p1a: Zamazenta\n|-end|p1a: Zamazenta|Substitute\n|move|p1a: Zamazenta|Body Press|p2a: Miraidon\n|-damage|p2a: Miraidon|0 fnt\n|faint|p2a: Miraidon\n|\n|upkeep\n|\n|t:|1700488355\n|switch|p2a: Rayquaza|Rayquaza|100\/100\n|-ability|p2a: Rayquaza|Air Lock\n|turn|8\n|\n|t:|1700488363\n|move|p2a: Rayquaza|Dragon Ascent|p1a: Zamazenta\n|-supereffective|p1a: Zamazenta\n|-damage|p1a: Zamazenta|0 fnt\n|-unboost|p2a: Rayquaza|def|1\n|-unboost|p2a: Rayquaza|spd|1\n|faint|p1a: Zamazenta\n|\n|upkeep\n|\n|t:|1700488370\n|switch|p1a: Zacian|Zacian-Crowned, shiny|100\/100\n|-damage|p1a: Zacian|94\/100|[from] Stealth Rock\n|-ability|p1a: Zacian|Intrepid Sword|boost\n|-boost|p1a: Zacian|atk|1\n|turn|9\n|\n|t:|1700488374\n|move|p1a: Zacian|Behemoth Blade|p2a: Rayquaza\n|-enditem|p2a: Rayquaza|Focus Sash\n|-damage|p2a: Rayquaza|1\/100\n|move|p2a: Rayquaza|Earthquake|p1a: Zacian\n|-supereffective|p1a: Zacian\n|-damage|p1a: Zacian|19\/100\n|\n|upkeep\n|turn|10\n|\n|t:|1700488389\n|move|p2a: Rayquaza|Extreme Speed|p1a: Zacian\n|-resisted|p1a: Zacian\n|-damage|p1a: Zacian|4\/100\n|move|p1a: Zacian|Behemoth Blade|p2a: Rayquaza\n|-damage|p2a: Rayquaza|0 fnt\n|faint|p2a: Rayquaza\n|\n|upkeep\n|\n|t:|1700488395\n|switch|p2a: Zacian|Zacian-Crowned|100\/100\n|-ability|p2a: Zacian|Intrepid Sword|boost\n|-boost|p2a: Zacian|atk|1\n|turn|11\n|\n|t:|1700488399\n|move|p1a: Zacian|Behemoth Blade|p2a: Zacian\n|-damage|p2a: Zacian|14\/100\n|move|p2a: Zacian|Trailblaze|p1a: Zacian\n|-resisted|p1a: Zacian\n|-crit|p1a: Zacian\n|-damage|p1a: Zacian|0 fnt\n|-boost|p2a: Zacian|spe|1\n|faint|p1a: Zacian\n|\n|-fieldend|move: Electric Terrain\n|upkeep\n|\n|t:|1700488415\n|switch|p1a: Arceus|Arceus-Ground|100\/100\n|-damage|p1a: Arceus|94\/100|[from] Stealth Rock\n|turn|12\n|\n|t:|1700488421\n|move|p2a: Zacian|Play Rough|p1a: Arceus\n|-damage|p1a: Arceus|37\/100\n|move|p1a: Arceus|Earthquake|p2a: Zacian\n|-supereffective|p2a: Zacian\n|-damage|p2a: Zacian|0 fnt\n|faint|p2a: Zacian\n|\n|upkeep\n|\n|t:|1700488425\n|switch|p2a: Arceus|Arceus-Ground|100\/100\n|turn|13\n|\n|t:|1700488440\n|move|p1a: Arceus|Taunt|p2a: Arceus\n|-start|p2a: Arceus|move: Taunt\n|cant|p2a: Arceus|move: Taunt|Dragon Dance\n|\n|upkeep\n|turn|14\n|\n|t:|1700488447\n|move|p1a: Arceus|Earthquake|p2a: Arceus\n|-damage|p2a: Arceus|50\/100\n|move|p2a: Arceus|Earthquake|p1a: Arceus\n|-crit|p1a: Arceus\n|-damage|p1a: Arceus|0 fnt\n|faint|p1a: Arceus\n|\n|upkeep\n|\n|t:|1700488458\n|switch|p1a: Koraidon|Koraidon|59\/100\n|-damage|p1a: Koraidon|53\/100|[from] Stealth Rock\n|-weather|SunnyDay|[from] ability: Orichalcum Pulse|[of] p1a: Koraidon\n|-activate|p1a: Koraidon|Orichalcum Pulse|[source]\n|turn|15\n|\n|t:|1700488463\n|move|p1a: Koraidon|Low Kick|p2a: Arceus\n|-damage|p2a: Arceus|0 fnt\n|faint|p2a: Arceus\n|\n|win|The Np sweep\n|n|\u203dThe Np sweep|thenpsweep\n|n|\u2606Sir 252|sir252\n","uploadtime":1700488464,"views":1,"p1id":"thenpsweep","p2id":"sir252","formatid":"gen9ubers","rating":0,"private":0,"password":""}