{"id":"gen9ubers-1993147241","p1":"Oomaester1234","p2":"Aipom Hoshino","format":"[Gen 9] Ubers","log":"|j|\u2606Oomaester1234\n|j|\u2606Aipom Hoshino\n|t:|1700270450\n|gametype|singles\n|player|p1|Oomaester1234|teamrocket|\n|player|p2|Aipom Hoshino|lady-gen4|\n|teamsize|p1|6\n|teamsize|p2|6\n|gen|9\n|tier|[Gen 9] Ubers\n|rule|Sleep Clause Mod: Limit one foe put to sleep\n|rule|Species Clause: Limit one of each Pok\u00e9mon\n|rule|OHKO Clause: OHKO moves are banned\n|rule|Evasion Items Clause: Evasion items are banned\n|rule|Evasion Moves Clause: Evasion moves are banned\n|rule|Endless Battle Clause: Forcing endless battles is banned\n|rule|HP Percentage Mod: HP is shown in percentages\n|clearpoke\n|poke|p1|Tyranitar, F|\n|poke|p1|Houndstone, F|\n|poke|p1|Landorus, M|\n|poke|p1|Magearna|\n|poke|p1|Ogerpon-Wellspring, F|\n|poke|p1|Cinderace, F|\n|poke|p2|Arceus-Psychic|\n|poke|p2|Zacian-*|\n|poke|p2|Palkia-Origin|\n|poke|p2|Magearna|\n|poke|p2|Cyclizar, F|\n|poke|p2|Houndstone, M|\n|teampreview\n|inactive|Battle timer is ON: inactive players will automatically lose when time's up. (requested by Aipom Hoshino)\n|inactive|Oomaester1234 has 270 seconds left.\n|\n|t:|1700270498\n|start\n|switch|p1a: Cinderace|Cinderace, F|100\/100\n|switch|p2a: Cyclizar|Cyclizar, F|100\/100\n|turn|1\n|\n|t:|1700270505\n|move|p2a: Cyclizar|Shed Tail|p2a: Cyclizar\n|-start|p2a: Cyclizar|Substitute|[from] move: Shed Tail\n|-damage|p2a: Cyclizar|50\/100\n|\n|t:|1700270513\n|switch|p2a: Palkia|Palkia-Origin|100\/100|[from] Shed Tail\n|-ability|p2a: Palkia|Pressure\n|move|p1a: Cinderace|U-turn|p2a: Palkia\n|-start|p1a: Cinderace|typechange|Bug|[from] ability: Libero\n|-end|p2a: Palkia|Substitute\n|\n|t:|1700270530\n|switch|p1a: Magearna|Magearna|100\/100|[from] U-turn\n|\n|upkeep\n|turn|2\n|\n|t:|1700270539\n|-terastallize|p1a: Magearna|Water\n|move|p2a: Palkia|Substitute|p2a: Palkia\n|-start|p2a: Palkia|Substitute\n|-damage|p2a: Palkia|76\/100\n|move|p1a: Magearna|Calm Mind|p1a: Magearna\n|-boost|p1a: Magearna|spa|1\n|-boost|p1a: Magearna|spd|1\n|\n|upkeep\n|turn|3\n|\n|t:|1700270550\n|switch|p2a: Arceus|Arceus-Psychic|100\/100\n|move|p1a: Magearna|Shift Gear|p1a: Magearna\n|-boost|p1a: Magearna|spe|2\n|-boost|p1a: Magearna|atk|1\n|\n|upkeep\n|turn|4\n|\n|t:|1700270552\n|move|p2a: Arceus|Taunt|p1a: Magearna\n|-start|p1a: Magearna|move: Taunt\n|cant|p1a: Magearna|move: Taunt|Calm Mind\n|\n|upkeep\n|turn|5\n|\n|t:|1700270555\n|move|p2a: Arceus|Cosmic Power|p2a: Arceus\n|-boost|p2a: Arceus|def|1\n|-boost|p2a: Arceus|spd|1\n|move|p1a: Magearna|Draining Kiss|p2a: Arceus\n|-damage|p2a: Arceus|81\/100\n|\n|upkeep\n|turn|6\n|\n|t:|1700270575\n|switch|p1a: Landorus|Landorus, M|100\/100\n|move|p2a: Arceus|Cosmic Power|p2a: Arceus\n|-boost|p2a: Arceus|def|1\n|-boost|p2a: Arceus|spd|1\n|\n|upkeep\n|turn|7\n|\n|t:|1700270581\n|move|p2a: Arceus|Cosmic Power|p2a: Arceus\n|-boost|p2a: Arceus|def|1\n|-boost|p2a: Arceus|spd|1\n|move|p1a: Landorus|Taunt|p2a: Arceus\n|-start|p2a: Arceus|move: Taunt\n|\n|upkeep\n|turn|8\n|\n|t:|1700270585\n|move|p2a: Arceus|Stored Power|p1a: Landorus\n|-damage|p1a: Landorus|12\/100\n|move|p1a: Landorus|Nasty Plot|p1a: Landorus\n|-boost|p1a: Landorus|spa|2\n|\n|upkeep\n|turn|9\n|\n|t:|1700270587\n|move|p2a: Arceus|Stored Power|p1a: Landorus\n|-damage|p1a: Landorus|0 fnt\n|faint|p1a: Landorus\n|\n|upkeep\n|\n|t:|1700270589\n|switch|p1a: Tyranitar|Tyranitar, F|100\/100\n|-weather|Sandstorm|[from] ability: Sand Stream|[of] p1a: Tyranitar\n|turn|10\n|\n|t:|1700270592\n|switch|p2a: Magearna|Magearna|100\/100\n|move|p1a: Tyranitar|Thunder Wave|p2a: Magearna|[miss]\n|-miss|p1a: Tyranitar|p2a: Magearna\n|\n|-weather|Sandstorm|[upkeep]\n|upkeep\n|turn|11\n|\n|t:|1700270599\n|move|p2a: Magearna|Thunder Wave|p1a: Tyranitar\n|-status|p1a: Tyranitar|par\n|move|p1a: Tyranitar|Thunder Wave|p2a: Magearna\n|-status|p2a: Magearna|par\n|\n|-weather|Sandstorm|[upkeep]\n|upkeep\n|turn|12\n|\n|t:|1700270603\n|move|p2a: Magearna|Volt Switch|p1a: Tyranitar\n|-damage|p1a: Tyranitar|91\/100 par\n|\n|t:|1700270614\n|switch|p2a: Zacian|Zacian|100\/100|[from] Volt Switch\n|-ability|p2a: Zacian|Intrepid Sword|boost\n|-boost|p2a: Zacian|atk|1\n|move|p1a: Tyranitar|Knock Off|p2a: Zacian\n|-resisted|p2a: Zacian\n|-damage|p2a: Zacian|80\/100\n|-enditem|p2a: Zacian|Choice Band|[from] move: Knock Off|[of] p1a: Tyranitar\n|\n|-weather|Sandstorm|[upkeep]\n|-damage|p2a: Zacian|74\/100|[from] Sandstorm\n|upkeep\n|turn|13\n|\n|t:|1700270624\n|switch|p1a: Magearna|Magearna, tera:Water|100\/100\n|move|p2a: Zacian|Play Rough|p1a: Magearna\n|-damage|p1a: Magearna|43\/100\n|\n|-weather|Sandstorm|[upkeep]\n|-damage|p2a: Zacian|68\/100|[from] Sandstorm\n|-damage|p1a: Magearna|37\/100|[from] Sandstorm\n|-heal|p1a: Magearna|43\/100|[from] item: Leftovers\n|upkeep\n|turn|14\n|\n|t:|1700270628\n|switch|p1a: Cinderace|Cinderace, F|100\/100\n|move|p2a: Zacian|Play Rough|p1a: Cinderace\n|-resisted|p1a: Cinderace\n|-damage|p1a: Cinderace|57\/100\n|\n|-weather|Sandstorm|[upkeep]\n|-damage|p2a: Zacian|61\/100|[from] Sandstorm\n|-damage|p1a: Cinderace|51\/100|[from] Sandstorm\n|upkeep\n|turn|15\n|\n|t:|1700270636\n|move|p2a: Zacian|Close Combat|p1a: Cinderace\n|-damage|p1a: Cinderace|0 fnt\n|-unboost|p2a: Zacian|def|1\n|-unboost|p2a: Zacian|spd|1\n|faint|p1a: Cinderace\n|\n|-weather|Sandstorm|[upkeep]\n|-damage|p2a: Zacian|55\/100|[from] Sandstorm\n|upkeep\n|\n|t:|1700270639\n|switch|p1a: Houndstone|Houndstone, F|100\/100\n|turn|16\n|\n|t:|1700270641\n|switch|p2a: Cyclizar|Cyclizar, F|84\/100\n|move|p1a: Houndstone|Last Respects|p2a: Cyclizar\n|-immune|p2a: Cyclizar\n|\n|-weather|Sandstorm|[upkeep]\n|-damage|p2a: Cyclizar|77\/100|[from] Sandstorm\n|upkeep\n|turn|17\n|\n|t:|1700270648\n|move|p1a: Houndstone|Play Rough|p2a: Cyclizar|[miss]\n|-miss|p1a: Houndstone|p2a: Cyclizar\n|move|p2a: Cyclizar|Shed Tail|p2a: Cyclizar\n|-start|p2a: Cyclizar|Substitute|[from] move: Shed Tail\n|-damage|p2a: Cyclizar|27\/100\n|\n|t:|1700270659\n|switch|p2a: Zacian|Zacian|55\/100|[from] Shed Tail\n|\n|-weather|none\n|upkeep\n|turn|18\n|\n|t:|1700270667\n|switch|p1a: Tyranitar|Tyranitar, F|91\/100 par\n|-weather|Sandstorm|[from] ability: Sand Stream|[of] p1a: Tyranitar\n|move|p2a: Zacian|Play Rough|p1a: Tyranitar\n|-supereffective|p1a: Tyranitar\n|-damage|p1a: Tyranitar|16\/100 par\n|-unboost|p1a: Tyranitar|atk|1\n|\n|-weather|Sandstorm|[upkeep]\n|-damage|p2a: Zacian|49\/100|[from] Sandstorm\n|upkeep\n|turn|19\n|\n|t:|1700270671\n|move|p2a: Zacian|Play Rough|p1a: Tyranitar\n|-supereffective|p1a: Tyranitar\n|-damage|p1a: Tyranitar|0 fnt\n|faint|p1a: Tyranitar\n|\n|-weather|Sandstorm|[upkeep]\n|-damage|p2a: Zacian|43\/100|[from] Sandstorm\n|upkeep\n|\n|t:|1700270674\n|switch|p1a: Ogerpon|Ogerpon-Wellspring, F|100\/100\n|turn|20\n|\n|t:|1700270677\n|move|p2a: Zacian|Play Rough|p1a: Ogerpon|[miss]\n|-miss|p2a: Zacian|p1a: Ogerpon\n|move|p1a: Ogerpon|Horn Leech|p2a: Zacian\n|-end|p2a: Zacian|Substitute\n|\n|-weather|Sandstorm|[upkeep]\n|-damage|p2a: Zacian|37\/100|[from] Sandstorm\n|-damage|p1a: Ogerpon|95\/100|[from] Sandstorm\n|upkeep\n|turn|21\n|\n|t:|1700270681\n|move|p2a: Zacian|Play Rough|p1a: Ogerpon\n|-damage|p1a: Ogerpon|34\/100\n|move|p1a: Ogerpon|Horn Leech|p2a: Zacian\n|-damage|p2a: Zacian|0 fnt\n|-heal|p1a: Ogerpon|54\/100|[from] drain|[of] p2a: Zacian\n|faint|p2a: Zacian\n|\n|-weather|Sandstorm|[upkeep]\n|-damage|p1a: Ogerpon|48\/100|[from] Sandstorm\n|upkeep\n|\n|t:|1700270699\n|switch|p2a: Palkia|Palkia-Origin|76\/100\n|-ability|p2a: Palkia|Pressure\n|turn|22\n|\n|t:|1700270701\n|move|p2a: Palkia|Spacial Rend|p1a: Ogerpon\n|-damage|p1a: Ogerpon|0 fnt\n|faint|p1a: Ogerpon\n|\n|-weather|Sandstorm|[upkeep]\n|-damage|p2a: Palkia|69\/100|[from] Sandstorm\n|upkeep\n|\n|t:|1700270703\n|switch|p1a: Houndstone|Houndstone, F|100\/100\n|turn|23\n|\n|t:|1700270714\n|move|p1a: Houndstone|Play Rough|p2a: Palkia\n|-supereffective|p2a: Palkia\n|-damage|p2a: Palkia|0 fnt\n|faint|p2a: Palkia\n|-damage|p1a: Houndstone|91\/100|[from] item: Life Orb\n|\n|-weather|Sandstorm|[upkeep]\n|upkeep\n|\n|t:|1700270719\n|switch|p2a: Arceus|Arceus-Psychic|81\/100\n|turn|24\n|\n|t:|1700270721\n|-terastallize|p2a: Arceus|Poison\n|move|p1a: Houndstone|Last Respects|p2a: Arceus\n|-damage|p2a: Arceus|0 fnt\n|faint|p2a: Arceus\n|-damage|p1a: Houndstone|81\/100|[from] item: Life Orb\n|\n|-weather|Sandstorm|[upkeep]\n|upkeep\n|\n|t:|1700270733\n|switch|p2a: Cyclizar|Cyclizar, F|61\/100\n|turn|25\n|\n|t:|1700270736\n|move|p1a: Houndstone|Play Rough|p2a: Cyclizar|[miss]\n|-miss|p1a: Houndstone|p2a: Cyclizar\n|move|p2a: Cyclizar|Shed Tail|p2a: Cyclizar\n|-start|p2a: Cyclizar|Substitute|[from] move: Shed Tail\n|-damage|p2a: Cyclizar|10\/100\n|\n|t:|1700270738\n|switch|p2a: Houndstone|Houndstone, M|100\/100|[from] Shed Tail\n|\n|-weather|none\n|upkeep\n|turn|26\n|\n|t:|1700270741\n|move|p1a: Houndstone|Shadow Sneak|p2a: Houndstone\n|-supereffective|p2a: Houndstone\n|-end|p2a: Houndstone|Substitute\n|-damage|p1a: Houndstone|71\/100|[from] item: Life Orb\n|move|p2a: Houndstone|Last Respects|p1a: Houndstone\n|-supereffective|p1a: Houndstone\n|-crit|p1a: Houndstone\n|-damage|p1a: Houndstone|0 fnt\n|faint|p1a: Houndstone\n|\n|upkeep\n|\n|t:|1700270743\n|switch|p1a: Magearna|Magearna, tera:Water|43\/100\n|turn|27\n|c|\u2606Oomaester1234|ggs\n|\n|t:|1700270746\n|move|p2a: Houndstone|Last Respects|p1a: Magearna\n|-damage|p1a: Magearna|0 fnt\n|faint|p1a: Magearna\n|\n|win|Aipom Hoshino\n|c|\u2606Aipom Hoshino|gg\n|l|\u2606Oomaester1234\n","uploadtime":1700270754,"views":17,"p1id":"oomaester1234","p2id":"aipomhoshino","formatid":"gen9ubers","rating":0,"private":0,"password":""}