{"id":"gen9ubers-1981768939","p1":"lolgz","p2":"clorboycoctopus","format":"[Gen 9] Ubers","log":"|j|\u2606lolgz\n|j|\u2606clorboycoctopus\n|t:|1698940209\n|gametype|singles\n|player|p1|lolgz|1|\n|player|p2|clorboycoctopus|blackbelt-gen4dp|\n|teamsize|p1|6\n|teamsize|p2|6\n|gen|9\n|tier|[Gen 9] Ubers\n|rule|Sleep Clause Mod: Limit one foe put to sleep\n|rule|Species Clause: Limit one of each Pok\u00e9mon\n|rule|OHKO Clause: OHKO moves are banned\n|rule|Evasion Items Clause: Evasion items are banned\n|rule|Evasion Moves Clause: Evasion moves are banned\n|rule|Endless Battle Clause: Forcing endless battles is banned\n|rule|HP Percentage Mod: HP is shown in percentages\n|clearpoke\n|poke|p1|Magearna|\n|poke|p1|Zacian-*|\n|poke|p1|Cyclizar, F|\n|poke|p1|Palafin, M|\n|poke|p1|Garchomp, F|\n|poke|p1|Shaymin-Sky|\n|poke|p2|Spectrier|\n|poke|p2|Vikavolt, F|\n|poke|p2|Cyclizar, F|\n|poke|p2|Landorus, M|\n|poke|p2|Zacian-*|\n|poke|p2|Arceus-Fire|\n|teampreview\n|inactive|Battle timer is ON: inactive players will automatically lose when time's up. (requested by lolgz)\n|\n|t:|1698940219\n|start\n|switch|p1a: Garchomp|Garchomp, F|100\/100\n|switch|p2a: Vikavolt|Vikavolt, F|100\/100\n|turn|1\n|\n|t:|1698940226\n|move|p1a: Garchomp|Swords Dance|p1a: Garchomp\n|-boost|p1a: Garchomp|atk|2\n|move|p2a: Vikavolt|Sticky Web|p1a: Garchomp\n|-sidestart|p1: lolgz|move: Sticky Web\n|\n|upkeep\n|turn|2\n|\n|t:|1698940229\n|move|p1a: Garchomp|Swords Dance|p1a: Garchomp\n|-boost|p1a: Garchomp|atk|2\n|move|p2a: Vikavolt|Bug Buzz|p1a: Garchomp\n|-damage|p1a: Garchomp|49\/100\n|\n|upkeep\n|turn|3\n|\n|t:|1698940236\n|switch|p2a: Zacian|Zacian|100\/100\n|-ability|p2a: Zacian|Intrepid Sword|boost\n|-boost|p2a: Zacian|atk|1\n|move|p1a: Garchomp|Scale Shot|p2a: Zacian\n|-immune|p2a: Zacian\n|\n|upkeep\n|turn|4\n|\n|t:|1698940243\n|-terastallize|p1a: Garchomp|Steel\n|move|p2a: Zacian|Crunch|p1a: Garchomp\n|-damage|p1a: Garchomp|0 fnt\n|-damage|p2a: Zacian|88\/100|[from] ability: Rough Skin|[of] p1a: Garchomp\n|faint|p1a: Garchomp\n|-damage|p2a: Zacian|78\/100|[from] item: Life Orb\n|\n|upkeep\n|\n|t:|1698940251\n|switch|p1a: Shaymin|Shaymin-Sky|100\/100\n|turn|5\n|\n|t:|1698940256\n|move|p2a: Zacian|Poison Jab|p1a: Shaymin\n|-supereffective|p1a: Shaymin\n|-damage|p1a: Shaymin|0 fnt\n|faint|p1a: Shaymin\n|-damage|p2a: Zacian|68\/100|[from] item: Life Orb\n|\n|upkeep\n|\n|t:|1698940262\n|switch|p1a: Cyclizar|Cyclizar, F|100\/100\n|-activate|p1a: Cyclizar|move: Sticky Web\n|-unboost|p1a: Cyclizar|spe|1\n|turn|6\n|\n|t:|1698940265\n|move|p2a: Zacian|Play Rough|p1a: Cyclizar\n|-supereffective|p1a: Cyclizar\n|-damage|p1a: Cyclizar|0 fnt\n|faint|p1a: Cyclizar\n|-damage|p2a: Zacian|59\/100|[from] item: Life Orb\n|\n|upkeep\n|\n|t:|1698940272\n|switch|p1a: Zacian|Zacian|100\/100\n|-activate|p1a: Zacian|move: Sticky Web\n|-unboost|p1a: Zacian|spe|1\n|-ability|p1a: Zacian|Intrepid Sword|boost\n|-boost|p1a: Zacian|atk|1\n|turn|7\n|\n|t:|1698940277\n|move|p2a: Zacian|Poison Jab|p1a: Zacian\n|-supereffective|p1a: Zacian\n|-damage|p1a: Zacian|10\/100\n|-damage|p2a: Zacian|49\/100|[from] item: Life Orb\n|move|p1a: Zacian|Play Rough|p2a: Zacian\n|-damage|p2a: Zacian|0 fnt\n|faint|p2a: Zacian\n|\n|upkeep\n|\n|t:|1698940291\n|switch|p2a: Arceus|Arceus-Fire|100\/100\n|turn|8\n|\n|t:|1698940296\n|move|p2a: Arceus|Wild Charge|p1a: Zacian\n|-damage|p1a: Zacian|0 fnt\n|faint|p1a: Zacian\n|-damage|p2a: Arceus|99\/100|[from] Recoil\n|\n|upkeep\n|\n|t:|1698940299\n|switch|p1a: Magearna|Magearna|100\/100\n|-activate|p1a: Magearna|move: Sticky Web\n|-unboost|p1a: Magearna|spe|1\n|turn|9\n|\n|t:|1698940302\n|switch|p1a: Palafin|Palafin, M|100\/100\n|-activate|p1a: Palafin|move: Sticky Web\n|-unboost|p1a: Palafin|spe|1\n|move|p2a: Arceus|Flare Blitz|p1a: Palafin\n|-resisted|p1a: Palafin\n|-damage|p1a: Palafin|54\/100\n|-damage|p2a: Arceus|85\/100|[from] Recoil\n|\n|upkeep\n|turn|10\n|\n|t:|1698940310\n|detailschange|p1a: Palafin|Palafin-Hero, M\n|switch|p1a: Magearna|Magearna|100\/100\n|-activate|p1a: Magearna|move: Sticky Web\n|-unboost|p1a: Magearna|spe|1\n|-terastallize|p2a: Arceus|Grass\n|move|p2a: Arceus|Wild Charge|p1a: Magearna\n|-damage|p1a: Magearna|80\/100\n|-damage|p2a: Arceus|80\/100|[from] Recoil\n|\n|-heal|p1a: Magearna|86\/100|[from] item: Leftovers\n|upkeep\n|turn|11\n|\n|t:|1698940320\n|move|p2a: Arceus|Flare Blitz|p1a: Magearna\n|-supereffective|p1a: Magearna\n|-damage|p1a: Magearna|0 fnt\n|faint|p1a: Magearna\n|-damage|p2a: Arceus|57\/100|[from] Recoil\n|\n|upkeep\n|\n|t:|1698940322\n|switch|p1a: Palafin|Palafin-Hero, M|54\/100\n|-activate|p1a: Palafin|move: Sticky Web\n|-unboost|p1a: Palafin|spe|1\n|-activate|p1a: Palafin|ability: Zero to Hero\n|turn|12\n|\n|t:|1698940325\n|move|p1a: Palafin|Jet Punch|p2a: Arceus\n|-resisted|p2a: Arceus\n|-damage|p2a: Arceus|43\/100\n|move|p2a: Arceus|Wild Charge|p1a: Palafin\n|-supereffective|p1a: Palafin\n|-damage|p1a: Palafin|0 fnt\n|faint|p1a: Palafin\n|-damage|p2a: Arceus|31\/100|[from] Recoil\n|\n|win|clorboycoctopus\n|l|\u2606lolgz\n","uploadtime":1698940335,"views":6,"p1id":"lolgz","p2id":"clorboycoctopus","formatid":"gen9ubers","rating":0,"private":0,"password":""}