{"id":"gen9ubers-1982217711","p1":"Future king of ou","p2":"ZowwyCafe\u2764","format":"[Gen 9] Ubers","log":"|j|\u2606Future king of ou\n|j|\u2606ZowwyCafe\u2764\n|t:|1698980460\n|gametype|singles\n|player|p1|Future king of ou|alec-anime|\n|player|p2|ZowwyCafe\u2764|marnie|\n|teamsize|p1|6\n|teamsize|p2|6\n|gen|9\n|tier|[Gen 9] Ubers\n|rated|Tournament battle\n|rule|Sleep Clause Mod: Limit one foe put to sleep\n|rule|Species Clause: Limit one of each Pok\u00e9mon\n|rule|OHKO Clause: OHKO moves are banned\n|rule|Evasion Items Clause: Evasion items are banned\n|rule|Evasion Moves Clause: Evasion moves are banned\n|rule|Endless Battle Clause: Forcing endless battles is banned\n|rule|HP Percentage Mod: HP is shown in percentages\n|clearpoke\n|poke|p1|Giratina|\n|poke|p1|Corviknight, M|\n|poke|p1|Eternatus|\n|poke|p1|Dondozo, M|\n|poke|p1|Alomomola, M|\n|poke|p1|Blissey, F|\n|poke|p2|Ribombee, F|\n|poke|p2|Rayquaza|\n|poke|p2|Koraidon|\n|poke|p2|Arceus-Ground|\n|poke|p2|Miraidon|\n|poke|p2|Basculegion, M|\n|teampreview\n|inactive|Battle timer is ON: inactive players will automatically lose when time's up. (requested by ZowwyCafe\u2764)\n|c|\u2606Future king of ou|Have fun\n|\n|t:|1698980481\n|start\n|switch|p1a: Eternatus|Eternatus|100\/100\n|switch|p2a: Arceus|Arceus-Ground, shiny|100\/100\n|-ability|p1a: Eternatus|Pressure\n|turn|1\n|\n|t:|1698980487\n|switch|p1a: Alomomola|Alomomola, M|100\/100\n|move|p2a: Arceus|Taunt|p1a: Alomomola\n|-start|p1a: Alomomola|move: Taunt\n|\n|upkeep\n|turn|2\n|\n|t:|1698980494\n|move|p2a: Arceus|Judgment|p1a: Alomomola\n|-damage|p1a: Alomomola|44\/100\n|move|p1a: Alomomola|Scald|p2a: Arceus\n|-supereffective|p2a: Arceus\n|-damage|p2a: Arceus|81\/100\n|-status|p2a: Arceus|brn\n|\n|-damage|p2a: Arceus|75\/100 brn|[from] brn\n|upkeep\n|turn|3\n|\n|t:|1698980501\n|switch|p2a: Miraidon|Miraidon|100\/100\n|-fieldstart|move: Electric Terrain|[from] ability: Hadron Engine|[of] p2a: Miraidon\n|switch|p1a: Corviknight|Corviknight, M|100\/100\n|-ability|p1a: Corviknight|Pressure\n|\n|upkeep\n|turn|4\n|\n|t:|1698980505\n|switch|p1a: Blissey|Blissey, F|100\/100\n|move|p2a: Miraidon|Calm Mind|p2a: Miraidon\n|-boost|p2a: Miraidon|spa|1\n|-boost|p2a: Miraidon|spd|1\n|\n|upkeep\n|turn|5\n|\n|t:|1698980509\n|-terastallize|p2a: Miraidon|Ghost\n|move|p2a: Miraidon|Taunt|p1a: Blissey\n|-start|p1a: Blissey|move: Taunt\n|cant|p1a: Blissey|move: Taunt|Stealth Rock\n|\n|upkeep\n|turn|6\n|\n|t:|1698980516\n|switch|p1a: Alomomola|Alomomola, M|77\/100\n|move|p2a: Miraidon|Calm Mind|p2a: Miraidon\n|-boost|p2a: Miraidon|spa|1\n|-boost|p2a: Miraidon|spd|1\n|\n|upkeep\n|turn|7\n|\n|t:|1698980521\n|move|p1a: Alomomola|Protect|p1a: Alomomola\n|-singleturn|p1a: Alomomola|Protect\n|move|p2a: Miraidon|Parabolic Charge|p1a: Alomomola\n|-activate|p1a: Alomomola|move: Protect\n|\n|-fieldend|move: Electric Terrain\n|upkeep\n|turn|8\n|\n|t:|1698980528\n|switch|p1a: Giratina|Giratina|100\/100\n|-ability|p1a: Giratina|Pressure\n|move|p2a: Miraidon|Dragon Pulse|p1a: Giratina\n|-supereffective|p1a: Giratina\n|-damage|p1a: Giratina|0 fnt\n|faint|p1a: Giratina\n|-damage|p2a: Miraidon|91\/100|[from] item: Life Orb\n|\n|upkeep\n|j| Farce Of The Death\n|\n|t:|1698980531\n|switch|p1a: Eternatus|Eternatus|100\/100\n|-ability|p1a: Eternatus|Pressure\n|turn|9\n|j|+corvere\u2665\n|\n|t:|1698980537\n|-terastallize|p1a: Eternatus|Water\n|move|p2a: Miraidon|Dragon Pulse|p1a: Eternatus\n|-damage|p1a: Eternatus|40\/100\n|-damage|p2a: Miraidon|81\/100|[from] item: Life Orb\n|move|p1a: Eternatus|Dragon Tail|p2a: Miraidon\n|-damage|p2a: Miraidon|60\/100\n|drag|p2a: Basculegion|Basculegion, M, shiny|100\/100\n|\n|upkeep\n|turn|10\n|\n|t:|1698980554\n|move|p2a: Basculegion|Flip Turn|p1a: Eternatus\n|-resisted|p1a: Eternatus\n|-damage|p1a: Eternatus|27\/100\n|\n|t:|1698980561\n|switch|p2a: Miraidon|Miraidon, tera:Ghost|60\/100|[from] Flip Turn\n|-fieldstart|move: Electric Terrain|[from] ability: Hadron Engine|[of] p2a: Miraidon\n|move|p1a: Eternatus|Toxic Spikes|p2a: Miraidon\n|-sidestart|p2: ZowwyCafe\u2764|move: Toxic Spikes\n|\n|upkeep\n|turn|11\n|\n|t:|1698980567\n|switch|p1a: Blissey|Blissey, F|100\/100\n|move|p2a: Miraidon|Parabolic Charge|p1a: Blissey\n|-damage|p1a: Blissey|77\/100\n|-heal|p2a: Miraidon|85\/100|[from] drain|[of] p1a: Blissey\n|-damage|p2a: Miraidon|75\/100|[from] item: Life Orb\n|\n|upkeep\n|turn|12\n|\n|t:|1698980572\n|switch|p1a: Dondozo|Dondozo, M|100\/100\n|move|p2a: Miraidon|Taunt|p1a: Dondozo\n|-start|p1a: Dondozo|move: Taunt\n|\n|upkeep\n|turn|13\n|\n|t:|1698980576\n|switch|p1a: Blissey|Blissey, F|77\/100\n|move|p2a: Miraidon|Calm Mind|p2a: Miraidon\n|-boost|p2a: Miraidon|spa|1\n|-boost|p2a: Miraidon|spd|1\n|\n|upkeep\n|turn|14\n|\n|t:|1698980581\n|move|p2a: Miraidon|Calm Mind|p2a: Miraidon\n|-boost|p2a: Miraidon|spa|1\n|-boost|p2a: Miraidon|spd|1\n|move|p1a: Blissey|Stealth Rock|p2a: Miraidon\n|-sidestart|p2: ZowwyCafe\u2764|move: Stealth Rock\n|\n|-fieldend|move: Electric Terrain\n|upkeep\n|turn|15\n|\n|t:|1698980586\n|switch|p1a: Alomomola|Alomomola, M|100\/100\n|move|p2a: Miraidon|Calm Mind|p2a: Miraidon\n|-boost|p2a: Miraidon|spa|1\n|-boost|p2a: Miraidon|spd|1\n|\n|upkeep\n|turn|16\n|\n|t:|1698980589\n|move|p1a: Alomomola|Protect|p1a: Alomomola\n|-singleturn|p1a: Alomomola|Protect\n|move|p2a: Miraidon|Calm Mind|p2a: Miraidon\n|-boost|p2a: Miraidon|spa|1\n|-boost|p2a: Miraidon|spd|1\n|\n|upkeep\n|turn|17\n|\n|t:|1698980593\n|switch|p1a: Blissey|Blissey, F|77\/100\n|move|p2a: Miraidon|Calm Mind|p2a: Miraidon\n|-boost|p2a: Miraidon|spa|1\n|-boost|p2a: Miraidon|spd|1\n|\n|upkeep\n|turn|18\n|\n|t:|1698980598\n|move|p2a: Miraidon|Dragon Pulse|p1a: Blissey\n|-damage|p1a: Blissey|22\/100\n|-damage|p2a: Miraidon|65\/100|[from] item: Life Orb\n|move|p1a: Blissey|Soft-Boiled|p1a: Blissey\n|-heal|p1a: Blissey|72\/100\n|\n|upkeep\n|turn|19\n|\n|t:|1698980601\n|switch|p1a: Corviknight|Corviknight, M|100\/100\n|-ability|p1a: Corviknight|Pressure\n|move|p2a: Miraidon|Calm Mind|p2a: Miraidon\n|-boost|p2a: Miraidon|spa|1\n|-boost|p2a: Miraidon|spd|1\n|\n|upkeep\n|turn|20\n|\n|t:|1698980605\n|move|p2a: Miraidon|Parabolic Charge|p1a: Corviknight\n|-supereffective|p1a: Corviknight\n|-damage|p1a: Corviknight|0 fnt\n|-heal|p2a: Miraidon|100\/100|[from] drain|[of] p1a: Corviknight\n|faint|p1a: Corviknight\n|-damage|p2a: Miraidon|91\/100|[from] item: Life Orb\n|\n|upkeep\n|\n|t:|1698980606\n|switch|p1a: Dondozo|Dondozo, M|100\/100\n|turn|21\n|\n|t:|1698980609\n|move|p2a: Miraidon|Parabolic Charge|p1a: Dondozo\n|-supereffective|p1a: Dondozo\n|-damage|p1a: Dondozo|21\/100\n|-heal|p2a: Miraidon|100\/100|[from] drain|[of] p1a: Dondozo\n|-damage|p2a: Miraidon|91\/100|[from] item: Life Orb\n|move|p1a: Dondozo|Avalanche|p2a: Miraidon\n|-damage|p2a: Miraidon|62\/100\n|\n|-heal|p1a: Dondozo|27\/100|[from] item: Leftovers\n|upkeep\n|turn|22\n|-message|Future king of ou forfeited.\n|\n|win|ZowwyCafe\u2764\n|n|\u2606Future king of ou|futurekingofou\n|n|\u2606ZowwyCafe\u2764|zowwycafe\n|n| Farce Of The Death|farceofthedeath\n|n| corvere\u2665|corvere\n|l|\u2606Future king of ou\n|l| corvere\u2665\n","uploadtime":1698980615,"views":16,"p1id":"futurekingofou","p2id":"zowwycafe","formatid":"gen9ubers","rating":0,"private":0,"password":""}