{"id":"gen9ubers-1996475586","p1":"John1240","p2":"Roxas RPPLF","format":"[Gen 9] Ubers","log":"|j|\u2606John1240\n|j|\u2606Roxas RPPLF\n|t:|1700685655\n|gametype|singles\n|player|p1|John1240|#stt5noadkokoroyal|\n|player|p2|Roxas RPPLF|supernerd|\n|teamsize|p1|6\n|teamsize|p2|6\n|gen|9\n|tier|[Gen 9] Ubers\n|rule|Sleep Clause Mod: Limit one foe put to sleep\n|rule|Species Clause: Limit one of each Pok\u00e9mon\n|rule|OHKO Clause: OHKO moves are banned\n|rule|Evasion Items Clause: Evasion items are banned\n|rule|Evasion Moves Clause: Evasion moves are banned\n|rule|Endless Battle Clause: Forcing endless battles is banned\n|rule|HP Percentage Mod: HP is shown in percentages\n|clearpoke\n|poke|p1|Annihilape, M|\n|poke|p1|Glimmora, F|\n|poke|p1|Volcanion|\n|poke|p1|Grimmsnarl, M|\n|poke|p1|Garchomp, M|\n|poke|p1|Fezandipiti, M|\n|poke|p2|Miraidon|\n|poke|p2|Iron Leaves|\n|poke|p2|Iron Moth|\n|poke|p2|Iron Hands|\n|poke|p2|Iron Jugulis|\n|poke|p2|Forretress, M|\n|teampreview\n|c|\u2606John1240|hf\n|c|\u2606John1240|ah oui\n|c|\u2606John1240|une vraie electirc terrain\n|\n|t:|1700685682\n|start\n|switch|p1a: Volcanion|Volcanion|100\/100\n|switch|p2a: Miraidon|Miraidon|100\/100\n|-fieldstart|move: Electric Terrain|[from] ability: Hadron Engine|[of] p2a: Miraidon\n|turn|1\n|\n|t:|1700685700\n|switch|p1a: Garchomp|Garchomp, M|100\/100\n|move|p2a: Miraidon|Electro Drift|p1a: Garchomp\n|-immune|p1a: Garchomp\n|\n|upkeep\n|turn|2\n|\n|t:|1700685711\n|switch|p1a: Fezandipiti|Fezandipiti, M|100\/100\n|move|p2a: Miraidon|Draco Meteor|p1a: Fezandipiti\n|-immune|p1a: Fezandipiti\n|\n|upkeep\n|turn|3\n|\n|t:|1700685736\n|move|p2a: Miraidon|U-turn|p1a: Fezandipiti\n|-resisted|p1a: Fezandipiti\n|-damage|p1a: Fezandipiti|96\/100\n|\n|t:|1700685742\n|switch|p2a: Forretress|Forretress, M|100\/100|[from] U-turn\n|move|p1a: Fezandipiti|Moonblast|p2a: Forretress\n|-resisted|p2a: Forretress\n|-damage|p2a: Forretress|76\/100\n|\n|upkeep\n|turn|4\n|\n|t:|1700685753\n|switch|p1a: Volcanion|Volcanion|100\/100\n|move|p2a: Forretress|Volt Switch|p1a: Volcanion\n|-supereffective|p1a: Volcanion\n|-damage|p1a: Volcanion|69\/100\n|\n|t:|1700685766\n|switch|p2a: Iron Jugulis|Iron Jugulis|100\/100|[from] Volt Switch\n|-activate|p2a: Iron Jugulis|ability: Quark Drive\n|-start|p2a: Iron Jugulis|quarkdrivespe\n|\n|upkeep\n|turn|5\n|c|\u2606Roxas RPPLF|Hf sorry j'avais pas vu ahah\n|\n|t:|1700685791\n|-terastallize|p1a: Volcanion|Fairy\n|move|p2a: Iron Jugulis|Earth Power|p1a: Volcanion\n|-damage|p1a: Volcanion|13\/100\n|move|p1a: Volcanion|Tera Blast|p2a: Iron Jugulis|[anim] Tera Blast Fairy\n|-supereffective|p2a: Iron Jugulis\n|-damage|p2a: Iron Jugulis|0 fnt\n|faint|p2a: Iron Jugulis\n|-end|p2a: Iron Jugulis|Quark Drive|[silent]\n|\n|upkeep\n|\n|t:|1700685806\n|switch|p2a: Iron Moth|Iron Moth|100\/100\n|-activate|p2a: Iron Moth|ability: Quark Drive\n|-start|p2a: Iron Moth|quarkdrivespe\n|turn|6\n|\n|t:|1700685814\n|move|p2a: Iron Moth|Fiery Dance|p1a: Volcanion\n|-damage|p1a: Volcanion|0 fnt\n|faint|p1a: Volcanion\n|\n|upkeep\n|\n|t:|1700685827\n|switch|p1a: Grimmsnarl|Grimmsnarl, M|100\/100\n|turn|7\n|\n|t:|1700685847\n|move|p1a: Grimmsnarl|Light Screen|p1a: Grimmsnarl\n|-sidestart|p1: John1240|move: Light Screen\n|move|p2a: Iron Moth|Sludge Wave|p1a: Grimmsnarl\n|-supereffective|p1a: Grimmsnarl\n|-damage|p1a: Grimmsnarl|66\/100\n|\n|upkeep\n|turn|8\n|\n|t:|1700685854\n|move|p1a: Grimmsnarl|Parting Shot|p2a: Iron Moth\n|-unboost|p2a: Iron Moth|atk|1\n|-unboost|p2a: Iron Moth|spa|1\n|\n|t:|1700685858\n|switch|p1a: Glimmora|Glimmora, F|100\/100|[from] Parting Shot\n|move|p2a: Iron Moth|Fiery Dance|p1a: Glimmora\n|-resisted|p1a: Glimmora\n|-damage|p1a: Glimmora|91\/100\n|\n|-fieldend|move: Electric Terrain\n|-end|p2a: Iron Moth|Quark Drive\n|upkeep\n|turn|9\n|\n|t:|1700685900\n|-end|p2a: Iron Moth|Quark Drive|[silent]\n|switch|p2a: Forretress|Forretress, M|76\/100\n|move|p1a: Glimmora|Stealth Rock|p2a: Forretress\n|-sidestart|p2: Roxas RPPLF|move: Stealth Rock\n|\n|upkeep\n|turn|10\n|\n|t:|1700685910\n|switch|p1a: Annihilape|Annihilape, M|100\/100\n|move|p2a: Forretress|Rapid Spin|p1a: Annihilape\n|-immune|p1a: Annihilape\n|\n|upkeep\n|turn|11\n|\n|t:|1700685933\n|switch|p2a: Miraidon|Miraidon|100\/100\n|-damage|p2a: Miraidon|88\/100|[from] Stealth Rock\n|-fieldstart|move: Electric Terrain|[from] ability: Hadron Engine|[of] p2a: Miraidon\n|move|p1a: Annihilape|Bulk Up|p1a: Annihilape\n|-boost|p1a: Annihilape|atk|1\n|-boost|p1a: Annihilape|def|1\n|\n|upkeep\n|turn|12\n|\n|t:|1700685948\n|move|p2a: Miraidon|Taunt|p1a: Annihilape\n|-start|p1a: Annihilape|move: Taunt\n|move|p1a: Annihilape|Drain Punch|p2a: Miraidon\n|-damage|p2a: Miraidon|43\/100\n|\n|upkeep\n|turn|13\n|\n|t:|1700685957\n|switch|p2a: Forretress|Forretress, M|76\/100\n|-damage|p2a: Forretress|64\/100|[from] Stealth Rock\n|move|p1a: Annihilape|Rage Fist|p2a: Forretress\n|-damage|p2a: Forretress|49\/100\n|-damage|p1a: Annihilape|84\/100|[from] item: Rocky Helmet|[of] p2a: Forretress\n|\n|upkeep\n|turn|14\n|\n|t:|1700685968\n|switch|p1a: Garchomp|Garchomp, M|100\/100\n|move|p2a: Forretress|Stealth Rock|p1a: Garchomp\n|-sidestart|p1: John1240|move: Stealth Rock\n|\n|-sideend|p1: John1240|move: Light Screen\n|upkeep\n|turn|15\n|\n|t:|1700685980\n|switch|p2a: Iron Hands|Iron Hands|100\/100\n|-damage|p2a: Iron Hands|94\/100|[from] Stealth Rock\n|-activate|p2a: Iron Hands|ability: Quark Drive\n|-start|p2a: Iron Hands|quarkdriveatk\n|move|p1a: Garchomp|Swords Dance|p1a: Garchomp\n|-boost|p1a: Garchomp|atk|2\n|\n|upkeep\n|turn|16\n|\n|t:|1700685999\n|-terastallize|p2a: Iron Hands|Ground\n|move|p1a: Garchomp|Earthquake|p2a: Iron Hands\n|-damage|p2a: Iron Hands|28\/100\n|move|p2a: Iron Hands|Ice Punch|p1a: Garchomp\n|-supereffective|p1a: Garchomp\n|-damage|p1a: Garchomp|0 fnt\n|-damage|p2a: Iron Hands|16\/100|[from] ability: Rough Skin|[of] p1a: Garchomp\n|faint|p1a: Garchomp\n|\n|upkeep\n|\n|t:|1700686014\n|switch|p1a: Fezandipiti|Fezandipiti, M|96\/100\n|turn|17\n|\n|t:|1700686024\n|move|p1a: Fezandipiti|Moonblast|p2a: Iron Hands\n|-damage|p2a: Iron Hands|0 fnt\n|faint|p2a: Iron Hands\n|-end|p2a: Iron Hands|Quark Drive|[silent]\n|\n|upkeep\n|\n|t:|1700686031\n|switch|p2a: Iron Leaves|Iron Leaves|100\/100\n|-damage|p2a: Iron Leaves|88\/100|[from] Stealth Rock\n|-activate|p2a: Iron Leaves|ability: Quark Drive\n|-start|p2a: Iron Leaves|quarkdrivespe\n|turn|18\n|\n|t:|1700686042\n|move|p2a: Iron Leaves|Psyblade|p1a: Fezandipiti\n|-supereffective|p1a: Fezandipiti\n|-damage|p1a: Fezandipiti|0 fnt\n|faint|p1a: Fezandipiti\n|\n|-fieldend|move: Electric Terrain\n|-end|p2a: Iron Leaves|Quark Drive\n|upkeep\n|\n|t:|1700686048\n|switch|p1a: Grimmsnarl|Grimmsnarl, M|66\/100\n|-damage|p1a: Grimmsnarl|54\/100|[from] Stealth Rock\n|turn|19\n|\n|t:|1700686056\n|move|p1a: Grimmsnarl|Reflect|p1a: Grimmsnarl\n|-sidestart|p1: John1240|Reflect\n|move|p2a: Iron Leaves|Swords Dance|p2a: Iron Leaves\n|-boost|p2a: Iron Leaves|atk|2\n|\n|upkeep\n|turn|20\n|\n|t:|1700686067\n|move|p1a: Grimmsnarl|Parting Shot|p2a: Iron Leaves\n|-unboost|p2a: Iron Leaves|atk|1\n|-unboost|p2a: Iron Leaves|spa|1\n|\n|t:|1700686070\n|switch|p1a: Glimmora|Glimmora, F|91\/100|[from] Parting Shot\n|-damage|p1a: Glimmora|79\/100|[from] Stealth Rock\n|move|p2a: Iron Leaves|Leaf Blade|p1a: Glimmora\n|-damage|p1a: Glimmora|43\/100\n|-activate|p1a: Glimmora|ability: Toxic Debris\n|-sidestart|p2: Roxas RPPLF|move: Toxic Spikes\n|\n|upkeep\n|turn|21\n|\n|t:|1700686085\n|move|p2a: Iron Leaves|Psyblade|p1a: Glimmora\n|-supereffective|p1a: Glimmora\n|-damage|p1a: Glimmora|0 fnt\n|-activate|p1a: Glimmora|ability: Toxic Debris\n|-sidestart|p2: Roxas RPPLF|move: Toxic Spikes\n|faint|p1a: Glimmora\n|\n|upkeep\n|\n|t:|1700686091\n|switch|p1a: Annihilape|Annihilape, M|84\/100\n|-damage|p1a: Annihilape|78\/100|[from] Stealth Rock\n|turn|22\n|\n|t:|1700686100\n|move|p2a: Iron Leaves|Psyblade|p1a: Annihilape\n|-supereffective|p1a: Annihilape\n|-damage|p1a: Annihilape|6\/100\n|move|p1a: Annihilape|Rage Fist|p2a: Iron Leaves\n|-supereffective|p2a: Iron Leaves\n|-damage|p2a: Iron Leaves|6\/100\n|\n|upkeep\n|turn|23\n|c|\u2606John1240|ah\n|c|\u2606John1240|annihilape tu pues\n|c|\u2606Roxas RPPLF|Mdr\n|c|\u2606Roxas RPPLF|Le rage fist est qu'\u00e0 50 ou il est a 100 ?\n|c|\u2606John1240|100\n|c|\u2606Roxas RPPLF|Ah ouais il pue mdrrrrrr\n|\n|t:|1700686165\n|move|p2a: Iron Leaves|Psyblade|p1a: Annihilape\n|-supereffective|p1a: Annihilape\n|-damage|p1a: Annihilape|0 fnt\n|faint|p1a: Annihilape\n|\n|upkeep\n|\n|t:|1700686169\n|switch|p1a: Grimmsnarl|Grimmsnarl, M|54\/100\n|-damage|p1a: Grimmsnarl|41\/100|[from] Stealth Rock\n|turn|24\n|c|\u2606John1240|apr\u00e9s leaves tanke de fou\n|c|\u2606John1240|y'a 0 besoin de booster son attaque\n|c|\u2606Roxas RPPLF|Je l'ai investi en PV un peu\n|c|\u2606John1240|donc y'a de quoi en mettre en pv\n|c|\u2606John1240|et il se fait jamais os\n|c|\u2606Roxas RPPLF|Voil\u00e0 exactement\n|\n|t:|1700686238\n|move|p2a: Iron Leaves|Leaf Blade|p1a: Grimmsnarl\n|-damage|p1a: Grimmsnarl|0 fnt\n|faint|p1a: Grimmsnarl\n|\n|win|Roxas RPPLF\n|c|\u2606Roxas RPPLF|Gg\n|c|\u2606John1240|gg sympa la elec terrain avec le meilleur user de elec\n|c|\u2606John1240|miraidon ca rends le truc giga fort\n|l|\u2606John1240\n|j|\u2606John1240\n|player|p1|John1240|#stt5noadkokoroyal\n|l|\u2606Roxas RPPLF\n","uploadtime":1700686248,"views":9,"p1id":"john1240","p2id":"roxasrpplf","formatid":"gen9ubers","rating":0,"private":0,"password":""}