{"id":"gen9ubers-1986017840","p1":"Ash12847","p2":"Autismo27","format":"[Gen 9] Ubers","log":"|j|\u2606Ash12847\n|j|\u2606Autismo27\n|t:|1699439314\n|gametype|singles\n|player|p1|Ash12847|266|1092\n|player|p2|Autismo27|benga|1066\n|teamsize|p1|6\n|teamsize|p2|6\n|gen|9\n|tier|[Gen 9] Ubers\n|rated|\n|rule|Sleep Clause Mod: Limit one foe put to sleep\n|rule|Species Clause: Limit one of each Pok\u00e9mon\n|rule|OHKO Clause: OHKO moves are banned\n|rule|Evasion Items Clause: Evasion items are banned\n|rule|Evasion Moves Clause: Evasion moves are banned\n|rule|Endless Battle Clause: Forcing endless battles is banned\n|rule|HP Percentage Mod: HP is shown in percentages\n|clearpoke\n|poke|p1|Gengar, M|\n|poke|p1|Mismagius, M|\n|poke|p1|Froslass, F|\n|poke|p1|Arceus|\n|poke|p1|Giratina-Origin|\n|poke|p1|Houndstone, F|\n|poke|p2|Tyranitar, M|\n|poke|p2|Kommo-o, M|\n|poke|p2|Lycanroc, F|\n|poke|p2|Ogerpon-Hearthflame, F|\n|poke|p2|Kingambit, F|\n|poke|p2|Baxcalibur, F|\n|teampreview\n|\n|t:|1699439320\n|start\n|switch|p1a: Mismagius|Mismagius, M|100\/100\n|switch|p2a: Tyranitar|Tyranitar, M|100\/100\n|-weather|Sandstorm|[from] ability: Sand Stream|[of] p2a: Tyranitar\n|turn|1\n|\n|t:|1699439329\n|move|p1a: Mismagius|Taunt|p2a: Tyranitar\n|-start|p2a: Tyranitar|move: Taunt\n|move|p2a: Tyranitar|Knock Off|p1a: Mismagius\n|-supereffective|p1a: Mismagius\n|-enditem|p1a: Mismagius|Focus Sash\n|-damage|p1a: Mismagius|1\/100\n|\n|-weather|Sandstorm|[upkeep]\n|-damage|p1a: Mismagius|0 fnt|[from] Sandstorm\n|faint|p1a: Mismagius\n|upkeep\n|\n|t:|1699439343\n|switch|p1a: Giratina|Giratina-Origin|100\/100\n|turn|2\n|\n|t:|1699439360\n|move|p1a: Giratina|Dragon Pulse|p2a: Tyranitar\n|-damage|p2a: Tyranitar|72\/100\n|move|p2a: Tyranitar|Knock Off|p1a: Giratina\n|-supereffective|p1a: Giratina\n|-damage|p1a: Giratina|44\/100\n|\n|-weather|Sandstorm|[upkeep]\n|-damage|p1a: Giratina|38\/100|[from] Sandstorm\n|upkeep\n|turn|3\n|\n|t:|1699439372\n|move|p1a: Giratina|Pain Split|p2a: Tyranitar\n|-sethp|p2a: Tyranitar|59\/100|[from] move: Pain Split|[silent]\n|-sethp|p1a: Giratina|48\/100|[from] move: Pain Split\n|move|p2a: Tyranitar|Knock Off|p1a: Giratina\n|-supereffective|p1a: Giratina\n|-damage|p1a: Giratina|0 fnt\n|faint|p1a: Giratina\n|\n|-weather|Sandstorm|[upkeep]\n|-end|p2a: Tyranitar|move: Taunt\n|upkeep\n|\n|t:|1699439385\n|switch|p1a: Gengar|Gengar, M|100\/100\n|turn|4\n|\n|t:|1699439390\n|move|p1a: Gengar|Poltergeist|p2a: Tyranitar\n|-activate|p2a: Tyranitar|move: Poltergeist|Aguav Berry\n|-resisted|p2a: Tyranitar\n|-damage|p2a: Tyranitar|45\/100\n|move|p2a: Tyranitar|Knock Off|p1a: Gengar\n|-supereffective|p1a: Gengar\n|-crit|p1a: Gengar\n|-enditem|p1a: Gengar|Focus Sash\n|-damage|p1a: Gengar|1\/100\n|-start|p2a: Tyranitar|Disable|Knock Off|[from] ability: Cursed Body|[of] p1a: Gengar\n|\n|-weather|Sandstorm|[upkeep]\n|-damage|p1a: Gengar|0 fnt|[from] Sandstorm\n|faint|p1a: Gengar\n|upkeep\n|\n|t:|1699439404\n|switch|p1a: Froslass|Froslass, F|100\/100\n|turn|5\n|\n|t:|1699439410\n|move|p1a: Froslass|Destiny Bond|p1a: Froslass\n|-singlemove|p1a: Froslass|Destiny Bond\n|move|p2a: Tyranitar|Dragon Tail|p1a: Froslass\n|-damage|p1a: Froslass|62\/100\n|drag|p1a: Arceus|Arceus|100\/100\n|\n|-weather|none\n|upkeep\n|turn|6\n|\n|t:|1699439422\n|move|p1a: Arceus|Extreme Speed|p2a: Tyranitar\n|-resisted|p2a: Tyranitar\n|-damage|p2a: Tyranitar|31\/100\n|move|p2a: Tyranitar|Dragon Tail|p1a: Arceus\n|-damage|p1a: Arceus|83\/100\n|drag|p1a: Froslass|Froslass, F|62\/100\n|\n|upkeep\n|turn|7\n|\n|t:|1699439435\n|move|p1a: Froslass|Destiny Bond|p1a: Froslass\n|-singlemove|p1a: Froslass|Destiny Bond\n|move|p2a: Tyranitar|Dragon Tail|p1a: Froslass\n|-damage|p1a: Froslass|26\/100\n|drag|p1a: Houndstone|Houndstone, F|100\/100\n|\n|-end|p2a: Tyranitar|Disable\n|upkeep\n|turn|8\n|\n|t:|1699439447\n|move|p1a: Houndstone|Last Respects|p2a: Tyranitar\n|-resisted|p2a: Tyranitar\n|-damage|p2a: Tyranitar|0 fnt\n|faint|p2a: Tyranitar\n|\n|upkeep\n|\n|t:|1699439453\n|switch|p2a: Lycanroc|Lycanroc, F|100\/100\n|turn|9\n|\n|t:|1699439459\n|move|p2a: Lycanroc|Crunch|p1a: Houndstone\n|-supereffective|p1a: Houndstone\n|-damage|p1a: Houndstone|39\/100\n|move|p1a: Houndstone|Last Respects|p2a: Lycanroc\n|-damage|p2a: Lycanroc|0 fnt\n|faint|p2a: Lycanroc\n|\n|upkeep\n|\n|t:|1699439468\n|switch|p2a: Kingambit|Kingambit, F|100\/100\n|-activate|p2a: Kingambit|ability: Supreme Overlord\n|-start|p2a: Kingambit|fallen2|[silent]\n|turn|10\n|\n|t:|1699439473\n|move|p2a: Kingambit|Sucker Punch|p1a: Houndstone\n|-supereffective|p1a: Houndstone\n|-damage|p1a: Houndstone|0 fnt\n|faint|p1a: Houndstone\n|\n|upkeep\n|\n|t:|1699439479\n|switch|p1a: Froslass|Froslass, F|26\/100\n|turn|11\n|\n|t:|1699439483\n|-terastallize|p2a: Kingambit|Dark\n|move|p2a: Kingambit|Sucker Punch||[still]\n|-fail|p2a: Kingambit\n|move|p1a: Froslass|Destiny Bond|p1a: Froslass\n|-singlemove|p1a: Froslass|Destiny Bond\n|\n|upkeep\n|turn|12\n|\n|t:|1699439496\n|move|p2a: Kingambit|Sucker Punch|p1a: Froslass\n|-supereffective|p1a: Froslass\n|-damage|p1a: Froslass|0 fnt\n|faint|p1a: Froslass\n|-activate|p1a: Froslass|move: Destiny Bond\n|faint|p2a: Kingambit\n|-end|p2a: Kingambit|fallen2|[silent]\n|\n|upkeep\n|\n|t:|1699439503\n|switch|p1a: Arceus|Arceus|83\/100\n|switch|p2a: Kommo-o|Kommo-o, M|100\/100\n|turn|13\n|\n|t:|1699439513\n|move|p1a: Arceus|Dragon Dance|p1a: Arceus\n|-boost|p1a: Arceus|atk|1\n|-boost|p1a: Arceus|spe|1\n|move|p2a: Kommo-o|Iron Defense|p2a: Kommo-o\n|-boost|p2a: Kommo-o|def|2\n|\n|upkeep\n|turn|14\n|\n|t:|1699439520\n|move|p1a: Arceus|Dragon Dance|p1a: Arceus\n|-boost|p1a: Arceus|atk|1\n|-boost|p1a: Arceus|spe|1\n|move|p2a: Kommo-o|Body Press|p1a: Arceus\n|-supereffective|p1a: Arceus\n|-damage|p1a: Arceus|0 fnt\n|faint|p1a: Arceus\n|\n|win|Autismo27\n|raw|Ash12847's rating: 1092 &rarr; <strong>1066<\/strong><br \/>(-26 for losing)\n|raw|Autismo27's rating: 1066 &rarr; <strong>1098<\/strong><br \/>(+32 for winning)\n","uploadtime":1699439533,"views":7,"p1id":"ash12847","p2id":"autismo27","formatid":"gen9ubers","rating":1066,"private":0,"password":""}