{"id":"gen9ubers-1983025757","p1":"P4NF1LH0","p2":"rooster45","format":"[Gen 9] Ubers","log":"|j|\u2606P4NF1LH0\n|j|\u2606rooster45\n|t:|1699071761\n|gametype|singles\n|player|p1|P4NF1LH0|1|1069\n|player|p2|rooster45|burglar|1118\n|teamsize|p1|6\n|teamsize|p2|6\n|gen|9\n|tier|[Gen 9] Ubers\n|rated|\n|rule|Sleep Clause Mod: Limit one foe put to sleep\n|rule|Species Clause: Limit one of each Pok\u00e9mon\n|rule|OHKO Clause: OHKO moves are banned\n|rule|Evasion Items Clause: Evasion items are banned\n|rule|Evasion Moves Clause: Evasion moves are banned\n|rule|Endless Battle Clause: Forcing endless battles is banned\n|rule|HP Percentage Mod: HP is shown in percentages\n|clearpoke\n|poke|p1|Ninetales-Alola, M|\n|poke|p1|Chien-Pao|\n|poke|p1|Iron Bundle|\n|poke|p1|Dragonite, F|\n|poke|p1|Great Tusk|\n|poke|p1|Charjabug, F|\n|poke|p2|Toxapex, F|\n|poke|p2|Magearna|\n|poke|p2|Dragapult, M|\n|poke|p2|Jirachi|\n|poke|p2|Iron Moth|\n|poke|p2|Vivillon-Garden, F|\n|teampreview\n|\n|t:|1699071767\n|start\n|switch|p1a: Charjabug|Charjabug, F, shiny|100\/100\n|switch|p2a: Iron Moth|Iron Moth|100\/100\n|-enditem|p2a: Iron Moth|Booster Energy\n|-activate|p2a: Iron Moth|ability: Quark Drive|[fromitem]\n|-start|p2a: Iron Moth|quarkdrivespa\n|turn|1\n|\n|t:|1699071779\n|move|p2a: Iron Moth|Fiery Dance|p1a: Charjabug\n|-supereffective|p1a: Charjabug\n|-damage|p1a: Charjabug|2\/100\n|-boost|p2a: Iron Moth|spa|1\n|move|p1a: Charjabug|Sticky Web|p2a: Iron Moth\n|-sidestart|p2: rooster45|move: Sticky Web\n|\n|upkeep\n|turn|2\n|\n|t:|1699071790\n|move|p2a: Iron Moth|Fiery Dance|p1a: Charjabug\n|-supereffective|p1a: Charjabug\n|-damage|p1a: Charjabug|0 fnt\n|-boost|p2a: Iron Moth|spa|1\n|faint|p1a: Charjabug\n|\n|upkeep\n|\n|t:|1699071802\n|switch|p1a: Ninetales|Ninetales-Alola, M, shiny|100\/100\n|-weather|Snow|[from] ability: Snow Warning|[of] p1a: Ninetales\n|turn|3\n|inactive|Battle timer is ON: inactive players will automatically lose when time's up. (requested by rooster45)\n|\n|t:|1699071821\n|-terastallize|p1a: Ninetales|Fire\n|move|p2a: Iron Moth|Fiery Dance|p1a: Ninetales\n|-resisted|p1a: Ninetales\n|-damage|p1a: Ninetales|58\/100\n|move|p1a: Ninetales|Moonblast|p2a: Iron Moth\n|-resisted|p2a: Iron Moth\n|-damage|p2a: Iron Moth|93\/100\n|\n|-weather|Snow|[upkeep]\n|upkeep\n|turn|4\n|\n|t:|1699071834\n|move|p2a: Iron Moth|Dazzling Gleam|p1a: Ninetales\n|-resisted|p1a: Ninetales\n|-damage|p1a: Ninetales|31\/100\n|move|p1a: Ninetales|Blizzard|p2a: Iron Moth\n|-resisted|p2a: Iron Moth\n|-damage|p2a: Iron Moth|76\/100\n|\n|-weather|Snow|[upkeep]\n|upkeep\n|turn|5\n|\n|t:|1699071843\n|move|p2a: Iron Moth|Fiery Dance|p1a: Ninetales\n|-resisted|p1a: Ninetales\n|-damage|p1a: Ninetales|0 fnt\n|-boost|p2a: Iron Moth|spa|1\n|faint|p1a: Ninetales\n|\n|-weather|Snow|[upkeep]\n|upkeep\n|\n|t:|1699071852\n|switch|p1a: Dragonite|Dragonite, F|100\/100\n|turn|6\n|\n|t:|1699071873\n|move|p2a: Iron Moth|Dazzling Gleam|p1a: Dragonite\n|-supereffective|p1a: Dragonite\n|-damage|p1a: Dragonite|0 fnt\n|faint|p1a: Dragonite\n|\n|-weather|Snow|[upkeep]\n|upkeep\n|\n|t:|1699071880\n|switch|p1a: Iron Bundle|Iron Bundle|100\/100\n|turn|7\n|\n|t:|1699071886\n|move|p1a: Iron Bundle|Hydro Pump|p2a: Iron Moth\n|-supereffective|p2a: Iron Moth\n|-damage|p2a: Iron Moth|0 fnt\n|faint|p2a: Iron Moth\n|-end|p2a: Iron Moth|Quark Drive|[silent]\n|\n|-weather|none\n|upkeep\n|\n|t:|1699071899\n|switch|p2a: Magearna|Magearna|100\/100\n|-activate|p2a: Magearna|move: Sticky Web\n|-fail|p2a: Magearna|unboost|[from] item: Clear Amulet|[of] p2a: Magearna\n|turn|8\n|\n|t:|1699071912\n|-end|p1a: Iron Bundle|Quark Drive|[silent]\n|switch|p1a: Great Tusk|Great Tusk, shiny|100\/100\n|move|p2a: Magearna|Trick Room|p2a: Magearna\n|-fieldstart|move: Trick Room|[of] p2a: Magearna\n|\n|upkeep\n|turn|9\n|\n|t:|1699071922\n|move|p2a: Magearna|Calm Mind|p2a: Magearna\n|-boost|p2a: Magearna|spa|1\n|-boost|p2a: Magearna|spd|1\n|move|p1a: Great Tusk|Close Combat|p2a: Magearna\n|-damage|p2a: Magearna|63\/100\n|-unboost|p1a: Great Tusk|def|1\n|-unboost|p1a: Great Tusk|spd|1\n|\n|upkeep\n|turn|10\n|\n|t:|1699071936\n|move|p2a: Magearna|Energy Ball|p1a: Great Tusk\n|-supereffective|p1a: Great Tusk\n|-damage|p1a: Great Tusk|0 fnt\n|faint|p1a: Great Tusk\n|-ability|p2a: Magearna|Soul-Heart|boost\n|-boost|p2a: Magearna|spa|1\n|-end|p1a: Great Tusk|Protosynthesis|[silent]\n|\n|upkeep\n|\n|t:|1699071945\n|switch|p1a: Chien-Pao|Chien-Pao|100\/100\n|-ability|p1a: Chien-Pao|Sword of Ruin\n|turn|11\n|\n|t:|1699071952\n|move|p1a: Chien-Pao|Sucker Punch|p2a: Magearna\n|-resisted|p2a: Magearna\n|-damage|p2a: Magearna|46\/100\n|move|p2a: Magearna|Draining Kiss|p1a: Chien-Pao\n|-supereffective|p1a: Chien-Pao\n|-damage|p1a: Chien-Pao|0 fnt\n|-heal|p2a: Magearna|100\/100|[from] drain|[of] p1a: Chien-Pao\n|faint|p1a: Chien-Pao\n|-ability|p2a: Magearna|Soul-Heart|boost\n|-boost|p2a: Magearna|spa|1\n|\n|upkeep\n|\n|t:|1699071961\n|switch|p1a: Iron Bundle|Iron Bundle|100\/100\n|turn|12\n|\n|t:|1699071969\n|move|p2a: Magearna|Calm Mind|p2a: Magearna\n|-boost|p2a: Magearna|spa|1\n|-boost|p2a: Magearna|spd|1\n|move|p1a: Iron Bundle|Ice Beam|p2a: Magearna\n|-resisted|p2a: Magearna\n|-damage|p2a: Magearna|87\/100\n|\n|-fieldend|move: Trick Room\n|upkeep\n|turn|13\n|\n|t:|1699071978\n|move|p1a: Iron Bundle|Ice Beam|p2a: Magearna\n|-resisted|p2a: Magearna\n|-damage|p2a: Magearna|75\/100\n|move|p2a: Magearna|Trick Room|p2a: Magearna\n|-fieldstart|move: Trick Room|[of] p2a: Magearna\n|\n|upkeep\n|turn|14\n|\n|t:|1699071985\n|move|p2a: Magearna|Calm Mind|p2a: Magearna\n|-boost|p2a: Magearna|spa|1\n|-boost|p2a: Magearna|spd|1\n|move|p1a: Iron Bundle|Ice Beam|p2a: Magearna\n|-resisted|p2a: Magearna\n|-damage|p2a: Magearna|64\/100\n|-status|p2a: Magearna|frz\n|\n|upkeep\n|turn|15\n|\n|t:|1699071997\n|cant|p2a: Magearna|frz\n|move|p1a: Iron Bundle|Ice Beam|p2a: Magearna\n|-resisted|p2a: Magearna\n|-damage|p2a: Magearna|52\/100 frz\n|\n|upkeep\n|turn|16\n|\n|t:|1699072003\n|-curestatus|p2a: Magearna|frz|[msg]\n|move|p2a: Magearna|Calm Mind|p2a: Magearna\n|-boost|p2a: Magearna|spa|1\n|-boost|p2a: Magearna|spd|1\n|move|p1a: Iron Bundle|Ice Beam|p2a: Magearna\n|-resisted|p2a: Magearna\n|-damage|p2a: Magearna|42\/100\n|-status|p2a: Magearna|frz\n|\n|upkeep\n|turn|17\n|c|\u2606rooster45|Lmao\n|\n|t:|1699072025\n|cant|p2a: Magearna|frz\n|move|p1a: Iron Bundle|Ice Beam|p2a: Magearna\n|-resisted|p2a: Magearna\n|-damage|p2a: Magearna|33\/100 frz\n|\n|-fieldend|move: Trick Room\n|upkeep\n|turn|18\n|\n|t:|1699072032\n|move|p1a: Iron Bundle|Ice Beam|p2a: Magearna\n|-resisted|p2a: Magearna\n|-crit|p2a: Magearna\n|-damage|p2a: Magearna|0 fnt\n|faint|p2a: Magearna\n|\n|upkeep\n|\n|t:|1699072042\n|switch|p2a: Toxapex|Toxapex, F|100\/100\n|-activate|p2a: Toxapex|move: Sticky Web\n|-unboost|p2a: Toxapex|spe|1\n|turn|19\n|\n|t:|1699072047\n|move|p1a: Iron Bundle|Ice Beam|p2a: Toxapex\n|-resisted|p2a: Toxapex\n|-damage|p2a: Toxapex|71\/100\n|move|p2a: Toxapex|Toxic|p1a: Iron Bundle\n|-status|p1a: Iron Bundle|tox\n|\n|-heal|p2a: Toxapex|77\/100|[from] item: Black Sludge\n|-damage|p1a: Iron Bundle|95\/100 tox|[from] psn\n|upkeep\n|turn|20\n|\n|t:|1699072057\n|move|p2a: Toxapex|Baneful Bunker|p2a: Toxapex\n|-singleturn|p2a: Toxapex|move: Protect\n|move|p1a: Iron Bundle|Ice Beam|p2a: Toxapex\n|-activate|p2a: Toxapex|move: Protect\n|\n|-heal|p2a: Toxapex|84\/100|[from] item: Black Sludge\n|-damage|p1a: Iron Bundle|83\/100 tox|[from] psn\n|upkeep\n|turn|21\n|\n|t:|1699072068\n|move|p1a: Iron Bundle|Ice Beam|p2a: Toxapex\n|-resisted|p2a: Toxapex\n|-damage|p2a: Toxapex|55\/100\n|move|p2a: Toxapex|Recover|p2a: Toxapex\n|-heal|p2a: Toxapex|100\/100\n|\n|-damage|p1a: Iron Bundle|65\/100 tox|[from] psn\n|upkeep\n|turn|22\n|\n|t:|1699072080\n|move|p2a: Toxapex|Protect|p2a: Toxapex\n|-singleturn|p2a: Toxapex|Protect\n|move|p1a: Iron Bundle|Ice Beam|p2a: Toxapex\n|-activate|p2a: Toxapex|move: Protect\n|\n|-damage|p1a: Iron Bundle|41\/100 tox|[from] psn\n|upkeep\n|turn|23\n|\n|t:|1699072092\n|move|p1a: Iron Bundle|Ice Beam|p2a: Toxapex\n|-resisted|p2a: Toxapex\n|-damage|p2a: Toxapex|75\/100\n|move|p2a: Toxapex|Recover|p2a: Toxapex\n|-heal|p2a: Toxapex|100\/100\n|\n|-damage|p1a: Iron Bundle|12\/100 tox|[from] psn\n|upkeep\n|turn|24\n|\n|t:|1699072101\n|move|p2a: Toxapex|Baneful Bunker|p2a: Toxapex\n|-singleturn|p2a: Toxapex|move: Protect\n|move|p1a: Iron Bundle|Ice Beam|p2a: Toxapex\n|-activate|p2a: Toxapex|move: Protect\n|\n|-damage|p1a: Iron Bundle|0 fnt|[from] psn\n|faint|p1a: Iron Bundle\n|-end|p1a: Iron Bundle|Quark Drive|[silent]\n|\n|win|rooster45\n|upkeep\n|raw|P4NF1LH0's rating: 1069 &rarr; <strong>1052<\/strong><br \/>(-17 for losing)\n|raw|rooster45's rating: 1118 &rarr; <strong>1139<\/strong><br \/>(+21 for winning)\n|l|\u2606P4NF1LH0\n|c|\u2606rooster45|I flew.too close to the sun\n","uploadtime":1699072122,"views":13,"p1id":"p4nf1lh0","p2id":"rooster45","formatid":"gen9ubers","rating":1052,"private":0,"password":""}