{"id":"gen9ubers-1970095118","p1":"ThePuzzler13","p2":"efwin2763","format":"[Gen 9] Ubers","log":"|j|\u2606ThePuzzler13\n|j|\u2606efwin2763\n|t:|1697593644\n|gametype|singles\n|player|p1|ThePuzzler13|265|\n|player|p2|efwin2763|ghetsis-gen5bw|\n|teamsize|p1|6\n|teamsize|p2|6\n|gen|9\n|tier|[Gen 9] Ubers\n|rule|Sleep Clause Mod: Limit one foe put to sleep\n|rule|Species Clause: Limit one of each Pok\u00e9mon\n|rule|OHKO Clause: OHKO moves are banned\n|rule|Evasion Items Clause: Evasion items are banned\n|rule|Evasion Moves Clause: Evasion moves are banned\n|rule|Endless Battle Clause: Forcing endless battles is banned\n|rule|HP Percentage Mod: HP is shown in percentages\n|clearpoke\n|poke|p1|Masquerain, M|\n|poke|p1|Arceus-Ice|\n|poke|p1|Gholdengo|\n|poke|p1|Palafin, M|\n|poke|p1|Chi-Yu|\n|poke|p1|Zamazenta-*|\n|poke|p2|Palkia-Origin|\n|poke|p2|Chi-Yu|\n|poke|p2|Alomomola, F|\n|poke|p2|Giratina|\n|poke|p2|Heatran, M|\n|poke|p2|Zamazenta-*|\n|teampreview\n|inactive|Battle timer is ON: inactive players will automatically lose when time's up. (requested by ThePuzzler13)\n|inactive|efwin2763 also wants the timer to be on.\n|\n|t:|1697593649\n|start\n|switch|p1a: Masquerain|Masquerain, M|100\/100\n|switch|p2a: Heatran|Heatran, M|100\/100\n|-ability|p1a: Masquerain|Intimidate|boost\n|-unboost|p2a: Heatran|atk|1\n|turn|1\n|\n|t:|1697593664\n|move|p1a: Masquerain|Stun Spore|p2a: Heatran|[miss]\n|-miss|p1a: Masquerain|p2a: Heatran\n|move|p2a: Heatran|Stealth Rock|p1a: Masquerain\n|-sidestart|p1: ThePuzzler13|move: Stealth Rock\n|\n|upkeep\n|turn|2\n|\n|t:|1697593678\n|move|p1a: Masquerain|Stun Spore|p2a: Heatran\n|-status|p2a: Heatran|par\n|cant|p2a: Heatran|par\n|\n|upkeep\n|turn|3\n|\n|t:|1697593681\n|move|p1a: Masquerain|Sticky Web|p2a: Heatran\n|-sidestart|p2: efwin2763|move: Sticky Web\n|move|p2a: Heatran|Magma Storm|p1a: Masquerain\n|-supereffective|p1a: Masquerain\n|-enditem|p1a: Masquerain|Focus Sash\n|-damage|p1a: Masquerain|1\/100\n|-activate|p1a: Masquerain|move: Magma Storm|[of] p2a: Heatran\n|\n|-damage|p1a: Masquerain|0 fnt|[from] move: Magma Storm|[partiallytrapped]\n|faint|p1a: Masquerain\n|upkeep\n|\n|t:|1697593691\n|switch|p1a: Gholdengo|Gholdengo|100\/100\n|-damage|p1a: Gholdengo|94\/100|[from] Stealth Rock\n|turn|4\n|\n|t:|1697593696\n|move|p1a: Gholdengo|Focus Blast|p2a: Heatran\n|-supereffective|p2a: Heatran\n|-damage|p2a: Heatran|41\/100 par\n|cant|p2a: Heatran|par\n|\n|-heal|p2a: Heatran|47\/100 par|[from] item: Leftovers\n|upkeep\n|turn|5\n|\n|t:|1697593701\n|move|p1a: Gholdengo|Focus Blast|p2a: Heatran\n|-supereffective|p2a: Heatran\n|-damage|p2a: Heatran|0 fnt\n|faint|p2a: Heatran\n|\n|upkeep\n|c|\u2606efwin2763|how\n|c|\u2606ThePuzzler13|idk\n|c|\u2606ThePuzzler13|focus hit?\n|\n|t:|1697593712\n|switch|p2a: Chi-Yu|Chi-Yu|100\/100\n|-activate|p2a: Chi-Yu|move: Sticky Web\n|-unboost|p2a: Chi-Yu|spe|1\n|-ability|p2a: Chi-Yu|Beads of Ruin\n|turn|6\n|c|\u2606efwin2763|ig\n|\n|t:|1697593720\n|move|p1a: Gholdengo|Focus Blast|p2a: Chi-Yu|[miss]\n|-miss|p1a: Gholdengo|p2a: Chi-Yu\n|move|p2a: Chi-Yu|Dark Pulse|p1a: Gholdengo\n|-supereffective|p1a: Gholdengo\n|-damage|p1a: Gholdengo|0 fnt\n|faint|p1a: Gholdengo\n|\n|upkeep\n|c|\u2606ThePuzzler13|nvm\n|\n|t:|1697593727\n|switch|p1a: Palafin|Palafin, M|100\/100\n|-damage|p1a: Palafin|88\/100|[from] Stealth Rock\n|turn|7\n|\n|t:|1697593729\n|move|p1a: Palafin|Flip Turn|p2a: Chi-Yu\n|-supereffective|p2a: Chi-Yu\n|-damage|p2a: Chi-Yu|4\/100\n|\n|t:|1697593735\n|detailschange|p1a: Palafin|Palafin-Hero, M\n|switch|p1a: Chi-Yu|Chi-Yu|100\/100|[from] Flip Turn\n|-damage|p1a: Chi-Yu|76\/100|[from] Stealth Rock\n|-ability|p1a: Chi-Yu|Beads of Ruin\n|move|p2a: Chi-Yu|Dark Pulse|p1a: Chi-Yu\n|-resisted|p1a: Chi-Yu\n|-damage|p1a: Chi-Yu|48\/100\n|\n|upkeep\n|turn|8\n|\n|t:|1697593746\n|move|p1a: Chi-Yu|Dark Pulse|p2a: Chi-Yu\n|-resisted|p2a: Chi-Yu\n|-damage|p2a: Chi-Yu|0 fnt\n|faint|p2a: Chi-Yu\n|\n|upkeep\n|\n|t:|1697593756\n|switch|p2a: Giratina|Giratina|100\/100\n|-activate|p2a: Giratina|move: Sticky Web\n|-unboost|p2a: Giratina|spe|1\n|-ability|p2a: Giratina|Pressure\n|turn|9\n|\n|t:|1697593763\n|-terastallize|p2a: Giratina|Fairy\n|move|p1a: Chi-Yu|Dark Pulse|p2a: Giratina\n|-resisted|p2a: Giratina\n|-damage|p2a: Giratina|81\/100\n|move|p2a: Giratina|Defog|p1a: Chi-Yu\n|-unboost|p1a: Chi-Yu|evasion|1\n|-sideend|p1: ThePuzzler13|Stealth Rock|[from] move: Defog|[of] p2a: Giratina\n|-sideend|p2: efwin2763|Sticky Web|[from] move: Defog|[of] p2a: Giratina\n|\n|-heal|p2a: Giratina|88\/100|[from] item: Leftovers\n|upkeep\n|turn|10\n|\n|t:|1697593784\n|switch|p1a: Zamazenta|Zamazenta-Crowned|100\/100\n|-ability|p1a: Zamazenta|Dauntless Shield|boost\n|-boost|p1a: Zamazenta|def|1\n|switch|p2a: Alomomola|Alomomola, F|100\/100\n|\n|upkeep\n|turn|11\n|\n|t:|1697593793\n|move|p1a: Zamazenta|Substitute|p1a: Zamazenta\n|-start|p1a: Zamazenta|Substitute\n|-damage|p1a: Zamazenta|75\/100\n|move|p2a: Alomomola|Scald|p1a: Zamazenta\n|-activate|p1a: Zamazenta|move: Substitute|[damage]\n|\n|upkeep\n|turn|12\n|\n|t:|1697593797\n|move|p1a: Zamazenta|Iron Defense|p1a: Zamazenta\n|-boost|p1a: Zamazenta|def|2\n|move|p2a: Alomomola|Scald|p1a: Zamazenta\n|-activate|p1a: Zamazenta|move: Substitute|[damage]\n|\n|upkeep\n|turn|13\n|\n|t:|1697593802\n|move|p1a: Zamazenta|Iron Defense|p1a: Zamazenta\n|-boost|p1a: Zamazenta|def|2\n|move|p2a: Alomomola|Scald|p1a: Zamazenta\n|-end|p1a: Zamazenta|Substitute\n|\n|upkeep\n|turn|14\n|\n|t:|1697593806\n|switch|p2a: Giratina|Giratina, tera:Fairy|88\/100\n|-ability|p2a: Giratina|Pressure\n|move|p1a: Zamazenta|Body Press|p2a: Giratina\n|-resisted|p2a: Giratina\n|-damage|p2a: Giratina|35\/100\n|\n|-heal|p2a: Giratina|42\/100|[from] item: Leftovers\n|upkeep\n|turn|15\n|\n|t:|1697593813\n|move|p1a: Zamazenta|Body Press|p2a: Giratina\n|-resisted|p2a: Giratina\n|-damage|p2a: Giratina|0 fnt\n|faint|p2a: Giratina\n|\n|upkeep\n|\n|t:|1697593820\n|switch|p2a: Zamazenta|Zamazenta-Crowned|100\/100\n|-ability|p2a: Zamazenta|Dauntless Shield|boost\n|-boost|p2a: Zamazenta|def|1\n|turn|16\n|\n|t:|1697593829\n|move|p1a: Zamazenta|Body Press|p2a: Zamazenta\n|-supereffective|p2a: Zamazenta\n|-damage|p2a: Zamazenta|0 fnt\n|faint|p2a: Zamazenta\n|\n|upkeep\n|\n|t:|1697593832\n|switch|p2a: Palkia|Palkia-Origin|100\/100\n|-ability|p2a: Palkia|Pressure\n|turn|17\n|\n|t:|1697593838\n|move|p2a: Palkia|Fire Blast|p1a: Zamazenta\n|-supereffective|p1a: Zamazenta\n|-damage|p1a: Zamazenta|19\/100\n|move|p1a: Zamazenta|Body Press|p2a: Palkia\n|-damage|p2a: Palkia|0 fnt\n|faint|p2a: Palkia\n|\n|upkeep\n|c|\u2606efwin2763|ggs\n|\n|t:|1697593844\n|switch|p2a: Alomomola|Alomomola, F|100\/100\n|turn|18\n|\n|t:|1697593847\n|move|p1a: Zamazenta|Body Press|p2a: Alomomola\n|-crit|p2a: Alomomola\n|-damage|p2a: Alomomola|0 fnt\n|faint|p2a: Alomomola\n|\n|win|ThePuzzler13\n|c|\u2606ThePuzzler13|gg\n|c|\u2606ThePuzzler13|one more?\n","uploadtime":1697593855,"views":24,"p1id":"thepuzzler13","p2id":"efwin2763","formatid":"gen9ubers","rating":0,"private":0,"password":""}