{"id":"gen9ubers-1994391428","p1":"mastershednija69","p2":"Jaekling","format":"[Gen 9] Ubers","log":"|j|\u2606mastershednija69\n|j|\u2606Jaekling\n|t:|1700438575\n|gametype|singles\n|player|p1|mastershednija69|102|\n|player|p2|Jaekling|swimmerf|\n|teamsize|p1|6\n|teamsize|p2|6\n|gen|9\n|tier|[Gen 9] Ubers\n|rule|Sleep Clause Mod: Limit one foe put to sleep\n|rule|Species Clause: Limit one of each Pok\u00e9mon\n|rule|OHKO Clause: OHKO moves are banned\n|rule|Evasion Items Clause: Evasion items are banned\n|rule|Evasion Moves Clause: Evasion moves are banned\n|rule|Endless Battle Clause: Forcing endless battles is banned\n|rule|HP Percentage Mod: HP is shown in percentages\n|clearpoke\n|poke|p1|Dragapult, F|\n|poke|p1|Enamorus, F|\n|poke|p1|Muk-Alola, F|\n|poke|p1|Manaphy|\n|poke|p1|Slaking, M|\n|poke|p1|Forretress, F|\n|poke|p2|Great Tusk|\n|poke|p2|Ogerpon-Wellspring, F|\n|poke|p2|Cinderace, M|\n|poke|p2|Sylveon, M|\n|poke|p2|Iron Hands|\n|poke|p2|Garganacl, M|\n|teampreview\n|\n|t:|1700438619\n|start\n|switch|p1a: Forretress|Forretress, F|100\/100\n|switch|p2a: This Guy|Ogerpon-Wellspring, F|100\/100\n|turn|1\n|\n|t:|1700438634\n|move|p2a: This Guy|Ivy Cudgel|p1a: Forretress|[anim] Ivy Cudgel Water\n|-damage|p1a: Forretress|69\/100\n|move|p1a: Forretress|Spikes|p2a: This Guy\n|-sidestart|p2: Jaekling|Spikes\n|\n|-heal|p1a: Forretress|75\/100|[from] item: Leftovers\n|upkeep\n|turn|2\n|\n|t:|1700438641\n|move|p2a: This Guy|Trailblaze|p1a: Forretress\n|-resisted|p1a: Forretress\n|-damage|p1a: Forretress|71\/100\n|-boost|p2a: This Guy|spe|1\n|move|p1a: Forretress|Stealth Rock|p2a: This Guy\n|-sidestart|p2: Jaekling|move: Stealth Rock\n|\n|-heal|p1a: Forretress|78\/100|[from] item: Leftovers\n|upkeep\n|turn|3\n|\n|t:|1700438651\n|move|p2a: This Guy|Ivy Cudgel|p1a: Forretress|[anim] Ivy Cudgel Water\n|-damage|p1a: Forretress|47\/100\n|move|p1a: Forretress|Spikes|p2a: This Guy\n|-sidestart|p2: Jaekling|Spikes\n|\n|-heal|p1a: Forretress|53\/100|[from] item: Leftovers\n|upkeep\n|turn|4\n|\n|t:|1700438658\n|move|p2a: This Guy|Ivy Cudgel|p1a: Forretress|[anim] Ivy Cudgel Water\n|-crit|p1a: Forretress\n|-damage|p1a: Forretress|2\/100\n|move|p1a: Forretress|Gyro Ball|p2a: This Guy\n|-resisted|p2a: This Guy\n|-damage|p2a: This Guy|68\/100\n|\n|-heal|p1a: Forretress|8\/100|[from] item: Leftovers\n|upkeep\n|turn|5\n|\n|t:|1700438669\n|switch|p1a: Manaphy|Manaphy|100\/100\n|move|p2a: This Guy|U-turn|p1a: Manaphy\n|-damage|p1a: Manaphy|83\/100\n|\n|t:|1700438677\n|switch|p2a: This Muh|Cinderace, M|100\/100|[from] U-turn\n|\n|upkeep\n|turn|6\n|\n|t:|1700438699\n|move|p2a: This Muh|Court Change|p2a: This Muh\n|-start|p2a: This Muh|typechange|Normal|[from] ability: Libero\n|-swapsideconditions\n|-activate|p2a: This Muh|move: Court Change\n|move|p1a: Manaphy|Reflect|p1a: Manaphy\n|-sidestart|p1: mastershednija69|Reflect\n|\n|upkeep\n|turn|7\n|\n|t:|1700438735\n|switch|p2a: This Guy|Ogerpon-Wellspring, F|68\/100\n|move|p1a: Manaphy|Flip Turn|p2a: This Guy\n|-heal|p2a: This Guy|93\/100|[from] ability: Water Absorb|[of] p1a: Manaphy\n|\n|upkeep\n|turn|8\n|\n|t:|1700438745\n|move|p2a: This Guy|Horn Leech|p1a: Manaphy\n|-supereffective|p1a: Manaphy\n|-damage|p1a: Manaphy|55\/100\n|-heal|p2a: This Guy|100\/100|[from] drain|[of] p1a: Manaphy\n|move|p1a: Manaphy|Knock Off|p2a: This Guy\n|-damage|p2a: This Guy|81\/100\n|\n|upkeep\n|turn|9\n|\n|t:|1700438752\n|move|p2a: This Guy|Horn Leech|p1a: Manaphy\n|-supereffective|p1a: Manaphy\n|-damage|p1a: Manaphy|28\/100\n|-heal|p2a: This Guy|99\/100|[from] drain|[of] p1a: Manaphy\n|move|p1a: Manaphy|Light Screen|p1a: Manaphy\n|-sidestart|p1: mastershednija69|move: Light Screen\n|\n|upkeep\n|turn|10\n|\n|t:|1700438774\n|switch|p1a: Enamorus|Enamorus, F|100\/100\n|move|p2a: This Guy|U-turn|p1a: Enamorus\n|-resisted|p1a: Enamorus\n|-damage|p1a: Enamorus|95\/100\n|\n|t:|1700438788\n|switch|p2a: This Jit|Iron Hands|100\/100|[from] U-turn\n|\n|upkeep\n|turn|11\n|\n|t:|1700438809\n|move|p1a: Enamorus|Moonblast|p2a: This Jit\n|-supereffective|p2a: This Jit\n|-damage|p2a: This Jit|0 fnt\n|faint|p2a: This Jit\n|-end|p2a: This Jit|Quark Drive|[silent]\n|\n|upkeep\n|\n|t:|1700438817\n|switch|p2a: This Guy|Ogerpon-Wellspring, F|99\/100\n|turn|12\n|\n|t:|1700438875\n|move|p2a: This Guy|Ivy Cudgel|p1a: Enamorus|[anim] Ivy Cudgel Water\n|-damage|p1a: Enamorus|51\/100\n|move|p1a: Enamorus|Moonblast|p2a: This Guy\n|-damage|p2a: This Guy|41\/100\n|-unboost|p2a: This Guy|spa|1\n|\n|upkeep\n|turn|13\n|\n|t:|1700438885\n|move|p2a: This Guy|Ivy Cudgel|p1a: Enamorus|[anim] Ivy Cudgel Water\n|-damage|p1a: Enamorus|3\/100\n|move|p1a: Enamorus|Moonblast|p2a: This Guy\n|-damage|p2a: This Guy|0 fnt\n|faint|p2a: This Guy\n|\n|-sideend|p1: mastershednija69|Reflect\n|upkeep\n|\n|t:|1700438901\n|switch|p2a: This Muh|Cinderace, M|100\/100\n|turn|14\n|\n|t:|1700438941\n|switch|p1a: Forretress|Forretress, F|8\/100\n|-damage|p1a: Forretress|0 fnt|[from] Spikes\n|faint|p1a: Forretress\n|move|p2a: This Muh|High Jump Kick|p1: Forretress|[notarget]\n|-fail|p2a: This Muh\n|\n|upkeep\n|\n|t:|1700438968\n|switch|p1a: Dragapult|Dragapult, F|100\/100\n|-damage|p1a: Dragapult|84\/100|[from] Spikes\n|-damage|p1a: Dragapult|72\/100|[from] Stealth Rock\n|turn|15\n|\n|t:|1700438974\n|move|p1a: Dragapult|Substitute|p1a: Dragapult\n|-start|p1a: Dragapult|Substitute\n|-damage|p1a: Dragapult|47\/100\n|move|p2a: This Muh|Pyro Ball|p1a: Dragapult\n|-resisted|p1a: Dragapult\n|-end|p1a: Dragapult|Substitute\n|\n|-heal|p1a: Dragapult|53\/100|[from] item: Leftovers\n|upkeep\n|turn|16\n|\n|t:|1700438996\n|move|p1a: Dragapult|Dragon Dance|p1a: Dragapult\n|-boost|p1a: Dragapult|atk|1\n|-boost|p1a: Dragapult|spe|1\n|move|p2a: This Muh|Iron Head|p1a: Dragapult\n|-start|p2a: This Muh|typechange|Steel|[from] ability: Libero\n|-damage|p1a: Dragapult|1\/100\n|\n|-heal|p1a: Dragapult|7\/100|[from] item: Leftovers\n|-sideend|p1: mastershednija69|move: Light Screen\n|upkeep\n|turn|17\n|j| hatev2\n|c| hatev2|Buss\n|\n|t:|1700439033\n|move|p1a: Dragapult|Phantom Force||[still]\n|-prepare|p1a: Dragapult|Phantom Force\n|move|p2a: This Muh|Pyro Ball|p1a: Dragapult|[miss]\n|-miss|p2a: This Muh|p1a: Dragapult\n|\n|-heal|p1a: Dragapult|13\/100|[from] item: Leftovers\n|upkeep\n|turn|18\n|\n|t:|1700439040\n|move|p1a: Dragapult|Phantom Force|p2a: This Muh|[from]lockedmove\n|-damage|p2a: This Muh|10\/100\n|move|p2a: This Muh|Pyro Ball|p1a: Dragapult\n|-resisted|p1a: Dragapult\n|-damage|p1a: Dragapult|0 fnt\n|faint|p1a: Dragapult\n|\n|upkeep\n|c|\u2606Jaekling|bum bum ba dum\n|c|\u2606Jaekling|baaaaaaaaaaaaaa\n|c|\u2606mastershednija69|why do u have bulk?\n|c|\u2606Jaekling|im that muh\n|\n|t:|1700439069\n|switch|p1a: Muk|Muk-Alola, F|100\/100\n|-damage|p1a: Muk|84\/100|[from] Spikes\n|-damage|p1a: Muk|72\/100|[from] Stealth Rock\n|turn|19\n|c|\u2606Jaekling|idk bro\n|\n|t:|1700439084\n|move|p1a: Muk|Shadow Sneak|p2a: This Muh\n|-damage|p2a: This Muh|0 fnt\n|faint|p2a: This Muh\n|\n|upkeep\n|\n|t:|1700439088\n|switch|p2a: IRON E|Garganacl, M|100\/100\n|turn|20\n|\n|t:|1700439094\n|move|p1a: Muk|Gunk Shot|p2a: IRON E\n|-resisted|p2a: IRON E\n|-damage|p2a: IRON E|84\/100\n|move|p2a: IRON E|Salt Cure|p1a: Muk\n|-damage|p1a: Muk|58\/100\n|-start|p1a: Muk|Salt Cure\n|\n|-heal|p2a: IRON E|91\/100|[from] item: Leftovers\n|-damage|p1a: Muk|45\/100|[from] Salt Cure\n|upkeep\n|turn|21\n|\n|t:|1700439103\n|move|p1a: Muk|Knock Off|p2a: IRON E\n|-crit|p2a: IRON E\n|-damage|p2a: IRON E|52\/100\n|-enditem|p2a: IRON E|Leftovers|[from] move: Knock Off|[of] p1a: Muk\n|move|p2a: IRON E|Body Press|p1a: Muk\n|-damage|p1a: Muk|16\/100\n|\n|-damage|p1a: Muk|4\/100|[from] Salt Cure\n|upkeep\n|turn|22\n|\n|t:|1700439111\n|move|p1a: Muk|Gunk Shot|p2a: IRON E\n|-resisted|p2a: IRON E\n|-damage|p2a: IRON E|37\/100\n|move|p2a: IRON E|Recover|p2a: IRON E\n|-heal|p2a: IRON E|87\/100\n|\n|-damage|p1a: Muk|0 fnt|[from] Salt Cure\n|faint|p1a: Muk\n|upkeep\n|\n|t:|1700439151\n|switch|p1a: Manaphy|Manaphy|28\/100\n|-damage|p1a: Manaphy|12\/100|[from] Spikes\n|-damage|p1a: Manaphy|0 fnt|[from] Stealth Rock\n|faint|p1a: Manaphy\n|c|\u2606mastershednija69|poop\n|\n|t:|1700439160\n|switch|p1a: Enamorus|Enamorus, F|3\/100\n|turn|23\n|\n|t:|1700439167\n|move|p1a: Enamorus|Grass Knot|p2a: IRON E\n|-supereffective|p2a: IRON E\n|-damage|p2a: IRON E|11\/100\n|move|p2a: IRON E|Body Press|p1a: Enamorus\n|-resisted|p1a: Enamorus\n|-damage|p1a: Enamorus|0 fnt\n|faint|p1a: Enamorus\n|\n|upkeep\n|\n|t:|1700439172\n|switch|p1a: Slaking|Slaking, M|100\/100\n|-damage|p1a: Slaking|84\/100|[from] Spikes\n|-damage|p1a: Slaking|71\/100|[from] Stealth Rock\n|turn|24\n|\n|t:|1700439180\n|move|p1a: Slaking|Earthquake|p2a: IRON E\n|-supereffective|p2a: IRON E\n|-damage|p2a: IRON E|0 fnt\n|faint|p2a: IRON E\n|\n|upkeep\n|l| hatev2\n|\n|t:|1700439185\n|switch|p2a: This Dude|Great Tusk|100\/100\n|-enditem|p2a: This Dude|Booster Energy\n|-activate|p2a: This Dude|ability: Protosynthesis|[fromitem]\n|-start|p2a: This Dude|protosynthesisspe\n|turn|25\n|\n|t:|1700439192\n|move|p2a: This Dude|Close Combat|p1a: Slaking\n|-supereffective|p1a: Slaking\n|-damage|p1a: Slaking|0 fnt\n|-unboost|p2a: This Dude|def|1\n|-unboost|p2a: This Dude|spd|1\n|faint|p1a: Slaking\n|\n|win|Jaekling\n|l|\u2606mastershednija69\n","uploadtime":1700439211,"views":18,"p1id":"mastershednija69","p2id":"jaekling","formatid":"gen9ubers","rating":0,"private":0,"password":""}