{"id":"gen9ubers-1973333145","p1":"DoctorSnowman","p2":"Treniam","format":"[Gen 9] Ubers","log":"|j|\u2606DoctorSnowman\n|j|\u2606Treniam\n|t:|1697956296\n|gametype|singles\n|player|p1|DoctorSnowman|1|\n|player|p2|Treniam|plasmagrunt|\n|teamsize|p1|6\n|teamsize|p2|6\n|gen|9\n|tier|[Gen 9] Ubers\n|rule|Sleep Clause Mod: Limit one foe put to sleep\n|rule|Species Clause: Limit one of each Pok\u00e9mon\n|rule|OHKO Clause: OHKO moves are banned\n|rule|Evasion Items Clause: Evasion items are banned\n|rule|Evasion Moves Clause: Evasion moves are banned\n|rule|Endless Battle Clause: Forcing endless battles is banned\n|rule|HP Percentage Mod: HP is shown in percentages\n|clearpoke\n|poke|p1|Great Tusk|\n|poke|p1|Noivern, F|\n|poke|p1|Azumarill, M|\n|poke|p1|Quagsire, F|\n|poke|p1|Jolteon, F|\n|poke|p1|Espeon, M|\n|poke|p2|Politoed, F|\n|poke|p2|Zapdos|\n|poke|p2|Basculegion-F, F|\n|poke|p2|Beartic, M|\n|poke|p2|Shiftry, M|\n|poke|p2|Farigiraf, M|\n|teampreview\n|c|\u2606DoctorSnowman|glhf\n|c|\u2606Treniam|Gl Hf!\n|j| stealthr2\n|j| NicNeg\n|j| Immortal bear\n|\n|t:|1697956332\n|start\n|switch|p1a: Quagsire|Quagsire, F|100\/100\n|switch|p2a: Ribbit|Politoed, F, shiny|100\/100\n|-weather|RainDance|[from] ability: Drizzle|[of] p2a: Ribbit\n|turn|1\n|j| thatguy_313\n|\n|t:|1697956345\n|move|p2a: Ribbit|Encore||[still]\n|-fail|p2a: Ribbit\n|move|p1a: Quagsire|Stealth Rock|p2a: Ribbit\n|-sidestart|p2: Treniam|move: Stealth Rock\n|\n|-weather|RainDance|[upkeep]\n|upkeep\n|turn|2\n|\n|t:|1697956358\n|move|p2a: Ribbit|Encore|p1a: Quagsire\n|-start|p1a: Quagsire|Encore\n|move|p1a: Quagsire|Stealth Rock||[still]\n|-fail|p1a: Quagsire\n|\n|-weather|RainDance|[upkeep]\n|upkeep\n|turn|3\n|\n|t:|1697956376\n|switch|p2a: Swish Swish|Shiftry, M|100\/100\n|-damage|p2a: Swish Swish|88\/100|[from] Stealth Rock\n|switch|p1a: Jolteon|Jolteon, F, shiny|100\/100\n|\n|-weather|RainDance|[upkeep]\n|upkeep\n|turn|4\n|\n|t:|1697956385\n|-terastallize|p1a: Jolteon|Flying\n|move|p1a: Jolteon|Tera Blast|p2a: Swish Swish|[anim] Tera Blast Flying\n|-supereffective|p2a: Swish Swish\n|-damage|p2a: Swish Swish|0 fnt\n|faint|p2a: Swish Swish\n|-damage|p1a: Jolteon|91\/100|[from] item: Life Orb\n|\n|-weather|RainDance|[upkeep]\n|upkeep\n|\n|t:|1697956392\n|switch|p2a: Bzzzzzzzz|Zapdos|100\/100\n|turn|5\n|\n|t:|1697956403\n|move|p1a: Jolteon|Volt Switch|p2a: Bzzzzzzzz\n|-damage|p2a: Bzzzzzzzz|48\/100\n|-damage|p1a: Jolteon|81\/100|[from] item: Life Orb\n|\n|t:|1697956421\n|switch|p1a: Great Tusk|Great Tusk|100\/100|[from] Volt Switch\n|move|p2a: Bzzzzzzzz|Thunderbolt|p1a: Great Tusk\n|-immune|p1a: Great Tusk\n|\n|-weather|RainDance|[upkeep]\n|upkeep\n|turn|6\n|\n|t:|1697956460\n|move|p2a: Bzzzzzzzz|Hurricane|p1a: Great Tusk\n|-supereffective|p1a: Great Tusk\n|-damage|p1a: Great Tusk|0 fnt\n|faint|p1a: Great Tusk\n|-end|p1a: Great Tusk|Protosynthesis|[silent]\n|\n|-weather|RainDance|[upkeep]\n|upkeep\n|\n|t:|1697956482\n|switch|p1a: Jolteon|Jolteon, F, shiny, tera:Flying|81\/100\n|turn|7\n|\n|t:|1697956492\n|move|p1a: Jolteon|Volt Switch|p2a: Bzzzzzzzz\n|-damage|p2a: Bzzzzzzzz|0 fnt\n|faint|p2a: Bzzzzzzzz\n|-damage|p1a: Jolteon|71\/100|[from] item: Life Orb\n|\n|t:|1697956507\n|switch|p1a: Noivern|Noivern, F|100\/100|[from] Volt Switch\n|\n|-weather|RainDance|[upkeep]\n|upkeep\n|\n|t:|1697956526\n|switch|p2a: Ribbit|Politoed, F, shiny|100\/100\n|-damage|p2a: Ribbit|88\/100|[from] Stealth Rock\n|turn|8\n|\n|t:|1697956544\n|move|p1a: Noivern|Draco Meteor|p2a: Ribbit\n|-damage|p2a: Ribbit|38\/100\n|-unboost|p1a: Noivern|spa|2\n|move|p2a: Ribbit|Surf|p1a: Noivern\n|-resisted|p1a: Noivern\n|-damage|p1a: Noivern|72\/100\n|\n|-weather|none\n|upkeep\n|turn|9\n|\n|t:|1697956560\n|move|p1a: Noivern|U-turn|p2a: Ribbit\n|-damage|p2a: Ribbit|29\/100\n|\n|t:|1697956572\n|switch|p1a: Azumarill|Azumarill, M, shiny|100\/100|[from] U-turn\n|move|p2a: Ribbit|Rain Dance|p2a: Ribbit\n|-weather|RainDance\n|\n|-weather|RainDance|[upkeep]\n|upkeep\n|turn|10\n|\n|t:|1697956583\n|move|p2a: Ribbit|Encore||[still]\n|-fail|p2a: Ribbit\n|move|p1a: Azumarill|Play Rough|p2a: Ribbit\n|-damage|p2a: Ribbit|0 fnt\n|faint|p2a: Ribbit\n|\n|-weather|RainDance|[upkeep]\n|upkeep\n|\n|t:|1697956613\n|switch|p2a: Brrrrrr|Beartic, M|100\/100\n|-damage|p2a: Brrrrrr|76\/100|[from] Stealth Rock\n|turn|11\n|\n|t:|1697956627\n|move|p2a: Brrrrrr|Icicle Crash|p1a: Azumarill\n|-resisted|p1a: Azumarill\n|-crit|p1a: Azumarill\n|-damage|p1a: Azumarill|60\/100\n|-damage|p2a: Brrrrrr|66\/100|[from] item: Life Orb\n|move|p1a: Azumarill|Play Rough|p2a: Brrrrrr\n|-damage|p2a: Brrrrrr|0 fnt\n|faint|p2a: Brrrrrr\n|\n|-weather|RainDance|[upkeep]\n|upkeep\n|\n|t:|1697956637\n|switch|p2a: Loooooooong|Farigiraf, M, shiny|100\/100\n|-damage|p2a: Loooooooong|88\/100|[from] Stealth Rock\n|turn|12\n|\n|t:|1697956652\n|move|p2a: Loooooooong|Stored Power|p1a: Azumarill\n|-damage|p1a: Azumarill|49\/100\n|-enditem|p1a: Azumarill|Sitrus Berry|[eat]\n|-heal|p1a: Azumarill|74\/100|[from] item: Sitrus Berry\n|move|p1a: Azumarill|Play Rough|p2a: Loooooooong\n|-damage|p2a: Loooooooong|24\/100\n|-enditem|p2a: Loooooooong|Sitrus Berry|[eat]\n|-heal|p2a: Loooooooong|49\/100|[from] item: Sitrus Berry\n|\n|-weather|RainDance|[upkeep]\n|upkeep\n|turn|13\n|\n|t:|1697956665\n|move|p2a: Loooooooong|Stored Power|p1a: Azumarill\n|-damage|p1a: Azumarill|62\/100\n|move|p1a: Azumarill|Play Rough|p2a: Loooooooong\n|-damage|p2a: Loooooooong|0 fnt\n|faint|p2a: Loooooooong\n|\n|-weather|RainDance|[upkeep]\n|upkeep\n|l| Immortal bear\n|\n|t:|1697956672\n|switch|p2a: Blub Blub|Basculegion-F, F, shiny|100\/100\n|-damage|p2a: Blub Blub|88\/100|[from] Stealth Rock\n|turn|14\n|\n|t:|1697956691\n|move|p1a: Azumarill|Aqua Jet|p2a: Blub Blub\n|-resisted|p2a: Blub Blub\n|-damage|p2a: Blub Blub|66\/100\n|move|p2a: Blub Blub|Shadow Ball|p1a: Azumarill\n|-damage|p1a: Azumarill|3\/100\n|\n|-weather|RainDance|[upkeep]\n|upkeep\n|turn|15\n|\n|t:|1697956699\n|move|p2a: Blub Blub|Shadow Ball|p1a: Azumarill\n|-damage|p1a: Azumarill|0 fnt\n|faint|p1a: Azumarill\n|\n|-weather|RainDance|[upkeep]\n|upkeep\n|\n|t:|1697956716\n|switch|p1a: Espeon|Espeon, M|100\/100\n|turn|16\n|\n|t:|1697956726\n|move|p2a: Blub Blub|Shadow Ball|p1a: Espeon\n|-supereffective|p1a: Espeon\n|-damage|p1a: Espeon|0 fnt\n|faint|p1a: Espeon\n|\n|-weather|none\n|upkeep\n|\n|t:|1697956739\n|switch|p1a: Jolteon|Jolteon, F, shiny, tera:Flying|71\/100\n|turn|17\n|\n|t:|1697956753\n|move|p1a: Jolteon|Thunderbolt|p2a: Blub Blub\n|-supereffective|p2a: Blub Blub\n|-damage|p2a: Blub Blub|0 fnt\n|faint|p2a: Blub Blub\n|-damage|p1a: Jolteon|61\/100|[from] item: Life Orb\n|\n|win|DoctorSnowman\n|c|\u2606DoctorSnowman|gg\n|l| NicNeg\n|c|\u2606Treniam|gg\n|l| stealthr2\n","uploadtime":1697956772,"views":44,"p1id":"doctorsnowman","p2id":"treniam","formatid":"gen9ubers","rating":0,"private":0,"password":""}