{"id":"gen9ubers-1995882425","p1":"legralex","p2":"BrotherBob252","format":"[Gen 9] Ubers","log":"|j|\u2606legralex\n|j|\u2606BrotherBob252\n|t:|1700613168\n|gametype|singles\n|player|p1|legralex|265|\n|player|p2|BrotherBob252|265|\n|teamsize|p1|6\n|teamsize|p2|6\n|gen|9\n|tier|[Gen 9] Ubers\n|rule|Sleep Clause Mod: Limit one foe put to sleep\n|rule|Species Clause: Limit one of each Pok\u00e9mon\n|rule|OHKO Clause: OHKO moves are banned\n|rule|Evasion Items Clause: Evasion items are banned\n|rule|Evasion Moves Clause: Evasion moves are banned\n|rule|Endless Battle Clause: Forcing endless battles is banned\n|rule|HP Percentage Mod: HP is shown in percentages\n|clearpoke\n|poke|p1|Greninja-*, F|\n|poke|p1|Rillaboom, F|\n|poke|p1|Infernape, M|\n|poke|p1|Clawitzer, F|\n|poke|p1|Ting-Lu|\n|poke|p1|Maushold|\n|poke|p2|Skuntank, F|\n|poke|p2|Iron Bundle|\n|poke|p2|Landorus-Therian, M|\n|poke|p2|Enamorus, F|\n|poke|p2|Annihilape, M|\n|poke|p2|Bisharp, M|\n|teampreview\n|j| stonehandsmagee\n|c|\u2606legralex|let us know when u ready\n|j| jacob--boomer\n|c|\u2606BrotherBob252|no\n|c| stonehandsmagee|we here\n|n| jacob--boomer|jacobboomer\n|c| jacob--boomer|we all ready\n|c|\u2606BrotherBob252|same\n|\n|t:|1700613270\n|start\n|switch|p1a: Infernape|Infernape, M|100\/100\n|switch|p2a: Ugly Dog|Landorus-Therian, M|100\/100\n|-ability|p2a: Ugly Dog|Intimidate|boost\n|-unboost|p1a: Infernape|atk|1\n|turn|1\n|c| stonehandsmagee|no nicknames?\n|c| stonehandsmagee|disgraceful\n|c|\u2606legralex|oop\n|c| jacob--boomer|LMAO\n|\n|t:|1700613309\n|switch|p1a: Ting-Lu|Ting-Lu|100\/100\n|-ability|p1a: Ting-Lu|Vessel of Ruin\n|move|p2a: Ugly Dog|U-turn|p1a: Ting-Lu\n|-supereffective|p1a: Ting-Lu\n|-damage|p1a: Ting-Lu|72\/100\n|c|\u2606legralex|it wouldnt be a draft if i didnt foget week 1\n|\n|t:|1700613347\n|switch|p2a: Twink Lord|Enamorus, F|100\/100|[from] U-turn\n|\n|upkeep\n|turn|2\n|\n|t:|1700613391\n|move|p2a: Twink Lord|Calm Mind|p2a: Twink Lord\n|-boost|p2a: Twink Lord|spa|1\n|-boost|p2a: Twink Lord|spd|1\n|move|p1a: Ting-Lu|Ruination|p2a: Twink Lord\n|-damage|p2a: Twink Lord|51\/100\n|\n|upkeep\n|turn|3\n|\n|t:|1700613411\n|move|p2a: Twink Lord|Moonblast|p1a: Ting-Lu\n|-supereffective|p1a: Ting-Lu\n|-damage|p1a: Ting-Lu|9\/100\n|-unboost|p1a: Ting-Lu|spa|1\n|move|p1a: Ting-Lu|Ruination|p2a: Twink Lord\n|-damage|p2a: Twink Lord|26\/100\n|\n|upkeep\n|turn|4\n|\n|t:|1700613439\n|move|p2a: Twink Lord|Moonblast|p1a: Ting-Lu\n|-supereffective|p1a: Ting-Lu\n|-crit|p1a: Ting-Lu\n|-damage|p1a: Ting-Lu|0 fnt\n|faint|p1a: Ting-Lu\n|\n|upkeep\n|\n|t:|1700613445\n|switch|p1a: Rillaboom|Rillaboom, F|100\/100\n|-fieldstart|move: Grassy Terrain|[from] ability: Grassy Surge|[of] p1a: Rillaboom\n|turn|5\n|\n|t:|1700613472\n|move|p1a: Rillaboom|Grassy Glide|p2a: Twink Lord\n|-resisted|p2a: Twink Lord\n|-damage|p2a: Twink Lord|0 fnt\n|faint|p2a: Twink Lord\n|\n|upkeep\n|\n|t:|1700613488\n|switch|p2a: Forehead ass|Bisharp, M|100\/100\n|turn|6\n|\n|t:|1700613515\n|switch|p1a: Infernape|Infernape, M|100\/100\n|move|p2a: Forehead ass|Swords Dance|p2a: Forehead ass\n|-boost|p2a: Forehead ass|atk|2\n|\n|upkeep\n|turn|7\n|\n|t:|1700613526\n|-terastallize|p2a: Forehead ass|Fairy\n|move|p1a: Infernape|Aura Sphere|p2a: Forehead ass\n|-resisted|p2a: Forehead ass\n|-damage|p2a: Forehead ass|77\/100\n|move|p2a: Forehead ass|Tera Blast|p1a: Infernape|[anim] Tera Blast Fairy\n|-damage|p1a: Infernape|0 fnt\n|faint|p1a: Infernape\n|\n|-heal|p2a: Forehead ass|83\/100|[from] Grassy Terrain\n|upkeep\n|c| jacob--boomer|Sheeeessshhhh\n|\n|t:|1700613570\n|switch|p1a: Rillaboom|Rillaboom, F|100\/100\n|turn|8\n|\n|t:|1700613577\n|move|p1a: Rillaboom|Wood Hammer|p2a: Forehead ass\n|-damage|p2a: Forehead ass|0 fnt\n|faint|p2a: Forehead ass\n|-damage|p1a: Rillaboom|79\/100|[from] Recoil\n|\n|-heal|p1a: Rillaboom|85\/100|[from] Grassy Terrain\n|upkeep\n|\n|t:|1700613601\n|switch|p2a: Uh-Oh Stinky|Skuntank, F|100\/100\n|turn|9\n|\n|t:|1700613625\n|switch|p1a: Maushold|Maushold|100\/100\n|move|p2a: Uh-Oh Stinky|Toxic|p1a: Maushold\n|-status|p1a: Maushold|tox\n|\n|-damage|p1a: Maushold|94\/100 tox|[from] psn\n|-fieldend|move: Grassy Terrain\n|upkeep\n|turn|10\n|\n|t:|1700613642\n|switch|p2a: Upsetty Spaghetti|Annihilape, M|100\/100\n|move|p1a: Maushold|Encore||[still]\n|-fail|p1a: Maushold\n|\n|-damage|p1a: Maushold|82\/100 tox|[from] psn\n|upkeep\n|turn|11\n|\n|t:|1700613673\n|move|p1a: Maushold|Tidy Up|p1a: Maushold\n|-boost|p1a: Maushold|atk|1\n|-boost|p1a: Maushold|spe|1\n|move|p2a: Upsetty Spaghetti|Bulk Up|p2a: Upsetty Spaghetti\n|-boost|p2a: Upsetty Spaghetti|atk|1\n|-boost|p2a: Upsetty Spaghetti|def|1\n|\n|-damage|p1a: Maushold|63\/100 tox|[from] psn\n|upkeep\n|turn|12\n|\n|t:|1700613689\n|-terastallize|p1a: Maushold|Fairy\n|move|p1a: Maushold|Encore|p2a: Upsetty Spaghetti\n|-start|p2a: Upsetty Spaghetti|Encore\n|move|p2a: Upsetty Spaghetti|Bulk Up|p2a: Upsetty Spaghetti\n|-boost|p2a: Upsetty Spaghetti|atk|1\n|-boost|p2a: Upsetty Spaghetti|def|1\n|\n|-damage|p1a: Maushold|38\/100 tox|[from] psn\n|upkeep\n|turn|13\n|\n|t:|1700613714\n|switch|p1a: Clawitzer|Clawitzer, F|100\/100\n|switch|p2a: Uh-Oh Stinky|Skuntank, F|100\/100\n|\n|upkeep\n|turn|14\n|\n|t:|1700613730\n|move|p1a: Clawitzer|Water Pulse|p2a: Uh-Oh Stinky\n|-damage|p2a: Uh-Oh Stinky|45\/100\n|-damage|p1a: Clawitzer|91\/100|[from] item: Life Orb\n|move|p2a: Uh-Oh Stinky|Toxic Spikes|p1a: Clawitzer\n|-sidestart|p1: legralex|move: Toxic Spikes\n|\n|upkeep\n|turn|15\n|\n|t:|1700613738\n|move|p1a: Clawitzer|Water Pulse|p2a: Uh-Oh Stinky\n|-damage|p2a: Uh-Oh Stinky|0 fnt\n|faint|p2a: Uh-Oh Stinky\n|-damage|p1a: Clawitzer|81\/100|[from] item: Life Orb\n|\n|upkeep\n|\n|t:|1700613752\n|switch|p2a: Santa|Iron Bundle|100\/100\n|turn|16\n|\n|t:|1700613787\n|switch|p1a: Maushold|Maushold, tera:Fairy|38\/100 tox\n|move|p2a: Santa|Freeze-Dry|p1a: Maushold\n|-damage|p1a: Maushold|0 fnt\n|faint|p1a: Maushold\n|\n|upkeep\n|\n|t:|1700613847\n|switch|p1a: Clawitzer|Clawitzer, F|81\/100\n|-status|p1a: Clawitzer|psn\n|turn|17\n|\n|t:|1700613852\n|move|p2a: Santa|Freeze-Dry|p1a: Clawitzer\n|-supereffective|p1a: Clawitzer\n|-damage|p1a: Clawitzer|0 fnt\n|faint|p1a: Clawitzer\n|\n|upkeep\n|\n|t:|1700613862\n|switch|p1a: Rillaboom|Rillaboom, F|85\/100\n|-status|p1a: Rillaboom|psn\n|-fieldstart|move: Grassy Terrain|[from] ability: Grassy Surge|[of] p1a: Rillaboom\n|turn|18\n|\n|t:|1700613872\n|move|p2a: Santa|Freeze-Dry|p1a: Rillaboom\n|-supereffective|p1a: Rillaboom\n|-damage|p1a: Rillaboom|0 fnt\n|faint|p1a: Rillaboom\n|\n|upkeep\n|\n|t:|1700613874\n|switch|p1a: Greninja|Greninja, F|100\/100\n|-status|p1a: Greninja|psn\n|turn|19\n|\n|t:|1700613882\n|move|p2a: Santa|Freeze-Dry|p1a: Greninja\n|-supereffective|p1a: Greninja\n|-damage|p1a: Greninja|0 fnt\n|faint|p1a: Greninja\n|\n|win|BrotherBob252\n|c| jacob--boomer|ope\n","uploadtime":1700613897,"views":10,"p1id":"legralex","p2id":"brotherbob252","formatid":"gen9ubers","rating":0,"private":0,"password":""}