{"id":"gen9ubers-1993413073","p1":"Thessa","p2":"Woj3poke_fan","format":"[Gen 9] Ubers","log":"|j|\u2606Thessa\n|j|\u2606Woj3poke_fan\n|t:|1700314519\n|gametype|singles\n|player|p1|Thessa|101|1154\n|player|p2|Woj3poke_fan|silver|1000\n|teamsize|p1|6\n|teamsize|p2|6\n|gen|9\n|tier|[Gen 9] Ubers\n|rated|\n|rule|Sleep Clause Mod: Limit one foe put to sleep\n|rule|Species Clause: Limit one of each Pok\u00e9mon\n|rule|OHKO Clause: OHKO moves are banned\n|rule|Evasion Items Clause: Evasion items are banned\n|rule|Evasion Moves Clause: Evasion moves are banned\n|rule|Endless Battle Clause: Forcing endless battles is banned\n|rule|HP Percentage Mod: HP is shown in percentages\n|clearpoke\n|poke|p1|Ariados, M|\n|poke|p1|Iron Moth|\n|poke|p1|Overqwil, F|\n|poke|p1|Gengar, F|\n|poke|p1|Sneasler, M|\n|poke|p1|Muk-Alola, F|\n|poke|p2|Dondozo, F|\n|poke|p2|Chien-Pao|\n|poke|p2|Gliscor, M|\n|poke|p2|Iron Hands|\n|poke|p2|Amoonguss, M|\n|poke|p2|Flutter Mane|\n|teampreview\n|c|\u2606Thessa|Good Luck!\n|c|\u2606Woj3poke_fan|why you have ariados????\n|\n|t:|1700314549\n|start\n|switch|p1a: Ariados|Ariados, M|100\/100\n|switch|p2a: Gliscor|Gliscor, M, shiny|100\/100\n|turn|1\n|\n|t:|1700314556\n|move|p2a: Gliscor|Dual Wingbeat|p1a: Ariados|[miss]\n|-miss|p2a: Gliscor|p1a: Ariados\n|move|p1a: Ariados|Infestation|p2a: Gliscor\n|-resisted|p2a: Gliscor\n|-damage|p2a: Gliscor|98\/100\n|-activate|p2a: Gliscor|move: Infestation|[of] p1a: Ariados\n|\n|-damage|p2a: Gliscor|85\/100|[from] move: Infestation|[partiallytrapped]\n|-status|p2a: Gliscor|tox|[from] item: Toxic Orb\n|upkeep\n|turn|2\n|\n|t:|1700314573\n|move|p2a: Gliscor|Dual Wingbeat|p1a: Ariados\n|-supereffective|p1a: Ariados\n|-damage|p1a: Ariados|72\/100\n|-supereffective|p1a: Ariados\n|-damage|p1a: Ariados|47\/100\n|-hitcount|p1a: Ariados|2\n|move|p1a: Ariados|Sticky Web|p2a: Gliscor\n|-sidestart|p2: Woj3poke_fan|move: Sticky Web\n|\n|-heal|p1a: Ariados|53\/100|[from] item: Black Sludge\n|-heal|p2a: Gliscor|98\/100 tox|[from] ability: Poison Heal\n|-damage|p2a: Gliscor|85\/100 tox|[from] move: Infestation|[partiallytrapped]\n|upkeep\n|turn|3\n|\n|t:|1700314584\n|move|p2a: Gliscor|Dual Wingbeat|p1a: Ariados\n|-supereffective|p1a: Ariados\n|-damage|p1a: Ariados|29\/100\n|-supereffective|p1a: Ariados\n|-crit|p1a: Ariados\n|-damage|p1a: Ariados|0 fnt\n|faint|p1a: Ariados\n|-hitcount|p1: Ariados|2\n|\n|-heal|p2a: Gliscor|98\/100 tox|[from] ability: Poison Heal\n|-end|p2a: Gliscor|Infestation|[partiallytrapped]|[silent]\n|upkeep\n|\n|t:|1700314597\n|switch|p1a: Overqwil|Overqwil, F|100\/100\n|-ability|p1a: Overqwil|Intimidate|boost\n|-unboost|p2a: Gliscor|atk|1\n|turn|4\n|\n|t:|1700314605\n|move|p1a: Overqwil|Liquidation|p2a: Gliscor\n|-supereffective|p2a: Gliscor\n|-damage|p2a: Gliscor|40\/100 tox\n|-damage|p1a: Overqwil|91\/100|[from] item: Life Orb\n|move|p2a: Gliscor|Earthquake|p1a: Overqwil\n|-supereffective|p1a: Overqwil\n|-damage|p1a: Overqwil|37\/100\n|\n|-heal|p2a: Gliscor|52\/100 tox|[from] ability: Poison Heal\n|upkeep\n|turn|5\n|\n|t:|1700314618\n|switch|p2a: Iron Hands|Iron Hands|100\/100\n|-activate|p2a: Iron Hands|move: Sticky Web\n|-unboost|p2a: Iron Hands|spe|1\n|move|p1a: Overqwil|Liquidation|p2a: Iron Hands\n|-damage|p2a: Iron Hands|80\/100\n|-damage|p1a: Overqwil|27\/100|[from] item: Life Orb\n|\n|-heal|p2a: Iron Hands|86\/100|[from] item: Leftovers\n|upkeep\n|turn|6\n|\n|t:|1700314642\n|switch|p1a: Gengar|Gengar, F|100\/100\n|-item|p1a: Gengar|Air Balloon\n|move|p2a: Iron Hands|Body Press|p1a: Gengar\n|-immune|p1a: Gengar\n|\n|-heal|p2a: Iron Hands|92\/100|[from] item: Leftovers\n|upkeep\n|turn|7\n|\n|t:|1700314668\n|move|p1a: Gengar|Shadow Ball|p2a: Iron Hands\n|-damage|p2a: Iron Hands|48\/100\n|move|p2a: Iron Hands|Wild Charge|p1a: Gengar\n|-damage|p1a: Gengar|15\/100\n|-start|p2a: Iron Hands|Disable|Wild Charge|[from] ability: Cursed Body|[of] p1a: Gengar\n|-enditem|p1a: Gengar|Air Balloon\n|-damage|p2a: Iron Hands|36\/100|[from] Recoil\n|\n|-heal|p2a: Iron Hands|43\/100|[from] item: Leftovers\n|upkeep\n|turn|8\n|\n|t:|1700314681\n|move|p1a: Gengar|Shadow Ball|p2a: Iron Hands\n|-damage|p2a: Iron Hands|1\/100\n|-unboost|p2a: Iron Hands|spd|1\n|move|p2a: Iron Hands|Thunder Punch|p1a: Gengar\n|-damage|p1a: Gengar|0 fnt\n|faint|p1a: Gengar\n|\n|-heal|p2a: Iron Hands|8\/100|[from] item: Leftovers\n|upkeep\n|\n|t:|1700314702\n|switch|p1a: Sneasler|Sneasler, M|100\/100\n|turn|9\n|\n|t:|1700314706\n|move|p1a: Sneasler|Close Combat|p2a: Iron Hands\n|-damage|p2a: Iron Hands|0 fnt\n|-unboost|p1a: Sneasler|def|1\n|-unboost|p1a: Sneasler|spd|1\n|-enditem|p1a: Sneasler|White Herb\n|-clearnegativeboost|p1a: Sneasler|[silent]\n|faint|p2a: Iron Hands\n|-end|p2a: Iron Hands|Quark Drive|[silent]\n|\n|upkeep\n|\n|t:|1700314714\n|switch|p2a: Gliscor|Gliscor, M, shiny|52\/100 tox\n|turn|10\n|\n|t:|1700314722\n|-terastallize|p2a: Gliscor|Ground\n|move|p1a: Sneasler|Night Slash|p2a: Gliscor\n|-damage|p2a: Gliscor|29\/100 tox\n|move|p2a: Gliscor|Earthquake|p1a: Sneasler\n|-supereffective|p1a: Sneasler\n|-damage|p1a: Sneasler|0 fnt\n|faint|p1a: Sneasler\n|\n|-heal|p2a: Gliscor|41\/100 tox|[from] ability: Poison Heal\n|upkeep\n|\n|t:|1700314733\n|switch|p1a: Overqwil|Overqwil, F|27\/100\n|-ability|p1a: Overqwil|Intimidate|boost\n|-unboost|p2a: Gliscor|atk|1\n|turn|11\n|\n|t:|1700314742\n|switch|p2a: Dondozo|Dondozo, F|100\/100\n|-activate|p2a: Dondozo|move: Sticky Web\n|-unboost|p2a: Dondozo|spe|1\n|move|p1a: Overqwil|Liquidation|p2a: Dondozo\n|-resisted|p2a: Dondozo\n|-damage|p2a: Dondozo|89\/100\n|-damage|p1a: Overqwil|17\/100|[from] item: Life Orb\n|\n|-heal|p2a: Dondozo|95\/100|[from] item: Leftovers\n|upkeep\n|turn|12\n|\n|t:|1700314754\n|move|p1a: Overqwil|Barb Barrage|p2a: Dondozo\n|-damage|p2a: Dondozo|72\/100\n|-status|p2a: Dondozo|psn\n|-damage|p1a: Overqwil|7\/100|[from] item: Life Orb\n|move|p2a: Dondozo|Wave Crash|p1a: Overqwil\n|-damage|p1a: Overqwil|0 fnt\n|faint|p1a: Overqwil\n|-damage|p2a: Dondozo|71\/100 psn|[from] Recoil\n|\n|-heal|p2a: Dondozo|77\/100 psn|[from] item: Leftovers\n|-damage|p2a: Dondozo|65\/100 psn|[from] psn\n|upkeep\n|\n|t:|1700314767\n|switch|p1a: Iron Moth|Iron Moth|100\/100\n|-enditem|p1a: Iron Moth|Booster Energy\n|-activate|p1a: Iron Moth|ability: Quark Drive|[fromitem]\n|-start|p1a: Iron Moth|quarkdrivespa\n|turn|13\n|\n|t:|1700314787\n|-terastallize|p1a: Iron Moth|Poison\n|move|p1a: Iron Moth|Sludge Wave|p2a: Dondozo\n|-damage|p2a: Dondozo|0 fnt\n|faint|p2a: Dondozo\n|\n|upkeep\n|\n|t:|1700314794\n|switch|p2a: Gliscor|Gliscor, M, shiny, tera:Ground|41\/100 tox\n|-activate|p2a: Gliscor|move: Sticky Web\n|-unboost|p2a: Gliscor|spe|1\n|turn|14\n|\n|t:|1700314801\n|move|p1a: Iron Moth|Sludge Wave|p2a: Gliscor\n|-resisted|p2a: Gliscor\n|-damage|p2a: Gliscor|0 fnt\n|faint|p2a: Gliscor\n|\n|upkeep\n|\n|t:|1700314806\n|switch|p2a: Amoonguss|Amoonguss, M, shiny|100\/100\n|-activate|p2a: Amoonguss|move: Sticky Web\n|-unboost|p2a: Amoonguss|spe|1\n|turn|15\n|\n|t:|1700314811\n|move|p1a: Iron Moth|Fiery Dance|p2a: Amoonguss\n|-supereffective|p2a: Amoonguss\n|-damage|p2a: Amoonguss|0 fnt\n|-boost|p1a: Iron Moth|spa|1\n|faint|p2a: Amoonguss\n|\n|upkeep\n|\n|t:|1700314819\n|switch|p2a: Flutter Mane|Flutter Mane|100\/100\n|-activate|p2a: Flutter Mane|move: Sticky Web\n|-unboost|p2a: Flutter Mane|spe|1\n|turn|16\n|\n|t:|1700314826\n|move|p1a: Iron Moth|Sludge Wave|p2a: Flutter Mane\n|-damage|p2a: Flutter Mane|0 fnt\n|faint|p2a: Flutter Mane\n|-end|p2a: Flutter Mane|Protosynthesis|[silent]\n|\n|upkeep\n|\n|t:|1700314830\n|switch|p2a: Chien-Pao|Chien-Pao|100\/100\n|-activate|p2a: Chien-Pao|move: Sticky Web\n|-unboost|p2a: Chien-Pao|spe|1\n|-ability|p2a: Chien-Pao|Sword of Ruin\n|turn|17\n|\n|t:|1700314840\n|move|p1a: Iron Moth|Fiery Dance|p2a: Chien-Pao\n|-supereffective|p2a: Chien-Pao\n|-enditem|p2a: Chien-Pao|Focus Sash\n|-damage|p2a: Chien-Pao|1\/100\n|-boost|p1a: Iron Moth|spa|1\n|move|p2a: Chien-Pao|Icicle Crash|p1a: Iron Moth\n|-damage|p1a: Iron Moth|0 fnt\n|faint|p1a: Iron Moth\n|-end|p1a: Iron Moth|Quark Drive|[silent]\n|\n|upkeep\n|\n|t:|1700314849\n|switch|p1a: Muk|Muk-Alola, F|100\/100\n|turn|18\n|\n|t:|1700314854\n|move|p1a: Muk|Shadow Sneak|p2a: Chien-Pao\n|-resisted|p2a: Chien-Pao\n|-damage|p2a: Chien-Pao|0 fnt\n|faint|p2a: Chien-Pao\n|\n|win|Thessa\n|raw|Thessa's rating: 1154 &rarr; <strong>1169<\/strong><br \/>(+15 for winning)\n|raw|Woj3poke_fan's rating: 1000 &rarr; <strong>1000<\/strong><br \/>(+0 for losing)\n","uploadtime":1700314861,"views":13,"p1id":"thessa","p2id":"woj3pokefan","formatid":"gen9ubers","rating":1000,"private":0,"password":""}