{"id":"gen9ubers-1986936932","p1":"Shady Icy","p2":"ateup","format":"[Gen 9] Ubers","log":"|j|\u2606Shady Icy\n|j|\u2606ateup\n|t:|1699542603\n|gametype|singles\n|player|p1|Shady Icy|chili|\n|player|p2|ateup|pokemaniac|\n|teamsize|p1|6\n|teamsize|p2|6\n|gen|9\n|tier|[Gen 9] Ubers\n|rule|Sleep Clause Mod: Limit one foe put to sleep\n|rule|Species Clause: Limit one of each Pok\u00e9mon\n|rule|OHKO Clause: OHKO moves are banned\n|rule|Evasion Items Clause: Evasion items are banned\n|rule|Evasion Moves Clause: Evasion moves are banned\n|rule|Endless Battle Clause: Forcing endless battles is banned\n|rule|HP Percentage Mod: HP is shown in percentages\n|clearpoke\n|poke|p1|Palkia-Origin|\n|poke|p1|Magearna|\n|poke|p1|Cyclizar, F|\n|poke|p1|Dialga-Origin|\n|poke|p1|Shaymin-Sky|\n|poke|p1|Landorus, M|\n|poke|p2|Greninja-*, F|\n|poke|p2|Zacian-*|\n|poke|p2|Arceus-Ghost|\n|poke|p2|Dialga|\n|poke|p2|Palafin, M|\n|poke|p2|Roaring Moon|\n|teampreview\n|inactive|Battle timer is ON: inactive players will automatically lose when time's up. (requested by ateup)\n|\n|t:|1699542613\n|start\n|switch|p1a: Cyclizar|Cyclizar, F|100\/100\n|switch|p2a: Greninja|Greninja, F|100\/100\n|turn|1\n|\n|t:|1699542619\n|move|p1a: Cyclizar|Shed Tail|p1a: Cyclizar\n|-start|p1a: Cyclizar|Substitute|[from] move: Shed Tail\n|-damage|p1a: Cyclizar|50\/100\n|\n|t:|1699542624\n|switch|p1a: Magearna|Magearna|100\/100|[from] Shed Tail\n|move|p2a: Greninja|Taunt|p1a: Magearna\n|-start|p2a: Greninja|typechange|Dark|[from] ability: Protean\n|-start|p1a: Magearna|move: Taunt\n|\n|upkeep\n|turn|2\n|c|\u2606ateup|fucking\n|c|\u2606Shady Icy|ehe\n|c|\u2606ateup|scarf shed taiL??\n|\n|t:|1699542648\n|switch|p2a: Zacian|Zacian|100\/100\n|-ability|p2a: Zacian|Intrepid Sword|boost\n|-boost|p2a: Zacian|atk|1\n|move|p1a: Magearna|Fleur Cannon|p2a: Zacian|[miss]\n|-miss|p1a: Magearna|p2a: Zacian\n|\n|upkeep\n|turn|3\n|\n|t:|1699542654\n|move|p2a: Zacian|Swords Dance|p2a: Zacian\n|-boost|p2a: Zacian|atk|2\n|move|p1a: Magearna|Fleur Cannon|p2a: Zacian\n|-damage|p2a: Zacian|51\/100\n|-unboost|p1a: Magearna|spa|2\n|\n|-end|p1a: Magearna|move: Taunt\n|upkeep\n|turn|4\n|c|\u2606Shady Icy|ofc\n|\n|t:|1699542668\n|move|p2a: Zacian|Close Combat|p1a: Magearna\n|-end|p1a: Magearna|Substitute\n|-unboost|p2a: Zacian|def|1\n|-unboost|p2a: Zacian|spd|1\n|-damage|p2a: Zacian|41\/100|[from] item: Life Orb\n|move|p1a: Magearna|Thunder Wave|p2a: Zacian\n|-status|p2a: Zacian|par\n|\n|upkeep\n|turn|5\n|\n|t:|1699542677\n|cant|p2a: Zacian|par\n|move|p1a: Magearna|Fleur Cannon|p2a: Zacian\n|-damage|p2a: Zacian|4\/100 par\n|-unboost|p1a: Magearna|spa|2\n|\n|upkeep\n|turn|6\n|\n|t:|1699542680\n|cant|p2a: Zacian|par\n|move|p1a: Magearna|Volt Switch|p2a: Zacian\n|-damage|p2a: Zacian|0 fnt\n|faint|p2a: Zacian\n|-ability|p1a: Magearna|Soul-Heart|boost\n|-boost|p1a: Magearna|spa|1\n|c|\u2606Shady Icy|crazy\n|c|\u2606ateup|hax\n|\n|t:|1699542688\n|switch|p1a: Shaymin|Shaymin-Sky|100\/100|[from] Volt Switch\n|\n|upkeep\n|\n|t:|1699542693\n|switch|p2a: Roaring Moon|Roaring Moon|100\/100\n|-enditem|p2a: Roaring Moon|Booster Energy\n|-activate|p2a: Roaring Moon|ability: Protosynthesis|[fromitem]\n|-start|p2a: Roaring Moon|protosynthesisspe\n|turn|7\n|\n|t:|1699542719\n|move|p2a: Roaring Moon|Dragon Dance|p2a: Roaring Moon\n|-boost|p2a: Roaring Moon|atk|1\n|-boost|p2a: Roaring Moon|spe|1\n|move|p1a: Shaymin|Leech Seed|p2a: Roaring Moon\n|-start|p2a: Roaring Moon|move: Leech Seed\n|\n|-damage|p2a: Roaring Moon|88\/100|[from] Leech Seed|[of] p1a: Shaymin\n|upkeep\n|turn|8\n|\n|t:|1699542725\n|-terastallize|p2a: Roaring Moon|Flying\n|move|p2a: Roaring Moon|Acrobatics|p1a: Shaymin\n|-supereffective|p1a: Shaymin\n|-enditem|p1a: Shaymin|Focus Sash\n|-damage|p1a: Shaymin|1\/100\n|move|p1a: Shaymin|Air Slash|p2a: Roaring Moon\n|-crit|p2a: Roaring Moon\n|-damage|p2a: Roaring Moon|31\/100\n|\n|-damage|p2a: Roaring Moon|19\/100|[from] Leech Seed|[of] p1a: Shaymin\n|-heal|p1a: Shaymin|14\/100|[silent]\n|upkeep\n|turn|9\n|\n|t:|1699542731\n|move|p2a: Roaring Moon|Acrobatics|p1a: Shaymin\n|-supereffective|p1a: Shaymin\n|-damage|p1a: Shaymin|0 fnt\n|faint|p1a: Shaymin\n|\n|upkeep\n|c|\u2606ateup|sash\n|c|\u2606ateup|ofc\n|\n|t:|1699542739\n|switch|p1a: Cyclizar|Cyclizar, F|83\/100\n|turn|10\n|\n|t:|1699542748\n|move|p2a: Roaring Moon|Acrobatics|p1a: Cyclizar\n|-damage|p1a: Cyclizar|0 fnt\n|faint|p1a: Cyclizar\n|\n|upkeep\n|c|\u2606ateup|can't use leech seed if you can't survive a hit\n|\n|t:|1699542763\n|switch|p1a: Magearna|Magearna|100\/100\n|turn|11\n|c|\u2606Shady Icy|fr\n|\n|t:|1699542768\n|move|p2a: Roaring Moon|Earthquake|p1a: Magearna\n|-supereffective|p1a: Magearna\n|-damage|p1a: Magearna|7\/100\n|move|p1a: Magearna|Volt Switch|p2a: Roaring Moon\n|-supereffective|p2a: Roaring Moon\n|-damage|p2a: Roaring Moon|0 fnt\n|faint|p2a: Roaring Moon\n|-ability|p1a: Magearna|Soul-Heart|boost\n|-boost|p1a: Magearna|spa|1\n|-end|p2a: Roaring Moon|Protosynthesis|[silent]\n|c|\u2606Shady Icy|forgot proto\n|\n|t:|1699542775\n|switch|p1a: Dialga|Dialga-Origin|100\/100|[from] Volt Switch\n|-ability|p1a: Dialga|Pressure\n|\n|upkeep\n|\n|t:|1699542779\n|switch|p2a: Dialga|Dialga|100\/100\n|-ability|p2a: Dialga|Pressure\n|turn|12\n|\n|t:|1699542786\n|move|p1a: Dialga|Draco Meteor|p2a: Dialga\n|-damage|p2a: Dialga|45\/100\n|-unboost|p1a: Dialga|spa|2\n|move|p2a: Dialga|Draco Meteor|p1a: Dialga\n|-damage|p1a: Dialga|67\/100\n|-unboost|p2a: Dialga|spa|2\n|-enditem|p2a: Dialga|Eject Pack\n|\n|t:|1699542801\n|switch|p2a: Palafin|Palafin, M|100\/100\n|\n|upkeep\n|turn|13\n|\n|t:|1699542807\n|detailschange|p2a: Palafin|Palafin-Hero, M\n|switch|p2a: Dialga|Dialga|45\/100\n|-ability|p2a: Dialga|Pressure\n|move|p1a: Dialga|Stealth Rock|p2a: Dialga\n|-sidestart|p2: ateup|move: Stealth Rock\n|\n|upkeep\n|turn|14\n|\n|t:|1699542809\n|switch|p1a: Magearna|Magearna|7\/100\n|move|p2a: Dialga|Stealth Rock|p1a: Magearna\n|-sidestart|p1: Shady Icy|move: Stealth Rock\n|\n|-heal|p1a: Magearna|13\/100|[from] item: Leftovers\n|upkeep\n|turn|15\n|\n|t:|1699542814\n|move|p2a: Dialga|Earth Power|p1a: Magearna\n|-supereffective|p1a: Magearna\n|-damage|p1a: Magearna|0 fnt\n|faint|p1a: Magearna\n|\n|upkeep\n|\n|t:|1699542823\n|switch|p1a: Landorus|Landorus, M|100\/100\n|-damage|p1a: Landorus|88\/100|[from] Stealth Rock\n|turn|16\n|\n|t:|1699542827\n|move|p1a: Landorus|Earth Power|p2a: Dialga\n|-supereffective|p2a: Dialga\n|-damage|p2a: Dialga|0 fnt\n|faint|p2a: Dialga\n|\n|upkeep\n|\n|t:|1699542834\n|switch|p2a: Greninja|Greninja, F|100\/100\n|-damage|p2a: Greninja|88\/100|[from] Stealth Rock\n|turn|17\n|\n|t:|1699542837\n|move|p2a: Greninja|Ice Beam|p1a: Landorus\n|-start|p2a: Greninja|typechange|Ice|[from] ability: Protean\n|-supereffective|p1a: Landorus\n|-damage|p1a: Landorus|0 fnt\n|faint|p1a: Landorus\n|\n|upkeep\n|\n|t:|1699542838\n|switch|p1a: Palkia|Palkia-Origin|100\/100\n|-damage|p1a: Palkia|88\/100|[from] Stealth Rock\n|-ability|p1a: Palkia|Pressure\n|turn|18\n|\n|t:|1699542847\n|move|p2a: Greninja|Ice Beam|p1a: Palkia\n|-damage|p1a: Palkia|51\/100\n|move|p1a: Palkia|Hydro Pump|p2a: Greninja\n|-damage|p2a: Greninja|0 fnt\n|faint|p2a: Greninja\n|\n|upkeep\n|\n|t:|1699542849\n|switch|p2a: Palafin|Palafin-Hero, M|100\/100\n|-damage|p2a: Palafin|88\/100|[from] Stealth Rock\n|-activate|p2a: Palafin|ability: Zero to Hero\n|turn|19\n|\n|t:|1699542860\n|move|p1a: Palkia|Spacial Rend|p2a: Palafin\n|-damage|p2a: Palafin|15\/100\n|move|p2a: Palafin|Close Combat|p1a: Palkia\n|-damage|p1a: Palkia|0 fnt\n|-unboost|p2a: Palafin|def|1\n|-unboost|p2a: Palafin|spd|1\n|faint|p1a: Palkia\n|\n|upkeep\n|\n|t:|1699542862\n|switch|p1a: Dialga|Dialga-Origin|67\/100\n|-damage|p1a: Dialga|61\/100|[from] Stealth Rock\n|-ability|p1a: Dialga|Pressure\n|turn|20\n|\n|t:|1699542867\n|switch|p2a: Arceus|Arceus-Ghost|100\/100\n|-damage|p2a: Arceus|88\/100|[from] Stealth Rock\n|-terastallize|p1a: Dialga|Bug\n|move|p1a: Dialga|Flash Cannon|p2a: Arceus\n|-damage|p2a: Arceus|51\/100\n|\n|upkeep\n|turn|21\n|\n|t:|1699542871\n|move|p2a: Arceus|Judgment|p1a: Dialga\n|-damage|p1a: Dialga|27\/100\n|move|p1a: Dialga|Draco Meteor|p2a: Arceus|[miss]\n|-miss|p1a: Dialga|p2a: Arceus\n|\n|upkeep\n|turn|22\n|c|\u2606Shady Icy|dam\n|\n|t:|1699542875\n|move|p2a: Arceus|Judgment|p1a: Dialga\n|-damage|p1a: Dialga|0 fnt\n|faint|p1a: Dialga\n|\n|win|ateup\n|c|\u2606Shady Icy|gg\n|c|\u2606Shady Icy|wp\n|c|\u2606ateup|payback for that double para\n|c|\u2606ateup|gg\n|l|\u2606Shady Icy\n","uploadtime":1699542886,"views":14,"p1id":"shadyicy","p2id":"ateup","formatid":"gen9ubers","rating":0,"private":0,"password":""}