{"id":"gen9ubers-1998353450","p1":"Supwill0048","p2":"ByakkoLeo","format":"[Gen 9] Ubers","log":"|j|\u2606Supwill0048\n|j|\u2606ByakkoLeo\n|t:|1700932866\n|gametype|singles\n|player|p1|Supwill0048|hiker-gen4|\n|player|p2|ByakkoLeo|chuck|\n|teamsize|p1|6\n|teamsize|p2|6\n|gen|9\n|tier|[Gen 9] Ubers\n|rule|Sleep Clause Mod: Limit one foe put to sleep\n|rule|Species Clause: Limit one of each Pok\u00e9mon\n|rule|OHKO Clause: OHKO moves are banned\n|rule|Evasion Items Clause: Evasion items are banned\n|rule|Evasion Moves Clause: Evasion moves are banned\n|rule|Endless Battle Clause: Forcing endless battles is banned\n|rule|HP Percentage Mod: HP is shown in percentages\n|clearpoke\n|poke|p1|Torkoal, F|\n|poke|p1|Klefki, F|\n|poke|p1|Great Tusk|\n|poke|p1|Flutter Mane|\n|poke|p1|Slither Wing|\n|poke|p1|Brute Bonnet|\n|poke|p2|Iron Hands|\n|poke|p2|Iron Moth|\n|poke|p2|Coalossal, F|\n|poke|p2|Garchomp, M|\n|poke|p2|Chien-Pao|\n|poke|p2|Grimmsnarl, M|\n|teampreview\n|\n|t:|1700932880\n|start\n|switch|p1a: Klefki|Klefki, F|100\/100\n|switch|p2a: Cephalos|Garchomp, M, shiny|100\/100\n|turn|1\n|\n|t:|1700932890\n|move|p1a: Klefki|Reflect|p1a: Klefki\n|-sidestart|p1: Supwill0048|Reflect\n|move|p2a: Cephalos|Stealth Rock|p1a: Klefki\n|-sidestart|p1: Supwill0048|move: Stealth Rock\n|\n|upkeep\n|turn|2\n|\n|t:|1700932896\n|move|p1a: Klefki|Spikes|p2a: Cephalos\n|-sidestart|p2: ByakkoLeo|Spikes\n|move|p2a: Cephalos|Earthquake|p1a: Klefki\n|-supereffective|p1a: Klefki\n|-crit|p1a: Klefki\n|-damage|p1a: Klefki|0 fnt\n|faint|p1a: Klefki\n|\n|upkeep\n|c|\u2606ByakkoLeo|oof crit mattered\n|\n|t:|1700932911\n|switch|p1a: Flutter Mane|Flutter Mane|100\/100\n|-damage|p1a: Flutter Mane|88\/100|[from] Stealth Rock\n|turn|3\n|\n|t:|1700932917\n|move|p1a: Flutter Mane|Moonblast|p2a: Cephalos\n|-supereffective|p2a: Cephalos\n|-damage|p2a: Cephalos|0 fnt\n|faint|p2a: Cephalos\n|\n|upkeep\n|\n|t:|1700932927\n|switch|p2a: Crazy Diamond|Grimmsnarl, M, shiny|100\/100\n|-damage|p2a: Crazy Diamond|88\/100|[from] Spikes\n|turn|4\n|\n|t:|1700932933\n|-end|p1a: Flutter Mane|Protosynthesis|[silent]\n|switch|p1a: Torkoal|Torkoal, F|100\/100\n|-damage|p1a: Torkoal|75\/100|[from] Stealth Rock\n|-weather|SunnyDay|[from] ability: Drought|[of] p1a: Torkoal\n|move|p2a: Crazy Diamond|Light Screen|p2a: Crazy Diamond\n|-sidestart|p2: ByakkoLeo|move: Light Screen\n|\n|-weather|SunnyDay|[upkeep]\n|upkeep\n|turn|5\n|\n|t:|1700932947\n|move|p2a: Crazy Diamond|Spirit Break|p1a: Torkoal\n|-resisted|p1a: Torkoal\n|-crit|p1a: Torkoal\n|-damage|p1a: Torkoal|59\/100\n|-unboost|p1a: Torkoal|spa|1\n|move|p1a: Torkoal|Rapid Spin|p2a: Crazy Diamond\n|-damage|p2a: Crazy Diamond|78\/100\n|-boost|p1a: Torkoal|spe|1\n|-sideend|p1: Supwill0048|Stealth Rock|[from] move: Rapid Spin|[of] p1a: Torkoal\n|\n|-weather|SunnyDay|[upkeep]\n|upkeep\n|turn|6\n|\n|t:|1700932965\n|move|p2a: Crazy Diamond|Reflect|p2a: Crazy Diamond\n|-sidestart|p2: ByakkoLeo|Reflect\n|move|p1a: Torkoal|Will-O-Wisp|p2a: Crazy Diamond\n|-status|p2a: Crazy Diamond|brn\n|\n|-weather|SunnyDay|[upkeep]\n|-damage|p2a: Crazy Diamond|72\/100 brn|[from] brn\n|upkeep\n|turn|7\n|\n|t:|1700932983\n|switch|p2a: Coalossal|Coalossal, F|100\/100\n|-damage|p2a: Coalossal|88\/100|[from] Spikes\n|switch|p1a: Slither Wing|Slither Wing|100\/100\n|-activate|p1a: Slither Wing|ability: Protosynthesis\n|-start|p1a: Slither Wing|protosynthesisatk\n|\n|-weather|SunnyDay|[upkeep]\n|upkeep\n|turn|8\n|\n|t:|1700932994\n|move|p1a: Slither Wing|Brick Break|p2a: Coalossal\n|-sideend|p2: ByakkoLeo|Reflect\n|-sideend|p2: ByakkoLeo|move: Light Screen\n|-supereffective|p2a: Coalossal\n|-damage|p2a: Coalossal|8\/100\n|-status|p1a: Slither Wing|brn|[from] ability: Flame Body|[of] p2a: Coalossal\n|move|p2a: Coalossal|Flamethrower|p1a: Slither Wing\n|-supereffective|p1a: Slither Wing\n|-crit|p1a: Slither Wing\n|-damage|p1a: Slither Wing|0 fnt\n|faint|p1a: Slither Wing\n|-end|p1a: Slither Wing|Protosynthesis|[silent]\n|\n|-weather|SunnyDay|[upkeep]\n|-sideend|p1: Supwill0048|Reflect\n|upkeep\n|\n|t:|1700933009\n|switch|p1a: Brute Bonnet|Brute Bonnet|100\/100\n|-activate|p1a: Brute Bonnet|ability: Protosynthesis\n|-start|p1a: Brute Bonnet|protosynthesisatk\n|turn|9\n|\n|t:|1700933016\n|move|p1a: Brute Bonnet|Sucker Punch|p2a: Coalossal\n|-damage|p2a: Coalossal|0 fnt\n|faint|p2a: Coalossal\n|\n|-weather|SunnyDay|[upkeep]\n|upkeep\n|\n|t:|1700933021\n|switch|p2a: Crazy Diamond|Grimmsnarl, M, shiny|72\/100 brn\n|-damage|p2a: Crazy Diamond|60\/100 brn|[from] Spikes\n|turn|10\n|\n|t:|1700933030\n|move|p2a: Crazy Diamond|Reflect|p2a: Crazy Diamond\n|-sidestart|p2: ByakkoLeo|Reflect\n|move|p1a: Brute Bonnet|Seed Bomb|p2a: Crazy Diamond\n|-damage|p2a: Crazy Diamond|27\/100 brn\n|\n|-weather|SunnyDay|[upkeep]\n|-damage|p2a: Crazy Diamond|21\/100 brn|[from] brn\n|upkeep\n|turn|11\n|\n|t:|1700933049\n|move|p2a: Crazy Diamond|Light Screen|p2a: Crazy Diamond\n|-sidestart|p2: ByakkoLeo|move: Light Screen\n|move|p1a: Brute Bonnet|Seed Bomb|p2a: Crazy Diamond\n|-damage|p2a: Crazy Diamond|0 fnt\n|faint|p2a: Crazy Diamond\n|\n|-weather|none\n|-end|p1a: Brute Bonnet|Protosynthesis\n|upkeep\n|\n|t:|1700933059\n|switch|p2a: Byakko Leo|Chien-Pao|100\/100\n|-damage|p2a: Byakko Leo|88\/100|[from] Spikes\n|-ability|p2a: Byakko Leo|Sword of Ruin\n|turn|12\n|\n|t:|1700933068\n|-end|p1a: Brute Bonnet|Protosynthesis|[silent]\n|switch|p1a: Torkoal|Torkoal, F|59\/100\n|-weather|SunnyDay|[from] ability: Drought|[of] p1a: Torkoal\n|move|p2a: Byakko Leo|Ice Spinner|p1a: Torkoal\n|-resisted|p1a: Torkoal\n|-damage|p1a: Torkoal|43\/100\n|\n|-weather|SunnyDay|[upkeep]\n|upkeep\n|turn|13\n|\n|t:|1700933080\n|move|p2a: Byakko Leo|Night Slash|p1a: Torkoal\n|-damage|p1a: Torkoal|13\/100\n|move|p1a: Torkoal|Will-O-Wisp|p2a: Byakko Leo\n|-status|p2a: Byakko Leo|brn\n|\n|-weather|SunnyDay|[upkeep]\n|-damage|p2a: Byakko Leo|82\/100 brn|[from] brn\n|upkeep\n|turn|14\n|\n|t:|1700933090\n|switch|p1a: Great Tusk|Great Tusk|100\/100\n|-activate|p1a: Great Tusk|ability: Protosynthesis\n|-start|p1a: Great Tusk|protosynthesisatk\n|move|p2a: Byakko Leo|Night Slash|p1a: Great Tusk\n|-resisted|p1a: Great Tusk\n|-damage|p1a: Great Tusk|93\/100\n|\n|-weather|SunnyDay|[upkeep]\n|-heal|p1a: Great Tusk|99\/100|[from] item: Leftovers\n|-damage|p2a: Byakko Leo|76\/100 brn|[from] brn\n|upkeep\n|turn|15\n|\n|t:|1700933106\n|move|p2a: Byakko Leo|Ice Spinner|p1a: Great Tusk\n|-supereffective|p1a: Great Tusk\n|-damage|p1a: Great Tusk|63\/100\n|move|p1a: Great Tusk|Play Rough|p2a: Byakko Leo\n|-supereffective|p2a: Byakko Leo\n|-damage|p2a: Byakko Leo|24\/100 brn\n|\n|-weather|SunnyDay|[upkeep]\n|-heal|p1a: Great Tusk|70\/100|[from] item: Leftovers\n|-damage|p2a: Byakko Leo|18\/100 brn|[from] brn\n|upkeep\n|turn|16\n|\n|t:|1700933119\n|move|p2a: Byakko Leo|Ice Spinner|p1a: Great Tusk\n|-supereffective|p1a: Great Tusk\n|-damage|p1a: Great Tusk|31\/100\n|move|p1a: Great Tusk|Stealth Rock|p2a: Byakko Leo\n|-sidestart|p2: ByakkoLeo|move: Stealth Rock\n|\n|-weather|SunnyDay|[upkeep]\n|-heal|p1a: Great Tusk|37\/100|[from] item: Leftovers\n|-damage|p2a: Byakko Leo|12\/100 brn|[from] brn\n|upkeep\n|turn|17\n|\n|t:|1700933164\n|-end|p1a: Great Tusk|Protosynthesis|[silent]\n|switch|p1a: Flutter Mane|Flutter Mane|88\/100\n|-activate|p1a: Flutter Mane|ability: Protosynthesis\n|-start|p1a: Flutter Mane|protosynthesisspe\n|move|p2a: Byakko Leo|Ice Spinner|p1a: Flutter Mane\n|-damage|p1a: Flutter Mane|33\/100\n|\n|-weather|SunnyDay|[upkeep]\n|-damage|p2a: Byakko Leo|6\/100 brn|[from] brn\n|-sideend|p2: ByakkoLeo|Reflect\n|upkeep\n|turn|18\n|\n|t:|1700933189\n|move|p1a: Flutter Mane|Moonblast|p2a: Byakko Leo\n|-supereffective|p2a: Byakko Leo\n|-damage|p2a: Byakko Leo|0 fnt\n|faint|p2a: Byakko Leo\n|\n|-weather|SunnyDay|[upkeep]\n|-sideend|p2: ByakkoLeo|move: Light Screen\n|upkeep\n|\n|t:|1700933202\n|switch|p2a: Mecha Mothra|Iron Moth, shiny|100\/100\n|-damage|p2a: Mecha Mothra|88\/100|[from] Spikes\n|-damage|p2a: Mecha Mothra|63\/100|[from] Stealth Rock\n|turn|19\n|\n|t:|1700933220\n|-end|p1a: Flutter Mane|Protosynthesis|[silent]\n|switch|p1a: Great Tusk|Great Tusk|37\/100\n|-activate|p1a: Great Tusk|ability: Protosynthesis\n|-start|p1a: Great Tusk|protosynthesisatk\n|move|p2a: Mecha Mothra|Fiery Dance|p1a: Great Tusk\n|-crit|p1a: Great Tusk\n|-damage|p1a: Great Tusk|0 fnt\n|-boost|p2a: Mecha Mothra|spa|1\n|faint|p1a: Great Tusk\n|-end|p1a: Great Tusk|Protosynthesis|[silent]\n|\n|-weather|none\n|upkeep\n|\n|t:|1700933232\n|switch|p1a: Torkoal|Torkoal, F|13\/100\n|-weather|SunnyDay|[from] ability: Drought|[of] p1a: Torkoal\n|turn|20\n|\n|t:|1700933245\n|move|p2a: Mecha Mothra|Fiery Dance|p1a: Torkoal\n|-resisted|p1a: Torkoal\n|-damage|p1a: Torkoal|0 fnt\n|-boost|p2a: Mecha Mothra|spa|1\n|faint|p1a: Torkoal\n|\n|-weather|SunnyDay|[upkeep]\n|upkeep\n|\n|t:|1700933254\n|switch|p1a: Flutter Mane|Flutter Mane|33\/100\n|-activate|p1a: Flutter Mane|ability: Protosynthesis\n|-start|p1a: Flutter Mane|protosynthesisspe\n|turn|21\n|\n|t:|1700933259\n|move|p1a: Flutter Mane|Psyshock|p2a: Mecha Mothra\n|-supereffective|p2a: Mecha Mothra\n|-damage|p2a: Mecha Mothra|0 fnt\n|faint|p2a: Mecha Mothra\n|-end|p2a: Mecha Mothra|Quark Drive|[silent]\n|\n|-weather|SunnyDay|[upkeep]\n|upkeep\n|\n|t:|1700933261\n|switch|p2a: Golden Gloves|Iron Hands|100\/100\n|-damage|p2a: Golden Gloves|88\/100|[from] Spikes\n|-damage|p2a: Golden Gloves|82\/100|[from] Stealth Rock\n|turn|22\n|\n|t:|1700933270\n|move|p1a: Flutter Mane|Psyshock|p2a: Golden Gloves\n|-supereffective|p2a: Golden Gloves\n|-damage|p2a: Golden Gloves|24\/100\n|move|p2a: Golden Gloves|Earthquake|p1a: Flutter Mane\n|-damage|p1a: Flutter Mane|0 fnt\n|faint|p1a: Flutter Mane\n|-end|p1a: Flutter Mane|Protosynthesis|[silent]\n|-damage|p2a: Golden Gloves|15\/100|[from] item: Life Orb\n|\n|-weather|SunnyDay|[upkeep]\n|upkeep\n|\n|t:|1700933280\n|switch|p1a: Brute Bonnet|Brute Bonnet|100\/100\n|-activate|p1a: Brute Bonnet|ability: Protosynthesis\n|-start|p1a: Brute Bonnet|protosynthesisatk\n|turn|23\n|\n|t:|1700933293\n|-terastallize|p1a: Brute Bonnet|Electric\n|move|p1a: Brute Bonnet|Seed Bomb|p2a: Golden Gloves\n|-damage|p2a: Golden Gloves|0 fnt\n|faint|p2a: Golden Gloves\n|-end|p2a: Golden Gloves|Quark Drive|[silent]\n|\n|win|Supwill0048\n","uploadtime":1700933306,"views":7,"p1id":"supwill0048","p2id":"byakkoleo","formatid":"gen9ubers","rating":0,"private":0,"password":""}