{"id":"gen9ubers-1973134470","p1":"OsirisGrimm","p2":"darkmoju","format":"[Gen 9] Ubers","log":"|j|\u2606OsirisGrimm\n|j|\u2606darkmoju\n|t:|1697931463\n|gametype|singles\n|player|p1|OsirisGrimm|1|\n|player|p2|darkmoju|ghetsis-gen5bw|\n|teamsize|p1|6\n|teamsize|p2|6\n|gen|9\n|tier|[Gen 9] Ubers\n|rule|Sleep Clause Mod: Limit one foe put to sleep\n|rule|Species Clause: Limit one of each Pok\u00e9mon\n|rule|OHKO Clause: OHKO moves are banned\n|rule|Evasion Items Clause: Evasion items are banned\n|rule|Evasion Moves Clause: Evasion moves are banned\n|rule|Endless Battle Clause: Forcing endless battles is banned\n|rule|HP Percentage Mod: HP is shown in percentages\n|clearpoke\n|poke|p1|Annihilape, M|\n|poke|p1|Houndstone, F|\n|poke|p1|Palafin, F|\n|poke|p1|Flutter Mane|\n|poke|p1|Espathra, F|\n|poke|p1|Chi-Yu|\n|poke|p2|Dialga-Origin|\n|poke|p2|Palkia-Origin|\n|poke|p2|Giratina-Origin|\n|poke|p2|Arceus|\n|poke|p2|Groudon|\n|poke|p2|Eternatus|\n|teampreview\n|j| Sonad~\n|c|\u2606OsirisGrimm|Ohhh k we wee taking the terms uber seriously XD\n|c|\u2606darkmoju|1 min\n|j| Hand0fD00m\n|j| Yangsta\n|c|\u2606OsirisGrimm|Kk i send the link out\n|c| Yangsta|gl hf guys!\n|c| Hand0fD00m|gl guys!\n|c|\u2606darkmoju|glhf\n|\n|t:|1697931570\n|start\n|switch|p1a: Palafin|Palafin, F|100\/100\n|switch|p2a: Groudon|Groudon|100\/100\n|-weather|SunnyDay|[from] ability: Drought|[of] p2a: Groudon\n|turn|1\n|\n|t:|1697931592\n|move|p2a: Groudon|Protect|p2a: Groudon\n|-singleturn|p2a: Groudon|Protect\n|move|p1a: Palafin|Flip Turn|p2a: Groudon\n|-activate|p2a: Groudon|move: Protect\n|\n|-weather|SunnyDay|[upkeep]\n|upkeep\n|turn|2\n|c| Yangsta|proteccc\n|j| Rival Andrew\n|c| Yangsta|lets goooo\n|\n|t:|1697931600\n|switch|p2a: Palkia|Palkia-Origin|100\/100\n|-ability|p2a: Palkia|Pressure\n|move|p1a: Palafin|Flip Turn|p2a: Palkia\n|-resisted|p2a: Palkia\n|-damage|p2a: Palkia|97\/100\n|-damage|p1a: Palafin|91\/100|[from] item: Life Orb\n|\n|t:|1697931610\n|detailschange|p1a: Palafin|Palafin-Hero, F\n|switch|p1a: Flutter Mane|Flutter Mane|100\/100|[from] Flip Turn\n|-activate|p1a: Flutter Mane|ability: Protosynthesis\n|-start|p1a: Flutter Mane|protosynthesisspe\n|\n|-weather|SunnyDay|[upkeep]\n|upkeep\n|turn|3\n|\n|t:|1697931630\n|-terastallize|p2a: Palkia|Steel\n|move|p1a: Flutter Mane|Calm Mind|p1a: Flutter Mane\n|-boost|p1a: Flutter Mane|spa|1\n|-boost|p1a: Flutter Mane|spd|1\n|move|p2a: Palkia|Hydro Pump|p1a: Flutter Mane\n|-damage|p1a: Flutter Mane|79\/100\n|\n|-weather|SunnyDay|[upkeep]\n|upkeep\n|turn|4\n|\n|t:|1697931643\n|move|p1a: Flutter Mane|Shadow Ball|p2a: Palkia\n|-damage|p2a: Palkia|45\/100\n|-unboost|p2a: Palkia|spd|1\n|move|p2a: Palkia|Fire Blast|p1a: Flutter Mane\n|-damage|p1a: Flutter Mane|38\/100\n|\n|-weather|SunnyDay|[upkeep]\n|upkeep\n|turn|5\n|c| Hand0fD00m|Nathan I think you have the same 6 as Brandon lol\n|c| Yangsta|CM flutter is scary af\n|c| Yangsta|like wild af\n|\n|t:|1697931663\n|switch|p2a: Arceus|Arceus, shiny|100\/100\n|move|p1a: Flutter Mane|Shadow Ball|p2a: Arceus\n|-immune|p2a: Arceus\n|\n|-weather|none\n|-end|p1a: Flutter Mane|Protosynthesis\n|upkeep\n|-enditem|p1a: Flutter Mane|Booster Energy\n|-activate|p1a: Flutter Mane|ability: Protosynthesis|[fromitem]\n|-start|p1a: Flutter Mane|protosynthesisspa\n|turn|6\n|c| Rival Andrew|lmfao\n|c| Rival Andrew|he does\n|c| Rival Andrew|identical teams\n|\n|t:|1697931675\n|move|p1a: Flutter Mane|Draining Kiss|p2a: Arceus\n|-damage|p2a: Arceus|65\/100\n|-heal|p1a: Flutter Mane|82\/100|[from] drain|[of] p2a: Arceus\n|move|p2a: Arceus|Shadow Claw|p1a: Flutter Mane\n|-supereffective|p1a: Flutter Mane\n|-damage|p1a: Flutter Mane|0 fnt\n|faint|p1a: Flutter Mane\n|-end|p1a: Flutter Mane|Protosynthesis|[silent]\n|\n|upkeep\n|\n|t:|1697931686\n|switch|p1a: Annihilape|Annihilape, M|100\/100\n|turn|7\n|c| Hand0fD00m|holy fuck yeah even down to normal shiny arcdeus\n|c| Yangsta|bruh God came thru and shut that down wild\n|c|\u2606darkmoju|ngl i didnt have time to make my own\n|\n|t:|1697931695\n|move|p2a: Arceus|Taunt|p1a: Annihilape\n|-start|p1a: Annihilape|move: Taunt\n|cant|p1a: Annihilape|move: Taunt|Bulk Up\n|\n|upkeep\n|turn|8\n|c| Yangsta|Arceus is a legend I can't lie\n|c| Rival Andrew|@ Nathan that is so funny\n|c| Rival Andrew|\"what team is good...\n|\n|t:|1697931730\n|move|p2a: Arceus|Shadow Claw|p1a: Annihilape\n|-supereffective|p1a: Annihilape\n|-damage|p1a: Annihilape|41\/100\n|move|p1a: Annihilape|Drain Punch|p2a: Arceus\n|-supereffective|p2a: Arceus\n|-damage|p2a: Arceus|0 fnt\n|-heal|p1a: Annihilape|77\/100|[from] drain|[of] p2a: Arceus\n|faint|p2a: Arceus\n|-damage|p1a: Annihilape|67\/100|[from] item: Life Orb\n|\n|upkeep\n|c| Rival Andrew|this one beat andrew sooooo....\"\n|\n|t:|1697931743\n|switch|p2a: Groudon|Groudon|100\/100\n|-weather|SunnyDay|[from] ability: Drought|[of] p2a: Groudon\n|turn|9\n|\n|t:|1697931751\n|move|p1a: Annihilape|Drain Punch|p2a: Groudon\n|-damage|p2a: Groudon|69\/100\n|-heal|p1a: Annihilape|85\/100|[from] drain|[of] p2a: Groudon\n|-damage|p1a: Annihilape|75\/100|[from] item: Life Orb\n|move|p2a: Groudon|Will-O-Wisp|p1a: Annihilape\n|-status|p1a: Annihilape|brn\n|\n|-weather|SunnyDay|[upkeep]\n|-heal|p2a: Groudon|75\/100|[from] item: Leftovers\n|-damage|p1a: Annihilape|69\/100 brn|[from] brn\n|-end|p1a: Annihilape|move: Taunt\n|upkeep\n|turn|10\n|c| Rival Andrew|Groudon got sooo buffed this gen\n|c|\u2606darkmoju|oh i didnt know it beat you LOL\n|c| Yangsta|Annihilape DP is underrated\n|c| Yangsta|lmfaooo theres the willy\n|c| Rival Andrew|spikes + Will o wisp as new moves\n|\n|t:|1697931767\n|move|p1a: Annihilape|Bulk Up|p1a: Annihilape\n|-boost|p1a: Annihilape|atk|1\n|-boost|p1a: Annihilape|def|1\n|move|p2a: Groudon|Spikes|p1a: Annihilape\n|-sidestart|p1: OsirisGrimm|Spikes\n|\n|-weather|SunnyDay|[upkeep]\n|-heal|p2a: Groudon|82\/100|[from] item: Leftovers\n|-damage|p1a: Annihilape|63\/100 brn|[from] brn\n|upkeep\n|turn|11\n|\n|t:|1697931778\n|move|p1a: Annihilape|Bulk Up|p1a: Annihilape\n|-boost|p1a: Annihilape|atk|1\n|-boost|p1a: Annihilape|def|1\n|move|p2a: Groudon|Spikes|p1a: Annihilape\n|-sidestart|p1: OsirisGrimm|Spikes\n|\n|-weather|SunnyDay|[upkeep]\n|-heal|p2a: Groudon|88\/100|[from] item: Leftovers\n|-damage|p1a: Annihilape|56\/100 brn|[from] brn\n|upkeep\n|turn|12\n|c| Rival Andrew|plus half the paradox pokemon love sunshine\n|c| Rival Andrew|so hes a real compatible dud\n|c| Rival Andrew|e\n|\n|t:|1697931792\n|move|p1a: Annihilape|Drain Punch|p2a: Groudon\n|-damage|p2a: Groudon|58\/100\n|-heal|p1a: Annihilape|73\/100 brn|[from] drain|[of] p2a: Groudon\n|-damage|p1a: Annihilape|63\/100 brn|[from] item: Life Orb\n|move|p2a: Groudon|Precipice Blades|p1a: Annihilape\n|-damage|p1a: Annihilape|28\/100 brn\n|\n|-weather|SunnyDay|[upkeep]\n|-heal|p2a: Groudon|64\/100|[from] item: Leftovers\n|-damage|p1a: Annihilape|22\/100 brn|[from] brn\n|upkeep\n|turn|13\n|c| Rival Andrew|not dud lol\n|c| Yangsta|man the burn really did a number\n|\n|t:|1697931809\n|move|p2a: Groudon|Protect|p2a: Groudon\n|-singleturn|p2a: Groudon|Protect\n|move|p1a: Annihilape|Rage Fist|p2a: Groudon\n|-activate|p2a: Groudon|move: Protect\n|\n|-weather|none\n|-heal|p2a: Groudon|70\/100|[from] item: Leftovers\n|-damage|p1a: Annihilape|15\/100 brn|[from] brn\n|upkeep\n|turn|14\n|c| Yangsta|2 bulk ups and dmg was meh\n|\n|t:|1697931823\n|move|p1a: Annihilape|Rage Fist|p2a: Groudon\n|-damage|p2a: Groudon|5\/100\n|-damage|p1a: Annihilape|5\/100 brn|[from] item: Life Orb\n|move|p2a: Groudon|Precipice Blades|p1a: Annihilape\n|-damage|p1a: Annihilape|0 fnt\n|faint|p1a: Annihilape\n|\n|-heal|p2a: Groudon|11\/100|[from] item: Leftovers\n|upkeep\n|c| Rival Andrew|not many apes are max atk tho\n|c| Hand0fD00m|holy rage fist still hitting hard though\n|\n|t:|1697931835\n|switch|p1a: Palafin|Palafin-Hero, F|91\/100\n|-damage|p1a: Palafin|74\/100|[from] Spikes\n|-activate|p1a: Palafin|ability: Zero to Hero\n|turn|15\n|c| Yangsta|fair\n|\n|t:|1697931845\n|move|p1a: Palafin|Jet Punch|p2a: Groudon\n|-supereffective|p2a: Groudon\n|-damage|p2a: Groudon|0 fnt\n|faint|p2a: Groudon\n|-damage|p1a: Palafin|64\/100|[from] item: Life Orb\n|\n|upkeep\n|\n|t:|1697931857\n|switch|p2a: Giratina|Giratina-Origin, shiny|100\/100\n|turn|16\n|c| Yangsta|Palafin reminds me of homelander from the boys\n|c| Rival Andrew|lolol\n|c| Rival Andrew|i can see it\n|c| Rival Andrew|the color scheme\n|\n|t:|1697931885\n|move|p2a: Giratina|Draco Meteor|p1a: Palafin\n|-damage|p1a: Palafin|0 fnt\n|-unboost|p2a: Giratina|spa|2\n|faint|p1a: Palafin\n|\n|upkeep\n|c| Yangsta|lol yeah and pose\n|\n|t:|1697931893\n|switch|p1a: Chi-Yu|Chi-Yu|100\/100\n|-damage|p1a: Chi-Yu|84\/100|[from] Spikes\n|-ability|p1a: Chi-Yu|Beads of Ruin\n|turn|17\n|c| Yangsta|lmfaooo bro whipped out the draco\n|c| Rival Andrew|the heroic appearance but merciless aptitude\n|\n|t:|1697931907\n|switch|p2a: Palkia|Palkia-Origin, tera:Steel|45\/100\n|-ability|p2a: Palkia|Pressure\n|move|p1a: Chi-Yu|Dark Pulse|p2a: Palkia\n|-damage|p2a: Palkia|0 fnt\n|faint|p2a: Palkia\n|\n|upkeep\n|c| Yangsta|still anybodys game atm\n|\n|t:|1697931922\n|switch|p2a: Eternatus|Eternatus|100\/100\n|-ability|p2a: Eternatus|Pressure\n|turn|18\n|\n|t:|1697931929\n|move|p2a: Eternatus|Dynamax Cannon|p1a: Chi-Yu\n|-damage|p1a: Chi-Yu|10\/100\n|move|p1a: Chi-Yu|Dark Pulse|p2a: Eternatus\n|-damage|p2a: Eternatus|19\/100\n|\n|upkeep\n|turn|19\n|\n|t:|1697931936\n|move|p2a: Eternatus|Dynamax Cannon|p1a: Chi-Yu\n|-damage|p1a: Chi-Yu|0 fnt\n|faint|p1a: Chi-Yu\n|\n|upkeep\n|\n|t:|1697931941\n|switch|p1a: Espathra|Espathra, F|100\/100\n|-damage|p1a: Espathra|84\/100|[from] Spikes\n|turn|20\n|\n|t:|1697931950\n|move|p2a: Eternatus|Dynamax Cannon|p1a: Espathra\n|-damage|p1a: Espathra|0 fnt\n|faint|p1a: Espathra\n|\n|upkeep\n|\n|t:|1697931955\n|switch|p1a: Houndstone|Houndstone, F|100\/100\n|-damage|p1a: Houndstone|84\/100|[from] Spikes\n|turn|21\n|c| Yangsta|lol isnt dyna cannon nerfed since no more dynamax this gen\n|\n|t:|1697931962\n|move|p2a: Eternatus|Dynamax Cannon|p1a: Houndstone\n|-damage|p1a: Houndstone|4\/100\n|move|p1a: Houndstone|Play Rough|p2a: Eternatus\n|-damage|p2a: Eternatus|0 fnt\n|faint|p2a: Eternatus\n|-damage|p1a: Houndstone|0 fnt|[from] item: Life Orb\n|faint|p1a: Houndstone\n|\n|win|darkmoju\n|c| Yangsta|but its still clappin cheeks make it make sense\n|c|\u2606darkmoju|gg\n|c| Yangsta|gg!\n|c|\u2606OsirisGrimm|Gg lets go again\n|c|\u2606darkmoju|100 base power still wack\n|c|\u2606darkmoju|yeah\n|c| Hand0fD00m|ggs, what a game 1\n|l|\u2606OsirisGrimm\n","uploadtime":1697931987,"views":15,"p1id":"osirisgrimm","p2id":"darkmoju","formatid":"gen9ubers","rating":0,"private":0,"password":""}