{"id":"gen9ubers-1983464269","p1":"charrlss27","p2":"Eric Vendrell","format":"[Gen 9] Ubers","log":"|j|\u2606charrlss27\n|j|\u2606Eric Vendrell\n|t:|1699132905\n|gametype|singles\n|player|p1|charrlss27|sabrina|\n|player|p2|Eric Vendrell|1|\n|teamsize|p1|6\n|teamsize|p2|6\n|gen|9\n|tier|[Gen 9] Ubers\n|rule|Sleep Clause Mod: Limit one foe put to sleep\n|rule|Species Clause: Limit one of each Pok\u00e9mon\n|rule|OHKO Clause: OHKO moves are banned\n|rule|Evasion Items Clause: Evasion items are banned\n|rule|Evasion Moves Clause: Evasion moves are banned\n|rule|Endless Battle Clause: Forcing endless battles is banned\n|rule|HP Percentage Mod: HP is shown in percentages\n|clearpoke\n|poke|p1|Tinkaton, F|\n|poke|p1|Zoroark-Hisui, F|\n|poke|p1|Iron Thorns|\n|poke|p1|Goodra-Hisui, M|\n|poke|p1|Iron Bundle|\n|poke|p1|Annihilape, M|\n|poke|p2|Garchomp, M|\n|poke|p2|Salamence, F|\n|poke|p2|Toxapex, M|\n|poke|p2|Torterra, F|\n|poke|p2|Dragapult, F|\n|poke|p2|Tyranitar, F|\n|teampreview\n|\n|t:|1699132915\n|start\n|switch|p1a: Goodra|Goodra-Hisui, M|100\/100\n|switch|p2a: Garchomp|Garchomp, M, shiny|100\/100\n|turn|1\n|\n|t:|1699132925\n|-terastallize|p2a: Garchomp|Fairy\n|move|p2a: Garchomp|Stealth Rock|p1a: Goodra\n|-sidestart|p1: charrlss27|move: Stealth Rock\n|move|p1a: Goodra|Acid Armor|p1a: Goodra\n|-boost|p1a: Goodra|def|2\n|\n|upkeep\n|turn|2\n|\n|t:|1699132932\n|move|p1a: Goodra|Flamethrower|p2a: Garchomp\n|-damage|p2a: Garchomp|85\/100\n|-status|p2a: Garchomp|brn\n|move|p2a: Garchomp|Dragon Tail|p1a: Goodra\n|-damage|p1a: Goodra|95\/100\n|drag|p1a: Annihilape|Annihilape, M|100\/100\n|-damage|p1a: Annihilape|94\/100|[from] Stealth Rock\n|\n|-heal|p1a: Annihilape|100\/100|[from] item: Leftovers\n|-damage|p2a: Garchomp|79\/100 brn|[from] brn\n|upkeep\n|turn|3\n|\n|t:|1699132947\n|move|p2a: Garchomp|Spikes|p1a: Annihilape\n|-sidestart|p1: charrlss27|Spikes\n|move|p1a: Annihilape|Taunt|p2a: Garchomp\n|-start|p2a: Garchomp|move: Taunt\n|\n|-damage|p2a: Garchomp|73\/100 brn|[from] brn\n|upkeep\n|turn|4\n|\n|t:|1699132955\n|move|p2a: Garchomp|Earthquake|p1a: Annihilape\n|-damage|p1a: Annihilape|81\/100\n|move|p1a: Annihilape|Bulk Up|p1a: Annihilape\n|-boost|p1a: Annihilape|atk|1\n|-boost|p1a: Annihilape|def|1\n|\n|-heal|p1a: Annihilape|87\/100|[from] item: Leftovers\n|-damage|p2a: Garchomp|67\/100 brn|[from] brn\n|upkeep\n|turn|5\n|\n|t:|1699132964\n|move|p1a: Annihilape|Rage Fist|p2a: Garchomp\n|-damage|p2a: Garchomp|17\/100 brn\n|-damage|p1a: Annihilape|75\/100|[from] ability: Rough Skin|[of] p2a: Garchomp\n|-damage|p1a: Annihilape|58\/100|[from] item: Rocky Helmet|[of] p2a: Garchomp\n|move|p2a: Garchomp|Dragon Tail|p1a: Annihilape\n|-damage|p1a: Annihilape|51\/100\n|drag|p1a: Iron Thorns|Iron Thorns|100\/100\n|-damage|p1a: Iron Thorns|88\/100|[from] Stealth Rock\n|-damage|p1a: Iron Thorns|76\/100|[from] Spikes\n|-enditem|p1a: Iron Thorns|Booster Energy\n|-activate|p1a: Iron Thorns|ability: Quark Drive|[fromitem]\n|-start|p1a: Iron Thorns|quarkdriveatk\n|\n|-damage|p2a: Garchomp|11\/100 brn|[from] brn\n|upkeep\n|turn|6\n|\n|t:|1699132986\n|move|p1a: Iron Thorns|Earthquake|p2a: Garchomp\n|-damage|p2a: Garchomp|0 fnt\n|faint|p2a: Garchomp\n|\n|upkeep\n|\n|t:|1699132996\n|switch|p2a: Torterra|Torterra, F, shiny|100\/100\n|turn|7\n|\n|t:|1699133019\n|move|p1a: Iron Thorns|Dragon Dance|p1a: Iron Thorns\n|-boost|p1a: Iron Thorns|atk|1\n|-boost|p1a: Iron Thorns|spe|1\n|move|p2a: Torterra|Shell Smash|p2a: Torterra\n|-unboost|p2a: Torterra|def|1\n|-unboost|p2a: Torterra|spd|1\n|-boost|p2a: Torterra|atk|2\n|-boost|p2a: Torterra|spa|2\n|-boost|p2a: Torterra|spe|2\n|\n|upkeep\n|turn|8\n|\n|t:|1699133030\n|move|p2a: Torterra|Headlong Rush|p1a: Iron Thorns\n|-supereffective|p1a: Iron Thorns\n|-damage|p1a: Iron Thorns|0 fnt\n|-unboost|p2a: Torterra|def|1\n|-unboost|p2a: Torterra|spd|1\n|faint|p1a: Iron Thorns\n|-end|p1a: Iron Thorns|Quark Drive|[silent]\n|\n|upkeep\n|\n|t:|1699133042\n|switch|p1a: Goodra|Goodra-Hisui, M|95\/100\n|-damage|p1a: Goodra|89\/100|[from] Stealth Rock\n|-damage|p1a: Goodra|77\/100|[from] Spikes\n|turn|9\n|\n|t:|1699133057\n|move|p2a: Torterra|Headlong Rush|p1a: Goodra\n|-supereffective|p1a: Goodra\n|-damage|p1a: Goodra|0 fnt\n|-unboost|p2a: Torterra|def|1\n|-unboost|p2a: Torterra|spd|1\n|faint|p1a: Goodra\n|\n|upkeep\n|\n|t:|1699133065\n|switch|p1a: Annihilape|Annihilape, M|100\/100\n|-damage|p1a: Annihilape|88\/100|[from] Stealth Rock\n|-damage|p1a: Annihilape|76\/100|[from] Spikes\n|turn|10\n|\n|t:|1699133090\n|switch|p2a: Toxapex|Toxapex, M|100\/100\n|move|p1a: Annihilape|Flamethrower|p2a: Toxapex\n|-resisted|p2a: Toxapex\n|-damage|p2a: Toxapex|84\/100\n|\n|-heal|p2a: Toxapex|90\/100|[from] item: Black Sludge\n|upkeep\n|turn|11\n|\n|t:|1699133108\n|switch|p1a: Iron Bundle|Iron Bundle|100\/100\n|move|p2a: Toxapex|Toxic Spikes|p1a: Iron Bundle\n|-sidestart|p1: charrlss27|move: Toxic Spikes\n|\n|-heal|p2a: Toxapex|97\/100|[from] item: Black Sludge\n|upkeep\n|turn|12\n|\n|t:|1699133116\n|move|p1a: Iron Bundle|Ice Beam|p2a: Toxapex\n|-resisted|p2a: Toxapex\n|-damage|p2a: Toxapex|81\/100\n|move|p2a: Toxapex|Toxic Spikes|p1a: Iron Bundle\n|-sidestart|p1: charrlss27|move: Toxic Spikes\n|\n|-heal|p2a: Toxapex|88\/100|[from] item: Black Sludge\n|upkeep\n|turn|13\n|\n|t:|1699133128\n|move|p1a: Iron Bundle|Ice Beam|p2a: Toxapex\n|-resisted|p2a: Toxapex\n|-damage|p2a: Toxapex|71\/100\n|move|p2a: Toxapex|Venoshock|p1a: Iron Bundle\n|-damage|p1a: Iron Bundle|72\/100\n|\n|-heal|p2a: Toxapex|77\/100|[from] item: Black Sludge\n|upkeep\n|turn|14\n|\n|t:|1699133142\n|move|p1a: Iron Bundle|Hydro Pump|p2a: Toxapex\n|-resisted|p2a: Toxapex\n|-damage|p2a: Toxapex|60\/100\n|move|p2a: Toxapex|Venoshock|p1a: Iron Bundle\n|-damage|p1a: Iron Bundle|44\/100\n|\n|-heal|p2a: Toxapex|66\/100|[from] item: Black Sludge\n|upkeep\n|turn|15\n|\n|t:|1699133162\n|-end|p1a: Iron Bundle|Quark Drive|[silent]\n|switch|p1a: Tinkaton|Tinkaton, F|100\/100\n|-damage|p1a: Tinkaton|94\/100|[from] Stealth Rock\n|-ability|p1a: Tinkaton|Mold Breaker\n|-item|p1a: Tinkaton|Air Balloon\n|move|p2a: Toxapex|Recover|p2a: Toxapex\n|-heal|p2a: Toxapex|100\/100\n|\n|upkeep\n|turn|16\n|\n|t:|1699133190\n|switch|p2a: Tyranitar|Tyranitar, F, shiny|100\/100\n|-weather|Sandstorm|[from] ability: Sand Stream|[of] p2a: Tyranitar\n|move|p1a: Tinkaton|Stealth Rock|p2a: Tyranitar\n|-sidestart|p2: Eric Vendrell|move: Stealth Rock\n|\n|-weather|Sandstorm|[upkeep]\n|upkeep\n|turn|17\n|\n|t:|1699133200\n|move|p1a: Tinkaton|Ice Hammer|p2a: Tyranitar\n|-crit|p2a: Tyranitar\n|-damage|p2a: Tyranitar|80\/100\n|-unboost|p1a: Tinkaton|spe|1\n|move|p2a: Tyranitar|Earthquake|p1a: Tinkaton\n|-immune|p1a: Tinkaton\n|\n|-weather|Sandstorm|[upkeep]\n|upkeep\n|turn|18\n|\n|t:|1699133226\n|move|p1a: Tinkaton|Swords Dance|p1a: Tinkaton\n|-boost|p1a: Tinkaton|atk|2\n|move|p2a: Tyranitar|Fire Punch|p1a: Tinkaton\n|-supereffective|p1a: Tinkaton\n|-damage|p1a: Tinkaton|45\/100\n|-enditem|p1a: Tinkaton|Air Balloon\n|\n|-weather|Sandstorm|[upkeep]\n|upkeep\n|turn|19\n|\n|t:|1699133235\n|move|p1a: Tinkaton|Gigaton Hammer|p2a: Tyranitar\n|-supereffective|p2a: Tyranitar\n|-crit|p2a: Tyranitar\n|-damage|p2a: Tyranitar|0 fnt\n|faint|p2a: Tyranitar\n|\n|-weather|Sandstorm|[upkeep]\n|upkeep\n|\n|t:|1699133242\n|switch|p2a: Toxapex|Toxapex, M|100\/100\n|-damage|p2a: Toxapex|88\/100|[from] Stealth Rock\n|turn|20\n|\n|t:|1699133246\n|move|p1a: Tinkaton|Ice Hammer|p2a: Toxapex\n|-resisted|p2a: Toxapex\n|-damage|p2a: Toxapex|75\/100\n|-unboost|p1a: Tinkaton|spe|1\n|move|p2a: Toxapex|Haze|p2a: Toxapex\n|-clearallboost\n|\n|-weather|none\n|-heal|p2a: Toxapex|81\/100|[from] item: Black Sludge\n|upkeep\n|turn|21\n|\n|t:|1699133272\n|switch|p1a: Annihilape|Annihilape, M|51\/100\n|-damage|p1a: Annihilape|44\/100|[from] Stealth Rock\n|-damage|p1a: Annihilape|32\/100|[from] Spikes\n|-status|p1a: Annihilape|tox\n|move|p2a: Toxapex|Venoshock|p1a: Annihilape\n|-resisted|p1a: Annihilape\n|-damage|p1a: Annihilape|23\/100 tox\n|\n|-heal|p1a: Annihilape|29\/100 tox|[from] item: Leftovers\n|-heal|p2a: Toxapex|88\/100|[from] item: Black Sludge\n|-damage|p1a: Annihilape|23\/100 tox|[from] psn\n|upkeep\n|turn|22\n|\n|t:|1699133296\n|move|p1a: Annihilape|Rage Fist|p2a: Toxapex\n|-damage|p2a: Toxapex|25\/100\n|move|p2a: Toxapex|Venoshock|p1a: Annihilape\n|-resisted|p1a: Annihilape\n|-damage|p1a: Annihilape|14\/100 tox\n|\n|-heal|p1a: Annihilape|20\/100 tox|[from] item: Leftovers\n|-heal|p2a: Toxapex|32\/100|[from] item: Black Sludge\n|-damage|p1a: Annihilape|8\/100 tox|[from] psn\n|upkeep\n|turn|23\n|\n|t:|1699133311\n|switch|p2a: Torterra|Torterra, F, shiny|100\/100\n|-damage|p2a: Torterra|94\/100|[from] Stealth Rock\n|move|p1a: Annihilape|Bulk Up|p1a: Annihilape\n|-boost|p1a: Annihilape|atk|1\n|-boost|p1a: Annihilape|def|1\n|\n|-heal|p1a: Annihilape|14\/100 tox|[from] item: Leftovers\n|-damage|p1a: Annihilape|0 fnt|[from] psn\n|faint|p1a: Annihilape\n|upkeep\n|\n|t:|1699133323\n|switch|p1a: Tinkaton|Tinkaton, F|76\/100\n|-damage|p1a: Tinkaton|63\/100|[from] Stealth Rock\n|-damage|p1a: Tinkaton|51\/100|[from] Spikes\n|-status|p1a: Tinkaton|tox\n|turn|24\n|\n|t:|1699133345\n|move|p1a: Tinkaton|Flamethrower|p2a: Torterra\n|-supereffective|p2a: Torterra\n|-damage|p2a: Torterra|0 fnt\n|faint|p2a: Torterra\n|\n|-damage|p1a: Tinkaton|45\/100 tox|[from] psn\n|upkeep\n|\n|t:|1699133357\n|switch|p2a: Toxapex|Toxapex, M|65\/100\n|-damage|p2a: Toxapex|52\/100|[from] Stealth Rock\n|turn|25\n|\n|t:|1699133375\n|switch|p1a: Tinkaton|Tinkaton, F|45\/100\n|-damage|p1a: Tinkaton|39\/100|[from] Stealth Rock\n|-damage|p1a: Tinkaton|27\/100|[from] Spikes\n|-ability|p1a: Tinkaton|Mold Breaker\n|move|p2a: Toxapex|Recover|p2a: Toxapex\n|-heal|p2a: Toxapex|100\/100\n|\n|upkeep\n|turn|26\n|\n|t:|1699133389\n|move|p1a: Tinkaton|Gigaton Hammer|p2a: Toxapex\n|-resisted|p2a: Toxapex\n|-damage|p2a: Toxapex|85\/100\n|move|p2a: Toxapex|Venoshock|p1a: Tinkaton\n|-immune|p1a: Tinkaton\n|\n|-heal|p2a: Toxapex|91\/100|[from] item: Black Sludge\n|upkeep\n|turn|27\n|\n|t:|1699133405\n|move|p1a: Tinkaton|Swords Dance|p1a: Tinkaton\n|-boost|p1a: Tinkaton|atk|2\n|move|p2a: Toxapex|Toxic Spikes||[still]\n|-fail|p2a: Toxapex\n|\n|-heal|p2a: Toxapex|97\/100|[from] item: Black Sludge\n|upkeep\n|turn|28\n|\n|t:|1699133443\n|move|p1a: Tinkaton|Gigaton Hammer|p2a: Toxapex\n|-resisted|p2a: Toxapex\n|-damage|p2a: Toxapex|66\/100\n|move|p2a: Toxapex|Haze|p2a: Toxapex\n|-clearallboost\n|\n|-heal|p2a: Toxapex|72\/100|[from] item: Black Sludge\n|upkeep\n|turn|29\n|\n|t:|1699133466\n|switch|p1a: Tinkaton|Tinkaton, F|45\/100 tox\n|-damage|p1a: Tinkaton|33\/100 tox|[from] Stealth Rock\n|-damage|p1a: Tinkaton|20\/100 tox|[from] Spikes\n|move|p2a: Toxapex|Recover|p2a: Toxapex\n|-heal|p2a: Toxapex|100\/100\n|\n|-damage|p1a: Tinkaton|14\/100 tox|[from] psn\n|upkeep\n|turn|30\n|\n|t:|1699133476\n|move|p1a: Tinkaton|Shadow Ball|p2a: Toxapex\n|-damage|p2a: Toxapex|58\/100\n|-unboost|p2a: Toxapex|spd|1\n|move|p2a: Toxapex|Venoshock|p1a: Tinkaton\n|-resisted|p1a: Tinkaton\n|-damage|p1a: Tinkaton|0 fnt\n|replace|p1a: Zoroark|Zoroark-Hisui, F, shiny\n|-end|p1a: Zoroark|Illusion\n|faint|p1a: Zoroark\n|\n|-heal|p2a: Toxapex|64\/100|[from] item: Black Sludge\n|upkeep\n|\n|t:|1699133487\n|switch|p1a: Tinkaton|Tinkaton, F|27\/100\n|-damage|p1a: Tinkaton|21\/100|[from] Stealth Rock\n|-damage|p1a: Tinkaton|8\/100|[from] Spikes\n|-ability|p1a: Tinkaton|Mold Breaker\n|turn|31\n|\n|t:|1699133497\n|move|p1a: Tinkaton|Gigaton Hammer|p2a: Toxapex\n|-resisted|p2a: Toxapex\n|-damage|p2a: Toxapex|48\/100\n|move|p2a: Toxapex|Recover|p2a: Toxapex\n|-heal|p2a: Toxapex|98\/100\n|\n|-heal|p2a: Toxapex|100\/100|[from] item: Black Sludge\n|upkeep\n|turn|32\n|\n|t:|1699133514\n|move|p1a: Tinkaton|Swords Dance|p1a: Tinkaton\n|-boost|p1a: Tinkaton|atk|2\n|move|p2a: Toxapex|Toxic Spikes||[still]\n|-fail|p2a: Toxapex\n|\n|upkeep\n|turn|33\n|\n|t:|1699133520\n|move|p1a: Tinkaton|Gigaton Hammer|p2a: Toxapex\n|-resisted|p2a: Toxapex\n|-damage|p2a: Toxapex|71\/100\n|move|p2a: Toxapex|Haze|p2a: Toxapex\n|-clearallboost\n|\n|-heal|p2a: Toxapex|77\/100|[from] item: Black Sludge\n|upkeep\n|turn|34\n|\n|t:|1699133538\n|switch|p2a: Salamence|Salamence, F|100\/100\n|-damage|p2a: Salamence|76\/100|[from] Stealth Rock\n|-ability|p2a: Salamence|Intimidate|boost\n|-unboost|p1a: Tinkaton|atk|1\n|move|p1a: Tinkaton|Swords Dance|p1a: Tinkaton\n|-boost|p1a: Tinkaton|atk|2\n|\n|upkeep\n|turn|35\n|\n|t:|1699133556\n|move|p1a: Tinkaton|Ice Hammer|p2a: Salamence\n|-supereffective|p2a: Salamence\n|-damage|p2a: Salamence|0 fnt\n|-unboost|p1a: Tinkaton|spe|1\n|faint|p2a: Salamence\n|\n|upkeep\n|\n|t:|1699133562\n|switch|p2a: Toxapex|Toxapex, M|100\/100\n|-damage|p2a: Toxapex|88\/100|[from] Stealth Rock\n|turn|36\n|\n|t:|1699133573\n|move|p1a: Tinkaton|Gigaton Hammer|p2a: Toxapex\n|-resisted|p2a: Toxapex\n|-damage|p2a: Toxapex|67\/100\n|move|p2a: Toxapex|Haze|p2a: Toxapex\n|-clearallboost\n|\n|-heal|p2a: Toxapex|74\/100|[from] item: Black Sludge\n|upkeep\n|turn|37\n|\n|t:|1699133583\n|move|p1a: Tinkaton|Swords Dance|p1a: Tinkaton\n|-boost|p1a: Tinkaton|atk|2\n|move|p2a: Toxapex|Recover|p2a: Toxapex\n|-heal|p2a: Toxapex|100\/100\n|\n|upkeep\n|turn|38\n|\n|t:|1699133591\n|move|p1a: Tinkaton|Gigaton Hammer|p2a: Toxapex\n|-resisted|p2a: Toxapex\n|-damage|p2a: Toxapex|71\/100\n|move|p2a: Toxapex|Haze|p2a: Toxapex\n|-clearallboost\n|\n|-heal|p2a: Toxapex|77\/100|[from] item: Black Sludge\n|upkeep\n|turn|39\n|\n|t:|1699133604\n|switch|p2a: Dragapult|Dragapult, F, shiny|100\/100\n|-damage|p2a: Dragapult|88\/100|[from] Stealth Rock\n|move|p1a: Tinkaton|Ice Hammer|p2a: Dragapult\n|-supereffective|p2a: Dragapult\n|-damage|p2a: Dragapult|43\/100\n|-unboost|p1a: Tinkaton|spe|1\n|\n|upkeep\n|turn|40\n|\n|t:|1699133674\n|move|p2a: Dragapult|Tera Blast|p1a: Tinkaton\n|-resisted|p1a: Tinkaton\n|-damage|p1a: Tinkaton|0 fnt\n|faint|p1a: Tinkaton\n|-damage|p2a: Dragapult|33\/100|[from] item: Life Orb\n|\n|upkeep\n|\n|t:|1699133680\n|switch|p1a: Iron Bundle|Iron Bundle|44\/100\n|turn|41\n|\n|t:|1699133686\n|move|p2a: Dragapult|Dragon Darts|p1a: Iron Bundle\n|-damage|p1a: Iron Bundle|10\/100\n|-anim|p2a: Dragapult|Dragon Darts|p1a: Iron Bundle\n|-damage|p1a: Iron Bundle|0 fnt\n|faint|p1a: Iron Bundle\n|-end|p1a: Iron Bundle|Quark Drive|[silent]\n|-damage|p2a: Dragapult|23\/100|[from] item: Life Orb\n|\n|win|Eric Vendrell\n|l|\u2606charrlss27\n","uploadtime":1699133746,"views":6,"p1id":"charrlss27","p2id":"ericvendrell","formatid":"gen9ubers","rating":0,"private":0,"password":""}