{"id":"gen9ubers-1977162701","p1":"i<3Latis","p2":"Gneezyb","format":"[Gen 9] Ubers","log":"|j|\u2606i<3Latis\n|j|\u2606Gneezyb\n|t:|1698379321\n|gametype|singles\n|player|p1|i<3Latis|2|1000\n|player|p2|Gneezyb|169|1092\n|teamsize|p1|6\n|teamsize|p2|6\n|gen|9\n|tier|[Gen 9] Ubers\n|rated|\n|rule|Sleep Clause Mod: Limit one foe put to sleep\n|rule|Species Clause: Limit one of each Pok\u00e9mon\n|rule|OHKO Clause: OHKO moves are banned\n|rule|Evasion Items Clause: Evasion items are banned\n|rule|Evasion Moves Clause: Evasion moves are banned\n|rule|Endless Battle Clause: Forcing endless battles is banned\n|rule|HP Percentage Mod: HP is shown in percentages\n|clearpoke\n|poke|p1|Koraidon|\n|poke|p1|Miraidon|\n|poke|p1|Calyrex-Ice|\n|poke|p1|Ribombee, M|\n|poke|p1|Landorus-Therian, M|\n|poke|p1|Zacian-*|\n|poke|p2|Regieleki|\n|poke|p2|Orthworm, M|\n|poke|p2|Volcarona, M|\n|poke|p2|Koraidon|\n|poke|p2|Arceus|\n|poke|p2|Zacian-*|\n|teampreview\n|\n|t:|1698379332\n|start\n|switch|p1a: Beee <3|Ribombee, M, shiny|100\/100\n|switch|p2a: Koraidon|Koraidon|100\/100\n|-weather|SunnyDay|[from] ability: Orichalcum Pulse|[of] p2a: Koraidon\n|-activate|p2a: Koraidon|Orichalcum Pulse|[source]\n|turn|1\n|\n|t:|1698379338\n|move|p2a: Koraidon|Flame Charge|p1a: Beee <3\n|-supereffective|p1a: Beee <3\n|-enditem|p1a: Beee <3|Focus Sash\n|-damage|p1a: Beee <3|1\/100\n|-boost|p2a: Koraidon|spe|1\n|move|p1a: Beee <3|Stun Spore|p2a: Koraidon\n|-status|p2a: Koraidon|par\n|\n|-weather|SunnyDay|[upkeep]\n|upkeep\n|turn|2\n|\n|t:|1698379347\n|move|p1a: Beee <3|Sticky Web|p2a: Koraidon\n|-sidestart|p2: Gneezyb|move: Sticky Web\n|move|p2a: Koraidon|Flame Charge|p1a: Beee <3\n|-supereffective|p1a: Beee <3\n|-damage|p1a: Beee <3|0 fnt\n|-boost|p2a: Koraidon|spe|1\n|faint|p1a: Beee <3\n|\n|-weather|SunnyDay|[upkeep]\n|upkeep\n|\n|t:|1698379350\n|switch|p1a: King|Landorus-Therian, M, shiny|100\/100\n|-ability|p1a: King|Intimidate|boost\n|-unboost|p2a: Koraidon|atk|1\n|turn|3\n|\n|t:|1698379362\n|-terastallize|p2a: Koraidon|Fire\n|move|p1a: King|U-turn|p2a: Koraidon\n|-resisted|p2a: Koraidon\n|-damage|p2a: Koraidon|89\/100 par\n|\n|t:|1698379368\n|switch|p1a: Koraidizzy|Koraidon|100\/100|[from] U-turn\n|-activate|p1a: Koraidizzy|ability: Orichalcum Pulse\n|cant|p2a: Koraidon|par\n|\n|-weather|SunnyDay|[upkeep]\n|upkeep\n|turn|4\n|\n|t:|1698379375\n|-terastallize|p1a: Koraidizzy|Fire\n|move|p1a: Koraidizzy|Swords Dance|p1a: Koraidizzy\n|-boost|p1a: Koraidizzy|atk|2\n|cant|p2a: Koraidon|par\n|\n|-weather|SunnyDay|[upkeep]\n|upkeep\n|turn|5\n|\n|t:|1698379382\n|move|p1a: Koraidizzy|Flame Charge|p2a: Koraidon\n|-resisted|p2a: Koraidon\n|-damage|p2a: Koraidon|28\/100 par\n|-boost|p1a: Koraidizzy|spe|1\n|cant|p2a: Koraidon|par\n|\n|-weather|none\n|upkeep\n|turn|6\n|\n|t:|1698379390\n|move|p1a: Koraidizzy|Low Kick|p2a: Koraidon\n|-damage|p2a: Koraidon|0 fnt\n|faint|p2a: Koraidon\n|\n|upkeep\n|\n|t:|1698379403\n|switch|p2a: Regieleki|Regieleki, shiny|100\/100\n|-activate|p2a: Regieleki|move: Sticky Web\n|-unboost|p2a: Regieleki|spe|1\n|turn|7\n|\n|t:|1698379407\n|move|p1a: Koraidizzy|Low Kick|p2a: Regieleki\n|-damage|p2a: Regieleki|0 fnt\n|faint|p2a: Regieleki\n|\n|upkeep\n|-message|Gneezyb forfeited.\n|\n|win|i<3Latis\n|raw|i&lt;3Latis's rating: 1000 &rarr; <strong>1050<\/strong><br \/>(+50 for winning)\n|raw|Gneezyb's rating: 1092 &rarr; <strong>1062<\/strong><br \/>(-30 for losing)\n|l|\u2606Gneezyb\n","uploadtime":1698379428,"views":7,"p1id":"i3latis","p2id":"gneezyb","formatid":"gen9ubers","rating":1050,"private":0,"password":""}