{"id":"gen9ubers-1998646011","p1":"Shadowspoon","p2":"4R4CH1S","format":"[Gen 9] Ubers","log":"|j|\u2606Shadowspoon\n|j|\u26064R4CH1S\n|t:|1700967077\n|gametype|singles\n|player|p1|Shadowspoon|169|\n|player|p2|4R4CH1S|cheryl|\n|teamsize|p1|6\n|teamsize|p2|6\n|gen|9\n|tier|[Gen 9] Ubers\n|rule|Sleep Clause Mod: Limit one foe put to sleep\n|rule|Species Clause: Limit one of each Pok\u00e9mon\n|rule|OHKO Clause: OHKO moves are banned\n|rule|Evasion Items Clause: Evasion items are banned\n|rule|Evasion Moves Clause: Evasion moves are banned\n|rule|Endless Battle Clause: Forcing endless battles is banned\n|rule|HP Percentage Mod: HP is shown in percentages\n|clearpoke\n|poke|p1|Alomomola, M|\n|poke|p1|Landorus-Therian, M|\n|poke|p1|Shaymin-Sky|\n|poke|p1|Empoleon, M|\n|poke|p1|Iron Bundle|\n|poke|p1|Decidueye-Hisui, M|\n|poke|p2|Goodra-Hisui, M|\n|poke|p2|Greninja-*, M|\n|poke|p2|Lucario, M|\n|poke|p2|Skeledirge, M|\n|poke|p2|Slowking-Galar, F|\n|poke|p2|Ting-Lu|\n|teampreview\n|inactive|Battle timer is ON: inactive players will automatically lose when time's up. (requested by Shadowspoon)\n|c|\u26064R4CH1S|glhf\n|inactive|4R4CH1S has 270 seconds left.\n|c|\u2606Shadowspoon|Glhf\n|inactive|4R4CH1S has 240 seconds left.\n|\n|t:|1700967141\n|start\n|switch|p1a: Iron Bundle|Iron Bundle|100\/100\n|switch|p2a: Slowking|Slowking-Galar, F|100\/100\n|turn|1\n|\n|t:|1700967149\n|move|p1a: Iron Bundle|Flip Turn|p2a: Slowking\n|-damage|p2a: Slowking|64\/100\n|\n|t:|1700967152\n|-end|p1a: Iron Bundle|Quark Drive|[silent]\n|switch|p1a: Empoleon|Empoleon, M|100\/100|[from] Flip Turn\n|move|p2a: Slowking|Toxic|p1a: Empoleon\n|-immune|p1a: Empoleon\n|\n|upkeep\n|turn|2\n|\n|t:|1700967157\n|move|p1a: Empoleon|Knock Off|p2a: Slowking\n|-supereffective|p2a: Slowking\n|-damage|p2a: Slowking|23\/100\n|-enditem|p2a: Slowking|Heavy-Duty Boots|[from] move: Knock Off|[of] p1a: Empoleon\n|move|p2a: Slowking|Taunt|p1a: Empoleon\n|-start|p1a: Empoleon|move: Taunt\n|\n|upkeep\n|turn|3\n|\n|t:|1700967181\n|switch|p2a: Goodra|Goodra-Hisui, M|100\/100\n|move|p1a: Empoleon|Flip Turn|p2a: Goodra\n|-resisted|p2a: Goodra\n|-damage|p2a: Goodra|93\/100\n|\n|t:|1700967193\n|switch|p1a: Alomomola|Alomomola, M|100\/100|[from] Flip Turn\n|\n|-heal|p2a: Goodra|99\/100|[from] item: Leftovers\n|upkeep\n|turn|4\n|\n|t:|1700967199\n|move|p1a: Alomomola|Whirlpool|p2a: Goodra\n|-resisted|p2a: Goodra\n|-damage|p2a: Goodra|97\/100\n|-activate|p2a: Goodra|move: Whirlpool|[of] p1a: Alomomola\n|move|p2a: Goodra|Knock Off|p1a: Alomomola\n|-damage|p1a: Alomomola|83\/100\n|-damage|p2a: Goodra|80\/100|[from] item: Rocky Helmet|[of] p1a: Alomomola\n|-enditem|p1a: Alomomola|Rocky Helmet|[from] move: Knock Off|[of] p2a: Goodra\n|\n|-heal|p2a: Goodra|86\/100|[from] item: Leftovers\n|-damage|p2a: Goodra|74\/100|[from] move: Whirlpool|[partiallytrapped]\n|upkeep\n|turn|5\n|\n|t:|1700967208\n|move|p1a: Alomomola|Scald|p2a: Goodra\n|-resisted|p2a: Goodra\n|-damage|p2a: Goodra|69\/100\n|-status|p2a: Goodra|brn\n|move|p2a: Goodra|Dragon Tail|p1a: Alomomola\n|-damage|p1a: Alomomola|75\/100\n|drag|p1a: Landorus|Landorus-Therian, M|100\/100\n|-ability|p1a: Landorus|Intimidate|boost\n|-unboost|p2a: Goodra|atk|1\n|\n|-heal|p2a: Goodra|75\/100 brn|[from] item: Leftovers\n|-damage|p2a: Goodra|69\/100 brn|[from] brn\n|-end|p2a: Goodra|Whirlpool|[partiallytrapped]|[silent]\n|upkeep\n|turn|6\n|\n|t:|1700967220\n|switch|p2a: Ting-Lu|Ting-Lu|100\/100\n|-ability|p2a: Ting-Lu|Vessel of Ruin\n|move|p1a: Landorus|Earth Power|p2a: Ting-Lu\n|-damage|p2a: Ting-Lu|81\/100\n|-unboost|p2a: Ting-Lu|spd|1\n|\n|-heal|p2a: Ting-Lu|87\/100|[from] item: Leftovers\n|upkeep\n|turn|7\n|\n|t:|1700967228\n|move|p1a: Landorus|Taunt|p2a: Ting-Lu\n|-start|p2a: Ting-Lu|move: Taunt\n|cant|p2a: Ting-Lu|move: Taunt|Stealth Rock\n|\n|-heal|p2a: Ting-Lu|94\/100|[from] item: Leftovers\n|upkeep\n|turn|8\n|\n|t:|1700967237\n|move|p1a: Landorus|Nasty Plot|p1a: Landorus\n|-boost|p1a: Landorus|spa|2\n|move|p2a: Ting-Lu|Ruination|p1a: Landorus\n|-damage|p1a: Landorus|50\/100\n|\n|-heal|p1a: Landorus|57\/100|[from] item: Leftovers\n|-heal|p2a: Ting-Lu|99\/100|[from] item: Leftovers\n|upkeep\n|turn|9\n|\n|t:|1700967244\n|switch|p2a: Slowking|Slowking-Galar, F|56\/100\n|move|p1a: Landorus|Earth Power|p2a: Slowking\n|-supereffective|p2a: Slowking\n|-damage|p2a: Slowking|0 fnt\n|faint|p2a: Slowking\n|\n|-heal|p1a: Landorus|63\/100|[from] item: Leftovers\n|upkeep\n|\n|t:|1700967255\n|switch|p2a: Greninja|Greninja, M|100\/100\n|turn|10\n|\n|t:|1700967259\n|switch|p1a: Empoleon|Empoleon, M|100\/100\n|move|p2a: Greninja|Liquidation|p1a: Empoleon\n|-start|p2a: Greninja|typechange|Water|[from] ability: Protean\n|-resisted|p1a: Empoleon\n|-damage|p1a: Empoleon|73\/100\n|\n|-heal|p1a: Empoleon|79\/100|[from] item: Leftovers\n|upkeep\n|turn|11\n|\n|t:|1700967271\n|switch|p2a: Skeledirge|Skeledirge, M|100\/100\n|move|p1a: Empoleon|Stealth Rock|p2a: Skeledirge\n|-sidestart|p2: 4R4CH1S|move: Stealth Rock\n|\n|-heal|p1a: Empoleon|85\/100|[from] item: Leftovers\n|upkeep\n|turn|12\n|\n|t:|1700967279\n|move|p2a: Skeledirge|Will-O-Wisp|p1a: Empoleon\n|-status|p1a: Empoleon|brn\n|move|p1a: Empoleon|Knock Off|p2a: Skeledirge\n|-supereffective|p2a: Skeledirge\n|-damage|p2a: Skeledirge|90\/100\n|-enditem|p2a: Skeledirge|Heavy-Duty Boots|[from] move: Knock Off|[of] p1a: Empoleon\n|\n|-heal|p1a: Empoleon|91\/100 brn|[from] item: Leftovers\n|-damage|p1a: Empoleon|85\/100 brn|[from] brn\n|upkeep\n|turn|13\n|\n|t:|1700967295\n|switch|p2a: Ting-Lu|Ting-Lu|99\/100\n|-damage|p2a: Ting-Lu|94\/100|[from] Stealth Rock\n|-ability|p2a: Ting-Lu|Vessel of Ruin\n|move|p1a: Empoleon|Flip Turn|p2a: Ting-Lu\n|-supereffective|p2a: Ting-Lu\n|-damage|p2a: Ting-Lu|86\/100\n|\n|t:|1700967300\n|switch|p1a: Iron Bundle|Iron Bundle|100\/100|[from] Flip Turn\n|\n|-heal|p2a: Ting-Lu|92\/100|[from] item: Leftovers\n|upkeep\n|turn|14\n|\n|t:|1700967318\n|-terastallize|p2a: Ting-Lu|Fairy\n|move|p1a: Iron Bundle|Ice Spinner|p2a: Ting-Lu\n|-damage|p2a: Ting-Lu|74\/100\n|move|p2a: Ting-Lu|Stealth Rock|p1a: Iron Bundle\n|-sidestart|p1: Shadowspoon|move: Stealth Rock\n|\n|-heal|p2a: Ting-Lu|80\/100|[from] item: Leftovers\n|upkeep\n|turn|15\n|\n|t:|1700967339\n|move|p1a: Iron Bundle|Ice Spinner|p2a: Ting-Lu\n|-damage|p2a: Ting-Lu|61\/100\n|move|p2a: Ting-Lu|Whirlwind|p1a: Iron Bundle\n|-end|p1a: Iron Bundle|Quark Drive|[silent]\n|drag|p1a: Landorus|Landorus-Therian, M|63\/100\n|-damage|p1a: Landorus|50\/100|[from] Stealth Rock\n|-ability|p1a: Landorus|Intimidate|boost\n|-unboost|p2a: Ting-Lu|atk|1\n|\n|-heal|p1a: Landorus|56\/100|[from] item: Leftovers\n|-heal|p2a: Ting-Lu|68\/100|[from] item: Leftovers\n|upkeep\n|turn|16\n|\n|t:|1700967348\n|move|p1a: Landorus|Nasty Plot|p1a: Landorus\n|-boost|p1a: Landorus|spa|2\n|move|p2a: Ting-Lu|Ruination|p1a: Landorus\n|-damage|p1a: Landorus|29\/100\n|\n|-heal|p1a: Landorus|35\/100|[from] item: Leftovers\n|-heal|p2a: Ting-Lu|74\/100|[from] item: Leftovers\n|upkeep\n|turn|17\n|\n|t:|1700967353\n|move|p1a: Landorus|Sludge Bomb|p2a: Ting-Lu\n|-supereffective|p2a: Ting-Lu\n|-damage|p2a: Ting-Lu|23\/100\n|move|p2a: Ting-Lu|Whirlwind|p1a: Landorus\n|drag|p1a: Iron Bundle|Iron Bundle|100\/100\n|-damage|p1a: Iron Bundle|76\/100|[from] Stealth Rock\n|\n|-heal|p2a: Ting-Lu|29\/100|[from] item: Leftovers\n|upkeep\n|turn|18\n|\n|t:|1700967361\n|switch|p2a: Goodra|Goodra-Hisui, M|69\/100 brn\n|-damage|p2a: Goodra|63\/100 brn|[from] Stealth Rock\n|-terastallize|p1a: Iron Bundle|Ice\n|move|p1a: Iron Bundle|Ice Spinner|p2a: Goodra\n|-damage|p2a: Goodra|11\/100 brn\n|\n|-heal|p2a: Goodra|17\/100 brn|[from] item: Leftovers\n|-damage|p2a: Goodra|11\/100 brn|[from] brn\n|upkeep\n|turn|19\n|\n|t:|1700967372\n|move|p2a: Goodra|Protect|p2a: Goodra\n|-singleturn|p2a: Goodra|Protect\n|move|p1a: Iron Bundle|Ice Spinner|p2a: Goodra\n|-activate|p2a: Goodra|move: Protect\n|\n|-heal|p2a: Goodra|17\/100 brn|[from] item: Leftovers\n|-damage|p2a: Goodra|11\/100 brn|[from] brn\n|upkeep\n|turn|20\n|\n|t:|1700967380\n|move|p1a: Iron Bundle|Ice Spinner|p2a: Goodra\n|-damage|p2a: Goodra|0 fnt\n|faint|p2a: Goodra\n|\n|upkeep\n|\n|t:|1700967383\n|switch|p2a: Lucario|Lucario, M|100\/100\n|-damage|p2a: Lucario|98\/100|[from] Stealth Rock\n|turn|21\n|\n|t:|1700967385\n|-end|p1a: Iron Bundle|Quark Drive|[silent]\n|switch|p1a: Landorus|Landorus-Therian, M|35\/100\n|-damage|p1a: Landorus|22\/100|[from] Stealth Rock\n|-ability|p1a: Landorus|Intimidate|boost\n|-unboost|p2a: Lucario|atk|1\n|move|p2a: Lucario|Swords Dance|p2a: Lucario\n|-boost|p2a: Lucario|atk|2\n|\n|-heal|p1a: Landorus|28\/100|[from] item: Leftovers\n|upkeep\n|turn|22\n|\n|t:|1700967390\n|move|p2a: Lucario|Extreme Speed|p1a: Landorus\n|-damage|p1a: Landorus|0 fnt\n|faint|p1a: Landorus\n|-damage|p2a: Lucario|88\/100|[from] item: Life Orb\n|\n|upkeep\n|\n|t:|1700967394\n|switch|p1a: Alomomola|Alomomola, M|100\/100\n|-damage|p1a: Alomomola|88\/100|[from] Stealth Rock\n|turn|23\n|\n|t:|1700967415\n|switch|p2a: Greninja|Greninja, M|100\/100\n|-damage|p2a: Greninja|88\/100|[from] Stealth Rock\n|move|p1a: Alomomola|Scald|p2a: Greninja\n|-resisted|p2a: Greninja\n|-crit|p2a: Greninja\n|-damage|p2a: Greninja|71\/100\n|\n|upkeep\n|turn|24\n|\n|t:|1700967423\n|move|p2a: Greninja|U-turn|p1a: Alomomola\n|-start|p2a: Greninja|typechange|Bug|[from] ability: Protean\n|-damage|p1a: Alomomola|64\/100\n|\n|t:|1700967431\n|switch|p2a: Ting-Lu|Ting-Lu, tera:Fairy|29\/100|[from] U-turn\n|-damage|p2a: Ting-Lu|17\/100|[from] Stealth Rock\n|-ability|p2a: Ting-Lu|Vessel of Ruin\n|move|p1a: Alomomola|Scald|p2a: Ting-Lu\n|-damage|p2a: Ting-Lu|8\/100\n|\n|-heal|p2a: Ting-Lu|15\/100|[from] item: Leftovers\n|upkeep\n|turn|25\n|\n|t:|1700967443\n|move|p1a: Alomomola|Whirlpool|p2a: Ting-Lu\n|-damage|p2a: Ting-Lu|11\/100\n|-activate|p2a: Ting-Lu|move: Whirlpool|[of] p1a: Alomomola\n|move|p2a: Ting-Lu|Spikes|p1a: Alomomola\n|-sidestart|p1: Shadowspoon|Spikes\n|\n|-heal|p2a: Ting-Lu|17\/100|[from] item: Leftovers\n|-damage|p2a: Ting-Lu|5\/100|[from] move: Whirlpool|[partiallytrapped]\n|upkeep\n|turn|26\n|\n|t:|1700967452\n|move|p1a: Alomomola|Scald|p2a: Ting-Lu\n|-damage|p2a: Ting-Lu|0 fnt\n|faint|p2a: Ting-Lu\n|\n|upkeep\n|\n|t:|1700967460\n|switch|p2a: Skeledirge|Skeledirge, M|90\/100\n|-damage|p2a: Skeledirge|65\/100|[from] Stealth Rock\n|turn|27\n|\n|t:|1700967464\n|move|p2a: Skeledirge|Will-O-Wisp|p1a: Alomomola\n|-status|p1a: Alomomola|brn\n|move|p1a: Alomomola|Whirlpool|p2a: Skeledirge|[miss]\n|-miss|p1a: Alomomola|p2a: Skeledirge\n|\n|-damage|p1a: Alomomola|58\/100 brn|[from] brn\n|upkeep\n|turn|28\n|\n|t:|1700967471\n|move|p2a: Skeledirge|Slack Off|p2a: Skeledirge\n|-heal|p2a: Skeledirge|100\/100\n|move|p1a: Alomomola|Whirlpool|p2a: Skeledirge\n|-supereffective|p2a: Skeledirge\n|-damage|p2a: Skeledirge|87\/100\n|-activate|p2a: Skeledirge|move: Whirlpool|[of] p1a: Alomomola\n|\n|-damage|p1a: Alomomola|51\/100 brn|[from] brn\n|-damage|p2a: Skeledirge|75\/100|[from] move: Whirlpool|[partiallytrapped]\n|upkeep\n|turn|29\n|\n|t:|1700967474\n|move|p2a: Skeledirge|Poltergeist||[still]\n|-fail|p2a: Skeledirge\n|move|p1a: Alomomola|Wish|p1a: Alomomola\n|\n|-damage|p1a: Alomomola|45\/100 brn|[from] brn\n|-damage|p2a: Skeledirge|62\/100|[from] move: Whirlpool|[partiallytrapped]\n|upkeep\n|turn|30\n|\n|t:|1700967480\n|move|p1a: Alomomola|Protect|p1a: Alomomola\n|-singleturn|p1a: Alomomola|Protect\n|move|p2a: Skeledirge|Heat Crash|p1a: Alomomola\n|-activate|p1a: Alomomola|move: Protect\n|\n|-heal|p1a: Alomomola|95\/100 brn|[from] move: Wish|[wisher] Alomomola\n|-damage|p1a: Alomomola|89\/100 brn|[from] brn\n|-damage|p2a: Skeledirge|50\/100|[from] move: Whirlpool|[partiallytrapped]\n|upkeep\n|turn|31\n|\n|t:|1700967483\n|move|p2a: Skeledirge|Slack Off|p2a: Skeledirge\n|-heal|p2a: Skeledirge|99\/100\n|move|p1a: Alomomola|Scald|p2a: Skeledirge\n|-supereffective|p2a: Skeledirge\n|-damage|p2a: Skeledirge|70\/100\n|\n|-damage|p1a: Alomomola|83\/100 brn|[from] brn\n|-damage|p2a: Skeledirge|58\/100|[from] move: Whirlpool|[partiallytrapped]\n|upkeep\n|turn|32\n|\n|t:|1700967496\n|move|p2a: Skeledirge|Slack Off|p2a: Skeledirge\n|-heal|p2a: Skeledirge|100\/100\n|move|p1a: Alomomola|Scald|p2a: Skeledirge\n|-supereffective|p2a: Skeledirge\n|-damage|p2a: Skeledirge|73\/100\n|\n|-damage|p1a: Alomomola|77\/100 brn|[from] brn\n|-damage|p2a: Skeledirge|60\/100|[from] move: Whirlpool|[partiallytrapped]\n|upkeep\n|turn|33\n|\n|t:|1700967502\n|move|p2a: Skeledirge|Slack Off|p2a: Skeledirge\n|-heal|p2a: Skeledirge|100\/100\n|move|p1a: Alomomola|Scald|p2a: Skeledirge\n|-supereffective|p2a: Skeledirge\n|-damage|p2a: Skeledirge|68\/100\n|\n|-damage|p1a: Alomomola|71\/100 brn|[from] brn\n|-end|p2a: Skeledirge|Whirlpool|[partiallytrapped]\n|upkeep\n|turn|34\n|\n|t:|1700967507\n|switch|p2a: Greninja|Greninja, M|71\/100\n|-damage|p2a: Greninja|59\/100|[from] Stealth Rock\n|move|p1a: Alomomola|Whirlpool|p2a: Greninja\n|-resisted|p2a: Greninja\n|-damage|p2a: Greninja|54\/100\n|-activate|p2a: Greninja|move: Whirlpool|[of] p1a: Alomomola\n|\n|-damage|p1a: Alomomola|64\/100 brn|[from] brn\n|-damage|p2a: Greninja|42\/100|[from] move: Whirlpool|[partiallytrapped]\n|upkeep\n|turn|35\n|\n|t:|1700967512\n|move|p2a: Greninja|Night Slash|p1a: Alomomola\n|-start|p2a: Greninja|typechange|Dark|[from] ability: Protean\n|-crit|p1a: Alomomola\n|-damage|p1a: Alomomola|29\/100 brn\n|move|p1a: Alomomola|Wish|p1a: Alomomola\n|\n|-damage|p1a: Alomomola|23\/100 brn|[from] brn\n|-damage|p2a: Greninja|29\/100|[from] move: Whirlpool|[partiallytrapped]\n|upkeep\n|turn|36\n|\n|t:|1700967522\n|switch|p1a: Decidueye|Decidueye-Hisui, M|100\/100\n|-damage|p1a: Decidueye|94\/100|[from] Stealth Rock\n|-damage|p1a: Decidueye|82\/100|[from] Spikes\n|move|p2a: Greninja|Night Slash|p1a: Decidueye\n|-resisted|p1a: Decidueye\n|-damage|p1a: Decidueye|58\/100\n|\n|-heal|p1a: Decidueye|100\/100|[from] move: Wish|[wisher] Alomomola\n|-end|p2a: Greninja|Whirlpool|[partiallytrapped]|[silent]\n|upkeep\n|turn|37\n|\n|t:|1700967530\n|move|p2a: Greninja|Night Slash|p1a: Decidueye\n|-resisted|p1a: Decidueye\n|-damage|p1a: Decidueye|78\/100\n|move|p1a: Decidueye|Leaf Storm|p2a: Greninja\n|-damage|p2a: Greninja|0 fnt\n|-unboost|p1a: Decidueye|spa|2\n|faint|p2a: Greninja\n|\n|upkeep\n|\n|t:|1700967546\n|switch|p2a: Skeledirge|Skeledirge, M|68\/100\n|-damage|p2a: Skeledirge|43\/100|[from] Stealth Rock\n|turn|38\n|\n|t:|1700967550\n|move|p2a: Skeledirge|Heat Crash|p1a: Decidueye\n|-supereffective|p1a: Decidueye\n|-damage|p1a: Decidueye|14\/100\n|move|p1a: Decidueye|Leaf Storm|p2a: Skeledirge\n|-resisted|p2a: Skeledirge\n|-damage|p2a: Skeledirge|0 fnt\n|-unboost|p1a: Decidueye|spa|2\n|faint|p2a: Skeledirge\n|\n|upkeep\n|\n|t:|1700967557\n|switch|p2a: Lucario|Lucario, M|88\/100\n|-damage|p2a: Lucario|85\/100|[from] Stealth Rock\n|turn|39\n|\n|t:|1700967561\n|switch|p1a: Alomomola|Alomomola, M|56\/100 brn\n|-damage|p1a: Alomomola|44\/100 brn|[from] Stealth Rock\n|-damage|p1a: Alomomola|31\/100 brn|[from] Spikes\n|move|p2a: Lucario|Swords Dance|p2a: Lucario\n|-boost|p2a: Lucario|atk|2\n|\n|-damage|p1a: Alomomola|25\/100 brn|[from] brn\n|upkeep\n|turn|40\n|\n|t:|1700967577\n|move|p2a: Lucario|Extreme Speed|p1a: Alomomola\n|-damage|p1a: Alomomola|0 fnt\n|faint|p1a: Alomomola\n|-damage|p2a: Lucario|75\/100|[from] item: Life Orb\n|\n|upkeep\n|\n|t:|1700967579\n|switch|p1a: Shaymin|Shaymin-Sky|100\/100\n|-damage|p1a: Shaymin|76\/100|[from] Stealth Rock\n|turn|41\n|\n|t:|1700967582\n|move|p2a: Lucario|Extreme Speed|p1a: Shaymin\n|-damage|p1a: Shaymin|0 fnt\n|faint|p1a: Shaymin\n|-damage|p2a: Lucario|65\/100|[from] item: Life Orb\n|\n|upkeep\n|\n|t:|1700967586\n|switch|p1a: Empoleon|Empoleon, M|85\/100 brn\n|-damage|p1a: Empoleon|79\/100 brn|[from] Stealth Rock\n|-damage|p1a: Empoleon|67\/100 brn|[from] Spikes\n|turn|42\n|\n|t:|1700967594\n|move|p2a: Lucario|Meteor Mash|p1a: Empoleon\n|-resisted|p1a: Empoleon\n|-damage|p1a: Empoleon|41\/100 brn\n|-damage|p2a: Lucario|55\/100|[from] item: Life Orb\n|move|p1a: Empoleon|Flip Turn|p2a: Lucario\n|-damage|p2a: Lucario|39\/100\n|\n|t:|1700967598\n|switch|p1a: Decidueye|Decidueye-Hisui, M|14\/100|[from] Flip Turn\n|-damage|p1a: Decidueye|8\/100|[from] Stealth Rock\n|-damage|p1a: Decidueye|0 fnt|[from] Spikes\n|faint|p1a: Decidueye\n|\n|upkeep\n|\n|t:|1700967599\n|switch|p1a: Empoleon|Empoleon, M|41\/100 brn\n|-damage|p1a: Empoleon|34\/100 brn|[from] Stealth Rock\n|-damage|p1a: Empoleon|22\/100 brn|[from] Spikes\n|turn|43\n|\n|t:|1700967609\n|move|p2a: Lucario|Meteor Mash|p1a: Empoleon\n|-resisted|p1a: Empoleon\n|-damage|p1a: Empoleon|0 fnt\n|faint|p1a: Empoleon\n|-damage|p2a: Lucario|29\/100|[from] item: Life Orb\n|\n|upkeep\n|\n|t:|1700967611\n|switch|p1a: Iron Bundle|Iron Bundle, tera:Ice|76\/100\n|-damage|p1a: Iron Bundle|51\/100|[from] Stealth Rock\n|-damage|p1a: Iron Bundle|38\/100|[from] Spikes\n|turn|44\n|\n|t:|1700967615\n|move|p2a: Lucario|Extreme Speed|p1a: Iron Bundle\n|-damage|p1a: Iron Bundle|0 fnt\n|faint|p1a: Iron Bundle\n|-end|p1a: Iron Bundle|Quark Drive|[silent]\n|-damage|p2a: Lucario|19\/100|[from] item: Life Orb\n|\n|win|4R4CH1S\n|c|\u2606Shadowspoon|Gg\n|c|\u26064R4CH1S|gg\n|l|\u2606Shadowspoon\n|c|\u26064R4CH1S|wp\n","uploadtime":1700967632,"views":17,"p1id":"shadowspoon","p2id":"4r4ch1s","formatid":"gen9ubers","rating":0,"private":0,"password":""}