{"id":"gen9ubers-1990255005","p1":"samsung ubers test","p2":"eldritch snail","format":"[Gen 9] Ubers","log":"|j|\u2606samsung ubers test\n|j|\u2606eldritch snail\n|t:|1699945465\n|gametype|singles\n|player|p1|samsung ubers test|2|\n|player|p2|eldritch snail|266|\n|teamsize|p1|6\n|teamsize|p2|2\n|gen|9\n|tier|[Gen 9] Ubers\n|rule|Sleep Clause Mod: Limit one foe put to sleep\n|rule|Species Clause: Limit one of each Pok\u00e9mon\n|rule|OHKO Clause: OHKO moves are banned\n|rule|Evasion Items Clause: Evasion items are banned\n|rule|Evasion Moves Clause: Evasion moves are banned\n|rule|Endless Battle Clause: Forcing endless battles is banned\n|rule|HP Percentage Mod: HP is shown in percentages\n|clearpoke\n|poke|p1|Koraidon|\n|poke|p1|Miraidon|\n|poke|p1|Regieleki|\n|poke|p1|Landorus, M|\n|poke|p1|Arceus-Bug|\n|poke|p1|Palafin, F|\n|poke|p2|Numel, M|\n|poke|p2|Torkoal, M|\n|teampreview\n|\n|t:|1699945487\n|start\n|switch|p1a: Regieleki|Regieleki|100\/100\n|switch|p2a: Torkoal|Torkoal, M|100\/100\n|-weather|SunnyDay|[from] ability: Drought|[of] p2a: Torkoal\n|turn|1\n|\n|t:|1699945500\n|move|p1a: Regieleki|Light Screen|p1a: Regieleki\n|-sidestart|p1: samsung ubers test|move: Light Screen\n|move|p2a: Torkoal|Stealth Rock|p1a: Regieleki\n|-sidestart|p1: samsung ubers test|move: Stealth Rock\n|\n|-weather|SunnyDay|[upkeep]\n|upkeep\n|turn|2\n|\n|t:|1699945509\n|move|p1a: Regieleki|Explosion|p2a: Torkoal\n|-crit|p2a: Torkoal\n|-damage|p2a: Torkoal|54\/100\n|faint|p1a: Regieleki\n|move|p2a: Torkoal|Yawn|p1: Regieleki|[notarget]\n|-fail|p2a: Torkoal\n|\n|-weather|SunnyDay|[upkeep]\n|upkeep\n|\n|t:|1699945519\n|switch|p1a: Miraidon|Miraidon|100\/100\n|-damage|p1a: Miraidon|88\/100|[from] Stealth Rock\n|-fieldstart|move: Electric Terrain|[from] ability: Hadron Engine|[of] p1a: Miraidon\n|turn|3\n|\n|t:|1699945533\n|move|p1a: Miraidon|Electro Drift|p2a: Torkoal\n|-damage|p2a: Torkoal|0 fnt\n|faint|p2a: Torkoal\n|\n|-weather|SunnyDay|[upkeep]\n|upkeep\n|\n|t:|1699945536\n|switch|p2a: Numel|Numel, M|100\/100\n|turn|4\n|\n|t:|1699945544\n|move|p1a: Miraidon|Electro Drift|p2a: Numel\n|-immune|p2a: Numel\n|move|p2a: Numel|Growth|p2a: Numel\n|-boost|p2a: Numel|atk|4\n|-boost|p2a: Numel|spa|4\n|\n|-weather|SunnyDay|[upkeep]\n|upkeep\n|turn|5\n|\n|t:|1699945552\n|move|p1a: Miraidon|Electro Drift|p2a: Numel\n|-immune|p2a: Numel\n|move|p2a: Numel|Flame Charge|p1a: Miraidon\n|-resisted|p1a: Miraidon\n|-damage|p1a: Miraidon|51\/100\n|-boost|p2a: Numel|spe|2\n|\n|-weather|SunnyDay|[upkeep]\n|upkeep\n|turn|6\n|\n|t:|1699945560\n|move|p1a: Miraidon|Electro Drift|p2a: Numel\n|-immune|p2a: Numel\n|move|p2a: Numel|Flame Charge|p1a: Miraidon\n|-resisted|p1a: Miraidon\n|-damage|p1a: Miraidon|16\/100\n|-boost|p2a: Numel|spe|2\n|\n|-weather|SunnyDay|[upkeep]\n|upkeep\n|turn|7\n|\n|t:|1699945567\n|move|p2a: Numel|Growth|p2a: Numel\n|-boost|p2a: Numel|atk|2\n|-boost|p2a: Numel|spa|2\n|move|p1a: Miraidon|Electro Drift|p2a: Numel\n|-immune|p2a: Numel\n|\n|-weather|SunnyDay|[upkeep]\n|-fieldend|move: Electric Terrain\n|upkeep\n|turn|8\n|\n|t:|1699945583\n|move|p2a: Numel|Flame Charge|p1a: Miraidon\n|-resisted|p1a: Miraidon\n|-damage|p1a: Miraidon|0 fnt\n|-boost|p2a: Numel|spe|2\n|faint|p1a: Miraidon\n|\n|-weather|none\n|-sideend|p1: samsung ubers test|move: Light Screen\n|upkeep\n|\n|t:|1699945590\n|switch|p1a: Koraidon|Koraidon|100\/100\n|-damage|p1a: Koraidon|94\/100|[from] Stealth Rock\n|-weather|SunnyDay|[from] ability: Orichalcum Pulse|[of] p1a: Koraidon\n|-activate|p1a: Koraidon|Orichalcum Pulse|[source]\n|turn|9\n|\n|t:|1699945601\n|-terastallize|p2a: Numel|Ice\n|move|p2a: Numel|Tera Blast|p1a: Koraidon|[anim] Tera Blast Ice\n|-supereffective|p1a: Koraidon\n|-damage|p1a: Koraidon|0 fnt\n|faint|p1a: Koraidon\n|\n|-weather|SunnyDay|[upkeep]\n|upkeep\n|\n|t:|1699945608\n|switch|p1a: Landorus|Landorus, M|100\/100\n|-damage|p1a: Landorus|88\/100|[from] Stealth Rock\n|turn|10\n|\n|t:|1699945615\n|move|p2a: Numel|Tera Blast|p1a: Landorus|[anim] Tera Blast Ice\n|-supereffective|p1a: Landorus\n|-damage|p1a: Landorus|0 fnt\n|faint|p1a: Landorus\n|\n|-weather|SunnyDay|[upkeep]\n|upkeep\n|\n|t:|1699945620\n|switch|p1a: Arceus|Arceus-Bug|100\/100\n|-damage|p1a: Arceus|76\/100|[from] Stealth Rock\n|turn|11\n|\n|t:|1699945630\n|move|p2a: Numel|Flame Charge|p1a: Arceus\n|-supereffective|p1a: Arceus\n|-damage|p1a: Arceus|0 fnt\n|faint|p1a: Arceus\n|\n|-weather|SunnyDay|[upkeep]\n|upkeep\n|\n|t:|1699945635\n|switch|p1a: Palafin|Palafin, F|100\/100\n|-damage|p1a: Palafin|88\/100|[from] Stealth Rock\n|turn|12\n|\n|t:|1699945643\n|move|p2a: Numel|Earthquake|p1a: Palafin\n|-damage|p1a: Palafin|0 fnt\n|faint|p1a: Palafin\n|\n|win|eldritch snail\n|l|\u2606samsung ubers test\n","uploadtime":1699945654,"views":6,"p1id":"samsunguberstest","p2id":"eldritchsnail","formatid":"gen9ubers","rating":0,"private":0,"password":""}