{"id":"gen9ubers-1994855973","p1":"Kilometres999","p2":"Hash_13","format":"[Gen 9] Ubers","log":"|j|\u2606Kilometres999\n|j|\u2606Hash_13\n|t:|1700499012\n|gametype|singles\n|player|p1|Kilometres999|alder|\n|player|p2|Hash_13|pokemonranger-gen4|\n|teamsize|p1|6\n|teamsize|p2|6\n|gen|9\n|tier|[Gen 9] Ubers\n|rule|Sleep Clause Mod: Limit one foe put to sleep\n|rule|Species Clause: Limit one of each Pok\u00e9mon\n|rule|OHKO Clause: OHKO moves are banned\n|rule|Evasion Items Clause: Evasion items are banned\n|rule|Evasion Moves Clause: Evasion moves are banned\n|rule|Endless Battle Clause: Forcing endless battles is banned\n|rule|HP Percentage Mod: HP is shown in percentages\n|clearpoke\n|poke|p1|Snorlax, F|\n|poke|p1|Rabsca, F|\n|poke|p1|Girafarig, M|\n|poke|p1|Dunsparce, F|\n|poke|p1|Mesprit|\n|poke|p1|Dipplin, F|\n|poke|p2|Sableye, F|\n|poke|p2|Slaking, F|\n|poke|p2|Iron Leaves|\n|poke|p2|Crabominable, F|\n|poke|p2|Drakloak, F|\n|poke|p2|Munchlax, M|\n|teampreview\n|inactive|Battle timer is ON: inactive players will automatically lose when time's up. (requested by Kilometres999)\n|\n|t:|1700499028\n|start\n|switch|p1a: Girafarig|Girafarig, M|100\/100\n|switch|p2a: Sableye|Sableye, F|100\/100\n|turn|1\n|\n|t:|1700499037\n|switch|p1a: Rabsca|Rabsca, F|100\/100\n|move|p2a: Sableye|Fake Out|p1a: Rabsca\n|-damage|p1a: Rabsca|93\/100\n|\n|upkeep\n|turn|2\n|\n|t:|1700499048\n|switch|p1a: Dunsparce|Dunsparce, F|100\/100\n|move|p2a: Sableye|Taunt|p1a: Dunsparce\n|-start|p1a: Dunsparce|move: Taunt\n|\n|upkeep\n|turn|3\n|\n|t:|1700499061\n|switch|p2a: Slaking|Slaking, F|100\/100\n|move|p1a: Dunsparce|Earthquake|p2a: Slaking\n|-damage|p2a: Slaking|85\/100\n|\n|upkeep\n|turn|4\n|j| Jaketr4\n|\n|t:|1700499085\n|switch|p1a: Mesprit|Mesprit|100\/100\n|move|p2a: Slaking|Drain Punch|p1a: Mesprit\n|-resisted|p1a: Mesprit\n|-damage|p1a: Mesprit|75\/100\n|-heal|p2a: Slaking|92\/100|[from] drain|[of] p1a: Mesprit\n|\n|upkeep\n|turn|5\n|\n|t:|1700499097\n|move|p1a: Mesprit|Ice Beam|p2a: Slaking\n|-damage|p2a: Slaking|55\/100\n|cant|p2a: Slaking|ability: Truant\n|\n|upkeep\n|turn|6\n|\n|t:|1700499109\n|switch|p2a: Crabominable|Crabominable, F|100\/100\n|move|p1a: Mesprit|Ice Beam|p2a: Crabominable\n|-resisted|p2a: Crabominable\n|-damage|p2a: Crabominable|75\/100\n|\n|upkeep\n|turn|7\n|\n|t:|1700499124\n|switch|p1a: Dunsparce|Dunsparce, F|100\/100\n|move|p2a: Crabominable|Knock Off|p1a: Dunsparce\n|-damage|p1a: Dunsparce|55\/100\n|-enditem|p1a: Dunsparce|Eviolite|[from] move: Knock Off|[of] p2a: Crabominable\n|\n|upkeep\n|turn|8\n|\n|t:|1700499133\n|switch|p2a: Slaking|Slaking, F|55\/100\n|move|p1a: Dunsparce|Hyper Drill|p2a: Slaking\n|-damage|p2a: Slaking|27\/100\n|\n|upkeep\n|turn|9\n|\n|t:|1700499140\n|move|p2a: Slaking|Drain Punch|p1a: Dunsparce\n|-supereffective|p1a: Dunsparce\n|-damage|p1a: Dunsparce|0 fnt\n|-heal|p2a: Slaking|49\/100|[from] drain|[of] p1a: Dunsparce\n|faint|p1a: Dunsparce\n|\n|upkeep\n|\n|t:|1700499146\n|switch|p1a: Girafarig|Girafarig, M|100\/100\n|turn|10\n|\n|t:|1700499155\n|switch|p2a: Sableye|Sableye, F|100\/100\n|move|p1a: Girafarig|Nasty Plot|p1a: Girafarig\n|-boost|p1a: Girafarig|spa|2\n|\n|upkeep\n|turn|11\n|\n|t:|1700499166\n|move|p2a: Sableye|Fake Out|p1a: Girafarig\n|-damage|p1a: Girafarig|92\/100\n|cant|p1a: Girafarig|flinch\n|\n|upkeep\n|turn|12\n|\n|t:|1700499172\n|move|p2a: Sableye|Taunt|p1a: Girafarig\n|-start|p1a: Girafarig|move: Taunt\n|move|p1a: Girafarig|Thunderbolt|p2a: Sableye\n|-damage|p2a: Sableye|12\/100\n|\n|-heal|p2a: Sableye|19\/100|[from] item: Leftovers\n|upkeep\n|turn|13\n|\n|t:|1700499179\n|move|p2a: Sableye|Thunder Wave|p1a: Girafarig\n|-status|p1a: Girafarig|par\n|move|p1a: Girafarig|Thunderbolt|p2a: Sableye\n|-damage|p2a: Sableye|0 fnt\n|faint|p2a: Sableye\n|\n|upkeep\n|\n|t:|1700499198\n|switch|p2a: Crabominable|Crabominable, F|75\/100\n|turn|14\n|inactive|Hash_13 has 270 seconds left.\n|\n|t:|1700499223\n|move|p1a: Girafarig|Psychic|p2a: Crabominable\n|-supereffective|p2a: Crabominable\n|-damage|p2a: Crabominable|0 fnt\n|faint|p2a: Crabominable\n|\n|-end|p1a: Girafarig|move: Taunt\n|upkeep\n|inactive|Hash_13 has 270 seconds left.\n|\n|t:|1700499249\n|switch|p2a: Drakloak|Drakloak, F|100\/100\n|turn|15\n|\n|t:|1700499256\n|move|p2a: Drakloak|Phantom Force||[still]\n|-prepare|p2a: Drakloak|Phantom Force\n|move|p1a: Girafarig|Psychic|p2a: Drakloak|[miss]\n|-miss|p1a: Girafarig|p2a: Drakloak\n|\n|upkeep\n|turn|16\n|\n|t:|1700499263\n|move|p2a: Drakloak|Phantom Force|p1a: Girafarig|[from]lockedmove\n|-immune|p1a: Girafarig\n|move|p1a: Girafarig|Agility|p1a: Girafarig\n|-boost|p1a: Girafarig|spe|2\n|\n|upkeep\n|turn|17\n|\n|t:|1700499275\n|move|p2a: Drakloak|Sucker Punch|p1a: Girafarig\n|-supereffective|p1a: Girafarig\n|-damage|p1a: Girafarig|37\/100 par\n|-damage|p2a: Drakloak|91\/100|[from] item: Life Orb\n|cant|p1a: Girafarig|par\n|\n|upkeep\n|turn|18\n|\n|t:|1700499284\n|move|p2a: Drakloak|U-turn|p1a: Girafarig\n|-supereffective|p1a: Girafarig\n|-damage|p1a: Girafarig|0 fnt\n|faint|p1a: Girafarig\n|-damage|p2a: Drakloak|81\/100|[from] item: Life Orb\n|\n|t:|1700499290\n|switch|p2a: Munchlax|Munchlax, M|100\/100|[from] U-turn\n|\n|upkeep\n|\n|t:|1700499294\n|switch|p1a: Snorlax|Snorlax, F|100\/100\n|turn|19\n|\n|t:|1700499296\n|move|p1a: Snorlax|Belly Drum|p1a: Snorlax\n|-damage|p1a: Snorlax|50\/100\n|-setboost|p1a: Snorlax|atk|6|[from] move: Belly Drum\n|-enditem|p1a: Snorlax|Sitrus Berry|[eat]\n|-heal|p1a: Snorlax|75\/100|[from] item: Sitrus Berry\n|move|p2a: Munchlax|Curse|p2a: Munchlax\n|-unboost|p2a: Munchlax|spe|1\n|-boost|p2a: Munchlax|atk|1\n|-boost|p2a: Munchlax|def|1\n|\n|upkeep\n|turn|20\n|inactive|Hash_13 has 270 seconds left.\n|\n|t:|1700499319\n|switch|p2a: Drakloak|Drakloak, F|81\/100\n|move|p1a: Snorlax|Earthquake|p2a: Drakloak\n|-damage|p2a: Drakloak|0 fnt\n|faint|p2a: Drakloak\n|\n|upkeep\n|inactive|Hash_13 has 270 seconds left.\n|\n|t:|1700499326\n|switch|p2a: Iron Leaves|Iron Leaves|100\/100\n|-enditem|p2a: Iron Leaves|Booster Energy\n|-activate|p2a: Iron Leaves|ability: Quark Drive|[fromitem]\n|-start|p2a: Iron Leaves|quarkdriveatk\n|turn|21\n|inactive|Hash_13 has 270 seconds left.\n|\n|t:|1700499337\n|-terastallize|p1a: Snorlax|Fairy\n|move|p2a: Iron Leaves|Close Combat|p1a: Snorlax\n|-resisted|p1a: Snorlax\n|-crit|p1a: Snorlax\n|-damage|p1a: Snorlax|43\/100\n|-unboost|p2a: Iron Leaves|def|1\n|-unboost|p2a: Iron Leaves|spd|1\n|move|p1a: Snorlax|Crunch|p2a: Iron Leaves\n|-supereffective|p2a: Iron Leaves\n|-damage|p2a: Iron Leaves|0 fnt\n|faint|p2a: Iron Leaves\n|-end|p2a: Iron Leaves|Quark Drive|[silent]\n|\n|upkeep\n|inactive|Hash_13 has 270 seconds left.\n|\n|t:|1700499349\n|switch|p2a: Slaking|Slaking, F|49\/100\n|turn|22\n|inactive|Hash_13 has 270 seconds left.\n|\n|t:|1700499364\n|move|p2a: Slaking|Giga Impact|p1a: Snorlax\n|-damage|p1a: Snorlax|0 fnt\n|-mustrecharge|p2a: Slaking\n|faint|p1a: Snorlax\n|\n|upkeep\n|\n|t:|1700499368\n|switch|p1a: Rabsca|Rabsca, F|93\/100\n|turn|23\n|\n|t:|1700499371\n|cant|p2a: Slaking|recharge\n|move|p1a: Rabsca|Revival Blessing|p1a: Rabsca\n|-enditem|p1a: Rabsca|Leppa Berry|[eat]\n|-activate|p1a: Rabsca|item: Leppa Berry|Revival Blessing|[consumed]\n|\n|t:|1700499390\n|-heal|p1: Girafarig|50\/100|[from] move: Revival Blessing\n|\n|upkeep\n|turn|24\n|\n|t:|1700499409\n|move|p2a: Slaking|Giga Impact|p1a: Rabsca\n|-damage|p1a: Rabsca|0 fnt\n|-mustrecharge|p2a: Slaking\n|faint|p1a: Rabsca\n|\n|upkeep\n|\n|t:|1700499419\n|switch|p1a: Dipplin|Dipplin, F|100\/100\n|turn|25\n|\n|t:|1700499423\n|cant|p2a: Slaking|recharge\n|move|p1a: Dipplin|Dragon Pulse|p2a: Slaking\n|-damage|p2a: Slaking|10\/100\n|\n|upkeep\n|turn|26\n|\n|t:|1700499430\n|move|p2a: Slaking|Giga Impact|p1a: Dipplin|[miss]\n|-miss|p2a: Slaking|p1a: Dipplin\n|move|p1a: Dipplin|Dragon Pulse|p2a: Slaking\n|-damage|p2a: Slaking|0 fnt\n|faint|p2a: Slaking\n|\n|upkeep\n|\n|t:|1700499439\n|switch|p2a: Munchlax|Munchlax, M|100\/100\n|turn|27\n|\n|t:|1700499448\n|move|p1a: Dipplin|Dragon Pulse|p2a: Munchlax\n|-damage|p2a: Munchlax|77\/100\n|move|p2a: Munchlax|Curse|p2a: Munchlax\n|-unboost|p2a: Munchlax|spe|1\n|-boost|p2a: Munchlax|atk|1\n|-boost|p2a: Munchlax|def|1\n|\n|upkeep\n|turn|28\n|\n|t:|1700499456\n|move|p1a: Dipplin|Energy Ball|p2a: Munchlax\n|-damage|p2a: Munchlax|53\/100\n|move|p2a: Munchlax|Curse|p2a: Munchlax\n|-unboost|p2a: Munchlax|spe|1\n|-boost|p2a: Munchlax|atk|1\n|-boost|p2a: Munchlax|def|1\n|\n|upkeep\n|turn|29\n|\n|t:|1700499466\n|move|p1a: Dipplin|Energy Ball|p2a: Munchlax\n|-damage|p2a: Munchlax|30\/100\n|move|p2a: Munchlax|Curse|p2a: Munchlax\n|-unboost|p2a: Munchlax|spe|1\n|-boost|p2a: Munchlax|atk|1\n|-boost|p2a: Munchlax|def|1\n|\n|upkeep\n|turn|30\n|\n|t:|1700499473\n|move|p1a: Dipplin|Energy Ball|p2a: Munchlax\n|-damage|p2a: Munchlax|9\/100\n|move|p2a: Munchlax|Rest|p2a: Munchlax\n|-status|p2a: Munchlax|slp|[from] move: Rest\n|-heal|p2a: Munchlax|100\/100 slp|[silent]\n|\n|upkeep\n|turn|31\n|\n|t:|1700499483\n|move|p1a: Dipplin|Energy Ball|p2a: Munchlax\n|-damage|p2a: Munchlax|76\/100 slp\n|cant|p2a: Munchlax|slp\n|move|p2a: Munchlax|Sleep Talk|p2a: Munchlax\n|move|p2a: Munchlax|Counter||[from]move: Sleep Talk|[still]\n|-fail|p2a: Munchlax\n|\n|upkeep\n|turn|32\n|\n|t:|1700499496\n|move|p1a: Dipplin|Energy Ball|p2a: Munchlax\n|-damage|p2a: Munchlax|53\/100 slp\n|cant|p2a: Munchlax|slp\n|move|p2a: Munchlax|Sleep Talk|p2a: Munchlax\n|move|p2a: Munchlax|Curse|p2a: Munchlax|[from]move: Sleep Talk\n|-unboost|p2a: Munchlax|spe|1\n|-boost|p2a: Munchlax|atk|1\n|-boost|p2a: Munchlax|def|1\n|\n|upkeep\n|turn|33\n|\n|t:|1700499518\n|move|p1a: Dipplin|Energy Ball|p2a: Munchlax\n|-damage|p2a: Munchlax|32\/100 slp\n|-curestatus|p2a: Munchlax|slp|[msg]\n|move|p2a: Munchlax|Rest|p2a: Munchlax\n|-status|p2a: Munchlax|slp|[from] move: Rest\n|-heal|p2a: Munchlax|100\/100 slp|[silent]\n|\n|upkeep\n|turn|34\n|\n|t:|1700499527\n|switch|p1a: Girafarig|Girafarig, M|50\/100\n|cant|p2a: Munchlax|slp\n|move|p2a: Munchlax|Sleep Talk|p2a: Munchlax\n|move|p2a: Munchlax|Counter||[from]move: Sleep Talk|[still]\n|-fail|p2a: Munchlax\n|\n|upkeep\n|turn|35\n|\n|t:|1700499539\n|move|p1a: Girafarig|Nasty Plot|p1a: Girafarig\n|-boost|p1a: Girafarig|spa|2\n|cant|p2a: Munchlax|slp\n|\n|upkeep\n|turn|36\n|\n|t:|1700499545\n|move|p1a: Girafarig|Nasty Plot|p1a: Girafarig\n|-boost|p1a: Girafarig|spa|2\n|-curestatus|p2a: Munchlax|slp|[msg]\n|move|p2a: Munchlax|Curse|p2a: Munchlax\n|-unboost|p2a: Munchlax|spe|1\n|-boost|p2a: Munchlax|atk|1\n|-boost|p2a: Munchlax|def|1\n|\n|upkeep\n|turn|37\n|\n|t:|1700499549\n|move|p1a: Girafarig|Nasty Plot|p1a: Girafarig\n|-boost|p1a: Girafarig|spa|2\n|move|p2a: Munchlax|Curse|p2a: Munchlax\n|-unboost|p2a: Munchlax|spe|1\n|-boost|p2a: Munchlax|atk|1\n|-boost|p2a: Munchlax|def|1\n|\n|upkeep\n|turn|38\n|\n|t:|1700499556\n|move|p1a: Girafarig|Agility|p1a: Girafarig\n|-boost|p1a: Girafarig|spe|2\n|move|p2a: Munchlax|Curse|p2a: Munchlax\n|\n|upkeep\n|turn|39\n|\n|t:|1700499584\n|move|p1a: Girafarig|Agility|p1a: Girafarig\n|-boost|p1a: Girafarig|spe|2\n|move|p2a: Munchlax|Counter||[still]\n|-fail|p2a: Munchlax\n|\n|upkeep\n|turn|40\n|\n|t:|1700499587\n|move|p1a: Girafarig|Psychic|p2a: Munchlax\n|-damage|p2a: Munchlax|9\/100\n|move|p2a: Munchlax|Counter||[still]\n|-fail|p2a: Munchlax\n|\n|upkeep\n|turn|41\n|\n|t:|1700499591\n|move|p1a: Girafarig|Psychic|p2a: Munchlax\n|-damage|p2a: Munchlax|0 fnt\n|faint|p2a: Munchlax\n|\n|win|Kilometres999\n","uploadtime":1700499594,"views":9,"p1id":"kilometres999","p2id":"hash13","formatid":"gen9ubers","rating":0,"private":0,"password":""}