{"id":"gen9ubers-1997175670","p1":"Greenmoosen","p2":"PennyPoffen","format":"[Gen 9] Ubers","log":"|j|\u2606Greenmoosen\n|j|\u2606PennyPoffen\n|t:|1700772276\n|gametype|singles\n|player|p1|Greenmoosen|dawn|1095\n|player|p2|PennyPoffen|dawn-gen4pt|1160\n|teamsize|p1|6\n|teamsize|p2|6\n|gen|9\n|tier|[Gen 9] Ubers\n|rated|\n|rule|Sleep Clause Mod: Limit one foe put to sleep\n|rule|Species Clause: Limit one of each Pok\u00e9mon\n|rule|OHKO Clause: OHKO moves are banned\n|rule|Evasion Items Clause: Evasion items are banned\n|rule|Evasion Moves Clause: Evasion moves are banned\n|rule|Endless Battle Clause: Forcing endless battles is banned\n|rule|HP Percentage Mod: HP is shown in percentages\n|clearpoke\n|poke|p1|Urshifu-*, F|\n|poke|p1|Baxcalibur, M|\n|poke|p1|Empoleon, M|\n|poke|p1|Flutter Mane|\n|poke|p1|Ursaluna-Bloodmoon, M|\n|poke|p1|Magnezone|\n|poke|p2|Electrode-Hisui|\n|poke|p2|Orthworm, M|\n|poke|p2|Arceus|\n|poke|p2|Cyclizar, M|\n|poke|p2|Dragonite, M|\n|poke|p2|Shaymin-Sky|\n|teampreview\n|inactive|Battle timer is ON: inactive players will automatically lose when time's up. (requested by Greenmoosen)\n|\n|t:|1700772280\n|start\n|switch|p1a: Urshifu|Urshifu, F|100\/100\n|switch|p2a: Cyclizar|Cyclizar, M|100\/100\n|turn|1\n|\n|t:|1700772290\n|move|p2a: Cyclizar|Shed Tail|p2a: Cyclizar\n|-start|p2a: Cyclizar|Substitute|[from] move: Shed Tail\n|-damage|p2a: Cyclizar|50\/100\n|\n|t:|1700772292\n|switch|p2a: Dragonite|Dragonite, M|100\/100|[from] Shed Tail\n|move|p1a: Urshifu|Swords Dance|p1a: Urshifu\n|-boost|p1a: Urshifu|atk|2\n|\n|upkeep\n|turn|2\n|\n|t:|1700772301\n|move|p1a: Urshifu|Ice Punch|p2a: Dragonite\n|-supereffective|p2a: Dragonite\n|-end|p2a: Dragonite|Substitute\n|move|p2a: Dragonite|Dragon Dance|p2a: Dragonite\n|-boost|p2a: Dragonite|atk|1\n|-boost|p2a: Dragonite|spe|1\n|\n|upkeep\n|turn|3\n|\n|t:|1700772307\n|-terastallize|p2a: Dragonite|Normal\n|move|p2a: Dragonite|Extreme Speed|p1a: Urshifu\n|-damage|p1a: Urshifu|21\/100\n|move|p1a: Urshifu|Ice Punch|p2a: Dragonite\n|-damage|p2a: Dragonite|75\/100\n|\n|upkeep\n|turn|4\n|\n|t:|1700772319\n|move|p2a: Dragonite|Extreme Speed|p1a: Urshifu\n|-damage|p1a: Urshifu|0 fnt\n|faint|p1a: Urshifu\n|\n|upkeep\n|\n|t:|1700772325\n|switch|p1a: Flutter Mane|Flutter Mane|100\/100\n|-enditem|p1a: Flutter Mane|Booster Energy\n|-activate|p1a: Flutter Mane|ability: Protosynthesis|[fromitem]\n|-start|p1a: Flutter Mane|protosynthesisspe\n|turn|5\n|\n|t:|1700772331\n|move|p1a: Flutter Mane|Calm Mind|p1a: Flutter Mane\n|-boost|p1a: Flutter Mane|spa|1\n|-boost|p1a: Flutter Mane|spd|1\n|move|p2a: Dragonite|Earthquake|p1a: Flutter Mane\n|-damage|p1a: Flutter Mane|0 fnt\n|faint|p1a: Flutter Mane\n|-end|p1a: Flutter Mane|Protosynthesis|[silent]\n|\n|upkeep\n|\n|t:|1700772341\n|switch|p1a: Magnezone|Magnezone|100\/100\n|turn|6\n|\n|t:|1700772347\n|move|p2a: Dragonite|Earthquake|p1a: Magnezone\n|-supereffective|p1a: Magnezone\n|-ability|p1a: Magnezone|Sturdy\n|-damage|p1a: Magnezone|1\/100\n|move|p1a: Magnezone|Thunderbolt|p2a: Dragonite\n|-damage|p2a: Dragonite|32\/100\n|\n|upkeep\n|turn|7\n|\n|t:|1700772358\n|move|p2a: Dragonite|Dragon Claw|p1a: Magnezone\n|-resisted|p1a: Magnezone\n|-damage|p1a: Magnezone|0 fnt\n|faint|p1a: Magnezone\n|\n|upkeep\n|\n|t:|1700772362\n|switch|p1a: Ursaluna|Ursaluna-Bloodmoon, M|100\/100\n|turn|8\n|\n|t:|1700772367\n|move|p2a: Dragonite|Extreme Speed|p1a: Ursaluna\n|-damage|p1a: Ursaluna|44\/100\n|move|p1a: Ursaluna|Blood Moon|p2a: Dragonite\n|-damage|p2a: Dragonite|0 fnt\n|faint|p2a: Dragonite\n|-damage|p1a: Ursaluna|34\/100|[from] item: Life Orb\n|\n|upkeep\n|\n|t:|1700772377\n|switch|p2a: Orthworm|Orthworm, M|100\/100\n|turn|9\n|\n|t:|1700772385\n|move|p2a: Orthworm|Coil|p2a: Orthworm\n|-boost|p2a: Orthworm|atk|1\n|-boost|p2a: Orthworm|def|1\n|-boost|p2a: Orthworm|accuracy|1\n|move|p1a: Ursaluna|Calm Mind|p1a: Ursaluna\n|-boost|p1a: Ursaluna|spa|1\n|-boost|p1a: Ursaluna|spd|1\n|\n|upkeep\n|turn|10\n|\n|t:|1700772393\n|move|p2a: Orthworm|Body Press|p1a: Ursaluna\n|-supereffective|p1a: Ursaluna\n|-damage|p1a: Ursaluna|0 fnt\n|faint|p1a: Ursaluna\n|\n|upkeep\n|\n|t:|1700772398\n|switch|p1a: Empoleon|Empoleon, M|100\/100\n|turn|11\n|\n|t:|1700772404\n|move|p2a: Orthworm|Body Press|p1a: Empoleon\n|-supereffective|p1a: Empoleon\n|-damage|p1a: Empoleon|21\/100\n|move|p1a: Empoleon|Surf|p2a: Orthworm\n|-damage|p2a: Orthworm|0 fnt\n|faint|p2a: Orthworm\n|\n|upkeep\n|\n|t:|1700772414\n|switch|p2a: Electrode|Electrode-Hisui|100\/100\n|turn|12\n|\n|t:|1700772419\n|move|p2a: Electrode|Volt Switch|p1a: Empoleon\n|-supereffective|p1a: Empoleon\n|-damage|p1a: Empoleon|0 fnt\n|faint|p1a: Empoleon\n|\n|t:|1700772430\n|switch|p2a: Cyclizar|Cyclizar, M|83\/100|[from] Volt Switch\n|\n|upkeep\n|\n|t:|1700772435\n|switch|p1a: Baxcalibur|Baxcalibur, M|100\/100\n|turn|13\n|\n|t:|1700772442\n|move|p2a: Cyclizar|Shed Tail|p2a: Cyclizar\n|-start|p2a: Cyclizar|Substitute|[from] move: Shed Tail\n|-damage|p2a: Cyclizar|33\/100\n|\n|t:|1700772446\n|switch|p2a: Shaymin|Shaymin-Sky|100\/100|[from] Shed Tail\n|move|p1a: Baxcalibur|Icicle Spear|p2a: Shaymin\n|-supereffective|p2a: Shaymin\n|-end|p2a: Shaymin|Substitute\n|-supereffective|p2a: Shaymin\n|-damage|p2a: Shaymin|23\/100\n|-supereffective|p2a: Shaymin\n|-damage|p2a: Shaymin|0 fnt\n|faint|p2a: Shaymin\n|-hitcount|p2: Shaymin|3\n|\n|upkeep\n|\n|t:|1700772453\n|switch|p2a: Cyclizar|Cyclizar, M|66\/100\n|turn|14\n|\n|t:|1700772460\n|move|p2a: Cyclizar|Draco Meteor|p1a: Baxcalibur\n|-supereffective|p1a: Baxcalibur\n|-damage|p1a: Baxcalibur|1\/100\n|-unboost|p2a: Cyclizar|spa|2\n|move|p1a: Baxcalibur|Dragon Dance|p1a: Baxcalibur\n|-boost|p1a: Baxcalibur|atk|1\n|-boost|p1a: Baxcalibur|spe|1\n|\n|upkeep\n|turn|15\n|\n|t:|1700772469\n|move|p2a: Cyclizar|Draco Meteor|p1a: Baxcalibur|[miss]\n|-miss|p2a: Cyclizar|p1a: Baxcalibur\n|move|p1a: Baxcalibur|Icicle Spear|p2a: Cyclizar\n|-supereffective|p2a: Cyclizar\n|-damage|p2a: Cyclizar|0 fnt\n|faint|p2a: Cyclizar\n|-hitcount|p2: Cyclizar|1\n|\n|upkeep\n|c|\u2606PennyPoffen|gg\n|c|\u2606PennyPoffen|if i can hit a move\n|\n|t:|1700772483\n|switch|p2a: Arceus|Arceus|100\/100\n|turn|16\n|\n|t:|1700772489\n|move|p2a: Arceus|Extreme Speed|p1a: Baxcalibur\n|-damage|p1a: Baxcalibur|0 fnt\n|faint|p1a: Baxcalibur\n|-damage|p2a: Arceus|91\/100|[from] item: Life Orb\n|\n|win|PennyPoffen\n|raw|Greenmoosen's rating: 1095 &rarr; <strong>1075<\/strong><br \/>(-20 for losing)\n|raw|PennyPoffen's rating: 1160 &rarr; <strong>1180<\/strong><br \/>(+20 for winning)\n|l|\u2606Greenmoosen\n","uploadtime":1700772502,"views":5,"p1id":"greenmoosen","p2id":"pennypoffen","formatid":"gen9ubers","rating":1075,"private":0,"password":""}