{"id":"gen9ubers-1999196305","p1":"Jomamajoestar42","p2":"bruc3wi11is","format":"[Gen 9] Ubers","log":"|j|\u2606Jomamajoestar42\n|j|\u2606bruc3wi11is\n|t:|1701044121\n|gametype|singles\n|player|p1|Jomamajoestar42|mars|1237\n|player|p2|bruc3wi11is|red|1198\n|teamsize|p1|6\n|teamsize|p2|6\n|gen|9\n|tier|[Gen 9] Ubers\n|rated|\n|rule|Sleep Clause Mod: Limit one foe put to sleep\n|rule|Species Clause: Limit one of each Pok\u00e9mon\n|rule|OHKO Clause: OHKO moves are banned\n|rule|Evasion Items Clause: Evasion items are banned\n|rule|Evasion Moves Clause: Evasion moves are banned\n|rule|Endless Battle Clause: Forcing endless battles is banned\n|rule|HP Percentage Mod: HP is shown in percentages\n|clearpoke\n|poke|p1|Skeledirge, M|\n|poke|p1|Palafin, M|\n|poke|p1|Gliscor, M|\n|poke|p1|Sneasler, F|\n|poke|p1|Dragapult, M|\n|poke|p1|Great Tusk|\n|poke|p2|Annihilape, M|\n|poke|p2|Amoonguss, M|\n|poke|p2|Zacian-*|\n|poke|p2|Mewtwo|\n|poke|p2|Rayquaza|\n|poke|p2|Kyogre|\n|teampreview\n|inactive|Battle timer is ON: inactive players will automatically lose when time's up. (requested by bruc3wi11is)\n|\n|t:|1701044126\n|start\n|switch|p1a: Palafin|Palafin, M|100\/100\n|switch|p2a: Rayquaza|Rayquaza|100\/100\n|-ability|p2a: Rayquaza|Air Lock\n|turn|1\n|\n|t:|1701044136\n|detailschange|p1a: Palafin|Palafin-Hero, M\n|switch|p1a: Skeledirge|Skeledirge, M|100\/100\n|move|p2a: Rayquaza|Dragon Dance|p2a: Rayquaza\n|-boost|p2a: Rayquaza|atk|1\n|-boost|p2a: Rayquaza|spe|1\n|\n|upkeep\n|turn|2\n|\n|t:|1701044138\n|move|p2a: Rayquaza|Substitute|p2a: Rayquaza\n|-start|p2a: Rayquaza|Substitute\n|-damage|p2a: Rayquaza|76\/100\n|move|p1a: Skeledirge|Will-O-Wisp||[still]\n|-fail|p1a: Skeledirge\n|\n|upkeep\n|turn|3\n|\n|t:|1701044141\n|move|p2a: Rayquaza|Dragon Dance|p2a: Rayquaza\n|-boost|p2a: Rayquaza|atk|1\n|-boost|p2a: Rayquaza|spe|1\n|move|p1a: Skeledirge|Torch Song|p2a: Rayquaza\n|-resisted|p2a: Rayquaza\n|-damage|p2a: Rayquaza|59\/100\n|-boost|p1a: Skeledirge|spa|1\n|\n|upkeep\n|turn|4\n|\n|t:|1701044145\n|move|p2a: Rayquaza|Earthquake|p1a: Skeledirge\n|-supereffective|p1a: Skeledirge\n|-damage|p1a: Skeledirge|55\/100\n|move|p1a: Skeledirge|Torch Song|p2a: Rayquaza\n|-resisted|p2a: Rayquaza\n|-damage|p2a: Rayquaza|38\/100\n|-boost|p1a: Skeledirge|spa|1\n|\n|upkeep\n|turn|5\n|\n|t:|1701044151\n|move|p2a: Rayquaza|Earthquake|p1a: Skeledirge\n|-supereffective|p1a: Skeledirge\n|-damage|p1a: Skeledirge|12\/100\n|move|p1a: Skeledirge|Hex|p2a: Rayquaza\n|-end|p2a: Rayquaza|Substitute\n|\n|upkeep\n|turn|6\n|\n|t:|1701044156\n|move|p2a: Rayquaza|Earthquake|p1a: Skeledirge\n|-supereffective|p1a: Skeledirge\n|-damage|p1a: Skeledirge|0 fnt\n|faint|p1a: Skeledirge\n|\n|upkeep\n|\n|t:|1701044160\n|switch|p1a: Sneasler|Sneasler, F|100\/100\n|turn|7\n|\n|t:|1701044164\n|move|p1a: Sneasler|Fake Out|p2a: Rayquaza\n|-damage|p2a: Rayquaza|22\/100\n|-status|p2a: Rayquaza|psn|[from] ability: Poison Touch|[of] p1a: Sneasler\n|cant|p2a: Rayquaza|flinch\n|\n|-damage|p2a: Rayquaza|10\/100 psn|[from] psn\n|upkeep\n|turn|8\n|\n|t:|1701044177\n|move|p2a: Rayquaza|Dragon Ascent|p1a: Sneasler\n|-supereffective|p1a: Sneasler\n|-damage|p1a: Sneasler|0 fnt\n|-unboost|p2a: Rayquaza|def|1\n|-unboost|p2a: Rayquaza|spd|1\n|faint|p1a: Sneasler\n|\n|-damage|p2a: Rayquaza|0 fnt|[from] psn\n|faint|p2a: Rayquaza\n|upkeep\n|\n|t:|1701044188\n|switch|p1a: Gliscor|Gliscor, M|100\/100\n|switch|p2a: Kyogre|Kyogre|100\/100\n|-weather|RainDance|[from] ability: Drizzle|[of] p2a: Kyogre\n|turn|9\n|\n|t:|1701044194\n|move|p1a: Gliscor|Protect|p1a: Gliscor\n|-singleturn|p1a: Gliscor|Protect\n|move|p2a: Kyogre|Water Spout|p1a: Gliscor\n|-activate|p1a: Gliscor|move: Protect\n|\n|-weather|RainDance|[upkeep]\n|-status|p1a: Gliscor|tox|[from] item: Toxic Orb\n|upkeep\n|turn|10\n|\n|t:|1701044201\n|move|p2a: Kyogre|Water Spout|p1a: Gliscor\n|-supereffective|p1a: Gliscor\n|-damage|p1a: Gliscor|0 fnt\n|faint|p1a: Gliscor\n|\n|-weather|RainDance|[upkeep]\n|upkeep\n|\n|t:|1701044205\n|switch|p1a: Palafin|Palafin-Hero, M|100\/100\n|-activate|p1a: Palafin|ability: Zero to Hero\n|turn|11\n|\n|t:|1701044208\n|switch|p2a: Amoonguss|Amoonguss, M|100\/100\n|move|p1a: Palafin|Jet Punch|p2a: Amoonguss\n|-resisted|p2a: Amoonguss\n|-damage|p2a: Amoonguss|66\/100\n|-damage|p1a: Palafin|84\/100|[from] item: Rocky Helmet|[of] p2a: Amoonguss\n|\n|-weather|RainDance|[upkeep]\n|upkeep\n|turn|12\n|\n|t:|1701044216\n|switch|p1a: Great Tusk|Great Tusk|100\/100\n|move|p2a: Amoonguss|Spore|p1a: Great Tusk\n|-status|p1a: Great Tusk|slp|[from] move: Spore\n|\n|-weather|RainDance|[upkeep]\n|upkeep\n|turn|13\n|\n|t:|1701044220\n|cant|p1a: Great Tusk|slp\n|move|p2a: Amoonguss|Giga Drain|p1a: Great Tusk\n|-supereffective|p1a: Great Tusk\n|-damage|p1a: Great Tusk|28\/100 slp\n|-heal|p2a: Amoonguss|97\/100|[from] drain|[of] p1a: Great Tusk\n|\n|-weather|none\n|-heal|p1a: Great Tusk|34\/100 slp|[from] item: Leftovers\n|upkeep\n|turn|14\n|\n|t:|1701044221\n|cant|p1a: Great Tusk|slp\n|move|p2a: Amoonguss|Giga Drain|p1a: Great Tusk\n|-supereffective|p1a: Great Tusk\n|-damage|p1a: Great Tusk|0 fnt\n|-heal|p2a: Amoonguss|100\/100|[from] drain|[of] p1a: Great Tusk\n|faint|p1a: Great Tusk\n|-end|p1a: Great Tusk|Protosynthesis|[silent]\n|\n|upkeep\n|\n|t:|1701044224\n|switch|p1a: Dragapult|Dragapult, M|100\/100\n|turn|15\n|\n|t:|1701044226\n|move|p1a: Dragapult|Substitute|p1a: Dragapult\n|-start|p1a: Dragapult|Substitute\n|-damage|p1a: Dragapult|76\/100\n|move|p2a: Amoonguss|Spore||[still]\n|-fail|p2a: Amoonguss\n|\n|-heal|p1a: Dragapult|82\/100|[from] item: Leftovers\n|upkeep\n|turn|16\n|\n|t:|1701044234\n|switch|p2a: Zacian|Zacian-Crowned|100\/100\n|-ability|p2a: Zacian|Intrepid Sword|boost\n|-boost|p2a: Zacian|atk|1\n|move|p1a: Dragapult|Dragon Dance|p1a: Dragapult\n|-boost|p1a: Dragapult|atk|1\n|-boost|p1a: Dragapult|spe|1\n|\n|-heal|p1a: Dragapult|88\/100|[from] item: Leftovers\n|upkeep\n|turn|17\n|\n|t:|1701044237\n|move|p1a: Dragapult|Phantom Force||[still]\n|-prepare|p1a: Dragapult|Phantom Force\n|move|p2a: Zacian|Play Rough|p1a: Dragapult|[miss]\n|-miss|p2a: Zacian|p1a: Dragapult\n|\n|-heal|p1a: Dragapult|94\/100|[from] item: Leftovers\n|upkeep\n|turn|18\n|\n|t:|1701044241\n|move|p1a: Dragapult|Phantom Force|p2a: Zacian|[from]lockedmove\n|-damage|p2a: Zacian|38\/100\n|move|p2a: Zacian|Play Rough|p1a: Dragapult\n|-supereffective|p1a: Dragapult\n|-end|p1a: Dragapult|Substitute\n|\n|-heal|p1a: Dragapult|99\/100|[from] item: Leftovers\n|upkeep\n|turn|19\n|\n|t:|1701044248\n|move|p1a: Dragapult|Phantom Force||[still]\n|-prepare|p1a: Dragapult|Phantom Force\n|move|p2a: Zacian|Play Rough|p1a: Dragapult|[miss]\n|-miss|p2a: Zacian|p1a: Dragapult\n|\n|-heal|p1a: Dragapult|100\/100|[from] item: Leftovers\n|upkeep\n|turn|20\n|\n|t:|1701044251\n|move|p1a: Dragapult|Phantom Force|p2a: Zacian|[from]lockedmove\n|-damage|p2a: Zacian|0 fnt\n|faint|p2a: Zacian\n|\n|upkeep\n|\n|t:|1701044253\n|switch|p2a: Amoonguss|Amoonguss, M|100\/100\n|turn|21\n|\n|t:|1701044255\n|move|p1a: Dragapult|Substitute|p1a: Dragapult\n|-start|p1a: Dragapult|Substitute\n|-damage|p1a: Dragapult|76\/100\n|move|p2a: Amoonguss|Foul Play|p1a: Dragapult\n|-supereffective|p1a: Dragapult\n|-end|p1a: Dragapult|Substitute\n|\n|-heal|p1a: Dragapult|82\/100|[from] item: Leftovers\n|upkeep\n|turn|22\n|\n|t:|1701044261\n|move|p1a: Dragapult|Substitute|p1a: Dragapult\n|-start|p1a: Dragapult|Substitute\n|-damage|p1a: Dragapult|57\/100\n|move|p2a: Amoonguss|Foul Play|p1a: Dragapult\n|-supereffective|p1a: Dragapult\n|-end|p1a: Dragapult|Substitute\n|\n|-heal|p1a: Dragapult|63\/100|[from] item: Leftovers\n|upkeep\n|turn|23\n|\n|t:|1701044265\n|move|p1a: Dragapult|Phantom Force||[still]\n|-prepare|p1a: Dragapult|Phantom Force\n|move|p2a: Amoonguss|Foul Play|p1a: Dragapult|[miss]\n|-miss|p2a: Amoonguss|p1a: Dragapult\n|\n|-heal|p1a: Dragapult|69\/100|[from] item: Leftovers\n|upkeep\n|turn|24\n|\n|t:|1701044268\n|move|p1a: Dragapult|Phantom Force|p2a: Amoonguss|[from]lockedmove\n|-damage|p2a: Amoonguss|48\/100\n|-damage|p1a: Dragapult|52\/100|[from] item: Rocky Helmet|[of] p2a: Amoonguss\n|move|p2a: Amoonguss|Foul Play|p1a: Dragapult\n|-supereffective|p1a: Dragapult\n|-damage|p1a: Dragapult|0 fnt\n|faint|p1a: Dragapult\n|\n|upkeep\n|\n|t:|1701044271\n|switch|p1a: Palafin|Palafin-Hero, M|84\/100\n|turn|25\n|\n|t:|1701044275\n|-terastallize|p1a: Palafin|Water\n|move|p1a: Palafin|Jet Punch|p2a: Amoonguss\n|-resisted|p2a: Amoonguss\n|-damage|p2a: Amoonguss|15\/100\n|-damage|p1a: Palafin|68\/100|[from] item: Rocky Helmet|[of] p2a: Amoonguss\n|move|p2a: Amoonguss|Giga Drain|p1a: Palafin\n|-supereffective|p1a: Palafin\n|-damage|p1a: Palafin|20\/100\n|-heal|p2a: Amoonguss|34\/100|[from] drain|[of] p1a: Palafin\n|\n|upkeep\n|turn|26\n|\n|t:|1701044279\n|move|p1a: Palafin|Jet Punch|p2a: Amoonguss\n|-resisted|p2a: Amoonguss\n|-damage|p2a: Amoonguss|5\/100\n|-damage|p1a: Palafin|4\/100|[from] item: Rocky Helmet|[of] p2a: Amoonguss\n|move|p2a: Amoonguss|Giga Drain|p1a: Palafin\n|-supereffective|p1a: Palafin\n|-damage|p1a: Palafin|0 fnt\n|-heal|p2a: Amoonguss|6\/100|[from] drain|[of] p1a: Palafin\n|faint|p1a: Palafin\n|\n|win|bruc3wi11is\n|raw|Jomamajoestar42's rating: 1237 &rarr; <strong>1209<\/strong><br \/>(-28 for losing)\n|raw|bruc3wi11is's rating: 1198 &rarr; <strong>1226<\/strong><br \/>(+28 for winning)\n|l|\u2606Jomamajoestar42\n","uploadtime":1701044297,"views":8,"p1id":"jomamajoestar42","p2id":"bruc3wi11is","formatid":"gen9ubers","rating":1209,"private":0,"password":""}