{"id":"gen9ubers-1981467506","p1":"leonissenbaum","p2":"wamkou","format":"[Gen 9] Ubers","log":"|j|\u2606leonissenbaum\n|j|\u2606wamkou\n|t:|1698901249\n|gametype|singles\n|player|p1|leonissenbaum|leon|\n|player|p2|wamkou|swimmerf-gen4|\n|teamsize|p1|6\n|teamsize|p2|6\n|gen|9\n|tier|[Gen 9] Ubers\n|rule|Sleep Clause Mod: Limit one foe put to sleep\n|rule|Species Clause: Limit one of each Pok\u00e9mon\n|rule|OHKO Clause: OHKO moves are banned\n|rule|Evasion Items Clause: Evasion items are banned\n|rule|Evasion Moves Clause: Evasion moves are banned\n|rule|Endless Battle Clause: Forcing endless battles is banned\n|rule|HP Percentage Mod: HP is shown in percentages\n|clearpoke\n|poke|p1|Crocalor, F|\n|poke|p1|Amoonguss, F|\n|poke|p1|Blissey, F|\n|poke|p1|Toedscruel, F|\n|poke|p1|Clefable, M|\n|poke|p1|Mew|\n|poke|p2|Arceus-Ghost|\n|poke|p2|Zacian-*|\n|poke|p2|Magearna|\n|poke|p2|Scizor, F|\n|poke|p2|Cyclizar, F|\n|poke|p2|Palkia-Origin|\n|teampreview\n|c|\u2606leonissenbaum|oh shit scizor gaming\n|c|\u2606leonissenbaum|scizor is my favorite pokemon\n|c|\u2606leonissenbaum|gl!\n|c|\u2606wamkou|What tier shifts do to an mf\n|c|\u2606wamkou|glhf\n|\n|t:|1698901287\n|start\n|switch|p1a: Mew|Mew|100\/100\n|switch|p2a: Magearna|Magearna|100\/100\n|turn|1\n|\n|t:|1698901300\n|switch|p1a: Toedscruel|Toedscruel, F|100\/100\n|move|p2a: Magearna|Spikes|p1a: Toedscruel\n|-sidestart|p1: leonissenbaum|Spikes\n|\n|upkeep\n|turn|2\n|\n|t:|1698901314\n|move|p2a: Magearna|Spikes|p1a: Toedscruel\n|-sidestart|p1: leonissenbaum|Spikes\n|move|p1a: Toedscruel|Leech Seed|p2a: Magearna\n|-start|p2a: Magearna|move: Leech Seed\n|\n|-damage|p2a: Magearna|88\/100|[from] Leech Seed|[of] p1a: Toedscruel\n|upkeep\n|turn|3\n|\n|t:|1698901319\n|move|p1a: Toedscruel|Rapid Spin|p2a: Magearna\n|-resisted|p2a: Magearna\n|-damage|p2a: Magearna|85\/100\n|-boost|p1a: Toedscruel|spe|1\n|-sideend|p1: leonissenbaum|Spikes|[from] move: Rapid Spin|[of] p1a: Toedscruel\n|move|p2a: Magearna|Spikes|p1a: Toedscruel\n|-sidestart|p1: leonissenbaum|Spikes\n|\n|-heal|p2a: Magearna|91\/100|[from] item: Leftovers\n|-damage|p2a: Magearna|79\/100|[from] Leech Seed|[of] p1a: Toedscruel\n|upkeep\n|turn|4\n|\n|t:|1698901326\n|move|p1a: Toedscruel|Rapid Spin|p2a: Magearna\n|-resisted|p2a: Magearna\n|-damage|p2a: Magearna|76\/100\n|-boost|p1a: Toedscruel|spe|1\n|-sideend|p1: leonissenbaum|Spikes|[from] move: Rapid Spin|[of] p1a: Toedscruel\n|move|p2a: Magearna|Draining Kiss|p1a: Toedscruel\n|-damage|p1a: Toedscruel|88\/100\n|-heal|p2a: Magearna|86\/100|[from] drain|[of] p1a: Toedscruel\n|\n|-heal|p1a: Toedscruel|94\/100|[from] item: Leftovers\n|-heal|p2a: Magearna|92\/100|[from] item: Leftovers\n|-damage|p2a: Magearna|79\/100|[from] Leech Seed|[of] p1a: Toedscruel\n|-heal|p1a: Toedscruel|100\/100|[silent]\n|upkeep\n|turn|5\n|\n|t:|1698901342\n|switch|p2a: Palkia|Palkia-Origin|100\/100\n|-ability|p2a: Palkia|Pressure\n|move|p1a: Toedscruel|Knock Off|p2a: Palkia\n|-damage|p2a: Palkia|88\/100\n|\n|upkeep\n|turn|6\n|\n|t:|1698901358\n|switch|p1a: Blissey|Blissey, F|100\/100\n|move|p2a: Palkia|Fire Blast|p1a: Blissey\n|-damage|p1a: Blissey|87\/100\n|\n|upkeep\n|turn|7\n|j| landoispunked\n|l| landoispunked\n|\n|t:|1698901371\n|switch|p2a: Magearna|Magearna|79\/100\n|move|p1a: Blissey|Seismic Toss|p2a: Magearna\n|-damage|p2a: Magearna|52\/100\n|\n|-heal|p2a: Magearna|58\/100|[from] item: Leftovers\n|upkeep\n|turn|8\n|\n|t:|1698901377\n|switch|p1a: Toedscruel|Toedscruel, F|100\/100\n|move|p2a: Magearna|Draining Kiss|p1a: Toedscruel\n|-damage|p1a: Toedscruel|87\/100\n|-heal|p2a: Magearna|68\/100|[from] drain|[of] p1a: Toedscruel\n|\n|-heal|p1a: Toedscruel|93\/100|[from] item: Leftovers\n|-heal|p2a: Magearna|74\/100|[from] item: Leftovers\n|upkeep\n|turn|9\n|\n|t:|1698901409\n|move|p2a: Magearna|Spikes|p1a: Toedscruel\n|-sidestart|p1: leonissenbaum|Spikes\n|move|p1a: Toedscruel|Leech Seed|p2a: Magearna\n|-start|p2a: Magearna|move: Leech Seed\n|\n|-heal|p1a: Toedscruel|99\/100|[from] item: Leftovers\n|-heal|p2a: Magearna|80\/100|[from] item: Leftovers\n|-damage|p2a: Magearna|68\/100|[from] Leech Seed|[of] p1a: Toedscruel\n|-heal|p1a: Toedscruel|100\/100|[silent]\n|upkeep\n|turn|10\n|\n|t:|1698901424\n|switch|p2a: Arceus|Arceus-Ghost|100\/100\n|move|p1a: Toedscruel|Rapid Spin|p2a: Arceus\n|-immune|p2a: Arceus\n|\n|upkeep\n|turn|11\n|\n|t:|1698901440\n|switch|p2a: Cyclizar|Cyclizar, F|100\/100\n|move|p1a: Toedscruel|Leech Seed|p2a: Cyclizar\n|-start|p2a: Cyclizar|move: Leech Seed\n|\n|-damage|p2a: Cyclizar|88\/100|[from] Leech Seed|[of] p1a: Toedscruel\n|upkeep\n|turn|12\n|j| the tr4sh man\n|\n|t:|1698901450\n|move|p2a: Cyclizar|Knock Off|p1a: Toedscruel\n|-damage|p1a: Toedscruel|73\/100\n|-enditem|p1a: Toedscruel|Leftovers|[from] move: Knock Off|[of] p2a: Cyclizar\n|move|p1a: Toedscruel|Rapid Spin|p2a: Cyclizar\n|-damage|p2a: Cyclizar|77\/100\n|-boost|p1a: Toedscruel|spe|1\n|-sideend|p1: leonissenbaum|Spikes|[from] move: Rapid Spin|[of] p1a: Toedscruel\n|\n|-damage|p2a: Cyclizar|64\/100|[from] Leech Seed|[of] p1a: Toedscruel\n|-heal|p1a: Toedscruel|85\/100|[silent]\n|upkeep\n|turn|13\n|\n|t:|1698901461\n|move|p2a: Cyclizar|Shed Tail|p2a: Cyclizar\n|-start|p2a: Cyclizar|Substitute|[from] move: Shed Tail\n|-damage|p2a: Cyclizar|14\/100\n|\n|t:|1698901471\n|switch|p2a: Scizor|Scizor, F|100\/100|[from] Shed Tail\n|move|p1a: Toedscruel|Knock Off|p2a: Scizor\n|-activate|p2a: Scizor|move: Substitute|[damage]\n|\n|upkeep\n|turn|14\n|\n|t:|1698901491\n|switch|p1a: Crocalor|Crocalor, F|100\/100\n|move|p2a: Scizor|Bullet Punch|p1a: Crocalor\n|-resisted|p1a: Crocalor\n|-damage|p1a: Crocalor|87\/100\n|\n|upkeep\n|turn|15\n|j| Quineqo\n|\n|t:|1698901501\n|switch|p2a: Palkia|Palkia-Origin|88\/100\n|-ability|p2a: Palkia|Pressure\n|move|p1a: Crocalor|Flamethrower|p2a: Palkia\n|-resisted|p2a: Palkia\n|-damage|p2a: Palkia|82\/100\n|\n|upkeep\n|turn|16\n|\n|t:|1698901519\n|switch|p2a: Scizor|Scizor, F|100\/100\n|switch|p1a: Blissey|Blissey, F|87\/100\n|\n|upkeep\n|turn|17\n|\n|t:|1698901525\n|switch|p1a: Amoonguss|Amoonguss, F|100\/100\n|move|p2a: Scizor|Knock Off|p1a: Amoonguss\n|-damage|p1a: Amoonguss|63\/100\n|-damage|p2a: Scizor|84\/100|[from] item: Rocky Helmet|[of] p1a: Amoonguss\n|-enditem|p1a: Amoonguss|Rocky Helmet|[from] move: Knock Off|[of] p2a: Scizor\n|\n|upkeep\n|turn|18\n|c| Quineqo|I thought about Scizor for Zacian\n|\n|t:|1698901536\n|move|p2a: Scizor|Knock Off|p1a: Amoonguss\n|-damage|p1a: Amoonguss|36\/100\n|move|p1a: Amoonguss|Spore|p2a: Scizor\n|-status|p2a: Scizor|slp|[from] move: Spore\n|\n|upkeep\n|turn|19\n|c| Quineqo|But it needs Band to OHKO with BP\n|c|\u2606leonissenbaum|rip\n|c| the tr4sh man|so just chip it\n|c| the tr4sh man|:D\n|\n|t:|1698901568\n|cant|p2a: Scizor|slp\n|move|p1a: Amoonguss|Synthesis|p1a: Amoonguss\n|-heal|p1a: Amoonguss|86\/100\n|\n|upkeep\n|turn|20\n|c| Quineqo|I believe Metal coat OHKOs with rocks\n|c| Quineqo|Or life orb\n|c| Quineqo|Idk\n|c| Quineqo|I forgot\n|c| Quineqo|The calcs\n|\n|t:|1698901592\n|switch|p2a: Cyclizar|Cyclizar, F|47\/100\n|move|p1a: Amoonguss|Giga Drain|p2a: Cyclizar\n|-resisted|p2a: Cyclizar\n|-damage|p2a: Cyclizar|32\/100\n|-heal|p1a: Amoonguss|93\/100|[from] drain|[of] p2a: Cyclizar\n|\n|upkeep\n|turn|21\n|c| Quineqo|Anyone got next?\n|\n|t:|1698901601\n|switch|p2a: Magearna|Magearna|68\/100\n|move|p1a: Amoonguss|Toxic|p2a: Magearna\n|-immune|p2a: Magearna\n|\n|-heal|p2a: Magearna|74\/100|[from] item: Leftovers\n|upkeep\n|turn|22\n|c| the tr4sh man|we could go against each other\n|c| Quineqo|Sure\n|\n|t:|1698901629\n|switch|p1a: Toedscruel|Toedscruel, F|85\/100\n|move|p2a: Magearna|Draining Kiss|p1a: Toedscruel\n|-damage|p1a: Toedscruel|72\/100\n|-heal|p2a: Magearna|84\/100|[from] drain|[of] p1a: Toedscruel\n|\n|-heal|p2a: Magearna|90\/100|[from] item: Leftovers\n|upkeep\n|turn|23\n|\n|t:|1698901646\n|move|p2a: Magearna|Draining Kiss|p1a: Toedscruel\n|-damage|p1a: Toedscruel|57\/100\n|-heal|p2a: Magearna|100\/100|[from] drain|[of] p1a: Toedscruel\n|move|p1a: Toedscruel|Leech Seed|p2a: Magearna\n|-start|p2a: Magearna|move: Leech Seed\n|\n|-damage|p2a: Magearna|88\/100|[from] Leech Seed|[of] p1a: Toedscruel\n|-heal|p1a: Toedscruel|70\/100|[silent]\n|upkeep\n|turn|24\n|\n|t:|1698901659\n|move|p2a: Magearna|Draining Kiss|p1a: Toedscruel\n|-damage|p1a: Toedscruel|55\/100\n|-heal|p2a: Magearna|99\/100|[from] drain|[of] p1a: Toedscruel\n|move|p1a: Toedscruel|Leech Seed||[still]\n|-fail|p1a: Toedscruel\n|\n|-heal|p2a: Magearna|100\/100|[from] item: Leftovers\n|-damage|p2a: Magearna|88\/100|[from] Leech Seed|[of] p1a: Toedscruel\n|-heal|p1a: Toedscruel|68\/100|[silent]\n|upkeep\n|turn|25\n|\n|t:|1698901666\n|move|p2a: Magearna|Draining Kiss|p1a: Toedscruel\n|-damage|p1a: Toedscruel|54\/100\n|-heal|p2a: Magearna|99\/100|[from] drain|[of] p1a: Toedscruel\n|move|p1a: Toedscruel|Leech Seed||[still]\n|-fail|p1a: Toedscruel\n|\n|-heal|p2a: Magearna|100\/100|[from] item: Leftovers\n|-damage|p2a: Magearna|88\/100|[from] Leech Seed|[of] p1a: Toedscruel\n|-heal|p1a: Toedscruel|66\/100|[silent]\n|upkeep\n|turn|26\n|\n|t:|1698901669\n|move|p1a: Toedscruel|Knock Off|p2a: Magearna\n|-resisted|p2a: Magearna\n|-damage|p2a: Magearna|83\/100\n|-enditem|p2a: Magearna|Leftovers|[from] move: Knock Off|[of] p1a: Toedscruel\n|move|p2a: Magearna|Draining Kiss|p1a: Toedscruel\n|-damage|p1a: Toedscruel|53\/100\n|-heal|p2a: Magearna|93\/100|[from] drain|[of] p1a: Toedscruel\n|\n|-damage|p2a: Magearna|80\/100|[from] Leech Seed|[of] p1a: Toedscruel\n|-heal|p1a: Toedscruel|66\/100|[silent]\n|upkeep\n|turn|27\n|\n|t:|1698901672\n|move|p2a: Magearna|Draining Kiss|p1a: Toedscruel\n|-damage|p1a: Toedscruel|53\/100\n|-heal|p2a: Magearna|90\/100|[from] drain|[of] p1a: Toedscruel\n|move|p1a: Toedscruel|Leech Seed||[still]\n|-fail|p1a: Toedscruel\n|\n|-damage|p2a: Magearna|77\/100|[from] Leech Seed|[of] p1a: Toedscruel\n|-heal|p1a: Toedscruel|66\/100|[silent]\n|upkeep\n|turn|28\n|\n|t:|1698901676\n|move|p2a: Magearna|Draining Kiss|p1a: Toedscruel\n|-damage|p1a: Toedscruel|52\/100\n|-heal|p2a: Magearna|88\/100|[from] drain|[of] p1a: Toedscruel\n|move|p1a: Toedscruel|Toxic Spikes|p2a: Magearna\n|-sidestart|p2: wamkou|move: Toxic Spikes\n|\n|-damage|p2a: Magearna|75\/100|[from] Leech Seed|[of] p1a: Toedscruel\n|-heal|p1a: Toedscruel|64\/100|[silent]\n|upkeep\n|turn|29\n|\n|t:|1698901681\n|move|p2a: Magearna|Flash Cannon|p1a: Toedscruel\n|-damage|p1a: Toedscruel|45\/100\n|move|p1a: Toedscruel|Leech Seed||[still]\n|-fail|p1a: Toedscruel\n|\n|-damage|p2a: Magearna|63\/100|[from] Leech Seed|[of] p1a: Toedscruel\n|-heal|p1a: Toedscruel|57\/100|[silent]\n|upkeep\n|turn|30\n|\n|t:|1698901708\n|switch|p1a: Mew|Mew|100\/100\n|switch|p2a: Cyclizar|Cyclizar, F|65\/100\n|\n|upkeep\n|turn|31\n|\n|t:|1698901717\n|move|p2a: Cyclizar|Rapid Spin|p1a: Mew\n|-damage|p1a: Mew|86\/100\n|-boost|p2a: Cyclizar|spe|1\n|-sideend|p2: wamkou|Toxic Spikes|[from] move: Rapid Spin|[of] p2a: Cyclizar\n|move|p1a: Mew|Toxic|p2a: Cyclizar\n|-status|p2a: Cyclizar|tox\n|\n|-heal|p1a: Mew|92\/100|[from] item: Leftovers\n|-damage|p2a: Cyclizar|59\/100 tox|[from] psn\n|upkeep\n|turn|32\n|\n|t:|1698901726\n|switch|p1a: Amoonguss|Amoonguss, F|100\/100\n|move|p2a: Cyclizar|Knock Off|p1a: Amoonguss\n|-damage|p1a: Amoonguss|91\/100\n|\n|-damage|p2a: Cyclizar|47\/100 tox|[from] psn\n|upkeep\n|turn|33\n|\n|t:|1698901736\n|move|p2a: Cyclizar|Taunt|p1a: Amoonguss\n|-start|p1a: Amoonguss|move: Taunt\n|cant|p1a: Amoonguss|move: Taunt|Toxic\n|\n|-damage|p2a: Cyclizar|28\/100 tox|[from] psn\n|upkeep\n|turn|34\n|\n|t:|1698901742\n|switch|p2a: Scizor|Scizor, F|84\/100 slp\n|move|p1a: Amoonguss|Giga Drain|p2a: Scizor\n|-resisted|p2a: Scizor\n|-damage|p2a: Scizor|77\/100 slp\n|-heal|p1a: Amoonguss|94\/100|[from] drain|[of] p2a: Scizor\n|\n|upkeep\n|turn|35\n|\n|t:|1698901751\n|cant|p2a: Scizor|slp\n|move|p1a: Amoonguss|Giga Drain|p2a: Scizor\n|-resisted|p2a: Scizor\n|-damage|p2a: Scizor|71\/100 slp\n|-heal|p1a: Amoonguss|96\/100|[from] drain|[of] p2a: Scizor\n|\n|-end|p1a: Amoonguss|move: Taunt\n|upkeep\n|turn|36\n|\n|t:|1698901755\n|-curestatus|p2a: Scizor|slp|[msg]\n|move|p2a: Scizor|U-turn|p1a: Amoonguss\n|-damage|p1a: Amoonguss|50\/100\n|\n|t:|1698901767\n|switch|p2a: Arceus|Arceus-Ghost|100\/100|[from] U-turn\n|move|p1a: Amoonguss|Spore|p2a: Arceus\n|-status|p2a: Arceus|slp|[from] move: Spore\n|\n|upkeep\n|turn|37\n|\n|t:|1698901785\n|switch|p1a: Toedscruel|Toedscruel, F|57\/100\n|cant|p2a: Arceus|slp\n|\n|upkeep\n|turn|38\n|\n|t:|1698901802\n|cant|p2a: Arceus|slp\n|move|p1a: Toedscruel|Leech Seed|p2a: Arceus\n|-start|p2a: Arceus|move: Leech Seed\n|\n|-damage|p2a: Arceus|88\/100 slp|[from] Leech Seed|[of] p1a: Toedscruel\n|-heal|p1a: Toedscruel|72\/100|[silent]\n|upkeep\n|turn|39\n|\n|t:|1698901815\n|switch|p1a: Crocalor|Crocalor, F|87\/100\n|cant|p2a: Arceus|slp\n|\n|-damage|p2a: Arceus|76\/100 slp|[from] Leech Seed|[of] p1a: Crocalor\n|-heal|p1a: Crocalor|100\/100|[silent]\n|upkeep\n|turn|40\n|\n|t:|1698901823\n|-curestatus|p2a: Arceus|slp|[msg]\n|move|p2a: Arceus|Judgment|p1a: Crocalor\n|-damage|p1a: Crocalor|53\/100\n|move|p1a: Crocalor|Will-O-Wisp|p2a: Arceus\n|-status|p2a: Arceus|brn\n|\n|-damage|p2a: Arceus|63\/100 brn|[from] Leech Seed|[of] p1a: Crocalor\n|-heal|p1a: Crocalor|68\/100|[silent]\n|-damage|p2a: Arceus|57\/100 brn|[from] brn\n|upkeep\n|turn|41\n|\n|t:|1698901835\n|move|p2a: Arceus|Recover|p2a: Arceus\n|-heal|p2a: Arceus|100\/100 brn\n|move|p1a: Crocalor|Slack Off|p1a: Crocalor\n|-heal|p1a: Crocalor|100\/100\n|\n|-damage|p2a: Arceus|88\/100 brn|[from] Leech Seed|[of] p1a: Crocalor\n|-damage|p2a: Arceus|82\/100 brn|[from] brn\n|upkeep\n|turn|42\n|\n|t:|1698901849\n|switch|p2a: Palkia|Palkia-Origin|82\/100\n|-ability|p2a: Palkia|Pressure\n|move|p1a: Crocalor|Flamethrower|p2a: Palkia\n|-resisted|p2a: Palkia\n|-damage|p2a: Palkia|75\/100\n|\n|upkeep\n|turn|43\n|\n|t:|1698901873\n|switch|p1a: Blissey|Blissey, F|87\/100\n|move|p2a: Palkia|Hydro Pump|p1a: Blissey\n|-damage|p1a: Blissey|63\/100\n|\n|upkeep\n|turn|44\n|\n|t:|1698901881\n|move|p2a: Palkia|Earth Power|p1a: Blissey\n|-damage|p1a: Blissey|52\/100\n|move|p1a: Blissey|Shadow Ball|p2a: Palkia\n|-damage|p2a: Palkia|61\/100\n|\n|upkeep\n|turn|45\n|l| Quineqo\n|\n|t:|1698901890\n|switch|p2a: Cyclizar|Cyclizar, F|61\/100 tox\n|move|p1a: Blissey|Soft-Boiled|p1a: Blissey\n|-heal|p1a: Blissey|100\/100\n|\n|-damage|p2a: Cyclizar|55\/100 tox|[from] psn\n|upkeep\n|turn|46\n|\n|t:|1698901899\n|switch|p1a: Amoonguss|Amoonguss, F|83\/100\n|move|p2a: Cyclizar|Knock Off|p1a: Amoonguss\n|-damage|p1a: Amoonguss|73\/100\n|\n|-damage|p2a: Cyclizar|43\/100 tox|[from] psn\n|upkeep\n|turn|47\n|\n|t:|1698901911\n|switch|p2a: Arceus|Arceus-Ghost|82\/100 brn\n|move|p1a: Amoonguss|Spore||[still]\n|-fail|p1a: Amoonguss\n|\n|-damage|p2a: Arceus|76\/100 brn|[from] brn\n|upkeep\n|turn|48\n|j| Jjjjjjjgamesyt\n|\n|t:|1698901918\n|switch|p1a: Blissey|Blissey, F|100\/100\n|move|p2a: Arceus|Calm Mind|p2a: Arceus\n|-boost|p2a: Arceus|spa|1\n|-boost|p2a: Arceus|spd|1\n|\n|-damage|p2a: Arceus|70\/100 brn|[from] brn\n|upkeep\n|turn|49\n|\n|t:|1698901934\n|switch|p1a: Clefable|Clefable, M|100\/100\n|move|p2a: Arceus|Calm Mind|p2a: Arceus\n|-boost|p2a: Arceus|spa|1\n|-boost|p2a: Arceus|spd|1\n|\n|-damage|p2a: Arceus|64\/100 brn|[from] brn\n|upkeep\n|turn|50\n|\n|t:|1698901941\n|move|p2a: Arceus|Judgment|p1a: Clefable\n|-damage|p1a: Clefable|68\/100\n|move|p1a: Clefable|Calm Mind|p1a: Clefable\n|-boost|p1a: Clefable|spa|1\n|-boost|p1a: Clefable|spd|1\n|\n|-heal|p1a: Clefable|74\/100|[from] item: Leftovers\n|-damage|p2a: Arceus|58\/100 brn|[from] brn\n|upkeep\n|turn|51\n|\n|t:|1698901947\n|move|p2a: Arceus|Judgment|p1a: Clefable\n|-damage|p1a: Clefable|52\/100\n|move|p1a: Clefable|Wish|p1a: Clefable\n|\n|-heal|p1a: Clefable|58\/100|[from] item: Leftovers\n|-damage|p2a: Arceus|52\/100 brn|[from] brn\n|upkeep\n|turn|52\n|\n|t:|1698901955\n|move|p2a: Arceus|Recover|p2a: Arceus\n|-heal|p2a: Arceus|100\/100 brn\n|move|p1a: Clefable|Moonblast|p2a: Arceus\n|-damage|p2a: Arceus|69\/100 brn\n|\n|-heal|p1a: Clefable|100\/100|[from] move: Wish|[wisher] Clefable\n|-damage|p2a: Arceus|63\/100 brn|[from] brn\n|upkeep\n|turn|53\n|\n|t:|1698901962\n|switch|p2a: Scizor|Scizor, F|71\/100\n|move|p1a: Clefable|Calm Mind|p1a: Clefable\n|-boost|p1a: Clefable|spa|1\n|-boost|p1a: Clefable|spd|1\n|\n|upkeep\n|turn|54\n|l| Jjjjjjjgamesyt\n|\n|t:|1698901968\n|move|p1a: Clefable|Protect|p1a: Clefable\n|-singleturn|p1a: Clefable|Protect\n|move|p2a: Scizor|Bullet Punch|p1a: Clefable\n|-activate|p1a: Clefable|move: Protect\n|\n|upkeep\n|turn|55\n|\n|t:|1698901984\n|switch|p1a: Crocalor|Crocalor, F|100\/100\n|move|p2a: Scizor|Bullet Punch|p1a: Crocalor\n|-resisted|p1a: Crocalor\n|-damage|p1a: Crocalor|87\/100\n|\n|upkeep\n|turn|56\n|\n|t:|1698902001\n|switch|p2a: Cyclizar|Cyclizar, F|76\/100 tox\n|move|p1a: Crocalor|Flamethrower|p2a: Cyclizar\n|-resisted|p2a: Cyclizar\n|-damage|p2a: Cyclizar|56\/100 tox\n|\n|-damage|p2a: Cyclizar|50\/100 tox|[from] psn\n|upkeep\n|turn|57\n|\n|t:|1698902019\n|switch|p2a: Scizor|Scizor, F|71\/100\n|switch|p1a: Amoonguss|Amoonguss, F|100\/100\n|\n|upkeep\n|turn|58\n|\n|t:|1698902027\n|move|p2a: Scizor|Knock Off|p1a: Amoonguss\n|-crit|p1a: Amoonguss\n|-damage|p1a: Amoonguss|63\/100\n|move|p1a: Amoonguss|Spore|p2a: Scizor\n|-status|p2a: Scizor|slp|[from] move: Spore\n|\n|upkeep\n|turn|59\n|\n|t:|1698902032\n|switch|p2a: Palkia|Palkia-Origin|61\/100\n|-ability|p2a: Palkia|Pressure\n|switch|p1a: Toedscruel|Toedscruel, F|72\/100\n|\n|upkeep\n|turn|60\n|\n|t:|1698902044\n|switch|p1a: Blissey|Blissey, F|100\/100\n|move|p2a: Palkia|Earth Power|p1a: Blissey\n|-damage|p1a: Blissey|90\/100\n|\n|upkeep\n|turn|61\n|\n|t:|1698902060\n|switch|p2a: Arceus|Arceus-Ghost|63\/100 brn\n|move|p1a: Blissey|Seismic Toss|p2a: Arceus\n|-immune|p2a: Arceus\n|\n|-damage|p2a: Arceus|57\/100 brn|[from] brn\n|upkeep\n|turn|62\n|\n|t:|1698902068\n|move|p2a: Arceus|Recover|p2a: Arceus\n|-heal|p2a: Arceus|100\/100 brn\n|move|p1a: Blissey|Shadow Ball|p2a: Arceus\n|-supereffective|p2a: Arceus\n|-damage|p2a: Arceus|83\/100 brn\n|\n|-damage|p2a: Arceus|77\/100 brn|[from] brn\n|upkeep\n|turn|63\n|\n|t:|1698902074\n|switch|p2a: Magearna|Magearna|63\/100\n|move|p1a: Blissey|Shadow Ball|p2a: Magearna\n|-damage|p2a: Magearna|52\/100\n|-unboost|p2a: Magearna|spd|1\n|\n|upkeep\n|turn|64\n|\n|t:|1698902087\n|switch|p1a: Toedscruel|Toedscruel, F|72\/100\n|move|p2a: Magearna|Draining Kiss|p1a: Toedscruel\n|-damage|p1a: Toedscruel|60\/100\n|-heal|p2a: Magearna|61\/100|[from] drain|[of] p1a: Toedscruel\n|\n|upkeep\n|turn|65\n|\n|t:|1698902108\n|move|p2a: Magearna|Spikes|p1a: Toedscruel\n|-sidestart|p1: leonissenbaum|Spikes\n|move|p1a: Toedscruel|Leech Seed|p2a: Magearna\n|-start|p2a: Magearna|move: Leech Seed\n|\n|-damage|p2a: Magearna|49\/100|[from] Leech Seed|[of] p1a: Toedscruel\n|-heal|p1a: Toedscruel|72\/100|[silent]\n|upkeep\n|turn|66\n|\n|t:|1698902113\n|switch|p2a: Arceus|Arceus-Ghost|77\/100 brn\n|move|p1a: Toedscruel|Rapid Spin|p2a: Arceus\n|-immune|p2a: Arceus\n|\n|-damage|p2a: Arceus|71\/100 brn|[from] brn\n|upkeep\n|turn|67\n|\n|t:|1698902124\n|move|p2a: Arceus|Judgment|p1a: Toedscruel\n|-damage|p1a: Toedscruel|45\/100\n|move|p1a: Toedscruel|Leech Seed|p2a: Arceus\n|-start|p2a: Arceus|move: Leech Seed\n|\n|-damage|p2a: Arceus|58\/100 brn|[from] Leech Seed|[of] p1a: Toedscruel\n|-heal|p1a: Toedscruel|60\/100|[silent]\n|-damage|p2a: Arceus|52\/100 brn|[from] brn\n|upkeep\n|turn|68\n|\n|t:|1698902137\n|switch|p2a: Scizor|Scizor, F|71\/100 slp\n|move|p1a: Toedscruel|Knock Off|p2a: Scizor\n|-damage|p2a: Scizor|53\/100 slp\n|-enditem|p2a: Scizor|Choice Band|[from] move: Knock Off|[of] p1a: Toedscruel\n|\n|upkeep\n|turn|69\n|\n|t:|1698902146\n|move|p1a: Toedscruel|Rapid Spin|p2a: Scizor\n|-resisted|p2a: Scizor\n|-damage|p2a: Scizor|49\/100 slp\n|-boost|p1a: Toedscruel|spe|1\n|-sideend|p1: leonissenbaum|Spikes|[from] move: Rapid Spin|[of] p1a: Toedscruel\n|cant|p2a: Scizor|slp\n|\n|upkeep\n|turn|70\n|\n|t:|1698902153\n|switch|p1a: Amoonguss|Amoonguss, F|96\/100\n|-curestatus|p2a: Scizor|slp|[msg]\n|move|p2a: Scizor|Knock Off|p1a: Amoonguss\n|-damage|p1a: Amoonguss|80\/100\n|\n|upkeep\n|turn|71\n|\n|t:|1698902168\n|move|p2a: Scizor|U-turn|p1a: Amoonguss\n|-damage|p1a: Amoonguss|50\/100\n|\n|t:|1698902173\n|switch|p2a: Cyclizar|Cyclizar, F|83\/100 tox|[from] U-turn\n|move|p1a: Amoonguss|Toxic|p2a: Cyclizar\n|-fail|p2a: Cyclizar|tox\n|\n|-damage|p2a: Cyclizar|77\/100 tox|[from] psn\n|upkeep\n|turn|72\n|\n|t:|1698902185\n|move|p2a: Cyclizar|Shed Tail|p2a: Cyclizar\n|-start|p2a: Cyclizar|Substitute|[from] move: Shed Tail\n|-damage|p2a: Cyclizar|27\/100 tox\n|\n|t:|1698902209\n|switch|p2a: Magearna|Magearna|49\/100|[from] Shed Tail\n|move|p1a: Amoonguss|Synthesis|p1a: Amoonguss\n|-heal|p1a: Amoonguss|99\/100\n|\n|upkeep\n|turn|73\n|\n|t:|1698902225\n|switch|p1a: Blissey|Blissey, F|90\/100\n|move|p2a: Magearna|Draining Kiss|p1a: Blissey\n|-damage|p1a: Blissey|84\/100\n|-heal|p2a: Magearna|57\/100|[from] drain|[of] p1a: Blissey\n|\n|upkeep\n|turn|74\n|\n|t:|1698902235\n|move|p2a: Magearna|Spikes|p1a: Blissey\n|-sidestart|p1: leonissenbaum|Spikes\n|move|p1a: Blissey|Seismic Toss|p2a: Magearna\n|-end|p2a: Magearna|Substitute\n|\n|upkeep\n|turn|75\n|\n|t:|1698902268\n|move|p2a: Magearna|Draining Kiss|p1a: Blissey\n|-damage|p1a: Blissey|77\/100\n|-heal|p2a: Magearna|67\/100|[from] drain|[of] p1a: Blissey\n|move|p1a: Blissey|Seismic Toss|p2a: Magearna\n|-damage|p2a: Magearna|40\/100\n|\n|upkeep\n|turn|76\n|\n|t:|1698902280\n|switch|p1a: Toedscruel|Toedscruel, F|60\/100\n|-damage|p1a: Toedscruel|47\/100|[from] Spikes\n|move|p2a: Magearna|Thunder Wave|p1a: Toedscruel\n|-immune|p1a: Toedscruel\n|\n|upkeep\n|turn|77\n|l|\u2606leonissenbaum\n|player|p1|\n|l|\u2606wamkou\n|player|p2|\n|j|\u2606wamkou\n|player|p2|wamkou|swimmerf-gen4\n|l|\u2606wamkou\n|player|p2|\n|j|\u2606wamkou\n|player|p2|wamkou|swimmerf-gen4\n|inactive|Battle timer is ON: inactive players will automatically lose when time's up. (requested by wamkou)\n|inactive|leonissenbaum has 270 seconds to reconnect!\n|inactive|leonissenbaum has 240 seconds to reconnect!\n|inactive|leonissenbaum has 210 seconds to reconnect!\n|inactive|leonissenbaum has 180 seconds to reconnect!\n|inactive|leonissenbaum has 150 seconds to reconnect!\n|inactive|leonissenbaum has 120 seconds to reconnect!\n|inactive|leonissenbaum has 90 seconds to reconnect!\n|inactive|leonissenbaum has 60 seconds to reconnect!\n|inactive|leonissenbaum has 30 seconds to reconnect!\n|inactive|leonissenbaum has 20 seconds to reconnect!\n|l|\u2606wamkou\n|inactive|wamkou disconnected and has 300 seconds to reconnect!\n|player|p2|\n|inactive|leonissenbaum has 15 seconds to reconnect!\n|inactive|leonissenbaum has 10 seconds to reconnect!\n|j|\u2606wamkou\n|inactive|wamkou reconnected.\n|player|p2|wamkou|swimmerf-gen4\n|inactive|leonissenbaum has 5 seconds to reconnect!\n|-message|leonissenbaum lost due to inactivity.\n|\n|win|wamkou\n","uploadtime":1698902712,"views":21,"p1id":"leonissenbaum","p2id":"wamkou","formatid":"gen9ubers","rating":0,"private":0,"password":""}