{"id":"gen9ubers-1985393997","p1":"lolstarlld","p2":"Laxwood","format":"[Gen 9] Ubers","log":"|j|\u2606lolstarlld\n|j|\u2606Laxwood\n|t:|1699371004\n|gametype|singles\n|player|p1|lolstarlld|266|1040\n|player|p2|Laxwood|266|1000\n|teamsize|p1|6\n|teamsize|p2|6\n|gen|9\n|tier|[Gen 9] Ubers\n|rated|\n|rule|Sleep Clause Mod: Limit one foe put to sleep\n|rule|Species Clause: Limit one of each Pok\u00e9mon\n|rule|OHKO Clause: OHKO moves are banned\n|rule|Evasion Items Clause: Evasion items are banned\n|rule|Evasion Moves Clause: Evasion moves are banned\n|rule|Endless Battle Clause: Forcing endless battles is banned\n|rule|HP Percentage Mod: HP is shown in percentages\n|clearpoke\n|poke|p1|Walking Wake|\n|poke|p1|Annihilape, M|\n|poke|p1|Basculegion-F, F|\n|poke|p1|Magearna-Original|\n|poke|p1|Ursaluna-Bloodmoon, M|\n|poke|p1|Iron Valiant|\n|poke|p2|Ogerpon-Hearthflame, F|\n|poke|p2|Landorus, M|\n|poke|p2|Tyranitar, M|\n|poke|p2|Zamazenta-*|\n|poke|p2|Arceus-Ground|\n|poke|p2|Palafin, M|\n|teampreview\n|\n|t:|1699371012\n|start\n|switch|p1a: Iron Valiant|Iron Valiant|100\/100\n|switch|p2a: Palafin|Palafin, M|100\/100\n|turn|1\n|\n|t:|1699371025\n|move|p1a: Iron Valiant|Dazzling Gleam|p2a: Palafin\n|-damage|p2a: Palafin|26\/100\n|-damage|p1a: Iron Valiant|91\/100|[from] item: Life Orb\n|move|p2a: Palafin|Flip Turn|p1a: Iron Valiant\n|-damage|p1a: Iron Valiant|47\/100\n|\n|t:|1699371049\n|detailschange|p2a: Palafin|Palafin-Hero, M\n|switch|p2a: Tyranitar|Tyranitar, M|100\/100|[from] Flip Turn\n|-weather|Sandstorm|[from] ability: Sand Stream|[of] p2a: Tyranitar\n|\n|-weather|Sandstorm|[upkeep]\n|-damage|p1a: Iron Valiant|41\/100|[from] Sandstorm\n|upkeep\n|turn|2\n|inactive|Battle timer is ON: inactive players will automatically lose when time's up. (requested by lolstarlld)\n|\n|t:|1699371060\n|move|p1a: Iron Valiant|Dazzling Gleam|p2a: Tyranitar\n|-supereffective|p2a: Tyranitar\n|-damage|p2a: Tyranitar|62\/100\n|-damage|p1a: Iron Valiant|31\/100|[from] item: Life Orb\n|move|p2a: Tyranitar|Thunder Wave|p1a: Iron Valiant\n|-status|p1a: Iron Valiant|par\n|\n|-weather|Sandstorm|[upkeep]\n|-damage|p1a: Iron Valiant|25\/100 par|[from] Sandstorm\n|upkeep\n|turn|3\n|\n|t:|1699371069\n|move|p1a: Iron Valiant|Dazzling Gleam|p2a: Tyranitar\n|-supereffective|p2a: Tyranitar\n|-damage|p2a: Tyranitar|25\/100\n|-damage|p1a: Iron Valiant|15\/100 par|[from] item: Life Orb\n|move|p2a: Tyranitar|Rock Blast|p1a: Iron Valiant\n|-resisted|p1a: Iron Valiant\n|-damage|p1a: Iron Valiant|8\/100 par\n|-resisted|p1a: Iron Valiant\n|-damage|p1a: Iron Valiant|1\/100 par\n|-resisted|p1a: Iron Valiant\n|-damage|p1a: Iron Valiant|0 fnt\n|faint|p1a: Iron Valiant\n|-end|p1a: Iron Valiant|Quark Drive|[silent]\n|-hitcount|p1: Iron Valiant|3\n|\n|-weather|Sandstorm|[upkeep]\n|upkeep\n|\n|t:|1699371083\n|switch|p1a: Magearna|Magearna-Original|100\/100\n|turn|4\n|\n|t:|1699371089\n|move|p1a: Magearna|Draining Kiss|p2a: Tyranitar\n|-supereffective|p2a: Tyranitar\n|-damage|p2a: Tyranitar|7\/100\n|move|p2a: Tyranitar|Rest|p2a: Tyranitar\n|-status|p2a: Tyranitar|slp|[from] move: Rest\n|-heal|p2a: Tyranitar|100\/100 slp|[silent]\n|\n|-weather|Sandstorm|[upkeep]\n|upkeep\n|turn|5\n|\n|t:|1699371108\n|switch|p2a: Landorus|Landorus, M|100\/100\n|move|p1a: Magearna|Body Slam|p2a: Landorus\n|-damage|p2a: Landorus|74\/100\n|\n|-weather|Sandstorm|[upkeep]\n|upkeep\n|turn|6\n|\n|t:|1699371120\n|move|p2a: Landorus|Weather Ball|p1a: Magearna\n|-resisted|p1a: Magearna\n|-damage|p1a: Magearna|72\/100\n|-damage|p2a: Landorus|64\/100|[from] item: Life Orb\n|move|p1a: Magearna|Draining Kiss|p2a: Landorus\n|-damage|p2a: Landorus|36\/100\n|-heal|p1a: Magearna|95\/100|[from] drain|[of] p2a: Landorus\n|\n|-weather|Sandstorm|[upkeep]\n|upkeep\n|turn|7\n|inactive|Laxwood has 120 seconds left.\n|\n|t:|1699371151\n|move|p2a: Landorus|Nasty Plot|p2a: Landorus\n|-boost|p2a: Landorus|spa|2\n|move|p1a: Magearna|Draining Kiss|p2a: Landorus\n|-damage|p2a: Landorus|8\/100\n|-heal|p1a: Magearna|100\/100|[from] drain|[of] p2a: Landorus\n|\n|-weather|Sandstorm|[upkeep]\n|upkeep\n|turn|8\n|\n|t:|1699371161\n|move|p2a: Landorus|Focus Blast|p1a: Magearna\n|-damage|p1a: Magearna|0 fnt\n|faint|p1a: Magearna\n|-damage|p2a: Landorus|0 fnt|[from] item: Life Orb\n|faint|p2a: Landorus\n|\n|-weather|none\n|upkeep\n|inactive|Laxwood has 120 seconds left.\n|\n|t:|1699371179\n|switch|p2a: Tyranitar|Tyranitar, M|100\/100 slp\n|switch|p1a: Ursaluna|Ursaluna-Bloodmoon, M|100\/100\n|-weather|Sandstorm|[from] ability: Sand Stream|[of] p2a: Tyranitar\n|turn|9\n|inactive|Laxwood has 120 seconds left.\n|\n|t:|1699371206\n|switch|p2a: Arceus|Arceus-Ground|100\/100\n|move|p1a: Ursaluna|Blood Moon|p2a: Arceus\n|-damage|p2a: Arceus|54\/100\n|\n|-weather|Sandstorm|[upkeep]\n|upkeep\n|turn|10\n|\n|t:|1699371217\n|move|p2a: Arceus|Calm Mind|p2a: Arceus\n|-boost|p2a: Arceus|spa|1\n|-boost|p2a: Arceus|spd|1\n|move|p1a: Ursaluna|Body Slam|p2a: Arceus\n|-damage|p2a: Arceus|40\/100\n|\n|-weather|Sandstorm|[upkeep]\n|upkeep\n|turn|11\n|\n|t:|1699371224\n|move|p2a: Arceus|Recover|p2a: Arceus\n|-heal|p2a: Arceus|90\/100\n|move|p1a: Ursaluna|Blood Moon|p2a: Arceus\n|-damage|p2a: Arceus|59\/100\n|\n|-weather|Sandstorm|[upkeep]\n|upkeep\n|turn|12\n|\n|t:|1699371233\n|move|p2a: Arceus|Calm Mind|p2a: Arceus\n|-boost|p2a: Arceus|spa|1\n|-boost|p2a: Arceus|spd|1\n|move|p1a: Ursaluna|Avalanche|p2a: Arceus\n|-supereffective|p2a: Arceus\n|-damage|p2a: Arceus|45\/100\n|\n|-weather|Sandstorm|[upkeep]\n|upkeep\n|turn|13\n|\n|t:|1699371242\n|move|p2a: Arceus|Recover|p2a: Arceus\n|-heal|p2a: Arceus|96\/100\n|move|p1a: Ursaluna|Blood Moon|p2a: Arceus\n|-damage|p2a: Arceus|70\/100\n|\n|-weather|Sandstorm|[upkeep]\n|upkeep\n|turn|14\n|\n|t:|1699371255\n|move|p2a: Arceus|Ice Beam|p1a: Ursaluna\n|-supereffective|p1a: Ursaluna\n|-damage|p1a: Ursaluna|0 fnt\n|faint|p1a: Ursaluna\n|\n|-weather|Sandstorm|[upkeep]\n|upkeep\n|\n|t:|1699371261\n|switch|p1a: Annihilape|Annihilape, M|100\/100\n|turn|15\n|\n|t:|1699371274\n|move|p2a: Arceus|Judgment|p1a: Annihilape\n|-damage|p1a: Annihilape|0 fnt\n|faint|p1a: Annihilape\n|\n|-weather|Sandstorm|[upkeep]\n|upkeep\n|\n|t:|1699371284\n|switch|p1a: Walking Wake|Walking Wake|100\/100\n|turn|16\n|l|\u2606lolstarlld\n|inactive|lolstarlld disconnected and has a minute to reconnect!\n|player|p1|\n|inactive|lolstarlld has 30 seconds to reconnect!\n|inactive|lolstarlld has 20 seconds to reconnect!\n|inactive|lolstarlld has 15 seconds to reconnect!\n|inactive|lolstarlld has 10 seconds to reconnect!\n|inactive|lolstarlld has 5 seconds to reconnect!\n|-message|lolstarlld lost due to inactivity.\n|\n|win|Laxwood\n|raw|lolstarlld's rating: 1040 &rarr; <strong>1022<\/strong><br \/>(-18 for losing)\n|raw|Laxwood's rating: 1000 &rarr; <strong>1045<\/strong><br \/>(+45 for winning)\n","uploadtime":1699371352,"views":6,"p1id":"lolstarlld","p2id":"laxwood","formatid":"gen9ubers","rating":1022,"private":0,"password":""}