{"id":"gen9ubers-1996654586","p1":"ThatGuyAltro","p2":"RyzEr Chris","format":"[Gen 9] Ubers","log":"|j|\u2606ThatGuyAltro\n|j|\u2606RyzEr Chris\n|t:|1700705709\n|gametype|singles\n|player|p1|ThatGuyAltro|102|\n|player|p2|RyzEr Chris|1|\n|teamsize|p1|6\n|teamsize|p2|6\n|gen|9\n|tier|[Gen 9] Ubers\n|rule|Sleep Clause Mod: Limit one foe put to sleep\n|rule|Species Clause: Limit one of each Pok\u00e9mon\n|rule|OHKO Clause: OHKO moves are banned\n|rule|Evasion Items Clause: Evasion items are banned\n|rule|Evasion Moves Clause: Evasion moves are banned\n|rule|Endless Battle Clause: Forcing endless battles is banned\n|rule|HP Percentage Mod: HP is shown in percentages\n|clearpoke\n|poke|p1|Ursaluna, M|\n|poke|p1|Walking Wake|\n|poke|p1|Corviknight, M|\n|poke|p1|Slither Wing|\n|poke|p1|Ninetales, M|\n|poke|p1|Grimmsnarl, M|\n|poke|p2|Annihilape, F|\n|poke|p2|Chi-Yu|\n|poke|p2|Amoonguss, M|\n|poke|p2|Baxcalibur, F|\n|poke|p2|Iron Jugulis|\n|poke|p2|Orthworm, M|\n|teampreview\n|j| HateV2\n|c|\u2606RyzEr Chris|glhf\n|c| HateV2|Go team!\n|c|\u2606ThatGuyAltro|glgl\n|j| iceberg149\n|c| HateV2|Hehe funny worm\n|j| xegrizzy\n|\n|t:|1700705793\n|start\n|switch|p1a: Troll|Grimmsnarl, M|100\/100\n|switch|p2a: Orthworm|Orthworm, M|100\/100\n|turn|1\n|\n|t:|1700705807\n|move|p1a: Troll|Thunder Wave|p2a: Orthworm\n|-status|p2a: Orthworm|par\n|move|p2a: Orthworm|Stealth Rock|p1a: Troll\n|-sidestart|p1: ThatGuyAltro|move: Stealth Rock\n|\n|upkeep\n|turn|2\n|\n|t:|1700705815\n|move|p1a: Troll|Drain Punch|p2a: Orthworm\n|-supereffective|p2a: Orthworm\n|-damage|p2a: Orthworm|72\/100 par\n|move|p2a: Orthworm|Iron Head|p1a: Troll\n|-supereffective|p1a: Troll\n|-damage|p1a: Troll|41\/100\n|\n|upkeep\n|turn|3\n|\n|t:|1700705825\n|move|p1a: Troll|Drain Punch|p2a: Orthworm\n|-supereffective|p2a: Orthworm\n|-damage|p2a: Orthworm|40\/100 par\n|-heal|p1a: Troll|54\/100|[from] drain|[of] p2a: Orthworm\n|-enditem|p2a: Orthworm|Sitrus Berry|[eat]\n|-heal|p2a: Orthworm|65\/100 par|[from] item: Sitrus Berry\n|move|p2a: Orthworm|Iron Head|p1a: Troll\n|-supereffective|p1a: Troll\n|-damage|p1a: Troll|0 fnt\n|faint|p1a: Troll\n|\n|upkeep\n|\n|t:|1700705835\n|switch|p1a: fox|Ninetales, M|100\/100\n|-damage|p1a: fox|75\/100|[from] Stealth Rock\n|-weather|SunnyDay|[from] ability: Drought|[of] p1a: fox\n|turn|4\n|\n|t:|1700705863\n|switch|p2a: Chi-Yu|Chi-Yu|100\/100\n|-ability|p2a: Chi-Yu|Beads of Ruin\n|move|p1a: fox|Nasty Plot|p1a: fox\n|-boost|p1a: fox|spa|2\n|\n|-weather|SunnyDay|[upkeep]\n|upkeep\n|turn|5\n|\n|t:|1700705882\n|move|p2a: Chi-Yu|Dark Pulse|p1a: fox\n|-damage|p1a: fox|2\/100\n|cant|p1a: fox|flinch\n|\n|-weather|SunnyDay|[upkeep]\n|upkeep\n|turn|6\n|c| HateV2|;-;\n|l| HateV2\n|\n|t:|1700705935\n|move|p2a: Chi-Yu|Dark Pulse|p1a: fox\n|-damage|p1a: fox|0 fnt\n|faint|p1a: fox\n|\n|-weather|SunnyDay|[upkeep]\n|upkeep\n|\n|t:|1700705954\n|switch|p1a: muskrat|Walking Wake|100\/100\n|-damage|p1a: muskrat|88\/100|[from] Stealth Rock\n|-activate|p1a: muskrat|ability: Protosynthesis\n|-start|p1a: muskrat|protosynthesisspa\n|turn|7\n|c| xegrizzy|what u click just curious lol\n|c| xegrizzy|with ninetales\n|\n|t:|1700705984\n|move|p2a: Chi-Yu|Dark Pulse|p1a: muskrat\n|-damage|p1a: muskrat|12\/100\n|move|p1a: muskrat|Hydro Steam|p2a: Chi-Yu\n|-supereffective|p2a: Chi-Yu\n|-damage|p2a: Chi-Yu|0 fnt\n|faint|p2a: Chi-Yu\n|\n|-weather|SunnyDay|[upkeep]\n|upkeep\n|c|\u2606ThatGuyAltro|flamethrower lol\n|\n|t:|1700706024\n|switch|p2a: Iron Jugulis|Iron Jugulis|100\/100\n|-enditem|p2a: Iron Jugulis|Booster Energy\n|-activate|p2a: Iron Jugulis|ability: Quark Drive|[fromitem]\n|-start|p2a: Iron Jugulis|quarkdrivespe\n|turn|8\n|\n|t:|1700706046\n|-end|p1a: muskrat|Protosynthesis|[silent]\n|switch|p1a: bear|Ursaluna, M, shiny|100\/100\n|-damage|p1a: bear|94\/100|[from] Stealth Rock\n|move|p2a: Iron Jugulis|Hurricane|p1a: bear|[miss]\n|-miss|p2a: Iron Jugulis|p1a: bear\n|\n|-weather|SunnyDay|[upkeep]\n|-status|p1a: bear|brn|[from] item: Flame Orb\n|upkeep\n|turn|9\n|\n|t:|1700706072\n|-end|p2a: Iron Jugulis|Quark Drive|[silent]\n|switch|p2a: Annihilape|Annihilape, F|100\/100\n|move|p1a: bear|Drain Punch|p2a: Annihilape\n|-immune|p2a: Annihilape\n|\n|-weather|SunnyDay|[upkeep]\n|-damage|p1a: bear|88\/100 brn|[from] brn\n|upkeep\n|turn|10\n|\n|t:|1700706122\n|switch|p2a: Iron Jugulis|Iron Jugulis|100\/100\n|switch|p1a: Raven|Corviknight, M|100\/100\n|-damage|p1a: Raven|88\/100|[from] Stealth Rock\n|-ability|p1a: Raven|Pressure\n|\n|-weather|SunnyDay|[upkeep]\n|-heal|p1a: Raven|94\/100|[from] item: Leftovers\n|upkeep\n|turn|11\n|\n|t:|1700706159\n|move|p2a: Iron Jugulis|Dark Pulse|p1a: Raven\n|-damage|p1a: Raven|57\/100\n|move|p1a: Raven|Iron Defense|p1a: Raven\n|-boost|p1a: Raven|def|2\n|\n|-weather|none\n|-heal|p1a: Raven|64\/100|[from] item: Leftovers\n|upkeep\n|turn|12\n|\n|t:|1700706168\n|-end|p2a: Iron Jugulis|Quark Drive|[silent]\n|switch|p2a: Amoonguss|Amoonguss, M|100\/100\n|move|p1a: Raven|Body Press|p2a: Amoonguss\n|-resisted|p2a: Amoonguss\n|-damage|p2a: Amoonguss|74\/100\n|-damage|p1a: Raven|47\/100|[from] item: Rocky Helmet|[of] p2a: Amoonguss\n|\n|-heal|p1a: Raven|53\/100|[from] item: Leftovers\n|upkeep\n|turn|13\n|\n|t:|1700706176\n|move|p1a: Raven|Brave Bird|p2a: Amoonguss\n|-supereffective|p2a: Amoonguss\n|-damage|p2a: Amoonguss|0 fnt\n|-damage|p1a: Raven|37\/100|[from] item: Rocky Helmet|[of] p2a: Amoonguss\n|faint|p2a: Amoonguss\n|-damage|p1a: Raven|11\/100|[from] Recoil\n|\n|-heal|p1a: Raven|17\/100|[from] item: Leftovers\n|upkeep\n|\n|t:|1700706211\n|switch|p2a: Iron Jugulis|Iron Jugulis|100\/100\n|turn|14\n|\n|t:|1700706217\n|move|p2a: Iron Jugulis|Dark Pulse|p1a: Raven\n|-damage|p1a: Raven|0 fnt\n|faint|p1a: Raven\n|\n|upkeep\n|\n|t:|1700706244\n|switch|p1a: bear|Ursaluna, M, shiny|88\/100 brn\n|-damage|p1a: bear|82\/100 brn|[from] Stealth Rock\n|turn|15\n|\n|t:|1700706266\n|move|p2a: Iron Jugulis|Hurricane|p1a: bear|[miss]\n|-miss|p2a: Iron Jugulis|p1a: bear\n|move|p1a: bear|Ice Punch|p2a: Iron Jugulis\n|-supereffective|p2a: Iron Jugulis\n|-damage|p2a: Iron Jugulis|20\/100\n|\n|-damage|p1a: bear|76\/100 brn|[from] brn\n|upkeep\n|turn|16\n|\n|t:|1700706278\n|move|p2a: Iron Jugulis|Hurricane|p1a: bear\n|-damage|p1a: bear|31\/100 brn\n|move|p1a: bear|Ice Punch|p2a: Iron Jugulis\n|-supereffective|p2a: Iron Jugulis\n|-damage|p2a: Iron Jugulis|0 fnt\n|faint|p2a: Iron Jugulis\n|-end|p2a: Iron Jugulis|Quark Drive|[silent]\n|\n|-damage|p1a: bear|25\/100 brn|[from] brn\n|upkeep\n|\n|t:|1700706293\n|switch|p2a: Baxcalibur|Baxcalibur, F|100\/100\n|turn|17\n|\n|t:|1700706310\n|move|p2a: Baxcalibur|Icicle Spear|p1a: bear\n|-supereffective|p1a: bear\n|-damage|p1a: bear|9\/100 brn\n|-supereffective|p1a: bear\n|-damage|p1a: bear|0 fnt\n|faint|p1a: bear\n|-hitcount|p1: bear|2\n|\n|upkeep\n|\n|t:|1700706334\n|switch|p1a: muskrat|Walking Wake|12\/100\n|-damage|p1a: muskrat|0 fnt|[from] Stealth Rock\n|faint|p1a: muskrat\n|-end|p1a: muskrat|Protosynthesis|[silent]\n|\n|t:|1700706338\n|switch|p1a: Moth|Slither Wing|100\/100\n|-damage|p1a: Moth|88\/100|[from] Stealth Rock\n|turn|18\n|\n|t:|1700706358\n|switch|p2a: Annihilape|Annihilape, F|100\/100\n|move|p1a: Moth|Close Combat|p2a: Annihilape\n|-immune|p2a: Annihilape\n|\n|upkeep\n|turn|19\n|\n|t:|1700706372\n|move|p1a: Moth|Acrobatics|p2a: Annihilape\n|-supereffective|p2a: Annihilape\n|-damage|p2a: Annihilape|56\/100\n|move|p2a: Annihilape|Bulk Up|p2a: Annihilape\n|-boost|p2a: Annihilape|atk|1\n|-boost|p2a: Annihilape|def|1\n|\n|-heal|p2a: Annihilape|62\/100|[from] item: Leftovers\n|upkeep\n|turn|20\n|\n|t:|1700706381\n|move|p1a: Moth|Acrobatics|p2a: Annihilape\n|-supereffective|p2a: Annihilape\n|-damage|p2a: Annihilape|34\/100\n|move|p2a: Annihilape|Rage Fist|p1a: Moth\n|-damage|p1a: Moth|0 fnt\n|faint|p1a: Moth\n|-end|p1a: Moth|Protosynthesis|[silent]\n|\n|win|RyzEr Chris\n|c|\u2606RyzEr Chris|gg\n|c|\u2606ThatGuyAltro|gg\n|l| xegrizzy\n|l|\u2606ThatGuyAltro\n","uploadtime":1700706392,"views":10,"p1id":"thatguyaltro","p2id":"ryzerchris","formatid":"gen9ubers","rating":0,"private":0,"password":""}