{"id":"gen9ubers-1990640690","p1":"skimmythegod","p2":"corvere\u2665","format":"[Gen 9] Ubers","log":"|j|\u2606skimmythegod\n|j|\u2606corvere\u2665\n|t:|1699987967\n|gametype|singles\n|player|p1|skimmythegod|#uplximelmetal|\n|player|p2|corvere\u2665|anthea|\n|teamsize|p1|6\n|teamsize|p2|6\n|gen|9\n|tier|[Gen 9] Ubers\n|rated|Tournament battle\n|rule|Sleep Clause Mod: Limit one foe put to sleep\n|rule|Species Clause: Limit one of each Pok\u00e9mon\n|rule|OHKO Clause: OHKO moves are banned\n|rule|Evasion Items Clause: Evasion items are banned\n|rule|Evasion Moves Clause: Evasion moves are banned\n|rule|Endless Battle Clause: Forcing endless battles is banned\n|rule|HP Percentage Mod: HP is shown in percentages\n|clearpoke\n|poke|p1|Zacian-*|\n|poke|p1|Arceus-Ground|\n|poke|p1|Toxapex, F|\n|poke|p1|Ting-Lu|\n|poke|p1|Miraidon|\n|poke|p1|Koraidon|\n|poke|p2|Ogerpon-Wellspring, F|\n|poke|p2|Miraidon|\n|poke|p2|Gliscor, F|\n|poke|p2|Zacian-*|\n|poke|p2|Kyogre|\n|poke|p2|Clodsire, M|\n|teampreview\n|inactive|Battle timer is ON: inactive players will automatically lose when time's up. (requested by skimmythegod)\n|inactive|corvere\u2665 also wants the timer to be on.\n|\n|t:|1699987981\n|start\n|switch|p1a: Arceus|Arceus-Ground|100\/100\n|switch|p2a: Gliscor|Gliscor, F, shiny|100\/100\n|turn|1\n|\n|t:|1699987986\n|move|p2a: Gliscor|Protect|p2a: Gliscor\n|-singleturn|p2a: Gliscor|Protect\n|move|p1a: Arceus|Calm Mind|p1a: Arceus\n|-boost|p1a: Arceus|spa|1\n|-boost|p1a: Arceus|spd|1\n|\n|-status|p2a: Gliscor|tox|[from] item: Toxic Orb\n|upkeep\n|turn|2\n|\n|t:|1699987996\n|-terastallize|p2a: Gliscor|Water\n|move|p1a: Arceus|Judgment|p2a: Gliscor\n|-damage|p2a: Gliscor|44\/100 tox\n|move|p2a: Gliscor|Toxic|p1a: Arceus|[miss]\n|-miss|p2a: Gliscor|p1a: Arceus\n|\n|-heal|p2a: Gliscor|56\/100 tox|[from] ability: Poison Heal\n|upkeep\n|turn|3\n|\n|t:|1699988007\n|switch|p2a: Ogerpon|Ogerpon-Wellspring, F|100\/100\n|move|p1a: Arceus|Calm Mind|p1a: Arceus\n|-boost|p1a: Arceus|spa|1\n|-boost|p1a: Arceus|spd|1\n|\n|upkeep\n|turn|4\n|\n|t:|1699988020\n|-terastallize|p1a: Arceus|Poison\n|move|p1a: Arceus|Judgment|p2a: Ogerpon\n|-resisted|p2a: Ogerpon\n|-damage|p2a: Ogerpon|44\/100\n|move|p2a: Ogerpon|Ivy Cudgel|p1a: Arceus|[anim] Ivy Cudgel Water\n|-damage|p1a: Arceus|63\/100\n|\n|upkeep\n|turn|5\n|c|\u2606corvere\u2665|nice.\n|\n|t:|1699988029\n|move|p1a: Arceus|Judgment|p2a: Ogerpon\n|-resisted|p2a: Ogerpon\n|-damage|p2a: Ogerpon|0 fnt\n|faint|p2a: Ogerpon\n|\n|upkeep\n|\n|t:|1699988035\n|switch|p2a: Zacian|Zacian-Crowned|100\/100\n|-ability|p2a: Zacian|Intrepid Sword|boost\n|-boost|p2a: Zacian|atk|1\n|turn|6\n|\n|t:|1699988039\n|move|p2a: Zacian|Behemoth Blade|p1a: Arceus\n|-damage|p1a: Arceus|3\/100\n|move|p1a: Arceus|Judgment|p2a: Zacian\n|-supereffective|p2a: Zacian\n|-damage|p2a: Zacian|0 fnt\n|faint|p2a: Zacian\n|\n|upkeep\n|\n|t:|1699988042\n|switch|p2a: Miraidon|Miraidon|100\/100\n|-fieldstart|move: Electric Terrain|[from] ability: Hadron Engine|[of] p2a: Miraidon\n|turn|7\n|\n|t:|1699988045\n|move|p2a: Miraidon|U-turn|p1a: Arceus\n|-resisted|p1a: Arceus\n|-damage|p1a: Arceus|0 fnt\n|faint|p1a: Arceus\n|\n|t:|1699988048\n|switch|p2a: Gliscor|Gliscor, F, shiny, tera:Water|56\/100 tox|[from] U-turn\n|\n|-heal|p2a: Gliscor|69\/100 tox|[from] ability: Poison Heal\n|upkeep\n|\n|t:|1699988052\n|switch|p1a: Miraidon|Miraidon|100\/100\n|-activate|p1a: Miraidon|ability: Hadron Engine\n|turn|8\n|\n|t:|1699988056\n|move|p1a: Miraidon|Calm Mind|p1a: Miraidon\n|-boost|p1a: Miraidon|spa|1\n|-boost|p1a: Miraidon|spd|1\n|move|p2a: Gliscor|Toxic|p1a: Miraidon\n|-status|p1a: Miraidon|tox\n|\n|-damage|p1a: Miraidon|94\/100 tox|[from] psn\n|-heal|p2a: Gliscor|81\/100 tox|[from] ability: Poison Heal\n|upkeep\n|turn|9\n|\n|t:|1699988062\n|move|p2a: Gliscor|Protect|p2a: Gliscor\n|-singleturn|p2a: Gliscor|Protect\n|move|p1a: Miraidon|Draco Meteor|p2a: Gliscor\n|-activate|p2a: Gliscor|move: Protect\n|\n|-damage|p1a: Miraidon|82\/100 tox|[from] psn\n|-heal|p2a: Gliscor|93\/100 tox|[from] ability: Poison Heal\n|upkeep\n|turn|10\n|\n|t:|1699988072\n|move|p1a: Miraidon|Draco Meteor|p2a: Gliscor\n|-damage|p2a: Gliscor|0 fnt\n|-unboost|p1a: Miraidon|spa|2\n|faint|p2a: Gliscor\n|-damage|p1a: Miraidon|72\/100 tox|[from] item: Life Orb\n|\n|-damage|p1a: Miraidon|54\/100 tox|[from] psn\n|upkeep\n|\n|t:|1699988076\n|switch|p2a: Miraidon|Miraidon|100\/100\n|-activate|p2a: Miraidon|ability: Hadron Engine\n|turn|11\n|\n|t:|1699988079\n|move|p2a: Miraidon|Draco Meteor|p1a: Miraidon\n|-supereffective|p1a: Miraidon\n|-crit|p1a: Miraidon\n|-damage|p1a: Miraidon|0 fnt\n|-unboost|p2a: Miraidon|spa|2\n|faint|p1a: Miraidon\n|\n|-fieldend|move: Electric Terrain\n|upkeep\n|\n|t:|1699988085\n|switch|p1a: Ting-Lu|Ting-Lu|100\/100\n|-ability|p1a: Ting-Lu|Vessel of Ruin\n|turn|12\n|\n|t:|1699988089\n|move|p2a: Miraidon|Taunt|p1a: Ting-Lu\n|-start|p1a: Ting-Lu|move: Taunt\n|cant|p1a: Ting-Lu|move: Taunt|Spikes\n|\n|upkeep\n|turn|13\n|\n|t:|1699988090\n|move|p2a: Miraidon|U-turn|p1a: Ting-Lu\n|-supereffective|p1a: Ting-Lu\n|-damage|p1a: Ting-Lu|87\/100\n|\n|t:|1699988092\n|switch|p2a: Kyogre|Kyogre, shiny|100\/100|[from] U-turn\n|-weather|RainDance|[from] ability: Drizzle|[of] p2a: Kyogre\n|move|p1a: Ting-Lu|Earthquake|p2a: Kyogre\n|-damage|p2a: Kyogre|65\/100\n|\n|-weather|RainDance|[upkeep]\n|-heal|p1a: Ting-Lu|93\/100|[from] item: Leftovers\n|upkeep\n|turn|14\n|\n|t:|1699988100\n|switch|p2a: Clodsire|Clodsire, M|100\/100\n|switch|p1a: Toxapex|Toxapex, F|100\/100\n|\n|-weather|RainDance|[upkeep]\n|upkeep\n|turn|15\n|\n|t:|1699988107\n|switch|p1a: Ting-Lu|Ting-Lu|93\/100\n|-ability|p1a: Ting-Lu|Vessel of Ruin\n|move|p2a: Clodsire|Spikes|p1a: Ting-Lu\n|-sidestart|p1: skimmythegod|Spikes\n|\n|-weather|RainDance|[upkeep]\n|-heal|p1a: Ting-Lu|99\/100|[from] item: Leftovers\n|upkeep\n|turn|16\n|\n|t:|1699988109\n|move|p1a: Ting-Lu|Earthquake|p2a: Clodsire\n|-supereffective|p2a: Clodsire\n|-damage|p2a: Clodsire|44\/100\n|move|p2a: Clodsire|Toxic|p1a: Ting-Lu\n|-status|p1a: Ting-Lu|tox\n|\n|-weather|RainDance|[upkeep]\n|-heal|p1a: Ting-Lu|100\/100 tox|[from] item: Leftovers\n|-damage|p1a: Ting-Lu|94\/100 tox|[from] psn\n|upkeep\n|turn|17\n|\n|t:|1699988112\n|move|p1a: Ting-Lu|Earthquake|p2a: Clodsire\n|-supereffective|p2a: Clodsire\n|-damage|p2a: Clodsire|0 fnt\n|faint|p2a: Clodsire\n|\n|-weather|none\n|-heal|p1a: Ting-Lu|100\/100 tox|[from] item: Leftovers\n|-damage|p1a: Ting-Lu|88\/100 tox|[from] psn\n|upkeep\n|\n|t:|1699988114\n|switch|p2a: Kyogre|Kyogre, shiny|65\/100\n|-weather|RainDance|[from] ability: Drizzle|[of] p2a: Kyogre\n|turn|18\n|\n|t:|1699988115\n|move|p2a: Kyogre|Origin Pulse|p1a: Ting-Lu|[miss]\n|-miss|p2a: Kyogre|p1a: Ting-Lu\n|move|p1a: Ting-Lu|Earthquake|p2a: Kyogre\n|-damage|p2a: Kyogre|30\/100\n|\n|-weather|RainDance|[upkeep]\n|-heal|p1a: Ting-Lu|94\/100 tox|[from] item: Leftovers\n|-damage|p1a: Ting-Lu|76\/100 tox|[from] psn\n|upkeep\n|turn|19\n|\n|t:|1699988118\n|move|p2a: Kyogre|Origin Pulse|p1a: Ting-Lu\n|-supereffective|p1a: Ting-Lu\n|-damage|p1a: Ting-Lu|0 fnt\n|faint|p1a: Ting-Lu\n|\n|-weather|RainDance|[upkeep]\n|upkeep\n|\n|t:|1699988120\n|switch|p1a: Koraidon|Koraidon|100\/100\n|-damage|p1a: Koraidon|88\/100|[from] Spikes\n|-weather|SunnyDay|[from] ability: Orichalcum Pulse|[of] p1a: Koraidon\n|-activate|p1a: Koraidon|Orichalcum Pulse|[source]\n|turn|20\n|\n|t:|1699988123\n|move|p1a: Koraidon|Low Kick|p2a: Kyogre\n|-damage|p2a: Kyogre|0 fnt\n|faint|p2a: Kyogre\n|\n|-weather|SunnyDay|[upkeep]\n|upkeep\n|\n|t:|1699988125\n|switch|p2a: Miraidon|Miraidon|100\/100\n|-fieldstart|move: Electric Terrain|[from] ability: Hadron Engine|[of] p2a: Miraidon\n|turn|21\n|\n|t:|1699988129\n|move|p1a: Koraidon|Low Kick|p2a: Miraidon\n|-damage|p2a: Miraidon|18\/100\n|move|p2a: Miraidon|Draco Meteor|p1a: Koraidon|[miss]\n|-miss|p2a: Miraidon|p1a: Koraidon\n|\n|-weather|SunnyDay|[upkeep]\n|upkeep\n|turn|22\n|c|\u2606corvere\u2665|gg\n|\n|t:|1699988135\n|move|p1a: Koraidon|Low Kick|p2a: Miraidon\n|-damage|p2a: Miraidon|0 fnt\n|faint|p2a: Miraidon\n|\n|win|skimmythegod\n|n|\u2606skimmythegod|skimmythegod\n|n|\u2606corvere\u2665|corvere\n","uploadtime":1699988136,"views":10,"p1id":"skimmythegod","p2id":"corvere","formatid":"gen9ubers","rating":0,"private":0,"password":""}