{"id":"gen9ubers-1978429930","p1":"AlicieLizzie","p2":"Kizaco","format":"[Gen 9] Ubers","log":"|j|\u2606AlicieLizzie\n|j|\u2606Kizaco\n|t:|1698537876\n|gametype|singles\n|player|p1|AlicieLizzie|marnie-masters3|\n|player|p2|Kizaco|101|\n|teamsize|p1|6\n|teamsize|p2|6\n|gen|9\n|tier|[Gen 9] Ubers\n|rule|Sleep Clause Mod: Limit one foe put to sleep\n|rule|Species Clause: Limit one of each Pok\u00e9mon\n|rule|OHKO Clause: OHKO moves are banned\n|rule|Evasion Items Clause: Evasion items are banned\n|rule|Evasion Moves Clause: Evasion moves are banned\n|rule|Endless Battle Clause: Forcing endless battles is banned\n|rule|HP Percentage Mod: HP is shown in percentages\n|clearpoke\n|poke|p1|Ninetales-Alola, F|\n|poke|p1|Kommo-o, M|\n|poke|p1|Zacian-*|\n|poke|p1|Ursaluna-Bloodmoon, M|\n|poke|p1|Palafin, F|\n|poke|p1|Arceus-Fire|\n|poke|p2|Masquerain, M|\n|poke|p2|Chi-Yu|\n|poke|p2|Gholdengo|\n|poke|p2|Zacian-*|\n|poke|p2|Arceus-Grass|\n|poke|p2|Dialga-Origin|\n|teampreview\n|inactive|Battle timer is ON: inactive players will automatically lose when time's up. (requested by AlicieLizzie)\n|c|\u2606Kizaco|gl hf\n|\n|t:|1698537905\n|start\n|switch|p1a: Nine Inch Tails|Ninetales-Alola, F|100\/100\n|switch|p2a: Masquerain|Masquerain, M|100\/100\n|-weather|Snow|[from] ability: Snow Warning|[of] p1a: Nine Inch Tails\n|-ability|p2a: Masquerain|Intimidate|boost\n|-unboost|p1a: Nine Inch Tails|atk|1\n|turn|1\n|\n|t:|1698537916\n|move|p1a: Nine Inch Tails|Aurora Veil|p1a: Nine Inch Tails\n|-sidestart|p1: AlicieLizzie|move: Aurora Veil\n|move|p2a: Masquerain|Sticky Web|p1a: Nine Inch Tails\n|-sidestart|p1: AlicieLizzie|move: Sticky Web\n|\n|-weather|Snow|[upkeep]\n|upkeep\n|turn|2\n|\n|t:|1698537927\n|move|p1a: Nine Inch Tails|Blizzard|p2a: Masquerain\n|-supereffective|p2a: Masquerain\n|-enditem|p2a: Masquerain|Focus Sash\n|-damage|p2a: Masquerain|1\/100\n|move|p2a: Masquerain|Stun Spore|p1a: Nine Inch Tails\n|-status|p1a: Nine Inch Tails|par\n|\n|-weather|Snow|[upkeep]\n|upkeep\n|turn|3\n|\n|t:|1698537940\n|switch|p2a: Gholdengo|Gholdengo|100\/100\n|move|p1a: Nine Inch Tails|Blizzard|p2a: Gholdengo\n|-resisted|p2a: Gholdengo\n|-crit|p2a: Gholdengo\n|-damage|p2a: Gholdengo|62\/100\n|\n|-weather|Snow|[upkeep]\n|upkeep\n|turn|4\n|\n|t:|1698537947\n|switch|p1a: Arcs N\u2019 Roses|Arceus-Fire|100\/100\n|-activate|p1a: Arcs N\u2019 Roses|move: Sticky Web\n|-unboost|p1a: Arcs N\u2019 Roses|spe|1\n|move|p2a: Gholdengo|Make It Rain|p1a: Arcs N\u2019 Roses\n|-resisted|p1a: Arcs N\u2019 Roses\n|-damage|p1a: Arcs N\u2019 Roses|88\/100\n|-unboost|p2a: Gholdengo|spa|1\n|\n|-weather|Snow|[upkeep]\n|upkeep\n|turn|5\n|\n|t:|1698537953\n|switch|p2a: Masquerain|Masquerain, M|1\/100\n|-ability|p2a: Masquerain|Intimidate|boost\n|-unboost|p1a: Arcs N\u2019 Roses|atk|1\n|move|p1a: Arcs N\u2019 Roses|Dragon Dance|p1a: Arcs N\u2019 Roses\n|-boost|p1a: Arcs N\u2019 Roses|atk|1\n|-boost|p1a: Arcs N\u2019 Roses|spe|1\n|\n|-weather|none\n|upkeep\n|turn|6\n|\n|t:|1698537957\n|move|p1a: Arcs N\u2019 Roses|Extreme Speed|p2a: Masquerain\n|-damage|p2a: Masquerain|0 fnt\n|faint|p2a: Masquerain\n|\n|upkeep\n|inactive|Kizaco has 270 seconds left.\n|\n|t:|1698537989\n|switch|p2a: Zacian|Zacian|100\/100\n|-ability|p2a: Zacian|Intrepid Sword|boost\n|-boost|p2a: Zacian|atk|1\n|turn|7\n|\n|t:|1698537993\n|move|p2a: Zacian|Close Combat|p1a: Arcs N\u2019 Roses\n|-damage|p1a: Arcs N\u2019 Roses|65\/100\n|-unboost|p2a: Zacian|def|1\n|-unboost|p2a: Zacian|spd|1\n|move|p1a: Arcs N\u2019 Roses|Dragon Dance|p1a: Arcs N\u2019 Roses\n|-boost|p1a: Arcs N\u2019 Roses|atk|1\n|-boost|p1a: Arcs N\u2019 Roses|spe|1\n|\n|upkeep\n|turn|8\n|\n|t:|1698538001\n|move|p1a: Arcs N\u2019 Roses|Dragon Dance|p1a: Arcs N\u2019 Roses\n|-boost|p1a: Arcs N\u2019 Roses|atk|1\n|-boost|p1a: Arcs N\u2019 Roses|spe|1\n|move|p2a: Zacian|Close Combat|p1a: Arcs N\u2019 Roses\n|-damage|p1a: Arcs N\u2019 Roses|42\/100\n|-unboost|p2a: Zacian|def|1\n|-unboost|p2a: Zacian|spd|1\n|\n|-sideend|p1: AlicieLizzie|move: Aurora Veil\n|upkeep\n|turn|9\n|\n|t:|1698538007\n|move|p1a: Arcs N\u2019 Roses|Flare Blitz|p2a: Zacian\n|-damage|p2a: Zacian|0 fnt\n|faint|p2a: Zacian\n|-damage|p1a: Arcs N\u2019 Roses|14\/100|[from] Recoil\n|\n|upkeep\n|\n|t:|1698538010\n|switch|p2a: Arceus|Arceus-Grass|100\/100\n|turn|10\n|\n|t:|1698538012\n|move|p2a: Arceus|Extreme Speed|p1a: Arcs N\u2019 Roses\n|-damage|p1a: Arcs N\u2019 Roses|0 fnt\n|faint|p1a: Arcs N\u2019 Roses\n|\n|upkeep\n|\n|t:|1698538019\n|switch|p1a: Nine Inch Tails|Ninetales-Alola, F|100\/100 par\n|-activate|p1a: Nine Inch Tails|move: Sticky Web\n|-unboost|p1a: Nine Inch Tails|spe|1\n|-weather|Snow|[from] ability: Snow Warning|[of] p1a: Nine Inch Tails\n|turn|11\n|\n|t:|1698538032\n|switch|p2a: Chi-Yu|Chi-Yu|100\/100\n|-ability|p2a: Chi-Yu|Beads of Ruin\n|move|p1a: Nine Inch Tails|Aurora Veil|p1a: Nine Inch Tails\n|-sidestart|p1: AlicieLizzie|move: Aurora Veil\n|\n|-weather|Snow|[upkeep]\n|upkeep\n|turn|12\n|\n|t:|1698538038\n|switch|p1a: Fin Halen|Palafin, F|100\/100\n|-activate|p1a: Fin Halen|move: Sticky Web\n|-unboost|p1a: Fin Halen|spe|1\n|move|p2a: Chi-Yu|Flamethrower|p1a: Fin Halen\n|-resisted|p1a: Fin Halen\n|-damage|p1a: Fin Halen|77\/100\n|\n|-weather|Snow|[upkeep]\n|upkeep\n|turn|13\n|\n|t:|1698538044\n|move|p2a: Chi-Yu|Dark Pulse|p1a: Fin Halen\n|-damage|p1a: Fin Halen|35\/100\n|move|p1a: Fin Halen|Flip Turn|p2a: Chi-Yu\n|-supereffective|p2a: Chi-Yu\n|-damage|p2a: Chi-Yu|0 fnt\n|faint|p2a: Chi-Yu\n|\n|t:|1698538053\n|detailschange|p1a: Fin Halen|Palafin-Hero, F\n|switch|p1a: URSA\/LUNA|Ursaluna-Bloodmoon, M|100\/100|[from] Flip Turn\n|-activate|p1a: URSA\/LUNA|move: Sticky Web\n|-unboost|p1a: URSA\/LUNA|spe|1\n|\n|-weather|Snow|[upkeep]\n|upkeep\n|\n|t:|1698538067\n|switch|p2a: Dialga|Dialga-Origin|100\/100\n|-ability|p2a: Dialga|Pressure\n|turn|14\n|\n|t:|1698538075\n|move|p2a: Dialga|Draco Meteor|p1a: URSA\/LUNA\n|-damage|p1a: URSA\/LUNA|52\/100\n|-unboost|p2a: Dialga|spa|2\n|move|p1a: URSA\/LUNA|Calm Mind|p1a: URSA\/LUNA\n|-boost|p1a: URSA\/LUNA|spa|1\n|-boost|p1a: URSA\/LUNA|spd|1\n|\n|-weather|Snow|[upkeep]\n|-heal|p1a: URSA\/LUNA|58\/100|[from] item: Leftovers\n|upkeep\n|turn|15\n|\n|t:|1698538083\n|move|p1a: URSA\/LUNA|Calm Mind|p1a: URSA\/LUNA\n|-boost|p1a: URSA\/LUNA|spa|1\n|-boost|p1a: URSA\/LUNA|spd|1\n|move|p2a: Dialga|Roar|p1a: URSA\/LUNA\n|drag|p1a: Zac Sabbath|Zacian|100\/100\n|-activate|p1a: Zac Sabbath|move: Sticky Web\n|-unboost|p1a: Zac Sabbath|spe|1\n|-ability|p1a: Zac Sabbath|Intrepid Sword|boost\n|-boost|p1a: Zac Sabbath|atk|1\n|\n|-weather|none\n|upkeep\n|turn|16\n|\n|t:|1698538088\n|move|p2a: Dialga|Flash Cannon|p1a: Zac Sabbath\n|-supereffective|p1a: Zac Sabbath\n|-damage|p1a: Zac Sabbath|76\/100\n|move|p1a: Zac Sabbath|Close Combat|p2a: Dialga\n|-supereffective|p2a: Dialga\n|-damage|p2a: Dialga|0 fnt\n|-unboost|p1a: Zac Sabbath|def|1\n|-unboost|p1a: Zac Sabbath|spd|1\n|faint|p2a: Dialga\n|\n|-heal|p1a: Zac Sabbath|83\/100|[from] item: Leftovers\n|upkeep\n|\n|t:|1698538091\n|switch|p2a: Gholdengo|Gholdengo|62\/100\n|turn|17\n|\n|t:|1698538098\n|switch|p1a: URSA\/LUNA|Ursaluna-Bloodmoon, M|58\/100\n|-activate|p1a: URSA\/LUNA|move: Sticky Web\n|-unboost|p1a: URSA\/LUNA|spe|1\n|move|p2a: Gholdengo|Make It Rain|p1a: URSA\/LUNA\n|-damage|p1a: URSA\/LUNA|21\/100\n|-unboost|p2a: Gholdengo|spa|1\n|\n|-heal|p1a: URSA\/LUNA|27\/100|[from] item: Leftovers\n|upkeep\n|turn|18\n|\n|t:|1698538105\n|move|p2a: Gholdengo|Make It Rain|p1a: URSA\/LUNA\n|-damage|p1a: URSA\/LUNA|4\/100\n|-unboost|p2a: Gholdengo|spa|1\n|move|p1a: URSA\/LUNA|Moonlight|p1a: URSA\/LUNA\n|-heal|p1a: URSA\/LUNA|54\/100\n|\n|-heal|p1a: URSA\/LUNA|60\/100|[from] item: Leftovers\n|-sideend|p1: AlicieLizzie|move: Aurora Veil\n|upkeep\n|turn|19\n|\n|t:|1698538108\n|switch|p2a: Arceus|Arceus-Grass|100\/100\n|move|p1a: URSA\/LUNA|Moonlight|p1a: URSA\/LUNA\n|-heal|p1a: URSA\/LUNA|100\/100\n|\n|upkeep\n|turn|20\n|\n|t:|1698538112\n|move|p2a: Arceus|Swords Dance|p2a: Arceus\n|-boost|p2a: Arceus|atk|2\n|move|p1a: URSA\/LUNA|Blood Moon|p2a: Arceus\n|-damage|p2a: Arceus|43\/100\n|\n|upkeep\n|turn|21\n|c|\u2606Kizaco|gg wp'\n|\n|t:|1698538124\n|switch|p1a: Fommo-o Fighters|Kommo-o, M|100\/100\n|-activate|p1a: Fommo-o Fighters|move: Sticky Web\n|-unboost|p1a: Fommo-o Fighters|spe|1\n|move|p2a: Arceus|Swords Dance|p2a: Arceus\n|-boost|p2a: Arceus|atk|2\n|\n|upkeep\n|turn|22\n|\n|t:|1698538134\n|move|p2a: Arceus|Swords Dance|p2a: Arceus\n|-boost|p2a: Arceus|atk|2\n|move|p1a: Fommo-o Fighters|Flamethrower|p2a: Arceus\n|-supereffective|p2a: Arceus\n|-damage|p2a: Arceus|5\/100\n|\n|upkeep\n|turn|23\n|\n|t:|1698538140\n|move|p2a: Arceus|Extreme Speed|p1a: Fommo-o Fighters\n|-damage|p1a: Fommo-o Fighters|0 fnt\n|faint|p1a: Fommo-o Fighters\n|\n|upkeep\n|\n|t:|1698538150\n|switch|p1a: URSA\/LUNA|Ursaluna-Bloodmoon, M|100\/100\n|-activate|p1a: URSA\/LUNA|move: Sticky Web\n|-unboost|p1a: URSA\/LUNA|spe|1\n|turn|24\n|\n|t:|1698538164\n|-terastallize|p2a: Arceus|Normal\n|move|p2a: Arceus|Extreme Speed|p1a: URSA\/LUNA\n|-damage|p1a: URSA\/LUNA|0 fnt\n|faint|p1a: URSA\/LUNA\n|\n|upkeep\n|\n|t:|1698538167\n|switch|p1a: Nine Inch Tails|Ninetales-Alola, F|100\/100 par\n|-activate|p1a: Nine Inch Tails|move: Sticky Web\n|-unboost|p1a: Nine Inch Tails|spe|1\n|-weather|Snow|[from] ability: Snow Warning|[of] p1a: Nine Inch Tails\n|turn|25\n|\n|t:|1698538176\n|move|p2a: Arceus|Extreme Speed|p1a: Nine Inch Tails\n|-damage|p1a: Nine Inch Tails|0 fnt\n|faint|p1a: Nine Inch Tails\n|\n|-weather|Snow|[upkeep]\n|upkeep\n|\n|t:|1698538178\n|switch|p1a: Zac Sabbath|Zacian|83\/100\n|-activate|p1a: Zac Sabbath|move: Sticky Web\n|-unboost|p1a: Zac Sabbath|spe|1\n|turn|26\n|\n|t:|1698538182\n|-terastallize|p1a: Zac Sabbath|Steel\n|move|p2a: Arceus|Extreme Speed|p1a: Zac Sabbath\n|-resisted|p1a: Zac Sabbath\n|-damage|p1a: Zac Sabbath|9\/100\n|move|p1a: Zac Sabbath|Iron Head|p2a: Arceus\n|-damage|p2a: Arceus|0 fnt\n|faint|p2a: Arceus\n|\n|-weather|Snow|[upkeep]\n|-heal|p1a: Zac Sabbath|15\/100|[from] item: Leftovers\n|upkeep\n|\n|t:|1698538187\n|switch|p2a: Gholdengo|Gholdengo|62\/100\n|turn|27\n|\n|t:|1698538197\n|move|p2a: Gholdengo|Shadow Ball|p1a: Zac Sabbath\n|-damage|p1a: Zac Sabbath|0 fnt\n|faint|p1a: Zac Sabbath\n|\n|-weather|Snow|[upkeep]\n|upkeep\n|\n|t:|1698538199\n|switch|p1a: Fin Halen|Palafin-Hero, F|35\/100\n|-activate|p1a: Fin Halen|move: Sticky Web\n|-unboost|p1a: Fin Halen|spe|1\n|-activate|p1a: Fin Halen|ability: Zero to Hero\n|turn|28\n|\n|t:|1698538201\n|move|p1a: Fin Halen|Jet Punch|p2a: Gholdengo\n|-damage|p2a: Gholdengo|2\/100\n|move|p2a: Gholdengo|Shadow Ball|p1a: Fin Halen\n|-damage|p1a: Fin Halen|0 fnt\n|faint|p1a: Fin Halen\n|\n|win|Kizaco\n|c|\u2606AlicieLizzie|nearly brought that one back\n|c|\u2606AlicieLizzie|gg\n","uploadtime":1698538213,"views":15,"p1id":"alicielizzie","p2id":"kizaco","formatid":"gen9ubers","rating":0,"private":0,"password":""}