{"id":"gen9ubers-1984071183","p1":"2474wawa","p2":"pronerdgaming","format":"[Gen 9] Ubers","log":"|j|\u26062474wawa\n|j|\u2606pronerdgaming\n|t:|1699215696\n|gametype|singles\n|player|p1|2474wawa|170|\n|player|p2|pronerdgaming|170|\n|teamsize|p1|6\n|teamsize|p2|6\n|gen|9\n|tier|[Gen 9] Ubers\n|rule|Sleep Clause Mod: Limit one foe put to sleep\n|rule|Species Clause: Limit one of each Pok\u00e9mon\n|rule|OHKO Clause: OHKO moves are banned\n|rule|Evasion Items Clause: Evasion items are banned\n|rule|Evasion Moves Clause: Evasion moves are banned\n|rule|Endless Battle Clause: Forcing endless battles is banned\n|rule|HP Percentage Mod: HP is shown in percentages\n|clearpoke\n|poke|p1|Samurott-Hisui, F|\n|poke|p1|Espathra, F|\n|poke|p1|Cyclizar, M|\n|poke|p1|Chi-Yu|\n|poke|p1|Jirachi|\n|poke|p1|Donphan, M|\n|poke|p2|Arceus-Ice|\n|poke|p2|Cyclizar, F|\n|poke|p2|Espathra, M|\n|poke|p2|Shaymin-Sky|\n|poke|p2|Zacian-*|\n|poke|p2|Dondozo, F|\n|teampreview\n|\n|t:|1699215715\n|start\n|switch|p1a: best shiny|Samurott-Hisui, F, shiny|100\/100\n|switch|p2a: Cyclizar|Cyclizar, F|100\/100\n|turn|1\n|\n|t:|1699215723\n|move|p1a: best shiny|Sacred Sword|p2a: Cyclizar\n|-supereffective|p2a: Cyclizar\n|-damage|p2a: Cyclizar|0 fnt\n|faint|p2a: Cyclizar\n|\n|upkeep\n|\n|t:|1699215731\n|switch|p2a: Espathra|Espathra, M|100\/100\n|turn|2\n|\n|t:|1699215744\n|switch|p1a: unfortunate|Jirachi, shiny|100\/100\n|move|p2a: Espathra|Calm Mind|p2a: Espathra\n|-boost|p2a: Espathra|spa|1\n|-boost|p2a: Espathra|spd|1\n|\n|-ability|p2a: Espathra|Speed Boost|boost\n|-boost|p2a: Espathra|spe|1\n|upkeep\n|turn|3\n|\n|t:|1699215753\n|move|p2a: Espathra|Shadow Ball|p1a: unfortunate\n|-supereffective|p1a: unfortunate\n|-damage|p1a: unfortunate|37\/100\n|move|p1a: unfortunate|Body Slam|p2a: Espathra\n|-damage|p2a: Espathra|66\/100\n|\n|-heal|p1a: unfortunate|43\/100|[from] item: Leftovers\n|-ability|p2a: Espathra|Speed Boost|boost\n|-boost|p2a: Espathra|spe|1\n|upkeep\n|turn|4\n|\n|t:|1699215764\n|move|p1a: unfortunate|Protect|p1a: unfortunate\n|-singleturn|p1a: unfortunate|Protect\n|move|p2a: Espathra|Shadow Ball|p1a: unfortunate\n|-activate|p1a: unfortunate|move: Protect\n|\n|-heal|p1a: unfortunate|49\/100|[from] item: Leftovers\n|-ability|p2a: Espathra|Speed Boost|boost\n|-boost|p2a: Espathra|spe|1\n|upkeep\n|turn|5\n|\n|t:|1699215784\n|switch|p1a: flak|Chi-Yu|100\/100\n|-ability|p1a: flak|Beads of Ruin\n|move|p2a: Espathra|Shadow Ball|p1a: flak\n|-resisted|p1a: flak\n|-damage|p1a: flak|79\/100\n|\n|-ability|p2a: Espathra|Speed Boost|boost\n|-boost|p2a: Espathra|spe|1\n|upkeep\n|turn|6\n|inactive|Battle timer is ON: inactive players will automatically lose when time's up. (requested by pronerdgaming)\n|\n|t:|1699215803\n|-terastallize|p2a: Espathra|Fairy\n|move|p2a: Espathra|Calm Mind|p2a: Espathra\n|-boost|p2a: Espathra|spa|1\n|-boost|p2a: Espathra|spd|1\n|move|p1a: flak|Overheat|p2a: Espathra\n|-damage|p2a: Espathra|0 fnt\n|-unboost|p1a: flak|spa|2\n|faint|p2a: Espathra\n|\n|upkeep\n|\n|t:|1699215813\n|switch|p2a: Zacian|Zacian|100\/100\n|-ability|p2a: Zacian|Intrepid Sword|boost\n|-boost|p2a: Zacian|atk|1\n|turn|7\n|\n|t:|1699215824\n|move|p2a: Zacian|Swords Dance|p2a: Zacian\n|-boost|p2a: Zacian|atk|2\n|move|p1a: flak|Overheat|p2a: Zacian\n|-damage|p2a: Zacian|32\/100\n|-unboost|p1a: flak|spa|2\n|\n|upkeep\n|turn|8\n|\n|t:|1699215836\n|move|p2a: Zacian|Play Rough|p1a: flak|[miss]\n|-miss|p2a: Zacian|p1a: flak\n|move|p1a: flak|Overheat|p2a: Zacian\n|-damage|p2a: Zacian|0 fnt\n|-unboost|p1a: flak|spa|2\n|faint|p2a: Zacian\n|\n|upkeep\n|\n|t:|1699215843\n|switch|p2a: Shaymin|Shaymin-Sky|100\/100\n|turn|9\n|\n|t:|1699215846\n|move|p2a: Shaymin|Air Slash|p1a: flak\n|-damage|p1a: flak|46\/100\n|cant|p1a: flak|flinch\n|\n|upkeep\n|turn|10\n|\n|t:|1699215850\n|move|p2a: Shaymin|Air Slash|p1a: flak\n|-damage|p1a: flak|10\/100\n|cant|p1a: flak|flinch\n|\n|upkeep\n|turn|11\n|\n|t:|1699215854\n|move|p2a: Shaymin|Air Slash|p1a: flak\n|-damage|p1a: flak|0 fnt\n|faint|p1a: flak\n|\n|upkeep\n|\n|t:|1699215863\n|switch|p1a: best shiny|Samurott-Hisui, F, shiny|100\/100\n|turn|12\n|\n|t:|1699215868\n|move|p1a: best shiny|Ceaseless Edge|p2a: Shaymin\n|-damage|p2a: Shaymin|56\/100\n|-sidestart|p2: pronerdgaming|Spikes\n|move|p2a: Shaymin|Seed Flare|p1a: best shiny\n|-supereffective|p1a: best shiny\n|-damage|p1a: best shiny|0 fnt\n|faint|p1a: best shiny\n|\n|upkeep\n|\n|t:|1699215881\n|switch|p1a: unfortunate|Jirachi, shiny|49\/100\n|turn|13\n|\n|t:|1699215886\n|move|p2a: Shaymin|Leech Seed|p1a: unfortunate\n|-start|p1a: unfortunate|move: Leech Seed\n|move|p1a: unfortunate|Wish|p1a: unfortunate\n|\n|-heal|p1a: unfortunate|55\/100|[from] item: Leftovers\n|-damage|p1a: unfortunate|43\/100|[from] Leech Seed|[of] p2a: Shaymin\n|-heal|p2a: Shaymin|67\/100|[silent]\n|upkeep\n|turn|14\n|\n|t:|1699215898\n|move|p2a: Shaymin|Synthesis|p2a: Shaymin\n|-heal|p2a: Shaymin|100\/100\n|move|p1a: unfortunate|Body Slam|p2a: Shaymin\n|-damage|p2a: Shaymin|76\/100\n|-status|p2a: Shaymin|par\n|\n|-heal|p1a: unfortunate|93\/100|[from] move: Wish|[wisher] unfortunate\n|-heal|p1a: unfortunate|99\/100|[from] item: Leftovers\n|-damage|p1a: unfortunate|87\/100|[from] Leech Seed|[of] p2a: Shaymin\n|-heal|p2a: Shaymin|87\/100 par|[silent]\n|upkeep\n|turn|15\n|\n|t:|1699215911\n|move|p1a: unfortunate|Iron Head|p2a: Shaymin\n|-damage|p2a: Shaymin|53\/100 par\n|cant|p2a: Shaymin|flinch\n|\n|-heal|p1a: unfortunate|93\/100|[from] item: Leftovers\n|-damage|p1a: unfortunate|80\/100|[from] Leech Seed|[of] p2a: Shaymin\n|-heal|p2a: Shaymin|64\/100 par|[silent]\n|upkeep\n|turn|16\n|\n|t:|1699215918\n|move|p1a: unfortunate|Iron Head|p2a: Shaymin\n|-crit|p2a: Shaymin\n|-damage|p2a: Shaymin|14\/100 par\n|cant|p2a: Shaymin|flinch\n|\n|-heal|p1a: unfortunate|86\/100|[from] item: Leftovers\n|-damage|p1a: unfortunate|74\/100|[from] Leech Seed|[of] p2a: Shaymin\n|-heal|p2a: Shaymin|25\/100 par|[silent]\n|upkeep\n|turn|17\n|\n|t:|1699215926\n|switch|p2a: Dondozo|Dondozo, F|100\/100\n|-damage|p2a: Dondozo|88\/100|[from] Spikes\n|move|p1a: unfortunate|Iron Head|p2a: Dondozo\n|-resisted|p2a: Dondozo\n|-damage|p2a: Dondozo|79\/100\n|\n|-heal|p1a: unfortunate|80\/100|[from] item: Leftovers\n|-heal|p2a: Dondozo|85\/100|[from] item: Leftovers\n|-damage|p1a: unfortunate|68\/100|[from] Leech Seed|[of] p2a: Dondozo\n|-heal|p2a: Dondozo|93\/100|[silent]\n|upkeep\n|turn|18\n|\n|t:|1699215942\n|switch|p1a: vroom vrooom|Cyclizar, M|100\/100\n|move|p2a: Dondozo|Wave Crash|p1a: vroom vrooom\n|-resisted|p1a: vroom vrooom\n|-damage|p1a: vroom vrooom|60\/100\n|-damage|p2a: Dondozo|85\/100|[from] Recoil\n|\n|-heal|p2a: Dondozo|91\/100|[from] item: Leftovers\n|upkeep\n|turn|19\n|\n|t:|1699215960\n|move|p1a: vroom vrooom|Knock Off|p2a: Dondozo\n|-damage|p2a: Dondozo|78\/100\n|-enditem|p2a: Dondozo|Leftovers|[from] move: Knock Off|[of] p1a: vroom vrooom\n|move|p2a: Dondozo|Wave Crash|p1a: vroom vrooom\n|-resisted|p1a: vroom vrooom\n|-damage|p1a: vroom vrooom|16\/100\n|-damage|p2a: Dondozo|69\/100|[from] Recoil\n|\n|upkeep\n|turn|20\n|inactive|2474wawa has 270 seconds left.\n|\n|t:|1699215986\n|move|p1a: vroom vrooom|Draco Meteor|p2a: Dondozo|[miss]\n|-miss|p1a: vroom vrooom|p2a: Dondozo\n|move|p2a: Dondozo|Wave Crash|p1a: vroom vrooom\n|-resisted|p1a: vroom vrooom\n|-damage|p1a: vroom vrooom|0 fnt\n|faint|p1a: vroom vrooom\n|-damage|p2a: Dondozo|66\/100|[from] Recoil\n|\n|upkeep\n|\n|t:|1699215997\n|switch|p1a: unfortunate|Jirachi, shiny|68\/100\n|turn|21\n|\n|t:|1699216002\n|move|p1a: unfortunate|Wish|p1a: unfortunate\n|move|p2a: Dondozo|Wave Crash|p1a: unfortunate\n|-damage|p1a: unfortunate|20\/100\n|-damage|p2a: Dondozo|55\/100|[from] Recoil\n|\n|-heal|p1a: unfortunate|26\/100|[from] item: Leftovers\n|upkeep\n|turn|22\n|inactive|2474wawa has 270 seconds left.\n|\n|t:|1699216013\n|move|p1a: unfortunate|Protect|p1a: unfortunate\n|-singleturn|p1a: unfortunate|Protect\n|move|p2a: Dondozo|Wave Crash|p1a: unfortunate\n|-activate|p1a: unfortunate|move: Protect\n|\n|-heal|p1a: unfortunate|76\/100|[from] move: Wish|[wisher] unfortunate\n|-heal|p1a: unfortunate|82\/100|[from] item: Leftovers\n|upkeep\n|turn|23\n|\n|t:|1699216021\n|move|p1a: unfortunate|Body Slam|p2a: Dondozo\n|-damage|p2a: Dondozo|42\/100\n|-status|p2a: Dondozo|par\n|move|p2a: Dondozo|Rest|p2a: Dondozo\n|-status|p2a: Dondozo|slp|[from] move: Rest\n|-heal|p2a: Dondozo|100\/100 slp|[silent]\n|\n|-heal|p1a: unfortunate|88\/100|[from] item: Leftovers\n|upkeep\n|turn|24\n|\n|t:|1699216030\n|move|p1a: unfortunate|Wish|p1a: unfortunate\n|cant|p2a: Dondozo|slp\n|move|p2a: Dondozo|Sleep Talk|p2a: Dondozo\n|move|p2a: Dondozo|Heavy Slam|p1a: unfortunate|[from]move: Sleep Talk\n|-resisted|p1a: unfortunate\n|-damage|p1a: unfortunate|71\/100\n|\n|-heal|p1a: unfortunate|77\/100|[from] item: Leftovers\n|upkeep\n|turn|25\n|inactive|2474wawa has 270 seconds left.\n|\n|t:|1699216062\n|switch|p1a: emu|Espathra, F|100\/100\n|cant|p2a: Dondozo|slp\n|move|p2a: Dondozo|Sleep Talk|p2a: Dondozo\n|move|p2a: Dondozo|Heavy Slam|p1a: emu|[from]move: Sleep Talk\n|-damage|p1a: emu|76\/100\n|\n|-heal|p1a: emu|100\/100|[from] move: Wish|[wisher] unfortunate\n|upkeep\n|turn|26\n|\n|t:|1699216074\n|switch|p2a: Shaymin|Shaymin-Sky|25\/100 par\n|move|p1a: emu|Substitute|p1a: emu\n|-start|p1a: emu|Substitute\n|-damage|p1a: emu|76\/100\n|\n|-heal|p1a: emu|82\/100|[from] item: Leftovers\n|-ability|p1a: emu|Speed Boost|boost\n|-boost|p1a: emu|spe|1\n|upkeep\n|turn|27\n|\n|t:|1699216084\n|move|p1a: emu|Calm Mind|p1a: emu\n|-boost|p1a: emu|spa|1\n|-boost|p1a: emu|spd|1\n|move|p2a: Shaymin|Air Slash|p1a: emu\n|-end|p1a: emu|Substitute\n|\n|-heal|p1a: emu|88\/100|[from] item: Leftovers\n|-ability|p1a: emu|Speed Boost|boost\n|-boost|p1a: emu|spe|1\n|upkeep\n|turn|28\n|inactive|2474wawa has 270 seconds left.\n|\n|t:|1699216094\n|move|p1a: emu|Stored Power|p2a: Shaymin\n|-damage|p2a: Shaymin|0 fnt\n|faint|p2a: Shaymin\n|\n|-heal|p1a: emu|94\/100|[from] item: Leftovers\n|-ability|p1a: emu|Speed Boost|boost\n|-boost|p1a: emu|spe|1\n|upkeep\n|\n|t:|1699216096\n|switch|p2a: Arceus|Arceus-Ice|100\/100\n|-damage|p2a: Arceus|88\/100|[from] Spikes\n|turn|29\n|\n|t:|1699216103\n|move|p1a: emu|Substitute|p1a: emu\n|-start|p1a: emu|Substitute\n|-damage|p1a: emu|70\/100\n|move|p2a: Arceus|Calm Mind|p2a: Arceus\n|-boost|p2a: Arceus|spa|1\n|-boost|p2a: Arceus|spd|1\n|\n|-heal|p1a: emu|76\/100|[from] item: Leftovers\n|-ability|p1a: emu|Speed Boost|boost\n|-boost|p1a: emu|spe|1\n|upkeep\n|turn|30\n|\n|t:|1699216111\n|move|p1a: emu|Calm Mind|p1a: emu\n|-boost|p1a: emu|spa|1\n|-boost|p1a: emu|spd|1\n|move|p2a: Arceus|Judgment|p1a: emu\n|-end|p1a: emu|Substitute\n|\n|-heal|p1a: emu|82\/100|[from] item: Leftovers\n|-ability|p1a: emu|Speed Boost|boost\n|-boost|p1a: emu|spe|1\n|upkeep\n|turn|31\n|\n|t:|1699216123\n|move|p1a: emu|Calm Mind|p1a: emu\n|-boost|p1a: emu|spa|1\n|-boost|p1a: emu|spd|1\n|move|p2a: Arceus|Judgment|p1a: emu\n|-damage|p1a: emu|43\/100\n|\n|-heal|p1a: emu|49\/100|[from] item: Leftovers\n|-ability|p1a: emu|Speed Boost|boost\n|-boost|p1a: emu|spe|1\n|upkeep\n|turn|32\n|\n|t:|1699216133\n|move|p1a: emu|Stored Power|p2a: Arceus\n|-damage|p2a: Arceus|0 fnt\n|faint|p2a: Arceus\n|\n|-heal|p1a: emu|55\/100|[from] item: Leftovers\n|upkeep\n|c|\u2606pronerdgaming|Damn, this is probably ggs\n|\n|t:|1699216138\n|switch|p2a: Dondozo|Dondozo, F|100\/100 slp\n|-damage|p2a: Dondozo|88\/100 slp|[from] Spikes\n|turn|33\n|\n|t:|1699216145\n|move|p1a: emu|Substitute|p1a: emu\n|-start|p1a: emu|Substitute\n|-damage|p1a: emu|30\/100\n|-curestatus|p2a: Dondozo|slp|[msg]\n|move|p2a: Dondozo|Sleep Talk||[still]\n|-fail|p2a: Dondozo\n|\n|-heal|p1a: emu|37\/100|[from] item: Leftovers\n|upkeep\n|turn|34\n|\n|t:|1699216152\n|move|p1a: emu|Stored Power|p2a: Dondozo\n|-damage|p2a: Dondozo|0 fnt\n|faint|p2a: Dondozo\n|\n|win|2474wawa\n|c|\u26062474wawa|gg\n|c|\u2606pronerdgaming|gg\n|l|\u26062474wawa\n","uploadtime":1699216252,"views":3,"p1id":"2474wawa","p2id":"pronerdgaming","formatid":"gen9ubers","rating":0,"private":0,"password":""}