{"id":"gen9ubers-1987272969","p1":"OreoSpeedruns","p2":"SeraphZ\u2605","format":"[Gen 9] Ubers","log":"|j|\u2606OreoSpeedruns\n|j|\u2606SeraphZ\u2605\n|t:|1699571837\n|gametype|singles\n|player|p1|OreoSpeedruns|hilbert-masters|\n|player|p2|SeraphZ\u2605|#ptplivdazzlingdiancies|\n|teamsize|p1|6\n|teamsize|p2|6\n|gen|9\n|tier|[Gen 9] Ubers\n|rated|Tournament battle\n|rule|Sleep Clause Mod: Limit one foe put to sleep\n|rule|Species Clause: Limit one of each Pok\u00e9mon\n|rule|OHKO Clause: OHKO moves are banned\n|rule|Evasion Items Clause: Evasion items are banned\n|rule|Evasion Moves Clause: Evasion moves are banned\n|rule|Endless Battle Clause: Forcing endless battles is banned\n|rule|HP Percentage Mod: HP is shown in percentages\n|clearpoke\n|poke|p1|Grimmsnarl, M|\n|poke|p1|Koraidon|\n|poke|p1|Arceus|\n|poke|p1|Flutter Mane|\n|poke|p1|Zacian-*|\n|poke|p1|Calyrex-Ice|\n|poke|p2|Koraidon|\n|poke|p2|Giratina-Origin|\n|poke|p2|Ting-Lu|\n|poke|p2|Skeledirge, M|\n|poke|p2|Miraidon|\n|poke|p2|Zacian-*|\n|teampreview\n|c|\u2606SeraphZ\u2605|hf\n|c|\u2606OreoSpeedruns|glhf\n|\n|t:|1699571857\n|start\n|switch|p1a: Grimmsnarl|Grimmsnarl, M|100\/100\n|switch|p2a: Miraidon|Miraidon|100\/100\n|-fieldstart|move: Electric Terrain|[from] ability: Hadron Engine|[of] p2a: Miraidon\n|turn|1\n|\n|t:|1699571864\n|move|p1a: Grimmsnarl|Light Screen|p1a: Grimmsnarl\n|-sidestart|p1: OreoSpeedruns|move: Light Screen\n|move|p2a: Miraidon|Electro Drift|p1a: Grimmsnarl\n|-damage|p1a: Grimmsnarl|64\/100\n|\n|upkeep\n|turn|2\n|j| BoShmoover\n|\n|t:|1699571869\n|switch|p2a: Giratina|Giratina-Origin|100\/100\n|move|p1a: Grimmsnarl|Play Rough|p2a: Giratina\n|-supereffective|p2a: Giratina\n|-damage|p2a: Giratina|58\/100\n|\n|upkeep\n|turn|3\n|\n|t:|1699571874\n|move|p2a: Giratina|Will-O-Wisp|p1a: Grimmsnarl\n|-status|p1a: Grimmsnarl|brn\n|move|p1a: Grimmsnarl|Play Rough|p2a: Giratina\n|-supereffective|p2a: Giratina\n|-damage|p2a: Giratina|37\/100\n|\n|-damage|p1a: Grimmsnarl|57\/100 brn|[from] brn\n|upkeep\n|turn|4\n|\n|t:|1699571881\n|move|p1a: Grimmsnarl|Reflect|p1a: Grimmsnarl\n|-sidestart|p1: OreoSpeedruns|Reflect\n|move|p2a: Giratina|Hex|p1a: Grimmsnarl\n|-resisted|p1a: Grimmsnarl\n|-damage|p1a: Grimmsnarl|43\/100 brn\n|\n|-damage|p1a: Grimmsnarl|37\/100 brn|[from] brn\n|upkeep\n|turn|5\n|\n|t:|1699571884\n|move|p1a: Grimmsnarl|Taunt|p2a: Giratina\n|-start|p2a: Giratina|move: Taunt\n|cant|p2a: Giratina|move: Taunt|Defog\n|\n|-damage|p1a: Grimmsnarl|31\/100 brn|[from] brn\n|-fieldend|move: Electric Terrain\n|upkeep\n|turn|6\n|\n|t:|1699571894\n|switch|p2a: Ting-Lu|Ting-Lu|100\/100\n|-ability|p2a: Ting-Lu|Vessel of Ruin\n|switch|p1a: Arceus|Arceus|100\/100\n|\n|upkeep\n|turn|7\n|\n|t:|1699571896\n|move|p1a: Arceus|Swords Dance|p1a: Arceus\n|-boost|p1a: Arceus|atk|2\n|move|p2a: Ting-Lu|Whirlwind|p1a: Arceus\n|drag|p1a: Zacian|Zacian-Crowned, shiny|100\/100\n|-ability|p1a: Zacian|Intrepid Sword|boost\n|-boost|p1a: Zacian|atk|1\n|\n|upkeep\n|turn|8\n|\n|t:|1699571899\n|switch|p2a: Skeledirge|Skeledirge, M|100\/100\n|move|p1a: Zacian|Play Rough|p2a: Skeledirge\n|-resisted|p2a: Skeledirge\n|-damage|p2a: Skeledirge|85\/100\n|\n|-sideend|p1: OreoSpeedruns|move: Light Screen\n|upkeep\n|turn|9\n|\n|t:|1699571904\n|switch|p1a: Grimmsnarl|Grimmsnarl, M|31\/100 brn\n|move|p2a: Skeledirge|Will-O-Wisp|p1a: Grimmsnarl\n|-fail|p1a: Grimmsnarl|brn\n|\n|-damage|p1a: Grimmsnarl|24\/100 brn|[from] brn\n|upkeep\n|turn|10\n|\n|t:|1699571908\n|switch|p2a: Giratina|Giratina-Origin|37\/100\n|move|p1a: Grimmsnarl|Light Screen|p1a: Grimmsnarl\n|-sidestart|p1: OreoSpeedruns|move: Light Screen\n|\n|-damage|p1a: Grimmsnarl|18\/100 brn|[from] brn\n|upkeep\n|turn|11\n|\n|t:|1699571913\n|move|p1a: Grimmsnarl|Taunt|p2a: Giratina\n|-start|p2a: Giratina|move: Taunt\n|move|p2a: Giratina|Hex|p1a: Grimmsnarl\n|-resisted|p1a: Grimmsnarl\n|-damage|p1a: Grimmsnarl|3\/100 brn\n|\n|-damage|p1a: Grimmsnarl|0 fnt|[from] brn\n|faint|p1a: Grimmsnarl\n|-sideend|p1: OreoSpeedruns|Reflect\n|upkeep\n|\n|t:|1699571930\n|switch|p1a: Arceus|Arceus|100\/100\n|turn|12\n|\n|t:|1699571939\n|move|p1a: Arceus|Swords Dance|p1a: Arceus\n|-boost|p1a: Arceus|atk|2\n|move|p2a: Giratina|Draco Meteor|p1a: Arceus\n|-damage|p1a: Arceus|73\/100\n|-unboost|p2a: Giratina|spa|2\n|\n|upkeep\n|turn|13\n|\n|t:|1699571944\n|switch|p2a: Skeledirge|Skeledirge, M|85\/100\n|move|p1a: Arceus|Swords Dance|p1a: Arceus\n|-boost|p1a: Arceus|atk|2\n|\n|upkeep\n|turn|14\n|\n|t:|1699571948\n|move|p1a: Arceus|Taunt|p2a: Skeledirge\n|-start|p2a: Skeledirge|move: Taunt\n|cant|p2a: Skeledirge|move: Taunt|Will-O-Wisp\n|\n|upkeep\n|turn|15\n|\n|t:|1699571955\n|switch|p2a: Giratina|Giratina-Origin|37\/100\n|move|p1a: Arceus|Shadow Claw|p2a: Giratina\n|-supereffective|p2a: Giratina\n|-damage|p2a: Giratina|0 fnt\n|faint|p2a: Giratina\n|\n|upkeep\n|\n|t:|1699571957\n|switch|p2a: Zacian|Zacian-Crowned|100\/100\n|-ability|p2a: Zacian|Intrepid Sword|boost\n|-boost|p2a: Zacian|atk|1\n|turn|16\n|\n|t:|1699571961\n|move|p1a: Arceus|Extreme Speed|p2a: Zacian\n|-resisted|p2a: Zacian\n|-damage|p2a: Zacian|29\/100\n|move|p2a: Zacian|Behemoth Blade|p1a: Arceus\n|-damage|p1a: Arceus|10\/100\n|\n|upkeep\n|turn|17\n|\n|t:|1699571964\n|switch|p2a: Skeledirge|Skeledirge, M|85\/100\n|move|p1a: Arceus|Extreme Speed|p2a: Skeledirge\n|-immune|p2a: Skeledirge\n|\n|-sideend|p1: OreoSpeedruns|move: Light Screen\n|upkeep\n|turn|18\n|\n|t:|1699571966\n|move|p1a: Arceus|Shadow Claw|p2a: Skeledirge\n|-supereffective|p2a: Skeledirge\n|-damage|p2a: Skeledirge|54\/100\n|move|p2a: Skeledirge|Torch Song|p1a: Arceus\n|-damage|p1a: Arceus|0 fnt\n|-boost|p2a: Skeledirge|spa|1\n|faint|p1a: Arceus\n|\n|upkeep\n|\n|t:|1699571972\n|switch|p1a: Flutter Mane|Flutter Mane|100\/100\n|turn|19\n|\n|t:|1699571974\n|switch|p2a: Ting-Lu|Ting-Lu|100\/100\n|-ability|p2a: Ting-Lu|Vessel of Ruin\n|move|p1a: Flutter Mane|Moonblast|p2a: Ting-Lu\n|-supereffective|p2a: Ting-Lu\n|-damage|p2a: Ting-Lu|49\/100\n|-damage|p1a: Flutter Mane|91\/100|[from] item: Life Orb\n|\n|-heal|p2a: Ting-Lu|55\/100|[from] item: Leftovers\n|upkeep\n|turn|20\n|\n|t:|1699571978\n|move|p1a: Flutter Mane|Moonblast|p2a: Ting-Lu\n|-supereffective|p2a: Ting-Lu\n|-damage|p2a: Ting-Lu|3\/100\n|-unboost|p2a: Ting-Lu|spa|1\n|-damage|p1a: Flutter Mane|81\/100|[from] item: Life Orb\n|move|p2a: Ting-Lu|Earthquake|p1a: Flutter Mane\n|-damage|p1a: Flutter Mane|0 fnt\n|faint|p1a: Flutter Mane\n|-end|p1a: Flutter Mane|Protosynthesis|[silent]\n|\n|-heal|p2a: Ting-Lu|9\/100|[from] item: Leftovers\n|upkeep\n|\n|t:|1699571986\n|switch|p1a: Calyrex|Calyrex-Ice|100\/100\n|-ability|p1a: Calyrex|As One\n|-ability|p1a: Calyrex|Unnerve\n|turn|21\n|\n|t:|1699571989\n|move|p2a: Ting-Lu|Whirlwind|p1a: Calyrex\n|drag|p1a: Koraidon|Koraidon|100\/100\n|-weather|SunnyDay|[from] ability: Orichalcum Pulse|[of] p1a: Koraidon\n|-activate|p1a: Koraidon|Orichalcum Pulse|[source]\n|\n|-weather|SunnyDay|[upkeep]\n|-heal|p2a: Ting-Lu|15\/100|[from] item: Leftovers\n|upkeep\n|turn|22\n|\n|t:|1699571993\n|move|p1a: Koraidon|Swords Dance|p1a: Koraidon\n|-boost|p1a: Koraidon|atk|2\n|move|p2a: Ting-Lu|Spikes|p1a: Koraidon\n|-sidestart|p1: OreoSpeedruns|Spikes\n|\n|-weather|SunnyDay|[upkeep]\n|-heal|p2a: Ting-Lu|22\/100|[from] item: Leftovers\n|upkeep\n|turn|23\n|\n|t:|1699571997\n|switch|p2a: Zacian|Zacian-Crowned|29\/100\n|move|p1a: Koraidon|Scale Shot|p2a: Zacian\n|-immune|p2a: Zacian\n|\n|-weather|SunnyDay|[upkeep]\n|upkeep\n|turn|24\n|\n|t:|1699572002\n|move|p2a: Zacian|Play Rough|p1a: Koraidon\n|-supereffective|p1a: Koraidon\n|-damage|p1a: Koraidon|0 fnt\n|faint|p1a: Koraidon\n|\n|-weather|SunnyDay|[upkeep]\n|upkeep\n|\n|t:|1699572003\n|switch|p1a: Calyrex|Calyrex-Ice|100\/100\n|-ability|p1a: Calyrex|As One\n|-ability|p1a: Calyrex|Unnerve\n|turn|25\n|\n|t:|1699572014\n|move|p2a: Zacian|Behemoth Blade|p1a: Calyrex\n|-supereffective|p1a: Calyrex\n|-damage|p1a: Calyrex|32\/100\n|move|p1a: Calyrex|Trick Room|p1a: Calyrex\n|-fieldstart|move: Trick Room|[of] p1a: Calyrex\n|\n|-weather|none\n|upkeep\n|turn|26\n|\n|t:|1699572020\n|switch|p2a: Ting-Lu|Ting-Lu|22\/100\n|-ability|p2a: Ting-Lu|Vessel of Ruin\n|move|p1a: Calyrex|Glacial Lance|p2a: Ting-Lu\n|-supereffective|p2a: Ting-Lu\n|-damage|p2a: Ting-Lu|0 fnt\n|faint|p2a: Ting-Lu\n|-ability|p1a: Calyrex|Chilling Neigh|boost\n|-boost|p1a: Calyrex|atk|1\n|\n|upkeep\n|\n|t:|1699572021\n|switch|p2a: Skeledirge|Skeledirge, M|54\/100\n|turn|27\n|\n|t:|1699572026\n|-terastallize|p1a: Calyrex|Fire\n|move|p1a: Calyrex|High Horsepower|p2a: Skeledirge\n|-supereffective|p2a: Skeledirge\n|-damage|p2a: Skeledirge|6\/100\n|move|p2a: Skeledirge|Slack Off|p2a: Skeledirge\n|-heal|p2a: Skeledirge|56\/100\n|\n|upkeep\n|turn|28\n|\n|t:|1699572030\n|move|p1a: Calyrex|High Horsepower|p2a: Skeledirge\n|-supereffective|p2a: Skeledirge\n|-damage|p2a: Skeledirge|1\/100\n|move|p2a: Skeledirge|Slack Off|p2a: Skeledirge\n|-heal|p2a: Skeledirge|51\/100\n|\n|upkeep\n|turn|29\n|\n|t:|1699572033\n|move|p1a: Calyrex|High Horsepower|p2a: Skeledirge\n|-supereffective|p2a: Skeledirge\n|-damage|p2a: Skeledirge|1\/100\n|move|p2a: Skeledirge|Hex|p1a: Calyrex\n|-damage|p1a: Calyrex|14\/100\n|\n|-fieldend|move: Trick Room\n|upkeep\n|turn|30\n|\n|t:|1699572036\n|move|p2a: Skeledirge|Hex|p1a: Calyrex\n|-damage|p1a: Calyrex|0 fnt\n|faint|p1a: Calyrex\n|\n|upkeep\n|\n|t:|1699572037\n|switch|p1a: Zacian|Zacian-Crowned, shiny|100\/100\n|-damage|p1a: Zacian|88\/100|[from] Spikes\n|turn|31\n|\n|t:|1699572040\n|move|p1a: Zacian|Behemoth Blade|p2a: Skeledirge\n|-resisted|p2a: Skeledirge\n|-damage|p2a: Skeledirge|0 fnt\n|faint|p2a: Skeledirge\n|\n|upkeep\n|\n|t:|1699572046\n|switch|p2a: Miraidon|Miraidon|100\/100\n|-fieldstart|move: Electric Terrain|[from] ability: Hadron Engine|[of] p2a: Miraidon\n|turn|32\n|\n|t:|1699572048\n|-terastallize|p2a: Miraidon|Electric\n|move|p2a: Miraidon|Electro Drift|p1a: Zacian\n|-damage|p1a: Zacian|0 fnt\n|faint|p1a: Zacian\n|\n|win|SeraphZ\u2605\n|n|\u2606OreoSpeedruns|oreospeedruns\n|n|\u2606SeraphZ\u2605|seraphz\n|n| BoShmoover|boshmoover\n|c|\u2606SeraphZ\u2605|gg\n|c|\u2606OreoSpeedruns|ah gg\n|l| BoShmoover\n|l|\u2606OreoSpeedruns\n","uploadtime":1699572067,"views":15,"p1id":"oreospeedruns","p2id":"seraphz","formatid":"gen9ubers","rating":0,"private":0,"password":""}