{"id":"gen9ubers-1986526961","p1":"OMaisNoob","p2":"Anne Frankkkk","format":"[Gen 9] Ubers","log":"|j|\u2606OMaisNoob\n|j|\u2606Anne Frankkkk\n|t:|1699488308\n|gametype|singles\n|player|p1|OMaisNoob|266|1000\n|player|p2|Anne Frankkkk|2|1158\n|teamsize|p1|6\n|teamsize|p2|6\n|gen|9\n|tier|[Gen 9] Ubers\n|rated|\n|rule|Sleep Clause Mod: Limit one foe put to sleep\n|rule|Species Clause: Limit one of each Pok\u00e9mon\n|rule|OHKO Clause: OHKO moves are banned\n|rule|Evasion Items Clause: Evasion items are banned\n|rule|Evasion Moves Clause: Evasion moves are banned\n|rule|Endless Battle Clause: Forcing endless battles is banned\n|rule|HP Percentage Mod: HP is shown in percentages\n|clearpoke\n|poke|p1|Dragapult, F|\n|poke|p1|Seviper, M|\n|poke|p1|Cleffa, F|\n|poke|p1|Jolteon, M|\n|poke|p1|Sylveon, F|\n|poke|p1|Gengar, M|\n|poke|p2|Iron Hands|\n|poke|p2|Kyogre|\n|poke|p2|Chien-Pao|\n|poke|p2|Ribombee, M|\n|poke|p2|Miraidon|\n|poke|p2|Flutter Mane|\n|teampreview\n|inactive|Battle timer is ON: inactive players will automatically lose when time's up. (requested by Anne Frankkkk)\n|\n|t:|1699488330\n|start\n|switch|p1a: Sylveon|Sylveon, F|100\/100\n|switch|p2a: Moonblast|Ribombee, M, shiny|100\/100\n|turn|1\n|\n|t:|1699488342\n|move|p2a: Moonblast|Sticky Web|p1a: Sylveon\n|-sidestart|p1: OMaisNoob|move: Sticky Web\n|move|p1a: Sylveon|Disarming Voice|p2a: Moonblast\n|-damage|p2a: Moonblast|61\/100\n|\n|upkeep\n|turn|2\n|\n|t:|1699488354\n|move|p2a: Moonblast|Stun Spore|p1a: Sylveon\n|-status|p1a: Sylveon|par\n|move|p1a: Sylveon|Dazzling Gleam|p2a: Moonblast\n|-damage|p2a: Moonblast|0 fnt\n|faint|p2a: Moonblast\n|\n|upkeep\n|\n|t:|1699488360\n|switch|p2a: Big Boy|Iron Hands, shiny|100\/100\n|turn|3\n|\n|t:|1699488370\n|move|p2a: Big Boy|Heavy Slam|p1a: Sylveon\n|-supereffective|p1a: Sylveon\n|-damage|p1a: Sylveon|0 fnt\n|faint|p1a: Sylveon\n|\n|upkeep\n|\n|t:|1699488378\n|switch|p1a: Gengar|Gengar, M|100\/100\n|-activate|p1a: Gengar|move: Sticky Web\n|-unboost|p1a: Gengar|spe|1\n|turn|4\n|\n|t:|1699488387\n|move|p2a: Big Boy|Wild Charge|p1a: Gengar\n|-damage|p1a: Gengar|1\/100\n|-damage|p2a: Big Boy|88\/100|[from] Recoil\n|move|p1a: Gengar|Trick Room|p1a: Gengar\n|-fieldstart|move: Trick Room|[of] p1a: Gengar\n|\n|upkeep\n|turn|5\n|\n|t:|1699488396\n|move|p2a: Big Boy|Wild Charge|p1a: Gengar\n|-damage|p1a: Gengar|0 fnt\n|-start|p2a: Big Boy|Disable|Wild Charge|[from] ability: Cursed Body|[of] p1a: Gengar\n|faint|p1a: Gengar\n|-damage|p2a: Big Boy|88\/100|[from] Recoil\n|\n|upkeep\n|\n|t:|1699488406\n|switch|p1a: Cleffa|Cleffa, F|100\/100\n|-activate|p1a: Cleffa|move: Sticky Web\n|-unboost|p1a: Cleffa|spe|1\n|turn|6\n|\n|t:|1699488411\n|move|p1a: Cleffa|Thunder Wave|p2a: Big Boy\n|-immune|p2a: Big Boy\n|move|p2a: Big Boy|Heavy Slam|p1a: Cleffa\n|-supereffective|p1a: Cleffa\n|-damage|p1a: Cleffa|1\/100\n|\n|upkeep\n|turn|7\n|\n|t:|1699488420\n|move|p1a: Cleffa|Fire Blast|p2a: Big Boy|[miss]\n|-miss|p1a: Cleffa|p2a: Big Boy\n|move|p2a: Big Boy|Heavy Slam|p1a: Cleffa\n|-supereffective|p1a: Cleffa\n|-damage|p1a: Cleffa|0 fnt\n|faint|p1a: Cleffa\n|\n|upkeep\n|\n|t:|1699488430\n|switch|p1a: Dragapult|Dragapult, F|100\/100\n|-activate|p1a: Dragapult|move: Sticky Web\n|-unboost|p1a: Dragapult|spe|1\n|turn|8\n|\n|t:|1699488439\n|move|p2a: Big Boy|Heavy Slam|p1a: Dragapult\n|-damage|p1a: Dragapult|36\/100\n|move|p1a: Dragapult|Dragon Darts|p2a: Big Boy\n|-damage|p2a: Big Boy|68\/100\n|-anim|p1a: Dragapult|Dragon Darts|p2a: Big Boy\n|-damage|p2a: Big Boy|47\/100\n|-damage|p1a: Dragapult|27\/100|[from] item: Life Orb\n|\n|-end|p2a: Big Boy|Disable\n|-fieldend|move: Trick Room\n|upkeep\n|turn|9\n|\n|t:|1699488453\n|move|p1a: Dragapult|Dragon Darts|p2a: Big Boy\n|-damage|p2a: Big Boy|27\/100\n|-anim|p1a: Dragapult|Dragon Darts|p2a: Big Boy\n|-damage|p2a: Big Boy|7\/100\n|-damage|p1a: Dragapult|17\/100|[from] item: Life Orb\n|move|p2a: Big Boy|Heavy Slam|p1a: Dragapult\n|-damage|p1a: Dragapult|0 fnt\n|faint|p1a: Dragapult\n|\n|upkeep\n|-message|OMaisNoob forfeited.\n|\n|win|Anne Frankkkk\n|raw|OMaisNoob's rating: 1000 &rarr; <strong>1000<\/strong><br \/>(+0 for losing)\n|raw|Anne Frankkkk's rating: 1158 &rarr; <strong>1172<\/strong><br \/>(+14 for winning)\n|l|\u2606OMaisNoob\n","uploadtime":1699488476,"views":4,"p1id":"omaisnoob","p2id":"annefrankkkk","formatid":"gen9ubers","rating":1000,"private":0,"password":""}