{"id":"gen9ubers-1992889582","p1":"balutalol","p2":"Blanca paloma 12","format":"[Gen 9] Ubers","log":"|j|\u2606balutalol\n|j|\u2606Blanca paloma 12\n|t:|1700244223\n|gametype|singles\n|player|p1|balutalol|roxie|\n|player|p2|Blanca paloma 12|wallace|\n|teamsize|p1|6\n|teamsize|p2|6\n|gen|9\n|tier|[Gen 9] Ubers\n|rule|Sleep Clause Mod: Limit one foe put to sleep\n|rule|Species Clause: Limit one of each Pok\u00e9mon\n|rule|OHKO Clause: OHKO moves are banned\n|rule|Evasion Items Clause: Evasion items are banned\n|rule|Evasion Moves Clause: Evasion moves are banned\n|rule|Endless Battle Clause: Forcing endless battles is banned\n|rule|HP Percentage Mod: HP is shown in percentages\n|clearpoke\n|poke|p1|Iron Valiant|\n|poke|p1|Cinderace, M|\n|poke|p1|Krookodile, M|\n|poke|p1|Inteleon, M|\n|poke|p1|Weezing-Galar, M|\n|poke|p1|Grafaiai, M|\n|poke|p2|Charizard, F|\n|poke|p2|Jirachi|\n|poke|p2|Heatran, M|\n|poke|p2|Torterra, M|\n|poke|p2|Ninetales-Alola, F|\n|poke|p2|Clodsire, F|\n|teampreview\n|c|\u2606balutalol|ola\n|c|\u2606balutalol|buena suerte\n|c|\u2606balutalol|que gane el mejor\n|\n|t:|1700244253\n|start\n|switch|p1a: Cinderace|Cinderace, M|100\/100\n|switch|p2a: Cocreta|Clodsire, F|100\/100\n|turn|1\n|j| Rubenator_64\n|c| Rubenator_64|ola\n|c|\u2606balutalol|ola\n|\n|t:|1700244268\n|switch|p1a: Grafaiai|Grafaiai, M|100\/100\n|-item|p1a: Grafaiai|Air Balloon\n|move|p2a: Cocreta|Hydro Pump|p1a: Grafaiai\n|-damage|p1a: Grafaiai|76\/100\n|-enditem|p1a: Grafaiai|Air Balloon\n|\n|upkeep\n|turn|2\n|\n|t:|1700244302\n|move|p1a: Grafaiai|Parting Shot|p2a: Cocreta\n|-unboost|p2a: Cocreta|atk|1\n|-unboost|p2a: Cocreta|spa|1\n|\n|t:|1700244311\n|switch|p1a: Iron Valiant|Iron Valiant|100\/100|[from] Parting Shot\n|-enditem|p1a: Iron Valiant|Booster Energy\n|-activate|p1a: Iron Valiant|ability: Quark Drive|[fromitem]\n|-start|p1a: Iron Valiant|quarkdriveatk\n|move|p2a: Cocreta|Counter||[still]\n|-fail|p2a: Cocreta\n|\n|upkeep\n|turn|3\n|\n|t:|1700244326\n|move|p1a: Iron Valiant|Swords Dance|p1a: Iron Valiant\n|-boost|p1a: Iron Valiant|atk|2\n|move|p2a: Cocreta|Gunk Shot|p1a: Iron Valiant\n|-supereffective|p1a: Iron Valiant\n|-damage|p1a: Iron Valiant|38\/100\n|\n|upkeep\n|turn|4\n|c|\u2606balutalol|no tengo motes nooo\n|\n|t:|1700244334\n|move|p1a: Iron Valiant|Zen Headbutt|p2a: Cocreta\n|-supereffective|p2a: Cocreta\n|-damage|p2a: Cocreta|0 fnt\n|-status|p1a: Iron Valiant|psn|[from] ability: Poison Point|[of] p2a: Cocreta\n|faint|p2a: Cocreta\n|\n|-damage|p1a: Iron Valiant|25\/100 psn|[from] psn\n|upkeep\n|c| Rubenator_64|nooo\n|c|\u2606balutalol|y me envenena :(\n|\n|t:|1700244345\n|switch|p2a: Anuel|Charizard, F, shiny|100\/100\n|turn|5\n|c| Rubenator_64|sadgi\n|c| Rubenator_64|anuel\n|inactive|Battle timer is ON: inactive players will automatically lose when time's up. (requested by Blanca paloma 12)\n|\n|t:|1700244388\n|move|p1a: Iron Valiant|Shadow Claw|p2a: Anuel\n|-damage|p2a: Anuel|9\/100\n|move|p2a: Anuel|Fire Blast|p1a: Iron Valiant\n|-damage|p1a: Iron Valiant|0 fnt\n|faint|p1a: Iron Valiant\n|-end|p1a: Iron Valiant|Quark Drive|[silent]\n|\n|upkeep\n|c| Rubenator_64|f\n|c|\u2606Blanca paloma 12|F\n|\n|t:|1700244405\n|switch|p1a: Krookodile|Krookodile, M|100\/100\n|turn|6\n|c|\u2606Blanca paloma 12|Sorry baluta\n|j| gosensia\n|c| gosensia|ola\n|c| Rubenator_64|ola\n|\n|t:|1700244430\n|move|p1a: Krookodile|Crunch|p2a: Anuel\n|-damage|p2a: Anuel|0 fnt\n|faint|p2a: Anuel\n|-ability|p1a: Krookodile|Moxie|boost\n|-boost|p1a: Krookodile|atk|1\n|\n|upkeep\n|c|\u2606balutalol|ola\n|\n|t:|1700244442\n|switch|p2a: Mercadona|Torterra, M, shiny|100\/100\n|turn|7\n|inactive|balutalol has 270 seconds left.\n|c| gosensia|por que Mercadona\n|c|\u2606Blanca paloma 12|Por q si\n|c| Rubenator_64|ea ea\n|c| gosensia|a\n|c|\u2606balutalol|roscon mercadona descuido\n|inactive|balutalol has 240 seconds left.\n|c| gosensia|kskdskdjsj\n|c| Rubenator_64|en la seccion de yogures\n|inactive|Blanca paloma 12 has 270 seconds left.\n|c|\u2606Blanca paloma 12|Venga baluta\n|\n|t:|1700244516\n|switch|p1a: Grafaiai|Grafaiai, M|76\/100\n|move|p2a: Mercadona|Leaf Storm|p1a: Grafaiai\n|-resisted|p1a: Grafaiai\n|-damage|p1a: Grafaiai|52\/100\n|-unboost|p2a: Mercadona|spa|2\n|\n|upkeep\n|turn|8\n|inactive|Blanca paloma 12 has 270 seconds left.\n|\n|t:|1700244527\n|move|p1a: Grafaiai|Encore|p2a: Mercadona\n|-start|p2a: Mercadona|Encore\n|move|p2a: Mercadona|Leaf Storm|p1a: Grafaiai\n|-resisted|p1a: Grafaiai\n|-damage|p1a: Grafaiai|40\/100\n|-unboost|p2a: Mercadona|spa|2\n|\n|upkeep\n|turn|9\n|inactive|Blanca paloma 12 has 270 seconds left.\n|c| gosensia|se viene\n|\n|t:|1700244548\n|switch|p2a: Baluta|Heatran, M|100\/100\n|move|p1a: Grafaiai|Super Fang|p2a: Baluta\n|-damage|p2a: Baluta|51\/100\n|-damage|p1a: Grafaiai|24\/100|[from] item: Rocky Helmet|[of] p2a: Baluta\n|\n|upkeep\n|turn|10\n|c|\u2606balutalol|no no\n|c|\u2606balutalol|este no cocina\n|c|\u2606balutalol|ala\n|c| Rubenator_64|ala\n|c| Rubenator_64|baluta\n|\n|t:|1700244559\n|move|p1a: Grafaiai|Parting Shot|p2a: Baluta\n|-unboost|p2a: Baluta|atk|1\n|-unboost|p2a: Baluta|spa|1\n|c| gosensia|cacas\n|inactive|balutalol has 210 seconds left.\n|\n|t:|1700244585\n|switch|p1a: Inteleon|Inteleon, M|100\/100|[from] Parting Shot\n|move|p2a: Baluta|Overheat|p1a: Inteleon\n|-resisted|p1a: Inteleon\n|-damage|p1a: Inteleon|64\/100\n|-unboost|p2a: Baluta|spa|2\n|\n|upkeep\n|turn|11\n|inactive|Blanca paloma 12 has 270 seconds left.\n|inactive|balutalol has 210 seconds left.\n|\n|t:|1700244603\n|switch|p2a: Mercadona|Torterra, M, shiny|100\/100\n|move|p1a: Inteleon|U-turn|p2a: Mercadona\n|-supereffective|p2a: Mercadona\n|-damage|p2a: Mercadona|78\/100\n|-damage|p1a: Inteleon|48\/100|[from] item: Rocky Helmet|[of] p2a: Mercadona\n|c|\u2606balutalol|ala\n|c| Rubenator_64|esta igualado eh\n|c| gosensia|mucho Rocky helmet\n|c|\u2606balutalol|sisi\n|inactive|balutalol has 180 seconds left.\n|\n|t:|1700244634\n|switch|p1a: Weezing|Weezing-Galar, M|100\/100|[from] U-turn\n|-ability|p1a: Weezing|Neutralizing Gas\n|\n|upkeep\n|turn|12\n|inactive|Blanca paloma 12 has 270 seconds left.\n|inactive|balutalol has 180 seconds left.\n|\n|t:|1700244652\n|switch|p2a: Estrellita|Jirachi, shiny|100\/100\n|move|p1a: Weezing|Sludge Bomb|p2a: Estrellita\n|-immune|p2a: Estrellita\n|\n|upkeep\n|turn|13\n|c|\u2606balutalol|me gana\n|inactive|balutalol has 180 seconds left.\n|c| Rubenator_64|vaya predict lol\n|c| gosensia|baluta confia\n|\n|t:|1700244673\n|-end|p1a: Weezing|ability: Neutralizing Gas\n|switch|p1a: Grafaiai|Grafaiai, M|24\/100\n|move|p2a: Estrellita|Future Sight|p1a: Grafaiai\n|-start|p2a: Estrellita|move: Future Sight\n|\n|upkeep\n|turn|14\n|inactive|balutalol has 180 seconds left.\n|\n|t:|1700244697\n|move|p1a: Grafaiai|Super Fang|p2a: Estrellita\n|-damage|p2a: Estrellita|50\/100\n|move|p2a: Estrellita|Aura Sphere|p1a: Grafaiai\n|-damage|p1a: Grafaiai|0 fnt\n|faint|p1a: Grafaiai\n|-damage|p2a: Estrellita|41\/100|[from] item: Life Orb\n|\n|upkeep\n|\n|t:|1700244703\n|switch|p1a: Krookodile|Krookodile, M|100\/100\n|turn|15\n|\n|t:|1700244727\n|move|p1a: Krookodile|Close Combat|p2a: Estrellita\n|-damage|p2a: Estrellita|1\/100\n|-unboost|p1a: Krookodile|def|1\n|-unboost|p1a: Krookodile|spd|1\n|move|p2a: Estrellita|Play Rough|p1a: Krookodile\n|-supereffective|p1a: Krookodile\n|-damage|p1a: Krookodile|5\/100\n|-damage|p2a: Estrellita|0 fnt|[from] item: Life Orb\n|faint|p2a: Estrellita\n|\n|-end|p1a: Krookodile|move: Future Sight\n|-immune|p1a: Krookodile\n|upkeep\n|c| Rubenator_64|joderr\n|c|\u2606balutalol|ala\n|c|\u2606balutalol|madre\n|c|\u2606balutalol|what\n|inactive|Blanca paloma 12 has 240 seconds left.\n|c| Rubenator_64|1 ps\n|\n|t:|1700244745\n|switch|p2a: Mercadona|Torterra, M, shiny|78\/100\n|turn|16\n|c|\u2606balutalol|y el moxie\n|c|\u2606balutalol|no actua\n|c| gosensia|dios mil\n|c|\u2606balutalol|no way\n|c|\u2606balutalol|vaya mierda\n|c| gosensia|vaya caca\n|c|\u2606balutalol|no me sube\n|inactive|Blanca paloma 12 has 240 seconds left.\n|\n|t:|1700244759\n|switch|p1a: Weezing|Weezing-Galar, M|100\/100\n|-ability|p1a: Weezing|Neutralizing Gas\n|move|p2a: Mercadona|Earthquake|p1a: Weezing\n|-supereffective|p1a: Weezing\n|-damage|p1a: Weezing|25\/100\n|\n|-heal|p1a: Weezing|31\/100|[from] item: Black Sludge\n|upkeep\n|turn|17\n|c| gosensia|injusto\n|inactive|Blanca paloma 12 has 240 seconds left.\n|\n|t:|1700244771\n|move|p2a: Mercadona|Earthquake|p1a: Weezing\n|-supereffective|p1a: Weezing\n|-damage|p1a: Weezing|0 fnt\n|faint|p1a: Weezing\n|-end|p1a: Weezing|ability: Neutralizing Gas\n|\n|upkeep\n|\n|t:|1700244782\n|switch|p1a: Inteleon|Inteleon, M|48\/100\n|turn|18\n|c|\u2606Blanca paloma 12|Lo he usado a boleo\n|c| gosensia|a que bien\n|inactive|Blanca paloma 12 has 240 seconds left.\n|\n|t:|1700244798\n|move|p1a: Inteleon|Hydro Pump|p2a: Mercadona\n|-damage|p2a: Mercadona|0 fnt\n|faint|p2a: Mercadona\n|\n|upkeep\n|inactive|Blanca paloma 12 has 240 seconds left.\n|c| Rubenator_64|ojo\n|\n|t:|1700244805\n|switch|p2a: Zara helada|Ninetales-Alola, F|100\/100\n|turn|19\n|c| gosensia|lo aue revienga\n|c| gosensia|no se escribir\n|\n|t:|1700244814\n|move|p1a: Inteleon|Hydro Pump|p2a: Zara helada|[miss]\n|-miss|p1a: Inteleon|p2a: Zara helada\n|move|p2a: Zara helada|Ice Beam|p1a: Inteleon\n|-resisted|p1a: Inteleon\n|-damage|p1a: Inteleon|23\/100\n|\n|upkeep\n|turn|20\n|c|\u2606balutalol|ala\n|c|\u2606balutalol|alaa\n|\n|t:|1700244826\n|move|p1a: Inteleon|Hydro Pump|p2a: Zara helada\n|-damage|p2a: Zara helada|0 fnt\n|faint|p2a: Zara helada\n|\n|upkeep\n|c|\u2606balutalol|ala\n|\n|t:|1700244833\n|switch|p2a: Baluta|Heatran, M|51\/100\n|turn|21\n|\n|t:|1700244840\n|move|p1a: Inteleon|Hydro Pump|p2a: Baluta\n|-supereffective|p2a: Baluta\n|-damage|p2a: Baluta|0 fnt\n|faint|p2a: Baluta\n|\n|win|balutalol\n|c| gosensia|luego dime cuanto atesp tiene kskdkd\n|c| Rubenator_64|gg\n|c|\u2606balutalol|gg roscon\n|c|\u2606balutalol|tiene 574\n|c|\u2606Blanca paloma 12|Gg\n|c| Rubenator_64|dios\n|c| gosensia|dios mio\n|c| gosensia|gg\n|c|\u2606balutalol|gg\n","uploadtime":1700244862,"views":22,"p1id":"balutalol","p2id":"blancapaloma12","formatid":"gen9ubers","rating":0,"private":0,"password":""}