{"id":"gen9ubers-1969006076","p1":"Acetraineraegis","p2":"RubenPaCe","format":"[Gen 9] Ubers","log":"|j|\u2606Acetraineraegis\n|j|\u2606RubenPaCe\n|t:|1697482219\n|gametype|singles\n|player|p1|Acetraineraegis|skierf-gen4dp|\n|player|p2|RubenPaCe|camper|\n|teamsize|p1|6\n|teamsize|p2|6\n|gen|9\n|tier|[Gen 9] Ubers\n|rule|Sleep Clause Mod: Limit one foe put to sleep\n|rule|Species Clause: Limit one of each Pok\u00e9mon\n|rule|OHKO Clause: OHKO moves are banned\n|rule|Evasion Items Clause: Evasion items are banned\n|rule|Evasion Moves Clause: Evasion moves are banned\n|rule|Endless Battle Clause: Forcing endless battles is banned\n|rule|HP Percentage Mod: HP is shown in percentages\n|clearpoke\n|poke|p1|Gholdengo|\n|poke|p1|Arceus-Dark|\n|poke|p1|Garganacl, F|\n|poke|p1|Magearna|\n|poke|p1|Slowking-Galar, F|\n|poke|p1|Giratina|\n|poke|p2|Sandy Shocks|\n|poke|p2|Palkia-Origin|\n|poke|p2|Palafin, F|\n|poke|p2|Arceus-Fire|\n|poke|p2|Gholdengo|\n|poke|p2|Zacian-*|\n|teampreview\n|\n|t:|1697482226\n|start\n|switch|p1a: Garganacl|Garganacl, F|100\/100\n|switch|p2a: Sandy Shocks|Sandy Shocks|100\/100\n|turn|1\n|\n|t:|1697482240\n|move|p2a: Sandy Shocks|Spikes|p1a: Garganacl\n|-sidestart|p1: Acetraineraegis|Spikes\n|move|p1a: Garganacl|Stealth Rock|p2a: Sandy Shocks\n|-sidestart|p2: RubenPaCe|move: Stealth Rock\n|\n|upkeep\n|turn|2\n|\n|t:|1697482248\n|switch|p1a: Giratina|Giratina|100\/100\n|-ability|p1a: Giratina|Pressure\n|move|p2a: Sandy Shocks|Stealth Rock|p1a: Giratina\n|-sidestart|p1: Acetraineraegis|move: Stealth Rock\n|\n|upkeep\n|turn|3\n|\n|t:|1697482256\n|move|p2a: Sandy Shocks|Spikes|p1a: Giratina\n|-sidestart|p1: Acetraineraegis|Spikes\n|move|p1a: Giratina|Shadow Ball|p2a: Sandy Shocks\n|-damage|p2a: Sandy Shocks|63\/100\n|\n|upkeep\n|turn|4\n|\n|t:|1697482264\n|-end|p2a: Sandy Shocks|Protosynthesis|[silent]\n|switch|p2a: Gholdengo|Gholdengo|100\/100\n|-damage|p2a: Gholdengo|94\/100|[from] Stealth Rock\n|move|p1a: Giratina|Shadow Ball|p2a: Gholdengo\n|-supereffective|p2a: Gholdengo\n|-damage|p2a: Gholdengo|20\/100\n|\n|upkeep\n|turn|5\n|\n|t:|1697482271\n|move|p2a: Gholdengo|Trick|p1a: Giratina\n|-activate|p2a: Gholdengo|move: Trick|[of] p1a: Giratina\n|-item|p1a: Giratina|Choice Scarf|[from] move: Trick\n|-item|p2a: Gholdengo|Heavy-Duty Boots|[from] move: Trick\n|move|p1a: Giratina|Shadow Ball|p2a: Gholdengo\n|-supereffective|p2a: Gholdengo\n|-damage|p2a: Gholdengo|0 fnt\n|faint|p2a: Gholdengo\n|\n|upkeep\n|\n|t:|1697482279\n|switch|p2a: Palafin|Palafin, F|100\/100\n|-damage|p2a: Palafin|88\/100|[from] Stealth Rock\n|turn|6\n|\n|t:|1697482296\n|switch|p1a: Slowking|Slowking-Galar, F|100\/100\n|move|p2a: Palafin|Flip Turn|p1a: Slowking\n|-damage|p1a: Slowking|68\/100\n|\n|t:|1697482301\n|detailschange|p2a: Palafin|Palafin-Hero, F\n|switch|p2a: Sandy Shocks|Sandy Shocks|63\/100|[from] Flip Turn\n|-damage|p2a: Sandy Shocks|57\/100|[from] Stealth Rock\n|\n|upkeep\n|turn|7\n|\n|t:|1697482311\n|move|p2a: Sandy Shocks|Earth Power|p1a: Slowking\n|-supereffective|p1a: Slowking\n|-damage|p1a: Slowking|11\/100\n|move|p1a: Slowking|Toxic|p2a: Sandy Shocks\n|-status|p2a: Sandy Shocks|tox\n|\n|-damage|p2a: Sandy Shocks|51\/100 tox|[from] psn\n|upkeep\n|turn|8\n|\n|t:|1697482320\n|switch|p1a: Giratina|Giratina|100\/100\n|-damage|p1a: Giratina|84\/100|[from] Spikes\n|-damage|p1a: Giratina|71\/100|[from] Stealth Rock\n|-ability|p1a: Giratina|Pressure\n|move|p2a: Sandy Shocks|Spikes|p1a: Giratina\n|-sidestart|p1: Acetraineraegis|Spikes\n|\n|-damage|p2a: Sandy Shocks|38\/100 tox|[from] psn\n|upkeep\n|turn|9\n|\n|t:|1697482326\n|move|p2a: Sandy Shocks|Earth Power|p1a: Giratina\n|-damage|p1a: Giratina|45\/100\n|move|p1a: Giratina|Draco Meteor|p2a: Sandy Shocks|[miss]\n|-miss|p1a: Giratina|p2a: Sandy Shocks\n|\n|-damage|p2a: Sandy Shocks|20\/100 tox|[from] psn\n|upkeep\n|turn|10\n|\n|t:|1697482332\n|-end|p2a: Sandy Shocks|Protosynthesis|[silent]\n|switch|p2a: Zacian|Zacian|100\/100\n|-damage|p2a: Zacian|88\/100|[from] Stealth Rock\n|-ability|p2a: Zacian|Intrepid Sword|boost\n|-boost|p2a: Zacian|atk|1\n|move|p1a: Giratina|Draco Meteor|p2a: Zacian\n|-immune|p2a: Zacian\n|\n|upkeep\n|turn|11\n|\n|t:|1697482343\n|switch|p1a: Slowking|Slowking-Galar, F|45\/100\n|-terastallize|p2a: Zacian|Fire\n|move|p2a: Zacian|Tera Blast|p1a: Slowking|[anim] Tera Blast Fire\n|-damage|p1a: Slowking|0 fnt\n|faint|p1a: Slowking\n|\n|upkeep\n|\n|t:|1697482356\n|switch|p1a: Giratina|Giratina|45\/100\n|-damage|p1a: Giratina|20\/100|[from] Spikes\n|-damage|p1a: Giratina|7\/100|[from] Stealth Rock\n|-ability|p1a: Giratina|Pressure\n|turn|12\n|\n|t:|1697482360\n|move|p2a: Zacian|Tera Blast|p1a: Giratina|[anim] Tera Blast Fire\n|-resisted|p1a: Giratina\n|-damage|p1a: Giratina|0 fnt\n|faint|p1a: Giratina\n|\n|upkeep\n|\n|t:|1697482364\n|switch|p1a: Garganacl|Garganacl, F|100\/100\n|-damage|p1a: Garganacl|76\/100|[from] Spikes\n|-damage|p1a: Garganacl|63\/100|[from] Stealth Rock\n|turn|13\n|\n|t:|1697482368\n|switch|p2a: Sandy Shocks|Sandy Shocks|20\/100 tox\n|-damage|p2a: Sandy Shocks|14\/100 tox|[from] Stealth Rock\n|move|p1a: Garganacl|Recover|p1a: Garganacl\n|-heal|p1a: Garganacl|100\/100\n|\n|-damage|p2a: Sandy Shocks|8\/100 tox|[from] psn\n|upkeep\n|turn|14\n|\n|t:|1697482373\n|-terastallize|p1a: Garganacl|Water\n|move|p2a: Sandy Shocks|Earth Power|p1a: Garganacl\n|-damage|p1a: Garganacl|68\/100\n|-unboost|p1a: Garganacl|spd|1\n|move|p1a: Garganacl|Salt Cure|p2a: Sandy Shocks\n|-resisted|p2a: Sandy Shocks\n|-damage|p2a: Sandy Shocks|1\/100 tox\n|-start|p2a: Sandy Shocks|Salt Cure\n|\n|-heal|p1a: Garganacl|75\/100|[from] item: Leftovers\n|-damage|p2a: Sandy Shocks|0 fnt|[from] psn\n|faint|p2a: Sandy Shocks\n|-end|p2a: Sandy Shocks|Protosynthesis|[silent]\n|upkeep\n|\n|t:|1697482379\n|switch|p2a: Palkia|Palkia-Origin|100\/100\n|-damage|p2a: Palkia|88\/100|[from] Stealth Rock\n|-ability|p2a: Palkia|Pressure\n|turn|15\n|\n|t:|1697482382\n|move|p2a: Palkia|Spacial Rend|p1a: Garganacl\n|-damage|p1a: Garganacl|0 fnt\n|faint|p1a: Garganacl\n|\n|upkeep\n|\n|t:|1697482387\n|switch|p1a: Magearna|Magearna|100\/100\n|-damage|p1a: Magearna|76\/100|[from] Spikes\n|-damage|p1a: Magearna|69\/100|[from] Stealth Rock\n|turn|16\n|\n|t:|1697482391\n|move|p2a: Palkia|Fire Blast|p1a: Magearna\n|-supereffective|p1a: Magearna\n|-damage|p1a: Magearna|10\/100\n|move|p1a: Magearna|Thunder Wave|p2a: Palkia\n|-status|p2a: Palkia|par\n|\n|-heal|p1a: Magearna|16\/100|[from] item: Leftovers\n|upkeep\n|turn|17\n|\n|t:|1697482396\n|move|p2a: Palkia|Fire Blast|p1a: Magearna\n|-supereffective|p1a: Magearna\n|-damage|p1a: Magearna|0 fnt\n|faint|p1a: Magearna\n|\n|upkeep\n|\n|t:|1697482402\n|switch|p1a: Arceus|Arceus-Dark|100\/100\n|-damage|p1a: Arceus|75\/100|[from] Spikes\n|-damage|p1a: Arceus|63\/100|[from] Stealth Rock\n|turn|18\n|\n|t:|1697482406\n|move|p1a: Arceus|Calm Mind|p1a: Arceus\n|-boost|p1a: Arceus|spa|1\n|-boost|p1a: Arceus|spd|1\n|move|p2a: Palkia|Draco Meteor|p1a: Arceus\n|-damage|p1a: Arceus|30\/100\n|-unboost|p2a: Palkia|spa|2\n|\n|upkeep\n|turn|19\n|\n|t:|1697482408\n|switch|p2a: Zacian|Zacian, tera:Fire|88\/100\n|-damage|p2a: Zacian|63\/100|[from] Stealth Rock\n|move|p1a: Arceus|Recover|p1a: Arceus\n|-heal|p1a: Arceus|80\/100\n|\n|upkeep\n|turn|20\n|\n|t:|1697482414\n|move|p2a: Zacian|Play Rough|p1a: Arceus\n|-supereffective|p1a: Arceus\n|-damage|p1a: Arceus|0 fnt\n|faint|p1a: Arceus\n|\n|upkeep\n|\n|t:|1697482417\n|switch|p1a: Gholdengo|Gholdengo|100\/100\n|-damage|p1a: Gholdengo|76\/100|[from] Spikes\n|-damage|p1a: Gholdengo|70\/100|[from] Stealth Rock\n|turn|21\n|\n|t:|1697482422\n|move|p2a: Zacian|Play Rough|p1a: Gholdengo\n|-resisted|p1a: Gholdengo\n|-damage|p1a: Gholdengo|31\/100\n|move|p1a: Gholdengo|Focus Blast|p2a: Zacian|[miss]\n|-miss|p1a: Gholdengo|p2a: Zacian\n|\n|upkeep\n|turn|22\n|\n|t:|1697482426\n|move|p2a: Zacian|Play Rough|p1a: Gholdengo\n|-resisted|p1a: Gholdengo\n|-damage|p1a: Gholdengo|0 fnt\n|faint|p1a: Gholdengo\n|\n|win|RubenPaCe\n|c|\u2606Acetraineraegis|Gg\n|c|\u2606RubenPaCe|gg\n","uploadtime":1697482430,"views":21,"p1id":"acetraineraegis","p2id":"rubenpace","formatid":"gen9ubers","rating":0,"private":0,"password":""}