{"id":"gen9ubers-1982358263","p1":"Supraxd","p2":"FeioNando","format":"[Gen 9] Ubers","log":"|j|\u2606Supraxd\n|j|\u2606FeioNando\n|t:|1699003555\n|gametype|singles\n|player|p1|Supraxd|steven|1156\n|player|p2|FeioNando|serena-anime|1058\n|teamsize|p1|6\n|teamsize|p2|6\n|gen|9\n|tier|[Gen 9] Ubers\n|rated|\n|rule|Sleep Clause Mod: Limit one foe put to sleep\n|rule|Species Clause: Limit one of each Pok\u00e9mon\n|rule|OHKO Clause: OHKO moves are banned\n|rule|Evasion Items Clause: Evasion items are banned\n|rule|Evasion Moves Clause: Evasion moves are banned\n|rule|Endless Battle Clause: Forcing endless battles is banned\n|rule|HP Percentage Mod: HP is shown in percentages\n|clearpoke\n|poke|p1|Scyther, M|\n|poke|p1|Lokix, M|\n|poke|p1|Ribombee, F|\n|poke|p1|Kleavor, M|\n|poke|p1|Volcarona, F|\n|poke|p1|Slither Wing|\n|poke|p2|Flutter Mane|\n|poke|p2|Annihilape, M|\n|poke|p2|Arceus-Water|\n|poke|p2|Espathra, M|\n|poke|p2|Koraidon|\n|poke|p2|Ursaluna-Bloodmoon, M|\n|teampreview\n|\n|t:|1699003573\n|start\n|switch|p1a: Ribombee|Ribombee, F|100\/100\n|switch|p2a: Flutter Mane|Flutter Mane|100\/100\n|turn|1\n|\n|t:|1699003580\n|move|p2a: Flutter Mane|Calm Mind|p2a: Flutter Mane\n|-boost|p2a: Flutter Mane|spa|1\n|-boost|p2a: Flutter Mane|spd|1\n|move|p1a: Ribombee|Stun Spore|p2a: Flutter Mane\n|-status|p2a: Flutter Mane|par\n|\n|upkeep\n|turn|2\n|\n|t:|1699003587\n|move|p1a: Ribombee|Sticky Web|p2a: Flutter Mane\n|-sidestart|p2: FeioNando|move: Sticky Web\n|move|p2a: Flutter Mane|Calm Mind|p2a: Flutter Mane\n|-boost|p2a: Flutter Mane|spa|1\n|-boost|p2a: Flutter Mane|spd|1\n|\n|upkeep\n|turn|3\n|\n|t:|1699003594\n|move|p1a: Ribombee|Moonblast|p2a: Flutter Mane\n|-damage|p2a: Flutter Mane|77\/100 par\n|cant|p2a: Flutter Mane|par\n|\n|upkeep\n|turn|4\n|\n|t:|1699003599\n|move|p1a: Ribombee|Moonblast|p2a: Flutter Mane\n|-damage|p2a: Flutter Mane|58\/100 par\n|-unboost|p2a: Flutter Mane|spa|1\n|cant|p2a: Flutter Mane|par\n|\n|upkeep\n|turn|5\n|\n|t:|1699003606\n|move|p1a: Ribombee|Moonblast|p2a: Flutter Mane\n|-damage|p2a: Flutter Mane|36\/100 par\n|-unboost|p2a: Flutter Mane|spa|1\n|move|p2a: Flutter Mane|Draining Kiss|p1a: Ribombee\n|-damage|p1a: Ribombee|55\/100\n|-heal|p2a: Flutter Mane|72\/100 par|[from] drain|[of] p1a: Ribombee\n|\n|upkeep\n|turn|6\n|\n|t:|1699003614\n|move|p1a: Ribombee|Moonblast|p2a: Flutter Mane\n|-damage|p2a: Flutter Mane|52\/100 par\n|move|p2a: Flutter Mane|Calm Mind|p2a: Flutter Mane\n|-boost|p2a: Flutter Mane|spa|1\n|-boost|p2a: Flutter Mane|spd|1\n|\n|upkeep\n|turn|7\n|\n|t:|1699003619\n|move|p1a: Ribombee|Moonblast|p2a: Flutter Mane\n|-damage|p2a: Flutter Mane|35\/100 par\n|move|p2a: Flutter Mane|Draining Kiss|p1a: Ribombee\n|-damage|p1a: Ribombee|0 fnt\n|-heal|p2a: Flutter Mane|77\/100 par|[from] drain|[of] p1a: Ribombee\n|faint|p1a: Ribombee\n|\n|upkeep\n|\n|t:|1699003624\n|switch|p1a: Kleavor|Kleavor, M|100\/100\n|turn|8\n|\n|t:|1699003634\n|move|p1a: Kleavor|Trailblaze|p2a: Flutter Mane\n|-damage|p2a: Flutter Mane|39\/100 par\n|-boost|p1a: Kleavor|spe|1\n|move|p2a: Flutter Mane|Memento|p1a: Kleavor\n|-unboost|p1a: Kleavor|atk|2\n|-unboost|p1a: Kleavor|spa|2\n|faint|p2a: Flutter Mane\n|-end|p2a: Flutter Mane|Protosynthesis|[silent]\n|\n|upkeep\n|\n|t:|1699003646\n|switch|p2a: Annihilape|Annihilape, M|100\/100\n|-activate|p2a: Annihilape|move: Sticky Web\n|-unboost|p2a: Annihilape|spe|1\n|-ability|p2a: Annihilape|Defiant|boost\n|-boost|p2a: Annihilape|atk|2\n|turn|9\n|\n|t:|1699003656\n|switch|p1a: Scyther|Scyther, M|100\/100\n|-terastallize|p2a: Annihilape|Water\n|move|p2a: Annihilape|Tera Blast|p1a: Scyther|[anim] Tera Blast Water\n|-damage|p1a: Scyther|1\/100\n|\n|upkeep\n|turn|10\n|\n|t:|1699003666\n|move|p1a: Scyther|Close Combat|p2a: Annihilape\n|-damage|p2a: Annihilape|60\/100\n|-unboost|p1a: Scyther|def|1\n|-unboost|p1a: Scyther|spd|1\n|move|p2a: Annihilape|Rage Fist|p1a: Scyther\n|-damage|p1a: Scyther|0 fnt\n|faint|p1a: Scyther\n|\n|upkeep\n|\n|t:|1699003673\n|switch|p1a: Kleavor|Kleavor, M|100\/100\n|turn|11\n|\n|t:|1699003679\n|move|p1a: Kleavor|Trailblaze|p2a: Annihilape\n|-supereffective|p2a: Annihilape\n|-damage|p2a: Annihilape|22\/100\n|-boost|p1a: Kleavor|spe|1\n|move|p2a: Annihilape|Tera Blast|p1a: Kleavor|[anim] Tera Blast Water\n|-supereffective|p1a: Kleavor\n|-enditem|p1a: Kleavor|Focus Sash\n|-damage|p1a: Kleavor|1\/100\n|\n|upkeep\n|turn|12\n|\n|t:|1699003751\n|move|p1a: Kleavor|Stone Axe|p2a: Annihilape\n|-damage|p2a: Annihilape|0 fnt\n|-sidestart|p2: FeioNando|move: Stealth Rock\n|faint|p2a: Annihilape\n|\n|upkeep\n|\n|t:|1699003756\n|switch|p2a: Koraidon|Koraidon|100\/100\n|-activate|p2a: Koraidon|move: Sticky Web\n|-unboost|p2a: Koraidon|spe|1\n|-damage|p2a: Koraidon|94\/100|[from] Stealth Rock\n|-weather|SunnyDay|[from] ability: Orichalcum Pulse|[of] p2a: Koraidon\n|-activate|p2a: Koraidon|Orichalcum Pulse|[source]\n|turn|13\n|\n|t:|1699003764\n|move|p1a: Kleavor|Close Combat|p2a: Koraidon\n|-damage|p2a: Koraidon|58\/100\n|-unboost|p1a: Kleavor|def|1\n|-unboost|p1a: Kleavor|spd|1\n|move|p2a: Koraidon|U-turn|p1a: Kleavor\n|-damage|p1a: Kleavor|0 fnt\n|faint|p1a: Kleavor\n|\n|t:|1699003771\n|switch|p2a: Arceus|Arceus-Water|100\/100|[from] U-turn\n|-activate|p2a: Arceus|move: Sticky Web\n|-unboost|p2a: Arceus|spe|1\n|-damage|p2a: Arceus|88\/100|[from] Stealth Rock\n|\n|-weather|SunnyDay|[upkeep]\n|upkeep\n|\n|t:|1699003785\n|switch|p1a: Volcarona|Volcarona, F|100\/100\n|turn|14\n|\n|t:|1699003790\n|-terastallize|p1a: Volcarona|Grass\n|move|p1a: Volcarona|Quiver Dance|p1a: Volcarona\n|-boost|p1a: Volcarona|spa|1\n|-boost|p1a: Volcarona|spd|1\n|-boost|p1a: Volcarona|spe|1\n|move|p2a: Arceus|Swords Dance|p2a: Arceus\n|-boost|p2a: Arceus|atk|2\n|\n|-weather|SunnyDay|[upkeep]\n|upkeep\n|turn|15\n|\n|t:|1699003799\n|move|p1a: Volcarona|Giga Drain|p2a: Arceus\n|-supereffective|p2a: Arceus\n|-crit|p2a: Arceus\n|-damage|p2a: Arceus|0 fnt\n|faint|p2a: Arceus\n|\n|-weather|SunnyDay|[upkeep]\n|upkeep\n|\n|t:|1699003806\n|switch|p2a: Koraidon|Koraidon|58\/100\n|-activate|p2a: Koraidon|move: Sticky Web\n|-unboost|p2a: Koraidon|spe|1\n|-damage|p2a: Koraidon|52\/100|[from] Stealth Rock\n|-activate|p2a: Koraidon|ability: Orichalcum Pulse\n|turn|16\n|\n|t:|1699003812\n|move|p1a: Volcarona|Fiery Dance|p2a: Koraidon\n|-resisted|p2a: Koraidon\n|-damage|p2a: Koraidon|5\/100\n|-boost|p1a: Volcarona|spa|1\n|move|p2a: Koraidon|Flare Blitz|p1a: Volcarona\n|-supereffective|p1a: Volcarona\n|-damage|p1a: Volcarona|0 fnt\n|faint|p1a: Volcarona\n|-damage|p2a: Koraidon|0 fnt|[from] Recoil\n|faint|p2a: Koraidon\n|\n|-weather|SunnyDay|[upkeep]\n|upkeep\n|\n|t:|1699003827\n|switch|p2a: Ursaluna|Ursaluna-Bloodmoon, M|100\/100\n|switch|p1a: Slither Wing|Slither Wing|100\/100\n|-activate|p1a: Slither Wing|ability: Protosynthesis\n|-start|p1a: Slither Wing|protosynthesisatk\n|-activate|p2a: Ursaluna|move: Sticky Web\n|-unboost|p2a: Ursaluna|spe|1\n|-damage|p2a: Ursaluna|94\/100|[from] Stealth Rock\n|turn|17\n|\n|t:|1699003837\n|move|p1a: Slither Wing|Close Combat|p2a: Ursaluna\n|-supereffective|p2a: Ursaluna\n|-damage|p2a: Ursaluna|0 fnt\n|-unboost|p1a: Slither Wing|def|1\n|-unboost|p1a: Slither Wing|spd|1\n|faint|p2a: Ursaluna\n|\n|-weather|none\n|-end|p1a: Slither Wing|Protosynthesis\n|upkeep\n|-enditem|p1a: Slither Wing|Booster Energy\n|-activate|p1a: Slither Wing|ability: Protosynthesis|[fromitem]\n|-start|p1a: Slither Wing|protosynthesisatk\n|\n|t:|1699003846\n|switch|p2a: Espathra|Espathra, M|100\/100\n|-activate|p2a: Espathra|move: Sticky Web\n|-unboost|p2a: Espathra|spe|1\n|-damage|p2a: Espathra|88\/100|[from] Stealth Rock\n|turn|18\n|\n|t:|1699003855\n|move|p1a: Slither Wing|Leech Life|p2a: Espathra\n|-supereffective|p2a: Espathra\n|-damage|p2a: Espathra|0 fnt\n|faint|p2a: Espathra\n|\n|win|Supraxd\n|raw|Supraxd's rating: 1156 &rarr; <strong>1174<\/strong><br \/>(+18 for winning)\n|raw|FeioNando's rating: 1058 &rarr; <strong>1044<\/strong><br \/>(-14 for losing)\n|l|\u2606FeioNando\n","uploadtime":1699003902,"views":9,"p1id":"supraxd","p2id":"feionando","formatid":"gen9ubers","rating":1044,"private":0,"password":""}