{"id":"gen9ubers-1992829500","p1":"Raiozin","p2":"die4ry","format":"[Gen 9] Ubers","log":"|j|\u2606Raiozin\n|j|\u2606die4ry\n|t:|1700239066\n|gametype|singles\n|player|p1|Raiozin|gambler|1071\n|player|p2|die4ry|170|1199\n|teamsize|p1|6\n|teamsize|p2|6\n|gen|9\n|tier|[Gen 9] Ubers\n|rated|\n|rule|Sleep Clause Mod: Limit one foe put to sleep\n|rule|Species Clause: Limit one of each Pok\u00e9mon\n|rule|OHKO Clause: OHKO moves are banned\n|rule|Evasion Items Clause: Evasion items are banned\n|rule|Evasion Moves Clause: Evasion moves are banned\n|rule|Endless Battle Clause: Forcing endless battles is banned\n|rule|HP Percentage Mod: HP is shown in percentages\n|clearpoke\n|poke|p1|Kommo-o, M|\n|poke|p1|Chien-Pao|\n|poke|p1|Basculegion, M|\n|poke|p1|Espathra, M|\n|poke|p1|Lucario, M|\n|poke|p1|Kyogre|\n|poke|p2|Roaring Moon|\n|poke|p2|Flutter Mane|\n|poke|p2|Regieleki|\n|poke|p2|Shaymin-Sky|\n|poke|p2|Zacian-*|\n|poke|p2|Eternatus|\n|teampreview\n|inactive|Battle timer is ON: inactive players will automatically lose when time's up. (requested by die4ry)\n|\n|t:|1700239096\n|start\n|switch|p1a: Espathra|Espathra, M|100\/100\n|switch|p2a: Shaymin|Shaymin-Sky, shiny|100\/100\n|turn|1\n|\n|t:|1700239106\n|switch|p2a: Eternatus|Eternatus|100\/100\n|-ability|p2a: Eternatus|Pressure\n|move|p1a: Espathra|Calm Mind|p1a: Espathra\n|-boost|p1a: Espathra|spa|1\n|-boost|p1a: Espathra|spd|1\n|\n|-ability|p1a: Espathra|Speed Boost|boost\n|-boost|p1a: Espathra|spe|1\n|upkeep\n|turn|2\n|\n|t:|1700239119\n|move|p1a: Espathra|Protect|p1a: Espathra\n|-singleturn|p1a: Espathra|Protect\n|move|p2a: Eternatus|Dragon Tail|p1a: Espathra\n|-activate|p1a: Espathra|move: Protect\n|\n|-ability|p1a: Espathra|Speed Boost|boost\n|-boost|p1a: Espathra|spe|1\n|upkeep\n|turn|3\n|\n|t:|1700239130\n|move|p1a: Espathra|Calm Mind|p1a: Espathra\n|-boost|p1a: Espathra|spa|1\n|-boost|p1a: Espathra|spd|1\n|move|p2a: Eternatus|Dragon Tail|p1a: Espathra\n|-damage|p1a: Espathra|75\/100\n|drag|p1a: Kyogre|Kyogre|100\/100\n|-weather|RainDance|[from] ability: Drizzle|[of] p1a: Kyogre\n|\n|-weather|RainDance|[upkeep]\n|upkeep\n|turn|4\n|\n|t:|1700239144\n|switch|p2a: Shaymin|Shaymin-Sky, shiny|100\/100\n|move|p1a: Kyogre|Ice Beam|p2a: Shaymin\n|-supereffective|p2a: Shaymin\n|-enditem|p2a: Shaymin|Focus Sash\n|-damage|p2a: Shaymin|1\/100\n|-status|p2a: Shaymin|frz\n|detailschange|p2a: Shaymin|Shaymin, shiny\n|-formechange|p2a: Shaymin|Shaymin|\n|\n|-weather|RainDance|[upkeep]\n|upkeep\n|turn|5\n|\n|t:|1700239160\n|move|p1a: Kyogre|Ice Beam|p2a: Shaymin\n|-supereffective|p2a: Shaymin\n|-damage|p2a: Shaymin|0 fnt\n|faint|p2a: Shaymin\n|\n|-weather|RainDance|[upkeep]\n|upkeep\n|\n|t:|1700239165\n|switch|p2a: Regieleki|Regieleki|100\/100\n|turn|6\n|\n|t:|1700239173\n|-terastallize|p1a: Kyogre|Ground\n|move|p2a: Regieleki|Light Screen|p2a: Regieleki\n|-sidestart|p2: die4ry|move: Light Screen\n|move|p1a: Kyogre|Ice Beam|p2a: Regieleki\n|-damage|p2a: Regieleki|68\/100\n|-status|p2a: Regieleki|frz\n|\n|-weather|RainDance|[upkeep]\n|upkeep\n|turn|7\n|\n|t:|1700239188\n|switch|p1a: Espathra|Espathra, M|75\/100\n|cant|p2a: Regieleki|frz\n|\n|-weather|none\n|upkeep\n|turn|8\n|\n|t:|1700239195\n|switch|p2a: Roaring Moon|Roaring Moon|100\/100\n|-enditem|p2a: Roaring Moon|Booster Energy\n|-activate|p2a: Roaring Moon|ability: Protosynthesis|[fromitem]\n|-start|p2a: Roaring Moon|protosynthesisatk\n|move|p1a: Espathra|Calm Mind|p1a: Espathra\n|-boost|p1a: Espathra|spa|1\n|-boost|p1a: Espathra|spd|1\n|\n|-ability|p1a: Espathra|Speed Boost|boost\n|-boost|p1a: Espathra|spe|1\n|upkeep\n|turn|9\n|\n|t:|1700239207\n|move|p1a: Espathra|Protect|p1a: Espathra\n|-singleturn|p1a: Espathra|Protect\n|move|p2a: Roaring Moon|Dragon Dance|p2a: Roaring Moon\n|-boost|p2a: Roaring Moon|atk|1\n|-boost|p2a: Roaring Moon|spe|1\n|-enditem|p1a: Espathra|Mirror Herb\n|-boost|p1a: Espathra|atk|1|[from] item: Mirror Herb\n|-boost|p1a: Espathra|spe|1|[from] item: Mirror Herb\n|\n|-ability|p1a: Espathra|Speed Boost|boost\n|-boost|p1a: Espathra|spe|1\n|upkeep\n|turn|10\n|\n|t:|1700239232\n|move|p1a: Espathra|Calm Mind|p1a: Espathra\n|-boost|p1a: Espathra|spa|1\n|-boost|p1a: Espathra|spd|1\n|move|p2a: Roaring Moon|Knock Off|p1a: Espathra\n|-supereffective|p1a: Espathra\n|-damage|p1a: Espathra|0 fnt\n|faint|p1a: Espathra\n|\n|upkeep\n|\n|t:|1700239244\n|switch|p1a: Chien-Pao|Chien-Pao|100\/100\n|-ability|p1a: Chien-Pao|Sword of Ruin\n|turn|11\n|inactive|Raiozin has 120 seconds left.\n|\n|t:|1700239267\n|move|p1a: Chien-Pao|Ice Shard|p2a: Roaring Moon\n|-supereffective|p2a: Roaring Moon\n|-damage|p2a: Roaring Moon|9\/100\n|-damage|p1a: Chien-Pao|91\/100|[from] item: Life Orb\n|move|p2a: Roaring Moon|Knock Off|p1a: Chien-Pao\n|-resisted|p1a: Chien-Pao\n|-damage|p1a: Chien-Pao|15\/100\n|-enditem|p1a: Chien-Pao|Life Orb|[from] move: Knock Off|[of] p2a: Roaring Moon\n|\n|upkeep\n|turn|12\n|inactive|Raiozin has 120 seconds left.\n|\n|t:|1700239283\n|move|p1a: Chien-Pao|Ice Shard|p2a: Roaring Moon\n|-supereffective|p2a: Roaring Moon\n|-damage|p2a: Roaring Moon|0 fnt\n|faint|p2a: Roaring Moon\n|-end|p2a: Roaring Moon|Protosynthesis|[silent]\n|\n|upkeep\n|\n|t:|1700239285\n|switch|p2a: Regieleki|Regieleki|68\/100 frz\n|turn|13\n|\n|t:|1700239295\n|cant|p2a: Regieleki|frz\n|move|p1a: Chien-Pao|Ice Spinner|p2a: Regieleki\n|-damage|p2a: Regieleki|0 fnt\n|faint|p2a: Regieleki\n|\n|-sideend|p2: die4ry|move: Light Screen\n|upkeep\n|\n|t:|1700239298\n|switch|p2a: Zacian|Zacian-Crowned|100\/100\n|-ability|p2a: Zacian|Intrepid Sword|boost\n|-boost|p2a: Zacian|atk|1\n|turn|14\n|\n|t:|1700239321\n|move|p2a: Zacian|Play Rough|p1a: Chien-Pao\n|-supereffective|p1a: Chien-Pao\n|-damage|p1a: Chien-Pao|0 fnt\n|faint|p1a: Chien-Pao\n|\n|upkeep\n|inactive|Raiozin has 120 seconds left.\n|\n|t:|1700239337\n|switch|p1a: Kyogre|Kyogre, tera:Ground|100\/100\n|-weather|RainDance|[from] ability: Drizzle|[of] p1a: Kyogre\n|turn|15\n|inactive|Raiozin has 120 seconds left.\n|\n|t:|1700239344\n|move|p2a: Zacian|Sacred Sword|p1a: Kyogre\n|-damage|p1a: Kyogre|39\/100\n|move|p1a: Kyogre|Tera Blast|p2a: Zacian|[anim] Tera Blast Ground\n|-supereffective|p2a: Zacian\n|-damage|p2a: Zacian|9\/100\n|\n|-weather|RainDance|[upkeep]\n|upkeep\n|turn|16\n|\n|t:|1700239354\n|move|p2a: Zacian|Crunch|p1a: Kyogre\n|-damage|p1a: Kyogre|0 fnt\n|faint|p1a: Kyogre\n|\n|-weather|RainDance|[upkeep]\n|upkeep\n|inactive|Raiozin has 120 seconds left.\n|\n|t:|1700239372\n|switch|p1a: Lucario|Lucario, M|100\/100\n|turn|17\n|\n|t:|1700239380\n|move|p1a: Lucario|Bullet Punch|p2a: Zacian\n|-damage|p2a: Zacian|0 fnt\n|faint|p2a: Zacian\n|\n|-weather|RainDance|[upkeep]\n|upkeep\n|\n|t:|1700239385\n|switch|p2a: Eternatus|Eternatus|100\/100\n|-ability|p2a: Eternatus|Pressure\n|turn|18\n|\n|t:|1700239394\n|move|p1a: Lucario|Bullet Punch|p2a: Eternatus\n|-damage|p2a: Eternatus|73\/100\n|move|p2a: Eternatus|Flamethrower|p1a: Lucario\n|-supereffective|p1a: Lucario\n|-damage|p1a: Lucario|55\/100\n|\n|-weather|RainDance|[upkeep]\n|upkeep\n|turn|19\n|\n|t:|1700239401\n|move|p1a: Lucario|Bullet Punch|p2a: Eternatus\n|-damage|p2a: Eternatus|44\/100\n|move|p2a: Eternatus|Dragon Tail|p1a: Lucario\n|-resisted|p1a: Lucario\n|-damage|p1a: Lucario|40\/100\n|drag|p1a: Kommo-o|Kommo-o, M|100\/100\n|\n|-weather|none\n|upkeep\n|turn|20\n|\n|t:|1700239412\n|move|p2a: Eternatus|Toxic|p1a: Kommo-o\n|-status|p1a: Kommo-o|tox\n|move|p1a: Kommo-o|Substitute|p1a: Kommo-o\n|-start|p1a: Kommo-o|Substitute\n|-damage|p1a: Kommo-o|75\/100 tox\n|\n|-damage|p1a: Kommo-o|69\/100 tox|[from] psn\n|upkeep\n|turn|21\n|\n|t:|1700239421\n|move|p2a: Eternatus|Flamethrower|p1a: Kommo-o\n|-resisted|p1a: Kommo-o\n|-activate|p1a: Kommo-o|move: Substitute|[damage]\n|move|p1a: Kommo-o|Belly Drum|p1a: Kommo-o\n|-damage|p1a: Kommo-o|19\/100 tox\n|-setboost|p1a: Kommo-o|atk|6|[from] move: Belly Drum\n|-enditem|p1a: Kommo-o|Salac Berry|[eat]\n|-boost|p1a: Kommo-o|spe|1|[from] item: Salac Berry\n|\n|-damage|p1a: Kommo-o|7\/100 tox|[from] psn\n|upkeep\n|turn|22\n|\n|t:|1700239434\n|move|p1a: Kommo-o|Drain Punch|p2a: Eternatus\n|-resisted|p2a: Eternatus\n|-damage|p2a: Eternatus|0 fnt\n|-heal|p1a: Kommo-o|39\/100 tox|[from] drain|[of] p2a: Eternatus\n|faint|p2a: Eternatus\n|\n|-damage|p1a: Kommo-o|20\/100 tox|[from] psn\n|upkeep\n|\n|t:|1700239438\n|switch|p2a: Flutter Mane|Flutter Mane|100\/100\n|-enditem|p2a: Flutter Mane|Booster Energy\n|-activate|p2a: Flutter Mane|ability: Protosynthesis|[fromitem]\n|-start|p2a: Flutter Mane|protosynthesisspe\n|turn|23\n|\n|t:|1700239447\n|move|p2a: Flutter Mane|Psyshock|p1a: Kommo-o\n|-supereffective|p1a: Kommo-o\n|-end|p1a: Kommo-o|Substitute\n|move|p1a: Kommo-o|Thunder Punch|p2a: Flutter Mane\n|-damage|p2a: Flutter Mane|0 fnt\n|faint|p2a: Flutter Mane\n|-end|p2a: Flutter Mane|Protosynthesis|[silent]\n|\n|win|Raiozin\n|raw|Raiozin's rating: 1071 &rarr; <strong>1111<\/strong><br \/>(+40 for winning)\n|raw|die4ry's rating: 1199 &rarr; <strong>1165<\/strong><br \/>(-34 for losing)\n|l|\u2606die4ry\n","uploadtime":1700239461,"views":7,"p1id":"raiozin","p2id":"die4ry","formatid":"gen9ubers","rating":1111,"private":0,"password":""}