{"id":"gen9ubers-1992461567","p1":"So Threatening","p2":"Holiss77","format":"[Gen 9] Ubers","log":"|j|\u2606So Threatening\n|j|\u2606Holiss77\n|t:|1700190432\n|gametype|singles\n|player|p1|So Threatening|caitlin|\n|player|p2|Holiss77|lucas|\n|teamsize|p1|6\n|teamsize|p2|6\n|gen|9\n|tier|[Gen 9] Ubers\n|rule|Sleep Clause Mod: Limit one foe put to sleep\n|rule|Species Clause: Limit one of each Pok\u00e9mon\n|rule|OHKO Clause: OHKO moves are banned\n|rule|Evasion Items Clause: Evasion items are banned\n|rule|Evasion Moves Clause: Evasion moves are banned\n|rule|Endless Battle Clause: Forcing endless battles is banned\n|rule|HP Percentage Mod: HP is shown in percentages\n|clearpoke\n|poke|p1|Zamazenta-*|\n|poke|p1|Sandy Shocks|\n|poke|p1|Wo-Chien|\n|poke|p1|Alomomola, F|\n|poke|p1|Talonflame, F|\n|poke|p1|Fezandipiti, M|\n|poke|p2|Ninetales, F|\n|poke|p2|Roaring Moon|\n|poke|p2|Electrode-Hisui|\n|poke|p2|Donphan, F|\n|poke|p2|Ogerpon-Hearthflame, F|\n|poke|p2|Shiftry, M|\n|teampreview\n|j| TheOtakuOutcast\n|c|\u2606So Threatening|glhf\n|j| BPLD\n|j| PorygonTheBot\n|c| PorygonTheBot|I'm here now, the battle can get started!\n|j| Seior\n|c|\u2606So Threatening|if i lose im happy i lost to 3 grass types at least haha\n|\n|t:|1700190477\n|start\n|switch|p1a: SANDY CROCS|Sandy Shocks|100\/100\n|switch|p2a: Okami|Ninetales, F, shiny|100\/100\n|-weather|SunnyDay|[from] ability: Drought|[of] p2a: Okami\n|-activate|p1a: SANDY CROCS|ability: Protosynthesis\n|-start|p1a: SANDY CROCS|protosynthesisspa\n|turn|1\n|c| Seior|IM HERE NOW, THE BATTLE CAN GET STARTED!\n|\n|t:|1700190486\n|switch|p2a: Belowaverage Tusks|Donphan, F, shiny|100\/100\n|move|p1a: SANDY CROCS|Earth Power|p2a: Belowaverage Tusks\n|-crit|p2a: Belowaverage Tusks\n|-damage|p2a: Belowaverage Tusks|24\/100\n|\n|-weather|SunnyDay|[upkeep]\n|upkeep\n|turn|2\n|c|\u2606Holiss77|Sigh lol\n|c|\u2606So Threatening|sorry\n|j| Ace_T_24\n|\n|t:|1700190529\n|move|p1a: SANDY CROCS|Earth Power|p2a: Belowaverage Tusks\n|-damage|p2a: Belowaverage Tusks|0 fnt\n|faint|p2a: Belowaverage Tusks\n|\n|-weather|SunnyDay|[upkeep]\n|upkeep\n|\n|t:|1700190532\n|switch|p2a: Kozuki|Shiftry, M|100\/100\n|turn|3\n|\n|t:|1700190539\n|-end|p1a: SANDY CROCS|Protosynthesis|[silent]\n|switch|p1a: Dipendeez|Fezandipiti, M|100\/100\n|-item|p1a: Dipendeez|Air Balloon\n|move|p2a: Kozuki|Growth|p2a: Kozuki\n|-boost|p2a: Kozuki|atk|2\n|-boost|p2a: Kozuki|spa|2\n|\n|-weather|SunnyDay|[upkeep]\n|upkeep\n|turn|4\n|\n|t:|1700190545\n|move|p2a: Kozuki|Weather Ball|p1a: Dipendeez\n|-damage|p1a: Dipendeez|40\/100\n|-enditem|p1a: Dipendeez|Air Balloon\n|move|p1a: Dipendeez|Sludge Bomb|p2a: Kozuki\n|-supereffective|p2a: Kozuki\n|-damage|p2a: Kozuki|12\/100\n|\n|-weather|SunnyDay|[upkeep]\n|upkeep\n|turn|5\n|\n|t:|1700190565\n|move|p2a: Kozuki|Weather Ball|p1a: Dipendeez\n|-damage|p1a: Dipendeez|0 fnt\n|faint|p1a: Dipendeez\n|\n|-weather|none\n|upkeep\n|j| david nutter\n|\n|t:|1700190569\n|switch|p1a: SANDY CROCS|Sandy Shocks|100\/100\n|turn|6\n|\n|t:|1700190576\n|move|p1a: SANDY CROCS|Earth Power|p2a: Kozuki\n|-resisted|p2a: Kozuki\n|-damage|p2a: Kozuki|0 fnt\n|faint|p2a: Kozuki\n|\n|upkeep\n|\n|t:|1700190583\n|switch|p2a: DemonBack|Ogerpon-Hearthflame, F|100\/100\n|-ability|p2a: DemonBack|Mold Breaker\n|turn|7\n|\n|t:|1700190599\n|-end|p1a: SANDY CROCS|Protosynthesis|[silent]\n|switch|p1a: I am Speed|Talonflame, F|100\/100\n|move|p2a: DemonBack|Swords Dance|p2a: DemonBack\n|-boost|p2a: DemonBack|atk|2\n|\n|upkeep\n|turn|8\n|\n|t:|1700190620\n|move|p1a: I am Speed|Brave Bird|p2a: DemonBack\n|-supereffective|p2a: DemonBack\n|-damage|p2a: DemonBack|5\/100\n|-damage|p1a: I am Speed|74\/100|[from] Recoil\n|move|p2a: DemonBack|Trailblaze|p1a: I am Speed\n|-resisted|p1a: I am Speed\n|-damage|p1a: I am Speed|59\/100\n|-boost|p2a: DemonBack|spe|1\n|\n|upkeep\n|turn|9\n|\n|t:|1700190637\n|move|p2a: DemonBack|Ivy Cudgel|p1a: I am Speed|[anim] Ivy Cudgel Fire\n|-resisted|p1a: I am Speed\n|-damage|p1a: I am Speed|0 fnt\n|faint|p1a: I am Speed\n|\n|upkeep\n|\n|t:|1700190645\n|switch|p1a: No Ghosts?|Zamazenta-Crowned|100\/100\n|-ability|p1a: No Ghosts?|Dauntless Shield|boost\n|-boost|p1a: No Ghosts?|def|1\n|turn|10\n|\n|t:|1700190653\n|move|p2a: DemonBack|Ivy Cudgel|p1a: No Ghosts?|[anim] Ivy Cudgel Fire\n|-supereffective|p1a: No Ghosts?\n|-damage|p1a: No Ghosts?|17\/100\n|move|p1a: No Ghosts?|Body Press|p2a: DemonBack\n|-damage|p2a: DemonBack|0 fnt\n|faint|p2a: DemonBack\n|\n|upkeep\n|\n|t:|1700190668\n|switch|p2a: MadCueBall|Electrode-Hisui, shiny|100\/100\n|turn|11\n|\n|t:|1700190673\n|switch|p1a: WOAH|Wo-Chien|100\/100\n|-ability|p1a: WOAH|Tablets of Ruin\n|move|p2a: MadCueBall|Giga Drain|p1a: WOAH\n|-resisted|p1a: WOAH\n|-damage|p1a: WOAH|89\/100\n|\n|-heal|p1a: WOAH|95\/100|[from] item: Leftovers\n|upkeep\n|turn|12\n|\n|t:|1700190684\n|switch|p1a: SANDY CROCS|Sandy Shocks|100\/100\n|move|p2a: MadCueBall|Thunder Wave|p1a: SANDY CROCS\n|-immune|p1a: SANDY CROCS\n|\n|upkeep\n|turn|13\n|\n|t:|1700190696\n|move|p1a: SANDY CROCS|Earth Power|p2a: MadCueBall\n|-damage|p2a: MadCueBall|32\/100\n|move|p2a: MadCueBall|Giga Drain|p1a: SANDY CROCS\n|-supereffective|p1a: SANDY CROCS\n|-damage|p1a: SANDY CROCS|37\/100\n|-heal|p2a: MadCueBall|75\/100|[from] drain|[of] p1a: SANDY CROCS\n|\n|upkeep\n|turn|14\n|\n|t:|1700190710\n|-end|p1a: SANDY CROCS|Protosynthesis|[silent]\n|switch|p1a: WOAH|Wo-Chien|95\/100\n|-ability|p1a: WOAH|Tablets of Ruin\n|move|p2a: MadCueBall|Giga Drain|p1a: WOAH\n|-resisted|p1a: WOAH\n|-damage|p1a: WOAH|85\/100\n|-heal|p2a: MadCueBall|82\/100|[from] drain|[of] p1a: WOAH\n|\n|-heal|p1a: WOAH|91\/100|[from] item: Leftovers\n|upkeep\n|turn|15\n|\n|t:|1700190720\n|move|p2a: MadCueBall|Thunder Wave|p1a: WOAH\n|-status|p1a: WOAH|par\n|cant|p1a: WOAH|par\n|\n|-heal|p1a: WOAH|97\/100 par|[from] item: Leftovers\n|upkeep\n|turn|16\n|c| BPLD|and so it begins\n|\n|t:|1700190742\n|move|p2a: MadCueBall|Giga Drain|p1a: WOAH\n|-resisted|p1a: WOAH\n|-damage|p1a: WOAH|87\/100 par\n|-heal|p2a: MadCueBall|90\/100|[from] drain|[of] p1a: WOAH\n|move|p1a: WOAH|Leech Seed|p2a: MadCueBall\n|-immune|p2a: MadCueBall\n|\n|-heal|p1a: WOAH|93\/100 par|[from] item: Leftovers\n|upkeep\n|turn|17\n|\n|t:|1700190750\n|move|p2a: MadCueBall|Volt Switch|p1a: WOAH\n|-resisted|p1a: WOAH\n|-damage|p1a: WOAH|83\/100 par\n|\n|t:|1700190756\n|switch|p2a: Roaring 737|Roaring Moon|100\/100|[from] Volt Switch\n|move|p1a: WOAH|Knock Off|p2a: Roaring 737\n|-resisted|p2a: Roaring 737\n|-damage|p2a: Roaring 737|83\/100\n|-enditem|p2a: Roaring 737|Roseli Berry|[from] move: Knock Off|[of] p1a: WOAH\n|\n|-heal|p1a: WOAH|89\/100 par|[from] item: Leftovers\n|upkeep\n|turn|18\n|\n|t:|1700190761\n|move|p2a: Roaring 737|Dragon Dance|p2a: Roaring 737\n|-boost|p2a: Roaring 737|atk|1\n|-boost|p2a: Roaring 737|spe|1\n|move|p1a: WOAH|Leech Seed|p2a: Roaring 737\n|-start|p2a: Roaring 737|move: Leech Seed\n|\n|-heal|p1a: WOAH|95\/100 par|[from] item: Leftovers\n|-damage|p2a: Roaring 737|70\/100|[from] Leech Seed|[of] p1a: WOAH\n|-heal|p1a: WOAH|100\/100 par|[silent]\n|upkeep\n|turn|19\n|\n|t:|1700190766\n|move|p2a: Roaring 737|Dragon Dance|p2a: Roaring 737\n|-boost|p2a: Roaring 737|atk|1\n|-boost|p2a: Roaring 737|spe|1\n|move|p1a: WOAH|Foul Play|p2a: Roaring 737\n|-resisted|p2a: Roaring 737\n|-damage|p2a: Roaring 737|0 fnt\n|faint|p2a: Roaring 737\n|-end|p2a: Roaring 737|Protosynthesis|[silent]\n|\n|upkeep\n|\n|t:|1700190773\n|switch|p2a: MadCueBall|Electrode-Hisui, shiny|90\/100\n|turn|20\n|\n|t:|1700190779\n|-terastallize|p2a: MadCueBall|Fairy\n|move|p2a: MadCueBall|Tera Blast|p1a: WOAH|[anim] Tera Blast Fairy\n|-supereffective|p1a: WOAH\n|-damage|p1a: WOAH|57\/100 par\n|move|p1a: WOAH|Knock Off|p2a: MadCueBall\n|-resisted|p2a: MadCueBall\n|-crit|p2a: MadCueBall\n|-damage|p2a: MadCueBall|48\/100\n|-enditem|p2a: MadCueBall|Heavy-Duty Boots|[from] move: Knock Off|[of] p1a: WOAH\n|\n|-heal|p1a: WOAH|63\/100 par|[from] item: Leftovers\n|upkeep\n|turn|21\n|\n|t:|1700190800\n|switch|p1a: No Ghosts?|Zamazenta-Crowned|17\/100\n|move|p2a: MadCueBall|Giga Drain|p1a: No Ghosts?\n|-resisted|p1a: No Ghosts?\n|-damage|p1a: No Ghosts?|7\/100\n|-heal|p2a: MadCueBall|56\/100|[from] drain|[of] p1a: No Ghosts?\n|\n|upkeep\n|turn|22\n|\n|t:|1700190804\n|move|p2a: MadCueBall|Giga Drain|p1a: No Ghosts?\n|-resisted|p1a: No Ghosts?\n|-damage|p1a: No Ghosts?|0 fnt\n|-heal|p2a: MadCueBall|61\/100|[from] drain|[of] p1a: No Ghosts?\n|faint|p1a: No Ghosts?\n|\n|upkeep\n|\n|t:|1700190810\n|switch|p1a: SANDY CROCS|Sandy Shocks|37\/100\n|turn|23\n|\n|t:|1700190814\n|move|p1a: SANDY CROCS|Earth Power|p2a: MadCueBall\n|-damage|p2a: MadCueBall|0 fnt\n|faint|p2a: MadCueBall\n|\n|upkeep\n|\n|t:|1700190817\n|switch|p2a: Okami|Ninetales, F, shiny|100\/100\n|-weather|SunnyDay|[from] ability: Drought|[of] p2a: Okami\n|-activate|p1a: SANDY CROCS|ability: Protosynthesis\n|-start|p1a: SANDY CROCS|protosynthesisspa\n|turn|24\n|\n|t:|1700190819\n|move|p1a: SANDY CROCS|Earth Power|p2a: Okami\n|-supereffective|p2a: Okami\n|-damage|p2a: Okami|0 fnt\n|faint|p2a: Okami\n|\n|win|So Threatening\n|c|\u2606So Threatening|ggs\n|l| PorygonTheBot\n|c|\u2606Holiss77|Gg\n","uploadtime":1700190820,"views":18,"p1id":"sothreatening","p2id":"holiss77","formatid":"gen9ubers","rating":0,"private":0,"password":""}