{"id":"gen9ubers-1977760761","p1":"Judgie","p2":"The_beastgod12","format":"[Gen 9] Ubers","log":"|j|\u2606Judgie\n|j|\u203dThe_beastgod12\n|t:|1698446424\n|gametype|singles\n|player|p1|Judgie|policeman-gen4|\n|player|p2|The_beastgod12|hilbert|\n|teamsize|p1|6\n|teamsize|p2|6\n|gen|9\n|tier|[Gen 9] Ubers\n|rule|Sleep Clause Mod: Limit one foe put to sleep\n|rule|Species Clause: Limit one of each Pok\u00e9mon\n|rule|OHKO Clause: OHKO moves are banned\n|rule|Evasion Items Clause: Evasion items are banned\n|rule|Evasion Moves Clause: Evasion moves are banned\n|rule|Endless Battle Clause: Forcing endless battles is banned\n|rule|HP Percentage Mod: HP is shown in percentages\n|clearpoke\n|poke|p1|Regieleki|\n|poke|p1|Chi-Yu|\n|poke|p1|Palafin, M|\n|poke|p1|Gliscor, F|\n|poke|p1|Masquerain, F|\n|poke|p1|Roaring Moon|\n|poke|p2|Meloetta|\n|poke|p2|Landorus-Therian, M|\n|poke|p2|Ceruledge, F|\n|poke|p2|Grimmsnarl, M|\n|poke|p2|Kleavor, F|\n|poke|p2|Zapdos-Galar|\n|teampreview\n|\n|t:|1698446470\n|start\n|switch|p1a: Judgie jr|Palafin, M, shiny|100\/100\n|switch|p2a: Meloetta|Meloetta|100\/100\n|turn|1\n|\n|t:|1698446479\n|move|p1a: Judgie jr|Flip Turn|p2a: Meloetta\n|-damage|p2a: Meloetta|71\/100\n|\n|t:|1698446483\n|detailschange|p1a: Judgie jr|Palafin-Hero, M, shiny\n|switch|p1a: Masquerain|Masquerain, F|100\/100|[from] Flip Turn\n|-ability|p1a: Masquerain|Intimidate|boost\n|-unboost|p2a: Meloetta|atk|1\n|move|p2a: Meloetta|Hyper Voice|p1a: Masquerain\n|-damage|p1a: Masquerain|36\/100\n|-enditem|p2a: Meloetta|Throat Spray\n|-boost|p2a: Meloetta|spa|1|[from] item: Throat Spray\n|\n|upkeep\n|turn|2\n|\n|t:|1698446500\n|move|p2a: Meloetta|Hyper Voice|p1a: Masquerain\n|-crit|p1a: Masquerain\n|-damage|p1a: Masquerain|0 fnt\n|faint|p1a: Masquerain\n|\n|upkeep\n|\n|t:|1698446507\n|switch|p1a: Roaring Moon|Roaring Moon|100\/100\n|-enditem|p1a: Roaring Moon|Booster Energy\n|-activate|p1a: Roaring Moon|ability: Protosynthesis|[fromitem]\n|-start|p1a: Roaring Moon|protosynthesisatk\n|turn|3\n|\n|t:|1698446512\n|move|p1a: Roaring Moon|Dragon Dance|p1a: Roaring Moon\n|-boost|p1a: Roaring Moon|atk|1\n|-boost|p1a: Roaring Moon|spe|1\n|move|p2a: Meloetta|Dazzling Gleam|p1a: Roaring Moon\n|-supereffective|p1a: Roaring Moon\n|-damage|p1a: Roaring Moon|0 fnt\n|faint|p1a: Roaring Moon\n|-end|p1a: Roaring Moon|Protosynthesis|[silent]\n|\n|upkeep\n|c|\u2606Judgie|im stupid\n|\n|t:|1698446525\n|switch|p1a: Chi-Yu|Chi-Yu|100\/100\n|-ability|p1a: Chi-Yu|Beads of Ruin\n|turn|4\n|\n|t:|1698446530\n|move|p1a: Chi-Yu|Dark Pulse|p2a: Meloetta\n|-supereffective|p2a: Meloetta\n|-damage|p2a: Meloetta|0 fnt\n|faint|p2a: Meloetta\n|\n|upkeep\n|\n|t:|1698446538\n|switch|p2a: Kleavor|Kleavor, F|100\/100\n|turn|5\n|\n|t:|1698446546\n|switch|p1a: Judgie jr|Palafin-Hero, M, shiny|100\/100\n|-activate|p1a: Judgie jr|ability: Zero to Hero\n|move|p2a: Kleavor|Stone Axe|p1a: Judgie jr\n|-damage|p1a: Judgie jr|49\/100\n|-sidestart|p1: Judgie|move: Stealth Rock\n|\n|upkeep\n|turn|6\n|\n|t:|1698446556\n|move|p1a: Judgie jr|Wave Crash|p2a: Kleavor\n|-supereffective|p2a: Kleavor\n|-damage|p2a: Kleavor|0 fnt\n|faint|p2a: Kleavor\n|-damage|p1a: Judgie jr|16\/100|[from] Recoil\n|\n|upkeep\n|\n|t:|1698446566\n|switch|p2a: Grimmsnarl|Grimmsnarl, M|100\/100\n|turn|7\n|\n|t:|1698446574\n|move|p2a: Grimmsnarl|Reflect|p2a: Grimmsnarl\n|-sidestart|p2: The_beastgod12|Reflect\n|move|p1a: Judgie jr|Wave Crash|p2a: Grimmsnarl\n|-crit|p2a: Grimmsnarl\n|-damage|p2a: Grimmsnarl|0 fnt\n|faint|p2a: Grimmsnarl\n|-damage|p1a: Judgie jr|0 fnt|[from] Recoil\n|faint|p1a: Judgie jr\n|\n|upkeep\n|\n|t:|1698446597\n|switch|p1a: vamp|Gliscor, F, shiny|100\/100\n|switch|p2a: Landorus|Landorus-Therian, M|100\/100\n|-damage|p1a: vamp|88\/100|[from] Stealth Rock\n|-ability|p2a: Landorus|Intimidate|boost\n|-unboost|p1a: vamp|atk|1\n|turn|8\n|\n|t:|1698446605\n|move|p1a: vamp|Toxic|p2a: Landorus\n|-status|p2a: Landorus|tox\n|move|p2a: Landorus|Bulk Up|p2a: Landorus\n|-boost|p2a: Landorus|atk|1\n|-boost|p2a: Landorus|def|1\n|\n|-damage|p2a: Landorus|94\/100 tox|[from] psn\n|-status|p1a: vamp|tox|[from] item: Toxic Orb\n|upkeep\n|turn|9\n|\n|t:|1698446615\n|move|p1a: vamp|Knock Off|p2a: Landorus\n|-damage|p2a: Landorus|90\/100 tox\n|-damage|p1a: vamp|71\/100 tox|[from] item: Rocky Helmet|[of] p2a: Landorus\n|-enditem|p2a: Landorus|Rocky Helmet|[from] move: Knock Off|[of] p1a: vamp\n|move|p2a: Landorus|Bulk Up|p2a: Landorus\n|-boost|p2a: Landorus|atk|1\n|-boost|p2a: Landorus|def|1\n|\n|-heal|p1a: vamp|84\/100 tox|[from] ability: Poison Heal\n|-damage|p2a: Landorus|78\/100 tox|[from] psn\n|upkeep\n|turn|10\n|\n|t:|1698446632\n|move|p1a: vamp|U-turn|p2a: Landorus\n|-resisted|p2a: Landorus\n|-damage|p2a: Landorus|77\/100 tox\n|\n|t:|1698446635\n|switch|p1a: Chi-Yu|Chi-Yu|100\/100|[from] U-turn\n|-damage|p1a: Chi-Yu|76\/100|[from] Stealth Rock\n|-ability|p1a: Chi-Yu|Beads of Ruin\n|move|p2a: Landorus|Crunch|p1a: Chi-Yu\n|-resisted|p1a: Chi-Yu\n|-damage|p1a: Chi-Yu|28\/100\n|-unboost|p1a: Chi-Yu|def|1\n|\n|-damage|p2a: Landorus|59\/100 tox|[from] psn\n|upkeep\n|turn|11\n|\n|t:|1698446647\n|move|p1a: Chi-Yu|Overheat|p2a: Landorus\n|-damage|p2a: Landorus|0 fnt\n|-unboost|p1a: Chi-Yu|spa|2\n|faint|p2a: Landorus\n|\n|upkeep\n|\n|t:|1698446651\n|switch|p2a: Zapdos|Zapdos-Galar|100\/100\n|turn|12\n|\n|t:|1698446661\n|move|p2a: Zapdos|Thunderous Kick|p1a: Chi-Yu\n|-supereffective|p1a: Chi-Yu\n|-damage|p1a: Chi-Yu|0 fnt\n|faint|p1a: Chi-Yu\n|\n|upkeep\n|\n|t:|1698446670\n|switch|p1a: vamp|Gliscor, F, shiny|84\/100 tox\n|-damage|p1a: vamp|71\/100 tox|[from] Stealth Rock\n|turn|13\n|\n|t:|1698446675\n|-terastallize|p2a: Zapdos|Fighting\n|-terastallize|p1a: vamp|Water\n|move|p2a: Zapdos|Thunderous Kick|p1a: vamp\n|-damage|p1a: vamp|35\/100 tox\n|-unboost|p1a: vamp|def|1\n|move|p1a: vamp|Toxic|p2a: Zapdos\n|-status|p2a: Zapdos|tox\n|\n|-damage|p2a: Zapdos|94\/100 tox|[from] psn\n|-heal|p1a: vamp|47\/100 tox|[from] ability: Poison Heal\n|upkeep\n|turn|14\n|\n|t:|1698446688\n|move|p1a: vamp|Protect|p1a: vamp\n|-singleturn|p1a: vamp|Protect\n|move|p2a: Zapdos|Thunderous Kick|p1a: vamp\n|-activate|p1a: vamp|move: Protect\n|\n|-damage|p2a: Zapdos|82\/100 tox|[from] psn\n|-heal|p1a: vamp|60\/100 tox|[from] ability: Poison Heal\n|-sideend|p2: The_beastgod12|Reflect\n|upkeep\n|turn|15\n|\n|t:|1698446700\n|switch|p1a: Regieleki|Regieleki|100\/100\n|-damage|p1a: Regieleki|88\/100|[from] Stealth Rock\n|move|p2a: Zapdos|Thunderous Kick|p1a: Regieleki\n|-damage|p1a: Regieleki|0 fnt\n|faint|p1a: Regieleki\n|\n|-damage|p2a: Zapdos|63\/100 tox|[from] psn\n|upkeep\n|\n|t:|1698446709\n|switch|p1a: vamp|Gliscor, F, shiny, tera:Water|60\/100 tox\n|-damage|p1a: vamp|47\/100 tox|[from] Stealth Rock\n|turn|16\n|\n|t:|1698446713\n|move|p1a: vamp|Protect|p1a: vamp\n|-singleturn|p1a: vamp|Protect\n|move|p2a: Zapdos|Thunderous Kick|p1a: vamp\n|-activate|p1a: vamp|move: Protect\n|\n|-damage|p2a: Zapdos|38\/100 tox|[from] psn\n|-heal|p1a: vamp|60\/100 tox|[from] ability: Poison Heal\n|upkeep\n|turn|17\n|\n|t:|1698446725\n|move|p2a: Zapdos|Thunderous Kick|p1a: vamp\n|-damage|p1a: vamp|22\/100 tox\n|-unboost|p1a: vamp|def|1\n|move|p1a: vamp|Knock Off|p2a: Zapdos\n|-resisted|p2a: Zapdos\n|-damage|p2a: Zapdos|27\/100 tox\n|-enditem|p2a: Zapdos|Choice Scarf|[from] move: Knock Off|[of] p1a: vamp\n|\n|-damage|p2a: Zapdos|0 fnt|[from] psn\n|faint|p2a: Zapdos\n|-heal|p1a: vamp|35\/100 tox|[from] ability: Poison Heal\n|upkeep\n|\n|t:|1698446733\n|switch|p2a: Ceruledge|Ceruledge, F|100\/100\n|turn|18\n|\n|t:|1698446740\n|move|p2a: Ceruledge|Swords Dance|p2a: Ceruledge\n|-boost|p2a: Ceruledge|atk|2\n|move|p1a: vamp|Toxic|p2a: Ceruledge\n|-status|p2a: Ceruledge|tox\n|\n|-damage|p2a: Ceruledge|94\/100 tox|[from] psn\n|-heal|p1a: vamp|47\/100 tox|[from] ability: Poison Heal\n|upkeep\n|turn|19\n|\n|t:|1698446749\n|move|p2a: Ceruledge|Shadow Sneak|p1a: vamp\n|-damage|p1a: vamp|6\/100 tox\n|move|p1a: vamp|Knock Off|p2a: Ceruledge\n|-supereffective|p2a: Ceruledge\n|-damage|p2a: Ceruledge|37\/100 tox\n|-ability|p2a: Ceruledge|Weak Armor|boost\n|-unboost|p2a: Ceruledge|def|1\n|-boost|p2a: Ceruledge|spe|2\n|-enditem|p2a: Ceruledge|Focus Sash|[from] move: Knock Off|[of] p1a: vamp\n|\n|-damage|p2a: Ceruledge|25\/100 tox|[from] psn\n|-heal|p1a: vamp|19\/100 tox|[from] ability: Poison Heal\n|upkeep\n|turn|20\n|\n|t:|1698446760\n|move|p1a: vamp|Protect|p1a: vamp\n|-singleturn|p1a: vamp|Protect\n|move|p2a: Ceruledge|Shadow Sneak|p1a: vamp\n|-activate|p1a: vamp|move: Protect\n|\n|-damage|p2a: Ceruledge|6\/100 tox|[from] psn\n|-heal|p1a: vamp|31\/100 tox|[from] ability: Poison Heal\n|upkeep\n|turn|21\n|\n|t:|1698446769\n|move|p1a: vamp|Protect|p1a: vamp\n|-singleturn|p1a: vamp|Protect\n|move|p2a: Ceruledge|Shadow Sneak|p1a: vamp\n|-activate|p1a: vamp|move: Protect\n|\n|-damage|p2a: Ceruledge|0 fnt|[from] psn\n|faint|p2a: Ceruledge\n|\n|win|Judgie\n|upkeep\n|c|\u2606Judgie|ggs\n|l|\u2606Judgie\n","uploadtime":1698446809,"views":8,"p1id":"judgie","p2id":"thebeastgod12","formatid":"gen9ubers","rating":0,"private":0,"password":""}