{"id":"gen9ubers-1993650920","p1":"default0","p2":"Lasen","format":"[Gen 9] Ubers","log":"|j|\u2606default0\n|j|\u2606Lasen\n|t:|1700341630\n|gametype|singles\n|player|p1|default0|skierf-gen4dp|\n|player|p2|Lasen|#lasen|\n|teamsize|p1|6\n|teamsize|p2|6\n|gen|9\n|tier|[Gen 9] Ubers\n|rated|Tournament battle\n|rule|Sleep Clause Mod: Limit one foe put to sleep\n|rule|Species Clause: Limit one of each Pok\u00e9mon\n|rule|OHKO Clause: OHKO moves are banned\n|rule|Evasion Items Clause: Evasion items are banned\n|rule|Evasion Moves Clause: Evasion moves are banned\n|rule|Endless Battle Clause: Forcing endless battles is banned\n|rule|HP Percentage Mod: HP is shown in percentages\n|clearpoke\n|poke|p1|Gliscor, M|\n|poke|p1|Ting-Lu|\n|poke|p1|Dialga|\n|poke|p1|Flutter Mane|\n|poke|p1|Arceus-Water|\n|poke|p1|Calyrex-Ice|\n|poke|p2|Donphan, M|\n|poke|p2|Rayquaza|\n|poke|p2|Kyogre|\n|poke|p2|Giratina-Origin|\n|poke|p2|Arceus-Grass|\n|poke|p2|Ting-Lu|\n|teampreview\n|inactive|Battle timer is ON: inactive players will automatically lose when time's up. (requested by Lasen)\n|j| A-Pec 110\n|c|\u2606Lasen|hf\n|j|%Taka\n|c|\u2606default0|hf\n|j|#Aberforth\n|c|%Taka|holy\n|\n|t:|1700341655\n|start\n|switch|p1a: Dialga|Dialga|100\/100\n|switch|p2a: Donphan|Donphan, M|100\/100\n|-ability|p1a: Dialga|Pressure\n|turn|1\n|\n|t:|1700341664\n|switch|p1a: Arceus|Arceus-Water|100\/100\n|move|p2a: Donphan|Stealth Rock|p1a: Arceus\n|-sidestart|p1: default0|move: Stealth Rock\n|\n|upkeep\n|turn|2\n|\n|t:|1700341669\n|move|p1a: Arceus|Ice Beam|p2a: Donphan\n|-supereffective|p2a: Donphan\n|-crit|p2a: Donphan\n|-damage|p2a: Donphan|37\/100\n|move|p2a: Donphan|Rapid Spin|p1a: Arceus\n|-damage|p1a: Arceus|94\/100\n|-boost|p2a: Donphan|spe|1\n|\n|upkeep\n|turn|3\n|c|\u2606Lasen|ouchie\n|\n|t:|1700341676\n|move|p1a: Arceus|Ice Beam|p2a: Donphan\n|-supereffective|p2a: Donphan\n|-damage|p2a: Donphan|0 fnt\n|faint|p2a: Donphan\n|\n|upkeep\n|c|\u2606Lasen|needed him to live!\n|\n|t:|1700341688\n|switch|p2a: Arceus|Arceus-Grass|100\/100\n|turn|4\n|\n|t:|1700341694\n|switch|p1a: Dialga|Dialga|100\/100\n|-damage|p1a: Dialga|94\/100|[from] Stealth Rock\n|-ability|p1a: Dialga|Pressure\n|move|p2a: Arceus|Grass Knot|p1a: Dialga\n|-resisted|p1a: Dialga\n|-damage|p1a: Dialga|85\/100\n|\n|-heal|p1a: Dialga|92\/100|[from] item: Leftovers\n|upkeep\n|turn|5\n|\n|t:|1700341699\n|switch|p2a: Ting-Lu|Ting-Lu|100\/100\n|-ability|p2a: Ting-Lu|Vessel of Ruin\n|move|p1a: Dialga|Stealth Rock|p2a: Ting-Lu\n|-sidestart|p2: Lasen|move: Stealth Rock\n|\n|-heal|p1a: Dialga|98\/100|[from] item: Leftovers\n|upkeep\n|turn|6\n|\n|t:|1700341704\n|switch|p1a: Gliscor|Gliscor, M|100\/100\n|-damage|p1a: Gliscor|88\/100|[from] Stealth Rock\n|move|p2a: Ting-Lu|Spikes|p1a: Gliscor\n|-sidestart|p1: default0|Spikes\n|\n|-status|p1a: Gliscor|tox|[from] item: Toxic Orb\n|upkeep\n|turn|7\n|\n|t:|1700341708\n|move|p1a: Gliscor|Toxic|p2a: Ting-Lu\n|-status|p2a: Ting-Lu|tox\n|move|p2a: Ting-Lu|Spikes|p1a: Gliscor\n|-sidestart|p1: default0|Spikes\n|\n|-heal|p1a: Gliscor|100\/100 tox|[from] ability: Poison Heal\n|-damage|p2a: Ting-Lu|94\/100 tox|[from] psn\n|upkeep\n|turn|8\n|\n|t:|1700341712\n|move|p1a: Gliscor|Knock Off|p2a: Ting-Lu\n|-resisted|p2a: Ting-Lu\n|-damage|p2a: Ting-Lu|89\/100 tox\n|-enditem|p2a: Ting-Lu|Leftovers|[from] move: Knock Off|[of] p1a: Gliscor\n|move|p2a: Ting-Lu|Spikes|p1a: Gliscor\n|-sidestart|p1: default0|Spikes\n|\n|-damage|p2a: Ting-Lu|76\/100 tox|[from] psn\n|upkeep\n|turn|9\n|\n|t:|1700341715\n|move|p1a: Gliscor|Knock Off|p2a: Ting-Lu\n|-resisted|p2a: Ting-Lu\n|-damage|p2a: Ting-Lu|72\/100 tox\n|move|p2a: Ting-Lu|Whirlwind|p1a: Gliscor\n|drag|p1a: Arceus|Arceus-Water|94\/100\n|-damage|p1a: Arceus|82\/100|[from] Stealth Rock\n|-damage|p1a: Arceus|57\/100|[from] Spikes\n|\n|-damage|p2a: Ting-Lu|54\/100 tox|[from] psn\n|upkeep\n|turn|10\n|\n|t:|1700341718\n|move|p1a: Arceus|Recover|p1a: Arceus\n|-heal|p1a: Arceus|100\/100\n|move|p2a: Ting-Lu|Ruination|p1a: Arceus\n|-damage|p1a: Arceus|51\/100\n|\n|-damage|p2a: Ting-Lu|29\/100 tox|[from] psn\n|upkeep\n|turn|11\n|\n|t:|1700341721\n|switch|p2a: Arceus|Arceus-Grass|100\/100\n|-damage|p2a: Arceus|88\/100|[from] Stealth Rock\n|move|p1a: Arceus|Recover|p1a: Arceus\n|-heal|p1a: Arceus|100\/100\n|\n|upkeep\n|turn|12\n|\n|t:|1700341737\n|switch|p1a: Dialga|Dialga|98\/100\n|-damage|p1a: Dialga|92\/100|[from] Stealth Rock\n|-damage|p1a: Dialga|67\/100|[from] Spikes\n|-ability|p1a: Dialga|Pressure\n|move|p2a: Arceus|Grass Knot|p1a: Dialga\n|-resisted|p1a: Dialga\n|-damage|p1a: Dialga|58\/100\n|\n|-heal|p1a: Dialga|64\/100|[from] item: Leftovers\n|upkeep\n|turn|13\n|\n|t:|1700341740\n|move|p2a: Arceus|Earth Power|p1a: Dialga\n|-supereffective|p1a: Dialga\n|-damage|p1a: Dialga|34\/100\n|move|p1a: Dialga|Dragon Tail|p2a: Arceus\n|-damage|p2a: Arceus|72\/100\n|drag|p2a: Kyogre|Kyogre|100\/100\n|-damage|p2a: Kyogre|88\/100|[from] Stealth Rock\n|-weather|RainDance|[from] ability: Drizzle|[of] p2a: Kyogre\n|\n|-weather|RainDance|[upkeep]\n|-heal|p2a: Kyogre|94\/100|[from] item: Leftovers\n|-heal|p1a: Dialga|40\/100|[from] item: Leftovers\n|upkeep\n|turn|14\n|\n|t:|1700341744\n|move|p2a: Kyogre|Ice Beam|p1a: Dialga\n|-crit|p1a: Dialga\n|-damage|p1a: Dialga|14\/100\n|move|p1a: Dialga|Dragon Tail|p2a: Kyogre\n|-damage|p2a: Kyogre|79\/100\n|drag|p2a: Ting-Lu|Ting-Lu|29\/100 tox\n|-damage|p2a: Ting-Lu|22\/100 tox|[from] Stealth Rock\n|-ability|p2a: Ting-Lu|Vessel of Ruin\n|\n|-weather|RainDance|[upkeep]\n|-heal|p1a: Dialga|21\/100|[from] item: Leftovers\n|-damage|p2a: Ting-Lu|16\/100 tox|[from] psn\n|upkeep\n|turn|15\n|\n|t:|1700341748\n|move|p1a: Dialga|Flash Cannon|p2a: Ting-Lu\n|-damage|p2a: Ting-Lu|0 fnt\n|faint|p2a: Ting-Lu\n|\n|-weather|RainDance|[upkeep]\n|-heal|p1a: Dialga|27\/100|[from] item: Leftovers\n|upkeep\n|\n|t:|1700341752\n|switch|p2a: Arceus|Arceus-Grass|72\/100\n|-damage|p2a: Arceus|60\/100|[from] Stealth Rock\n|turn|16\n|\n|t:|1700341756\n|move|p1a: Dialga|Protect|p1a: Dialga\n|-singleturn|p1a: Dialga|Protect\n|move|p2a: Arceus|Earth Power|p1a: Dialga\n|-activate|p1a: Dialga|move: Protect\n|\n|-weather|RainDance|[upkeep]\n|-heal|p1a: Dialga|33\/100|[from] item: Leftovers\n|upkeep\n|turn|17\n|\n|t:|1700341760\n|move|p2a: Arceus|Recover|p2a: Arceus\n|-heal|p2a: Arceus|100\/100\n|move|p1a: Dialga|Dragon Tail|p2a: Arceus\n|-damage|p2a: Arceus|84\/100\n|drag|p2a: Rayquaza|Rayquaza|100\/100\n|-ability|p2a: Rayquaza|Air Lock\n|\n|-weather|none\n|-heal|p1a: Dialga|39\/100|[from] item: Leftovers\n|upkeep\n|turn|18\n|\n|t:|1700341765\n|move|p2a: Rayquaza|Earthquake|p1a: Dialga\n|-supereffective|p1a: Dialga\n|-damage|p1a: Dialga|0 fnt\n|faint|p1a: Dialga\n|\n|upkeep\n|\n|t:|1700341773\n|switch|p1a: Calyrex|Calyrex-Ice|100\/100\n|-ability|p1a: Calyrex|As One\n|-ability|p1a: Calyrex|Unnerve\n|turn|19\n|\n|t:|1700341788\n|move|p2a: Rayquaza|Substitute|p2a: Rayquaza\n|-start|p2a: Rayquaza|Substitute\n|-damage|p2a: Rayquaza|76\/100\n|move|p1a: Calyrex|Trick Room|p1a: Calyrex\n|-fieldstart|move: Trick Room|[of] p1a: Calyrex\n|\n|upkeep\n|turn|20\n|\n|t:|1700341791\n|move|p1a: Calyrex|Glacial Lance|p2a: Rayquaza\n|-supereffective|p2a: Rayquaza\n|-end|p2a: Rayquaza|Substitute\n|move|p2a: Rayquaza|Substitute|p2a: Rayquaza\n|-start|p2a: Rayquaza|Substitute\n|-damage|p2a: Rayquaza|51\/100\n|\n|upkeep\n|turn|21\n|\n|t:|1700341795\n|move|p1a: Calyrex|Glacial Lance|p2a: Rayquaza\n|-supereffective|p2a: Rayquaza\n|-end|p2a: Rayquaza|Substitute\n|move|p2a: Rayquaza|Substitute|p2a: Rayquaza\n|-start|p2a: Rayquaza|Substitute\n|-damage|p2a: Rayquaza|26\/100\n|\n|upkeep\n|turn|22\n|\n|t:|1700341799\n|move|p1a: Calyrex|Glacial Lance|p2a: Rayquaza\n|-supereffective|p2a: Rayquaza\n|-end|p2a: Rayquaza|Substitute\n|move|p2a: Rayquaza|Substitute|p2a: Rayquaza\n|-start|p2a: Rayquaza|Substitute\n|-damage|p2a: Rayquaza|1\/100\n|\n|upkeep\n|turn|23\n|\n|t:|1700341804\n|move|p1a: Calyrex|Glacial Lance|p2a: Rayquaza\n|-supereffective|p2a: Rayquaza\n|-end|p2a: Rayquaza|Substitute\n|move|p2a: Rayquaza|Dragon Ascent|p1a: Calyrex\n|-damage|p1a: Calyrex|59\/100\n|-unboost|p2a: Rayquaza|def|1\n|-unboost|p2a: Rayquaza|spd|1\n|\n|-fieldend|move: Trick Room\n|upkeep\n|turn|24\n|\n|t:|1700341808\n|move|p2a: Rayquaza|Dragon Ascent|p1a: Calyrex\n|-damage|p1a: Calyrex|19\/100\n|-unboost|p2a: Rayquaza|def|1\n|-unboost|p2a: Rayquaza|spd|1\n|move|p1a: Calyrex|Glacial Lance|p2a: Rayquaza\n|-supereffective|p2a: Rayquaza\n|-damage|p2a: Rayquaza|0 fnt\n|faint|p2a: Rayquaza\n|-ability|p1a: Calyrex|Chilling Neigh|boost\n|-boost|p1a: Calyrex|atk|1\n|\n|upkeep\n|\n|t:|1700341811\n|switch|p2a: Kyogre|Kyogre|79\/100\n|-damage|p2a: Kyogre|67\/100|[from] Stealth Rock\n|-weather|RainDance|[from] ability: Drizzle|[of] p2a: Kyogre\n|turn|25\n|\n|t:|1700341814\n|move|p2a: Kyogre|Surf|p1a: Calyrex\n|-damage|p1a: Calyrex|0 fnt\n|faint|p1a: Calyrex\n|\n|-weather|RainDance|[upkeep]\n|-heal|p2a: Kyogre|73\/100|[from] item: Leftovers\n|upkeep\n|\n|t:|1700341839\n|switch|p1a: Flutter Mane|Flutter Mane|100\/100\n|turn|26\n|j|#sparksblade\n|c|#sparksblade|medium tusk put in work\n|inactive|Lasen has 120 seconds left.\n|\n|t:|1700341891\n|move|p1a: Flutter Mane|Moonblast|p2a: Kyogre\n|-damage|p2a: Kyogre|39\/100\n|move|p2a: Kyogre|Surf|p1a: Flutter Mane\n|-damage|p1a: Flutter Mane|29\/100\n|\n|-weather|RainDance|[upkeep]\n|-heal|p2a: Kyogre|45\/100|[from] item: Leftovers\n|upkeep\n|turn|27\n|\n|t:|1700341897\n|move|p1a: Flutter Mane|Calm Mind|p1a: Flutter Mane\n|-boost|p1a: Flutter Mane|spa|1\n|-boost|p1a: Flutter Mane|spd|1\n|move|p2a: Kyogre|Surf|p1a: Flutter Mane\n|-damage|p1a: Flutter Mane|0 fnt\n|faint|p1a: Flutter Mane\n|-end|p1a: Flutter Mane|Protosynthesis|[silent]\n|\n|-weather|RainDance|[upkeep]\n|-heal|p2a: Kyogre|51\/100|[from] item: Leftovers\n|upkeep\n|c|\u2606default0|oops\n|c|\u2606default0|i am not paying attention\n|c|\u2606Lasen|:PPPPPPPPPPPPPPPPPP\n|c|\u2606Lasen|neither am I\n|inactive|default0 has 120 seconds left.\n|c|\u2606Lasen|thankfully the god gamer GELATINA\n|\n|t:|1700341941\n|switch|p1a: Arceus|Arceus-Water|100\/100\n|-damage|p1a: Arceus|88\/100|[from] Stealth Rock\n|-damage|p1a: Arceus|63\/100|[from] Spikes\n|turn|28\n|c|\u2606Lasen|will win\n|inactive|Lasen has 120 seconds left.\n|\n|t:|1700341951\n|switch|p2a: Giratina|Giratina-Origin|100\/100\n|-damage|p2a: Giratina|88\/100|[from] Stealth Rock\n|-terastallize|p1a: Arceus|Poison\n|move|p1a: Arceus|Calm Mind|p1a: Arceus\n|-boost|p1a: Arceus|spa|1\n|-boost|p1a: Arceus|spd|1\n|\n|-weather|RainDance|[upkeep]\n|upkeep\n|turn|29\n|\n|t:|1700341958\n|move|p1a: Arceus|Recover|p1a: Arceus\n|-heal|p1a: Arceus|100\/100\n|move|p2a: Giratina|Dragon Tail|p1a: Arceus\n|-damage|p1a: Arceus|88\/100\n|drag|p1a: Ting-Lu|Ting-Lu|100\/100\n|-damage|p1a: Ting-Lu|94\/100|[from] Stealth Rock\n|-damage|p1a: Ting-Lu|69\/100|[from] Spikes\n|-ability|p1a: Ting-Lu|Vessel of Ruin\n|\n|-weather|none\n|-heal|p1a: Ting-Lu|76\/100|[from] item: Leftovers\n|upkeep\n|turn|30\n|\n|t:|1700341965\n|move|p2a: Giratina|Will-O-Wisp|p1a: Ting-Lu\n|-status|p1a: Ting-Lu|brn\n|move|p1a: Ting-Lu|Spikes|p2a: Giratina\n|-sidestart|p2: Lasen|Spikes\n|\n|-heal|p1a: Ting-Lu|82\/100 brn|[from] item: Leftovers\n|-damage|p1a: Ting-Lu|76\/100 brn|[from] brn\n|upkeep\n|turn|31\n|inactive|default0 has 120 seconds left.\n|j| Shanks D Xebec\n|\n|t:|1700341973\n|move|p2a: Giratina|Dragon Tail|p1a: Ting-Lu\n|-damage|p1a: Ting-Lu|60\/100 brn\n|drag|p1a: Arceus|Arceus-Water, tera:Poison|88\/100\n|-damage|p1a: Arceus|76\/100|[from] Stealth Rock\n|-damage|p1a: Arceus|51\/100|[from] Spikes\n|\n|upkeep\n|turn|32\n|\n|t:|1700341978\n|move|p1a: Arceus|Recover|p1a: Arceus\n|-heal|p1a: Arceus|100\/100\n|move|p2a: Giratina|Will-O-Wisp|p1a: Arceus\n|-status|p1a: Arceus|brn\n|\n|-damage|p1a: Arceus|94\/100 brn|[from] brn\n|upkeep\n|turn|33\n|\n|t:|1700341981\n|move|p1a: Arceus|Ice Beam|p2a: Giratina\n|-supereffective|p2a: Giratina\n|-damage|p2a: Giratina|59\/100\n|move|p2a: Giratina|Hex|p1a: Arceus\n|-damage|p1a: Arceus|45\/100 brn\n|\n|-damage|p1a: Arceus|39\/100 brn|[from] brn\n|upkeep\n|turn|34\n|\n|t:|1700341986\n|move|p1a: Arceus|Recover|p1a: Arceus\n|-heal|p1a: Arceus|89\/100 brn\n|move|p2a: Giratina|Hex|p1a: Arceus\n|-damage|p1a: Arceus|35\/100 brn\n|\n|-damage|p1a: Arceus|29\/100 brn|[from] brn\n|upkeep\n|turn|35\n|c|\u2606Lasen|hoohoo\n|c|\u2606Lasen|heheee\n|\n|t:|1700341993\n|-terastallize|p2a: Giratina|Poison\n|move|p1a: Arceus|Recover|p1a: Arceus\n|-heal|p1a: Arceus|79\/100 brn\n|move|p2a: Giratina|Hex|p1a: Arceus\n|-damage|p1a: Arceus|25\/100 brn\n|\n|-damage|p1a: Arceus|19\/100 brn|[from] brn\n|upkeep\n|turn|36\n|\n|t:|1700341998\n|move|p1a: Arceus|Recover|p1a: Arceus\n|-heal|p1a: Arceus|69\/100 brn\n|move|p2a: Giratina|Hex|p1a: Arceus\n|-damage|p1a: Arceus|17\/100 brn\n|\n|-damage|p1a: Arceus|11\/100 brn|[from] brn\n|upkeep\n|turn|37\n|\n|t:|1700342000\n|move|p1a: Arceus|Judgment|p2a: Giratina\n|-damage|p2a: Giratina|29\/100\n|move|p2a: Giratina|Hex|p1a: Arceus\n|-damage|p1a: Arceus|0 fnt\n|faint|p1a: Arceus\n|\n|upkeep\n|\n|t:|1700342006\n|switch|p1a: Ting-Lu|Ting-Lu|60\/100 brn\n|-damage|p1a: Ting-Lu|54\/100 brn|[from] Stealth Rock\n|-damage|p1a: Ting-Lu|29\/100 brn|[from] Spikes\n|-ability|p1a: Ting-Lu|Vessel of Ruin\n|turn|38\n|\n|t:|1700342010\n|move|p1a: Ting-Lu|Ruination|p2a: Giratina\n|-damage|p2a: Giratina|15\/100\n|move|p2a: Giratina|Dragon Tail|p1a: Ting-Lu\n|-damage|p1a: Ting-Lu|15\/100 brn\n|drag|p1a: Gliscor|Gliscor, M|100\/100 tox\n|-damage|p1a: Gliscor|88\/100 tox|[from] Stealth Rock\n|\n|-heal|p1a: Gliscor|100\/100 tox|[from] ability: Poison Heal\n|upkeep\n|turn|39\n|\n|t:|1700342015\n|move|p1a: Gliscor|Knock Off|p2a: Giratina\n|-damage|p2a: Giratina|5\/100\n|move|p2a: Giratina|Hex|p1a: Gliscor\n|-damage|p1a: Gliscor|8\/100 tox\n|\n|-heal|p1a: Gliscor|21\/100 tox|[from] ability: Poison Heal\n|upkeep\n|turn|40\n|\n|t:|1700342018\n|move|p1a: Gliscor|Protect|p1a: Gliscor\n|-singleturn|p1a: Gliscor|Protect\n|move|p2a: Giratina|Hex|p1a: Gliscor\n|-activate|p1a: Gliscor|move: Protect\n|\n|-heal|p1a: Gliscor|33\/100 tox|[from] ability: Poison Heal\n|upkeep\n|turn|41\n|\n|t:|1700342023\n|move|p1a: Gliscor|Knock Off|p2a: Giratina\n|-crit|p2a: Giratina\n|-damage|p2a: Giratina|0 fnt\n|faint|p2a: Giratina\n|\n|-heal|p1a: Gliscor|45\/100 tox|[from] ability: Poison Heal\n|upkeep\n|\n|t:|1700342025\n|switch|p2a: Arceus|Arceus-Grass|84\/100\n|-damage|p2a: Arceus|72\/100|[from] Stealth Rock\n|-damage|p2a: Arceus|59\/100|[from] Spikes\n|turn|42\n|\n|t:|1700342029\n|move|p1a: Gliscor|Protect|p1a: Gliscor\n|-singleturn|p1a: Gliscor|Protect\n|move|p2a: Arceus|Ice Beam|p1a: Gliscor\n|-activate|p1a: Gliscor|move: Protect\n|\n|-heal|p1a: Gliscor|58\/100 tox|[from] ability: Poison Heal\n|upkeep\n|turn|43\n|\n|t:|1700342031\n|move|p2a: Arceus|Ice Beam|p1a: Gliscor\n|-supereffective|p1a: Gliscor\n|-damage|p1a: Gliscor|0 fnt\n|faint|p1a: Gliscor\n|\n|upkeep\n|c|\u2606Lasen|yeah he also won\n|c|\u2606Lasen|gg\n|\n|t:|1700342034\n|switch|p1a: Ting-Lu|Ting-Lu|15\/100 brn\n|-damage|p1a: Ting-Lu|8\/100 brn|[from] Stealth Rock\n|-damage|p1a: Ting-Lu|0 fnt|[from] Spikes\n|faint|p1a: Ting-Lu\n|\n|win|Lasen\n|n|\u2606default0|default0\n|n|\u2606Lasen|lasen\n|n| A-Pec 110|apec110\n|n| Taka|taka\n|n|@Aberforth|aberforth\n|n|%sparksblade|sparksblade\n|n| Shanks D Xebec|shanksdxebec\n","uploadtime":1700342035,"views":14,"p1id":"default0","p2id":"lasen","formatid":"gen9ubers","rating":0,"private":0,"password":""}