{"id":"gen9ubers-1978130074","p1":"Anne Frankkkk","p2":"gt cft45dr","format":"[Gen 9] Ubers","log":"|j|\u2606Anne Frankkkk\n|j|\u2606gt cft45dr\n|t:|1698503084\n|gametype|singles\n|player|p1|Anne Frankkkk|hilbert|1193\n|player|p2|gt cft45dr|102|1083\n|teamsize|p1|6\n|teamsize|p2|6\n|gen|9\n|tier|[Gen 9] Ubers\n|rated|\n|rule|Sleep Clause Mod: Limit one foe put to sleep\n|rule|Species Clause: Limit one of each Pok\u00e9mon\n|rule|OHKO Clause: OHKO moves are banned\n|rule|Evasion Items Clause: Evasion items are banned\n|rule|Evasion Moves Clause: Evasion moves are banned\n|rule|Endless Battle Clause: Forcing endless battles is banned\n|rule|HP Percentage Mod: HP is shown in percentages\n|clearpoke\n|poke|p1|Iron Hands|\n|poke|p1|Kyogre|\n|poke|p1|Chien-Pao|\n|poke|p1|Ribombee, M|\n|poke|p1|Miraidon|\n|poke|p1|Flutter Mane|\n|poke|p2|Zacian-*|\n|poke|p2|Regieleki|\n|poke|p2|Urshifu-*, M|\n|poke|p2|Ogerpon-Hearthflame, F|\n|poke|p2|Flutter Mane|\n|poke|p2|Rayquaza|\n|teampreview\n|inactive|Battle timer is ON: inactive players will automatically lose when time's up. (requested by Anne Frankkkk)\n|\n|t:|1698503089\n|start\n|switch|p1a: Moonblast|Ribombee, M, shiny|100\/100\n|switch|p2a: Regieleki|Regieleki|100\/100\n|turn|1\n|\n|t:|1698503096\n|move|p2a: Regieleki|Ancient Power|p1a: Moonblast\n|-supereffective|p1a: Moonblast\n|-damage|p1a: Moonblast|39\/100\n|move|p1a: Moonblast|Sticky Web|p2a: Regieleki\n|-sidestart|p2: gt cft45dr|move: Sticky Web\n|\n|upkeep\n|turn|2\n|\n|t:|1698503101\n|switch|p1a: Misdreavius|Flutter Mane, shiny|100\/100\n|-enditem|p1a: Misdreavius|Booster Energy\n|-activate|p1a: Misdreavius|ability: Protosynthesis|[fromitem]\n|-start|p1a: Misdreavius|protosynthesisspe\n|move|p2a: Regieleki|Ancient Power|p1a: Misdreavius\n|-damage|p1a: Misdreavius|83\/100\n|\n|upkeep\n|turn|3\n|\n|t:|1698503109\n|move|p1a: Misdreavius|Moonblast|p2a: Regieleki\n|-damage|p2a: Regieleki|5\/100\n|move|p2a: Regieleki|Rapid Spin|p1a: Misdreavius\n|-immune|p1a: Misdreavius\n|\n|upkeep\n|turn|4\n|\n|t:|1698503120\n|switch|p2a: Zacian|Zacian-Crowned|100\/100\n|-activate|p2a: Zacian|move: Sticky Web\n|-unboost|p2a: Zacian|spe|1\n|-ability|p2a: Zacian|Intrepid Sword|boost\n|-boost|p2a: Zacian|atk|1\n|move|p1a: Misdreavius|Moonblast|p2a: Zacian\n|-resisted|p2a: Zacian\n|-damage|p2a: Zacian|78\/100\n|-unboost|p2a: Zacian|spa|1\n|\n|upkeep\n|turn|5\n|\n|t:|1698503131\n|move|p1a: Misdreavius|Mystical Fire|p2a: Zacian\n|-supereffective|p2a: Zacian\n|-damage|p2a: Zacian|27\/100\n|-unboost|p2a: Zacian|spa|1\n|move|p2a: Zacian|Behemoth Blade|p1a: Misdreavius\n|-supereffective|p1a: Misdreavius\n|-damage|p1a: Misdreavius|0 fnt\n|faint|p1a: Misdreavius\n|-end|p1a: Misdreavius|Protosynthesis|[silent]\n|\n|upkeep\n|\n|t:|1698503144\n|switch|p1a: Moonblast|Ribombee, M, shiny|39\/100\n|turn|6\n|\n|t:|1698503147\n|move|p1a: Moonblast|Moonblast|p2a: Zacian\n|-resisted|p2a: Zacian\n|-damage|p2a: Zacian|7\/100\n|-unboost|p2a: Zacian|spa|1\n|move|p2a: Zacian|Fire Fang|p1a: Moonblast\n|-supereffective|p1a: Moonblast\n|-damage|p1a: Moonblast|0 fnt\n|faint|p1a: Moonblast\n|\n|upkeep\n|\n|t:|1698503151\n|switch|p1a: Ice Cat|Chien-Pao|100\/100\n|-ability|p1a: Ice Cat|Sword of Ruin\n|turn|7\n|\n|t:|1698503160\n|move|p1a: Ice Cat|Sucker Punch|p2a: Zacian\n|-resisted|p2a: Zacian\n|-damage|p2a: Zacian|0 fnt\n|faint|p2a: Zacian\n|-damage|p1a: Ice Cat|91\/100|[from] item: Life Orb\n|\n|upkeep\n|\n|t:|1698503166\n|switch|p2a: Regieleki|Regieleki|5\/100\n|-activate|p2a: Regieleki|move: Sticky Web\n|-unboost|p2a: Regieleki|spe|1\n|turn|8\n|\n|t:|1698503172\n|move|p1a: Ice Cat|Sucker Punch|p2a: Regieleki\n|-damage|p2a: Regieleki|0 fnt\n|faint|p2a: Regieleki\n|-damage|p1a: Ice Cat|81\/100|[from] item: Life Orb\n|\n|upkeep\n|\n|t:|1698503178\n|switch|p2a: Flutter Mane|Flutter Mane|100\/100\n|-activate|p2a: Flutter Mane|move: Sticky Web\n|-unboost|p2a: Flutter Mane|spe|1\n|-enditem|p2a: Flutter Mane|Booster Energy\n|-activate|p2a: Flutter Mane|ability: Protosynthesis|[fromitem]\n|-start|p2a: Flutter Mane|protosynthesisspa\n|turn|9\n|\n|t:|1698503191\n|move|p1a: Ice Cat|Sucker Punch|p2a: Flutter Mane\n|-damage|p2a: Flutter Mane|0 fnt\n|faint|p2a: Flutter Mane\n|-end|p2a: Flutter Mane|Protosynthesis|[silent]\n|-damage|p1a: Ice Cat|71\/100|[from] item: Life Orb\n|\n|upkeep\n|\n|t:|1698503196\n|switch|p2a: Rayquaza|Rayquaza|100\/100\n|-ability|p2a: Rayquaza|Air Lock\n|turn|10\n|\n|t:|1698503204\n|-terastallize|p2a: Rayquaza|Dragon\n|move|p1a: Ice Cat|Ice Spinner|p2a: Rayquaza\n|-supereffective|p2a: Rayquaza\n|-damage|p2a: Rayquaza|0 fnt\n|faint|p2a: Rayquaza\n|-damage|p1a: Ice Cat|61\/100|[from] item: Life Orb\n|\n|upkeep\n|\n|t:|1698503211\n|switch|p2a: Ogerpon|Ogerpon-Hearthflame, F|100\/100\n|-activate|p2a: Ogerpon|move: Sticky Web\n|-unboost|p2a: Ogerpon|spe|1\n|-ability|p2a: Ogerpon|Mold Breaker\n|turn|11\n|\n|t:|1698503222\n|move|p1a: Ice Cat|Sacred Sword|p2a: Ogerpon\n|-damage|p2a: Ogerpon|28\/100\n|-damage|p1a: Ice Cat|51\/100|[from] item: Life Orb\n|move|p2a: Ogerpon|Ivy Cudgel|p1a: Ice Cat\n|-supereffective|p1a: Ice Cat\n|-damage|p1a: Ice Cat|0 fnt\n|faint|p1a: Ice Cat\n|\n|upkeep\n|\n|t:|1698503227\n|switch|p1a: OHKO|Kyogre|100\/100\n|-weather|RainDance|[from] ability: Drizzle|[of] p1a: OHKO\n|turn|12\n|\n|t:|1698503234\n|-terastallize|p1a: OHKO|Water\n|move|p1a: OHKO|Water Spout|p2a: Ogerpon\n|-damage|p2a: Ogerpon|0 fnt\n|faint|p2a: Ogerpon\n|\n|-weather|RainDance|[upkeep]\n|upkeep\n|\n|t:|1698503238\n|switch|p2a: Urshifu|Urshifu-Rapid-Strike, M|100\/100\n|-activate|p2a: Urshifu|move: Sticky Web\n|-unboost|p2a: Urshifu|spe|1\n|turn|13\n|\n|t:|1698503243\n|move|p2a: Urshifu|Aqua Jet|p1a: OHKO\n|-resisted|p1a: OHKO\n|-damage|p1a: OHKO|85\/100\n|move|p1a: OHKO|Water Spout|p2a: Urshifu\n|-resisted|p2a: Urshifu\n|-enditem|p2a: Urshifu|Focus Sash\n|-damage|p2a: Urshifu|1\/100\n|\n|-weather|RainDance|[upkeep]\n|upkeep\n|turn|14\n|\n|t:|1698503249\n|move|p2a: Urshifu|Aqua Jet|p1a: OHKO\n|-resisted|p1a: OHKO\n|-damage|p1a: OHKO|69\/100\n|move|p1a: OHKO|Water Spout|p2a: Urshifu\n|-resisted|p2a: Urshifu\n|-damage|p2a: Urshifu|0 fnt\n|faint|p2a: Urshifu\n|\n|win|Anne Frankkkk\n|raw|Anne Frankkkk's rating: 1193 &rarr; <strong>1210<\/strong><br \/>(+17 for winning)\n|raw|gt cft45dr's rating: 1083 &rarr; <strong>1067<\/strong><br \/>(-16 for losing)\n|l|\u2606gt cft45dr\n","uploadtime":1698503259,"views":10,"p1id":"annefrankkkk","p2id":"gtcft45dr","formatid":"gen9ubers","rating":1067,"private":0,"password":""}