{"id":"gen9ubers-1979760850","p1":"TerrarianSkeleton","p2":"camjefferso94","format":"[Gen 9] Ubers","log":"|j|\u2606TerrarianSkeleton\n|j|\u2606camjefferso94\n|t:|1698710455\n|gametype|singles\n|player|p1|TerrarianSkeleton|koga|1047\n|player|p2|camjefferso94|101|1050\n|teamsize|p1|6\n|teamsize|p2|6\n|gen|9\n|tier|[Gen 9] Ubers\n|rated|\n|rule|Sleep Clause Mod: Limit one foe put to sleep\n|rule|Species Clause: Limit one of each Pok\u00e9mon\n|rule|OHKO Clause: OHKO moves are banned\n|rule|Evasion Items Clause: Evasion items are banned\n|rule|Evasion Moves Clause: Evasion moves are banned\n|rule|Endless Battle Clause: Forcing endless battles is banned\n|rule|HP Percentage Mod: HP is shown in percentages\n|clearpoke\n|poke|p1|Regieleki|\n|poke|p1|Enamorus, F|\n|poke|p1|Glimmora, M|\n|poke|p1|Electrode-Hisui|\n|poke|p1|Tyranitar, M|\n|poke|p1|Houndstone, M|\n|poke|p2|Arceus-Ground|\n|poke|p2|Zacian-*|\n|poke|p2|Kyogre|\n|poke|p2|Annihilape, M|\n|poke|p2|Darkrai|\n|poke|p2|Shaymin-Sky|\n|teampreview\n|inactive|Battle timer is ON: inactive players will automatically lose when time's up. (requested by TerrarianSkeleton)\n|\n|t:|1698710465\n|start\n|switch|p1a: Glimmora|Glimmora, M|100\/100\n|switch|p2a: Kyogre|Kyogre, shiny|100\/100\n|-weather|RainDance|[from] ability: Drizzle|[of] p2a: Kyogre\n|turn|1\n|\n|t:|1698710476\n|move|p2a: Kyogre|Water Spout|p1a: Glimmora\n|-supereffective|p1a: Glimmora\n|-enditem|p1a: Glimmora|Focus Sash\n|-damage|p1a: Glimmora|1\/100\n|move|p1a: Glimmora|Stealth Rock|p2a: Kyogre\n|-sidestart|p2: camjefferso94|move: Stealth Rock\n|\n|-weather|RainDance|[upkeep]\n|upkeep\n|turn|2\n|\n|t:|1698710484\n|move|p2a: Kyogre|Water Spout|p1a: Glimmora\n|-supereffective|p1a: Glimmora\n|-damage|p1a: Glimmora|0 fnt\n|faint|p1a: Glimmora\n|\n|-weather|RainDance|[upkeep]\n|upkeep\n|\n|t:|1698710490\n|switch|p1a: Electrode|Electrode-Hisui|100\/100\n|turn|3\n|\n|t:|1698710494\n|move|p1a: Electrode|Explosion|p2a: Kyogre\n|-damage|p2a: Kyogre|64\/100\n|faint|p1a: Electrode\n|move|p2a: Kyogre|Water Spout|p1: Electrode|[notarget]\n|-fail|p2a: Kyogre\n|\n|-weather|RainDance|[upkeep]\n|upkeep\n|\n|t:|1698710500\n|switch|p1a: Enamorus|Enamorus, F|100\/100\n|turn|4\n|\n|t:|1698710504\n|move|p1a: Enamorus|Misty Explosion|p2a: Kyogre\n|-damage|p2a: Kyogre|27\/100\n|faint|p1a: Enamorus\n|move|p2a: Kyogre|Water Spout|p1: Enamorus|[notarget]\n|-fail|p2a: Kyogre\n|\n|-weather|RainDance|[upkeep]\n|upkeep\n|\n|t:|1698710511\n|switch|p1a: Regieleki|Regieleki|100\/100\n|turn|5\n|\n|t:|1698710515\n|move|p1a: Regieleki|Light Screen|p1a: Regieleki\n|-sidestart|p1: TerrarianSkeleton|move: Light Screen\n|move|p2a: Kyogre|Water Spout|p1a: Regieleki\n|-damage|p1a: Regieleki|64\/100\n|\n|-weather|none\n|upkeep\n|turn|6\n|\n|t:|1698710528\n|switch|p2a: Arceus|Arceus-Ground, shiny|100\/100\n|-damage|p2a: Arceus|94\/100|[from] Stealth Rock\n|move|p1a: Regieleki|Reflect|p1a: Regieleki\n|-sidestart|p1: TerrarianSkeleton|Reflect\n|\n|upkeep\n|turn|7\n|\n|t:|1698710535\n|move|p1a: Regieleki|Explosion|p2a: Arceus\n|-damage|p2a: Arceus|37\/100\n|faint|p1a: Regieleki\n|move|p2a: Arceus|Dragon Dance|p2a: Arceus\n|-boost|p2a: Arceus|atk|1\n|-boost|p2a: Arceus|spe|1\n|\n|upkeep\n|\n|t:|1698710541\n|switch|p1a: Tyranitar|Tyranitar, M, shiny|100\/100\n|-weather|Sandstorm|[from] ability: Sand Stream|[of] p1a: Tyranitar\n|turn|8\n|\n|t:|1698710548\n|switch|p1a: Houndstone|Houndstone, M|100\/100\n|move|p2a: Arceus|Judgment|p1a: Houndstone\n|-damage|p1a: Houndstone|69\/100\n|\n|-weather|Sandstorm|[upkeep]\n|upkeep\n|turn|9\n|\n|t:|1698710561\n|move|p2a: Arceus|Shadow Claw|p1a: Houndstone\n|-supereffective|p1a: Houndstone\n|-damage|p1a: Houndstone|22\/100\n|move|p1a: Houndstone|Last Respects|p2a: Arceus\n|-damage|p2a: Arceus|0 fnt\n|faint|p2a: Arceus\n|\n|-weather|Sandstorm|[upkeep]\n|upkeep\n|\n|t:|1698710570\n|switch|p2a: Annihilape|Annihilape, M|100\/100\n|-damage|p2a: Annihilape|94\/100|[from] Stealth Rock\n|turn|10\n|\n|t:|1698710575\n|move|p1a: Houndstone|Last Respects|p2a: Annihilape\n|-supereffective|p2a: Annihilape\n|-damage|p2a: Annihilape|0 fnt\n|faint|p2a: Annihilape\n|\n|-weather|Sandstorm|[upkeep]\n|upkeep\n|\n|t:|1698710587\n|switch|p2a: Darkrai|Darkrai, shiny|100\/100\n|-damage|p2a: Darkrai|88\/100|[from] Stealth Rock\n|turn|11\n|\n|t:|1698710595\n|-terastallize|p1a: Houndstone|Ghost\n|move|p1a: Houndstone|Last Respects|p2a: Darkrai\n|-resisted|p2a: Darkrai\n|-damage|p2a: Darkrai|0 fnt\n|faint|p2a: Darkrai\n|\n|-weather|Sandstorm|[upkeep]\n|upkeep\n|\n|t:|1698710611\n|switch|p2a: Shaymin|Shaymin-Sky, shiny|100\/100\n|-damage|p2a: Shaymin|76\/100|[from] Stealth Rock\n|turn|12\n|\n|t:|1698710617\n|move|p1a: Houndstone|Last Respects|p2a: Shaymin\n|-damage|p2a: Shaymin|0 fnt\n|faint|p2a: Shaymin\n|\n|-weather|Sandstorm|[upkeep]\n|-sideend|p1: TerrarianSkeleton|move: Light Screen\n|upkeep\n|\n|t:|1698710624\n|switch|p2a: Zacian|Zacian-Crowned, shiny|100\/100\n|-damage|p2a: Zacian|94\/100|[from] Stealth Rock\n|-ability|p2a: Zacian|Intrepid Sword|boost\n|-boost|p2a: Zacian|atk|1\n|turn|13\n|\n|t:|1698710633\n|move|p1a: Houndstone|Last Respects|p2a: Zacian\n|-damage|p2a: Zacian|0 fnt\n|faint|p2a: Zacian\n|\n|-weather|Sandstorm|[upkeep]\n|-sideend|p1: TerrarianSkeleton|Reflect\n|upkeep\n|\n|t:|1698710640\n|switch|p2a: Kyogre|Kyogre, shiny|27\/100\n|-damage|p2a: Kyogre|15\/100|[from] Stealth Rock\n|-weather|RainDance|[from] ability: Drizzle|[of] p2a: Kyogre\n|turn|14\n|\n|t:|1698710648\n|switch|p1a: Tyranitar|Tyranitar, M, shiny|100\/100\n|-weather|Sandstorm|[from] ability: Sand Stream|[of] p1a: Tyranitar\n|move|p2a: Kyogre|Origin Pulse|p1a: Tyranitar|[miss]\n|-miss|p2a: Kyogre|p1a: Tyranitar\n|\n|-weather|Sandstorm|[upkeep]\n|-damage|p2a: Kyogre|9\/100|[from] Sandstorm\n|upkeep\n|turn|15\n|\n|t:|1698710659\n|move|p2a: Kyogre|Origin Pulse|p1a: Tyranitar\n|-supereffective|p1a: Tyranitar\n|-damage|p1a: Tyranitar|18\/100\n|move|p1a: Tyranitar|Earthquake|p2a: Kyogre\n|-damage|p2a: Kyogre|0 fnt\n|faint|p2a: Kyogre\n|\n|win|TerrarianSkeleton\n|raw|TerrarianSkeleton's rating: 1047 &rarr; <strong>1080<\/strong><br \/>(+33 for winning)\n|raw|camjefferso94's rating: 1050 &rarr; <strong>1032<\/strong><br \/>(-18 for losing)\n|c|\u2606TerrarianSkeleton|gg\n|l|\u2606camjefferso94\n","uploadtime":1698710669,"views":9,"p1id":"terrarianskeleton","p2id":"camjefferso94","formatid":"gen9ubers","rating":1032,"private":0,"password":""}