{"id":"gen9ubers-1999334096","p1":"S3nKay","p2":"mihnt","format":"[Gen 9] Ubers","log":"|j|\u2606S3nKay\n|j|\u2606mihnt\n|t:|1701062002\n|gametype|singles\n|player|p1|S3nKay|102|\n|player|p2|mihnt|1|\n|teamsize|p1|6\n|teamsize|p2|6\n|gen|9\n|tier|[Gen 9] Ubers\n|rule|Sleep Clause Mod: Limit one foe put to sleep\n|rule|Species Clause: Limit one of each Pok\u00e9mon\n|rule|OHKO Clause: OHKO moves are banned\n|rule|Evasion Items Clause: Evasion items are banned\n|rule|Evasion Moves Clause: Evasion moves are banned\n|rule|Endless Battle Clause: Forcing endless battles is banned\n|rule|HP Percentage Mod: HP is shown in percentages\n|clearpoke\n|poke|p1|Great Tusk|\n|poke|p1|Gliscor, F|\n|poke|p1|Torkoal, M|\n|poke|p1|Pawmot, F|\n|poke|p1|Toxapex, F|\n|poke|p1|Skeledirge, M|\n|poke|p2|Dondozo, F|\n|poke|p2|Goodra-Hisui, F|\n|poke|p2|Ogerpon-Hearthflame, F|\n|poke|p2|Orthworm, F|\n|poke|p2|Muk-Alola, M|\n|poke|p2|Okidogi, M|\n|teampreview\n|\n|t:|1701062014\n|start\n|switch|p1a: Gliscor|Gliscor, F|100\/100\n|switch|p2a: Lizzo|Dondozo, F, shiny|100\/100\n|turn|1\n|\n|t:|1701062020\n|move|p1a: Gliscor|Protect|p1a: Gliscor\n|-singleturn|p1a: Gliscor|Protect\n|move|p2a: Lizzo|Ice Fang|p1a: Gliscor\n|-activate|p1a: Gliscor|move: Protect\n|\n|-status|p1a: Gliscor|tox|[from] item: Toxic Orb\n|upkeep\n|turn|2\n|\n|t:|1701062032\n|switch|p1a: Toxapex|Toxapex, F|100\/100\n|move|p2a: Lizzo|Curse|p2a: Lizzo\n|-unboost|p2a: Lizzo|spe|1\n|-boost|p2a: Lizzo|atk|1\n|-boost|p2a: Lizzo|def|1\n|\n|upkeep\n|turn|3\n|\n|t:|1701062041\n|move|p1a: Toxapex|Baneful Bunker|p1a: Toxapex\n|-singleturn|p1a: Toxapex|move: Protect\n|move|p2a: Lizzo|Wave Crash|p1a: Toxapex\n|-activate|p1a: Toxapex|move: Protect\n|-status|p2a: Lizzo|psn\n|\n|-damage|p2a: Lizzo|88\/100 psn|[from] psn\n|upkeep\n|turn|4\n|\n|t:|1701062045\n|move|p1a: Toxapex|Haze|p1a: Toxapex\n|-clearallboost\n|move|p2a: Lizzo|Ice Fang|p1a: Toxapex\n|-resisted|p1a: Toxapex\n|-damage|p1a: Toxapex|93\/100\n|-damage|p2a: Lizzo|71\/100 psn|[from] item: Rocky Helmet|[of] p1a: Toxapex\n|\n|-heal|p2a: Lizzo|77\/100 psn|[from] item: Leftovers\n|-damage|p2a: Lizzo|65\/100 psn|[from] psn\n|upkeep\n|turn|5\n|\n|t:|1701062061\n|switch|p2a: KUM|Muk-Alola, M|100\/100\n|move|p1a: Toxapex|Surf|p2a: KUM\n|-damage|p2a: KUM|89\/100\n|\n|upkeep\n|turn|6\n|\n|t:|1701062067\n|switch|p1a: Gliscor|Gliscor, F|100\/100 tox\n|move|p2a: KUM|Knock Off|p1a: Gliscor\n|-damage|p1a: Gliscor|72\/100 tox\n|-enditem|p1a: Gliscor|Toxic Orb|[from] move: Knock Off|[of] p2a: KUM\n|\n|-heal|p1a: Gliscor|84\/100 tox|[from] ability: Poison Heal\n|upkeep\n|turn|7\n|\n|t:|1701062078\n|switch|p2a: Tyrone|Orthworm, F, shiny|100\/100\n|move|p1a: Gliscor|Earthquake|p2a: Tyrone\n|-immune|p2a: Tyrone|[from] ability: Earth Eater\n|\n|-heal|p1a: Gliscor|97\/100 tox|[from] ability: Poison Heal\n|upkeep\n|turn|8\n|\n|t:|1701062081\n|move|p1a: Gliscor|Knock Off|p2a: Tyrone\n|-damage|p2a: Tyrone|89\/100\n|-damage|p1a: Gliscor|80\/100 tox|[from] item: Rocky Helmet|[of] p2a: Tyrone\n|-enditem|p2a: Tyrone|Rocky Helmet|[from] move: Knock Off|[of] p1a: Gliscor\n|move|p2a: Tyrone|Stealth Rock|p1a: Gliscor\n|-sidestart|p1: S3nKay|move: Stealth Rock\n|\n|-heal|p1a: Gliscor|92\/100 tox|[from] ability: Poison Heal\n|upkeep\n|turn|9\n|\n|t:|1701062094\n|switch|p1a: Skeledirge|Skeledirge, M|100\/100\n|-damage|p1a: Skeledirge|76\/100|[from] Stealth Rock\n|move|p2a: Tyrone|Spikes|p1a: Skeledirge\n|-sidestart|p1: S3nKay|Spikes\n|\n|-heal|p1a: Skeledirge|82\/100|[from] item: Leftovers\n|upkeep\n|turn|10\n|\n|t:|1701062103\n|switch|p2a: Lizzo|Dondozo, F, shiny|65\/100 psn\n|move|p1a: Skeledirge|Will-O-Wisp||[still]\n|-fail|p1a: Skeledirge\n|\n|-heal|p1a: Skeledirge|88\/100|[from] item: Leftovers\n|-heal|p2a: Lizzo|71\/100 psn|[from] item: Leftovers\n|-damage|p2a: Lizzo|59\/100 psn|[from] psn\n|upkeep\n|turn|11\n|\n|t:|1701062139\n|move|p1a: Skeledirge|Slack Off|p1a: Skeledirge\n|-heal|p1a: Skeledirge|100\/100\n|move|p2a: Lizzo|Wave Crash|p1a: Skeledirge\n|-supereffective|p1a: Skeledirge\n|-damage|p1a: Skeledirge|42\/100\n|-damage|p2a: Lizzo|43\/100 psn|[from] Recoil\n|\n|-heal|p1a: Skeledirge|48\/100|[from] item: Leftovers\n|-heal|p2a: Lizzo|49\/100 psn|[from] item: Leftovers\n|-damage|p2a: Lizzo|36\/100 psn|[from] psn\n|upkeep\n|turn|12\n|\n|t:|1701062160\n|switch|p2a: Jamal|Okidogi, M|100\/100\n|move|p1a: Skeledirge|Slack Off|p1a: Skeledirge\n|-heal|p1a: Skeledirge|98\/100\n|\n|-heal|p1a: Skeledirge|100\/100|[from] item: Leftovers\n|upkeep\n|turn|13\n|\n|t:|1701062165\n|move|p2a: Jamal|Close Combat|p1a: Skeledirge\n|-immune|p1a: Skeledirge\n|move|p1a: Skeledirge|Will-O-Wisp|p2a: Jamal\n|-status|p2a: Jamal|brn\n|\n|-damage|p2a: Jamal|95\/100 brn|[from] brn\n|upkeep\n|turn|14\n|c|\u2606mihnt|wait\n|c|\u2606mihnt|inhave autism\n|c|\u2606mihnt|LMAO\n|c|\u2606S3nKay|F\n|\n|t:|1701062188\n|move|p2a: Jamal|Poison Jab|p1a: Skeledirge\n|-resisted|p1a: Skeledirge\n|-damage|p1a: Skeledirge|93\/100\n|-damage|p2a: Jamal|85\/100 brn|[from] item: Life Orb\n|move|p1a: Skeledirge|Torch Song|p2a: Jamal\n|-damage|p2a: Jamal|45\/100 brn\n|-boost|p1a: Skeledirge|spa|1\n|\n|-heal|p1a: Skeledirge|99\/100|[from] item: Leftovers\n|-damage|p2a: Jamal|39\/100 brn|[from] brn\n|upkeep\n|turn|15\n|\n|t:|1701062194\n|move|p2a: Jamal|Crunch|p1a: Skeledirge\n|-supereffective|p1a: Skeledirge\n|-damage|p1a: Skeledirge|79\/100\n|-unboost|p1a: Skeledirge|def|1\n|-damage|p2a: Jamal|29\/100 brn|[from] item: Life Orb\n|move|p1a: Skeledirge|Hex|p2a: Jamal\n|-damage|p2a: Jamal|0 fnt\n|faint|p2a: Jamal\n|\n|-heal|p1a: Skeledirge|85\/100|[from] item: Leftovers\n|upkeep\n|\n|t:|1701062213\n|switch|p2a: KUM|Muk-Alola, M|89\/100\n|turn|16\n|\n|t:|1701062223\n|switch|p1a: Gliscor|Gliscor, F|92\/100 tox\n|-damage|p1a: Gliscor|80\/100 tox|[from] Stealth Rock\n|move|p2a: KUM|Knock Off|p1a: Gliscor\n|-damage|p1a: Gliscor|60\/100 tox\n|\n|-heal|p1a: Gliscor|73\/100 tox|[from] ability: Poison Heal\n|upkeep\n|turn|17\n|\n|t:|1701062232\n|move|p1a: Gliscor|Knock Off|p2a: KUM\n|-resisted|p2a: KUM\n|-damage|p2a: KUM|77\/100\n|-enditem|p2a: KUM|Assault Vest|[from] move: Knock Off|[of] p1a: Gliscor\n|move|p2a: KUM|Ice Punch|p1a: Gliscor\n|-supereffective|p1a: Gliscor\n|-damage|p1a: Gliscor|13\/100 tox\n|\n|-heal|p1a: Gliscor|25\/100 tox|[from] ability: Poison Heal\n|upkeep\n|turn|18\n|\n|t:|1701062245\n|switch|p2a: Tyrone|Orthworm, F, shiny|89\/100\n|move|p1a: Gliscor|Protect||[still]\n|-fail|p1a: Gliscor\n|\n|-heal|p1a: Gliscor|38\/100 tox|[from] ability: Poison Heal\n|upkeep\n|turn|19\n|\n|t:|1701062254\n|switch|p1a: Torkoal|Torkoal, M|100\/100\n|-damage|p1a: Torkoal|76\/100|[from] Stealth Rock\n|-damage|p1a: Torkoal|63\/100|[from] Spikes\n|-weather|SunnyDay|[from] ability: Drought|[of] p1a: Torkoal\n|move|p2a: Tyrone|Spikes|p1a: Torkoal\n|-sidestart|p1: S3nKay|Spikes\n|\n|-weather|SunnyDay|[upkeep]\n|upkeep\n|turn|20\n|\n|t:|1701062260\n|switch|p2a: Davante|Ogerpon-Hearthflame, F|100\/100\n|-ability|p2a: Davante|Mold Breaker\n|move|p1a: Torkoal|Rapid Spin|p2a: Davante\n|-damage|p2a: Davante|88\/100\n|-boost|p1a: Torkoal|spe|1\n|-sideend|p1: S3nKay|Spikes|[from] move: Rapid Spin|[of] p1a: Torkoal\n|-sideend|p1: S3nKay|Stealth Rock|[from] move: Rapid Spin|[of] p1a: Torkoal\n|\n|-weather|SunnyDay|[upkeep]\n|upkeep\n|turn|21\n|\n|t:|1701062275\n|move|p2a: Davante|Stomping Tantrum|p1a: Torkoal\n|-supereffective|p1a: Torkoal\n|-damage|p1a: Torkoal|30\/100\n|move|p1a: Torkoal|Yawn|p2a: Davante\n|-start|p2a: Davante|move: Yawn|[of] p1a: Torkoal\n|\n|-weather|SunnyDay|[upkeep]\n|upkeep\n|turn|22\n|\n|t:|1701062285\n|switch|p2a: KUM|Muk-Alola, M|77\/100\n|switch|p1a: Great Tusk|Great Tusk|100\/100\n|-activate|p1a: Great Tusk|ability: Protosynthesis\n|-start|p1a: Great Tusk|protosynthesisatk\n|\n|-weather|SunnyDay|[upkeep]\n|upkeep\n|turn|23\n|\n|t:|1701062313\n|switch|p2a: Lizzo|Dondozo, F, shiny|36\/100 psn\n|move|p1a: Great Tusk|Close Combat|p2a: Lizzo\n|-damage|p2a: Lizzo|0 fnt\n|-unboost|p1a: Great Tusk|def|1\n|-unboost|p1a: Great Tusk|spd|1\n|faint|p2a: Lizzo\n|\n|-weather|SunnyDay|[upkeep]\n|upkeep\n|\n|t:|1701062318\n|switch|p2a: Davante|Ogerpon-Hearthflame, F|88\/100\n|-ability|p2a: Davante|Mold Breaker\n|turn|24\n|\n|t:|1701062324\n|move|p1a: Great Tusk|Close Combat|p2a: Davante\n|-damage|p2a: Davante|0 fnt\n|-unboost|p1a: Great Tusk|def|1\n|-unboost|p1a: Great Tusk|spd|1\n|faint|p2a: Davante\n|\n|-weather|SunnyDay|[upkeep]\n|upkeep\n|\n|t:|1701062331\n|switch|p2a: KUM|Muk-Alola, M|77\/100\n|turn|25\n|\n|t:|1701062338\n|move|p1a: Great Tusk|Close Combat|p2a: KUM\n|-damage|p2a: KUM|0 fnt\n|-unboost|p1a: Great Tusk|def|1\n|-unboost|p1a: Great Tusk|spd|1\n|faint|p2a: KUM\n|\n|-weather|SunnyDay|[upkeep]\n|upkeep\n|\n|t:|1701062348\n|switch|p2a: Tyrone|Orthworm, F, shiny|89\/100\n|turn|26\n|\n|t:|1701062364\n|move|p1a: Great Tusk|Close Combat|p2a: Tyrone\n|-supereffective|p2a: Tyrone\n|-damage|p2a: Tyrone|0 fnt\n|-unboost|p1a: Great Tusk|def|1\n|-unboost|p1a: Great Tusk|spd|1\n|faint|p2a: Tyrone\n|\n|-weather|none\n|-end|p1a: Great Tusk|Protosynthesis\n|upkeep\n|\n|t:|1701062375\n|switch|p2a: LeQuisha|Goodra-Hisui, F|100\/100\n|turn|27\n|\n|t:|1701062379\n|move|p1a: Great Tusk|Close Combat|p2a: LeQuisha\n|-supereffective|p2a: LeQuisha\n|-damage|p2a: LeQuisha|0 fnt\n|-unboost|p1a: Great Tusk|def|1\n|-unboost|p1a: Great Tusk|spd|1\n|faint|p2a: LeQuisha\n|\n|win|S3nKay\n|c|\u2606S3nKay|gg\n","uploadtime":1701062387,"views":32,"p1id":"s3nkay","p2id":"mihnt","formatid":"gen9ubers","rating":0,"private":0,"password":""}