{"id":"gen9ubers-1973070402","p1":"Polanc1014","p2":"MeteorAsh15","format":"[Gen 9] Ubers","log":"|j|\u2606Polanc1014\n|j|\u2606MeteorAsh15\n|t:|1697924340\n|gametype|singles\n|player|p1|Polanc1014|169|1316\n|player|p2|MeteorAsh15|nate|1292\n|teamsize|p1|6\n|teamsize|p2|6\n|gen|9\n|tier|[Gen 9] Ubers\n|rated|\n|rule|Sleep Clause Mod: Limit one foe put to sleep\n|rule|Species Clause: Limit one of each Pok\u00e9mon\n|rule|OHKO Clause: OHKO moves are banned\n|rule|Evasion Items Clause: Evasion items are banned\n|rule|Evasion Moves Clause: Evasion moves are banned\n|rule|Endless Battle Clause: Forcing endless battles is banned\n|rule|HP Percentage Mod: HP is shown in percentages\n|clearpoke\n|poke|p1|Arceus|\n|poke|p1|Clefable, M|\n|poke|p1|Glimmora, F|\n|poke|p1|Gholdengo|\n|poke|p1|Urshifu-*, M|\n|poke|p1|Ogerpon-Wellspring, F|\n|poke|p2|Baxcalibur, F|\n|poke|p2|Ninetales-Alola, F|\n|poke|p2|Koraidon|\n|poke|p2|Zacian-*|\n|poke|p2|Tornadus, M|\n|poke|p2|Ribombee, F|\n|teampreview\n|inactive|Battle timer is ON: inactive players will automatically lose when time's up. (requested by Polanc1014)\n|inactive|MeteorAsh15 also wants the timer to be on.\n|\n|t:|1697924344\n|start\n|switch|p1a: Glimmora|Glimmora, F|100\/100\n|switch|p2a: Ribombee|Ribombee, F, shiny|100\/100\n|turn|1\n|\n|t:|1697924351\n|move|p2a: Ribombee|Sticky Web|p1a: Glimmora\n|-sidestart|p1: Polanc1014|move: Sticky Web\n|move|p1a: Glimmora|Mortal Spin|p2a: Ribombee\n|-supereffective|p2a: Ribombee\n|-damage|p2a: Ribombee|78\/100\n|-status|p2a: Ribombee|psn\n|-sideend|p1: Polanc1014|Sticky Web|[from] move: Mortal Spin|[of] p1a: Glimmora\n|\n|-damage|p2a: Ribombee|65\/100 psn|[from] psn\n|upkeep\n|turn|2\n|\n|t:|1697924361\n|move|p2a: Ribombee|Stun Spore|p1a: Glimmora\n|-status|p1a: Glimmora|par\n|move|p1a: Glimmora|Mortal Spin|p2a: Ribombee\n|-supereffective|p2a: Ribombee\n|-damage|p2a: Ribombee|44\/100 psn\n|\n|-damage|p2a: Ribombee|32\/100 psn|[from] psn\n|upkeep\n|turn|3\n|\n|t:|1697924371\n|move|p2a: Ribombee|Tailwind|p2a: Ribombee\n|-sidestart|p2: MeteorAsh15|move: Tailwind\n|move|p1a: Glimmora|Mortal Spin|p2a: Ribombee\n|-supereffective|p2a: Ribombee\n|-damage|p2a: Ribombee|6\/100 psn\n|\n|-damage|p2a: Ribombee|0 fnt|[from] psn\n|faint|p2a: Ribombee\n|upkeep\n|\n|t:|1697924383\n|switch|p2a: Tornadus|Tornadus, M, shiny|100\/100\n|turn|4\n|\n|t:|1697924391\n|move|p2a: Tornadus|Bleakwind Storm|p1a: Glimmora\n|-resisted|p1a: Glimmora\n|-damage|p1a: Glimmora|72\/100 par\n|-unboost|p1a: Glimmora|spe|1\n|cant|p1a: Glimmora|par\n|\n|upkeep\n|turn|5\n|\n|t:|1697924398\n|move|p2a: Tornadus|Heat Wave|p1a: Glimmora\n|-resisted|p1a: Glimmora\n|-damage|p1a: Glimmora|54\/100 par\n|move|p1a: Glimmora|Stealth Rock|p2a: Tornadus\n|-sidestart|p2: MeteorAsh15|move: Stealth Rock\n|\n|upkeep\n|turn|6\n|\n|t:|1697924406\n|move|p2a: Tornadus|Heat Wave|p1a: Glimmora\n|-resisted|p1a: Glimmora\n|-damage|p1a: Glimmora|37\/100 par\n|cant|p1a: Glimmora|par\n|\n|-sideend|p2: MeteorAsh15|move: Tailwind\n|upkeep\n|turn|7\n|\n|t:|1697924414\n|move|p2a: Tornadus|Bleakwind Storm|p1a: Glimmora\n|-resisted|p1a: Glimmora\n|-damage|p1a: Glimmora|8\/100 par\n|-unboost|p1a: Glimmora|spe|1\n|move|p1a: Glimmora|Power Gem|p2a: Tornadus\n|-supereffective|p2a: Tornadus\n|-damage|p2a: Tornadus|18\/100\n|\n|upkeep\n|turn|8\n|\n|t:|1697924423\n|move|p2a: Tornadus|Heat Wave|p1a: Glimmora\n|-resisted|p1a: Glimmora\n|-damage|p1a: Glimmora|0 fnt\n|faint|p1a: Glimmora\n|\n|upkeep\n|\n|t:|1697924426\n|switch|p1a: Arceus|Arceus|100\/100\n|turn|9\n|\n|t:|1697924430\n|move|p1a: Arceus|Extreme Speed|p2a: Tornadus\n|-damage|p2a: Tornadus|0 fnt\n|faint|p2a: Tornadus\n|\n|upkeep\n|\n|t:|1697924438\n|switch|p2a: Koraidon|Koraidon|100\/100\n|-damage|p2a: Koraidon|94\/100|[from] Stealth Rock\n|-weather|SunnyDay|[from] ability: Orichalcum Pulse|[of] p2a: Koraidon\n|-activate|p2a: Koraidon|Orichalcum Pulse|[source]\n|turn|10\n|\n|t:|1697924446\n|switch|p1a: Urshifu|Urshifu-Rapid-Strike, M|100\/100\n|move|p2a: Koraidon|Collision Course|p1a: Urshifu\n|-damage|p1a: Urshifu|25\/100\n|\n|-weather|SunnyDay|[upkeep]\n|upkeep\n|turn|11\n|\n|t:|1697924455\n|move|p1a: Urshifu|Close Combat|p2a: Koraidon\n|-damage|p2a: Koraidon|30\/100\n|-unboost|p1a: Urshifu|def|1\n|-unboost|p1a: Urshifu|spd|1\n|move|p2a: Koraidon|Collision Course|p1a: Urshifu\n|-damage|p1a: Urshifu|0 fnt\n|faint|p1a: Urshifu\n|\n|-weather|SunnyDay|[upkeep]\n|upkeep\n|\n|t:|1697924464\n|switch|p1a: Clefable|Clefable, M, shiny|100\/100\n|turn|12\n|\n|t:|1697924469\n|move|p2a: Koraidon|Flare Blitz|p1a: Clefable\n|-damage|p1a: Clefable|31\/100\n|-damage|p2a: Koraidon|3\/100|[from] Recoil\n|move|p1a: Clefable|Moonblast|p2a: Koraidon\n|-supereffective|p2a: Koraidon\n|-damage|p2a: Koraidon|0 fnt\n|faint|p2a: Koraidon\n|\n|-weather|SunnyDay|[upkeep]\n|-heal|p1a: Clefable|37\/100|[from] item: Leftovers\n|upkeep\n|\n|t:|1697924481\n|switch|p2a: Zacian|Zacian-Crowned, shiny|100\/100\n|-damage|p2a: Zacian|94\/100|[from] Stealth Rock\n|-ability|p2a: Zacian|Intrepid Sword|boost\n|-boost|p2a: Zacian|atk|1\n|turn|13\n|\n|t:|1697924487\n|move|p2a: Zacian|Behemoth Blade|p1a: Clefable\n|-supereffective|p1a: Clefable\n|-damage|p1a: Clefable|0 fnt\n|faint|p1a: Clefable\n|\n|-weather|SunnyDay|[upkeep]\n|upkeep\n|\n|t:|1697924501\n|switch|p1a: Gholdengo|Gholdengo|100\/100\n|turn|14\n|\n|t:|1697924506\n|move|p2a: Zacian|Crunch|p1a: Gholdengo\n|-supereffective|p1a: Gholdengo\n|-damage|p1a: Gholdengo|8\/100\n|move|p1a: Gholdengo|Nasty Plot|p1a: Gholdengo\n|-boost|p1a: Gholdengo|spa|2\n|\n|-weather|none\n|-heal|p1a: Gholdengo|14\/100|[from] item: Leftovers\n|upkeep\n|turn|15\n|\n|t:|1697924515\n|move|p2a: Zacian|Crunch|p1a: Gholdengo\n|-supereffective|p1a: Gholdengo\n|-damage|p1a: Gholdengo|0 fnt\n|faint|p1a: Gholdengo\n|\n|upkeep\n|-message|Polanc1014 forfeited.\n|\n|win|MeteorAsh15\n|raw|Polanc1014's rating: 1316 &rarr; <strong>1295<\/strong><br \/>(-21 for losing)\n|raw|MeteorAsh15's rating: 1292 &rarr; <strong>1319<\/strong><br \/>(+27 for winning)\n|l|\u2606Polanc1014\n","uploadtime":1697924526,"views":9,"p1id":"polanc1014","p2id":"meteorash15","formatid":"gen9ubers","rating":1295,"private":0,"password":""}