{"id":"gen9ubers-1980186036","p1":"PyroLancer69","p2":"ranis_elh","format":"[Gen 9] Ubers","log":"|j|\u2606PyroLancer69\n|j|\u2606ranis_elh\n|t:|1698764650\n|gametype|singles\n|player|p1|PyroLancer69|flannery|1125\n|player|p2|ranis_elh|ghetsis|1182\n|teamsize|p1|6\n|teamsize|p2|6\n|gen|9\n|tier|[Gen 9] Ubers\n|rated|\n|rule|Sleep Clause Mod: Limit one foe put to sleep\n|rule|Species Clause: Limit one of each Pok\u00e9mon\n|rule|OHKO Clause: OHKO moves are banned\n|rule|Evasion Items Clause: Evasion items are banned\n|rule|Evasion Moves Clause: Evasion moves are banned\n|rule|Endless Battle Clause: Forcing endless battles is banned\n|rule|HP Percentage Mod: HP is shown in percentages\n|clearpoke\n|poke|p1|Rayquaza|\n|poke|p1|Darkrai|\n|poke|p1|Regieleki|\n|poke|p1|Mewtwo|\n|poke|p1|Volcarona, F|\n|poke|p1|Flutter Mane|\n|poke|p2|Annihilape, M|\n|poke|p2|Kyogre|\n|poke|p2|Basculegion, M|\n|poke|p2|Arceus-Ground|\n|poke|p2|Zacian-*|\n|poke|p2|Miraidon|\n|teampreview\n|inactive|Battle timer is ON: inactive players will automatically lose when time's up. (requested by ranis_elh)\n|\n|t:|1698764662\n|start\n|switch|p1a: Rayquaza|Rayquaza, shiny|100\/100\n|switch|p2a: Annihilape|Annihilape, M|100\/100\n|-ability|p1a: Rayquaza|Air Lock\n|turn|1\n|inactive|ranis_elh has 120 seconds left.\n|\n|t:|1698764716\n|move|p1a: Rayquaza|Draco Meteor|p2a: Annihilape\n|-damage|p2a: Annihilape|38\/100\n|-unboost|p1a: Rayquaza|spa|2\n|move|p2a: Annihilape|Rage Fist|p1a: Rayquaza\n|-damage|p1a: Rayquaza|58\/100\n|\n|upkeep\n|turn|2\n|\n|t:|1698764727\n|switch|p2a: Zacian|Zacian-Crowned|100\/100\n|-ability|p2a: Zacian|Intrepid Sword|boost\n|-boost|p2a: Zacian|atk|1\n|move|p1a: Rayquaza|Draco Meteor|p2a: Zacian\n|-immune|p2a: Zacian\n|\n|upkeep\n|turn|3\n|\n|t:|1698764744\n|switch|p1a: Darkrai|Darkrai|100\/100\n|move|p2a: Zacian|Play Rough|p1a: Darkrai\n|-supereffective|p1a: Darkrai\n|-crit|p1a: Darkrai\n|-damage|p1a: Darkrai|0 fnt\n|faint|p1a: Darkrai\n|\n|upkeep\n|\n|t:|1698764754\n|switch|p1a: Volcarona|Volcarona, F, shiny|100\/100\n|turn|4\n|inactive|ranis_elh has 90 seconds left.\n|\n|t:|1698764793\n|switch|p2a: Kyogre|Kyogre|100\/100\n|-weather|RainDance|[from] ability: Drizzle|[of] p2a: Kyogre\n|move|p1a: Volcarona|Fiery Dance|p2a: Kyogre\n|-resisted|p2a: Kyogre\n|-damage|p2a: Kyogre|92\/100\n|\n|-weather|RainDance|[upkeep]\n|upkeep\n|turn|5\n|inactive|ranis_elh has 90 seconds left.\n|\n|t:|1698764803\n|-terastallize|p1a: Volcarona|Grass\n|move|p2a: Kyogre|Thunder|p1a: Volcarona\n|-resisted|p1a: Volcarona\n|-damage|p1a: Volcarona|80\/100\n|move|p1a: Volcarona|Giga Drain|p2a: Kyogre\n|-supereffective|p2a: Kyogre\n|-damage|p2a: Kyogre|30\/100\n|-heal|p1a: Volcarona|100\/100|[from] drain|[of] p2a: Kyogre\n|\n|-weather|RainDance|[upkeep]\n|upkeep\n|turn|6\n|inactive|ranis_elh has 90 seconds left.\n|\n|t:|1698764821\n|switch|p2a: Annihilape|Annihilape, M|38\/100\n|move|p1a: Volcarona|Giga Drain|p2a: Annihilape\n|-damage|p2a: Annihilape|0 fnt\n|faint|p2a: Annihilape\n|\n|-weather|RainDance|[upkeep]\n|upkeep\n|\n|t:|1698764828\n|switch|p2a: Miraidon|Miraidon|100\/100\n|-fieldstart|move: Electric Terrain|[from] ability: Hadron Engine|[of] p2a: Miraidon\n|turn|7\n|\n|t:|1698764838\n|-terastallize|p2a: Miraidon|Electric\n|move|p2a: Miraidon|Parabolic Charge|p1a: Volcarona\n|-resisted|p1a: Volcarona\n|-damage|p1a: Volcarona|49\/100\n|-damage|p2a: Miraidon|91\/100|[from] item: Life Orb\n|move|p1a: Volcarona|Quiver Dance|p1a: Volcarona\n|-boost|p1a: Volcarona|spa|1\n|-boost|p1a: Volcarona|spd|1\n|-boost|p1a: Volcarona|spe|1\n|\n|-weather|RainDance|[upkeep]\n|upkeep\n|turn|8\n|inactive|ranis_elh has 90 seconds left.\n|\n|t:|1698764867\n|move|p1a: Volcarona|Giga Drain|p2a: Miraidon\n|-damage|p2a: Miraidon|35\/100\n|-heal|p1a: Volcarona|80\/100|[from] drain|[of] p2a: Miraidon\n|move|p2a: Miraidon|Parabolic Charge|p1a: Volcarona\n|-resisted|p1a: Volcarona\n|-damage|p1a: Volcarona|40\/100\n|-heal|p2a: Miraidon|53\/100|[from] drain|[of] p1a: Volcarona\n|-damage|p2a: Miraidon|43\/100|[from] item: Life Orb\n|\n|-weather|none\n|upkeep\n|turn|9\n|inactive|ranis_elh has 90 seconds left.\n|\n|t:|1698764886\n|move|p1a: Volcarona|Giga Drain|p2a: Miraidon\n|-damage|p2a: Miraidon|0 fnt\n|-heal|p1a: Volcarona|64\/100|[from] drain|[of] p2a: Miraidon\n|faint|p2a: Miraidon\n|\n|upkeep\n|\n|t:|1698764894\n|switch|p2a: Kyogre|Kyogre|30\/100\n|-weather|RainDance|[from] ability: Drizzle|[of] p2a: Kyogre\n|turn|10\n|\n|t:|1698764901\n|switch|p2a: Arceus|Arceus-Ground|100\/100\n|move|p1a: Volcarona|Giga Drain|p2a: Arceus\n|-supereffective|p2a: Arceus\n|-damage|p2a: Arceus|6\/100\n|-heal|p1a: Volcarona|100\/100|[from] drain|[of] p2a: Arceus\n|\n|-weather|RainDance|[upkeep]\n|upkeep\n|turn|11\n|inactive|ranis_elh has 90 seconds left.\n|\n|t:|1698764909\n|move|p2a: Arceus|Extreme Speed|p1a: Volcarona\n|-damage|p1a: Volcarona|55\/100\n|move|p1a: Volcarona|Fiery Dance|p2a: Arceus\n|-damage|p2a: Arceus|0 fnt\n|faint|p2a: Arceus\n|\n|-weather|RainDance|[upkeep]\n|-fieldend|move: Electric Terrain\n|upkeep\n|inactive|ranis_elh has 90 seconds left.\n|\n|t:|1698764919\n|switch|p2a: Basculegion|Basculegion, M|100\/100\n|turn|12\n|\n|t:|1698764926\n|move|p2a: Basculegion|Last Respects|p1a: Volcarona\n|-damage|p1a: Volcarona|0 fnt\n|faint|p1a: Volcarona\n|\n|-weather|RainDance|[upkeep]\n|upkeep\n|\n|t:|1698764934\n|switch|p1a: Regieleki|Regieleki|100\/100\n|turn|13\n|\n|t:|1698764938\n|move|p2a: Basculegion|Last Respects|p1a: Regieleki\n|-damage|p1a: Regieleki|0 fnt\n|faint|p1a: Regieleki\n|\n|-weather|RainDance|[upkeep]\n|upkeep\n|inactive|PyroLancer69 has 120 seconds left.\n|\n|t:|1698764973\n|switch|p1a: Rayquaza|Rayquaza, shiny|58\/100\n|-ability|p1a: Rayquaza|Air Lock\n|turn|14\n|inactive|ranis_elh has 120 seconds left.\n|\n|t:|1698764981\n|switch|p2a: Zacian|Zacian-Crowned|100\/100\n|move|p1a: Rayquaza|Outrage|p2a: Zacian\n|-immune|p2a: Zacian\n|\n|-weather|none\n|upkeep\n|turn|15\n|\n|t:|1698764996\n|switch|p1a: Mewtwo|Mewtwo|100\/100\n|-ability|p1a: Mewtwo|Pressure\n|move|p2a: Zacian|Play Rough|p1a: Mewtwo\n|-damage|p1a: Mewtwo|45\/100\n|\n|upkeep\n|turn|16\n|\n|t:|1698765006\n|move|p2a: Zacian|Behemoth Blade|p1a: Mewtwo\n|-damage|p1a: Mewtwo|0 fnt\n|faint|p1a: Mewtwo\n|\n|upkeep\n|\n|t:|1698765012\n|switch|p1a: Rayquaza|Rayquaza, shiny|58\/100\n|-ability|p1a: Rayquaza|Air Lock\n|turn|17\n|\n|t:|1698765017\n|move|p1a: Rayquaza|Earthquake|p2a: Zacian\n|-supereffective|p2a: Zacian\n|-damage|p2a: Zacian|32\/100\n|move|p2a: Zacian|Play Rough|p1a: Rayquaza\n|-supereffective|p1a: Rayquaza\n|-damage|p1a: Rayquaza|0 fnt\n|faint|p1a: Rayquaza\n|\n|upkeep\n|\n|t:|1698765024\n|switch|p1a: Flutter Mane|Flutter Mane|100\/100\n|-enditem|p1a: Flutter Mane|Booster Energy\n|-activate|p1a: Flutter Mane|ability: Protosynthesis|[fromitem]\n|-start|p1a: Flutter Mane|protosynthesisspe\n|turn|18\n|c|\u2606PyroLancer69|gg\n|\n|t:|1698765034\n|move|p1a: Flutter Mane|Shadow Ball|p2a: Zacian\n|-damage|p2a: Zacian|0 fnt\n|faint|p2a: Zacian\n|\n|upkeep\n|\n|t:|1698765038\n|switch|p2a: Kyogre|Kyogre|30\/100\n|-weather|RainDance|[from] ability: Drizzle|[of] p2a: Kyogre\n|turn|19\n|\n|t:|1698765045\n|move|p1a: Flutter Mane|Shadow Ball|p2a: Kyogre\n|-damage|p2a: Kyogre|1\/100\n|move|p2a: Kyogre|Thunder|p1a: Flutter Mane\n|-damage|p1a: Flutter Mane|58\/100\n|-status|p1a: Flutter Mane|par\n|\n|-weather|RainDance|[upkeep]\n|upkeep\n|turn|20\n|c|\u2606PyroLancer69|najh how lucky can u get\n|\n|t:|1698765069\n|move|p2a: Kyogre|Thunder|p1a: Flutter Mane\n|-crit|p1a: Flutter Mane\n|-damage|p1a: Flutter Mane|0 fnt\n|faint|p1a: Flutter Mane\n|-end|p1a: Flutter Mane|Protosynthesis|[silent]\n|\n|win|ranis_elh\n|raw|PyroLancer69's rating: 1125 &rarr; <strong>1104<\/strong><br \/>(-21 for losing)\n|raw|ranis_elh's rating: 1182 &rarr; <strong>1203<\/strong><br \/>(+21 for winning)\n|c|\u2606ranis_elh|I win just by the luck\n|c|\u2606PyroLancer69|gg\n","uploadtime":1698765084,"views":10,"p1id":"pyrolancer69","p2id":"raniselh","formatid":"gen9ubers","rating":1104,"private":0,"password":""}