{"id":"gen9ubers-1988074325","p1":"mrg93","p2":"Slowbrokes","format":"[Gen 9] Ubers","log":"|j|\u2606mrg93\n|j|\u2606Slowbrokes\n|t:|1699666372\n|gametype|singles\n|player|p1|mrg93|169|\n|player|p2|Slowbrokes|169|\n|teamsize|p1|6\n|teamsize|p2|6\n|gen|9\n|tier|[Gen 9] Ubers\n|rule|Sleep Clause Mod: Limit one foe put to sleep\n|rule|Species Clause: Limit one of each Pok\u00e9mon\n|rule|OHKO Clause: OHKO moves are banned\n|rule|Evasion Items Clause: Evasion items are banned\n|rule|Evasion Moves Clause: Evasion moves are banned\n|rule|Endless Battle Clause: Forcing endless battles is banned\n|rule|HP Percentage Mod: HP is shown in percentages\n|clearpoke\n|poke|p1|Mew|\n|poke|p1|Mimikyu, F|\n|poke|p1|Ursaluna-Bloodmoon, M|\n|poke|p1|Forretress, M|\n|poke|p1|Zapdos|\n|poke|p1|Goodra-Hisui, F|\n|poke|p2|Hoopa-Unbound|\n|poke|p2|Urshifu-*, M|\n|poke|p2|Tauros-Paldea-Blaze, M|\n|poke|p2|Slowbro, M|\n|poke|p2|Landorus-Therian, M|\n|poke|p2|Cramorant, M|\n|teampreview\n|\n|t:|1699666417\n|start\n|switch|p1a: Forretress|Forretress, M, shiny|100\/100\n|switch|p2a: Hoopa|Hoopa-Unbound|100\/100\n|turn|1\n|\n|t:|1699666431\n|switch|p2a: Tauros|Tauros-Paldea-Blaze, M|100\/100\n|-ability|p2a: Tauros|Intimidate|boost\n|-unboost|p1a: Forretress|atk|1\n|move|p1a: Forretress|Stealth Rock|p2a: Tauros\n|-sidestart|p2: Slowbrokes|move: Stealth Rock\n|\n|upkeep\n|turn|2\n|\n|t:|1699666446\n|move|p2a: Tauros|Flame Charge|p1a: Forretress\n|-supereffective|p1a: Forretress\n|-damage|p1a: Forretress|28\/100\n|-boost|p2a: Tauros|spe|1\n|move|p1a: Forretress|Toxic Spikes|p2a: Tauros\n|-sidestart|p2: Slowbrokes|move: Toxic Spikes\n|\n|-heal|p1a: Forretress|34\/100|[from] item: Leftovers\n|upkeep\n|turn|3\n|\n|t:|1699666456\n|move|p2a: Tauros|Flame Charge|p1a: Forretress\n|-supereffective|p1a: Forretress\n|-damage|p1a: Forretress|0 fnt\n|-boost|p2a: Tauros|spe|1\n|faint|p1a: Forretress\n|\n|upkeep\n|\n|t:|1699666471\n|switch|p1a: Ursaluna|Ursaluna-Bloodmoon, M|100\/100\n|turn|4\n|\n|t:|1699666480\n|move|p2a: Tauros|Close Combat|p1a: Ursaluna\n|-supereffective|p1a: Ursaluna\n|-damage|p1a: Ursaluna|25\/100\n|-unboost|p2a: Tauros|def|1\n|-unboost|p2a: Tauros|spd|1\n|move|p1a: Ursaluna|Earth Power|p2a: Tauros\n|-supereffective|p2a: Tauros\n|-damage|p2a: Tauros|0 fnt\n|faint|p2a: Tauros\n|\n|-heal|p1a: Ursaluna|31\/100|[from] item: Leftovers\n|upkeep\n|\n|t:|1699666490\n|switch|p2a: Landorus|Landorus-Therian, M|100\/100\n|-ability|p2a: Landorus|Intimidate|boost\n|-unboost|p1a: Ursaluna|atk|1\n|turn|5\n|\n|t:|1699666501\n|move|p2a: Landorus|Earthquake|p1a: Ursaluna\n|-damage|p1a: Ursaluna|0 fnt\n|faint|p1a: Ursaluna\n|\n|upkeep\n|\n|t:|1699666526\n|switch|p1a: Goodra|Goodra-Hisui, F|100\/100\n|turn|6\n|\n|t:|1699666531\n|move|p2a: Landorus|Earthquake|p1a: Goodra\n|-supereffective|p1a: Goodra\n|-damage|p1a: Goodra|0 fnt\n|faint|p1a: Goodra\n|\n|upkeep\n|\n|t:|1699666536\n|switch|p1a: Mew|Mew, shiny|100\/100\n|turn|7\n|\n|t:|1699666540\n|move|p2a: Landorus|U-turn|p1a: Mew\n|-supereffective|p1a: Mew\n|-damage|p1a: Mew|49\/100\n|\n|t:|1699666543\n|switch|p2a: Cramorant|Cramorant, M|100\/100|[from] U-turn\n|-damage|p2a: Cramorant|75\/100|[from] Stealth Rock\n|move|p1a: Mew|Toxic|p2a: Cramorant\n|-status|p2a: Cramorant|tox\n|\n|-heal|p1a: Mew|55\/100|[from] item: Leftovers\n|-heal|p2a: Cramorant|82\/100 tox|[from] item: Leftovers\n|-damage|p2a: Cramorant|75\/100 tox|[from] psn\n|upkeep\n|turn|8\n|\n|t:|1699666564\n|move|p1a: Mew|Psychic Fangs|p2a: Cramorant\n|-damage|p2a: Cramorant|6\/100 tox\n|move|p2a: Cramorant|Defog|p1a: Mew\n|-unboost|p1a: Mew|evasion|1\n|-sideend|p2: Slowbrokes|Toxic Spikes|[from] move: Defog|[of] p2a: Cramorant\n|-sideend|p2: Slowbrokes|Stealth Rock|[from] move: Defog|[of] p2a: Cramorant\n|\n|-heal|p1a: Mew|61\/100|[from] item: Leftovers\n|-heal|p2a: Cramorant|12\/100 tox|[from] item: Leftovers\n|-damage|p2a: Cramorant|0 fnt|[from] psn\n|faint|p2a: Cramorant\n|upkeep\n|\n|t:|1699666592\n|switch|p2a: Urshifu|Urshifu, M|100\/100\n|turn|9\n|\n|t:|1699666599\n|move|p2a: Urshifu|Wicked Blow|p1a: Mew\n|-supereffective|p1a: Mew\n|-crit|p1a: Mew\n|-damage|p1a: Mew|0 fnt\n|faint|p1a: Mew\n|-damage|p2a: Urshifu|91\/100|[from] item: Life Orb\n|\n|upkeep\n|\n|t:|1699666611\n|switch|p1a: Mimikyu|Mimikyu, F, shiny|100\/100\n|turn|10\n|\n|t:|1699666623\n|-terastallize|p1a: Mimikyu|Grass\n|move|p1a: Mimikyu|Shadow Sneak|p2a: Urshifu\n|-resisted|p2a: Urshifu\n|-damage|p2a: Urshifu|81\/100\n|-damage|p1a: Mimikyu|91\/100|[from] item: Life Orb\n|move|p2a: Urshifu|U-turn|p1a: Mimikyu\n|-activate|p1a: Mimikyu|ability: Disguise\n|-damage|p1a: Mimikyu|91\/100\n|detailschange|p1a: Mimikyu|Mimikyu-Busted, F, shiny, tera:Grass\n|-damage|p1a: Mimikyu|78\/100|[from] pokemon: Mimikyu-Busted\n|-damage|p2a: Urshifu|71\/100|[from] item: Life Orb\n|\n|t:|1699666640\n|switch|p2a: Hoopa|Hoopa-Unbound|100\/100|[from] U-turn\n|\n|upkeep\n|turn|11\n|\n|t:|1699666649\n|move|p1a: Mimikyu|Shadow Sneak|p2a: Hoopa\n|-damage|p2a: Hoopa|61\/100\n|-damage|p1a: Mimikyu|68\/100|[from] item: Life Orb\n|move|p2a: Hoopa|Psychic|p1a: Mimikyu\n|-crit|p1a: Mimikyu\n|-damage|p1a: Mimikyu|0 fnt\n|faint|p1a: Mimikyu\n|\n|upkeep\n|\n|t:|1699666660\n|switch|p1a: Zapdos|Zapdos|100\/100\n|turn|12\n|\n|t:|1699666667\n|move|p2a: Hoopa|Psychic|p1a: Zapdos\n|-damage|p1a: Zapdos|44\/100\n|move|p1a: Zapdos|Discharge|p2a: Hoopa\n|-damage|p2a: Hoopa|17\/100\n|\n|upkeep\n|turn|13\n|\n|t:|1699666674\n|move|p2a: Hoopa|Psychic|p1a: Zapdos\n|-damage|p1a: Zapdos|0 fnt\n|faint|p1a: Zapdos\n|\n|win|Slowbrokes\n|c|\u2606Slowbrokes|Gg man\n|c|\u2606Slowbrokes|well played\n","uploadtime":1699666682,"views":38,"p1id":"mrg93","p2id":"slowbrokes","formatid":"gen9ubers","rating":0,"private":0,"password":""}