{"id":"gen9ubers-1977585711","p1":"epicowl10","p2":"jmastodon","format":"[Gen 9] Ubers","log":"|j|\u2606epicowl10\n|j|\u2606jmastodon\n|t:|1698429504\n|gametype|singles\n|player|p1|epicowl10|backers|\n|player|p2|jmastodon|veteran|\n|teamsize|p1|6\n|teamsize|p2|6\n|gen|9\n|tier|[Gen 9] Ubers\n|rule|Sleep Clause Mod: Limit one foe put to sleep\n|rule|Species Clause: Limit one of each Pok\u00e9mon\n|rule|OHKO Clause: OHKO moves are banned\n|rule|Evasion Items Clause: Evasion items are banned\n|rule|Evasion Moves Clause: Evasion moves are banned\n|rule|Endless Battle Clause: Forcing endless battles is banned\n|rule|HP Percentage Mod: HP is shown in percentages\n|clearpoke\n|poke|p1|Slowking, M|\n|poke|p1|Mandibuzz, F|\n|poke|p1|Landorus-Therian, M|\n|poke|p1|Meowscarada, F|\n|poke|p1|Chandelure, M|\n|poke|p1|Regieleki|\n|poke|p2|Great Tusk|\n|poke|p2|Ogerpon-Hearthflame, F|\n|poke|p2|Cloyster, M|\n|poke|p2|Hoopa-Unbound|\n|poke|p2|Cryogonal|\n|poke|p2|Noivern, F|\n|teampreview\n|\n|t:|1698429543\n|start\n|switch|p1a: Mandibuzz|Mandibuzz, F|100\/100\n|switch|p2a: Noivern|Noivern, F|100\/100\n|turn|1\n|\n|t:|1698429552\n|switch|p1a: Slowking|Slowking, M|100\/100\n|move|p2a: Noivern|Draco Meteor|p1a: Slowking\n|-damage|p1a: Slowking|54\/100\n|-unboost|p2a: Noivern|spa|2\n|\n|-heal|p1a: Slowking|60\/100|[from] item: Leftovers\n|upkeep\n|turn|2\n|\n|t:|1698429565\n|switch|p2a: Cryogonal|Cryogonal, shiny|100\/100\n|move|p1a: Slowking|Future Sight|p2a: Cryogonal\n|-start|p1a: Slowking|move: Future Sight\n|\n|-heal|p1a: Slowking|66\/100|[from] item: Leftovers\n|upkeep\n|turn|3\n|\n|t:|1698429600\n|move|p2a: Cryogonal|Freeze-Dry|p1a: Slowking\n|-supereffective|p1a: Slowking\n|-damage|p1a: Slowking|39\/100\n|move|p1a: Slowking|Chilly Reception|p1a: Slowking\n|-weather|Snow\n|\n|t:|1698429610\n|switch|p1a: Regieleki|Regieleki|100\/100|[from] Chilly Reception\n|\n|-weather|Snow|[upkeep]\n|upkeep\n|turn|4\n|\n|t:|1698429643\n|switch|p1a: Slowking|Slowking, M|72\/100\n|switch|p2a: Ogerpon|Ogerpon-Hearthflame, F|100\/100\n|-ability|p2a: Ogerpon|Mold Breaker\n|\n|-weather|Snow|[upkeep]\n|-end|p2a: Ogerpon|move: Future Sight\n|-damage|p2a: Ogerpon|53\/100\n|-heal|p1a: Slowking|78\/100|[from] item: Leftovers\n|upkeep\n|turn|5\n|\n|t:|1698429656\n|switch|p1a: Landorus|Landorus-Therian, M|100\/100\n|-ability|p1a: Landorus|Intimidate|boost\n|-unboost|p2a: Ogerpon|atk|1\n|move|p2a: Ogerpon|Horn Leech|p1a: Landorus\n|-damage|p1a: Landorus|81\/100\n|-heal|p2a: Ogerpon|65\/100|[from] drain|[of] p1a: Landorus\n|-damage|p2a: Ogerpon|49\/100|[from] item: Rocky Helmet|[of] p1a: Landorus\n|\n|-weather|Snow|[upkeep]\n|upkeep\n|turn|6\n|\n|t:|1698429666\n|switch|p2a: Great Tusk|Great Tusk|100\/100\n|move|p1a: Landorus|Stealth Rock|p2a: Great Tusk\n|-sidestart|p2: jmastodon|move: Stealth Rock\n|\n|-weather|Snow|[upkeep]\n|upkeep\n|turn|7\n|\n|t:|1698429704\n|move|p2a: Great Tusk|Stealth Rock|p1a: Landorus\n|-sidestart|p1: epicowl10|move: Stealth Rock\n|move|p1a: Landorus|Grass Knot|p2a: Great Tusk\n|-supereffective|p2a: Great Tusk\n|-damage|p2a: Great Tusk|23\/100\n|\n|-weather|none\n|-heal|p2a: Great Tusk|29\/100|[from] item: Leftovers\n|upkeep\n|turn|8\n|\n|t:|1698429737\n|move|p2a: Great Tusk|Ice Spinner|p1a: Landorus\n|-supereffective|p1a: Landorus\n|-damage|p1a: Landorus|0 fnt\n|-damage|p2a: Great Tusk|13\/100|[from] item: Rocky Helmet|[of] p1a: Landorus\n|faint|p1a: Landorus\n|\n|-heal|p2a: Great Tusk|19\/100|[from] item: Leftovers\n|upkeep\n|\n|t:|1698429790\n|switch|p1a: Chandelure|Chandelure, M|100\/100\n|-damage|p1a: Chandelure|76\/100|[from] Stealth Rock\n|turn|9\n|\n|t:|1698429806\n|-end|p2a: Great Tusk|Protosynthesis|[silent]\n|switch|p2a: Noivern|Noivern, F|100\/100\n|-damage|p2a: Noivern|76\/100|[from] Stealth Rock\n|move|p1a: Chandelure|Shadow Ball|p2a: Noivern\n|-damage|p2a: Noivern|12\/100\n|\n|upkeep\n|turn|10\n|\n|t:|1698429814\n|move|p1a: Chandelure|Shadow Ball|p2a: Noivern\n|-damage|p2a: Noivern|0 fnt\n|faint|p2a: Noivern\n|\n|upkeep\n|\n|t:|1698429828\n|switch|p2a: Hoopa|Hoopa-Unbound|100\/100\n|-damage|p2a: Hoopa|88\/100|[from] Stealth Rock\n|turn|11\n|\n|t:|1698429834\n|switch|p1a: Mandibuzz|Mandibuzz, F|100\/100\n|move|p2a: Hoopa|Hyperspace Fury|p1a: Mandibuzz\n|-resisted|p1a: Mandibuzz\n|-damage|p1a: Mandibuzz|84\/100\n|-unboost|p2a: Hoopa|def|1\n|\n|upkeep\n|turn|12\n|\n|t:|1698429861\n|switch|p2a: Great Tusk|Great Tusk|19\/100\n|-damage|p2a: Great Tusk|16\/100|[from] Stealth Rock\n|move|p1a: Mandibuzz|U-turn|p2a: Great Tusk\n|-resisted|p2a: Great Tusk\n|-damage|p2a: Great Tusk|12\/100\n|\n|t:|1698429886\n|switch|p1a: Chandelure|Chandelure, M|76\/100|[from] U-turn\n|-damage|p1a: Chandelure|51\/100|[from] Stealth Rock\n|\n|-heal|p2a: Great Tusk|18\/100|[from] item: Leftovers\n|upkeep\n|turn|13\n|\n|t:|1698429912\n|move|p1a: Chandelure|Flamethrower|p2a: Great Tusk\n|-damage|p2a: Great Tusk|0 fnt\n|faint|p2a: Great Tusk\n|-end|p2a: Great Tusk|Protosynthesis|[silent]\n|\n|upkeep\n|\n|t:|1698429924\n|switch|p2a: Hoopa|Hoopa-Unbound|88\/100\n|-damage|p2a: Hoopa|76\/100|[from] Stealth Rock\n|turn|14\n|c|\u2606epicowl10|!data hyperspace fury\n|raw|<ul class=\"utilichart\"><li class=\"result\"><span class=\"col movenamecol\"><a href=\"https:\/\/dex.pokemonshowdown.com\/moves\/hyperspacefury\">Hyperspace Fury<\/a><\/span> <span class=\"col typecol\"><img src=\"\/\/play.pokemonshowdown.com\/sprites\/types\/Dark.png\" alt=\"Dark\" width=\"32\" height=\"14\"><img src=\"\/\/play.pokemonshowdown.com\/sprites\/categories\/Physical.png\" alt=\"Physical\" width=\"32\" height=\"14\"><\/span> <span class=\"col labelcol\"><em>Power<\/em><br>100<\/span> <span class=\"col widelabelcol\"><em>Accuracy<\/em><br>\u2014<\/span> <span class=\"col pplabelcol\"><em>PP<\/em><br>8<\/span> <span class=\"col movedesccol\">Hoopa-U: Lowers user's Def by 1; breaks protect.<\/span> <\/li><li style=\"clear:both\"><\/li><\/ul>\n\n|\n|t:|1698429947\n|switch|p1a: Mandibuzz|Mandibuzz, F|84\/100\n|move|p2a: Hoopa|Hyperspace Fury|p1a: Mandibuzz\n|-resisted|p1a: Mandibuzz\n|-damage|p1a: Mandibuzz|66\/100\n|-unboost|p2a: Hoopa|def|1\n|\n|upkeep\n|turn|15\n|\n|t:|1698429963\n|switch|p2a: Cryogonal|Cryogonal, shiny|100\/100\n|move|p1a: Mandibuzz|U-turn|p2a: Cryogonal\n|-damage|p2a: Cryogonal|83\/100\n|\n|t:|1698429967\n|switch|p1a: Chandelure|Chandelure, M|51\/100|[from] U-turn\n|-damage|p1a: Chandelure|26\/100|[from] Stealth Rock\n|\n|upkeep\n|turn|16\n|\n|t:|1698429977\n|switch|p2a: Ogerpon|Ogerpon-Hearthflame, F|49\/100\n|-damage|p2a: Ogerpon|24\/100|[from] Stealth Rock\n|-ability|p2a: Ogerpon|Mold Breaker\n|move|p1a: Chandelure|Flamethrower|p2a: Ogerpon\n|-damage|p2a: Ogerpon|0 fnt\n|faint|p2a: Ogerpon\n|\n|upkeep\n|\n|t:|1698429983\n|switch|p2a: Hoopa|Hoopa-Unbound|76\/100\n|-damage|p2a: Hoopa|64\/100|[from] Stealth Rock\n|turn|17\n|\n|t:|1698429996\n|switch|p1a: Mandibuzz|Mandibuzz, F|66\/100\n|move|p2a: Hoopa|Ice Punch|p1a: Mandibuzz\n|-supereffective|p1a: Mandibuzz\n|-damage|p1a: Mandibuzz|31\/100\n|\n|upkeep\n|turn|18\n|\n|t:|1698430051\n|move|p2a: Hoopa|Ice Punch|p1a: Mandibuzz\n|-supereffective|p1a: Mandibuzz\n|-damage|p1a: Mandibuzz|0 fnt\n|faint|p1a: Mandibuzz\n|\n|upkeep\n|\n|t:|1698430088\n|switch|p1a: Meowscarada|Meowscarada, F|100\/100\n|-damage|p1a: Meowscarada|88\/100|[from] Stealth Rock\n|turn|19\n|\n|t:|1698430104\n|move|p2a: Hoopa|Ice Punch|p1a: Meowscarada\n|-supereffective|p1a: Meowscarada\n|-damage|p1a: Meowscarada|0 fnt\n|faint|p1a: Meowscarada\n|\n|upkeep\n|\n|t:|1698430130\n|switch|p1a: Regieleki|Regieleki|100\/100\n|-damage|p1a: Regieleki|88\/100|[from] Stealth Rock\n|turn|20\n|\n|t:|1698430136\n|switch|p2a: Cryogonal|Cryogonal, shiny|83\/100\n|move|p1a: Regieleki|Volt Switch|p2a: Cryogonal\n|-damage|p2a: Cryogonal|51\/100\n|\n|t:|1698430145\n|switch|p1a: Chandelure|Chandelure, M|26\/100|[from] Volt Switch\n|-damage|p1a: Chandelure|1\/100|[from] Stealth Rock\n|\n|upkeep\n|turn|21\n|\n|t:|1698430151\n|switch|p2a: Hoopa|Hoopa-Unbound|64\/100\n|-damage|p2a: Hoopa|51\/100|[from] Stealth Rock\n|move|p1a: Chandelure|Flamethrower|p2a: Hoopa\n|-damage|p2a: Hoopa|5\/100\n|-status|p2a: Hoopa|brn\n|\n|-damage|p2a: Hoopa|0 fnt|[from] brn\n|faint|p2a: Hoopa\n|upkeep\n|c|\u2606jmastodon|10% chance\n|\n|t:|1698430175\n|switch|p2a: Cloyster|Cloyster, M|100\/100\n|-damage|p2a: Cloyster|76\/100|[from] Stealth Rock\n|turn|22\n|\n|t:|1698430185\n|move|p1a: Chandelure|Flamethrower|p2a: Cloyster\n|-damage|p2a: Cloyster|0 fnt\n|faint|p2a: Cloyster\n|\n|upkeep\n|\n|t:|1698430187\n|switch|p2a: Cryogonal|Cryogonal, shiny|51\/100\n|turn|23\n|\n|t:|1698430191\n|move|p1a: Chandelure|Flamethrower|p2a: Cryogonal\n|-supereffective|p2a: Cryogonal\n|-damage|p2a: Cryogonal|0 fnt\n|faint|p2a: Cryogonal\n|\n|win|epicowl10\n|c|\u2606epicowl10|didnt matter\n|c|\u2606epicowl10|gg\n|c|\u2606jmastodon|Yes it did. Hoopa was scarfed and could have OhKod the chandelure if it didn't die to burn\n|c|\u2606jmastodon|Anythingyou switched in would have died as well\n|c|\u2606jmastodon|This was a 10% chance win\n|c|\u2606epicowl10|regi runs through your team after\n|c|\u2606epicowl10|I set up guarenteed win with eleki\n|c|\u2606jmastodon|Cryogonal walls it\n|c|\u2606jmastodon|I checked with calcs beforehand\n|c|\u2606epicowl10|i still have slowking\n|c|\u2606jmastodon|Freeze dry. My Cryogonal walls it as well\n|c|\u2606jmastodon|Recover + tera steel\n|c|\u2606epicowl10|whatever you say\n|c|\u2606jmastodon|Can you get it? I forgot how to do it\n|l|\u2606jmastodon\n|j|\u2606jmastodon\n|player|p2|jmastodon|veteran\n|c|\u2606epicowl10|you would have also had to win the speed tie as im scarfed as well\n","uploadtime":1698430367,"views":40,"p1id":"epicowl10","p2id":"jmastodon","formatid":"gen9ubers","rating":0,"private":0,"password":""}