{"id":"gen9ubers-1980575222","p1":"WARIOROFLIBERATION","p2":"SadaShidz\ufe0f","format":"[Gen 9] Ubers","log":"|j|\u2606WARIOROFLIBERATION\n|j|\u2606SadaShidz\ufe0f\n|t:|1698799079\n|gametype|singles\n|player|p1|WARIOROFLIBERATION|red-gen2|1266\n|player|p2|SadaShidz\ufe0f|sada-ai|1262\n|teamsize|p1|6\n|teamsize|p2|6\n|gen|9\n|tier|[Gen 9] Ubers\n|rated|\n|rule|Sleep Clause Mod: Limit one foe put to sleep\n|rule|Species Clause: Limit one of each Pok\u00e9mon\n|rule|OHKO Clause: OHKO moves are banned\n|rule|Evasion Items Clause: Evasion items are banned\n|rule|Evasion Moves Clause: Evasion moves are banned\n|rule|Endless Battle Clause: Forcing endless battles is banned\n|rule|HP Percentage Mod: HP is shown in percentages\n|clearpoke\n|poke|p1|Ursaluna, M|\n|poke|p1|Calyrex-Ice|\n|poke|p1|Magearna|\n|poke|p1|Basculegion, M|\n|poke|p1|Hatterene, F|\n|poke|p1|Dialga-Origin|\n|poke|p2|Ribombee, M|\n|poke|p2|Shaymin-Sky|\n|poke|p2|Arceus-Ghost|\n|poke|p2|Great Tusk|\n|poke|p2|Roaring Moon|\n|poke|p2|Koraidon|\n|teampreview\n|inactive|Battle timer is ON: inactive players will automatically lose when time's up. (requested by SadaShidz\ufe0f)\n|\n|t:|1698799105\n|start\n|switch|p1a: BAJRANGAAAAA GUN\ud83d\udd2b|Hatterene, F|100\/100\n|switch|p2a: Yamz|Arceus-Ghost, shiny|100\/100\n|turn|1\n|\n|t:|1698799119\n|move|p2a: Yamz|Judgment|p1a: BAJRANGAAAAA GUN\ud83d\udd2b\n|-supereffective|p1a: BAJRANGAAAAA GUN\ud83d\udd2b\n|-damage|p1a: BAJRANGAAAAA GUN\ud83d\udd2b|21\/100\n|move|p1a: BAJRANGAAAAA GUN\ud83d\udd2b|Trick Room|p1a: BAJRANGAAAAA GUN\ud83d\udd2b\n|-fieldstart|move: Trick Room|[of] p1a: BAJRANGAAAAA GUN\ud83d\udd2b\n|\n|upkeep\n|turn|2\n|\n|t:|1698799130\n|move|p1a: BAJRANGAAAAA GUN\ud83d\udd2b|Healing Wish|p1a: BAJRANGAAAAA GUN\ud83d\udd2b\n|faint|p1a: BAJRANGAAAAA GUN\ud83d\udd2b\n|move|p2a: Yamz|Calm Mind|p2a: Yamz\n|-boost|p2a: Yamz|spa|1\n|-boost|p2a: Yamz|spd|1\n|\n|upkeep\n|\n|t:|1698799140\n|switch|p1a: BAJRANGAAAA GUN\ud83d\udd2b|Basculegion, M, shiny|100\/100\n|turn|3\n|\n|t:|1698799149\n|switch|p1a: BAJRANGA GUN\ud83d\udd2b|Ursaluna, M, shiny|100\/100\n|move|p2a: Yamz|Judgment|p1a: BAJRANGA GUN\ud83d\udd2b\n|-immune|p1a: BAJRANGA GUN\ud83d\udd2b\n|\n|-status|p1a: BAJRANGA GUN\ud83d\udd2b|brn|[from] item: Flame Orb\n|upkeep\n|turn|4\n|\n|t:|1698799164\n|move|p1a: BAJRANGA GUN\ud83d\udd2b|Shadow Claw|p2a: Yamz\n|-supereffective|p2a: Yamz\n|-damage|p2a: Yamz|41\/100\n|move|p2a: Yamz|Focus Blast|p1a: BAJRANGA GUN\ud83d\udd2b\n|-supereffective|p1a: BAJRANGA GUN\ud83d\udd2b\n|-damage|p1a: BAJRANGA GUN\ud83d\udd2b|22\/100 brn\n|\n|-damage|p1a: BAJRANGA GUN\ud83d\udd2b|16\/100 brn|[from] brn\n|upkeep\n|turn|5\n|\n|t:|1698799193\n|move|p1a: BAJRANGA GUN\ud83d\udd2b|Headlong Rush|p2a: Yamz\n|-damage|p2a: Yamz|0 fnt\n|-unboost|p1a: BAJRANGA GUN\ud83d\udd2b|def|1\n|-unboost|p1a: BAJRANGA GUN\ud83d\udd2b|spd|1\n|faint|p2a: Yamz\n|\n|-damage|p1a: BAJRANGA GUN\ud83d\udd2b|10\/100 brn|[from] brn\n|-fieldend|move: Trick Room\n|upkeep\n|inactive|SadaShidz\ufe0f has 120 seconds left.\n|\n|t:|1698799204\n|switch|p2a: Type Bike|Koraidon|100\/100\n|-weather|SunnyDay|[from] ability: Orichalcum Pulse|[of] p2a: Type Bike\n|-activate|p2a: Type Bike|Orichalcum Pulse|[source]\n|turn|6\n|inactive|SadaShidz\ufe0f has 120 seconds left.\n|\n|t:|1698799232\n|switch|p1a: BAJRANGAAAA GUN\ud83d\udd2b|Basculegion, M, shiny|100\/100\n|move|p2a: Type Bike|Flame Charge|p1a: BAJRANGAAAA GUN\ud83d\udd2b\n|-resisted|p1a: BAJRANGAAAA GUN\ud83d\udd2b\n|-damage|p1a: BAJRANGAAAA GUN\ud83d\udd2b|81\/100\n|-boost|p2a: Type Bike|spe|1\n|\n|-weather|SunnyDay|[upkeep]\n|upkeep\n|turn|7\n|\n|t:|1698799248\n|switch|p1a: BAJRANGAAA GUN\ud83d\udd2b|Magearna|100\/100\n|move|p2a: Type Bike|Bulk Up|p2a: Type Bike\n|-boost|p2a: Type Bike|atk|1\n|-boost|p2a: Type Bike|def|1\n|\n|-weather|SunnyDay|[upkeep]\n|upkeep\n|turn|8\n|\n|t:|1698799256\n|-terastallize|p2a: Type Bike|Fire\n|-terastallize|p1a: BAJRANGAAA GUN\ud83d\udd2b|Water\n|move|p2a: Type Bike|Bulk Up|p2a: Type Bike\n|-boost|p2a: Type Bike|atk|1\n|-boost|p2a: Type Bike|def|1\n|move|p1a: BAJRANGAAA GUN\ud83d\udd2b|Trick Room|p1a: BAJRANGAAA GUN\ud83d\udd2b\n|-fieldstart|move: Trick Room|[of] p1a: BAJRANGAAA GUN\ud83d\udd2b\n|\n|-weather|SunnyDay|[upkeep]\n|upkeep\n|turn|9\n|\n|t:|1698799271\n|switch|p1a: BAJRANGA GUN\ud83d\udd2b|Ursaluna, M, shiny|10\/100 brn\n|-heal|p1a: BAJRANGA GUN\ud83d\udd2b|100\/100|[from] move: Healing Wish\n|move|p2a: Type Bike|Collision Course|p1a: BAJRANGA GUN\ud83d\udd2b\n|-supereffective|p1a: BAJRANGA GUN\ud83d\udd2b\n|-damage|p1a: BAJRANGA GUN\ud83d\udd2b|0 fnt\n|faint|p1a: BAJRANGA GUN\ud83d\udd2b\n|\n|-weather|SunnyDay|[upkeep]\n|upkeep\n|inactive|WARIOROFLIBERATION has 120 seconds left.\n|\n|t:|1698799289\n|switch|p1a: BAJRANGA GUNN\ud83d\udd2b|Dialga-Origin, shiny|100\/100\n|-ability|p1a: BAJRANGA GUNN\ud83d\udd2b|Pressure\n|turn|10\n|\n|t:|1698799299\n|move|p1a: BAJRANGA GUNN\ud83d\udd2b|Draco Meteor|p2a: Type Bike\n|-damage|p2a: Type Bike|12\/100\n|-unboost|p1a: BAJRANGA GUNN\ud83d\udd2b|spa|2\n|move|p2a: Type Bike|Collision Course|p1a: BAJRANGA GUNN\ud83d\udd2b\n|-supereffective|p1a: BAJRANGA GUNN\ud83d\udd2b\n|-damage|p1a: BAJRANGA GUNN\ud83d\udd2b|0 fnt\n|faint|p1a: BAJRANGA GUNN\ud83d\udd2b\n|\n|-weather|none\n|upkeep\n|inactive|WARIOROFLIBERATION has 120 seconds left.\n|\n|t:|1698799330\n|switch|p1a: BAJRANGAAA GUN\ud83d\udd2b|Magearna, tera:Water|100\/100\n|turn|11\n|\n|t:|1698799353\n|switch|p2a: Shinobu|Ribombee, M, shiny|100\/100\n|move|p1a: BAJRANGAAA GUN\ud83d\udd2b|Aura Sphere|p2a: Shinobu\n|-resisted|p2a: Shinobu\n|-crit|p2a: Shinobu\n|-damage|p2a: Shinobu|89\/100\n|\n|upkeep\n|turn|12\n|inactive|WARIOROFLIBERATION has 120 seconds left.\n|\n|t:|1698799381\n|move|p1a: BAJRANGAAA GUN\ud83d\udd2b|Spikes|p2a: Shinobu\n|-sidestart|p2: SadaShidz\ufe0f|Spikes\n|move|p2a: Shinobu|Stun Spore|p1a: BAJRANGAAA GUN\ud83d\udd2b\n|-status|p1a: BAJRANGAAA GUN\ud83d\udd2b|par\n|\n|-fieldend|move: Trick Room\n|upkeep\n|turn|13\n|\n|t:|1698799384\n|move|p2a: Shinobu|Sticky Web|p1a: BAJRANGAAA GUN\ud83d\udd2b\n|-sidestart|p1: WARIOROFLIBERATION|move: Sticky Web\n|move|p1a: BAJRANGAAA GUN\ud83d\udd2b|Trick Room|p1a: BAJRANGAAA GUN\ud83d\udd2b\n|-fieldstart|move: Trick Room|[of] p1a: BAJRANGAAA GUN\ud83d\udd2b\n|\n|upkeep\n|turn|14\n|\n|t:|1698799397\n|cant|p1a: BAJRANGAAA GUN\ud83d\udd2b|par\n|move|p2a: Shinobu|Moonblast|p1a: BAJRANGAAA GUN\ud83d\udd2b\n|-damage|p1a: BAJRANGAAA GUN\ud83d\udd2b|75\/100 par\n|-unboost|p1a: BAJRANGAAA GUN\ud83d\udd2b|spa|1\n|\n|upkeep\n|turn|15\n|\n|t:|1698799408\n|switch|p1a: BAJRANGAAAA GUN\ud83d\udd2b|Basculegion, M, shiny|81\/100\n|-activate|p1a: BAJRANGAAAA GUN\ud83d\udd2b|move: Sticky Web\n|-unboost|p1a: BAJRANGAAAA GUN\ud83d\udd2b|spe|1\n|move|p2a: Shinobu|Moonblast|p1a: BAJRANGAAAA GUN\ud83d\udd2b\n|-damage|p1a: BAJRANGAAAA GUN\ud83d\udd2b|49\/100\n|\n|upkeep\n|turn|16\n|\n|t:|1698799425\n|switch|p2a: Roaring Bone|Roaring Moon|100\/100\n|-damage|p2a: Roaring Bone|88\/100|[from] Spikes\n|-enditem|p2a: Roaring Bone|Booster Energy\n|-activate|p2a: Roaring Bone|ability: Protosynthesis|[fromitem]\n|-start|p2a: Roaring Bone|protosynthesisspe\n|move|p1a: BAJRANGAAAA GUN\ud83d\udd2b|Last Respects|p2a: Roaring Bone\n|-resisted|p2a: Roaring Bone\n|-damage|p2a: Roaring Bone|0 fnt\n|faint|p2a: Roaring Bone\n|-end|p2a: Roaring Bone|Protosynthesis|[silent]\n|\n|upkeep\n|\n|t:|1698799434\n|switch|p2a: Shinobu|Ribombee, M, shiny|89\/100\n|-damage|p2a: Shinobu|76\/100|[from] Spikes\n|turn|17\n|\n|t:|1698799447\n|switch|p1a: BAJRANGAAA GUN\ud83d\udd2b|Magearna, tera:Water|75\/100 par\n|-activate|p1a: BAJRANGAAA GUN\ud83d\udd2b|move: Sticky Web\n|-unboost|p1a: BAJRANGAAA GUN\ud83d\udd2b|spe|1\n|move|p2a: Shinobu|Stun Spore|p1a: BAJRANGAAA GUN\ud83d\udd2b\n|-fail|p1a: BAJRANGAAA GUN\ud83d\udd2b|par\n|\n|-fieldend|move: Trick Room\n|upkeep\n|turn|18\n|\n|t:|1698799460\n|move|p2a: Shinobu|Moonblast|p1a: BAJRANGAAA GUN\ud83d\udd2b\n|-damage|p1a: BAJRANGAAA GUN\ud83d\udd2b|50\/100 par\n|move|p1a: BAJRANGAAA GUN\ud83d\udd2b|Trick Room|p1a: BAJRANGAAA GUN\ud83d\udd2b\n|-fieldstart|move: Trick Room|[of] p1a: BAJRANGAAA GUN\ud83d\udd2b\n|\n|upkeep\n|turn|19\n|\n|t:|1698799465\n|cant|p1a: BAJRANGAAA GUN\ud83d\udd2b|par\n|move|p2a: Shinobu|Moonblast|p1a: BAJRANGAAA GUN\ud83d\udd2b\n|-damage|p1a: BAJRANGAAA GUN\ud83d\udd2b|25\/100 par\n|\n|upkeep\n|turn|20\n|\n|t:|1698799477\n|move|p1a: BAJRANGAAA GUN\ud83d\udd2b|Steel Beam|p2a: Shinobu|[miss]\n|-miss|p1a: BAJRANGAAA GUN\ud83d\udd2b|p2a: Shinobu\n|-damage|p1a: BAJRANGAAA GUN\ud83d\udd2b|0 fnt|[from] steelbeam\n|faint|p1a: BAJRANGAAA GUN\ud83d\udd2b\n|move|p2a: Shinobu|Stun Spore|p1: BAJRANGAAA GUN\ud83d\udd2b|[notarget]\n|-fail|p2a: Shinobu\n|\n|upkeep\n|\n|t:|1698799488\n|switch|p1a: BAJRANGAA GUN\ud83d\udd2b|Calyrex-Ice|100\/100\n|-ability|p1a: BAJRANGAA GUN\ud83d\udd2b|As One\n|-ability|p1a: BAJRANGAA GUN\ud83d\udd2b|Unnerve\n|-activate|p1a: BAJRANGAA GUN\ud83d\udd2b|move: Sticky Web\n|-unboost|p1a: BAJRANGAA GUN\ud83d\udd2b|spe|1\n|turn|21\n|\n|t:|1698799501\n|move|p1a: BAJRANGAA GUN\ud83d\udd2b|Glacial Lance|p2a: Shinobu\n|-damage|p2a: Shinobu|0 fnt\n|faint|p2a: Shinobu\n|-ability|p1a: BAJRANGAA GUN\ud83d\udd2b|Chilling Neigh|boost\n|-boost|p1a: BAJRANGAA GUN\ud83d\udd2b|atk|1\n|-damage|p1a: BAJRANGAA GUN\ud83d\udd2b|91\/100|[from] item: Life Orb\n|\n|upkeep\n|\n|t:|1698799524\n|switch|p2a: BigFatBone|Great Tusk|100\/100\n|-damage|p2a: BigFatBone|88\/100|[from] Spikes\n|-enditem|p2a: BigFatBone|Booster Energy\n|-activate|p2a: BigFatBone|ability: Protosynthesis|[fromitem]\n|-start|p2a: BigFatBone|protosynthesisatk\n|turn|22\n|\n|t:|1698799529\n|move|p1a: BAJRANGAA GUN\ud83d\udd2b|Glacial Lance|p2a: BigFatBone\n|-supereffective|p2a: BigFatBone\n|-damage|p2a: BigFatBone|0 fnt\n|faint|p2a: BigFatBone\n|-end|p2a: BigFatBone|Protosynthesis|[silent]\n|-ability|p1a: BAJRANGAA GUN\ud83d\udd2b|Chilling Neigh|boost\n|-boost|p1a: BAJRANGAA GUN\ud83d\udd2b|atk|1\n|-damage|p1a: BAJRANGAA GUN\ud83d\udd2b|81\/100|[from] item: Life Orb\n|\n|-fieldend|move: Trick Room\n|upkeep\n|\n|t:|1698799541\n|switch|p2a: Type Bike|Koraidon, tera:Fire|12\/100\n|-damage|p2a: Type Bike|0 fnt|[from] Spikes\n|faint|p2a: Type Bike\n|\n|t:|1698799544\n|switch|p2a: Pal|Shaymin-Sky, shiny|100\/100\n|turn|23\n|inactive|SadaShidz\ufe0f has 120 seconds left.\n|\n|t:|1698799570\n|move|p2a: Pal|Air Slash|p1a: BAJRANGAA GUN\ud83d\udd2b\n|-crit|p1a: BAJRANGAA GUN\ud83d\udd2b\n|-damage|p1a: BAJRANGAA GUN\ud83d\udd2b|23\/100\n|move|p1a: BAJRANGAA GUN\ud83d\udd2b|Glacial Lance|p2a: Pal\n|-supereffective|p2a: Pal\n|-damage|p2a: Pal|0 fnt\n|faint|p2a: Pal\n|-damage|p1a: BAJRANGAA GUN\ud83d\udd2b|13\/100|[from] item: Life Orb\n|\n|win|WARIOROFLIBERATION\n|raw|WARIOROFLIBERATION's rating: 1266 &rarr; <strong>1291<\/strong><br \/>(+25 for winning)\n|raw|SadaShidz\ufe0f's rating: 1262 &rarr; <strong>1237<\/strong><br \/>(-25 for losing)\n|l|\u2606SadaShidz\ufe0f\n","uploadtime":1698799578,"views":7,"p1id":"wariorofliberation","p2id":"sadashidz","formatid":"gen9ubers","rating":1237,"private":0,"password":""}