{"id":"gen9ubers-1999399309","p1":"Rei_darkness","p2":"Dragon Master Rosa","format":"[Gen 9] Ubers","log":"|j|\u2606Rei_darkness\n|j|\u2606Dragon Master Rosa\n|t:|1701073898\n|gametype|singles\n|player|p1|Rei_darkness|drayden|\n|player|p2|Dragon Master Rosa|dragontamer-gen9|\n|teamsize|p1|6\n|teamsize|p2|6\n|gen|9\n|tier|[Gen 9] Ubers\n|rule|Sleep Clause Mod: Limit one foe put to sleep\n|rule|Species Clause: Limit one of each Pok\u00e9mon\n|rule|OHKO Clause: OHKO moves are banned\n|rule|Evasion Items Clause: Evasion items are banned\n|rule|Evasion Moves Clause: Evasion moves are banned\n|rule|Endless Battle Clause: Forcing endless battles is banned\n|rule|HP Percentage Mod: HP is shown in percentages\n|clearpoke\n|poke|p1|Slowbro-Galar, F|\n|poke|p1|Weezing-Galar, F|\n|poke|p1|Calyrex-Ice|\n|poke|p1|Victreebel, F|\n|poke|p1|Scovillain, F|\n|poke|p1|Koraidon|\n|poke|p2|Iron Bundle|\n|poke|p2|Noivern, M|\n|poke|p2|Toedscruel, F|\n|poke|p2|Slowking-Galar, M|\n|poke|p2|Greninja-*, F|\n|poke|p2|Moltres|\n|teampreview\n|inactive|Battle timer is ON: inactive players will automatically lose when time's up. (requested by Rei_darkness)\n|\n|t:|1701073920\n|start\n|switch|p1a: actualboxleg|Koraidon|100\/100\n|switch|p2a: Iron Bundle|Iron Bundle|100\/100\n|-weather|SunnyDay|[from] ability: Orichalcum Pulse|[of] p1a: actualboxleg\n|-activate|p1a: actualboxleg|Orichalcum Pulse|[source]\n|turn|1\n|\n|t:|1701073928\n|move|p2a: Iron Bundle|Ice Spinner|p1a: actualboxleg\n|-supereffective|p1a: actualboxleg\n|-damage|p1a: actualboxleg|21\/100\n|move|p1a: actualboxleg|Solar Beam||[still]\n|-prepare|p1a: actualboxleg|Solar Beam\n|-anim|p1a: actualboxleg|Solar Beam|p2a: Iron Bundle\n|-supereffective|p2a: Iron Bundle\n|-damage|p2a: Iron Bundle|0 fnt\n|faint|p2a: Iron Bundle\n|-end|p2a: Iron Bundle|Quark Drive|[silent]\n|\n|-weather|SunnyDay|[upkeep]\n|upkeep\n|\n|t:|1701073938\n|switch|p2a: Moltres|Moltres|100\/100\n|turn|2\n|\n|t:|1701073959\n|switch|p1a: Weezing|Weezing-Galar, F|100\/100\n|move|p2a: Moltres|Flare Blitz|p1a: Weezing\n|-damage|p1a: Weezing|48\/100\n|-damage|p2a: Moltres|85\/100|[from] Recoil\n|\n|-weather|SunnyDay|[upkeep]\n|-heal|p1a: Weezing|53\/100|[from] item: Leftovers\n|upkeep\n|turn|3\n|\n|t:|1701073963\n|move|p2a: Moltres|Flare Blitz|p1a: Weezing\n|-damage|p1a: Weezing|1\/100\n|-damage|p2a: Moltres|70\/100|[from] Recoil\n|move|p1a: Weezing|Pain Split|p2a: Moltres\n|-sethp|p2a: Moltres|36\/100|[from] move: Pain Split|[silent]\n|-sethp|p1a: Weezing|41\/100|[from] move: Pain Split\n|\n|-weather|SunnyDay|[upkeep]\n|-heal|p1a: Weezing|47\/100|[from] item: Leftovers\n|upkeep\n|turn|4\n|\n|t:|1701073976\n|switch|p1a: Thanks for snow|Calyrex-Ice|100\/100\n|-ability|p1a: Thanks for snow|As One\n|-ability|p1a: Thanks for snow|Unnerve\n|move|p2a: Moltres|Flare Blitz|p1a: Thanks for snow\n|-supereffective|p1a: Thanks for snow\n|-damage|p1a: Thanks for snow|2\/100\n|-status|p1a: Thanks for snow|brn\n|-damage|p2a: Moltres|2\/100|[from] Recoil\n|\n|-weather|SunnyDay|[upkeep]\n|-damage|p1a: Thanks for snow|0 fnt|[from] brn\n|faint|p1a: Thanks for snow\n|upkeep\n|\n|t:|1701073983\n|switch|p1a: gen1shitmon|Victreebel, F|100\/100\n|turn|5\n|\n|t:|1701073995\n|move|p1a: gen1shitmon|Growth|p1a: gen1shitmon\n|-boost|p1a: gen1shitmon|atk|2\n|-boost|p1a: gen1shitmon|spa|2\n|move|p2a: Moltres|Flare Blitz|p1a: gen1shitmon\n|-supereffective|p1a: gen1shitmon\n|-enditem|p1a: gen1shitmon|Focus Sash\n|-damage|p1a: gen1shitmon|1\/100\n|-damage|p2a: Moltres|0 fnt|[from] Recoil\n|faint|p2a: Moltres\n|\n|-weather|SunnyDay|[upkeep]\n|upkeep\n|\n|t:|1701074006\n|switch|p2a: Greninja|Greninja, F|100\/100\n|turn|6\n|\n|t:|1701074012\n|switch|p1a: Weezing|Weezing-Galar, F|47\/100\n|move|p2a: Greninja|Shadow Sneak|p1a: Weezing\n|-damage|p1a: Weezing|38\/100\n|-damage|p2a: Greninja|91\/100|[from] item: Life Orb\n|\n|-weather|SunnyDay|[upkeep]\n|-heal|p1a: Weezing|44\/100|[from] item: Leftovers\n|upkeep\n|turn|7\n|\n|t:|1701074020\n|switch|p2a: Slowking|Slowking-Galar, M|100\/100\n|move|p1a: Weezing|Pain Split|p2a: Slowking\n|-sethp|p2a: Slowking|69\/100|[from] move: Pain Split|[silent]\n|-sethp|p1a: Weezing|81\/100|[from] move: Pain Split\n|\n|-weather|SunnyDay|[upkeep]\n|-heal|p1a: Weezing|87\/100|[from] item: Leftovers\n|-heal|p2a: Slowking|75\/100|[from] item: Leftovers\n|upkeep\n|turn|8\n|\n|t:|1701074025\n|switch|p1a: Cowgurl|Slowbro-Galar, F|100\/100\n|move|p2a: Slowking|Thunder Wave|p1a: Cowgurl\n|-status|p1a: Cowgurl|par\n|\n|-weather|none\n|-heal|p2a: Slowking|81\/100|[from] item: Leftovers\n|upkeep\n|turn|9\n|-activate|p1a: Cowgurl|item: Quick Claw\n|\n|t:|1701074029\n|cant|p1a: Cowgurl|par\n|move|p2a: Slowking|Chilly Reception|p2a: Slowking\n|-weather|Snow\n|\n|t:|1701074046\n|switch|p2a: Greninja|Greninja, F|91\/100|[from] Chilly Reception\n|\n|-weather|Snow|[upkeep]\n|upkeep\n|turn|10\n|-activate|p1a: Cowgurl|ability: Quick Draw\n|\n|t:|1701074052\n|move|p1a: Cowgurl|Sludge Bomb|p2a: Greninja\n|-damage|p2a: Greninja|23\/100\n|-status|p2a: Greninja|psn\n|move|p2a: Greninja|Swords Dance|p2a: Greninja\n|-boost|p2a: Greninja|atk|2\n|\n|-weather|Snow|[upkeep]\n|-damage|p2a: Greninja|11\/100 psn|[from] psn\n|upkeep\n|turn|11\n|\n|t:|1701074058\n|switch|p1a: actualboxleg|Koraidon|21\/100\n|-weather|SunnyDay|[from] ability: Orichalcum Pulse|[of] p1a: actualboxleg\n|-activate|p1a: actualboxleg|Orichalcum Pulse|[source]\n|move|p2a: Greninja|Night Slash|p1a: actualboxleg\n|-resisted|p1a: actualboxleg\n|-damage|p1a: actualboxleg|0 fnt\n|faint|p1a: actualboxleg\n|-damage|p2a: Greninja|1\/100 psn|[from] item: Life Orb\n|\n|-weather|SunnyDay|[upkeep]\n|-damage|p2a: Greninja|0 fnt|[from] psn\n|faint|p2a: Greninja\n|upkeep\n|\n|t:|1701074064\n|switch|p1a: gen9shitmon|Scovillain, F|100\/100\n|switch|p2a: Noivern|Noivern, M|100\/100\n|turn|12\n|\n|t:|1701074075\n|move|p1a: gen9shitmon|Lash Out|p2a: Noivern\n|-damage|p2a: Noivern|68\/100\n|move|p2a: Noivern|Dragon Tail|p1a: gen9shitmon\n|-damage|p1a: gen9shitmon|62\/100\n|drag|p1a: Cowgurl|Slowbro-Galar, F|100\/100 par\n|\n|-weather|SunnyDay|[upkeep]\n|upkeep\n|turn|13\n|\n|t:|1701074080\n|move|p2a: Noivern|U-turn|p1a: Cowgurl\n|-damage|p1a: Cowgurl|85\/100 par\n|\n|t:|1701074082\n|switch|p2a: Slowking|Slowking-Galar, M|100\/100|[from] U-turn\n|move|p1a: Cowgurl|Sludge Bomb|p2a: Slowking\n|-resisted|p2a: Slowking\n|-damage|p2a: Slowking|84\/100\n|\n|-weather|SunnyDay|[upkeep]\n|-heal|p2a: Slowking|90\/100|[from] item: Leftovers\n|upkeep\n|turn|14\n|-activate|p1a: Cowgurl|item: Quick Claw\n|\n|t:|1701074086\n|move|p1a: Cowgurl|Nasty Plot|p1a: Cowgurl\n|-boost|p1a: Cowgurl|spa|2\n|move|p2a: Slowking|Chilly Reception|p2a: Slowking\n|-weather|Snow\n|\n|t:|1701074089\n|switch|p2a: Toedscruel|Toedscruel, F|100\/100|[from] Chilly Reception\n|\n|-weather|Snow|[upkeep]\n|upkeep\n|turn|15\n|\n|t:|1701074091\n|move|p2a: Toedscruel|Knock Off|p1a: Cowgurl\n|-supereffective|p1a: Cowgurl\n|-damage|p1a: Cowgurl|52\/100 par\n|-enditem|p1a: Cowgurl|Quick Claw|[from] move: Knock Off|[of] p2a: Toedscruel\n|move|p1a: Cowgurl|Sludge Bomb|p2a: Toedscruel\n|-crit|p2a: Toedscruel\n|-damage|p2a: Toedscruel|19\/100\n|\n|-weather|Snow|[upkeep]\n|-heal|p2a: Toedscruel|25\/100|[from] item: Leftovers\n|upkeep\n|turn|16\n|\n|t:|1701074100\n|move|p1a: Cowgurl|Sludge Bomb|p2a: Toedscruel\n|-damage|p2a: Toedscruel|0 fnt\n|faint|p2a: Toedscruel\n|\n|-weather|Snow|[upkeep]\n|upkeep\n|\n|t:|1701074104\n|switch|p2a: Slowking|Slowking-Galar, M|100\/100\n|turn|17\n|\n|t:|1701074106\n|move|p2a: Slowking|Foul Play|p1a: Cowgurl\n|-supereffective|p1a: Cowgurl\n|-damage|p1a: Cowgurl|20\/100 par\n|move|p1a: Cowgurl|Psyshock|p2a: Slowking\n|-damage|p2a: Slowking|47\/100\n|\n|-weather|Snow|[upkeep]\n|-heal|p2a: Slowking|53\/100|[from] item: Leftovers\n|upkeep\n|turn|18\n|\n|t:|1701074108\n|-terastallize|p1a: Cowgurl|Psychic\n|move|p2a: Slowking|Foul Play|p1a: Cowgurl\n|-supereffective|p1a: Cowgurl\n|-damage|p1a: Cowgurl|0 fnt\n|faint|p1a: Cowgurl\n|\n|-weather|none\n|-heal|p2a: Slowking|59\/100|[from] item: Leftovers\n|upkeep\n|\n|t:|1701074118\n|switch|p1a: gen9shitmon|Scovillain, F|62\/100\n|turn|19\n|\n|t:|1701074121\n|move|p1a: gen9shitmon|Lash Out|p2a: Slowking\n|-supereffective|p2a: Slowking\n|-damage|p2a: Slowking|20\/100\n|move|p2a: Slowking|Thunder Wave|p1a: gen9shitmon\n|-status|p1a: gen9shitmon|par\n|\n|-heal|p2a: Slowking|26\/100|[from] item: Leftovers\n|upkeep\n|turn|20\n|\n|t:|1701074124\n|switch|p2a: Noivern|Noivern, M|68\/100\n|move|p1a: gen9shitmon|Lash Out|p2a: Noivern\n|-damage|p2a: Noivern|34\/100\n|\n|upkeep\n|turn|21\n|\n|t:|1701074128\n|move|p2a: Noivern|Roost|p2a: Noivern\n|-heal|p2a: Noivern|84\/100\n|-singleturn|p2a: Noivern|move: Roost\n|move|p1a: gen9shitmon|Lash Out|p2a: Noivern\n|-damage|p2a: Noivern|49\/100\n|\n|upkeep\n|turn|22\n|\n|t:|1701074132\n|move|p2a: Noivern|Roost|p2a: Noivern\n|-heal|p2a: Noivern|99\/100\n|-singleturn|p2a: Noivern|move: Roost\n|move|p1a: gen9shitmon|Lash Out|p2a: Noivern\n|-damage|p2a: Noivern|66\/100\n|\n|upkeep\n|turn|23\n|\n|t:|1701074134\n|switch|p1a: Weezing|Weezing-Galar, F|87\/100\n|move|p2a: Noivern|U-turn|p1a: Weezing\n|-resisted|p1a: Weezing\n|-damage|p1a: Weezing|84\/100\n|\n|t:|1701074136\n|switch|p2a: Slowking|Slowking-Galar, M|60\/100|[from] U-turn\n|\n|-heal|p1a: Weezing|90\/100|[from] item: Leftovers\n|-heal|p2a: Slowking|66\/100|[from] item: Leftovers\n|upkeep\n|turn|24\n|\n|t:|1701074143\n|move|p1a: Weezing|Strange Steam|p2a: Slowking\n|-resisted|p2a: Slowking\n|-damage|p2a: Slowking|56\/100\n|-start|p2a: Slowking|confusion\n|-activate|p2a: Slowking|confusion\n|move|p2a: Slowking|Thunder Wave|p1a: Weezing\n|-status|p1a: Weezing|par\n|\n|-heal|p2a: Slowking|62\/100|[from] item: Leftovers\n|-heal|p1a: Weezing|96\/100 par|[from] item: Leftovers\n|upkeep\n|turn|25\n|\n|t:|1701074151\n|-activate|p2a: Slowking|confusion\n|move|p2a: Slowking|Taunt|p1a: Weezing\n|-start|p1a: Weezing|move: Taunt\n|move|p1a: Weezing|Strange Steam|p2a: Slowking\n|-resisted|p2a: Slowking\n|-damage|p2a: Slowking|51\/100\n|\n|-heal|p2a: Slowking|57\/100|[from] item: Leftovers\n|-heal|p1a: Weezing|100\/100 par|[from] item: Leftovers\n|upkeep\n|turn|26\n|\n|t:|1701074155\n|-end|p2a: Slowking|confusion\n|move|p2a: Slowking|Chilly Reception|p2a: Slowking\n|-weather|Snow\n|\n|t:|1701074157\n|switch|p2a: Noivern|Noivern, M|66\/100|[from] Chilly Reception\n|move|p1a: Weezing|Strange Steam|p2a: Noivern\n|-supereffective|p2a: Noivern\n|-damage|p2a: Noivern|0 fnt\n|faint|p2a: Noivern\n|\n|-weather|Snow|[upkeep]\n|upkeep\n|\n|t:|1701074158\n|switch|p2a: Slowking|Slowking-Galar, M|91\/100\n|turn|27\n|c|\u2606Dragon Master Rosa|ggwp\n|-message|Dragon Master Rosa forfeited.\n|\n|win|Rei_darkness\n","uploadtime":1701074168,"views":21,"p1id":"reidarkness","p2id":"dragonmasterrosa","formatid":"gen9ubers","rating":0,"private":0,"password":""}