{"id":"gen9ubers-1992459329","p1":"rutriyououiyiyuyt","p2":"idiotpokemoner","format":"[Gen 9] Ubers","log":"|j|\u2606rutriyououiyiyuyt\n|j|\u2606idiotpokemoner\n|t:|1700190153\n|gametype|singles\n|player|p1|rutriyououiyiyuyt|elesa|\n|player|p2|idiotpokemoner|102|\n|teamsize|p1|6\n|teamsize|p2|6\n|gen|9\n|tier|[Gen 9] Ubers\n|rule|Sleep Clause Mod: Limit one foe put to sleep\n|rule|Species Clause: Limit one of each Pok\u00e9mon\n|rule|OHKO Clause: OHKO moves are banned\n|rule|Evasion Items Clause: Evasion items are banned\n|rule|Evasion Moves Clause: Evasion moves are banned\n|rule|Endless Battle Clause: Forcing endless battles is banned\n|rule|HP Percentage Mod: HP is shown in percentages\n|clearpoke\n|poke|p1|Meowscarada, F|\n|poke|p1|Urshifu-*, M|\n|poke|p1|Zacian-*|\n|poke|p1|Palkia-Origin|\n|poke|p1|Cyclizar, F|\n|poke|p1|Volcarona, M|\n|poke|p2|Ninetales-Alola, F|\n|poke|p2|Baxcalibur, F|\n|poke|p2|Cinderace, M|\n|poke|p2|Kommo-o, F|\n|poke|p2|Palkia-Origin|\n|poke|p2|Roaring Moon|\n|teampreview\n|inactive|Battle timer is ON: inactive players will automatically lose when time's up. (requested by idiotpokemoner)\n|\n|t:|1700190173\n|start\n|switch|p1a: Cyclizar|Cyclizar, F|100\/100\n|switch|p2a: Roaring Moon|Roaring Moon|100\/100\n|-enditem|p2a: Roaring Moon|Booster Energy\n|-activate|p2a: Roaring Moon|ability: Protosynthesis|[fromitem]\n|-start|p2a: Roaring Moon|protosynthesisspe\n|turn|1\n|\n|t:|1700190187\n|-terastallize|p2a: Roaring Moon|Flying\n|move|p1a: Cyclizar|Draco Meteor|p2a: Roaring Moon\n|-damage|p2a: Roaring Moon|64\/100\n|-unboost|p1a: Cyclizar|spa|2\n|move|p2a: Roaring Moon|Acrobatics|p1a: Cyclizar\n|-damage|p1a: Cyclizar|24\/100\n|\n|upkeep\n|turn|2\n|\n|t:|1700190214\n|move|p1a: Cyclizar|Draco Meteor|p2a: Roaring Moon\n|-damage|p2a: Roaring Moon|46\/100\n|-unboost|p1a: Cyclizar|spa|2\n|move|p2a: Roaring Moon|Dragon Dance|p2a: Roaring Moon\n|-boost|p2a: Roaring Moon|atk|1\n|-boost|p2a: Roaring Moon|spe|1\n|\n|upkeep\n|turn|3\n|\n|t:|1700190223\n|move|p2a: Roaring Moon|Knock Off|p1a: Cyclizar\n|-damage|p1a: Cyclizar|0 fnt\n|-enditem|p1a: Cyclizar|Choice Scarf|[from] move: Knock Off|[of] p2a: Roaring Moon\n|faint|p1a: Cyclizar\n|\n|upkeep\n|\n|t:|1700190229\n|switch|p1a: Palkia|Palkia-Origin|100\/100\n|-ability|p1a: Palkia|Pressure\n|turn|4\n|\n|t:|1700190236\n|-terastallize|p1a: Palkia|Fairy\n|move|p2a: Roaring Moon|Acrobatics|p1a: Palkia\n|-damage|p1a: Palkia|5\/100\n|move|p1a: Palkia|Hydro Pump|p2a: Roaring Moon\n|-damage|p2a: Roaring Moon|0 fnt\n|faint|p2a: Roaring Moon\n|-end|p2a: Roaring Moon|Protosynthesis|[silent]\n|\n|upkeep\n|\n|t:|1700190242\n|switch|p2a: Cinderace|Cinderace, M|100\/100\n|turn|5\n|\n|t:|1700190245\n|move|p2a: Cinderace|U-turn|p1a: Palkia\n|-start|p2a: Cinderace|typechange|Bug|[from] ability: Libero\n|-resisted|p1a: Palkia\n|-damage|p1a: Palkia|0 fnt\n|faint|p1a: Palkia\n|\n|t:|1700190271\n|switch|p2a: Ninetales|Ninetales-Alola, F, shiny|100\/100|[from] U-turn\n|-weather|Snow|[from] ability: Snow Warning|[of] p2a: Ninetales\n|\n|-weather|Snow|[upkeep]\n|upkeep\n|\n|t:|1700190292\n|switch|p1a: Meowscarada|Meowscarada, F|100\/100\n|turn|6\n|inactive|idiotpokemoner has 270 seconds left.\n|\n|t:|1700190322\n|switch|p2a: Cinderace|Cinderace, M|100\/100\n|move|p1a: Meowscarada|Taunt|p2a: Cinderace\n|-start|p1a: Meowscarada|typechange|Dark|[from] ability: Protean\n|-start|p2a: Cinderace|move: Taunt\n|\n|-weather|Snow|[upkeep]\n|upkeep\n|turn|7\n|\n|t:|1700190333\n|switch|p1a: Volcarona|Volcarona, M|100\/100\n|move|p2a: Cinderace|U-turn|p1a: Volcarona\n|-start|p2a: Cinderace|typechange|Bug|[from] ability: Libero\n|-resisted|p1a: Volcarona\n|-damage|p1a: Volcarona|76\/100\n|inactive|idiotpokemoner has 270 seconds left.\n|\n|t:|1700190343\n|switch|p2a: Kommo-o|Kommo-o, F, shiny|100\/100|[from] U-turn\n|\n|-weather|Snow|[upkeep]\n|upkeep\n|turn|8\n|\n|t:|1700190353\n|move|p1a: Volcarona|Quiver Dance|p1a: Volcarona\n|-boost|p1a: Volcarona|spa|1\n|-boost|p1a: Volcarona|spd|1\n|-boost|p1a: Volcarona|spe|1\n|move|p2a: Kommo-o|Clangorous Soul|p2a: Kommo-o\n|-boost|p2a: Kommo-o|atk|1\n|-boost|p2a: Kommo-o|def|1\n|-boost|p2a: Kommo-o|spa|1\n|-boost|p2a: Kommo-o|spd|1\n|-boost|p2a: Kommo-o|spe|1\n|-damage|p2a: Kommo-o|68\/100\n|-enditem|p2a: Kommo-o|Throat Spray\n|-boost|p2a: Kommo-o|spa|1|[from] item: Throat Spray\n|\n|-weather|Snow|[upkeep]\n|upkeep\n|turn|9\n|\n|t:|1700190365\n|move|p1a: Volcarona|Quiver Dance|p1a: Volcarona\n|-boost|p1a: Volcarona|spa|1\n|-boost|p1a: Volcarona|spd|1\n|-boost|p1a: Volcarona|spe|1\n|move|p2a: Kommo-o|Clanging Scales|p1a: Volcarona\n|-damage|p1a: Volcarona|27\/100\n|-unboost|p2a: Kommo-o|def|1\n|\n|-weather|Snow|[upkeep]\n|upkeep\n|turn|10\n|\n|t:|1700190377\n|move|p1a: Volcarona|Fiery Dance|p2a: Kommo-o\n|-resisted|p2a: Kommo-o\n|-damage|p2a: Kommo-o|33\/100\n|move|p2a: Kommo-o|Boomburst|p1a: Volcarona\n|-damage|p1a: Volcarona|0 fnt\n|faint|p1a: Volcarona\n|\n|-weather|Snow|[upkeep]\n|upkeep\n|\n|t:|1700190384\n|switch|p1a: Zacian|Zacian|100\/100\n|-ability|p1a: Zacian|Intrepid Sword|boost\n|-boost|p1a: Zacian|atk|1\n|turn|11\n|\n|t:|1700190397\n|move|p2a: Kommo-o|Boomburst|p1a: Zacian\n|-damage|p1a: Zacian|24\/100\n|move|p1a: Zacian|Close Combat|p2a: Kommo-o\n|-damage|p2a: Kommo-o|0 fnt\n|-unboost|p1a: Zacian|def|1\n|-unboost|p1a: Zacian|spd|1\n|faint|p2a: Kommo-o\n|\n|-weather|Snow|[upkeep]\n|upkeep\n|\n|t:|1700190401\n|switch|p2a: Cinderace|Cinderace, M|100\/100\n|turn|12\n|\n|t:|1700190404\n|switch|p1a: Urshifu|Urshifu, M|100\/100\n|move|p2a: Cinderace|U-turn|p1a: Urshifu\n|-start|p2a: Cinderace|typechange|Bug|[from] ability: Libero\n|-damage|p1a: Urshifu|69\/100\n|\n|t:|1700190411\n|switch|p2a: Ninetales|Ninetales-Alola, F, shiny|100\/100|[from] U-turn\n|\n|-weather|none\n|upkeep\n|turn|13\n|\n|t:|1700190423\n|switch|p2a: Cinderace|Cinderace, M|100\/100\n|move|p1a: Urshifu|Close Combat|p2a: Cinderace\n|-damage|p2a: Cinderace|0 fnt\n|-unboost|p1a: Urshifu|def|1\n|-unboost|p1a: Urshifu|spd|1\n|faint|p2a: Cinderace\n|\n|upkeep\n|\n|t:|1700190428\n|switch|p2a: Ninetales|Ninetales-Alola, F, shiny|100\/100\n|-weather|Snow|[from] ability: Snow Warning|[of] p2a: Ninetales\n|turn|14\n|\n|t:|1700190437\n|move|p2a: Ninetales|Aurora Veil|p2a: Ninetales\n|-sidestart|p2: idiotpokemoner|move: Aurora Veil\n|move|p1a: Urshifu|Close Combat|p2a: Ninetales\n|-damage|p2a: Ninetales|66\/100\n|-unboost|p1a: Urshifu|def|1\n|-unboost|p1a: Urshifu|spd|1\n|\n|-weather|Snow|[upkeep]\n|upkeep\n|turn|15\n|\n|t:|1700190442\n|move|p2a: Ninetales|Moonblast|p1a: Urshifu\n|-supereffective|p1a: Urshifu\n|-damage|p1a: Urshifu|0 fnt\n|faint|p1a: Urshifu\n|\n|-weather|Snow|[upkeep]\n|upkeep\n|\n|t:|1700190447\n|switch|p1a: Meowscarada|Meowscarada, F|100\/100\n|turn|16\n|\n|t:|1700190457\n|move|p1a: Meowscarada|Toxic Spikes|p2a: Ninetales\n|-start|p1a: Meowscarada|typechange|Poison|[from] ability: Protean\n|-sidestart|p2: idiotpokemoner|move: Toxic Spikes\n|move|p2a: Ninetales|Moonblast|p1a: Meowscarada\n|-resisted|p1a: Meowscarada\n|-damage|p1a: Meowscarada|77\/100\n|-unboost|p1a: Meowscarada|spa|1\n|\n|-weather|Snow|[upkeep]\n|upkeep\n|turn|17\n|\n|t:|1700190463\n|switch|p2a: Baxcalibur|Baxcalibur, F, shiny|100\/100\n|-status|p2a: Baxcalibur|psn\n|move|p1a: Meowscarada|Flower Trick|p2a: Baxcalibur\n|-resisted|p2a: Baxcalibur\n|-crit|p2a: Baxcalibur\n|-damage|p2a: Baxcalibur|91\/100 psn\n|\n|-weather|Snow|[upkeep]\n|-damage|p2a: Baxcalibur|79\/100 psn|[from] psn\n|upkeep\n|turn|18\n|\n|t:|1700190469\n|move|p1a: Meowscarada|Taunt|p2a: Baxcalibur\n|-start|p2a: Baxcalibur|move: Taunt\n|move|p2a: Baxcalibur|Scale Shot|p1a: Meowscarada\n|-damage|p1a: Meowscarada|56\/100\n|-damage|p1a: Meowscarada|38\/100\n|-damage|p1a: Meowscarada|18\/100\n|-damage|p1a: Meowscarada|0 fnt\n|faint|p1a: Meowscarada\n|-hitcount|p1: Meowscarada|4\n|-unboost|p2a: Baxcalibur|def|1\n|-boost|p2a: Baxcalibur|spe|1\n|\n|-weather|Snow|[upkeep]\n|-damage|p2a: Baxcalibur|67\/100 psn|[from] psn\n|-sideend|p2: idiotpokemoner|move: Aurora Veil\n|upkeep\n|\n|t:|1700190474\n|switch|p1a: Zacian|Zacian|24\/100\n|turn|19\n|\n|t:|1700190481\n|move|p1a: Zacian|Play Rough|p2a: Baxcalibur\n|-supereffective|p2a: Baxcalibur\n|-damage|p2a: Baxcalibur|0 fnt\n|faint|p2a: Baxcalibur\n|\n|-weather|Snow|[upkeep]\n|upkeep\n|\n|t:|1700190486\n|switch|p2a: Ninetales|Ninetales-Alola, F, shiny|66\/100\n|-status|p2a: Ninetales|psn\n|turn|20\n|\n|t:|1700190492\n|move|p1a: Zacian|Play Rough|p2a: Ninetales\n|-damage|p2a: Ninetales|0 fnt\n|faint|p2a: Ninetales\n|\n|-weather|Snow|[upkeep]\n|upkeep\n|\n|t:|1700190495\n|switch|p2a: Palkia|Palkia-Origin, shiny|100\/100\n|-status|p2a: Palkia|psn\n|-ability|p2a: Palkia|Pressure\n|turn|21\n|\n|t:|1700190505\n|move|p1a: Zacian|Play Rough|p2a: Palkia\n|-supereffective|p2a: Palkia\n|-damage|p2a: Palkia|0 fnt\n|faint|p2a: Palkia\n|\n|win|rutriyououiyiyuyt\n|c|\u2606rutriyououiyiyuyt|gg\n|c|\u2606idiotpokemoner|ggs\n|c|\u2606rutriyououiyiyuyt|wp\n|l|\u2606idiotpokemoner\n","uploadtime":1700190541,"views":33,"p1id":"rutriyououiyiyuyt","p2id":"idiotpokemoner","formatid":"gen9ubers","rating":0,"private":0,"password":""}