{"id":"gen9ubers-1968257523","p1":"DGF Duckletts","p2":"Mideast Mimikyus","format":"[Gen 9] Ubers","log":"|j|\u2606DGF Duckletts\n|j|\u2606Mideast Mimikyus\n|t:|1697399688\n|gametype|singles\n|player|p1|DGF Duckletts|colress|\n|player|p2|Mideast Mimikyus|larry|\n|teamsize|p1|6\n|teamsize|p2|6\n|gen|9\n|tier|[Gen 9] Ubers\n|rule|Sleep Clause Mod: Limit one foe put to sleep\n|rule|Species Clause: Limit one of each Pok\u00e9mon\n|rule|OHKO Clause: OHKO moves are banned\n|rule|Evasion Items Clause: Evasion items are banned\n|rule|Evasion Moves Clause: Evasion moves are banned\n|rule|Endless Battle Clause: Forcing endless battles is banned\n|rule|HP Percentage Mod: HP is shown in percentages\n|clearpoke\n|poke|p1|Baxcalibur, F|\n|poke|p1|Iron Valiant|\n|poke|p1|Slowking, M|\n|poke|p1|Corviknight, M|\n|poke|p1|Sandy Shocks|\n|poke|p1|Zoroark-Hisui, F|\n|poke|p2|Walking Wake|\n|poke|p2|Torkoal, M|\n|poke|p2|Meowscarada, M|\n|poke|p2|Mimikyu, M|\n|poke|p2|Sneasler, F|\n|poke|p2|Indeedee, M|\n|teampreview\n|c|\u2606DGF Duckletts|Hf\n|c|\u2606Mideast Mimikyus|Hf!\n|\n|t:|1697399733\n|start\n|switch|p1a: Sandy Shocks|Sandy Shocks|100\/100\n|switch|p2a: Torkoal|Torkoal, M|100\/100\n|-weather|SunnyDay|[from] ability: Drought|[of] p2a: Torkoal\n|-activate|p1a: Sandy Shocks|ability: Protosynthesis\n|-start|p1a: Sandy Shocks|protosynthesisspe\n|turn|1\n|\n|t:|1697399750\n|move|p1a: Sandy Shocks|Stealth Rock|p2a: Torkoal\n|-sidestart|p2: Mideast Mimikyus|move: Stealth Rock\n|move|p2a: Torkoal|Stealth Rock|p1a: Sandy Shocks\n|-sidestart|p1: DGF Duckletts|move: Stealth Rock\n|\n|-weather|SunnyDay|[upkeep]\n|upkeep\n|turn|2\n|\n|t:|1697399755\n|move|p1a: Sandy Shocks|Earth Power|p2a: Torkoal\n|-supereffective|p2a: Torkoal\n|-damage|p2a: Torkoal|0 fnt\n|faint|p2a: Torkoal\n|\n|-weather|SunnyDay|[upkeep]\n|upkeep\n|\n|t:|1697399763\n|switch|p2a: Walking Wake|Walking Wake|100\/100\n|-damage|p2a: Walking Wake|88\/100|[from] Stealth Rock\n|-activate|p2a: Walking Wake|ability: Protosynthesis\n|-start|p2a: Walking Wake|protosynthesisspa\n|turn|3\n|\n|t:|1697399777\n|-end|p1a: Sandy Shocks|Protosynthesis|[silent]\n|switch|p1a: Slowking|Slowking, M|100\/100\n|move|p2a: Walking Wake|Hydro Steam|p1a: Slowking\n|-resisted|p1a: Slowking\n|-damage|p1a: Slowking|78\/100\n|\n|-weather|SunnyDay|[upkeep]\n|upkeep\n|turn|4\n|\n|t:|1697399799\n|-end|p2a: Walking Wake|Protosynthesis|[silent]\n|switch|p2a: Mimikyu|Mimikyu, M|100\/100\n|-damage|p2a: Mimikyu|88\/100|[from] Stealth Rock\n|move|p1a: Slowking|Chilly Reception|p1a: Slowking\n|-weather|Snow\n|\n|t:|1697399803\n|switch|p1a: Corviknight|Corviknight, M|100\/100|[from] Chilly Reception\n|-damage|p1a: Corviknight|88\/100|[from] Stealth Rock\n|\n|-weather|Snow|[upkeep]\n|-heal|p1a: Corviknight|94\/100|[from] item: Leftovers\n|upkeep\n|turn|5\n|\n|t:|1697399816\n|switch|p2a: Walking Wake|Walking Wake|88\/100\n|-damage|p2a: Walking Wake|76\/100|[from] Stealth Rock\n|move|p1a: Corviknight|Defog|p2a: Walking Wake\n|-unboost|p2a: Walking Wake|evasion|1\n|-sideend|p2: Mideast Mimikyus|Stealth Rock|[from] move: Defog|[of] p1a: Corviknight\n|-sideend|p1: DGF Duckletts|Stealth Rock|[from] move: Defog|[of] p1a: Corviknight\n|\n|-weather|Snow|[upkeep]\n|-heal|p1a: Corviknight|99\/100|[from] item: Leftovers\n|upkeep\n|turn|6\n|\n|t:|1697399829\n|switch|p1a: Slowking|Slowking, M|100\/100\n|move|p2a: Walking Wake|Flamethrower|p1a: Slowking\n|-resisted|p1a: Slowking\n|-damage|p1a: Slowking|92\/100\n|\n|-weather|Snow|[upkeep]\n|upkeep\n|turn|7\n|\n|t:|1697399837\n|-end|p2a: Walking Wake|Protosynthesis|[silent]\n|switch|p2a: Indeedee|Indeedee, M|100\/100\n|-fieldstart|move: Psychic Terrain|[from] ability: Psychic Surge|[of] p2a: Indeedee\n|move|p1a: Slowking|Chilly Reception|p1a: Slowking\n|\n|t:|1697399859\n|switch|p1a: Corviknight|Corviknight, M|100\/100|[from] Chilly Reception\n|\n|-weather|Snow|[upkeep]\n|upkeep\n|turn|8\n|\n|t:|1697399876\n|move|p1a: Corviknight|Knock Off|p2a: Indeedee\n|-supereffective|p2a: Indeedee\n|-enditem|p2a: Indeedee|Focus Sash\n|-damage|p2a: Indeedee|1\/100\n|move|p2a: Indeedee|Psychic|p1a: Corviknight\n|-enditem|p1a: Corviknight|Focus Sash\n|-damage|p1a: Corviknight|1\/100\n|replace|p1a: Zoroark|Zoroark-Hisui, F\n|-end|p1a: Zoroark|Illusion\n|\n|-weather|none\n|upkeep\n|turn|9\n|\n|t:|1697399891\n|move|p1a: Zoroark|Knock Off|p2a: Indeedee\n|-supereffective|p2a: Indeedee\n|-damage|p2a: Indeedee|0 fnt\n|faint|p2a: Indeedee\n|\n|upkeep\n|\n|t:|1697399900\n|switch|p2a: Walking Wake|Walking Wake|76\/100\n|turn|10\n|\n|t:|1697399905\n|move|p2a: Walking Wake|Flip Turn|p1a: Zoroark\n|-damage|p1a: Zoroark|0 fnt\n|faint|p1a: Zoroark\n|\n|t:|1697399918\n|-end|p2a: Walking Wake|Protosynthesis|[silent]\n|switch|p2a: Mimikyu|Mimikyu, M|88\/100|[from] Flip Turn\n|\n|upkeep\n|\n|t:|1697399924\n|switch|p1a: Corviknight|Corviknight, M|99\/100\n|turn|11\n|\n|t:|1697399932\n|switch|p2a: Walking Wake|Walking Wake|76\/100\n|move|p1a: Corviknight|U-turn|p2a: Walking Wake\n|-damage|p2a: Walking Wake|60\/100\n|\n|t:|1697399938\n|switch|p1a: Slowking|Slowking, M|100\/100|[from] U-turn\n|\n|-fieldend|move: Psychic Terrain\n|upkeep\n|turn|12\n|\n|t:|1697399949\n|move|p2a: Walking Wake|Draco Meteor|p1a: Slowking\n|-damage|p1a: Slowking|62\/100\n|-unboost|p2a: Walking Wake|spa|2\n|move|p1a: Slowking|Chilly Reception|p1a: Slowking\n|-weather|Snow\n|\n|t:|1697399954\n|switch|p1a: Iron Valiant|Iron Valiant|100\/100|[from] Chilly Reception\n|-enditem|p1a: Iron Valiant|Booster Energy\n|-activate|p1a: Iron Valiant|ability: Quark Drive|[fromitem]\n|-start|p1a: Iron Valiant|quarkdriveatk\n|\n|-weather|Snow|[upkeep]\n|upkeep\n|turn|13\n|\n|t:|1697399965\n|-end|p2a: Walking Wake|Protosynthesis|[silent]\n|switch|p2a: Mimikyu|Mimikyu, M|88\/100\n|move|p1a: Iron Valiant|Moonblast|p2a: Mimikyu\n|-activate|p2a: Mimikyu|ability: Disguise\n|-damage|p2a: Mimikyu|88\/100\n|detailschange|p2a: Mimikyu|Mimikyu-Busted, M\n|-damage|p2a: Mimikyu|76\/100|[from] pokemon: Mimikyu-Busted\n|\n|-weather|Snow|[upkeep]\n|upkeep\n|turn|14\n|\n|t:|1697399974\n|move|p1a: Iron Valiant|Shadow Ball|p2a: Mimikyu\n|-supereffective|p2a: Mimikyu\n|-damage|p2a: Mimikyu|14\/100\n|move|p2a: Mimikyu|Play Rough|p1a: Iron Valiant\n|-supereffective|p1a: Iron Valiant\n|-damage|p1a: Iron Valiant|0 fnt\n|faint|p1a: Iron Valiant\n|-end|p1a: Iron Valiant|Quark Drive|[silent]\n|\n|-weather|Snow|[upkeep]\n|upkeep\n|\n|t:|1697399988\n|switch|p1a: Sandy Shocks|Sandy Shocks|100\/100\n|turn|15\n|\n|t:|1697399998\n|move|p2a: Mimikyu|Shadow Sneak|p1a: Sandy Shocks\n|-damage|p1a: Sandy Shocks|83\/100\n|move|p1a: Sandy Shocks|Spikes|p2a: Mimikyu\n|-sidestart|p2: Mideast Mimikyus|Spikes\n|\n|-weather|Snow|[upkeep]\n|upkeep\n|turn|16\n|\n|t:|1697400005\n|move|p1a: Sandy Shocks|Spikes|p2a: Mimikyu\n|-sidestart|p2: Mideast Mimikyus|Spikes\n|move|p2a: Mimikyu|Drain Punch|p1a: Sandy Shocks\n|-damage|p1a: Sandy Shocks|60\/100\n|-heal|p2a: Mimikyu|29\/100|[from] drain|[of] p1a: Sandy Shocks\n|\n|-weather|none\n|upkeep\n|turn|17\n|\n|t:|1697400012\n|move|p1a: Sandy Shocks|Stealth Rock|p2a: Mimikyu\n|-sidestart|p2: Mideast Mimikyus|move: Stealth Rock\n|move|p2a: Mimikyu|Swords Dance|p2a: Mimikyu\n|-boost|p2a: Mimikyu|atk|2\n|\n|upkeep\n|turn|18\n|\n|t:|1697400017\n|move|p2a: Mimikyu|Shadow Sneak|p1a: Sandy Shocks\n|-damage|p1a: Sandy Shocks|27\/100\n|move|p1a: Sandy Shocks|Thunderbolt|p2a: Mimikyu\n|-damage|p2a: Mimikyu|0 fnt\n|faint|p2a: Mimikyu\n|\n|upkeep\n|\n|t:|1697400044\n|switch|p2a: Walking Wake|Walking Wake|60\/100\n|-damage|p2a: Walking Wake|43\/100|[from] Spikes\n|-damage|p2a: Walking Wake|31\/100|[from] Stealth Rock\n|turn|19\n|\n|t:|1697400053\n|move|p2a: Walking Wake|Flip Turn|p1a: Sandy Shocks\n|-supereffective|p1a: Sandy Shocks\n|-damage|p1a: Sandy Shocks|0 fnt\n|faint|p1a: Sandy Shocks\n|-end|p1a: Sandy Shocks|Protosynthesis|[silent]\n|\n|t:|1697400058\n|-end|p2a: Walking Wake|Protosynthesis|[silent]\n|switch|p2a: Sneasler|Sneasler, F|100\/100|[from] Flip Turn\n|-damage|p2a: Sneasler|84\/100|[from] Spikes\n|-damage|p2a: Sneasler|78\/100|[from] Stealth Rock\n|\n|upkeep\n|\n|t:|1697400063\n|switch|p1a: Corviknight|Corviknight, M|99\/100\n|turn|20\n|\n|t:|1697400068\n|move|p2a: Sneasler|Close Combat|p1a: Corviknight\n|-damage|p1a: Corviknight|60\/100\n|-unboost|p2a: Sneasler|def|1\n|-unboost|p2a: Sneasler|spd|1\n|-enditem|p2a: Sneasler|White Herb\n|-clearnegativeboost|p2a: Sneasler|[silent]\n|move|p1a: Corviknight|Brave Bird|p2a: Sneasler\n|-supereffective|p2a: Sneasler\n|-damage|p2a: Sneasler|0 fnt\n|faint|p2a: Sneasler\n|-damage|p1a: Corviknight|41\/100|[from] Recoil\n|\n|-heal|p1a: Corviknight|47\/100|[from] item: Leftovers\n|upkeep\n|\n|t:|1697400080\n|switch|p2a: Walking Wake|Walking Wake|31\/100\n|-damage|p2a: Walking Wake|14\/100|[from] Spikes\n|-damage|p2a: Walking Wake|2\/100|[from] Stealth Rock\n|turn|21\n|\n|t:|1697400093\n|switch|p1a: Slowking|Slowking, M|95\/100\n|move|p2a: Walking Wake|Flamethrower|p1a: Slowking\n|-resisted|p1a: Slowking\n|-damage|p1a: Slowking|86\/100\n|\n|upkeep\n|turn|22\n|\n|t:|1697400098\n|move|p2a: Walking Wake|Flamethrower|p1a: Slowking\n|-resisted|p1a: Slowking\n|-damage|p1a: Slowking|78\/100\n|move|p1a: Slowking|Chilly Reception|p1a: Slowking\n|-weather|Snow\n|\n|t:|1697400101\n|switch|p1a: Baxcalibur|Baxcalibur, F|100\/100|[from] Chilly Reception\n|\n|-weather|Snow|[upkeep]\n|upkeep\n|turn|23\n|\n|t:|1697400107\n|move|p2a: Walking Wake|Flamethrower|p1a: Baxcalibur\n|-damage|p1a: Baxcalibur|70\/100\n|-ability|p1a: Baxcalibur|Thermal Exchange|boost\n|-boost|p1a: Baxcalibur|atk|1\n|move|p1a: Baxcalibur|Dragon Dance|p1a: Baxcalibur\n|-boost|p1a: Baxcalibur|atk|1\n|-boost|p1a: Baxcalibur|spe|1\n|\n|-weather|Snow|[upkeep]\n|upkeep\n|turn|24\n|\n|t:|1697400125\n|-terastallize|p1a: Baxcalibur|Dragon\n|move|p2a: Walking Wake|Flamethrower|p1a: Baxcalibur\n|-resisted|p1a: Baxcalibur\n|-damage|p1a: Baxcalibur|55\/100\n|-ability|p1a: Baxcalibur|Thermal Exchange|boost\n|-boost|p1a: Baxcalibur|atk|1\n|move|p1a: Baxcalibur|Dragon Dance|p1a: Baxcalibur\n|-boost|p1a: Baxcalibur|atk|1\n|-boost|p1a: Baxcalibur|spe|1\n|\n|-weather|Snow|[upkeep]\n|upkeep\n|turn|25\n|c|\u2606Mideast Mimikyus|gg\n|\n|t:|1697400136\n|move|p2a: Walking Wake|Flamethrower|p1a: Baxcalibur\n|-resisted|p1a: Baxcalibur\n|-damage|p1a: Baxcalibur|40\/100\n|-ability|p1a: Baxcalibur|Thermal Exchange|boost\n|-boost|p1a: Baxcalibur|atk|1\n|move|p1a: Baxcalibur|Icicle Spear|p2a: Walking Wake\n|-damage|p2a: Walking Wake|0 fnt\n|faint|p2a: Walking Wake\n|-end|p2a: Walking Wake|Protosynthesis|[silent]\n|-hitcount|p2: Walking Wake|1\n|\n|-weather|Snow|[upkeep]\n|upkeep\n|c|\u2606DGF Duckletts|Gg\n|\n|t:|1697400145\n|switch|p2a: Meowscarada|Meowscarada, M|100\/100\n|-damage|p2a: Meowscarada|84\/100|[from] Spikes\n|-damage|p2a: Meowscarada|72\/100|[from] Stealth Rock\n|turn|26\n|\n|t:|1697400153\n|move|p2a: Meowscarada|Sucker Punch|p1a: Baxcalibur\n|-damage|p1a: Baxcalibur|12\/100\n|move|p1a: Baxcalibur|Glaive Rush|p2a: Meowscarada\n|-damage|p2a: Meowscarada|0 fnt\n|-singlemove|p1a: Baxcalibur|Glaive Rush|[silent]\n|faint|p2a: Meowscarada\n|\n|win|DGF Duckletts\n","uploadtime":1697400163,"views":11,"p1id":"dgfduckletts","p2id":"mideastmimikyus","formatid":"gen9ubers","rating":0,"private":0,"password":""}