{"id":"gen9ubers-1994434171","p1":"mimkiug","p2":"zigneux","format":"[Gen 9] Ubers","log":"|j|\u2606mimkiug\n|j|\u2606zigneux\n|t:|1700443497\n|gametype|singles\n|player|p1|mimkiug|steven|\n|player|p2|zigneux|alder|\n|teamsize|p1|6\n|teamsize|p2|6\n|gen|9\n|tier|[Gen 9] Ubers\n|rated|Tournament battle\n|rule|Sleep Clause Mod: Limit one foe put to sleep\n|rule|Species Clause: Limit one of each Pok\u00e9mon\n|rule|OHKO Clause: OHKO moves are banned\n|rule|Evasion Items Clause: Evasion items are banned\n|rule|Evasion Moves Clause: Evasion moves are banned\n|rule|Endless Battle Clause: Forcing endless battles is banned\n|rule|HP Percentage Mod: HP is shown in percentages\n|clearpoke\n|poke|p1|Baxcalibur, F|\n|poke|p1|Flutter Mane|\n|poke|p1|Espathra, M|\n|poke|p1|Ogerpon-Hearthflame, F|\n|poke|p1|Annihilape, M|\n|poke|p1|Zacian-*|\n|poke|p2|Iron Leaves|\n|poke|p2|Miraidon|\n|poke|p2|Chien-Pao|\n|poke|p2|Grimmsnarl, M|\n|poke|p2|Iron Bundle|\n|poke|p2|Annihilape, M|\n|teampreview\n|\n|t:|1700443518\n|start\n|switch|p1a: Zacian|Zacian-Crowned|100\/100\n|switch|p2a: Iron Leaves|Iron Leaves|100\/100\n|-ability|p1a: Zacian|Intrepid Sword|boost\n|-boost|p1a: Zacian|atk|1\n|turn|1\n|\n|t:|1700443530\n|move|p2a: Iron Leaves|Swords Dance|p2a: Iron Leaves\n|-boost|p2a: Iron Leaves|atk|2\n|move|p1a: Zacian|Substitute|p1a: Zacian\n|-start|p1a: Zacian|Substitute\n|-damage|p1a: Zacian|76\/100\n|\n|upkeep\n|turn|2\n|\n|t:|1700443538\n|move|p2a: Iron Leaves|Trailblaze|p1a: Zacian\n|-resisted|p1a: Zacian\n|-end|p1a: Zacian|Substitute\n|-boost|p2a: Iron Leaves|spe|1\n|-damage|p2a: Iron Leaves|91\/100|[from] item: Life Orb\n|move|p1a: Zacian|Swords Dance|p1a: Zacian\n|-boost|p1a: Zacian|atk|2\n|\n|upkeep\n|turn|3\n|\n|t:|1700443548\n|move|p2a: Iron Leaves|Psyblade|p1a: Zacian\n|-resisted|p1a: Zacian\n|-damage|p1a: Zacian|36\/100\n|-damage|p2a: Iron Leaves|81\/100|[from] item: Life Orb\n|move|p1a: Zacian|Behemoth Blade|p2a: Iron Leaves\n|-damage|p2a: Iron Leaves|0 fnt\n|faint|p2a: Iron Leaves\n|-end|p2a: Iron Leaves|Quark Drive|[silent]\n|\n|upkeep\n|\n|t:|1700443572\n|switch|p2a: Grimmsnarl|Grimmsnarl, M|100\/100\n|turn|4\n|inactive|Battle timer is ON: inactive players will automatically lose when time's up. (requested by zigneux)\n|\n|t:|1700443583\n|move|p2a: Grimmsnarl|Reflect|p2a: Grimmsnarl\n|-sidestart|p2: zigneux|Reflect\n|move|p1a: Zacian|Behemoth Blade|p2a: Grimmsnarl\n|-supereffective|p2a: Grimmsnarl\n|-damage|p2a: Grimmsnarl|0 fnt\n|faint|p2a: Grimmsnarl\n|\n|upkeep\n|\n|t:|1700443592\n|switch|p2a: Miraidon|Miraidon|100\/100\n|-fieldstart|move: Electric Terrain|[from] ability: Hadron Engine|[of] p2a: Miraidon\n|turn|5\n|\n|t:|1700443596\n|move|p1a: Zacian|Play Rough|p2a: Miraidon\n|-supereffective|p2a: Miraidon\n|-damage|p2a: Miraidon|1\/100\n|move|p2a: Miraidon|Dazzling Gleam|p1a: Zacian\n|-resisted|p1a: Zacian\n|-damage|p1a: Zacian|20\/100\n|\n|-heal|p2a: Miraidon|7\/100|[from] item: Leftovers\n|upkeep\n|turn|6\n|\n|t:|1700443608\n|move|p1a: Zacian|Behemoth Blade|p2a: Miraidon\n|-resisted|p2a: Miraidon\n|-damage|p2a: Miraidon|0 fnt\n|faint|p2a: Miraidon\n|\n|upkeep\n|\n|t:|1700443610\n|switch|p2a: Iron Bundle|Iron Bundle|100\/100\n|-activate|p2a: Iron Bundle|ability: Quark Drive\n|-start|p2a: Iron Bundle|quarkdrivespe\n|turn|7\n|\n|t:|1700443619\n|move|p2a: Iron Bundle|Ice Beam|p1a: Zacian\n|-resisted|p1a: Zacian\n|-damage|p1a: Zacian|0 fnt\n|faint|p1a: Zacian\n|\n|upkeep\n|\n|t:|1700443623\n|switch|p1a: Ogerpon|Ogerpon-Hearthflame, F|100\/100\n|-ability|p1a: Ogerpon|Mold Breaker\n|turn|8\n|\n|t:|1700443629\n|-end|p2a: Iron Bundle|Quark Drive|[silent]\n|switch|p2a: Annihilape|Annihilape, M|100\/100\n|-terastallize|p1a: Ogerpon|Fire\n|detailschange|p1a: Ogerpon|Ogerpon-Hearthflame-Tera, F, tera:Fire\n|-ability|p1a: Ogerpon|Embody Aspect (Hearthflame)|boost\n|-boost|p1a: Ogerpon|atk|1\n|move|p1a: Ogerpon|Ivy Cudgel|p2a: Annihilape|[anim] Ivy Cudgel Fire\n|-damage|p2a: Annihilape|39\/100\n|\n|-heal|p2a: Annihilape|45\/100|[from] item: Leftovers\n|upkeep\n|turn|9\n|\n|t:|1700443642\n|-terastallize|p2a: Annihilape|Water\n|move|p1a: Ogerpon|Ivy Cudgel|p2a: Annihilape|[anim] Ivy Cudgel Fire\n|-resisted|p2a: Annihilape\n|-damage|p2a: Annihilape|14\/100\n|move|p2a: Annihilape|Rage Fist|p1a: Ogerpon\n|-damage|p1a: Ogerpon|30\/100\n|\n|-heal|p2a: Annihilape|20\/100|[from] item: Leftovers\n|-fieldend|move: Electric Terrain\n|upkeep\n|turn|10\n|\n|t:|1700443652\n|move|p1a: Ogerpon|Ivy Cudgel|p2a: Annihilape|[anim] Ivy Cudgel Fire\n|-resisted|p2a: Annihilape\n|-damage|p2a: Annihilape|0 fnt\n|faint|p2a: Annihilape\n|\n|upkeep\n|\n|t:|1700443656\n|switch|p2a: Iron Bundle|Iron Bundle|100\/100\n|turn|11\n|\n|t:|1700443668\n|move|p2a: Iron Bundle|Hydro Pump|p1a: Ogerpon\n|-supereffective|p1a: Ogerpon\n|-damage|p1a: Ogerpon|0 fnt\n|faint|p1a: Ogerpon\n|\n|-sideend|p2: zigneux|Reflect\n|upkeep\n|\n|t:|1700443674\n|switch|p1a: Espathra|Espathra, M, shiny|100\/100\n|turn|12\n|\n|t:|1700443677\n|move|p2a: Iron Bundle|Hydro Pump|p1a: Espathra\n|-damage|p1a: Espathra|0 fnt\n|faint|p1a: Espathra\n|\n|upkeep\n|\n|t:|1700443682\n|switch|p1a: Baxcalibur|Baxcalibur, F, shiny|100\/100\n|turn|13\n|\n|t:|1700443686\n|move|p2a: Iron Bundle|Hydro Pump|p1a: Baxcalibur\n|-resisted|p1a: Baxcalibur\n|-damage|p1a: Baxcalibur|53\/100\n|move|p1a: Baxcalibur|Iron Head|p2a: Iron Bundle\n|-crit|p2a: Iron Bundle\n|-damage|p2a: Iron Bundle|49\/100\n|\n|upkeep\n|turn|14\n|\n|t:|1700443694\n|move|p2a: Iron Bundle|Hydro Pump|p1a: Baxcalibur\n|-resisted|p1a: Baxcalibur\n|-damage|p1a: Baxcalibur|9\/100\n|move|p1a: Baxcalibur|Iron Head|p2a: Iron Bundle\n|-crit|p2a: Iron Bundle\n|-damage|p2a: Iron Bundle|0 fnt\n|faint|p2a: Iron Bundle\n|-end|p2a: Iron Bundle|Quark Drive|[silent]\n|\n|upkeep\n|\n|t:|1700443697\n|switch|p2a: Chien-Pao|Chien-Pao|100\/100\n|-ability|p2a: Chien-Pao|Sword of Ruin\n|turn|15\n|j|+corvere\u2665\n|\n|t:|1700443705\n|move|p2a: Chien-Pao|Sucker Punch|p1a: Baxcalibur\n|-damage|p1a: Baxcalibur|0 fnt\n|faint|p1a: Baxcalibur\n|\n|upkeep\n|\n|t:|1700443709\n|switch|p1a: Flutter Mane|Flutter Mane, shiny|100\/100\n|-enditem|p1a: Flutter Mane|Booster Energy\n|-activate|p1a: Flutter Mane|ability: Protosynthesis|[fromitem]\n|-start|p1a: Flutter Mane|protosynthesisspe\n|turn|16\n|\n|t:|1700443717\n|move|p2a: Chien-Pao|Sucker Punch||[still]\n|-fail|p2a: Chien-Pao\n|move|p1a: Flutter Mane|Calm Mind|p1a: Flutter Mane\n|-boost|p1a: Flutter Mane|spa|1\n|-boost|p1a: Flutter Mane|spd|1\n|\n|upkeep\n|turn|17\n|\n|t:|1700443720\n|move|p2a: Chien-Pao|Sucker Punch|p1a: Flutter Mane\n|-damage|p1a: Flutter Mane|0 fnt\n|faint|p1a: Flutter Mane\n|-end|p1a: Flutter Mane|Protosynthesis|[silent]\n|\n|upkeep\n|\n|t:|1700443722\n|switch|p1a: Annihilape|Annihilape, M, shiny|100\/100\n|turn|18\n|j| drey77\n|\n|t:|1700443733\n|move|p2a: Chien-Pao|Icicle Crash|p1a: Annihilape\n|-damage|p1a: Annihilape|34\/100\n|move|p1a: Annihilape|Close Combat|p2a: Chien-Pao\n|-supereffective|p2a: Chien-Pao\n|-damage|p2a: Chien-Pao|0 fnt\n|-unboost|p1a: Annihilape|def|1\n|-unboost|p1a: Annihilape|spd|1\n|faint|p2a: Chien-Pao\n|-damage|p1a: Annihilape|24\/100|[from] item: Life Orb\n|\n|win|mimkiug\n|n|\u2606mimkiug|mimkiug\n|n|\u2606zigneux|zigneux\n|n| corvere\u2665|corvere\n|n| drey77|drey77\n","uploadtime":1700443733,"views":3,"p1id":"mimkiug","p2id":"zigneux","formatid":"gen9ubers","rating":0,"private":0,"password":""}