{"id":"gen9ubers-2000365547","p1":"Shindakage","p2":"Bluesnake10","format":"[Gen 9] Ubers","log":"|j|\u2606Shindakage\n|j|\u2606Bluesnake10\n|t:|1701188674\n|gametype|singles\n|player|p1|Shindakage|drayden|1056\n|player|p2|Bluesnake10|2|1000\n|teamsize|p1|6\n|teamsize|p2|6\n|gen|9\n|tier|[Gen 9] Ubers\n|rated|\n|rule|Sleep Clause Mod: Limit one foe put to sleep\n|rule|Species Clause: Limit one of each Pok\u00e9mon\n|rule|OHKO Clause: OHKO moves are banned\n|rule|Evasion Items Clause: Evasion items are banned\n|rule|Evasion Moves Clause: Evasion moves are banned\n|rule|Endless Battle Clause: Forcing endless battles is banned\n|rule|HP Percentage Mod: HP is shown in percentages\n|clearpoke\n|poke|p1|Chesnaught, F|\n|poke|p1|Frosmoth, M|\n|poke|p1|Flutter Mane|\n|poke|p1|Ceruledge, M|\n|poke|p1|Dragonite, F|\n|poke|p1|Koraidon|\n|poke|p2|Annihilape, F|\n|poke|p2|Chien-Pao|\n|poke|p2|Roaring Moon|\n|poke|p2|Urshifu-*, F|\n|poke|p2|Ursaluna-Bloodmoon, M|\n|poke|p2|Greninja-*, M|\n|teampreview\n|\n|t:|1701188701\n|start\n|switch|p1a: Ceruledge|Ceruledge, M|100\/100\n|switch|p2a: Greninja|Greninja, M|100\/100\n|turn|1\n|\n|t:|1701188719\n|-terastallize|p1a: Ceruledge|Steel\n|move|p2a: Greninja|Spikes|p1a: Ceruledge\n|-sidestart|p1: Shindakage|Spikes\n|move|p1a: Ceruledge|Close Combat|p2a: Greninja\n|-supereffective|p2a: Greninja\n|-enditem|p2a: Greninja|Focus Sash\n|-damage|p2a: Greninja|1\/100\n|-unboost|p1a: Ceruledge|def|1\n|-unboost|p1a: Ceruledge|spd|1\n|\n|upkeep\n|turn|2\n|\n|t:|1701188732\n|-terastallize|p2a: Greninja|Water\n|move|p2a: Greninja|Spikes|p1a: Ceruledge\n|-sidestart|p1: Shindakage|Spikes\n|move|p1a: Ceruledge|Close Combat|p2a: Greninja\n|-damage|p2a: Greninja|0 fnt\n|-unboost|p1a: Ceruledge|def|1\n|-unboost|p1a: Ceruledge|spd|1\n|faint|p2a: Greninja\n|\n|upkeep\n|\n|t:|1701188748\n|switch|p2a: Annihilape|Annihilape, F|100\/100\n|turn|3\n|\n|t:|1701188759\n|move|p2a: Annihilape|Bulk Up|p2a: Annihilape\n|-boost|p2a: Annihilape|atk|1\n|-boost|p2a: Annihilape|def|1\n|move|p1a: Ceruledge|Poltergeist|p2a: Annihilape\n|-activate|p2a: Annihilape|move: Poltergeist|Leftovers\n|-supereffective|p2a: Annihilape\n|-damage|p2a: Annihilape|14\/100\n|\n|-heal|p2a: Annihilape|20\/100|[from] item: Leftovers\n|upkeep\n|turn|4\n|\n|t:|1701188773\n|move|p2a: Annihilape|Drain Punch|p1a: Ceruledge\n|-supereffective|p1a: Ceruledge\n|-damage|p1a: Ceruledge|0 fnt\n|-heal|p2a: Annihilape|60\/100|[from] drain|[of] p1a: Ceruledge\n|faint|p1a: Ceruledge\n|\n|-heal|p2a: Annihilape|66\/100|[from] item: Leftovers\n|upkeep\n|\n|t:|1701188781\n|switch|p1a: Flutter Mane|Flutter Mane|100\/100\n|-damage|p1a: Flutter Mane|84\/100|[from] Spikes\n|turn|5\n|\n|t:|1701188797\n|move|p1a: Flutter Mane|Dazzling Gleam|p2a: Annihilape\n|-supereffective|p2a: Annihilape\n|-damage|p2a: Annihilape|0 fnt\n|faint|p2a: Annihilape\n|-damage|p1a: Flutter Mane|74\/100|[from] item: Life Orb\n|\n|upkeep\n|\n|t:|1701188804\n|switch|p2a: Ursaluna|Ursaluna-Bloodmoon, M|100\/100\n|turn|6\n|\n|t:|1701188809\n|move|p1a: Flutter Mane|Calm Mind|p1a: Flutter Mane\n|-boost|p1a: Flutter Mane|spa|1\n|-boost|p1a: Flutter Mane|spd|1\n|move|p2a: Ursaluna|Blood Moon|p1a: Flutter Mane\n|-damage|p1a: Flutter Mane|16\/100\n|\n|upkeep\n|turn|7\n|\n|t:|1701188816\n|move|p2a: Ursaluna|Protect|p2a: Ursaluna\n|-singleturn|p2a: Ursaluna|Protect\n|move|p1a: Flutter Mane|Rest|p1a: Flutter Mane\n|-status|p1a: Flutter Mane|slp|[from] move: Rest\n|-heal|p1a: Flutter Mane|100\/100 slp|[silent]\n|\n|upkeep\n|turn|8\n|\n|t:|1701188826\n|cant|p1a: Flutter Mane|slp\n|move|p1a: Flutter Mane|Sleep Talk|p1a: Flutter Mane\n|move|p1a: Flutter Mane|Rest||[from]move: Sleep Talk|[still]\n|-fail|p1a: Flutter Mane\n|move|p2a: Ursaluna|Blood Moon|p1a: Flutter Mane\n|-damage|p1a: Flutter Mane|46\/100 slp\n|\n|upkeep\n|turn|9\n|\n|t:|1701188846\n|cant|p1a: Flutter Mane|slp\n|move|p1a: Flutter Mane|Sleep Talk|p1a: Flutter Mane\n|move|p1a: Flutter Mane|Dazzling Gleam|p2a: Ursaluna|[from]move: Sleep Talk\n|-damage|p2a: Ursaluna|0 fnt\n|faint|p2a: Ursaluna\n|-damage|p1a: Flutter Mane|36\/100 slp|[from] item: Life Orb\n|\n|upkeep\n|\n|t:|1701188854\n|switch|p2a: Roaring Moon|Roaring Moon|100\/100\n|-enditem|p2a: Roaring Moon|Booster Energy\n|-activate|p2a: Roaring Moon|ability: Protosynthesis|[fromitem]\n|-start|p2a: Roaring Moon|protosynthesisatk\n|turn|10\n|\n|t:|1701188865\n|-curestatus|p1a: Flutter Mane|slp|[msg]\n|move|p1a: Flutter Mane|Sleep Talk||[still]\n|-fail|p1a: Flutter Mane\n|move|p2a: Roaring Moon|Acrobatics|p1a: Flutter Mane\n|-damage|p1a: Flutter Mane|0 fnt\n|faint|p1a: Flutter Mane\n|-end|p1a: Flutter Mane|Protosynthesis|[silent]\n|\n|upkeep\n|\n|t:|1701188875\n|switch|p1a: Koraidon|Koraidon|100\/100\n|-damage|p1a: Koraidon|84\/100|[from] Spikes\n|-weather|SunnyDay|[from] ability: Orichalcum Pulse|[of] p1a: Koraidon\n|-activate|p1a: Koraidon|Orichalcum Pulse|[source]\n|turn|11\n|\n|t:|1701188883\n|move|p1a: Koraidon|Collision Course|p2a: Roaring Moon\n|-supereffective|p2a: Roaring Moon\n|-damage|p2a: Roaring Moon|0 fnt\n|faint|p2a: Roaring Moon\n|-end|p2a: Roaring Moon|Protosynthesis|[silent]\n|-damage|p1a: Koraidon|74\/100|[from] item: Life Orb\n|\n|-weather|SunnyDay|[upkeep]\n|upkeep\n|\n|t:|1701188888\n|switch|p2a: Urshifu|Urshifu-Rapid-Strike, F|100\/100\n|turn|12\n|\n|t:|1701188894\n|move|p1a: Koraidon|Wild Charge|p2a: Urshifu\n|-supereffective|p2a: Urshifu\n|-damage|p2a: Urshifu|0 fnt\n|faint|p2a: Urshifu\n|-damage|p1a: Koraidon|49\/100|[from] Recoil\n|-damage|p1a: Koraidon|39\/100|[from] item: Life Orb\n|\n|-weather|SunnyDay|[upkeep]\n|upkeep\n|\n|t:|1701188899\n|switch|p2a: Chien-Pao|Chien-Pao|100\/100\n|-ability|p2a: Chien-Pao|Sword of Ruin\n|turn|13\n|\n|t:|1701188916\n|move|p1a: Koraidon|Wild Charge|p2a: Chien-Pao\n|-damage|p2a: Chien-Pao|18\/100\n|-damage|p1a: Koraidon|21\/100|[from] Recoil\n|-damage|p1a: Koraidon|11\/100|[from] item: Life Orb\n|move|p2a: Chien-Pao|Sacred Sword|p1a: Koraidon\n|-damage|p1a: Koraidon|0 fnt\n|faint|p1a: Koraidon\n|\n|-weather|SunnyDay|[upkeep]\n|upkeep\n|\n|t:|1701188926\n|switch|p1a: Dragonite|Dragonite, F|100\/100\n|turn|14\n|\n|t:|1701188936\n|move|p1a: Dragonite|Extreme Speed|p2a: Chien-Pao\n|-damage|p2a: Chien-Pao|0 fnt\n|faint|p2a: Chien-Pao\n|\n|win|Shindakage\n|raw|Shindakage's rating: 1056 &rarr; <strong>1083<\/strong><br \/>(+27 for winning)\n|raw|Bluesnake10's rating: 1000 &rarr; <strong>1000<\/strong><br \/>(+0 for losing)\n|l|\u2606Bluesnake10\n","uploadtime":1701188957,"views":14,"p1id":"shindakage","p2id":"bluesnake10","formatid":"gen9ubers","rating":1000,"private":0,"password":""}