{"id":"gen9ubers-1976314926","p1":"Haymaker92","p2":"Du-Gi-Oh","format":"[Gen 9] Ubers","log":"|j|\u2606Haymaker92\n|j|\u2606Du-Gi-Oh\n|t:|1698285612\n|gametype|singles\n|player|p1|Haymaker92|biker-gen4|\n|player|p2|Du-Gi-Oh|169|\n|teamsize|p1|6\n|teamsize|p2|6\n|gen|9\n|tier|[Gen 9] Ubers\n|rule|Sleep Clause Mod: Limit one foe put to sleep\n|rule|Species Clause: Limit one of each Pok\u00e9mon\n|rule|OHKO Clause: OHKO moves are banned\n|rule|Evasion Items Clause: Evasion items are banned\n|rule|Evasion Moves Clause: Evasion moves are banned\n|rule|Endless Battle Clause: Forcing endless battles is banned\n|rule|HP Percentage Mod: HP is shown in percentages\n|clearpoke\n|poke|p1|Iron Valiant|\n|poke|p1|Ursaluna-Bloodmoon, M|\n|poke|p1|Slowbro-Galar, M|\n|poke|p1|Rotom-Heat|\n|poke|p1|Orthworm, F|\n|poke|p1|Tyranitar, F|\n|poke|p2|Dondozo, M|\n|poke|p2|Chien-Pao|\n|poke|p2|Magearna|\n|poke|p2|Hawlucha, F|\n|poke|p2|Cloyster, M|\n|poke|p2|Jolteon, F|\n|teampreview\n|inactive|Battle timer is ON: inactive players will automatically lose when time's up. (requested by Haymaker92)\n|\n|t:|1698285646\n|start\n|switch|p1a: Orthworm|Orthworm, F|100\/100\n|switch|p2a: Hawlucha|Hawlucha, F|100\/100\n|turn|1\n|\n|t:|1698285659\n|move|p2a: Hawlucha|Close Combat|p1a: Orthworm\n|-supereffective|p1a: Orthworm\n|-damage|p1a: Orthworm|12\/100\n|-unboost|p2a: Hawlucha|def|1\n|-unboost|p2a: Hawlucha|spd|1\n|-enditem|p1a: Orthworm|Sitrus Berry|[eat]\n|-heal|p1a: Orthworm|37\/100|[from] item: Sitrus Berry\n|move|p1a: Orthworm|Shed Tail|p1a: Orthworm\n|-fail|p1a: Orthworm|move: Shed Tail|[weak]\n|\n|upkeep\n|turn|2\n|\n|t:|1698285670\n|move|p2a: Hawlucha|Close Combat|p1a: Orthworm\n|-supereffective|p1a: Orthworm\n|-damage|p1a: Orthworm|0 fnt\n|-unboost|p2a: Hawlucha|def|1\n|-unboost|p2a: Hawlucha|spd|1\n|faint|p1a: Orthworm\n|\n|upkeep\n|\n|t:|1698285672\n|switch|p1a: Rotom|Rotom-Heat|100\/100\n|turn|3\n|\n|t:|1698285686\n|switch|p2a: Jolteon|Jolteon, F|100\/100\n|move|p1a: Rotom|Overheat|p2a: Jolteon\n|-damage|p2a: Jolteon|37\/100\n|-unboost|p1a: Rotom|spa|2\n|-enditem|p2a: Jolteon|Red Card|[of] p1a: Rotom\n|drag|p1a: Iron Valiant|Iron Valiant|100\/100\n|-enditem|p1a: Iron Valiant|Booster Energy\n|-activate|p1a: Iron Valiant|ability: Quark Drive|[fromitem]\n|-start|p1a: Iron Valiant|quarkdrivespe\n|\n|upkeep\n|turn|4\n|\n|t:|1698285698\n|-end|p1a: Iron Valiant|Quark Drive|[silent]\n|switch|p1a: Ursaluna|Ursaluna-Bloodmoon, M|100\/100\n|move|p2a: Jolteon|Thunder Wave|p1a: Ursaluna\n|-immune|p1a: Ursaluna\n|\n|upkeep\n|turn|5\n|\n|t:|1698285707\n|move|p2a: Jolteon|Protect|p2a: Jolteon\n|-singleturn|p2a: Jolteon|Protect\n|move|p1a: Ursaluna|Blood Moon|p2a: Jolteon\n|-activate|p2a: Jolteon|move: Protect\n|\n|upkeep\n|turn|6\n|\n|t:|1698285712\n|move|p2a: Jolteon|Wish|p2a: Jolteon\n|move|p1a: Ursaluna|Tera Blast|p2a: Jolteon\n|-damage|p2a: Jolteon|0 fnt\n|faint|p2a: Jolteon\n|\n|upkeep\n|\n|t:|1698285725\n|switch|p2a: Dondozo|Dondozo, M|100\/100\n|turn|7\n|\n|t:|1698285729\n|-terastallize|p1a: Ursaluna|Electric\n|move|p1a: Ursaluna|Tera Blast|p2a: Dondozo|[anim] Tera Blast Electric\n|-supereffective|p2a: Dondozo\n|-damage|p2a: Dondozo|9\/100\n|move|p2a: Dondozo|Yawn|p1a: Ursaluna\n|-start|p1a: Ursaluna|move: Yawn|[of] p2a: Dondozo\n|\n|-heal|p2a: Dondozo|42\/100|[from] move: Wish|[wisher] Jolteon\n|upkeep\n|turn|8\n|inactive|Du-Gi-Oh has 270 seconds left.\n|\n|t:|1698285783\n|switch|p1a: Iron Valiant|Iron Valiant|100\/100\n|move|p2a: Dondozo|Liquidation|p1a: Iron Valiant\n|-damage|p1a: Iron Valiant|65\/100\n|\n|upkeep\n|turn|9\n|\n|t:|1698285795\n|move|p1a: Iron Valiant|Thunderbolt|p2a: Dondozo\n|-supereffective|p2a: Dondozo\n|-damage|p2a: Dondozo|0 fnt\n|faint|p2a: Dondozo\n|\n|upkeep\n|inactive|Du-Gi-Oh has 240 seconds left.\n|\n|t:|1698285828\n|switch|p2a: Hawlucha|Hawlucha, F|100\/100\n|turn|10\n|\n|t:|1698285837\n|move|p2a: Hawlucha|Iron Head|p1a: Iron Valiant\n|-supereffective|p1a: Iron Valiant\n|-damage|p1a: Iron Valiant|0 fnt\n|faint|p1a: Iron Valiant\n|-end|p1a: Iron Valiant|Quark Drive|[silent]\n|\n|upkeep\n|\n|t:|1698285844\n|switch|p1a: Rotom|Rotom-Heat|100\/100\n|turn|11\n|inactive|Du-Gi-Oh has 240 seconds left.\n|\n|t:|1698285864\n|move|p1a: Rotom|Thunderbolt|p2a: Hawlucha\n|-supereffective|p2a: Hawlucha\n|-damage|p2a: Hawlucha|0 fnt\n|faint|p2a: Hawlucha\n|\n|upkeep\n|\n|t:|1698285886\n|switch|p2a: Cloyster|Cloyster, M|100\/100\n|turn|12\n|\n|t:|1698285890\n|move|p1a: Rotom|Thunderbolt|p2a: Cloyster\n|-supereffective|p2a: Cloyster\n|-enditem|p2a: Cloyster|Focus Sash\n|-damage|p2a: Cloyster|1\/100\n|move|p2a: Cloyster|Shell Smash|p2a: Cloyster\n|-unboost|p2a: Cloyster|def|1\n|-unboost|p2a: Cloyster|spd|1\n|-boost|p2a: Cloyster|atk|2\n|-boost|p2a: Cloyster|spa|2\n|-boost|p2a: Cloyster|spe|2\n|\n|upkeep\n|turn|13\n|\n|t:|1698285896\n|move|p2a: Cloyster|Rock Blast|p1a: Rotom|[miss]\n|-miss|p2a: Cloyster|p1a: Rotom\n|move|p1a: Rotom|Thunderbolt|p2a: Cloyster\n|-supereffective|p2a: Cloyster\n|-damage|p2a: Cloyster|0 fnt\n|faint|p2a: Cloyster\n|\n|upkeep\n|\n|t:|1698285914\n|switch|p2a: Magearna|Magearna|100\/100\n|turn|14\n|\n|t:|1698285936\n|move|p1a: Rotom|Thunderbolt|p2a: Magearna\n|-damage|p2a: Magearna|64\/100\n|move|p2a: Magearna|Calm Mind|p2a: Magearna\n|-boost|p2a: Magearna|spa|1\n|-boost|p2a: Magearna|spd|1\n|\n|-heal|p2a: Magearna|70\/100|[from] item: Leftovers\n|upkeep\n|turn|15\n|\n|t:|1698285943\n|move|p1a: Rotom|Thunderbolt|p2a: Magearna\n|-damage|p2a: Magearna|46\/100\n|-status|p2a: Magearna|par\n|cant|p2a: Magearna|par\n|\n|-heal|p2a: Magearna|52\/100 par|[from] item: Leftovers\n|upkeep\n|turn|16\n|\n|t:|1698285947\n|move|p1a: Rotom|Thunderbolt|p2a: Magearna\n|-damage|p2a: Magearna|28\/100 par\n|cant|p2a: Magearna|par\n|\n|-heal|p2a: Magearna|34\/100 par|[from] item: Leftovers\n|upkeep\n|turn|17\n|\n|t:|1698285953\n|move|p1a: Rotom|Thunderbolt|p2a: Magearna\n|-damage|p2a: Magearna|12\/100 par\n|move|p2a: Magearna|Draining Kiss|p1a: Rotom\n|-resisted|p1a: Rotom\n|-damage|p1a: Rotom|72\/100\n|-heal|p2a: Magearna|26\/100 par|[from] drain|[of] p1a: Rotom\n|\n|-heal|p2a: Magearna|32\/100 par|[from] item: Leftovers\n|upkeep\n|turn|18\n|\n|t:|1698285960\n|move|p1a: Rotom|Thunderbolt|p2a: Magearna\n|-damage|p2a: Magearna|10\/100 par\n|move|p2a: Magearna|Draining Kiss|p1a: Rotom\n|-resisted|p1a: Rotom\n|-damage|p1a: Rotom|44\/100\n|-heal|p2a: Magearna|24\/100 par|[from] drain|[of] p1a: Rotom\n|\n|-heal|p2a: Magearna|30\/100 par|[from] item: Leftovers\n|upkeep\n|turn|19\n|\n|t:|1698285964\n|move|p1a: Rotom|Thunderbolt|p2a: Magearna\n|-damage|p2a: Magearna|7\/100 par\n|cant|p2a: Magearna|par\n|\n|-heal|p2a: Magearna|13\/100 par|[from] item: Leftovers\n|upkeep\n|turn|20\n|\n|t:|1698285973\n|move|p1a: Rotom|Thunderbolt|p2a: Magearna\n|-damage|p2a: Magearna|0 fnt\n|faint|p2a: Magearna\n|\n|upkeep\n|\n|t:|1698285975\n|switch|p2a: Chien-Pao|Chien-Pao|100\/100\n|-ability|p2a: Chien-Pao|Sword of Ruin\n|turn|21\n|\n|t:|1698285989\n|move|p2a: Chien-Pao|Icicle Crash|p1a: Rotom\n|-resisted|p1a: Rotom\n|-damage|p1a: Rotom|7\/100\n|move|p1a: Rotom|Thunderbolt|p2a: Chien-Pao\n|-damage|p2a: Chien-Pao|24\/100\n|\n|upkeep\n|turn|22\n|\n|t:|1698285995\n|move|p2a: Chien-Pao|Icicle Crash|p1a: Rotom\n|-resisted|p1a: Rotom\n|-damage|p1a: Rotom|0 fnt\n|faint|p1a: Rotom\n|\n|upkeep\n|\n|t:|1698285996\n|switch|p1a: Ursaluna|Ursaluna-Bloodmoon, M, tera:Electric|100\/100\n|turn|23\n|\n|t:|1698286001\n|-terastallize|p2a: Chien-Pao|Ground\n|move|p1a: Ursaluna|Vacuum Wave|p2a: Chien-Pao\n|-damage|p2a: Chien-Pao|0 fnt\n|faint|p2a: Chien-Pao\n|\n|win|Haymaker92\n","uploadtime":1698286009,"views":14,"p1id":"haymaker92","p2id":"dugioh","formatid":"gen9ubers","rating":0,"private":0,"password":""}