{"id":"gen9ubers-1974270913","p1":"VahnNFG","p2":"gronesito","format":"[Gen 9] Ubers","log":"|j|\u2606VahnNFG\n|j|\u2606gronesito\n|t:|1698073674\n|gametype|singles\n|player|p1|VahnNFG|101|1323\n|player|p2|gronesito|drayden|1322\n|teamsize|p1|6\n|teamsize|p2|6\n|gen|9\n|tier|[Gen 9] Ubers\n|rated|\n|rule|Sleep Clause Mod: Limit one foe put to sleep\n|rule|Species Clause: Limit one of each Pok\u00e9mon\n|rule|OHKO Clause: OHKO moves are banned\n|rule|Evasion Items Clause: Evasion items are banned\n|rule|Evasion Moves Clause: Evasion moves are banned\n|rule|Endless Battle Clause: Forcing endless battles is banned\n|rule|HP Percentage Mod: HP is shown in percentages\n|clearpoke\n|poke|p1|Koraidon|\n|poke|p1|Hatterene, F|\n|poke|p1|Zacian-*|\n|poke|p1|Kricketune, F|\n|poke|p1|Ribombee, M|\n|poke|p1|Calyrex-Ice|\n|poke|p2|Zacian-*|\n|poke|p2|Flutter Mane|\n|poke|p2|Koraidon|\n|poke|p2|Miraidon|\n|poke|p2|Landorus-Therian, M|\n|poke|p2|Urshifu-*, F|\n|teampreview\n|inactive|Battle timer is ON: inactive players will automatically lose when time's up. (requested by gronesito)\n|\n|t:|1698073682\n|start\n|switch|p1a: Hatterene|Hatterene, F, shiny|100\/100\n|switch|p2a: Urshifu|Urshifu, F|100\/100\n|turn|1\n|\n|t:|1698073685\n|move|p2a: Urshifu|U-turn|p1a: Hatterene\n|-damage|p1a: Hatterene|74\/100\n|\n|t:|1698073688\n|switch|p2a: Landorus|Landorus-Therian, M|100\/100|[from] U-turn\n|-ability|p2a: Landorus|Intimidate|boost\n|-unboost|p1a: Hatterene|atk|1\n|move|p1a: Hatterene|Trick Room|p1a: Hatterene\n|-fieldstart|move: Trick Room|[of] p1a: Hatterene\n|\n|upkeep\n|turn|2\n|\n|t:|1698073693\n|move|p1a: Hatterene|Dazzling Gleam|p2a: Landorus\n|-damage|p2a: Landorus|28\/100\n|-damage|p1a: Hatterene|64\/100|[from] item: Life Orb\n|move|p2a: Landorus|Earthquake|p1a: Hatterene\n|-damage|p1a: Hatterene|0 fnt\n|faint|p1a: Hatterene\n|\n|-heal|p2a: Landorus|34\/100|[from] item: Leftovers\n|upkeep\n|\n|t:|1698073700\n|switch|p1a: Calyrex|Calyrex-Ice|100\/100\n|-ability|p1a: Calyrex|As One\n|-ability|p1a: Calyrex|Unnerve\n|turn|3\n|j| minhlehoangg\n|\n|t:|1698073707\n|switch|p2a: Urshifu|Urshifu, F|100\/100\n|move|p1a: Calyrex|Glacial Lance|p2a: Urshifu\n|-damage|p2a: Urshifu|13\/100\n|\n|upkeep\n|turn|4\n|\n|t:|1698073718\n|move|p1a: Calyrex|Glacial Lance|p2a: Urshifu\n|-damage|p2a: Urshifu|0 fnt\n|faint|p2a: Urshifu\n|-ability|p1a: Calyrex|Chilling Neigh|boost\n|-boost|p1a: Calyrex|atk|1\n|\n|upkeep\n|\n|t:|1698073721\n|switch|p2a: Landorus|Landorus-Therian, M|34\/100\n|-ability|p2a: Landorus|Intimidate|boost\n|-unboost|p1a: Calyrex|atk|1\n|turn|5\n|\n|t:|1698073726\n|switch|p2a: Zacian|Zacian-Crowned|100\/100\n|-ability|p2a: Zacian|Intrepid Sword|boost\n|-boost|p2a: Zacian|atk|1\n|move|p1a: Calyrex|High Horsepower|p2a: Zacian\n|-supereffective|p2a: Zacian\n|-damage|p2a: Zacian|24\/100\n|\n|-fieldend|move: Trick Room\n|upkeep\n|turn|6\n|\n|t:|1698073732\n|-terastallize|p1a: Calyrex|Ground\n|move|p2a: Zacian|Behemoth Blade|p1a: Calyrex\n|-damage|p1a: Calyrex|51\/100\n|move|p1a: Calyrex|Trick Room|p1a: Calyrex\n|-fieldstart|move: Trick Room|[of] p1a: Calyrex\n|\n|upkeep\n|turn|7\n|\n|t:|1698073737\n|move|p1a: Calyrex|Glacial Lance|p2a: Zacian\n|-resisted|p2a: Zacian\n|-damage|p2a: Zacian|0 fnt\n|faint|p2a: Zacian\n|-ability|p1a: Calyrex|Chilling Neigh|boost\n|-boost|p1a: Calyrex|atk|1\n|\n|upkeep\n|\n|t:|1698073741\n|switch|p2a: Landorus|Landorus-Therian, M|34\/100\n|-ability|p2a: Landorus|Intimidate|boost\n|-unboost|p1a: Calyrex|atk|1\n|turn|8\n|\n|t:|1698073743\n|move|p1a: Calyrex|Glacial Lance|p2a: Landorus\n|-supereffective|p2a: Landorus\n|-damage|p2a: Landorus|0 fnt\n|faint|p2a: Landorus\n|-ability|p1a: Calyrex|Chilling Neigh|boost\n|-boost|p1a: Calyrex|atk|1\n|\n|upkeep\n|\n|t:|1698073747\n|switch|p2a: Koraidon|Koraidon|100\/100\n|-weather|SunnyDay|[from] ability: Orichalcum Pulse|[of] p2a: Koraidon\n|-activate|p2a: Koraidon|Orichalcum Pulse|[source]\n|turn|9\n|\n|t:|1698073751\n|switch|p2a: Miraidon|Miraidon|100\/100\n|-fieldstart|move: Electric Terrain|[from] ability: Hadron Engine|[of] p2a: Miraidon\n|move|p1a: Calyrex|High Horsepower|p2a: Miraidon\n|-supereffective|p2a: Miraidon\n|-damage|p2a: Miraidon|0 fnt\n|faint|p2a: Miraidon\n|-ability|p1a: Calyrex|Chilling Neigh|boost\n|-boost|p1a: Calyrex|atk|1\n|\n|-weather|SunnyDay|[upkeep]\n|upkeep\n|\n|t:|1698073754\n|switch|p2a: Koraidon|Koraidon|100\/100\n|-activate|p2a: Koraidon|ability: Orichalcum Pulse\n|turn|10\n|\n|t:|1698073756\n|-terastallize|p2a: Koraidon|Fire\n|move|p1a: Calyrex|High Horsepower|p2a: Koraidon\n|-supereffective|p2a: Koraidon\n|-damage|p2a: Koraidon|0 fnt\n|faint|p2a: Koraidon\n|-ability|p1a: Calyrex|Chilling Neigh|boost\n|-boost|p1a: Calyrex|atk|1\n|\n|-weather|SunnyDay|[upkeep]\n|-fieldend|move: Trick Room\n|upkeep\n|-message|gronesito forfeited.\n|\n|win|VahnNFG\n|raw|VahnNFG's rating: 1323 &rarr; <strong>1343<\/strong><br \/>(+20 for winning)\n|raw|gronesito's rating: 1322 &rarr; <strong>1302<\/strong><br \/>(-20 for losing)\n|l|\u2606gronesito\n|l|\u2606VahnNFG\n","uploadtime":1698073768,"views":15,"p1id":"vahnnfg","p2id":"gronesito","formatid":"gen9ubers","rating":1302,"private":0,"password":""}