{"id":"gen9ubers-1978977412","p1":"Anne Frankkkk","p2":"Goldtingle","format":"[Gen 9] Ubers","log":"|j|\u2606Anne Frankkkk\n|j|\u2606Goldtingle\n|t:|1698616834\n|gametype|singles\n|player|p1|Anne Frankkkk|hilbert|1155\n|player|p2|Goldtingle|crasherwake|1103\n|teamsize|p1|6\n|teamsize|p2|6\n|gen|9\n|tier|[Gen 9] Ubers\n|rated|\n|rule|Sleep Clause Mod: Limit one foe put to sleep\n|rule|Species Clause: Limit one of each Pok\u00e9mon\n|rule|OHKO Clause: OHKO moves are banned\n|rule|Evasion Items Clause: Evasion items are banned\n|rule|Evasion Moves Clause: Evasion moves are banned\n|rule|Endless Battle Clause: Forcing endless battles is banned\n|rule|HP Percentage Mod: HP is shown in percentages\n|clearpoke\n|poke|p1|Iron Hands|\n|poke|p1|Kyogre|\n|poke|p1|Chien-Pao|\n|poke|p1|Ribombee, F|\n|poke|p1|Miraidon|\n|poke|p1|Flutter Mane|\n|poke|p2|Annihilape, F|\n|poke|p2|Jolteon, M|\n|poke|p2|Clodsire, F|\n|poke|p2|Scizor, F|\n|poke|p2|Charizard, M|\n|poke|p2|Greninja-*, M|\n|teampreview\n|\n|t:|1698616840\n|start\n|switch|p1a: Moonblast|Ribombee, F, shiny|100\/100\n|switch|p2a: Shinobu|Clodsire, F|100\/100\n|turn|1\n|\n|t:|1698616846\n|move|p1a: Moonblast|Sticky Web|p2a: Shinobu\n|-sidestart|p2: Goldtingle|move: Sticky Web\n|move|p2a: Shinobu|Toxic|p1a: Moonblast\n|-status|p1a: Moonblast|tox\n|\n|-damage|p1a: Moonblast|94\/100 tox|[from] psn\n|upkeep\n|turn|2\n|\n|t:|1698616853\n|switch|p1a: Ice Cat|Chien-Pao|100\/100\n|-ability|p1a: Ice Cat|Sword of Ruin\n|move|p2a: Shinobu|Protect||[still]\n|-fail|p2a: Shinobu\n|\n|upkeep\n|turn|3\n|inactive|Battle timer is ON: inactive players will automatically lose when time's up. (requested by Anne Frankkkk)\n|\n|t:|1698616860\n|switch|p2a: Charizard|Charizard, M|100\/100\n|move|p1a: Ice Cat|Swords Dance|p1a: Ice Cat\n|-boost|p1a: Ice Cat|atk|2\n|\n|upkeep\n|turn|4\n|\n|t:|1698616867\n|move|p1a: Ice Cat|Ice Spinner|p2a: Charizard\n|-damage|p2a: Charizard|0 fnt\n|faint|p2a: Charizard\n|-damage|p1a: Ice Cat|91\/100|[from] item: Life Orb\n|\n|upkeep\n|\n|t:|1698616873\n|switch|p2a: Ryunosuke|Annihilape, F|100\/100\n|-activate|p2a: Ryunosuke|move: Sticky Web\n|-unboost|p2a: Ryunosuke|spe|1\n|turn|5\n|\n|t:|1698616879\n|move|p1a: Ice Cat|Ice Spinner|p2a: Ryunosuke\n|-damage|p2a: Ryunosuke|0 fnt\n|faint|p2a: Ryunosuke\n|-damage|p1a: Ice Cat|81\/100|[from] item: Life Orb\n|\n|upkeep\n|\n|t:|1698616889\n|switch|p2a: Ryoko|Scizor, F|100\/100\n|-activate|p2a: Ryoko|move: Sticky Web\n|-unboost|p2a: Ryoko|spe|1\n|turn|6\n|\n|t:|1698616893\n|move|p2a: Ryoko|Bullet Punch|p1a: Ice Cat\n|-supereffective|p1a: Ice Cat\n|-damage|p1a: Ice Cat|0 fnt\n|faint|p1a: Ice Cat\n|\n|upkeep\n|\n|t:|1698616899\n|switch|p1a: Big Boy|Iron Hands, shiny|100\/100\n|turn|7\n|\n|t:|1698616904\n|move|p1a: Big Boy|Fake Out|p2a: Ryoko\n|-resisted|p2a: Ryoko\n|-damage|p2a: Ryoko|90\/100\n|cant|p2a: Ryoko|flinch\n|\n|upkeep\n|turn|8\n|\n|t:|1698616910\n|move|p2a: Ryoko|U-turn|p1a: Big Boy\n|-resisted|p1a: Big Boy\n|-damage|p1a: Big Boy|90\/100\n|\n|t:|1698616914\n|switch|p2a: Shinobu|Clodsire, F|100\/100|[from] U-turn\n|-activate|p2a: Shinobu|move: Sticky Web\n|-unboost|p2a: Shinobu|spe|1\n|move|p1a: Big Boy|Drain Punch|p2a: Shinobu\n|-resisted|p2a: Shinobu\n|-damage|p2a: Shinobu|82\/100\n|-heal|p1a: Big Boy|97\/100|[from] drain|[of] p2a: Shinobu\n|\n|-heal|p2a: Shinobu|88\/100|[from] item: Leftovers\n|upkeep\n|turn|9\n|\n|t:|1698616924\n|-end|p1a: Big Boy|Quark Drive|[silent]\n|switch|p1a: Misdreavius|Flutter Mane, shiny|100\/100\n|-enditem|p1a: Misdreavius|Booster Energy\n|-activate|p1a: Misdreavius|ability: Protosynthesis|[fromitem]\n|-start|p1a: Misdreavius|protosynthesisspe\n|move|p2a: Shinobu|Toxic|p1a: Misdreavius\n|-status|p1a: Misdreavius|tox\n|\n|-heal|p2a: Shinobu|94\/100|[from] item: Leftovers\n|-damage|p1a: Misdreavius|95\/100 tox|[from] psn\n|upkeep\n|turn|10\n|\n|t:|1698616935\n|move|p2a: Shinobu|Protect|p2a: Shinobu\n|-singleturn|p2a: Shinobu|Protect\n|move|p1a: Misdreavius|Shadow Ball|p2a: Shinobu\n|-activate|p2a: Shinobu|move: Protect\n|\n|-heal|p2a: Shinobu|99\/100|[from] item: Leftovers\n|-damage|p1a: Misdreavius|83\/100 tox|[from] psn\n|upkeep\n|turn|11\n|\n|t:|1698616943\n|move|p1a: Misdreavius|Shadow Ball|p2a: Shinobu\n|-damage|p2a: Shinobu|70\/100\n|move|p2a: Shinobu|Dig||[still]\n|-prepare|p2a: Shinobu|Dig\n|\n|-heal|p2a: Shinobu|76\/100|[from] item: Leftovers\n|-damage|p1a: Misdreavius|65\/100 tox|[from] psn\n|upkeep\n|turn|12\n|\n|t:|1698616952\n|move|p1a: Misdreavius|Calm Mind|p1a: Misdreavius\n|-boost|p1a: Misdreavius|spa|1\n|-boost|p1a: Misdreavius|spd|1\n|move|p2a: Shinobu|Dig|p1a: Misdreavius|[from]lockedmove\n|-damage|p1a: Misdreavius|10\/100 tox\n|\n|-heal|p2a: Shinobu|82\/100|[from] item: Leftovers\n|-damage|p1a: Misdreavius|0 fnt|[from] psn\n|faint|p1a: Misdreavius\n|-end|p1a: Misdreavius|Protosynthesis|[silent]\n|upkeep\n|\n|t:|1698616962\n|switch|p1a: Cyber Lizard|Miraidon|100\/100\n|-fieldstart|move: Electric Terrain|[from] ability: Hadron Engine|[of] p1a: Cyber Lizard\n|-item|p1a: Cyber Lizard|Air Balloon\n|turn|13\n|\n|t:|1698616967\n|move|p1a: Cyber Lizard|Calm Mind|p1a: Cyber Lizard\n|-boost|p1a: Cyber Lizard|spa|1\n|-boost|p1a: Cyber Lizard|spd|1\n|move|p2a: Shinobu|Toxic|p1a: Cyber Lizard\n|-status|p1a: Cyber Lizard|tox\n|\n|-heal|p2a: Shinobu|88\/100|[from] item: Leftovers\n|-damage|p1a: Cyber Lizard|94\/100 tox|[from] psn\n|upkeep\n|turn|14\n|\n|t:|1698616975\n|move|p2a: Shinobu|Protect|p2a: Shinobu\n|-singleturn|p2a: Shinobu|Protect\n|move|p1a: Cyber Lizard|Calm Mind|p1a: Cyber Lizard\n|-boost|p1a: Cyber Lizard|spa|1\n|-boost|p1a: Cyber Lizard|spd|1\n|\n|-heal|p2a: Shinobu|95\/100|[from] item: Leftovers\n|-damage|p1a: Cyber Lizard|82\/100 tox|[from] psn\n|upkeep\n|turn|15\n|\n|t:|1698616990\n|move|p1a: Cyber Lizard|Dragon Pulse|p2a: Shinobu\n|-damage|p2a: Shinobu|0 fnt\n|faint|p2a: Shinobu\n|\n|-damage|p1a: Cyber Lizard|64\/100 tox|[from] psn\n|upkeep\n|\n|t:|1698617003\n|switch|p2a: Megane|Jolteon, M|100\/100\n|-activate|p2a: Megane|move: Sticky Web\n|-unboost|p2a: Megane|spe|1\n|turn|16\n|\n|t:|1698617009\n|-terastallize|p2a: Megane|Ice\n|move|p1a: Cyber Lizard|Dragon Pulse|p2a: Megane\n|-damage|p2a: Megane|0 fnt\n|faint|p2a: Megane\n|\n|-damage|p1a: Cyber Lizard|39\/100 tox|[from] psn\n|upkeep\n|\n|t:|1698617016\n|switch|p2a: Ryoko|Scizor, F|90\/100\n|-activate|p2a: Ryoko|move: Sticky Web\n|-unboost|p2a: Ryoko|spe|1\n|turn|17\n|\n|t:|1698617020\n|move|p2a: Ryoko|Bullet Punch|p1a: Cyber Lizard\n|-resisted|p1a: Cyber Lizard\n|-damage|p1a: Cyber Lizard|24\/100 tox\n|-enditem|p1a: Cyber Lizard|Air Balloon\n|move|p1a: Cyber Lizard|Electro Drift|p2a: Ryoko\n|-damage|p2a: Ryoko|0 fnt\n|faint|p2a: Ryoko\n|\n|-damage|p1a: Cyber Lizard|0 fnt|[from] psn\n|faint|p1a: Cyber Lizard\n|-fieldend|move: Electric Terrain\n|upkeep\n|\n|t:|1698617031\n|switch|p1a: OHKO|Kyogre|100\/100\n|switch|p2a: Onsen|Greninja, M|100\/100\n|-activate|p2a: Onsen|move: Sticky Web\n|-unboost|p2a: Onsen|spe|1\n|-weather|RainDance|[from] ability: Drizzle|[of] p1a: OHKO\n|turn|18\n|\n|t:|1698617038\n|-terastallize|p1a: OHKO|Water\n|move|p1a: OHKO|Water Spout|p2a: Onsen\n|-resisted|p2a: Onsen\n|-damage|p2a: Onsen|0 fnt\n|faint|p2a: Onsen\n|\n|win|Anne Frankkkk\n|raw|Anne Frankkkk's rating: 1155 &rarr; <strong>1176<\/strong><br \/>(+21 for winning)\n|raw|Goldtingle's rating: 1103 &rarr; <strong>1082<\/strong><br \/>(-21 for losing)\n","uploadtime":1698617047,"views":11,"p1id":"annefrankkkk","p2id":"goldtingle","formatid":"gen9ubers","rating":1082,"private":0,"password":""}