{"id":"gen9ubers-1981323179","p1":"XpokVEVO","p2":"vespyyy","format":"[Gen 9] Ubers","log":"|j|\u2606XpokVEVO\n|j|\u2606vespyyy\n|t:|1698883587\n|gametype|singles\n|player|p1|XpokVEVO|rika|\n|player|p2|vespyyy|juggler|\n|teamsize|p1|6\n|teamsize|p2|6\n|gen|9\n|tier|[Gen 9] Ubers\n|rule|Sleep Clause Mod: Limit one foe put to sleep\n|rule|Species Clause: Limit one of each Pok\u00e9mon\n|rule|OHKO Clause: OHKO moves are banned\n|rule|Evasion Items Clause: Evasion items are banned\n|rule|Evasion Moves Clause: Evasion moves are banned\n|rule|Endless Battle Clause: Forcing endless battles is banned\n|rule|HP Percentage Mod: HP is shown in percentages\n|clearpoke\n|poke|p1|Cyclizar, M|\n|poke|p1|Espathra, M|\n|poke|p1|Magearna|\n|poke|p1|Zacian-*|\n|poke|p1|Roaring Moon|\n|poke|p1|Arceus-Fire|\n|poke|p2|Ninetales-Alola, M|\n|poke|p2|Baxcalibur, M|\n|poke|p2|Espathra, M|\n|poke|p2|Landorus, M|\n|poke|p2|Arceus-Ghost|\n|poke|p2|Zacian-*|\n|teampreview\n|inactive|Battle timer is ON: inactive players will automatically lose when time's up. (requested by XpokVEVO)\n|\n|t:|1698883590\n|start\n|switch|p1a: Akira|Cyclizar, M|100\/100\n|switch|p2a: Baxcalibur|Baxcalibur, M|100\/100\n|turn|1\n|c|\u2606XpokVEVO|shard\n|\n|t:|1698883601\n|switch|p1a: Aunt Fanny|Magearna|100\/100\n|move|p2a: Baxcalibur|Swords Dance|p2a: Baxcalibur\n|-boost|p2a: Baxcalibur|atk|2\n|\n|upkeep\n|turn|2\n|c|\u2606XpokVEVO|pretty based\n|\n|t:|1698883620\n|-terastallize|p1a: Aunt Fanny|Water\n|move|p2a: Baxcalibur|Earthquake|p1a: Aunt Fanny\n|-damage|p1a: Aunt Fanny|28\/100\n|move|p1a: Aunt Fanny|Shift Gear|p1a: Aunt Fanny\n|-boost|p1a: Aunt Fanny|spe|2\n|-boost|p1a: Aunt Fanny|atk|1\n|\n|upkeep\n|turn|3\n|\n|t:|1698883628\n|-terastallize|p2a: Baxcalibur|Ground\n|move|p1a: Aunt Fanny|Fleur Cannon|p2a: Baxcalibur\n|-damage|p2a: Baxcalibur|21\/100\n|-unboost|p1a: Aunt Fanny|spa|2\n|move|p2a: Baxcalibur|Scale Shot|p1a: Aunt Fanny\n|-damage|p1a: Aunt Fanny|3\/100\n|-damage|p1a: Aunt Fanny|0 fnt\n|faint|p1a: Aunt Fanny\n|-hitcount|p1: Aunt Fanny|2\n|-unboost|p2a: Baxcalibur|def|1\n|-boost|p2a: Baxcalibur|spe|1\n|\n|upkeep\n|inactive|XpokVEVO has 270 seconds left.\n|\n|t:|1698883662\n|switch|p1a: Roaring Peak|Roaring Moon|100\/100\n|-enditem|p1a: Roaring Peak|Booster Energy\n|-activate|p1a: Roaring Peak|ability: Protosynthesis|[fromitem]\n|-start|p1a: Roaring Peak|protosynthesisspe\n|turn|4\n|\n|t:|1698883674\n|move|p1a: Roaring Peak|Knock Off|p2a: Baxcalibur\n|-damage|p2a: Baxcalibur|0 fnt\n|-enditem|p2a: Baxcalibur|Loaded Dice|[from] move: Knock Off|[of] p1a: Roaring Peak\n|faint|p2a: Baxcalibur\n|\n|upkeep\n|\n|t:|1698883678\n|switch|p2a: Ninetales|Ninetales-Alola, M|100\/100\n|-weather|Snow|[from] ability: Snow Warning|[of] p2a: Ninetales\n|turn|5\n|\n|t:|1698883684\n|-end|p1a: Roaring Peak|Protosynthesis|[silent]\n|switch|p1a: Ar\u0441eus-Fighting|Arceus-Fire, shiny|100\/100\n|move|p2a: Ninetales|Encore||[still]\n|-fail|p2a: Ninetales\n|\n|-weather|Snow|[upkeep]\n|upkeep\n|turn|6\n|\n|t:|1698883689\n|move|p2a: Ninetales|Aurora Veil|p2a: Ninetales\n|-sidestart|p2: vespyyy|move: Aurora Veil\n|move|p1a: Ar\u0441eus-Fighting|Dragon Dance|p1a: Ar\u0441eus-Fighting\n|-boost|p1a: Ar\u0441eus-Fighting|atk|1\n|-boost|p1a: Ar\u0441eus-Fighting|spe|1\n|\n|-weather|Snow|[upkeep]\n|upkeep\n|turn|7\n|\n|t:|1698883695\n|move|p1a: Ar\u0441eus-Fighting|Flare Blitz|p2a: Ninetales\n|-supereffective|p2a: Ninetales\n|-damage|p2a: Ninetales|10\/100\n|-damage|p1a: Ar\u0441eus-Fighting|77\/100|[from] Recoil\n|move|p2a: Ninetales|Encore|p1a: Ar\u0441eus-Fighting\n|-start|p1a: Ar\u0441eus-Fighting|Encore\n|\n|-weather|Snow|[upkeep]\n|upkeep\n|turn|8\n|\n|t:|1698883704\n|move|p1a: Ar\u0441eus-Fighting|Flare Blitz|p2a: Ninetales\n|-supereffective|p2a: Ninetales\n|-damage|p2a: Ninetales|0 fnt\n|faint|p2a: Ninetales\n|-damage|p1a: Ar\u0441eus-Fighting|75\/100|[from] Recoil\n|\n|-weather|Snow|[upkeep]\n|upkeep\n|\n|t:|1698883706\n|switch|p2a: Arceus|Arceus-Ghost|100\/100\n|turn|9\n|\n|t:|1698883713\n|switch|p1a: Akira|Cyclizar, M|100\/100\n|move|p2a: Arceus|Swords Dance|p2a: Arceus\n|-boost|p2a: Arceus|atk|2\n|\n|-weather|none\n|upkeep\n|turn|10\n|\n|t:|1698883717\n|move|p2a: Arceus|Extreme Speed|p1a: Akira\n|-crit|p1a: Akira\n|-damage|p1a: Akira|0 fnt\n|faint|p1a: Akira\n|\n|upkeep\n|c|\u2606XpokVEVO|YOU ARE TRULY...\n|c|\u2606XpokVEVO|THE KING OF HAX..\n|c|\u2606vespyyy|Idk if crit mattered\n|c|\u2606XpokVEVO|absol\n|c|\u2606XpokVEVO|utely\n|c|\u2606vespyyy|Also u haxed me so often when i played v u with stall\n|c|\u2606XpokVEVO|calculator says so\n|inactive|XpokVEVO has 270 seconds left.\n|\n|t:|1698883754\n|switch|p1a: Ar\u0441eus-Fighting|Arceus-Fire, shiny|75\/100\n|turn|11\n|\n|t:|1698883757\n|move|p2a: Arceus|Swords Dance|p2a: Arceus\n|-boost|p2a: Arceus|atk|2\n|move|p1a: Ar\u0441eus-Fighting|Roar|p2a: Arceus\n|drag|p2a: Espathra|Espathra, M|100\/100\n|\n|upkeep\n|turn|12\n|c|\u2606vespyyy|Did you have anything to do after tho?\n|c|\u2606XpokVEVO|after what?\n|c|\u2606XpokVEVO|taunt\n|c|\u2606vespyyy|What did you click\n|inactive|vespyyy has 270 seconds left.\n|c|\u2606vespyyy|Taunt wouldnt have dont anything\n|c|\u2606vespyyy|Tho\n|c|\u2606XpokVEVO|sdance\n|\n|t:|1698883802\n|move|p2a: Espathra|Calm Mind|p2a: Espathra\n|-boost|p2a: Espathra|spa|1\n|-boost|p2a: Espathra|spd|1\n|move|p1a: Ar\u0441eus-Fighting|Roar|p2a: Espathra\n|drag|p2a: Landorus|Landorus, M|100\/100\n|\n|upkeep\n|turn|13\n|\n|t:|1698883809\n|switch|p1a: Roaring Peak|Roaring Moon|100\/100\n|move|p2a: Landorus|Earth Power|p1a: Roaring Peak\n|-damage|p1a: Roaring Peak|34\/100\n|\n|-sideend|p2: vespyyy|move: Aurora Veil\n|upkeep\n|turn|14\n|\n|t:|1698883814\n|move|p1a: Roaring Peak|Knock Off|p2a: Landorus\n|-damage|p2a: Landorus|42\/100\n|-enditem|p2a: Landorus|Life Orb|[from] move: Knock Off|[of] p1a: Roaring Peak\n|move|p2a: Landorus|Sludge Bomb|p1a: Roaring Peak\n|-damage|p1a: Roaring Peak|0 fnt\n|faint|p1a: Roaring Peak\n|-end|p1a: Roaring Peak|Protosynthesis|[silent]\n|\n|upkeep\n|\n|t:|1698883824\n|switch|p1a: Emu War|Espathra, M|100\/100\n|turn|15\n|c|\u2606vespyyy|I didnt click it tho\n|\n|t:|1698883829\n|switch|p2a: Zacian|Zacian|100\/100\n|-ability|p2a: Zacian|Intrepid Sword|boost\n|-boost|p2a: Zacian|atk|1\n|move|p1a: Emu War|Protect||[still]\n|-fail|p1a: Emu War\n|\n|-ability|p1a: Emu War|Speed Boost|boost\n|-boost|p1a: Emu War|spe|1\n|upkeep\n|turn|16\n|\n|t:|1698883837\n|move|p1a: Emu War|Calm Mind|p1a: Emu War\n|-boost|p1a: Emu War|spa|1\n|-boost|p1a: Emu War|spd|1\n|move|p2a: Zacian|Play Rough|p1a: Emu War\n|-damage|p1a: Emu War|18\/100\n|\n|-ability|p1a: Emu War|Speed Boost|boost\n|-boost|p1a: Emu War|spe|1\n|upkeep\n|turn|17\n|\n|t:|1698883842\n|move|p1a: Emu War|Protect|p1a: Emu War\n|-singleturn|p1a: Emu War|Protect\n|move|p2a: Zacian|Play Rough|p1a: Emu War\n|-activate|p1a: Emu War|move: Protect\n|\n|-ability|p1a: Emu War|Speed Boost|boost\n|-boost|p1a: Emu War|spe|1\n|upkeep\n|turn|18\n|\n|t:|1698883849\n|move|p1a: Emu War|Stored Power|p2a: Zacian\n|-damage|p2a: Zacian|15\/100\n|move|p2a: Zacian|Play Rough|p1a: Emu War\n|-damage|p1a: Emu War|0 fnt\n|faint|p1a: Emu War\n|\n|upkeep\n|\n|t:|1698883855\n|switch|p1a: Ar\u0441eus-Fighting|Arceus-Fire, shiny|75\/100\n|turn|19\n|\n|t:|1698883857\n|move|p2a: Zacian|Psychic Fangs|p1a: Ar\u0441eus-Fighting\n|-crit|p1a: Ar\u0441eus-Fighting\n|-damage|p1a: Ar\u0441eus-Fighting|35\/100\n|move|p1a: Ar\u0441eus-Fighting|Dragon Dance|p1a: Ar\u0441eus-Fighting\n|-boost|p1a: Ar\u0441eus-Fighting|atk|1\n|-boost|p1a: Ar\u0441eus-Fighting|spe|1\n|\n|upkeep\n|turn|20\n|c|\u2606XpokVEVO|ok thats just cheating\n|c|\u2606vespyyy|Lmao\n|c|\u2606XpokVEVO|like\n|c|\u2606XpokVEVO|theres a line\n|c|\u2606XpokVEVO|wait what item\n|c|\u2606XpokVEVO|uh\n|c|\u2606XpokVEVO|belt?\n|\n|t:|1698883874\n|move|p1a: Ar\u0441eus-Fighting|Tera Blast|p2a: Zacian\n|-damage|p2a: Zacian|0 fnt\n|faint|p2a: Zacian\n|\n|upkeep\n|c|\u2606vespyyy|Its boots\n|\n|t:|1698883880\n|switch|p2a: Arceus|Arceus-Ghost|100\/100\n|turn|21\n|\n|t:|1698883882\n|move|p2a: Arceus|Extreme Speed|p1a: Ar\u0441eus-Fighting\n|-damage|p1a: Ar\u0441eus-Fighting|15\/100\n|move|p1a: Ar\u0441eus-Fighting|Flare Blitz|p2a: Arceus\n|-damage|p2a: Arceus|13\/100\n|-damage|p1a: Ar\u0441eus-Fighting|0 fnt|[from] Recoil\n|faint|p1a: Ar\u0441eus-Fighting\n|\n|upkeep\n|\n|t:|1698883885\n|switch|p1a: Princess|Zacian, shiny|100\/100\n|-ability|p1a: Princess|Intrepid Sword|boost\n|-boost|p1a: Princess|atk|1\n|turn|22\n|c|\u2606XpokVEVO|gg\n|\n|t:|1698883894\n|move|p2a: Arceus|Extreme Speed|p1a: Princess\n|-damage|p1a: Princess|74\/100\n|move|p1a: Princess|Crunch|p2a: Arceus\n|-supereffective|p2a: Arceus\n|-damage|p2a: Arceus|0 fnt\n|faint|p2a: Arceus\n|-damage|p1a: Princess|64\/100|[from] item: Life Orb\n|\n|upkeep\n|\n|t:|1698883897\n|switch|p2a: Espathra|Espathra, M|100\/100\n|turn|23\n|\n|t:|1698883908\n|move|p2a: Espathra|Protect|p2a: Espathra\n|-singleturn|p2a: Espathra|Protect\n|move|p1a: Princess|Crunch|p2a: Espathra\n|-activate|p2a: Espathra|move: Protect\n|\n|-ability|p2a: Espathra|Speed Boost|boost\n|-boost|p2a: Espathra|spe|1\n|upkeep\n|turn|24\n|c|\u2606XpokVEVO|you can try to spam protect though\n|c|\u2606XpokVEVO|yeah\n|\n|t:|1698883914\n|move|p2a: Espathra|Dazzling Gleam|p1a: Princess\n|-damage|p1a: Princess|42\/100\n|move|p1a: Princess|Crunch|p2a: Espathra\n|-supereffective|p2a: Espathra\n|-damage|p2a: Espathra|0 fnt\n|faint|p2a: Espathra\n|-damage|p1a: Princess|32\/100|[from] item: Life Orb\n|\n|upkeep\n|\n|t:|1698883916\n|switch|p2a: Landorus|Landorus, M|42\/100\n|turn|25\n|c|\u2606XpokVEVO|remember the odds are still not bad\n|c|\u2606vespyyy|Ggs\n|c|\u2606XpokVEVO|for protect\n|\n|t:|1698883924\n|move|p1a: Princess|Crunch|p2a: Landorus\n|-damage|p2a: Landorus|0 fnt\n|faint|p2a: Landorus\n|-damage|p1a: Princess|22\/100|[from] item: Life Orb\n|\n|win|XpokVEVO\n|c|\u2606XpokVEVO|gg\n","uploadtime":1698883928,"views":16,"p1id":"xpokvevo","p2id":"vespyyy","formatid":"gen9ubers","rating":0,"private":0,"password":""}