{"id":"gen9ubers-1989716632","p1":"Steven Stone 007","p2":"termofservice","format":"[Gen 9] Ubers","log":"|j|\u2606Steven Stone 007\n|j|\u2606termofservice\n|t:|1699889604\n|gametype|singles\n|player|p1|Steven Stone 007|steven|\n|player|p2|termofservice|cynthia-masters|\n|teamsize|p1|6\n|teamsize|p2|6\n|gen|9\n|tier|[Gen 9] Ubers\n|rule|Sleep Clause Mod: Limit one foe put to sleep\n|rule|Species Clause: Limit one of each Pok\u00e9mon\n|rule|OHKO Clause: OHKO moves are banned\n|rule|Evasion Items Clause: Evasion items are banned\n|rule|Evasion Moves Clause: Evasion moves are banned\n|rule|Endless Battle Clause: Forcing endless battles is banned\n|rule|HP Percentage Mod: HP is shown in percentages\n|clearpoke\n|poke|p1|Ninetales-Alola, M|\n|poke|p1|Baxcalibur, F|\n|poke|p1|Cyclizar, F|\n|poke|p1|Magearna|\n|poke|p1|Arceus-Poison|\n|poke|p1|Zacian-*|\n|poke|p2|Iron Valiant|\n|poke|p2|Leavanny, M|\n|poke|p2|Magearna|\n|poke|p2|Cyclizar, F|\n|poke|p2|Arceus-Psychic|\n|poke|p2|Dialga|\n|teampreview\n|\n|t:|1699889621\n|start\n|switch|p1a: Cyclizar|Cyclizar, F|100\/100\n|switch|p2a: Leavanny|Leavanny, M|100\/100\n|turn|1\n|\n|t:|1699889631\n|move|p1a: Cyclizar|Shed Tail|p1a: Cyclizar\n|-start|p1a: Cyclizar|Substitute|[from] move: Shed Tail\n|-damage|p1a: Cyclizar|50\/100\n|\n|t:|1699889679\n|switch|p1a: Zacian|Zacian|100\/100|[from] Shed Tail\n|-ability|p1a: Zacian|Intrepid Sword|boost\n|-boost|p1a: Zacian|atk|1\n|move|p2a: Leavanny|Sticky Web|p1a: Zacian\n|-sidestart|p1: Steven Stone 007|move: Sticky Web\n|\n|upkeep\n|turn|2\n|\n|t:|1699889730\n|move|p1a: Zacian|Play Rough|p2a: Leavanny\n|-damage|p2a: Leavanny|5\/100\n|move|p2a: Leavanny|Lunge|p1a: Zacian\n|-resisted|p1a: Zacian\n|-activate|p1a: Zacian|move: Substitute|[damage]\n|\n|upkeep\n|turn|3\n|\n|t:|1699889742\n|move|p1a: Zacian|Close Combat|p2a: Leavanny\n|-resisted|p2a: Leavanny\n|-damage|p2a: Leavanny|0 fnt\n|-unboost|p1a: Zacian|def|1\n|-unboost|p1a: Zacian|spd|1\n|faint|p2a: Leavanny\n|\n|upkeep\n|\n|t:|1699889750\n|switch|p2a: Magearna|Magearna|100\/100\n|turn|4\n|\n|t:|1699889776\n|-terastallize|p1a: Zacian|Ground\n|move|p1a: Zacian|Tera Blast|p2a: Magearna|[anim] Tera Blast Ground\n|-supereffective|p2a: Magearna\n|-damage|p2a: Magearna|0 fnt\n|faint|p2a: Magearna\n|\n|upkeep\n|\n|t:|1699889784\n|switch|p2a: Arceus|Arceus-Psychic|100\/100\n|turn|5\n|\n|t:|1699889787\n|move|p1a: Zacian|Tera Blast|p2a: Arceus|[anim] Tera Blast Ground\n|-damage|p2a: Arceus|64\/100\n|move|p2a: Arceus|Judgment|p1a: Zacian\n|-end|p1a: Zacian|Substitute\n|\n|upkeep\n|turn|6\n|\n|t:|1699889800\n|switch|p1a: Magearna|Magearna|100\/100\n|-activate|p1a: Magearna|move: Sticky Web\n|-unboost|p1a: Magearna|spe|1\n|move|p2a: Arceus|Recover|p2a: Arceus\n|-heal|p2a: Arceus|100\/100\n|\n|upkeep\n|turn|7\n|\n|t:|1699889806\n|move|p2a: Arceus|Thunder Wave|p1a: Magearna\n|-status|p1a: Magearna|par\n|move|p1a: Magearna|Thunder Wave|p2a: Arceus\n|-status|p2a: Arceus|par\n|\n|upkeep\n|turn|8\n|\n|t:|1699889812\n|switch|p2a: Cyclizar|Cyclizar, F|100\/100\n|move|p1a: Magearna|Spikes|p2a: Cyclizar\n|-sidestart|p2: termofservice|Spikes\n|\n|upkeep\n|turn|9\n|\n|t:|1699889818\n|move|p2a: Cyclizar|Shed Tail|p2a: Cyclizar\n|-start|p2a: Cyclizar|Substitute|[from] move: Shed Tail\n|-damage|p2a: Cyclizar|50\/100\n|\n|t:|1699889821\n|switch|p2a: Iron Valiant|Iron Valiant|100\/100|[from] Shed Tail\n|-damage|p2a: Iron Valiant|88\/100|[from] Spikes\n|-enditem|p2a: Iron Valiant|Booster Energy\n|-activate|p2a: Iron Valiant|ability: Quark Drive|[fromitem]\n|-start|p2a: Iron Valiant|quarkdrivespe\n|move|p1a: Magearna|Fleur Cannon|p2a: Iron Valiant\n|-supereffective|p2a: Iron Valiant\n|-end|p2a: Iron Valiant|Substitute\n|-unboost|p1a: Magearna|spa|2\n|\n|upkeep\n|turn|10\n|\n|t:|1699889839\n|-end|p2a: Iron Valiant|Quark Drive|[silent]\n|switch|p2a: Cyclizar|Cyclizar, F|84\/100\n|cant|p1a: Magearna|par\n|\n|upkeep\n|turn|11\n|\n|t:|1699889844\n|move|p2a: Cyclizar|Shed Tail|p2a: Cyclizar\n|-start|p2a: Cyclizar|Substitute|[from] move: Shed Tail\n|-damage|p2a: Cyclizar|33\/100\n|\n|t:|1699889848\n|switch|p2a: Dialga|Dialga|100\/100|[from] Shed Tail\n|-damage|p2a: Dialga|88\/100|[from] Spikes\n|-ability|p2a: Dialga|Pressure\n|cant|p1a: Magearna|par\n|\n|-heal|p2a: Dialga|94\/100|[from] item: Leftovers\n|upkeep\n|turn|12\n|\n|t:|1699889858\n|switch|p1a: Arceus|Arceus-Poison|100\/100\n|-activate|p1a: Arceus|move: Sticky Web\n|-unboost|p1a: Arceus|spe|1\n|move|p2a: Dialga|Stealth Rock|p1a: Arceus\n|-sidestart|p1: Steven Stone 007|move: Stealth Rock\n|\n|-heal|p2a: Dialga|100\/100|[from] item: Leftovers\n|upkeep\n|turn|13\n|\n|t:|1699889866\n|move|p2a: Dialga|Thunder Wave|p1a: Arceus\n|-status|p1a: Arceus|par\n|cant|p1a: Arceus|par\n|\n|upkeep\n|turn|14\n|\n|t:|1699889871\n|move|p1a: Arceus|Earth Power|p2a: Dialga\n|-supereffective|p2a: Dialga\n|-end|p2a: Dialga|Substitute\n|move|p2a: Dialga|Roar|p1a: Arceus\n|drag|p1a: Zacian|Zacian, tera:Ground|100\/100\n|\n|upkeep\n|turn|15\n|c|\u2606termofservice|HDB\n|c|\u2606termofservice|Damn\n|\n|t:|1699889892\n|move|p1a: Zacian|Swords Dance|p1a: Zacian\n|-boost|p1a: Zacian|atk|2\n|move|p2a: Dialga|Flash Cannon|p1a: Zacian\n|-damage|p1a: Zacian|64\/100\n|-unboost|p1a: Zacian|spd|1\n|\n|upkeep\n|turn|16\n|\n|t:|1699889901\n|move|p1a: Zacian|Close Combat|p2a: Dialga\n|-supereffective|p2a: Dialga\n|-crit|p2a: Dialga\n|-damage|p2a: Dialga|0 fnt\n|-unboost|p1a: Zacian|def|1\n|-unboost|p1a: Zacian|spd|1\n|faint|p2a: Dialga\n|\n|upkeep\n|\n|t:|1699889904\n|switch|p2a: Iron Valiant|Iron Valiant|88\/100\n|-damage|p2a: Iron Valiant|76\/100|[from] Spikes\n|turn|17\n|c|\u2606termofservice|GG\n|c|\u2606termofservice|Re?\n|-message|termofservice forfeited.\n|\n|win|Steven Stone 007\n|l|\u2606termofservice\n|c|\u2606Steven Stone 007|Gg\n|j|\u2606termofservice\n|player|p2|termofservice|cynthia-masters\n|l|\u2606termofservice\n|player|p2|\n|c|\u2606Steven Stone 007|Sorry I Have To Study\n","uploadtime":1699889959,"views":12,"p1id":"stevenstone007","p2id":"termofservice","formatid":"gen9ubers","rating":0,"private":0,"password":""}