{"id":"gen9ubers-1973136397","p1":"MeteorAsh15","p2":"Gneezyb","format":"[Gen 9] Ubers","log":"|j|\u2606MeteorAsh15\n|j|\u2606Gneezyb\n|t:|1697931666\n|gametype|singles\n|player|p1|MeteorAsh15|nate|1207\n|player|p2|Gneezyb|170|1140\n|teamsize|p1|6\n|teamsize|p2|6\n|gen|9\n|tier|[Gen 9] Ubers\n|rated|\n|rule|Sleep Clause Mod: Limit one foe put to sleep\n|rule|Species Clause: Limit one of each Pok\u00e9mon\n|rule|OHKO Clause: OHKO moves are banned\n|rule|Evasion Items Clause: Evasion items are banned\n|rule|Evasion Moves Clause: Evasion moves are banned\n|rule|Endless Battle Clause: Forcing endless battles is banned\n|rule|HP Percentage Mod: HP is shown in percentages\n|clearpoke\n|poke|p1|Mew|\n|poke|p1|Zacian-*|\n|poke|p1|Espathra, F|\n|poke|p1|Eternatus|\n|poke|p1|Ninetales-Alola, F|\n|poke|p1|Baxcalibur, F|\n|poke|p2|Ogerpon-Cornerstone, F|\n|poke|p2|Kingambit, M|\n|poke|p2|Iron Moth|\n|poke|p2|Rillaboom, M|\n|poke|p2|Ceruledge, M|\n|poke|p2|Iron Hands|\n|teampreview\n|\n|t:|1697931671\n|start\n|switch|p1a: Mew|Mew, shiny|100\/100\n|switch|p2a: Rillaboom|Rillaboom, M|100\/100\n|-fieldstart|move: Grassy Terrain|[from] ability: Grassy Surge|[of] p2a: Rillaboom\n|turn|1\n|inactive|Battle timer is ON: inactive players will automatically lose when time's up. (requested by MeteorAsh15)\n|inactive|Gneezyb has 120 seconds left.\n|\n|t:|1697931707\n|move|p1a: Mew|Stealth Rock|p2a: Rillaboom\n|-sidestart|p2: Gneezyb|move: Stealth Rock\n|move|p2a: Rillaboom|Swords Dance|p2a: Rillaboom\n|-boost|p2a: Rillaboom|atk|2\n|\n|upkeep\n|turn|2\n|\n|t:|1697931714\n|move|p1a: Mew|Taunt|p2a: Rillaboom\n|-start|p2a: Rillaboom|move: Taunt\n|move|p2a: Rillaboom|Knock Off|p1a: Mew\n|-supereffective|p1a: Mew\n|-damage|p1a: Mew|0 fnt\n|-enditem|p1a: Mew|Red Card|[from] move: Knock Off|[of] p2a: Rillaboom\n|faint|p1a: Mew\n|-damage|p2a: Rillaboom|91\/100|[from] item: Life Orb\n|\n|-heal|p2a: Rillaboom|97\/100|[from] Grassy Terrain\n|upkeep\n|\n|t:|1697931730\n|switch|p1a: Espathra|Espathra, F, shiny|100\/100\n|turn|3\n|\n|t:|1697931734\n|move|p1a: Espathra|Protect|p1a: Espathra\n|-singleturn|p1a: Espathra|Protect\n|move|p2a: Rillaboom|Knock Off|p1a: Espathra\n|-activate|p1a: Espathra|move: Protect\n|\n|-heal|p2a: Rillaboom|100\/100|[from] Grassy Terrain\n|-ability|p1a: Espathra|Speed Boost|boost\n|-boost|p1a: Espathra|spe|1\n|upkeep\n|turn|4\n|\n|t:|1697931744\n|move|p1a: Espathra|Calm Mind|p1a: Espathra\n|-boost|p1a: Espathra|spa|1\n|-boost|p1a: Espathra|spd|1\n|move|p2a: Rillaboom|Knock Off|p1a: Espathra\n|-supereffective|p1a: Espathra\n|-damage|p1a: Espathra|0 fnt\n|-enditem|p1a: Espathra|Leftovers|[from] move: Knock Off|[of] p2a: Rillaboom\n|faint|p1a: Espathra\n|-damage|p2a: Rillaboom|91\/100|[from] item: Life Orb\n|\n|-heal|p2a: Rillaboom|97\/100|[from] Grassy Terrain\n|-end|p2a: Rillaboom|move: Taunt\n|upkeep\n|\n|t:|1697931757\n|switch|p1a: Eternatus|Eternatus|100\/100\n|-ability|p1a: Eternatus|Pressure\n|turn|5\n|\n|t:|1697931762\n|move|p1a: Eternatus|Sludge Bomb|p2a: Rillaboom\n|-supereffective|p2a: Rillaboom\n|-damage|p2a: Rillaboom|0 fnt\n|faint|p2a: Rillaboom\n|\n|-fieldend|move: Grassy Terrain\n|upkeep\n|\n|t:|1697931776\n|switch|p2a: Kingambit|Kingambit, M|100\/100\n|-damage|p2a: Kingambit|94\/100|[from] Stealth Rock\n|-activate|p2a: Kingambit|ability: Supreme Overlord\n|-start|p2a: Kingambit|fallen1|[silent]\n|turn|6\n|\n|t:|1697931785\n|-terastallize|p2a: Kingambit|Fairy\n|move|p1a: Eternatus|Flamethrower|p2a: Kingambit\n|-damage|p2a: Kingambit|56\/100\n|move|p2a: Kingambit|Swords Dance|p2a: Kingambit\n|-boost|p2a: Kingambit|atk|2\n|\n|upkeep\n|turn|7\n|\n|t:|1697931793\n|move|p2a: Kingambit|Sucker Punch|p1a: Eternatus\n|-damage|p1a: Eternatus|19\/100\n|move|p1a: Eternatus|Sludge Bomb|p2a: Kingambit\n|-supereffective|p2a: Kingambit\n|-damage|p2a: Kingambit|0 fnt\n|faint|p2a: Kingambit\n|-end|p2a: Kingambit|fallen1|[silent]\n|\n|upkeep\n|\n|t:|1697931800\n|switch|p2a: Ceruledge|Ceruledge, M|100\/100\n|-damage|p2a: Ceruledge|76\/100|[from] Stealth Rock\n|turn|8\n|\n|t:|1697931804\n|move|p2a: Ceruledge|Shadow Sneak|p1a: Eternatus\n|-damage|p1a: Eternatus|1\/100\n|move|p1a: Eternatus|Dynamax Cannon|p2a: Ceruledge\n|-damage|p2a: Ceruledge|11\/100\n|\n|upkeep\n|turn|9\n|\n|t:|1697931811\n|move|p2a: Ceruledge|Shadow Sneak|p1a: Eternatus\n|-damage|p1a: Eternatus|0 fnt\n|faint|p1a: Eternatus\n|\n|upkeep\n|\n|t:|1697931820\n|switch|p1a: Ninetales|Ninetales-Alola, F|100\/100\n|-weather|Snow|[from] ability: Snow Warning|[of] p1a: Ninetales\n|turn|10\n|\n|t:|1697931825\n|move|p2a: Ceruledge|Shadow Sneak|p1a: Ninetales\n|-damage|p1a: Ninetales|81\/100\n|move|p1a: Ninetales|Aurora Veil|p1a: Ninetales\n|-sidestart|p1: MeteorAsh15|move: Aurora Veil\n|\n|-weather|Snow|[upkeep]\n|upkeep\n|turn|11\n|\n|t:|1697931831\n|move|p1a: Ninetales|Freeze-Dry|p2a: Ceruledge\n|-resisted|p2a: Ceruledge\n|-damage|p2a: Ceruledge|0 fnt\n|faint|p2a: Ceruledge\n|\n|-weather|Snow|[upkeep]\n|upkeep\n|\n|t:|1697931841\n|switch|p2a: Iron Moth|Iron Moth|100\/100\n|-damage|p2a: Iron Moth|76\/100|[from] Stealth Rock\n|-enditem|p2a: Iron Moth|Booster Energy\n|-activate|p2a: Iron Moth|ability: Quark Drive|[fromitem]\n|-start|p2a: Iron Moth|quarkdrivespe\n|turn|12\n|\n|t:|1697931848\n|move|p2a: Iron Moth|Fiery Dance|p1a: Ninetales\n|-supereffective|p1a: Ninetales\n|-damage|p1a: Ninetales|29\/100\n|-boost|p2a: Iron Moth|spa|1\n|move|p1a: Ninetales|Hypnosis|p2a: Iron Moth\n|-status|p2a: Iron Moth|slp|[from] move: Hypnosis\n|\n|-weather|Snow|[upkeep]\n|upkeep\n|turn|13\n|\n|t:|1697931858\n|switch|p1a: Baxcalibur|Baxcalibur, F, shiny|100\/100\n|cant|p2a: Iron Moth|slp\n|\n|-weather|Snow|[upkeep]\n|upkeep\n|turn|14\n|\n|t:|1697931866\n|-terastallize|p1a: Baxcalibur|Ground\n|cant|p2a: Iron Moth|slp\n|move|p1a: Baxcalibur|Swords Dance|p1a: Baxcalibur\n|-boost|p1a: Baxcalibur|atk|2\n|\n|-weather|none\n|upkeep\n|turn|15\n|\n|t:|1697931875\n|cant|p2a: Iron Moth|slp\n|move|p1a: Baxcalibur|Scale Shot|p2a: Iron Moth\n|-damage|p2a: Iron Moth|38\/100 slp\n|-damage|p2a: Iron Moth|0 fnt\n|faint|p2a: Iron Moth\n|-end|p2a: Iron Moth|Quark Drive|[silent]\n|-hitcount|p2: Iron Moth|2\n|-unboost|p1a: Baxcalibur|def|1\n|-boost|p1a: Baxcalibur|spe|1\n|\n|upkeep\n|\n|t:|1697931884\n|switch|p2a: Iron Hands|Iron Hands|100\/100\n|-damage|p2a: Iron Hands|94\/100|[from] Stealth Rock\n|turn|16\n|\n|t:|1697931889\n|move|p1a: Baxcalibur|Earthquake|p2a: Iron Hands\n|-supereffective|p2a: Iron Hands\n|-damage|p2a: Iron Hands|0 fnt\n|faint|p2a: Iron Hands\n|-end|p2a: Iron Hands|Quark Drive|[silent]\n|\n|upkeep\n|\n|t:|1697931893\n|switch|p2a: Ogerpon|Ogerpon-Cornerstone, F|100\/100\n|-damage|p2a: Ogerpon|88\/100|[from] Stealth Rock\n|turn|17\n|\n|t:|1697931900\n|move|p1a: Baxcalibur|Scale Shot|p2a: Ogerpon\n|-damage|p2a: Ogerpon|52\/100\n|-damage|p2a: Ogerpon|12\/100\n|-damage|p2a: Ogerpon|0 fnt\n|faint|p2a: Ogerpon\n|-hitcount|p2: Ogerpon|3\n|\n|win|MeteorAsh15\n|raw|MeteorAsh15's rating: 1207 &rarr; <strong>1227<\/strong><br \/>(+20 for winning)\n|raw|Gneezyb's rating: 1140 &rarr; <strong>1120<\/strong><br \/>(-20 for losing)\n|l|\u2606Gneezyb\n|c|\u2606MeteorAsh15|Gg\n","uploadtime":1697931919,"views":16,"p1id":"meteorash15","p2id":"gneezyb","formatid":"gen9ubers","rating":1120,"private":0,"password":""}