{"id":"gen9ubers-1974915854","p1":"Weredude08","p2":"dumpy lump","format":"[Gen 9] Ubers","log":"|j|\u2606Weredude08\n|j|\u2606dumpy lump\n|t:|1698144169\n|gametype|singles\n|player|p1|Weredude08|steven|\n|player|p2|dumpy lump|volo|\n|teamsize|p1|6\n|teamsize|p2|6\n|gen|9\n|tier|[Gen 9] Ubers\n|rule|Sleep Clause Mod: Limit one foe put to sleep\n|rule|Species Clause: Limit one of each Pok\u00e9mon\n|rule|OHKO Clause: OHKO moves are banned\n|rule|Evasion Items Clause: Evasion items are banned\n|rule|Evasion Moves Clause: Evasion moves are banned\n|rule|Endless Battle Clause: Forcing endless battles is banned\n|rule|HP Percentage Mod: HP is shown in percentages\n|clearpoke\n|poke|p1|Ursaluna, M|\n|poke|p1|Hatterene, F|\n|poke|p1|Magearna|\n|poke|p1|Jirachi|\n|poke|p1|Palkia-Origin|\n|poke|p1|Chi-Yu|\n|poke|p2|Dialga-Origin|\n|poke|p2|Chi-Yu|\n|poke|p2|Magearna|\n|poke|p2|Ursaluna, F|\n|poke|p2|Cresselia, F|\n|poke|p2|Azumarill, F|\n|teampreview\n|inactive|Battle timer is ON: inactive players will automatically lose when time's up. (requested by Weredude08)\n|j| sunnie side lefty\n|c|\u2606dumpy lump|here we go\n|c|\u2606Weredude08|Glhf\n|c|\u2606dumpy lump|u 2\n|\n|t:|1698144193\n|start\n|switch|p1a: Palkia|Palkia-Origin|100\/100\n|switch|p2a: Magearna|Magearna|100\/100\n|-ability|p1a: Palkia|Pressure\n|turn|1\n|\n|t:|1698144202\n|move|p1a: Palkia|Flamethrower|p2a: Magearna\n|-supereffective|p2a: Magearna\n|-damage|p2a: Magearna|60\/100\n|move|p2a: Magearna|Trick Room|p2a: Magearna\n|-fieldstart|move: Trick Room|[of] p2a: Magearna\n|\n|-heal|p2a: Magearna|66\/100|[from] item: Leftovers\n|upkeep\n|turn|2\n|\n|t:|1698144214\n|switch|p1a: Magearna|Magearna|100\/100\n|move|p2a: Magearna|Volt Switch|p1a: Magearna\n|-damage|p1a: Magearna|84\/100\n|\n|t:|1698144219\n|switch|p2a: Azumarill|Azumarill, F, shiny|100\/100|[from] Volt Switch\n|\n|upkeep\n|turn|3\n|\n|t:|1698144237\n|move|p2a: Azumarill|Belly Drum|p2a: Azumarill\n|-damage|p2a: Azumarill|50\/100\n|-setboost|p2a: Azumarill|atk|6|[from] move: Belly Drum\n|-enditem|p2a: Azumarill|Sitrus Berry|[eat]\n|-heal|p2a: Azumarill|75\/100|[from] item: Sitrus Berry\n|move|p1a: Magearna|Flash Cannon|p2a: Azumarill\n|-damage|p2a: Azumarill|10\/100\n|-damage|p1a: Magearna|74\/100|[from] item: Life Orb\n|\n|upkeep\n|turn|4\n|\n|t:|1698144261\n|switch|p1a: Hatterene|Hatterene, F|100\/100\n|move|p2a: Azumarill|Liquidation|p1a: Hatterene\n|-damage|p1a: Hatterene|0 fnt\n|faint|p1a: Hatterene\n|\n|upkeep\n|inactive|Weredude08 has 270 seconds left.\n|\n|t:|1698144272\n|switch|p1a: Palkia|Palkia-Origin|100\/100\n|-ability|p1a: Palkia|Pressure\n|turn|5\n|\n|t:|1698144275\n|switch|p1a: Jirachi|Jirachi|100\/100\n|move|p2a: Azumarill|Play Rough|p1a: Jirachi\n|-resisted|p1a: Jirachi\n|-crit|p1a: Jirachi\n|-damage|p1a: Jirachi|0 fnt\n|faint|p1a: Jirachi\n|\n|-fieldend|move: Trick Room\n|upkeep\n|\n|t:|1698144288\n|switch|p1a: Palkia|Palkia-Origin|100\/100\n|-ability|p1a: Palkia|Pressure\n|turn|6\n|\n|t:|1698144293\n|move|p2a: Azumarill|Aqua Jet|p1a: Palkia\n|-resisted|p1a: Palkia\n|-damage|p1a: Palkia|75\/100\n|move|p1a: Palkia|Surf|p2a: Azumarill\n|-resisted|p2a: Azumarill\n|-damage|p2a: Azumarill|0 fnt\n|faint|p2a: Azumarill\n|\n|upkeep\n|\n|t:|1698144300\n|switch|p2a: Magearna|Magearna|66\/100\n|turn|7\n|\n|t:|1698144304\n|-terastallize|p1a: Palkia|Fire\n|move|p1a: Palkia|Flamethrower|p2a: Magearna\n|-supereffective|p2a: Magearna\n|-damage|p2a: Magearna|5\/100\n|move|p2a: Magearna|Trick Room|p2a: Magearna\n|-fieldstart|move: Trick Room|[of] p2a: Magearna\n|\n|-heal|p2a: Magearna|11\/100|[from] item: Leftovers\n|upkeep\n|turn|8\n|\n|t:|1698144315\n|move|p2a: Magearna|Volt Switch|p1a: Palkia\n|-crit|p1a: Palkia\n|-damage|p1a: Palkia|46\/100\n|\n|t:|1698144321\n|switch|p2a: Ursaluna|Ursaluna, F|100\/100|[from] Volt Switch\n|move|p1a: Palkia|Surf|p2a: Ursaluna\n|-supereffective|p2a: Ursaluna\n|-damage|p2a: Ursaluna|0 fnt\n|faint|p2a: Ursaluna\n|\n|upkeep\n|c|\u2606dumpy lump|oops lmfao\n|\n|t:|1698144331\n|switch|p2a: Magearna|Magearna|11\/100\n|turn|9\n|\n|t:|1698144337\n|move|p2a: Magearna|Fleur Cannon|p1a: Palkia\n|-resisted|p1a: Palkia\n|-damage|p1a: Palkia|23\/100\n|-unboost|p2a: Magearna|spa|2\n|move|p1a: Palkia|Flamethrower|p2a: Magearna\n|-supereffective|p2a: Magearna\n|-crit|p2a: Magearna\n|-damage|p2a: Magearna|0 fnt\n|faint|p2a: Magearna\n|\n|upkeep\n|\n|t:|1698144352\n|switch|p2a: Dialga|Dialga-Origin|100\/100\n|-ability|p2a: Dialga|Pressure\n|turn|10\n|inactive|Weredude08 has 270 seconds left.\n|\n|t:|1698144389\n|move|p2a: Dialga|Flash Cannon|p1a: Palkia\n|-resisted|p1a: Palkia\n|-damage|p1a: Palkia|0 fnt\n|faint|p1a: Palkia\n|\n|upkeep\n|\n|t:|1698144396\n|switch|p1a: Ursaluna|Ursaluna, M|100\/100\n|turn|11\n|\n|t:|1698144404\n|-terastallize|p2a: Dialga|Flying\n|move|p1a: Ursaluna|Swords Dance|p1a: Ursaluna\n|-boost|p1a: Ursaluna|atk|2\n|move|p2a: Dialga|Ice Beam|p1a: Ursaluna\n|-supereffective|p1a: Ursaluna\n|-damage|p1a: Ursaluna|31\/100\n|\n|-fieldend|move: Trick Room\n|-status|p1a: Ursaluna|brn|[from] item: Flame Orb\n|upkeep\n|turn|12\n|c|\u2606Weredude08|Shit\n|inactive|Weredude08 has 270 seconds left.\n|\n|t:|1698144424\n|move|p2a: Dialga|Ice Beam|p1a: Ursaluna\n|-supereffective|p1a: Ursaluna\n|-damage|p1a: Ursaluna|0 fnt\n|faint|p1a: Ursaluna\n|\n|upkeep\n|c|\u2606dumpy lump|the one match up ice beam is for LMFAO\n|c|\u2606Weredude08|What\n|c|\u2606Weredude08|I switched?\n|inactive|Weredude08 has 240 seconds left.\n|\n|t:|1698144460\n|switch|p1a: Magearna|Magearna|74\/100\n|turn|13\n|c|\u2606dumpy lump|huh?\n|\n|t:|1698144469\n|move|p1a: Magearna|Flash Cannon|p2a: Dialga\n|-damage|p2a: Dialga|54\/100\n|-damage|p1a: Magearna|64\/100|[from] item: Life Orb\n|move|p2a: Dialga|Trick Room|p2a: Dialga\n|-fieldstart|move: Trick Room|[of] p2a: Dialga\n|\n|upkeep\n|turn|14\n|inactive|Weredude08 has 240 seconds left.\n|c|\u2606Weredude08|I covered such but didn't see\n|c|\u2606Weredude08|Oh well\n|inactive|Weredude08 has 210 seconds left.\n|\n|t:|1698144517\n|move|p1a: Magearna|Flash Cannon|p2a: Dialga\n|-damage|p2a: Dialga|8\/100\n|-damage|p1a: Magearna|54\/100|[from] item: Life Orb\n|move|p2a: Dialga|Flash Cannon|p1a: Magearna\n|-damage|p1a: Magearna|7\/100\n|\n|upkeep\n|turn|15\n|inactive|Weredude08 has 210 seconds left.\n|\n|t:|1698144536\n|move|p1a: Magearna|Fleur Cannon|p2a: Dialga\n|-damage|p2a: Dialga|0 fnt\n|-unboost|p1a: Magearna|spa|2\n|faint|p2a: Dialga\n|-ability|p1a: Magearna|Soul-Heart|boost\n|-boost|p1a: Magearna|spa|1\n|-damage|p1a: Magearna|0 fnt|[from] item: Life Orb\n|faint|p1a: Magearna\n|\n|upkeep\n|\n|t:|1698144541\n|switch|p1a: Chi-Yu|Chi-Yu|100\/100\n|switch|p2a: Cresselia|Cresselia, F, shiny|100\/100\n|-ability|p1a: Chi-Yu|Beads of Ruin\n|turn|16\n|inactive|Weredude08 has 210 seconds left.\n|inactive|Weredude08 has 180 seconds left.\n|\n|t:|1698144593\n|move|p2a: Cresselia|Light Screen|p2a: Cresselia\n|-sidestart|p2: dumpy lump|move: Light Screen\n|move|p1a: Chi-Yu|Dark Pulse|p2a: Cresselia\n|-supereffective|p2a: Cresselia\n|-damage|p2a: Cresselia|69\/100\n|\n|upkeep\n|turn|17\n|\n|t:|1698144601\n|move|p2a: Cresselia|Reflect|p2a: Cresselia\n|-sidestart|p2: dumpy lump|Reflect\n|move|p1a: Chi-Yu|Dark Pulse|p2a: Cresselia\n|-supereffective|p2a: Cresselia\n|-damage|p2a: Cresselia|41\/100\n|\n|-fieldend|move: Trick Room\n|upkeep\n|turn|18\n|\n|t:|1698144604\n|move|p1a: Chi-Yu|Dark Pulse|p2a: Cresselia\n|-supereffective|p2a: Cresselia\n|-damage|p2a: Cresselia|7\/100\n|move|p2a: Cresselia|Trick Room|p2a: Cresselia\n|-fieldstart|move: Trick Room|[of] p2a: Cresselia\n|\n|upkeep\n|turn|19\n|\n|t:|1698144607\n|move|p2a: Cresselia|Light Screen||[still]\n|-fail|p2a: Cresselia\n|move|p1a: Chi-Yu|Dark Pulse|p2a: Cresselia\n|-supereffective|p2a: Cresselia\n|-damage|p2a: Cresselia|0 fnt\n|faint|p2a: Cresselia\n|\n|upkeep\n|\n|t:|1698144609\n|switch|p2a: Chi-Yu|Chi-Yu|100\/100\n|-ability|p2a: Chi-Yu|Beads of Ruin\n|turn|20\n|c|\u2606Weredude08|GG\n|inactive|dumpy lump has 270 seconds left.\n|\n|t:|1698144640\n|move|p2a: Chi-Yu|Overheat|p1a: Chi-Yu\n|-resisted|p1a: Chi-Yu\n|-damage|p1a: Chi-Yu|40\/100\n|-unboost|p2a: Chi-Yu|spa|2\n|move|p1a: Chi-Yu|Dark Pulse|p2a: Chi-Yu\n|-resisted|p2a: Chi-Yu\n|-damage|p2a: Chi-Yu|90\/100\n|\n|-sideend|p2: dumpy lump|move: Light Screen\n|upkeep\n|turn|21\n|\n|t:|1698144644\n|move|p2a: Chi-Yu|Overheat|p1a: Chi-Yu\n|-resisted|p1a: Chi-Yu\n|-damage|p1a: Chi-Yu|9\/100\n|-unboost|p2a: Chi-Yu|spa|2\n|move|p1a: Chi-Yu|Dark Pulse|p2a: Chi-Yu\n|-resisted|p2a: Chi-Yu\n|-damage|p2a: Chi-Yu|69\/100\n|\n|-sideend|p2: dumpy lump|Reflect\n|upkeep\n|turn|22\n|\n|t:|1698144647\n|move|p2a: Chi-Yu|Overheat|p1a: Chi-Yu\n|-resisted|p1a: Chi-Yu\n|-damage|p1a: Chi-Yu|0 fnt\n|-unboost|p2a: Chi-Yu|spa|2\n|faint|p1a: Chi-Yu\n|\n|win|dumpy lump\n|l|\u2606Weredude08\n|c|\u2606dumpy lump|gg\n","uploadtime":1698144658,"views":58,"p1id":"weredude08","p2id":"dumpylump","formatid":"gen9ubers","rating":0,"private":0,"password":""}