{"id":"gen9ubers-1970195697","p1":"GerrytheHeeHo","p2":"AerialsAce","format":"[Gen 9] Ubers","log":"|j|\u2606GerrytheHeeHo\n|j|\u2606AerialsAce\n|t:|1697608522\n|gametype|singles\n|player|p1|GerrytheHeeHo|brock-gen1rb|\n|player|p2|AerialsAce|skier|\n|teamsize|p1|6\n|teamsize|p2|6\n|gen|9\n|tier|[Gen 9] Ubers\n|rule|Sleep Clause Mod: Limit one foe put to sleep\n|rule|Species Clause: Limit one of each Pok\u00e9mon\n|rule|OHKO Clause: OHKO moves are banned\n|rule|Evasion Items Clause: Evasion items are banned\n|rule|Evasion Moves Clause: Evasion moves are banned\n|rule|Endless Battle Clause: Forcing endless battles is banned\n|rule|HP Percentage Mod: HP is shown in percentages\n|clearpoke\n|poke|p1|Tyranitar, F|\n|poke|p1|Houndstone, F|\n|poke|p1|Magearna|\n|poke|p1|Shaymin-Sky|\n|poke|p1|Donphan, M|\n|poke|p1|Arceus-Grass|\n|poke|p2|Ogerpon-Wellspring, F|\n|poke|p2|Basculegion-F, F|\n|poke|p2|Gliscor, M|\n|poke|p2|Dialga-Origin|\n|poke|p2|Thundurus, M|\n|poke|p2|Urshifu-*, F|\n|teampreview\n|\n|t:|1697608533\n|start\n|switch|p1a: president grant|Donphan, M|100\/100\n|switch|p2a: Dialga|Dialga-Origin|100\/100\n|-ability|p2a: Dialga|Pressure\n|turn|1\n|\n|t:|1697608539\n|switch|p2a: Ogerpon|Ogerpon-Wellspring, F|100\/100\n|move|p1a: president grant|Knock Off|p2a: Ogerpon\n|-damage|p2a: Ogerpon|69\/100\n|\n|upkeep\n|turn|2\n|\n|t:|1697608552\n|move|p2a: Ogerpon|U-turn|p1a: president grant\n|-damage|p1a: president grant|78\/100\n|\n|t:|1697608558\n|switch|p2a: Gliscor|Gliscor, M, shiny|100\/100|[from] U-turn\n|move|p1a: president grant|Knock Off|p2a: Gliscor\n|-damage|p2a: Gliscor|78\/100\n|-enditem|p2a: Gliscor|Toxic Orb|[from] move: Knock Off|[of] p1a: president grant\n|\n|upkeep\n|turn|3\n|\n|t:|1697608562\n|move|p1a: president grant|Ice Shard|p2a: Gliscor\n|-supereffective|p2a: Gliscor\n|-damage|p2a: Gliscor|45\/100\n|move|p2a: Gliscor|Toxic|p1a: president grant\n|-status|p1a: president grant|tox\n|\n|-damage|p1a: president grant|72\/100 tox|[from] psn\n|upkeep\n|turn|4\n|\n|t:|1697608567\n|move|p1a: president grant|Ice Shard|p2a: Gliscor\n|-supereffective|p2a: Gliscor\n|-damage|p2a: Gliscor|6\/100\n|move|p2a: Gliscor|Spikes|p1a: president grant\n|-sidestart|p1: GerrytheHeeHo|Spikes\n|\n|-damage|p1a: president grant|60\/100 tox|[from] psn\n|upkeep\n|turn|5\n|\n|t:|1697608569\n|move|p2a: Gliscor|Protect|p2a: Gliscor\n|-singleturn|p2a: Gliscor|Protect\n|move|p1a: president grant|Rapid Spin|p2a: Gliscor\n|-activate|p2a: Gliscor|move: Protect\n|\n|-damage|p1a: president grant|42\/100 tox|[from] psn\n|upkeep\n|turn|6\n|\n|t:|1697608573\n|move|p2a: Gliscor|Earthquake|p1a: president grant\n|-damage|p1a: president grant|15\/100 tox\n|move|p1a: president grant|Knock Off|p2a: Gliscor\n|-crit|p2a: Gliscor\n|-damage|p2a: Gliscor|0 fnt\n|faint|p2a: Gliscor\n|\n|-damage|p1a: president grant|0 fnt|[from] psn\n|faint|p1a: president grant\n|upkeep\n|\n|t:|1697608579\n|switch|p2a: Dialga|Dialga-Origin|100\/100\n|switch|p1a: so what!|Shaymin-Sky|100\/100\n|-ability|p2a: Dialga|Pressure\n|turn|7\n|\n|t:|1697608584\n|-terastallize|p1a: so what!|Ground\n|move|p1a: so what!|Earth Power|p2a: Dialga\n|-supereffective|p2a: Dialga\n|-damage|p2a: Dialga|31\/100\n|move|p2a: Dialga|Draco Meteor|p1a: so what!\n|-damage|p1a: so what!|6\/100\n|-unboost|p2a: Dialga|spa|2\n|\n|upkeep\n|turn|8\n|\n|t:|1697608610\n|-terastallize|p2a: Dialga|Flying\n|move|p1a: so what!|Earth Power|p2a: Dialga\n|-immune|p2a: Dialga\n|move|p2a: Dialga|Dragon Tail|p1a: so what!\n|-damage|p1a: so what!|0 fnt\n|faint|p1a: so what!\n|\n|upkeep\n|\n|t:|1697608614\n|switch|p1a: rayearth|Magearna|100\/100\n|-damage|p1a: rayearth|88\/100|[from] Spikes\n|turn|9\n|\n|t:|1697608621\n|switch|p2a: Thundurus|Thundurus, M|100\/100\n|move|p1a: rayearth|Calm Mind|p1a: rayearth\n|-boost|p1a: rayearth|spa|1\n|-boost|p1a: rayearth|spd|1\n|\n|upkeep\n|turn|10\n|\n|t:|1697608630\n|move|p2a: Thundurus|Taunt|p1a: rayearth\n|-start|p1a: rayearth|move: Taunt\n|cant|p1a: rayearth|move: Taunt|Iron Defense\n|\n|upkeep\n|turn|11\n|\n|t:|1697608637\n|switch|p1a: lucas|Tyranitar, F|100\/100\n|-damage|p1a: lucas|88\/100|[from] Spikes\n|-weather|Sandstorm|[from] ability: Sand Stream|[of] p1a: lucas\n|move|p2a: Thundurus|Thunder Wave|p1a: lucas\n|-hint|Since gen 7, Dark is immune to Prankster moves.\n|-immune|p1a: lucas\n|\n|-weather|Sandstorm|[upkeep]\n|-damage|p2a: Thundurus|94\/100|[from] Sandstorm\n|-heal|p1a: lucas|94\/100|[from] item: Leftovers\n|upkeep\n|turn|12\n|\n|t:|1697608643\n|move|p2a: Thundurus|Volt Switch|p1a: lucas\n|-damage|p1a: lucas|82\/100\n|\n|t:|1697608646\n|switch|p2a: Ogerpon|Ogerpon-Wellspring, F|69\/100|[from] Volt Switch\n|move|p1a: lucas|Knock Off|p2a: Ogerpon\n|-damage|p2a: Ogerpon|30\/100\n|\n|-weather|Sandstorm|[upkeep]\n|-damage|p2a: Ogerpon|24\/100|[from] Sandstorm\n|-heal|p1a: lucas|89\/100|[from] item: Leftovers\n|upkeep\n|turn|13\n|\n|t:|1697608652\n|move|p2a: Ogerpon|Ivy Cudgel|p1a: lucas\n|-supereffective|p1a: lucas\n|-damage|p1a: lucas|0 fnt\n|faint|p1a: lucas\n|\n|-weather|Sandstorm|[upkeep]\n|-damage|p2a: Ogerpon|18\/100|[from] Sandstorm\n|upkeep\n|\n|t:|1697608655\n|switch|p1a: RARIATTO!!!|Houndstone, F|100\/100\n|-damage|p1a: RARIATTO!!!|88\/100|[from] Spikes\n|turn|14\n|\n|t:|1697608668\n|switch|p2a: Dialga|Dialga-Origin, tera:Flying|31\/100\n|-ability|p2a: Dialga|Pressure\n|move|p1a: RARIATTO!!!|Last Respects|p2a: Dialga\n|-damage|p2a: Dialga|0 fnt\n|faint|p2a: Dialga\n|\n|-weather|Sandstorm|[upkeep]\n|upkeep\n|\n|t:|1697608670\n|switch|p2a: Thundurus|Thundurus, M|94\/100\n|turn|15\n|\n|t:|1697608673\n|switch|p1a: rayearth|Magearna|88\/100\n|-damage|p1a: rayearth|76\/100|[from] Spikes\n|move|p2a: Thundurus|Rain Dance|p2a: Thundurus\n|-weather|RainDance\n|\n|-weather|RainDance|[upkeep]\n|upkeep\n|turn|16\n|\n|t:|1697608676\n|switch|p1a: jebbey|Arceus-Grass|100\/100\n|-damage|p1a: jebbey|88\/100|[from] Spikes\n|move|p2a: Thundurus|Volt Switch|p1a: jebbey\n|-resisted|p1a: jebbey\n|-damage|p1a: jebbey|78\/100\n|\n|t:|1697608682\n|switch|p2a: Ogerpon|Ogerpon-Wellspring, F|18\/100|[from] Volt Switch\n|\n|-weather|RainDance|[upkeep]\n|upkeep\n|turn|17\n|\n|t:|1697608687\n|move|p1a: jebbey|Recover|p1a: jebbey\n|-heal|p1a: jebbey|100\/100\n|move|p2a: Ogerpon|Ivy Cudgel|p1a: jebbey\n|-resisted|p1a: jebbey\n|-damage|p1a: jebbey|70\/100\n|\n|-weather|RainDance|[upkeep]\n|upkeep\n|turn|18\n|\n|t:|1697608693\n|move|p2a: Ogerpon|U-turn|p1a: jebbey\n|-supereffective|p1a: jebbey\n|-damage|p1a: jebbey|37\/100\n|\n|t:|1697608698\n|switch|p2a: Thundurus|Thundurus, M|94\/100|[from] U-turn\n|move|p1a: jebbey|Roar|p2a: Thundurus\n|drag|p2a: Ogerpon|Ogerpon-Wellspring, F|18\/100\n|\n|-weather|RainDance|[upkeep]\n|upkeep\n|turn|19\n|\n|t:|1697608706\n|move|p1a: jebbey|Recover|p1a: jebbey\n|-heal|p1a: jebbey|87\/100\n|move|p2a: Ogerpon|Taunt|p1a: jebbey\n|-start|p1a: jebbey|move: Taunt\n|\n|-weather|none\n|upkeep\n|turn|20\n|\n|t:|1697608715\n|move|p1a: jebbey|Ice Beam|p2a: Ogerpon\n|-damage|p2a: Ogerpon|0 fnt\n|faint|p2a: Ogerpon\n|\n|upkeep\n|\n|t:|1697608728\n|switch|p2a: Urshifu|Urshifu-Rapid-Strike, F|100\/100\n|turn|21\n|\n|t:|1697608737\n|move|p1a: jebbey|Earth Power|p2a: Urshifu\n|-damage|p2a: Urshifu|62\/100\n|-unboost|p2a: Urshifu|spd|1\n|move|p2a: Urshifu|Drain Punch|p1a: jebbey\n|-damage|p1a: jebbey|55\/100\n|-heal|p2a: Urshifu|82\/100|[from] drain|[of] p1a: jebbey\n|-damage|p2a: Urshifu|72\/100|[from] item: Life Orb\n|\n|upkeep\n|turn|22\n|\n|t:|1697608750\n|move|p1a: jebbey|Earth Power|p2a: Urshifu\n|-damage|p2a: Urshifu|18\/100\n|move|p2a: Urshifu|Trailblaze|p1a: jebbey\n|-resisted|p1a: jebbey\n|-damage|p1a: jebbey|48\/100\n|-boost|p2a: Urshifu|spe|1\n|-damage|p2a: Urshifu|8\/100|[from] item: Life Orb\n|\n|-end|p1a: jebbey|move: Taunt\n|upkeep\n|turn|23\n|\n|t:|1697608759\n|move|p2a: Urshifu|Drain Punch|p1a: jebbey\n|-damage|p1a: jebbey|16\/100\n|-heal|p2a: Urshifu|29\/100|[from] drain|[of] p1a: jebbey\n|-damage|p2a: Urshifu|19\/100|[from] item: Life Orb\n|move|p1a: jebbey|Recover|p1a: jebbey\n|-heal|p1a: jebbey|66\/100\n|\n|upkeep\n|turn|24\n|\n|t:|1697608765\n|move|p2a: Urshifu|Drain Punch|p1a: jebbey\n|-damage|p1a: jebbey|31\/100\n|-heal|p2a: Urshifu|42\/100|[from] drain|[of] p1a: jebbey\n|-damage|p2a: Urshifu|32\/100|[from] item: Life Orb\n|move|p1a: jebbey|Recover|p1a: jebbey\n|-heal|p1a: jebbey|81\/100\n|\n|upkeep\n|turn|25\n|\n|t:|1697608778\n|move|p2a: Urshifu|Drain Punch|p1a: jebbey\n|-damage|p1a: jebbey|47\/100\n|-heal|p2a: Urshifu|54\/100|[from] drain|[of] p1a: jebbey\n|-damage|p2a: Urshifu|44\/100|[from] item: Life Orb\n|move|p1a: jebbey|Earth Power|p2a: Urshifu\n|-damage|p2a: Urshifu|0 fnt\n|faint|p2a: Urshifu\n|\n|upkeep\n|\n|t:|1697608783\n|switch|p2a: Thundurus|Thundurus, M|94\/100\n|turn|26\n|\n|t:|1697608786\n|move|p2a: Thundurus|Rain Dance|p2a: Thundurus\n|-weather|RainDance\n|move|p1a: jebbey|Recover|p1a: jebbey\n|-heal|p1a: jebbey|97\/100\n|\n|-weather|RainDance|[upkeep]\n|upkeep\n|turn|27\n|\n|t:|1697608797\n|switch|p1a: rayearth|Magearna|76\/100\n|-damage|p1a: rayearth|63\/100|[from] Spikes\n|move|p2a: Thundurus|Thunder Wave|p1a: rayearth\n|-status|p1a: rayearth|par\n|\n|-weather|RainDance|[upkeep]\n|upkeep\n|turn|28\n|\n|t:|1697608800\n|move|p2a: Thundurus|Volt Switch|p1a: rayearth\n|-damage|p1a: rayearth|39\/100 par\n|\n|t:|1697608802\n|switch|p2a: Basculegion|Basculegion-F, F|100\/100|[from] Volt Switch\n|move|p1a: rayearth|Draining Kiss|p2a: Basculegion\n|-damage|p2a: Basculegion|75\/100\n|-heal|p1a: rayearth|59\/100 par|[from] drain|[of] p2a: Basculegion\n|\n|-weather|RainDance|[upkeep]\n|upkeep\n|turn|29\n|\n|t:|1697608804\n|move|p2a: Basculegion|Last Respects|p1a: rayearth\n|-damage|p1a: rayearth|0 fnt\n|faint|p1a: rayearth\n|-damage|p2a: Basculegion|65\/100|[from] item: Life Orb\n|\n|-weather|RainDance|[upkeep]\n|upkeep\n|\n|t:|1697608811\n|switch|p1a: RARIATTO!!!|Houndstone, F|88\/100\n|-damage|p1a: RARIATTO!!!|76\/100|[from] Spikes\n|turn|30\n|\n|t:|1697608814\n|move|p1a: RARIATTO!!!|Shadow Sneak|p2a: Basculegion\n|-supereffective|p2a: Basculegion\n|-damage|p2a: Basculegion|0 fnt\n|faint|p2a: Basculegion\n|\n|-weather|none\n|upkeep\n|\n|t:|1697608816\n|switch|p2a: Thundurus|Thundurus, M|94\/100\n|turn|31\n|\n|t:|1697608823\n|move|p2a: Thundurus|Thunder Wave|p1a: RARIATTO!!!|[miss]\n|-miss|p2a: Thundurus|p1a: RARIATTO!!!\n|move|p1a: RARIATTO!!!|Shadow Sneak|p2a: Thundurus\n|-damage|p2a: Thundurus|59\/100\n|\n|upkeep\n|turn|32\n|\n|t:|1697608825\n|move|p2a: Thundurus|Thunder Wave|p1a: RARIATTO!!!\n|-status|p1a: RARIATTO!!!|par\n|cant|p1a: RARIATTO!!!|par\n|\n|upkeep\n|turn|33\n|\n|t:|1697608827\n|cant|p1a: RARIATTO!!!|par\n|move|p2a: Thundurus|Volt Switch|p1a: RARIATTO!!!\n|-damage|p1a: RARIATTO!!!|38\/100 par\n|\n|upkeep\n|turn|34\n|\n|t:|1697608829\n|move|p1a: RARIATTO!!!|Shadow Sneak|p2a: Thundurus\n|-damage|p2a: Thundurus|23\/100\n|move|p2a: Thundurus|Volt Switch|p1a: RARIATTO!!!\n|-damage|p1a: RARIATTO!!!|2\/100 par\n|\n|upkeep\n|turn|35\n|\n|t:|1697608832\n|cant|p1a: RARIATTO!!!|par\n|move|p2a: Thundurus|Volt Switch|p1a: RARIATTO!!!\n|-damage|p1a: RARIATTO!!!|0 fnt\n|faint|p1a: RARIATTO!!!\n|\n|upkeep\n|c|\u2606GerrytheHeeHo|gg\n|\n|t:|1697608837\n|switch|p1a: jebbey|Arceus-Grass|97\/100\n|-damage|p1a: jebbey|85\/100|[from] Spikes\n|turn|36\n|\n|t:|1697608839\n|move|p2a: Thundurus|Thunder Wave|p1a: jebbey\n|-status|p1a: jebbey|par\n|cant|p1a: jebbey|par\n|\n|upkeep\n|turn|37\n|\n|t:|1697608841\n|move|p2a: Thundurus|Volt Switch|p1a: jebbey\n|-resisted|p1a: jebbey\n|-damage|p1a: jebbey|75\/100 par\n|move|p1a: jebbey|Ice Beam|p2a: Thundurus\n|-supereffective|p2a: Thundurus\n|-damage|p2a: Thundurus|0 fnt\n|faint|p2a: Thundurus\n|\n|win|GerrytheHeeHo\n","uploadtime":1697608849,"views":16,"p1id":"gerrytheheeho","p2id":"aerialsace","formatid":"gen9ubers","rating":0,"private":0,"password":""}