{"id":"gen9ubers-1972110381","p1":"marcelotrololol","p2":"Owl In Daylight","format":"[Gen 9] Ubers","log":"|j|\u2606marcelotrololol\n|j|\u2606Owl In Daylight\n|t:|1697813682\n|gametype|singles\n|player|p1|marcelotrololol|lance|1402\n|player|p2|Owl In Daylight|102|1680\n|teamsize|p1|6\n|teamsize|p2|6\n|gen|9\n|tier|[Gen 9] Ubers\n|rated|\n|rule|Sleep Clause Mod: Limit one foe put to sleep\n|rule|Species Clause: Limit one of each Pok\u00e9mon\n|rule|OHKO Clause: OHKO moves are banned\n|rule|Evasion Items Clause: Evasion items are banned\n|rule|Evasion Moves Clause: Evasion moves are banned\n|rule|Endless Battle Clause: Forcing endless battles is banned\n|rule|HP Percentage Mod: HP is shown in percentages\n|clearpoke\n|poke|p1|Giratina|\n|poke|p1|Zacian-*|\n|poke|p1|Samurott-Hisui, M|\n|poke|p1|Miraidon|\n|poke|p1|Ting-Lu|\n|poke|p1|Flutter Mane|\n|poke|p2|Amoonguss, F|\n|poke|p2|Miraidon|\n|poke|p2|Kyogre|\n|poke|p2|Giratina-Origin|\n|poke|p2|Arceus-Fairy|\n|poke|p2|Landorus-Therian, M|\n|teampreview\n|\n|t:|1697813712\n|start\n|switch|p1a: Samurott|Samurott-Hisui, M|100\/100\n|switch|p2a: Arceus|Arceus-Fairy|100\/100\n|turn|1\n|\n|t:|1697813717\n|move|p2a: Arceus|Judgment|p1a: Samurott\n|-supereffective|p1a: Samurott\n|-enditem|p1a: Samurott|Focus Sash\n|-damage|p1a: Samurott|1\/100\n|move|p1a: Samurott|Ceaseless Edge|p2a: Arceus\n|-resisted|p2a: Arceus\n|-damage|p2a: Arceus|84\/100\n|-sidestart|p2: Owl In Daylight|Spikes\n|\n|upkeep\n|turn|2\n|inactive|Battle timer is ON: inactive players will automatically lose when time's up. (requested by marcelotrololol)\n|\n|t:|1697813726\n|switch|p1a: Zacian|Zacian-Crowned|100\/100\n|-ability|p1a: Zacian|Intrepid Sword|boost\n|-boost|p1a: Zacian|atk|1\n|move|p2a: Arceus|Judgment|p1a: Zacian\n|-resisted|p1a: Zacian\n|-damage|p1a: Zacian|77\/100\n|\n|upkeep\n|turn|3\n|\n|t:|1697813734\n|switch|p2a: Landorus|Landorus-Therian, M|100\/100\n|-ability|p2a: Landorus|Intimidate|boost\n|-unboost|p1a: Zacian|atk|1\n|move|p1a: Zacian|Behemoth Blade|p2a: Landorus\n|-damage|p2a: Landorus|60\/100\n|-damage|p1a: Zacian|61\/100|[from] item: Rocky Helmet|[of] p2a: Landorus\n|\n|upkeep\n|turn|4\n|\n|t:|1697813743\n|switch|p1a: Samurott|Samurott-Hisui, M|1\/100\n|move|p2a: Landorus|Earthquake|p1a: Samurott\n|-damage|p1a: Samurott|0 fnt\n|faint|p1a: Samurott\n|\n|upkeep\n|\n|t:|1697813759\n|switch|p1a: Ting-Lu|Ting-Lu|100\/100\n|-ability|p1a: Ting-Lu|Vessel of Ruin\n|turn|5\n|\n|t:|1697813768\n|move|p2a: Landorus|U-turn|p1a: Ting-Lu\n|-supereffective|p1a: Ting-Lu\n|-damage|p1a: Ting-Lu|79\/100\n|\n|t:|1697813770\n|switch|p2a: Giratina|Giratina-Origin|100\/100|[from] U-turn\n|move|p1a: Ting-Lu|Whirlwind|p2a: Giratina\n|drag|p2a: Amoonguss|Amoonguss, F|100\/100\n|-damage|p2a: Amoonguss|88\/100|[from] Spikes\n|\n|-heal|p1a: Ting-Lu|85\/100|[from] item: Leftovers\n|upkeep\n|turn|6\n|\n|t:|1697813777\n|move|p1a: Ting-Lu|Stealth Rock|p2a: Amoonguss\n|-sidestart|p2: Owl In Daylight|move: Stealth Rock\n|move|p2a: Amoonguss|Grass Knot|p1a: Ting-Lu\n|-supereffective|p1a: Ting-Lu\n|-damage|p1a: Ting-Lu|50\/100\n|\n|-heal|p1a: Ting-Lu|56\/100|[from] item: Leftovers\n|upkeep\n|turn|7\n|\n|t:|1697813788\n|switch|p1a: Zacian|Zacian-Crowned|61\/100\n|move|p2a: Amoonguss|Grass Knot|p1a: Zacian\n|-resisted|p1a: Zacian\n|-damage|p1a: Zacian|44\/100\n|\n|upkeep\n|turn|8\n|\n|t:|1697813796\n|switch|p2a: Landorus|Landorus-Therian, M|60\/100\n|-damage|p2a: Landorus|48\/100|[from] Stealth Rock\n|-ability|p2a: Landorus|Intimidate|boost\n|-unboost|p1a: Zacian|atk|1\n|move|p1a: Zacian|Behemoth Blade|p2a: Landorus\n|-damage|p2a: Landorus|21\/100\n|-damage|p1a: Zacian|28\/100|[from] item: Rocky Helmet|[of] p2a: Landorus\n|\n|upkeep\n|turn|9\n|\n|t:|1697813805\n|move|p1a: Zacian|Behemoth Blade|p2a: Landorus\n|-damage|p2a: Landorus|0 fnt\n|-damage|p1a: Zacian|11\/100|[from] item: Rocky Helmet|[of] p2a: Landorus\n|faint|p2a: Landorus\n|\n|upkeep\n|\n|t:|1697813810\n|switch|p2a: Miraidon|Miraidon|100\/100\n|-damage|p2a: Miraidon|88\/100|[from] Spikes\n|-damage|p2a: Miraidon|76\/100|[from] Stealth Rock\n|-fieldstart|move: Electric Terrain|[from] ability: Hadron Engine|[of] p2a: Miraidon\n|turn|10\n|\n|t:|1697813816\n|switch|p1a: Ting-Lu|Ting-Lu|56\/100\n|-ability|p1a: Ting-Lu|Vessel of Ruin\n|move|p2a: Miraidon|Electro Drift|p1a: Ting-Lu\n|-immune|p1a: Ting-Lu\n|\n|-heal|p1a: Ting-Lu|62\/100|[from] item: Leftovers\n|upkeep\n|turn|11\n|\n|t:|1697813826\n|switch|p2a: Giratina|Giratina-Origin|100\/100\n|-damage|p2a: Giratina|88\/100|[from] Stealth Rock\n|move|p1a: Ting-Lu|Whirlwind|p2a: Giratina\n|drag|p2a: Kyogre|Kyogre|100\/100\n|-damage|p2a: Kyogre|88\/100|[from] Spikes\n|-damage|p2a: Kyogre|76\/100|[from] Stealth Rock\n|-weather|RainDance|[from] ability: Drizzle|[of] p2a: Kyogre\n|\n|-weather|RainDance|[upkeep]\n|-heal|p1a: Ting-Lu|69\/100|[from] item: Leftovers\n|upkeep\n|turn|12\n|\n|t:|1697813837\n|switch|p1a: Zacian|Zacian-Crowned|11\/100\n|move|p2a: Kyogre|Ice Beam|p1a: Zacian\n|-resisted|p1a: Zacian\n|-damage|p1a: Zacian|0 fnt\n|faint|p1a: Zacian\n|\n|-weather|RainDance|[upkeep]\n|upkeep\n|inactive|marcelotrololol has 120 seconds left.\n|inactive|marcelotrololol has 90 seconds left.\n|inactive|marcelotrololol has 60 seconds left.\n|\n|t:|1697813930\n|switch|p1a: Giratina|Giratina|100\/100\n|-ability|p1a: Giratina|Pressure\n|turn|13\n|inactive|marcelotrololol has 60 seconds left.\n|\n|t:|1697813935\n|move|p2a: Kyogre|Ice Beam|p1a: Giratina\n|-supereffective|p1a: Giratina\n|-damage|p1a: Giratina|42\/100\n|move|p1a: Giratina|Dragon Tail|p2a: Kyogre|[miss]\n|-miss|p1a: Giratina|p2a: Kyogre\n|\n|-weather|RainDance|[upkeep]\n|-heal|p1a: Giratina|48\/100|[from] item: Leftovers\n|upkeep\n|turn|14\n|inactive|marcelotrololol has 60 seconds left.\n|\n|t:|1697813948\n|-terastallize|p1a: Giratina|Ghost\n|move|p2a: Kyogre|Ice Beam|p1a: Giratina\n|-damage|p1a: Giratina|16\/100\n|move|p1a: Giratina|Dragon Tail|p2a: Kyogre\n|-damage|p2a: Kyogre|54\/100\n|drag|p2a: Amoonguss|Amoonguss, F|100\/100\n|-damage|p2a: Amoonguss|88\/100|[from] Spikes\n|-damage|p2a: Amoonguss|75\/100|[from] Stealth Rock\n|\n|-weather|RainDance|[upkeep]\n|-heal|p1a: Giratina|22\/100|[from] item: Leftovers\n|-fieldend|move: Electric Terrain\n|upkeep\n|turn|15\n|inactive|marcelotrololol has 60 seconds left.\n|j| Na2Zn(OH)4\n|\n|t:|1697813963\n|move|p2a: Amoonguss|Sludge Bomb|p1a: Giratina\n|-resisted|p1a: Giratina\n|-damage|p1a: Giratina|15\/100\n|move|p1a: Giratina|Dragon Tail|p2a: Amoonguss\n|-damage|p2a: Amoonguss|50\/100\n|drag|p2a: Miraidon|Miraidon|76\/100\n|-damage|p2a: Miraidon|64\/100|[from] Spikes\n|-damage|p2a: Miraidon|51\/100|[from] Stealth Rock\n|-fieldstart|move: Electric Terrain|[from] ability: Hadron Engine|[of] p2a: Miraidon\n|\n|-weather|none\n|-heal|p1a: Giratina|22\/100|[from] item: Leftovers\n|upkeep\n|turn|16\n|inactive|marcelotrololol has 60 seconds left.\n|\n|t:|1697813975\n|move|p1a: Giratina|Shadow Sneak|p2a: Miraidon\n|-damage|p2a: Miraidon|32\/100\n|move|p2a: Miraidon|Dragon Pulse|p1a: Giratina\n|-damage|p1a: Giratina|0 fnt\n|faint|p1a: Giratina\n|\n|upkeep\n|inactive|marcelotrololol has 60 seconds left.\n|\n|t:|1697813984\n|switch|p1a: Flutter Mane|Flutter Mane|100\/100\n|-enditem|p1a: Flutter Mane|Booster Energy\n|-activate|p1a: Flutter Mane|ability: Protosynthesis|[fromitem]\n|-start|p1a: Flutter Mane|protosynthesisspe\n|turn|17\n|inactive|marcelotrololol has 60 seconds left.\n|\n|t:|1697813996\n|switch|p2a: Amoonguss|Amoonguss, F|84\/100\n|-damage|p2a: Amoonguss|71\/100|[from] Spikes\n|-damage|p2a: Amoonguss|59\/100|[from] Stealth Rock\n|move|p1a: Flutter Mane|Moonblast|p2a: Amoonguss\n|-resisted|p2a: Amoonguss\n|-damage|p2a: Amoonguss|48\/100\n|-unboost|p2a: Amoonguss|spa|1\n|\n|upkeep\n|turn|18\n|inactive|marcelotrololol has 60 seconds left.\n|\n|t:|1697814007\n|move|p1a: Flutter Mane|Mystical Fire|p2a: Amoonguss\n|-supereffective|p2a: Amoonguss\n|-damage|p2a: Amoonguss|25\/100\n|-unboost|p2a: Amoonguss|spa|1\n|move|p2a: Amoonguss|Sludge Bomb|p1a: Flutter Mane\n|-damage|p1a: Flutter Mane|86\/100\n|\n|upkeep\n|turn|19\n|\n|t:|1697814018\n|move|p1a: Flutter Mane|Shadow Ball|p2a: Amoonguss\n|-damage|p2a: Amoonguss|7\/100\n|move|p2a: Amoonguss|Sludge Bomb|p1a: Flutter Mane\n|-crit|p1a: Flutter Mane\n|-damage|p1a: Flutter Mane|43\/100\n|\n|-fieldend|move: Electric Terrain\n|upkeep\n|turn|20\n|\n|t:|1697814026\n|move|p1a: Flutter Mane|Shadow Ball|p2a: Amoonguss\n|-damage|p2a: Amoonguss|0 fnt\n|faint|p2a: Amoonguss\n|\n|upkeep\n|\n|t:|1697814029\n|switch|p2a: Kyogre|Kyogre|54\/100\n|-damage|p2a: Kyogre|42\/100|[from] Spikes\n|-damage|p2a: Kyogre|30\/100|[from] Stealth Rock\n|-weather|RainDance|[from] ability: Drizzle|[of] p2a: Kyogre\n|turn|21\n|\n|t:|1697814038\n|move|p1a: Flutter Mane|Thunderbolt|p2a: Kyogre\n|-supereffective|p2a: Kyogre\n|-damage|p2a: Kyogre|0 fnt\n|faint|p2a: Kyogre\n|\n|-weather|RainDance|[upkeep]\n|upkeep\n|\n|t:|1697814041\n|switch|p2a: Arceus|Arceus-Fairy|84\/100\n|-damage|p2a: Arceus|71\/100|[from] Spikes\n|-damage|p2a: Arceus|59\/100|[from] Stealth Rock\n|turn|22\n|inactive|marcelotrololol has 90 seconds left.\n|\n|t:|1697814053\n|move|p1a: Flutter Mane|Moonblast|p2a: Arceus\n|-damage|p2a: Arceus|24\/100\n|move|p2a: Arceus|Recover|p2a: Arceus\n|-heal|p2a: Arceus|74\/100\n|\n|-weather|RainDance|[upkeep]\n|upkeep\n|turn|23\n|inactive|marcelotrololol has 90 seconds left.\n|\n|t:|1697814064\n|move|p1a: Flutter Mane|Shadow Ball|p2a: Arceus\n|-damage|p2a: Arceus|46\/100\n|move|p2a: Arceus|Calm Mind|p2a: Arceus\n|-boost|p2a: Arceus|spa|1\n|-boost|p2a: Arceus|spd|1\n|\n|-weather|RainDance|[upkeep]\n|upkeep\n|turn|24\n|inactive|marcelotrololol has 90 seconds left.\n|\n|t:|1697814075\n|-end|p1a: Flutter Mane|Protosynthesis|[silent]\n|switch|p1a: Miraidon|Miraidon|100\/100\n|-fieldstart|move: Electric Terrain|[from] ability: Hadron Engine|[of] p1a: Miraidon\n|move|p2a: Arceus|Recover|p2a: Arceus\n|-heal|p2a: Arceus|96\/100\n|\n|-weather|RainDance|[upkeep]\n|upkeep\n|turn|25\n|inactive|marcelotrololol has 90 seconds left.\n|\n|t:|1697814082\n|move|p1a: Miraidon|Electro Drift|p2a: Arceus\n|-damage|p2a: Arceus|53\/100\n|move|p2a: Arceus|Judgment|p1a: Miraidon\n|-supereffective|p1a: Miraidon\n|-damage|p1a: Miraidon|0 fnt\n|faint|p1a: Miraidon\n|\n|-weather|none\n|upkeep\n|inactive|marcelotrololol has 90 seconds left.\n|-message|marcelotrololol forfeited.\n|\n|win|Owl In Daylight\n|raw|marcelotrololol's rating: 1402 &rarr; <strong>1395<\/strong><br \/>(-7 for losing)\n|raw|Owl In Daylight's rating: 1680 &rarr; <strong>1687<\/strong><br \/>(+7 for winning)\n|l|\u2606marcelotrololol\n|l|\u2606Owl In Daylight\n","uploadtime":1697814627,"views":9,"p1id":"marcelotrololol","p2id":"owlindaylight","formatid":"gen9ubers","rating":1395,"private":0,"password":""}