{"id":"gen9ubers-1993134277","p1":"Supwill0048","p2":"JayTheBlaze87","format":"[Gen 9] Ubers","log":"|j|\u2606Supwill0048\n|j|\u2606JayTheBlaze87\n|t:|1700268815\n|gametype|singles\n|player|p1|Supwill0048|hiker-gen4|\n|player|p2|JayTheBlaze87|n|\n|teamsize|p1|6\n|teamsize|p2|6\n|gen|9\n|tier|[Gen 9] Ubers\n|rule|Sleep Clause Mod: Limit one foe put to sleep\n|rule|Species Clause: Limit one of each Pok\u00e9mon\n|rule|OHKO Clause: OHKO moves are banned\n|rule|Evasion Items Clause: Evasion items are banned\n|rule|Evasion Moves Clause: Evasion moves are banned\n|rule|Endless Battle Clause: Forcing endless battles is banned\n|rule|HP Percentage Mod: HP is shown in percentages\n|clearpoke\n|poke|p1|Torkoal, F|\n|poke|p1|Flutter Mane|\n|poke|p1|Roaring Moon|\n|poke|p1|Fezandipiti, M|\n|poke|p1|Brute Bonnet|\n|poke|p1|Great Tusk|\n|poke|p2|Sneasler, M|\n|poke|p2|Manaphy|\n|poke|p2|Ogerpon-Hearthflame, F|\n|poke|p2|Enamorus-Therian, F|\n|poke|p2|Dragapult, F|\n|poke|p2|Ditto|\n|teampreview\n|\n|t:|1700268823\n|start\n|switch|p1a: Torkoal|Torkoal, F|100\/100\n|switch|p2a: Sneasler|Sneasler, M|100\/100\n|-weather|SunnyDay|[from] ability: Drought|[of] p1a: Torkoal\n|turn|1\n|\n|t:|1700268833\n|switch|p1a: Flutter Mane|Flutter Mane|100\/100\n|-activate|p1a: Flutter Mane|ability: Protosynthesis\n|-start|p1a: Flutter Mane|protosynthesisspa\n|move|p2a: Sneasler|Fake Out|p1a: Flutter Mane\n|-immune|p1a: Flutter Mane\n|\n|-weather|SunnyDay|[upkeep]\n|upkeep\n|turn|2\n|\n|t:|1700268849\n|-end|p1a: Flutter Mane|Protosynthesis|[silent]\n|switch|p1a: Fezandipiti|Fezandipiti, M|100\/100\n|move|p2a: Sneasler|Dire Claw|p1a: Fezandipiti\n|-damage|p1a: Fezandipiti|60\/100\n|-status|p1a: Fezandipiti|par\n|-damage|p2a: Sneasler|84\/100|[from] item: Rocky Helmet|[of] p1a: Fezandipiti\n|\n|-weather|SunnyDay|[upkeep]\n|upkeep\n|turn|3\n|\n|t:|1700268870\n|switch|p2a: Manaphy|Manaphy|100\/100\n|move|p1a: Fezandipiti|Roost|p1a: Fezandipiti\n|-heal|p1a: Fezandipiti|100\/100 par\n|-singleturn|p1a: Fezandipiti|move: Roost\n|\n|-weather|SunnyDay|[upkeep]\n|upkeep\n|turn|4\n|\n|t:|1700268887\n|move|p2a: Manaphy|Take Heart|p2a: Manaphy\n|-boost|p2a: Manaphy|spa|1\n|-boost|p2a: Manaphy|spd|1\n|move|p1a: Fezandipiti|U-turn|p2a: Manaphy\n|-damage|p2a: Manaphy|86\/100\n|\n|t:|1700268895\n|switch|p1a: Brute Bonnet|Brute Bonnet|100\/100|[from] U-turn\n|-activate|p1a: Brute Bonnet|ability: Protosynthesis\n|-start|p1a: Brute Bonnet|protosynthesisatk\n|\n|-weather|SunnyDay|[upkeep]\n|-heal|p2a: Manaphy|92\/100|[from] item: Leftovers\n|upkeep\n|turn|5\n|\n|t:|1700268907\n|switch|p2a: Sneasler|Sneasler, M|84\/100\n|-terastallize|p1a: Brute Bonnet|Electric\n|move|p1a: Brute Bonnet|Tera Blast|p2a: Sneasler|[anim] Tera Blast Electric\n|-damage|p2a: Sneasler|0 fnt\n|faint|p2a: Sneasler\n|\n|-weather|SunnyDay|[upkeep]\n|upkeep\n|\n|t:|1700268918\n|switch|p2a: Dragapult|Dragapult, F|100\/100\n|turn|6\n|\n|t:|1700268926\n|move|p1a: Brute Bonnet|Sucker Punch|p2a: Dragapult\n|-supereffective|p2a: Dragapult\n|-damage|p2a: Dragapult|0 fnt\n|faint|p2a: Dragapult\n|\n|-weather|SunnyDay|[upkeep]\n|upkeep\n|\n|t:|1700268938\n|switch|p2a: Ogerpon|Ogerpon-Hearthflame, F|100\/100\n|-ability|p2a: Ogerpon|Mold Breaker\n|turn|7\n|\n|t:|1700268949\n|move|p2a: Ogerpon|Ivy Cudgel|p1a: Brute Bonnet|[anim] Ivy Cudgel Fire\n|-damage|p1a: Brute Bonnet|43\/100\n|move|p1a: Brute Bonnet|Stomping Tantrum|p2a: Ogerpon\n|-damage|p2a: Ogerpon|53\/100\n|\n|-weather|SunnyDay|[upkeep]\n|-heal|p1a: Brute Bonnet|49\/100|[from] item: Leftovers\n|upkeep\n|turn|8\n|\n|t:|1700268963\n|-end|p1a: Brute Bonnet|Protosynthesis|[silent]\n|switch|p1a: Great Tusk|Great Tusk|100\/100\n|-activate|p1a: Great Tusk|ability: Protosynthesis\n|-start|p1a: Great Tusk|protosynthesisatk\n|move|p2a: Ogerpon|Horn Leech|p1a: Great Tusk\n|-supereffective|p1a: Great Tusk\n|-crit|p1a: Great Tusk\n|-damage|p1a: Great Tusk|9\/100\n|-heal|p2a: Ogerpon|100\/100|[from] drain|[of] p1a: Great Tusk\n|\n|-weather|none\n|-end|p1a: Great Tusk|Protosynthesis\n|-heal|p1a: Great Tusk|16\/100|[from] item: Leftovers\n|upkeep\n|turn|9\n|\n|t:|1700268992\n|switch|p2a: Manaphy|Manaphy|92\/100\n|-end|p1a: Great Tusk|Protosynthesis|[silent]\n|switch|p1a: Torkoal|Torkoal, F|100\/100\n|-weather|SunnyDay|[from] ability: Drought|[of] p1a: Torkoal\n|\n|-weather|SunnyDay|[upkeep]\n|-heal|p2a: Manaphy|98\/100|[from] item: Leftovers\n|upkeep\n|turn|10\n|\n|t:|1700269009\n|switch|p1a: Brute Bonnet|Brute Bonnet, tera:Electric|49\/100\n|-activate|p1a: Brute Bonnet|ability: Protosynthesis\n|-start|p1a: Brute Bonnet|protosynthesisatk\n|move|p2a: Manaphy|Scald|p1a: Brute Bonnet\n|-damage|p1a: Brute Bonnet|33\/100\n|\n|-weather|SunnyDay|[upkeep]\n|-heal|p2a: Manaphy|100\/100|[from] item: Leftovers\n|-heal|p1a: Brute Bonnet|39\/100|[from] item: Leftovers\n|upkeep\n|turn|11\n|\n|t:|1700269022\n|switch|p2a: Ogerpon|Ogerpon-Hearthflame, F|100\/100\n|-ability|p2a: Ogerpon|Mold Breaker\n|move|p1a: Brute Bonnet|Tera Blast|p2a: Ogerpon|[anim] Tera Blast Electric\n|-resisted|p2a: Ogerpon\n|-damage|p2a: Ogerpon|65\/100\n|\n|-weather|SunnyDay|[upkeep]\n|-heal|p1a: Brute Bonnet|46\/100|[from] item: Leftovers\n|upkeep\n|turn|12\n|\n|t:|1700269037\n|move|p1a: Brute Bonnet|Sucker Punch|p2a: Ogerpon\n|-damage|p2a: Ogerpon|0 fnt\n|faint|p2a: Ogerpon\n|\n|-weather|SunnyDay|[upkeep]\n|-heal|p1a: Brute Bonnet|52\/100|[from] item: Leftovers\n|upkeep\n|\n|t:|1700269049\n|switch|p2a: Ditto|Ditto|100\/100\n|-transform|p2a: Ditto|p1a: Brute Bonnet|[from] ability: Imposter\n|turn|13\n|\n|t:|1700269061\n|-end|p1a: Brute Bonnet|Protosynthesis|[silent]\n|switch|p1a: Fezandipiti|Fezandipiti, M|100\/100 par\n|move|p2a: Ditto|Stomping Tantrum|p1a: Fezandipiti\n|-supereffective|p1a: Fezandipiti\n|-damage|p1a: Fezandipiti|53\/100 par\n|-damage|p2a: Ditto|84\/100|[from] item: Rocky Helmet|[of] p1a: Fezandipiti\n|\n|-weather|SunnyDay|[upkeep]\n|upkeep\n|turn|14\n|\n|t:|1700269077\n|-end|p2a: Ditto|Protosynthesis|[silent]\n|switch|p2a: Manaphy|Manaphy|100\/100\n|move|p1a: Fezandipiti|U-turn|p2a: Manaphy\n|-damage|p2a: Manaphy|86\/100\n|\n|t:|1700269084\n|switch|p1a: Brute Bonnet|Brute Bonnet, tera:Electric|52\/100|[from] U-turn\n|-activate|p1a: Brute Bonnet|ability: Protosynthesis\n|-start|p1a: Brute Bonnet|protosynthesisatk\n|\n|-weather|SunnyDay|[upkeep]\n|-heal|p2a: Manaphy|92\/100|[from] item: Leftovers\n|-heal|p1a: Brute Bonnet|58\/100|[from] item: Leftovers\n|upkeep\n|turn|15\n|\n|t:|1700269098\n|switch|p2a: Ditto|Ditto|84\/100\n|-transform|p2a: Ditto|p1a: Brute Bonnet|[from] ability: Imposter\n|move|p1a: Brute Bonnet|Tera Blast|p2a: Ditto|[anim] Tera Blast Electric\n|-resisted|p2a: Ditto\n|-damage|p2a: Ditto|60\/100\n|\n|-weather|SunnyDay|[upkeep]\n|-heal|p1a: Brute Bonnet|64\/100|[from] item: Leftovers\n|upkeep\n|turn|16\n|\n|t:|1700269113\n|-end|p1a: Brute Bonnet|Protosynthesis|[silent]\n|switch|p1a: Torkoal|Torkoal, F|100\/100\n|move|p2a: Ditto|Stomping Tantrum|p1a: Torkoal\n|-supereffective|p1a: Torkoal\n|-crit|p1a: Torkoal\n|-damage|p1a: Torkoal|53\/100\n|\n|-weather|none\n|upkeep\n|turn|17\n|\n|t:|1700269126\n|-end|p2a: Ditto|Protosynthesis|[silent]\n|switch|p2a: Manaphy|Manaphy|92\/100\n|move|p1a: Torkoal|Will-O-Wisp|p2a: Manaphy\n|-status|p2a: Manaphy|brn\n|\n|-heal|p2a: Manaphy|98\/100 brn|[from] item: Leftovers\n|-damage|p2a: Manaphy|92\/100 brn|[from] brn\n|upkeep\n|turn|18\n|\n|t:|1700269144\n|switch|p1a: Roaring Moon|Roaring Moon|100\/100\n|move|p2a: Manaphy|Scald|p1a: Roaring Moon\n|-resisted|p1a: Roaring Moon\n|-damage|p1a: Roaring Moon|89\/100\n|-status|p1a: Roaring Moon|brn\n|\n|-heal|p2a: Manaphy|98\/100 brn|[from] item: Leftovers\n|-damage|p1a: Roaring Moon|83\/100 brn|[from] brn\n|-damage|p2a: Manaphy|92\/100 brn|[from] brn\n|upkeep\n|turn|19\n|\n|t:|1700269159\n|move|p1a: Roaring Moon|Knock Off|p2a: Manaphy\n|-damage|p2a: Manaphy|69\/100 brn\n|-enditem|p2a: Manaphy|Leftovers|[from] move: Knock Off|[of] p1a: Roaring Moon\n|move|p2a: Manaphy|Dazzling Gleam|p1a: Roaring Moon\n|-supereffective|p1a: Roaring Moon\n|-damage|p1a: Roaring Moon|14\/100 brn\n|\n|-damage|p1a: Roaring Moon|8\/100 brn|[from] brn\n|-damage|p2a: Manaphy|63\/100 brn|[from] brn\n|upkeep\n|turn|20\n|\n|t:|1700269170\n|move|p1a: Roaring Moon|U-turn|p2a: Manaphy\n|-damage|p2a: Manaphy|52\/100 brn\n|\n|t:|1700269174\n|-end|p1a: Roaring Moon|Protosynthesis|[silent]\n|switch|p1a: Fezandipiti|Fezandipiti, M|53\/100 par|[from] U-turn\n|move|p2a: Manaphy|Take Heart|p2a: Manaphy\n|-boost|p2a: Manaphy|spa|1\n|-boost|p2a: Manaphy|spd|1\n|-curestatus|p2a: Manaphy|brn|[msg]\n|\n|upkeep\n|turn|21\n|\n|t:|1700269186\n|move|p2a: Manaphy|Scald|p1a: Fezandipiti\n|-damage|p1a: Fezandipiti|9\/100 par\n|move|p1a: Fezandipiti|Roost|p1a: Fezandipiti\n|-heal|p1a: Fezandipiti|59\/100 par\n|-singleturn|p1a: Fezandipiti|move: Roost\n|\n|upkeep\n|turn|22\n|\n|t:|1700269195\n|move|p2a: Manaphy|Scald|p1a: Fezandipiti\n|-damage|p1a: Fezandipiti|12\/100 par\n|move|p1a: Fezandipiti|Roost|p1a: Fezandipiti\n|-heal|p1a: Fezandipiti|62\/100 par\n|-singleturn|p1a: Fezandipiti|move: Roost\n|\n|upkeep\n|turn|23\n|\n|t:|1700269203\n|move|p2a: Manaphy|Take Heart|p2a: Manaphy\n|-boost|p2a: Manaphy|spa|1\n|-boost|p2a: Manaphy|spd|1\n|cant|p1a: Fezandipiti|par\n|\n|upkeep\n|turn|24\n|\n|t:|1700269210\n|move|p2a: Manaphy|Scald|p1a: Fezandipiti\n|-damage|p1a: Fezandipiti|0 fnt\n|faint|p1a: Fezandipiti\n|\n|upkeep\n|\n|t:|1700269216\n|switch|p1a: Flutter Mane|Flutter Mane|100\/100\n|turn|25\n|\n|t:|1700269224\n|move|p1a: Flutter Mane|Shadow Ball|p2a: Manaphy\n|-damage|p2a: Manaphy|25\/100\n|move|p2a: Manaphy|Scald|p1a: Flutter Mane\n|-damage|p1a: Flutter Mane|16\/100\n|-status|p1a: Flutter Mane|brn\n|\n|-damage|p1a: Flutter Mane|10\/100 brn|[from] brn\n|upkeep\n|turn|26\n|\n|t:|1700269236\n|move|p1a: Flutter Mane|Shadow Ball|p2a: Manaphy\n|-damage|p2a: Manaphy|0 fnt\n|faint|p2a: Manaphy\n|\n|-damage|p1a: Flutter Mane|4\/100 brn|[from] brn\n|upkeep\n|\n|t:|1700269241\n|switch|p2a: Ditto|Ditto|60\/100\n|-transform|p2a: Ditto|p1a: Flutter Mane|[from] ability: Imposter\n|turn|27\n|\n|t:|1700269254\n|-terastallize|p2a: Ditto|Fairy\n|move|p2a: Ditto|Moonblast|p1a: Flutter Mane\n|-damage|p1a: Flutter Mane|0 fnt\n|faint|p1a: Flutter Mane\n|-end|p1a: Flutter Mane|Protosynthesis|[silent]\n|\n|upkeep\n|\n|t:|1700269263\n|switch|p1a: Brute Bonnet|Brute Bonnet, tera:Electric|64\/100\n|turn|28\n|\n|t:|1700269268\n|move|p1a: Brute Bonnet|Sucker Punch|p2a: Ditto\n|-resisted|p2a: Ditto\n|-damage|p2a: Ditto|25\/100\n|move|p2a: Ditto|Moonblast|p1a: Brute Bonnet\n|-damage|p1a: Brute Bonnet|0 fnt\n|faint|p1a: Brute Bonnet\n|-end|p1a: Brute Bonnet|Protosynthesis|[silent]\n|\n|upkeep\n|\n|t:|1700269277\n|switch|p1a: Torkoal|Torkoal, F|53\/100\n|-weather|SunnyDay|[from] ability: Drought|[of] p1a: Torkoal\n|turn|29\n|\n|t:|1700269289\n|-end|p2a: Ditto|Protosynthesis|[silent]\n|switch|p2a: Enamorus|Enamorus-Therian, F|100\/100\n|move|p1a: Torkoal|Will-O-Wisp|p2a: Enamorus|[miss]\n|-miss|p1a: Torkoal|p2a: Enamorus\n|\n|-weather|SunnyDay|[upkeep]\n|upkeep\n|turn|30\n|\n|t:|1700269299\n|move|p2a: Enamorus|Calm Mind|p2a: Enamorus\n|-boost|p2a: Enamorus|spa|1\n|-boost|p2a: Enamorus|spd|1\n|move|p1a: Torkoal|Will-O-Wisp|p2a: Enamorus\n|-status|p2a: Enamorus|brn\n|\n|-weather|SunnyDay|[upkeep]\n|-damage|p2a: Enamorus|94\/100 brn|[from] brn\n|upkeep\n|turn|31\n|\n|t:|1700269309\n|move|p2a: Enamorus|Earth Power|p1a: Torkoal\n|-supereffective|p1a: Torkoal\n|-damage|p1a: Torkoal|0 fnt\n|faint|p1a: Torkoal\n|\n|-weather|SunnyDay|[upkeep]\n|-heal|p2a: Enamorus|100\/100 brn|[from] item: Leftovers\n|-damage|p2a: Enamorus|94\/100 brn|[from] brn\n|upkeep\n|\n|t:|1700269319\n|switch|p1a: Great Tusk|Great Tusk|16\/100\n|-activate|p1a: Great Tusk|ability: Protosynthesis\n|-start|p1a: Great Tusk|protosynthesisatk\n|turn|32\n|\n|t:|1700269325\n|move|p1a: Great Tusk|Ice Spinner|p2a: Enamorus\n|-supereffective|p2a: Enamorus\n|-damage|p2a: Enamorus|29\/100 brn\n|move|p2a: Enamorus|Springtide Storm|p1a: Great Tusk\n|-supereffective|p1a: Great Tusk\n|-damage|p1a: Great Tusk|0 fnt\n|faint|p1a: Great Tusk\n|-end|p1a: Great Tusk|Protosynthesis|[silent]\n|\n|-weather|SunnyDay|[upkeep]\n|-heal|p2a: Enamorus|35\/100 brn|[from] item: Leftovers\n|-damage|p2a: Enamorus|29\/100 brn|[from] brn\n|upkeep\n|\n|t:|1700269337\n|switch|p1a: Roaring Moon|Roaring Moon|8\/100 brn\n|-activate|p1a: Roaring Moon|ability: Protosynthesis\n|-start|p1a: Roaring Moon|protosynthesisatk\n|turn|33\n|\n|t:|1700269343\n|move|p1a: Roaring Moon|Iron Head|p2a: Enamorus\n|-supereffective|p2a: Enamorus\n|-damage|p2a: Enamorus|0 fnt\n|faint|p2a: Enamorus\n|\n|-weather|SunnyDay|[upkeep]\n|-damage|p1a: Roaring Moon|2\/100 brn|[from] brn\n|upkeep\n|\n|t:|1700269346\n|switch|p2a: Ditto|Ditto, tera:Fairy|25\/100\n|-transform|p2a: Ditto|p1a: Roaring Moon|[from] ability: Imposter\n|turn|34\n|\n|t:|1700269363\n|move|p2a: Ditto|U-turn|p1a: Roaring Moon\n|-supereffective|p1a: Roaring Moon\n|-damage|p1a: Roaring Moon|0 fnt\n|faint|p1a: Roaring Moon\n|-end|p1a: Roaring Moon|Protosynthesis|[silent]\n|\n|win|JayTheBlaze87\n|c|\u2606JayTheBlaze87|Gg\n","uploadtime":1700269373,"views":24,"p1id":"supwill0048","p2id":"jaytheblaze87","formatid":"gen9ubers","rating":0,"private":0,"password":""}