{"id":"gen9ubers-1988785228","p1":"the tr4sh man","p2":"Kinesquared","format":"[Gen 9] Ubers","log":"|j|\u2606the tr4sh man\n|j|\u2606Kinesquared\n|t:|1699762848\n|gametype|singles\n|player|p1|the tr4sh man|xerosic|\n|player|p2|Kinesquared|scientist-gen4dp|\n|teamsize|p1|6\n|teamsize|p2|6\n|gen|9\n|tier|[Gen 9] Ubers\n|rule|Sleep Clause Mod: Limit one foe put to sleep\n|rule|Species Clause: Limit one of each Pok\u00e9mon\n|rule|OHKO Clause: OHKO moves are banned\n|rule|Evasion Items Clause: Evasion items are banned\n|rule|Evasion Moves Clause: Evasion moves are banned\n|rule|Endless Battle Clause: Forcing endless battles is banned\n|rule|HP Percentage Mod: HP is shown in percentages\n|clearpoke\n|poke|p1|Urshifu-*, M|\n|poke|p1|Darkrai|\n|poke|p1|Spectrier|\n|poke|p1|Coalossal, M|\n|poke|p1|Umbreon, F|\n|poke|p1|Murkrow, M|\n|poke|p2|Haxorus, M|\n|poke|p2|Gholdengo|\n|poke|p2|Jirachi|\n|poke|p2|Iron Moth|\n|poke|p2|Espathra, M|\n|poke|p2|Vivillon-Continental, M|\n|teampreview\n|c|\u2606the tr4sh man|hello yello\n|j| FrostyRandom02\n|c|\u2606Kinesquared|hello black\n|c|\u2606Kinesquared|gl\n|\n|t:|1699762877\n|start\n|switch|p1a: Coalossal|Coalossal, M|100\/100\n|switch|p2a: Iron Moth|Iron Moth|100\/100\n|-enditem|p2a: Iron Moth|Booster Energy\n|-activate|p2a: Iron Moth|ability: Quark Drive|[fromitem]\n|-start|p2a: Iron Moth|quarkdrivespa\n|turn|1\n|c|\u2606the tr4sh man|u2\n|j| Pajoomas!\n|j| dumpy lump\n|\n|t:|1699762896\n|move|p2a: Iron Moth|Energy Ball|p1a: Coalossal\n|-damage|p1a: Coalossal|56\/100\n|move|p1a: Coalossal|Scald|p2a: Iron Moth\n|-supereffective|p2a: Iron Moth\n|-damage|p2a: Iron Moth|71\/100\n|\n|upkeep\n|turn|2\n|\n|t:|1699762903\n|move|p2a: Iron Moth|Energy Ball|p1a: Coalossal\n|-crit|p1a: Coalossal\n|-damage|p1a: Coalossal|0 fnt\n|faint|p1a: Coalossal\n|\n|upkeep\n|c|\u2606the tr4sh man|:(\n|\n|t:|1699762917\n|switch|p1a: Urshifu|Urshifu-Rapid-Strike, M|100\/100\n|turn|3\n|\n|t:|1699762957\n|-terastallize|p2a: Iron Moth|Grass\n|move|p1a: Urshifu|U-turn|p2a: Iron Moth\n|-supereffective|p2a: Iron Moth\n|-damage|p2a: Iron Moth|0 fnt\n|faint|p2a: Iron Moth\n|-end|p2a: Iron Moth|Quark Drive|[silent]\n|c|\u2606Kinesquared|ooo u got me\n|\n|t:|1699762970\n|switch|p1a: Darkrai|Darkrai|100\/100|[from] U-turn\n|\n|upkeep\n|\n|t:|1699762976\n|switch|p2a: Jirachi|Jirachi|100\/100\n|turn|4\n|\n|t:|1699762980\n|move|p1a: Darkrai|Dark Pulse|p2a: Jirachi\n|-supereffective|p2a: Jirachi\n|-damage|p2a: Jirachi|49\/100\n|move|p2a: Jirachi|Light Screen|p2a: Jirachi\n|-sidestart|p2: Kinesquared|move: Light Screen\n|\n|upkeep\n|turn|5\n|\n|t:|1699762986\n|move|p1a: Darkrai|Nasty Plot|p1a: Darkrai\n|-boost|p1a: Darkrai|spa|2\n|move|p2a: Jirachi|Stealth Rock|p1a: Darkrai\n|-sidestart|p1: the tr4sh man|move: Stealth Rock\n|\n|upkeep\n|turn|6\n|\n|t:|1699762991\n|move|p1a: Darkrai|Nasty Plot|p1a: Darkrai\n|-boost|p1a: Darkrai|spa|2\n|move|p2a: Jirachi|Healing Wish|p2a: Jirachi\n|faint|p2a: Jirachi\n|\n|upkeep\n|\n|t:|1699763001\n|switch|p2a: Vivillon|Vivillon-Continental, M|100\/100\n|turn|7\n|j| Nitro524\n|n| Nitro524|nitro524\n|\n|t:|1699763008\n|-terastallize|p1a: Darkrai|Fire\n|move|p1a: Darkrai|Tera Blast|p2a: Vivillon|[anim] Tera Blast Fire\n|-supereffective|p2a: Vivillon\n|-enditem|p2a: Vivillon|Focus Sash\n|-damage|p2a: Vivillon|1\/100\n|move|p2a: Vivillon|Sleep Powder|p1a: Darkrai\n|-status|p1a: Darkrai|slp|[from] move: Sleep Powder\n|\n|upkeep\n|turn|8\n|\n|t:|1699763016\n|cant|p1a: Darkrai|slp\n|move|p2a: Vivillon|Quiver Dance|p2a: Vivillon\n|-boost|p2a: Vivillon|spa|1\n|-boost|p2a: Vivillon|spd|1\n|-boost|p2a: Vivillon|spe|1\n|\n|upkeep\n|turn|9\n|c| Nitro524|what a twist of fate\n|\n|t:|1699763023\n|move|p2a: Vivillon|Quiver Dance|p2a: Vivillon\n|-boost|p2a: Vivillon|spa|1\n|-boost|p2a: Vivillon|spd|1\n|-boost|p2a: Vivillon|spe|1\n|-curestatus|p1a: Darkrai|slp|[msg]\n|move|p1a: Darkrai|Tera Blast|p2a: Vivillon|[anim] Tera Blast Fire\n|-supereffective|p2a: Vivillon\n|-damage|p2a: Vivillon|0 fnt\n|faint|p2a: Vivillon\n|\n|upkeep\n|\n|t:|1699763034\n|switch|p2a: Haxorus|Haxorus, M|100\/100\n|-ability|p2a: Haxorus|Mold Breaker\n|turn|10\n|\n|t:|1699763040\n|move|p1a: Darkrai|Dark Pulse|p2a: Haxorus\n|-damage|p2a: Haxorus|2\/100\n|move|p2a: Haxorus|Earthquake|p1a: Darkrai\n|-supereffective|p1a: Darkrai\n|-damage|p1a: Darkrai|6\/100\n|\n|upkeep\n|turn|11\n|c|\u2606Kinesquared|NOOO\n|c|\u2606Kinesquared|f\n|\n|t:|1699763053\n|move|p1a: Darkrai|Dark Pulse|p2a: Haxorus\n|-damage|p2a: Haxorus|0 fnt\n|faint|p2a: Haxorus\n|\n|-sideend|p2: Kinesquared|move: Light Screen\n|upkeep\n|\n|t:|1699763057\n|switch|p2a: Gholdengo|Gholdengo|100\/100\n|turn|12\n|\n|t:|1699763061\n|move|p2a: Gholdengo|Dazzling Gleam|p1a: Darkrai\n|-resisted|p1a: Darkrai\n|-damage|p1a: Darkrai|0 fnt\n|faint|p1a: Darkrai\n|\n|upkeep\n|\n|t:|1699763067\n|switch|p1a: Spectrier|Spectrier|100\/100\n|-damage|p1a: Spectrier|88\/100|[from] Stealth Rock\n|turn|13\n|\n|t:|1699763076\n|move|p2a: Gholdengo|Dazzling Gleam|p1a: Spectrier\n|-damage|p1a: Spectrier|55\/100\n|move|p1a: Spectrier|Shadow Ball|p2a: Gholdengo\n|-supereffective|p2a: Gholdengo\n|-damage|p2a: Gholdengo|0 fnt\n|faint|p2a: Gholdengo\n|-ability|p1a: Spectrier|Grim Neigh|boost\n|-boost|p1a: Spectrier|spa|1\n|\n|-heal|p1a: Spectrier|61\/100|[from] item: Leftovers\n|upkeep\n|c|\u2606Kinesquared|gg\n|\n|t:|1699763085\n|switch|p2a: Espathra|Espathra, M|100\/100\n|turn|14\n|\n|t:|1699763090\n|switch|p1a: Murkrow|Murkrow, M|100\/100\n|-damage|p1a: Murkrow|76\/100|[from] Stealth Rock\n|move|p2a: Espathra|Calm Mind|p2a: Espathra\n|-boost|p2a: Espathra|spa|1\n|-boost|p2a: Espathra|spd|1\n|\n|-ability|p2a: Espathra|Speed Boost|boost\n|-boost|p2a: Espathra|spe|1\n|upkeep\n|turn|15\n|\n|t:|1699763099\n|move|p1a: Murkrow|Perish Song|p1a: Murkrow\n|-start|p1a: Murkrow|perish3|[silent]\n|-start|p2a: Espathra|perish3|[silent]\n|-fieldactivate|move: Perish Song\n|move|p2a: Espathra|Dazzling Gleam|p1a: Murkrow\n|-supereffective|p1a: Murkrow\n|-damage|p1a: Murkrow|0 fnt\n|faint|p1a: Murkrow\n|\n|-start|p2a: Espathra|perish3\n|-ability|p2a: Espathra|Speed Boost|boost\n|-boost|p2a: Espathra|spe|1\n|upkeep\n|\n|t:|1699763102\n|switch|p1a: Umbreon|Umbreon, F|100\/100\n|-damage|p1a: Umbreon|88\/100|[from] Stealth Rock\n|turn|16\n|c| Nitro524|holy\n|\n|t:|1699763110\n|move|p1a: Umbreon|Protect|p1a: Umbreon\n|-singleturn|p1a: Umbreon|Protect\n|move|p2a: Espathra|Calm Mind|p2a: Espathra\n|-boost|p2a: Espathra|spa|1\n|-boost|p2a: Espathra|spd|1\n|\n|-heal|p1a: Umbreon|94\/100|[from] item: Leftovers\n|-start|p2a: Espathra|perish2\n|-ability|p2a: Espathra|Speed Boost|boost\n|-boost|p2a: Espathra|spe|1\n|upkeep\n|turn|17\n|c| dumpy lump|NOT THE BM\n|\n|t:|1699763118\n|switch|p1a: Spectrier|Spectrier|61\/100\n|-damage|p1a: Spectrier|49\/100|[from] Stealth Rock\n|move|p2a: Espathra|Dazzling Gleam|p1a: Spectrier\n|-damage|p1a: Spectrier|0 fnt\n|faint|p1a: Spectrier\n|\n|-start|p2a: Espathra|perish1\n|-ability|p2a: Espathra|Speed Boost|boost\n|-boost|p2a: Espathra|spe|1\n|upkeep\n|\n|t:|1699763120\n|switch|p1a: Umbreon|Umbreon, F|94\/100\n|-damage|p1a: Umbreon|82\/100|[from] Stealth Rock\n|turn|18\n|c|\u2606the tr4sh man|gg\n|\n|t:|1699763134\n|move|p1a: Umbreon|Protect|p1a: Umbreon\n|-singleturn|p1a: Umbreon|Protect\n|move|p2a: Espathra|Stored Power|p1a: Umbreon\n|-activate|p1a: Umbreon|move: Protect\n|\n|-heal|p1a: Umbreon|88\/100|[from] item: Leftovers\n|-start|p2a: Espathra|perish0\n|faint|p2a: Espathra\n|\n|win|the tr4sh man\n|upkeep\n|l|\u2606Kinesquared\n|l| FrostyRandom02\n|c| Nitro524|the tr4sh man bringing another insane strategy\n|l| dumpy lump\n|l|\u2606the tr4sh man\n|j|\u2606the tr4sh man\n|player|p1|the tr4sh man|xerosic\n","uploadtime":1699763140,"views":4,"p1id":"thetr4shman","p2id":"kinesquared","formatid":"gen9ubers","rating":0,"private":0,"password":""}