{"id":"gen9ubers-1984339602","p1":"AlexaBoi","p2":"OmegaDiance","format":"[Gen 9] Ubers","log":"|j|\u2606AlexaBoi\n|j|\u2606OmegaDiance\n|t:|1699246043\n|gametype|singles\n|player|p1|AlexaBoi|birdkeeper-gen4dp|1015\n|player|p2|OmegaDiance|colress|1113\n|teamsize|p1|6\n|teamsize|p2|6\n|gen|9\n|tier|[Gen 9] Ubers\n|rated|\n|rule|Sleep Clause Mod: Limit one foe put to sleep\n|rule|Species Clause: Limit one of each Pok\u00e9mon\n|rule|OHKO Clause: OHKO moves are banned\n|rule|Evasion Items Clause: Evasion items are banned\n|rule|Evasion Moves Clause: Evasion moves are banned\n|rule|Endless Battle Clause: Forcing endless battles is banned\n|rule|HP Percentage Mod: HP is shown in percentages\n|clearpoke\n|poke|p1|Flareon, F|\n|poke|p1|Cyclizar, M|\n|poke|p1|Palafin, M|\n|poke|p1|Grimmsnarl, M|\n|poke|p1|Ribombee, F|\n|poke|p1|Arceus|\n|poke|p2|Haxorus, F|\n|poke|p2|Ceruledge, M|\n|poke|p2|Rayquaza|\n|poke|p2|Cloyster, F|\n|poke|p2|Dragapult, F|\n|poke|p2|Ribombee, F|\n|teampreview\n|inactive|Battle timer is ON: inactive players will automatically lose when time's up. (requested by OmegaDiance)\n|inactive|AlexaBoi has 120 seconds left.\n|\n|t:|1699246075\n|start\n|switch|p1a: Grimmsnarl|Grimmsnarl, M|100\/100\n|switch|p2a: Ribombee|Ribombee, F|100\/100\n|turn|1\n|\n|t:|1699246080\n|move|p1a: Grimmsnarl|Fake Out|p2a: Ribombee\n|-damage|p2a: Ribombee|79\/100\n|move|p2a: Ribombee|Sticky Web|p1a: Grimmsnarl\n|-sidestart|p1: AlexaBoi|move: Sticky Web\n|\n|upkeep\n|turn|2\n|\n|t:|1699246091\n|move|p1a: Grimmsnarl|Thunder Wave|p2a: Ribombee|[miss]\n|-miss|p1a: Grimmsnarl|p2a: Ribombee\n|move|p2a: Ribombee|Quiver Dance|p2a: Ribombee\n|-boost|p2a: Ribombee|spa|1\n|-boost|p2a: Ribombee|spd|1\n|-boost|p2a: Ribombee|spe|1\n|\n|upkeep\n|turn|3\n|\n|t:|1699246097\n|move|p1a: Grimmsnarl|Parting Shot|p2a: Ribombee\n|-unboost|p2a: Ribombee|atk|1\n|-unboost|p2a: Ribombee|spa|1\n|\n|t:|1699246104\n|switch|p1a: Palafin|Palafin, M|100\/100|[from] Parting Shot\n|-activate|p1a: Palafin|move: Sticky Web\n|-unboost|p1a: Palafin|spe|1\n|move|p2a: Ribombee|Quiver Dance|p2a: Ribombee\n|-boost|p2a: Ribombee|spa|1\n|-boost|p2a: Ribombee|spd|1\n|-boost|p2a: Ribombee|spe|1\n|\n|upkeep\n|turn|4\n|\n|t:|1699246118\n|move|p2a: Ribombee|Moonblast|p1a: Palafin\n|-damage|p1a: Palafin|0 fnt\n|faint|p1a: Palafin\n|\n|upkeep\n|\n|t:|1699246126\n|switch|p1a: Cyclizar|Cyclizar, M|100\/100\n|-activate|p1a: Cyclizar|move: Sticky Web\n|-unboost|p1a: Cyclizar|spe|1\n|turn|5\n|\n|t:|1699246130\n|move|p2a: Ribombee|Moonblast|p1a: Cyclizar\n|-supereffective|p1a: Cyclizar\n|-damage|p1a: Cyclizar|0 fnt\n|faint|p1a: Cyclizar\n|\n|upkeep\n|\n|t:|1699246134\n|switch|p1a: Arceus|Arceus, shiny|100\/100\n|-activate|p1a: Arceus|move: Sticky Web\n|-unboost|p1a: Arceus|spe|1\n|turn|6\n|\n|t:|1699246139\n|move|p2a: Ribombee|Moonblast|p1a: Arceus\n|-damage|p1a: Arceus|48\/100\n|move|p1a: Arceus|Body Slam|p2a: Ribombee\n|-damage|p2a: Ribombee|0 fnt\n|faint|p2a: Ribombee\n|\n|upkeep\n|\n|t:|1699246149\n|switch|p2a: Rayquaza|Rayquaza|100\/100\n|-ability|p2a: Rayquaza|Air Lock\n|turn|7\n|\n|t:|1699246152\n|move|p1a: Arceus|Extreme Speed|p2a: Rayquaza\n|-damage|p2a: Rayquaza|48\/100\n|move|p2a: Rayquaza|Scale Shot|p1a: Arceus\n|-damage|p1a: Arceus|35\/100\n|-damage|p1a: Arceus|23\/100\n|-damage|p1a: Arceus|11\/100\n|-damage|p1a: Arceus|0 fnt\n|faint|p1a: Arceus\n|-hitcount|p1: Arceus|4\n|-unboost|p2a: Rayquaza|def|1\n|-boost|p2a: Rayquaza|spe|1\n|\n|upkeep\n|\n|t:|1699246157\n|switch|p1a: Ribombee|Ribombee, F|100\/100\n|-activate|p1a: Ribombee|move: Sticky Web\n|-unboost|p1a: Ribombee|spe|1\n|turn|8\n|\n|t:|1699246165\n|move|p2a: Rayquaza|Dragon Ascent|p1a: Ribombee\n|-supereffective|p1a: Ribombee\n|-enditem|p1a: Ribombee|Focus Sash\n|-damage|p1a: Ribombee|1\/100\n|-unboost|p2a: Rayquaza|def|1\n|-unboost|p2a: Rayquaza|spd|1\n|move|p1a: Ribombee|Sticky Web|p2a: Rayquaza\n|-sidestart|p2: OmegaDiance|move: Sticky Web\n|\n|upkeep\n|turn|9\n|-message|AlexaBoi forfeited.\n|\n|win|OmegaDiance\n|raw|AlexaBoi's rating: 1015 &rarr; <strong>1006<\/strong><br \/>(-9 for losing)\n|raw|OmegaDiance's rating: 1113 &rarr; <strong>1131<\/strong><br \/>(+18 for winning)\n|l|\u2606AlexaBoi\n","uploadtime":1699246176,"views":5,"p1id":"alexaboi","p2id":"omegadiance","formatid":"gen9ubers","rating":1006,"private":0,"password":""}