{"id":"gen9ubers-1990516857","p1":"VloneVictini","p2":"JohnLongGone","format":"[Gen 9] Ubers","log":"|j|\u2606VloneVictini\n|j|\u203dJohnLongGone\n|t:|1699977934\n|gametype|singles\n|player|p1|VloneVictini|1|\n|player|p2|JohnLongGone|iris-gen5bw2|\n|teamsize|p1|6\n|teamsize|p2|6\n|gen|9\n|tier|[Gen 9] Ubers\n|rule|Sleep Clause Mod: Limit one foe put to sleep\n|rule|Species Clause: Limit one of each Pok\u00e9mon\n|rule|OHKO Clause: OHKO moves are banned\n|rule|Evasion Items Clause: Evasion items are banned\n|rule|Evasion Moves Clause: Evasion moves are banned\n|rule|Endless Battle Clause: Forcing endless battles is banned\n|rule|HP Percentage Mod: HP is shown in percentages\n|clearpoke\n|poke|p1|Jirachi|\n|poke|p1|Masquerain, F|\n|poke|p1|Brambleghast, F|\n|poke|p1|Palkia-Origin|\n|poke|p1|Arceus-Fire|\n|poke|p1|Flareon, M|\n|poke|p2|Ninetales-Alola, F|\n|poke|p2|Baxcalibur, M|\n|poke|p2|Palafin, M|\n|poke|p2|Arceus-Fire|\n|poke|p2|Zacian-*|\n|poke|p2|Meowscarada, M|\n|teampreview\n|\n|t:|1699977963\n|start\n|switch|p1a: Masquerain|Masquerain, F|100\/100\n|switch|p2a: Meowscarada|Meowscarada, M|100\/100\n|-ability|p1a: Masquerain|Intimidate|boost\n|-unboost|p2a: Meowscarada|atk|1\n|turn|1\n|\n|t:|1699977981\n|move|p1a: Masquerain|Sticky Web|p2a: Meowscarada\n|-sidestart|p2: JohnLongGone|move: Sticky Web\n|move|p2a: Meowscarada|Taunt|p1a: Masquerain\n|-start|p1a: Masquerain|move: Taunt\n|\n|upkeep\n|turn|2\n|\n|t:|1699978009\n|switch|p1a: Flareon|Flareon, M|100\/100\n|move|p2a: Meowscarada|Spikes|p1a: Flareon\n|-sidestart|p1: VloneVictini|Spikes\n|\n|upkeep\n|turn|3\n|\n|t:|1699978023\n|move|p2a: Meowscarada|Spikes|p1a: Flareon\n|-sidestart|p1: VloneVictini|Spikes\n|move|p1a: Flareon|Flare Blitz|p2a: Meowscarada\n|-supereffective|p2a: Meowscarada\n|-enditem|p2a: Meowscarada|Focus Sash\n|-damage|p2a: Meowscarada|1\/100\n|-status|p2a: Meowscarada|brn\n|-damage|p1a: Flareon|65\/100|[from] Recoil\n|\n|-damage|p2a: Meowscarada|0 fnt|[from] brn\n|faint|p2a: Meowscarada\n|upkeep\n|\n|t:|1699978062\n|switch|p2a: Arceus|Arceus-Fire|100\/100\n|-activate|p2a: Arceus|move: Sticky Web\n|-unboost|p2a: Arceus|spe|1\n|turn|4\n|\n|t:|1699978091\n|switch|p1a: Palkia|Palkia-Origin|100\/100\n|-damage|p1a: Palkia|84\/100|[from] Spikes\n|-ability|p1a: Palkia|Pressure\n|move|p2a: Arceus|Dragon Dance|p2a: Arceus\n|-boost|p2a: Arceus|atk|1\n|-boost|p2a: Arceus|spe|1\n|\n|upkeep\n|turn|5\n|\n|t:|1699978099\n|switch|p2a: Ninetales|Ninetales-Alola, F, shiny|100\/100\n|-activate|p2a: Ninetales|move: Sticky Web\n|-unboost|p2a: Ninetales|spe|1\n|-weather|Snow|[from] ability: Snow Warning|[of] p2a: Ninetales\n|move|p1a: Palkia|Thunder Wave|p2a: Ninetales\n|-status|p2a: Ninetales|par\n|\n|-weather|Snow|[upkeep]\n|upkeep\n|turn|6\n|\n|t:|1699978117\n|move|p1a: Palkia|Hydro Pump|p2a: Ninetales\n|-damage|p2a: Ninetales|17\/100 par\n|move|p2a: Ninetales|Aurora Veil|p2a: Ninetales\n|-sidestart|p2: JohnLongGone|move: Aurora Veil\n|\n|-weather|Snow|[upkeep]\n|upkeep\n|turn|7\n|\n|t:|1699978127\n|switch|p2a: Palafin|Palafin, M|100\/100\n|-activate|p2a: Palafin|move: Sticky Web\n|-unboost|p2a: Palafin|spe|1\n|move|p1a: Palkia|Spacial Rend|p2a: Palafin\n|-damage|p2a: Palafin|70\/100\n|\n|-weather|Snow|[upkeep]\n|-heal|p2a: Palafin|76\/100|[from] item: Leftovers\n|upkeep\n|turn|8\n|\n|t:|1699978133\n|detailschange|p2a: Palafin|Palafin-Hero, M\n|switch|p2a: Zacian|Zacian|100\/100\n|-ability|p2a: Zacian|Intrepid Sword|boost\n|-boost|p2a: Zacian|atk|1\n|move|p1a: Palkia|Thunder Wave|p2a: Zacian\n|-status|p2a: Zacian|par\n|\n|-weather|Snow|[upkeep]\n|upkeep\n|turn|9\n|inactive|Battle timer is ON: inactive players will automatically lose when time's up. (requested by JohnLongGone)\n|\n|t:|1699978165\n|switch|p1a: Masquerain|Masquerain, F|100\/100\n|-ability|p1a: Masquerain|Intimidate|boost\n|-unboost|p2a: Zacian|atk|1\n|cant|p2a: Zacian|par\n|\n|-weather|none\n|upkeep\n|turn|10\n|\n|t:|1699978181\n|move|p1a: Masquerain|U-turn|p2a: Zacian\n|-resisted|p2a: Zacian\n|-damage|p2a: Zacian|97\/100 par\n|\n|t:|1699978183\n|switch|p1a: Jirachi|Jirachi|100\/100|[from] U-turn\n|-damage|p1a: Jirachi|84\/100|[from] Spikes\n|move|p2a: Zacian|Swords Dance|p2a: Zacian\n|-boost|p2a: Zacian|atk|2\n|\n|upkeep\n|turn|11\n|\n|t:|1699978194\n|move|p1a: Jirachi|Iron Head|p2a: Zacian\n|-supereffective|p2a: Zacian\n|-damage|p2a: Zacian|51\/100 par\n|move|p2a: Zacian|Close Combat|p1a: Jirachi\n|-damage|p1a: Jirachi|8\/100\n|-unboost|p2a: Zacian|def|1\n|-unboost|p2a: Zacian|spd|1\n|\n|upkeep\n|turn|12\n|\n|t:|1699978204\n|move|p1a: Jirachi|Iron Head|p2a: Zacian\n|-supereffective|p2a: Zacian\n|-damage|p2a: Zacian|0 fnt\n|faint|p2a: Zacian\n|\n|upkeep\n|\n|t:|1699978209\n|switch|p2a: Palafin|Palafin-Hero, M|76\/100\n|-activate|p2a: Palafin|move: Sticky Web\n|-unboost|p2a: Palafin|spe|1\n|-activate|p2a: Palafin|ability: Zero to Hero\n|turn|13\n|\n|t:|1699978222\n|switch|p1a: Palkia|Palkia-Origin|84\/100\n|-damage|p1a: Palkia|67\/100|[from] Spikes\n|-ability|p1a: Palkia|Pressure\n|move|p2a: Palafin|Jet Punch|p1a: Palkia\n|-resisted|p1a: Palkia\n|-damage|p1a: Palkia|60\/100\n|\n|-heal|p2a: Palafin|82\/100|[from] item: Leftovers\n|-sideend|p2: JohnLongGone|move: Aurora Veil\n|upkeep\n|turn|14\n|inactive|JohnLongGone has 270 seconds left.\n|\n|t:|1699978261\n|switch|p2a: Ninetales|Ninetales-Alola, F, shiny|17\/100 par\n|-activate|p2a: Ninetales|move: Sticky Web\n|-unboost|p2a: Ninetales|spe|1\n|-weather|Snow|[from] ability: Snow Warning|[of] p2a: Ninetales\n|move|p1a: Palkia|Spacial Rend|p2a: Ninetales\n|-immune|p2a: Ninetales\n|\n|-weather|Snow|[upkeep]\n|upkeep\n|turn|15\n|inactive|JohnLongGone has 270 seconds left.\n|inactive|JohnLongGone has 240 seconds left.\n|\n|t:|1699978301\n|move|p1a: Palkia|Earth Power|p2a: Ninetales\n|-damage|p2a: Ninetales|0 fnt\n|faint|p2a: Ninetales\n|\n|-weather|Snow|[upkeep]\n|upkeep\n|inactive|JohnLongGone has 240 seconds left.\n|\n|t:|1699978313\n|switch|p2a: Baxcalibur|Baxcalibur, M|100\/100\n|-activate|p2a: Baxcalibur|move: Sticky Web\n|-unboost|p2a: Baxcalibur|spe|1\n|turn|16\n|inactive|JohnLongGone has 240 seconds left.\n|\n|t:|1699978341\n|-terastallize|p1a: Palkia|Water\n|move|p1a: Palkia|Hydro Pump|p2a: Baxcalibur\n|-resisted|p2a: Baxcalibur\n|-damage|p2a: Baxcalibur|47\/100\n|move|p2a: Baxcalibur|Scale Shot|p1a: Palkia\n|-damage|p1a: Palkia|43\/100\n|-damage|p1a: Palkia|28\/100\n|-crit|p1a: Palkia\n|-damage|p1a: Palkia|3\/100\n|-damage|p1a: Palkia|0 fnt\n|faint|p1a: Palkia\n|-hitcount|p1: Palkia|4\n|-unboost|p2a: Baxcalibur|def|1\n|-boost|p2a: Baxcalibur|spe|1\n|\n|-weather|Snow|[upkeep]\n|-heal|p2a: Baxcalibur|53\/100|[from] ability: Ice Body\n|upkeep\n|\n|t:|1699978366\n|switch|p1a: Masquerain|Masquerain, F|100\/100\n|-ability|p1a: Masquerain|Intimidate|boost\n|-unboost|p2a: Baxcalibur|atk|1\n|turn|17\n|\n|t:|1699978372\n|move|p1a: Masquerain|Hurricane|p2a: Baxcalibur\n|-damage|p2a: Baxcalibur|0 fnt\n|faint|p2a: Baxcalibur\n|\n|-weather|Snow|[upkeep]\n|upkeep\n|\n|t:|1699978393\n|switch|p2a: Palafin|Palafin-Hero, M|82\/100\n|-activate|p2a: Palafin|move: Sticky Web\n|-unboost|p2a: Palafin|spe|1\n|turn|18\n|\n|t:|1699978403\n|switch|p2a: Arceus|Arceus-Fire|100\/100\n|-activate|p2a: Arceus|move: Sticky Web\n|-unboost|p2a: Arceus|spe|1\n|move|p1a: Masquerain|Hurricane|p2a: Arceus|[miss]\n|-miss|p1a: Masquerain|p2a: Arceus\n|\n|-weather|none\n|upkeep\n|turn|19\n|\n|t:|1699978419\n|switch|p1a: Jirachi|Jirachi|8\/100\n|-damage|p1a: Jirachi|0 fnt|[from] Spikes\n|faint|p1a: Jirachi\n|move|p2a: Arceus|Dragon Dance|p2a: Arceus\n|-boost|p2a: Arceus|atk|1\n|-boost|p2a: Arceus|spe|1\n|\n|upkeep\n|\n|t:|1699978432\n|switch|p1a: Masquerain|Masquerain, F|100\/100\n|-ability|p1a: Masquerain|Intimidate|boost\n|-unboost|p2a: Arceus|atk|1\n|turn|20\n|\n|t:|1699978445\n|switch|p1a: Flareon|Flareon, M|65\/100\n|-damage|p1a: Flareon|49\/100|[from] Spikes\n|move|p2a: Arceus|Dragon Dance|p2a: Arceus\n|-boost|p2a: Arceus|atk|1\n|-boost|p2a: Arceus|spe|1\n|\n|upkeep\n|turn|21\n|inactive|JohnLongGone has 240 seconds left.\n|\n|t:|1699978450\n|move|p1a: Flareon|Quick Attack|p2a: Arceus\n|-damage|p2a: Arceus|88\/100\n|move|p2a: Arceus|Earthquake|p1a: Flareon\n|-supereffective|p1a: Flareon\n|-damage|p1a: Flareon|0 fnt\n|faint|p1a: Flareon\n|\n|upkeep\n|\n|t:|1699978459\n|switch|p1a: Masquerain|Masquerain, F|100\/100\n|-ability|p1a: Masquerain|Intimidate|boost\n|-unboost|p2a: Arceus|atk|1\n|turn|22\n|\n|t:|1699978460\n|move|p2a: Arceus|Dragon Dance|p2a: Arceus\n|-boost|p2a: Arceus|atk|1\n|-boost|p2a: Arceus|spe|1\n|move|p1a: Masquerain|Hurricane|p2a: Arceus|[miss]\n|-miss|p1a: Masquerain|p2a: Arceus\n|\n|upkeep\n|turn|23\n|\n|t:|1699978464\n|move|p2a: Arceus|Flare Blitz|p1a: Masquerain\n|-supereffective|p1a: Masquerain\n|-damage|p1a: Masquerain|0 fnt\n|faint|p1a: Masquerain\n|-damage|p2a: Arceus|64\/100|[from] Recoil\n|\n|upkeep\n|\n|t:|1699978468\n|switch|p1a: Arceus|Arceus-Fire|100\/100\n|-damage|p1a: Arceus|84\/100|[from] Spikes\n|turn|24\n|\n|t:|1699978475\n|move|p2a: Arceus|Earthquake|p1a: Arceus\n|-supereffective|p1a: Arceus\n|-damage|p1a: Arceus|4\/100\n|move|p1a: Arceus|Earthquake|p2a: Arceus\n|-supereffective|p2a: Arceus\n|-damage|p2a: Arceus|10\/100\n|\n|upkeep\n|turn|25\n|\n|t:|1699978480\n|move|p2a: Arceus|Earthquake|p1a: Arceus\n|-supereffective|p1a: Arceus\n|-damage|p1a: Arceus|0 fnt\n|faint|p1a: Arceus\n|\n|upkeep\n|\n|t:|1699978482\n|switch|p1a: Brambleghast|Brambleghast, F|100\/100\n|turn|26\n|\n|t:|1699978483\n|move|p2a: Arceus|Flare Blitz|p1a: Brambleghast\n|-supereffective|p1a: Brambleghast\n|-damage|p1a: Brambleghast|0 fnt\n|faint|p1a: Brambleghast\n|-damage|p2a: Arceus|0 fnt|[from] Recoil\n|faint|p2a: Arceus\n|\n|win|JohnLongGone\n|l|\u203dJohnLongGone\n|c|\u2606VloneVictini|gg\n|j|\u203dJohnLongGone\n|player|p2|JohnLongGone|iris-gen5bw2\n","uploadtime":1699978518,"views":5,"p1id":"vlonevictini","p2id":"johnlonggone","formatid":"gen9ubers","rating":0,"private":0,"password":""}