{"id":"gen9ubers-1995117129","p1":"the dapper","p2":"Anne Frankkkk","format":"[Gen 9] Ubers","log":"|j|\u2606the dapper\n|j|\u2606Anne Frankkkk\n|t:|1700524435\n|gametype|singles\n|player|p1|the dapper|guitarist-gen4|1146\n|player|p2|Anne Frankkkk|hilbert|1193\n|teamsize|p1|6\n|teamsize|p2|6\n|gen|9\n|tier|[Gen 9] Ubers\n|rated|\n|rule|Sleep Clause Mod: Limit one foe put to sleep\n|rule|Species Clause: Limit one of each Pok\u00e9mon\n|rule|OHKO Clause: OHKO moves are banned\n|rule|Evasion Items Clause: Evasion items are banned\n|rule|Evasion Moves Clause: Evasion moves are banned\n|rule|Endless Battle Clause: Forcing endless battles is banned\n|rule|HP Percentage Mod: HP is shown in percentages\n|clearpoke\n|poke|p1|Zacian-*|\n|poke|p1|Zamazenta-*|\n|poke|p1|Rayquaza|\n|poke|p1|Kyogre|\n|poke|p1|Chi-Yu|\n|poke|p1|Miraidon|\n|poke|p2|Regieleki|\n|poke|p2|Kyogre|\n|poke|p2|Chien-Pao|\n|poke|p2|Ribombee, F|\n|poke|p2|Miraidon|\n|poke|p2|Flutter Mane|\n|teampreview\n|inactive|Battle timer is ON: inactive players will automatically lose when time's up. (requested by Anne Frankkkk)\n|\n|t:|1700524439\n|start\n|switch|p1a: Chi-Yu|Chi-Yu|100\/100\n|switch|p2a: Moonblast|Ribombee, F, shiny|100\/100\n|-ability|p1a: Chi-Yu|Beads of Ruin\n|turn|1\n|\n|t:|1700524448\n|move|p1a: Chi-Yu|Flamethrower|p2a: Moonblast\n|-supereffective|p2a: Moonblast\n|-enditem|p2a: Moonblast|Focus Sash\n|-damage|p2a: Moonblast|1\/100\n|move|p2a: Moonblast|Sticky Web|p1a: Chi-Yu\n|-sidestart|p1: the dapper|move: Sticky Web\n|\n|upkeep\n|turn|2\n|\n|t:|1700524467\n|move|p1a: Chi-Yu|Flamethrower|p2a: Moonblast\n|-supereffective|p2a: Moonblast\n|-damage|p2a: Moonblast|0 fnt\n|faint|p2a: Moonblast\n|\n|upkeep\n|\n|t:|1700524477\n|switch|p2a: Misdreavius|Flutter Mane, shiny|100\/100\n|-enditem|p2a: Misdreavius|Booster Energy\n|-activate|p2a: Misdreavius|ability: Protosynthesis|[fromitem]\n|-start|p2a: Misdreavius|protosynthesisspe\n|turn|3\n|\n|t:|1700524486\n|move|p2a: Misdreavius|Moonblast|p1a: Chi-Yu\n|-damage|p1a: Chi-Yu|40\/100\n|move|p1a: Chi-Yu|Flamethrower|p2a: Misdreavius\n|-damage|p2a: Misdreavius|38\/100\n|\n|upkeep\n|turn|4\n|\n|t:|1700524492\n|move|p2a: Misdreavius|Moonblast|p1a: Chi-Yu\n|-damage|p1a: Chi-Yu|0 fnt\n|faint|p1a: Chi-Yu\n|\n|upkeep\n|\n|t:|1700524507\n|switch|p1a: Zamazenta|Zamazenta-Crowned|100\/100\n|-activate|p1a: Zamazenta|move: Sticky Web\n|-unboost|p1a: Zamazenta|spe|1\n|-ability|p1a: Zamazenta|Dauntless Shield|boost\n|-boost|p1a: Zamazenta|def|1\n|turn|5\n|\n|t:|1700524514\n|move|p2a: Misdreavius|Moonblast|p1a: Zamazenta\n|-damage|p1a: Zamazenta|59\/100\n|move|p1a: Zamazenta|Behemoth Bash|p2a: Misdreavius\n|-supereffective|p2a: Misdreavius\n|-damage|p2a: Misdreavius|0 fnt\n|faint|p2a: Misdreavius\n|-end|p2a: Misdreavius|Protosynthesis|[silent]\n|\n|upkeep\n|\n|t:|1700524518\n|switch|p2a: Cyber Lizard|Miraidon|100\/100\n|-fieldstart|move: Electric Terrain|[from] ability: Hadron Engine|[of] p2a: Cyber Lizard\n|-item|p2a: Cyber Lizard|Air Balloon\n|turn|6\n|\n|t:|1700524527\n|move|p2a: Cyber Lizard|Calm Mind|p2a: Cyber Lizard\n|-boost|p2a: Cyber Lizard|spa|1\n|-boost|p2a: Cyber Lizard|spd|1\n|move|p1a: Zamazenta|Body Slam|p2a: Cyber Lizard\n|-crit|p2a: Cyber Lizard\n|-damage|p2a: Cyber Lizard|59\/100\n|-enditem|p2a: Cyber Lizard|Air Balloon\n|\n|upkeep\n|turn|7\n|\n|t:|1700524535\n|move|p2a: Cyber Lizard|Electro Drift|p1a: Zamazenta\n|-damage|p1a: Zamazenta|0 fnt\n|faint|p1a: Zamazenta\n|\n|upkeep\n|\n|t:|1700524545\n|switch|p1a: Zacian|Zacian-Crowned, shiny|100\/100\n|-activate|p1a: Zacian|move: Sticky Web\n|-unboost|p1a: Zacian|spe|1\n|-ability|p1a: Zacian|Intrepid Sword|boost\n|-boost|p1a: Zacian|atk|1\n|turn|8\n|\n|t:|1700524551\n|move|p2a: Cyber Lizard|Electro Drift|p1a: Zacian\n|-damage|p1a: Zacian|0 fnt\n|faint|p1a: Zacian\n|\n|upkeep\n|\n|t:|1700524557\n|switch|p1a: Miraidon|Miraidon|100\/100\n|-activate|p1a: Miraidon|move: Sticky Web\n|-unboost|p1a: Miraidon|spe|1\n|-activate|p1a: Miraidon|ability: Hadron Engine\n|turn|9\n|\n|t:|1700524564\n|-terastallize|p1a: Miraidon|Electric\n|move|p2a: Cyber Lizard|Dragon Pulse|p1a: Miraidon\n|-damage|p1a: Miraidon|13\/100\n|move|p1a: Miraidon|Dragon Pulse|p2a: Cyber Lizard\n|-supereffective|p2a: Cyber Lizard\n|-damage|p2a: Cyber Lizard|0 fnt\n|faint|p2a: Cyber Lizard\n|\n|-heal|p1a: Miraidon|19\/100|[from] item: Leftovers\n|upkeep\n|\n|t:|1700524572\n|switch|p2a: Bzzzzt|Regieleki, shiny|100\/100\n|turn|10\n|\n|t:|1700524577\n|move|p2a: Bzzzzt|Thunderbolt|p1a: Miraidon\n|-resisted|p1a: Miraidon\n|-damage|p1a: Miraidon|0 fnt\n|faint|p1a: Miraidon\n|\n|-fieldend|move: Electric Terrain\n|upkeep\n|\n|t:|1700524582\n|switch|p1a: Rayquaza|Rayquaza, shiny|100\/100\n|-ability|p1a: Rayquaza|Air Lock\n|turn|11\n|\n|t:|1700524590\n|move|p2a: Bzzzzt|Thunderbolt|p1a: Rayquaza\n|-damage|p1a: Rayquaza|24\/100\n|move|p1a: Rayquaza|Dragon Dance|p1a: Rayquaza\n|-boost|p1a: Rayquaza|atk|1\n|-boost|p1a: Rayquaza|spe|1\n|\n|upkeep\n|turn|12\n|\n|t:|1700524609\n|move|p1a: Rayquaza|Extreme Speed|p2a: Bzzzzt\n|-damage|p2a: Bzzzzt|0 fnt\n|faint|p2a: Bzzzzt\n|-damage|p1a: Rayquaza|14\/100|[from] item: Life Orb\n|\n|upkeep\n|\n|t:|1700524613\n|switch|p2a: Ice Cat|Chien-Pao|100\/100\n|-ability|p2a: Ice Cat|Sword of Ruin\n|turn|13\n|\n|t:|1700524629\n|-terastallize|p2a: Ice Cat|Ghost\n|move|p1a: Rayquaza|Extreme Speed|p2a: Ice Cat\n|-immune|p2a: Ice Cat\n|move|p2a: Ice Cat|Ice Spinner|p1a: Rayquaza\n|-supereffective|p1a: Rayquaza\n|-damage|p1a: Rayquaza|0 fnt\n|faint|p1a: Rayquaza\n|\n|upkeep\n|\n|t:|1700524637\n|switch|p1a: Kyogre|Kyogre|100\/100\n|-activate|p1a: Kyogre|move: Sticky Web\n|-unboost|p1a: Kyogre|spe|1\n|-weather|RainDance|[from] ability: Drizzle|[of] p1a: Kyogre\n|turn|14\n|\n|t:|1700524644\n|move|p2a: Ice Cat|Swords Dance|p2a: Ice Cat\n|-boost|p2a: Ice Cat|atk|2\n|move|p1a: Kyogre|Thunder|p2a: Ice Cat\n|-damage|p2a: Ice Cat|5\/100\n|-status|p2a: Ice Cat|par\n|\n|-weather|RainDance|[upkeep]\n|upkeep\n|turn|15\n|\n|t:|1700524651\n|move|p2a: Ice Cat|Sucker Punch|p1a: Kyogre\n|-crit|p1a: Kyogre\n|-damage|p1a: Kyogre|0 fnt\n|faint|p1a: Kyogre\n|\n|win|Anne Frankkkk\n|raw|the dapper's rating: 1146 &rarr; <strong>1124<\/strong><br \/>(-22 for losing)\n|raw|Anne Frankkkk's rating: 1193 &rarr; <strong>1215<\/strong><br \/>(+22 for winning)\n|l|\u2606the dapper\n|l|\u2606Anne Frankkkk\n|j|\u2606Anne Frankkkk\n|player|p2|Anne Frankkkk|hilbert\n","uploadtime":1700524658,"views":1,"p1id":"thedapper","p2id":"annefrankkkk","formatid":"gen9ubers","rating":1124,"private":0,"password":""}