{"id":"gen9ubers-1992025601","p1":"Nilecrock","p2":"RadRaph","format":"[Gen 9] Ubers","log":"|j|\u2606Nilecrock\n|j|\u2606RadRaph\n|t:|1700148788\n|gametype|singles\n|player|p1|Nilecrock|steven|\n|player|p2|RadRaph|steven|\n|teamsize|p1|6\n|teamsize|p2|6\n|gen|9\n|tier|[Gen 9] Ubers\n|rule|Sleep Clause Mod: Limit one foe put to sleep\n|rule|Species Clause: Limit one of each Pok\u00e9mon\n|rule|OHKO Clause: OHKO moves are banned\n|rule|Evasion Items Clause: Evasion items are banned\n|rule|Evasion Moves Clause: Evasion moves are banned\n|rule|Endless Battle Clause: Forcing endless battles is banned\n|rule|HP Percentage Mod: HP is shown in percentages\n|clearpoke\n|poke|p1|Ursaluna-Bloodmoon, M|\n|poke|p1|Indeedee-F, F|\n|poke|p1|Gliscor, F|\n|poke|p1|Hariyama, F|\n|poke|p1|Urshifu-*, F|\n|poke|p1|Ogerpon-Cornerstone, F|\n|poke|p2|Ursaluna-Bloodmoon, M|\n|poke|p2|Ogerpon-Cornerstone, F|\n|poke|p2|Scizor, M|\n|poke|p2|Flutter Mane|\n|poke|p2|Dragonite, M|\n|poke|p2|Urshifu-*, M|\n|teampreview\n|inactive|Battle timer is ON: inactive players will automatically lose when time's up. (requested by Nilecrock)\n|\n|t:|1700148800\n|start\n|switch|p1a: Ogerpon|Ogerpon-Cornerstone, F|100\/100\n|switch|p2a: Ogerpon|Ogerpon-Cornerstone, F|100\/100\n|turn|1\n|\n|t:|1700148815\n|move|p1a: Ogerpon|Horn Leech|p2a: Ogerpon\n|-damage|p2a: Ogerpon|41\/100\n|move|p2a: Ogerpon|Swords Dance|p2a: Ogerpon\n|-boost|p2a: Ogerpon|atk|2\n|\n|upkeep\n|turn|2\n|\n|t:|1700148824\n|move|p1a: Ogerpon|Horn Leech|p2a: Ogerpon\n|-damage|p2a: Ogerpon|0 fnt\n|faint|p2a: Ogerpon\n|\n|upkeep\n|\n|t:|1700148831\n|switch|p2a: Ursaluna|Ursaluna-Bloodmoon, M|100\/100\n|turn|3\n|\n|t:|1700148838\n|-terastallize|p2a: Ursaluna|Fairy\n|move|p2a: Ursaluna|Vacuum Wave|p1a: Ogerpon\n|-supereffective|p1a: Ogerpon\n|-damage|p1a: Ogerpon|65\/100\n|move|p1a: Ogerpon|Horn Leech|p2a: Ursaluna\n|-damage|p2a: Ursaluna|72\/100\n|-heal|p1a: Ogerpon|85\/100|[from] drain|[of] p2a: Ursaluna\n|\n|upkeep\n|turn|4\n|\n|t:|1700148849\n|move|p1a: Ogerpon|Horn Leech|p2a: Ursaluna\n|-damage|p2a: Ursaluna|42\/100\n|-heal|p1a: Ogerpon|100\/100|[from] drain|[of] p2a: Ursaluna\n|move|p2a: Ursaluna|Blood Moon|p1a: Ogerpon\n|-resisted|p1a: Ogerpon\n|-damage|p1a: Ogerpon|54\/100\n|\n|upkeep\n|turn|5\n|\n|t:|1700148861\n|move|p1a: Ogerpon|Horn Leech|p2a: Ursaluna\n|-damage|p2a: Ursaluna|12\/100\n|-heal|p1a: Ogerpon|76\/100|[from] drain|[of] p2a: Ursaluna\n|move|p2a: Ursaluna|Earth Power|p1a: Ogerpon\n|-damage|p1a: Ogerpon|17\/100\n|\n|upkeep\n|turn|6\n|\n|t:|1700148869\n|move|p2a: Ursaluna|Vacuum Wave|p1a: Ogerpon\n|-supereffective|p1a: Ogerpon\n|-damage|p1a: Ogerpon|0 fnt\n|faint|p1a: Ogerpon\n|\n|upkeep\n|\n|t:|1700148875\n|switch|p1a: Gliscor|Gliscor, F|100\/100\n|turn|7\n|\n|t:|1700148888\n|move|p1a: Gliscor|Acrobatics|p2a: Ursaluna\n|-damage|p2a: Ursaluna|0 fnt\n|faint|p2a: Ursaluna\n|\n|-status|p1a: Gliscor|tox|[from] item: Toxic Orb\n|upkeep\n|\n|t:|1700148897\n|switch|p2a: Urshifu|Urshifu-Rapid-Strike, M|100\/100\n|turn|8\n|\n|t:|1700148901\n|move|p2a: Urshifu|Surging Strikes|p1a: Gliscor\n|-supereffective|p1a: Gliscor\n|-crit|p1a: Gliscor\n|-damage|p1a: Gliscor|57\/100 tox\n|-supereffective|p1a: Gliscor\n|-crit|p1a: Gliscor\n|-damage|p1a: Gliscor|13\/100 tox\n|-supereffective|p1a: Gliscor\n|-crit|p1a: Gliscor\n|-damage|p1a: Gliscor|0 fnt\n|faint|p1a: Gliscor\n|-hitcount|p1: Gliscor|3\n|\n|upkeep\n|\n|t:|1700148911\n|switch|p1a: Indeedee|Indeedee-F, F|100\/100\n|-fieldstart|move: Psychic Terrain|[from] ability: Psychic Surge|[of] p1a: Indeedee\n|-enditem|p1a: Indeedee|Psychic Seed\n|-boost|p1a: Indeedee|spd|1|[from] item: Psychic Seed\n|turn|9\n|\n|t:|1700148921\n|move|p2a: Urshifu|U-turn|p1a: Indeedee\n|-supereffective|p1a: Indeedee\n|-damage|p1a: Indeedee|48\/100\n|\n|t:|1700148925\n|switch|p2a: Scizor|Scizor, M|100\/100|[from] U-turn\n|move|p1a: Indeedee|Dazzling Gleam|p2a: Scizor\n|-resisted|p2a: Scizor\n|-damage|p2a: Scizor|89\/100\n|\n|upkeep\n|turn|10\n|\n|t:|1700148937\n|move|p1a: Indeedee|Protect|p1a: Indeedee\n|-singleturn|p1a: Indeedee|Protect\n|move|p2a: Scizor|U-turn|p1a: Indeedee\n|-activate|p1a: Indeedee|move: Protect\n|\n|upkeep\n|turn|11\n|\n|t:|1700148944\n|switch|p1a: Urshifu|Urshifu-Rapid-Strike, F|100\/100\n|move|p2a: Scizor|U-turn|p1a: Urshifu\n|-resisted|p1a: Urshifu\n|-damage|p1a: Urshifu|81\/100\n|\n|t:|1700148953\n|switch|p2a: Flutter Mane|Flutter Mane|100\/100|[from] U-turn\n|-enditem|p2a: Flutter Mane|Booster Energy\n|-activate|p2a: Flutter Mane|ability: Protosynthesis|[fromitem]\n|-start|p2a: Flutter Mane|protosynthesisspe\n|\n|upkeep\n|turn|12\n|\n|t:|1700148965\n|move|p2a: Flutter Mane|Moonblast|p1a: Urshifu\n|-supereffective|p1a: Urshifu\n|-damage|p1a: Urshifu|0 fnt\n|faint|p1a: Urshifu\n|\n|upkeep\n|\n|t:|1700148971\n|switch|p1a: Ursaluna|Ursaluna-Bloodmoon, M|100\/100\n|turn|13\n|\n|t:|1700148987\n|move|p2a: Flutter Mane|Calm Mind|p2a: Flutter Mane\n|-boost|p2a: Flutter Mane|spa|1\n|-boost|p2a: Flutter Mane|spd|1\n|move|p1a: Ursaluna|Blood Moon|p2a: Flutter Mane\n|-damage|p2a: Flutter Mane|47\/100\n|\n|-fieldend|move: Psychic Terrain\n|upkeep\n|turn|14\n|\n|t:|1700148999\n|move|p1a: Ursaluna|Protect|p1a: Ursaluna\n|-singleturn|p1a: Ursaluna|Protect\n|move|p2a: Flutter Mane|Moonblast|p1a: Ursaluna\n|-activate|p1a: Ursaluna|move: Protect\n|\n|upkeep\n|turn|15\n|\n|t:|1700149006\n|move|p2a: Flutter Mane|Moonblast|p1a: Ursaluna\n|-damage|p1a: Ursaluna|0 fnt\n|faint|p1a: Ursaluna\n|\n|upkeep\n|\n|t:|1700149012\n|switch|p1a: Hariyama|Hariyama, F|100\/100\n|turn|16\n|\n|t:|1700149017\n|move|p2a: Flutter Mane|Moonblast|p1a: Hariyama\n|-supereffective|p1a: Hariyama\n|-damage|p1a: Hariyama|0 fnt\n|faint|p1a: Hariyama\n|\n|upkeep\n|\n|t:|1700149019\n|switch|p1a: Indeedee|Indeedee-F, F|48\/100\n|-fieldstart|move: Psychic Terrain|[from] ability: Psychic Surge|[of] p1a: Indeedee\n|turn|17\n|\n|t:|1700149026\n|move|p1a: Indeedee|Protect|p1a: Indeedee\n|-singleturn|p1a: Indeedee|Protect\n|move|p2a: Flutter Mane|Moonblast|p1a: Indeedee\n|-activate|p1a: Indeedee|move: Protect\n|\n|upkeep\n|turn|18\n|\n|t:|1700149032\n|move|p2a: Flutter Mane|Moonblast|p1a: Indeedee\n|-damage|p1a: Indeedee|0 fnt\n|faint|p1a: Indeedee\n|\n|win|RadRaph\n","uploadtime":1700149040,"views":11,"p1id":"nilecrock","p2id":"radraph","formatid":"gen9ubers","rating":0,"private":0,"password":""}