{"id":"gen9ubers-1975618644","p1":"Dragon Master Rosa","p2":"TRaSHiNSeCT","format":"[Gen 9] Ubers","log":"|j|\u2606Dragon Master Rosa\n|j|\u2606TRaSHiNSeCT\n|t:|1698214022\n|gametype|singles\n|player|p1|Dragon Master Rosa|dragontamer-gen9|\n|player|p2|TRaSHiNSeCT|workerice|\n|teamsize|p1|6\n|teamsize|p2|6\n|gen|9\n|tier|[Gen 9] Ubers\n|rule|Sleep Clause Mod: Limit one foe put to sleep\n|rule|Species Clause: Limit one of each Pok\u00e9mon\n|rule|OHKO Clause: OHKO moves are banned\n|rule|Evasion Items Clause: Evasion items are banned\n|rule|Evasion Moves Clause: Evasion moves are banned\n|rule|Endless Battle Clause: Forcing endless battles is banned\n|rule|HP Percentage Mod: HP is shown in percentages\n|clearpoke\n|poke|p1|Greninja-*, M|\n|poke|p1|Weezing-Galar, F|\n|poke|p1|Medicham, F|\n|poke|p1|Clefable, F|\n|poke|p1|Iron Hands|\n|poke|p1|Landorus-Therian, M|\n|poke|p2|Garchomp, M|\n|poke|p2|Goodra-Hisui, M|\n|poke|p2|Enamorus, F|\n|poke|p2|Slowking-Galar, M|\n|poke|p2|Empoleon, F|\n|poke|p2|Landorus-Therian, M|\n|teampreview\n|\n|t:|1698214088\n|start\n|switch|p1a: Clefable|Clefable, F|100\/100\n|switch|p2a: Empoleon|Empoleon, F|100\/100\n|turn|1\n|\n|t:|1698214095\n|move|p2a: Empoleon|Flip Turn|p1a: Clefable\n|-damage|p1a: Clefable|80\/100\n|\n|t:|1698214101\n|switch|p2a: Garchomp|Garchomp, M|100\/100|[from] Flip Turn\n|move|p1a: Clefable|Stealth Rock|p2a: Garchomp\n|-sidestart|p2: TRaSHiNSeCT|move: Stealth Rock\n|\n|-heal|p1a: Clefable|87\/100|[from] item: Leftovers\n|upkeep\n|turn|2\n|\n|t:|1698214107\n|move|p2a: Garchomp|Stealth Rock|p1a: Clefable\n|-sidestart|p1: Dragon Master Rosa|move: Stealth Rock\n|move|p1a: Clefable|Knock Off|p2a: Garchomp\n|-damage|p2a: Garchomp|87\/100\n|-activate|p2a: Garchomp|ability: Rough Skin\n|-enditem|p2a: Garchomp|Rocky Helmet|[from] move: Knock Off|[of] p1a: Clefable\n|\n|-heal|p1a: Clefable|93\/100|[from] item: Leftovers\n|upkeep\n|turn|3\n|\n|t:|1698214145\n|switch|p1a: Weezing|Weezing-Galar, F|100\/100\n|-damage|p1a: Weezing|88\/100|[from] Stealth Rock\n|move|p2a: Garchomp|Spikes|p1a: Weezing\n|-sidestart|p1: Dragon Master Rosa|Spikes\n|\n|-heal|p1a: Weezing|94\/100|[from] item: Leftovers\n|upkeep\n|turn|4\n|\n|t:|1698214153\n|move|p2a: Garchomp|Power Gem|p1a: Weezing\n|-damage|p1a: Weezing|73\/100\n|move|p1a: Weezing|Defog|p2a: Garchomp\n|-unboost|p2a: Garchomp|evasion|1\n|-sideend|p2: TRaSHiNSeCT|Stealth Rock|[from] move: Defog|[of] p1a: Weezing\n|-sideend|p1: Dragon Master Rosa|Spikes|[from] move: Defog|[of] p1a: Weezing\n|-sideend|p1: Dragon Master Rosa|Stealth Rock|[from] move: Defog|[of] p1a: Weezing\n|\n|-heal|p1a: Weezing|79\/100|[from] item: Leftovers\n|upkeep\n|turn|5\n|\n|t:|1698214160\n|move|p2a: Garchomp|Spikes|p1a: Weezing\n|-sidestart|p1: Dragon Master Rosa|Spikes\n|move|p1a: Weezing|Strange Steam|p2a: Garchomp\n|-supereffective|p2a: Garchomp\n|-damage|p2a: Garchomp|35\/100\n|\n|-heal|p1a: Weezing|85\/100|[from] item: Leftovers\n|upkeep\n|turn|6\n|\n|t:|1698214167\n|switch|p2a: Enamorus|Enamorus, F|100\/100\n|move|p1a: Weezing|Defog|p2a: Enamorus\n|-boost|p2a: Enamorus|evasion|1\n|-sideend|p1: Dragon Master Rosa|Spikes|[from] move: Defog|[of] p1a: Weezing\n|\n|-heal|p1a: Weezing|91\/100|[from] item: Leftovers\n|upkeep\n|turn|7\n|c|\u2606Dragon Master Rosa|FUCK\n|c|\u2606TRaSHiNSeCT|yay\n|\n|t:|1698214176\n|move|p2a: Enamorus|Substitute|p2a: Enamorus\n|-start|p2a: Enamorus|Substitute\n|-damage|p2a: Enamorus|76\/100\n|move|p1a: Weezing|Toxic||[still]\n|-fail|p1a: Weezing\n|\n|-heal|p1a: Weezing|97\/100|[from] item: Leftovers\n|upkeep\n|turn|8\n|\n|t:|1698214190\n|switch|p1a: Iron Hands|Iron Hands|100\/100\n|move|p2a: Enamorus|Superpower|p1a: Iron Hands\n|-damage|p1a: Iron Hands|72\/100\n|-boost|p2a: Enamorus|atk|1\n|-boost|p2a: Enamorus|def|1\n|\n|upkeep\n|turn|9\n|\n|t:|1698214199\n|move|p2a: Enamorus|Superpower|p1a: Iron Hands\n|-damage|p1a: Iron Hands|28\/100\n|-boost|p2a: Enamorus|atk|1\n|-boost|p2a: Enamorus|def|1\n|move|p1a: Iron Hands|Thunderbolt|p2a: Enamorus\n|-supereffective|p2a: Enamorus\n|-end|p2a: Enamorus|Substitute\n|\n|upkeep\n|turn|10\n|\n|t:|1698214207\n|move|p2a: Enamorus|Substitute|p2a: Enamorus\n|-start|p2a: Enamorus|Substitute\n|-damage|p2a: Enamorus|51\/100\n|move|p1a: Iron Hands|Thunderbolt|p2a: Enamorus\n|-supereffective|p2a: Enamorus\n|-end|p2a: Enamorus|Substitute\n|\n|upkeep\n|turn|11\n|\n|t:|1698214218\n|move|p2a: Enamorus|Substitute|p2a: Enamorus\n|-start|p2a: Enamorus|Substitute\n|-damage|p2a: Enamorus|26\/100\n|move|p1a: Iron Hands|Thunderbolt|p2a: Enamorus|[miss]\n|-miss|p1a: Iron Hands|p2a: Enamorus\n|\n|upkeep\n|turn|12\n|\n|t:|1698214223\n|move|p2a: Enamorus|Superpower|p1a: Iron Hands\n|-damage|p1a: Iron Hands|0 fnt\n|-boost|p2a: Enamorus|atk|1\n|-boost|p2a: Enamorus|def|1\n|faint|p1a: Iron Hands\n|-end|p1a: Iron Hands|Quark Drive|[silent]\n|\n|upkeep\n|\n|t:|1698214226\n|switch|p1a: Medicham|Medicham, F|100\/100\n|turn|13\n|\n|t:|1698214233\n|-terastallize|p2a: Enamorus|Flying\n|move|p1a: Medicham|Ice Punch|p2a: Enamorus|[miss]\n|-miss|p1a: Medicham|p2a: Enamorus\n|move|p2a: Enamorus|Tera Blast|p1a: Medicham|[anim] Tera Blast Flying\n|-supereffective|p1a: Medicham\n|-damage|p1a: Medicham|0 fnt\n|faint|p1a: Medicham\n|\n|upkeep\n|\n|t:|1698214241\n|switch|p1a: Greninja|Greninja, M|100\/100\n|turn|14\n|\n|t:|1698214245\n|move|p1a: Greninja|Liquidation|p2a: Enamorus\n|-crit|p2a: Enamorus\n|-end|p2a: Enamorus|Substitute\n|move|p2a: Enamorus|Tera Blast|p1a: Greninja|[anim] Tera Blast Flying\n|-enditem|p1a: Greninja|Focus Sash\n|-damage|p1a: Greninja|1\/100\n|\n|upkeep\n|turn|15\n|\n|t:|1698214256\n|move|p1a: Greninja|Swords Dance|p1a: Greninja\n|-boost|p1a: Greninja|atk|2\n|move|p2a: Enamorus|Tera Blast|p1a: Greninja|[anim] Tera Blast Flying\n|-damage|p1a: Greninja|0 fnt\n|faint|p1a: Greninja\n|\n|upkeep\n|\n|t:|1698214259\n|switch|p1a: Clefable|Clefable, F|93\/100\n|turn|16\n|\n|t:|1698214265\n|move|p2a: Enamorus|Substitute|p2a: Enamorus\n|-start|p2a: Enamorus|Substitute\n|-damage|p2a: Enamorus|1\/100\n|move|p1a: Clefable|Knock Off|p2a: Enamorus\n|-activate|p2a: Enamorus|move: Substitute|[damage]\n|\n|-heal|p1a: Clefable|99\/100|[from] item: Leftovers\n|upkeep\n|turn|17\n|\n|t:|1698214272\n|move|p2a: Enamorus|Tera Blast|p1a: Clefable|[anim] Tera Blast Flying\n|-damage|p1a: Clefable|0 fnt\n|faint|p1a: Clefable\n|\n|upkeep\n|\n|t:|1698214275\n|switch|p1a: Weezing|Weezing-Galar, F|97\/100\n|turn|18\n|\n|t:|1698214278\n|move|p2a: Enamorus|Tera Blast|p1a: Weezing|[anim] Tera Blast Flying\n|-damage|p1a: Weezing|20\/100\n|move|p1a: Weezing|Strange Steam|p2a: Enamorus\n|-crit|p2a: Enamorus\n|-end|p2a: Enamorus|Substitute\n|\n|-heal|p1a: Weezing|26\/100|[from] item: Leftovers\n|upkeep\n|turn|19\n|\n|t:|1698214286\n|move|p2a: Enamorus|Tera Blast|p1a: Weezing|[anim] Tera Blast Flying\n|-damage|p1a: Weezing|0 fnt\n|faint|p1a: Weezing\n|\n|upkeep\n|\n|t:|1698214287\n|switch|p1a: Landorus|Landorus-Therian, M|100\/100\n|-ability|p1a: Landorus|Intimidate|boost\n|-boost|p2a: Enamorus|atk|1\n|turn|20\n|\n|t:|1698214293\n|move|p2a: Enamorus|Play Rough|p1a: Landorus\n|-damage|p1a: Landorus|0 fnt\n|faint|p1a: Landorus\n|\n|win|TRaSHiNSeCT\n|c|\u2606Dragon Master Rosa|ggwp\n|c|\u2606TRaSHiNSeCT|gg wp\n","uploadtime":1698214301,"views":14,"p1id":"dragonmasterrosa","p2id":"trashinsect","formatid":"gen9ubers","rating":0,"private":0,"password":""}