{"id":"gen9ubers-1979841723","p1":"ShriveledMonkey","p2":"lubertlubertson","format":"[Gen 9] Ubers","log":"|j|\u2606ShriveledMonkey\n|j|\u2606lubertlubertson\n|t:|1698718941\n|gametype|singles\n|player|p1|ShriveledMonkey|2|1060\n|player|p2|lubertlubertson|lucas|1077\n|teamsize|p1|6\n|teamsize|p2|6\n|gen|9\n|tier|[Gen 9] Ubers\n|rated|\n|rule|Sleep Clause Mod: Limit one foe put to sleep\n|rule|Species Clause: Limit one of each Pok\u00e9mon\n|rule|OHKO Clause: OHKO moves are banned\n|rule|Evasion Items Clause: Evasion items are banned\n|rule|Evasion Moves Clause: Evasion moves are banned\n|rule|Endless Battle Clause: Forcing endless battles is banned\n|rule|HP Percentage Mod: HP is shown in percentages\n|clearpoke\n|poke|p1|Miraidon|\n|poke|p1|Weavile, F|\n|poke|p1|Grafaiai, M|\n|poke|p1|Spectrier|\n|poke|p1|Sandslash-Alola, M|\n|poke|p1|Crawdaunt, F|\n|poke|p2|Weavile, F|\n|poke|p2|Gliscor, F|\n|poke|p2|Dragapult, F|\n|poke|p2|Mewtwo|\n|poke|p2|Glimmora, M|\n|poke|p2|Garchomp, M|\n|teampreview\n|\n|t:|1698718948\n|start\n|switch|p1a: Spectrier|Spectrier|100\/100\n|switch|p2a: Glimmora|Glimmora, M|100\/100\n|turn|1\n|\n|t:|1698718957\n|switch|p1a: Sandslash|Sandslash-Alola, M|100\/100\n|move|p2a: Glimmora|Toxic Spikes|p1a: Sandslash\n|-sidestart|p1: ShriveledMonkey|move: Toxic Spikes\n|\n|upkeep\n|turn|2\n|\n|t:|1698718964\n|move|p1a: Sandslash|Swords Dance|p1a: Sandslash\n|-boost|p1a: Sandslash|atk|2\n|move|p2a: Glimmora|Toxic Spikes|p1a: Sandslash\n|-sidestart|p1: ShriveledMonkey|move: Toxic Spikes\n|\n|upkeep\n|turn|3\n|\n|t:|1698718974\n|move|p1a: Sandslash|Earthquake|p2a: Glimmora\n|-supereffective|p2a: Glimmora\n|-damage|p2a: Glimmora|0 fnt\n|faint|p2a: Glimmora\n|\n|upkeep\n|\n|t:|1698718983\n|switch|p2a: Mewtwo|Mewtwo|100\/100\n|-ability|p2a: Mewtwo|Unnerve\n|turn|4\n|inactive|Battle timer is ON: inactive players will automatically lose when time's up. (requested by lubertlubertson)\n|\n|t:|1698718992\n|-terastallize|p1a: Sandslash|Ground\n|move|p2a: Mewtwo|Earth Power|p1a: Sandslash\n|-damage|p1a: Sandslash|15\/100\n|-unboost|p1a: Sandslash|spd|1\n|move|p1a: Sandslash|Knock Off|p2a: Mewtwo\n|-supereffective|p2a: Mewtwo\n|-damage|p2a: Mewtwo|0 fnt\n|-enditem|p2a: Mewtwo|Choice Specs|[from] move: Knock Off|[of] p1a: Sandslash\n|faint|p2a: Mewtwo\n|\n|upkeep\n|\n|t:|1698719005\n|switch|p2a: Weavile|Weavile, F|100\/100\n|-ability|p2a: Weavile|Pressure\n|turn|5\n|\n|t:|1698719010\n|move|p2a: Weavile|Knock Off|p1a: Sandslash\n|-damage|p1a: Sandslash|0 fnt\n|-enditem|p1a: Sandslash|Wide Lens|[from] move: Knock Off|[of] p2a: Weavile\n|faint|p1a: Sandslash\n|\n|upkeep\n|\n|t:|1698719016\n|switch|p1a: Grafaiai|Grafaiai, M|100\/100\n|-sideend|p1: ShriveledMonkey|move: Toxic Spikes|[of] p1a: Grafaiai\n|turn|6\n|\n|t:|1698719023\n|move|p1a: Grafaiai|Toxic|p2a: Weavile\n|-hint|Since gen 7, Dark is immune to Prankster moves.\n|-immune|p2a: Weavile\n|move|p2a: Weavile|Knock Off|p1a: Grafaiai\n|-damage|p1a: Grafaiai|0 fnt\n|-enditem|p1a: Grafaiai|Heavy-Duty Boots|[from] move: Knock Off|[of] p2a: Weavile\n|faint|p1a: Grafaiai\n|\n|upkeep\n|c|\u2606ShriveledMonkey|oh duh\n|\n|t:|1698719039\n|switch|p1a: Crawdaunt|Crawdaunt, F|100\/100\n|turn|7\n|\n|t:|1698719047\n|move|p2a: Weavile|Knock Off|p1a: Crawdaunt\n|-resisted|p1a: Crawdaunt\n|-damage|p1a: Crawdaunt|45\/100\n|-enditem|p1a: Crawdaunt|Focus Sash|[from] move: Knock Off|[of] p2a: Weavile\n|move|p1a: Crawdaunt|Close Combat|p2a: Weavile\n|-supereffective|p2a: Weavile\n|-crit|p2a: Weavile\n|-damage|p2a: Weavile|0 fnt\n|-unboost|p1a: Crawdaunt|def|1\n|-unboost|p1a: Crawdaunt|spd|1\n|faint|p2a: Weavile\n|\n|upkeep\n|\n|t:|1698719064\n|switch|p2a: Garchomp|Garchomp, M|100\/100\n|turn|8\n|\n|t:|1698719071\n|move|p1a: Crawdaunt|Aqua Jet|p2a: Garchomp\n|-damage|p2a: Garchomp|73\/100\n|-damage|p1a: Crawdaunt|33\/100|[from] ability: Rough Skin|[of] p2a: Garchomp\n|-damage|p1a: Crawdaunt|17\/100|[from] item: Rocky Helmet|[of] p2a: Garchomp\n|move|p2a: Garchomp|Swords Dance|p2a: Garchomp\n|-boost|p2a: Garchomp|atk|2\n|\n|upkeep\n|turn|9\n|\n|t:|1698719081\n|move|p1a: Crawdaunt|Aqua Jet|p2a: Garchomp\n|-damage|p2a: Garchomp|42\/100\n|-damage|p1a: Crawdaunt|4\/100|[from] ability: Rough Skin|[of] p2a: Garchomp\n|-damage|p1a: Crawdaunt|0 fnt|[from] item: Rocky Helmet|[of] p2a: Garchomp\n|faint|p1a: Crawdaunt\n|move|p2a: Garchomp|Swords Dance|p2a: Garchomp\n|-boost|p2a: Garchomp|atk|2\n|\n|upkeep\n|\n|t:|1698719092\n|switch|p1a: Weavile|Weavile, F|100\/100\n|-ability|p1a: Weavile|Pressure\n|turn|10\n|\n|t:|1698719098\n|move|p1a: Weavile|Ice Shard|p2a: Garchomp\n|-supereffective|p2a: Garchomp\n|-damage|p2a: Garchomp|0 fnt\n|faint|p2a: Garchomp\n|-damage|p1a: Weavile|91\/100|[from] item: Life Orb\n|\n|upkeep\n|\n|t:|1698719106\n|switch|p2a: Dragapult|Dragapult, F|100\/100\n|turn|11\n|\n|t:|1698719115\n|move|p2a: Dragapult|Light Screen|p2a: Dragapult\n|-sidestart|p2: lubertlubertson|move: Light Screen\n|move|p1a: Weavile|Knock Off|p2a: Dragapult\n|-supereffective|p2a: Dragapult\n|-damage|p2a: Dragapult|0 fnt\n|-enditem|p2a: Dragapult|Light Clay|[from] move: Knock Off|[of] p1a: Weavile\n|faint|p2a: Dragapult\n|-damage|p1a: Weavile|81\/100|[from] item: Life Orb\n|\n|upkeep\n|\n|t:|1698719125\n|switch|p2a: Gliscor|Gliscor, F|100\/100\n|turn|12\n|\n|t:|1698719128\n|move|p1a: Weavile|Icicle Crash|p2a: Gliscor\n|-supereffective|p2a: Gliscor\n|-damage|p2a: Gliscor|0 fnt\n|faint|p2a: Gliscor\n|-damage|p1a: Weavile|71\/100|[from] item: Life Orb\n|\n|win|ShriveledMonkey\n|raw|ShriveledMonkey's rating: 1060 &rarr; <strong>1093<\/strong><br \/>(+33 for winning)\n|raw|lubertlubertson's rating: 1077 &rarr; <strong>1054<\/strong><br \/>(-23 for losing)\n|l|\u2606lubertlubertson\n","uploadtime":1698719136,"views":12,"p1id":"shriveledmonkey","p2id":"lubertlubertson","formatid":"gen9ubers","rating":1054,"private":0,"password":""}