{"id":"gen9ubers-1977910195","p1":"Autismo koshman","p2":"treegirl22","format":"[Gen 9] Ubers","log":"|j|\u2606Autismo koshman\n|j|\u2606treegirl22\n|t:|1698465102\n|gametype|singles\n|player|p1|Autismo koshman|zinzolin|1526\n|player|p2|treegirl22|marnie|1555\n|teamsize|p1|6\n|teamsize|p2|6\n|gen|9\n|tier|[Gen 9] Ubers\n|rated|\n|rule|Sleep Clause Mod: Limit one foe put to sleep\n|rule|Species Clause: Limit one of each Pok\u00e9mon\n|rule|OHKO Clause: OHKO moves are banned\n|rule|Evasion Items Clause: Evasion items are banned\n|rule|Evasion Moves Clause: Evasion moves are banned\n|rule|Endless Battle Clause: Forcing endless battles is banned\n|rule|HP Percentage Mod: HP is shown in percentages\n|clearpoke\n|poke|p1|Kyogre|\n|poke|p1|Arceus|\n|poke|p1|Mewtwo|\n|poke|p1|Ribombee, M|\n|poke|p1|Groudon|\n|poke|p1|Koraidon|\n|poke|p2|Basculegion, M|\n|poke|p2|Koraidon|\n|poke|p2|Kyogre|\n|poke|p2|Flutter Mane|\n|poke|p2|Giratina-Origin|\n|poke|p2|Clodsire, M|\n|teampreview\n|inactive|Battle timer is ON: inactive players will automatically lose when time's up. (requested by treegirl22)\n|\n|t:|1698465115\n|start\n|switch|p1a: Koraidon|Koraidon|100\/100\n|switch|p2a: Nightmare Moon|Flutter Mane|100\/100\n|-weather|SunnyDay|[from] ability: Orichalcum Pulse|[of] p1a: Koraidon\n|-activate|p2a: Nightmare Moon|ability: Protosynthesis\n|-start|p2a: Nightmare Moon|protosynthesisspe\n|-activate|p1a: Koraidon|Orichalcum Pulse|[source]\n|turn|1\n|\n|t:|1698465120\n|move|p1a: Koraidon|Flare Blitz|p2a: Nightmare Moon\n|-damage|p2a: Nightmare Moon|0 fnt\n|faint|p2a: Nightmare Moon\n|-end|p2a: Nightmare Moon|Protosynthesis|[silent]\n|-damage|p1a: Koraidon|76\/100|[from] Recoil\n|\n|-weather|SunnyDay|[upkeep]\n|upkeep\n|\n|t:|1698465131\n|switch|p2a: Leviathan|Kyogre|100\/100\n|-weather|RainDance|[from] ability: Drizzle|[of] p2a: Leviathan\n|turn|2\n|\n|t:|1698465139\n|switch|p1a: Ribombee|Ribombee, M|100\/100\n|move|p2a: Leviathan|Substitute|p2a: Leviathan\n|-start|p2a: Leviathan|Substitute\n|-damage|p2a: Leviathan|75\/100\n|\n|-weather|RainDance|[upkeep]\n|-heal|p2a: Leviathan|82\/100|[from] item: Leftovers\n|upkeep\n|turn|3\n|\n|t:|1698465143\n|move|p1a: Ribombee|Sticky Web|p2a: Leviathan\n|-sidestart|p2: treegirl22|move: Sticky Web\n|move|p2a: Leviathan|Calm Mind|p2a: Leviathan\n|-boost|p2a: Leviathan|spa|1\n|-boost|p2a: Leviathan|spd|1\n|\n|-weather|RainDance|[upkeep]\n|-heal|p2a: Leviathan|88\/100|[from] item: Leftovers\n|upkeep\n|turn|4\n|\n|t:|1698465148\n|switch|p1a: Koraidon|Koraidon|76\/100\n|-weather|SunnyDay|[from] ability: Orichalcum Pulse|[of] p1a: Koraidon\n|-activate|p1a: Koraidon|Orichalcum Pulse|[source]\n|move|p2a: Leviathan|Calm Mind|p2a: Leviathan\n|-boost|p2a: Leviathan|spa|1\n|-boost|p2a: Leviathan|spd|1\n|\n|-weather|SunnyDay|[upkeep]\n|-heal|p2a: Leviathan|94\/100|[from] item: Leftovers\n|upkeep\n|turn|5\n|\n|t:|1698465151\n|move|p1a: Koraidon|Low Kick|p2a: Leviathan\n|-end|p2a: Leviathan|Substitute\n|move|p2a: Leviathan|Ice Beam|p1a: Koraidon\n|-supereffective|p1a: Koraidon\n|-damage|p1a: Koraidon|0 fnt\n|faint|p1a: Koraidon\n|\n|-weather|SunnyDay|[upkeep]\n|-heal|p2a: Leviathan|99\/100|[from] item: Leftovers\n|upkeep\n|inactive|Autismo koshman has 120 seconds left.\n|\n|t:|1698465185\n|switch|p1a: Kyogre|Kyogre|100\/100\n|-weather|RainDance|[from] ability: Drizzle|[of] p1a: Kyogre\n|turn|6\n|\n|t:|1698465191\n|move|p1a: Kyogre|Thunder|p2a: Leviathan\n|-supereffective|p2a: Leviathan\n|-damage|p2a: Leviathan|71\/100\n|-status|p2a: Leviathan|par\n|cant|p2a: Leviathan|par\n|\n|-weather|RainDance|[upkeep]\n|-heal|p2a: Leviathan|77\/100 par|[from] item: Leftovers\n|upkeep\n|turn|7\n|\n|t:|1698465199\n|switch|p2a: Squishmallow|Clodsire, M|100\/100\n|-activate|p2a: Squishmallow|move: Sticky Web\n|-unboost|p2a: Squishmallow|spe|1\n|move|p1a: Kyogre|Thunder|p2a: Squishmallow\n|-immune|p2a: Squishmallow\n|\n|-weather|RainDance|[upkeep]\n|upkeep\n|turn|8\n|\n|t:|1698465211\n|switch|p1a: Ribombee|Ribombee, M|100\/100\n|move|p2a: Squishmallow|Toxic|p1a: Ribombee\n|-status|p1a: Ribombee|tox\n|\n|-weather|RainDance|[upkeep]\n|-damage|p1a: Ribombee|94\/100 tox|[from] psn\n|upkeep\n|turn|9\n|\n|t:|1698465222\n|switch|p2a: Leviathan|Kyogre|77\/100 par\n|-activate|p2a: Leviathan|move: Sticky Web\n|-unboost|p2a: Leviathan|spe|1\n|move|p1a: Ribombee|Psychic|p2a: Leviathan\n|-damage|p2a: Leviathan|62\/100 par\n|\n|-weather|RainDance|[upkeep]\n|-heal|p2a: Leviathan|68\/100 par|[from] item: Leftovers\n|-damage|p1a: Ribombee|82\/100 tox|[from] psn\n|upkeep\n|turn|10\n|\n|t:|1698465227\n|move|p1a: Ribombee|Moonblast|p2a: Leviathan\n|-damage|p2a: Leviathan|44\/100 par\n|move|p2a: Leviathan|Substitute|p2a: Leviathan\n|-start|p2a: Leviathan|Substitute\n|-damage|p2a: Leviathan|19\/100 par\n|\n|-weather|none\n|-heal|p2a: Leviathan|25\/100 par|[from] item: Leftovers\n|-damage|p1a: Ribombee|64\/100 tox|[from] psn\n|upkeep\n|turn|11\n|\n|t:|1698465232\n|move|p1a: Ribombee|Moonblast|p2a: Leviathan\n|-activate|p2a: Leviathan|move: Substitute|[damage]\n|move|p2a: Leviathan|Calm Mind|p2a: Leviathan\n|-boost|p2a: Leviathan|spa|1\n|-boost|p2a: Leviathan|spd|1\n|\n|-heal|p2a: Leviathan|31\/100 par|[from] item: Leftovers\n|-damage|p1a: Ribombee|39\/100 tox|[from] psn\n|upkeep\n|turn|12\n|\n|t:|1698465243\n|move|p1a: Ribombee|Moonblast|p2a: Leviathan\n|-end|p2a: Leviathan|Substitute\n|move|p2a: Leviathan|Substitute|p2a: Leviathan\n|-start|p2a: Leviathan|Substitute\n|-damage|p2a: Leviathan|6\/100 par\n|\n|-heal|p2a: Leviathan|12\/100 par|[from] item: Leftovers\n|-damage|p1a: Ribombee|9\/100 tox|[from] psn\n|upkeep\n|turn|13\n|\n|t:|1698465248\n|move|p1a: Ribombee|Moonblast|p2a: Leviathan\n|-activate|p2a: Leviathan|move: Substitute|[damage]\n|move|p2a: Leviathan|Calm Mind|p2a: Leviathan\n|-boost|p2a: Leviathan|spa|1\n|-boost|p2a: Leviathan|spd|1\n|\n|-heal|p2a: Leviathan|19\/100 par|[from] item: Leftovers\n|-damage|p1a: Ribombee|0 fnt|[from] psn\n|faint|p1a: Ribombee\n|upkeep\n|\n|t:|1698465251\n|switch|p1a: Kyogre|Kyogre|100\/100\n|-weather|RainDance|[from] ability: Drizzle|[of] p1a: Kyogre\n|turn|14\n|\n|t:|1698465254\n|move|p1a: Kyogre|Thunder|p2a: Leviathan\n|-supereffective|p2a: Leviathan\n|-end|p2a: Leviathan|Substitute\n|move|p2a: Leviathan|Surf|p1a: Kyogre\n|-resisted|p1a: Kyogre\n|-damage|p1a: Kyogre|48\/100\n|\n|-weather|RainDance|[upkeep]\n|-heal|p2a: Leviathan|25\/100 par|[from] item: Leftovers\n|upkeep\n|turn|15\n|\n|t:|1698465260\n|switch|p2a: Squishmallow|Clodsire, M|100\/100\n|-activate|p2a: Squishmallow|move: Sticky Web\n|-unboost|p2a: Squishmallow|spe|1\n|move|p1a: Kyogre|Thunder|p2a: Squishmallow\n|-immune|p2a: Squishmallow\n|\n|-weather|RainDance|[upkeep]\n|upkeep\n|turn|16\n|\n|t:|1698465268\n|switch|p1a: Mewtwo|Mewtwo, shiny|100\/100\n|-ability|p1a: Mewtwo|Pressure\n|move|p2a: Squishmallow|Toxic|p1a: Mewtwo\n|-status|p1a: Mewtwo|tox\n|\n|-weather|RainDance|[upkeep]\n|-damage|p1a: Mewtwo|94\/100 tox|[from] psn\n|upkeep\n|turn|17\n|\n|t:|1698465275\n|switch|p2a: Beelzebub|Giratina-Origin|100\/100\n|move|p1a: Mewtwo|Psystrike|p2a: Beelzebub\n|-damage|p2a: Beelzebub|59\/100\n|-damage|p1a: Mewtwo|84\/100 tox|[from] item: Life Orb\n|\n|-weather|RainDance|[upkeep]\n|-damage|p1a: Mewtwo|72\/100 tox|[from] psn\n|upkeep\n|turn|18\n|\n|t:|1698465279\n|move|p1a: Mewtwo|Ice Beam|p2a: Beelzebub\n|-supereffective|p2a: Beelzebub\n|-damage|p2a: Beelzebub|0 fnt\n|faint|p2a: Beelzebub\n|-damage|p1a: Mewtwo|62\/100 tox|[from] item: Life Orb\n|\n|-weather|none\n|-damage|p1a: Mewtwo|43\/100 tox|[from] psn\n|upkeep\n|\n|t:|1698465292\n|switch|p2a: Flame Rider|Koraidon|100\/100\n|-activate|p2a: Flame Rider|move: Sticky Web\n|-unboost|p2a: Flame Rider|spe|1\n|-weather|SunnyDay|[from] ability: Orichalcum Pulse|[of] p2a: Flame Rider\n|-activate|p2a: Flame Rider|Orichalcum Pulse|[source]\n|turn|19\n|\n|t:|1698465298\n|switch|p1a: Groudon|Groudon|100\/100\n|move|p2a: Flame Rider|U-turn|p1a: Groudon\n|-crit|p1a: Groudon\n|-damage|p1a: Groudon|75\/100\n|\n|t:|1698465306\n|switch|p2a: Squishmallow|Clodsire, M|100\/100|[from] U-turn\n|-activate|p2a: Squishmallow|move: Sticky Web\n|-unboost|p2a: Squishmallow|spe|1\n|\n|-weather|SunnyDay|[upkeep]\n|-heal|p1a: Groudon|82\/100|[from] item: Leftovers\n|upkeep\n|turn|20\n|\n|t:|1698465315\n|move|p1a: Groudon|Earthquake|p2a: Squishmallow\n|-supereffective|p2a: Squishmallow\n|-damage|p2a: Squishmallow|0 fnt\n|faint|p2a: Squishmallow\n|\n|-weather|SunnyDay|[upkeep]\n|-heal|p1a: Groudon|88\/100|[from] item: Leftovers\n|upkeep\n|\n|t:|1698465320\n|switch|p2a: Flame Rider|Koraidon|100\/100\n|-activate|p2a: Flame Rider|move: Sticky Web\n|-unboost|p2a: Flame Rider|spe|1\n|-activate|p2a: Flame Rider|ability: Orichalcum Pulse\n|turn|21\n|\n|t:|1698465331\n|move|p2a: Flame Rider|U-turn|p1a: Groudon\n|-damage|p1a: Groudon|73\/100\n|\n|t:|1698465334\n|switch|p2a: Leviathan|Kyogre|25\/100 par|[from] U-turn\n|-activate|p2a: Leviathan|move: Sticky Web\n|-unboost|p2a: Leviathan|spe|1\n|-weather|RainDance|[from] ability: Drizzle|[of] p2a: Leviathan\n|move|p1a: Groudon|Earthquake|p2a: Leviathan\n|-damage|p2a: Leviathan|0 fnt\n|faint|p2a: Leviathan\n|\n|-weather|RainDance|[upkeep]\n|-heal|p1a: Groudon|79\/100|[from] item: Leftovers\n|upkeep\n|\n|t:|1698465336\n|switch|p2a: R E S P E C T|Basculegion, M|100\/100\n|turn|22\n|\n|t:|1698465343\n|move|p1a: Groudon|Protect|p1a: Groudon\n|-singleturn|p1a: Groudon|Protect\n|move|p2a: R E S P E C T|Wave Crash|p1a: Groudon\n|-activate|p1a: Groudon|move: Protect\n|\n|-weather|RainDance|[upkeep]\n|-heal|p1a: Groudon|85\/100|[from] item: Leftovers\n|upkeep\n|turn|23\n|\n|t:|1698465360\n|switch|p1a: Kyogre|Kyogre|48\/100\n|move|p2a: R E S P E C T|Last Respects|p1a: Kyogre\n|-damage|p1a: Kyogre|0 fnt\n|faint|p1a: Kyogre\n|\n|-weather|RainDance|[upkeep]\n|upkeep\n|\n|t:|1698465367\n|switch|p1a: Groudon|Groudon|85\/100\n|-weather|SunnyDay|[from] ability: Drought|[of] p1a: Groudon\n|turn|24\n|\n|t:|1698465374\n|move|p1a: Groudon|Will-O-Wisp|p2a: R E S P E C T|[miss]\n|-miss|p1a: Groudon|p2a: R E S P E C T\n|move|p2a: R E S P E C T|Agility|p2a: R E S P E C T\n|-boost|p2a: R E S P E C T|spe|2\n|\n|-weather|SunnyDay|[upkeep]\n|-heal|p1a: Groudon|91\/100|[from] item: Leftovers\n|upkeep\n|turn|25\n|\n|t:|1698465378\n|move|p2a: R E S P E C T|Last Respects|p1a: Groudon\n|-damage|p1a: Groudon|24\/100\n|move|p1a: Groudon|Will-O-Wisp|p2a: R E S P E C T\n|-status|p2a: R E S P E C T|brn\n|\n|-weather|SunnyDay|[upkeep]\n|-heal|p1a: Groudon|31\/100|[from] item: Leftovers\n|-damage|p2a: R E S P E C T|94\/100 brn|[from] brn\n|upkeep\n|turn|26\n|\n|t:|1698465384\n|move|p2a: R E S P E C T|Last Respects|p1a: Groudon\n|-damage|p1a: Groudon|2\/100\n|move|p1a: Groudon|Earthquake|p2a: R E S P E C T\n|-damage|p2a: R E S P E C T|39\/100 brn\n|\n|-weather|SunnyDay|[upkeep]\n|-heal|p1a: Groudon|8\/100|[from] item: Leftovers\n|-damage|p2a: R E S P E C T|33\/100 brn|[from] brn\n|upkeep\n|turn|27\n|\n|t:|1698465387\n|move|p1a: Groudon|Protect|p1a: Groudon\n|-singleturn|p1a: Groudon|Protect\n|move|p2a: R E S P E C T|Last Respects|p1a: Groudon\n|-activate|p1a: Groudon|move: Protect\n|\n|-weather|SunnyDay|[upkeep]\n|-heal|p1a: Groudon|14\/100|[from] item: Leftovers\n|-damage|p2a: R E S P E C T|27\/100 brn|[from] brn\n|upkeep\n|turn|28\n|\n|t:|1698465399\n|move|p2a: R E S P E C T|Last Respects|p1a: Groudon\n|-damage|p1a: Groudon|0 fnt\n|faint|p1a: Groudon\n|\n|-weather|none\n|-damage|p2a: R E S P E C T|21\/100 brn|[from] brn\n|upkeep\n|\n|t:|1698465404\n|switch|p1a: Arceus|Arceus|100\/100\n|turn|29\n|\n|t:|1698465410\n|move|p2a: R E S P E C T|Wave Crash|p1a: Arceus\n|-damage|p1a: Arceus|80\/100\n|-damage|p2a: R E S P E C T|14\/100 brn|[from] Recoil\n|move|p1a: Arceus|Shadow Claw|p2a: R E S P E C T\n|-supereffective|p2a: R E S P E C T\n|-damage|p2a: R E S P E C T|0 fnt\n|faint|p2a: R E S P E C T\n|\n|upkeep\n|\n|t:|1698465415\n|switch|p2a: Flame Rider|Koraidon|100\/100\n|-activate|p2a: Flame Rider|move: Sticky Web\n|-unboost|p2a: Flame Rider|spe|1\n|-weather|SunnyDay|[from] ability: Orichalcum Pulse|[of] p2a: Flame Rider\n|-activate|p2a: Flame Rider|Orichalcum Pulse|[source]\n|turn|30\n|\n|t:|1698465421\n|-terastallize|p1a: Arceus|Normal\n|move|p1a: Arceus|Extreme Speed|p2a: Flame Rider\n|-damage|p2a: Flame Rider|43\/100\n|move|p2a: Flame Rider|Collision Course|p1a: Arceus\n|-supereffective|p1a: Arceus\n|-damage|p1a: Arceus|0 fnt\n|faint|p1a: Arceus\n|\n|-weather|SunnyDay|[upkeep]\n|upkeep\n|\n|t:|1698465431\n|switch|p1a: Mewtwo|Mewtwo, shiny|43\/100 tox\n|-ability|p1a: Mewtwo|Pressure\n|turn|31\n|\n|t:|1698465433\n|move|p2a: Flame Rider|Collision Course|p1a: Mewtwo\n|-resisted|p1a: Mewtwo\n|-damage|p1a: Mewtwo|8\/100 tox\n|move|p1a: Mewtwo|Psystrike|p2a: Flame Rider\n|-supereffective|p2a: Flame Rider\n|-damage|p2a: Flame Rider|0 fnt\n|faint|p2a: Flame Rider\n|-damage|p1a: Mewtwo|0 fnt|[from] item: Life Orb\n|faint|p1a: Mewtwo\n|\n|win|Autismo koshman\n|raw|Autismo koshman's rating: 1526 &rarr; <strong>1548<\/strong><br \/>(+22 for winning)\n|raw|treegirl22's rating: 1555 &rarr; <strong>1533<\/strong><br \/>(-22 for losing)\n|l|\u2606Autismo koshman\n|l|\u2606treegirl22\n|j|\u2606Autismo koshman\n|player|p1|Autismo koshman|zinzolin\n","uploadtime":1698465465,"views":20,"p1id":"autismokoshman","p2id":"treegirl22","formatid":"gen9ubers","rating":1533,"private":0,"password":""}