{"id":"gen9ubers-1987459062","p1":"corvere\u2665","p2":"hounds of fate","format":"[Gen 9] Ubers","log":"|j|\u2606corvere\u2665\n|j|\u2606hounds of fate\n|t:|1699594840\n|gametype|singles\n|player|p1|corvere\u2665|anthea|\n|player|p2|hounds of fate|marnie|\n|teamsize|p1|6\n|teamsize|p2|6\n|gen|9\n|tier|[Gen 9] Ubers\n|rated|Tournament battle\n|rule|Sleep Clause Mod: Limit one foe put to sleep\n|rule|Species Clause: Limit one of each Pok\u00e9mon\n|rule|OHKO Clause: OHKO moves are banned\n|rule|Evasion Items Clause: Evasion items are banned\n|rule|Evasion Moves Clause: Evasion moves are banned\n|rule|Endless Battle Clause: Forcing endless battles is banned\n|rule|HP Percentage Mod: HP is shown in percentages\n|clearpoke\n|poke|p1|Great Tusk|\n|poke|p1|Koraidon|\n|poke|p1|Rayquaza|\n|poke|p1|Baxcalibur, M|\n|poke|p1|Zacian-*|\n|poke|p1|Arceus-Ground|\n|poke|p2|Ribombee, F|\n|poke|p2|Arceus-Psychic|\n|poke|p2|Glimmora, M|\n|poke|p2|Miraidon|\n|poke|p2|Koraidon|\n|poke|p2|Zacian-*|\n|teampreview\n|inactive|Battle timer is ON: inactive players will automatically lose when time's up. (requested by corvere\u2665)\n|inactive|hounds of fate also wants the timer to be on.\n|\n|t:|1699594853\n|start\n|switch|p1a: Zacian|Zacian-Crowned|100\/100\n|switch|p2a: Glimmora|Glimmora, M|100\/100\n|-ability|p1a: Zacian|Intrepid Sword|boost\n|-boost|p1a: Zacian|atk|1\n|turn|1\n|j| Primordiallite\n|\n|t:|1699594858\n|move|p1a: Zacian|Behemoth Blade|p2a: Glimmora\n|-supereffective|p2a: Glimmora\n|-enditem|p2a: Glimmora|Focus Sash\n|-damage|p2a: Glimmora|1\/100\n|-activate|p2a: Glimmora|ability: Toxic Debris\n|-sidestart|p1: corvere\u2665|move: Toxic Spikes\n|move|p2a: Glimmora|Stealth Rock|p1a: Zacian\n|-sidestart|p1: corvere\u2665|move: Stealth Rock\n|\n|upkeep\n|turn|2\n|\n|t:|1699594866\n|move|p1a: Zacian|Behemoth Blade|p2a: Glimmora\n|-supereffective|p2a: Glimmora\n|-damage|p2a: Glimmora|0 fnt\n|-activate|p2a: Glimmora|ability: Toxic Debris\n|-sidestart|p1: corvere\u2665|move: Toxic Spikes\n|faint|p2a: Glimmora\n|\n|upkeep\n|j| Ciro Napoli\n|\n|t:|1699594871\n|switch|p2a: Ribombee|Ribombee, F, shiny|100\/100\n|turn|3\n|\n|t:|1699594876\n|move|p1a: Zacian|Substitute|p1a: Zacian\n|-start|p1a: Zacian|Substitute\n|-damage|p1a: Zacian|76\/100\n|move|p2a: Ribombee|Tailwind|p2a: Ribombee\n|-sidestart|p2: hounds of fate|move: Tailwind\n|\n|upkeep\n|turn|4\n|\n|t:|1699594880\n|move|p2a: Ribombee|Sticky Web|p1a: Zacian\n|-sidestart|p1: corvere\u2665|move: Sticky Web\n|move|p1a: Zacian|Swords Dance|p1a: Zacian\n|-boost|p1a: Zacian|atk|2\n|\n|upkeep\n|turn|5\n|\n|t:|1699594886\n|switch|p2a: Miraidon|Miraidon|100\/100\n|-fieldstart|move: Electric Terrain|[from] ability: Hadron Engine|[of] p2a: Miraidon\n|move|p1a: Zacian|Behemoth Blade|p2a: Miraidon\n|-resisted|p2a: Miraidon\n|-damage|p2a: Miraidon|33\/100\n|\n|upkeep\n|turn|6\n|\n|t:|1699594889\n|move|p2a: Miraidon|Electro Drift|p1a: Zacian\n|-end|p1a: Zacian|Substitute\n|-damage|p2a: Miraidon|23\/100|[from] item: Life Orb\n|move|p1a: Zacian|Substitute|p1a: Zacian\n|-start|p1a: Zacian|Substitute\n|-damage|p1a: Zacian|51\/100\n|\n|-sideend|p2: hounds of fate|move: Tailwind\n|upkeep\n|turn|7\n|\n|t:|1699594894\n|move|p1a: Zacian|Behemoth Blade|p2a: Miraidon\n|-resisted|p2a: Miraidon\n|-damage|p2a: Miraidon|0 fnt\n|faint|p2a: Miraidon\n|\n|upkeep\n|\n|t:|1699594898\n|switch|p2a: Ribombee|Ribombee, F, shiny|100\/100\n|turn|8\n|\n|t:|1699594902\n|move|p1a: Zacian|Swords Dance|p1a: Zacian\n|-boost|p1a: Zacian|atk|2\n|move|p2a: Ribombee|Tailwind|p2a: Ribombee\n|-sidestart|p2: hounds of fate|move: Tailwind\n|\n|upkeep\n|turn|9\n|\n|t:|1699594907\n|move|p2a: Ribombee|Moonblast|p1a: Zacian\n|-resisted|p1a: Zacian\n|-activate|p1a: Zacian|move: Substitute|[damage]\n|move|p1a: Zacian|Behemoth Blade|p2a: Ribombee\n|-supereffective|p2a: Ribombee\n|-enditem|p2a: Ribombee|Focus Sash\n|-damage|p2a: Ribombee|1\/100\n|\n|-fieldend|move: Electric Terrain\n|upkeep\n|turn|10\n|\n|t:|1699594918\n|move|p2a: Ribombee|Moonblast|p1a: Zacian\n|-resisted|p1a: Zacian\n|-end|p1a: Zacian|Substitute\n|move|p1a: Zacian|Substitute|p1a: Zacian\n|-start|p1a: Zacian|Substitute\n|-damage|p1a: Zacian|26\/100\n|\n|upkeep\n|turn|11\n|\n|t:|1699594924\n|move|p2a: Ribombee|Moonblast|p1a: Zacian\n|-resisted|p1a: Zacian\n|-activate|p1a: Zacian|move: Substitute|[damage]\n|move|p1a: Zacian|Behemoth Blade|p2a: Ribombee\n|-supereffective|p2a: Ribombee\n|-damage|p2a: Ribombee|0 fnt\n|faint|p2a: Ribombee\n|\n|-sideend|p2: hounds of fate|move: Tailwind\n|upkeep\n|\n|t:|1699594939\n|switch|p2a: Arceus|Arceus-Psychic, shiny|100\/100\n|turn|12\n|\n|t:|1699594944\n|move|p1a: Zacian|Behemoth Blade|p2a: Arceus\n|-damage|p2a: Arceus|0 fnt\n|faint|p2a: Arceus\n|\n|upkeep\n|\n|t:|1699594948\n|switch|p2a: Zacian|Zacian-Crowned, shiny|100\/100\n|-ability|p2a: Zacian|Intrepid Sword|boost\n|-boost|p2a: Zacian|atk|1\n|turn|13\n|\n|t:|1699594952\n|move|p1a: Zacian|Behemoth Blade|p2a: Zacian\n|-damage|p2a: Zacian|0 fnt\n|faint|p2a: Zacian\n|\n|upkeep\n|\n|t:|1699594955\n|switch|p2a: Koraidon|Koraidon|100\/100\n|-weather|SunnyDay|[from] ability: Orichalcum Pulse|[of] p2a: Koraidon\n|-activate|p2a: Koraidon|Orichalcum Pulse|[source]\n|turn|14\n|\n|t:|1699594961\n|move|p1a: Zacian|Play Rough|p2a: Koraidon\n|-supereffective|p2a: Koraidon\n|-crit|p2a: Koraidon\n|-damage|p2a: Koraidon|0 fnt\n|faint|p2a: Koraidon\n|\n|win|corvere\u2665\n|n|\u2606corvere\u2665|corvere\n|n|\u2606hounds of fate|houndsoffate\n|n| Primordiallite|primordiallite\n|n| Ciro Napoli|cironapoli\n","uploadtime":1699594962,"views":9,"p1id":"corvere","p2id":"houndsoffate","formatid":"gen9ubers","rating":0,"private":0,"password":""}