{"id":"gen9ubers-1984223091","p1":"Kachowow","p2":"MissSandman","format":"[Gen 9] Ubers","log":"|j|\u2606Kachowow\n|j|\u2606MissSandman\n|t:|1699231987\n|gametype|singles\n|player|p1|Kachowow|cook-gen7|\n|player|p2|MissSandman|1|\n|teamsize|p1|6\n|teamsize|p2|6\n|gen|9\n|tier|[Gen 9] Ubers\n|rule|Sleep Clause Mod: Limit one foe put to sleep\n|rule|Species Clause: Limit one of each Pok\u00e9mon\n|rule|OHKO Clause: OHKO moves are banned\n|rule|Evasion Items Clause: Evasion items are banned\n|rule|Evasion Moves Clause: Evasion moves are banned\n|rule|Endless Battle Clause: Forcing endless battles is banned\n|rule|HP Percentage Mod: HP is shown in percentages\n|clearpoke\n|poke|p1|Glimmora, M|\n|poke|p1|Meowscarada, M|\n|poke|p1|Alomomola, F|\n|poke|p1|Toedscruel, M|\n|poke|p1|Azelf|\n|poke|p1|Iron Valiant|\n|poke|p2|Ursaluna-Bloodmoon, M|\n|poke|p2|Annihilape, F|\n|poke|p2|Roaring Moon|\n|poke|p2|Cresselia, F|\n|poke|p2|Dondozo, F|\n|poke|p2|Ogerpon-Hearthflame, F|\n|teampreview\n|j| cyanea nozakii\n|j| OUVT Sheldon\n|j| AMAG\n|j| bluecrue\n|j| Bimchi Keef\n|j| ChronusVibus\n|\n|t:|1699232016\n|start\n|switch|p1a: Paul George|Glimmora, M|100\/100\n|switch|p2a: Annihilape|Annihilape, F|100\/100\n|turn|1\n|\n|t:|1699232025\n|move|p1a: Paul George|Dazzling Gleam|p2a: Annihilape\n|-supereffective|p2a: Annihilape\n|-damage|p2a: Annihilape|55\/100\n|move|p2a: Annihilape|Taunt|p1a: Paul George\n|-start|p1a: Paul George|move: Taunt\n|\n|-heal|p2a: Annihilape|61\/100|[from] item: Leftovers\n|upkeep\n|turn|2\n|j| EgirlPee\n|\n|t:|1699232035\n|switch|p2a: Cresselia|Cresselia, F|100\/100\n|move|p1a: Paul George|Dazzling Gleam|p2a: Cresselia\n|-damage|p2a: Cresselia|88\/100\n|\n|upkeep\n|turn|3\n|\n|t:|1699232042\n|switch|p1a: Mason Plumlee|Azelf|100\/100\n|move|p2a: Cresselia|Calm Mind|p2a: Cresselia\n|-boost|p2a: Cresselia|spa|1\n|-boost|p2a: Cresselia|spd|1\n|\n|upkeep\n|turn|4\n|\n|t:|1699232050\n|move|p1a: Mason Plumlee|Encore|p2a: Cresselia\n|-start|p2a: Cresselia|Encore\n|move|p2a: Cresselia|Calm Mind|p2a: Cresselia\n|-boost|p2a: Cresselia|spa|1\n|-boost|p2a: Cresselia|spd|1\n|\n|upkeep\n|turn|5\n|\n|t:|1699232055\n|move|p1a: Mason Plumlee|U-turn|p2a: Cresselia\n|-supereffective|p2a: Cresselia\n|-damage|p2a: Cresselia|53\/100\n|\n|t:|1699232057\n|switch|p1a: James Harden|Meowscarada, M|100\/100|[from] U-turn\n|move|p2a: Cresselia|Calm Mind|p2a: Cresselia\n|-boost|p2a: Cresselia|spa|1\n|-boost|p2a: Cresselia|spd|1\n|\n|upkeep\n|turn|6\n|\n|t:|1699232067\n|switch|p2a: Ogerpon|Ogerpon-Hearthflame, F|100\/100\n|-ability|p2a: Ogerpon|Mold Breaker\n|move|p1a: James Harden|Knock Off|p2a: Ogerpon\n|-start|p1a: James Harden|typechange|Dark|[from] ability: Protean\n|-damage|p2a: Ogerpon|64\/100\n|\n|upkeep\n|turn|7\n|\n|t:|1699232086\n|move|p1a: James Harden|U-turn|p2a: Ogerpon\n|-damage|p2a: Ogerpon|37\/100\n|\n|t:|1699232088\n|switch|p1a: Paul George|Glimmora, M|100\/100|[from] U-turn\n|move|p2a: Ogerpon|Knock Off|p1a: Paul George\n|-damage|p1a: Paul George|54\/100\n|-activate|p1a: Paul George|ability: Toxic Debris\n|-sidestart|p2: MissSandman|move: Toxic Spikes\n|-enditem|p1a: Paul George|Focus Sash|[from] move: Knock Off|[of] p2a: Ogerpon\n|\n|upkeep\n|turn|8\n|\n|t:|1699232097\n|move|p2a: Ogerpon|Stomping Tantrum|p1a: Paul George\n|-supereffective|p1a: Paul George\n|-crit|p1a: Paul George\n|-damage|p1a: Paul George|0 fnt\n|-activate|p1a: Paul George|ability: Toxic Debris\n|-sidestart|p2: MissSandman|move: Toxic Spikes\n|faint|p1a: Paul George\n|\n|upkeep\n|l| bluecrue\n|\n|t:|1699232112\n|switch|p1a: Mason Plumlee|Azelf|100\/100\n|turn|9\n|\n|t:|1699232118\n|move|p1a: Mason Plumlee|Psychic|p2a: Ogerpon\n|-damage|p2a: Ogerpon|0 fnt\n|faint|p2a: Ogerpon\n|\n|upkeep\n|\n|t:|1699232128\n|switch|p2a: Annihilape|Annihilape, F|61\/100\n|-status|p2a: Annihilape|tox\n|turn|10\n|\n|t:|1699232132\n|move|p1a: Mason Plumlee|Psychic|p2a: Annihilape\n|-supereffective|p2a: Annihilape\n|-damage|p2a: Annihilape|0 fnt\n|faint|p2a: Annihilape\n|\n|upkeep\n|\n|t:|1699232139\n|switch|p2a: Ursaluna|Ursaluna-Bloodmoon, M|100\/100\n|-status|p2a: Ursaluna|tox\n|turn|11\n|\n|t:|1699232146\n|move|p1a: Mason Plumlee|Grass Knot|p2a: Ursaluna\n|-supereffective|p2a: Ursaluna\n|-damage|p2a: Ursaluna|0 fnt\n|faint|p2a: Ursaluna\n|\n|upkeep\n|\n|t:|1699232150\n|switch|p2a: Roaring Moon|Roaring Moon|100\/100\n|-status|p2a: Roaring Moon|tox\n|-enditem|p2a: Roaring Moon|Booster Energy\n|-activate|p2a: Roaring Moon|ability: Protosynthesis|[fromitem]\n|-start|p2a: Roaring Moon|protosynthesisatk\n|turn|12\n|\n|t:|1699232154\n|switch|p1a: Russel Westbrook|Alomomola, F|100\/100\n|move|p2a: Roaring Moon|Knock Off|p1a: Russel Westbrook\n|-damage|p1a: Russel Westbrook|61\/100\n|-damage|p2a: Roaring Moon|84\/100 tox|[from] item: Rocky Helmet|[of] p1a: Russel Westbrook\n|-enditem|p1a: Russel Westbrook|Rocky Helmet|[from] move: Knock Off|[of] p2a: Roaring Moon\n|\n|-damage|p2a: Roaring Moon|78\/100 tox|[from] psn\n|upkeep\n|turn|13\n|\n|t:|1699232161\n|move|p2a: Roaring Moon|Iron Head|p1a: Russel Westbrook\n|-resisted|p1a: Russel Westbrook\n|-damage|p1a: Russel Westbrook|50\/100\n|move|p1a: Russel Westbrook|Play Rough|p2a: Roaring Moon\n|-supereffective|p2a: Roaring Moon\n|-damage|p2a: Roaring Moon|0 fnt\n|faint|p2a: Roaring Moon\n|-end|p2a: Roaring Moon|Protosynthesis|[silent]\n|\n|upkeep\n|\n|t:|1699232166\n|switch|p2a: Dondozo|Dondozo, F|100\/100\n|-status|p2a: Dondozo|tox\n|turn|14\n|\n|t:|1699232169\n|move|p1a: Russel Westbrook|Flip Turn|p2a: Dondozo\n|-resisted|p2a: Dondozo\n|-damage|p2a: Dondozo|97\/100 tox\n|\n|t:|1699232175\n|switch|p1a: James Harden|Meowscarada, M|100\/100|[from] Flip Turn\n|move|p2a: Dondozo|Yawn|p1a: James Harden\n|-start|p1a: James Harden|move: Yawn|[of] p2a: Dondozo\n|\n|-heal|p2a: Dondozo|100\/100 tox|[from] item: Leftovers\n|-damage|p2a: Dondozo|94\/100 tox|[from] psn\n|upkeep\n|turn|15\n|\n|t:|1699232182\n|switch|p2a: Cresselia|Cresselia, F|53\/100\n|move|p1a: James Harden|U-turn|p2a: Cresselia\n|-start|p1a: James Harden|typechange|Bug|[from] ability: Protean\n|-supereffective|p2a: Cresselia\n|-damage|p2a: Cresselia|0 fnt\n|faint|p2a: Cresselia\n|\n|t:|1699232186\n|switch|p1a: Mason Plumlee|Azelf|100\/100|[from] U-turn\n|\n|upkeep\n|\n|t:|1699232187\n|switch|p2a: Dondozo|Dondozo, F|94\/100 tox\n|turn|16\n|\n|t:|1699232190\n|move|p1a: Mason Plumlee|Grass Knot|p2a: Dondozo\n|-supereffective|p2a: Dondozo\n|-damage|p2a: Dondozo|0 fnt\n|faint|p2a: Dondozo\n|\n|win|Kachowow\n|c|\u2606Kachowow|ggs\n|c|\u2606MissSandman|ggs\n|j| leyva45\n","uploadtime":1699232202,"views":10,"p1id":"kachowow","p2id":"misssandman","formatid":"gen9ubers","rating":0,"private":0,"password":""}