{"id":"gen9ubers-1983408298","p1":"F-00_MC","p2":"termofservice","format":"[Gen 9] Ubers","log":"|j|\u2606F-00_MC\n|j|\u2606termofservice\n|t:|1699126970\n|gametype|singles\n|player|p1|F-00_MC|hilbert|\n|player|p2|termofservice|cynthia-masters|\n|teamsize|p1|6\n|teamsize|p2|6\n|gen|9\n|tier|[Gen 9] Ubers\n|rule|Sleep Clause Mod: Limit one foe put to sleep\n|rule|Species Clause: Limit one of each Pok\u00e9mon\n|rule|OHKO Clause: OHKO moves are banned\n|rule|Evasion Items Clause: Evasion items are banned\n|rule|Evasion Moves Clause: Evasion moves are banned\n|rule|Endless Battle Clause: Forcing endless battles is banned\n|rule|HP Percentage Mod: HP is shown in percentages\n|clearpoke\n|poke|p1|Pelipper, M|\n|poke|p1|Palafin, M|\n|poke|p1|Basculegion-F, F|\n|poke|p1|Magearna|\n|poke|p1|Arceus-Poison|\n|poke|p1|Dialga|\n|poke|p2|Ninetales-Alola, F|\n|poke|p2|Frosmoth, M|\n|poke|p2|Sandslash-Alola, M|\n|poke|p2|Goodra-Hisui, M|\n|poke|p2|Arceus-Fire|\n|poke|p2|Palafin, M|\n|teampreview\n|inactive|Battle timer is ON: inactive players will automatically lose when time's up. (requested by F-00_MC)\n|\n|t:|1699126978\n|start\n|switch|p1a: Magearna|Magearna|100\/100\n|switch|p2a: Ninetales|Ninetales-Alola, F|100\/100\n|-weather|Snow|[from] ability: Snow Warning|[of] p2a: Ninetales\n|turn|1\n|\n|t:|1699126984\n|switch|p2a: Goodra|Goodra-Hisui, M|100\/100\n|move|p1a: Magearna|Thunder Wave|p2a: Goodra\n|-status|p2a: Goodra|par\n|\n|-weather|Snow|[upkeep]\n|upkeep\n|turn|2\n|\n|t:|1699126996\n|move|p1a: Magearna|Spikes|p2a: Goodra\n|-sidestart|p2: termofservice|Spikes\n|cant|p2a: Goodra|par\n|\n|-weather|Snow|[upkeep]\n|upkeep\n|turn|3\n|\n|t:|1699127001\n|move|p1a: Magearna|Volt Switch|p2a: Goodra\n|-resisted|p2a: Goodra\n|-damage|p2a: Goodra|96\/100 par\n|\n|t:|1699127011\n|switch|p1a: Palafin|Palafin, M|100\/100|[from] Volt Switch\n|cant|p2a: Goodra|par\n|\n|-weather|Snow|[upkeep]\n|upkeep\n|turn|4\n|\n|t:|1699127018\n|detailschange|p1a: Palafin|Palafin-Hero, M\n|switch|p1a: Pelipper|Pelipper, M|100\/100\n|-weather|RainDance|[from] ability: Drizzle|[of] p1a: Pelipper\n|move|p2a: Goodra|Draco Meteor|p1a: Pelipper\n|-crit|p1a: Pelipper\n|-damage|p1a: Pelipper|0 fnt\n|-unboost|p2a: Goodra|spa|2\n|faint|p1a: Pelipper\n|\n|-weather|RainDance|[upkeep]\n|upkeep\n|\n|t:|1699127029\n|switch|p1a: Palafin|Palafin-Hero, M|100\/100\n|-activate|p1a: Palafin|ability: Zero to Hero\n|turn|5\n|\n|t:|1699127053\n|switch|p2a: Palafin|Palafin, M|100\/100\n|-damage|p2a: Palafin|88\/100|[from] Spikes\n|-terastallize|p1a: Palafin|Water\n|move|p1a: Palafin|Jet Punch|p2a: Palafin\n|-resisted|p2a: Palafin\n|-damage|p2a: Palafin|10\/100\n|\n|-weather|RainDance|[upkeep]\n|upkeep\n|turn|6\n|\n|t:|1699127067\n|detailschange|p2a: Palafin|Palafin-Hero, M\n|switch|p2a: Goodra|Goodra-Hisui, M|96\/100 par\n|-damage|p2a: Goodra|84\/100 par|[from] Spikes\n|move|p1a: Palafin|Jet Punch|p2a: Goodra\n|-resisted|p2a: Goodra\n|-damage|p2a: Goodra|32\/100 par\n|\n|-weather|RainDance|[upkeep]\n|upkeep\n|turn|7\n|\n|t:|1699127072\n|move|p1a: Palafin|Jet Punch|p2a: Goodra\n|-resisted|p2a: Goodra\n|-damage|p2a: Goodra|0 fnt\n|faint|p2a: Goodra\n|\n|-weather|RainDance|[upkeep]\n|upkeep\n|\n|t:|1699127075\n|switch|p2a: Ninetales|Ninetales-Alola, F|100\/100\n|-damage|p2a: Ninetales|88\/100|[from] Spikes\n|-weather|Snow|[from] ability: Snow Warning|[of] p2a: Ninetales\n|turn|8\n|\n|t:|1699127077\n|move|p1a: Palafin|Jet Punch|p2a: Ninetales\n|-damage|p2a: Ninetales|8\/100\n|move|p2a: Ninetales|Aurora Veil|p2a: Ninetales\n|-sidestart|p2: termofservice|move: Aurora Veil\n|\n|-weather|Snow|[upkeep]\n|upkeep\n|turn|9\n|\n|t:|1699127082\n|switch|p2a: Arceus|Arceus-Fire|100\/100\n|-damage|p2a: Arceus|88\/100|[from] Spikes\n|move|p1a: Palafin|Jet Punch|p2a: Arceus\n|-supereffective|p2a: Arceus\n|-damage|p2a: Arceus|38\/100\n|\n|-weather|Snow|[upkeep]\n|upkeep\n|turn|10\n|\n|t:|1699127091\n|switch|p2a: Palafin|Palafin-Hero, M|10\/100\n|-damage|p2a: Palafin|0 fnt|[from] Spikes\n|faint|p2a: Palafin\n|move|p1a: Palafin|Jet Punch|p2: Palafin|[notarget]\n|-fail|p1a: Palafin\n|\n|-weather|Snow|[upkeep]\n|upkeep\n|\n|t:|1699127096\n|switch|p2a: Frosmoth|Frosmoth, M|100\/100\n|turn|11\n|\n|t:|1699127098\n|move|p1a: Palafin|Jet Punch|p2a: Frosmoth\n|-damage|p2a: Frosmoth|48\/100\n|move|p2a: Frosmoth|Giga Drain|p1a: Palafin\n|-supereffective|p1a: Palafin\n|-damage|p1a: Palafin|50\/100\n|-heal|p2a: Frosmoth|84\/100|[from] drain|[of] p1a: Palafin\n|\n|-weather|Snow|[upkeep]\n|upkeep\n|turn|12\n|\n|t:|1699127102\n|move|p1a: Palafin|Jet Punch|p2a: Frosmoth\n|-crit|p2a: Frosmoth\n|-damage|p2a: Frosmoth|0 fnt\n|faint|p2a: Frosmoth\n|\n|-weather|none\n|upkeep\n|c|\u2606termofservice|Wtf\n|\n|t:|1699127107\n|switch|p2a: Sandslash|Sandslash-Alola, M|100\/100\n|-damage|p2a: Sandslash|88\/100|[from] Spikes\n|turn|13\n|c|\u2606F-00_MC|ban palafin that's what i'm saying\n|c|\u2606F-00_MC|this is stupid\n|\n|t:|1699127117\n|move|p1a: Palafin|Jet Punch|p2a: Sandslash\n|-damage|p2a: Sandslash|45\/100\n|move|p2a: Sandslash|Earthquake|p1a: Palafin\n|-damage|p1a: Palafin|12\/100\n|\n|upkeep\n|turn|14\n|\n|t:|1699127124\n|move|p1a: Palafin|Jet Punch|p2a: Sandslash\n|-damage|p2a: Sandslash|3\/100\n|move|p2a: Sandslash|Earthquake|p1a: Palafin\n|-damage|p1a: Palafin|0 fnt\n|faint|p1a: Palafin\n|\n|upkeep\n|\n|t:|1699127144\n|switch|p1a: Dialga|Dialga|100\/100\n|-ability|p1a: Dialga|Pressure\n|turn|15\n|\n|t:|1699127149\n|move|p1a: Dialga|Stealth Rock|p2a: Sandslash\n|-sidestart|p2: termofservice|move: Stealth Rock\n|move|p2a: Sandslash|Earthquake|p1a: Dialga\n|-supereffective|p1a: Dialga\n|-damage|p1a: Dialga|36\/100\n|\n|-heal|p1a: Dialga|42\/100|[from] item: Leftovers\n|-sideend|p2: termofservice|move: Aurora Veil\n|upkeep\n|turn|16\n|\n|t:|1699127157\n|move|p2a: Sandslash|Earthquake|p1a: Dialga\n|-supereffective|p1a: Dialga\n|-damage|p1a: Dialga|0 fnt\n|faint|p1a: Dialga\n|\n|upkeep\n|c|\u2606termofservice|Nothing I can do anymore\n|c|\u2606termofservice|GG\n|\n|t:|1699127161\n|switch|p1a: Arceus|Arceus-Poison|100\/100\n|turn|17\n|\n|t:|1699127166\n|move|p1a: Arceus|Earth Power|p2a: Sandslash\n|-supereffective|p2a: Sandslash\n|-damage|p2a: Sandslash|0 fnt\n|faint|p2a: Sandslash\n|\n|upkeep\n|c|\u2606F-00_MC|gg\n|\n|t:|1699127170\n|switch|p2a: Arceus|Arceus-Fire|38\/100\n|-damage|p2a: Arceus|25\/100|[from] Spikes\n|-damage|p2a: Arceus|0 fnt|[from] Stealth Rock\n|faint|p2a: Arceus\n|\n|t:|1699127171\n|switch|p2a: Ninetales|Ninetales-Alola, F|8\/100\n|-damage|p2a: Ninetales|0 fnt|[from] Spikes\n|faint|p2a: Ninetales\n|\n|win|F-00_MC\n","uploadtime":1699127176,"views":19,"p1id":"f00mc","p2id":"termofservice","formatid":"gen9ubers","rating":0,"private":0,"password":""}