{"id":"gen9ubers-1976137217","p1":"shincrossfire","p2":"Nclarke","format":"[Gen 9] Ubers","log":"|j|\u2606shincrossfire\n|j|\u2606Nclarke\n|t:|1698266915\n|gametype|singles\n|player|p1|shincrossfire|lass|1045\n|player|p2|Nclarke|lance|1040\n|teamsize|p1|6\n|teamsize|p2|6\n|gen|9\n|tier|[Gen 9] Ubers\n|rated|\n|rule|Sleep Clause Mod: Limit one foe put to sleep\n|rule|Species Clause: Limit one of each Pok\u00e9mon\n|rule|OHKO Clause: OHKO moves are banned\n|rule|Evasion Items Clause: Evasion items are banned\n|rule|Evasion Moves Clause: Evasion moves are banned\n|rule|Endless Battle Clause: Forcing endless battles is banned\n|rule|HP Percentage Mod: HP is shown in percentages\n|clearpoke\n|poke|p1|Volcarona, F|\n|poke|p1|Corviknight, F|\n|poke|p1|Grimmsnarl, M|\n|poke|p1|Garchomp, F|\n|poke|p1|Rillaboom, F|\n|poke|p1|Sneasler, F|\n|poke|p2|Baxcalibur, M|\n|poke|p2|Eternatus|\n|poke|p2|Giratina-Origin|\n|poke|p2|Ursaluna-Bloodmoon, M|\n|poke|p2|Samurott-Hisui, M|\n|poke|p2|Eelektross, M|\n|teampreview\n|\n|t:|1698266923\n|start\n|switch|p1a: Grimmsnarl|Grimmsnarl, M|100\/100\n|switch|p2a: Ursaluna|Ursaluna-Bloodmoon, M|100\/100\n|turn|1\n|\n|t:|1698266934\n|move|p1a: Grimmsnarl|Light Screen|p1a: Grimmsnarl\n|-sidestart|p1: shincrossfire|move: Light Screen\n|move|p2a: Ursaluna|Blood Moon|p1a: Grimmsnarl\n|-damage|p1a: Grimmsnarl|76\/100\n|\n|upkeep\n|turn|2\n|\n|t:|1698266941\n|move|p1a: Grimmsnarl|Reflect|p1a: Grimmsnarl\n|-sidestart|p1: shincrossfire|Reflect\n|move|p2a: Ursaluna|Earth Power|p1a: Grimmsnarl\n|-damage|p1a: Grimmsnarl|61\/100\n|-unboost|p1a: Grimmsnarl|spd|1\n|\n|upkeep\n|turn|3\n|\n|t:|1698266956\n|switch|p1a: Corviknight|Corviknight, F|100\/100\n|-ability|p1a: Corviknight|Pressure\n|move|p2a: Ursaluna|Earth Power|p1a: Corviknight\n|-immune|p1a: Corviknight\n|\n|upkeep\n|turn|4\n|\n|t:|1698266964\n|move|p1a: Corviknight|U-turn|p2a: Ursaluna\n|-crit|p2a: Ursaluna\n|-damage|p2a: Ursaluna|88\/100\n|\n|t:|1698266975\n|switch|p1a: Volcarona|Volcarona, F|100\/100|[from] U-turn\n|move|p2a: Ursaluna|Earth Power|p1a: Volcarona\n|-damage|p1a: Volcarona|79\/100\n|\n|upkeep\n|turn|5\n|\n|t:|1698266982\n|move|p1a: Volcarona|Quiver Dance|p1a: Volcarona\n|-boost|p1a: Volcarona|spa|1\n|-boost|p1a: Volcarona|spd|1\n|-boost|p1a: Volcarona|spe|1\n|move|p2a: Ursaluna|Earth Power|p1a: Volcarona\n|-damage|p1a: Volcarona|66\/100\n|\n|upkeep\n|turn|6\n|\n|t:|1698266993\n|-terastallize|p2a: Ursaluna|Ground\n|move|p1a: Volcarona|Quiver Dance|p1a: Volcarona\n|-boost|p1a: Volcarona|spa|1\n|-boost|p1a: Volcarona|spd|1\n|-boost|p1a: Volcarona|spe|1\n|move|p2a: Ursaluna|Earthquake|p1a: Volcarona\n|-damage|p1a: Volcarona|49\/100\n|\n|upkeep\n|turn|7\n|\n|t:|1698267003\n|-terastallize|p1a: Volcarona|Water\n|move|p1a: Volcarona|Tera Blast|p2a: Ursaluna|[anim] Tera Blast Water\n|-supereffective|p2a: Ursaluna\n|-damage|p2a: Ursaluna|0 fnt\n|faint|p2a: Ursaluna\n|\n|upkeep\n|\n|t:|1698267013\n|switch|p2a: Giratina|Giratina-Origin|100\/100\n|turn|8\n|\n|t:|1698267025\n|move|p1a: Volcarona|Morning Sun|p1a: Volcarona\n|-heal|p1a: Volcarona|99\/100\n|move|p2a: Giratina|Draco Meteor|p1a: Volcarona\n|-damage|p1a: Volcarona|79\/100\n|-unboost|p2a: Giratina|spa|2\n|\n|-sideend|p1: shincrossfire|move: Light Screen\n|upkeep\n|turn|9\n|\n|t:|1698267034\n|move|p1a: Volcarona|Flamethrower|p2a: Giratina\n|-resisted|p2a: Giratina\n|-damage|p2a: Giratina|70\/100\n|move|p2a: Giratina|Dual Wingbeat|p1a: Volcarona\n|-crit|p1a: Volcarona\n|-damage|p1a: Volcarona|62\/100\n|-status|p2a: Giratina|brn|[from] ability: Flame Body|[of] p1a: Volcarona\n|-damage|p1a: Volcarona|59\/100\n|-hitcount|p1a: Volcarona|2\n|\n|-damage|p2a: Giratina|64\/100 brn|[from] brn\n|-sideend|p1: shincrossfire|Reflect\n|upkeep\n|turn|10\n|\n|t:|1698267047\n|move|p1a: Volcarona|Flamethrower|p2a: Giratina\n|-resisted|p2a: Giratina\n|-damage|p2a: Giratina|32\/100 brn\n|move|p2a: Giratina|Pain Split|p1a: Volcarona\n|-sethp|p1a: Volcarona|51\/100|[from] move: Pain Split|[silent]\n|-sethp|p2a: Giratina|38\/100 brn|[from] move: Pain Split\n|\n|-damage|p2a: Giratina|32\/100 brn|[from] brn\n|upkeep\n|turn|11\n|\n|t:|1698267056\n|move|p1a: Volcarona|Quiver Dance|p1a: Volcarona\n|-boost|p1a: Volcarona|spa|1\n|-boost|p1a: Volcarona|spd|1\n|-boost|p1a: Volcarona|spe|1\n|move|p2a: Giratina|Pain Split|p1a: Volcarona\n|-sethp|p1a: Volcarona|46\/100|[from] move: Pain Split|[silent]\n|-sethp|p2a: Giratina|35\/100 brn|[from] move: Pain Split\n|\n|-damage|p2a: Giratina|29\/100 brn|[from] brn\n|upkeep\n|turn|12\n|\n|t:|1698267070\n|move|p1a: Volcarona|Morning Sun|p1a: Volcarona\n|-heal|p1a: Volcarona|96\/100\n|move|p2a: Giratina|Giga Impact|p1a: Volcarona|[miss]\n|-miss|p2a: Giratina|p1a: Volcarona\n|\n|-damage|p2a: Giratina|23\/100 brn|[from] brn\n|upkeep\n|turn|13\n|\n|t:|1698267078\n|move|p1a: Volcarona|Flamethrower|p2a: Giratina\n|-resisted|p2a: Giratina\n|-damage|p2a: Giratina|0 fnt\n|faint|p2a: Giratina\n|\n|upkeep\n|\n|t:|1698267085\n|switch|p2a: Baxcalibur|Baxcalibur, M|100\/100\n|turn|14\n|\n|t:|1698267090\n|move|p1a: Volcarona|Flamethrower|p2a: Baxcalibur\n|-damage|p2a: Baxcalibur|0 fnt\n|faint|p2a: Baxcalibur\n|\n|upkeep\n|\n|t:|1698267095\n|switch|p2a: Eelektross|Eelektross, M|100\/100\n|turn|15\n|\n|t:|1698267099\n|move|p1a: Volcarona|Flamethrower|p2a: Eelektross\n|-damage|p2a: Eelektross|0 fnt\n|faint|p2a: Eelektross\n|\n|upkeep\n|\n|t:|1698267106\n|switch|p2a: Samurott|Samurott-Hisui, M|100\/100\n|turn|16\n|\n|t:|1698267110\n|move|p1a: Volcarona|Flamethrower|p2a: Samurott\n|-resisted|p2a: Samurott\n|-damage|p2a: Samurott|45\/100\n|move|p2a: Samurott|Aqua Cutter|p1a: Volcarona\n|-resisted|p1a: Volcarona\n|-damage|p1a: Volcarona|81\/100\n|\n|upkeep\n|turn|17\n|\n|t:|1698267119\n|move|p1a: Volcarona|Flamethrower|p2a: Samurott\n|-resisted|p2a: Samurott\n|-crit|p2a: Samurott\n|-damage|p2a: Samurott|0 fnt\n|faint|p2a: Samurott\n|\n|upkeep\n|\n|t:|1698267125\n|switch|p2a: Eternatus|Eternatus|100\/100\n|-ability|p2a: Eternatus|Pressure\n|turn|18\n|\n|t:|1698267129\n|move|p1a: Volcarona|Flamethrower|p2a: Eternatus\n|-resisted|p2a: Eternatus\n|-damage|p2a: Eternatus|62\/100\n|move|p2a: Eternatus|Dynamax Cannon|p1a: Volcarona\n|-crit|p1a: Volcarona\n|-damage|p1a: Volcarona|0 fnt\n|faint|p1a: Volcarona\n|\n|upkeep\n|\n|t:|1698267152\n|switch|p1a: Rillaboom|Rillaboom, F|100\/100\n|-fieldstart|move: Grassy Terrain|[from] ability: Grassy Surge|[of] p1a: Rillaboom\n|turn|19\n|\n|t:|1698267159\n|switch|p1a: Grimmsnarl|Grimmsnarl, M|61\/100\n|move|p2a: Eternatus|Sludge Bomb|p1a: Grimmsnarl\n|-supereffective|p1a: Grimmsnarl\n|-damage|p1a: Grimmsnarl|2\/100\n|\n|-heal|p2a: Eternatus|68\/100|[from] Grassy Terrain\n|-heal|p1a: Grimmsnarl|8\/100|[from] Grassy Terrain\n|upkeep\n|turn|20\n|\n|t:|1698267168\n|move|p1a: Grimmsnarl|Light Screen|p1a: Grimmsnarl\n|-sidestart|p1: shincrossfire|move: Light Screen\n|move|p2a: Eternatus|Sludge Bomb|p1a: Grimmsnarl\n|-supereffective|p1a: Grimmsnarl\n|-damage|p1a: Grimmsnarl|0 fnt\n|faint|p1a: Grimmsnarl\n|\n|-heal|p2a: Eternatus|74\/100|[from] Grassy Terrain\n|upkeep\n|\n|t:|1698267172\n|switch|p1a: Sneasler|Sneasler, F|100\/100\n|-enditem|p1a: Sneasler|Grassy Seed\n|-boost|p1a: Sneasler|def|1|[from] item: Grassy Seed\n|turn|21\n|\n|t:|1698267196\n|move|p1a: Sneasler|Swords Dance|p1a: Sneasler\n|-boost|p1a: Sneasler|atk|2\n|move|p2a: Eternatus|Sludge Bomb|p1a: Sneasler\n|-resisted|p1a: Sneasler\n|-damage|p1a: Sneasler|86\/100\n|\n|-heal|p1a: Sneasler|92\/100|[from] Grassy Terrain\n|-heal|p2a: Eternatus|80\/100|[from] Grassy Terrain\n|upkeep\n|turn|22\n|\n|t:|1698267207\n|move|p1a: Sneasler|Acrobatics|p2a: Eternatus\n|-damage|p2a: Eternatus|10\/100\n|move|p2a: Eternatus|Dynamax Cannon|p1a: Sneasler\n|-damage|p1a: Sneasler|50\/100\n|\n|-heal|p1a: Sneasler|56\/100|[from] Grassy Terrain\n|-heal|p2a: Eternatus|16\/100|[from] Grassy Terrain\n|upkeep\n|turn|23\n|\n|t:|1698267220\n|move|p1a: Sneasler|Dire Claw|p2a: Eternatus\n|-resisted|p2a: Eternatus\n|-damage|p2a: Eternatus|0 fnt\n|faint|p2a: Eternatus\n|\n|win|shincrossfire\n|raw|shincrossfire's rating: 1045 &rarr; <strong>1078<\/strong><br \/>(+33 for winning)\n|raw|Nclarke's rating: 1040 &rarr; <strong>1024<\/strong><br \/>(-16 for losing)\n|l|\u2606Nclarke\n","uploadtime":1698267243,"views":15,"p1id":"shincrossfire","p2id":"nclarke","formatid":"gen9ubers","rating":1024,"private":0,"password":""}