{"id":"gen9ubers-1968096999","p1":"Kinesquared","p2":"Hakurei Aquarius","format":"[Gen 9] Ubers","log":"|j|\u2606Kinesquared\n|j|\u2606Hakurei Aquarius\n|t:|1697383986\n|gametype|singles\n|player|p1|Kinesquared|scientist-gen4dp|\n|player|p2|Hakurei Aquarius|gloria|\n|teamsize|p1|6\n|teamsize|p2|6\n|gen|9\n|tier|[Gen 9] Ubers\n|rule|Sleep Clause Mod: Limit one foe put to sleep\n|rule|Species Clause: Limit one of each Pok\u00e9mon\n|rule|OHKO Clause: OHKO moves are banned\n|rule|Evasion Items Clause: Evasion items are banned\n|rule|Evasion Moves Clause: Evasion moves are banned\n|rule|Endless Battle Clause: Forcing endless battles is banned\n|rule|HP Percentage Mod: HP is shown in percentages\n|clearpoke\n|poke|p1|Rillaboom, F|\n|poke|p1|Dialga|\n|poke|p1|Palkia-Origin|\n|poke|p1|Arceus-Fire|\n|poke|p1|Spectrier|\n|poke|p1|Scizor, F|\n|poke|p2|Magearna|\n|poke|p2|Garchomp, F|\n|poke|p2|Chi-Yu|\n|poke|p2|Arceus-Grass|\n|poke|p2|Palkia-Origin|\n|poke|p2|Donphan, M|\n|teampreview\n|inactive|Battle timer is ON: inactive players will automatically lose when time's up. (requested by Kinesquared)\n|inactive|Hakurei Aquarius also wants the timer to be on.\n|c|\u2606Kinesquared|yo\n|c|\u2606Hakurei Aquarius|Hello\n|\n|t:|1697384000\n|start\n|switch|p1a: Rillaboom|Rillaboom, F|100\/100\n|switch|p2a: Magearna|Magearna|100\/100\n|-fieldstart|move: Grassy Terrain|[from] ability: Grassy Surge|[of] p1a: Rillaboom\n|turn|1\n|\n|t:|1697384007\n|move|p1a: Rillaboom|Knock Off|p2a: Magearna\n|-resisted|p2a: Magearna\n|-damage|p2a: Magearna|90\/100\n|-enditem|p2a: Magearna|Leftovers|[from] move: Knock Off|[of] p1a: Rillaboom\n|move|p2a: Magearna|Volt Switch|p1a: Rillaboom\n|-resisted|p1a: Rillaboom\n|-damage|p1a: Rillaboom|84\/100\n|\n|t:|1697384010\n|switch|p2a: Chi-Yu|Chi-Yu|100\/100|[from] Volt Switch\n|-ability|p2a: Chi-Yu|Beads of Ruin\n|\n|-heal|p1a: Rillaboom|90\/100|[from] Grassy Terrain\n|-heal|p1a: Rillaboom|97\/100|[from] item: Leftovers\n|upkeep\n|turn|2\n|\n|t:|1697384021\n|switch|p1a: Palkia|Palkia-Origin|100\/100\n|-ability|p1a: Palkia|Pressure\n|move|p2a: Chi-Yu|Flamethrower|p1a: Palkia\n|-resisted|p1a: Palkia\n|-damage|p1a: Palkia|86\/100\n|\n|-heal|p1a: Palkia|92\/100|[from] Grassy Terrain\n|upkeep\n|turn|3\n|\n|t:|1697384030\n|switch|p2a: Magearna|Magearna|90\/100\n|move|p1a: Palkia|Substitute|p1a: Palkia\n|-start|p1a: Palkia|Substitute\n|-damage|p1a: Palkia|67\/100\n|\n|-heal|p1a: Palkia|74\/100|[from] Grassy Terrain\n|-heal|p2a: Magearna|96\/100|[from] Grassy Terrain\n|upkeep\n|turn|4\n|c|\u2606Hakurei Aquarius|I just had a heart attack xD\n|c|\u2606Kinesquared|why?\n|\n|t:|1697384043\n|move|p1a: Palkia|Hydro Pump|p2a: Magearna\n|-damage|p2a: Magearna|29\/100\n|move|p2a: Magearna|Spikes|p1a: Palkia\n|-sidestart|p1: Kinesquared|Spikes\n|\n|-heal|p1a: Palkia|80\/100|[from] Grassy Terrain\n|-heal|p2a: Magearna|35\/100|[from] Grassy Terrain\n|upkeep\n|turn|5\n|c|\u2606Hakurei Aquarius|I\u2019ll explain later\n|c|\u2606Kinesquared|ok lol\n|\n|t:|1697384051\n|move|p1a: Palkia|Hydro Pump|p2a: Magearna\n|-damage|p2a: Magearna|0 fnt\n|faint|p2a: Magearna\n|\n|-heal|p1a: Palkia|86\/100|[from] Grassy Terrain\n|-fieldend|move: Grassy Terrain\n|upkeep\n|\n|t:|1697384053\n|switch|p2a: Donphan|Donphan, M|100\/100\n|turn|6\n|\n|t:|1697384059\n|move|p1a: Palkia|Spacial Rend|p2a: Donphan\n|-damage|p2a: Donphan|14\/100\n|move|p2a: Donphan|Earthquake|p1a: Palkia\n|-end|p1a: Palkia|Substitute\n|\n|upkeep\n|turn|7\n|\n|t:|1697384065\n|move|p1a: Palkia|Spacial Rend|p2a: Donphan\n|-damage|p2a: Donphan|0 fnt\n|faint|p2a: Donphan\n|\n|upkeep\n|\n|t:|1697384074\n|switch|p2a: Garchomp|Garchomp, F|100\/100\n|turn|8\n|\n|t:|1697384079\n|-terastallize|p2a: Garchomp|Steel\n|move|p1a: Palkia|Spacial Rend|p2a: Garchomp\n|-resisted|p2a: Garchomp\n|-damage|p2a: Garchomp|60\/100\n|move|p2a: Garchomp|Scale Shot|p1a: Palkia\n|-supereffective|p1a: Palkia\n|-damage|p1a: Palkia|58\/100\n|-supereffective|p1a: Palkia\n|-damage|p1a: Palkia|28\/100\n|-supereffective|p1a: Palkia\n|-damage|p1a: Palkia|0 fnt\n|faint|p1a: Palkia\n|-hitcount|p1: Palkia|3\n|-unboost|p2a: Garchomp|def|1\n|-boost|p2a: Garchomp|spe|1\n|\n|upkeep\n|\n|t:|1697384092\n|switch|p1a: Rillaboom|Rillaboom, F|97\/100\n|-damage|p1a: Rillaboom|84\/100|[from] Spikes\n|-fieldstart|move: Grassy Terrain|[from] ability: Grassy Surge|[of] p1a: Rillaboom\n|turn|9\n|\n|t:|1697384101\n|switch|p2a: Chi-Yu|Chi-Yu|100\/100\n|-ability|p2a: Chi-Yu|Beads of Ruin\n|move|p1a: Rillaboom|U-turn|p2a: Chi-Yu\n|-damage|p2a: Chi-Yu|67\/100\n|\n|t:|1697384109\n|switch|p1a: Arceus|Arceus-Fire|100\/100|[from] U-turn\n|-damage|p1a: Arceus|88\/100|[from] Spikes\n|\n|-heal|p2a: Chi-Yu|73\/100|[from] Grassy Terrain\n|-heal|p1a: Arceus|94\/100|[from] Grassy Terrain\n|upkeep\n|turn|10\n|\n|t:|1697384123\n|switch|p2a: Palkia|Palkia-Origin|100\/100\n|-ability|p2a: Palkia|Pressure\n|move|p1a: Arceus|Dragon Dance|p1a: Arceus\n|-boost|p1a: Arceus|atk|1\n|-boost|p1a: Arceus|spe|1\n|\n|-heal|p1a: Arceus|99\/100|[from] Grassy Terrain\n|upkeep\n|turn|11\n|\n|t:|1697384135\n|-terastallize|p1a: Arceus|Normal\n|move|p1a: Arceus|Extreme Speed|p2a: Palkia\n|-damage|p2a: Palkia|28\/100\n|move|p2a: Palkia|Hydro Pump|p1a: Arceus\n|-damage|p1a: Arceus|39\/100\n|\n|-heal|p1a: Arceus|45\/100|[from] Grassy Terrain\n|-heal|p2a: Palkia|35\/100|[from] Grassy Terrain\n|upkeep\n|turn|12\n|\n|t:|1697384144\n|move|p1a: Arceus|Extreme Speed|p2a: Palkia\n|-damage|p2a: Palkia|0 fnt\n|faint|p2a: Palkia\n|\n|-heal|p1a: Arceus|51\/100|[from] Grassy Terrain\n|upkeep\n|\n|t:|1697384147\n|switch|p2a: Garchomp|Garchomp, F, tera:Steel|60\/100\n|turn|13\n|\n|t:|1697384152\n|move|p1a: Arceus|Flare Blitz|p2a: Garchomp\n|-supereffective|p2a: Garchomp\n|-damage|p2a: Garchomp|0 fnt\n|-damage|p1a: Arceus|39\/100|[from] ability: Rough Skin|[of] p2a: Garchomp\n|faint|p2a: Garchomp\n|-damage|p1a: Arceus|20\/100|[from] Recoil\n|\n|-heal|p1a: Arceus|26\/100|[from] Grassy Terrain\n|-fieldend|move: Grassy Terrain\n|upkeep\n|\n|t:|1697384155\n|switch|p2a: Chi-Yu|Chi-Yu|73\/100\n|-ability|p2a: Chi-Yu|Beads of Ruin\n|turn|14\n|\n|t:|1697384163\n|move|p1a: Arceus|Extreme Speed|p2a: Chi-Yu\n|-damage|p2a: Chi-Yu|0 fnt\n|faint|p2a: Chi-Yu\n|\n|upkeep\n|c|\u2606Hakurei Aquarius|This\u2019ll be real interesting if I win\n|\n|t:|1697384171\n|switch|p2a: Arceus|Arceus-Grass|100\/100\n|turn|15\n|c|\u2606Kinesquared|all depends on ur arceus set\n|c|\u2606Kinesquared|if u have espeed you might be able to pick me off\n|c|\u2606Kinesquared|and then you could set up\n|c|\u2606Kinesquared|i can't roar you out anymore\n|c|\u2606Hakurei Aquarius|It aint the right one xD\n|\n|t:|1697384199\n|move|p1a: Arceus|Flare Blitz|p2a: Arceus\n|-supereffective|p2a: Arceus\n|-damage|p2a: Arceus|0 fnt\n|faint|p2a: Arceus\n|-damage|p1a: Arceus|0 fnt|[from] Recoil\n|faint|p1a: Arceus\n|\n|win|Kinesquared\n|c|\u2606Kinesquared|oof\n|c|\u2606Hakurei Aquarius|Gg\n|c|\u2606Kinesquared|ggs tho\n|c|\u2606Hakurei Aquarius|rematch?\n|c|\u2606Kinesquared|just accepted someone else sorry\n|c|\u2606Hakurei Aquarius|Its alr\n","uploadtime":1697384229,"views":21,"p1id":"kinesquared","p2id":"hakureiaquarius","formatid":"gen9ubers","rating":0,"private":0,"password":""}