{"id":"gen9ubers-1983560997","p1":"AubreyOmori1","p2":"ThePlumber7","format":"[Gen 9] Ubers","log":"|j|\u2606AubreyOmori1\n|j|\u2606ThePlumber7\n|t:|1699143545\n|gametype|singles\n|player|p1|AubreyOmori1|roxie|1363\n|player|p2|ThePlumber7|pokemonranger-gen4|1415\n|teamsize|p1|6\n|teamsize|p2|6\n|gen|9\n|tier|[Gen 9] Ubers\n|rated|\n|rule|Sleep Clause Mod: Limit one foe put to sleep\n|rule|Species Clause: Limit one of each Pok\u00e9mon\n|rule|OHKO Clause: OHKO moves are banned\n|rule|Evasion Items Clause: Evasion items are banned\n|rule|Evasion Moves Clause: Evasion moves are banned\n|rule|Endless Battle Clause: Forcing endless battles is banned\n|rule|HP Percentage Mod: HP is shown in percentages\n|clearpoke\n|poke|p1|Ribombee, F|\n|poke|p1|Arceus|\n|poke|p1|Miraidon|\n|poke|p1|Zacian-*|\n|poke|p1|Koraidon|\n|poke|p1|Flutter Mane|\n|poke|p2|Zacian-*|\n|poke|p2|Skeledirge, M|\n|poke|p2|Arceus-Fairy|\n|poke|p2|Ursaluna-Bloodmoon, M|\n|poke|p2|Iron Valiant|\n|poke|p2|Grafaiai, M|\n|teampreview\n|c|\u2606ThePlumber7|gl hf\n|inactive|Battle timer is ON: inactive players will automatically lose when time's up. (requested by AubreyOmori1)\n|\n|t:|1699143562\n|start\n|switch|p1a: Needle|Ribombee, F, shiny|100\/100\n|switch|p2a: Zacian|Zacian-Crowned|100\/100\n|-ability|p2a: Zacian|Intrepid Sword|boost\n|-boost|p2a: Zacian|atk|1\n|turn|1\n|\n|t:|1699143574\n|move|p2a: Zacian|Behemoth Blade|p1a: Needle\n|-supereffective|p1a: Needle\n|-enditem|p1a: Needle|Focus Sash\n|-damage|p1a: Needle|1\/100\n|move|p1a: Needle|Sticky Web|p2a: Zacian\n|-sidestart|p2: ThePlumber7|move: Sticky Web\n|\n|upkeep\n|turn|2\n|\n|t:|1699143577\n|move|p2a: Zacian|Behemoth Blade|p1a: Needle\n|-supereffective|p1a: Needle\n|-damage|p1a: Needle|0 fnt\n|faint|p1a: Needle\n|\n|upkeep\n|\n|t:|1699143584\n|switch|p1a: Hero|Zacian-Crowned, shiny|100\/100\n|-ability|p1a: Hero|Intrepid Sword|boost\n|-boost|p1a: Hero|atk|1\n|turn|3\n|\n|t:|1699143593\n|move|p2a: Zacian|Behemoth Blade|p1a: Hero\n|-damage|p1a: Hero|16\/100\n|move|p1a: Hero|Swords Dance|p1a: Hero\n|-boost|p1a: Hero|atk|2\n|\n|upkeep\n|turn|4\n|\n|t:|1699143601\n|move|p1a: Hero|Behemoth Blade|p2a: Zacian\n|-damage|p2a: Zacian|0 fnt\n|faint|p2a: Zacian\n|\n|upkeep\n|\n|t:|1699143604\n|switch|p2a: Skeledirge|Skeledirge, M|100\/100\n|-activate|p2a: Skeledirge|move: Sticky Web\n|-unboost|p2a: Skeledirge|spe|1\n|turn|5\n|\n|t:|1699143608\n|move|p1a: Hero|Behemoth Blade|p2a: Skeledirge\n|-resisted|p2a: Skeledirge\n|-damage|p2a: Skeledirge|76\/100\n|move|p2a: Skeledirge|Will-O-Wisp|p1a: Hero\n|-status|p1a: Hero|brn\n|\n|-heal|p2a: Skeledirge|82\/100|[from] item: Leftovers\n|-damage|p1a: Hero|9\/100 brn|[from] brn\n|upkeep\n|turn|6\n|\n|t:|1699143616\n|move|p1a: Hero|Behemoth Blade|p2a: Skeledirge\n|-resisted|p2a: Skeledirge\n|-damage|p2a: Skeledirge|71\/100\n|move|p2a: Skeledirge|Slack Off|p2a: Skeledirge\n|-heal|p2a: Skeledirge|100\/100\n|\n|-damage|p1a: Hero|3\/100 brn|[from] brn\n|upkeep\n|turn|7\n|\n|t:|1699143622\n|move|p1a: Hero|Wild Charge|p2a: Skeledirge\n|-damage|p2a: Skeledirge|86\/100\n|-damage|p1a: Hero|0 fnt|[from] Recoil\n|faint|p1a: Hero\n|move|p2a: Skeledirge|Torch Song|p1: Hero|[notarget]\n|-fail|p2a: Skeledirge\n|\n|-heal|p2a: Skeledirge|92\/100|[from] item: Leftovers\n|upkeep\n|\n|t:|1699143625\n|switch|p1a: Robot Flower|Miraidon|100\/100\n|-fieldstart|move: Electric Terrain|[from] ability: Hadron Engine|[of] p1a: Robot Flower\n|turn|8\n|\n|t:|1699143634\n|switch|p2a: Ursaluna|Ursaluna-Bloodmoon, M|100\/100\n|-activate|p2a: Ursaluna|move: Sticky Web\n|-unboost|p2a: Ursaluna|spe|1\n|move|p1a: Robot Flower|Taunt|p2a: Ursaluna\n|-start|p2a: Ursaluna|move: Taunt\n|\n|upkeep\n|turn|9\n|\n|t:|1699143640\n|move|p1a: Robot Flower|Draco Meteor|p2a: Ursaluna\n|-damage|p2a: Ursaluna|0 fnt\n|-unboost|p1a: Robot Flower|spa|2\n|faint|p2a: Ursaluna\n|-damage|p1a: Robot Flower|91\/100|[from] item: Life Orb\n|\n|upkeep\n|\n|t:|1699143648\n|switch|p2a: Iron Valiant|Iron Valiant|100\/100\n|-activate|p2a: Iron Valiant|move: Sticky Web\n|-unboost|p2a: Iron Valiant|spe|1\n|-activate|p2a: Iron Valiant|ability: Quark Drive\n|-start|p2a: Iron Valiant|quarkdriveatk\n|turn|10\n|\n|t:|1699143664\n|move|p1a: Robot Flower|Electro Drift|p2a: Iron Valiant\n|-damage|p2a: Iron Valiant|0 fnt\n|faint|p2a: Iron Valiant\n|-end|p2a: Iron Valiant|Quark Drive|[silent]\n|-damage|p1a: Robot Flower|81\/100|[from] item: Life Orb\n|\n|upkeep\n|\n|t:|1699143669\n|switch|p2a: Grafaiai|Grafaiai, M|100\/100\n|-activate|p2a: Grafaiai|move: Sticky Web\n|-unboost|p2a: Grafaiai|spe|1\n|turn|11\n|\n|t:|1699143674\n|move|p2a: Grafaiai|Substitute|p2a: Grafaiai\n|-start|p2a: Grafaiai|Substitute\n|-damage|p2a: Grafaiai|76\/100\n|move|p1a: Robot Flower|Electro Drift|p2a: Grafaiai\n|-end|p2a: Grafaiai|Substitute\n|-damage|p1a: Robot Flower|71\/100|[from] item: Life Orb\n|\n|-heal|p2a: Grafaiai|82\/100|[from] item: Leftovers\n|upkeep\n|turn|12\n|\n|t:|1699143677\n|move|p2a: Grafaiai|Protect|p2a: Grafaiai\n|-singleturn|p2a: Grafaiai|Protect\n|move|p1a: Robot Flower|Taunt|p2a: Grafaiai\n|-activate|p2a: Grafaiai|move: Protect\n|\n|-heal|p2a: Grafaiai|88\/100|[from] item: Leftovers\n|-fieldend|move: Electric Terrain\n|upkeep\n|turn|13\n|\n|t:|1699143685\n|move|p2a: Grafaiai|Substitute|p2a: Grafaiai\n|-start|p2a: Grafaiai|Substitute\n|-damage|p2a: Grafaiai|63\/100\n|move|p1a: Robot Flower|Taunt|p2a: Grafaiai\n|-start|p2a: Grafaiai|move: Taunt\n|\n|-heal|p2a: Grafaiai|69\/100|[from] item: Leftovers\n|upkeep\n|turn|14\n|\n|t:|1699143687\n|move|p1a: Robot Flower|Electro Drift|p2a: Grafaiai\n|-end|p2a: Grafaiai|Substitute\n|-damage|p1a: Robot Flower|61\/100|[from] item: Life Orb\n|-activate|p2a: Grafaiai|move: Struggle\n|move|p2a: Grafaiai|Struggle|p1a: Robot Flower\n|-damage|p1a: Robot Flower|52\/100\n|-damage|p2a: Grafaiai|44\/100|[from] recoil\n|\n|-heal|p2a: Grafaiai|50\/100|[from] item: Leftovers\n|upkeep\n|turn|15\n|\n|t:|1699143693\n|switch|p2a: Skeledirge|Skeledirge, M|92\/100\n|-activate|p2a: Skeledirge|move: Sticky Web\n|-unboost|p2a: Skeledirge|spe|1\n|move|p1a: Robot Flower|Electro Drift|p2a: Skeledirge\n|-damage|p2a: Skeledirge|45\/100\n|-damage|p1a: Robot Flower|42\/100|[from] item: Life Orb\n|\n|-heal|p2a: Skeledirge|51\/100|[from] item: Leftovers\n|upkeep\n|turn|16\n|\n|t:|1699143699\n|move|p1a: Robot Flower|Taunt|p2a: Skeledirge\n|-start|p2a: Skeledirge|move: Taunt\n|cant|p2a: Skeledirge|move: Taunt|Slack Off\n|\n|-heal|p2a: Skeledirge|57\/100|[from] item: Leftovers\n|upkeep\n|turn|17\n|\n|t:|1699143704\n|move|p1a: Robot Flower|Calm Mind|p1a: Robot Flower\n|-boost|p1a: Robot Flower|spa|1\n|-boost|p1a: Robot Flower|spd|1\n|move|p2a: Skeledirge|Torch Song|p1a: Robot Flower\n|-resisted|p1a: Robot Flower\n|-damage|p1a: Robot Flower|28\/100\n|-boost|p2a: Skeledirge|spa|1\n|\n|-heal|p2a: Skeledirge|63\/100|[from] item: Leftovers\n|upkeep\n|turn|18\n|\n|t:|1699143710\n|switch|p2a: Arceus|Arceus-Fairy|100\/100\n|-activate|p2a: Arceus|move: Sticky Web\n|-unboost|p2a: Arceus|spe|1\n|move|p1a: Robot Flower|Electro Drift|p2a: Arceus\n|-damage|p2a: Arceus|72\/100\n|-damage|p1a: Robot Flower|18\/100|[from] item: Life Orb\n|\n|upkeep\n|turn|19\n|\n|t:|1699143716\n|switch|p2a: Grafaiai|Grafaiai, M|50\/100\n|-activate|p2a: Grafaiai|move: Sticky Web\n|-unboost|p2a: Grafaiai|spe|1\n|move|p1a: Robot Flower|Taunt|p2a: Grafaiai\n|-start|p2a: Grafaiai|move: Taunt\n|\n|-heal|p2a: Grafaiai|56\/100|[from] item: Leftovers\n|upkeep\n|turn|20\n|c|\u2606ThePlumber7|I misclicked.\n|\n|t:|1699143734\n|move|p1a: Robot Flower|Electro Drift|p2a: Grafaiai\n|-damage|p2a: Grafaiai|11\/100\n|-damage|p1a: Robot Flower|8\/100|[from] item: Life Orb\n|-activate|p2a: Grafaiai|move: Struggle\n|move|p2a: Grafaiai|Struggle|p1a: Robot Flower\n|-damage|p1a: Robot Flower|0 fnt\n|faint|p1a: Robot Flower\n|-damage|p2a: Grafaiai|0 fnt|[from] recoil\n|faint|p2a: Grafaiai\n|\n|upkeep\n|\n|t:|1699143742\n|switch|p1a: Yoshi|Koraidon|100\/100\n|switch|p2a: Arceus|Arceus-Fairy|72\/100\n|-weather|SunnyDay|[from] ability: Orichalcum Pulse|[of] p1a: Yoshi\n|-activate|p1a: Yoshi|Orichalcum Pulse|[source]\n|-activate|p2a: Arceus|move: Sticky Web\n|-unboost|p2a: Arceus|spe|1\n|turn|21\n|\n|t:|1699143749\n|-terastallize|p1a: Yoshi|Ghost\n|move|p1a: Yoshi|Swords Dance|p1a: Yoshi\n|-boost|p1a: Yoshi|atk|2\n|move|p2a: Arceus|Recover|p2a: Arceus\n|-heal|p2a: Arceus|100\/100\n|\n|-weather|SunnyDay|[upkeep]\n|upkeep\n|turn|22\n|\n|t:|1699143754\n|switch|p2a: Skeledirge|Skeledirge, M|63\/100\n|-activate|p2a: Skeledirge|move: Sticky Web\n|-unboost|p2a: Skeledirge|spe|1\n|move|p1a: Yoshi|Flare Blitz|p2a: Skeledirge\n|-resisted|p2a: Skeledirge\n|-damage|p2a: Skeledirge|30\/100\n|-damage|p1a: Yoshi|87\/100|[from] Recoil\n|\n|-weather|SunnyDay|[upkeep]\n|-heal|p2a: Skeledirge|36\/100|[from] item: Leftovers\n|upkeep\n|turn|23\n|\n|t:|1699143758\n|move|p1a: Yoshi|Scale Shot|p2a: Skeledirge\n|-damage|p2a: Skeledirge|22\/100\n|-damage|p2a: Skeledirge|6\/100\n|-damage|p2a: Skeledirge|0 fnt\n|faint|p2a: Skeledirge\n|-hitcount|p2: Skeledirge|3\n|-unboost|p1a: Yoshi|def|1\n|-boost|p1a: Yoshi|spe|1\n|\n|-weather|SunnyDay|[upkeep]\n|upkeep\n|\n|t:|1699143760\n|switch|p2a: Arceus|Arceus-Fairy|100\/100\n|-activate|p2a: Arceus|move: Sticky Web\n|-unboost|p2a: Arceus|spe|1\n|turn|24\n|\n|t:|1699143765\n|move|p1a: Yoshi|Flare Blitz|p2a: Arceus\n|-damage|p2a: Arceus|0 fnt\n|faint|p2a: Arceus\n|-damage|p1a: Yoshi|47\/100|[from] Recoil\n|\n|win|AubreyOmori1\n|raw|AubreyOmori1's rating: 1363 &rarr; <strong>1386<\/strong><br \/>(+23 for winning)\n|raw|ThePlumber7's rating: 1415 &rarr; <strong>1392<\/strong><br \/>(-23 for losing)\n|l|\u2606ThePlumber7\n|c|\u2606AubreyOmori1|gg\n","uploadtime":1699143772,"views":11,"p1id":"aubreyomori1","p2id":"theplumber7","formatid":"gen9ubers","rating":1386,"private":0,"password":""}