{"id":"gen9ubers-1998381935","p1":"serenaxsylveon","p2":"CookieVKS","format":"[Gen 9] Ubers","log":"|j|\u2606serenaxsylveon\n|j|\u2606CookieVKS\n|t:|1700936028\n|gametype|singles\n|player|p1|serenaxsylveon|265|1000\n|player|p2|CookieVKS|102|1101\n|teamsize|p1|6\n|teamsize|p2|6\n|gen|9\n|tier|[Gen 9] Ubers\n|rated|\n|rule|Sleep Clause Mod: Limit one foe put to sleep\n|rule|Species Clause: Limit one of each Pok\u00e9mon\n|rule|OHKO Clause: OHKO moves are banned\n|rule|Evasion Items Clause: Evasion items are banned\n|rule|Evasion Moves Clause: Evasion moves are banned\n|rule|Endless Battle Clause: Forcing endless battles is banned\n|rule|HP Percentage Mod: HP is shown in percentages\n|clearpoke\n|poke|p1|Zacian-*|\n|poke|p1|Miraidon|\n|poke|p1|Kyogre|\n|poke|p1|Skeledirge, M|\n|poke|p1|Arceus-Fire|\n|poke|p1|Zapdos-Galar|\n|poke|p2|Shaymin|\n|poke|p2|Miraidon|\n|poke|p2|Iron Hands|\n|poke|p2|Glimmora, F|\n|poke|p2|Palafin, F|\n|poke|p2|Gliscor, M|\n|teampreview\n|inactive|Battle timer is ON: inactive players will automatically lose when time's up. (requested by serenaxsylveon)\n|\n|t:|1700936047\n|start\n|switch|p1a: Arceus|Arceus-Fire|100\/100\n|switch|p2a: Gliscor|Gliscor, M, shiny|100\/100\n|turn|1\n|\n|t:|1700936058\n|move|p1a: Arceus|Stealth Rock|p2a: Gliscor\n|-sidestart|p2: CookieVKS|move: Stealth Rock\n|move|p2a: Gliscor|Spikes|p1a: Arceus\n|-sidestart|p1: serenaxsylveon|Spikes\n|\n|-status|p2a: Gliscor|tox|[from] item: Toxic Orb\n|upkeep\n|turn|2\n|\n|t:|1700936077\n|switch|p1a: Miraidon|Miraidon|100\/100\n|-damage|p1a: Miraidon|88\/100|[from] Spikes\n|-fieldstart|move: Electric Terrain|[from] ability: Hadron Engine|[of] p1a: Miraidon\n|move|p2a: Gliscor|U-turn|p1a: Miraidon\n|-damage|p1a: Miraidon|72\/100\n|\n|t:|1700936091\n|switch|p2a: Glimmora|Glimmora, F, shiny|100\/100|[from] U-turn\n|-damage|p2a: Glimmora|88\/100|[from] Stealth Rock\n|\n|-heal|p2a: Glimmora|94\/100|[from] item: Black Sludge\n|upkeep\n|turn|3\n|\n|t:|1700936100\n|move|p2a: Glimmora|Spiky Shield|p2a: Glimmora\n|-singleturn|p2a: Glimmora|move: Protect\n|move|p1a: Miraidon|Taunt|p2a: Glimmora\n|-activate|p2a: Glimmora|move: Protect\n|\n|-heal|p2a: Glimmora|100\/100|[from] item: Black Sludge\n|upkeep\n|turn|4\n|\n|t:|1700936109\n|move|p1a: Miraidon|Electro Drift|p2a: Glimmora\n|-damage|p2a: Glimmora|0 fnt\n|faint|p2a: Glimmora\n|-damage|p1a: Miraidon|62\/100|[from] item: Life Orb\n|\n|upkeep\n|\n|t:|1700936123\n|switch|p2a: Gliscor|Gliscor, M, shiny|100\/100 tox\n|-damage|p2a: Gliscor|88\/100 tox|[from] Stealth Rock\n|turn|5\n|\n|t:|1700936137\n|move|p1a: Miraidon|Draco Meteor|p2a: Gliscor\n|-damage|p2a: Gliscor|0 fnt\n|-unboost|p1a: Miraidon|spa|2\n|faint|p2a: Gliscor\n|-damage|p1a: Miraidon|52\/100|[from] item: Life Orb\n|\n|upkeep\n|\n|t:|1700936145\n|switch|p2a: Shaymin|Shaymin, shiny|100\/100\n|-damage|p2a: Shaymin|88\/100|[from] Stealth Rock\n|turn|6\n|\n|t:|1700936157\n|-terastallize|p2a: Shaymin|Fairy\n|move|p1a: Miraidon|Taunt|p2a: Shaymin\n|-start|p2a: Shaymin|move: Taunt\n|cant|p2a: Shaymin|move: Taunt|Tailwind\n|\n|-heal|p2a: Shaymin|94\/100|[from] item: Leftovers\n|-fieldend|move: Electric Terrain\n|upkeep\n|turn|7\n|\n|t:|1700936169\n|move|p1a: Miraidon|Volt Switch|p2a: Shaymin\n|-damage|p2a: Shaymin|75\/100\n|-damage|p1a: Miraidon|42\/100|[from] item: Life Orb\n|\n|t:|1700936191\n|switch|p1a: Skeledirge|Skeledirge, M|100\/100|[from] Volt Switch\n|-damage|p1a: Skeledirge|88\/100|[from] Spikes\n|move|p2a: Shaymin|Earth Power|p1a: Skeledirge\n|-supereffective|p1a: Skeledirge\n|-damage|p1a: Skeledirge|57\/100\n|-unboost|p1a: Skeledirge|spd|1\n|\n|-heal|p2a: Shaymin|81\/100|[from] item: Leftovers\n|-heal|p1a: Skeledirge|63\/100|[from] item: Leftovers\n|upkeep\n|turn|8\n|\n|t:|1700936203\n|move|p2a: Shaymin|Earth Power|p1a: Skeledirge\n|-supereffective|p1a: Skeledirge\n|-damage|p1a: Skeledirge|12\/100\n|-unboost|p1a: Skeledirge|spd|1\n|move|p1a: Skeledirge|Yawn|p2a: Shaymin\n|-start|p2a: Shaymin|move: Yawn|[of] p1a: Skeledirge\n|\n|-heal|p2a: Shaymin|87\/100|[from] item: Leftovers\n|-heal|p1a: Skeledirge|18\/100|[from] item: Leftovers\n|-end|p2a: Shaymin|move: Taunt\n|upkeep\n|turn|9\n|\n|t:|1700936215\n|switch|p2a: Palafin|Palafin, F|100\/100\n|-damage|p2a: Palafin|88\/100|[from] Stealth Rock\n|move|p1a: Skeledirge|Yawn|p2a: Palafin\n|-start|p2a: Palafin|move: Yawn|[of] p1a: Skeledirge\n|\n|-heal|p1a: Skeledirge|24\/100|[from] item: Leftovers\n|upkeep\n|turn|10\n|\n|t:|1700936229\n|move|p2a: Palafin|Flip Turn|p1a: Skeledirge\n|-supereffective|p1a: Skeledirge\n|-damage|p1a: Skeledirge|0 fnt\n|faint|p1a: Skeledirge\n|\n|t:|1700936238\n|detailschange|p2a: Palafin|Palafin-Hero, F\n|switch|p2a: Shaymin|Shaymin, shiny, tera:Fairy|87\/100|[from] Flip Turn\n|-damage|p2a: Shaymin|75\/100|[from] Stealth Rock\n|\n|-heal|p2a: Shaymin|81\/100|[from] item: Leftovers\n|upkeep\n|inactive|serenaxsylveon has 120 seconds left.\n|\n|t:|1700936263\n|switch|p1a: Miraidon|Miraidon|42\/100\n|-damage|p1a: Miraidon|30\/100|[from] Spikes\n|-fieldstart|move: Electric Terrain|[from] ability: Hadron Engine|[of] p1a: Miraidon\n|turn|11\n|\n|t:|1700936269\n|move|p1a: Miraidon|Taunt|p2a: Shaymin\n|-start|p2a: Shaymin|move: Taunt\n|cant|p2a: Shaymin|move: Taunt|Tailwind\n|\n|-heal|p2a: Shaymin|87\/100|[from] item: Leftovers\n|upkeep\n|turn|12\n|\n|t:|1700936276\n|move|p1a: Miraidon|Electro Drift|p2a: Shaymin\n|-damage|p2a: Shaymin|3\/100\n|-damage|p1a: Miraidon|20\/100|[from] item: Life Orb\n|move|p2a: Shaymin|Earth Power|p1a: Miraidon\n|-supereffective|p1a: Miraidon\n|-damage|p1a: Miraidon|0 fnt\n|faint|p1a: Miraidon\n|\n|-heal|p2a: Shaymin|9\/100|[from] item: Leftovers\n|upkeep\n|inactive|serenaxsylveon has 120 seconds left.\n|\n|t:|1700936297\n|switch|p1a: Zacian|Zacian-Crowned|100\/100\n|-damage|p1a: Zacian|88\/100|[from] Spikes\n|-ability|p1a: Zacian|Intrepid Sword|boost\n|-boost|p1a: Zacian|atk|1\n|turn|13\n|inactive|serenaxsylveon has 120 seconds left.\n|\n|t:|1700936305\n|move|p1a: Zacian|Behemoth Blade|p2a: Shaymin\n|-supereffective|p2a: Shaymin\n|-damage|p2a: Shaymin|0 fnt\n|faint|p2a: Shaymin\n|\n|upkeep\n|\n|t:|1700936317\n|switch|p2a: Miraidon|Miraidon|100\/100\n|-damage|p2a: Miraidon|88\/100|[from] Stealth Rock\n|-activate|p2a: Miraidon|ability: Hadron Engine\n|turn|14\n|\n|t:|1700936326\n|move|p2a: Miraidon|Overheat|p1a: Zacian\n|-supereffective|p1a: Zacian\n|-damage|p1a: Zacian|0 fnt\n|-unboost|p2a: Miraidon|spa|2\n|faint|p1a: Zacian\n|\n|upkeep\n|inactive|serenaxsylveon has 120 seconds left.\n|\n|t:|1700936367\n|switch|p1a: Kyogre|Kyogre|100\/100\n|-damage|p1a: Kyogre|88\/100|[from] Spikes\n|-weather|RainDance|[from] ability: Drizzle|[of] p1a: Kyogre\n|turn|15\n|\n|t:|1700936378\n|switch|p2a: Iron Hands|Iron Hands, shiny|100\/100\n|-damage|p2a: Iron Hands|94\/100|[from] Stealth Rock\n|-activate|p2a: Iron Hands|ability: Quark Drive\n|-start|p2a: Iron Hands|quarkdriveatk\n|move|p1a: Kyogre|Hydro Pump|p2a: Iron Hands\n|-damage|p2a: Iron Hands|47\/100\n|\n|-weather|RainDance|[upkeep]\n|-fieldend|move: Electric Terrain\n|-end|p2a: Iron Hands|Quark Drive\n|upkeep\n|turn|16\n|\n|t:|1700936392\n|move|p1a: Kyogre|Hydro Pump|p2a: Iron Hands\n|-damage|p2a: Iron Hands|0 fnt\n|faint|p2a: Iron Hands\n|-end|p2a: Iron Hands|Quark Drive|[silent]\n|\n|-weather|RainDance|[upkeep]\n|upkeep\n|\n|t:|1700936397\n|switch|p2a: Miraidon|Miraidon|88\/100\n|-damage|p2a: Miraidon|76\/100|[from] Stealth Rock\n|-fieldstart|move: Electric Terrain|[from] ability: Hadron Engine|[of] p2a: Miraidon\n|turn|17\n|\n|t:|1700936411\n|move|p2a: Miraidon|Electro Drift|p1a: Kyogre\n|-supereffective|p1a: Kyogre\n|-damage|p1a: Kyogre|0 fnt\n|faint|p1a: Kyogre\n|\n|-weather|RainDance|[upkeep]\n|upkeep\n|\n|t:|1700936427\n|switch|p1a: Arceus|Arceus-Fire|100\/100\n|-damage|p1a: Arceus|88\/100|[from] Spikes\n|turn|18\n|\n|t:|1700936434\n|move|p1a: Arceus|Extreme Speed|p2a: Miraidon\n|-damage|p2a: Miraidon|54\/100\n|move|p2a: Miraidon|Electro Drift|p1a: Arceus\n|-damage|p1a: Arceus|35\/100\n|\n|-weather|RainDance|[upkeep]\n|upkeep\n|turn|19\n|\n|t:|1700936446\n|move|p1a: Arceus|Extreme Speed|p2a: Miraidon\n|-damage|p2a: Miraidon|33\/100\n|move|p2a: Miraidon|Electro Drift|p1a: Arceus\n|-damage|p1a: Arceus|0 fnt\n|faint|p1a: Arceus\n|\n|-weather|none\n|upkeep\n|\n|t:|1700936454\n|switch|p1a: Zapdos|Zapdos-Galar|100\/100\n|turn|20\n|\n|t:|1700936465\n|-terastallize|p1a: Zapdos|Poison\n|move|p2a: Miraidon|Electro Drift|p1a: Zapdos\n|-damage|p1a: Zapdos|16\/100\n|move|p1a: Zapdos|Thunderous Kick|p2a: Miraidon\n|-damage|p2a: Miraidon|0 fnt\n|faint|p2a: Miraidon\n|-damage|p1a: Zapdos|6\/100|[from] item: Life Orb\n|\n|upkeep\n|\n|t:|1700936477\n|switch|p2a: Palafin|Palafin-Hero, F|88\/100\n|-damage|p2a: Palafin|76\/100|[from] Stealth Rock\n|-activate|p2a: Palafin|ability: Zero to Hero\n|turn|21\n|inactive|serenaxsylveon has 90 seconds left.\n|inactive|serenaxsylveon has 60 seconds left.\n|inactive|serenaxsylveon has 30 seconds left.\n|inactive|serenaxsylveon has 20 seconds left.\n|inactive|serenaxsylveon has 15 seconds left.\n|inactive|serenaxsylveon has 10 seconds left.\n|inactive|serenaxsylveon has 5 seconds left.\n|-message|serenaxsylveon lost due to inactivity.\n|\n|win|CookieVKS\n|raw|serenaxsylveon's rating: 1000 &rarr; <strong>1000<\/strong><br \/>(+0 for losing)\n|raw|CookieVKS's rating: 1101 &rarr; <strong>1119<\/strong><br \/>(+18 for winning)\n","uploadtime":1700936599,"views":5,"p1id":"serenaxsylveon","p2id":"cookievks","formatid":"gen9ubers","rating":1000,"private":0,"password":""}