{"id":"gen9ubers-1977239351","p1":"FT Morgan","p2":"Eliothand52","format":"[Gen 9] Ubers","log":"|j|\u2606FT Morgan\n|j|\u2606Eliothand52\n|t:|1698392131\n|gametype|singles\n|player|p1|FT Morgan|lass|1318\n|player|p2|Eliothand52|skier|1376\n|teamsize|p1|6\n|teamsize|p2|6\n|gen|9\n|tier|[Gen 9] Ubers\n|rated|\n|rule|Sleep Clause Mod: Limit one foe put to sleep\n|rule|Species Clause: Limit one of each Pok\u00e9mon\n|rule|OHKO Clause: OHKO moves are banned\n|rule|Evasion Items Clause: Evasion items are banned\n|rule|Evasion Moves Clause: Evasion moves are banned\n|rule|Endless Battle Clause: Forcing endless battles is banned\n|rule|HP Percentage Mod: HP is shown in percentages\n|clearpoke\n|poke|p1|Roaring Moon|\n|poke|p1|Skeledirge, F|\n|poke|p1|Ting-Lu|\n|poke|p1|Landorus-Therian, M|\n|poke|p1|Azumarill, F|\n|poke|p1|Iron Valiant|\n|poke|p2|Arceus|\n|poke|p2|Flutter Mane|\n|poke|p2|Koraidon|\n|poke|p2|Miraidon|\n|poke|p2|Kyogre|\n|poke|p2|Zacian-*|\n|teampreview\n|inactive|Battle timer is ON: inactive players will automatically lose when time's up. (requested by Eliothand52)\n|\n|t:|1698392148\n|start\n|switch|p1a: Azumarill|Azumarill, F|100\/100\n|switch|p2a: Kyogre|Kyogre|100\/100\n|-weather|RainDance|[from] ability: Drizzle|[of] p2a: Kyogre\n|turn|1\n|\n|t:|1698392155\n|move|p2a: Kyogre|Thunder|p1a: Azumarill\n|-supereffective|p1a: Azumarill\n|-damage|p1a: Azumarill|40\/100\n|move|p1a: Azumarill|Play Rough|p2a: Kyogre\n|-damage|p2a: Kyogre|38\/100\n|\n|-weather|RainDance|[upkeep]\n|upkeep\n|turn|2\n|\n|t:|1698392162\n|switch|p1a: Ting-Lu|Ting-Lu|100\/100\n|-ability|p1a: Ting-Lu|Vessel of Ruin\n|move|p2a: Kyogre|Thunder|p1a: Ting-Lu\n|-immune|p1a: Ting-Lu\n|\n|-weather|RainDance|[upkeep]\n|upkeep\n|turn|3\n|\n|t:|1698392170\n|switch|p2a: Koraidon|Koraidon|100\/100\n|-weather|SunnyDay|[from] ability: Orichalcum Pulse|[of] p2a: Koraidon\n|-activate|p2a: Koraidon|Orichalcum Pulse|[source]\n|move|p1a: Ting-Lu|Earthquake|p2a: Koraidon\n|-damage|p2a: Koraidon|69\/100\n|\n|-weather|SunnyDay|[upkeep]\n|-heal|p2a: Koraidon|75\/100|[from] item: Leftovers\n|upkeep\n|turn|4\n|\n|t:|1698392179\n|switch|p1a: Skeledirge|Skeledirge, F|100\/100\n|move|p2a: Koraidon|Swords Dance|p2a: Koraidon\n|-boost|p2a: Koraidon|atk|2\n|\n|-weather|SunnyDay|[upkeep]\n|-heal|p2a: Koraidon|81\/100|[from] item: Leftovers\n|upkeep\n|turn|5\n|\n|t:|1698392184\n|move|p2a: Koraidon|Dragon Claw|p1a: Skeledirge\n|-damage|p1a: Skeledirge|67\/100\n|move|p1a: Skeledirge|Will-O-Wisp|p2a: Koraidon|[miss]\n|-miss|p1a: Skeledirge|p2a: Koraidon\n|\n|-weather|SunnyDay|[upkeep]\n|-heal|p2a: Koraidon|87\/100|[from] item: Leftovers\n|upkeep\n|turn|6\n|\n|t:|1698392191\n|move|p2a: Koraidon|Dragon Claw|p1a: Skeledirge\n|-damage|p1a: Skeledirge|30\/100\n|move|p1a: Skeledirge|Will-O-Wisp|p2a: Koraidon\n|-status|p2a: Koraidon|brn\n|\n|-weather|SunnyDay|[upkeep]\n|-heal|p2a: Koraidon|93\/100 brn|[from] item: Leftovers\n|-damage|p2a: Koraidon|87\/100 brn|[from] brn\n|upkeep\n|turn|7\n|\n|t:|1698392196\n|switch|p2a: Kyogre|Kyogre|38\/100\n|-weather|RainDance|[from] ability: Drizzle|[of] p2a: Kyogre\n|move|p1a: Skeledirge|Slack Off|p1a: Skeledirge\n|-heal|p1a: Skeledirge|80\/100\n|\n|-weather|RainDance|[upkeep]\n|upkeep\n|turn|8\n|\n|t:|1698392209\n|switch|p1a: Roaring Moon|Roaring Moon|100\/100\n|-enditem|p1a: Roaring Moon|Booster Energy\n|-activate|p1a: Roaring Moon|ability: Protosynthesis|[fromitem]\n|-start|p1a: Roaring Moon|protosynthesisatk\n|move|p2a: Kyogre|Origin Pulse|p1a: Roaring Moon\n|-resisted|p1a: Roaring Moon\n|-damage|p1a: Roaring Moon|55\/100\n|\n|-weather|RainDance|[upkeep]\n|upkeep\n|turn|9\n|\n|t:|1698392220\n|switch|p2a: Arceus|Arceus|100\/100\n|-terastallize|p1a: Roaring Moon|Flying\n|move|p1a: Roaring Moon|Dragon Dance|p1a: Roaring Moon\n|-boost|p1a: Roaring Moon|atk|1\n|-boost|p1a: Roaring Moon|spe|1\n|\n|-weather|RainDance|[upkeep]\n|upkeep\n|turn|10\n|\n|t:|1698392225\n|move|p2a: Arceus|Extreme Speed|p1a: Roaring Moon\n|-damage|p1a: Roaring Moon|0 fnt\n|faint|p1a: Roaring Moon\n|-end|p1a: Roaring Moon|Protosynthesis|[silent]\n|\n|-weather|RainDance|[upkeep]\n|upkeep\n|\n|t:|1698392229\n|switch|p1a: Skeledirge|Skeledirge, F|80\/100\n|turn|11\n|\n|t:|1698392236\n|switch|p2a: Flutter Mane|Flutter Mane|100\/100\n|move|p1a: Skeledirge|Will-O-Wisp|p2a: Flutter Mane\n|-status|p2a: Flutter Mane|brn\n|\n|-weather|none\n|-damage|p2a: Flutter Mane|95\/100 brn|[from] brn\n|upkeep\n|turn|12\n|\n|t:|1698392243\n|switch|p1a: Ting-Lu|Ting-Lu|100\/100\n|-ability|p1a: Ting-Lu|Vessel of Ruin\n|move|p2a: Flutter Mane|Shadow Ball|p1a: Ting-Lu\n|-resisted|p1a: Ting-Lu\n|-damage|p1a: Ting-Lu|88\/100\n|-damage|p2a: Flutter Mane|85\/100 brn|[from] item: Life Orb\n|\n|-heal|p1a: Ting-Lu|95\/100|[from] item: Leftovers\n|-damage|p2a: Flutter Mane|79\/100 brn|[from] brn\n|upkeep\n|turn|13\n|\n|t:|1698392247\n|move|p2a: Flutter Mane|Moonblast|p1a: Ting-Lu\n|-supereffective|p1a: Ting-Lu\n|-crit|p1a: Ting-Lu\n|-damage|p1a: Ting-Lu|14\/100\n|-damage|p2a: Flutter Mane|69\/100 brn|[from] item: Life Orb\n|move|p1a: Ting-Lu|Earthquake|p2a: Flutter Mane\n|-damage|p2a: Flutter Mane|0 fnt\n|faint|p2a: Flutter Mane\n|-end|p2a: Flutter Mane|Protosynthesis|[silent]\n|\n|-heal|p1a: Ting-Lu|20\/100|[from] item: Leftovers\n|upkeep\n|\n|t:|1698392255\n|switch|p2a: Kyogre|Kyogre|38\/100\n|-weather|RainDance|[from] ability: Drizzle|[of] p2a: Kyogre\n|turn|14\n|\n|t:|1698392258\n|move|p2a: Kyogre|Origin Pulse|p1a: Ting-Lu\n|-supereffective|p1a: Ting-Lu\n|-damage|p1a: Ting-Lu|0 fnt\n|faint|p1a: Ting-Lu\n|\n|-weather|RainDance|[upkeep]\n|upkeep\n|\n|t:|1698392260\n|switch|p1a: Landorus|Landorus-Therian, M|100\/100\n|-ability|p1a: Landorus|Intimidate|boost\n|-unboost|p2a: Kyogre|atk|1\n|turn|15\n|\n|t:|1698392267\n|switch|p2a: Arceus|Arceus|100\/100\n|move|p1a: Landorus|Earthquake|p2a: Arceus\n|-damage|p2a: Arceus|59\/100\n|\n|-weather|RainDance|[upkeep]\n|upkeep\n|turn|16\n|\n|t:|1698392275\n|switch|p1a: Skeledirge|Skeledirge, F|80\/100\n|move|p2a: Arceus|Extreme Speed|p1a: Skeledirge\n|-immune|p1a: Skeledirge\n|\n|-weather|RainDance|[upkeep]\n|upkeep\n|turn|17\n|\n|t:|1698392283\n|switch|p2a: Kyogre|Kyogre|38\/100\n|switch|p1a: Landorus|Landorus-Therian, M|100\/100\n|-ability|p1a: Landorus|Intimidate|boost\n|-unboost|p2a: Kyogre|atk|1\n|\n|-weather|RainDance|[upkeep]\n|upkeep\n|turn|18\n|\n|t:|1698392298\n|move|p1a: Landorus|Earthquake|p2a: Kyogre\n|-damage|p2a: Kyogre|0 fnt\n|faint|p2a: Kyogre\n|\n|-weather|none\n|upkeep\n|\n|t:|1698392312\n|switch|p2a: Arceus|Arceus|59\/100\n|turn|19\n|\n|t:|1698392320\n|switch|p1a: Skeledirge|Skeledirge, F|80\/100\n|move|p2a: Arceus|Extreme Speed|p1a: Skeledirge\n|-immune|p1a: Skeledirge\n|\n|upkeep\n|turn|20\n|\n|t:|1698392327\n|switch|p2a: Koraidon|Koraidon|87\/100 brn\n|-weather|SunnyDay|[from] ability: Orichalcum Pulse|[of] p2a: Koraidon\n|-activate|p2a: Koraidon|Orichalcum Pulse|[source]\n|move|p1a: Skeledirge|Will-O-Wisp|p2a: Koraidon\n|-fail|p2a: Koraidon|brn\n|\n|-weather|SunnyDay|[upkeep]\n|-heal|p2a: Koraidon|93\/100 brn|[from] item: Leftovers\n|-damage|p2a: Koraidon|87\/100 brn|[from] brn\n|upkeep\n|turn|21\n|\n|t:|1698392335\n|move|p2a: Koraidon|Flame Charge|p1a: Skeledirge\n|-resisted|p1a: Skeledirge\n|-damage|p1a: Skeledirge|74\/100\n|-boost|p2a: Koraidon|spe|1\n|move|p1a: Skeledirge|Torch Song|p2a: Koraidon\n|-resisted|p2a: Koraidon\n|-damage|p2a: Koraidon|65\/100 brn\n|-boost|p1a: Skeledirge|spa|1\n|\n|-weather|SunnyDay|[upkeep]\n|-heal|p2a: Koraidon|71\/100 brn|[from] item: Leftovers\n|-damage|p2a: Koraidon|65\/100 brn|[from] brn\n|upkeep\n|turn|22\n|\n|t:|1698392345\n|switch|p2a: Arceus|Arceus|59\/100\n|move|p1a: Skeledirge|Hex|p2a: Arceus\n|-immune|p2a: Arceus\n|\n|-weather|SunnyDay|[upkeep]\n|upkeep\n|turn|23\n|\n|t:|1698392352\n|move|p2a: Arceus|Earthquake|p1a: Skeledirge\n|-supereffective|p1a: Skeledirge\n|-damage|p1a: Skeledirge|33\/100\n|move|p1a: Skeledirge|Will-O-Wisp|p2a: Arceus\n|-status|p2a: Arceus|brn\n|\n|-weather|SunnyDay|[upkeep]\n|-damage|p2a: Arceus|53\/100 brn|[from] brn\n|upkeep\n|turn|24\n|\n|t:|1698392357\n|move|p2a: Arceus|Earthquake|p1a: Skeledirge\n|-supereffective|p1a: Skeledirge\n|-damage|p1a: Skeledirge|12\/100\n|move|p1a: Skeledirge|Slack Off|p1a: Skeledirge\n|-heal|p1a: Skeledirge|62\/100\n|\n|-weather|none\n|-damage|p2a: Arceus|47\/100 brn|[from] brn\n|upkeep\n|turn|25\n|\n|t:|1698392364\n|switch|p2a: Miraidon|Miraidon|100\/100\n|-fieldstart|move: Electric Terrain|[from] ability: Hadron Engine|[of] p2a: Miraidon\n|move|p1a: Skeledirge|Slack Off|p1a: Skeledirge\n|-heal|p1a: Skeledirge|100\/100\n|\n|upkeep\n|turn|26\n|\n|t:|1698392379\n|switch|p2a: Koraidon|Koraidon|65\/100 brn\n|-weather|SunnyDay|[from] ability: Orichalcum Pulse|[of] p2a: Koraidon\n|-activate|p2a: Koraidon|Orichalcum Pulse|[source]\n|switch|p1a: Azumarill|Azumarill, F|40\/100\n|\n|-weather|SunnyDay|[upkeep]\n|-heal|p2a: Koraidon|71\/100 brn|[from] item: Leftovers\n|-damage|p2a: Koraidon|65\/100 brn|[from] brn\n|upkeep\n|turn|27\n|\n|t:|1698392384\n|move|p2a: Koraidon|Collision Course|p1a: Azumarill\n|-resisted|p1a: Azumarill\n|-damage|p1a: Azumarill|20\/100\n|move|p1a: Azumarill|Play Rough|p2a: Koraidon\n|-supereffective|p2a: Koraidon\n|-damage|p2a: Koraidon|0 fnt\n|faint|p2a: Koraidon\n|\n|-weather|SunnyDay|[upkeep]\n|upkeep\n|\n|t:|1698392388\n|switch|p2a: Miraidon|Miraidon|100\/100\n|-activate|p2a: Miraidon|ability: Hadron Engine\n|turn|28\n|\n|t:|1698392392\n|move|p2a: Miraidon|Volt Switch|p1a: Azumarill\n|-supereffective|p1a: Azumarill\n|-crit|p1a: Azumarill\n|-damage|p1a: Azumarill|0 fnt\n|faint|p1a: Azumarill\n|\n|t:|1698392395\n|switch|p2a: Arceus|Arceus|47\/100 brn|[from] Volt Switch\n|\n|-weather|SunnyDay|[upkeep]\n|-damage|p2a: Arceus|41\/100 brn|[from] brn\n|upkeep\n|\n|t:|1698392398\n|switch|p1a: Landorus|Landorus-Therian, M|100\/100\n|-ability|p1a: Landorus|Intimidate|boost\n|-unboost|p2a: Arceus|atk|1\n|turn|29\n|\n|t:|1698392401\n|move|p1a: Landorus|Earthquake|p2a: Arceus\n|-damage|p2a: Arceus|0 fnt\n|faint|p2a: Arceus\n|\n|-weather|SunnyDay|[upkeep]\n|-fieldend|move: Electric Terrain\n|upkeep\n|\n|t:|1698392408\n|switch|p2a: Zacian|Zacian-Crowned|100\/100\n|-ability|p2a: Zacian|Intrepid Sword|boost\n|-boost|p2a: Zacian|atk|1\n|turn|30\n|\n|t:|1698392411\n|move|p1a: Landorus|Earthquake|p2a: Zacian\n|-supereffective|p2a: Zacian\n|-damage|p2a: Zacian|0 fnt\n|faint|p2a: Zacian\n|\n|-weather|none\n|upkeep\n|\n|t:|1698392414\n|switch|p2a: Miraidon|Miraidon|100\/100\n|-fieldstart|move: Electric Terrain|[from] ability: Hadron Engine|[of] p2a: Miraidon\n|turn|31\n|\n|t:|1698392418\n|-terastallize|p2a: Miraidon|Fairy\n|move|p1a: Landorus|Earthquake|p2a: Miraidon\n|-damage|p2a: Miraidon|43\/100\n|move|p2a: Miraidon|Dragon Pulse|p1a: Landorus\n|-damage|p1a: Landorus|29\/100\n|\n|upkeep\n|turn|32\n|\n|t:|1698392425\n|move|p1a: Landorus|Earthquake|p2a: Miraidon\n|-damage|p2a: Miraidon|0 fnt\n|faint|p2a: Miraidon\n|\n|win|FT Morgan\n|raw|FT Morgan's rating: 1318 &rarr; <strong>1341<\/strong><br \/>(+23 for winning)\n|raw|Eliothand52's rating: 1376 &rarr; <strong>1353<\/strong><br \/>(-23 for losing)\n|l|\u2606Eliothand52\n|l|\u2606FT Morgan\n|j|\u2606FT Morgan\n|player|p1|FT Morgan|lass\n","uploadtime":1698392585,"views":11,"p1id":"ftmorgan","p2id":"eliothand52","formatid":"gen9ubers","rating":1341,"private":0,"password":""}