{"id":"gen9ubers-1992850672","p1":"fishstickrick","p2":"YaBoyGuzma2nd","format":"[Gen 9] Ubers","log":"|j|\u2606fishstickrick\n|j|\u2606YaBoyGuzma2nd\n|t:|1700240887\n|gametype|singles\n|player|p1|fishstickrick|fisherman-gen4|1061\n|player|p2|YaBoyGuzma2nd|pokemonranger-gen4|1061\n|teamsize|p1|6\n|teamsize|p2|6\n|gen|9\n|tier|[Gen 9] Ubers\n|rated|\n|rule|Sleep Clause Mod: Limit one foe put to sleep\n|rule|Species Clause: Limit one of each Pok\u00e9mon\n|rule|OHKO Clause: OHKO moves are banned\n|rule|Evasion Items Clause: Evasion items are banned\n|rule|Evasion Moves Clause: Evasion moves are banned\n|rule|Endless Battle Clause: Forcing endless battles is banned\n|rule|HP Percentage Mod: HP is shown in percentages\n|clearpoke\n|poke|p1|Koraidon|\n|poke|p1|Chien-Pao|\n|poke|p1|Masquerain, F|\n|poke|p1|Cyclizar, M|\n|poke|p1|Espathra, F|\n|poke|p1|Sandy Shocks|\n|poke|p2|Iron Valiant|\n|poke|p2|Zoroark, M|\n|poke|p2|Annihilape, M|\n|poke|p2|Hatterene, F|\n|poke|p2|Ogerpon-Wellspring, F|\n|poke|p2|Garchomp, M|\n|teampreview\n|inactive|Battle timer is ON: inactive players will automatically lose when time's up. (requested by fishstickrick)\n|\n|t:|1700240897\n|start\n|switch|p1a: Smol been|Masquerain, F|100\/100\n|switch|p2a: Hatterene|Hatterene, F|100\/100\n|-ability|p1a: Smol been|Intimidate|boost\n|-unboost|p2a: Hatterene|atk|1\n|turn|1\n|\n|t:|1700240919\n|move|p1a: Smol been|Sticky Web|p2a: Hatterene\n|-sidestart|p2: YaBoyGuzma2nd|move: Sticky Web\n|move|p2a: Hatterene|Light Screen|p2a: Hatterene\n|-sidestart|p2: YaBoyGuzma2nd|move: Light Screen\n|\n|upkeep\n|turn|2\n|\n|t:|1700240924\n|move|p1a: Smol been|Ice Beam|p2a: Hatterene\n|-damage|p2a: Hatterene|89\/100\n|move|p2a: Hatterene|Reflect|p2a: Hatterene\n|-sidestart|p2: YaBoyGuzma2nd|Reflect\n|\n|-heal|p2a: Hatterene|95\/100|[from] item: Leftovers\n|upkeep\n|turn|3\n|\n|t:|1700240930\n|move|p1a: Smol been|Ice Beam|p2a: Hatterene\n|-crit|p2a: Hatterene\n|-damage|p2a: Hatterene|60\/100\n|move|p2a: Hatterene|Calm Mind|p2a: Hatterene\n|-boost|p2a: Hatterene|spa|1\n|-boost|p2a: Hatterene|spd|1\n|\n|-heal|p2a: Hatterene|66\/100|[from] item: Leftovers\n|upkeep\n|turn|4\n|\n|t:|1700240937\n|move|p1a: Smol been|Ice Beam|p2a: Hatterene\n|-damage|p2a: Hatterene|58\/100\n|move|p2a: Hatterene|Calm Mind|p2a: Hatterene\n|-boost|p2a: Hatterene|spa|1\n|-boost|p2a: Hatterene|spd|1\n|\n|-heal|p2a: Hatterene|64\/100|[from] item: Leftovers\n|upkeep\n|turn|5\n|\n|t:|1700240944\n|move|p1a: Smol been|Ice Beam|p2a: Hatterene\n|-damage|p2a: Hatterene|57\/100\n|move|p2a: Hatterene|Calm Mind|p2a: Hatterene\n|-boost|p2a: Hatterene|spa|1\n|-boost|p2a: Hatterene|spd|1\n|\n|-heal|p2a: Hatterene|63\/100|[from] item: Leftovers\n|-sideend|p2: YaBoyGuzma2nd|move: Light Screen\n|upkeep\n|turn|6\n|\n|t:|1700240951\n|move|p1a: Smol been|Ice Beam|p2a: Hatterene\n|-damage|p2a: Hatterene|53\/100\n|move|p2a: Hatterene|Light Screen|p2a: Hatterene\n|-sidestart|p2: YaBoyGuzma2nd|move: Light Screen\n|\n|-heal|p2a: Hatterene|59\/100|[from] item: Leftovers\n|-sideend|p2: YaBoyGuzma2nd|Reflect\n|upkeep\n|turn|7\n|\n|t:|1700240957\n|move|p1a: Smol been|Ice Beam|p2a: Hatterene\n|-damage|p2a: Hatterene|55\/100\n|-status|p2a: Hatterene|frz\n|cant|p2a: Hatterene|frz\n|\n|-heal|p2a: Hatterene|61\/100 frz|[from] item: Leftovers\n|upkeep\n|turn|8\n|\n|t:|1700240964\n|move|p1a: Smol been|Quiver Dance|p1a: Smol been\n|-boost|p1a: Smol been|spa|1\n|-boost|p1a: Smol been|spd|1\n|-boost|p1a: Smol been|spe|1\n|cant|p2a: Hatterene|frz\n|\n|-heal|p2a: Hatterene|67\/100 frz|[from] item: Leftovers\n|upkeep\n|turn|9\n|\n|t:|1700240971\n|move|p1a: Smol been|Quiver Dance|p1a: Smol been\n|-boost|p1a: Smol been|spa|1\n|-boost|p1a: Smol been|spd|1\n|-boost|p1a: Smol been|spe|1\n|-curestatus|p2a: Hatterene|frz|[msg]\n|move|p2a: Hatterene|Reflect|p2a: Hatterene\n|-sidestart|p2: YaBoyGuzma2nd|Reflect\n|\n|-heal|p2a: Hatterene|73\/100|[from] item: Leftovers\n|upkeep\n|turn|10\n|\n|t:|1700240979\n|move|p1a: Smol been|Quiver Dance|p1a: Smol been\n|-boost|p1a: Smol been|spa|1\n|-boost|p1a: Smol been|spd|1\n|-boost|p1a: Smol been|spe|1\n|move|p2a: Hatterene|Calm Mind|p2a: Hatterene\n|-boost|p2a: Hatterene|spa|1\n|-boost|p2a: Hatterene|spd|1\n|\n|-heal|p2a: Hatterene|78\/100|[from] item: Leftovers\n|-sideend|p2: YaBoyGuzma2nd|move: Light Screen\n|upkeep\n|turn|11\n|\n|t:|1700240987\n|move|p1a: Smol been|Ice Beam|p2a: Hatterene\n|-crit|p2a: Hatterene\n|-damage|p2a: Hatterene|0 fnt\n|faint|p2a: Hatterene\n|\n|upkeep\n|\n|t:|1700241001\n|switch|p2a: Garchomp|Garchomp, M|100\/100\n|-activate|p2a: Garchomp|move: Sticky Web\n|-unboost|p2a: Garchomp|spe|1\n|turn|12\n|\n|t:|1700241009\n|move|p1a: Smol been|Ice Beam|p2a: Garchomp\n|-supereffective|p2a: Garchomp\n|-damage|p2a: Garchomp|0 fnt\n|faint|p2a: Garchomp\n|\n|upkeep\n|\n|t:|1700241017\n|switch|p2a: Ogerpon|Ogerpon-Wellspring, F|100\/100\n|turn|13\n|\n|t:|1700241022\n|move|p1a: Smol been|Ice Beam|p2a: Ogerpon\n|-damage|p2a: Ogerpon|0 fnt\n|replace|p2a: Zoroark|Zoroark, M\n|-end|p2a: Zoroark|Illusion\n|faint|p2a: Zoroark\n|\n|-sideend|p2: YaBoyGuzma2nd|Reflect\n|upkeep\n|\n|t:|1700241029\n|switch|p2a: Iron Valiant|Iron Valiant|100\/100\n|-activate|p2a: Iron Valiant|move: Sticky Web\n|-unboost|p2a: Iron Valiant|spe|1\n|-enditem|p2a: Iron Valiant|Booster Energy\n|-activate|p2a: Iron Valiant|ability: Quark Drive|[fromitem]\n|-start|p2a: Iron Valiant|quarkdrivespa\n|turn|14\n|\n|t:|1700241036\n|-terastallize|p2a: Iron Valiant|Electric\n|move|p1a: Smol been|Ice Beam|p2a: Iron Valiant\n|-damage|p2a: Iron Valiant|0 fnt\n|faint|p2a: Iron Valiant\n|-end|p2a: Iron Valiant|Quark Drive|[silent]\n|\n|upkeep\n|\n|t:|1700241041\n|switch|p2a: Ogerpon|Ogerpon-Wellspring, F|100\/100\n|-activate|p2a: Ogerpon|move: Sticky Web\n|-unboost|p2a: Ogerpon|spe|1\n|turn|15\n|\n|t:|1700241047\n|move|p1a: Smol been|Ice Beam|p2a: Ogerpon\n|-damage|p2a: Ogerpon|28\/100\n|move|p2a: Ogerpon|Knock Off|p1a: Smol been\n|-damage|p1a: Smol been|33\/100\n|-enditem|p1a: Smol been|Focus Sash|[from] move: Knock Off|[of] p2a: Ogerpon\n|\n|upkeep\n|turn|16\n|\n|t:|1700241053\n|move|p1a: Smol been|Ice Beam|p2a: Ogerpon\n|-damage|p2a: Ogerpon|0 fnt\n|faint|p2a: Ogerpon\n|\n|upkeep\n|\n|t:|1700241057\n|switch|p2a: Annihilape|Annihilape, M|100\/100\n|-activate|p2a: Annihilape|move: Sticky Web\n|-unboost|p2a: Annihilape|spe|1\n|-ability|p2a: Annihilape|Defiant|boost\n|-boost|p2a: Annihilape|atk|2\n|turn|17\n|\n|t:|1700241063\n|move|p1a: Smol been|Ice Beam|p2a: Annihilape\n|-damage|p2a: Annihilape|44\/100\n|-enditem|p2a: Annihilape|Sitrus Berry|[eat]\n|-heal|p2a: Annihilape|69\/100|[from] item: Sitrus Berry\n|move|p2a: Annihilape|Ice Punch|p1a: Smol been\n|-supereffective|p1a: Smol been\n|-damage|p1a: Smol been|0 fnt\n|faint|p1a: Smol been\n|\n|upkeep\n|\n|t:|1700241075\n|switch|p1a: Striker|Chien-Pao|100\/100\n|-ability|p1a: Striker|Sword of Ruin\n|turn|18\n|\n|t:|1700241080\n|move|p1a: Striker|Ice Spinner|p2a: Annihilape\n|-crit|p2a: Annihilape\n|-damage|p2a: Annihilape|0 fnt\n|faint|p2a: Annihilape\n|\n|win|fishstickrick\n|raw|fishstickrick's rating: 1061 &rarr; <strong>1092<\/strong><br \/>(+31 for winning)\n|raw|YaBoyGuzma2nd's rating: 1061 &rarr; <strong>1042<\/strong><br \/>(-19 for losing)\n","uploadtime":1700241084,"views":11,"p1id":"fishstickrick","p2id":"yaboyguzma2nd","formatid":"gen9ubers","rating":1042,"private":0,"password":""}