{"id":"gen9ubers-1968083836","p1":"I9821943813dws","p2":"GratedsShtickface","format":"[Gen 9] Ubers","log":"|j|\u2606I9821943813dws\n|j|\u2606GratedsShtickface\n|t:|1697382629\n|gametype|singles\n|player|p1|I9821943813dws|101|\n|player|p2|GratedsShtickface|hiker-gen4|\n|teamsize|p1|6\n|teamsize|p2|6\n|gen|9\n|tier|[Gen 9] Ubers\n|rule|Sleep Clause Mod: Limit one foe put to sleep\n|rule|Species Clause: Limit one of each Pok\u00e9mon\n|rule|OHKO Clause: OHKO moves are banned\n|rule|Evasion Items Clause: Evasion items are banned\n|rule|Evasion Moves Clause: Evasion moves are banned\n|rule|Endless Battle Clause: Forcing endless battles is banned\n|rule|HP Percentage Mod: HP is shown in percentages\n|clearpoke\n|poke|p1|Blissey, F|\n|poke|p1|Dondozo, F|\n|poke|p1|Gliscor, F|\n|poke|p1|Magearna|\n|poke|p1|Giratina|\n|poke|p1|Arceus-Poison|\n|poke|p2|Palkia-Origin|\n|poke|p2|Shaymin-Sky|\n|poke|p2|Arceus-Fire|\n|poke|p2|Magearna|\n|poke|p2|Zacian-*|\n|poke|p2|Cyclizar, M|\n|teampreview\n|inactive|Battle timer is ON: inactive players will automatically lose when time's up. (requested by GratedsShtickface)\n|\n|t:|1697382638\n|start\n|switch|p1a: Gliscor|Gliscor, F|100\/100\n|switch|p2a: Music Box Doll|Magearna|100\/100\n|turn|1\n|c|\u2606GratedsShtickface|glhf\n|\n|t:|1697382656\n|move|p1a: Gliscor|Protect|p1a: Gliscor\n|-singleturn|p1a: Gliscor|Protect\n|move|p2a: Music Box Doll|Spikes|p1a: Gliscor\n|-sidestart|p1: I9821943813dws|Spikes\n|\n|-status|p1a: Gliscor|tox|[from] item: Toxic Orb\n|upkeep\n|turn|2\n|\n|t:|1697382671\n|switch|p2a: Honse|Palkia-Origin, shiny|100\/100\n|-ability|p2a: Honse|Pressure\n|move|p1a: Gliscor|Earthquake|p2a: Honse\n|-damage|p2a: Honse|65\/100\n|\n|upkeep\n|turn|3\n|\n|t:|1697382686\n|switch|p1a: Magearna|Magearna|100\/100\n|-damage|p1a: Magearna|88\/100|[from] Spikes\n|move|p2a: Honse|Spacial Rend|p1a: Magearna\n|-immune|p1a: Magearna\n|\n|-heal|p1a: Magearna|94\/100|[from] item: Leftovers\n|upkeep\n|turn|4\n|\n|t:|1697382693\n|switch|p2a: Ar\u0441eus-Fighting|Arceus-Fire, shiny|100\/100\n|move|p1a: Magearna|Draining Kiss|p2a: Ar\u0441eus-Fighting\n|-resisted|p2a: Ar\u0441eus-Fighting\n|-damage|p2a: Ar\u0441eus-Fighting|89\/100\n|-heal|p1a: Magearna|100\/100|[from] drain|[of] p2a: Ar\u0441eus-Fighting\n|\n|upkeep\n|turn|5\n|\n|t:|1697382700\n|switch|p1a: Gliscor|Gliscor, F|100\/100 tox\n|move|p2a: Ar\u0441eus-Fighting|Flare Blitz|p1a: Gliscor\n|-damage|p1a: Gliscor|52\/100 tox\n|-damage|p2a: Ar\u0441eus-Fighting|74\/100|[from] Recoil\n|\n|-heal|p1a: Gliscor|64\/100 tox|[from] ability: Poison Heal\n|upkeep\n|turn|6\n|\n|t:|1697382708\n|move|p1a: Gliscor|Protect|p1a: Gliscor\n|-singleturn|p1a: Gliscor|Protect\n|move|p2a: Ar\u0441eus-Fighting|Dragon Dance|p2a: Ar\u0441eus-Fighting\n|-boost|p2a: Ar\u0441eus-Fighting|atk|1\n|-boost|p2a: Ar\u0441eus-Fighting|spe|1\n|\n|-heal|p1a: Gliscor|77\/100 tox|[from] ability: Poison Heal\n|upkeep\n|turn|7\n|\n|t:|1697382713\n|move|p2a: Ar\u0441eus-Fighting|Flare Blitz|p1a: Gliscor\n|-damage|p1a: Gliscor|11\/100 tox\n|-damage|p2a: Ar\u0441eus-Fighting|54\/100|[from] Recoil\n|move|p1a: Gliscor|Earthquake|p2a: Ar\u0441eus-Fighting\n|-supereffective|p2a: Ar\u0441eus-Fighting\n|-damage|p2a: Ar\u0441eus-Fighting|7\/100\n|\n|-heal|p1a: Gliscor|23\/100 tox|[from] ability: Poison Heal\n|upkeep\n|turn|8\n|\n|t:|1697382720\n|move|p1a: Gliscor|Protect|p1a: Gliscor\n|-singleturn|p1a: Gliscor|Protect\n|move|p2a: Ar\u0441eus-Fighting|Recover|p2a: Ar\u0441eus-Fighting\n|-heal|p2a: Ar\u0441eus-Fighting|57\/100\n|\n|-heal|p1a: Gliscor|36\/100 tox|[from] ability: Poison Heal\n|upkeep\n|turn|9\n|\n|t:|1697382729\n|-terastallize|p1a: Gliscor|Water\n|move|p2a: Ar\u0441eus-Fighting|Flare Blitz|p1a: Gliscor\n|-resisted|p1a: Gliscor\n|-damage|p1a: Gliscor|1\/100 tox\n|-damage|p2a: Ar\u0441eus-Fighting|47\/100|[from] Recoil\n|move|p1a: Gliscor|Earthquake|p2a: Ar\u0441eus-Fighting\n|-supereffective|p2a: Ar\u0441eus-Fighting\n|-damage|p2a: Ar\u0441eus-Fighting|0 fnt\n|faint|p2a: Ar\u0441eus-Fighting\n|\n|-heal|p1a: Gliscor|13\/100 tox|[from] ability: Poison Heal\n|upkeep\n|\n|t:|1697382737\n|switch|p2a: Flesh Serpent|Cyclizar, M|100\/100\n|turn|10\n|\n|t:|1697382739\n|move|p1a: Gliscor|Protect|p1a: Gliscor\n|-singleturn|p1a: Gliscor|Protect\n|move|p2a: Flesh Serpent|Shed Tail|p2a: Flesh Serpent\n|-start|p2a: Flesh Serpent|Substitute|[from] move: Shed Tail\n|-damage|p2a: Flesh Serpent|50\/100\n|\n|t:|1697382742\n|switch|p2a: Sif|Zacian|100\/100|[from] Shed Tail\n|-ability|p2a: Sif|Intrepid Sword|boost\n|-boost|p2a: Sif|atk|1\n|\n|-heal|p1a: Gliscor|26\/100 tox|[from] ability: Poison Heal\n|upkeep\n|turn|11\n|\n|t:|1697382749\n|switch|p1a: Arceus|Arceus-Poison|100\/100\n|-damage|p1a: Arceus|88\/100|[from] Spikes\n|move|p2a: Sif|Trailblaze|p1a: Arceus\n|-resisted|p1a: Arceus\n|-damage|p1a: Arceus|80\/100\n|-boost|p2a: Sif|spe|1\n|\n|upkeep\n|turn|12\n|\n|t:|1697382757\n|move|p2a: Sif|Swords Dance|p2a: Sif\n|-boost|p2a: Sif|atk|2\n|move|p1a: Arceus|Taunt|p2a: Sif\n|-start|p2a: Sif|move: Taunt\n|\n|upkeep\n|turn|13\n|\n|t:|1697382763\n|-terastallize|p2a: Sif|Ground\n|move|p2a: Sif|Tera Blast|p1a: Arceus|[anim] Tera Blast Ground\n|-supereffective|p1a: Arceus\n|-damage|p1a: Arceus|0 fnt\n|faint|p1a: Arceus\n|\n|upkeep\n|\n|t:|1697382769\n|switch|p1a: Dondozo|Dondozo, F|100\/100\n|turn|14\n|\n|t:|1697382771\n|move|p2a: Sif|Tera Blast|p1a: Dondozo|[anim] Tera Blast Ground\n|-damage|p1a: Dondozo|83\/100\n|move|p1a: Dondozo|Curse|p1a: Dondozo\n|-unboost|p1a: Dondozo|spe|1\n|-boost|p1a: Dondozo|atk|1\n|-boost|p1a: Dondozo|def|1\n|\n|upkeep\n|turn|15\n|\n|t:|1697382776\n|switch|p2a: Haxmin|Shaymin-Sky|100\/100\n|move|p1a: Dondozo|Liquidation|p2a: Haxmin\n|-resisted|p2a: Haxmin\n|-damage|p2a: Haxmin|74\/100\n|-unboost|p2a: Haxmin|def|1\n|\n|upkeep\n|turn|16\n|\n|t:|1697382790\n|switch|p1a: Magearna|Magearna|100\/100\n|-damage|p1a: Magearna|88\/100|[from] Spikes\n|move|p2a: Haxmin|Seed Flare|p1a: Magearna\n|-resisted|p1a: Magearna\n|-damage|p1a: Magearna|63\/100\n|\n|-heal|p1a: Magearna|69\/100|[from] item: Leftovers\n|upkeep\n|turn|17\n|\n|t:|1697382803\n|switch|p2a: Music Box Doll|Magearna|100\/100\n|move|p1a: Magearna|Calm Mind|p1a: Magearna\n|-boost|p1a: Magearna|spa|1\n|-boost|p1a: Magearna|spd|1\n|\n|-heal|p1a: Magearna|75\/100|[from] item: Leftovers\n|upkeep\n|turn|18\n|\n|t:|1697382811\n|move|p1a: Magearna|Calm Mind|p1a: Magearna\n|-boost|p1a: Magearna|spa|1\n|-boost|p1a: Magearna|spd|1\n|move|p2a: Music Box Doll|Thunder Wave|p1a: Magearna\n|-status|p1a: Magearna|par\n|\n|-heal|p1a: Magearna|82\/100 par|[from] item: Leftovers\n|upkeep\n|turn|19\n|\n|t:|1697382818\n|move|p2a: Music Box Doll|Volt Switch|p1a: Magearna\n|-damage|p1a: Magearna|73\/100 par\n|\n|t:|1697382824\n|switch|p2a: Haxmin|Shaymin-Sky|74\/100|[from] Volt Switch\n|move|p1a: Magearna|Calm Mind|p1a: Magearna\n|-boost|p1a: Magearna|spa|1\n|-boost|p1a: Magearna|spd|1\n|\n|-heal|p1a: Magearna|79\/100 par|[from] item: Leftovers\n|upkeep\n|turn|20\n|\n|t:|1697382830\n|move|p2a: Haxmin|Earth Power|p1a: Magearna\n|-supereffective|p1a: Magearna\n|-damage|p1a: Magearna|56\/100 par\n|-unboost|p1a: Magearna|spd|1\n|move|p1a: Magearna|Draining Kiss|p2a: Haxmin\n|-damage|p2a: Haxmin|0 fnt\n|-heal|p1a: Magearna|100\/100 par|[from] drain|[of] p2a: Haxmin\n|faint|p2a: Haxmin\n|-ability|p1a: Magearna|Soul-Heart|boost\n|-boost|p1a: Magearna|spa|1\n|\n|upkeep\n|\n|t:|1697382839\n|switch|p2a: Sif|Zacian, tera:Ground|100\/100\n|turn|21\n|\n|t:|1697382844\n|move|p2a: Sif|Tera Blast|p1a: Magearna|[anim] Tera Blast Ground\n|-supereffective|p1a: Magearna\n|-damage|p1a: Magearna|36\/100 par\n|move|p1a: Magearna|Stored Power|p2a: Sif\n|-damage|p2a: Sif|0 fnt\n|faint|p2a: Sif\n|-ability|p1a: Magearna|Soul-Heart|boost\n|-boost|p1a: Magearna|spa|1\n|\n|-heal|p1a: Magearna|42\/100 par|[from] item: Leftovers\n|upkeep\n|\n|t:|1697382849\n|switch|p2a: Honse|Palkia-Origin, shiny|65\/100\n|-ability|p2a: Honse|Pressure\n|turn|22\n|\n|t:|1697382861\n|move|p2a: Honse|Earth Power|p1a: Magearna\n|-supereffective|p1a: Magearna\n|-damage|p1a: Magearna|11\/100 par\n|-unboost|p1a: Magearna|spd|1\n|move|p1a: Magearna|Draining Kiss|p2a: Honse\n|-supereffective|p2a: Honse\n|-damage|p2a: Honse|0 fnt\n|-heal|p1a: Magearna|54\/100 par|[from] drain|[of] p2a: Honse\n|faint|p2a: Honse\n|-ability|p1a: Magearna|Soul-Heart|boost\n|-boost|p1a: Magearna|spa|1\n|\n|-heal|p1a: Magearna|60\/100 par|[from] item: Leftovers\n|upkeep\n|\n|t:|1697382869\n|switch|p2a: Flesh Serpent|Cyclizar, M|83\/100\n|turn|23\n|\n|t:|1697382872\n|move|p2a: Flesh Serpent|Knock Off|p1a: Magearna\n|-resisted|p1a: Magearna\n|-damage|p1a: Magearna|51\/100 par\n|-enditem|p1a: Magearna|Leftovers|[from] move: Knock Off|[of] p2a: Flesh Serpent\n|cant|p1a: Magearna|par\n|\n|upkeep\n|turn|24\n|\n|t:|1697382879\n|move|p2a: Flesh Serpent|Shed Tail|p2a: Flesh Serpent\n|-start|p2a: Flesh Serpent|Substitute|[from] move: Shed Tail\n|-damage|p2a: Flesh Serpent|33\/100\n|\n|t:|1697382882\n|switch|p2a: Music Box Doll|Magearna|100\/100|[from] Shed Tail\n|cant|p1a: Magearna|par\n|\n|upkeep\n|turn|25\n|\n|t:|1697382888\n|move|p2a: Music Box Doll|Draining Kiss|p1a: Magearna\n|-resisted|p1a: Magearna\n|-damage|p1a: Magearna|44\/100 par\n|move|p1a: Magearna|Stored Power|p2a: Music Box Doll\n|-resisted|p2a: Music Box Doll\n|-end|p2a: Music Box Doll|Substitute\n|\n|upkeep\n|turn|26\n|\n|t:|1697382895\n|move|p2a: Music Box Doll|Draining Kiss|p1a: Magearna\n|-resisted|p1a: Magearna\n|-damage|p1a: Magearna|38\/100 par\n|cant|p1a: Magearna|par\n|\n|upkeep\n|turn|27\n|\n|t:|1697382900\n|move|p2a: Music Box Doll|Volt Switch|p1a: Magearna\n|-damage|p1a: Magearna|28\/100 par\n|\n|t:|1697382903\n|switch|p2a: Flesh Serpent|Cyclizar, M|66\/100|[from] Volt Switch\n|cant|p1a: Magearna|par\n|\n|upkeep\n|turn|28\n|\n|t:|1697382909\n|move|p2a: Flesh Serpent|Rapid Spin|p1a: Magearna\n|-resisted|p1a: Magearna\n|-damage|p1a: Magearna|21\/100 par\n|-boost|p2a: Flesh Serpent|spe|1\n|cant|p1a: Magearna|par\n|\n|upkeep\n|turn|29\n|\n|t:|1697382914\n|move|p2a: Flesh Serpent|Rapid Spin|p1a: Magearna\n|-resisted|p1a: Magearna\n|-damage|p1a: Magearna|14\/100 par\n|-boost|p2a: Flesh Serpent|spe|1\n|move|p1a: Magearna|Draining Kiss|p2a: Flesh Serpent\n|-supereffective|p2a: Flesh Serpent\n|-damage|p2a: Flesh Serpent|0 fnt\n|-heal|p1a: Magearna|60\/100 par|[from] drain|[of] p2a: Flesh Serpent\n|faint|p2a: Flesh Serpent\n|\n|upkeep\n|\n|t:|1697382918\n|switch|p2a: Music Box Doll|Magearna|100\/100\n|turn|30\n|\n|t:|1697382922\n|move|p2a: Music Box Doll|Volt Switch|p1a: Magearna\n|-damage|p1a: Magearna|48\/100 par\n|cant|p1a: Magearna|par\n|\n|upkeep\n|turn|31\n|\n|t:|1697382926\n|move|p2a: Music Box Doll|Volt Switch|p1a: Magearna\n|-damage|p1a: Magearna|37\/100 par\n|cant|p1a: Magearna|par\n|\n|upkeep\n|turn|32\n|\n|t:|1697382930\n|move|p2a: Music Box Doll|Volt Switch|p1a: Magearna\n|-damage|p1a: Magearna|25\/100 par\n|cant|p1a: Magearna|par\n|\n|upkeep\n|turn|33\n|\n|t:|1697382932\n|move|p2a: Music Box Doll|Volt Switch|p1a: Magearna\n|-damage|p1a: Magearna|14\/100 par\n|move|p1a: Magearna|Draining Kiss|p2a: Music Box Doll\n|-resisted|p2a: Music Box Doll\n|-damage|p2a: Music Box Doll|65\/100\n|-heal|p1a: Magearna|41\/100 par|[from] drain|[of] p2a: Music Box Doll\n|\n|-heal|p2a: Music Box Doll|71\/100|[from] item: Leftovers\n|upkeep\n|turn|34\n|c|\u2606I9821943813dws|ggs\n|\n|t:|1697382940\n|move|p2a: Music Box Doll|Volt Switch|p1a: Magearna\n|-damage|p1a: Magearna|30\/100 par\n|move|p1a: Magearna|Stored Power|p2a: Music Box Doll\n|-resisted|p2a: Music Box Doll\n|-damage|p2a: Music Box Doll|0 fnt\n|faint|p2a: Music Box Doll\n|\n|win|I9821943813dws\n|c|\u2606GratedsShtickface|gg\n","uploadtime":1697382945,"views":23,"p1id":"i9821943813dws","p2id":"gratedsshtickface","formatid":"gen9ubers","rating":0,"private":0,"password":""}