{"id":"gen9ubers-1981058045","p1":"zoragg","p2":"treegirl22","format":"[Gen 9] Ubers","log":"|j|\u2606zoragg\n|j|\u2606treegirl22\n|t:|1698860250\n|gametype|singles\n|player|p1|zoragg|dawn|1380\n|player|p2|treegirl22|marnie|1619\n|teamsize|p1|6\n|teamsize|p2|6\n|gen|9\n|tier|[Gen 9] Ubers\n|rated|\n|rule|Sleep Clause Mod: Limit one foe put to sleep\n|rule|Species Clause: Limit one of each Pok\u00e9mon\n|rule|OHKO Clause: OHKO moves are banned\n|rule|Evasion Items Clause: Evasion items are banned\n|rule|Evasion Moves Clause: Evasion moves are banned\n|rule|Endless Battle Clause: Forcing endless battles is banned\n|rule|HP Percentage Mod: HP is shown in percentages\n|clearpoke\n|poke|p1|Koraidon|\n|poke|p1|Ting-Lu|\n|poke|p1|Toxapex, F|\n|poke|p1|Miraidon|\n|poke|p1|Arceus-Fairy|\n|poke|p1|Zacian-*|\n|poke|p2|Koraidon|\n|poke|p2|Miraidon|\n|poke|p2|Giratina-Origin|\n|poke|p2|Clodsire, F|\n|poke|p2|Zacian-*|\n|poke|p2|Kyogre|\n|teampreview\n|inactive|Battle timer is ON: inactive players will automatically lose when time's up. (requested by treegirl22)\n|\n|t:|1698860267\n|start\n|switch|p1a: Koraidon|Koraidon|100\/100\n|switch|p2a: Flame Rider|Koraidon|100\/100\n|-weather|SunnyDay|[from] ability: Orichalcum Pulse|[of] p2a: Flame Rider\n|-activate|p2a: Flame Rider|Orichalcum Pulse|[source]\n|-activate|p1a: Koraidon|ability: Orichalcum Pulse\n|turn|1\n|\n|t:|1698860283\n|switch|p1a: Toxapex|Toxapex, F|100\/100\n|move|p2a: Flame Rider|Dragon Claw|p1a: Toxapex\n|-damage|p1a: Toxapex|68\/100\n|-damage|p2a: Flame Rider|84\/100|[from] item: Rocky Helmet|[of] p1a: Toxapex\n|\n|-weather|SunnyDay|[upkeep]\n|upkeep\n|turn|2\n|\n|t:|1698860293\n|switch|p2a: Squishmallow|Clodsire, F|100\/100\n|switch|p1a: Zacian|Zacian-Crowned|100\/100\n|-ability|p1a: Zacian|Intrepid Sword|boost\n|-boost|p1a: Zacian|atk|1\n|\n|-weather|SunnyDay|[upkeep]\n|upkeep\n|turn|3\n|\n|t:|1698860310\n|switch|p2a: Leviathan|Kyogre|100\/100\n|-weather|RainDance|[from] ability: Drizzle|[of] p2a: Leviathan\n|move|p1a: Zacian|Behemoth Blade|p2a: Leviathan\n|-resisted|p2a: Leviathan\n|-damage|p2a: Leviathan|71\/100\n|\n|-weather|RainDance|[upkeep]\n|-heal|p2a: Leviathan|77\/100|[from] item: Leftovers\n|upkeep\n|turn|4\n|\n|t:|1698860323\n|move|p1a: Zacian|Play Rough|p2a: Leviathan\n|-damage|p2a: Leviathan|22\/100\n|move|p2a: Leviathan|Surf|p1a: Zacian\n|-damage|p1a: Zacian|41\/100\n|\n|-weather|RainDance|[upkeep]\n|-heal|p2a: Leviathan|28\/100|[from] item: Leftovers\n|upkeep\n|turn|5\n|\n|t:|1698860336\n|move|p1a: Zacian|Wild Charge|p2a: Leviathan\n|-supereffective|p2a: Leviathan\n|-damage|p2a: Leviathan|0 fnt\n|faint|p2a: Leviathan\n|-damage|p1a: Zacian|32\/100|[from] Recoil\n|\n|-weather|RainDance|[upkeep]\n|upkeep\n|\n|t:|1698860358\n|switch|p2a: Flame Rider|Koraidon|84\/100\n|-weather|SunnyDay|[from] ability: Orichalcum Pulse|[of] p2a: Flame Rider\n|-activate|p2a: Flame Rider|Orichalcum Pulse|[source]\n|turn|6\n|\n|t:|1698860364\n|switch|p1a: Toxapex|Toxapex, F|100\/100\n|move|p2a: Flame Rider|Collision Course|p1a: Toxapex\n|-resisted|p1a: Toxapex\n|-damage|p1a: Toxapex|80\/100\n|-damage|p2a: Flame Rider|68\/100|[from] item: Rocky Helmet|[of] p1a: Toxapex\n|\n|-weather|SunnyDay|[upkeep]\n|upkeep\n|turn|7\n|\n|t:|1698860375\n|switch|p2a: Mach Bike|Miraidon|100\/100\n|-fieldstart|move: Electric Terrain|[from] ability: Hadron Engine|[of] p2a: Mach Bike\n|switch|p1a: Arceus|Arceus-Fairy|100\/100\n|\n|-weather|SunnyDay|[upkeep]\n|upkeep\n|turn|8\n|\n|t:|1698860389\n|switch|p1a: Ting-Lu|Ting-Lu|100\/100\n|-ability|p1a: Ting-Lu|Vessel of Ruin\n|move|p2a: Mach Bike|U-turn|p1a: Ting-Lu\n|-supereffective|p1a: Ting-Lu\n|-damage|p1a: Ting-Lu|88\/100\n|inactive|treegirl22 has 120 seconds left.\n|\n|t:|1698860410\n|switch|p2a: Beelzebub|Giratina-Origin|100\/100|[from] U-turn\n|\n|-weather|SunnyDay|[upkeep]\n|-heal|p1a: Ting-Lu|94\/100|[from] item: Leftovers\n|upkeep\n|turn|9\n|\n|t:|1698860417\n|move|p2a: Beelzebub|Will-O-Wisp|p1a: Ting-Lu\n|-status|p1a: Ting-Lu|brn\n|move|p1a: Ting-Lu|Ruination|p2a: Beelzebub\n|-damage|p2a: Beelzebub|50\/100\n|\n|-weather|SunnyDay|[upkeep]\n|-heal|p1a: Ting-Lu|99\/100 brn|[from] item: Leftovers\n|-damage|p1a: Ting-Lu|94\/100 brn|[from] brn\n|upkeep\n|turn|10\n|inactive|treegirl22 has 120 seconds left.\n|\n|t:|1698860441\n|move|p2a: Beelzebub|Shadow Ball|p1a: Ting-Lu\n|-resisted|p1a: Ting-Lu\n|-damage|p1a: Ting-Lu|86\/100 brn\n|move|p1a: Ting-Lu|Ruination|p2a: Beelzebub\n|-damage|p2a: Beelzebub|25\/100\n|\n|-weather|none\n|-heal|p1a: Ting-Lu|92\/100 brn|[from] item: Leftovers\n|-damage|p1a: Ting-Lu|86\/100 brn|[from] brn\n|upkeep\n|turn|11\n|inactive|treegirl22 has 120 seconds left.\n|\n|t:|1698860447\n|switch|p1a: Arceus|Arceus-Fairy|100\/100\n|move|p2a: Beelzebub|Shadow Ball|p1a: Arceus\n|-damage|p1a: Arceus|73\/100\n|\n|-fieldend|move: Electric Terrain\n|upkeep\n|turn|12\n|inactive|treegirl22 has 120 seconds left.\n|\n|t:|1698860459\n|switch|p2a: Sif|Zacian-Crowned|100\/100\n|-ability|p2a: Sif|Intrepid Sword|boost\n|-boost|p2a: Sif|atk|1\n|move|p1a: Arceus|Will-O-Wisp|p2a: Sif\n|-status|p2a: Sif|brn\n|\n|-damage|p2a: Sif|94\/100 brn|[from] brn\n|upkeep\n|turn|13\n|\n|t:|1698860466\n|switch|p1a: Toxapex|Toxapex, F|100\/100\n|move|p2a: Sif|Swords Dance|p2a: Sif\n|-boost|p2a: Sif|atk|2\n|\n|-damage|p2a: Sif|88\/100 brn|[from] brn\n|upkeep\n|turn|14\n|\n|t:|1698860479\n|move|p2a: Sif|Crunch|p1a: Toxapex\n|-damage|p1a: Toxapex|77\/100\n|-damage|p2a: Sif|72\/100 brn|[from] item: Rocky Helmet|[of] p1a: Toxapex\n|move|p1a: Toxapex|Haze|p1a: Toxapex\n|-clearallboost\n|\n|-damage|p2a: Sif|65\/100 brn|[from] brn\n|upkeep\n|turn|15\n|inactive|treegirl22 has 120 seconds left.\n|\n|t:|1698860502\n|switch|p2a: Squishmallow|Clodsire, F|100\/100\n|move|p1a: Toxapex|Toxic Spikes|p2a: Squishmallow\n|-sidestart|p2: treegirl22|move: Toxic Spikes\n|\n|upkeep\n|turn|16\n|\n|t:|1698860509\n|switch|p1a: Arceus|Arceus-Fairy|73\/100\n|move|p2a: Squishmallow|Spikes|p1a: Arceus\n|-sidestart|p1: zoragg|Spikes\n|\n|upkeep\n|turn|17\n|\n|t:|1698860518\n|switch|p1a: Koraidon|Koraidon|100\/100\n|-damage|p1a: Koraidon|88\/100|[from] Spikes\n|-weather|SunnyDay|[from] ability: Orichalcum Pulse|[of] p1a: Koraidon\n|-activate|p1a: Koraidon|Orichalcum Pulse|[source]\n|move|p2a: Squishmallow|Toxic|p1a: Koraidon\n|-status|p1a: Koraidon|tox\n|\n|-weather|SunnyDay|[upkeep]\n|-damage|p1a: Koraidon|82\/100 tox|[from] psn\n|upkeep\n|turn|18\n|\n|t:|1698860530\n|switch|p2a: Sif|Zacian-Crowned|65\/100 brn\n|move|p1a: Koraidon|Flare Blitz|p2a: Sif\n|-supereffective|p2a: Sif\n|-damage|p2a: Sif|0 fnt\n|faint|p2a: Sif\n|-damage|p1a: Koraidon|61\/100 tox|[from] Recoil\n|\n|-weather|SunnyDay|[upkeep]\n|-damage|p1a: Koraidon|49\/100 tox|[from] psn\n|upkeep\n|\n|t:|1698860552\n|switch|p2a: Mach Bike|Miraidon|100\/100\n|-fieldstart|move: Electric Terrain|[from] ability: Hadron Engine|[of] p2a: Mach Bike\n|turn|19\n|j| Pokeymone\n|\n|t:|1698860561\n|switch|p1a: Ting-Lu|Ting-Lu|86\/100 brn\n|-damage|p1a: Ting-Lu|74\/100 brn|[from] Spikes\n|-ability|p1a: Ting-Lu|Vessel of Ruin\n|move|p2a: Mach Bike|Draco Meteor|p1a: Ting-Lu|[miss]\n|-miss|p2a: Mach Bike|p1a: Ting-Lu\n|\n|-weather|SunnyDay|[upkeep]\n|-heal|p1a: Ting-Lu|80\/100 brn|[from] item: Leftovers\n|-damage|p1a: Ting-Lu|74\/100 brn|[from] brn\n|upkeep\n|turn|20\n|\n|t:|1698860570\n|move|p2a: Mach Bike|U-turn|p1a: Ting-Lu\n|-supereffective|p1a: Ting-Lu\n|-damage|p1a: Ting-Lu|60\/100 brn\n|\n|t:|1698860576\n|switch|p2a: Squishmallow|Clodsire, F|100\/100|[from] U-turn\n|-sideend|p2: treegirl22|move: Toxic Spikes|[of] p2a: Squishmallow\n|move|p1a: Ting-Lu|Spikes|p2a: Squishmallow\n|-sidestart|p2: treegirl22|Spikes\n|\n|-weather|SunnyDay|[upkeep]\n|-heal|p1a: Ting-Lu|66\/100 brn|[from] item: Leftovers\n|-damage|p1a: Ting-Lu|60\/100 brn|[from] brn\n|upkeep\n|turn|21\n|\n|t:|1698860587\n|move|p1a: Ting-Lu|Earthquake|p2a: Squishmallow\n|-supereffective|p2a: Squishmallow\n|-damage|p2a: Squishmallow|63\/100\n|move|p2a: Squishmallow|Spikes|p1a: Ting-Lu\n|-sidestart|p1: zoragg|Spikes\n|\n|-weather|none\n|-heal|p1a: Ting-Lu|66\/100 brn|[from] item: Leftovers\n|-heal|p2a: Squishmallow|69\/100|[from] item: Leftovers\n|-damage|p1a: Ting-Lu|60\/100 brn|[from] brn\n|upkeep\n|turn|22\n|\n|t:|1698860603\n|switch|p1a: Koraidon|Koraidon|49\/100 tox\n|-damage|p1a: Koraidon|33\/100 tox|[from] Spikes\n|-weather|SunnyDay|[from] ability: Orichalcum Pulse|[of] p1a: Koraidon\n|-activate|p1a: Koraidon|Orichalcum Pulse|[source]\n|move|p2a: Squishmallow|Recover|p2a: Squishmallow\n|-heal|p2a: Squishmallow|100\/100\n|\n|-weather|SunnyDay|[upkeep]\n|-damage|p1a: Koraidon|27\/100 tox|[from] psn\n|upkeep\n|turn|23\n|\n|t:|1698860625\n|move|p1a: Koraidon|Outrage|p2a: Squishmallow\n|-damage|p2a: Squishmallow|0 fnt\n|faint|p2a: Squishmallow\n|\n|-weather|SunnyDay|[upkeep]\n|-damage|p1a: Koraidon|14\/100 tox|[from] psn\n|-fieldend|move: Electric Terrain\n|upkeep\n|\n|t:|1698860632\n|switch|p2a: Flame Rider|Koraidon|68\/100\n|-damage|p2a: Flame Rider|55\/100|[from] Spikes\n|-activate|p2a: Flame Rider|ability: Orichalcum Pulse\n|turn|24\n|\n|t:|1698860642\n|move|p2a: Flame Rider|Collision Course|p1a: Koraidon\n|-damage|p1a: Koraidon|0 fnt\n|faint|p1a: Koraidon\n|\n|-weather|SunnyDay|[upkeep]\n|upkeep\n|\n|t:|1698860647\n|switch|p1a: Arceus|Arceus-Fairy|73\/100\n|-damage|p1a: Arceus|57\/100|[from] Spikes\n|turn|25\n|\n|t:|1698860663\n|switch|p2a: Beelzebub|Giratina-Origin|25\/100\n|move|p1a: Arceus|Recover|p1a: Arceus\n|-heal|p1a: Arceus|100\/100\n|\n|-weather|SunnyDay|[upkeep]\n|upkeep\n|turn|26\n|inactive|treegirl22 has 120 seconds left.\n|\n|t:|1698860678\n|-terastallize|p2a: Beelzebub|Poison\n|move|p1a: Arceus|Judgment|p2a: Beelzebub\n|-resisted|p2a: Beelzebub\n|-damage|p2a: Beelzebub|10\/100\n|move|p2a: Beelzebub|Shadow Ball|p1a: Arceus\n|-crit|p1a: Arceus\n|-damage|p1a: Arceus|63\/100\n|\n|-weather|none\n|upkeep\n|turn|27\n|\n|t:|1698860686\n|move|p1a: Arceus|Judgment|p2a: Beelzebub\n|-resisted|p2a: Beelzebub\n|-damage|p2a: Beelzebub|0 fnt\n|faint|p2a: Beelzebub\n|\n|upkeep\n|\n|t:|1698860692\n|switch|p2a: Mach Bike|Miraidon|100\/100\n|-fieldstart|move: Electric Terrain|[from] ability: Hadron Engine|[of] p2a: Mach Bike\n|turn|28\n|\n|t:|1698860699\n|switch|p1a: Ting-Lu|Ting-Lu|60\/100 brn\n|-damage|p1a: Ting-Lu|43\/100 brn|[from] Spikes\n|-ability|p1a: Ting-Lu|Vessel of Ruin\n|move|p2a: Mach Bike|Electro Drift|p1a: Ting-Lu\n|-immune|p1a: Ting-Lu\n|\n|-heal|p1a: Ting-Lu|49\/100 brn|[from] item: Leftovers\n|-damage|p1a: Ting-Lu|43\/100 brn|[from] brn\n|upkeep\n|turn|29\n|\n|t:|1698860708\n|move|p2a: Mach Bike|Draco Meteor|p1a: Ting-Lu\n|-damage|p1a: Ting-Lu|2\/100 brn\n|-unboost|p2a: Mach Bike|spa|2\n|move|p1a: Ting-Lu|Ruination|p2a: Mach Bike\n|-damage|p2a: Mach Bike|51\/100\n|\n|-heal|p1a: Ting-Lu|8\/100 brn|[from] item: Leftovers\n|-damage|p1a: Ting-Lu|2\/100 brn|[from] brn\n|upkeep\n|turn|30\n|\n|t:|1698860723\n|move|p2a: Mach Bike|U-turn|p1a: Ting-Lu\n|-supereffective|p1a: Ting-Lu\n|-damage|p1a: Ting-Lu|0 fnt\n|faint|p1a: Ting-Lu\n|\n|t:|1698860729\n|switch|p2a: Flame Rider|Koraidon|55\/100|[from] U-turn\n|-damage|p2a: Flame Rider|43\/100|[from] Spikes\n|-weather|SunnyDay|[from] ability: Orichalcum Pulse|[of] p2a: Flame Rider\n|-activate|p2a: Flame Rider|Orichalcum Pulse|[source]\n|\n|-weather|SunnyDay|[upkeep]\n|upkeep\n|\n|t:|1698860741\n|switch|p1a: Toxapex|Toxapex, F|100\/100\n|-damage|p1a: Toxapex|84\/100|[from] Spikes\n|turn|31\n|\n|t:|1698860749\n|move|p2a: Flame Rider|U-turn|p1a: Toxapex\n|-resisted|p1a: Toxapex\n|-damage|p1a: Toxapex|74\/100\n|-damage|p2a: Flame Rider|27\/100|[from] item: Rocky Helmet|[of] p1a: Toxapex\n|\n|t:|1698860753\n|switch|p2a: Mach Bike|Miraidon|51\/100|[from] U-turn\n|-activate|p2a: Mach Bike|ability: Hadron Engine\n|move|p1a: Toxapex|Toxic Spikes|p2a: Mach Bike\n|-sidestart|p2: treegirl22|move: Toxic Spikes\n|\n|-weather|SunnyDay|[upkeep]\n|upkeep\n|turn|32\n|\n|t:|1698860771\n|switch|p1a: Arceus|Arceus-Fairy|63\/100\n|-damage|p1a: Arceus|47\/100|[from] Spikes\n|move|p2a: Mach Bike|Electro Drift|p1a: Arceus\n|-damage|p1a: Arceus|0 fnt\n|faint|p1a: Arceus\n|\n|-weather|SunnyDay|[upkeep]\n|-fieldend|move: Electric Terrain\n|upkeep\n|\n|t:|1698860779\n|switch|p1a: Miraidon|Miraidon|100\/100\n|-damage|p1a: Miraidon|84\/100|[from] Spikes\n|-fieldstart|move: Electric Terrain|[from] ability: Hadron Engine|[of] p1a: Miraidon\n|turn|33\n|\n|t:|1698860787\n|-terastallize|p1a: Miraidon|Ghost\n|move|p2a: Mach Bike|Draco Meteor|p1a: Miraidon\n|-damage|p1a: Miraidon|12\/100\n|-unboost|p2a: Mach Bike|spa|2\n|move|p1a: Miraidon|Agility|p1a: Miraidon\n|-boost|p1a: Miraidon|spe|2\n|\n|-weather|SunnyDay|[upkeep]\n|-heal|p1a: Miraidon|18\/100|[from] item: Leftovers\n|upkeep\n|turn|34\n|\n|t:|1698860801\n|move|p1a: Miraidon|Dragon Pulse|p2a: Mach Bike\n|-supereffective|p2a: Mach Bike\n|-damage|p2a: Mach Bike|0 fnt\n|faint|p2a: Mach Bike\n|\n|-weather|none\n|-heal|p1a: Miraidon|24\/100|[from] item: Leftovers\n|upkeep\n|\n|t:|1698860805\n|switch|p2a: Flame Rider|Koraidon|27\/100\n|-damage|p2a: Flame Rider|14\/100|[from] Spikes\n|-status|p2a: Flame Rider|psn\n|-weather|SunnyDay|[from] ability: Orichalcum Pulse|[of] p2a: Flame Rider\n|-activate|p2a: Flame Rider|Orichalcum Pulse|[source]\n|turn|35\n|\n|t:|1698860809\n|move|p1a: Miraidon|Dragon Pulse|p2a: Flame Rider\n|-supereffective|p2a: Flame Rider\n|-damage|p2a: Flame Rider|0 fnt\n|faint|p2a: Flame Rider\n|\n|win|zoragg\n|raw|zoragg's rating: 1380 &rarr; <strong>1412<\/strong><br \/>(+32 for winning)\n|raw|treegirl22's rating: 1619 &rarr; <strong>1587<\/strong><br \/>(-32 for losing)\n|l|\u2606treegirl22\n","uploadtime":1698860857,"views":22,"p1id":"zoragg","p2id":"treegirl22","formatid":"gen9ubers","rating":1412,"private":0,"password":""}