{"id":"gen9ubers-1988725737","p1":"Pingu3591","p2":"Fhihffhvc","format":"[Gen 9] Ubers","log":"|j|\u2606Pingu3591\n|j|\u2606Fhihffhvc\n|t:|1699755314\n|gametype|singles\n|player|p1|Pingu3591|waiter|1000\n|player|p2|Fhihffhvc|101|1000\n|teamsize|p1|6\n|teamsize|p2|6\n|gen|9\n|tier|[Gen 9] Ubers\n|rated|\n|rule|Sleep Clause Mod: Limit one foe put to sleep\n|rule|Species Clause: Limit one of each Pok\u00e9mon\n|rule|OHKO Clause: OHKO moves are banned\n|rule|Evasion Items Clause: Evasion items are banned\n|rule|Evasion Moves Clause: Evasion moves are banned\n|rule|Endless Battle Clause: Forcing endless battles is banned\n|rule|HP Percentage Mod: HP is shown in percentages\n|clearpoke\n|poke|p1|Indeedee-F, F|\n|poke|p1|Armarouge, F|\n|poke|p1|Polteageist-Antique|\n|poke|p1|Hatterene, F|\n|poke|p1|Volcarona, F|\n|poke|p1|Great Tusk|\n|poke|p2|Magcargo, M|\n|poke|p2|Mienshao, F|\n|poke|p2|Golem-Alola, M|\n|poke|p2|Flapple, M|\n|poke|p2|Furret, M|\n|poke|p2|Crabominable, F|\n|teampreview\n|j| Martin80\n|\n|t:|1699755329\n|start\n|switch|p1a: Great Tusk|Great Tusk|100\/100\n|switch|p2a: Mienshao|Mienshao, F|100\/100\n|turn|1\n|\n|t:|1699755356\n|-end|p1a: Great Tusk|Protosynthesis|[silent]\n|switch|p1a: Hatterene|Hatterene, F|100\/100\n|move|p2a: Mienshao|Fake Out|p1a: Hatterene\n|-damage|p1a: Hatterene|90\/100\n|\n|-heal|p1a: Hatterene|96\/100|[from] item: Leftovers\n|upkeep\n|turn|2\n|\n|t:|1699755367\n|switch|p2a: Furret|Furret, M|100\/100\n|-item|p1a: Hatterene|Leftovers|[from] ability: Frisk|[of] p2a: Furret|[identify]\n|move|p1a: Hatterene|Draining Kiss|p2a: Furret\n|-damage|p2a: Furret|59\/100\n|-heal|p1a: Hatterene|100\/100|[from] drain|[of] p2a: Furret\n|\n|-status|p2a: Furret|tox|[from] item: Toxic Orb\n|upkeep\n|turn|3\n|\n|t:|1699755379\n|move|p2a: Furret|Fling|p1a: Hatterene\n|-damage|p1a: Hatterene|95\/100\n|-status|p1a: Hatterene|tox\n|-enditem|p2a: Furret|Toxic Orb|[from] move: Fling\n|move|p1a: Hatterene|Mystical Fire|p2a: Furret\n|-damage|p2a: Furret|16\/100 tox\n|-unboost|p2a: Furret|spa|1\n|\n|-heal|p1a: Hatterene|100\/100 tox|[from] item: Leftovers\n|-damage|p2a: Furret|10\/100 tox|[from] psn\n|-damage|p1a: Hatterene|95\/100 tox|[from] psn\n|upkeep\n|turn|4\n|\n|t:|1699755394\n|move|p2a: Furret|Knock Off|p1a: Hatterene\n|-damage|p1a: Hatterene|76\/100 tox\n|-enditem|p1a: Hatterene|Leftovers|[from] move: Knock Off|[of] p2a: Furret\n|move|p1a: Hatterene|Draining Kiss|p2a: Furret\n|-damage|p2a: Furret|0 fnt\n|-heal|p1a: Hatterene|83\/100 tox|[from] drain|[of] p2a: Furret\n|faint|p2a: Furret\n|\n|-damage|p1a: Hatterene|71\/100 tox|[from] psn\n|upkeep\n|\n|t:|1699755418\n|switch|p2a: Magcargo|Magcargo, M|100\/100\n|turn|5\n|\n|t:|1699755440\n|move|p2a: Magcargo|Shell Smash|p2a: Magcargo\n|-unboost|p2a: Magcargo|def|1\n|-unboost|p2a: Magcargo|spd|1\n|-boost|p2a: Magcargo|atk|2\n|-boost|p2a: Magcargo|spa|2\n|-boost|p2a: Magcargo|spe|2\n|-enditem|p2a: Magcargo|White Herb\n|-clearnegativeboost|p2a: Magcargo|[silent]\n|move|p1a: Hatterene|Psyshock|p2a: Magcargo\n|-damage|p2a: Magcargo|59\/100\n|\n|-damage|p1a: Hatterene|53\/100 tox|[from] psn\n|upkeep\n|turn|6\n|inactive|Battle timer is ON: inactive players will automatically lose when time's up. (requested by Pingu3591)\n|c| Martin80|el diablo\n|\n|t:|1699755458\n|move|p2a: Magcargo|Fire Blast|p1a: Hatterene\n|-damage|p1a: Hatterene|0 fnt\n|faint|p1a: Hatterene\n|\n|upkeep\n|\n|t:|1699755483\n|switch|p1a: Great Tusk|Great Tusk|100\/100\n|turn|7\n|\n|t:|1699755487\n|-terastallize|p2a: Magcargo|Grass\n|move|p2a: Magcargo|Tera Blast|p1a: Great Tusk|[anim] Tera Blast Grass\n|-supereffective|p1a: Great Tusk\n|-damage|p1a: Great Tusk|0 fnt\n|faint|p1a: Great Tusk\n|-end|p1a: Great Tusk|Protosynthesis|[silent]\n|\n|upkeep\n|c|\u2606Pingu3591|DIAVLO\n|\n|t:|1699755499\n|switch|p1a: Volcarona|Volcarona, F|100\/100\n|turn|8\n|c| Martin80|enserio estos son los pokemon uber,me esperaba a puro legendario\n|\n|t:|1699755505\n|move|p2a: Magcargo|Power Gem|p1a: Volcarona\n|-supereffective|p1a: Volcarona\n|-damage|p1a: Volcarona|0 fnt\n|faint|p1a: Volcarona\n|\n|upkeep\n|c|\u2606Pingu3591|te lo dije\n|c|\u2606Pingu3591|uber es un infierno\n|\n|t:|1699755520\n|switch|p1a: Polteageist|Polteageist-Antique|100\/100\n|turn|9\n|\n|t:|1699755526\n|-terastallize|p1a: Polteageist|Fighting\n|move|p2a: Magcargo|Power Gem|p1a: Polteageist\n|-resisted|p1a: Polteageist\n|-damage|p1a: Polteageist|61\/100\n|move|p1a: Polteageist|Tera Blast|p2a: Magcargo|[anim] Tera Blast Fighting\n|-damage|p2a: Magcargo|0 fnt\n|faint|p2a: Magcargo\n|\n|upkeep\n|c| Martin80|ya vi ._.\n|c|\u2606Pingu3591|YIPEEEE\n|c| Martin80|yipeeeeeeeeeeeeeeee\n|inactive|Fhihffhvc has 120 seconds left.\n|\n|t:|1699755557\n|switch|p2a: Flapple|Flapple, M|100\/100\n|turn|10\n|\n|t:|1699755567\n|move|p2a: Flapple|Dragon Dance|p2a: Flapple\n|-boost|p2a: Flapple|atk|1\n|-boost|p2a: Flapple|spe|1\n|move|p1a: Polteageist|Stored Power|p2a: Flapple\n|-crit|p2a: Flapple\n|-damage|p2a: Flapple|79\/100\n|\n|upkeep\n|turn|11\n|inactive|Fhihffhvc has 120 seconds left.\n|\n|t:|1699755588\n|switch|p1a: Indeedee|Indeedee-F, F|100\/100\n|-fieldstart|move: Psychic Terrain|[from] ability: Psychic Surge|[of] p1a: Indeedee\n|move|p2a: Flapple|Grav Apple|p1a: Indeedee\n|-damage|p1a: Indeedee|0 fnt\n|faint|p1a: Indeedee\n|\n|upkeep\n|\n|t:|1699755596\n|switch|p1a: Armarouge|Armarouge, F|100\/100\n|turn|12\n|c| Martin80|stored power solo funciona bien cuando te aumentas las caracteristicas un huevo\n|\n|t:|1699755601\n|move|p2a: Flapple|Grav Apple|p1a: Armarouge\n|-resisted|p1a: Armarouge\n|-damage|p1a: Armarouge|60\/100\n|-unboost|p1a: Armarouge|def|1\n|-ability|p1a: Armarouge|Weak Armor|boost\n|-unboost|p1a: Armarouge|def|1\n|-boost|p1a: Armarouge|spe|2\n|move|p1a: Armarouge|Armor Cannon|p2a: Flapple\n|-damage|p2a: Flapple|0 fnt\n|-unboost|p1a: Armarouge|def|1\n|-unboost|p1a: Armarouge|spd|1\n|faint|p2a: Flapple\n|\n|upkeep\n|c|\u2606Pingu3591|si yo se\n|c|\u2606Pingu3591|pero no me iba a dar tiempo\n|\n|t:|1699755616\n|switch|p2a: Mienshao|Mienshao, F|100\/100\n|turn|13\n|c|\u2606Pingu3591|asi q intente darle al menos algo de da\u00f1o\n|c| Martin80|podrias haber usado shell smash si tenias\n|\n|t:|1699755622\n|move|p1a: Armarouge|Expanding Force|p2a: Mienshao\n|-supereffective|p2a: Mienshao\n|-enditem|p2a: Mienshao|Focus Sash\n|-damage|p2a: Mienshao|1\/100\n|move|p2a: Mienshao|Knock Off|p1a: Armarouge\n|-supereffective|p1a: Armarouge\n|-damage|p1a: Armarouge|0 fnt\n|-enditem|p1a: Armarouge|Focus Sash|[from] move: Knock Off|[of] p2a: Mienshao\n|faint|p1a: Armarouge\n|\n|upkeep\n|c|\u2606Pingu3591|NOOO\n|\n|t:|1699755632\n|switch|p1a: Polteageist|Polteageist-Antique, tera:Fighting|61\/100\n|turn|14\n|c| Martin80|ez\n|\n|t:|1699755640\n|move|p2a: Mienshao|High Jump Kick|p1a: Polteageist|[miss]\n|-miss|p2a: Mienshao|p1a: Polteageist\n|-damage|p2a: Mienshao|0 fnt|[from] highjumpkick\n|faint|p2a: Mienshao\n|move|p1a: Polteageist|Shell Smash|p1a: Polteageist\n|-unboost|p1a: Polteageist|def|1\n|-unboost|p1a: Polteageist|spd|1\n|-boost|p1a: Polteageist|atk|2\n|-boost|p1a: Polteageist|spa|2\n|-boost|p1a: Polteageist|spe|2\n|\n|upkeep\n|c| Martin80|._.\n|c|\u2606Pingu3591|ahora si kausas\n|\n|t:|1699755651\n|switch|p2a: Golem|Golem-Alola, M|100\/100\n|turn|15\n|\n|t:|1699755657\n|move|p1a: Polteageist|Tera Blast|p2a: Golem|[anim] Tera Blast Fighting\n|-supereffective|p2a: Golem\n|-damage|p2a: Golem|0 fnt\n|faint|p2a: Golem\n|\n|upkeep\n|\n|t:|1699755662\n|switch|p2a: Crabominable|Crabominable, F|100\/100\n|turn|16\n|c|\u2606Pingu3591|ojo\n|c| Martin80|OjO chavales\n|\n|t:|1699755673\n|move|p1a: Polteageist|Stored Power|p2a: Crabominable\n|-supereffective|p2a: Crabominable\n|-damage|p2a: Crabominable|0 fnt\n|faint|p2a: Crabominable\n|\n|win|Pingu3591\n|raw|Pingu3591's rating: 1000 &rarr; <strong>1040<\/strong><br \/>(+40 for winning)\n|raw|Fhihffhvc's rating: 1000 &rarr; <strong>1000<\/strong><br \/>(+0 for losing)\n|c|\u2606Pingu3591|DIOOOS\n|c| Martin80|felicidades shinji\n|c|\u2606Pingu3591|en ubers tu te encuentras de todo\n|c| Martin80|pensaba que eran full legendarios\n|l|\u2606Pingu3591\n|l| Martin80\n","uploadtime":1699755726,"views":9,"p1id":"pingu3591","p2id":"fhihffhvc","formatid":"gen9ubers","rating":1000,"private":0,"password":""}