{"id":"gen9ubers-1993555542","p1":"JcPenguin","p2":"blakjac","format":"[Gen 9] Ubers","log":"|j|\u2606JcPenguin\n|j|\u2606blakjac\n|t:|1700331295\n|gametype|singles\n|player|p1|JcPenguin|firebreather|\n|player|p2|blakjac|burglar|\n|teamsize|p1|6\n|teamsize|p2|6\n|gen|9\n|tier|[Gen 9] Ubers\n|rule|Sleep Clause Mod: Limit one foe put to sleep\n|rule|Species Clause: Limit one of each Pok\u00e9mon\n|rule|OHKO Clause: OHKO moves are banned\n|rule|Evasion Items Clause: Evasion items are banned\n|rule|Evasion Moves Clause: Evasion moves are banned\n|rule|Endless Battle Clause: Forcing endless battles is banned\n|rule|HP Percentage Mod: HP is shown in percentages\n|clearpoke\n|poke|p1|Lilligant-Hisui, F|\n|poke|p1|Torkoal, M|\n|poke|p1|Roaring Moon|\n|poke|p1|Brute Bonnet|\n|poke|p1|Walking Wake|\n|poke|p1|Eiscue, F|\n|poke|p2|Crawdaunt, M|\n|poke|p2|Heatran, M|\n|poke|p2|Iron Hands|\n|poke|p2|Iron Bundle|\n|poke|p2|Landorus-Therian, M|\n|poke|p2|Rillaboom, F|\n|teampreview\n|\n|t:|1700331302\n|start\n|switch|p1a: Tortoise|Torkoal, M, shiny|100\/100\n|switch|p2a: Smallbrookbang|Rillaboom, F|100\/100\n|-fieldstart|move: Grassy Terrain|[from] ability: Grassy Surge|[of] p2a: Smallbrookbang\n|-weather|SunnyDay|[from] ability: Drought|[of] p1a: Tortoise\n|turn|1\n|j| Antistyx\n|\n|t:|1700331375\n|switch|p2a: Tumtumshook|Crawdaunt, M|100\/100\n|move|p1a: Tortoise|Stealth Rock|p2a: Tumtumshook\n|-sidestart|p2: blakjac|move: Stealth Rock\n|\n|-weather|SunnyDay|[upkeep]\n|upkeep\n|turn|2\n|\n|t:|1700331395\n|switch|p1a: Flower|Lilligant-Hisui, F|100\/100\n|move|p2a: Tumtumshook|Aqua Jet|p1a: Flower\n|-resisted|p1a: Flower\n|-damage|p1a: Flower|84\/100\n|\n|-weather|SunnyDay|[upkeep]\n|-heal|p1a: Flower|90\/100|[from] Grassy Terrain\n|-heal|p1a: Flower|96\/100|[from] item: Leftovers\n|upkeep\n|turn|3\n|\n|t:|1700331450\n|switch|p2a: Warmjog|Heatran, M|100\/100\n|-damage|p2a: Warmjog|88\/100|[from] Stealth Rock\n|-item|p2a: Warmjog|Air Balloon\n|move|p1a: Flower|Solar Blade||[still]\n|-prepare|p1a: Flower|Solar Blade\n|-anim|p1a: Flower|Solar Blade|p2a: Warmjog\n|-resisted|p2a: Warmjog\n|-damage|p2a: Warmjog|74\/100\n|-status|p1a: Flower|brn|[from] ability: Flame Body|[of] p2a: Warmjog\n|-enditem|p2a: Warmjog|Air Balloon\n|\n|-weather|SunnyDay|[upkeep]\n|-heal|p1a: Flower|100\/100 brn|[from] Grassy Terrain\n|-heal|p2a: Warmjog|80\/100|[from] Grassy Terrain\n|-damage|p1a: Flower|94\/100 brn|[from] brn\n|upkeep\n|turn|4\n|\n|t:|1700331473\n|switch|p1a: Velociraptor|Walking Wake|100\/100\n|-activate|p1a: Velociraptor|ability: Protosynthesis\n|-start|p1a: Velociraptor|protosynthesisspe\n|move|p2a: Warmjog|Stealth Rock|p1a: Velociraptor\n|-sidestart|p1: JcPenguin|move: Stealth Rock\n|\n|-weather|SunnyDay|[upkeep]\n|-heal|p2a: Warmjog|86\/100|[from] Grassy Terrain\n|upkeep\n|turn|5\n|\n|t:|1700331559\n|move|p1a: Velociraptor|Flamethrower|p2a: Warmjog\n|-crit|p2a: Warmjog\n|-damage|p2a: Warmjog|1\/100\n|move|p2a: Warmjog|Taunt|p1a: Velociraptor\n|-start|p1a: Velociraptor|move: Taunt\n|\n|-weather|SunnyDay|[upkeep]\n|-heal|p2a: Warmjog|7\/100|[from] Grassy Terrain\n|-fieldend|move: Grassy Terrain\n|upkeep\n|turn|6\n|\n|t:|1700331636\n|move|p1a: Velociraptor|Flamethrower|p2a: Warmjog\n|-damage|p2a: Warmjog|0 fnt\n|faint|p2a: Warmjog\n|\n|-weather|SunnyDay|[upkeep]\n|upkeep\n|\n|t:|1700331663\n|switch|p2a: Steel Fade|Iron Hands|100\/100\n|-damage|p2a: Steel Fade|94\/100|[from] Stealth Rock\n|-enditem|p2a: Steel Fade|Booster Energy\n|-activate|p2a: Steel Fade|ability: Quark Drive|[fromitem]\n|-start|p2a: Steel Fade|quarkdriveatk\n|turn|7\n|\n|t:|1700331676\n|-end|p1a: Velociraptor|Protosynthesis|[silent]\n|switch|p1a: Pterodactyl|Roaring Moon|100\/100\n|-damage|p1a: Pterodactyl|88\/100|[from] Stealth Rock\n|-activate|p1a: Pterodactyl|ability: Protosynthesis\n|-start|p1a: Pterodactyl|protosynthesisspe\n|move|p2a: Steel Fade|Thunder Punch|p1a: Pterodactyl\n|-resisted|p1a: Pterodactyl\n|-damage|p1a: Pterodactyl|56\/100\n|\n|-weather|SunnyDay|[upkeep]\n|upkeep\n|turn|8\n|\n|t:|1700331692\n|move|p1a: Pterodactyl|Earthquake|p2a: Steel Fade\n|-supereffective|p2a: Steel Fade\n|-damage|p2a: Steel Fade|28\/100\n|move|p2a: Steel Fade|Drain Punch|p1a: Pterodactyl\n|-supereffective|p1a: Pterodactyl\n|-damage|p1a: Pterodactyl|0 fnt\n|-heal|p2a: Steel Fade|49\/100|[from] drain|[of] p1a: Pterodactyl\n|faint|p1a: Pterodactyl\n|-end|p1a: Pterodactyl|Protosynthesis|[silent]\n|\n|-weather|none\n|upkeep\n|\n|t:|1700331705\n|switch|p1a: Tortoise|Torkoal, M, shiny|100\/100\n|-damage|p1a: Tortoise|76\/100|[from] Stealth Rock\n|-weather|SunnyDay|[from] ability: Drought|[of] p1a: Tortoise\n|turn|9\n|\n|t:|1700331730\n|move|p2a: Steel Fade|Drain Punch|p1a: Tortoise\n|-damage|p1a: Tortoise|50\/100\n|-heal|p2a: Steel Fade|58\/100|[from] drain|[of] p1a: Tortoise\n|move|p1a: Tortoise|Yawn|p2a: Steel Fade\n|-start|p2a: Steel Fade|move: Yawn|[of] p1a: Tortoise\n|\n|-weather|SunnyDay|[upkeep]\n|upkeep\n|turn|10\n|\n|t:|1700331744\n|move|p2a: Steel Fade|Drain Punch|p1a: Tortoise\n|-damage|p1a: Tortoise|24\/100\n|-heal|p2a: Steel Fade|68\/100|[from] drain|[of] p1a: Tortoise\n|move|p1a: Tortoise|Rapid Spin|p2a: Steel Fade\n|-damage|p2a: Steel Fade|61\/100\n|-boost|p1a: Tortoise|spe|1\n|-sideend|p1: JcPenguin|Stealth Rock|[from] move: Rapid Spin|[of] p1a: Tortoise\n|\n|-weather|SunnyDay|[upkeep]\n|-end|p2a: Steel Fade|move: Yawn|[silent]\n|-status|p2a: Steel Fade|slp\n|upkeep\n|turn|11\n|\n|t:|1700331819\n|-end|p2a: Steel Fade|Quark Drive|[silent]\n|switch|p2a: Tumtumshook|Crawdaunt, M|100\/100\n|-damage|p2a: Tumtumshook|88\/100|[from] Stealth Rock\n|switch|p1a: Velociraptor|Walking Wake|100\/100\n|-activate|p1a: Velociraptor|ability: Protosynthesis\n|-start|p1a: Velociraptor|protosynthesisspe\n|\n|-weather|SunnyDay|[upkeep]\n|upkeep\n|turn|12\n|\n|t:|1700331837\n|move|p1a: Velociraptor|Draco Meteor|p2a: Tumtumshook\n|-damage|p2a: Tumtumshook|0 fnt\n|-unboost|p1a: Velociraptor|spa|2\n|faint|p2a: Tumtumshook\n|\n|-weather|SunnyDay|[upkeep]\n|upkeep\n|\n|t:|1700331855\n|switch|p2a: Rigid Bandz|Iron Bundle|100\/100\n|turn|13\n|\n|t:|1700331870\n|-end|p1a: Velociraptor|Protosynthesis|[silent]\n|switch|p1a: Tortoise|Torkoal, M, shiny|24\/100\n|move|p2a: Rigid Bandz|Freeze-Dry|p1a: Tortoise\n|-resisted|p1a: Tortoise\n|-damage|p1a: Tortoise|0 fnt\n|faint|p1a: Tortoise\n|\n|-weather|SunnyDay|[upkeep]\n|upkeep\n|\n|t:|1700331886\n|switch|p1a: Flower|Lilligant-Hisui, F|94\/100 brn\n|turn|14\n|\n|t:|1700331909\n|move|p1a: Flower|Solar Blade||[still]\n|-prepare|p1a: Flower|Solar Blade\n|-anim|p1a: Flower|Solar Blade|p2a: Rigid Bandz\n|-supereffective|p2a: Rigid Bandz\n|-damage|p2a: Rigid Bandz|38\/100\n|move|p2a: Rigid Bandz|Ice Beam|p1a: Flower\n|-supereffective|p1a: Flower\n|-damage|p1a: Flower|0 fnt\n|faint|p1a: Flower\n|\n|-weather|SunnyDay|[upkeep]\n|upkeep\n|\n|t:|1700331928\n|switch|p1a: Velociraptor|Walking Wake|100\/100\n|-activate|p1a: Velociraptor|ability: Protosynthesis\n|-start|p1a: Velociraptor|protosynthesisspe\n|turn|15\n|\n|t:|1700331937\n|move|p1a: Velociraptor|Dragon Pulse|p2a: Rigid Bandz\n|-damage|p2a: Rigid Bandz|0 fnt\n|faint|p2a: Rigid Bandz\n|-end|p2a: Rigid Bandz|Quark Drive|[silent]\n|\n|-weather|SunnyDay|[upkeep]\n|upkeep\n|\n|t:|1700331952\n|switch|p2a: Calrissianiswe|Landorus-Therian, M|100\/100\n|-damage|p2a: Calrissianiswe|88\/100|[from] Stealth Rock\n|-ability|p2a: Calrissianiswe|Intimidate|boost\n|-unboost|p1a: Velociraptor|atk|1\n|turn|16\n|\n|t:|1700331976\n|move|p1a: Velociraptor|Dragon Pulse|p2a: Calrissianiswe\n|-crit|p2a: Calrissianiswe\n|-damage|p2a: Calrissianiswe|0 fnt\n|faint|p2a: Calrissianiswe\n|\n|-weather|none\n|-end|p1a: Velociraptor|Protosynthesis\n|upkeep\n|\n|t:|1700332057\n|switch|p2a: Steel Fade|Iron Hands|61\/100 slp\n|-damage|p2a: Steel Fade|55\/100 slp|[from] Stealth Rock\n|turn|17\n|\n|t:|1700332070\n|move|p1a: Velociraptor|Dragon Pulse|p2a: Steel Fade\n|-damage|p2a: Steel Fade|10\/100 slp\n|cant|p2a: Steel Fade|slp\n|\n|upkeep\n|turn|18\n|\n|t:|1700332082\n|move|p1a: Velociraptor|Dragon Pulse|p2a: Steel Fade\n|-damage|p2a: Steel Fade|0 fnt\n|faint|p2a: Steel Fade\n|-end|p2a: Steel Fade|Quark Drive|[silent]\n|\n|upkeep\n|\n|t:|1700332087\n|switch|p2a: Smallbrookbang|Rillaboom, F|100\/100\n|-damage|p2a: Smallbrookbang|88\/100|[from] Stealth Rock\n|-fieldstart|move: Grassy Terrain|[from] ability: Grassy Surge|[of] p2a: Smallbrookbang\n|turn|19\n|\n|t:|1700332099\n|-end|p1a: Velociraptor|Protosynthesis|[silent]\n|switch|p1a: Penguin|Eiscue, F, shiny|100\/100\n|move|p2a: Smallbrookbang|Drain Punch|p1a: Penguin\n|-activate|p1a: Penguin|ability: Ice Face\n|-damage|p1a: Penguin|100\/100\n|detailschange|p1a: Penguin|Eiscue-Noice, F, shiny\n|\n|-heal|p2a: Smallbrookbang|94\/100|[from] Grassy Terrain\n|-heal|p2a: Smallbrookbang|100\/100|[from] item: Leftovers\n|upkeep\n|turn|20\n|\n|t:|1700332116\n|move|p2a: Smallbrookbang|Grassy Glide|p1a: Penguin\n|-damage|p1a: Penguin|35\/100\n|move|p1a: Penguin|Ice Spinner|p2a: Smallbrookbang\n|-supereffective|p2a: Smallbrookbang\n|-crit|p2a: Smallbrookbang\n|-damage|p2a: Smallbrookbang|21\/100\n|-fieldend|move: Grassy Terrain\n|\n|-heal|p2a: Smallbrookbang|27\/100|[from] item: Leftovers\n|upkeep\n|turn|21\n|\n|t:|1700332126\n|move|p1a: Penguin|Ice Spinner|p2a: Smallbrookbang\n|-supereffective|p2a: Smallbrookbang\n|-damage|p2a: Smallbrookbang|0 fnt\n|faint|p2a: Smallbrookbang\n|\n|win|JcPenguin\n|l|\u2606JcPenguin\n|j|\u2606JcPenguin\n|player|p1|JcPenguin|firebreather\n|l|\u2606JcPenguin\n|player|p1|\n","uploadtime":1700332616,"views":32,"p1id":"jcpenguin","p2id":"blakjac","formatid":"gen9ubers","rating":0,"private":0,"password":""}