{"id":"gen9ubers-1970891669","p1":"jordblast","p2":"leonissenbaum","format":"[Gen 9] Ubers","log":"|j|\u2606jordblast\n|j|\u2606leonissenbaum\n|t:|1697677882\n|gametype|singles\n|player|p1|jordblast|clown|\n|player|p2|leonissenbaum|leon|\n|teamsize|p1|6\n|teamsize|p2|6\n|gen|9\n|tier|[Gen 9] Ubers\n|rule|Sleep Clause Mod: Limit one foe put to sleep\n|rule|Species Clause: Limit one of each Pok\u00e9mon\n|rule|OHKO Clause: OHKO moves are banned\n|rule|Evasion Items Clause: Evasion items are banned\n|rule|Evasion Moves Clause: Evasion moves are banned\n|rule|Endless Battle Clause: Forcing endless battles is banned\n|rule|HP Percentage Mod: HP is shown in percentages\n|clearpoke\n|poke|p1|Palkia-Origin|\n|poke|p1|Sandy Shocks|\n|poke|p1|Magearna|\n|poke|p1|Palafin, M|\n|poke|p1|Pelipper, M|\n|poke|p1|Sinistcha|\n|poke|p2|Giratina|\n|poke|p2|Gliscor, F|\n|poke|p2|Blissey, F|\n|poke|p2|Dondozo, F|\n|poke|p2|Clefable, F|\n|poke|p2|Cyclizar, M|\n|teampreview\n|c|\u2606leonissenbaum|hope you're still up for battling :p\n|c|\u2606jordblast|yeah\n|\n|t:|1697677908\n|start\n|switch|p1a: Sandy Shocks|Sandy Shocks|100\/100\n|switch|p2a: Gliscor|Gliscor, F|100\/100\n|-enditem|p1a: Sandy Shocks|Booster Energy\n|-activate|p1a: Sandy Shocks|ability: Protosynthesis|[fromitem]\n|-start|p1a: Sandy Shocks|protosynthesisspe\n|turn|1\n|\n|t:|1697677949\n|-end|p1a: Sandy Shocks|Protosynthesis|[silent]\n|switch|p1a: Pelipper|Pelipper, M|100\/100\n|-weather|RainDance|[from] ability: Drizzle|[of] p1a: Pelipper\n|move|p2a: Gliscor|Spikes|p1a: Pelipper\n|-sidestart|p1: jordblast|Spikes\n|\n|-weather|RainDance|[upkeep]\n|-status|p2a: Gliscor|tox|[from] item: Toxic Orb\n|upkeep\n|turn|2\n|\n|t:|1697677973\n|move|p2a: Gliscor|Toxic|p1a: Pelipper\n|-status|p1a: Pelipper|tox\n|move|p1a: Pelipper|U-turn|p2a: Gliscor\n|-resisted|p2a: Gliscor\n|-damage|p2a: Gliscor|97\/100 tox\n|\n|t:|1697677993\n|switch|p1a: Palafin|Palafin, M|100\/100|[from] U-turn\n|-damage|p1a: Palafin|88\/100|[from] Spikes\n|\n|-weather|RainDance|[upkeep]\n|-heal|p2a: Gliscor|100\/100 tox|[from] ability: Poison Heal\n|upkeep\n|turn|3\n|\n|t:|1697677998\n|switch|p2a: Dondozo|Dondozo, F|100\/100\n|move|p1a: Palafin|Flip Turn|p2a: Dondozo\n|-resisted|p2a: Dondozo\n|-damage|p2a: Dondozo|90\/100\n|-damage|p1a: Palafin|72\/100|[from] item: Rocky Helmet|[of] p2a: Dondozo\n|\n|t:|1697678005\n|detailschange|p1a: Palafin|Palafin-Hero, M\n|switch|p1a: Sandy Shocks|Sandy Shocks|100\/100|[from] Flip Turn\n|-damage|p1a: Sandy Shocks|88\/100|[from] Spikes\n|\n|-weather|RainDance|[upkeep]\n|upkeep\n|turn|4\n|\n|t:|1697678010\n|switch|p2a: Gliscor|Gliscor, F|100\/100 tox\n|move|p1a: Sandy Shocks|Spikes|p2a: Gliscor\n|-sidestart|p2: leonissenbaum|Spikes\n|\n|-weather|RainDance|[upkeep]\n|upkeep\n|turn|5\n|j| UUbers account\n|\n|t:|1697678049\n|move|p1a: Sandy Shocks|Spikes|p2a: Gliscor\n|-sidestart|p2: leonissenbaum|Spikes\n|move|p2a: Gliscor|Spikes|p1a: Sandy Shocks\n|-sidestart|p1: jordblast|Spikes\n|\n|-weather|RainDance|[upkeep]\n|upkeep\n|turn|6\n|\n|t:|1697678057\n|-end|p1a: Sandy Shocks|Protosynthesis|[silent]\n|switch|p1a: Pelipper|Pelipper, M|100\/100 tox\n|move|p2a: Gliscor|Spikes|p1a: Pelipper\n|-sidestart|p1: jordblast|Spikes\n|\n|-weather|RainDance|[upkeep]\n|-damage|p1a: Pelipper|94\/100 tox|[from] psn\n|upkeep\n|turn|7\n|\n|t:|1697678064\n|move|p2a: Gliscor|Protect|p2a: Gliscor\n|-singleturn|p2a: Gliscor|Protect\n|move|p1a: Pelipper|Surf|p2a: Gliscor\n|-activate|p2a: Gliscor|move: Protect\n|\n|-weather|RainDance|[upkeep]\n|-damage|p1a: Pelipper|82\/100 tox|[from] psn\n|upkeep\n|turn|8\n|\n|t:|1697678075\n|switch|p2a: Cyclizar|Cyclizar, M|100\/100\n|-damage|p2a: Cyclizar|84\/100|[from] Spikes\n|move|p1a: Pelipper|U-turn|p2a: Cyclizar\n|-damage|p2a: Cyclizar|71\/100\n|\n|t:|1697678161\n|switch|p1a: Palafin|Palafin-Hero, M|72\/100|[from] U-turn\n|-damage|p1a: Palafin|47\/100|[from] Spikes\n|-activate|p1a: Palafin|ability: Zero to Hero\n|\n|-weather|none\n|upkeep\n|turn|9\n|\n|t:|1697678171\n|switch|p2a: Dondozo|Dondozo, F|90\/100\n|-damage|p2a: Dondozo|73\/100|[from] Spikes\n|move|p1a: Palafin|Jet Punch|p2a: Dondozo\n|-resisted|p2a: Dondozo\n|-damage|p2a: Dondozo|61\/100\n|-damage|p1a: Palafin|30\/100|[from] item: Rocky Helmet|[of] p2a: Dondozo\n|\n|upkeep\n|turn|10\n|l| UUbers account\n|inactive|Battle timer is ON: inactive players will automatically lose when time's up. (requested by leonissenbaum)\n|\n|t:|1697678246\n|move|p1a: Palafin|Jet Punch|p2a: Dondozo\n|-resisted|p2a: Dondozo\n|-damage|p2a: Dondozo|49\/100\n|-damage|p1a: Palafin|14\/100|[from] item: Rocky Helmet|[of] p2a: Dondozo\n|move|p2a: Dondozo|Rest|p2a: Dondozo\n|-status|p2a: Dondozo|slp|[from] move: Rest\n|-heal|p2a: Dondozo|100\/100 slp|[silent]\n|\n|upkeep\n|turn|11\n|\n|t:|1697678275\n|switch|p1a: Sinistcha|Sinistcha|100\/100\n|-damage|p1a: Sinistcha|76\/100|[from] Spikes\n|cant|p2a: Dondozo|slp\n|move|p2a: Dondozo|Sleep Talk|p2a: Dondozo\n|move|p2a: Dondozo|Body Press|p1a: Sinistcha|[from]move: Sleep Talk\n|-immune|p1a: Sinistcha\n|\n|upkeep\n|turn|12\n|\n|t:|1697678294\n|switch|p1a: Palkia|Palkia-Origin|100\/100\n|-damage|p1a: Palkia|76\/100|[from] Spikes\n|-ability|p1a: Palkia|Pressure\n|switch|p2a: Gliscor|Gliscor, F|100\/100 tox\n|\n|upkeep\n|turn|13\n|inactive|jordblast has 270 seconds left.\n|inactive|jordblast has 240 seconds left.\n|inactive|jordblast has 210 seconds left.\n|\n|t:|1697678383\n|switch|p2a: Blissey|Blissey, F|100\/100\n|-damage|p2a: Blissey|84\/100|[from] Spikes\n|move|p1a: Palkia|Hydro Pump|p2a: Blissey\n|-damage|p2a: Blissey|61\/100\n|\n|-heal|p2a: Blissey|67\/100|[from] item: Leftovers\n|upkeep\n|turn|14\n|\n|t:|1697678391\n|move|p1a: Palkia|Hydro Pump|p2a: Blissey\n|-damage|p2a: Blissey|45\/100\n|move|p2a: Blissey|Stealth Rock|p1a: Palkia\n|-sidestart|p1: jordblast|move: Stealth Rock\n|\n|-heal|p2a: Blissey|51\/100|[from] item: Leftovers\n|upkeep\n|turn|15\n|inactive|jordblast has 210 seconds left.\n|\n|t:|1697678403\n|move|p1a: Palkia|Draco Meteor|p2a: Blissey\n|-damage|p2a: Blissey|24\/100\n|-unboost|p1a: Palkia|spa|2\n|move|p2a: Blissey|Soft-Boiled|p2a: Blissey\n|-heal|p2a: Blissey|74\/100\n|\n|-heal|p2a: Blissey|80\/100|[from] item: Leftovers\n|upkeep\n|turn|16\n|inactive|jordblast has 210 seconds left.\n|\n|t:|1697678409\n|switch|p1a: Pelipper|Pelipper, M|82\/100 tox\n|-damage|p1a: Pelipper|57\/100 tox|[from] Stealth Rock\n|-weather|RainDance|[from] ability: Drizzle|[of] p1a: Pelipper\n|move|p2a: Blissey|Seismic Toss|p1a: Pelipper\n|-damage|p1a: Pelipper|26\/100 tox\n|\n|-weather|RainDance|[upkeep]\n|-heal|p2a: Blissey|86\/100|[from] item: Leftovers\n|-damage|p1a: Pelipper|20\/100 tox|[from] psn\n|upkeep\n|turn|17\n|\n|t:|1697678425\n|move|p1a: Pelipper|Roost|p1a: Pelipper\n|-heal|p1a: Pelipper|70\/100 tox\n|-singleturn|p1a: Pelipper|move: Roost\n|move|p2a: Blissey|Seismic Toss|p1a: Pelipper\n|-damage|p1a: Pelipper|39\/100 tox\n|\n|-weather|RainDance|[upkeep]\n|-heal|p2a: Blissey|92\/100|[from] item: Leftovers\n|-damage|p1a: Pelipper|27\/100 tox|[from] psn\n|upkeep\n|turn|18\n|inactive|jordblast has 210 seconds left.\n|\n|t:|1697678461\n|move|p1a: Pelipper|U-turn|p2a: Blissey\n|-damage|p2a: Blissey|84\/100\n|\n|t:|1697678465\n|switch|p1a: Sinistcha|Sinistcha|76\/100|[from] U-turn\n|-damage|p1a: Sinistcha|51\/100|[from] Spikes\n|-damage|p1a: Sinistcha|38\/100|[from] Stealth Rock\n|move|p2a: Blissey|Seismic Toss|p1a: Sinistcha\n|-immune|p1a: Sinistcha\n|\n|-weather|RainDance|[upkeep]\n|-heal|p2a: Blissey|90\/100|[from] item: Leftovers\n|upkeep\n|turn|19\n|\n|t:|1697678487\n|switch|p2a: Gliscor|Gliscor, F|100\/100 tox\n|move|p1a: Sinistcha|Matcha Gotcha|p2a: Gliscor\n|-damage|p2a: Gliscor|61\/100 tox\n|-heal|p1a: Sinistcha|59\/100|[from] drain|[of] p2a: Gliscor\n|\n|-weather|RainDance|[upkeep]\n|-heal|p2a: Gliscor|73\/100 tox|[from] ability: Poison Heal\n|upkeep\n|turn|20\n|inactive|jordblast has 210 seconds left.\n|inactive|jordblast has 180 seconds left.\n|\n|t:|1697678541\n|move|p2a: Gliscor|Toxic|p1a: Sinistcha|[miss]\n|-miss|p2a: Gliscor|p1a: Sinistcha\n|move|p1a: Sinistcha|Scald|p2a: Gliscor\n|-supereffective|p2a: Gliscor\n|-damage|p2a: Gliscor|0 fnt\n|faint|p2a: Gliscor\n|\n|-weather|RainDance|[upkeep]\n|upkeep\n|\n|t:|1697678554\n|switch|p2a: Cyclizar|Cyclizar, M|100\/100\n|-damage|p2a: Cyclizar|84\/100|[from] Spikes\n|turn|21\n|inactive|jordblast has 180 seconds left.\n|inactive|jordblast has 150 seconds left.\n|\n|t:|1697678610\n|move|p2a: Cyclizar|Draco Meteor|p1a: Sinistcha\n|-damage|p1a: Sinistcha|22\/100\n|-unboost|p2a: Cyclizar|spa|2\n|move|p1a: Sinistcha|Matcha Gotcha|p2a: Cyclizar\n|-resisted|p2a: Cyclizar\n|-damage|p2a: Cyclizar|65\/100\n|-heal|p1a: Sinistcha|31\/100|[from] drain|[of] p2a: Cyclizar\n|\n|-weather|RainDance|[upkeep]\n|upkeep\n|turn|22\n|\n|t:|1697678636\n|-terastallize|p1a: Sinistcha|Ice\n|move|p2a: Cyclizar|Knock Off|p1a: Sinistcha\n|-damage|p1a: Sinistcha|12\/100\n|-enditem|p1a: Sinistcha|Assault Vest|[from] move: Knock Off|[of] p2a: Cyclizar\n|move|p1a: Sinistcha|Tera Blast|p2a: Cyclizar|[anim] Tera Blast Ice\n|-supereffective|p2a: Cyclizar\n|-damage|p2a: Cyclizar|0 fnt\n|faint|p2a: Cyclizar\n|\n|-weather|RainDance|[upkeep]\n|upkeep\n|inactive|leonissenbaum has 270 seconds left.\n|\n|t:|1697678649\n|switch|p2a: Blissey|Blissey, F|90\/100\n|-damage|p2a: Blissey|73\/100|[from] Spikes\n|turn|23\n|inactive|jordblast has 150 seconds left.\n|\n|t:|1697678664\n|move|p1a: Sinistcha|Scald|p2a: Blissey\n|-damage|p2a: Blissey|60\/100\n|-status|p2a: Blissey|brn\n|move|p2a: Blissey|Seismic Toss|p1a: Sinistcha\n|-damage|p1a: Sinistcha|0 fnt\n|faint|p1a: Sinistcha\n|\n|-weather|none\n|-heal|p2a: Blissey|67\/100 brn|[from] item: Leftovers\n|-damage|p2a: Blissey|60\/100 brn|[from] brn\n|upkeep\n|\n|t:|1697678676\n|switch|p1a: Magearna|Magearna|100\/100\n|-damage|p1a: Magearna|75\/100|[from] Spikes\n|-damage|p1a: Magearna|69\/100|[from] Stealth Rock\n|turn|24\n|\n|t:|1697678684\n|move|p1a: Magearna|Calm Mind|p1a: Magearna\n|-boost|p1a: Magearna|spa|1\n|-boost|p1a: Magearna|spd|1\n|move|p2a: Blissey|Soft-Boiled|p2a: Blissey\n|-heal|p2a: Blissey|100\/100 brn\n|\n|-damage|p2a: Blissey|94\/100 brn|[from] brn\n|upkeep\n|turn|25\n|inactive|jordblast has 150 seconds left.\n|\n|t:|1697678706\n|-curestatus|p2a: Blissey|brn|[from] ability: Natural Cure\n|switch|p2a: Clefable|Clefable, F|100\/100\n|-damage|p2a: Clefable|84\/100|[from] Spikes\n|move|p1a: Magearna|Calm Mind|p1a: Magearna\n|-boost|p1a: Magearna|spa|1\n|-boost|p1a: Magearna|spd|1\n|\n|-heal|p2a: Clefable|90\/100|[from] item: Leftovers\n|upkeep\n|turn|26\n|\n|t:|1697678712\n|move|p1a: Magearna|Calm Mind|p1a: Magearna\n|-boost|p1a: Magearna|spa|1\n|-boost|p1a: Magearna|spd|1\n|move|p2a: Clefable|Amnesia|p2a: Clefable\n|-boost|p2a: Clefable|spd|2\n|\n|-heal|p2a: Clefable|96\/100|[from] item: Leftovers\n|upkeep\n|turn|27\n|inactive|jordblast has 150 seconds left.\n|\n|t:|1697678718\n|move|p1a: Magearna|Calm Mind|p1a: Magearna\n|-boost|p1a: Magearna|spa|1\n|-boost|p1a: Magearna|spd|1\n|move|p2a: Clefable|Amnesia|p2a: Clefable\n|-boost|p2a: Clefable|spd|2\n|\n|-heal|p2a: Clefable|100\/100|[from] item: Leftovers\n|upkeep\n|turn|28\n|\n|t:|1697678720\n|move|p1a: Magearna|Calm Mind|p1a: Magearna\n|-boost|p1a: Magearna|spa|1\n|-boost|p1a: Magearna|spd|1\n|move|p2a: Clefable|Amnesia|p2a: Clefable\n|-boost|p2a: Clefable|spd|2\n|\n|upkeep\n|turn|29\n|\n|t:|1697678723\n|move|p1a: Magearna|Calm Mind|p1a: Magearna\n|-boost|p1a: Magearna|spa|1\n|-boost|p1a: Magearna|spd|1\n|move|p2a: Clefable|Moonblast|p1a: Magearna\n|-resisted|p1a: Magearna\n|-damage|p1a: Magearna|55\/100\n|\n|upkeep\n|turn|30\n|\n|t:|1697678726\n|move|p1a: Magearna|Shift Gear|p1a: Magearna\n|-boost|p1a: Magearna|spe|2\n|-boost|p1a: Magearna|atk|1\n|move|p2a: Clefable|Moonblast|p1a: Magearna\n|-resisted|p1a: Magearna\n|-damage|p1a: Magearna|43\/100\n|\n|upkeep\n|turn|31\n|\n|t:|1697678728\n|move|p1a: Magearna|Stored Power|p2a: Clefable\n|-damage|p2a: Clefable|79\/100\n|move|p2a: Clefable|Moonblast|p1a: Magearna\n|-resisted|p1a: Magearna\n|-damage|p1a: Magearna|29\/100\n|\n|-heal|p2a: Clefable|85\/100|[from] item: Leftovers\n|upkeep\n|turn|32\n|\n|t:|1697678731\n|move|p1a: Magearna|Stored Power|p2a: Clefable\n|-damage|p2a: Clefable|65\/100\n|move|p2a: Clefable|Moonblast|p1a: Magearna\n|-resisted|p1a: Magearna\n|-damage|p1a: Magearna|16\/100\n|\n|-heal|p2a: Clefable|72\/100|[from] item: Leftovers\n|upkeep\n|turn|33\n|\n|t:|1697678737\n|move|p1a: Magearna|Stored Power|p2a: Clefable\n|-damage|p2a: Clefable|52\/100\n|move|p2a: Clefable|Moonblast|p1a: Magearna\n|-resisted|p1a: Magearna\n|-damage|p1a: Magearna|4\/100\n|\n|-heal|p2a: Clefable|58\/100|[from] item: Leftovers\n|upkeep\n|turn|34\n|\n|t:|1697678742\n|move|p1a: Magearna|Stored Power|p2a: Clefable\n|-damage|p2a: Clefable|36\/100\n|move|p2a: Clefable|Moonblast|p1a: Magearna\n|-resisted|p1a: Magearna\n|-damage|p1a: Magearna|0 fnt\n|faint|p1a: Magearna\n|\n|-heal|p2a: Clefable|42\/100|[from] item: Leftovers\n|upkeep\n|inactive|jordblast has 210 seconds left.\n|inactive|jordblast has 180 seconds left.\n|\n|t:|1697678790\n|switch|p1a: Palafin|Palafin-Hero, M|14\/100\n|-damage|p1a: Palafin|0 fnt|[from] Spikes\n|faint|p1a: Palafin\n|\n|t:|1697678792\n|switch|p1a: Palkia|Palkia-Origin|76\/100\n|-damage|p1a: Palkia|51\/100|[from] Spikes\n|-damage|p1a: Palkia|38\/100|[from] Stealth Rock\n|-ability|p1a: Palkia|Pressure\n|turn|35\n|\n|t:|1697678808\n|move|p1a: Palkia|Hydro Pump|p2a: Clefable\n|-damage|p2a: Clefable|29\/100\n|move|p2a: Clefable|Wish|p2a: Clefable\n|\n|-heal|p2a: Clefable|35\/100|[from] item: Leftovers\n|upkeep\n|turn|36\n|inactive|jordblast has 180 seconds left.\n|inactive|jordblast has 150 seconds left.\n|\n|t:|1697678878\n|move|p1a: Palkia|Hydro Pump|p2a: Clefable|[miss]\n|-miss|p1a: Palkia|p2a: Clefable\n|move|p2a: Clefable|Moonblast|p1a: Palkia\n|-supereffective|p1a: Palkia\n|-damage|p1a: Palkia|0 fnt\n|faint|p1a: Palkia\n|\n|-heal|p2a: Clefable|85\/100|[from] move: Wish|[wisher] Clefable\n|-heal|p2a: Clefable|91\/100|[from] item: Leftovers\n|upkeep\n|\n|t:|1697678881\n|switch|p1a: Sandy Shocks|Sandy Shocks|88\/100\n|-damage|p1a: Sandy Shocks|63\/100|[from] Spikes\n|-damage|p1a: Sandy Shocks|57\/100|[from] Stealth Rock\n|turn|37\n|\n|t:|1697678892\n|move|p1a: Sandy Shocks|Volt Switch|p2a: Clefable\n|-damage|p2a: Clefable|85\/100\n|\n|t:|1697678897\n|-end|p1a: Sandy Shocks|Protosynthesis|[silent]\n|switch|p1a: Pelipper|Pelipper, M|27\/100 tox|[from] Volt Switch\n|-damage|p1a: Pelipper|2\/100 tox|[from] Stealth Rock\n|-weather|RainDance|[from] ability: Drizzle|[of] p1a: Pelipper\n|move|p2a: Clefable|Moonblast|p1a: Pelipper\n|-damage|p1a: Pelipper|0 fnt\n|faint|p1a: Pelipper\n|\n|-weather|RainDance|[upkeep]\n|-heal|p2a: Clefable|91\/100|[from] item: Leftovers\n|upkeep\n|\n|t:|1697678898\n|switch|p1a: Sandy Shocks|Sandy Shocks|57\/100\n|-damage|p1a: Sandy Shocks|32\/100|[from] Spikes\n|-damage|p1a: Sandy Shocks|26\/100|[from] Stealth Rock\n|turn|38\n|c|\u2606jordblast|gg\n|c|\u2606leonissenbaum|gg\n|\n|t:|1697678908\n|move|p1a: Sandy Shocks|Earth Power|p2a: Clefable\n|-damage|p2a: Clefable|82\/100\n|move|p2a: Clefable|Moonblast|p1a: Sandy Shocks\n|-damage|p1a: Sandy Shocks|0 fnt\n|faint|p1a: Sandy Shocks\n|-end|p1a: Sandy Shocks|Protosynthesis|[silent]\n|\n|win|leonissenbaum\n","uploadtime":1697678916,"views":22,"p1id":"jordblast","p2id":"leonissenbaum","formatid":"gen9ubers","rating":0,"private":0,"password":""}