{"id":"gen9ubers-1991552489","p1":"CHRB","p2":"soriano2003","format":"[Gen 9] Ubers","log":"|j|\u2606CHRB\n|j|\u2606soriano2003\n|t:|1700087636\n|gametype|singles\n|player|p1|CHRB|ethan|1000\n|player|p2|soriano2003|depotagent|1000\n|teamsize|p1|6\n|teamsize|p2|6\n|gen|9\n|tier|[Gen 9] Ubers\n|rated|\n|rule|Sleep Clause Mod: Limit one foe put to sleep\n|rule|Species Clause: Limit one of each Pok\u00e9mon\n|rule|OHKO Clause: OHKO moves are banned\n|rule|Evasion Items Clause: Evasion items are banned\n|rule|Evasion Moves Clause: Evasion moves are banned\n|rule|Endless Battle Clause: Forcing endless battles is banned\n|rule|HP Percentage Mod: HP is shown in percentages\n|clearpoke\n|poke|p1|Darkrai|\n|poke|p1|Koraidon|\n|poke|p1|Gardevoir, M|\n|poke|p1|Miraidon|\n|poke|p1|Annihilape, M|\n|poke|p1|Dialga-Origin|\n|poke|p2|Baxcalibur, F|\n|poke|p2|Ceruledge, M|\n|poke|p2|Greninja-*, M|\n|poke|p2|Regieleki|\n|poke|p2|Landorus, M|\n|poke|p2|Heracross, F|\n|teampreview\n|\n|t:|1700087652\n|start\n|switch|p1a: Koraidon|Koraidon|100\/100\n|switch|p2a: Regieleki|Regieleki|100\/100\n|-weather|SunnyDay|[from] ability: Orichalcum Pulse|[of] p1a: Koraidon\n|-activate|p1a: Koraidon|Orichalcum Pulse|[source]\n|turn|1\n|\n|t:|1700087663\n|move|p2a: Regieleki|Reflect|p2a: Regieleki\n|-sidestart|p2: soriano2003|Reflect\n|move|p1a: Koraidon|Stomping Tantrum|p2a: Regieleki\n|-supereffective|p2a: Regieleki\n|-damage|p2a: Regieleki|41\/100\n|\n|-weather|SunnyDay|[upkeep]\n|upkeep\n|turn|2\n|\n|t:|1700087670\n|move|p2a: Regieleki|Light Screen|p2a: Regieleki\n|-sidestart|p2: soriano2003|move: Light Screen\n|move|p1a: Koraidon|Stomping Tantrum|p2a: Regieleki\n|-supereffective|p2a: Regieleki\n|-damage|p2a: Regieleki|0 fnt\n|faint|p2a: Regieleki\n|\n|-weather|SunnyDay|[upkeep]\n|upkeep\n|\n|t:|1700087691\n|switch|p2a: Baxcalibur|Baxcalibur, F|100\/100\n|turn|3\n|\n|t:|1700087698\n|move|p1a: Koraidon|Collision Course|p2a: Baxcalibur\n|-supereffective|p2a: Baxcalibur\n|-damage|p2a: Baxcalibur|6\/100\n|move|p2a: Baxcalibur|Dragon Dance|p2a: Baxcalibur\n|-boost|p2a: Baxcalibur|atk|1\n|-boost|p2a: Baxcalibur|spe|1\n|\n|-weather|SunnyDay|[upkeep]\n|upkeep\n|turn|4\n|\n|t:|1700087714\n|move|p2a: Baxcalibur|Glaive Rush|p1a: Koraidon\n|-supereffective|p1a: Koraidon\n|-damage|p1a: Koraidon|0 fnt\n|-singlemove|p2a: Baxcalibur|Glaive Rush|[silent]\n|faint|p1a: Koraidon\n|\n|-weather|SunnyDay|[upkeep]\n|upkeep\n|\n|t:|1700087722\n|switch|p1a: Annihilape|Annihilape, M, shiny|100\/100\n|turn|5\n|\n|t:|1700087727\n|move|p2a: Baxcalibur|Icicle Spear|p1a: Annihilape\n|-damage|p1a: Annihilape|77\/100\n|-damage|p1a: Annihilape|55\/100\n|-damage|p1a: Annihilape|31\/100\n|-damage|p1a: Annihilape|10\/100\n|-damage|p1a: Annihilape|0 fnt\n|faint|p1a: Annihilape\n|-hitcount|p1: Annihilape|5\n|\n|-weather|none\n|upkeep\n|\n|t:|1700087746\n|switch|p1a: Dialga|Dialga-Origin|100\/100\n|-ability|p1a: Dialga|Pressure\n|turn|6\n|\n|t:|1700087754\n|move|p2a: Baxcalibur|Earthquake|p1a: Dialga\n|-supereffective|p1a: Dialga\n|-damage|p1a: Dialga|8\/100\n|move|p1a: Dialga|Dragon Pulse|p2a: Baxcalibur\n|-supereffective|p2a: Baxcalibur\n|-damage|p2a: Baxcalibur|0 fnt\n|faint|p2a: Baxcalibur\n|\n|upkeep\n|\n|t:|1700087766\n|switch|p2a: Greninja|Greninja, M|100\/100\n|turn|7\n|\n|t:|1700087774\n|move|p2a: Greninja|Water Shuriken|p1a: Dialga\n|-resisted|p1a: Dialga\n|-damage|p1a: Dialga|6\/100\n|-resisted|p1a: Dialga\n|-damage|p1a: Dialga|3\/100\n|-resisted|p1a: Dialga\n|-damage|p1a: Dialga|1\/100\n|-resisted|p1a: Dialga\n|-damage|p1a: Dialga|0 fnt\n|faint|p1a: Dialga\n|-ability|p2a: Greninja|Battle Bond|boost\n|-boost|p2a: Greninja|atk|1\n|-boost|p2a: Greninja|spa|1\n|-boost|p2a: Greninja|spe|1\n|-activate|p2a: Greninja|ability: Battle Bond\n|-hitcount|p1: Dialga|4\n|\n|upkeep\n|\n|t:|1700087788\n|switch|p1a: Gardevoir|Gardevoir, M, shiny|100\/100\n|turn|8\n|\n|t:|1700087794\n|-terastallize|p2a: Greninja|Poison\n|move|p2a: Greninja|Tera Blast|p1a: Gardevoir|[anim] Tera Blast Poison\n|-supereffective|p1a: Gardevoir\n|-damage|p1a: Gardevoir|3\/100\n|move|p1a: Gardevoir|Draining Kiss|p2a: Greninja\n|-resisted|p2a: Greninja\n|-damage|p2a: Greninja|92\/100\n|-heal|p1a: Gardevoir|9\/100|[from] drain|[of] p2a: Greninja\n|\n|-sideend|p2: soriano2003|Reflect\n|upkeep\n|turn|9\n|\n|t:|1700087811\n|move|p2a: Greninja|Tera Blast|p1a: Gardevoir|[anim] Tera Blast Poison\n|-supereffective|p1a: Gardevoir\n|-damage|p1a: Gardevoir|0 fnt\n|faint|p1a: Gardevoir\n|\n|-sideend|p2: soriano2003|move: Light Screen\n|upkeep\n|\n|t:|1700087817\n|switch|p1a: Miraidon|Miraidon|100\/100\n|-fieldstart|move: Electric Terrain|[from] ability: Hadron Engine|[of] p1a: Miraidon\n|turn|10\n|\n|t:|1700087827\n|-terastallize|p1a: Miraidon|Flying\n|move|p2a: Greninja|Ice Beam|p1a: Miraidon\n|-supereffective|p1a: Miraidon\n|-damage|p1a: Miraidon|39\/100\n|move|p1a: Miraidon|Thunderbolt|p2a: Greninja\n|-damage|p2a: Greninja|7\/100\n|\n|upkeep\n|turn|11\n|\n|t:|1700087847\n|move|p2a: Greninja|Ice Beam|p1a: Miraidon\n|-supereffective|p1a: Miraidon\n|-damage|p1a: Miraidon|0 fnt\n|faint|p1a: Miraidon\n|\n|upkeep\n|\n|t:|1700087852\n|switch|p1a: Darkrai|Darkrai|100\/100\n|turn|12\n|\n|t:|1700087857\n|move|p2a: Greninja|Dark Pulse|p1a: Darkrai\n|-resisted|p1a: Darkrai\n|-damage|p1a: Darkrai|72\/100\n|move|p1a: Darkrai|Drain Punch|p2a: Greninja\n|-resisted|p2a: Greninja\n|-crit|p2a: Greninja\n|-damage|p2a: Greninja|0 fnt\n|-heal|p1a: Darkrai|76\/100|[from] drain|[of] p2a: Greninja\n|faint|p2a: Greninja\n|\n|-heal|p1a: Darkrai|82\/100|[from] item: Leftovers\n|upkeep\n|\n|t:|1700087871\n|switch|p2a: Heracross|Heracross, F|100\/100\n|turn|13\n|\n|t:|1700087876\n|move|p1a: Darkrai|Drain Punch|p2a: Heracross\n|-resisted|p2a: Heracross\n|-damage|p2a: Heracross|89\/100\n|-heal|p1a: Darkrai|87\/100|[from] drain|[of] p2a: Heracross\n|move|p2a: Heracross|Megahorn|p1a: Darkrai\n|-supereffective|p1a: Darkrai\n|-damage|p1a: Darkrai|0 fnt\n|faint|p1a: Darkrai\n|\n|win|soriano2003\n|raw|CHRB's rating: 1000 &rarr; <strong>1000<\/strong><br \/>(+0 for losing)\n|raw|soriano2003's rating: 1000 &rarr; <strong>1040<\/strong><br \/>(+40 for winning)\n|l|\u2606CHRB\n","uploadtime":1700087891,"views":7,"p1id":"chrb","p2id":"soriano2003","formatid":"gen9ubers","rating":1000,"private":0,"password":""}