{"id":"gen9ubers-1975869993","p1":"ateup","p2":"LadyCynthia32","format":"[Gen 9] Ubers","log":"|j|\u2606ateup\n|j|\u2606LadyCynthia32\n|t:|1698245286\n|gametype|singles\n|player|p1|ateup|pokemaniac|\n|player|p2|LadyCynthia32|cynthia-gen4|\n|teamsize|p1|6\n|teamsize|p2|6\n|gen|9\n|tier|[Gen 9] Ubers\n|rule|Sleep Clause Mod: Limit one foe put to sleep\n|rule|Species Clause: Limit one of each Pok\u00e9mon\n|rule|OHKO Clause: OHKO moves are banned\n|rule|Evasion Items Clause: Evasion items are banned\n|rule|Evasion Moves Clause: Evasion moves are banned\n|rule|Endless Battle Clause: Forcing endless battles is banned\n|rule|HP Percentage Mod: HP is shown in percentages\n|clearpoke\n|poke|p1|Arceus-Poison|\n|poke|p1|Pelipper, M|\n|poke|p1|Shaymin-Sky|\n|poke|p1|Palkia-Origin|\n|poke|p1|Basculegion-F, F|\n|poke|p1|Ogerpon-Wellspring, F|\n|poke|p2|Dialga|\n|poke|p2|Palkia-Origin|\n|poke|p2|Giratina|\n|poke|p2|Arceus-Dark|\n|poke|p2|Chi-Yu|\n|poke|p2|Magearna|\n|teampreview\n|inactive|Battle timer is ON: inactive players will automatically lose when time's up. (requested by ateup)\n|\n|t:|1698245306\n|start\n|switch|p1a: Arceus|Arceus-Poison|100\/100\n|switch|p2a: Dialga|Dialga|100\/100\n|-ability|p2a: Dialga|Pressure\n|turn|1\n|\n|t:|1698245313\n|move|p1a: Arceus|Taunt|p2a: Dialga\n|-start|p2a: Dialga|move: Taunt\n|cant|p2a: Dialga|move: Taunt|Stealth Rock\n|\n|upkeep\n|turn|2\n|\n|t:|1698245320\n|move|p1a: Arceus|Will-O-Wisp|p2a: Dialga\n|-status|p2a: Dialga|brn\n|move|p2a: Dialga|Draco Meteor|p1a: Arceus\n|-damage|p1a: Arceus|55\/100\n|-unboost|p2a: Dialga|spa|2\n|\n|-damage|p2a: Dialga|94\/100 brn|[from] brn\n|upkeep\n|turn|3\n|\n|t:|1698245330\n|move|p1a: Arceus|Recover|p1a: Arceus\n|-heal|p1a: Arceus|100\/100\n|move|p2a: Dialga|Flash Cannon|p1a: Arceus\n|-damage|p1a: Arceus|85\/100\n|\n|-heal|p2a: Dialga|100\/100 brn|[from] item: Leftovers\n|-damage|p2a: Dialga|94\/100 brn|[from] brn\n|-end|p2a: Dialga|move: Taunt\n|upkeep\n|turn|4\n|\n|t:|1698245339\n|switch|p2a: Chi-Yu|Chi-Yu|100\/100\n|-ability|p2a: Chi-Yu|Beads of Ruin\n|move|p1a: Arceus|Taunt|p2a: Chi-Yu\n|-start|p2a: Chi-Yu|move: Taunt\n|\n|upkeep\n|turn|5\n|\n|t:|1698245351\n|switch|p1a: Palkia|Palkia-Origin|100\/100\n|-ability|p1a: Palkia|Pressure\n|move|p2a: Chi-Yu|Dark Pulse|p1a: Palkia\n|-damage|p1a: Palkia|43\/100\n|\n|upkeep\n|turn|6\n|\n|t:|1698245360\n|move|p2a: Chi-Yu|Dark Pulse|p1a: Palkia\n|-damage|p1a: Palkia|0 fnt\n|faint|p1a: Palkia\n|\n|-end|p2a: Chi-Yu|move: Taunt\n|upkeep\n|\n|t:|1698245372\n|switch|p1a: Arceus|Arceus-Poison|85\/100\n|turn|7\n|\n|t:|1698245379\n|move|p2a: Chi-Yu|Dark Pulse|p1a: Arceus\n|-damage|p1a: Arceus|42\/100\n|move|p1a: Arceus|Judgment|p2a: Chi-Yu\n|-damage|p2a: Chi-Yu|46\/100\n|\n|upkeep\n|turn|8\n|c|\u2606ateup|this is a 50% chance\n|c|\u2606ateup|i just calced it\n|inactive|ateup has 270 seconds left.\n|c|\u2606LadyCynthia32|ah\n|\n|t:|1698245421\n|switch|p2a: Magearna|Magearna|100\/100\n|move|p1a: Arceus|Judgment|p2a: Magearna\n|-immune|p2a: Magearna\n|\n|upkeep\n|turn|9\n|\n|t:|1698245426\n|move|p1a: Arceus|Will-O-Wisp|p2a: Magearna\n|-status|p2a: Magearna|brn\n|move|p2a: Magearna|Calm Mind|p2a: Magearna\n|-boost|p2a: Magearna|spa|1\n|-boost|p2a: Magearna|spd|1\n|\n|-damage|p2a: Magearna|94\/100 brn|[from] brn\n|upkeep\n|turn|10\n|\n|t:|1698245431\n|move|p1a: Arceus|Taunt|p2a: Magearna\n|-start|p2a: Magearna|move: Taunt\n|cant|p2a: Magearna|move: Taunt|Calm Mind\n|\n|-heal|p2a: Magearna|100\/100 brn|[from] item: Leftovers\n|-damage|p2a: Magearna|94\/100 brn|[from] brn\n|upkeep\n|turn|11\n|\n|t:|1698245439\n|switch|p1a: Ogerpon|Ogerpon-Wellspring, F|100\/100\n|move|p2a: Magearna|Stored Power|p1a: Ogerpon\n|-damage|p1a: Ogerpon|70\/100\n|\n|-heal|p2a: Magearna|100\/100 brn|[from] item: Leftovers\n|-damage|p2a: Magearna|94\/100 brn|[from] brn\n|upkeep\n|turn|12\n|\n|t:|1698245456\n|move|p1a: Ogerpon|Swords Dance|p1a: Ogerpon\n|-boost|p1a: Ogerpon|atk|2\n|move|p2a: Magearna|Fleur Cannon|p1a: Ogerpon\n|-damage|p1a: Ogerpon|0 fnt\n|-unboost|p2a: Magearna|spa|2\n|faint|p1a: Ogerpon\n|-ability|p2a: Magearna|Soul-Heart|boost\n|-boost|p2a: Magearna|spa|1\n|\n|-heal|p2a: Magearna|100\/100 brn|[from] item: Leftovers\n|-damage|p2a: Magearna|94\/100 brn|[from] brn\n|-end|p2a: Magearna|move: Taunt\n|upkeep\n|c|\u2606LadyCynthia32|fuck it we ball\n|\n|t:|1698245466\n|switch|p1a: Shaymin|Shaymin-Sky|100\/100\n|turn|13\n|\n|t:|1698245477\n|move|p1a: Shaymin|Earth Power|p2a: Magearna\n|-supereffective|p2a: Magearna\n|-damage|p2a: Magearna|60\/100 brn\n|move|p2a: Magearna|Fleur Cannon|p1a: Shaymin\n|-damage|p1a: Shaymin|0 fnt\n|-unboost|p2a: Magearna|spa|2\n|faint|p1a: Shaymin\n|-ability|p2a: Magearna|Soul-Heart|boost\n|-boost|p2a: Magearna|spa|1\n|\n|-heal|p2a: Magearna|66\/100 brn|[from] item: Leftovers\n|-damage|p2a: Magearna|60\/100 brn|[from] brn\n|upkeep\n|\n|t:|1698245489\n|switch|p1a: Arceus|Arceus-Poison|42\/100\n|turn|14\n|\n|t:|1698245511\n|move|p1a: Arceus|Recover|p1a: Arceus\n|-heal|p1a: Arceus|92\/100\n|move|p2a: Magearna|Calm Mind|p2a: Magearna\n|-boost|p2a: Magearna|spa|1\n|-boost|p2a: Magearna|spd|1\n|\n|-heal|p2a: Magearna|66\/100 brn|[from] item: Leftovers\n|-damage|p2a: Magearna|60\/100 brn|[from] brn\n|upkeep\n|turn|15\n|\n|t:|1698245517\n|move|p1a: Arceus|Taunt|p2a: Magearna\n|-start|p2a: Magearna|move: Taunt\n|move|p2a: Magearna|Stored Power|p1a: Arceus\n|-supereffective|p1a: Arceus\n|-damage|p1a: Arceus|64\/100\n|\n|-heal|p2a: Magearna|66\/100 brn|[from] item: Leftovers\n|-damage|p2a: Magearna|60\/100 brn|[from] brn\n|upkeep\n|turn|16\n|\n|t:|1698245525\n|move|p1a: Arceus|Recover|p1a: Arceus\n|-heal|p1a: Arceus|100\/100\n|move|p2a: Magearna|Stored Power|p1a: Arceus\n|-supereffective|p1a: Arceus\n|-damage|p1a: Arceus|71\/100\n|\n|-heal|p2a: Magearna|66\/100 brn|[from] item: Leftovers\n|-damage|p2a: Magearna|60\/100 brn|[from] brn\n|upkeep\n|turn|17\n|\n|t:|1698245542\n|switch|p2a: Arceus|Arceus-Dark|100\/100\n|move|p1a: Arceus|Recover|p1a: Arceus\n|-heal|p1a: Arceus|100\/100\n|\n|upkeep\n|turn|18\n|\n|t:|1698245549\n|move|p1a: Arceus|Taunt|p2a: Arceus\n|-start|p2a: Arceus|move: Taunt\n|cant|p2a: Arceus|move: Taunt|Taunt\n|\n|upkeep\n|turn|19\n|c|\u2606ateup|lol\n|\n|t:|1698245557\n|move|p2a: Arceus|Foul Play|p1a: Arceus\n|-damage|p1a: Arceus|75\/100\n|move|p1a: Arceus|Judgment|p2a: Arceus\n|-damage|p2a: Arceus|69\/100\n|\n|upkeep\n|turn|20\n|c|\u2606LadyCynthia32|taunt v taunt\n|\n|t:|1698245563\n|move|p2a: Arceus|Foul Play|p1a: Arceus\n|-damage|p1a: Arceus|52\/100\n|move|p1a: Arceus|Will-O-Wisp|p2a: Arceus\n|-status|p2a: Arceus|brn\n|\n|-damage|p2a: Arceus|63\/100 brn|[from] brn\n|-end|p2a: Arceus|move: Taunt\n|upkeep\n|turn|21\n|\n|t:|1698245572\n|move|p1a: Arceus|Taunt|p2a: Arceus\n|-start|p2a: Arceus|move: Taunt\n|cant|p2a: Arceus|move: Taunt|Thunder Wave\n|\n|-damage|p2a: Arceus|57\/100 brn|[from] brn\n|upkeep\n|turn|22\n|\n|t:|1698245578\n|move|p2a: Arceus|Foul Play|p1a: Arceus\n|-damage|p1a: Arceus|41\/100\n|move|p1a: Arceus|Judgment|p2a: Arceus\n|-damage|p2a: Arceus|25\/100 brn\n|\n|-damage|p2a: Arceus|19\/100 brn|[from] brn\n|upkeep\n|turn|23\n|\n|t:|1698245594\n|switch|p2a: Giratina|Giratina|100\/100\n|-ability|p2a: Giratina|Pressure\n|move|p1a: Arceus|Judgment|p2a: Giratina\n|-resisted|p2a: Giratina\n|-damage|p2a: Giratina|87\/100\n|\n|-heal|p2a: Giratina|93\/100|[from] item: Leftovers\n|upkeep\n|turn|24\n|\n|t:|1698245608\n|switch|p2a: Magearna|Magearna|60\/100 brn\n|move|p1a: Arceus|Will-O-Wisp|p2a: Magearna\n|-fail|p2a: Magearna|brn\n|\n|-heal|p2a: Magearna|66\/100 brn|[from] item: Leftovers\n|-damage|p2a: Magearna|60\/100 brn|[from] brn\n|upkeep\n|turn|25\n|inactive|LadyCynthia32 has 270 seconds left.\n|\n|t:|1698245640\n|switch|p2a: Palkia|Palkia-Origin|100\/100\n|-ability|p2a: Palkia|Pressure\n|move|p1a: Arceus|Taunt|p2a: Palkia\n|-start|p2a: Palkia|move: Taunt\n|\n|upkeep\n|turn|26\n|inactive|LadyCynthia32 has 270 seconds left.\n|\n|t:|1698245647\n|move|p1a: Arceus|Judgment|p2a: Palkia\n|-damage|p2a: Palkia|56\/100\n|move|p2a: Palkia|Earth Power|p1a: Arceus\n|-supereffective|p1a: Arceus\n|-damage|p1a: Arceus|0 fnt\n|faint|p1a: Arceus\n|\n|upkeep\n|\n|t:|1698245652\n|switch|p1a: Pelipper|Pelipper, M|100\/100\n|-weather|RainDance|[from] ability: Drizzle|[of] p1a: Pelipper\n|turn|27\n|\n|t:|1698245664\n|move|p2a: Palkia|Spacial Rend|p1a: Pelipper\n|-damage|p1a: Pelipper|9\/100\n|move|p1a: Pelipper|U-turn|p2a: Palkia\n|-damage|p2a: Palkia|45\/100\n|\n|t:|1698245668\n|switch|p1a: Basculegion|Basculegion-F, F|100\/100|[from] U-turn\n|\n|-weather|RainDance|[upkeep]\n|-end|p2a: Palkia|move: Taunt\n|upkeep\n|turn|28\n|\n|t:|1698245678\n|-terastallize|p1a: Basculegion|Normal\n|move|p1a: Basculegion|Last Respects|p2a: Palkia\n|-damage|p2a: Palkia|0 fnt\n|faint|p2a: Palkia\n|\n|-weather|RainDance|[upkeep]\n|upkeep\n|\n|t:|1698245695\n|switch|p2a: Magearna|Magearna|60\/100 brn\n|turn|29\n|\n|t:|1698245700\n|move|p1a: Basculegion|Last Respects|p2a: Magearna\n|-damage|p2a: Magearna|0 fnt\n|faint|p2a: Magearna\n|\n|-weather|RainDance|[upkeep]\n|upkeep\n|\n|t:|1698245704\n|switch|p2a: Dialga|Dialga|94\/100 brn\n|-ability|p2a: Dialga|Pressure\n|turn|30\n|\n|t:|1698245711\n|move|p1a: Basculegion|Last Respects|p2a: Dialga\n|-damage|p2a: Dialga|0 fnt\n|faint|p2a: Dialga\n|\n|-weather|RainDance|[upkeep]\n|upkeep\n|\n|t:|1698245719\n|switch|p2a: Giratina|Giratina|93\/100\n|-ability|p2a: Giratina|Pressure\n|turn|31\n|\n|t:|1698245737\n|-terastallize|p2a: Giratina|Water\n|move|p1a: Basculegion|Last Respects|p2a: Giratina\n|-damage|p2a: Giratina|0 fnt\n|faint|p2a: Giratina\n|\n|-weather|RainDance|[upkeep]\n|upkeep\n|\n|t:|1698245742\n|switch|p2a: Arceus|Arceus-Dark|19\/100 brn\n|turn|32\n|\n|t:|1698245745\n|move|p1a: Basculegion|Last Respects|p2a: Arceus\n|-resisted|p2a: Arceus\n|-damage|p2a: Arceus|0 fnt\n|faint|p2a: Arceus\n|\n|-weather|RainDance|[upkeep]\n|upkeep\n|c|\u2606LadyCynthia32|wow\n|\n|t:|1698245751\n|switch|p2a: Chi-Yu|Chi-Yu|46\/100\n|-ability|p2a: Chi-Yu|Beads of Ruin\n|turn|33\n|\n|t:|1698245755\n|move|p1a: Basculegion|Last Respects|p2a: Chi-Yu\n|-resisted|p2a: Chi-Yu\n|-damage|p2a: Chi-Yu|0 fnt\n|faint|p2a: Chi-Yu\n|\n|win|ateup\n|c|\u2606ateup|i did NOT expect to win that\n|c|\u2606ateup|g frickin g\n","uploadtime":1698245762,"views":16,"p1id":"ateup","p2id":"ladycynthia32","formatid":"gen9ubers","rating":0,"private":0,"password":""}