{"id":"gen9ubers-1988463601","p1":"1P1o1s1h1e1","p2":"Nitro524","format":"[Gen 9] Ubers","log":"|j|\u26061P1o1s1h1e1\n|j|\u2606Nitro524\n|t:|1699725653\n|gametype|singles\n|player|p1|1P1o1s1h1e1|170|\n|player|p2|Nitro524|hilbert|\n|teamsize|p1|6\n|teamsize|p2|6\n|gen|9\n|tier|[Gen 9] Ubers\n|rule|Sleep Clause Mod: Limit one foe put to sleep\n|rule|Species Clause: Limit one of each Pok\u00e9mon\n|rule|OHKO Clause: OHKO moves are banned\n|rule|Evasion Items Clause: Evasion items are banned\n|rule|Evasion Moves Clause: Evasion moves are banned\n|rule|Endless Battle Clause: Forcing endless battles is banned\n|rule|HP Percentage Mod: HP is shown in percentages\n|clearpoke\n|poke|p1|Indeedee, M|\n|poke|p1|Armarouge, F|\n|poke|p1|Cyclizar, F|\n|poke|p1|Sneasler, F|\n|poke|p1|Chi-Yu|\n|poke|p1|Palkia-Origin|\n|poke|p2|Torkoal, F|\n|poke|p2|Chi-Yu|\n|poke|p2|Shaymin-Sky|\n|poke|p2|Arceus-Fire|\n|poke|p2|Roaring Moon|\n|poke|p2|Walking Wake|\n|teampreview\n|inactive|Battle timer is ON: inactive players will automatically lose when time's up. (requested by Nitro524)\n|c|\u2606Nitro524|glhf\n|c|\u26061P1o1s1h1e1|u2\n|inactive|1P1o1s1h1e1 has 270 seconds left.\n|inactive|Nitro524 has 270 seconds left.\n|\n|t:|1699725704\n|start\n|switch|p1a: Gas Pro Shop|Chi-Yu|100\/100\n|switch|p2a: Bring The Sun|Torkoal, F|100\/100\n|-ability|p1a: Gas Pro Shop|Beads of Ruin\n|-weather|SunnyDay|[from] ability: Drought|[of] p2a: Bring The Sun\n|turn|1\n|\n|t:|1699725725\n|move|p1a: Gas Pro Shop|Fire Blast|p2a: Bring The Sun\n|-resisted|p2a: Bring The Sun\n|-damage|p2a: Bring The Sun|23\/100\n|move|p2a: Bring The Sun|Stealth Rock|p1a: Gas Pro Shop\n|-sidestart|p1: 1P1o1s1h1e1|move: Stealth Rock\n|\n|-weather|SunnyDay|[upkeep]\n|upkeep\n|turn|2\n|\n|t:|1699725740\n|switch|p1a: GhostBusters!|Indeedee, M|100\/100\n|-damage|p1a: GhostBusters!|88\/100|[from] Stealth Rock\n|-fieldstart|move: Psychic Terrain|[from] ability: Psychic Surge|[of] p1a: GhostBusters!\n|switch|p2a: Sitting Sleep|Walking Wake|100\/100\n|-activate|p2a: Sitting Sleep|ability: Protosynthesis\n|-start|p2a: Sitting Sleep|protosynthesisspe\n|\n|-weather|SunnyDay|[upkeep]\n|upkeep\n|turn|3\n|j| njnp\n|inactive|1P1o1s1h1e1 has 270 seconds left.\n|l| njnp\n|inactive|Nitro524 has 270 seconds left.\n|\n|t:|1699725779\n|move|p2a: Sitting Sleep|Draco Meteor|p1a: GhostBusters!|[miss]\n|-miss|p2a: Sitting Sleep|p1a: GhostBusters!\n|move|p1a: GhostBusters!|Psychic|p2a: Sitting Sleep\n|-damage|p2a: Sitting Sleep|29\/100\n|\n|-weather|SunnyDay|[upkeep]\n|upkeep\n|turn|4\n|\n|t:|1699725788\n|-end|p2a: Sitting Sleep|Protosynthesis|[silent]\n|switch|p2a: Did Not Smile Back|Chi-Yu|100\/100\n|-ability|p2a: Did Not Smile Back|Beads of Ruin\n|-terastallize|p1a: GhostBusters!|Fairy\n|move|p1a: GhostBusters!|Dazzling Gleam|p2a: Did Not Smile Back\n|-damage|p2a: Did Not Smile Back|58\/100\n|\n|-weather|SunnyDay|[upkeep]\n|upkeep\n|turn|5\n|inactive|1P1o1s1h1e1 has 270 seconds left.\n|inactive|Nitro524 has 270 seconds left.\n|\n|t:|1699725801\n|switch|p1a: Trojan Wrap|Palkia-Origin|100\/100\n|-damage|p1a: Trojan Wrap|88\/100|[from] Stealth Rock\n|-ability|p1a: Trojan Wrap|Pressure\n|move|p2a: Did Not Smile Back|Overheat|p1a: Trojan Wrap\n|-resisted|p1a: Trojan Wrap\n|-damage|p1a: Trojan Wrap|53\/100\n|-unboost|p2a: Did Not Smile Back|spa|2\n|\n|-weather|SunnyDay|[upkeep]\n|upkeep\n|turn|6\n|inactive|Nitro524 has 270 seconds left.\n|\n|t:|1699725811\n|move|p2a: Did Not Smile Back|Overheat|p1a: Trojan Wrap\n|-resisted|p1a: Trojan Wrap\n|-damage|p1a: Trojan Wrap|35\/100\n|-unboost|p2a: Did Not Smile Back|spa|2\n|move|p1a: Trojan Wrap|Scale Shot|p2a: Did Not Smile Back\n|-damage|p2a: Did Not Smile Back|40\/100\n|-damage|p2a: Did Not Smile Back|23\/100\n|-damage|p2a: Did Not Smile Back|5\/100\n|-damage|p2a: Did Not Smile Back|0 fnt\n|faint|p2a: Did Not Smile Back\n|-hitcount|p2: Did Not Smile Back|4\n|-unboost|p1a: Trojan Wrap|def|1\n|-boost|p1a: Trojan Wrap|spe|1\n|\n|-weather|SunnyDay|[upkeep]\n|upkeep\n|inactive|Nitro524 has 270 seconds left.\n|\n|t:|1699725841\n|switch|p2a: Clover|Shaymin-Sky|100\/100\n|turn|7\n|\n|t:|1699725853\n|move|p1a: Trojan Wrap|Spacial Rend|p2a: Clover\n|-damage|p2a: Clover|20\/100\n|move|p2a: Clover|Seed Flare|p1a: Trojan Wrap|[miss]\n|-miss|p2a: Clover|p1a: Trojan Wrap\n|\n|-weather|SunnyDay|[upkeep]\n|upkeep\n|turn|8\n|\n|t:|1699725872\n|move|p1a: Trojan Wrap|Scale Shot|p2a: Clover\n|-damage|p2a: Clover|7\/100\n|-damage|p2a: Clover|0 fnt\n|faint|p2a: Clover\n|-hitcount|p2: Clover|2\n|-unboost|p1a: Trojan Wrap|def|1\n|-boost|p1a: Trojan Wrap|spe|1\n|\n|-weather|none\n|upkeep\n|\n|t:|1699725881\n|switch|p2a: Bring The Sun|Torkoal, F|23\/100\n|-weather|SunnyDay|[from] ability: Drought|[of] p2a: Bring The Sun\n|turn|9\n|\n|t:|1699725884\n|move|p1a: Trojan Wrap|Earth Power|p2a: Bring The Sun\n|-supereffective|p2a: Bring The Sun\n|-damage|p2a: Bring The Sun|0 fnt\n|faint|p2a: Bring The Sun\n|\n|-weather|SunnyDay|[upkeep]\n|-fieldend|move: Psychic Terrain\n|upkeep\n|\n|t:|1699725892\n|switch|p2a: Sitting Sleep|Walking Wake|29\/100\n|-activate|p2a: Sitting Sleep|ability: Protosynthesis\n|-start|p2a: Sitting Sleep|protosynthesisspe\n|turn|10\n|\n|t:|1699725904\n|-terastallize|p2a: Sitting Sleep|Fairy\n|move|p1a: Trojan Wrap|Earth Power|p2a: Sitting Sleep\n|-damage|p2a: Sitting Sleep|0 fnt\n|faint|p2a: Sitting Sleep\n|-end|p2a: Sitting Sleep|Protosynthesis|[silent]\n|\n|-weather|SunnyDay|[upkeep]\n|upkeep\n|inactive|Nitro524 has 240 seconds left.\n|\n|t:|1699725936\n|switch|p2a: Hector Salamanca|Roaring Moon|100\/100\n|-activate|p2a: Hector Salamanca|ability: Protosynthesis\n|-start|p2a: Hector Salamanca|protosynthesisspe\n|turn|11\n|\n|t:|1699725947\n|move|p1a: Trojan Wrap|Spacial Rend|p2a: Hector Salamanca\n|-supereffective|p2a: Hector Salamanca\n|-crit|p2a: Hector Salamanca\n|-damage|p2a: Hector Salamanca|0 fnt\n|faint|p2a: Hector Salamanca\n|-end|p2a: Hector Salamanca|Protosynthesis|[silent]\n|\n|-weather|SunnyDay|[upkeep]\n|upkeep\n|\n|t:|1699725949\n|switch|p2a: Arceus|Arceus-Fire|100\/100\n|turn|12\n|inactive|Nitro524 has 240 seconds left.\n|\n|t:|1699725962\n|move|p1a: Trojan Wrap|Spacial Rend|p2a: Arceus\n|-damage|p2a: Arceus|54\/100\n|move|p2a: Arceus|Earthquake|p1a: Trojan Wrap\n|-damage|p1a: Trojan Wrap|0 fnt\n|faint|p1a: Trojan Wrap\n|\n|-weather|SunnyDay|[upkeep]\n|upkeep\n|\n|t:|1699725979\n|switch|p1a: Animal Control|Armarouge, F|100\/100\n|turn|13\n|inactive|Nitro524 has 240 seconds left.\n|\n|t:|1699726016\n|move|p2a: Arceus|Dragon Dance|p2a: Arceus\n|-boost|p2a: Arceus|atk|1\n|-boost|p2a: Arceus|spe|1\n|move|p1a: Animal Control|Calm Mind|p1a: Animal Control\n|-boost|p1a: Animal Control|spa|1\n|-boost|p1a: Animal Control|spd|1\n|\n|-weather|SunnyDay|[upkeep]\n|upkeep\n|turn|14\n|\n|t:|1699726024\n|move|p2a: Arceus|Recover|p2a: Arceus\n|-heal|p2a: Arceus|100\/100\n|move|p1a: Animal Control|Iron Defense|p1a: Animal Control\n|-boost|p1a: Animal Control|def|2\n|\n|-weather|SunnyDay|[upkeep]\n|upkeep\n|turn|15\n|\n|t:|1699726035\n|move|p2a: Arceus|Earthquake|p1a: Animal Control\n|-supereffective|p1a: Animal Control\n|-damage|p1a: Animal Control|67\/100\n|-ability|p1a: Animal Control|Weak Armor|boost\n|-unboost|p1a: Animal Control|def|1\n|-boost|p1a: Animal Control|spe|2\n|move|p1a: Animal Control|Iron Defense|p1a: Animal Control\n|-boost|p1a: Animal Control|def|2\n|\n|-weather|SunnyDay|[upkeep]\n|upkeep\n|turn|16\n|\n|t:|1699726045\n|move|p2a: Arceus|Earthquake|p1a: Animal Control\n|-supereffective|p1a: Animal Control\n|-damage|p1a: Animal Control|37\/100\n|-ability|p1a: Animal Control|Weak Armor|boost\n|-unboost|p1a: Animal Control|def|1\n|-boost|p1a: Animal Control|spe|2\n|move|p1a: Animal Control|Stored Power|p2a: Arceus\n|-damage|p2a: Arceus|19\/100\n|\n|-weather|none\n|upkeep\n|turn|17\n|\n|t:|1699726054\n|move|p1a: Animal Control|Stored Power|p2a: Arceus\n|-damage|p2a: Arceus|0 fnt\n|faint|p2a: Arceus\n|\n|win|1P1o1s1h1e1\n","uploadtime":1699726063,"views":4,"p1id":"1p1o1s1h1e1","p2id":"nitro524","formatid":"gen9ubers","rating":0,"private":0,"password":""}