{"id":"gen9ubers-1985391786","p1":"grubbin+jigglypuff","p2":"protobrine","format":"[Gen 9] Ubers","log":"|j|\u2606grubbin+jigglypuff\n|j|\u2606protobrine\n|t:|1699370817\n|gametype|singles\n|player|p1|grubbin+jigglypuff|266|1056\n|player|p2|protobrine|1|1000\n|teamsize|p1|6\n|teamsize|p2|1\n|gen|9\n|tier|[Gen 9] Ubers\n|rated|\n|rule|Sleep Clause Mod: Limit one foe put to sleep\n|rule|Species Clause: Limit one of each Pok\u00e9mon\n|rule|OHKO Clause: OHKO moves are banned\n|rule|Evasion Items Clause: Evasion items are banned\n|rule|Evasion Moves Clause: Evasion moves are banned\n|rule|Endless Battle Clause: Forcing endless battles is banned\n|rule|HP Percentage Mod: HP is shown in percentages\n|clearpoke\n|poke|p1|Miraidon|\n|poke|p1|Koraidon|\n|poke|p1|Kingambit, M|\n|poke|p1|Overqwil, F|\n|poke|p1|Volcanion|\n|poke|p1|Iron Leaves|\n|poke|p2|Ceruledge, M|\n|teampreview\n|\n|t:|1699370829\n|start\n|switch|p1a: Koraidon|Koraidon|100\/100\n|switch|p2a: Ceruledge|Ceruledge, M|100\/100\n|-weather|SunnyDay|[from] ability: Orichalcum Pulse|[of] p1a: Koraidon\n|-activate|p1a: Koraidon|Orichalcum Pulse|[source]\n|turn|1\n|c|\u2606protobrine|Testing the pokemon\n|\n|t:|1699370838\n|-terastallize|p2a: Ceruledge|Fire\n|move|p1a: Koraidon|Draco Meteor|p2a: Ceruledge\n|-damage|p2a: Ceruledge|63\/100\n|-unboost|p1a: Koraidon|spa|2\n|move|p2a: Ceruledge|Bulk Up|p2a: Ceruledge\n|-boost|p2a: Ceruledge|atk|1\n|-boost|p2a: Ceruledge|def|1\n|\n|-weather|SunnyDay|[upkeep]\n|upkeep\n|turn|2\n|\n|t:|1699370850\n|move|p1a: Koraidon|Draco Meteor|p2a: Ceruledge\n|-damage|p2a: Ceruledge|45\/100\n|-unboost|p1a: Koraidon|spa|2\n|move|p2a: Ceruledge|Bulk Up|p2a: Ceruledge\n|-boost|p2a: Ceruledge|atk|1\n|-boost|p2a: Ceruledge|def|1\n|\n|-weather|SunnyDay|[upkeep]\n|upkeep\n|turn|3\n|\n|t:|1699370867\n|move|p1a: Koraidon|Outrage|p2a: Ceruledge\n|-damage|p2a: Ceruledge|4\/100\n|-ability|p2a: Ceruledge|Weak Armor|boost\n|-unboost|p2a: Ceruledge|def|1\n|-boost|p2a: Ceruledge|spe|2\n|move|p2a: Ceruledge|Bulk Up|p2a: Ceruledge\n|-boost|p2a: Ceruledge|atk|1\n|-boost|p2a: Ceruledge|def|1\n|\n|-weather|SunnyDay|[upkeep]\n|upkeep\n|turn|4\n|\n|t:|1699370878\n|move|p2a: Ceruledge|Bitter Blade|p1a: Koraidon\n|-resisted|p1a: Koraidon\n|-damage|p1a: Koraidon|18\/100\n|-heal|p2a: Ceruledge|61\/100|[from] drain|[of] p1a: Koraidon\n|move|p1a: Koraidon|Outrage|p2a: Ceruledge|[from]lockedmove\n|-damage|p2a: Ceruledge|19\/100\n|-ability|p2a: Ceruledge|Weak Armor|boost\n|-unboost|p2a: Ceruledge|def|1\n|-boost|p2a: Ceruledge|spe|2\n|-start|p1a: Koraidon|confusion|[fatigue]\n|\n|-weather|SunnyDay|[upkeep]\n|-heal|p1a: Koraidon|24\/100|[from] item: Leftovers\n|upkeep\n|turn|5\n|\n|t:|1699370893\n|move|p2a: Ceruledge|Bitter Blade|p1a: Koraidon\n|-resisted|p1a: Koraidon\n|-damage|p1a: Koraidon|0 fnt\n|-heal|p2a: Ceruledge|35\/100|[from] drain|[of] p1a: Koraidon\n|faint|p1a: Koraidon\n|\n|-weather|none\n|upkeep\n|\n|t:|1699370901\n|switch|p1a: Kingambit|Kingambit, M|100\/100\n|-activate|p1a: Kingambit|ability: Supreme Overlord\n|-start|p1a: Kingambit|fallen1|[silent]\n|turn|6\n|\n|t:|1699370911\n|move|p2a: Ceruledge|Bitter Blade|p1a: Kingambit\n|-supereffective|p1a: Kingambit\n|-damage|p1a: Kingambit|0 fnt\n|-heal|p2a: Ceruledge|100\/100|[from] drain|[of] p1a: Kingambit\n|faint|p1a: Kingambit\n|-end|p1a: Kingambit|fallen1|[silent]\n|\n|upkeep\n|\n|t:|1699370918\n|switch|p1a: Miraidon|Miraidon|100\/100\n|-fieldstart|move: Electric Terrain|[from] ability: Hadron Engine|[of] p1a: Miraidon\n|turn|7\n|\n|t:|1699370924\n|move|p2a: Ceruledge|Poltergeist|p1a: Miraidon\n|-activate|p1a: Miraidon|move: Poltergeist|Leftovers\n|-damage|p1a: Miraidon|0 fnt\n|faint|p1a: Miraidon\n|\n|upkeep\n|\n|t:|1699370931\n|switch|p1a: Volcanion|Volcanion|100\/100\n|turn|8\n|\n|t:|1699370935\n|move|p2a: Ceruledge|Poltergeist|p1a: Volcanion\n|-activate|p1a: Volcanion|move: Poltergeist|Leftovers\n|-damage|p1a: Volcanion|16\/100\n|move|p1a: Volcanion|Flare Blitz|p2a: Ceruledge\n|-resisted|p2a: Ceruledge\n|-damage|p2a: Ceruledge|86\/100\n|-ability|p2a: Ceruledge|Weak Armor|boost\n|-unboost|p2a: Ceruledge|def|1\n|-boost|p2a: Ceruledge|spe|2\n|-damage|p1a: Volcanion|11\/100|[from] Recoil\n|\n|-heal|p1a: Volcanion|17\/100|[from] item: Leftovers\n|upkeep\n|turn|9\n|\n|t:|1699370948\n|move|p2a: Ceruledge|Brick Break|p1a: Volcanion\n|-damage|p1a: Volcanion|0 fnt\n|faint|p1a: Volcanion\n|\n|upkeep\n|\n|t:|1699370953\n|switch|p1a: Iron Leaves|Iron Leaves|100\/100\n|-activate|p1a: Iron Leaves|ability: Quark Drive\n|-start|p1a: Iron Leaves|quarkdriveatk\n|turn|10\n|\n|t:|1699370961\n|move|p2a: Ceruledge|Bitter Blade|p1a: Iron Leaves\n|-supereffective|p1a: Iron Leaves\n|-damage|p1a: Iron Leaves|0 fnt\n|-heal|p2a: Ceruledge|100\/100|[from] drain|[of] p1a: Iron Leaves\n|faint|p1a: Iron Leaves\n|-end|p1a: Iron Leaves|Quark Drive|[silent]\n|\n|upkeep\n|\n|t:|1699370967\n|switch|p1a: Overqwil|Overqwil, F|100\/100\n|turn|11\n|\n|t:|1699370975\n|move|p2a: Ceruledge|Brick Break|p1a: Overqwil\n|-damage|p1a: Overqwil|45\/100\n|move|p1a: Overqwil|Hydro Pump|p2a: Ceruledge\n|-supereffective|p2a: Ceruledge\n|-damage|p2a: Ceruledge|67\/100\n|\n|-heal|p1a: Overqwil|51\/100|[from] item: Leftovers\n|-fieldend|move: Electric Terrain\n|upkeep\n|turn|12\n|\n|t:|1699370984\n|move|p2a: Ceruledge|Bitter Blade|p1a: Overqwil\n|-crit|p1a: Overqwil\n|-damage|p1a: Overqwil|0 fnt\n|-heal|p2a: Ceruledge|99\/100|[from] drain|[of] p1a: Overqwil\n|faint|p1a: Overqwil\n|\n|win|protobrine\n|raw|grubbin+jigglypuff's rating: 1056 &rarr; <strong>1035<\/strong><br \/>(-21 for losing)\n|raw|protobrine's rating: 1000 &rarr; <strong>1046<\/strong><br \/>(+46 for winning)\n|l|\u2606grubbin+jigglypuff\n","uploadtime":1699370999,"views":6,"p1id":"grubbinjigglypuff","p2id":"protobrine","formatid":"gen9ubers","rating":1035,"private":0,"password":""}