{"id":"gen9ubers-1991096552","p1":"BIRD EGGY WEGGY","p2":"qwerman234","format":"[Gen 9] Ubers","log":"|j|\u2606BIRD EGGY WEGGY\n|j|\u2606qwerman234\n|t:|1700042302\n|gametype|singles\n|player|p1|BIRD EGGY WEGGY|fisherman|1179\n|player|p2|qwerman234|gambler|1237\n|teamsize|p1|6\n|teamsize|p2|6\n|gen|9\n|tier|[Gen 9] Ubers\n|rated|\n|rule|Sleep Clause Mod: Limit one foe put to sleep\n|rule|Species Clause: Limit one of each Pok\u00e9mon\n|rule|OHKO Clause: OHKO moves are banned\n|rule|Evasion Items Clause: Evasion items are banned\n|rule|Evasion Moves Clause: Evasion moves are banned\n|rule|Endless Battle Clause: Forcing endless battles is banned\n|rule|HP Percentage Mod: HP is shown in percentages\n|clearpoke\n|poke|p1|Arceus-Electric|\n|poke|p1|Urshifu-*, F|\n|poke|p1|Calyrex-Ice|\n|poke|p1|Regieleki|\n|poke|p1|Chien-Pao|\n|poke|p1|Palafin, M|\n|poke|p2|Arceus|\n|poke|p2|Cyclizar, F|\n|poke|p2|Maushold-Four|\n|poke|p2|Zoroark-Hisui, F|\n|poke|p2|Ditto|\n|poke|p2|Ursaluna-Bloodmoon, M|\n|teampreview\n|inactive|Battle timer is ON: inactive players will automatically lose when time's up. (requested by qwerman234)\n|\n|t:|1700042306\n|start\n|switch|p1a: Regieleki|Regieleki|100\/100\n|switch|p2a: toyota corolla|Cyclizar, F|100\/100\n|turn|1\n|\n|t:|1700042318\n|move|p2a: toyota corolla|Shed Tail|p2a: toyota corolla\n|-start|p2a: toyota corolla|Substitute|[from] move: Shed Tail\n|-damage|p2a: toyota corolla|50\/100\n|\n|t:|1700042327\n|switch|p2a: big man|Ursaluna-Bloodmoon, M|100\/100|[from] Shed Tail\n|move|p1a: Regieleki|Thunder Cage|p2a: big man\n|-immune|p2a: big man\n|\n|upkeep\n|turn|2\n|\n|t:|1700042339\n|-terastallize|p1a: Regieleki|Dark\n|move|p1a: Regieleki|Reflect|p1a: Regieleki\n|-sidestart|p1: BIRD EGGY WEGGY|Reflect\n|move|p2a: big man|Calm Mind|p2a: big man\n|-boost|p2a: big man|spa|1\n|-boost|p2a: big man|spd|1\n|\n|upkeep\n|turn|3\n|\n|t:|1700042346\n|move|p1a: Regieleki|Light Screen|p1a: Regieleki\n|-sidestart|p1: BIRD EGGY WEGGY|move: Light Screen\n|move|p2a: big man|Blood Moon|p1a: Regieleki\n|-damage|p1a: Regieleki|0 fnt\n|faint|p1a: Regieleki\n|\n|upkeep\n|\n|t:|1700042355\n|switch|p1a: Palafin|Palafin, M|100\/100\n|turn|4\n|\n|t:|1700042362\n|move|p1a: Palafin|Flip Turn|p2a: big man\n|-supereffective|p2a: big man\n|-end|p2a: big man|Substitute\n|\n|t:|1700042368\n|detailschange|p1a: Palafin|Palafin-Hero, M\n|switch|p1a: Calyrex|Calyrex-Ice|100\/100|[from] Flip Turn\n|-ability|p1a: Calyrex|As One\n|-ability|p1a: Calyrex|Unnerve\n|move|p2a: big man|Earth Power|p1a: Calyrex\n|-damage|p1a: Calyrex|68\/100\n|\n|upkeep\n|turn|5\n|\n|t:|1700042383\n|move|p1a: Calyrex|Glacial Lance|p2a: big man\n|-supereffective|p2a: big man\n|-damage|p2a: big man|0 fnt\n|faint|p2a: big man\n|-ability|p1a: Calyrex|Chilling Neigh|boost\n|-boost|p1a: Calyrex|atk|1\n|\n|upkeep\n|\n|t:|1700042395\n|switch|p2a: god of llamas|Arceus|100\/100\n|turn|6\n|\n|t:|1700042399\n|move|p2a: god of llamas|Shadow Ball|p1a: Calyrex\n|-supereffective|p1a: Calyrex\n|-damage|p1a: Calyrex|21\/100\n|move|p1a: Calyrex|Glacial Lance|p2a: god of llamas\n|-damage|p2a: god of llamas|0 fnt\n|replace|p2a: bamboozled|Zoroark-Hisui, F\n|-end|p2a: bamboozled|Illusion\n|faint|p2a: bamboozled\n|-ability|p1a: Calyrex|Chilling Neigh|boost\n|-boost|p1a: Calyrex|atk|1\n|\n|upkeep\n|\n|t:|1700042408\n|switch|p2a: yoink|Ditto, shiny|100\/100\n|-transform|p2a: yoink|p1a: Calyrex|[from] ability: Imposter\n|turn|7\n|\n|t:|1700042414\n|move|p2a: yoink|Close Combat|p1a: Calyrex\n|-damage|p1a: Calyrex|0 fnt\n|-unboost|p2a: yoink|def|1\n|-unboost|p2a: yoink|spd|1\n|faint|p1a: Calyrex\n|-ability|p2a: yoink|Chilling Neigh|boost\n|-boost|p2a: yoink|atk|1\n|\n|upkeep\n|\n|t:|1700042423\n|switch|p1a: Chien-Pao|Chien-Pao|100\/100\n|-ability|p1a: Chien-Pao|Sword of Ruin\n|turn|8\n|\n|t:|1700042437\n|switch|p2a: family of 4|Maushold-Four|100\/100\n|move|p1a: Chien-Pao|Crunch|p2a: family of 4\n|-damage|p2a: family of 4|0 fnt\n|faint|p2a: family of 4\n|-damage|p1a: Chien-Pao|91\/100|[from] item: Life Orb\n|\n|upkeep\n|\n|t:|1700042448\n|switch|p2a: god of llamas|Arceus|100\/100\n|turn|9\n|c|\u2606BIRD EGGY WEGGY|i just murdered a family of four\n|\n|t:|1700042460\n|move|p1a: Chien-Pao|Swords Dance|p1a: Chien-Pao\n|-boost|p1a: Chien-Pao|atk|2\n|move|p2a: god of llamas|Swords Dance|p2a: god of llamas\n|-boost|p2a: god of llamas|atk|2\n|\n|-sideend|p1: BIRD EGGY WEGGY|Reflect\n|upkeep\n|turn|10\n|\n|t:|1700042467\n|-terastallize|p2a: god of llamas|Normal\n|move|p2a: god of llamas|Extreme Speed|p1a: Chien-Pao\n|-damage|p1a: Chien-Pao|0 fnt\n|faint|p1a: Chien-Pao\n|\n|-sideend|p1: BIRD EGGY WEGGY|move: Light Screen\n|upkeep\n|\n|t:|1700042480\n|switch|p1a: Urshifu|Urshifu-Rapid-Strike, F|100\/100\n|turn|11\n|\n|t:|1700042488\n|move|p2a: god of llamas|Extreme Speed|p1a: Urshifu\n|-damage|p1a: Urshifu|0 fnt\n|faint|p1a: Urshifu\n|\n|upkeep\n|\n|t:|1700042494\n|switch|p1a: Palafin|Palafin-Hero, M|100\/100\n|-activate|p1a: Palafin|ability: Zero to Hero\n|turn|12\n|\n|t:|1700042502\n|move|p2a: god of llamas|Extreme Speed|p1a: Palafin\n|-damage|p1a: Palafin|0 fnt\n|faint|p1a: Palafin\n|\n|upkeep\n|\n|t:|1700042506\n|switch|p1a: Arceus|Arceus-Electric|100\/100\n|turn|13\n|\n|t:|1700042515\n|move|p2a: god of llamas|Extreme Speed|p1a: Arceus\n|-damage|p1a: Arceus|20\/100\n|move|p1a: Arceus|Judgment|p2a: god of llamas\n|-damage|p2a: god of llamas|68\/100\n|\n|-heal|p2a: god of llamas|74\/100|[from] item: Leftovers\n|upkeep\n|turn|14\n|\n|t:|1700042523\n|move|p2a: god of llamas|Extreme Speed|p1a: Arceus\n|-damage|p1a: Arceus|0 fnt\n|faint|p1a: Arceus\n|\n|win|qwerman234\n|raw|BIRD EGGY WEGGY's rating: 1179 &rarr; <strong>1158<\/strong><br \/>(-21 for losing)\n|raw|qwerman234's rating: 1237 &rarr; <strong>1258<\/strong><br \/>(+21 for winning)\n","uploadtime":1700042457,"views":5,"p1id":"birdeggyweggy","p2id":"qwerman234","formatid":"gen9ubers","rating":1158,"private":0,"password":""}