{"id":"gen9ubers-1987329444","p1":"cashapp me pls","p2":"Ruby876","format":"[Gen 9] Ubers","log":"|j|\u2606cashapp me pls\n|j|\u2606Ruby876\n|t:|1699578164\n|gametype|singles\n|player|p1|cashapp me pls|170|1017\n|player|p2|Ruby876|101|1076\n|teamsize|p1|6\n|teamsize|p2|6\n|gen|9\n|tier|[Gen 9] Ubers\n|rated|\n|rule|Sleep Clause Mod: Limit one foe put to sleep\n|rule|Species Clause: Limit one of each Pok\u00e9mon\n|rule|OHKO Clause: OHKO moves are banned\n|rule|Evasion Items Clause: Evasion items are banned\n|rule|Evasion Moves Clause: Evasion moves are banned\n|rule|Endless Battle Clause: Forcing endless battles is banned\n|rule|HP Percentage Mod: HP is shown in percentages\n|clearpoke\n|poke|p1|Gothitelle, F|\n|poke|p1|Gothorita, M|\n|poke|p1|Dugtrio, F|\n|poke|p1|Cinderace, F|\n|poke|p1|Alomomola, M|\n|poke|p1|Slowking-Galar, F|\n|poke|p2|Munkidori, M|\n|poke|p2|Zoroark-Hisui, F|\n|poke|p2|Mandibuzz, F|\n|poke|p2|Toedscruel, M|\n|poke|p2|Klefki, F|\n|poke|p2|Kingambit, M|\n|teampreview\n|j| ThePlumber7\n|\n|t:|1699578178\n|start\n|switch|p1a: Cinderace|Cinderace, F|100\/100\n|switch|p2a: Kingambit|Kingambit, M|100\/100\n|turn|1\n|\n|t:|1699578191\n|switch|p2a: Mandibuzz|Mandibuzz, F|100\/100\n|move|p1a: Cinderace|Pyro Ball|p2a: Mandibuzz\n|-damage|p2a: Mandibuzz|74\/100\n|\n|-heal|p2a: Mandibuzz|80\/100|[from] item: Leftovers\n|upkeep\n|turn|2\n|\n|t:|1699578199\n|move|p1a: Cinderace|U-turn|p2a: Mandibuzz\n|-start|p1a: Cinderace|typechange|Bug|[from] ability: Libero\n|-damage|p2a: Mandibuzz|64\/100\n|\n|t:|1699578202\n|switch|p1a: Gothitelle|Gothitelle, F|100\/100|[from] U-turn\n|move|p2a: Mandibuzz|Toxic|p1a: Gothitelle\n|-status|p1a: Gothitelle|tox\n|\n|-heal|p2a: Mandibuzz|70\/100|[from] item: Leftovers\n|-damage|p1a: Gothitelle|94\/100 tox|[from] psn\n|upkeep\n|turn|3\n|\n|t:|1699578211\n|move|p1a: Gothitelle|Trick|p2a: Mandibuzz\n|-activate|p1a: Gothitelle|move: Trick|[of] p2a: Mandibuzz\n|-item|p2a: Mandibuzz|Choice Scarf|[from] move: Trick\n|-item|p1a: Gothitelle|Leftovers|[from] move: Trick\n|move|p2a: Mandibuzz|Roost|p2a: Mandibuzz\n|-heal|p2a: Mandibuzz|100\/100\n|-singleturn|p2a: Mandibuzz|move: Roost\n|\n|-heal|p1a: Gothitelle|100\/100 tox|[from] item: Leftovers\n|-damage|p1a: Gothitelle|88\/100 tox|[from] psn\n|upkeep\n|turn|4\n|\n|t:|1699578228\n|move|p2a: Mandibuzz|Roost||[still]\n|-fail|p2a: Mandibuzz|heal\n|move|p1a: Gothitelle|Charm|p2a: Mandibuzz\n|-unboost|p2a: Mandibuzz|atk|2\n|\n|-heal|p1a: Gothitelle|94\/100 tox|[from] item: Leftovers\n|-damage|p1a: Gothitelle|76\/100 tox|[from] psn\n|upkeep\n|turn|5\n|\n|t:|1699578245\n|move|p2a: Mandibuzz|Roost||[still]\n|-fail|p2a: Mandibuzz|heal\n|move|p1a: Gothitelle|Charm|p2a: Mandibuzz\n|-unboost|p2a: Mandibuzz|atk|2\n|\n|-heal|p1a: Gothitelle|82\/100 tox|[from] item: Leftovers\n|-damage|p1a: Gothitelle|58\/100 tox|[from] psn\n|upkeep\n|turn|6\n|\n|t:|1699578254\n|move|p2a: Mandibuzz|Roost||[still]\n|-fail|p2a: Mandibuzz|heal\n|move|p1a: Gothitelle|Charm|p2a: Mandibuzz\n|-unboost|p2a: Mandibuzz|atk|2\n|\n|-heal|p1a: Gothitelle|64\/100 tox|[from] item: Leftovers\n|-damage|p1a: Gothitelle|33\/100 tox|[from] psn\n|upkeep\n|turn|7\n|\n|t:|1699578262\n|move|p2a: Mandibuzz|Roost||[still]\n|-fail|p2a: Mandibuzz|heal\n|move|p1a: Gothitelle|Rest|p1a: Gothitelle\n|-status|p1a: Gothitelle|slp|[from] move: Rest\n|-heal|p1a: Gothitelle|100\/100 slp|[silent]\n|\n|upkeep\n|turn|8\n|inactive|Battle timer is ON: inactive players will automatically lose when time's up. (requested by cashapp me pls)\n|\n|t:|1699578269\n|move|p2a: Mandibuzz|Roost||[still]\n|-fail|p2a: Mandibuzz|heal\n|cant|p1a: Gothitelle|slp\n|\n|upkeep\n|turn|9\n|\n|t:|1699578276\n|switch|p1a: Dugtrio|Dugtrio, F|100\/100\n|move|p2a: Mandibuzz|Roost||[still]\n|-fail|p2a: Mandibuzz|heal\n|\n|upkeep\n|turn|10\n|\n|t:|1699578286\n|switch|p2a: Toedscruel|Toedscruel, M|100\/100\n|move|p1a: Dugtrio|Scary Face|p2a: Toedscruel\n|-unboost|p2a: Toedscruel|spe|2\n|\n|upkeep\n|turn|11\n|\n|t:|1699578293\n|switch|p1a: Gothitelle|Gothitelle, F|100\/100 slp\n|move|p2a: Toedscruel|Spore|p1a: Gothitelle\n|-fail|p1a: Gothitelle|slp\n|\n|upkeep\n|turn|12\n|\n|t:|1699578300\n|cant|p1a: Gothitelle|slp\n|move|p2a: Toedscruel|Hex|p1a: Gothitelle\n|-supereffective|p1a: Gothitelle\n|-damage|p1a: Gothitelle|57\/100 slp\n|\n|-heal|p1a: Gothitelle|63\/100 slp|[from] item: Leftovers\n|upkeep\n|turn|13\n|\n|t:|1699578306\n|switch|p1a: Gothorita|Gothorita, M|100\/100\n|move|p2a: Toedscruel|Hex|p1a: Gothorita\n|-supereffective|p1a: Gothorita\n|-damage|p1a: Gothorita|86\/100\n|\n|upkeep\n|turn|14\n|\n|t:|1699578313\n|move|p1a: Gothorita|Light Screen|p1a: Gothorita\n|-sidestart|p1: cashapp me pls|move: Light Screen\n|move|p2a: Toedscruel|Toxic Spikes|p1a: Gothorita\n|-sidestart|p1: cashapp me pls|move: Toxic Spikes\n|\n|upkeep\n|turn|15\n|\n|t:|1699578319\n|switch|p1a: Dugtrio|Dugtrio, F|100\/100\n|-status|p1a: Dugtrio|psn\n|move|p2a: Toedscruel|Hex|p1a: Dugtrio\n|-damage|p1a: Dugtrio|81\/100 psn\n|\n|-heal|p1a: Dugtrio|88\/100 psn|[from] item: Leftovers\n|-damage|p1a: Dugtrio|75\/100 psn|[from] psn\n|upkeep\n|turn|16\n|\n|t:|1699578330\n|move|p1a: Dugtrio|Sand Attack|p2a: Toedscruel\n|-unboost|p2a: Toedscruel|accuracy|1\n|move|p2a: Toedscruel|Hex|p1a: Dugtrio\n|-damage|p1a: Dugtrio|55\/100 psn\n|\n|-heal|p1a: Dugtrio|61\/100 psn|[from] item: Leftovers\n|-damage|p1a: Dugtrio|48\/100 psn|[from] psn\n|upkeep\n|turn|17\n|\n|t:|1699578345\n|move|p1a: Dugtrio|Sand Attack|p2a: Toedscruel\n|-unboost|p2a: Toedscruel|accuracy|1\n|move|p2a: Toedscruel|Hex|p1a: Dugtrio\n|-damage|p1a: Dugtrio|29\/100 psn\n|\n|-heal|p1a: Dugtrio|36\/100 psn|[from] item: Leftovers\n|-damage|p1a: Dugtrio|23\/100 psn|[from] psn\n|upkeep\n|turn|18\n|c| ThePlumber7|I know, It's annoying what he does; he's just a bad player who can't win without anything else. He was berry cycling before, so this is a little better\n|\n|t:|1699578354\n|move|p1a: Dugtrio|Rest|p1a: Dugtrio\n|-status|p1a: Dugtrio|slp|[from] move: Rest\n|-heal|p1a: Dugtrio|100\/100 slp|[silent]\n|move|p2a: Toedscruel|Hex|p1a: Dugtrio\n|-damage|p1a: Dugtrio|80\/100 slp\n|\n|-heal|p1a: Dugtrio|86\/100 slp|[from] item: Leftovers\n|-sideend|p1: cashapp me pls|move: Light Screen\n|upkeep\n|turn|19\n|\n|t:|1699578362\n|switch|p1a: Gothorita|Gothorita, M|86\/100\n|-status|p1a: Gothorita|psn\n|move|p2a: Toedscruel|Hex|p1a: Gothorita|[miss]\n|-miss|p2a: Toedscruel|p1a: Gothorita\n|\n|-damage|p1a: Gothorita|73\/100 psn|[from] psn\n|upkeep\n|turn|20\n|inactive|Ruby876 has 120 seconds left.\n|c|\u2606Ruby876|You might not need to be playing in Ubers try playing in UU first. Try building a team out of some of your favorite Pok\u00e9mon that are a bit weaker than the major players in OU :)\n|\n|t:|1699578404\n|move|p1a: Gothorita|Light Screen|p1a: Gothorita\n|-sidestart|p1: cashapp me pls|move: Light Screen\n|move|p2a: Toedscruel|Hex|p1a: Gothorita|[miss]\n|-miss|p2a: Toedscruel|p1a: Gothorita\n|\n|-damage|p1a: Gothorita|61\/100 psn|[from] psn\n|upkeep\n|turn|21\n|c| ThePlumber7|his team's valid for OU\n|inactive|cashapp me pls has 120 seconds left.\n|c|\u2606Ruby876|I know but playing in the lower tiers is a good practice that\u2019s how I got good from personal experience\n|inactive|cashapp me pls has 90 seconds left.\n|\n|t:|1699578480\n|switch|p1a: Dugtrio|Dugtrio, F|86\/100 slp\n|move|p2a: Toedscruel|Hex|p1a: Dugtrio|[miss]\n|-miss|p2a: Toedscruel|p1a: Dugtrio\n|\n|-heal|p1a: Dugtrio|92\/100 slp|[from] item: Leftovers\n|upkeep\n|turn|22\n|j|@ken@!\n|inactive|Ruby876 has 120 seconds left.\n|\n|t:|1699578488\n|cant|p1a: Dugtrio|slp\n|move|p2a: Toedscruel|Hex|p1a: Dugtrio\n|-damage|p1a: Dugtrio|71\/100 slp\n|\n|-heal|p1a: Dugtrio|77\/100 slp|[from] item: Leftovers\n|upkeep\n|turn|23\n|l|@ken\n|\n|t:|1699578494\n|cant|p1a: Dugtrio|slp\n|move|p2a: Toedscruel|Hex|p1a: Dugtrio|[miss]\n|-miss|p2a: Toedscruel|p1a: Dugtrio\n|\n|-heal|p1a: Dugtrio|83\/100 slp|[from] item: Leftovers\n|upkeep\n|turn|24\n|\n|t:|1699578503\n|-curestatus|p1a: Dugtrio|slp|[msg]\n|move|p1a: Dugtrio|Sand Attack|p2a: Toedscruel\n|-unboost|p2a: Toedscruel|accuracy|1\n|move|p2a: Toedscruel|Hex|p1a: Dugtrio\n|-damage|p1a: Dugtrio|73\/100\n|\n|-heal|p1a: Dugtrio|79\/100|[from] item: Leftovers\n|-sideend|p1: cashapp me pls|move: Light Screen\n|upkeep\n|turn|25\n|\n|t:|1699578521\n|move|p1a: Dugtrio|Substitute|p1a: Dugtrio\n|-start|p1a: Dugtrio|Substitute\n|-damage|p1a: Dugtrio|54\/100\n|move|p2a: Toedscruel|Hex|p1a: Dugtrio\n|-activate|p1a: Dugtrio|move: Substitute|[damage]\n|\n|-heal|p1a: Dugtrio|60\/100|[from] item: Leftovers\n|upkeep\n|turn|26\n|\n|t:|1699578531\n|move|p1a: Dugtrio|Sand Attack|p2a: Toedscruel\n|-unboost|p2a: Toedscruel|accuracy|1\n|move|p2a: Toedscruel|Hex|p1a: Dugtrio\n|-end|p1a: Dugtrio|Substitute\n|\n|-heal|p1a: Dugtrio|66\/100|[from] item: Leftovers\n|upkeep\n|turn|27\n|\n|t:|1699578539\n|move|p1a: Dugtrio|Substitute|p1a: Dugtrio\n|-start|p1a: Dugtrio|Substitute\n|-damage|p1a: Dugtrio|42\/100\n|move|p2a: Toedscruel|Hex|p1a: Dugtrio|[miss]\n|-miss|p2a: Toedscruel|p1a: Dugtrio\n|\n|-heal|p1a: Dugtrio|48\/100|[from] item: Leftovers\n|upkeep\n|turn|28\n|\n|t:|1699578546\n|move|p1a: Dugtrio|Sand Attack|p2a: Toedscruel\n|-unboost|p2a: Toedscruel|accuracy|1\n|move|p2a: Toedscruel|Hex|p1a: Dugtrio|[miss]\n|-miss|p2a: Toedscruel|p1a: Dugtrio\n|\n|-heal|p1a: Dugtrio|54\/100|[from] item: Leftovers\n|upkeep\n|turn|29\n|\n|t:|1699578556\n|move|p1a: Dugtrio|Sand Attack|p2a: Toedscruel\n|-unboost|p2a: Toedscruel|accuracy|1\n|move|p2a: Toedscruel|Mirror Coat||[still]\n|-fail|p2a: Toedscruel\n|\n|-heal|p1a: Dugtrio|60\/100|[from] item: Leftovers\n|upkeep\n|turn|30\n|\n|t:|1699578563\n|move|p1a: Dugtrio|Scary Face|p2a: Toedscruel\n|-unboost|p2a: Toedscruel|spe|2\n|move|p2a: Toedscruel|Mirror Coat||[still]\n|-fail|p2a: Toedscruel\n|\n|-heal|p1a: Dugtrio|66\/100|[from] item: Leftovers\n|upkeep\n|turn|31\n|\n|t:|1699578569\n|move|p1a: Dugtrio|Scary Face|p2a: Toedscruel\n|-unboost|p2a: Toedscruel|spe|2\n|move|p2a: Toedscruel|Mirror Coat||[still]\n|-fail|p2a: Toedscruel\n|\n|-heal|p1a: Dugtrio|73\/100|[from] item: Leftovers\n|upkeep\n|turn|32\n|\n|t:|1699578582\n|switch|p1a: Gothitelle|Gothitelle, F|63\/100 slp\n|move|p2a: Toedscruel|Mirror Coat||[still]\n|-fail|p2a: Toedscruel\n|\n|-heal|p1a: Gothitelle|69\/100 slp|[from] item: Leftovers\n|upkeep\n|turn|33\n|\n|t:|1699578589\n|-curestatus|p1a: Gothitelle|slp|[msg]\n|move|p1a: Gothitelle|Charm|p2a: Toedscruel\n|-unboost|p2a: Toedscruel|atk|2\n|move|p2a: Toedscruel|Mirror Coat||[still]\n|-fail|p2a: Toedscruel\n|\n|-heal|p1a: Gothitelle|75\/100|[from] item: Leftovers\n|upkeep\n|turn|34\n|\n|t:|1699578598\n|move|p1a: Gothitelle|Charm|p2a: Toedscruel\n|-unboost|p2a: Toedscruel|atk|2\n|move|p2a: Toedscruel|Mirror Coat||[still]\n|-fail|p2a: Toedscruel\n|\n|-heal|p1a: Gothitelle|81\/100|[from] item: Leftovers\n|upkeep\n|turn|35\n|-message|Ruby876 forfeited.\n|\n|win|cashapp me pls\n|raw|cashapp me pls's rating: 1017 &rarr; <strong>1061<\/strong><br \/>(+44 for winning)\n|raw|Ruby876's rating: 1076 &rarr; <strong>1051<\/strong><br \/>(-25 for losing)\n","uploadtime":1699578459,"views":5,"p1id":"cashappmepls","p2id":"ruby876","formatid":"gen9ubers","rating":1051,"private":0,"password":""}