{"id":"gen9ubers-1998986933","p1":"SmoobyDoo","p2":"thunderbug","format":"[Gen 9] Ubers","log":"|j|\u2606SmoobyDoo\n|j|\u2606thunderbug\n|t:|1701021023\n|gametype|singles\n|player|p1|SmoobyDoo|swimmerf|\n|player|p2|thunderbug|bugsy-gen2|\n|teamsize|p1|6\n|teamsize|p2|6\n|gen|9\n|tier|[Gen 9] Ubers\n|rated|Tournament battle\n|rule|Sleep Clause Mod: Limit one foe put to sleep\n|rule|Species Clause: Limit one of each Pok\u00e9mon\n|rule|OHKO Clause: OHKO moves are banned\n|rule|Evasion Items Clause: Evasion items are banned\n|rule|Evasion Moves Clause: Evasion moves are banned\n|rule|Endless Battle Clause: Forcing endless battles is banned\n|rule|HP Percentage Mod: HP is shown in percentages\n|clearpoke\n|poke|p1|Flutter Mane|\n|poke|p1|Zacian-*|\n|poke|p1|Ting-Lu|\n|poke|p1|Kyogre|\n|poke|p1|Arceus|\n|poke|p1|Miraidon|\n|poke|p2|Calyrex-Ice|\n|poke|p2|Miraidon|\n|poke|p2|Koraidon|\n|poke|p2|Ting-Lu|\n|poke|p2|Zacian-*|\n|poke|p2|Kyogre|\n|teampreview\n|c|\u2606SmoobyDoo|woah\n|c|\u2606SmoobyDoo|ice horse\n|c|\u2606thunderbug|gl hf\n|c|\u2606SmoobyDoo|u2\n|\n|t:|1701021058\n|start\n|switch|p1a: Flutter Mane|Flutter Mane|100\/100\n|switch|p2a: Miraidon|Miraidon|100\/100\n|-fieldstart|move: Electric Terrain|[from] ability: Hadron Engine|[of] p2a: Miraidon\n|turn|1\n|\n|t:|1701021066\n|-end|p1a: Flutter Mane|Protosynthesis|[silent]\n|switch|p1a: Ting-Lu|Ting-Lu|100\/100\n|-ability|p1a: Ting-Lu|Vessel of Ruin\n|move|p2a: Miraidon|U-turn|p1a: Ting-Lu\n|-supereffective|p1a: Ting-Lu\n|-damage|p1a: Ting-Lu|87\/100\n|\n|t:|1701021073\n|switch|p2a: Kyogre|Kyogre|100\/100|[from] U-turn\n|-weather|RainDance|[from] ability: Drizzle|[of] p2a: Kyogre\n|\n|-weather|RainDance|[upkeep]\n|-heal|p1a: Ting-Lu|93\/100|[from] item: Leftovers\n|upkeep\n|turn|2\n|\n|t:|1701021121\n|switch|p1a: Kyogre|Kyogre|100\/100\n|move|p2a: Kyogre|Substitute|p2a: Kyogre\n|-start|p2a: Kyogre|Substitute\n|-damage|p2a: Kyogre|75\/100\n|\n|-weather|RainDance|[upkeep]\n|-heal|p2a: Kyogre|82\/100|[from] item: Leftovers\n|upkeep\n|turn|3\n|\n|t:|1701021125\n|move|p1a: Kyogre|Thunder|p2a: Kyogre\n|-supereffective|p2a: Kyogre\n|-end|p2a: Kyogre|Substitute\n|move|p2a: Kyogre|Calm Mind|p2a: Kyogre\n|-boost|p2a: Kyogre|spa|1\n|-boost|p2a: Kyogre|spd|1\n|\n|-weather|RainDance|[upkeep]\n|-heal|p2a: Kyogre|88\/100|[from] item: Leftovers\n|upkeep\n|turn|4\n|\n|t:|1701021130\n|move|p1a: Kyogre|Thunder|p2a: Kyogre\n|-supereffective|p2a: Kyogre\n|-damage|p2a: Kyogre|40\/100\n|-status|p2a: Kyogre|par\n|move|p2a: Kyogre|Surf|p1a: Kyogre\n|-resisted|p1a: Kyogre\n|-damage|p1a: Kyogre|63\/100\n|\n|-weather|RainDance|[upkeep]\n|-heal|p2a: Kyogre|46\/100 par|[from] item: Leftovers\n|upkeep\n|turn|5\n|j| THEAsianFaLiUrE\n|\n|t:|1701021192\n|switch|p2a: Ting-Lu|Ting-Lu|100\/100\n|-ability|p2a: Ting-Lu|Vessel of Ruin\n|move|p1a: Kyogre|Thunder|p2a: Ting-Lu\n|-immune|p2a: Ting-Lu\n|\n|-weather|none\n|-fieldend|move: Electric Terrain\n|upkeep\n|turn|6\n|\n|t:|1701021206\n|switch|p1a: Ting-Lu|Ting-Lu|93\/100\n|-ability|p1a: Ting-Lu|Vessel of Ruin\n|move|p2a: Ting-Lu|Spikes|p1a: Ting-Lu\n|-sidestart|p1: SmoobyDoo|Spikes\n|\n|-heal|p1a: Ting-Lu|99\/100|[from] item: Leftovers\n|upkeep\n|turn|7\n|\n|t:|1701021216\n|move|p1a: Ting-Lu|Spikes|p2a: Ting-Lu\n|-sidestart|p2: thunderbug|Spikes\n|move|p2a: Ting-Lu|Spikes|p1a: Ting-Lu\n|-sidestart|p1: SmoobyDoo|Spikes\n|\n|-heal|p1a: Ting-Lu|100\/100|[from] item: Leftovers\n|upkeep\n|turn|8\n|\n|t:|1701021221\n|move|p1a: Ting-Lu|Spikes|p2a: Ting-Lu\n|-sidestart|p2: thunderbug|Spikes\n|move|p2a: Ting-Lu|Spikes|p1a: Ting-Lu\n|-sidestart|p1: SmoobyDoo|Spikes\n|\n|upkeep\n|turn|9\n|\n|t:|1701021225\n|move|p1a: Ting-Lu|Spikes|p2a: Ting-Lu\n|-sidestart|p2: thunderbug|Spikes\n|move|p2a: Ting-Lu|Ruination|p1a: Ting-Lu\n|-damage|p1a: Ting-Lu|50\/100\n|\n|-heal|p1a: Ting-Lu|57\/100|[from] item: Leftovers\n|upkeep\n|turn|10\n|\n|t:|1701021232\n|move|p1a: Ting-Lu|Ruination|p2a: Ting-Lu\n|-damage|p2a: Ting-Lu|50\/100\n|move|p2a: Ting-Lu|Ruination|p1a: Ting-Lu\n|-damage|p1a: Ting-Lu|29\/100\n|\n|-heal|p1a: Ting-Lu|35\/100|[from] item: Leftovers\n|-heal|p2a: Ting-Lu|57\/100|[from] item: Leftovers\n|upkeep\n|turn|11\n|\n|t:|1701021240\n|switch|p1a: Kyogre|Kyogre|63\/100\n|-damage|p1a: Kyogre|38\/100|[from] Spikes\n|-weather|RainDance|[from] ability: Drizzle|[of] p1a: Kyogre\n|move|p2a: Ting-Lu|Earthquake|p1a: Kyogre\n|-damage|p1a: Kyogre|0 fnt\n|faint|p1a: Kyogre\n|\n|-weather|RainDance|[upkeep]\n|-heal|p2a: Ting-Lu|63\/100|[from] item: Leftovers\n|upkeep\n|\n|t:|1701021251\n|switch|p1a: Zacian|Zacian-Crowned|100\/100\n|-damage|p1a: Zacian|76\/100|[from] Spikes\n|-ability|p1a: Zacian|Intrepid Sword|boost\n|-boost|p1a: Zacian|atk|1\n|turn|12\n|j|+edgar\n|\n|t:|1701021257\n|switch|p2a: Kyogre|Kyogre|46\/100 par\n|-damage|p2a: Kyogre|21\/100 par|[from] Spikes\n|move|p1a: Zacian|Play Rough|p2a: Kyogre\n|-damage|p2a: Kyogre|0 fnt\n|faint|p2a: Kyogre\n|\n|-weather|RainDance|[upkeep]\n|upkeep\n|l| THEAsianFaLiUrE\n|\n|t:|1701021275\n|switch|p2a: Miraidon|Miraidon|100\/100\n|-damage|p2a: Miraidon|76\/100|[from] Spikes\n|-fieldstart|move: Electric Terrain|[from] ability: Hadron Engine|[of] p2a: Miraidon\n|turn|13\n|\n|t:|1701021313\n|switch|p1a: Ting-Lu|Ting-Lu|35\/100\n|-damage|p1a: Ting-Lu|10\/100|[from] Spikes\n|-ability|p1a: Ting-Lu|Vessel of Ruin\n|move|p2a: Miraidon|Electro Drift|p1a: Ting-Lu\n|-immune|p1a: Ting-Lu\n|\n|-weather|RainDance|[upkeep]\n|-heal|p1a: Ting-Lu|16\/100|[from] item: Leftovers\n|upkeep\n|turn|14\n|\n|t:|1701021324\n|switch|p2a: Koraidon|Koraidon|100\/100\n|-damage|p2a: Koraidon|76\/100|[from] Spikes\n|-weather|SunnyDay|[from] ability: Orichalcum Pulse|[of] p2a: Koraidon\n|-activate|p2a: Koraidon|Orichalcum Pulse|[source]\n|move|p1a: Ting-Lu|Whirlwind|p2a: Koraidon\n|drag|p2a: Zacian|Zacian-Crowned|100\/100\n|-damage|p2a: Zacian|76\/100|[from] Spikes\n|-ability|p2a: Zacian|Intrepid Sword|boost\n|-boost|p2a: Zacian|atk|1\n|\n|-weather|SunnyDay|[upkeep]\n|-heal|p1a: Ting-Lu|22\/100|[from] item: Leftovers\n|upkeep\n|turn|15\n|\n|t:|1701021333\n|move|p2a: Zacian|Behemoth Blade|p1a: Ting-Lu\n|-damage|p1a: Ting-Lu|0 fnt\n|faint|p1a: Ting-Lu\n|\n|-weather|SunnyDay|[upkeep]\n|upkeep\n|\n|t:|1701021346\n|switch|p1a: Zacian|Zacian-Crowned|76\/100\n|-damage|p1a: Zacian|51\/100|[from] Spikes\n|turn|16\n|\n|t:|1701021350\n|move|p2a: Zacian|Behemoth Blade|p1a: Zacian\n|-damage|p1a: Zacian|0 fnt\n|faint|p1a: Zacian\n|\n|-weather|SunnyDay|[upkeep]\n|upkeep\n|\n|t:|1701021360\n|switch|p1a: Miraidon|Miraidon|100\/100\n|-damage|p1a: Miraidon|76\/100|[from] Spikes\n|-activate|p1a: Miraidon|ability: Hadron Engine\n|turn|17\n|\n|t:|1701021368\n|-terastallize|p1a: Miraidon|Electric\n|move|p2a: Zacian|Play Rough|p1a: Miraidon\n|-damage|p1a: Miraidon|0 fnt\n|faint|p1a: Miraidon\n|\n|-weather|SunnyDay|[upkeep]\n|-fieldend|move: Electric Terrain\n|upkeep\n|c|\u2606SmoobyDoo|gg\n|c|\u2606thunderbug|gg\n|-message|SmoobyDoo forfeited.\n|\n|win|thunderbug\n|n|\u2606SmoobyDoo|smoobydoo\n|n|\u2606thunderbug|thunderbug\n|n|+edgar|edgar\n","uploadtime":1701021380,"views":2,"p1id":"smoobydoo","p2id":"thunderbug","formatid":"gen9ubers","rating":0,"private":0,"password":""}