{"id":"gen9ubers-1988541290","p1":"mimolette7","p2":"Im_Not_A_Whale","format":"[Gen 9] Ubers","log":"|j|\u2606mimolette7\n|j|\u2606Im_Not_A_Whale\n|t:|1699734033\n|gametype|singles\n|player|p1|mimolette7|elesa-masters2|\n|player|p2|Im_Not_A_Whale|drayden|\n|teamsize|p1|6\n|teamsize|p2|6\n|gen|9\n|tier|[Gen 9] Ubers\n|rule|Sleep Clause Mod: Limit one foe put to sleep\n|rule|Species Clause: Limit one of each Pok\u00e9mon\n|rule|OHKO Clause: OHKO moves are banned\n|rule|Evasion Items Clause: Evasion items are banned\n|rule|Evasion Moves Clause: Evasion moves are banned\n|rule|Endless Battle Clause: Forcing endless battles is banned\n|rule|HP Percentage Mod: HP is shown in percentages\n|clearpoke\n|poke|p1|Torkoal, F|\n|poke|p1|Walking Wake|\n|poke|p1|Chi-Yu|\n|poke|p1|Arceus-Grass|\n|poke|p1|Magearna|\n|poke|p1|Zacian-*|\n|poke|p2|Chi-Yu|\n|poke|p2|Palafin, M|\n|poke|p2|Samurott-Hisui, M|\n|poke|p2|Murkrow, F|\n|poke|p2|Landorus, M|\n|poke|p2|Sneasler, F|\n|teampreview\n|inactive|Battle timer is ON: inactive players will automatically lose when time's up. (requested by mimolette7)\n|inactive|mimolette7 has 270 seconds left.\n|\n|t:|1699734088\n|start\n|switch|p1a: Magearna|Magearna|100\/100\n|switch|p2a: Palafin|Palafin, M|100\/100\n|turn|1\n|\n|t:|1699734114\n|move|p2a: Palafin|Flip Turn|p1a: Magearna\n|-damage|p1a: Magearna|82\/100\n|\n|t:|1699734135\n|detailschange|p2a: Palafin|Palafin-Hero, M\n|switch|p2a: Samurott|Samurott-Hisui, M|100\/100|[from] Flip Turn\n|move|p1a: Magearna|Fleur Cannon|p2a: Samurott\n|-supereffective|p2a: Samurott\n|-enditem|p2a: Samurott|Focus Sash\n|-damage|p2a: Samurott|1\/100\n|-unboost|p1a: Magearna|spa|2\n|\n|-heal|p1a: Magearna|88\/100|[from] item: Leftovers\n|upkeep\n|turn|2\n|inactive|mimolette7 has 270 seconds left.\n|\n|t:|1699734163\n|move|p2a: Samurott|Ceaseless Edge|p1a: Magearna\n|-resisted|p1a: Magearna\n|-damage|p1a: Magearna|68\/100\n|-sidestart|p1: mimolette7|Spikes\n|move|p1a: Magearna|Volt Switch|p2a: Samurott\n|-supereffective|p2a: Samurott\n|-damage|p2a: Samurott|0 fnt\n|faint|p2a: Samurott\n|-ability|p1a: Magearna|Soul-Heart|boost\n|-boost|p1a: Magearna|spa|1\n|inactive|mimolette7 has 240 seconds left.\n|\n|t:|1699734194\n|switch|p1a: Torkoal|Torkoal, F|100\/100|[from] Volt Switch\n|-damage|p1a: Torkoal|88\/100|[from] Spikes\n|-weather|SunnyDay|[from] ability: Drought|[of] p1a: Torkoal\n|\n|-weather|SunnyDay|[upkeep]\n|upkeep\n|\n|t:|1699734205\n|switch|p2a: Landorus|Landorus, M|100\/100\n|turn|3\n|inactive|mimolette7 has 240 seconds left.\n|inactive|mimolette7 has 210 seconds left.\n|\n|t:|1699734252\n|switch|p1a: Magearna|Magearna|68\/100\n|-damage|p1a: Magearna|56\/100|[from] Spikes\n|move|p2a: Landorus|Sandsear Storm|p1a: Magearna\n|-supereffective|p1a: Magearna\n|-damage|p1a: Magearna|0 fnt\n|faint|p1a: Magearna\n|\n|-weather|SunnyDay|[upkeep]\n|upkeep\n|\n|t:|1699734255\n|switch|p1a: Walking Wake|Walking Wake|100\/100\n|-damage|p1a: Walking Wake|88\/100|[from] Spikes\n|-activate|p1a: Walking Wake|ability: Protosynthesis\n|-start|p1a: Walking Wake|protosynthesisspe\n|turn|4\n|inactive|mimolette7 has 210 seconds left.\n|\n|t:|1699734279\n|switch|p2a: Sneasler|Sneasler, F|100\/100\n|move|p1a: Walking Wake|Draco Meteor|p2a: Sneasler\n|-enditem|p2a: Sneasler|Focus Sash\n|-damage|p2a: Sneasler|1\/100\n|-unboost|p1a: Walking Wake|spa|2\n|\n|-weather|SunnyDay|[upkeep]\n|upkeep\n|turn|5\n|inactive|mimolette7 has 210 seconds left.\n|\n|t:|1699734290\n|-end|p1a: Walking Wake|Protosynthesis|[silent]\n|switch|p1a: Torkoal|Torkoal, F|88\/100\n|-damage|p1a: Torkoal|76\/100|[from] Spikes\n|move|p2a: Sneasler|Toxic Spikes|p1a: Torkoal\n|-sidestart|p1: mimolette7|move: Toxic Spikes\n|\n|-weather|SunnyDay|[upkeep]\n|upkeep\n|turn|6\n|\n|t:|1699734300\n|move|p2a: Sneasler|Dire Claw|p1a: Torkoal\n|-damage|p1a: Torkoal|52\/100\n|move|p1a: Torkoal|Rapid Spin|p2a: Sneasler\n|-damage|p2a: Sneasler|0 fnt\n|-boost|p1a: Torkoal|spe|1\n|-sideend|p1: mimolette7|Spikes|[from] move: Rapid Spin|[of] p1a: Torkoal\n|-sideend|p1: mimolette7|Toxic Spikes|[from] move: Rapid Spin|[of] p1a: Torkoal\n|faint|p2a: Sneasler\n|\n|-weather|SunnyDay|[upkeep]\n|upkeep\n|inactive|Im_Not_A_Whale has 270 seconds left.\n|\n|t:|1699734325\n|switch|p2a: Landorus|Landorus, M|100\/100\n|turn|7\n|inactive|Im_Not_A_Whale has 270 seconds left.\n|\n|t:|1699734342\n|switch|p1a: Arceus|Arceus-Grass|100\/100\n|move|p2a: Landorus|Sandsear Storm|p1a: Arceus\n|-resisted|p1a: Arceus\n|-damage|p1a: Arceus|67\/100\n|\n|-weather|SunnyDay|[upkeep]\n|upkeep\n|turn|8\n|inactive|Im_Not_A_Whale has 270 seconds left.\n|inactive|mimolette7 has 210 seconds left.\n|\n|t:|1699734376\n|switch|p2a: Chi-Yu|Chi-Yu|100\/100\n|-ability|p2a: Chi-Yu|Beads of Ruin\n|move|p1a: Arceus|Earth Power|p2a: Chi-Yu\n|-supereffective|p2a: Chi-Yu\n|-damage|p2a: Chi-Yu|20\/100\n|\n|-weather|SunnyDay|[upkeep]\n|upkeep\n|turn|9\n|inactive|mimolette7 has 210 seconds left.\n|inactive|Im_Not_A_Whale has 240 seconds left.\n|\n|t:|1699734406\n|switch|p2a: Palafin|Palafin-Hero, M|100\/100\n|-activate|p2a: Palafin|ability: Zero to Hero\n|switch|p1a: Chi-Yu|Chi-Yu|100\/100\n|-ability|p1a: Chi-Yu|Beads of Ruin\n|\n|-weather|none\n|upkeep\n|turn|10\n|inactive|Im_Not_A_Whale has 240 seconds left.\n|\n|t:|1699734419\n|switch|p1a: Arceus|Arceus-Grass|67\/100\n|move|p2a: Palafin|Wave Crash|p1a: Arceus\n|-resisted|p1a: Arceus\n|-damage|p1a: Arceus|40\/100\n|-damage|p2a: Palafin|90\/100|[from] Recoil\n|\n|upkeep\n|turn|11\n|inactive|Im_Not_A_Whale has 240 seconds left.\n|\n|t:|1699734439\n|switch|p2a: Landorus|Landorus, M|100\/100\n|move|p1a: Arceus|Recover|p1a: Arceus\n|-heal|p1a: Arceus|90\/100\n|\n|upkeep\n|turn|12\n|inactive|Im_Not_A_Whale has 240 seconds left.\n|\n|t:|1699734450\n|move|p2a: Landorus|Sludge Bomb|p1a: Arceus\n|-supereffective|p1a: Arceus\n|-damage|p1a: Arceus|11\/100\n|move|p1a: Arceus|Judgment|p2a: Landorus\n|-damage|p2a: Landorus|21\/100\n|\n|upkeep\n|turn|13\n|inactive|mimolette7 has 180 seconds left.\n|\n|t:|1699734498\n|switch|p1a: Chi-Yu|Chi-Yu|100\/100\n|-ability|p1a: Chi-Yu|Beads of Ruin\n|move|p2a: Landorus|Sludge Bomb|p1a: Chi-Yu\n|-damage|p1a: Chi-Yu|32\/100\n|\n|upkeep\n|turn|14\n|\n|t:|1699734515\n|move|p1a: Chi-Yu|Dark Pulse|p2a: Landorus\n|-damage|p2a: Landorus|0 fnt\n|faint|p2a: Landorus\n|\n|upkeep\n|\n|t:|1699734522\n|switch|p2a: Palafin|Palafin-Hero, M|90\/100\n|turn|15\n|\n|t:|1699734538\n|switch|p1a: Torkoal|Torkoal, F|52\/100\n|-weather|SunnyDay|[from] ability: Drought|[of] p1a: Torkoal\n|move|p2a: Palafin|Flip Turn|p1a: Torkoal\n|-supereffective|p1a: Torkoal\n|-damage|p1a: Torkoal|31\/100\n|\n|t:|1699734549\n|switch|p2a: Chi-Yu|Chi-Yu|20\/100|[from] Flip Turn\n|-ability|p2a: Chi-Yu|Beads of Ruin\n|\n|-weather|SunnyDay|[upkeep]\n|upkeep\n|turn|16\n|\n|t:|1699734572\n|move|p2a: Chi-Yu|Overheat|p1a: Torkoal|[miss]\n|-miss|p2a: Chi-Yu|p1a: Torkoal\n|move|p1a: Torkoal|Lava Plume|p2a: Chi-Yu\n|-resisted|p2a: Chi-Yu\n|-damage|p2a: Chi-Yu|0 fnt\n|faint|p2a: Chi-Yu\n|\n|-weather|SunnyDay|[upkeep]\n|upkeep\n|\n|t:|1699734587\n|switch|p2a: Palafin|Palafin-Hero, M|90\/100\n|turn|17\n|\n|t:|1699734596\n|-terastallize|p2a: Palafin|Water\n|move|p2a: Palafin|Wave Crash|p1a: Torkoal\n|-supereffective|p1a: Torkoal\n|-damage|p1a: Torkoal|0 fnt\n|faint|p1a: Torkoal\n|-damage|p2a: Palafin|80\/100|[from] Recoil\n|\n|-weather|SunnyDay|[upkeep]\n|upkeep\n|inactive|mimolette7 has 150 seconds left.\n|\n|t:|1699734633\n|switch|p1a: Walking Wake|Walking Wake|88\/100\n|-activate|p1a: Walking Wake|ability: Protosynthesis\n|-start|p1a: Walking Wake|protosynthesisspe\n|turn|18\n|\n|t:|1699734660\n|switch|p2a: Murkrow|Murkrow, F|100\/100\n|move|p1a: Walking Wake|Hydro Steam|p2a: Murkrow\n|-enditem|p2a: Murkrow|Focus Sash\n|-damage|p2a: Murkrow|1\/100\n|\n|-weather|SunnyDay|[upkeep]\n|upkeep\n|turn|19\n|inactive|Im_Not_A_Whale has 240 seconds left.\n|inactive|mimolette7 has 120 seconds left.\n|\n|t:|1699734705\n|-end|p1a: Walking Wake|Protosynthesis|[silent]\n|switch|p1a: Zacian|Zacian|100\/100\n|-ability|p1a: Zacian|Intrepid Sword|boost\n|-boost|p1a: Zacian|atk|1\n|move|p2a: Murkrow|Thunder Wave|p1a: Zacian\n|-status|p1a: Zacian|par\n|\n|-weather|SunnyDay|[upkeep]\n|upkeep\n|turn|20\n|\n|t:|1699734724\n|move|p2a: Murkrow|Perish Song|p2a: Murkrow\n|-start|p1a: Zacian|perish3|[silent]\n|-start|p2a: Murkrow|perish3|[silent]\n|-fieldactivate|move: Perish Song\n|cant|p1a: Zacian|par\n|\n|-weather|SunnyDay|[upkeep]\n|-start|p2a: Murkrow|perish3\n|-start|p1a: Zacian|perish3\n|upkeep\n|turn|21\n|\n|t:|1699734734\n|move|p2a: Murkrow|Tailwind|p2a: Murkrow\n|-sidestart|p2: Im_Not_A_Whale|move: Tailwind\n|move|p1a: Zacian|Close Combat|p2a: Murkrow\n|-damage|p2a: Murkrow|0 fnt\n|-unboost|p1a: Zacian|def|1\n|-unboost|p1a: Zacian|spd|1\n|faint|p2a: Murkrow\n|\n|-weather|SunnyDay|[upkeep]\n|-start|p1a: Zacian|perish2\n|upkeep\n|\n|t:|1699734739\n|switch|p2a: Palafin|Palafin-Hero, M, tera:Water|80\/100\n|turn|22\n|\n|t:|1699734744\n|move|p2a: Palafin|Wave Crash|p1a: Zacian\n|-damage|p1a: Zacian|33\/100 par\n|-damage|p2a: Palafin|59\/100|[from] Recoil\n|move|p1a: Zacian|Close Combat|p2a: Palafin\n|-damage|p2a: Palafin|0 fnt\n|-unboost|p1a: Zacian|def|1\n|-unboost|p1a: Zacian|spd|1\n|faint|p2a: Palafin\n|\n|win|mimolette7\n|c|\u2606Im_Not_A_Whale|ggs\n|c|\u2606mimolette7|ggs\n|c|\u2606Im_Not_A_Whale|i got both battles i'll send them\n","uploadtime":1699734751,"views":23,"p1id":"mimolette7","p2id":"imnotawhale","formatid":"gen9ubers","rating":0,"private":0,"password":""}