{"id":"gen9ubers-1976491373","p1":"Celis Battlez","p2":"Xyzyzp90","format":"[Gen 9] Ubers","log":"|j|\u2606Celis Battlez\n|j|\u2606Xyzyzp90\n|t:|1698312158\n|gametype|singles\n|player|p1|Celis Battlez|169|1385\n|player|p2|Xyzyzp90|li|1327\n|teamsize|p1|6\n|teamsize|p2|6\n|gen|9\n|tier|[Gen 9] Ubers\n|rated|\n|rule|Sleep Clause Mod: Limit one foe put to sleep\n|rule|Species Clause: Limit one of each Pok\u00e9mon\n|rule|OHKO Clause: OHKO moves are banned\n|rule|Evasion Items Clause: Evasion items are banned\n|rule|Evasion Moves Clause: Evasion moves are banned\n|rule|Endless Battle Clause: Forcing endless battles is banned\n|rule|HP Percentage Mod: HP is shown in percentages\n|clearpoke\n|poke|p1|Ribombee, M|\n|poke|p1|Miraidon|\n|poke|p1|Grimmsnarl, M|\n|poke|p1|Koraidon|\n|poke|p1|Flutter Mane|\n|poke|p1|Arceus|\n|poke|p2|Zacian-*|\n|poke|p2|Koraidon|\n|poke|p2|Miraidon|\n|poke|p2|Arceus|\n|poke|p2|Kyogre|\n|poke|p2|Ditto|\n|teampreview\n|inactive|Battle timer is ON: inactive players will automatically lose when time's up. (requested by Xyzyzp90)\n|\n|t:|1698312164\n|start\n|switch|p1a: Ribombee|Ribombee, M|100\/100\n|switch|p2a: Kyogre|Kyogre|100\/100\n|-weather|RainDance|[from] ability: Drizzle|[of] p2a: Kyogre\n|turn|1\n|\n|t:|1698312189\n|switch|p2a: Ditto|Ditto|100\/100\n|-transform|p2a: Ditto|p1a: Ribombee|[from] ability: Imposter\n|move|p1a: Ribombee|Sticky Web|p2a: Ditto\n|-sidestart|p2: Xyzyzp90|move: Sticky Web\n|\n|-weather|RainDance|[upkeep]\n|upkeep\n|turn|2\n|\n|t:|1698312201\n|switch|p1a: Miraidon|Miraidon|100\/100\n|-fieldstart|move: Electric Terrain|[from] ability: Hadron Engine|[of] p1a: Miraidon\n|move|p2a: Ditto|Sticky Web|p1a: Miraidon\n|-sidestart|p1: Celis Battlez|move: Sticky Web\n|\n|-weather|RainDance|[upkeep]\n|upkeep\n|turn|3\n|inactive|Xyzyzp90 has 120 seconds left.\n|\n|t:|1698312220\n|switch|p2a: Arceus|Arceus|100\/100\n|-activate|p2a: Arceus|move: Sticky Web\n|-unboost|p2a: Arceus|spe|1\n|move|p1a: Miraidon|Substitute|p1a: Miraidon\n|-start|p1a: Miraidon|Substitute\n|-damage|p1a: Miraidon|76\/100\n|\n|-weather|RainDance|[upkeep]\n|-heal|p1a: Miraidon|82\/100|[from] item: Leftovers\n|upkeep\n|turn|4\n|inactive|Xyzyzp90 has 120 seconds left.\n|\n|t:|1698312231\n|move|p2a: Arceus|Extreme Speed|p1a: Miraidon\n|-end|p1a: Miraidon|Substitute\n|move|p1a: Miraidon|Parabolic Charge|p2a: Arceus\n|-damage|p2a: Arceus|63\/100\n|-heal|p1a: Miraidon|100\/100|[from] drain|[of] p2a: Arceus\n|\n|-weather|RainDance|[upkeep]\n|-heal|p2a: Arceus|69\/100|[from] item: Leftovers\n|upkeep\n|turn|5\n|inactive|Xyzyzp90 has 120 seconds left.\n|\n|t:|1698312244\n|move|p2a: Arceus|Extreme Speed|p1a: Miraidon\n|-damage|p1a: Miraidon|57\/100\n|move|p1a: Miraidon|Substitute|p1a: Miraidon\n|-start|p1a: Miraidon|Substitute\n|-damage|p1a: Miraidon|32\/100\n|\n|-weather|none\n|-heal|p1a: Miraidon|38\/100|[from] item: Leftovers\n|-heal|p2a: Arceus|75\/100|[from] item: Leftovers\n|upkeep\n|turn|6\n|inactive|Xyzyzp90 has 120 seconds left.\n|\n|t:|1698312256\n|move|p2a: Arceus|Extreme Speed|p1a: Miraidon\n|-end|p1a: Miraidon|Substitute\n|move|p1a: Miraidon|Parabolic Charge|p2a: Arceus\n|-damage|p2a: Arceus|34\/100\n|-heal|p1a: Miraidon|65\/100|[from] drain|[of] p2a: Arceus\n|\n|-heal|p1a: Miraidon|71\/100|[from] item: Leftovers\n|-heal|p2a: Arceus|40\/100|[from] item: Leftovers\n|-fieldend|move: Electric Terrain\n|upkeep\n|turn|7\n|inactive|Xyzyzp90 has 120 seconds left.\n|\n|t:|1698312269\n|switch|p1a: Flutter Mane|Flutter Mane|100\/100\n|-activate|p1a: Flutter Mane|move: Sticky Web\n|-unboost|p1a: Flutter Mane|spe|1\n|move|p2a: Arceus|Extreme Speed|p1a: Flutter Mane\n|-immune|p1a: Flutter Mane\n|\n|-heal|p2a: Arceus|46\/100|[from] item: Leftovers\n|upkeep\n|turn|8\n|inactive|Xyzyzp90 has 120 seconds left.\n|\n|t:|1698312279\n|move|p1a: Flutter Mane|Substitute|p1a: Flutter Mane\n|-start|p1a: Flutter Mane|Substitute\n|-damage|p1a: Flutter Mane|76\/100\n|move|p2a: Arceus|Shadow Claw|p1a: Flutter Mane\n|-supereffective|p1a: Flutter Mane\n|-end|p1a: Flutter Mane|Substitute\n|\n|-heal|p1a: Flutter Mane|82\/100|[from] item: Leftovers\n|-heal|p2a: Arceus|52\/100|[from] item: Leftovers\n|upkeep\n|turn|9\n|\n|t:|1698312286\n|-end|p1a: Flutter Mane|Protosynthesis|[silent]\n|switch|p1a: Grimmsnarl|Grimmsnarl, M|100\/100\n|-activate|p1a: Grimmsnarl|move: Sticky Web\n|-unboost|p1a: Grimmsnarl|spe|1\n|move|p2a: Arceus|Recover|p2a: Arceus\n|-heal|p2a: Arceus|100\/100\n|\n|upkeep\n|turn|10\n|\n|t:|1698312294\n|move|p1a: Grimmsnarl|Reflect|p1a: Grimmsnarl\n|-sidestart|p1: Celis Battlez|Reflect\n|move|p2a: Arceus|Swords Dance|p2a: Arceus\n|-boost|p2a: Arceus|atk|2\n|\n|upkeep\n|turn|11\n|\n|t:|1698312304\n|move|p2a: Arceus|Extreme Speed|p1a: Grimmsnarl\n|-damage|p1a: Grimmsnarl|43\/100\n|move|p1a: Grimmsnarl|Parting Shot|p2a: Arceus\n|-unboost|p2a: Arceus|atk|1\n|-unboost|p2a: Arceus|spa|1\n|\n|t:|1698312310\n|switch|p1a: Ribombee|Ribombee, M|100\/100|[from] Parting Shot\n|-activate|p1a: Ribombee|move: Sticky Web\n|-unboost|p1a: Ribombee|spe|1\n|\n|upkeep\n|turn|12\n|\n|t:|1698312330\n|move|p2a: Arceus|Extreme Speed|p1a: Ribombee\n|-damage|p1a: Ribombee|31\/100\n|move|p1a: Ribombee|Stun Spore|p2a: Arceus\n|-status|p2a: Arceus|par\n|\n|upkeep\n|turn|13\n|\n|t:|1698312336\n|move|p2a: Arceus|Extreme Speed|p1a: Ribombee\n|-damage|p1a: Ribombee|0 fnt\n|faint|p1a: Ribombee\n|\n|upkeep\n|\n|t:|1698312350\n|switch|p1a: Koraidon|Koraidon|100\/100\n|-activate|p1a: Koraidon|move: Sticky Web\n|-unboost|p1a: Koraidon|spe|1\n|-weather|SunnyDay|[from] ability: Orichalcum Pulse|[of] p1a: Koraidon\n|-activate|p1a: Koraidon|Orichalcum Pulse|[source]\n|turn|14\n|\n|t:|1698312359\n|cant|p2a: Arceus|par\n|move|p1a: Koraidon|Drain Punch|p2a: Arceus\n|-supereffective|p2a: Arceus\n|-damage|p2a: Arceus|36\/100 par\n|\n|-weather|SunnyDay|[upkeep]\n|-heal|p2a: Arceus|42\/100 par|[from] item: Leftovers\n|upkeep\n|turn|15\n|\n|t:|1698312365\n|move|p2a: Arceus|Extreme Speed|p1a: Koraidon\n|-damage|p1a: Koraidon|71\/100\n|move|p1a: Koraidon|Drain Punch|p2a: Arceus\n|-supereffective|p2a: Arceus\n|-damage|p2a: Arceus|0 fnt\n|-heal|p1a: Koraidon|98\/100|[from] drain|[of] p2a: Arceus\n|faint|p2a: Arceus\n|\n|-weather|SunnyDay|[upkeep]\n|upkeep\n|\n|t:|1698312391\n|switch|p2a: Kyogre|Kyogre|100\/100\n|-activate|p2a: Kyogre|move: Sticky Web\n|-unboost|p2a: Kyogre|spe|1\n|-weather|RainDance|[from] ability: Drizzle|[of] p2a: Kyogre\n|turn|16\n|inactive|Xyzyzp90 has 120 seconds left.\n|\n|t:|1698312407\n|move|p2a: Kyogre|Ice Beam|p1a: Koraidon\n|-supereffective|p1a: Koraidon\n|-damage|p1a: Koraidon|34\/100\n|move|p1a: Koraidon|Scale Shot|p2a: Kyogre\n|-damage|p2a: Kyogre|86\/100\n|-damage|p2a: Kyogre|70\/100\n|-damage|p2a: Kyogre|54\/100\n|-damage|p2a: Kyogre|41\/100\n|-damage|p2a: Kyogre|26\/100\n|-hitcount|p2a: Kyogre|5\n|-unboost|p1a: Koraidon|def|1\n|-boost|p1a: Koraidon|spe|1\n|\n|-weather|RainDance|[upkeep]\n|upkeep\n|turn|17\n|inactive|Xyzyzp90 has 120 seconds left.\n|\n|t:|1698312422\n|move|p1a: Koraidon|Drain Punch|p2a: Kyogre\n|-damage|p2a: Kyogre|0 fnt\n|-heal|p1a: Koraidon|47\/100|[from] drain|[of] p2a: Kyogre\n|faint|p2a: Kyogre\n|\n|-weather|RainDance|[upkeep]\n|-sideend|p1: Celis Battlez|Reflect\n|upkeep\n|inactive|Xyzyzp90 has 120 seconds left.\n|\n|t:|1698312430\n|switch|p2a: Ditto|Ditto|100\/100\n|-activate|p2a: Ditto|move: Sticky Web\n|-unboost|p2a: Ditto|spe|1\n|-transform|p2a: Ditto|p1a: Koraidon|[from] ability: Imposter\n|-weather|SunnyDay|[from] ability: Orichalcum Pulse|[of] p2a: Ditto\n|-activate|p2a: Ditto|Orichalcum Pulse|[source]\n|turn|18\n|inactive|Xyzyzp90 has 120 seconds left.\n|\n|t:|1698312446\n|switch|p1a: Grimmsnarl|Grimmsnarl, M|43\/100\n|-activate|p1a: Grimmsnarl|move: Sticky Web\n|-unboost|p1a: Grimmsnarl|spe|1\n|move|p2a: Ditto|Scale Shot|p1a: Grimmsnarl\n|-immune|p1a: Grimmsnarl\n|\n|-weather|SunnyDay|[upkeep]\n|upkeep\n|turn|19\n|inactive|Xyzyzp90 has 120 seconds left.\n|\n|t:|1698312454\n|switch|p2a: Koraidon|Koraidon|100\/100\n|-activate|p2a: Koraidon|move: Sticky Web\n|-unboost|p2a: Koraidon|spe|1\n|-activate|p2a: Koraidon|ability: Orichalcum Pulse\n|move|p1a: Grimmsnarl|Reflect|p1a: Grimmsnarl\n|-sidestart|p1: Celis Battlez|Reflect\n|\n|-weather|SunnyDay|[upkeep]\n|upkeep\n|turn|20\n|inactive|Xyzyzp90 has 120 seconds left.\n|\n|t:|1698312467\n|move|p1a: Grimmsnarl|Parting Shot|p2a: Koraidon\n|-unboost|p2a: Koraidon|atk|1\n|-unboost|p2a: Koraidon|spa|1\n|\n|t:|1698312476\n|switch|p1a: Flutter Mane|Flutter Mane|82\/100|[from] Parting Shot\n|-activate|p1a: Flutter Mane|move: Sticky Web\n|-unboost|p1a: Flutter Mane|spe|1\n|-activate|p1a: Flutter Mane|ability: Protosynthesis\n|-start|p1a: Flutter Mane|protosynthesisspa\n|move|p2a: Koraidon|Collision Course|p1a: Flutter Mane\n|-immune|p1a: Flutter Mane\n|\n|-weather|SunnyDay|[upkeep]\n|-heal|p1a: Flutter Mane|88\/100|[from] item: Leftovers\n|upkeep\n|turn|21\n|\n|t:|1698312484\n|-terastallize|p2a: Koraidon|Fire\n|move|p2a: Koraidon|Flare Blitz|p1a: Flutter Mane\n|-damage|p1a: Flutter Mane|0 fnt\n|faint|p1a: Flutter Mane\n|-end|p1a: Flutter Mane|Protosynthesis|[silent]\n|-damage|p2a: Koraidon|79\/100|[from] Recoil\n|-damage|p2a: Koraidon|69\/100|[from] item: Life Orb\n|\n|-weather|SunnyDay|[upkeep]\n|upkeep\n|\n|t:|1698312497\n|switch|p1a: Arceus|Arceus|100\/100\n|-activate|p1a: Arceus|move: Sticky Web\n|-unboost|p1a: Arceus|spe|1\n|turn|22\n|\n|t:|1698312503\n|move|p2a: Koraidon|Flare Blitz|p1a: Arceus\n|-crit|p1a: Arceus\n|-damage|p1a: Arceus|0 fnt\n|faint|p1a: Arceus\n|-damage|p2a: Koraidon|28\/100|[from] Recoil\n|-damage|p2a: Koraidon|18\/100|[from] item: Life Orb\n|\n|-weather|none\n|upkeep\n|\n|t:|1698312512\n|switch|p1a: Miraidon|Miraidon|71\/100\n|-activate|p1a: Miraidon|move: Sticky Web\n|-unboost|p1a: Miraidon|spe|1\n|-fieldstart|move: Electric Terrain|[from] ability: Hadron Engine|[of] p1a: Miraidon\n|turn|23\n|\n|t:|1698312520\n|switch|p1a: Koraidon|Koraidon|47\/100\n|-activate|p1a: Koraidon|move: Sticky Web\n|-unboost|p1a: Koraidon|spe|1\n|-weather|SunnyDay|[from] ability: Orichalcum Pulse|[of] p1a: Koraidon\n|-activate|p1a: Koraidon|Orichalcum Pulse|[source]\n|move|p2a: Koraidon|Dragon Claw|p1a: Koraidon\n|-supereffective|p1a: Koraidon\n|-damage|p1a: Koraidon|3\/100\n|-damage|p2a: Koraidon|8\/100|[from] item: Life Orb\n|\n|-weather|SunnyDay|[upkeep]\n|upkeep\n|turn|24\n|j| Jklqtlq\n|\n|t:|1698312538\n|move|p2a: Koraidon|Dragon Claw|p1a: Koraidon\n|-supereffective|p1a: Koraidon\n|-crit|p1a: Koraidon\n|-damage|p1a: Koraidon|0 fnt\n|faint|p1a: Koraidon\n|-damage|p2a: Koraidon|0 fnt|[from] item: Life Orb\n|faint|p2a: Koraidon\n|\n|-weather|SunnyDay|[upkeep]\n|upkeep\n|\n|t:|1698312546\n|switch|p1a: Miraidon|Miraidon|71\/100\n|switch|p2a: Zacian|Zacian-Crowned|100\/100\n|-activate|p2a: Zacian|move: Sticky Web\n|-unboost|p2a: Zacian|spe|1\n|-ability|p2a: Zacian|Intrepid Sword|boost\n|-boost|p2a: Zacian|atk|1\n|-activate|p1a: Miraidon|move: Sticky Web\n|-unboost|p1a: Miraidon|spe|1\n|-activate|p1a: Miraidon|ability: Hadron Engine\n|turn|25\n|\n|t:|1698312558\n|-terastallize|p1a: Miraidon|Electric\n|move|p2a: Zacian|Play Rough|p1a: Miraidon\n|-damage|p1a: Miraidon|29\/100\n|move|p1a: Miraidon|Parabolic Charge|p2a: Zacian\n|-damage|p2a: Zacian|21\/100\n|-heal|p1a: Miraidon|67\/100|[from] drain|[of] p2a: Zacian\n|\n|-weather|SunnyDay|[upkeep]\n|-heal|p1a: Miraidon|73\/100|[from] item: Leftovers\n|upkeep\n|turn|26\n|\n|t:|1698312571\n|move|p2a: Zacian|Close Combat|p1a: Miraidon\n|-damage|p1a: Miraidon|36\/100\n|-unboost|p2a: Zacian|def|1\n|-unboost|p2a: Zacian|spd|1\n|move|p1a: Miraidon|Parabolic Charge|p2a: Zacian\n|-damage|p2a: Zacian|0 fnt\n|-heal|p1a: Miraidon|46\/100|[from] drain|[of] p2a: Zacian\n|faint|p2a: Zacian\n|\n|-weather|SunnyDay|[upkeep]\n|-heal|p1a: Miraidon|52\/100|[from] item: Leftovers\n|-sideend|p1: Celis Battlez|Reflect\n|upkeep\n|\n|t:|1698312587\n|switch|p2a: Ditto|Ditto|100\/100\n|-activate|p2a: Ditto|move: Sticky Web\n|-unboost|p2a: Ditto|spe|1\n|-transform|p2a: Ditto|p1a: Miraidon|[from] ability: Imposter\n|-activate|p2a: Ditto|ability: Hadron Engine\n|-start|p2a: Ditto|typechange|Electric\/Dragon|[silent]\n|turn|27\n|\n|t:|1698312597\n|switch|p1a: Grimmsnarl|Grimmsnarl, M|43\/100\n|-activate|p1a: Grimmsnarl|move: Sticky Web\n|-unboost|p1a: Grimmsnarl|spe|1\n|move|p2a: Ditto|Dragon Pulse|p1a: Grimmsnarl\n|-immune|p1a: Grimmsnarl\n|\n|-weather|SunnyDay|[upkeep]\n|-fieldend|move: Electric Terrain\n|upkeep\n|turn|28\n|\n|t:|1698312601\n|switch|p2a: Miraidon|Miraidon|100\/100\n|-activate|p2a: Miraidon|move: Sticky Web\n|-unboost|p2a: Miraidon|spe|1\n|-fieldstart|move: Electric Terrain|[from] ability: Hadron Engine|[of] p2a: Miraidon\n|move|p1a: Grimmsnarl|Spirit Break|p2a: Miraidon\n|-supereffective|p2a: Miraidon\n|-damage|p2a: Miraidon|25\/100\n|-unboost|p2a: Miraidon|spa|1\n|\n|-weather|SunnyDay|[upkeep]\n|upkeep\n|turn|29\n|\n|t:|1698312613\n|move|p1a: Grimmsnarl|Light Screen|p1a: Grimmsnarl\n|-sidestart|p1: Celis Battlez|move: Light Screen\n|move|p2a: Miraidon|Electro Drift|p1a: Grimmsnarl\n|-damage|p1a: Grimmsnarl|0 fnt\n|faint|p1a: Grimmsnarl\n|\n|-weather|SunnyDay|[upkeep]\n|upkeep\n|\n|t:|1698312616\n|switch|p1a: Miraidon|Miraidon, tera:Electric|52\/100\n|-activate|p1a: Miraidon|move: Sticky Web\n|-unboost|p1a: Miraidon|spe|1\n|-activate|p1a: Miraidon|ability: Hadron Engine\n|turn|30\n|\n|t:|1698312622\n|move|p1a: Miraidon|Dragon Pulse|p2a: Miraidon\n|-supereffective|p2a: Miraidon\n|-damage|p2a: Miraidon|0 fnt\n|faint|p2a: Miraidon\n|\n|-weather|none\n|-heal|p1a: Miraidon|58\/100|[from] item: Leftovers\n|upkeep\n|\n|t:|1698312625\n|switch|p2a: Ditto|Ditto|100\/100\n|-activate|p2a: Ditto|move: Sticky Web\n|-unboost|p2a: Ditto|spe|1\n|-transform|p2a: Ditto|p1a: Miraidon|[from] ability: Imposter\n|-activate|p2a: Ditto|ability: Hadron Engine\n|turn|31\n|\n|t:|1698312629\n|move|p2a: Ditto|Dragon Pulse|p1a: Miraidon\n|-damage|p1a: Miraidon|30\/100\n|move|p1a: Miraidon|Dragon Pulse|p2a: Ditto\n|-supereffective|p2a: Ditto\n|-damage|p2a: Ditto|0 fnt\n|faint|p2a: Ditto\n|\n|win|Celis Battlez\n|raw|Celis Battlez's rating: 1385 &rarr; <strong>1402<\/strong><br \/>(+17 for winning)\n|raw|Xyzyzp90's rating: 1327 &rarr; <strong>1310<\/strong><br \/>(-17 for losing)\n|l|\u2606Xyzyzp90\n|c|\u2606Celis Battlez|gg\n","uploadtime":1698312646,"views":12,"p1id":"celisbattlez","p2id":"xyzyzp90","formatid":"gen9ubers","rating":1310,"private":0,"password":""}