{"id":"gen9ubers-1995948232","p1":"BiggestBirdofall","p2":"Omar_ZX","format":"[Gen 9] Ubers","log":"|j|\u2606BiggestBirdofall\n|j|\u2606Omar_ZX\n|t:|1700620814\n|gametype|singles\n|player|p1|BiggestBirdofall|101|1000\n|player|p2|Omar_ZX|swimmerf-gen4|1083\n|teamsize|p1|6\n|teamsize|p2|6\n|gen|9\n|tier|[Gen 9] Ubers\n|rated|\n|rule|Sleep Clause Mod: Limit one foe put to sleep\n|rule|Species Clause: Limit one of each Pok\u00e9mon\n|rule|OHKO Clause: OHKO moves are banned\n|rule|Evasion Items Clause: Evasion items are banned\n|rule|Evasion Moves Clause: Evasion moves are banned\n|rule|Endless Battle Clause: Forcing endless battles is banned\n|rule|HP Percentage Mod: HP is shown in percentages\n|clearpoke\n|poke|p1|Starly, M|\n|poke|p1|Gengar, F|\n|poke|p1|Kingambit, F|\n|poke|p1|Annihilape, F|\n|poke|p1|Kleavor, F|\n|poke|p1|Hydreigon, M|\n|poke|p2|Clodsire, F|\n|poke|p2|Arceus-Ground|\n|poke|p2|Ogerpon-Hearthflame, F|\n|poke|p2|Rayquaza|\n|poke|p2|Miraidon|\n|poke|p2|Flutter Mane|\n|teampreview\n|\n|t:|1700620836\n|start\n|switch|p1a: death|Starly, M|100\/100\n|switch|p2a: Clodsire|Clodsire, F|100\/100\n|turn|1\n|\n|t:|1700620843\n|move|p1a: death|Endeavor|p2a: Clodsire\n|-damage|p2a: Clodsire|48\/100\n|move|p2a: Clodsire|Spikes|p1a: death\n|-sidestart|p1: BiggestBirdofall|Spikes\n|\n|-heal|p2a: Clodsire|54\/100|[from] item: Leftovers\n|upkeep\n|turn|2\n|\n|t:|1700620849\n|move|p1a: death|Endeavor|p2a: Clodsire\n|-damage|p2a: Clodsire|48\/100\n|-status|p1a: death|psn|[from] ability: Poison Point|[of] p2a: Clodsire\n|move|p2a: Clodsire|Spikes|p1a: death\n|-sidestart|p1: BiggestBirdofall|Spikes\n|\n|-heal|p2a: Clodsire|54\/100|[from] item: Leftovers\n|-damage|p1a: death|88\/100 psn|[from] psn\n|upkeep\n|turn|3\n|\n|t:|1700620863\n|move|p1a: death|Hurricane|p2a: Clodsire\n|-damage|p2a: Clodsire|43\/100\n|-start|p2a: Clodsire|confusion\n|-activate|p2a: Clodsire|confusion\n|move|p2a: Clodsire|Spikes|p1a: death\n|-sidestart|p1: BiggestBirdofall|Spikes\n|\n|-heal|p2a: Clodsire|49\/100|[from] item: Leftovers\n|-damage|p1a: death|76\/100 psn|[from] psn\n|upkeep\n|turn|4\n|\n|t:|1700620869\n|move|p1a: death|Quick Attack|p2a: Clodsire\n|-damage|p2a: Clodsire|33\/100\n|-activate|p2a: Clodsire|confusion\n|move|p2a: Clodsire|Toxic Spikes|p1a: death\n|-sidestart|p1: BiggestBirdofall|move: Toxic Spikes\n|\n|-heal|p2a: Clodsire|39\/100|[from] item: Leftovers\n|-damage|p1a: death|64\/100 psn|[from] psn\n|upkeep\n|turn|5\n|\n|t:|1700620874\n|move|p1a: death|Quick Attack|p2a: Clodsire\n|-damage|p2a: Clodsire|24\/100\n|-end|p2a: Clodsire|confusion\n|move|p2a: Clodsire|Toxic Spikes|p1a: death\n|-sidestart|p1: BiggestBirdofall|move: Toxic Spikes\n|\n|-heal|p2a: Clodsire|31\/100|[from] item: Leftovers\n|-damage|p1a: death|52\/100 psn|[from] psn\n|upkeep\n|turn|6\n|\n|t:|1700620885\n|move|p1a: death|Quick Attack|p2a: Clodsire\n|-damage|p2a: Clodsire|15\/100\n|move|p2a: Clodsire|Megahorn|p1a: death\n|-resisted|p1a: death\n|-damage|p1a: death|0 fnt\n|faint|p1a: death\n|\n|-heal|p2a: Clodsire|21\/100|[from] item: Leftovers\n|upkeep\n|\n|t:|1700620892\n|switch|p1a: Gengar|Gengar, F|100\/100\n|-damage|p1a: Gengar|75\/100|[from] Spikes\n|-sideend|p1: BiggestBirdofall|move: Toxic Spikes|[of] p1a: Gengar\n|turn|7\n|\n|t:|1700620898\n|move|p1a: Gengar|Trick|p2a: Clodsire\n|-activate|p1a: Gengar|move: Trick|[of] p2a: Clodsire\n|-item|p2a: Clodsire|Black Sludge|[from] move: Trick\n|-item|p1a: Gengar|Leftovers|[from] move: Trick\n|move|p2a: Clodsire|Earthquake|p1a: Gengar\n|-supereffective|p1a: Gengar\n|-damage|p1a: Gengar|0 fnt\n|-start|p2a: Clodsire|Disable|Earthquake|[from] ability: Cursed Body|[of] p1a: Gengar\n|faint|p1a: Gengar\n|\n|-heal|p2a: Clodsire|27\/100|[from] item: Black Sludge\n|upkeep\n|\n|t:|1700620908\n|switch|p1a: Kleavor|Kleavor, F|100\/100\n|-damage|p1a: Kleavor|76\/100|[from] Spikes\n|turn|8\n|inactive|Battle timer is ON: inactive players will automatically lose when time's up. (requested by BiggestBirdofall)\n|\n|t:|1700620922\n|move|p1a: Kleavor|Night Slash|p2a: Clodsire\n|-damage|p2a: Clodsire|0 fnt\n|-status|p1a: Kleavor|psn|[from] ability: Poison Point|[of] p2a: Clodsire\n|faint|p2a: Clodsire\n|\n|-damage|p1a: Kleavor|63\/100 psn|[from] psn\n|upkeep\n|\n|t:|1700620941\n|switch|p2a: Arceus|Arceus-Ground|100\/100\n|turn|9\n|\n|t:|1700620949\n|-terastallize|p1a: Kleavor|Bug\n|move|p2a: Arceus|Dragon Dance|p2a: Arceus\n|-boost|p2a: Arceus|atk|1\n|-boost|p2a: Arceus|spe|1\n|move|p1a: Kleavor|Night Slash|p2a: Arceus\n|-damage|p2a: Arceus|52\/100\n|\n|-damage|p1a: Kleavor|51\/100 psn|[from] psn\n|upkeep\n|turn|10\n|\n|t:|1700620952\n|move|p2a: Arceus|Dragon Dance|p2a: Arceus\n|-boost|p2a: Arceus|atk|1\n|-boost|p2a: Arceus|spe|1\n|move|p1a: Kleavor|Night Slash|p2a: Arceus\n|-damage|p2a: Arceus|4\/100\n|\n|-damage|p1a: Kleavor|38\/100 psn|[from] psn\n|upkeep\n|turn|11\n|\n|t:|1700620959\n|move|p2a: Arceus|Recover|p2a: Arceus\n|-heal|p2a: Arceus|54\/100\n|move|p1a: Kleavor|Night Slash|p2a: Arceus\n|-damage|p2a: Arceus|6\/100\n|\n|-damage|p1a: Kleavor|26\/100 psn|[from] psn\n|upkeep\n|turn|12\n|\n|t:|1700620966\n|move|p2a: Arceus|Tera Blast|p1a: Kleavor\n|-damage|p1a: Kleavor|0 fnt\n|faint|p1a: Kleavor\n|\n|upkeep\n|\n|t:|1700620969\n|switch|p1a: Annihilape|Annihilape, F|100\/100\n|-damage|p1a: Annihilape|76\/100|[from] Spikes\n|turn|13\n|\n|t:|1700620976\n|-terastallize|p2a: Arceus|Fairy\n|move|p2a: Arceus|Tera Blast|p1a: Annihilape|[anim] Tera Blast Fairy\n|-supereffective|p1a: Annihilape\n|-damage|p1a: Annihilape|0 fnt\n|faint|p1a: Annihilape\n|\n|upkeep\n|\n|t:|1700620981\n|switch|p1a: Hydreigon|Hydreigon, M|100\/100\n|turn|14\n|\n|t:|1700620986\n|move|p2a: Arceus|Tera Blast|p1a: Hydreigon|[anim] Tera Blast Fairy\n|-supereffective|p1a: Hydreigon\n|-damage|p1a: Hydreigon|0 fnt\n|faint|p1a: Hydreigon\n|\n|upkeep\n|\n|t:|1700620989\n|switch|p1a: Kingambit|Kingambit, F|100\/100\n|-damage|p1a: Kingambit|75\/100|[from] Spikes\n|-activate|p1a: Kingambit|ability: Supreme Overlord\n|-start|p1a: Kingambit|fallen5|[silent]\n|turn|15\n|\n|t:|1700620999\n|move|p2a: Arceus|Earthquake|p1a: Kingambit\n|-supereffective|p1a: Kingambit\n|-damage|p1a: Kingambit|0 fnt\n|faint|p1a: Kingambit\n|-end|p1a: Kingambit|fallen5|[silent]\n|\n|win|Omar_ZX\n|raw|BiggestBirdofall's rating: 1000 &rarr; <strong>1000<\/strong><br \/>(+0 for losing)\n|raw|Omar_ZX's rating: 1083 &rarr; <strong>1104<\/strong><br \/>(+21 for winning)\n|c|\u2606Omar_ZX|gg\n|l|\u2606BiggestBirdofall\n","uploadtime":1700621007,"views":1,"p1id":"biggestbirdofall","p2id":"omarzx","formatid":"gen9ubers","rating":1000,"private":0,"password":""}