{"id":"gen9ubers-1978742556","p1":"base743","p2":"The King Dorko","format":"[Gen 9] Ubers","log":"|j|\u2606base743\n|j|\u2606The King Dorko\n|t:|1698589706\n|gametype|singles\n|player|p1|base743|unknown|1000\n|player|p2|The King Dorko|giovanni|1036\n|teamsize|p1|6\n|teamsize|p2|6\n|gen|9\n|tier|[Gen 9] Ubers\n|rated|\n|rule|Sleep Clause Mod: Limit one foe put to sleep\n|rule|Species Clause: Limit one of each Pok\u00e9mon\n|rule|OHKO Clause: OHKO moves are banned\n|rule|Evasion Items Clause: Evasion items are banned\n|rule|Evasion Moves Clause: Evasion moves are banned\n|rule|Endless Battle Clause: Forcing endless battles is banned\n|rule|HP Percentage Mod: HP is shown in percentages\n|clearpoke\n|poke|p1|Volcarona, F|\n|poke|p1|Urshifu-*, M|\n|poke|p1|Cinderace, F|\n|poke|p1|Groudon|\n|poke|p1|Corviknight, M|\n|poke|p1|Dragapult, M|\n|poke|p2|Ambipom, M|\n|poke|p2|Typhlosion-Hisui, M|\n|poke|p2|Leavanny, F|\n|poke|p2|Donphan, F|\n|poke|p2|Palkia-Origin|\n|poke|p2|Kilowattrel, F|\n|teampreview\n|inactive|Battle timer is ON: inactive players will automatically lose when time's up. (requested by The King Dorko)\n|\n|t:|1698589732\n|start\n|switch|p1a: joe|Dragapult, M|100\/100\n|switch|p2a: Leavanny|Leavanny, F, shiny|100\/100\n|turn|1\n|\n|t:|1698589738\n|move|p1a: joe|Dragon Dance|p1a: joe\n|-boost|p1a: joe|atk|1\n|-boost|p1a: joe|spe|1\n|move|p2a: Leavanny|Sticky Web|p1a: joe\n|-sidestart|p1: base743|move: Sticky Web\n|\n|upkeep\n|turn|2\n|\n|t:|1698589744\n|move|p1a: joe|Dragon Dance|p1a: joe\n|-boost|p1a: joe|atk|1\n|-boost|p1a: joe|spe|1\n|move|p2a: Leavanny|Knock Off|p1a: joe\n|-supereffective|p1a: joe\n|-damage|p1a: joe|20\/100\n|-enditem|p1a: joe|Focus Sash|[from] move: Knock Off|[of] p2a: Leavanny\n|\n|upkeep\n|turn|3\n|\n|t:|1698589749\n|move|p1a: joe|Dragon Darts|p2a: Leavanny\n|-damage|p2a: Leavanny|38\/100\n|-anim|p1a: joe|Dragon Darts|p2a: Leavanny\n|-crit|p2a: Leavanny\n|-damage|p2a: Leavanny|0 fnt\n|faint|p2a: Leavanny\n|\n|upkeep\n|\n|t:|1698589755\n|switch|p2a: Donphan|Donphan, F, shiny|100\/100\n|turn|4\n|\n|t:|1698589758\n|move|p2a: Donphan|Ice Shard|p1a: joe\n|-supereffective|p1a: joe\n|-damage|p1a: joe|0 fnt\n|faint|p1a: joe\n|\n|upkeep\n|\n|t:|1698589764\n|switch|p1a: Corviknight|Corviknight, M|100\/100\n|turn|5\n|\n|t:|1698589787\n|switch|p2a: Typhlosion|Typhlosion-Hisui, M, shiny|100\/100\n|move|p1a: Corviknight|Iron Defense|p1a: Corviknight\n|-boost|p1a: Corviknight|def|2\n|\n|upkeep\n|turn|6\n|\n|t:|1698589794\n|switch|p1a: Urshifu|Urshifu-Rapid-Strike, M|100\/100\n|-activate|p1a: Urshifu|move: Sticky Web\n|-unboost|p1a: Urshifu|spe|1\n|move|p2a: Typhlosion|Eruption|p1a: Urshifu\n|-resisted|p1a: Urshifu\n|-damage|p1a: Urshifu|40\/100\n|\n|upkeep\n|turn|7\n|\n|t:|1698589803\n|switch|p2a: Ambipom|Ambipom, M, shiny|100\/100\n|move|p1a: Urshifu|Surging Strikes|p2a: Ambipom\n|-crit|p2a: Ambipom\n|-damage|p2a: Ambipom|56\/100\n|-crit|p2a: Ambipom\n|-damage|p2a: Ambipom|17\/100\n|-crit|p2a: Ambipom\n|-damage|p2a: Ambipom|0 fnt\n|faint|p2a: Ambipom\n|-hitcount|p2: Ambipom|3\n|-damage|p1a: Urshifu|30\/100|[from] item: Life Orb\n|\n|upkeep\n|\n|t:|1698589811\n|switch|p2a: Kilowattrel|Kilowattrel, F, shiny|100\/100\n|turn|8\n|\n|t:|1698589823\n|move|p2a: Kilowattrel|U-turn|p1a: Urshifu\n|-resisted|p1a: Urshifu\n|-damage|p1a: Urshifu|25\/100\n|\n|t:|1698589826\n|switch|p2a: Palkia|Palkia-Origin, shiny|100\/100|[from] U-turn\n|-ability|p2a: Palkia|Pressure\n|move|p1a: Urshifu|Surging Strikes|p2a: Palkia\n|-resisted|p2a: Palkia\n|-crit|p2a: Palkia\n|-damage|p2a: Palkia|94\/100\n|-resisted|p2a: Palkia\n|-crit|p2a: Palkia\n|-damage|p2a: Palkia|87\/100\n|-resisted|p2a: Palkia\n|-crit|p2a: Palkia\n|-damage|p2a: Palkia|80\/100\n|-hitcount|p2a: Palkia|3\n|-damage|p1a: Urshifu|15\/100|[from] item: Life Orb\n|\n|upkeep\n|turn|9\n|\n|t:|1698589841\n|move|p2a: Palkia|Earth Power|p1a: Urshifu\n|-damage|p1a: Urshifu|0 fnt\n|faint|p1a: Urshifu\n|\n|upkeep\n|\n|t:|1698589846\n|switch|p1a: Corviknight|Corviknight, M|100\/100\n|turn|10\n|\n|t:|1698589852\n|move|p2a: Palkia|Ice Beam|p1a: Corviknight\n|-damage|p1a: Corviknight|63\/100\n|move|p1a: Corviknight|Iron Head|p2a: Palkia\n|-resisted|p2a: Palkia\n|-damage|p2a: Palkia|64\/100\n|\n|-heal|p1a: Corviknight|69\/100|[from] item: Leftovers\n|upkeep\n|turn|11\n|\n|t:|1698589858\n|move|p2a: Palkia|Ice Beam|p1a: Corviknight\n|-damage|p1a: Corviknight|25\/100\n|move|p1a: Corviknight|Body Press|p2a: Palkia\n|-damage|p2a: Palkia|41\/100\n|\n|-heal|p1a: Corviknight|31\/100|[from] item: Leftovers\n|upkeep\n|turn|12\n|\n|t:|1698589870\n|move|p2a: Palkia|Ice Beam|p1a: Corviknight\n|-damage|p1a: Corviknight|0 fnt\n|faint|p1a: Corviknight\n|\n|upkeep\n|\n|t:|1698589889\n|switch|p1a: Volcarona|Volcarona, F|100\/100\n|turn|13\n|\n|t:|1698589898\n|-terastallize|p1a: Volcarona|Bug\n|move|p2a: Palkia|Hydro Pump|p1a: Volcarona\n|-damage|p1a: Volcarona|16\/100\n|move|p1a: Volcarona|Quiver Dance|p1a: Volcarona\n|-boost|p1a: Volcarona|spa|1\n|-boost|p1a: Volcarona|spd|1\n|-boost|p1a: Volcarona|spe|1\n|\n|upkeep\n|turn|14\n|\n|t:|1698589905\n|move|p1a: Volcarona|Giga Drain|p2a: Palkia\n|-damage|p2a: Palkia|2\/100\n|-heal|p1a: Volcarona|37\/100|[from] drain|[of] p2a: Palkia\n|move|p2a: Palkia|Ice Beam|p1a: Volcarona\n|-damage|p1a: Volcarona|10\/100\n|-status|p1a: Volcarona|frz\n|\n|upkeep\n|turn|15\n|\n|t:|1698589911\n|-curestatus|p1a: Volcarona|frz|[msg]\n|move|p1a: Volcarona|Giga Drain|p2a: Palkia\n|-damage|p2a: Palkia|0 fnt\n|-heal|p1a: Volcarona|11\/100|[from] drain|[of] p2a: Palkia\n|faint|p2a: Palkia\n|\n|upkeep\n|\n|t:|1698589917\n|switch|p2a: Donphan|Donphan, F, shiny|100\/100\n|turn|16\n|\n|t:|1698589921\n|move|p2a: Donphan|Ice Shard|p1a: Volcarona\n|-damage|p1a: Volcarona|0 fnt\n|faint|p1a: Volcarona\n|\n|upkeep\n|\n|t:|1698589925\n|switch|p1a: Cinderace|Cinderace, F|100\/100\n|-activate|p1a: Cinderace|move: Sticky Web\n|-unboost|p1a: Cinderace|spe|1\n|turn|17\n|\n|t:|1698589935\n|move|p1a: Cinderace|Acrobatics|p2a: Donphan\n|-start|p1a: Cinderace|typechange|Flying|[from] ability: Libero\n|-damage|p2a: Donphan|69\/100\n|-damage|p1a: Cinderace|91\/100|[from] item: Life Orb\n|move|p2a: Donphan|Earthquake|p1a: Cinderace\n|-immune|p1a: Cinderace\n|\n|upkeep\n|turn|18\n|\n|t:|1698589951\n|move|p2a: Donphan|Ice Shard|p1a: Cinderace\n|-supereffective|p1a: Cinderace\n|-damage|p1a: Cinderace|50\/100\n|move|p1a: Cinderace|Pyro Ball|p2a: Donphan\n|-damage|p2a: Donphan|22\/100\n|-damage|p1a: Cinderace|40\/100|[from] item: Life Orb\n|\n|upkeep\n|turn|19\n|\n|t:|1698589962\n|move|p2a: Donphan|Ice Shard|p1a: Cinderace\n|-supereffective|p1a: Cinderace\n|-damage|p1a: Cinderace|3\/100\n|move|p1a: Cinderace|Acrobatics|p2a: Donphan\n|-damage|p2a: Donphan|0 fnt\n|faint|p2a: Donphan\n|-damage|p1a: Cinderace|0 fnt|[from] item: Life Orb\n|faint|p1a: Cinderace\n|\n|upkeep\n|\n|t:|1698589977\n|switch|p1a: Groudon|Groudon|100\/100\n|switch|p2a: Typhlosion|Typhlosion-Hisui, M, shiny|100\/100\n|-activate|p1a: Groudon|move: Sticky Web\n|-unboost|p1a: Groudon|spe|1\n|-weather|SunnyDay|[from] ability: Drought|[of] p1a: Groudon\n|turn|20\n|\n|t:|1698589982\n|move|p2a: Typhlosion|Eruption|p1a: Groudon\n|-damage|p1a: Groudon|0 fnt\n|faint|p1a: Groudon\n|\n|win|The King Dorko\n|raw|base743's rating: 1000 &rarr; <strong>1000<\/strong><br \/>(+0 for losing)\n|raw|The King Dorko's rating: 1036 &rarr; <strong>1067<\/strong><br \/>(+31 for winning)\n|l|\u2606base743\n","uploadtime":1698589990,"views":6,"p1id":"base743","p2id":"thekingdorko","formatid":"gen9ubers","rating":1000,"private":0,"password":""}