{"id":"gen9ubers-2000026759","p1":"LITLE0","p2":"Czeoh","format":"[Gen 9] Ubers","log":"|j|\u2606LITLE0\n|j|\u203dCzeoh\n|t:|1701142896\n|gametype|singles\n|player|p1|LITLE0|brock|1132\n|player|p2|Czeoh|102|1221\n|teamsize|p1|6\n|teamsize|p2|6\n|gen|9\n|tier|[Gen 9] Ubers\n|rated|\n|rule|Sleep Clause Mod: Limit one foe put to sleep\n|rule|Species Clause: Limit one of each Pok\u00e9mon\n|rule|OHKO Clause: OHKO moves are banned\n|rule|Evasion Items Clause: Evasion items are banned\n|rule|Evasion Moves Clause: Evasion moves are banned\n|rule|Endless Battle Clause: Forcing endless battles is banned\n|rule|HP Percentage Mod: HP is shown in percentages\n|clearpoke\n|poke|p1|Baxcalibur, M|\n|poke|p1|Corviknight, M|\n|poke|p1|Clodsire, M|\n|poke|p1|Ninetales-Alola, F|\n|poke|p1|Palafin, M|\n|poke|p1|Sinistcha|\n|poke|p2|Arceus-Ground|\n|poke|p2|Flutter Mane|\n|poke|p2|Zacian-*|\n|poke|p2|Koraidon|\n|poke|p2|Dialga|\n|poke|p2|Sneasler, F|\n|teampreview\n|\n|t:|1701142902\n|start\n|switch|p1a: Ninetales|Ninetales-Alola, F|100\/100\n|switch|p2a: Arceus|Arceus-Ground|100\/100\n|-weather|Snow|[from] ability: Snow Warning|[of] p1a: Ninetales\n|turn|1\n|\n|t:|1701142910\n|switch|p2a: Zacian|Zacian-Crowned|100\/100\n|-ability|p2a: Zacian|Intrepid Sword|boost\n|-boost|p2a: Zacian|atk|1\n|move|p1a: Ninetales|Aurora Veil|p1a: Ninetales\n|-sidestart|p1: LITLE0|move: Aurora Veil\n|\n|-weather|Snow|[upkeep]\n|upkeep\n|turn|2\n|\n|t:|1701142916\n|switch|p1a: Clodsire|Clodsire, M|100\/100\n|move|p2a: Zacian|Swords Dance|p2a: Zacian\n|-boost|p2a: Zacian|atk|2\n|\n|-weather|Snow|[upkeep]\n|upkeep\n|turn|3\n|\n|t:|1701142922\n|move|p2a: Zacian|Ice Fang|p1a: Clodsire\n|-supereffective|p1a: Clodsire\n|-damage|p1a: Clodsire|75\/100\n|move|p1a: Clodsire|Haze|p1a: Clodsire\n|-clearallboost\n|\n|-weather|Snow|[upkeep]\n|-heal|p1a: Clodsire|81\/100|[from] item: Leftovers\n|upkeep\n|turn|4\n|\n|t:|1701142931\n|move|p2a: Zacian|Ice Fang|p1a: Clodsire\n|-supereffective|p1a: Clodsire\n|-damage|p1a: Clodsire|55\/100\n|move|p1a: Clodsire|Earthquake|p2a: Zacian\n|-supereffective|p2a: Zacian\n|-damage|p2a: Zacian|54\/100\n|\n|-weather|Snow|[upkeep]\n|-heal|p1a: Clodsire|61\/100|[from] item: Leftovers\n|upkeep\n|turn|5\n|\n|t:|1701142939\n|move|p2a: Zacian|Ice Fang|p1a: Clodsire\n|-supereffective|p1a: Clodsire\n|-damage|p1a: Clodsire|34\/100\n|move|p1a: Clodsire|Earthquake|p2a: Zacian\n|-supereffective|p2a: Zacian\n|-damage|p2a: Zacian|0 fnt\n|faint|p2a: Zacian\n|\n|-weather|none\n|-heal|p1a: Clodsire|41\/100|[from] item: Leftovers\n|upkeep\n|\n|t:|1701142947\n|switch|p2a: Arceus|Arceus-Ground|100\/100\n|turn|6\n|\n|t:|1701142950\n|move|p2a: Arceus|Dragon Dance|p2a: Arceus\n|-boost|p2a: Arceus|atk|1\n|-boost|p2a: Arceus|spe|1\n|move|p1a: Clodsire|Recover|p1a: Clodsire\n|-heal|p1a: Clodsire|91\/100\n|\n|-heal|p1a: Clodsire|97\/100|[from] item: Leftovers\n|upkeep\n|turn|7\n|\n|t:|1701142953\n|move|p2a: Arceus|Earthquake|p1a: Clodsire\n|-supereffective|p1a: Clodsire\n|-damage|p1a: Clodsire|28\/100\n|move|p1a: Clodsire|Toxic|p2a: Arceus\n|-status|p2a: Arceus|tox\n|\n|-heal|p1a: Clodsire|35\/100|[from] item: Leftovers\n|-damage|p2a: Arceus|94\/100 tox|[from] psn\n|upkeep\n|turn|8\n|\n|t:|1701142963\n|switch|p1a: Corviknight|Corviknight, M|100\/100\n|move|p2a: Arceus|Shadow Claw|p1a: Corviknight\n|-damage|p1a: Corviknight|89\/100\n|\n|-heal|p1a: Corviknight|96\/100|[from] item: Leftovers\n|-damage|p2a: Arceus|82\/100 tox|[from] psn\n|-sideend|p1: LITLE0|move: Aurora Veil\n|upkeep\n|turn|9\n|\n|t:|1701142973\n|switch|p2a: Koraidon|Koraidon|100\/100\n|-weather|SunnyDay|[from] ability: Orichalcum Pulse|[of] p2a: Koraidon\n|-activate|p2a: Koraidon|Orichalcum Pulse|[source]\n|move|p1a: Corviknight|U-turn|p2a: Koraidon\n|-resisted|p2a: Koraidon\n|-damage|p2a: Koraidon|94\/100\n|\n|t:|1701142980\n|switch|p1a: Ninetales|Ninetales-Alola, F|100\/100|[from] U-turn\n|-weather|Snow|[from] ability: Snow Warning|[of] p1a: Ninetales\n|\n|-weather|Snow|[upkeep]\n|upkeep\n|turn|10\n|j| Porygonized\n|l| Porygonized\n|\n|t:|1701142996\n|-terastallize|p2a: Koraidon|Fire\n|-terastallize|p1a: Ninetales|Water\n|move|p2a: Koraidon|Taunt|p1a: Ninetales\n|-start|p1a: Ninetales|move: Taunt\n|move|p1a: Ninetales|Chilling Water|p2a: Koraidon\n|-supereffective|p2a: Koraidon\n|-damage|p2a: Koraidon|51\/100\n|-unboost|p2a: Koraidon|atk|1\n|\n|-weather|Snow|[upkeep]\n|upkeep\n|turn|11\n|\n|t:|1701143008\n|move|p2a: Koraidon|Swords Dance|p2a: Koraidon\n|-boost|p2a: Koraidon|atk|2\n|move|p1a: Ninetales|Chilling Water|p2a: Koraidon\n|-supereffective|p2a: Koraidon\n|-damage|p2a: Koraidon|7\/100\n|-unboost|p2a: Koraidon|atk|1\n|\n|-weather|Snow|[upkeep]\n|upkeep\n|turn|12\n|\n|t:|1701143015\n|move|p2a: Koraidon|Dragon Claw|p1a: Ninetales\n|-damage|p1a: Ninetales|32\/100\n|move|p1a: Ninetales|Chilling Water|p2a: Koraidon\n|-supereffective|p2a: Koraidon\n|-damage|p2a: Koraidon|0 fnt\n|faint|p2a: Koraidon\n|\n|-weather|Snow|[upkeep]\n|-end|p1a: Ninetales|move: Taunt\n|upkeep\n|\n|t:|1701143022\n|switch|p2a: Flutter Mane|Flutter Mane|100\/100\n|-item|p2a: Flutter Mane|Air Balloon\n|turn|13\n|\n|t:|1701143038\n|switch|p1a: Corviknight|Corviknight, M|96\/100\n|move|p2a: Flutter Mane|Shadow Ball|p1a: Corviknight\n|-damage|p1a: Corviknight|56\/100\n|\n|-weather|none\n|-heal|p1a: Corviknight|62\/100|[from] item: Leftovers\n|upkeep\n|turn|14\n|\n|t:|1701143045\n|move|p2a: Flutter Mane|Calm Mind|p2a: Flutter Mane\n|-boost|p2a: Flutter Mane|spa|1\n|-boost|p2a: Flutter Mane|spd|1\n|move|p1a: Corviknight|Roost|p1a: Corviknight\n|-heal|p1a: Corviknight|100\/100\n|-singleturn|p1a: Corviknight|move: Roost\n|\n|upkeep\n|turn|15\n|\n|t:|1701143051\n|move|p2a: Flutter Mane|Calm Mind|p2a: Flutter Mane\n|-boost|p2a: Flutter Mane|spa|1\n|-boost|p2a: Flutter Mane|spd|1\n|move|p1a: Corviknight|U-turn|p2a: Flutter Mane\n|-resisted|p2a: Flutter Mane\n|-damage|p2a: Flutter Mane|93\/100\n|-enditem|p2a: Flutter Mane|Air Balloon\n|\n|t:|1701143054\n|switch|p1a: Palafin|Palafin, M|100\/100|[from] U-turn\n|\n|upkeep\n|turn|16\n|\n|t:|1701143060\n|detailschange|p1a: Palafin|Palafin-Hero, M\n|switch|p1a: Clodsire|Clodsire, M|35\/100\n|move|p2a: Flutter Mane|Shadow Ball|p1a: Clodsire\n|-damage|p1a: Clodsire|13\/100\n|\n|-heal|p1a: Clodsire|19\/100|[from] item: Leftovers\n|upkeep\n|turn|17\n|\n|t:|1701143068\n|move|p2a: Flutter Mane|Shadow Ball|p1a: Clodsire\n|-damage|p1a: Clodsire|0 fnt\n|faint|p1a: Clodsire\n|\n|upkeep\n|\n|t:|1701143071\n|switch|p1a: Palafin|Palafin-Hero, M|100\/100\n|-activate|p1a: Palafin|ability: Zero to Hero\n|turn|18\n|\n|t:|1701143075\n|move|p1a: Palafin|Jet Punch|p2a: Flutter Mane\n|-damage|p2a: Flutter Mane|0 fnt\n|faint|p2a: Flutter Mane\n|-end|p2a: Flutter Mane|Protosynthesis|[silent]\n|\n|upkeep\n|\n|t:|1701143080\n|switch|p2a: Sneasler|Sneasler, F|100\/100\n|turn|19\n|\n|t:|1701143089\n|move|p1a: Palafin|Jet Punch|p2a: Sneasler\n|-enditem|p2a: Sneasler|Focus Sash\n|-damage|p2a: Sneasler|1\/100\n|move|p2a: Sneasler|Dire Claw|p1a: Palafin\n|-damage|p1a: Palafin|51\/100\n|-status|p1a: Palafin|psn\n|\n|-damage|p1a: Palafin|39\/100 psn|[from] psn\n|upkeep\n|turn|20\n|\n|t:|1701143101\n|switch|p2a: Dialga|Dialga|100\/100\n|-ability|p2a: Dialga|Pressure\n|-item|p2a: Dialga|Air Balloon\n|move|p1a: Palafin|Jet Punch|p2a: Dialga\n|-resisted|p2a: Dialga\n|-damage|p2a: Dialga|79\/100\n|-enditem|p2a: Dialga|Air Balloon\n|\n|-damage|p1a: Palafin|27\/100 psn|[from] psn\n|upkeep\n|turn|21\n|\n|t:|1701143118\n|switch|p1a: Corviknight|Corviknight, M|100\/100\n|move|p2a: Dialga|Dragon Pulse|p1a: Corviknight\n|-resisted|p1a: Corviknight\n|-damage|p1a: Corviknight|76\/100\n|\n|-heal|p1a: Corviknight|82\/100|[from] item: Leftovers\n|upkeep\n|turn|22\n|\n|t:|1701143126\n|move|p2a: Dialga|Steel Beam|p1a: Corviknight|[miss]\n|-miss|p2a: Dialga|p1a: Corviknight\n|-damage|p2a: Dialga|29\/100|[from] steelbeam\n|move|p1a: Corviknight|U-turn|p2a: Dialga\n|-resisted|p2a: Dialga\n|-crit|p2a: Dialga\n|-damage|p2a: Dialga|22\/100\n|-message|Czeoh forfeited.\n|\n|win|LITLE0\n|raw|LITLE0's rating: 1132 &rarr; <strong>1163<\/strong><br \/>(+31 for winning)\n|raw|Czeoh's rating: 1221 &rarr; <strong>1190<\/strong><br \/>(-31 for losing)\n|l|\u203dCzeoh\n","uploadtime":1701143134,"views":2,"p1id":"litle0","p2id":"czeoh","formatid":"gen9ubers","rating":1163,"private":0,"password":""}