{"id":"gen9ubers-1969268784","p1":"encryptus","p2":"stab in back","format":"[Gen 9] Ubers","log":"|j|\u2606encryptus\n|j|\u2606stab in back\n|t:|1697508030\n|gametype|singles\n|player|p1|encryptus|roxie|1221\n|player|p2|stab in back|n-masters|1191\n|teamsize|p1|6\n|teamsize|p2|6\n|gen|9\n|tier|[Gen 9] Ubers\n|rated|\n|rule|Sleep Clause Mod: Limit one foe put to sleep\n|rule|Species Clause: Limit one of each Pok\u00e9mon\n|rule|OHKO Clause: OHKO moves are banned\n|rule|Evasion Items Clause: Evasion items are banned\n|rule|Evasion Moves Clause: Evasion moves are banned\n|rule|Endless Battle Clause: Forcing endless battles is banned\n|rule|HP Percentage Mod: HP is shown in percentages\n|clearpoke\n|poke|p1|Sneasler, F|\n|poke|p1|Kingambit, M|\n|poke|p1|Mewtwo|\n|poke|p1|Ursaluna-Bloodmoon, M|\n|poke|p1|Skeledirge, M|\n|poke|p1|Miraidon|\n|poke|p2|Iron Bundle|\n|poke|p2|Zacian-*|\n|poke|p2|Skeledirge, F|\n|poke|p2|Landorus-Therian, M|\n|poke|p2|Koraidon|\n|poke|p2|Regieleki|\n|teampreview\n|\n|t:|1697508046\n|start\n|switch|p1a: MiraidonDEEZ|Miraidon|100\/100\n|switch|p2a: Landorus|Landorus-Therian, M|100\/100\n|-fieldstart|move: Electric Terrain|[from] ability: Hadron Engine|[of] p1a: MiraidonDEEZ\n|-ability|p2a: Landorus|Intimidate|boost\n|-unboost|p1a: MiraidonDEEZ|atk|1\n|turn|1\n|\n|t:|1697508056\n|move|p1a: MiraidonDEEZ|Overheat|p2a: Landorus\n|-damage|p2a: Landorus|30\/100\n|-unboost|p1a: MiraidonDEEZ|spa|2\n|move|p2a: Landorus|Stealth Rock|p1a: MiraidonDEEZ\n|-sidestart|p1: encryptus|move: Stealth Rock\n|\n|upkeep\n|turn|2\n|\n|t:|1697508077\n|move|p1a: MiraidonDEEZ|Overheat|p2a: Landorus\n|-damage|p2a: Landorus|0 fnt\n|-unboost|p1a: MiraidonDEEZ|spa|2\n|faint|p2a: Landorus\n|\n|upkeep\n|\n|t:|1697508085\n|switch|p2a: Koraidon|Koraidon|100\/100\n|-weather|SunnyDay|[from] ability: Orichalcum Pulse|[of] p2a: Koraidon\n|-activate|p2a: Koraidon|Orichalcum Pulse|[source]\n|turn|3\n|\n|t:|1697508092\n|switch|p1a: Florida|Skeledirge, M|100\/100\n|move|p2a: Koraidon|Swords Dance|p2a: Koraidon\n|-boost|p2a: Koraidon|atk|2\n|\n|-weather|SunnyDay|[upkeep]\n|upkeep\n|turn|4\n|\n|t:|1697508101\n|move|p2a: Koraidon|Scale Shot|p1a: Florida\n|-damage|p1a: Florida|84\/100\n|-crit|p1a: Florida\n|-damage|p1a: Florida|62\/100\n|-damage|p1a: Florida|48\/100\n|-damage|p1a: Florida|34\/100\n|-hitcount|p1a: Florida|4\n|-unboost|p2a: Koraidon|def|1\n|-boost|p2a: Koraidon|spe|1\n|move|p1a: Florida|Will-O-Wisp|p2a: Koraidon\n|-status|p2a: Koraidon|brn\n|\n|-weather|SunnyDay|[upkeep]\n|-damage|p2a: Koraidon|94\/100 brn|[from] brn\n|upkeep\n|turn|5\n|\n|t:|1697508116\n|move|p2a: Koraidon|Scale Shot|p1a: Florida\n|-damage|p1a: Florida|27\/100\n|-damage|p1a: Florida|19\/100\n|-damage|p1a: Florida|11\/100\n|-damage|p1a: Florida|4\/100\n|-hitcount|p1a: Florida|4\n|-unboost|p2a: Koraidon|def|1\n|-boost|p2a: Koraidon|spe|1\n|move|p1a: Florida|Slack Off|p1a: Florida\n|-heal|p1a: Florida|55\/100\n|\n|-weather|SunnyDay|[upkeep]\n|-damage|p2a: Koraidon|88\/100 brn|[from] brn\n|-fieldend|move: Electric Terrain\n|upkeep\n|turn|6\n|\n|t:|1697508141\n|switch|p2a: Iron Bundle|Iron Bundle, shiny|100\/100\n|move|p1a: Florida|Hex|p2a: Iron Bundle\n|-damage|p2a: Iron Bundle|50\/100\n|\n|-weather|SunnyDay|[upkeep]\n|upkeep\n|turn|7\n|\n|t:|1697508160\n|switch|p1a: unite menace|Mewtwo|100\/100\n|-damage|p1a: unite menace|88\/100|[from] Stealth Rock\n|-ability|p1a: unite menace|Pressure\n|move|p2a: Iron Bundle|Hydro Pump|p1a: unite menace\n|-damage|p1a: unite menace|43\/100\n|\n|-weather|none\n|upkeep\n|turn|8\n|\n|t:|1697508175\n|move|p2a: Iron Bundle|Hydro Pump|p1a: unite menace\n|-damage|p1a: unite menace|0 fnt\n|faint|p1a: unite menace\n|\n|upkeep\n|\n|t:|1697508187\n|switch|p1a: MiraidonDEEZ|Miraidon|100\/100\n|-damage|p1a: MiraidonDEEZ|88\/100|[from] Stealth Rock\n|-fieldstart|move: Electric Terrain|[from] ability: Hadron Engine|[of] p1a: MiraidonDEEZ\n|-activate|p2a: Iron Bundle|ability: Quark Drive\n|-start|p2a: Iron Bundle|quarkdrivespe\n|turn|9\n|inactive|Battle timer is ON: inactive players will automatically lose when time's up. (requested by stab in back)\n|\n|t:|1697508198\n|-end|p2a: Iron Bundle|Quark Drive|[silent]\n|switch|p2a: Koraidon|Koraidon|88\/100 brn\n|-weather|SunnyDay|[from] ability: Orichalcum Pulse|[of] p2a: Koraidon\n|-activate|p2a: Koraidon|Orichalcum Pulse|[source]\n|move|p1a: MiraidonDEEZ|Volt Switch|p2a: Koraidon\n|-resisted|p2a: Koraidon\n|-damage|p2a: Koraidon|55\/100 brn\n|\n|t:|1697508225\n|switch|p1a: Ms rng|Sneasler, F, shiny|100\/100|[from] Volt Switch\n|-damage|p1a: Ms rng|95\/100|[from] Stealth Rock\n|-enditem|p1a: Ms rng|Electric Seed\n|-boost|p1a: Ms rng|def|1|[from] item: Electric Seed\n|\n|-weather|SunnyDay|[upkeep]\n|-damage|p2a: Koraidon|49\/100 brn|[from] brn\n|upkeep\n|turn|10\n|\n|t:|1697508251\n|move|p1a: Ms rng|Acrobatics|p2a: Koraidon\n|-supereffective|p2a: Koraidon\n|-damage|p2a: Koraidon|0 fnt\n|faint|p2a: Koraidon\n|\n|-weather|SunnyDay|[upkeep]\n|upkeep\n|inactive|stab in back has 120 seconds left.\n|\n|t:|1697508262\n|switch|p2a: Iron Bundle|Iron Bundle, shiny|50\/100\n|-activate|p2a: Iron Bundle|ability: Quark Drive\n|-start|p2a: Iron Bundle|quarkdrivespe\n|turn|11\n|\n|t:|1697508268\n|move|p1a: Ms rng|Dire Claw|p2a: Iron Bundle\n|-damage|p2a: Iron Bundle|0 fnt\n|faint|p2a: Iron Bundle\n|-end|p2a: Iron Bundle|Quark Drive|[silent]\n|\n|-weather|SunnyDay|[upkeep]\n|upkeep\n|\n|t:|1697508278\n|switch|p2a: Skeledirge|Skeledirge, F|100\/100\n|turn|12\n|-message|stab in back forfeited.\n|\n|win|encryptus\n|raw|encryptus's rating: 1221 &rarr; <strong>1244<\/strong><br \/>(+23 for winning)\n|raw|stab in back's rating: 1191 &rarr; <strong>1168<\/strong><br \/>(-23 for losing)\n|l|\u2606stab in back\n","uploadtime":1697508296,"views":9,"p1id":"encryptus","p2id":"stabinback","formatid":"gen9ubers","rating":1168,"private":0,"password":""}