{"id":"gen9ubers-1998289750","p1":"random927372935","p2":"Electricratman","format":"[Gen 9] Ubers","log":"|j|\u2606random927372935\n|j|\u2606Electricratman\n|t:|1700925273\n|gametype|singles\n|player|p1|random927372935|giovanni|1000\n|player|p2|Electricratman|1|1052\n|teamsize|p1|6\n|teamsize|p2|6\n|gen|9\n|tier|[Gen 9] Ubers\n|rated|\n|rule|Sleep Clause Mod: Limit one foe put to sleep\n|rule|Species Clause: Limit one of each Pok\u00e9mon\n|rule|OHKO Clause: OHKO moves are banned\n|rule|Evasion Items Clause: Evasion items are banned\n|rule|Evasion Moves Clause: Evasion moves are banned\n|rule|Endless Battle Clause: Forcing endless battles is banned\n|rule|HP Percentage Mod: HP is shown in percentages\n|clearpoke\n|poke|p1|Zoroark, M|\n|poke|p1|Zapdos|\n|poke|p1|Samurott-Hisui, M|\n|poke|p1|Drifblim, F|\n|poke|p1|Darkrai|\n|poke|p1|Salamence, F|\n|poke|p2|Weezing-Galar, F|\n|poke|p2|Magearna|\n|poke|p2|Enamorus-Therian, F|\n|poke|p2|Palafin, M|\n|poke|p2|Arcanine-Hisui, M|\n|poke|p2|Espeon, M|\n|teampreview\n|\n|t:|1700925290\n|start\n|switch|p1a: Salamence|Salamence, F|100\/100\n|switch|p2a: Palafin|Palafin, M|100\/100\n|turn|1\n|\n|t:|1700925301\n|move|p2a: Palafin|Ice Punch|p1a: Salamence\n|-supereffective|p1a: Salamence\n|-damage|p1a: Salamence|0 fnt\n|faint|p1a: Salamence\n|\n|upkeep\n|\n|t:|1700925311\n|switch|p1a: Samurott|Samurott-Hisui, M, shiny|100\/100\n|turn|2\n|\n|t:|1700925318\n|detailschange|p2a: Palafin|Palafin-Hero, M\n|switch|p2a: Enamorus|Enamorus-Therian, F|100\/100\n|move|p1a: Samurott|Ceaseless Edge|p2a: Enamorus\n|-resisted|p2a: Enamorus\n|-damage|p2a: Enamorus|88\/100\n|-sidestart|p2: Electricratman|Spikes\n|\n|-heal|p2a: Enamorus|94\/100|[from] item: Leftovers\n|upkeep\n|turn|3\n|\n|t:|1700925334\n|switch|p1a: Zapdos|Zapdos|100\/100\n|move|p2a: Enamorus|Iron Defense|p2a: Enamorus\n|-boost|p2a: Enamorus|def|2\n|\n|-heal|p2a: Enamorus|99\/100|[from] item: Leftovers\n|upkeep\n|turn|4\n|\n|t:|1700925362\n|-terastallize|p2a: Enamorus|Fairy\n|move|p1a: Zapdos|Thunder Wave|p2a: Enamorus\n|-status|p2a: Enamorus|par\n|move|p2a: Enamorus|Calm Mind|p2a: Enamorus\n|-boost|p2a: Enamorus|spa|1\n|-boost|p2a: Enamorus|spd|1\n|\n|-heal|p2a: Enamorus|100\/100 par|[from] item: Leftovers\n|upkeep\n|turn|5\n|\n|t:|1700925375\n|switch|p1a: Drifblim|Drifblim, F, shiny|100\/100\n|move|p2a: Enamorus|Calm Mind|p2a: Enamorus\n|-boost|p2a: Enamorus|spa|1\n|-boost|p2a: Enamorus|spd|1\n|\n|-status|p1a: Drifblim|brn|[from] item: Flame Orb\n|upkeep\n|turn|6\n|\n|t:|1700925393\n|move|p1a: Drifblim|Clear Smog|p2a: Enamorus\n|-supereffective|p2a: Enamorus\n|-damage|p2a: Enamorus|85\/100 par\n|-clearboost|p2a: Enamorus\n|move|p2a: Enamorus|Draining Kiss|p1a: Drifblim\n|-damage|p1a: Drifblim|65\/100 brn\n|-heal|p2a: Enamorus|100\/100 par|[from] drain|[of] p1a: Drifblim\n|\n|-damage|p1a: Drifblim|58\/100 brn|[from] brn\n|upkeep\n|turn|7\n|\n|t:|1700925407\n|move|p1a: Drifblim|Clear Smog|p2a: Enamorus\n|-supereffective|p2a: Enamorus\n|-damage|p2a: Enamorus|70\/100 par\n|-clearboost|p2a: Enamorus\n|move|p2a: Enamorus|Draining Kiss|p1a: Drifblim\n|-damage|p1a: Drifblim|23\/100 brn\n|-heal|p2a: Enamorus|100\/100 par|[from] drain|[of] p1a: Drifblim\n|\n|-damage|p1a: Drifblim|17\/100 brn|[from] brn\n|upkeep\n|turn|8\n|\n|t:|1700925433\n|move|p1a: Drifblim|Destiny Bond|p1a: Drifblim\n|-singlemove|p1a: Drifblim|Destiny Bond\n|cant|p2a: Enamorus|par\n|\n|-damage|p1a: Drifblim|11\/100 brn|[from] brn\n|upkeep\n|turn|9\n|\n|t:|1700925446\n|move|p1a: Drifblim|Clear Smog|p2a: Enamorus\n|-supereffective|p2a: Enamorus\n|-damage|p2a: Enamorus|70\/100 par\n|-clearboost|p2a: Enamorus\n|cant|p2a: Enamorus|par\n|\n|-heal|p2a: Enamorus|76\/100 par|[from] item: Leftovers\n|-damage|p1a: Drifblim|5\/100 brn|[from] brn\n|upkeep\n|turn|10\n|\n|t:|1700925462\n|move|p1a: Drifblim|Destiny Bond|p1a: Drifblim\n|-singlemove|p1a: Drifblim|Destiny Bond\n|move|p2a: Enamorus|Iron Defense|p2a: Enamorus\n|-boost|p2a: Enamorus|def|2\n|\n|-heal|p2a: Enamorus|82\/100 par|[from] item: Leftovers\n|-damage|p1a: Drifblim|0 fnt|[from] brn\n|faint|p1a: Drifblim\n|upkeep\n|\n|t:|1700925476\n|switch|p1a: Samurott|Samurott-Hisui, M, shiny|100\/100\n|turn|11\n|\n|t:|1700925495\n|-terastallize|p1a: Samurott|Psychic\n|move|p1a: Samurott|Extrasensory|p2a: Enamorus\n|-damage|p2a: Enamorus|51\/100 par\n|move|p2a: Enamorus|Calm Mind|p2a: Enamorus\n|-boost|p2a: Enamorus|spa|1\n|-boost|p2a: Enamorus|spd|1\n|\n|-heal|p2a: Enamorus|57\/100 par|[from] item: Leftovers\n|upkeep\n|turn|12\n|\n|t:|1700925509\n|move|p1a: Samurott|Extrasensory|p2a: Enamorus\n|-damage|p2a: Enamorus|36\/100 par\n|move|p2a: Enamorus|Draining Kiss|p1a: Samurott\n|-damage|p1a: Samurott|11\/100\n|-heal|p2a: Enamorus|91\/100 par|[from] drain|[of] p1a: Samurott\n|replace|p1a: Zoroark|Zoroark, M, shiny\n|-end|p1a: Zoroark|Illusion\n|\n|-heal|p2a: Enamorus|97\/100 par|[from] item: Leftovers\n|upkeep\n|turn|13\n|\n|t:|1700925519\n|move|p1a: Zoroark|Knock Off|p2a: Enamorus\n|-resisted|p2a: Enamorus\n|-damage|p2a: Enamorus|91\/100 par\n|-enditem|p2a: Enamorus|Leftovers|[from] move: Knock Off|[of] p1a: Zoroark\n|move|p2a: Enamorus|Calm Mind|p2a: Enamorus\n|-boost|p2a: Enamorus|spa|1\n|-boost|p2a: Enamorus|spd|1\n|\n|upkeep\n|turn|14\n|\n|t:|1700925527\n|move|p1a: Zoroark|Extrasensory|p2a: Enamorus\n|-damage|p2a: Enamorus|75\/100 par\n|move|p2a: Enamorus|Draining Kiss|p1a: Zoroark\n|-damage|p1a: Zoroark|0 fnt\n|-heal|p2a: Enamorus|81\/100 par|[from] drain|[of] p1a: Zoroark\n|faint|p1a: Zoroark\n|\n|upkeep\n|\n|t:|1700925532\n|switch|p1a: Darkrai|Darkrai|100\/100\n|turn|15\n|\n|t:|1700925543\n|move|p1a: Darkrai|Dark Pulse|p2a: Enamorus\n|-resisted|p2a: Enamorus\n|-damage|p2a: Enamorus|72\/100 par\n|move|p2a: Enamorus|Draining Kiss|p1a: Darkrai\n|-supereffective|p1a: Darkrai\n|-damage|p1a: Darkrai|0 fnt\n|-heal|p2a: Enamorus|100\/100 par|[from] drain|[of] p1a: Darkrai\n|faint|p1a: Darkrai\n|\n|upkeep\n|\n|t:|1700925549\n|switch|p1a: Zapdos|Zapdos|100\/100\n|turn|16\n|\n|t:|1700925559\n|move|p1a: Zapdos|Heat Wave|p2a: Enamorus|[miss]\n|-miss|p1a: Zapdos|p2a: Enamorus\n|move|p2a: Enamorus|Draining Kiss|p1a: Zapdos\n|-damage|p1a: Zapdos|25\/100\n|\n|upkeep\n|turn|17\n|\n|t:|1700925567\n|move|p1a: Zapdos|Heat Wave|p2a: Enamorus\n|-damage|p2a: Enamorus|86\/100 par\n|move|p2a: Enamorus|Draining Kiss|p1a: Zapdos\n|-damage|p1a: Zapdos|0 fnt\n|-heal|p2a: Enamorus|100\/100 par|[from] drain|[of] p1a: Zapdos\n|faint|p1a: Zapdos\n|\n|upkeep\n|c|\u2606random927372935|Ok i Lost already\n|c|\u2606random927372935|GG\n|\n|t:|1700925587\n|switch|p1a: Samurott|Samurott-Hisui, M, shiny|100\/100\n|turn|18\n|c|\u2606Electricratman|Gg\n|-message|random927372935 forfeited.\n|\n|win|Electricratman\n|raw|random927372935's rating: 1000 &rarr; <strong>1000<\/strong><br \/>(+0 for losing)\n|raw|Electricratman's rating: 1052 &rarr; <strong>1079<\/strong><br \/>(+27 for winning)\n|l|\u2606random927372935\n","uploadtime":1700925614,"views":1,"p1id":"random927372935","p2id":"electricratman","formatid":"gen9ubers","rating":1000,"private":0,"password":""}