{"id":"gen9ubers-1990230145","p1":"thotopo","p2":"slumbererer","format":"[Gen 9] Ubers","log":"|j|\u2606thotopo\n|j|\u2606slumbererer\n|t:|1699941035\n|gametype|singles\n|player|p1|thotopo|266|1253\n|player|p2|slumbererer|170|1358\n|teamsize|p1|6\n|teamsize|p2|6\n|gen|9\n|tier|[Gen 9] Ubers\n|rated|\n|rule|Sleep Clause Mod: Limit one foe put to sleep\n|rule|Species Clause: Limit one of each Pok\u00e9mon\n|rule|OHKO Clause: OHKO moves are banned\n|rule|Evasion Items Clause: Evasion items are banned\n|rule|Evasion Moves Clause: Evasion moves are banned\n|rule|Endless Battle Clause: Forcing endless battles is banned\n|rule|HP Percentage Mod: HP is shown in percentages\n|clearpoke\n|poke|p1|Annihilape, F|\n|poke|p1|Sneasler, M|\n|poke|p1|Ogerpon-Hearthflame, F|\n|poke|p1|Amoonguss, F|\n|poke|p1|Chien-Pao|\n|poke|p1|Skeledirge, F|\n|poke|p2|Zacian-*|\n|poke|p2|Miraidon|\n|poke|p2|Koraidon|\n|poke|p2|Baxcalibur, F|\n|poke|p2|Arceus-Steel|\n|poke|p2|Gliscor, F|\n|teampreview\n|inactive|Battle timer is ON: inactive players will automatically lose when time's up. (requested by slumbererer)\n|inactive|slumbererer has 120 seconds left.\n|\n|t:|1699941077\n|start\n|switch|p1a: Chien-Pao|Chien-Pao|100\/100\n|switch|p2a: MIRA|Miraidon|100\/100\n|-ability|p1a: Chien-Pao|Sword of Ruin\n|-fieldstart|move: Electric Terrain|[from] ability: Hadron Engine|[of] p2a: MIRA\n|turn|1\n|\n|t:|1699941091\n|switch|p2a: ARC|Arceus-Steel|100\/100\n|-terastallize|p1a: Chien-Pao|Ice\n|move|p1a: Chien-Pao|Ice Shard|p2a: ARC\n|-resisted|p2a: ARC\n|-damage|p2a: ARC|82\/100\n|\n|upkeep\n|turn|2\n|\n|t:|1699941106\n|switch|p1a: Skeledirge|Skeledirge, F|100\/100\n|move|p2a: ARC|Will-O-Wisp|p1a: Skeledirge\n|-immune|p1a: Skeledirge\n|\n|upkeep\n|turn|3\n|\n|t:|1699941117\n|switch|p2a: BAX|Baxcalibur, F|100\/100\n|move|p1a: Skeledirge|Will-O-Wisp|p2a: BAX\n|-immune|p2a: BAX|[from] ability: Thermal Exchange\n|\n|upkeep\n|turn|4\n|\n|t:|1699941130\n|move|p2a: BAX|Swords Dance|p2a: BAX\n|-boost|p2a: BAX|atk|2\n|move|p1a: Skeledirge|Shadow Ball|p2a: BAX\n|-damage|p2a: BAX|70\/100\n|\n|upkeep\n|turn|5\n|\n|t:|1699941137\n|move|p2a: BAX|Scale Shot|p1a: Skeledirge\n|-damage|p1a: Skeledirge|88\/100\n|-damage|p1a: Skeledirge|77\/100\n|-damage|p1a: Skeledirge|65\/100\n|-damage|p1a: Skeledirge|54\/100\n|-damage|p1a: Skeledirge|41\/100\n|-hitcount|p1a: Skeledirge|5\n|-unboost|p2a: BAX|def|1\n|-boost|p2a: BAX|spe|1\n|move|p1a: Skeledirge|Shadow Ball|p2a: BAX\n|-damage|p2a: BAX|40\/100\n|-unboost|p2a: BAX|spd|1\n|\n|-heal|p1a: Skeledirge|47\/100|[from] item: Leftovers\n|-fieldend|move: Electric Terrain\n|upkeep\n|turn|6\n|\n|t:|1699941159\n|move|p2a: BAX|Earthquake|p1a: Skeledirge\n|-supereffective|p1a: Skeledirge\n|-damage|p1a: Skeledirge|0 fnt\n|faint|p1a: Skeledirge\n|\n|upkeep\n|\n|t:|1699941169\n|switch|p1a: Chien-Pao|Chien-Pao, tera:Ice|100\/100\n|-ability|p1a: Chien-Pao|Sword of Ruin\n|turn|7\n|\n|t:|1699941178\n|move|p1a: Chien-Pao|Ice Shard|p2a: BAX\n|-crit|p2a: BAX\n|-damage|p2a: BAX|0 fnt\n|faint|p2a: BAX\n|\n|upkeep\n|\n|t:|1699941185\n|switch|p2a: ZACI|Zacian-Crowned, shiny|100\/100\n|-ability|p2a: ZACI|Intrepid Sword|boost\n|-boost|p2a: ZACI|atk|1\n|turn|8\n|\n|t:|1699941196\n|switch|p1a: Annihilape|Annihilape, F|100\/100\n|move|p2a: ZACI|Swords Dance|p2a: ZACI\n|-boost|p2a: ZACI|atk|2\n|\n|upkeep\n|turn|9\n|\n|t:|1699941206\n|move|p2a: ZACI|Play Rough|p1a: Annihilape\n|-supereffective|p1a: Annihilape\n|-damage|p1a: Annihilape|0 fnt\n|faint|p1a: Annihilape\n|\n|upkeep\n|\n|t:|1699941212\n|switch|p1a: Sneasler|Sneasler, M|100\/100\n|turn|10\n|\n|t:|1699941220\n|move|p2a: ZACI|Behemoth Blade|p1a: Sneasler\n|-enditem|p1a: Sneasler|Focus Sash\n|-damage|p1a: Sneasler|1\/100\n|move|p1a: Sneasler|Swords Dance|p1a: Sneasler\n|-boost|p1a: Sneasler|atk|2\n|\n|upkeep\n|turn|11\n|\n|t:|1699941232\n|move|p1a: Sneasler|Close Combat|p2a: ZACI\n|-damage|p2a: ZACI|0 fnt\n|-unboost|p1a: Sneasler|def|1\n|-unboost|p1a: Sneasler|spd|1\n|faint|p2a: ZACI\n|\n|upkeep\n|\n|t:|1699941244\n|switch|p2a: SCOR|Gliscor, F, shiny|100\/100\n|turn|12\n|inactive|thotopo has 120 seconds left.\n|\n|t:|1699941281\n|move|p1a: Sneasler|Dire Claw|p2a: SCOR\n|-resisted|p2a: SCOR\n|-damage|p2a: SCOR|67\/100\n|-status|p2a: SCOR|slp\n|cant|p2a: SCOR|slp\n|\n|upkeep\n|turn|13\n|inactive|thotopo has 120 seconds left.\n|\n|t:|1699941287\n|move|p1a: Sneasler|Close Combat|p2a: SCOR\n|-resisted|p2a: SCOR\n|-damage|p2a: SCOR|10\/100 slp\n|-unboost|p1a: Sneasler|def|1\n|-unboost|p1a: Sneasler|spd|1\n|cant|p2a: SCOR|slp\n|\n|upkeep\n|turn|14\n|\n|t:|1699941294\n|cant|p2a: SCOR|slp\n|move|p1a: Sneasler|Close Combat|p2a: SCOR\n|-resisted|p2a: SCOR\n|-damage|p2a: SCOR|0 fnt\n|-unboost|p1a: Sneasler|def|1\n|-unboost|p1a: Sneasler|spd|1\n|faint|p2a: SCOR\n|\n|upkeep\n|\n|t:|1699941307\n|switch|p2a: ARC|Arceus-Steel|82\/100\n|turn|15\n|\n|t:|1699941312\n|-terastallize|p2a: ARC|Poison\n|move|p1a: Sneasler|Close Combat|p2a: ARC\n|-resisted|p2a: ARC\n|-damage|p2a: ARC|39\/100\n|-unboost|p1a: Sneasler|def|1\n|-unboost|p1a: Sneasler|spd|1\n|move|p2a: ARC|Judgment|p1a: Sneasler\n|-damage|p1a: Sneasler|0 fnt\n|faint|p1a: Sneasler\n|\n|upkeep\n|\n|t:|1699941329\n|switch|p1a: Ogerpon|Ogerpon-Hearthflame, F|100\/100\n|-ability|p1a: Ogerpon|Mold Breaker\n|turn|16\n|inactive|slumbererer has 120 seconds left.\n|\n|t:|1699941371\n|move|p2a: ARC|Recover|p2a: ARC\n|-heal|p2a: ARC|89\/100\n|move|p1a: Ogerpon|Trailblaze|p2a: ARC\n|-resisted|p2a: ARC\n|-damage|p2a: ARC|80\/100\n|-boost|p1a: Ogerpon|spe|1\n|\n|upkeep\n|turn|17\n|\n|t:|1699941381\n|move|p1a: Ogerpon|Swords Dance|p1a: Ogerpon\n|-boost|p1a: Ogerpon|atk|2\n|move|p2a: ARC|Roar|p1a: Ogerpon\n|drag|p1a: Amoonguss|Amoonguss, F|100\/100\n|\n|upkeep\n|turn|18\n|inactive|slumbererer has 120 seconds left.\n|\n|t:|1699941401\n|switch|p2a: KORA|Koraidon|100\/100\n|-weather|SunnyDay|[from] ability: Orichalcum Pulse|[of] p2a: KORA\n|-activate|p2a: KORA|Orichalcum Pulse|[source]\n|move|p1a: Amoonguss|Spore|p2a: KORA\n|-status|p2a: KORA|slp|[from] move: Spore\n|\n|-weather|SunnyDay|[upkeep]\n|upkeep\n|turn|19\n|\n|t:|1699941410\n|switch|p2a: MIRA|Miraidon|100\/100\n|-fieldstart|move: Electric Terrain|[from] ability: Hadron Engine|[of] p2a: MIRA\n|switch|p1a: Chien-Pao|Chien-Pao, tera:Ice|100\/100\n|-ability|p1a: Chien-Pao|Sword of Ruin\n|\n|-weather|SunnyDay|[upkeep]\n|upkeep\n|turn|20\n|inactive|slumbererer has 120 seconds left.\n|\n|t:|1699941431\n|move|p1a: Chien-Pao|Ice Shard|p2a: MIRA\n|-supereffective|p2a: MIRA\n|-damage|p2a: MIRA|1\/100\n|move|p2a: MIRA|Electro Drift|p1a: Chien-Pao\n|-damage|p1a: Chien-Pao|0 fnt\n|faint|p1a: Chien-Pao\n|\n|-weather|SunnyDay|[upkeep]\n|upkeep\n|\n|t:|1699941440\n|switch|p1a: Amoonguss|Amoonguss, F|100\/100\n|turn|21\n|\n|t:|1699941446\n|switch|p2a: ARC|Arceus-Steel, tera:Poison|80\/100\n|move|p1a: Amoonguss|Giga Drain|p2a: ARC\n|-resisted|p2a: ARC\n|-damage|p2a: ARC|72\/100\n|\n|-weather|SunnyDay|[upkeep]\n|upkeep\n|turn|22\n|inactive|slumbererer has 120 seconds left.\n|\n|t:|1699941454\n|switch|p1a: Ogerpon|Ogerpon-Hearthflame, F|100\/100\n|-ability|p1a: Ogerpon|Mold Breaker\n|move|p2a: ARC|Recover|p2a: ARC\n|-heal|p2a: ARC|100\/100\n|\n|-weather|none\n|upkeep\n|turn|23\n|\n|t:|1699941464\n|move|p1a: Ogerpon|Ivy Cudgel|p2a: ARC\n|-damage|p2a: ARC|65\/100\n|move|p2a: ARC|Roar|p1a: Ogerpon\n|drag|p1a: Amoonguss|Amoonguss, F|100\/100\n|\n|-fieldend|move: Electric Terrain\n|upkeep\n|turn|24\n|\n|t:|1699941479\n|switch|p2a: MIRA|Miraidon|1\/100\n|-fieldstart|move: Electric Terrain|[from] ability: Hadron Engine|[of] p2a: MIRA\n|move|p1a: Amoonguss|Giga Drain|p2a: MIRA\n|-resisted|p2a: MIRA\n|-damage|p2a: MIRA|0 fnt\n|faint|p2a: MIRA\n|\n|upkeep\n|\n|t:|1699941485\n|switch|p2a: KORA|Koraidon|100\/100 slp\n|-weather|SunnyDay|[from] ability: Orichalcum Pulse|[of] p2a: KORA\n|-activate|p2a: KORA|Orichalcum Pulse|[source]\n|turn|25\n|inactive|slumbererer has 120 seconds left.\n|\n|t:|1699941519\n|switch|p1a: Ogerpon|Ogerpon-Hearthflame, F|100\/100\n|-ability|p1a: Ogerpon|Mold Breaker\n|cant|p2a: KORA|slp\n|\n|-weather|SunnyDay|[upkeep]\n|upkeep\n|turn|26\n|\n|t:|1699941534\n|cant|p2a: KORA|slp\n|move|p1a: Ogerpon|Trailblaze|p2a: KORA\n|-resisted|p2a: KORA\n|-damage|p2a: KORA|88\/100 slp\n|-boost|p1a: Ogerpon|spe|1\n|\n|-weather|SunnyDay|[upkeep]\n|upkeep\n|turn|27\n|\n|t:|1699941552\n|cant|p2a: KORA|slp\n|move|p1a: Ogerpon|Swords Dance|p1a: Ogerpon\n|-boost|p1a: Ogerpon|atk|2\n|\n|-weather|SunnyDay|[upkeep]\n|upkeep\n|turn|28\n|\n|t:|1699941559\n|-curestatus|p2a: KORA|slp|[msg]\n|move|p2a: KORA|Outrage|p1a: Ogerpon\n|-damage|p1a: Ogerpon|0 fnt\n|faint|p1a: Ogerpon\n|\n|-weather|SunnyDay|[upkeep]\n|-fieldend|move: Electric Terrain\n|upkeep\n|\n|t:|1699941566\n|switch|p1a: Amoonguss|Amoonguss, F|100\/100\n|turn|29\n|inactive|slumbererer has 120 seconds left.\n|c|\u2606slumbererer|Honestly bro I wasn\u2019t even supposed to be asleep\n|c|\u2606slumbererer|electric terrain is supposed to wake up you up\n|inactive|slumbererer has 90 seconds left.\n|\n|t:|1699941608\n|move|p2a: KORA|Outrage|p1a: Amoonguss|[from]lockedmove\n|-damage|p1a: Amoonguss|35\/100\n|-start|p2a: KORA|confusion|[fatigue]\n|move|p1a: Amoonguss|Toxic|p2a: KORA\n|-status|p2a: KORA|tox\n|\n|-weather|none\n|-heal|p1a: Amoonguss|41\/100|[from] item: Leftovers\n|-damage|p2a: KORA|82\/100 tox|[from] psn\n|upkeep\n|turn|30\n|c|\u2606thotopo|honestly i supposed to be more fast that you\n|\n|t:|1699941625\n|switch|p2a: ARC|Arceus-Steel, tera:Poison|65\/100\n|move|p1a: Amoonguss|Giga Drain|p2a: ARC\n|-resisted|p2a: ARC\n|-damage|p2a: ARC|57\/100\n|-heal|p1a: Amoonguss|45\/100|[from] drain|[of] p2a: ARC\n|\n|-heal|p1a: Amoonguss|51\/100|[from] item: Leftovers\n|upkeep\n|turn|31\n|inactive|thotopo has 120 seconds left.\n|c|\u2606thotopo|nah the terrain makes that you cant sleep\n|c|\u2606slumbererer|Scarf \ud83d\ude1c\n|c|\u2606thotopo|but i you are sleep already dosent have efect\n|\n|t:|1699941670\n|move|p2a: ARC|Will-O-Wisp|p1a: Amoonguss\n|-status|p1a: Amoonguss|brn\n|move|p1a: Amoonguss|Spore|p2a: ARC\n|-status|p2a: ARC|slp|[from] move: Spore\n|\n|-heal|p1a: Amoonguss|57\/100 brn|[from] item: Leftovers\n|-damage|p1a: Amoonguss|51\/100 brn|[from] brn\n|upkeep\n|turn|32\n|\n|t:|1699941678\n|cant|p2a: ARC|slp\n|move|p1a: Amoonguss|Giga Drain|p2a: ARC\n|-resisted|p2a: ARC\n|-damage|p2a: ARC|50\/100 slp\n|-heal|p1a: Amoonguss|55\/100 brn|[from] drain|[of] p2a: ARC\n|\n|-heal|p1a: Amoonguss|61\/100 brn|[from] item: Leftovers\n|-damage|p1a: Amoonguss|55\/100 brn|[from] brn\n|upkeep\n|turn|33\n|\n|t:|1699941687\n|cant|p2a: ARC|slp\n|move|p1a: Amoonguss|Giga Drain|p2a: ARC\n|-resisted|p2a: ARC\n|-damage|p2a: ARC|43\/100 slp\n|-heal|p1a: Amoonguss|59\/100 brn|[from] drain|[of] p2a: ARC\n|\n|-heal|p1a: Amoonguss|65\/100 brn|[from] item: Leftovers\n|-damage|p1a: Amoonguss|59\/100 brn|[from] brn\n|upkeep\n|turn|34\n|inactive|thotopo has 120 seconds left.\n|\n|t:|1699941696\n|-curestatus|p2a: ARC|slp|[msg]\n|move|p2a: ARC|Recover|p2a: ARC\n|-heal|p2a: ARC|93\/100\n|move|p1a: Amoonguss|Giga Drain|p2a: ARC\n|-resisted|p2a: ARC\n|-damage|p2a: ARC|86\/100\n|-heal|p1a: Amoonguss|62\/100 brn|[from] drain|[of] p2a: ARC\n|\n|-heal|p1a: Amoonguss|69\/100 brn|[from] item: Leftovers\n|-damage|p1a: Amoonguss|62\/100 brn|[from] brn\n|upkeep\n|turn|35\n|inactive|thotopo has 120 seconds left.\n|\n|t:|1699941706\n|switch|p2a: KORA|Koraidon|82\/100 tox\n|-weather|SunnyDay|[from] ability: Orichalcum Pulse|[of] p2a: KORA\n|-activate|p2a: KORA|Orichalcum Pulse|[source]\n|move|p1a: Amoonguss|Spore||[still]\n|-fail|p1a: Amoonguss\n|\n|-weather|SunnyDay|[upkeep]\n|-heal|p1a: Amoonguss|69\/100 brn|[from] item: Leftovers\n|-damage|p2a: KORA|76\/100 tox|[from] psn\n|-damage|p1a: Amoonguss|62\/100 brn|[from] brn\n|upkeep\n|turn|36\n|inactive|thotopo has 120 seconds left.\n|\n|t:|1699941716\n|move|p2a: KORA|Flare Blitz|p1a: Amoonguss\n|-supereffective|p1a: Amoonguss\n|-damage|p1a: Amoonguss|0 fnt\n|faint|p1a: Amoonguss\n|-damage|p2a: KORA|50\/100 tox|[from] Recoil\n|\n|win|slumbererer\n|raw|thotopo's rating: 1253 &rarr; <strong>1235<\/strong><br \/>(-18 for losing)\n|raw|slumbererer's rating: 1358 &rarr; <strong>1372<\/strong><br \/>(+14 for winning)\n|l|\u2606thotopo\n","uploadtime":1699941751,"views":13,"p1id":"thotopo","p2id":"slumbererer","formatid":"gen9ubers","rating":1235,"private":0,"password":""}