{"id":"gen9ubers-1970190029","p1":"trialteam98","p2":"Chicken See Sir","format":"[Gen 9] Ubers","log":"|j|\u2606trialteam98\n|j|\u2606Chicken See Sir\n|t:|1697607563\n|gametype|singles\n|player|p1|trialteam98|lady-gen4|1119\n|player|p2|Chicken See Sir|170|1060\n|teamsize|p1|6\n|teamsize|p2|6\n|gen|9\n|tier|[Gen 9] Ubers\n|rated|\n|rule|Sleep Clause Mod: Limit one foe put to sleep\n|rule|Species Clause: Limit one of each Pok\u00e9mon\n|rule|OHKO Clause: OHKO moves are banned\n|rule|Evasion Items Clause: Evasion items are banned\n|rule|Evasion Moves Clause: Evasion moves are banned\n|rule|Endless Battle Clause: Forcing endless battles is banned\n|rule|HP Percentage Mod: HP is shown in percentages\n|clearpoke\n|poke|p1|Koraidon|\n|poke|p1|Miraidon|\n|poke|p1|Walking Wake|\n|poke|p1|Zoroark-Hisui, F|\n|poke|p1|Flutter Mane|\n|poke|p1|Annihilape, M|\n|poke|p2|Arcanine-Hisui, M|\n|poke|p2|Fezandipiti, M|\n|poke|p2|Flutter Mane|\n|poke|p2|Rotom-Wash|\n|poke|p2|Torkoal, M|\n|poke|p2|Toxapex, M|\n|teampreview\n|inactive|Battle timer is ON: inactive players will automatically lose when time's up. (requested by trialteam98)\n|\n|t:|1697607582\n|start\n|switch|p1a: Annihilape|Annihilape, M|100\/100\n|switch|p2a: Samsung|Rotom-Wash|100\/100\n|turn|1\n|\n|t:|1697607594\n|move|p1a: Annihilape|Nasty Plot|p1a: Annihilape\n|-boost|p1a: Annihilape|spa|2\n|move|p2a: Samsung|Thunderbolt|p1a: Annihilape\n|-damage|p1a: Annihilape|20\/100\n|replace|p1a: Zoroark|Zoroark-Hisui, F\n|-end|p1a: Zoroark|Illusion\n|\n|upkeep\n|turn|2\n|\n|t:|1697607605\n|move|p1a: Zoroark|Bitter Malice|p2a: Samsung\n|-damage|p2a: Samsung|4\/100\n|-unboost|p2a: Samsung|atk|1\n|-enditem|p2a: Samsung|Aguav Berry|[eat]\n|-heal|p2a: Samsung|37\/100|[from] item: Aguav Berry\n|move|p2a: Samsung|Volt Switch|p1a: Zoroark\n|-damage|p1a: Zoroark|0 fnt\n|faint|p1a: Zoroark\n|\n|t:|1697607615\n|switch|p2a: EmoPhase|Toxapex, M|100\/100|[from] Volt Switch\n|\n|upkeep\n|\n|t:|1697607622\n|switch|p1a: Miraidon|Miraidon|100\/100\n|-fieldstart|move: Electric Terrain|[from] ability: Hadron Engine|[of] p1a: Miraidon\n|turn|3\n|\n|t:|1697607631\n|move|p1a: Miraidon|Electro Drift|p2a: EmoPhase\n|-supereffective|p2a: EmoPhase\n|-damage|p2a: EmoPhase|0 fnt\n|faint|p2a: EmoPhase\n|\n|upkeep\n|\n|t:|1697607652\n|switch|p2a: MetaSlave|Fezandipiti, M|100\/100\n|turn|4\n|\n|t:|1697607662\n|move|p1a: Miraidon|Electro Drift|p2a: MetaSlave\n|-damage|p2a: MetaSlave|42\/100\n|move|p2a: MetaSlave|Play Rough|p1a: Miraidon\n|-supereffective|p1a: Miraidon\n|-damage|p1a: Miraidon|30\/100\n|-status|p1a: Miraidon|tox|[from] ability: Toxic Chain|[of] p2a: MetaSlave\n|\n|-damage|p1a: Miraidon|24\/100 tox|[from] psn\n|upkeep\n|turn|5\n|\n|t:|1697607673\n|switch|p2a: Raphael|Torkoal, M|100\/100\n|-weather|SunnyDay|[from] ability: Drought|[of] p2a: Raphael\n|move|p1a: Miraidon|Electro Drift|p2a: Raphael\n|-damage|p2a: Raphael|0 fnt\n|faint|p2a: Raphael\n|\n|-weather|SunnyDay|[upkeep]\n|-damage|p1a: Miraidon|12\/100 tox|[from] psn\n|upkeep\n|\n|t:|1697607687\n|switch|p2a: NotGengar|Flutter Mane|100\/100\n|-activate|p2a: NotGengar|ability: Protosynthesis\n|-start|p2a: NotGengar|protosynthesisspe\n|turn|6\n|\n|t:|1697607698\n|move|p2a: NotGengar|Moonblast|p1a: Miraidon\n|-supereffective|p1a: Miraidon\n|-damage|p1a: Miraidon|0 fnt\n|faint|p1a: Miraidon\n|\n|-weather|SunnyDay|[upkeep]\n|upkeep\n|\n|t:|1697607712\n|switch|p1a: Flutter Mane|Flutter Mane|100\/100\n|-activate|p1a: Flutter Mane|ability: Protosynthesis\n|-start|p1a: Flutter Mane|protosynthesisspe\n|turn|7\n|\n|t:|1697607716\n|move|p1a: Flutter Mane|Shadow Ball|p2a: NotGengar\n|-supereffective|p2a: NotGengar\n|-damage|p2a: NotGengar|0 fnt\n|faint|p2a: NotGengar\n|-end|p2a: NotGengar|Protosynthesis|[silent]\n|\n|-weather|SunnyDay|[upkeep]\n|-fieldend|move: Electric Terrain\n|upkeep\n|\n|t:|1697607722\n|switch|p2a: WutDaDogDoin|Arcanine-Hisui, M, shiny|100\/100\n|turn|8\n|\n|t:|1697607728\n|move|p1a: Flutter Mane|Shadow Ball|p2a: WutDaDogDoin\n|-damage|p2a: WutDaDogDoin|17\/100\n|move|p2a: WutDaDogDoin|Head Smash|p1a: Flutter Mane\n|-damage|p1a: Flutter Mane|0 fnt\n|faint|p1a: Flutter Mane\n|-end|p1a: Flutter Mane|Protosynthesis|[silent]\n|\n|-weather|SunnyDay|[upkeep]\n|upkeep\n|\n|t:|1697607736\n|switch|p1a: Walking Wake|Walking Wake|100\/100\n|-activate|p1a: Walking Wake|ability: Protosynthesis\n|-start|p1a: Walking Wake|protosynthesisspe\n|turn|9\n|\n|t:|1697607743\n|move|p1a: Walking Wake|Hydro Steam|p2a: WutDaDogDoin\n|-supereffective|p2a: WutDaDogDoin\n|-damage|p2a: WutDaDogDoin|0 fnt\n|faint|p2a: WutDaDogDoin\n|-damage|p1a: Walking Wake|91\/100|[from] item: Life Orb\n|\n|-weather|none\n|-end|p1a: Walking Wake|Protosynthesis\n|upkeep\n|\n|t:|1697607750\n|switch|p2a: MetaSlave|Fezandipiti, M|42\/100\n|turn|10\n|\n|t:|1697607765\n|move|p2a: MetaSlave|Play Rough|p1a: Walking Wake\n|-supereffective|p1a: Walking Wake\n|-damage|p1a: Walking Wake|4\/100\n|move|p1a: Walking Wake|Waterfall|p2a: MetaSlave\n|-damage|p2a: MetaSlave|0 fnt\n|faint|p2a: MetaSlave\n|-damage|p1a: Walking Wake|0 fnt|[from] item: Life Orb\n|faint|p1a: Walking Wake\n|-end|p1a: Walking Wake|Protosynthesis|[silent]\n|\n|upkeep\n|\n|t:|1697607774\n|switch|p2a: Samsung|Rotom-Wash|37\/100\n|switch|p1a: Koraidon|Koraidon|100\/100\n|-weather|SunnyDay|[from] ability: Orichalcum Pulse|[of] p1a: Koraidon\n|-activate|p1a: Koraidon|Orichalcum Pulse|[source]\n|turn|11\n|\n|t:|1697607783\n|move|p1a: Koraidon|Collision Course|p2a: Samsung\n|-damage|p2a: Samsung|0 fnt\n|faint|p2a: Samsung\n|-damage|p1a: Koraidon|91\/100|[from] item: Life Orb\n|\n|win|trialteam98\n|raw|trialteam98's rating: 1119 &rarr; <strong>1140<\/strong><br \/>(+21 for winning)\n|raw|Chicken See Sir's rating: 1060 &rarr; <strong>1044<\/strong><br \/>(-16 for losing)\n|l|\u2606Chicken See Sir\n","uploadtime":1697608981,"views":19,"p1id":"trialteam98","p2id":"chickenseesir","formatid":"gen9ubers","rating":1044,"private":0,"password":""}