{"id":"gen9ubers-1980581280","p1":"TubeKnight","p2":"Jsjsjsjsjjs","format":"[Gen 9] Ubers","log":"|j|\u2606TubeKnight\n|j|\u2606Jsjsjsjsjjs\n|t:|1698799742\n|gametype|singles\n|player|p1|TubeKnight|101|\n|player|p2|Jsjsjsjsjjs|plasmagruntf|\n|teamsize|p1|6\n|teamsize|p2|6\n|gen|9\n|tier|[Gen 9] Ubers\n|rule|Sleep Clause Mod: Limit one foe put to sleep\n|rule|Species Clause: Limit one of each Pok\u00e9mon\n|rule|OHKO Clause: OHKO moves are banned\n|rule|Evasion Items Clause: Evasion items are banned\n|rule|Evasion Moves Clause: Evasion moves are banned\n|rule|Endless Battle Clause: Forcing endless battles is banned\n|rule|HP Percentage Mod: HP is shown in percentages\n|clearpoke\n|poke|p1|Pelipper, F|\n|poke|p1|Basculegion-F, F|\n|poke|p1|Thundurus-Therian, M|\n|poke|p1|Giratina|\n|poke|p1|Gliscor, M|\n|poke|p1|Arceus-Fire|\n|poke|p2|Arceus-Dark|\n|poke|p2|Magearna|\n|poke|p2|Palafin, M|\n|poke|p2|Gliscor, F|\n|poke|p2|Chi-Yu|\n|poke|p2|Giratina|\n|teampreview\n|c|\u2606TubeKnight|glhf\n|inactive|Battle timer is ON: inactive players will automatically lose when time's up. (requested by TubeKnight)\n|c|\u2606Jsjsjsjsjjs|U2\n|\n|t:|1698799769\n|start\n|switch|p1a: Pelipper|Pelipper, F, shiny|100\/100\n|switch|p2a: Gliscor|Gliscor, F|100\/100\n|-weather|RainDance|[from] ability: Drizzle|[of] p1a: Pelipper\n|turn|1\n|\n|t:|1698799773\n|-terastallize|p2a: Gliscor|Water\n|move|p2a: Gliscor|Knock Off|p1a: Pelipper\n|-damage|p1a: Pelipper|80\/100\n|-enditem|p1a: Pelipper|Damp Rock|[from] move: Knock Off|[of] p2a: Gliscor\n|move|p1a: Pelipper|Knock Off|p2a: Gliscor\n|-damage|p2a: Gliscor|90\/100\n|-enditem|p2a: Gliscor|Toxic Orb|[from] move: Knock Off|[of] p1a: Pelipper\n|\n|-weather|RainDance|[upkeep]\n|upkeep\n|turn|2\n|\n|t:|1698799784\n|switch|p1a: Thundurus|Thundurus-Therian, M, shiny|100\/100\n|move|p2a: Gliscor|Toxic|p1a: Thundurus\n|-status|p1a: Thundurus|tox\n|\n|-weather|RainDance|[upkeep]\n|-damage|p1a: Thundurus|94\/100 tox|[from] psn\n|upkeep\n|turn|3\n|\n|t:|1698799806\n|switch|p2a: Giratina|Giratina|100\/100\n|-ability|p2a: Giratina|Pressure\n|move|p1a: Thundurus|Thunder|p2a: Giratina\n|-resisted|p2a: Giratina\n|-damage|p2a: Giratina|88\/100\n|\n|-weather|RainDance|[upkeep]\n|-heal|p2a: Giratina|94\/100|[from] item: Leftovers\n|-damage|p1a: Thundurus|82\/100 tox|[from] psn\n|upkeep\n|turn|4\n|\n|t:|1698799812\n|move|p1a: Thundurus|Volt Switch|p2a: Giratina\n|-resisted|p2a: Giratina\n|-damage|p2a: Giratina|85\/100\n|\n|t:|1698799819\n|switch|p1a: Gliscor|Gliscor, M, shiny|100\/100|[from] Volt Switch\n|move|p2a: Giratina|Hex|p1a: Gliscor\n|-damage|p1a: Gliscor|71\/100\n|\n|-weather|RainDance|[upkeep]\n|-heal|p2a: Giratina|91\/100|[from] item: Leftovers\n|-status|p1a: Gliscor|tox|[from] item: Toxic Orb\n|upkeep\n|turn|5\n|c|\u2606Jsjsjsjsjjs|So as far as I'm concerned, female basculegion mainly runs physical attack in the tier, correct.\n|c|\u2606Jsjsjsjsjjs|*?\n|\n|t:|1698799844\n|move|p1a: Gliscor|Spikes|p2a: Giratina\n|-sidestart|p2: Jsjsjsjsjjs|Spikes\n|move|p2a: Giratina|Hex|p1a: Gliscor\n|-damage|p1a: Gliscor|13\/100 tox\n|\n|-weather|RainDance|[upkeep]\n|-heal|p2a: Giratina|98\/100|[from] item: Leftovers\n|-heal|p1a: Gliscor|26\/100 tox|[from] ability: Poison Heal\n|upkeep\n|turn|6\n|c|\u2606TubeKnight|yeah it runs phys cuz last respects\n|c|\u2606TubeKnight|and spliting evs is bad cuz less damage and less speed and generally worse\n|inactive|TubeKnight has 270 seconds left.\n|\n|t:|1698799875\n|move|p1a: Gliscor|U-turn|p2a: Giratina\n|-resisted|p2a: Giratina\n|-damage|p2a: Giratina|93\/100\n|c|\u2606Jsjsjsjsjjs|Ye\n|inactive|TubeKnight has 270 seconds left.\n|\n|t:|1698799882\n|switch|p1a: Arceus|Arceus-Fire, shiny|100\/100|[from] U-turn\n|move|p2a: Giratina|Hex|p1a: Arceus\n|-damage|p1a: Arceus|84\/100\n|\n|-weather|RainDance|[upkeep]\n|-heal|p2a: Giratina|99\/100|[from] item: Leftovers\n|upkeep\n|turn|7\n|\n|t:|1698799895\n|move|p1a: Arceus|Calm Mind|p1a: Arceus\n|-boost|p1a: Arceus|spa|1\n|-boost|p1a: Arceus|spd|1\n|move|p2a: Giratina|Thunder Wave|p1a: Arceus\n|-status|p1a: Arceus|par\n|\n|-weather|RainDance|[upkeep]\n|-heal|p2a: Giratina|100\/100|[from] item: Leftovers\n|upkeep\n|turn|8\n|c|\u2606TubeKnight|damn most tinas run will o wisp\n|\n|t:|1698799913\n|switch|p2a: Palafin|Palafin, M|100\/100\n|-damage|p2a: Palafin|88\/100|[from] Spikes\n|move|p1a: Arceus|Calm Mind|p1a: Arceus\n|-boost|p1a: Arceus|spa|1\n|-boost|p1a: Arceus|spd|1\n|\n|-weather|none\n|upkeep\n|turn|9\n|\n|t:|1698799920\n|move|p2a: Palafin|Flip Turn|p1a: Arceus\n|-supereffective|p1a: Arceus\n|-damage|p1a: Arceus|34\/100 par\n|\n|t:|1698799927\n|detailschange|p2a: Palafin|Palafin-Hero, M\n|switch|p2a: Gliscor|Gliscor, F, tera:Water|90\/100|[from] Flip Turn\n|-damage|p2a: Gliscor|77\/100|[from] Spikes\n|move|p1a: Arceus|Earth Power|p2a: Gliscor\n|-crit|p2a: Gliscor\n|-damage|p2a: Gliscor|6\/100\n|-unboost|p2a: Gliscor|spd|1\n|\n|upkeep\n|turn|10\n|\n|t:|1698799937\n|switch|p1a: Pelipper|Pelipper, F, shiny|80\/100\n|-weather|RainDance|[from] ability: Drizzle|[of] p1a: Pelipper\n|move|p2a: Gliscor|Earthquake|p1a: Pelipper\n|-immune|p1a: Pelipper\n|\n|-weather|RainDance|[upkeep]\n|upkeep\n|turn|11\n|\n|t:|1698799964\n|switch|p1a: Thundurus|Thundurus-Therian, M, shiny|82\/100 tox\n|move|p2a: Gliscor|Toxic|p1a: Thundurus|[miss]\n|-miss|p2a: Gliscor|p1a: Thundurus\n|\n|-weather|RainDance|[upkeep]\n|-damage|p1a: Thundurus|76\/100 tox|[from] psn\n|upkeep\n|turn|12\n|\n|t:|1698799969\n|move|p1a: Thundurus|Volt Switch|p2a: Gliscor\n|-supereffective|p2a: Gliscor\n|-crit|p2a: Gliscor\n|-damage|p2a: Gliscor|0 fnt\n|faint|p2a: Gliscor\n|\n|t:|1698799979\n|switch|p1a: Gliscor|Gliscor, M, shiny|26\/100 tox|[from] Volt Switch\n|\n|-weather|RainDance|[upkeep]\n|-heal|p1a: Gliscor|38\/100 tox|[from] ability: Poison Heal\n|upkeep\n|\n|t:|1698799990\n|switch|p2a: Giratina|Giratina|100\/100\n|-damage|p2a: Giratina|88\/100|[from] Spikes\n|-ability|p2a: Giratina|Pressure\n|turn|13\n|\n|t:|1698799997\n|move|p1a: Gliscor|Toxic|p2a: Giratina\n|-status|p2a: Giratina|tox\n|move|p2a: Giratina|Defog|p1a: Gliscor\n|-unboost|p1a: Gliscor|evasion|1\n|-sideend|p2: Jsjsjsjsjjs|Spikes|[from] move: Defog|[of] p2a: Giratina\n|\n|-weather|RainDance|[upkeep]\n|-heal|p2a: Giratina|94\/100 tox|[from] item: Leftovers\n|-heal|p1a: Gliscor|51\/100 tox|[from] ability: Poison Heal\n|-damage|p2a: Giratina|88\/100 tox|[from] psn\n|upkeep\n|turn|14\n|\n|t:|1698800004\n|move|p1a: Gliscor|Knock Off|p2a: Giratina\n|-supereffective|p2a: Giratina\n|-damage|p2a: Giratina|63\/100 tox\n|-enditem|p2a: Giratina|Leftovers|[from] move: Knock Off|[of] p1a: Gliscor\n|move|p2a: Giratina|Rest|p2a: Giratina\n|-status|p2a: Giratina|slp|[from] move: Rest\n|-heal|p2a: Giratina|100\/100 slp|[silent]\n|\n|-weather|none\n|-heal|p1a: Gliscor|63\/100 tox|[from] ability: Poison Heal\n|upkeep\n|turn|15\n|\n|t:|1698800023\n|switch|p2a: Palafin|Palafin-Hero, M|88\/100\n|-activate|p2a: Palafin|ability: Zero to Hero\n|move|p1a: Gliscor|U-turn|p2a: Palafin\n|-damage|p2a: Palafin|75\/100\n|\n|t:|1698800036\n|switch|p1a: Thundurus|Thundurus-Therian, M, shiny|76\/100 tox|[from] U-turn\n|\n|-damage|p1a: Thundurus|70\/100 tox|[from] psn\n|upkeep\n|turn|16\n|\n|t:|1698800042\n|move|p2a: Palafin|Jet Punch|p1a: Thundurus\n|-damage|p1a: Thundurus|0 fnt\n|faint|p1a: Thundurus\n|\n|upkeep\n|c|\u2606TubeKnight|oh ok\n|c|\u2606TubeKnight|forgot abou that\n|\n|t:|1698800057\n|switch|p1a: Giratina|Giratina, shiny|100\/100\n|-ability|p1a: Giratina|Pressure\n|turn|17\n|\n|t:|1698800067\n|switch|p2a: Chi-Yu|Chi-Yu|100\/100\n|-ability|p2a: Chi-Yu|Beads of Ruin\n|move|p1a: Giratina|Will-O-Wisp|p2a: Chi-Yu\n|-immune|p2a: Chi-Yu\n|\n|upkeep\n|turn|18\n|\n|t:|1698800074\n|switch|p1a: Pelipper|Pelipper, F, shiny|80\/100\n|-weather|RainDance|[from] ability: Drizzle|[of] p1a: Pelipper\n|move|p2a: Chi-Yu|Dark Pulse|p1a: Pelipper\n|-crit|p1a: Pelipper\n|-damage|p1a: Pelipper|0 fnt\n|faint|p1a: Pelipper\n|\n|-weather|RainDance|[upkeep]\n|upkeep\n|c|\u2606Jsjsjsjsjjs|I really like the interactions in uubers\n|inactive|TubeKnight has 270 seconds left.\n|c|\u2606Jsjsjsjsjjs|If only reshiram could see this now\n|\n|t:|1698800123\n|switch|p1a: Basculegion|Basculegion-F, F, shiny|100\/100\n|turn|19\n|\n|t:|1698800133\n|move|p1a: Basculegion|Liquidation|p2a: Chi-Yu\n|-supereffective|p2a: Chi-Yu\n|-damage|p2a: Chi-Yu|0 fnt\n|faint|p2a: Chi-Yu\n|\n|-weather|RainDance|[upkeep]\n|upkeep\n|\n|t:|1698800136\n|switch|p2a: Palafin|Palafin-Hero, M|75\/100\n|turn|20\n|\n|t:|1698800139\n|switch|p1a: Giratina|Giratina, shiny|100\/100\n|-ability|p1a: Giratina|Pressure\n|move|p2a: Palafin|Jet Punch|p1a: Giratina\n|-resisted|p1a: Giratina\n|-damage|p1a: Giratina|72\/100\n|\n|-weather|RainDance|[upkeep]\n|upkeep\n|turn|21\n|\n|t:|1698800145\n|move|p2a: Palafin|Jet Punch|p1a: Giratina\n|-resisted|p1a: Giratina\n|-damage|p1a: Giratina|46\/100\n|move|p1a: Giratina|Will-O-Wisp|p2a: Palafin\n|-status|p2a: Palafin|brn\n|\n|-weather|RainDance|[upkeep]\n|-damage|p2a: Palafin|69\/100 brn|[from] brn\n|upkeep\n|turn|22\n|\n|t:|1698800153\n|switch|p2a: Magearna|Magearna|100\/100\n|switch|p1a: Basculegion|Basculegion-F, F, shiny|100\/100\n|\n|-weather|none\n|upkeep\n|turn|23\n|\n|t:|1698800160\n|move|p1a: Basculegion|Last Respects|p2a: Magearna\n|-damage|p2a: Magearna|34\/100\n|move|p2a: Magearna|Volt Switch|p1a: Basculegion\n|-supereffective|p1a: Basculegion\n|-damage|p1a: Basculegion|59\/100\n|\n|t:|1698800167\n|switch|p2a: Gaming|Arceus-Dark|100\/100|[from] Volt Switch\n|\n|upkeep\n|turn|24\n|\n|t:|1698800171\n|move|p2a: Gaming|Calm Mind|p2a: Gaming\n|-boost|p2a: Gaming|spa|1\n|-boost|p2a: Gaming|spd|1\n|move|p1a: Basculegion|Last Respects|p2a: Gaming\n|-resisted|p2a: Gaming\n|-damage|p2a: Gaming|66\/100\n|\n|upkeep\n|turn|25\n|\n|t:|1698800175\n|move|p2a: Gaming|Judgment|p1a: Basculegion\n|-supereffective|p1a: Basculegion\n|-damage|p1a: Basculegion|0 fnt\n|faint|p1a: Basculegion\n|\n|upkeep\n|\n|t:|1698800193\n|switch|p1a: Arceus|Arceus-Fire, shiny|34\/100 par\n|turn|26\n|\n|t:|1698800203\n|move|p2a: Gaming|Judgment|p1a: Arceus\n|-damage|p1a: Arceus|0 fnt\n|faint|p1a: Arceus\n|\n|upkeep\n|\n|t:|1698800207\n|switch|p1a: Gliscor|Gliscor, M, shiny|63\/100 tox\n|turn|27\n|\n|t:|1698800213\n|move|p2a: Gaming|Taunt|p1a: Gliscor\n|-start|p1a: Gliscor|move: Taunt\n|cant|p1a: Gliscor|move: Taunt|Toxic\n|\n|-heal|p1a: Gliscor|76\/100 tox|[from] ability: Poison Heal\n|upkeep\n|turn|28\n|\n|t:|1698800217\n|move|p2a: Gaming|Judgment|p1a: Gliscor\n|-damage|p1a: Gliscor|0 fnt\n|faint|p1a: Gliscor\n|\n|upkeep\n|\n|t:|1698800219\n|switch|p1a: Giratina|Giratina, shiny|46\/100\n|-ability|p1a: Giratina|Pressure\n|turn|29\n|\n|t:|1698800223\n|move|p2a: Gaming|Judgment|p1a: Giratina\n|-supereffective|p1a: Giratina\n|-damage|p1a: Giratina|0 fnt\n|faint|p1a: Giratina\n|\n|win|Jsjsjsjsjjs\n|c|\u2606Jsjsjsjsjjs|Gg\n|c|\u2606Jsjsjsjsjjs|Wp\n|c|\u2606TubeKnight|gg\n|c|\u2606Jsjsjsjsjjs|U2\n|l|\u2606Jsjsjsjsjjs\n|c|\u2606TubeKnight|i keeo using this team and always end up thinking it sucks lmao\n","uploadtime":1698800246,"views":9,"p1id":"tubeknight","p2id":"jsjsjsjsjjs","formatid":"gen9ubers","rating":0,"private":0,"password":""}