{"id":"gen9ubers-1977631833","p1":"MyDeliciousAxe","p2":"Rei_darkness","format":"[Gen 9] Ubers","log":"|j|\u2606MyDeliciousAxe\n|j|\u2606Rei_darkness\n|t:|1698433523\n|gametype|singles\n|player|p1|MyDeliciousAxe|caitlin|\n|player|p2|Rei_darkness|drayden|\n|teamsize|p1|6\n|teamsize|p2|6\n|gen|9\n|tier|[Gen 9] Ubers\n|rule|Sleep Clause Mod: Limit one foe put to sleep\n|rule|Species Clause: Limit one of each Pok\u00e9mon\n|rule|OHKO Clause: OHKO moves are banned\n|rule|Evasion Items Clause: Evasion items are banned\n|rule|Evasion Moves Clause: Evasion moves are banned\n|rule|Endless Battle Clause: Forcing endless battles is banned\n|rule|HP Percentage Mod: HP is shown in percentages\n|clearpoke\n|poke|p1|Munkidori, M|\n|poke|p1|Ambipom, F|\n|poke|p1|Annihilape, F|\n|poke|p1|Infernape, M|\n|poke|p1|Grafaiai, M|\n|poke|p1|Azelf|\n|poke|p2|Slowbro-Galar, F|\n|poke|p2|Klefki, F|\n|poke|p2|Arcanine, M|\n|poke|p2|Victreebel, F|\n|poke|p2|Scovillain, F|\n|poke|p2|Koraidon|\n|teampreview\n|c|\u2606Rei_darkness|i am going to quook\n|\n|t:|1698433539\n|start\n|switch|p1a: Annihilape|Annihilape, F, shiny|100\/100\n|switch|p2a: I die now|Klefki, F|100\/100\n|turn|1\n|\n|t:|1698433548\n|move|p2a: I die now|Light Screen|p2a: I die now\n|-sidestart|p2: Rei_darkness|move: Light Screen\n|move|p1a: Annihilape|Stealth Rock|p2a: I die now\n|-sidestart|p2: Rei_darkness|move: Stealth Rock\n|\n|upkeep\n|turn|2\n|c|\u2606MyDeliciousAxe|my monkeys will change the world\n|\n|t:|1698433558\n|move|p1a: Annihilape|Metronome|p1a: Annihilape\n|move|p1a: Annihilape|Curse|p2a: I die now|[from]move: Metronome\n|-start|p2a: I die now|Curse|[of] p1a: Annihilape\n|-damage|p1a: Annihilape|50\/100\n|move|p2a: I die now|Steel Beam|p1a: Annihilape\n|-damage|p1a: Annihilape|0 fnt\n|-damage|p2a: I die now|50\/100|[from] steelbeam\n|faint|p1a: Annihilape\n|\n|-damage|p2a: I die now|26\/100|[from] Curse\n|upkeep\n|\n|t:|1698433586\n|switch|p1a: Infernape|Infernape, M|100\/100\n|turn|3\n|\n|t:|1698433596\n|move|p2a: I die now|Sunny Day|p2a: I die now\n|-weather|SunnyDay\n|move|p1a: Infernape|Fire Punch|p2a: I die now\n|-supereffective|p2a: I die now\n|-damage|p2a: I die now|0 fnt\n|faint|p2a: I die now\n|\n|-weather|SunnyDay|[upkeep]\n|upkeep\n|\n|t:|1698433619\n|switch|p2a: gen1shitmon|Victreebel, F|100\/100\n|-damage|p2a: gen1shitmon|88\/100|[from] Stealth Rock\n|turn|4\n|\n|t:|1698433623\n|move|p2a: gen1shitmon|Sludge Bomb|p1a: Infernape\n|-damage|p1a: Infernape|34\/100\n|move|p1a: Infernape|Metronome|p1a: Infernape\n|move|p1a: Infernape|Flail|p2a: gen1shitmon|[from]move: Metronome\n|-damage|p2a: gen1shitmon|52\/100\n|\n|-weather|SunnyDay|[upkeep]\n|upkeep\n|turn|5\n|\n|t:|1698433636\n|switch|p1a: Munkidori|Munkidori, M|100\/100\n|move|p2a: gen1shitmon|Sludge Bomb|p1a: Munkidori\n|-resisted|p1a: Munkidori\n|-damage|p1a: Munkidori|75\/100\n|\n|-weather|SunnyDay|[upkeep]\n|-heal|p1a: Munkidori|81\/100|[from] item: Leftovers\n|upkeep\n|turn|6\n|\n|t:|1698433679\n|move|p1a: Munkidori|Fake Out|p2a: gen1shitmon\n|-damage|p2a: gen1shitmon|37\/100\n|cant|p2a: gen1shitmon|flinch\n|\n|-weather|SunnyDay|[upkeep]\n|-heal|p1a: Munkidori|87\/100|[from] item: Leftovers\n|upkeep\n|turn|7\n|\n|t:|1698433688\n|move|p2a: gen1shitmon|Weather Ball|p1a: Munkidori\n|-damage|p1a: Munkidori|35\/100\n|move|p1a: Munkidori|Metronome|p1a: Munkidori\n|move|p1a: Munkidori|Dragon Claw|p2a: gen1shitmon|[from]move: Metronome\n|-damage|p2a: gen1shitmon|8\/100\n|\n|-weather|none\n|-heal|p1a: Munkidori|41\/100|[from] item: Leftovers\n|upkeep\n|turn|8\n|\n|t:|1698433699\n|move|p1a: Munkidori|U-turn|p2a: gen1shitmon\n|-damage|p2a: gen1shitmon|0 fnt\n|faint|p2a: gen1shitmon\n|\n|t:|1698433703\n|switch|p1a: Grafaiai|Grafaiai, M|100\/100|[from] U-turn\n|\n|-sideend|p2: Rei_darkness|move: Light Screen\n|upkeep\n|\n|t:|1698433707\n|switch|p2a: actualboxleg|Koraidon|100\/100\n|-damage|p2a: actualboxleg|94\/100|[from] Stealth Rock\n|-weather|SunnyDay|[from] ability: Orichalcum Pulse|[of] p2a: actualboxleg\n|-activate|p2a: actualboxleg|Orichalcum Pulse|[source]\n|turn|9\n|\n|t:|1698433716\n|move|p1a: Grafaiai|Toxic|p2a: actualboxleg\n|-status|p2a: actualboxleg|tox\n|move|p2a: actualboxleg|Fire Spin|p1a: Grafaiai|[miss]\n|-miss|p2a: actualboxleg|p1a: Grafaiai\n|\n|-weather|SunnyDay|[upkeep]\n|-damage|p2a: actualboxleg|88\/100 tox|[from] psn\n|upkeep\n|turn|10\n|\n|t:|1698433735\n|switch|p2a: Cowgurl|Slowbro-Galar, F|100\/100\n|-damage|p2a: Cowgurl|88\/100|[from] Stealth Rock\n|move|p1a: Grafaiai|Metronome|p1a: Grafaiai\n|move|p1a: Grafaiai|Poison Powder|p2a: Cowgurl|[from]move: Metronome\n|-immune|p2a: Cowgurl\n|\n|-weather|SunnyDay|[upkeep]\n|upkeep\n|turn|11\n|\n|t:|1698433746\n|move|p1a: Grafaiai|Taunt|p2a: Cowgurl\n|-start|p2a: Cowgurl|move: Taunt\n|cant|p2a: Cowgurl|move: Taunt|Nasty Plot\n|\n|-weather|SunnyDay|[upkeep]\n|upkeep\n|turn|12\n|-activate|p2a: Cowgurl|item: Quick Claw\n|\n|t:|1698433752\n|move|p1a: Grafaiai|Metronome|p1a: Grafaiai\n|move|p1a: Grafaiai|Overheat|p2a: Cowgurl|[from]move: Metronome\n|-damage|p2a: Cowgurl|42\/100\n|-unboost|p1a: Grafaiai|spa|2\n|move|p2a: Cowgurl|Psyshock|p1a: Grafaiai\n|-supereffective|p1a: Grafaiai\n|-damage|p1a: Grafaiai|0 fnt\n|faint|p1a: Grafaiai\n|\n|-weather|SunnyDay|[upkeep]\n|upkeep\n|c|\u2606Rei_darkness|prankster metronome\n|\n|t:|1698433771\n|switch|p1a: Azelf|Azelf|100\/100\n|turn|13\n|\n|t:|1698433780\n|move|p1a: Azelf|Metronome|p1a: Azelf\n|move|p1a: Azelf|High Jump Kick|p2a: Cowgurl|[from]move: Metronome\n|-resisted|p2a: Cowgurl\n|-damage|p2a: Cowgurl|32\/100\n|-damage|p1a: Azelf|91\/100|[from] item: Life Orb\n|move|p2a: Cowgurl|Fire Blast|p1a: Azelf\n|-damage|p1a: Azelf|6\/100\n|\n|-weather|SunnyDay|[upkeep]\n|-end|p2a: Cowgurl|move: Taunt\n|upkeep\n|turn|14\n|\n|t:|1698433799\n|move|p1a: Azelf|Mystical Power|p2a: Cowgurl\n|-damage|p2a: Cowgurl|0 fnt\n|-boost|p1a: Azelf|spa|1\n|faint|p2a: Cowgurl\n|-damage|p1a: Azelf|0 fnt|[from] item: Life Orb\n|faint|p1a: Azelf\n|\n|-weather|SunnyDay|[upkeep]\n|upkeep\n|\n|t:|1698433813\n|switch|p1a: Munkidori|Munkidori, M|41\/100\n|switch|p2a: Arcanine|Arcanine, M|100\/100\n|-damage|p2a: Arcanine|76\/100|[from] Stealth Rock\n|turn|15\n|\n|t:|1698433821\n|move|p1a: Munkidori|Fake Out|p2a: Arcanine\n|-damage|p2a: Arcanine|65\/100\n|cant|p2a: Arcanine|flinch\n|\n|-weather|SunnyDay|[upkeep]\n|-heal|p1a: Munkidori|47\/100|[from] item: Leftovers\n|upkeep\n|turn|16\n|\n|t:|1698433830\n|move|p1a: Munkidori|Metronome|p1a: Munkidori\n|move|p1a: Munkidori|Play Nice|p2a: Arcanine|[from]move: Metronome\n|-unboost|p2a: Arcanine|atk|1\n|move|p2a: Arcanine|Morning Sun|p2a: Arcanine\n|-heal|p2a: Arcanine|100\/100\n|\n|-weather|none\n|-heal|p1a: Munkidori|53\/100|[from] item: Leftovers\n|upkeep\n|turn|17\n|\n|t:|1698433837\n|move|p1a: Munkidori|Metronome|p1a: Munkidori\n|move|p1a: Munkidori|Entrainment|p2a: Arcanine|[from]move: Metronome\n|-endability|p2a: Arcanine|Flash Fire|[from] move: Entrainment\n|-ability|p2a: Arcanine|Toxic Chain|[from] move: Entrainment\n|move|p2a: Arcanine|Substitute|p2a: Arcanine\n|-start|p2a: Arcanine|Substitute\n|-damage|p2a: Arcanine|76\/100\n|\n|-heal|p1a: Munkidori|59\/100|[from] item: Leftovers\n|upkeep\n|turn|18\n|\n|t:|1698433853\n|move|p1a: Munkidori|Metronome|p1a: Munkidori\n|move|p1a: Munkidori|Dragon Breath|p2a: Arcanine|[from]move: Metronome\n|-activate|p2a: Arcanine|move: Substitute|[damage]\n|move|p2a: Arcanine|Fire Blast|p1a: Munkidori\n|-damage|p1a: Munkidori|11\/100\n|\n|-heal|p1a: Munkidori|17\/100|[from] item: Leftovers\n|upkeep\n|turn|19\n|\n|t:|1698433860\n|move|p1a: Munkidori|Metronome|p1a: Munkidori\n|move|p1a: Munkidori|Electro Ball|p2a: Arcanine|[from]move: Metronome\n|-end|p2a: Arcanine|Substitute\n|move|p2a: Arcanine|Fire Blast|p1a: Munkidori\n|-damage|p1a: Munkidori|0 fnt\n|faint|p1a: Munkidori\n|\n|upkeep\n|\n|t:|1698433868\n|switch|p1a: Infernape|Infernape, M|34\/100\n|turn|20\n|\n|t:|1698433881\n|switch|p2a: actualboxleg|Koraidon|88\/100 tox\n|-damage|p2a: actualboxleg|82\/100 tox|[from] Stealth Rock\n|-weather|SunnyDay|[from] ability: Orichalcum Pulse|[of] p2a: actualboxleg\n|-activate|p2a: actualboxleg|Orichalcum Pulse|[source]\n|move|p1a: Infernape|Drain Punch|p2a: actualboxleg\n|-damage|p2a: actualboxleg|42\/100 tox\n|-heal|p1a: Infernape|57\/100|[from] drain|[of] p2a: actualboxleg\n|\n|-weather|SunnyDay|[upkeep]\n|-damage|p2a: actualboxleg|35\/100 tox|[from] psn\n|upkeep\n|turn|21\n|\n|t:|1698433895\n|move|p1a: Infernape|Mach Punch|p2a: actualboxleg\n|-damage|p2a: actualboxleg|14\/100 tox\n|move|p2a: actualboxleg|Draco Meteor|p1a: Infernape\n|-damage|p1a: Infernape|0 fnt\n|-unboost|p2a: actualboxleg|spa|2\n|faint|p1a: Infernape\n|\n|-weather|SunnyDay|[upkeep]\n|-damage|p2a: actualboxleg|2\/100 tox|[from] psn\n|upkeep\n|\n|t:|1698433904\n|switch|p1a: Ambipom|Ambipom, F|100\/100\n|turn|22\n|\n|t:|1698433925\n|move|p2a: actualboxleg|Draco Meteor|p1a: Ambipom|[miss]\n|-miss|p2a: actualboxleg|p1a: Ambipom\n|move|p1a: Ambipom|Metronome|p1a: Ambipom\n|move|p1a: Ambipom|Scratch|p2a: actualboxleg|[from]move: Metronome\n|-damage|p2a: actualboxleg|0 fnt\n|faint|p2a: actualboxleg\n|\n|-weather|SunnyDay|[upkeep]\n|upkeep\n|\n|t:|1698433927\n|switch|p2a: gen9shitmon|Scovillain, F|100\/100\n|-damage|p2a: gen9shitmon|76\/100|[from] Stealth Rock\n|turn|23\n|\n|t:|1698433952\n|-terastallize|p2a: gen9shitmon|Fire\n|-terastallize|p1a: Ambipom|Water\n|move|p2a: gen9shitmon|Fire Fang|p1a: Ambipom\n|-resisted|p1a: Ambipom\n|-damage|p1a: Ambipom|49\/100\n|move|p1a: Ambipom|Swift|p2a: gen9shitmon\n|-damage|p2a: gen9shitmon|26\/100\n|\n|-weather|SunnyDay|[upkeep]\n|upkeep\n|turn|24\n|\n|t:|1698433987\n|move|p2a: gen9shitmon|Seed Bomb|p1a: Ambipom\n|-supereffective|p1a: Ambipom\n|-damage|p1a: Ambipom|0 fnt\n|faint|p1a: Ambipom\n|\n|win|Rei_darkness\n","uploadtime":1698433994,"views":16,"p1id":"mydeliciousaxe","p2id":"reidarkness","formatid":"gen9ubers","rating":0,"private":0,"password":""}