{"id":"gen9ubers-1997187960","p1":"frozenly","p2":"IspamObjection","format":"[Gen 9] Ubers","log":"|j|\u2606frozenly\n|j|\u2606IspamObjection\n|t:|1700773548\n|gametype|singles\n|player|p1|frozenly|1|\n|player|p2|IspamObjection|lance-gen2|\n|teamsize|p1|6\n|teamsize|p2|6\n|gen|9\n|tier|[Gen 9] Ubers\n|rule|Sleep Clause Mod: Limit one foe put to sleep\n|rule|Species Clause: Limit one of each Pok\u00e9mon\n|rule|OHKO Clause: OHKO moves are banned\n|rule|Evasion Items Clause: Evasion items are banned\n|rule|Evasion Moves Clause: Evasion moves are banned\n|rule|Endless Battle Clause: Forcing endless battles is banned\n|rule|HP Percentage Mod: HP is shown in percentages\n|clearpoke\n|poke|p1|Torkoal, F|\n|poke|p1|Walking Wake|\n|poke|p1|Chi-Yu|\n|poke|p1|Arceus-Grass|\n|poke|p1|Zacian-*|\n|poke|p1|Magearna-Original|\n|poke|p2|Garchomp, F|\n|poke|p2|Espathra, F|\n|poke|p2|Cyclizar, F|\n|poke|p2|Chi-Yu|\n|poke|p2|Zacian-*|\n|poke|p2|Masquerain, M|\n|teampreview\n|\n|t:|1700773584\n|start\n|switch|p1a: Torkoal|Torkoal, F|100\/100\n|switch|p2a: Masquerain|Masquerain, M|100\/100\n|-ability|p2a: Masquerain|Intimidate|boost\n|-unboost|p1a: Torkoal|atk|1\n|-weather|SunnyDay|[from] ability: Drought|[of] p1a: Torkoal\n|turn|1\n|\n|t:|1700773594\n|move|p2a: Masquerain|Sticky Web|p1a: Torkoal\n|-sidestart|p1: frozenly|move: Sticky Web\n|move|p1a: Torkoal|Stealth Rock|p2a: Masquerain\n|-sidestart|p2: IspamObjection|move: Stealth Rock\n|\n|-weather|SunnyDay|[upkeep]\n|upkeep\n|turn|2\n|\n|t:|1700773604\n|move|p2a: Masquerain|Stun Spore|p1a: Torkoal\n|-status|p1a: Torkoal|par\n|cant|p1a: Torkoal|par\n|\n|-weather|SunnyDay|[upkeep]\n|upkeep\n|turn|3\n|\n|t:|1700773610\n|move|p2a: Masquerain|Quiver Dance|p2a: Masquerain\n|-boost|p2a: Masquerain|spa|1\n|-boost|p2a: Masquerain|spd|1\n|-boost|p2a: Masquerain|spe|1\n|cant|p1a: Torkoal|par\n|\n|-weather|SunnyDay|[upkeep]\n|upkeep\n|turn|4\n|\n|t:|1700773624\n|move|p2a: Masquerain|Bug Buzz|p1a: Torkoal\n|-resisted|p1a: Torkoal\n|-damage|p1a: Torkoal|61\/100 par\n|move|p1a: Torkoal|Lava Plume|p2a: Masquerain\n|-supereffective|p2a: Masquerain\n|-damage|p2a: Masquerain|30\/100\n|\n|-weather|SunnyDay|[upkeep]\n|upkeep\n|turn|5\n|\n|t:|1700773634\n|move|p2a: Masquerain|Bug Buzz|p1a: Torkoal\n|-resisted|p1a: Torkoal\n|-damage|p1a: Torkoal|20\/100 par\n|move|p1a: Torkoal|Rapid Spin|p2a: Masquerain\n|-damage|p2a: Masquerain|18\/100\n|-boost|p1a: Torkoal|spe|1\n|-sideend|p1: frozenly|Sticky Web|[from] move: Rapid Spin|[of] p1a: Torkoal\n|\n|-weather|SunnyDay|[upkeep]\n|upkeep\n|turn|6\n|\n|t:|1700773643\n|move|p2a: Masquerain|Sticky Web|p1a: Torkoal\n|-sidestart|p1: frozenly|move: Sticky Web\n|move|p1a: Torkoal|Lava Plume|p2a: Masquerain\n|-supereffective|p2a: Masquerain\n|-crit|p2a: Masquerain\n|-damage|p2a: Masquerain|0 fnt\n|faint|p2a: Masquerain\n|\n|-weather|SunnyDay|[upkeep]\n|upkeep\n|\n|t:|1700773653\n|switch|p2a: Cyclizar|Cyclizar, F|100\/100\n|-damage|p2a: Cyclizar|88\/100|[from] Stealth Rock\n|turn|7\n|\n|t:|1700773665\n|move|p2a: Cyclizar|Shed Tail|p2a: Cyclizar\n|-start|p2a: Cyclizar|Substitute|[from] move: Shed Tail\n|-damage|p2a: Cyclizar|38\/100\n|\n|t:|1700773671\n|switch|p2a: Espathra|Espathra, F|100\/100|[from] Shed Tail\n|-damage|p2a: Espathra|88\/100|[from] Stealth Rock\n|move|p1a: Torkoal|Rapid Spin|p2a: Espathra\n|-activate|p2a: Espathra|move: Substitute|[damage]\n|-sideend|p1: frozenly|Sticky Web|[from] move: Rapid Spin|[of] p1a: Torkoal\n|-boost|p1a: Torkoal|spe|1\n|\n|-weather|SunnyDay|[upkeep]\n|-heal|p2a: Espathra|94\/100|[from] item: Leftovers\n|upkeep\n|turn|8\n|\n|t:|1700773681\n|move|p2a: Espathra|Calm Mind|p2a: Espathra\n|-boost|p2a: Espathra|spa|1\n|-boost|p2a: Espathra|spd|1\n|move|p1a: Torkoal|Lava Plume|p2a: Espathra\n|-end|p2a: Espathra|Substitute\n|\n|-weather|none\n|-heal|p2a: Espathra|100\/100|[from] item: Leftovers\n|-ability|p2a: Espathra|Speed Boost|boost\n|-boost|p2a: Espathra|spe|1\n|upkeep\n|turn|9\n|\n|t:|1700773710\n|switch|p1a: Magearna|Magearna-Original|100\/100\n|move|p2a: Espathra|Stored Power|p1a: Magearna\n|-resisted|p1a: Magearna\n|-damage|p1a: Magearna|87\/100\n|\n|-heal|p1a: Magearna|93\/100|[from] item: Leftovers\n|-ability|p2a: Espathra|Speed Boost|boost\n|-boost|p2a: Espathra|spe|1\n|upkeep\n|turn|10\n|\n|t:|1700773725\n|-terastallize|p2a: Espathra|Fairy\n|move|p2a: Espathra|Calm Mind|p2a: Espathra\n|-boost|p2a: Espathra|spa|1\n|-boost|p2a: Espathra|spd|1\n|move|p1a: Magearna|Thunder Wave|p2a: Espathra\n|-status|p2a: Espathra|par\n|\n|-heal|p1a: Magearna|99\/100|[from] item: Leftovers\n|-ability|p2a: Espathra|Speed Boost|boost\n|-boost|p2a: Espathra|spe|1\n|upkeep\n|turn|11\n|\n|t:|1700773742\n|move|p2a: Espathra|Calm Mind|p2a: Espathra\n|-boost|p2a: Espathra|spa|1\n|-boost|p2a: Espathra|spd|1\n|move|p1a: Magearna|Spikes|p2a: Espathra\n|-sidestart|p2: IspamObjection|Spikes\n|\n|-heal|p1a: Magearna|100\/100|[from] item: Leftovers\n|-ability|p2a: Espathra|Speed Boost|boost\n|-boost|p2a: Espathra|spe|1\n|upkeep\n|turn|12\n|\n|t:|1700773750\n|move|p2a: Espathra|Calm Mind|p2a: Espathra\n|-boost|p2a: Espathra|spa|1\n|-boost|p2a: Espathra|spd|1\n|move|p1a: Magearna|Fleur Cannon|p2a: Espathra|[miss]\n|-miss|p1a: Magearna|p2a: Espathra\n|\n|-ability|p2a: Espathra|Speed Boost|boost\n|-boost|p2a: Espathra|spe|1\n|upkeep\n|turn|13\n|\n|t:|1700773766\n|cant|p2a: Espathra|par\n|move|p1a: Magearna|Volt Switch|p2a: Espathra\n|-damage|p2a: Espathra|90\/100 par\n|\n|t:|1700773771\n|switch|p1a: Chi-Yu|Chi-Yu|100\/100|[from] Volt Switch\n|-ability|p1a: Chi-Yu|Beads of Ruin\n|\n|-heal|p2a: Espathra|96\/100 par|[from] item: Leftovers\n|-ability|p2a: Espathra|Speed Boost|boost\n|-boost|p2a: Espathra|spe|1\n|upkeep\n|turn|14\n|\n|t:|1700773786\n|move|p2a: Espathra|Dazzling Gleam|p1a: Chi-Yu\n|-damage|p1a: Chi-Yu|8\/100\n|move|p1a: Chi-Yu|Overheat|p2a: Espathra\n|-damage|p2a: Espathra|51\/100 par\n|-unboost|p1a: Chi-Yu|spa|2\n|\n|-heal|p2a: Espathra|57\/100 par|[from] item: Leftovers\n|upkeep\n|turn|15\n|\n|t:|1700773797\n|move|p2a: Espathra|Roost|p2a: Espathra\n|-heal|p2a: Espathra|100\/100 par\n|move|p1a: Chi-Yu|Overheat|p2a: Espathra\n|-damage|p2a: Espathra|74\/100 par\n|-unboost|p1a: Chi-Yu|spa|2\n|\n|-heal|p2a: Espathra|81\/100 par|[from] item: Leftovers\n|upkeep\n|turn|16\n|\n|t:|1700773811\n|switch|p1a: Zacian|Zacian|100\/100\n|-ability|p1a: Zacian|Intrepid Sword|boost\n|-boost|p1a: Zacian|atk|1\n|move|p2a: Espathra|Roost|p2a: Espathra\n|-heal|p2a: Espathra|100\/100 par\n|\n|upkeep\n|turn|17\n|\n|t:|1700773833\n|move|p2a: Espathra|Stored Power|p1a: Zacian\n|-damage|p1a: Zacian|0 fnt\n|faint|p1a: Zacian\n|\n|upkeep\n|\n|t:|1700773859\n|switch|p1a: Chi-Yu|Chi-Yu|8\/100\n|-ability|p1a: Chi-Yu|Beads of Ruin\n|turn|18\n|\n|t:|1700773865\n|cant|p2a: Espathra|par\n|move|p1a: Chi-Yu|Overheat|p2a: Espathra\n|-damage|p2a: Espathra|57\/100 par\n|-unboost|p1a: Chi-Yu|spa|2\n|\n|-heal|p2a: Espathra|63\/100 par|[from] item: Leftovers\n|upkeep\n|turn|19\n|\n|t:|1700773873\n|cant|p2a: Espathra|par\n|move|p1a: Chi-Yu|Overheat|p2a: Espathra\n|-damage|p2a: Espathra|37\/100 par\n|-unboost|p1a: Chi-Yu|spa|2\n|\n|-heal|p2a: Espathra|44\/100 par|[from] item: Leftovers\n|upkeep\n|turn|20\n|\n|t:|1700773880\n|move|p2a: Espathra|Roost|p2a: Espathra\n|-heal|p2a: Espathra|94\/100 par\n|move|p1a: Chi-Yu|Overheat|p2a: Espathra\n|-damage|p2a: Espathra|76\/100 par\n|-unboost|p1a: Chi-Yu|spa|2\n|\n|-heal|p2a: Espathra|83\/100 par|[from] item: Leftovers\n|upkeep\n|turn|21\n|\n|t:|1700773889\n|move|p2a: Espathra|Calm Mind|p2a: Espathra\n|-boost|p2a: Espathra|spa|1\n|-boost|p2a: Espathra|spd|1\n|move|p1a: Chi-Yu|Overheat|p2a: Espathra\n|-damage|p2a: Espathra|72\/100 par\n|\n|-heal|p2a: Espathra|78\/100 par|[from] item: Leftovers\n|upkeep\n|turn|22\n|\n|t:|1700773896\n|cant|p2a: Espathra|par\n|move|p1a: Chi-Yu|Overheat|p2a: Espathra\n|-damage|p2a: Espathra|68\/100 par\n|\n|-heal|p2a: Espathra|74\/100 par|[from] item: Leftovers\n|upkeep\n|turn|23\n|\n|t:|1700773903\n|move|p2a: Espathra|Roost|p2a: Espathra\n|-heal|p2a: Espathra|100\/100 par\n|move|p1a: Chi-Yu|Overheat|p2a: Espathra\n|-damage|p2a: Espathra|91\/100 par\n|\n|-heal|p2a: Espathra|97\/100 par|[from] item: Leftovers\n|upkeep\n|turn|24\n|\n|t:|1700773910\n|cant|p2a: Espathra|par\n|-activate|p1a: Chi-Yu|move: Struggle\n|move|p1a: Chi-Yu|Struggle|p2a: Espathra\n|-damage|p2a: Espathra|90\/100 par\n|-damage|p1a: Chi-Yu|0 fnt|[from] recoil\n|faint|p1a: Chi-Yu\n|\n|-heal|p2a: Espathra|96\/100 par|[from] item: Leftovers\n|upkeep\n|\n|t:|1700773950\n|switch|p1a: Torkoal|Torkoal, F|20\/100 par\n|-weather|SunnyDay|[from] ability: Drought|[of] p1a: Torkoal\n|turn|25\n|\n|t:|1700773957\n|cant|p2a: Espathra|par\n|move|p1a: Torkoal|Lava Plume|p2a: Espathra\n|-damage|p2a: Espathra|81\/100 par\n|\n|-weather|SunnyDay|[upkeep]\n|-heal|p2a: Espathra|87\/100 par|[from] item: Leftovers\n|upkeep\n|turn|26\n|\n|t:|1700773964\n|move|p2a: Espathra|Stored Power|p1a: Torkoal\n|-damage|p1a: Torkoal|0 fnt\n|faint|p1a: Torkoal\n|\n|-weather|SunnyDay|[upkeep]\n|-heal|p2a: Espathra|93\/100 par|[from] item: Leftovers\n|upkeep\n|\n|t:|1700773970\n|switch|p1a: Walking Wake|Walking Wake|100\/100\n|-activate|p1a: Walking Wake|ability: Protosynthesis\n|-start|p1a: Walking Wake|protosynthesisspe\n|turn|27\n|\n|t:|1700773979\n|move|p2a: Espathra|Stored Power|p1a: Walking Wake\n|-damage|p1a: Walking Wake|0 fnt\n|faint|p1a: Walking Wake\n|-end|p1a: Walking Wake|Protosynthesis|[silent]\n|\n|-weather|SunnyDay|[upkeep]\n|-heal|p2a: Espathra|99\/100 par|[from] item: Leftovers\n|upkeep\n|\n|t:|1700773987\n|switch|p1a: Arceus|Arceus-Grass|100\/100\n|turn|28\n|\n|t:|1700774001\n|move|p2a: Espathra|Stored Power|p1a: Arceus\n|-damage|p1a: Arceus|0 fnt\n|faint|p1a: Arceus\n|\n|-weather|SunnyDay|[upkeep]\n|-heal|p2a: Espathra|100\/100 par|[from] item: Leftovers\n|upkeep\n|-message|frozenly forfeited.\n|\n|win|IspamObjection\n","uploadtime":1700774017,"views":23,"p1id":"frozenly","p2id":"ispamobjection","formatid":"gen9ubers","rating":0,"private":0,"password":""}