{"id":"gen9ubers-1969354595","p1":"UUbers account","p2":"SenkTheMoth","format":"[Gen 9] Ubers","log":"|j|\u2606UUbers account\n|j|\u2606SenkTheMoth\n|t:|1697518421\n|gametype|singles\n|player|p1|UUbers account|shadowtriad|\n|player|p2|SenkTheMoth|dawn-gen4pt|\n|teamsize|p1|6\n|teamsize|p2|6\n|gen|9\n|tier|[Gen 9] Ubers\n|rule|Sleep Clause Mod: Limit one foe put to sleep\n|rule|Species Clause: Limit one of each Pok\u00e9mon\n|rule|OHKO Clause: OHKO moves are banned\n|rule|Evasion Items Clause: Evasion items are banned\n|rule|Evasion Moves Clause: Evasion moves are banned\n|rule|Endless Battle Clause: Forcing endless battles is banned\n|rule|HP Percentage Mod: HP is shown in percentages\n|clearpoke\n|poke|p1|Hatterene, F|\n|poke|p1|Basculegion-F, F|\n|poke|p1|Chi-Yu|\n|poke|p1|Magearna|\n|poke|p1|Arceus-Poison|\n|poke|p1|Zacian-*|\n|poke|p2|Zacian-*|\n|poke|p2|Palkia-Origin|\n|poke|p2|Arceus-Poison|\n|poke|p2|Goodra-Hisui, M|\n|poke|p2|Magearna|\n|poke|p2|Gholdengo|\n|teampreview\n|c|\u2606UUbers account|hoodra\n|c|\u2606UUbers account|glhf\n|c|\u2606SenkTheMoth|same to you\n|\n|t:|1697518453\n|start\n|switch|p1a: Magearna|Magearna|100\/100\n|switch|p2a: Arceus|Arceus-Poison|100\/100\n|turn|1\n|\n|t:|1697518461\n|move|p2a: Arceus|Taunt|p1a: Magearna\n|-start|p1a: Magearna|move: Taunt\n|cant|p1a: Magearna|move: Taunt|Thunder Wave\n|\n|upkeep\n|turn|2\n|\n|t:|1697518464\n|move|p2a: Arceus|Dragon Dance|p2a: Arceus\n|-boost|p2a: Arceus|atk|1\n|-boost|p2a: Arceus|spe|1\n|move|p1a: Magearna|Volt Switch|p2a: Arceus\n|-damage|p2a: Arceus|85\/100\n|\n|t:|1697518474\n|switch|p1a: Zacian|Zacian|100\/100|[from] Volt Switch\n|-ability|p1a: Zacian|Intrepid Sword|boost\n|-boost|p1a: Zacian|atk|1\n|\n|upkeep\n|turn|3\n|\n|t:|1697518479\n|-terastallize|p1a: Zacian|Ground\n|move|p2a: Arceus|Poison Jab|p1a: Zacian\n|-resisted|p1a: Zacian\n|-damage|p1a: Zacian|70\/100\n|move|p1a: Zacian|Tera Blast|p2a: Arceus|[anim] Tera Blast Ground\n|-supereffective|p2a: Arceus\n|-damage|p2a: Arceus|0 fnt\n|faint|p2a: Arceus\n|\n|upkeep\n|\n|t:|1697518507\n|switch|p2a: Zacian|Zacian|100\/100\n|-ability|p2a: Zacian|Intrepid Sword|boost\n|-boost|p2a: Zacian|atk|1\n|turn|4\n|\n|t:|1697518519\n|move|p1a: Zacian|Play Rough|p2a: Zacian\n|-damage|p2a: Zacian|43\/100\n|move|p2a: Zacian|Play Rough|p1a: Zacian\n|-damage|p1a: Zacian|6\/100\n|\n|upkeep\n|turn|5\n|\n|t:|1697518524\n|move|p2a: Zacian|Crunch|p1a: Zacian\n|-damage|p1a: Zacian|0 fnt\n|faint|p1a: Zacian\n|\n|upkeep\n|\n|t:|1697518539\n|switch|p1a: Chi-Yu|Chi-Yu|100\/100\n|-ability|p1a: Chi-Yu|Beads of Ruin\n|turn|6\n|\n|t:|1697518553\n|switch|p2a: Palkia|Palkia-Origin|100\/100\n|-ability|p2a: Palkia|Pressure\n|move|p1a: Chi-Yu|Flamethrower|p2a: Palkia\n|-resisted|p2a: Palkia\n|-damage|p2a: Palkia|85\/100\n|\n|upkeep\n|turn|7\n|\n|t:|1697518566\n|switch|p1a: Hatterene|Hatterene, F|100\/100\n|move|p2a: Palkia|Substitute|p2a: Palkia\n|-start|p2a: Palkia|Substitute\n|-damage|p2a: Palkia|60\/100\n|\n|upkeep\n|turn|8\n|\n|t:|1697518573\n|-terastallize|p2a: Palkia|Water\n|move|p2a: Palkia|Surf|p1a: Hatterene\n|-crit|p1a: Hatterene\n|-damage|p1a: Hatterene|0 fnt\n|faint|p1a: Hatterene\n|\n|upkeep\n|\n|t:|1697518594\n|switch|p1a: Magearna|Magearna|100\/100\n|turn|9\n|\n|t:|1697518603\n|move|p2a: Palkia|Surf|p1a: Magearna\n|-crit|p1a: Magearna\n|-damage|p1a: Magearna|2\/100\n|move|p1a: Magearna|Volt Switch|p2a: Palkia\n|-supereffective|p2a: Palkia\n|-end|p2a: Palkia|Substitute\n|c|\u2606UUbers account|NOTHER CRIT\n|c|\u2606SenkTheMoth|wow\n|\n|t:|1697518617\n|switch|p1a: Basculegion|Basculegion-F, F, shiny|100\/100|[from] Volt Switch\n|\n|upkeep\n|turn|10\n|c|\u2606SenkTheMoth|palkia doesn't need spacial rend\n|\n|t:|1697518625\n|move|p1a: Basculegion|Last Respects|p2a: Palkia\n|-damage|p2a: Palkia|0 fnt\n|faint|p2a: Palkia\n|\n|upkeep\n|\n|t:|1697518653\n|switch|p2a: Magearna|Magearna|100\/100\n|turn|11\n|\n|t:|1697518658\n|switch|p1a: Magearna|Magearna|2\/100\n|move|p2a: Magearna|Thunder Wave|p1a: Magearna\n|-status|p1a: Magearna|par\n|\n|-heal|p1a: Magearna|8\/100 par|[from] item: Leftovers\n|upkeep\n|turn|12\n|\n|t:|1697518666\n|move|p2a: Magearna|Ice Beam|p1a: Magearna\n|-resisted|p1a: Magearna\n|-damage|p1a: Magearna|0 fnt\n|faint|p1a: Magearna\n|-ability|p2a: Magearna|Soul-Heart|boost\n|-boost|p2a: Magearna|spa|1\n|\n|upkeep\n|\n|t:|1697518670\n|switch|p1a: Chi-Yu|Chi-Yu|100\/100\n|-ability|p1a: Chi-Yu|Beads of Ruin\n|turn|13\n|\n|t:|1697518678\n|switch|p2a: Big Man|Goodra-Hisui, M|100\/100\n|move|p1a: Chi-Yu|Flamethrower|p2a: Big Man\n|-damage|p2a: Big Man|62\/100\n|\n|-heal|p2a: Big Man|68\/100|[from] item: Leftovers\n|upkeep\n|turn|14\n|\n|t:|1697518682\n|switch|p1a: Arceus|Arceus-Poison|100\/100\n|move|p2a: Big Man|Earthquake|p1a: Arceus\n|-supereffective|p1a: Arceus\n|-damage|p1a: Arceus|69\/100\n|\n|-heal|p2a: Big Man|74\/100|[from] item: Leftovers\n|upkeep\n|turn|15\n|\n|t:|1697518694\n|move|p1a: Arceus|Earth Power|p2a: Big Man\n|-supereffective|p2a: Big Man\n|-damage|p2a: Big Man|47\/100\n|move|p2a: Big Man|Dragon Tail|p1a: Arceus\n|-damage|p1a: Arceus|56\/100\n|drag|p1a: Chi-Yu|Chi-Yu|100\/100\n|-ability|p1a: Chi-Yu|Beads of Ruin\n|\n|-heal|p2a: Big Man|54\/100|[from] item: Leftovers\n|upkeep\n|turn|16\n|\n|t:|1697518702\n|move|p1a: Chi-Yu|Overheat|p2a: Big Man\n|-damage|p2a: Big Man|4\/100\n|-unboost|p1a: Chi-Yu|spa|2\n|move|p2a: Big Man|Earthquake|p1a: Chi-Yu\n|-supereffective|p1a: Chi-Yu\n|-damage|p1a: Chi-Yu|23\/100\n|\n|-heal|p2a: Big Man|10\/100|[from] item: Leftovers\n|upkeep\n|turn|17\n|\n|t:|1697518707\n|move|p1a: Chi-Yu|Overheat|p2a: Big Man|[miss]\n|-miss|p1a: Chi-Yu|p2a: Big Man\n|move|p2a: Big Man|Earthquake|p1a: Chi-Yu\n|-supereffective|p1a: Chi-Yu\n|-damage|p1a: Chi-Yu|0 fnt\n|faint|p1a: Chi-Yu\n|\n|-heal|p2a: Big Man|16\/100|[from] item: Leftovers\n|upkeep\n|\n|t:|1697518710\n|switch|p1a: Arceus|Arceus-Poison|56\/100\n|turn|18\n|\n|t:|1697518714\n|move|p1a: Arceus|Earth Power|p2a: Big Man\n|-supereffective|p2a: Big Man\n|-damage|p2a: Big Man|0 fnt\n|faint|p2a: Big Man\n|\n|upkeep\n|\n|t:|1697518726\n|switch|p2a: Zacian|Zacian|43\/100\n|turn|19\n|\n|t:|1697518734\n|move|p2a: Zacian|Swords Dance|p2a: Zacian\n|-boost|p2a: Zacian|atk|2\n|move|p1a: Arceus|Recover|p1a: Arceus\n|-heal|p1a: Arceus|100\/100\n|\n|upkeep\n|turn|20\n|\n|t:|1697518738\n|move|p2a: Zacian|Crunch|p1a: Arceus\n|-damage|p1a: Arceus|66\/100\n|move|p1a: Arceus|Judgment|p2a: Zacian\n|-supereffective|p2a: Zacian\n|-damage|p2a: Zacian|0 fnt\n|faint|p2a: Zacian\n|\n|upkeep\n|\n|t:|1697518756\n|switch|p2a: Magearna|Magearna|100\/100\n|turn|21\n|\n|t:|1697518773\n|move|p1a: Arceus|Calm Mind|p1a: Arceus\n|-boost|p1a: Arceus|spa|1\n|-boost|p1a: Arceus|spd|1\n|move|p2a: Magearna|Thunder Wave|p1a: Arceus\n|-status|p1a: Arceus|par\n|\n|upkeep\n|turn|22\n|\n|t:|1697518820\n|switch|p2a: Gholdengo|Gholdengo|100\/100\n|cant|p1a: Arceus|par\n|\n|upkeep\n|turn|23\n|j| Underhours\n|\n|t:|1697518831\n|move|p2a: Gholdengo|Shadow Ball|p1a: Arceus\n|-damage|p1a: Arceus|46\/100 par\n|move|p1a: Arceus|Earth Power|p2a: Gholdengo\n|-supereffective|p2a: Gholdengo\n|-damage|p2a: Gholdengo|16\/100\n|-unboost|p2a: Gholdengo|spd|1\n|\n|upkeep\n|turn|24\n|\n|t:|1697518835\n|move|p2a: Gholdengo|Shadow Ball|p1a: Arceus\n|-damage|p1a: Arceus|27\/100 par\n|-unboost|p1a: Arceus|spd|1\n|move|p1a: Arceus|Recover|p1a: Arceus\n|-heal|p1a: Arceus|77\/100 par\n|\n|upkeep\n|turn|25\n|\n|t:|1697518838\n|move|p2a: Gholdengo|Shadow Ball|p1a: Arceus\n|-damage|p1a: Arceus|49\/100 par\n|move|p1a: Arceus|Earth Power|p2a: Gholdengo\n|-supereffective|p2a: Gholdengo\n|-damage|p2a: Gholdengo|0 fnt\n|faint|p2a: Gholdengo\n|\n|upkeep\n|c|\u2606UUbers account|GG\n|\n|t:|1697518842\n|switch|p2a: Magearna|Magearna|100\/100\n|turn|26\n|c|\u2606SenkTheMoth|gg\n|\n|t:|1697518848\n|move|p1a: Arceus|Recover|p1a: Arceus\n|-heal|p1a: Arceus|99\/100 par\n|move|p2a: Magearna|Ice Beam|p1a: Arceus\n|-damage|p1a: Arceus|82\/100 par\n|\n|upkeep\n|turn|27\n|\n|t:|1697518851\n|cant|p1a: Arceus|par\n|move|p2a: Magearna|Ice Beam|p1a: Arceus\n|-damage|p1a: Arceus|64\/100 par\n|\n|upkeep\n|turn|28\n|c|\u2606SenkTheMoth|i didn't expect how bulky arceus would be\n|\n|t:|1697518858\n|move|p1a: Arceus|Earth Power|p2a: Magearna\n|-supereffective|p2a: Magearna\n|-damage|p2a: Magearna|41\/100\n|move|p2a: Magearna|Ice Beam|p1a: Arceus\n|-damage|p1a: Arceus|46\/100 par\n|\n|-heal|p2a: Magearna|47\/100|[from] item: Leftovers\n|upkeep\n|turn|29\n|c|\u2606UUbers account|arceus is insanely bulky\n|c|\u2606UUbers account|120 120 120 is wild\n|\n|t:|1697518874\n|cant|p1a: Arceus|par\n|move|p2a: Magearna|Ice Beam|p1a: Arceus\n|-damage|p1a: Arceus|30\/100 par\n|\n|-heal|p2a: Magearna|53\/100|[from] item: Leftovers\n|upkeep\n|turn|30\n|c|\u2606SenkTheMoth|yeah i know that\n|l| Underhours\n|c|\u2606SenkTheMoth|but i thought i'd do at least more than 30%\n|c|\u2606SenkTheMoth|i mean it is zacian\n|\n|t:|1697518884\n|cant|p1a: Arceus|par\n|move|p2a: Magearna|Ice Beam|p1a: Arceus\n|-damage|p1a: Arceus|12\/100 par\n|\n|-heal|p2a: Magearna|59\/100|[from] item: Leftovers\n|upkeep\n|turn|31\n|\n|t:|1697518891\n|move|p1a: Arceus|Earth Power|p2a: Magearna\n|-supereffective|p2a: Magearna\n|-damage|p2a: Magearna|0 fnt\n|faint|p2a: Magearna\n|\n|win|UUbers account\n|c|\u2606SenkTheMoth|gg\n|c|\u2606UUbers account|ggwp\n","uploadtime":1697518899,"views":26,"p1id":"uubersaccount","p2id":"senkthemoth","formatid":"gen9ubers","rating":0,"private":0,"password":""}