{"id":"gen9ubers-1968107748","p1":"Apoiguespm","p2":"Witz 2020","format":"[Gen 9] Ubers","log":"|j|\u2606Apoiguespm\n|j|\u2606Witz 2020\n|t:|1697385087\n|gametype|singles\n|player|p1|Apoiguespm|2|1378\n|player|p2|Witz 2020|veteran|1395\n|teamsize|p1|6\n|teamsize|p2|6\n|gen|9\n|tier|[Gen 9] Ubers\n|rated|\n|rule|Sleep Clause Mod: Limit one foe put to sleep\n|rule|Species Clause: Limit one of each Pok\u00e9mon\n|rule|OHKO Clause: OHKO moves are banned\n|rule|Evasion Items Clause: Evasion items are banned\n|rule|Evasion Moves Clause: Evasion moves are banned\n|rule|Endless Battle Clause: Forcing endless battles is banned\n|rule|HP Percentage Mod: HP is shown in percentages\n|clearpoke\n|poke|p1|Koraidon|\n|poke|p1|Miraidon|\n|poke|p1|Giratina-Origin|\n|poke|p1|Arceus-Ground|\n|poke|p1|Mewtwo|\n|poke|p1|Groudon|\n|poke|p2|Palkia-Origin|\n|poke|p2|Tauros-Paldea-Blaze, M|\n|poke|p2|Arceus-Steel|\n|poke|p2|Meowscarada, M|\n|poke|p2|Baxcalibur, F|\n|poke|p2|Blissey, F|\n|teampreview\n|inactive|Battle timer is ON: inactive players will automatically lose when time's up. (requested by Witz 2020)\n|inactive|Apoiguespm also wants the timer to be on.\n|\n|t:|1697385093\n|start\n|switch|p1a: Mewtwo|Mewtwo|100\/100\n|switch|p2a: Meowscarada|Meowscarada, M, shiny|100\/100\n|-ability|p1a: Mewtwo|Pressure\n|turn|1\n|\n|t:|1697385101\n|move|p1a: Mewtwo|Fire Blast|p2a: Meowscarada\n|-supereffective|p2a: Meowscarada\n|-enditem|p2a: Meowscarada|Focus Sash\n|-damage|p2a: Meowscarada|1\/100\n|move|p2a: Meowscarada|Knock Off|p1a: Mewtwo\n|-start|p2a: Meowscarada|typechange|Dark|[from] ability: Protean\n|-supereffective|p1a: Mewtwo\n|-damage|p1a: Mewtwo|5\/100\n|-enditem|p1a: Mewtwo|Choice Specs|[from] move: Knock Off|[of] p2a: Meowscarada\n|\n|upkeep\n|turn|2\n|\n|t:|1697385113\n|switch|p1a: Arceus|Arceus-Ground|100\/100\n|move|p2a: Meowscarada|Spikes|p1a: Arceus\n|-sidestart|p1: Apoiguespm|Spikes\n|\n|upkeep\n|turn|3\n|\n|t:|1697385120\n|switch|p1a: Koraidon|Koraidon|100\/100\n|-damage|p1a: Koraidon|88\/100|[from] Spikes\n|-weather|SunnyDay|[from] ability: Orichalcum Pulse|[of] p1a: Koraidon\n|-activate|p1a: Koraidon|Orichalcum Pulse|[source]\n|move|p2a: Meowscarada|Flower Trick|p1a: Koraidon\n|-resisted|p1a: Koraidon\n|-crit|p1a: Koraidon\n|-damage|p1a: Koraidon|73\/100\n|\n|-weather|SunnyDay|[upkeep]\n|upkeep\n|turn|4\n|\n|t:|1697385130\n|switch|p2a: Tauros|Tauros-Paldea-Blaze, M|100\/100\n|-ability|p2a: Tauros|Intimidate|boost\n|-unboost|p1a: Koraidon|atk|1\n|move|p1a: Koraidon|Scale Shot|p2a: Tauros\n|-damage|p2a: Tauros|89\/100\n|-damage|p2a: Tauros|80\/100\n|-hitcount|p2a: Tauros|2\n|-unboost|p1a: Koraidon|def|1\n|-boost|p1a: Koraidon|spe|1\n|-damage|p1a: Koraidon|63\/100|[from] item: Life Orb\n|\n|-weather|SunnyDay|[upkeep]\n|-heal|p2a: Tauros|86\/100|[from] item: Leftovers\n|upkeep\n|turn|5\n|\n|t:|1697385140\n|move|p1a: Koraidon|Swords Dance|p1a: Koraidon\n|-boost|p1a: Koraidon|atk|2\n|move|p2a: Tauros|Will-O-Wisp|p1a: Koraidon\n|-status|p1a: Koraidon|brn\n|\n|-weather|SunnyDay|[upkeep]\n|-heal|p2a: Tauros|92\/100|[from] item: Leftovers\n|-damage|p1a: Koraidon|57\/100 brn|[from] brn\n|upkeep\n|turn|6\n|\n|t:|1697385146\n|move|p1a: Koraidon|Collision Course|p2a: Tauros\n|-damage|p2a: Tauros|46\/100\n|-damage|p1a: Koraidon|47\/100 brn|[from] item: Life Orb\n|move|p2a: Tauros|Substitute|p2a: Tauros\n|-start|p2a: Tauros|Substitute\n|-damage|p2a: Tauros|21\/100\n|\n|-weather|SunnyDay|[upkeep]\n|-heal|p2a: Tauros|27\/100|[from] item: Leftovers\n|-damage|p1a: Koraidon|40\/100 brn|[from] brn\n|upkeep\n|turn|7\n|\n|t:|1697385152\n|move|p1a: Koraidon|Collision Course|p2a: Tauros\n|-end|p2a: Tauros|Substitute\n|-damage|p1a: Koraidon|30\/100 brn|[from] item: Life Orb\n|move|p2a: Tauros|Body Press|p1a: Koraidon\n|-damage|p1a: Koraidon|0 fnt\n|faint|p1a: Koraidon\n|\n|-weather|none\n|-heal|p2a: Tauros|34\/100|[from] item: Leftovers\n|upkeep\n|\n|t:|1697385158\n|switch|p1a: Miraidon|Miraidon|100\/100\n|-damage|p1a: Miraidon|88\/100|[from] Spikes\n|-fieldstart|move: Electric Terrain|[from] ability: Hadron Engine|[of] p1a: Miraidon\n|turn|8\n|\n|t:|1697385161\n|switch|p2a: Blissey|Blissey, F|100\/100\n|move|p1a: Miraidon|Electro Drift|p2a: Blissey\n|-damage|p2a: Blissey|61\/100\n|\n|-heal|p2a: Blissey|67\/100|[from] item: Leftovers\n|upkeep\n|turn|9\n|\n|t:|1697385167\n|move|p1a: Miraidon|Electro Drift|p2a: Blissey\n|-damage|p2a: Blissey|31\/100\n|move|p2a: Blissey|Stealth Rock|p1a: Miraidon\n|-sidestart|p1: Apoiguespm|move: Stealth Rock\n|\n|-heal|p2a: Blissey|38\/100|[from] item: Leftovers\n|upkeep\n|turn|10\n|\n|t:|1697385171\n|move|p1a: Miraidon|Electro Drift|p2a: Blissey\n|-damage|p2a: Blissey|0 fnt\n|faint|p2a: Blissey\n|\n|upkeep\n|\n|t:|1697385184\n|switch|p2a: Baxcalibur|Baxcalibur, F|100\/100\n|turn|11\n|\n|t:|1697385188\n|switch|p1a: Mewtwo|Mewtwo|5\/100\n|-damage|p1a: Mewtwo|0 fnt|[from] Spikes\n|faint|p1a: Mewtwo\n|move|p2a: Baxcalibur|Scale Shot|p1: Mewtwo|[notarget]\n|-fail|p2a: Baxcalibur\n|\n|upkeep\n|\n|t:|1697385196\n|switch|p1a: Giratina|Giratina-Origin, shiny|100\/100\n|-damage|p1a: Giratina|88\/100|[from] Stealth Rock\n|turn|12\n|\n|t:|1697385204\n|-terastallize|p1a: Giratina|Steel\n|move|p2a: Baxcalibur|Scale Shot|p1a: Giratina\n|-resisted|p1a: Giratina\n|-damage|p1a: Giratina|84\/100\n|-resisted|p1a: Giratina\n|-damage|p1a: Giratina|80\/100\n|-resisted|p1a: Giratina\n|-damage|p1a: Giratina|75\/100\n|-resisted|p1a: Giratina\n|-damage|p1a: Giratina|71\/100\n|-hitcount|p1a: Giratina|4\n|-unboost|p2a: Baxcalibur|def|1\n|-boost|p2a: Baxcalibur|spe|1\n|move|p1a: Giratina|Dragon Tail|p2a: Baxcalibur\n|-supereffective|p2a: Baxcalibur\n|-damage|p2a: Baxcalibur|7\/100\n|drag|p2a: Palkia|Palkia-Origin|100\/100\n|-ability|p2a: Palkia|Pressure\n|\n|-fieldend|move: Electric Terrain\n|upkeep\n|turn|13\n|\n|t:|1697385215\n|move|p2a: Palkia|Thunder Wave|p1a: Giratina\n|-status|p1a: Giratina|par\n|move|p1a: Giratina|Defog|p2a: Palkia\n|-unboost|p2a: Palkia|evasion|1\n|-sideend|p1: Apoiguespm|Spikes|[from] move: Defog|[of] p1a: Giratina\n|-sideend|p1: Apoiguespm|Stealth Rock|[from] move: Defog|[of] p1a: Giratina\n|\n|upkeep\n|turn|14\n|\n|t:|1697385224\n|move|p2a: Palkia|Hydro Pump|p1a: Giratina\n|-damage|p1a: Giratina|21\/100 par\n|move|p1a: Giratina|Dragon Tail|p2a: Palkia\n|-supereffective|p2a: Palkia\n|-damage|p2a: Palkia|27\/100\n|drag|p2a: Baxcalibur|Baxcalibur, F|7\/100\n|\n|upkeep\n|turn|15\n|\n|t:|1697385233\n|move|p2a: Baxcalibur|Glaive Rush|p1a: Giratina\n|-resisted|p1a: Giratina\n|-damage|p1a: Giratina|2\/100 par\n|-singlemove|p2a: Baxcalibur|Glaive Rush|[silent]\n|cant|p1a: Giratina|par\n|\n|upkeep\n|turn|16\n|\n|t:|1697385237\n|move|p2a: Baxcalibur|Scale Shot|p1a: Giratina|[miss]\n|-miss|p2a: Baxcalibur|p1a: Giratina\n|move|p1a: Giratina|Earthquake|p2a: Baxcalibur\n|-damage|p2a: Baxcalibur|0 fnt\n|faint|p2a: Baxcalibur\n|\n|upkeep\n|\n|t:|1697385243\n|switch|p2a: Meowscarada|Meowscarada, M, shiny|1\/100\n|turn|17\n|\n|t:|1697385248\n|move|p2a: Meowscarada|Spikes|p1a: Giratina\n|-start|p2a: Meowscarada|typechange|Ground|[from] ability: Protean\n|-sidestart|p1: Apoiguespm|Spikes\n|cant|p1a: Giratina|par\n|\n|upkeep\n|turn|18\n|\n|t:|1697385260\n|move|p2a: Meowscarada|Knock Off|p1a: Giratina\n|-damage|p1a: Giratina|0 fnt\n|faint|p1a: Giratina\n|\n|upkeep\n|\n|t:|1697385266\n|switch|p1a: Arceus|Arceus-Ground|100\/100\n|-damage|p1a: Arceus|88\/100|[from] Spikes\n|turn|19\n|\n|t:|1697385271\n|move|p2a: Meowscarada|Flower Trick|p1a: Arceus\n|-supereffective|p1a: Arceus\n|-crit|p1a: Arceus\n|-damage|p1a: Arceus|52\/100\n|move|p1a: Arceus|Calm Mind|p1a: Arceus\n|-boost|p1a: Arceus|spa|1\n|-boost|p1a: Arceus|spd|1\n|\n|upkeep\n|turn|20\n|\n|t:|1697385278\n|move|p2a: Meowscarada|Flower Trick|p1a: Arceus\n|-supereffective|p1a: Arceus\n|-crit|p1a: Arceus\n|-damage|p1a: Arceus|19\/100\n|move|p1a: Arceus|Recover|p1a: Arceus\n|-heal|p1a: Arceus|70\/100\n|\n|upkeep\n|turn|21\n|\n|t:|1697385283\n|move|p2a: Meowscarada|Flower Trick|p1a: Arceus\n|-supereffective|p1a: Arceus\n|-crit|p1a: Arceus\n|-damage|p1a: Arceus|32\/100\n|move|p1a: Arceus|Recover|p1a: Arceus\n|-heal|p1a: Arceus|82\/100\n|\n|upkeep\n|turn|22\n|\n|t:|1697385289\n|move|p2a: Meowscarada|Flower Trick|p1a: Arceus\n|-supereffective|p1a: Arceus\n|-crit|p1a: Arceus\n|-damage|p1a: Arceus|49\/100\n|move|p1a: Arceus|Judgment|p2a: Meowscarada\n|-damage|p2a: Meowscarada|0 fnt\n|faint|p2a: Meowscarada\n|\n|upkeep\n|\n|t:|1697385296\n|switch|p2a: Palkia|Palkia-Origin|27\/100\n|-ability|p2a: Palkia|Pressure\n|turn|23\n|\n|t:|1697385303\n|move|p2a: Palkia|Hydro Pump|p1a: Arceus\n|-supereffective|p1a: Arceus\n|-damage|p1a: Arceus|0 fnt\n|faint|p1a: Arceus\n|\n|upkeep\n|\n|t:|1697385307\n|switch|p1a: Miraidon|Miraidon|88\/100\n|-damage|p1a: Miraidon|76\/100|[from] Spikes\n|-fieldstart|move: Electric Terrain|[from] ability: Hadron Engine|[of] p1a: Miraidon\n|turn|24\n|\n|t:|1697385314\n|move|p1a: Miraidon|Electro Drift|p2a: Palkia\n|-damage|p2a: Palkia|0 fnt\n|faint|p2a: Palkia\n|\n|upkeep\n|\n|t:|1697385315\n|switch|p2a: Arceus|Arceus-Steel|100\/100\n|turn|25\n|\n|t:|1697385319\n|move|p1a: Miraidon|Electro Drift|p2a: Arceus\n|-damage|p2a: Arceus|5\/100\n|move|p2a: Arceus|Earthquake|p1a: Miraidon\n|-supereffective|p1a: Miraidon\n|-damage|p1a: Miraidon|0 fnt\n|faint|p1a: Miraidon\n|\n|upkeep\n|\n|t:|1697385323\n|switch|p1a: Groudon|Groudon|100\/100\n|-damage|p1a: Groudon|88\/100|[from] Spikes\n|-weather|SunnyDay|[from] ability: Drought|[of] p1a: Groudon\n|turn|26\n|j| ThePlumber7\n|\n|t:|1697385339\n|move|p2a: Arceus|Iron Head|p1a: Groudon\n|-damage|p1a: Groudon|62\/100\n|move|p1a: Groudon|Precipice Blades|p2a: Arceus\n|-supereffective|p2a: Arceus\n|-damage|p2a: Arceus|0 fnt\n|faint|p2a: Arceus\n|\n|-weather|SunnyDay|[upkeep]\n|-heal|p1a: Groudon|68\/100|[from] item: Leftovers\n|upkeep\n|\n|t:|1697385342\n|switch|p2a: Tauros|Tauros-Paldea-Blaze, M|34\/100\n|-ability|p2a: Tauros|Intimidate|boost\n|-unboost|p1a: Groudon|atk|1\n|turn|27\n|\n|t:|1697385361\n|-terastallize|p2a: Tauros|Fighting\n|move|p2a: Tauros|Will-O-Wisp|p1a: Groudon\n|-status|p1a: Groudon|brn\n|move|p1a: Groudon|Precipice Blades|p2a: Tauros|[miss]\n|-miss|p1a: Groudon|p2a: Tauros\n|\n|-weather|SunnyDay|[upkeep]\n|-heal|p2a: Tauros|40\/100|[from] item: Leftovers\n|-heal|p1a: Groudon|74\/100 brn|[from] item: Leftovers\n|-damage|p1a: Groudon|68\/100 brn|[from] brn\n|upkeep\n|turn|28\n|\n|t:|1697385368\n|move|p2a: Tauros|Substitute|p2a: Tauros\n|-start|p2a: Tauros|Substitute\n|-damage|p2a: Tauros|15\/100\n|move|p1a: Groudon|Precipice Blades|p2a: Tauros\n|-activate|p2a: Tauros|move: Substitute|[damage]\n|\n|-weather|SunnyDay|[upkeep]\n|-heal|p2a: Tauros|21\/100|[from] item: Leftovers\n|-heal|p1a: Groudon|74\/100 brn|[from] item: Leftovers\n|-damage|p1a: Groudon|68\/100 brn|[from] brn\n|-fieldend|move: Electric Terrain\n|upkeep\n|turn|29\n|\n|t:|1697385371\n|move|p2a: Tauros|Body Press|p1a: Groudon\n|-damage|p1a: Groudon|41\/100 brn\n|move|p1a: Groudon|Precipice Blades|p2a: Tauros\n|-end|p2a: Tauros|Substitute\n|\n|-weather|SunnyDay|[upkeep]\n|-heal|p2a: Tauros|27\/100|[from] item: Leftovers\n|-heal|p1a: Groudon|47\/100 brn|[from] item: Leftovers\n|-damage|p1a: Groudon|41\/100 brn|[from] brn\n|upkeep\n|turn|30\n|\n|t:|1697385381\n|move|p2a: Tauros|Substitute|p2a: Tauros\n|-start|p2a: Tauros|Substitute\n|-damage|p2a: Tauros|2\/100\n|move|p1a: Groudon|Precipice Blades|p2a: Tauros\n|-activate|p2a: Tauros|move: Substitute|[damage]\n|\n|-weather|none\n|-heal|p2a: Tauros|9\/100|[from] item: Leftovers\n|-heal|p1a: Groudon|47\/100 brn|[from] item: Leftovers\n|-damage|p1a: Groudon|41\/100 brn|[from] brn\n|upkeep\n|turn|31\n|j| SENTINELAATENTO\n|\n|t:|1697385386\n|move|p2a: Tauros|Body Press|p1a: Groudon\n|-damage|p1a: Groudon|14\/100 brn\n|move|p1a: Groudon|Precipice Blades|p2a: Tauros\n|-end|p2a: Tauros|Substitute\n|\n|-heal|p2a: Tauros|15\/100|[from] item: Leftovers\n|-heal|p1a: Groudon|21\/100 brn|[from] item: Leftovers\n|-damage|p1a: Groudon|14\/100 brn|[from] brn\n|upkeep\n|turn|32\n|\n|t:|1697385394\n|move|p2a: Tauros|Body Press|p1a: Groudon\n|-crit|p1a: Groudon\n|-damage|p1a: Groudon|0 fnt\n|faint|p1a: Groudon\n|\n|win|Witz 2020\n|raw|Apoiguespm's rating: 1378 &rarr; <strong>1359<\/strong><br \/>(-19 for losing)\n|raw|Witz 2020's rating: 1395 &rarr; <strong>1414<\/strong><br \/>(+19 for winning)\n|l|\u2606Apoiguespm\n","uploadtime":1697385411,"views":11,"p1id":"apoiguespm","p2id":"witz2020","formatid":"gen9ubers","rating":1359,"private":0,"password":""}