{"id":"gen9ubers-1983639738","p1":"MythicSword","p2":"dumpy lump","format":"[Gen 9] Ubers","log":"|j|\u2606MythicSword\n|j|\u2606dumpy lump\n|t:|1699152648\n|gametype|singles\n|player|p1|MythicSword|cynthia-gen4|\n|player|p2|dumpy lump|volo|\n|teamsize|p1|6\n|teamsize|p2|6\n|gen|9\n|tier|[Gen 9] Ubers\n|rule|Sleep Clause Mod: Limit one foe put to sleep\n|rule|Species Clause: Limit one of each Pok\u00e9mon\n|rule|OHKO Clause: OHKO moves are banned\n|rule|Evasion Items Clause: Evasion items are banned\n|rule|Evasion Moves Clause: Evasion moves are banned\n|rule|Endless Battle Clause: Forcing endless battles is banned\n|rule|HP Percentage Mod: HP is shown in percentages\n|clearpoke\n|poke|p1|Magearna|\n|poke|p1|Rotom-Wash|\n|poke|p1|Ogerpon-Wellspring, F|\n|poke|p1|Zacian-*|\n|poke|p1|Grimmsnarl, M|\n|poke|p1|Volcarona, F|\n|poke|p2|Dialga-Origin|\n|poke|p2|Chi-Yu|\n|poke|p2|Magearna|\n|poke|p2|Ursaluna, F|\n|poke|p2|Cresselia, F|\n|poke|p2|Azumarill, F|\n|teampreview\n|\n|t:|1699152656\n|start\n|switch|p1a: shinymusclegoblin|Grimmsnarl, M, shiny|100\/100\n|switch|p2a: Magearna|Magearna|100\/100\n|turn|1\n|\n|t:|1699152663\n|move|p1a: shinymusclegoblin|Thunder Wave|p2a: Magearna\n|-status|p2a: Magearna|par\n|move|p2a: Magearna|Trick Room|p2a: Magearna\n|-fieldstart|move: Trick Room|[of] p2a: Magearna\n|\n|upkeep\n|turn|2\n|\n|t:|1699152674\n|move|p1a: shinymusclegoblin|Reflect|p1a: shinymusclegoblin\n|-sidestart|p1: MythicSword|Reflect\n|cant|p2a: Magearna|par\n|\n|upkeep\n|turn|3\n|\n|t:|1699152681\n|move|p1a: shinymusclegoblin|Light Screen|p1a: shinymusclegoblin\n|-sidestart|p1: MythicSword|move: Light Screen\n|cant|p2a: Magearna|par\n|\n|upkeep\n|turn|4\n|c|\u2606dumpy lump|LOL\n|\n|t:|1699152690\n|move|p1a: shinymusclegoblin|Thunder Wave|p2a: Magearna\n|-fail|p2a: Magearna|par\n|move|p2a: Magearna|Fleur Cannon|p1a: shinymusclegoblin\n|-supereffective|p1a: shinymusclegoblin\n|-damage|p1a: shinymusclegoblin|56\/100\n|-unboost|p2a: Magearna|spa|2\n|\n|upkeep\n|turn|5\n|\n|t:|1699152696\n|move|p1a: shinymusclegoblin|Parting Shot|p2a: Magearna\n|-unboost|p2a: Magearna|atk|1\n|-unboost|p2a: Magearna|spa|1\n|\n|t:|1699152707\n|switch|p1a: Volcarona|Volcarona, F|100\/100|[from] Parting Shot\n|cant|p2a: Magearna|par\n|\n|-fieldend|move: Trick Room\n|upkeep\n|turn|6\n|\n|t:|1699152719\n|move|p1a: Volcarona|Quiver Dance|p1a: Volcarona\n|-boost|p1a: Volcarona|spa|1\n|-boost|p1a: Volcarona|spd|1\n|-boost|p1a: Volcarona|spe|1\n|move|p2a: Magearna|Trick Room|p2a: Magearna\n|-fieldstart|move: Trick Room|[of] p2a: Magearna\n|\n|upkeep\n|turn|7\n|\n|t:|1699152729\n|move|p2a: Magearna|Volt Switch|p1a: Volcarona\n|-damage|p1a: Volcarona|98\/100\n|\n|t:|1699152744\n|switch|p2a: Azumarill|Azumarill, F, shiny|100\/100|[from] Volt Switch\n|move|p1a: Volcarona|Fiery Dance|p2a: Azumarill\n|-resisted|p2a: Azumarill\n|-damage|p2a: Azumarill|63\/100\n|-boost|p1a: Volcarona|spa|1\n|\n|upkeep\n|turn|8\n|\n|t:|1699152772\n|-terastallize|p1a: Volcarona|Grass\n|move|p2a: Azumarill|Belly Drum|p2a: Azumarill\n|-damage|p2a: Azumarill|13\/100\n|-setboost|p2a: Azumarill|atk|6|[from] move: Belly Drum\n|-enditem|p2a: Azumarill|Sitrus Berry|[eat]\n|-heal|p2a: Azumarill|38\/100|[from] item: Sitrus Berry\n|move|p1a: Volcarona|Giga Drain|p2a: Azumarill\n|-supereffective|p2a: Azumarill\n|-damage|p2a: Azumarill|0 fnt\n|-heal|p1a: Volcarona|100\/100|[from] drain|[of] p2a: Azumarill\n|faint|p2a: Azumarill\n|\n|upkeep\n|\n|t:|1699152798\n|switch|p2a: Dialga|Dialga-Origin|100\/100\n|-ability|p2a: Dialga|Pressure\n|turn|9\n|\n|t:|1699152814\n|move|p2a: Dialga|Ice Beam|p1a: Volcarona\n|-supereffective|p1a: Volcarona\n|-damage|p1a: Volcarona|75\/100\n|move|p1a: Volcarona|Fiery Dance|p2a: Dialga\n|-damage|p2a: Dialga|30\/100\n|-boost|p1a: Volcarona|spa|1\n|\n|-sideend|p1: MythicSword|Reflect\n|upkeep\n|turn|10\n|\n|t:|1699152851\n|move|p2a: Dialga|Ice Beam|p1a: Volcarona\n|-supereffective|p1a: Volcarona\n|-damage|p1a: Volcarona|46\/100\n|-status|p1a: Volcarona|frz\n|cant|p1a: Volcarona|frz\n|\n|-sideend|p1: MythicSword|move: Light Screen\n|-fieldend|move: Trick Room\n|upkeep\n|turn|11\n|\n|t:|1699152860\n|cant|p1a: Volcarona|frz\n|move|p2a: Dialga|Trick Room|p2a: Dialga\n|-fieldstart|move: Trick Room|[of] p2a: Dialga\n|\n|upkeep\n|turn|12\n|\n|t:|1699152865\n|move|p2a: Dialga|Ice Beam|p1a: Volcarona\n|-supereffective|p1a: Volcarona\n|-damage|p1a: Volcarona|0 fnt\n|faint|p1a: Volcarona\n|\n|upkeep\n|c|\u2606dumpy lump|unfortunate does not begin to describe\n|c|\u2606MythicSword|my series\n|\n|t:|1699152945\n|switch|p1a: shinymusclegoblin|Grimmsnarl, M, shiny|56\/100\n|turn|13\n|\n|t:|1699152951\n|move|p1a: shinymusclegoblin|Parting Shot|p2a: Dialga\n|-unboost|p2a: Dialga|atk|1\n|-unboost|p2a: Dialga|spa|1\n|\n|t:|1699152972\n|switch|p1a: Bubbly gal|Ogerpon-Wellspring, F|100\/100|[from] Parting Shot\n|move|p2a: Dialga|Flash Cannon|p1a: Bubbly gal\n|-resisted|p1a: Bubbly gal\n|-damage|p1a: Bubbly gal|75\/100\n|\n|upkeep\n|turn|14\n|\n|t:|1699152989\n|move|p2a: Dialga|Dragon Pulse|p1a: Bubbly gal\n|-damage|p1a: Bubbly gal|21\/100\n|move|p1a: Bubbly gal|Ivy Cudgel|p2a: Dialga\n|-resisted|p2a: Dialga\n|-damage|p2a: Dialga|10\/100\n|\n|upkeep\n|turn|15\n|\n|t:|1699152999\n|switch|p1a: FAIRY BEAM!|Magearna|100\/100\n|move|p2a: Dialga|Flash Cannon|p1a: FAIRY BEAM!\n|-crit|p1a: FAIRY BEAM!\n|-damage|p1a: FAIRY BEAM!|27\/100\n|\n|-heal|p1a: FAIRY BEAM!|33\/100|[from] item: Leftovers\n|-fieldend|move: Trick Room\n|upkeep\n|turn|16\n|\n|t:|1699153015\n|move|p1a: FAIRY BEAM!|Calm Mind|p1a: FAIRY BEAM!\n|-boost|p1a: FAIRY BEAM!|spa|1\n|-boost|p1a: FAIRY BEAM!|spd|1\n|move|p2a: Dialga|Flash Cannon|p1a: FAIRY BEAM!\n|-damage|p1a: FAIRY BEAM!|8\/100\n|-unboost|p1a: FAIRY BEAM!|spd|1\n|\n|-heal|p1a: FAIRY BEAM!|15\/100|[from] item: Leftovers\n|upkeep\n|turn|17\n|\n|t:|1699153023\n|move|p1a: FAIRY BEAM!|Draining Kiss|p2a: Dialga\n|-damage|p2a: Dialga|0 fnt\n|-heal|p1a: FAIRY BEAM!|22\/100|[from] drain|[of] p2a: Dialga\n|faint|p2a: Dialga\n|-ability|p1a: FAIRY BEAM!|Soul-Heart|boost\n|-boost|p1a: FAIRY BEAM!|spa|1\n|\n|-heal|p1a: FAIRY BEAM!|28\/100|[from] item: Leftovers\n|upkeep\n|\n|t:|1699153029\n|switch|p2a: Magearna|Magearna|100\/100 par\n|turn|18\n|\n|t:|1699153040\n|move|p1a: FAIRY BEAM!|Calm Mind|p1a: FAIRY BEAM!\n|-boost|p1a: FAIRY BEAM!|spa|1\n|-boost|p1a: FAIRY BEAM!|spd|1\n|move|p2a: Magearna|Trick Room|p2a: Magearna\n|-fieldstart|move: Trick Room|[of] p2a: Magearna\n|\n|-heal|p1a: FAIRY BEAM!|34\/100|[from] item: Leftovers\n|upkeep\n|turn|19\n|\n|t:|1699153052\n|move|p2a: Magearna|Volt Switch|p1a: FAIRY BEAM!\n|-damage|p1a: FAIRY BEAM!|23\/100\n|\n|t:|1699153056\n|switch|p2a: Ursaluna|Ursaluna, F|100\/100|[from] Volt Switch\n|move|p1a: FAIRY BEAM!|Draining Kiss|p2a: Ursaluna\n|-damage|p2a: Ursaluna|53\/100\n|-heal|p1a: FAIRY BEAM!|68\/100|[from] drain|[of] p2a: Ursaluna\n|\n|-heal|p1a: FAIRY BEAM!|74\/100|[from] item: Leftovers\n|-status|p2a: Ursaluna|brn|[from] item: Flame Orb\n|upkeep\n|turn|20\n|\n|t:|1699153098\n|switch|p1a: Shiny Wash Matter|Rotom-Wash, shiny|100\/100\n|move|p2a: Ursaluna|Headlong Rush|p1a: Shiny Wash Matter\n|-immune|p1a: Shiny Wash Matter|[from] ability: Levitate\n|\n|-damage|p2a: Ursaluna|47\/100 brn|[from] brn\n|upkeep\n|turn|21\n|\n|t:|1699153109\n|switch|p1a: Bubbly gal|Ogerpon-Wellspring, F|21\/100\n|-terastallize|p2a: Ursaluna|Normal\n|move|p2a: Ursaluna|Facade|p1a: Bubbly gal\n|-damage|p1a: Bubbly gal|0 fnt\n|faint|p1a: Bubbly gal\n|\n|-damage|p2a: Ursaluna|41\/100 brn|[from] brn\n|upkeep\n|\n|t:|1699153116\n|switch|p1a: shinymusclegoblin|Grimmsnarl, M, shiny|56\/100\n|turn|22\n|\n|t:|1699153158\n|move|p1a: shinymusclegoblin|Parting Shot|p2a: Ursaluna\n|-unboost|p2a: Ursaluna|atk|1\n|-unboost|p2a: Ursaluna|spa|1\n|\n|t:|1699153161\n|switch|p1a: FAIRY BEAM!|Magearna|74\/100|[from] Parting Shot\n|move|p2a: Ursaluna|Facade|p1a: FAIRY BEAM!\n|-resisted|p1a: FAIRY BEAM!\n|-damage|p1a: FAIRY BEAM!|32\/100\n|\n|-heal|p1a: FAIRY BEAM!|38\/100|[from] item: Leftovers\n|-damage|p2a: Ursaluna|35\/100 brn|[from] brn\n|-fieldend|move: Trick Room\n|upkeep\n|turn|23\n|\n|t:|1699153176\n|switch|p2a: Cresselia|Cresselia, F, shiny|100\/100\n|move|p1a: FAIRY BEAM!|Draining Kiss|p2a: Cresselia\n|-damage|p2a: Cresselia|90\/100\n|-heal|p1a: FAIRY BEAM!|47\/100|[from] drain|[of] p2a: Cresselia\n|\n|-heal|p1a: FAIRY BEAM!|54\/100|[from] item: Leftovers\n|upkeep\n|turn|24\n|\n|t:|1699153184\n|move|p1a: FAIRY BEAM!|Calm Mind|p1a: FAIRY BEAM!\n|-boost|p1a: FAIRY BEAM!|spa|1\n|-boost|p1a: FAIRY BEAM!|spd|1\n|move|p2a: Cresselia|Trick Room|p2a: Cresselia\n|-fieldstart|move: Trick Room|[of] p2a: Cresselia\n|\n|-heal|p1a: FAIRY BEAM!|60\/100|[from] item: Leftovers\n|upkeep\n|turn|25\n|\n|t:|1699153203\n|move|p2a: Cresselia|Light Screen|p2a: Cresselia\n|-sidestart|p2: dumpy lump|move: Light Screen\n|move|p1a: FAIRY BEAM!|Draining Kiss|p2a: Cresselia\n|-damage|p2a: Cresselia|81\/100\n|-heal|p1a: FAIRY BEAM!|68\/100|[from] drain|[of] p2a: Cresselia\n|\n|-heal|p1a: FAIRY BEAM!|74\/100|[from] item: Leftovers\n|upkeep\n|turn|26\n|\n|t:|1699153212\n|move|p2a: Cresselia|Lunar Dance|p2a: Cresselia\n|faint|p2a: Cresselia\n|-ability|p1a: FAIRY BEAM!|Soul-Heart|boost\n|-boost|p1a: FAIRY BEAM!|spa|1\n|move|p1a: FAIRY BEAM!|Calm Mind|p1a: FAIRY BEAM!\n|-boost|p1a: FAIRY BEAM!|spa|1\n|-boost|p1a: FAIRY BEAM!|spd|1\n|\n|-heal|p1a: FAIRY BEAM!|80\/100|[from] item: Leftovers\n|upkeep\n|\n|t:|1699153220\n|switch|p2a: Ursaluna|Ursaluna, F, tera:Normal|35\/100 brn\n|-heal|p2a: Ursaluna|100\/100|[from] move: Lunar Dance\n|turn|27\n|\n|t:|1699153237\n|switch|p1a: Shiny Wash Matter|Rotom-Wash, shiny|100\/100\n|move|p2a: Ursaluna|Facade|p1a: Shiny Wash Matter\n|-damage|p1a: Shiny Wash Matter|31\/100\n|\n|-heal|p1a: Shiny Wash Matter|37\/100|[from] item: Leftovers\n|-status|p2a: Ursaluna|brn|[from] item: Flame Orb\n|upkeep\n|turn|28\n|\n|t:|1699153245\n|move|p2a: Ursaluna|Facade|p1a: Shiny Wash Matter\n|-damage|p1a: Shiny Wash Matter|0 fnt\n|faint|p1a: Shiny Wash Matter\n|\n|-damage|p2a: Ursaluna|94\/100 brn|[from] brn\n|-fieldend|move: Trick Room\n|upkeep\n|\n|t:|1699153261\n|switch|p1a: shinymusclegoblin|Grimmsnarl, M, shiny|56\/100\n|turn|29\n|\n|t:|1699153275\n|move|p1a: shinymusclegoblin|Parting Shot|p2a: Ursaluna\n|-unboost|p2a: Ursaluna|atk|1\n|-unboost|p2a: Ursaluna|spa|1\n|\n|t:|1699153281\n|switch|p1a: speed demon 2.0|Zacian|100\/100|[from] Parting Shot\n|-ability|p1a: speed demon 2.0|Intrepid Sword|boost\n|-boost|p1a: speed demon 2.0|atk|1\n|move|p2a: Ursaluna|Swords Dance|p2a: Ursaluna\n|-boost|p2a: Ursaluna|atk|2\n|\n|-damage|p2a: Ursaluna|88\/100 brn|[from] brn\n|-sideend|p2: dumpy lump|move: Light Screen\n|upkeep\n|turn|30\n|c|\u2606dumpy lump|im sure i will surive this :clueless:\n|\n|t:|1699153303\n|move|p1a: speed demon 2.0|Close Combat|p2a: Ursaluna\n|-supereffective|p2a: Ursaluna\n|-damage|p2a: Ursaluna|11\/100 brn\n|-unboost|p1a: speed demon 2.0|def|1\n|-unboost|p1a: speed demon 2.0|spd|1\n|move|p2a: Ursaluna|Facade|p1a: speed demon 2.0\n|-damage|p1a: speed demon 2.0|0 fnt\n|faint|p1a: speed demon 2.0\n|\n|-damage|p2a: Ursaluna|5\/100 brn|[from] brn\n|upkeep\n|c|\u2606dumpy lump|NO SHOT\n|c|\u2606MythicSword|it was like 20% to kill\n|c|\u2606MythicSword|my boy got murderd by nerfs\n|\n|t:|1699153338\n|switch|p1a: shinymusclegoblin|Grimmsnarl, M, shiny|56\/100\n|turn|31\n|c|\u2606dumpy lump|i did  not expect to ACTUALLY survive that\n|\n|t:|1699153354\n|move|p1a: shinymusclegoblin|Light Screen|p1a: shinymusclegoblin\n|-sidestart|p1: MythicSword|move: Light Screen\n|move|p2a: Ursaluna|Headlong Rush|p1a: shinymusclegoblin\n|-damage|p1a: shinymusclegoblin|0 fnt\n|-unboost|p2a: Ursaluna|def|1\n|-unboost|p2a: Ursaluna|spd|1\n|faint|p1a: shinymusclegoblin\n|\n|-damage|p2a: Ursaluna|0 fnt|[from] brn\n|faint|p2a: Ursaluna\n|upkeep\n|\n|t:|1699153360\n|switch|p1a: FAIRY BEAM!|Magearna|80\/100\n|switch|p2a: Chi-Yu|Chi-Yu|100\/100\n|-ability|p2a: Chi-Yu|Beads of Ruin\n|turn|32\n|\n|t:|1699153367\n|move|p1a: FAIRY BEAM!|Draining Kiss|p2a: Chi-Yu\n|-damage|p2a: Chi-Yu|80\/100\n|-heal|p1a: FAIRY BEAM!|92\/100|[from] drain|[of] p2a: Chi-Yu\n|move|p2a: Chi-Yu|Overheat|p1a: FAIRY BEAM!\n|-supereffective|p1a: FAIRY BEAM!\n|-damage|p1a: FAIRY BEAM!|0 fnt\n|-unboost|p2a: Chi-Yu|spa|2\n|faint|p1a: FAIRY BEAM!\n|\n|win|dumpy lump\n|c|\u2606dumpy lump|gg\n|c|\u2606MythicSword|gg\n","uploadtime":1699153378,"views":21,"p1id":"mythicsword","p2id":"dumpylump","formatid":"gen9ubers","rating":0,"private":0,"password":""}