{"id":"gen9ubers-1983482297","p1":"FIRE LORD AESON!","p2":"blue211087","format":"[Gen 9] Ubers","log":"|j|\u2606FIRE LORD AESON!\n|j|\u2606blue211087\n|t:|1699134870\n|gametype|singles\n|player|p1|FIRE LORD AESON!|red-gen1|1247\n|player|p2|blue211087|red|1275\n|teamsize|p1|6\n|teamsize|p2|6\n|gen|9\n|tier|[Gen 9] Ubers\n|rated|\n|rule|Sleep Clause Mod: Limit one foe put to sleep\n|rule|Species Clause: Limit one of each Pok\u00e9mon\n|rule|OHKO Clause: OHKO moves are banned\n|rule|Evasion Items Clause: Evasion items are banned\n|rule|Evasion Moves Clause: Evasion moves are banned\n|rule|Endless Battle Clause: Forcing endless battles is banned\n|rule|HP Percentage Mod: HP is shown in percentages\n|clearpoke\n|poke|p1|Torkoal, F|\n|poke|p1|Hatterene, F|\n|poke|p1|Kommo-o, F|\n|poke|p1|Cinderace, F|\n|poke|p1|Great Tusk|\n|poke|p1|Heatran, M|\n|poke|p2|Koraidon|\n|poke|p2|Miraidon|\n|poke|p2|Calyrex-Ice|\n|poke|p2|Hatterene, F|\n|poke|p2|Kyogre|\n|poke|p2|Eternatus|\n|teampreview\n|inactive|Battle timer is ON: inactive players will automatically lose when time's up. (requested by blue211087)\n|\n|t:|1699134881\n|start\n|switch|p1a: PLAYBOY|Cinderace, F|100\/100\n|switch|p2a: Eternatus|Eternatus|100\/100\n|-ability|p2a: Eternatus|Pressure\n|turn|1\n|\n|t:|1699134893\n|switch|p1a: ROAD 2 RESPECT!|Heatran, M|100\/100\n|-item|p1a: ROAD 2 RESPECT!|Air Balloon\n|move|p2a: Eternatus|Toxic Spikes|p1a: ROAD 2 RESPECT!\n|-sidestart|p1: FIRE LORD AESON!|move: Toxic Spikes\n|\n|upkeep\n|turn|2\n|\n|t:|1699134899\n|move|p1a: ROAD 2 RESPECT!|Magma Storm|p2a: Eternatus|[miss]\n|-miss|p1a: ROAD 2 RESPECT!|p2a: Eternatus\n|move|p2a: Eternatus|Dragon Tail|p1a: ROAD 2 RESPECT!|[miss]\n|-miss|p2a: Eternatus|p1a: ROAD 2 RESPECT!\n|\n|upkeep\n|turn|3\n|\n|t:|1699134905\n|move|p1a: ROAD 2 RESPECT!|Earth Power|p2a: Eternatus\n|-supereffective|p2a: Eternatus\n|-damage|p2a: Eternatus|66\/100\n|move|p2a: Eternatus|Dragon Tail|p1a: ROAD 2 RESPECT!\n|-resisted|p1a: ROAD 2 RESPECT!\n|-damage|p1a: ROAD 2 RESPECT!|94\/100\n|-status|p2a: Eternatus|brn|[from] ability: Flame Body|[of] p1a: ROAD 2 RESPECT!\n|-enditem|p1a: ROAD 2 RESPECT!|Air Balloon\n|drag|p1a: SUBSCRIBE 2 AESON!|Torkoal, F|100\/100\n|-status|p1a: SUBSCRIBE 2 AESON!|psn\n|-weather|SunnyDay|[from] ability: Drought|[of] p1a: SUBSCRIBE 2 AESON!\n|\n|-weather|SunnyDay|[upkeep]\n|-heal|p2a: Eternatus|72\/100 brn|[from] item: Black Sludge\n|-damage|p1a: SUBSCRIBE 2 AESON!|88\/100 psn|[from] psn\n|-damage|p2a: Eternatus|66\/100 brn|[from] brn\n|upkeep\n|turn|4\n|\n|t:|1699134914\n|move|p1a: SUBSCRIBE 2 AESON!|Stealth Rock|p2a: Eternatus\n|-sidestart|p2: blue211087|move: Stealth Rock\n|move|p2a: Eternatus|Dragon Tail|p1a: SUBSCRIBE 2 AESON!|[miss]\n|-miss|p2a: Eternatus|p1a: SUBSCRIBE 2 AESON!\n|\n|-weather|SunnyDay|[upkeep]\n|-heal|p2a: Eternatus|72\/100 brn|[from] item: Black Sludge\n|-damage|p1a: SUBSCRIBE 2 AESON!|76\/100 psn|[from] psn\n|-damage|p2a: Eternatus|66\/100 brn|[from] brn\n|upkeep\n|turn|5\n|\n|t:|1699134918\n|move|p1a: SUBSCRIBE 2 AESON!|Rapid Spin|p2a: Eternatus\n|-damage|p2a: Eternatus|58\/100 brn\n|-boost|p1a: SUBSCRIBE 2 AESON!|spe|1\n|-sideend|p1: FIRE LORD AESON!|Toxic Spikes|[from] move: Rapid Spin|[of] p1a: SUBSCRIBE 2 AESON!\n|move|p2a: Eternatus|Dragon Tail|p1a: SUBSCRIBE 2 AESON!\n|-damage|p1a: SUBSCRIBE 2 AESON!|70\/100 psn\n|drag|p1a: GEN 1 > GEN 9?|Great Tusk|100\/100\n|-activate|p1a: GEN 1 > GEN 9?|ability: Protosynthesis\n|-start|p1a: GEN 1 > GEN 9?|protosynthesisatk\n|\n|-weather|SunnyDay|[upkeep]\n|-heal|p2a: Eternatus|64\/100 brn|[from] item: Black Sludge\n|-damage|p2a: Eternatus|58\/100 brn|[from] brn\n|upkeep\n|turn|6\n|\n|t:|1699134929\n|-terastallize|p2a: Eternatus|Flying\n|move|p2a: Eternatus|Toxic Spikes|p1a: GEN 1 > GEN 9?\n|-sidestart|p1: FIRE LORD AESON!|move: Toxic Spikes\n|move|p1a: GEN 1 > GEN 9?|Headlong Rush|p2a: Eternatus\n|-immune|p2a: Eternatus\n|\n|-weather|SunnyDay|[upkeep]\n|-damage|p2a: Eternatus|46\/100 brn|[from] item: Black Sludge\n|-damage|p2a: Eternatus|39\/100 brn|[from] brn\n|upkeep\n|turn|7\n|\n|t:|1699134936\n|move|p1a: GEN 1 > GEN 9?|Rapid Spin|p2a: Eternatus\n|-damage|p2a: Eternatus|22\/100 brn\n|-boost|p1a: GEN 1 > GEN 9?|spe|1\n|-sideend|p1: FIRE LORD AESON!|Toxic Spikes|[from] move: Rapid Spin|[of] p1a: GEN 1 > GEN 9?\n|move|p2a: Eternatus|Dragon Tail|p1a: GEN 1 > GEN 9?\n|-damage|p1a: GEN 1 > GEN 9?|95\/100\n|-end|p1a: GEN 1 > GEN 9?|Protosynthesis|[silent]\n|drag|p1a: ROAD 2 RESPECT!|Heatran, M|94\/100\n|\n|-weather|SunnyDay|[upkeep]\n|-damage|p2a: Eternatus|10\/100 brn|[from] item: Black Sludge\n|-damage|p2a: Eternatus|3\/100 brn|[from] brn\n|upkeep\n|turn|8\n|\n|t:|1699134945\n|switch|p1a: SEXY @ESON UTUBE!|Hatterene, F|100\/100\n|move|p2a: Eternatus|Toxic Spikes|p1a: SEXY @ESON UTUBE!\n|move|p1a: SEXY @ESON UTUBE!|Toxic Spikes|p2a: Eternatus|[from]ability: Magic Bounce\n|-sidestart|p2: blue211087|move: Toxic Spikes\n|\n|-weather|SunnyDay|[upkeep]\n|-damage|p2a: Eternatus|0 fnt|[from] item: Black Sludge\n|faint|p2a: Eternatus\n|upkeep\n|\n|t:|1699134957\n|switch|p2a: Miraidon|Miraidon|100\/100\n|-fieldstart|move: Electric Terrain|[from] ability: Hadron Engine|[of] p2a: Miraidon\n|turn|9\n|\n|t:|1699134970\n|move|p2a: Miraidon|Electro Drift|p1a: SEXY @ESON UTUBE!\n|-damage|p1a: SEXY @ESON UTUBE!|3\/100\n|move|p1a: SEXY @ESON UTUBE!|Draining Kiss|p2a: Miraidon\n|-supereffective|p2a: Miraidon\n|-damage|p2a: Miraidon|42\/100\n|-heal|p1a: SEXY @ESON UTUBE!|50\/100|[from] drain|[of] p2a: Miraidon\n|\n|-weather|SunnyDay|[upkeep]\n|upkeep\n|turn|10\n|\n|t:|1699134979\n|switch|p1a: GEN 1 > GEN 9?|Great Tusk|95\/100\n|-activate|p1a: GEN 1 > GEN 9?|ability: Protosynthesis\n|-start|p1a: GEN 1 > GEN 9?|protosynthesisatk\n|move|p2a: Miraidon|Dazzling Gleam|p1a: GEN 1 > GEN 9?\n|-supereffective|p1a: GEN 1 > GEN 9?\n|-damage|p1a: GEN 1 > GEN 9?|0 fnt\n|faint|p1a: GEN 1 > GEN 9?\n|-end|p1a: GEN 1 > GEN 9?|Protosynthesis|[silent]\n|\n|-weather|none\n|upkeep\n|c|\u2606blue211087|Predict\n|c|\u2606FIRE LORD AESON!|got me good\n|inactive|FIRE LORD AESON! has 120 seconds left.\n|\n|t:|1699135028\n|switch|p1a: PLAYBOY|Cinderace, F|100\/100\n|turn|11\n|\n|t:|1699135041\n|move|p1a: PLAYBOY|Sucker Punch|p2a: Miraidon\n|-start|p1a: PLAYBOY|typechange|Dark|[from] ability: Libero\n|-damage|p2a: Miraidon|2\/100\n|-damage|p1a: PLAYBOY|91\/100|[from] item: Life Orb\n|move|p2a: Miraidon|Electro Drift|p1a: PLAYBOY\n|-damage|p1a: PLAYBOY|0 fnt\n|faint|p1a: PLAYBOY\n|\n|upkeep\n|inactive|FIRE LORD AESON! has 90 seconds left.\n|\n|t:|1699135090\n|switch|p1a: SUBSCRIBE 2 AESON!|Torkoal, F|70\/100 psn\n|-weather|SunnyDay|[from] ability: Drought|[of] p1a: SUBSCRIBE 2 AESON!\n|turn|12\n|inactive|FIRE LORD AESON! has 60 seconds left.\n|\n|t:|1699135117\n|switch|p1a: SEXY @ESON UTUBE!|Hatterene, F|50\/100\n|move|p2a: Miraidon|Draco Meteor|p1a: SEXY @ESON UTUBE!\n|-immune|p1a: SEXY @ESON UTUBE!\n|\n|-weather|SunnyDay|[upkeep]\n|upkeep\n|turn|13\n|c|\u2606blue211087|Got me good\n|\n|t:|1699135132\n|move|p2a: Miraidon|Electro Drift|p1a: SEXY @ESON UTUBE!\n|-damage|p1a: SEXY @ESON UTUBE!|0 fnt\n|faint|p1a: SEXY @ESON UTUBE!\n|\n|-weather|SunnyDay|[upkeep]\n|-fieldend|move: Electric Terrain\n|upkeep\n|c|\u2606FIRE LORD AESON!|nah....u still win\n|inactive|FIRE LORD AESON! has 60 seconds left.\n|\n|t:|1699135149\n|switch|p1a: AESON SCORSESE|Kommo-o, F|100\/100\n|turn|14\n|c|\u2606blue211087|For now\n|\n|t:|1699135171\n|-terastallize|p1a: AESON SCORSESE|Steel\n|move|p2a: Miraidon|Draco Meteor|p1a: AESON SCORSESE|[miss]\n|-miss|p2a: Miraidon|p1a: AESON SCORSESE\n|move|p1a: AESON SCORSESE|Clangorous Soul|p1a: AESON SCORSESE\n|-boost|p1a: AESON SCORSESE|atk|1\n|-boost|p1a: AESON SCORSESE|def|1\n|-boost|p1a: AESON SCORSESE|spa|1\n|-boost|p1a: AESON SCORSESE|spd|1\n|-boost|p1a: AESON SCORSESE|spe|1\n|-damage|p1a: AESON SCORSESE|68\/100\n|\n|-weather|SunnyDay|[upkeep]\n|upkeep\n|turn|15\n|\n|t:|1699135180\n|move|p1a: AESON SCORSESE|Clangorous Soul|p1a: AESON SCORSESE\n|-boost|p1a: AESON SCORSESE|atk|1\n|-boost|p1a: AESON SCORSESE|def|1\n|-boost|p1a: AESON SCORSESE|spa|1\n|-boost|p1a: AESON SCORSESE|spd|1\n|-boost|p1a: AESON SCORSESE|spe|1\n|-damage|p1a: AESON SCORSESE|35\/100\n|move|p2a: Miraidon|Draco Meteor|p1a: AESON SCORSESE\n|-resisted|p1a: AESON SCORSESE\n|-damage|p1a: AESON SCORSESE|13\/100\n|-unboost|p2a: Miraidon|spa|2\n|-enditem|p1a: AESON SCORSESE|Mago Berry|[eat]\n|-heal|p1a: AESON SCORSESE|47\/100|[from] item: Mago Berry\n|\n|-weather|SunnyDay|[upkeep]\n|upkeep\n|turn|16\n|inactive|FIRE LORD AESON! has 60 seconds left.\n|\n|t:|1699135211\n|move|p1a: AESON SCORSESE|Drain Punch|p2a: Miraidon\n|-damage|p2a: Miraidon|0 fnt\n|-heal|p1a: AESON SCORSESE|48\/100|[from] drain|[of] p2a: Miraidon\n|faint|p2a: Miraidon\n|\n|-weather|SunnyDay|[upkeep]\n|upkeep\n|c|\u2606blue211087|Omg , is a boss\n|inactive|blue211087 has 120 seconds left.\n|\n|t:|1699135233\n|switch|p2a: Hatterene|Hatterene, F|100\/100\n|-damage|p2a: Hatterene|88\/100|[from] Stealth Rock\n|-status|p2a: Hatterene|psn\n|turn|17\n|\n|t:|1699135238\n|move|p1a: AESON SCORSESE|Flash Cannon|p2a: Hatterene\n|-supereffective|p2a: Hatterene\n|-damage|p2a: Hatterene|0 fnt\n|faint|p2a: Hatterene\n|\n|-weather|SunnyDay|[upkeep]\n|upkeep\n|\n|t:|1699135243\n|switch|p2a: Koraidon|Koraidon|100\/100\n|-damage|p2a: Koraidon|94\/100|[from] Stealth Rock\n|-status|p2a: Koraidon|psn\n|-activate|p2a: Koraidon|ability: Orichalcum Pulse\n|turn|18\n|c|\u2606FIRE LORD AESON!|no...still not good enough....\n|\n|t:|1699135251\n|move|p1a: AESON SCORSESE|Clanging Scales|p2a: Koraidon\n|-supereffective|p2a: Koraidon\n|-damage|p2a: Koraidon|0 fnt\n|faint|p2a: Koraidon\n|-unboost|p1a: AESON SCORSESE|def|1\n|\n|-weather|SunnyDay|[upkeep]\n|upkeep\n|\n|t:|1699135255\n|switch|p2a: Kyogre|Kyogre|100\/100\n|-damage|p2a: Kyogre|88\/100|[from] Stealth Rock\n|-status|p2a: Kyogre|psn\n|-weather|RainDance|[from] ability: Drizzle|[of] p2a: Kyogre\n|turn|19\n|inactive|FIRE LORD AESON! has 60 seconds left.\n|\n|t:|1699135286\n|move|p1a: AESON SCORSESE|Clanging Scales|p2a: Kyogre\n|-damage|p2a: Kyogre|23\/100 psn\n|-unboost|p1a: AESON SCORSESE|def|1\n|move|p2a: Kyogre|Thunder|p1a: AESON SCORSESE\n|-damage|p1a: AESON SCORSESE|2\/100\n|\n|-weather|RainDance|[upkeep]\n|-damage|p2a: Kyogre|10\/100 psn|[from] psn\n|upkeep\n|turn|20\n|\n|t:|1699135296\n|move|p1a: AESON SCORSESE|Drain Punch|p2a: Kyogre\n|-damage|p2a: Kyogre|0 fnt\n|-heal|p1a: AESON SCORSESE|9\/100|[from] drain|[of] p2a: Kyogre\n|faint|p2a: Kyogre\n|\n|-weather|RainDance|[upkeep]\n|upkeep\n|\n|t:|1699135299\n|switch|p2a: Calyrex|Calyrex-Ice|100\/100\n|-ability|p2a: Calyrex|As One\n|-ability|p2a: Calyrex|Unnerve\n|turn|21\n|\n|t:|1699135310\n|move|p1a: AESON SCORSESE|Flash Cannon|p2a: Calyrex\n|-supereffective|p2a: Calyrex\n|-damage|p2a: Calyrex|0 fnt\n|faint|p2a: Calyrex\n|\n|win|FIRE LORD AESON!\n|raw|FIRE LORD AESON!'s rating: 1247 &rarr; <strong>1274<\/strong><br \/>(+27 for winning)\n|raw|blue211087's rating: 1275 &rarr; <strong>1248<\/strong><br \/>(-27 for losing)\n|l|\u2606blue211087\n|c|\u2606FIRE LORD AESON!|.......\n","uploadtime":1699135320,"views":26,"p1id":"firelordaeson","p2id":"blue211087","formatid":"gen9ubers","rating":1248,"private":0,"password":""}