{"id":"gen9ubers-1978578746","p1":"leonissenbaum","p2":"IcyTheScreamer","format":"[Gen 9] Ubers","log":"|j|\u2606leonissenbaum\n|j|\u2606IcyTheScreamer\n|t:|1698559523\n|gametype|singles\n|player|p1|leonissenbaum|leon|\n|player|p2|IcyTheScreamer|ingo|\n|teamsize|p1|6\n|teamsize|p2|6\n|gen|9\n|tier|[Gen 9] Ubers\n|rule|Sleep Clause Mod: Limit one foe put to sleep\n|rule|Species Clause: Limit one of each Pok\u00e9mon\n|rule|OHKO Clause: OHKO moves are banned\n|rule|Evasion Items Clause: Evasion items are banned\n|rule|Evasion Moves Clause: Evasion moves are banned\n|rule|Endless Battle Clause: Forcing endless battles is banned\n|rule|HP Percentage Mod: HP is shown in percentages\n|clearpoke\n|poke|p1|Giratina|\n|poke|p1|Gliscor, F|\n|poke|p1|Chansey, F|\n|poke|p1|Wo-Chien|\n|poke|p1|Clefable, M|\n|poke|p1|Espeon, M|\n|poke|p2|Dialga|\n|poke|p2|Gliscor, M|\n|poke|p2|Arceus-Poison|\n|poke|p2|Blissey, F|\n|poke|p2|Giratina|\n|poke|p2|Dondozo, F|\n|teampreview\n|c|\u2606leonissenbaum|behold\n|c|\u2606IcyTheScreamer|i love it\n|c|\u2606leonissenbaum|a stall team i made when coping about dozo being maybe gone with tier shifts\n|c|\u2606IcyTheScreamer|chansey is quite litteraly my fav\n|\n|t:|1698559557\n|start\n|switch|p1a: Gliscor|Gliscor, F|100\/100\n|switch|p2a: Dialga|Dialga|100\/100\n|-ability|p2a: Dialga|Pressure\n|turn|1\n|c|\u2606leonissenbaum|glorious\n|\n|t:|1698559575\n|switch|p1a: Espeon|Espeon, M|100\/100\n|move|p2a: Dialga|Stealth Rock|p1a: Espeon\n|move|p1a: Espeon|Stealth Rock|p2a: Dialga|[from]ability: Magic Bounce\n|-sidestart|p2: IcyTheScreamer|move: Stealth Rock\n|\n|upkeep\n|turn|2\n|\n|t:|1698559591\n|switch|p2a: Gliscor|Gliscor, M|100\/100\n|-damage|p2a: Gliscor|88\/100|[from] Stealth Rock\n|move|p1a: Espeon|Trick|p2a: Gliscor\n|-activate|p1a: Espeon|move: Trick|[of] p2a: Gliscor\n|-item|p2a: Gliscor|Choice Scarf|[from] move: Trick\n|-item|p1a: Espeon|Toxic Orb|[from] move: Trick\n|\n|-status|p1a: Espeon|tox|[from] item: Toxic Orb\n|upkeep\n|turn|3\n|c|\u2606leonissenbaum|GOTTEM\n|c|\u2606leonissenbaum|but only kinda since espeon is dead still\n|c|\u2606leonissenbaum|still GOTTEM\n|\n|t:|1698559646\n|-terastallize|p1a: Espeon|Fighting\n|move|p2a: Gliscor|Toxic|p1a: Espeon\n|move|p1a: Espeon|Toxic|p2a: Gliscor|[from]ability: Magic Bounce\n|-status|p2a: Gliscor|tox\n|move|p1a: Espeon|Psyshock|p2a: Gliscor\n|-damage|p2a: Gliscor|62\/100 tox\n|\n|-heal|p2a: Gliscor|75\/100 tox|[from] ability: Poison Heal\n|-damage|p1a: Espeon|95\/100 tox|[from] psn\n|upkeep\n|turn|4\n|c|\u2606leonissenbaum|o nvm i did not gottem\n|c|\u2606leonissenbaum|this is so sad\n|c|\u2606IcyTheScreamer|just like 1984\n|\n|t:|1698559673\n|switch|p2a: Blissey|Blissey, F|100\/100\n|-damage|p2a: Blissey|88\/100|[from] Stealth Rock\n|move|p1a: Espeon|Light Screen|p1a: Espeon\n|-sidestart|p1: leonissenbaum|move: Light Screen\n|\n|-heal|p2a: Blissey|94\/100|[from] item: Leftovers\n|-damage|p1a: Espeon|83\/100 tox|[from] psn\n|upkeep\n|turn|5\n|\n|t:|1698559685\n|switch|p1a: Gliscor|Gliscor, F|100\/100\n|switch|p2a: Dialga|Dialga|100\/100\n|-damage|p2a: Dialga|94\/100|[from] Stealth Rock\n|-ability|p2a: Dialga|Pressure\n|\n|-heal|p2a: Dialga|100\/100|[from] item: Leftovers\n|-status|p1a: Gliscor|tox|[from] item: Toxic Orb\n|upkeep\n|turn|6\n|\n|t:|1698559702\n|switch|p1a: Espeon|Espeon, M, tera:Fighting|83\/100 tox\n|move|p2a: Dialga|Stealth Rock|p1a: Espeon\n|move|p1a: Espeon|Stealth Rock||[from]ability: Magic Bounce|[still]\n|-fail|p1a: Espeon\n|\n|-damage|p1a: Espeon|77\/100 tox|[from] psn\n|upkeep\n|turn|7\n|\n|t:|1698559720\n|move|p1a: Espeon|Psyshock|p2a: Dialga\n|-resisted|p2a: Dialga\n|-damage|p2a: Dialga|91\/100\n|move|p2a: Dialga|Earth Power|p1a: Espeon\n|-damage|p1a: Espeon|66\/100 tox\n|\n|-heal|p2a: Dialga|98\/100|[from] item: Leftovers\n|-damage|p1a: Espeon|54\/100 tox|[from] psn\n|upkeep\n|turn|8\n|\n|t:|1698559733\n|move|p1a: Espeon|Morning Sun|p1a: Espeon\n|-heal|p1a: Espeon|100\/100 tox\n|move|p2a: Dialga|Earth Power|p1a: Espeon\n|-damage|p1a: Espeon|90\/100 tox\n|-unboost|p1a: Espeon|spd|1\n|\n|-heal|p2a: Dialga|100\/100|[from] item: Leftovers\n|-damage|p1a: Espeon|72\/100 tox|[from] psn\n|-sideend|p1: leonissenbaum|move: Light Screen\n|upkeep\n|turn|9\n|\n|t:|1698559751\n|switch|p1a: Gliscor|Gliscor, F|100\/100 tox\n|switch|p2a: Gliscor|Gliscor, M|75\/100 tox\n|-damage|p2a: Gliscor|62\/100 tox|[from] Stealth Rock\n|\n|-heal|p2a: Gliscor|75\/100 tox|[from] ability: Poison Heal\n|upkeep\n|turn|10\n|\n|t:|1698559759\n|switch|p1a: Espeon|Espeon, M, tera:Fighting|72\/100 tox\n|move|p2a: Gliscor|Knock Off|p1a: Espeon\n|-resisted|p1a: Espeon\n|-damage|p1a: Espeon|55\/100 tox\n|-enditem|p1a: Espeon|Toxic Orb|[from] move: Knock Off|[of] p2a: Gliscor\n|\n|-heal|p2a: Gliscor|87\/100 tox|[from] ability: Poison Heal\n|-damage|p1a: Espeon|49\/100 tox|[from] psn\n|upkeep\n|turn|11\n|\n|t:|1698559768\n|switch|p2a: Dondozo|Dondozo, F|100\/100\n|-damage|p2a: Dondozo|88\/100|[from] Stealth Rock\n|move|p1a: Espeon|Morning Sun|p1a: Espeon\n|-heal|p1a: Espeon|99\/100 tox\n|\n|-damage|p1a: Espeon|87\/100 tox|[from] psn\n|upkeep\n|turn|12\n|\n|t:|1698559776\n|switch|p1a: Gliscor|Gliscor, F|100\/100 tox\n|move|p2a: Dondozo|Curse|p2a: Dondozo\n|-unboost|p2a: Dondozo|spe|1\n|-boost|p2a: Dondozo|atk|1\n|-boost|p2a: Dondozo|def|1\n|\n|upkeep\n|turn|13\n|\n|t:|1698559789\n|-terastallize|p2a: Dondozo|Steel\n|move|p1a: Gliscor|Toxic Spikes|p2a: Dondozo\n|-sidestart|p2: IcyTheScreamer|move: Toxic Spikes\n|move|p2a: Dondozo|Curse|p2a: Dondozo\n|-unboost|p2a: Dondozo|spe|1\n|-boost|p2a: Dondozo|atk|1\n|-boost|p2a: Dondozo|def|1\n|\n|upkeep\n|turn|14\n|j| vespyyy\n|\n|t:|1698559798\n|switch|p1a: Giratina|Giratina, shiny|100\/100\n|-ability|p1a: Giratina|Pressure\n|move|p2a: Dondozo|Waterfall|p1a: Giratina\n|-resisted|p1a: Giratina\n|-damage|p1a: Giratina|83\/100\n|\n|-heal|p1a: Giratina|89\/100|[from] item: Leftovers\n|upkeep\n|turn|15\n|\n|t:|1698559807\n|move|p1a: Giratina|Thunder Wave|p2a: Dondozo\n|-status|p2a: Dondozo|par\n|cant|p2a: Dondozo|par\n|\n|-heal|p1a: Giratina|96\/100|[from] item: Leftovers\n|upkeep\n|turn|16\n|\n|t:|1698559812\n|move|p1a: Giratina|Hex|p2a: Dondozo\n|-damage|p2a: Dondozo|41\/100 par\n|move|p2a: Dondozo|Curse|p2a: Dondozo\n|-unboost|p2a: Dondozo|spe|1\n|-boost|p2a: Dondozo|atk|1\n|-boost|p2a: Dondozo|def|1\n|\n|-heal|p1a: Giratina|100\/100|[from] item: Leftovers\n|upkeep\n|turn|17\n|\n|t:|1698559819\n|switch|p2a: Arceus|Arceus-Poison|100\/100\n|-damage|p2a: Arceus|88\/100|[from] Stealth Rock\n|-sideend|p2: IcyTheScreamer|move: Toxic Spikes|[of] p2a: Arceus\n|move|p1a: Giratina|Hex|p2a: Arceus\n|-damage|p2a: Arceus|73\/100\n|\n|upkeep\n|turn|18\n|\n|t:|1698559825\n|move|p2a: Arceus|Taunt|p1a: Giratina\n|-start|p1a: Giratina|move: Taunt\n|cant|p1a: Giratina|move: Taunt|Thunder Wave\n|\n|upkeep\n|turn|19\n|\n|t:|1698559835\n|switch|p2a: Blissey|Blissey, F|94\/100\n|-damage|p2a: Blissey|82\/100|[from] Stealth Rock\n|switch|p1a: Gliscor|Gliscor, F|100\/100 tox\n|\n|-heal|p2a: Blissey|88\/100|[from] item: Leftovers\n|upkeep\n|turn|20\n|\n|t:|1698559844\n|move|p1a: Gliscor|Spikes|p2a: Blissey\n|-sidestart|p2: IcyTheScreamer|Spikes\n|move|p2a: Blissey|Ice Beam|p1a: Gliscor\n|-supereffective|p1a: Gliscor\n|-damage|p1a: Gliscor|45\/100 tox\n|\n|-heal|p2a: Blissey|94\/100|[from] item: Leftovers\n|-heal|p1a: Gliscor|58\/100 tox|[from] ability: Poison Heal\n|upkeep\n|turn|21\n|\n|t:|1698559851\n|move|p1a: Gliscor|Protect|p1a: Gliscor\n|-singleturn|p1a: Gliscor|Protect\n|move|p2a: Blissey|Heal Bell|p2a: Blissey\n|-activate|p2a: Blissey|move: Heal Bell\n|-curestatus|p2: Dondozo|par|[msg]\n|-curestatus|p2: Gliscor|tox|[msg]\n|\n|-heal|p2a: Blissey|99\/100|[from] item: Leftovers\n|-heal|p1a: Gliscor|70\/100 tox|[from] ability: Poison Heal\n|upkeep\n|turn|22\n|c|\u2606leonissenbaum|wait\n|c|\u2606leonissenbaum|gottem gliscor??\n|c|\u2606leonissenbaum|les go\n|\n|t:|1698559869\n|switch|p1a: Wo-Chien|Wo-Chien|100\/100\n|-ability|p1a: Wo-Chien|Tablets of Ruin\n|move|p2a: Blissey|Ice Beam|p1a: Wo-Chien\n|-supereffective|p1a: Wo-Chien\n|-damage|p1a: Wo-Chien|75\/100\n|\n|-heal|p1a: Wo-Chien|82\/100|[from] item: Leftovers\n|-heal|p2a: Blissey|100\/100|[from] item: Leftovers\n|upkeep\n|turn|23\n|l| vespyyy\n|\n|t:|1698559879\n|move|p1a: Wo-Chien|Leech Seed|p2a: Blissey\n|-start|p2a: Blissey|move: Leech Seed\n|move|p2a: Blissey|Stealth Rock|p1a: Wo-Chien\n|-sidestart|p1: leonissenbaum|move: Stealth Rock\n|\n|-heal|p1a: Wo-Chien|88\/100|[from] item: Leftovers\n|-damage|p2a: Blissey|88\/100|[from] Leech Seed|[of] p1a: Wo-Chien\n|-heal|p1a: Wo-Chien|100\/100|[silent]\n|upkeep\n|turn|24\n|\n|t:|1698559886\n|switch|p2a: Gliscor|Gliscor, M|87\/100\n|-damage|p2a: Gliscor|75\/100|[from] Stealth Rock\n|move|p1a: Wo-Chien|Knock Off|p2a: Gliscor\n|-damage|p2a: Gliscor|53\/100\n|-enditem|p2a: Gliscor|Choice Scarf|[from] move: Knock Off|[of] p1a: Wo-Chien\n|\n|upkeep\n|turn|25\n|c|\u2606IcyTheScreamer|thx\n|c|\u2606leonissenbaum|dam\n|\n|t:|1698559904\n|move|p2a: Gliscor|Toxic|p1a: Wo-Chien\n|-status|p1a: Wo-Chien|tox\n|move|p1a: Wo-Chien|Leech Seed|p2a: Gliscor\n|-start|p2a: Gliscor|move: Leech Seed\n|\n|-damage|p2a: Gliscor|41\/100|[from] Leech Seed|[of] p1a: Wo-Chien\n|-damage|p1a: Wo-Chien|94\/100 tox|[from] psn\n|upkeep\n|turn|26\n|\n|t:|1698559913\n|switch|p2a: Arceus|Arceus-Poison|73\/100\n|-damage|p2a: Arceus|60\/100|[from] Stealth Rock\n|-damage|p2a: Arceus|48\/100|[from] Spikes\n|move|p1a: Wo-Chien|Giga Drain|p2a: Arceus\n|-resisted|p2a: Arceus\n|-damage|p2a: Arceus|39\/100\n|-heal|p1a: Wo-Chien|99\/100 tox|[from] drain|[of] p2a: Arceus\n|\n|-heal|p1a: Wo-Chien|100\/100 tox|[from] item: Leftovers\n|-damage|p1a: Wo-Chien|88\/100 tox|[from] psn\n|upkeep\n|turn|27\n|\n|t:|1698559921\n|switch|p1a: Gliscor|Gliscor, F|70\/100 tox\n|-damage|p1a: Gliscor|58\/100 tox|[from] Stealth Rock\n|move|p2a: Arceus|Recover|p2a: Arceus\n|-heal|p2a: Arceus|89\/100\n|\n|-heal|p1a: Gliscor|70\/100 tox|[from] ability: Poison Heal\n|upkeep\n|turn|28\n|\n|t:|1698559928\n|switch|p2a: Gliscor|Gliscor, M|41\/100\n|-damage|p2a: Gliscor|28\/100|[from] Stealth Rock\n|move|p1a: Gliscor|Spikes|p2a: Gliscor\n|-sidestart|p2: IcyTheScreamer|Spikes\n|\n|-heal|p1a: Gliscor|82\/100 tox|[from] ability: Poison Heal\n|upkeep\n|turn|29\n|\n|t:|1698559953\n|switch|p2a: Giratina|Giratina|100\/100\n|-damage|p2a: Giratina|88\/100|[from] Stealth Rock\n|-damage|p2a: Giratina|71\/100|[from] Spikes\n|-ability|p2a: Giratina|Pressure\n|move|p1a: Gliscor|Knock Off|p2a: Giratina\n|-supereffective|p2a: Giratina\n|-damage|p2a: Giratina|47\/100\n|-enditem|p2a: Giratina|Leftovers|[from] move: Knock Off|[of] p1a: Gliscor\n|\n|-heal|p1a: Gliscor|95\/100 tox|[from] ability: Poison Heal\n|upkeep\n|turn|30\n|\n|t:|1698559969\n|move|p1a: Gliscor|Spikes|p2a: Giratina\n|-sidestart|p2: IcyTheScreamer|Spikes\n|move|p2a: Giratina|Defog|p1a: Gliscor\n|-unboost|p1a: Gliscor|evasion|1\n|-sideend|p1: leonissenbaum|Stealth Rock|[from] move: Defog|[of] p2a: Giratina\n|-sideend|p2: IcyTheScreamer|Spikes|[from] move: Defog|[of] p2a: Giratina\n|-sideend|p2: IcyTheScreamer|Stealth Rock|[from] move: Defog|[of] p2a: Giratina\n|\n|-heal|p1a: Gliscor|100\/100 tox|[from] ability: Poison Heal\n|upkeep\n|turn|31\n|\n|t:|1698559976\n|move|p1a: Gliscor|Spikes|p2a: Giratina\n|-sidestart|p2: IcyTheScreamer|Spikes\n|move|p2a: Giratina|Roar|p1a: Gliscor\n|drag|p1a: Chansey|Chansey, F|100\/100\n|\n|upkeep\n|turn|32\n|\n|t:|1698559983\n|move|p2a: Giratina|Defog|p1a: Chansey\n|-unboost|p1a: Chansey|evasion|1\n|-sideend|p2: IcyTheScreamer|Spikes|[from] move: Defog|[of] p2a: Giratina\n|move|p1a: Chansey|Stealth Rock|p2a: Giratina\n|-sidestart|p2: IcyTheScreamer|move: Stealth Rock\n|\n|upkeep\n|turn|33\n|\n|t:|1698559988\n|move|p2a: Giratina|Defog|p1a: Chansey\n|-unboost|p1a: Chansey|evasion|1\n|-sideend|p2: IcyTheScreamer|Stealth Rock|[from] move: Defog|[of] p2a: Giratina\n|move|p1a: Chansey|Shadow Ball|p2a: Giratina\n|-supereffective|p2a: Giratina\n|-damage|p2a: Giratina|40\/100\n|\n|upkeep\n|turn|34\n|\n|t:|1698560003\n|switch|p2a: Dondozo|Dondozo, F, tera:Steel|41\/100\n|move|p1a: Chansey|Stealth Rock|p2a: Dondozo\n|-sidestart|p2: IcyTheScreamer|move: Stealth Rock\n|\n|upkeep\n|turn|35\n|\n|t:|1698560009\n|switch|p1a: Gliscor|Gliscor, F|100\/100 tox\n|move|p2a: Dondozo|Rest|p2a: Dondozo\n|-status|p2a: Dondozo|slp|[from] move: Rest\n|-heal|p2a: Dondozo|100\/100 slp|[silent]\n|\n|upkeep\n|turn|36\n|\n|t:|1698560019\n|switch|p2a: Arceus|Arceus-Poison|89\/100\n|-damage|p2a: Arceus|77\/100|[from] Stealth Rock\n|move|p1a: Gliscor|Knock Off|p2a: Arceus\n|-damage|p2a: Arceus|68\/100\n|\n|upkeep\n|turn|37\n|\n|t:|1698560027\n|move|p2a: Arceus|Taunt|p1a: Gliscor\n|-start|p1a: Gliscor|move: Taunt\n|cant|p1a: Gliscor|move: Taunt|Spikes\n|\n|upkeep\n|turn|38\n|\n|t:|1698560039\n|switch|p1a: Giratina|Giratina, shiny|100\/100\n|-ability|p1a: Giratina|Pressure\n|move|p2a: Arceus|Judgment|p1a: Giratina\n|-resisted|p1a: Giratina\n|-damage|p1a: Giratina|86\/100\n|\n|-heal|p1a: Giratina|92\/100|[from] item: Leftovers\n|upkeep\n|turn|39\n|\n|t:|1698560049\n|switch|p2a: Gliscor|Gliscor, M|28\/100\n|-damage|p2a: Gliscor|16\/100|[from] Stealth Rock\n|move|p1a: Giratina|Thunder Wave|p2a: Gliscor\n|-immune|p2a: Gliscor\n|\n|-heal|p1a: Giratina|98\/100|[from] item: Leftovers\n|upkeep\n|turn|40\n|\n|t:|1698560057\n|move|p2a: Gliscor|Knock Off|p1a: Giratina\n|-supereffective|p1a: Giratina\n|-damage|p1a: Giratina|72\/100\n|-enditem|p1a: Giratina|Leftovers|[from] move: Knock Off|[of] p2a: Gliscor\n|move|p1a: Giratina|Hex|p2a: Gliscor\n|-crit|p2a: Gliscor\n|-damage|p2a: Gliscor|0 fnt\n|faint|p2a: Gliscor\n|\n|upkeep\n|\n|t:|1698560064\n|switch|p2a: Blissey|Blissey, F|88\/100\n|-damage|p2a: Blissey|76\/100|[from] Stealth Rock\n|turn|41\n|\n|t:|1698560083\n|switch|p1a: Wo-Chien|Wo-Chien|88\/100 tox\n|-ability|p1a: Wo-Chien|Tablets of Ruin\n|move|p2a: Blissey|Stealth Rock|p1a: Wo-Chien\n|-sidestart|p1: leonissenbaum|move: Stealth Rock\n|\n|-heal|p1a: Wo-Chien|94\/100 tox|[from] item: Leftovers\n|-heal|p2a: Blissey|82\/100|[from] item: Leftovers\n|-damage|p1a: Wo-Chien|88\/100 tox|[from] psn\n|upkeep\n|turn|42\n|\n|t:|1698560097\n|move|p1a: Wo-Chien|Leech Seed|p2a: Blissey\n|-start|p2a: Blissey|move: Leech Seed\n|move|p2a: Blissey|Ice Beam|p1a: Wo-Chien\n|-supereffective|p1a: Wo-Chien\n|-damage|p1a: Wo-Chien|66\/100 tox\n|\n|-heal|p1a: Wo-Chien|72\/100 tox|[from] item: Leftovers\n|-heal|p2a: Blissey|88\/100|[from] item: Leftovers\n|-damage|p2a: Blissey|75\/100|[from] Leech Seed|[of] p1a: Wo-Chien\n|-heal|p1a: Wo-Chien|96\/100 tox|[silent]\n|-damage|p1a: Wo-Chien|83\/100 tox|[from] psn\n|upkeep\n|turn|43\n|\n|t:|1698560109\n|move|p1a: Wo-Chien|Knock Off|p2a: Blissey\n|-damage|p2a: Blissey|50\/100\n|-enditem|p2a: Blissey|Leftovers|[from] move: Knock Off|[of] p1a: Wo-Chien\n|move|p2a: Blissey|Ice Beam|p1a: Wo-Chien\n|-supereffective|p1a: Wo-Chien\n|-damage|p1a: Wo-Chien|61\/100 tox\n|\n|-heal|p1a: Wo-Chien|67\/100 tox|[from] item: Leftovers\n|-damage|p2a: Blissey|38\/100|[from] Leech Seed|[of] p1a: Wo-Chien\n|-heal|p1a: Wo-Chien|91\/100 tox|[silent]\n|-damage|p1a: Wo-Chien|72\/100 tox|[from] psn\n|upkeep\n|turn|44\n|\n|t:|1698560119\n|move|p1a: Wo-Chien|Protect|p1a: Wo-Chien\n|-singleturn|p1a: Wo-Chien|Protect\n|move|p2a: Blissey|Soft-Boiled|p2a: Blissey\n|-heal|p2a: Blissey|88\/100\n|\n|-heal|p1a: Wo-Chien|79\/100 tox|[from] item: Leftovers\n|-damage|p2a: Blissey|75\/100|[from] Leech Seed|[of] p1a: Wo-Chien\n|-heal|p1a: Wo-Chien|100\/100 tox|[silent]\n|-damage|p1a: Wo-Chien|76\/100 tox|[from] psn\n|upkeep\n|turn|45\n|\n|t:|1698560136\n|switch|p1a: Gliscor|Gliscor, F|100\/100 tox\n|-damage|p1a: Gliscor|88\/100 tox|[from] Stealth Rock\n|move|p2a: Blissey|Ice Beam|p1a: Gliscor\n|-supereffective|p1a: Gliscor\n|-damage|p1a: Gliscor|35\/100 tox\n|\n|-damage|p2a: Blissey|63\/100|[from] Leech Seed|[of] p1a: Gliscor\n|-heal|p1a: Gliscor|60\/100 tox|[silent]\n|-heal|p1a: Gliscor|73\/100 tox|[from] ability: Poison Heal\n|upkeep\n|turn|46\n|\n|t:|1698560146\n|switch|p2a: Arceus|Arceus-Poison|68\/100\n|-damage|p2a: Arceus|56\/100|[from] Stealth Rock\n|move|p1a: Gliscor|Protect||[still]\n|-fail|p1a: Gliscor\n|\n|-heal|p1a: Gliscor|85\/100 tox|[from] ability: Poison Heal\n|upkeep\n|turn|47\n|\n|t:|1698560152\n|move|p2a: Arceus|Taunt|p1a: Gliscor\n|-start|p1a: Gliscor|move: Taunt\n|cant|p1a: Gliscor|move: Taunt|Spikes\n|\n|-heal|p1a: Gliscor|97\/100 tox|[from] ability: Poison Heal\n|upkeep\n|turn|48\n|\n|t:|1698560156\n|move|p2a: Arceus|Recover|p2a: Arceus\n|-heal|p2a: Arceus|100\/100\n|move|p1a: Gliscor|Knock Off|p2a: Arceus\n|-damage|p2a: Arceus|91\/100\n|\n|-heal|p1a: Gliscor|100\/100 tox|[from] ability: Poison Heal\n|upkeep\n|turn|49\n|\n|t:|1698560167\n|move|p2a: Arceus|Judgment|p1a: Gliscor\n|-resisted|p1a: Gliscor\n|-damage|p1a: Gliscor|75\/100 tox\n|move|p1a: Gliscor|Knock Off|p2a: Arceus\n|-damage|p2a: Arceus|81\/100\n|\n|-heal|p1a: Gliscor|87\/100 tox|[from] ability: Poison Heal\n|-end|p1a: Gliscor|move: Taunt\n|upkeep\n|turn|50\n|\n|t:|1698560172\n|move|p2a: Arceus|Judgment|p1a: Gliscor\n|-resisted|p1a: Gliscor\n|-damage|p1a: Gliscor|59\/100 tox\n|move|p1a: Gliscor|Spikes|p2a: Arceus\n|-sidestart|p2: IcyTheScreamer|Spikes\n|\n|-heal|p1a: Gliscor|71\/100 tox|[from] ability: Poison Heal\n|upkeep\n|turn|51\n|\n|t:|1698560176\n|move|p1a: Gliscor|Protect|p1a: Gliscor\n|-singleturn|p1a: Gliscor|Protect\n|move|p2a: Arceus|Taunt|p1a: Gliscor\n|-activate|p1a: Gliscor|move: Protect\n|\n|-heal|p1a: Gliscor|84\/100 tox|[from] ability: Poison Heal\n|upkeep\n|turn|52\n|\n|t:|1698560179\n|move|p2a: Arceus|Taunt|p1a: Gliscor\n|-start|p1a: Gliscor|move: Taunt\n|cant|p1a: Gliscor|move: Taunt|Spikes\n|\n|-heal|p1a: Gliscor|96\/100 tox|[from] ability: Poison Heal\n|upkeep\n|turn|53\n|\n|t:|1698560183\n|move|p2a: Arceus|Flamethrower|p1a: Gliscor\n|-damage|p1a: Gliscor|67\/100 tox\n|move|p1a: Gliscor|Knock Off|p2a: Arceus\n|-damage|p2a: Arceus|71\/100\n|\n|-heal|p1a: Gliscor|80\/100 tox|[from] ability: Poison Heal\n|upkeep\n|turn|54\n|\n|t:|1698560188\n|move|p2a: Arceus|Flamethrower|p1a: Gliscor\n|-damage|p1a: Gliscor|53\/100 tox\n|move|p1a: Gliscor|Knock Off|p2a: Arceus\n|-damage|p2a: Arceus|62\/100\n|\n|-heal|p1a: Gliscor|65\/100 tox|[from] ability: Poison Heal\n|-end|p1a: Gliscor|move: Taunt\n|upkeep\n|turn|55\n|\n|t:|1698560194\n|move|p1a: Gliscor|Protect|p1a: Gliscor\n|-singleturn|p1a: Gliscor|Protect\n|move|p2a: Arceus|Taunt|p1a: Gliscor\n|-activate|p1a: Gliscor|move: Protect\n|\n|-heal|p1a: Gliscor|78\/100 tox|[from] ability: Poison Heal\n|upkeep\n|turn|56\n|\n|t:|1698560198\n|move|p2a: Arceus|Taunt|p1a: Gliscor\n|-start|p1a: Gliscor|move: Taunt\n|cant|p1a: Gliscor|move: Taunt|Spikes\n|\n|-heal|p1a: Gliscor|90\/100 tox|[from] ability: Poison Heal\n|upkeep\n|turn|57\n|\n|t:|1698560205\n|switch|p1a: Chansey|Chansey, F|100\/100\n|-damage|p1a: Chansey|88\/100|[from] Stealth Rock\n|move|p2a: Arceus|Flamethrower|p1a: Chansey\n|-damage|p1a: Chansey|80\/100\n|\n|upkeep\n|turn|58\n|\n|t:|1698560212\n|move|p2a: Arceus|Taunt|p1a: Chansey\n|-start|p1a: Chansey|move: Taunt\n|move|p1a: Chansey|Seismic Toss|p2a: Arceus\n|-damage|p2a: Arceus|40\/100\n|\n|upkeep\n|turn|59\n|\n|t:|1698560220\n|switch|p2a: Dondozo|Dondozo, F, tera:Steel|100\/100 slp\n|-damage|p2a: Dondozo|94\/100 slp|[from] Stealth Rock\n|-damage|p2a: Dondozo|82\/100 slp|[from] Spikes\n|move|p1a: Chansey|Seismic Toss|p2a: Dondozo\n|-damage|p2a: Dondozo|62\/100 slp\n|-damage|p1a: Chansey|63\/100|[from] item: Rocky Helmet|[of] p2a: Dondozo\n|\n|upkeep\n|turn|60\n|\n|t:|1698560230\n|switch|p1a: Gliscor|Gliscor, F|90\/100 tox\n|-damage|p1a: Gliscor|78\/100 tox|[from] Stealth Rock\n|cant|p2a: Dondozo|slp\n|move|p2a: Dondozo|Sleep Talk|p2a: Dondozo\n|move|p2a: Dondozo|Waterfall|p1a: Gliscor|[from]move: Sleep Talk\n|-supereffective|p1a: Gliscor\n|-damage|p1a: Gliscor|35\/100 tox\n|\n|-heal|p1a: Gliscor|47\/100 tox|[from] ability: Poison Heal\n|upkeep\n|turn|61\n|\n|t:|1698560236\n|move|p1a: Gliscor|Protect|p1a: Gliscor\n|-singleturn|p1a: Gliscor|Protect\n|cant|p2a: Dondozo|slp\n|move|p2a: Dondozo|Sleep Talk|p2a: Dondozo\n|move|p2a: Dondozo|Rest||[from]move: Sleep Talk|[still]\n|-fail|p2a: Dondozo\n|\n|-heal|p1a: Gliscor|60\/100 tox|[from] ability: Poison Heal\n|upkeep\n|turn|62\n|\n|t:|1698560243\n|move|p1a: Gliscor|Spikes|p2a: Dondozo\n|-sidestart|p2: IcyTheScreamer|Spikes\n|-curestatus|p2a: Dondozo|slp|[msg]\n|move|p2a: Dondozo|Curse|p2a: Dondozo\n|-unboost|p2a: Dondozo|spe|1\n|-boost|p2a: Dondozo|atk|1\n|-boost|p2a: Dondozo|def|1\n|\n|-heal|p1a: Gliscor|72\/100 tox|[from] ability: Poison Heal\n|upkeep\n|turn|63\n|\n|t:|1698560253\n|move|p1a: Gliscor|Protect|p1a: Gliscor\n|-singleturn|p1a: Gliscor|Protect\n|move|p2a: Dondozo|Curse|p2a: Dondozo\n|-unboost|p2a: Dondozo|spe|1\n|-boost|p2a: Dondozo|atk|1\n|-boost|p2a: Dondozo|def|1\n|\n|-heal|p1a: Gliscor|85\/100 tox|[from] ability: Poison Heal\n|upkeep\n|turn|64\n|\n|t:|1698560264\n|switch|p1a: Giratina|Giratina, shiny|72\/100\n|-damage|p1a: Giratina|60\/100|[from] Stealth Rock\n|-ability|p1a: Giratina|Pressure\n|move|p2a: Dondozo|Waterfall|p1a: Giratina\n|-resisted|p1a: Giratina\n|-damage|p1a: Giratina|45\/100\n|\n|upkeep\n|turn|65\n|c|\u2606IcyTheScreamer|what is that unaware??\n|c|\u2606IcyTheScreamer|jesus\n|c|\u2606leonissenbaum|lmao\n|\n|t:|1698560291\n|switch|p2a: Blissey|Blissey, F|63\/100\n|-damage|p2a: Blissey|50\/100|[from] Stealth Rock\n|-damage|p2a: Blissey|34\/100|[from] Spikes\n|move|p1a: Giratina|Rest|p1a: Giratina\n|-status|p1a: Giratina|slp|[from] move: Rest\n|-heal|p1a: Giratina|100\/100 slp|[silent]\n|\n|upkeep\n|turn|66\n|\n|t:|1698560304\n|cant|p1a: Giratina|slp\n|move|p2a: Blissey|Soft-Boiled|p2a: Blissey\n|-heal|p2a: Blissey|84\/100\n|\n|upkeep\n|turn|67\n|\n|t:|1698560309\n|cant|p1a: Giratina|slp\n|move|p2a: Blissey|Ice Beam|p1a: Giratina\n|-supereffective|p1a: Giratina\n|-damage|p1a: Giratina|85\/100 slp\n|\n|upkeep\n|turn|68\n|\n|t:|1698560319\n|move|p2a: Blissey|Ice Beam|p1a: Giratina\n|-supereffective|p1a: Giratina\n|-damage|p1a: Giratina|71\/100 slp\n|-curestatus|p1a: Giratina|slp|[msg]\n|move|p1a: Giratina|Roar|p2a: Blissey\n|drag|p2a: Dialga|Dialga|100\/100\n|-damage|p2a: Dialga|94\/100|[from] Stealth Rock\n|-damage|p2a: Dialga|78\/100|[from] Spikes\n|-ability|p2a: Dialga|Pressure\n|\n|-heal|p2a: Dialga|84\/100|[from] item: Leftovers\n|upkeep\n|turn|69\n|\n|t:|1698560329\n|switch|p1a: Chansey|Chansey, F|63\/100\n|-damage|p1a: Chansey|51\/100|[from] Stealth Rock\n|move|p2a: Dialga|Roar|p1a: Chansey\n|drag|p1a: Clefable|Clefable, M|100\/100\n|-damage|p1a: Clefable|88\/100|[from] Stealth Rock\n|\n|-heal|p2a: Dialga|90\/100|[from] item: Leftovers\n|-heal|p1a: Clefable|94\/100|[from] item: Leftovers\n|upkeep\n|turn|70\n|\n|t:|1698560338\n|switch|p2a: Blissey|Blissey, F|84\/100\n|-damage|p2a: Blissey|71\/100|[from] Stealth Rock\n|-damage|p2a: Blissey|54\/100|[from] Spikes\n|move|p1a: Clefable|Protect||[still]\n|-fail|p1a: Clefable\n|\n|-heal|p1a: Clefable|99\/100|[from] item: Leftovers\n|upkeep\n|turn|71\n|\n|t:|1698560345\n|move|p1a: Clefable|Calm Mind|p1a: Clefable\n|-boost|p1a: Clefable|spa|1\n|-boost|p1a: Clefable|spd|1\n|move|p2a: Blissey|Soft-Boiled|p2a: Blissey\n|-heal|p2a: Blissey|100\/100\n|\n|-heal|p1a: Clefable|100\/100|[from] item: Leftovers\n|upkeep\n|turn|72\n|\n|t:|1698560350\n|switch|p2a: Dondozo|Dondozo, F, tera:Steel|62\/100\n|-damage|p2a: Dondozo|56\/100|[from] Stealth Rock\n|-damage|p2a: Dondozo|39\/100|[from] Spikes\n|move|p1a: Clefable|Calm Mind|p1a: Clefable\n|-boost|p1a: Clefable|spa|1\n|-boost|p1a: Clefable|spd|1\n|\n|upkeep\n|turn|73\n|\n|t:|1698560360\n|move|p1a: Clefable|Wish|p1a: Clefable\n|move|p2a: Dondozo|Rest|p2a: Dondozo\n|-status|p2a: Dondozo|slp|[from] move: Rest\n|-heal|p2a: Dondozo|100\/100 slp|[silent]\n|\n|upkeep\n|turn|74\n|\n|t:|1698560370\n|switch|p1a: Giratina|Giratina, shiny|71\/100\n|-damage|p1a: Giratina|59\/100|[from] Stealth Rock\n|-ability|p1a: Giratina|Pressure\n|cant|p2a: Dondozo|slp\n|move|p2a: Dondozo|Sleep Talk|p2a: Dondozo\n|move|p2a: Dondozo|Curse|p2a: Dondozo|[from]move: Sleep Talk\n|-unboost|p2a: Dondozo|spe|1\n|-boost|p2a: Dondozo|atk|1\n|-boost|p2a: Dondozo|def|1\n|\n|-heal|p1a: Giratina|98\/100|[from] move: Wish|[wisher] Clefable\n|upkeep\n|turn|75\n|\n|t:|1698560378\n|move|p1a: Giratina|Hex|p2a: Dondozo\n|-damage|p2a: Dondozo|54\/100 slp\n|cant|p2a: Dondozo|slp\n|move|p2a: Dondozo|Sleep Talk|p2a: Dondozo\n|move|p2a: Dondozo|Curse|p2a: Dondozo|[from]move: Sleep Talk\n|-unboost|p2a: Dondozo|spe|1\n|-boost|p2a: Dondozo|atk|1\n|-boost|p2a: Dondozo|def|1\n|\n|upkeep\n|turn|76\n|\n|t:|1698560387\n|move|p1a: Giratina|Hex|p2a: Dondozo\n|-damage|p2a: Dondozo|10\/100 slp\n|-curestatus|p2a: Dondozo|slp|[msg]\n|move|p2a: Dondozo|Waterfall|p1a: Giratina\n|-resisted|p1a: Giratina\n|-damage|p1a: Giratina|81\/100\n|\n|upkeep\n|turn|77\n|\n|t:|1698560396\n|move|p1a: Giratina|Hex|p2a: Dondozo\n|-damage|p2a: Dondozo|0 fnt\n|faint|p2a: Dondozo\n|\n|upkeep\n|\n|t:|1698560399\n|switch|p2a: Blissey|Blissey, F|100\/100\n|-damage|p2a: Blissey|88\/100|[from] Stealth Rock\n|-damage|p2a: Blissey|71\/100|[from] Spikes\n|turn|78\n|\n|t:|1698560407\n|move|p2a: Blissey|Ice Beam|p1a: Giratina\n|-supereffective|p1a: Giratina\n|-damage|p1a: Giratina|67\/100\n|move|p1a: Giratina|Roar|p2a: Blissey\n|drag|p2a: Dialga|Dialga|90\/100\n|-damage|p2a: Dialga|84\/100|[from] Stealth Rock\n|-damage|p2a: Dialga|67\/100|[from] Spikes\n|-ability|p2a: Dialga|Pressure\n|\n|-heal|p2a: Dialga|74\/100|[from] item: Leftovers\n|upkeep\n|turn|79\n|\n|t:|1698560428\n|switch|p1a: Chansey|Chansey, F|51\/100\n|-damage|p1a: Chansey|38\/100|[from] Stealth Rock\n|move|p2a: Dialga|Earth Power|p1a: Chansey\n|-damage|p1a: Chansey|31\/100\n|\n|-heal|p2a: Dialga|80\/100|[from] item: Leftovers\n|upkeep\n|turn|80\n|\n|t:|1698560440\n|move|p1a: Chansey|Soft-Boiled|p1a: Chansey\n|-heal|p1a: Chansey|81\/100\n|move|p2a: Dialga|Roar|p1a: Chansey\n|drag|p1a: Gliscor|Gliscor, F|85\/100 tox\n|-damage|p1a: Gliscor|72\/100 tox|[from] Stealth Rock\n|\n|-heal|p2a: Dialga|86\/100|[from] item: Leftovers\n|-heal|p1a: Gliscor|85\/100 tox|[from] ability: Poison Heal\n|upkeep\n|turn|81\n|\n|t:|1698560452\n|move|p1a: Gliscor|Knock Off|p2a: Dialga\n|-damage|p2a: Dialga|74\/100\n|-enditem|p2a: Dialga|Leftovers|[from] move: Knock Off|[of] p1a: Gliscor\n|move|p2a: Dialga|Roar|p1a: Gliscor\n|drag|p1a: Espeon|Espeon, M, tera:Fighting|87\/100 tox\n|-damage|p1a: Espeon|81\/100 tox|[from] Stealth Rock\n|\n|-damage|p1a: Espeon|75\/100 tox|[from] psn\n|upkeep\n|turn|82\n|\n|t:|1698560461\n|move|p1a: Espeon|Light Screen|p1a: Espeon\n|-sidestart|p1: leonissenbaum|move: Light Screen\n|move|p2a: Dialga|Roar|p1a: Espeon\n|move|p1a: Espeon|Roar|p2a: Dialga|[from]ability: Magic Bounce\n|drag|p2a: Arceus|Arceus-Poison|40\/100\n|-damage|p2a: Arceus|27\/100|[from] Stealth Rock\n|-damage|p2a: Arceus|11\/100|[from] Spikes\n|\n|-damage|p1a: Espeon|63\/100 tox|[from] psn\n|upkeep\n|turn|83\n|c|\u2606IcyTheScreamer|imma be honest, i forgot espeons whole thing\n|\n|t:|1698560489\n|move|p2a: Arceus|Recover|p2a: Arceus\n|-heal|p2a: Arceus|61\/100\n|move|p1a: Espeon|Psyshock|p2a: Arceus\n|-supereffective|p2a: Arceus\n|-damage|p2a: Arceus|12\/100\n|\n|-damage|p1a: Espeon|45\/100 tox|[from] psn\n|upkeep\n|turn|84\n|c|\u2606leonissenbaum|lmao\n|\n|t:|1698560496\n|move|p2a: Arceus|Recover|p2a: Arceus\n|-heal|p2a: Arceus|62\/100\n|move|p1a: Espeon|Morning Sun|p1a: Espeon\n|-heal|p1a: Espeon|95\/100 tox\n|\n|-damage|p1a: Espeon|71\/100 tox|[from] psn\n|upkeep\n|turn|85\n|\n|t:|1698560501\n|switch|p1a: Gliscor|Gliscor, F|85\/100 tox\n|-damage|p1a: Gliscor|72\/100 tox|[from] Stealth Rock\n|move|p2a: Arceus|Taunt|p1a: Gliscor\n|-start|p1a: Gliscor|move: Taunt\n|\n|-heal|p1a: Gliscor|85\/100 tox|[from] ability: Poison Heal\n|upkeep\n|turn|86\n|\n|t:|1698560507\n|move|p2a: Arceus|Flamethrower|p1a: Gliscor\n|-damage|p1a: Gliscor|72\/100 tox\n|move|p1a: Gliscor|Knock Off|p2a: Arceus\n|-damage|p2a: Arceus|52\/100\n|\n|-heal|p1a: Gliscor|84\/100 tox|[from] ability: Poison Heal\n|-sideend|p1: leonissenbaum|move: Light Screen\n|upkeep\n|turn|87\n|\n|t:|1698560512\n|move|p2a: Arceus|Recover|p2a: Arceus\n|-heal|p2a: Arceus|100\/100\n|move|p1a: Gliscor|Knock Off|p2a: Arceus\n|-damage|p2a: Arceus|91\/100\n|\n|-heal|p1a: Gliscor|97\/100 tox|[from] ability: Poison Heal\n|-end|p1a: Gliscor|move: Taunt\n|upkeep\n|turn|88\n|\n|t:|1698560516\n|move|p2a: Arceus|Taunt|p1a: Gliscor\n|-start|p1a: Gliscor|move: Taunt\n|cant|p1a: Gliscor|move: Taunt|Spikes\n|\n|-heal|p1a: Gliscor|100\/100 tox|[from] ability: Poison Heal\n|upkeep\n|turn|89\n|\n|t:|1698560519\n|move|p2a: Arceus|Judgment|p1a: Gliscor\n|-resisted|p1a: Gliscor\n|-damage|p1a: Gliscor|73\/100 tox\n|move|p1a: Gliscor|Knock Off|p2a: Arceus\n|-damage|p2a: Arceus|82\/100\n|\n|-heal|p1a: Gliscor|85\/100 tox|[from] ability: Poison Heal\n|upkeep\n|turn|90\n|\n|t:|1698560524\n|move|p2a: Arceus|Judgment|p1a: Gliscor\n|-resisted|p1a: Gliscor\n|-damage|p1a: Gliscor|59\/100 tox\n|move|p1a: Gliscor|Knock Off|p2a: Arceus\n|-damage|p2a: Arceus|72\/100\n|\n|-heal|p1a: Gliscor|71\/100 tox|[from] ability: Poison Heal\n|-end|p1a: Gliscor|move: Taunt\n|upkeep\n|turn|91\n|\n|t:|1698560529\n|move|p1a: Gliscor|Protect|p1a: Gliscor\n|-singleturn|p1a: Gliscor|Protect\n|move|p2a: Arceus|Taunt|p1a: Gliscor\n|-activate|p1a: Gliscor|move: Protect\n|\n|-heal|p1a: Gliscor|84\/100 tox|[from] ability: Poison Heal\n|upkeep\n|turn|92\n|\n|t:|1698560532\n|move|p2a: Arceus|Taunt|p1a: Gliscor\n|-start|p1a: Gliscor|move: Taunt\n|cant|p1a: Gliscor|move: Taunt|Spikes\n|\n|-heal|p1a: Gliscor|96\/100 tox|[from] ability: Poison Heal\n|upkeep\n|turn|93\n|\n|t:|1698560539\n|switch|p1a: Chansey|Chansey, F|81\/100\n|-damage|p1a: Chansey|69\/100|[from] Stealth Rock\n|move|p2a: Arceus|Judgment|p1a: Chansey\n|-damage|p1a: Chansey|53\/100\n|\n|upkeep\n|turn|94\n|\n|t:|1698560553\n|move|p2a: Arceus|Taunt|p1a: Chansey\n|-start|p1a: Chansey|move: Taunt\n|cant|p1a: Chansey|move: Taunt|Soft-Boiled\n|\n|upkeep\n|turn|95\n|\n|t:|1698560571\n|move|p2a: Arceus|Judgment|p1a: Chansey\n|-crit|p1a: Chansey\n|-damage|p1a: Chansey|31\/100\n|move|p1a: Chansey|Seismic Toss|p2a: Arceus\n|-damage|p2a: Arceus|50\/100\n|\n|upkeep\n|turn|96\n|\n|t:|1698560580\n|switch|p1a: Gliscor|Gliscor, F|96\/100 tox\n|-damage|p1a: Gliscor|84\/100 tox|[from] Stealth Rock\n|move|p2a: Arceus|Judgment|p1a: Gliscor\n|-resisted|p1a: Gliscor\n|-damage|p1a: Gliscor|59\/100 tox\n|\n|-heal|p1a: Gliscor|71\/100 tox|[from] ability: Poison Heal\n|upkeep\n|turn|97\n|\n|t:|1698560586\n|move|p1a: Gliscor|Protect|p1a: Gliscor\n|-singleturn|p1a: Gliscor|Protect\n|move|p2a: Arceus|Taunt|p1a: Gliscor\n|-activate|p1a: Gliscor|move: Protect\n|\n|-heal|p1a: Gliscor|84\/100 tox|[from] ability: Poison Heal\n|upkeep\n|turn|98\n|\n|t:|1698560588\n|move|p2a: Arceus|Taunt|p1a: Gliscor\n|-start|p1a: Gliscor|move: Taunt\n|move|p1a: Gliscor|Knock Off|p2a: Arceus\n|-damage|p2a: Arceus|40\/100\n|\n|-heal|p1a: Gliscor|96\/100 tox|[from] ability: Poison Heal\n|upkeep\n|turn|99\n|\n|t:|1698560593\n|move|p2a: Arceus|Recover|p2a: Arceus\n|-heal|p2a: Arceus|90\/100\n|move|p1a: Gliscor|Knock Off|p2a: Arceus\n|-damage|p2a: Arceus|81\/100\n|\n|-heal|p1a: Gliscor|100\/100 tox|[from] ability: Poison Heal\n|upkeep\n|turn|100\n|\n|t:|1698560598\n|move|p2a: Arceus|Judgment|p1a: Gliscor\n|-resisted|p1a: Gliscor\n|-damage|p1a: Gliscor|73\/100 tox\n|move|p1a: Gliscor|Knock Off|p2a: Arceus\n|-damage|p2a: Arceus|71\/100\n|\n|-heal|p1a: Gliscor|85\/100 tox|[from] ability: Poison Heal\n|-end|p1a: Gliscor|move: Taunt\n|upkeep\n|turn|101\n|\n|t:|1698560605\n|switch|p2a: Blissey|Blissey, F|71\/100\n|-damage|p2a: Blissey|59\/100|[from] Stealth Rock\n|-damage|p2a: Blissey|42\/100|[from] Spikes\n|move|p1a: Gliscor|Knock Off|p2a: Blissey\n|-damage|p2a: Blissey|31\/100\n|\n|-heal|p1a: Gliscor|97\/100 tox|[from] ability: Poison Heal\n|upkeep\n|turn|102\n|\n|t:|1698560616\n|move|p1a: Gliscor|Spikes|p2a: Blissey\n|-sidestart|p2: IcyTheScreamer|Spikes\n|move|p2a: Blissey|Soft-Boiled|p2a: Blissey\n|-heal|p2a: Blissey|81\/100\n|\n|-heal|p1a: Gliscor|100\/100 tox|[from] ability: Poison Heal\n|upkeep\n|turn|103\n|\n|t:|1698560625\n|switch|p1a: Wo-Chien|Wo-Chien|76\/100 tox\n|-damage|p1a: Wo-Chien|64\/100 tox|[from] Stealth Rock\n|-ability|p1a: Wo-Chien|Tablets of Ruin\n|move|p2a: Blissey|Ice Beam|p1a: Wo-Chien\n|-supereffective|p1a: Wo-Chien\n|-damage|p1a: Wo-Chien|42\/100 tox\n|\n|-heal|p1a: Wo-Chien|48\/100 tox|[from] item: Leftovers\n|-damage|p1a: Wo-Chien|42\/100 tox|[from] psn\n|upkeep\n|turn|104\n|\n|t:|1698560635\n|switch|p2a: Arceus|Arceus-Poison|71\/100\n|-damage|p2a: Arceus|59\/100|[from] Stealth Rock\n|-damage|p2a: Arceus|34\/100|[from] Spikes\n|move|p1a: Wo-Chien|Leech Seed|p2a: Arceus|[miss]\n|-miss|p1a: Wo-Chien|p2a: Arceus\n|\n|-heal|p1a: Wo-Chien|48\/100 tox|[from] item: Leftovers\n|-damage|p1a: Wo-Chien|36\/100 tox|[from] psn\n|upkeep\n|turn|105\n|\n|t:|1698560646\n|switch|p1a: Gliscor|Gliscor, F|100\/100 tox\n|-damage|p1a: Gliscor|88\/100 tox|[from] Stealth Rock\n|move|p2a: Arceus|Taunt|p1a: Gliscor\n|-start|p1a: Gliscor|move: Taunt\n|\n|-heal|p1a: Gliscor|100\/100 tox|[from] ability: Poison Heal\n|upkeep\n|turn|106\n|\n|t:|1698560650\n|move|p2a: Arceus|Recover|p2a: Arceus\n|-heal|p2a: Arceus|84\/100\n|move|p1a: Gliscor|Knock Off|p2a: Arceus\n|-damage|p2a: Arceus|75\/100\n|\n|upkeep\n|turn|107\n|\n|t:|1698560656\n|move|p2a: Arceus|Flamethrower|p1a: Gliscor\n|-damage|p1a: Gliscor|74\/100 tox\n|move|p1a: Gliscor|Knock Off|p2a: Arceus\n|-damage|p2a: Arceus|65\/100\n|\n|-heal|p1a: Gliscor|86\/100 tox|[from] ability: Poison Heal\n|-end|p1a: Gliscor|move: Taunt\n|upkeep\n|turn|108\n|\n|t:|1698560664\n|switch|p2a: Giratina|Giratina|40\/100\n|-damage|p2a: Giratina|27\/100|[from] Stealth Rock\n|-damage|p2a: Giratina|2\/100|[from] Spikes\n|-ability|p2a: Giratina|Pressure\n|move|p1a: Gliscor|Knock Off|p2a: Giratina\n|-supereffective|p2a: Giratina\n|-damage|p2a: Giratina|0 fnt\n|faint|p2a: Giratina\n|\n|-heal|p1a: Gliscor|99\/100 tox|[from] ability: Poison Heal\n|upkeep\n|\n|t:|1698560674\n|switch|p2a: Dialga|Dialga|74\/100\n|-damage|p2a: Dialga|68\/100|[from] Stealth Rock\n|-damage|p2a: Dialga|43\/100|[from] Spikes\n|-ability|p2a: Dialga|Pressure\n|turn|109\n|\n|t:|1698560686\n|switch|p1a: Espeon|Espeon, M, tera:Fighting|71\/100 tox\n|-damage|p1a: Espeon|65\/100 tox|[from] Stealth Rock\n|move|p2a: Dialga|Roar|p1a: Espeon\n|move|p1a: Espeon|Roar|p2a: Dialga|[from]ability: Magic Bounce\n|drag|p2a: Blissey|Blissey, F|81\/100\n|-damage|p2a: Blissey|68\/100|[from] Stealth Rock\n|-damage|p2a: Blissey|43\/100|[from] Spikes\n|\n|-damage|p1a: Espeon|59\/100 tox|[from] psn\n|upkeep\n|turn|110\n|\n|t:|1698560700\n|move|p1a: Espeon|Psyshock|p2a: Blissey\n|-damage|p2a: Blissey|13\/100\n|move|p2a: Blissey|Heal Bell||[still]\n|-activate|p2a: Blissey|move: Heal Bell\n|-fail|p2a: Blissey\n|\n|-damage|p1a: Espeon|48\/100 tox|[from] psn\n|upkeep\n|turn|111\n|c|\u2606leonissenbaum|huge heal bell\n|c|\u2606IcyTheScreamer|god damn it i keep missclicking that\n|c|\u2606IcyTheScreamer|ive done it like 5 times today\n|c|\u2606leonissenbaum|lmao rip\n|\n|t:|1698560736\n|move|p1a: Espeon|Psyshock|p2a: Blissey\n|-damage|p2a: Blissey|0 fnt\n|faint|p2a: Blissey\n|\n|-damage|p1a: Espeon|30\/100 tox|[from] psn\n|upkeep\n|\n|t:|1698560739\n|switch|p2a: Arceus|Arceus-Poison|65\/100\n|-damage|p2a: Arceus|53\/100|[from] Stealth Rock\n|-damage|p2a: Arceus|28\/100|[from] Spikes\n|turn|112\n|\n|t:|1698560749\n|switch|p1a: Gliscor|Gliscor, F|99\/100 tox\n|-damage|p1a: Gliscor|86\/100 tox|[from] Stealth Rock\n|move|p2a: Arceus|Flamethrower|p1a: Gliscor\n|-crit|p1a: Gliscor\n|-damage|p1a: Gliscor|47\/100 tox\n|\n|-heal|p1a: Gliscor|59\/100 tox|[from] ability: Poison Heal\n|upkeep\n|turn|113\n|\n|t:|1698560753\n|move|p1a: Gliscor|Protect|p1a: Gliscor\n|-singleturn|p1a: Gliscor|Protect\n|move|p2a: Arceus|Taunt|p1a: Gliscor\n|-activate|p1a: Gliscor|move: Protect\n|\n|-heal|p1a: Gliscor|72\/100 tox|[from] ability: Poison Heal\n|upkeep\n|turn|114\n|\n|t:|1698560756\n|move|p2a: Arceus|Taunt|p1a: Gliscor\n|-start|p1a: Gliscor|move: Taunt\n|move|p1a: Gliscor|Knock Off|p2a: Arceus\n|-damage|p2a: Arceus|19\/100\n|\n|-heal|p1a: Gliscor|84\/100 tox|[from] ability: Poison Heal\n|upkeep\n|turn|115\n|\n|t:|1698560760\n|move|p2a: Arceus|Recover|p2a: Arceus\n|-heal|p2a: Arceus|69\/100\n|move|p1a: Gliscor|Knock Off|p2a: Arceus\n|-damage|p2a: Arceus|59\/100\n|\n|-heal|p1a: Gliscor|97\/100 tox|[from] ability: Poison Heal\n|upkeep\n|turn|116\n|\n|t:|1698560778\n|move|p2a: Arceus|Flamethrower|p1a: Gliscor\n|-damage|p1a: Gliscor|69\/100 tox\n|move|p1a: Gliscor|Knock Off|p2a: Arceus\n|-damage|p2a: Arceus|50\/100\n|\n|-heal|p1a: Gliscor|81\/100 tox|[from] ability: Poison Heal\n|-end|p1a: Gliscor|move: Taunt\n|upkeep\n|turn|117\n|\n|t:|1698560788\n|move|p1a: Gliscor|Protect|p1a: Gliscor\n|-singleturn|p1a: Gliscor|Protect\n|move|p2a: Arceus|Taunt|p1a: Gliscor\n|-activate|p1a: Gliscor|move: Protect\n|\n|-heal|p1a: Gliscor|93\/100 tox|[from] ability: Poison Heal\n|upkeep\n|turn|118\n|\n|t:|1698560790\n|move|p2a: Arceus|Taunt|p1a: Gliscor\n|-start|p1a: Gliscor|move: Taunt\n|move|p1a: Gliscor|Knock Off|p2a: Arceus\n|-damage|p2a: Arceus|41\/100\n|\n|-heal|p1a: Gliscor|100\/100 tox|[from] ability: Poison Heal\n|upkeep\n|turn|119\n|\n|t:|1698560793\n|move|p2a: Arceus|Flamethrower|p1a: Gliscor\n|-damage|p1a: Gliscor|75\/100 tox\n|move|p1a: Gliscor|Knock Off|p2a: Arceus\n|-damage|p2a: Arceus|31\/100\n|\n|-heal|p1a: Gliscor|87\/100 tox|[from] ability: Poison Heal\n|upkeep\n|turn|120\n|\n|t:|1698560799\n|move|p2a: Arceus|Flamethrower|p1a: Gliscor\n|-damage|p1a: Gliscor|61\/100 tox\n|move|p1a: Gliscor|Knock Off|p2a: Arceus\n|-damage|p2a: Arceus|22\/100\n|\n|-heal|p1a: Gliscor|74\/100 tox|[from] ability: Poison Heal\n|-end|p1a: Gliscor|move: Taunt\n|upkeep\n|turn|121\n|\n|t:|1698560805\n|move|p2a: Arceus|Taunt|p1a: Gliscor\n|-start|p1a: Gliscor|move: Taunt\n|move|p1a: Gliscor|Knock Off|p2a: Arceus\n|-damage|p2a: Arceus|12\/100\n|\n|-heal|p1a: Gliscor|86\/100 tox|[from] ability: Poison Heal\n|upkeep\n|turn|122\n|\n|t:|1698560811\n|switch|p2a: Dialga|Dialga|43\/100\n|-damage|p2a: Dialga|36\/100|[from] Stealth Rock\n|-damage|p2a: Dialga|11\/100|[from] Spikes\n|-ability|p2a: Dialga|Pressure\n|move|p1a: Gliscor|Knock Off|p2a: Dialga\n|-damage|p2a: Dialga|3\/100\n|\n|-heal|p1a: Gliscor|99\/100 tox|[from] ability: Poison Heal\n|upkeep\n|turn|123\n|c|\u2606leonissenbaum|gg\n|\n|t:|1698560820\n|move|p1a: Gliscor|Knock Off|p2a: Dialga\n|-damage|p2a: Dialga|0 fnt\n|faint|p2a: Dialga\n|\n|-heal|p1a: Gliscor|100\/100 tox|[from] ability: Poison Heal\n|-end|p1a: Gliscor|move: Taunt\n|upkeep\n|\n|t:|1698560826\n|switch|p2a: Arceus|Arceus-Poison|12\/100\n|-damage|p2a: Arceus|0 fnt|[from] Stealth Rock\n|faint|p2a: Arceus\n|\n|win|leonissenbaum\n|c|\u2606IcyTheScreamer|gg\n","uploadtime":1698560832,"views":11,"p1id":"leonissenbaum","p2id":"icythescreamer","formatid":"gen9ubers","rating":0,"private":0,"password":""}