{"id":"gen9ubers-1982903047","p1":"WATAMAWIGI","p2":"pyrogamerman","format":"[Gen 9] Ubers","log":"|j|\u2606WATAMAWIGI\n|j|\u2606pyrogamerman\n|t:|1699056805\n|gametype|singles\n|player|p1|WATAMAWIGI|yellow|\n|player|p2|pyrogamerman|1|\n|teamsize|p1|6\n|teamsize|p2|6\n|gen|9\n|tier|[Gen 9] Ubers\n|rule|Sleep Clause Mod: Limit one foe put to sleep\n|rule|Species Clause: Limit one of each Pok\u00e9mon\n|rule|OHKO Clause: OHKO moves are banned\n|rule|Evasion Items Clause: Evasion items are banned\n|rule|Evasion Moves Clause: Evasion moves are banned\n|rule|Endless Battle Clause: Forcing endless battles is banned\n|rule|HP Percentage Mod: HP is shown in percentages\n|clearpoke\n|poke|p1|Ogerpon, F|\n|poke|p1|Ninetales-Alola, F|\n|poke|p1|Klefki, M|\n|poke|p1|Dragonite, M|\n|poke|p1|Ursaluna-Bloodmoon, M|\n|poke|p1|Heatran, M|\n|poke|p2|Gliscor, F|\n|poke|p2|Clefable, F|\n|poke|p2|Dondozo, M|\n|poke|p2|Tornadus-Therian, M|\n|poke|p2|Toxapex, F|\n|poke|p2|Blissey, F|\n|teampreview\n|c|\u2606WATAMAWIGI|glhf\n|j| ya-da-ne\n|j| NotWarriors\n|\n|t:|1699056825\n|start\n|switch|p1a: \u2800\u2800|Ninetales-Alola, F|100\/100\n|switch|p2a: Tornadus|Tornadus-Therian, M|100\/100\n|-weather|Snow|[from] ability: Snow Warning|[of] p1a: \u2800\u2800\n|turn|1\n|\n|t:|1699056835\n|move|p2a: Tornadus|U-turn|p1a: \u2800\u2800\n|-resisted|p1a: \u2800\u2800\n|-damage|p1a: \u2800\u2800|93\/100\n|\n|t:|1699056840\n|switch|p2a: Clefable|Clefable, F|100\/100|[from] U-turn\n|move|p1a: \u2800\u2800|Aurora Veil|p1a: \u2800\u2800\n|-sidestart|p1: WATAMAWIGI|move: Aurora Veil\n|\n|-weather|Snow|[upkeep]\n|upkeep\n|turn|2\n|\n|t:|1699056859\n|switch|p1a: \u2800\u2800\u2800\u2800\u2800|Ursaluna-Bloodmoon, M|100\/100\n|move|p2a: Clefable|Stealth Rock|p1a: \u2800\u2800\u2800\u2800\u2800\n|-sidestart|p1: WATAMAWIGI|move: Stealth Rock\n|\n|-weather|Snow|[upkeep]\n|upkeep\n|turn|3\n|\n|t:|1699056870\n|switch|p2a: Toxapex|Toxapex, F|100\/100\n|move|p1a: \u2800\u2800\u2800\u2800\u2800|Blood Moon|p2a: Toxapex\n|-damage|p2a: Toxapex|45\/100\n|\n|-weather|Snow|[upkeep]\n|upkeep\n|turn|4\n|\n|t:|1699056894\n|switch|p1a: \u2800\u2800\u2800|Klefki, M|100\/100\n|-damage|p1a: \u2800\u2800\u2800|95\/100|[from] Stealth Rock\n|switch|p2a: Blissey|Blissey, F|100\/100\n|\n|-weather|Snow|[upkeep]\n|upkeep\n|turn|5\n|\n|t:|1699056912\n|switch|p2a: Gliscor|Gliscor, F|100\/100\n|move|p1a: \u2800\u2800\u2800|Thunder Wave|p2a: Gliscor\n|-immune|p2a: Gliscor\n|\n|-weather|none\n|-status|p2a: Gliscor|tox|[from] item: Toxic Orb\n|upkeep\n|turn|6\n|\n|t:|1699056924\n|move|p1a: \u2800\u2800\u2800|Switcheroo|p2a: Gliscor\n|-activate|p1a: \u2800\u2800\u2800|move: Trick|[of] p2a: Gliscor\n|-item|p2a: Gliscor|Pecha Berry|[from] move: Switcheroo\n|-item|p1a: \u2800\u2800\u2800|Toxic Orb|[from] move: Switcheroo\n|-enditem|p2a: Gliscor|Pecha Berry|[eat]\n|-curestatus|p2a: Gliscor|tox|[msg]\n|move|p2a: Gliscor|Spikes|p1a: \u2800\u2800\u2800\n|-sidestart|p1: WATAMAWIGI|Spikes\n|\n|upkeep\n|turn|7\n|c|\u2606WATAMAWIGI|GET SAUCED ON\n|c|\u2606pyrogamerman|lol nice tech\n|c| ya-da-ne|its peak\n|\n|t:|1699056939\n|move|p1a: \u2800\u2800\u2800|Magnet Rise|p1a: \u2800\u2800\u2800\n|-start|p1a: \u2800\u2800\u2800|Magnet Rise\n|move|p2a: Gliscor|Spikes|p1a: \u2800\u2800\u2800\n|-sidestart|p1: WATAMAWIGI|Spikes\n|\n|upkeep\n|turn|8\n|\n|t:|1699056944\n|move|p2a: Gliscor|Spikes|p1a: \u2800\u2800\u2800\n|-sidestart|p1: WATAMAWIGI|Spikes\n|move|p1a: \u2800\u2800\u2800|Foul Play|p2a: Gliscor\n|-damage|p2a: Gliscor|88\/100\n|\n|-sideend|p1: WATAMAWIGI|move: Aurora Veil\n|upkeep\n|turn|9\n|j| SubparSniper\n|\n|t:|1699056961\n|switch|p2a: Blissey|Blissey, F|100\/100\n|move|p1a: \u2800\u2800\u2800|Foul Play|p2a: Blissey\n|-damage|p2a: Blissey|97\/100\n|\n|upkeep\n|turn|10\n|\n|t:|1699056968\n|move|p1a: \u2800\u2800\u2800|Switcheroo|p2a: Blissey\n|-activate|p1a: \u2800\u2800\u2800|move: Trick|[of] p2a: Blissey\n|-item|p2a: Blissey|Toxic Orb|[from] move: Switcheroo\n|-item|p1a: \u2800\u2800\u2800|Heavy-Duty Boots|[from] move: Switcheroo\n|move|p2a: Blissey|Seismic Toss|p1a: \u2800\u2800\u2800\n|-damage|p1a: \u2800\u2800\u2800|63\/100\n|\n|-status|p2a: Blissey|tox|[from] item: Toxic Orb\n|upkeep\n|turn|11\n|c|\u2606WATAMAWIGI|GET RE TECHED\n|c|\u2606pyrogamerman|forgot about that orb\u2026\n|c|\u2606WATAMAWIGI|aight even if i lose i have done what i wanted'\n|\n|t:|1699057014\n|move|p1a: \u2800\u2800\u2800|Foul Play|p2a: Blissey\n|-damage|p2a: Blissey|93\/100 tox\n|move|p2a: Blissey|Seismic Toss|p1a: \u2800\u2800\u2800\n|-damage|p1a: \u2800\u2800\u2800|32\/100\n|\n|-damage|p2a: Blissey|87\/100 tox|[from] psn\n|-end|p1a: \u2800\u2800\u2800|Magnet Rise\n|upkeep\n|turn|12\n|\n|t:|1699057024\n|move|p1a: \u2800\u2800\u2800|Foul Play|p2a: Blissey\n|-damage|p2a: Blissey|82\/100 tox\n|move|p2a: Blissey|Seismic Toss|p1a: \u2800\u2800\u2800\n|-damage|p1a: \u2800\u2800\u2800|0 fnt\n|faint|p1a: \u2800\u2800\u2800\n|\n|-damage|p2a: Blissey|70\/100 tox|[from] psn\n|upkeep\n|\n|t:|1699057041\n|switch|p1a: \u2800|Ogerpon, F|100\/100\n|-damage|p1a: \u2800|88\/100|[from] Stealth Rock\n|-damage|p1a: \u2800|63\/100|[from] Spikes\n|turn|13\n|\n|t:|1699057050\n|-curestatus|p2a: Blissey|tox|[from] ability: Natural Cure\n|switch|p2a: Tornadus|Tornadus-Therian, M|100\/100\n|move|p1a: \u2800|Ivy Cudgel|p2a: Tornadus\n|-resisted|p2a: Tornadus\n|-damage|p2a: Tornadus|67\/100\n|\n|upkeep\n|turn|14\n|\n|t:|1699057077\n|switch|p1a: \u2800\u2800\u2800\u2800\u2800\u2800|Heatran, M|100\/100\n|-damage|p1a: \u2800\u2800\u2800\u2800\u2800\u2800|88\/100|[from] Stealth Rock\n|-damage|p1a: \u2800\u2800\u2800\u2800\u2800\u2800|63\/100|[from] Spikes\n|move|p2a: Tornadus|Bleakwind Storm|p1a: \u2800\u2800\u2800\u2800\u2800\u2800|[miss]\n|-miss|p2a: Tornadus|p1a: \u2800\u2800\u2800\u2800\u2800\u2800\n|\n|upkeep\n|turn|15\n|\n|t:|1699057093\n|move|p2a: Tornadus|U-turn|p1a: \u2800\u2800\u2800\u2800\u2800\u2800\n|-resisted|p1a: \u2800\u2800\u2800\u2800\u2800\u2800\n|-damage|p1a: \u2800\u2800\u2800\u2800\u2800\u2800|60\/100\n|\n|t:|1699057096\n|switch|p2a: Blissey|Blissey, F|70\/100|[from] U-turn\n|move|p1a: \u2800\u2800\u2800\u2800\u2800\u2800|Magma Storm|p2a: Blissey|[miss]\n|-miss|p1a: \u2800\u2800\u2800\u2800\u2800\u2800|p2a: Blissey\n|\n|-status|p2a: Blissey|tox|[from] item: Toxic Orb\n|upkeep\n|turn|16\n|\n|t:|1699057104\n|move|p1a: \u2800\u2800\u2800\u2800\u2800\u2800|Magma Storm|p2a: Blissey\n|-damage|p2a: Blissey|55\/100 tox\n|-activate|p2a: Blissey|move: Magma Storm|[of] p1a: \u2800\u2800\u2800\u2800\u2800\u2800\n|move|p2a: Blissey|Seismic Toss|p1a: \u2800\u2800\u2800\u2800\u2800\u2800\n|-damage|p1a: \u2800\u2800\u2800\u2800\u2800\u2800|34\/100\n|\n|-damage|p2a: Blissey|49\/100 tox|[from] psn\n|-damage|p2a: Blissey|37\/100 tox|[from] move: Magma Storm|[partiallytrapped]\n|upkeep\n|turn|17\n|\n|t:|1699057111\n|move|p1a: \u2800\u2800\u2800\u2800\u2800\u2800|Flash Cannon|p2a: Blissey\n|-damage|p2a: Blissey|24\/100 tox\n|move|p2a: Blissey|Soft-Boiled|p2a: Blissey\n|-heal|p2a: Blissey|74\/100 tox\n|\n|-damage|p2a: Blissey|62\/100 tox|[from] psn\n|-damage|p2a: Blissey|49\/100 tox|[from] move: Magma Storm|[partiallytrapped]\n|upkeep\n|turn|18\n|\n|t:|1699057117\n|move|p1a: \u2800\u2800\u2800\u2800\u2800\u2800|Flash Cannon|p2a: Blissey\n|-damage|p2a: Blissey|37\/100 tox\n|move|p2a: Blissey|Shadow Ball|p1a: \u2800\u2800\u2800\u2800\u2800\u2800\n|-damage|p1a: \u2800\u2800\u2800\u2800\u2800\u2800|26\/100\n|\n|-damage|p2a: Blissey|18\/100 tox|[from] psn\n|-damage|p2a: Blissey|6\/100 tox|[from] move: Magma Storm|[partiallytrapped]\n|upkeep\n|turn|19\n|\n|t:|1699057129\n|move|p1a: \u2800\u2800\u2800\u2800\u2800\u2800|Flash Cannon|p2a: Blissey\n|-damage|p2a: Blissey|0 fnt\n|faint|p2a: Blissey\n|\n|upkeep\n|\n|t:|1699057137\n|switch|p2a: Tornadus|Tornadus-Therian, M|100\/100\n|turn|20\n|\n|t:|1699057141\n|move|p2a: Tornadus|Bleakwind Storm|p1a: \u2800\u2800\u2800\u2800\u2800\u2800\n|-resisted|p1a: \u2800\u2800\u2800\u2800\u2800\u2800\n|-damage|p1a: \u2800\u2800\u2800\u2800\u2800\u2800|14\/100\n|-unboost|p1a: \u2800\u2800\u2800\u2800\u2800\u2800|spe|1\n|move|p1a: \u2800\u2800\u2800\u2800\u2800\u2800|Magma Storm|p2a: Tornadus\n|-damage|p2a: Tornadus|34\/100\n|-activate|p2a: Tornadus|move: Magma Storm|[of] p1a: \u2800\u2800\u2800\u2800\u2800\u2800\n|\n|-damage|p2a: Tornadus|22\/100|[from] move: Magma Storm|[partiallytrapped]\n|upkeep\n|turn|21\n|\n|t:|1699057151\n|move|p2a: Tornadus|U-turn|p1a: \u2800\u2800\u2800\u2800\u2800\u2800\n|-resisted|p1a: \u2800\u2800\u2800\u2800\u2800\u2800\n|-damage|p1a: \u2800\u2800\u2800\u2800\u2800\u2800|11\/100\n|\n|t:|1699057156\n|switch|p2a: Dondozo|Dondozo, M|100\/100|[from] U-turn\n|move|p1a: \u2800\u2800\u2800\u2800\u2800\u2800|Flash Cannon|p2a: Dondozo\n|-resisted|p2a: Dondozo\n|-damage|p2a: Dondozo|80\/100\n|\n|upkeep\n|turn|22\n|\n|t:|1699057182\n|move|p1a: \u2800\u2800\u2800\u2800\u2800\u2800|Earth Power|p2a: Dondozo\n|-damage|p2a: Dondozo|45\/100\n|move|p2a: Dondozo|Liquidation|p1a: \u2800\u2800\u2800\u2800\u2800\u2800\n|-supereffective|p1a: \u2800\u2800\u2800\u2800\u2800\u2800\n|-damage|p1a: \u2800\u2800\u2800\u2800\u2800\u2800|0 fnt\n|faint|p1a: \u2800\u2800\u2800\u2800\u2800\u2800\n|\n|upkeep\n|\n|t:|1699057192\n|switch|p1a: \u2800|Ogerpon, F|63\/100\n|-damage|p1a: \u2800|51\/100|[from] Stealth Rock\n|-damage|p1a: \u2800|26\/100|[from] Spikes\n|turn|23\n|\n|t:|1699057200\n|-terastallize|p2a: Dondozo|Dragon\n|move|p1a: \u2800|Knock Off|p2a: Dondozo\n|-damage|p2a: Dondozo|31\/100\n|-enditem|p2a: Dondozo|Heavy-Duty Boots|[from] move: Knock Off|[of] p1a: \u2800\n|move|p2a: Dondozo|Rest|p2a: Dondozo\n|-status|p2a: Dondozo|slp|[from] move: Rest\n|-heal|p2a: Dondozo|100\/100 slp|[silent]\n|\n|upkeep\n|turn|24\n|\n|t:|1699057223\n|move|p1a: \u2800|Ivy Cudgel|p2a: Dondozo\n|-resisted|p2a: Dondozo\n|-crit|p2a: Dondozo\n|-damage|p2a: Dondozo|83\/100 slp\n|cant|p2a: Dondozo|slp\n|move|p2a: Dondozo|Sleep Talk|p2a: Dondozo\n|move|p2a: Dondozo|Liquidation|p1a: \u2800|[from]move: Sleep Talk\n|-resisted|p1a: \u2800\n|-damage|p1a: \u2800|8\/100\n|\n|upkeep\n|turn|25\n|\n|t:|1699057233\n|move|p1a: \u2800|Ivy Cudgel|p2a: Dondozo\n|-resisted|p2a: Dondozo\n|-crit|p2a: Dondozo\n|-damage|p2a: Dondozo|66\/100 slp\n|cant|p2a: Dondozo|slp\n|move|p2a: Dondozo|Sleep Talk|p2a: Dondozo\n|move|p2a: Dondozo|Body Press|p1a: \u2800|[from]move: Sleep Talk\n|-damage|p1a: \u2800|0 fnt\n|faint|p1a: \u2800\n|\n|upkeep\n|j| hipicrit\n|\n|t:|1699057241\n|switch|p1a: \u2800\u2800|Ninetales-Alola, F|93\/100\n|-damage|p1a: \u2800\u2800|68\/100|[from] Stealth Rock\n|-damage|p1a: \u2800\u2800|44\/100|[from] Spikes\n|-weather|Snow|[from] ability: Snow Warning|[of] p1a: \u2800\u2800\n|turn|26\n|\n|t:|1699057248\n|switch|p2a: Clefable|Clefable, F|100\/100\n|move|p1a: \u2800\u2800|Aurora Veil|p1a: \u2800\u2800\n|-sidestart|p1: WATAMAWIGI|move: Aurora Veil\n|\n|-weather|Snow|[upkeep]\n|upkeep\n|turn|27\n|\n|t:|1699057255\n|switch|p2a: Toxapex|Toxapex, F|78\/100\n|move|p1a: \u2800\u2800|Moonblast|p2a: Toxapex\n|-resisted|p2a: Toxapex\n|-damage|p2a: Toxapex|67\/100\n|\n|-weather|Snow|[upkeep]\n|upkeep\n|turn|28\n|\n|t:|1699057266\n|switch|p2a: Clefable|Clefable, F|100\/100\n|move|p1a: \u2800\u2800|Freeze-Dry|p2a: Clefable\n|-damage|p2a: Clefable|74\/100\n|\n|-weather|Snow|[upkeep]\n|-heal|p2a: Clefable|80\/100|[from] item: Leftovers\n|upkeep\n|turn|29\n|\n|t:|1699057272\n|move|p1a: \u2800\u2800|Freeze-Dry|p2a: Clefable\n|-damage|p2a: Clefable|54\/100\n|move|p2a: Clefable|Wish|p2a: Clefable\n|\n|-weather|Snow|[upkeep]\n|-heal|p2a: Clefable|60\/100|[from] item: Leftovers\n|upkeep\n|turn|30\n|\n|t:|1699057277\n|move|p1a: \u2800\u2800|Freeze-Dry|p2a: Clefable\n|-damage|p2a: Clefable|34\/100\n|move|p2a: Clefable|Moonblast|p1a: \u2800\u2800\n|-damage|p1a: \u2800\u2800|26\/100\n|\n|-weather|none\n|-heal|p2a: Clefable|84\/100|[from] move: Wish|[wisher] Clefable\n|-heal|p2a: Clefable|90\/100|[from] item: Leftovers\n|upkeep\n|turn|31\n|\n|t:|1699057289\n|move|p1a: \u2800\u2800|Freeze-Dry|p2a: Clefable\n|-damage|p2a: Clefable|63\/100\n|move|p2a: Clefable|Wish|p2a: Clefable\n|\n|-heal|p2a: Clefable|69\/100|[from] item: Leftovers\n|upkeep\n|turn|32\n|\n|t:|1699057297\n|move|p1a: \u2800\u2800|Encore|p2a: Clefable\n|-start|p2a: Clefable|Encore\n|move|p2a: Clefable|Wish||[still]\n|-fail|p2a: Clefable\n|\n|-heal|p2a: Clefable|100\/100|[from] move: Wish|[wisher] Clefable\n|upkeep\n|turn|33\n|\n|t:|1699057306\n|move|p1a: \u2800\u2800|Freeze-Dry|p2a: Clefable\n|-damage|p2a: Clefable|75\/100\n|move|p2a: Clefable|Wish|p2a: Clefable\n|\n|-heal|p2a: Clefable|81\/100|[from] item: Leftovers\n|-sideend|p1: WATAMAWIGI|move: Aurora Veil\n|upkeep\n|turn|34\n|\n|t:|1699057311\n|switch|p2a: Toxapex|Toxapex, F|99\/100\n|move|p1a: \u2800\u2800|Freeze-Dry|p2a: Toxapex\n|-supereffective|p2a: Toxapex\n|-crit|p2a: Toxapex\n|-damage|p2a: Toxapex|51\/100\n|\n|-heal|p2a: Toxapex|100\/100|[from] move: Wish|[wisher] Clefable\n|upkeep\n|turn|35\n|\n|t:|1699057318\n|switch|p2a: Clefable|Clefable, F|81\/100\n|move|p1a: \u2800\u2800|Freeze-Dry|p2a: Clefable\n|-damage|p2a: Clefable|55\/100\n|\n|-heal|p2a: Clefable|61\/100|[from] item: Leftovers\n|upkeep\n|turn|36\n|\n|t:|1699057324\n|move|p1a: \u2800\u2800|Freeze-Dry|p2a: Clefable\n|-damage|p2a: Clefable|37\/100\n|move|p2a: Clefable|Moonblast|p1a: \u2800\u2800\n|-damage|p1a: \u2800\u2800|0 fnt\n|faint|p1a: \u2800\u2800\n|\n|-heal|p2a: Clefable|43\/100|[from] item: Leftovers\n|upkeep\n|\n|t:|1699057383\n|switch|p1a: \u2800\u2800\u2800\u2800\u2800|Ursaluna-Bloodmoon, M|100\/100\n|-damage|p1a: \u2800\u2800\u2800\u2800\u2800|94\/100|[from] Stealth Rock\n|-damage|p1a: \u2800\u2800\u2800\u2800\u2800|70\/100|[from] Spikes\n|turn|37\n|\n|t:|1699057389\n|move|p2a: Clefable|Wish|p2a: Clefable\n|move|p1a: \u2800\u2800\u2800\u2800\u2800|Blood Moon|p2a: Clefable\n|-damage|p2a: Clefable|0 fnt\n|faint|p2a: Clefable\n|\n|upkeep\n|\n|t:|1699057392\n|switch|p2a: Toxapex|Toxapex, F|100\/100\n|turn|38\n|\n|t:|1699057398\n|move|p1a: \u2800\u2800\u2800\u2800\u2800|Earth Power|p2a: Toxapex\n|-supereffective|p2a: Toxapex\n|-damage|p2a: Toxapex|37\/100\n|move|p2a: Toxapex|Toxic|p1a: \u2800\u2800\u2800\u2800\u2800\n|-status|p1a: \u2800\u2800\u2800\u2800\u2800|tox\n|\n|-heal|p2a: Toxapex|100\/100|[from] move: Wish|[wisher] Clefable\n|-damage|p1a: \u2800\u2800\u2800\u2800\u2800|64\/100 tox|[from] psn\n|upkeep\n|turn|39\n|\n|t:|1699057412\n|move|p1a: \u2800\u2800\u2800\u2800\u2800|Blood Moon|p2a: Toxapex\n|-damage|p2a: Toxapex|45\/100\n|move|p2a: Toxapex|Infestation|p1a: \u2800\u2800\u2800\u2800\u2800\n|-damage|p1a: \u2800\u2800\u2800\u2800\u2800|60\/100 tox\n|-activate|p1a: \u2800\u2800\u2800\u2800\u2800|move: Infestation|[of] p2a: Toxapex\n|\n|-damage|p1a: \u2800\u2800\u2800\u2800\u2800|48\/100 tox|[from] psn\n|-damage|p1a: \u2800\u2800\u2800\u2800\u2800|36\/100 tox|[from] move: Infestation|[partiallytrapped]\n|upkeep\n|turn|40\n|\n|t:|1699057424\n|switch|p2a: Gliscor|Gliscor, F|88\/100\n|move|p1a: \u2800\u2800\u2800\u2800\u2800|Earth Power|p2a: Gliscor\n|-immune|p2a: Gliscor\n|\n|-damage|p1a: \u2800\u2800\u2800\u2800\u2800|17\/100 tox|[from] psn\n|-end|p1a: \u2800\u2800\u2800\u2800\u2800|Infestation|[partiallytrapped]|[silent]\n|upkeep\n|turn|41\n|\n|t:|1699057433\n|move|p2a: Gliscor|Protect|p2a: Gliscor\n|-singleturn|p2a: Gliscor|Protect\n|move|p1a: \u2800\u2800\u2800\u2800\u2800|Blood Moon|p2a: Gliscor\n|-activate|p2a: Gliscor|move: Protect\n|\n|-damage|p1a: \u2800\u2800\u2800\u2800\u2800|0 fnt|[from] psn\n|faint|p1a: \u2800\u2800\u2800\u2800\u2800\n|upkeep\n|\n|t:|1699057436\n|switch|p1a: \u2800\u2800\u2800\u2800|Dragonite, M|100\/100\n|turn|42\n|\n|t:|1699057445\n|move|p1a: \u2800\u2800\u2800\u2800|Dragon Dance|p1a: \u2800\u2800\u2800\u2800\n|-boost|p1a: \u2800\u2800\u2800\u2800|atk|1\n|-boost|p1a: \u2800\u2800\u2800\u2800|spe|1\n|move|p2a: Gliscor|Toxic|p1a: \u2800\u2800\u2800\u2800\n|-status|p1a: \u2800\u2800\u2800\u2800|tox\n|\n|-damage|p1a: \u2800\u2800\u2800\u2800|94\/100 tox|[from] psn\n|upkeep\n|turn|43\n|\n|t:|1699057460\n|switch|p2a: Toxapex|Toxapex, F|78\/100\n|move|p1a: \u2800\u2800\u2800\u2800|Dragon Dance|p1a: \u2800\u2800\u2800\u2800\n|-boost|p1a: \u2800\u2800\u2800\u2800|atk|1\n|-boost|p1a: \u2800\u2800\u2800\u2800|spe|1\n|\n|-damage|p1a: \u2800\u2800\u2800\u2800|82\/100 tox|[from] psn\n|upkeep\n|turn|44\n|\n|t:|1699057469\n|move|p1a: \u2800\u2800\u2800\u2800|Dragon Claw|p2a: Toxapex\n|-damage|p2a: Toxapex|6\/100\n|move|p2a: Toxapex|Haze|p2a: Toxapex\n|-clearallboost\n|\n|-damage|p1a: \u2800\u2800\u2800\u2800|63\/100 tox|[from] psn\n|upkeep\n|turn|45\n|j| Werewolf72\n|\n|t:|1699057478\n|move|p1a: \u2800\u2800\u2800\u2800|Dragon Claw|p2a: Toxapex\n|-damage|p2a: Toxapex|0 fnt\n|faint|p2a: Toxapex\n|\n|-damage|p1a: \u2800\u2800\u2800\u2800|39\/100 tox|[from] psn\n|upkeep\n|\n|t:|1699057483\n|switch|p2a: Tornadus|Tornadus-Therian, M|55\/100\n|turn|46\n|\n|t:|1699057487\n|move|p2a: Tornadus|Knock Off|p1a: \u2800\u2800\u2800\u2800\n|-damage|p1a: \u2800\u2800\u2800\u2800|16\/100 tox\n|-enditem|p1a: \u2800\u2800\u2800\u2800|Heavy-Duty Boots|[from] move: Knock Off|[of] p2a: Tornadus\n|move|p1a: \u2800\u2800\u2800\u2800|Dragon Claw|p2a: Tornadus\n|-damage|p2a: Tornadus|0 fnt\n|faint|p2a: Tornadus\n|\n|-damage|p1a: \u2800\u2800\u2800\u2800|0 fnt|[from] psn\n|faint|p1a: \u2800\u2800\u2800\u2800\n|\n|win|pyrogamerman\n|upkeep\n|c|\u2606WATAMAWIGI|gg\n|l| SubparSniper\n|c|\u2606pyrogamerman|gg\n|l|\u2606WATAMAWIGI\n|l| Werewolf72\n|l| hipicrit\n|l|\u2606pyrogamerman\n","uploadtime":1699057513,"views":6,"p1id":"watamawigi","p2id":"pyrogamerman","formatid":"gen9ubers","rating":0,"private":0,"password":""}