{"id":"gen9ubers-1978041008","p1":"Ugandianos","p2":"Iragula","format":"[Gen 9] Ubers","log":"|j|\u2606Ugandianos\n|j|\u2606Iragula\n|t:|1698489711\n|gametype|singles\n|player|p1|Ugandianos|1|1028\n|player|p2|Iragula|grimsley|1011\n|teamsize|p1|6\n|teamsize|p2|6\n|gen|9\n|tier|[Gen 9] Ubers\n|rated|\n|rule|Sleep Clause Mod: Limit one foe put to sleep\n|rule|Species Clause: Limit one of each Pok\u00e9mon\n|rule|OHKO Clause: OHKO moves are banned\n|rule|Evasion Items Clause: Evasion items are banned\n|rule|Evasion Moves Clause: Evasion moves are banned\n|rule|Endless Battle Clause: Forcing endless battles is banned\n|rule|HP Percentage Mod: HP is shown in percentages\n|clearpoke\n|poke|p1|Cloyster, M|\n|poke|p1|Golem-Alola, M|\n|poke|p1|Breloom, M|\n|poke|p1|Garchomp, F|\n|poke|p1|Glimmet, F|\n|poke|p1|Dusknoir, F|\n|poke|p2|Braviary, M|\n|poke|p2|Oranguru, F|\n|poke|p2|Zoroark-Hisui, F|\n|poke|p2|Ursaluna-Bloodmoon, M|\n|poke|p2|Maushold|\n|poke|p2|Snorlax, M|\n|teampreview\n|\n|t:|1698489718\n|start\n|switch|p1a: Glimmet|Glimmet, F, shiny|100\/100\n|switch|p2a: Steve|Braviary, M|100\/100\n|turn|1\n|\n|t:|1698489729\n|move|p2a: Steve|U-turn|p1a: Glimmet\n|-resisted|p1a: Glimmet\n|-damage|p1a: Glimmet|72\/100\n|-activate|p1a: Glimmet|ability: Toxic Debris\n|-sidestart|p2: Iragula|move: Toxic Spikes\n|\n|t:|1698489734\n|switch|p2a: Yogi|Ursaluna-Bloodmoon, M|100\/100|[from] U-turn\n|-status|p2a: Yogi|psn\n|move|p1a: Glimmet|Toxic Spikes|p2a: Yogi\n|-sidestart|p2: Iragula|move: Toxic Spikes\n|\n|-damage|p2a: Yogi|88\/100 psn|[from] psn\n|upkeep\n|turn|2\n|\n|t:|1698489744\n|move|p1a: Glimmet|Stealth Rock|p2a: Yogi\n|-sidestart|p2: Iragula|move: Stealth Rock\n|move|p2a: Yogi|Earth Power|p1a: Glimmet\n|-supereffective|p1a: Glimmet\n|-damage|p1a: Glimmet|0 fnt\n|faint|p1a: Glimmet\n|\n|-damage|p2a: Yogi|76\/100 psn|[from] psn\n|upkeep\n|inactive|Battle timer is ON: inactive players will automatically lose when time's up. (requested by Ugandianos)\n|\n|t:|1698489778\n|switch|p1a: Spiky|Cloyster, M, shiny|100\/100\n|turn|3\n|\n|t:|1698489793\n|-terastallize|p2a: Yogi|Normal\n|move|p1a: Spiky|Icicle Spear|p2a: Yogi\n|-damage|p2a: Yogi|67\/100 psn\n|-crit|p2a: Yogi\n|-damage|p2a: Yogi|53\/100 psn\n|-crit|p2a: Yogi\n|-damage|p2a: Yogi|40\/100 psn\n|-damage|p2a: Yogi|31\/100 psn\n|-damage|p2a: Yogi|23\/100 psn\n|-hitcount|p2a: Yogi|5\n|move|p2a: Yogi|Blood Moon|p1a: Spiky\n|-damage|p1a: Spiky|0 fnt\n|faint|p1a: Spiky\n|\n|-damage|p2a: Yogi|11\/100 psn|[from] psn\n|upkeep\n|\n|t:|1698489808\n|switch|p1a: OO shiny|Dusknoir, F, shiny|100\/100\n|-item|p2a: Yogi|Wise Glasses|[from] ability: Frisk|[of] p1a: OO shiny|[identify]\n|turn|4\n|\n|t:|1698489815\n|move|p2a: Yogi|Moonlight|p2a: Yogi\n|-heal|p2a: Yogi|61\/100 psn\n|move|p1a: OO shiny|Earthquake|p2a: Yogi\n|-damage|p2a: Yogi|41\/100 psn\n|\n|-damage|p2a: Yogi|28\/100 psn|[from] psn\n|upkeep\n|turn|5\n|\n|t:|1698489831\n|move|p2a: Yogi|Moonlight|p2a: Yogi\n|-heal|p2a: Yogi|78\/100 psn\n|move|p1a: OO shiny|Phantom Force||[still]\n|-prepare|p1a: OO shiny|Phantom Force\n|\n|-damage|p2a: Yogi|66\/100 psn|[from] psn\n|upkeep\n|turn|6\n|\n|t:|1698489839\n|move|p2a: Yogi|Moonlight|p2a: Yogi\n|-heal|p2a: Yogi|100\/100 psn\n|move|p1a: OO shiny|Phantom Force|p2a: Yogi|[from]lockedmove\n|-immune|p2a: Yogi\n|\n|-damage|p2a: Yogi|88\/100 psn|[from] psn\n|upkeep\n|turn|7\n|\n|t:|1698489852\n|move|p2a: Yogi|Blood Moon|p1a: OO shiny\n|-damage|p1a: OO shiny|4\/100\n|-enditem|p1a: OO shiny|Aguav Berry|[eat]\n|-heal|p1a: OO shiny|37\/100|[from] item: Aguav Berry\n|move|p1a: OO shiny|Earthquake|p2a: Yogi\n|-damage|p2a: Yogi|68\/100 psn\n|\n|-damage|p2a: Yogi|55\/100 psn|[from] psn\n|upkeep\n|turn|8\n|inactiveoff|Battle timer is now OFF.\n|c|\u2606Ugandianos|!dt bloodmoon\n|raw|<ul class=\"utilichart\"><li class=\"result\"><span class=\"col movenamecol\"><a href=\"https:\/\/dex.pokemonshowdown.com\/moves\/bloodmoon\">Blood Moon<\/a><\/span> <span class=\"col typecol\"><img src=\"\/\/play.pokemonshowdown.com\/sprites\/types\/Normal.png\" alt=\"Normal\" width=\"32\" height=\"14\"><img src=\"\/\/play.pokemonshowdown.com\/sprites\/categories\/Special.png\" alt=\"Special\" width=\"32\" height=\"14\"><\/span> <span class=\"col labelcol\"><em>Power<\/em><br>140<\/span> <span class=\"col widelabelcol\"><em>Accuracy<\/em><br>100%<\/span> <span class=\"col pplabelcol\"><em>PP<\/em><br>8<\/span> <span class=\"col movedesccol\">Cannot be used twice in a row.<\/span> <\/li><li style=\"clear:both\"><\/li><\/ul>\n|raw|<font size=\"1\"><font color=\"#686868\">Priority:<\/font> 0&nbsp;|&ThickSpace;<font color=\"#686868\">Gen:<\/font> 9&nbsp;|&ThickSpace;<font color=\"#686868\">Z-Power:<\/font> 200&nbsp;|&ThickSpace;<font color=\"#686868\">Dynamax Power:<\/font> 140&nbsp;|&ThickSpace;<font color=\"#686868\">Target:<\/font> One Adjacent Pok\u00e9mon<\/font>\n\n|c|\u2606Ugandianos|WHAT??\n|\n|t:|1698489880\n|move|p2a: Yogi|Moonlight|p2a: Yogi\n|-heal|p2a: Yogi|100\/100 psn\n|move|p1a: OO shiny|Earthquake|p2a: Yogi\n|-damage|p2a: Yogi|82\/100 psn\n|\n|-damage|p2a: Yogi|69\/100 psn|[from] psn\n|upkeep\n|turn|9\n|\n|t:|1698489890\n|move|p2a: Yogi|Blood Moon|p1a: OO shiny\n|-damage|p1a: OO shiny|0 fnt\n|faint|p1a: OO shiny\n|\n|-damage|p2a: Yogi|57\/100 psn|[from] psn\n|upkeep\n|\n|t:|1698489901\n|switch|p1a: The Rock|Golem-Alola, M|100\/100\n|turn|10\n|\n|t:|1698489905\n|move|p1a: The Rock|Protect|p1a: The Rock\n|-singleturn|p1a: The Rock|Protect\n|move|p2a: Yogi|Earth Power|p1a: The Rock\n|-activate|p1a: The Rock|move: Protect\n|\n|-damage|p2a: Yogi|45\/100 psn|[from] psn\n|upkeep\n|turn|11\n|\n|t:|1698489914\n|move|p2a: Yogi|Earth Power|p1a: The Rock\n|-supereffective|p1a: The Rock\n|-damage|p1a: The Rock|0 fnt\n|faint|p1a: The Rock\n|\n|-damage|p2a: Yogi|32\/100 psn|[from] psn\n|upkeep\n|\n|t:|1698489923\n|switch|p1a: Breloom|Breloom, M, shiny|100\/100\n|turn|12\n|\n|t:|1698489930\n|move|p1a: Breloom|Leech Seed|p2a: Yogi\n|-start|p2a: Yogi|move: Leech Seed\n|move|p2a: Yogi|Moonlight|p2a: Yogi\n|-heal|p2a: Yogi|82\/100 psn\n|\n|-damage|p2a: Yogi|70\/100 psn|[from] Leech Seed|[of] p1a: Breloom\n|-damage|p2a: Yogi|58\/100 psn|[from] psn\n|-status|p1a: Breloom|tox|[from] item: Toxic Orb\n|upkeep\n|turn|13\n|\n|t:|1698489946\n|move|p1a: Breloom|Facade|p2a: Yogi\n|-damage|p2a: Yogi|33\/100 psn\n|move|p2a: Yogi|Blood Moon|p1a: Breloom\n|-damage|p1a: Breloom|0 fnt\n|faint|p1a: Breloom\n|\n|-damage|p2a: Yogi|21\/100 psn|[from] psn\n|upkeep\n|\n|t:|1698489954\n|switch|p1a: Garchomp|Garchomp, F|100\/100\n|turn|14\n|\n|t:|1698489960\n|move|p1a: Garchomp|Earthquake|p2a: Yogi\n|-damage|p2a: Yogi|0 fnt\n|faint|p2a: Yogi\n|\n|upkeep\n|\n|t:|1698489970\n|switch|p2a: Stark|Maushold|100\/100\n|-status|p2a: Stark|tox\n|-damage|p2a: Stark|88\/100 tox|[from] Stealth Rock\n|turn|15\n|\n|t:|1698489977\n|move|p1a: Garchomp|Earthquake|p2a: Stark\n|-damage|p2a: Stark|6\/100 tox\n|move|p2a: Stark|Population Bomb|p1a: Garchomp\n|-damage|p1a: Garchomp|89\/100\n|-damage|p2a: Stark|0 fnt|[from] ability: Rough Skin|[of] p1a: Garchomp\n|faint|p2a: Stark\n|-hitcount|p1a: Garchomp|1\n|\n|upkeep\n|\n|t:|1698489988\n|switch|p2a: Steve|Braviary, M|100\/100\n|-damage|p2a: Steve|75\/100|[from] Stealth Rock\n|turn|16\n|\n|t:|1698489994\n|move|p1a: Garchomp|Stone Edge|p2a: Steve\n|-supereffective|p2a: Steve\n|-damage|p2a: Steve|2\/100\n|-enditem|p2a: Steve|Aguav Berry|[eat]\n|-heal|p2a: Steve|35\/100|[from] item: Aguav Berry\n|move|p2a: Steve|Acrobatics|p1a: Garchomp\n|-damage|p1a: Garchomp|33\/100\n|-damage|p2a: Steve|23\/100|[from] ability: Rough Skin|[of] p1a: Garchomp\n|-damage|p2a: Steve|6\/100|[from] item: Rocky Helmet|[of] p1a: Garchomp\n|\n|upkeep\n|turn|17\n|\n|t:|1698490008\n|-terastallize|p1a: Garchomp|Steel\n|move|p1a: Garchomp|Stone Edge|p2a: Steve\n|-supereffective|p2a: Steve\n|-damage|p2a: Steve|0 fnt\n|faint|p2a: Steve\n|\n|upkeep\n|\n|t:|1698490015\n|switch|p2a: Homer|Snorlax, M|100\/100\n|-status|p2a: Homer|tox\n|-damage|p2a: Homer|88\/100 tox|[from] Stealth Rock\n|turn|18\n|\n|t:|1698490021\n|move|p1a: Garchomp|Earthquake|p2a: Homer\n|-damage|p2a: Homer|0 fnt\n|replace|p2a: Loki|Zoroark-Hisui, F\n|-end|p2a: Loki|Illusion\n|faint|p2a: Loki\n|\n|upkeep\n|inactive|Battle timer is ON: inactive players will automatically lose when time's up. (requested by Ugandianos)\n|c|\u2606Ugandianos|OMG\n|\n|t:|1698490029\n|switch|p2a: Louis|Oranguru, F|100\/100\n|-status|p2a: Louis|tox\n|-damage|p2a: Louis|88\/100 tox|[from] Stealth Rock\n|turn|19\n|\n|t:|1698490036\n|move|p2a: Louis|Protect|p2a: Louis\n|-singleturn|p2a: Louis|Protect\n|move|p1a: Garchomp|Earthquake|p2a: Louis\n|-activate|p2a: Louis|move: Protect\n|\n|-heal|p2a: Louis|94\/100 tox|[from] item: Leftovers\n|-damage|p2a: Louis|88\/100 tox|[from] psn\n|upkeep\n|turn|20\n|\n|t:|1698490047\n|move|p1a: Garchomp|Earthquake|p2a: Louis\n|-crit|p2a: Louis\n|-damage|p2a: Louis|10\/100 tox\n|move|p2a: Louis|Calm Mind|p2a: Louis\n|-boost|p2a: Louis|spa|1\n|-boost|p2a: Louis|spd|1\n|\n|-heal|p2a: Louis|16\/100 tox|[from] item: Leftovers\n|-damage|p2a: Louis|4\/100 tox|[from] psn\n|upkeep\n|turn|21\n|\n|t:|1698490057\n|move|p1a: Garchomp|Earthquake|p2a: Louis\n|-damage|p2a: Louis|0 fnt\n|faint|p2a: Louis\n|\n|upkeep\n|\n|t:|1698490062\n|switch|p2a: Homer|Snorlax, M|100\/100\n|-damage|p2a: Homer|88\/100|[from] Stealth Rock\n|turn|22\n|inactiveoff|Battle timer is now OFF.\n|c|\u2606Ugandianos|How did you blow a 6 to 1\n|\n|t:|1698490074\n|move|p1a: Garchomp|Earthquake|p2a: Homer\n|-damage|p2a: Homer|55\/100\n|move|p2a: Homer|Body Slam|p1a: Garchomp\n|-resisted|p1a: Garchomp\n|-damage|p1a: Garchomp|15\/100\n|-damage|p2a: Homer|42\/100|[from] ability: Rough Skin|[of] p1a: Garchomp\n|-damage|p2a: Homer|26\/100|[from] item: Rocky Helmet|[of] p1a: Garchomp\n|\n|upkeep\n|turn|23\n|\n|t:|1698490085\n|move|p1a: Garchomp|Earthquake|p2a: Homer\n|-crit|p2a: Homer\n|-damage|p2a: Homer|0 fnt\n|faint|p2a: Homer\n|\n|win|Ugandianos\n|raw|Ugandianos's rating: 1028 &rarr; <strong>1062<\/strong><br \/>(+34 for winning)\n|raw|Iragula's rating: 1011 &rarr; <strong>1000<\/strong><br \/>(-11 for losing)\n|l|\u2606Iragula\n","uploadtime":1698490096,"views":10,"p1id":"ugandianos","p2id":"iragula","formatid":"gen9ubers","rating":1000,"private":0,"password":""}