{"id":"gen9ubers-1978559423","p1":"Finchely","p2":"Laprasrules12","format":"[Gen 9] Ubers","log":"|j|\u2606Finchely\n|j|\u2606Laprasrules12\n|t:|1698555928\n|gametype|singles\n|player|p1|Finchely|acetrainerf|\n|player|p2|Laprasrules12|lusamine-nihilego|\n|teamsize|p1|6\n|teamsize|p2|6\n|gen|9\n|tier|[Gen 9] Ubers\n|rule|Sleep Clause Mod: Limit one foe put to sleep\n|rule|Species Clause: Limit one of each Pok\u00e9mon\n|rule|OHKO Clause: OHKO moves are banned\n|rule|Evasion Items Clause: Evasion items are banned\n|rule|Evasion Moves Clause: Evasion moves are banned\n|rule|Endless Battle Clause: Forcing endless battles is banned\n|rule|HP Percentage Mod: HP is shown in percentages\n|clearpoke\n|poke|p1|Slowking-Galar, M|\n|poke|p1|Urshifu-*, F|\n|poke|p1|Giratina|\n|poke|p1|Azumarill, F|\n|poke|p1|Magearna-Original|\n|poke|p1|Arceus-Grass|\n|poke|p2|Arceus-Fighting|\n|poke|p2|Espathra, F|\n|poke|p2|Zacian-*|\n|poke|p2|Palkia-Origin|\n|poke|p2|Cyclizar, F|\n|poke|p2|Magearna-Original|\n|teampreview\n|inactive|Battle timer is ON: inactive players will automatically lose when time's up. (requested by Laprasrules12)\n|\n|t:|1698555950\n|start\n|switch|p1a: Arceus|Arceus-Grass, shiny|100\/100\n|switch|p2a: Say Gex|Cyclizar, F, shiny|100\/100\n|turn|1\n|\n|t:|1698555957\n|move|p2a: Say Gex|Shed Tail|p2a: Say Gex\n|-start|p2a: Say Gex|Substitute|[from] move: Shed Tail\n|-damage|p2a: Say Gex|50\/100\n|\n|t:|1698555958\n|switch|p2a: Kratos|Arceus-Fighting, shiny|100\/100|[from] Shed Tail\n|move|p1a: Arceus|Taunt|p2a: Kratos\n|-start|p2a: Kratos|move: Taunt\n|\n|upkeep\n|turn|2\n|\n|t:|1698555964\n|move|p2a: Kratos|Body Press|p1a: Arceus\n|-crit|p1a: Arceus\n|-damage|p1a: Arceus|62\/100\n|move|p1a: Arceus|Judgment|p2a: Kratos\n|-end|p2a: Kratos|Substitute\n|\n|upkeep\n|turn|3\n|\n|t:|1698555975\n|switch|p2a: Pok\u00e9ball|Magearna-Original|100\/100\n|switch|p1a: Azumarill|Azumarill, F, shiny|100\/100\n|\n|upkeep\n|turn|4\n|\n|t:|1698555984\n|move|p2a: Pok\u00e9ball|Thunder Wave|p1a: Azumarill\n|-status|p1a: Azumarill|par\n|move|p1a: Azumarill|Knock Off|p2a: Pok\u00e9ball\n|-resisted|p2a: Pok\u00e9ball\n|-damage|p2a: Pok\u00e9ball|84\/100\n|-enditem|p2a: Pok\u00e9ball|Leftovers|[from] move: Knock Off|[of] p1a: Azumarill\n|\n|upkeep\n|turn|5\n|\n|t:|1698555995\n|move|p2a: Pok\u00e9ball|Spikes|p1a: Azumarill\n|-sidestart|p1: Finchely|Spikes\n|move|p1a: Azumarill|Liquidation|p2a: Pok\u00e9ball\n|-damage|p2a: Pok\u00e9ball|42\/100\n|\n|upkeep\n|turn|6\n|\n|t:|1698555998\n|move|p2a: Pok\u00e9ball|Volt Switch|p1a: Azumarill\n|-supereffective|p1a: Azumarill\n|-damage|p1a: Azumarill|72\/100 par\n|\n|t:|1698556000\n|switch|p2a: The Horse|Palkia-Origin, shiny|100\/100|[from] Volt Switch\n|-ability|p2a: The Horse|Pressure\n|move|p1a: Azumarill|Liquidation|p2a: The Horse\n|-resisted|p2a: The Horse\n|-damage|p2a: The Horse|86\/100\n|\n|upkeep\n|turn|7\n|\n|t:|1698556006\n|switch|p2a: Pok\u00e9ball|Magearna-Original|42\/100\n|move|p1a: Azumarill|Play Rough|p2a: Pok\u00e9ball\n|-resisted|p2a: Pok\u00e9ball\n|-damage|p2a: Pok\u00e9ball|17\/100\n|\n|upkeep\n|turn|8\n|\n|t:|1698556010\n|move|p2a: Pok\u00e9ball|Fleur Cannon|p1a: Azumarill\n|-damage|p1a: Azumarill|35\/100 par\n|-unboost|p2a: Pok\u00e9ball|spa|2\n|move|p1a: Azumarill|Liquidation|p2a: Pok\u00e9ball\n|-damage|p2a: Pok\u00e9ball|0 fnt\n|faint|p2a: Pok\u00e9ball\n|\n|upkeep\n|\n|t:|1698556015\n|switch|p2a: Sif|Zacian, shiny|100\/100\n|-ability|p2a: Sif|Intrepid Sword|boost\n|-boost|p2a: Sif|atk|1\n|turn|9\n|\n|t:|1698556040\n|switch|p1a: Slowking|Slowking-Galar, M, shiny|100\/100\n|move|p2a: Sif|Wild Charge|p1a: Slowking\n|-damage|p1a: Slowking|61\/100\n|-damage|p2a: Sif|88\/100|[from] Recoil\n|-damage|p2a: Sif|79\/100|[from] item: Life Orb\n|\n|upkeep\n|turn|10\n|c|\u2606Finchely|Wild charge zacian \ud83d\udc80\n|inactive|Finchely has 270 seconds left.\n|c|\u2606Laprasrules12|Remember, im a dumbass\n|\n|t:|1698556074\n|move|p2a: Sif|Wild Charge|p1a: Slowking\n|-damage|p1a: Slowking|22\/100\n|-damage|p2a: Sif|67\/100|[from] Recoil\n|-damage|p2a: Sif|57\/100|[from] item: Life Orb\n|move|p1a: Slowking|Chilly Reception|p1a: Slowking\n|-weather|Snow\n|inactive|Finchely has 240 seconds left.\n|\n|t:|1698556099\n|switch|p1a: Azumarill|Azumarill, F, shiny|35\/100 par|[from] Chilly Reception\n|-damage|p1a: Azumarill|23\/100 par|[from] Spikes\n|\n|-weather|Snow|[upkeep]\n|upkeep\n|turn|11\n|\n|t:|1698556104\n|cant|p1a: Azumarill|par\n|move|p2a: Sif|Play Rough|p1a: Azumarill\n|-damage|p1a: Azumarill|0 fnt\n|faint|p1a: Azumarill\n|-damage|p2a: Sif|47\/100|[from] item: Life Orb\n|\n|-weather|Snow|[upkeep]\n|upkeep\n|c|\u2606Finchely|Boo that was aqua jet\n|c|\u2606Finchely|*noo\n|inactive|Finchely has 240 seconds left.\n|c|\u2606Laprasrules12|I thought ya had jt\n|c|\u2606Laprasrules12|Obviously the Belly Drum outspeed mw\n|inactive|Finchely has 210 seconds left.\n|\n|t:|1698556151\n|switch|p1a: Arceus|Arceus-Grass, shiny|62\/100\n|-damage|p1a: Arceus|50\/100|[from] Spikes\n|turn|12\n|\n|t:|1698556160\n|move|p2a: Sif|Play Rough|p1a: Arceus\n|-damage|p1a: Arceus|10\/100\n|-damage|p2a: Sif|37\/100|[from] item: Life Orb\n|move|p1a: Arceus|Recover|p1a: Arceus\n|-heal|p1a: Arceus|60\/100\n|\n|-weather|Snow|[upkeep]\n|upkeep\n|turn|13\n|\n|t:|1698556165\n|move|p2a: Sif|Swords Dance|p2a: Sif\n|-boost|p2a: Sif|atk|2\n|move|p1a: Arceus|Recover|p1a: Arceus\n|-heal|p1a: Arceus|100\/100\n|\n|-weather|Snow|[upkeep]\n|upkeep\n|turn|14\n|\n|t:|1698556168\n|move|p2a: Sif|Play Rough|p1a: Arceus\n|-damage|p1a: Arceus|33\/100\n|-damage|p2a: Sif|28\/100|[from] item: Life Orb\n|move|p1a: Arceus|Judgment|p2a: Sif\n|-damage|p2a: Sif|0 fnt\n|faint|p2a: Sif\n|\n|-weather|none\n|upkeep\n|\n|t:|1698556171\n|switch|p2a: Cleopatra|Espathra, F, shiny|100\/100\n|turn|15\n|\n|t:|1698556178\n|move|p2a: Cleopatra|Protect|p2a: Cleopatra\n|-singleturn|p2a: Cleopatra|Protect\n|move|p1a: Arceus|Taunt|p2a: Cleopatra\n|-activate|p2a: Cleopatra|move: Protect\n|\n|-ability|p2a: Cleopatra|Speed Boost|boost\n|-boost|p2a: Cleopatra|spe|1\n|upkeep\n|turn|16\n|\n|t:|1698556181\n|move|p2a: Cleopatra|Calm Mind|p2a: Cleopatra\n|-boost|p2a: Cleopatra|spa|1\n|-boost|p2a: Cleopatra|spd|1\n|move|p1a: Arceus|Taunt|p2a: Cleopatra\n|-start|p2a: Cleopatra|move: Taunt\n|\n|-ability|p2a: Cleopatra|Speed Boost|boost\n|-boost|p2a: Cleopatra|spe|1\n|upkeep\n|turn|17\n|\n|t:|1698556190\n|switch|p1a: Giratina|Giratina, shiny|100\/100\n|-damage|p1a: Giratina|88\/100|[from] Spikes\n|-ability|p1a: Giratina|Pressure\n|move|p2a: Cleopatra|Stored Power|p1a: Giratina\n|-damage|p1a: Giratina|49\/100\n|\n|-heal|p1a: Giratina|55\/100|[from] item: Leftovers\n|-ability|p2a: Cleopatra|Speed Boost|boost\n|-boost|p2a: Cleopatra|spe|1\n|upkeep\n|turn|18\n|\n|t:|1698556197\n|move|p2a: Cleopatra|Stored Power|p1a: Giratina\n|-damage|p1a: Giratina|8\/100\n|move|p1a: Giratina|Dragon Tail|p2a: Cleopatra\n|-damage|p2a: Cleopatra|75\/100\n|drag|p2a: The Horse|Palkia-Origin, shiny|86\/100\n|-ability|p2a: The Horse|Pressure\n|\n|-heal|p1a: Giratina|14\/100|[from] item: Leftovers\n|upkeep\n|turn|19\n|\n|t:|1698556204\n|move|p2a: The Horse|Flamethrower|p1a: Giratina\n|-resisted|p1a: Giratina\n|-damage|p1a: Giratina|5\/100\n|move|p1a: Giratina|Will-O-Wisp|p2a: The Horse\n|-status|p2a: The Horse|brn\n|\n|-heal|p1a: Giratina|11\/100|[from] item: Leftovers\n|-damage|p2a: The Horse|80\/100 brn|[from] brn\n|upkeep\n|turn|20\n|c|\u2606Laprasrules12|Misclick\n|\n|t:|1698556215\n|move|p2a: The Horse|Hydro Pump|p1a: Giratina\n|-resisted|p1a: Giratina\n|-damage|p1a: Giratina|0 fnt\n|faint|p1a: Giratina\n|\n|-damage|p2a: The Horse|74\/100 brn|[from] brn\n|upkeep\n|\n|t:|1698556225\n|switch|p1a: Magearna|Magearna-Original|100\/100\n|-damage|p1a: Magearna|88\/100|[from] Spikes\n|turn|21\n|\n|t:|1698556227\n|move|p2a: The Horse|Substitute|p2a: The Horse\n|-start|p2a: The Horse|Substitute\n|-damage|p2a: The Horse|49\/100 brn\n|move|p1a: Magearna|Volt Switch|p2a: The Horse\n|-activate|p2a: The Horse|move: Substitute|[damage]\n|\n|t:|1698556234\n|switch|p1a: Slowking|Slowking-Galar, M, shiny|55\/100|[from] Volt Switch\n|\n|-damage|p2a: The Horse|43\/100 brn|[from] brn\n|upkeep\n|turn|22\n|\n|t:|1698556236\n|move|p2a: The Horse|Spacial Rend|p1a: Slowking\n|-damage|p1a: Slowking|0 fnt\n|faint|p1a: Slowking\n|\n|-damage|p2a: The Horse|36\/100 brn|[from] brn\n|upkeep\n|\n|t:|1698556239\n|switch|p1a: Arceus|Arceus-Grass, shiny|33\/100\n|-damage|p1a: Arceus|21\/100|[from] Spikes\n|turn|23\n|\n|t:|1698556241\n|move|p2a: The Horse|Flamethrower|p1a: Arceus\n|-supereffective|p1a: Arceus\n|-damage|p1a: Arceus|0 fnt\n|faint|p1a: Arceus\n|\n|-damage|p2a: The Horse|30\/100 brn|[from] brn\n|upkeep\n|c|\u2606Finchely|Gg\n|c|\u2606Laprasrules12|GG\n|\n|t:|1698556252\n|switch|p1a: Magearna|Magearna-Original|88\/100\n|-damage|p1a: Magearna|76\/100|[from] Spikes\n|turn|24\n|\n|t:|1698556256\n|move|p2a: The Horse|Flamethrower|p1a: Magearna\n|-supereffective|p1a: Magearna\n|-damage|p1a: Magearna|32\/100\n|move|p1a: Magearna|Fleur Cannon|p2a: The Horse\n|-supereffective|p2a: The Horse\n|-end|p2a: The Horse|Substitute\n|-unboost|p1a: Magearna|spa|2\n|\n|-damage|p2a: The Horse|24\/100 brn|[from] brn\n|upkeep\n|turn|25\n|\n|t:|1698556265\n|switch|p1a: Urshifu|Urshifu, F|100\/100\n|-damage|p1a: Urshifu|88\/100|[from] Spikes\n|move|p2a: The Horse|Flamethrower|p1a: Urshifu\n|-damage|p1a: Urshifu|36\/100\n|\n|-damage|p2a: The Horse|18\/100 brn|[from] brn\n|upkeep\n|turn|26\n|\n|t:|1698556275\n|move|p1a: Urshifu|Sucker Punch|p2a: The Horse\n|-damage|p2a: The Horse|0 fnt\n|faint|p2a: The Horse\n|\n|upkeep\n|\n|t:|1698556278\n|switch|p2a: Kratos|Arceus-Fighting, shiny|100\/100\n|turn|27\n|\n|t:|1698556280\n|switch|p1a: Magearna|Magearna-Original|32\/100\n|-damage|p1a: Magearna|20\/100|[from] Spikes\n|move|p2a: Kratos|Cosmic Power|p2a: Kratos\n|-boost|p2a: Kratos|def|1\n|-boost|p2a: Kratos|spd|1\n|\n|upkeep\n|turn|28\n|\n|t:|1698556290\n|move|p2a: Kratos|Cosmic Power|p2a: Kratos\n|-boost|p2a: Kratos|def|1\n|-boost|p2a: Kratos|spd|1\n|move|p1a: Magearna|Fleur Cannon|p2a: Kratos\n|-supereffective|p2a: Kratos\n|-damage|p2a: Kratos|66\/100\n|-unboost|p1a: Magearna|spa|2\n|\n|upkeep\n|turn|29\n|\n|t:|1698556297\n|move|p2a: Kratos|Recover|p2a: Kratos\n|-heal|p2a: Kratos|100\/100\n|move|p1a: Magearna|Fleur Cannon|p2a: Kratos\n|-supereffective|p2a: Kratos\n|-damage|p2a: Kratos|81\/100\n|-unboost|p1a: Magearna|spa|2\n|\n|upkeep\n|turn|30\n|\n|t:|1698556300\n|move|p2a: Kratos|Body Press|p1a: Magearna\n|-damage|p1a: Magearna|0 fnt\n|faint|p1a: Magearna\n|\n|upkeep\n|\n|t:|1698556303\n|switch|p1a: Urshifu|Urshifu, F|36\/100\n|-damage|p1a: Urshifu|24\/100|[from] Spikes\n|turn|31\n|\n|t:|1698556306\n|-terastallize|p1a: Urshifu|Dark\n|move|p1a: Urshifu|Wicked Blow|p2a: Kratos\n|-resisted|p2a: Kratos\n|-crit|p2a: Kratos\n|-damage|p2a: Kratos|52\/100\n|move|p2a: Kratos|Body Press|p1a: Urshifu\n|-supereffective|p1a: Urshifu\n|-damage|p1a: Urshifu|0 fnt\n|faint|p1a: Urshifu\n|\n|win|Laprasrules12\n|c|\u2606Laprasrules12|GG\n|l|\u2606Finchely\n|j|\u2606Finchely\n|player|p1|Finchely|acetrainerf\n|c|\u2606Laprasrules12|Now what\n","uploadtime":1698556325,"views":13,"p1id":"finchely","p2id":"laprasrules12","formatid":"gen9ubers","rating":0,"private":0,"password":""}