{"id":"gen9ubers-1969603764","p1":"Richard1112","p2":"xonjolona","format":"[Gen 9] Ubers","log":"|j|\u2606Richard1112\n|j|\u2606xonjolona\n|t:|1697551160\n|gametype|singles\n|player|p1|Richard1112|volkner|1109\n|player|p2|xonjolona|parasollady-gen4|1153\n|teamsize|p1|6\n|teamsize|p2|6\n|gen|9\n|tier|[Gen 9] Ubers\n|rated|\n|rule|Sleep Clause Mod: Limit one foe put to sleep\n|rule|Species Clause: Limit one of each Pok\u00e9mon\n|rule|OHKO Clause: OHKO moves are banned\n|rule|Evasion Items Clause: Evasion items are banned\n|rule|Evasion Moves Clause: Evasion moves are banned\n|rule|Endless Battle Clause: Forcing endless battles is banned\n|rule|HP Percentage Mod: HP is shown in percentages\n|clearpoke\n|poke|p1|Ditto|\n|poke|p1|Maushold-Four|\n|poke|p1|Blissey, F|\n|poke|p1|Zoroark-Hisui, M|\n|poke|p1|Ursaluna-Bloodmoon, M|\n|poke|p1|Ambipom, M|\n|poke|p2|Giratina-Origin|\n|poke|p2|Miraidon|\n|poke|p2|Koraidon|\n|poke|p2|Ribombee, M|\n|poke|p2|Zacian-*|\n|poke|p2|Great Tusk|\n|teampreview\n|inactive|Battle timer is ON: inactive players will automatically lose when time's up. (requested by Richard1112)\n|\n|t:|1697551183\n|start\n|switch|p1a: Ambipom|Ambipom, M|100\/100\n|switch|p2a: Koraidon|Koraidon|100\/100\n|-weather|SunnyDay|[from] ability: Orichalcum Pulse|[of] p2a: Koraidon\n|-activate|p2a: Koraidon|Orichalcum Pulse|[source]\n|turn|1\n|\n|t:|1697551193\n|switch|p2a: Giratina|Giratina-Origin|100\/100\n|move|p1a: Ambipom|Fake Out|p2a: Giratina\n|-immune|p2a: Giratina\n|\n|-weather|SunnyDay|[upkeep]\n|upkeep\n|turn|2\n|\n|t:|1697551202\n|move|p1a: Ambipom|U-turn|p2a: Giratina\n|-resisted|p2a: Giratina\n|-damage|p2a: Giratina|92\/100\n|\n|t:|1697551219\n|switch|p1a: Ditto|Ditto|100\/100|[from] U-turn\n|-transform|p1a: Ditto|p2a: Giratina|[from] ability: Imposter\n|move|p2a: Giratina|Thunder Wave|p1a: Ditto\n|-status|p1a: Ditto|par\n|\n|-weather|SunnyDay|[upkeep]\n|upkeep\n|turn|3\n|\n|t:|1697551236\n|move|p2a: Giratina|Draco Meteor|p1a: Ditto\n|-supereffective|p1a: Ditto\n|-damage|p1a: Ditto|0 fnt\n|-unboost|p2a: Giratina|spa|2\n|faint|p1a: Ditto\n|\n|-weather|SunnyDay|[upkeep]\n|upkeep\n|\n|t:|1697551242\n|switch|p1a: Ursaluna|Ursaluna-Bloodmoon, M|100\/100\n|turn|4\n|\n|t:|1697551257\n|switch|p2a: Ribombee|Ribombee, M|100\/100\n|move|p1a: Ursaluna|Calm Mind|p1a: Ursaluna\n|-boost|p1a: Ursaluna|spa|1\n|-boost|p1a: Ursaluna|spd|1\n|\n|-weather|SunnyDay|[upkeep]\n|upkeep\n|turn|5\n|l|\u2606Richard1112\n|inactive|Richard1112 disconnected and has a minute to reconnect!\n|player|p1|\n|inactive|Richard1112 has 30 seconds to reconnect!\n|inactive|Richard1112 has 20 seconds to reconnect!\n|inactive|Richard1112 has 15 seconds to reconnect!\n|j|\u2606Richard1112\n|inactive|Richard1112 reconnected and has 80 seconds left.\n|player|p1|Richard1112|volkner\n|\n|t:|1697551321\n|move|p1a: Ursaluna|Vacuum Wave|p2a: Ribombee\n|-resisted|p2a: Ribombee\n|-damage|p2a: Ribombee|92\/100\n|move|p2a: Ribombee|Moonblast|p1a: Ursaluna\n|-damage|p1a: Ursaluna|78\/100\n|\n|-weather|none\n|-heal|p1a: Ursaluna|84\/100|[from] item: Leftovers\n|upkeep\n|turn|6\n|\n|t:|1697551328\n|move|p2a: Ribombee|Sticky Web|p1a: Ursaluna\n|-sidestart|p1: Richard1112|move: Sticky Web\n|move|p1a: Ursaluna|Calm Mind|p1a: Ursaluna\n|-boost|p1a: Ursaluna|spa|1\n|-boost|p1a: Ursaluna|spd|1\n|\n|-heal|p1a: Ursaluna|90\/100|[from] item: Leftovers\n|upkeep\n|turn|7\n|\n|t:|1697551331\n|move|p2a: Ribombee|Moonblast|p1a: Ursaluna\n|-damage|p1a: Ursaluna|71\/100\n|move|p1a: Ursaluna|Calm Mind|p1a: Ursaluna\n|-boost|p1a: Ursaluna|spa|1\n|-boost|p1a: Ursaluna|spd|1\n|\n|-heal|p1a: Ursaluna|77\/100|[from] item: Leftovers\n|upkeep\n|turn|8\n|\n|t:|1697551335\n|move|p2a: Ribombee|Moonblast|p1a: Ursaluna\n|-damage|p1a: Ursaluna|61\/100\n|move|p1a: Ursaluna|Blood Moon|p2a: Ribombee\n|-damage|p2a: Ribombee|0 fnt\n|faint|p2a: Ribombee\n|\n|-heal|p1a: Ursaluna|67\/100|[from] item: Leftovers\n|upkeep\n|\n|t:|1697551345\n|switch|p2a: Koraidon|Koraidon|100\/100\n|-weather|SunnyDay|[from] ability: Orichalcum Pulse|[of] p2a: Koraidon\n|-activate|p2a: Koraidon|Orichalcum Pulse|[source]\n|turn|9\n|\n|t:|1697551349\n|switch|p1a: Ursaluna|Ursaluna-Bloodmoon, M|100\/100\n|-activate|p1a: Ursaluna|move: Sticky Web\n|-unboost|p1a: Ursaluna|spe|1\n|move|p2a: Koraidon|Flare Blitz|p1a: Ursaluna\n|-enditem|p1a: Ursaluna|Focus Sash\n|-damage|p1a: Ursaluna|1\/100\n|-status|p1a: Ursaluna|brn\n|replace|p1a: Zoroark|Zoroark-Hisui, M\n|-end|p1a: Zoroark|Illusion\n|-damage|p2a: Koraidon|76\/100|[from] Recoil\n|\n|-weather|SunnyDay|[upkeep]\n|-damage|p1a: Zoroark|0 fnt|[from] brn\n|faint|p1a: Zoroark\n|upkeep\n|\n|t:|1697551359\n|switch|p1a: Maushold|Maushold-Four|100\/100\n|-activate|p1a: Maushold|move: Sticky Web\n|-unboost|p1a: Maushold|spe|1\n|turn|10\n|\n|t:|1697551362\n|move|p2a: Koraidon|Close Combat|p1a: Maushold\n|-supereffective|p1a: Maushold\n|-damage|p1a: Maushold|0 fnt\n|-unboost|p2a: Koraidon|def|1\n|-unboost|p2a: Koraidon|spd|1\n|faint|p1a: Maushold\n|\n|-weather|SunnyDay|[upkeep]\n|upkeep\n|\n|t:|1697551366\n|switch|p1a: Ambipom|Ambipom, M|100\/100\n|-activate|p1a: Ambipom|move: Sticky Web\n|-unboost|p1a: Ambipom|spe|1\n|turn|11\n|\n|t:|1697551370\n|switch|p2a: Giratina|Giratina-Origin|92\/100\n|move|p1a: Ambipom|Fake Out|p2a: Giratina\n|-immune|p2a: Giratina\n|\n|-weather|SunnyDay|[upkeep]\n|upkeep\n|turn|12\n|c|\u2606Richard1112|Bastard\n|-message|Richard1112 forfeited.\n|\n|win|xonjolona\n|raw|Richard1112's rating: 1109 &rarr; <strong>1087<\/strong><br \/>(-22 for losing)\n|raw|xonjolona's rating: 1153 &rarr; <strong>1175<\/strong><br \/>(+22 for winning)\n|l|\u2606Richard1112\n","uploadtime":1697551386,"views":6,"p1id":"richard1112","p2id":"xonjolona","formatid":"gen9ubers","rating":1087,"private":0,"password":""}