{"id":"gen9ubers-1997334454","p1":"Skyiewxz","p2":"Wssi","format":"[Gen 9] Ubers","log":"|j|\u2606Skyiewxz\n|j|\u2606Wssi\n|t:|1700790773\n|gametype|singles\n|player|p1|Skyiewxz|dawn|1582\n|player|p2|Wssi|backpacker|1697\n|teamsize|p1|6\n|teamsize|p2|6\n|gen|9\n|tier|[Gen 9] Ubers\n|rated|\n|rule|Sleep Clause Mod: Limit one foe put to sleep\n|rule|Species Clause: Limit one of each Pok\u00e9mon\n|rule|OHKO Clause: OHKO moves are banned\n|rule|Evasion Items Clause: Evasion items are banned\n|rule|Evasion Moves Clause: Evasion moves are banned\n|rule|Endless Battle Clause: Forcing endless battles is banned\n|rule|HP Percentage Mod: HP is shown in percentages\n|clearpoke\n|poke|p1|Grimmsnarl, M|\n|poke|p1|Koraidon|\n|poke|p1|Arceus|\n|poke|p1|Miraidon|\n|poke|p1|Zacian-*|\n|poke|p1|Calyrex-Ice|\n|poke|p2|Zacian-*|\n|poke|p2|Koraidon|\n|poke|p2|Glimmora, F|\n|poke|p2|Arceus|\n|poke|p2|Groudon|\n|poke|p2|Miraidon|\n|teampreview\n|c|\u2606Skyiewxz|pq o jogo me poe contra o cara q sabe todo meu time\n|inactive|Battle timer is ON: inactive players will automatically lose when time's up. (requested by Wssi)\n|c|\u2606Wssi|Kkkkkkkk\n|c|\u2606Wssi|E l\u00e1 vamos n\u00f3s\n|\n|t:|1700790866\n|start\n|switch|p1a: Arceus|Arceus|100\/100\n|switch|p2a: Glimmora|Glimmora, F|100\/100\n|turn|1\n|\n|t:|1700790871\n|switch|p2a: Groudon|Groudon|100\/100\n|-weather|SunnyDay|[from] ability: Drought|[of] p2a: Groudon\n|move|p1a: Arceus|Taunt|p2a: Groudon\n|-start|p2a: Groudon|move: Taunt\n|\n|-weather|SunnyDay|[upkeep]\n|upkeep\n|turn|2\n|\n|t:|1700790885\n|switch|p1a: Grimmsnarl|Grimmsnarl, M|100\/100\n|move|p2a: Groudon|Earthquake|p1a: Grimmsnarl\n|-damage|p1a: Grimmsnarl|36\/100\n|\n|-weather|SunnyDay|[upkeep]\n|upkeep\n|turn|3\n|\n|t:|1700790890\n|move|p1a: Grimmsnarl|Reflect|p1a: Grimmsnarl\n|-sidestart|p1: Skyiewxz|Reflect\n|move|p2a: Groudon|Earthquake|p1a: Grimmsnarl\n|-damage|p1a: Grimmsnarl|9\/100\n|\n|-weather|SunnyDay|[upkeep]\n|-end|p2a: Groudon|move: Taunt\n|upkeep\n|turn|4\n|c|\u2606Skyiewxz|muito forte meu\n|\n|t:|1700790897\n|move|p1a: Grimmsnarl|Taunt|p2a: Groudon\n|-start|p2a: Groudon|move: Taunt\n|move|p2a: Groudon|Earthquake|p1a: Grimmsnarl\n|-damage|p1a: Grimmsnarl|0 fnt\n|faint|p1a: Grimmsnarl\n|\n|-weather|SunnyDay|[upkeep]\n|upkeep\n|\n|t:|1700790905\n|switch|p1a: Calyrex|Calyrex-Ice|100\/100\n|-ability|p1a: Calyrex|As One\n|-ability|p1a: Calyrex|Unnerve\n|turn|5\n|\n|t:|1700790933\n|switch|p2a: Glimmora|Glimmora, F|100\/100\n|move|p1a: Calyrex|Glacial Lance|p2a: Glimmora\n|-enditem|p2a: Glimmora|Focus Sash\n|-damage|p2a: Glimmora|1\/100\n|-activate|p2a: Glimmora|ability: Toxic Debris\n|-sidestart|p1: Skyiewxz|move: Toxic Spikes\n|\n|-weather|none\n|upkeep\n|turn|6\n|\n|t:|1700790940\n|move|p2a: Glimmora|Mortal Spin|p1a: Calyrex\n|-damage|p1a: Calyrex|99\/100\n|-status|p1a: Calyrex|psn\n|move|p1a: Calyrex|Trick Room|p1a: Calyrex\n|-fieldstart|move: Trick Room|[of] p1a: Calyrex\n|\n|-damage|p1a: Calyrex|86\/100 psn|[from] psn\n|upkeep\n|turn|7\n|\n|t:|1700790943\n|move|p1a: Calyrex|Glacial Lance|p2a: Glimmora\n|-damage|p2a: Glimmora|0 fnt\n|-activate|p2a: Glimmora|ability: Toxic Debris\n|-sidestart|p1: Skyiewxz|move: Toxic Spikes\n|faint|p2a: Glimmora\n|-ability|p1a: Calyrex|Chilling Neigh|boost\n|-boost|p1a: Calyrex|atk|1\n|\n|-damage|p1a: Calyrex|74\/100 psn|[from] psn\n|upkeep\n|\n|t:|1700790957\n|switch|p2a: Arceus|Arceus|100\/100\n|turn|8\n|\n|t:|1700790977\n|move|p1a: Calyrex|Glacial Lance|p2a: Arceus\n|-damage|p2a: Arceus|17\/100\n|move|p2a: Arceus|Shadow Claw|p1a: Calyrex\n|-supereffective|p1a: Calyrex\n|-damage|p1a: Calyrex|58\/100 psn\n|\n|-damage|p1a: Calyrex|45\/100 psn|[from] psn\n|upkeep\n|turn|9\n|inactive|Wssi has 120 seconds left.\n|c|\u2606Wssi|A\u00ed \u00e9 foda\n|\n|t:|1700791000\n|move|p2a: Arceus|Extreme Speed|p1a: Calyrex\n|-damage|p1a: Calyrex|33\/100 psn\n|move|p1a: Calyrex|High Horsepower|p2a: Arceus\n|-damage|p2a: Arceus|0 fnt\n|faint|p2a: Arceus\n|-ability|p1a: Calyrex|Chilling Neigh|boost\n|-boost|p1a: Calyrex|atk|1\n|\n|-damage|p1a: Calyrex|20\/100 psn|[from] psn\n|upkeep\n|c|\u2606Skyiewxz|calyrex vc eh pika\n|\n|t:|1700791021\n|switch|p2a: Miraidon|Miraidon|100\/100\n|-fieldstart|move: Electric Terrain|[from] ability: Hadron Engine|[of] p2a: Miraidon\n|turn|10\n|c|\u2606Skyiewxz|o resto \u00e9 moda\n|\n|t:|1700791035\n|move|p1a: Calyrex|Glacial Lance|p2a: Miraidon\n|-supereffective|p2a: Miraidon\n|-damage|p2a: Miraidon|0 fnt\n|faint|p2a: Miraidon\n|-ability|p1a: Calyrex|Chilling Neigh|boost\n|-boost|p1a: Calyrex|atk|1\n|\n|-damage|p1a: Calyrex|8\/100 psn|[from] psn\n|-sideend|p1: Skyiewxz|Reflect\n|-fieldend|move: Trick Room\n|upkeep\n|\n|t:|1700791040\n|switch|p2a: Zacian|Zacian-Crowned|100\/100\n|-ability|p2a: Zacian|Intrepid Sword|boost\n|-boost|p2a: Zacian|atk|1\n|turn|11\n|c|\u2606Skyiewxz|revela o trailblaze ai\n|\n|t:|1700791056\n|move|p2a: Zacian|Trailblaze|p1a: Calyrex\n|-damage|p1a: Calyrex|0 fnt\n|-boost|p2a: Zacian|spe|1\n|faint|p1a: Calyrex\n|\n|upkeep\n|c|\u2606Wssi|Revelei kkkkk\n|c|\u2606Skyiewxz|sabe muito\n|inactive|Skyiewxz has 120 seconds left.\n|c|\u2606Wssi|Revela o terastal fire\n|c|\u2606Wssi|Koraidon\n|\n|t:|1700791105\n|switch|p1a: Koraidon|Koraidon|100\/100\n|-status|p1a: Koraidon|tox\n|-weather|SunnyDay|[from] ability: Orichalcum Pulse|[of] p1a: Koraidon\n|-activate|p1a: Koraidon|Orichalcum Pulse|[source]\n|turn|12\n|inactive|Wssi has 120 seconds left.\n|c|\u2606Skyiewxz|bom\n|c|\u2606Skyiewxz|acho q aq \u00e9 gg\n|c|\u2606Skyiewxz|n tem como vc matar\n|inactive|Skyiewxz has 90 seconds left.\n|c|\u2606Wssi|Perdi pro Focus sash koraidon\n|\n|t:|1700791137\n|move|p2a: Zacian|Play Rough|p1a: Koraidon\n|-supereffective|p1a: Koraidon\n|-damage|p1a: Koraidon|0 fnt\n|faint|p1a: Koraidon\n|\n|-weather|SunnyDay|[upkeep]\n|upkeep\n|c|\u2606Skyiewxz|o plano existe\n|c|\u2606Wssi|Kkkkkkkkkkkkkkkkkkkkkkkkkk\n|\n|t:|1700791157\n|switch|p1a: Arceus|Arceus|100\/100\n|-status|p1a: Arceus|tox\n|turn|13\n|inactive|Skyiewxz has 60 seconds left.\n|\n|t:|1700791181\n|move|p2a: Zacian|Swords Dance|p2a: Zacian\n|-boost|p2a: Zacian|atk|2\n|move|p1a: Arceus|Shadow Claw|p2a: Zacian\n|-damage|p2a: Zacian|75\/100\n|\n|-weather|SunnyDay|[upkeep]\n|-damage|p1a: Arceus|94\/100 tox|[from] psn\n|upkeep\n|turn|14\n|inactive|Skyiewxz has 60 seconds left.\n|c|\u2606Skyiewxz|o plano n existe\n|\n|t:|1700791197\n|-terastallize|p1a: Arceus|Normal\n|move|p1a: Arceus|Extreme Speed|p2a: Zacian\n|-resisted|p2a: Zacian\n|-damage|p2a: Zacian|44\/100\n|move|p2a: Zacian|Play Rough|p1a: Arceus\n|-damage|p1a: Arceus|0 fnt\n|faint|p1a: Arceus\n|\n|-weather|SunnyDay|[upkeep]\n|-fieldend|move: Electric Terrain\n|upkeep\n|c|\u2606Skyiewxz|a nmrl quem q usa trailblaze\n|c|\u2606Skyiewxz|AAAAAAA\n|inactive|Skyiewxz has 30 seconds left.\n|c|\u2606Wssi|Essa \u00e9 a laude\n|\n|t:|1700791228\n|switch|p1a: Zacian|Zacian-Crowned|100\/100\n|-ability|p1a: Zacian|Intrepid Sword|boost\n|-boost|p1a: Zacian|atk|1\n|turn|15\n|c|\u2606Wssi|Ent\u00e3o ixquece\n|\n|t:|1700791234\n|-terastallize|p2a: Zacian|Ground\n|move|p2a: Zacian|Tera Blast|p1a: Zacian|[anim] Tera Blast Ground\n|-supereffective|p1a: Zacian\n|-damage|p1a: Zacian|0 fnt\n|faint|p1a: Zacian\n|\n|-weather|SunnyDay|[upkeep]\n|upkeep\n|inactive|Skyiewxz has 30 seconds left.\n|\n|t:|1700791250\n|switch|p1a: Miraidon|Miraidon|100\/100\n|-status|p1a: Miraidon|tox\n|-fieldstart|move: Electric Terrain|[from] ability: Hadron Engine|[of] p1a: Miraidon\n|turn|16\n|inactive|Skyiewxz has 30 seconds left.\n|c|\u2606Skyiewxz|duvido clicar play rough (e errar)\n|inactive|Skyiewxz has 20 seconds left.\n|c|\u2606Wssi|D\u00favida?\n|\n|t:|1700791274\n|move|p2a: Zacian|Tera Blast|p1a: Miraidon|[anim] Tera Blast Ground\n|-supereffective|p1a: Miraidon\n|-damage|p1a: Miraidon|0 fnt\n|faint|p1a: Miraidon\n|\n|win|Wssi\n|inactive|Skyiewxz has 25 seconds left this turn.\n|raw|Skyiewxz's rating: 1582 &rarr; <strong>1568<\/strong><br \/>(-14 for losing)\n|raw|Wssi's rating: 1697 &rarr; <strong>1711<\/strong><br \/>(+14 for winning)\n|l|\u2606Skyiewxz\n|j|\u2606Skyiewxz\n|player|p1|Skyiewxz|dawn\n|c|\u2606Wssi|Gg\n|c|\u2606Skyiewxz|gg\n|l|\u2606Skyiewxz\n|player|p1|\n|c|\u2606Wssi|Estou recuperando as mamacadas que eu fiz antes\n","uploadtime":1700791310,"views":4,"p1id":"skyiewxz","p2id":"wssi","formatid":"gen9ubers","rating":1568,"private":0,"password":""}