{"id":"gen9ubers-1979234647","p1":"DoctorSnowman","p2":"SamsungS5","format":"[Gen 9] Ubers","log":"|j|\u2606DoctorSnowman\n|j|\u2606SamsungS5\n|t:|1698657815\n|gametype|singles\n|player|p1|DoctorSnowman|102|\n|player|p2|SamsungS5|101|\n|teamsize|p1|6\n|teamsize|p2|6\n|gen|9\n|tier|[Gen 9] Ubers\n|rule|Sleep Clause Mod: Limit one foe put to sleep\n|rule|Species Clause: Limit one of each Pok\u00e9mon\n|rule|OHKO Clause: OHKO moves are banned\n|rule|Evasion Items Clause: Evasion items are banned\n|rule|Evasion Moves Clause: Evasion moves are banned\n|rule|Endless Battle Clause: Forcing endless battles is banned\n|rule|HP Percentage Mod: HP is shown in percentages\n|clearpoke\n|poke|p1|Great Tusk|\n|poke|p1|Noivern, M|\n|poke|p1|Azumarill, M|\n|poke|p1|Quagsire, M|\n|poke|p1|Jolteon, F|\n|poke|p1|Misdreavus, F|\n|poke|p2|Ogerpon-Hearthflame, F|\n|poke|p2|Baxcalibur, F|\n|poke|p2|Ditto|\n|poke|p2|Enamorus-Therian, F|\n|poke|p2|Morgrem, M|\n|poke|p2|Tauros-Paldea-Aqua, M|\n|teampreview\n|\n|t:|1698657833\n|start\n|switch|p1a: Quagsire|Quagsire, M|100\/100\n|switch|p2a: Ogerpon|Ogerpon-Hearthflame, F|100\/100\n|-ability|p2a: Ogerpon|Mold Breaker\n|turn|1\n|c|\u2606SamsungS5|glhf\n|c|\u2606DoctorSnowman|glhf!!\n|\n|t:|1698657899\n|switch|p1a: Noivern|Noivern, M|100\/100\n|move|p2a: Ogerpon|Wood Hammer|p1a: Noivern\n|-resisted|p1a: Noivern\n|-damage|p1a: Noivern|76\/100\n|-damage|p2a: Ogerpon|92\/100|[from] Recoil\n|\n|upkeep\n|turn|2\n|j| thatguy_313\n|\n|t:|1698657914\n|switch|p2a: Enamorus|Enamorus-Therian, F|100\/100\n|move|p1a: Noivern|Flamethrower|p2a: Enamorus\n|-damage|p2a: Enamorus|75\/100\n|-status|p2a: Enamorus|brn\n|\n|-heal|p2a: Enamorus|81\/100 brn|[from] item: Leftovers\n|-damage|p2a: Enamorus|75\/100 brn|[from] brn\n|upkeep\n|turn|3\n|\n|t:|1698657932\n|move|p1a: Noivern|U-turn|p2a: Enamorus\n|-resisted|p2a: Enamorus\n|-damage|p2a: Enamorus|73\/100 brn\n|\n|t:|1698657958\n|switch|p1a: Misdreavus|Misdreavus, F|100\/100|[from] U-turn\n|move|p2a: Enamorus|Moonblast|p1a: Misdreavus\n|-damage|p1a: Misdreavus|45\/100\n|\n|-heal|p2a: Enamorus|79\/100 brn|[from] item: Leftovers\n|-damage|p2a: Enamorus|73\/100 brn|[from] brn\n|upkeep\n|turn|4\n|\n|t:|1698657977\n|move|p1a: Misdreavus|Power Gem|p2a: Enamorus\n|-supereffective|p2a: Enamorus\n|-damage|p2a: Enamorus|35\/100 brn\n|move|p2a: Enamorus|Calm Mind|p2a: Enamorus\n|-boost|p2a: Enamorus|spa|1\n|-boost|p2a: Enamorus|spd|1\n|\n|-heal|p2a: Enamorus|41\/100 brn|[from] item: Leftovers\n|-damage|p2a: Enamorus|35\/100 brn|[from] brn\n|upkeep\n|turn|5\n|\n|t:|1698657995\n|-terastallize|p2a: Enamorus|Fairy\n|move|p1a: Misdreavus|Power Gem|p2a: Enamorus\n|-damage|p2a: Enamorus|22\/100 brn\n|move|p2a: Enamorus|Moonblast|p1a: Misdreavus\n|-damage|p1a: Misdreavus|0 fnt\n|faint|p1a: Misdreavus\n|\n|-heal|p2a: Enamorus|28\/100 brn|[from] item: Leftovers\n|-damage|p2a: Enamorus|22\/100 brn|[from] brn\n|upkeep\n|\n|t:|1698658042\n|switch|p1a: Azumarill|Azumarill, M, shiny|100\/100\n|turn|6\n|j| NicNeg\n|\n|t:|1698658047\n|move|p1a: Azumarill|Aqua Jet|p2a: Enamorus\n|-damage|p2a: Enamorus|0 fnt\n|faint|p2a: Enamorus\n|\n|upkeep\n|j| StealthR2\n|\n|t:|1698658054\n|switch|p2a: Ogerpon|Ogerpon-Hearthflame, F|92\/100\n|-ability|p2a: Ogerpon|Mold Breaker\n|turn|7\n|\n|t:|1698658066\n|-terastallize|p1a: Azumarill|Fairy\n|move|p2a: Ogerpon|Spiky Shield|p2a: Ogerpon\n|-singleturn|p2a: Ogerpon|move: Protect\n|move|p1a: Azumarill|Belly Drum|p1a: Azumarill\n|-damage|p1a: Azumarill|50\/100\n|-setboost|p1a: Azumarill|atk|6|[from] move: Belly Drum\n|-enditem|p1a: Azumarill|Sitrus Berry|[eat]\n|-heal|p1a: Azumarill|75\/100|[from] item: Sitrus Berry\n|\n|upkeep\n|turn|8\n|\n|t:|1698658088\n|move|p2a: Ogerpon|Spiky Shield||[still]\n|-fail|p2a: Ogerpon\n|move|p1a: Azumarill|Liquidation|p2a: Ogerpon\n|-damage|p2a: Ogerpon|0 fnt\n|faint|p2a: Ogerpon\n|\n|upkeep\n|\n|t:|1698658094\n|switch|p2a: Ditto|Ditto|100\/100\n|-transform|p2a: Ditto|p1a: Azumarill|[from] ability: Imposter\n|-start|p2a: Ditto|typechange|Water\/Fairy|[silent]\n|turn|9\n|\n|t:|1698658109\n|move|p2a: Ditto|Aqua Jet|p1a: Azumarill\n|-damage|p1a: Azumarill|0 fnt\n|faint|p1a: Azumarill\n|\n|upkeep\n|\n|t:|1698658175\n|switch|p1a: Quagsire|Quagsire, M|100\/100\n|turn|10\n|\n|t:|1698658193\n|move|p2a: Ditto|Aqua Jet|p1a: Quagsire\n|-damage|p1a: Quagsire|83\/100\n|move|p1a: Quagsire|Toxic|p2a: Ditto\n|-status|p2a: Ditto|tox\n|\n|-heal|p1a: Quagsire|90\/100|[from] item: Leftovers\n|-damage|p2a: Ditto|94\/100 tox|[from] psn\n|upkeep\n|turn|11\n|\n|t:|1698658203\n|switch|p2a: Morgrem|Morgrem, M|100\/100\n|move|p1a: Quagsire|Earthquake|p2a: Morgrem\n|-damage|p2a: Morgrem|39\/100\n|\n|-heal|p1a: Quagsire|96\/100|[from] item: Leftovers\n|upkeep\n|turn|12\n|\n|t:|1698658219\n|move|p2a: Morgrem|Reflect|p2a: Morgrem\n|-sidestart|p2: SamsungS5|Reflect\n|move|p1a: Quagsire|Earthquake|p2a: Morgrem\n|-damage|p2a: Morgrem|11\/100\n|\n|-heal|p1a: Quagsire|100\/100|[from] item: Leftovers\n|upkeep\n|turn|13\n|\n|t:|1698658231\n|move|p2a: Morgrem|Parting Shot|p1a: Quagsire\n|-unboost|p1a: Quagsire|atk|1\n|-unboost|p1a: Quagsire|spa|1\n|\n|t:|1698658242\n|switch|p2a: Tauros|Tauros-Paldea-Aqua, M|100\/100|[from] Parting Shot\n|move|p1a: Quagsire|Stealth Rock|p2a: Tauros\n|-sidestart|p2: SamsungS5|move: Stealth Rock\n|\n|upkeep\n|turn|14\n|\n|t:|1698658265\n|move|p2a: Tauros|Close Combat|p1a: Quagsire\n|-damage|p1a: Quagsire|58\/100\n|-unboost|p2a: Tauros|def|1\n|-unboost|p2a: Tauros|spd|1\n|move|p1a: Quagsire|Toxic|p2a: Tauros\n|-status|p2a: Tauros|tox\n|\n|-heal|p1a: Quagsire|64\/100|[from] item: Leftovers\n|-damage|p2a: Tauros|94\/100 tox|[from] psn\n|upkeep\n|turn|15\n|\n|t:|1698658284\n|move|p2a: Tauros|Substitute|p2a: Tauros\n|-start|p2a: Tauros|Substitute\n|-damage|p2a: Tauros|69\/100 tox\n|move|p1a: Quagsire|Recover|p1a: Quagsire\n|-heal|p1a: Quagsire|100\/100\n|\n|-damage|p2a: Tauros|57\/100 tox|[from] psn\n|upkeep\n|turn|16\n|\n|t:|1698658307\n|move|p2a: Tauros|Close Combat|p1a: Quagsire\n|-damage|p1a: Quagsire|58\/100\n|-unboost|p2a: Tauros|def|1\n|-unboost|p2a: Tauros|spd|1\n|move|p1a: Quagsire|Earthquake|p2a: Tauros\n|-activate|p2a: Tauros|move: Substitute|[damage]\n|\n|-heal|p1a: Quagsire|64\/100|[from] item: Leftovers\n|-damage|p2a: Tauros|38\/100 tox|[from] psn\n|upkeep\n|turn|17\n|\n|t:|1698658330\n|move|p2a: Tauros|Raging Bull|p1a: Quagsire\n|-damage|p1a: Quagsire|29\/100\n|move|p1a: Quagsire|Recover|p1a: Quagsire\n|-heal|p1a: Quagsire|79\/100\n|\n|-heal|p1a: Quagsire|85\/100|[from] item: Leftovers\n|-damage|p2a: Tauros|13\/100 tox|[from] psn\n|upkeep\n|-enditem|p2a: Tauros|Liechi Berry|[eat]\n|-boost|p2a: Tauros|atk|1|[from] item: Liechi Berry\n|turn|18\n|l| NicNeg\n|\n|t:|1698658344\n|move|p2a: Tauros|Close Combat|p1a: Quagsire\n|-damage|p1a: Quagsire|43\/100\n|-unboost|p2a: Tauros|def|1\n|-unboost|p2a: Tauros|spd|1\n|move|p1a: Quagsire|Recover|p1a: Quagsire\n|-heal|p1a: Quagsire|93\/100\n|\n|-heal|p1a: Quagsire|99\/100|[from] item: Leftovers\n|-damage|p2a: Tauros|0 fnt|[from] psn\n|faint|p2a: Tauros\n|upkeep\n|\n|t:|1698658355\n|switch|p2a: Baxcalibur|Baxcalibur, F|100\/100\n|-damage|p2a: Baxcalibur|76\/100|[from] Stealth Rock\n|turn|19\n|j| NicNeg\n|\n|t:|1698658371\n|move|p2a: Baxcalibur|Icicle Spear|p1a: Quagsire\n|-damage|p1a: Quagsire|91\/100\n|-damage|p1a: Quagsire|81\/100\n|-damage|p1a: Quagsire|74\/100\n|-damage|p1a: Quagsire|64\/100\n|-damage|p1a: Quagsire|55\/100\n|-hitcount|p1a: Quagsire|5\n|move|p1a: Quagsire|Toxic|p2a: Baxcalibur\n|-status|p2a: Baxcalibur|tox\n|\n|-heal|p1a: Quagsire|61\/100|[from] item: Leftovers\n|-damage|p2a: Baxcalibur|69\/100 tox|[from] psn\n|-sideend|p2: SamsungS5|Reflect\n|upkeep\n|turn|20\n|\n|t:|1698658414\n|move|p2a: Baxcalibur|Icicle Spear|p1a: Quagsire\n|-damage|p1a: Quagsire|53\/100\n|-damage|p1a: Quagsire|44\/100\n|-damage|p1a: Quagsire|36\/100\n|-damage|p1a: Quagsire|26\/100\n|-damage|p1a: Quagsire|17\/100\n|-hitcount|p1a: Quagsire|5\n|move|p1a: Quagsire|Recover|p1a: Quagsire\n|-heal|p1a: Quagsire|67\/100\n|\n|-heal|p1a: Quagsire|73\/100|[from] item: Leftovers\n|-damage|p2a: Baxcalibur|57\/100 tox|[from] psn\n|upkeep\n|turn|21\n|\n|t:|1698658434\n|move|p2a: Baxcalibur|Icicle Spear|p1a: Quagsire\n|-damage|p1a: Quagsire|64\/100\n|-damage|p1a: Quagsire|55\/100\n|-damage|p1a: Quagsire|46\/100\n|-damage|p1a: Quagsire|37\/100\n|-damage|p1a: Quagsire|28\/100\n|-hitcount|p1a: Quagsire|5\n|move|p1a: Quagsire|Recover|p1a: Quagsire\n|-heal|p1a: Quagsire|78\/100\n|\n|-heal|p1a: Quagsire|84\/100|[from] item: Leftovers\n|-damage|p2a: Baxcalibur|38\/100 tox|[from] psn\n|upkeep\n|turn|22\n|\n|t:|1698658455\n|move|p2a: Baxcalibur|Icicle Spear|p1a: Quagsire\n|-damage|p1a: Quagsire|75\/100\n|-crit|p1a: Quagsire\n|-damage|p1a: Quagsire|62\/100\n|-damage|p1a: Quagsire|53\/100\n|-damage|p1a: Quagsire|45\/100\n|-damage|p1a: Quagsire|37\/100\n|-hitcount|p1a: Quagsire|5\n|move|p1a: Quagsire|Recover|p1a: Quagsire\n|-heal|p1a: Quagsire|87\/100\n|\n|-heal|p1a: Quagsire|93\/100|[from] item: Leftovers\n|-damage|p2a: Baxcalibur|13\/100 tox|[from] psn\n|upkeep\n|turn|23\n|\n|t:|1698658490\n|move|p2a: Baxcalibur|Icicle Spear|p1a: Quagsire\n|-damage|p1a: Quagsire|84\/100\n|-damage|p1a: Quagsire|75\/100\n|-damage|p1a: Quagsire|66\/100\n|-damage|p1a: Quagsire|57\/100\n|-hitcount|p1a: Quagsire|4\n|move|p1a: Quagsire|Earthquake|p2a: Baxcalibur\n|-damage|p2a: Baxcalibur|0 fnt\n|faint|p2a: Baxcalibur\n|\n|-heal|p1a: Quagsire|63\/100|[from] item: Leftovers\n|upkeep\n|\n|t:|1698658506\n|switch|p2a: Morgrem|Morgrem, M|11\/100\n|-damage|p2a: Morgrem|0 fnt|[from] Stealth Rock\n|faint|p2a: Morgrem\n|c|\u2606SamsungS5|bruh.\n|\n|t:|1698658512\n|switch|p2a: Ditto|Ditto|94\/100 tox\n|-damage|p2a: Ditto|82\/100 tox|[from] Stealth Rock\n|-transform|p2a: Ditto|p1a: Quagsire|[from] ability: Imposter\n|turn|24\n|\n|t:|1698658558\n|move|p2a: Ditto|Earthquake|p1a: Quagsire\n|-damage|p1a: Quagsire|41\/100\n|move|p1a: Quagsire|Recover|p1a: Quagsire\n|-heal|p1a: Quagsire|91\/100\n|\n|-heal|p1a: Quagsire|97\/100|[from] item: Leftovers\n|-damage|p2a: Ditto|76\/100 tox|[from] psn\n|upkeep\n|turn|25\n|\n|t:|1698658581\n|move|p2a: Ditto|Earthquake|p1a: Quagsire\n|-damage|p1a: Quagsire|78\/100\n|move|p1a: Quagsire|Earthquake|p2a: Ditto\n|-damage|p2a: Ditto|49\/100 tox\n|\n|-heal|p1a: Quagsire|84\/100|[from] item: Leftovers\n|-damage|p2a: Ditto|37\/100 tox|[from] psn\n|upkeep\n|turn|26\n|\n|t:|1698658592\n|move|p2a: Ditto|Earthquake|p1a: Quagsire\n|-damage|p1a: Quagsire|64\/100\n|move|p1a: Quagsire|Earthquake|p2a: Ditto\n|-damage|p2a: Ditto|8\/100 tox\n|\n|-heal|p1a: Quagsire|71\/100|[from] item: Leftovers\n|-damage|p2a: Ditto|0 fnt|[from] psn\n|faint|p2a: Ditto\n|\n|win|DoctorSnowman\n|upkeep\n|c|\u2606SamsungS5|ggs\n|c|\u2606DoctorSnowman|gg\n|l| NicNeg\n|l| StealthR2\n","uploadtime":1698658606,"views":30,"p1id":"doctorsnowman","p2id":"samsungs5","formatid":"gen9ubers","rating":0,"private":0,"password":""}