{"id":"gen9ubers-1997160096","p1":"Halil66","p2":"I lik turtles","format":"[Gen 9] Ubers","log":"|j|\u2606Halil66\n|j|\u2606I lik turtles\n|t:|1700770629\n|gametype|singles\n|player|p1|Halil66|brock|1153\n|player|p2|I lik turtles|smasher|1169\n|teamsize|p1|6\n|teamsize|p2|6\n|gen|9\n|tier|[Gen 9] Ubers\n|rated|\n|rule|Sleep Clause Mod: Limit one foe put to sleep\n|rule|Species Clause: Limit one of each Pok\u00e9mon\n|rule|OHKO Clause: OHKO moves are banned\n|rule|Evasion Items Clause: Evasion items are banned\n|rule|Evasion Moves Clause: Evasion moves are banned\n|rule|Endless Battle Clause: Forcing endless battles is banned\n|rule|HP Percentage Mod: HP is shown in percentages\n|clearpoke\n|poke|p1|Ursaluna-Bloodmoon, M|\n|poke|p1|Arceus-Water|\n|poke|p1|Mewtwo|\n|poke|p1|Rayquaza|\n|poke|p1|Groudon|\n|poke|p1|Giratina-Origin|\n|poke|p2|Koraidon|\n|poke|p2|Palafin, F|\n|poke|p2|Arceus-Steel|\n|poke|p2|Giratina|\n|poke|p2|Shaymin-Sky|\n|poke|p2|Annihilape, M|\n|teampreview\n|inactive|Battle timer is ON: inactive players will automatically lose when time's up. (requested by Halil66)\n|\n|t:|1700770638\n|start\n|switch|p1a: Rayquaza|Rayquaza, shiny|100\/100\n|switch|p2a: Palafin|Palafin, F|100\/100\n|-ability|p1a: Rayquaza|Air Lock\n|turn|1\n|\n|t:|1700770651\n|move|p2a: Palafin|Flip Turn|p1a: Rayquaza\n|-resisted|p1a: Rayquaza\n|-damage|p1a: Rayquaza|86\/100\n|-damage|p2a: Palafin|91\/100|[from] item: Life Orb\n|\n|t:|1700770654\n|detailschange|p2a: Palafin|Palafin-Hero, F\n|switch|p2a: Arceus|Arceus-Steel|100\/100|[from] Flip Turn\n|move|p1a: Rayquaza|Dragon Dance|p1a: Rayquaza\n|-boost|p1a: Rayquaza|atk|1\n|-boost|p1a: Rayquaza|spe|1\n|\n|upkeep\n|turn|2\n|\n|t:|1700770664\n|move|p1a: Rayquaza|Earthquake|p2a: Arceus\n|-supereffective|p2a: Arceus\n|-damage|p2a: Arceus|18\/100\n|move|p2a: Arceus|Thunder Wave|p1a: Rayquaza\n|-status|p1a: Rayquaza|par\n|\n|upkeep\n|turn|3\n|\n|t:|1700770672\n|cant|p1a: Rayquaza|par\n|move|p2a: Arceus|Recover|p2a: Arceus\n|-heal|p2a: Arceus|68\/100\n|\n|upkeep\n|turn|4\n|\n|t:|1700770681\n|switch|p2a: Koraidon|Koraidon|100\/100\n|-weather|SunnyDay|[from] ability: Orichalcum Pulse|[of] p2a: Koraidon\n|-activate|p2a: Koraidon|Orichalcum Pulse|[source]\n|move|p1a: Rayquaza|Earthquake|p2a: Koraidon\n|-damage|p2a: Koraidon|41\/100\n|\n|-weather|SunnyDay|[upkeep]\n|upkeep\n|turn|5\n|\n|t:|1700770693\n|move|p2a: Koraidon|Dragon Claw|p1a: Rayquaza\n|-supereffective|p1a: Rayquaza\n|-damage|p1a: Rayquaza|0 fnt\n|faint|p1a: Rayquaza\n|\n|-weather|SunnyDay|[upkeep]\n|upkeep\n|\n|t:|1700770711\n|switch|p1a: Arceus|Arceus-Water|100\/100\n|turn|6\n|\n|t:|1700770718\n|switch|p2a: Shaymin|Shaymin-Sky|100\/100\n|move|p1a: Arceus|Ice Beam|p2a: Shaymin\n|-supereffective|p2a: Shaymin\n|-damage|p2a: Shaymin|0 fnt\n|faint|p2a: Shaymin\n|\n|-weather|SunnyDay|[upkeep]\n|upkeep\n|\n|t:|1700770730\n|switch|p2a: Annihilape|Annihilape, M|100\/100\n|turn|7\n|\n|t:|1700770737\n|move|p2a: Annihilape|Rage Fist|p1a: Arceus\n|-damage|p1a: Arceus|81\/100\n|move|p1a: Arceus|Judgment|p2a: Annihilape\n|-damage|p2a: Annihilape|71\/100\n|\n|-weather|SunnyDay|[upkeep]\n|upkeep\n|turn|8\n|\n|t:|1700770755\n|move|p2a: Annihilape|Rage Fist|p1a: Arceus\n|-damage|p1a: Arceus|44\/100\n|move|p1a: Arceus|Judgment|p2a: Annihilape\n|-damage|p2a: Annihilape|38\/100\n|\n|-weather|none\n|upkeep\n|turn|9\n|\n|t:|1700770764\n|move|p2a: Annihilape|Rage Fist|p1a: Arceus\n|-damage|p1a: Arceus|0 fnt\n|faint|p1a: Arceus\n|\n|upkeep\n|\n|t:|1700770770\n|switch|p1a: Giratina|Giratina-Origin|100\/100\n|turn|10\n|\n|t:|1700770775\n|-terastallize|p2a: Annihilape|Poison\n|-terastallize|p1a: Giratina|Ghost\n|move|p1a: Giratina|Shadow Sneak|p2a: Annihilape\n|-crit|p2a: Annihilape\n|-damage|p2a: Annihilape|0 fnt\n|faint|p2a: Annihilape\n|\n|upkeep\n|\n|t:|1700770788\n|switch|p2a: Arceus|Arceus-Steel|68\/100\n|turn|11\n|c|\u2606I lik turtles|Noooo\n|\n|t:|1700770802\n|switch|p1a: Ursaluna|Ursaluna-Bloodmoon, M|100\/100\n|move|p2a: Arceus|Thunder Wave|p1a: Ursaluna\n|-immune|p1a: Ursaluna\n|\n|upkeep\n|turn|12\n|\n|t:|1700770813\n|switch|p2a: Koraidon|Koraidon|41\/100\n|-weather|SunnyDay|[from] ability: Orichalcum Pulse|[of] p2a: Koraidon\n|-activate|p2a: Koraidon|Orichalcum Pulse|[source]\n|move|p1a: Ursaluna|Earth Power|p2a: Koraidon\n|-damage|p2a: Koraidon|0 fnt\n|faint|p2a: Koraidon\n|\n|-weather|SunnyDay|[upkeep]\n|upkeep\n|\n|t:|1700770820\n|switch|p2a: Palafin|Palafin-Hero, F|91\/100\n|-activate|p2a: Palafin|ability: Zero to Hero\n|turn|13\n|\n|t:|1700770834\n|switch|p1a: Giratina|Giratina-Origin, tera:Ghost|100\/100\n|move|p2a: Palafin|Close Combat|p1a: Giratina\n|-immune|p1a: Giratina\n|\n|-weather|SunnyDay|[upkeep]\n|upkeep\n|turn|14\n|\n|t:|1700770844\n|switch|p2a: Giratina|Giratina|100\/100\n|-ability|p2a: Giratina|Pressure\n|move|p1a: Giratina|Shadow Force||[still]\n|-prepare|p1a: Giratina|Shadow Force\n|\n|-weather|SunnyDay|[upkeep]\n|upkeep\n|turn|15\n|\n|t:|1700770854\n|move|p1a: Giratina|Shadow Force|p2a: Giratina|[from]lockedmove\n|-supereffective|p2a: Giratina\n|-damage|p2a: Giratina|0 fnt\n|faint|p2a: Giratina\n|\n|-weather|SunnyDay|[upkeep]\n|upkeep\n|\n|t:|1700770857\n|switch|p2a: Arceus|Arceus-Steel|68\/100\n|turn|16\n|\n|t:|1700770864\n|move|p2a: Arceus|Thunder Wave|p1a: Giratina\n|-status|p1a: Giratina|par\n|move|p1a: Giratina|Shadow Force||[still]\n|-prepare|p1a: Giratina|Shadow Force\n|\n|-weather|none\n|upkeep\n|turn|17\n|\n|t:|1700770871\n|move|p2a: Arceus|Recover|p2a: Arceus\n|-heal|p2a: Arceus|100\/100\n|move|p1a: Giratina|Shadow Force|p2a: Arceus|[from]lockedmove\n|-damage|p2a: Arceus|37\/100\n|\n|upkeep\n|turn|18\n|\n|t:|1700770878\n|move|p1a: Giratina|Shadow Sneak|p2a: Arceus\n|-damage|p2a: Arceus|13\/100\n|move|p2a: Arceus|Recover|p2a: Arceus\n|-heal|p2a: Arceus|63\/100\n|\n|upkeep\n|turn|19\n|\n|t:|1700770884\n|move|p2a: Arceus|Foul Play|p1a: Giratina\n|-supereffective|p1a: Giratina\n|-damage|p1a: Giratina|51\/100 par\n|move|p1a: Giratina|Shadow Force||[still]\n|-prepare|p1a: Giratina|Shadow Force\n|\n|upkeep\n|turn|20\n|\n|t:|1700770890\n|move|p2a: Arceus|Recover|p2a: Arceus\n|-heal|p2a: Arceus|100\/100\n|move|p1a: Giratina|Shadow Force|p2a: Arceus|[from]lockedmove\n|-damage|p2a: Arceus|35\/100\n|\n|upkeep\n|turn|21\n|\n|t:|1700770902\n|cant|p1a: Giratina|par\n|move|p2a: Arceus|Foul Play|p1a: Giratina\n|-supereffective|p1a: Giratina\n|-damage|p1a: Giratina|3\/100 par\n|\n|upkeep\n|turn|22\n|\n|t:|1700770910\n|move|p1a: Giratina|Shadow Sneak|p2a: Arceus\n|-damage|p2a: Arceus|13\/100\n|move|p2a: Arceus|Foul Play|p1a: Giratina\n|-supereffective|p1a: Giratina\n|-damage|p1a: Giratina|0 fnt\n|faint|p1a: Giratina\n|\n|upkeep\n|\n|t:|1700770917\n|switch|p1a: Mewtwo|Mewtwo, shiny|100\/100\n|-ability|p1a: Mewtwo|Unnerve\n|turn|23\n|\n|t:|1700770923\n|move|p1a: Mewtwo|Psystrike|p2a: Arceus\n|-resisted|p2a: Arceus\n|-damage|p2a: Arceus|0 fnt\n|faint|p2a: Arceus\n|\n|upkeep\n|\n|t:|1700770925\n|switch|p2a: Palafin|Palafin-Hero, F|91\/100\n|turn|24\n|\n|t:|1700770931\n|move|p1a: Mewtwo|Energy Ball|p2a: Palafin\n|-supereffective|p2a: Palafin\n|-damage|p2a: Palafin|6\/100\n|move|p2a: Palafin|Wave Crash|p1a: Mewtwo\n|-damage|p1a: Mewtwo|0 fnt\n|faint|p1a: Mewtwo\n|-damage|p2a: Palafin|0 fnt|[from] Recoil\n|faint|p2a: Palafin\n|\n|win|Halil66\n|raw|Halil66's rating: 1153 &rarr; <strong>1179<\/strong><br \/>(+26 for winning)\n|raw|I lik turtles's rating: 1169 &rarr; <strong>1143<\/strong><br \/>(-26 for losing)\n|l|\u2606I lik turtles\n","uploadtime":1700770943,"views":7,"p1id":"halil66","p2id":"ilikturtles","formatid":"gen9ubers","rating":1143,"private":0,"password":""}