{"id":"gen9ubers-1981848297","p1":"OmegaSheep","p2":"mlenny95","format":"[Gen 9] Ubers","log":"|j|\u2606OmegaSheep\n|j|\u2606mlenny95\n|t:|1698946184\n|gametype|singles\n|player|p1|OmegaSheep|1|\n|player|p2|mlenny95|fisherman|\n|teamsize|p1|6\n|teamsize|p2|6\n|gen|9\n|tier|[Gen 9] Ubers\n|rule|Sleep Clause Mod: Limit one foe put to sleep\n|rule|Species Clause: Limit one of each Pok\u00e9mon\n|rule|OHKO Clause: OHKO moves are banned\n|rule|Evasion Items Clause: Evasion items are banned\n|rule|Evasion Moves Clause: Evasion moves are banned\n|rule|Endless Battle Clause: Forcing endless battles is banned\n|rule|HP Percentage Mod: HP is shown in percentages\n|clearpoke\n|poke|p1|Great Tusk|\n|poke|p1|Walking Wake|\n|poke|p1|Torkoal, F|\n|poke|p1|Ribombee, M|\n|poke|p1|Appletun, F|\n|poke|p1|Thundurus-Therian, M|\n|poke|p2|Dragapult, M|\n|poke|p2|Kingambit, M|\n|poke|p2|Amoonguss, M|\n|poke|p2|Skeledirge, M|\n|poke|p2|Orthworm, M|\n|poke|p2|Haxorus, M|\n|teampreview\n|c|\u2606mlenny95|gl hf\n|\n|t:|1698946248\n|start\n|switch|p1a: Ribombee|Ribombee, M|100\/100\n|switch|p2a: Skeledirge|Skeledirge, M, shiny|100\/100\n|turn|1\n|\n|t:|1698946338\n|move|p1a: Ribombee|Sticky Web|p2a: Skeledirge\n|-sidestart|p2: mlenny95|move: Sticky Web\n|move|p2a: Skeledirge|Torch Song|p1a: Ribombee\n|-supereffective|p1a: Ribombee\n|-damage|p1a: Ribombee|2\/100\n|-boost|p2a: Skeledirge|spa|1\n|\n|upkeep\n|turn|2\n|\n|t:|1698946359\n|move|p1a: Ribombee|Moonblast|p2a: Skeledirge\n|-resisted|p2a: Skeledirge\n|-damage|p2a: Skeledirge|85\/100\n|-unboost|p2a: Skeledirge|spa|1\n|move|p2a: Skeledirge|Will-O-Wisp|p1a: Ribombee\n|-status|p1a: Ribombee|brn\n|\n|-damage|p1a: Ribombee|0 fnt|[from] brn\n|faint|p1a: Ribombee\n|upkeep\n|\n|t:|1698946398\n|switch|p1a: Great Tusk|Great Tusk|100\/100\n|-enditem|p1a: Great Tusk|Booster Energy\n|-activate|p1a: Great Tusk|ability: Protosynthesis|[fromitem]\n|-start|p1a: Great Tusk|protosynthesisspe\n|turn|3\n|\n|t:|1698946428\n|move|p1a: Great Tusk|Knock Off|p2a: Skeledirge\n|-supereffective|p2a: Skeledirge\n|-damage|p2a: Skeledirge|46\/100\n|-enditem|p2a: Skeledirge|Heavy-Duty Boots|[from] move: Knock Off|[of] p1a: Great Tusk\n|move|p2a: Skeledirge|Torch Song|p1a: Great Tusk\n|-damage|p1a: Great Tusk|62\/100\n|-boost|p2a: Skeledirge|spa|1\n|\n|upkeep\n|turn|4\n|\n|t:|1698946455\n|move|p1a: Great Tusk|Headlong Rush|p2a: Skeledirge\n|-supereffective|p2a: Skeledirge\n|-damage|p2a: Skeledirge|0 fnt\n|-unboost|p1a: Great Tusk|def|1\n|-unboost|p1a: Great Tusk|spd|1\n|faint|p2a: Skeledirge\n|\n|upkeep\n|\n|t:|1698946464\n|switch|p2a: Amoonguss|Amoonguss, M, shiny|100\/100\n|-activate|p2a: Amoonguss|move: Sticky Web\n|-unboost|p2a: Amoonguss|spe|1\n|turn|5\n|\n|t:|1698946503\n|move|p1a: Great Tusk|Ice Spinner|p2a: Amoonguss\n|-supereffective|p2a: Amoonguss\n|-damage|p2a: Amoonguss|64\/100\n|move|p2a: Amoonguss|Spore|p1a: Great Tusk\n|-status|p1a: Great Tusk|slp|[from] move: Spore\n|\n|-heal|p2a: Amoonguss|70\/100|[from] item: Black Sludge\n|upkeep\n|turn|6\n|\n|t:|1698946545\n|-end|p1a: Great Tusk|Protosynthesis|[silent]\n|switch|p1a: Torkoal|Torkoal, F|100\/100\n|-weather|SunnyDay|[from] ability: Drought|[of] p1a: Torkoal\n|move|p2a: Amoonguss|Giga Drain|p1a: Torkoal\n|-resisted|p1a: Torkoal\n|-damage|p1a: Torkoal|87\/100\n|-heal|p2a: Amoonguss|75\/100|[from] drain|[of] p1a: Torkoal\n|\n|-weather|SunnyDay|[upkeep]\n|-heal|p1a: Torkoal|93\/100|[from] item: Leftovers\n|-heal|p2a: Amoonguss|81\/100|[from] item: Black Sludge\n|upkeep\n|turn|7\n|\n|t:|1698946587\n|move|p1a: Torkoal|Yawn|p2a: Amoonguss\n|-start|p2a: Amoonguss|move: Yawn|[of] p1a: Torkoal\n|move|p2a: Amoonguss|Sludge Bomb|p1a: Torkoal\n|-damage|p1a: Torkoal|57\/100\n|\n|-weather|SunnyDay|[upkeep]\n|-heal|p1a: Torkoal|64\/100|[from] item: Leftovers\n|-heal|p2a: Amoonguss|88\/100|[from] item: Black Sludge\n|upkeep\n|turn|8\n|\n|t:|1698946634\n|move|p1a: Torkoal|Stealth Rock|p2a: Amoonguss\n|-sidestart|p2: mlenny95|move: Stealth Rock\n|move|p2a: Amoonguss|Toxic|p1a: Torkoal\n|-status|p1a: Torkoal|tox\n|\n|-weather|SunnyDay|[upkeep]\n|-heal|p1a: Torkoal|70\/100 tox|[from] item: Leftovers\n|-heal|p2a: Amoonguss|94\/100|[from] item: Black Sludge\n|-damage|p1a: Torkoal|64\/100 tox|[from] psn\n|-end|p2a: Amoonguss|move: Yawn|[silent]\n|-status|p2a: Amoonguss|slp\n|upkeep\n|turn|9\n|\n|t:|1698946673\n|switch|p2a: Garchump|Haxorus, M|100\/100\n|-ability|p2a: Garchump|Mold Breaker\n|move|p1a: Torkoal|Flamethrower|p2a: Garchump\n|-resisted|p2a: Garchump\n|-damage|p2a: Garchump|52\/100\n|\n|-weather|SunnyDay|[upkeep]\n|-heal|p1a: Torkoal|70\/100 tox|[from] item: Leftovers\n|-damage|p1a: Torkoal|57\/100 tox|[from] psn\n|upkeep\n|turn|10\n|j| NWA Anemos\n|\n|t:|1698946735\n|switch|p1a: Great Tusk|Great Tusk|62\/100 slp\n|-activate|p1a: Great Tusk|ability: Protosynthesis\n|-start|p1a: Great Tusk|protosynthesisspe\n|move|p2a: Garchump|Dragon Dance|p2a: Garchump\n|-boost|p2a: Garchump|atk|1\n|-boost|p2a: Garchump|spe|1\n|\n|-weather|none\n|-end|p1a: Great Tusk|Protosynthesis\n|upkeep\n|turn|11\n|\n|t:|1698946849\n|-end|p1a: Great Tusk|Protosynthesis|[silent]\n|switch|p1a: Torkoal|Torkoal, F|57\/100 tox\n|-weather|SunnyDay|[from] ability: Drought|[of] p1a: Torkoal\n|move|p2a: Garchump|Aqua Tail|p1a: Torkoal\n|-supereffective|p1a: Torkoal\n|-damage|p1a: Torkoal|19\/100 tox\n|\n|-weather|SunnyDay|[upkeep]\n|-heal|p1a: Torkoal|25\/100 tox|[from] item: Leftovers\n|-damage|p1a: Torkoal|19\/100 tox|[from] psn\n|upkeep\n|turn|12\n|\n|t:|1698946884\n|move|p2a: Garchump|Earthquake|p1a: Torkoal\n|-supereffective|p1a: Torkoal\n|-damage|p1a: Torkoal|0 fnt\n|faint|p1a: Torkoal\n|\n|-weather|SunnyDay|[upkeep]\n|upkeep\n|\n|t:|1698946930\n|switch|p1a: Walking Wake|Walking Wake|100\/100\n|-activate|p1a: Walking Wake|ability: Protosynthesis\n|-start|p1a: Walking Wake|protosynthesisspa\n|turn|13\n|\n|t:|1698946946\n|move|p2a: Garchump|Outrage|p1a: Walking Wake\n|-supereffective|p1a: Walking Wake\n|-damage|p1a: Walking Wake|0 fnt\n|faint|p1a: Walking Wake\n|-end|p1a: Walking Wake|Protosynthesis|[silent]\n|\n|-weather|SunnyDay|[upkeep]\n|upkeep\n|\n|t:|1698946955\n|switch|p1a: Appletun|Appletun, F|100\/100\n|turn|14\n|\n|t:|1698946964\n|-terastallize|p1a: Appletun|Steel\n|move|p2a: Garchump|Outrage|p1a: Appletun|[from]lockedmove\n|-resisted|p1a: Appletun\n|-damage|p1a: Appletun|49\/100\n|-start|p2a: Garchump|confusion|[fatigue]\n|move|p1a: Appletun|Dragon Pulse|p2a: Garchump\n|-supereffective|p2a: Garchump\n|-damage|p2a: Garchump|0 fnt\n|faint|p2a: Garchump\n|\n|-weather|SunnyDay|[upkeep]\n|-heal|p1a: Appletun|55\/100|[from] item: Leftovers\n|upkeep\n|c|\u2606mlenny95|dang nice one\n|c|\u2606OmegaSheep|thanks, love my appletun\n|c| NWA Anemos|the teraaaaa\n|\n|t:|1698947029\n|switch|p2a: Alaskan Bull Worm|Orthworm, M, shiny|100\/100\n|-activate|p2a: Alaskan Bull Worm|move: Sticky Web\n|-unboost|p2a: Alaskan Bull Worm|spe|1\n|-damage|p2a: Alaskan Bull Worm|94\/100|[from] Stealth Rock\n|turn|15\n|\n|t:|1698947087\n|switch|p1a: Thundurus|Thundurus-Therian, M|100\/100\n|move|p2a: Alaskan Bull Worm|Body Press|p1a: Thundurus\n|-resisted|p1a: Thundurus\n|-damage|p1a: Thundurus|77\/100\n|\n|-weather|none\n|-heal|p2a: Alaskan Bull Worm|100\/100|[from] item: Leftovers\n|upkeep\n|turn|16\n|\n|t:|1698947151\n|switch|p2a: Amoonguss|Amoonguss, M, shiny|100\/100 slp\n|-activate|p2a: Amoonguss|move: Sticky Web\n|-unboost|p2a: Amoonguss|spe|1\n|-damage|p2a: Amoonguss|88\/100 slp|[from] Stealth Rock\n|move|p1a: Thundurus|Thunderbolt|p2a: Amoonguss\n|-resisted|p2a: Amoonguss\n|-damage|p2a: Amoonguss|65\/100 slp\n|\n|-heal|p2a: Amoonguss|71\/100 slp|[from] item: Black Sludge\n|upkeep\n|turn|17\n|\n|t:|1698947195\n|switch|p1a: Great Tusk|Great Tusk|62\/100 slp\n|cant|p2a: Amoonguss|slp\n|\n|-heal|p2a: Amoonguss|77\/100 slp|[from] item: Black Sludge\n|upkeep\n|turn|18\n|\n|t:|1698947218\n|cant|p1a: Great Tusk|slp\n|cant|p2a: Amoonguss|slp\n|\n|-heal|p2a: Amoonguss|83\/100 slp|[from] item: Black Sludge\n|upkeep\n|turn|19\n|\n|t:|1698947224\n|cant|p1a: Great Tusk|slp\n|-curestatus|p2a: Amoonguss|slp|[msg]\n|move|p2a: Amoonguss|Giga Drain|p1a: Great Tusk\n|-supereffective|p1a: Great Tusk\n|-damage|p1a: Great Tusk|5\/100 slp\n|-heal|p2a: Amoonguss|100\/100|[from] drain|[of] p1a: Great Tusk\n|\n|upkeep\n|turn|20\n|\n|t:|1698947247\n|-curestatus|p1a: Great Tusk|slp|[msg]\n|move|p1a: Great Tusk|Ice Spinner|p2a: Amoonguss\n|-supereffective|p2a: Amoonguss\n|-damage|p2a: Amoonguss|65\/100\n|move|p2a: Amoonguss|Sludge Bomb|p1a: Great Tusk\n|-resisted|p1a: Great Tusk\n|-damage|p1a: Great Tusk|0 fnt\n|faint|p1a: Great Tusk\n|-end|p1a: Great Tusk|Protosynthesis|[silent]\n|\n|-heal|p2a: Amoonguss|71\/100|[from] item: Black Sludge\n|upkeep\n|\n|t:|1698947256\n|switch|p1a: Appletun|Appletun, F, tera:Steel|55\/100\n|turn|21\n|\n|t:|1698947277\n|move|p1a: Appletun|Leech Seed|p2a: Amoonguss\n|-immune|p2a: Amoonguss\n|move|p2a: Amoonguss|Giga Drain|p1a: Appletun\n|-resisted|p1a: Appletun\n|-damage|p1a: Appletun|48\/100\n|-heal|p2a: Amoonguss|75\/100|[from] drain|[of] p1a: Appletun\n|\n|-heal|p1a: Appletun|54\/100|[from] item: Leftovers\n|-heal|p2a: Amoonguss|81\/100|[from] item: Black Sludge\n|upkeep\n|turn|22\n|c|\u2606OmegaSheep|fr just slaped my forehead\n|c|\u2606mlenny95|lol\n|c| NWA Anemos|oh no\n|\n|t:|1698947295\n|move|p1a: Appletun|Recover|p1a: Appletun\n|-heal|p1a: Appletun|100\/100\n|move|p2a: Amoonguss|Giga Drain|p1a: Appletun\n|-resisted|p1a: Appletun\n|-damage|p1a: Appletun|93\/100\n|-heal|p2a: Amoonguss|84\/100|[from] drain|[of] p1a: Appletun\n|\n|-heal|p1a: Appletun|99\/100|[from] item: Leftovers\n|-heal|p2a: Amoonguss|91\/100|[from] item: Black Sludge\n|upkeep\n|turn|23\n|\n|t:|1698947305\n|move|p1a: Appletun|Dragon Pulse|p2a: Amoonguss\n|-damage|p2a: Amoonguss|66\/100\n|move|p2a: Amoonguss|Giga Drain|p1a: Appletun\n|-resisted|p1a: Appletun\n|-damage|p1a: Appletun|91\/100\n|-heal|p2a: Amoonguss|70\/100|[from] drain|[of] p1a: Appletun\n|\n|-heal|p1a: Appletun|97\/100|[from] item: Leftovers\n|-heal|p2a: Amoonguss|76\/100|[from] item: Black Sludge\n|upkeep\n|turn|24\n|\n|t:|1698947337\n|move|p1a: Appletun|Dragon Pulse|p2a: Amoonguss\n|-damage|p2a: Amoonguss|49\/100\n|move|p2a: Amoonguss|Giga Drain|p1a: Appletun\n|-resisted|p1a: Appletun\n|-damage|p1a: Appletun|89\/100\n|-heal|p2a: Amoonguss|53\/100|[from] drain|[of] p1a: Appletun\n|\n|-heal|p1a: Appletun|95\/100|[from] item: Leftovers\n|-heal|p2a: Amoonguss|59\/100|[from] item: Black Sludge\n|upkeep\n|turn|25\n|\n|t:|1698947357\n|switch|p2a: Alaskan Bull Worm|Orthworm, M, shiny|100\/100\n|-activate|p2a: Alaskan Bull Worm|move: Sticky Web\n|-unboost|p2a: Alaskan Bull Worm|spe|1\n|-damage|p2a: Alaskan Bull Worm|94\/100|[from] Stealth Rock\n|move|p1a: Appletun|Dragon Pulse|p2a: Alaskan Bull Worm\n|-resisted|p2a: Alaskan Bull Worm\n|-damage|p2a: Alaskan Bull Worm|72\/100\n|\n|-heal|p2a: Alaskan Bull Worm|78\/100|[from] item: Leftovers\n|-heal|p1a: Appletun|100\/100|[from] item: Leftovers\n|upkeep\n|turn|26\n|\n|t:|1698947376\n|move|p2a: Alaskan Bull Worm|Body Press|p1a: Appletun\n|-supereffective|p1a: Appletun\n|-damage|p1a: Appletun|36\/100\n|move|p1a: Appletun|Apple Acid|p2a: Alaskan Bull Worm\n|-resisted|p2a: Alaskan Bull Worm\n|-damage|p2a: Alaskan Bull Worm|57\/100\n|-unboost|p2a: Alaskan Bull Worm|spd|1\n|\n|-heal|p2a: Alaskan Bull Worm|63\/100|[from] item: Leftovers\n|-heal|p1a: Appletun|42\/100|[from] item: Leftovers\n|upkeep\n|turn|27\n|\n|t:|1698947393\n|switch|p1a: Thundurus|Thundurus-Therian, M|77\/100\n|move|p2a: Alaskan Bull Worm|Body Press|p1a: Thundurus\n|-resisted|p1a: Thundurus\n|-damage|p1a: Thundurus|53\/100\n|\n|-heal|p2a: Alaskan Bull Worm|69\/100|[from] item: Leftovers\n|upkeep\n|turn|28\n|\n|t:|1698947404\n|switch|p2a: Amoonguss|Amoonguss, M, shiny|92\/100\n|-activate|p2a: Amoonguss|move: Sticky Web\n|-unboost|p2a: Amoonguss|spe|1\n|-damage|p2a: Amoonguss|80\/100|[from] Stealth Rock\n|move|p1a: Thundurus|Thunderbolt|p2a: Amoonguss\n|-resisted|p2a: Amoonguss\n|-damage|p2a: Amoonguss|58\/100\n|\n|-heal|p2a: Amoonguss|64\/100|[from] item: Black Sludge\n|upkeep\n|turn|29\n|\n|t:|1698947432\n|switch|p1a: Appletun|Appletun, F, tera:Steel|42\/100\n|move|p2a: Amoonguss|Sludge Bomb|p1a: Appletun\n|-immune|p1a: Appletun\n|\n|-heal|p1a: Appletun|48\/100|[from] item: Leftovers\n|-heal|p2a: Amoonguss|70\/100|[from] item: Black Sludge\n|upkeep\n|turn|30\n|\n|t:|1698947440\n|switch|p2a: Alaskan Bull Worm|Orthworm, M, shiny|69\/100\n|-activate|p2a: Alaskan Bull Worm|move: Sticky Web\n|-unboost|p2a: Alaskan Bull Worm|spe|1\n|-damage|p2a: Alaskan Bull Worm|63\/100|[from] Stealth Rock\n|move|p1a: Appletun|Recover|p1a: Appletun\n|-heal|p1a: Appletun|98\/100\n|\n|-heal|p2a: Alaskan Bull Worm|69\/100|[from] item: Leftovers\n|-heal|p1a: Appletun|100\/100|[from] item: Leftovers\n|upkeep\n|turn|31\n|\n|t:|1698947453\n|move|p2a: Alaskan Bull Worm|Body Press|p1a: Appletun\n|-supereffective|p1a: Appletun\n|-damage|p1a: Appletun|39\/100\n|move|p1a: Appletun|Apple Acid|p2a: Alaskan Bull Worm\n|-resisted|p2a: Alaskan Bull Worm\n|-damage|p2a: Alaskan Bull Worm|45\/100\n|-unboost|p2a: Alaskan Bull Worm|spd|1\n|\n|-heal|p2a: Alaskan Bull Worm|51\/100|[from] item: Leftovers\n|-heal|p1a: Appletun|45\/100|[from] item: Leftovers\n|upkeep\n|turn|32\n|\n|t:|1698947465\n|switch|p1a: Thundurus|Thundurus-Therian, M|53\/100\n|move|p2a: Alaskan Bull Worm|Body Press|p1a: Thundurus\n|-resisted|p1a: Thundurus\n|-damage|p1a: Thundurus|30\/100\n|\n|-heal|p2a: Alaskan Bull Worm|57\/100|[from] item: Leftovers\n|upkeep\n|turn|33\n|\n|t:|1698947483\n|switch|p2a: Amoonguss|Amoonguss, M, shiny|100\/100\n|-activate|p2a: Amoonguss|move: Sticky Web\n|-unboost|p2a: Amoonguss|spe|1\n|-damage|p2a: Amoonguss|88\/100|[from] Stealth Rock\n|move|p1a: Thundurus|U-turn|p2a: Amoonguss\n|-damage|p2a: Amoonguss|76\/100\n|\n|t:|1698947490\n|switch|p1a: Appletun|Appletun, F, tera:Steel|45\/100|[from] U-turn\n|\n|-heal|p1a: Appletun|51\/100|[from] item: Leftovers\n|-heal|p2a: Amoonguss|82\/100|[from] item: Black Sludge\n|upkeep\n|turn|34\n|\n|t:|1698947522\n|switch|p2a: Alaskan Bull Worm|Orthworm, M, shiny|57\/100\n|-activate|p2a: Alaskan Bull Worm|move: Sticky Web\n|-unboost|p2a: Alaskan Bull Worm|spe|1\n|-damage|p2a: Alaskan Bull Worm|51\/100|[from] Stealth Rock\n|move|p1a: Appletun|Apple Acid|p2a: Alaskan Bull Worm\n|-resisted|p2a: Alaskan Bull Worm\n|-damage|p2a: Alaskan Bull Worm|30\/100\n|-unboost|p2a: Alaskan Bull Worm|spd|1\n|\n|-heal|p2a: Alaskan Bull Worm|36\/100|[from] item: Leftovers\n|-heal|p1a: Appletun|57\/100|[from] item: Leftovers\n|upkeep\n|turn|35\n|\n|t:|1698947540\n|switch|p1a: Thundurus|Thundurus-Therian, M|30\/100\n|move|p2a: Alaskan Bull Worm|Body Press|p1a: Thundurus\n|-resisted|p1a: Thundurus\n|-damage|p1a: Thundurus|6\/100\n|\n|-heal|p2a: Alaskan Bull Worm|42\/100|[from] item: Leftovers\n|upkeep\n|turn|36\n|\n|t:|1698947551\n|move|p1a: Thundurus|U-turn|p2a: Alaskan Bull Worm\n|-resisted|p2a: Alaskan Bull Worm\n|-damage|p2a: Alaskan Bull Worm|38\/100\n|\n|t:|1698947557\n|switch|p1a: Appletun|Appletun, F, tera:Steel|57\/100|[from] U-turn\n|move|p2a: Alaskan Bull Worm|Body Press|p1a: Appletun\n|-supereffective|p1a: Appletun\n|-damage|p1a: Appletun|0 fnt\n|faint|p1a: Appletun\n|\n|-heal|p2a: Alaskan Bull Worm|44\/100|[from] item: Leftovers\n|upkeep\n|\n|t:|1698947564\n|switch|p1a: Thundurus|Thundurus-Therian, M|6\/100\n|turn|37\n|\n|t:|1698947570\n|switch|p2a: Amoonguss|Amoonguss, M, shiny|100\/100\n|-activate|p2a: Amoonguss|move: Sticky Web\n|-unboost|p2a: Amoonguss|spe|1\n|-damage|p2a: Amoonguss|88\/100|[from] Stealth Rock\n|move|p1a: Thundurus|Thunderbolt|p2a: Amoonguss\n|-resisted|p2a: Amoonguss\n|-damage|p2a: Amoonguss|66\/100\n|\n|-heal|p2a: Amoonguss|72\/100|[from] item: Black Sludge\n|upkeep\n|turn|38\n|\n|t:|1698947581\n|move|p1a: Thundurus|Dark Pulse|p2a: Amoonguss\n|-crit|p2a: Amoonguss\n|-damage|p2a: Amoonguss|28\/100\n|move|p2a: Amoonguss|Sludge Bomb|p1a: Thundurus\n|-damage|p1a: Thundurus|0 fnt\n|faint|p1a: Thundurus\n|\n|win|mlenny95\n|c|\u2606mlenny95|gg man\n|c|\u2606OmegaSheep|gg\n","uploadtime":1698947599,"views":25,"p1id":"omegasheep","p2id":"mlenny95","formatid":"gen9ubers","rating":0,"private":0,"password":""}