{"id":"gen9ubers-1989270348","p1":"Trossly","p2":"prof beef","format":"[Gen 9] Ubers","log":"|j|\u2606Trossly\n|j|\u2606prof beef\n|t:|1699830197\n|gametype|singles\n|player|p1|Trossly|swimmerf|\n|player|p2|prof beef|cynthia-gen4|\n|teamsize|p1|6\n|teamsize|p2|6\n|gen|9\n|tier|[Gen 9] Ubers\n|rule|Sleep Clause Mod: Limit one foe put to sleep\n|rule|Species Clause: Limit one of each Pok\u00e9mon\n|rule|OHKO Clause: OHKO moves are banned\n|rule|Evasion Items Clause: Evasion items are banned\n|rule|Evasion Moves Clause: Evasion moves are banned\n|rule|Endless Battle Clause: Forcing endless battles is banned\n|rule|HP Percentage Mod: HP is shown in percentages\n|clearpoke\n|poke|p1|Dragonite, F|\n|poke|p1|Chi-Yu|\n|poke|p1|Rillaboom, M|\n|poke|p1|Hippowdon, F|\n|poke|p1|Milotic, F|\n|poke|p1|Ting-Lu|\n|poke|p2|Kommo-o, M|\n|poke|p2|Slowking-Galar, F|\n|poke|p2|Heatran, M|\n|poke|p2|Crawdaunt, M|\n|poke|p2|Zangoose, F|\n|poke|p2|Ribombee, M|\n|teampreview\n|j| KoziolKombat\n|inactive|Battle timer is ON: inactive players will automatically lose when time's up. (requested by Trossly)\n|\n|t:|1699830222\n|start\n|switch|p1a: Dragonite|Dragonite, F, shiny|100\/100\n|switch|p2a: Ribombee|Ribombee, M, shiny|100\/100\n|turn|1\n|\n|t:|1699830234\n|-terastallize|p1a: Dragonite|Normal\n|move|p2a: Ribombee|Sticky Web|p1a: Dragonite\n|-sidestart|p1: Trossly|move: Sticky Web\n|move|p1a: Dragonite|Dragon Dance|p1a: Dragonite\n|-boost|p1a: Dragonite|atk|1\n|-boost|p1a: Dragonite|spe|1\n|\n|upkeep\n|turn|2\n|\n|t:|1699830257\n|move|p1a: Dragonite|Dragon Dance|p1a: Dragonite\n|-boost|p1a: Dragonite|atk|1\n|-boost|p1a: Dragonite|spe|1\n|move|p2a: Ribombee|U-turn|p1a: Dragonite\n|-damage|p1a: Dragonite|93\/100\n|\n|t:|1699830266\n|switch|p2a: Zangoose|Zangoose, F, shiny|100\/100|[from] U-turn\n|\n|-status|p2a: Zangoose|tox|[from] item: Toxic Orb\n|upkeep\n|turn|3\n|\n|t:|1699830275\n|move|p1a: Dragonite|Extreme Speed|p2a: Zangoose\n|-damage|p2a: Zangoose|0 fnt\n|faint|p2a: Zangoose\n|\n|upkeep\n|\n|t:|1699830292\n|switch|p2a: Crawdaunt|Crawdaunt, M|100\/100\n|turn|4\n|\n|t:|1699830298\n|move|p1a: Dragonite|Extreme Speed|p2a: Crawdaunt\n|-damage|p2a: Crawdaunt|0 fnt\n|faint|p2a: Crawdaunt\n|\n|upkeep\n|\n|t:|1699830316\n|switch|p2a: Ribombee|Ribombee, M, shiny|100\/100\n|turn|5\n|\n|t:|1699830319\n|move|p1a: Dragonite|Extreme Speed|p2a: Ribombee\n|-enditem|p2a: Ribombee|Focus Sash\n|-damage|p2a: Ribombee|1\/100\n|move|p2a: Ribombee|Moonblast|p1a: Dragonite\n|-damage|p1a: Dragonite|48\/100\n|\n|upkeep\n|turn|6\n|\n|t:|1699830330\n|move|p1a: Dragonite|Extreme Speed|p2a: Ribombee\n|-damage|p2a: Ribombee|0 fnt\n|faint|p2a: Ribombee\n|\n|upkeep\n|\n|t:|1699830340\n|switch|p2a: Heatran|Heatran, M, shiny|100\/100\n|-item|p2a: Heatran|Air Balloon\n|turn|7\n|\n|t:|1699830347\n|move|p1a: Dragonite|Earthquake|p2a: Heatran\n|-immune|p2a: Heatran\n|move|p2a: Heatran|Magma Storm|p1a: Dragonite|[miss]\n|-miss|p2a: Heatran|p1a: Dragonite\n|\n|upkeep\n|turn|8\n|\n|t:|1699830355\n|move|p1a: Dragonite|Extreme Speed|p2a: Heatran\n|-resisted|p2a: Heatran\n|-damage|p2a: Heatran|62\/100\n|-enditem|p2a: Heatran|Air Balloon\n|move|p2a: Heatran|Magma Storm|p1a: Dragonite\n|-damage|p1a: Dragonite|3\/100\n|-activate|p1a: Dragonite|move: Magma Storm|[of] p2a: Heatran\n|\n|-damage|p1a: Dragonite|0 fnt|[from] move: Magma Storm|[partiallytrapped]\n|faint|p1a: Dragonite\n|upkeep\n|\n|t:|1699830367\n|switch|p1a: Milotic|Milotic, F, shiny|100\/100\n|turn|9\n|\n|t:|1699830387\n|switch|p2a: Slowking|Slowking-Galar, F|100\/100\n|move|p1a: Milotic|Scald|p2a: Slowking\n|-damage|p2a: Slowking|90\/100\n|\n|upkeep\n|turn|10\n|\n|t:|1699830404\n|switch|p1a: Rillaboom|Rillaboom, M, shiny|100\/100\n|-activate|p1a: Rillaboom|move: Sticky Web\n|-unboost|p1a: Rillaboom|spe|1\n|-fieldstart|move: Grassy Terrain|[from] ability: Grassy Surge|[of] p1a: Rillaboom\n|move|p2a: Slowking|Future Sight|p1a: Rillaboom\n|-start|p2a: Slowking|move: Future Sight\n|\n|-heal|p2a: Slowking|96\/100|[from] Grassy Terrain\n|upkeep\n|turn|11\n|\n|t:|1699830420\n|move|p1a: Rillaboom|Knock Off|p2a: Slowking\n|-supereffective|p2a: Slowking\n|-crit|p2a: Slowking\n|-damage|p2a: Slowking|0 fnt\n|-enditem|p2a: Slowking|Assault Vest|[from] move: Knock Off|[of] p1a: Rillaboom\n|faint|p2a: Slowking\n|\n|upkeep\n|\n|t:|1699830432\n|switch|p2a: Heatran|Heatran, M, shiny|62\/100\n|turn|12\n|\n|t:|1699830438\n|switch|p1a: Milotic|Milotic, F, shiny|100\/100\n|move|p2a: Heatran|Magma Storm|p1a: Milotic|[miss]\n|-miss|p2a: Heatran|p1a: Milotic\n|\n|-end|p1a: Milotic|move: Future Sight\n|-damage|p1a: Milotic|72\/100\n|-heal|p1a: Milotic|78\/100|[from] Grassy Terrain\n|-heal|p2a: Heatran|68\/100|[from] Grassy Terrain\n|upkeep\n|turn|13\n|inactive|prof beef has 270 seconds left.\n|\n|t:|1699830468\n|move|p2a: Heatran|Magma Storm|p1a: Milotic\n|-resisted|p1a: Milotic\n|-damage|p1a: Milotic|65\/100\n|-activate|p1a: Milotic|move: Magma Storm|[of] p2a: Heatran\n|move|p1a: Milotic|Mirror Coat|p2a: Heatran\n|-damage|p2a: Heatran|41\/100\n|\n|-heal|p1a: Milotic|71\/100|[from] Grassy Terrain\n|-heal|p2a: Heatran|48\/100|[from] Grassy Terrain\n|-damage|p1a: Milotic|58\/100|[from] move: Magma Storm|[partiallytrapped]\n|upkeep\n|turn|14\n|inactive|prof beef has 270 seconds left.\n|\n|t:|1699830485\n|move|p1a: Milotic|Scald|p2a: Heatran\n|-supereffective|p2a: Heatran\n|-damage|p2a: Heatran|13\/100\n|move|p2a: Heatran|Will-O-Wisp|p1a: Milotic\n|-status|p1a: Milotic|brn\n|\n|-heal|p1a: Milotic|64\/100 brn|[from] Grassy Terrain\n|-heal|p2a: Heatran|20\/100|[from] Grassy Terrain\n|-damage|p1a: Milotic|58\/100 brn|[from] brn\n|-damage|p1a: Milotic|46\/100 brn|[from] move: Magma Storm|[partiallytrapped]\n|-fieldend|move: Grassy Terrain\n|upkeep\n|turn|15\n|inactive|prof beef has 270 seconds left.\n|\n|t:|1699830497\n|move|p1a: Milotic|Scald|p2a: Heatran\n|-supereffective|p2a: Heatran\n|-damage|p2a: Heatran|0 fnt\n|faint|p2a: Heatran\n|\n|-damage|p1a: Milotic|40\/100 brn|[from] brn\n|-end|p1a: Milotic|Magma Storm|[partiallytrapped]|[silent]\n|upkeep\n|\n|t:|1699830503\n|switch|p2a: Kommo-o|Kommo-o, M|100\/100\n|turn|16\n|inactive|prof beef has 270 seconds left.\n|\n|t:|1699830513\n|move|p2a: Kommo-o|Boomburst|p1a: Milotic\n|-damage|p1a: Milotic|15\/100 brn\n|-enditem|p2a: Kommo-o|Throat Spray\n|-boost|p2a: Kommo-o|spa|1|[from] item: Throat Spray\n|move|p1a: Milotic|Mirror Coat|p2a: Kommo-o\n|-damage|p2a: Kommo-o|34\/100\n|\n|-damage|p1a: Milotic|9\/100 brn|[from] brn\n|upkeep\n|turn|17\n|inactive|prof beef has 270 seconds left.\n|\n|t:|1699830524\n|move|p2a: Kommo-o|Boomburst|p1a: Milotic\n|-damage|p1a: Milotic|0 fnt\n|faint|p1a: Milotic\n|\n|upkeep\n|\n|t:|1699830537\n|switch|p1a: Hippowdon|Hippowdon, F, shiny|100\/100\n|-activate|p1a: Hippowdon|move: Sticky Web\n|-unboost|p1a: Hippowdon|spe|1\n|-weather|Sandstorm|[from] ability: Sand Stream|[of] p1a: Hippowdon\n|turn|18\n|inactive|prof beef has 270 seconds left.\n|\n|t:|1699830549\n|-terastallize|p2a: Kommo-o|Normal\n|move|p2a: Kommo-o|Clangorous Soul|p2a: Kommo-o\n|-boost|p2a: Kommo-o|atk|1\n|-boost|p2a: Kommo-o|def|1\n|-boost|p2a: Kommo-o|spa|1\n|-boost|p2a: Kommo-o|spd|1\n|-boost|p2a: Kommo-o|spe|1\n|-damage|p2a: Kommo-o|1\/100\n|move|p1a: Hippowdon|Earthquake|p2a: Kommo-o\n|-damage|p2a: Kommo-o|0 fnt\n|faint|p2a: Kommo-o\n|\n|win|Trossly\n","uploadtime":1699830562,"views":23,"p1id":"trossly","p2id":"profbeef","formatid":"gen9ubers","rating":0,"private":0,"password":""}