{"id":"gen9ubers-1977220976","p1":"currys","p2":"mysticalcheese","format":"[Gen 9] Ubers","log":"|j|\u2606currys\n|j|\u2606mysticalcheese\n|t:|1698388996\n|gametype|singles\n|player|p1|currys|265|\n|player|p2|mysticalcheese|170|\n|teamsize|p1|6\n|teamsize|p2|6\n|gen|9\n|tier|[Gen 9] Ubers\n|rule|Sleep Clause Mod: Limit one foe put to sleep\n|rule|Species Clause: Limit one of each Pok\u00e9mon\n|rule|OHKO Clause: OHKO moves are banned\n|rule|Evasion Items Clause: Evasion items are banned\n|rule|Evasion Moves Clause: Evasion moves are banned\n|rule|Endless Battle Clause: Forcing endless battles is banned\n|rule|HP Percentage Mod: HP is shown in percentages\n|clearpoke\n|poke|p1|Iron Bundle|\n|poke|p1|Great Tusk|\n|poke|p1|Jolteon, M|\n|poke|p1|Corviknight, M|\n|poke|p1|Hatterene, F|\n|poke|p1|Mismagius, F|\n|poke|p2|Weezing-Galar, F|\n|poke|p2|Heatran, F|\n|poke|p2|Walking Wake|\n|poke|p2|Dedenne, M|\n|poke|p2|Amoonguss, M|\n|poke|p2|Dusclops, M|\n|teampreview\n|\n|t:|1698389101\n|start\n|switch|p1a: Iron Bundle|Iron Bundle|100\/100\n|switch|p2a: Dedenne|Dedenne, M, shiny|100\/100\n|turn|1\n|j| ShanmanT\n|j| Rival Gary Oak\n|\n|t:|1698389138\n|move|p1a: Iron Bundle|Flip Turn|p2a: Dedenne\n|-damage|p2a: Dedenne|77\/100\n|\n|t:|1698389143\n|-end|p1a: Iron Bundle|Quark Drive|[silent]\n|switch|p1a: Jolteon|Jolteon, M|100\/100|[from] Flip Turn\n|move|p2a: Dedenne|Nuzzle|p1a: Jolteon\n|-immune|p1a: Jolteon|[from] ability: Volt Absorb\n|\n|upkeep\n|turn|2\n|\n|t:|1698389149\n|move|p1a: Jolteon|Substitute|p1a: Jolteon\n|-start|p1a: Jolteon|Substitute\n|-damage|p1a: Jolteon|76\/100\n|move|p2a: Dedenne|Sunny Day|p2a: Dedenne\n|-weather|SunnyDay\n|\n|-weather|SunnyDay|[upkeep]\n|-heal|p1a: Jolteon|82\/100|[from] item: Leftovers\n|upkeep\n|turn|3\n|\n|t:|1698389157\n|move|p1a: Jolteon|Calm Mind|p1a: Jolteon\n|-boost|p1a: Jolteon|spa|1\n|-boost|p1a: Jolteon|spd|1\n|move|p2a: Dedenne|Super Fang|p1a: Jolteon\n|-end|p1a: Jolteon|Substitute\n|\n|-weather|SunnyDay|[upkeep]\n|-heal|p1a: Jolteon|88\/100|[from] item: Leftovers\n|upkeep\n|turn|4\n|\n|t:|1698389168\n|-terastallize|p2a: Dedenne|Bug\n|move|p1a: Jolteon|Calm Mind|p1a: Jolteon\n|-boost|p1a: Jolteon|spa|1\n|-boost|p1a: Jolteon|spd|1\n|move|p2a: Dedenne|U-turn|p1a: Jolteon\n|-damage|p1a: Jolteon|58\/100\n|\n|t:|1698389181\n|switch|p2a: Heatran|Heatran, F|100\/100|[from] U-turn\n|\n|-weather|SunnyDay|[upkeep]\n|-heal|p1a: Jolteon|64\/100|[from] item: Leftovers\n|upkeep\n|turn|5\n|\n|t:|1698389189\n|move|p1a: Jolteon|Thunderbolt|p2a: Heatran\n|-damage|p2a: Heatran|44\/100\n|move|p2a: Heatran|Lava Plume|p1a: Jolteon\n|-damage|p1a: Jolteon|32\/100\n|-status|p1a: Jolteon|brn\n|\n|-weather|SunnyDay|[upkeep]\n|-heal|p1a: Jolteon|38\/100 brn|[from] item: Leftovers\n|-heal|p2a: Heatran|50\/100|[from] item: Leftovers\n|-damage|p1a: Jolteon|32\/100 brn|[from] brn\n|upkeep\n|turn|6\n|\n|t:|1698389260\n|move|p2a: Heatran|Protect|p2a: Heatran\n|-singleturn|p2a: Heatran|Protect\n|move|p1a: Jolteon|Thunderbolt|p2a: Heatran\n|-activate|p2a: Heatran|move: Protect\n|\n|-weather|SunnyDay|[upkeep]\n|-heal|p1a: Jolteon|38\/100 brn|[from] item: Leftovers\n|-heal|p2a: Heatran|56\/100|[from] item: Leftovers\n|-damage|p1a: Jolteon|32\/100 brn|[from] brn\n|upkeep\n|turn|7\n|\n|t:|1698389281\n|move|p1a: Jolteon|Thunderbolt|p2a: Heatran\n|-damage|p2a: Heatran|4\/100\n|move|p2a: Heatran|Lava Plume|p1a: Jolteon\n|-damage|p1a: Jolteon|0 fnt\n|faint|p1a: Jolteon\n|\n|-weather|SunnyDay|[upkeep]\n|-heal|p2a: Heatran|11\/100|[from] item: Leftovers\n|upkeep\n|\n|t:|1698389299\n|switch|p1a: Great Tusk|Great Tusk|100\/100\n|-activate|p1a: Great Tusk|ability: Protosynthesis\n|-start|p1a: Great Tusk|protosynthesisatk\n|turn|8\n|\n|t:|1698389302\n|switch|p2a: Amoonguss|Amoonguss, M|100\/100\n|move|p1a: Great Tusk|Knock Off|p2a: Amoonguss\n|-damage|p2a: Amoonguss|67\/100\n|-enditem|p2a: Amoonguss|Black Sludge|[from] move: Knock Off|[of] p1a: Great Tusk\n|\n|-weather|SunnyDay|[upkeep]\n|upkeep\n|turn|9\n|\n|t:|1698389316\n|-end|p1a: Great Tusk|Protosynthesis|[silent]\n|switch|p1a: Hatterene|Hatterene, F|100\/100\n|move|p2a: Amoonguss|Sludge Bomb|p1a: Hatterene\n|-supereffective|p1a: Hatterene\n|-damage|p1a: Hatterene|58\/100\n|\n|-weather|none\n|upkeep\n|turn|10\n|\n|t:|1698389344\n|switch|p2a: Dusclops|Dusclops, M, shiny|100\/100\n|-ability|p2a: Dusclops|Pressure\n|move|p1a: Hatterene|Trick|p2a: Dusclops\n|-activate|p1a: Hatterene|move: Trick|[of] p2a: Dusclops\n|-item|p2a: Dusclops|Choice Scarf|[from] move: Trick\n|-item|p1a: Hatterene|Eviolite|[from] move: Trick\n|\n|upkeep\n|turn|11\n|\n|t:|1698389375\n|move|p2a: Dusclops|Curse|p1a: Hatterene\n|-start|p1a: Hatterene|Curse|[of] p2a: Dusclops\n|-damage|p2a: Dusclops|50\/100\n|move|p1a: Hatterene|Light Screen|p1a: Hatterene\n|-sidestart|p1: currys|move: Light Screen\n|\n|-damage|p1a: Hatterene|34\/100|[from] Curse\n|upkeep\n|turn|12\n|\n|t:|1698389397\n|switch|p2a: Weezing|Weezing-Galar, F|100\/100\n|switch|p1a: Corviknight|Corviknight, M|100\/100\n|\n|upkeep\n|turn|13\n|\n|t:|1698389404\n|move|p1a: Corviknight|Substitute|p1a: Corviknight\n|-start|p1a: Corviknight|Substitute\n|-damage|p1a: Corviknight|76\/100\n|move|p2a: Weezing|Will-O-Wisp||[still]\n|-fail|p2a: Weezing\n|\n|-heal|p1a: Corviknight|82\/100|[from] item: Leftovers\n|upkeep\n|turn|14\n|\n|t:|1698389416\n|move|p1a: Corviknight|Drill Peck|p2a: Weezing\n|-damage|p2a: Weezing|77\/100\n|move|p2a: Weezing|Defog||[still]\n|-sideend|p1: currys|move: Light Screen\n|-fail|p2a: Weezing\n|\n|-heal|p1a: Corviknight|88\/100|[from] item: Leftovers\n|-heal|p2a: Weezing|83\/100|[from] item: Black Sludge\n|upkeep\n|turn|15\n|\n|t:|1698389427\n|move|p1a: Corviknight|Drill Peck|p2a: Weezing\n|-damage|p2a: Weezing|59\/100\n|move|p2a: Weezing|Flamethrower|p1a: Corviknight\n|-supereffective|p1a: Corviknight\n|-end|p1a: Corviknight|Substitute\n|\n|-heal|p1a: Corviknight|94\/100|[from] item: Leftovers\n|-heal|p2a: Weezing|65\/100|[from] item: Black Sludge\n|upkeep\n|turn|16\n|\n|t:|1698389460\n|switch|p1a: Mismagius|Mismagius, F|100\/100\n|switch|p2a: Dedenne|Dedenne, M, shiny, tera:Bug|77\/100\n|\n|upkeep\n|turn|17\n|\n|t:|1698389487\n|move|p2a: Dedenne|Sunny Day|p2a: Dedenne\n|-weather|SunnyDay\n|move|p1a: Mismagius|Shadow Ball|p2a: Dedenne\n|-damage|p2a: Dedenne|39\/100\n|-unboost|p2a: Dedenne|spd|1\n|\n|-weather|SunnyDay|[upkeep]\n|upkeep\n|turn|18\n|\n|t:|1698389494\n|switch|p1a: Great Tusk|Great Tusk|100\/100\n|-activate|p1a: Great Tusk|ability: Protosynthesis\n|-start|p1a: Great Tusk|protosynthesisatk\n|move|p2a: Dedenne|Nuzzle|p1a: Great Tusk\n|-immune|p1a: Great Tusk\n|\n|-weather|SunnyDay|[upkeep]\n|upkeep\n|turn|19\n|\n|t:|1698389504\n|move|p1a: Great Tusk|Headlong Rush|p2a: Dedenne\n|-resisted|p2a: Dedenne\n|-damage|p2a: Dedenne|0 fnt\n|-unboost|p1a: Great Tusk|def|1\n|-unboost|p1a: Great Tusk|spd|1\n|faint|p2a: Dedenne\n|\n|-weather|SunnyDay|[upkeep]\n|upkeep\n|\n|t:|1698389516\n|switch|p2a: Walking Wake|Walking Wake|100\/100\n|-activate|p2a: Walking Wake|ability: Protosynthesis\n|-start|p2a: Walking Wake|protosynthesisspa\n|turn|20\n|\n|t:|1698389539\n|move|p1a: Great Tusk|Headlong Rush|p2a: Walking Wake\n|-damage|p2a: Walking Wake|18\/100\n|-unboost|p1a: Great Tusk|def|1\n|-unboost|p1a: Great Tusk|spd|1\n|move|p2a: Walking Wake|Hydro Steam|p1a: Great Tusk\n|-supereffective|p1a: Great Tusk\n|-damage|p1a: Great Tusk|0 fnt\n|faint|p1a: Great Tusk\n|-end|p1a: Great Tusk|Protosynthesis|[silent]\n|\n|-weather|SunnyDay|[upkeep]\n|upkeep\n|\n|t:|1698389552\n|switch|p1a: Iron Bundle|Iron Bundle|100\/100\n|turn|21\n|\n|t:|1698389560\n|move|p1a: Iron Bundle|Freeze-Dry|p2a: Walking Wake\n|-supereffective|p2a: Walking Wake\n|-damage|p2a: Walking Wake|0 fnt\n|faint|p2a: Walking Wake\n|-end|p2a: Walking Wake|Protosynthesis|[silent]\n|\n|-weather|SunnyDay|[upkeep]\n|upkeep\n|\n|t:|1698389573\n|switch|p2a: Amoonguss|Amoonguss, M|99\/100\n|turn|22\n|\n|t:|1698389608\n|move|p1a: Iron Bundle|Ice Beam|p2a: Amoonguss\n|-supereffective|p2a: Amoonguss\n|-damage|p2a: Amoonguss|25\/100\n|move|p2a: Amoonguss|Spore|p1a: Iron Bundle\n|-status|p1a: Iron Bundle|slp|[from] move: Spore\n|\n|-weather|SunnyDay|[upkeep]\n|upkeep\n|turn|23\n|\n|t:|1698389614\n|-end|p1a: Iron Bundle|Quark Drive|[silent]\n|switch|p1a: Hatterene|Hatterene, F|34\/100\n|move|p2a: Amoonguss|Giga Drain|p1a: Hatterene\n|-damage|p1a: Hatterene|16\/100\n|-heal|p2a: Amoonguss|31\/100|[from] drain|[of] p1a: Hatterene\n|\n|-weather|SunnyDay|[upkeep]\n|upkeep\n|turn|24\n|\n|t:|1698389619\n|move|p2a: Amoonguss|Sludge Bomb|p1a: Hatterene\n|-supereffective|p1a: Hatterene\n|-damage|p1a: Hatterene|0 fnt\n|faint|p1a: Hatterene\n|\n|-weather|none\n|upkeep\n|\n|t:|1698389623\n|switch|p1a: Mismagius|Mismagius, F|100\/100\n|turn|25\n|\n|t:|1698389633\n|switch|p2a: Dusclops|Dusclops, M, shiny|50\/100\n|-ability|p2a: Dusclops|Pressure\n|move|p1a: Mismagius|Psyshock|p2a: Dusclops\n|-damage|p2a: Dusclops|33\/100\n|\n|upkeep\n|turn|26\n|\n|t:|1698389647\n|move|p1a: Mismagius|Taunt|p2a: Dusclops\n|-start|p2a: Dusclops|move: Taunt\n|cant|p2a: Dusclops|move: Taunt|Rest\n|\n|upkeep\n|turn|27\n|\n|t:|1698389651\n|move|p1a: Mismagius|Shadow Ball|p2a: Dusclops\n|-supereffective|p2a: Dusclops\n|-damage|p2a: Dusclops|0 fnt\n|faint|p2a: Dusclops\n|\n|upkeep\n|\n|t:|1698389662\n|switch|p2a: Amoonguss|Amoonguss, M|64\/100\n|turn|28\n|\n|t:|1698389668\n|switch|p2a: Heatran|Heatran, F|11\/100\n|move|p1a: Mismagius|Psyshock|p2a: Heatran\n|-resisted|p2a: Heatran\n|-damage|p2a: Heatran|2\/100\n|\n|-heal|p2a: Heatran|9\/100|[from] item: Leftovers\n|upkeep\n|turn|29\n|\n|t:|1698389675\n|move|p1a: Mismagius|Shadow Ball|p2a: Heatran\n|-damage|p2a: Heatran|0 fnt\n|faint|p2a: Heatran\n|\n|upkeep\n|\n|t:|1698389679\n|switch|p2a: Amoonguss|Amoonguss, M|97\/100\n|turn|30\n|\n|t:|1698389682\n|move|p1a: Mismagius|Psyshock|p2a: Amoonguss\n|-supereffective|p2a: Amoonguss\n|-damage|p2a: Amoonguss|65\/100\n|move|p2a: Amoonguss|Hex|p1a: Mismagius\n|-supereffective|p1a: Mismagius\n|-damage|p1a: Mismagius|80\/100\n|\n|-heal|p1a: Mismagius|86\/100|[from] item: Leftovers\n|upkeep\n|turn|31\n|\n|t:|1698389692\n|move|p1a: Mismagius|Psyshock|p2a: Amoonguss\n|-supereffective|p2a: Amoonguss\n|-damage|p2a: Amoonguss|32\/100\n|move|p2a: Amoonguss|Sludge Bomb|p1a: Mismagius\n|-resisted|p1a: Mismagius\n|-damage|p1a: Mismagius|77\/100\n|-status|p1a: Mismagius|psn\n|\n|-heal|p1a: Mismagius|83\/100 psn|[from] item: Leftovers\n|-damage|p1a: Mismagius|71\/100 psn|[from] psn\n|upkeep\n|turn|32\n|\n|t:|1698389713\n|move|p1a: Mismagius|Psyshock|p2a: Amoonguss\n|-supereffective|p2a: Amoonguss\n|-damage|p2a: Amoonguss|4\/100\n|move|p2a: Amoonguss|Hex|p1a: Mismagius\n|-supereffective|p1a: Mismagius\n|-damage|p1a: Mismagius|34\/100 psn\n|\n|-heal|p1a: Mismagius|40\/100 psn|[from] item: Leftovers\n|-damage|p1a: Mismagius|28\/100 psn|[from] psn\n|upkeep\n|turn|33\n|\n|t:|1698389724\n|switch|p2a: Weezing|Weezing-Galar, F|65\/100\n|move|p1a: Mismagius|Psyshock|p2a: Weezing\n|-supereffective|p2a: Weezing\n|-damage|p2a: Weezing|40\/100\n|\n|-heal|p1a: Mismagius|34\/100 psn|[from] item: Leftovers\n|-heal|p2a: Weezing|46\/100|[from] item: Black Sludge\n|-damage|p1a: Mismagius|21\/100 psn|[from] psn\n|upkeep\n|turn|34\n|\n|t:|1698389749\n|move|p1a: Mismagius|Psyshock|p2a: Weezing\n|-supereffective|p2a: Weezing\n|-damage|p2a: Weezing|19\/100\n|move|p2a: Weezing|Strange Steam|p1a: Mismagius\n|-damage|p1a: Mismagius|0 fnt\n|faint|p1a: Mismagius\n|\n|-heal|p2a: Weezing|25\/100|[from] item: Black Sludge\n|upkeep\n|\n|t:|1698389758\n|switch|p1a: Iron Bundle|Iron Bundle|100\/100 slp\n|turn|35\n|\n|t:|1698389762\n|switch|p2a: Amoonguss|Amoonguss, M|37\/100\n|cant|p1a: Iron Bundle|slp\n|\n|upkeep\n|turn|36\n|\n|t:|1698389765\n|cant|p1a: Iron Bundle|slp\n|move|p2a: Amoonguss|Giga Drain|p1a: Iron Bundle\n|-supereffective|p1a: Iron Bundle\n|-damage|p1a: Iron Bundle|51\/100 slp\n|-heal|p2a: Amoonguss|52\/100|[from] drain|[of] p1a: Iron Bundle\n|\n|upkeep\n|turn|37\n|\n|t:|1698389771\n|cant|p1a: Iron Bundle|slp\n|move|p2a: Amoonguss|Giga Drain|p1a: Iron Bundle\n|-supereffective|p1a: Iron Bundle\n|-damage|p1a: Iron Bundle|0 fnt\n|-heal|p2a: Amoonguss|66\/100|[from] drain|[of] p1a: Iron Bundle\n|faint|p1a: Iron Bundle\n|-end|p1a: Iron Bundle|Quark Drive|[silent]\n|\n|upkeep\n|\n|t:|1698389772\n|switch|p1a: Corviknight|Corviknight, M|94\/100\n|turn|38\n|\n|t:|1698389776\n|move|p1a: Corviknight|Substitute|p1a: Corviknight\n|-start|p1a: Corviknight|Substitute\n|-damage|p1a: Corviknight|69\/100\n|move|p2a: Amoonguss|Spore||[still]\n|-fail|p2a: Amoonguss\n|\n|-heal|p1a: Corviknight|76\/100|[from] item: Leftovers\n|upkeep\n|turn|39\n|\n|t:|1698389789\n|switch|p2a: Weezing|Weezing-Galar, F|25\/100\n|move|p1a: Corviknight|Drill Peck|p2a: Weezing\n|-damage|p2a: Weezing|2\/100\n|\n|-heal|p1a: Corviknight|82\/100|[from] item: Leftovers\n|-heal|p2a: Weezing|8\/100|[from] item: Black Sludge\n|upkeep\n|turn|40\n|\n|t:|1698389794\n|move|p1a: Corviknight|Drill Peck|p2a: Weezing\n|-damage|p2a: Weezing|0 fnt\n|faint|p2a: Weezing\n|\n|-heal|p1a: Corviknight|88\/100|[from] item: Leftovers\n|upkeep\n|\n|t:|1698389798\n|switch|p2a: Amoonguss|Amoonguss, M|99\/100\n|turn|41\n|\n|t:|1698389801\n|move|p1a: Corviknight|Drill Peck|p2a: Amoonguss\n|-supereffective|p2a: Amoonguss\n|-damage|p2a: Amoonguss|44\/100\n|move|p2a: Amoonguss|Hex|p1a: Corviknight\n|-activate|p1a: Corviknight|move: Substitute|[damage]\n|\n|-heal|p1a: Corviknight|94\/100|[from] item: Leftovers\n|upkeep\n|turn|42\n|\n|t:|1698389804\n|move|p1a: Corviknight|Drill Peck|p2a: Amoonguss\n|-supereffective|p2a: Amoonguss\n|-damage|p2a: Amoonguss|0 fnt\n|faint|p2a: Amoonguss\n|\n|win|currys\n","uploadtime":1698389817,"views":13,"p1id":"currys","p2id":"mysticalcheese","formatid":"gen9ubers","rating":0,"private":0,"password":""}