{"id":"gen9ubers-1969163732","p1":"somebodyuknow2","p2":"ogerpon-hearth","format":"[Gen 9] Ubers","log":"|j|\u2606somebodyuknow2\n|j|\u2606ogerpon-hearth\n|t:|1697495959\n|gametype|singles\n|player|p1|somebodyuknow2|gentleman-gen4|\n|player|p2|ogerpon-hearth|266|\n|teamsize|p1|6\n|teamsize|p2|6\n|gen|9\n|tier|[Gen 9] Ubers\n|rule|Sleep Clause Mod: Limit one foe put to sleep\n|rule|Species Clause: Limit one of each Pok\u00e9mon\n|rule|OHKO Clause: OHKO moves are banned\n|rule|Evasion Items Clause: Evasion items are banned\n|rule|Evasion Moves Clause: Evasion moves are banned\n|rule|Endless Battle Clause: Forcing endless battles is banned\n|rule|HP Percentage Mod: HP is shown in percentages\n|clearpoke\n|poke|p1|Blissey, F|\n|poke|p1|Giratina|\n|poke|p1|Alomomola, M|\n|poke|p1|Dondozo, F|\n|poke|p1|Gliscor, M|\n|poke|p1|Arceus-Dark|\n|poke|p2|Rillaboom, M|\n|poke|p2|Spectrier|\n|poke|p2|Cyclizar, M|\n|poke|p2|Zacian-*|\n|poke|p2|Arceus-Fire|\n|poke|p2|Ninetales-Alola, F|\n|teampreview\n|inactive|Battle timer is ON: inactive players will automatically lose when time's up. (requested by somebodyuknow2)\n|\n|t:|1697495975\n|start\n|switch|p1a: Gliscor|Gliscor, M|100\/100\n|switch|p2a: Rillaboom|Rillaboom, M|100\/100\n|-fieldstart|move: Grassy Terrain|[from] ability: Grassy Surge|[of] p2a: Rillaboom\n|turn|1\n|\n|t:|1697495980\n|move|p1a: Gliscor|Protect|p1a: Gliscor\n|-singleturn|p1a: Gliscor|Protect\n|move|p2a: Rillaboom|U-turn|p1a: Gliscor\n|-activate|p1a: Gliscor|move: Protect\n|\n|-status|p1a: Gliscor|tox|[from] item: Toxic Orb\n|upkeep\n|turn|2\n|\n|t:|1697495991\n|move|p1a: Gliscor|Toxic|p2a: Rillaboom|[miss]\n|-miss|p1a: Gliscor|p2a: Rillaboom\n|move|p2a: Rillaboom|U-turn|p1a: Gliscor\n|-resisted|p1a: Gliscor\n|-damage|p1a: Gliscor|93\/100 tox\n|\n|t:|1697495998\n|switch|p2a: Cyclizar|Cyclizar, M|100\/100|[from] U-turn\n|\n|-heal|p1a: Gliscor|100\/100 tox|[from] ability: Poison Heal\n|upkeep\n|turn|3\n|\n|t:|1697496009\n|move|p2a: Cyclizar|Shed Tail|p2a: Cyclizar\n|-start|p2a: Cyclizar|Substitute|[from] move: Shed Tail\n|-damage|p2a: Cyclizar|50\/100\n|\n|t:|1697496016\n|switch|p2a: Spectrier|Spectrier|100\/100|[from] Shed Tail\n|-enditem|p2a: Spectrier|Grassy Seed\n|-boost|p2a: Spectrier|def|1|[from] item: Grassy Seed\n|move|p1a: Gliscor|Spikes|p2a: Spectrier\n|-sidestart|p2: ogerpon-hearth|Spikes\n|\n|upkeep\n|turn|4\n|\n|t:|1697496021\n|switch|p1a: Blissey|Blissey, F|100\/100\n|move|p2a: Spectrier|Calm Mind|p2a: Spectrier\n|-boost|p2a: Spectrier|spa|1\n|-boost|p2a: Spectrier|spd|1\n|\n|upkeep\n|turn|5\n|\n|t:|1697496035\n|move|p2a: Spectrier|Calm Mind|p2a: Spectrier\n|-boost|p2a: Spectrier|spa|1\n|-boost|p2a: Spectrier|spd|1\n|move|p1a: Blissey|Calm Mind|p1a: Blissey\n|-boost|p1a: Blissey|spa|1\n|-boost|p1a: Blissey|spd|1\n|\n|-fieldend|move: Grassy Terrain\n|upkeep\n|turn|6\n|\n|t:|1697496039\n|move|p2a: Spectrier|Calm Mind|p2a: Spectrier\n|-boost|p2a: Spectrier|spa|1\n|-boost|p2a: Spectrier|spd|1\n|move|p1a: Blissey|Shadow Ball|p2a: Spectrier\n|-supereffective|p2a: Spectrier\n|-activate|p2a: Spectrier|move: Substitute|[damage]\n|\n|upkeep\n|turn|7\n|\n|t:|1697496055\n|switch|p2a: Zacian|Zacian|100\/100\n|-damage|p2a: Zacian|88\/100|[from] Spikes\n|-ability|p2a: Zacian|Intrepid Sword|boost\n|-boost|p2a: Zacian|atk|1\n|move|p1a: Blissey|Calm Mind|p1a: Blissey\n|-boost|p1a: Blissey|spa|1\n|-boost|p1a: Blissey|spd|1\n|\n|upkeep\n|turn|8\n|\n|t:|1697496062\n|switch|p1a: Dondozo|Dondozo, F|100\/100\n|move|p2a: Zacian|Swords Dance|p2a: Zacian\n|-boost|p2a: Zacian|atk|2\n|\n|upkeep\n|turn|9\n|\n|t:|1697496074\n|-terastallize|p2a: Zacian|Fairy\n|move|p2a: Zacian|Play Rough|p1a: Dondozo\n|-damage|p1a: Dondozo|76\/100\n|move|p1a: Dondozo|Avalanche|p2a: Zacian\n|-crit|p2a: Zacian\n|-damage|p2a: Zacian|52\/100\n|-enditem|p2a: Zacian|Kee Berry|[eat]\n|-boost|p2a: Zacian|def|1|[from] item: Kee Berry\n|\n|upkeep\n|turn|10\n|\n|t:|1697496091\n|move|p2a: Zacian|Play Rough|p1a: Dondozo\n|-damage|p1a: Dondozo|52\/100\n|-unboost|p1a: Dondozo|atk|1\n|move|p1a: Dondozo|Avalanche|p2a: Zacian\n|-damage|p2a: Zacian|36\/100\n|\n|upkeep\n|turn|11\n|\n|t:|1697496104\n|move|p2a: Zacian|Play Rough|p1a: Dondozo\n|-damage|p1a: Dondozo|26\/100\n|move|p1a: Dondozo|Rest|p1a: Dondozo\n|-status|p1a: Dondozo|slp|[from] move: Rest\n|-heal|p1a: Dondozo|100\/100 slp|[silent]\n|\n|upkeep\n|turn|12\n|\n|t:|1697496116\n|move|p2a: Zacian|Play Rough|p1a: Dondozo\n|-damage|p1a: Dondozo|76\/100 slp\n|cant|p1a: Dondozo|slp\n|move|p1a: Dondozo|Sleep Talk|p1a: Dondozo\n|move|p1a: Dondozo|Rest||[from]move: Sleep Talk|[still]\n|-fail|p1a: Dondozo\n|\n|upkeep\n|turn|13\n|\n|t:|1697496127\n|move|p2a: Zacian|Play Rough|p1a: Dondozo\n|-damage|p1a: Dondozo|48\/100 slp\n|cant|p1a: Dondozo|slp\n|move|p1a: Dondozo|Sleep Talk|p1a: Dondozo\n|move|p1a: Dondozo|Body Press|p2a: Zacian|[from]move: Sleep Talk\n|-resisted|p2a: Zacian\n|-damage|p2a: Zacian|23\/100\n|\n|upkeep\n|turn|14\n|\n|t:|1697496134\n|move|p2a: Zacian|Play Rough|p1a: Dondozo\n|-damage|p1a: Dondozo|23\/100 slp\n|-curestatus|p1a: Dondozo|slp|[msg]\n|move|p1a: Dondozo|Rest|p1a: Dondozo\n|-status|p1a: Dondozo|slp|[from] move: Rest\n|-heal|p1a: Dondozo|100\/100 slp|[silent]\n|\n|upkeep\n|turn|15\n|\n|t:|1697496146\n|switch|p2a: Rillaboom|Rillaboom, M|100\/100\n|-damage|p2a: Rillaboom|88\/100|[from] Spikes\n|-fieldstart|move: Grassy Terrain|[from] ability: Grassy Surge|[of] p2a: Rillaboom\n|cant|p1a: Dondozo|slp\n|move|p1a: Dondozo|Sleep Talk|p1a: Dondozo\n|move|p1a: Dondozo|Rest||[from]move: Sleep Talk|[still]\n|-fail|p1a: Dondozo\n|\n|-heal|p2a: Rillaboom|94\/100|[from] Grassy Terrain\n|upkeep\n|turn|16\n|\n|t:|1697496158\n|switch|p1a: Gliscor|Gliscor, M|100\/100 tox\n|move|p2a: Rillaboom|Grassy Glide|p1a: Gliscor\n|-damage|p1a: Gliscor|73\/100 tox\n|\n|-heal|p2a: Rillaboom|100\/100|[from] Grassy Terrain\n|-heal|p1a: Gliscor|86\/100 tox|[from] ability: Poison Heal\n|upkeep\n|turn|17\n|\n|t:|1697496167\n|move|p2a: Rillaboom|Grassy Glide|p1a: Gliscor\n|-damage|p1a: Gliscor|58\/100 tox\n|move|p1a: Gliscor|Toxic|p2a: Rillaboom\n|-status|p2a: Rillaboom|tox\n|\n|-heal|p1a: Gliscor|70\/100 tox|[from] ability: Poison Heal\n|-damage|p2a: Rillaboom|94\/100 tox|[from] psn\n|upkeep\n|turn|18\n|\n|t:|1697496182\n|move|p1a: Gliscor|Protect|p1a: Gliscor\n|-singleturn|p1a: Gliscor|Protect\n|move|p2a: Rillaboom|Grassy Glide|p1a: Gliscor\n|-activate|p1a: Gliscor|move: Protect\n|\n|-heal|p2a: Rillaboom|100\/100 tox|[from] Grassy Terrain\n|-heal|p1a: Gliscor|83\/100 tox|[from] ability: Poison Heal\n|-damage|p2a: Rillaboom|88\/100 tox|[from] psn\n|upkeep\n|turn|19\n|\n|t:|1697496193\n|move|p2a: Rillaboom|Grassy Glide|p1a: Gliscor\n|-damage|p1a: Gliscor|54\/100 tox\n|move|p1a: Gliscor|Spikes|p2a: Rillaboom\n|-sidestart|p2: ogerpon-hearth|Spikes\n|\n|-heal|p2a: Rillaboom|94\/100 tox|[from] Grassy Terrain\n|-heal|p1a: Gliscor|67\/100 tox|[from] ability: Poison Heal\n|-damage|p2a: Rillaboom|76\/100 tox|[from] psn\n|-fieldend|move: Grassy Terrain\n|upkeep\n|turn|20\n|\n|t:|1697496198\n|switch|p2a: Ninetales|Ninetales-Alola, F|100\/100\n|-damage|p2a: Ninetales|84\/100|[from] Spikes\n|-weather|Snow|[from] ability: Snow Warning|[of] p2a: Ninetales\n|move|p1a: Gliscor|Protect||[still]\n|-fail|p1a: Gliscor\n|\n|-weather|Snow|[upkeep]\n|-heal|p1a: Gliscor|79\/100 tox|[from] ability: Poison Heal\n|upkeep\n|turn|21\n|\n|t:|1697496212\n|switch|p1a: Arceus|Arceus-Dark|100\/100\n|move|p2a: Ninetales|Aurora Veil|p2a: Ninetales\n|-sidestart|p2: ogerpon-hearth|move: Aurora Veil\n|\n|-weather|Snow|[upkeep]\n|upkeep\n|turn|22\n|\n|t:|1697496218\n|-terastallize|p1a: Arceus|Poison\n|move|p2a: Ninetales|Hypnosis|p1a: Arceus|[miss]\n|-miss|p2a: Ninetales|p1a: Arceus\n|move|p1a: Arceus|Stealth Rock|p2a: Ninetales\n|-sidestart|p2: ogerpon-hearth|move: Stealth Rock\n|\n|-weather|Snow|[upkeep]\n|upkeep\n|turn|23\n|\n|t:|1697496225\n|move|p2a: Ninetales|Hypnosis|p1a: Arceus\n|-status|p1a: Arceus|slp|[from] move: Hypnosis\n|cant|p1a: Arceus|slp\n|\n|-weather|Snow|[upkeep]\n|upkeep\n|turn|24\n|\n|t:|1697496231\n|switch|p2a: Spectrier|Spectrier|100\/100\n|-damage|p2a: Spectrier|84\/100|[from] Spikes\n|-damage|p2a: Spectrier|72\/100|[from] Stealth Rock\n|cant|p1a: Arceus|slp\n|\n|-weather|none\n|upkeep\n|turn|25\n|\n|t:|1697496243\n|move|p2a: Spectrier|Calm Mind|p2a: Spectrier\n|-boost|p2a: Spectrier|spa|1\n|-boost|p2a: Spectrier|spd|1\n|cant|p1a: Arceus|slp\n|\n|upkeep\n|turn|26\n|\n|t:|1697496247\n|move|p2a: Spectrier|Calm Mind|p2a: Spectrier\n|-boost|p2a: Spectrier|spa|1\n|-boost|p2a: Spectrier|spd|1\n|-curestatus|p1a: Arceus|slp|[msg]\n|move|p1a: Arceus|Roar|p2a: Spectrier\n|drag|p2a: Ninetales|Ninetales-Alola, F|84\/100\n|-damage|p2a: Ninetales|67\/100|[from] Spikes\n|-damage|p2a: Ninetales|42\/100|[from] Stealth Rock\n|-weather|Snow|[from] ability: Snow Warning|[of] p2a: Ninetales\n|\n|-weather|Snow|[upkeep]\n|upkeep\n|turn|27\n|\n|t:|1697496255\n|move|p2a: Ninetales|Hypnosis|p1a: Arceus\n|-status|p1a: Arceus|slp|[from] move: Hypnosis\n|cant|p1a: Arceus|slp\n|\n|-weather|Snow|[upkeep]\n|upkeep\n|turn|28\n|\n|t:|1697496258\n|switch|p2a: Arceus|Arceus-Fire|100\/100\n|-damage|p2a: Arceus|84\/100|[from] Spikes\n|-damage|p2a: Arceus|59\/100|[from] Stealth Rock\n|-curestatus|p1a: Arceus|slp|[msg]\n|move|p1a: Arceus|Roar|p2a: Arceus\n|drag|p2a: Spectrier|Spectrier|72\/100\n|-damage|p2a: Spectrier|55\/100|[from] Spikes\n|-damage|p2a: Spectrier|43\/100|[from] Stealth Rock\n|\n|-weather|Snow|[upkeep]\n|-sideend|p2: ogerpon-hearth|move: Aurora Veil\n|upkeep\n|turn|29\n|\n|t:|1697496266\n|move|p2a: Spectrier|Shadow Ball|p1a: Arceus\n|-damage|p1a: Arceus|78\/100\n|move|p1a: Arceus|Roar|p2a: Spectrier\n|drag|p2a: Arceus|Arceus-Fire|59\/100\n|-damage|p2a: Arceus|43\/100|[from] Spikes\n|-damage|p2a: Arceus|18\/100|[from] Stealth Rock\n|\n|-weather|Snow|[upkeep]\n|upkeep\n|turn|30\n|\n|t:|1697496274\n|move|p2a: Arceus|Flare Blitz|p1a: Arceus\n|-damage|p1a: Arceus|35\/100\n|-damage|p2a: Arceus|1\/100|[from] Recoil\n|move|p1a: Arceus|Recover|p1a: Arceus\n|-heal|p1a: Arceus|85\/100\n|\n|-weather|none\n|upkeep\n|turn|31\n|\n|t:|1697496280\n|move|p2a: Arceus|Flare Blitz|p1a: Arceus\n|-damage|p1a: Arceus|41\/100\n|-damage|p2a: Arceus|0 fnt|[from] Recoil\n|faint|p2a: Arceus\n|move|p1a: Arceus|Recover|p1a: Arceus\n|-heal|p1a: Arceus|91\/100\n|\n|upkeep\n|\n|t:|1697496287\n|switch|p2a: Spectrier|Spectrier|43\/100\n|-damage|p2a: Spectrier|27\/100|[from] Spikes\n|-damage|p2a: Spectrier|14\/100|[from] Stealth Rock\n|turn|32\n|\n|t:|1697496290\n|move|p2a: Spectrier|Shadow Ball|p1a: Arceus\n|-damage|p1a: Arceus|70\/100\n|move|p1a: Arceus|Roar|p2a: Spectrier\n|drag|p2a: Cyclizar|Cyclizar, M|84\/100\n|-damage|p2a: Cyclizar|67\/100|[from] Spikes\n|-damage|p2a: Cyclizar|55\/100|[from] Stealth Rock\n|\n|upkeep\n|turn|33\n|\n|t:|1697496294\n|switch|p1a: Giratina|Giratina|100\/100\n|-ability|p1a: Giratina|Pressure\n|move|p2a: Cyclizar|Rapid Spin|p1a: Giratina\n|-immune|p1a: Giratina\n|\n|upkeep\n|turn|34\n|\n|t:|1697496305\n|switch|p2a: Rillaboom|Rillaboom, M|76\/100 tox\n|-damage|p2a: Rillaboom|59\/100 tox|[from] Spikes\n|-damage|p2a: Rillaboom|47\/100 tox|[from] Stealth Rock\n|-fieldstart|move: Grassy Terrain|[from] ability: Grassy Surge|[of] p2a: Rillaboom\n|move|p1a: Giratina|Dragon Tail|p2a: Rillaboom\n|-damage|p2a: Rillaboom|29\/100 tox\n|drag|p2a: Zacian|Zacian, tera:Fairy|23\/100\n|-damage|p2a: Zacian|6\/100|[from] Spikes\n|-damage|p2a: Zacian|0 fnt|[from] Stealth Rock\n|faint|p2a: Zacian\n|\n|upkeep\n|\n|t:|1697496311\n|switch|p2a: Rillaboom|Rillaboom, M|29\/100 tox\n|-damage|p2a: Rillaboom|12\/100 tox|[from] Spikes\n|-damage|p2a: Rillaboom|0 fnt|[from] Stealth Rock\n|faint|p2a: Rillaboom\n|\n|t:|1697496313\n|switch|p2a: Spectrier|Spectrier|14\/100\n|-damage|p2a: Spectrier|0 fnt|[from] Spikes\n|faint|p2a: Spectrier\n|\n|t:|1697496315\n|switch|p2a: Ninetales|Ninetales-Alola, F|42\/100\n|-damage|p2a: Ninetales|26\/100|[from] Spikes\n|-damage|p2a: Ninetales|1\/100|[from] Stealth Rock\n|-weather|Snow|[from] ability: Snow Warning|[of] p2a: Ninetales\n|turn|35\n|\n|t:|1697496331\n|switch|p1a: Arceus|Arceus-Dark, tera:Poison|70\/100\n|move|p2a: Ninetales|Freeze-Dry|p1a: Arceus\n|-damage|p1a: Arceus|61\/100\n|-status|p1a: Arceus|frz\n|\n|-weather|Snow|[upkeep]\n|-heal|p2a: Ninetales|7\/100|[from] Grassy Terrain\n|-heal|p1a: Arceus|67\/100 frz|[from] Grassy Terrain\n|upkeep\n|turn|36\n|\n|t:|1697496338\n|move|p2a: Ninetales|Freeze-Dry|p1a: Arceus\n|-crit|p1a: Arceus\n|-damage|p1a: Arceus|51\/100 frz\n|-curestatus|p1a: Arceus|frz|[msg]\n|move|p1a: Arceus|Recover|p1a: Arceus\n|-heal|p1a: Arceus|100\/100\n|\n|-weather|Snow|[upkeep]\n|-heal|p2a: Ninetales|13\/100|[from] Grassy Terrain\n|upkeep\n|turn|37\n|\n|t:|1697496344\n|move|p2a: Ninetales|Freeze-Dry|p1a: Arceus\n|-damage|p1a: Arceus|90\/100\n|move|p1a: Arceus|Roar|p2a: Ninetales\n|drag|p2a: Cyclizar|Cyclizar, M|88\/100\n|-damage|p2a: Cyclizar|72\/100|[from] Spikes\n|-damage|p2a: Cyclizar|60\/100|[from] Stealth Rock\n|\n|-weather|Snow|[upkeep]\n|-heal|p2a: Cyclizar|66\/100|[from] Grassy Terrain\n|-heal|p1a: Arceus|96\/100|[from] Grassy Terrain\n|upkeep\n|turn|38\n|\n|t:|1697496351\n|switch|p1a: Giratina|Giratina|100\/100\n|-ability|p1a: Giratina|Pressure\n|move|p2a: Cyclizar|Draco Meteor|p1a: Giratina|[miss]\n|-miss|p2a: Cyclizar|p1a: Giratina\n|\n|-weather|Snow|[upkeep]\n|-heal|p2a: Cyclizar|72\/100|[from] Grassy Terrain\n|-fieldend|move: Grassy Terrain\n|upkeep\n|turn|39\n|\n|t:|1697496365\n|move|p2a: Cyclizar|Draco Meteor|p1a: Giratina\n|-supereffective|p1a: Giratina\n|-damage|p1a: Giratina|58\/100\n|-unboost|p2a: Cyclizar|spa|2\n|move|p1a: Giratina|Rest|p1a: Giratina\n|-status|p1a: Giratina|slp|[from] move: Rest\n|-heal|p1a: Giratina|100\/100 slp|[silent]\n|\n|-weather|none\n|upkeep\n|turn|40\n|\n|t:|1697496371\n|move|p2a: Cyclizar|Draco Meteor|p1a: Giratina|[miss]\n|-miss|p2a: Cyclizar|p1a: Giratina\n|cant|p1a: Giratina|slp\n|move|p1a: Giratina|Sleep Talk|p1a: Giratina\n|move|p1a: Giratina|Dragon Tail|p2a: Cyclizar|[from]move: Sleep Talk\n|-supereffective|p2a: Cyclizar\n|-damage|p2a: Cyclizar|0 fnt\n|faint|p2a: Cyclizar\n|\n|upkeep\n|\n|t:|1697496376\n|switch|p2a: Ninetales|Ninetales-Alola, F|13\/100\n|-damage|p2a: Ninetales|0 fnt|[from] Spikes\n|faint|p2a: Ninetales\n|\n|win|somebodyuknow2\n|l|\u2606ogerpon-hearth\n|c|\u2606somebodyuknow2|gg\n|l|\u2606somebodyuknow2\n|j|\u2606somebodyuknow2\n|player|p1|somebodyuknow2|gentleman-gen4\n","uploadtime":1697496495,"views":10,"p1id":"somebodyuknow2","p2id":"ogerponhearth","formatid":"gen9ubers","rating":0,"private":0,"password":""}