{"id":"gen9ubers-1968997757","p1":"psicopatic","p2":"ThePuzzler13","format":"[Gen 9] Ubers","log":"|j|\u2606psicopatic\n|j|\u2606ThePuzzler13\n|t:|1697481570\n|gametype|singles\n|player|p1|psicopatic|cynthia-gen4|\n|player|p2|ThePuzzler13|170|\n|teamsize|p1|6\n|teamsize|p2|6\n|gen|9\n|tier|[Gen 9] Ubers\n|rule|Sleep Clause Mod: Limit one foe put to sleep\n|rule|Species Clause: Limit one of each Pok\u00e9mon\n|rule|OHKO Clause: OHKO moves are banned\n|rule|Evasion Items Clause: Evasion items are banned\n|rule|Evasion Moves Clause: Evasion moves are banned\n|rule|Endless Battle Clause: Forcing endless battles is banned\n|rule|HP Percentage Mod: HP is shown in percentages\n|clearpoke\n|poke|p1|Espathra, F|\n|poke|p1|Ninetales-Alola, M|\n|poke|p1|Landorus, M|\n|poke|p1|Arceus-Ice|\n|poke|p1|Cyclizar, M|\n|poke|p1|Spectrier|\n|poke|p2|Masquerain, M|\n|poke|p2|Arceus-Ice|\n|poke|p2|Gholdengo|\n|poke|p2|Palafin, F|\n|poke|p2|Chi-Yu|\n|poke|p2|Zamazenta-*|\n|teampreview\n|inactive|Battle timer is ON: inactive players will automatically lose when time's up. (requested by ThePuzzler13)\n|\n|t:|1697481585\n|start\n|switch|p1a: Ninetales|Ninetales-Alola, M|100\/100\n|switch|p2a: Masquerain|Masquerain, M|100\/100\n|-weather|Snow|[from] ability: Snow Warning|[of] p1a: Ninetales\n|-ability|p2a: Masquerain|Intimidate|boost\n|-unboost|p1a: Ninetales|atk|1\n|turn|1\n|\n|t:|1697481595\n|move|p1a: Ninetales|Blizzard|p2a: Masquerain\n|-supereffective|p2a: Masquerain\n|-damage|p2a: Masquerain|11\/100\n|move|p2a: Masquerain|Sticky Web|p1a: Ninetales\n|-sidestart|p1: psicopatic|move: Sticky Web\n|\n|-weather|Snow|[upkeep]\n|upkeep\n|turn|2\n|\n|t:|1697481609\n|move|p1a: Ninetales|Blizzard|p2a: Masquerain\n|-supereffective|p2a: Masquerain\n|-damage|p2a: Masquerain|0 fnt\n|faint|p2a: Masquerain\n|\n|-weather|Snow|[upkeep]\n|upkeep\n|\n|t:|1697481618\n|switch|p2a: Chi-Yu|Chi-Yu|100\/100\n|-ability|p2a: Chi-Yu|Beads of Ruin\n|turn|3\n|\n|t:|1697481623\n|move|p1a: Ninetales|Aurora Veil|p1a: Ninetales\n|-sidestart|p1: psicopatic|move: Aurora Veil\n|move|p2a: Chi-Yu|Overheat|p1a: Ninetales\n|-supereffective|p1a: Ninetales\n|-damage|p1a: Ninetales|0 fnt\n|-unboost|p2a: Chi-Yu|spa|2\n|faint|p1a: Ninetales\n|\n|-weather|Snow|[upkeep]\n|upkeep\n|\n|t:|1697481652\n|switch|p1a: Espathra|Espathra, F|100\/100\n|-activate|p1a: Espathra|move: Sticky Web\n|-unboost|p1a: Espathra|spe|1\n|turn|4\n|\n|t:|1697481663\n|-terastallize|p1a: Espathra|Fairy\n|move|p2a: Chi-Yu|Overheat|p1a: Espathra\n|-damage|p1a: Espathra|50\/100\n|-unboost|p2a: Chi-Yu|spa|2\n|move|p1a: Espathra|Calm Mind|p1a: Espathra\n|-boost|p1a: Espathra|spa|1\n|-boost|p1a: Espathra|spd|1\n|\n|-weather|Snow|[upkeep]\n|-heal|p1a: Espathra|56\/100|[from] item: Leftovers\n|-ability|p1a: Espathra|Speed Boost|boost\n|-boost|p1a: Espathra|spe|1\n|upkeep\n|turn|5\n|\n|t:|1697481673\n|switch|p2a: Palafin|Palafin, F|100\/100\n|move|p1a: Espathra|Calm Mind|p1a: Espathra\n|-boost|p1a: Espathra|spa|1\n|-boost|p1a: Espathra|spd|1\n|\n|-weather|none\n|-heal|p1a: Espathra|62\/100|[from] item: Leftovers\n|-ability|p1a: Espathra|Speed Boost|boost\n|-boost|p1a: Espathra|spe|1\n|upkeep\n|turn|6\n|\n|t:|1697481680\n|move|p1a: Espathra|Calm Mind|p1a: Espathra\n|-boost|p1a: Espathra|spa|1\n|-boost|p1a: Espathra|spd|1\n|move|p2a: Palafin|Flip Turn|p1a: Espathra\n|-damage|p1a: Espathra|48\/100\n|\n|t:|1697481690\n|detailschange|p2a: Palafin|Palafin-Hero, F\n|switch|p2a: Chi-Yu|Chi-Yu|100\/100|[from] Flip Turn\n|-ability|p2a: Chi-Yu|Beads of Ruin\n|\n|-heal|p1a: Espathra|54\/100|[from] item: Leftovers\n|-ability|p1a: Espathra|Speed Boost|boost\n|-boost|p1a: Espathra|spe|1\n|upkeep\n|turn|7\n|\n|t:|1697481696\n|move|p1a: Espathra|Dazzling Gleam|p2a: Chi-Yu\n|-damage|p2a: Chi-Yu|22\/100\n|move|p2a: Chi-Yu|Overheat|p1a: Espathra\n|-damage|p1a: Espathra|13\/100\n|-unboost|p2a: Chi-Yu|spa|2\n|\n|-heal|p1a: Espathra|19\/100|[from] item: Leftovers\n|-ability|p1a: Espathra|Speed Boost|boost\n|-boost|p1a: Espathra|spe|1\n|upkeep\n|turn|8\n|\n|t:|1697481705\n|move|p1a: Espathra|Protect|p1a: Espathra\n|-singleturn|p1a: Espathra|Protect\n|move|p2a: Chi-Yu|Overheat|p1a: Espathra\n|-activate|p1a: Espathra|move: Protect\n|\n|-heal|p1a: Espathra|25\/100|[from] item: Leftovers\n|-ability|p1a: Espathra|Speed Boost|boost\n|-boost|p1a: Espathra|spe|1\n|upkeep\n|turn|9\n|\n|t:|1697481708\n|move|p1a: Espathra|Dazzling Gleam|p2a: Chi-Yu\n|-damage|p2a: Chi-Yu|0 fnt\n|faint|p2a: Chi-Yu\n|\n|-heal|p1a: Espathra|31\/100|[from] item: Leftovers\n|-ability|p1a: Espathra|Speed Boost|boost\n|-boost|p1a: Espathra|spe|1\n|upkeep\n|\n|t:|1697481715\n|switch|p2a: Arceus|Arceus-Ice|100\/100\n|turn|10\n|\n|t:|1697481719\n|move|p1a: Espathra|Stored Power|p2a: Arceus\n|-damage|p2a: Arceus|0 fnt\n|faint|p2a: Arceus\n|\n|-heal|p1a: Espathra|37\/100|[from] item: Leftovers\n|-sideend|p1: psicopatic|move: Aurora Veil\n|-ability|p1a: Espathra|Speed Boost|boost\n|-boost|p1a: Espathra|spe|1\n|upkeep\n|\n|t:|1697481722\n|switch|p2a: Gholdengo|Gholdengo|100\/100\n|turn|11\n|\n|t:|1697481731\n|move|p1a: Espathra|Stored Power|p2a: Gholdengo\n|-resisted|p2a: Gholdengo\n|-damage|p2a: Gholdengo|0 fnt\n|faint|p2a: Gholdengo\n|\n|-heal|p1a: Espathra|43\/100|[from] item: Leftovers\n|upkeep\n|\n|t:|1697481733\n|switch|p2a: Palafin|Palafin-Hero, F|100\/100\n|-activate|p2a: Palafin|ability: Zero to Hero\n|turn|12\n|\n|t:|1697481736\n|move|p2a: Palafin|Jet Punch|p1a: Espathra\n|-damage|p1a: Espathra|0 fnt\n|faint|p1a: Espathra\n|\n|upkeep\n|\n|t:|1697481753\n|switch|p1a: Cyclizar|Cyclizar, M|100\/100\n|turn|13\n|\n|t:|1697481756\n|move|p2a: Palafin|Jet Punch|p1a: Cyclizar\n|-resisted|p1a: Cyclizar\n|-damage|p1a: Cyclizar|56\/100\n|move|p1a: Cyclizar|Rapid Spin|p2a: Palafin\n|-damage|p2a: Palafin|82\/100\n|-boost|p1a: Cyclizar|spe|1\n|-sideend|p1: psicopatic|Sticky Web|[from] move: Rapid Spin|[of] p1a: Cyclizar\n|\n|upkeep\n|turn|14\n|\n|t:|1697481776\n|move|p2a: Palafin|Jet Punch|p1a: Cyclizar\n|-resisted|p1a: Cyclizar\n|-damage|p1a: Cyclizar|14\/100\n|move|p1a: Cyclizar|U-turn|p2a: Palafin\n|-damage|p2a: Palafin|65\/100\n|\n|t:|1697481779\n|switch|p1a: Arceus|Arceus-Ice|100\/100|[from] U-turn\n|\n|upkeep\n|turn|15\n|\n|t:|1697481790\n|switch|p2a: Zamazenta|Zamazenta-Crowned|100\/100\n|-ability|p2a: Zamazenta|Dauntless Shield|boost\n|-boost|p2a: Zamazenta|def|1\n|move|p1a: Arceus|Earthquake|p2a: Zamazenta\n|-supereffective|p2a: Zamazenta\n|-damage|p2a: Zamazenta|77\/100\n|\n|upkeep\n|turn|16\n|\n|t:|1697481802\n|switch|p1a: Spectrier|Spectrier|100\/100\n|-terastallize|p2a: Zamazenta|Fighting\n|move|p2a: Zamazenta|Body Press|p1a: Spectrier\n|-immune|p1a: Spectrier\n|\n|upkeep\n|turn|17\n|c|\u2606ThePuzzler13|good play\n|\n|t:|1697481817\n|move|p1a: Spectrier|Draining Kiss|p2a: Zamazenta\n|-supereffective|p2a: Zamazenta\n|-damage|p2a: Zamazenta|52\/100\n|move|p2a: Zamazenta|Crunch|p1a: Spectrier\n|-supereffective|p1a: Spectrier\n|-crit|p1a: Spectrier\n|-damage|p1a: Spectrier|11\/100\n|-enditem|p1a: Spectrier|Salac Berry|[eat]\n|-boost|p1a: Spectrier|spe|1|[from] item: Salac Berry\n|\n|upkeep\n|turn|18\n|\n|t:|1697481825\n|move|p1a: Spectrier|Shadow Ball|p2a: Zamazenta\n|-crit|p2a: Zamazenta\n|-damage|p2a: Zamazenta|5\/100\n|move|p2a: Zamazenta|Crunch|p1a: Spectrier\n|-supereffective|p1a: Spectrier\n|-damage|p1a: Spectrier|0 fnt\n|faint|p1a: Spectrier\n|\n|upkeep\n|\n|t:|1697481831\n|switch|p1a: Arceus|Arceus-Ice|100\/100\n|turn|19\n|\n|t:|1697481836\n|move|p1a: Arceus|Extreme Speed|p2a: Zamazenta\n|-damage|p2a: Zamazenta|0 fnt\n|faint|p2a: Zamazenta\n|\n|upkeep\n|\n|t:|1697481838\n|switch|p2a: Palafin|Palafin-Hero, F|65\/100\n|turn|20\n|\n|t:|1697481848\n|move|p2a: Palafin|Close Combat|p1a: Arceus\n|-supereffective|p1a: Arceus\n|-damage|p1a: Arceus|0 fnt\n|-unboost|p2a: Palafin|def|1\n|-unboost|p2a: Palafin|spd|1\n|faint|p1a: Arceus\n|\n|upkeep\n|\n|t:|1697481856\n|switch|p1a: Cyclizar|Cyclizar, M|47\/100\n|turn|21\n|\n|t:|1697481860\n|move|p1a: Cyclizar|Rapid Spin|p2a: Palafin\n|-damage|p2a: Palafin|38\/100\n|-boost|p1a: Cyclizar|spe|1\n|move|p2a: Palafin|Close Combat|p1a: Cyclizar\n|-supereffective|p1a: Cyclizar\n|-damage|p1a: Cyclizar|0 fnt\n|-unboost|p2a: Palafin|def|1\n|-unboost|p2a: Palafin|spd|1\n|faint|p1a: Cyclizar\n|\n|upkeep\n|\n|t:|1697481865\n|switch|p1a: Landorus|Landorus, M|100\/100\n|turn|22\n|c|\u2606psicopatic|gg\n|\n|t:|1697481870\n|move|p1a: Landorus|Earth Power|p2a: Palafin\n|-damage|p2a: Palafin|0 fnt\n|faint|p2a: Palafin\n|\n|win|psicopatic\n|c|\u2606ThePuzzler13|gg\n|l|\u2606psicopatic\n|c|\u2606ThePuzzler13|ill upload the replay\n","uploadtime":1697481881,"views":19,"p1id":"psicopatic","p2id":"thepuzzler13","formatid":"gen9ubers","rating":0,"private":0,"password":""}