{"id":"gen9ubers-1985780128","p1":"7812g2fu8bv","p2":"Anne Frankkkk","format":"[Gen 9] Ubers","log":"|j|\u26067812g2fu8bv\n|j|\u2606Anne Frankkkk\n|t:|1699405346\n|gametype|singles\n|player|p1|7812g2fu8bv|101|1121\n|player|p2|Anne Frankkkk|hilbert|1114\n|teamsize|p1|6\n|teamsize|p2|6\n|gen|9\n|tier|[Gen 9] Ubers\n|rated|\n|rule|Sleep Clause Mod: Limit one foe put to sleep\n|rule|Species Clause: Limit one of each Pok\u00e9mon\n|rule|OHKO Clause: OHKO moves are banned\n|rule|Evasion Items Clause: Evasion items are banned\n|rule|Evasion Moves Clause: Evasion moves are banned\n|rule|Endless Battle Clause: Forcing endless battles is banned\n|rule|HP Percentage Mod: HP is shown in percentages\n|clearpoke\n|poke|p1|Maushold-Four|\n|poke|p1|Zacian-*|\n|poke|p1|Blissey, F|\n|poke|p1|Miraidon|\n|poke|p1|Urshifu-*, F|\n|poke|p1|Clodsire, F|\n|poke|p2|Iron Hands|\n|poke|p2|Kyogre|\n|poke|p2|Chien-Pao|\n|poke|p2|Ribombee, M|\n|poke|p2|Miraidon|\n|poke|p2|Flutter Mane|\n|teampreview\n|\n|t:|1699405352\n|start\n|switch|p1a: Zacian|Zacian-Crowned|100\/100\n|switch|p2a: Moonblast|Ribombee, M, shiny|100\/100\n|-ability|p1a: Zacian|Intrepid Sword|boost\n|-boost|p1a: Zacian|atk|1\n|turn|1\n|inactive|Battle timer is ON: inactive players will automatically lose when time's up. (requested by Anne Frankkkk)\n|\n|t:|1699405375\n|move|p1a: Zacian|Behemoth Blade|p2a: Moonblast\n|-supereffective|p2a: Moonblast\n|-enditem|p2a: Moonblast|Focus Sash\n|-damage|p2a: Moonblast|1\/100\n|move|p2a: Moonblast|Stun Spore|p1a: Zacian\n|-status|p1a: Zacian|par\n|\n|upkeep\n|turn|2\n|\n|t:|1699405387\n|-terastallize|p1a: Zacian|Fairy\n|move|p2a: Moonblast|Sticky Web|p1a: Zacian\n|-sidestart|p1: 7812g2fu8bv|move: Sticky Web\n|move|p1a: Zacian|Crunch|p2a: Moonblast\n|-resisted|p2a: Moonblast\n|-damage|p2a: Moonblast|0 fnt\n|faint|p2a: Moonblast\n|\n|upkeep\n|\n|t:|1699405398\n|switch|p2a: Cyber Lizard|Miraidon|100\/100\n|-fieldstart|move: Electric Terrain|[from] ability: Hadron Engine|[of] p2a: Cyber Lizard\n|-item|p2a: Cyber Lizard|Air Balloon\n|turn|3\n|\n|t:|1699405414\n|move|p2a: Cyber Lizard|Electro Drift|p1a: Zacian\n|-damage|p1a: Zacian|32\/100 par\n|move|p1a: Zacian|Sacred Sword|p2a: Cyber Lizard\n|-damage|p2a: Cyber Lizard|43\/100\n|-enditem|p2a: Cyber Lizard|Air Balloon\n|\n|upkeep\n|turn|4\n|\n|t:|1699405426\n|move|p2a: Cyber Lizard|Electro Drift|p1a: Zacian\n|-damage|p1a: Zacian|0 fnt\n|faint|p1a: Zacian\n|\n|upkeep\n|\n|t:|1699405434\n|switch|p1a: Clodsire|Clodsire, F|100\/100\n|-activate|p1a: Clodsire|move: Sticky Web\n|-unboost|p1a: Clodsire|spe|1\n|turn|5\n|\n|t:|1699405447\n|move|p2a: Cyber Lizard|Dragon Pulse|p1a: Clodsire\n|-damage|p1a: Clodsire|35\/100\n|move|p1a: Clodsire|Counter||[still]\n|-fail|p1a: Clodsire\n|\n|upkeep\n|turn|6\n|\n|t:|1699405457\n|move|p2a: Cyber Lizard|Calm Mind|p2a: Cyber Lizard\n|-boost|p2a: Cyber Lizard|spa|1\n|-boost|p2a: Cyber Lizard|spd|1\n|move|p1a: Clodsire|Body Slam|p2a: Cyber Lizard\n|-damage|p2a: Cyber Lizard|21\/100\n|\n|upkeep\n|turn|7\n|\n|t:|1699405474\n|move|p2a: Cyber Lizard|Dragon Pulse|p1a: Clodsire\n|-damage|p1a: Clodsire|0 fnt\n|faint|p1a: Clodsire\n|\n|-fieldend|move: Electric Terrain\n|upkeep\n|inactive|7812g2fu8bv has 120 seconds left.\n|\n|t:|1699405496\n|switch|p1a: Maushold|Maushold-Four|100\/100\n|-activate|p1a: Maushold|move: Sticky Web\n|-unboost|p1a: Maushold|spe|1\n|turn|8\n|\n|t:|1699405502\n|move|p2a: Cyber Lizard|Electro Drift|p1a: Maushold\n|-damage|p1a: Maushold|0 fnt\n|faint|p1a: Maushold\n|\n|upkeep\n|\n|t:|1699405511\n|switch|p1a: Miraidon|Miraidon|100\/100\n|-activate|p1a: Miraidon|move: Sticky Web\n|-unboost|p1a: Miraidon|spe|1\n|-fieldstart|move: Electric Terrain|[from] ability: Hadron Engine|[of] p1a: Miraidon\n|turn|9\n|\n|t:|1699405520\n|move|p1a: Miraidon|Electro Drift|p2a: Cyber Lizard\n|-resisted|p2a: Cyber Lizard\n|-damage|p2a: Cyber Lizard|9\/100\n|move|p2a: Cyber Lizard|Dragon Pulse|p1a: Miraidon\n|-supereffective|p1a: Miraidon\n|-damage|p1a: Miraidon|0 fnt\n|faint|p1a: Miraidon\n|\n|upkeep\n|-message|7812g2fu8bv forfeited.\n|\n|win|Anne Frankkkk\n|raw|7812g2fu8bv's rating: 1121 &rarr; <strong>1095<\/strong><br \/>(-26 for losing)\n|raw|Anne Frankkkk's rating: 1114 &rarr; <strong>1140<\/strong><br \/>(+26 for winning)\n|l|\u26067812g2fu8bv\n","uploadtime":1699405533,"views":4,"p1id":"7812g2fu8bv","p2id":"annefrankkkk","formatid":"gen9ubers","rating":1095,"private":0,"password":""}