{"id":"gen9ubers-1993969805","p1":"Jyho Blackbird","p2":"pkfire fx","format":"[Gen 9] Ubers","log":"|j|\u2606Jyho Blackbird\n|j|\u2606pkfire fx\n|t:|1700385237\n|gametype|singles\n|player|p1|Jyho Blackbird|hilbert-wonderlauncher|\n|player|p2|pkfire fx|265|\n|teamsize|p1|6\n|teamsize|p2|6\n|gen|9\n|tier|[Gen 9] Ubers\n|rule|Sleep Clause Mod: Limit one foe put to sleep\n|rule|Species Clause: Limit one of each Pok\u00e9mon\n|rule|OHKO Clause: OHKO moves are banned\n|rule|Evasion Items Clause: Evasion items are banned\n|rule|Evasion Moves Clause: Evasion moves are banned\n|rule|Endless Battle Clause: Forcing endless battles is banned\n|rule|HP Percentage Mod: HP is shown in percentages\n|clearpoke\n|poke|p1|Volcarona, M|\n|poke|p1|Quagsire, M|\n|poke|p1|Iron Valiant|\n|poke|p1|Dialga|\n|poke|p1|Cyclizar, F|\n|poke|p1|Fezandipiti, M|\n|poke|p2|Ninetales-Alola, M|\n|poke|p2|Cyclizar, F|\n|poke|p2|Ursaluna-Bloodmoon, M|\n|poke|p2|Baxcalibur, F|\n|poke|p2|Zacian-*|\n|poke|p2|Magearna|\n|teampreview\n|\n|t:|1700385327\n|start\n|switch|p1a: Cyclizar|Cyclizar, F|100\/100\n|switch|p2a: Cyclizar|Cyclizar, F|100\/100\n|turn|1\n|\n|t:|1700385335\n|move|p2a: Cyclizar|Taunt|p1a: Cyclizar\n|-start|p1a: Cyclizar|move: Taunt\n|cant|p1a: Cyclizar|move: Taunt|Shed Tail\n|\n|upkeep\n|turn|2\n|\n|t:|1700385343\n|move|p2a: Cyclizar|Shed Tail|p2a: Cyclizar\n|-start|p2a: Cyclizar|Substitute|[from] move: Shed Tail\n|-damage|p2a: Cyclizar|50\/100\n|\n|t:|1700385371\n|switch|p2a: Magearna|Magearna|100\/100|[from] Shed Tail\n|move|p1a: Cyclizar|U-turn|p2a: Magearna\n|-resisted|p2a: Magearna\n|-activate|p2a: Magearna|move: Substitute|[damage]\n|\n|t:|1700385377\n|switch|p1a: Volcarona|Volcarona, M|100\/100|[from] U-turn\n|\n|upkeep\n|turn|3\n|\n|t:|1700385390\n|switch|p2a: Ursaluna|Ursaluna-Bloodmoon, M|100\/100\n|move|p1a: Volcarona|Quiver Dance|p1a: Volcarona\n|-boost|p1a: Volcarona|spa|1\n|-boost|p1a: Volcarona|spd|1\n|-boost|p1a: Volcarona|spe|1\n|\n|upkeep\n|turn|4\n|\n|t:|1700385425\n|-terastallize|p2a: Ursaluna|Normal\n|move|p1a: Volcarona|Fiery Dance|p2a: Ursaluna\n|-damage|p2a: Ursaluna|28\/100\n|-enditem|p2a: Ursaluna|Sitrus Berry|[eat]\n|-heal|p2a: Ursaluna|53\/100|[from] item: Sitrus Berry\n|move|p2a: Ursaluna|Blood Moon|p1a: Volcarona\n|-damage|p1a: Volcarona|24\/100\n|\n|upkeep\n|turn|5\n|\n|t:|1700385442\n|-terastallize|p1a: Volcarona|Fire\n|move|p1a: Volcarona|Fiery Dance|p2a: Ursaluna\n|-damage|p2a: Ursaluna|0 fnt\n|faint|p2a: Ursaluna\n|\n|upkeep\n|\n|t:|1700385489\n|switch|p2a: Baxcalibur|Baxcalibur, F|100\/100\n|turn|6\n|\n|t:|1700385493\n|move|p1a: Volcarona|Fiery Dance|p2a: Baxcalibur\n|-damage|p2a: Baxcalibur|4\/100\n|-boost|p1a: Volcarona|spa|1\n|move|p2a: Baxcalibur|Earthquake|p1a: Volcarona\n|-supereffective|p1a: Volcarona\n|-damage|p1a: Volcarona|0 fnt\n|faint|p1a: Volcarona\n|\n|upkeep\n|\n|t:|1700385506\n|switch|p1a: Fezandipiti|Fezandipiti, M|100\/100\n|turn|7\n|\n|t:|1700385520\n|switch|p2a: Magearna|Magearna|100\/100\n|move|p1a: Fezandipiti|Moonblast|p2a: Magearna\n|-resisted|p2a: Magearna\n|-damage|p2a: Magearna|85\/100\n|\n|upkeep\n|turn|8\n|\n|t:|1700385530\n|switch|p1a: Quagsire|Quagsire, M|100\/100\n|move|p2a: Magearna|Spikes|p1a: Quagsire\n|-sidestart|p1: Jyho Blackbird|Spikes\n|\n|upkeep\n|turn|9\n|\n|t:|1700385548\n|switch|p2a: Cyclizar|Cyclizar, F|84\/100\n|move|p1a: Quagsire|Toxic Spikes|p2a: Cyclizar\n|-sidestart|p2: pkfire fx|move: Toxic Spikes\n|\n|upkeep\n|turn|10\n|\n|t:|1700385563\n|switch|p1a: Dialga|Dialga|100\/100\n|-damage|p1a: Dialga|88\/100|[from] Spikes\n|-ability|p1a: Dialga|Pressure\n|move|p2a: Cyclizar|Taunt|p1a: Dialga\n|-start|p1a: Dialga|move: Taunt\n|\n|upkeep\n|turn|11\n|\n|t:|1700385601\n|switch|p2a: Ninetales|Ninetales-Alola, M|100\/100\n|-status|p2a: Ninetales|psn\n|-weather|Snow|[from] ability: Snow Warning|[of] p2a: Ninetales\n|move|p1a: Dialga|Flash Cannon|p2a: Ninetales\n|-supereffective|p2a: Ninetales\n|-damage|p2a: Ninetales|0 fnt\n|faint|p2a: Ninetales\n|\n|-weather|Snow|[upkeep]\n|upkeep\n|\n|t:|1700385613\n|switch|p2a: Zacian|Zacian|100\/100\n|-ability|p2a: Zacian|Intrepid Sword|boost\n|-boost|p2a: Zacian|atk|1\n|turn|12\n|\n|t:|1700385633\n|move|p2a: Zacian|Close Combat|p1a: Dialga\n|-supereffective|p1a: Dialga\n|-damage|p1a: Dialga|0 fnt\n|-unboost|p2a: Zacian|def|1\n|-unboost|p2a: Zacian|spd|1\n|faint|p1a: Dialga\n|\n|-weather|Snow|[upkeep]\n|upkeep\n|\n|t:|1700385641\n|switch|p1a: Fezandipiti|Fezandipiti, M|100\/100\n|-damage|p1a: Fezandipiti|88\/100|[from] Spikes\n|turn|13\n|\n|t:|1700385664\n|switch|p2a: Magearna|Magearna|85\/100\n|move|p1a: Fezandipiti|Sludge Bomb|p2a: Magearna\n|-immune|p2a: Magearna\n|\n|-weather|Snow|[upkeep]\n|upkeep\n|turn|14\n|\n|t:|1700385673\n|switch|p1a: Cyclizar|Cyclizar, F|100\/100\n|move|p2a: Magearna|Thunder Wave|p1a: Cyclizar\n|-status|p1a: Cyclizar|par\n|\n|-weather|Snow|[upkeep]\n|upkeep\n|turn|15\n|\n|t:|1700385682\n|move|p1a: Cyclizar|Rapid Spin|p2a: Magearna\n|-resisted|p2a: Magearna\n|-damage|p2a: Magearna|80\/100\n|-boost|p1a: Cyclizar|spe|1\n|-sideend|p1: Jyho Blackbird|Spikes|[from] move: Rapid Spin|[of] p1a: Cyclizar\n|move|p2a: Magearna|Fleur Cannon|p1a: Cyclizar\n|-supereffective|p1a: Cyclizar\n|-damage|p1a: Cyclizar|0 fnt\n|-unboost|p2a: Magearna|spa|2\n|faint|p1a: Cyclizar\n|-ability|p2a: Magearna|Soul-Heart|boost\n|-boost|p2a: Magearna|spa|1\n|\n|-weather|none\n|upkeep\n|\n|t:|1700385700\n|switch|p1a: Iron Valiant|Iron Valiant|100\/100\n|-enditem|p1a: Iron Valiant|Booster Energy\n|-activate|p1a: Iron Valiant|ability: Quark Drive|[fromitem]\n|-start|p1a: Iron Valiant|quarkdrivespe\n|turn|16\n|\n|t:|1700385709\n|switch|p2a: Baxcalibur|Baxcalibur, F|4\/100\n|-status|p2a: Baxcalibur|psn\n|move|p1a: Iron Valiant|Swords Dance|p1a: Iron Valiant\n|-boost|p1a: Iron Valiant|atk|2\n|\n|-damage|p2a: Baxcalibur|0 fnt|[from] psn\n|faint|p2a: Baxcalibur\n|upkeep\n|\n|t:|1700385753\n|switch|p2a: Zacian|Zacian|100\/100\n|turn|17\n|\n|t:|1700385765\n|move|p1a: Iron Valiant|Spirit Break|p2a: Zacian\n|-damage|p2a: Zacian|22\/100\n|-unboost|p2a: Zacian|spa|1\n|move|p2a: Zacian|Play Rough|p1a: Iron Valiant\n|-supereffective|p1a: Iron Valiant\n|-damage|p1a: Iron Valiant|0 fnt\n|faint|p1a: Iron Valiant\n|-end|p1a: Iron Valiant|Quark Drive|[silent]\n|\n|upkeep\n|\n|t:|1700385776\n|switch|p1a: Fezandipiti|Fezandipiti, M|88\/100\n|turn|18\n|\n|t:|1700385832\n|move|p1a: Fezandipiti|Heat Wave|p2a: Zacian\n|-damage|p2a: Zacian|0 fnt\n|faint|p2a: Zacian\n|\n|upkeep\n|\n|t:|1700385846\n|switch|p2a: Cyclizar|Cyclizar, F|100\/100\n|turn|19\n|\n|t:|1700385850\n|move|p1a: Fezandipiti|Heat Wave|p2a: Cyclizar\n|-resisted|p2a: Cyclizar\n|-damage|p2a: Cyclizar|84\/100\n|move|p2a: Cyclizar|Knock Off|p1a: Fezandipiti\n|-resisted|p1a: Fezandipiti\n|-damage|p1a: Fezandipiti|74\/100\n|-enditem|p1a: Fezandipiti|Choice Scarf|[from] move: Knock Off|[of] p2a: Cyclizar\n|\n|upkeep\n|turn|20\n|\n|t:|1700385862\n|move|p2a: Cyclizar|Knock Off|p1a: Fezandipiti\n|-resisted|p1a: Fezandipiti\n|-damage|p1a: Fezandipiti|65\/100\n|move|p1a: Fezandipiti|Moonblast|p2a: Cyclizar\n|-supereffective|p2a: Cyclizar\n|-damage|p2a: Cyclizar|0 fnt\n|faint|p2a: Cyclizar\n|\n|upkeep\n|\n|t:|1700385867\n|switch|p2a: Magearna|Magearna|80\/100\n|turn|21\n|\n|t:|1700385871\n|move|p1a: Fezandipiti|Heat Wave|p2a: Magearna\n|-supereffective|p2a: Magearna\n|-damage|p2a: Magearna|37\/100\n|move|p2a: Magearna|Fleur Cannon|p1a: Fezandipiti\n|-resisted|p1a: Fezandipiti\n|-damage|p1a: Fezandipiti|38\/100\n|-unboost|p2a: Magearna|spa|2\n|\n|upkeep\n|turn|22\n|\n|t:|1700385879\n|move|p1a: Fezandipiti|Heat Wave|p2a: Magearna\n|-supereffective|p2a: Magearna\n|-damage|p2a: Magearna|0 fnt\n|faint|p2a: Magearna\n|\n|win|Jyho Blackbird\n|c|\u2606Jyho Blackbird|that knock off actually saved my game there\n","uploadtime":1700385885,"views":28,"p1id":"jyhoblackbird","p2id":"pkfirefx","formatid":"gen9ubers","rating":0,"private":0,"password":""}