{"id":"gen9ubers-1988566979","p1":"IspamObjection","p2":"aiyalexei","format":"[Gen 9] Ubers","log":"|j|\u2606IspamObjection\n|j|\u2606aiyalexei\n|t:|1699736896\n|gametype|singles\n|player|p1|IspamObjection|lance-gen2|\n|player|p2|aiyalexei|carmine-festival|\n|teamsize|p1|6\n|teamsize|p2|6\n|gen|9\n|tier|[Gen 9] Ubers\n|rule|Sleep Clause Mod: Limit one foe put to sleep\n|rule|Species Clause: Limit one of each Pok\u00e9mon\n|rule|OHKO Clause: OHKO moves are banned\n|rule|Evasion Items Clause: Evasion items are banned\n|rule|Evasion Moves Clause: Evasion moves are banned\n|rule|Endless Battle Clause: Forcing endless battles is banned\n|rule|HP Percentage Mod: HP is shown in percentages\n|clearpoke\n|poke|p1|Ninetales-Alola, M|\n|poke|p1|Baxcalibur, M|\n|poke|p1|Garchomp, M|\n|poke|p1|Chi-Yu|\n|poke|p1|Walking Wake|\n|poke|p1|Torkoal, M|\n|poke|p2|Cyclizar, F|\n|poke|p2|Volcarona, M|\n|poke|p2|Espathra, F|\n|poke|p2|Ninetales-Alola, F|\n|poke|p2|Baxcalibur, M|\n|poke|p2|Magearna|\n|teampreview\n|\n|t:|1699736918\n|start\n|switch|p1a: Garchover|Garchomp, M|100\/100\n|switch|p2a: Cyclizar|Cyclizar, F|100\/100\n|turn|1\n|\n|t:|1699736932\n|move|p2a: Cyclizar|Shed Tail|p2a: Cyclizar\n|-start|p2a: Cyclizar|Substitute|[from] move: Shed Tail\n|-damage|p2a: Cyclizar|50\/100\n|\n|t:|1699736939\n|switch|p2a: Baxcalibur|Baxcalibur, M|100\/100|[from] Shed Tail\n|move|p1a: Garchover|Stealth Rock|p2a: Baxcalibur\n|-sidestart|p2: aiyalexei|move: Stealth Rock\n|\n|upkeep\n|turn|2\n|\n|t:|1699736947\n|move|p1a: Garchover|Outrage|p2a: Baxcalibur\n|-supereffective|p2a: Baxcalibur\n|-end|p2a: Baxcalibur|Substitute\n|move|p2a: Baxcalibur|Dragon Dance|p2a: Baxcalibur\n|-boost|p2a: Baxcalibur|atk|1\n|-boost|p2a: Baxcalibur|spe|1\n|\n|upkeep\n|turn|3\n|\n|t:|1699736959\n|move|p2a: Baxcalibur|Scale Shot|p1a: Garchover\n|-supereffective|p1a: Garchover\n|-damage|p1a: Garchover|52\/100\n|-supereffective|p1a: Garchover\n|-damage|p1a: Garchover|5\/100\n|-supereffective|p1a: Garchover\n|-damage|p1a: Garchover|0 fnt\n|faint|p1a: Garchover\n|-hitcount|p1: Garchover|3\n|-unboost|p2a: Baxcalibur|def|1\n|-boost|p2a: Baxcalibur|spe|1\n|\n|upkeep\n|\n|t:|1699736973\n|switch|p1a: Ninetales|Ninetales-Alola, M|100\/100\n|-weather|Snow|[from] ability: Snow Warning|[of] p1a: Ninetales\n|turn|4\n|\n|t:|1699736978\n|switch|p2a: Magearna|Magearna|100\/100\n|-damage|p2a: Magearna|94\/100|[from] Stealth Rock\n|move|p1a: Ninetales|Aurora Veil|p1a: Ninetales\n|-sidestart|p1: IspamObjection|move: Aurora Veil\n|\n|-weather|Snow|[upkeep]\n|-heal|p2a: Magearna|100\/100|[from] item: Leftovers\n|upkeep\n|turn|5\n|\n|t:|1699736996\n|switch|p1a: Torkoal|Torkoal, M|100\/100\n|-weather|SunnyDay|[from] ability: Drought|[of] p1a: Torkoal\n|move|p2a: Magearna|Calm Mind|p2a: Magearna\n|-boost|p2a: Magearna|spa|1\n|-boost|p2a: Magearna|spd|1\n|\n|-weather|SunnyDay|[upkeep]\n|upkeep\n|turn|6\n|\n|t:|1699737010\n|-terastallize|p2a: Magearna|Water\n|move|p2a: Magearna|Calm Mind|p2a: Magearna\n|-boost|p2a: Magearna|spa|1\n|-boost|p2a: Magearna|spd|1\n|move|p1a: Torkoal|Yawn|p2a: Magearna\n|-start|p2a: Magearna|move: Yawn|[of] p1a: Torkoal\n|\n|-weather|SunnyDay|[upkeep]\n|upkeep\n|turn|7\n|\n|t:|1699737045\n|move|p2a: Magearna|Iron Defense|p2a: Magearna\n|-boost|p2a: Magearna|def|2\n|move|p1a: Torkoal|Lava Plume|p2a: Magearna\n|-resisted|p2a: Magearna\n|-damage|p2a: Magearna|93\/100\n|-status|p2a: Magearna|brn\n|\n|-weather|SunnyDay|[upkeep]\n|-heal|p2a: Magearna|99\/100 brn|[from] item: Leftovers\n|-damage|p2a: Magearna|93\/100 brn|[from] brn\n|-end|p2a: Magearna|move: Yawn|[silent]\n|upkeep\n|turn|8\n|c|\u2606aiyalexei|Oh shit lmao\n|c|\u2606IspamObjection|actually just griefed myself with that\n|\n|t:|1699737091\n|move|p2a: Magearna|Calm Mind|p2a: Magearna\n|-boost|p2a: Magearna|spa|1\n|-boost|p2a: Magearna|spd|1\n|move|p1a: Torkoal|Rapid Spin|p2a: Magearna\n|-damage|p2a: Magearna|90\/100 brn\n|-boost|p1a: Torkoal|spe|1\n|\n|-weather|SunnyDay|[upkeep]\n|-heal|p2a: Magearna|96\/100 brn|[from] item: Leftovers\n|-damage|p2a: Magearna|90\/100 brn|[from] brn\n|upkeep\n|turn|9\n|\n|t:|1699737110\n|move|p2a: Magearna|Calm Mind|p2a: Magearna\n|-boost|p2a: Magearna|spa|1\n|-boost|p2a: Magearna|spd|1\n|move|p1a: Torkoal|Lava Plume|p2a: Magearna\n|-resisted|p2a: Magearna\n|-damage|p2a: Magearna|85\/100 brn\n|\n|-weather|SunnyDay|[upkeep]\n|-heal|p2a: Magearna|91\/100 brn|[from] item: Leftovers\n|-damage|p2a: Magearna|85\/100 brn|[from] brn\n|upkeep\n|turn|10\n|\n|t:|1699737116\n|move|p2a: Magearna|Iron Defense|p2a: Magearna\n|-boost|p2a: Magearna|def|2\n|move|p1a: Torkoal|Rapid Spin|p2a: Magearna\n|-damage|p2a: Magearna|83\/100 brn\n|-boost|p1a: Torkoal|spe|1\n|\n|-weather|SunnyDay|[upkeep]\n|-heal|p2a: Magearna|89\/100 brn|[from] item: Leftovers\n|-damage|p2a: Magearna|83\/100 brn|[from] brn\n|upkeep\n|turn|11\n|\n|t:|1699737136\n|move|p2a: Magearna|Calm Mind|p2a: Magearna\n|-boost|p2a: Magearna|spa|1\n|-boost|p2a: Magearna|spd|1\n|move|p1a: Torkoal|Rapid Spin|p2a: Magearna\n|-damage|p2a: Magearna|81\/100 brn\n|-boost|p1a: Torkoal|spe|1\n|\n|-weather|SunnyDay|[upkeep]\n|-heal|p2a: Magearna|87\/100 brn|[from] item: Leftovers\n|-damage|p2a: Magearna|81\/100 brn|[from] brn\n|-sideend|p1: IspamObjection|move: Aurora Veil\n|upkeep\n|turn|12\n|\n|t:|1699737143\n|move|p1a: Torkoal|Rapid Spin|p2a: Magearna\n|-damage|p2a: Magearna|78\/100 brn\n|-boost|p1a: Torkoal|spe|1\n|move|p2a: Magearna|Draining Kiss|p1a: Torkoal\n|-resisted|p1a: Torkoal\n|-damage|p1a: Torkoal|66\/100\n|-heal|p2a: Magearna|100\/100 brn|[from] drain|[of] p1a: Torkoal\n|\n|-weather|none\n|-damage|p2a: Magearna|94\/100 brn|[from] brn\n|upkeep\n|turn|13\n|\n|t:|1699737165\n|move|p1a: Torkoal|Rapid Spin|p2a: Magearna\n|-damage|p2a: Magearna|92\/100 brn\n|-boost|p1a: Torkoal|spe|1\n|move|p2a: Magearna|Stored Power|p1a: Torkoal\n|-damage|p1a: Torkoal|0 fnt\n|faint|p1a: Torkoal\n|-ability|p2a: Magearna|Soul-Heart|boost\n|-boost|p2a: Magearna|spa|1\n|\n|-heal|p2a: Magearna|98\/100 brn|[from] item: Leftovers\n|-damage|p2a: Magearna|92\/100 brn|[from] brn\n|upkeep\n|\n|t:|1699737172\n|switch|p1a: Ninetales|Ninetales-Alola, M|100\/100\n|-weather|Snow|[from] ability: Snow Warning|[of] p1a: Ninetales\n|turn|14\n|\n|t:|1699737182\n|move|p1a: Ninetales|Aurora Veil|p1a: Ninetales\n|-sidestart|p1: IspamObjection|move: Aurora Veil\n|move|p2a: Magearna|Iron Defense|p2a: Magearna\n|-boost|p2a: Magearna|def|2\n|\n|-weather|Snow|[upkeep]\n|-heal|p2a: Magearna|98\/100 brn|[from] item: Leftovers\n|-damage|p2a: Magearna|92\/100 brn|[from] brn\n|upkeep\n|turn|15\n|\n|t:|1699737186\n|move|p1a: Ninetales|Encore|p2a: Magearna\n|-start|p2a: Magearna|Encore\n|move|p2a: Magearna|Iron Defense|p2a: Magearna\n|-boost|p2a: Magearna|def|0\n|\n|-weather|Snow|[upkeep]\n|-heal|p2a: Magearna|98\/100 brn|[from] item: Leftovers\n|-damage|p2a: Magearna|92\/100 brn|[from] brn\n|upkeep\n|turn|16\n|\n|t:|1699737197\n|switch|p1a: Baxcalibur|Baxcalibur, M|100\/100\n|switch|p2a: Ninetales|Ninetales-Alola, F|100\/100\n|-damage|p2a: Ninetales|76\/100|[from] Stealth Rock\n|\n|-weather|Snow|[upkeep]\n|upkeep\n|turn|17\n|\n|t:|1699737204\n|move|p2a: Ninetales|Aurora Veil|p2a: Ninetales\n|-sidestart|p2: aiyalexei|move: Aurora Veil\n|move|p1a: Baxcalibur|Dragon Dance|p1a: Baxcalibur\n|-boost|p1a: Baxcalibur|atk|1\n|-boost|p1a: Baxcalibur|spe|1\n|\n|-weather|Snow|[upkeep]\n|upkeep\n|turn|18\n|\n|t:|1699737213\n|-terastallize|p1a: Baxcalibur|Fairy\n|move|p1a: Baxcalibur|Dragon Dance|p1a: Baxcalibur\n|-boost|p1a: Baxcalibur|atk|1\n|-boost|p1a: Baxcalibur|spe|1\n|move|p2a: Ninetales|Encore|p1a: Baxcalibur\n|-start|p1a: Baxcalibur|Encore\n|\n|-weather|none\n|upkeep\n|turn|19\n|\n|t:|1699737229\n|switch|p1a: Walking Wake|Walking Wake|100\/100\n|switch|p2a: Magearna|Magearna, tera:Water|92\/100 brn\n|-damage|p2a: Magearna|80\/100 brn|[from] Stealth Rock\n|\n|-heal|p2a: Magearna|86\/100 brn|[from] item: Leftovers\n|-damage|p2a: Magearna|80\/100 brn|[from] brn\n|upkeep\n|turn|20\n|\n|t:|1699737257\n|move|p1a: Walking Wake|Dragon Pulse|p2a: Magearna\n|-damage|p2a: Magearna|52\/100 brn\n|move|p2a: Magearna|Draining Kiss|p1a: Walking Wake\n|-supereffective|p1a: Walking Wake\n|-damage|p1a: Walking Wake|77\/100\n|-heal|p2a: Magearna|68\/100 brn|[from] drain|[of] p1a: Walking Wake\n|\n|-heal|p2a: Magearna|74\/100 brn|[from] item: Leftovers\n|-damage|p2a: Magearna|68\/100 brn|[from] brn\n|upkeep\n|turn|21\n|\n|t:|1699737278\n|move|p1a: Walking Wake|Dragon Pulse|p2a: Magearna\n|-damage|p2a: Magearna|39\/100 brn\n|move|p2a: Magearna|Calm Mind|p2a: Magearna\n|-boost|p2a: Magearna|spa|1\n|-boost|p2a: Magearna|spd|1\n|\n|-heal|p2a: Magearna|45\/100 brn|[from] item: Leftovers\n|-damage|p2a: Magearna|39\/100 brn|[from] brn\n|-sideend|p1: IspamObjection|move: Aurora Veil\n|upkeep\n|turn|22\n|\n|t:|1699737287\n|-end|p1a: Walking Wake|Protosynthesis|[silent]\n|switch|p1a: Ninetales|Ninetales-Alola, M|100\/100\n|-weather|Snow|[from] ability: Snow Warning|[of] p1a: Ninetales\n|move|p2a: Magearna|Draining Kiss|p1a: Ninetales\n|-damage|p1a: Ninetales|68\/100\n|-heal|p2a: Magearna|63\/100 brn|[from] drain|[of] p1a: Ninetales\n|\n|-weather|Snow|[upkeep]\n|-heal|p2a: Magearna|69\/100 brn|[from] item: Leftovers\n|-damage|p2a: Magearna|63\/100 brn|[from] brn\n|upkeep\n|turn|23\n|\n|t:|1699737294\n|move|p1a: Ninetales|Aurora Veil|p1a: Ninetales\n|-sidestart|p1: IspamObjection|move: Aurora Veil\n|move|p2a: Magearna|Draining Kiss|p1a: Ninetales\n|-damage|p1a: Ninetales|51\/100\n|-heal|p2a: Magearna|75\/100 brn|[from] drain|[of] p1a: Ninetales\n|\n|-weather|Snow|[upkeep]\n|-heal|p2a: Magearna|81\/100 brn|[from] item: Leftovers\n|-damage|p2a: Magearna|75\/100 brn|[from] brn\n|upkeep\n|turn|24\n|\n|t:|1699737302\n|move|p1a: Ninetales|Moonblast|p2a: Magearna\n|-damage|p2a: Magearna|67\/100 brn\n|move|p2a: Magearna|Draining Kiss|p1a: Ninetales\n|-damage|p1a: Ninetales|36\/100\n|-heal|p2a: Magearna|78\/100 brn|[from] drain|[of] p1a: Ninetales\n|\n|-weather|Snow|[upkeep]\n|-heal|p2a: Magearna|84\/100 brn|[from] item: Leftovers\n|-damage|p2a: Magearna|78\/100 brn|[from] brn\n|-sideend|p2: aiyalexei|move: Aurora Veil\n|upkeep\n|turn|25\n|\n|t:|1699737312\n|switch|p1a: Baxcalibur|Baxcalibur, M, tera:Fairy|100\/100\n|move|p2a: Magearna|Draining Kiss|p1a: Baxcalibur\n|-damage|p1a: Baxcalibur|83\/100\n|-heal|p2a: Magearna|92\/100 brn|[from] drain|[of] p1a: Baxcalibur\n|\n|-weather|Snow|[upkeep]\n|-heal|p2a: Magearna|98\/100 brn|[from] item: Leftovers\n|-damage|p2a: Magearna|92\/100 brn|[from] brn\n|upkeep\n|turn|26\n|\n|t:|1699737315\n|move|p1a: Baxcalibur|Dragon Dance|p1a: Baxcalibur\n|-boost|p1a: Baxcalibur|atk|1\n|-boost|p1a: Baxcalibur|spe|1\n|move|p2a: Magearna|Iron Defense|p2a: Magearna\n|-boost|p2a: Magearna|def|2\n|\n|-weather|none\n|-heal|p2a: Magearna|98\/100 brn|[from] item: Leftovers\n|-damage|p2a: Magearna|92\/100 brn|[from] brn\n|upkeep\n|turn|27\n|\n|t:|1699737331\n|move|p1a: Baxcalibur|Dragon Dance|p1a: Baxcalibur\n|-boost|p1a: Baxcalibur|atk|1\n|-boost|p1a: Baxcalibur|spe|1\n|move|p2a: Magearna|Stored Power|p1a: Baxcalibur\n|-damage|p1a: Baxcalibur|61\/100\n|\n|-heal|p2a: Magearna|98\/100 brn|[from] item: Leftovers\n|-damage|p2a: Magearna|92\/100 brn|[from] brn\n|upkeep\n|turn|28\n|\n|t:|1699737341\n|move|p1a: Baxcalibur|Dragon Dance|p1a: Baxcalibur\n|-boost|p1a: Baxcalibur|atk|1\n|-boost|p1a: Baxcalibur|spe|1\n|move|p2a: Magearna|Iron Defense|p2a: Magearna\n|-boost|p2a: Magearna|def|2\n|\n|-heal|p2a: Magearna|98\/100 brn|[from] item: Leftovers\n|-damage|p2a: Magearna|92\/100 brn|[from] brn\n|upkeep\n|turn|29\n|\n|t:|1699737349\n|move|p1a: Baxcalibur|Glaive Rush|p2a: Magearna\n|-damage|p2a: Magearna|56\/100 brn\n|-singlemove|p1a: Baxcalibur|Glaive Rush|[silent]\n|move|p2a: Magearna|Stored Power|p1a: Baxcalibur\n|-damage|p1a: Baxcalibur|4\/100\n|\n|-heal|p2a: Magearna|62\/100 brn|[from] item: Leftovers\n|-damage|p2a: Magearna|56\/100 brn|[from] brn\n|upkeep\n|turn|30\n|\n|t:|1699737358\n|move|p1a: Baxcalibur|Glaive Rush|p2a: Magearna\n|-damage|p2a: Magearna|23\/100 brn\n|-singlemove|p1a: Baxcalibur|Glaive Rush|[silent]\n|move|p2a: Magearna|Draining Kiss|p1a: Baxcalibur\n|-crit|p1a: Baxcalibur\n|-damage|p1a: Baxcalibur|0 fnt\n|-heal|p2a: Magearna|26\/100 brn|[from] drain|[of] p1a: Baxcalibur\n|faint|p1a: Baxcalibur\n|-ability|p2a: Magearna|Soul-Heart|boost\n|-boost|p2a: Magearna|spa|1\n|\n|-heal|p2a: Magearna|32\/100 brn|[from] item: Leftovers\n|-damage|p2a: Magearna|26\/100 brn|[from] brn\n|-sideend|p1: IspamObjection|move: Aurora Veil\n|upkeep\n|\n|t:|1699737368\n|switch|p1a: Chi-Yu|Chi-Yu|100\/100\n|-ability|p1a: Chi-Yu|Beads of Ruin\n|turn|31\n|\n|t:|1699737377\n|move|p1a: Chi-Yu|Dark Pulse|p2a: Magearna\n|-damage|p2a: Magearna|0 fnt\n|faint|p2a: Magearna\n|\n|upkeep\n|\n|t:|1699737383\n|switch|p2a: Ninetales|Ninetales-Alola, F|76\/100\n|-damage|p2a: Ninetales|51\/100|[from] Stealth Rock\n|turn|32\n|\n|t:|1699737417\n|switch|p2a: Cyclizar|Cyclizar, F|50\/100\n|-damage|p2a: Cyclizar|38\/100|[from] Stealth Rock\n|move|p1a: Chi-Yu|Dark Pulse|p2a: Cyclizar\n|-damage|p2a: Cyclizar|0 fnt\n|faint|p2a: Cyclizar\n|\n|upkeep\n|\n|t:|1699737419\n|switch|p2a: Ninetales|Ninetales-Alola, F|51\/100\n|-damage|p2a: Ninetales|26\/100|[from] Stealth Rock\n|turn|33\n|c|\u2606aiyalexei|Oh shit all my abilities are fucked up lmao\n|\n|t:|1699737445\n|move|p1a: Chi-Yu|Dark Pulse|p2a: Ninetales\n|-resisted|p2a: Ninetales\n|-damage|p2a: Ninetales|0 fnt\n|faint|p2a: Ninetales\n|\n|upkeep\n|\n|t:|1699737448\n|switch|p2a: Baxcalibur|Baxcalibur, M|100\/100\n|-damage|p2a: Baxcalibur|76\/100|[from] Stealth Rock\n|turn|34\n|\n|t:|1699737469\n|switch|p1a: Ninetales|Ninetales-Alola, M|36\/100\n|-weather|Snow|[from] ability: Snow Warning|[of] p1a: Ninetales\n|move|p2a: Baxcalibur|Earthquake|p1a: Ninetales\n|-damage|p1a: Ninetales|4\/100\n|\n|-weather|Snow|[upkeep]\n|upkeep\n|turn|35\n|\n|t:|1699737478\n|move|p1a: Ninetales|Aurora Veil|p1a: Ninetales\n|-sidestart|p1: IspamObjection|move: Aurora Veil\n|move|p2a: Baxcalibur|Dragon Dance|p2a: Baxcalibur\n|-boost|p2a: Baxcalibur|atk|1\n|-boost|p2a: Baxcalibur|spe|1\n|\n|-weather|Snow|[upkeep]\n|upkeep\n|turn|36\n|\n|t:|1699737484\n|move|p2a: Baxcalibur|Earthquake|p1a: Ninetales\n|-damage|p1a: Ninetales|0 fnt\n|faint|p1a: Ninetales\n|\n|-weather|Snow|[upkeep]\n|upkeep\n|\n|t:|1699737501\n|switch|p1a: Chi-Yu|Chi-Yu|100\/100\n|-ability|p1a: Chi-Yu|Beads of Ruin\n|turn|37\n|\n|t:|1699737514\n|move|p1a: Chi-Yu|Fire Blast|p2a: Baxcalibur\n|-damage|p2a: Baxcalibur|0 fnt\n|faint|p2a: Baxcalibur\n|\n|-weather|Snow|[upkeep]\n|upkeep\n|\n|t:|1699737517\n|switch|p2a: Espathra|Espathra, F|100\/100\n|-damage|p2a: Espathra|88\/100|[from] Stealth Rock\n|turn|38\n|\n|t:|1699737522\n|move|p1a: Chi-Yu|Fire Blast|p2a: Espathra\n|-damage|p2a: Espathra|0 fnt\n|faint|p2a: Espathra\n|\n|-weather|none\n|upkeep\n|\n|t:|1699737525\n|switch|p2a: Volcarona|Volcarona, M|100\/100\n|turn|39\n|\n|t:|1699737532\n|move|p1a: Chi-Yu|Fire Blast|p2a: Volcarona\n|-damage|p2a: Volcarona|7\/100\n|move|p2a: Volcarona|Quiver Dance|p2a: Volcarona\n|-boost|p2a: Volcarona|spa|1\n|-boost|p2a: Volcarona|spd|1\n|-boost|p2a: Volcarona|spe|1\n|\n|upkeep\n|turn|40\n|\n|t:|1699737537\n|move|p2a: Volcarona|Bug Buzz|p1a: Chi-Yu\n|-damage|p1a: Chi-Yu|53\/100\n|move|p1a: Chi-Yu|Fire Blast|p2a: Volcarona\n|-damage|p2a: Volcarona|0 fnt\n|faint|p2a: Volcarona\n|\n|win|IspamObjection\n|l|\u2606aiyalexei\n|c|\u2606IspamObjection|phew\n","uploadtime":1699737545,"views":23,"p1id":"ispamobjection","p2id":"aiyalexei","formatid":"gen9ubers","rating":0,"private":0,"password":""}