{"id":"gen9ubers-2000030537","p1":"inferno498585","p2":"LITLE0","format":"[Gen 9] Ubers","log":"|j|\u2606inferno498585\n|j|\u2606LITLE0\n|t:|1701143395\n|gametype|singles\n|player|p1|inferno498585|1|1118\n|player|p2|LITLE0|brock|1182\n|teamsize|p1|6\n|teamsize|p2|6\n|gen|9\n|tier|[Gen 9] Ubers\n|rated|\n|rule|Sleep Clause Mod: Limit one foe put to sleep\n|rule|Species Clause: Limit one of each Pok\u00e9mon\n|rule|OHKO Clause: OHKO moves are banned\n|rule|Evasion Items Clause: Evasion items are banned\n|rule|Evasion Moves Clause: Evasion moves are banned\n|rule|Endless Battle Clause: Forcing endless battles is banned\n|rule|HP Percentage Mod: HP is shown in percentages\n|clearpoke\n|poke|p1|Rillaboom, F|\n|poke|p1|Garganacl, M|\n|poke|p1|Sneasler, F|\n|poke|p1|Iron Valiant|\n|poke|p1|Quagsire, M|\n|poke|p1|Cinderace, M|\n|poke|p2|Baxcalibur, M|\n|poke|p2|Corviknight, M|\n|poke|p2|Clodsire, M|\n|poke|p2|Ninetales-Alola, F|\n|poke|p2|Palafin, M|\n|poke|p2|Sinistcha|\n|teampreview\n|inactive|Battle timer is ON: inactive players will automatically lose when time's up. (requested by inferno498585)\n|\n|t:|1701143410\n|start\n|switch|p1a: Cinderace|Cinderace, M|100\/100\n|switch|p2a: Palafin|Palafin, M|100\/100\n|turn|1\n|\n|t:|1701143421\n|move|p1a: Cinderace|U-turn|p2a: Palafin\n|-damage|p2a: Palafin|72\/100\n|\n|t:|1701143428\n|switch|p1a: Rillaboom|Rillaboom, F|100\/100|[from] U-turn\n|-fieldstart|move: Grassy Terrain|[from] ability: Grassy Surge|[of] p1a: Rillaboom\n|move|p2a: Palafin|Flip Turn|p1a: Rillaboom\n|-resisted|p1a: Rillaboom\n|-damage|p1a: Rillaboom|87\/100\n|\n|t:|1701143437\n|detailschange|p2a: Palafin|Palafin-Hero, M\n|switch|p2a: Ninetales|Ninetales-Alola, F|100\/100|[from] Flip Turn\n|-weather|Snow|[from] ability: Snow Warning|[of] p2a: Ninetales\n|\n|-weather|Snow|[upkeep]\n|-heal|p1a: Rillaboom|93\/100|[from] Grassy Terrain\n|upkeep\n|turn|2\n|\n|t:|1701143448\n|move|p2a: Ninetales|Aurora Veil|p2a: Ninetales\n|-sidestart|p2: LITLE0|move: Aurora Veil\n|move|p1a: Rillaboom|Leech Seed|p2a: Ninetales\n|-start|p2a: Ninetales|move: Leech Seed\n|\n|-weather|Snow|[upkeep]\n|-heal|p1a: Rillaboom|99\/100|[from] Grassy Terrain\n|-damage|p2a: Ninetales|88\/100|[from] Leech Seed|[of] p1a: Rillaboom\n|-heal|p1a: Rillaboom|100\/100|[silent]\n|upkeep\n|turn|3\n|\n|t:|1701143458\n|switch|p2a: Baxcalibur|Baxcalibur, M|100\/100\n|switch|p1a: Garganacl|Garganacl, M|100\/100\n|\n|-weather|Snow|[upkeep]\n|upkeep\n|turn|4\n|\n|t:|1701143470\n|switch|p2a: Sinistcha|Sinistcha|100\/100\n|move|p1a: Garganacl|Salt Cure|p2a: Sinistcha\n|-damage|p2a: Sinistcha|92\/100\n|\n|-weather|Snow|[upkeep]\n|-heal|p2a: Sinistcha|98\/100|[from] Grassy Terrain\n|upkeep\n|turn|5\n|\n|t:|1701143482\n|switch|p1a: Cinderace|Cinderace, M|100\/100\n|move|p2a: Sinistcha|Matcha Gotcha|p1a: Cinderace\n|-resisted|p1a: Cinderace\n|-damage|p1a: Cinderace|67\/100\n|-heal|p2a: Sinistcha|100\/100|[from] drain|[of] p1a: Cinderace\n|\n|-weather|none\n|-heal|p1a: Cinderace|74\/100|[from] Grassy Terrain\n|-fieldend|move: Grassy Terrain\n|upkeep\n|turn|6\n|\n|t:|1701143500\n|switch|p2a: Clodsire|Clodsire, M|100\/100\n|move|p1a: Cinderace|Pyro Ball|p2a: Clodsire\n|-damage|p2a: Clodsire|70\/100\n|\n|-heal|p2a: Clodsire|76\/100|[from] item: Leftovers\n|upkeep\n|turn|7\n|\n|t:|1701143516\n|switch|p1a: Quagsire|Quagsire, M|100\/100\n|move|p2a: Clodsire|Toxic|p1a: Quagsire\n|-status|p1a: Quagsire|tox\n|\n|-heal|p2a: Clodsire|83\/100|[from] item: Leftovers\n|-damage|p1a: Quagsire|94\/100 tox|[from] psn\n|upkeep\n|turn|8\n|\n|t:|1701143525\n|switch|p2a: Sinistcha|Sinistcha|100\/100\n|move|p1a: Quagsire|Earthquake|p2a: Sinistcha\n|-resisted|p2a: Sinistcha\n|-damage|p2a: Sinistcha|91\/100\n|\n|-damage|p1a: Quagsire|82\/100 tox|[from] psn\n|upkeep\n|turn|9\n|\n|t:|1701143540\n|switch|p1a: Rillaboom|Rillaboom, F|100\/100\n|-fieldstart|move: Grassy Terrain|[from] ability: Grassy Surge|[of] p1a: Rillaboom\n|move|p2a: Sinistcha|Scald|p1a: Rillaboom\n|-resisted|p1a: Rillaboom\n|-damage|p1a: Rillaboom|88\/100\n|\n|-heal|p2a: Sinistcha|97\/100|[from] Grassy Terrain\n|-heal|p1a: Rillaboom|94\/100|[from] Grassy Terrain\n|-sideend|p2: LITLE0|move: Aurora Veil\n|upkeep\n|turn|10\n|\n|t:|1701143551\n|switch|p2a: Ninetales|Ninetales-Alola, F|88\/100\n|-weather|Snow|[from] ability: Snow Warning|[of] p2a: Ninetales\n|switch|p1a: Cinderace|Cinderace, M|74\/100\n|\n|-weather|Snow|[upkeep]\n|-heal|p2a: Ninetales|94\/100|[from] Grassy Terrain\n|-heal|p1a: Cinderace|80\/100|[from] Grassy Terrain\n|upkeep\n|turn|11\n|\n|t:|1701143561\n|switch|p2a: Baxcalibur|Baxcalibur, M|100\/100\n|move|p1a: Cinderace|Pyro Ball|p2a: Baxcalibur\n|-damage|p2a: Baxcalibur|68\/100\n|-ability|p2a: Baxcalibur|Thermal Exchange|boost\n|-boost|p2a: Baxcalibur|atk|1\n|\n|-weather|Snow|[upkeep]\n|-heal|p1a: Cinderace|86\/100|[from] Grassy Terrain\n|-heal|p2a: Baxcalibur|74\/100|[from] Grassy Terrain\n|upkeep\n|turn|12\n|\n|t:|1701143589\n|switch|p1a: Quagsire|Quagsire, M|82\/100 tox\n|move|p2a: Baxcalibur|Scale Shot|p1a: Quagsire\n|-damage|p1a: Quagsire|69\/100 tox\n|-damage|p1a: Quagsire|56\/100 tox\n|-damage|p1a: Quagsire|44\/100 tox\n|-damage|p1a: Quagsire|32\/100 tox\n|-damage|p1a: Quagsire|20\/100 tox\n|-hitcount|p1a: Quagsire|5\n|-unboost|p2a: Baxcalibur|def|1\n|-boost|p2a: Baxcalibur|spe|1\n|\n|-weather|Snow|[upkeep]\n|-heal|p2a: Baxcalibur|81\/100|[from] Grassy Terrain\n|-heal|p1a: Quagsire|26\/100 tox|[from] Grassy Terrain\n|-damage|p1a: Quagsire|20\/100 tox|[from] psn\n|upkeep\n|turn|13\n|inactive|inferno498585 has 120 seconds left.\n|\n|t:|1701143610\n|move|p2a: Baxcalibur|Scale Shot|p1a: Quagsire\n|-damage|p1a: Quagsire|7\/100 tox\n|-damage|p1a: Quagsire|0 fnt\n|faint|p1a: Quagsire\n|-hitcount|p1: Quagsire|2\n|-unboost|p2a: Baxcalibur|def|1\n|-boost|p2a: Baxcalibur|spe|1\n|\n|-weather|Snow|[upkeep]\n|-heal|p2a: Baxcalibur|87\/100|[from] Grassy Terrain\n|-fieldend|move: Grassy Terrain\n|upkeep\n|inactive|inferno498585 has 90 seconds left.\n|\n|t:|1701143642\n|switch|p1a: Sneasler|Sneasler, F|100\/100\n|turn|14\n|\n|t:|1701143648\n|move|p1a: Sneasler|Fake Out|p2a: Baxcalibur\n|-damage|p2a: Baxcalibur|71\/100\n|-status|p2a: Baxcalibur|psn|[from] ability: Poison Touch|[of] p1a: Sneasler\n|cant|p2a: Baxcalibur|flinch\n|\n|-weather|none\n|-damage|p2a: Baxcalibur|59\/100 psn|[from] psn\n|upkeep\n|turn|15\n|\n|t:|1701143663\n|move|p2a: Baxcalibur|Earthquake|p1a: Sneasler\n|-supereffective|p1a: Sneasler\n|-damage|p1a: Sneasler|0 fnt\n|faint|p1a: Sneasler\n|\n|-damage|p2a: Baxcalibur|46\/100 psn|[from] psn\n|upkeep\n|inactive|inferno498585 has 90 seconds left.\n|\n|t:|1701143689\n|switch|p1a: Iron Valiant|Iron Valiant|100\/100\n|-enditem|p1a: Iron Valiant|Booster Energy\n|-activate|p1a: Iron Valiant|ability: Quark Drive|[fromitem]\n|-start|p1a: Iron Valiant|quarkdrivespe\n|turn|16\n|\n|t:|1701143710\n|move|p2a: Baxcalibur|Icicle Spear|p1a: Iron Valiant\n|-crit|p1a: Iron Valiant\n|-damage|p1a: Iron Valiant|67\/100\n|-damage|p1a: Iron Valiant|44\/100\n|-damage|p1a: Iron Valiant|20\/100\n|-damage|p1a: Iron Valiant|0 fnt\n|faint|p1a: Iron Valiant\n|-end|p1a: Iron Valiant|Quark Drive|[silent]\n|-hitcount|p1: Iron Valiant|4\n|\n|-damage|p2a: Baxcalibur|34\/100 psn|[from] psn\n|upkeep\n|inactive|inferno498585 has 60 seconds left.\n|\n|t:|1701143723\n|switch|p1a: Cinderace|Cinderace, M|86\/100\n|turn|17\n|\n|t:|1701143728\n|move|p1a: Cinderace|Sucker Punch|p2a: Baxcalibur\n|-damage|p2a: Baxcalibur|0 fnt\n|faint|p2a: Baxcalibur\n|\n|upkeep\n|\n|t:|1701143732\n|switch|p2a: Palafin|Palafin-Hero, M|72\/100\n|-activate|p2a: Palafin|ability: Zero to Hero\n|turn|18\n|\n|t:|1701143738\n|switch|p1a: Rillaboom|Rillaboom, F|94\/100\n|-fieldstart|move: Grassy Terrain|[from] ability: Grassy Surge|[of] p1a: Rillaboom\n|move|p2a: Palafin|Flip Turn|p1a: Rillaboom\n|-resisted|p1a: Rillaboom\n|-crit|p1a: Rillaboom\n|-damage|p1a: Rillaboom|60\/100\n|\n|t:|1701143745\n|switch|p2a: Ninetales|Ninetales-Alola, F|94\/100|[from] Flip Turn\n|-weather|Snow|[from] ability: Snow Warning|[of] p2a: Ninetales\n|\n|-weather|Snow|[upkeep]\n|-heal|p2a: Ninetales|99\/100|[from] Grassy Terrain\n|-heal|p1a: Rillaboom|67\/100|[from] Grassy Terrain\n|upkeep\n|turn|19\n|inactive|inferno498585 has 90 seconds left.\n|\n|t:|1701143762\n|move|p2a: Ninetales|Aurora Veil|p2a: Ninetales\n|-sidestart|p2: LITLE0|move: Aurora Veil\n|move|p1a: Rillaboom|Leech Seed|p2a: Ninetales\n|-start|p2a: Ninetales|move: Leech Seed\n|\n|-weather|Snow|[upkeep]\n|-heal|p2a: Ninetales|100\/100|[from] Grassy Terrain\n|-heal|p1a: Rillaboom|73\/100|[from] Grassy Terrain\n|-damage|p2a: Ninetales|88\/100|[from] Leech Seed|[of] p1a: Rillaboom\n|-heal|p1a: Rillaboom|82\/100|[silent]\n|upkeep\n|turn|20\n|\n|t:|1701143770\n|switch|p2a: Palafin|Palafin-Hero, M|72\/100\n|switch|p1a: Garganacl|Garganacl, M|100\/100\n|\n|-weather|Snow|[upkeep]\n|-heal|p2a: Palafin|78\/100|[from] Grassy Terrain\n|upkeep\n|turn|21\n|inactive|inferno498585 has 90 seconds left.\n|\n|t:|1701143793\n|-terastallize|p2a: Palafin|Water\n|-terastallize|p1a: Garganacl|Grass\n|move|p2a: Palafin|Wave Crash|p1a: Garganacl\n|-resisted|p1a: Garganacl\n|-damage|p1a: Garganacl|45\/100\n|-damage|p2a: Palafin|58\/100|[from] Recoil\n|move|p1a: Garganacl|Salt Cure|p2a: Palafin\n|-damage|p2a: Palafin|51\/100\n|-start|p2a: Palafin|Salt Cure\n|\n|-weather|Snow|[upkeep]\n|-heal|p2a: Palafin|57\/100|[from] Grassy Terrain\n|-heal|p1a: Garganacl|52\/100|[from] Grassy Terrain\n|-heal|p1a: Garganacl|58\/100|[from] item: Leftovers\n|-damage|p2a: Palafin|32\/100|[from] Salt Cure\n|upkeep\n|turn|22\n|inactive|inferno498585 has 90 seconds left.\n|\n|t:|1701143811\n|move|p2a: Palafin|Wave Crash|p1a: Garganacl\n|-resisted|p1a: Garganacl\n|-damage|p1a: Garganacl|6\/100\n|-damage|p2a: Palafin|13\/100|[from] Recoil\n|move|p1a: Garganacl|Recover|p1a: Garganacl\n|-heal|p1a: Garganacl|56\/100\n|\n|-weather|none\n|-heal|p2a: Palafin|19\/100|[from] Grassy Terrain\n|-heal|p1a: Garganacl|62\/100|[from] Grassy Terrain\n|-heal|p1a: Garganacl|68\/100|[from] item: Leftovers\n|-damage|p2a: Palafin|0 fnt|[from] Salt Cure\n|faint|p2a: Palafin\n|-fieldend|move: Grassy Terrain\n|upkeep\n|\n|t:|1701143816\n|switch|p2a: Ninetales|Ninetales-Alola, F|88\/100\n|-weather|Snow|[from] ability: Snow Warning|[of] p2a: Ninetales\n|turn|23\n|inactive|inferno498585 has 90 seconds left.\n|\n|t:|1701143826\n|move|p2a: Ninetales|Blizzard|p1a: Garganacl\n|-supereffective|p1a: Garganacl\n|-damage|p1a: Garganacl|3\/100\n|move|p1a: Garganacl|Salt Cure|p2a: Ninetales\n|-supereffective|p2a: Ninetales\n|-damage|p2a: Ninetales|73\/100\n|-start|p2a: Ninetales|Salt Cure\n|\n|-weather|Snow|[upkeep]\n|-heal|p1a: Garganacl|9\/100|[from] item: Leftovers\n|-damage|p2a: Ninetales|61\/100|[from] Salt Cure\n|upkeep\n|turn|24\n|inactive|inferno498585 has 90 seconds left.\n|\n|t:|1701143841\n|move|p2a: Ninetales|Blizzard|p1a: Garganacl\n|-supereffective|p1a: Garganacl\n|-damage|p1a: Garganacl|0 fnt\n|faint|p1a: Garganacl\n|\n|-weather|Snow|[upkeep]\n|-damage|p2a: Ninetales|49\/100|[from] Salt Cure\n|upkeep\n|inactive|inferno498585 has 90 seconds left.\n|\n|t:|1701143847\n|switch|p1a: Cinderace|Cinderace, M|86\/100\n|turn|25\n|\n|t:|1701143852\n|switch|p2a: Clodsire|Clodsire, M|83\/100\n|move|p1a: Cinderace|Pyro Ball|p2a: Clodsire\n|-damage|p2a: Clodsire|55\/100\n|\n|-weather|Snow|[upkeep]\n|-heal|p2a: Clodsire|61\/100|[from] item: Leftovers\n|upkeep\n|turn|26\n|\n|t:|1701143868\n|switch|p1a: Rillaboom|Rillaboom, F|82\/100\n|-fieldstart|move: Grassy Terrain|[from] ability: Grassy Surge|[of] p1a: Rillaboom\n|move|p2a: Clodsire|Toxic|p1a: Rillaboom\n|-status|p1a: Rillaboom|tox\n|\n|-weather|Snow|[upkeep]\n|-heal|p1a: Rillaboom|88\/100 tox|[from] Grassy Terrain\n|-heal|p2a: Clodsire|67\/100|[from] Grassy Terrain\n|-heal|p2a: Clodsire|74\/100|[from] item: Leftovers\n|-damage|p1a: Rillaboom|82\/100 tox|[from] psn\n|-sideend|p2: LITLE0|move: Aurora Veil\n|upkeep\n|turn|27\n|\n|t:|1701143883\n|switch|p2a: Sinistcha|Sinistcha|97\/100\n|move|p1a: Rillaboom|Leech Seed|p2a: Sinistcha\n|-immune|p2a: Sinistcha\n|\n|-weather|none\n|-heal|p2a: Sinistcha|100\/100|[from] Grassy Terrain\n|-heal|p1a: Rillaboom|88\/100 tox|[from] Grassy Terrain\n|-damage|p1a: Rillaboom|76\/100 tox|[from] psn\n|upkeep\n|turn|28\n|\n|t:|1701143895\n|move|p2a: Sinistcha|Hex|p1a: Rillaboom\n|-damage|p1a: Rillaboom|15\/100 tox\n|-enditem|p1a: Rillaboom|Aguav Berry|[eat]\n|-heal|p1a: Rillaboom|49\/100 tox|[from] item: Aguav Berry\n|move|p1a: Rillaboom|Wood Hammer|p2a: Sinistcha\n|-resisted|p2a: Sinistcha\n|-damage|p2a: Sinistcha|62\/100\n|-damage|p1a: Rillaboom|39\/100 tox|[from] Recoil\n|\n|-heal|p2a: Sinistcha|68\/100|[from] Grassy Terrain\n|-heal|p1a: Rillaboom|45\/100 tox|[from] Grassy Terrain\n|-damage|p1a: Rillaboom|26\/100 tox|[from] psn\n|upkeep\n|turn|29\n|\n|t:|1701143910\n|move|p2a: Sinistcha|Strength Sap|p1a: Rillaboom\n|-unboost|p1a: Rillaboom|atk|1\n|-heal|p2a: Sinistcha|100\/100\n|move|p1a: Rillaboom|Wood Hammer|p2a: Sinistcha\n|-resisted|p2a: Sinistcha\n|-damage|p2a: Sinistcha|76\/100\n|-damage|p1a: Rillaboom|20\/100 tox|[from] Recoil\n|\n|-heal|p2a: Sinistcha|82\/100|[from] Grassy Terrain\n|-heal|p1a: Rillaboom|26\/100 tox|[from] Grassy Terrain\n|-damage|p1a: Rillaboom|2\/100 tox|[from] psn\n|upkeep\n|turn|30\n|inactive|inferno498585 has 90 seconds left.\n|\n|t:|1701143927\n|switch|p2a: Corviknight|Corviknight, M|100\/100\n|move|p1a: Rillaboom|Grassy Glide|p2a: Corviknight\n|-resisted|p2a: Corviknight\n|-damage|p2a: Corviknight|97\/100\n|\n|-heal|p1a: Rillaboom|8\/100 tox|[from] Grassy Terrain\n|-heal|p2a: Corviknight|100\/100|[from] item: Leftovers\n|-damage|p1a: Rillaboom|0 fnt|[from] psn\n|faint|p1a: Rillaboom\n|-fieldend|move: Grassy Terrain\n|upkeep\n|inactive|inferno498585 has 90 seconds left.\n|\n|t:|1701143937\n|switch|p1a: Cinderace|Cinderace, M|86\/100\n|turn|31\n|\n|t:|1701143948\n|move|p1a: Cinderace|Pyro Ball|p2a: Corviknight\n|-supereffective|p2a: Corviknight\n|-damage|p2a: Corviknight|40\/100\n|move|p2a: Corviknight|Brave Bird|p1a: Cinderace\n|-damage|p1a: Cinderace|45\/100\n|-damage|p2a: Corviknight|29\/100|[from] Recoil\n|\n|-heal|p2a: Corviknight|35\/100|[from] item: Leftovers\n|upkeep\n|turn|32\n|\n|t:|1701143957\n|move|p1a: Cinderace|Pyro Ball|p2a: Corviknight\n|-supereffective|p2a: Corviknight\n|-damage|p2a: Corviknight|0 fnt\n|faint|p2a: Corviknight\n|\n|upkeep\n|\n|t:|1701143960\n|switch|p2a: Sinistcha|Sinistcha|82\/100\n|turn|33\n|\n|t:|1701143964\n|move|p1a: Cinderace|Pyro Ball|p2a: Sinistcha\n|-supereffective|p2a: Sinistcha\n|-damage|p2a: Sinistcha|25\/100\n|move|p2a: Sinistcha|Scald|p1a: Cinderace\n|-supereffective|p1a: Cinderace\n|-damage|p1a: Cinderace|0 fnt\n|faint|p1a: Cinderace\n|\n|win|LITLE0\n|raw|inferno498585's rating: 1118 &rarr; <strong>1098<\/strong><br \/>(-20 for losing)\n|raw|LITLE0's rating: 1182 &rarr; <strong>1202<\/strong><br \/>(+20 for winning)\n|l|\u2606inferno498585\n","uploadtime":1701143972,"views":1,"p1id":"inferno498585","p2id":"litle0","formatid":"gen9ubers","rating":1098,"private":0,"password":""}