{"id":"gen9ubers-1991013250","p1":"Le poke fever","p2":"sleepcooling","format":"[Gen 9] Ubers","log":"|j|\u2606Le poke fever\n|j|\u2606sleepcooling\n|t:|1700027960\n|gametype|singles\n|player|p1|Le poke fever|ballguy|1321\n|player|p2|sleepcooling|twins-gen4dp|1370\n|teamsize|p1|6\n|teamsize|p2|6\n|gen|9\n|tier|[Gen 9] Ubers\n|rated|\n|rule|Sleep Clause Mod: Limit one foe put to sleep\n|rule|Species Clause: Limit one of each Pok\u00e9mon\n|rule|OHKO Clause: OHKO moves are banned\n|rule|Evasion Items Clause: Evasion items are banned\n|rule|Evasion Moves Clause: Evasion moves are banned\n|rule|Endless Battle Clause: Forcing endless battles is banned\n|rule|HP Percentage Mod: HP is shown in percentages\n|clearpoke\n|poke|p1|Koraidon|\n|poke|p1|Flutter Mane|\n|poke|p1|Iron Treads|\n|poke|p1|Ting-Lu|\n|poke|p1|Miraidon|\n|poke|p1|Espathra, F|\n|poke|p2|Iron Bundle|\n|poke|p2|Kyogre|\n|poke|p2|Barraskewda, F|\n|poke|p2|Arceus-Ground|\n|poke|p2|Eternatus|\n|poke|p2|Flutter Mane|\n|teampreview\n|inactive|Battle timer is ON: inactive players will automatically lose when time's up. (requested by Le poke fever)\n|\n|t:|1700027971\n|start\n|switch|p1a: Ting-Lu|Ting-Lu|100\/100\n|switch|p2a: Kyogre|Kyogre|100\/100\n|-weather|RainDance|[from] ability: Drizzle|[of] p2a: Kyogre\n|-ability|p1a: Ting-Lu|Vessel of Ruin\n|turn|1\n|\n|t:|1700027975\n|move|p2a: Kyogre|Ice Beam|p1a: Ting-Lu\n|-supereffective|p1a: Ting-Lu\n|-damage|p1a: Ting-Lu|69\/100\n|move|p1a: Ting-Lu|Stealth Rock|p2a: Kyogre\n|-sidestart|p2: sleepcooling|move: Stealth Rock\n|\n|-weather|RainDance|[upkeep]\n|-heal|p1a: Ting-Lu|76\/100|[from] item: Leftovers\n|upkeep\n|turn|2\n|\n|t:|1700027983\n|move|p2a: Kyogre|Ice Beam|p1a: Ting-Lu\n|-supereffective|p1a: Ting-Lu\n|-damage|p1a: Ting-Lu|43\/100\n|move|p1a: Ting-Lu|Spikes|p2a: Kyogre\n|-sidestart|p2: sleepcooling|Spikes\n|\n|-weather|RainDance|[upkeep]\n|-heal|p1a: Ting-Lu|49\/100|[from] item: Leftovers\n|upkeep\n|turn|3\n|\n|t:|1700027987\n|move|p2a: Kyogre|Ice Beam|p1a: Ting-Lu\n|-supereffective|p1a: Ting-Lu\n|-damage|p1a: Ting-Lu|17\/100\n|-status|p1a: Ting-Lu|frz\n|-curestatus|p1a: Ting-Lu|frz|[msg]\n|move|p1a: Ting-Lu|Spikes|p2a: Kyogre\n|-sidestart|p2: sleepcooling|Spikes\n|\n|-weather|RainDance|[upkeep]\n|-heal|p1a: Ting-Lu|23\/100|[from] item: Leftovers\n|upkeep\n|turn|4\n|\n|t:|1700027990\n|move|p2a: Kyogre|Ice Beam|p1a: Ting-Lu\n|-supereffective|p1a: Ting-Lu\n|-damage|p1a: Ting-Lu|0 fnt\n|faint|p1a: Ting-Lu\n|\n|-weather|RainDance|[upkeep]\n|upkeep\n|\n|t:|1700027994\n|switch|p1a: Koraidon|Koraidon|100\/100\n|-weather|SunnyDay|[from] ability: Orichalcum Pulse|[of] p1a: Koraidon\n|-activate|p1a: Koraidon|Orichalcum Pulse|[source]\n|turn|5\n|\n|t:|1700027997\n|-terastallize|p1a: Koraidon|Fire\n|move|p2a: Kyogre|Ice Beam|p1a: Koraidon\n|-resisted|p1a: Koraidon\n|-crit|p1a: Koraidon\n|-damage|p1a: Koraidon|73\/100\n|move|p1a: Koraidon|Swords Dance|p1a: Koraidon\n|-boost|p1a: Koraidon|atk|2\n|\n|-weather|SunnyDay|[upkeep]\n|upkeep\n|turn|6\n|\n|t:|1700028015\n|switch|p2a: Eternatus|Eternatus|100\/100\n|-damage|p2a: Eternatus|88\/100|[from] Stealth Rock\n|-damage|p2a: Eternatus|72\/100|[from] Spikes\n|-ability|p2a: Eternatus|Pressure\n|move|p1a: Koraidon|Scale Shot|p2a: Eternatus\n|-supereffective|p2a: Eternatus\n|-enditem|p2a: Eternatus|Haban Berry|[eat]\n|-enditem|p2a: Eternatus|Haban Berry|[weaken]\n|-damage|p2a: Eternatus|40\/100\n|-supereffective|p2a: Eternatus\n|-damage|p2a: Eternatus|0 fnt\n|faint|p2a: Eternatus\n|-hitcount|p2: Eternatus|2\n|-unboost|p1a: Koraidon|def|1\n|-boost|p1a: Koraidon|spe|1\n|\n|-weather|SunnyDay|[upkeep]\n|upkeep\n|\n|t:|1700028032\n|switch|p2a: \u5076\u50cf\u53d1\u53d1|Flutter Mane|100\/100\n|-damage|p2a: \u5076\u50cf\u53d1\u53d1|88\/100|[from] Stealth Rock\n|-damage|p2a: \u5076\u50cf\u53d1\u53d1|72\/100|[from] Spikes\n|-activate|p2a: \u5076\u50cf\u53d1\u53d1|ability: Protosynthesis\n|-start|p2a: \u5076\u50cf\u53d1\u53d1|protosynthesisspe\n|turn|7\n|\n|t:|1700028036\n|move|p2a: \u5076\u50cf\u53d1\u53d1|Shadow Ball|p1a: Koraidon\n|-damage|p1a: Koraidon|14\/100\n|-damage|p2a: \u5076\u50cf\u53d1\u53d1|62\/100|[from] item: Life Orb\n|move|p1a: Koraidon|Flare Blitz|p2a: \u5076\u50cf\u53d1\u53d1\n|-damage|p2a: \u5076\u50cf\u53d1\u53d1|0 fnt\n|faint|p2a: \u5076\u50cf\u53d1\u53d1\n|-end|p2a: \u5076\u50cf\u53d1\u53d1|Protosynthesis|[silent]\n|-damage|p1a: Koraidon|0 fnt|[from] Recoil\n|faint|p1a: Koraidon\n|\n|-weather|SunnyDay|[upkeep]\n|upkeep\n|\n|t:|1700028044\n|switch|p1a: Flutter Mane|Flutter Mane|100\/100\n|switch|p2a: Kyogre|Kyogre|100\/100\n|-damage|p2a: Kyogre|88\/100|[from] Stealth Rock\n|-damage|p2a: Kyogre|72\/100|[from] Spikes\n|-weather|RainDance|[from] ability: Drizzle|[of] p2a: Kyogre\n|turn|8\n|\n|t:|1700028057\n|move|p2a: Kyogre|Origin Pulse|p1a: Flutter Mane\n|-damage|p1a: Flutter Mane|0 fnt\n|faint|p1a: Flutter Mane\n|-end|p1a: Flutter Mane|Protosynthesis|[silent]\n|\n|-weather|RainDance|[upkeep]\n|upkeep\n|\n|t:|1700028062\n|switch|p1a: Miraidon|Miraidon|100\/100\n|-fieldstart|move: Electric Terrain|[from] ability: Hadron Engine|[of] p1a: Miraidon\n|turn|9\n|\n|t:|1700028072\n|-terastallize|p2a: Kyogre|Ground\n|move|p2a: Kyogre|Origin Pulse|p1a: Miraidon\n|-resisted|p1a: Miraidon\n|-damage|p1a: Miraidon|56\/100\n|move|p1a: Miraidon|Substitute|p1a: Miraidon\n|-start|p1a: Miraidon|Substitute\n|-damage|p1a: Miraidon|31\/100\n|\n|-weather|RainDance|[upkeep]\n|upkeep\n|turn|10\n|\n|t:|1700028079\n|move|p2a: Kyogre|Origin Pulse|p1a: Miraidon\n|-resisted|p1a: Miraidon\n|-end|p1a: Miraidon|Substitute\n|move|p1a: Miraidon|Draco Meteor|p2a: Kyogre|[miss]\n|-miss|p1a: Miraidon|p2a: Kyogre\n|\n|-weather|RainDance|[upkeep]\n|upkeep\n|turn|11\n|\n|t:|1700028086\n|move|p2a: Kyogre|Origin Pulse|p1a: Miraidon\n|-resisted|p1a: Miraidon\n|-damage|p1a: Miraidon|0 fnt\n|faint|p1a: Miraidon\n|\n|-weather|RainDance|[upkeep]\n|upkeep\n|\n|t:|1700028095\n|switch|p1a: Espathra|Espathra, F|100\/100\n|-enditem|p1a: Espathra|Electric Seed\n|-boost|p1a: Espathra|def|1|[from] item: Electric Seed\n|turn|12\n|\n|t:|1700028101\n|switch|p2a: Arceus|Arceus-Ground|100\/100\n|-damage|p2a: Arceus|94\/100|[from] Stealth Rock\n|-damage|p2a: Arceus|78\/100|[from] Spikes\n|move|p1a: Espathra|Protect||[still]\n|-fail|p1a: Espathra\n|\n|-weather|none\n|-ability|p1a: Espathra|Speed Boost|boost\n|-boost|p1a: Espathra|spe|1\n|upkeep\n|turn|13\n|\n|t:|1700028114\n|move|p1a: Espathra|Calm Mind|p1a: Espathra\n|-boost|p1a: Espathra|spa|1\n|-boost|p1a: Espathra|spd|1\n|move|p2a: Arceus|Dragon Dance|p2a: Arceus\n|-boost|p2a: Arceus|atk|1\n|-boost|p2a: Arceus|spe|1\n|\n|-fieldend|move: Electric Terrain\n|-ability|p1a: Espathra|Speed Boost|boost\n|-boost|p1a: Espathra|spe|1\n|upkeep\n|turn|14\n|\n|t:|1700028118\n|move|p2a: Arceus|Earthquake|p1a: Espathra\n|-damage|p1a: Espathra|43\/100\n|move|p1a: Espathra|Calm Mind|p1a: Espathra\n|-boost|p1a: Espathra|spa|1\n|-boost|p1a: Espathra|spd|1\n|\n|-ability|p1a: Espathra|Speed Boost|boost\n|-boost|p1a: Espathra|spe|1\n|upkeep\n|turn|15\n|\n|t:|1700028125\n|move|p1a: Espathra|Protect|p1a: Espathra\n|-singleturn|p1a: Espathra|Protect\n|move|p2a: Arceus|Dragon Dance|p2a: Arceus\n|-boost|p2a: Arceus|atk|1\n|-boost|p2a: Arceus|spe|1\n|\n|-ability|p1a: Espathra|Speed Boost|boost\n|-boost|p1a: Espathra|spe|1\n|upkeep\n|turn|16\n|\n|t:|1700028127\n|move|p2a: Arceus|Extreme Speed|p1a: Espathra\n|-damage|p1a: Espathra|10\/100\n|move|p1a: Espathra|Stored Power|p2a: Arceus\n|-damage|p2a: Arceus|0 fnt\n|faint|p2a: Arceus\n|\n|-ability|p1a: Espathra|Speed Boost|boost\n|-boost|p1a: Espathra|spe|1\n|upkeep\n|\n|t:|1700028136\n|switch|p2a: Barraskewda|Barraskewda, F|100\/100\n|-damage|p2a: Barraskewda|88\/100|[from] Stealth Rock\n|-damage|p2a: Barraskewda|72\/100|[from] Spikes\n|turn|17\n|\n|t:|1700028140\n|move|p2a: Barraskewda|Aqua Jet|p1a: Espathra\n|-damage|p1a: Espathra|0 fnt\n|faint|p1a: Espathra\n|-damage|p2a: Barraskewda|62\/100|[from] item: Life Orb\n|\n|upkeep\n|-message|Le poke fever forfeited.\n|\n|win|sleepcooling\n|raw|Le poke fever's rating: 1321 &rarr; <strong>1304<\/strong><br \/>(-17 for losing)\n|raw|sleepcooling's rating: 1370 &rarr; <strong>1387<\/strong><br \/>(+17 for winning)\n|l|\u2606Le poke fever\n","uploadtime":1700028439,"views":5,"p1id":"lepokefever","p2id":"sleepcooling","formatid":"gen9ubers","rating":1304,"private":0,"password":""}