{"id":"gen9ubers-1978703267","p1":"XpokVEVO","p2":"RubenPaCe","format":"[Gen 9] Ubers","log":"|j|\u2606XpokVEVO\n|j|\u2606RubenPaCe\n|t:|1698584153\n|gametype|singles\n|player|p1|XpokVEVO|rika|\n|player|p2|RubenPaCe|camper|\n|teamsize|p1|6\n|teamsize|p2|6\n|gen|9\n|tier|[Gen 9] Ubers\n|rule|Sleep Clause Mod: Limit one foe put to sleep\n|rule|Species Clause: Limit one of each Pok\u00e9mon\n|rule|OHKO Clause: OHKO moves are banned\n|rule|Evasion Items Clause: Evasion items are banned\n|rule|Evasion Moves Clause: Evasion moves are banned\n|rule|Endless Battle Clause: Forcing endless battles is banned\n|rule|HP Percentage Mod: HP is shown in percentages\n|clearpoke\n|poke|p1|Ursaluna, M|\n|poke|p1|Magearna|\n|poke|p1|Dialga|\n|poke|p1|Glastrier|\n|poke|p1|Hoopa-Unbound|\n|poke|p1|Hatterene, F|\n|poke|p2|Spectrier|\n|poke|p2|Zacian-*|\n|poke|p2|Ursaluna-Bloodmoon, M|\n|poke|p2|Magearna|\n|poke|p2|Arceus-Poison|\n|poke|p2|Giratina|\n|teampreview\n|\n|t:|1698584162\n|start\n|switch|p1a: Gootbye|Dialga, shiny|100\/100\n|switch|p2a: Magearna|Magearna|100\/100\n|-ability|p1a: Gootbye|Pressure\n|turn|1\n|\n|t:|1698584181\n|move|p2a: Magearna|Spikes|p1a: Gootbye\n|-sidestart|p1: XpokVEVO|Spikes\n|move|p1a: Gootbye|Trick Room|p1a: Gootbye\n|-fieldstart|move: Trick Room|[of] p1a: Gootbye\n|\n|upkeep\n|turn|2\n|\n|t:|1698584217\n|move|p1a: Gootbye|Flash Cannon|p2a: Magearna\n|-damage|p2a: Magearna|57\/100\n|move|p2a: Magearna|Spikes|p1a: Gootbye\n|-sidestart|p1: XpokVEVO|Spikes\n|\n|-heal|p2a: Magearna|63\/100|[from] item: Leftovers\n|upkeep\n|turn|3\n|\n|t:|1698584255\n|move|p1a: Gootbye|Flash Cannon|p2a: Magearna\n|-damage|p2a: Magearna|18\/100\n|move|p2a: Magearna|Volt Switch|p1a: Gootbye\n|-resisted|p1a: Gootbye\n|-damage|p1a: Gootbye|91\/100\n|\n|t:|1698584263\n|switch|p2a: Ursaluna|Ursaluna-Bloodmoon, M|100\/100|[from] Volt Switch\n|\n|upkeep\n|turn|4\n|\n|t:|1698584301\n|switch|p2a: Magearna|Magearna|18\/100\n|move|p1a: Gootbye|Draco Meteor|p2a: Magearna\n|-immune|p2a: Magearna\n|\n|-heal|p2a: Magearna|24\/100|[from] item: Leftovers\n|upkeep\n|turn|5\n|\n|t:|1698584321\n|move|p1a: Gootbye|Draco Meteor|p2a: Magearna\n|-immune|p2a: Magearna\n|move|p2a: Magearna|Fleur Cannon|p1a: Gootbye\n|-damage|p1a: Gootbye|45\/100\n|-unboost|p2a: Magearna|spa|2\n|\n|-heal|p2a: Magearna|30\/100|[from] item: Leftovers\n|-fieldend|move: Trick Room\n|upkeep\n|turn|6\n|\n|t:|1698584325\n|move|p2a: Magearna|Spikes|p1a: Gootbye\n|-sidestart|p1: XpokVEVO|Spikes\n|move|p1a: Gootbye|Roar|p2a: Magearna\n|drag|p2a: Zacian|Zacian|100\/100\n|-ability|p2a: Zacian|Intrepid Sword|boost\n|-boost|p2a: Zacian|atk|1\n|\n|upkeep\n|turn|7\n|\n|t:|1698584329\n|move|p2a: Zacian|Close Combat|p1a: Gootbye\n|-supereffective|p1a: Gootbye\n|-damage|p1a: Gootbye|0 fnt\n|-unboost|p2a: Zacian|def|1\n|-unboost|p2a: Zacian|spd|1\n|faint|p1a: Gootbye\n|\n|upkeep\n|\n|t:|1698584336\n|switch|p1a: ItWILLuseTrickRoom|Hatterene, F, shiny|100\/100\n|-damage|p1a: ItWILLuseTrickRoom|76\/100|[from] Spikes\n|turn|8\n|\n|t:|1698584347\n|move|p2a: Zacian|Play Rough|p1a: ItWILLuseTrickRoom\n|-damage|p1a: ItWILLuseTrickRoom|0 fnt\n|faint|p1a: ItWILLuseTrickRoom\n|\n|upkeep\n|c|\u2606RubenPaCe|doggo is crazy\n|\n|t:|1698584395\n|switch|p1a: Aunt Fanny|Magearna|100\/100\n|-damage|p1a: Aunt Fanny|75\/100|[from] Spikes\n|turn|9\n|\n|t:|1698584408\n|switch|p2a: Ursaluna|Ursaluna-Bloodmoon, M|100\/100\n|move|p1a: Aunt Fanny|Trick Room|p1a: Aunt Fanny\n|-fieldstart|move: Trick Room|[of] p1a: Aunt Fanny\n|\n|-heal|p1a: Aunt Fanny|82\/100|[from] item: Leftovers\n|upkeep\n|turn|10\n|\n|t:|1698584414\n|move|p1a: Aunt Fanny|Fleur Cannon|p2a: Ursaluna\n|-crit|p2a: Ursaluna\n|-damage|p2a: Ursaluna|0 fnt\n|-unboost|p1a: Aunt Fanny|spa|2\n|faint|p2a: Ursaluna\n|-ability|p1a: Aunt Fanny|Soul-Heart|boost\n|-boost|p1a: Aunt Fanny|spa|1\n|\n|-heal|p1a: Aunt Fanny|88\/100|[from] item: Leftovers\n|upkeep\n|c|\u2606RubenPaCe|oh what\n|\n|t:|1698584428\n|switch|p2a: Giratina|Giratina|100\/100\n|-ability|p2a: Giratina|Pressure\n|turn|11\n|\n|t:|1698584451\n|move|p1a: Aunt Fanny|Volt Switch|p2a: Giratina\n|-resisted|p2a: Giratina\n|-damage|p2a: Giratina|97\/100\n|\n|t:|1698584452\n|switch|p1a: ONEPUUUUNCH|Ursaluna, M, shiny|100\/100|[from] Volt Switch\n|-damage|p1a: ONEPUUUUNCH|75\/100|[from] Spikes\n|move|p2a: Giratina|Roar|p1a: ONEPUUUUNCH\n|drag|p1a: ThingThtShouldNotB|Hoopa-Unbound|100\/100\n|-damage|p1a: ThingThtShouldNotB|76\/100|[from] Spikes\n|\n|upkeep\n|turn|12\n|\n|t:|1698584462\n|switch|p2a: Magearna|Magearna|30\/100\n|move|p1a: ThingThtShouldNotB|Hyperspace Fury|p2a: Magearna\n|-resisted|p2a: Magearna\n|-crit|p2a: Magearna\n|-damage|p2a: Magearna|0 fnt\n|-unboost|p1a: ThingThtShouldNotB|def|1\n|faint|p2a: Magearna\n|-damage|p1a: ThingThtShouldNotB|66\/100|[from] item: Life Orb\n|\n|upkeep\n|\n|t:|1698584468\n|switch|p2a: Arceus|Arceus-Poison|100\/100\n|turn|13\n|\n|t:|1698584471\n|move|p1a: ThingThtShouldNotB|Psychic|p2a: Arceus\n|-supereffective|p2a: Arceus\n|-crit|p2a: Arceus\n|-damage|p2a: Arceus|0 fnt\n|faint|p2a: Arceus\n|-damage|p1a: ThingThtShouldNotB|56\/100|[from] item: Life Orb\n|\n|-fieldend|move: Trick Room\n|upkeep\n|\n|t:|1698584473\n|switch|p2a: Zacian|Zacian|100\/100\n|turn|14\n|\n|t:|1698584482\n|move|p2a: Zacian|Play Rough|p1a: ThingThtShouldNotB\n|-supereffective|p1a: ThingThtShouldNotB\n|-damage|p1a: ThingThtShouldNotB|0 fnt\n|faint|p1a: ThingThtShouldNotB\n|\n|upkeep\n|\n|t:|1698584484\n|switch|p1a: Aunt Fanny|Magearna|88\/100\n|-damage|p1a: Aunt Fanny|63\/100|[from] Spikes\n|turn|15\n|\n|t:|1698584501\n|-terastallize|p2a: Zacian|Fire\n|move|p2a: Zacian|Tera Blast|p1a: Aunt Fanny|[anim] Tera Blast Fire\n|-supereffective|p1a: Aunt Fanny\n|-damage|p1a: Aunt Fanny|0 fnt\n|faint|p1a: Aunt Fanny\n|\n|upkeep\n|c|\u2606XpokVEVO|Its trickrover?\n|\n|t:|1698584526\n|switch|p1a: PUBL|Glastrier|100\/100\n|-damage|p1a: PUBL|75\/100|[from] Spikes\n|turn|16\n|\n|t:|1698584546\n|-terastallize|p1a: PUBL|Water\n|move|p2a: Zacian|Close Combat|p1a: PUBL\n|-damage|p1a: PUBL|49\/100\n|-unboost|p2a: Zacian|def|1\n|-unboost|p2a: Zacian|spd|1\n|move|p1a: PUBL|High Horsepower|p2a: Zacian\n|-supereffective|p2a: Zacian\n|-damage|p2a: Zacian|0 fnt\n|faint|p2a: Zacian\n|-ability|p1a: PUBL|Chilling Neigh|boost\n|-boost|p1a: PUBL|atk|1\n|-damage|p1a: PUBL|39\/100|[from] item: Life Orb\n|\n|upkeep\n|c|\u2606RubenPaCe|damn\n|c|\u2606RubenPaCe|wrong tera type\n|c|\u2606RubenPaCe|but right intention\n|\n|t:|1698584563\n|switch|p2a: Spectrier|Spectrier|100\/100\n|turn|17\n|\n|t:|1698584569\n|switch|p1a: ONEPUUUUNCH|Ursaluna, M, shiny|75\/100\n|-damage|p1a: ONEPUUUUNCH|50\/100|[from] Spikes\n|move|p2a: Spectrier|Substitute|p2a: Spectrier\n|-start|p2a: Spectrier|Substitute\n|-damage|p2a: Spectrier|76\/100\n|\n|-status|p1a: ONEPUUUUNCH|brn|[from] item: Flame Orb\n|upkeep\n|turn|18\n|c|\u2606XpokVEVO|WAITWAITWAIT\n|c|\u2606XpokVEVO|JUDT WAIT\n|c|\u2606XpokVEVO|just wait\n|\n|t:|1698584582\n|move|p2a: Spectrier|Tera Blast|p1a: ONEPUUUUNCH\n|-damage|p1a: ONEPUUUUNCH|24\/100 brn\n|move|p1a: ONEPUUUUNCH|Headlong Rush|p2a: Spectrier\n|-end|p2a: Spectrier|Substitute\n|-unboost|p1a: ONEPUUUUNCH|def|1\n|-unboost|p1a: ONEPUUUUNCH|spd|1\n|\n|-damage|p1a: ONEPUUUUNCH|17\/100 brn|[from] brn\n|upkeep\n|turn|19\n|\n|t:|1698584589\n|move|p2a: Spectrier|Tera Blast|p1a: ONEPUUUUNCH\n|-damage|p1a: ONEPUUUUNCH|0 fnt\n|faint|p1a: ONEPUUUUNCH\n|-ability|p2a: Spectrier|Grim Neigh|boost\n|-boost|p2a: Spectrier|spa|1\n|\n|upkeep\n|\n|t:|1698584591\n|switch|p1a: PUBL|Glastrier, tera:Water|39\/100\n|-damage|p1a: PUBL|14\/100|[from] Spikes\n|turn|20\n|\n|t:|1698584596\n|move|p2a: Spectrier|Shadow Ball|p1a: PUBL\n|-damage|p1a: PUBL|0 fnt\n|faint|p1a: PUBL\n|\n|win|RubenPaCe\n|l|\u2606XpokVEVO\n|c|\u2606RubenPaCe|gg\n","uploadtime":1698584605,"views":17,"p1id":"xpokvevo","p2id":"rubenpace","formatid":"gen9ubers","rating":0,"private":0,"password":""}