{"id":"gen9ubers-1990131661","p1":"Sinnerofgod","p2":"top of the barrel","format":"[Gen 9] Ubers","log":"|j|\u2606Sinnerofgod\n|j|\u2606top of the barrel\n|t:|1699927962\n|gametype|singles\n|player|p1|Sinnerofgod|266|1096\n|player|p2|top of the barrel|burglar|1189\n|teamsize|p1|6\n|teamsize|p2|6\n|gen|9\n|tier|[Gen 9] Ubers\n|rated|\n|rule|Sleep Clause Mod: Limit one foe put to sleep\n|rule|Species Clause: Limit one of each Pok\u00e9mon\n|rule|OHKO Clause: OHKO moves are banned\n|rule|Evasion Items Clause: Evasion items are banned\n|rule|Evasion Moves Clause: Evasion moves are banned\n|rule|Endless Battle Clause: Forcing endless battles is banned\n|rule|HP Percentage Mod: HP is shown in percentages\n|clearpoke\n|poke|p1|Hoopa-Unbound|\n|poke|p1|Quaquaval, M|\n|poke|p1|Lycanroc-Dusk, M|\n|poke|p1|Tinkaton, F|\n|poke|p1|Regieleki|\n|poke|p1|Volcarona, M|\n|poke|p2|Miraidon|\n|poke|p2|Zacian-*|\n|poke|p2|Arceus-Fairy|\n|poke|p2|Skeledirge, M|\n|poke|p2|Giratina-Origin|\n|poke|p2|Ting-Lu|\n|teampreview\n|\n|t:|1699927985\n|start\n|switch|p1a: Lycanroc|Lycanroc-Dusk, M, shiny|100\/100\n|switch|p2a: Miraidon|Miraidon|100\/100\n|-fieldstart|move: Electric Terrain|[from] ability: Hadron Engine|[of] p2a: Miraidon\n|turn|1\n|\n|t:|1699927995\n|move|p2a: Miraidon|Electro Drift|p1a: Lycanroc\n|-enditem|p1a: Lycanroc|Focus Sash\n|-damage|p1a: Lycanroc|1\/100\n|move|p1a: Lycanroc|Stealth Rock|p2a: Miraidon\n|-sidestart|p2: top of the barrel|move: Stealth Rock\n|\n|upkeep\n|turn|2\n|\n|t:|1699928002\n|move|p2a: Miraidon|Electro Drift|p1a: Lycanroc\n|-damage|p1a: Lycanroc|0 fnt\n|faint|p1a: Lycanroc\n|\n|upkeep\n|\n|t:|1699928008\n|switch|p1a: Quaquaval|Quaquaval, M, shiny|100\/100\n|turn|3\n|inactive|Battle timer is ON: inactive players will automatically lose when time's up. (requested by top of the barrel)\n|\n|t:|1699928029\n|-terastallize|p1a: Quaquaval|Ground\n|move|p2a: Miraidon|Draco Meteor|p1a: Quaquaval\n|-damage|p1a: Quaquaval|0 fnt\n|-unboost|p2a: Miraidon|spa|2\n|faint|p1a: Quaquaval\n|\n|upkeep\n|\n|t:|1699928037\n|switch|p1a: Volcarona|Volcarona, M, shiny|100\/100\n|turn|4\n|\n|t:|1699928042\n|move|p2a: Miraidon|Taunt|p1a: Volcarona\n|-start|p1a: Volcarona|move: Taunt\n|cant|p1a: Volcarona|move: Taunt|Quiver Dance\n|\n|upkeep\n|turn|5\n|\n|t:|1699928051\n|switch|p2a: Ting-Lu|Ting-Lu|100\/100\n|-damage|p2a: Ting-Lu|94\/100|[from] Stealth Rock\n|-ability|p2a: Ting-Lu|Vessel of Ruin\n|switch|p1a: Tinkaton|Tinkaton, F, shiny|100\/100\n|-ability|p1a: Tinkaton|Mold Breaker\n|\n|-heal|p2a: Ting-Lu|100\/100|[from] item: Leftovers\n|-fieldend|move: Electric Terrain\n|upkeep\n|turn|6\n|\n|t:|1699928057\n|move|p1a: Tinkaton|Swords Dance|p1a: Tinkaton\n|-boost|p1a: Tinkaton|atk|2\n|move|p2a: Ting-Lu|Spikes|p1a: Tinkaton\n|-sidestart|p1: Sinnerofgod|Spikes\n|\n|upkeep\n|turn|7\n|\n|t:|1699928066\n|move|p1a: Tinkaton|Fake Out||[still]\n|-hint|Fake Out only works on your first turn out.\n|-fail|p1a: Tinkaton\n|move|p2a: Ting-Lu|Earthquake|p1a: Tinkaton\n|-supereffective|p1a: Tinkaton\n|-damage|p1a: Tinkaton|6\/100\n|\n|upkeep\n|turn|8\n|\n|t:|1699928074\n|move|p1a: Tinkaton|Play Rough|p2a: Ting-Lu\n|-supereffective|p2a: Ting-Lu\n|-damage|p2a: Ting-Lu|10\/100\n|-damage|p1a: Tinkaton|0 fnt|[from] item: Life Orb\n|faint|p1a: Tinkaton\n|move|p2a: Ting-Lu|Whirlwind|p1: Tinkaton|[notarget]\n|-fail|p2a: Ting-Lu\n|\n|-heal|p2a: Ting-Lu|16\/100|[from] item: Leftovers\n|upkeep\n|\n|t:|1699928082\n|switch|p1a: Hoopa|Hoopa-Unbound|100\/100\n|-damage|p1a: Hoopa|88\/100|[from] Spikes\n|turn|9\n|\n|t:|1699928086\n|move|p1a: Hoopa|Dark Pulse|p2a: Ting-Lu\n|-resisted|p2a: Ting-Lu\n|-damage|p2a: Ting-Lu|7\/100\n|move|p2a: Ting-Lu|Earthquake|p1a: Hoopa\n|-damage|p1a: Hoopa|25\/100\n|\n|-heal|p2a: Ting-Lu|13\/100|[from] item: Leftovers\n|upkeep\n|turn|10\n|\n|t:|1699928090\n|move|p1a: Hoopa|Dark Pulse|p2a: Ting-Lu\n|-resisted|p2a: Ting-Lu\n|-damage|p2a: Ting-Lu|3\/100\n|move|p2a: Ting-Lu|Earthquake|p1a: Hoopa\n|-damage|p1a: Hoopa|0 fnt\n|faint|p1a: Hoopa\n|\n|-heal|p2a: Ting-Lu|9\/100|[from] item: Leftovers\n|upkeep\n|\n|t:|1699928093\n|switch|p1a: Volcarona|Volcarona, M, shiny|100\/100\n|turn|11\n|\n|t:|1699928096\n|move|p1a: Volcarona|Quiver Dance|p1a: Volcarona\n|-boost|p1a: Volcarona|spa|1\n|-boost|p1a: Volcarona|spd|1\n|-boost|p1a: Volcarona|spe|1\n|move|p2a: Ting-Lu|Whirlwind|p1a: Volcarona\n|drag|p1a: Regieleki|Regieleki, shiny|100\/100\n|\n|-heal|p2a: Ting-Lu|15\/100|[from] item: Leftovers\n|upkeep\n|turn|12\n|\n|t:|1699928104\n|move|p1a: Regieleki|Ancient Power|p2a: Ting-Lu\n|-resisted|p2a: Ting-Lu\n|-damage|p2a: Ting-Lu|12\/100\n|move|p2a: Ting-Lu|Earthquake|p1a: Regieleki\n|-supereffective|p1a: Regieleki\n|-damage|p1a: Regieleki|0 fnt\n|faint|p1a: Regieleki\n|\n|-heal|p2a: Ting-Lu|18\/100|[from] item: Leftovers\n|upkeep\n|\n|t:|1699928108\n|switch|p1a: Volcarona|Volcarona, M, shiny|100\/100\n|turn|13\n|\n|t:|1699928114\n|move|p1a: Volcarona|Quiver Dance|p1a: Volcarona\n|-boost|p1a: Volcarona|spa|1\n|-boost|p1a: Volcarona|spd|1\n|-boost|p1a: Volcarona|spe|1\n|move|p2a: Ting-Lu|Ruination|p1a: Volcarona\n|-damage|p1a: Volcarona|51\/100\n|\n|-heal|p2a: Ting-Lu|24\/100|[from] item: Leftovers\n|upkeep\n|turn|14\n|\n|t:|1699928117\n|move|p1a: Volcarona|Quiver Dance|p1a: Volcarona\n|-boost|p1a: Volcarona|spa|1\n|-boost|p1a: Volcarona|spd|1\n|-boost|p1a: Volcarona|spe|1\n|move|p2a: Ting-Lu|Earthquake|p1a: Volcarona\n|-damage|p1a: Volcarona|0 fnt\n|faint|p1a: Volcarona\n|\n|win|top of the barrel\n|raw|Sinnerofgod's rating: 1096 &rarr; <strong>1078<\/strong><br \/>(-18 for losing)\n|raw|top of the barrel's rating: 1189 &rarr; <strong>1207<\/strong><br \/>(+18 for winning)\n|l|\u2606Sinnerofgod\n","uploadtime":1699928133,"views":17,"p1id":"sinnerofgod","p2id":"topofthebarrel","formatid":"gen9ubers","rating":1078,"private":0,"password":""}