{"id":"gen9ubers-1979111856","p1":"Taka","p2":"Dark\u2605Shion\u30c4","format":"[Gen 9] Ubers","log":"|j|\u2606Taka\n|j|\u2606Dark\u2605Shion\u30c4\n|t:|1698633754\n|gametype|singles\n|player|p1|Taka|#bssplviiidavesdragonairs|\n|player|p2|Dark\u2605Shion\u30c4|cyclistf|\n|teamsize|p1|6\n|teamsize|p2|6\n|gen|9\n|tier|[Gen 9] Ubers\n|rated|Tournament battle\n|rule|Sleep Clause Mod: Limit one foe put to sleep\n|rule|Species Clause: Limit one of each Pok\u00e9mon\n|rule|OHKO Clause: OHKO moves are banned\n|rule|Evasion Items Clause: Evasion items are banned\n|rule|Evasion Moves Clause: Evasion moves are banned\n|rule|Endless Battle Clause: Forcing endless battles is banned\n|rule|HP Percentage Mod: HP is shown in percentages\n|clearpoke\n|poke|p1|Dondozo, F|\n|poke|p1|Alomomola, M|\n|poke|p1|Blissey, F|\n|poke|p1|Arceus-Fairy|\n|poke|p1|Clodsire, F|\n|poke|p1|Gliscor, M|\n|poke|p2|Gliscor, M|\n|poke|p2|Flutter Mane|\n|poke|p2|Koraidon|\n|poke|p2|Arceus-Steel|\n|poke|p2|Clodsire, M|\n|poke|p2|Kyogre|\n|teampreview\n|inactive|Battle timer is ON: inactive players will automatically lose when time's up. (requested by Taka)\n|j| makers manhattan\n|c|\u2606Dark\u2605Shion\u30c4|...\n|c|\u2606Taka|hf\n|c| makers manhattan|taka where is your wincon\n|c|\u2606Taka|tiemr\n|c|\u2606Taka|timer*\n|c| makers manhattan|kek\n|c|\u2606Dark\u2605Shion\u30c4|Pens\u00e9 que \u00e9ramos amigos Taka\n|inactive|Dark\u2605Shion\u30c4 has 120 seconds left.\n|c|\u2606Taka|prueba de amistad\n|c|\u2606Dark\u2605Shion\u30c4|\ud83d\udc94\n|inactive|Dark\u2605Shion\u30c4 has 90 seconds left.\n|\n|t:|1698633820\n|start\n|switch|p1a: Gliscor|Gliscor, M|100\/100\n|switch|p2a: Koraidon|Koraidon|100\/100\n|-weather|SunnyDay|[from] ability: Orichalcum Pulse|[of] p2a: Koraidon\n|-activate|p2a: Koraidon|Orichalcum Pulse|[source]\n|turn|1\n|\n|t:|1698633829\n|move|p2a: Koraidon|U-turn|p1a: Gliscor\n|-resisted|p1a: Gliscor\n|-damage|p1a: Gliscor|90\/100\n|\n|t:|1698633831\n|switch|p2a: Gliscor|Gliscor, M|100\/100|[from] U-turn\n|move|p1a: Gliscor|Toxic|p2a: Gliscor\n|-status|p2a: Gliscor|tox\n|\n|-weather|SunnyDay|[upkeep]\n|-status|p1a: Gliscor|tox|[from] item: Toxic Orb\n|upkeep\n|turn|2\n|\n|t:|1698633838\n|move|p2a: Gliscor|Spikes|p1a: Gliscor\n|-sidestart|p1: Taka|Spikes\n|move|p1a: Gliscor|Spikes|p2a: Gliscor\n|-sidestart|p2: Dark\u2605Shion\u30c4|Spikes\n|\n|-weather|SunnyDay|[upkeep]\n|-heal|p1a: Gliscor|100\/100 tox|[from] ability: Poison Heal\n|upkeep\n|turn|3\n|\n|t:|1698633845\n|move|p2a: Gliscor|Spikes|p1a: Gliscor\n|-sidestart|p1: Taka|Spikes\n|move|p1a: Gliscor|Spikes|p2a: Gliscor\n|-sidestart|p2: Dark\u2605Shion\u30c4|Spikes\n|\n|-weather|SunnyDay|[upkeep]\n|upkeep\n|turn|4\n|\n|t:|1698633847\n|move|p2a: Gliscor|Spikes|p1a: Gliscor\n|-sidestart|p1: Taka|Spikes\n|move|p1a: Gliscor|Spikes|p2a: Gliscor\n|-sidestart|p2: Dark\u2605Shion\u30c4|Spikes\n|\n|-weather|SunnyDay|[upkeep]\n|upkeep\n|turn|5\n|\n|t:|1698633859\n|move|p1a: Gliscor|Spikes||[still]\n|-fail|p1a: Gliscor\n|move|p2a: Gliscor|Toxic|p1a: Gliscor\n|-fail|p1a: Gliscor|tox\n|\n|-weather|none\n|upkeep\n|turn|6\n|\n|t:|1698633868\n|move|p2a: Gliscor|Toxic|p1a: Gliscor\n|-fail|p1a: Gliscor|tox\n|move|p1a: Gliscor|Spikes||[still]\n|-fail|p1a: Gliscor\n|\n|upkeep\n|turn|7\n|j|+corvere\u2665\n|c|+corvere\u2665|what the fuck is this\n|c|\u2606Dark\u2605Shion\u30c4|Gracias por este juego tan divertido Taka\n|c| makers manhattan|the best team in the meta\n|inactive|Taka has 120 seconds left.\n|c|+corvere\u2665|you stole my team **and made it worse**\n|c|\u2606Taka|i didnt steal this\n|c|\u2606Taka|this is prep for scl\n|c|\u2606Taka|trust\n|c|+corvere\u2665|no youre right, i sent it in your teamballo channel\n|c|+corvere\u2665|bozo\n|inactive|Taka has 90 seconds left.\n|c| makers manhattan|i have a similar build with 2 breakers\n|\n|t:|1698633934\n|move|p1a: Gliscor|Spikes||[still]\n|-fail|p1a: Gliscor\n|move|p2a: Gliscor|Spikes||[still]\n|-fail|p2a: Gliscor\n|\n|upkeep\n|turn|8\n|\n|t:|1698633938\n|move|p2a: Gliscor|Spikes||[still]\n|-fail|p2a: Gliscor\n|move|p1a: Gliscor|Spikes||[still]\n|-fail|p1a: Gliscor\n|\n|upkeep\n|turn|9\n|\n|t:|1698633944\n|move|p1a: Gliscor|Spikes||[still]\n|-fail|p1a: Gliscor\n|move|p2a: Gliscor|Spikes||[still]\n|-fail|p2a: Gliscor\n|\n|upkeep\n|turn|10\n|\n|t:|1698633947\n|move|p1a: Gliscor|Spikes||[still]\n|-fail|p1a: Gliscor\n|move|p2a: Gliscor|Spikes||[still]\n|-fail|p2a: Gliscor\n|\n|upkeep\n|turn|11\n|\n|t:|1698633951\n|move|p2a: Gliscor|Spikes||[still]\n|-fail|p2a: Gliscor\n|move|p1a: Gliscor|Spikes||[still]\n|-fail|p1a: Gliscor\n|\n|upkeep\n|turn|12\n|\n|t:|1698633955\n|move|p2a: Gliscor|Spikes||[still]\n|-fail|p2a: Gliscor\n|move|p1a: Gliscor|Spikes||[still]\n|-fail|p1a: Gliscor\n|\n|upkeep\n|turn|13\n|\n|t:|1698633956\n|switch|p1a: Arceus|Arceus-Fairy|100\/100\n|-damage|p1a: Arceus|76\/100|[from] Spikes\n|move|p2a: Gliscor|Spikes||[still]\n|-fail|p2a: Gliscor\n|\n|upkeep\n|turn|14\n|\n|t:|1698633961\n|-terastallize|p1a: Arceus|Poison\n|move|p1a: Arceus|Calm Mind|p1a: Arceus\n|-boost|p1a: Arceus|spa|1\n|-boost|p1a: Arceus|spd|1\n|move|p2a: Gliscor|Toxic|p1a: Arceus\n|-immune|p1a: Arceus\n|\n|upkeep\n|turn|15\n|c|\u2606Dark\u2605Shion\u30c4|Here we go again\n|\n|t:|1698633980\n|switch|p2a: Arceus|Arceus-Steel|100\/100\n|-damage|p2a: Arceus|75\/100|[from] Spikes\n|move|p1a: Arceus|Judgment|p2a: Arceus\n|-resisted|p2a: Arceus\n|-damage|p2a: Arceus|53\/100\n|\n|upkeep\n|turn|16\n|\n|t:|1698633992\n|-terastallize|p2a: Arceus|Water\n|move|p1a: Arceus|Taunt|p2a: Arceus\n|-start|p2a: Arceus|move: Taunt\n|cant|p2a: Arceus|move: Taunt|Calm Mind\n|\n|upkeep\n|turn|17\n|j| Future king of ou\n|\n|t:|1698634000\n|move|p1a: Arceus|Calm Mind|p1a: Arceus\n|-boost|p1a: Arceus|spa|1\n|-boost|p1a: Arceus|spd|1\n|move|p2a: Arceus|Judgment|p1a: Arceus\n|-damage|p1a: Arceus|60\/100\n|\n|upkeep\n|turn|18\n|\n|t:|1698634005\n|move|p2a: Arceus|Judgment|p1a: Arceus\n|-damage|p1a: Arceus|45\/100\n|move|p1a: Arceus|Recover|p1a: Arceus\n|-heal|p1a: Arceus|95\/100\n|\n|-end|p2a: Arceus|move: Taunt\n|upkeep\n|turn|19\n|\n|t:|1698634010\n|move|p2a: Arceus|Calm Mind|p2a: Arceus\n|-boost|p2a: Arceus|spa|1\n|-boost|p2a: Arceus|spd|1\n|move|p1a: Arceus|Judgment|p2a: Arceus\n|-damage|p2a: Arceus|10\/100\n|\n|upkeep\n|turn|20\n|\n|t:|1698634018\n|move|p1a: Arceus|Judgment|p2a: Arceus\n|-damage|p2a: Arceus|0 fnt\n|faint|p2a: Arceus\n|\n|upkeep\n|\n|t:|1698634024\n|switch|p2a: Kyogre|Kyogre|100\/100\n|-damage|p2a: Kyogre|76\/100|[from] Spikes\n|-weather|RainDance|[from] ability: Drizzle|[of] p2a: Kyogre\n|turn|21\n|\n|t:|1698634041\n|move|p1a: Arceus|Calm Mind|p1a: Arceus\n|-boost|p1a: Arceus|spa|1\n|-boost|p1a: Arceus|spd|1\n|move|p2a: Kyogre|Thunder|p1a: Arceus\n|-damage|p1a: Arceus|86\/100\n|-status|p1a: Arceus|par\n|\n|-weather|RainDance|[upkeep]\n|-heal|p2a: Kyogre|82\/100|[from] item: Leftovers\n|upkeep\n|turn|22\n|\n|t:|1698634048\n|move|p2a: Kyogre|Calm Mind|p2a: Kyogre\n|-boost|p2a: Kyogre|spa|1\n|-boost|p2a: Kyogre|spd|1\n|move|p1a: Arceus|Judgment|p2a: Kyogre\n|-damage|p2a: Kyogre|28\/100\n|\n|-weather|RainDance|[upkeep]\n|-heal|p2a: Kyogre|35\/100|[from] item: Leftovers\n|upkeep\n|turn|23\n|\n|t:|1698634055\n|move|p2a: Kyogre|Surf|p1a: Arceus\n|-damage|p1a: Arceus|61\/100 par\n|move|p1a: Arceus|Recover|p1a: Arceus\n|-heal|p1a: Arceus|100\/100 par\n|\n|-weather|RainDance|[upkeep]\n|-heal|p2a: Kyogre|41\/100|[from] item: Leftovers\n|upkeep\n|turn|24\n|\n|t:|1698634066\n|move|p2a: Kyogre|Calm Mind|p2a: Kyogre\n|-boost|p2a: Kyogre|spa|1\n|-boost|p2a: Kyogre|spd|1\n|cant|p1a: Arceus|par\n|\n|-weather|RainDance|[upkeep]\n|-heal|p2a: Kyogre|47\/100|[from] item: Leftovers\n|upkeep\n|turn|25\n|\n|t:|1698634073\n|move|p2a: Kyogre|Surf|p1a: Arceus\n|-crit|p1a: Arceus\n|-damage|p1a: Arceus|0 fnt\n|faint|p1a: Arceus\n|\n|-weather|none\n|-heal|p2a: Kyogre|53\/100|[from] item: Leftovers\n|upkeep\n|c|\u2606Dark\u2605Shion\u30c4|Imao\n|c|\u2606Taka|lol\n|\n|t:|1698634101\n|switch|p1a: Blissey|Blissey, F|100\/100\n|turn|26\n|\n|t:|1698634109\n|switch|p2a: Clodsire|Clodsire, M|100\/100\n|move|p1a: Blissey|Calm Mind|p1a: Blissey\n|-boost|p1a: Blissey|spa|1\n|-boost|p1a: Blissey|spd|1\n|\n|upkeep\n|turn|27\n|l|\u2606Dark\u2605Shion\u30c4\n|inactive|Dark\u2605Shion\u30c4 disconnected and has a minute to reconnect!\n|player|p2|\n|c|\u2606Taka|i think\n|c|\u2606Taka|this game is over\n|-message|Taka forfeited.\n|\n|win|Dark\u2605Shion\u30c4\n|n|\u2606Taka|taka\n|n| makers manhattan|makersmanhattan\n|n| corvere\u2665|corvere\n|n| Future king of ou|futurekingofou\n|c|\u2606Taka|gg\n|l| corvere\u2665\n|l|\u2606Taka\n|j|\u2606Dark\u2605Shion\u30c4\n|player|p2|Dark\u2605Shion\u30c4|cyclistf\n|l| makers manhattan\n","uploadtime":1698634139,"views":32,"p1id":"taka","p2id":"darkshion","formatid":"gen9ubers","rating":0,"private":0,"password":""}