{"id":"gen9ubers-1997897615","p1":"ShinyScarfy","p2":"jdpapa23","format":"[Gen 9] Ubers","log":"|j|\u2606ShinyScarfy\n|j|\u2606jdpapa23\n|t:|1700864981\n|gametype|singles\n|player|p1|ShinyScarfy|alec-anime|1116\n|player|p2|jdpapa23|101|1060\n|teamsize|p1|6\n|teamsize|p2|6\n|gen|9\n|tier|[Gen 9] Ubers\n|rated|\n|rule|Sleep Clause Mod: Limit one foe put to sleep\n|rule|Species Clause: Limit one of each Pok\u00e9mon\n|rule|OHKO Clause: OHKO moves are banned\n|rule|Evasion Items Clause: Evasion items are banned\n|rule|Evasion Moves Clause: Evasion moves are banned\n|rule|Endless Battle Clause: Forcing endless battles is banned\n|rule|HP Percentage Mod: HP is shown in percentages\n|clearpoke\n|poke|p1|Garchomp, M|\n|poke|p1|Arcanine-Hisui, M|\n|poke|p1|Zoroark-Hisui, M|\n|poke|p1|Darkrai|\n|poke|p1|Rayquaza|\n|poke|p1|Flutter Mane|\n|poke|p2|Shaymin-Sky|\n|poke|p2|Cinderace, M|\n|poke|p2|Mimikyu, M|\n|poke|p2|Diancie|\n|poke|p2|Groudon|\n|poke|p2|Cyclizar, F|\n|teampreview\n|inactive|Battle timer is ON: inactive players will automatically lose when time's up. (requested by ShinyScarfy)\n|\n|t:|1700864996\n|start\n|switch|p1a: Garchomp|Garchomp, M|100\/100\n|switch|p2a: Cyclizar|Cyclizar, F|100\/100\n|turn|1\n|\n|t:|1700865005\n|move|p2a: Cyclizar|Power Whip|p1a: Garchomp\n|-damage|p1a: Garchomp|69\/100\n|-damage|p2a: Cyclizar|88\/100|[from] ability: Rough Skin|[of] p1a: Garchomp\n|-damage|p2a: Cyclizar|72\/100|[from] item: Rocky Helmet|[of] p1a: Garchomp\n|move|p1a: Garchomp|Stealth Rock|p2a: Cyclizar\n|-sidestart|p2: jdpapa23|move: Stealth Rock\n|\n|upkeep\n|turn|2\n|\n|t:|1700865016\n|switch|p2a: Diancie|Diancie|100\/100\n|-damage|p2a: Diancie|88\/100|[from] Stealth Rock\n|move|p1a: Garchomp|Earthquake|p2a: Diancie\n|-supereffective|p2a: Diancie\n|-damage|p2a: Diancie|1\/100\n|\n|-heal|p2a: Diancie|7\/100|[from] item: Leftovers\n|upkeep\n|turn|3\n|\n|t:|1700865026\n|switch|p2a: Shaymin|Shaymin-Sky|100\/100\n|-damage|p2a: Shaymin|76\/100|[from] Stealth Rock\n|move|p1a: Garchomp|Iron Head|p2a: Shaymin\n|-damage|p2a: Shaymin|42\/100\n|\n|upkeep\n|turn|4\n|\n|t:|1700865034\n|move|p2a: Shaymin|Dazzling Gleam|p1a: Garchomp\n|-supereffective|p1a: Garchomp\n|-damage|p1a: Garchomp|14\/100\n|move|p1a: Garchomp|Iron Head|p2a: Shaymin\n|-damage|p2a: Shaymin|5\/100\n|\n|upkeep\n|turn|5\n|\n|t:|1700865042\n|switch|p1a: Arcanine|Arcanine-Hisui, M|100\/100\n|move|p2a: Shaymin|Air Slash|p1a: Arcanine|[miss]\n|-miss|p2a: Shaymin|p1a: Arcanine\n|\n|upkeep\n|turn|6\n|\n|t:|1700865049\n|move|p1a: Arcanine|Extreme Speed|p2a: Shaymin\n|-damage|p2a: Shaymin|0 fnt\n|faint|p2a: Shaymin\n|\n|upkeep\n|\n|t:|1700865058\n|switch|p2a: Cyclizar|Cyclizar, F|100\/100\n|-damage|p2a: Cyclizar|88\/100|[from] Stealth Rock\n|turn|7\n|\n|t:|1700865063\n|move|p1a: Arcanine|Extreme Speed|p2a: Cyclizar\n|-damage|p2a: Cyclizar|20\/100\n|move|p2a: Cyclizar|Shed Tail|p2a: Cyclizar\n|-fail|p2a: Cyclizar|move: Shed Tail|[weak]\n|\n|upkeep\n|turn|8\n|inactive|jdpapa23 has 120 seconds left.\n|inactive|jdpapa23 has 90 seconds left.\n|\n|t:|1700865151\n|switch|p2a: Cinderace|Cinderace, M|100\/100\n|-damage|p2a: Cinderace|76\/100|[from] Stealth Rock\n|switch|p1a: Rayquaza|Rayquaza, shiny|100\/100\n|-ability|p1a: Rayquaza|Air Lock\n|\n|upkeep\n|turn|9\n|\n|t:|1700865165\n|move|p2a: Cinderace|Pyro Ball|p1a: Rayquaza|[miss]\n|-miss|p2a: Cinderace|p1a: Rayquaza\n|move|p1a: Rayquaza|Swords Dance|p1a: Rayquaza\n|-boost|p1a: Rayquaza|atk|2\n|\n|upkeep\n|turn|10\n|c|\u2606jdpapa23|your hacking\n|c|\u2606jdpapa23|im missing everything bro\n|\n|t:|1700865178\n|move|p2a: Cinderace|Taunt|p1a: Rayquaza\n|-start|p2a: Cinderace|typechange|Dark|[from] ability: Libero\n|-start|p1a: Rayquaza|move: Taunt\n|move|p1a: Rayquaza|Earthquake|p2a: Cinderace\n|-damage|p2a: Cinderace|0 fnt\n|faint|p2a: Cinderace\n|-damage|p1a: Rayquaza|91\/100|[from] item: Life Orb\n|\n|upkeep\n|inactive|jdpapa23 has 60 seconds left.\n|c|\u2606ShinyScarfy|Nah im just that lucky\n|c|\u2606jdpapa23|bull\n|c|\u2606ShinyScarfy|Not\n|\n|t:|1700865200\n|switch|p2a: Mimikyu|Mimikyu, M|100\/100\n|-damage|p2a: Mimikyu|88\/100|[from] Stealth Rock\n|turn|11\n|c|\u2606jdpapa23|rematch rn\n|c|\u2606ShinyScarfy|I get so lucky with this game idk how\n|c|\u2606jdpapa23|REMATCH\n|\n|t:|1700865220\n|move|p1a: Rayquaza|Earthquake|p2a: Mimikyu\n|-activate|p2a: Mimikyu|ability: Disguise\n|-damage|p2a: Mimikyu|88\/100\n|detailschange|p2a: Mimikyu|Mimikyu-Busted, M\n|-damage|p2a: Mimikyu|76\/100|[from] pokemon: Mimikyu-Busted\n|-damage|p1a: Rayquaza|81\/100|[from] item: Life Orb\n|move|p2a: Mimikyu|Play Rough|p1a: Rayquaza\n|-supereffective|p1a: Rayquaza\n|-damage|p1a: Rayquaza|0 fnt\n|faint|p1a: Rayquaza\n|\n|upkeep\n|c|\u2606ShinyScarfy|Uh sure\n|\n|t:|1700865232\n|switch|p1a: Flutter Mane|Flutter Mane|100\/100\n|-enditem|p1a: Flutter Mane|Booster Energy\n|-activate|p1a: Flutter Mane|ability: Protosynthesis|[fromitem]\n|-start|p1a: Flutter Mane|protosynthesisspe\n|turn|12\n|\n|t:|1700865239\n|-terastallize|p1a: Flutter Mane|Rock\n|move|p2a: Mimikyu|Shadow Sneak|p1a: Flutter Mane\n|-damage|p1a: Flutter Mane|53\/100\n|move|p1a: Flutter Mane|Shadow Ball|p2a: Mimikyu\n|-supereffective|p2a: Mimikyu\n|-damage|p2a: Mimikyu|0 fnt\n|faint|p2a: Mimikyu\n|\n|upkeep\n|inactive|jdpapa23 has 60 seconds left.\n|\n|t:|1700865260\n|switch|p2a: Diancie|Diancie|7\/100\n|-damage|p2a: Diancie|0 fnt|[from] Stealth Rock\n|faint|p2a: Diancie\n|\n|t:|1700865264\n|switch|p2a: Groudon|Groudon, shiny|100\/100\n|-damage|p2a: Groudon|94\/100|[from] Stealth Rock\n|-weather|SunnyDay|[from] ability: Drought|[of] p2a: Groudon\n|turn|13\n|inactive|jdpapa23 has 60 seconds left.\n|\n|t:|1700865275\n|move|p1a: Flutter Mane|Moonblast|p2a: Groudon\n|-damage|p2a: Groudon|44\/100\n|move|p2a: Groudon|Fire Punch|p1a: Flutter Mane\n|-resisted|p1a: Flutter Mane\n|-damage|p1a: Flutter Mane|8\/100\n|\n|-weather|SunnyDay|[upkeep]\n|-heal|p2a: Groudon|50\/100|[from] item: Leftovers\n|upkeep\n|turn|14\n|inactive|jdpapa23 has 60 seconds left.\n|\n|t:|1700865287\n|move|p1a: Flutter Mane|Moonblast|p2a: Groudon\n|-damage|p2a: Groudon|0 fnt\n|faint|p2a: Groudon\n|\n|-weather|SunnyDay|[upkeep]\n|upkeep\n|inactive|jdpapa23 has 60 seconds left.\n|\n|t:|1700865292\n|switch|p2a: Cyclizar|Cyclizar, F|54\/100\n|-damage|p2a: Cyclizar|41\/100|[from] Stealth Rock\n|turn|15\n|\n|t:|1700865301\n|move|p1a: Flutter Mane|Moonblast|p2a: Cyclizar\n|-supereffective|p2a: Cyclizar\n|-damage|p2a: Cyclizar|0 fnt\n|faint|p2a: Cyclizar\n|\n|win|ShinyScarfy\n|raw|ShinyScarfy's rating: 1116 &rarr; <strong>1137<\/strong><br \/>(+21 for winning)\n|raw|jdpapa23's rating: 1060 &rarr; <strong>1044<\/strong><br \/>(-16 for losing)\n|l|\u2606jdpapa23\n","uploadtime":1700865313,"views":9,"p1id":"shinyscarfy","p2id":"jdpapa23","formatid":"gen9ubers","rating":1044,"private":0,"password":""}