{"id":"gen9ubers-1987807141","p1":"deathfromtfoa","p2":"ImAccu","format":"[Gen 9] Ubers","log":"|j|\u2606deathfromtfoa\n|j|\u2606ImAccu\n|t:|1699638650\n|gametype|singles\n|player|p1|deathfromtfoa|2|1030\n|player|p2|ImAccu|1|1000\n|teamsize|p1|6\n|teamsize|p2|6\n|gen|9\n|tier|[Gen 9] Ubers\n|rated|\n|rule|Sleep Clause Mod: Limit one foe put to sleep\n|rule|Species Clause: Limit one of each Pok\u00e9mon\n|rule|OHKO Clause: OHKO moves are banned\n|rule|Evasion Items Clause: Evasion items are banned\n|rule|Evasion Moves Clause: Evasion moves are banned\n|rule|Endless Battle Clause: Forcing endless battles is banned\n|rule|HP Percentage Mod: HP is shown in percentages\n|clearpoke\n|poke|p1|Miraidon|\n|poke|p1|Espathra, F|\n|poke|p1|Iron Bundle|\n|poke|p1|Palafin, M|\n|poke|p1|Annihilape, F|\n|poke|p1|Cyclizar, F|\n|poke|p2|Ting-Lu|\n|poke|p2|Crocalor, F|\n|poke|p2|Glimmora, F|\n|poke|p2|Ribombee, M|\n|poke|p2|Annihilape, M|\n|poke|p2|Dragonite, M|\n|teampreview\n|\n|t:|1699638658\n|start\n|switch|p1a: Palafin|Palafin, M|100\/100\n|switch|p2a: Glimmora|Glimmora, F|100\/100\n|turn|1\n|\n|t:|1699638665\n|move|p1a: Palafin|Flip Turn|p2a: Glimmora\n|-supereffective|p2a: Glimmora\n|-damage|p2a: Glimmora|18\/100\n|-activate|p2a: Glimmora|ability: Toxic Debris\n|-sidestart|p1: deathfromtfoa|move: Toxic Spikes\n|\n|t:|1699638675\n|detailschange|p1a: Palafin|Palafin-Hero, M\n|switch|p1a: Espathra|Espathra, F|100\/100|[from] Flip Turn\n|-status|p1a: Espathra|psn\n|move|p2a: Glimmora|Stealth Rock|p1a: Espathra\n|-sidestart|p1: deathfromtfoa|move: Stealth Rock\n|\n|-damage|p1a: Espathra|88\/100 psn|[from] psn\n|upkeep\n|turn|2\n|\n|t:|1699638689\n|move|p1a: Espathra|Calm Mind|p1a: Espathra\n|-boost|p1a: Espathra|spa|1\n|-boost|p1a: Espathra|spd|1\n|move|p2a: Glimmora|Dazzling Gleam|p1a: Espathra\n|-damage|p1a: Espathra|60\/100 psn\n|\n|-damage|p1a: Espathra|48\/100 psn|[from] psn\n|-ability|p1a: Espathra|Speed Boost|boost\n|-boost|p1a: Espathra|spe|1\n|upkeep\n|turn|3\n|\n|t:|1699638705\n|move|p1a: Espathra|Stored Power|p2a: Glimmora\n|-supereffective|p2a: Glimmora\n|-damage|p2a: Glimmora|0 fnt\n|faint|p2a: Glimmora\n|\n|-damage|p1a: Espathra|35\/100 psn|[from] psn\n|-ability|p1a: Espathra|Speed Boost|boost\n|-boost|p1a: Espathra|spe|1\n|upkeep\n|\n|t:|1699638714\n|switch|p2a: Dragonite|Dragonite, M|100\/100\n|turn|4\n|\n|t:|1699638719\n|switch|p2a: Ting-Lu|Ting-Lu|100\/100\n|-ability|p2a: Ting-Lu|Vessel of Ruin\n|move|p1a: Espathra|Dazzling Gleam|p2a: Ting-Lu\n|-supereffective|p2a: Ting-Lu\n|-damage|p2a: Ting-Lu|68\/100\n|-enditem|p2a: Ting-Lu|Weakness Policy\n|-boost|p2a: Ting-Lu|atk|2|[from] item: Weakness Policy\n|-boost|p2a: Ting-Lu|spa|2|[from] item: Weakness Policy\n|\n|-damage|p1a: Espathra|23\/100 psn|[from] psn\n|-ability|p1a: Espathra|Speed Boost|boost\n|-boost|p1a: Espathra|spe|1\n|upkeep\n|turn|5\n|\n|t:|1699638747\n|move|p1a: Espathra|Dazzling Gleam|p2a: Ting-Lu\n|-supereffective|p2a: Ting-Lu\n|-damage|p2a: Ting-Lu|35\/100\n|move|p2a: Ting-Lu|Payback|p1a: Espathra\n|-supereffective|p1a: Espathra\n|-damage|p1a: Espathra|0 fnt\n|faint|p1a: Espathra\n|\n|upkeep\n|\n|t:|1699638765\n|switch|p1a: Cyclizar|Cyclizar, F|100\/100\n|-status|p1a: Cyclizar|psn\n|-damage|p1a: Cyclizar|88\/100 psn|[from] Stealth Rock\n|turn|6\n|\n|t:|1699638783\n|switch|p2a: Ribombee|Ribombee, M, shiny|100\/100\n|move|p1a: Cyclizar|Shed Tail|p1a: Cyclizar\n|-start|p1a: Cyclizar|Substitute|[from] move: Shed Tail\n|-damage|p1a: Cyclizar|38\/100 psn\n|\n|t:|1699638789\n|switch|p1a: Annihilape|Annihilape, F|100\/100|[from] Shed Tail\n|-status|p1a: Annihilape|psn\n|-damage|p1a: Annihilape|94\/100 psn|[from] Stealth Rock\n|\n|-heal|p1a: Annihilape|100\/100 psn|[from] item: Leftovers\n|-damage|p1a: Annihilape|88\/100 psn|[from] psn\n|upkeep\n|turn|7\n|\n|t:|1699638804\n|move|p2a: Ribombee|Reflect|p2a: Ribombee\n|-sidestart|p2: ImAccu|Reflect\n|move|p1a: Annihilape|Taunt|p2a: Ribombee\n|-start|p2a: Ribombee|move: Taunt\n|\n|-heal|p1a: Annihilape|94\/100 psn|[from] item: Leftovers\n|-damage|p1a: Annihilape|82\/100 psn|[from] psn\n|upkeep\n|turn|8\n|\n|t:|1699638816\n|move|p2a: Ribombee|Moonblast|p1a: Annihilape\n|-supereffective|p1a: Annihilape\n|-end|p1a: Annihilape|Substitute\n|move|p1a: Annihilape|Bulk Up|p1a: Annihilape\n|-boost|p1a: Annihilape|atk|1\n|-boost|p1a: Annihilape|def|1\n|\n|-heal|p1a: Annihilape|88\/100 psn|[from] item: Leftovers\n|-damage|p1a: Annihilape|76\/100 psn|[from] psn\n|upkeep\n|turn|9\n|\n|t:|1699638828\n|-terastallize|p1a: Annihilape|Water\n|move|p2a: Ribombee|Moonblast|p1a: Annihilape\n|-damage|p1a: Annihilape|53\/100 psn\n|move|p1a: Annihilape|Rage Fist|p2a: Ribombee\n|-damage|p2a: Ribombee|47\/100\n|\n|-heal|p1a: Annihilape|60\/100 psn|[from] item: Leftovers\n|-damage|p1a: Annihilape|47\/100 psn|[from] psn\n|upkeep\n|turn|10\n|\n|t:|1699638839\n|move|p2a: Ribombee|Moonblast|p1a: Annihilape\n|-damage|p1a: Annihilape|21\/100 psn\n|move|p1a: Annihilape|Rage Fist|p2a: Ribombee\n|-damage|p2a: Ribombee|0 fnt\n|faint|p2a: Ribombee\n|\n|-heal|p1a: Annihilape|27\/100 psn|[from] item: Leftovers\n|-damage|p1a: Annihilape|15\/100 psn|[from] psn\n|upkeep\n|\n|t:|1699638851\n|switch|p2a: Crocalor|Crocalor, F, shiny|100\/100\n|turn|11\n|\n|t:|1699638863\n|-terastallize|p2a: Crocalor|Fairy\n|move|p1a: Annihilape|Drain Punch|p2a: Crocalor\n|-resisted|p2a: Crocalor\n|-damage|p2a: Crocalor|95\/100\n|-heal|p1a: Annihilape|17\/100 psn|[from] drain|[of] p2a: Crocalor\n|move|p2a: Crocalor|Tera Blast|p1a: Annihilape|[anim] Tera Blast Fairy\n|-damage|p1a: Annihilape|2\/100 psn\n|\n|-heal|p1a: Annihilape|9\/100 psn|[from] item: Leftovers\n|-damage|p1a: Annihilape|0 fnt|[from] psn\n|faint|p1a: Annihilape\n|upkeep\n|\n|t:|1699638887\n|switch|p1a: Miraidon|Miraidon|100\/100\n|-fieldstart|move: Electric Terrain|[from] ability: Hadron Engine|[of] p1a: Miraidon\n|turn|12\n|\n|t:|1699638899\n|move|p1a: Miraidon|Electro Drift|p2a: Crocalor\n|-damage|p2a: Crocalor|36\/100\n|move|p2a: Crocalor|Tera Blast|p1a: Miraidon|[anim] Tera Blast Fairy\n|-supereffective|p1a: Miraidon\n|-damage|p1a: Miraidon|55\/100\n|\n|upkeep\n|turn|13\n|\n|t:|1699638916\n|move|p1a: Miraidon|U-turn|p2a: Crocalor\n|-resisted|p2a: Crocalor\n|-damage|p2a: Crocalor|34\/100\n|\n|t:|1699638921\n|switch|p1a: Palafin|Palafin-Hero, M|100\/100|[from] U-turn\n|-status|p1a: Palafin|psn\n|-damage|p1a: Palafin|88\/100 psn|[from] Stealth Rock\n|-activate|p1a: Palafin|ability: Zero to Hero\n|move|p2a: Crocalor|Slack Off|p2a: Crocalor\n|-heal|p2a: Crocalor|84\/100\n|\n|-damage|p1a: Palafin|76\/100 psn|[from] psn\n|upkeep\n|turn|14\n|\n|t:|1699638936\n|move|p1a: Palafin|Wave Crash|p2a: Crocalor\n|-damage|p2a: Crocalor|42\/100\n|-damage|p1a: Palafin|61\/100 psn|[from] Recoil\n|move|p2a: Crocalor|Tera Blast|p1a: Palafin|[anim] Tera Blast Fairy\n|-damage|p1a: Palafin|34\/100 psn\n|\n|-damage|p1a: Palafin|21\/100 psn|[from] psn\n|-sideend|p2: ImAccu|Reflect\n|upkeep\n|turn|15\n|\n|t:|1699638945\n|move|p1a: Palafin|Wave Crash|p2a: Crocalor\n|-damage|p2a: Crocalor|0 fnt\n|faint|p2a: Crocalor\n|-damage|p1a: Palafin|7\/100 psn|[from] Recoil\n|\n|-damage|p1a: Palafin|0 fnt|[from] psn\n|faint|p1a: Palafin\n|upkeep\n|\n|t:|1699638956\n|switch|p1a: Cyclizar|Cyclizar, F|71\/100 psn\n|switch|p2a: Annihilape|Annihilape, M|100\/100\n|-damage|p1a: Cyclizar|59\/100 psn|[from] Stealth Rock\n|turn|16\n|\n|t:|1699638966\n|move|p1a: Cyclizar|Shed Tail|p1a: Cyclizar\n|-start|p1a: Cyclizar|Substitute|[from] move: Shed Tail\n|-damage|p1a: Cyclizar|9\/100 psn\n|\n|t:|1699638971\n|switch|p1a: Miraidon|Miraidon|55\/100|[from] Shed Tail\n|-activate|p1a: Miraidon|ability: Hadron Engine\n|move|p2a: Annihilape|Bulk Up|p2a: Annihilape\n|-boost|p2a: Annihilape|atk|1\n|-boost|p2a: Annihilape|def|1\n|\n|-fieldend|move: Electric Terrain\n|upkeep\n|turn|17\n|\n|t:|1699638984\n|move|p1a: Miraidon|Draco Meteor|p2a: Annihilape\n|-damage|p2a: Annihilape|57\/100\n|-unboost|p1a: Miraidon|spa|2\n|move|p2a: Annihilape|Drain Punch|p1a: Miraidon\n|-end|p1a: Miraidon|Substitute\n|-heal|p2a: Annihilape|65\/100|[from] drain|[of] p1a: Miraidon\n|\n|upkeep\n|turn|18\n|-message|deathfromtfoa forfeited.\n|\n|win|ImAccu\n|raw|deathfromtfoa's rating: 1030 &rarr; <strong>1014<\/strong><br \/>(-16 for losing)\n|raw|ImAccu's rating: 1000 &rarr; <strong>1043<\/strong><br \/>(+43 for winning)\n|l|\u2606deathfromtfoa\n","uploadtime":1699638996,"views":16,"p1id":"deathfromtfoa","p2id":"imaccu","formatid":"gen9ubers","rating":1014,"private":0,"password":""}