{"id":"gen9ubers-1992311592","p1":"rustygoomba","p2":"gottagonotsofast","format":"[Gen 9] Ubers","log":"|j|\u2606rustygoomba\n|j|\u2606gottagonotsofast\n|t:|1700173486\n|gametype|singles\n|player|p1|rustygoomba|burglar-lgpe|\n|player|p2|gottagonotsofast|1|\n|teamsize|p1|6\n|teamsize|p2|6\n|gen|9\n|tier|[Gen 9] Ubers\n|rule|Sleep Clause Mod: Limit one foe put to sleep\n|rule|Species Clause: Limit one of each Pok\u00e9mon\n|rule|OHKO Clause: OHKO moves are banned\n|rule|Evasion Items Clause: Evasion items are banned\n|rule|Evasion Moves Clause: Evasion moves are banned\n|rule|Endless Battle Clause: Forcing endless battles is banned\n|rule|HP Percentage Mod: HP is shown in percentages\n|clearpoke\n|poke|p1|Mew|\n|poke|p1|Frosmoth, M|\n|poke|p1|Tauros-Paldea-Blaze, M|\n|poke|p1|Bisharp, M|\n|poke|p1|Roaring Moon|\n|poke|p1|Clodsire, M|\n|poke|p2|Kingambit, F|\n|poke|p2|Ribombee, F|\n|poke|p2|Moltres|\n|poke|p2|Landorus, M|\n|poke|p2|Scizor, M|\n|poke|p2|Poliwrath, M|\n|teampreview\n|j| RektCactus\n|j| shuckleshellshock\n|\n|t:|1700173550\n|start\n|switch|p1a: mewseph|Mew|100\/100\n|switch|p2a: Landorus|Landorus, M|100\/100\n|turn|1\n|\n|t:|1700173571\n|move|p2a: Landorus|Earth Power|p1a: mewseph\n|-damage|p1a: mewseph|35\/100\n|move|p1a: mewseph|Light Screen|p1a: mewseph\n|-sidestart|p1: rustygoomba|move: Light Screen\n|\n|upkeep\n|turn|2\n|\n|t:|1700173593\n|move|p2a: Landorus|Earth Power|p1a: mewseph\n|-damage|p1a: mewseph|3\/100\n|move|p1a: mewseph|Reflect|p1a: mewseph\n|-sidestart|p1: rustygoomba|Reflect\n|\n|upkeep\n|turn|3\n|\n|t:|1700173625\n|move|p2a: Landorus|Sludge Bomb|p1a: mewseph\n|-damage|p1a: mewseph|0 fnt\n|faint|p1a: mewseph\n|\n|upkeep\n|\n|t:|1700173629\n|switch|p1a: justin jefferson|Frosmoth, M|100\/100\n|turn|4\n|\n|t:|1700173635\n|switch|p2a: Scizor|Scizor, M|100\/100\n|move|p1a: justin jefferson|Quiver Dance|p1a: justin jefferson\n|-boost|p1a: justin jefferson|spa|1\n|-boost|p1a: justin jefferson|spd|1\n|-boost|p1a: justin jefferson|spe|1\n|\n|upkeep\n|turn|5\n|\n|t:|1700173653\n|-terastallize|p1a: justin jefferson|Ground\n|move|p2a: Scizor|Bullet Punch|p1a: justin jefferson\n|-damage|p1a: justin jefferson|56\/100\n|move|p1a: justin jefferson|Quiver Dance|p1a: justin jefferson\n|-boost|p1a: justin jefferson|spa|1\n|-boost|p1a: justin jefferson|spd|1\n|-boost|p1a: justin jefferson|spe|1\n|\n|upkeep\n|turn|6\n|\n|t:|1700173661\n|move|p2a: Scizor|Bullet Punch|p1a: justin jefferson\n|-damage|p1a: justin jefferson|10\/100\n|move|p1a: justin jefferson|Tera Blast|p2a: Scizor|[anim] Tera Blast Ground\n|-damage|p2a: Scizor|0 fnt\n|faint|p2a: Scizor\n|\n|upkeep\n|\n|t:|1700173689\n|switch|p2a: Kingambit|Kingambit, F|100\/100\n|-activate|p2a: Kingambit|ability: Supreme Overlord\n|-start|p2a: Kingambit|fallen1|[silent]\n|turn|7\n|\n|t:|1700173696\n|move|p2a: Kingambit|Sucker Punch|p1a: justin jefferson\n|-damage|p1a: justin jefferson|0 fnt\n|faint|p1a: justin jefferson\n|\n|upkeep\n|\n|t:|1700173711\n|switch|p1a: princegambit|Bisharp, M|100\/100\n|turn|8\n|\n|t:|1700173723\n|-end|p2a: Kingambit|fallen1|[silent]\n|switch|p2a: Poliwrath|Poliwrath, M|100\/100\n|move|p1a: princegambit|Iron Head|p2a: Poliwrath\n|-resisted|p2a: Poliwrath\n|-damage|p2a: Poliwrath|81\/100\n|\n|-sideend|p1: rustygoomba|move: Light Screen\n|upkeep\n|turn|9\n|\n|t:|1700173737\n|switch|p1a: g2rald|Clodsire, M, shiny|100\/100\n|move|p2a: Poliwrath|Knock Off|p1a: g2rald\n|-damage|p1a: g2rald|88\/100\n|-enditem|p1a: g2rald|Black Sludge|[from] move: Knock Off|[of] p2a: Poliwrath\n|\n|-sideend|p1: rustygoomba|Reflect\n|upkeep\n|turn|10\n|\n|t:|1700173752\n|switch|p2a: Landorus|Landorus, M|100\/100\n|move|p1a: g2rald|Toxic|p2a: Landorus\n|-status|p2a: Landorus|tox\n|\n|-damage|p2a: Landorus|95\/100 tox|[from] psn\n|upkeep\n|turn|11\n|\n|t:|1700173764\n|move|p1a: g2rald|Protect|p1a: g2rald\n|-singleturn|p1a: g2rald|Protect\n|move|p2a: Landorus|Earth Power|p1a: g2rald\n|-activate|p1a: g2rald|move: Protect\n|\n|-damage|p2a: Landorus|83\/100 tox|[from] psn\n|upkeep\n|turn|12\n|\n|t:|1700173772\n|move|p2a: Landorus|Earth Power|p1a: g2rald\n|-supereffective|p1a: g2rald\n|-damage|p1a: g2rald|8\/100\n|move|p1a: g2rald|Recover|p1a: g2rald\n|-heal|p1a: g2rald|59\/100\n|\n|-damage|p2a: Landorus|65\/100 tox|[from] psn\n|upkeep\n|turn|13\n|\n|t:|1700173779\n|move|p1a: g2rald|Protect|p1a: g2rald\n|-singleturn|p1a: g2rald|Protect\n|move|p2a: Landorus|Calm Mind|p2a: Landorus\n|-boost|p2a: Landorus|spa|1\n|-boost|p2a: Landorus|spd|1\n|\n|-damage|p2a: Landorus|41\/100 tox|[from] psn\n|upkeep\n|turn|14\n|\n|t:|1700173792\n|switch|p1a: princegambit|Bisharp, M|100\/100\n|move|p2a: Landorus|Earth Power|p1a: princegambit\n|-supereffective|p1a: princegambit\n|-damage|p1a: princegambit|0 fnt\n|faint|p1a: princegambit\n|\n|-damage|p2a: Landorus|11\/100 tox|[from] psn\n|upkeep\n|\n|t:|1700173821\n|switch|p1a: the bull|Tauros-Paldea-Blaze, M|100\/100\n|-ability|p1a: the bull|Intimidate|boost\n|-unboost|p2a: Landorus|atk|1\n|turn|15\n|\n|t:|1700173828\n|move|p1a: the bull|Protect|p1a: the bull\n|-singleturn|p1a: the bull|Protect\n|move|p2a: Landorus|Earth Power|p1a: the bull\n|-activate|p1a: the bull|move: Protect\n|\n|-damage|p2a: Landorus|0 fnt|[from] psn\n|faint|p2a: Landorus\n|upkeep\n|\n|t:|1700173846\n|switch|p2a: Moltres|Moltres|100\/100\n|turn|16\n|\n|t:|1700173856\n|switch|p1a: g2rald|Clodsire, M, shiny|59\/100\n|move|p2a: Moltres|Hurricane|p1a: g2rald\n|-damage|p1a: g2rald|30\/100\n|\n|upkeep\n|turn|17\n|\n|t:|1700173887\n|move|p2a: Moltres|Will-O-Wisp|p1a: g2rald\n|-status|p1a: g2rald|brn\n|move|p1a: g2rald|Recover|p1a: g2rald\n|-heal|p1a: g2rald|80\/100 brn\n|\n|-damage|p1a: g2rald|74\/100 brn|[from] brn\n|upkeep\n|turn|18\n|\n|t:|1700173931\n|switch|p2a: Poliwrath|Poliwrath, M|81\/100\n|move|p1a: g2rald|Toxic|p2a: Poliwrath\n|-status|p2a: Poliwrath|tox\n|\n|-damage|p2a: Poliwrath|75\/100 tox|[from] psn\n|-damage|p1a: g2rald|68\/100 brn|[from] brn\n|upkeep\n|turn|19\n|\n|t:|1700173956\n|switch|p2a: Ribombee|Ribombee, F|100\/100\n|move|p1a: g2rald|Protect||[still]\n|-fail|p1a: g2rald\n|\n|-damage|p1a: g2rald|62\/100 brn|[from] brn\n|upkeep\n|turn|20\n|\n|t:|1700173961\n|move|p2a: Ribombee|Psychic|p1a: g2rald\n|-supereffective|p1a: g2rald\n|-damage|p1a: g2rald|33\/100 brn\n|-unboost|p1a: g2rald|spd|1\n|move|p1a: g2rald|Toxic|p2a: Ribombee\n|-status|p2a: Ribombee|tox\n|\n|-damage|p2a: Ribombee|94\/100 tox|[from] psn\n|-damage|p1a: g2rald|27\/100 brn|[from] brn\n|upkeep\n|turn|21\n|\n|t:|1700174009\n|move|p1a: g2rald|Protect|p1a: g2rald\n|-singleturn|p1a: g2rald|Protect\n|move|p2a: Ribombee|Moonblast|p1a: g2rald\n|-activate|p1a: g2rald|move: Protect\n|\n|-damage|p2a: Ribombee|82\/100 tox|[from] psn\n|-damage|p1a: g2rald|21\/100 brn|[from] brn\n|upkeep\n|turn|22\n|\n|t:|1700174023\n|switch|p1a: the bull|Tauros-Paldea-Blaze, M|100\/100\n|-ability|p1a: the bull|Intimidate|boost\n|-unboost|p2a: Ribombee|atk|1\n|move|p2a: Ribombee|Psychic|p1a: the bull\n|-supereffective|p1a: the bull\n|-damage|p1a: the bull|30\/100\n|\n|-heal|p1a: the bull|37\/100|[from] item: Leftovers\n|-damage|p2a: Ribombee|64\/100 tox|[from] psn\n|upkeep\n|turn|23\n|\n|t:|1700174030\n|switch|p1a: g2rald|Clodsire, M, shiny|21\/100 brn\n|move|p2a: Ribombee|Sticky Web|p1a: g2rald\n|-sidestart|p1: rustygoomba|move: Sticky Web\n|\n|-damage|p2a: Ribombee|39\/100 tox|[from] psn\n|-damage|p1a: g2rald|15\/100 brn|[from] brn\n|upkeep\n|turn|24\n|\n|t:|1700174049\n|move|p1a: g2rald|Protect|p1a: g2rald\n|-singleturn|p1a: g2rald|Protect\n|move|p2a: Ribombee|Psychic|p1a: g2rald\n|-activate|p1a: g2rald|move: Protect\n|\n|-damage|p2a: Ribombee|9\/100 tox|[from] psn\n|-damage|p1a: g2rald|9\/100 brn|[from] brn\n|upkeep\n|turn|25\n|\n|t:|1700174056\n|switch|p2a: Moltres|Moltres|100\/100\n|move|p1a: g2rald|Toxic|p2a: Moltres\n|-status|p2a: Moltres|tox\n|\n|-damage|p2a: Moltres|94\/100 tox|[from] psn\n|-damage|p1a: g2rald|3\/100 brn|[from] brn\n|upkeep\n|turn|26\n|\n|t:|1700174062\n|move|p1a: g2rald|Protect|p1a: g2rald\n|-singleturn|p1a: g2rald|Protect\n|move|p2a: Moltres|Flamethrower|p1a: g2rald\n|-activate|p1a: g2rald|move: Protect\n|\n|-damage|p2a: Moltres|82\/100 tox|[from] psn\n|-damage|p1a: g2rald|0 fnt|[from] brn\n|faint|p1a: g2rald\n|upkeep\n|\n|t:|1700174074\n|switch|p1a: randy moss|Roaring Moon|100\/100\n|-activate|p1a: randy moss|move: Sticky Web\n|-unboost|p1a: randy moss|spe|1\n|-enditem|p1a: randy moss|Booster Energy\n|-activate|p1a: randy moss|ability: Protosynthesis|[fromitem]\n|-start|p1a: randy moss|protosynthesisatk\n|turn|27\n|\n|t:|1700174086\n|move|p1a: randy moss|Dragon Dance|p1a: randy moss\n|-boost|p1a: randy moss|atk|1\n|-boost|p1a: randy moss|spe|1\n|move|p2a: Moltres|Will-O-Wisp|p1a: randy moss\n|-status|p1a: randy moss|brn\n|\n|-damage|p2a: Moltres|63\/100 tox|[from] psn\n|-damage|p1a: randy moss|95\/100 brn|[from] brn\n|upkeep\n|turn|28\n|\n|t:|1700174099\n|move|p1a: randy moss|Dragon Dance|p1a: randy moss\n|-boost|p1a: randy moss|atk|1\n|-boost|p1a: randy moss|spe|1\n|move|p2a: Moltres|Hurricane|p1a: randy moss|[miss]\n|-miss|p2a: Moltres|p1a: randy moss\n|\n|-damage|p2a: Moltres|38\/100 tox|[from] psn\n|-damage|p1a: randy moss|89\/100 brn|[from] brn\n|upkeep\n|turn|29\n|\n|t:|1700174103\n|move|p1a: randy moss|Dragon Dance|p1a: randy moss\n|-boost|p1a: randy moss|atk|1\n|-boost|p1a: randy moss|spe|1\n|move|p2a: Moltres|Hurricane|p1a: randy moss\n|-damage|p1a: randy moss|43\/100 brn\n|-start|p1a: randy moss|confusion\n|\n|-damage|p2a: Moltres|7\/100 tox|[from] psn\n|-damage|p1a: randy moss|37\/100 brn|[from] brn\n|upkeep\n|turn|30\n|\n|t:|1700174113\n|-activate|p1a: randy moss|confusion\n|move|p1a: randy moss|Knock Off|p2a: Moltres\n|-damage|p2a: Moltres|0 fnt\n|-enditem|p2a: Moltres|Heavy-Duty Boots|[from] move: Knock Off|[of] p1a: randy moss\n|faint|p2a: Moltres\n|\n|-damage|p1a: randy moss|31\/100 brn|[from] brn\n|upkeep\n|\n|t:|1700174122\n|switch|p2a: Poliwrath|Poliwrath, M|75\/100 tox\n|turn|31\n|\n|t:|1700174126\n|-end|p1a: randy moss|confusion\n|move|p1a: randy moss|Acrobatics|p2a: Poliwrath\n|-supereffective|p2a: Poliwrath\n|-damage|p2a: Poliwrath|0 fnt\n|faint|p2a: Poliwrath\n|\n|-damage|p1a: randy moss|25\/100 brn|[from] brn\n|upkeep\n|\n|t:|1700174131\n|switch|p2a: Ribombee|Ribombee, F|9\/100 tox\n|turn|32\n|\n|t:|1700174136\n|move|p1a: randy moss|Acrobatics|p2a: Ribombee\n|-supereffective|p2a: Ribombee\n|-damage|p2a: Ribombee|0 fnt\n|faint|p2a: Ribombee\n|\n|-damage|p1a: randy moss|19\/100 brn|[from] brn\n|upkeep\n|\n|t:|1700174139\n|switch|p2a: Kingambit|Kingambit, F|100\/100\n|-activate|p2a: Kingambit|ability: Supreme Overlord\n|-start|p2a: Kingambit|fallen5|[silent]\n|turn|33\n|\n|t:|1700174172\n|move|p2a: Kingambit|Sucker Punch|p1a: randy moss\n|-resisted|p1a: randy moss\n|-damage|p1a: randy moss|0 fnt\n|faint|p1a: randy moss\n|-end|p1a: randy moss|Protosynthesis|[silent]\n|\n|upkeep\n|\n|t:|1700174175\n|switch|p1a: the bull|Tauros-Paldea-Blaze, M|37\/100\n|-activate|p1a: the bull|move: Sticky Web\n|-unboost|p1a: the bull|spe|1\n|-ability|p1a: the bull|Intimidate|boost\n|-unboost|p2a: Kingambit|atk|1\n|turn|34\n|\n|t:|1700174181\n|-terastallize|p2a: Kingambit|Flying\n|move|p1a: the bull|Will-O-Wisp|p2a: Kingambit\n|-status|p2a: Kingambit|brn\n|move|p2a: Kingambit|Low Kick|p1a: the bull\n|-damage|p1a: the bull|26\/100\n|\n|-heal|p1a: the bull|32\/100|[from] item: Leftovers\n|-damage|p2a: Kingambit|94\/100 brn|[from] brn\n|upkeep\n|turn|35\n|j| RiddleDog\n|c| RiddleDog|Oh hey guys\n|\n|t:|1700174194\n|move|p1a: the bull|Raging Bull|p2a: Kingambit\n|-damage|p2a: Kingambit|70\/100 brn\n|move|p2a: Kingambit|Kowtow Cleave|p1a: the bull\n|-resisted|p1a: the bull\n|-damage|p1a: the bull|24\/100\n|\n|-heal|p1a: the bull|30\/100|[from] item: Leftovers\n|-heal|p2a: Kingambit|76\/100 brn|[from] item: Leftovers\n|-damage|p2a: Kingambit|70\/100 brn|[from] brn\n|upkeep\n|turn|36\n|c| RiddleDog|What's goin on here\n|\n|t:|1700174199\n|move|p1a: the bull|Raging Bull|p2a: Kingambit\n|-damage|p2a: Kingambit|45\/100 brn\n|move|p2a: Kingambit|Swords Dance|p2a: Kingambit\n|-boost|p2a: Kingambit|atk|2\n|\n|-heal|p1a: the bull|36\/100|[from] item: Leftovers\n|-heal|p2a: Kingambit|51\/100 brn|[from] item: Leftovers\n|-damage|p2a: Kingambit|45\/100 brn|[from] brn\n|upkeep\n|turn|37\n|\n|t:|1700174207\n|move|p1a: the bull|Raging Bull|p2a: Kingambit\n|-crit|p2a: Kingambit\n|-damage|p2a: Kingambit|6\/100 brn\n|move|p2a: Kingambit|Swords Dance|p2a: Kingambit\n|-boost|p2a: Kingambit|atk|2\n|\n|-heal|p1a: the bull|42\/100|[from] item: Leftovers\n|-heal|p2a: Kingambit|12\/100 brn|[from] item: Leftovers\n|-damage|p2a: Kingambit|6\/100 brn|[from] brn\n|upkeep\n|turn|38\n|\n|t:|1700174214\n|move|p1a: the bull|Protect|p1a: the bull\n|-singleturn|p1a: the bull|Protect\n|move|p2a: Kingambit|Low Kick|p1a: the bull\n|-activate|p1a: the bull|move: Protect\n|\n|-heal|p1a: the bull|49\/100|[from] item: Leftovers\n|-heal|p2a: Kingambit|12\/100 brn|[from] item: Leftovers\n|-damage|p2a: Kingambit|6\/100 brn|[from] brn\n|upkeep\n|turn|39\n|\n|t:|1700174223\n|move|p1a: the bull|Raging Bull|p2a: Kingambit\n|-damage|p2a: Kingambit|0 fnt\n|faint|p2a: Kingambit\n|-end|p2a: Kingambit|fallen5|[silent]\n|\n|win|rustygoomba\n","uploadtime":1700174228,"views":27,"p1id":"rustygoomba","p2id":"gottagonotsofast","formatid":"gen9ubers","rating":0,"private":0,"password":""}