{"id":"gen9ubers-1982257340","p1":"vespyyy","p2":"ShadowblazinAceP","format":"[Gen 9] Ubers","log":"|j|\u2606vespyyy\n|j|\u2606ShadowblazinAceP\n|t:|1698985490\n|gametype|singles\n|player|p1|vespyyy|juggler|\n|player|p2|ShadowblazinAceP|ghetsis|\n|teamsize|p1|6\n|teamsize|p2|6\n|gen|9\n|tier|[Gen 9] Ubers\n|rule|Sleep Clause Mod: Limit one foe put to sleep\n|rule|Species Clause: Limit one of each Pok\u00e9mon\n|rule|OHKO Clause: OHKO moves are banned\n|rule|Evasion Items Clause: Evasion items are banned\n|rule|Evasion Moves Clause: Evasion moves are banned\n|rule|Endless Battle Clause: Forcing endless battles is banned\n|rule|HP Percentage Mod: HP is shown in percentages\n|clearpoke\n|poke|p1|Pelipper, M|\n|poke|p1|Basculegion-F, F|\n|poke|p1|Zacian-*|\n|poke|p1|Palkia-Origin|\n|poke|p1|Arceus-Grass|\n|poke|p1|Palafin, M|\n|poke|p2|Cyclizar, M|\n|poke|p2|Espathra, F|\n|poke|p2|Zacian-*|\n|poke|p2|Arceus-Fighting|\n|poke|p2|Magearna|\n|poke|p2|Ogerpon-Wellspring, F|\n|teampreview\n|c|\u2606ShadowblazinAceP|gl hf\n|\n|t:|1698985507\n|start\n|switch|p1a: Zacian|Zacian|100\/100\n|switch|p2a: Cyclizar|Cyclizar, M|100\/100\n|-ability|p1a: Zacian|Intrepid Sword|boost\n|-boost|p1a: Zacian|atk|1\n|turn|1\n|\n|t:|1698985515\n|move|p2a: Cyclizar|Shed Tail|p2a: Cyclizar\n|-start|p2a: Cyclizar|Substitute|[from] move: Shed Tail\n|-damage|p2a: Cyclizar|50\/100\n|\n|t:|1698985518\n|switch|p2a: Magearna|Magearna|100\/100|[from] Shed Tail\n|move|p1a: Zacian|Play Rough|p2a: Magearna\n|-resisted|p2a: Magearna\n|-activate|p2a: Magearna|move: Substitute|[damage]\n|\n|upkeep\n|turn|2\n|\n|t:|1698985525\n|switch|p1a: Arceus|Arceus-Grass|100\/100\n|move|p2a: Magearna|Shift Gear|p2a: Magearna\n|-boost|p2a: Magearna|spe|2\n|-boost|p2a: Magearna|atk|1\n|\n|upkeep\n|turn|3\n|\n|t:|1698985544\n|move|p2a: Magearna|Stored Power|p1a: Arceus\n|-damage|p1a: Arceus|86\/100\n|move|p1a: Arceus|Earth Power|p2a: Magearna\n|-supereffective|p2a: Magearna\n|-end|p2a: Magearna|Substitute\n|\n|upkeep\n|turn|4\n|\n|t:|1698985550\n|move|p2a: Magearna|Calm Mind|p2a: Magearna\n|-boost|p2a: Magearna|spa|1\n|-boost|p2a: Magearna|spd|1\n|move|p1a: Arceus|Calm Mind|p1a: Arceus\n|-boost|p1a: Arceus|spa|1\n|-boost|p1a: Arceus|spd|1\n|\n|upkeep\n|turn|5\n|\n|t:|1698985557\n|move|p2a: Magearna|Calm Mind|p2a: Magearna\n|-boost|p2a: Magearna|spa|1\n|-boost|p2a: Magearna|spd|1\n|move|p1a: Arceus|Earth Power|p2a: Magearna\n|-supereffective|p2a: Magearna\n|-damage|p2a: Magearna|72\/100\n|-unboost|p2a: Magearna|spd|1\n|-enditem|p2a: Magearna|Weakness Policy\n|-boost|p2a: Magearna|atk|2|[from] item: Weakness Policy\n|-boost|p2a: Magearna|spa|2|[from] item: Weakness Policy\n|\n|upkeep\n|turn|6\n|\n|t:|1698985566\n|-terastallize|p1a: Arceus|Ground\n|move|p2a: Magearna|Stored Power|p1a: Arceus\n|-damage|p1a: Arceus|0 fnt\n|faint|p1a: Arceus\n|-ability|p2a: Magearna|Soul-Heart|boost\n|-boost|p2a: Magearna|spa|1\n|\n|upkeep\n|\n|t:|1698985572\n|switch|p1a: Pelipper|Pelipper, M|100\/100\n|-weather|RainDance|[from] ability: Drizzle|[of] p1a: Pelipper\n|turn|7\n|\n|t:|1698985581\n|move|p2a: Magearna|Stored Power|p1a: Pelipper\n|-damage|p1a: Pelipper|0 fnt\n|faint|p1a: Pelipper\n|-ability|p2a: Magearna|Soul-Heart|boost\n|-boost|p2a: Magearna|spa|1\n|\n|-weather|RainDance|[upkeep]\n|upkeep\n|\n|t:|1698985583\n|switch|p1a: Palafin|Palafin, M|100\/100\n|turn|8\n|\n|t:|1698985589\n|detailschange|p1a: Palafin|Palafin-Hero, M\n|switch|p1a: Zacian|Zacian|100\/100\n|move|p2a: Magearna|Draining Kiss|p1a: Zacian\n|-damage|p1a: Zacian|25\/100\n|-heal|p2a: Magearna|100\/100|[from] drain|[of] p1a: Zacian\n|\n|-weather|RainDance|[upkeep]\n|upkeep\n|turn|9\n|\n|t:|1698985594\n|move|p2a: Magearna|Draining Kiss|p1a: Zacian\n|-damage|p1a: Zacian|0 fnt\n|faint|p1a: Zacian\n|\n|-weather|RainDance|[upkeep]\n|upkeep\n|\n|t:|1698985603\n|switch|p1a: Basculegion|Basculegion-F, F|100\/100\n|turn|10\n|\n|t:|1698985609\n|-terastallize|p2a: Magearna|Water\n|move|p1a: Basculegion|Wave Crash|p2a: Magearna\n|-resisted|p2a: Magearna\n|-damage|p2a: Magearna|70\/100\n|-damage|p1a: Basculegion|91\/100|[from] Recoil\n|move|p2a: Magearna|Stored Power|p1a: Basculegion\n|-damage|p1a: Basculegion|0 fnt\n|faint|p1a: Basculegion\n|\n|-weather|RainDance|[upkeep]\n|upkeep\n|-message|vespyyy forfeited.\n|\n|win|ShadowblazinAceP\n|l|\u2606vespyyy\n|c|\u2606ShadowblazinAceP|gg\n|j| Laza_beam\n|l| Laza_beam\n","uploadtime":1698986775,"views":19,"p1id":"vespyyy","p2id":"shadowblazinacep","formatid":"gen9ubers","rating":0,"private":0,"password":""}