{"id":"gen9ubers-1972748139","p1":"Bramhakamalam","p2":"Anne Frankkkk","format":"[Gen 9] Ubers","log":"|j|\u2606Bramhakamalam\n|j|\u2606Anne Frankkkk\n|t:|1697889133\n|gametype|singles\n|player|p1|Bramhakamalam|parasollady|1242\n|player|p2|Anne Frankkkk|hilbert|1097\n|teamsize|p1|6\n|teamsize|p2|6\n|gen|9\n|tier|[Gen 9] Ubers\n|rated|\n|rule|Sleep Clause Mod: Limit one foe put to sleep\n|rule|Species Clause: Limit one of each Pok\u00e9mon\n|rule|OHKO Clause: OHKO moves are banned\n|rule|Evasion Items Clause: Evasion items are banned\n|rule|Evasion Moves Clause: Evasion moves are banned\n|rule|Endless Battle Clause: Forcing endless battles is banned\n|rule|HP Percentage Mod: HP is shown in percentages\n|clearpoke\n|poke|p1|Dragapult, F|\n|poke|p1|Glimmora, F|\n|poke|p1|Espathra, F|\n|poke|p1|Ogerpon-Hearthflame, F|\n|poke|p1|Chi-Yu|\n|poke|p1|Chien-Pao|\n|poke|p2|Iron Hands|\n|poke|p2|Kyogre|\n|poke|p2|Chien-Pao|\n|poke|p2|Donphan, M|\n|poke|p2|Miraidon|\n|poke|p2|Iron Moth|\n|teampreview\n|inactive|Battle timer is ON: inactive players will automatically lose when time's up. (requested by Anne Frankkkk)\n|\n|t:|1697889144\n|start\n|switch|p1a: Espathra|Espathra, F|100\/100\n|switch|p2a: Kyogre|Kyogre|100\/100\n|-weather|RainDance|[from] ability: Drizzle|[of] p2a: Kyogre\n|turn|1\n|\n|t:|1697889156\n|switch|p1a: Dragapult|Dragapult, F|100\/100\n|move|p2a: Kyogre|Water Spout|p1a: Dragapult\n|-resisted|p1a: Dragapult\n|-damage|p1a: Dragapult|12\/100\n|\n|-weather|RainDance|[upkeep]\n|upkeep\n|turn|2\n|\n|t:|1697889161\n|move|p2a: Kyogre|Water Spout|p1a: Dragapult\n|-resisted|p1a: Dragapult\n|-damage|p1a: Dragapult|0 fnt\n|faint|p1a: Dragapult\n|\n|-weather|RainDance|[upkeep]\n|upkeep\n|\n|t:|1697889171\n|switch|p1a: Glimmora|Glimmora, F|100\/100\n|turn|3\n|\n|t:|1697889176\n|-terastallize|p1a: Glimmora|Grass\n|move|p2a: Kyogre|Water Spout|p1a: Glimmora\n|-resisted|p1a: Glimmora\n|-damage|p1a: Glimmora|13\/100\n|move|p1a: Glimmora|Energy Ball|p2a: Kyogre\n|-supereffective|p2a: Kyogre\n|-damage|p2a: Kyogre|32\/100\n|\n|-weather|RainDance|[upkeep]\n|upkeep\n|turn|4\n|\n|t:|1697889182\n|move|p2a: Kyogre|Water Spout|p1a: Glimmora\n|-resisted|p1a: Glimmora\n|-damage|p1a: Glimmora|0 fnt\n|faint|p1a: Glimmora\n|\n|-weather|RainDance|[upkeep]\n|upkeep\n|\n|t:|1697889185\n|switch|p1a: Ogerpon|Ogerpon-Hearthflame, F|100\/100\n|-ability|p1a: Ogerpon|Mold Breaker\n|turn|5\n|\n|t:|1697889191\n|switch|p2a: Donphan|Donphan, M, shiny|100\/100\n|move|p1a: Ogerpon|Swords Dance|p1a: Ogerpon\n|-boost|p1a: Ogerpon|atk|2\n|\n|-weather|none\n|upkeep\n|turn|6\n|\n|t:|1697889198\n|move|p1a: Ogerpon|Trailblaze|p2a: Donphan\n|-supereffective|p2a: Donphan\n|-damage|p2a: Donphan|17\/100\n|-boost|p1a: Ogerpon|spe|1\n|move|p2a: Donphan|Earthquake|p1a: Ogerpon\n|-damage|p1a: Ogerpon|27\/100\n|\n|upkeep\n|turn|7\n|\n|t:|1697889207\n|move|p1a: Ogerpon|Stomping Tantrum|p2a: Donphan\n|-damage|p2a: Donphan|0 fnt\n|faint|p2a: Donphan\n|\n|upkeep\n|\n|t:|1697889210\n|switch|p2a: Chien-Pao|Chien-Pao|100\/100\n|-ability|p2a: Chien-Pao|Sword of Ruin\n|turn|8\n|\n|t:|1697889213\n|move|p2a: Chien-Pao|Sucker Punch|p1a: Ogerpon\n|-crit|p1a: Ogerpon\n|-damage|p1a: Ogerpon|0 fnt\n|faint|p1a: Ogerpon\n|-damage|p2a: Chien-Pao|91\/100|[from] item: Life Orb\n|\n|upkeep\n|\n|t:|1697889217\n|switch|p1a: Chien-Pao|Chien-Pao|100\/100\n|-ability|p1a: Chien-Pao|Sword of Ruin\n|turn|9\n|\n|t:|1697889219\n|move|p1a: Chien-Pao|Sacred Sword|p2a: Chien-Pao\n|-supereffective|p2a: Chien-Pao\n|-damage|p2a: Chien-Pao|0 fnt\n|faint|p2a: Chien-Pao\n|\n|upkeep\n|\n|t:|1697889223\n|switch|p2a: Iron Hands|Iron Hands, shiny|100\/100\n|turn|10\n|\n|t:|1697889230\n|switch|p1a: Espathra|Espathra, F|100\/100\n|move|p2a: Iron Hands|Fake Out|p1a: Espathra\n|-damage|p1a: Espathra|82\/100\n|\n|-heal|p1a: Espathra|88\/100|[from] item: Leftovers\n|upkeep\n|turn|11\n|\n|t:|1697889235\n|move|p1a: Espathra|Calm Mind|p1a: Espathra\n|-boost|p1a: Espathra|spa|1\n|-boost|p1a: Espathra|spd|1\n|move|p2a: Iron Hands|Heavy Slam|p1a: Espathra\n|-damage|p1a: Espathra|42\/100\n|\n|-heal|p1a: Espathra|48\/100|[from] item: Leftovers\n|-ability|p1a: Espathra|Speed Boost|boost\n|-boost|p1a: Espathra|spe|1\n|upkeep\n|turn|12\n|\n|t:|1697889244\n|move|p1a: Espathra|Calm Mind|p1a: Espathra\n|-boost|p1a: Espathra|spa|1\n|-boost|p1a: Espathra|spd|1\n|move|p2a: Iron Hands|Wild Charge|p1a: Espathra\n|-damage|p1a: Espathra|0 fnt\n|faint|p1a: Espathra\n|-damage|p2a: Iron Hands|91\/100|[from] Recoil\n|\n|upkeep\n|\n|t:|1697889250\n|switch|p1a: Chi-Yu|Chi-Yu|100\/100\n|-ability|p1a: Chi-Yu|Beads of Ruin\n|turn|13\n|j| MaggMaxx\n|\n|t:|1697889253\n|move|p1a: Chi-Yu|Psychic|p2a: Iron Hands\n|-supereffective|p2a: Iron Hands\n|-damage|p2a: Iron Hands|41\/100\n|-unboost|p2a: Iron Hands|spd|1\n|move|p2a: Iron Hands|Drain Punch|p1a: Chi-Yu\n|-supereffective|p1a: Chi-Yu\n|-damage|p1a: Chi-Yu|0 fnt\n|-heal|p2a: Iron Hands|65\/100|[from] drain|[of] p1a: Chi-Yu\n|faint|p1a: Chi-Yu\n|\n|upkeep\n|\n|t:|1697889257\n|switch|p1a: Chien-Pao|Chien-Pao|100\/100\n|-ability|p1a: Chien-Pao|Sword of Ruin\n|turn|14\n|\n|t:|1697889263\n|move|p1a: Chien-Pao|Ice Spinner|p2a: Iron Hands\n|-damage|p2a: Iron Hands|30\/100\n|move|p2a: Iron Hands|Drain Punch|p1a: Chien-Pao\n|-supereffective|p1a: Chien-Pao\n|-damage|p1a: Chien-Pao|0 fnt\n|-heal|p2a: Iron Hands|60\/100|[from] drain|[of] p1a: Chien-Pao\n|faint|p1a: Chien-Pao\n|\n|win|Anne Frankkkk\n|raw|Bramhakamalam's rating: 1242 &rarr; <strong>1207<\/strong><br \/>(-35 for losing)\n|raw|Anne Frankkkk's rating: 1097 &rarr; <strong>1132<\/strong><br \/>(+35 for winning)\n|l|\u2606Bramhakamalam\n","uploadtime":1697889273,"views":8,"p1id":"bramhakamalam","p2id":"annefrankkkk","formatid":"gen9ubers","rating":1132,"private":0,"password":""}