{"id":"gen9ubers-1982166868","p1":"ShwyGuy","p2":"Durandral","format":"[Gen 9] Ubers","log":"|j|\u2606ShwyGuy\n|j|\u2606Durandral\n|t:|1698974805\n|gametype|singles\n|player|p1|ShwyGuy|riley|\n|player|p2|Durandral|riley|\n|teamsize|p1|6\n|teamsize|p2|6\n|gen|9\n|tier|[Gen 9] Ubers\n|rule|Sleep Clause Mod: Limit one foe put to sleep\n|rule|Species Clause: Limit one of each Pok\u00e9mon\n|rule|OHKO Clause: OHKO moves are banned\n|rule|Evasion Items Clause: Evasion items are banned\n|rule|Evasion Moves Clause: Evasion moves are banned\n|rule|Endless Battle Clause: Forcing endless battles is banned\n|rule|HP Percentage Mod: HP is shown in percentages\n|clearpoke\n|poke|p1|Torkoal, F|\n|poke|p1|Walking Wake|\n|poke|p1|Lilligant-Hisui, F|\n|poke|p1|Ceruledge, F|\n|poke|p1|Donphan, M|\n|poke|p1|Thundurus, M|\n|poke|p2|Dragonite, F|\n|poke|p2|Regieleki|\n|poke|p2|Arcanine, M|\n|poke|p2|Garganacl, M|\n|poke|p2|Regidrago|\n|poke|p2|Sylveon, F|\n|teampreview\n|j| BrimstoneElemental\n|c|\u2606ShwyGuy|Good luck brother\n|c|\u2606Durandral|same to you\n|c|\u2606Durandral|i am ready to lose :D\n|c|\u2606ShwyGuy|Nah you got this\n|c|\u2606ShwyGuy|I believe\n|c|\u2606ShwyGuy|anything can happen\n|c|\u2606Durandral|lol\n|c|\u2606Durandral|i have no faith\n|\n|t:|1698974879\n|start\n|switch|p1a: Thundurus|Thundurus, M|100\/100\n|switch|p2a: Regidrago|Regidrago|100\/100\n|turn|1\n|c|\u2606ShwyGuy|I have never seen this guy used ever\n|c|\u2606ShwyGuy|I have no idea what it does\n|c|\u2606Durandral|welcome to the club\n|l| BrimstoneElemental\n|c|\u2606Durandral|he does big damage and that's all i know\n|c|\u2606Durandral|it is a very odd mon\n|\n|t:|1698975006\n|move|p1a: Thundurus|Volt Switch|p2a: Regidrago\n|-resisted|p2a: Regidrago\n|-damage|p2a: Regidrago|80\/100\n|\n|t:|1698975010\n|switch|p1a: Pickleball|Torkoal, F|100\/100|[from] Volt Switch\n|-weather|SunnyDay|[from] ability: Drought|[of] p1a: Pickleball\n|move|p2a: Regidrago|Dragon Energy|p1a: Pickleball\n|-crit|p1a: Pickleball\n|-damage|p1a: Pickleball|0 fnt\n|faint|p1a: Pickleball\n|\n|-weather|SunnyDay|[upkeep]\n|upkeep\n|c|\u2606ShwyGuy|WHOA\n|c|\u2606Durandral|that crit was definitely overkill lol\n|\n|t:|1698975243\n|switch|p1a: Lilligant|Lilligant-Hisui, F|100\/100\n|turn|2\n|\n|t:|1698975285\n|move|p1a: Lilligant|Close Combat|p2a: Regidrago\n|-damage|p2a: Regidrago|7\/100\n|-unboost|p1a: Lilligant|def|1\n|-unboost|p1a: Lilligant|spd|1\n|-damage|p1a: Lilligant|91\/100|[from] item: Life Orb\n|move|p2a: Regidrago|Dragon Energy|p1a: Lilligant\n|-damage|p1a: Lilligant|66\/100\n|\n|-weather|SunnyDay|[upkeep]\n|upkeep\n|turn|3\n|\n|t:|1698975298\n|move|p1a: Lilligant|Solar Blade||[still]\n|-prepare|p1a: Lilligant|Solar Blade\n|-anim|p1a: Lilligant|Solar Blade|p2a: Regidrago\n|-resisted|p2a: Regidrago\n|-damage|p2a: Regidrago|0 fnt\n|faint|p2a: Regidrago\n|-damage|p1a: Lilligant|56\/100|[from] item: Life Orb\n|\n|-weather|SunnyDay|[upkeep]\n|upkeep\n|j| bareraptor\n|\n|t:|1698975387\n|switch|p2a: Dragonite|Dragonite, F|100\/100\n|turn|4\n|\n|t:|1698975393\n|move|p1a: Lilligant|Ice Spinner|p2a: Dragonite\n|-supereffective|p2a: Dragonite\n|-damage|p2a: Dragonite|27\/100\n|-damage|p1a: Lilligant|46\/100|[from] item: Life Orb\n|move|p2a: Dragonite|Outrage|p1a: Lilligant\n|-damage|p1a: Lilligant|0 fnt\n|faint|p1a: Lilligant\n|\n|-weather|SunnyDay|[upkeep]\n|upkeep\n|j| kayjulers\n|c|\u2606Durandral|was hoping for a switch so that was a good call\n|\n|t:|1698975619\n|switch|p1a: Thundurus|Thundurus, M|100\/100\n|turn|5\n|\n|t:|1698975624\n|move|p1a: Thundurus|Thunderbolt|p2a: Dragonite\n|-damage|p2a: Dragonite|0 fnt\n|faint|p2a: Dragonite\n|\n|-weather|SunnyDay|[upkeep]\n|upkeep\n|\n|t:|1698975779\n|switch|p2a: Regieleki|Regieleki|100\/100\n|turn|6\n|\n|t:|1698975808\n|move|p2a: Regieleki|Light Screen|p2a: Regieleki\n|-sidestart|p2: Durandral|move: Light Screen\n|move|p1a: Thundurus|Volt Switch|p2a: Regieleki\n|-resisted|p2a: Regieleki\n|-damage|p2a: Regieleki|86\/100\n|\n|t:|1698975840\n|switch|p1a: Donphan|Donphan, M|100\/100|[from] Volt Switch\n|\n|-weather|SunnyDay|[upkeep]\n|upkeep\n|turn|7\n|\n|t:|1698975854\n|move|p2a: Regieleki|Reflect|p2a: Regieleki\n|-sidestart|p2: Durandral|Reflect\n|move|p1a: Donphan|Earthquake|p2a: Regieleki\n|-supereffective|p2a: Regieleki\n|-damage|p2a: Regieleki|3\/100\n|\n|-weather|SunnyDay|[upkeep]\n|upkeep\n|turn|8\n|c|\u2606ShwyGuy|darn\n|\n|t:|1698975903\n|switch|p2a: Sylveon|Sylveon, F|100\/100\n|move|p1a: Donphan|Rapid Spin|p2a: Sylveon\n|-damage|p2a: Sylveon|90\/100\n|-boost|p1a: Donphan|spe|1\n|\n|-weather|none\n|-heal|p2a: Sylveon|96\/100|[from] item: Leftovers\n|upkeep\n|turn|9\n|\n|t:|1698975931\n|move|p1a: Donphan|Knock Off|p2a: Sylveon\n|-resisted|p2a: Sylveon\n|-damage|p2a: Sylveon|87\/100\n|-enditem|p2a: Sylveon|Leftovers|[from] move: Knock Off|[of] p1a: Donphan\n|move|p2a: Sylveon|Calm Mind|p2a: Sylveon\n|-boost|p2a: Sylveon|spa|1\n|-boost|p2a: Sylveon|spd|1\n|\n|upkeep\n|turn|10\n|\n|t:|1698975954\n|move|p1a: Donphan|Earthquake|p2a: Sylveon\n|-damage|p2a: Sylveon|53\/100\n|move|p2a: Sylveon|Calm Mind|p2a: Sylveon\n|-boost|p2a: Sylveon|spa|1\n|-boost|p2a: Sylveon|spd|1\n|\n|upkeep\n|turn|11\n|\n|t:|1698975970\n|move|p1a: Donphan|Earthquake|p2a: Sylveon\n|-damage|p2a: Sylveon|22\/100\n|move|p2a: Sylveon|Wish|p2a: Sylveon\n|\n|upkeep\n|turn|12\n|\n|t:|1698975976\n|move|p2a: Sylveon|Protect|p2a: Sylveon\n|-singleturn|p2a: Sylveon|Protect\n|move|p1a: Donphan|Earthquake|p2a: Sylveon\n|-activate|p2a: Sylveon|move: Protect\n|\n|-heal|p2a: Sylveon|72\/100|[from] move: Wish|[wisher] Sylveon\n|upkeep\n|turn|13\n|\n|t:|1698975984\n|move|p1a: Donphan|Earthquake|p2a: Sylveon\n|-damage|p2a: Sylveon|41\/100\n|move|p2a: Sylveon|Hyper Voice|p1a: Donphan\n|-ability|p1a: Donphan|Sturdy\n|-damage|p1a: Donphan|1\/100\n|\n|-heal|p1a: Donphan|7\/100|[from] item: Leftovers\n|-sideend|p2: Durandral|move: Light Screen\n|upkeep\n|turn|14\n|\n|t:|1698976000\n|move|p1a: Donphan|Earthquake|p2a: Sylveon\n|-damage|p2a: Sylveon|8\/100\n|move|p2a: Sylveon|Wish|p2a: Sylveon\n|\n|-heal|p1a: Donphan|13\/100|[from] item: Leftovers\n|-sideend|p2: Durandral|Reflect\n|upkeep\n|turn|15\n|\n|t:|1698976019\n|move|p2a: Sylveon|Protect|p2a: Sylveon\n|-singleturn|p2a: Sylveon|Protect\n|move|p1a: Donphan|Earthquake|p2a: Sylveon\n|-activate|p2a: Sylveon|move: Protect\n|\n|-heal|p2a: Sylveon|58\/100|[from] move: Wish|[wisher] Sylveon\n|-heal|p1a: Donphan|19\/100|[from] item: Leftovers\n|upkeep\n|turn|16\n|\n|t:|1698976104\n|switch|p2a: Arcanine|Arcanine, M|100\/100\n|-ability|p2a: Arcanine|Intimidate|boost\n|-unboost|p1a: Donphan|atk|1\n|move|p1a: Donphan|Earthquake|p2a: Arcanine\n|-supereffective|p2a: Arcanine\n|-crit|p2a: Arcanine\n|-damage|p2a: Arcanine|0 fnt\n|faint|p2a: Arcanine\n|\n|-heal|p1a: Donphan|25\/100|[from] item: Leftovers\n|upkeep\n|c|\u2606ShwyGuy|yikes\n|c|\u2606Durandral|welp there goes the crit that matters lol\n|\n|t:|1698976129\n|switch|p2a: Garganacl|Garganacl, M|100\/100\n|turn|17\n|\n|t:|1698976145\n|move|p1a: Donphan|Earthquake|p2a: Garganacl\n|-supereffective|p2a: Garganacl\n|-damage|p2a: Garganacl|61\/100\n|move|p2a: Garganacl|Salt Cure|p1a: Donphan\n|-resisted|p1a: Donphan\n|-crit|p1a: Donphan\n|-damage|p1a: Donphan|17\/100\n|-start|p1a: Donphan|Salt Cure\n|\n|-heal|p1a: Donphan|23\/100|[from] item: Leftovers\n|-heal|p2a: Garganacl|68\/100|[from] item: Leftovers\n|-damage|p1a: Donphan|11\/100|[from] Salt Cure\n|upkeep\n|turn|18\n|c|\u2606Durandral|arcanine just has no luck lol\n|\n|t:|1698976192\n|move|p1a: Donphan|Earthquake|p2a: Garganacl\n|-supereffective|p2a: Garganacl\n|-damage|p2a: Garganacl|31\/100\n|move|p2a: Garganacl|Stealth Rock|p1a: Donphan\n|-sidestart|p1: ShwyGuy|move: Stealth Rock\n|\n|-heal|p1a: Donphan|17\/100|[from] item: Leftovers\n|-heal|p2a: Garganacl|38\/100|[from] item: Leftovers\n|-damage|p1a: Donphan|5\/100|[from] Salt Cure\n|upkeep\n|turn|19\n|\n|t:|1698976202\n|move|p2a: Garganacl|Protect|p2a: Garganacl\n|-singleturn|p2a: Garganacl|Protect\n|move|p1a: Donphan|Earthquake|p2a: Garganacl\n|-activate|p2a: Garganacl|move: Protect\n|\n|-heal|p1a: Donphan|11\/100|[from] item: Leftovers\n|-heal|p2a: Garganacl|44\/100|[from] item: Leftovers\n|-damage|p1a: Donphan|0 fnt|[from] Salt Cure\n|faint|p1a: Donphan\n|upkeep\n|\n|t:|1698976498\n|switch|p1a: Walking Wake|Walking Wake|100\/100\n|-damage|p1a: Walking Wake|88\/100|[from] Stealth Rock\n|turn|20\n|\n|t:|1698976547\n|switch|p2a: Regieleki|Regieleki|3\/100\n|move|p1a: Walking Wake|Hydro Steam|p2a: Regieleki\n|-damage|p2a: Regieleki|0 fnt\n|faint|p2a: Regieleki\n|\n|upkeep\n|\n|t:|1698976555\n|switch|p2a: Sylveon|Sylveon, F|58\/100\n|turn|21\n|\n|t:|1698976588\n|move|p1a: Walking Wake|Hydro Steam|p2a: Sylveon\n|-damage|p2a: Sylveon|33\/100\n|move|p2a: Sylveon|Wish|p2a: Sylveon\n|\n|upkeep\n|turn|22\n|\n|t:|1698976614\n|-end|p1a: Walking Wake|Protosynthesis|[silent]\n|switch|p1a: Dylan|Ceruledge, F|100\/100\n|move|p2a: Sylveon|Protect||[still]\n|-fail|p2a: Sylveon\n|\n|-heal|p2a: Sylveon|83\/100|[from] move: Wish|[wisher] Sylveon\n|upkeep\n|turn|23\n|\n|t:|1698976659\n|move|p1a: Dylan|Swords Dance|p1a: Dylan\n|-boost|p1a: Dylan|atk|2\n|move|p2a: Sylveon|Wish|p2a: Sylveon\n|\n|upkeep\n|turn|24\n|\n|t:|1698976833\n|move|p1a: Dylan|Shadow Claw|p2a: Sylveon\n|-damage|p2a: Sylveon|0 fnt\n|faint|p2a: Sylveon\n|\n|upkeep\n|c|\u2606ShwyGuy|Oh thank god\n|c|\u2606ShwyGuy|If you switched into gargancl there I don't think I couldve done a thing about it\n|c|\u2606Durandral|uh i'm not sure what happened there. i am very confused right now\n|c|\u2606Durandral|i literally hit switch?\n|\n|t:|1698976886\n|switch|p2a: Garganacl|Garganacl, M|44\/100\n|turn|25\n|c|\u2606ShwyGuy|oh geez\n|c|\u2606ShwyGuy|that sucks\n|c|\u2606ShwyGuy|I took off CC from this at the last minute like a fool\n|c|\u2606Durandral|i hit cancel to check on my wish count but i clicked garganacl again\n|c|\u2606Durandral|does the game just not register the change at that point?\n|c| kayjulers|Sometimes Showdown eats more recent inputs due to internet connection or something. It's happened to me in ladder matches. That sucks\n|c|\u2606ShwyGuy|I have no idea\n|c|\u2606Durandral|oh that would make sense. feels bad man\n|j| Bogaes\n|c|\u2606ShwyGuy|definitely switching there wouldve been tough for me\n|c|\u2606Durandral|oh well it was a good one\n|c|\u2606ShwyGuy|for sure\n|c|\u2606Durandral|yeah i thought you had no out and we were just going to play chicken with switching until you die to stealth rock\n|c| Bogaes|Yeah, Shwy must have selected a move before you hit cancel\n|c| kayjulers|Tera grass on his wake\n|\n|t:|1698977003\n|move|p1a: Dylan|Bitter Blade|p2a: Garganacl\n|-resisted|p2a: Garganacl\n|-damage|p2a: Garganacl|18\/100\n|move|p2a: Garganacl|Recover|p2a: Garganacl\n|-heal|p2a: Garganacl|68\/100\n|\n|-heal|p2a: Garganacl|74\/100|[from] item: Leftovers\n|upkeep\n|turn|26\n|\n|t:|1698977014\n|move|p1a: Dylan|Bitter Blade|p2a: Garganacl\n|-resisted|p2a: Garganacl\n|-damage|p2a: Garganacl|47\/100\n|move|p2a: Garganacl|Salt Cure|p1a: Dylan\n|-supereffective|p1a: Dylan\n|-damage|p1a: Dylan|64\/100\n|-start|p1a: Dylan|Salt Cure\n|\n|-heal|p2a: Garganacl|53\/100|[from] item: Leftovers\n|-damage|p1a: Dylan|52\/100|[from] Salt Cure\n|upkeep\n|turn|27\n|\n|t:|1698977025\n|move|p1a: Dylan|Swords Dance|p1a: Dylan\n|-boost|p1a: Dylan|atk|2\n|move|p2a: Garganacl|Recover|p2a: Garganacl\n|-heal|p2a: Garganacl|100\/100\n|\n|-damage|p1a: Dylan|39\/100|[from] Salt Cure\n|upkeep\n|turn|28\n|\n|t:|1698977035\n|move|p2a: Garganacl|Protect|p2a: Garganacl\n|-singleturn|p2a: Garganacl|Protect\n|move|p1a: Dylan|Bitter Blade|p2a: Garganacl\n|-activate|p2a: Garganacl|move: Protect\n|\n|-damage|p1a: Dylan|27\/100|[from] Salt Cure\n|upkeep\n|turn|29\n|\n|t:|1698977052\n|move|p1a: Dylan|Bitter Blade|p2a: Garganacl\n|-resisted|p2a: Garganacl\n|-damage|p2a: Garganacl|66\/100\n|-heal|p1a: Dylan|50\/100|[from] drain|[of] p2a: Garganacl\n|move|p2a: Garganacl|Recover|p2a: Garganacl\n|-heal|p2a: Garganacl|100\/100\n|\n|-damage|p1a: Dylan|38\/100|[from] Salt Cure\n|upkeep\n|turn|30\n|\n|t:|1698977060\n|move|p1a: Dylan|Swords Dance|p1a: Dylan\n|-boost|p1a: Dylan|atk|2\n|move|p2a: Garganacl|Salt Cure|p1a: Dylan\n|-supereffective|p1a: Dylan\n|-damage|p1a: Dylan|0 fnt\n|faint|p1a: Dylan\n|\n|upkeep\n|c|\u2606ShwyGuy|hehe well played\n|\n|t:|1698977076\n|switch|p1a: Walking Wake|Walking Wake|88\/100\n|-damage|p1a: Walking Wake|76\/100|[from] Stealth Rock\n|turn|31\n|c|\u2606Durandral|ye i lose now. it happens\n|c|\u2606ShwyGuy|nah sorry i meant not clicking protect was a good move\n|\n|t:|1698977121\n|move|p1a: Walking Wake|Hydro Steam|p2a: Garganacl\n|-supereffective|p2a: Garganacl\n|-damage|p2a: Garganacl|30\/100\n|move|p2a: Garganacl|Salt Cure|p1a: Walking Wake\n|-damage|p1a: Walking Wake|60\/100\n|-start|p1a: Walking Wake|Salt Cure\n|\n|-heal|p2a: Garganacl|36\/100|[from] item: Leftovers\n|-damage|p1a: Walking Wake|35\/100|[from] Salt Cure\n|upkeep\n|turn|32\n|c|\u2606Durandral|O_o\n|c|\u2606ShwyGuy|oh fuck I could lose with enough protects\n|\n|t:|1698977151\n|move|p2a: Garganacl|Protect|p2a: Garganacl\n|-singleturn|p2a: Garganacl|Protect\n|move|p1a: Walking Wake|Hydro Steam|p2a: Garganacl\n|-activate|p2a: Garganacl|move: Protect\n|\n|-heal|p2a: Garganacl|43\/100|[from] item: Leftovers\n|-damage|p1a: Walking Wake|10\/100|[from] Salt Cure\n|upkeep\n|turn|33\n|c|\u2606Durandral|TIME TO ROLL THE DIE\n|\n|t:|1698977159\n|move|p2a: Garganacl|Protect|p2a: Garganacl\n|-singleturn|p2a: Garganacl|Protect\n|move|p1a: Walking Wake|Hydro Steam|p2a: Garganacl\n|-activate|p2a: Garganacl|move: Protect\n|\n|-heal|p2a: Garganacl|49\/100|[from] item: Leftovers\n|-damage|p1a: Walking Wake|0 fnt|[from] Salt Cure\n|faint|p1a: Walking Wake\n|-end|p1a: Walking Wake|Protosynthesis|[silent]\n|upkeep\n|c|\u2606Durandral|HOLY\n|c| kayjulers|Oh my God\n|\n|t:|1698977169\n|switch|p1a: Thundurus|Thundurus, M|100\/100\n|-damage|p1a: Thundurus|76\/100|[from] Stealth Rock\n|turn|34\n|c|\u2606ShwyGuy|nvm I forgot I had this move\n|c|\u2606Durandral|do you have grass knot\n|c|\u2606ShwyGuy|yes\n|c| kayjulers|TERA GRASS\n|c|\u2606Durandral|SHIT LOL\n|c| kayjulers|DO IT NOW\n|\n|t:|1698977237\n|move|p1a: Thundurus|Grass Knot|p2a: Garganacl\n|-supereffective|p2a: Garganacl\n|-damage|p2a: Garganacl|0 fnt\n|faint|p2a: Garganacl\n|\n|win|ShwyGuy\n|c|\u2606Durandral|gg friend\n|l| Bogaes\n|c|\u2606ShwyGuy|wow well can I just say amazing game otherwise\n|c|\u2606Durandral|that was great\n|c|\u2606ShwyGuy|well played for sure I got so lucky\n","uploadtime":1698977283,"views":23,"p1id":"shwyguy","p2id":"durandral","formatid":"gen9ubers","rating":0,"private":0,"password":""}