{"id":"gen9ubers-1973950201","p1":"rustygoomba","p2":"Nagaina040501","format":"[Gen 9] Ubers","log":"|j|\u2606rustygoomba\n|j|\u2606Nagaina040501\n|t:|1698031904\n|gametype|singles\n|player|p1|rustygoomba|policeman-gen8|\n|player|p2|Nagaina040501|sailor|\n|teamsize|p1|6\n|teamsize|p2|6\n|gen|9\n|tier|[Gen 9] Ubers\n|rule|Sleep Clause Mod: Limit one foe put to sleep\n|rule|Species Clause: Limit one of each Pok\u00e9mon\n|rule|OHKO Clause: OHKO moves are banned\n|rule|Evasion Items Clause: Evasion items are banned\n|rule|Evasion Moves Clause: Evasion moves are banned\n|rule|Endless Battle Clause: Forcing endless battles is banned\n|rule|HP Percentage Mod: HP is shown in percentages\n|clearpoke\n|poke|p1|Veluza, M|\n|poke|p1|Clodsire, M|\n|poke|p1|Tauros-Paldea-Blaze, M|\n|poke|p1|Iron Bundle|\n|poke|p1|Frosmoth, F|\n|poke|p1|Roaring Moon|\n|poke|p2|Slowking-Galar, F|\n|poke|p2|Baxcalibur, M|\n|poke|p2|Ursaluna-Bloodmoon, M|\n|poke|p2|Toxapex, F|\n|poke|p2|Palafin, F|\n|poke|p2|Zapdos|\n|teampreview\n|\n|t:|1698031928\n|start\n|switch|p1a: elon musk|Veluza, M|100\/100\n|switch|p2a: Palafin|Palafin, F|100\/100\n|turn|1\n|\n|t:|1698031937\n|move|p1a: elon musk|Final Gambit|p2a: Palafin\n|-damage|p2a: Palafin|0 fnt\n|faint|p1a: elon musk\n|faint|p2a: Palafin\n|\n|upkeep\n|\n|t:|1698031952\n|switch|p2a: Real Gone|Zapdos|100\/100\n|switch|p1a: g2rald|Clodsire, M|100\/100\n|turn|2\n|\n|t:|1698031960\n|move|p2a: Real Gone|Hurricane|p1a: g2rald|[miss]\n|-miss|p2a: Real Gone|p1a: g2rald\n|move|p1a: g2rald|Stealth Rock|p2a: Real Gone\n|-sidestart|p2: Nagaina040501|move: Stealth Rock\n|\n|upkeep\n|turn|3\n|\n|t:|1698031974\n|move|p2a: Real Gone|Hurricane|p1a: g2rald\n|-damage|p1a: g2rald|77\/100\n|move|p1a: g2rald|Toxic|p2a: Real Gone\n|-status|p2a: Real Gone|tox\n|\n|-heal|p1a: g2rald|83\/100|[from] item: Black Sludge\n|-damage|p2a: Real Gone|94\/100 tox|[from] psn\n|upkeep\n|turn|4\n|\n|t:|1698031982\n|move|p2a: Real Gone|Volt Switch|p1a: g2rald\n|-immune|p1a: g2rald\n|move|p1a: g2rald|Toxic|p2a: Real Gone\n|-fail|p2a: Real Gone|tox\n|\n|-heal|p1a: g2rald|89\/100|[from] item: Black Sludge\n|-damage|p2a: Real Gone|82\/100 tox|[from] psn\n|upkeep\n|turn|5\n|\n|t:|1698031997\n|move|p2a: Real Gone|Hurricane|p1a: g2rald\n|-damage|p1a: g2rald|66\/100\n|move|p1a: g2rald|Toxic|p2a: Real Gone\n|-fail|p2a: Real Gone|tox\n|\n|-heal|p1a: g2rald|72\/100|[from] item: Black Sludge\n|-damage|p2a: Real Gone|64\/100 tox|[from] psn\n|upkeep\n|turn|6\n|\n|t:|1698032005\n|move|p2a: Real Gone|Hurricane|p1a: g2rald\n|-damage|p1a: g2rald|47\/100\n|move|p1a: g2rald|Recover|p1a: g2rald\n|-heal|p1a: g2rald|97\/100\n|\n|-heal|p1a: g2rald|100\/100|[from] item: Black Sludge\n|-damage|p2a: Real Gone|40\/100 tox|[from] psn\n|upkeep\n|turn|7\n|\n|t:|1698032013\n|move|p2a: Real Gone|Roost|p2a: Real Gone\n|-heal|p2a: Real Gone|91\/100 tox\n|-singleturn|p2a: Real Gone|move: Roost\n|move|p1a: g2rald|Toxic|p2a: Real Gone\n|-fail|p2a: Real Gone|tox\n|\n|-damage|p2a: Real Gone|61\/100 tox|[from] psn\n|upkeep\n|turn|8\n|\n|t:|1698032021\n|move|p2a: Real Gone|Roost|p2a: Real Gone\n|-heal|p2a: Real Gone|100\/100 tox\n|-singleturn|p2a: Real Gone|move: Roost\n|move|p1a: g2rald|Earthquake|p2a: Real Gone\n|-supereffective|p2a: Real Gone\n|-crit|p2a: Real Gone\n|-damage|p2a: Real Gone|36\/100 tox\n|\n|-damage|p2a: Real Gone|0 fnt|[from] psn\n|faint|p2a: Real Gone\n|upkeep\n|\n|t:|1698032033\n|switch|p2a: Baxcalibur|Baxcalibur, M|100\/100\n|-damage|p2a: Baxcalibur|76\/100|[from] Stealth Rock\n|turn|9\n|\n|t:|1698032037\n|move|p2a: Baxcalibur|Dragon Dance|p2a: Baxcalibur\n|-boost|p2a: Baxcalibur|atk|1\n|-boost|p2a: Baxcalibur|spe|1\n|move|p1a: g2rald|Toxic|p2a: Baxcalibur\n|-status|p2a: Baxcalibur|tox\n|\n|-damage|p2a: Baxcalibur|70\/100 tox|[from] psn\n|upkeep\n|turn|10\n|\n|t:|1698032044\n|move|p2a: Baxcalibur|Dragon Dance|p2a: Baxcalibur\n|-boost|p2a: Baxcalibur|atk|1\n|-boost|p2a: Baxcalibur|spe|1\n|move|p1a: g2rald|Recover||[still]\n|-fail|p1a: g2rald|heal\n|\n|-damage|p2a: Baxcalibur|57\/100 tox|[from] psn\n|upkeep\n|turn|11\n|\n|t:|1698032058\n|switch|p1a: seeing red|Tauros-Paldea-Blaze, M|100\/100\n|-ability|p1a: seeing red|Intimidate|boost\n|-unboost|p2a: Baxcalibur|atk|1\n|move|p2a: Baxcalibur|Glaive Rush|p1a: seeing red\n|-damage|p1a: seeing red|7\/100\n|-singlemove|p2a: Baxcalibur|Glaive Rush|[silent]\n|\n|-damage|p2a: Baxcalibur|39\/100 tox|[from] psn\n|upkeep\n|turn|12\n|\n|t:|1698032096\n|move|p2a: Baxcalibur|Ice Shard|p1a: seeing red\n|-resisted|p1a: seeing red\n|-damage|p1a: seeing red|0 fnt\n|faint|p1a: seeing red\n|\n|-damage|p2a: Baxcalibur|14\/100 tox|[from] psn\n|upkeep\n|\n|t:|1698032108\n|switch|p1a: randy moss|Roaring Moon|100\/100\n|-enditem|p1a: randy moss|Booster Energy\n|-activate|p1a: randy moss|ability: Protosynthesis|[fromitem]\n|-start|p1a: randy moss|protosynthesisatk\n|turn|13\n|\n|t:|1698032115\n|move|p2a: Baxcalibur|Glaive Rush|p1a: randy moss\n|-supereffective|p1a: randy moss\n|-damage|p1a: randy moss|0 fnt\n|-singlemove|p2a: Baxcalibur|Glaive Rush|[silent]\n|faint|p1a: randy moss\n|-end|p1a: randy moss|Protosynthesis|[silent]\n|\n|-damage|p2a: Baxcalibur|0 fnt|[from] psn\n|faint|p2a: Baxcalibur\n|upkeep\n|\n|t:|1698032131\n|switch|p1a: justin jefferson|Frosmoth, F|100\/100\n|switch|p2a: Toxapex|Toxapex, F|100\/100\n|-damage|p2a: Toxapex|88\/100|[from] Stealth Rock\n|turn|14\n|\n|t:|1698032138\n|move|p1a: justin jefferson|Substitute|p1a: justin jefferson\n|-start|p1a: justin jefferson|Substitute\n|-damage|p1a: justin jefferson|76\/100\n|move|p2a: Toxapex|Toxic||[still]\n|-fail|p2a: Toxapex\n|\n|-heal|p2a: Toxapex|94\/100|[from] item: Black Sludge\n|upkeep\n|turn|15\n|\n|t:|1698032144\n|move|p1a: justin jefferson|Quiver Dance|p1a: justin jefferson\n|-boost|p1a: justin jefferson|spa|1\n|-boost|p1a: justin jefferson|spd|1\n|-boost|p1a: justin jefferson|spe|1\n|move|p2a: Toxapex|Toxic||[still]\n|-fail|p2a: Toxapex\n|\n|-heal|p2a: Toxapex|100\/100|[from] item: Black Sludge\n|upkeep\n|turn|16\n|\n|t:|1698032152\n|move|p2a: Toxapex|Baneful Bunker|p2a: Toxapex\n|-singleturn|p2a: Toxapex|move: Protect\n|move|p1a: justin jefferson|Quiver Dance|p1a: justin jefferson\n|-boost|p1a: justin jefferson|spa|1\n|-boost|p1a: justin jefferson|spd|1\n|-boost|p1a: justin jefferson|spe|1\n|\n|upkeep\n|turn|17\n|\n|t:|1698032162\n|move|p2a: Toxapex|Baneful Bunker||[still]\n|-fail|p2a: Toxapex\n|move|p1a: justin jefferson|Quiver Dance|p1a: justin jefferson\n|-boost|p1a: justin jefferson|spa|1\n|-boost|p1a: justin jefferson|spd|1\n|-boost|p1a: justin jefferson|spe|1\n|\n|upkeep\n|turn|18\n|\n|t:|1698032176\n|move|p2a: Toxapex|Baneful Bunker|p2a: Toxapex\n|-singleturn|p2a: Toxapex|move: Protect\n|move|p1a: justin jefferson|Quiver Dance|p1a: justin jefferson\n|-boost|p1a: justin jefferson|spa|1\n|-boost|p1a: justin jefferson|spd|1\n|-boost|p1a: justin jefferson|spe|1\n|\n|upkeep\n|turn|19\n|\n|t:|1698032184\n|move|p2a: Toxapex|Baneful Bunker||[still]\n|-fail|p2a: Toxapex\n|move|p1a: justin jefferson|Giga Drain|p2a: Toxapex\n|-damage|p2a: Toxapex|28\/100\n|-heal|p1a: justin jefferson|100\/100|[from] drain|[of] p2a: Toxapex\n|\n|-heal|p2a: Toxapex|34\/100|[from] item: Black Sludge\n|upkeep\n|turn|20\n|\n|t:|1698032197\n|move|p2a: Toxapex|Baneful Bunker|p2a: Toxapex\n|-singleturn|p2a: Toxapex|move: Protect\n|move|p1a: justin jefferson|Giga Drain|p2a: Toxapex\n|-activate|p2a: Toxapex|move: Protect\n|\n|-heal|p2a: Toxapex|40\/100|[from] item: Black Sludge\n|upkeep\n|turn|21\n|\n|t:|1698032204\n|move|p1a: justin jefferson|Giga Drain|p2a: Toxapex\n|-damage|p2a: Toxapex|0 fnt\n|faint|p2a: Toxapex\n|\n|upkeep\n|\n|t:|1698032207\n|switch|p2a: Ursaluna|Ursaluna-Bloodmoon, M|100\/100\n|-damage|p2a: Ursaluna|95\/100|[from] Stealth Rock\n|turn|22\n|\n|t:|1698032218\n|-terastallize|p2a: Ursaluna|Normal\n|move|p1a: justin jefferson|Giga Drain|p2a: Ursaluna\n|-damage|p2a: Ursaluna|45\/100\n|move|p2a: Ursaluna|Blood Moon|p1a: justin jefferson\n|-activate|p1a: justin jefferson|move: Substitute|[damage]\n|\n|upkeep\n|turn|23\n|\n|t:|1698032236\n|move|p1a: justin jefferson|Giga Drain|p2a: Ursaluna\n|-damage|p2a: Ursaluna|0 fnt\n|faint|p2a: Ursaluna\n|\n|upkeep\n|\n|t:|1698032241\n|switch|p2a: Slowking|Slowking-Galar, F|100\/100\n|-damage|p2a: Slowking|88\/100|[from] Stealth Rock\n|turn|24\n|\n|t:|1698032246\n|move|p1a: justin jefferson|Ice Beam|p2a: Slowking\n|-damage|p2a: Slowking|0 fnt\n|faint|p2a: Slowking\n|\n|win|rustygoomba\n","uploadtime":1698032251,"views":18,"p1id":"rustygoomba","p2id":"nagaina040501","formatid":"gen9ubers","rating":0,"private":0,"password":""}