{"id":"gen9ubers-1992001070","p1":"Dang Rope Fan","p2":"4R4CH1S","format":"[Gen 9] Ubers","log":"|j|\u2606Dang Rope Fan\n|j|\u26064R4CH1S\n|t:|1700146632\n|gametype|singles\n|player|p1|Dang Rope Fan|elesa-masters2|\n|player|p2|4R4CH1S|cheryl|\n|teamsize|p1|6\n|teamsize|p2|6\n|gen|9\n|tier|[Gen 9] Ubers\n|rule|Sleep Clause Mod: Limit one foe put to sleep\n|rule|Species Clause: Limit one of each Pok\u00e9mon\n|rule|OHKO Clause: OHKO moves are banned\n|rule|Evasion Items Clause: Evasion items are banned\n|rule|Evasion Moves Clause: Evasion moves are banned\n|rule|Endless Battle Clause: Forcing endless battles is banned\n|rule|HP Percentage Mod: HP is shown in percentages\n|clearpoke\n|poke|p1|Samurott, F|\n|poke|p1|Thundurus, M|\n|poke|p1|Moltres|\n|poke|p1|Slowbro-Galar, F|\n|poke|p1|Zoroark-Hisui, F|\n|poke|p1|Darkrai|\n|poke|p2|Infernape, F|\n|poke|p2|Landorus-Therian, M|\n|poke|p2|Medicham, M|\n|poke|p2|Slowking-Galar, M|\n|poke|p2|Decidueye, F|\n|poke|p2|Eelektross, M|\n|teampreview\n|inactive|Battle timer is ON: inactive players will automatically lose when time's up. (requested by Dang Rope Fan)\n|c|\u2606Dang Rope Fan|gl\n|c|\u26064R4CH1S|glhf\n|inactive|4R4CH1S has 270 seconds left.\n|\n|t:|1700146669\n|start\n|switch|p1a: Samurott|Samurott, F|100\/100\n|switch|p2a: Infernape|Infernape, F|100\/100\n|turn|1\n|\n|t:|1700146679\n|switch|p2a: Eelektross|Eelektross, M|100\/100\n|move|p1a: Samurott|Flip Turn|p2a: Eelektross\n|-damage|p2a: Eelektross|79\/100\n|\n|t:|1700146688\n|switch|p1a: Slowbro|Slowbro-Galar, F|100\/100|[from] Flip Turn\n|\n|-heal|p2a: Eelektross|85\/100|[from] item: Leftovers\n|upkeep\n|turn|2\n|\n|t:|1700146694\n|move|p2a: Eelektross|Volt Switch|p1a: Slowbro\n|-damage|p1a: Slowbro|69\/100\n|\n|t:|1700146701\n|switch|p2a: Decidueye|Decidueye, F|100\/100|[from] Volt Switch\n|move|p1a: Slowbro|Sludge Bomb|p2a: Decidueye\n|-damage|p2a: Decidueye|63\/100\n|-status|p2a: Decidueye|psn\n|\n|-damage|p2a: Decidueye|50\/100 psn|[from] psn\n|upkeep\n|turn|3\n|\n|t:|1700146718\n|switch|p1a: Moltres|Moltres|100\/100\n|move|p2a: Decidueye|Roost|p2a: Decidueye\n|-heal|p2a: Decidueye|100\/100 psn\n|-singleturn|p2a: Decidueye|move: Roost\n|\n|-damage|p2a: Decidueye|88\/100 psn|[from] psn\n|upkeep\n|turn|4\n|l|\u26064R4CH1S\n|inactive|4R4CH1S disconnected and has 300 seconds to reconnect!\n|player|p2|\n|inactiveoff|Battle timer is now OFF.\n|j|\u26064R4CH1S\n|player|p2|4R4CH1S|cheryl\n|\n|t:|1700146756\n|switch|p2a: Slowking|Slowking-Galar, M|100\/100\n|move|p1a: Moltres|U-turn|p2a: Slowking\n|-damage|p2a: Slowking|78\/100\n|l|\u26064R4CH1S\n|player|p2|\n|j|\u26064R4CH1S\n|player|p2|4R4CH1S|cheryl\n|\n|t:|1700146842\n|switch|p1a: Thundurus|Thundurus, M|100\/100|[from] U-turn\n|\n|upkeep\n|turn|5\n|c|\u26064R4CH1S|My internet is balls rn, sorry\n|c|\u2606Dang Rope Fan|it's all good\n|\n|t:|1700146856\n|move|p1a: Thundurus|Poltergeist|p2a: Slowking\n|-activate|p2a: Slowking|move: Poltergeist|Heavy-Duty Boots\n|-supereffective|p2a: Slowking\n|-damage|p2a: Slowking|0 fnt\n|faint|p2a: Slowking\n|\n|upkeep\n|\n|t:|1700146861\n|switch|p2a: Infernape|Infernape, F|100\/100\n|turn|6\n|\n|t:|1700146865\n|switch|p1a: Moltres|Moltres|100\/100\n|move|p2a: Infernape|Knock Off|p1a: Moltres\n|-damage|p1a: Moltres|73\/100\n|-enditem|p1a: Moltres|Heavy-Duty Boots|[from] move: Knock Off|[of] p2a: Infernape\n|\n|upkeep\n|turn|7\n|\n|t:|1700146874\n|move|p2a: Infernape|U-turn|p1a: Moltres\n|-resisted|p1a: Moltres\n|-damage|p1a: Moltres|68\/100\n|\n|t:|1700146878\n|switch|p2a: Eelektross|Eelektross, M|85\/100|[from] U-turn\n|move|p1a: Moltres|U-turn|p2a: Eelektross\n|-damage|p2a: Eelektross|68\/100\n|\n|t:|1700146882\n|switch|p1a: Slowbro|Slowbro-Galar, F|100\/100|[from] U-turn\n|\n|-heal|p2a: Eelektross|74\/100|[from] item: Leftovers\n|upkeep\n|turn|8\n|\n|t:|1700146885\n|move|p2a: Eelektross|Protect|p2a: Eelektross\n|-singleturn|p2a: Eelektross|Protect\n|move|p1a: Slowbro|Sludge Bomb|p2a: Eelektross\n|-activate|p2a: Eelektross|move: Protect\n|\n|-heal|p2a: Eelektross|80\/100|[from] item: Leftovers\n|upkeep\n|turn|9\n|\n|t:|1700146891\n|move|p2a: Eelektross|Volt Switch|p1a: Slowbro\n|-damage|p1a: Slowbro|72\/100\n|\n|t:|1700146894\n|switch|p2a: Landorus|Landorus-Therian, M|100\/100|[from] Volt Switch\n|-ability|p2a: Landorus|Intimidate|boost\n|-unboost|p1a: Slowbro|atk|1\n|move|p1a: Slowbro|Ice Beam|p2a: Landorus\n|-supereffective|p2a: Landorus\n|-damage|p2a: Landorus|0 fnt\n|faint|p2a: Landorus\n|\n|upkeep\n|\n|t:|1700146906\n|switch|p2a: Medicham|Medicham, M|100\/100\n|turn|10\n|\n|t:|1700146912\n|switch|p1a: Moltres|Moltres|68\/100\n|move|p2a: Medicham|Psycho Cut|p1a: Moltres\n|-damage|p1a: Moltres|26\/100\n|\n|upkeep\n|turn|11\n|\n|t:|1700146919\n|switch|p2a: Infernape|Infernape, F|100\/100\n|move|p1a: Moltres|Roost|p1a: Moltres\n|-heal|p1a: Moltres|76\/100\n|-singleturn|p1a: Moltres|move: Roost\n|\n|upkeep\n|turn|12\n|\n|t:|1700146933\n|move|p2a: Infernape|U-turn|p1a: Moltres\n|-resisted|p1a: Moltres\n|-damage|p1a: Moltres|72\/100\n|\n|t:|1700146937\n|switch|p2a: Decidueye|Decidueye, F|88\/100 psn|[from] U-turn\n|move|p1a: Moltres|U-turn|p2a: Decidueye\n|-damage|p2a: Decidueye|60\/100 psn\n|\n|t:|1700146940\n|switch|p1a: Darkrai|Darkrai|100\/100|[from] U-turn\n|\n|-damage|p2a: Decidueye|48\/100 psn|[from] psn\n|upkeep\n|turn|13\n|\n|t:|1700146954\n|move|p1a: Darkrai|Swords Dance|p1a: Darkrai\n|-boost|p1a: Darkrai|atk|2\n|move|p2a: Decidueye|Energy Ball|p1a: Darkrai\n|-damage|p1a: Darkrai|41\/100\n|\n|-damage|p2a: Decidueye|35\/100 psn|[from] psn\n|upkeep\n|turn|14\n|l|\u26064R4CH1S\n|player|p2|\n|j|\u26064R4CH1S\n|player|p2|4R4CH1S|cheryl\n|l|\u26064R4CH1S\n|player|p2|\n|j|\u26064R4CH1S\n|player|p2|4R4CH1S|cheryl\n|l|\u26064R4CH1S\n|player|p2|\n|j|\u26064R4CH1S\n|player|p2|4R4CH1S|cheryl\n|c|\u26064R4CH1S|Lol\n|\n|t:|1700147192\n|move|p1a: Darkrai|Knock Off|p2a: Decidueye\n|-supereffective|p2a: Decidueye\n|-damage|p2a: Decidueye|0 fnt\n|-enditem|p2a: Decidueye|Heavy-Duty Boots|[from] move: Knock Off|[of] p1a: Darkrai\n|faint|p2a: Decidueye\n|-damage|p1a: Darkrai|31\/100|[from] item: Life Orb\n|\n|upkeep\n|\n|t:|1700147198\n|switch|p2a: Medicham|Medicham, M|100\/100\n|turn|15\n|c|\u2606Dang Rope Fan|there we go\n|\n|t:|1700147209\n|move|p1a: Darkrai|Sucker Punch|p2a: Medicham\n|-damage|p2a: Medicham|0 fnt\n|faint|p2a: Medicham\n|-damage|p1a: Darkrai|21\/100|[from] item: Life Orb\n|\n|upkeep\n|\n|t:|1700147213\n|switch|p2a: Eelektross|Eelektross, M|80\/100\n|turn|16\n|\n|t:|1700147215\n|move|p1a: Darkrai|Knock Off|p2a: Eelektross\n|-damage|p2a: Eelektross|0 fnt\n|-enditem|p2a: Eelektross|Leftovers|[from] move: Knock Off|[of] p1a: Darkrai\n|faint|p2a: Eelektross\n|-damage|p1a: Darkrai|12\/100|[from] item: Life Orb\n|\n|upkeep\n|\n|t:|1700147218\n|switch|p2a: Infernape|Infernape, F|100\/100\n|turn|17\n|c|\u26064R4CH1S|gg\n|c|\u2606Dang Rope Fan|gg\n|\n|t:|1700147226\n|move|p1a: Darkrai|Sucker Punch|p2a: Infernape\n|-resisted|p2a: Infernape\n|-damage|p2a: Infernape|40\/100\n|-damage|p1a: Darkrai|2\/100|[from] item: Life Orb\n|move|p2a: Infernape|Flare Blitz|p1a: Darkrai\n|-damage|p1a: Darkrai|0 fnt\n|faint|p1a: Darkrai\n|-damage|p2a: Infernape|40\/100|[from] Recoil\n|\n|upkeep\n|\n|t:|1700147228\n|switch|p1a: Samurott|Samurott, F|100\/100\n|turn|18\n|\n|t:|1700147232\n|move|p2a: Infernape|Close Combat|p1a: Samurott\n|-damage|p1a: Samurott|47\/100\n|-unboost|p2a: Infernape|def|1\n|-unboost|p2a: Infernape|spd|1\n|move|p1a: Samurott|Flip Turn|p2a: Infernape\n|-supereffective|p2a: Infernape\n|-damage|p2a: Infernape|0 fnt\n|faint|p2a: Infernape\n|\n|win|Dang Rope Fan\n|l|\u26064R4CH1S\n|l|\u2606Dang Rope Fan\n|j|\u2606Dang Rope Fan\n|player|p1|Dang Rope Fan|elesa-masters2\n","uploadtime":1700147242,"views":20,"p1id":"dangropefan","p2id":"4r4ch1s","formatid":"gen9ubers","rating":0,"private":0,"password":""}