{"id":"gen9ubers-1985034172","p1":"CHUWDL","p2":"happysh","format":"[Gen 9] Ubers","log":"|j|\u2606CHUWDL\n|j|\u2606happysh\n|inactive|Battle timer is ON: inactive players will automatically lose when time's up.\n|t:|1699322973\n|gametype|singles\n|player|p1|CHUWDL|wallace|\n|player|p2|happysh|266|\n|teamsize|p1|6\n|teamsize|p2|6\n|gen|9\n|tier|[Gen 9] Ubers\n|rated|Tournament battle\n|rule|Sleep Clause Mod: Limit one foe put to sleep\n|rule|Species Clause: Limit one of each Pok\u00e9mon\n|rule|OHKO Clause: OHKO moves are banned\n|rule|Evasion Items Clause: Evasion items are banned\n|rule|Evasion Moves Clause: Evasion moves are banned\n|rule|Endless Battle Clause: Forcing endless battles is banned\n|rule|HP Percentage Mod: HP is shown in percentages\n|clearpoke\n|poke|p1|Magearna|\n|poke|p1|Ogerpon-Hearthflame, F|\n|poke|p1|Eternatus|\n|poke|p1|Regieleki|\n|poke|p1|Iron Bundle|\n|poke|p1|Flutter Mane|\n|poke|p2|Skeledirge, F|\n|poke|p2|Ting-Lu|\n|poke|p2|Eternatus|\n|poke|p2|Mewtwo|\n|poke|p2|Ogerpon-Wellspring, F|\n|poke|p2|Corviknight, M|\n|teampreview\n|j|*Lady Monita \u263d\n|inactive|happysh also wants the timer to be on.\n|\n|t:|1699322980\n|start\n|switch|p1a: Magearna|Magearna|100\/100\n|switch|p2a: Mewtwo|Mewtwo|100\/100\n|-ability|p2a: Mewtwo|Pressure\n|turn|1\n|\n|t:|1699322985\n|move|p2a: Mewtwo|Trick|p1a: Magearna\n|-activate|p2a: Mewtwo|move: Trick|[of] p1a: Magearna\n|-item|p1a: Magearna|Choice Scarf|[from] move: Trick\n|-item|p2a: Mewtwo|Leftovers|[from] move: Trick\n|move|p1a: Magearna|Shift Gear|p1a: Magearna\n|-boost|p1a: Magearna|spe|2\n|-boost|p1a: Magearna|atk|1\n|\n|upkeep\n|turn|2\n|\n|t:|1699322996\n|switch|p1a: Ogerpon|Ogerpon-Hearthflame, F|100\/100\n|-ability|p1a: Ogerpon|Mold Breaker\n|move|p2a: Mewtwo|Psystrike|p1a: Ogerpon\n|-damage|p1a: Ogerpon|26\/100\n|\n|upkeep\n|turn|3\n|\n|t:|1699323000\n|move|p2a: Mewtwo|Psystrike|p1a: Ogerpon\n|-damage|p1a: Ogerpon|0 fnt\n|faint|p1a: Ogerpon\n|\n|upkeep\n|\n|t:|1699323003\n|switch|p1a: Flutter Mane|Flutter Mane|100\/100\n|-enditem|p1a: Flutter Mane|Booster Energy\n|-activate|p1a: Flutter Mane|ability: Protosynthesis|[fromitem]\n|-start|p1a: Flutter Mane|protosynthesisspe\n|turn|4\n|\n|t:|1699323011\n|move|p1a: Flutter Mane|Calm Mind|p1a: Flutter Mane\n|-boost|p1a: Flutter Mane|spa|1\n|-boost|p1a: Flutter Mane|spd|1\n|move|p2a: Mewtwo|Psystrike|p1a: Flutter Mane\n|-damage|p1a: Flutter Mane|0 fnt\n|faint|p1a: Flutter Mane\n|-end|p1a: Flutter Mane|Protosynthesis|[silent]\n|\n|upkeep\n|\n|t:|1699323016\n|switch|p1a: Magearna|Magearna|100\/100\n|turn|5\n|\n|t:|1699323019\n|switch|p2a: Skeledirge|Skeledirge, F|100\/100\n|move|p1a: Magearna|Draining Kiss|p2a: Skeledirge\n|-resisted|p2a: Skeledirge\n|-damage|p2a: Skeledirge|89\/100\n|\n|upkeep\n|turn|6\n|\n|t:|1699323034\n|switch|p1a: Regieleki|Regieleki|100\/100\n|move|p2a: Skeledirge|Will-O-Wisp|p1a: Regieleki\n|-status|p1a: Regieleki|brn\n|\n|-damage|p1a: Regieleki|95\/100 brn|[from] brn\n|upkeep\n|turn|7\n|\n|t:|1699323038\n|switch|p2a: Ting-Lu|Ting-Lu|100\/100\n|-ability|p2a: Ting-Lu|Vessel of Ruin\n|move|p1a: Regieleki|Electro Ball|p2a: Ting-Lu\n|-immune|p2a: Ting-Lu\n|\n|-damage|p1a: Regieleki|89\/100 brn|[from] brn\n|upkeep\n|turn|8\n|\n|t:|1699323052\n|switch|p1a: Iron Bundle|Iron Bundle|100\/100\n|move|p2a: Ting-Lu|Spikes|p1a: Iron Bundle\n|-sidestart|p1: CHUWDL|Spikes\n|\n|upkeep\n|turn|9\n|\n|t:|1699323058\n|move|p1a: Iron Bundle|Freeze-Dry|p2a: Ting-Lu\n|-supereffective|p2a: Ting-Lu\n|-damage|p2a: Ting-Lu|42\/100\n|move|p2a: Ting-Lu|Spikes|p1a: Iron Bundle\n|-sidestart|p1: CHUWDL|Spikes\n|\n|-heal|p2a: Ting-Lu|48\/100|[from] item: Leftovers\n|upkeep\n|turn|10\n|\n|t:|1699323065\n|switch|p2a: Mewtwo|Mewtwo|100\/100\n|-ability|p2a: Mewtwo|Pressure\n|move|p1a: Iron Bundle|Freeze-Dry|p2a: Mewtwo\n|-damage|p2a: Mewtwo|47\/100\n|\n|-heal|p2a: Mewtwo|53\/100|[from] item: Leftovers\n|upkeep\n|turn|11\n|\n|t:|1699323069\n|move|p1a: Iron Bundle|Freeze-Dry|p2a: Mewtwo\n|-damage|p2a: Mewtwo|0 fnt\n|faint|p2a: Mewtwo\n|\n|upkeep\n|\n|t:|1699323072\n|switch|p2a: Skeledirge|Skeledirge, F|89\/100\n|turn|12\n|\n|t:|1699323077\n|-end|p1a: Iron Bundle|Quark Drive|[silent]\n|switch|p1a: Eternatus|Eternatus|100\/100\n|-ability|p1a: Eternatus|Pressure\n|move|p2a: Skeledirge|Torch Song|p1a: Eternatus\n|-resisted|p1a: Eternatus\n|-damage|p1a: Eternatus|91\/100\n|-boost|p2a: Skeledirge|spa|1\n|\n|upkeep\n|turn|13\n|\n|t:|1699323083\n|move|p1a: Eternatus|Toxic|p2a: Skeledirge\n|-status|p2a: Skeledirge|tox\n|move|p2a: Skeledirge|Will-O-Wisp|p1a: Eternatus\n|-status|p1a: Eternatus|brn\n|\n|-damage|p2a: Skeledirge|83\/100 tox|[from] psn\n|-damage|p1a: Eternatus|84\/100 brn|[from] brn\n|upkeep\n|turn|14\n|\n|t:|1699323088\n|switch|p2a: Corviknight|Corviknight, M|100\/100\n|-ability|p2a: Corviknight|Pressure\n|move|p1a: Eternatus|Dynamax Cannon|p2a: Corviknight\n|-resisted|p2a: Corviknight\n|-damage|p2a: Corviknight|76\/100\n|\n|-heal|p2a: Corviknight|82\/100|[from] item: Leftovers\n|-damage|p1a: Eternatus|78\/100 brn|[from] brn\n|upkeep\n|turn|15\n|\n|t:|1699323095\n|move|p1a: Eternatus|Flamethrower|p2a: Corviknight\n|-supereffective|p2a: Corviknight\n|-damage|p2a: Corviknight|22\/100\n|move|p2a: Corviknight|Defog|p1a: Eternatus\n|-unboost|p1a: Eternatus|evasion|1\n|-sideend|p1: CHUWDL|Spikes|[from] move: Defog|[of] p2a: Corviknight\n|\n|-heal|p2a: Corviknight|28\/100|[from] item: Leftovers\n|-damage|p1a: Eternatus|72\/100 brn|[from] brn\n|upkeep\n|turn|16\n|\n|t:|1699323103\n|switch|p2a: Skeledirge|Skeledirge, F|83\/100 tox\n|move|p1a: Eternatus|Flamethrower|p2a: Skeledirge\n|-resisted|p2a: Skeledirge\n|-damage|p2a: Skeledirge|68\/100 tox\n|\n|-damage|p2a: Skeledirge|62\/100 tox|[from] psn\n|-damage|p1a: Eternatus|66\/100 brn|[from] brn\n|upkeep\n|turn|17\n|\n|t:|1699323110\n|move|p1a: Eternatus|Dynamax Cannon|p2a: Skeledirge\n|-damage|p2a: Skeledirge|11\/100 tox\n|move|p2a: Skeledirge|Hex|p1a: Eternatus\n|-damage|p1a: Eternatus|33\/100 brn\n|\n|-damage|p2a: Skeledirge|0 fnt|[from] psn\n|faint|p2a: Skeledirge\n|-damage|p1a: Eternatus|27\/100 brn|[from] brn\n|upkeep\n|\n|t:|1699323113\n|switch|p2a: Eternatus|Eternatus|100\/100\n|-ability|p2a: Eternatus|Pressure\n|turn|18\n|\n|t:|1699323118\n|move|p2a: Eternatus|Dynamax Cannon|p1a: Eternatus\n|-supereffective|p1a: Eternatus\n|-damage|p1a: Eternatus|0 fnt\n|faint|p1a: Eternatus\n|\n|upkeep\n|\n|t:|1699323122\n|switch|p1a: Magearna|Magearna|100\/100\n|turn|19\n|\n|t:|1699323126\n|switch|p2a: Ogerpon|Ogerpon-Wellspring, F|100\/100\n|move|p1a: Magearna|Draining Kiss|p2a: Ogerpon\n|-damage|p2a: Ogerpon|79\/100\n|\n|upkeep\n|turn|20\n|\n|t:|1699323131\n|switch|p1a: Regieleki|Regieleki|89\/100 brn\n|move|p2a: Ogerpon|Spiky Shield||[still]\n|-fail|p2a: Ogerpon\n|\n|-damage|p1a: Regieleki|83\/100 brn|[from] brn\n|upkeep\n|turn|21\n|j| TouchyFeelie\n|l| TouchyFeelie\n|\n|t:|1699323146\n|move|p1a: Regieleki|Volt Switch|p2a: Ogerpon\n|-damage|p2a: Ogerpon|42\/100\n|\n|t:|1699323150\n|switch|p1a: Iron Bundle|Iron Bundle|100\/100|[from] Volt Switch\n|move|p2a: Ogerpon|Ivy Cudgel|p1a: Iron Bundle\n|-resisted|p1a: Iron Bundle\n|-damage|p1a: Iron Bundle|73\/100\n|\n|upkeep\n|turn|22\n|\n|t:|1699323155\n|move|p2a: Ogerpon|Spiky Shield|p2a: Ogerpon\n|-singleturn|p2a: Ogerpon|move: Protect\n|move|p1a: Iron Bundle|Freeze-Dry|p2a: Ogerpon\n|-activate|p2a: Ogerpon|move: Protect\n|\n|upkeep\n|turn|23\n|\n|t:|1699323162\n|-terastallize|p1a: Iron Bundle|Ice\n|move|p1a: Iron Bundle|Freeze-Dry|p2a: Ogerpon\n|-supereffective|p2a: Ogerpon\n|-damage|p2a: Ogerpon|0 fnt\n|faint|p2a: Ogerpon\n|\n|upkeep\n|\n|t:|1699323165\n|switch|p2a: Eternatus|Eternatus|100\/100\n|-ability|p2a: Eternatus|Pressure\n|turn|24\n|\n|t:|1699323174\n|-end|p1a: Iron Bundle|Quark Drive|[silent]\n|switch|p1a: Regieleki|Regieleki|83\/100 brn\n|-terastallize|p2a: Eternatus|Steel\n|move|p2a: Eternatus|Flamethrower|p1a: Regieleki\n|-damage|p1a: Regieleki|28\/100 brn\n|\n|-damage|p1a: Regieleki|22\/100 brn|[from] brn\n|upkeep\n|turn|25\n|\n|t:|1699323179\n|switch|p2a: Ting-Lu|Ting-Lu|48\/100\n|-ability|p2a: Ting-Lu|Vessel of Ruin\n|move|p1a: Regieleki|Electro Ball|p2a: Ting-Lu\n|-immune|p2a: Ting-Lu\n|\n|-heal|p2a: Ting-Lu|54\/100|[from] item: Leftovers\n|-damage|p1a: Regieleki|16\/100 brn|[from] brn\n|upkeep\n|turn|26\n|\n|t:|1699323187\n|switch|p1a: Magearna|Magearna|100\/100\n|move|p2a: Ting-Lu|Spikes|p1a: Magearna\n|-sidestart|p1: CHUWDL|Spikes\n|\n|-heal|p2a: Ting-Lu|60\/100|[from] item: Leftovers\n|upkeep\n|turn|27\n|\n|t:|1699323196\n|switch|p2a: Corviknight|Corviknight, M|28\/100\n|-ability|p2a: Corviknight|Pressure\n|move|p1a: Magearna|Draining Kiss|p2a: Corviknight\n|-resisted|p2a: Corviknight\n|-damage|p2a: Corviknight|18\/100\n|\n|-heal|p2a: Corviknight|24\/100|[from] item: Leftovers\n|upkeep\n|turn|28\n|\n|t:|1699323204\n|switch|p1a: Regieleki|Regieleki|16\/100 brn\n|move|p2a: Corviknight|Roost|p2a: Corviknight\n|-heal|p2a: Corviknight|74\/100\n|-singleturn|p2a: Corviknight|move: Roost\n|\n|-heal|p2a: Corviknight|80\/100|[from] item: Leftovers\n|-damage|p1a: Regieleki|10\/100 brn|[from] brn\n|upkeep\n|turn|29\n|\n|t:|1699323209\n|switch|p2a: Ting-Lu|Ting-Lu|60\/100\n|-ability|p2a: Ting-Lu|Vessel of Ruin\n|move|p1a: Regieleki|Rapid Spin|p2a: Ting-Lu\n|-damage|p2a: Ting-Lu|58\/100\n|-boost|p1a: Regieleki|spe|1\n|-sideend|p1: CHUWDL|Spikes|[from] move: Rapid Spin|[of] p1a: Regieleki\n|\n|-heal|p2a: Ting-Lu|64\/100|[from] item: Leftovers\n|-damage|p1a: Regieleki|4\/100 brn|[from] brn\n|upkeep\n|turn|30\n|\n|t:|1699323216\n|move|p1a: Regieleki|Tera Blast|p2a: Ting-Lu\n|-damage|p2a: Ting-Lu|50\/100\n|move|p2a: Ting-Lu|Spikes|p1a: Regieleki\n|-sidestart|p1: CHUWDL|Spikes\n|\n|-heal|p2a: Ting-Lu|56\/100|[from] item: Leftovers\n|-damage|p1a: Regieleki|0 fnt|[from] brn\n|faint|p1a: Regieleki\n|upkeep\n|\n|t:|1699323221\n|switch|p1a: Iron Bundle|Iron Bundle, tera:Ice|73\/100\n|-damage|p1a: Iron Bundle|61\/100|[from] Spikes\n|turn|31\n|\n|t:|1699323225\n|move|p1a: Iron Bundle|Freeze-Dry|p2a: Ting-Lu\n|-supereffective|p2a: Ting-Lu\n|-damage|p2a: Ting-Lu|0 fnt\n|faint|p2a: Ting-Lu\n|\n|upkeep\n|\n|t:|1699323228\n|switch|p2a: Eternatus|Eternatus, tera:Steel|100\/100\n|-ability|p2a: Eternatus|Pressure\n|turn|32\n|\n|t:|1699323234\n|-end|p1a: Iron Bundle|Quark Drive|[silent]\n|switch|p1a: Magearna|Magearna|100\/100\n|-damage|p1a: Magearna|88\/100|[from] Spikes\n|move|p2a: Eternatus|Flamethrower|p1a: Magearna\n|-supereffective|p1a: Magearna\n|-damage|p1a: Magearna|37\/100\n|-status|p1a: Magearna|brn\n|\n|-damage|p1a: Magearna|31\/100 brn|[from] brn\n|upkeep\n|turn|33\n|\n|t:|1699323239\n|switch|p2a: Corviknight|Corviknight, M|80\/100\n|-ability|p2a: Corviknight|Pressure\n|move|p1a: Magearna|Draining Kiss|p2a: Corviknight\n|-resisted|p2a: Corviknight\n|-damage|p2a: Corviknight|70\/100\n|-heal|p1a: Magearna|40\/100 brn|[from] drain|[of] p2a: Corviknight\n|\n|-heal|p2a: Corviknight|76\/100|[from] item: Leftovers\n|-damage|p1a: Magearna|34\/100 brn|[from] brn\n|upkeep\n|turn|34\n|\n|t:|1699323242\n|switch|p1a: Iron Bundle|Iron Bundle, tera:Ice|61\/100\n|-damage|p1a: Iron Bundle|48\/100|[from] Spikes\n|move|p2a: Corviknight|Roost|p2a: Corviknight\n|-heal|p2a: Corviknight|100\/100\n|-singleturn|p2a: Corviknight|move: Roost\n|\n|upkeep\n|turn|35\n|\n|t:|1699323250\n|move|p1a: Iron Bundle|Hydro Pump|p2a: Corviknight\n|-damage|p2a: Corviknight|19\/100\n|move|p2a: Corviknight|Brave Bird|p1a: Iron Bundle\n|-damage|p1a: Iron Bundle|2\/100\n|-damage|p2a: Corviknight|9\/100|[from] Recoil\n|\n|-heal|p2a: Corviknight|15\/100|[from] item: Leftovers\n|upkeep\n|turn|36\n|\n|t:|1699323258\n|move|p1a: Iron Bundle|Hydro Pump|p2a: Corviknight\n|-damage|p2a: Corviknight|0 fnt\n|faint|p2a: Corviknight\n|\n|upkeep\n|\n|t:|1699323259\n|switch|p2a: Eternatus|Eternatus, tera:Steel|100\/100\n|-ability|p2a: Eternatus|Pressure\n|turn|37\n|\n|t:|1699323261\n|move|p1a: Iron Bundle|Hydro Pump|p2a: Eternatus|[miss]\n|-miss|p1a: Iron Bundle|p2a: Eternatus\n|move|p2a: Eternatus|Flamethrower|p1a: Iron Bundle\n|-supereffective|p1a: Iron Bundle\n|-damage|p1a: Iron Bundle|0 fnt\n|faint|p1a: Iron Bundle\n|-end|p1a: Iron Bundle|Quark Drive|[silent]\n|\n|upkeep\n|\n|t:|1699323266\n|switch|p1a: Magearna|Magearna|34\/100 brn\n|-damage|p1a: Magearna|22\/100 brn|[from] Spikes\n|turn|38\n|\n|t:|1699323269\n|move|p2a: Eternatus|Flamethrower|p1a: Magearna\n|-supereffective|p1a: Magearna\n|-damage|p1a: Magearna|0 fnt\n|faint|p1a: Magearna\n|\n|win|happysh\n|n|\u2606CHUWDL|chuwdl\n|n|\u2606happysh|happysh\n|n|*Lady Monita \u263d|ladymonita\n","uploadtime":1699323271,"views":4,"p1id":"chuwdl","p2id":"happysh","formatid":"gen9ubers","rating":0,"private":0,"password":""}