{"id":"gen9ubers-1989043494","p1":"RubenPaCe","p2":"Kizaco","format":"[Gen 9] Ubers","log":"|j|\u2606RubenPaCe\n|j|\u2606Kizaco\n|t:|1699805829\n|gametype|singles\n|player|p1|RubenPaCe|camper|\n|player|p2|Kizaco|169|\n|teamsize|p1|6\n|teamsize|p2|6\n|gen|9\n|tier|[Gen 9] Ubers\n|rule|Sleep Clause Mod: Limit one foe put to sleep\n|rule|Species Clause: Limit one of each Pok\u00e9mon\n|rule|OHKO Clause: OHKO moves are banned\n|rule|Evasion Items Clause: Evasion items are banned\n|rule|Evasion Moves Clause: Evasion moves are banned\n|rule|Endless Battle Clause: Forcing endless battles is banned\n|rule|HP Percentage Mod: HP is shown in percentages\n|clearpoke\n|poke|p1|Pelipper, F|\n|poke|p1|Magearna|\n|poke|p1|Palkia-Origin|\n|poke|p1|Palafin, F|\n|poke|p1|Arceus-Grass|\n|poke|p1|Cyclizar, M|\n|poke|p2|Masquerain, M|\n|poke|p2|Landorus, M|\n|poke|p2|Gholdengo|\n|poke|p2|Palafin, F|\n|poke|p2|Chi-Yu|\n|poke|p2|Zacian-*|\n|teampreview\n|\n|t:|1699805837\n|start\n|switch|p1a: Cyclizar|Cyclizar, M|100\/100\n|switch|p2a: Masquerain|Masquerain, M|100\/100\n|-ability|p2a: Masquerain|Intimidate|boost\n|-unboost|p1a: Cyclizar|atk|1\n|turn|1\n|\n|t:|1699805864\n|move|p1a: Cyclizar|Taunt|p2a: Masquerain\n|-start|p2a: Masquerain|move: Taunt\n|cant|p2a: Masquerain|move: Taunt|Stun Spore\n|\n|upkeep\n|turn|2\n|\n|t:|1699805869\n|move|p1a: Cyclizar|Shed Tail|p1a: Cyclizar\n|-start|p1a: Cyclizar|Substitute|[from] move: Shed Tail\n|-damage|p1a: Cyclizar|50\/100\n|\n|t:|1699805872\n|switch|p1a: Palkia|Palkia-Origin|100\/100|[from] Shed Tail\n|-ability|p1a: Palkia|Pressure\n|move|p2a: Masquerain|U-turn|p1a: Palkia\n|-activate|p1a: Palkia|move: Substitute|[damage]\n|\n|t:|1699805882\n|switch|p2a: Gholdengo|Gholdengo|100\/100|[from] U-turn\n|-item|p2a: Gholdengo|Air Balloon\n|\n|upkeep\n|turn|3\n|\n|t:|1699805888\n|move|p1a: Palkia|Hydro Pump|p2a: Gholdengo\n|-damage|p2a: Gholdengo|13\/100\n|-enditem|p2a: Gholdengo|Air Balloon\n|move|p2a: Gholdengo|Shadow Ball|p1a: Palkia\n|-end|p1a: Palkia|Substitute\n|\n|upkeep\n|turn|4\n|\n|t:|1699805899\n|switch|p2a: Palafin|Palafin, F|100\/100\n|move|p1a: Palkia|Hydro Pump|p2a: Palafin\n|-resisted|p2a: Palafin\n|-damage|p2a: Palafin|43\/100\n|\n|upkeep\n|turn|5\n|\n|t:|1699805906\n|detailschange|p2a: Palafin|Palafin-Hero, F\n|switch|p2a: Gholdengo|Gholdengo|13\/100\n|move|p1a: Palkia|Hydro Pump|p2a: Gholdengo|[miss]\n|-miss|p1a: Palkia|p2a: Gholdengo\n|\n|upkeep\n|turn|6\n|\n|t:|1699805913\n|move|p1a: Palkia|Spacial Rend|p2a: Gholdengo\n|-resisted|p2a: Gholdengo\n|-damage|p2a: Gholdengo|0 fnt\n|faint|p2a: Gholdengo\n|\n|upkeep\n|\n|t:|1699805917\n|switch|p2a: Masquerain|Masquerain, M|100\/100\n|-ability|p2a: Masquerain|Intimidate|boost\n|-unboost|p1a: Palkia|atk|1\n|turn|7\n|\n|t:|1699805935\n|switch|p1a: Cyclizar|Cyclizar, M|84\/100\n|move|p2a: Masquerain|Stun Spore|p1a: Cyclizar\n|-status|p1a: Cyclizar|par\n|\n|upkeep\n|turn|8\n|\n|t:|1699805941\n|move|p2a: Masquerain|Sticky Web|p1a: Cyclizar\n|-sidestart|p1: RubenPaCe|move: Sticky Web\n|cant|p1a: Cyclizar|par\n|\n|upkeep\n|turn|9\n|\n|t:|1699805946\n|move|p2a: Masquerain|Air Slash|p1a: Cyclizar\n|-damage|p1a: Cyclizar|44\/100 par\n|cant|p1a: Cyclizar|par\n|\n|upkeep\n|turn|10\n|j| Bestmaindragonite\n|\n|t:|1699805950\n|move|p2a: Masquerain|Air Slash|p1a: Cyclizar\n|-damage|p1a: Cyclizar|7\/100 par\n|cant|p1a: Cyclizar|par\n|\n|upkeep\n|turn|11\n|c|\u2606RubenPaCe|yo what\n|\n|t:|1699805959\n|switch|p1a: Arceus|Arceus-Grass|100\/100\n|-activate|p1a: Arceus|move: Sticky Web\n|-unboost|p1a: Arceus|spe|1\n|move|p2a: Masquerain|Air Slash|p1a: Arceus\n|-supereffective|p1a: Arceus\n|-damage|p1a: Arceus|66\/100\n|\n|upkeep\n|turn|12\n|\n|t:|1699805964\n|move|p2a: Masquerain|Air Slash|p1a: Arceus\n|-supereffective|p1a: Arceus\n|-damage|p1a: Arceus|32\/100\n|cant|p1a: Arceus|flinch\n|\n|upkeep\n|turn|13\n|c|\u2606RubenPaCe|WHAT\n|\n|t:|1699805971\n|move|p2a: Masquerain|Air Slash|p1a: Arceus\n|-supereffective|p1a: Arceus\n|-damage|p1a: Arceus|0 fnt\n|faint|p1a: Arceus\n|\n|upkeep\n|\n|t:|1699805973\n|switch|p1a: Palafin|Palafin, F|100\/100\n|turn|14\n|\n|t:|1699805979\n|detailschange|p1a: Palafin|Palafin-Hero, F\n|switch|p1a: Magearna|Magearna|100\/100\n|-activate|p1a: Magearna|move: Sticky Web\n|-unboost|p1a: Magearna|spe|1\n|move|p2a: Masquerain|Stun Spore|p1a: Magearna\n|-status|p1a: Magearna|par\n|\n|upkeep\n|turn|15\n|c| Bestmaindragonite|Masquerain is the new skymin\n|c|\u2606RubenPaCe|this team gets haxed left and right\n|c|\u2606Kizaco|masq is so cool i love it\n|\n|t:|1699806004\n|switch|p2a: Landorus|Landorus, M|100\/100\n|switch|p1a: Pelipper|Pelipper, F|100\/100\n|-weather|RainDance|[from] ability: Drizzle|[of] p1a: Pelipper\n|\n|-weather|RainDance|[upkeep]\n|upkeep\n|turn|16\n|\n|t:|1699806018\n|switch|p2a: Masquerain|Masquerain, M|100\/100\n|-ability|p2a: Masquerain|Intimidate|boost\n|-unboost|p1a: Pelipper|atk|1\n|move|p1a: Pelipper|U-turn|p2a: Masquerain\n|-resisted|p2a: Masquerain\n|-damage|p2a: Masquerain|96\/100\n|\n|t:|1699806022\n|switch|p1a: Cyclizar|Cyclizar, M|41\/100 par|[from] U-turn\n|\n|-weather|RainDance|[upkeep]\n|upkeep\n|turn|17\n|\n|t:|1699806034\n|move|p2a: Masquerain|Air Slash|p1a: Cyclizar\n|-damage|p1a: Cyclizar|6\/100 par\n|cant|p1a: Cyclizar|flinch\n|\n|-weather|RainDance|[upkeep]\n|upkeep\n|turn|18\n|\n|t:|1699806038\n|switch|p1a: Magearna|Magearna|100\/100 par\n|-activate|p1a: Magearna|move: Sticky Web\n|-unboost|p1a: Magearna|spe|1\n|move|p2a: Masquerain|Air Slash|p1a: Magearna|[miss]\n|-miss|p2a: Masquerain|p1a: Magearna\n|\n|-weather|RainDance|[upkeep]\n|upkeep\n|turn|19\n|\n|t:|1699806044\n|move|p2a: Masquerain|U-turn|p1a: Magearna\n|-resisted|p1a: Magearna\n|-damage|p1a: Magearna|97\/100 par\n|c|\u2606RubenPaCe|please\n|\n|t:|1699806047\n|switch|p2a: Landorus|Landorus, M|100\/100|[from] U-turn\n|move|p1a: Magearna|Volt Switch|p2a: Landorus\n|-immune|p2a: Landorus\n|\n|-weather|RainDance|[upkeep]\n|-heal|p1a: Magearna|100\/100 par|[from] item: Leftovers\n|upkeep\n|turn|20\n|\n|t:|1699806056\n|move|p2a: Landorus|Psychic|p1a: Magearna\n|-resisted|p1a: Magearna\n|-damage|p1a: Magearna|85\/100 par\n|move|p1a: Magearna|Fleur Cannon|p2a: Landorus\n|-damage|p2a: Landorus|34\/100\n|-unboost|p1a: Magearna|spa|2\n|\n|-weather|RainDance|[upkeep]\n|-heal|p1a: Magearna|91\/100 par|[from] item: Leftovers\n|upkeep\n|turn|21\n|c| Bestmaindragonite|This is why you should use ice beam magearna\n|\n|t:|1699806065\n|move|p2a: Landorus|Earth Power|p1a: Magearna\n|-supereffective|p1a: Magearna\n|-damage|p1a: Magearna|0 fnt\n|faint|p1a: Magearna\n|\n|-weather|RainDance|[upkeep]\n|upkeep\n|\n|t:|1699806070\n|switch|p1a: Palafin|Palafin-Hero, F|100\/100\n|-activate|p1a: Palafin|ability: Zero to Hero\n|turn|22\n|c|\u2606Kizaco|the skymin ban was actually a stelth lando buff bc ice moves arent as common anymore\n|\n|t:|1699806105\n|move|p1a: Palafin|Jet Punch|p2a: Landorus\n|-supereffective|p2a: Landorus\n|-damage|p2a: Landorus|0 fnt\n|faint|p2a: Landorus\n|\n|-weather|none\n|upkeep\n|c|\u2606RubenPaCe|I have never used ice beam on a mag in UUbers\n|c|\u2606Kizaco|yeah but i saw it alot\n|c|\u2606Kizaco|just bc skymin was so annoying\n|\n|t:|1699806156\n|switch|p2a: Masquerain|Masquerain, M|96\/100\n|-ability|p2a: Masquerain|Intimidate|boost\n|-unboost|p1a: Palafin|atk|1\n|turn|23\n|\n|t:|1699806172\n|switch|p1a: Pelipper|Pelipper, F|100\/100\n|-weather|RainDance|[from] ability: Drizzle|[of] p1a: Pelipper\n|move|p2a: Masquerain|Stun Spore|p1a: Pelipper\n|-status|p1a: Pelipper|par\n|\n|-weather|RainDance|[upkeep]\n|upkeep\n|turn|24\n|\n|t:|1699806178\n|move|p2a: Masquerain|Air Slash|p1a: Pelipper\n|-damage|p1a: Pelipper|61\/100 par\n|cant|p1a: Pelipper|par\n|\n|-weather|RainDance|[upkeep]\n|upkeep\n|turn|25\n|\n|t:|1699806185\n|move|p2a: Masquerain|Air Slash|p1a: Pelipper\n|-damage|p1a: Pelipper|22\/100 par\n|move|p1a: Pelipper|U-turn|p2a: Masquerain\n|-resisted|p2a: Masquerain\n|-damage|p2a: Masquerain|91\/100\n|c|\u2606RubenPaCe|I'm going to fucking lose it\n|\n|t:|1699806189\n|switch|p1a: Palafin|Palafin-Hero, F|100\/100|[from] U-turn\n|\n|-weather|RainDance|[upkeep]\n|upkeep\n|turn|26\n|\n|t:|1699806194\n|-terastallize|p1a: Palafin|Water\n|move|p1a: Palafin|Jet Punch|p2a: Masquerain\n|-damage|p2a: Masquerain|0 fnt\n|faint|p2a: Masquerain\n|\n|-weather|RainDance|[upkeep]\n|upkeep\n|\n|t:|1699806210\n|switch|p2a: Palafin|Palafin-Hero, F|43\/100\n|-activate|p2a: Palafin|ability: Zero to Hero\n|turn|27\n|\n|t:|1699806222\n|move|p1a: Palafin|Jet Punch|p2a: Palafin\n|-resisted|p2a: Palafin\n|-damage|p2a: Palafin|0 fnt\n|faint|p2a: Palafin\n|\n|-weather|RainDance|[upkeep]\n|upkeep\n|\n|t:|1699806226\n|switch|p2a: Zacian|Zacian|100\/100\n|-ability|p2a: Zacian|Intrepid Sword|boost\n|-boost|p2a: Zacian|atk|1\n|turn|28\n|\n|t:|1699806231\n|move|p1a: Palafin|Jet Punch|p2a: Zacian\n|-damage|p2a: Zacian|17\/100\n|move|p2a: Zacian|Play Rough|p1a: Palafin\n|-damage|p1a: Palafin|38\/100\n|\n|-weather|RainDance|[upkeep]\n|upkeep\n|turn|29\n|\n|t:|1699806236\n|move|p1a: Palafin|Jet Punch|p2a: Zacian\n|-damage|p2a: Zacian|0 fnt\n|faint|p2a: Zacian\n|\n|-weather|RainDance|[upkeep]\n|upkeep\n|\n|t:|1699806238\n|switch|p2a: Chi-Yu|Chi-Yu|100\/100\n|-ability|p2a: Chi-Yu|Beads of Ruin\n|turn|30\n|\n|t:|1699806245\n|-terastallize|p2a: Chi-Yu|Dark\n|move|p1a: Palafin|Jet Punch|p2a: Chi-Yu\n|-crit|p2a: Chi-Yu\n|-damage|p2a: Chi-Yu|0 fnt\n|faint|p2a: Chi-Yu\n|\n|win|RubenPaCe\n|c|\u2606Kizaco|gg wp\n|c|\u2606RubenPaCe|gg\n","uploadtime":1699806254,"views":9,"p1id":"rubenpace","p2id":"kizaco","formatid":"gen9ubers","rating":0,"private":0,"password":""}