{"id":"gen9ubers-1981893220","p1":"Carina17","p2":"alspads","format":"[Gen 9] Ubers","log":"|j|\u2606Carina17\n|j|\u2606alspads\n|t:|1698949620\n|gametype|singles\n|player|p1|Carina17|cynthia|1064\n|player|p2|alspads|1|1000\n|teamsize|p1|6\n|teamsize|p2|6\n|gen|9\n|tier|[Gen 9] Ubers\n|rated|\n|rule|Sleep Clause Mod: Limit one foe put to sleep\n|rule|Species Clause: Limit one of each Pok\u00e9mon\n|rule|OHKO Clause: OHKO moves are banned\n|rule|Evasion Items Clause: Evasion items are banned\n|rule|Evasion Moves Clause: Evasion moves are banned\n|rule|Endless Battle Clause: Forcing endless battles is banned\n|rule|HP Percentage Mod: HP is shown in percentages\n|clearpoke\n|poke|p1|Azumarill, F|\n|poke|p1|Iron Treads|\n|poke|p1|Chien-Pao|\n|poke|p1|Annihilape, M|\n|poke|p1|Weezing-Galar, M|\n|poke|p1|Rillaboom, M|\n|poke|p2|Gliscor, M|\n|poke|p2|Mimikyu, F|\n|poke|p2|Volcarona, F|\n|poke|p2|Walking Wake|\n|poke|p2|Torkoal, M|\n|poke|p2|Sinistcha-Masterpiece|\n|teampreview\n|\n|t:|1698949632\n|start\n|switch|p1a: Annihilape|Annihilape, M|100\/100\n|switch|p2a: Gliscor|Gliscor, M|100\/100\n|turn|1\n|\n|t:|1698949642\n|move|p1a: Annihilape|Substitute|p1a: Annihilape\n|-start|p1a: Annihilape|Substitute\n|-damage|p1a: Annihilape|76\/100\n|move|p2a: Gliscor|Toxic Spikes|p1a: Annihilape\n|-sidestart|p1: Carina17|move: Toxic Spikes\n|\n|-status|p2a: Gliscor|tox|[from] item: Toxic Orb\n|upkeep\n|turn|2\n|\n|t:|1698949656\n|move|p1a: Annihilape|Bulk Up|p1a: Annihilape\n|-boost|p1a: Annihilape|atk|1\n|-boost|p1a: Annihilape|def|1\n|move|p2a: Gliscor|Earthquake|p1a: Annihilape\n|-end|p1a: Annihilape|Substitute\n|\n|upkeep\n|turn|3\n|\n|t:|1698949699\n|move|p1a: Annihilape|Rage Fist|p2a: Gliscor\n|-damage|p2a: Gliscor|65\/100 tox\n|move|p2a: Gliscor|Toxic Spikes|p1a: Annihilape\n|-sidestart|p1: Carina17|move: Toxic Spikes\n|\n|-heal|p2a: Gliscor|78\/100 tox|[from] ability: Poison Heal\n|upkeep\n|turn|4\n|inactive|Battle timer is ON: inactive players will automatically lose when time's up. (requested by Carina17)\n|\n|t:|1698949725\n|switch|p2a: Sock|Mimikyu, F, shiny|100\/100\n|move|p1a: Annihilape|Bulk Up|p1a: Annihilape\n|-boost|p1a: Annihilape|atk|1\n|-boost|p1a: Annihilape|def|1\n|\n|upkeep\n|turn|5\n|\n|t:|1698949735\n|move|p1a: Annihilape|Rage Fist|p2a: Sock\n|-activate|p2a: Sock|ability: Disguise\n|-damage|p2a: Sock|100\/100\n|detailschange|p2a: Sock|Mimikyu-Busted, F, shiny\n|-damage|p2a: Sock|88\/100|[from] pokemon: Mimikyu-Busted\n|move|p2a: Sock|Swords Dance|p2a: Sock\n|-boost|p2a: Sock|atk|2\n|\n|upkeep\n|turn|6\n|\n|t:|1698949747\n|move|p1a: Annihilape|Rage Fist|p2a: Sock\n|-supereffective|p2a: Sock\n|-damage|p2a: Sock|0 fnt\n|faint|p2a: Sock\n|\n|upkeep\n|\n|t:|1698949768\n|switch|p2a: Torkoal|Torkoal, M|100\/100\n|-weather|SunnyDay|[from] ability: Drought|[of] p2a: Torkoal\n|turn|7\n|inactive|alspads has 120 seconds left.\n|\n|t:|1698949788\n|move|p2a: Torkoal|Protect|p2a: Torkoal\n|-singleturn|p2a: Torkoal|Protect\n|move|p1a: Annihilape|Substitute|p1a: Annihilape\n|-start|p1a: Annihilape|Substitute\n|-damage|p1a: Annihilape|51\/100\n|\n|-weather|SunnyDay|[upkeep]\n|upkeep\n|turn|8\n|inactive|alspads has 120 seconds left.\n|\n|t:|1698949797\n|move|p1a: Annihilape|Drain Punch|p2a: Torkoal\n|-damage|p2a: Torkoal|44\/100\n|-heal|p1a: Annihilape|74\/100|[from] drain|[of] p2a: Torkoal\n|move|p2a: Torkoal|Lava Plume|p1a: Annihilape\n|-end|p1a: Annihilape|Substitute\n|\n|-weather|SunnyDay|[upkeep]\n|upkeep\n|turn|9\n|inactive|alspads has 120 seconds left.\n|\n|t:|1698949810\n|switch|p2a: Seas|Walking Wake|100\/100\n|-activate|p2a: Seas|ability: Protosynthesis\n|-start|p2a: Seas|protosynthesisspa\n|move|p1a: Annihilape|Drain Punch|p2a: Seas\n|-damage|p2a: Seas|42\/100\n|-heal|p1a: Annihilape|100\/100|[from] drain|[of] p2a: Seas\n|\n|-weather|SunnyDay|[upkeep]\n|upkeep\n|turn|10\n|inactive|alspads has 120 seconds left.\n|\n|t:|1698949842\n|-terastallize|p2a: Seas|Water\n|move|p1a: Annihilape|Substitute|p1a: Annihilape\n|-start|p1a: Annihilape|Substitute\n|-damage|p1a: Annihilape|76\/100\n|move|p2a: Seas|Hydro Steam|p1a: Annihilape\n|-end|p1a: Annihilape|Substitute\n|\n|-weather|SunnyDay|[upkeep]\n|upkeep\n|turn|11\n|\n|t:|1698949854\n|move|p1a: Annihilape|Drain Punch|p2a: Seas\n|-damage|p2a: Seas|0 fnt\n|-heal|p1a: Annihilape|98\/100|[from] drain|[of] p2a: Seas\n|faint|p2a: Seas\n|-end|p2a: Seas|Protosynthesis|[silent]\n|\n|-weather|SunnyDay|[upkeep]\n|upkeep\n|inactive|alspads has 90 seconds left.\n|\n|t:|1698949877\n|switch|p2a: Flame Bird|Volcarona, F|100\/100\n|turn|12\n|inactive|alspads has 90 seconds left.\n|\n|t:|1698949889\n|move|p1a: Annihilape|Rage Fist|p2a: Flame Bird\n|-damage|p2a: Flame Bird|39\/100\n|-status|p1a: Annihilape|brn|[from] ability: Flame Body|[of] p2a: Flame Bird\n|move|p2a: Flame Bird|Fiery Dance|p1a: Annihilape\n|-damage|p1a: Annihilape|10\/100 brn\n|-boost|p2a: Flame Bird|spa|1\n|\n|-weather|SunnyDay|[upkeep]\n|-damage|p1a: Annihilape|4\/100 brn|[from] brn\n|upkeep\n|turn|13\n|inactive|alspads has 90 seconds left.\n|\n|t:|1698949914\n|move|p1a: Annihilape|Rage Fist|p2a: Flame Bird\n|-damage|p2a: Flame Bird|0 fnt\n|faint|p2a: Flame Bird\n|\n|-weather|SunnyDay|[upkeep]\n|-damage|p1a: Annihilape|0 fnt|[from] brn\n|faint|p1a: Annihilape\n|upkeep\n|\n|t:|1698949927\n|switch|p1a: Weezing|Weezing-Galar, M|100\/100\n|switch|p2a: Torkoal|Torkoal, M|44\/100\n|-sideend|p1: Carina17|move: Toxic Spikes|[of] p1a: Weezing\n|-fieldstart|move: Misty Terrain|[from] ability: Misty Surge|[of] p1a: Weezing\n|turn|14\n|\n|t:|1698949960\n|move|p1a: Weezing|Toxic Spikes|p2a: Torkoal\n|-sidestart|p2: alspads|move: Toxic Spikes\n|move|p2a: Torkoal|Gyro Ball|p1a: Weezing\n|-supereffective|p1a: Weezing\n|-damage|p1a: Weezing|70\/100\n|\n|-weather|none\n|upkeep\n|turn|15\n|-message|alspads forfeited.\n|\n|win|Carina17\n|raw|Carina17's rating: 1064 &rarr; <strong>1089<\/strong><br \/>(+25 for winning)\n|raw|alspads's rating: 1000 &rarr; <strong>1000<\/strong><br \/>(+0 for losing)\n|l|\u2606alspads\n","uploadtime":1698949970,"views":5,"p1id":"carina17","p2id":"alspads","formatid":"gen9ubers","rating":1000,"private":0,"password":""}