{"id":"gen9ubers-1981060700","p1":"clorboycoctopus","p2":"uubers account","format":"[Gen 9] Ubers","log":"|j|\u2606clorboycoctopus\n|j|\u2606uubers account\n|t:|1698860452\n|gametype|singles\n|player|p1|clorboycoctopus|blackbelt-gen4dp|\n|player|p2|uubers account|2|\n|teamsize|p1|6\n|teamsize|p2|6\n|gen|9\n|tier|[Gen 9] Ubers\n|rule|Sleep Clause Mod: Limit one foe put to sleep\n|rule|Species Clause: Limit one of each Pok\u00e9mon\n|rule|OHKO Clause: OHKO moves are banned\n|rule|Evasion Items Clause: Evasion items are banned\n|rule|Evasion Moves Clause: Evasion moves are banned\n|rule|Endless Battle Clause: Forcing endless battles is banned\n|rule|HP Percentage Mod: HP is shown in percentages\n|clearpoke\n|poke|p1|Spectrier|\n|poke|p1|Masquerain, M|\n|poke|p1|Cyclizar, F|\n|poke|p1|Landorus, M|\n|poke|p1|Zacian-*|\n|poke|p1|Arceus-Fire|\n|poke|p2|Dialga|\n|poke|p2|Magearna|\n|poke|p2|Arceus-Ghost|\n|poke|p2|Garganacl, F|\n|poke|p2|Shaymin-Sky|\n|poke|p2|Palafin, M|\n|teampreview\n|\n|t:|1698860471\n|start\n|switch|p1a: Cyclizar|Cyclizar, F|100\/100\n|switch|p2a: Magearna|Magearna|100\/100\n|turn|1\n|\n|t:|1698860475\n|move|p1a: Cyclizar|Shed Tail|p1a: Cyclizar\n|-start|p1a: Cyclizar|Substitute|[from] move: Shed Tail\n|-damage|p1a: Cyclizar|50\/100\n|\n|t:|1698860478\n|switch|p1a: Landorus|Landorus, M|100\/100|[from] Shed Tail\n|move|p2a: Magearna|Fleur Cannon|p1a: Landorus\n|-end|p1a: Landorus|Substitute\n|-unboost|p2a: Magearna|spa|2\n|\n|upkeep\n|turn|2\n|\n|t:|1698860490\n|move|p1a: Landorus|Earth Power|p2a: Magearna\n|-supereffective|p2a: Magearna\n|-damage|p2a: Magearna|0 fnt\n|faint|p2a: Magearna\n|\n|upkeep\n|\n|t:|1698860494\n|switch|p2a: Palafin|Palafin, M|100\/100\n|turn|3\n|\n|t:|1698860512\n|-terastallize|p1a: Landorus|Water\n|move|p1a: Landorus|Sludge Bomb|p2a: Palafin\n|-damage|p2a: Palafin|33\/100\n|move|p2a: Palafin|Flip Turn|p1a: Landorus\n|-resisted|p1a: Landorus\n|-damage|p1a: Landorus|82\/100\n|\n|t:|1698860523\n|detailschange|p2a: Palafin|Palafin-Hero, M\n|switch|p2a: Arceus|Arceus-Ghost|100\/100|[from] Flip Turn\n|\n|upkeep\n|turn|4\n|\n|t:|1698860542\n|switch|p1a: Cyclizar|Cyclizar, F|84\/100\n|move|p2a: Arceus|Swords Dance|p2a: Arceus\n|-boost|p2a: Arceus|atk|2\n|\n|upkeep\n|turn|5\n|\n|t:|1698860550\n|move|p2a: Arceus|Extreme Speed|p1a: Cyclizar\n|-damage|p1a: Cyclizar|0 fnt\n|faint|p1a: Cyclizar\n|\n|upkeep\n|\n|t:|1698860554\n|switch|p1a: Spectrier|Spectrier|100\/100\n|turn|6\n|\n|t:|1698860559\n|-terastallize|p2a: Arceus|Normal\n|move|p1a: Spectrier|Substitute|p1a: Spectrier\n|-start|p1a: Spectrier|Substitute\n|-damage|p1a: Spectrier|76\/100\n|move|p2a: Arceus|Shadow Claw|p1a: Spectrier\n|-supereffective|p1a: Spectrier\n|-end|p1a: Spectrier|Substitute\n|\n|-heal|p1a: Spectrier|82\/100|[from] item: Leftovers\n|upkeep\n|turn|7\n|\n|t:|1698860564\n|move|p1a: Spectrier|Draining Kiss|p2a: Arceus\n|-damage|p2a: Arceus|89\/100\n|-heal|p1a: Spectrier|93\/100|[from] drain|[of] p2a: Arceus\n|move|p2a: Arceus|Shadow Claw|p1a: Spectrier\n|-supereffective|p1a: Spectrier\n|-crit|p1a: Spectrier\n|-damage|p1a: Spectrier|0 fnt\n|faint|p1a: Spectrier\n|\n|upkeep\n|\n|t:|1698860566\n|switch|p1a: Masquerain|Masquerain, M|100\/100\n|-ability|p1a: Masquerain|Intimidate|boost\n|-unboost|p2a: Arceus|atk|1\n|turn|8\n|\n|t:|1698860573\n|switch|p2a: Garganacl|Garganacl, F|100\/100\n|move|p1a: Masquerain|Sticky Web|p2a: Garganacl\n|-sidestart|p2: uubers account|move: Sticky Web\n|\n|upkeep\n|turn|9\n|\n|t:|1698860590\n|move|p1a: Masquerain|Bug Buzz|p2a: Garganacl\n|-damage|p2a: Garganacl|73\/100\n|move|p2a: Garganacl|Salt Cure|p1a: Masquerain\n|-supereffective|p1a: Masquerain\n|-damage|p1a: Masquerain|1\/100\n|-start|p1a: Masquerain|Salt Cure\n|\n|-heal|p2a: Garganacl|79\/100|[from] item: Leftovers\n|-damage|p1a: Masquerain|0 fnt|[from] Salt Cure\n|faint|p1a: Masquerain\n|upkeep\n|\n|t:|1698860593\n|switch|p1a: Landorus|Landorus, M, tera:Water|82\/100\n|turn|10\n|\n|t:|1698860612\n|move|p1a: Landorus|Sludge Bomb|p2a: Garganacl\n|-resisted|p2a: Garganacl\n|-damage|p2a: Garganacl|63\/100\n|move|p2a: Garganacl|Salt Cure|p1a: Landorus\n|-damage|p1a: Landorus|65\/100\n|-start|p1a: Landorus|Salt Cure\n|\n|-heal|p2a: Garganacl|69\/100|[from] item: Leftovers\n|-damage|p1a: Landorus|41\/100|[from] Salt Cure\n|upkeep\n|turn|11\n|\n|t:|1698860618\n|move|p2a: Garganacl|Protect|p2a: Garganacl\n|-singleturn|p2a: Garganacl|Protect\n|move|p1a: Landorus|Sludge Bomb|p2a: Garganacl\n|-activate|p2a: Garganacl|move: Protect\n|\n|-heal|p2a: Garganacl|75\/100|[from] item: Leftovers\n|-damage|p1a: Landorus|16\/100|[from] Salt Cure\n|upkeep\n|turn|12\n|\n|t:|1698860629\n|move|p2a: Garganacl|Protect||[still]\n|-fail|p2a: Garganacl\n|move|p1a: Landorus|Sludge Bomb|p2a: Garganacl\n|-resisted|p2a: Garganacl\n|-damage|p2a: Garganacl|57\/100\n|\n|-heal|p2a: Garganacl|63\/100|[from] item: Leftovers\n|-damage|p1a: Landorus|0 fnt|[from] Salt Cure\n|faint|p1a: Landorus\n|upkeep\n|\n|t:|1698860631\n|switch|p1a: Zacian|Zacian|100\/100\n|-ability|p1a: Zacian|Intrepid Sword|boost\n|-boost|p1a: Zacian|atk|1\n|turn|13\n|\n|t:|1698860643\n|move|p1a: Zacian|Play Rough|p2a: Garganacl\n|-damage|p2a: Garganacl|1\/100\n|-damage|p1a: Zacian|91\/100|[from] item: Life Orb\n|move|p2a: Garganacl|Salt Cure|p1a: Zacian\n|-damage|p1a: Zacian|78\/100\n|-start|p1a: Zacian|Salt Cure\n|\n|-heal|p2a: Garganacl|7\/100|[from] item: Leftovers\n|-damage|p1a: Zacian|66\/100|[from] Salt Cure\n|upkeep\n|turn|14\n|\n|t:|1698860657\n|move|p2a: Garganacl|Protect|p2a: Garganacl\n|-singleturn|p2a: Garganacl|Protect\n|move|p1a: Zacian|Swords Dance|p1a: Zacian\n|-boost|p1a: Zacian|atk|2\n|\n|-heal|p2a: Garganacl|14\/100|[from] item: Leftovers\n|-damage|p1a: Zacian|54\/100|[from] Salt Cure\n|upkeep\n|turn|15\n|\n|t:|1698860662\n|move|p1a: Zacian|Crunch|p2a: Garganacl\n|-damage|p2a: Garganacl|0 fnt\n|faint|p2a: Garganacl\n|-damage|p1a: Zacian|44\/100|[from] item: Life Orb\n|\n|-damage|p1a: Zacian|32\/100|[from] Salt Cure\n|upkeep\n|\n|t:|1698860665\n|switch|p2a: Palafin|Palafin-Hero, M|33\/100\n|-activate|p2a: Palafin|move: Sticky Web\n|-unboost|p2a: Palafin|spe|1\n|-activate|p2a: Palafin|ability: Zero to Hero\n|turn|16\n|\n|t:|1698860667\n|move|p2a: Palafin|Jet Punch|p1a: Zacian\n|-damage|p1a: Zacian|0 fnt\n|faint|p1a: Zacian\n|\n|upkeep\n|c|\u2606uubers account|gg\n|\n|t:|1698860669\n|switch|p1a: Arceus|Arceus-Fire|100\/100\n|turn|17\n|\n|t:|1698860672\n|move|p2a: Palafin|Jet Punch|p1a: Arceus\n|-supereffective|p1a: Arceus\n|-damage|p1a: Arceus|5\/100\n|move|p1a: Arceus|Wild Charge|p2a: Palafin\n|-supereffective|p2a: Palafin\n|-damage|p2a: Palafin|0 fnt\n|faint|p2a: Palafin\n|-damage|p1a: Arceus|0 fnt|[from] Recoil\n|faint|p1a: Arceus\n|\n|win|uubers account\n","uploadtime":1698860679,"views":13,"p1id":"clorboycoctopus","p2id":"uubersaccount","formatid":"gen9ubers","rating":0,"private":0,"password":""}