{"id":"gen9ubers-1985817691","p1":"mf_salvador","p2":"hounds of fate","format":"[Gen 9] Ubers","log":"|j|\u2606mf_salvador\n|j|\u2606hounds of fate\n|inactive|Battle timer is ON: inactive players will automatically lose when time's up.\n|t:|1699409393\n|gametype|singles\n|player|p1|mf_salvador|flannery|\n|player|p2|hounds of fate|alec-anime|\n|teamsize|p1|6\n|teamsize|p2|6\n|gen|9\n|tier|[Gen 9] Ubers\n|rated|Tournament battle\n|rule|Sleep Clause Mod: Limit one foe put to sleep\n|rule|Species Clause: Limit one of each Pok\u00e9mon\n|rule|OHKO Clause: OHKO moves are banned\n|rule|Evasion Items Clause: Evasion items are banned\n|rule|Evasion Moves Clause: Evasion moves are banned\n|rule|Endless Battle Clause: Forcing endless battles is banned\n|rule|HP Percentage Mod: HP is shown in percentages\n|clearpoke\n|poke|p1|Zacian-*|\n|poke|p1|Miraidon|\n|poke|p1|Arceus|\n|poke|p1|Dondozo, M|\n|poke|p1|Ting-Lu|\n|poke|p1|Espathra, M|\n|poke|p2|Blissey, F|\n|poke|p2|Dondozo, F|\n|poke|p2|Clodsire, F|\n|poke|p2|Alomomola, M|\n|poke|p2|Gliscor, F|\n|poke|p2|Kyogre|\n|teampreview\n|j|*Lady Monita \u263d\n|inactive|mf_salvador also wants the timer to be on.\n|inactive|hounds of fate also wants the timer to be on.\n|c|\u2606mf_salvador|glhf\n|c|\u2606mf_salvador|oh boy\n|c|\u2606hounds of fate|hf\n|\n|t:|1699409413\n|start\n|switch|p1a: Miraidon|Miraidon|100\/100\n|switch|p2a: Gliscor|Gliscor, F, shiny|100\/100\n|-fieldstart|move: Electric Terrain|[from] ability: Hadron Engine|[of] p1a: Miraidon\n|turn|1\n|\n|t:|1699409421\n|move|p2a: Gliscor|Protect|p2a: Gliscor\n|-singleturn|p2a: Gliscor|Protect\n|move|p1a: Miraidon|U-turn|p2a: Gliscor\n|-activate|p2a: Gliscor|move: Protect\n|\n|-status|p2a: Gliscor|tox|[from] item: Toxic Orb\n|upkeep\n|turn|2\n|\n|t:|1699409444\n|switch|p2a: Clodsire|Clodsire, F, shiny|100\/100\n|move|p1a: Miraidon|U-turn|p2a: Clodsire\n|-resisted|p2a: Clodsire\n|-crit|p2a: Clodsire\n|-damage|p2a: Clodsire|90\/100\n|\n|t:|1699409463\n|switch|p1a: Ting-Lu|Ting-Lu|100\/100|[from] U-turn\n|-ability|p1a: Ting-Lu|Vessel of Ruin\n|\n|upkeep\n|turn|3\n|\n|t:|1699409469\n|switch|p2a: Kyogre|Kyogre, shiny|100\/100\n|-weather|RainDance|[from] ability: Drizzle|[of] p2a: Kyogre\n|move|p1a: Ting-Lu|Spikes|p2a: Kyogre\n|-sidestart|p2: hounds of fate|Spikes\n|\n|-weather|RainDance|[upkeep]\n|upkeep\n|turn|4\n|\n|t:|1699409480\n|move|p2a: Kyogre|Water Spout|p1a: Ting-Lu\n|-supereffective|p1a: Ting-Lu\n|-damage|p1a: Ting-Lu|0 fnt\n|faint|p1a: Ting-Lu\n|\n|-weather|RainDance|[upkeep]\n|upkeep\n|\n|t:|1699409487\n|switch|p1a: Miraidon|Miraidon|100\/100\n|-activate|p1a: Miraidon|ability: Hadron Engine\n|turn|5\n|\n|t:|1699409492\n|switch|p2a: Blissey|Blissey, F, shiny|100\/100\n|move|p1a: Miraidon|Draco Meteor|p2a: Blissey|[miss]\n|-miss|p1a: Miraidon|p2a: Blissey\n|\n|-weather|RainDance|[upkeep]\n|-fieldend|move: Electric Terrain\n|upkeep\n|turn|6\n|\n|t:|1699409499\n|switch|p1a: Arceus|Arceus|100\/100\n|move|p2a: Blissey|Seismic Toss|p1a: Arceus\n|-damage|p1a: Arceus|77\/100\n|\n|-weather|RainDance|[upkeep]\n|upkeep\n|turn|7\n|\n|t:|1699409509\n|switch|p2a: Alomomola|Alomomola, M, shiny|100\/100\n|move|p1a: Arceus|Taunt|p2a: Alomomola\n|-start|p2a: Alomomola|move: Taunt\n|\n|-weather|none\n|upkeep\n|turn|8\n|\n|t:|1699409515\n|move|p1a: Arceus|Swords Dance|p1a: Arceus\n|-boost|p1a: Arceus|atk|2\n|move|p2a: Alomomola|Flip Turn|p1a: Arceus\n|-damage|p1a: Arceus|67\/100\n|\n|t:|1699409517\n|switch|p2a: Dondozo|Dondozo, F, shiny|100\/100|[from] Flip Turn\n|\n|upkeep\n|turn|9\n|\n|t:|1699409521\n|move|p1a: Arceus|Taunt|p2a: Dondozo\n|-start|p2a: Dondozo|move: Taunt\n|move|p2a: Dondozo|Body Press|p1a: Arceus\n|-supereffective|p1a: Arceus\n|-damage|p1a: Arceus|28\/100\n|\n|upkeep\n|turn|10\n|\n|t:|1699409528\n|switch|p1a: Miraidon|Miraidon|100\/100\n|-fieldstart|move: Electric Terrain|[from] ability: Hadron Engine|[of] p1a: Miraidon\n|move|p2a: Dondozo|Body Press|p1a: Miraidon\n|-damage|p1a: Miraidon|73\/100\n|\n|upkeep\n|turn|11\n|\n|t:|1699409538\n|switch|p2a: Blissey|Blissey, F, shiny|100\/100\n|move|p1a: Miraidon|U-turn|p2a: Blissey\n|-damage|p2a: Blissey|87\/100\n|\n|t:|1699409548\n|switch|p1a: Espathra|Espathra, M|100\/100|[from] U-turn\n|-enditem|p1a: Espathra|Electric Seed\n|-boost|p1a: Espathra|def|1|[from] item: Electric Seed\n|\n|upkeep\n|turn|12\n|\n|t:|1699409560\n|switch|p2a: Gliscor|Gliscor, F, shiny|100\/100 tox\n|move|p1a: Espathra|Calm Mind|p1a: Espathra\n|-boost|p1a: Espathra|spa|1\n|-boost|p1a: Espathra|spd|1\n|\n|-ability|p1a: Espathra|Speed Boost|boost\n|-boost|p1a: Espathra|spe|1\n|upkeep\n|turn|13\n|\n|t:|1699409568\n|move|p1a: Espathra|Stored Power|p2a: Gliscor\n|-damage|p2a: Gliscor|35\/100 tox\n|move|p2a: Gliscor|Toxic|p1a: Espathra\n|-status|p1a: Espathra|tox\n|\n|-damage|p1a: Espathra|94\/100 tox|[from] psn\n|-heal|p2a: Gliscor|48\/100 tox|[from] ability: Poison Heal\n|-ability|p1a: Espathra|Speed Boost|boost\n|-boost|p1a: Espathra|spe|1\n|upkeep\n|turn|14\n|\n|t:|1699409580\n|move|p2a: Gliscor|Protect|p2a: Gliscor\n|-singleturn|p2a: Gliscor|Protect\n|move|p1a: Espathra|Calm Mind|p1a: Espathra\n|-boost|p1a: Espathra|spa|1\n|-boost|p1a: Espathra|spd|1\n|\n|-damage|p1a: Espathra|82\/100 tox|[from] psn\n|-heal|p2a: Gliscor|60\/100 tox|[from] ability: Poison Heal\n|-fieldend|move: Electric Terrain\n|-ability|p1a: Espathra|Speed Boost|boost\n|-boost|p1a: Espathra|spe|1\n|upkeep\n|turn|15\n|\n|t:|1699409592\n|move|p1a: Espathra|Stored Power|p2a: Gliscor\n|-damage|p2a: Gliscor|0 fnt\n|faint|p2a: Gliscor\n|\n|-damage|p1a: Espathra|63\/100 tox|[from] psn\n|-ability|p1a: Espathra|Speed Boost|boost\n|-boost|p1a: Espathra|spe|1\n|upkeep\n|\n|t:|1699409595\n|switch|p2a: Clodsire|Clodsire, F, shiny|90\/100\n|turn|16\n|\n|t:|1699409601\n|-terastallize|p2a: Clodsire|Dark\n|move|p1a: Espathra|Stored Power|p2a: Clodsire\n|-immune|p2a: Clodsire\n|move|p2a: Clodsire|Toxic Spikes|p1a: Espathra\n|-sidestart|p1: mf_salvador|move: Toxic Spikes\n|\n|-damage|p1a: Espathra|38\/100 tox|[from] psn\n|-ability|p1a: Espathra|Speed Boost|boost\n|-boost|p1a: Espathra|spe|1\n|upkeep\n|turn|17\n|\n|t:|1699409607\n|move|p1a: Espathra|Dazzling Gleam|p2a: Clodsire\n|-supereffective|p2a: Clodsire\n|-damage|p2a: Clodsire|72\/100\n|move|p2a: Clodsire|Toxic Spikes|p1a: Espathra\n|-sidestart|p1: mf_salvador|move: Toxic Spikes\n|\n|-damage|p1a: Espathra|7\/100 tox|[from] psn\n|-ability|p1a: Espathra|Speed Boost|boost\n|-boost|p1a: Espathra|spe|1\n|upkeep\n|turn|18\n|\n|t:|1699409614\n|move|p1a: Espathra|Dazzling Gleam|p2a: Clodsire\n|-supereffective|p2a: Clodsire\n|-damage|p2a: Clodsire|50\/100\n|move|p2a: Clodsire|Recover|p2a: Clodsire\n|-heal|p2a: Clodsire|100\/100\n|\n|-damage|p1a: Espathra|0 fnt|[from] psn\n|faint|p1a: Espathra\n|upkeep\n|\n|t:|1699409625\n|switch|p1a: Arceus|Arceus|28\/100\n|-status|p1a: Arceus|tox\n|turn|19\n|\n|t:|1699409630\n|switch|p2a: Alomomola|Alomomola, M, shiny|100\/100\n|move|p1a: Arceus|Extreme Speed|p2a: Alomomola\n|-damage|p2a: Alomomola|72\/100\n|\n|-damage|p1a: Arceus|22\/100 tox|[from] psn\n|upkeep\n|turn|20\n|\n|t:|1699409636\n|move|p1a: Arceus|Extreme Speed|p2a: Alomomola\n|-damage|p2a: Alomomola|46\/100\n|move|p2a: Alomomola|Wish|p2a: Alomomola\n|\n|-damage|p1a: Arceus|10\/100 tox|[from] psn\n|upkeep\n|turn|21\n|\n|t:|1699409643\n|move|p2a: Alomomola|Protect|p2a: Alomomola\n|-singleturn|p2a: Alomomola|Protect\n|move|p1a: Arceus|Extreme Speed|p2a: Alomomola\n|-activate|p2a: Alomomola|move: Protect\n|\n|-heal|p2a: Alomomola|96\/100|[from] move: Wish|[wisher] Alomomola\n|-damage|p1a: Arceus|0 fnt|[from] psn\n|faint|p1a: Arceus\n|upkeep\n|\n|t:|1699409651\n|switch|p1a: Zacian|Zacian-Crowned|100\/100\n|-ability|p1a: Zacian|Intrepid Sword|boost\n|-boost|p1a: Zacian|atk|1\n|turn|22\n|\n|t:|1699409656\n|move|p1a: Zacian|Swords Dance|p1a: Zacian\n|-boost|p1a: Zacian|atk|2\n|move|p2a: Alomomola|Flip Turn|p1a: Zacian\n|-crit|p1a: Zacian\n|-damage|p1a: Zacian|76\/100\n|\n|t:|1699409658\n|switch|p2a: Dondozo|Dondozo, F, shiny|100\/100|[from] Flip Turn\n|\n|upkeep\n|turn|23\n|\n|t:|1699409664\n|move|p1a: Zacian|Play Rough|p2a: Dondozo\n|-damage|p2a: Dondozo|78\/100\n|move|p2a: Dondozo|Body Press|p1a: Zacian\n|-damage|p1a: Zacian|48\/100\n|\n|upkeep\n|turn|24\n|\n|t:|1699409670\n|move|p1a: Zacian|Play Rough|p2a: Dondozo\n|-damage|p2a: Dondozo|54\/100\n|move|p2a: Dondozo|Body Press|p1a: Zacian\n|-damage|p1a: Zacian|21\/100\n|\n|upkeep\n|turn|25\n|\n|t:|1699409675\n|move|p1a: Zacian|Play Rough|p2a: Dondozo\n|-damage|p2a: Dondozo|30\/100\n|-unboost|p2a: Dondozo|atk|1\n|move|p2a: Dondozo|Body Press|p1a: Zacian\n|-damage|p1a: Zacian|0 fnt\n|faint|p1a: Zacian\n|\n|upkeep\n|\n|t:|1699409682\n|switch|p1a: Miraidon|Miraidon|73\/100\n|-status|p1a: Miraidon|tox\n|-fieldstart|move: Electric Terrain|[from] ability: Hadron Engine|[of] p1a: Miraidon\n|turn|26\n|\n|t:|1699409688\n|switch|p2a: Blissey|Blissey, F, shiny|87\/100\n|move|p1a: Miraidon|Electro Drift|p2a: Blissey\n|-damage|p2a: Blissey|60\/100\n|\n|-damage|p1a: Miraidon|67\/100 tox|[from] psn\n|upkeep\n|turn|27\n|-message|mf_salvador forfeited.\n|\n|win|hounds of fate\n|n|\u2606mf_salvador|mfsalvador\n|n|\u2606hounds of fate|houndsoffate\n|n|*Lady Monita \u263d|ladymonita\n|l|*Lady Monita \u263d\n|l|\u2606mf_salvador\n","uploadtime":1699409703,"views":4,"p1id":"mfsalvador","p2id":"houndsoffate","formatid":"gen9ubers","rating":0,"private":0,"password":""}