{"id":"gen9ubers-2000401579","p1":"Hugeson","p2":"Passhi","format":"[Gen 9] Ubers","log":"|j|\u2606Hugeson\n|j|\u2606Passhi\n|t:|1701191748\n|gametype|singles\n|player|p1|Hugeson|waiter-gen4dp|1103\n|player|p2|Passhi|clerkf|1274\n|teamsize|p1|6\n|teamsize|p2|6\n|gen|9\n|tier|[Gen 9] Ubers\n|rated|\n|rule|Sleep Clause Mod: Limit one foe put to sleep\n|rule|Species Clause: Limit one of each Pok\u00e9mon\n|rule|OHKO Clause: OHKO moves are banned\n|rule|Evasion Items Clause: Evasion items are banned\n|rule|Evasion Moves Clause: Evasion moves are banned\n|rule|Endless Battle Clause: Forcing endless battles is banned\n|rule|HP Percentage Mod: HP is shown in percentages\n|clearpoke\n|poke|p1|Ribombee, M|\n|poke|p1|Spectrier|\n|poke|p1|Flutter Mane|\n|poke|p1|Koraidon|\n|poke|p1|Dialga|\n|poke|p1|Eternatus|\n|poke|p2|Miraidon|\n|poke|p2|Skeledirge, M|\n|poke|p2|Eternatus|\n|poke|p2|Corviknight, M|\n|poke|p2|Kyogre|\n|poke|p2|Arceus-Ground|\n|teampreview\n|inactive|Battle timer is ON: inactive players will automatically lose when time's up. (requested by Passhi)\n|j| LaderClimber69er\n|\n|t:|1701191765\n|start\n|switch|p1a: Koraidon|Koraidon|100\/100\n|switch|p2a: Miraidon|Miraidon|100\/100\n|-fieldstart|move: Electric Terrain|[from] ability: Hadron Engine|[of] p2a: Miraidon\n|-weather|SunnyDay|[from] ability: Orichalcum Pulse|[of] p1a: Koraidon\n|-activate|p1a: Koraidon|Orichalcum Pulse|[source]\n|turn|1\n|l| LaderClimber69er\n|\n|t:|1701191784\n|move|p2a: Miraidon|U-turn|p1a: Koraidon\n|-resisted|p1a: Koraidon\n|-damage|p1a: Koraidon|95\/100\n|\n|t:|1701191786\n|switch|p2a: Corviknight|Corviknight, M|100\/100|[from] U-turn\n|-ability|p2a: Corviknight|Pressure\n|move|p1a: Koraidon|Dragon Claw|p2a: Corviknight\n|-resisted|p2a: Corviknight\n|-damage|p2a: Corviknight|84\/100\n|-damage|p1a: Koraidon|79\/100|[from] item: Rocky Helmet|[of] p2a: Corviknight\n|\n|-weather|SunnyDay|[upkeep]\n|upkeep\n|turn|2\n|\n|t:|1701191794\n|switch|p1a: Dialga|Dialga|100\/100\n|-ability|p1a: Dialga|Pressure\n|move|p2a: Corviknight|Roost|p2a: Corviknight\n|-heal|p2a: Corviknight|100\/100\n|-singleturn|p2a: Corviknight|move: Roost\n|\n|-weather|SunnyDay|[upkeep]\n|upkeep\n|turn|3\n|\n|t:|1701191800\n|move|p1a: Dialga|Stealth Rock|p2a: Corviknight\n|-sidestart|p2: Passhi|move: Stealth Rock\n|move|p2a: Corviknight|Body Press|p1a: Dialga\n|-supereffective|p1a: Dialga\n|-damage|p1a: Dialga|61\/100\n|\n|-weather|SunnyDay|[upkeep]\n|-heal|p1a: Dialga|67\/100|[from] item: Leftovers\n|upkeep\n|turn|4\n|\n|t:|1701191808\n|move|p2a: Corviknight|Defog|p1a: Dialga\n|-unboost|p1a: Dialga|evasion|1\n|-sideend|p2: Passhi|Stealth Rock|[from] move: Defog|[of] p2a: Corviknight\n|-fieldend|move: Electric Terrain\n|move|p1a: Dialga|Dragon Tail|p2a: Corviknight\n|-resisted|p2a: Corviknight\n|-damage|p2a: Corviknight|94\/100\n|-damage|p1a: Dialga|50\/100|[from] item: Rocky Helmet|[of] p2a: Corviknight\n|drag|p2a: Arceus|Arceus-Ground|100\/100\n|\n|-weather|SunnyDay|[upkeep]\n|-heal|p1a: Dialga|57\/100|[from] item: Leftovers\n|upkeep\n|turn|5\n|\n|t:|1701191816\n|switch|p1a: Eternatus|Eternatus|100\/100\n|-ability|p1a: Eternatus|Pressure\n|move|p2a: Arceus|Dragon Claw|p1a: Eternatus\n|-supereffective|p1a: Eternatus\n|-damage|p1a: Eternatus|52\/100\n|\n|-weather|none\n|upkeep\n|turn|6\n|\n|t:|1701191823\n|switch|p2a: Corviknight|Corviknight, M|94\/100\n|-ability|p2a: Corviknight|Pressure\n|move|p1a: Eternatus|Toxic|p2a: Corviknight\n|-immune|p2a: Corviknight\n|\n|upkeep\n|turn|7\n|\n|t:|1701191831\n|move|p1a: Eternatus|Recover|p1a: Eternatus\n|-heal|p1a: Eternatus|100\/100\n|move|p2a: Corviknight|U-turn|p1a: Eternatus\n|-resisted|p1a: Eternatus\n|-damage|p1a: Eternatus|95\/100\n|\n|t:|1701191834\n|switch|p2a: Miraidon|Miraidon|100\/100|[from] U-turn\n|-fieldstart|move: Electric Terrain|[from] ability: Hadron Engine|[of] p2a: Miraidon\n|\n|upkeep\n|turn|8\n|\n|t:|1701191842\n|move|p2a: Miraidon|Dragon Pulse|p1a: Eternatus\n|-supereffective|p1a: Eternatus\n|-crit|p1a: Eternatus\n|-damage|p1a: Eternatus|0 fnt\n|faint|p1a: Eternatus\n|\n|upkeep\n|\n|t:|1701191852\n|switch|p1a: Flutter Mane|Flutter Mane|100\/100\n|turn|9\n|\n|t:|1701191857\n|switch|p2a: Corviknight|Corviknight, M|94\/100\n|-ability|p2a: Corviknight|Pressure\n|move|p1a: Flutter Mane|Mystical Fire|p2a: Corviknight\n|-supereffective|p2a: Corviknight\n|-damage|p2a: Corviknight|10\/100\n|-unboost|p2a: Corviknight|spa|1\n|\n|upkeep\n|turn|10\n|\n|t:|1701191862\n|switch|p2a: Kyogre|Kyogre|100\/100\n|-weather|RainDance|[from] ability: Drizzle|[of] p2a: Kyogre\n|move|p1a: Flutter Mane|Mystical Fire|p2a: Kyogre\n|-resisted|p2a: Kyogre\n|-damage|p2a: Kyogre|93\/100\n|-unboost|p2a: Kyogre|spa|1\n|\n|-weather|RainDance|[upkeep]\n|upkeep\n|turn|11\n|\n|t:|1701191869\n|-end|p1a: Flutter Mane|Protosynthesis|[silent]\n|switch|p1a: Koraidon|Koraidon|79\/100\n|-weather|SunnyDay|[from] ability: Orichalcum Pulse|[of] p1a: Koraidon\n|-activate|p1a: Koraidon|Orichalcum Pulse|[source]\n|move|p2a: Kyogre|Ice Beam|p1a: Koraidon\n|-supereffective|p1a: Koraidon\n|-damage|p1a: Koraidon|7\/100\n|\n|-weather|SunnyDay|[upkeep]\n|-fieldend|move: Electric Terrain\n|upkeep\n|turn|12\n|\n|t:|1701191874\n|switch|p2a: Skeledirge|Skeledirge, M|100\/100\n|move|p1a: Koraidon|U-turn|p2a: Skeledirge\n|-resisted|p2a: Skeledirge\n|-damage|p2a: Skeledirge|95\/100\n|\n|t:|1701191880\n|switch|p1a: Spectrier|Spectrier|100\/100|[from] U-turn\n|\n|-weather|SunnyDay|[upkeep]\n|upkeep\n|turn|13\n|\n|t:|1701191888\n|switch|p2a: Eternatus|Eternatus|100\/100\n|-ability|p2a: Eternatus|Pressure\n|move|p1a: Spectrier|Substitute|p1a: Spectrier\n|-start|p1a: Spectrier|Substitute\n|-damage|p1a: Spectrier|76\/100\n|\n|-weather|SunnyDay|[upkeep]\n|-heal|p1a: Spectrier|82\/100|[from] item: Leftovers\n|upkeep\n|turn|14\n|\n|t:|1701191893\n|move|p1a: Spectrier|Nasty Plot|p1a: Spectrier\n|-boost|p1a: Spectrier|spa|2\n|move|p2a: Eternatus|Flamethrower|p1a: Spectrier\n|-crit|p1a: Spectrier\n|-end|p1a: Spectrier|Substitute\n|\n|-weather|SunnyDay|[upkeep]\n|-heal|p1a: Spectrier|88\/100|[from] item: Leftovers\n|upkeep\n|turn|15\n|\n|t:|1701191909\n|move|p1a: Spectrier|Draining Kiss|p2a: Eternatus\n|-damage|p2a: Eternatus|79\/100\n|-heal|p1a: Spectrier|100\/100|[from] drain|[of] p2a: Eternatus\n|move|p2a: Eternatus|Dynamax Cannon|p1a: Spectrier\n|-damage|p1a: Spectrier|47\/100\n|\n|-weather|none\n|-heal|p1a: Spectrier|53\/100|[from] item: Leftovers\n|-heal|p2a: Eternatus|85\/100|[from] item: Leftovers\n|upkeep\n|turn|16\n|\n|t:|1701191915\n|-terastallize|p1a: Spectrier|Fairy\n|move|p1a: Spectrier|Substitute|p1a: Spectrier\n|-start|p1a: Spectrier|Substitute\n|-damage|p1a: Spectrier|28\/100\n|move|p2a: Eternatus|Dynamax Cannon|p1a: Spectrier\n|-immune|p1a: Spectrier\n|\n|-heal|p1a: Spectrier|34\/100|[from] item: Leftovers\n|-heal|p2a: Eternatus|91\/100|[from] item: Leftovers\n|upkeep\n|turn|17\n|\n|t:|1701191921\n|switch|p2a: Skeledirge|Skeledirge, M|95\/100\n|move|p1a: Spectrier|Nasty Plot|p1a: Spectrier\n|-boost|p1a: Spectrier|spa|2\n|\n|-heal|p1a: Spectrier|40\/100|[from] item: Leftovers\n|upkeep\n|turn|18\n|\n|t:|1701191923\n|-terastallize|p2a: Skeledirge|Fairy\n|move|p1a: Spectrier|Shadow Ball|p2a: Skeledirge\n|-damage|p2a: Skeledirge|44\/100\n|move|p2a: Skeledirge|Torch Song|p1a: Spectrier\n|-damage|p1a: Spectrier|5\/100\n|-boost|p2a: Skeledirge|spa|1\n|\n|-heal|p1a: Spectrier|11\/100|[from] item: Leftovers\n|upkeep\n|turn|19\n|\n|t:|1701191933\n|move|p1a: Spectrier|Shadow Ball|p2a: Skeledirge\n|-damage|p2a: Skeledirge|0 fnt\n|faint|p2a: Skeledirge\n|-ability|p1a: Spectrier|Grim Neigh|boost\n|-boost|p1a: Spectrier|spa|1\n|\n|-heal|p1a: Spectrier|17\/100|[from] item: Leftovers\n|upkeep\n|\n|t:|1701191935\n|switch|p2a: Eternatus|Eternatus|91\/100\n|-ability|p2a: Eternatus|Pressure\n|turn|20\n|\n|t:|1701191944\n|move|p1a: Spectrier|Shadow Ball|p2a: Eternatus\n|-damage|p2a: Eternatus|0 fnt\n|faint|p2a: Eternatus\n|-ability|p1a: Spectrier|Grim Neigh|boost\n|-boost|p1a: Spectrier|spa|1\n|\n|-heal|p1a: Spectrier|23\/100|[from] item: Leftovers\n|upkeep\n|\n|t:|1701191954\n|switch|p2a: Kyogre|Kyogre|93\/100\n|-weather|RainDance|[from] ability: Drizzle|[of] p2a: Kyogre\n|turn|21\n|\n|t:|1701191958\n|move|p1a: Spectrier|Shadow Ball|p2a: Kyogre\n|-damage|p2a: Kyogre|0 fnt\n|faint|p2a: Kyogre\n|\n|-weather|RainDance|[upkeep]\n|-heal|p1a: Spectrier|30\/100|[from] item: Leftovers\n|upkeep\n|-message|Passhi forfeited.\n|\n|win|Hugeson\n|raw|Hugeson's rating: 1103 &rarr; <strong>1139<\/strong><br \/>(+36 for winning)\n|raw|Passhi's rating: 1274 &rarr; <strong>1238<\/strong><br \/>(-36 for losing)\n|l|\u2606Passhi\n|c|\u2606Hugeson|ggs\n|l|\u2606Hugeson\n|j|\u2606Hugeson\n|player|p1|Hugeson|waiter-gen4dp\n","uploadtime":1701192025,"views":6,"p1id":"hugeson","p2id":"passhi","formatid":"gen9ubers","rating":1139,"private":0,"password":""}