{"id":"gen9ubers-1990264963","p1":"the tr4sh man","p2":"1P1o1s1h1e1","format":"[Gen 9] Ubers","log":"|j|\u2606the tr4sh man\n|j|\u26061P1o1s1h1e1\n|t:|1699947266\n|gametype|singles\n|player|p1|the tr4sh man|xerosic|\n|player|p2|1P1o1s1h1e1|170|\n|teamsize|p1|6\n|teamsize|p2|6\n|gen|9\n|tier|[Gen 9] Ubers\n|rule|Sleep Clause Mod: Limit one foe put to sleep\n|rule|Species Clause: Limit one of each Pok\u00e9mon\n|rule|OHKO Clause: OHKO moves are banned\n|rule|Evasion Items Clause: Evasion items are banned\n|rule|Evasion Moves Clause: Evasion moves are banned\n|rule|Endless Battle Clause: Forcing endless battles is banned\n|rule|HP Percentage Mod: HP is shown in percentages\n|clearpoke\n|poke|p1|Eiscue, F|\n|poke|p1|Slowbro-Galar, F|\n|poke|p1|Snorlax, M|\n|poke|p1|Azumarill, M|\n|poke|p1|Politoed, M|\n|poke|p1|Poliwrath, F|\n|poke|p2|Slowking-Galar, M|\n|poke|p2|Blissey, F|\n|poke|p2|Cyclizar, M|\n|poke|p2|Quagsire, M|\n|poke|p2|Gholdengo|\n|poke|p2|Tyranitar, F|\n|teampreview\n|c|\u2606the tr4sh man|oh quag\n|c|\u2606the tr4sh man|:(\n|c|\u26061P1o1s1h1e1|real\n|j| VloneVictini\n|\n|t:|1699947290\n|start\n|switch|p1a: Politoed|Politoed, M|100\/100\n|switch|p2a: Cyclizar|Cyclizar, M|100\/100\n|-weather|RainDance|[from] ability: Drizzle|[of] p1a: Politoed\n|turn|1\n|j| Nitro524\n|\n|t:|1699947295\n|move|p2a: Cyclizar|Taunt|p1a: Politoed\n|-start|p1a: Politoed|move: Taunt\n|move|p1a: Politoed|Brick Break|p2a: Cyclizar\n|-supereffective|p2a: Cyclizar\n|-damage|p2a: Cyclizar|40\/100\n|\n|-weather|RainDance|[upkeep]\n|upkeep\n|turn|2\n|j| Incredibleking\n|c| Nitro524|kick his ass mozo\n|c| VloneVictini|smoking dick\n|\n|t:|1699947306\n|switch|p2a: Slowking|Slowking-Galar, M|100\/100\n|move|p1a: Politoed|Liquidation|p2a: Slowking\n|-damage|p2a: Slowking|61\/100\n|-damage|p1a: Politoed|84\/100|[from] item: Rocky Helmet|[of] p2a: Slowking\n|\n|-weather|RainDance|[upkeep]\n|upkeep\n|turn|3\n|c| Nitro524|me\n|c|\u2606the tr4sh man|no promises\n|\n|t:|1699947315\n|move|p1a: Politoed|Liquidation|p2a: Slowking\n|-damage|p2a: Slowking|27\/100\n|-damage|p1a: Politoed|67\/100|[from] item: Rocky Helmet|[of] p2a: Slowking\n|move|p2a: Slowking|Toxic Spikes|p1a: Politoed\n|-sidestart|p1: the tr4sh man|move: Toxic Spikes\n|\n|-weather|RainDance|[upkeep]\n|-end|p1a: Politoed|move: Taunt\n|upkeep\n|turn|4\n|\n|t:|1699947341\n|switch|p2a: Tyranitar|Tyranitar, F|100\/100\n|-weather|Sandstorm|[from] ability: Sand Stream|[of] p2a: Tyranitar\n|move|p1a: Politoed|Liquidation|p2a: Tyranitar\n|-supereffective|p2a: Tyranitar\n|-damage|p2a: Tyranitar|47\/100\n|\n|-weather|Sandstorm|[upkeep]\n|-damage|p1a: Politoed|61\/100|[from] Sandstorm\n|-heal|p2a: Tyranitar|53\/100|[from] item: Leftovers\n|upkeep\n|turn|5\n|\n|t:|1699947354\n|switch|p2a: Gholdengo|Gholdengo|100\/100\n|move|p1a: Politoed|Liquidation|p2a: Gholdengo\n|-damage|p2a: Gholdengo|68\/100\n|\n|-weather|Sandstorm|[upkeep]\n|-damage|p1a: Politoed|55\/100|[from] Sandstorm\n|-heal|p2a: Gholdengo|74\/100|[from] item: Leftovers\n|upkeep\n|turn|6\n|\n|t:|1699947372\n|switch|p1a: Snorlax|Snorlax, M|100\/100\n|-status|p1a: Snorlax|psn\n|-terastallize|p2a: Gholdengo|Water\n|move|p2a: Gholdengo|Nasty Plot|p2a: Gholdengo\n|-boost|p2a: Gholdengo|spa|2\n|\n|-weather|Sandstorm|[upkeep]\n|-damage|p2a: Gholdengo|68\/100|[from] Sandstorm\n|-damage|p1a: Snorlax|94\/100 psn|[from] Sandstorm\n|-heal|p2a: Gholdengo|74\/100|[from] item: Leftovers\n|-damage|p1a: Snorlax|82\/100 psn|[from] psn\n|upkeep\n|turn|7\n|\n|t:|1699947381\n|move|p2a: Gholdengo|Make It Rain|p1a: Snorlax\n|-damage|p1a: Snorlax|9\/100 psn\n|-unboost|p2a: Gholdengo|spa|1\n|-enditem|p1a: Snorlax|Aguav Berry|[eat]\n|-heal|p1a: Snorlax|42\/100 psn|[from] item: Aguav Berry\n|move|p1a: Snorlax|Body Slam|p2a: Gholdengo\n|-damage|p2a: Gholdengo|35\/100\n|\n|-weather|Sandstorm|[upkeep]\n|-damage|p2a: Gholdengo|29\/100|[from] Sandstorm\n|-damage|p1a: Snorlax|36\/100 psn|[from] Sandstorm\n|-heal|p2a: Gholdengo|35\/100|[from] item: Leftovers\n|-damage|p1a: Snorlax|24\/100 psn|[from] psn\n|upkeep\n|turn|8\n|\n|t:|1699947396\n|move|p2a: Gholdengo|Recover|p2a: Gholdengo\n|-heal|p2a: Gholdengo|85\/100\n|move|p1a: Snorlax|Body Slam|p2a: Gholdengo\n|-damage|p2a: Gholdengo|47\/100\n|\n|-weather|none\n|-heal|p2a: Gholdengo|53\/100|[from] item: Leftovers\n|-damage|p1a: Snorlax|12\/100 psn|[from] psn\n|upkeep\n|turn|9\n|\n|t:|1699947402\n|move|p2a: Gholdengo|Make It Rain|p1a: Snorlax\n|-damage|p1a: Snorlax|0 fnt\n|-unboost|p2a: Gholdengo|spa|1\n|faint|p1a: Snorlax\n|\n|-heal|p2a: Gholdengo|59\/100|[from] item: Leftovers\n|upkeep\n|\n|t:|1699947405\n|switch|p1a: Slowbro|Slowbro-Galar, F|100\/100\n|-sideend|p1: the tr4sh man|move: Toxic Spikes|[of] p1a: Slowbro\n|turn|10\n|\n|t:|1699947412\n|move|p2a: Gholdengo|Shadow Ball|p1a: Slowbro\n|-supereffective|p1a: Slowbro\n|-damage|p1a: Slowbro|16\/100\n|-unboost|p1a: Slowbro|spd|1\n|move|p1a: Slowbro|Shell Side Arm|p2a: Gholdengo|[anim] Shell Side Arm Physical\n|-damage|p2a: Gholdengo|22\/100\n|-hint|Physical Shell Side Arm\n|\n|-heal|p2a: Gholdengo|28\/100|[from] item: Leftovers\n|upkeep\n|turn|11\n|-activate|p1a: Slowbro|ability: Quick Draw\n|\n|t:|1699947418\n|move|p1a: Slowbro|Shell Side Arm|p2a: Gholdengo|[anim] Shell Side Arm Physical\n|-damage|p2a: Gholdengo|0 fnt\n|-hint|Physical Shell Side Arm\n|faint|p2a: Gholdengo\n|\n|upkeep\n|\n|t:|1699947427\n|switch|p2a: Tyranitar|Tyranitar, F|53\/100\n|-weather|Sandstorm|[from] ability: Sand Stream|[of] p2a: Tyranitar\n|turn|12\n|-activate|p1a: Slowbro|ability: Quick Draw\n|\n|t:|1699947437\n|move|p1a: Slowbro|Drain Punch|p2a: Tyranitar\n|-supereffective|p2a: Tyranitar\n|-damage|p2a: Tyranitar|0 fnt\n|-heal|p1a: Slowbro|43\/100|[from] drain|[of] p2a: Tyranitar\n|faint|p2a: Tyranitar\n|\n|-weather|Sandstorm|[upkeep]\n|-damage|p1a: Slowbro|37\/100|[from] Sandstorm\n|upkeep\n|\n|t:|1699947449\n|switch|p2a: Slowking|Slowking-Galar, M|60\/100\n|turn|13\n|\n|t:|1699947452\n|move|p2a: Slowking|Toxic Spikes|p1a: Slowbro\n|-sidestart|p1: the tr4sh man|move: Toxic Spikes\n|move|p1a: Slowbro|Earthquake|p2a: Slowking\n|-supereffective|p2a: Slowking\n|-damage|p2a: Slowking|11\/100\n|\n|-weather|Sandstorm|[upkeep]\n|-damage|p2a: Slowking|5\/100|[from] Sandstorm\n|-damage|p1a: Slowbro|31\/100|[from] Sandstorm\n|upkeep\n|turn|14\n|\n|t:|1699947463\n|switch|p2a: Quagsire|Quagsire, M|100\/100\n|switch|p1a: Politoed|Politoed, M|55\/100\n|-status|p1a: Politoed|psn\n|-weather|RainDance|[from] ability: Drizzle|[of] p1a: Politoed\n|\n|-weather|RainDance|[upkeep]\n|-damage|p1a: Politoed|42\/100 psn|[from] psn\n|upkeep\n|turn|15\n|\n|t:|1699947482\n|move|p1a: Politoed|Liquidation|p2a: Quagsire\n|-damage|p2a: Quagsire|68\/100\n|move|p2a: Quagsire|Spikes|p1a: Politoed\n|-sidestart|p1: the tr4sh man|Spikes\n|\n|-weather|RainDance|[upkeep]\n|-damage|p1a: Politoed|30\/100 psn|[from] psn\n|upkeep\n|turn|16\n|\n|t:|1699947489\n|move|p1a: Politoed|Encore|p2a: Quagsire\n|-start|p2a: Quagsire|Encore\n|move|p2a: Quagsire|Spikes|p1a: Politoed\n|-sidestart|p1: the tr4sh man|Spikes\n|\n|-weather|RainDance|[upkeep]\n|-damage|p1a: Politoed|17\/100 psn|[from] psn\n|upkeep\n|turn|17\n|\n|t:|1699947505\n|move|p1a: Politoed|Liquidation|p2a: Quagsire\n|-damage|p2a: Quagsire|31\/100\n|move|p2a: Quagsire|Spikes|p1a: Politoed\n|-sidestart|p1: the tr4sh man|Spikes\n|\n|-weather|RainDance|[upkeep]\n|-damage|p1a: Politoed|5\/100 psn|[from] psn\n|upkeep\n|turn|18\n|\n|t:|1699947525\n|switch|p2a: Cyclizar|Cyclizar, M|74\/100\n|move|p1a: Politoed|Liquidation|p2a: Cyclizar\n|-resisted|p2a: Cyclizar\n|-damage|p2a: Cyclizar|38\/100\n|-unboost|p2a: Cyclizar|def|1\n|\n|-weather|RainDance|[upkeep]\n|-damage|p1a: Politoed|0 fnt|[from] psn\n|faint|p1a: Politoed\n|upkeep\n|\n|t:|1699947532\n|switch|p1a: Poliwrath|Poliwrath, F|100\/100\n|-status|p1a: Poliwrath|psn\n|-damage|p1a: Poliwrath|76\/100 psn|[from] Spikes\n|turn|19\n|\n|t:|1699947544\n|switch|p2a: Slowking|Slowking-Galar, M|39\/100\n|move|p1a: Poliwrath|Earthquake|p2a: Slowking\n|-supereffective|p2a: Slowking\n|-damage|p2a: Slowking|0 fnt\n|faint|p2a: Slowking\n|-heal|p1a: Poliwrath|81\/100 psn|[from] item: Shell Bell|[of] p2: Slowking\n|\n|-weather|RainDance|[upkeep]\n|-damage|p1a: Poliwrath|69\/100 psn|[from] psn\n|upkeep\n|\n|t:|1699947566\n|switch|p2a: Quagsire|Quagsire, M|31\/100\n|turn|20\n|\n|t:|1699947568\n|move|p1a: Poliwrath|Waterfall|p2a: Quagsire\n|-damage|p2a: Quagsire|0 fnt\n|faint|p2a: Quagsire\n|-heal|p1a: Poliwrath|73\/100 psn|[from] item: Shell Bell|[of] p2: Quagsire\n|\n|-weather|RainDance|[upkeep]\n|-damage|p1a: Poliwrath|61\/100 psn|[from] psn\n|upkeep\n|\n|t:|1699947571\n|switch|p2a: Blissey|Blissey, F|100\/100\n|turn|21\n|\n|t:|1699947576\n|move|p1a: Poliwrath|Waterfall|p2a: Blissey\n|-damage|p2a: Blissey|50\/100\n|-heal|p1a: Poliwrath|74\/100 psn|[from] item: Shell Bell|[of] p2a: Blissey\n|move|p2a: Blissey|Seismic Toss|p1a: Poliwrath\n|-damage|p1a: Poliwrath|43\/100 psn\n|\n|-weather|none\n|-damage|p1a: Poliwrath|30\/100 psn|[from] psn\n|upkeep\n|turn|22\n|\n|t:|1699947579\n|move|p1a: Poliwrath|Waterfall|p2a: Blissey\n|-damage|p2a: Blissey|17\/100\n|-heal|p1a: Poliwrath|39\/100 psn|[from] item: Shell Bell|[of] p2a: Blissey\n|move|p2a: Blissey|Soft-Boiled|p2a: Blissey\n|-heal|p2a: Blissey|67\/100\n|\n|-damage|p1a: Poliwrath|26\/100 psn|[from] psn\n|upkeep\n|turn|23\n|\n|t:|1699947586\n|move|p1a: Poliwrath|Waterfall|p2a: Blissey\n|-damage|p2a: Blissey|34\/100\n|-heal|p1a: Poliwrath|34\/100 psn|[from] item: Shell Bell|[of] p2a: Blissey\n|cant|p2a: Blissey|flinch\n|\n|-damage|p1a: Poliwrath|22\/100 psn|[from] psn\n|upkeep\n|turn|24\n|c|\u26061P1o1s1h1e1|me everytime I queue up for sample team games\n|\n|t:|1699947610\n|move|p1a: Poliwrath|Waterfall|p2a: Blissey\n|-damage|p2a: Blissey|3\/100\n|-heal|p1a: Poliwrath|30\/100 psn|[from] item: Shell Bell|[of] p2a: Blissey\n|move|p2a: Blissey|Soft-Boiled|p2a: Blissey\n|-heal|p2a: Blissey|53\/100\n|\n|-damage|p1a: Poliwrath|17\/100 psn|[from] psn\n|upkeep\n|turn|25\n|\n|t:|1699947614\n|move|p1a: Poliwrath|Waterfall|p2a: Blissey\n|-damage|p2a: Blissey|24\/100\n|-heal|p1a: Poliwrath|25\/100 psn|[from] item: Shell Bell|[of] p2a: Blissey\n|move|p2a: Blissey|Soft-Boiled|p2a: Blissey\n|-heal|p2a: Blissey|74\/100\n|\n|-damage|p1a: Poliwrath|12\/100 psn|[from] psn\n|upkeep\n|turn|26\n|\n|t:|1699947617\n|move|p1a: Poliwrath|Waterfall|p2a: Blissey\n|-damage|p2a: Blissey|45\/100\n|-heal|p1a: Poliwrath|20\/100 psn|[from] item: Shell Bell|[of] p2a: Blissey\n|move|p2a: Blissey|Soft-Boiled|p2a: Blissey\n|-heal|p2a: Blissey|95\/100\n|\n|-damage|p1a: Poliwrath|7\/100 psn|[from] psn\n|upkeep\n|turn|27\n|\n|t:|1699947620\n|move|p1a: Poliwrath|Waterfall|p2a: Blissey\n|-damage|p2a: Blissey|65\/100\n|-heal|p1a: Poliwrath|15\/100 psn|[from] item: Shell Bell|[of] p2a: Blissey\n|move|p2a: Blissey|Soft-Boiled|p2a: Blissey\n|-heal|p2a: Blissey|100\/100\n|\n|-damage|p1a: Poliwrath|2\/100 psn|[from] psn\n|upkeep\n|turn|28\n|\n|t:|1699947625\n|move|p1a: Poliwrath|Waterfall|p2a: Blissey\n|-damage|p2a: Blissey|69\/100\n|-heal|p1a: Poliwrath|10\/100 psn|[from] item: Shell Bell|[of] p2a: Blissey\n|move|p2a: Blissey|Seismic Toss|p1a: Poliwrath\n|-damage|p1a: Poliwrath|0 fnt\n|faint|p1a: Poliwrath\n|\n|upkeep\n|\n|t:|1699947630\n|switch|p1a: Slowbro|Slowbro-Galar, F|31\/100\n|-sideend|p1: the tr4sh man|move: Toxic Spikes|[of] p1a: Slowbro\n|-damage|p1a: Slowbro|6\/100|[from] Spikes\n|turn|29\n|\n|t:|1699947634\n|move|p2a: Blissey|Seismic Toss|p1a: Slowbro\n|-damage|p1a: Slowbro|0 fnt\n|faint|p1a: Slowbro\n|\n|upkeep\n|\n|t:|1699947638\n|switch|p1a: Eiscue|Eiscue, F|100\/100\n|-damage|p1a: Eiscue|76\/100|[from] Spikes\n|turn|30\n|\n|t:|1699947645\n|move|p1a: Eiscue|Belly Drum|p1a: Eiscue\n|-damage|p1a: Eiscue|26\/100\n|-setboost|p1a: Eiscue|atk|6|[from] move: Belly Drum\n|move|p2a: Blissey|Shadow Ball|p1a: Eiscue\n|-damage|p1a: Eiscue|7\/100\n|-enditem|p1a: Eiscue|Salac Berry|[eat]\n|-boost|p1a: Eiscue|spe|1|[from] item: Salac Berry\n|\n|upkeep\n|turn|31\n|\n|t:|1699947675\n|move|p1a: Eiscue|Ice Spinner|p2a: Blissey\n|-damage|p2a: Blissey|0 fnt\n|faint|p2a: Blissey\n|\n|upkeep\n|\n|t:|1699947678\n|switch|p2a: Cyclizar|Cyclizar, M|71\/100\n|turn|32\n|\n|t:|1699947682\n|move|p2a: Cyclizar|Knock Off|p1a: Eiscue\n|-activate|p1a: Eiscue|ability: Ice Face\n|-damage|p1a: Eiscue|7\/100\n|detailschange|p1a: Eiscue|Eiscue-Noice, F\n|move|p1a: Eiscue|Ice Spinner|p2a: Cyclizar\n|-supereffective|p2a: Cyclizar\n|-damage|p2a: Cyclizar|0 fnt\n|faint|p2a: Cyclizar\n|\n|win|the tr4sh man\n|c|\u2606the tr4sh man|gg\n|c| Nitro524|gg\n|c|\u2606the tr4sh man|sorry btw\n","uploadtime":1699947706,"views":5,"p1id":"thetr4shman","p2id":"1p1o1s1h1e1","formatid":"gen9ubers","rating":0,"private":0,"password":""}