{"id":"gen9ubers-1994191292","p1":"BAttleing124555","p2":"SanjaDreams","format":"[Gen 9] Ubers","log":"|j|\u2606BAttleing124555\n|j|\u2606SanjaDreams\n|t:|1700417210\n|gametype|singles\n|player|p1|BAttleing124555|steven|1077\n|player|p2|SanjaDreams|marnie|1067\n|teamsize|p1|6\n|teamsize|p2|6\n|gen|9\n|tier|[Gen 9] Ubers\n|rated|\n|rule|Sleep Clause Mod: Limit one foe put to sleep\n|rule|Species Clause: Limit one of each Pok\u00e9mon\n|rule|OHKO Clause: OHKO moves are banned\n|rule|Evasion Items Clause: Evasion items are banned\n|rule|Evasion Moves Clause: Evasion moves are banned\n|rule|Endless Battle Clause: Forcing endless battles is banned\n|rule|HP Percentage Mod: HP is shown in percentages\n|clearpoke\n|poke|p1|Miraidon|\n|poke|p1|Inteleon, F|\n|poke|p1|Volcarona, M|\n|poke|p1|Giratina-Origin|\n|poke|p1|Iron Valiant|\n|poke|p1|Zarude|\n|poke|p2|Iron Valiant|\n|poke|p2|Cinderace, M|\n|poke|p2|Great Tusk|\n|poke|p2|Chien-Pao|\n|poke|p2|Roaring Moon|\n|poke|p2|Quaquaval, M|\n|teampreview\n|\n|t:|1700417219\n|start\n|switch|p1a: Giratina|Giratina-Origin|100\/100\n|switch|p2a: Roaring Moon|Roaring Moon|100\/100\n|turn|1\n|\n|t:|1700417237\n|switch|p1a: Iron Valiant|Iron Valiant|100\/100\n|move|p2a: Roaring Moon|Dragon Dance|p2a: Roaring Moon\n|-boost|p2a: Roaring Moon|atk|1\n|-boost|p2a: Roaring Moon|spe|1\n|\n|upkeep\n|turn|2\n|\n|t:|1700417255\n|-terastallize|p2a: Roaring Moon|Steel\n|move|p2a: Roaring Moon|Dragon Dance|p2a: Roaring Moon\n|-boost|p2a: Roaring Moon|atk|1\n|-boost|p2a: Roaring Moon|spe|1\n|move|p1a: Iron Valiant|Moonblast|p2a: Roaring Moon\n|-resisted|p2a: Roaring Moon\n|-damage|p2a: Roaring Moon|68\/100\n|\n|upkeep\n|turn|3\n|\n|t:|1700417266\n|-end|p1a: Iron Valiant|Quark Drive|[silent]\n|switch|p1a: Volcarona|Volcarona, M|100\/100\n|move|p2a: Roaring Moon|Earthquake|p1a: Volcarona\n|-damage|p1a: Volcarona|0 fnt\n|faint|p1a: Volcarona\n|\n|upkeep\n|\n|t:|1700417281\n|switch|p1a: Miraidon|Miraidon|100\/100\n|-fieldstart|move: Electric Terrain|[from] ability: Hadron Engine|[of] p1a: Miraidon\n|turn|4\n|inactive|Battle timer is ON: inactive players will automatically lose when time's up. (requested by SanjaDreams)\n|\n|t:|1700417285\n|move|p2a: Roaring Moon|Earthquake|p1a: Miraidon\n|-supereffective|p1a: Miraidon\n|-damage|p1a: Miraidon|0 fnt\n|faint|p1a: Miraidon\n|\n|upkeep\n|c|\u2606SanjaDreams|!weak zarude\n|c| SanjaDreams|\/raw <div class=\"infobox\">Zarude (ignoring abilities):<br \/><span class=\"message-effect-weak\">Weaknesses<\/span>: <b>Bug<\/b>, Fairy, Fighting, Fire, Flying, Ice, Poison<br \/><span class=\"message-effect-resist\">Resistances<\/span>: Dark, Electric, Ghost, Grass, Ground, Water<br \/><span class=\"message-effect-immune\">Immunities<\/span>: Psychic, Powder moves, Prankster<\/div>\n|inactive|BAttleing124555 has 120 seconds left.\n|c|\u2606SanjaDreams|!weak giratine\n|c| SanjaDreams|\/raw <div class=\"infobox\">giratine isn't a recognized type or Pokemon.<\/div>\n|c|\u2606SanjaDreams|!weak giratina\n|c| SanjaDreams|\/raw <div class=\"infobox\">Giratina (ignoring abilities):<br \/><span class=\"message-effect-weak\">Weaknesses<\/span>: Dark, Dragon, Fairy, Ghost, Ice<br \/><span class=\"message-effect-resist\">Resistances<\/span>: Bug, Electric, Fire, Grass, Poison, Water<br \/><span class=\"message-effect-immune\">Immunities<\/span>: Fighting, Normal, Trapping<\/div>\n|inactive|BAttleing124555 has 90 seconds left.\n|c|\u2606BAttleing124555|!weak roaring moon\n|c| BAttleing124555|\/raw <div class=\"infobox\">Roaring Moon (ignoring abilities):<br \/><span class=\"message-effect-weak\">Weaknesses<\/span>: Bug, Dragon, <b>Fairy<\/b>, Fighting, Ice<br \/><span class=\"message-effect-resist\">Resistances<\/span>: Dark, Electric, Fire, Ghost, Grass, Water<br \/><span class=\"message-effect-immune\">Immunities<\/span>: Psychic, Prankster<\/div>\n|\n|t:|1700417363\n|switch|p1a: Zarude|Zarude|100\/100\n|turn|5\n|\n|t:|1700417385\n|move|p2a: Roaring Moon|Earthquake|p1a: Zarude\n|-resisted|p1a: Zarude\n|-damage|p1a: Zarude|62\/100\n|move|p1a: Zarude|Swords Dance|p1a: Zarude\n|-boost|p1a: Zarude|atk|2\n|\n|upkeep\n|turn|6\n|\n|t:|1700417409\n|move|p2a: Roaring Moon|Jaw Lock|p1a: Zarude\n|-resisted|p1a: Zarude\n|-damage|p1a: Zarude|14\/100\n|-activate|p2a: Roaring Moon|trapped\n|-activate|p1a: Zarude|trapped\n|move|p1a: Zarude|Power Whip|p2a: Roaring Moon\n|-resisted|p2a: Roaring Moon\n|-damage|p2a: Roaring Moon|0 fnt\n|faint|p2a: Roaring Moon\n|-end|p2a: Roaring Moon|Protosynthesis|[silent]\n|-damage|p1a: Zarude|4\/100|[from] item: Life Orb\n|\n|upkeep\n|\n|t:|1700417415\n|switch|p2a: Chien-Pao|Chien-Pao|100\/100\n|-ability|p2a: Chien-Pao|Sword of Ruin\n|turn|7\n|c|\u2606BAttleing124555|!weakness Chien-pao\n|c| BAttleing124555|\/raw <div class=\"infobox\">Chien-Pao (ignoring abilities):<br \/><span class=\"message-effect-weak\">Weaknesses<\/span>: Bug, Fairy, <b>Fighting<\/b>, Fire, Rock, Steel<br \/><span class=\"message-effect-resist\">Resistances<\/span>: Dark, Ghost, Ice<br \/><span class=\"message-effect-immune\">Immunities<\/span>: Psychic, Frozen, Hail damage, Prankster<\/div>\n|inactive|BAttleing124555 has 60 seconds left.\n|\n|t:|1700417447\n|switch|p1a: Iron Valiant|Iron Valiant|100\/100\n|-activate|p1a: Iron Valiant|ability: Quark Drive\n|-start|p1a: Iron Valiant|quarkdrivespe\n|move|p2a: Chien-Pao|Swords Dance|p2a: Chien-Pao\n|-boost|p2a: Chien-Pao|atk|2\n|\n|upkeep\n|turn|8\n|inactive|BAttleing124555 has 60 seconds left.\n|\n|t:|1700417464\n|move|p1a: Iron Valiant|Aura Sphere|p2a: Chien-Pao\n|-supereffective|p2a: Chien-Pao\n|-enditem|p2a: Chien-Pao|Focus Sash\n|-damage|p2a: Chien-Pao|1\/100\n|move|p2a: Chien-Pao|Sacred Sword|p1a: Iron Valiant\n|-resisted|p1a: Iron Valiant\n|-damage|p1a: Iron Valiant|51\/100\n|\n|-fieldend|move: Electric Terrain\n|-end|p1a: Iron Valiant|Quark Drive\n|upkeep\n|turn|9\n|\n|t:|1700417473\n|move|p2a: Chien-Pao|Ice Shard|p1a: Iron Valiant\n|-damage|p1a: Iron Valiant|0 fnt\n|faint|p1a: Iron Valiant\n|-end|p1a: Iron Valiant|Quark Drive|[silent]\n|\n|upkeep\n|\n|t:|1700417495\n|switch|p1a: Inteleon|Inteleon, F|100\/100\n|turn|10\n|\n|t:|1700417509\n|move|p2a: Chien-Pao|Sacred Sword|p1a: Inteleon\n|-damage|p1a: Inteleon|0 fnt\n|faint|p1a: Inteleon\n|\n|upkeep\n|\n|t:|1700417514\n|switch|p1a: Giratina|Giratina-Origin|100\/100\n|turn|11\n|\n|t:|1700417519\n|move|p2a: Chien-Pao|Ice Shard|p1a: Giratina\n|-supereffective|p1a: Giratina\n|-damage|p1a: Giratina|35\/100\n|move|p1a: Giratina|Destiny Bond|p1a: Giratina\n|-singlemove|p1a: Giratina|Destiny Bond\n|\n|upkeep\n|turn|12\n|inactive|BAttleing124555 has 60 seconds left.\n|\n|t:|1700417525\n|move|p2a: Chien-Pao|Ice Shard|p1a: Giratina\n|-supereffective|p1a: Giratina\n|-damage|p1a: Giratina|0 fnt\n|faint|p1a: Giratina\n|-activate|p1a: Giratina|move: Destiny Bond\n|faint|p2a: Chien-Pao\n|\n|upkeep\n|\n|t:|1700417533\n|switch|p2a: Iron Valiant|Iron Valiant|100\/100\n|switch|p1a: Zarude|Zarude|4\/100\n|-enditem|p2a: Iron Valiant|Booster Energy\n|-activate|p2a: Iron Valiant|ability: Quark Drive|[fromitem]\n|-start|p2a: Iron Valiant|quarkdrivespe\n|turn|13\n|\n|t:|1700417544\n|-terastallize|p1a: Zarude|Dark\n|move|p2a: Iron Valiant|Calm Mind|p2a: Iron Valiant\n|-boost|p2a: Iron Valiant|spa|1\n|-boost|p2a: Iron Valiant|spd|1\n|move|p1a: Zarude|Power Whip|p2a: Iron Valiant|[miss]\n|-miss|p1a: Zarude|p2a: Iron Valiant\n|\n|upkeep\n|turn|14\n|\n|t:|1700417553\n|move|p2a: Iron Valiant|Calm Mind|p2a: Iron Valiant\n|-boost|p2a: Iron Valiant|spa|1\n|-boost|p2a: Iron Valiant|spd|1\n|move|p1a: Zarude|Stomping Tantrum|p2a: Iron Valiant\n|-damage|p2a: Iron Valiant|13\/100\n|-damage|p1a: Zarude|0 fnt|[from] item: Life Orb\n|faint|p1a: Zarude\n|\n|win|SanjaDreams\n|raw|BAttleing124555's rating: 1077 &rarr; <strong>1055<\/strong><br \/>(-22 for losing)\n|raw|SanjaDreams's rating: 1067 &rarr; <strong>1098<\/strong><br \/>(+31 for winning)\n|l|\u2606BAttleing124555\n","uploadtime":1700417563,"views":19,"p1id":"battleing124555","p2id":"sanjadreams","formatid":"gen9ubers","rating":1055,"private":0,"password":""}