{"id":"gen9ubers-1985491631","p1":"ult4cp staller","p2":"dun 26","format":"[Gen 9] Ubers","log":"|j|\u2606ult4cp staller\n|j|\u2606dun 26\n|t:|1699379071\n|gametype|singles\n|player|p1|ult4cp staller|red|\n|player|p2|dun 26|skyla|\n|teamsize|p1|6\n|teamsize|p2|6\n|gen|9\n|tier|[Gen 9] Ubers\n|rated|Tournament battle\n|rule|Sleep Clause Mod: Limit one foe put to sleep\n|rule|Species Clause: Limit one of each Pok\u00e9mon\n|rule|OHKO Clause: OHKO moves are banned\n|rule|Evasion Items Clause: Evasion items are banned\n|rule|Evasion Moves Clause: Evasion moves are banned\n|rule|Endless Battle Clause: Forcing endless battles is banned\n|rule|HP Percentage Mod: HP is shown in percentages\n|clearpoke\n|poke|p1|Gliscor, F|\n|poke|p1|Clodsire, M|\n|poke|p1|Skeledirge, M|\n|poke|p1|Dondozo, M|\n|poke|p1|Clefable, F|\n|poke|p1|Blissey, F|\n|poke|p2|Lilligant-Hisui, F|\n|poke|p2|Koraidon|\n|poke|p2|Groudon|\n|poke|p2|Flutter Mane|\n|poke|p2|Chi-Yu|\n|poke|p2|Arceus-Ground|\n|teampreview\n|j|+OreoSpeedruns\n|c|\u2606ult4cp staller|Glgl\n|c|\u2606dun 26|Haha\n|c|\u2606dun 26|U just chose hell\n|\n|t:|1699379093\n|start\n|switch|p1a: Gliscor|Gliscor, F|100\/100\n|switch|p2a: Koraidon|Koraidon|100\/100\n|-weather|SunnyDay|[from] ability: Orichalcum Pulse|[of] p2a: Koraidon\n|-activate|p2a: Koraidon|Orichalcum Pulse|[source]\n|turn|1\n|l|+OreoSpeedruns\n|c|\u2606ult4cp staller|!learn koraidon, will o wisp\n|c| ult4cp staller|\/raw <div class=\"infobox\">In [Gen 9] Ubers, Koraidon <span class=\"message-learn-cannotlearn\">can't<\/span> learn Will-O-Wisp<\/div>\n|\n|t:|1699379115\n|move|p2a: Koraidon|U-turn|p1a: Gliscor\n|-resisted|p1a: Gliscor\n|-damage|p1a: Gliscor|80\/100\n|\n|t:|1699379123\n|switch|p2a: Chi-Yu|Chi-Yu|100\/100|[from] U-turn\n|-ability|p2a: Chi-Yu|Beads of Ruin\n|move|p1a: Gliscor|Spikes|p2a: Chi-Yu\n|-sidestart|p2: dun 26|Spikes\n|\n|-weather|SunnyDay|[upkeep]\n|-status|p1a: Gliscor|tox|[from] item: Toxic Orb\n|upkeep\n|turn|2\n|\n|t:|1699379128\n|switch|p2a: Koraidon|Koraidon|100\/100\n|-damage|p2a: Koraidon|88\/100|[from] Spikes\n|-activate|p2a: Koraidon|ability: Orichalcum Pulse\n|move|p1a: Gliscor|Protect||[still]\n|-fail|p1a: Gliscor\n|\n|-weather|SunnyDay|[upkeep]\n|-heal|p1a: Gliscor|93\/100 tox|[from] ability: Poison Heal\n|upkeep\n|turn|3\n|\n|t:|1699379132\n|move|p2a: Koraidon|U-turn|p1a: Gliscor\n|-resisted|p1a: Gliscor\n|-damage|p1a: Gliscor|73\/100 tox\n|\n|t:|1699379135\n|switch|p2a: Lilligant|Lilligant-Hisui, F|100\/100|[from] U-turn\n|-damage|p2a: Lilligant|88\/100|[from] Spikes\n|move|p1a: Gliscor|Spikes|p2a: Lilligant\n|-sidestart|p2: dun 26|Spikes\n|\n|-weather|SunnyDay|[upkeep]\n|-heal|p1a: Gliscor|85\/100 tox|[from] ability: Poison Heal\n|upkeep\n|turn|4\n|\n|t:|1699379141\n|switch|p1a: Skeledirge|Skeledirge, M|100\/100\n|move|p2a: Lilligant|Solar Blade||[still]\n|-prepare|p2a: Lilligant|Solar Blade\n|-anim|p2a: Lilligant|Solar Blade|p1a: Skeledirge\n|-resisted|p1a: Skeledirge\n|-damage|p1a: Skeledirge|83\/100\n|\n|-weather|SunnyDay|[upkeep]\n|upkeep\n|turn|5\n|\n|t:|1699379144\n|move|p2a: Lilligant|Defog|p1a: Skeledirge\n|-unboost|p1a: Skeledirge|evasion|1\n|-sideend|p2: dun 26|Spikes|[from] move: Defog|[of] p2a: Lilligant\n|move|p1a: Skeledirge|Torch Song|p2a: Lilligant\n|-supereffective|p2a: Lilligant\n|-damage|p2a: Lilligant|0 fnt\n|-boost|p1a: Skeledirge|spa|1\n|faint|p2a: Lilligant\n|\n|-weather|none\n|upkeep\n|c|\u2606ult4cp staller|Oo\n|\n|t:|1699379150\n|switch|p2a: Koraidon|Koraidon|88\/100\n|-weather|SunnyDay|[from] ability: Orichalcum Pulse|[of] p2a: Koraidon\n|-activate|p2a: Koraidon|Orichalcum Pulse|[source]\n|turn|6\n|\n|t:|1699379155\n|move|p2a: Koraidon|U-turn|p1a: Skeledirge\n|-resisted|p1a: Skeledirge\n|-damage|p1a: Skeledirge|75\/100\n|\n|t:|1699379157\n|switch|p2a: Chi-Yu|Chi-Yu|100\/100|[from] U-turn\n|-ability|p2a: Chi-Yu|Beads of Ruin\n|move|p1a: Skeledirge|Will-O-Wisp|p2a: Chi-Yu\n|-immune|p2a: Chi-Yu\n|\n|-weather|SunnyDay|[upkeep]\n|upkeep\n|turn|7\n|\n|t:|1699379161\n|switch|p1a: Blissey|Blissey, F|100\/100\n|move|p2a: Chi-Yu|Overheat|p1a: Blissey\n|-damage|p1a: Blissey|61\/100\n|-unboost|p2a: Chi-Yu|spa|2\n|\n|-weather|SunnyDay|[upkeep]\n|upkeep\n|turn|8\n|\n|t:|1699379164\n|switch|p2a: Koraidon|Koraidon|88\/100\n|-activate|p2a: Koraidon|ability: Orichalcum Pulse\n|move|p1a: Blissey|Soft-Boiled|p1a: Blissey\n|-heal|p1a: Blissey|100\/100\n|\n|-weather|SunnyDay|[upkeep]\n|upkeep\n|turn|9\n|\n|t:|1699379171\n|switch|p1a: Dondozo|Dondozo, M|100\/100\n|-terastallize|p2a: Koraidon|Fire\n|move|p2a: Koraidon|Flare Blitz|p1a: Dondozo\n|-resisted|p1a: Dondozo\n|-damage|p1a: Dondozo|51\/100\n|-damage|p2a: Koraidon|67\/100|[from] Recoil\n|\n|-weather|SunnyDay|[upkeep]\n|upkeep\n|turn|10\n|c|\u2606ult4cp staller|Wow\n|j|+OreoSpeedruns\n|c|\u2606ult4cp staller|Band raidon\n|\n|t:|1699379194\n|move|p2a: Koraidon|Flare Blitz|p1a: Dondozo\n|-resisted|p1a: Dondozo\n|-damage|p1a: Dondozo|2\/100\n|-damage|p2a: Koraidon|47\/100|[from] Recoil\n|move|p1a: Dondozo|Body Press|p2a: Koraidon\n|-damage|p2a: Koraidon|23\/100\n|\n|-weather|none\n|upkeep\n|turn|11\n|c|\u2606dun 26|Yp\n|\n|t:|1699379200\n|switch|p1a: Skeledirge|Skeledirge, M|75\/100\n|move|p2a: Koraidon|Flare Blitz|p1a: Skeledirge\n|-resisted|p1a: Skeledirge\n|-damage|p1a: Skeledirge|45\/100\n|-damage|p2a: Koraidon|13\/100|[from] Recoil\n|\n|upkeep\n|turn|12\n|\n|t:|1699379206\n|switch|p2a: Chi-Yu|Chi-Yu|100\/100\n|-ability|p2a: Chi-Yu|Beads of Ruin\n|move|p1a: Skeledirge|Slack Off|p1a: Skeledirge\n|-heal|p1a: Skeledirge|95\/100\n|\n|upkeep\n|turn|13\n|\n|t:|1699379209\n|switch|p2a: Koraidon|Koraidon, tera:Fire|13\/100\n|-weather|SunnyDay|[from] ability: Orichalcum Pulse|[of] p2a: Koraidon\n|-activate|p2a: Koraidon|Orichalcum Pulse|[source]\n|switch|p1a: Blissey|Blissey, F|100\/100\n|\n|-weather|SunnyDay|[upkeep]\n|upkeep\n|turn|14\n|\n|t:|1699379220\n|switch|p1a: Clefable|Clefable, F|100\/100\n|move|p2a: Koraidon|U-turn|p1a: Clefable\n|-resisted|p1a: Clefable\n|-damage|p1a: Clefable|80\/100\n|\n|t:|1699379223\n|switch|p2a: Chi-Yu|Chi-Yu|100\/100|[from] U-turn\n|-ability|p2a: Chi-Yu|Beads of Ruin\n|\n|-weather|SunnyDay|[upkeep]\n|-heal|p1a: Clefable|86\/100|[from] item: Leftovers\n|upkeep\n|turn|15\n|\n|t:|1699379230\n|move|p1a: Clefable|Protect|p1a: Clefable\n|-singleturn|p1a: Clefable|Protect\n|move|p2a: Chi-Yu|Flamethrower|p1a: Clefable\n|-activate|p1a: Clefable|move: Protect\n|\n|-weather|SunnyDay|[upkeep]\n|-heal|p1a: Clefable|92\/100|[from] item: Leftovers\n|upkeep\n|turn|16\n|\n|t:|1699379235\n|switch|p1a: Blissey|Blissey, F|100\/100\n|move|p2a: Chi-Yu|Flamethrower|p1a: Blissey\n|-damage|p1a: Blissey|73\/100\n|\n|-weather|SunnyDay|[upkeep]\n|upkeep\n|turn|17\n|\n|t:|1699379243\n|switch|p2a: Flutter Mane|Flutter Mane|100\/100\n|-activate|p2a: Flutter Mane|ability: Protosynthesis\n|-start|p2a: Flutter Mane|protosynthesisspe\n|move|p1a: Blissey|Seismic Toss|p2a: Flutter Mane\n|-immune|p2a: Flutter Mane\n|\n|-weather|none\n|-end|p2a: Flutter Mane|Protosynthesis\n|upkeep\n|turn|18\n|\n|t:|1699379249\n|move|p2a: Flutter Mane|Psyshock|p1a: Blissey\n|-damage|p1a: Blissey|27\/100\n|move|p1a: Blissey|Shadow Ball|p2a: Flutter Mane\n|-supereffective|p2a: Flutter Mane\n|-damage|p2a: Flutter Mane|72\/100\n|\n|upkeep\n|turn|19\n|\n|t:|1699379261\n|switch|p1a: Dondozo|Dondozo, M|2\/100\n|move|p2a: Flutter Mane|Psyshock|p1a: Dondozo\n|-damage|p1a: Dondozo|0 fnt\n|faint|p1a: Dondozo\n|\n|upkeep\n|\n|t:|1699379273\n|switch|p1a: Gliscor|Gliscor, F|85\/100 tox\n|turn|20\n|\n|t:|1699379289\n|-end|p2a: Flutter Mane|Protosynthesis|[silent]\n|switch|p2a: Koraidon|Koraidon, tera:Fire|13\/100\n|-weather|SunnyDay|[from] ability: Orichalcum Pulse|[of] p2a: Koraidon\n|-activate|p2a: Koraidon|Orichalcum Pulse|[source]\n|move|p1a: Gliscor|Spikes|p2a: Koraidon\n|-sidestart|p2: dun 26|Spikes\n|\n|-weather|SunnyDay|[upkeep]\n|-heal|p1a: Gliscor|98\/100 tox|[from] ability: Poison Heal\n|upkeep\n|turn|21\n|\n|t:|1699379294\n|move|p1a: Gliscor|Protect|p1a: Gliscor\n|-singleturn|p1a: Gliscor|Protect\n|move|p2a: Koraidon|Dragon Claw|p1a: Gliscor\n|-activate|p1a: Gliscor|move: Protect\n|\n|-weather|SunnyDay|[upkeep]\n|-heal|p1a: Gliscor|100\/100 tox|[from] ability: Poison Heal\n|upkeep\n|turn|22\n|\n|t:|1699379303\n|switch|p2a: Chi-Yu|Chi-Yu|100\/100\n|-damage|p2a: Chi-Yu|88\/100|[from] Spikes\n|-ability|p2a: Chi-Yu|Beads of Ruin\n|move|p1a: Gliscor|Knock Off|p2a: Chi-Yu\n|-resisted|p2a: Chi-Yu\n|-damage|p2a: Chi-Yu|71\/100\n|-enditem|p2a: Chi-Yu|Choice Scarf|[from] move: Knock Off|[of] p1a: Gliscor\n|\n|-weather|SunnyDay|[upkeep]\n|upkeep\n|turn|23\n|c|\u2606ult4cp staller|No eq sad\n|\n|t:|1699379316\n|move|p1a: Gliscor|Protect|p1a: Gliscor\n|-singleturn|p1a: Gliscor|Protect\n|move|p2a: Chi-Yu|Flamethrower|p1a: Gliscor\n|-activate|p1a: Gliscor|move: Protect\n|\n|-weather|SunnyDay|[upkeep]\n|upkeep\n|turn|24\n|c|\u2606dun 26|Pb of using stall\n|c|\u2606dun 26|U cannot predict\n|\n|t:|1699379347\n|-terastallize|p1a: Gliscor|Water\n|move|p2a: Chi-Yu|Flamethrower|p1a: Gliscor\n|-resisted|p1a: Gliscor\n|-damage|p1a: Gliscor|59\/100 tox\n|move|p1a: Gliscor|Toxic|p2a: Chi-Yu\n|-status|p2a: Chi-Yu|tox\n|\n|-weather|none\n|-damage|p2a: Chi-Yu|65\/100 tox|[from] psn\n|-heal|p1a: Gliscor|72\/100 tox|[from] ability: Poison Heal\n|upkeep\n|turn|25\n|c|\u2606dun 26|Just have to click safe moves\n|\n|t:|1699379362\n|move|p1a: Gliscor|Protect|p1a: Gliscor\n|-singleturn|p1a: Gliscor|Protect\n|move|p2a: Chi-Yu|Dark Pulse|p1a: Gliscor\n|-activate|p1a: Gliscor|move: Protect\n|\n|-damage|p2a: Chi-Yu|53\/100 tox|[from] psn\n|-heal|p1a: Gliscor|84\/100 tox|[from] ability: Poison Heal\n|upkeep\n|turn|26\n|c|\u2606ult4cp staller|I cn\n|c|\u2606ult4cp staller|Can\n|c|\u2606ult4cp staller|I just dont know ur skill level\n|c|\u2606ult4cp staller|So rather just play safe\n|\n|t:|1699379385\n|switch|p1a: Clefable|Clefable, F|92\/100\n|move|p2a: Chi-Yu|Dark Pulse|p1a: Clefable\n|-resisted|p1a: Clefable\n|-damage|p1a: Clefable|64\/100\n|\n|-heal|p1a: Clefable|71\/100|[from] item: Leftovers\n|-damage|p2a: Chi-Yu|35\/100 tox|[from] psn\n|upkeep\n|turn|27\n|\n|t:|1699379392\n|switch|p2a: Groudon|Groudon|100\/100\n|-damage|p2a: Groudon|88\/100|[from] Spikes\n|-weather|SunnyDay|[from] ability: Drought|[of] p2a: Groudon\n|move|p1a: Clefable|Protect||[still]\n|-fail|p1a: Clefable\n|\n|-weather|SunnyDay|[upkeep]\n|-heal|p1a: Clefable|77\/100|[from] item: Leftovers\n|upkeep\n|turn|28\n|\n|t:|1699379398\n|move|p2a: Groudon|Stealth Rock|p1a: Clefable\n|-sidestart|p1: ult4cp staller|move: Stealth Rock\n|move|p1a: Clefable|Stealth Rock|p2a: Groudon\n|-sidestart|p2: dun 26|move: Stealth Rock\n|\n|-weather|SunnyDay|[upkeep]\n|-heal|p1a: Clefable|83\/100|[from] item: Leftovers\n|upkeep\n|turn|29\n|\n|t:|1699379410\n|move|p2a: Groudon|Earthquake|p1a: Clefable\n|-damage|p1a: Clefable|47\/100\n|move|p1a: Clefable|Wish|p1a: Clefable\n|\n|-weather|SunnyDay|[upkeep]\n|-heal|p1a: Clefable|53\/100|[from] item: Leftovers\n|upkeep\n|turn|30\n|\n|t:|1699379413\n|move|p2a: Groudon|Earthquake|p1a: Clefable\n|-damage|p1a: Clefable|13\/100\n|move|p1a: Clefable|Moonblast|p2a: Groudon\n|-damage|p2a: Groudon|57\/100\n|\n|-weather|SunnyDay|[upkeep]\n|-heal|p1a: Clefable|63\/100|[from] move: Wish|[wisher] Clefable\n|-heal|p1a: Clefable|70\/100|[from] item: Leftovers\n|upkeep\n|turn|31\n|\n|t:|1699379419\n|move|p2a: Groudon|Earthquake|p1a: Clefable\n|-damage|p1a: Clefable|33\/100\n|move|p1a: Clefable|Wish|p1a: Clefable\n|\n|-weather|SunnyDay|[upkeep]\n|-heal|p1a: Clefable|39\/100|[from] item: Leftovers\n|upkeep\n|turn|32\n|\n|t:|1699379423\n|move|p1a: Clefable|Protect|p1a: Clefable\n|-singleturn|p1a: Clefable|Protect\n|move|p2a: Groudon|Earthquake|p1a: Clefable\n|-activate|p1a: Clefable|move: Protect\n|\n|-weather|SunnyDay|[upkeep]\n|-heal|p1a: Clefable|89\/100|[from] move: Wish|[wisher] Clefable\n|-heal|p1a: Clefable|95\/100|[from] item: Leftovers\n|upkeep\n|turn|33\n|\n|t:|1699379426\n|move|p2a: Groudon|Earthquake|p1a: Clefable\n|-damage|p1a: Clefable|59\/100\n|move|p1a: Clefable|Wish|p1a: Clefable\n|\n|-weather|SunnyDay|[upkeep]\n|-heal|p1a: Clefable|65\/100|[from] item: Leftovers\n|upkeep\n|turn|34\n|\n|t:|1699379429\n|move|p2a: Groudon|Earthquake|p1a: Clefable\n|-damage|p1a: Clefable|31\/100\n|move|p1a: Clefable|Moonblast|p2a: Groudon\n|-damage|p2a: Groudon|26\/100\n|-unboost|p2a: Groudon|spa|1\n|\n|-weather|none\n|-heal|p1a: Clefable|81\/100|[from] move: Wish|[wisher] Clefable\n|-heal|p1a: Clefable|87\/100|[from] item: Leftovers\n|upkeep\n|turn|35\n|\n|t:|1699379433\n|switch|p2a: Koraidon|Koraidon, tera:Fire|13\/100\n|-damage|p2a: Koraidon|0 fnt|[from] Spikes\n|faint|p2a: Koraidon\n|move|p1a: Clefable|Wish|p1a: Clefable\n|\n|-heal|p1a: Clefable|93\/100|[from] item: Leftovers\n|upkeep\n|\n|t:|1699379436\n|switch|p2a: Flutter Mane|Flutter Mane|72\/100\n|-damage|p2a: Flutter Mane|59\/100|[from] Spikes\n|-damage|p2a: Flutter Mane|47\/100|[from] Stealth Rock\n|turn|36\n|\n|t:|1699379445\n|switch|p1a: Blissey|Blissey, F|27\/100\n|move|p2a: Flutter Mane|Moonblast|p1a: Blissey\n|-damage|p1a: Blissey|1\/100\n|\n|-heal|p1a: Blissey|32\/100|[from] move: Wish|[wisher] Clefable\n|upkeep\n|turn|37\n|\n|t:|1699379451\n|move|p2a: Flutter Mane|Moonblast|p1a: Blissey\n|-damage|p1a: Blissey|8\/100\n|move|p1a: Blissey|Soft-Boiled|p1a: Blissey\n|-heal|p1a: Blissey|58\/100\n|\n|upkeep\n|turn|38\n|j|+its zxc\u266a\n|\n|t:|1699379456\n|move|p2a: Flutter Mane|Moonblast|p1a: Blissey\n|-damage|p1a: Blissey|35\/100\n|move|p1a: Blissey|Soft-Boiled|p1a: Blissey\n|-heal|p1a: Blissey|85\/100\n|\n|upkeep\n|turn|39\n|\n|t:|1699379466\n|move|p2a: Flutter Mane|Moonblast|p1a: Blissey\n|-damage|p1a: Blissey|62\/100\n|-unboost|p1a: Blissey|spa|1\n|move|p1a: Blissey|Seismic Toss|p2a: Flutter Mane\n|-immune|p2a: Flutter Mane\n|\n|upkeep\n|turn|40\n|\n|t:|1699379470\n|-end|p2a: Flutter Mane|Protosynthesis|[silent]\n|switch|p2a: Chi-Yu|Chi-Yu|35\/100 tox\n|-damage|p2a: Chi-Yu|23\/100 tox|[from] Spikes\n|-damage|p2a: Chi-Yu|0 fnt|[from] Stealth Rock\n|faint|p2a: Chi-Yu\n|move|p1a: Blissey|Shadow Ball|p2: Chi-Yu|[notarget]\n|-fail|p1a: Blissey\n|\n|upkeep\n|\n|t:|1699379472\n|switch|p2a: Arceus|Arceus-Ground|100\/100\n|-damage|p2a: Arceus|88\/100|[from] Spikes\n|-damage|p2a: Arceus|82\/100|[from] Stealth Rock\n|turn|41\n|\n|t:|1699379481\n|switch|p1a: Gliscor|Gliscor, F, tera:Water|84\/100 tox\n|-damage|p1a: Gliscor|72\/100 tox|[from] Stealth Rock\n|move|p2a: Arceus|Dragon Dance|p2a: Arceus\n|-boost|p2a: Arceus|atk|1\n|-boost|p2a: Arceus|spe|1\n|\n|-heal|p1a: Gliscor|84\/100 tox|[from] ability: Poison Heal\n|upkeep\n|turn|42\n|\n|t:|1699379485\n|move|p2a: Arceus|Dragon Dance|p2a: Arceus\n|-boost|p2a: Arceus|atk|1\n|-boost|p2a: Arceus|spe|1\n|move|p1a: Gliscor|Toxic|p2a: Arceus\n|-status|p2a: Arceus|tox\n|\n|-damage|p2a: Arceus|76\/100 tox|[from] psn\n|-heal|p1a: Gliscor|97\/100 tox|[from] ability: Poison Heal\n|upkeep\n|turn|43\n|\n|t:|1699379505\n|move|p1a: Gliscor|Protect|p1a: Gliscor\n|-singleturn|p1a: Gliscor|Protect\n|move|p2a: Arceus|Dragon Dance|p2a: Arceus\n|-boost|p2a: Arceus|atk|1\n|-boost|p2a: Arceus|spe|1\n|\n|-damage|p2a: Arceus|64\/100 tox|[from] psn\n|-heal|p1a: Gliscor|100\/100 tox|[from] ability: Poison Heal\n|upkeep\n|turn|44\n|\n|t:|1699379510\n|switch|p1a: Clefable|Clefable, F|93\/100\n|move|p2a: Arceus|Earthquake|p1a: Clefable\n|-damage|p1a: Clefable|0 fnt\n|faint|p1a: Clefable\n|\n|-damage|p2a: Arceus|46\/100 tox|[from] psn\n|upkeep\n|\n|t:|1699379515\n|switch|p1a: Skeledirge|Skeledirge, M|95\/100\n|turn|45\n|\n|t:|1699379517\n|move|p2a: Arceus|Earthquake|p1a: Skeledirge\n|-supereffective|p1a: Skeledirge\n|-damage|p1a: Skeledirge|23\/100\n|move|p1a: Skeledirge|Hex|p2a: Arceus\n|-damage|p2a: Arceus|12\/100 tox\n|\n|-damage|p2a: Arceus|0 fnt|[from] psn\n|faint|p2a: Arceus\n|upkeep\n|\n|t:|1699379525\n|switch|p2a: Flutter Mane|Flutter Mane|47\/100\n|-damage|p2a: Flutter Mane|35\/100|[from] Spikes\n|-damage|p2a: Flutter Mane|22\/100|[from] Stealth Rock\n|turn|46\n|\n|t:|1699379532\n|switch|p1a: Gliscor|Gliscor, F, tera:Water|100\/100 tox\n|-damage|p1a: Gliscor|88\/100 tox|[from] Stealth Rock\n|move|p2a: Flutter Mane|Psyshock|p1a: Gliscor\n|-damage|p1a: Gliscor|56\/100 tox\n|\n|-heal|p1a: Gliscor|68\/100 tox|[from] ability: Poison Heal\n|upkeep\n|turn|47\n|c|\u2606ult4cp staller|Gg\n|\n|t:|1699379542\n|move|p2a: Flutter Mane|Psyshock|p1a: Gliscor\n|-damage|p1a: Gliscor|33\/100 tox\n|move|p1a: Gliscor|Knock Off|p2a: Flutter Mane\n|-damage|p2a: Flutter Mane|0 fnt\n|-enditem|p2a: Flutter Mane|Choice Specs|[from] move: Knock Off|[of] p1a: Gliscor\n|faint|p2a: Flutter Mane\n|-end|p2a: Flutter Mane|Protosynthesis|[silent]\n|\n|-heal|p1a: Gliscor|45\/100 tox|[from] ability: Poison Heal\n|upkeep\n|\n|t:|1699379544\n|switch|p2a: Groudon|Groudon|26\/100\n|-damage|p2a: Groudon|14\/100|[from] Spikes\n|-damage|p2a: Groudon|7\/100|[from] Stealth Rock\n|-weather|SunnyDay|[from] ability: Drought|[of] p2a: Groudon\n|turn|48\n|\n|t:|1699379548\n|move|p1a: Gliscor|Protect|p1a: Gliscor\n|-singleturn|p1a: Gliscor|Protect\n|move|p2a: Groudon|Earthquake|p1a: Gliscor\n|-activate|p1a: Gliscor|move: Protect\n|\n|-weather|SunnyDay|[upkeep]\n|-heal|p1a: Gliscor|57\/100 tox|[from] ability: Poison Heal\n|upkeep\n|turn|49\n|c|\u2606ult4cp staller|Maybe a crit here\n|\n|t:|1699379561\n|move|p1a: Gliscor|Knock Off|p2a: Groudon\n|-damage|p2a: Groudon|0 fnt\n|-enditem|p2a: Groudon|Heat Rock|[from] move: Knock Off|[of] p1a: Gliscor\n|faint|p2a: Groudon\n|\n|win|ult4cp staller\n|n|\u2606ult4cp staller|ult4cpstaller\n|n|\u2606dun 26|dun26\n|n| OreoSpeedruns|oreospeedruns\n|n|+its zxc\u266a|itszxc\n","uploadtime":1699379564,"views":9,"p1id":"ult4cpstaller","p2id":"dun26","formatid":"gen9ubers","rating":0,"private":0,"password":""}