{"id":"gen9ubers-1991405450","p1":"TTP_penguin1","p2":"D098888","format":"[Gen 9] Ubers","log":"|j|\u2606TTP_penguin1\n|j|\u2606D098888\n|t:|1700074360\n|gametype|singles\n|player|p1|TTP_penguin1|pokemaniac|1000\n|player|p2|D098888|265|1070\n|teamsize|p1|6\n|teamsize|p2|6\n|gen|9\n|tier|[Gen 9] Ubers\n|rated|\n|rule|Sleep Clause Mod: Limit one foe put to sleep\n|rule|Species Clause: Limit one of each Pok\u00e9mon\n|rule|OHKO Clause: OHKO moves are banned\n|rule|Evasion Items Clause: Evasion items are banned\n|rule|Evasion Moves Clause: Evasion moves are banned\n|rule|Endless Battle Clause: Forcing endless battles is banned\n|rule|HP Percentage Mod: HP is shown in percentages\n|clearpoke\n|poke|p1|Pawmot, F|\n|poke|p1|Zamazenta-*|\n|poke|p1|Ceruledge, F|\n|poke|p1|Gallade, M|\n|poke|p1|Kingambit, M|\n|poke|p1|Quaquaval, M|\n|poke|p2|Gliscor, F|\n|poke|p2|Kyogre|\n|poke|p2|Eternatus|\n|poke|p2|Miraidon|\n|poke|p2|Arceus-Ghost|\n|poke|p2|Ting-Lu|\n|teampreview\n|inactive|Battle timer is ON: inactive players will automatically lose when time's up. (requested by D098888)\n|inactive|TTP_penguin1 also wants the timer to be on.\n|\n|t:|1700074374\n|start\n|switch|p1a: Zamazenta|Zamazenta-Crowned|100\/100\n|switch|p2a: Gliscor|Gliscor, F, shiny|100\/100\n|-ability|p1a: Zamazenta|Dauntless Shield|boost\n|-boost|p1a: Zamazenta|def|1\n|turn|1\n|\n|t:|1700074382\n|switch|p1a: Quaquaval|Quaquaval, M|100\/100\n|move|p2a: Gliscor|Spikes|p1a: Quaquaval\n|-sidestart|p1: TTP_penguin1|Spikes\n|\n|-status|p2a: Gliscor|tox|[from] item: Toxic Orb\n|upkeep\n|turn|2\n|\n|t:|1700074393\n|switch|p2a: Eternatus|Eternatus, shiny|100\/100\n|-ability|p2a: Eternatus|Pressure\n|move|p1a: Quaquaval|Aqua Step|p2a: Eternatus\n|-resisted|p2a: Eternatus\n|-damage|p2a: Eternatus|83\/100\n|-boost|p1a: Quaquaval|spe|1\n|\n|upkeep\n|turn|3\n|\n|t:|1700074398\n|move|p1a: Quaquaval|Ice Spinner|p2a: Eternatus\n|-supereffective|p2a: Eternatus\n|-damage|p2a: Eternatus|40\/100\n|move|p2a: Eternatus|Toxic Spikes|p1a: Quaquaval\n|-sidestart|p1: TTP_penguin1|move: Toxic Spikes\n|\n|upkeep\n|turn|4\n|\n|t:|1700074407\n|switch|p2a: Arceus|Arceus-Ghost|100\/100\n|move|p1a: Quaquaval|Ice Spinner|p2a: Arceus\n|-damage|p2a: Arceus|83\/100\n|\n|upkeep\n|turn|5\n|\n|t:|1700074412\n|move|p1a: Quaquaval|Aqua Step|p2a: Arceus\n|-damage|p2a: Arceus|50\/100\n|-boost|p1a: Quaquaval|spe|1\n|move|p2a: Arceus|Calm Mind|p2a: Arceus\n|-boost|p2a: Arceus|spa|1\n|-boost|p2a: Arceus|spd|1\n|\n|upkeep\n|turn|6\n|\n|t:|1700074415\n|move|p1a: Quaquaval|Brick Break|p2a: Arceus\n|-immune|p2a: Arceus\n|move|p2a: Arceus|Judgment|p1a: Quaquaval\n|-damage|p1a: Quaquaval|0 fnt\n|faint|p1a: Quaquaval\n|\n|upkeep\n|c|\u2606TTP_penguin1|miss click :')\n|c|\u2606D098888|lmfaooo its alright\n|\n|t:|1700074440\n|switch|p1a: Kingambit|Kingambit, M|100\/100\n|-damage|p1a: Kingambit|88\/100|[from] Spikes\n|-activate|p1a: Kingambit|ability: Supreme Overlord\n|-start|p1a: Kingambit|fallen1|[silent]\n|turn|7\n|c|\u2606D098888|nw's\n|\n|t:|1700074443\n|switch|p2a: Gliscor|Gliscor, F, shiny|100\/100 tox\n|move|p1a: Kingambit|Sucker Punch||[still]\n|-fail|p1a: Kingambit\n|\n|upkeep\n|turn|8\n|\n|t:|1700074453\n|-end|p1a: Kingambit|fallen1|[silent]\n|switch|p1a: Gallade|Gallade, M|100\/100\n|-damage|p1a: Gallade|88\/100|[from] Spikes\n|-status|p1a: Gallade|psn\n|move|p2a: Gliscor|Spikes|p1a: Gallade\n|-sidestart|p1: TTP_penguin1|Spikes\n|\n|-damage|p1a: Gallade|76\/100 psn|[from] psn\n|upkeep\n|turn|9\n|\n|t:|1700074466\n|move|p2a: Gliscor|Protect|p2a: Gliscor\n|-singleturn|p2a: Gliscor|Protect\n|move|p1a: Gallade|Aqua Cutter|p2a: Gliscor\n|-activate|p2a: Gliscor|move: Protect\n|\n|-damage|p1a: Gallade|64\/100 psn|[from] psn\n|upkeep\n|turn|10\n|\n|t:|1700074473\n|switch|p2a: Eternatus|Eternatus, shiny|40\/100\n|-ability|p2a: Eternatus|Pressure\n|move|p1a: Gallade|Aqua Cutter|p2a: Eternatus\n|-resisted|p2a: Eternatus\n|-damage|p2a: Eternatus|25\/100\n|\n|-damage|p1a: Gallade|51\/100 psn|[from] psn\n|upkeep\n|turn|11\n|\n|t:|1700074483\n|move|p1a: Gallade|Aqua Cutter|p2a: Eternatus\n|-resisted|p2a: Eternatus\n|-damage|p2a: Eternatus|10\/100\n|move|p2a: Eternatus|Recover|p2a: Eternatus\n|-heal|p2a: Eternatus|60\/100\n|\n|-damage|p1a: Gallade|39\/100 psn|[from] psn\n|upkeep\n|turn|12\n|\n|t:|1700074486\n|move|p1a: Gallade|Aqua Cutter|p2a: Eternatus\n|-resisted|p2a: Eternatus\n|-damage|p2a: Eternatus|45\/100\n|move|p2a: Eternatus|Recover|p2a: Eternatus\n|-heal|p2a: Eternatus|95\/100\n|\n|-damage|p1a: Gallade|27\/100 psn|[from] psn\n|upkeep\n|turn|13\n|\n|t:|1700074496\n|switch|p1a: Kingambit|Kingambit, M|88\/100\n|-damage|p1a: Kingambit|72\/100|[from] Spikes\n|-activate|p1a: Kingambit|ability: Supreme Overlord\n|-start|p1a: Kingambit|fallen1|[silent]\n|move|p2a: Eternatus|Toxic Spikes|p1a: Kingambit\n|-sidestart|p1: TTP_penguin1|move: Toxic Spikes\n|\n|upkeep\n|turn|14\n|\n|t:|1700074506\n|switch|p2a: Ting-Lu|Ting-Lu|100\/100\n|-ability|p2a: Ting-Lu|Vessel of Ruin\n|move|p1a: Kingambit|Iron Head|p2a: Ting-Lu\n|-damage|p2a: Ting-Lu|72\/100\n|\n|-heal|p2a: Ting-Lu|78\/100|[from] item: Leftovers\n|upkeep\n|turn|15\n|\n|t:|1700074514\n|-end|p1a: Kingambit|fallen1|[silent]\n|switch|p1a: Gallade|Gallade, M|27\/100 psn\n|-damage|p1a: Gallade|10\/100 psn|[from] Spikes\n|move|p2a: Ting-Lu|Stealth Rock|p1a: Gallade\n|-sidestart|p1: TTP_penguin1|move: Stealth Rock\n|\n|-heal|p2a: Ting-Lu|84\/100|[from] item: Leftovers\n|-damage|p1a: Gallade|0 fnt|[from] psn\n|faint|p1a: Gallade\n|upkeep\n|c|\u2606TTP_penguin1|oh\n|c|\u2606D098888|hm?\n|c|\u2606TTP_penguin1|uh\n|c|\u2606TTP_penguin1|huh\n|inactive|TTP_penguin1 has 120 seconds left.\n|c|\u2606D098888|whats up\n|c|\u2606D098888|?\n|c|\u2606TTP_penguin1|im screwed lol\n|c|\u2606D098888|ahhhh lmfaooo\n|\n|t:|1700074553\n|switch|p1a: Zamazenta|Zamazenta-Crowned|100\/100\n|-damage|p1a: Zamazenta|84\/100|[from] Spikes\n|-damage|p1a: Zamazenta|81\/100|[from] Stealth Rock\n|turn|16\n|inactive|TTP_penguin1 has 120 seconds left.\n|\n|t:|1700074558\n|switch|p2a: Gliscor|Gliscor, F, shiny|100\/100 tox\n|move|p1a: Zamazenta|Iron Defense|p1a: Zamazenta\n|-boost|p1a: Zamazenta|def|2\n|\n|upkeep\n|turn|17\n|\n|t:|1700074563\n|move|p1a: Zamazenta|Iron Defense|p1a: Zamazenta\n|-boost|p1a: Zamazenta|def|2\n|move|p2a: Gliscor|Earthquake|p1a: Zamazenta\n|-supereffective|p1a: Zamazenta\n|-crit|p1a: Zamazenta\n|-damage|p1a: Zamazenta|9\/100\n|\n|upkeep\n|turn|18\n|\n|t:|1700074566\n|move|p1a: Zamazenta|Body Press|p2a: Gliscor\n|-resisted|p2a: Gliscor\n|-damage|p2a: Gliscor|69\/100 tox\n|move|p2a: Gliscor|Earthquake|p1a: Zamazenta\n|-supereffective|p1a: Zamazenta\n|-damage|p1a: Zamazenta|0 fnt\n|faint|p1a: Zamazenta\n|\n|-heal|p2a: Gliscor|82\/100 tox|[from] ability: Poison Heal\n|upkeep\n|\n|t:|1700074570\n|switch|p1a: Pawmot|Pawmot, F|100\/100\n|-damage|p1a: Pawmot|84\/100|[from] Spikes\n|-status|p1a: Pawmot|tox\n|-damage|p1a: Pawmot|78\/100 tox|[from] Stealth Rock\n|turn|19\n|c|\u2606D098888|LMFAO\n|c|\u2606D098888|IM SORRY\n|\n|t:|1700074573\n|move|p1a: Pawmot|Revival Blessing|p1a: Pawmot\n|-enditem|p1a: Pawmot|Leppa Berry|[eat]\n|-activate|p1a: Pawmot|item: Leppa Berry|Revival Blessing|[consumed]\n|\n|t:|1700074576\n|-heal|p1: Quaquaval|50\/100|[from] move: Revival Blessing\n|move|p2a: Gliscor|Earthquake|p1a: Pawmot\n|-supereffective|p1a: Pawmot\n|-damage|p1a: Pawmot|0 fnt\n|faint|p1a: Pawmot\n|\n|-heal|p2a: Gliscor|94\/100 tox|[from] ability: Poison Heal\n|upkeep\n|\n|t:|1700074580\n|switch|p1a: Quaquaval|Quaquaval, M|50\/100\n|-damage|p1a: Quaquaval|34\/100|[from] Spikes\n|-status|p1a: Quaquaval|tox\n|-damage|p1a: Quaquaval|28\/100 tox|[from] Stealth Rock\n|turn|20\n|\n|t:|1700074583\n|move|p2a: Gliscor|Protect|p2a: Gliscor\n|-singleturn|p2a: Gliscor|Protect\n|move|p1a: Quaquaval|Ice Spinner|p2a: Gliscor\n|-activate|p2a: Gliscor|move: Protect\n|\n|-damage|p1a: Quaquaval|22\/100 tox|[from] psn\n|-heal|p2a: Gliscor|100\/100 tox|[from] ability: Poison Heal\n|upkeep\n|turn|21\n|\n|t:|1700074586\n|switch|p2a: Eternatus|Eternatus, shiny|95\/100\n|-ability|p2a: Eternatus|Pressure\n|move|p1a: Quaquaval|Ice Spinner|p2a: Eternatus\n|-supereffective|p2a: Eternatus\n|-damage|p2a: Eternatus|53\/100\n|\n|-damage|p1a: Quaquaval|10\/100 tox|[from] psn\n|upkeep\n|turn|22\n|\n|t:|1700074594\n|-terastallize|p2a: Eternatus|Fairy\n|move|p2a: Eternatus|Recover|p2a: Eternatus\n|-heal|p2a: Eternatus|100\/100\n|move|p1a: Quaquaval|Ice Spinner|p2a: Eternatus\n|-damage|p2a: Eternatus|79\/100\n|\n|-damage|p1a: Quaquaval|0 fnt|[from] psn\n|faint|p1a: Quaquaval\n|upkeep\n|\n|t:|1700074598\n|switch|p1a: Kingambit|Kingambit, M|72\/100\n|-damage|p1a: Kingambit|55\/100|[from] Spikes\n|-damage|p1a: Kingambit|49\/100|[from] Stealth Rock\n|-activate|p1a: Kingambit|ability: Supreme Overlord\n|-start|p1a: Kingambit|fallen5|[silent]\n|turn|23\n|\n|t:|1700074603\n|move|p2a: Eternatus|Dynamax Cannon|p1a: Kingambit\n|-resisted|p1a: Kingambit\n|-damage|p1a: Kingambit|27\/100\n|move|p1a: Kingambit|Iron Head|p2a: Eternatus\n|-supereffective|p2a: Eternatus\n|-damage|p2a: Eternatus|0 fnt\n|faint|p2a: Eternatus\n|\n|upkeep\n|\n|t:|1700074605\n|switch|p2a: Gliscor|Gliscor, F, shiny|100\/100 tox\n|turn|24\n|\n|t:|1700074609\n|-end|p1a: Kingambit|fallen5|[silent]\n|switch|p1a: Ceruledge|Ceruledge, F|100\/100\n|-damage|p1a: Ceruledge|84\/100|[from] Spikes\n|-status|p1a: Ceruledge|tox\n|-damage|p1a: Ceruledge|59\/100 tox|[from] Stealth Rock\n|move|p2a: Gliscor|Earthquake|p1a: Ceruledge\n|-supereffective|p1a: Ceruledge\n|-damage|p1a: Ceruledge|0 fnt\n|faint|p1a: Ceruledge\n|\n|upkeep\n|\n|t:|1700074611\n|switch|p1a: Kingambit|Kingambit, M|27\/100\n|-damage|p1a: Kingambit|11\/100|[from] Spikes\n|-damage|p1a: Kingambit|4\/100|[from] Stealth Rock\n|-activate|p1a: Kingambit|ability: Supreme Overlord\n|-start|p1a: Kingambit|fallen5|[silent]\n|turn|25\n|\n|t:|1700074619\n|move|p1a: Kingambit|Sucker Punch|p2a: Gliscor\n|-damage|p2a: Gliscor|62\/100 tox\n|move|p2a: Gliscor|Earthquake|p1a: Kingambit\n|-supereffective|p1a: Kingambit\n|-damage|p1a: Kingambit|0 fnt\n|faint|p1a: Kingambit\n|-end|p1a: Kingambit|fallen5|[silent]\n|\n|win|D098888\n|raw|TTP_penguin1's rating: 1000 &rarr; <strong>1000<\/strong><br \/>(+0 for losing)\n|raw|D098888's rating: 1070 &rarr; <strong>1094<\/strong><br \/>(+24 for winning)\n|c|\u2606D098888|ggs\n|c|\u2606TTP_penguin1|gg\n|c|\u2606D098888|this teams so cancerious\n|c|\u2606D098888|cancerous*\n","uploadtime":1700074632,"views":6,"p1id":"ttppenguin1","p2id":"d098888","formatid":"gen9ubers","rating":1000,"private":0,"password":""}