{"id":"gen9ubers-1996537854","p1":"pokewill17","p2":"RyRy01","format":"[Gen 9] Ubers","log":"|j|\u2606pokewill17\n|j|\u2606RyRy01\n|t:|1700691912\n|gametype|singles\n|player|p1|pokewill17|102|1124\n|player|p2|RyRy01|roxie|1135\n|teamsize|p1|6\n|teamsize|p2|6\n|gen|9\n|tier|[Gen 9] Ubers\n|rated|\n|rule|Sleep Clause Mod: Limit one foe put to sleep\n|rule|Species Clause: Limit one of each Pok\u00e9mon\n|rule|OHKO Clause: OHKO moves are banned\n|rule|Evasion Items Clause: Evasion items are banned\n|rule|Evasion Moves Clause: Evasion moves are banned\n|rule|Endless Battle Clause: Forcing endless battles is banned\n|rule|HP Percentage Mod: HP is shown in percentages\n|clearpoke\n|poke|p1|Regieleki|\n|poke|p1|Flutter Mane|\n|poke|p1|Gliscor, F|\n|poke|p1|Zacian-*|\n|poke|p1|Iron Bundle|\n|poke|p1|Groudon|\n|poke|p2|Ninetales-Alola, M|\n|poke|p2|Kingambit, F|\n|poke|p2|Baxcalibur, F|\n|poke|p2|Hatterene, F|\n|poke|p2|Calyrex-Ice|\n|poke|p2|Ribombee, F|\n|teampreview\n|\n|t:|1700691927\n|start\n|switch|p1a: Gliscor|Gliscor, F|100\/100\n|switch|p2a: Ribombee|Ribombee, F, shiny|100\/100\n|turn|1\n|\n|t:|1700691940\n|switch|p1a: Regieleki|Regieleki|100\/100\n|move|p2a: Ribombee|Sticky Web|p1a: Regieleki\n|-sidestart|p1: pokewill17|move: Sticky Web\n|\n|upkeep\n|turn|2\n|\n|t:|1700691945\n|move|p1a: Regieleki|Rapid Spin|p2a: Ribombee\n|-damage|p2a: Ribombee|84\/100\n|-boost|p1a: Regieleki|spe|1\n|-sideend|p1: pokewill17|Sticky Web|[from] move: Rapid Spin|[of] p1a: Regieleki\n|move|p2a: Ribombee|Tailwind|p2a: Ribombee\n|-sidestart|p2: RyRy01|move: Tailwind\n|\n|upkeep\n|turn|3\n|\n|t:|1700691952\n|switch|p1a: Gliscor|Gliscor, F|100\/100\n|move|p2a: Ribombee|Stun Spore|p1a: Gliscor\n|-status|p1a: Gliscor|par\n|\n|upkeep\n|turn|4\n|\n|t:|1700691960\n|move|p2a: Ribombee|Sticky Web|p1a: Gliscor\n|-sidestart|p1: pokewill17|move: Sticky Web\n|move|p1a: Gliscor|Spikes|p2a: Ribombee\n|-sidestart|p2: RyRy01|Spikes\n|\n|upkeep\n|turn|5\n|\n|t:|1700691962\n|switch|p2a: Hatterene|Hatterene, F|100\/100\n|-damage|p2a: Hatterene|88\/100|[from] Spikes\n|cant|p1a: Gliscor|par\n|\n|-sideend|p2: RyRy01|move: Tailwind\n|upkeep\n|turn|6\n|\n|t:|1700691972\n|move|p1a: Gliscor|Toxic|p2a: Hatterene\n|move|p2a: Hatterene|Toxic||[from]ability: Magic Bounce|[still]\n|-fail|p2a: Hatterene\n|move|p2a: Hatterene|Trick Room|p2a: Hatterene\n|-fieldstart|move: Trick Room|[of] p2a: Hatterene\n|\n|upkeep\n|turn|7\n|c|\u2606pokewill17|?\n|c|\u2606pokewill17|why you have trick room with sticky web>?\n|\n|t:|1700691996\n|move|p2a: Hatterene|Calm Mind|p2a: Hatterene\n|-boost|p2a: Hatterene|spa|1\n|-boost|p2a: Hatterene|spd|1\n|move|p1a: Gliscor|Toxic|p2a: Hatterene\n|move|p2a: Hatterene|Toxic||[from]ability: Magic Bounce|[still]\n|-fail|p2a: Hatterene\n|\n|upkeep\n|turn|8\n|inactive|Battle timer is ON: inactive players will automatically lose when time's up. (requested by pokewill17)\n|\n|t:|1700692025\n|move|p2a: Hatterene|Mystical Fire|p1a: Gliscor\n|-damage|p1a: Gliscor|58\/100 par\n|-unboost|p1a: Gliscor|spa|1\n|move|p1a: Gliscor|Toxic|p2a: Hatterene\n|move|p2a: Hatterene|Toxic||[from]ability: Magic Bounce|[still]\n|-fail|p2a: Hatterene\n|\n|upkeep\n|turn|9\n|\n|t:|1700692030\n|move|p2a: Hatterene|Calm Mind|p2a: Hatterene\n|-boost|p2a: Hatterene|spa|1\n|-boost|p2a: Hatterene|spd|1\n|move|p1a: Gliscor|Toxic|p2a: Hatterene\n|move|p2a: Hatterene|Toxic||[from]ability: Magic Bounce|[still]\n|-fail|p2a: Hatterene\n|\n|upkeep\n|turn|10\n|\n|t:|1700692038\n|move|p2a: Hatterene|Calm Mind|p2a: Hatterene\n|-boost|p2a: Hatterene|spa|1\n|-boost|p2a: Hatterene|spd|1\n|cant|p1a: Gliscor|par\n|\n|-fieldend|move: Trick Room\n|upkeep\n|turn|11\n|\n|t:|1700692040\n|move|p1a: Gliscor|Toxic|p2a: Hatterene\n|move|p2a: Hatterene|Toxic||[from]ability: Magic Bounce|[still]\n|-fail|p2a: Hatterene\n|move|p2a: Hatterene|Trick Room|p2a: Hatterene\n|-fieldstart|move: Trick Room|[of] p2a: Hatterene\n|\n|upkeep\n|turn|12\n|\n|t:|1700692048\n|move|p2a: Hatterene|Calm Mind|p2a: Hatterene\n|-boost|p2a: Hatterene|spa|1\n|-boost|p2a: Hatterene|spd|1\n|cant|p1a: Gliscor|par\n|\n|upkeep\n|turn|13\n|\n|t:|1700692070\n|move|p2a: Hatterene|Draining Kiss|p1a: Gliscor\n|-damage|p1a: Gliscor|0 fnt\n|-heal|p2a: Hatterene|100\/100|[from] drain|[of] p1a: Gliscor\n|faint|p1a: Gliscor\n|\n|upkeep\n|c|\u2606pokewill17|nvm\n|c|\u2606pokewill17|you good\n|\n|t:|1700692089\n|switch|p1a: Groudon|Groudon|100\/100\n|-activate|p1a: Groudon|move: Sticky Web\n|-unboost|p1a: Groudon|spe|1\n|-weather|SunnyDay|[from] ability: Drought|[of] p1a: Groudon\n|turn|14\n|\n|t:|1700692096\n|move|p2a: Hatterene|Draining Kiss|p1a: Groudon\n|-damage|p1a: Groudon|37\/100\n|move|p1a: Groudon|Heat Crash|p2a: Hatterene\n|-damage|p2a: Hatterene|34\/100\n|\n|-weather|SunnyDay|[upkeep]\n|-heal|p1a: Groudon|43\/100|[from] item: Leftovers\n|upkeep\n|turn|15\n|\n|t:|1700692108\n|move|p2a: Hatterene|Draining Kiss|p1a: Groudon\n|-damage|p1a: Groudon|0 fnt\n|-heal|p2a: Hatterene|74\/100|[from] drain|[of] p1a: Groudon\n|faint|p1a: Groudon\n|\n|-weather|SunnyDay|[upkeep]\n|-fieldend|move: Trick Room\n|upkeep\n|\n|t:|1700692111\n|switch|p1a: Zacian|Zacian-Crowned|100\/100\n|-activate|p1a: Zacian|move: Sticky Web\n|-unboost|p1a: Zacian|spe|1\n|-ability|p1a: Zacian|Intrepid Sword|boost\n|-boost|p1a: Zacian|atk|1\n|turn|16\n|\n|t:|1700692118\n|move|p1a: Zacian|Behemoth Blade|p2a: Hatterene\n|-supereffective|p2a: Hatterene\n|-crit|p2a: Hatterene\n|-damage|p2a: Hatterene|0 fnt\n|faint|p2a: Hatterene\n|\n|-weather|SunnyDay|[upkeep]\n|upkeep\n|\n|t:|1700692126\n|switch|p2a: Ribombee|Ribombee, F, shiny|84\/100\n|-damage|p2a: Ribombee|71\/100|[from] Spikes\n|turn|17\n|\n|t:|1700692142\n|move|p2a: Ribombee|Stun Spore|p1a: Zacian\n|-status|p1a: Zacian|par\n|move|p1a: Zacian|Fire Fang|p2a: Ribombee\n|-supereffective|p2a: Ribombee\n|-damage|p2a: Ribombee|0 fnt\n|faint|p2a: Ribombee\n|\n|-weather|SunnyDay|[upkeep]\n|upkeep\n|\n|t:|1700692144\n|switch|p2a: Ninetales|Ninetales-Alola, M|100\/100\n|-damage|p2a: Ninetales|88\/100|[from] Spikes\n|-weather|Snow|[from] ability: Snow Warning|[of] p2a: Ninetales\n|turn|18\n|inactive|pokewill17 has 120 seconds left.\n|\n|t:|1700692178\n|move|p2a: Ninetales|Aurora Veil|p2a: Ninetales\n|-sidestart|p2: RyRy01|move: Aurora Veil\n|move|p1a: Zacian|Behemoth Blade|p2a: Ninetales\n|-supereffective|p2a: Ninetales\n|-damage|p2a: Ninetales|0 fnt\n|faint|p2a: Ninetales\n|\n|-weather|Snow|[upkeep]\n|upkeep\n|\n|t:|1700692189\n|switch|p2a: Calyrex|Calyrex-Ice|100\/100\n|-ability|p2a: Calyrex|As One\n|-ability|p2a: Calyrex|Unnerve\n|turn|19\n|inactive|pokewill17 has 120 seconds left.\n|\n|t:|1700692223\n|move|p1a: Zacian|Fire Fang|p2a: Calyrex\n|-supereffective|p2a: Calyrex\n|-damage|p2a: Calyrex|84\/100\n|move|p2a: Calyrex|Trick Room|p2a: Calyrex\n|-fieldstart|move: Trick Room|[of] p2a: Calyrex\n|\n|-weather|Snow|[upkeep]\n|upkeep\n|turn|20\n|inactive|pokewill17 has 120 seconds left.\n|\n|t:|1700692253\n|move|p2a: Calyrex|Swords Dance|p2a: Calyrex\n|-boost|p2a: Calyrex|atk|2\n|move|p1a: Zacian|Close Combat|p2a: Calyrex\n|-crit|p2a: Calyrex\n|-damage|p2a: Calyrex|41\/100\n|-unboost|p1a: Zacian|def|1\n|-unboost|p1a: Zacian|spd|1\n|\n|-weather|Snow|[upkeep]\n|upkeep\n|turn|21\n|\n|t:|1700692259\n|move|p2a: Calyrex|High Horsepower|p1a: Zacian\n|-supereffective|p1a: Zacian\n|-damage|p1a: Zacian|0 fnt\n|faint|p1a: Zacian\n|-ability|p2a: Calyrex|Chilling Neigh|boost\n|-boost|p2a: Calyrex|atk|1\n|\n|-weather|Snow|[upkeep]\n|upkeep\n|\n|t:|1700692264\n|switch|p1a: Regieleki|Regieleki|100\/100\n|-activate|p1a: Regieleki|move: Sticky Web\n|-unboost|p1a: Regieleki|spe|1\n|turn|22\n|\n|t:|1700692266\n|move|p2a: Calyrex|Glacial Lance|p1a: Regieleki\n|-damage|p1a: Regieleki|0 fnt\n|faint|p1a: Regieleki\n|-ability|p2a: Calyrex|Chilling Neigh|boost\n|-boost|p2a: Calyrex|atk|1\n|\n|-weather|none\n|upkeep\n|inactive|pokewill17 has 120 seconds left.\n|\n|t:|1700692276\n|switch|p1a: Iron Bundle|Iron Bundle|100\/100\n|-activate|p1a: Iron Bundle|move: Sticky Web\n|-unboost|p1a: Iron Bundle|spe|1\n|turn|23\n|\n|t:|1700692281\n|move|p2a: Calyrex|Glacial Lance|p1a: Iron Bundle\n|-resisted|p1a: Iron Bundle\n|-damage|p1a: Iron Bundle|24\/100\n|move|p1a: Iron Bundle|Hydro Pump|p2a: Calyrex\n|-damage|p2a: Calyrex|18\/100\n|-damage|p1a: Iron Bundle|14\/100|[from] item: Life Orb\n|\n|-fieldend|move: Trick Room\n|upkeep\n|turn|24\n|inactive|pokewill17 has 120 seconds left.\n|\n|t:|1700692309\n|move|p1a: Iron Bundle|Hydro Pump|p2a: Calyrex\n|-damage|p2a: Calyrex|0 fnt\n|faint|p2a: Calyrex\n|-damage|p1a: Iron Bundle|4\/100|[from] item: Life Orb\n|\n|upkeep\n|\n|t:|1700692314\n|switch|p2a: Baxcalibur|Baxcalibur, F|100\/100\n|-damage|p2a: Baxcalibur|88\/100|[from] Spikes\n|turn|25\n|\n|t:|1700692318\n|move|p2a: Baxcalibur|Dragon Dance|p2a: Baxcalibur\n|-boost|p2a: Baxcalibur|atk|1\n|-boost|p2a: Baxcalibur|spe|1\n|move|p1a: Iron Bundle|Freeze-Dry|p2a: Baxcalibur\n|-damage|p2a: Baxcalibur|64\/100\n|-damage|p1a: Iron Bundle|0 fnt|[from] item: Life Orb\n|faint|p1a: Iron Bundle\n|-end|p1a: Iron Bundle|Quark Drive|[silent]\n|\n|-sideend|p2: RyRy01|move: Aurora Veil\n|upkeep\n|\n|t:|1700692320\n|switch|p1a: Flutter Mane|Flutter Mane|100\/100\n|-activate|p1a: Flutter Mane|move: Sticky Web\n|-unboost|p1a: Flutter Mane|spe|1\n|turn|26\n|\n|t:|1700692327\n|-terastallize|p1a: Flutter Mane|Fairy\n|move|p2a: Baxcalibur|Icicle Spear|p1a: Flutter Mane\n|-damage|p1a: Flutter Mane|53\/100\n|-damage|p1a: Flutter Mane|0 fnt\n|faint|p1a: Flutter Mane\n|-end|p1a: Flutter Mane|Protosynthesis|[silent]\n|-hitcount|p1: Flutter Mane|2\n|\n|win|RyRy01\n|raw|pokewill17's rating: 1160 &rarr; <strong>1133<\/strong><br \/>(-27 for losing)\n|raw|RyRy01's rating: 1135 &rarr; <strong>1162<\/strong><br \/>(+27 for winning)\n|l|\u2606pokewill17\n|c|\u2606RyRy01|gg\n","uploadtime":1700692345,"views":5,"p1id":"pokewill17","p2id":"ryry01","formatid":"gen9ubers","rating":1133,"private":0,"password":""}