{"id":"gen9ubers-1989251101","p1":"bsball8806","p2":"dwagonhunter","format":"[Gen 9] Ubers","log":"|j|\u2606bsball8806\n|j|\u2606dwagonhunter\n|t:|1699828108\n|gametype|singles\n|player|p1|bsball8806|marlon|\n|player|p2|dwagonhunter|lance|\n|teamsize|p1|6\n|teamsize|p2|6\n|gen|9\n|tier|[Gen 9] Ubers\n|rule|Sleep Clause Mod: Limit one foe put to sleep\n|rule|Species Clause: Limit one of each Pok\u00e9mon\n|rule|OHKO Clause: OHKO moves are banned\n|rule|Evasion Items Clause: Evasion items are banned\n|rule|Evasion Moves Clause: Evasion moves are banned\n|rule|Endless Battle Clause: Forcing endless battles is banned\n|rule|HP Percentage Mod: HP is shown in percentages\n|clearpoke\n|poke|p1|Dragapult, F|\n|poke|p1|Cinderace, F|\n|poke|p1|Zarude|\n|poke|p1|Fezandipiti, M|\n|poke|p1|Corviknight, F|\n|poke|p1|Quagsire, M|\n|poke|p2|Avalugg-Hisui, F|\n|poke|p2|Ursaluna-Bloodmoon, M|\n|poke|p2|Torterra, M|\n|poke|p2|Alomomola, F|\n|poke|p2|Arcanine-Hisui, F|\n|poke|p2|Bronzong|\n|teampreview\n|c|\u2606bsball8806|gl hf\n|c|\u2606dwagonhunter|u2\n|\n|t:|1699828152\n|start\n|switch|p1a: Cinderace|Cinderace, F|100\/100\n|switch|p2a: Avalugg|Avalugg-Hisui, F, shiny|100\/100\n|turn|1\n|\n|t:|1699828178\n|switch|p1a: Zarude|Zarude|100\/100\n|move|p2a: Avalugg|Stealth Rock|p1a: Zarude\n|-sidestart|p1: bsball8806|move: Stealth Rock\n|\n|upkeep\n|turn|2\n|\n|t:|1699828184\n|-terastallize|p1a: Zarude|Dark\n|move|p1a: Zarude|Knock Off|p2a: Avalugg\n|-damage|p2a: Avalugg|72\/100\n|-enditem|p2a: Avalugg|Heavy-Duty Boots|[from] move: Knock Off|[of] p1a: Zarude\n|move|p2a: Avalugg|Mountain Gale|p1a: Zarude\n|-damage|p1a: Zarude|60\/100\n|\n|upkeep\n|turn|3\n|\n|t:|1699828195\n|move|p1a: Zarude|Close Combat|p2a: Avalugg\n|-supereffective|p2a: Avalugg\n|-damage|p2a: Avalugg|3\/100\n|-unboost|p1a: Zarude|def|1\n|-unboost|p1a: Zarude|spd|1\n|move|p2a: Avalugg|Mountain Gale|p1a: Zarude\n|-damage|p1a: Zarude|3\/100\n|\n|upkeep\n|turn|4\n|\n|t:|1699828205\n|switch|p2a: Alomomola|Alomomola, F|100\/100\n|move|p1a: Zarude|Knock Off|p2a: Alomomola\n|-damage|p2a: Alomomola|61\/100\n|-damage|p1a: Zarude|0 fnt|[from] item: Rocky Helmet|[of] p2a: Alomomola\n|faint|p1a: Zarude\n|\n|upkeep\n|\n|t:|1699828218\n|switch|p1a: Cinderace|Cinderace, F|100\/100\n|turn|5\n|\n|t:|1699828225\n|move|p2a: Alomomola|Protect|p2a: Alomomola\n|-singleturn|p2a: Alomomola|Protect\n|move|p1a: Cinderace|Court Change|p1a: Cinderace\n|-start|p1a: Cinderace|typechange|Normal|[from] ability: Libero\n|-swapsideconditions\n|-activate|p1a: Cinderace|move: Court Change\n|\n|upkeep\n|turn|6\n|c|\u2606dwagonhunter|wtf is that move bruh lmao\n|c|\u2606dwagonhunter|thats busted as hell lmao never seen that\n|c|\u2606bsball8806|yea lol\n|c|\u2606bsball8806|im confused how that did so much to alo\n|c|\u2606dwagonhunter|knock off plus double stab with tera\n|\n|t:|1699828358\n|switch|p1a: Quagsire|Quagsire, M|100\/100\n|switch|p2a: Avalugg|Avalugg-Hisui, F, shiny|3\/100\n|-damage|p2a: Avalugg|0 fnt|[from] Stealth Rock\n|faint|p2a: Avalugg\n|\n|upkeep\n|\n|t:|1699828372\n|switch|p2a: Torterra|Torterra, M|100\/100\n|-damage|p2a: Torterra|94\/100|[from] Stealth Rock\n|turn|7\n|\n|t:|1699828379\n|switch|p1a: Corviknight|Corviknight, F|100\/100\n|-ability|p1a: Corviknight|Pressure\n|move|p2a: Torterra|Shell Smash|p2a: Torterra\n|-unboost|p2a: Torterra|def|1\n|-unboost|p2a: Torterra|spd|1\n|-boost|p2a: Torterra|atk|2\n|-boost|p2a: Torterra|spa|2\n|-boost|p2a: Torterra|spe|2\n|\n|upkeep\n|turn|8\n|\n|t:|1699828387\n|move|p2a: Torterra|Rock Blast|p1a: Corviknight\n|-damage|p1a: Corviknight|86\/100\n|-damage|p1a: Corviknight|73\/100\n|-damage|p1a: Corviknight|59\/100\n|-damage|p1a: Corviknight|45\/100\n|-hitcount|p1a: Corviknight|4\n|move|p1a: Corviknight|Body Press|p2a: Torterra\n|-damage|p2a: Torterra|69\/100\n|\n|-heal|p1a: Corviknight|52\/100|[from] item: Leftovers\n|upkeep\n|turn|9\n|\n|t:|1699828404\n|move|p2a: Torterra|Rock Blast|p1a: Corviknight|[miss]\n|-miss|p2a: Torterra|p1a: Corviknight\n|move|p1a: Corviknight|Body Press|p2a: Torterra\n|-damage|p2a: Torterra|39\/100\n|\n|-heal|p1a: Corviknight|58\/100|[from] item: Leftovers\n|upkeep\n|turn|10\n|\n|t:|1699828410\n|move|p2a: Torterra|Rock Blast|p1a: Corviknight\n|-damage|p1a: Corviknight|43\/100\n|-damage|p1a: Corviknight|30\/100\n|-damage|p1a: Corviknight|16\/100\n|-crit|p1a: Corviknight\n|-damage|p1a: Corviknight|0 fnt\n|faint|p1a: Corviknight\n|-hitcount|p1: Corviknight|4\n|\n|upkeep\n|c|\u2606bsball8806|gg i think\n|\n|t:|1699828447\n|switch|p1a: Dragapult|Dragapult, F|100\/100\n|turn|11\n|\n|t:|1699828453\n|move|p1a: Dragapult|Shadow Ball|p2a: Torterra\n|-damage|p2a: Torterra|0 fnt\n|faint|p2a: Torterra\n|\n|upkeep\n|c|\u2606bsball8806|o shit\n|c|\u2606bsball8806|i'm sorry\n|c|\u2606bsball8806|i didn't mean to angle\n|c|\u2606bsball8806|forgot i switched sets lol\n|\n|t:|1699828482\n|switch|p2a: Ursaluna|Ursaluna-Bloodmoon, M|100\/100\n|-damage|p2a: Ursaluna|94\/100|[from] Stealth Rock\n|turn|12\n|\n|t:|1699828492\n|switch|p1a: Fezandipiti|Fezandipiti, M|100\/100\n|move|p2a: Ursaluna|Blood Moon|p1a: Fezandipiti\n|-damage|p1a: Fezandipiti|42\/100\n|\n|-heal|p1a: Fezandipiti|48\/100|[from] item: Leftovers\n|-heal|p2a: Ursaluna|100\/100|[from] item: Leftovers\n|upkeep\n|turn|13\n|\n|t:|1699828501\n|move|p1a: Fezandipiti|Taunt|p2a: Ursaluna\n|-start|p2a: Ursaluna|move: Taunt\n|move|p2a: Ursaluna|Earth Power|p1a: Fezandipiti\n|-supereffective|p1a: Fezandipiti\n|-damage|p1a: Fezandipiti|0 fnt\n|faint|p1a: Fezandipiti\n|\n|upkeep\n|\n|t:|1699828560\n|switch|p1a: Dragapult|Dragapult, F|100\/100\n|turn|14\n|c|\u2606dwagonhunter|bro how rock blast miss more then stone edge bruh its 90% acc lmao\n|\n|t:|1699828589\n|switch|p2a: Bronzong|Bronzong|100\/100\n|-damage|p2a: Bronzong|94\/100|[from] Stealth Rock\n|move|p1a: Dragapult|U-turn|p2a: Bronzong\n|-damage|p2a: Bronzong|79\/100\n|\n|t:|1699828599\n|switch|p1a: Cinderace|Cinderace, F|100\/100|[from] U-turn\n|\n|upkeep\n|turn|15\n|\n|t:|1699828634\n|move|p1a: Cinderace|Electro Ball|p2a: Bronzong\n|-start|p1a: Cinderace|typechange|Electric|[from] ability: Libero\n|-damage|p2a: Bronzong|60\/100\n|move|p2a: Bronzong|Light Screen|p2a: Bronzong\n|-sidestart|p2: dwagonhunter|move: Light Screen\n|\n|upkeep\n|turn|16\n|\n|t:|1699828641\n|move|p1a: Cinderace|Pyro Ball|p2a: Bronzong|[miss]\n|-miss|p1a: Cinderace|p2a: Bronzong\n|move|p2a: Bronzong|Psyshock|p1a: Cinderace\n|-damage|p1a: Cinderace|71\/100\n|\n|upkeep\n|turn|17\n|\n|t:|1699828645\n|move|p1a: Cinderace|Pyro Ball|p2a: Bronzong\n|-supereffective|p2a: Bronzong\n|-damage|p2a: Bronzong|0 fnt\n|faint|p2a: Bronzong\n|\n|upkeep\n|\n|t:|1699828649\n|switch|p2a: Ursaluna|Ursaluna-Bloodmoon, M|100\/100\n|-damage|p2a: Ursaluna|94\/100|[from] Stealth Rock\n|turn|18\n|\n|t:|1699828727\n|move|p1a: Cinderace|High Jump Kick|p2a: Ursaluna|[miss]\n|-miss|p1a: Cinderace|p2a: Ursaluna\n|-damage|p1a: Cinderace|22\/100|[from] highjumpkick\n|move|p2a: Ursaluna|Blood Moon|p1a: Cinderace\n|-damage|p1a: Cinderace|0 fnt\n|faint|p1a: Cinderace\n|\n|-heal|p2a: Ursaluna|100\/100|[from] item: Leftovers\n|upkeep\n|\n|t:|1699828738\n|switch|p1a: Dragapult|Dragapult, F|100\/100\n|turn|19\n|c|\u2606bsball8806|aite\n|c|\u2606bsball8806|my bad luck from last week catching up\n|c|\u2606bsball8806|:D\n|\n|t:|1699828758\n|move|p1a: Dragapult|Draco Meteor|p2a: Ursaluna|[miss]\n|-miss|p1a: Dragapult|p2a: Ursaluna\n|move|p2a: Ursaluna|Earth Power|p1a: Dragapult\n|-damage|p1a: Dragapult|43\/100\n|\n|upkeep\n|turn|20\n|\n|t:|1699828763\n|move|p1a: Dragapult|Draco Meteor|p2a: Ursaluna\n|-damage|p2a: Ursaluna|35\/100\n|-unboost|p1a: Dragapult|spa|2\n|move|p2a: Ursaluna|Blood Moon|p1a: Dragapult\n|-damage|p1a: Dragapult|0 fnt\n|faint|p1a: Dragapult\n|\n|-heal|p2a: Ursaluna|41\/100|[from] item: Leftovers\n|upkeep\n|\n|t:|1699828767\n|switch|p1a: Quagsire|Quagsire, M|100\/100\n|turn|21\n|\n|t:|1699828783\n|move|p2a: Ursaluna|Calm Mind|p2a: Ursaluna\n|-boost|p2a: Ursaluna|spa|1\n|-boost|p2a: Ursaluna|spd|1\n|move|p1a: Quagsire|Surf|p2a: Ursaluna\n|-supereffective|p2a: Ursaluna\n|-damage|p2a: Ursaluna|19\/100\n|\n|-heal|p2a: Ursaluna|25\/100|[from] item: Leftovers\n|upkeep\n|turn|22\n|\n|t:|1699828788\n|move|p2a: Ursaluna|Blood Moon|p1a: Quagsire\n|-damage|p1a: Quagsire|8\/100\n|move|p1a: Quagsire|Recover|p1a: Quagsire\n|-heal|p1a: Quagsire|58\/100\n|\n|-heal|p2a: Ursaluna|31\/100|[from] item: Leftovers\n|-heal|p1a: Quagsire|64\/100|[from] item: Leftovers\n|-sideend|p2: dwagonhunter|move: Light Screen\n|upkeep\n|turn|23\n|\n|t:|1699828802\n|move|p2a: Ursaluna|Vacuum Wave|p1a: Quagsire\n|-damage|p1a: Quagsire|44\/100\n|move|p1a: Quagsire|Surf|p2a: Ursaluna\n|-supereffective|p2a: Ursaluna\n|-damage|p2a: Ursaluna|0 fnt\n|faint|p2a: Ursaluna\n|\n|-heal|p1a: Quagsire|50\/100|[from] item: Leftovers\n|upkeep\n|\n|t:|1699828806\n|switch|p2a: Arcanine|Arcanine-Hisui, F|100\/100\n|-damage|p2a: Arcanine|76\/100|[from] Stealth Rock\n|turn|24\n|\n|t:|1699828811\n|move|p2a: Arcanine|Head Smash|p1a: Quagsire\n|-resisted|p1a: Quagsire\n|-crit|p1a: Quagsire\n|-damage|p1a: Quagsire|11\/100\n|move|p1a: Quagsire|Recover|p1a: Quagsire\n|-heal|p1a: Quagsire|61\/100\n|\n|-heal|p1a: Quagsire|67\/100|[from] item: Leftovers\n|upkeep\n|turn|25\n|\n|t:|1699828821\n|switch|p2a: Alomomola|Alomomola, F|95\/100\n|-damage|p2a: Alomomola|82\/100|[from] Stealth Rock\n|move|p1a: Quagsire|Recover|p1a: Quagsire\n|-heal|p1a: Quagsire|100\/100\n|\n|upkeep\n|turn|26\n|\n|t:|1699828828\n|move|p2a: Alomomola|Scald|p1a: Quagsire\n|-damage|p1a: Quagsire|85\/100\n|move|p1a: Quagsire|Spikes|p2a: Alomomola\n|-sidestart|p2: dwagonhunter|Spikes\n|\n|-heal|p1a: Quagsire|91\/100|[from] item: Leftovers\n|upkeep\n|turn|27\n|\n|t:|1699828840\n|move|p2a: Alomomola|Scald|p1a: Quagsire\n|-damage|p1a: Quagsire|76\/100\n|move|p1a: Quagsire|Surf|p2a: Alomomola\n|-resisted|p2a: Alomomola\n|-damage|p2a: Alomomola|72\/100\n|\n|-heal|p1a: Quagsire|82\/100|[from] item: Leftovers\n|upkeep\n|turn|28\n|\n|t:|1699828843\n|move|p2a: Alomomola|Scald|p1a: Quagsire\n|-damage|p1a: Quagsire|67\/100\n|move|p1a: Quagsire|Surf|p2a: Alomomola\n|-resisted|p2a: Alomomola\n|-damage|p2a: Alomomola|62\/100\n|\n|-heal|p1a: Quagsire|73\/100|[from] item: Leftovers\n|upkeep\n|turn|29\n|\n|t:|1699828850\n|move|p2a: Alomomola|Scald|p1a: Quagsire\n|-damage|p1a: Quagsire|57\/100\n|move|p1a: Quagsire|Surf|p2a: Alomomola\n|-resisted|p2a: Alomomola\n|-damage|p2a: Alomomola|52\/100\n|\n|-heal|p1a: Quagsire|63\/100|[from] item: Leftovers\n|upkeep\n|turn|30\n|\n|t:|1699828854\n|move|p2a: Alomomola|Scald|p1a: Quagsire\n|-damage|p1a: Quagsire|48\/100\n|move|p1a: Quagsire|Surf|p2a: Alomomola\n|-resisted|p2a: Alomomola\n|-damage|p2a: Alomomola|43\/100\n|\n|-heal|p1a: Quagsire|54\/100|[from] item: Leftovers\n|upkeep\n|turn|31\n|\n|t:|1699828859\n|move|p2a: Alomomola|Scald|p1a: Quagsire\n|-crit|p1a: Quagsire\n|-damage|p1a: Quagsire|28\/100\n|move|p1a: Quagsire|Surf|p2a: Alomomola\n|-resisted|p2a: Alomomola\n|-damage|p2a: Alomomola|34\/100\n|\n|-heal|p1a: Quagsire|34\/100|[from] item: Leftovers\n|upkeep\n|turn|32\n|\n|t:|1699828863\n|move|p2a: Alomomola|Scald|p1a: Quagsire\n|-damage|p1a: Quagsire|18\/100\n|move|p1a: Quagsire|Recover|p1a: Quagsire\n|-heal|p1a: Quagsire|68\/100\n|\n|-heal|p1a: Quagsire|74\/100|[from] item: Leftovers\n|upkeep\n|turn|33\n|\n|t:|1699828866\n|move|p2a: Alomomola|Scald|p1a: Quagsire\n|-damage|p1a: Quagsire|57\/100\n|-status|p1a: Quagsire|brn\n|move|p1a: Quagsire|Surf|p2a: Alomomola\n|-resisted|p2a: Alomomola\n|-damage|p2a: Alomomola|24\/100\n|\n|-heal|p1a: Quagsire|63\/100 brn|[from] item: Leftovers\n|-damage|p1a: Quagsire|57\/100 brn|[from] brn\n|upkeep\n|turn|34\n|\n|t:|1699828870\n|move|p2a: Alomomola|Scald|p1a: Quagsire\n|-crit|p1a: Quagsire\n|-damage|p1a: Quagsire|34\/100 brn\n|move|p1a: Quagsire|Surf|p2a: Alomomola\n|-resisted|p2a: Alomomola\n|-damage|p2a: Alomomola|16\/100\n|\n|-heal|p1a: Quagsire|40\/100 brn|[from] item: Leftovers\n|-damage|p1a: Quagsire|34\/100 brn|[from] brn\n|upkeep\n|turn|35\n|\n|t:|1699828879\n|move|p2a: Alomomola|Wish|p2a: Alomomola\n|move|p1a: Quagsire|Recover|p1a: Quagsire\n|-heal|p1a: Quagsire|84\/100 brn\n|\n|-heal|p1a: Quagsire|90\/100 brn|[from] item: Leftovers\n|-damage|p1a: Quagsire|84\/100 brn|[from] brn\n|upkeep\n|turn|36\n|c|\u2606bsball8806|gg\n|\n|t:|1699828894\n|move|p2a: Alomomola|Protect|p2a: Alomomola\n|-singleturn|p2a: Alomomola|Protect\n|move|p1a: Quagsire|Spikes|p2a: Alomomola\n|-sidestart|p2: dwagonhunter|Spikes\n|\n|-heal|p2a: Alomomola|66\/100|[from] move: Wish|[wisher] Alomomola\n|-heal|p1a: Quagsire|90\/100 brn|[from] item: Leftovers\n|-damage|p1a: Quagsire|84\/100 brn|[from] brn\n|upkeep\n|turn|37\n|\n|t:|1699828903\n|move|p2a: Alomomola|Scald|p1a: Quagsire\n|-damage|p1a: Quagsire|66\/100 brn\n|move|p1a: Quagsire|Spikes|p2a: Alomomola\n|-sidestart|p2: dwagonhunter|Spikes\n|\n|-heal|p1a: Quagsire|73\/100 brn|[from] item: Leftovers\n|-damage|p1a: Quagsire|66\/100 brn|[from] brn\n|upkeep\n|turn|38\n|\n|t:|1699828918\n|move|p2a: Alomomola|Protect|p2a: Alomomola\n|-singleturn|p2a: Alomomola|Protect\n|move|p1a: Quagsire|Earthquake|p2a: Alomomola\n|-activate|p2a: Alomomola|move: Protect\n|\n|-heal|p1a: Quagsire|73\/100 brn|[from] item: Leftovers\n|-damage|p1a: Quagsire|66\/100 brn|[from] brn\n|upkeep\n|turn|39\n|\n|t:|1699828925\n|move|p2a: Alomomola|Wish|p2a: Alomomola\n|move|p1a: Quagsire|Spikes||[still]\n|-fail|p1a: Quagsire\n|\n|-heal|p1a: Quagsire|73\/100 brn|[from] item: Leftovers\n|-damage|p1a: Quagsire|66\/100 brn|[from] brn\n|upkeep\n|turn|40\n|\n|t:|1699828930\n|move|p2a: Alomomola|Protect|p2a: Alomomola\n|-singleturn|p2a: Alomomola|Protect\n|move|p1a: Quagsire|Spikes||[still]\n|-fail|p1a: Quagsire\n|\n|-heal|p2a: Alomomola|100\/100|[from] move: Wish|[wisher] Alomomola\n|-heal|p1a: Quagsire|73\/100 brn|[from] item: Leftovers\n|-damage|p1a: Quagsire|66\/100 brn|[from] brn\n|upkeep\n|turn|41\n|\n|t:|1699828940\n|move|p2a: Alomomola|Scald|p1a: Quagsire\n|-damage|p1a: Quagsire|49\/100 brn\n|move|p1a: Quagsire|Spikes||[still]\n|-fail|p1a: Quagsire\n|\n|-heal|p1a: Quagsire|55\/100 brn|[from] item: Leftovers\n|-damage|p1a: Quagsire|49\/100 brn|[from] brn\n|upkeep\n|turn|42\n|\n|t:|1699828959\n|move|p2a: Alomomola|Scald|p1a: Quagsire\n|-damage|p1a: Quagsire|32\/100 brn\n|move|p1a: Quagsire|Spikes||[still]\n|-fail|p1a: Quagsire\n|\n|-heal|p1a: Quagsire|38\/100 brn|[from] item: Leftovers\n|-damage|p1a: Quagsire|32\/100 brn|[from] brn\n|upkeep\n|turn|43\n|\n|t:|1699828977\n|move|p2a: Alomomola|Scald|p1a: Quagsire\n|-damage|p1a: Quagsire|14\/100 brn\n|move|p1a: Quagsire|Recover|p1a: Quagsire\n|-heal|p1a: Quagsire|64\/100 brn\n|\n|-heal|p1a: Quagsire|70\/100 brn|[from] item: Leftovers\n|-damage|p1a: Quagsire|64\/100 brn|[from] brn\n|upkeep\n|turn|44\n|\n|t:|1699828987\n|move|p2a: Alomomola|Protect|p2a: Alomomola\n|-singleturn|p2a: Alomomola|Protect\n|move|p1a: Quagsire|Spikes||[still]\n|-fail|p1a: Quagsire\n|\n|-heal|p1a: Quagsire|70\/100 brn|[from] item: Leftovers\n|-damage|p1a: Quagsire|64\/100 brn|[from] brn\n|upkeep\n|turn|45\n|\n|t:|1699828994\n|move|p2a: Alomomola|Wish|p2a: Alomomola\n|move|p1a: Quagsire|Spikes||[still]\n|-fail|p1a: Quagsire\n|\n|-heal|p1a: Quagsire|70\/100 brn|[from] item: Leftovers\n|-damage|p1a: Quagsire|64\/100 brn|[from] brn\n|upkeep\n|turn|46\n|\n|t:|1699829008\n|move|p2a: Alomomola|Scald|p1a: Quagsire\n|-damage|p1a: Quagsire|48\/100 brn\n|move|p1a: Quagsire|Spikes||[still]\n|-fail|p1a: Quagsire\n|\n|-heal|p1a: Quagsire|54\/100 brn|[from] item: Leftovers\n|-damage|p1a: Quagsire|48\/100 brn|[from] brn\n|upkeep\n|turn|47\n|\n|t:|1699829020\n|move|p2a: Alomomola|Scald|p1a: Quagsire\n|-damage|p1a: Quagsire|33\/100 brn\n|move|p1a: Quagsire|Spikes||[still]\n|-fail|p1a: Quagsire\n|\n|-heal|p1a: Quagsire|39\/100 brn|[from] item: Leftovers\n|-damage|p1a: Quagsire|33\/100 brn|[from] brn\n|upkeep\n|turn|48\n|\n|t:|1699829031\n|move|p2a: Alomomola|Scald|p1a: Quagsire\n|-damage|p1a: Quagsire|15\/100 brn\n|move|p1a: Quagsire|Spikes||[still]\n|-fail|p1a: Quagsire\n|\n|-heal|p1a: Quagsire|21\/100 brn|[from] item: Leftovers\n|-damage|p1a: Quagsire|15\/100 brn|[from] brn\n|upkeep\n|turn|49\n|\n|t:|1699829036\n|move|p2a: Alomomola|Scald|p1a: Quagsire\n|-damage|p1a: Quagsire|0 fnt\n|faint|p1a: Quagsire\n|\n|win|dwagonhunter\n|c|\u2606dwagonhunter|ggs\n|c|\u2606bsball8806|lol\n|c|\u2606bsball8806|gg\n","uploadtime":1699829050,"views":36,"p1id":"bsball8806","p2id":"dwagonhunter","formatid":"gen9ubers","rating":0,"private":0,"password":""}