{"id":"gen9ubers-1984112382","p1":"the tr4sh man","p2":"Leo Justice","format":"[Gen 9] Ubers","log":"|j|\u2606the tr4sh man\n|j|\u2606Leo Justice\n|t:|1699219941\n|gametype|singles\n|player|p1|the tr4sh man|xerosic|\n|player|p2|Leo Justice|1|\n|teamsize|p1|6\n|teamsize|p2|6\n|gen|9\n|tier|[Gen 9] Ubers\n|rule|Sleep Clause Mod: Limit one foe put to sleep\n|rule|Species Clause: Limit one of each Pok\u00e9mon\n|rule|OHKO Clause: OHKO moves are banned\n|rule|Evasion Items Clause: Evasion items are banned\n|rule|Evasion Moves Clause: Evasion moves are banned\n|rule|Endless Battle Clause: Forcing endless battles is banned\n|rule|HP Percentage Mod: HP is shown in percentages\n|clearpoke\n|poke|p1|Rillaboom, F|\n|poke|p1|Basculin-White-Striped, M|\n|poke|p1|Slowking-Galar, M|\n|poke|p1|Gardevoir, F|\n|poke|p1|Flapple, M|\n|poke|p1|Arceus-Poison|\n|poke|p2|Arceus-Fire|\n|poke|p2|Espathra, F|\n|poke|p2|Cyclizar, M|\n|poke|p2|Gholdengo|\n|poke|p2|Rillaboom, M|\n|poke|p2|Sneasler, M|\n|teampreview\n|c|\u2606Leo Justice|gl\n|\n|t:|1699219978\n|start\n|switch|p1a: Slowking|Slowking-Galar, M|100\/100\n|switch|p2a: Cyclizar|Cyclizar, M|100\/100\n|turn|1\n|c|\u2606the tr4sh man|u2\n|\n|t:|1699219999\n|move|p2a: Cyclizar|Taunt|p1a: Slowking\n|-start|p1a: Slowking|move: Taunt\n|move|p1a: Slowking|Future Sight|p2a: Cyclizar\n|-start|p1a: Slowking|move: Future Sight\n|\n|upkeep\n|turn|2\n|\n|t:|1699220012\n|move|p2a: Cyclizar|Knock Off|p1a: Slowking\n|-supereffective|p1a: Slowking\n|-damage|p1a: Slowking|72\/100\n|-enditem|p1a: Slowking|Heavy-Duty Boots|[from] move: Knock Off|[of] p2a: Cyclizar\n|move|p1a: Slowking|Sludge Bomb|p2a: Cyclizar\n|-damage|p2a: Cyclizar|56\/100\n|-status|p2a: Cyclizar|psn\n|\n|-damage|p2a: Cyclizar|43\/100 psn|[from] psn\n|upkeep\n|turn|3\n|\n|t:|1699220043\n|switch|p2a: Gholdengo|Gholdengo|100\/100\n|switch|p1a: Rillaboom|Rillaboom, F|100\/100\n|-fieldstart|move: Grassy Terrain|[from] ability: Grassy Surge|[of] p1a: Rillaboom\n|\n|-end|p2a: Gholdengo|move: Future Sight\n|-resisted|p2a: Gholdengo\n|-damage|p2a: Gholdengo|77\/100\n|-heal|p2a: Gholdengo|83\/100|[from] Grassy Terrain\n|upkeep\n|turn|4\n|\n|t:|1699220054\n|switch|p2a: Rillaboom|Rillaboom, M|100\/100\n|move|p1a: Rillaboom|Knock Off|p2a: Rillaboom\n|-damage|p2a: Rillaboom|77\/100\n|-enditem|p2a: Rillaboom|Choice Band|[from] move: Knock Off|[of] p1a: Rillaboom\n|\n|-heal|p2a: Rillaboom|83\/100|[from] Grassy Terrain\n|upkeep\n|turn|5\n|\n|t:|1699220059\n|move|p1a: Rillaboom|U-turn|p2a: Rillaboom\n|-supereffective|p2a: Rillaboom\n|-damage|p2a: Rillaboom|47\/100\n|\n|t:|1699220063\n|switch|p1a: Slowking|Slowking-Galar, M|100\/100|[from] U-turn\n|move|p2a: Rillaboom|U-turn|p1a: Slowking\n|-damage|p1a: Slowking|82\/100\n|\n|t:|1699220068\n|switch|p2a: Gholdengo|Gholdengo|83\/100|[from] U-turn\n|\n|-heal|p2a: Gholdengo|89\/100|[from] Grassy Terrain\n|-heal|p1a: Slowking|88\/100|[from] Grassy Terrain\n|upkeep\n|turn|6\n|\n|t:|1699220075\n|switch|p1a: Arceus|Arceus-Poison|100\/100\n|move|p2a: Gholdengo|Shadow Ball|p1a: Arceus\n|-damage|p1a: Arceus|72\/100\n|\n|-heal|p2a: Gholdengo|95\/100|[from] Grassy Terrain\n|-heal|p1a: Arceus|78\/100|[from] Grassy Terrain\n|upkeep\n|turn|7\n|\n|t:|1699220095\n|switch|p2a: Sneasler|Sneasler, M|100\/100\n|-enditem|p2a: Sneasler|Grassy Seed\n|-boost|p2a: Sneasler|def|1|[from] item: Grassy Seed\n|move|p1a: Arceus|Earth Power|p2a: Sneasler\n|-supereffective|p2a: Sneasler\n|-damage|p2a: Sneasler|30\/100\n|\n|-heal|p2a: Sneasler|36\/100|[from] Grassy Terrain\n|-heal|p1a: Arceus|84\/100|[from] Grassy Terrain\n|upkeep\n|turn|8\n|\n|t:|1699220102\n|-terastallize|p2a: Sneasler|Flying\n|move|p2a: Sneasler|Swords Dance|p2a: Sneasler\n|-boost|p2a: Sneasler|atk|2\n|move|p1a: Arceus|Judgment|p2a: Sneasler\n|-damage|p2a: Sneasler|0 fnt\n|faint|p2a: Sneasler\n|\n|-heal|p1a: Arceus|90\/100|[from] Grassy Terrain\n|upkeep\n|c|\u2606Leo Justice|f\n|\n|t:|1699220115\n|switch|p2a: Espathra|Espathra, F|100\/100\n|-enditem|p2a: Espathra|Grassy Seed\n|-boost|p2a: Espathra|def|1|[from] item: Grassy Seed\n|turn|9\n|\n|t:|1699220133\n|move|p1a: Arceus|Taunt|p2a: Espathra\n|-start|p2a: Espathra|move: Taunt\n|cant|p2a: Espathra|move: Taunt|Calm Mind\n|\n|-heal|p1a: Arceus|96\/100|[from] Grassy Terrain\n|-ability|p2a: Espathra|Speed Boost|boost\n|-boost|p2a: Espathra|spe|1\n|upkeep\n|turn|10\n|\n|t:|1699220147\n|move|p2a: Espathra|Stored Power|p1a: Arceus\n|-supereffective|p1a: Arceus\n|-damage|p1a: Arceus|61\/100\n|move|p1a: Arceus|Judgment|p2a: Espathra\n|-damage|p2a: Espathra|37\/100\n|\n|-heal|p2a: Espathra|43\/100|[from] Grassy Terrain\n|-heal|p1a: Arceus|67\/100|[from] Grassy Terrain\n|-fieldend|move: Grassy Terrain\n|-ability|p2a: Espathra|Speed Boost|boost\n|-boost|p2a: Espathra|spe|1\n|upkeep\n|turn|11\n|\n|t:|1699220154\n|move|p2a: Espathra|Stored Power|p1a: Arceus\n|-supereffective|p1a: Arceus\n|-damage|p1a: Arceus|15\/100\n|move|p1a: Arceus|Judgment|p2a: Espathra\n|-damage|p2a: Espathra|0 fnt\n|faint|p2a: Espathra\n|\n|upkeep\n|\n|t:|1699220158\n|switch|p2a: Gholdengo|Gholdengo|95\/100\n|turn|12\n|\n|t:|1699220162\n|switch|p1a: Rillaboom|Rillaboom, F|100\/100\n|-fieldstart|move: Grassy Terrain|[from] ability: Grassy Surge|[of] p1a: Rillaboom\n|move|p2a: Gholdengo|Shadow Ball|p1a: Rillaboom\n|-damage|p1a: Rillaboom|50\/100\n|\n|-heal|p2a: Gholdengo|100\/100|[from] Grassy Terrain\n|-heal|p1a: Rillaboom|56\/100|[from] Grassy Terrain\n|upkeep\n|turn|13\n|\n|t:|1699220170\n|move|p2a: Gholdengo|Shadow Ball|p1a: Rillaboom\n|-damage|p1a: Rillaboom|9\/100\n|move|p1a: Rillaboom|U-turn|p2a: Gholdengo\n|-resisted|p2a: Gholdengo\n|-damage|p2a: Gholdengo|95\/100\n|\n|t:|1699220178\n|switch|p1a: Arceus|Arceus-Poison|15\/100|[from] U-turn\n|\n|-heal|p2a: Gholdengo|100\/100|[from] Grassy Terrain\n|-heal|p1a: Arceus|21\/100|[from] Grassy Terrain\n|upkeep\n|turn|14\n|\n|t:|1699220192\n|switch|p1a: Rillaboom|Rillaboom, F|9\/100\n|move|p2a: Gholdengo|Shadow Ball|p1a: Rillaboom\n|-damage|p1a: Rillaboom|0 fnt\n|faint|p1a: Rillaboom\n|\n|upkeep\n|\n|t:|1699220198\n|switch|p1a: Basculin|Basculin-White-Striped, M|100\/100\n|-ability|p1a: Basculin|Mold Breaker\n|turn|15\n|\n|t:|1699220202\n|switch|p2a: Cyclizar|Cyclizar, M|77\/100 psn\n|move|p1a: Basculin|Last Respects|p2a: Cyclizar\n|-immune|p2a: Cyclizar\n|\n|-heal|p2a: Cyclizar|83\/100 psn|[from] Grassy Terrain\n|-damage|p2a: Cyclizar|70\/100 psn|[from] psn\n|upkeep\n|turn|16\n|\n|t:|1699220208\n|switch|p1a: Arceus|Arceus-Poison|21\/100\n|move|p2a: Cyclizar|Shed Tail|p2a: Cyclizar\n|-start|p2a: Cyclizar|Substitute|[from] move: Shed Tail\n|-damage|p2a: Cyclizar|20\/100 psn\n|\n|t:|1699220211\n|switch|p2a: Gholdengo|Gholdengo|100\/100|[from] Shed Tail\n|\n|-heal|p1a: Arceus|27\/100|[from] Grassy Terrain\n|upkeep\n|turn|17\n|\n|t:|1699220222\n|-terastallize|p1a: Arceus|Dark\n|move|p2a: Gholdengo|Shadow Ball|p1a: Arceus\n|-resisted|p1a: Arceus\n|-damage|p1a: Arceus|12\/100\n|move|p1a: Arceus|Recover|p1a: Arceus\n|-heal|p1a: Arceus|62\/100\n|\n|-heal|p1a: Arceus|69\/100|[from] Grassy Terrain\n|upkeep\n|turn|18\n|\n|t:|1699220230\n|switch|p2a: Rillaboom|Rillaboom, M|47\/100\n|move|p1a: Arceus|Judgment|p2a: Rillaboom\n|-supereffective|p2a: Rillaboom\n|-damage|p2a: Rillaboom|0 fnt\n|faint|p2a: Rillaboom\n|\n|-heal|p1a: Arceus|75\/100|[from] Grassy Terrain\n|upkeep\n|\n|t:|1699220248\n|switch|p2a: Cyclizar|Cyclizar, M|54\/100 psn\n|turn|19\n|\n|t:|1699220253\n|move|p2a: Cyclizar|Shed Tail|p2a: Cyclizar\n|-start|p2a: Cyclizar|Substitute|[from] move: Shed Tail\n|-damage|p2a: Cyclizar|3\/100 psn\n|\n|t:|1699220256\n|switch|p2a: Arceus|Arceus-Fire|100\/100|[from] Shed Tail\n|move|p1a: Arceus|Earth Power|p2a: Arceus\n|-supereffective|p2a: Arceus\n|-end|p2a: Arceus|Substitute\n|\n|-heal|p1a: Arceus|81\/100|[from] Grassy Terrain\n|-fieldend|move: Grassy Terrain\n|upkeep\n|turn|20\n|\n|t:|1699220259\n|move|p1a: Arceus|Taunt|p2a: Arceus\n|-start|p2a: Arceus|move: Taunt\n|cant|p2a: Arceus|move: Taunt|Dragon Dance\n|\n|upkeep\n|turn|21\n|\n|t:|1699220262\n|move|p1a: Arceus|Judgment|p2a: Arceus\n|-damage|p2a: Arceus|65\/100\n|move|p2a: Arceus|Flare Blitz|p1a: Arceus\n|-damage|p1a: Arceus|33\/100\n|-status|p1a: Arceus|brn\n|-damage|p2a: Arceus|47\/100|[from] Recoil\n|\n|-damage|p1a: Arceus|27\/100 brn|[from] brn\n|upkeep\n|turn|22\n|\n|t:|1699220270\n|move|p1a: Arceus|Recover|p1a: Arceus\n|-heal|p1a: Arceus|77\/100 brn\n|move|p2a: Arceus|Earthquake|p1a: Arceus\n|-damage|p1a: Arceus|53\/100 brn\n|\n|-damage|p1a: Arceus|46\/100 brn|[from] brn\n|-end|p2a: Arceus|move: Taunt\n|upkeep\n|turn|23\n|\n|t:|1699220278\n|move|p1a: Arceus|Judgment|p2a: Arceus\n|-damage|p2a: Arceus|9\/100\n|move|p2a: Arceus|Dragon Dance|p2a: Arceus\n|-boost|p2a: Arceus|atk|1\n|-boost|p2a: Arceus|spe|1\n|\n|-damage|p1a: Arceus|40\/100 brn|[from] brn\n|upkeep\n|turn|24\n|\n|t:|1699220282\n|move|p2a: Arceus|Recover|p2a: Arceus\n|-heal|p2a: Arceus|59\/100\n|move|p1a: Arceus|Judgment|p2a: Arceus\n|-damage|p2a: Arceus|24\/100\n|\n|-damage|p1a: Arceus|34\/100 brn|[from] brn\n|upkeep\n|turn|25\n|\n|t:|1699220287\n|move|p2a: Arceus|Recover|p2a: Arceus\n|-heal|p2a: Arceus|75\/100\n|move|p1a: Arceus|Judgment|p2a: Arceus\n|-damage|p2a: Arceus|41\/100\n|\n|-damage|p1a: Arceus|28\/100 brn|[from] brn\n|upkeep\n|turn|26\n|\n|t:|1699220297\n|move|p2a: Arceus|Recover|p2a: Arceus\n|-heal|p2a: Arceus|91\/100\n|move|p1a: Arceus|Judgment|p2a: Arceus\n|-crit|p2a: Arceus\n|-damage|p2a: Arceus|32\/100\n|\n|-damage|p1a: Arceus|22\/100 brn|[from] brn\n|upkeep\n|turn|27\n|\n|t:|1699220303\n|move|p2a: Arceus|Recover|p2a: Arceus\n|-heal|p2a: Arceus|82\/100\n|move|p1a: Arceus|Judgment|p2a: Arceus\n|-damage|p2a: Arceus|48\/100\n|\n|-damage|p1a: Arceus|16\/100 brn|[from] brn\n|upkeep\n|turn|28\n|\n|t:|1699220308\n|move|p2a: Arceus|Dragon Dance|p2a: Arceus\n|-boost|p2a: Arceus|atk|1\n|-boost|p2a: Arceus|spe|1\n|move|p1a: Arceus|Judgment|p2a: Arceus\n|-damage|p2a: Arceus|10\/100\n|\n|-damage|p1a: Arceus|10\/100 brn|[from] brn\n|upkeep\n|turn|29\n|\n|t:|1699220313\n|move|p2a: Arceus|Recover|p2a: Arceus\n|-heal|p2a: Arceus|60\/100\n|move|p1a: Arceus|Judgment|p2a: Arceus\n|-damage|p2a: Arceus|21\/100\n|\n|-damage|p1a: Arceus|4\/100 brn|[from] brn\n|upkeep\n|turn|30\n|\n|t:|1699220315\n|move|p2a: Arceus|Recover|p2a: Arceus\n|-heal|p2a: Arceus|71\/100\n|move|p1a: Arceus|Judgment|p2a: Arceus\n|-damage|p2a: Arceus|33\/100\n|\n|-damage|p1a: Arceus|0 fnt|[from] brn\n|faint|p1a: Arceus\n|upkeep\n|\n|t:|1699220317\n|switch|p1a: Flapple|Flapple, M|100\/100\n|turn|31\n|\n|t:|1699220320\n|move|p2a: Arceus|Recover|p2a: Arceus\n|-heal|p2a: Arceus|83\/100\n|move|p1a: Flapple|Dragon Rush|p2a: Arceus|[miss]\n|-miss|p1a: Flapple|p2a: Arceus\n|\n|upkeep\n|turn|32\n|\n|t:|1699220326\n|switch|p1a: Gardevoir|Gardevoir, F|100\/100\n|move|p2a: Arceus|Flare Blitz|p1a: Gardevoir\n|-damage|p1a: Gardevoir|0 fnt\n|faint|p1a: Gardevoir\n|-damage|p2a: Arceus|54\/100|[from] Recoil\n|\n|upkeep\n|\n|t:|1699220328\n|switch|p1a: Flapple|Flapple, M|100\/100\n|turn|33\n|\n|t:|1699220339\n|move|p2a: Arceus|Flare Blitz|p1a: Flapple\n|-damage|p1a: Flapple|0 fnt\n|faint|p1a: Flapple\n|-damage|p2a: Arceus|30\/100|[from] Recoil\n|\n|upkeep\n|\n|t:|1699220341\n|switch|p1a: Slowking|Slowking-Galar, M|100\/100\n|turn|34\n|\n|t:|1699220346\n|move|p2a: Arceus|Earthquake|p1a: Slowking\n|-supereffective|p1a: Slowking\n|-damage|p1a: Slowking|0 fnt\n|faint|p1a: Slowking\n|\n|upkeep\n|\n|t:|1699220347\n|switch|p1a: Basculin|Basculin-White-Striped, M|100\/100\n|-ability|p1a: Basculin|Mold Breaker\n|turn|35\n|c|\u2606the tr4sh man|gg\n|\n|t:|1699220351\n|move|p2a: Arceus|Flare Blitz|p1a: Basculin\n|-resisted|p1a: Basculin\n|-damage|p1a: Basculin|0 fnt\n|faint|p1a: Basculin\n|-damage|p2a: Arceus|5\/100|[from] Recoil\n|\n|win|Leo Justice\n|c|\u2606Leo Justice|gg\n","uploadtime":1699220360,"views":7,"p1id":"thetr4shman","p2id":"leojustice","formatid":"gen9ubers","rating":0,"private":0,"password":""}