{"id":"gen9ubers-1981930723","p1":"CaroOui","p2":"fraudulent one","format":"[Gen 9] Ubers","log":"|j|\u2606CaroOui\n|j|\u2606fraudulent one\n|t:|1698952629\n|gametype|singles\n|player|p1|CaroOui|maylene|1389\n|player|p2|fraudulent one|hilbert-masters2|1491\n|teamsize|p1|6\n|teamsize|p2|6\n|gen|9\n|tier|[Gen 9] Ubers\n|rated|\n|rule|Sleep Clause Mod: Limit one foe put to sleep\n|rule|Species Clause: Limit one of each Pok\u00e9mon\n|rule|OHKO Clause: OHKO moves are banned\n|rule|Evasion Items Clause: Evasion items are banned\n|rule|Evasion Moves Clause: Evasion moves are banned\n|rule|Endless Battle Clause: Forcing endless battles is banned\n|rule|HP Percentage Mod: HP is shown in percentages\n|clearpoke\n|poke|p1|Arceus-Ground|\n|poke|p1|Annihilape, F|\n|poke|p1|Zacian-*|\n|poke|p1|Miraidon|\n|poke|p1|Koraidon|\n|poke|p1|Rayquaza|\n|poke|p2|Rayquaza|\n|poke|p2|Arceus|\n|poke|p2|Zacian-*|\n|poke|p2|Eternatus|\n|poke|p2|Miraidon|\n|poke|p2|Koraidon|\n|teampreview\n|inactive|Battle timer is ON: inactive players will automatically lose when time's up. (requested by CaroOui)\n|\n|t:|1698952644\n|start\n|switch|p1a: Annihilape|Annihilape, F|100\/100\n|switch|p2a: Rayquaza|Rayquaza|100\/100\n|-ability|p2a: Rayquaza|Air Lock\n|turn|1\n|\n|t:|1698952649\n|move|p2a: Rayquaza|Dragon Ascent|p1a: Annihilape\n|-supereffective|p1a: Annihilape\n|-enditem|p1a: Annihilape|Focus Sash\n|-damage|p1a: Annihilape|1\/100\n|-unboost|p2a: Rayquaza|def|1\n|-unboost|p2a: Rayquaza|spd|1\n|move|p1a: Annihilape|Final Gambit|p2a: Rayquaza\n|-damage|p2a: Rayquaza|99\/100\n|faint|p1a: Annihilape\n|\n|upkeep\n|\n|t:|1698952653\n|switch|p1a: Miraidon|Miraidon|100\/100\n|-fieldstart|move: Electric Terrain|[from] ability: Hadron Engine|[of] p1a: Miraidon\n|turn|2\n|\n|t:|1698952660\n|move|p1a: Miraidon|Draco Meteor|p2a: Rayquaza\n|-supereffective|p2a: Rayquaza\n|-crit|p2a: Rayquaza\n|-damage|p2a: Rayquaza|0 fnt\n|-unboost|p1a: Miraidon|spa|2\n|faint|p2a: Rayquaza\n|\n|upkeep\n|\n|t:|1698952662\n|switch|p2a: Zacian|Zacian-Crowned|100\/100\n|-ability|p2a: Zacian|Intrepid Sword|boost\n|-boost|p2a: Zacian|atk|1\n|turn|3\n|\n|t:|1698952667\n|switch|p1a: Arceus|Arceus-Ground|100\/100\n|move|p2a: Zacian|Substitute|p2a: Zacian\n|-start|p2a: Zacian|Substitute\n|-damage|p2a: Zacian|76\/100\n|\n|upkeep\n|turn|4\n|\n|t:|1698952682\n|move|p2a: Zacian|Swords Dance|p2a: Zacian\n|-boost|p2a: Zacian|atk|2\n|move|p1a: Arceus|Earthquake|p2a: Zacian\n|-supereffective|p2a: Zacian\n|-end|p2a: Zacian|Substitute\n|\n|upkeep\n|turn|5\n|\n|t:|1698952699\n|move|p2a: Zacian|Behemoth Blade|p1a: Arceus\n|-damage|p1a: Arceus|0 fnt\n|faint|p1a: Arceus\n|\n|upkeep\n|\n|t:|1698952705\n|switch|p1a: Rayquaza|Rayquaza|100\/100\n|-ability|p1a: Rayquaza|Air Lock\n|turn|6\n|\n|t:|1698952713\n|move|p2a: Zacian|Behemoth Blade|p1a: Rayquaza\n|-enditem|p1a: Rayquaza|Focus Sash\n|-damage|p1a: Rayquaza|1\/100\n|move|p1a: Rayquaza|Dragon Dance|p1a: Rayquaza\n|-boost|p1a: Rayquaza|atk|1\n|-boost|p1a: Rayquaza|spe|1\n|\n|-fieldend|move: Electric Terrain\n|upkeep\n|turn|7\n|\n|t:|1698952723\n|-terastallize|p2a: Zacian|Flying\n|move|p1a: Rayquaza|Earthquake|p2a: Zacian\n|-immune|p2a: Zacian\n|move|p2a: Zacian|Play Rough|p1a: Rayquaza\n|-supereffective|p1a: Rayquaza\n|-damage|p1a: Rayquaza|0 fnt\n|faint|p1a: Rayquaza\n|\n|upkeep\n|\n|t:|1698952728\n|switch|p1a: Miraidon|Miraidon|100\/100\n|-fieldstart|move: Electric Terrain|[from] ability: Hadron Engine|[of] p1a: Miraidon\n|turn|8\n|\n|t:|1698952733\n|move|p1a: Miraidon|Electro Drift|p2a: Zacian\n|-supereffective|p2a: Zacian\n|-damage|p2a: Zacian|0 fnt\n|faint|p2a: Zacian\n|\n|upkeep\n|\n|t:|1698952742\n|switch|p2a: Koraidon|Koraidon|100\/100\n|-weather|SunnyDay|[from] ability: Orichalcum Pulse|[of] p2a: Koraidon\n|-activate|p2a: Koraidon|Orichalcum Pulse|[source]\n|turn|9\n|\n|t:|1698952748\n|switch|p1a: Zacian|Zacian-Crowned|100\/100\n|-ability|p1a: Zacian|Intrepid Sword|boost\n|-boost|p1a: Zacian|atk|1\n|move|p2a: Koraidon|Flare Blitz|p1a: Zacian\n|-supereffective|p1a: Zacian\n|-damage|p1a: Zacian|0 fnt\n|faint|p1a: Zacian\n|-damage|p2a: Koraidon|69\/100|[from] Recoil\n|\n|-weather|SunnyDay|[upkeep]\n|upkeep\n|\n|t:|1698952768\n|switch|p1a: Koraidon|Koraidon|100\/100\n|-activate|p1a: Koraidon|ability: Orichalcum Pulse\n|turn|10\n|\n|t:|1698952774\n|-terastallize|p1a: Koraidon|Fire\n|move|p2a: Koraidon|Scale Shot|p1a: Koraidon\n|-damage|p1a: Koraidon|84\/100\n|-damage|p1a: Koraidon|69\/100\n|-damage|p1a: Koraidon|54\/100\n|-damage|p1a: Koraidon|37\/100\n|-damage|p1a: Koraidon|20\/100\n|-hitcount|p1a: Koraidon|5\n|-unboost|p2a: Koraidon|def|1\n|-boost|p2a: Koraidon|spe|1\n|move|p1a: Koraidon|Flame Charge|p2a: Koraidon\n|-resisted|p2a: Koraidon\n|-damage|p2a: Koraidon|27\/100\n|-boost|p1a: Koraidon|spe|1\n|\n|-weather|SunnyDay|[upkeep]\n|-heal|p1a: Koraidon|26\/100|[from] item: Leftovers\n|upkeep\n|turn|11\n|\n|t:|1698952781\n|move|p2a: Koraidon|Flare Blitz|p1a: Koraidon\n|-resisted|p1a: Koraidon\n|-damage|p1a: Koraidon|0 fnt\n|faint|p1a: Koraidon\n|-damage|p2a: Koraidon|18\/100|[from] Recoil\n|\n|-weather|SunnyDay|[upkeep]\n|upkeep\n|\n|t:|1698952784\n|switch|p1a: Miraidon|Miraidon|100\/100\n|-activate|p1a: Miraidon|ability: Hadron Engine\n|turn|12\n|\n|t:|1698952798\n|move|p1a: Miraidon|Dragon Pulse|p2a: Koraidon\n|-supereffective|p2a: Koraidon\n|-damage|p2a: Koraidon|0 fnt\n|faint|p2a: Koraidon\n|\n|-weather|SunnyDay|[upkeep]\n|-fieldend|move: Electric Terrain\n|upkeep\n|\n|t:|1698952806\n|switch|p2a: Arceus|Arceus|100\/100\n|turn|13\n|\n|t:|1698952808\n|move|p1a: Miraidon|Dragon Pulse|p2a: Arceus\n|-damage|p2a: Arceus|67\/100\n|move|p2a: Arceus|Swords Dance|p2a: Arceus\n|-boost|p2a: Arceus|atk|2\n|\n|-weather|none\n|upkeep\n|turn|14\n|\n|t:|1698952812\n|move|p2a: Arceus|Extreme Speed|p1a: Miraidon\n|-damage|p1a: Miraidon|0 fnt\n|faint|p1a: Miraidon\n|\n|win|fraudulent one\n|raw|CaroOui's rating: 1389 &rarr; <strong>1373<\/strong><br \/>(-16 for losing)\n|raw|fraudulent one's rating: 1465 &rarr; <strong>1481<\/strong><br \/>(+16 for winning)\n|l|\u2606CaroOui\n","uploadtime":1698952829,"views":4,"p1id":"carooui","p2id":"fraudulentone","formatid":"gen9ubers","rating":1373,"private":0,"password":""}