{"id":"gen9ubers-1984171613","p1":"cng2023","p2":"mrshades008","format":"[Gen 9] Ubers","log":"|j|\u2606cng2023\n|j|\u2606mrshades008\n|t:|1699226241\n|gametype|singles\n|player|p1|cng2023|266|1023\n|player|p2|mrshades008|turo-ai|1188\n|teamsize|p1|6\n|teamsize|p2|6\n|gen|9\n|tier|[Gen 9] Ubers\n|rated|\n|rule|Sleep Clause Mod: Limit one foe put to sleep\n|rule|Species Clause: Limit one of each Pok\u00e9mon\n|rule|OHKO Clause: OHKO moves are banned\n|rule|Evasion Items Clause: Evasion items are banned\n|rule|Evasion Moves Clause: Evasion moves are banned\n|rule|Endless Battle Clause: Forcing endless battles is banned\n|rule|HP Percentage Mod: HP is shown in percentages\n|clearpoke\n|poke|p1|Charizard, M|\n|poke|p1|Decidueye, F|\n|poke|p1|Greninja-*, M|\n|poke|p1|Garchomp, F|\n|poke|p1|Gengar, M|\n|poke|p1|Lucario, F|\n|poke|p2|Espathra, M|\n|poke|p2|Miraidon|\n|poke|p2|Volcarona, F|\n|poke|p2|Palafin, F|\n|poke|p2|Toxapex, F|\n|poke|p2|Maushold|\n|teampreview\n|inactive|Battle timer is ON: inactive players will automatically lose when time's up. (requested by mrshades008)\n|\n|t:|1699226251\n|start\n|switch|p1a: Gengar|Gengar, M|100\/100\n|switch|p2a: Palafin|Palafin, F|100\/100\n|turn|1\n|\n|t:|1699226257\n|move|p2a: Palafin|Flip Turn|p1a: Gengar\n|-damage|p1a: Gengar|49\/100\n|-start|p2a: Palafin|Disable|Flip Turn|[from] ability: Cursed Body|[of] p1a: Gengar\n|\n|t:|1699226262\n|detailschange|p2a: Palafin|Palafin-Hero, F\n|switch|p2a: Maushold|Maushold|100\/100|[from] Flip Turn\n|move|p1a: Gengar|Hypnosis|p2a: Maushold\n|-status|p2a: Maushold|slp|[from] move: Hypnosis\n|\n|-heal|p1a: Gengar|55\/100|[from] item: Leftovers\n|upkeep\n|turn|2\n|\n|t:|1699226274\n|cant|p2a: Maushold|slp\n|move|p1a: Gengar|Dream Eater|p2a: Maushold\n|-damage|p2a: Maushold|54\/100 slp\n|-heal|p1a: Gengar|80\/100|[from] drain|[of] p2a: Maushold\n|\n|-heal|p1a: Gengar|86\/100|[from] item: Leftovers\n|upkeep\n|turn|3\n|\n|t:|1699226284\n|switch|p2a: Volcarona|Volcarona, F|100\/100\n|move|p1a: Gengar|Dream Eater|p2a: Volcarona\n|-immune|p2a: Volcarona\n|\n|-heal|p1a: Gengar|92\/100|[from] item: Leftovers\n|upkeep\n|turn|4\n|\n|t:|1699226293\n|-terastallize|p1a: Gengar|Ghost\n|move|p2a: Volcarona|Quiver Dance|p2a: Volcarona\n|-boost|p2a: Volcarona|spa|1\n|-boost|p2a: Volcarona|spd|1\n|-boost|p2a: Volcarona|spe|1\n|move|p1a: Gengar|Shadow Ball|p2a: Volcarona\n|-damage|p2a: Volcarona|69\/100\n|\n|-heal|p1a: Gengar|98\/100|[from] item: Leftovers\n|upkeep\n|turn|5\n|\n|t:|1699226306\n|move|p2a: Volcarona|Quiver Dance|p2a: Volcarona\n|-boost|p2a: Volcarona|spa|1\n|-boost|p2a: Volcarona|spd|1\n|-boost|p2a: Volcarona|spe|1\n|move|p1a: Gengar|Hypnosis|p2a: Volcarona|[miss]\n|-miss|p1a: Gengar|p2a: Volcarona\n|\n|-heal|p1a: Gengar|100\/100|[from] item: Leftovers\n|upkeep\n|turn|6\n|\n|t:|1699226318\n|move|p2a: Volcarona|Quiver Dance|p2a: Volcarona\n|-boost|p2a: Volcarona|spa|1\n|-boost|p2a: Volcarona|spd|1\n|-boost|p2a: Volcarona|spe|1\n|move|p1a: Gengar|Hypnosis|p2a: Volcarona|[miss]\n|-miss|p1a: Gengar|p2a: Volcarona\n|\n|upkeep\n|turn|7\n|\n|t:|1699226325\n|move|p2a: Volcarona|Quiver Dance|p2a: Volcarona\n|-boost|p2a: Volcarona|spa|1\n|-boost|p2a: Volcarona|spd|1\n|-boost|p2a: Volcarona|spe|1\n|move|p1a: Gengar|Shadow Claw|p2a: Volcarona\n|-damage|p2a: Volcarona|43\/100\n|\n|upkeep\n|turn|8\n|\n|t:|1699226334\n|move|p2a: Volcarona|Morning Sun|p2a: Volcarona\n|-heal|p2a: Volcarona|93\/100\n|move|p1a: Gengar|Hypnosis|p2a: Volcarona\n|-message|Sleep Clause Mod activated.\n|-hint|Sleep Clause Mod prevents players from putting more than one of their opponent's Pok\u00e9mon to sleep at a time\n|\n|upkeep\n|turn|9\n|\n|t:|1699226340\n|move|p2a: Volcarona|Flamethrower|p1a: Gengar\n|-damage|p1a: Gengar|0 fnt\n|-start|p2a: Volcarona|Disable|Flamethrower|[from] ability: Cursed Body|[of] p1a: Gengar\n|faint|p1a: Gengar\n|\n|upkeep\n|\n|t:|1699226352\n|switch|p1a: Garchomp|Garchomp, F|100\/100\n|turn|10\n|\n|t:|1699226355\n|move|p2a: Volcarona|Will-O-Wisp|p1a: Garchomp\n|-status|p1a: Garchomp|brn\n|move|p1a: Garchomp|Dig||[still]\n|-prepare|p1a: Garchomp|Dig\n|\n|-damage|p1a: Garchomp|95\/100 brn|[from] brn\n|upkeep\n|turn|11\n|\n|t:|1699226366\n|-terastallize|p2a: Volcarona|Water\n|move|p2a: Volcarona|Quiver Dance|p2a: Volcarona\n|-boost|p2a: Volcarona|spa|1\n|-boost|p2a: Volcarona|spd|1\n|-boost|p2a: Volcarona|spe|1\n|move|p1a: Garchomp|Dig|p2a: Volcarona|[from]lockedmove\n|-damage|p2a: Volcarona|73\/100\n|\n|-heal|p1a: Garchomp|100\/100 brn|[from] item: Leftovers\n|-damage|p1a: Garchomp|95\/100 brn|[from] brn\n|upkeep\n|turn|12\n|\n|t:|1699226383\n|switch|p1a: Greninja|Greninja, M|100\/100\n|move|p2a: Volcarona|Quiver Dance|p2a: Volcarona\n|-boost|p2a: Volcarona|spa|1\n|-boost|p2a: Volcarona|spd|1\n|-boost|p2a: Volcarona|spe|1\n|\n|-end|p2a: Volcarona|Disable\n|upkeep\n|turn|13\n|\n|t:|1699226395\n|move|p2a: Volcarona|Flamethrower|p1a: Greninja\n|-resisted|p1a: Greninja\n|-damage|p1a: Greninja|0 fnt\n|faint|p1a: Greninja\n|\n|upkeep\n|\n|t:|1699226404\n|switch|p1a: Lucario|Lucario, F|100\/100\n|turn|14\n|\n|t:|1699226408\n|move|p2a: Volcarona|Flamethrower|p1a: Lucario\n|-supereffective|p1a: Lucario\n|-damage|p1a: Lucario|0 fnt\n|faint|p1a: Lucario\n|\n|upkeep\n|\n|t:|1699226417\n|switch|p1a: Charizard|Charizard, M|100\/100\n|turn|15\n|\n|t:|1699226422\n|move|p2a: Volcarona|Flamethrower|p1a: Charizard\n|-resisted|p1a: Charizard\n|-damage|p1a: Charizard|16\/100\n|move|p1a: Charizard|Ancient Power|p2a: Volcarona\n|-damage|p2a: Volcarona|69\/100\n|-boost|p1a: Charizard|atk|1\n|-boost|p1a: Charizard|def|1\n|-boost|p1a: Charizard|spa|1\n|-boost|p1a: Charizard|spd|1\n|-boost|p1a: Charizard|spe|1\n|\n|-heal|p1a: Charizard|22\/100|[from] item: Leftovers\n|upkeep\n|turn|16\n|\n|t:|1699226435\n|move|p2a: Volcarona|Flamethrower|p1a: Charizard\n|-resisted|p1a: Charizard\n|-damage|p1a: Charizard|0 fnt\n|faint|p1a: Charizard\n|\n|upkeep\n|\n|t:|1699226442\n|switch|p1a: Decidueye|Decidueye, F|100\/100\n|turn|17\n|\n|t:|1699226447\n|move|p2a: Volcarona|Flamethrower|p1a: Decidueye\n|-supereffective|p1a: Decidueye\n|-damage|p1a: Decidueye|0 fnt\n|faint|p1a: Decidueye\n|\n|upkeep\n|\n|t:|1699226453\n|switch|p1a: Garchomp|Garchomp, F|95\/100 brn\n|turn|18\n|\n|t:|1699226456\n|move|p2a: Volcarona|Flamethrower|p1a: Garchomp\n|-resisted|p1a: Garchomp\n|-damage|p1a: Garchomp|14\/100 brn\n|move|p1a: Garchomp|Earthquake|p2a: Volcarona\n|-damage|p2a: Volcarona|48\/100\n|\n|-heal|p1a: Garchomp|20\/100 brn|[from] item: Leftovers\n|-damage|p1a: Garchomp|14\/100 brn|[from] brn\n|upkeep\n|turn|19\n|c|\u2606mrshades008|GG\n|\n|t:|1699226472\n|move|p2a: Volcarona|Flamethrower|p1a: Garchomp\n|-resisted|p1a: Garchomp\n|-damage|p1a: Garchomp|0 fnt\n|faint|p1a: Garchomp\n|\n|win|mrshades008\n|raw|cng2023's rating: 1023 &rarr; <strong>1015<\/strong><br \/>(-8 for losing)\n|raw|mrshades008's rating: 1188 &rarr; <strong>1202<\/strong><br \/>(+14 for winning)\n|l|\u2606cng2023\n","uploadtime":1699226488,"views":14,"p1id":"cng2023","p2id":"mrshades008","formatid":"gen9ubers","rating":1015,"private":0,"password":""}