{"id":"gen9ubers-1991995000","p1":"Inarinokamen","p2":"Rei_darkness","format":"[Gen 9] Ubers","log":"|j|\u2606Inarinokamen\n|j|\u2606Rei_darkness\n|t:|1700146083\n|gametype|singles\n|player|p1|Inarinokamen|red-masters2|\n|player|p2|Rei_darkness|drayden|\n|teamsize|p1|6\n|teamsize|p2|6\n|gen|9\n|tier|[Gen 9] Ubers\n|rule|Sleep Clause Mod: Limit one foe put to sleep\n|rule|Species Clause: Limit one of each Pok\u00e9mon\n|rule|OHKO Clause: OHKO moves are banned\n|rule|Evasion Items Clause: Evasion items are banned\n|rule|Evasion Moves Clause: Evasion moves are banned\n|rule|Endless Battle Clause: Forcing endless battles is banned\n|rule|HP Percentage Mod: HP is shown in percentages\n|clearpoke\n|poke|p1|Infernape, F|\n|poke|p1|Slowking-Galar, M|\n|poke|p1|Zoroark-Hisui, M|\n|poke|p1|Empoleon, M|\n|poke|p1|Lurantis, F|\n|poke|p1|Darkrai|\n|poke|p2|Slowbro-Galar, M|\n|poke|p2|Goodra-Hisui, M|\n|poke|p2|Blissey, F|\n|poke|p2|Empoleon, M|\n|poke|p2|Slowking-Galar, F|\n|poke|p2|Mandibuzz, F|\n|teampreview\n|inactive|Battle timer is ON: inactive players will automatically lose when time's up. (requested by Inarinokamen)\n|c|\u2606Inarinokamen|Interesting\n|inactive|Inarinokamen has 270 seconds left.\n|\n|t:|1700146119\n|start\n|switch|p1a: Empoleon|Empoleon, M, shiny|100\/100\n|switch|p2a: #1|Slowbro-Galar, M|100\/100\n|turn|1\n|\n|t:|1700146123\n|move|p1a: Empoleon|Stealth Rock|p2a: #1\n|-sidestart|p2: Rei_darkness|move: Stealth Rock\n|move|p2a: #1|Earthquake|p1a: Empoleon\n|-supereffective|p1a: Empoleon\n|-damage|p1a: Empoleon|1\/100\n|\n|-heal|p1a: Empoleon|8\/100|[from] item: Leftovers\n|upkeep\n|turn|2\n|\n|t:|1700146131\n|move|p1a: Empoleon|Flip Turn|p2a: #1\n|-damage|p2a: #1|74\/100\n|\n|t:|1700146137\n|switch|p1a: Lurantis|Lurantis, F, shiny|100\/100|[from] Flip Turn\n|move|p2a: #1|Earthquake|p1a: Lurantis\n|-resisted|p1a: Lurantis\n|-damage|p1a: Lurantis|81\/100\n|\n|upkeep\n|turn|3\n|\n|t:|1700146149\n|switch|p2a: Bootspam|Blissey, F|100\/100\n|-terastallize|p1a: Lurantis|Electric\n|move|p1a: Lurantis|Leaf Storm|p2a: Bootspam\n|-damage|p2a: Bootspam|86\/100\n|-boost|p1a: Lurantis|spa|2\n|\n|upkeep\n|turn|4\n|\n|t:|1700146158\n|move|p2a: Bootspam|Stealth Rock|p1a: Lurantis\n|-sidestart|p1: Inarinokamen|move: Stealth Rock\n|move|p1a: Lurantis|Leaf Storm|p2a: Bootspam\n|-damage|p2a: Bootspam|58\/100\n|-boost|p1a: Lurantis|spa|2\n|\n|upkeep\n|turn|5\n|\n|t:|1700146172\n|switch|p2a: #2|Slowking-Galar, F|100\/100\n|move|p1a: Lurantis|Leaf Storm|p2a: #2\n|-resisted|p2a: #2\n|-damage|p2a: #2|66\/100\n|-boost|p1a: Lurantis|spa|2\n|\n|upkeep\n|turn|6\n|\n|t:|1700146182\n|move|p1a: Lurantis|Tera Blast|p2a: #2|[anim] Tera Blast Electric\n|-damage|p2a: #2|15\/100\n|move|p2a: #2|Chilly Reception|p2a: #2\n|-weather|Snow\n|\n|t:|1700146211\n|switch|p2a: Bulky|Goodra-Hisui, M|100\/100|[from] Chilly Reception\n|-damage|p2a: Bulky|94\/100|[from] Stealth Rock\n|\n|-weather|Snow|[upkeep]\n|-heal|p2a: Bulky|100\/100|[from] item: Leftovers\n|upkeep\n|turn|7\n|\n|t:|1700146219\n|move|p2a: Bulky|Acid Armor|p2a: Bulky\n|-boost|p2a: Bulky|def|2\n|move|p1a: Lurantis|Leaf Storm|p2a: Bulky\n|-resisted|p2a: Bulky\n|-damage|p2a: Bulky|82\/100\n|\n|-weather|Snow|[upkeep]\n|-heal|p2a: Bulky|88\/100|[from] item: Leftovers\n|upkeep\n|turn|8\n|\n|t:|1700146225\n|move|p2a: Bulky|Acid Armor|p2a: Bulky\n|-boost|p2a: Bulky|def|2\n|move|p1a: Lurantis|Tera Blast|p2a: Bulky|[anim] Tera Blast Electric\n|-resisted|p2a: Bulky\n|-damage|p2a: Bulky|63\/100\n|\n|-weather|Snow|[upkeep]\n|-heal|p2a: Bulky|69\/100|[from] item: Leftovers\n|upkeep\n|turn|9\n|\n|t:|1700146231\n|move|p2a: Bulky|Protect|p2a: Bulky\n|-singleturn|p2a: Bulky|Protect\n|move|p1a: Lurantis|Leaf Storm|p2a: Bulky\n|-activate|p2a: Bulky|move: Protect\n|\n|-weather|Snow|[upkeep]\n|-heal|p2a: Bulky|75\/100|[from] item: Leftovers\n|upkeep\n|turn|10\n|\n|t:|1700146238\n|move|p2a: Bulky|Body Press|p1a: Lurantis\n|-damage|p1a: Lurantis|30\/100\n|move|p1a: Lurantis|Tera Blast|p2a: Bulky|[anim] Tera Blast Electric\n|-resisted|p2a: Bulky\n|-damage|p2a: Bulky|50\/100\n|\n|-weather|none\n|-heal|p2a: Bulky|57\/100|[from] item: Leftovers\n|upkeep\n|turn|11\n|\n|t:|1700146244\n|move|p2a: Bulky|Protect|p2a: Bulky\n|-singleturn|p2a: Bulky|Protect\n|move|p1a: Lurantis|Defog|p2a: Bulky\n|-activate|p2a: Bulky|move: Protect\n|\n|-heal|p2a: Bulky|63\/100|[from] item: Leftovers\n|upkeep\n|turn|12\n|\n|t:|1700146247\n|move|p2a: Bulky|Body Press|p1a: Lurantis\n|-damage|p1a: Lurantis|0 fnt\n|faint|p1a: Lurantis\n|\n|-heal|p2a: Bulky|69\/100|[from] item: Leftovers\n|upkeep\n|\n|t:|1700146266\n|switch|p1a: Infernape|Infernape, F|100\/100\n|-damage|p1a: Infernape|88\/100|[from] Stealth Rock\n|turn|13\n|\n|t:|1700146273\n|move|p2a: Bulky|Protect|p2a: Bulky\n|-singleturn|p2a: Bulky|Protect\n|move|p1a: Infernape|Fire Punch|p2a: Bulky\n|-activate|p2a: Bulky|move: Protect\n|\n|-heal|p2a: Bulky|75\/100|[from] item: Leftovers\n|upkeep\n|turn|14\n|\n|t:|1700146277\n|move|p1a: Infernape|Fire Punch|p2a: Bulky\n|-damage|p2a: Bulky|52\/100\n|move|p2a: Bulky|Body Press|p1a: Infernape\n|-damage|p1a: Infernape|8\/100\n|\n|-heal|p2a: Bulky|58\/100|[from] item: Leftovers\n|upkeep\n|turn|15\n|\n|t:|1700146282\n|move|p2a: Bulky|Protect|p2a: Bulky\n|-singleturn|p2a: Bulky|Protect\n|move|p1a: Infernape|Fire Punch|p2a: Bulky\n|-activate|p2a: Bulky|move: Protect\n|\n|-heal|p2a: Bulky|65\/100|[from] item: Leftovers\n|upkeep\n|turn|16\n|\n|t:|1700146285\n|move|p1a: Infernape|Fire Punch|p2a: Bulky\n|-damage|p2a: Bulky|46\/100\n|-status|p2a: Bulky|brn\n|move|p2a: Bulky|Body Press|p1a: Infernape\n|-damage|p1a: Infernape|0 fnt\n|faint|p1a: Infernape\n|\n|-heal|p2a: Bulky|52\/100 brn|[from] item: Leftovers\n|-damage|p2a: Bulky|46\/100 brn|[from] brn\n|upkeep\n|\n|t:|1700146295\n|switch|p1a: Empoleon|Empoleon, M, shiny|8\/100\n|-damage|p1a: Empoleon|1\/100|[from] Stealth Rock\n|turn|17\n|\n|t:|1700146300\n|move|p2a: Bulky|Protect|p2a: Bulky\n|-singleturn|p2a: Bulky|Protect\n|move|p1a: Empoleon|Roost|p1a: Empoleon\n|-heal|p1a: Empoleon|52\/100\n|-singleturn|p1a: Empoleon|move: Roost\n|\n|-heal|p1a: Empoleon|58\/100|[from] item: Leftovers\n|-heal|p2a: Bulky|52\/100 brn|[from] item: Leftovers\n|-damage|p2a: Bulky|46\/100 brn|[from] brn\n|upkeep\n|turn|18\n|\n|t:|1700146314\n|move|p1a: Empoleon|Roost|p1a: Empoleon\n|-heal|p1a: Empoleon|100\/100\n|-singleturn|p1a: Empoleon|move: Roost\n|move|p2a: Bulky|Body Press|p1a: Empoleon\n|-supereffective|p1a: Empoleon\n|-damage|p1a: Empoleon|49\/100\n|\n|-heal|p1a: Empoleon|55\/100|[from] item: Leftovers\n|-heal|p2a: Bulky|52\/100 brn|[from] item: Leftovers\n|-damage|p2a: Bulky|46\/100 brn|[from] brn\n|upkeep\n|turn|19\n|\n|t:|1700146321\n|move|p1a: Empoleon|Wave Crash|p2a: Bulky\n|-resisted|p2a: Bulky\n|-damage|p2a: Bulky|40\/100 brn\n|-damage|p1a: Empoleon|53\/100|[from] Recoil\n|move|p2a: Bulky|Body Press|p1a: Empoleon\n|-supereffective|p1a: Empoleon\n|-damage|p1a: Empoleon|2\/100\n|\n|-heal|p2a: Bulky|46\/100 brn|[from] item: Leftovers\n|-heal|p1a: Empoleon|8\/100|[from] item: Leftovers\n|-damage|p2a: Bulky|40\/100 brn|[from] brn\n|upkeep\n|turn|20\n|\n|t:|1700146325\n|move|p2a: Bulky|Life Dew|p2a: Bulky\n|-heal|p2a: Bulky|65\/100 brn\n|move|p1a: Empoleon|Roost|p1a: Empoleon\n|-heal|p1a: Empoleon|58\/100\n|-singleturn|p1a: Empoleon|move: Roost\n|\n|-heal|p2a: Bulky|71\/100 brn|[from] item: Leftovers\n|-heal|p1a: Empoleon|65\/100|[from] item: Leftovers\n|-damage|p2a: Bulky|65\/100 brn|[from] brn\n|upkeep\n|turn|21\n|\n|t:|1700146328\n|move|p1a: Empoleon|Wave Crash|p2a: Bulky\n|-resisted|p2a: Bulky\n|-damage|p2a: Bulky|59\/100 brn\n|-damage|p1a: Empoleon|62\/100|[from] Recoil\n|move|p2a: Bulky|Acid Armor|p2a: Bulky\n|-boost|p2a: Bulky|def|2\n|\n|-heal|p2a: Bulky|65\/100 brn|[from] item: Leftovers\n|-heal|p1a: Empoleon|69\/100|[from] item: Leftovers\n|-damage|p2a: Bulky|59\/100 brn|[from] brn\n|upkeep\n|turn|22\n|\n|t:|1700146330\n|move|p1a: Empoleon|Wave Crash|p2a: Bulky\n|-resisted|p2a: Bulky\n|-damage|p2a: Bulky|54\/100 brn\n|-damage|p1a: Empoleon|67\/100|[from] Recoil\n|move|p2a: Bulky|Life Dew|p2a: Bulky\n|-heal|p2a: Bulky|79\/100 brn\n|\n|-heal|p2a: Bulky|85\/100 brn|[from] item: Leftovers\n|-heal|p1a: Empoleon|73\/100|[from] item: Leftovers\n|-damage|p2a: Bulky|79\/100 brn|[from] brn\n|upkeep\n|turn|23\n|\n|t:|1700146339\n|move|p2a: Bulky|Body Press|p1a: Empoleon\n|-supereffective|p1a: Empoleon\n|-damage|p1a: Empoleon|3\/100\n|move|p1a: Empoleon|Wave Crash|p2a: Bulky\n|-resisted|p2a: Bulky\n|-damage|p2a: Bulky|72\/100 brn\n|-damage|p1a: Empoleon|0 fnt|[from] Recoil\n|faint|p1a: Empoleon\n|\n|-heal|p2a: Bulky|78\/100 brn|[from] item: Leftovers\n|-damage|p2a: Bulky|72\/100 brn|[from] brn\n|upkeep\n|\n|t:|1700146348\n|switch|p1a: Slowking|Slowking-Galar, M|100\/100\n|-damage|p1a: Slowking|88\/100|[from] Stealth Rock\n|turn|24\n|c|\u2606Rei_darkness|yuo have a ghost type who just immediately forces out hoodra\n|c|\u2606Rei_darkness|my only offensive pressure is body press\n|c|\u2606Inarinokamen|I\u2019m in class\n|inactive|Rei_darkness has 270 seconds left.\n|c|\u2606Inarinokamen|im not really paying attention\n|\n|t:|1700146387\n|move|p1a: Slowking|Swords Dance|p1a: Slowking\n|-boost|p1a: Slowking|atk|2\n|move|p2a: Bulky|Body Press|p1a: Slowking\n|-immune|p1a: Slowking\n|\n|-heal|p2a: Bulky|78\/100 brn|[from] item: Leftovers\n|-damage|p2a: Bulky|72\/100 brn|[from] brn\n|upkeep\n|turn|25\n|inactive|Rei_darkness has 270 seconds left.\n|\n|t:|1700146416\n|switch|p2a: Defog|Mandibuzz, F|100\/100\n|move|p1a: Slowking|Poltergeist|p2a: Defog\n|-activate|p2a: Defog|move: Poltergeist|Heavy-Duty Boots\n|-resisted|p2a: Defog\n|-damage|p2a: Defog|76\/100\n|\n|upkeep\n|turn|26\n|\n|t:|1700146424\n|move|p1a: Slowking|Body Slam|p2a: Defog\n|-damage|p2a: Defog|34\/100\n|move|p2a: Defog|Toxic|p1a: Slowking\n|-status|p1a: Slowking|tox\n|\n|-damage|p1a: Slowking|82\/100 tox|[from] psn\n|upkeep\n|turn|27\n|\n|t:|1700146431\n|move|p2a: Defog|Protect|p2a: Defog\n|-singleturn|p2a: Defog|Protect\n|move|p1a: Slowking|Body Slam|p2a: Defog\n|-activate|p2a: Defog|move: Protect\n|\n|-damage|p1a: Slowking|70\/100 tox|[from] psn\n|upkeep\n|turn|28\n|inactive|Rei_darkness has 270 seconds left.\n|\n|t:|1700146440\n|switch|p2a: Bulky|Goodra-Hisui, M|72\/100 brn\n|-damage|p2a: Bulky|66\/100 brn|[from] Stealth Rock\n|move|p1a: Slowking|Knock Off|p2a: Bulky\n|-damage|p2a: Bulky|15\/100 brn\n|-enditem|p2a: Bulky|Leftovers|[from] move: Knock Off|[of] p1a: Slowking\n|\n|-damage|p1a: Slowking|52\/100 tox|[from] psn\n|-damage|p2a: Bulky|9\/100 brn|[from] brn\n|upkeep\n|turn|29\n|\n|t:|1700146451\n|move|p2a: Bulky|Protect|p2a: Bulky\n|-singleturn|p2a: Bulky|Protect\n|move|p1a: Slowking|Body Slam|p2a: Bulky\n|-activate|p2a: Bulky|move: Protect\n|\n|-damage|p1a: Slowking|28\/100 tox|[from] psn\n|-damage|p2a: Bulky|3\/100 brn|[from] brn\n|upkeep\n|turn|30\n|\n|t:|1700146455\n|move|p2a: Bulky|Protect|p2a: Bulky\n|-singleturn|p2a: Bulky|Protect\n|move|p1a: Slowking|Body Slam|p2a: Bulky\n|-activate|p2a: Bulky|move: Protect\n|\n|-damage|p1a: Slowking|0 fnt|[from] psn\n|faint|p1a: Slowking\n|-damage|p2a: Bulky|0 fnt|[from] brn\n|faint|p2a: Bulky\n|upkeep\n|\n|t:|1700146468\n|switch|p1a: Darkrai|Darkrai, shiny|100\/100\n|switch|p2a: Flip Turn|Empoleon, M|100\/100\n|-damage|p1a: Darkrai|88\/100|[from] Stealth Rock\n|-damage|p2a: Flip Turn|94\/100|[from] Stealth Rock\n|turn|31\n|\n|t:|1700146477\n|move|p1a: Darkrai|Hypnosis|p2a: Flip Turn\n|-status|p2a: Flip Turn|slp|[from] move: Hypnosis\n|cant|p2a: Flip Turn|slp\n|\n|-heal|p2a: Flip Turn|100\/100 slp|[from] item: Leftovers\n|-damage|p2a: Flip Turn|88\/100 slp|[from] ability: Bad Dreams|[of] p1a: Darkrai\n|upkeep\n|turn|32\n|\n|t:|1700146483\n|switch|p2a: #2|Slowking-Galar, F|48\/100\n|move|p1a: Darkrai|Substitute|p1a: Darkrai\n|-start|p1a: Darkrai|Substitute\n|-damage|p1a: Darkrai|64\/100\n|\n|upkeep\n|turn|33\n|\n|t:|1700146488\n|move|p1a: Darkrai|Swords Dance|p1a: Darkrai\n|-boost|p1a: Darkrai|atk|2\n|move|p2a: #2|Chilly Reception|p2a: #2\n|-weather|Snow\n|\n|t:|1700146497\n|switch|p2a: #1|Slowbro-Galar, M|100\/100|[from] Chilly Reception\n|-damage|p2a: #1|88\/100|[from] Stealth Rock\n|\n|-weather|Snow|[upkeep]\n|upkeep\n|turn|34\n|\n|t:|1700146504\n|-terastallize|p2a: #1|Fighting\n|move|p1a: Darkrai|Knock Off|p2a: #1\n|-resisted|p2a: #1\n|-damage|p2a: #1|42\/100\n|-enditem|p2a: #1|Choice Band|[from] move: Knock Off|[of] p1a: Darkrai\n|move|p2a: #1|Drain Punch|p1a: Darkrai\n|-supereffective|p1a: Darkrai\n|-end|p1a: Darkrai|Substitute\n|-heal|p2a: #1|51\/100|[from] drain|[of] p1a: Darkrai\n|\n|-weather|Snow|[upkeep]\n|upkeep\n|turn|35\n|\n|t:|1700146529\n|move|p1a: Darkrai|Knock Off|p2a: #1\n|-resisted|p2a: #1\n|-damage|p2a: #1|22\/100\n|move|p2a: #1|Drain Punch|p1a: Darkrai\n|-supereffective|p1a: Darkrai\n|-damage|p1a: Darkrai|0 fnt\n|-heal|p2a: #1|45\/100|[from] drain|[of] p1a: Darkrai\n|faint|p1a: Darkrai\n|\n|-weather|Snow|[upkeep]\n|upkeep\n|\n|t:|1700146530\n|switch|p1a: Slowking|Slowking-Galar, M|100\/100\n|-damage|p1a: Slowking|88\/100|[from] Stealth Rock\n|turn|36\n|\n|t:|1700146534\n|move|p2a: #1|Earthquake|p1a: Slowking\n|-supereffective|p1a: Slowking\n|-damage|p1a: Slowking|38\/100\n|move|p1a: Slowking|Toxic|p2a: #1\n|-status|p2a: #1|tox\n|\n|-weather|Snow|[upkeep]\n|-heal|p1a: Slowking|44\/100|[from] item: Leftovers\n|-damage|p2a: #1|39\/100 tox|[from] psn\n|upkeep\n|turn|37\n|\n|t:|1700146538\n|move|p2a: #1|Earthquake|p1a: Slowking\n|-supereffective|p1a: Slowking\n|-damage|p1a: Slowking|0 fnt\n|faint|p1a: Slowking\n|\n|win|Rei_darkness\n|c|\u2606Inarinokamen|gg\n|l|\u2606Inarinokamen\n","uploadtime":1700146551,"views":26,"p1id":"inarinokamen","p2id":"reidarkness","formatid":"gen9ubers","rating":0,"private":0,"password":""}