{"id":"gen9ubers-1973767437","p1":"VahnNFG","p2":"yayou","format":"[Gen 9] Ubers","log":"|j|\u2606VahnNFG\n|j|\u2606yayou\n|t:|1698011361\n|gametype|singles\n|player|p1|VahnNFG|1|1268\n|player|p2|yayou|volkner|1338\n|teamsize|p1|6\n|teamsize|p2|6\n|gen|9\n|tier|[Gen 9] Ubers\n|rated|\n|rule|Sleep Clause Mod: Limit one foe put to sleep\n|rule|Species Clause: Limit one of each Pok\u00e9mon\n|rule|OHKO Clause: OHKO moves are banned\n|rule|Evasion Items Clause: Evasion items are banned\n|rule|Evasion Moves Clause: Evasion moves are banned\n|rule|Endless Battle Clause: Forcing endless battles is banned\n|rule|HP Percentage Mod: HP is shown in percentages\n|clearpoke\n|poke|p1|Koraidon|\n|poke|p1|Arceus-Fire|\n|poke|p1|Hatterene, F|\n|poke|p1|Zacian-*|\n|poke|p1|Kricketune, F|\n|poke|p1|Ribombee, F|\n|poke|p2|Ogerpon-Hearthflame, F|\n|poke|p2|Groudon|\n|poke|p2|Lilligant-Hisui, F|\n|poke|p2|Spectrier|\n|poke|p2|Koraidon|\n|poke|p2|Leavanny, F|\n|teampreview\n|\n|t:|1698011379\n|start\n|switch|p1a: Hatterene|Hatterene, F, shiny|100\/100\n|switch|p2a: Groudon|Groudon|100\/100\n|-weather|SunnyDay|[from] ability: Drought|[of] p2a: Groudon\n|turn|1\n|\n|t:|1698011385\n|move|p2a: Groudon|Earthquake|p1a: Hatterene\n|-damage|p1a: Hatterene|49\/100\n|move|p1a: Hatterene|Trick Room|p1a: Hatterene\n|-fieldstart|move: Trick Room|[of] p1a: Hatterene\n|\n|-weather|SunnyDay|[upkeep]\n|upkeep\n|turn|2\n|\n|t:|1698011388\n|move|p1a: Hatterene|Dazzling Gleam|p2a: Groudon\n|-damage|p2a: Groudon|59\/100\n|-damage|p1a: Hatterene|39\/100|[from] item: Life Orb\n|move|p2a: Groudon|Earthquake|p1a: Hatterene\n|-damage|p1a: Hatterene|0 fnt\n|faint|p1a: Hatterene\n|\n|-weather|SunnyDay|[upkeep]\n|upkeep\n|\n|t:|1698011392\n|switch|p1a: Kricketune|Kricketune, F, shiny|100\/100\n|turn|3\n|\n|t:|1698011396\n|move|p2a: Groudon|Will-O-Wisp|p1a: Kricketune\n|-status|p1a: Kricketune|brn\n|move|p1a: Kricketune|Trailblaze|p2a: Groudon\n|-supereffective|p2a: Groudon\n|-damage|p2a: Groudon|41\/100\n|-boost|p1a: Kricketune|spe|1\n|-damage|p1a: Kricketune|91\/100 brn|[from] item: Life Orb\n|\n|-weather|SunnyDay|[upkeep]\n|-damage|p1a: Kricketune|85\/100 brn|[from] brn\n|upkeep\n|turn|4\n|\n|t:|1698011410\n|-terastallize|p1a: Kricketune|Ice\n|move|p2a: Groudon|Stealth Rock|p1a: Kricketune\n|-sidestart|p1: VahnNFG|move: Stealth Rock\n|move|p1a: Kricketune|Tera Blast|p2a: Groudon|[anim] Tera Blast Ice\n|-supereffective|p2a: Groudon\n|-damage|p2a: Groudon|12\/100\n|-damage|p1a: Kricketune|75\/100 brn|[from] item: Life Orb\n|\n|-weather|SunnyDay|[upkeep]\n|-damage|p1a: Kricketune|69\/100 brn|[from] brn\n|upkeep\n|turn|5\n|\n|t:|1698011423\n|move|p2a: Groudon|Earthquake|p1a: Kricketune\n|-damage|p1a: Kricketune|0 fnt\n|faint|p1a: Kricketune\n|\n|-weather|SunnyDay|[upkeep]\n|-fieldend|move: Trick Room\n|upkeep\n|inactive|Battle timer is ON: inactive players will automatically lose when time's up. (requested by yayou)\n|\n|t:|1698011431\n|switch|p1a: Koraidon|Koraidon|100\/100\n|-damage|p1a: Koraidon|94\/100|[from] Stealth Rock\n|-activate|p1a: Koraidon|ability: Orichalcum Pulse\n|turn|6\n|\n|t:|1698011434\n|move|p1a: Koraidon|Scale Shot|p2a: Groudon\n|-damage|p2a: Groudon|1\/100\n|-damage|p2a: Groudon|0 fnt\n|faint|p2a: Groudon\n|-hitcount|p2: Groudon|2\n|-unboost|p1a: Koraidon|def|1\n|-boost|p1a: Koraidon|spe|1\n|\n|-weather|SunnyDay|[upkeep]\n|upkeep\n|\n|t:|1698011438\n|switch|p2a: Lilligant|Lilligant-Hisui, F|100\/100\n|turn|7\n|\n|t:|1698011444\n|move|p2a: Lilligant|Close Combat|p1a: Koraidon\n|-damage|p1a: Koraidon|0 fnt\n|-unboost|p2a: Lilligant|def|1\n|-unboost|p2a: Lilligant|spd|1\n|faint|p1a: Koraidon\n|-damage|p2a: Lilligant|91\/100|[from] item: Life Orb\n|\n|-weather|SunnyDay|[upkeep]\n|upkeep\n|\n|t:|1698011448\n|switch|p1a: Ribombee|Ribombee, F|100\/100\n|-damage|p1a: Ribombee|76\/100|[from] Stealth Rock\n|turn|8\n|\n|t:|1698011451\n|move|p2a: Lilligant|Solar Blade||[still]\n|-prepare|p2a: Lilligant|Solar Blade\n|-anim|p2a: Lilligant|Solar Blade|p1a: Ribombee\n|-resisted|p1a: Ribombee\n|-damage|p1a: Ribombee|0 fnt\n|faint|p1a: Ribombee\n|-damage|p2a: Lilligant|81\/100|[from] item: Life Orb\n|\n|-weather|none\n|upkeep\n|\n|t:|1698011458\n|switch|p1a: Zacian|Zacian-Crowned, shiny|100\/100\n|-damage|p1a: Zacian|94\/100|[from] Stealth Rock\n|-ability|p1a: Zacian|Intrepid Sword|boost\n|-boost|p1a: Zacian|atk|1\n|turn|9\n|\n|t:|1698011467\n|switch|p2a: Koraidon|Koraidon|100\/100\n|-weather|SunnyDay|[from] ability: Orichalcum Pulse|[of] p2a: Koraidon\n|-activate|p2a: Koraidon|Orichalcum Pulse|[source]\n|move|p1a: Zacian|Play Rough|p2a: Koraidon\n|-supereffective|p2a: Koraidon\n|-damage|p2a: Koraidon|0 fnt\n|faint|p2a: Koraidon\n|\n|-weather|SunnyDay|[upkeep]\n|upkeep\n|\n|t:|1698011475\n|switch|p2a: Lilligant|Lilligant-Hisui, F|81\/100\n|turn|10\n|\n|t:|1698011478\n|switch|p1a: Arceus|Arceus-Fire|100\/100\n|-damage|p1a: Arceus|76\/100|[from] Stealth Rock\n|move|p2a: Lilligant|Close Combat|p1a: Arceus\n|-damage|p1a: Arceus|27\/100\n|-unboost|p2a: Lilligant|def|1\n|-unboost|p2a: Lilligant|spd|1\n|-damage|p2a: Lilligant|71\/100|[from] item: Life Orb\n|\n|-weather|SunnyDay|[upkeep]\n|upkeep\n|turn|11\n|\n|t:|1698011485\n|move|p2a: Lilligant|Close Combat|p1a: Arceus\n|-damage|p1a: Arceus|0 fnt\n|-unboost|p2a: Lilligant|def|1\n|-unboost|p2a: Lilligant|spd|1\n|faint|p1a: Arceus\n|-damage|p2a: Lilligant|61\/100|[from] item: Life Orb\n|\n|-weather|SunnyDay|[upkeep]\n|upkeep\n|\n|t:|1698011488\n|switch|p1a: Zacian|Zacian-Crowned, shiny|94\/100\n|-damage|p1a: Zacian|88\/100|[from] Stealth Rock\n|turn|12\n|\n|t:|1698011490\n|move|p1a: Zacian|Quick Attack|p2a: Lilligant\n|-damage|p2a: Lilligant|16\/100\n|move|p2a: Lilligant|Close Combat|p1a: Zacian\n|-damage|p1a: Zacian|7\/100\n|-unboost|p2a: Lilligant|def|1\n|-unboost|p2a: Lilligant|spd|1\n|-damage|p2a: Lilligant|6\/100|[from] item: Life Orb\n|\n|-weather|SunnyDay|[upkeep]\n|upkeep\n|turn|13\n|\n|t:|1698011498\n|move|p1a: Zacian|Quick Attack|p2a: Lilligant\n|-crit|p2a: Lilligant\n|-damage|p2a: Lilligant|0 fnt\n|faint|p2a: Lilligant\n|\n|-weather|none\n|upkeep\n|\n|t:|1698011502\n|switch|p2a: Spectrier|Spectrier|100\/100\n|turn|14\n|\n|t:|1698011505\n|move|p2a: Spectrier|Shadow Ball|p1a: Zacian\n|-damage|p1a: Zacian|0 fnt\n|faint|p1a: Zacian\n|\n|win|yayou\n|raw|VahnNFG's rating: 1268 &rarr; <strong>1248<\/strong><br \/>(-20 for losing)\n|raw|yayou's rating: 1338 &rarr; <strong>1354<\/strong><br \/>(+16 for winning)\n|l|\u2606VahnNFG\n","uploadtime":1698011509,"views":18,"p1id":"vahnnfg","p2id":"yayou","formatid":"gen9ubers","rating":1248,"private":0,"password":""}