{"id":"gen9ubers-1983441967","p1":"arty222","p2":"blakjac","format":"[Gen 9] Ubers","log":"|j|\u2606arty222\n|j|\u2606blakjac\n|t:|1699130563\n|gametype|singles\n|player|p1|arty222|n|\n|player|p2|blakjac|burglar|\n|teamsize|p1|6\n|teamsize|p2|6\n|gen|9\n|tier|[Gen 9] Ubers\n|rule|Sleep Clause Mod: Limit one foe put to sleep\n|rule|Species Clause: Limit one of each Pok\u00e9mon\n|rule|OHKO Clause: OHKO moves are banned\n|rule|Evasion Items Clause: Evasion items are banned\n|rule|Evasion Moves Clause: Evasion moves are banned\n|rule|Endless Battle Clause: Forcing endless battles is banned\n|rule|HP Percentage Mod: HP is shown in percentages\n|clearpoke\n|poke|p1|Dragapult, M|\n|poke|p1|Sneasler, M|\n|poke|p1|Clodsire, M|\n|poke|p1|Corviknight, M|\n|poke|p1|Spidops, M|\n|poke|p1|Dondozo, F|\n|poke|p2|Crawdaunt, F|\n|poke|p2|Heatran, F|\n|poke|p2|Iron Hands|\n|poke|p2|Iron Bundle|\n|poke|p2|Landorus-Therian, M|\n|poke|p2|Rillaboom, F|\n|teampreview\n|inactive|Battle timer is ON: inactive players will automatically lose when time's up. (requested by arty222)\n|inactiveoff|Battle timer is now OFF.\n|\n|t:|1699130589\n|start\n|switch|p1a: Spidops|Spidops, M|100\/100\n|switch|p2a: Calrissianiswe|Landorus-Therian, M|100\/100\n|-ability|p2a: Calrissianiswe|Intimidate|boost\n|-unboost|p1a: Spidops|atk|1\n|turn|1\n|\n|t:|1699130613\n|move|p2a: Calrissianiswe|Fly||[still]\n|-prepare|p2a: Calrissianiswe|Fly\n|move|p1a: Spidops|Sticky Web|p2a: Calrissianiswe\n|-sidestart|p2: blakjac|move: Sticky Web\n|\n|upkeep\n|turn|2\n|\n|t:|1699130620\n|move|p2a: Calrissianiswe|Fly|p1a: Spidops|[from]lockedmove\n|-supereffective|p1a: Spidops\n|-damage|p1a: Spidops|8\/100\n|move|p1a: Spidops|Spikes|p2a: Calrissianiswe\n|-sidestart|p2: blakjac|Spikes\n|\n|upkeep\n|turn|3\n|\n|t:|1699130666\n|move|p2a: Calrissianiswe|Fly||[still]\n|-prepare|p2a: Calrissianiswe|Fly\n|move|p1a: Spidops|Spikes|p2a: Calrissianiswe\n|-sidestart|p2: blakjac|Spikes\n|\n|upkeep\n|turn|4\n|\n|t:|1699130671\n|move|p2a: Calrissianiswe|Fly|p1a: Spidops|[from]lockedmove\n|-supereffective|p1a: Spidops\n|-damage|p1a: Spidops|0 fnt\n|faint|p1a: Spidops\n|\n|upkeep\n|\n|t:|1699130676\n|switch|p1a: Dondozo|Dondozo, F|100\/100\n|turn|5\n|\n|t:|1699130685\n|move|p2a: Calrissianiswe|Fly||[still]\n|-prepare|p2a: Calrissianiswe|Fly\n|move|p1a: Dondozo|Liquidation|p2a: Calrissianiswe|[miss]\n|-miss|p1a: Dondozo|p2a: Calrissianiswe\n|\n|upkeep\n|turn|6\n|\n|t:|1699130694\n|move|p2a: Calrissianiswe|Fly|p1a: Dondozo|[from]lockedmove\n|-damage|p1a: Dondozo|72\/100\n|move|p1a: Dondozo|Liquidation|p2a: Calrissianiswe\n|-supereffective|p2a: Calrissianiswe\n|-damage|p2a: Calrissianiswe|34\/100\n|\n|-heal|p1a: Dondozo|78\/100|[from] item: Leftovers\n|upkeep\n|turn|7\n|\n|t:|1699130754\n|switch|p2a: Steel Fade|Iron Hands|100\/100\n|-activate|p2a: Steel Fade|move: Sticky Web\n|-unboost|p2a: Steel Fade|spe|1\n|-damage|p2a: Steel Fade|84\/100|[from] Spikes\n|-enditem|p2a: Steel Fade|Booster Energy\n|-activate|p2a: Steel Fade|ability: Quark Drive|[fromitem]\n|-start|p2a: Steel Fade|quarkdriveatk\n|move|p1a: Dondozo|Liquidation|p2a: Steel Fade\n|-damage|p2a: Steel Fade|66\/100\n|\n|-heal|p1a: Dondozo|84\/100|[from] item: Leftovers\n|upkeep\n|turn|8\n|\n|t:|1699130778\n|switch|p1a: Clodsire|Clodsire, M|100\/100\n|move|p2a: Steel Fade|Thunder Punch|p1a: Clodsire\n|-immune|p1a: Clodsire\n|\n|upkeep\n|turn|9\n|\n|t:|1699130799\n|move|p2a: Steel Fade|Swords Dance|p2a: Steel Fade\n|-boost|p2a: Steel Fade|atk|2\n|move|p1a: Clodsire|Toxic Spikes|p2a: Steel Fade\n|-sidestart|p2: blakjac|move: Toxic Spikes\n|\n|upkeep\n|turn|10\n|\n|t:|1699130841\n|move|p2a: Steel Fade|Drain Punch|p1a: Clodsire\n|-resisted|p1a: Clodsire\n|-damage|p1a: Clodsire|52\/100\n|-heal|p2a: Steel Fade|89\/100|[from] drain|[of] p1a: Clodsire\n|move|p1a: Clodsire|Earthquake|p2a: Steel Fade\n|-supereffective|p2a: Steel Fade\n|-damage|p2a: Steel Fade|39\/100\n|\n|-heal|p1a: Clodsire|58\/100|[from] item: Leftovers\n|upkeep\n|turn|11\n|\n|t:|1699130856\n|switch|p1a: Dragapult|Dragapult, M|100\/100\n|move|p2a: Steel Fade|Drain Punch|p1a: Dragapult\n|-immune|p1a: Dragapult\n|\n|upkeep\n|turn|12\n|\n|t:|1699130910\n|move|p1a: Dragapult|Draco Meteor|p2a: Steel Fade\n|-damage|p2a: Steel Fade|0 fnt\n|-unboost|p1a: Dragapult|spa|2\n|faint|p2a: Steel Fade\n|-end|p2a: Steel Fade|Quark Drive|[silent]\n|\n|upkeep\n|\n|t:|1699130930\n|switch|p2a: Smallbrookbang|Rillaboom, F|100\/100\n|-activate|p2a: Smallbrookbang|move: Sticky Web\n|-unboost|p2a: Smallbrookbang|spe|1\n|-damage|p2a: Smallbrookbang|84\/100|[from] Spikes\n|-status|p2a: Smallbrookbang|psn\n|-fieldstart|move: Grassy Terrain|[from] ability: Grassy Surge|[of] p2a: Smallbrookbang\n|turn|13\n|\n|t:|1699130962\n|switch|p1a: Corviknight|Corviknight, M|100\/100\n|move|p2a: Smallbrookbang|Grassy Glide|p1a: Corviknight\n|-resisted|p1a: Corviknight\n|-damage|p1a: Corviknight|92\/100\n|-damage|p2a: Smallbrookbang|74\/100 psn|[from] item: Life Orb\n|\n|-heal|p2a: Smallbrookbang|80\/100 psn|[from] Grassy Terrain\n|-heal|p1a: Corviknight|99\/100|[from] item: Leftovers\n|-damage|p2a: Smallbrookbang|68\/100 psn|[from] psn\n|upkeep\n|turn|14\n|\n|t:|1699131011\n|switch|p2a: Warmjog|Heatran, F|100\/100\n|-item|p2a: Warmjog|Air Balloon\n|move|p1a: Corviknight|Brave Bird|p2a: Warmjog\n|-resisted|p2a: Warmjog\n|-damage|p2a: Warmjog|86\/100\n|-enditem|p2a: Warmjog|Air Balloon\n|-damage|p1a: Corviknight|94\/100|[from] Recoil\n|\n|-heal|p2a: Warmjog|92\/100|[from] Grassy Terrain\n|-heal|p1a: Corviknight|99\/100|[from] item: Leftovers\n|upkeep\n|turn|15\n|\n|t:|1699131027\n|switch|p1a: Dondozo|Dondozo, F|84\/100\n|move|p2a: Warmjog|Taunt|p1a: Dondozo\n|-start|p1a: Dondozo|move: Taunt\n|\n|-heal|p2a: Warmjog|98\/100|[from] Grassy Terrain\n|-heal|p1a: Dondozo|90\/100|[from] Grassy Terrain\n|-heal|p1a: Dondozo|97\/100|[from] item: Leftovers\n|upkeep\n|turn|16\n|\n|t:|1699131049\n|move|p2a: Warmjog|Stealth Rock|p1a: Dondozo\n|-sidestart|p1: arty222|move: Stealth Rock\n|move|p1a: Dondozo|Earthquake|p2a: Warmjog\n|-supereffective|p2a: Warmjog\n|-crit|p2a: Warmjog\n|-damage|p2a: Warmjog|44\/100\n|\n|-heal|p2a: Warmjog|50\/100|[from] Grassy Terrain\n|-heal|p1a: Dondozo|100\/100|[from] Grassy Terrain\n|upkeep\n|turn|17\n|\n|t:|1699131087\n|switch|p2a: Calrissianiswe|Landorus-Therian, M|34\/100\n|-ability|p2a: Calrissianiswe|Intimidate|boost\n|-unboost|p1a: Dondozo|atk|1\n|move|p1a: Dondozo|Liquidation|p2a: Calrissianiswe\n|-supereffective|p2a: Calrissianiswe\n|-damage|p2a: Calrissianiswe|0 fnt\n|faint|p2a: Calrissianiswe\n|\n|-end|p1a: Dondozo|move: Taunt\n|-fieldend|move: Grassy Terrain\n|upkeep\n|\n|t:|1699131103\n|switch|p2a: Tumtumshook|Crawdaunt, F|100\/100\n|-activate|p2a: Tumtumshook|move: Sticky Web\n|-unboost|p2a: Tumtumshook|spe|1\n|-damage|p2a: Tumtumshook|84\/100|[from] Spikes\n|-status|p2a: Tumtumshook|psn\n|turn|18\n|\n|t:|1699131119\n|-terastallize|p2a: Tumtumshook|Water\n|move|p2a: Tumtumshook|Aqua Jet|p1a: Dondozo\n|-resisted|p1a: Dondozo\n|-damage|p1a: Dondozo|86\/100\n|move|p1a: Dondozo|Earthquake|p2a: Tumtumshook\n|-damage|p2a: Tumtumshook|62\/100 psn\n|\n|-heal|p1a: Dondozo|92\/100|[from] item: Leftovers\n|-damage|p2a: Tumtumshook|49\/100 psn|[from] psn\n|upkeep\n|turn|19\n|\n|t:|1699131131\n|move|p2a: Tumtumshook|Aqua Jet|p1a: Dondozo\n|-resisted|p1a: Dondozo\n|-damage|p1a: Dondozo|78\/100\n|move|p1a: Dondozo|Earthquake|p2a: Tumtumshook\n|-damage|p2a: Tumtumshook|28\/100 psn\n|\n|-heal|p1a: Dondozo|84\/100|[from] item: Leftovers\n|-damage|p2a: Tumtumshook|16\/100 psn|[from] psn\n|upkeep\n|turn|20\n|\n|t:|1699131147\n|switch|p2a: Smallbrookbang|Rillaboom, F|68\/100 psn\n|-activate|p2a: Smallbrookbang|move: Sticky Web\n|-unboost|p2a: Smallbrookbang|spe|1\n|-damage|p2a: Smallbrookbang|52\/100 psn|[from] Spikes\n|-fieldstart|move: Grassy Terrain|[from] ability: Grassy Surge|[of] p2a: Smallbrookbang\n|move|p1a: Dondozo|Earthquake|p2a: Smallbrookbang\n|-resisted|p2a: Smallbrookbang\n|-damage|p2a: Smallbrookbang|47\/100 psn\n|\n|-heal|p2a: Smallbrookbang|53\/100 psn|[from] Grassy Terrain\n|-heal|p1a: Dondozo|90\/100|[from] Grassy Terrain\n|-heal|p1a: Dondozo|97\/100|[from] item: Leftovers\n|-damage|p2a: Smallbrookbang|41\/100 psn|[from] psn\n|upkeep\n|turn|21\n|\n|t:|1699131166\n|switch|p1a: Corviknight|Corviknight, M|99\/100\n|-damage|p1a: Corviknight|88\/100|[from] Stealth Rock\n|move|p2a: Smallbrookbang|Grassy Glide|p1a: Corviknight\n|-resisted|p1a: Corviknight\n|-damage|p1a: Corviknight|79\/100\n|-damage|p2a: Smallbrookbang|31\/100 psn|[from] item: Life Orb\n|\n|-heal|p2a: Smallbrookbang|37\/100 psn|[from] Grassy Terrain\n|-heal|p1a: Corviknight|85\/100|[from] item: Leftovers\n|-damage|p2a: Smallbrookbang|25\/100 psn|[from] psn\n|upkeep\n|turn|22\n|\n|t:|1699131202\n|switch|p2a: Rigid Bandz|Iron Bundle|100\/100\n|move|p1a: Corviknight|Brave Bird|p2a: Rigid Bandz\n|-damage|p2a: Rigid Bandz|54\/100\n|-damage|p1a: Corviknight|76\/100|[from] Recoil\n|\n|-heal|p2a: Rigid Bandz|60\/100|[from] Grassy Terrain\n|-heal|p1a: Corviknight|82\/100|[from] item: Leftovers\n|upkeep\n|turn|23\n|\n|t:|1699131259\n|move|p2a: Rigid Bandz|Ice Beam|p1a: Corviknight\n|-damage|p1a: Corviknight|39\/100\n|move|p1a: Corviknight|Brave Bird|p2a: Rigid Bandz\n|-damage|p2a: Rigid Bandz|19\/100\n|-damage|p1a: Corviknight|30\/100|[from] Recoil\n|\n|-heal|p2a: Rigid Bandz|25\/100|[from] Grassy Terrain\n|-heal|p1a: Corviknight|37\/100|[from] item: Leftovers\n|upkeep\n|turn|24\n|\n|t:|1699131279\n|switch|p1a: Dondozo|Dondozo, F|97\/100\n|-damage|p1a: Dondozo|84\/100|[from] Stealth Rock\n|move|p2a: Rigid Bandz|Ice Beam|p1a: Dondozo\n|-resisted|p1a: Dondozo\n|-damage|p1a: Dondozo|69\/100\n|\n|-heal|p2a: Rigid Bandz|31\/100|[from] Grassy Terrain\n|-heal|p1a: Dondozo|75\/100|[from] Grassy Terrain\n|-heal|p1a: Dondozo|81\/100|[from] item: Leftovers\n|-fieldend|move: Grassy Terrain\n|upkeep\n|turn|25\n|\n|t:|1699131314\n|-end|p2a: Rigid Bandz|Quark Drive|[silent]\n|switch|p2a: Smallbrookbang|Rillaboom, F|25\/100 psn\n|-activate|p2a: Smallbrookbang|move: Sticky Web\n|-unboost|p2a: Smallbrookbang|spe|1\n|-damage|p2a: Smallbrookbang|8\/100 psn|[from] Spikes\n|-fieldstart|move: Grassy Terrain|[from] ability: Grassy Surge|[of] p2a: Smallbrookbang\n|move|p1a: Dondozo|Earthquake|p2a: Smallbrookbang\n|-resisted|p2a: Smallbrookbang\n|-crit|p2a: Smallbrookbang\n|-damage|p2a: Smallbrookbang|0 fnt\n|faint|p2a: Smallbrookbang\n|\n|-heal|p1a: Dondozo|88\/100|[from] Grassy Terrain\n|-heal|p1a: Dondozo|94\/100|[from] item: Leftovers\n|upkeep\n|\n|t:|1699131410\n|switch|p2a: Rigid Bandz|Iron Bundle|31\/100\n|turn|26\n|\n|t:|1699131416\n|move|p2a: Rigid Bandz|Freeze-Dry|p1a: Dondozo\n|-supereffective|p1a: Dondozo\n|-damage|p1a: Dondozo|45\/100\n|move|p1a: Dondozo|Earthquake|p2a: Rigid Bandz\n|-damage|p2a: Rigid Bandz|16\/100\n|\n|-heal|p2a: Rigid Bandz|22\/100|[from] Grassy Terrain\n|-heal|p1a: Dondozo|51\/100|[from] Grassy Terrain\n|-heal|p1a: Dondozo|57\/100|[from] item: Leftovers\n|upkeep\n|turn|27\n|\n|t:|1699131450\n|-end|p2a: Rigid Bandz|Quark Drive|[silent]\n|switch|p2a: Warmjog|Heatran, F|50\/100\n|-activate|p2a: Warmjog|move: Sticky Web\n|-unboost|p2a: Warmjog|spe|1\n|-damage|p2a: Warmjog|34\/100|[from] Spikes\n|move|p1a: Dondozo|Rest|p1a: Dondozo\n|-status|p1a: Dondozo|slp|[from] move: Rest\n|-heal|p1a: Dondozo|100\/100 slp|[silent]\n|\n|-heal|p2a: Warmjog|40\/100|[from] Grassy Terrain\n|upkeep\n|turn|28\n|\n|t:|1699131514\n|switch|p2a: Rigid Bandz|Iron Bundle|22\/100\n|cant|p1a: Dondozo|slp\n|move|p1a: Dondozo|Sleep Talk|p1a: Dondozo\n|move|p1a: Dondozo|Liquidation|p2a: Rigid Bandz|[from]move: Sleep Talk\n|-resisted|p2a: Rigid Bandz\n|-damage|p2a: Rigid Bandz|3\/100\n|\n|-heal|p2a: Rigid Bandz|9\/100|[from] Grassy Terrain\n|upkeep\n|turn|29\n|\n|t:|1699131539\n|move|p2a: Rigid Bandz|Freeze-Dry|p1a: Dondozo\n|-supereffective|p1a: Dondozo\n|-damage|p1a: Dondozo|52\/100 slp\n|cant|p1a: Dondozo|slp\n|move|p1a: Dondozo|Sleep Talk|p1a: Dondozo\n|move|p1a: Dondozo|Earthquake|p2a: Rigid Bandz|[from]move: Sleep Talk\n|-damage|p2a: Rigid Bandz|0 fnt\n|faint|p2a: Rigid Bandz\n|-end|p2a: Rigid Bandz|Quark Drive|[silent]\n|\n|-heal|p1a: Dondozo|59\/100 slp|[from] Grassy Terrain\n|-heal|p1a: Dondozo|65\/100 slp|[from] item: Leftovers\n|-fieldend|move: Grassy Terrain\n|upkeep\n|\n|t:|1699131569\n|switch|p2a: Tumtumshook|Crawdaunt, F, tera:Water|16\/100 psn\n|-activate|p2a: Tumtumshook|move: Sticky Web\n|-unboost|p2a: Tumtumshook|spe|1\n|-damage|p2a: Tumtumshook|0 fnt|[from] Spikes\n|faint|p2a: Tumtumshook\n|\n|t:|1699131588\n|switch|p2a: Warmjog|Heatran, F|40\/100\n|-activate|p2a: Warmjog|move: Sticky Web\n|-unboost|p2a: Warmjog|spe|1\n|-damage|p2a: Warmjog|24\/100|[from] Spikes\n|turn|30\n|\n|t:|1699131606\n|move|p2a: Warmjog|Stealth Rock||[still]\n|-fail|p2a: Warmjog\n|-curestatus|p1a: Dondozo|slp|[msg]\n|move|p1a: Dondozo|Earthquake|p2a: Warmjog\n|-supereffective|p2a: Warmjog\n|-damage|p2a: Warmjog|0 fnt\n|faint|p2a: Warmjog\n|\n|win|arty222\n","uploadtime":1699131638,"views":36,"p1id":"arty222","p2id":"blakjac","formatid":"gen9ubers","rating":0,"private":0,"password":""}