{"id":"gen9ubers-1987856118","p1":"Paty Swift","p2":"pablou_st123","format":"[Gen 9] Ubers","log":"|j|\u2606Paty Swift\n|j|\u2606pablou_st123\n|t:|1699643133\n|gametype|singles\n|player|p1|Paty Swift|lass-gen4dp|\n|player|p2|pablou_st123|steven|\n|teamsize|p1|6\n|teamsize|p2|6\n|gen|9\n|tier|[Gen 9] Ubers\n|rule|Sleep Clause Mod: Limit one foe put to sleep\n|rule|Species Clause: Limit one of each Pok\u00e9mon\n|rule|OHKO Clause: OHKO moves are banned\n|rule|Evasion Items Clause: Evasion items are banned\n|rule|Evasion Moves Clause: Evasion moves are banned\n|rule|Endless Battle Clause: Forcing endless battles is banned\n|rule|HP Percentage Mod: HP is shown in percentages\n|clearpoke\n|poke|p1|Arceus-Dark|\n|poke|p1|Kingambit, F|\n|poke|p1|Chien-Pao|\n|poke|p1|Urshifu-*, F|\n|poke|p1|Moltres-Galar|\n|poke|p1|Grimmsnarl, M|\n|poke|p2|Urshifu-*, M|\n|poke|p2|Pelipper, M|\n|poke|p2|Palafin, F|\n|poke|p2|Ogerpon-Wellspring, F|\n|poke|p2|Iron Bundle|\n|poke|p2|Toxapex, F|\n|teampreview\n|c|\u2606Paty Swift|Suerte\n|inactive|Battle timer is ON: inactive players will automatically lose when time's up. (requested by Paty Swift)\n|\n|t:|1699643168\n|start\n|switch|p1a: Grimmsnarl|Grimmsnarl, M|100\/100\n|switch|p2a: Peeko|Pelipper, M|100\/100\n|-weather|RainDance|[from] ability: Drizzle|[of] p2a: Peeko\n|turn|1\n|j| AzaZelZel\n|c| AzaZelZel|vamos gloria\n|c|\u2606pablou_st123|Suerteee\n|\n|t:|1699643187\n|move|p1a: Grimmsnarl|Light Screen|p1a: Grimmsnarl\n|-sidestart|p1: Paty Swift|move: Light Screen\n|move|p2a: Peeko|Tailwind|p2a: Peeko\n|-sidestart|p2: pablou_st123|move: Tailwind\n|\n|-weather|RainDance|[upkeep]\n|upkeep\n|turn|2\n|\n|t:|1699643195\n|move|p1a: Grimmsnarl|Reflect|p1a: Grimmsnarl\n|-sidestart|p1: Paty Swift|Reflect\n|move|p2a: Peeko|U-turn|p1a: Grimmsnarl\n|-damage|p1a: Grimmsnarl|97\/100\n|\n|t:|1699643200\n|switch|p2a: Thank You|Toxapex, F|100\/100|[from] U-turn\n|\n|-weather|RainDance|[upkeep]\n|upkeep\n|turn|3\n|\n|t:|1699643208\n|move|p1a: Grimmsnarl|Parting Shot|p2a: Thank You\n|-unboost|p2a: Thank You|atk|1\n|-unboost|p2a: Thank You|spa|1\n|\n|t:|1699643210\n|switch|p1a: Kingambit|Kingambit, F|100\/100|[from] Parting Shot\n|move|p2a: Thank You|Toxic Spikes|p1a: Kingambit\n|-sidestart|p1: Paty Swift|move: Toxic Spikes\n|\n|-weather|RainDance|[upkeep]\n|upkeep\n|turn|4\n|\n|t:|1699643221\n|move|p2a: Thank You|Chilling Water|p1a: Kingambit\n|-damage|p1a: Kingambit|95\/100\n|-unboost|p1a: Kingambit|atk|1\n|move|p1a: Kingambit|Swords Dance|p1a: Kingambit\n|-boost|p1a: Kingambit|atk|2\n|\n|-weather|RainDance|[upkeep]\n|-heal|p1a: Kingambit|100\/100|[from] item: Leftovers\n|-sideend|p2: pablou_st123|move: Tailwind\n|upkeep\n|turn|5\n|\n|t:|1699643226\n|move|p1a: Kingambit|Kowtow Cleave|p2a: Thank You\n|-damage|p2a: Thank You|55\/100\n|move|p2a: Thank You|Chilling Water|p1a: Kingambit\n|-damage|p1a: Kingambit|95\/100\n|-unboost|p1a: Kingambit|atk|1\n|\n|-weather|RainDance|[upkeep]\n|-heal|p1a: Kingambit|100\/100|[from] item: Leftovers\n|-heal|p2a: Thank You|61\/100|[from] item: Leftovers\n|upkeep\n|turn|6\n|\n|t:|1699643233\n|switch|p2a: Peeko|Pelipper, M|100\/100\n|move|p1a: Kingambit|Swords Dance|p1a: Kingambit\n|-boost|p1a: Kingambit|atk|2\n|\n|-weather|RainDance|[upkeep]\n|upkeep\n|turn|7\n|\n|t:|1699643238\n|move|p2a: Peeko|Tailwind|p2a: Peeko\n|-sidestart|p2: pablou_st123|move: Tailwind\n|move|p1a: Kingambit|Kowtow Cleave|p2a: Peeko\n|-damage|p2a: Peeko|0 fnt\n|faint|p2a: Peeko\n|\n|-weather|RainDance|[upkeep]\n|upkeep\n|\n|t:|1699643247\n|switch|p2a: SS Gloria|Urshifu-Rapid-Strike, M|100\/100\n|turn|8\n|\n|t:|1699643263\n|-end|p1a: Kingambit|fallenundefined|[silent]\n|switch|p1a: Arceus|Arceus-Dark|100\/100\n|-status|p1a: Arceus|psn\n|move|p2a: SS Gloria|Close Combat|p1a: Arceus\n|-supereffective|p1a: Arceus\n|-damage|p1a: Arceus|58\/100 psn\n|-unboost|p2a: SS Gloria|def|1\n|-unboost|p2a: SS Gloria|spd|1\n|\n|-weather|none\n|-damage|p1a: Arceus|46\/100 psn|[from] psn\n|-sideend|p1: Paty Swift|move: Light Screen\n|upkeep\n|turn|9\n|\n|t:|1699643274\n|switch|p2a: Thank You|Toxapex, F|95\/100\n|move|p1a: Arceus|Judgment|p2a: Thank You\n|-damage|p2a: Thank You|56\/100\n|\n|-heal|p2a: Thank You|62\/100|[from] item: Leftovers\n|-damage|p1a: Arceus|33\/100 psn|[from] psn\n|-sideend|p1: Paty Swift|Reflect\n|upkeep\n|turn|10\n|\n|t:|1699643280\n|move|p1a: Arceus|Recover|p1a: Arceus\n|-heal|p1a: Arceus|83\/100 psn\n|move|p2a: Thank You|Recover|p2a: Thank You\n|-heal|p2a: Thank You|100\/100\n|\n|-damage|p1a: Arceus|71\/100 psn|[from] psn\n|-sideend|p2: pablou_st123|move: Tailwind\n|upkeep\n|turn|11\n|\n|t:|1699643291\n|move|p1a: Arceus|Calm Mind|p1a: Arceus\n|-boost|p1a: Arceus|spa|1\n|-boost|p1a: Arceus|spd|1\n|move|p2a: Thank You|Toxic Spikes|p1a: Arceus\n|-sidestart|p1: Paty Swift|move: Toxic Spikes\n|\n|-damage|p1a: Arceus|58\/100 psn|[from] psn\n|upkeep\n|turn|12\n|\n|t:|1699643303\n|move|p1a: Arceus|Judgment|p2a: Thank You\n|-damage|p2a: Thank You|45\/100\n|move|p2a: Thank You|Toxic||[still]\n|-fail|p2a: Thank You\n|\n|-heal|p2a: Thank You|51\/100|[from] item: Leftovers\n|-damage|p1a: Arceus|46\/100 psn|[from] psn\n|upkeep\n|turn|13\n|\n|t:|1699643310\n|move|p1a: Arceus|Recover|p1a: Arceus\n|-heal|p1a: Arceus|96\/100 psn\n|move|p2a: Thank You|Recover|p2a: Thank You\n|-heal|p2a: Thank You|100\/100\n|\n|-damage|p1a: Arceus|84\/100 psn|[from] psn\n|upkeep\n|turn|14\n|\n|t:|1699643330\n|move|p1a: Arceus|Calm Mind|p1a: Arceus\n|-boost|p1a: Arceus|spa|1\n|-boost|p1a: Arceus|spd|1\n|move|p2a: Thank You|Recover||[still]\n|-fail|p2a: Thank You|heal\n|\n|-damage|p1a: Arceus|71\/100 psn|[from] psn\n|upkeep\n|turn|15\n|\n|t:|1699643335\n|move|p1a: Arceus|Judgment|p2a: Thank You\n|-damage|p2a: Thank You|20\/100\n|move|p2a: Thank You|Recover|p2a: Thank You\n|-heal|p2a: Thank You|70\/100\n|\n|-heal|p2a: Thank You|76\/100|[from] item: Leftovers\n|-damage|p1a: Arceus|59\/100 psn|[from] psn\n|upkeep\n|turn|16\n|\n|t:|1699643345\n|move|p1a: Arceus|Calm Mind|p1a: Arceus\n|-boost|p1a: Arceus|spa|1\n|-boost|p1a: Arceus|spd|1\n|move|p2a: Thank You|Recover|p2a: Thank You\n|-heal|p2a: Thank You|100\/100\n|\n|-damage|p1a: Arceus|46\/100 psn|[from] psn\n|upkeep\n|turn|17\n|\n|t:|1699643350\n|switch|p2a: Paladelf\u00edn|Palafin, F|100\/100\n|move|p1a: Arceus|Recover|p1a: Arceus\n|-heal|p1a: Arceus|96\/100 psn\n|\n|-damage|p1a: Arceus|84\/100 psn|[from] psn\n|upkeep\n|turn|18\n|\n|t:|1699643363\n|detailschange|p2a: Paladelf\u00edn|Palafin-Hero, F\n|switch|p2a: Thank You|Toxapex, F|100\/100\n|move|p1a: Arceus|Judgment|p2a: Thank You\n|-damage|p2a: Thank You|1\/100\n|\n|-heal|p2a: Thank You|8\/100|[from] item: Leftovers\n|-damage|p1a: Arceus|72\/100 psn|[from] psn\n|upkeep\n|turn|19\n|inactive|Paty Swift has 270 seconds left.\n|\n|t:|1699643399\n|move|p1a: Arceus|Calm Mind|p1a: Arceus\n|-boost|p1a: Arceus|spa|1\n|-boost|p1a: Arceus|spd|1\n|move|p2a: Thank You|Chilling Water|p1a: Arceus\n|-damage|p1a: Arceus|69\/100 psn\n|-unboost|p1a: Arceus|atk|1\n|\n|-heal|p2a: Thank You|14\/100|[from] item: Leftovers\n|-damage|p1a: Arceus|57\/100 psn|[from] psn\n|upkeep\n|turn|20\n|inactive|Paty Swift has 270 seconds left.\n|\n|t:|1699643410\n|move|p1a: Arceus|Recover|p1a: Arceus\n|-heal|p1a: Arceus|100\/100 psn\n|move|p2a: Thank You|Recover|p2a: Thank You\n|-heal|p2a: Thank You|64\/100\n|\n|-heal|p2a: Thank You|70\/100|[from] item: Leftovers\n|-damage|p1a: Arceus|88\/100 psn|[from] psn\n|upkeep\n|turn|21\n|\n|t:|1699643418\n|move|p1a: Arceus|Calm Mind|p1a: Arceus\n|-boost|p1a: Arceus|spa|1\n|-boost|p1a: Arceus|spd|1\n|move|p2a: Thank You|Recover|p2a: Thank You\n|-heal|p2a: Thank You|100\/100\n|\n|-damage|p1a: Arceus|76\/100 psn|[from] psn\n|upkeep\n|turn|22\n|\n|t:|1699643427\n|move|p1a: Arceus|Judgment|p2a: Thank You\n|-damage|p2a: Thank You|0 fnt\n|faint|p2a: Thank You\n|\n|-damage|p1a: Arceus|63\/100 psn|[from] psn\n|upkeep\n|\n|t:|1699643438\n|switch|p2a: Paladelf\u00edn|Palafin-Hero, F|100\/100\n|-activate|p2a: Paladelf\u00edn|ability: Zero to Hero\n|turn|23\n|\n|t:|1699643464\n|-terastallize|p2a: Paladelf\u00edn|Water\n|move|p2a: Paladelf\u00edn|Jet Punch|p1a: Arceus\n|-damage|p1a: Arceus|28\/100 psn\n|move|p1a: Arceus|Judgment|p2a: Paladelf\u00edn\n|-damage|p2a: Paladelf\u00edn|0 fnt\n|faint|p2a: Paladelf\u00edn\n|\n|-damage|p1a: Arceus|15\/100 psn|[from] psn\n|upkeep\n|inactive|pablou_st123 has 270 seconds left.\n|\n|t:|1699643481\n|switch|p2a: SS Gloria|Urshifu-Rapid-Strike, M|100\/100\n|turn|24\n|\n|t:|1699643489\n|move|p2a: SS Gloria|Aqua Jet|p1a: Arceus\n|-damage|p1a: Arceus|2\/100 psn\n|move|p1a: Arceus|Judgment|p2a: SS Gloria\n|-resisted|p2a: SS Gloria\n|-damage|p2a: SS Gloria|21\/100\n|\n|-damage|p1a: Arceus|0 fnt|[from] psn\n|faint|p1a: Arceus\n|upkeep\n|\n|t:|1699643506\n|switch|p1a: Urshifu|Urshifu, F|100\/100\n|-status|p1a: Urshifu|tox\n|turn|25\n|inactive|pablou_st123 has 270 seconds left.\n|\n|t:|1699643538\n|move|p1a: Urshifu|Close Combat|p2a: SS Gloria\n|-damage|p2a: SS Gloria|0 fnt\n|-unboost|p1a: Urshifu|def|1\n|-unboost|p1a: Urshifu|spd|1\n|faint|p2a: SS Gloria\n|\n|-damage|p1a: Urshifu|94\/100 tox|[from] psn\n|upkeep\n|\n|t:|1699643548\n|switch|p2a: \ud83c\udfad|Ogerpon-Wellspring, F|100\/100\n|turn|26\n|\n|t:|1699643551\n|move|p2a: \ud83c\udfad|Spiky Shield|p2a: \ud83c\udfad\n|-singleturn|p2a: \ud83c\udfad|move: Protect\n|move|p1a: Urshifu|Close Combat|p2a: \ud83c\udfad\n|-damage|p2a: \ud83c\udfad|15\/100\n|-unboost|p1a: Urshifu|def|1\n|-unboost|p1a: Urshifu|spd|1\n|\n|-damage|p1a: Urshifu|82\/100 tox|[from] psn\n|upkeep\n|turn|27\n|inactive|pablou_st123 has 270 seconds left.\n|\n|t:|1699643562\n|move|p1a: Urshifu|Close Combat|p2a: \ud83c\udfad\n|-damage|p2a: \ud83c\udfad|0 fnt\n|-unboost|p1a: Urshifu|def|1\n|-unboost|p1a: Urshifu|spd|1\n|faint|p2a: \ud83c\udfad\n|\n|-damage|p1a: Urshifu|64\/100 tox|[from] psn\n|upkeep\n|\n|t:|1699643565\n|switch|p2a: Get IronBundle'd|Iron Bundle|100\/100\n|-enditem|p2a: Get IronBundle'd|Booster Energy\n|-activate|p2a: Get IronBundle'd|ability: Quark Drive|[fromitem]\n|-start|p2a: Get IronBundle'd|quarkdrivespa\n|turn|28\n|\n|t:|1699643567\n|move|p1a: Urshifu|Close Combat|p2a: Get IronBundle'd\n|-supereffective|p2a: Get IronBundle'd\n|-damage|p2a: Get IronBundle'd|0 fnt\n|-unboost|p1a: Urshifu|def|1\n|-unboost|p1a: Urshifu|spd|1\n|faint|p2a: Get IronBundle'd\n|-end|p2a: Get IronBundle'd|Quark Drive|[silent]\n|\n|win|Paty Swift\n","uploadtime":1699643571,"views":6,"p1id":"patyswift","p2id":"pabloust123","formatid":"gen9ubers","rating":0,"private":0,"password":""}