{"id":"gen9ubers-1969659259","p1":"LG4611","p2":"bfoto","format":"[Gen 9] Ubers","log":"|j|\u2606LG4611\n|j|\u2606bfoto\n|t:|1697555573\n|gametype|singles\n|player|p1|LG4611|ingo|1124\n|player|p2|bfoto|170|1226\n|teamsize|p1|6\n|teamsize|p2|6\n|gen|9\n|tier|[Gen 9] Ubers\n|rated|\n|rule|Sleep Clause Mod: Limit one foe put to sleep\n|rule|Species Clause: Limit one of each Pok\u00e9mon\n|rule|OHKO Clause: OHKO moves are banned\n|rule|Evasion Items Clause: Evasion items are banned\n|rule|Evasion Moves Clause: Evasion moves are banned\n|rule|Endless Battle Clause: Forcing endless battles is banned\n|rule|HP Percentage Mod: HP is shown in percentages\n|clearpoke\n|poke|p1|Ribombee, F|\n|poke|p1|Kleavor, F|\n|poke|p1|Scizor, M|\n|poke|p1|Empoleon, M|\n|poke|p1|Gholdengo|\n|poke|p1|Volcarona, F|\n|poke|p2|Miraidon|\n|poke|p2|Kyogre|\n|poke|p2|Eternatus|\n|poke|p2|Zacian-*|\n|poke|p2|Ditto|\n|poke|p2|Calyrex-Ice|\n|teampreview\n|\n|t:|1697555583\n|start\n|switch|p1a: Bumblebee|Ribombee, F|100\/100\n|switch|p2a: Miraidon|Miraidon|100\/100\n|-fieldstart|move: Electric Terrain|[from] ability: Hadron Engine|[of] p2a: Miraidon\n|turn|1\n|\n|t:|1697555590\n|switch|p2a: Ditto|Ditto|100\/100\n|-transform|p2a: Ditto|p1a: Bumblebee|[from] ability: Imposter\n|move|p1a: Bumblebee|Sticky Web|p2a: Ditto\n|-sidestart|p2: bfoto|move: Sticky Web\n|\n|upkeep\n|turn|2\n|\n|t:|1697555605\n|switch|p1a: Axera|Kleavor, F|100\/100\n|move|p2a: Ditto|Sticky Web|p1a: Axera\n|-sidestart|p1: LG4611|move: Sticky Web\n|\n|upkeep\n|turn|3\n|\n|t:|1697555612\n|switch|p2a: Kyogre|Kyogre, shiny|100\/100\n|-activate|p2a: Kyogre|move: Sticky Web\n|-unboost|p2a: Kyogre|spe|1\n|-weather|RainDance|[from] ability: Drizzle|[of] p2a: Kyogre\n|move|p1a: Axera|Stone Axe|p2a: Kyogre\n|-damage|p2a: Kyogre|53\/100\n|-sidestart|p2: bfoto|move: Stealth Rock\n|\n|-weather|RainDance|[upkeep]\n|upkeep\n|turn|4\n|\n|t:|1697555621\n|move|p1a: Axera|Trailblaze|p2a: Kyogre\n|-supereffective|p2a: Kyogre\n|-damage|p2a: Kyogre|19\/100\n|-boost|p1a: Axera|spe|1\n|move|p2a: Kyogre|Water Spout|p1a: Axera\n|-supereffective|p1a: Axera\n|-crit|p1a: Axera\n|-damage|p1a: Axera|2\/100\n|\n|-weather|RainDance|[upkeep]\n|upkeep\n|turn|5\n|\n|t:|1697555629\n|move|p1a: Axera|Close Combat|p2a: Kyogre\n|-damage|p2a: Kyogre|0 fnt\n|-unboost|p1a: Axera|def|1\n|-unboost|p1a: Axera|spd|1\n|faint|p2a: Kyogre\n|\n|-weather|RainDance|[upkeep]\n|-fieldend|move: Electric Terrain\n|upkeep\n|\n|t:|1697555633\n|switch|p2a: Calyrex|Calyrex-Ice|100\/100\n|-ability|p2a: Calyrex|As One\n|-ability|p2a: Calyrex|Unnerve\n|-activate|p2a: Calyrex|move: Sticky Web\n|-unboost|p2a: Calyrex|spe|1\n|-damage|p2a: Calyrex|76\/100|[from] Stealth Rock\n|turn|6\n|\n|t:|1697555645\n|move|p1a: Axera|Stone Axe|p2a: Calyrex\n|-supereffective|p2a: Calyrex\n|-damage|p2a: Calyrex|14\/100\n|move|p2a: Calyrex|Trick Room|p2a: Calyrex\n|-fieldstart|move: Trick Room|[of] p2a: Calyrex\n|\n|-weather|RainDance|[upkeep]\n|upkeep\n|turn|7\n|\n|t:|1697555654\n|move|p2a: Calyrex|Glacial Lance|p1a: Axera\n|-damage|p1a: Axera|0 fnt\n|faint|p1a: Axera\n|-ability|p2a: Calyrex|Chilling Neigh|boost\n|-boost|p2a: Calyrex|atk|1\n|\n|-weather|none\n|upkeep\n|\n|t:|1697555663\n|switch|p1a: King Dedede|Empoleon, M|100\/100\n|-activate|p1a: King Dedede|move: Sticky Web\n|-unboost|p1a: King Dedede|spe|1\n|-ability|p1a: King Dedede|Competitive|boost\n|-boost|p1a: King Dedede|spa|2\n|turn|8\n|\n|t:|1697555669\n|move|p1a: King Dedede|Surf|p2a: Calyrex\n|-damage|p2a: Calyrex|0 fnt\n|faint|p2a: Calyrex\n|\n|upkeep\n|\n|t:|1697555674\n|switch|p2a: Miraidon|Miraidon|100\/100\n|-activate|p2a: Miraidon|move: Sticky Web\n|-unboost|p2a: Miraidon|spe|1\n|-damage|p2a: Miraidon|88\/100|[from] Stealth Rock\n|-fieldstart|move: Electric Terrain|[from] ability: Hadron Engine|[of] p2a: Miraidon\n|turn|9\n|\n|t:|1697555681\n|move|p1a: King Dedede|Ice Beam|p2a: Miraidon\n|-supereffective|p2a: Miraidon\n|-damage|p2a: Miraidon|4\/100\n|move|p2a: Miraidon|Discharge|p1a: King Dedede\n|-supereffective|p1a: King Dedede\n|-damage|p1a: King Dedede|2\/100\n|\n|-heal|p1a: King Dedede|8\/100|[from] item: Leftovers\n|-heal|p2a: Miraidon|10\/100|[from] item: Leftovers\n|upkeep\n|turn|10\n|\n|t:|1697555689\n|move|p1a: King Dedede|Ice Beam|p2a: Miraidon\n|-supereffective|p2a: Miraidon\n|-damage|p2a: Miraidon|0 fnt\n|faint|p2a: Miraidon\n|\n|-heal|p1a: King Dedede|14\/100|[from] item: Leftovers\n|-fieldend|move: Trick Room\n|upkeep\n|\n|t:|1697555699\n|switch|p2a: Ditto|Ditto|100\/100\n|-activate|p2a: Ditto|move: Sticky Web\n|-unboost|p2a: Ditto|spe|1\n|-damage|p2a: Ditto|88\/100|[from] Stealth Rock\n|-transform|p2a: Ditto|p1a: King Dedede|[from] ability: Imposter\n|turn|11\n|\n|t:|1697555707\n|move|p2a: Ditto|Flip Turn|p1a: King Dedede\n|-resisted|p1a: King Dedede\n|-crit|p1a: King Dedede\n|-damage|p1a: King Dedede|1\/100\n|\n|t:|1697555720\n|switch|p2a: Eternatus|Eternatus, shiny|100\/100|[from] Flip Turn\n|-activate|p2a: Eternatus|move: Sticky Web\n|-unboost|p2a: Eternatus|spe|1\n|-damage|p2a: Eternatus|88\/100|[from] Stealth Rock\n|-ability|p2a: Eternatus|Pressure\n|move|p1a: King Dedede|Roost|p1a: King Dedede\n|-heal|p1a: King Dedede|51\/100\n|-singleturn|p1a: King Dedede|move: Roost\n|\n|-heal|p2a: Eternatus|94\/100|[from] item: Black Sludge\n|-heal|p1a: King Dedede|57\/100|[from] item: Leftovers\n|upkeep\n|turn|12\n|\n|t:|1697555732\n|move|p2a: Eternatus|Dynamax Cannon|p1a: King Dedede\n|-resisted|p1a: King Dedede\n|-damage|p1a: King Dedede|35\/100\n|move|p1a: King Dedede|Ice Beam|p2a: Eternatus\n|-supereffective|p2a: Eternatus\n|-damage|p2a: Eternatus|11\/100\n|\n|-heal|p2a: Eternatus|18\/100|[from] item: Black Sludge\n|-heal|p1a: King Dedede|41\/100|[from] item: Leftovers\n|upkeep\n|turn|13\n|\n|t:|1697555741\n|switch|p2a: Zacian|Zacian-Crowned, shiny|100\/100\n|-activate|p2a: Zacian|move: Sticky Web\n|-unboost|p2a: Zacian|spe|1\n|-damage|p2a: Zacian|94\/100|[from] Stealth Rock\n|-ability|p2a: Zacian|Intrepid Sword|boost\n|-boost|p2a: Zacian|atk|1\n|move|p1a: King Dedede|Ice Beam|p2a: Zacian\n|-resisted|p2a: Zacian\n|-damage|p2a: Zacian|71\/100\n|\n|-heal|p1a: King Dedede|48\/100|[from] item: Leftovers\n|-fieldend|move: Electric Terrain\n|upkeep\n|turn|14\n|\n|t:|1697555752\n|move|p2a: Zacian|Close Combat|p1a: King Dedede\n|-supereffective|p1a: King Dedede\n|-damage|p1a: King Dedede|0 fnt\n|-unboost|p2a: Zacian|def|1\n|-unboost|p2a: Zacian|spd|1\n|faint|p1a: King Dedede\n|\n|upkeep\n|\n|t:|1697555759\n|switch|p1a: StringCheese|Gholdengo|100\/100\n|-activate|p1a: StringCheese|move: Sticky Web\n|-unboost|p1a: StringCheese|spe|1\n|turn|15\n|\n|t:|1697555764\n|-terastallize|p2a: Zacian|Fairy\n|move|p2a: Zacian|Crunch|p1a: StringCheese\n|-supereffective|p1a: StringCheese\n|-damage|p1a: StringCheese|0 fnt\n|faint|p1a: StringCheese\n|\n|upkeep\n|\n|t:|1697555771\n|switch|p1a: Cliffjumper|Scizor, M|100\/100\n|-activate|p1a: Cliffjumper|move: Sticky Web\n|-unboost|p1a: Cliffjumper|spe|1\n|turn|16\n|\n|t:|1697555775\n|switch|p2a: Eternatus|Eternatus, shiny|18\/100\n|-activate|p2a: Eternatus|move: Sticky Web\n|-unboost|p2a: Eternatus|spe|1\n|-damage|p2a: Eternatus|5\/100|[from] Stealth Rock\n|-ability|p2a: Eternatus|Pressure\n|move|p1a: Cliffjumper|Swords Dance|p1a: Cliffjumper\n|-boost|p1a: Cliffjumper|atk|2\n|\n|-heal|p2a: Eternatus|11\/100|[from] item: Black Sludge\n|upkeep\n|turn|17\n|\n|t:|1697555787\n|move|p1a: Cliffjumper|Bullet Punch|p2a: Eternatus\n|-damage|p2a: Eternatus|0 fnt\n|faint|p2a: Eternatus\n|\n|upkeep\n|\n|t:|1697555789\n|switch|p2a: Ditto|Ditto|88\/100\n|-activate|p2a: Ditto|move: Sticky Web\n|-unboost|p2a: Ditto|spe|1\n|-damage|p2a: Ditto|76\/100|[from] Stealth Rock\n|-transform|p2a: Ditto|p1a: Cliffjumper|[from] ability: Imposter\n|turn|18\n|\n|t:|1697555797\n|move|p2a: Ditto|Knock Off|p1a: Cliffjumper\n|-damage|p1a: Cliffjumper|14\/100\n|-enditem|p1a: Cliffjumper|Mirror Herb|[from] move: Knock Off|[of] p2a: Ditto\n|move|p1a: Cliffjumper|Knock Off|p2a: Ditto\n|-damage|p2a: Ditto|0 fnt\n|-enditem|p2a: Ditto|Choice Scarf|[from] move: Knock Off|[of] p1a: Cliffjumper\n|faint|p2a: Ditto\n|\n|upkeep\n|\n|t:|1697555800\n|switch|p2a: Zacian|Zacian-Crowned, shiny, tera:Fairy|71\/100\n|-activate|p2a: Zacian|move: Sticky Web\n|-unboost|p2a: Zacian|spe|1\n|-damage|p2a: Zacian|59\/100|[from] Stealth Rock\n|turn|19\n|\n|t:|1697555808\n|move|p1a: Cliffjumper|Bullet Punch|p2a: Zacian\n|-supereffective|p2a: Zacian\n|-damage|p2a: Zacian|0 fnt\n|faint|p2a: Zacian\n|\n|win|LG4611\n|raw|LG4611's rating: 1124 &rarr; <strong>1156<\/strong><br \/>(+32 for winning)\n|raw|bfoto's rating: 1226 &rarr; <strong>1194<\/strong><br \/>(-32 for losing)\n|l|\u2606bfoto\n","uploadtime":1697555826,"views":17,"p1id":"lg4611","p2id":"bfoto","formatid":"gen9ubers","rating":1156,"private":0,"password":""}