{"id":"gen9ubers-1978406701","p1":"IKONIKFUNTIME21","p2":"fortniute2","format":"[Gen 9] Ubers","log":"|j|\u2606IKONIKFUNTIME21\n|j|\u2606fortniute2\n|t:|1698534910\n|gametype|singles\n|player|p1|IKONIKFUNTIME21|265|\n|player|p2|fortniute2|brock|\n|teamsize|p1|6\n|teamsize|p2|6\n|gen|9\n|tier|[Gen 9] Ubers\n|rule|Sleep Clause Mod: Limit one foe put to sleep\n|rule|Species Clause: Limit one of each Pok\u00e9mon\n|rule|OHKO Clause: OHKO moves are banned\n|rule|Evasion Items Clause: Evasion items are banned\n|rule|Evasion Moves Clause: Evasion moves are banned\n|rule|Endless Battle Clause: Forcing endless battles is banned\n|rule|HP Percentage Mod: HP is shown in percentages\n|clearpoke\n|poke|p1|Chien-Pao|\n|poke|p1|Quaquaval, F|\n|poke|p1|Amoonguss, F|\n|poke|p1|Iron Treads|\n|poke|p1|Tyranitar, M|\n|poke|p1|Gholdengo|\n|poke|p2|Pelipper, M|\n|poke|p2|Lycanroc-Dusk, M|\n|poke|p2|Kommo-o, M|\n|poke|p2|Meowscarada, M|\n|poke|p2|Blissey, F|\n|poke|p2|Mimikyu, M|\n|teampreview\n|j| Gyatu\n|j| chiroenz\n|\n|t:|1698534921\n|start\n|switch|p1a: Chien-Pao|Chien-Pao|100\/100\n|switch|p2a: floor|Lycanroc-Dusk, M, shiny|100\/100\n|-ability|p1a: Chien-Pao|Sword of Ruin\n|turn|1\n|\n|t:|1698534944\n|move|p1a: Chien-Pao|Sacred Sword|p2a: floor\n|-supereffective|p2a: floor\n|-damage|p2a: floor|0 fnt\n|faint|p2a: floor\n|\n|upkeep\n|c| chiroenz|yall are ass\n|c| Gyatu|your banned\n|\n|t:|1698534961\n|switch|p2a: fart|Kommo-o, M, shiny|100\/100\n|turn|2\n|\n|t:|1698534973\n|move|p1a: Chien-Pao|Ice Spinner|p2a: fart\n|-supereffective|p2a: fart\n|-damage|p2a: fart|0 fnt\n|faint|p2a: fart\n|\n|upkeep\n|\n|t:|1698534977\n|switch|p2a: fly|Pelipper, M, shiny|100\/100\n|-weather|RainDance|[from] ability: Drizzle|[of] p2a: fly\n|turn|3\n|\n|t:|1698534997\n|move|p1a: Chien-Pao|Ice Spinner|p2a: fly\n|-crit|p2a: fly\n|-damage|p2a: fly|36\/100\n|move|p2a: fly|U-turn|p1a: Chien-Pao\n|-supereffective|p1a: Chien-Pao\n|-damage|p1a: Chien-Pao|73\/100\n|\n|t:|1698535006\n|switch|p2a: fort|Meowscarada, M, shiny|100\/100|[from] U-turn\n|\n|-weather|RainDance|[upkeep]\n|upkeep\n|turn|4\n|\n|t:|1698535014\n|move|p1a: Chien-Pao|Ice Spinner|p2a: fort\n|-supereffective|p2a: fort\n|-enditem|p2a: fort|Focus Sash\n|-damage|p2a: fort|1\/100\n|move|p2a: fort|Leech Seed|p1a: Chien-Pao\n|-start|p1a: Chien-Pao|move: Leech Seed\n|\n|-weather|RainDance|[upkeep]\n|-damage|p1a: Chien-Pao|61\/100|[from] Leech Seed|[of] p2a: fort\n|-heal|p2a: fort|13\/100|[silent]\n|upkeep\n|turn|5\n|\n|t:|1698535023\n|move|p1a: Chien-Pao|Ice Spinner|p2a: fort\n|-supereffective|p2a: fort\n|-damage|p2a: fort|0 fnt\n|faint|p2a: fort\n|\n|-weather|RainDance|[upkeep]\n|upkeep\n|\n|t:|1698535026\n|switch|p2a: frog|Blissey, F, shiny|100\/100\n|turn|6\n|\n|t:|1698535031\n|move|p1a: Chien-Pao|Sacred Sword|p2a: frog\n|-supereffective|p2a: frog\n|-damage|p2a: frog|26\/100\n|move|p2a: frog|Seismic Toss|p1a: Chien-Pao\n|-damage|p1a: Chien-Pao|28\/100\n|\n|-weather|RainDance|[upkeep]\n|-damage|p1a: Chien-Pao|15\/100|[from] Leech Seed|[of] p2a: frog\n|-heal|p2a: frog|31\/100|[silent]\n|upkeep\n|turn|7\n|\n|t:|1698535043\n|-terastallize|p2a: frog|Water\n|move|p1a: Chien-Pao|Sacred Sword|p2a: frog\n|-damage|p2a: frog|0 fnt\n|faint|p2a: frog\n|\n|-weather|RainDance|[upkeep]\n|upkeep\n|\n|t:|1698535047\n|switch|p2a: fly|Pelipper, M, shiny|36\/100\n|turn|8\n|\n|t:|1698535054\n|move|p1a: Chien-Pao|Ice Spinner|p2a: fly\n|-damage|p2a: fly|0 fnt\n|faint|p2a: fly\n|\n|-weather|RainDance|[upkeep]\n|upkeep\n|\n|t:|1698535058\n|switch|p2a: fog|Mimikyu, M, shiny|100\/100\n|turn|9\n|\n|t:|1698535067\n|move|p1a: Chien-Pao|Sucker Punch|p2a: fog\n|-activate|p2a: fog|ability: Disguise\n|-damage|p2a: fog|100\/100\n|detailschange|p2a: fog|Mimikyu-Busted, M, shiny\n|-damage|p2a: fog|88\/100|[from] pokemon: Mimikyu-Busted\n|move|p2a: fog|Play Rough|p1a: Chien-Pao\n|-supereffective|p1a: Chien-Pao\n|-damage|p1a: Chien-Pao|0 fnt\n|faint|p1a: Chien-Pao\n|-damage|p2a: fog|78\/100|[from] item: Life Orb\n|\n|-weather|RainDance|[upkeep]\n|upkeep\n|\n|t:|1698535090\n|switch|p1a: Gholdengo|Gholdengo|100\/100\n|turn|10\n|\n|t:|1698535102\n|move|p2a: fog|Shadow Claw|p1a: Gholdengo\n|-supereffective|p1a: Gholdengo\n|-crit|p1a: Gholdengo\n|-damage|p1a: Gholdengo|1\/100\n|-damage|p2a: fog|68\/100|[from] item: Life Orb\n|move|p1a: Gholdengo|Make It Rain|p2a: fog\n|-supereffective|p2a: fog\n|-damage|p2a: fog|0 fnt\n|-unboost|p1a: Gholdengo|spa|1\n|faint|p2a: fog\n|\n|win|IKONIKFUNTIME21\n|l|\u2606fortniute2\n|l|\u2606IKONIKFUNTIME21\n","uploadtime":1698535156,"views":8,"p1id":"ikonikfuntime21","p2id":"fortniute2","formatid":"gen9ubers","rating":0,"private":0,"password":""}