{"id":"gen9ubers-1996442018","p1":"IoSonoNeon","p2":"Vermithor Fury","format":"[Gen 9] Ubers","log":"|j|\u2606IoSonoNeon\n|j|\u2606Vermithor Fury\n|t:|1700682383\n|gametype|singles\n|player|p1|IoSonoNeon|#dpppliii|\n|player|p2|Vermithor Fury|acetrainer-gen7|\n|teamsize|p1|6\n|teamsize|p2|6\n|gen|9\n|tier|[Gen 9] Ubers\n|rated|Tournament battle\n|rule|Sleep Clause Mod: Limit one foe put to sleep\n|rule|Species Clause: Limit one of each Pok\u00e9mon\n|rule|OHKO Clause: OHKO moves are banned\n|rule|Evasion Items Clause: Evasion items are banned\n|rule|Evasion Moves Clause: Evasion moves are banned\n|rule|Endless Battle Clause: Forcing endless battles is banned\n|rule|HP Percentage Mod: HP is shown in percentages\n|clearpoke\n|poke|p1|Glimmora, M|\n|poke|p1|Koraidon|\n|poke|p1|Ogerpon-Hearthflame, F|\n|poke|p1|Arceus-Ground|\n|poke|p1|Flutter Mane|\n|poke|p1|Kingambit, F|\n|poke|p2|Sneasler, M|\n|poke|p2|Miraidon|\n|poke|p2|Arceus|\n|poke|p2|Koraidon|\n|poke|p2|Glimmora, M|\n|poke|p2|Zacian-*|\n|teampreview\n|\n|t:|1700682391\n|start\n|switch|p1a: Koraidon|Koraidon|100\/100\n|switch|p2a: Glimmora|Glimmora, M|100\/100\n|-weather|SunnyDay|[from] ability: Orichalcum Pulse|[of] p1a: Koraidon\n|-activate|p1a: Koraidon|Orichalcum Pulse|[source]\n|turn|1\n|inactive|Battle timer is ON: inactive players will automatically lose when time's up. (requested by IoSonoNeon)\n|\n|t:|1700682400\n|move|p1a: Koraidon|Scale Shot|p2a: Glimmora\n|-damage|p2a: Glimmora|83\/100\n|-activate|p2a: Glimmora|ability: Toxic Debris\n|-sidestart|p1: IoSonoNeon|move: Toxic Spikes\n|-damage|p2a: Glimmora|65\/100\n|-activate|p2a: Glimmora|ability: Toxic Debris\n|-sidestart|p1: IoSonoNeon|move: Toxic Spikes\n|-damage|p2a: Glimmora|45\/100\n|-damage|p2a: Glimmora|27\/100\n|-hitcount|p2a: Glimmora|4\n|-unboost|p1a: Koraidon|def|1\n|-boost|p1a: Koraidon|spe|1\n|move|p2a: Glimmora|Stealth Rock|p1a: Koraidon\n|-sidestart|p1: IoSonoNeon|move: Stealth Rock\n|\n|-weather|SunnyDay|[upkeep]\n|upkeep\n|turn|2\n|\n|t:|1700682413\n|move|p1a: Koraidon|Scale Shot|p2a: Glimmora|[miss]\n|-miss|p1a: Koraidon|p2a: Glimmora\n|move|p2a: Glimmora|Memento|p1a: Koraidon\n|-unboost|p1a: Koraidon|atk|2\n|-unboost|p1a: Koraidon|spa|2\n|faint|p2a: Glimmora\n|\n|-weather|SunnyDay|[upkeep]\n|upkeep\n|\n|t:|1700682423\n|switch|p2a: Arceus|Arceus|100\/100\n|turn|3\n|\n|t:|1700682427\n|move|p1a: Koraidon|Low Kick|p2a: Arceus\n|-supereffective|p2a: Arceus\n|-damage|p2a: Arceus|34\/100\n|move|p2a: Arceus|Swords Dance|p2a: Arceus\n|-boost|p2a: Arceus|atk|2\n|\n|-weather|SunnyDay|[upkeep]\n|upkeep\n|turn|4\n|\n|t:|1700682432\n|move|p2a: Arceus|Extreme Speed|p1a: Koraidon\n|-damage|p1a: Koraidon|0 fnt\n|faint|p1a: Koraidon\n|\n|-weather|SunnyDay|[upkeep]\n|upkeep\n|\n|t:|1700682436\n|switch|p1a: Glimmora|Glimmora, M|100\/100\n|-sideend|p1: IoSonoNeon|move: Toxic Spikes|[of] p1a: Glimmora\n|-damage|p1a: Glimmora|88\/100|[from] Stealth Rock\n|turn|5\n|\n|t:|1700682442\n|move|p2a: Arceus|Taunt|p1a: Glimmora\n|-start|p1a: Glimmora|move: Taunt\n|cant|p1a: Glimmora|move: Taunt|Stealth Rock\n|\n|-weather|none\n|upkeep\n|turn|6\n|\n|t:|1700682449\n|move|p2a: Arceus|Swords Dance|p2a: Arceus\n|-boost|p2a: Arceus|atk|2\n|move|p1a: Glimmora|Mortal Spin|p2a: Arceus\n|-damage|p2a: Arceus|30\/100\n|-status|p2a: Arceus|psn\n|-sideend|p1: IoSonoNeon|Stealth Rock|[from] move: Mortal Spin|[of] p1a: Glimmora\n|\n|-damage|p2a: Arceus|18\/100 psn|[from] psn\n|upkeep\n|turn|7\n|\n|t:|1700682451\n|move|p2a: Arceus|Extreme Speed|p1a: Glimmora\n|-resisted|p1a: Glimmora\n|-damage|p1a: Glimmora|0 fnt\n|-activate|p1a: Glimmora|ability: Toxic Debris\n|-sidestart|p2: Vermithor Fury|move: Toxic Spikes\n|faint|p1a: Glimmora\n|\n|-damage|p2a: Arceus|5\/100 psn|[from] psn\n|upkeep\n|\n|t:|1700682456\n|switch|p1a: Flutter Mane|Flutter Mane|100\/100\n|turn|8\n|\n|t:|1700682459\n|move|p1a: Flutter Mane|Moonblast|p2a: Arceus\n|-damage|p2a: Arceus|0 fnt\n|faint|p2a: Arceus\n|\n|upkeep\n|\n|t:|1700682471\n|switch|p2a: Zacian|Zacian-Crowned|100\/100\n|-ability|p2a: Zacian|Intrepid Sword|boost\n|-boost|p2a: Zacian|atk|1\n|turn|9\n|\n|t:|1700682477\n|move|p1a: Flutter Mane|Moonblast|p2a: Zacian\n|-resisted|p2a: Zacian\n|-damage|p2a: Zacian|76\/100\n|move|p2a: Zacian|Swords Dance|p2a: Zacian\n|-boost|p2a: Zacian|atk|2\n|\n|upkeep\n|turn|10\n|\n|t:|1700682482\n|-end|p1a: Flutter Mane|Protosynthesis|[silent]\n|switch|p1a: Ogerpon|Ogerpon-Hearthflame, F|100\/100\n|-ability|p1a: Ogerpon|Mold Breaker\n|move|p2a: Zacian|Behemoth Blade|p1a: Ogerpon\n|-resisted|p1a: Ogerpon\n|-damage|p1a: Ogerpon|5\/100\n|\n|upkeep\n|turn|11\n|\n|t:|1700682486\n|move|p2a: Zacian|Behemoth Blade|p1a: Ogerpon\n|-resisted|p1a: Ogerpon\n|-damage|p1a: Ogerpon|0 fnt\n|faint|p1a: Ogerpon\n|\n|upkeep\n|\n|t:|1700682487\n|switch|p1a: Arceus|Arceus-Ground|100\/100\n|turn|12\n|\n|t:|1700682496\n|move|p2a: Zacian|Behemoth Blade|p1a: Arceus\n|-damage|p1a: Arceus|20\/100\n|move|p1a: Arceus|Judgment|p2a: Zacian\n|-supereffective|p2a: Zacian\n|-damage|p2a: Zacian|0 fnt\n|faint|p2a: Zacian\n|\n|upkeep\n|\n|t:|1700682503\n|switch|p2a: Sneasler|Sneasler, M|100\/100\n|-sideend|p2: Vermithor Fury|move: Toxic Spikes|[of] p2a: Sneasler\n|turn|13\n|\n|t:|1700682508\n|move|p2a: Sneasler|Endure|p2a: Sneasler\n|-singleturn|p2a: Sneasler|move: Endure\n|move|p1a: Arceus|Judgment|p2a: Sneasler\n|-supereffective|p2a: Sneasler\n|-activate|p2a: Sneasler|move: Endure\n|-damage|p2a: Sneasler|1\/100\n|-enditem|p2a: Sneasler|Liechi Berry|[eat]\n|-boost|p2a: Sneasler|atk|1|[from] item: Liechi Berry\n|\n|upkeep\n|turn|14\n|\n|t:|1700682514\n|move|p2a: Sneasler|Reversal|p1a: Arceus\n|-damage|p1a: Arceus|0 fnt\n|faint|p1a: Arceus\n|\n|upkeep\n|\n|t:|1700682519\n|switch|p1a: Kingambit|Kingambit, F|100\/100\n|-activate|p1a: Kingambit|ability: Supreme Overlord\n|-start|p1a: Kingambit|fallen4|[silent]\n|turn|15\n|\n|t:|1700682522\n|move|p2a: Sneasler|Endure|p2a: Sneasler\n|-singleturn|p2a: Sneasler|move: Endure\n|move|p1a: Kingambit|Sucker Punch||[still]\n|-fail|p1a: Kingambit\n|\n|upkeep\n|turn|16\n|\n|t:|1700682536\n|move|p1a: Kingambit|Sucker Punch|p2a: Sneasler\n|-resisted|p2a: Sneasler\n|-damage|p2a: Sneasler|0 fnt\n|faint|p2a: Sneasler\n|\n|upkeep\n|\n|t:|1700682541\n|switch|p2a: Koraidon|Koraidon|100\/100\n|-weather|SunnyDay|[from] ability: Orichalcum Pulse|[of] p2a: Koraidon\n|-activate|p2a: Koraidon|Orichalcum Pulse|[source]\n|turn|17\n|\n|t:|1700682549\n|move|p2a: Koraidon|Flare Blitz|p1a: Kingambit\n|-supereffective|p1a: Kingambit\n|-damage|p1a: Kingambit|0 fnt\n|faint|p1a: Kingambit\n|-end|p1a: Kingambit|fallen4|[silent]\n|-damage|p2a: Koraidon|65\/100|[from] Recoil\n|\n|-weather|SunnyDay|[upkeep]\n|upkeep\n|\n|t:|1700682551\n|switch|p1a: Flutter Mane|Flutter Mane|100\/100\n|-activate|p1a: Flutter Mane|ability: Protosynthesis\n|-start|p1a: Flutter Mane|protosynthesisspe\n|turn|18\n|\n|t:|1700682562\n|-terastallize|p1a: Flutter Mane|Fairy\n|-terastallize|p2a: Koraidon|Fire\n|move|p1a: Flutter Mane|Moonblast|p2a: Koraidon\n|-resisted|p2a: Koraidon\n|-damage|p2a: Koraidon|31\/100\n|-unboost|p2a: Koraidon|spa|1\n|move|p2a: Koraidon|Flare Blitz|p1a: Flutter Mane\n|-damage|p1a: Flutter Mane|0 fnt\n|faint|p1a: Flutter Mane\n|-end|p1a: Flutter Mane|Protosynthesis|[silent]\n|-damage|p2a: Koraidon|7\/100|[from] Recoil\n|\n|win|Vermithor Fury\n|n|\u2606IoSonoNeon|iosononeon\n|n|\u2606Vermithor Fury|vermithorfury\n","uploadtime":1700682563,"views":1,"p1id":"iosononeon","p2id":"vermithorfury","formatid":"gen9ubers","rating":0,"private":0,"password":""}