{"id":"gen9ubers-1979784632","p1":"ItsmeBlankKnight","p2":"Freezerman","format":"[Gen 9] Ubers","log":"|j|\u2606ItsmeBlankKnight\n|j|\u2606Freezerman\n|t:|1698712956\n|gametype|singles\n|player|p1|ItsmeBlankKnight|larry|\n|player|p2|Freezerman|ethan|\n|teamsize|p1|6\n|teamsize|p2|6\n|gen|9\n|tier|[Gen 9] Ubers\n|rule|Sleep Clause Mod: Limit one foe put to sleep\n|rule|Species Clause: Limit one of each Pok\u00e9mon\n|rule|OHKO Clause: OHKO moves are banned\n|rule|Evasion Items Clause: Evasion items are banned\n|rule|Evasion Moves Clause: Evasion moves are banned\n|rule|Endless Battle Clause: Forcing endless battles is banned\n|rule|HP Percentage Mod: HP is shown in percentages\n|clearpoke\n|poke|p1|Chi-Yu|\n|poke|p1|Palafin, M|\n|poke|p1|Spectrier|\n|poke|p1|Zacian-*|\n|poke|p1|Arceus-Poison|\n|poke|p1|Masquerain, F|\n|poke|p2|Pelipper, M|\n|poke|p2|Basculegion-F, F|\n|poke|p2|Arceus-Grass|\n|poke|p2|Palafin, M|\n|poke|p2|Zapdos|\n|poke|p2|Gliscor, M|\n|teampreview\n|inactive|Battle timer is ON: inactive players will automatically lose when time's up. (requested by ItsmeBlankKnight)\n|inactive|ItsmeBlankKnight has 270 seconds left.\n|\n|t:|1698712994\n|start\n|switch|p1a: Masquerain|Masquerain, F|100\/100\n|switch|p2a: Zapdos|Zapdos|100\/100\n|-ability|p1a: Masquerain|Intimidate|boost\n|-unboost|p2a: Zapdos|atk|1\n|turn|1\n|\n|t:|1698713001\n|move|p2a: Zapdos|Hurricane|p1a: Masquerain\n|-supereffective|p1a: Masquerain\n|-enditem|p1a: Masquerain|Focus Sash\n|-damage|p1a: Masquerain|1\/100\n|-start|p1a: Masquerain|confusion\n|-activate|p1a: Masquerain|confusion\n|move|p1a: Masquerain|Sticky Web|p2a: Zapdos\n|-sidestart|p2: Freezerman|move: Sticky Web\n|\n|upkeep\n|turn|2\n|c|\u2606ItsmeBlankKnight|thank god\n|\n|t:|1698713009\n|move|p2a: Zapdos|Volt Switch|p1a: Masquerain\n|-supereffective|p1a: Masquerain\n|-damage|p1a: Masquerain|0 fnt\n|faint|p1a: Masquerain\n|\n|t:|1698713015\n|switch|p2a: Palafin|Palafin, M|100\/100|[from] Volt Switch\n|\n|upkeep\n|\n|t:|1698713024\n|switch|p1a: Arceus|Arceus-Poison|100\/100\n|turn|3\n|\n|t:|1698713031\n|detailschange|p2a: Palafin|Palafin-Hero, M\n|switch|p2a: Pelipper|Pelipper, M|100\/100\n|-weather|RainDance|[from] ability: Drizzle|[of] p2a: Pelipper\n|move|p1a: Arceus|Gunk Shot|p2a: Pelipper\n|-damage|p2a: Pelipper|36\/100\n|\n|-weather|RainDance|[upkeep]\n|upkeep\n|turn|4\n|\n|t:|1698713036\n|switch|p2a: Gliscor|Gliscor, M|100\/100\n|move|p1a: Arceus|Gunk Shot|p2a: Gliscor\n|-resisted|p2a: Gliscor\n|-damage|p2a: Gliscor|76\/100\n|\n|-weather|RainDance|[upkeep]\n|-status|p2a: Gliscor|tox|[from] item: Toxic Orb\n|upkeep\n|turn|5\n|\n|t:|1698713039\n|switch|p1a: Palafin|Palafin, M|100\/100\n|move|p2a: Gliscor|U-turn|p1a: Palafin\n|-damage|p1a: Palafin|81\/100\n|\n|t:|1698713043\n|switch|p2a: Zapdos|Zapdos|100\/100|[from] U-turn\n|\n|-weather|RainDance|[upkeep]\n|upkeep\n|turn|6\n|\n|t:|1698713054\n|detailschange|p1a: Palafin|Palafin-Hero, M\n|switch|p1a: Chi-Yu|Chi-Yu|100\/100\n|-ability|p1a: Chi-Yu|Beads of Ruin\n|move|p2a: Zapdos|Thunder|p1a: Chi-Yu\n|-damage|p1a: Chi-Yu|34\/100\n|-status|p1a: Chi-Yu|par\n|\n|-weather|RainDance|[upkeep]\n|upkeep\n|turn|7\n|\n|t:|1698713058\n|move|p2a: Zapdos|Hurricane|p1a: Chi-Yu\n|-damage|p1a: Chi-Yu|0 fnt\n|faint|p1a: Chi-Yu\n|\n|-weather|none\n|upkeep\n|\n|t:|1698713065\n|switch|p1a: Spectrier|Spectrier|100\/100\n|turn|8\n|c|\u2606Freezerman|I'm sorry about that one\n|\n|t:|1698713072\n|move|p1a: Spectrier|Shadow Ball|p2a: Zapdos\n|-damage|p2a: Zapdos|15\/100\n|move|p2a: Zapdos|Volt Switch|p1a: Spectrier\n|-damage|p1a: Spectrier|60\/100\n|c|\u2606ItsmeBlankKnight|ur good\n|\n|t:|1698713076\n|switch|p2a: Arceus|Arceus-Grass|100\/100|[from] Volt Switch\n|-activate|p2a: Arceus|move: Sticky Web\n|-unboost|p2a: Arceus|spe|1\n|\n|upkeep\n|turn|9\n|\n|t:|1698713082\n|switch|p1a: Arceus|Arceus-Poison|100\/100\n|move|p2a: Arceus|Judgment|p1a: Arceus\n|-resisted|p1a: Arceus\n|-damage|p1a: Arceus|85\/100\n|\n|upkeep\n|turn|10\n|\n|t:|1698713089\n|switch|p2a: Gliscor|Gliscor, M|76\/100 tox\n|move|p1a: Arceus|Swords Dance|p1a: Arceus\n|-boost|p1a: Arceus|atk|2\n|\n|-heal|p2a: Gliscor|89\/100 tox|[from] ability: Poison Heal\n|upkeep\n|turn|11\n|\n|t:|1698713102\n|move|p1a: Arceus|Extreme Speed|p2a: Gliscor\n|-damage|p2a: Gliscor|56\/100 tox\n|move|p2a: Gliscor|Earthquake|p1a: Arceus\n|-supereffective|p1a: Arceus\n|-damage|p1a: Arceus|43\/100\n|\n|-heal|p2a: Gliscor|68\/100 tox|[from] ability: Poison Heal\n|upkeep\n|turn|12\n|\n|t:|1698713108\n|switch|p1a: Palafin|Palafin-Hero, M|81\/100\n|-activate|p1a: Palafin|ability: Zero to Hero\n|move|p2a: Gliscor|Spikes|p1a: Palafin\n|-sidestart|p1: ItsmeBlankKnight|Spikes\n|\n|-heal|p2a: Gliscor|80\/100 tox|[from] ability: Poison Heal\n|upkeep\n|turn|13\n|\n|t:|1698713112\n|switch|p2a: Arceus|Arceus-Grass|100\/100\n|-activate|p2a: Arceus|move: Sticky Web\n|-unboost|p2a: Arceus|spe|1\n|move|p1a: Palafin|Jet Punch|p2a: Arceus\n|-resisted|p2a: Arceus\n|-damage|p2a: Arceus|83\/100\n|-damage|p1a: Palafin|71\/100|[from] item: Life Orb\n|\n|upkeep\n|turn|14\n|\n|t:|1698713116\n|move|p1a: Palafin|Ice Punch|p2a: Arceus\n|-supereffective|p2a: Arceus\n|-damage|p2a: Arceus|30\/100\n|-status|p2a: Arceus|frz\n|-damage|p1a: Palafin|61\/100|[from] item: Life Orb\n|cant|p2a: Arceus|frz\n|\n|upkeep\n|turn|15\n|\n|t:|1698713121\n|switch|p2a: Pelipper|Pelipper, M|36\/100\n|-weather|RainDance|[from] ability: Drizzle|[of] p2a: Pelipper\n|move|p1a: Palafin|Ice Punch|p2a: Pelipper\n|-damage|p2a: Pelipper|3\/100\n|-damage|p1a: Palafin|51\/100|[from] item: Life Orb\n|\n|-weather|RainDance|[upkeep]\n|upkeep\n|turn|16\n|c|\u2606ItsmeBlankKnight|rip\n|\n|t:|1698713124\n|switch|p2a: Arceus|Arceus-Grass|30\/100 frz\n|-activate|p2a: Arceus|move: Sticky Web\n|-unboost|p2a: Arceus|spe|1\n|move|p1a: Palafin|Jet Punch|p2a: Arceus\n|-resisted|p2a: Arceus\n|-damage|p2a: Arceus|6\/100 frz\n|-damage|p1a: Palafin|41\/100|[from] item: Life Orb\n|\n|-weather|RainDance|[upkeep]\n|upkeep\n|turn|17\n|\n|t:|1698713129\n|move|p1a: Palafin|Ice Punch|p2a: Arceus\n|-supereffective|p2a: Arceus\n|-damage|p2a: Arceus|0 fnt\n|faint|p2a: Arceus\n|-damage|p1a: Palafin|31\/100|[from] item: Life Orb\n|\n|-weather|RainDance|[upkeep]\n|upkeep\n|\n|t:|1698713134\n|switch|p2a: Basculegion|Basculegion-F, F|100\/100\n|-activate|p2a: Basculegion|move: Sticky Web\n|-unboost|p2a: Basculegion|spe|1\n|turn|18\n|inactive|ItsmeBlankKnight has 270 seconds left.\n|\n|t:|1698713184\n|move|p1a: Palafin|Jet Punch|p2a: Basculegion\n|-resisted|p2a: Basculegion\n|-damage|p2a: Basculegion|40\/100\n|-damage|p1a: Palafin|21\/100|[from] item: Life Orb\n|move|p2a: Basculegion|Flip Turn|p1a: Palafin\n|-resisted|p1a: Palafin\n|-damage|p1a: Palafin|0 fnt\n|faint|p1a: Palafin\n|\n|t:|1698713189\n|switch|p2a: Gliscor|Gliscor, M|80\/100 tox|[from] Flip Turn\n|\n|-weather|RainDance|[upkeep]\n|-heal|p2a: Gliscor|93\/100 tox|[from] ability: Poison Heal\n|upkeep\n|c|\u2606ItsmeBlankKnight|knew i shouldve terad\n|\n|t:|1698713203\n|switch|p1a: Spectrier|Spectrier|60\/100\n|-damage|p1a: Spectrier|47\/100|[from] Spikes\n|turn|19\n|\n|t:|1698713214\n|switch|p2a: Zapdos|Zapdos|15\/100\n|move|p1a: Spectrier|Shadow Ball|p2a: Zapdos\n|-crit|p2a: Zapdos\n|-damage|p2a: Zapdos|0 fnt\n|faint|p2a: Zapdos\n|-ability|p1a: Spectrier|Grim Neigh|boost\n|-boost|p1a: Spectrier|spa|1\n|\n|-weather|none\n|upkeep\n|\n|t:|1698713217\n|switch|p2a: Pelipper|Pelipper, M|3\/100\n|-weather|RainDance|[from] ability: Drizzle|[of] p2a: Pelipper\n|turn|20\n|\n|t:|1698713219\n|move|p1a: Spectrier|Shadow Ball|p2a: Pelipper\n|-damage|p2a: Pelipper|0 fnt\n|faint|p2a: Pelipper\n|-ability|p1a: Spectrier|Grim Neigh|boost\n|-boost|p1a: Spectrier|spa|1\n|\n|-weather|RainDance|[upkeep]\n|upkeep\n|\n|t:|1698713222\n|switch|p2a: Palafin|Palafin-Hero, M|100\/100\n|-activate|p2a: Palafin|ability: Zero to Hero\n|turn|21\n|\n|t:|1698713229\n|-terastallize|p2a: Palafin|Water\n|move|p2a: Palafin|Jet Punch|p1a: Spectrier\n|-damage|p1a: Spectrier|0 fnt\n|faint|p1a: Spectrier\n|\n|-weather|RainDance|[upkeep]\n|upkeep\n|\n|t:|1698713231\n|switch|p1a: Zacian|Zacian|100\/100\n|-damage|p1a: Zacian|88\/100|[from] Spikes\n|-ability|p1a: Zacian|Intrepid Sword|boost\n|-boost|p1a: Zacian|atk|1\n|turn|22\n|\n|t:|1698713238\n|move|p2a: Palafin|Jet Punch|p1a: Zacian\n|-damage|p1a: Zacian|17\/100\n|move|p1a: Zacian|Play Rough|p2a: Palafin\n|-damage|p2a: Palafin|27\/100\n|\n|-weather|RainDance|[upkeep]\n|-heal|p1a: Zacian|23\/100|[from] item: Leftovers\n|upkeep\n|turn|23\n|\n|t:|1698713243\n|move|p2a: Palafin|Jet Punch|p1a: Zacian\n|-damage|p1a: Zacian|0 fnt\n|faint|p1a: Zacian\n|\n|-weather|RainDance|[upkeep]\n|upkeep\n|\n|t:|1698713245\n|switch|p1a: Arceus|Arceus-Poison|43\/100\n|-damage|p1a: Arceus|31\/100|[from] Spikes\n|turn|24\n|\n|t:|1698713248\n|move|p1a: Arceus|Extreme Speed|p2a: Palafin\n|-damage|p2a: Palafin|0 fnt\n|faint|p2a: Palafin\n|\n|-weather|none\n|upkeep\n|\n|t:|1698713251\n|switch|p2a: Gliscor|Gliscor, M|93\/100 tox\n|turn|25\n|\n|t:|1698713254\n|-terastallize|p1a: Arceus|Normal\n|move|p1a: Arceus|Swords Dance|p1a: Arceus\n|-boost|p1a: Arceus|atk|2\n|move|p2a: Gliscor|Earthquake|p1a: Arceus\n|-damage|p1a: Arceus|9\/100\n|\n|-heal|p2a: Gliscor|100\/100 tox|[from] ability: Poison Heal\n|upkeep\n|turn|26\n|\n|t:|1698713259\n|move|p1a: Arceus|Extreme Speed|p2a: Gliscor\n|-damage|p2a: Gliscor|43\/100 tox\n|move|p2a: Gliscor|Earthquake|p1a: Arceus\n|-damage|p1a: Arceus|0 fnt\n|faint|p1a: Arceus\n|\n|win|Freezerman\n|c|\u2606ItsmeBlankKnight|gg\n|c|\u2606Freezerman|gg\n|l|\u2606ItsmeBlankKnight\n|j|\u2606ItsmeBlankKnight\n|player|p1|ItsmeBlankKnight|larry\n","uploadtime":1698713267,"views":31,"p1id":"itsmeblankknight","p2id":"freezerman","formatid":"gen9ubers","rating":0,"private":0,"password":""}