{"id":"gen9ubers-1978323803","p1":"gerrychu29","p2":"Jyho Blackbird","format":"[Gen 9] Ubers","log":"|j|\u2606gerrychu29\n|j|\u2606Jyho Blackbird\n|t:|1698525142\n|gametype|singles\n|player|p1|gerrychu29|red|\n|player|p2|Jyho Blackbird|hilbert-wonderlauncher|\n|teamsize|p1|6\n|teamsize|p2|6\n|gen|9\n|tier|[Gen 9] Ubers\n|rule|Sleep Clause Mod: Limit one foe put to sleep\n|rule|Species Clause: Limit one of each Pok\u00e9mon\n|rule|OHKO Clause: OHKO moves are banned\n|rule|Evasion Items Clause: Evasion items are banned\n|rule|Evasion Moves Clause: Evasion moves are banned\n|rule|Endless Battle Clause: Forcing endless battles is banned\n|rule|HP Percentage Mod: HP is shown in percentages\n|clearpoke\n|poke|p1|Palafin, M|\n|poke|p1|Shaymin-Sky|\n|poke|p1|Zacian-*|\n|poke|p1|Arceus-Fire|\n|poke|p1|Blissey, F|\n|poke|p1|Giratina|\n|poke|p2|Volcarona, M|\n|poke|p2|Quagsire, F|\n|poke|p2|Iron Valiant|\n|poke|p2|Dialga|\n|poke|p2|Shaymin-Sky|\n|poke|p2|Giratina|\n|teampreview\n|\n|t:|1698525178\n|start\n|switch|p1a: Palafin|Palafin, M|100\/100\n|switch|p2a: Dialga|Dialga|100\/100\n|-ability|p2a: Dialga|Pressure\n|turn|1\n|\n|t:|1698525189\n|move|p1a: Palafin|Flip Turn|p2a: Dialga\n|-resisted|p2a: Dialga\n|-damage|p2a: Dialga|90\/100\n|\n|t:|1698525199\n|detailschange|p1a: Palafin|Palafin-Hero, M\n|switch|p1a: Blissey|Blissey, F|100\/100|[from] Flip Turn\n|move|p2a: Dialga|Draco Meteor|p1a: Blissey\n|-damage|p1a: Blissey|74\/100\n|-unboost|p2a: Dialga|spa|2\n|\n|upkeep\n|turn|2\n|\n|t:|1698525208\n|switch|p2a: Volcarona|Volcarona, M|100\/100\n|move|p1a: Blissey|Stealth Rock|p2a: Volcarona\n|-sidestart|p2: Jyho Blackbird|move: Stealth Rock\n|\n|upkeep\n|turn|3\n|\n|t:|1698525217\n|move|p2a: Volcarona|Quiver Dance|p2a: Volcarona\n|-boost|p2a: Volcarona|spa|1\n|-boost|p2a: Volcarona|spd|1\n|-boost|p2a: Volcarona|spe|1\n|move|p1a: Blissey|Thunder Wave|p2a: Volcarona\n|-status|p2a: Volcarona|par\n|\n|upkeep\n|turn|4\n|\n|t:|1698525361\n|switch|p1a: Arceus|Arceus-Fire|100\/100\n|cant|p2a: Volcarona|par\n|\n|upkeep\n|turn|5\n|\n|t:|1698525371\n|move|p1a: Arceus|Calm Mind|p1a: Arceus\n|-boost|p1a: Arceus|spa|1\n|-boost|p1a: Arceus|spd|1\n|cant|p2a: Volcarona|par\n|\n|upkeep\n|turn|6\n|\n|t:|1698525382\n|switch|p2a: Quagsire|Quagsire, F|100\/100\n|-damage|p2a: Quagsire|94\/100|[from] Stealth Rock\n|move|p1a: Arceus|Calm Mind|p1a: Arceus\n|-boost|p1a: Arceus|spa|1\n|-boost|p1a: Arceus|spd|1\n|\n|-heal|p2a: Quagsire|100\/100|[from] item: Leftovers\n|upkeep\n|turn|7\n|\n|t:|1698525401\n|switch|p1a: Shaymin|Shaymin-Sky|100\/100\n|move|p2a: Quagsire|Haze|p2a: Quagsire\n|-clearallboost\n|\n|upkeep\n|turn|8\n|\n|t:|1698525438\n|switch|p2a: Dialga|Dialga|90\/100\n|-damage|p2a: Dialga|84\/100|[from] Stealth Rock\n|-ability|p2a: Dialga|Pressure\n|move|p1a: Shaymin|Seed Flare|p2a: Dialga\n|-resisted|p2a: Dialga\n|-damage|p2a: Dialga|75\/100\n|-unboost|p2a: Dialga|spd|2\n|\n|upkeep\n|turn|9\n|\n|t:|1698525556\n|move|p1a: Shaymin|Earth Power|p2a: Dialga\n|-supereffective|p2a: Dialga\n|-crit|p2a: Dialga\n|-damage|p2a: Dialga|0 fnt\n|faint|p2a: Dialga\n|\n|upkeep\n|\n|t:|1698525563\n|switch|p2a: Shaymin|Shaymin-Sky|100\/100\n|-damage|p2a: Shaymin|76\/100|[from] Stealth Rock\n|turn|10\n|\n|t:|1698525582\n|switch|p1a: Giratina|Giratina|100\/100\n|-ability|p1a: Giratina|Pressure\n|move|p2a: Shaymin|Air Slash|p1a: Giratina\n|-damage|p1a: Giratina|79\/100\n|\n|upkeep\n|turn|11\n|\n|t:|1698525593\n|switch|p2a: Quagsire|Quagsire, F|100\/100\n|-damage|p2a: Quagsire|94\/100|[from] Stealth Rock\n|move|p1a: Giratina|Dragon Tail|p2a: Quagsire\n|-damage|p2a: Quagsire|80\/100\n|drag|p2a: Shaymin|Shaymin-Sky|76\/100\n|-damage|p2a: Shaymin|51\/100|[from] Stealth Rock\n|\n|upkeep\n|turn|12\n|\n|t:|1698525610\n|move|p2a: Shaymin|Dazzling Gleam|p1a: Giratina\n|-supereffective|p1a: Giratina\n|-crit|p1a: Giratina\n|-damage|p1a: Giratina|37\/100\n|move|p1a: Giratina|Dragon Tail|p2a: Shaymin\n|-damage|p2a: Shaymin|26\/100\n|drag|p2a: Giratina|Giratina|100\/100\n|-damage|p2a: Giratina|88\/100|[from] Stealth Rock\n|-ability|p2a: Giratina|Pressure\n|\n|upkeep\n|turn|13\n|\n|t:|1698525688\n|switch|p1a: Blissey|Blissey, F|74\/100\n|move|p2a: Giratina|Hex|p1a: Blissey\n|-immune|p1a: Blissey\n|\n|upkeep\n|turn|14\n|\n|t:|1698525694\n|switch|p2a: Volcarona|Volcarona, M|100\/100 par\n|move|p1a: Blissey|Thunder Wave|p2a: Volcarona\n|-fail|p2a: Volcarona|par\n|\n|upkeep\n|turn|15\n|\n|t:|1698525722\n|switch|p1a: Arceus|Arceus-Fire|100\/100\n|cant|p2a: Volcarona|par\n|\n|upkeep\n|turn|16\n|\n|t:|1698525750\n|switch|p2a: Quagsire|Quagsire, F|80\/100\n|-damage|p2a: Quagsire|74\/100|[from] Stealth Rock\n|move|p1a: Arceus|Judgment|p2a: Quagsire\n|-resisted|p2a: Quagsire\n|-damage|p2a: Quagsire|44\/100\n|\n|-heal|p2a: Quagsire|50\/100|[from] item: Leftovers\n|upkeep\n|turn|17\n|\n|t:|1698525765\n|switch|p1a: Shaymin|Shaymin-Sky|100\/100\n|move|p2a: Quagsire|Earthquake|p1a: Shaymin\n|-immune|p1a: Shaymin\n|\n|-heal|p2a: Quagsire|56\/100|[from] item: Leftovers\n|upkeep\n|turn|18\n|\n|t:|1698525782\n|switch|p2a: Giratina|Giratina|88\/100\n|-damage|p2a: Giratina|76\/100|[from] Stealth Rock\n|-ability|p2a: Giratina|Pressure\n|move|p1a: Shaymin|Seed Flare|p2a: Giratina\n|-resisted|p2a: Giratina\n|-damage|p2a: Giratina|62\/100\n|-unboost|p2a: Giratina|spd|2\n|\n|upkeep\n|turn|19\n|\n|t:|1698525823\n|move|p1a: Shaymin|Air Slash|p2a: Giratina\n|-damage|p2a: Giratina|33\/100\n|cant|p2a: Giratina|flinch\n|\n|upkeep\n|turn|20\n|\n|t:|1698525828\n|move|p1a: Shaymin|Air Slash|p2a: Giratina\n|-damage|p2a: Giratina|0 fnt\n|faint|p2a: Giratina\n|\n|upkeep\n|\n|t:|1698525837\n|switch|p2a: Shaymin|Shaymin-Sky|26\/100\n|-damage|p2a: Shaymin|1\/100|[from] Stealth Rock\n|turn|21\n|\n|t:|1698525855\n|switch|p1a: Giratina|Giratina|37\/100\n|-ability|p1a: Giratina|Pressure\n|move|p2a: Shaymin|Air Slash|p1a: Giratina\n|-damage|p1a: Giratina|14\/100\n|\n|upkeep\n|turn|22\n|\n|t:|1698525866\n|move|p2a: Shaymin|Air Slash|p1a: Giratina\n|-damage|p1a: Giratina|0 fnt\n|faint|p1a: Giratina\n|\n|upkeep\n|\n|t:|1698525886\n|switch|p1a: Palafin|Palafin-Hero, M|100\/100\n|-activate|p1a: Palafin|ability: Zero to Hero\n|turn|23\n|\n|t:|1698525892\n|move|p1a: Palafin|Jet Punch|p2a: Shaymin\n|-resisted|p2a: Shaymin\n|-crit|p2a: Shaymin\n|-damage|p2a: Shaymin|0 fnt\n|faint|p2a: Shaymin\n|\n|upkeep\n|\n|t:|1698525906\n|switch|p2a: Quagsire|Quagsire, F|56\/100\n|-damage|p2a: Quagsire|50\/100|[from] Stealth Rock\n|turn|24\n|\n|t:|1698525940\n|-terastallize|p2a: Quagsire|Steel\n|move|p1a: Palafin|Jet Punch|p2a: Quagsire\n|-damage|p2a: Quagsire|10\/100\n|move|p2a: Quagsire|Earthquake|p1a: Palafin\n|-damage|p1a: Palafin|72\/100\n|\n|-heal|p2a: Quagsire|16\/100|[from] item: Leftovers\n|upkeep\n|turn|25\n|\n|t:|1698525950\n|move|p1a: Palafin|Jet Punch|p2a: Quagsire\n|-crit|p2a: Quagsire\n|-damage|p2a: Quagsire|0 fnt\n|faint|p2a: Quagsire\n|\n|upkeep\n|\n|t:|1698525955\n|switch|p2a: Iron Valiant|Iron Valiant|100\/100\n|-damage|p2a: Iron Valiant|94\/100|[from] Stealth Rock\n|-enditem|p2a: Iron Valiant|Booster Energy\n|-activate|p2a: Iron Valiant|ability: Quark Drive|[fromitem]\n|-start|p2a: Iron Valiant|quarkdrivespe\n|turn|26\n|\n|t:|1698525977\n|switch|p1a: Blissey|Blissey, F|74\/100\n|move|p2a: Iron Valiant|Knock Off|p1a: Blissey\n|-damage|p1a: Blissey|37\/100\n|-enditem|p1a: Blissey|Heavy-Duty Boots|[from] move: Knock Off|[of] p2a: Iron Valiant\n|\n|upkeep\n|turn|27\n|\n|t:|1698526073\n|move|p2a: Iron Valiant|Close Combat|p1a: Blissey\n|-supereffective|p1a: Blissey\n|-damage|p1a: Blissey|0 fnt\n|-unboost|p2a: Iron Valiant|def|1\n|-unboost|p2a: Iron Valiant|spd|1\n|faint|p1a: Blissey\n|\n|upkeep\n|\n|t:|1698526148\n|switch|p1a: Arceus|Arceus-Fire|100\/100\n|turn|28\n|\n|t:|1698526167\n|move|p2a: Iron Valiant|Close Combat|p1a: Arceus\n|-damage|p1a: Arceus|58\/100\n|-unboost|p2a: Iron Valiant|def|1\n|-unboost|p2a: Iron Valiant|spd|1\n|move|p1a: Arceus|Judgment|p2a: Iron Valiant\n|-damage|p2a: Iron Valiant|0 fnt\n|faint|p2a: Iron Valiant\n|-end|p2a: Iron Valiant|Quark Drive|[silent]\n|\n|upkeep\n|\n|t:|1698526175\n|switch|p2a: Volcarona|Volcarona, M|100\/100 par\n|turn|29\n|\n|t:|1698526179\n|move|p1a: Arceus|Judgment|p2a: Volcarona\n|-damage|p2a: Volcarona|45\/100 par\n|move|p2a: Volcarona|Quiver Dance|p2a: Volcarona\n|-boost|p2a: Volcarona|spa|1\n|-boost|p2a: Volcarona|spd|1\n|-boost|p2a: Volcarona|spe|1\n|\n|upkeep\n|turn|30\n|\n|t:|1698526197\n|move|p1a: Arceus|Calm Mind|p1a: Arceus\n|-boost|p1a: Arceus|spa|1\n|-boost|p1a: Arceus|spd|1\n|cant|p2a: Volcarona|par\n|\n|upkeep\n|turn|31\n|\n|t:|1698526209\n|move|p1a: Arceus|Judgment|p2a: Volcarona\n|-damage|p2a: Volcarona|0 fnt\n|faint|p2a: Volcarona\n|\n|win|gerrychu29\n|c|\u2606Jyho Blackbird|gg\n|c|\u2606gerrychu29|gg\n|c|\u2606Jyho Blackbird|didn't expect a half of your team to carry boots for whatever reason\n|c|\u2606gerrychu29|ya, boots are everywhere\n","uploadtime":1698526260,"views":18,"p1id":"gerrychu29","p2id":"jyhoblackbird","formatid":"gen9ubers","rating":0,"private":0,"password":""}