{"id":"gen9ubers-1995889728","p1":"Raditz(TheBest)","p2":"Houndhunter","format":"[Gen 9] Ubers","log":"|j|\u2606Raditz(TheBest)\n|j|\u2606Houndhunter\n|t:|1700614014\n|gametype|singles\n|player|p1|Raditz(TheBest)|169|\n|player|p2|Houndhunter|silver-masters|\n|teamsize|p1|6\n|teamsize|p2|6\n|gen|9\n|tier|[Gen 9] Ubers\n|rule|Sleep Clause Mod: Limit one foe put to sleep\n|rule|Species Clause: Limit one of each Pok\u00e9mon\n|rule|OHKO Clause: OHKO moves are banned\n|rule|Evasion Items Clause: Evasion items are banned\n|rule|Evasion Moves Clause: Evasion moves are banned\n|rule|Endless Battle Clause: Forcing endless battles is banned\n|rule|HP Percentage Mod: HP is shown in percentages\n|clearpoke\n|poke|p1|Golem, M|\n|poke|p1|Munkidori, M|\n|poke|p1|Ogerpon, F|\n|poke|p1|Ninetales-Alola, F|\n|poke|p1|Cramorant, F|\n|poke|p1|Sneasler, M|\n|poke|p2|Quagsire, M|\n|poke|p2|Ribombee, M|\n|poke|p2|Chandelure, F|\n|poke|p2|Sandslash-Alola, F|\n|poke|p2|Weezing-Galar, M|\n|poke|p2|Kingambit, F|\n|teampreview\n|j| Lurking29\n|c|\u2606Raditz(TheBest)|good luck\n|c|\u2606Houndhunter|glhf\n|\n|t:|1700614061\n|start\n|switch|p1a: MonkE|Munkidori, M|100\/100\n|switch|p2a: Have a Nice Fall|Sandslash-Alola, F, shiny|100\/100\n|turn|1\n|\n|t:|1700614071\n|move|p1a: MonkE|Psychic|p2a: Have a Nice Fall\n|-resisted|p2a: Have a Nice Fall\n|-damage|p2a: Have a Nice Fall|50\/100\n|move|p2a: Have a Nice Fall|Stealth Rock|p1a: MonkE\n|-sidestart|p1: Raditz(TheBest)|move: Stealth Rock\n|\n|upkeep\n|turn|2\n|\n|t:|1700614105\n|switch|p1a: Combos|Cramorant, F, shiny|100\/100\n|move|p2a: Have a Nice Fall|Ice Spinner|p1a: Combos\n|-damage|p1a: Combos|49\/100\n|\n|upkeep\n|turn|3\n|\n|t:|1700614121\n|move|p1a: Combos|Roost|p1a: Combos\n|-heal|p1a: Combos|99\/100\n|-singleturn|p1a: Combos|move: Roost\n|move|p2a: Have a Nice Fall|Ice Spinner|p1a: Combos\n|-resisted|p1a: Combos\n|-damage|p1a: Combos|71\/100\n|\n|upkeep\n|turn|4\n|\n|t:|1700614144\n|move|p1a: Combos|Defog|p2a: Have a Nice Fall\n|-unboost|p2a: Have a Nice Fall|evasion|1\n|-sideend|p1: Raditz(TheBest)|Stealth Rock|[from] move: Defog|[of] p1a: Combos\n|move|p2a: Have a Nice Fall|Ice Spinner|p1a: Combos\n|-damage|p1a: Combos|17\/100\n|\n|upkeep\n|turn|5\n|\n|t:|1700614150\n|move|p1a: Combos|Roost|p1a: Combos\n|-heal|p1a: Combos|67\/100\n|-singleturn|p1a: Combos|move: Roost\n|move|p2a: Have a Nice Fall|Stealth Rock|p1a: Combos\n|-sidestart|p1: Raditz(TheBest)|move: Stealth Rock\n|\n|upkeep\n|turn|6\n|\n|t:|1700614158\n|move|p1a: Combos|Surf|p2a: Have a Nice Fall\n|-formechange|p1a: Combos|Cramorant-Gulping|\n|-damage|p2a: Have a Nice Fall|14\/100\n|move|p2a: Have a Nice Fall|Ice Spinner|p1a: Combos\n|-damage|p1a: Combos|13\/100\n|-damage|p2a: Have a Nice Fall|0 fnt|[from] ability: Gulp Missile|[of] p1a: Combos\n|-formechange|p1a: Combos|Cramorant|\n|faint|p2a: Have a Nice Fall\n|\n|upkeep\n|\n|t:|1700614192\n|switch|p2a: ThisIsAverageRight|Ribombee, M, shiny|100\/100\n|turn|7\n|\n|t:|1700614208\n|move|p2a: ThisIsAverageRight|Moonblast|p1a: Combos\n|-damage|p1a: Combos|0 fnt\n|faint|p1a: Combos\n|\n|upkeep\n|\n|t:|1700614218\n|switch|p1a: Borealis|Ninetales-Alola, F|100\/100\n|-damage|p1a: Borealis|76\/100|[from] Stealth Rock\n|-weather|Snow|[from] ability: Snow Warning|[of] p1a: Borealis\n|turn|8\n|\n|t:|1700614258\n|move|p2a: ThisIsAverageRight|Quiver Dance|p2a: ThisIsAverageRight\n|-boost|p2a: ThisIsAverageRight|spa|1\n|-boost|p2a: ThisIsAverageRight|spd|1\n|-boost|p2a: ThisIsAverageRight|spe|1\n|move|p1a: Borealis|Aurora Veil|p1a: Borealis\n|-sidestart|p1: Raditz(TheBest)|move: Aurora Veil\n|\n|-weather|Snow|[upkeep]\n|upkeep\n|turn|9\n|\n|t:|1700614266\n|move|p2a: ThisIsAverageRight|Moonblast|p1a: Borealis\n|-damage|p1a: Borealis|46\/100\n|move|p1a: Borealis|Freeze-Dry|p2a: ThisIsAverageRight\n|-damage|p2a: ThisIsAverageRight|75\/100\n|\n|-weather|Snow|[upkeep]\n|upkeep\n|turn|10\n|\n|t:|1700614275\n|move|p2a: ThisIsAverageRight|Moonblast|p1a: Borealis\n|-damage|p1a: Borealis|18\/100\n|-unboost|p1a: Borealis|spa|1\n|move|p1a: Borealis|Moonblast|p2a: ThisIsAverageRight\n|-damage|p2a: ThisIsAverageRight|51\/100\n|\n|-weather|Snow|[upkeep]\n|upkeep\n|turn|11\n|\n|t:|1700614283\n|move|p2a: ThisIsAverageRight|Moonblast|p1a: Borealis\n|-damage|p1a: Borealis|0 fnt\n|faint|p1a: Borealis\n|\n|-weather|Snow|[upkeep]\n|upkeep\n|\n|t:|1700614302\n|switch|p1a: MonkE|Munkidori, M|100\/100\n|-damage|p1a: MonkE|88\/100|[from] Stealth Rock\n|turn|12\n|\n|t:|1700614314\n|move|p2a: ThisIsAverageRight|Bug Buzz|p1a: MonkE\n|-damage|p1a: MonkE|54\/100\n|move|p1a: MonkE|Sludge Wave|p2a: ThisIsAverageRight\n|-supereffective|p2a: ThisIsAverageRight\n|-damage|p2a: ThisIsAverageRight|0 fnt\n|faint|p2a: ThisIsAverageRight\n|\n|-weather|none\n|upkeep\n|\n|t:|1700614348\n|switch|p2a: Scooper|Quagsire, M, shiny|100\/100\n|turn|13\n|\n|t:|1700614360\n|move|p1a: MonkE|Sludge Wave|p2a: Scooper\n|-resisted|p2a: Scooper\n|-damage|p2a: Scooper|64\/100\n|move|p2a: Scooper|Earthquake|p1a: MonkE\n|-supereffective|p1a: MonkE\n|-damage|p1a: MonkE|11\/100\n|\n|upkeep\n|turn|14\n|\n|t:|1700614370\n|move|p1a: MonkE|Sludge Wave|p2a: Scooper\n|-resisted|p2a: Scooper\n|-damage|p2a: Scooper|27\/100\n|move|p2a: Scooper|Recover|p2a: Scooper\n|-heal|p2a: Scooper|77\/100\n|\n|upkeep\n|turn|15\n|\n|t:|1700614382\n|move|p1a: MonkE|Sludge Wave|p2a: Scooper\n|-resisted|p2a: Scooper\n|-damage|p2a: Scooper|37\/100\n|-status|p2a: Scooper|tox|[from] ability: Toxic Chain|[of] p1a: MonkE\n|move|p2a: Scooper|Earthquake|p1a: MonkE\n|-supereffective|p1a: MonkE\n|-damage|p1a: MonkE|0 fnt\n|faint|p1a: MonkE\n|\n|-damage|p2a: Scooper|30\/100 tox|[from] psn\n|-sideend|p1: Raditz(TheBest)|move: Aurora Veil\n|upkeep\n|\n|t:|1700614398\n|switch|p1a: Child|Ogerpon, F|100\/100\n|-damage|p1a: Child|88\/100|[from] Stealth Rock\n|turn|16\n|\n|t:|1700614424\n|move|p1a: Child|Knock Off|p2a: Scooper\n|-damage|p2a: Scooper|0 fnt\n|-damage|p1a: Child|72\/100|[from] item: Rocky Helmet|[of] p2a: Scooper\n|-enditem|p2a: Scooper|Rocky Helmet|[from] move: Knock Off|[of] p1a: Child\n|faint|p2a: Scooper\n|-damage|p1a: Child|62\/100|[from] item: Life Orb\n|\n|upkeep\n|\n|t:|1700614556\n|switch|p2a: Stoop-titty|Chandelure, F|100\/100\n|turn|17\n|inactive|Battle timer is ON: inactive players will automatically lose when time's up. (requested by Raditz(TheBest))\n|inactive|Houndhunter has 270 seconds left.\n|inactive|Houndhunter has 240 seconds left.\n|\n|t:|1700614689\n|-terastallize|p2a: Stoop-titty|Grass\n|move|p1a: Child|Spiky Shield|p1a: Child\n|-singleturn|p1a: Child|move: Protect\n|move|p2a: Stoop-titty|Flamethrower|p1a: Child\n|-activate|p1a: Child|move: Protect\n|\n|upkeep\n|turn|18\n|\n|t:|1700614701\n|switch|p1a: Dwayne|Golem, M|100\/100\n|-damage|p1a: Dwayne|95\/100|[from] Stealth Rock\n|move|p2a: Stoop-titty|Flamethrower|p1a: Dwayne\n|-resisted|p1a: Dwayne\n|-damage|p1a: Dwayne|35\/100\n|\n|upkeep\n|turn|19\n|\n|t:|1700614717\n|move|p2a: Stoop-titty|Flamethrower|p1a: Dwayne\n|-resisted|p1a: Dwayne\n|-damage|p1a: Dwayne|0 fnt\n|faint|p1a: Dwayne\n|\n|upkeep\n|c|\u2606Raditz(TheBest)|gg\n|\n|t:|1700614725\n|switch|p1a: Child|Ogerpon, F|62\/100\n|-damage|p1a: Child|49\/100|[from] Stealth Rock\n|turn|20\n|\n|t:|1700614731\n|move|p1a: Child|Knock Off|p2a: Stoop-titty\n|-damage|p2a: Stoop-titty|41\/100\n|-enditem|p2a: Stoop-titty|Choice Specs|[from] move: Knock Off|[of] p1a: Child\n|-damage|p1a: Child|39\/100|[from] item: Life Orb\n|move|p2a: Stoop-titty|Flamethrower|p1a: Child\n|-supereffective|p1a: Child\n|-damage|p1a: Child|0 fnt\n|faint|p1a: Child\n|\n|upkeep\n|\n|t:|1700614738\n|switch|p1a: They\/Them|Sneasler, M|100\/100\n|-damage|p1a: They\/Them|95\/100|[from] Stealth Rock\n|turn|21\n|inactive|Houndhunter has 270 seconds left.\n|\n|t:|1700614769\n|move|p1a: They\/Them|Dire Claw|p2a: Stoop-titty\n|-supereffective|p2a: Stoop-titty\n|-damage|p2a: Stoop-titty|0 fnt\n|faint|p2a: Stoop-titty\n|\n|upkeep\n|inactive|Houndhunter has 270 seconds left.\n|\n|t:|1700614777\n|switch|p2a: I <3 Regigigas|Weezing-Galar, M|100\/100\n|-ability|p2a: I <3 Regigigas|Neutralizing Gas\n|turn|22\n|\n|t:|1700614781\n|move|p1a: They\/Them|Dire Claw|p2a: I <3 Regigigas\n|-damage|p2a: I <3 Regigigas|61\/100\n|move|p2a: I <3 Regigigas|Will-O-Wisp|p1a: They\/Them\n|-status|p1a: They\/Them|brn\n|\n|-heal|p2a: I <3 Regigigas|67\/100|[from] item: Black Sludge\n|-damage|p1a: They\/Them|89\/100 brn|[from] brn\n|upkeep\n|turn|23\n|\n|t:|1700614788\n|move|p1a: They\/Them|Close Combat|p2a: I <3 Regigigas\n|-resisted|p2a: I <3 Regigigas\n|-damage|p2a: I <3 Regigigas|60\/100\n|-unboost|p1a: They\/Them|def|1\n|-unboost|p1a: They\/Them|spd|1\n|-enditem|p1a: They\/Them|White Herb\n|-clearnegativeboost|p1a: They\/Them|[silent]\n|move|p2a: I <3 Regigigas|Strange Steam|p1a: They\/Them\n|-damage|p1a: They\/Them|48\/100 brn\n|\n|-heal|p2a: I <3 Regigigas|66\/100|[from] item: Black Sludge\n|-damage|p1a: They\/Them|42\/100 brn|[from] brn\n|upkeep\n|turn|24\n|\n|t:|1700614797\n|move|p1a: They\/Them|Acrobatics|p2a: I <3 Regigigas\n|-damage|p2a: I <3 Regigigas|47\/100\n|move|p2a: I <3 Regigigas|Strange Steam|p1a: They\/Them|[miss]\n|-miss|p2a: I <3 Regigigas|p1a: They\/Them\n|\n|-heal|p2a: I <3 Regigigas|53\/100|[from] item: Black Sludge\n|-damage|p1a: They\/Them|36\/100 brn|[from] brn\n|upkeep\n|turn|25\n|c|\u2606Raditz(TheBest)|fuk\n|\n|t:|1700614803\n|move|p1a: They\/Them|Dire Claw|p2a: I <3 Regigigas\n|-damage|p2a: I <3 Regigigas|32\/100\n|-status|p2a: I <3 Regigigas|par\n|move|p2a: I <3 Regigigas|Strange Steam|p1a: They\/Them\n|-damage|p1a: They\/Them|0 fnt\n|faint|p1a: They\/Them\n|\n|win|Houndhunter\n|l|\u2606Raditz(TheBest)\n","uploadtime":1700614819,"views":8,"p1id":"raditzthebest","p2id":"houndhunter","formatid":"gen9ubers","rating":0,"private":0,"password":""}