{"id":"gen9ubers-1993458956","p1":"Miebaso11","p2":"SeventhGod77","format":"[Gen 9] Ubers","log":"|j|\u2606Miebaso11\n|j|\u2606SeventhGod77\n|t:|1700320462\n|gametype|singles\n|player|p1|Miebaso11|hilda-wonderlauncher|\n|player|p2|SeventhGod77|bugcatcher-gen4dp|\n|teamsize|p1|6\n|teamsize|p2|6\n|gen|9\n|tier|[Gen 9] Ubers\n|rule|Sleep Clause Mod: Limit one foe put to sleep\n|rule|Species Clause: Limit one of each Pok\u00e9mon\n|rule|OHKO Clause: OHKO moves are banned\n|rule|Evasion Items Clause: Evasion items are banned\n|rule|Evasion Moves Clause: Evasion moves are banned\n|rule|Endless Battle Clause: Forcing endless battles is banned\n|rule|HP Percentage Mod: HP is shown in percentages\n|clearpoke\n|poke|p1|Walking Wake|\n|poke|p1|Manaphy|\n|poke|p1|Dragonite, M|\n|poke|p1|Sylveon, M|\n|poke|p1|Arceus-Poison|\n|poke|p1|Meowscarada, F|\n|poke|p2|Hippowdon, F|\n|poke|p2|Bisharp, M|\n|poke|p2|Zacian-*|\n|poke|p2|Gholdengo|\n|poke|p2|Landorus, M|\n|poke|p2|Quaquaval, F|\n|teampreview\n|inactive|Battle timer is ON: inactive players will automatically lose when time's up. (requested by Miebaso11)\n|\n|t:|1700320492\n|start\n|switch|p1a: Sylveon|Sylveon, M|100\/100\n|switch|p2a: Bisharp|Bisharp, M|100\/100\n|turn|1\n|\n|t:|1700320503\n|move|p2a: Bisharp|Stealth Rock|p1a: Sylveon\n|-sidestart|p1: Miebaso11|move: Stealth Rock\n|move|p1a: Sylveon|Light Screen|p1a: Sylveon\n|-sidestart|p1: Miebaso11|move: Light Screen\n|\n|upkeep\n|turn|2\n|\n|t:|1700320507\n|move|p2a: Bisharp|Iron Head|p1a: Sylveon\n|-supereffective|p1a: Sylveon\n|-damage|p1a: Sylveon|0 fnt\n|faint|p1a: Sylveon\n|\n|upkeep\n|\n|t:|1700320523\n|switch|p1a: Dragonite|Dragonite, M|100\/100\n|-damage|p1a: Dragonite|76\/100|[from] Stealth Rock\n|turn|3\n|\n|t:|1700320532\n|switch|p2a: Gholdengo|Gholdengo|100\/100\n|-item|p2a: Gholdengo|Air Balloon\n|move|p1a: Dragonite|Dragon Dance|p1a: Dragonite\n|-boost|p1a: Dragonite|atk|1\n|-boost|p1a: Dragonite|spe|1\n|\n|upkeep\n|turn|4\n|\n|t:|1700320550\n|switch|p1a: Walking Wake|Walking Wake|100\/100\n|-damage|p1a: Walking Wake|88\/100|[from] Stealth Rock\n|move|p2a: Gholdengo|Make It Rain|p1a: Walking Wake\n|-resisted|p1a: Walking Wake\n|-damage|p1a: Walking Wake|68\/100\n|-unboost|p2a: Gholdengo|spa|1\n|\n|upkeep\n|turn|5\n|inactive|Miebaso11 has 270 seconds left.\n|\n|t:|1700320585\n|switch|p2a: Quaquaval|Quaquaval, F|100\/100\n|move|p1a: Walking Wake|Hydro Steam|p2a: Quaquaval\n|-resisted|p2a: Quaquaval\n|-damage|p2a: Quaquaval|58\/100\n|\n|upkeep\n|turn|6\n|\n|t:|1700320598\n|move|p1a: Walking Wake|Hydro Steam|p2a: Quaquaval\n|-resisted|p2a: Quaquaval\n|-damage|p2a: Quaquaval|19\/100\n|move|p2a: Quaquaval|Rapid Spin|p1a: Walking Wake\n|-damage|p1a: Walking Wake|49\/100\n|-boost|p2a: Quaquaval|spe|1\n|\n|upkeep\n|turn|7\n|\n|t:|1700320609\n|move|p2a: Quaquaval|Close Combat|p1a: Walking Wake\n|-damage|p1a: Walking Wake|0 fnt\n|-unboost|p2a: Quaquaval|def|1\n|-unboost|p2a: Quaquaval|spd|1\n|faint|p1a: Walking Wake\n|-end|p1a: Walking Wake|Protosynthesis|[silent]\n|-ability|p2a: Quaquaval|Moxie|boost\n|-boost|p2a: Quaquaval|atk|1\n|\n|upkeep\n|\n|t:|1700320615\n|switch|p1a: Dragonite|Dragonite, M|76\/100\n|-damage|p1a: Dragonite|51\/100|[from] Stealth Rock\n|turn|8\n|\n|t:|1700320619\n|move|p1a: Dragonite|Extreme Speed|p2a: Quaquaval\n|-damage|p2a: Quaquaval|0 fnt\n|faint|p2a: Quaquaval\n|\n|-sideend|p1: Miebaso11|move: Light Screen\n|upkeep\n|\n|t:|1700320623\n|switch|p2a: Hippowdon|Hippowdon, F|100\/100\n|-weather|Sandstorm|[from] ability: Sand Stream|[of] p2a: Hippowdon\n|turn|9\n|\n|t:|1700320630\n|move|p1a: Dragonite|Roost|p1a: Dragonite\n|-heal|p1a: Dragonite|100\/100\n|-singleturn|p1a: Dragonite|move: Roost\n|move|p2a: Hippowdon|Yawn|p1a: Dragonite\n|-start|p1a: Dragonite|move: Yawn|[of] p2a: Hippowdon\n|\n|-weather|Sandstorm|[upkeep]\n|-damage|p1a: Dragonite|94\/100|[from] Sandstorm\n|upkeep\n|turn|10\n|inactive|Miebaso11 has 270 seconds left.\n|inactive|SeventhGod77 has 270 seconds left.\n|\n|t:|1700320675\n|switch|p1a: Meowscarada|Meowscarada, F|100\/100\n|-damage|p1a: Meowscarada|88\/100|[from] Stealth Rock\n|switch|p2a: Landorus|Landorus, M|100\/100\n|\n|-weather|Sandstorm|[upkeep]\n|-damage|p1a: Meowscarada|82\/100|[from] Sandstorm\n|upkeep\n|turn|11\n|inactive|Miebaso11 has 270 seconds left.\n|inactive|SeventhGod77 has 270 seconds left.\n|\n|t:|1700320695\n|-terastallize|p2a: Landorus|Fire\n|move|p1a: Meowscarada|Trick|p2a: Landorus\n|-activate|p1a: Meowscarada|move: Trick|[of] p2a: Landorus\n|-item|p2a: Landorus|Choice Band|[from] move: Trick\n|-item|p1a: Meowscarada|Leftovers|[from] move: Trick\n|move|p2a: Landorus|Bulk Up|p2a: Landorus\n|-boost|p2a: Landorus|atk|1\n|-boost|p2a: Landorus|def|1\n|\n|-weather|Sandstorm|[upkeep]\n|-damage|p1a: Meowscarada|76\/100|[from] Sandstorm\n|-heal|p1a: Meowscarada|82\/100|[from] item: Leftovers\n|upkeep\n|turn|12\n|inactive|Miebaso11 has 270 seconds left.\n|\n|t:|1700320711\n|switch|p2a: Bisharp|Bisharp, M|100\/100\n|move|p1a: Meowscarada|U-turn|p2a: Bisharp\n|-crit|p2a: Bisharp\n|-damage|p2a: Bisharp|78\/100\n|\n|t:|1700320727\n|switch|p1a: Dragonite|Dragonite, M|94\/100|[from] U-turn\n|-damage|p1a: Dragonite|70\/100|[from] Stealth Rock\n|\n|-weather|Sandstorm|[upkeep]\n|-damage|p1a: Dragonite|63\/100|[from] Sandstorm\n|upkeep\n|turn|13\n|\n|t:|1700320743\n|move|p1a: Dragonite|Earthquake|p2a: Bisharp\n|-supereffective|p2a: Bisharp\n|-damage|p2a: Bisharp|27\/100\n|move|p2a: Bisharp|Iron Head|p1a: Dragonite\n|-damage|p1a: Dragonite|17\/100\n|-enditem|p1a: Dragonite|Liechi Berry|[eat]\n|-boost|p1a: Dragonite|atk|1|[from] item: Liechi Berry\n|\n|-weather|none\n|upkeep\n|turn|14\n|\n|t:|1700320759\n|move|p2a: Bisharp|Sucker Punch|p1a: Dragonite\n|-damage|p1a: Dragonite|0 fnt\n|faint|p1a: Dragonite\n|\n|upkeep\n|\n|t:|1700320769\n|switch|p1a: Manaphy|Manaphy|100\/100\n|-damage|p1a: Manaphy|88\/100|[from] Stealth Rock\n|turn|15\n|\n|t:|1700320776\n|move|p1a: Manaphy|Tail Glow|p1a: Manaphy\n|-boost|p1a: Manaphy|spa|3\n|move|p2a: Bisharp|Iron Head|p1a: Manaphy\n|-resisted|p1a: Manaphy\n|-damage|p1a: Manaphy|67\/100\n|\n|upkeep\n|turn|16\n|\n|t:|1700320786\n|move|p2a: Bisharp|Sucker Punch||[still]\n|-fail|p2a: Bisharp\n|move|p1a: Manaphy|Tail Glow|p1a: Manaphy\n|-boost|p1a: Manaphy|spa|3\n|\n|upkeep\n|turn|17\n|\n|t:|1700320809\n|move|p2a: Bisharp|Sucker Punch|p1a: Manaphy\n|-damage|p1a: Manaphy|26\/100\n|move|p1a: Manaphy|Surf|p2a: Bisharp\n|-damage|p2a: Bisharp|0 fnt\n|faint|p2a: Bisharp\n|\n|upkeep\n|\n|t:|1700320817\n|switch|p2a: Landorus|Landorus, M, tera:Fire|100\/100\n|turn|18\n|\n|t:|1700320828\n|move|p2a: Landorus|U-turn|p1a: Manaphy\n|-damage|p1a: Manaphy|0 fnt\n|faint|p1a: Manaphy\n|\n|t:|1700320833\n|switch|p2a: Hippowdon|Hippowdon, F|100\/100|[from] U-turn\n|-weather|Sandstorm|[from] ability: Sand Stream|[of] p2a: Hippowdon\n|\n|-weather|Sandstorm|[upkeep]\n|upkeep\n|\n|t:|1700320838\n|switch|p1a: Arceus|Arceus-Poison|100\/100\n|-damage|p1a: Arceus|88\/100|[from] Stealth Rock\n|turn|19\n|\n|t:|1700320843\n|move|p1a: Arceus|Cosmic Power|p1a: Arceus\n|-boost|p1a: Arceus|def|1\n|-boost|p1a: Arceus|spd|1\n|move|p2a: Hippowdon|Yawn|p1a: Arceus\n|-start|p1a: Arceus|move: Yawn|[of] p2a: Hippowdon\n|\n|-weather|Sandstorm|[upkeep]\n|-damage|p1a: Arceus|82\/100|[from] Sandstorm\n|upkeep\n|turn|20\n|\n|t:|1700320858\n|switch|p2a: Landorus|Landorus, M, tera:Fire|100\/100\n|move|p1a: Arceus|Cosmic Power|p1a: Arceus\n|-boost|p1a: Arceus|def|1\n|-boost|p1a: Arceus|spd|1\n|\n|-weather|Sandstorm|[upkeep]\n|-damage|p1a: Arceus|76\/100|[from] Sandstorm\n|-end|p1a: Arceus|move: Yawn|[silent]\n|-status|p1a: Arceus|slp\n|upkeep\n|turn|21\n|\n|t:|1700320863\n|cant|p1a: Arceus|slp\n|move|p2a: Landorus|Earthquake|p1a: Arceus\n|-supereffective|p1a: Arceus\n|-damage|p1a: Arceus|8\/100 slp\n|\n|-weather|Sandstorm|[upkeep]\n|-damage|p1a: Arceus|2\/100 slp|[from] Sandstorm\n|upkeep\n|turn|22\n|\n|t:|1700320870\n|cant|p1a: Arceus|slp\n|move|p2a: Landorus|Earthquake|p1a: Arceus\n|-supereffective|p1a: Arceus\n|-damage|p1a: Arceus|0 fnt\n|faint|p1a: Arceus\n|\n|-weather|none\n|upkeep\n|\n|t:|1700320871\n|switch|p1a: Meowscarada|Meowscarada, F|82\/100\n|-damage|p1a: Meowscarada|70\/100|[from] Stealth Rock\n|turn|23\n|\n|t:|1700320885\n|-terastallize|p1a: Meowscarada|Fairy\n|move|p1a: Meowscarada|Play Rough|p2a: Landorus|[miss]\n|-miss|p1a: Meowscarada|p2a: Landorus\n|move|p2a: Landorus|Earthquake|p1a: Meowscarada\n|-damage|p1a: Meowscarada|0 fnt\n|faint|p1a: Meowscarada\n|\n|win|SeventhGod77\n|c|\u2606SeventhGod77|Ggwp\n","uploadtime":1700320905,"views":34,"p1id":"miebaso11","p2id":"seventhgod77","formatid":"gen9ubers","rating":0,"private":0,"password":""}