{"id":"gen9ubers-1973113492","p1":"KeshBa45","p2":"DragonPhoenix333","format":"[Gen 9] Ubers","log":"|j|\u2606KeshBa45\n|j|\u2606DragonPhoenix333\n|inactive|Battle timer is ON: inactive players will automatically lose when time's up.\n|t:|1697929087\n|gametype|singles\n|player|p1|KeshBa45|red|\n|player|p2|DragonPhoenix333|nobunaga-conquest|\n|teamsize|p1|6\n|teamsize|p2|6\n|gen|9\n|tier|[Gen 9] Ubers\n|rated|Tournament battle\n|rule|Sleep Clause Mod: Limit one foe put to sleep\n|rule|Species Clause: Limit one of each Pok\u00e9mon\n|rule|OHKO Clause: OHKO moves are banned\n|rule|Evasion Items Clause: Evasion items are banned\n|rule|Evasion Moves Clause: Evasion moves are banned\n|rule|Endless Battle Clause: Forcing endless battles is banned\n|rule|HP Percentage Mod: HP is shown in percentages\n|rule|Terastal Clause: You cannot Terastallize\n|rule|1 Ability Clause: Limit 1 of each ability\n|clearpoke\n|poke|p1|Hatterene, F|\n|poke|p1|Kingambit, M|\n|poke|p1|Calyrex-Ice|\n|poke|p1|Ursaluna, F|\n|poke|p1|Koraidon|\n|poke|p1|Arceus-Water|\n|poke|p2|Ursaluna, F|\n|poke|p2|Dragapult, F|\n|poke|p2|Slaking, F|\n|poke|p2|Pawmot, M|\n|poke|p2|Rayquaza|\n|poke|p2|Mewtwo|\n|teampreview\n|j|*Lady Monita \u263d\n|c|\u2606KeshBa45|glgl\n|c|\u2606DragonPhoenix333|hf\n|j| bleahey\n|\n|t:|1697929099\n|start\n|switch|p1a: Koraidon|Koraidon|100\/100\n|switch|p2a: Dragapult|Dragapult, F, shiny|100\/100\n|-weather|SunnyDay|[from] ability: Orichalcum Pulse|[of] p1a: Koraidon\n|-activate|p1a: Koraidon|Orichalcum Pulse|[source]\n|turn|1\n|\n|t:|1697929107\n|move|p2a: Dragapult|Reflect|p2a: Dragapult\n|-sidestart|p2: DragonPhoenix333|Reflect\n|move|p1a: Koraidon|Scale Shot|p2a: Dragapult\n|-supereffective|p2a: Dragapult\n|-damage|p2a: Dragapult|79\/100\n|-supereffective|p2a: Dragapult\n|-damage|p2a: Dragapult|60\/100\n|-supereffective|p2a: Dragapult\n|-damage|p2a: Dragapult|41\/100\n|-hitcount|p2a: Dragapult|3\n|-unboost|p1a: Koraidon|def|1\n|-boost|p1a: Koraidon|spe|1\n|\n|-weather|SunnyDay|[upkeep]\n|upkeep\n|turn|2\n|\n|t:|1697929115\n|move|p2a: Dragapult|Thunder Wave|p1a: Koraidon\n|-status|p1a: Koraidon|par\n|cant|p1a: Koraidon|par\n|\n|-weather|SunnyDay|[upkeep]\n|upkeep\n|turn|3\n|\n|t:|1697929122\n|move|p2a: Dragapult|Light Screen|p2a: Dragapult\n|-sidestart|p2: DragonPhoenix333|move: Light Screen\n|move|p1a: Koraidon|Scale Shot|p2a: Dragapult\n|-supereffective|p2a: Dragapult\n|-damage|p2a: Dragapult|22\/100\n|-supereffective|p2a: Dragapult\n|-damage|p2a: Dragapult|0 fnt\n|faint|p2a: Dragapult\n|-hitcount|p2: Dragapult|2\n|-unboost|p1a: Koraidon|def|1\n|-boost|p1a: Koraidon|spe|1\n|\n|-weather|SunnyDay|[upkeep]\n|upkeep\n|j| happysh\n|\n|t:|1697929133\n|switch|p2a: Mewtwo|Mewtwo, shiny|100\/100\n|turn|4\n|c|\u2606KeshBa45|back to original speed lol\n|\n|t:|1697929137\n|move|p2a: Mewtwo|Psystrike|p1a: Koraidon\n|-supereffective|p1a: Koraidon\n|-damage|p1a: Koraidon|0 fnt\n|faint|p1a: Koraidon\n|-damage|p2a: Mewtwo|91\/100|[from] item: Life Orb\n|\n|-weather|SunnyDay|[upkeep]\n|upkeep\n|c|\u2606DragonPhoenix333|lol\n|c|\u2606KeshBa45|wa\n|c|\u2606DragonPhoenix333|:D\n|c|\u2606KeshBa45|how outsped\n|c|\u2606KeshBa45|oh\n|c|\u2606KeshBa45|chlorophyll\n|\n|t:|1697929165\n|switch|p1a: Hatterene|Hatterene, F|100\/100\n|turn|5\n|c|\u2606DragonPhoenix333|:)\n|\n|t:|1697929170\n|switch|p2a: Ursaluna|Ursaluna, F, shiny|100\/100\n|move|p1a: Hatterene|Trick Room|p1a: Hatterene\n|-fieldstart|move: Trick Room|[of] p1a: Hatterene\n|\n|-weather|none\n|upkeep\n|turn|6\n|c|\u2606KeshBa45|but no sun setter\n|\n|t:|1697929181\n|move|p1a: Hatterene|Dazzling Gleam|p2a: Ursaluna\n|-damage|p2a: Ursaluna|78\/100\n|move|p2a: Ursaluna|Belly Drum|p2a: Ursaluna\n|-damage|p2a: Ursaluna|28\/100\n|-setboost|p2a: Ursaluna|atk|6|[from] move: Belly Drum\n|-enditem|p2a: Ursaluna|Sitrus Berry|[eat]\n|-heal|p2a: Ursaluna|53\/100|[from] item: Sitrus Berry\n|\n|upkeep\n|turn|7\n|c|\u2606DragonPhoenix333|u sure\/\n|c|\u2606DragonPhoenix333|?\n|c|\u2606KeshBa45|i dont see one\n|c|\u2606KeshBa45|;o\n|\n|t:|1697929193\n|move|p1a: Hatterene|Healing Wish|p1a: Hatterene\n|faint|p1a: Hatterene\n|move|p2a: Ursaluna|Headlong Rush|p1: Hatterene|[notarget]\n|-fail|p2a: Ursaluna\n|\n|upkeep\n|c|\u2606DragonPhoenix333|its aaa\n|\n|t:|1697929198\n|switch|p1a: Calyrex|Calyrex-Ice|100\/100\n|-ability|p1a: Calyrex|As One\n|-ability|p1a: Calyrex|Unnerve\n|turn|8\n|\n|t:|1697929201\n|move|p2a: Ursaluna|Drain Punch|p1a: Calyrex\n|-damage|p1a: Calyrex|24\/100\n|-heal|p2a: Ursaluna|86\/100|[from] drain|[of] p1a: Calyrex\n|move|p1a: Calyrex|Glacial Lance|p2a: Ursaluna\n|-supereffective|p2a: Ursaluna\n|-damage|p2a: Ursaluna|11\/100\n|-damage|p1a: Calyrex|14\/100|[from] item: Life Orb\n|\n|-sideend|p2: DragonPhoenix333|Reflect\n|upkeep\n|turn|9\n|c|\u2606KeshBa45|oo trieage\n|c|\u2606DragonPhoenix333|ate\n|c|\u2606KeshBa45|gg\n|-message|KeshBa45 forfeited.\n|\n|win|DragonPhoenix333\n|n|\u2606KeshBa45|keshba45\n|n|\u2606DragonPhoenix333|dragonphoenix333\n|n|*Lady Monita \u263d|ladymonita\n|n| bleahey|bleahey\n|n| happysh|happysh\n","uploadtime":1697929219,"views":9,"p1id":"keshba45","p2id":"dragonphoenix333","formatid":"gen9ubers","rating":0,"private":0,"password":""}