{"id":"gen9ubers-1974951016","p1":"Anne Frankkkk","p2":"Tomynator jones.","format":"[Gen 9] Ubers","log":"|j|\u2606Anne Frankkkk\n|j|\u2606Tomynator jones.\n|t:|1698148596\n|gametype|singles\n|player|p1|Anne Frankkkk|hilbert|1184\n|player|p2|Tomynator jones.|steven|1153\n|teamsize|p1|6\n|teamsize|p2|6\n|gen|9\n|tier|[Gen 9] Ubers\n|rated|\n|rule|Sleep Clause Mod: Limit one foe put to sleep\n|rule|Species Clause: Limit one of each Pok\u00e9mon\n|rule|OHKO Clause: OHKO moves are banned\n|rule|Evasion Items Clause: Evasion items are banned\n|rule|Evasion Moves Clause: Evasion moves are banned\n|rule|Endless Battle Clause: Forcing endless battles is banned\n|rule|HP Percentage Mod: HP is shown in percentages\n|clearpoke\n|poke|p1|Iron Hands|\n|poke|p1|Kyogre|\n|poke|p1|Chien-Pao|\n|poke|p1|Ribombee, M|\n|poke|p1|Miraidon|\n|poke|p1|Flutter Mane|\n|poke|p2|Koraidon|\n|poke|p2|Chi-Yu|\n|poke|p2|Groudon|\n|poke|p2|Arceus|\n|poke|p2|Flutter Mane|\n|poke|p2|Urshifu-*, M|\n|teampreview\n|\n|t:|1698148604\n|start\n|switch|p1a: Ribombee|Ribombee, M, shiny|100\/100\n|switch|p2a: The Nuke|Chi-Yu|100\/100\n|-ability|p2a: The Nuke|Beads of Ruin\n|turn|1\n|\n|t:|1698148607\n|move|p1a: Ribombee|Sticky Web|p2a: The Nuke\n|-sidestart|p2: Tomynator jones.|move: Sticky Web\n|move|p2a: The Nuke|Flamethrower|p1a: Ribombee\n|-supereffective|p1a: Ribombee\n|-enditem|p1a: Ribombee|Focus Sash\n|-damage|p1a: Ribombee|1\/100\n|\n|upkeep\n|turn|2\n|\n|t:|1698148610\n|move|p1a: Ribombee|Moonblast|p2a: The Nuke\n|-damage|p2a: The Nuke|54\/100\n|move|p2a: The Nuke|Flamethrower|p1a: Ribombee\n|-supereffective|p1a: Ribombee\n|-damage|p1a: Ribombee|0 fnt\n|faint|p1a: Ribombee\n|\n|upkeep\n|\n|t:|1698148630\n|switch|p1a: Chien-Pao|Chien-Pao|100\/100\n|-ability|p1a: Chien-Pao|Sword of Ruin\n|turn|3\n|\n|t:|1698148636\n|move|p1a: Chien-Pao|Sacred Sword|p2a: The Nuke\n|-supereffective|p2a: The Nuke\n|-damage|p2a: The Nuke|0 fnt\n|faint|p2a: The Nuke\n|-damage|p1a: Chien-Pao|91\/100|[from] item: Life Orb\n|\n|upkeep\n|\n|t:|1698148645\n|switch|p2a: Heisenberg|Groudon|100\/100\n|-activate|p2a: Heisenberg|move: Sticky Web\n|-unboost|p2a: Heisenberg|spe|1\n|-weather|SunnyDay|[from] ability: Drought|[of] p2a: Heisenberg\n|turn|4\n|\n|t:|1698148653\n|move|p1a: Chien-Pao|Ice Spinner|p2a: Heisenberg\n|-supereffective|p2a: Heisenberg\n|-crit|p2a: Heisenberg\n|-damage|p2a: Heisenberg|0 fnt\n|faint|p2a: Heisenberg\n|-damage|p1a: Chien-Pao|81\/100|[from] item: Life Orb\n|\n|-weather|SunnyDay|[upkeep]\n|upkeep\n|\n|t:|1698148660\n|switch|p2a: Countermeasures|Arceus|100\/100\n|-activate|p2a: Countermeasures|move: Sticky Web\n|-unboost|p2a: Countermeasures|spe|1\n|turn|5\n|\n|t:|1698148664\n|move|p2a: Countermeasures|Extreme Speed|p1a: Chien-Pao\n|-damage|p1a: Chien-Pao|18\/100\n|move|p1a: Chien-Pao|Sacred Sword|p2a: Countermeasures\n|-supereffective|p2a: Countermeasures\n|-damage|p2a: Countermeasures|20\/100\n|-damage|p1a: Chien-Pao|8\/100|[from] item: Life Orb\n|\n|-weather|SunnyDay|[upkeep]\n|-heal|p2a: Countermeasures|26\/100|[from] item: Leftovers\n|upkeep\n|turn|6\n|\n|t:|1698148670\n|move|p2a: Countermeasures|Extreme Speed|p1a: Chien-Pao\n|-damage|p1a: Chien-Pao|0 fnt\n|faint|p1a: Chien-Pao\n|\n|-weather|SunnyDay|[upkeep]\n|-heal|p2a: Countermeasures|32\/100|[from] item: Leftovers\n|upkeep\n|\n|t:|1698148679\n|switch|p1a: Iron Hands|Iron Hands, shiny|100\/100\n|turn|7\n|inactive|Battle timer is ON: inactive players will automatically lose when time's up. (requested by Anne Frankkkk)\n|\n|t:|1698148684\n|move|p1a: Iron Hands|Fake Out|p2a: Countermeasures\n|-damage|p2a: Countermeasures|20\/100\n|cant|p2a: Countermeasures|flinch\n|\n|-weather|SunnyDay|[upkeep]\n|-heal|p2a: Countermeasures|26\/100|[from] item: Leftovers\n|upkeep\n|turn|8\n|\n|t:|1698148688\n|move|p2a: Countermeasures|Recover|p2a: Countermeasures\n|-heal|p2a: Countermeasures|77\/100\n|move|p1a: Iron Hands|Drain Punch|p2a: Countermeasures\n|-supereffective|p2a: Countermeasures\n|-damage|p2a: Countermeasures|11\/100\n|\n|-weather|none\n|-heal|p2a: Countermeasures|17\/100|[from] item: Leftovers\n|upkeep\n|turn|9\n|\n|t:|1698148694\n|move|p2a: Countermeasures|Earthquake|p1a: Iron Hands\n|-supereffective|p1a: Iron Hands\n|-crit|p1a: Iron Hands\n|-damage|p1a: Iron Hands|30\/100\n|move|p1a: Iron Hands|Drain Punch|p2a: Countermeasures\n|-supereffective|p2a: Countermeasures\n|-damage|p2a: Countermeasures|0 fnt\n|-heal|p1a: Iron Hands|37\/100|[from] drain|[of] p2a: Countermeasures\n|faint|p2a: Countermeasures\n|\n|upkeep\n|\n|t:|1698148698\n|switch|p2a: VGC GOD|Flutter Mane|100\/100\n|-activate|p2a: VGC GOD|move: Sticky Web\n|-unboost|p2a: VGC GOD|spe|1\n|turn|10\n|\n|t:|1698148704\n|move|p2a: VGC GOD|Moonblast|p1a: Iron Hands\n|-supereffective|p1a: Iron Hands\n|-damage|p1a: Iron Hands|0 fnt\n|faint|p1a: Iron Hands\n|-end|p1a: Iron Hands|Quark Drive|[silent]\n|-damage|p2a: VGC GOD|91\/100|[from] item: Life Orb\n|\n|upkeep\n|\n|t:|1698148716\n|switch|p1a: Flutter Mane|Flutter Mane, shiny|100\/100\n|-enditem|p1a: Flutter Mane|Booster Energy\n|-activate|p1a: Flutter Mane|ability: Protosynthesis|[fromitem]\n|-start|p1a: Flutter Mane|protosynthesisspe\n|turn|11\n|\n|t:|1698148720\n|-terastallize|p2a: VGC GOD|Fairy\n|move|p1a: Flutter Mane|Shadow Ball|p2a: VGC GOD\n|-damage|p2a: VGC GOD|46\/100\n|move|p2a: VGC GOD|Calm Mind|p2a: VGC GOD\n|-boost|p2a: VGC GOD|spa|1\n|-boost|p2a: VGC GOD|spd|1\n|\n|upkeep\n|turn|12\n|\n|t:|1698148726\n|move|p1a: Flutter Mane|Moonblast|p2a: VGC GOD\n|-damage|p2a: VGC GOD|6\/100\n|move|p2a: VGC GOD|Shadow Ball|p1a: Flutter Mane\n|-supereffective|p1a: Flutter Mane\n|-damage|p1a: Flutter Mane|0 fnt\n|faint|p1a: Flutter Mane\n|-end|p1a: Flutter Mane|Protosynthesis|[silent]\n|-damage|p2a: VGC GOD|0 fnt|[from] item: Life Orb\n|faint|p2a: VGC GOD\n|-end|p2a: VGC GOD|Protosynthesis|[silent]\n|\n|upkeep\n|\n|t:|1698148735\n|switch|p2a: Where wall?|Urshifu, M|100\/100\n|switch|p1a: Miraidon|Miraidon|100\/100\n|-fieldstart|move: Electric Terrain|[from] ability: Hadron Engine|[of] p1a: Miraidon\n|-item|p1a: Miraidon|Air Balloon\n|-activate|p2a: Where wall?|move: Sticky Web\n|-unboost|p2a: Where wall?|spe|1\n|turn|13\n|\n|t:|1698148743\n|move|p2a: Where wall?|Sucker Punch|p1a: Miraidon\n|-damage|p1a: Miraidon|39\/100\n|-enditem|p1a: Miraidon|Air Balloon\n|move|p1a: Miraidon|Electro Drift|p2a: Where wall?\n|-damage|p2a: Where wall?|0 fnt\n|faint|p2a: Where wall?\n|\n|upkeep\n|\n|t:|1698148746\n|switch|p2a: Oppenheimer|Koraidon|100\/100\n|-activate|p2a: Oppenheimer|move: Sticky Web\n|-unboost|p2a: Oppenheimer|spe|1\n|-weather|SunnyDay|[from] ability: Orichalcum Pulse|[of] p2a: Oppenheimer\n|-activate|p2a: Oppenheimer|Orichalcum Pulse|[source]\n|turn|14\n|\n|t:|1698148752\n|move|p1a: Miraidon|Dragon Pulse|p2a: Oppenheimer\n|-supereffective|p2a: Oppenheimer\n|-damage|p2a: Oppenheimer|0 fnt\n|faint|p2a: Oppenheimer\n|\n|win|Anne Frankkkk\n|raw|Anne Frankkkk's rating: 1184 &rarr; <strong>1207<\/strong><br \/>(+23 for winning)\n|raw|Tomynator jones.'s rating: 1153 &rarr; <strong>1130<\/strong><br \/>(-23 for losing)\n|l|\u2606Tomynator jones.\n","uploadtime":1698148759,"views":13,"p1id":"annefrankkkk","p2id":"tomynatorjones","formatid":"gen9ubers","rating":1130,"private":0,"password":""}