{"id":"gen9ubers-1993965208","p1":"Profesor Turo","p2":"Pickedman","format":"[Gen 9] Ubers","log":"|j|\u2606Profesor Turo\n|j|\u2606Pickedman\n|t:|1700384235\n|gametype|singles\n|player|p1|Profesor Turo|turo-ai|\n|player|p2|Pickedman|zinnia|\n|teamsize|p1|6\n|teamsize|p2|6\n|gen|9\n|tier|[Gen 9] Ubers\n|rule|Sleep Clause Mod: Limit one foe put to sleep\n|rule|Species Clause: Limit one of each Pok\u00e9mon\n|rule|OHKO Clause: OHKO moves are banned\n|rule|Evasion Items Clause: Evasion items are banned\n|rule|Evasion Moves Clause: Evasion moves are banned\n|rule|Endless Battle Clause: Forcing endless battles is banned\n|rule|HP Percentage Mod: HP is shown in percentages\n|clearpoke\n|poke|p1|Wo-Chien|\n|poke|p1|Fezandipiti, M|\n|poke|p1|Landorus-Therian, M|\n|poke|p1|Slowpoke, F|\n|poke|p1|Yanma, F|\n|poke|p1|Polteageist|\n|poke|p2|Koraidon|\n|poke|p2|Calyrex-Ice|\n|poke|p2|Gliscor, F|\n|poke|p2|Alomomola, F|\n|poke|p2|Lucario, F|\n|poke|p2|Slowking-Galar, F|\n|teampreview\n|inactive|Battle timer is ON: inactive players will automatically lose when time's up. (requested by Profesor Turo)\n|\n|t:|1700384249\n|start\n|switch|p1a: Fezandipiti|Fezandipiti, M|100\/100\n|switch|p2a: BreathOfASerpent|Koraidon|100\/100\n|-weather|SunnyDay|[from] ability: Orichalcum Pulse|[of] p2a: BreathOfASerpent\n|-activate|p2a: BreathOfASerpent|Orichalcum Pulse|[source]\n|turn|1\n|\n|t:|1700384255\n|move|p2a: BreathOfASerpent|Substitute|p2a: BreathOfASerpent\n|-start|p2a: BreathOfASerpent|Substitute\n|-damage|p2a: BreathOfASerpent|75\/100\n|move|p1a: Fezandipiti|Hex|p2a: BreathOfASerpent\n|-activate|p2a: BreathOfASerpent|move: Substitute|[damage]\n|\n|-weather|SunnyDay|[upkeep]\n|upkeep\n|turn|2\n|\n|t:|1700384279\n|move|p2a: BreathOfASerpent|Ancient Power|p1a: Fezandipiti\n|-damage|p1a: Fezandipiti|85\/100\n|move|p1a: Fezandipiti|Moonblast|p2a: BreathOfASerpent\n|-supereffective|p2a: BreathOfASerpent\n|-end|p2a: BreathOfASerpent|Substitute\n|\n|-weather|SunnyDay|[upkeep]\n|-heal|p1a: Fezandipiti|91\/100|[from] item: Leftovers\n|upkeep\n|turn|3\n|\n|t:|1700384285\n|switch|p2a: BlueRoom(KZVer)|Gliscor, F|100\/100\n|move|p1a: Fezandipiti|Moonblast|p2a: BlueRoom(KZVer)\n|-damage|p2a: BlueRoom(KZVer)|57\/100\n|-status|p2a: BlueRoom(KZVer)|tox|[from] ability: Toxic Chain|[of] p1a: Fezandipiti\n|\n|-weather|SunnyDay|[upkeep]\n|-heal|p1a: Fezandipiti|97\/100|[from] item: Leftovers\n|-heal|p2a: BlueRoom(KZVer)|70\/100 tox|[from] ability: Poison Heal\n|upkeep\n|turn|4\n|c|\u2606Pickedman|oh man\n|c|\u2606Pickedman|idk how im gonna come back from that one\n|c|\u2606Profesor Turo|kms\n|\n|t:|1700384307\n|switch|p1a: Yanma|Yanma, F|100\/100\n|move|p2a: BlueRoom(KZVer)|Taunt|p1a: Yanma\n|-start|p1a: Yanma|move: Taunt\n|\n|-weather|SunnyDay|[upkeep]\n|-heal|p2a: BlueRoom(KZVer)|82\/100 tox|[from] ability: Poison Heal\n|upkeep\n|turn|5\n|\n|t:|1700384318\n|move|p2a: BlueRoom(KZVer)|Stealth Rock|p1a: Yanma\n|-sidestart|p1: Profesor Turo|move: Stealth Rock\n|move|p1a: Yanma|Wing Attack|p2a: BlueRoom(KZVer)\n|-damage|p2a: BlueRoom(KZVer)|73\/100 tox\n|\n|-weather|none\n|-heal|p2a: BlueRoom(KZVer)|85\/100 tox|[from] ability: Poison Heal\n|-ability|p1a: Yanma|Speed Boost|boost\n|-boost|p1a: Yanma|spe|1\n|upkeep\n|turn|6\n|\n|t:|1700384328\n|move|p1a: Yanma|Wing Attack|p2a: BlueRoom(KZVer)\n|-damage|p2a: BlueRoom(KZVer)|76\/100 tox\n|move|p2a: BlueRoom(KZVer)|Toxic|p1a: Yanma|[miss]\n|-miss|p2a: BlueRoom(KZVer)|p1a: Yanma\n|\n|-heal|p2a: BlueRoom(KZVer)|89\/100 tox|[from] ability: Poison Heal\n|-end|p1a: Yanma|move: Taunt\n|-ability|p1a: Yanma|Speed Boost|boost\n|-boost|p1a: Yanma|spe|1\n|upkeep\n|turn|7\n|\n|t:|1700384337\n|move|p1a: Yanma|Swords Dance|p1a: Yanma\n|-boost|p1a: Yanma|atk|2\n|move|p2a: BlueRoom(KZVer)|Toxic|p1a: Yanma\n|-status|p1a: Yanma|tox\n|\n|-damage|p1a: Yanma|95\/100 tox|[from] psn\n|-heal|p2a: BlueRoom(KZVer)|100\/100 tox|[from] ability: Poison Heal\n|-ability|p1a: Yanma|Speed Boost|boost\n|-boost|p1a: Yanma|spe|1\n|upkeep\n|turn|8\n|\n|t:|1700384345\n|move|p1a: Yanma|Swords Dance|p1a: Yanma\n|-boost|p1a: Yanma|atk|2\n|move|p2a: BlueRoom(KZVer)|Spikes|p1a: Yanma\n|-sidestart|p1: Profesor Turo|Spikes\n|\n|-damage|p1a: Yanma|83\/100 tox|[from] psn\n|-ability|p1a: Yanma|Speed Boost|boost\n|-boost|p1a: Yanma|spe|1\n|upkeep\n|turn|9\n|\n|t:|1700384350\n|move|p1a: Yanma|Wing Attack|p2a: BlueRoom(KZVer)\n|-damage|p2a: BlueRoom(KZVer)|73\/100 tox\n|move|p2a: BlueRoom(KZVer)|Spikes|p1a: Yanma\n|-sidestart|p1: Profesor Turo|Spikes\n|\n|-damage|p1a: Yanma|65\/100 tox|[from] psn\n|-heal|p2a: BlueRoom(KZVer)|85\/100 tox|[from] ability: Poison Heal\n|-ability|p1a: Yanma|Speed Boost|boost\n|-boost|p1a: Yanma|spe|1\n|upkeep\n|turn|10\n|\n|t:|1700384359\n|move|p1a: Yanma|Wing Attack|p2a: BlueRoom(KZVer)\n|-damage|p2a: BlueRoom(KZVer)|57\/100 tox\n|move|p2a: BlueRoom(KZVer)|Spikes|p1a: Yanma\n|-sidestart|p1: Profesor Turo|Spikes\n|\n|-damage|p1a: Yanma|41\/100 tox|[from] psn\n|-heal|p2a: BlueRoom(KZVer)|69\/100 tox|[from] ability: Poison Heal\n|-ability|p1a: Yanma|Speed Boost|boost\n|-boost|p1a: Yanma|spe|1\n|upkeep\n|turn|11\n|\n|t:|1700384369\n|move|p1a: Yanma|Wing Attack|p2a: BlueRoom(KZVer)\n|-damage|p2a: BlueRoom(KZVer)|42\/100 tox\n|move|p2a: BlueRoom(KZVer)|Taunt|p1a: Yanma\n|-start|p1a: Yanma|move: Taunt\n|\n|-damage|p1a: Yanma|11\/100 tox|[from] psn\n|-heal|p2a: BlueRoom(KZVer)|54\/100 tox|[from] ability: Poison Heal\n|upkeep\n|turn|12\n|\n|t:|1700384375\n|move|p1a: Yanma|Wing Attack|p2a: BlueRoom(KZVer)\n|-damage|p2a: BlueRoom(KZVer)|28\/100 tox\n|move|p2a: BlueRoom(KZVer)|Toxic|p1a: Yanma\n|-fail|p1a: Yanma|tox\n|\n|-damage|p1a: Yanma|0 fnt|[from] psn\n|faint|p1a: Yanma\n|-heal|p2a: BlueRoom(KZVer)|40\/100 tox|[from] ability: Poison Heal\n|upkeep\n|\n|t:|1700384387\n|switch|p1a: Landorus|Landorus-Therian, M|100\/100\n|-damage|p1a: Landorus|88\/100|[from] Stealth Rock\n|-ability|p1a: Landorus|Intimidate|boost\n|-unboost|p2a: BlueRoom(KZVer)|atk|1\n|turn|13\n|\n|t:|1700384398\n|switch|p2a: WNE|Calyrex-Ice|100\/100\n|-ability|p2a: WNE|As One\n|-ability|p2a: WNE|Unnerve\n|move|p1a: Landorus|Psychic|p2a: WNE\n|-resisted|p2a: WNE\n|-damage|p2a: WNE|88\/100\n|\n|upkeep\n|turn|14\n|\n|t:|1700384407\n|switch|p1a: Wo-Chien|Wo-Chien|100\/100\n|-damage|p1a: Wo-Chien|88\/100|[from] Stealth Rock\n|-damage|p1a: Wo-Chien|64\/100|[from] Spikes\n|-ability|p1a: Wo-Chien|Tablets of Ruin\n|move|p2a: WNE|Calm Mind|p2a: WNE\n|-boost|p2a: WNE|spa|1\n|-boost|p2a: WNE|spd|1\n|\n|-heal|p1a: Wo-Chien|70\/100|[from] item: Leftovers\n|upkeep\n|turn|15\n|\n|t:|1700384414\n|move|p1a: Wo-Chien|Growth|p1a: Wo-Chien\n|-boost|p1a: Wo-Chien|atk|1\n|-boost|p1a: Wo-Chien|spa|1\n|move|p2a: WNE|Ice Beam|p1a: Wo-Chien\n|-supereffective|p1a: Wo-Chien\n|-damage|p1a: Wo-Chien|0 fnt\n|faint|p1a: Wo-Chien\n|-ability|p2a: WNE|Chilling Neigh|boost\n|-boost|p2a: WNE|atk|1\n|\n|upkeep\n|\n|t:|1700384419\n|switch|p1a: Polteageist|Polteageist|100\/100\n|-damage|p1a: Polteageist|88\/100|[from] Stealth Rock\n|-damage|p1a: Polteageist|63\/100|[from] Spikes\n|turn|16\n|\n|t:|1700384425\n|move|p1a: Polteageist|Strength Sap|p2a: WNE\n|-unboost|p2a: WNE|atk|1\n|-heal|p1a: Polteageist|100\/100\n|move|p2a: WNE|Draining Kiss|p1a: Polteageist\n|-damage|p1a: Polteageist|73\/100\n|-heal|p2a: WNE|100\/100|[from] drain|[of] p1a: Polteageist\n|\n|upkeep\n|turn|17\n|\n|t:|1700384450\n|move|p1a: Polteageist|Strength Sap|p2a: WNE\n|-unboost|p2a: WNE|atk|1\n|-heal|p1a: Polteageist|100\/100\n|move|p2a: WNE|Psyshock|p1a: Polteageist\n|-damage|p1a: Polteageist|12\/100\n|\n|upkeep\n|turn|18\n|\n|t:|1700384458\n|-terastallize|p1a: Polteageist|Ghost\n|move|p1a: Polteageist|Poltergeist|p2a: WNE\n|-activate|p2a: WNE|move: Poltergeist|Heavy-Duty Boots\n|-supereffective|p2a: WNE\n|-damage|p2a: WNE|33\/100\n|move|p2a: WNE|Psyshock|p1a: Polteageist\n|-damage|p1a: Polteageist|0 fnt\n|faint|p1a: Polteageist\n|-ability|p2a: WNE|Chilling Neigh|boost\n|-boost|p2a: WNE|atk|1\n|\n|upkeep\n|\n|t:|1700384465\n|switch|p1a: Fezandipiti|Fezandipiti, M|97\/100\n|-damage|p1a: Fezandipiti|85\/100|[from] Stealth Rock\n|-damage|p1a: Fezandipiti|60\/100|[from] Spikes\n|turn|19\n|\n|t:|1700384471\n|move|p1a: Fezandipiti|Hex|p2a: WNE\n|-supereffective|p2a: WNE\n|-damage|p2a: WNE|18\/100\n|move|p2a: WNE|Psyshock|p1a: Fezandipiti\n|-supereffective|p1a: Fezandipiti\n|-damage|p1a: Fezandipiti|0 fnt\n|faint|p1a: Fezandipiti\n|-ability|p2a: WNE|Chilling Neigh|boost\n|-boost|p2a: WNE|atk|1\n|\n|upkeep\n|\n|t:|1700384475\n|switch|p1a: Landorus|Landorus-Therian, M|88\/100\n|-damage|p1a: Landorus|76\/100|[from] Stealth Rock\n|-ability|p1a: Landorus|Intimidate|boost\n|-unboost|p2a: WNE|atk|1\n|turn|20\n|\n|t:|1700384481\n|move|p1a: Landorus|Earth Power|p2a: WNE\n|-damage|p2a: WNE|0 fnt\n|faint|p2a: WNE\n|\n|upkeep\n|-message|Profesor Turo forfeited.\n|\n|win|Pickedman\n|c|\u2606Profesor Turo|Ggs\n|l|\u2606Profesor Turo\n|c|\u2606Pickedman|gg\n","uploadtime":1700384496,"views":37,"p1id":"profesorturo","p2id":"pickedman","formatid":"gen9ubers","rating":0,"private":0,"password":""}