{"id":"gen9ubers-1993900305","p1":"Rival Gary Oak","p2":"mysticalcheese","format":"[Gen 9] Ubers","log":"|j|\u2606Rival Gary Oak\n|j|\u2606mysticalcheese\n|t:|1700372310\n|gametype|singles\n|player|p1|Rival Gary Oak|blue|\n|player|p2|mysticalcheese|1|\n|teamsize|p1|6\n|teamsize|p2|6\n|gen|9\n|tier|[Gen 9] Ubers\n|rule|Sleep Clause Mod: Limit one foe put to sleep\n|rule|Species Clause: Limit one of each Pok\u00e9mon\n|rule|OHKO Clause: OHKO moves are banned\n|rule|Evasion Items Clause: Evasion items are banned\n|rule|Evasion Moves Clause: Evasion moves are banned\n|rule|Endless Battle Clause: Forcing endless battles is banned\n|rule|HP Percentage Mod: HP is shown in percentages\n|clearpoke\n|poke|p1|Dragapult, F|\n|poke|p1|Regieleki|\n|poke|p1|Ursaluna-Bloodmoon, M|\n|poke|p1|Ogerpon, F|\n|poke|p1|Articuno-Galar|\n|poke|p1|Goodra-Hisui, M|\n|poke|p2|Torterra, M|\n|poke|p2|Dusclops, M|\n|poke|p2|Chansey, F|\n|poke|p2|Amoonguss, M|\n|poke|p2|Iron Valiant|\n|poke|p2|Dedenne, M|\n|teampreview\n|\n|t:|1700372413\n|start\n|switch|p1a: Ogerpon|Ogerpon, F|100\/100\n|switch|p2a: Torterra|Torterra, M|100\/100\n|turn|1\n|\n|t:|1700372435\n|switch|p2a: Amoonguss|Amoonguss, M|100\/100\n|move|p1a: Ogerpon|Knock Off|p2a: Amoonguss\n|-damage|p2a: Amoonguss|83\/100\n|-enditem|p2a: Amoonguss|Assault Vest|[from] move: Knock Off|[of] p1a: Ogerpon\n|\n|upkeep\n|turn|2\n|\n|t:|1700372471\n|move|p1a: Ogerpon|U-turn|p2a: Amoonguss\n|-damage|p2a: Amoonguss|69\/100\n|\n|t:|1700372491\n|switch|p1a: Goodra|Goodra-Hisui, M, shiny|100\/100|[from] U-turn\n|move|p2a: Amoonguss|Sludge Bomb|p1a: Goodra\n|-immune|p1a: Goodra\n|\n|upkeep\n|turn|3\n|\n|t:|1700372535\n|move|p1a: Goodra|Knock Off|p2a: Amoonguss\n|-damage|p2a: Amoonguss|60\/100\n|move|p2a: Amoonguss|Stomping Tantrum|p1a: Goodra\n|-supereffective|p1a: Goodra\n|-damage|p1a: Goodra|36\/100\n|\n|upkeep\n|turn|4\n|\n|t:|1700372576\n|switch|p2a: Chansey|Chansey, F|100\/100\n|move|p1a: Goodra|Ice Beam|p2a: Chansey\n|-damage|p2a: Chansey|91\/100\n|\n|upkeep\n|turn|5\n|\n|t:|1700372590\n|switch|p2a: Amoonguss|Amoonguss, M|93\/100\n|move|p1a: Goodra|Knock Off|p2a: Amoonguss\n|-crit|p2a: Amoonguss\n|-damage|p2a: Amoonguss|79\/100\n|\n|upkeep\n|turn|6\n|\n|t:|1700372601\n|switch|p1a: Articuno|Articuno-Galar, shiny|100\/100\n|move|p2a: Amoonguss|Stomping Tantrum|p1a: Articuno\n|-immune|p1a: Articuno\n|\n|upkeep\n|turn|7\n|\n|t:|1700372619\n|switch|p2a: Dusclops|Dusclops, M|100\/100\n|-item|p1a: Articuno|Leftovers|[from] ability: Frisk|[of] p2a: Dusclops|[identify]\n|move|p1a: Articuno|Substitute|p1a: Articuno\n|-start|p1a: Articuno|Substitute\n|-damage|p1a: Articuno|76\/100\n|\n|-heal|p1a: Articuno|82\/100|[from] item: Leftovers\n|upkeep\n|turn|8\n|\n|t:|1700372632\n|move|p1a: Articuno|Calm Mind|p1a: Articuno\n|-boost|p1a: Articuno|spa|1\n|-boost|p1a: Articuno|spd|1\n|move|p2a: Dusclops|Night Shade|p1a: Articuno\n|-end|p1a: Articuno|Substitute\n|\n|-heal|p1a: Articuno|88\/100|[from] item: Leftovers\n|upkeep\n|turn|9\n|\n|t:|1700372694\n|move|p1a: Articuno|Psyshock|p2a: Dusclops\n|-damage|p2a: Dusclops|60\/100\n|move|p2a: Dusclops|Night Shade|p1a: Articuno\n|-damage|p1a: Articuno|57\/100\n|\n|-heal|p1a: Articuno|63\/100|[from] item: Leftovers\n|upkeep\n|turn|10\n|\n|t:|1700372735\n|move|p1a: Articuno|Psyshock|p2a: Dusclops\n|-damage|p2a: Dusclops|19\/100\n|move|p2a: Dusclops|Rest|p2a: Dusclops\n|-status|p2a: Dusclops|slp|[from] move: Rest\n|-heal|p2a: Dusclops|100\/100 slp|[silent]\n|\n|-heal|p1a: Articuno|69\/100|[from] item: Leftovers\n|upkeep\n|turn|11\n|\n|t:|1700372764\n|switch|p2a: Torterra|Torterra, M|100\/100\n|move|p1a: Articuno|Calm Mind|p1a: Articuno\n|-boost|p1a: Articuno|spa|1\n|-boost|p1a: Articuno|spd|1\n|\n|-heal|p1a: Articuno|76\/100|[from] item: Leftovers\n|upkeep\n|turn|12\n|\n|t:|1700372828\n|move|p1a: Articuno|Psyshock|p2a: Torterra\n|-damage|p2a: Torterra|30\/100\n|move|p2a: Torterra|Crunch|p1a: Articuno\n|-supereffective|p1a: Articuno\n|-crit|p1a: Articuno\n|-damage|p1a: Articuno|0 fnt\n|faint|p1a: Articuno\n|\n|upkeep\n|\n|t:|1700372881\n|switch|p1a: Goodra|Goodra-Hisui, M, shiny|36\/100\n|turn|13\n|\n|t:|1700372901\n|-terastallize|p2a: Torterra|Water\n|move|p1a: Goodra|Knock Off|p2a: Torterra\n|-damage|p2a: Torterra|14\/100\n|-enditem|p2a: Torterra|Assault Vest|[from] move: Knock Off|[of] p1a: Goodra\n|move|p2a: Torterra|Headlong Rush|p1a: Goodra\n|-supereffective|p1a: Goodra\n|-damage|p1a: Goodra|0 fnt\n|-unboost|p2a: Torterra|def|1\n|-unboost|p2a: Torterra|spd|1\n|faint|p1a: Goodra\n|\n|upkeep\n|\n|t:|1700372933\n|switch|p1a: Ogerpon|Ogerpon, F|100\/100\n|turn|14\n|\n|t:|1700372960\n|switch|p2a: Amoonguss|Amoonguss, M|100\/100\n|move|p1a: Ogerpon|Ivy Cudgel|p2a: Amoonguss\n|-resisted|p2a: Amoonguss\n|-crit|p2a: Amoonguss\n|-damage|p2a: Amoonguss|89\/100\n|\n|upkeep\n|turn|15\n|\n|t:|1700372992\n|move|p1a: Ogerpon|U-turn|p2a: Amoonguss\n|-damage|p2a: Amoonguss|75\/100\n|\n|t:|1700372997\n|switch|p1a: Dragapult|Dragapult, F, shiny|100\/100|[from] U-turn\n|move|p2a: Amoonguss|Foul Play|p1a: Dragapult\n|-supereffective|p1a: Dragapult\n|-damage|p1a: Dragapult|6\/100\n|\n|upkeep\n|turn|16\n|\n|t:|1700373018\n|switch|p2a: Chansey|Chansey, F|91\/100\n|move|p1a: Dragapult|Psychic Fangs|p2a: Chansey\n|-damage|p2a: Chansey|72\/100\n|\n|upkeep\n|turn|17\n|\n|t:|1700373032\n|switch|p1a: Ogerpon|Ogerpon, F|100\/100\n|move|p2a: Chansey|Stealth Rock|p1a: Ogerpon\n|-sidestart|p1: Rival Gary Oak|move: Stealth Rock\n|\n|upkeep\n|turn|18\n|\n|t:|1700373049\n|switch|p2a: Amoonguss|Amoonguss, M|100\/100\n|move|p1a: Ogerpon|U-turn|p2a: Amoonguss\n|-damage|p2a: Amoonguss|86\/100\n|\n|t:|1700373053\n|switch|p1a: Regieleki|Regieleki|100\/100|[from] U-turn\n|-damage|p1a: Regieleki|88\/100|[from] Stealth Rock\n|\n|upkeep\n|turn|19\n|\n|t:|1700373060\n|switch|p2a: Dusclops|Dusclops, M|100\/100 slp\n|-item|p1a: Regieleki|Magnet|[from] ability: Frisk|[of] p2a: Dusclops|[identify]\n|move|p1a: Regieleki|Rapid Spin|p2a: Dusclops\n|-immune|p2a: Dusclops\n|\n|upkeep\n|turn|20\n|\n|t:|1700373070\n|move|p1a: Regieleki|Thunderbolt|p2a: Dusclops\n|-damage|p2a: Dusclops|72\/100 slp\n|cant|p2a: Dusclops|slp\n|move|p2a: Dusclops|Sleep Talk|p2a: Dusclops\n|move|p2a: Dusclops|Will-O-Wisp|p1a: Regieleki|[from]move: Sleep Talk\n|-status|p1a: Regieleki|brn\n|\n|-damage|p1a: Regieleki|82\/100 brn|[from] brn\n|upkeep\n|turn|21\n|\n|t:|1700373094\n|move|p1a: Regieleki|Thunderbolt|p2a: Dusclops\n|-damage|p2a: Dusclops|45\/100 slp\n|cant|p2a: Dusclops|slp\n|move|p2a: Dusclops|Sleep Talk|p2a: Dusclops\n|move|p2a: Dusclops|Rest||[from]move: Sleep Talk|[still]\n|-fail|p2a: Dusclops\n|\n|-damage|p1a: Regieleki|76\/100 brn|[from] brn\n|upkeep\n|turn|22\n|\n|t:|1700373152\n|switch|p1a: Ursaluna|Ursaluna-Bloodmoon, M|100\/100\n|-damage|p1a: Ursaluna|94\/100|[from] Stealth Rock\n|-curestatus|p2a: Dusclops|slp|[msg]\n|move|p2a: Dusclops|Rest|p2a: Dusclops\n|-status|p2a: Dusclops|slp|[from] move: Rest\n|-heal|p2a: Dusclops|100\/100 slp|[silent]\n|\n|upkeep\n|turn|23\n|\n|t:|1700373167\n|switch|p2a: Torterra|Torterra, M, tera:Water|14\/100\n|move|p1a: Ursaluna|Blood Moon|p2a: Torterra\n|-damage|p2a: Torterra|0 fnt\n|faint|p2a: Torterra\n|\n|upkeep\n|\n|t:|1700373183\n|switch|p2a: Chansey|Chansey, F|72\/100\n|turn|24\n|\n|t:|1700373204\n|move|p1a: Ursaluna|Earth Power|p2a: Chansey\n|-damage|p2a: Chansey|55\/100\n|move|p2a: Chansey|Light Screen|p2a: Chansey\n|-sidestart|p2: mysticalcheese|move: Light Screen\n|\n|upkeep\n|turn|25\n|\n|t:|1700373227\n|switch|p1a: Ogerpon|Ogerpon, F|100\/100\n|-damage|p1a: Ogerpon|88\/100|[from] Stealth Rock\n|move|p2a: Chansey|Soft-Boiled|p2a: Chansey\n|-heal|p2a: Chansey|100\/100\n|\n|upkeep\n|turn|26\n|\n|t:|1700373290\n|switch|p2a: Amoonguss|Amoonguss, M|100\/100\n|move|p1a: Ogerpon|Knock Off|p2a: Amoonguss\n|-damage|p2a: Amoonguss|87\/100\n|\n|upkeep\n|turn|27\n|\n|t:|1700373303\n|move|p1a: Ogerpon|Stomping Tantrum|p2a: Amoonguss\n|-damage|p2a: Amoonguss|74\/100\n|move|p2a: Amoonguss|Giga Drain|p1a: Ogerpon\n|-resisted|p1a: Ogerpon\n|-damage|p1a: Ogerpon|83\/100\n|-heal|p2a: Amoonguss|76\/100|[from] drain|[of] p1a: Ogerpon\n|\n|upkeep\n|turn|28\n|\n|t:|1700373365\n|move|p1a: Ogerpon|U-turn|p2a: Amoonguss\n|-damage|p2a: Amoonguss|63\/100\n|\n|t:|1700373380\n|switch|p1a: Dragapult|Dragapult, F, shiny|6\/100|[from] U-turn\n|-damage|p1a: Dragapult|0 fnt|[from] Stealth Rock\n|faint|p1a: Dragapult\n|move|p2a: Amoonguss|Sludge Bomb|p1: Dragapult|[notarget]\n|-fail|p2a: Amoonguss\n|\n|-sideend|p2: mysticalcheese|move: Light Screen\n|upkeep\n|\n|t:|1700373392\n|switch|p1a: Regieleki|Regieleki|76\/100 brn\n|-damage|p1a: Regieleki|64\/100 brn|[from] Stealth Rock\n|turn|29\n|\n|t:|1700373399\n|switch|p2a: Dusclops|Dusclops, M|100\/100 slp\n|-item|p1a: Regieleki|Magnet|[from] ability: Frisk|[of] p2a: Dusclops|[identify]\n|move|p1a: Regieleki|Thunderbolt|p2a: Dusclops\n|-damage|p2a: Dusclops|73\/100 slp\n|\n|-damage|p1a: Regieleki|58\/100 brn|[from] brn\n|upkeep\n|turn|30\n|\n|t:|1700373422\n|move|p1a: Regieleki|Volt Switch|p2a: Dusclops\n|-damage|p2a: Dusclops|50\/100 slp\n|\n|t:|1700373426\n|switch|p1a: Ogerpon|Ogerpon, F|83\/100|[from] Volt Switch\n|-damage|p1a: Ogerpon|71\/100|[from] Stealth Rock\n|cant|p2a: Dusclops|slp\n|move|p2a: Dusclops|Sleep Talk|p2a: Dusclops\n|move|p2a: Dusclops|Rest||[from]move: Sleep Talk|[still]\n|-fail|p2a: Dusclops\n|\n|upkeep\n|turn|31\n|\n|t:|1700373437\n|switch|p2a: Amoonguss|Amoonguss, M|96\/100\n|move|p1a: Ogerpon|U-turn|p2a: Amoonguss\n|-damage|p2a: Amoonguss|82\/100\n|\n|t:|1700373444\n|switch|p1a: Ursaluna|Ursaluna-Bloodmoon, M|94\/100|[from] U-turn\n|-damage|p1a: Ursaluna|88\/100|[from] Stealth Rock\n|\n|upkeep\n|turn|32\n|\n|t:|1700373461\n|switch|p2a: Chansey|Chansey, F|100\/100\n|move|p1a: Ursaluna|Blood Moon|p2a: Chansey\n|-damage|p2a: Chansey|77\/100\n|\n|upkeep\n|turn|33\n|\n|t:|1700373482\n|move|p1a: Ursaluna|Earth Power|p2a: Chansey\n|-damage|p2a: Chansey|59\/100\n|move|p2a: Chansey|Seismic Toss|p1a: Ursaluna\n|-damage|p1a: Ursaluna|65\/100\n|\n|upkeep\n|turn|34\n|\n|t:|1700373497\n|move|p1a: Ursaluna|Blood Moon|p2a: Chansey\n|-damage|p2a: Chansey|34\/100\n|move|p2a: Chansey|Soft-Boiled|p2a: Chansey\n|-heal|p2a: Chansey|84\/100\n|\n|upkeep\n|turn|35\n|\n|t:|1700373517\n|move|p1a: Ursaluna|Earth Power|p2a: Chansey\n|-damage|p2a: Chansey|66\/100\n|move|p2a: Chansey|Seismic Toss|p1a: Ursaluna\n|-damage|p1a: Ursaluna|42\/100\n|\n|upkeep\n|turn|36\n|\n|t:|1700373527\n|move|p1a: Ursaluna|Blood Moon|p2a: Chansey\n|-damage|p2a: Chansey|40\/100\n|move|p2a: Chansey|Soft-Boiled|p2a: Chansey\n|-heal|p2a: Chansey|90\/100\n|\n|upkeep\n|turn|37\n|\n|t:|1700373539\n|move|p1a: Ursaluna|Earth Power|p2a: Chansey\n|-damage|p2a: Chansey|74\/100\n|move|p2a: Chansey|Seismic Toss|p1a: Ursaluna\n|-damage|p1a: Ursaluna|19\/100\n|\n|upkeep\n|turn|38\n|\n|t:|1700373551\n|move|p1a: Ursaluna|Blood Moon|p2a: Chansey\n|-damage|p2a: Chansey|49\/100\n|move|p2a: Chansey|Seismic Toss|p1a: Ursaluna\n|-damage|p1a: Ursaluna|0 fnt\n|faint|p1a: Ursaluna\n|\n|upkeep\n|\n|t:|1700373569\n|switch|p1a: Regieleki|Regieleki|58\/100 brn\n|-damage|p1a: Regieleki|46\/100 brn|[from] Stealth Rock\n|turn|39\n|\n|t:|1700373586\n|move|p1a: Regieleki|Thunderbolt|p2a: Chansey\n|-damage|p2a: Chansey|30\/100\n|move|p2a: Chansey|Soft-Boiled|p2a: Chansey\n|-heal|p2a: Chansey|80\/100\n|\n|-damage|p1a: Regieleki|40\/100 brn|[from] brn\n|upkeep\n|turn|40\n|\n|t:|1700373602\n|move|p1a: Regieleki|Thunderbolt|p2a: Chansey\n|-damage|p2a: Chansey|62\/100\n|move|p2a: Chansey|Seismic Toss|p1a: Regieleki\n|-damage|p1a: Regieleki|6\/100 brn\n|\n|-damage|p1a: Regieleki|0 fnt|[from] brn\n|faint|p1a: Regieleki\n|upkeep\n|\n|t:|1700373608\n|switch|p1a: Ogerpon|Ogerpon, F|71\/100\n|-damage|p1a: Ogerpon|58\/100|[from] Stealth Rock\n|turn|41\n|\n|t:|1700373613\n|move|p1a: Ogerpon|Ivy Cudgel|p2a: Chansey\n|-damage|p2a: Chansey|36\/100\n|move|p2a: Chansey|Seismic Toss|p1a: Ogerpon\n|-damage|p1a: Ogerpon|31\/100\n|\n|upkeep\n|turn|42\n|\n|t:|1700373624\n|move|p1a: Ogerpon|Knock Off|p2a: Chansey\n|-damage|p2a: Chansey|19\/100\n|-enditem|p2a: Chansey|Eviolite|[from] move: Knock Off|[of] p1a: Ogerpon\n|move|p2a: Chansey|Seismic Toss|p1a: Ogerpon\n|-damage|p1a: Ogerpon|4\/100\n|\n|upkeep\n|turn|43\n|\n|t:|1700373643\n|move|p1a: Ogerpon|Knock Off|p2a: Chansey\n|-damage|p2a: Chansey|2\/100\n|move|p2a: Chansey|Seismic Toss|p1a: Ogerpon\n|-damage|p1a: Ogerpon|0 fnt\n|faint|p1a: Ogerpon\n|\n|win|mysticalcheese\n|l|\u2606Rival Gary Oak\n","uploadtime":1700373659,"views":5,"p1id":"rivalgaryoak","p2id":"mysticalcheese","formatid":"gen9ubers","rating":0,"private":0,"password":""}