{"id":"gen9ubers-1974738656","p1":"Nitro524","p2":"kirimissing","format":"[Gen 9] Ubers","log":"|j|\u2606Nitro524\n|j|\u2606kirimissing\n|t:|1698116115\n|gametype|singles\n|player|p1|Nitro524|169|\n|player|p2|kirimissing|raifort|\n|teamsize|p1|6\n|teamsize|p2|6\n|gen|9\n|tier|[Gen 9] Ubers\n|rule|Sleep Clause Mod: Limit one foe put to sleep\n|rule|Species Clause: Limit one of each Pok\u00e9mon\n|rule|OHKO Clause: OHKO moves are banned\n|rule|Evasion Items Clause: Evasion items are banned\n|rule|Evasion Moves Clause: Evasion moves are banned\n|rule|Endless Battle Clause: Forcing endless battles is banned\n|rule|HP Percentage Mod: HP is shown in percentages\n|clearpoke\n|poke|p1|Torkoal, M|\n|poke|p1|Ceruledge, F|\n|poke|p1|Cyclizar, F|\n|poke|p1|Volcarona, F|\n|poke|p1|Arceus-Grass|\n|poke|p1|Walking Wake|\n|poke|p2|Scizor, M|\n|poke|p2|Haxorus, F|\n|poke|p2|Ninetales-Alola, M|\n|poke|p2|Alomomola, F|\n|poke|p2|Espathra, M|\n|poke|p2|Volcarona, F|\n|teampreview\n|c|\u2606Nitro524|gl\n|c|\u2606kirimissing|now its fixed lol\n|c|\u2606kirimissing|gl\n|\n|t:|1698116126\n|start\n|switch|p1a: Torkoal|Torkoal, M|100\/100\n|switch|p2a: Haxorus|Haxorus, F, shiny|100\/100\n|-ability|p2a: Haxorus|Mold Breaker\n|-weather|SunnyDay|[from] ability: Drought|[of] p1a: Torkoal\n|turn|1\n|\n|t:|1698116139\n|switch|p1a: Walking Wake|Walking Wake|100\/100\n|-activate|p1a: Walking Wake|ability: Protosynthesis\n|-start|p1a: Walking Wake|protosynthesisspe\n|move|p2a: Haxorus|Swords Dance|p2a: Haxorus\n|-boost|p2a: Haxorus|atk|2\n|\n|-weather|SunnyDay|[upkeep]\n|upkeep\n|turn|2\n|\n|t:|1698116144\n|-terastallize|p2a: Haxorus|Electric\n|move|p1a: Walking Wake|Draco Meteor|p2a: Haxorus\n|-damage|p2a: Haxorus|0 fnt\n|-unboost|p1a: Walking Wake|spa|2\n|faint|p2a: Haxorus\n|\n|-weather|SunnyDay|[upkeep]\n|upkeep\n|c|\u2606kirimissing|SHEEEESH\n|c|\u2606kirimissing|didnt know that would kill honestly\n|\n|t:|1698116159\n|switch|p2a: Volcarona|Volcarona, F|100\/100\n|turn|3\n|c|\u2606Nitro524|;3\n|\n|t:|1698116197\n|-end|p1a: Walking Wake|Protosynthesis|[silent]\n|switch|p1a: Arceus|Arceus-Grass|100\/100\n|move|p2a: Volcarona|Quiver Dance|p2a: Volcarona\n|-boost|p2a: Volcarona|spa|1\n|-boost|p2a: Volcarona|spd|1\n|-boost|p2a: Volcarona|spe|1\n|\n|-weather|SunnyDay|[upkeep]\n|upkeep\n|turn|4\n|\n|t:|1698116203\n|move|p2a: Volcarona|Fiery Dance|p1a: Arceus\n|-supereffective|p1a: Arceus\n|-damage|p1a: Arceus|0 fnt\n|-boost|p2a: Volcarona|spa|1\n|faint|p1a: Arceus\n|\n|-weather|SunnyDay|[upkeep]\n|upkeep\n|\n|t:|1698116207\n|switch|p1a: Walking Wake|Walking Wake|100\/100\n|-activate|p1a: Walking Wake|ability: Protosynthesis\n|-start|p1a: Walking Wake|protosynthesisspe\n|turn|5\n|\n|t:|1698116215\n|move|p1a: Walking Wake|Hydro Steam|p2a: Volcarona\n|-supereffective|p2a: Volcarona\n|-damage|p2a: Volcarona|0 fnt\n|faint|p2a: Volcarona\n|\n|-weather|SunnyDay|[upkeep]\n|upkeep\n|\n|t:|1698116223\n|switch|p2a: Espathra|Espathra, M|100\/100\n|turn|6\n|\n|t:|1698116228\n|move|p2a: Espathra|Protect|p2a: Espathra\n|-singleturn|p2a: Espathra|Protect\n|move|p1a: Walking Wake|Hydro Steam|p2a: Espathra\n|-activate|p2a: Espathra|move: Protect\n|\n|-weather|SunnyDay|[upkeep]\n|-ability|p2a: Espathra|Speed Boost|boost\n|-boost|p2a: Espathra|spe|1\n|upkeep\n|turn|7\n|\n|t:|1698116238\n|switch|p2a: Ninetales|Ninetales-Alola, M|100\/100\n|-weather|Snow|[from] ability: Snow Warning|[of] p2a: Ninetales\n|-end|p1a: Walking Wake|Protosynthesis\n|move|p1a: Walking Wake|Hydro Steam|p2a: Ninetales\n|-damage|p2a: Ninetales|39\/100\n|\n|-weather|Snow|[upkeep]\n|upkeep\n|turn|8\n|\n|t:|1698116245\n|switch|p2a: Alomomola|Alomomola, F|100\/100\n|move|p1a: Walking Wake|Hydro Steam|p2a: Alomomola\n|-resisted|p2a: Alomomola\n|-damage|p2a: Alomomola|80\/100\n|\n|-weather|Snow|[upkeep]\n|-heal|p2a: Alomomola|86\/100|[from] item: Leftovers\n|upkeep\n|turn|9\n|\n|t:|1698116259\n|-end|p1a: Walking Wake|Protosynthesis|[silent]\n|switch|p1a: Cyclizar|Cyclizar, F|100\/100\n|move|p2a: Alomomola|Wish|p2a: Alomomola\n|\n|-weather|Snow|[upkeep]\n|-heal|p2a: Alomomola|92\/100|[from] item: Leftovers\n|upkeep\n|turn|10\n|\n|t:|1698116274\n|switch|p2a: Ninetales|Ninetales-Alola, M|39\/100\n|move|p1a: Cyclizar|Knock Off|p2a: Ninetales\n|-resisted|p2a: Ninetales\n|-crit|p2a: Ninetales\n|-damage|p2a: Ninetales|26\/100\n|-enditem|p2a: Ninetales|Light Clay|[from] move: Knock Off|[of] p1a: Cyclizar\n|\n|-weather|Snow|[upkeep]\n|-heal|p2a: Ninetales|100\/100|[from] move: Wish|[wisher] Alomomola\n|upkeep\n|turn|11\n|\n|t:|1698116287\n|switch|p1a: Torkoal|Torkoal, M|100\/100\n|-weather|SunnyDay|[from] ability: Drought|[of] p1a: Torkoal\n|switch|p2a: Espathra|Espathra, M|100\/100\n|\n|-weather|SunnyDay|[upkeep]\n|upkeep\n|turn|12\n|\n|t:|1698116292\n|move|p2a: Espathra|Calm Mind|p2a: Espathra\n|-boost|p2a: Espathra|spa|1\n|-boost|p2a: Espathra|spd|1\n|move|p1a: Torkoal|Stealth Rock|p2a: Espathra\n|-sidestart|p2: kirimissing|move: Stealth Rock\n|\n|-weather|SunnyDay|[upkeep]\n|-ability|p2a: Espathra|Speed Boost|boost\n|-boost|p2a: Espathra|spe|1\n|upkeep\n|turn|13\n|\n|t:|1698116319\n|switch|p1a: Volcarona|Volcarona, F|100\/100\n|move|p2a: Espathra|Calm Mind|p2a: Espathra\n|-boost|p2a: Espathra|spa|1\n|-boost|p2a: Espathra|spd|1\n|\n|-weather|SunnyDay|[upkeep]\n|-ability|p2a: Espathra|Speed Boost|boost\n|-boost|p2a: Espathra|spe|1\n|upkeep\n|turn|14\n|\n|t:|1698116330\n|move|p2a: Espathra|Calm Mind|p2a: Espathra\n|-boost|p2a: Espathra|spa|1\n|-boost|p2a: Espathra|spd|1\n|move|p1a: Volcarona|Quiver Dance|p1a: Volcarona\n|-boost|p1a: Volcarona|spa|1\n|-boost|p1a: Volcarona|spd|1\n|-boost|p1a: Volcarona|spe|1\n|\n|-weather|SunnyDay|[upkeep]\n|-ability|p2a: Espathra|Speed Boost|boost\n|-boost|p2a: Espathra|spe|1\n|upkeep\n|turn|15\n|\n|t:|1698116349\n|move|p2a: Espathra|Stored Power|p1a: Volcarona\n|-damage|p1a: Volcarona|0 fnt\n|faint|p1a: Volcarona\n|-damage|p2a: Espathra|91\/100|[from] item: Life Orb\n|\n|-weather|SunnyDay|[upkeep]\n|-ability|p2a: Espathra|Speed Boost|boost\n|-boost|p2a: Espathra|spe|1\n|upkeep\n|\n|t:|1698116367\n|switch|p1a: Walking Wake|Walking Wake|100\/100\n|-activate|p1a: Walking Wake|ability: Protosynthesis\n|-start|p1a: Walking Wake|protosynthesisspe\n|turn|16\n|\n|t:|1698116378\n|-terastallize|p1a: Walking Wake|Steel\n|move|p2a: Espathra|Stored Power|p1a: Walking Wake\n|-resisted|p1a: Walking Wake\n|-damage|p1a: Walking Wake|0 fnt\n|faint|p1a: Walking Wake\n|-end|p1a: Walking Wake|Protosynthesis|[silent]\n|-damage|p2a: Espathra|81\/100|[from] item: Life Orb\n|\n|-weather|SunnyDay|[upkeep]\n|-ability|p2a: Espathra|Speed Boost|boost\n|-boost|p2a: Espathra|spe|1\n|upkeep\n|c|\u2606Nitro524|sheeeesh\n|c|\u2606kirimissing|this mon is just too strong\n|\n|t:|1698116389\n|switch|p1a: Torkoal|Torkoal, M|100\/100\n|turn|17\n|c|\u2606kirimissing|also funny how we both lost our teras in our dragons\n|c|\u2606Nitro524|lol yeah\n|\n|t:|1698116414\n|move|p2a: Espathra|Stored Power|p1a: Torkoal\n|-damage|p1a: Torkoal|0 fnt\n|faint|p1a: Torkoal\n|-damage|p2a: Espathra|71\/100|[from] item: Life Orb\n|\n|-weather|SunnyDay|[upkeep]\n|-ability|p2a: Espathra|Speed Boost|boost\n|-boost|p2a: Espathra|spe|1\n|upkeep\n|\n|t:|1698116420\n|switch|p1a: Cyclizar|Cyclizar, F|100\/100\n|turn|18\n|\n|t:|1698116424\n|move|p2a: Espathra|Stored Power|p1a: Cyclizar\n|-damage|p1a: Cyclizar|0 fnt\n|faint|p1a: Cyclizar\n|-damage|p2a: Espathra|61\/100|[from] item: Life Orb\n|\n|-weather|none\n|upkeep\n|\n|t:|1698116427\n|switch|p1a: Ceruledge|Ceruledge, F|100\/100\n|turn|19\n|\n|t:|1698116430\n|move|p2a: Espathra|Stored Power|p1a: Ceruledge\n|-enditem|p1a: Ceruledge|Focus Sash\n|-damage|p1a: Ceruledge|1\/100\n|-damage|p2a: Espathra|51\/100|[from] item: Life Orb\n|move|p1a: Ceruledge|Poltergeist|p2a: Espathra\n|-activate|p2a: Espathra|move: Poltergeist|Life Orb\n|-supereffective|p2a: Espathra\n|-damage|p2a: Espathra|0 fnt\n|faint|p2a: Espathra\n|\n|upkeep\n|\n|t:|1698116434\n|switch|p2a: Scizor|Scizor, M|100\/100\n|-damage|p2a: Scizor|88\/100|[from] Stealth Rock\n|turn|20\n|\n|t:|1698116437\n|move|p2a: Scizor|Bullet Punch|p1a: Ceruledge\n|-resisted|p1a: Ceruledge\n|-damage|p1a: Ceruledge|0 fnt\n|faint|p1a: Ceruledge\n|-damage|p2a: Scizor|78\/100|[from] item: Life Orb\n|\n|win|kirimissing\n|c|\u2606kirimissing|gg\n|c|\u2606Nitro524|gg\n|c|\u2606kirimissing|i think this is another reason sun is not that useful, not many sun abusers on uubers\n|c|\u2606kirimissing|Basculegion-f is just shapping all the weather wars around it and alola ninetails\n|c|\u2606Nitro524|definitely\n|c|\u2606Nitro524|i need to take a look at the usage stats again\n|c|\u2606kirimissing|maybe add chi yu to the team\n|c|\u2606kirimissing|lava plume and sun is over powered\n|c|\u2606Nitro524|good point\n|c|\u2606Nitro524|over who?\n|c|\u2606kirimissing|scarf gurantees moving first\n|c|\u2606kirimissing|maybe ceru\n|c|\u2606Nitro524|sadly you're right\n|c|\u2606kirimissing|problem is that you have 5 spa and 1 shed tail user\n|c|\u2606Nitro524|i wanna use ceru cuz he's easily my favorite gen 9 mon but he might not be enough for this meta\n|c|\u2606kirimissing|so maybe find an alternative to something else\n|c|\u2606kirimissing|sadly not even close\n|c|\u2606kirimissing|he is kind of slow and not that powerful\n|c|\u2606kirimissing|maybe a choice band set could work\n|c|\u2606kirimissing|considering shadow sneak is a thing\n|c|\u2606kirimissing|but still it would be kind of rough\n|c|\u2606Nitro524|yeah\n|c|\u2606kirimissing|but aside from that, walking wake although powerful, i dont see like something even coming close to volcarona with 1 quiver\n|c|\u2606Nitro524|heh\n|c|\u2606kirimissing|it just gets tanky AND powerful\n|c|\u2606Nitro524|yeah i was running specs\n|c|\u2606Nitro524|lol\n|c|\u2606kirimissing|i knew when hax just dessintegrated\n|c|\u2606kirimissing|i was so sad\n|c|\u2606kirimissing|and cyclazar in this team now that i think about doesnt add much, only to volcarona\n|c|\u2606kirimissing|but since all your team is weak to water except arc, its not AS effective\n|c|\u2606Nitro524|you're right abt that\n|c|\u2606kirimissing|so maybe that can be changed to\n|c|\u2606Nitro524|and wake\n|c|\u2606kirimissing|tho speed specs wake is insane\n|c|\u2606kirimissing|i love that\n|c|\u2606Nitro524|thank u\n|c|\u2606kirimissing|i never want to see my hax get shafted like that again\n|c|\u2606Nitro524|i dropped ceru for chiyu\n|c|\u2606Nitro524|tera fairy\n|c|\u2606Nitro524|it's a must-run on dragons in this tier\n|c|\u2606kirimissing|seems cool\n|c|\u2606Nitro524|have u played against alice\n|c|\u2606Nitro524|jeeeeez\n|c|\u2606Nitro524|that's why i use it lol\n|c|\u2606Nitro524|(dragon spam)\n|c|\u2606kirimissing|nel i have not played again some people in the disc\n|c|\u2606kirimissing|i am just lurking in the shadow attempting to see if a new concept works\n|c|\u2606kirimissing|i made dugtrio arena trap for magearna :P maybe you have seen it\n|c|\u2606kirimissing|and i have thought of making it magnet pull too, but i dont know which poke could do it\n|c|\u2606Nitro524|that's evil\n|c|\u2606Nitro524|i love it\n|c|\u2606Nitro524|enter the magnezone zone\n|c|\u2606kirimissing|lol\n|c|\u2606Nitro524|one of my all time favs with my fav typing and yet he is only good at one thing :(\n|c|\u2606Nitro524|but yeah\n|c|\u2606Nitro524|i'll get the vod up\n|c|\u2606Nitro524|rematch?\n|c|\u2606kirimissing|ye ye\n|c|\u2606Nitro524|sweet\n|c|\u2606kirimissing|ill use one of my old teams\n","uploadtime":1698116522,"views":20,"p1id":"nitro524","p2id":"kirimissing","formatid":"gen9ubers","rating":0,"private":0,"password":""}