{"id":"gen9ubers-1983066014","p1":"JE$O777bit","p2":"Citrusfunk","format":"[Gen 9] Ubers","log":"|j|\u2606JE$O777bit\n|j|\u2606Citrusfunk\n|t:|1699078475\n|gametype|singles\n|player|p1|JE$O777bit|rood|1000\n|player|p2|Citrusfunk|alec-anime|1122\n|teamsize|p1|1\n|teamsize|p2|6\n|gen|9\n|tier|[Gen 9] Ubers\n|rated|\n|rule|Sleep Clause Mod: Limit one foe put to sleep\n|rule|Species Clause: Limit one of each Pok\u00e9mon\n|rule|OHKO Clause: OHKO moves are banned\n|rule|Evasion Items Clause: Evasion items are banned\n|rule|Evasion Moves Clause: Evasion moves are banned\n|rule|Endless Battle Clause: Forcing endless battles is banned\n|rule|HP Percentage Mod: HP is shown in percentages\n|clearpoke\n|poke|p1|Annihilape, F|\n|poke|p2|Charizard, M|\n|poke|p2|Crawdaunt, M|\n|poke|p2|Ursaluna-Bloodmoon, M|\n|poke|p2|Kommo-o, M|\n|poke|p2|Ninetales-Alola, M|\n|poke|p2|Sinistcha|\n|teampreview\n|\n|t:|1699078485\n|start\n|switch|p1a: Annihilape|Annihilape, F|100\/100\n|switch|p2a: Lean|Sinistcha|100\/100\n|turn|1\n|inactive|Battle timer is ON: inactive players will automatically lose when time's up. (requested by Citrusfunk)\n|\n|t:|1699078493\n|move|p1a: Annihilape|Lash Out|p2a: Lean\n|-supereffective|p2a: Lean\n|-damage|p2a: Lean|42\/100\n|move|p2a: Lean|Iron Defense|p2a: Lean\n|-boost|p2a: Lean|def|2\n|\n|-heal|p2a: Lean|48\/100|[from] item: Leftovers\n|upkeep\n|turn|2\n|\n|t:|1699078502\n|-terastallize|p2a: Lean|Poison\n|move|p1a: Annihilape|Lash Out|p2a: Lean\n|-damage|p2a: Lean|32\/100\n|move|p2a: Lean|Strength Sap|p1a: Annihilape\n|-unboost|p1a: Annihilape|atk|1\n|-heal|p2a: Lean|100\/100\n|\n|upkeep\n|turn|3\n|\n|t:|1699078514\n|-terastallize|p1a: Annihilape|Fighting\n|move|p1a: Annihilape|Lash Out|p2a: Lean\n|-damage|p2a: Lean|91\/100\n|move|p2a: Lean|Iron Defense|p2a: Lean\n|-boost|p2a: Lean|def|2\n|\n|-heal|p2a: Lean|97\/100|[from] item: Leftovers\n|upkeep\n|turn|4\n|\n|t:|1699078526\n|move|p1a: Annihilape|Lash Out|p2a: Lean\n|-damage|p2a: Lean|90\/100\n|move|p2a: Lean|Iron Defense|p2a: Lean\n|-boost|p2a: Lean|def|2\n|\n|-heal|p2a: Lean|96\/100|[from] item: Leftovers\n|upkeep\n|turn|5\n|\n|t:|1699078535\n|move|p1a: Annihilape|Lash Out|p2a: Lean\n|-damage|p2a: Lean|90\/100\n|move|p2a: Lean|Calm Mind|p2a: Lean\n|-boost|p2a: Lean|spa|1\n|-boost|p2a: Lean|spd|1\n|\n|-heal|p2a: Lean|96\/100|[from] item: Leftovers\n|upkeep\n|turn|6\n|\n|t:|1699078544\n|move|p1a: Annihilape|Lash Out|p2a: Lean\n|-crit|p2a: Lean\n|-damage|p2a: Lean|53\/100\n|move|p2a: Lean|Calm Mind|p2a: Lean\n|-boost|p2a: Lean|spa|1\n|-boost|p2a: Lean|spd|1\n|\n|-heal|p2a: Lean|59\/100|[from] item: Leftovers\n|upkeep\n|turn|7\n|\n|t:|1699078555\n|move|p1a: Annihilape|Lash Out|p2a: Lean\n|-damage|p2a: Lean|53\/100\n|move|p2a: Lean|Strength Sap|p1a: Annihilape\n|-unboost|p1a: Annihilape|atk|1\n|-heal|p2a: Lean|100\/100\n|\n|upkeep\n|turn|8\n|\n|t:|1699078564\n|move|p1a: Annihilape|Lash Out|p2a: Lean\n|-damage|p2a: Lean|96\/100\n|move|p2a: Lean|Calm Mind|p2a: Lean\n|-boost|p2a: Lean|spa|1\n|-boost|p2a: Lean|spd|1\n|\n|-heal|p2a: Lean|100\/100|[from] item: Leftovers\n|upkeep\n|turn|9\n|\n|t:|1699078575\n|-activate|p1a: Annihilape|move: Struggle\n|move|p1a: Annihilape|Struggle|p2a: Lean\n|-damage|p2a: Lean|98\/100\n|-damage|p1a: Annihilape|76\/100|[from] recoil\n|move|p2a: Lean|Calm Mind|p2a: Lean\n|-boost|p2a: Lean|spa|1\n|-boost|p2a: Lean|spd|1\n|\n|-heal|p2a: Lean|100\/100|[from] item: Leftovers\n|upkeep\n|turn|10\n|\n|t:|1699078587\n|-activate|p1a: Annihilape|move: Struggle\n|move|p1a: Annihilape|Struggle|p2a: Lean\n|-damage|p2a: Lean|98\/100\n|-damage|p1a: Annihilape|51\/100|[from] recoil\n|move|p2a: Lean|Matcha Gotcha|p1a: Annihilape\n|-damage|p1a: Annihilape|0 fnt\n|-heal|p2a: Lean|100\/100|[from] drain|[of] p1a: Annihilape\n|faint|p1a: Annihilape\n|\n|win|Citrusfunk\n|raw|JE$O777bit's rating: 1000 &rarr; <strong>1000<\/strong><br \/>(+0 for losing)\n|raw|Citrusfunk's rating: 1122 &rarr; <strong>1139<\/strong><br \/>(+17 for winning)\n|c|\u2606Citrusfunk|Gg\n|l|\u2606JE$O777bit\n","uploadtime":1699078600,"views":12,"p1id":"jeo777bit","p2id":"citrusfunk","formatid":"gen9ubers","rating":1000,"private":0,"password":""}