{"id":"gen9ubers-1983684791","p1":"bh185","p2":"marceljerome","format":"[Gen 9] Ubers","log":"|j|\u2606bh185\n|j|\u2606marceljerome\n|t:|1699160558\n|gametype|singles\n|player|p1|bh185|102|\n|player|p2|marceljerome|170|\n|teamsize|p1|6\n|teamsize|p2|6\n|gen|9\n|tier|[Gen 9] Ubers\n|rule|Sleep Clause Mod: Limit one foe put to sleep\n|rule|Species Clause: Limit one of each Pok\u00e9mon\n|rule|OHKO Clause: OHKO moves are banned\n|rule|Evasion Items Clause: Evasion items are banned\n|rule|Evasion Moves Clause: Evasion moves are banned\n|rule|Endless Battle Clause: Forcing endless battles is banned\n|rule|HP Percentage Mod: HP is shown in percentages\n|clearpoke\n|poke|p1|Orthworm, F|\n|poke|p1|Gyarados, M|\n|poke|p1|Drednaw, F|\n|poke|p1|Typhlosion, M|\n|poke|p1|Walking Wake|\n|poke|p1|Donphan, F|\n|poke|p2|Iron Valiant|\n|poke|p2|Jirachi|\n|poke|p2|Skeledirge, F|\n|poke|p2|Zapdos|\n|poke|p2|Lilligant, F|\n|poke|p2|Dondozo, F|\n|teampreview\n|j| DragonSlurps\n|\n|t:|1699160620\n|start\n|switch|p1a: Bruh|Walking Wake|100\/100\n|switch|p2a: tiny peepee|Jirachi, shiny|100\/100\n|turn|1\n|j| dddet\n|\n|t:|1699160666\n|move|p1a: Bruh|Flamethrower|p2a: tiny peepee\n|-supereffective|p2a: tiny peepee\n|-damage|p2a: tiny peepee|39\/100\n|move|p2a: tiny peepee|Stealth Rock|p1a: Bruh\n|-sidestart|p1: bh185|move: Stealth Rock\n|\n|-heal|p2a: tiny peepee|45\/100|[from] item: Leftovers\n|upkeep\n|turn|2\n|\n|t:|1699160701\n|switch|p2a: trans peepee|Iron Valiant|100\/100\n|move|p1a: Bruh|Flamethrower|p2a: trans peepee\n|-damage|p2a: trans peepee|42\/100\n|\n|upkeep\n|turn|3\n|\n|t:|1699160729\n|move|p2a: trans peepee|Moonblast|p1a: Bruh\n|-supereffective|p1a: Bruh\n|-damage|p1a: Bruh|0 fnt\n|faint|p1a: Bruh\n|-end|p1a: Bruh|Protosynthesis|[silent]\n|\n|upkeep\n|\n|t:|1699160754\n|switch|p1a: steel worm|Orthworm, F|100\/100\n|-damage|p1a: steel worm|94\/100|[from] Stealth Rock\n|turn|4\n|\n|t:|1699160767\n|move|p2a: trans peepee|Aura Sphere|p1a: steel worm\n|-supereffective|p1a: steel worm\n|-damage|p1a: steel worm|0 fnt\n|faint|p1a: steel worm\n|\n|upkeep\n|\n|t:|1699160819\n|switch|p1a: Japan 1945|Typhlosion, M, shiny|100\/100\n|turn|5\n|\n|t:|1699160850\n|-end|p2a: trans peepee|Quark Drive|[silent]\n|switch|p2a: big peepee|Dondozo, F|100\/100\n|move|p1a: Japan 1945|Flamethrower|p2a: big peepee\n|-resisted|p2a: big peepee\n|-damage|p2a: big peepee|80\/100\n|\n|-heal|p2a: big peepee|86\/100|[from] item: Leftovers\n|upkeep\n|turn|6\n|c|\u2606bh185|!weak dondozo\n|c| bh185|\/raw <div class=\"infobox\">Dondozo (ignoring abilities):<br \/><span class=\"message-effect-weak\">Weaknesses<\/span>: Electric, Grass<br \/><span class=\"message-effect-resist\">Resistances<\/span>: Fire, Ice, Steel, Water<br \/><span class=\"message-effect-immune\">Immunities<\/span>: <font color=#999999>None<\/font><\/div>\n|\n|t:|1699160886\n|switch|p1a: Flying worm|Gyarados, M|100\/100\n|-damage|p1a: Flying worm|75\/100|[from] Stealth Rock\n|move|p2a: big peepee|Curse|p2a: big peepee\n|-unboost|p2a: big peepee|spe|1\n|-boost|p2a: big peepee|atk|1\n|-boost|p2a: big peepee|def|1\n|\n|-heal|p2a: big peepee|93\/100|[from] item: Leftovers\n|upkeep\n|turn|7\n|\n|t:|1699160897\n|move|p1a: Flying worm|Thunder|p2a: big peepee\n|-supereffective|p2a: big peepee\n|-damage|p2a: big peepee|59\/100\n|move|p2a: big peepee|Body Press|p1a: Flying worm\n|-resisted|p1a: Flying worm\n|-damage|p1a: Flying worm|50\/100\n|\n|-heal|p2a: big peepee|65\/100|[from] item: Leftovers\n|upkeep\n|turn|8\n|\n|t:|1699160929\n|switch|p2a: bird peepee|Zapdos|100\/100\n|move|p1a: Flying worm|Thunder|p2a: bird peepee\n|-damage|p2a: bird peepee|84\/100\n|\n|upkeep\n|turn|9\n|c|\u2606bh185|!weak zapdos\n|c| bh185|\/raw <div class=\"infobox\">Zapdos (ignoring abilities):<br \/><span class=\"message-effect-weak\">Weaknesses<\/span>: Ice, Rock<br \/><span class=\"message-effect-resist\">Resistances<\/span>: Bug, Fighting, Flying, Grass, Steel<br \/><span class=\"message-effect-immune\">Immunities<\/span>: Ground, Paralysis<\/div>\n|\n|t:|1699160978\n|switch|p1a: Drednawin on calk|Drednaw, F|100\/100\n|-damage|p1a: Drednawin on calk|88\/100|[from] Stealth Rock\n|move|p2a: bird peepee|Thunderbolt|p1a: Drednawin on calk\n|-supereffective|p1a: Drednawin on calk\n|-damage|p1a: Drednawin on calk|0 fnt\n|faint|p1a: Drednawin on calk\n|\n|upkeep\n|\n|t:|1699160988\n|switch|p1a: Septim ring|Donphan, F, shiny|100\/100\n|-damage|p1a: Septim ring|94\/100|[from] Stealth Rock\n|turn|10\n|\n|t:|1699161034\n|move|p2a: bird peepee|Heat Wave|p1a: Septim ring\n|-damage|p1a: Septim ring|56\/100\n|move|p1a: Septim ring|Body Press|p2a: bird peepee\n|-resisted|p2a: bird peepee\n|-damage|p2a: bird peepee|74\/100\n|\n|upkeep\n|turn|11\n|\n|t:|1699161045\n|move|p2a: bird peepee|Hurricane|p1a: Septim ring\n|-damage|p1a: Septim ring|0 fnt\n|faint|p1a: Septim ring\n|\n|upkeep\n|\n|t:|1699161051\n|switch|p1a: Japan 1945|Typhlosion, M, shiny|100\/100\n|turn|12\n|\n|t:|1699161067\n|move|p1a: Japan 1945|Shadow Ball|p2a: bird peepee\n|-damage|p2a: bird peepee|50\/100\n|move|p2a: bird peepee|Thunderbolt|p1a: Japan 1945\n|-damage|p1a: Japan 1945|39\/100\n|\n|upkeep\n|turn|13\n|\n|t:|1699161073\n|move|p1a: Japan 1945|Flamethrower|p2a: bird peepee\n|-damage|p2a: bird peepee|10\/100\n|move|p2a: bird peepee|Roost|p2a: bird peepee\n|-heal|p2a: bird peepee|60\/100\n|-singleturn|p2a: bird peepee|move: Roost\n|\n|upkeep\n|turn|14\n|\n|t:|1699161089\n|move|p1a: Japan 1945|Focus Blast|p2a: bird peepee\n|-resisted|p2a: bird peepee\n|-damage|p2a: bird peepee|43\/100\n|move|p2a: bird peepee|Hurricane|p1a: Japan 1945\n|-damage|p1a: Japan 1945|0 fnt\n|faint|p1a: Japan 1945\n|\n|upkeep\n|\n|t:|1699161096\n|switch|p1a: Flying worm|Gyarados, M|50\/100\n|-damage|p1a: Flying worm|25\/100|[from] Stealth Rock\n|turn|15\n|\n|t:|1699161102\n|move|p1a: Flying worm|Rest|p1a: Flying worm\n|-status|p1a: Flying worm|slp|[from] move: Rest\n|-heal|p1a: Flying worm|100\/100 slp|[silent]\n|move|p2a: bird peepee|Thunderbolt|p1a: Flying worm\n|-supereffective|p1a: Flying worm\n|-damage|p1a: Flying worm|0 fnt\n|faint|p1a: Flying worm\n|\n|win|marceljerome\n","uploadtime":1699161116,"views":10,"p1id":"bh185","p2id":"marceljerome","formatid":"gen9ubers","rating":0,"private":0,"password":""}