{"id":"gen9ubers-1996325073","p1":"Anne Frankkkk","p2":"ByJuanjo_032","format":"[Gen 9] Ubers","log":"|j|\u2606Anne Frankkkk\n|j|\u2606ByJuanjo_032\n|t:|1700671287\n|gametype|singles\n|player|p1|Anne Frankkkk|hilbert|1156\n|player|p2|ByJuanjo_032|harlequin|1250\n|teamsize|p1|6\n|teamsize|p2|6\n|gen|9\n|tier|[Gen 9] Ubers\n|rated|\n|rule|Sleep Clause Mod: Limit one foe put to sleep\n|rule|Species Clause: Limit one of each Pok\u00e9mon\n|rule|OHKO Clause: OHKO moves are banned\n|rule|Evasion Items Clause: Evasion items are banned\n|rule|Evasion Moves Clause: Evasion moves are banned\n|rule|Endless Battle Clause: Forcing endless battles is banned\n|rule|HP Percentage Mod: HP is shown in percentages\n|clearpoke\n|poke|p1|Regieleki|\n|poke|p1|Kyogre|\n|poke|p1|Chien-Pao|\n|poke|p1|Ribombee, M|\n|poke|p1|Miraidon|\n|poke|p1|Flutter Mane|\n|poke|p2|Espathra, M|\n|poke|p2|Ditto|\n|poke|p2|Iron Bundle|\n|poke|p2|Miraidon|\n|poke|p2|Ogerpon-Hearthflame, F|\n|poke|p2|Urshifu-*, F|\n|teampreview\n|\n|t:|1700671296\n|start\n|switch|p1a: Cyber Lizard|Miraidon|100\/100\n|switch|p2a: Espathra|Espathra, M|100\/100\n|-fieldstart|move: Electric Terrain|[from] ability: Hadron Engine|[of] p1a: Cyber Lizard\n|-item|p1a: Cyber Lizard|Air Balloon\n|turn|1\n|inactive|Battle timer is ON: inactive players will automatically lose when time's up. (requested by Anne Frankkkk)\n|\n|t:|1700671300\n|move|p1a: Cyber Lizard|Calm Mind|p1a: Cyber Lizard\n|-boost|p1a: Cyber Lizard|spa|1\n|-boost|p1a: Cyber Lizard|spd|1\n|move|p2a: Espathra|Calm Mind|p2a: Espathra\n|-boost|p2a: Espathra|spa|1\n|-boost|p2a: Espathra|spd|1\n|\n|-ability|p2a: Espathra|Speed Boost|boost\n|-boost|p2a: Espathra|spe|1\n|upkeep\n|turn|2\n|\n|t:|1700671306\n|-terastallize|p2a: Espathra|Fairy\n|move|p2a: Espathra|Calm Mind|p2a: Espathra\n|-boost|p2a: Espathra|spa|1\n|-boost|p2a: Espathra|spd|1\n|move|p1a: Cyber Lizard|Electro Drift|p2a: Espathra\n|-damage|p2a: Espathra|25\/100\n|\n|-ability|p2a: Espathra|Speed Boost|boost\n|-boost|p2a: Espathra|spe|1\n|upkeep\n|turn|3\n|\n|t:|1700671313\n|move|p2a: Espathra|Dazzling Gleam|p1a: Cyber Lizard\n|-supereffective|p1a: Cyber Lizard\n|-damage|p1a: Cyber Lizard|33\/100\n|-enditem|p1a: Cyber Lizard|Air Balloon\n|move|p1a: Cyber Lizard|Electro Drift|p2a: Espathra\n|-damage|p2a: Espathra|0 fnt\n|faint|p2a: Espathra\n|\n|upkeep\n|\n|t:|1700671317\n|switch|p2a: Ditto|Ditto|100\/100\n|-transform|p2a: Ditto|p1a: Cyber Lizard|[from] ability: Imposter\n|-activate|p2a: Ditto|ability: Hadron Engine\n|turn|4\n|\n|t:|1700671320\n|move|p2a: Ditto|Dragon Pulse|p1a: Cyber Lizard\n|-supereffective|p1a: Cyber Lizard\n|-damage|p1a: Cyber Lizard|0 fnt\n|faint|p1a: Cyber Lizard\n|\n|upkeep\n|\n|t:|1700671322\n|switch|p1a: Moonblast|Ribombee, M, shiny|100\/100\n|turn|5\n|\n|t:|1700671326\n|switch|p2a: Ogerpon|Ogerpon-Hearthflame, F|100\/100\n|-ability|p2a: Ogerpon|Mold Breaker\n|move|p1a: Moonblast|Sticky Web|p2a: Ogerpon\n|-sidestart|p2: ByJuanjo_032|move: Sticky Web\n|\n|-fieldend|move: Electric Terrain\n|upkeep\n|turn|6\n|\n|t:|1700671340\n|move|p1a: Moonblast|Bug Buzz|p2a: Ogerpon\n|-damage|p2a: Ogerpon|56\/100\n|move|p2a: Ogerpon|Swords Dance|p2a: Ogerpon\n|-boost|p2a: Ogerpon|atk|2\n|\n|upkeep\n|turn|7\n|\n|t:|1700671344\n|move|p1a: Moonblast|Bug Buzz|p2a: Ogerpon\n|-damage|p2a: Ogerpon|10\/100\n|-unboost|p2a: Ogerpon|spd|1\n|move|p2a: Ogerpon|Ivy Cudgel|p1a: Moonblast|[anim] Ivy Cudgel Fire\n|-supereffective|p1a: Moonblast\n|-enditem|p1a: Moonblast|Focus Sash\n|-damage|p1a: Moonblast|1\/100\n|\n|upkeep\n|turn|8\n|\n|t:|1700671350\n|move|p1a: Moonblast|Bug Buzz|p2a: Ogerpon\n|-crit|p2a: Ogerpon\n|-damage|p2a: Ogerpon|0 fnt\n|faint|p2a: Ogerpon\n|\n|upkeep\n|\n|t:|1700671355\n|switch|p2a: Ditto|Ditto|100\/100\n|-activate|p2a: Ditto|move: Sticky Web\n|-unboost|p2a: Ditto|spe|1\n|-transform|p2a: Ditto|p1a: Moonblast|[from] ability: Imposter\n|turn|9\n|\n|t:|1700671359\n|switch|p1a: Bzzzzt|Regieleki, shiny|100\/100\n|move|p2a: Ditto|Moonblast|p1a: Bzzzzt\n|-damage|p1a: Bzzzzt|24\/100\n|\n|upkeep\n|turn|10\n|\n|t:|1700671370\n|move|p2a: Ditto|Moonblast|p1a: Bzzzzt\n|-damage|p1a: Bzzzzt|0 fnt\n|faint|p1a: Bzzzzt\n|\n|upkeep\n|inactive|Anne Frankkkk has 120 seconds left.\n|\n|t:|1700671412\n|switch|p1a: Misdreavius|Flutter Mane, shiny|100\/100\n|-enditem|p1a: Misdreavius|Booster Energy\n|-activate|p1a: Misdreavius|ability: Protosynthesis|[fromitem]\n|-start|p1a: Misdreavius|protosynthesisspe\n|turn|11\n|\n|t:|1700671438\n|move|p1a: Misdreavius|Moonblast|p2a: Ditto\n|-damage|p2a: Ditto|25\/100\n|move|p2a: Ditto|Moonblast|p1a: Misdreavius\n|-damage|p1a: Misdreavius|56\/100\n|\n|upkeep\n|turn|12\n|\n|t:|1700671447\n|switch|p2a: Iron Bundle|Iron Bundle|100\/100\n|move|p1a: Misdreavius|Moonblast|p2a: Iron Bundle\n|-damage|p2a: Iron Bundle|6\/100\n|-unboost|p2a: Iron Bundle|spa|1\n|\n|upkeep\n|turn|13\n|\n|t:|1700671453\n|move|p1a: Misdreavius|Moonblast|p2a: Iron Bundle\n|-damage|p2a: Iron Bundle|0 fnt\n|faint|p2a: Iron Bundle\n|-end|p2a: Iron Bundle|Quark Drive|[silent]\n|\n|upkeep\n|\n|t:|1700671455\n|switch|p2a: Ditto|Ditto|25\/100\n|-activate|p2a: Ditto|move: Sticky Web\n|-unboost|p2a: Ditto|spe|1\n|-transform|p2a: Ditto|p1a: Misdreavius|[from] ability: Imposter\n|turn|14\n|inactive|Anne Frankkkk has 120 seconds left.\n|\n|t:|1700671461\n|move|p1a: Misdreavius|Shadow Ball|p2a: Ditto\n|-supereffective|p2a: Ditto\n|-damage|p2a: Ditto|0 fnt\n|faint|p2a: Ditto\n|-end|p2a: Ditto|Protosynthesis|[silent]\n|\n|upkeep\n|\n|t:|1700671468\n|switch|p2a: Miraidon|Miraidon|100\/100\n|-activate|p2a: Miraidon|move: Sticky Web\n|-unboost|p2a: Miraidon|spe|1\n|-fieldstart|move: Electric Terrain|[from] ability: Hadron Engine|[of] p2a: Miraidon\n|turn|15\n|\n|t:|1700671472\n|move|p1a: Misdreavius|Moonblast|p2a: Miraidon\n|-supereffective|p2a: Miraidon\n|-damage|p2a: Miraidon|4\/100\n|move|p2a: Miraidon|Electro Drift|p1a: Misdreavius\n|-damage|p1a: Misdreavius|0 fnt\n|faint|p1a: Misdreavius\n|-end|p1a: Misdreavius|Protosynthesis|[silent]\n|\n|upkeep\n|\n|t:|1700671480\n|switch|p1a: Moonblast|Ribombee, M, shiny|1\/100\n|turn|16\n|\n|t:|1700671483\n|move|p1a: Moonblast|Moonblast|p2a: Miraidon\n|-supereffective|p2a: Miraidon\n|-damage|p2a: Miraidon|0 fnt\n|faint|p2a: Miraidon\n|\n|upkeep\n|\n|t:|1700671485\n|switch|p2a: Urshifu|Urshifu-Rapid-Strike, F|100\/100\n|-activate|p2a: Urshifu|move: Sticky Web\n|-unboost|p2a: Urshifu|spe|1\n|turn|17\n|\n|t:|1700671488\n|move|p1a: Moonblast|Stun Spore|p2a: Urshifu\n|-status|p2a: Urshifu|par\n|move|p2a: Urshifu|Surging Strikes|p1a: Moonblast\n|-crit|p1a: Moonblast\n|-damage|p1a: Moonblast|0 fnt\n|faint|p1a: Moonblast\n|-hitcount|p1: Moonblast|1\n|-damage|p2a: Urshifu|91\/100 par|[from] item: Life Orb\n|\n|upkeep\n|\n|t:|1700671494\n|switch|p1a: OHKO|Kyogre|100\/100\n|-weather|RainDance|[from] ability: Drizzle|[of] p1a: OHKO\n|turn|18\n|\n|t:|1700671501\n|-terastallize|p1a: OHKO|Water\n|move|p1a: OHKO|Water Spout|p2a: Urshifu\n|-resisted|p2a: Urshifu\n|-damage|p2a: Urshifu|0 fnt\n|faint|p2a: Urshifu\n|\n|win|Anne Frankkkk\n|raw|Anne Frankkkk's rating: 1156 &rarr; <strong>1188<\/strong><br \/>(+32 for winning)\n|raw|ByJuanjo_032's rating: 1250 &rarr; <strong>1218<\/strong><br \/>(-32 for losing)\n|l|\u2606ByJuanjo_032\n","uploadtime":1700671510,"views":0,"p1id":"annefrankkkk","p2id":"byjuanjo032","formatid":"gen9ubers","rating":1188,"private":0,"password":""}