{"id":"gen9ubers-1998689941","p1":"Dofla0110","p2":"KHVN","format":"[Gen 9] Ubers","log":"|j|\u2606Dofla0110\n|j|\u2606KHVN\n|t:|1700972976\n|gametype|singles\n|player|p1|Dofla0110|brycen|1000\n|player|p2|KHVN|unknown|1077\n|teamsize|p1|6\n|teamsize|p2|6\n|gen|9\n|tier|[Gen 9] Ubers\n|rated|\n|rule|Sleep Clause Mod: Limit one foe put to sleep\n|rule|Species Clause: Limit one of each Pok\u00e9mon\n|rule|OHKO Clause: OHKO moves are banned\n|rule|Evasion Items Clause: Evasion items are banned\n|rule|Evasion Moves Clause: Evasion moves are banned\n|rule|Endless Battle Clause: Forcing endless battles is banned\n|rule|HP Percentage Mod: HP is shown in percentages\n|clearpoke\n|poke|p1|Darkrai|\n|poke|p1|Glimmora, M|\n|poke|p1|Iron Valiant|\n|poke|p1|Ogerpon-Hearthflame, F|\n|poke|p1|Ursaluna-Bloodmoon, M|\n|poke|p1|Walking Wake|\n|poke|p2|Florges-White, F|\n|poke|p2|Cloyster, M|\n|poke|p2|Chandelure, F|\n|poke|p2|Gliscor, F|\n|poke|p2|Mewtwo|\n|poke|p2|Ditto|\n|teampreview\n|\n|t:|1700972989\n|start\n|switch|p1a: Glimmora|Glimmora, M, shiny|100\/100\n|switch|p2a: Cloyster|Cloyster, M|100\/100\n|turn|1\n|\n|t:|1700972998\n|move|p2a: Cloyster|Shell Smash|p2a: Cloyster\n|-unboost|p2a: Cloyster|def|1\n|-unboost|p2a: Cloyster|spd|1\n|-boost|p2a: Cloyster|atk|2\n|-boost|p2a: Cloyster|spa|2\n|-boost|p2a: Cloyster|spe|2\n|move|p1a: Glimmora|Stealth Rock|p2a: Cloyster\n|-sidestart|p2: KHVN|move: Stealth Rock\n|\n|upkeep\n|turn|2\n|\n|t:|1700973006\n|move|p2a: Cloyster|Icicle Spear|p1a: Glimmora\n|-damage|p1a: Glimmora|80\/100\n|-activate|p1a: Glimmora|ability: Toxic Debris\n|-sidestart|p2: KHVN|move: Toxic Spikes\n|-damage|p1a: Glimmora|60\/100\n|-activate|p1a: Glimmora|ability: Toxic Debris\n|-sidestart|p2: KHVN|move: Toxic Spikes\n|-damage|p1a: Glimmora|39\/100\n|-damage|p1a: Glimmora|18\/100\n|-damage|p1a: Glimmora|0 fnt\n|faint|p1a: Glimmora\n|-hitcount|p1: Glimmora|5\n|\n|upkeep\n|\n|t:|1700973027\n|switch|p1a: Levi|Iron Valiant|100\/100\n|turn|3\n|\n|t:|1700973032\n|move|p2a: Cloyster|Icicle Spear|p1a: Levi\n|-damage|p1a: Levi|68\/100\n|-damage|p1a: Levi|37\/100\n|-damage|p1a: Levi|5\/100\n|-damage|p1a: Levi|0 fnt\n|faint|p1a: Levi\n|-end|p1a: Levi|Quark Drive|[silent]\n|-hitcount|p1: Levi|4\n|\n|upkeep\n|\n|t:|1700973047\n|switch|p1a: Flame Emperor|Ogerpon-Hearthflame, F|100\/100\n|-ability|p1a: Flame Emperor|Mold Breaker\n|turn|4\n|\n|t:|1700973056\n|move|p2a: Cloyster|Icicle Spear|p1a: Flame Emperor\n|-damage|p1a: Flame Emperor|70\/100\n|-damage|p1a: Flame Emperor|40\/100\n|-damage|p1a: Flame Emperor|9\/100\n|-damage|p1a: Flame Emperor|0 fnt\n|faint|p1a: Flame Emperor\n|-hitcount|p1: Flame Emperor|4\n|\n|upkeep\n|\n|t:|1700973066\n|switch|p1a: Emo|Darkrai, shiny|100\/100\n|turn|5\n|\n|t:|1700973069\n|move|p2a: Cloyster|Icicle Spear|p1a: Emo\n|-damage|p1a: Emo|72\/100\n|-damage|p1a: Emo|43\/100\n|-crit|p1a: Emo\n|-damage|p1a: Emo|0 fnt\n|faint|p1a: Emo\n|-hitcount|p1: Emo|3\n|\n|upkeep\n|\n|t:|1700973075\n|switch|p1a: Ursula|Ursaluna-Bloodmoon, M|100\/100\n|turn|6\n|\n|t:|1700973079\n|move|p2a: Cloyster|Icicle Spear|p1a: Ursula\n|-supereffective|p1a: Ursula\n|-damage|p1a: Ursula|61\/100\n|-supereffective|p1a: Ursula\n|-damage|p1a: Ursula|27\/100\n|-supereffective|p1a: Ursula\n|-damage|p1a: Ursula|0 fnt\n|faint|p1a: Ursula\n|-hitcount|p1: Ursula|3\n|\n|upkeep\n|\n|t:|1700973086\n|switch|p1a: Marcher|Walking Wake|100\/100\n|-enditem|p1a: Marcher|Booster Energy\n|-activate|p1a: Marcher|ability: Protosynthesis|[fromitem]\n|-start|p1a: Marcher|protosynthesisspa\n|turn|7\n|\n|t:|1700973092\n|move|p2a: Cloyster|Icicle Spear|p1a: Marcher\n|-damage|p1a: Marcher|76\/100\n|-damage|p1a: Marcher|53\/100\n|-damage|p1a: Marcher|29\/100\n|-damage|p1a: Marcher|1\/100\n|-damage|p1a: Marcher|0 fnt\n|faint|p1a: Marcher\n|-end|p1a: Marcher|Protosynthesis|[silent]\n|-hitcount|p1: Marcher|5\n|\n|win|KHVN\n|raw|Dofla0110's rating: 1000 &rarr; <strong>1000<\/strong><br \/>(+0 for losing)\n|raw|KHVN's rating: 1077 &rarr; <strong>1099<\/strong><br \/>(+22 for winning)\n|l|\u2606Dofla0110\n","uploadtime":1700973105,"views":1,"p1id":"dofla0110","p2id":"khvn","formatid":"gen9ubers","rating":1000,"private":0,"password":""}