{"id":"gen9ubers-1995820589","p1":"oouganda","p2":"Seanketchum","format":"[Gen 9] Ubers","log":"|j|\u2606oouganda\n|j|\u2606Seanketchum\n|t:|1700606388\n|gametype|singles\n|player|p1|oouganda|ghetsis|1040\n|player|p2|Seanketchum|266|1103\n|teamsize|p1|6\n|teamsize|p2|6\n|gen|9\n|tier|[Gen 9] Ubers\n|rated|\n|rule|Sleep Clause Mod: Limit one foe put to sleep\n|rule|Species Clause: Limit one of each Pok\u00e9mon\n|rule|OHKO Clause: OHKO moves are banned\n|rule|Evasion Items Clause: Evasion items are banned\n|rule|Evasion Moves Clause: Evasion moves are banned\n|rule|Endless Battle Clause: Forcing endless battles is banned\n|rule|HP Percentage Mod: HP is shown in percentages\n|clearpoke\n|poke|p1|Landorus-Therian, M|\n|poke|p1|Zacian-*|\n|poke|p1|Weezing-Galar, M|\n|poke|p1|Kyogre|\n|poke|p1|Dragapult, F|\n|poke|p1|Wo-Chien|\n|poke|p2|Baxcalibur, F|\n|poke|p2|Espathra, M|\n|poke|p2|Garganacl, F|\n|poke|p2|Skeledirge, M|\n|poke|p2|Sneasler, M|\n|poke|p2|Flutter Mane|\n|teampreview\n|inactive|Battle timer is ON: inactive players will automatically lose when time's up. (requested by oouganda)\n|\n|t:|1700606417\n|start\n|switch|p1a: Landorus|Landorus-Therian, M|100\/100\n|switch|p2a: Baxcalibur|Baxcalibur, F|100\/100\n|-ability|p1a: Landorus|Intimidate|boost\n|-unboost|p2a: Baxcalibur|atk|1\n|turn|1\n|\n|t:|1700606425\n|move|p2a: Baxcalibur|Dragon Dance|p2a: Baxcalibur\n|-boost|p2a: Baxcalibur|atk|1\n|-boost|p2a: Baxcalibur|spe|1\n|move|p1a: Landorus|Stealth Rock|p2a: Baxcalibur\n|-sidestart|p2: Seanketchum|move: Stealth Rock\n|\n|upkeep\n|turn|2\n|\n|t:|1700606430\n|move|p2a: Baxcalibur|Dragon Dance|p2a: Baxcalibur\n|-boost|p2a: Baxcalibur|atk|1\n|-boost|p2a: Baxcalibur|spe|1\n|move|p1a: Landorus|Stealth Rock||[still]\n|-fail|p1a: Landorus\n|\n|upkeep\n|turn|3\n|\n|t:|1700606435\n|move|p2a: Baxcalibur|Dragon Dance|p2a: Baxcalibur\n|-boost|p2a: Baxcalibur|atk|1\n|-boost|p2a: Baxcalibur|spe|1\n|move|p1a: Landorus|Earthquake|p2a: Baxcalibur\n|-damage|p2a: Baxcalibur|48\/100\n|\n|upkeep\n|turn|4\n|\n|t:|1700606442\n|move|p2a: Baxcalibur|Icicle Spear|p1a: Landorus\n|-supereffective|p1a: Landorus\n|-enditem|p1a: Landorus|Focus Sash\n|-damage|p1a: Landorus|1\/100\n|-supereffective|p1a: Landorus\n|-damage|p1a: Landorus|0 fnt\n|faint|p1a: Landorus\n|-hitcount|p1: Landorus|2\n|\n|upkeep\n|\n|t:|1700606448\n|switch|p1a: Dragapult|Dragapult, F|100\/100\n|turn|5\n|\n|t:|1700606452\n|move|p1a: Dragapult|Sucker Punch|p2a: Baxcalibur\n|-damage|p2a: Baxcalibur|24\/100\n|move|p2a: Baxcalibur|Icicle Spear|p1a: Dragapult\n|-supereffective|p1a: Dragapult\n|-damage|p1a: Dragapult|19\/100\n|-supereffective|p1a: Dragapult\n|-damage|p1a: Dragapult|0 fnt\n|faint|p1a: Dragapult\n|-hitcount|p1: Dragapult|2\n|\n|upkeep\n|\n|t:|1700606460\n|switch|p1a: Weezing|Weezing-Galar, M|100\/100\n|-ability|p1a: Weezing|Neutralizing Gas\n|turn|6\n|\n|t:|1700606467\n|move|p1a: Weezing|Protect|p1a: Weezing\n|-singleturn|p1a: Weezing|Protect\n|move|p2a: Baxcalibur|Earthquake|p1a: Weezing\n|-activate|p1a: Weezing|move: Protect\n|\n|upkeep\n|turn|7\n|\n|t:|1700606471\n|move|p2a: Baxcalibur|Icicle Spear|p1a: Weezing\n|-damage|p1a: Weezing|72\/100\n|-damage|p1a: Weezing|44\/100\n|-damage|p1a: Weezing|17\/100\n|-damage|p1a: Weezing|0 fnt\n|faint|p1a: Weezing\n|-end|p1a: Weezing|ability: Neutralizing Gas\n|-hitcount|p1: Weezing|4\n|\n|upkeep\n|\n|t:|1700606477\n|switch|p1a: Kyogre|Kyogre|100\/100\n|-weather|RainDance|[from] ability: Drizzle|[of] p1a: Kyogre\n|turn|8\n|\n|t:|1700606485\n|move|p2a: Baxcalibur|Glaive Rush|p1a: Kyogre\n|-damage|p1a: Kyogre|0 fnt\n|-singlemove|p2a: Baxcalibur|Glaive Rush|[silent]\n|faint|p1a: Kyogre\n|\n|-weather|RainDance|[upkeep]\n|upkeep\n|\n|t:|1700606489\n|switch|p1a: Zacian|Zacian-Crowned|100\/100\n|-ability|p1a: Zacian|Intrepid Sword|boost\n|-boost|p1a: Zacian|atk|1\n|turn|9\n|c|\u2606Seanketchum|Gg wp\n|\n|t:|1700606498\n|-terastallize|p1a: Zacian|Steel\n|move|p2a: Baxcalibur|Earthquake|p1a: Zacian\n|-supereffective|p1a: Zacian\n|-damage|p1a: Zacian|0 fnt\n|faint|p1a: Zacian\n|\n|-weather|RainDance|[upkeep]\n|upkeep\n|\n|t:|1700606500\n|switch|p1a: Wo-Chien|Wo-Chien|100\/100\n|-ability|p1a: Wo-Chien|Tablets of Ruin\n|turn|10\n|\n|t:|1700606502\n|move|p2a: Baxcalibur|Icicle Spear|p1a: Wo-Chien\n|-supereffective|p1a: Wo-Chien\n|-damage|p1a: Wo-Chien|48\/100\n|-supereffective|p1a: Wo-Chien\n|-damage|p1a: Wo-Chien|0 fnt\n|faint|p1a: Wo-Chien\n|-hitcount|p1: Wo-Chien|2\n|\n|win|Seanketchum\n|raw|oouganda's rating: 1040 &rarr; <strong>1027<\/strong><br \/>(-13 for losing)\n|raw|Seanketchum's rating: 1103 &rarr; <strong>1124<\/strong><br \/>(+21 for winning)\n","uploadtime":1700606517,"views":11,"p1id":"oouganda","p2id":"seanketchum","formatid":"gen9ubers","rating":1027,"private":0,"password":""}