{"id":"gen9ubers-1969199709","p1":"EpicGamer069420","p2":"ananymous123213","format":"[Gen 9] Ubers","log":"|j|\u2606EpicGamer069420\n|j|\u2606ananymous123213\n|t:|1697499638\n|gametype|singles\n|player|p1|EpicGamer069420|lucas|1505\n|player|p2|ananymous123213|1|1492\n|teamsize|p1|6\n|teamsize|p2|6\n|gen|9\n|tier|[Gen 9] Ubers\n|rated|\n|rule|Sleep Clause Mod: Limit one foe put to sleep\n|rule|Species Clause: Limit one of each Pok\u00e9mon\n|rule|OHKO Clause: OHKO moves are banned\n|rule|Evasion Items Clause: Evasion items are banned\n|rule|Evasion Moves Clause: Evasion moves are banned\n|rule|Endless Battle Clause: Forcing endless battles is banned\n|rule|HP Percentage Mod: HP is shown in percentages\n|clearpoke\n|poke|p1|Gliscor, F|\n|poke|p1|Miraidon|\n|poke|p1|Koraidon|\n|poke|p1|Arceus|\n|poke|p1|Clodsire, F|\n|poke|p1|Flutter Mane|\n|poke|p2|Miraidon|\n|poke|p2|Koraidon|\n|poke|p2|Ting-Lu|\n|poke|p2|Arceus|\n|poke|p2|Skeledirge, F|\n|poke|p2|Zacian-*|\n|teampreview\n|inactive|Battle timer is ON: inactive players will automatically lose when time's up. (requested by EpicGamer069420)\n|\n|t:|1697499650\n|start\n|switch|p1a: Miraidon|Miraidon|100\/100\n|switch|p2a: Ting-Lu|Ting-Lu|100\/100\n|-fieldstart|move: Electric Terrain|[from] ability: Hadron Engine|[of] p1a: Miraidon\n|-ability|p2a: Ting-Lu|Vessel of Ruin\n|turn|1\n|\n|t:|1697499665\n|move|p1a: Miraidon|Taunt|p2a: Ting-Lu\n|-start|p2a: Ting-Lu|move: Taunt\n|cant|p2a: Ting-Lu|move: Taunt|Spikes\n|\n|upkeep\n|turn|2\n|\n|t:|1697499672\n|move|p1a: Miraidon|U-turn|p2a: Ting-Lu\n|-supereffective|p2a: Ting-Lu\n|-damage|p2a: Ting-Lu|85\/100\n|\n|t:|1697499675\n|switch|p1a: Gliscor|Gliscor, F|100\/100|[from] U-turn\n|move|p2a: Ting-Lu|Earthquake|p1a: Gliscor\n|-immune|p1a: Gliscor\n|\n|-heal|p2a: Ting-Lu|92\/100|[from] item: Leftovers\n|-status|p1a: Gliscor|tox|[from] item: Toxic Orb\n|upkeep\n|turn|3\n|\n|t:|1697499697\n|switch|p2a: Zacian|Zacian-Crowned|100\/100\n|-ability|p2a: Zacian|Intrepid Sword|boost\n|-boost|p2a: Zacian|atk|1\n|move|p1a: Gliscor|Spikes|p2a: Zacian\n|-sidestart|p2: ananymous123213|Spikes\n|\n|upkeep\n|turn|4\n|\n|t:|1697499706\n|move|p2a: Zacian|Swords Dance|p2a: Zacian\n|-boost|p2a: Zacian|atk|2\n|move|p1a: Gliscor|Earthquake|p2a: Zacian\n|-supereffective|p2a: Zacian\n|-damage|p2a: Zacian|30\/100\n|\n|upkeep\n|turn|5\n|\n|t:|1697499714\n|move|p2a: Zacian|Behemoth Blade|p1a: Gliscor\n|-damage|p1a: Gliscor|18\/100 tox\n|move|p1a: Gliscor|Earthquake|p2a: Zacian\n|-supereffective|p2a: Zacian\n|-damage|p2a: Zacian|0 fnt\n|faint|p2a: Zacian\n|\n|-heal|p1a: Gliscor|31\/100 tox|[from] ability: Poison Heal\n|-fieldend|move: Electric Terrain\n|upkeep\n|\n|t:|1697499728\n|switch|p2a: Arceus|Arceus|100\/100\n|turn|6\n|\n|t:|1697499734\n|move|p2a: Arceus|Extreme Speed|p1a: Gliscor\n|-damage|p1a: Gliscor|6\/100 tox\n|move|p1a: Gliscor|Toxic|p2a: Arceus\n|-status|p2a: Arceus|tox\n|\n|-damage|p2a: Arceus|94\/100 tox|[from] psn\n|-heal|p1a: Gliscor|19\/100 tox|[from] ability: Poison Heal\n|upkeep\n|turn|7\n|\n|t:|1697499745\n|switch|p1a: Flutter Mane|Flutter Mane|100\/100\n|move|p2a: Arceus|Swords Dance|p2a: Arceus\n|-boost|p2a: Arceus|atk|2\n|\n|-damage|p2a: Arceus|82\/100 tox|[from] psn\n|upkeep\n|turn|8\n|\n|t:|1697499760\n|-end|p1a: Flutter Mane|Protosynthesis|[silent]\n|switch|p1a: Arceus|Arceus|100\/100\n|move|p2a: Arceus|Shadow Claw|p1a: Arceus\n|-immune|p1a: Arceus\n|\n|-damage|p2a: Arceus|64\/100 tox|[from] psn\n|upkeep\n|turn|9\n|\n|t:|1697499774\n|switch|p2a: Skeledirge|Skeledirge, F|100\/100\n|move|p1a: Arceus|Swords Dance|p1a: Arceus\n|-boost|p1a: Arceus|atk|2\n|\n|upkeep\n|turn|10\n|\n|t:|1697499782\n|move|p1a: Arceus|Taunt|p2a: Skeledirge\n|-start|p2a: Skeledirge|move: Taunt\n|move|p2a: Skeledirge|Torch Song|p1a: Arceus\n|-damage|p1a: Arceus|78\/100\n|-boost|p2a: Skeledirge|spa|1\n|\n|upkeep\n|turn|11\n|\n|t:|1697499790\n|switch|p1a: Clodsire|Clodsire, F|100\/100\n|move|p2a: Skeledirge|Torch Song|p1a: Clodsire\n|-damage|p1a: Clodsire|77\/100\n|-boost|p2a: Skeledirge|spa|1\n|\n|upkeep\n|turn|12\n|\n|t:|1697499803\n|switch|p2a: Arceus|Arceus|64\/100 tox\n|move|p1a: Clodsire|Toxic|p2a: Arceus\n|-fail|p2a: Arceus|tox\n|\n|-damage|p2a: Arceus|58\/100 tox|[from] psn\n|upkeep\n|turn|13\n|\n|t:|1697499822\n|switch|p1a: Arceus|Arceus|78\/100\n|move|p2a: Arceus|Recover|p2a: Arceus\n|-heal|p2a: Arceus|100\/100 tox\n|\n|-damage|p2a: Arceus|88\/100 tox|[from] psn\n|upkeep\n|turn|14\n|\n|t:|1697499837\n|switch|p1a: Gliscor|Gliscor, F|19\/100 tox\n|switch|p2a: Koraidon|Koraidon|100\/100\n|-damage|p2a: Koraidon|88\/100|[from] Spikes\n|-weather|SunnyDay|[from] ability: Orichalcum Pulse|[of] p2a: Koraidon\n|-activate|p2a: Koraidon|Orichalcum Pulse|[source]\n|\n|-weather|SunnyDay|[upkeep]\n|-heal|p1a: Gliscor|31\/100 tox|[from] ability: Poison Heal\n|upkeep\n|turn|15\n|\n|t:|1697499848\n|move|p1a: Gliscor|Protect|p1a: Gliscor\n|-singleturn|p1a: Gliscor|Protect\n|move|p2a: Koraidon|Flare Blitz|p1a: Gliscor\n|-activate|p1a: Gliscor|move: Protect\n|\n|-weather|SunnyDay|[upkeep]\n|-heal|p1a: Gliscor|44\/100 tox|[from] ability: Poison Heal\n|upkeep\n|turn|16\n|\n|t:|1697499876\n|switch|p1a: Koraidon|Koraidon|100\/100\n|-activate|p1a: Koraidon|ability: Orichalcum Pulse\n|move|p2a: Koraidon|Scale Shot|p1a: Koraidon\n|-supereffective|p1a: Koraidon\n|-damage|p1a: Koraidon|69\/100\n|-supereffective|p1a: Koraidon\n|-damage|p1a: Koraidon|37\/100\n|-supereffective|p1a: Koraidon\n|-damage|p1a: Koraidon|3\/100\n|-supereffective|p1a: Koraidon\n|-damage|p1a: Koraidon|0 fnt\n|faint|p1a: Koraidon\n|-hitcount|p1: Koraidon|4\n|-unboost|p2a: Koraidon|def|1\n|-boost|p2a: Koraidon|spe|1\n|\n|-weather|SunnyDay|[upkeep]\n|upkeep\n|\n|t:|1697499886\n|switch|p1a: Flutter Mane|Flutter Mane|100\/100\n|-activate|p1a: Flutter Mane|ability: Protosynthesis\n|-start|p1a: Flutter Mane|protosynthesisspe\n|turn|17\n|\n|t:|1697499896\n|-terastallize|p2a: Koraidon|Fire\n|move|p1a: Flutter Mane|Moonblast|p2a: Koraidon\n|-resisted|p2a: Koraidon\n|-damage|p2a: Koraidon|49\/100\n|move|p2a: Koraidon|Flare Blitz|p1a: Flutter Mane\n|-damage|p1a: Flutter Mane|0 fnt\n|faint|p1a: Flutter Mane\n|-end|p1a: Flutter Mane|Protosynthesis|[silent]\n|-damage|p2a: Koraidon|25\/100|[from] Recoil\n|\n|-weather|SunnyDay|[upkeep]\n|upkeep\n|\n|t:|1697499907\n|switch|p1a: Arceus|Arceus|78\/100\n|turn|18\n|\n|t:|1697499912\n|switch|p2a: Skeledirge|Skeledirge, F|100\/100\n|-terastallize|p1a: Arceus|Ghost\n|move|p1a: Arceus|Shadow Claw|p2a: Skeledirge\n|-supereffective|p2a: Skeledirge\n|-damage|p2a: Skeledirge|53\/100\n|\n|-weather|none\n|upkeep\n|turn|19\n|\n|t:|1697499920\n|move|p1a: Arceus|Taunt|p2a: Skeledirge\n|-start|p2a: Skeledirge|move: Taunt\n|cant|p2a: Skeledirge|move: Taunt|Slack Off\n|\n|upkeep\n|turn|20\n|\n|t:|1697499930\n|move|p1a: Arceus|Swords Dance|p1a: Arceus\n|-boost|p1a: Arceus|atk|2\n|move|p2a: Skeledirge|Hex|p1a: Arceus\n|-supereffective|p1a: Arceus\n|-damage|p1a: Arceus|43\/100\n|\n|upkeep\n|turn|21\n|\n|t:|1697499936\n|move|p1a: Arceus|Shadow Claw|p2a: Skeledirge\n|-supereffective|p2a: Skeledirge\n|-damage|p2a: Skeledirge|8\/100\n|move|p2a: Skeledirge|Hex|p1a: Arceus\n|-supereffective|p1a: Arceus\n|-damage|p1a: Arceus|11\/100\n|\n|-end|p2a: Skeledirge|move: Taunt\n|upkeep\n|turn|22\n|\n|t:|1697499946\n|move|p1a: Arceus|Shadow Claw|p2a: Skeledirge\n|-supereffective|p2a: Skeledirge\n|-damage|p2a: Skeledirge|0 fnt\n|faint|p2a: Skeledirge\n|\n|upkeep\n|\n|t:|1697499958\n|switch|p2a: Miraidon|Miraidon|100\/100\n|-damage|p2a: Miraidon|88\/100|[from] Spikes\n|-fieldstart|move: Electric Terrain|[from] ability: Hadron Engine|[of] p2a: Miraidon\n|turn|23\n|\n|t:|1697499969\n|move|p1a: Arceus|Extreme Speed|p2a: Miraidon\n|-damage|p2a: Miraidon|0 fnt\n|faint|p2a: Miraidon\n|\n|upkeep\n|\n|t:|1697499975\n|switch|p2a: Arceus|Arceus|88\/100 tox\n|turn|24\n|\n|t:|1697499979\n|move|p1a: Arceus|Extreme Speed|p2a: Arceus\n|-damage|p2a: Arceus|20\/100 tox\n|move|p2a: Arceus|Shadow Claw|p1a: Arceus\n|-supereffective|p1a: Arceus\n|-damage|p1a: Arceus|0 fnt\n|faint|p1a: Arceus\n|\n|-damage|p2a: Arceus|14\/100 tox|[from] psn\n|upkeep\n|\n|t:|1697499991\n|switch|p1a: Gliscor|Gliscor, F|44\/100 tox\n|turn|25\n|j| hyhguu\n|\n|t:|1697499995\n|move|p2a: Arceus|Recover|p2a: Arceus\n|-heal|p2a: Arceus|64\/100 tox\n|move|p1a: Gliscor|Earthquake|p2a: Arceus\n|-damage|p2a: Arceus|41\/100 tox\n|\n|-damage|p2a: Arceus|29\/100 tox|[from] psn\n|-heal|p1a: Gliscor|56\/100 tox|[from] ability: Poison Heal\n|upkeep\n|turn|26\n|\n|t:|1697500005\n|switch|p2a: Koraidon|Koraidon, tera:Fire|25\/100\n|-damage|p2a: Koraidon|13\/100|[from] Spikes\n|-weather|SunnyDay|[from] ability: Orichalcum Pulse|[of] p2a: Koraidon\n|-activate|p2a: Koraidon|Orichalcum Pulse|[source]\n|move|p1a: Gliscor|Spikes|p2a: Koraidon\n|-sidestart|p2: ananymous123213|Spikes\n|\n|-weather|SunnyDay|[upkeep]\n|-heal|p1a: Gliscor|69\/100 tox|[from] ability: Poison Heal\n|upkeep\n|turn|27\n|\n|t:|1697500014\n|move|p1a: Gliscor|Protect|p1a: Gliscor\n|-singleturn|p1a: Gliscor|Protect\n|move|p2a: Koraidon|Scale Shot|p1a: Gliscor\n|-activate|p1a: Gliscor|move: Protect\n|\n|-weather|SunnyDay|[upkeep]\n|-heal|p1a: Gliscor|81\/100 tox|[from] ability: Poison Heal\n|-fieldend|move: Electric Terrain\n|upkeep\n|turn|28\n|\n|t:|1697500021\n|move|p2a: Koraidon|Scale Shot|p1a: Gliscor\n|-damage|p1a: Gliscor|72\/100 tox\n|-damage|p1a: Gliscor|61\/100 tox\n|-damage|p1a: Gliscor|51\/100 tox\n|-damage|p1a: Gliscor|41\/100 tox\n|-damage|p1a: Gliscor|29\/100 tox\n|-hitcount|p1a: Gliscor|5\n|-unboost|p2a: Koraidon|def|1\n|-boost|p2a: Koraidon|spe|1\n|move|p1a: Gliscor|Earthquake|p2a: Koraidon\n|-supereffective|p2a: Koraidon\n|-damage|p2a: Koraidon|0 fnt\n|faint|p2a: Koraidon\n|\n|-weather|SunnyDay|[upkeep]\n|-heal|p1a: Gliscor|42\/100 tox|[from] ability: Poison Heal\n|upkeep\n|\n|t:|1697500036\n|switch|p2a: Arceus|Arceus|29\/100 tox\n|turn|29\n|\n|t:|1697500040\n|move|p2a: Arceus|Recover|p2a: Arceus\n|-heal|p2a: Arceus|79\/100 tox\n|move|p1a: Gliscor|Earthquake|p2a: Arceus\n|-damage|p2a: Arceus|59\/100 tox\n|\n|-weather|SunnyDay|[upkeep]\n|-damage|p2a: Arceus|53\/100 tox|[from] psn\n|-heal|p1a: Gliscor|54\/100 tox|[from] ability: Poison Heal\n|upkeep\n|turn|30\n|\n|t:|1697500048\n|switch|p2a: Ting-Lu|Ting-Lu|92\/100\n|-damage|p2a: Ting-Lu|75\/100|[from] Spikes\n|-ability|p2a: Ting-Lu|Vessel of Ruin\n|move|p1a: Gliscor|Earthquake|p2a: Ting-Lu\n|-damage|p2a: Ting-Lu|57\/100\n|\n|-weather|none\n|-heal|p2a: Ting-Lu|64\/100|[from] item: Leftovers\n|-heal|p1a: Gliscor|67\/100 tox|[from] ability: Poison Heal\n|upkeep\n|turn|31\n|\n|t:|1697500059\n|move|p1a: Gliscor|Spikes|p2a: Ting-Lu\n|-sidestart|p2: ananymous123213|Spikes\n|move|p2a: Ting-Lu|Spikes|p1a: Gliscor\n|-sidestart|p1: EpicGamer069420|Spikes\n|\n|-heal|p2a: Ting-Lu|70\/100|[from] item: Leftovers\n|-heal|p1a: Gliscor|79\/100 tox|[from] ability: Poison Heal\n|upkeep\n|turn|32\n|\n|t:|1697500065\n|move|p1a: Gliscor|Toxic|p2a: Ting-Lu\n|-status|p2a: Ting-Lu|tox\n|move|p2a: Ting-Lu|Spikes|p1a: Gliscor\n|-sidestart|p1: EpicGamer069420|Spikes\n|\n|-heal|p2a: Ting-Lu|76\/100 tox|[from] item: Leftovers\n|-heal|p1a: Gliscor|92\/100 tox|[from] ability: Poison Heal\n|-damage|p2a: Ting-Lu|70\/100 tox|[from] psn\n|upkeep\n|turn|33\n|\n|t:|1697500074\n|move|p1a: Gliscor|Earthquake|p2a: Ting-Lu\n|-damage|p2a: Ting-Lu|52\/100 tox\n|move|p2a: Ting-Lu|Spikes|p1a: Gliscor\n|-sidestart|p1: EpicGamer069420|Spikes\n|\n|-heal|p2a: Ting-Lu|58\/100 tox|[from] item: Leftovers\n|-heal|p1a: Gliscor|100\/100 tox|[from] ability: Poison Heal\n|-damage|p2a: Ting-Lu|45\/100 tox|[from] psn\n|upkeep\n|turn|34\n|c|\u2606EpicGamer069420|idk how to tell you this but\n|c|\u2606EpicGamer069420|both my other mons are boots\n|\n|t:|1697500091\n|move|p1a: Gliscor|Earthquake|p2a: Ting-Lu\n|-damage|p2a: Ting-Lu|27\/100 tox\n|move|p2a: Ting-Lu|Ruination|p1a: Gliscor\n|-damage|p1a: Gliscor|50\/100 tox\n|\n|-heal|p2a: Ting-Lu|33\/100 tox|[from] item: Leftovers\n|-heal|p1a: Gliscor|63\/100 tox|[from] ability: Poison Heal\n|-damage|p2a: Ting-Lu|15\/100 tox|[from] psn\n|upkeep\n|turn|35\n|\n|t:|1697500101\n|move|p1a: Gliscor|Earthquake|p2a: Ting-Lu\n|-damage|p2a: Ting-Lu|0 fnt\n|faint|p2a: Ting-Lu\n|\n|-heal|p1a: Gliscor|75\/100 tox|[from] ability: Poison Heal\n|upkeep\n|\n|t:|1697500106\n|switch|p2a: Arceus|Arceus|53\/100 tox\n|turn|36\n|\n|t:|1697500112\n|move|p2a: Arceus|Swords Dance|p2a: Arceus\n|-boost|p2a: Arceus|atk|2\n|move|p1a: Gliscor|Earthquake|p2a: Arceus\n|-damage|p2a: Arceus|32\/100 tox\n|\n|-damage|p2a: Arceus|25\/100 tox|[from] psn\n|-heal|p1a: Gliscor|88\/100 tox|[from] ability: Poison Heal\n|upkeep\n|turn|37\n|\n|t:|1697500121\n|move|p2a: Arceus|Recover|p2a: Arceus\n|-heal|p2a: Arceus|75\/100 tox\n|move|p1a: Gliscor|Earthquake|p2a: Arceus\n|-damage|p2a: Arceus|53\/100 tox\n|\n|-damage|p2a: Arceus|40\/100 tox|[from] psn\n|-heal|p1a: Gliscor|100\/100 tox|[from] ability: Poison Heal\n|upkeep\n|turn|38\n|\n|t:|1697500133\n|move|p2a: Arceus|Extreme Speed|p1a: Gliscor\n|-damage|p1a: Gliscor|49\/100 tox\n|move|p1a: Gliscor|Earthquake|p2a: Arceus\n|-damage|p2a: Arceus|18\/100 tox\n|\n|-damage|p2a: Arceus|0 fnt|[from] psn\n|faint|p2a: Arceus\n|\n|win|EpicGamer069420\n|upkeep\n|raw|EpicGamer069420's rating: 1505 &rarr; <strong>1524<\/strong><br \/>(+19 for winning)\n|raw|ananymous123213's rating: 1492 &rarr; <strong>1473<\/strong><br \/>(-19 for losing)\n|l|\u2606ananymous123213\n|l| hyhguu\n","uploadtime":1697500152,"views":7,"p1id":"epicgamer069420","p2id":"ananymous123213","formatid":"gen9ubers","rating":1473,"private":0,"password":""}